{"id":"gen9doublesou-1968919090","p1":"Medasus","p2":"Tserulean","format":"[Gen 9] Doubles OU","log":"|j|\u2606Medasus\n|j|\u2606Tserulean\n|t:|1697475426\n|gametype|doubles\n|player|p1|Medasus|steven|1000\n|player|p2|Tserulean|hilda|1080\n|teamsize|p1|6\n|teamsize|p2|6\n|gen|9\n|tier|[Gen 9] Doubles OU\n|rated|\n|rule|Species Clause: Limit one of each Pok\u00e9mon\n|rule|OHKO Clause: OHKO moves are banned\n|rule|Evasion Moves Clause: Evasion moves are banned\n|rule|Gravity Sleep Clause: The combination of sleep-inducing moves with imperfect accuracy and Gravity or Gigantamax Orbeetle are banned\n|rule|Endless Battle Clause: Forcing endless battles is banned\n|rule|HP Percentage Mod: HP is shown in percentages\n|clearpoke\n|poke|p1|Ursaluna-Bloodmoon, M|\n|poke|p1|Dusclops, F|\n|poke|p1|Ogerpon-Hearthflame, F|\n|poke|p1|Sinistcha|\n|poke|p1|Iron Hands|\n|poke|p1|Rillaboom, M|\n|poke|p2|Pelipper, M|\n|poke|p2|Volcanion|\n|poke|p2|Basculegion, M|\n|poke|p2|Tornadus, M|\n|poke|p2|Amoonguss, M|\n|poke|p2|Ogerpon-Wellspring, F|\n|teampreview\n|inactive|Battle timer is ON: inactive players will automatically lose when time's up. (requested by Medasus)\n|\n|t:|1697475431\n|start\n|switch|p1a: Dusclops|Dusclops, F|100\/100\n|switch|p1b: Ursaluna|Ursaluna-Bloodmoon, M|100\/100\n|switch|p2a: Pelipper|Pelipper, M|100\/100\n|switch|p2b: Ogerpon|Ogerpon-Wellspring, F|100\/100\n|-weather|RainDance|[from] ability: Drizzle|[of] p2a: Pelipper\n|-ability|p1a: Dusclops|Pressure\n|turn|1\n|\n|t:|1697475446\n|move|p1b: Ursaluna|Protect|p1b: Ursaluna\n|-singleturn|p1b: Ursaluna|Protect\n|move|p2b: Ogerpon|Swords Dance|p2b: Ogerpon\n|-boost|p2b: Ogerpon|atk|2\n|move|p2a: Pelipper|U-turn|p1a: Dusclops\n|-resisted|p1a: Dusclops\n|-damage|p1a: Dusclops|96\/100\n|\n|t:|1697475452\n|switch|p2a: Tornadus|Tornadus, M|100\/100|[from] U-turn\n|move|p1a: Dusclops|Trick Room|p1a: Dusclops\n|-fieldstart|move: Trick Room|[of] p1a: Dusclops\n|\n|-weather|RainDance|[upkeep]\n|upkeep\n|turn|2\n|\n|t:|1697475465\n|-terastallize|p1b: Ursaluna|Ghost\n|move|p2a: Tornadus|Protect|p2a: Tornadus\n|-singleturn|p2a: Tornadus|Protect\n|move|p1a: Dusclops|Fling|p1b: Ursaluna\n|-supereffective|p1b: Ursaluna\n|-damage|p1b: Ursaluna|98\/100\n|-boost|p1b: Ursaluna|spa|1|[from] item: Petaya Berry\n|-enditem|p1b: Ursaluna|Weakness Policy\n|-boost|p1b: Ursaluna|atk|2|[from] item: Weakness Policy\n|-boost|p1b: Ursaluna|spa|2|[from] item: Weakness Policy\n|-enditem|p1a: Dusclops|Petaya Berry|[from] move: Fling\n|move|p1b: Ursaluna|Hyper Voice|p2a: Tornadus|[spread] p2b\n|-activate|p2a: Tornadus|move: Protect\n|-damage|p2b: Ogerpon|0 fnt\n|faint|p2b: Ogerpon\n|\n|-weather|RainDance|[upkeep]\n|upkeep\n|\n|t:|1697475485\n|switch|p2b: Amoonguss|Amoonguss, M|100\/100\n|turn|3\n|\n|t:|1697475513\n|move|p2b: Amoonguss|Protect|p2b: Amoonguss\n|-singleturn|p2b: Amoonguss|Protect\n|move|p1a: Dusclops|Will-O-Wisp|p2a: Tornadus\n|-status|p2a: Tornadus|brn\n|move|p1b: Ursaluna|Hyper Voice|p2a: Tornadus|[spread] p2a\n|-activate|p2b: Amoonguss|move: Protect\n|-damage|p2a: Tornadus|0 fnt\n|faint|p2a: Tornadus\n|\n|-weather|RainDance|[upkeep]\n|upkeep\n|\n|t:|1697475525\n|switch|p2a: Volcanion|Volcanion|100\/100\n|turn|4\n|\n|t:|1697475535\n|move|p2a: Volcanion|Protect|p2a: Volcanion\n|-singleturn|p2a: Volcanion|Protect\n|move|p1a: Dusclops|Will-O-Wisp|p2b: Amoonguss\n|-status|p2b: Amoonguss|brn\n|move|p2b: Amoonguss|Spore|p1b: Ursaluna\n|-status|p1b: Ursaluna|slp|[from] move: Spore\n|cant|p1b: Ursaluna|slp\n|\n|-weather|RainDance|[upkeep]\n|-damage|p2b: Amoonguss|94\/100 brn|[from] brn\n|upkeep\n|turn|5\n|inactive|Medasus has 120 seconds left.\n|\n|t:|1697475588\n|switch|p1a: Sinistcha|Sinistcha|100\/100\n|-heal|p1b: Ursaluna|100\/100 slp|[from] ability: Hospitality|[of] p1a: Sinistcha\n|move|p2b: Amoonguss|Rage Powder|p2b: Amoonguss\n|-singleturn|p2b: Amoonguss|move: Rage Powder\n|cant|p1b: Ursaluna|slp\n|move|p2a: Volcanion|Steam Eruption|p1a: Sinistcha\n|-resisted|p1a: Sinistcha\n|-damage|p1a: Sinistcha|53\/100\n|\n|-weather|RainDance|[upkeep]\n|-heal|p1a: Sinistcha|59\/100|[from] item: Leftovers\n|-damage|p2b: Amoonguss|88\/100 brn|[from] brn\n|-fieldend|move: Trick Room\n|upkeep\n|turn|6\n|inactive|Medasus has 120 seconds left.\n|inactive|Tserulean has 120 seconds left.\n|\n|t:|1697475622\n|move|p1a: Sinistcha|Rage Powder|p1a: Sinistcha\n|-singleturn|p1a: Sinistcha|move: Rage Powder\n|move|p2b: Amoonguss|Rage Powder|p2b: Amoonguss\n|-singleturn|p2b: Amoonguss|move: Rage Powder\n|move|p2a: Volcanion|Steam Eruption|p1a: Sinistcha\n|-resisted|p1a: Sinistcha\n|-damage|p1a: Sinistcha|5\/100\n|-status|p1a: Sinistcha|brn\n|cant|p1b: Ursaluna|slp\n|\n|-weather|RainDance|[upkeep]\n|-heal|p1a: Sinistcha|11\/100 brn|[from] item: Leftovers\n|-damage|p1a: Sinistcha|5\/100 brn|[from] brn\n|-damage|p2b: Amoonguss|82\/100 brn|[from] brn\n|upkeep\n|turn|7\n|inactive|Medasus has 120 seconds left.\n|\n|t:|1697475638\n|move|p2a: Volcanion|Protect|p2a: Volcanion\n|-singleturn|p2a: Volcanion|Protect\n|move|p2b: Amoonguss|Protect|p2b: Amoonguss\n|-singleturn|p2b: Amoonguss|Protect\n|move|p1a: Sinistcha|Rage Powder|p1a: Sinistcha\n|-singleturn|p1a: Sinistcha|move: Rage Powder\n|-curestatus|p1b: Ursaluna|slp|[msg]\n|move|p1b: Ursaluna|Hyper Voice|p2a: Volcanion|[spread] \n|-activate|p2a: Volcanion|move: Protect\n|-activate|p2b: Amoonguss|move: Protect\n|\n|-weather|RainDance|[upkeep]\n|-heal|p1a: Sinistcha|11\/100 brn|[from] item: Leftovers\n|-damage|p1a: Sinistcha|5\/100 brn|[from] brn\n|-damage|p2b: Amoonguss|76\/100 brn|[from] brn\n|upkeep\n|turn|8\n|\n|t:|1697475657\n|move|p1a: Sinistcha|Rage Powder|p1a: Sinistcha\n|-singleturn|p1a: Sinistcha|move: Rage Powder\n|move|p2a: Volcanion|Steam Eruption|p1a: Sinistcha\n|-resisted|p1a: Sinistcha\n|-damage|p1a: Sinistcha|0 fnt\n|faint|p1a: Sinistcha\n|move|p1b: Ursaluna|Hyper Voice|p2b: Amoonguss|[spread] p2a,p2b\n|-damage|p2a: Volcanion|0 fnt\n|-damage|p2b: Amoonguss|0 fnt\n|faint|p2a: Volcanion\n|faint|p2b: Amoonguss\n|\n|-weather|none\n|upkeep\n|\n|t:|1697475669\n|switch|p2a: Pelipper|Pelipper, M|100\/100\n|switch|p1a: Rillaboom|Rillaboom, M|100\/100\n|switch|p2b: Basculegion|Basculegion, M|100\/100\n|-fieldstart|move: Grassy Terrain|[from] ability: Grassy Surge|[of] p1a: Rillaboom\n|-enditem|p1a: Rillaboom|Grassy Seed\n|-boost|p1a: Rillaboom|def|1|[from] item: Grassy Seed\n|-weather|RainDance|[from] ability: Drizzle|[of] p2a: Pelipper\n|turn|9\n|\n|t:|1697475686\n|move|p1b: Ursaluna|Protect|p1b: Ursaluna\n|-singleturn|p1b: Ursaluna|Protect\n|move|p1a: Rillaboom|Grassy Glide|p2b: Basculegion\n|-supereffective|p2b: Basculegion\n|-damage|p2b: Basculegion|0 fnt\n|faint|p2b: Basculegion\n|move|p2a: Pelipper|Hurricane|p1a: Rillaboom\n|-supereffective|p1a: Rillaboom\n|-damage|p1a: Rillaboom|26\/100\n|\n|-weather|RainDance|[upkeep]\n|-heal|p1a: Rillaboom|32\/100|[from] Grassy Terrain\n|upkeep\n|turn|10\n|c|\u2606Tserulean|GGs\n|-message|Tserulean forfeited.\n|\n|win|Medasus\n|raw|Medasus's rating: 1000 &rarr; <strong>1049<\/strong><br \/>(+49 for winning)\n|raw|Tserulean's rating: 1080 &rarr; <strong>1053<\/strong><br \/>(-27 for losing)\n|l|\u2606Tserulean\n|c|\u2606Medasus|gg\n","uploadtime":1697475709,"views":6,"p1id":"medasus","p2id":"tserulean","formatid":"gen9doublesou","rating":1049,"private":0,"password":""}