{"id":"gen9doublesou-1985348445","p1":"mauriciopateacaras","p2":"TheNameIsDill","format":"[Gen 9] Doubles OU","log":"|j|\u2606mauriciopateacaras\n|j|\u2606TheNameIsDill\n|t:|1699366948\n|gametype|doubles\n|player|p1|mauriciopateacaras|allister|1214\n|player|p2|TheNameIsDill|unknown|1197\n|teamsize|p1|6\n|teamsize|p2|6\n|gen|9\n|tier|[Gen 9] Doubles OU\n|rated|\n|rule|Species Clause: Limit one of each Pok\u00e9mon\n|rule|OHKO Clause: OHKO moves are banned\n|rule|Evasion Moves Clause: Evasion moves are banned\n|rule|Gravity Sleep Clause: The combination of sleep-inducing moves with imperfect accuracy and Gravity or Gigantamax Orbeetle are banned\n|rule|Endless Battle Clause: Forcing endless battles is banned\n|rule|HP Percentage Mod: HP is shown in percentages\n|clearpoke\n|poke|p1|Snorlax, M|\n|poke|p1|Sinistcha|\n|poke|p1|Iron Hands|\n|poke|p1|Landorus-Therian, M|\n|poke|p1|Clefairy, F|\n|poke|p1|Kommo-o, M|\n|poke|p2|Sinistcha-Masterpiece|\n|poke|p2|Chi-Yu|\n|poke|p2|Amoonguss, M|\n|poke|p2|Cresselia, F|\n|poke|p2|Flutter Mane|\n|poke|p2|Gholdengo|\n|teampreview\n|inactive|Battle timer is ON: inactive players will automatically lose when time's up. (requested by TheNameIsDill)\n|\n|t:|1699366971\n|start\n|switch|p1a: Kommo-o|Kommo-o, M|100\/100\n|switch|p1b: Clefairy|Clefairy, F|100\/100\n|switch|p2a: Flutter Mane|Flutter Mane|100\/100\n|switch|p2b: Cresselia|Cresselia, F|100\/100\n|-enditem|p2a: Flutter Mane|Booster Energy\n|-activate|p2a: Flutter Mane|ability: Protosynthesis|[fromitem]\n|-start|p2a: Flutter Mane|protosynthesisspe\n|turn|1\n|\n|t:|1699366988\n|move|p2b: Cresselia|Helping Hand|p2a: Flutter Mane\n|-singleturn|p2a: Flutter Mane|Helping Hand|[of] p2b: Cresselia\n|move|p1b: Clefairy|Follow Me|p1b: Clefairy\n|-singleturn|p1b: Clefairy|move: Follow Me\n|move|p2a: Flutter Mane|Dazzling Gleam|p1a: Kommo-o|[spread] p1a,p1b\n|-supereffective|p1a: Kommo-o\n|-damage|p1a: Kommo-o|0 fnt\n|-damage|p1b: Clefairy|58\/100\n|faint|p1a: Kommo-o\n|\n|upkeep\n|\n|t:|1699366996\n|switch|p1a: Snorlax|Snorlax, M|100\/100\n|turn|2\n|\n|t:|1699367002\n|move|p2b: Cresselia|Helping Hand|p2a: Flutter Mane\n|-singleturn|p2a: Flutter Mane|Helping Hand|[of] p2b: Cresselia\n|move|p1b: Clefairy|Protect|p1b: Clefairy\n|-singleturn|p1b: Clefairy|Protect\n|move|p2a: Flutter Mane|Dazzling Gleam|p1a: Snorlax|[spread] p1a\n|-activate|p1b: Clefairy|move: Protect\n|-damage|p1a: Snorlax|78\/100\n|move|p1a: Snorlax|Belly Drum|p1a: Snorlax\n|-damage|p1a: Snorlax|28\/100\n|-setboost|p1a: Snorlax|atk|6|[from] move: Belly Drum\n|-enditem|p1a: Snorlax|Sitrus Berry|[eat]\n|-heal|p1a: Snorlax|53\/100|[from] item: Sitrus Berry\n|\n|upkeep\n|turn|3\n|\n|t:|1699367023\n|switch|p1b: Sinistcha|Sinistcha|100\/100\n|-heal|p1a: Snorlax|77\/100|[from] ability: Hospitality|[of] p1b: Sinistcha\n|move|p2b: Cresselia|Helping Hand|p2a: Flutter Mane\n|-singleturn|p2a: Flutter Mane|Helping Hand|[of] p2b: Cresselia\n|move|p2a: Flutter Mane|Dazzling Gleam|p1b: Sinistcha|[spread] p1a,p1b\n|-crit|p1a: Snorlax\n|-damage|p1a: Snorlax|28\/100\n|-damage|p1b: Sinistcha|56\/100\n|move|p1a: Snorlax|High Horsepower|p2a: Flutter Mane\n|-damage|p2a: Flutter Mane|0 fnt\n|faint|p2a: Flutter Mane\n|-end|p2a: Flutter Mane|Protosynthesis|[silent]\n|\n|upkeep\n|\n|t:|1699367043\n|switch|p2a: Chi-Yu|Chi-Yu|100\/100\n|-ability|p2a: Chi-Yu|Beads of Ruin\n|turn|4\n|\n|t:|1699367060\n|switch|p1b: Clefairy|Clefairy, F|58\/100\n|move|p2b: Cresselia|Helping Hand|p2a: Chi-Yu\n|-singleturn|p2a: Chi-Yu|Helping Hand|[of] p2b: Cresselia\n|move|p1a: Snorlax|Protect|p1a: Snorlax\n|-singleturn|p1a: Snorlax|Protect\n|move|p2a: Chi-Yu|Heat Wave|p1b: Clefairy|[spread] p1b\n|-activate|p1a: Snorlax|move: Protect\n|-damage|p1b: Clefairy|0 fnt\n|faint|p1b: Clefairy\n|-damage|p2a: Chi-Yu|91\/100|[from] item: Life Orb\n|\n|upkeep\n|inactive|mauriciopateacaras has 120 seconds left.\n|\n|t:|1699367081\n|switch|p1b: Iron Hands|Iron Hands|100\/100\n|turn|5\n|\n|t:|1699367096\n|move|p2a: Chi-Yu|Protect|p2a: Chi-Yu\n|-singleturn|p2a: Chi-Yu|Protect\n|move|p1b: Iron Hands|Fake Out|p2a: Chi-Yu\n|-activate|p2a: Chi-Yu|move: Protect\n|move|p2b: Cresselia|Lunar Blessing|p2b: Cresselia|[spread] p2a,p2b\n|-heal|p2a: Chi-Yu|100\/100\n|move|p1a: Snorlax|Facade|p2a: Chi-Yu\n|-activate|p2a: Chi-Yu|move: Protect\n|\n|upkeep\n|turn|6\n|\n|t:|1699367111\n|-end|p1b: Iron Hands|Quark Drive|[silent]\n|switch|p1b: Sinistcha|Sinistcha|56\/100\n|-heal|p1a: Snorlax|53\/100|[from] ability: Hospitality|[of] p1b: Sinistcha\n|move|p2b: Cresselia|Helping Hand|p2a: Chi-Yu\n|-singleturn|p2a: Chi-Yu|Helping Hand|[of] p2b: Cresselia\n|move|p1a: Snorlax|Protect|p1a: Snorlax\n|-singleturn|p1a: Snorlax|Protect\n|move|p2a: Chi-Yu|Heat Wave|p1a: Snorlax|[spread] p1b\n|-activate|p1a: Snorlax|move: Protect\n|-supereffective|p1b: Sinistcha\n|-damage|p1b: Sinistcha|0 fnt\n|faint|p1b: Sinistcha\n|-damage|p2a: Chi-Yu|91\/100|[from] item: Life Orb\n|\n|upkeep\n|\n|t:|1699367125\n|switch|p1b: Landorus|Landorus-Therian, M|100\/100\n|-ability|p1b: Landorus|Intimidate|boost\n|-unboost|p2a: Chi-Yu|atk|1\n|-unboost|p2b: Cresselia|atk|1\n|turn|7\n|\n|t:|1699367145\n|move|p2a: Chi-Yu|Protect|p2a: Chi-Yu\n|-singleturn|p2a: Chi-Yu|Protect\n|move|p1b: Landorus|Stomping Tantrum|p2a: Chi-Yu\n|-activate|p2a: Chi-Yu|move: Protect\n|move|p2b: Cresselia|Lunar Blessing|p2b: Cresselia|[spread] p2a,p2b\n|-heal|p2a: Chi-Yu|100\/100\n|move|p1a: Snorlax|Facade|p2b: Cresselia\n|-damage|p2b: Cresselia|21\/100\n|-enditem|p2b: Cresselia|Sitrus Berry|[eat]\n|-heal|p2b: Cresselia|46\/100|[from] item: Sitrus Berry\n|\n|upkeep\n|turn|8\n|\n|t:|1699367162\n|move|p2b: Cresselia|Helping Hand|p2a: Chi-Yu\n|-singleturn|p2a: Chi-Yu|Helping Hand|[of] p2b: Cresselia\n|move|p1b: Landorus|Stomping Tantrum|p2a: Chi-Yu\n|-supereffective|p2a: Chi-Yu\n|-damage|p2a: Chi-Yu|0 fnt\n|faint|p2a: Chi-Yu\n|move|p1a: Snorlax|Facade|p2b: Cresselia\n|-damage|p2b: Cresselia|0 fnt\n|faint|p2b: Cresselia\n|\n|upkeep\n|\n|t:|1699367176\n|switch|p2a: Sinistcha|Sinistcha-Masterpiece|100\/100\n|switch|p2b: Amoonguss|Amoonguss, M|100\/100\n|turn|9\n|\n|t:|1699367188\n|switch|p1b: Iron Hands|Iron Hands|100\/100\n|-terastallize|p2a: Sinistcha|Grass\n|move|p1a: Snorlax|Protect|p1a: Snorlax\n|-singleturn|p1a: Snorlax|Protect\n|move|p2b: Amoonguss|Rage Powder|p2b: Amoonguss\n|-singleturn|p2b: Amoonguss|move: Rage Powder\n|move|p2a: Sinistcha|Matcha Gotcha|p1a: Snorlax|[spread] p1b\n|-activate|p1a: Snorlax|move: Protect\n|-damage|p1b: Iron Hands|68\/100\n|\n|upkeep\n|turn|10\n|inactive|mauriciopateacaras has 120 seconds left.\n|\n|t:|1699367219\n|move|p1b: Iron Hands|Fake Out|p2b: Amoonguss\n|-damage|p2b: Amoonguss|87\/100\n|-damage|p1b: Iron Hands|52\/100|[from] item: Rocky Helmet|[of] p2b: Amoonguss\n|cant|p2b: Amoonguss|flinch\n|move|p2a: Sinistcha|Matcha Gotcha|p1a: Snorlax|[spread] p1b\n|-miss|p2a: Sinistcha|p1a: Snorlax\n|-damage|p1b: Iron Hands|19\/100\n|-status|p1b: Iron Hands|brn\n|move|p1a: Snorlax|Facade|p2b: Amoonguss\n|-damage|p2b: Amoonguss|0 fnt\n|-damage|p1a: Snorlax|36\/100|[from] item: Rocky Helmet|[of] p2b: Amoonguss\n|faint|p2b: Amoonguss\n|\n|-damage|p1b: Iron Hands|13\/100 brn|[from] brn\n|upkeep\n|\n|t:|1699367237\n|switch|p2b: Gholdengo|Gholdengo|100\/100\n|turn|11\n|inactive|mauriciopateacaras has 120 seconds left.\n|\n|t:|1699367269\n|move|p1a: Snorlax|Protect|p1a: Snorlax\n|-singleturn|p1a: Snorlax|Protect\n|move|p2b: Gholdengo|Make It Rain|p1a: Snorlax|[spread] p1b\n|-activate|p1a: Snorlax|move: Protect\n|-resisted|p1b: Iron Hands\n|-damage|p1b: Iron Hands|0 fnt\n|-unboost|p2b: Gholdengo|spa|1\n|faint|p1b: Iron Hands\n|-end|p1b: Iron Hands|Quark Drive|[silent]\n|move|p2a: Sinistcha|Matcha Gotcha|p1a: Snorlax\n|-activate|p1a: Snorlax|move: Protect\n|\n|upkeep\n|inactive|mauriciopateacaras has 120 seconds left.\n|\n|t:|1699367277\n|switch|p1b: Landorus|Landorus-Therian, M|100\/100\n|-ability|p1b: Landorus|Intimidate|boost\n|-unboost|p2a: Sinistcha|atk|1\n|-unboost|p2b: Gholdengo|atk|1\n|turn|12\n|inactive|mauriciopateacaras has 120 seconds left.\n|\n|t:|1699367309\n|-terastallize|p1b: Landorus|Flying\n|move|p1b: Landorus|Tera Blast|p2a: Sinistcha|[anim] Tera Blast Flying\n|-supereffective|p2a: Sinistcha\n|-damage|p2a: Sinistcha|0 fnt\n|faint|p2a: Sinistcha\n|move|p2b: Gholdengo|Make It Rain|p1b: Landorus|[spread] p1a,p1b\n|-damage|p1a: Snorlax|12\/100\n|-damage|p1b: Landorus|57\/100\n|-unboost|p2b: Gholdengo|spa|1\n|move|p1a: Snorlax|High Horsepower|p2b: Gholdengo\n|-supereffective|p2b: Gholdengo\n|-damage|p2b: Gholdengo|0 fnt\n|faint|p2b: Gholdengo\n|\n|win|mauriciopateacaras\n|raw|mauriciopateacaras's rating: 1214 &rarr; <strong>1238<\/strong><br \/>(+24 for winning)\n|raw|TheNameIsDill's rating: 1197 &rarr; <strong>1173<\/strong><br \/>(-24 for losing)\n","uploadtime":1699367331,"views":9,"p1id":"mauriciopateacaras","p2id":"thenameisdill","formatid":"gen9doublesou","rating":1173,"private":0,"password":""}