{"id":"gen9doublesou-1994422627","p1":"vshoegaze","p2":"bananaszn","format":"[Gen 9] Doubles OU","log":"|j|\u2606vshoegaze\n|j|\u2606bananaszn\n|t:|1700442196\n|gametype|doubles\n|player|p1|vshoegaze|170|1413\n|player|p2|bananaszn|teamrocket|1473\n|teamsize|p1|6\n|teamsize|p2|6\n|gen|9\n|tier|[Gen 9] Doubles OU\n|rated|\n|rule|Species Clause: Limit one of each Pok\u00e9mon\n|rule|OHKO Clause: OHKO moves are banned\n|rule|Evasion Moves Clause: Evasion moves are banned\n|rule|Gravity Sleep Clause: The combination of sleep-inducing moves with imperfect accuracy and Gravity or Gigantamax Orbeetle are banned\n|rule|Endless Battle Clause: Forcing endless battles is banned\n|rule|HP Percentage Mod: HP is shown in percentages\n|clearpoke\n|poke|p1|Golem-Alola, F|\n|poke|p1|Regieleki|\n|poke|p1|Iron Bundle|\n|poke|p1|Iron Moth|\n|poke|p1|Pikachu, F|\n|poke|p1|Rabsca, M|\n|poke|p2|Scizor, M|\n|poke|p2|Tornadus, M|\n|poke|p2|Chien-Pao|\n|poke|p2|Iron Hands|\n|poke|p2|Volcanion|\n|poke|p2|Great Tusk|\n|teampreview\n|inactive|Battle timer is ON: inactive players will automatically lose when time's up. (requested by bananaszn)\n|\n|t:|1700442213\n|start\n|switch|p1a: Pikachu|Pikachu, F|100\/100\n|switch|p1b: Golem|Golem-Alola, F|100\/100\n|switch|p2a: YN Jay|Tornadus, M|100\/100\n|switch|p2b: Kawhi Leonard|Scizor, M|100\/100\n|turn|1\n|\n|t:|1700442232\n|move|p2a: YN Jay|Protect|p2a: YN Jay\n|-singleturn|p2a: YN Jay|Protect\n|move|p1a: Pikachu|Fake Out|p2b: Kawhi Leonard\n|-resisted|p2b: Kawhi Leonard\n|-damage|p2b: Kawhi Leonard|92\/100\n|cant|p2b: Kawhi Leonard|flinch\n|move|p1b: Golem|Explosion|p2a: YN Jay|[spread] p2b\n|-activate|p2a: YN Jay|move: Protect\n|-ability|p1a: Pikachu|Lightning Rod|boost\n|-boost|p1a: Pikachu|spa|1\n|-damage|p2b: Kawhi Leonard|0 fnt\n|faint|p1b: Golem\n|faint|p2b: Kawhi Leonard\n|\n|upkeep\n|\n|t:|1700442246\n|switch|p2b: Great Tusk|Great Tusk|100\/100\n|switch|p1b: Regieleki|Regieleki|100\/100\n|turn|2\n|\n|t:|1700442253\n|move|p1b: Regieleki|Protect|p1b: Regieleki\n|-singleturn|p1b: Regieleki|Protect\n|move|p2a: YN Jay|Tailwind|p2a: YN Jay\n|-sidestart|p2: bananaszn|move: Tailwind\n|move|p2b: Great Tusk|Headlong Rush|p1b: Regieleki\n|-activate|p1b: Regieleki|move: Protect\n|move|p1a: Pikachu|Surf|p2a: YN Jay|[spread] p2a,p2b\n|-activate|p1b: Regieleki|move: Protect\n|-supereffective|p2b: Great Tusk\n|-damage|p2a: YN Jay|64\/100\n|-damage|p2b: Great Tusk|66\/100\n|\n|upkeep\n|turn|3\n|\n|t:|1700442269\n|move|p2a: YN Jay|Protect|p2a: YN Jay\n|-singleturn|p2a: YN Jay|Protect\n|move|p1b: Regieleki|Electric Terrain|p1b: Regieleki\n|-fieldstart|move: Electric Terrain\n|move|p2b: Great Tusk|Headlong Rush|p1a: Pikachu\n|-supereffective|p1a: Pikachu\n|-damage|p1a: Pikachu|0 fnt\n|-unboost|p2b: Great Tusk|def|1\n|-unboost|p2b: Great Tusk|spd|1\n|faint|p1a: Pikachu\n|\n|upkeep\n|\n|t:|1700442279\n|switch|p1a: Iron Moth|Iron Moth|100\/100\n|-activate|p1a: Iron Moth|ability: Quark Drive\n|-start|p1a: Iron Moth|quarkdrivespe\n|turn|4\n|\n|t:|1700442291\n|-terastallize|p1a: Iron Moth|Grass\n|move|p2a: YN Jay|Protect||[still]\n|-fail|p2a: YN Jay\n|move|p1b: Regieleki|Volt Switch|p2a: YN Jay\n|-supereffective|p2a: YN Jay\n|-damage|p2a: YN Jay|0 fnt\n|faint|p2a: YN Jay\n|\n|t:|1700442299\n|switch|p1b: Rabsca|Rabsca, M|100\/100|[from] Volt Switch\n|move|p2b: Great Tusk|Headlong Rush|p1b: Rabsca\n|-resisted|p1b: Rabsca\n|-damage|p1b: Rabsca|71\/100\n|-unboost|p2b: Great Tusk|def|1\n|-unboost|p2b: Great Tusk|spd|1\n|move|p1a: Iron Moth|Energy Ball|p2b: Great Tusk\n|-supereffective|p2b: Great Tusk\n|-damage|p2b: Great Tusk|0 fnt\n|faint|p2b: Great Tusk\n|-end|p2b: Great Tusk|Protosynthesis|[silent]\n|\n|upkeep\n|\n|t:|1700442313\n|switch|p2a: Iggy Azalea|Chien-Pao|100\/100\n|switch|p2b: Volcanion|Volcanion|100\/100\n|-ability|p2a: Iggy Azalea|Sword of Ruin\n|turn|5\n|\n|t:|1700442340\n|move|p2a: Iggy Azalea|Throat Chop|p1b: Rabsca\n|-supereffective|p1b: Rabsca\n|-damage|p1b: Rabsca|0 fnt\n|faint|p1b: Rabsca\n|-damage|p2a: Iggy Azalea|91\/100|[from] item: Life Orb\n|move|p1a: Iron Moth|Energy Ball|p2b: Volcanion\n|-damage|p2b: Volcanion|27\/100\n|move|p2b: Volcanion|Heat Wave|p1a: Iron Moth\n|-supereffective|p1a: Iron Moth\n|-damage|p1a: Iron Moth|0 fnt\n|faint|p1a: Iron Moth\n|-end|p1a: Iron Moth|Quark Drive|[silent]\n|\n|-heal|p2b: Volcanion|34\/100|[from] item: Leftovers\n|-sideend|p2: bananaszn|move: Tailwind\n|upkeep\n|\n|t:|1700442344\n|switch|p1a: Iron Bundle|Iron Bundle|100\/100\n|switch|p1b: Regieleki|Regieleki|100\/100\n|-activate|p1a: Iron Bundle|ability: Quark Drive\n|-start|p1a: Iron Bundle|quarkdrivespe\n|turn|6\n|\n|t:|1700442357\n|move|p1a: Iron Bundle|Freeze-Dry|p2a: Iggy Azalea\n|-resisted|p2a: Iggy Azalea\n|-damage|p2a: Iggy Azalea|62\/100\n|move|p1b: Regieleki|Electroweb|p2a: Iggy Azalea|[spread] p2a,p2b\n|-supereffective|p2b: Volcanion\n|-damage|p2a: Iggy Azalea|0 fnt\n|-damage|p2b: Volcanion|0 fnt\n|faint|p2a: Iggy Azalea\n|faint|p2b: Volcanion\n|\n|upkeep\n|\n|t:|1700442364\n|switch|p2b: Druski|Iron Hands|100\/100\n|-activate|p2b: Druski|ability: Quark Drive\n|-start|p2b: Druski|quarkdriveatk\n|turn|7\n|\n|t:|1700442371\n|-terastallize|p2b: Druski|Grass\n|move|p1a: Iron Bundle|Protect|p1a: Iron Bundle\n|-singleturn|p1a: Iron Bundle|Protect\n|move|p1b: Regieleki|Protect|p1b: Regieleki\n|-singleturn|p1b: Regieleki|Protect\n|move|p2b: Druski|Close Combat|p1a: Iron Bundle\n|-activate|p1a: Iron Bundle|move: Protect\n|\n|-fieldend|move: Electric Terrain\n|-end|p1a: Iron Bundle|Quark Drive\n|-end|p2b: Druski|Quark Drive\n|upkeep\n|turn|8\n|\n|t:|1700442385\n|move|p1b: Regieleki|Electroweb|p2b: Druski\n|-resisted|p2b: Druski\n|-damage|p2b: Druski|90\/100\n|-unboost|p2b: Druski|spe|1\n|move|p1a: Iron Bundle|Freeze-Dry|p2b: Druski\n|-supereffective|p2b: Druski\n|-damage|p2b: Druski|57\/100\n|move|p2b: Druski|Close Combat|p1a: Iron Bundle\n|-supereffective|p1a: Iron Bundle\n|-damage|p1a: Iron Bundle|0 fnt\n|-unboost|p2b: Druski|def|1\n|-unboost|p2b: Druski|spd|1\n|faint|p1a: Iron Bundle\n|-end|p1a: Iron Bundle|Quark Drive|[silent]\n|\n|upkeep\n|turn|9\n|\n|t:|1700442404\n|move|p1b: Regieleki|Volt Switch|p2b: Druski\n|-resisted|p2b: Druski\n|-damage|p2b: Druski|40\/100\n|move|p2b: Druski|Close Combat|p1b: Regieleki\n|-damage|p1b: Regieleki|0 fnt\n|-unboost|p2b: Druski|def|1\n|-unboost|p2b: Druski|spd|1\n|faint|p1b: Regieleki\n|\n|win|bananaszn\n|raw|vshoegaze's rating: 1413 &rarr; <strong>1396<\/strong><br \/>(-17 for losing)\n|raw|bananaszn's rating: 1473 &rarr; <strong>1490<\/strong><br \/>(+17 for winning)\n","uploadtime":1700442410,"views":13,"p1id":"vshoegaze","p2id":"bananaszn","formatid":"gen9doublesou","rating":1396,"private":0,"password":""}