{"id":"gen9doublesou-1971760469","p1":"Colinc222","p2":"Lagarto4","format":"[Gen 9] Doubles OU","log":"|j|\u2606Colinc222\n|j|\u2606Lagarto4\n|t:|1697769058\n|gametype|doubles\n|player|p1|Colinc222|bugcatcher-gen4dp|1344\n|player|p2|Lagarto4|brawly|1449\n|teamsize|p1|6\n|teamsize|p2|6\n|gen|9\n|tier|[Gen 9] Doubles OU\n|rated|\n|rule|Species Clause: Limit one of each Pok\u00e9mon\n|rule|OHKO Clause: OHKO moves are banned\n|rule|Evasion Moves Clause: Evasion moves are banned\n|rule|Gravity Sleep Clause: The combination of sleep-inducing moves with imperfect accuracy and Gravity or Gigantamax Orbeetle are banned\n|rule|Endless Battle Clause: Forcing endless battles is banned\n|rule|HP Percentage Mod: HP is shown in percentages\n|clearpoke\n|poke|p1|Ogerpon-Hearthflame, F|\n|poke|p1|Iron Hands|\n|poke|p1|Grimmsnarl, M|\n|poke|p1|Heatran, M|\n|poke|p1|Dragonite, M|\n|poke|p1|Sinistcha-Masterpiece|\n|poke|p2|Sinistcha-Masterpiece|\n|poke|p2|Volcanion|\n|poke|p2|Kingambit, F|\n|poke|p2|Iron Hands|\n|poke|p2|Cresselia, F|\n|poke|p2|Ting-Lu|\n|teampreview\n|inactive|Battle timer is ON: inactive players will automatically lose when time's up. (requested by Colinc222)\n|\n|t:|1697769081\n|start\n|switch|p1a: Iron Hands|Iron Hands|100\/100\n|switch|p1b: Grimmsnarl|Grimmsnarl, M|100\/100\n|switch|p2a: Ting-Lu|Ting-Lu|100\/100\n|switch|p2b: Volcanion|Volcanion|100\/100\n|-ability|p2a: Ting-Lu|Vessel of Ruin\n|turn|1\n|\n|t:|1697769095\n|move|p1a: Iron Hands|Fake Out|p2b: Volcanion\n|-damage|p2b: Volcanion|88\/100\n|move|p1b: Grimmsnarl|Light Screen|p1b: Grimmsnarl\n|-sidestart|p1: Colinc222|move: Light Screen\n|cant|p2b: Volcanion|flinch\n|move|p2a: Ting-Lu|Stealth Rock|p1a: Iron Hands\n|-sidestart|p1: Colinc222|move: Stealth Rock\n|\n|upkeep\n|turn|2\n|inactive|Lagarto4 has 120 seconds left.\n|\n|t:|1697769129\n|switch|p2a: Sinistcha|Sinistcha-Masterpiece|100\/100\n|-heal|p2b: Volcanion|100\/100|[from] ability: Hospitality|[of] p2a: Sinistcha\n|move|p1b: Grimmsnarl|Reflect|p1b: Grimmsnarl\n|-sidestart|p1: Colinc222|Reflect\n|move|p2b: Volcanion|Sludge Bomb|p1b: Grimmsnarl\n|-supereffective|p1b: Grimmsnarl\n|-damage|p1b: Grimmsnarl|49\/100\n|move|p1a: Iron Hands|Swords Dance|p1a: Iron Hands\n|-boost|p1a: Iron Hands|atk|2\n|\n|upkeep\n|turn|3\n|\n|t:|1697769143\n|move|p1b: Grimmsnarl|Parting Shot|p2b: Volcanion\n|-unboost|p2b: Volcanion|atk|1\n|-unboost|p2b: Volcanion|spa|1\n|\n|t:|1697769146\n|switch|p1b: Heatran|Heatran, M|100\/100|[from] Parting Shot\n|-damage|p1b: Heatran|88\/100|[from] Stealth Rock\n|move|p2b: Volcanion|Sludge Bomb|p1b: Heatran\n|-immune|p1b: Heatran\n|move|p1a: Iron Hands|Drain Punch|p2b: Volcanion\n|-damage|p2b: Volcanion|12\/100\n|move|p2a: Sinistcha|Trick Room|p2a: Sinistcha\n|-fieldstart|move: Trick Room|[of] p2a: Sinistcha\n|\n|upkeep\n|turn|4\n|\n|t:|1697769171\n|switch|p2a: Ting-Lu|Ting-Lu|100\/100\n|-ability|p2a: Ting-Lu|Vessel of Ruin\n|switch|p2b: Iron Hands|Iron Hands|100\/100\n|move|p1a: Iron Hands|Drain Punch|p2b: Iron Hands\n|-damage|p2b: Iron Hands|32\/100\n|move|p1b: Heatran|Heat Wave|p2a: Ting-Lu|[spread] p2a,p2b\n|-damage|p2a: Ting-Lu|82\/100\n|-damage|p2b: Iron Hands|15\/100\n|-status|p2b: Iron Hands|brn\n|\n|-heal|p2a: Ting-Lu|88\/100|[from] item: Leftovers\n|-damage|p2b: Iron Hands|9\/100 brn|[from] brn\n|upkeep\n|turn|5\n|\n|t:|1697769195\n|switch|p1b: Sinistcha|Sinistcha-Masterpiece|100\/100\n|-damage|p1b: Sinistcha|88\/100|[from] Stealth Rock\n|move|p2b: Iron Hands|Fake Out|p1a: Iron Hands\n|-damage|p1a: Iron Hands|97\/100\n|cant|p1a: Iron Hands|flinch\n|move|p2a: Ting-Lu|Whirlwind|p1a: Iron Hands\n|-end|p1a: Iron Hands|Quark Drive|[silent]\n|drag|p1a: Grimmsnarl|Grimmsnarl, M|49\/100\n|-damage|p1a: Grimmsnarl|37\/100|[from] Stealth Rock\n|\n|-heal|p2a: Ting-Lu|94\/100|[from] item: Leftovers\n|-heal|p1b: Sinistcha|94\/100|[from] item: Leftovers\n|-damage|p2b: Iron Hands|3\/100 brn|[from] brn\n|upkeep\n|turn|6\n|inactive|Lagarto4 has 120 seconds left.\n|\n|t:|1697769236\n|move|p2b: Iron Hands|Ice Punch|p1b: Sinistcha\n|-supereffective|p1b: Sinistcha\n|-damage|p1b: Sinistcha|78\/100\n|move|p1a: Grimmsnarl|Spirit Break|p2a: Ting-Lu\n|-supereffective|p2a: Ting-Lu\n|-damage|p2a: Ting-Lu|46\/100\n|-unboost|p2a: Ting-Lu|spa|1\n|move|p1b: Sinistcha|Matcha Gotcha|p2b: Iron Hands|[spread] p2a,p2b\n|-supereffective|p2a: Ting-Lu\n|-damage|p2a: Ting-Lu|20\/100\n|-heal|p1b: Sinistcha|96\/100|[from] drain|[of] p2a: Ting-Lu\n|-damage|p2b: Iron Hands|0 fnt\n|-heal|p1b: Sinistcha|98\/100|[from] drain|[of] p2b: Iron Hands\n|faint|p2b: Iron Hands\n|-end|p2b: Iron Hands|Quark Drive|[silent]\n|move|p2a: Ting-Lu|Whirlwind|p1b: Sinistcha\n|drag|p1b: Dragonite|Dragonite, M|100\/100\n|-damage|p1b: Dragonite|76\/100|[from] Stealth Rock\n|\n|-heal|p2a: Ting-Lu|26\/100|[from] item: Leftovers\n|upkeep\n|\n|t:|1697769254\n|switch|p2b: Sinistcha|Sinistcha-Masterpiece|100\/100\n|-heal|p2a: Ting-Lu|51\/100|[from] ability: Hospitality|[of] p2b: Sinistcha\n|turn|7\n|inactive|Lagarto4 has 120 seconds left.\n|inactive|Lagarto4 has 90 seconds left.\n|\n|t:|1697769292\n|move|p1a: Grimmsnarl|Parting Shot|p2a: Ting-Lu\n|-hint|Since gen 7, Dark is immune to Prankster moves.\n|-immune|p2a: Ting-Lu\n|move|p2b: Sinistcha|Matcha Gotcha|p1a: Grimmsnarl|[spread] p1a,p1b\n|-resisted|p1b: Dragonite\n|-damage|p1a: Grimmsnarl|20\/100\n|-damage|p1b: Dragonite|72\/100\n|-status|p1a: Grimmsnarl|brn\n|move|p1b: Dragonite|Ice Spinner|p2a: Ting-Lu\n|-supereffective|p2a: Ting-Lu\n|-damage|p2a: Ting-Lu|1\/100\n|move|p2a: Ting-Lu|Whirlwind|p1b: Dragonite\n|drag|p1b: Sinistcha|Sinistcha-Masterpiece|98\/100\n|-damage|p1b: Sinistcha|85\/100|[from] Stealth Rock\n|-heal|p1a: Grimmsnarl|45\/100 brn|[from] ability: Hospitality|[of] p1b: Sinistcha\n|\n|-heal|p2a: Ting-Lu|7\/100|[from] item: Leftovers\n|-heal|p1b: Sinistcha|91\/100|[from] item: Leftovers\n|-damage|p1a: Grimmsnarl|39\/100 brn|[from] brn\n|-fieldend|move: Trick Room\n|upkeep\n|turn|8\n|inactive|Lagarto4 has 90 seconds left.\n|inactive|Colinc222 has 120 seconds left.\n|\n|t:|1697769325\n|move|p2a: Ting-Lu|Protect|p2a: Ting-Lu\n|-singleturn|p2a: Ting-Lu|Protect\n|move|p1b: Sinistcha|Matcha Gotcha|p2b: Sinistcha|[spread] p2b\n|-activate|p2a: Ting-Lu|move: Protect\n|-resisted|p2b: Sinistcha\n|-damage|p2b: Sinistcha|87\/100\n|-heal|p1b: Sinistcha|98\/100|[from] drain|[of] p2b: Sinistcha\n|move|p1a: Grimmsnarl|Spirit Break|p2a: Ting-Lu\n|-activate|p2a: Ting-Lu|move: Protect\n|move|p2b: Sinistcha|Trick Room|p2b: Sinistcha\n|-fieldstart|move: Trick Room|[of] p2b: Sinistcha\n|\n|-heal|p2a: Ting-Lu|13\/100|[from] item: Leftovers\n|-heal|p2b: Sinistcha|94\/100|[from] item: Leftovers\n|-heal|p1b: Sinistcha|100\/100|[from] item: Leftovers\n|-damage|p1a: Grimmsnarl|33\/100 brn|[from] brn\n|-sideend|p1: Colinc222|move: Light Screen\n|upkeep\n|turn|9\n|inactive|Lagarto4 has 90 seconds left.\n|\n|t:|1697769366\n|switch|p2a: Cresselia|Cresselia, F|100\/100\n|move|p1a: Grimmsnarl|Parting Shot|p2b: Sinistcha\n|-unboost|p2b: Sinistcha|atk|1\n|-unboost|p2b: Sinistcha|spa|1\n|\n|t:|1697769373\n|switch|p1a: Iron Hands|Iron Hands|97\/100|[from] Parting Shot\n|-damage|p1a: Iron Hands|91\/100|[from] Stealth Rock\n|move|p2b: Sinistcha|Shadow Ball|p1b: Sinistcha\n|-supereffective|p1b: Sinistcha\n|-damage|p1b: Sinistcha|29\/100\n|move|p1b: Sinistcha|Shadow Ball|p2a: Cresselia\n|-supereffective|p2a: Cresselia\n|-damage|p2a: Cresselia|61\/100\n|\n|-heal|p2a: Cresselia|67\/100|[from] item: Leftovers\n|-heal|p2b: Sinistcha|99\/100|[from] item: Leftovers\n|-heal|p1b: Sinistcha|35\/100|[from] item: Leftovers\n|-sideend|p1: Colinc222|Reflect\n|upkeep\n|turn|10\n|inactive|Lagarto4 has 90 seconds left.\n|\n|t:|1697769390\n|-terastallize|p1b: Sinistcha|Normal\n|move|p1a: Iron Hands|Fake Out|p2a: Cresselia\n|-damage|p2a: Cresselia|57\/100\n|cant|p2a: Cresselia|flinch\n|move|p2b: Sinistcha|Shadow Ball|p1b: Sinistcha\n|-immune|p1b: Sinistcha\n|move|p1b: Sinistcha|Shadow Ball|p2b: Sinistcha\n|-supereffective|p2b: Sinistcha\n|-damage|p2b: Sinistcha|9\/100\n|\n|-heal|p2a: Cresselia|63\/100|[from] item: Leftovers\n|-heal|p2b: Sinistcha|16\/100|[from] item: Leftovers\n|-heal|p1b: Sinistcha|41\/100|[from] item: Leftovers\n|upkeep\n|turn|11\n|\n|t:|1697769411\n|move|p1a: Iron Hands|Swords Dance|p1a: Iron Hands\n|-boost|p1a: Iron Hands|atk|2\n|move|p2a: Cresselia|Lunar Blessing|p2a: Cresselia|[spread] p2a,p2b\n|-heal|p2a: Cresselia|88\/100\n|-heal|p2b: Sinistcha|40\/100\n|move|p2b: Sinistcha|Matcha Gotcha|p1b: Sinistcha|[spread] p1a,p1b\n|-crit|p1b: Sinistcha\n|-damage|p1a: Iron Hands|72\/100\n|-heal|p2b: Sinistcha|55\/100|[from] drain|[of] p1a: Iron Hands\n|-damage|p1b: Sinistcha|0 fnt\n|-heal|p2b: Sinistcha|75\/100|[from] drain|[of] p1b: Sinistcha\n|-status|p1a: Iron Hands|brn\n|faint|p1b: Sinistcha\n|\n|-heal|p2a: Cresselia|94\/100|[from] item: Leftovers\n|-heal|p2b: Sinistcha|81\/100|[from] item: Leftovers\n|-damage|p1a: Iron Hands|66\/100 brn|[from] brn\n|upkeep\n|inactive|Colinc222 has 120 seconds left.\n|\n|t:|1697769431\n|switch|p1b: Heatran|Heatran, M|88\/100\n|-damage|p1b: Heatran|76\/100|[from] Stealth Rock\n|turn|12\n|\n|t:|1697769444\n|move|p2b: Sinistcha|Protect|p2b: Sinistcha\n|-singleturn|p2b: Sinistcha|Protect\n|move|p1a: Iron Hands|Drain Punch|p2a: Cresselia\n|-resisted|p2a: Cresselia\n|-damage|p2a: Cresselia|76\/100\n|-heal|p1a: Iron Hands|74\/100 brn|[from] drain|[of] p2a: Cresselia\n|move|p2a: Cresselia|Psychic|p1a: Iron Hands\n|-supereffective|p1a: Iron Hands\n|-damage|p1a: Iron Hands|31\/100 brn\n|move|p1b: Heatran|Heat Wave|p2a: Cresselia|[spread] p2a\n|-activate|p2b: Sinistcha|move: Protect\n|-damage|p2a: Cresselia|55\/100\n|\n|-heal|p2a: Cresselia|61\/100|[from] item: Leftovers\n|-heal|p2b: Sinistcha|87\/100|[from] item: Leftovers\n|-damage|p1a: Iron Hands|25\/100 brn|[from] brn\n|-fieldend|move: Trick Room\n|upkeep\n|turn|13\n|\n|t:|1697769474\n|-end|p1a: Iron Hands|Quark Drive|[silent]\n|switch|p1a: Dragonite|Dragonite, M|72\/100\n|-damage|p1a: Dragonite|47\/100|[from] Stealth Rock\n|-terastallize|p2b: Sinistcha|Water\n|move|p1b: Heatran|Heat Wave|p2b: Sinistcha|[spread] p2a,p2b\n|-resisted|p2b: Sinistcha\n|-damage|p2a: Cresselia|40\/100\n|-damage|p2b: Sinistcha|61\/100\n|move|p2a: Cresselia|Psychic|p1a: Dragonite\n|-damage|p1a: Dragonite|26\/100\n|move|p2b: Sinistcha|Trick Room|p2b: Sinistcha\n|-fieldstart|move: Trick Room|[of] p2b: Sinistcha\n|\n|-heal|p2a: Cresselia|46\/100|[from] item: Leftovers\n|-heal|p2b: Sinistcha|67\/100|[from] item: Leftovers\n|upkeep\n|turn|14\n|-message|Colinc222 forfeited.\n|\n|win|Lagarto4\n|raw|Colinc222's rating: 1344 &rarr; <strong>1330<\/strong><br \/>(-14 for losing)\n|raw|Lagarto4's rating: 1449 &rarr; <strong>1463<\/strong><br \/>(+14 for winning)\n|l|\u2606Colinc222\n","uploadtime":1697769490,"views":6,"p1id":"colinc222","p2id":"lagarto4","formatid":"gen9doublesou","rating":1330,"private":0,"password":""}