{"id":"gen9doublesou-1981723859","p1":"GonzaJ","p2":"Mr.X&Y97","format":"[Gen 9] Doubles OU","log":"|j|\u2606GonzaJ\n|j|\u2606Mr.X&Y97\n|t:|1698936724\n|gametype|doubles\n|player|p1|GonzaJ|psychic-gen4|1623\n|player|p2|Mr.X&Y97|blue|1632\n|teamsize|p1|6\n|teamsize|p2|6\n|gen|9\n|tier|[Gen 9] Doubles OU\n|rated|\n|rule|Species Clause: Limit one of each Pok\u00e9mon\n|rule|OHKO Clause: OHKO moves are banned\n|rule|Evasion Moves Clause: Evasion moves are banned\n|rule|Gravity Sleep Clause: The combination of sleep-inducing moves with imperfect accuracy and Gravity or Gigantamax Orbeetle are banned\n|rule|Endless Battle Clause: Forcing endless battles is banned\n|rule|HP Percentage Mod: HP is shown in percentages\n|clearpoke\n|poke|p1|Glimmora, M|\n|poke|p1|Wo-Chien|\n|poke|p1|Ting-Lu|\n|poke|p1|Chansey, F|\n|poke|p1|Gliscor, F|\n|poke|p1|Arcanine, M|\n|poke|p2|Armarouge, M|\n|poke|p2|Indeedee-F, F|\n|poke|p2|Stonjourner, F|\n|poke|p2|Kingambit, M|\n|poke|p2|Abomasnow, M|\n|poke|p2|Chien-Pao|\n|teampreview\n|inactive|Battle timer is ON: inactive players will automatically lose when time's up. (requested by Mr.X&Y97)\n|inactive|Mr.X&Y97 has 120 seconds left.\n|\n|t:|1698936764\n|start\n|switch|p1a: Arcanine|Arcanine, M|100\/100\n|switch|p1b: Chansey|Chansey, F|100\/100\n|switch|p2a: Snowball|Abomasnow, M|100\/100\n|switch|p2b: Stoney J.|Stonjourner, F|100\/100\n|-ability|p1a: Arcanine|Intimidate|boost\n|-unboost|p2a: Snowball|atk|1\n|-unboost|p2b: Stoney J.|atk|1\n|-weather|Snow|[from] ability: Snow Warning|[of] p2a: Snowball\n|turn|1\n|\n|t:|1698936781\n|switch|p2a: Mega Man X|Armarouge, M|100\/100\n|move|p1a: Arcanine|Snarl|p2b: Stoney J.|[spread] p2a,p2b\n|-supereffective|p2a: Mega Man X\n|-damage|p2a: Mega Man X|81\/100\n|-damage|p2b: Stoney J.|76\/100\n|-unboost|p2a: Mega Man X|spa|1\n|-unboost|p2b: Stoney J.|spa|1\n|move|p2b: Stoney J.|Low Kick|p1b: Chansey\n|-supereffective|p1b: Chansey\n|-damage|p1b: Chansey|80\/100\n|move|p1b: Chansey|Stealth Rock|p2a: Mega Man X\n|-sidestart|p2: Mr.X&Y97|move: Stealth Rock\n|\n|-weather|Snow|[upkeep]\n|upkeep\n|turn|2\n|\n|t:|1698936808\n|switch|p2a: Amelia Bedelia|Indeedee-F, F|100\/100\n|-damage|p2a: Amelia Bedelia|88\/100|[from] Stealth Rock\n|-fieldstart|move: Psychic Terrain|[from] ability: Psychic Surge|[of] p2a: Amelia Bedelia\n|move|p1a: Arcanine|Snarl|p2b: Stoney J.|[spread] p2a,p2b\n|-supereffective|p2a: Amelia Bedelia\n|-damage|p2a: Amelia Bedelia|71\/100\n|-damage|p2b: Stoney J.|51\/100\n|-unboost|p2a: Amelia Bedelia|spa|1\n|-unboost|p2b: Stoney J.|spa|1\n|move|p2b: Stoney J.|Rock Slide|p1b: Chansey|[spread] p1a,p1b\n|-supereffective|p1a: Arcanine\n|-damage|p1a: Arcanine|57\/100\n|-damage|p1b: Chansey|66\/100\n|cant|p1b: Chansey|flinch\n|\n|-weather|Snow|[upkeep]\n|upkeep\n|turn|3\n|\n|t:|1698936820\n|move|p1a: Arcanine|Snarl|p2b: Stoney J.|[spread] p2a,p2b\n|-supereffective|p2a: Amelia Bedelia\n|-damage|p2a: Amelia Bedelia|53\/100\n|-damage|p2b: Stoney J.|26\/100\n|-unboost|p2a: Amelia Bedelia|spa|1\n|-unboost|p2b: Stoney J.|spa|1\n|move|p2b: Stoney J.|Rock Slide|p1a: Arcanine|[spread] p1a,p1b\n|-supereffective|p1a: Arcanine\n|-crit|p1a: Arcanine\n|-damage|p1a: Arcanine|0 fnt\n|-damage|p1b: Chansey|51\/100\n|faint|p1a: Arcanine\n|cant|p1b: Chansey|flinch\n|move|p2a: Amelia Bedelia|Trick Room|p2a: Amelia Bedelia\n|-fieldstart|move: Trick Room|[of] p2a: Amelia Bedelia\n|\n|-weather|Snow|[upkeep]\n|upkeep\n|\n|t:|1698936834\n|switch|p1a: Glimmora|Glimmora, M|100\/100\n|turn|4\n|\n|t:|1698936847\n|switch|p2b: Snowball|Abomasnow, M|100\/100\n|-damage|p2b: Snowball|76\/100|[from] Stealth Rock\n|switch|p2a: Lord Kanbei|Kingambit, M|100\/100\n|-damage|p2a: Lord Kanbei|94\/100|[from] Stealth Rock\n|move|p1a: Glimmora|Spiky Shield|p1a: Glimmora\n|-singleturn|p1a: Glimmora|move: Protect\n|move|p1b: Chansey|Seismic Toss|p2a: Lord Kanbei\n|-damage|p2a: Lord Kanbei|70\/100\n|\n|-weather|Snow|[upkeep]\n|-heal|p2a: Lord Kanbei|76\/100|[from] item: Leftovers\n|upkeep\n|turn|5\n|\n|t:|1698936858\n|move|p1b: Chansey|Soft-Boiled|p1b: Chansey\n|-heal|p1b: Chansey|100\/100\n|move|p2b: Snowball|Earth Power|p1a: Glimmora\n|-supereffective|p1a: Glimmora\n|-enditem|p1a: Glimmora|Focus Sash\n|-damage|p1a: Glimmora|1\/100\n|move|p2a: Lord Kanbei|Iron Head|p1a: Glimmora\n|-supereffective|p1a: Glimmora\n|-damage|p1a: Glimmora|0 fnt\n|-activate|p1a: Glimmora|ability: Toxic Debris\n|-sidestart|p2: Mr.X&Y97|move: Toxic Spikes\n|faint|p1a: Glimmora\n|\n|-weather|none\n|-heal|p2a: Lord Kanbei|82\/100|[from] item: Leftovers\n|upkeep\n|\n|t:|1698936864\n|switch|p1a: Gliscor|Gliscor, F|100\/100\n|turn|6\n|\n|t:|1698936874\n|switch|p1a: Ting-Lu|Ting-Lu|100\/100\n|-ability|p1a: Ting-Lu|Vessel of Ruin\n|move|p1b: Chansey|Seismic Toss|p2a: Lord Kanbei\n|-damage|p2a: Lord Kanbei|57\/100\n|move|p2b: Snowball|Blizzard|p1b: Chansey|[spread] p1a\n|-miss|p2b: Snowball|p1b: Chansey\n|-supereffective|p1a: Ting-Lu\n|-damage|p1a: Ting-Lu|43\/100\n|move|p2a: Lord Kanbei|Kowtow Cleave|p1a: Ting-Lu\n|-resisted|p1a: Ting-Lu\n|-damage|p1a: Ting-Lu|32\/100\n|\n|-heal|p1a: Ting-Lu|38\/100|[from] item: Leftovers\n|-heal|p2a: Lord Kanbei|63\/100|[from] item: Leftovers\n|-fieldend|move: Psychic Terrain\n|upkeep\n|turn|7\n|\n|t:|1698936892\n|move|p1a: Ting-Lu|Stomping Tantrum|p2a: Lord Kanbei\n|-supereffective|p2a: Lord Kanbei\n|-crit|p2a: Lord Kanbei\n|-damage|p2a: Lord Kanbei|6\/100\n|move|p1b: Chansey|Heal Pulse|p1a: Ting-Lu\n|-heal|p1a: Ting-Lu|89\/100\n|move|p2b: Snowball|Blizzard|p1a: Ting-Lu|[spread] p1a,p1b\n|-supereffective|p1a: Ting-Lu\n|-crit|p1b: Chansey\n|-damage|p1a: Ting-Lu|32\/100\n|-damage|p1b: Chansey|85\/100\n|move|p2a: Lord Kanbei|Iron Head|p1a: Ting-Lu\n|-damage|p1a: Ting-Lu|14\/100\n|\n|-heal|p1a: Ting-Lu|20\/100|[from] item: Leftovers\n|-heal|p2a: Lord Kanbei|13\/100|[from] item: Leftovers\n|-fieldend|move: Trick Room\n|upkeep\n|turn|8\n|\n|t:|1698936912\n|move|p1a: Ting-Lu|Protect|p1a: Ting-Lu\n|-singleturn|p1a: Ting-Lu|Protect\n|move|p2a: Lord Kanbei|Kowtow Cleave|p1b: Chansey\n|-damage|p1b: Chansey|50\/100\n|move|p2b: Snowball|Energy Ball|p1a: Ting-Lu\n|-activate|p1a: Ting-Lu|move: Protect\n|move|p1b: Chansey|Seismic Toss|p2a: Lord Kanbei\n|-damage|p2a: Lord Kanbei|0 fnt\n|faint|p2a: Lord Kanbei\n|\n|-heal|p1a: Ting-Lu|26\/100|[from] item: Leftovers\n|upkeep\n|inactive|Mr.X&Y97 has 120 seconds left.\n|\n|t:|1698936933\n|switch|p2a: Mega Man X|Armarouge, M|81\/100\n|-damage|p2a: Mega Man X|56\/100|[from] Stealth Rock\n|-status|p2a: Mega Man X|psn\n|turn|9\n|\n|t:|1698936943\n|-terastallize|p1a: Ting-Lu|Fairy\n|move|p2a: Mega Man X|Heat Wave|p1b: Chansey|[spread] p1a,p1b\n|-damage|p1a: Ting-Lu|0 fnt\n|-damage|p1b: Chansey|39\/100\n|faint|p1a: Ting-Lu\n|-damage|p2a: Mega Man X|46\/100 psn|[from] item: Life Orb\n|move|p2b: Snowball|Energy Ball|p1b: Chansey\n|-damage|p1b: Chansey|26\/100\n|move|p1b: Chansey|Heal Pulse|p1: Ting-Lu|[notarget]\n|-fail|p1b: Chansey\n|\n|-damage|p2a: Mega Man X|34\/100 psn|[from] psn\n|upkeep\n|-message|GonzaJ forfeited.\n|\n|win|Mr.X&Y97\n|raw|GonzaJ's rating: 1623 &rarr; <strong>1604<\/strong><br \/>(-19 for losing)\n|raw|Mr.X&amp;Y97's rating: 1632 &rarr; <strong>1651<\/strong><br \/>(+19 for winning)\n|l|\u2606GonzaJ\n|c|\u2606Mr.X&Y97|Ggs wp!\n","uploadtime":1698936966,"views":16,"p1id":"gonzaj","p2id":"mrxy97","formatid":"gen9doublesou","rating":1604,"private":0,"password":""}