{"id":"gen9doublesou-1976488888","p1":"noumiore","p2":"e3ee","format":"[Gen 9] Doubles OU","log":"|j|\u2606noumiore\n|j|\u2606e3ee\n|t:|1698311765\n|gametype|doubles\n|player|p1|noumiore|waiter-gen4dp|1048\n|player|p2|e3ee|pokekid|1024\n|teamsize|p1|6\n|teamsize|p2|6\n|gen|9\n|tier|[Gen 9] Doubles OU\n|rated|\n|rule|Species Clause: Limit one of each Pok\u00e9mon\n|rule|OHKO Clause: OHKO moves are banned\n|rule|Evasion Moves Clause: Evasion moves are banned\n|rule|Gravity Sleep Clause: The combination of sleep-inducing moves with imperfect accuracy and Gravity or Gigantamax Orbeetle are banned\n|rule|Endless Battle Clause: Forcing endless battles is banned\n|rule|HP Percentage Mod: HP is shown in percentages\n|clearpoke\n|poke|p1|Oricorio-Pom-Pom, F|\n|poke|p1|Orthworm, F|\n|poke|p1|Brute Bonnet|\n|poke|p1|Iron Moth|\n|poke|p1|Gliscor, F|\n|poke|p1|Articuno-Galar|\n|poke|p2|Walking Wake|\n|poke|p2|Ogerpon-Hearthflame, F|\n|poke|p2|Cyclizar, M|\n|poke|p2|Alomomola, M|\n|poke|p2|Corviknight, F|\n|poke|p2|Blissey, F|\n|teampreview\n|\n|t:|1698311789\n|start\n|switch|p1a: Underrated|Articuno-Galar|100\/100\n|switch|p1b: poison.|Gliscor, F|100\/100\n|switch|p2a: Corviknight|Corviknight, F|100\/100\n|switch|p2b: Walking Wake|Walking Wake|100\/100\n|-ability|p2a: Corviknight|Pressure\n|turn|1\n|\n|t:|1698311816\n|move|p1b: poison.|Protect|p1b: poison.\n|-singleturn|p1b: poison.|Protect\n|move|p2b: Walking Wake|Hydro Steam|p1a: Underrated\n|-damage|p1a: Underrated|44\/100\n|move|p1a: Underrated|Tailwind|p1a: Underrated\n|-sidestart|p1: noumiore|move: Tailwind\n|move|p2a: Corviknight|Body Press|p1a: Underrated\n|-resisted|p1a: Underrated\n|-damage|p1a: Underrated|38\/100\n|\n|-heal|p1a: Underrated|44\/100|[from] item: Leftovers\n|-status|p1b: poison.|tox|[from] item: Toxic Orb\n|upkeep\n|turn|2\n|\n|t:|1698311840\n|-terastallize|p2b: Walking Wake|Water\n|move|p1a: Underrated|Protect|p1a: Underrated\n|-singleturn|p1a: Underrated|Protect\n|move|p1b: poison.|Swords Dance|p1b: poison.\n|-boost|p1b: poison.|atk|2\n|move|p2b: Walking Wake|Hydro Steam|p1a: Underrated\n|-activate|p1a: Underrated|move: Protect\n|move|p2a: Corviknight|Body Press|p1a: Underrated\n|-activate|p1a: Underrated|move: Protect\n|\n|-heal|p1a: Underrated|50\/100|[from] item: Leftovers\n|upkeep\n|turn|3\n|\n|t:|1698311866\n|move|p1a: Underrated|Psychic|p2b: Walking Wake\n|-damage|p2b: Walking Wake|57\/100\n|move|p1b: poison.|Acrobatics|p2b: Walking Wake\n|-damage|p2b: Walking Wake|7\/100\n|move|p2b: Walking Wake|Hydro Steam|p1b: poison.\n|-supereffective|p1b: poison.\n|-damage|p1b: poison.|0 fnt\n|faint|p1b: poison.\n|move|p2a: Corviknight|Body Press|p1a: Underrated\n|-resisted|p1a: Underrated\n|-damage|p1a: Underrated|44\/100\n|\n|-heal|p1a: Underrated|50\/100|[from] item: Leftovers\n|upkeep\n|\n|t:|1698311878\n|switch|p1b: Susnt|Brute Bonnet|100\/100\n|turn|4\n|\n|t:|1698311892\n|switch|p1a: MOTHH|Iron Moth|100\/100\n|-end|p2b: Walking Wake|Protosynthesis|[silent]\n|switch|p2b: Blissey|Blissey, F|100\/100\n|move|p1b: Susnt|Sucker Punch||[still]\n|-fail|p1b: Susnt\n|move|p2a: Corviknight|Body Press|p1b: Susnt\n|-supereffective|p1b: Susnt\n|-damage|p1b: Susnt|64\/100\n|\n|-heal|p1b: Susnt|70\/100|[from] item: Leftovers\n|-sideend|p1: noumiore|move: Tailwind\n|upkeep\n|turn|5\n|\n|t:|1698311919\n|-end|p1b: Susnt|Protosynthesis|[silent]\n|switch|p1b: Oricorio|Oricorio-Pom-Pom, F|100\/100\n|move|p1a: MOTHH|Fiery Dance|p2b: Blissey\n|-damage|p2b: Blissey|83\/100\n|-activate|p1b: Oricorio|ability: Dancer\n|move|p1b: Oricorio|Fiery Dance|p2b: Blissey|[from]ability: Dancer\n|-damage|p2b: Blissey|74\/100\n|-boost|p1b: Oricorio|spa|1\n|move|p2a: Corviknight|Defog|p1a: MOTHH\n|-unboost|p1a: MOTHH|evasion|1\n|move|p2b: Blissey|Shadow Ball|p1b: Oricorio\n|-damage|p1b: Oricorio|79\/100\n|\n|-heal|p1b: Oricorio|85\/100|[from] item: Leftovers\n|-heal|p2b: Blissey|80\/100|[from] item: Leftovers\n|upkeep\n|turn|6\n|\n|t:|1698311941\n|move|p1a: MOTHH|Fiery Dance|p2b: Blissey\n|-damage|p2b: Blissey|65\/100\n|-boost|p1a: MOTHH|spa|1\n|-activate|p1b: Oricorio|ability: Dancer\n|move|p1b: Oricorio|Fiery Dance|p2b: Blissey|[from]ability: Dancer\n|-damage|p2b: Blissey|53\/100\n|move|p1b: Oricorio|Quiver Dance|p1b: Oricorio\n|-boost|p1b: Oricorio|spa|1\n|-boost|p1b: Oricorio|spd|1\n|-boost|p1b: Oricorio|spe|1\n|move|p2a: Corviknight|Body Press|p1b: Oricorio\n|-resisted|p1b: Oricorio\n|-damage|p1b: Oricorio|64\/100\n|move|p2b: Blissey|Seismic Toss|p1a: MOTHH\n|-damage|p1a: MOTHH|67\/100\n|\n|-heal|p1b: Oricorio|70\/100|[from] item: Leftovers\n|-heal|p1a: MOTHH|73\/100|[from] item: Leftovers\n|-heal|p2b: Blissey|59\/100|[from] item: Leftovers\n|upkeep\n|turn|7\n|\n|t:|1698311971\n|move|p1b: Oricorio|Revelation Dance|p2a: Corviknight\n|-supereffective|p2a: Corviknight\n|-damage|p2a: Corviknight|0 fnt\n|faint|p2a: Corviknight\n|move|p1a: MOTHH|Fiery Dance|p2b: Blissey\n|-damage|p2b: Blissey|35\/100\n|-boost|p1a: MOTHH|spa|1\n|-activate|p1b: Oricorio|ability: Dancer\n|move|p1b: Oricorio|Fiery Dance|p2b: Blissey|[from]ability: Dancer\n|-damage|p2b: Blissey|18\/100\n|-boost|p1b: Oricorio|spa|1\n|move|p2b: Blissey|Soft-Boiled|p2b: Blissey\n|-heal|p2b: Blissey|68\/100\n|\n|-heal|p1b: Oricorio|76\/100|[from] item: Leftovers\n|-heal|p1a: MOTHH|79\/100|[from] item: Leftovers\n|-heal|p2b: Blissey|74\/100|[from] item: Leftovers\n|upkeep\n|\n|t:|1698311999\n|switch|p2a: Ogerpon|Ogerpon-Hearthflame, F|100\/100\n|-ability|p2a: Ogerpon|Mold Breaker\n|turn|8\n|\n|t:|1698312034\n|move|p1b: Oricorio|Icy Wind|p2a: Ogerpon|[spread] p2a,p2b\n|-damage|p2a: Ogerpon|67\/100\n|-damage|p2b: Blissey|63\/100\n|-unboost|p2a: Ogerpon|spe|1\n|-unboost|p2b: Blissey|spe|1\n|move|p1a: MOTHH|Fiery Dance|p2b: Blissey\n|-damage|p2b: Blissey|29\/100\n|-activate|p1b: Oricorio|ability: Dancer\n|move|p1b: Oricorio|Fiery Dance|p2b: Blissey|[from]ability: Dancer\n|-damage|p2b: Blissey|6\/100\n|move|p2a: Ogerpon|Ivy Cudgel|p1b: Oricorio\n|-damage|p1b: Oricorio|0 fnt\n|faint|p1b: Oricorio\n|move|p2b: Blissey|Seismic Toss|p1a: MOTHH\n|-damage|p1a: MOTHH|46\/100\n|\n|-heal|p1a: MOTHH|52\/100|[from] item: Leftovers\n|-heal|p2b: Blissey|13\/100|[from] item: Leftovers\n|upkeep\n|\n|t:|1698312052\n|switch|p1b: WORRMMM|Orthworm, F|100\/100\n|turn|9\n|\n|t:|1698312070\n|switch|p1b: Underrated|Articuno-Galar|50\/100\n|switch|p2b: Cyclizar|Cyclizar, M|100\/100\n|move|p1a: MOTHH|Fiery Dance|p2b: Cyclizar\n|-resisted|p2b: Cyclizar\n|-damage|p2b: Cyclizar|36\/100\n|-boost|p1a: MOTHH|spa|1\n|move|p2a: Ogerpon|Ivy Cudgel|p1a: MOTHH\n|-resisted|p1a: MOTHH\n|-damage|p1a: MOTHH|4\/100\n|\n|-heal|p1a: MOTHH|10\/100|[from] item: Leftovers\n|-heal|p1b: Underrated|57\/100|[from] item: Leftovers\n|upkeep\n|turn|10\n|\n|t:|1698312099\n|move|p1b: Underrated|Protect|p1b: Underrated\n|-singleturn|p1b: Underrated|Protect\n|move|p2b: Cyclizar|Sunny Day|p2b: Cyclizar\n|-weather|SunnyDay\n|move|p1a: MOTHH|Sludge Wave|p2a: Ogerpon|[spread] p2a,p2b\n|-activate|p1b: Underrated|move: Protect\n|-supereffective|p2a: Ogerpon\n|-damage|p2a: Ogerpon|0 fnt\n|-damage|p2b: Cyclizar|0 fnt\n|faint|p2a: Ogerpon\n|faint|p2b: Cyclizar\n|\n|-weather|SunnyDay|[upkeep]\n|-heal|p1a: MOTHH|16\/100|[from] item: Leftovers\n|-heal|p1b: Underrated|63\/100|[from] item: Leftovers\n|upkeep\n|\n|t:|1698312116\n|switch|p2b: Walking Wake|Walking Wake, tera:Water|7\/100\n|switch|p2a: Alomomola|Alomomola, M|100\/100\n|-activate|p2b: Walking Wake|ability: Protosynthesis\n|-start|p2b: Walking Wake|protosynthesisspa\n|turn|11\n|\n|t:|1698312135\n|move|p2a: Alomomola|Protect|p2a: Alomomola\n|-singleturn|p2a: Alomomola|Protect\n|move|p1a: MOTHH|Sludge Wave|p2b: Walking Wake|[spread] p1b,p2b\n|-activate|p2a: Alomomola|move: Protect\n|-damage|p1b: Underrated|0 fnt\n|-damage|p2b: Walking Wake|0 fnt\n|faint|p1b: Underrated\n|faint|p2b: Walking Wake\n|-end|p2b: Walking Wake|Protosynthesis|[silent]\n|\n|-weather|SunnyDay|[upkeep]\n|-heal|p1a: MOTHH|22\/100|[from] item: Leftovers\n|upkeep\n|\n|t:|1698312146\n|switch|p2b: Blissey|Blissey, F|13\/100\n|switch|p1b: Susnt|Brute Bonnet|70\/100\n|-activate|p1b: Susnt|ability: Protosynthesis\n|-start|p1b: Susnt|protosynthesisspd\n|turn|12\n|\n|t:|1698312164\n|move|p1a: MOTHH|Dazzling Gleam|p2b: Blissey|[spread] p2a,p2b\n|-damage|p2a: Alomomola|57\/100\n|-damage|p2b: Blissey|0 fnt\n|faint|p2b: Blissey\n|move|p1b: Susnt|Spore|p2a: Alomomola\n|-status|p2a: Alomomola|slp|[from] move: Spore\n|cant|p2a: Alomomola|slp\n|\n|-weather|SunnyDay|[upkeep]\n|-heal|p1a: MOTHH|28\/100|[from] item: Leftovers\n|-heal|p1b: Susnt|77\/100|[from] item: Leftovers\n|upkeep\n|turn|13\n|\n|t:|1698312183\n|move|p1b: Susnt|Protect|p1b: Susnt\n|-singleturn|p1b: Susnt|Protect\n|move|p1a: MOTHH|Fiery Dance|p2a: Alomomola\n|-resisted|p2a: Alomomola\n|-damage|p2a: Alomomola|0 fnt\n|-boost|p1a: MOTHH|spa|1\n|faint|p2a: Alomomola\n|\n|win|noumiore\n|raw|noumiore's rating: 1048 &rarr; <strong>1079<\/strong><br \/>(+31 for winning)\n|raw|e3ee's rating: 1024 &rarr; <strong>1011<\/strong><br \/>(-13 for losing)\n|l|\u2606e3ee\n","uploadtime":1698312197,"views":19,"p1id":"noumiore","p2id":"e3ee","formatid":"gen9doublesou","rating":1011,"private":0,"password":""}