{"id":"gen9doublesou-1986333688","p1":"Jonathan53332","p2":"Linkmasterjr","format":"[Gen 9] Doubles OU","log":"|j|\u2606Jonathan53332\n|j|\u2606Linkmasterjr\n|t:|1699470113\n|gametype|doubles\n|player|p1|Jonathan53332|170|\n|player|p2|Linkmasterjr|hugh|\n|teamsize|p1|6\n|teamsize|p2|6\n|gen|9\n|tier|[Gen 9] Doubles OU\n|rule|Species Clause: Limit one of each Pok\u00e9mon\n|rule|OHKO Clause: OHKO moves are banned\n|rule|Evasion Moves Clause: Evasion moves are banned\n|rule|Gravity Sleep Clause: The combination of sleep-inducing moves with imperfect accuracy and Gravity or Gigantamax Orbeetle are banned\n|rule|Endless Battle Clause: Forcing endless battles is banned\n|rule|HP Percentage Mod: HP is shown in percentages\n|clearpoke\n|poke|p1|Kilowattrel, F|\n|poke|p1|Dugtrio-Alola, M|\n|poke|p1|Amoonguss, M|\n|poke|p1|Palafin, F|\n|poke|p1|Gholdengo|\n|poke|p1|Cinderace, M|\n|poke|p2|Pawmot, F|\n|poke|p2|Chandelure, F|\n|poke|p2|Empoleon, F|\n|poke|p2|Great Tusk|\n|poke|p2|Rillaboom, M|\n|poke|p2|Murkrow, F|\n|teampreview\n|\n|t:|1699470123\n|start\n|switch|p1a: Kilowattrel|Kilowattrel, F|100\/100\n|switch|p1b: Dugtrio|Dugtrio-Alola, M|100\/100\n|switch|p2a: Rillaboom|Rillaboom, M|100\/100\n|switch|p2b: Great Tusk|Great Tusk, shiny|100\/100\n|-fieldstart|move: Grassy Terrain|[from] ability: Grassy Surge|[of] p2a: Rillaboom\n|-enditem|p2b: Great Tusk|Booster Energy\n|-activate|p2b: Great Tusk|ability: Protosynthesis|[fromitem]\n|-start|p2b: Great Tusk|protosynthesisatk\n|turn|1\n|\n|t:|1699470144\n|move|p1a: Kilowattrel|Air Cutter|p2b: Great Tusk|[spread] p2a,p2b\n|-supereffective|p2a: Rillaboom\n|-supereffective|p2b: Great Tusk\n|-damage|p2a: Rillaboom|49\/100\n|-damage|p2b: Great Tusk|45\/100\n|move|p1b: Dugtrio|Stealth Rock|p2b: Great Tusk\n|-sidestart|p2: Linkmasterjr|move: Stealth Rock\n|move|p2b: Great Tusk|Earthquake|p1a: Kilowattrel|[spread] p2a,p1b\n|-immune|p1a: Kilowattrel\n|-resisted|p2a: Rillaboom\n|-supereffective|p1b: Dugtrio\n|-damage|p2a: Rillaboom|36\/100\n|-enditem|p1b: Dugtrio|Focus Sash\n|-damage|p1b: Dugtrio|1\/100\n|move|p2a: Rillaboom|Knock Off|p1a: Kilowattrel\n|-damage|p1a: Kilowattrel|37\/100\n|-enditem|p1a: Kilowattrel|Focus Sash|[from] move: Knock Off|[of] p2a: Rillaboom\n|\n|-heal|p1b: Dugtrio|7\/100|[from] Grassy Terrain\n|-heal|p2b: Great Tusk|51\/100|[from] Grassy Terrain\n|-heal|p2a: Rillaboom|43\/100|[from] Grassy Terrain\n|upkeep\n|turn|2\n|\n|t:|1699470164\n|move|p2a: Rillaboom|Grassy Glide|p1b: Dugtrio\n|-damage|p1b: Dugtrio|0 fnt\n|-ability|p1b: Dugtrio|Tangling Hair\n|-unboost|p2a: Rillaboom|spe|1\n|faint|p1b: Dugtrio\n|move|p1a: Kilowattrel|Air Cutter|p2a: Rillaboom|[spread] p2a,p2b\n|-supereffective|p2a: Rillaboom\n|-supereffective|p2b: Great Tusk\n|-damage|p2a: Rillaboom|0 fnt\n|-damage|p2b: Great Tusk|0 fnt\n|faint|p2a: Rillaboom\n|faint|p2b: Great Tusk\n|-end|p2b: Great Tusk|Protosynthesis|[silent]\n|\n|upkeep\n|\n|t:|1699470175\n|switch|p1b: Cinderace|Cinderace, M|100\/100\n|switch|p2b: Empoleon|Empoleon, F|100\/100\n|switch|p2a: Murkrow|Murkrow, F|100\/100\n|-damage|p2a: Murkrow|76\/100|[from] Stealth Rock\n|-damage|p2b: Empoleon|94\/100|[from] Stealth Rock\n|turn|3\n|\n|t:|1699470188\n|switch|p1b: Gholdengo|Gholdengo|100\/100\n|-terastallize|p2a: Murkrow|Rock\n|move|p2a: Murkrow|Tailwind|p2a: Murkrow\n|-sidestart|p2: Linkmasterjr|move: Tailwind\n|move|p1a: Kilowattrel|Discharge|p2b: Empoleon|[spread] p1b,p2a,p2b\n|-supereffective|p2b: Empoleon\n|-damage|p1b: Gholdengo|78\/100\n|-damage|p2a: Murkrow|37\/100\n|-damage|p2b: Empoleon|60\/100\n|-enditem|p2a: Murkrow|Eject Button\n|\n|t:|1699470200\n|switch|p2a: Chandelure|Chandelure, F|100\/100\n|-damage|p2a: Chandelure|76\/100|[from] Stealth Rock\n|move|p2b: Empoleon|Ice Beam|p1a: Kilowattrel\n|-supereffective|p1a: Kilowattrel\n|-damage|p1a: Kilowattrel|0 fnt\n|faint|p1a: Kilowattrel\n|\n|-heal|p2a: Chandelure|82\/100|[from] Grassy Terrain\n|-heal|p2b: Empoleon|66\/100|[from] Grassy Terrain\n|-heal|p1b: Gholdengo|84\/100|[from] Grassy Terrain\n|upkeep\n|\n|t:|1699470214\n|switch|p1a: Palafin|Palafin, F|100\/100\n|turn|4\n|\n|t:|1699470225\n|move|p2a: Chandelure|Energy Ball|p1a: Palafin\n|-supereffective|p1a: Palafin\n|-damage|p1a: Palafin|0 fnt\n|faint|p1a: Palafin\n|move|p2b: Empoleon|Flash Cannon|p1b: Gholdengo\n|-resisted|p1b: Gholdengo\n|-damage|p1b: Gholdengo|67\/100\n|move|p1b: Gholdengo|Focus Blast|p2b: Empoleon\n|-supereffective|p2b: Empoleon\n|-damage|p2b: Empoleon|12\/100\n|\n|-heal|p2a: Chandelure|88\/100|[from] Grassy Terrain\n|-heal|p2b: Empoleon|18\/100|[from] Grassy Terrain\n|-heal|p1b: Gholdengo|74\/100|[from] Grassy Terrain\n|upkeep\n|\n|t:|1699470232\n|switch|p1a: Cinderace|Cinderace, M|100\/100\n|turn|5\n|j| DumbCrash\n|\n|t:|1699470245\n|switch|p2a: Murkrow|Murkrow, F, tera:Rock|37\/100\n|-damage|p2a: Murkrow|25\/100|[from] Stealth Rock\n|-terastallize|p1a: Cinderace|Water\n|move|p1a: Cinderace|Tera Blast|p2a: Murkrow|[anim] Tera Blast Water\n|-supereffective|p2a: Murkrow\n|-damage|p2a: Murkrow|0 fnt\n|faint|p2a: Murkrow\n|move|p2b: Empoleon|Surf|p1b: Gholdengo|[spread] p1a,p1b\n|-resisted|p1a: Cinderace\n|-crit|p1a: Cinderace\n|-damage|p1a: Cinderace|63\/100\n|-damage|p1b: Gholdengo|45\/100\n|move|p1b: Gholdengo|Shadow Ball|p2b: Empoleon\n|-damage|p2b: Empoleon|0 fnt\n|faint|p2b: Empoleon\n|\n|-heal|p1a: Cinderace|69\/100|[from] Grassy Terrain\n|-heal|p1b: Gholdengo|51\/100|[from] Grassy Terrain\n|upkeep\n|\n|t:|1699470257\n|switch|p2a: Chandelure|Chandelure, F|88\/100\n|switch|p2b: Pawmot|Pawmot, F|100\/100\n|-damage|p2b: Pawmot|94\/100|[from] Stealth Rock\n|-damage|p2a: Chandelure|63\/100|[from] Stealth Rock\n|turn|6\n|\n|t:|1699470274\n|switch|p1a: Amoonguss|Amoonguss, M|100\/100\n|move|p2b: Pawmot|Revival Blessing|p2b: Pawmot\n|inactive|Battle timer is ON: inactive players will automatically lose when time's up. (requested by Linkmasterjr)\n|\n|t:|1699470290\n|-heal|p2: Rillaboom|50\/100|[from] move: Revival Blessing\n|move|p2a: Chandelure|Energy Ball|p1a: Amoonguss\n|-resisted|p1a: Amoonguss\n|-damage|p1a: Amoonguss|93\/100\n|move|p1b: Gholdengo|Dazzling Gleam|p2a: Chandelure|[spread] p2a,p2b\n|-resisted|p2a: Chandelure\n|-crit|p2a: Chandelure\n|-supereffective|p2b: Pawmot\n|-damage|p2a: Chandelure|44\/100\n|-damage|p2b: Pawmot|20\/100\n|\n|-heal|p2b: Pawmot|26\/100|[from] Grassy Terrain\n|-heal|p2a: Chandelure|50\/100|[from] Grassy Terrain\n|-heal|p1b: Gholdengo|57\/100|[from] Grassy Terrain\n|-heal|p1a: Amoonguss|99\/100|[from] Grassy Terrain\n|-heal|p1a: Amoonguss|100\/100|[from] item: Leftovers\n|-sideend|p2: Linkmasterjr|move: Tailwind\n|upkeep\n|turn|7\n|\n|t:|1699470305\n|move|p2b: Pawmot|Thunder Punch|p1b: Gholdengo\n|-damage|p1b: Gholdengo|7\/100\n|move|p1b: Gholdengo|Dazzling Gleam|p2b: Pawmot|[spread] p2a,p2b\n|-resisted|p2a: Chandelure\n|-supereffective|p2b: Pawmot\n|-damage|p2a: Chandelure|38\/100\n|-damage|p2b: Pawmot|0 fnt\n|faint|p2b: Pawmot\n|move|p2a: Chandelure|Heat Wave|p1b: Gholdengo|[spread] p1a,p1b\n|-supereffective|p1a: Amoonguss\n|-supereffective|p1b: Gholdengo\n|-damage|p1a: Amoonguss|48\/100\n|-damage|p1b: Gholdengo|0 fnt\n|-status|p1a: Amoonguss|brn\n|faint|p1b: Gholdengo\n|move|p1a: Amoonguss|Spore|p2a: Chandelure\n|-status|p2a: Chandelure|slp|[from] move: Spore\n|\n|-heal|p2a: Chandelure|44\/100 slp|[from] Grassy Terrain\n|-heal|p1a: Amoonguss|54\/100 brn|[from] Grassy Terrain\n|-heal|p1a: Amoonguss|60\/100 brn|[from] item: Leftovers\n|-damage|p1a: Amoonguss|54\/100 brn|[from] brn\n|upkeep\n|\n|t:|1699470319\n|switch|p2b: Rillaboom|Rillaboom, M|50\/100\n|switch|p1b: Cinderace|Cinderace, M, tera:Water|69\/100\n|-damage|p2b: Rillaboom|38\/100|[from] Stealth Rock\n|turn|8\n|\n|t:|1699470327\n|move|p2b: Rillaboom|Fake Out|p1b: Cinderace\n|-damage|p1b: Cinderace|48\/100\n|cant|p1b: Cinderace|flinch\n|cant|p2a: Chandelure|slp\n|move|p1a: Amoonguss|Sludge Bomb|p2b: Rillaboom\n|-supereffective|p2b: Rillaboom\n|-crit|p2b: Rillaboom\n|-damage|p2b: Rillaboom|0 fnt\n|faint|p2b: Rillaboom\n|\n|-heal|p1b: Cinderace|54\/100|[from] Grassy Terrain\n|-heal|p2a: Chandelure|50\/100 slp|[from] Grassy Terrain\n|-heal|p1a: Amoonguss|60\/100 brn|[from] Grassy Terrain\n|-heal|p1a: Amoonguss|66\/100 brn|[from] item: Leftovers\n|-damage|p1a: Amoonguss|60\/100 brn|[from] brn\n|-fieldend|move: Grassy Terrain\n|upkeep\n|turn|9\n|\n|t:|1699470338\n|move|p1b: Cinderace|Tera Blast|p2a: Chandelure|[anim] Tera Blast Water\n|-supereffective|p2a: Chandelure\n|-damage|p2a: Chandelure|0 fnt\n|faint|p2a: Chandelure\n|\n|win|Jonathan53332\n","uploadtime":1699470341,"views":10,"p1id":"jonathan53332","p2id":"linkmasterjr","formatid":"gen9doublesou","rating":0,"private":0,"password":""}