{"id":"gen9doublesou-1991059566","p1":"spidowardo","p2":"chipmunkymonkey321","format":"[Gen 9] Doubles OU","log":"|j|\u2606spidowardo\n|j|\u2606chipmunkymonkey321\n|t:|1700036325\n|gametype|doubles\n|player|p1|spidowardo|169|1326\n|player|p2|chipmunkymonkey321|benga|1303\n|teamsize|p1|6\n|teamsize|p2|6\n|gen|9\n|tier|[Gen 9] Doubles OU\n|rated|\n|rule|Species Clause: Limit one of each Pok\u00e9mon\n|rule|OHKO Clause: OHKO moves are banned\n|rule|Evasion Moves Clause: Evasion moves are banned\n|rule|Gravity Sleep Clause: The combination of sleep-inducing moves with imperfect accuracy and Gravity or Gigantamax Orbeetle are banned\n|rule|Endless Battle Clause: Forcing endless battles is banned\n|rule|HP Percentage Mod: HP is shown in percentages\n|clearpoke\n|poke|p1|Tornadus, M|\n|poke|p1|Landorus-Therian, M|\n|poke|p1|Chien-Pao|\n|poke|p1|Cresselia, F|\n|poke|p1|Amoonguss, F|\n|poke|p1|Walking Wake|\n|poke|p2|Amoonguss, F|\n|poke|p2|Arcanine, F|\n|poke|p2|Cresselia, F|\n|poke|p2|Ting-Lu|\n|poke|p2|Roaring Moon|\n|poke|p2|Gastrodon, F|\n|teampreview\n|inactive|Battle timer is ON: inactive players will automatically lose when time's up. (requested by chipmunkymonkey321)\n|\n|t:|1700036353\n|start\n|switch|p1a: Tornadus|Tornadus, M, shiny|100\/100\n|switch|p1b: Landorus|Landorus-Therian, M, shiny|100\/100\n|switch|p2a: Arcanine|Arcanine, F|100\/100\n|switch|p2b: Gastrodon|Gastrodon, F|100\/100\n|-ability|p1b: Landorus|Intimidate|boost\n|-unboost|p2a: Arcanine|atk|1\n|-unboost|p2b: Gastrodon|atk|1\n|-ability|p2a: Arcanine|Intimidate|boost\n|-unboost|p1a: Tornadus|atk|1\n|-unboost|p1b: Landorus|atk|1\n|turn|1\n|inactive|chipmunkymonkey321 has 120 seconds left.\n|\n|t:|1700036386\n|switch|p1b: Amoonguss|Amoonguss, F, shiny|100\/100\n|move|p1a: Tornadus|Tailwind|p1a: Tornadus\n|-sidestart|p1: spidowardo|move: Tailwind\n|move|p2a: Arcanine|Will-O-Wisp|p1b: Amoonguss\n|-status|p1b: Amoonguss|brn\n|move|p2b: Gastrodon|Muddy Water|p1b: Amoonguss|[spread] p1a,p1b\n|-resisted|p1b: Amoonguss\n|-damage|p1a: Tornadus|70\/100\n|-damage|p1b: Amoonguss|92\/100 brn\n|\n|-heal|p1b: Amoonguss|98\/100 brn|[from] item: Black Sludge\n|-damage|p1b: Amoonguss|92\/100 brn|[from] brn\n|upkeep\n|turn|2\n|inactive|chipmunkymonkey321 has 120 seconds left.\n|\n|t:|1700036430\n|move|p1a: Tornadus|Taunt|p2a: Arcanine\n|-start|p2a: Arcanine|move: Taunt\n|move|p2a: Arcanine|Snarl|p1a: Tornadus|[spread] p1a,p1b\n|-damage|p1a: Tornadus|56\/100\n|-damage|p1b: Amoonguss|84\/100 brn\n|-unboost|p1a: Tornadus|spa|1\n|-unboost|p1b: Amoonguss|spa|1\n|move|p1b: Amoonguss|Spore|p2b: Gastrodon\n|-status|p2b: Gastrodon|slp|[from] move: Spore\n|cant|p2b: Gastrodon|slp\n|\n|-heal|p1b: Amoonguss|91\/100 brn|[from] item: Black Sludge\n|-damage|p1b: Amoonguss|84\/100 brn|[from] brn\n|upkeep\n|turn|3\n|inactive|chipmunkymonkey321 has 120 seconds left.\n|\n|t:|1700036448\n|switch|p1a: Landorus|Landorus-Therian, M, shiny|100\/100\n|-ability|p1a: Landorus|Intimidate|boost\n|-unboost|p2a: Arcanine|atk|1\n|-unboost|p2b: Gastrodon|atk|1\n|switch|p1b: Walking Wake|Walking Wake|100\/100\n|-enditem|p1b: Walking Wake|Booster Energy\n|-activate|p1b: Walking Wake|ability: Protosynthesis|[fromitem]\n|-start|p1b: Walking Wake|protosynthesisspa\n|move|p2a: Arcanine|Snarl|p1a: Landorus|[spread] p1a,p1b\n|-damage|p1a: Landorus|89\/100\n|-damage|p1b: Walking Wake|90\/100\n|-unboost|p1a: Landorus|spa|1\n|-unboost|p1b: Walking Wake|spa|1\n|cant|p2b: Gastrodon|slp\n|\n|upkeep\n|turn|4\n|inactive|chipmunkymonkey321 has 120 seconds left.\n|inactive|chipmunkymonkey321 has 90 seconds left.\n|\n|t:|1700036507\n|-end|p1b: Walking Wake|Protosynthesis|[silent]\n|switch|p1b: Cresselia|Cresselia, F, shiny|100\/100\n|-terastallize|p1a: Landorus|Ground\n|move|p1a: Landorus|Earthquake|p2a: Arcanine|[spread] p2a,p2b\n|-immune|p1b: Cresselia|[from] ability: Levitate\n|-supereffective|p2a: Arcanine\n|-damage|p2a: Arcanine|0 fnt\n|-damage|p2b: Gastrodon|25\/100 slp\n|faint|p2a: Arcanine\n|cant|p2b: Gastrodon|slp\n|\n|-heal|p2b: Gastrodon|31\/100 slp|[from] item: Leftovers\n|-sideend|p1: spidowardo|move: Tailwind\n|upkeep\n|inactive|chipmunkymonkey321 has 90 seconds left.\n|inactive|chipmunkymonkey321 has 60 seconds left.\n|\n|t:|1700036552\n|switch|p2a: Cresselia|Cresselia, F|100\/100\n|turn|5\n|\n|t:|1700036571\n|switch|p1a: Chien-Pao|Chien-Pao|100\/100\n|-ability|p1a: Chien-Pao|Sword of Ruin\n|move|p1b: Cresselia|Calm Mind|p1b: Cresselia\n|-boost|p1b: Cresselia|spa|1\n|-boost|p1b: Cresselia|spd|1\n|move|p2a: Cresselia|Lunar Blessing|p2a: Cresselia|[spread] p2a,p2b\n|-heal|p2b: Gastrodon|56\/100 slp\n|-curestatus|p2b: Gastrodon|slp|[msg]\n|move|p2b: Gastrodon|Recover|p2b: Gastrodon\n|-heal|p2b: Gastrodon|100\/100\n|\n|upkeep\n|turn|6\n|inactive|chipmunkymonkey321 has 90 seconds left.\n|inactive|chipmunkymonkey321 has 60 seconds left.\n|inactive|chipmunkymonkey321 has 30 seconds left.\n|inactive|chipmunkymonkey321 has 20 seconds left.\n|inactive|chipmunkymonkey321 has 15 seconds left.\n|inactive|chipmunkymonkey321 has 10 seconds left.\n|inactive|chipmunkymonkey321 has 5 seconds left.\n|-message|chipmunkymonkey321 lost due to inactivity.\n|\n|win|spidowardo\n|raw|spidowardo's rating: 1326 &rarr; <strong>1345<\/strong><br \/>(+19 for winning)\n|raw|chipmunkymonkey321's rating: 1303 &rarr; <strong>1284<\/strong><br \/>(-19 for losing)\n|l|\u2606spidowardo\n","uploadtime":1700036708,"views":19,"p1id":"spidowardo","p2id":"chipmunkymonkey321","formatid":"gen9doublesou","rating":1284,"private":0,"password":""}