{"id":"gen9doublesou-1977064300","p1":"sadboigaming","p2":"Dxrkness.rising","format":"[Gen 9] Doubles OU","log":"|j|\u2606sadboigaming\n|j|\u2606Dxrkness.rising\n|t:|1698367524\n|gametype|doubles\n|player|p1|sadboigaming|unknown|\n|player|p2|Dxrkness.rising|wallace|\n|teamsize|p1|6\n|teamsize|p2|6\n|gen|9\n|tier|[Gen 9] Doubles OU\n|rule|Species Clause: Limit one of each Pok\u00e9mon\n|rule|OHKO Clause: OHKO moves are banned\n|rule|Evasion Moves Clause: Evasion moves are banned\n|rule|Gravity Sleep Clause: The combination of sleep-inducing moves with imperfect accuracy and Gravity or Gigantamax Orbeetle are banned\n|rule|Endless Battle Clause: Forcing endless battles is banned\n|rule|HP Percentage Mod: HP is shown in percentages\n|clearpoke\n|poke|p1|Regidrago|\n|poke|p1|Hoopa|\n|poke|p1|Torkoal, M|\n|poke|p1|Great Tusk|\n|poke|p1|Thundurus, M|\n|poke|p1|Enamorus-Therian, F|\n|poke|p2|Azumarill, F|\n|poke|p2|Toxtricity, M|\n|poke|p2|Appletun, F|\n|poke|p2|Brute Bonnet|\n|poke|p2|Gengar, M|\n|poke|p2|Inteleon, M|\n|teampreview\n|j| Redzone92\n|j| GoDDanteX\n|\n|t:|1698367560\n|start\n|switch|p1a: Great Tusk|Great Tusk|100\/100\n|switch|p1b: Enamorus|Enamorus-Therian, F|100\/100\n|switch|p2a: Applebottom Jeans|Appletun, F, shiny|100\/100\n|switch|p2b: Shroom Lord|Brute Bonnet|100\/100\n|-enditem|p1a: Great Tusk|Booster Energy\n|-activate|p1a: Great Tusk|ability: Protosynthesis|[fromitem]\n|-start|p1a: Great Tusk|protosynthesisatk\n|turn|1\n|\n|t:|1698367584\n|-terastallize|p1b: Enamorus|Bug\n|move|p1a: Great Tusk|Ice Spinner|p2a: Applebottom Jeans\n|-supereffective|p2a: Applebottom Jeans\n|-damage|p2a: Applebottom Jeans|23\/100\n|move|p1b: Enamorus|Sludge Bomb|p2b: Shroom Lord\n|-supereffective|p2b: Shroom Lord\n|-damage|p2b: Shroom Lord|40\/100\n|move|p2b: Shroom Lord|Spore|p1b: Enamorus\n|-immune|p1b: Enamorus|[from] ability: Overcoat\n|move|p2a: Applebottom Jeans|Light Screen|p2a: Applebottom Jeans\n|-sidestart|p2: Dxrkness.rising|move: Light Screen\n|\n|upkeep\n|turn|2\n|\n|t:|1698367603\n|move|p1a: Great Tusk|Ice Spinner|p2a: Applebottom Jeans\n|-supereffective|p2a: Applebottom Jeans\n|-damage|p2a: Applebottom Jeans|0 fnt\n|faint|p2a: Applebottom Jeans\n|move|p1b: Enamorus|Dazzling Gleam|p2b: Shroom Lord\n|-supereffective|p2b: Shroom Lord\n|-damage|p2b: Shroom Lord|0 fnt\n|faint|p2b: Shroom Lord\n|-end|p2b: Shroom Lord|Protosynthesis|[silent]\n|\n|upkeep\n|\n|t:|1698367614\n|switch|p2b: Gavin|Toxtricity, M|100\/100\n|switch|p2a: Wet \ud83c\udf51 Pokemon|Azumarill, F, shiny|100\/100\n|turn|3\n|j| Kevin Dickey12\n|\n|t:|1698367633\n|-terastallize|p2b: Gavin|Ground\n|move|p2a: Wet \ud83c\udf51 Pokemon|Helping Hand|p2b: Gavin\n|-singleturn|p2b: Gavin|Helping Hand|[of] p2a: Wet \ud83c\udf51 Pokemon\n|move|p1a: Great Tusk|Earthquake|p2a: Wet \ud83c\udf51 Pokemon|[spread] p1b,p2a,p2b\n|-resisted|p1b: Enamorus\n|-damage|p1b: Enamorus|76\/100\n|-damage|p2a: Wet \ud83c\udf51 Pokemon|48\/100\n|-damage|p2b: Gavin|29\/100\n|-enditem|p2a: Wet \ud83c\udf51 Pokemon|Sitrus Berry|[eat]\n|-heal|p2a: Wet \ud83c\udf51 Pokemon|73\/100|[from] item: Sitrus Berry\n|move|p2b: Gavin|Overdrive|p1a: Great Tusk|[spread] p1b\n|-immune|p1a: Great Tusk\n|-damage|p1b: Enamorus|0 fnt\n|faint|p1b: Enamorus\n|\n|upkeep\n|\n|t:|1698367661\n|switch|p1b: Thundurus|Thundurus, M, shiny|100\/100\n|turn|4\n|\n|t:|1698367687\n|switch|p2b: Connor|Inteleon, M|100\/100\n|move|p1b: Thundurus|Thunderbolt|p2a: Wet \ud83c\udf51 Pokemon\n|-supereffective|p2a: Wet \ud83c\udf51 Pokemon\n|-crit|p2a: Wet \ud83c\udf51 Pokemon\n|-damage|p2a: Wet \ud83c\udf51 Pokemon|0 fnt\n|faint|p2a: Wet \ud83c\udf51 Pokemon\n|move|p1a: Great Tusk|Earthquake|p2b: Connor|[spread] p2b\n|-immune|p1b: Thundurus\n|-damage|p2b: Connor|19\/100\n|\n|upkeep\n|\n|t:|1698367700\n|switch|p2a: Dusanek|Gengar, M, shiny|100\/100\n|turn|5\n|\n|t:|1698367717\n|move|p1b: Thundurus|Volt Switch|p2b: Connor\n|-supereffective|p2b: Connor\n|-damage|p2b: Connor|0 fnt\n|faint|p2b: Connor\n|\n|t:|1698367724\n|switch|p1b: Hoopa|Hoopa|100\/100|[from] Volt Switch\n|move|p2a: Dusanek|Dazzling Gleam|p1b: Hoopa|[spread] p1a,p1b\n|-supereffective|p1a: Great Tusk\n|-damage|p1a: Great Tusk|36\/100\n|-damage|p1b: Hoopa|81\/100\n|move|p1a: Great Tusk|Earthquake|p2a: Dusanek|[spread] p1b,p2a\n|-supereffective|p2a: Dusanek\n|-damage|p1b: Hoopa|0 fnt\n|-damage|p2a: Dusanek|0 fnt\n|-start|p1a: Great Tusk|Disable|Earthquake|[from] ability: Cursed Body|[of] p2a: Dusanek\n|faint|p1b: Hoopa\n|faint|p2a: Dusanek\n|\n|upkeep\n|\n|t:|1698367740\n|switch|p2a: Gavin|Toxtricity, M, tera:Ground|29\/100\n|switch|p1b: Regidrago|Regidrago, shiny|100\/100\n|turn|6\n|\n|t:|1698367753\n|move|p1b: Regidrago|Protect|p1b: Regidrago\n|-singleturn|p1b: Regidrago|Protect\n|move|p1a: Great Tusk|Ice Spinner|p2a: Gavin\n|-supereffective|p2a: Gavin\n|-crit|p2a: Gavin\n|-damage|p2a: Gavin|0 fnt\n|faint|p2a: Gavin\n|\n|win|sadboigaming\n","uploadtime":1698367775,"views":20,"p1id":"sadboigaming","p2id":"dxrknessrising","formatid":"gen9doublesou","rating":0,"private":0,"password":""}