{"id":"gen9doublesou-1973923072","p1":"Abowlofmagnemites","p2":"RenOfHeart","format":"[Gen 9] Doubles OU","log":"|j|\u2606Abowlofmagnemites\n|j|\u2606RenOfHeart\n|t:|1698028547\n|gametype|doubles\n|player|p1|Abowlofmagnemites|plasmagruntf-gen5bw|1160\n|player|p2|RenOfHeart|n|1286\n|teamsize|p1|6\n|teamsize|p2|6\n|gen|9\n|tier|[Gen 9] Doubles OU\n|rated|\n|rule|Species Clause: Limit one of each Pok\u00e9mon\n|rule|OHKO Clause: OHKO moves are banned\n|rule|Evasion Moves Clause: Evasion moves are banned\n|rule|Gravity Sleep Clause: The combination of sleep-inducing moves with imperfect accuracy and Gravity or Gigantamax Orbeetle are banned\n|rule|Endless Battle Clause: Forcing endless battles is banned\n|rule|HP Percentage Mod: HP is shown in percentages\n|clearpoke\n|poke|p1|Iron Valiant|\n|poke|p1|Armarouge, M|\n|poke|p1|Indeedee-F, F|\n|poke|p1|Ogerpon-Wellspring, F|\n|poke|p1|Zoroark-Hisui, F|\n|poke|p1|Vikavolt, F|\n|poke|p2|Okidogi, M|\n|poke|p2|Roaring Moon|\n|poke|p2|Iron Hands|\n|poke|p2|Chien-Pao|\n|poke|p2|Sinistcha|\n|poke|p2|Arcanine-Hisui, M|\n|teampreview\n|\n|t:|1698028556\n|start\n|switch|p1a: Indeedee|Indeedee-F, F|100\/100\n|switch|p1b: Vikavolt|Vikavolt, F|100\/100\n|switch|p2a: Chien-Pao|Chien-Pao|100\/100\n|switch|p2b: Arcanine|Arcanine-Hisui, M|100\/100\n|-ability|p2a: Chien-Pao|Sword of Ruin\n|-ability|p2b: Arcanine|Intimidate|boost\n|-unboost|p1a: Indeedee|atk|1\n|-unboost|p1b: Vikavolt|atk|1\n|-fieldstart|move: Psychic Terrain|[from] ability: Psychic Surge|[of] p1a: Indeedee\n|turn|1\n|\n|t:|1698028579\n|move|p1a: Indeedee|Follow Me|p1a: Indeedee\n|-singleturn|p1a: Indeedee|move: Follow Me\n|move|p2a: Chien-Pao|Icicle Crash|p1a: Indeedee\n|-damage|p1a: Indeedee|12\/100\n|move|p2b: Arcanine|Flare Blitz|p1a: Indeedee\n|-damage|p1a: Indeedee|0 fnt\n|faint|p1a: Indeedee\n|-damage|p2b: Arcanine|97\/100|[from] Recoil\n|move|p1b: Vikavolt|Sticky Web|p2b: Arcanine\n|-sidestart|p2: RenOfHeart|move: Sticky Web\n|\n|-heal|p2b: Arcanine|100\/100|[from] item: Leftovers\n|upkeep\n|\n|t:|1698028591\n|switch|p1a: Armarouge|Armarouge, M|100\/100\n|turn|2\n|\n|t:|1698028598\n|switch|p1b: Ogerpon|Ogerpon-Wellspring, F|100\/100\n|move|p2a: Chien-Pao|Sucker Punch|p1a: Armarouge\n|-activate|p1a: Armarouge|move: Psychic Terrain\n|move|p2b: Arcanine|Rock Slide|p1b: Ogerpon|[spread] \n|-miss|p2b: Arcanine|p1a: Armarouge\n|-miss|p2b: Arcanine|p1b: Ogerpon\n|move|p1a: Armarouge|Heat Wave|p2a: Chien-Pao|[spread] p2b\n|-miss|p1a: Armarouge|p2a: Chien-Pao\n|-resisted|p2b: Arcanine\n|-damage|p2b: Arcanine|88\/100\n|\n|-heal|p2b: Arcanine|94\/100|[from] item: Leftovers\n|upkeep\n|turn|3\n|\n|t:|1698028621\n|-terastallize|p2b: Arcanine|Normal\n|move|p1a: Armarouge|Wide Guard|p1a: Armarouge\n|-singleturn|p1a: Armarouge|Wide Guard\n|move|p2b: Arcanine|Extreme Speed|p1a: Armarouge\n|-activate|p1a: Armarouge|move: Psychic Terrain\n|move|p2a: Chien-Pao|Icicle Crash|p1b: Ogerpon\n|-damage|p1b: Ogerpon|27\/100\n|move|p1b: Ogerpon|Ivy Cudgel|p2b: Arcanine\n|-damage|p2b: Arcanine|0 fnt\n|faint|p2b: Arcanine\n|\n|upkeep\n|\n|t:|1698028634\n|switch|p2b: Iron Hands|Iron Hands|100\/100\n|-activate|p2b: Iron Hands|move: Sticky Web\n|-unboost|p2b: Iron Hands|spe|1\n|turn|4\n|\n|t:|1698028646\n|move|p1b: Ogerpon|Spiky Shield|p1b: Ogerpon\n|-singleturn|p1b: Ogerpon|move: Protect\n|move|p2a: Chien-Pao|Icicle Crash|p1b: Ogerpon\n|-activate|p1b: Ogerpon|move: Protect\n|move|p1a: Armarouge|Heat Wave|p2b: Iron Hands|[spread] p2a,p2b\n|-supereffective|p2a: Chien-Pao\n|-enditem|p2a: Chien-Pao|Focus Sash\n|-damage|p2a: Chien-Pao|1\/100\n|-damage|p2b: Iron Hands|78\/100\n|move|p2b: Iron Hands|Drain Punch|p1a: Armarouge\n|-resisted|p1a: Armarouge\n|-damage|p1a: Armarouge|67\/100\n|-heal|p2b: Iron Hands|89\/100|[from] drain|[of] p1a: Armarouge\n|-ability|p1a: Armarouge|Weak Armor|boost\n|-unboost|p1a: Armarouge|def|1\n|-boost|p1a: Armarouge|spe|2\n|\n|upkeep\n|turn|5\n|\n|t:|1698028668\n|move|p1a: Armarouge|Expanding Force|p2a: Chien-Pao|[spread] p2b\n|-immune|p2a: Chien-Pao\n|-supereffective|p2b: Iron Hands\n|-damage|p2b: Iron Hands|15\/100\n|move|p2a: Chien-Pao|Icicle Crash|p1b: Ogerpon\n|-damage|p1b: Ogerpon|0 fnt\n|faint|p1b: Ogerpon\n|move|p2b: Iron Hands|Drain Punch|p1a: Armarouge\n|-resisted|p1a: Armarouge\n|-damage|p1a: Armarouge|23\/100\n|-heal|p2b: Iron Hands|29\/100|[from] drain|[of] p1a: Armarouge\n|-ability|p1a: Armarouge|Weak Armor|boost\n|-unboost|p1a: Armarouge|def|1\n|-boost|p1a: Armarouge|spe|2\n|\n|upkeep\n|\n|t:|1698028681\n|switch|p1b: Iron Valiant|Iron Valiant|100\/100\n|-enditem|p1b: Iron Valiant|Booster Energy\n|-activate|p1b: Iron Valiant|ability: Quark Drive|[fromitem]\n|-start|p1b: Iron Valiant|quarkdrivespe\n|turn|6\n|\n|t:|1698028691\n|move|p1a: Armarouge|Heat Wave|p2b: Iron Hands|[spread] p2a,p2b\n|-supereffective|p2a: Chien-Pao\n|-damage|p2a: Chien-Pao|0 fnt\n|-damage|p2b: Iron Hands|5\/100\n|faint|p2a: Chien-Pao\n|move|p1b: Iron Valiant|Psycho Cut|p2b: Iron Hands\n|-supereffective|p2b: Iron Hands\n|-damage|p2b: Iron Hands|0 fnt\n|faint|p2b: Iron Hands\n|-end|p2b: Iron Hands|Quark Drive|[silent]\n|\n|upkeep\n|\n|t:|1698028700\n|switch|p2a: Okidogi|Okidogi, M|100\/100\n|switch|p2b: Roaring Moon|Roaring Moon|100\/100\n|-activate|p2b: Roaring Moon|move: Sticky Web\n|-unboost|p2b: Roaring Moon|spe|1\n|-activate|p2a: Okidogi|move: Sticky Web\n|-unboost|p2a: Okidogi|spe|1\n|-enditem|p2b: Roaring Moon|Booster Energy\n|-activate|p2b: Roaring Moon|ability: Protosynthesis|[fromitem]\n|-start|p2b: Roaring Moon|protosynthesisatk\n|turn|7\n|\n|t:|1698028728\n|move|p1a: Armarouge|Expanding Force|p2b: Roaring Moon|[spread] p2a\n|-immune|p2b: Roaring Moon\n|-supereffective|p2a: Okidogi\n|-damage|p2a: Okidogi|0 fnt\n|faint|p2a: Okidogi\n|move|p1b: Iron Valiant|Spirit Break|p2b: Roaring Moon\n|-supereffective|p2b: Roaring Moon\n|-damage|p2b: Roaring Moon|0 fnt\n|faint|p2b: Roaring Moon\n|-end|p2b: Roaring Moon|Protosynthesis|[silent]\n|\n|upkeep\n|-message|RenOfHeart forfeited.\n|\n|win|Abowlofmagnemites\n|raw|Abowlofmagnemites's rating: 1160 &rarr; <strong>1194<\/strong><br \/>(+34 for winning)\n|raw|RenOfHeart's rating: 1286 &rarr; <strong>1252<\/strong><br \/>(-34 for losing)\n","uploadtime":1698028746,"views":11,"p1id":"abowlofmagnemites","p2id":"renofheart","formatid":"gen9doublesou","rating":1194,"private":0,"password":""}