{"id":"gen9doublesou-1998853761","p1":"Adfgdfb","p2":"aaaa noob","format":"[Gen 9] Doubles OU","log":"|j|\u2606Adfgdfb\n|j|\u2606aaaa noob\n|t:|1701003536\n|gametype|doubles\n|player|p1|Adfgdfb|266|1094\n|player|p2|aaaa noob|caitlin|1092\n|teamsize|p1|6\n|teamsize|p2|6\n|gen|9\n|tier|[Gen 9] Doubles OU\n|rated|\n|rule|Species Clause: Limit one of each Pok\u00e9mon\n|rule|OHKO Clause: OHKO moves are banned\n|rule|Evasion Moves Clause: Evasion moves are banned\n|rule|Gravity Sleep Clause: The combination of sleep-inducing moves with imperfect accuracy and Gravity or Gigantamax Orbeetle are banned\n|rule|Endless Battle Clause: Forcing endless battles is banned\n|rule|HP Percentage Mod: HP is shown in percentages\n|clearpoke\n|poke|p1|Flutter Mane|\n|poke|p1|Chi-Yu|\n|poke|p1|Landorus, M|\n|poke|p1|Volbeat, M|\n|poke|p1|Rillaboom, M|\n|poke|p1|Iron Hands|\n|poke|p2|Flutter Mane|\n|poke|p2|Torkoal, M|\n|poke|p2|Farigiraf, M|\n|poke|p2|Chi-Yu|\n|poke|p2|Ursaluna-Bloodmoon, M|\n|poke|p2|Amoonguss, F|\n|teampreview\n|inactive|Battle timer is ON: inactive players will automatically lose when time's up. (requested by Adfgdfb)\n|\n|t:|1701003545\n|start\n|switch|p1a: Volbeat|Volbeat, M|100\/100\n|switch|p1b: Rillaboom|Rillaboom, M|100\/100\n|switch|p2a: Farigiraf|Farigiraf, M|100\/100\n|switch|p2b: G yo|Ursaluna-Bloodmoon, M|100\/100\n|-fieldstart|move: Grassy Terrain|[from] ability: Grassy Surge|[of] p1b: Rillaboom\n|turn|1\n|\n|t:|1701003569\n|move|p1a: Volbeat|Tail Glow|p1a: Volbeat\n|-boost|p1a: Volbeat|spa|3\n|move|p1b: Rillaboom|Knock Off|p2a: Farigiraf\n|-supereffective|p2a: Farigiraf\n|-damage|p2a: Farigiraf|32\/100\n|-enditem|p2a: Farigiraf|Safety Goggles|[from] move: Knock Off|[of] p1b: Rillaboom\n|move|p2b: G yo|Blood Moon|p1b: Rillaboom\n|-damage|p1b: Rillaboom|36\/100\n|-damage|p2b: G yo|90\/100|[from] item: Life Orb\n|move|p2a: Farigiraf|Trick Room|p2a: Farigiraf\n|-fieldstart|move: Trick Room|[of] p2a: Farigiraf\n|\n|-heal|p2b: G yo|97\/100|[from] Grassy Terrain\n|-heal|p2a: Farigiraf|38\/100|[from] Grassy Terrain\n|-heal|p1b: Rillaboom|42\/100|[from] Grassy Terrain\n|upkeep\n|turn|2\n|inactive|Adfgdfb has 120 seconds left.\n|\n|t:|1701003605\n|move|p2a: Farigiraf|Protect|p2a: Farigiraf\n|-singleturn|p2a: Farigiraf|Protect\n|move|p1a: Volbeat|Substitute|p1a: Volbeat\n|-start|p1a: Volbeat|Substitute\n|-damage|p1a: Volbeat|76\/100\n|move|p2b: G yo|Moonblast|p1b: Rillaboom\n|-damage|p1b: Rillaboom|15\/100\n|-damage|p2b: G yo|87\/100|[from] item: Life Orb\n|move|p1b: Rillaboom|Knock Off|p2a: Farigiraf\n|-activate|p2a: Farigiraf|move: Protect\n|\n|-heal|p2b: G yo|93\/100|[from] Grassy Terrain\n|-heal|p2a: Farigiraf|44\/100|[from] Grassy Terrain\n|-heal|p1b: Rillaboom|21\/100|[from] Grassy Terrain\n|-heal|p1a: Volbeat|82\/100|[from] Grassy Terrain\n|upkeep\n|turn|3\n|inactive|Adfgdfb has 120 seconds left.\n|\n|t:|1701003647\n|switch|p1b: Iron Hands|Iron Hands|100\/100\n|move|p1a: Volbeat|Tail Glow|p1a: Volbeat\n|-boost|p1a: Volbeat|spa|3\n|move|p2b: G yo|Earth Power|p1a: Volbeat\n|-resisted|p1a: Volbeat\n|-crit|p1a: Volbeat\n|-end|p1a: Volbeat|Substitute\n|-damage|p2b: G yo|83\/100|[from] item: Life Orb\n|move|p2a: Farigiraf|Psychic|p1b: Iron Hands\n|-supereffective|p1b: Iron Hands\n|-damage|p1b: Iron Hands|60\/100\n|\n|-heal|p1b: Iron Hands|67\/100|[from] Grassy Terrain\n|-heal|p2b: G yo|89\/100|[from] Grassy Terrain\n|-heal|p2a: Farigiraf|50\/100|[from] Grassy Terrain\n|-heal|p1a: Volbeat|88\/100|[from] Grassy Terrain\n|upkeep\n|turn|4\n|inactive|Adfgdfb has 120 seconds left.\n|\n|t:|1701003669\n|move|p1a: Volbeat|Substitute|p1a: Volbeat\n|-start|p1a: Volbeat|Substitute\n|-damage|p1a: Volbeat|63\/100\n|move|p1b: Iron Hands|Drain Punch|p2b: G yo\n|-supereffective|p2b: G yo\n|-damage|p2b: G yo|29\/100\n|-heal|p1b: Iron Hands|95\/100|[from] drain|[of] p2b: G yo\n|move|p2b: G yo|Blood Moon|p1a: Volbeat\n|-end|p1a: Volbeat|Substitute\n|-damage|p2b: G yo|19\/100|[from] item: Life Orb\n|move|p2a: Farigiraf|Psychic|p1b: Iron Hands\n|-supereffective|p1b: Iron Hands\n|-damage|p1b: Iron Hands|54\/100\n|\n|-heal|p1b: Iron Hands|60\/100|[from] Grassy Terrain\n|-heal|p2b: G yo|25\/100|[from] Grassy Terrain\n|-heal|p2a: Farigiraf|56\/100|[from] Grassy Terrain\n|-heal|p1a: Volbeat|69\/100|[from] Grassy Terrain\n|upkeep\n|turn|5\n|inactive|aaaa noob has 120 seconds left.\n|\n|t:|1701003711\n|move|p1a: Volbeat|Roost|p1a: Volbeat\n|-heal|p1a: Volbeat|100\/100\n|-singleturn|p1a: Volbeat|move: Roost\n|move|p1b: Iron Hands|Drain Punch|p2b: G yo\n|-supereffective|p2b: G yo\n|-damage|p2b: G yo|0 fnt\n|-heal|p1b: Iron Hands|72\/100|[from] drain|[of] p2b: G yo\n|faint|p2b: G yo\n|move|p2a: Farigiraf|Psychic|p1b: Iron Hands\n|-supereffective|p1b: Iron Hands\n|-damage|p1b: Iron Hands|26\/100\n|\n|-heal|p1b: Iron Hands|33\/100|[from] Grassy Terrain\n|-heal|p2a: Farigiraf|62\/100|[from] Grassy Terrain\n|-fieldend|move: Trick Room\n|-fieldend|move: Grassy Terrain\n|upkeep\n|\n|t:|1701003721\n|switch|p2b: Amoonguss|Amoonguss, F|100\/100\n|turn|6\n|inactive|aaaa noob has 120 seconds left.\n|\n|t:|1701003738\n|-end|p1b: Iron Hands|Quark Drive|[silent]\n|switch|p1b: Rillaboom|Rillaboom, M|21\/100\n|-fieldstart|move: Grassy Terrain|[from] ability: Grassy Surge|[of] p1b: Rillaboom\n|move|p1a: Volbeat|Substitute|p1a: Volbeat\n|-start|p1a: Volbeat|Substitute\n|-damage|p1a: Volbeat|76\/100\n|move|p2a: Farigiraf|Psychic|p1b: Rillaboom\n|-damage|p1b: Rillaboom|0 fnt\n|faint|p1b: Rillaboom\n|move|p2b: Amoonguss|Clear Smog|p1a: Volbeat\n|-activate|p1a: Volbeat|move: Substitute|[damage]\n|\n|-heal|p1a: Volbeat|82\/100|[from] Grassy Terrain\n|-heal|p2a: Farigiraf|68\/100|[from] Grassy Terrain\n|upkeep\n|inactive|Adfgdfb has 120 seconds left.\n|\n|t:|1701003771\n|switch|p1b: Chi-Yu|Chi-Yu|100\/100\n|-ability|p1b: Chi-Yu|Beads of Ruin\n|turn|7\n|inactive|Adfgdfb has 120 seconds left.\n|\n|t:|1701003797\n|-terastallize|p1b: Chi-Yu|Fire\n|-terastallize|p2a: Farigiraf|Fairy\n|move|p1a: Volbeat|Baton Pass|p1a: Volbeat\n|\n|t:|1701003805\n|switch|p1a: Flutter Mane|Flutter Mane|100\/100|[from] Baton Pass\n|-enditem|p1a: Flutter Mane|Booster Energy\n|-activate|p1a: Flutter Mane|ability: Protosynthesis|[fromitem]\n|-start|p1a: Flutter Mane|protosynthesisspa\n|move|p1b: Chi-Yu|Heat Wave|p2b: Amoonguss|[spread] p2a,p2b\n|-supereffective|p2b: Amoonguss\n|-damage|p2a: Farigiraf|0 fnt\n|-damage|p2b: Amoonguss|14\/100\n|-enditem|p2b: Amoonguss|Sitrus Berry|[eat]\n|-heal|p2b: Amoonguss|39\/100|[from] item: Sitrus Berry\n|faint|p2a: Farigiraf\n|move|p2b: Amoonguss|Clear Smog|p1a: Flutter Mane\n|-end|p1a: Flutter Mane|Substitute\n|\n|-heal|p2b: Amoonguss|46\/100|[from] Grassy Terrain\n|upkeep\n|\n|t:|1701003820\n|switch|p2a: Flutter Mane|Flutter Mane|100\/100\n|turn|8\n|c|\u2606aaaa noob|!weak flutter mane\n|c| aaaa noob|\/raw <div class=\"infobox\">Flutter Mane (ignoring abilities):<br \/><span class=\"message-effect-weak\">Weaknesses<\/span>: Ghost, Steel<br \/><span class=\"message-effect-resist\">Resistances<\/span>: <b>Bug<\/b><br \/><span class=\"message-effect-immune\">Immunities<\/span>: Dragon, Fighting, Normal, Trapping<\/div>\n|\n|t:|1701003850\n|move|p2b: Amoonguss|Rage Powder|p2b: Amoonguss\n|-singleturn|p2b: Amoonguss|move: Rage Powder\n|move|p1b: Chi-Yu|Heat Wave|p2a: Flutter Mane|[spread] p2a,p2b\n|-supereffective|p2b: Amoonguss\n|-damage|p2a: Flutter Mane|24\/100\n|-damage|p2b: Amoonguss|0 fnt\n|-status|p2a: Flutter Mane|brn\n|faint|p2b: Amoonguss\n|move|p1a: Flutter Mane|Dazzling Gleam|p2a: Flutter Mane\n|-damage|p2a: Flutter Mane|0 fnt\n|faint|p2a: Flutter Mane\n|-end|p2a: Flutter Mane|Protosynthesis|[silent]\n|\n|upkeep\n|\n|t:|1701003860\n|switch|p2a: Chi-Yu|Chi-Yu|100\/100\n|switch|p2b: Torkoal|Torkoal, M|100\/100\n|-ability|p2a: Chi-Yu|Beads of Ruin\n|-weather|SunnyDay|[from] ability: Drought|[of] p2b: Torkoal\n|turn|9\n|\n|t:|1701003888\n|move|p1b: Chi-Yu|Heat Wave|p2b: Torkoal|[spread] p2a,p2b\n|-resisted|p2a: Chi-Yu\n|-resisted|p2b: Torkoal\n|-damage|p2a: Chi-Yu|56\/100\n|-damage|p2b: Torkoal|29\/100\n|move|p1a: Flutter Mane|Dazzling Gleam|p2a: Chi-Yu|[spread] p2a,p2b\n|-resisted|p2b: Torkoal\n|-damage|p2a: Chi-Yu|0 fnt\n|-damage|p2b: Torkoal|0 fnt\n|faint|p2a: Chi-Yu\n|faint|p2b: Torkoal\n|\n|win|Adfgdfb\n|raw|Adfgdfb's rating: 1094 &rarr; <strong>1120<\/strong><br \/>(+26 for winning)\n|raw|aaaa noob's rating: 1092 &rarr; <strong>1068<\/strong><br \/>(-24 for losing)\n|l|\u2606aaaa noob\n","uploadtime":1701003899,"views":8,"p1id":"adfgdfb","p2id":"aaaanoob","formatid":"gen9doublesou","rating":1068,"private":0,"password":""}