{"id":"gen9doublesou-1970872813","p1":"Howlpup13","p2":"dorian1313","format":"[Gen 9] Doubles OU","log":"|j|\u2606Howlpup13\n|j|\u2606dorian1313\n|t:|1697675931\n|gametype|doubles\n|player|p1|Howlpup13|169|1076\n|player|p2|dorian1313|giovanni|1179\n|teamsize|p1|6\n|teamsize|p2|6\n|gen|9\n|tier|[Gen 9] Doubles OU\n|rated|\n|rule|Species Clause: Limit one of each Pok\u00e9mon\n|rule|OHKO Clause: OHKO moves are banned\n|rule|Evasion Moves Clause: Evasion moves are banned\n|rule|Gravity Sleep Clause: The combination of sleep-inducing moves with imperfect accuracy and Gravity or Gigantamax Orbeetle are banned\n|rule|Endless Battle Clause: Forcing endless battles is banned\n|rule|HP Percentage Mod: HP is shown in percentages\n|clearpoke\n|poke|p1|Volbeat, M|\n|poke|p1|Golduck, M|\n|poke|p1|Vaporeon, F|\n|poke|p1|Politoed, F|\n|poke|p1|Volcanion|\n|poke|p1|Indeedee-F, F|\n|poke|p2|Iron Moth|\n|poke|p2|Amoonguss, F|\n|poke|p2|Pelipper, F|\n|poke|p2|Ludicolo, F|\n|poke|p2|Arcanine-Hisui, M|\n|poke|p2|Gastrodon, F|\n|teampreview\n|inactive|Battle timer is ON: inactive players will automatically lose when time's up. (requested by Howlpup13)\n|\n|t:|1697675945\n|start\n|switch|p1a: Volbeat|Volbeat, M|100\/100\n|switch|p1b: Golduck|Golduck, M|100\/100\n|switch|p2a: Iron Moth|Iron Moth, shiny|100\/100\n|switch|p2b: Amoonguss|Amoonguss, F, shiny|100\/100\n|-enditem|p2a: Iron Moth|Booster Energy\n|-activate|p2a: Iron Moth|ability: Quark Drive|[fromitem]\n|-start|p2a: Iron Moth|quarkdrivespa\n|turn|1\n|inactive|dorian1313 has 120 seconds left.\n|\n|t:|1697675979\n|move|p2b: Amoonguss|Protect|p2b: Amoonguss\n|-singleturn|p2b: Amoonguss|Protect\n|move|p2a: Iron Moth|Discharge|p1b: Golduck|[spread] p1a,p1b\n|-activate|p2b: Amoonguss|move: Protect\n|-supereffective|p1b: Golduck\n|-damage|p1a: Volbeat|70\/100\n|-damage|p1b: Golduck|23\/100\n|-status|p1a: Volbeat|par\n|-status|p1b: Golduck|par\n|move|p1b: Golduck|Simple Beam|p1a: Volbeat\n|-endability|p1a: Volbeat|Swarm|[from] move: Simple Beam\n|-ability|p1a: Volbeat|Simple|[from] move: Simple Beam\n|cant|p1a: Volbeat|par\n|\n|upkeep\n|turn|2\n|c|\u2606Howlpup13|-_-\n|inactive|dorian1313 has 120 seconds left.\n|\n|t:|1697676017\n|switch|p2b: Gastrodon|Gastrodon, F, shiny|100\/100\n|move|p2a: Iron Moth|Discharge|p1a: Volbeat|[spread] p1a,p1b\n|-immune|p2b: Gastrodon\n|-supereffective|p1b: Golduck\n|-damage|p1a: Volbeat|40\/100 par\n|-damage|p1b: Golduck|0 fnt\n|faint|p1b: Golduck\n|move|p1a: Volbeat|Tail Glow|p1a: Volbeat\n|-boost|p1a: Volbeat|spa|6\n|\n|upkeep\n|\n|t:|1697676030\n|switch|p1b: Indeedee|Indeedee-F, F|100\/100\n|-fieldstart|move: Psychic Terrain|[from] ability: Psychic Surge|[of] p1b: Indeedee\n|turn|3\n|\n|t:|1697676041\n|move|p2a: Iron Moth|Heat Wave|p1a: Volbeat|[spread] p1a,p1b\n|-supereffective|p1a: Volbeat\n|-damage|p1a: Volbeat|0 fnt\n|-damage|p1b: Indeedee|46\/100\n|faint|p1a: Volbeat\n|move|p1b: Indeedee|Psych Up|p1: Volbeat|[notarget]\n|-fail|p1b: Indeedee\n|move|p2b: Gastrodon|Ice Beam|p1b: Indeedee\n|-damage|p1b: Indeedee|25\/100\n|-status|p1b: Indeedee|frz\n|\n|upkeep\n|\n|t:|1697676064\n|switch|p1a: Volcanion|Volcanion|100\/100\n|turn|4\n|\n|t:|1697676081\n|switch|p1b: Politoed|Politoed, F|100\/100\n|move|p2a: Iron Moth|Discharge|p1b: Politoed|[spread] p1a,p1b\n|-immune|p2b: Gastrodon\n|-supereffective|p1a: Volcanion\n|-supereffective|p1b: Politoed\n|-damage|p1a: Volcanion|61\/100\n|-damage|p1b: Politoed|47\/100\n|-status|p1b: Politoed|par\n|move|p1a: Volcanion|Scald|p2b: Gastrodon\n|-activate|p2b: Gastrodon|ability: Storm Drain\n|-ability|p2b: Gastrodon|Storm Drain|boost\n|-boost|p2b: Gastrodon|spa|1\n|move|p2b: Gastrodon|Ice Beam|p1a: Volcanion\n|-resisted|p1a: Volcanion\n|-damage|p1a: Volcanion|57\/100\n|-status|p1a: Volcanion|frz\n|\n|-heal|p1b: Politoed|53\/100 par|[from] item: Leftovers\n|upkeep\n|turn|5\n|c|\u2606Howlpup13|HOW\n|inactive|Howlpup13 has 120 seconds left.\n|\n|t:|1697676113\n|move|p2a: Iron Moth|Discharge|p1a: Volcanion|[spread] p1a,p1b\n|-immune|p2b: Gastrodon\n|-supereffective|p1a: Volcanion\n|-supereffective|p1b: Politoed\n|-damage|p1a: Volcanion|19\/100 frz\n|-damage|p1b: Politoed|2\/100 par\n|cant|p1a: Volcanion|frz\n|move|p2b: Gastrodon|Ice Beam|p1a: Volcanion\n|-resisted|p1a: Volcanion\n|-damage|p1a: Volcanion|14\/100 frz\n|move|p1b: Politoed|Hyper Voice|p2a: Iron Moth|[spread] p2a,p2b\n|-damage|p2a: Iron Moth|80\/100\n|-damage|p2b: Gastrodon|87\/100\n|\n|-heal|p2b: Gastrodon|93\/100|[from] item: Leftovers\n|-heal|p1b: Politoed|8\/100 par|[from] item: Leftovers\n|upkeep\n|turn|6\n|inactive|dorian1313 has 120 seconds left.\n|\n|t:|1697676156\n|move|p2a: Iron Moth|Discharge|p1b: Politoed|[spread] p1a,p1b\n|-immune|p2b: Gastrodon\n|-supereffective|p1a: Volcanion\n|-supereffective|p1b: Politoed\n|-damage|p1a: Volcanion|0 fnt\n|-damage|p1b: Politoed|0 fnt\n|faint|p1a: Volcanion\n|faint|p1b: Politoed\n|move|p2b: Gastrodon|Recover|p2b: Gastrodon\n|-heal|p2b: Gastrodon|100\/100\n|\n|upkeep\n|\n|t:|1697676166\n|switch|p1b: Indeedee|Indeedee-F, F|25\/100 frz\n|switch|p1a: Vaporeon|Vaporeon, F|100\/100\n|turn|7\n|\n|t:|1697676185\n|-terastallize|p1b: Indeedee|Psychic\n|move|p2a: Iron Moth|Discharge|p1a: Vaporeon|[spread] p1a,p1b\n|-immune|p2b: Gastrodon\n|-supereffective|p1a: Vaporeon\n|-damage|p1a: Vaporeon|73\/100\n|-damage|p1b: Indeedee|0 fnt\n|-status|p1a: Vaporeon|par\n|faint|p1b: Indeedee\n|move|p2b: Gastrodon|Ice Beam|p1a: Vaporeon\n|-resisted|p1a: Vaporeon\n|-damage|p1a: Vaporeon|65\/100 par\n|move|p1a: Vaporeon|Shadow Ball|p2a: Iron Moth\n|-damage|p2a: Iron Moth|49\/100\n|\n|-fieldend|move: Psychic Terrain\n|upkeep\n|turn|8\n|c|\u2606Howlpup13|Actually how\n|inactive|dorian1313 has 120 seconds left.\n|\n|t:|1697676217\n|move|p2a: Iron Moth|Discharge|p1a: Vaporeon|[spread] p1a\n|-immune|p2b: Gastrodon\n|-supereffective|p1a: Vaporeon\n|-damage|p1a: Vaporeon|35\/100 par\n|move|p2b: Gastrodon|Ice Beam|p1a: Vaporeon\n|-resisted|p1a: Vaporeon\n|-damage|p1a: Vaporeon|28\/100 par\n|cant|p1a: Vaporeon|par\n|\n|upkeep\n|turn|9\n|c|\u2606Howlpup13|You literally have gotten paralysis or freeze in every attack\n|\n|t:|1697676238\n|move|p2a: Iron Moth|Discharge|p1a: Vaporeon|[spread] p1a\n|-immune|p2b: Gastrodon\n|-supereffective|p1a: Vaporeon\n|-damage|p1a: Vaporeon|1\/100 par\n|move|p2b: Gastrodon|Ice Beam|p1a: Vaporeon\n|-resisted|p1a: Vaporeon\n|-damage|p1a: Vaporeon|0 fnt\n|faint|p1a: Vaporeon\n|\n|win|dorian1313\n|raw|Howlpup13's rating: 1076 &rarr; <strong>1061<\/strong><br \/>(-15 for losing)\n|raw|dorian1313's rating: 1179 &rarr; <strong>1197<\/strong><br \/>(+18 for winning)\n|l|\u2606dorian1313\n","uploadtime":1697676254,"views":12,"p1id":"howlpup13","p2id":"dorian1313","formatid":"gen9doublesou","rating":1061,"private":0,"password":""}