{"id":"gen9doublesou-1992372414","p1":"SureidoStudio","p2":"vegetasfeet","format":"[Gen 9] Doubles OU","log":"|j|\u2606SureidoStudio\n|j|\u2606vegetasfeet\n|t:|1700179978\n|gametype|doubles\n|player|p1|SureidoStudio|policeman-gen4|1056\n|player|p2|vegetasfeet|brycen|1225\n|teamsize|p1|6\n|teamsize|p2|6\n|gen|9\n|tier|[Gen 9] Doubles OU\n|rated|\n|rule|Species Clause: Limit one of each Pok\u00e9mon\n|rule|OHKO Clause: OHKO moves are banned\n|rule|Evasion Moves Clause: Evasion moves are banned\n|rule|Gravity Sleep Clause: The combination of sleep-inducing moves with imperfect accuracy and Gravity or Gigantamax Orbeetle are banned\n|rule|Endless Battle Clause: Forcing endless battles is banned\n|rule|HP Percentage Mod: HP is shown in percentages\n|clearpoke\n|poke|p1|Lurantis, F|\n|poke|p1|Goodra-Hisui, M|\n|poke|p1|Chandelure, F|\n|poke|p1|Vivillon-Fancy, F|\n|poke|p1|Sinistcha|\n|poke|p1|Ampharos, M|\n|poke|p2|Rillaboom, F|\n|poke|p2|Pelipper, F|\n|poke|p2|Tornadus, M|\n|poke|p2|Heatran, M|\n|poke|p2|Flutter Mane|\n|poke|p2|Amoonguss, F|\n|teampreview\n|inactive|Battle timer is ON: inactive players will automatically lose when time's up. (requested by vegetasfeet)\n|\n|t:|1700179995\n|start\n|switch|p1a: Lurantis|Lurantis, F|100\/100\n|switch|p1b: Goodra|Goodra-Hisui, M|100\/100\n|switch|p2a: Pelipper|Pelipper, F, shiny|100\/100\n|switch|p2b: Rillaboom|Rillaboom, F, shiny|100\/100\n|-fieldstart|move: Grassy Terrain|[from] ability: Grassy Surge|[of] p2b: Rillaboom\n|-weather|RainDance|[from] ability: Drizzle|[of] p2a: Pelipper\n|turn|1\n|\n|t:|1700180022\n|move|p2b: Rillaboom|U-turn|p1a: Lurantis\n|-supereffective|p1a: Lurantis\n|-damage|p1a: Lurantis|42\/100\n|\n|t:|1700180029\n|switch|p2b: Gobba Goo|Heatran, M, shiny|100\/100|[from] U-turn\n|move|p1a: Lurantis|Superpower|p2b: Gobba Goo\n|-supereffective|p2b: Gobba Goo\n|-damage|p2b: Gobba Goo|25\/100\n|-boost|p1a: Lurantis|atk|1\n|-boost|p1a: Lurantis|def|1\n|move|p1b: Goodra|Bulldoze|p2b: Gobba Goo|[spread] p1a,p2b\n|-immune|p2a: Pelipper\n|-resisted|p1a: Lurantis\n|-supereffective|p2b: Gobba Goo\n|-damage|p1a: Lurantis|40\/100\n|-damage|p2b: Gobba Goo|9\/100\n|-boost|p1a: Lurantis|spe|1\n|-unboost|p2b: Gobba Goo|spe|1\n|move|p2a: Pelipper|U-turn|p1a: Lurantis\n|-supereffective|p1a: Lurantis\n|-damage|p1a: Lurantis|25\/100\n|\n|t:|1700180053\n|switch|p2a: Tornadus|Tornadus, M, shiny|100\/100|[from] U-turn\n|\n|-weather|RainDance|[upkeep]\n|-heal|p1a: Lurantis|31\/100|[from] Grassy Terrain\n|-heal|p2b: Gobba Goo|15\/100|[from] Grassy Terrain\n|upkeep\n|turn|2\n|inactive|SureidoStudio has 120 seconds left.\n|\n|t:|1700180083\n|move|p2a: Tornadus|Tailwind|p2a: Tornadus\n|-sidestart|p2: vegetasfeet|move: Tailwind\n|move|p2b: Gobba Goo|Flash Cannon|p1a: Lurantis\n|-damage|p1a: Lurantis|0 fnt\n|faint|p1a: Lurantis\n|move|p1b: Goodra|Life Dew||[still]\n|-fail|p1b: Goodra|heal\n|\n|-weather|RainDance|[upkeep]\n|-heal|p2b: Gobba Goo|21\/100|[from] Grassy Terrain\n|upkeep\n|inactive|SureidoStudio has 120 seconds left.\n|\n|t:|1700180097\n|switch|p1a: Chandelure|Chandelure, F|100\/100\n|turn|3\n|\n|t:|1700180110\n|move|p2a: Tornadus|Taunt|p1b: Goodra\n|-start|p1b: Goodra|move: Taunt\n|move|p1a: Chandelure|Trick|p2a: Tornadus\n|-activate|p1a: Chandelure|move: Trick|[of] p2a: Tornadus\n|-item|p2a: Tornadus|Flame Orb|[from] move: Trick\n|-item|p1a: Chandelure|Covert Cloak|[from] move: Trick\n|move|p2b: Gobba Goo|Earth Power|p1a: Chandelure\n|-supereffective|p1a: Chandelure\n|-damage|p1a: Chandelure|0 fnt\n|faint|p1a: Chandelure\n|move|p1b: Goodra|Flash Cannon|p2b: Gobba Goo\n|-resisted|p2b: Gobba Goo\n|-damage|p2b: Gobba Goo|17\/100\n|\n|-weather|RainDance|[upkeep]\n|-heal|p2b: Gobba Goo|23\/100|[from] Grassy Terrain\n|-status|p2a: Tornadus|brn|[from] item: Flame Orb\n|upkeep\n|inactive|SureidoStudio has 120 seconds left.\n|\n|t:|1700180132\n|switch|p1a: Sinistcha|Sinistcha|100\/100\n|turn|4\n|\n|t:|1700180147\n|move|p2a: Tornadus|Bleakwind Storm|p1a: Sinistcha|[spread] p1a,p1b\n|-supereffective|p1a: Sinistcha\n|-resisted|p1b: Goodra\n|-damage|p1a: Sinistcha|36\/100\n|-damage|p1b: Goodra|89\/100\n|-unboost|p1b: Goodra|spe|1\n|move|p2b: Gobba Goo|Earth Power|p1b: Goodra\n|-supereffective|p1b: Goodra\n|-damage|p1b: Goodra|42\/100\n|-unboost|p1b: Goodra|spd|1\n|move|p1a: Sinistcha|Shadow Ball|p2b: Gobba Goo\n|-damage|p2b: Gobba Goo|5\/100\n|move|p1b: Goodra|Sludge Bomb|p2a: Tornadus\n|-crit|p2a: Tornadus\n|-damage|p2a: Tornadus|61\/100 brn\n|\n|-weather|RainDance|[upkeep]\n|-heal|p2b: Gobba Goo|11\/100|[from] Grassy Terrain\n|-heal|p1a: Sinistcha|42\/100|[from] Grassy Terrain\n|-heal|p1a: Sinistcha|48\/100|[from] item: Leftovers\n|-heal|p1b: Goodra|48\/100|[from] Grassy Terrain\n|-heal|p1b: Goodra|54\/100|[from] item: Leftovers\n|-damage|p2a: Tornadus|55\/100 brn|[from] brn\n|upkeep\n|turn|5\n|c|\u2606vegetasfeet|AV heatran is goated\n|c|\u2606vegetasfeet|witness this\n|inactive|SureidoStudio has 120 seconds left.\n|\n|t:|1700180188\n|move|p2a: Tornadus|Bleakwind Storm|p1b: Goodra|[spread] p1a,p1b\n|-supereffective|p1a: Sinistcha\n|-resisted|p1b: Goodra\n|-damage|p1a: Sinistcha|0 fnt\n|-damage|p1b: Goodra|38\/100\n|-unboost|p1b: Goodra|spe|1\n|faint|p1a: Sinistcha\n|move|p2b: Gobba Goo|Earth Power|p1b: Goodra\n|-supereffective|p1b: Goodra\n|-damage|p1b: Goodra|0 fnt\n|faint|p1b: Goodra\n|\n|-weather|RainDance|[upkeep]\n|-heal|p2b: Gobba Goo|17\/100|[from] Grassy Terrain\n|-damage|p2a: Tornadus|49\/100 brn|[from] brn\n|-sideend|p2: vegetasfeet|move: Tailwind\n|-fieldend|move: Grassy Terrain\n|upkeep\n|\n|t:|1700180201\n|switch|p1a: Vivillon|Vivillon-Fancy, F|100\/100\n|switch|p1b: Ampharos|Ampharos, M|100\/100\n|turn|6\n|inactive|SureidoStudio has 120 seconds left.\n|\n|t:|1700180227\n|move|p2a: Tornadus|Tailwind|p2a: Tornadus\n|-sidestart|p2: vegetasfeet|move: Tailwind\n|move|p2b: Gobba Goo|Earth Power|p1b: Ampharos\n|-supereffective|p1b: Ampharos\n|-damage|p1b: Ampharos|54\/100\n|move|p1a: Vivillon|Sleep Powder||[still]\n|-fail|p1a: Vivillon\n|move|p1b: Ampharos|Bulldoze|p2a: Tornadus|[spread] p2b\n|-immune|p1a: Vivillon\n|-immune|p2a: Tornadus\n|-supereffective|p2b: Gobba Goo\n|-damage|p2b: Gobba Goo|0 fnt\n|faint|p2b: Gobba Goo\n|\n|-weather|RainDance|[upkeep]\n|-damage|p2a: Tornadus|43\/100 brn|[from] brn\n|upkeep\n|inactive|vegetasfeet has 120 seconds left.\n|\n|t:|1700180253\n|switch|p2b: Flutter Mane|Flutter Mane, shiny|100\/100\n|turn|7\n|\n|t:|1700180264\n|move|p2b: Flutter Mane|Calm Mind|p2b: Flutter Mane\n|-boost|p2b: Flutter Mane|spa|1\n|-boost|p2b: Flutter Mane|spd|1\n|move|p2a: Tornadus|Bleakwind Storm|p1b: Ampharos|[spread] p1a,p1b\n|-supereffective|p1a: Vivillon\n|-resisted|p1b: Ampharos\n|-damage|p1a: Vivillon|13\/100\n|-damage|p1b: Ampharos|44\/100\n|-unboost|p1a: Vivillon|spe|1\n|move|p1b: Ampharos|Volt Switch|p2a: Tornadus\n|-supereffective|p2a: Tornadus\n|-damage|p2a: Tornadus|0 fnt\n|faint|p2a: Tornadus\n|move|p1a: Vivillon|Sleep Powder|p2b: Flutter Mane\n|-status|p2b: Flutter Mane|slp|[from] move: Sleep Powder\n|\n|-weather|RainDance|[upkeep]\n|upkeep\n|\n|t:|1700180276\n|switch|p2a: Rillaboom|Rillaboom, F, shiny|100\/100\n|-fieldstart|move: Grassy Terrain|[from] ability: Grassy Surge|[of] p2a: Rillaboom\n|-enditem|p2b: Flutter Mane|Grassy Seed\n|-boost|p2b: Flutter Mane|def|1|[from] item: Grassy Seed\n|turn|8\n|\n|t:|1700180301\n|move|p2a: Rillaboom|Fake Out|p1a: Vivillon\n|-damage|p1a: Vivillon|0 fnt\n|faint|p1a: Vivillon\n|cant|p2b: Flutter Mane|slp\n|move|p1b: Ampharos|Bulldoze|p2a: Rillaboom|[spread] p2a,p2b\n|-resisted|p2a: Rillaboom\n|-damage|p2a: Rillaboom|99\/100\n|-damage|p2b: Flutter Mane|96\/100 slp\n|-unboost|p2a: Rillaboom|spe|1\n|-unboost|p2b: Flutter Mane|spe|1\n|\n|-weather|none\n|-heal|p2b: Flutter Mane|100\/100 slp|[from] Grassy Terrain\n|-heal|p2a: Rillaboom|100\/100|[from] Grassy Terrain\n|-heal|p1b: Ampharos|50\/100|[from] Grassy Terrain\n|upkeep\n|turn|9\n|\n|t:|1700180317\n|move|p2a: Rillaboom|Grassy Glide|p1b: Ampharos\n|-damage|p1b: Ampharos|19\/100\n|-enditem|p1b: Ampharos|Iapapa Berry|[eat]\n|-heal|p1b: Ampharos|53\/100|[from] item: Iapapa Berry\n|cant|p2b: Flutter Mane|slp\n|move|p1b: Ampharos|Confuse Ray|p2a: Rillaboom\n|-start|p2a: Rillaboom|confusion\n|\n|-heal|p1b: Ampharos|59\/100|[from] Grassy Terrain\n|-sideend|p2: vegetasfeet|move: Tailwind\n|upkeep\n|turn|10\n|c|\u2606vegetasfeet|confuse ray ?\n|\n|t:|1700180334\n|-activate|p2a: Rillaboom|confusion\n|move|p2a: Rillaboom|Grassy Glide|p1b: Ampharos\n|-damage|p1b: Ampharos|27\/100\n|-curestatus|p2b: Flutter Mane|slp|[msg]\n|move|p2b: Flutter Mane|Calm Mind|p2b: Flutter Mane\n|-boost|p2b: Flutter Mane|spa|1\n|-boost|p2b: Flutter Mane|spd|1\n|move|p1b: Ampharos|Power Gem|p2a: Rillaboom\n|-damage|p2a: Rillaboom|85\/100\n|\n|-heal|p1b: Ampharos|33\/100|[from] Grassy Terrain\n|-heal|p2a: Rillaboom|92\/100|[from] Grassy Terrain\n|upkeep\n|turn|11\n|c|\u2606SureidoStudio|?\n|inactive|vegetasfeet has 120 seconds left.\n|\n|t:|1700180365\n|move|p2b: Flutter Mane|Shadow Ball|p1b: Ampharos\n|-damage|p1b: Ampharos|0 fnt\n|faint|p1b: Ampharos\n|\n|win|vegetasfeet\n|raw|SureidoStudio's rating: 1056 &rarr; <strong>1046<\/strong><br \/>(-10 for losing)\n|raw|vegetasfeet's rating: 1225 &rarr; <strong>1239<\/strong><br \/>(+14 for winning)\n|c|\u2606SureidoStudio|GG\n|l|\u2606SureidoStudio\n|c|\u2606vegetasfeet|gg\n","uploadtime":1700180400,"views":26,"p1id":"sureidostudio","p2id":"vegetasfeet","formatid":"gen9doublesou","rating":1046,"private":0,"password":""}