{"id":"gen9doublesou-1978324005","p1":"Brontes23","p2":"mikeyuwu","format":"[Gen 9] Doubles OU","log":"|j|\u2606Brontes23\n|j|\u2606mikeyuwu\n|t:|1698525164\n|gametype|doubles\n|player|p1|Brontes23|dawn|1297\n|player|p2|mikeyuwu|psychic-gen4|1199\n|teamsize|p1|6\n|teamsize|p2|6\n|gen|9\n|tier|[Gen 9] Doubles OU\n|rated|\n|rule|Species Clause: Limit one of each Pok\u00e9mon\n|rule|OHKO Clause: OHKO moves are banned\n|rule|Evasion Moves Clause: Evasion moves are banned\n|rule|Gravity Sleep Clause: The combination of sleep-inducing moves with imperfect accuracy and Gravity or Gigantamax Orbeetle are banned\n|rule|Endless Battle Clause: Forcing endless battles is banned\n|rule|HP Percentage Mod: HP is shown in percentages\n|clearpoke\n|poke|p1|Walking Wake|\n|poke|p1|Ninetales-Alola, F|\n|poke|p1|Torkoal, M|\n|poke|p1|Tornadus, M|\n|poke|p1|Glaceon, M|\n|poke|p1|Great Tusk|\n|poke|p2|Garchomp, M|\n|poke|p2|Tyranitar, F|\n|poke|p2|Vaporeon, F|\n|poke|p2|Toxicroak, M|\n|poke|p2|Pelipper, F|\n|poke|p2|Abomasnow, M|\n|teampreview\n|\n|t:|1698525178\n|start\n|switch|p1a: Tornadus|Tornadus, M|100\/100\n|switch|p1b: Great Tusk|Great Tusk|100\/100\n|switch|p2a: OTLHPM|Toxicroak, M|100\/100\n|switch|p2b: Harmacy|Vaporeon, F|100\/100\n|turn|1\n|inactive|Battle timer is ON: inactive players will automatically lose when time's up. (requested by Brontes23)\n|\n|t:|1698525189\n|switch|p2a: Weather War|Pelipper, F|100\/100\n|-weather|RainDance|[from] ability: Drizzle|[of] p2a: Weather War\n|move|p1a: Tornadus|Tailwind|p1a: Tornadus\n|-sidestart|p1: Brontes23|move: Tailwind\n|move|p1b: Great Tusk|Earthquake|p2a: Weather War|[spread] p2b\n|-immune|p1a: Tornadus\n|-immune|p2a: Weather War\n|-damage|p2b: Harmacy|58\/100\n|-damage|p1b: Great Tusk|91\/100|[from] item: Life Orb\n|move|p2b: Harmacy|Weather Ball|p1b: Great Tusk\n|-supereffective|p1b: Great Tusk\n|-damage|p1b: Great Tusk|0 fnt\n|faint|p1b: Great Tusk\n|-end|p1b: Great Tusk|Protosynthesis|[silent]\n|\n|-weather|RainDance|[upkeep]\n|-heal|p2b: Harmacy|64\/100|[from] item: Leftovers\n|upkeep\n|\n|t:|1698525207\n|switch|p1b: Ninetales|Ninetales-Alola, F|100\/100\n|-weather|Snow|[from] ability: Snow Warning|[of] p1b: Ninetales\n|turn|2\n|\n|t:|1698525219\n|switch|p2a: ThcrThnSnkr|Tyranitar, F|100\/100\n|-weather|Sandstorm|[from] ability: Sand Stream|[of] p2a: ThcrThnSnkr\n|move|p1a: Tornadus|Substitute|p1a: Tornadus\n|-start|p1a: Tornadus|Substitute\n|-damage|p1a: Tornadus|75\/100\n|move|p1b: Ninetales|Dazzling Gleam|p2b: Harmacy|[spread] p2a,p2b\n|-supereffective|p2a: ThcrThnSnkr\n|-damage|p2a: ThcrThnSnkr|90\/100\n|-damage|p2b: Harmacy|51\/100\n|move|p2b: Harmacy|Icy Wind|p1b: Ninetales|[spread] p1a,p1b\n|-supereffective|p1a: Tornadus\n|-end|p1a: Tornadus|Substitute\n|-resisted|p1b: Ninetales\n|-damage|p1b: Ninetales|96\/100\n|-unboost|p1b: Ninetales|spe|1\n|\n|-weather|Sandstorm|[upkeep]\n|-damage|p1a: Tornadus|69\/100|[from] Sandstorm\n|-damage|p1b: Ninetales|90\/100|[from] Sandstorm\n|-damage|p2b: Harmacy|45\/100|[from] Sandstorm\n|-heal|p1a: Tornadus|75\/100|[from] item: Leftovers\n|-heal|p2b: Harmacy|51\/100|[from] item: Leftovers\n|upkeep\n|turn|3\n|\n|t:|1698525248\n|switch|p1a: Torkoal|Torkoal, M|100\/100\n|-weather|SunnyDay|[from] ability: Drought|[of] p1a: Torkoal\n|switch|p1b: Walking Wake|Walking Wake|100\/100\n|-activate|p1b: Walking Wake|ability: Protosynthesis\n|-start|p1b: Walking Wake|protosynthesisspa\n|move|p2a: ThcrThnSnkr|Heavy Slam|p1b: Walking Wake\n|-resisted|p1b: Walking Wake\n|-damage|p1b: Walking Wake|94\/100\n|move|p2b: Harmacy|Weather Ball|p1a: Torkoal\n|-resisted|p1a: Torkoal\n|-damage|p1a: Torkoal|73\/100\n|-enditem|p1a: Torkoal|Red Card|[of] p2b: Harmacy\n|drag|p2b: Weather War|Pelipper, F|100\/100\n|-weather|RainDance|[from] ability: Drizzle|[of] p2b: Weather War\n|-end|p1b: Walking Wake|Protosynthesis\n|\n|-weather|RainDance|[upkeep]\n|upkeep\n|turn|4\n|inactive|Brontes23 has 120 seconds left.\n|\n|t:|1698525278\n|switch|p2a: OTLHPM|Toxicroak, M|100\/100\n|move|p1b: Walking Wake|Hydro Steam|p2a: OTLHPM\n|-immune|p2a: OTLHPM|[from] ability: Dry Skin\n|move|p2b: Weather War|Hurricane|p1b: Walking Wake\n|-damage|p1b: Walking Wake|52\/100\n|-start|p1b: Walking Wake|confusion\n|move|p1a: Torkoal|Yawn|p2b: Weather War\n|-start|p2b: Weather War|move: Yawn|[of] p1a: Torkoal\n|\n|-weather|RainDance|[upkeep]\n|-sideend|p1: Brontes23|move: Tailwind\n|upkeep\n|turn|5\n|\n|t:|1698525301\n|-end|p1b: Walking Wake|Protosynthesis|[silent]\n|switch|p1b: Ninetales|Ninetales-Alola, F|90\/100\n|-weather|Snow|[from] ability: Snow Warning|[of] p1b: Ninetales\n|switch|p2b: Harmacy|Vaporeon, F|51\/100\n|move|p2a: OTLHPM|Poison Jab|p1b: Ninetales\n|-supereffective|p1b: Ninetales\n|-damage|p1b: Ninetales|28\/100\n|move|p1a: Torkoal|Yawn|p2a: OTLHPM\n|-start|p2a: OTLHPM|move: Yawn|[of] p1a: Torkoal\n|\n|-weather|Snow|[upkeep]\n|-heal|p2b: Harmacy|57\/100|[from] item: Leftovers\n|upkeep\n|turn|6\n|\n|t:|1698525322\n|switch|p2a: ThcrThnSnkr|Tyranitar, F|90\/100\n|-weather|Sandstorm|[from] ability: Sand Stream|[of] p2a: ThcrThnSnkr\n|move|p1b: Ninetales|Aurora Veil||[still]\n|-fail|p1b: Ninetales\n|move|p2b: Harmacy|Weather Ball|p1b: Ninetales\n|-supereffective|p1b: Ninetales\n|-damage|p1b: Ninetales|0 fnt\n|faint|p1b: Ninetales\n|move|p1a: Torkoal|Yawn|p2b: Harmacy\n|-start|p2b: Harmacy|move: Yawn|[of] p1a: Torkoal\n|\n|-weather|Sandstorm|[upkeep]\n|-damage|p2b: Harmacy|51\/100|[from] Sandstorm\n|-damage|p1a: Torkoal|67\/100|[from] Sandstorm\n|-heal|p2b: Harmacy|57\/100|[from] item: Leftovers\n|upkeep\n|\n|t:|1698525330\n|switch|p1b: Walking Wake|Walking Wake|52\/100\n|turn|7\n|\n|t:|1698525351\n|move|p1b: Walking Wake|Dragon Pulse|p2b: Harmacy\n|-damage|p2b: Harmacy|21\/100\n|move|p2a: ThcrThnSnkr|Rock Slide|p1b: Walking Wake|[spread] p1a,p1b\n|-supereffective|p1a: Torkoal\n|-damage|p1a: Torkoal|34\/100\n|-damage|p1b: Walking Wake|26\/100\n|move|p2b: Harmacy|Weather Ball|p1a: Torkoal\n|-supereffective|p1a: Torkoal\n|-damage|p1a: Torkoal|0 fnt\n|faint|p1a: Torkoal\n|\n|-weather|Sandstorm|[upkeep]\n|-damage|p1b: Walking Wake|19\/100|[from] Sandstorm\n|-damage|p2b: Harmacy|15\/100|[from] Sandstorm\n|-heal|p2b: Harmacy|21\/100|[from] item: Leftovers\n|-end|p2b: Harmacy|move: Yawn|[silent]\n|-status|p2b: Harmacy|slp\n|upkeep\n|\n|t:|1698525360\n|switch|p1a: Tornadus|Tornadus, M|75\/100\n|turn|8\n|\n|t:|1698525367\n|switch|p2b: OTLHPM|Toxicroak, M|100\/100\n|move|p1a: Tornadus|Substitute|p1a: Tornadus\n|-start|p1a: Tornadus|Substitute\n|-damage|p1a: Tornadus|50\/100\n|move|p1b: Walking Wake|Dragon Pulse|p2b: OTLHPM\n|-damage|p2b: OTLHPM|49\/100\n|move|p2a: ThcrThnSnkr|Rock Slide|p1b: Walking Wake|[spread] p1b\n|-miss|p2a: ThcrThnSnkr|p1a: Tornadus\n|-damage|p1b: Walking Wake|0 fnt\n|faint|p1b: Walking Wake\n|-end|p1b: Walking Wake|Protosynthesis|[silent]\n|\n|-weather|Sandstorm|[upkeep]\n|-damage|p1a: Tornadus|44\/100|[from] Sandstorm\n|-damage|p2b: OTLHPM|42\/100|[from] Sandstorm\n|-heal|p1a: Tornadus|50\/100|[from] item: Leftovers\n|-heal|p2b: OTLHPM|49\/100|[from] item: Black Sludge\n|upkeep\n|\n|t:|1698525383\n|switch|p1b: Glaceon|Glaceon, M|100\/100\n|turn|9\n|c|\u2606mikeyuwu|Gg\n|c|\u2606mikeyuwu|I hope you liked the weather\n|\n|t:|1698525397\n|move|p1a: Tornadus|Air Slash|p2b: OTLHPM\n|-supereffective|p2b: OTLHPM\n|-damage|p2b: OTLHPM|0 fnt\n|faint|p2b: OTLHPM\n|move|p1b: Glaceon|Yawn|p2a: ThcrThnSnkr\n|-start|p2a: ThcrThnSnkr|move: Yawn|[of] p1b: Glaceon\n|move|p2a: ThcrThnSnkr|Rock Slide|p1a: Tornadus|[spread] p1a,p1b\n|-supereffective|p1a: Tornadus\n|-end|p1a: Tornadus|Substitute\n|-supereffective|p1b: Glaceon\n|-damage|p1b: Glaceon|50\/100\n|\n|-weather|Sandstorm|[upkeep]\n|-damage|p1a: Tornadus|44\/100|[from] Sandstorm\n|-damage|p1b: Glaceon|44\/100|[from] Sandstorm\n|-heal|p1a: Tornadus|50\/100|[from] item: Leftovers\n|upkeep\n|\n|t:|1698525411\n|switch|p2b: Cold Shoulder|Abomasnow, M, shiny|100\/100\n|-weather|Snow|[from] ability: Snow Warning|[of] p2b: Cold Shoulder\n|turn|10\n|\n|t:|1698525423\n|switch|p2a: Weather War|Pelipper, F|100\/100\n|-weather|RainDance|[from] ability: Drizzle|[of] p2a: Weather War\n|-terastallize|p1b: Glaceon|Ice\n|move|p1a: Tornadus|Substitute|p1a: Tornadus\n|-start|p1a: Tornadus|Substitute\n|-damage|p1a: Tornadus|25\/100\n|move|p1b: Glaceon|Blizzard|p2b: Cold Shoulder|[spread] p2b\n|-miss|p1b: Glaceon|p2a: Weather War\n|-damage|p2b: Cold Shoulder|36\/100\n|move|p2b: Cold Shoulder|Weather Ball|p1a: Tornadus\n|-end|p1a: Tornadus|Substitute\n|\n|-weather|RainDance|[upkeep]\n|-heal|p1a: Tornadus|31\/100|[from] item: Leftovers\n|upkeep\n|turn|11\n|-activate|p1b: Glaceon|item: Quick Claw\n|\n|t:|1698525448\n|switch|p2a: ThcrThnSnkr|Tyranitar, F|90\/100\n|-weather|Sandstorm|[from] ability: Sand Stream|[of] p2a: ThcrThnSnkr\n|move|p1a: Tornadus|Substitute|p1a: Tornadus\n|-start|p1a: Tornadus|Substitute\n|-damage|p1a: Tornadus|6\/100\n|move|p1b: Glaceon|Blizzard|p2a: ThcrThnSnkr|[spread] p2a,p2b\n|-damage|p2a: ThcrThnSnkr|72\/100\n|-damage|p2b: Cold Shoulder|0 fnt\n|faint|p2b: Cold Shoulder\n|\n|-weather|Sandstorm|[upkeep]\n|-damage|p1a: Tornadus|0 fnt|[from] Sandstorm\n|-damage|p1b: Glaceon|38\/100|[from] Sandstorm\n|faint|p1a: Tornadus\n|upkeep\n|\n|t:|1698525457\n|switch|p2b: Extra Spicy|Garchomp, M|100\/100\n|turn|12\n|-activate|p1b: Glaceon|item: Quick Claw\n|\n|t:|1698525463\n|move|p1b: Glaceon|Blizzard|p2b: Extra Spicy|[spread] p2a,p2b\n|-supereffective|p2b: Extra Spicy\n|-damage|p2a: ThcrThnSnkr|55\/100\n|-damage|p2b: Extra Spicy|0 fnt\n|faint|p2b: Extra Spicy\n|move|p2a: ThcrThnSnkr|Heavy Slam|p1b: Glaceon\n|-supereffective|p1b: Glaceon\n|-damage|p1b: Glaceon|0 fnt\n|faint|p1b: Glaceon\n|\n|win|mikeyuwu\n|raw|Brontes23's rating: 1297 &rarr; <strong>1265<\/strong><br \/>(-32 for losing)\n|raw|mikeyuwu's rating: 1199 &rarr; <strong>1231<\/strong><br \/>(+32 for winning)\n|l|\u2606Brontes23\n","uploadtime":1698525471,"views":22,"p1id":"brontes23","p2id":"mikeyuwu","formatid":"gen9doublesou","rating":1231,"private":0,"password":""}