{"id":"gen9doublesou-1974395984","p1":"madengineer","p2":"Daskhiel02","format":"[Gen 9] Doubles OU","log":"|j|\u2606madengineer\n|j|\u2606Daskhiel02\n|t:|1698083627\n|gametype|doubles\n|player|p1|madengineer|169|1381\n|player|p2|Daskhiel02|pokekid|1397\n|teamsize|p1|6\n|teamsize|p2|6\n|gen|9\n|tier|[Gen 9] Doubles OU\n|rated|\n|rule|Species Clause: Limit one of each Pok\u00e9mon\n|rule|OHKO Clause: OHKO moves are banned\n|rule|Evasion Moves Clause: Evasion moves are banned\n|rule|Gravity Sleep Clause: The combination of sleep-inducing moves with imperfect accuracy and Gravity or Gigantamax Orbeetle are banned\n|rule|Endless Battle Clause: Forcing endless battles is banned\n|rule|HP Percentage Mod: HP is shown in percentages\n|clearpoke\n|poke|p1|Kingambit, M|\n|poke|p1|Iron Bundle|\n|poke|p1|Iron Hands|\n|poke|p1|Zoroark-Hisui, M|\n|poke|p1|Lurantis, F|\n|poke|p1|Dusclops, M|\n|poke|p2|Indeedee-F, F|\n|poke|p2|Arcanine-Hisui, M|\n|poke|p2|Noivern, F|\n|poke|p2|Sinistcha|\n|poke|p2|Ceruledge, M|\n|poke|p2|Kommo-o, F|\n|teampreview\n|\n|t:|1698083661\n|start\n|switch|p1a: Dusclops|Dusclops, M|100\/100\n|switch|p1b: Iron Hands|Iron Hands|100\/100\n|switch|p2a: Ceruledge|Ceruledge, M|100\/100\n|switch|p2b: Noivern|Noivern, F|100\/100\n|turn|1\n|\n|t:|1698083678\n|switch|p2b: Indeedee|Indeedee-F, F|100\/100\n|-fieldstart|move: Psychic Terrain|[from] ability: Psychic Surge|[of] p2b: Indeedee\n|move|p1b: Iron Hands|Fake Out|p2b: Indeedee\n|-activate|p2b: Indeedee|move: Psychic Terrain\n|move|p1a: Dusclops|Shadow Ball|p2a: Ceruledge\n|-supereffective|p2a: Ceruledge\n|-damage|p2a: Ceruledge|17\/100\n|move|p2a: Ceruledge|Poltergeist|p1a: Dusclops\n|-immune|p1a: Dusclops\n|\n|upkeep\n|turn|2\n|\n|t:|1698083706\n|move|p2b: Indeedee|Follow Me|p2b: Indeedee\n|-singleturn|p2b: Indeedee|move: Follow Me\n|move|p1a: Dusclops|Shadow Ball|p2b: Indeedee\n|-immune|p2b: Indeedee\n|move|p2a: Ceruledge|Bitter Blade|p1a: Dusclops\n|-enditem|p1a: Dusclops|Focus Sash\n|-damage|p1a: Dusclops|1\/100\n|-heal|p2a: Ceruledge|53\/100|[from] drain|[of] p1a: Dusclops\n|replace|p1a: Zoroark|Zoroark-Hisui, M\n|-end|p1a: Zoroark|Illusion\n|-damage|p2a: Ceruledge|43\/100|[from] item: Life Orb\n|move|p1b: Iron Hands|Heavy Slam|p2b: Indeedee\n|-damage|p2b: Indeedee|56\/100\n|\n|upkeep\n|turn|3\n|j| TheUberTakesItAll\n|l| TheUberTakesItAll\n|\n|t:|1698083755\n|switch|p1a: Dusclops|Dusclops, M|100\/100\n|-item|p2a: Ceruledge|Life Orb|[from] ability: Frisk|[of] p1a: Dusclops|[identify]\n|-item|p2b: Indeedee|Sitrus Berry|[from] ability: Frisk|[of] p1a: Dusclops|[identify]\n|move|p2b: Indeedee|Follow Me|p2b: Indeedee\n|-singleturn|p2b: Indeedee|move: Follow Me\n|move|p2a: Ceruledge|Bitter Blade|p1a: Dusclops\n|-damage|p1a: Dusclops|65\/100\n|-heal|p2a: Ceruledge|57\/100|[from] drain|[of] p1a: Dusclops\n|-damage|p2a: Ceruledge|47\/100|[from] item: Life Orb\n|move|p1b: Iron Hands|Heavy Slam|p2b: Indeedee\n|-crit|p2b: Indeedee\n|-damage|p2b: Indeedee|0 fnt\n|faint|p2b: Indeedee\n|\n|upkeep\n|\n|t:|1698083767\n|switch|p2b: Arcanine|Arcanine-Hisui, M|100\/100\n|-ability|p2b: Arcanine|Intimidate|boost\n|-unboost|p1a: Dusclops|atk|1\n|-unboost|p1b: Iron Hands|atk|1\n|turn|4\n|\n|t:|1698083779\n|switch|p1a: Dusclops|Dusclops, M|1\/100\n|move|p2b: Arcanine|Protect|p2b: Arcanine\n|-singleturn|p2b: Arcanine|Protect\n|move|p2a: Ceruledge|Poltergeist||[still]\n|-fail|p2a: Ceruledge\n|move|p1b: Iron Hands|Drain Punch|p2b: Arcanine\n|-activate|p2b: Arcanine|move: Protect\n|\n|upkeep\n|turn|5\n|\n|t:|1698083797\n|move|p2a: Ceruledge|Ally Switch|p2a: Ceruledge\n|swap|p2a: Ceruledge|1|[from] move: Ally Switch\n|move|p1a: Dusclops|Shadow Ball|p2a: Arcanine\n|-damage|p2a: Arcanine|42\/100\n|move|p2a: Arcanine|Flare Blitz|p1a: Dusclops\n|-damage|p1a: Dusclops|0 fnt\n|replace|p1a: Zoroark|Zoroark-Hisui, M\n|-end|p1a: Zoroark|Illusion\n|faint|p1a: Zoroark\n|-damage|p2a: Arcanine|42\/100|[from] Recoil\n|-damage|p2a: Arcanine|32\/100|[from] item: Life Orb\n|move|p1b: Iron Hands|Drain Punch|p2b: Ceruledge\n|-immune|p2b: Ceruledge\n|\n|-fieldend|move: Psychic Terrain\n|upkeep\n|\n|t:|1698083818\n|switch|p1a: Iron Bundle|Iron Bundle|100\/100\n|-enditem|p1a: Iron Bundle|Booster Energy\n|-activate|p1a: Iron Bundle|ability: Quark Drive|[fromitem]\n|-start|p1a: Iron Bundle|quarkdrivespe\n|turn|6\n|\n|t:|1698083851\n|switch|p2b: Sinistcha|Sinistcha|100\/100\n|-heal|p2a: Arcanine|57\/100|[from] ability: Hospitality|[of] p2b: Sinistcha\n|move|p1a: Iron Bundle|Chilling Water|p2b: Sinistcha\n|-resisted|p2b: Sinistcha\n|-damage|p2b: Sinistcha|91\/100\n|-unboost|p2b: Sinistcha|atk|1\n|move|p2a: Arcanine|Stone Edge|p1a: Iron Bundle\n|-supereffective|p1a: Iron Bundle\n|-damage|p1a: Iron Bundle|0 fnt\n|faint|p1a: Iron Bundle\n|-end|p1a: Iron Bundle|Quark Drive|[silent]\n|-damage|p2a: Arcanine|47\/100|[from] item: Life Orb\n|move|p1b: Iron Hands|Drain Punch|p2a: Arcanine\n|-supereffective|p2a: Arcanine\n|-damage|p2a: Arcanine|0 fnt\n|faint|p2a: Arcanine\n|\n|upkeep\n|\n|t:|1698083879\n|switch|p1a: Dusclops|Dusclops, M|65\/100\n|switch|p2a: Noivern|Noivern, F|100\/100\n|-item|p2a: Noivern|Weakness Policy|[from] ability: Frisk|[of] p1a: Dusclops|[identify]\n|-item|p2b: Sinistcha|Assault Vest|[from] ability: Frisk|[of] p1a: Dusclops|[identify]\n|turn|7\n|\n|t:|1698083917\n|move|p2a: Noivern|Hurricane|p1a: Dusclops\n|-damage|p1a: Dusclops|35\/100\n|-start|p1a: Dusclops|confusion\n|move|p2b: Sinistcha|Shadow Ball|p1a: Dusclops\n|-supereffective|p1a: Dusclops\n|-damage|p1a: Dusclops|0 fnt\n|faint|p1a: Dusclops\n|move|p1b: Iron Hands|Thunder Punch|p2a: Noivern\n|-damage|p2a: Noivern|63\/100\n|\n|upkeep\n|\n|t:|1698083929\n|switch|p1a: Kingambit|Kingambit, M, shiny|100\/100\n|-activate|p1a: Kingambit|ability: Supreme Overlord\n|-start|p1a: Kingambit|fallen3|[silent]\n|turn|8\n|\n|t:|1698083977\n|switch|p2b: Ceruledge|Ceruledge, M|47\/100\n|-end|p1b: Iron Hands|Quark Drive|[silent]\n|switch|p1b: Lurantis|Lurantis, F|100\/100\n|-terastallize|p1a: Kingambit|Poison\n|move|p2a: Noivern|Heat Wave|p1a: Kingambit|[spread] p1a,p1b\n|-supereffective|p1b: Lurantis\n|-damage|p1a: Kingambit|88\/100\n|-damage|p1b: Lurantis|63\/100\n|-status|p1a: Kingambit|brn\n|move|p1a: Kingambit|Kowtow Cleave|p2b: Ceruledge\n|-supereffective|p2b: Ceruledge\n|-damage|p2b: Ceruledge|0 fnt\n|faint|p2b: Ceruledge\n|\n|-damage|p1a: Kingambit|82\/100 brn|[from] brn\n|upkeep\n|\n|t:|1698083986\n|switch|p2b: Kommo-o|Kommo-o, F|100\/100\n|turn|9\n|\n|t:|1698084009\n|move|p1a: Kingambit|Sucker Punch|p2a: Noivern\n|-damage|p2a: Noivern|33\/100\n|move|p2a: Noivern|Hurricane|p1b: Lurantis\n|-supereffective|p1b: Lurantis\n|-damage|p1b: Lurantis|0 fnt\n|faint|p1b: Lurantis\n|move|p2b: Kommo-o|Clangorous Soul|p2b: Kommo-o\n|-boost|p2b: Kommo-o|atk|1\n|-boost|p2b: Kommo-o|def|1\n|-boost|p2b: Kommo-o|spa|1\n|-boost|p2b: Kommo-o|spd|1\n|-boost|p2b: Kommo-o|spe|1\n|-damage|p2b: Kommo-o|68\/100\n|-enditem|p2b: Kommo-o|Throat Spray\n|-boost|p2b: Kommo-o|spa|1|[from] item: Throat Spray\n|\n|-damage|p1a: Kingambit|76\/100 brn|[from] brn\n|upkeep\n|\n|t:|1698084026\n|switch|p1b: Iron Hands|Iron Hands|100\/100\n|turn|10\n|\n|t:|1698084040\n|move|p2b: Kommo-o|Protect|p2b: Kommo-o\n|-singleturn|p2b: Kommo-o|Protect\n|move|p1b: Iron Hands|Fake Out|p2a: Noivern\n|-damage|p2a: Noivern|14\/100\n|cant|p2a: Noivern|flinch\n|move|p1a: Kingambit|Poison Jab|p2b: Kommo-o\n|-activate|p2b: Kommo-o|move: Protect\n|\n|-damage|p1a: Kingambit|70\/100 brn|[from] brn\n|upkeep\n|turn|11\n|\n|t:|1698084061\n|switch|p2a: Sinistcha|Sinistcha|91\/100\n|-heal|p2b: Kommo-o|92\/100|[from] ability: Hospitality|[of] p2a: Sinistcha\n|move|p2b: Kommo-o|Clangorous Soul|p2b: Kommo-o\n|-boost|p2b: Kommo-o|atk|1\n|-boost|p2b: Kommo-o|def|1\n|-boost|p2b: Kommo-o|spa|1\n|-boost|p2b: Kommo-o|spd|1\n|-boost|p2b: Kommo-o|spe|1\n|-damage|p2b: Kommo-o|59\/100\n|move|p1a: Kingambit|Kowtow Cleave|p2a: Sinistcha\n|-supereffective|p2a: Sinistcha\n|-damage|p2a: Sinistcha|40\/100\n|move|p1b: Iron Hands|Drain Punch|p2b: Kommo-o\n|-damage|p2b: Kommo-o|39\/100\n|\n|-damage|p1a: Kingambit|64\/100 brn|[from] brn\n|upkeep\n|turn|12\n|\n|t:|1698084090\n|move|p1a: Kingambit|Sucker Punch|p2a: Sinistcha\n|-supereffective|p2a: Sinistcha\n|-damage|p2a: Sinistcha|0 fnt\n|faint|p2a: Sinistcha\n|move|p2b: Kommo-o|Clanging Scales|p1a: Kingambit|[spread] p1a,p1b\n|-damage|p1a: Kingambit|6\/100 brn\n|-damage|p1b: Iron Hands|45\/100\n|-unboost|p2b: Kommo-o|def|1\n|move|p1b: Iron Hands|Drain Punch|p2b: Kommo-o\n|-damage|p2b: Kommo-o|10\/100\n|-heal|p1b: Iron Hands|53\/100|[from] drain|[of] p2b: Kommo-o\n|\n|-damage|p1a: Kingambit|0 fnt|[from] brn\n|faint|p1a: Kingambit\n|-end|p1a: Kingambit|fallen3|[silent]\n|upkeep\n|\n|t:|1698084097\n|switch|p2a: Noivern|Noivern, F|14\/100\n|turn|13\n|\n|t:|1698084111\n|-terastallize|p2a: Noivern|Normal\n|move|p2b: Kommo-o|Clanging Scales|p1b: Iron Hands\n|-damage|p1b: Iron Hands|0 fnt\n|faint|p1b: Iron Hands\n|-end|p1b: Iron Hands|Quark Drive|[silent]\n|\n|win|Daskhiel02\n|raw|madengineer's rating: 1381 &rarr; <strong>1362<\/strong><br \/>(-19 for losing)\n|raw|Daskhiel02's rating: 1397 &rarr; <strong>1416<\/strong><br \/>(+19 for winning)\n|l|\u2606madengineer\n|c|\u2606Daskhiel02|gg!\n","uploadtime":1698084120,"views":11,"p1id":"madengineer","p2id":"daskhiel02","formatid":"gen9doublesou","rating":1362,"private":0,"password":""}