{"id":"gen9doublesou-1977331385","p1":"flipplebop","p2":"EkCantDrawLol","format":"[Gen 9] Doubles OU","log":"|j|\u2606flipplebop\n|j|\u2606EkCantDrawLol\n|t:|1698406106\n|gametype|doubles\n|player|p1|flipplebop|101|1506\n|player|p2|EkCantDrawLol|skierf|1511\n|teamsize|p1|6\n|teamsize|p2|6\n|gen|9\n|tier|[Gen 9] Doubles OU\n|rated|\n|rule|Species Clause: Limit one of each Pok\u00e9mon\n|rule|OHKO Clause: OHKO moves are banned\n|rule|Evasion Moves Clause: Evasion moves are banned\n|rule|Gravity Sleep Clause: The combination of sleep-inducing moves with imperfect accuracy and Gravity or Gigantamax Orbeetle are banned\n|rule|Endless Battle Clause: Forcing endless battles is banned\n|rule|HP Percentage Mod: HP is shown in percentages\n|clearpoke\n|poke|p1|Arbok, F|\n|poke|p1|Ting-Lu|\n|poke|p1|Dragonite, M|\n|poke|p1|Volcanion|\n|poke|p1|Basculegion-F, F|\n|poke|p1|Bisharp, M|\n|poke|p2|Garchomp, F|\n|poke|p2|Tyranitar, M|\n|poke|p2|Flutter Mane|\n|poke|p2|Tornadus, M|\n|poke|p2|Amoonguss, F|\n|poke|p2|Iron Hands|\n|teampreview\n|inactive|Battle timer is ON: inactive players will automatically lose when time's up. (requested by flipplebop)\n|inactive|EkCantDrawLol has 120 seconds left.\n|\n|t:|1698406155\n|start\n|switch|p1a: Ting-Lu|Ting-Lu|100\/100\n|switch|p1b: Arbok|Arbok, F|100\/100\n|switch|p2a: Garchomp|Garchomp, F|100\/100\n|switch|p2b: Tyranitar|Tyranitar, M, shiny|100\/100\n|-weather|Sandstorm|[from] ability: Sand Stream|[of] p2b: Tyranitar\n|-ability|p1b: Arbok|Intimidate|boost\n|-fail|p2a: Garchomp|unboost|[from] item: Clear Amulet|[of] p2a: Garchomp\n|-unboost|p2b: Tyranitar|atk|1\n|-ability|p1a: Ting-Lu|Vessel of Ruin\n|turn|1\n|\n|t:|1698406178\n|move|p2a: Garchomp|Swords Dance|p2a: Garchomp\n|-boost|p2a: Garchomp|atk|2\n|move|p2b: Tyranitar|Rock Slide|p1b: Arbok|[spread] p1b\n|-miss|p2b: Tyranitar|p1a: Ting-Lu\n|-damage|p1b: Arbok|76\/100\n|move|p1b: Arbok|Glare|p2a: Garchomp\n|-status|p2a: Garchomp|par\n|move|p1a: Ting-Lu|Stealth Rock|p2a: Garchomp\n|-sidestart|p2: EkCantDrawLol|move: Stealth Rock\n|\n|-weather|Sandstorm|[upkeep]\n|-damage|p1b: Arbok|70\/100|[from] Sandstorm\n|-heal|p1b: Arbok|76\/100|[from] item: Black Sludge\n|upkeep\n|turn|2\n|\n|t:|1698406194\n|move|p2b: Tyranitar|Protect|p2b: Tyranitar\n|-singleturn|p2b: Tyranitar|Protect\n|move|p1b: Arbok|Coil|p1b: Arbok\n|-boost|p1b: Arbok|atk|1\n|-boost|p1b: Arbok|def|1\n|-boost|p1b: Arbok|accuracy|1\n|move|p2a: Garchomp|Earthquake|p1b: Arbok|[spread] p1a,p1b\n|-activate|p2b: Tyranitar|move: Protect\n|-supereffective|p1b: Arbok\n|-damage|p1a: Ting-Lu|68\/100\n|-damage|p1b: Arbok|0 fnt\n|faint|p1b: Arbok\n|move|p1a: Ting-Lu|Whirlwind|p2a: Garchomp\n|drag|p2a: Iron Hands|Iron Hands, shiny|100\/100\n|-damage|p2a: Iron Hands|94\/100|[from] Stealth Rock\n|\n|-weather|Sandstorm|[upkeep]\n|-damage|p2a: Iron Hands|88\/100|[from] Sandstorm\n|upkeep\n|\n|t:|1698406208\n|switch|p1b: Bisharp|Bisharp, M|100\/100\n|turn|3\n|\n|t:|1698406219\n|switch|p2b: Amoonguss|Amoonguss, F, shiny|100\/100\n|-damage|p2b: Amoonguss|88\/100|[from] Stealth Rock\n|move|p2a: Iron Hands|Fake Out|p1b: Bisharp\n|-resisted|p1b: Bisharp\n|-damage|p1b: Bisharp|95\/100\n|cant|p1b: Bisharp|flinch\n|move|p1a: Ting-Lu|Spikes|p2b: Amoonguss\n|-sidestart|p2: EkCantDrawLol|Spikes\n|\n|-weather|Sandstorm|[upkeep]\n|-damage|p2a: Iron Hands|82\/100|[from] Sandstorm\n|-damage|p2b: Amoonguss|82\/100|[from] Sandstorm\n|upkeep\n|turn|4\n|\n|t:|1698406237\n|move|p1b: Bisharp|Iron Head|p2b: Amoonguss\n|-damage|p2b: Amoonguss|51\/100\n|move|p1a: Ting-Lu|Spikes|p2a: Iron Hands\n|-sidestart|p2: EkCantDrawLol|Spikes\n|move|p2a: Iron Hands|Drain Punch|p1b: Bisharp\n|-supereffective|p1b: Bisharp\n|-damage|p1b: Bisharp|0 fnt\n|-heal|p2a: Iron Hands|100\/100|[from] drain|[of] p1b: Bisharp\n|faint|p1b: Bisharp\n|move|p2b: Amoonguss|Spore|p1a: Ting-Lu\n|-status|p1a: Ting-Lu|slp|[from] move: Spore\n|\n|-weather|Sandstorm|[upkeep]\n|-damage|p2a: Iron Hands|94\/100|[from] Sandstorm\n|-damage|p2b: Amoonguss|45\/100|[from] Sandstorm\n|upkeep\n|inactive|flipplebop has 120 seconds left.\n|\n|t:|1698406257\n|switch|p1b: Volcanion|Volcanion|100\/100\n|turn|5\n|\n|t:|1698406271\n|switch|p1a: Dragonite|Dragonite, M|100\/100\n|move|p1b: Volcanion|Heat Wave|p2a: Iron Hands|[spread] p2a,p2b\n|-supereffective|p2b: Amoonguss\n|-enditem|p2b: Amoonguss|Occa Berry|[eat]\n|-enditem|p2b: Amoonguss|Occa Berry|[weaken]\n|-damage|p2a: Iron Hands|70\/100\n|-damage|p2b: Amoonguss|5\/100\n|-status|p2b: Amoonguss|brn\n|move|p2a: Iron Hands|Drain Punch|p1a: Dragonite\n|-resisted|p1a: Dragonite\n|-damage|p1a: Dragonite|88\/100\n|-heal|p2a: Iron Hands|74\/100|[from] drain|[of] p1a: Dragonite\n|move|p2b: Amoonguss|Spore|p1b: Volcanion\n|-status|p1b: Volcanion|slp|[from] move: Spore\n|\n|-weather|none\n|-damage|p2b: Amoonguss|0 fnt|[from] brn\n|faint|p2b: Amoonguss\n|upkeep\n|\n|t:|1698406284\n|switch|p2b: Tyranitar|Tyranitar, M, shiny|100\/100\n|-damage|p2b: Tyranitar|88\/100|[from] Stealth Rock\n|-damage|p2b: Tyranitar|71\/100|[from] Spikes\n|-weather|Sandstorm|[from] ability: Sand Stream|[of] p2b: Tyranitar\n|turn|6\n|\n|t:|1698406292\n|move|p1a: Dragonite|Protect|p1a: Dragonite\n|-singleturn|p1a: Dragonite|Protect\n|move|p2b: Tyranitar|Rock Slide|p1b: Volcanion|[spread] p1b\n|-activate|p1a: Dragonite|move: Protect\n|-supereffective|p1b: Volcanion\n|-damage|p1b: Volcanion|56\/100 slp\n|cant|p1b: Volcanion|slp\n|move|p2a: Iron Hands|Drain Punch|p1a: Dragonite\n|-activate|p1a: Dragonite|move: Protect\n|\n|-weather|Sandstorm|[upkeep]\n|-damage|p1a: Dragonite|82\/100|[from] Sandstorm\n|-damage|p1b: Volcanion|50\/100 slp|[from] Sandstorm\n|-damage|p2a: Iron Hands|68\/100|[from] Sandstorm\n|upkeep\n|turn|7\n|\n|t:|1698406307\n|-terastallize|p1a: Dragonite|Normal\n|move|p1a: Dragonite|Extreme Speed|p2a: Iron Hands\n|-damage|p2a: Iron Hands|28\/100\n|-damage|p1a: Dragonite|72\/100|[from] item: Life Orb\n|move|p2b: Tyranitar|Rock Slide|p1a: Dragonite|[spread] p1a,p1b\n|-supereffective|p1b: Volcanion\n|-damage|p1a: Dragonite|44\/100\n|-damage|p1b: Volcanion|8\/100 slp\n|cant|p1b: Volcanion|slp\n|move|p2a: Iron Hands|Drain Punch|p1a: Dragonite\n|-supereffective|p1a: Dragonite\n|-damage|p1a: Dragonite|0 fnt\n|-heal|p2a: Iron Hands|42\/100|[from] drain|[of] p1a: Dragonite\n|faint|p1a: Dragonite\n|\n|-weather|Sandstorm|[upkeep]\n|-damage|p1b: Volcanion|2\/100 slp|[from] Sandstorm\n|-damage|p2a: Iron Hands|36\/100|[from] Sandstorm\n|upkeep\n|\n|t:|1698406310\n|switch|p1a: Ting-Lu|Ting-Lu|68\/100 slp\n|-ability|p1a: Ting-Lu|Vessel of Ruin\n|turn|8\n|\n|t:|1698406323\n|move|p2b: Tyranitar|Rock Slide|p1a: Ting-Lu|[spread] p1a,p1b\n|-resisted|p1a: Ting-Lu\n|-crit|p1a: Ting-Lu\n|-supereffective|p1b: Volcanion\n|-damage|p1a: Ting-Lu|60\/100 slp\n|-damage|p1b: Volcanion|0 fnt\n|faint|p1b: Volcanion\n|move|p2a: Iron Hands|Drain Punch|p1a: Ting-Lu\n|-supereffective|p1a: Ting-Lu\n|-damage|p1a: Ting-Lu|25\/100 slp\n|-heal|p2a: Iron Hands|53\/100|[from] drain|[of] p1a: Ting-Lu\n|-enditem|p1a: Ting-Lu|Figy Berry|[eat]\n|-heal|p1a: Ting-Lu|59\/100 slp|[from] item: Figy Berry\n|cant|p1a: Ting-Lu|slp\n|\n|-weather|Sandstorm|[upkeep]\n|-damage|p2a: Iron Hands|47\/100|[from] Sandstorm\n|upkeep\n|\n|t:|1698406327\n|switch|p1b: Basculegion|Basculegion-F, F|100\/100\n|turn|9\n|\n|t:|1698406338\n|move|p1b: Basculegion|Last Respects|p2a: Iron Hands\n|-damage|p2a: Iron Hands|0 fnt\n|faint|p2a: Iron Hands\n|-end|p2a: Iron Hands|Quark Drive|[silent]\n|move|p2b: Tyranitar|Lash Out|p1b: Basculegion\n|-supereffective|p1b: Basculegion\n|-damage|p1b: Basculegion|4\/100\n|cant|p1a: Ting-Lu|slp\n|\n|-weather|Sandstorm|[upkeep]\n|-damage|p1b: Basculegion|0 fnt|[from] Sandstorm\n|faint|p1b: Basculegion\n|upkeep\n|\n|t:|1698406344\n|switch|p2a: Garchomp|Garchomp, F|100\/100 par\n|-damage|p2a: Garchomp|94\/100 par|[from] Stealth Rock\n|-damage|p2a: Garchomp|78\/100 par|[from] Spikes\n|turn|10\n|-message|flipplebop forfeited.\n|\n|win|EkCantDrawLol\n|raw|flipplebop's rating: 1506 &rarr; <strong>1486<\/strong><br \/>(-20 for losing)\n|raw|EkCantDrawLol's rating: 1511 &rarr; <strong>1531<\/strong><br \/>(+20 for winning)\n|l|\u2606flipplebop\n","uploadtime":1698406668,"views":15,"p1id":"flipplebop","p2id":"ekcantdrawlol","formatid":"gen9doublesou","rating":1486,"private":0,"password":""}