{"id":"gen9doublesou-1995708760","p1":"velociraptor2016","p2":"yescaman","format":"[Gen 9] Doubles OU","log":"|j|\u2606velociraptor2016\n|j|\u2606yescaman\n|t:|1700595860\n|gametype|doubles\n|player|p1|velociraptor2016|266|1171\n|player|p2|yescaman|chuck|1266\n|teamsize|p1|6\n|teamsize|p2|6\n|gen|9\n|tier|[Gen 9] Doubles OU\n|rated|\n|rule|Species Clause: Limit one of each Pok\u00e9mon\n|rule|OHKO Clause: OHKO moves are banned\n|rule|Evasion Moves Clause: Evasion moves are banned\n|rule|Gravity Sleep Clause: The combination of sleep-inducing moves with imperfect accuracy and Gravity or Gigantamax Orbeetle are banned\n|rule|Endless Battle Clause: Forcing endless battles is banned\n|rule|HP Percentage Mod: HP is shown in percentages\n|clearpoke\n|poke|p1|Regieleki|\n|poke|p1|Pelipper, F|\n|poke|p1|Dragonite, F|\n|poke|p1|Landorus-Therian, M|\n|poke|p1|Chien-Pao|\n|poke|p1|Flutter Mane|\n|poke|p2|Gliscor, M|\n|poke|p2|Goodra-Hisui, M|\n|poke|p2|Flutter Mane|\n|poke|p2|Amoonguss, F|\n|poke|p2|Indeedee-F, F|\n|poke|p2|Palafin, F|\n|teampreview\n|\n|t:|1700595872\n|start\n|switch|p1a: Chien-Pao|Chien-Pao|100\/100\n|switch|p1b: Flutter Mane|Flutter Mane|100\/100\n|switch|p2a: LaKelly|Indeedee-F, F|100\/100\n|switch|p2b: El Ultimo|Palafin, F|100\/100\n|-ability|p1a: Chien-Pao|Sword of Ruin\n|-fieldstart|move: Psychic Terrain|[from] ability: Psychic Surge|[of] p2a: LaKelly\n|-enditem|p2a: LaKelly|Psychic Seed\n|-boost|p2a: LaKelly|spd|1|[from] item: Psychic Seed\n|-enditem|p1b: Flutter Mane|Booster Energy\n|-activate|p1b: Flutter Mane|ability: Protosynthesis|[fromitem]\n|-start|p1b: Flutter Mane|protosynthesisspe\n|turn|1\n|\n|t:|1700595885\n|detailschange|p2b: El Ultimo|Palafin-Hero, F\n|switch|p2b: TodoSeta|Amoonguss, F|100\/100\n|move|p1b: Flutter Mane|Energy Ball|p2b: TodoSeta\n|-resisted|p2b: TodoSeta\n|-damage|p2b: TodoSeta|94\/100\n|move|p1a: Chien-Pao|Ice Spinner|p2a: LaKelly\n|-damage|p2a: LaKelly|27\/100\n|-fieldend|move: Psychic Terrain\n|move|p2a: LaKelly|Trick Room|p2a: LaKelly\n|-fieldstart|move: Trick Room|[of] p2a: LaKelly\n|\n|-heal|p2b: TodoSeta|100\/100|[from] item: Black Sludge\n|upkeep\n|turn|2\n|\n|t:|1700595904\n|switch|p2a: Kiscol|Goodra-Hisui, M|100\/100\n|move|p1b: Flutter Mane|Helping Hand|p1a: Chien-Pao\n|-singleturn|p1a: Chien-Pao|Helping Hand|[of] p1b: Flutter Mane\n|move|p1a: Chien-Pao|Ice Shard|p2b: TodoSeta\n|-supereffective|p2b: TodoSeta\n|-damage|p2b: TodoSeta|34\/100\n|move|p2b: TodoSeta|Spore|p1a: Chien-Pao\n|-status|p1a: Chien-Pao|slp|[from] move: Spore\n|\n|-heal|p2b: TodoSeta|40\/100|[from] item: Black Sludge\n|upkeep\n|turn|3\n|\n|t:|1700595920\n|move|p2b: TodoSeta|Pollen Puff|p1a: Chien-Pao\n|-supereffective|p1a: Chien-Pao\n|-damage|p1a: Chien-Pao|41\/100 slp\n|move|p2a: Kiscol|Heavy Slam|p1b: Flutter Mane\n|-supereffective|p1b: Flutter Mane\n|-damage|p1b: Flutter Mane|0 fnt\n|faint|p1b: Flutter Mane\n|-end|p1b: Flutter Mane|Protosynthesis|[silent]\n|cant|p1a: Chien-Pao|slp\n|\n|-heal|p2b: TodoSeta|46\/100|[from] item: Black Sludge\n|upkeep\n|\n|t:|1700595936\n|switch|p1b: Landorus|Landorus-Therian, M|100\/100\n|-ability|p1b: Landorus|Intimidate|boost\n|-unboost|p2a: Kiscol|atk|1\n|-unboost|p2b: TodoSeta|atk|1\n|turn|4\n|\n|t:|1700595944\n|move|p1b: Landorus|Protect|p1b: Landorus\n|-singleturn|p1b: Landorus|Protect\n|cant|p1a: Chien-Pao|slp\n|move|p2b: TodoSeta|Spore|p1b: Landorus\n|-activate|p1b: Landorus|move: Protect\n|move|p2a: Kiscol|Body Press|p1a: Chien-Pao\n|-supereffective|p1a: Chien-Pao\n|-damage|p1a: Chien-Pao|0 fnt\n|faint|p1a: Chien-Pao\n|\n|-heal|p2b: TodoSeta|53\/100|[from] item: Black Sludge\n|upkeep\n|\n|t:|1700595961\n|switch|p1a: Dragonite|Dragonite, F|100\/100\n|turn|5\n|\n|t:|1700595969\n|switch|p2a: LaKelly|Indeedee-F, F|27\/100\n|-fieldstart|move: Psychic Terrain|[from] ability: Psychic Surge|[of] p2a: LaKelly\n|-terastallize|p1a: Dragonite|Normal\n|move|p1a: Dragonite|Extreme Speed|p2b: TodoSeta\n|-activate|p2b: TodoSeta|move: Psychic Terrain\n|move|p2b: TodoSeta|Spore|p1b: Landorus\n|-status|p1b: Landorus|slp|[from] move: Spore\n|cant|p1b: Landorus|slp\n|\n|-heal|p2b: TodoSeta|59\/100|[from] item: Black Sludge\n|-fieldend|move: Trick Room\n|upkeep\n|turn|6\n|\n|t:|1700595985\n|move|p2b: TodoSeta|Rage Powder|p2b: TodoSeta\n|-singleturn|p2b: TodoSeta|move: Rage Powder\n|cant|p1b: Landorus|slp\n|move|p1a: Dragonite|Ice Spinner|p2b: TodoSeta\n|-supereffective|p2b: TodoSeta\n|-damage|p2b: TodoSeta|0 fnt\n|-fieldend|move: Psychic Terrain\n|faint|p2b: TodoSeta\n|-damage|p1a: Dragonite|91\/100|[from] item: Life Orb\n|move|p2a: LaKelly|Trick Room|p2a: LaKelly\n|-fieldstart|move: Trick Room|[of] p2a: LaKelly\n|\n|upkeep\n|\n|t:|1700595999\n|switch|p2b: Kiscol|Goodra-Hisui, M|100\/100\n|turn|7\n|\n|t:|1700596010\n|move|p1a: Dragonite|Extreme Speed|p2a: LaKelly\n|-damage|p2a: LaKelly|0 fnt\n|faint|p2a: LaKelly\n|-damage|p1a: Dragonite|81\/100|[from] item: Life Orb\n|move|p2b: Kiscol|Shelter|p2b: Kiscol\n|-boost|p2b: Kiscol|def|2\n|-curestatus|p1b: Landorus|slp|[msg]\n|move|p1b: Landorus|Earthquake|p2b: Kiscol|[spread] p1a,p2b\n|-supereffective|p2b: Kiscol\n|-damage|p1a: Dragonite|23\/100\n|-damage|p2b: Kiscol|58\/100\n|\n|upkeep\n|\n|t:|1700596019\n|switch|p2a: Chunguito|Gliscor, M|100\/100\n|turn|8\n|\n|t:|1700596035\n|move|p1a: Dragonite|Extreme Speed|p2a: Chunguito\n|-damage|p2a: Chunguito|64\/100\n|-damage|p1a: Dragonite|13\/100|[from] item: Life Orb\n|move|p2b: Kiscol|Body Press|p1a: Dragonite\n|-supereffective|p1a: Dragonite\n|-damage|p1a: Dragonite|0 fnt\n|faint|p1a: Dragonite\n|move|p2a: Chunguito|Toxic|p1b: Landorus\n|-status|p1b: Landorus|tox\n|move|p1b: Landorus|Earthquake|p2b: Kiscol|[spread] p2b\n|-immune|p2a: Chunguito\n|-supereffective|p2b: Kiscol\n|-damage|p2b: Kiscol|12\/100\n|\n|-damage|p1b: Landorus|95\/100 tox|[from] psn\n|-status|p2a: Chunguito|tox|[from] item: Toxic Orb\n|upkeep\n|\n|t:|1700596050\n|switch|p1a: Pelipper|Pelipper, F|100\/100\n|-weather|RainDance|[from] ability: Drizzle|[of] p1a: Pelipper\n|turn|9\n|\n|t:|1700596069\n|move|p2a: Chunguito|Protect|p2a: Chunguito\n|-singleturn|p2a: Chunguito|Protect\n|move|p2b: Kiscol|Rest|p2b: Kiscol\n|-status|p2b: Kiscol|slp|[from] move: Rest\n|-heal|p2b: Kiscol|100\/100 slp|[silent]\n|-enditem|p2b: Kiscol|Chesto Berry|[eat]\n|-curestatus|p2b: Kiscol|slp|[msg]\n|move|p1a: Pelipper|Hydro Pump|p2a: Chunguito\n|-activate|p2a: Chunguito|move: Protect\n|move|p1b: Landorus|Earthquake|p2b: Kiscol|[spread] p2b\n|-activate|p2a: Chunguito|move: Protect\n|-immune|p1a: Pelipper\n|-supereffective|p2b: Kiscol\n|-damage|p2b: Kiscol|55\/100\n|\n|-weather|RainDance|[upkeep]\n|-heal|p2a: Chunguito|76\/100 tox|[from] ability: Poison Heal\n|-damage|p1b: Landorus|83\/100 tox|[from] psn\n|upkeep\n|turn|10\n|\n|t:|1700596095\n|switch|p2a: El Ultimo|Palafin-Hero, F|100\/100\n|-activate|p2a: El Ultimo|ability: Zero to Hero\n|move|p2b: Kiscol|Body Press|p1a: Pelipper\n|-resisted|p1a: Pelipper\n|-damage|p1a: Pelipper|80\/100\n|move|p1a: Pelipper|Hydro Pump|p2a: El Ultimo\n|-resisted|p2a: El Ultimo\n|-damage|p2a: El Ultimo|60\/100\n|move|p1b: Landorus|Earthquake|p2b: Kiscol|[spread] p2a,p2b\n|-immune|p1a: Pelipper\n|-supereffective|p2b: Kiscol\n|-damage|p2a: El Ultimo|5\/100\n|-damage|p2b: Kiscol|13\/100\n|\n|-weather|RainDance|[upkeep]\n|-heal|p1a: Pelipper|86\/100|[from] item: Leftovers\n|-damage|p1b: Landorus|65\/100 tox|[from] psn\n|-fieldend|move: Trick Room\n|upkeep\n|turn|11\n|\n|t:|1700596114\n|switch|p2b: Chunguito|Gliscor, M|76\/100 tox\n|move|p1b: Landorus|Protect|p1b: Landorus\n|-singleturn|p1b: Landorus|Protect\n|move|p2a: El Ultimo|Flip Turn|p1b: Landorus\n|-activate|p1b: Landorus|move: Protect\n|move|p1a: Pelipper|Hurricane|p2a: El Ultimo\n|-damage|p2a: El Ultimo|0 fnt\n|faint|p2a: El Ultimo\n|\n|-weather|RainDance|[upkeep]\n|-heal|p1a: Pelipper|92\/100|[from] item: Leftovers\n|-damage|p1b: Landorus|41\/100 tox|[from] psn\n|-heal|p2b: Chunguito|89\/100 tox|[from] ability: Poison Heal\n|upkeep\n|\n|t:|1700596123\n|switch|p2a: Antonella|Flutter Mane|100\/100\n|turn|12\n|\n|t:|1700596146\n|move|p2a: Antonella|Thunderbolt|p1a: Pelipper\n|-supereffective|p1a: Pelipper\n|-damage|p1a: Pelipper|0 fnt\n|faint|p1a: Pelipper\n|move|p1b: Landorus|U-turn|p2a: Antonella\n|-resisted|p2a: Antonella\n|-damage|p2a: Antonella|85\/100\n|\n|t:|1700596149\n|switch|p1b: Regieleki|Regieleki|100\/100|[from] U-turn\n|move|p2b: Chunguito|Swords Dance|p2b: Chunguito\n|-boost|p2b: Chunguito|atk|2\n|\n|-weather|RainDance|[upkeep]\n|-heal|p2b: Chunguito|100\/100 tox|[from] ability: Poison Heal\n|upkeep\n|\n|t:|1700596152\n|switch|p1a: Landorus|Landorus-Therian, M|41\/100 tox\n|-ability|p1a: Landorus|Intimidate|boost\n|-unboost|p2a: Antonella|atk|1\n|-unboost|p2b: Chunguito|atk|1\n|turn|13\n|\n|t:|1700596162\n|-end|p2a: Antonella|Protosynthesis|[silent]\n|switch|p2a: Kiscol|Goodra-Hisui, M|13\/100\n|move|p1a: Landorus|Protect|p1a: Landorus\n|-singleturn|p1a: Landorus|Protect\n|move|p1b: Regieleki|Explosion|p2b: Chunguito|[spread] p2a,p2b\n|-activate|p1a: Landorus|move: Protect\n|-resisted|p2a: Kiscol\n|-damage|p2a: Kiscol|0 fnt\n|-damage|p2b: Chunguito|38\/100 tox\n|faint|p1b: Regieleki\n|faint|p2a: Kiscol\n|move|p2b: Chunguito|Earthquake|p1a: Landorus\n|-activate|p1a: Landorus|move: Protect\n|\n|-weather|none\n|-damage|p1a: Landorus|35\/100 tox|[from] psn\n|-heal|p2b: Chunguito|51\/100 tox|[from] ability: Poison Heal\n|upkeep\n|\n|t:|1700596171\n|switch|p2a: Antonella|Flutter Mane|85\/100\n|turn|14\n|\n|t:|1700596178\n|-terastallize|p2a: Antonella|Ghost\n|move|p2b: Chunguito|Protect|p2b: Chunguito\n|-singleturn|p2b: Chunguito|Protect\n|move|p2a: Antonella|Shadow Ball|p1a: Landorus\n|-damage|p1a: Landorus|0 fnt\n|faint|p1a: Landorus\n|\n|win|yescaman\n|raw|velociraptor2016's rating: 1171 &rarr; <strong>1153<\/strong><br \/>(-18 for losing)\n|raw|yescaman's rating: 1266 &rarr; <strong>1284<\/strong><br \/>(+18 for winning)\n","uploadtime":1700596280,"views":29,"p1id":"velociraptor2016","p2id":"yescaman","formatid":"gen9doublesou","rating":1153,"private":0,"password":""}