{"id":"gen9doublesou-1976067770","p1":"seth470","p2":"Kongojongo","format":"[Gen 9] Doubles OU","log":"|j|\u2606seth470\n|j|\u2606Kongojongo\n|t:|1698260918\n|gametype|doubles\n|player|p1|seth470|2|\n|player|p2|Kongojongo|harlequin|\n|teamsize|p1|6\n|teamsize|p2|6\n|gen|9\n|tier|[Gen 9] Doubles OU\n|rule|Species Clause: Limit one of each Pok\u00e9mon\n|rule|OHKO Clause: OHKO moves are banned\n|rule|Evasion Moves Clause: Evasion moves are banned\n|rule|Gravity Sleep Clause: The combination of sleep-inducing moves with imperfect accuracy and Gravity or Gigantamax Orbeetle are banned\n|rule|Endless Battle Clause: Forcing endless battles is banned\n|rule|HP Percentage Mod: HP is shown in percentages\n|clearpoke\n|poke|p1|Pelipper, M|\n|poke|p1|Glimmora, F|\n|poke|p1|Poliwrath, M|\n|poke|p1|Gastrodon, M|\n|poke|p1|Inteleon, F|\n|poke|p1|Iron Hands|\n|poke|p2|Ogerpon-Hearthflame, F|\n|poke|p2|Ursaluna-Bloodmoon, M|\n|poke|p2|Cramorant, F|\n|poke|p2|Gastrodon-East, M|\n|poke|p2|Iron Hands|\n|poke|p2|Toxapex, F|\n|teampreview\n|c|\u2606Kongojongo|i was hoping we could do a tie breaker :D\n|c|\u2606seth470|me too\n|\n|t:|1698260953\n|start\n|switch|p1a: Glimmora|Glimmora, F|100\/100\n|switch|p1b: Pelipper|Pelipper, M|100\/100\n|switch|p2a: Slappems|Iron Hands|100\/100\n|switch|p2b: Ogerpon|Ogerpon-Hearthflame, F|100\/100\n|-ability|p2b: Ogerpon|Mold Breaker\n|-weather|RainDance|[from] ability: Drizzle|[of] p1b: Pelipper\n|-enditem|p2a: Slappems|Booster Energy\n|-activate|p2a: Slappems|ability: Quark Drive|[fromitem]\n|-start|p2a: Slappems|quarkdriveatk\n|turn|1\n|\n|t:|1698260984\n|move|p2a: Slappems|Fake Out|p1b: Pelipper\n|-damage|p1b: Pelipper|80\/100\n|move|p2b: Ogerpon|Swords Dance|p2b: Ogerpon\n|-boost|p2b: Ogerpon|atk|2\n|move|p1a: Glimmora|Reflect|p1a: Glimmora\n|-sidestart|p1: seth470|Reflect\n|cant|p1b: Pelipper|flinch\n|\n|-weather|RainDance|[upkeep]\n|upkeep\n|turn|2\n|\n|t:|1698261001\n|move|p2b: Ogerpon|Swords Dance|p2b: Ogerpon\n|-boost|p2b: Ogerpon|atk|2\n|move|p1a: Glimmora|Light Screen|p1a: Glimmora\n|-sidestart|p1: seth470|move: Light Screen\n|move|p1b: Pelipper|Tailwind|p1b: Pelipper\n|-sidestart|p1: seth470|move: Tailwind\n|move|p2a: Slappems|Wild Charge|p1b: Pelipper\n|-supereffective|p1b: Pelipper\n|-damage|p1b: Pelipper|0 fnt\n|faint|p1b: Pelipper\n|-damage|p2a: Slappems|88\/100|[from] Recoil\n|\n|-weather|RainDance|[upkeep]\n|upkeep\n|\n|t:|1698261013\n|switch|p1b: Inteleon|Inteleon, F|100\/100\n|turn|3\n|\n|t:|1698261023\n|move|p2b: Ogerpon|Spiky Shield|p2b: Ogerpon\n|-singleturn|p2b: Ogerpon|move: Protect\n|move|p1b: Inteleon|Snipe Shot|p2b: Ogerpon\n|-activate|p2b: Ogerpon|move: Protect\n|move|p1a: Glimmora|Dazzling Gleam|p2b: Ogerpon|[spread] p2a\n|-activate|p2b: Ogerpon|move: Protect\n|-supereffective|p2a: Slappems\n|-crit|p2a: Slappems\n|-damage|p2a: Slappems|47\/100\n|move|p2a: Slappems|Wild Charge|p1b: Inteleon\n|-supereffective|p1b: Inteleon\n|-damage|p1b: Inteleon|0 fnt\n|faint|p1b: Inteleon\n|-damage|p2a: Slappems|31\/100|[from] Recoil\n|\n|-weather|RainDance|[upkeep]\n|upkeep\n|\n|t:|1698261038\n|switch|p1b: Gastrodon|Gastrodon, M|100\/100\n|turn|4\n|\n|t:|1698261045\n|move|p1a: Glimmora|Dazzling Gleam|p2b: Ogerpon|[spread] p2a,p2b\n|-supereffective|p2a: Slappems\n|-resisted|p2b: Ogerpon\n|-damage|p2a: Slappems|6\/100\n|-damage|p2b: Ogerpon|91\/100\n|move|p2b: Ogerpon|Horn Leech|p1b: Gastrodon\n|-supereffective|p1b: Gastrodon\n|-damage|p1b: Gastrodon|0 fnt\n|-heal|p2b: Ogerpon|100\/100|[from] drain|[of] p1b: Gastrodon\n|faint|p1b: Gastrodon\n|move|p2a: Slappems|Drain Punch|p1a: Glimmora\n|-damage|p1a: Glimmora|77\/100\n|-heal|p2a: Slappems|15\/100|[from] drain|[of] p1a: Glimmora\n|-activate|p1a: Glimmora|ability: Toxic Debris\n|-sidestart|p2: Kongojongo|move: Toxic Spikes\n|\n|-weather|RainDance|[upkeep]\n|-heal|p1a: Glimmora|83\/100|[from] item: Black Sludge\n|upkeep\n|\n|t:|1698261061\n|switch|p1b: Poliwrath|Poliwrath, M|100\/100\n|turn|5\n|\n|t:|1698261085\n|-terastallize|p1b: Poliwrath|Steel\n|move|p1b: Poliwrath|Belly Drum|p1b: Poliwrath\n|-damage|p1b: Poliwrath|51\/100\n|-setboost|p1b: Poliwrath|atk|6|[from] move: Belly Drum\n|move|p1a: Glimmora|Dazzling Gleam|p2a: Slappems|[spread] p2a,p2b\n|-supereffective|p2a: Slappems\n|-resisted|p2b: Ogerpon\n|-damage|p2a: Slappems|0 fnt\n|-damage|p2b: Ogerpon|93\/100\n|faint|p2a: Slappems\n|-end|p2a: Slappems|Quark Drive|[silent]\n|move|p2b: Ogerpon|Ivy Cudgel|p1b: Poliwrath\n|-supereffective|p1b: Poliwrath\n|-damage|p1b: Poliwrath|0 fnt\n|faint|p1b: Poliwrath\n|\n|-weather|RainDance|[upkeep]\n|-heal|p1a: Glimmora|89\/100|[from] item: Black Sludge\n|-sideend|p1: seth470|Reflect\n|-sideend|p1: seth470|move: Tailwind\n|upkeep\n|\n|t:|1698261106\n|switch|p1b: Iron Hands|Iron Hands|100\/100\n|switch|p2a: Blumby|Gastrodon-East, M|100\/100\n|-status|p2a: Blumby|psn\n|-enditem|p1b: Iron Hands|Booster Energy\n|-activate|p1b: Iron Hands|ability: Quark Drive|[fromitem]\n|-start|p1b: Iron Hands|quarkdriveatk\n|turn|6\n|\n|t:|1698261128\n|move|p2b: Ogerpon|Ivy Cudgel|p1b: Iron Hands\n|-damage|p1b: Iron Hands|55\/100\n|move|p1a: Glimmora|Stealth Rock|p2b: Ogerpon\n|-sidestart|p2: Kongojongo|move: Stealth Rock\n|move|p1b: Iron Hands|Drain Punch|p2a: Blumby\n|-damage|p2a: Blumby|37\/100 psn\n|-heal|p1b: Iron Hands|78\/100|[from] drain|[of] p2a: Blumby\n|move|p2a: Blumby|Earth Power|p1b: Iron Hands\n|-supereffective|p1b: Iron Hands\n|-damage|p1b: Iron Hands|40\/100\n|\n|-weather|RainDance|[upkeep]\n|-heal|p1a: Glimmora|95\/100|[from] item: Black Sludge\n|-heal|p2a: Blumby|43\/100 psn|[from] item: Leftovers\n|-damage|p2a: Blumby|30\/100 psn|[from] psn\n|-sideend|p1: seth470|move: Light Screen\n|upkeep\n|turn|7\n|\n|t:|1698261158\n|-terastallize|p2b: Ogerpon|Fire\n|detailschange|p2b: Ogerpon|Ogerpon-Hearthflame-Tera, F, tera:Fire\n|-ability|p2b: Ogerpon|Embody Aspect (Hearthflame)|boost\n|-boost|p2b: Ogerpon|atk|1\n|move|p2b: Ogerpon|Ivy Cudgel|p1b: Iron Hands\n|-damage|p1b: Iron Hands|0 fnt\n|faint|p1b: Iron Hands\n|-end|p1b: Iron Hands|Quark Drive|[silent]\n|move|p1a: Glimmora|Dazzling Gleam|p2a: Blumby|[spread] p2a,p2b\n|-resisted|p2b: Ogerpon\n|-damage|p2a: Blumby|16\/100 psn\n|-damage|p2b: Ogerpon|84\/100\n|move|p2a: Blumby|Recover|p2a: Blumby\n|-heal|p2a: Blumby|66\/100 psn\n|\n|-weather|RainDance|[upkeep]\n|-heal|p1a: Glimmora|100\/100|[from] item: Black Sludge\n|-heal|p2a: Blumby|72\/100 psn|[from] item: Leftovers\n|-damage|p2a: Blumby|59\/100 psn|[from] psn\n|upkeep\n|turn|8\n|c|\u2606seth470|you got that\n|-message|seth470 forfeited.\n|\n|win|Kongojongo\n|l|\u2606seth470\n","uploadtime":1698261188,"views":14,"p1id":"seth470","p2id":"kongojongo","formatid":"gen9doublesou","rating":0,"private":0,"password":""}