{"id":"gen9doublesou-1991181925","p1":"sirazurill","p2":"TwentyMyst","format":"[Gen 9] Doubles OU","log":"|j|\u2606sirazurill\n|j|\u2606TwentyMyst\n|t:|1700054408\n|gametype|doubles\n|player|p1|sirazurill|bugcatcher-gen4dp|1391\n|player|p2|TwentyMyst|pokemaniac|1447\n|teamsize|p1|6\n|teamsize|p2|6\n|gen|9\n|tier|[Gen 9] Doubles OU\n|rated|\n|rule|Species Clause: Limit one of each Pok\u00e9mon\n|rule|OHKO Clause: OHKO moves are banned\n|rule|Evasion Moves Clause: Evasion moves are banned\n|rule|Gravity Sleep Clause: The combination of sleep-inducing moves with imperfect accuracy and Gravity or Gigantamax Orbeetle are banned\n|rule|Endless Battle Clause: Forcing endless battles is banned\n|rule|HP Percentage Mod: HP is shown in percentages\n|clearpoke\n|poke|p1|Kingambit, M|\n|poke|p1|Tornadus, M|\n|poke|p1|Flutter Mane|\n|poke|p1|Landorus-Therian, M|\n|poke|p1|Ogerpon-Wellspring, F|\n|poke|p1|Heatran, F|\n|poke|p2|Wyrdeer, M|\n|poke|p2|Milotic, M|\n|poke|p2|Dragapult, M|\n|poke|p2|Chien-Pao|\n|poke|p2|Chi-Yu|\n|poke|p2|Dachsbun, F|\n|teampreview\n|\n|t:|1700054428\n|start\n|switch|p1a: Tornadus|Tornadus, M|100\/100\n|switch|p1b: Landorus|Landorus-Therian, M|100\/100\n|switch|p2a: Wyrdeer|Wyrdeer, M|100\/100\n|switch|p2b: Milotic|Milotic, M|100\/100\n|-ability|p1b: Landorus|Intimidate|boost\n|-unboost|p2a: Wyrdeer|atk|1\n|-unboost|p2b: Milotic|atk|1\n|-ability|p2b: Milotic|Competitive|boost\n|-boost|p2b: Milotic|spa|2\n|-enditem|p2b: Milotic|Adrenaline Orb\n|-boost|p2b: Milotic|spe|1|[from] item: Adrenaline Orb\n|-ability|p2a: Wyrdeer|Intimidate|boost\n|-unboost|p1a: Tornadus|atk|1\n|-unboost|p1b: Landorus|atk|1\n|turn|1\n|inactive|Battle timer is ON: inactive players will automatically lose when time's up. (requested by TwentyMyst)\n|\n|t:|1700054453\n|move|p1a: Tornadus|Scary Face|p2b: Milotic\n|-unboost|p2b: Milotic|spe|2\n|-ability|p2b: Milotic|Competitive|boost\n|-boost|p2b: Milotic|spa|2\n|move|p1b: Landorus|U-turn|p2a: Wyrdeer\n|-supereffective|p2a: Wyrdeer\n|-damage|p2a: Wyrdeer|46\/100\n|-enditem|p2a: Wyrdeer|Sitrus Berry|[eat]\n|-heal|p2a: Wyrdeer|70\/100|[from] item: Sitrus Berry\n|\n|t:|1700054461\n|switch|p1b: Oregon-Wellspring|Ogerpon-Wellspring, F|100\/100|[from] U-turn\n|move|p2a: Wyrdeer|Skill Swap|p1a: Tornadus\n|-activate|p2a: Wyrdeer|move: Skill Swap|Prankster|Intimidate|[of] p1a: Tornadus\n|-ability|p1a: Tornadus|Intimidate|boost\n|-unboost|p2a: Wyrdeer|atk|1\n|-unboost|p2b: Milotic|atk|1\n|-ability|p2b: Milotic|Competitive|boost\n|-boost|p2b: Milotic|spa|2\n|move|p2b: Milotic|Coil|p2b: Milotic\n|-boost|p2b: Milotic|atk|1\n|-boost|p2b: Milotic|def|1\n|-boost|p2b: Milotic|accuracy|1\n|\n|upkeep\n|turn|2\n|\n|t:|1700054490\n|-terastallize|p2b: Milotic|Grass\n|move|p1b: Oregon-Wellspring|Wood Hammer|p2b: Milotic\n|-resisted|p2b: Milotic\n|-damage|p2b: Milotic|66\/100\n|-damage|p1b: Oregon-Wellspring|88\/100|[from] Recoil\n|move|p1a: Tornadus|Bleakwind Storm|p2b: Milotic|[spread] p2b\n|-miss|p1a: Tornadus|p2a: Wyrdeer\n|-supereffective|p2b: Milotic\n|-damage|p2b: Milotic|5\/100\n|move|p2b: Milotic|Coil|p2b: Milotic\n|-boost|p2b: Milotic|atk|1\n|-boost|p2b: Milotic|def|1\n|-boost|p2b: Milotic|accuracy|1\n|move|p2a: Wyrdeer|Trick Room|p2a: Wyrdeer\n|-fieldstart|move: Trick Room|[of] p2a: Wyrdeer\n|\n|upkeep\n|turn|3\n|inactive|sirazurill has 120 seconds left.\n|inactive|TwentyMyst has 120 seconds left.\n|\n|t:|1700054543\n|move|p2a: Wyrdeer|Thunder Wave|p1b: Oregon-Wellspring\n|-status|p1b: Oregon-Wellspring|par\n|move|p1b: Oregon-Wellspring|Ivy Cudgel|p2b: Milotic|[anim] Ivy Cudgel Water\n|-resisted|p2b: Milotic\n|-damage|p2b: Milotic|0 fnt\n|faint|p2b: Milotic\n|move|p1a: Tornadus|Scary Face|p1b: Oregon-Wellspring\n|-unboost|p1b: Oregon-Wellspring|spe|2\n|\n|upkeep\n|inactive|TwentyMyst has 120 seconds left.\n|\n|t:|1700054554\n|switch|p2b: Dachsbun|Dachsbun, F|100\/100\n|turn|4\n|inactive|sirazurill has 120 seconds left.\n|\n|t:|1700054565\n|move|p2a: Wyrdeer|Thunder Wave|p1a: Tornadus\n|-status|p1a: Tornadus|par\n|move|p1b: Oregon-Wellspring|Ivy Cudgel|p2a: Wyrdeer|[anim] Ivy Cudgel Water\n|-damage|p2a: Wyrdeer|13\/100\n|move|p1a: Tornadus|Bleakwind Storm|p2a: Wyrdeer|[spread] \n|-miss|p1a: Tornadus|p2a: Wyrdeer\n|-miss|p1a: Tornadus|p2b: Dachsbun\n|move|p2b: Dachsbun|Roar|p1b: Oregon-Wellspring\n|drag|p1b: Heatran|Heatran, F|100\/100\n|\n|upkeep\n|turn|5\n|\n|t:|1700054580\n|move|p2a: Wyrdeer|Skill Swap|p1b: Heatran\n|-activate|p2a: Wyrdeer|move: Skill Swap|Flash Fire|Prankster|[of] p1b: Heatran\n|move|p1a: Tornadus|Bleakwind Storm|p2b: Dachsbun|[spread] p2a,p2b\n|-damage|p2a: Wyrdeer|0 fnt\n|-damage|p2b: Dachsbun|56\/100\n|faint|p2a: Wyrdeer\n|move|p1b: Heatran|Flash Cannon|p2b: Dachsbun\n|-supereffective|p2b: Dachsbun\n|-damage|p2b: Dachsbun|0 fnt\n|faint|p2b: Dachsbun\n|\n|upkeep\n|\n|t:|1700054591\n|switch|p2a: Chien-Pao|Chien-Pao|100\/100\n|switch|p2b: Chi-Yu|Chi-Yu|100\/100\n|-ability|p2a: Chien-Pao|Sword of Ruin\n|-ability|p2b: Chi-Yu|Beads of Ruin\n|turn|6\n|\n|t:|1700054609\n|move|p1a: Tornadus|Protect|p1a: Tornadus\n|-singleturn|p1a: Tornadus|Protect\n|move|p1b: Heatran|Heat Wave|p2a: Chien-Pao|[spread] p2a,p2b\n|-supereffective|p2a: Chien-Pao\n|-resisted|p2b: Chi-Yu\n|-enditem|p2a: Chien-Pao|Focus Sash\n|-damage|p2a: Chien-Pao|1\/100\n|-damage|p2b: Chi-Yu|79\/100\n|move|p2a: Chien-Pao|Sacred Sword|p1b: Heatran\n|-supereffective|p1b: Heatran\n|-damage|p1b: Heatran|34\/100\n|move|p2b: Chi-Yu|Dark Pulse|p1a: Tornadus\n|-activate|p1a: Tornadus|move: Protect\n|\n|-heal|p1b: Heatran|40\/100|[from] item: Leftovers\n|-fieldend|move: Trick Room\n|upkeep\n|turn|7\n|\n|t:|1700054626\n|move|p2b: Chi-Yu|Dark Pulse|p1b: Heatran\n|-damage|p1b: Heatran|0 fnt\n|faint|p1b: Heatran\n|move|p2a: Chien-Pao|Ice Spinner|p1a: Tornadus\n|-supereffective|p1a: Tornadus\n|-damage|p1a: Tornadus|0 fnt\n|faint|p1a: Tornadus\n|\n|upkeep\n|\n|t:|1700054637\n|switch|p1a: Kingambit|Kingambit, M|100\/100\n|switch|p1b: Flutter Mane|Flutter Mane|100\/100\n|-activate|p1a: Kingambit|ability: Supreme Overlord\n|-start|p1a: Kingambit|fallen2|[silent]\n|turn|8\n|\n|t:|1700054651\n|move|p2a: Chien-Pao|Ice Shard|p1b: Flutter Mane\n|-damage|p1b: Flutter Mane|64\/100\n|move|p1a: Kingambit|Sucker Punch||[still]\n|-fail|p1a: Kingambit\n|move|p2b: Chi-Yu|Dark Pulse|p1b: Flutter Mane\n|-crit|p1b: Flutter Mane\n|-damage|p1b: Flutter Mane|0 fnt\n|faint|p1b: Flutter Mane\n|-end|p1b: Flutter Mane|Protosynthesis|[silent]\n|\n|upkeep\n|\n|t:|1700054669\n|switch|p1b: Oregon-Wellspring|Ogerpon-Wellspring, F|88\/100 par\n|turn|9\n|\n|t:|1700054684\n|move|p1b: Oregon-Wellspring|Follow Me|p1b: Oregon-Wellspring\n|-singleturn|p1b: Oregon-Wellspring|move: Follow Me\n|move|p2b: Chi-Yu|Dark Pulse|p1b: Oregon-Wellspring\n|-damage|p1b: Oregon-Wellspring|18\/100 par\n|move|p2a: Chien-Pao|Sacred Sword|p1b: Oregon-Wellspring\n|-damage|p1b: Oregon-Wellspring|0 fnt\n|faint|p1b: Oregon-Wellspring\n|move|p1a: Kingambit|Iron Head|p2a: Chien-Pao\n|-supereffective|p2a: Chien-Pao\n|-damage|p2a: Chien-Pao|0 fnt\n|faint|p2a: Chien-Pao\n|\n|upkeep\n|\n|t:|1700054694\n|switch|p2a: Dragapult|Dragapult, M|100\/100\n|switch|p1b: Landorus|Landorus-Therian, M|100\/100\n|-ability|p1b: Landorus|Intimidate|boost\n|-fail|p2a: Dragapult|unboost|[from] ability: Clear Body|[of] p2a: Dragapult\n|-unboost|p2b: Chi-Yu|atk|1\n|turn|10\n|inactive|sirazurill has 120 seconds left.\n|\n|t:|1700054725\n|-terastallize|p1a: Kingambit|Flying\n|move|p2a: Dragapult|Sucker Punch|p1b: Landorus\n|-damage|p1b: Landorus|57\/100\n|move|p1a: Kingambit|Sucker Punch||[still]\n|-fail|p1a: Kingambit\n|move|p2b: Chi-Yu|Dark Pulse|p1b: Landorus\n|-damage|p1b: Landorus|0 fnt\n|faint|p1b: Landorus\n|\n|upkeep\n|turn|11\n|\n|t:|1700054739\n|move|p2a: Dragapult|Sucker Punch|p1a: Kingambit\n|-damage|p1a: Kingambit|76\/100\n|move|p2b: Chi-Yu|Dark Pulse|p1a: Kingambit\n|-damage|p1a: Kingambit|35\/100\n|move|p1a: Kingambit|Brick Break|p2b: Chi-Yu\n|-supereffective|p2b: Chi-Yu\n|-damage|p2b: Chi-Yu|0 fnt\n|faint|p2b: Chi-Yu\n|\n|upkeep\n|turn|12\n|inactive|sirazurill has 120 seconds left.\n|\n|t:|1700054770\n|move|p2a: Dragapult|Sucker Punch|p1a: Kingambit\n|-damage|p1a: Kingambit|9\/100\n|move|p1a: Kingambit|Kowtow Cleave|p2a: Dragapult\n|-supereffective|p2a: Dragapult\n|-damage|p2a: Dragapult|0 fnt\n|faint|p2a: Dragapult\n|\n|win|sirazurill\n|raw|sirazurill's rating: 1391 &rarr; <strong>1414<\/strong><br \/>(+23 for winning)\n|raw|TwentyMyst's rating: 1447 &rarr; <strong>1424<\/strong><br \/>(-23 for losing)\n|l|\u2606TwentyMyst\n","uploadtime":1700054786,"views":5,"p1id":"sirazurill","p2id":"twentymyst","formatid":"gen9doublesou","rating":1414,"private":0,"password":""}