{"id":"gen9doublesou-1993728118","p1":"Kuzwa","p2":"Israel Big","format":"[Gen 9] Doubles OU","log":"|j|\u2606Kuzwa\n|j|\u2606Israel Big\n|t:|1700350203\n|gametype|doubles\n|player|p1|Kuzwa|kieran-festival|1310\n|player|p2|Israel Big|170|1345\n|teamsize|p1|6\n|teamsize|p2|6\n|gen|9\n|tier|[Gen 9] Doubles OU\n|rated|\n|rule|Species Clause: Limit one of each Pok\u00e9mon\n|rule|OHKO Clause: OHKO moves are banned\n|rule|Evasion Moves Clause: Evasion moves are banned\n|rule|Gravity Sleep Clause: The combination of sleep-inducing moves with imperfect accuracy and Gravity or Gigantamax Orbeetle are banned\n|rule|Endless Battle Clause: Forcing endless battles is banned\n|rule|HP Percentage Mod: HP is shown in percentages\n|clearpoke\n|poke|p1|Chi-Yu|\n|poke|p1|Torkoal, M|\n|poke|p1|Glimmora, M|\n|poke|p1|Gallade, M|\n|poke|p1|Cinderace, M|\n|poke|p1|Gardevoir, F|\n|poke|p2|Landorus-Therian, M|\n|poke|p2|Flutter Mane|\n|poke|p2|Chi-Yu|\n|poke|p2|Tornadus, M|\n|poke|p2|Kingambit, F|\n|poke|p2|Farigiraf, M|\n|teampreview\n|\n|t:|1700350213\n|start\n|switch|p1a: Strega|Glimmora, M|100\/100\n|switch|p1b: Nyx|Gardevoir, F, shiny|100\/100\n|switch|p2a: Tornadus|Tornadus, M, shiny|100\/100\n|switch|p2b: Chi-Yu|Chi-Yu|100\/100\n|-ability|p2b: Chi-Yu|Beads of Ruin\n|-item|p1a: Strega|Air Balloon\n|turn|1\n|inactive|Battle timer is ON: inactive players will automatically lose when time's up. (requested by Kuzwa)\n|\n|t:|1700350229\n|move|p2a: Tornadus|Tailwind|p2a: Tornadus\n|-sidestart|p2: Israel Big|move: Tailwind\n|move|p2b: Chi-Yu|Heat Wave|p1b: Nyx|[spread] p1a,p1b\n|-resisted|p1a: Strega\n|-damage|p1a: Strega|49\/100\n|-damage|p1b: Nyx|21\/100\n|-enditem|p1a: Strega|Air Balloon\n|move|p1a: Strega|Power Gem|p2a: Tornadus\n|-supereffective|p2a: Tornadus\n|-crit|p2a: Tornadus\n|-enditem|p2a: Tornadus|Focus Sash\n|-damage|p2a: Tornadus|1\/100\n|move|p1b: Nyx|Trick Room|p1b: Nyx\n|-fieldstart|move: Trick Room|[of] p1b: Nyx\n|\n|upkeep\n|turn|2\n|\n|t:|1700350248\n|move|p2a: Tornadus|Protect|p2a: Tornadus\n|-singleturn|p2a: Tornadus|Protect\n|move|p1b: Nyx|Dazzling Gleam|p2a: Tornadus|[spread] p2b\n|-activate|p2a: Tornadus|move: Protect\n|-damage|p2b: Chi-Yu|64\/100\n|move|p1a: Strega|Sludge Wave|p2a: Tornadus|[spread] p2b\n|-activate|p2a: Tornadus|move: Protect\n|-activate|p1b: Nyx|ability: Telepathy\n|-damage|p2b: Chi-Yu|22\/100\n|move|p2b: Chi-Yu|Heat Wave|p1b: Nyx|[spread] p1a,p1b\n|-resisted|p1a: Strega\n|-damage|p1a: Strega|0 fnt\n|-damage|p1b: Nyx|0 fnt\n|faint|p1a: Strega\n|faint|p1b: Nyx\n|\n|upkeep\n|\n|t:|1700350256\n|switch|p1b: Tortissed|Torkoal, M|100\/100\n|switch|p1a: Makoto Yuki|Gallade, M|100\/100\n|-weather|SunnyDay|[from] ability: Drought|[of] p1b: Tortissed\n|turn|3\n|\n|t:|1700350273\n|switch|p2a: Landorus|Landorus-Therian, M|100\/100\n|-ability|p2a: Landorus|Intimidate|boost\n|-unboost|p1a: Makoto Yuki|atk|1\n|-unboost|p1b: Tortissed|atk|1\n|move|p1b: Tortissed|Eruption|p2a: Landorus|[spread] p2a,p2b\n|-resisted|p2b: Chi-Yu\n|-damage|p2a: Landorus|0 fnt\n|-damage|p2b: Chi-Yu|0 fnt\n|faint|p2a: Landorus\n|faint|p2b: Chi-Yu\n|move|p1a: Makoto Yuki|Swords Dance|p1a: Makoto Yuki\n|-boost|p1a: Makoto Yuki|atk|2\n|\n|-weather|SunnyDay|[upkeep]\n|upkeep\n|\n|t:|1700350293\n|switch|p2b: Farigiraf|Farigiraf, M, shiny|100\/100\n|switch|p2a: Tornadus|Tornadus, M, shiny|1\/100\n|turn|4\n|\n|t:|1700350304\n|move|p2a: Tornadus|Protect|p2a: Tornadus\n|-singleturn|p2a: Tornadus|Protect\n|move|p1b: Tortissed|Eruption|p2a: Tornadus|[spread] p2b\n|-activate|p2a: Tornadus|move: Protect\n|-damage|p2b: Farigiraf|41\/100\n|move|p1a: Makoto Yuki|Sacred Sword|p2b: Farigiraf\n|-crit|p2b: Farigiraf\n|-damage|p2b: Farigiraf|0 fnt\n|faint|p2b: Farigiraf\n|\n|-weather|SunnyDay|[upkeep]\n|-sideend|p2: Israel Big|move: Tailwind\n|upkeep\n|\n|t:|1700350317\n|switch|p2b: Kingambit|Kingambit, F, shiny|100\/100\n|-activate|p2b: Kingambit|ability: Supreme Overlord\n|-start|p2b: Kingambit|fallen3|[silent]\n|turn|5\n|\n|t:|1700350331\n|-terastallize|p2b: Kingambit|Flying\n|move|p2b: Kingambit|Sucker Punch|p1b: Tortissed\n|-damage|p1b: Tortissed|51\/100\n|-damage|p2b: Kingambit|91\/100|[from] item: Life Orb\n|move|p1b: Tortissed|Eruption|p2b: Kingambit|[spread] p2a,p2b\n|-damage|p2a: Tornadus|0 fnt\n|-damage|p2b: Kingambit|45\/100\n|faint|p2a: Tornadus\n|move|p1a: Makoto Yuki|Sacred Sword|p2b: Kingambit\n|-resisted|p2b: Kingambit\n|-damage|p2b: Kingambit|10\/100\n|\n|-weather|SunnyDay|[upkeep]\n|-fieldend|move: Trick Room\n|upkeep\n|\n|t:|1700350340\n|switch|p2a: Flutter Mane|Flutter Mane, shiny|100\/100\n|-activate|p2a: Flutter Mane|ability: Protosynthesis\n|-start|p2a: Flutter Mane|protosynthesisspe\n|turn|6\n|\n|t:|1700350351\n|move|p2a: Flutter Mane|Moonblast|p1a: Makoto Yuki\n|-supereffective|p1a: Makoto Yuki\n|-damage|p1a: Makoto Yuki|8\/100\n|move|p2b: Kingambit|Kowtow Cleave|p1b: Tortissed\n|-damage|p1b: Tortissed|0 fnt\n|faint|p1b: Tortissed\n|-damage|p2b: Kingambit|0 fnt|[from] item: Life Orb\n|faint|p2b: Kingambit\n|-end|p2b: Kingambit|fallen3|[silent]\n|move|p1a: Makoto Yuki|Trick Room|p1a: Makoto Yuki\n|-fieldstart|move: Trick Room|[of] p1a: Makoto Yuki\n|\n|-weather|SunnyDay|[upkeep]\n|upkeep\n|\n|t:|1700350359\n|switch|p1b: Ryoji Mochizuki|Chi-Yu|100\/100\n|-ability|p1b: Ryoji Mochizuki|Beads of Ruin\n|turn|7\n|\n|t:|1700350371\n|move|p1a: Makoto Yuki|Solar Blade||[still]\n|-prepare|p1a: Makoto Yuki|Solar Blade\n|-anim|p1a: Makoto Yuki|Solar Blade|p2a: Flutter Mane\n|-damage|p2a: Flutter Mane|0 fnt\n|faint|p2a: Flutter Mane\n|-end|p2a: Flutter Mane|Protosynthesis|[silent]\n|\n|win|Kuzwa\n|raw|Kuzwa's rating: 1310 &rarr; <strong>1332<\/strong><br \/>(+22 for winning)\n|raw|Israel Big's rating: 1345 &rarr; <strong>1323<\/strong><br \/>(-22 for losing)\n","uploadtime":1700350377,"views":6,"p1id":"kuzwa","p2id":"israelbig","formatid":"gen9doublesou","rating":1323,"private":0,"password":""}