{"id":"gen9doublesou-1995665208","p1":"brockpewtercitygym","p2":"zurichard27","format":"[Gen 9] Doubles OU","log":"|j|\u2606brockpewtercitygym\n|j|\u2606zurichard27\n|inactive|Battle timer is ON: inactive players will automatically lose when time's up.\n|j|*Lady Monita \u2746\n|t:|1700592066\n|gametype|doubles\n|player|p1|brockpewtercitygym|brock|\n|player|p2|zurichard27|grimsley-gen7|\n|teamsize|p1|4\n|teamsize|p2|4\n|gen|9\n|tier|[Gen 9] Doubles OU\n|rated|Tournament battle\n|rule|Species Clause: Limit one of each Pok\u00e9mon\n|rule|OHKO Clause: OHKO moves are banned\n|rule|Evasion Moves Clause: Evasion moves are banned\n|rule|Gravity Sleep Clause: The combination of sleep-inducing moves with imperfect accuracy and Gravity or Gigantamax Orbeetle are banned\n|rule|Endless Battle Clause: Forcing endless battles is banned\n|rule|HP Percentage Mod: HP is shown in percentages\n|clearpoke\n|poke|p1|Volcarona, M|\n|poke|p1|Mienfoo, M|\n|poke|p1|Cacnea, F|\n|poke|p1|Rillaboom, M|\n|poke|p2|Torterra, M|\n|poke|p2|Krookodile, M|\n|poke|p2|Chansey, F|\n|poke|p2|Bonsly, F|\n|teampreview\n|c|\u2606zurichard27|hf\n|c|\u2606brockpewtercitygym|you too\n|inactive|brockpewtercitygym has 120 seconds left.\n|\n|t:|1700592099\n|start\n|switch|p1a: Rillaboom|Rillaboom, M|100\/100\n|switch|p1b: Volcarona|Volcarona, M|100\/100\n|switch|p2a: Chansey|Chansey, F|100\/100\n|switch|p2b: Bonsly|Bonsly, F, shiny|100\/100\n|-fieldstart|move: Grassy Terrain|[from] ability: Grassy Surge|[of] p1a: Rillaboom\n|-enditem|p1a: Rillaboom|Grassy Seed\n|-boost|p1a: Rillaboom|def|1|[from] item: Grassy Seed\n|turn|1\n|\n|t:|1700592114\n|switch|p1b: Mienfoo|Mienfoo, M|100\/100\n|move|p1a: Rillaboom|Wood Hammer|p2a: Chansey\n|-damage|p2a: Chansey|47\/100\n|-damage|p1a: Rillaboom|64\/100|[from] Recoil\n|move|p2a: Chansey|Icy Wind|p1a: Rillaboom|[spread] p1a,p1b\n|-supereffective|p1a: Rillaboom\n|-damage|p1a: Rillaboom|52\/100\n|-damage|p1b: Mienfoo|95\/100\n|-unboost|p1a: Rillaboom|spe|1\n|-unboost|p1b: Mienfoo|spe|1\n|move|p2b: Bonsly|Rollout|p1b: Mienfoo\n|-resisted|p1b: Mienfoo\n|-damage|p1b: Mienfoo|89\/100\n|\n|-heal|p1a: Rillaboom|58\/100|[from] Grassy Terrain\n|-heal|p2a: Chansey|53\/100|[from] Grassy Terrain\n|-heal|p1b: Mienfoo|95\/100|[from] Grassy Terrain\n|upkeep\n|turn|2\n|\n|t:|1700592125\n|move|p1b: Mienfoo|Fake Out|p2b: Bonsly\n|-resisted|p2b: Bonsly\n|-damage|p2b: Bonsly|96\/100\n|-damage|p1b: Mienfoo|79\/100|[from] item: Rocky Helmet|[of] p2b: Bonsly\n|move|p1a: Rillaboom|Drain Punch|p2b: Bonsly\n|-supereffective|p2b: Bonsly\n|-damage|p2b: Bonsly|53\/100\n|-heal|p1a: Rillaboom|77\/100|[from] drain|[of] p2b: Bonsly\n|-damage|p1a: Rillaboom|61\/100|[from] item: Rocky Helmet|[of] p2b: Bonsly\n|move|p2a: Chansey|Soft-Boiled|p2a: Chansey\n|-heal|p2a: Chansey|100\/100\n|cant|p2b: Bonsly|flinch\n|\n|-heal|p1a: Rillaboom|67\/100|[from] Grassy Terrain\n|-heal|p1b: Mienfoo|85\/100|[from] Grassy Terrain\n|-heal|p2b: Bonsly|59\/100|[from] Grassy Terrain\n|upkeep\n|turn|3\n|\n|t:|1700592140\n|move|p1a: Rillaboom|Wood Hammer|p2a: Chansey\n|-damage|p2a: Chansey|47\/100\n|-damage|p1a: Rillaboom|31\/100|[from] Recoil\n|move|p2a: Chansey|Icy Wind|p1a: Rillaboom|[spread] p1a,p1b\n|-supereffective|p1a: Rillaboom\n|-damage|p1a: Rillaboom|18\/100\n|-damage|p1b: Mienfoo|79\/100\n|-unboost|p1a: Rillaboom|spe|1\n|-unboost|p1b: Mienfoo|spe|1\n|move|p1b: Mienfoo|High Jump Kick|p2a: Chansey|[miss]\n|-miss|p1b: Mienfoo|p2a: Chansey\n|-damage|p1b: Mienfoo|29\/100|[from] highjumpkick\n|move|p2b: Bonsly|Counter||[still]\n|-fail|p2b: Bonsly\n|\n|-heal|p1a: Rillaboom|24\/100|[from] Grassy Terrain\n|-heal|p2a: Chansey|53\/100|[from] Grassy Terrain\n|-heal|p1b: Mienfoo|36\/100|[from] Grassy Terrain\n|-heal|p2b: Bonsly|65\/100|[from] Grassy Terrain\n|upkeep\n|turn|4\n|\n|t:|1700592164\n|move|p1a: Rillaboom|Wood Hammer|p2b: Bonsly\n|-supereffective|p2b: Bonsly\n|-damage|p2b: Bonsly|0 fnt\n|-damage|p1a: Rillaboom|8\/100|[from] item: Rocky Helmet|[of] p2b: Bonsly\n|faint|p2b: Bonsly\n|-damage|p1a: Rillaboom|0 fnt|[from] Recoil\n|faint|p1a: Rillaboom\n|move|p2a: Chansey|Soft-Boiled|p2a: Chansey\n|-heal|p2a: Chansey|100\/100\n|move|p1b: Mienfoo|High Jump Kick|p2a: Chansey\n|-supereffective|p2a: Chansey\n|-damage|p2a: Chansey|21\/100\n|\n|-heal|p2a: Chansey|27\/100|[from] Grassy Terrain\n|-heal|p1b: Mienfoo|42\/100|[from] Grassy Terrain\n|upkeep\n|\n|t:|1700592177\n|switch|p1a: Volcarona|Volcarona, M|100\/100\n|switch|p2b: Krookodile|Krookodile, M|100\/100\n|-ability|p2b: Krookodile|Intimidate|boost\n|-unboost|p1a: Volcarona|atk|1\n|-unboost|p1b: Mienfoo|atk|1\n|turn|5\n|inactive|zurichard27 has 120 seconds left.\n|\n|t:|1700592208\n|-terastallize|p2b: Krookodile|Dragon\n|move|p2b: Krookodile|Stomping Tantrum|p1a: Volcarona\n|-damage|p1a: Volcarona|41\/100\n|-status|p2b: Krookodile|brn|[from] ability: Flame Body|[of] p1a: Volcarona\n|move|p1a: Volcarona|Giga Drain|p2b: Krookodile\n|-resisted|p2b: Krookodile\n|-damage|p2b: Krookodile|64\/100 brn\n|-heal|p1a: Volcarona|60\/100|[from] drain|[of] p2b: Krookodile\n|-damage|p1a: Volcarona|50\/100|[from] item: Life Orb\n|move|p2a: Chansey|Soft-Boiled|p2a: Chansey\n|-heal|p2a: Chansey|77\/100\n|move|p1b: Mienfoo|High Jump Kick|p2b: Krookodile\n|-damage|p2b: Krookodile|10\/100 brn\n|\n|-heal|p2b: Krookodile|16\/100 brn|[from] Grassy Terrain\n|-heal|p1a: Volcarona|56\/100|[from] Grassy Terrain\n|-heal|p2a: Chansey|83\/100|[from] Grassy Terrain\n|-heal|p1b: Mienfoo|48\/100|[from] Grassy Terrain\n|-damage|p2b: Krookodile|10\/100 brn|[from] brn\n|-fieldend|move: Grassy Terrain\n|upkeep\n|turn|6\n|\n|t:|1700592225\n|move|p2b: Krookodile|Stomping Tantrum|p1a: Volcarona\n|-damage|p1a: Volcarona|29\/100\n|move|p1a: Volcarona|Heat Wave|p2b: Krookodile|[spread] p2a,p2b\n|-resisted|p2b: Krookodile\n|-damage|p2a: Chansey|66\/100\n|-damage|p2b: Krookodile|0 fnt\n|faint|p2b: Krookodile\n|-damage|p1a: Volcarona|19\/100|[from] item: Life Orb\n|move|p2a: Chansey|Seismic Toss|p1a: Volcarona\n|-damage|p1a: Volcarona|0 fnt\n|faint|p1a: Volcarona\n|move|p1b: Mienfoo|High Jump Kick|p2a: Chansey\n|-supereffective|p2a: Chansey\n|-damage|p2a: Chansey|11\/100\n|\n|upkeep\n|\n|t:|1700592237\n|switch|p2b: Torterra|Torterra, M, shiny|100\/100\n|switch|p1a: Cacnea|Cacnea, F|100\/100\n|turn|7\n|\n|t:|1700592251\n|move|p2b: Torterra|Wood Hammer|p1b: Mienfoo\n|-damage|p1b: Mienfoo|0 fnt\n|faint|p1b: Mienfoo\n|-damage|p2b: Torterra|89\/100|[from] Recoil\n|move|p2a: Chansey|Soft-Boiled|p2a: Chansey\n|-heal|p2a: Chansey|61\/100\n|move|p1a: Cacnea|Encore|p2b: Torterra\n|-start|p2b: Torterra|Encore\n|\n|-heal|p2b: Torterra|95\/100|[from] item: Leftovers\n|upkeep\n|turn|8\n|\n|t:|1700592261\n|move|p2b: Torterra|Wood Hammer|p1a: Cacnea\n|-resisted|p1a: Cacnea\n|-damage|p1a: Cacnea|67\/100\n|-damage|p2b: Torterra|87\/100|[from] Recoil\n|move|p2a: Chansey|Icy Wind|p1a: Cacnea\n|-supereffective|p1a: Cacnea\n|-damage|p1a: Cacnea|56\/100\n|-unboost|p1a: Cacnea|spe|1\n|move|p1a: Cacnea|Leech Seed|p2a: Chansey\n|-start|p2a: Chansey|move: Leech Seed\n|\n|-heal|p2b: Torterra|93\/100|[from] item: Leftovers\n|-damage|p2a: Chansey|49\/100|[from] Leech Seed|[of] p1a: Cacnea\n|-heal|p1a: Cacnea|85\/100|[silent]\n|upkeep\n|turn|9\n|\n|t:|1700592275\n|move|p2b: Torterra|Wood Hammer|p1a: Cacnea\n|-resisted|p1a: Cacnea\n|-damage|p1a: Cacnea|52\/100\n|-damage|p2b: Torterra|85\/100|[from] Recoil\n|move|p2a: Chansey|Icy Wind|p1a: Cacnea\n|-supereffective|p1a: Cacnea\n|-damage|p1a: Cacnea|41\/100\n|-unboost|p1a: Cacnea|spe|1\n|move|p1a: Cacnea|Encore|p2a: Chansey\n|-start|p2a: Chansey|Encore\n|\n|-heal|p2b: Torterra|91\/100|[from] item: Leftovers\n|-damage|p2a: Chansey|36\/100|[from] Leech Seed|[of] p1a: Cacnea\n|-heal|p1a: Cacnea|70\/100|[silent]\n|upkeep\n|turn|10\n|\n|t:|1700592299\n|move|p2b: Torterra|Wood Hammer|p1a: Cacnea\n|-resisted|p1a: Cacnea\n|-damage|p1a: Cacnea|36\/100\n|-damage|p2b: Torterra|82\/100|[from] Recoil\n|move|p2a: Chansey|Icy Wind|p1a: Cacnea\n|-supereffective|p1a: Cacnea\n|-damage|p1a: Cacnea|26\/100\n|-unboost|p1a: Cacnea|spe|1\n|move|p1a: Cacnea|Sandstorm|p1a: Cacnea\n|-weather|Sandstorm\n|\n|-weather|Sandstorm|[upkeep]\n|-damage|p2a: Chansey|30\/100|[from] Sandstorm\n|-heal|p2b: Torterra|88\/100|[from] item: Leftovers\n|-damage|p2a: Chansey|18\/100|[from] Leech Seed|[of] p1a: Cacnea\n|-heal|p1a: Cacnea|55\/100|[silent]\n|-end|p2b: Torterra|Encore\n|upkeep\n|turn|11\n|\n|t:|1700592317\n|move|p2b: Torterra|Wood Hammer|p1a: Cacnea|[miss]\n|-miss|p2b: Torterra|p1a: Cacnea\n|move|p2a: Chansey|Icy Wind|p1a: Cacnea\n|-supereffective|p1a: Cacnea\n|-damage|p1a: Cacnea|45\/100\n|-unboost|p1a: Cacnea|spe|1\n|move|p1a: Cacnea|Giga Drain|p2b: Torterra\n|-damage|p2b: Torterra|64\/100\n|-heal|p1a: Cacnea|61\/100|[from] drain|[of] p2b: Torterra\n|\n|-weather|Sandstorm|[upkeep]\n|-damage|p2a: Chansey|12\/100|[from] Sandstorm\n|-heal|p2b: Torterra|70\/100|[from] item: Leftovers\n|-damage|p2a: Chansey|0 fnt|[from] Leech Seed|[of] p1a: Cacnea\n|-heal|p1a: Cacnea|87\/100|[silent]\n|faint|p2a: Chansey\n|upkeep\n|turn|12\n|\n|t:|1700592337\n|move|p2b: Torterra|Wood Hammer|p1a: Cacnea\n|-resisted|p1a: Cacnea\n|-damage|p1a: Cacnea|53\/100\n|-damage|p2b: Torterra|61\/100|[from] Recoil\n|move|p1a: Cacnea|Giga Drain|p2b: Torterra\n|-damage|p2b: Torterra|37\/100\n|-heal|p1a: Cacnea|69\/100|[from] drain|[of] p2b: Torterra\n|\n|-weather|Sandstorm|[upkeep]\n|-heal|p2b: Torterra|43\/100|[from] item: Leftovers\n|upkeep\n|turn|13\n|\n|t:|1700592350\n|move|p2b: Torterra|Protect|p2b: Torterra\n|-singleturn|p2b: Torterra|Protect\n|move|p1a: Cacnea|Giga Drain|p2b: Torterra\n|-activate|p2b: Torterra|move: Protect\n|\n|-weather|Sandstorm|[upkeep]\n|-heal|p2b: Torterra|49\/100|[from] item: Leftovers\n|upkeep\n|turn|14\n|\n|t:|1700592367\n|move|p2b: Torterra|Wood Hammer|p1a: Cacnea\n|-resisted|p1a: Cacnea\n|-damage|p1a: Cacnea|33\/100\n|-damage|p2b: Torterra|40\/100|[from] Recoil\n|move|p1a: Cacnea|Giga Drain|p2b: Torterra\n|-damage|p2b: Torterra|19\/100\n|-heal|p1a: Cacnea|47\/100|[from] drain|[of] p2b: Torterra\n|\n|-weather|none\n|-heal|p2b: Torterra|25\/100|[from] item: Leftovers\n|upkeep\n|turn|15\n|\n|t:|1700592376\n|move|p2b: Torterra|Wood Hammer|p1a: Cacnea\n|-resisted|p1a: Cacnea\n|-damage|p1a: Cacnea|15\/100\n|-damage|p2b: Torterra|17\/100|[from] Recoil\n|move|p1a: Cacnea|Giga Drain|p2b: Torterra\n|-damage|p2b: Torterra|0 fnt\n|-heal|p1a: Cacnea|26\/100|[from] drain|[of] p2b: Torterra\n|faint|p2b: Torterra\n|\n|win|brockpewtercitygym\n|n|\u2606brockpewtercitygym|brockpewtercitygym\n|n|\u2606zurichard27|zurichard27\n|n|*Lady Monita \u2746|ladymonita\n|l|*Lady Monita \u2746\n|c|\u2606brockpewtercitygym|gg\n","uploadtime":1700592391,"views":0,"p1id":"brockpewtercitygym","p2id":"zurichard27","formatid":"gen9doublesou","rating":0,"private":0,"password":""}