{"id":"gen9doublesou-1983774791","p1":"Tenzai","p2":"Raf","format":"[Gen 9] Doubles OU","log":"|j|\u2606Tenzai\n|j|\u2606Raf\n|t:|1699178551\n|gametype|doubles\n|player|p1|Tenzai|#scl3spartans|\n|player|p2|Raf|#scl3dynamos2|\n|teamsize|p1|6\n|teamsize|p2|6\n|gen|9\n|tier|[Gen 9] Doubles OU\n|rule|Species Clause: Limit one of each Pok\u00e9mon\n|rule|OHKO Clause: OHKO moves are banned\n|rule|Evasion Moves Clause: Evasion moves are banned\n|rule|Gravity Sleep Clause: The combination of sleep-inducing moves with imperfect accuracy and Gravity or Gigantamax Orbeetle are banned\n|rule|Endless Battle Clause: Forcing endless battles is banned\n|rule|HP Percentage Mod: HP is shown in percentages\n|clearpoke\n|poke|p1|Flutter Mane|\n|poke|p1|Torkoal, F|\n|poke|p1|Diancie|\n|poke|p1|Lilligant-Hisui, F|\n|poke|p1|Walking Wake|\n|poke|p1|Iron Hands|\n|poke|p2|Palafin, M|\n|poke|p2|Landorus-Therian, M|\n|poke|p2|Rillaboom, F|\n|poke|p2|Gholdengo|\n|poke|p2|Ogerpon-Hearthflame, F|\n|poke|p2|Tornadus, M|\n|teampreview\n|inactive|Battle timer is ON: inactive players will automatically lose when time's up. (requested by Raf)\n|c|\u2606Tenzai|hf\n|c|\u2606Raf|hf\n|j|+Memoric\n|j| YoBuddyTheBaker\n|c| YoBuddyTheBaker|Let's go APAC!\n|inactive|Tenzai has 270 seconds left.\n|inactive|Raf has 270 seconds left.\n|j| Kaif\u2606\u5f61Plays\u2657\n|j| floristthebudew\n|j| The JRL\n|j| eric versus\u30c4\n|c| floristthebudew|apac so good\n|j|+Frixel\n|inactive|Raf has 240 seconds left.\n|\n|t:|1699178622\n|start\n|switch|p1a: Walking Wake|Walking Wake|100\/100\n|switch|p1b: Iron Hands|Iron Hands|100\/100\n|switch|p2a: Tornadus|Tornadus, M|100\/100\n|switch|p2b: Landorus|Landorus-Therian, M|100\/100\n|-ability|p2b: Landorus|Intimidate|boost\n|-unboost|p1a: Walking Wake|atk|1\n|-unboost|p1b: Iron Hands|atk|1\n|turn|1\n|c| Kaif\u2606\u5f61Plays\u2657|everyone is fighting a battle you know nothing about @Raf\n|j| ouvt zamazenta\n|inactive|Raf has 270 seconds left.\n|n| exotic64|ouvtzamazenta\n|j| Aldrich\n|inactive|Raf has 240 seconds left.\n|l|+Memoric\n|inactive|Raf has 210 seconds left.\n|j| Sunrose\n|j| MADARAAAA\n|\n|t:|1699178741\n|switch|p2a: Rillaboom|Rillaboom, F|100\/100\n|-fieldstart|move: Grassy Terrain|[from] ability: Grassy Surge|[of] p2a: Rillaboom\n|move|p1b: Iron Hands|Fake Out|p2b: Landorus\n|-crit|p2b: Landorus\n|-damage|p2b: Landorus|79\/100\n|move|p1a: Walking Wake|Hydro Steam|p2b: Landorus\n|-supereffective|p2b: Landorus\n|-damage|p2b: Landorus|0 fnt\n|faint|p2b: Landorus\n|-damage|p1a: Walking Wake|91\/100|[from] item: Life Orb\n|\n|-heal|p1a: Walking Wake|97\/100|[from] Grassy Terrain\n|upkeep\n|j| vuln bomb\n|inactive|Raf has 180 seconds left.\n|j| F3rrari450\n|\n|t:|1699178757\n|switch|p2b: Palafin|Palafin, M|100\/100\n|turn|2\n|inactive|Raf has 180 seconds left.\n|\n|t:|1699178780\n|detailschange|p2b: Palafin|Palafin-Hero, M\n|switch|p2b: Tornadus|Tornadus, M|100\/100\n|move|p1a: Walking Wake|Protect|p1a: Walking Wake\n|-singleturn|p1a: Walking Wake|Protect\n|move|p2a: Rillaboom|Fake Out|p1a: Walking Wake\n|-activate|p1a: Walking Wake|move: Protect\n|move|p1b: Iron Hands|Wild Charge|p2b: Tornadus\n|-supereffective|p2b: Tornadus\n|-damage|p2b: Tornadus|32\/100\n|-enditem|p2b: Tornadus|Sitrus Berry|[eat]\n|-heal|p2b: Tornadus|57\/100|[from] item: Sitrus Berry\n|-damage|p1b: Iron Hands|88\/100|[from] Recoil\n|\n|-heal|p1a: Walking Wake|100\/100|[from] Grassy Terrain\n|-heal|p1b: Iron Hands|94\/100|[from] Grassy Terrain\n|upkeep\n|turn|3\n|j| chartreuse hippo\n|inactive|Raf has 180 seconds left.\n|inactive|Tenzai has 270 seconds left.\n|inactive|Raf has 150 seconds left.\n|l| The JRL\n|\n|t:|1699178853\n|-end|p1b: Iron Hands|Quark Drive|[silent]\n|switch|p1b: Torkoal|Torkoal, F|100\/100\n|-weather|SunnyDay|[from] ability: Drought|[of] p1b: Torkoal\n|-activate|p1a: Walking Wake|ability: Protosynthesis\n|-start|p1a: Walking Wake|protosynthesisspa\n|move|p2b: Tornadus|Tailwind|p2b: Tornadus\n|-sidestart|p2: Raf|move: Tailwind\n|move|p2a: Rillaboom|Wood Hammer|p1a: Walking Wake\n|-damage|p1a: Walking Wake|6\/100\n|-damage|p2a: Rillaboom|72\/100|[from] Recoil\n|move|p1a: Walking Wake|Flamethrower|p2b: Tornadus\n|-damage|p2b: Tornadus|0 fnt\n|faint|p2b: Tornadus\n|-damage|p1a: Walking Wake|0 fnt|[from] item: Life Orb\n|faint|p1a: Walking Wake\n|-end|p1a: Walking Wake|Protosynthesis|[silent]\n|\n|-weather|SunnyDay|[upkeep]\n|-heal|p2a: Rillaboom|78\/100|[from] Grassy Terrain\n|upkeep\n|inactive|Tenzai has 270 seconds left.\n|inactive|Raf has 150 seconds left.\n|\n|t:|1699178871\n|switch|p2b: Ogerpon|Ogerpon-Hearthflame, F|100\/100\n|switch|p1a: Diancie|Diancie|100\/100\n|-ability|p2b: Ogerpon|Mold Breaker\n|turn|4\n|inactive|Raf has 150 seconds left.\n|j| Ina fable\n|inactive|Raf has 120 seconds left.\n|j| juega persona\n|c| Ina fable|Dwcop?\n|c|\u2606Tenzai|sipe\n|\n|t:|1699178955\n|-terastallize|p2b: Ogerpon|Fire\n|detailschange|p2b: Ogerpon|Ogerpon-Hearthflame-Tera, F, tera:Fire\n|-ability|p2b: Ogerpon|Embody Aspect (Hearthflame)|boost\n|-boost|p2b: Ogerpon|atk|1\n|-terastallize|p1a: Diancie|Dragon\n|move|p2b: Ogerpon|Ivy Cudgel|p1a: Diancie\n|-resisted|p1a: Diancie\n|-damage|p1a: Diancie|31\/100\n|move|p2a: Rillaboom|U-turn|p1b: Torkoal\n|-resisted|p1b: Torkoal\n|-damage|p1b: Torkoal|91\/100\n|\n|t:|1699178964\n|switch|p2a: Palafin|Palafin-Hero, M|100\/100|[from] U-turn\n|-activate|p2a: Palafin|ability: Zero to Hero\n|move|p1b: Torkoal|Heat Wave|p2a: Palafin|[spread] p2a,p2b\n|-resisted|p2a: Palafin\n|-resisted|p2b: Ogerpon\n|-crit|p2b: Ogerpon\n|-damage|p2a: Palafin|81\/100\n|-damage|p2b: Ogerpon|54\/100\n|move|p1a: Diancie|Trick Room|p1a: Diancie\n|-fieldstart|move: Trick Room|[of] p1a: Diancie\n|\n|-weather|SunnyDay|[upkeep]\n|-heal|p1b: Torkoal|97\/100|[from] Grassy Terrain\n|-heal|p1a: Diancie|37\/100|[from] Grassy Terrain\n|-heal|p2a: Palafin|87\/100|[from] Grassy Terrain\n|-heal|p2b: Ogerpon|60\/100|[from] Grassy Terrain\n|upkeep\n|turn|5\n|inactive|Raf has 90 seconds left.\n|inactive|Raf has 60 seconds left.\n|\n|t:|1699179025\n|move|p2b: Ogerpon|Spiky Shield|p2b: Ogerpon\n|-singleturn|p2b: Ogerpon|move: Protect\n|move|p1b: Torkoal|Eruption|p2a: Palafin|[spread] p2a\n|-activate|p2b: Ogerpon|move: Protect\n|-resisted|p2a: Palafin\n|-damage|p2a: Palafin|54\/100\n|move|p1a: Diancie|Diamond Storm|p2a: Palafin|[spread] p2a\n|-activate|p2b: Ogerpon|move: Protect\n|-damage|p2a: Palafin|20\/100\n|move|p2a: Palafin|Drain Punch|p1a: Diancie\n|-damage|p1a: Diancie|15\/100\n|-heal|p2a: Palafin|28\/100|[from] drain|[of] p1a: Diancie\n|\n|-weather|SunnyDay|[upkeep]\n|-heal|p1b: Torkoal|100\/100|[from] Grassy Terrain\n|-heal|p1a: Diancie|21\/100|[from] Grassy Terrain\n|-heal|p2a: Palafin|34\/100|[from] Grassy Terrain\n|-heal|p2b: Ogerpon|66\/100|[from] Grassy Terrain\n|-fieldend|move: Grassy Terrain\n|upkeep\n|turn|6\n|inactive|Raf has 60 seconds left.\n|inactive|Raf has 30 seconds left.\n|inactive|Raf has 20 seconds left.\n|inactive|Raf has 15 seconds left.\n|\n|t:|1699179097\n|switch|p2a: Rillaboom|Rillaboom, F|78\/100\n|-fieldstart|move: Grassy Terrain|[from] ability: Grassy Surge|[of] p2a: Rillaboom\n|move|p2b: Ogerpon|Grassy Glide|p1a: Diancie\n|-resisted|p1a: Diancie\n|-damage|p1a: Diancie|0 fnt\n|faint|p1a: Diancie\n|move|p1b: Torkoal|Eruption|p2a: Rillaboom|[spread] p2a,p2b\n|-supereffective|p2a: Rillaboom\n|-resisted|p2b: Ogerpon\n|-damage|p2a: Rillaboom|0 fnt\n|-damage|p2b: Ogerpon|14\/100\n|faint|p2a: Rillaboom\n|\n|-weather|SunnyDay|[upkeep]\n|-heal|p2b: Ogerpon|20\/100|[from] Grassy Terrain\n|-sideend|p2: Raf|move: Tailwind\n|upkeep\n|inactive|Raf has 30 seconds left.\n|\n|t:|1699179110\n|switch|p1a: Iron Hands|Iron Hands|94\/100\n|switch|p2a: Palafin|Palafin-Hero, M|34\/100\n|turn|7\n|\n|t:|1699179117\n|move|p2a: Palafin|Protect|p2a: Palafin\n|-singleturn|p2a: Palafin|Protect\n|move|p2b: Ogerpon|Spiky Shield|p2b: Ogerpon\n|-singleturn|p2b: Ogerpon|move: Protect\n|move|p1b: Torkoal|Eruption|p2b: Ogerpon|[spread] \n|-activate|p2a: Palafin|move: Protect\n|-activate|p2b: Ogerpon|move: Protect\n|move|p1a: Iron Hands|Wild Charge|p2a: Palafin\n|-activate|p2a: Palafin|move: Protect\n|\n|-weather|none\n|-heal|p1a: Iron Hands|99\/100|[from] Grassy Terrain\n|-heal|p2a: Palafin|40\/100|[from] Grassy Terrain\n|-heal|p2b: Ogerpon|26\/100|[from] Grassy Terrain\n|upkeep\n|turn|8\n|inactive|Raf has 60 seconds left.\n|\n|t:|1699179134\n|move|p2b: Ogerpon|Follow Me|p2b: Ogerpon\n|-singleturn|p2b: Ogerpon|move: Follow Me\n|move|p1b: Torkoal|Earth Power|p2b: Ogerpon\n|-supereffective|p2b: Ogerpon\n|-damage|p2b: Ogerpon|0 fnt\n|faint|p2b: Ogerpon\n|move|p1a: Iron Hands|Wild Charge|p2a: Palafin\n|-supereffective|p2a: Palafin\n|-damage|p2a: Palafin|0 fnt\n|faint|p2a: Palafin\n|-damage|p1a: Iron Hands|92\/100|[from] Recoil\n|\n|-heal|p1a: Iron Hands|98\/100|[from] Grassy Terrain\n|-fieldend|move: Trick Room\n|upkeep\n|inactive|Raf has 60 seconds left.\n|\n|t:|1699179140\n|switch|p2b: Gholdengo|Gholdengo|100\/100\n|turn|9\n|c|\u2606Raf|gg\n|\n|t:|1699179153\n|move|p2b: Gholdengo|Shadow Ball|p1b: Torkoal\n|-damage|p1b: Torkoal|49\/100\n|move|p1a: Iron Hands|Wild Charge|p2b: Gholdengo\n|-damage|p2b: Gholdengo|60\/100\n|-damage|p1a: Iron Hands|90\/100|[from] Recoil\n|move|p1b: Torkoal|Eruption|p2b: Gholdengo\n|-supereffective|p2b: Gholdengo\n|-damage|p2b: Gholdengo|0 fnt\n|faint|p2b: Gholdengo\n|\n|win|Tenzai\n|c|\u2606Tenzai|gg\n|l| Sunrose\n|l| vuln bomb\n|l| F3rrari450\n|l| eric versus\u30c4\n|l| exotic64\n","uploadtime":1699179162,"views":114,"p1id":"tenzai","p2id":"raf","formatid":"gen9doublesou","rating":0,"private":0,"password":""}