{"id":"gen9doublesou-1971612750","p1":"Champion's Melody","p2":"rhinobingo","format":"[Gen 9] Doubles OU","log":"|j|\u2606Champion's Melody\n|j|\u2606rhinobingo\n|t:|1697753342\n|gametype|doubles\n|player|p1|Champion's Melody|cynthia|1143\n|player|p2|rhinobingo|hiker-gen4|1270\n|teamsize|p1|6\n|teamsize|p2|6\n|gen|9\n|tier|[Gen 9] Doubles OU\n|rated|\n|rule|Species Clause: Limit one of each Pok\u00e9mon\n|rule|OHKO Clause: OHKO moves are banned\n|rule|Evasion Moves Clause: Evasion moves are banned\n|rule|Gravity Sleep Clause: The combination of sleep-inducing moves with imperfect accuracy and Gravity or Gigantamax Orbeetle are banned\n|rule|Endless Battle Clause: Forcing endless battles is banned\n|rule|HP Percentage Mod: HP is shown in percentages\n|clearpoke\n|poke|p1|Lurantis, M|\n|poke|p1|Clefable, M|\n|poke|p1|Oranguru, M|\n|poke|p1|Slaking, M|\n|poke|p1|Weezing-Galar, M|\n|poke|p1|Kommo-o, M|\n|poke|p2|Thundurus-Therian, M|\n|poke|p2|Kilowattrel, M|\n|poke|p2|Pincurchin, M|\n|poke|p2|Eelektross, F|\n|poke|p2|Jolteon, M|\n|poke|p2|Regieleki|\n|teampreview\n|inactive|Battle timer is ON: inactive players will automatically lose when time's up. (requested by Champion's Melody)\n|\n|t:|1697753350\n|start\n|switch|p1a: Slaking|Slaking, M, shiny|100\/100\n|switch|p1b: Weezing|Weezing-Galar, M|100\/100\n|switch|p2a: Pincurchin|Pincurchin, M|100\/100\n|switch|p2b: Kilowattrel|Kilowattrel, M|100\/100\n|-ability|p1b: Weezing|Neutralizing Gas\n|turn|1\n|inactive|rhinobingo has 120 seconds left.\n|\n|t:|1697753386\n|switch|p2a: Thundurus|Thundurus-Therian, M|100\/100\n|move|p2b: Kilowattrel|Discharge|p1a: Slaking|[spread] p2a,p1a,p1b\n|-damage|p2a: Thundurus|85\/100\n|-damage|p1a: Slaking|81\/100\n|-damage|p1b: Weezing|71\/100\n|-status|p1b: Weezing|par\n|move|p1a: Slaking|Bulk Up|p1a: Slaking\n|-boost|p1a: Slaking|atk|1\n|-boost|p1a: Slaking|def|1\n|move|p1b: Weezing|Curse|p1b: Weezing\n|-unboost|p1b: Weezing|spe|1\n|-boost|p1b: Weezing|atk|1\n|-boost|p1b: Weezing|def|1\n|\n|upkeep\n|turn|2\n|inactive|rhinobingo has 120 seconds left.\n|\n|t:|1697753425\n|move|p2b: Kilowattrel|Hurricane|p1b: Weezing\n|-damage|p1b: Weezing|19\/100 par\n|move|p2a: Thundurus|Focus Blast|p1a: Slaking\n|-supereffective|p1a: Slaking\n|-damage|p1a: Slaking|6\/100\n|move|p1a: Slaking|Body Slam|p2a: Thundurus\n|-damage|p2a: Thundurus|0 fnt\n|faint|p2a: Thundurus\n|move|p1b: Weezing|Gunk Shot|p2b: Kilowattrel\n|-damage|p2b: Kilowattrel|0 fnt\n|faint|p2b: Kilowattrel\n|\n|upkeep\n|\n|t:|1697753444\n|switch|p2b: Eelektross|Eelektross, F, shiny|100\/100\n|switch|p2a: Jolteon|Jolteon, M|100\/100\n|turn|3\n|\n|t:|1697753454\n|move|p2a: Jolteon|Discharge|p1b: Weezing|[spread] p2b,p1a,p1b\n|-resisted|p2b: Eelektross\n|-crit|p1a: Slaking\n|-damage|p2b: Eelektross|76\/100\n|-damage|p1a: Slaking|0 fnt\n|-damage|p1b: Weezing|0 fnt\n|faint|p1a: Slaking\n|faint|p1b: Weezing\n|-end|p1b: Weezing|ability: Neutralizing Gas\n|move|p2b: Eelektross|Discharge|p2a: Jolteon\n|-immune|p2a: Jolteon|[from] ability: Volt Absorb\n|\n|-heal|p2b: Eelektross|82\/100|[from] item: Leftovers\n|upkeep\n|\n|t:|1697753477\n|switch|p1a: Lurantis|Lurantis, M|100\/100\n|switch|p1b: Clefable|Clefable, M|100\/100\n|turn|4\n|inactive|rhinobingo has 120 seconds left.\n|\n|t:|1697753502\n|switch|p2a: Pincurchin|Pincurchin, M|100\/100\n|-fieldstart|move: Electric Terrain|[from] ability: Electric Surge|[of] p2a: Pincurchin\n|move|p1b: Clefable|Cosmic Power|p1b: Clefable\n|-boost|p1b: Clefable|def|1\n|-boost|p1b: Clefable|spd|1\n|move|p2b: Eelektross|Flamethrower|p1a: Lurantis\n|-supereffective|p1a: Lurantis\n|-damage|p1a: Lurantis|54\/100\n|move|p1a: Lurantis|Ingrain|p1a: Lurantis\n|-start|p1a: Lurantis|move: Ingrain\n|\n|-heal|p2b: Eelektross|88\/100|[from] item: Leftovers\n|-heal|p1a: Lurantis|60\/100|[from] Ingrain\n|upkeep\n|turn|5\n|inactive|rhinobingo has 120 seconds left.\n|\n|t:|1697753527\n|move|p1b: Clefable|Follow Me|p1b: Clefable\n|-singleturn|p1b: Clefable|move: Follow Me\n|move|p2b: Eelektross|Flamethrower|p1b: Clefable\n|-damage|p1b: Clefable|91\/100\n|move|p1a: Lurantis|Leaf Storm|p2a: Pincurchin\n|-damage|p2a: Pincurchin|53\/100\n|-boost|p1a: Lurantis|spa|2\n|move|p2a: Pincurchin|Thunder Wave|p1b: Clefable\n|-status|p1b: Clefable|par\n|\n|-heal|p2b: Eelektross|94\/100|[from] item: Leftovers\n|-heal|p1b: Clefable|97\/100 par|[from] item: Leftovers\n|-heal|p1a: Lurantis|66\/100|[from] Ingrain\n|upkeep\n|turn|6\n|\n|t:|1697753550\n|move|p1b: Clefable|Follow Me|p1b: Clefable\n|-singleturn|p1b: Clefable|move: Follow Me\n|move|p2b: Eelektross|Flamethrower|p1b: Clefable\n|-damage|p1b: Clefable|88\/100 par\n|move|p1a: Lurantis|Superpower|p2a: Pincurchin\n|-damage|p2a: Pincurchin|10\/100\n|-boost|p1a: Lurantis|atk|1\n|-boost|p1a: Lurantis|def|1\n|move|p2a: Pincurchin|Thunder Wave|p1b: Clefable\n|-fail|p1b: Clefable|par\n|\n|-heal|p2b: Eelektross|100\/100|[from] item: Leftovers\n|-heal|p1b: Clefable|94\/100 par|[from] item: Leftovers\n|-heal|p1a: Lurantis|72\/100|[from] Ingrain\n|upkeep\n|turn|7\n|inactive|rhinobingo has 120 seconds left.\n|\n|t:|1697753584\n|cant|p1b: Clefable|par\n|move|p2b: Eelektross|Flamethrower|p1a: Lurantis\n|-supereffective|p1a: Lurantis\n|-damage|p1a: Lurantis|23\/100\n|move|p1a: Lurantis|Superpower|p2a: Pincurchin\n|-damage|p2a: Pincurchin|0 fnt\n|-boost|p1a: Lurantis|atk|1\n|-boost|p1a: Lurantis|def|1\n|faint|p2a: Pincurchin\n|\n|-heal|p1b: Clefable|99\/100 par|[from] item: Leftovers\n|-heal|p1a: Lurantis|29\/100|[from] Ingrain\n|upkeep\n|inactive|rhinobingo has 120 seconds left.\n|\n|t:|1697753601\n|switch|p2a: Jolteon|Jolteon, M|100\/100\n|turn|8\n|\n|t:|1697753614\n|-terastallize|p1a: Lurantis|Bug\n|move|p1b: Clefable|Follow Me|p1b: Clefable\n|-singleturn|p1b: Clefable|move: Follow Me\n|move|p2a: Jolteon|Hyper Voice|p1b: Clefable|[spread] p1a,p1b\n|-damage|p1a: Lurantis|0 fnt\n|-damage|p1b: Clefable|85\/100 par\n|faint|p1a: Lurantis\n|move|p2b: Eelektross|Flamethrower|p1b: Clefable\n|-damage|p1b: Clefable|75\/100 par\n|\n|-heal|p1b: Clefable|81\/100 par|[from] item: Leftovers\n|-fieldend|move: Electric Terrain\n|upkeep\n|\n|t:|1697753625\n|switch|p1a: Kommo-o|Kommo-o, M|100\/100\n|turn|9\n|\n|t:|1697753645\n|move|p1b: Clefable|Follow Me|p1b: Clefable\n|-singleturn|p1b: Clefable|move: Follow Me\n|move|p2a: Jolteon|Hyper Voice|p1b: Clefable|[spread] p1b\n|-immune|p1a: Kommo-o|[from] ability: Soundproof\n|-damage|p1b: Clefable|66\/100 par\n|move|p1a: Kommo-o|Clangorous Soul|p1a: Kommo-o\n|-boost|p1a: Kommo-o|atk|1\n|-boost|p1a: Kommo-o|def|1\n|-boost|p1a: Kommo-o|spa|1\n|-boost|p1a: Kommo-o|spd|1\n|-boost|p1a: Kommo-o|spe|1\n|-damage|p1a: Kommo-o|68\/100\n|move|p2b: Eelektross|Discharge|p1b: Clefable|[spread] p1a,p1b\n|-immune|p2a: Jolteon|[from] ability: Volt Absorb\n|-resisted|p1a: Kommo-o\n|-crit|p1a: Kommo-o\n|-damage|p1a: Kommo-o|53\/100\n|-damage|p1b: Clefable|57\/100 par\n|\n|-heal|p1b: Clefable|63\/100 par|[from] item: Leftovers\n|upkeep\n|turn|10\n|inactive|rhinobingo has 120 seconds left.\n|l|\u2606rhinobingo\n|inactive|rhinobingo disconnected and has a minute to reconnect!\n|player|p2|\n|inactive|Champion's Melody has 120 seconds left.\n|inactive|rhinobingo has 30 seconds to reconnect!\n|inactive|rhinobingo has 20 seconds to reconnect!\n|inactive|rhinobingo has 15 seconds to reconnect!\n|inactive|rhinobingo has 10 seconds to reconnect!\n|inactive|rhinobingo has 5 seconds to reconnect!\n|-message|rhinobingo lost due to inactivity.\n|\n|win|Champion's Melody\n|raw|Champion&apos;s Melody's rating: 1143 &rarr; <strong>1177<\/strong><br \/>(+34 for winning)\n|raw|rhinobingo's rating: 1270 &rarr; <strong>1236<\/strong><br \/>(-34 for losing)\n","uploadtime":1697753745,"views":14,"p1id":"championsmelody","p2id":"rhinobingo","formatid":"gen9doublesou","rating":1177,"private":0,"password":""}