{"id":"gen9doublesou-1976649140","p1":"bigbranonbampus","p2":"MauritsB7","format":"[Gen 9] Doubles OU","log":"|j|\u2606bigbranonbampus\n|j|\u2606MauritsB7\n|t:|1698330376\n|gametype|doubles\n|player|p1|bigbranonbampus|hiker|1317\n|player|p2|MauritsB7|265|1273\n|teamsize|p1|6\n|teamsize|p2|6\n|gen|9\n|tier|[Gen 9] Doubles OU\n|rated|\n|rule|Species Clause: Limit one of each Pok\u00e9mon\n|rule|OHKO Clause: OHKO moves are banned\n|rule|Evasion Moves Clause: Evasion moves are banned\n|rule|Gravity Sleep Clause: The combination of sleep-inducing moves with imperfect accuracy and Gravity or Gigantamax Orbeetle are banned\n|rule|Endless Battle Clause: Forcing endless battles is banned\n|rule|HP Percentage Mod: HP is shown in percentages\n|clearpoke\n|poke|p1|Ceruledge, F|\n|poke|p1|Sinistcha-Masterpiece|\n|poke|p1|Chi-Yu|\n|poke|p1|Clefable, M|\n|poke|p1|Tauros-Paldea-Aqua, M|\n|poke|p1|Uxie|\n|poke|p2|Gastrodon-East, F|\n|poke|p2|Rillaboom, F|\n|poke|p2|Farigiraf, F|\n|poke|p2|Heatran, F|\n|poke|p2|Mimikyu, F|\n|poke|p2|Sinistcha-Masterpiece|\n|teampreview\n|inactive|Battle timer is ON: inactive players will automatically lose when time's up. (requested by bigbranonbampus)\n|inactive|MauritsB7 has 120 seconds left.\n|\n|t:|1698330419\n|start\n|switch|p1a: Ceruledge|Ceruledge, F|100\/100\n|switch|p1b: Uxie|Uxie|100\/100\n|switch|p2a: Gastrodon|Gastrodon-East, F|100\/100\n|switch|p2b: Farigiraf|Farigiraf, F|100\/100\n|turn|1\n|\n|t:|1698330441\n|move|p2a: Gastrodon|Protect|p2a: Gastrodon\n|-singleturn|p2a: Gastrodon|Protect\n|move|p1a: Ceruledge|Poltergeist|p2a: Gastrodon\n|-activate|p2a: Gastrodon|move: Protect\n|move|p1b: Uxie|Mystical Power|p2a: Gastrodon\n|-activate|p2a: Gastrodon|move: Protect\n|move|p2b: Farigiraf|Trick Room|p2b: Farigiraf\n|-fieldstart|move: Trick Room|[of] p2b: Farigiraf\n|\n|upkeep\n|turn|2\n|\n|t:|1698330466\n|switch|p1a: Sinistcha|Sinistcha-Masterpiece|100\/100\n|move|p2a: Gastrodon|Earth Power|p1a: Sinistcha\n|-resisted|p1a: Sinistcha\n|-damage|p1a: Sinistcha|85\/100\n|move|p2b: Farigiraf|Skill Swap|p2a: Gastrodon\n|-activate|p2b: Farigiraf|move: Skill Swap|||[of] p2a: Gastrodon\n|move|p1b: Uxie|Mystical Power|p2a: Gastrodon\n|-damage|p2a: Gastrodon|80\/100\n|-boost|p1b: Uxie|spa|1\n|\n|-heal|p2a: Gastrodon|86\/100|[from] item: Leftovers\n|-heal|p1a: Sinistcha|91\/100|[from] item: Leftovers\n|upkeep\n|turn|3\n|\n|t:|1698330492\n|switch|p2b: Heatran|Heatran, F|100\/100\n|move|p2a: Gastrodon|Ice Beam|p1a: Sinistcha\n|-supereffective|p1a: Sinistcha\n|-damage|p1a: Sinistcha|42\/100\n|-status|p1a: Sinistcha|frz\n|-curestatus|p1a: Sinistcha|frz|[from] move: Matcha Gotcha\n|move|p1a: Sinistcha|Matcha Gotcha|p2a: Gastrodon|[spread] p2b\n|-ability|p2a: Gastrodon|Sap Sipper|boost\n|-boost|p2a: Gastrodon|atk|1\n|-resisted|p2b: Heatran\n|-damage|p2b: Heatran|95\/100\n|-heal|p1a: Sinistcha|45\/100|[from] drain|[of] p2b: Heatran\n|move|p1b: Uxie|Mystical Power|p2a: Gastrodon\n|-damage|p2a: Gastrodon|57\/100\n|-boost|p1b: Uxie|spa|1\n|\n|-heal|p2a: Gastrodon|63\/100|[from] item: Leftovers\n|-heal|p1a: Sinistcha|51\/100|[from] item: Leftovers\n|upkeep\n|turn|4\n|\n|t:|1698330520\n|move|p1a: Sinistcha|Protect|p1a: Sinistcha\n|-singleturn|p1a: Sinistcha|Protect\n|move|p2a: Gastrodon|Ice Beam|p1b: Uxie\n|-damage|p1b: Uxie|87\/100\n|move|p2b: Heatran|Heat Wave|p1b: Uxie|[spread] p1b\n|-activate|p1a: Sinistcha|move: Protect\n|-damage|p1b: Uxie|43\/100\n|-damage|p2b: Heatran|85\/100|[from] item: Life Orb\n|move|p1b: Uxie|Calm Mind|p1b: Uxie\n|-boost|p1b: Uxie|spa|1\n|-boost|p1b: Uxie|spd|1\n|\n|-heal|p2a: Gastrodon|69\/100|[from] item: Leftovers\n|-heal|p1a: Sinistcha|57\/100|[from] item: Leftovers\n|-heal|p1b: Uxie|50\/100|[from] item: Leftovers\n|upkeep\n|turn|5\n|\n|t:|1698330543\n|switch|p1a: Ceruledge|Ceruledge, F|100\/100\n|move|p1b: Uxie|Protect|p1b: Uxie\n|-singleturn|p1b: Uxie|Protect\n|move|p2a: Gastrodon|Ice Beam|p1b: Uxie\n|-activate|p1b: Uxie|move: Protect\n|move|p2b: Heatran|Heat Wave|p1b: Uxie|[spread] \n|-activate|p1b: Uxie|move: Protect\n|-start|p1a: Ceruledge|ability: Flash Fire\n|\n|-heal|p2a: Gastrodon|75\/100|[from] item: Leftovers\n|-heal|p1b: Uxie|56\/100|[from] item: Leftovers\n|-fieldend|move: Trick Room\n|upkeep\n|turn|6\n|inactive|bigbranonbampus has 120 seconds left.\n|\n|t:|1698330581\n|move|p2a: Gastrodon|Protect|p2a: Gastrodon\n|-singleturn|p2a: Gastrodon|Protect\n|move|p1a: Ceruledge|Bitter Blade|p2b: Heatran\n|-start|p2b: Heatran|ability: Flash Fire\n|move|p1b: Uxie|Baton Pass|p1b: Uxie\n|\n|t:|1698330589\n|switch|p1b: Clefable|Clefable, M|100\/100|[from] Baton Pass\n|move|p2b: Heatran|Earth Power|p1a: Ceruledge\n|-supereffective|p1a: Ceruledge\n|-damage|p1a: Ceruledge|35\/100\n|-damage|p2b: Heatran|75\/100|[from] item: Life Orb\n|\n|-heal|p2a: Gastrodon|81\/100|[from] item: Leftovers\n|upkeep\n|turn|7\n|\n|t:|1698330616\n|-terastallize|p1b: Clefable|Fairy\n|move|p1a: Ceruledge|Close Combat|p2b: Heatran\n|-supereffective|p2b: Heatran\n|-damage|p2b: Heatran|9\/100\n|-unboost|p1a: Ceruledge|def|1\n|-unboost|p1a: Ceruledge|spd|1\n|move|p2b: Heatran|Earth Power|p1b: Clefable\n|-damage|p1b: Clefable|74\/100\n|-damage|p2b: Heatran|0 fnt|[from] item: Life Orb\n|faint|p2b: Heatran\n|move|p1b: Clefable|Dazzling Gleam|p2a: Gastrodon\n|-damage|p2a: Gastrodon|0 fnt\n|faint|p2a: Gastrodon\n|\n|upkeep\n|inactive|MauritsB7 has 120 seconds left.\n|\n|t:|1698330639\n|switch|p2b: Mimikyu|Mimikyu, F|100\/100\n|switch|p2a: Rillaboom|Rillaboom, F|100\/100\n|-fieldstart|move: Grassy Terrain|[from] ability: Grassy Surge|[of] p2a: Rillaboom\n|turn|8\n|\n|t:|1698330654\n|move|p1b: Clefable|Protect|p1b: Clefable\n|-singleturn|p1b: Clefable|Protect\n|move|p2a: Rillaboom|Fake Out|p1b: Clefable\n|-activate|p1b: Clefable|move: Protect\n|move|p1a: Ceruledge|Bitter Blade|p2a: Rillaboom\n|-supereffective|p2a: Rillaboom\n|-damage|p2a: Rillaboom|0 fnt\n|-heal|p1a: Ceruledge|100\/100|[from] drain|[of] p2a: Rillaboom\n|faint|p2a: Rillaboom\n|move|p2b: Mimikyu|Trick Room|p2b: Mimikyu\n|-fieldstart|move: Trick Room|[of] p2b: Mimikyu\n|\n|-heal|p1b: Clefable|80\/100|[from] Grassy Terrain\n|upkeep\n|inactive|MauritsB7 has 120 seconds left.\n|\n|t:|1698330667\n|switch|p2a: Sinistcha|Sinistcha-Masterpiece|100\/100\n|turn|9\n|\n|t:|1698330690\n|move|p1a: Ceruledge|Shadow Sneak|p2b: Mimikyu\n|-activate|p2b: Mimikyu|ability: Disguise\n|-damage|p2b: Mimikyu|100\/100\n|detailschange|p2b: Mimikyu|Mimikyu-Busted, F\n|-damage|p2b: Mimikyu|88\/100|[from] pokemon: Mimikyu-Busted\n|move|p1b: Clefable|Dazzling Gleam|p2a: Sinistcha|[spread] p2a,p2b\n|-damage|p2a: Sinistcha|0 fnt\n|-damage|p2b: Mimikyu|0 fnt\n|faint|p2a: Sinistcha\n|faint|p2b: Mimikyu\n|\n|-heal|p1b: Clefable|87\/100|[from] Grassy Terrain\n|upkeep\n|inactive|MauritsB7 has 120 seconds left.\n|\n|t:|1698330701\n|switch|p2a: Farigiraf|Farigiraf, F|100\/100\n|turn|10\n|\n|t:|1698330706\n|move|p2a: Farigiraf|Psychic|p1a: Ceruledge\n|-damage|p1a: Ceruledge|43\/100\n|move|p1b: Clefable|Dazzling Gleam|p2a: Farigiraf\n|-damage|p2a: Farigiraf|0 fnt\n|faint|p2a: Farigiraf\n|\n|win|bigbranonbampus\n|raw|bigbranonbampus's rating: 1317 &rarr; <strong>1334<\/strong><br \/>(+17 for winning)\n|raw|MauritsB7's rating: 1273 &rarr; <strong>1251<\/strong><br \/>(-22 for losing)\n|l|\u2606MauritsB7\n","uploadtime":1698330718,"views":25,"p1id":"bigbranonbampus","p2id":"mauritsb7","formatid":"gen9doublesou","rating":1251,"private":0,"password":""}