{"id":"gen9doublesou-1983585667","p1":"sigmabozo","p2":"mcbuggers","format":"[Gen 9] Doubles OU","log":"|j|\u2606sigmabozo\n|j|\u2606mcbuggers\n|t:|1699146274\n|gametype|doubles\n|player|p1|sigmabozo|1|1000\n|player|p2|mcbuggers|102|1100\n|teamsize|p1|2\n|teamsize|p2|6\n|gen|9\n|tier|[Gen 9] Doubles OU\n|rated|\n|rule|Species Clause: Limit one of each Pok\u00e9mon\n|rule|OHKO Clause: OHKO moves are banned\n|rule|Evasion Moves Clause: Evasion moves are banned\n|rule|Gravity Sleep Clause: The combination of sleep-inducing moves with imperfect accuracy and Gravity or Gigantamax Orbeetle are banned\n|rule|Endless Battle Clause: Forcing endless battles is banned\n|rule|HP Percentage Mod: HP is shown in percentages\n|clearpoke\n|poke|p1|Torkoal, F|\n|poke|p1|Lilligant-Hisui, F|\n|poke|p2|Krookodile, M|\n|poke|p2|Oricorio-Pom-Pom, M|\n|poke|p2|Dragonite, M|\n|poke|p2|Gyarados, M|\n|poke|p2|Snorlax, M|\n|poke|p2|Hatterene, F|\n|teampreview\n|\n|t:|1699146282\n|start\n|switch|p1a: Torkoal|Torkoal, F|100\/100\n|switch|p1b: Lilligant|Lilligant-Hisui, F|100\/100\n|switch|p2a: Snorlax|Snorlax, M|100\/100\n|switch|p2b: Hatterene|Hatterene, F|100\/100\n|-weather|SunnyDay|[from] ability: Drought|[of] p1a: Torkoal\n|turn|1\n|\n|t:|1699146315\n|move|p1b: Lilligant|Solar Blade||[still]\n|-prepare|p1b: Lilligant|Solar Blade\n|-anim|p1b: Lilligant|Solar Blade|p2b: Hatterene\n|-damage|p2b: Hatterene|32\/100\n|move|p2a: Snorlax|Belly Drum|p2a: Snorlax\n|-damage|p2a: Snorlax|50\/100\n|-setboost|p2a: Snorlax|atk|6|[from] move: Belly Drum\n|-enditem|p2a: Snorlax|Sitrus Berry|[eat]\n|-heal|p2a: Snorlax|75\/100|[from] item: Sitrus Berry\n|move|p2b: Hatterene|Reflect|p2b: Hatterene\n|-sidestart|p2: mcbuggers|Reflect\n|move|p1a: Torkoal|Yawn|p2a: Snorlax\n|-start|p2a: Snorlax|move: Yawn|[of] p1a: Torkoal\n|\n|-weather|SunnyDay|[upkeep]\n|-heal|p2b: Hatterene|38\/100|[from] item: Leftovers\n|upkeep\n|turn|2\n|c|\u2606mcbuggers|Don't waste my time with this company so\n|c|\u2606mcbuggers|Crap\n|\n|t:|1699146349\n|-terastallize|p2b: Hatterene|Flying\n|move|p1b: Lilligant|Solar Blade||[still]\n|-prepare|p1b: Lilligant|Solar Blade\n|-anim|p1b: Lilligant|Solar Blade|p2b: Hatterene\n|-resisted|p2b: Hatterene\n|-crit|p2b: Hatterene\n|-damage|p2b: Hatterene|0 fnt\n|faint|p2b: Hatterene\n|move|p2a: Snorlax|Earthquake|p1a: Torkoal|[spread] p1a,p1b\n|-supereffective|p1a: Torkoal\n|-resisted|p1b: Lilligant\n|-damage|p1a: Torkoal|15\/100\n|-damage|p1b: Lilligant|43\/100\n|move|p1a: Torkoal|Rapid Spin|p2a: Snorlax\n|-damage|p2a: Snorlax|72\/100\n|-boost|p1a: Torkoal|spe|1\n|\n|-weather|SunnyDay|[upkeep]\n|-end|p2a: Snorlax|move: Yawn|[silent]\n|-status|p2a: Snorlax|slp\n|upkeep\n|\n|t:|1699146376\n|switch|p2b: Gyarados|Gyarados, M, shiny|100\/100\n|turn|3\n|\n|t:|1699146388\n|move|p1b: Lilligant|Solar Blade||[still]\n|-prepare|p1b: Lilligant|Solar Blade\n|-anim|p1b: Lilligant|Solar Blade|p2b: Gyarados\n|-damage|p2b: Gyarados|37\/100\n|move|p2b: Gyarados|Waterfall|p1a: Torkoal\n|-supereffective|p1a: Torkoal\n|-crit|p1a: Torkoal\n|-damage|p1a: Torkoal|0 fnt\n|faint|p1a: Torkoal\n|-ability|p2b: Gyarados|Moxie|boost\n|-boost|p2b: Gyarados|atk|1\n|cant|p2a: Snorlax|slp\n|\n|-weather|SunnyDay|[upkeep]\n|upkeep\n|turn|4\n|\n|t:|1699146473\n|move|p1b: Lilligant|Solar Blade||[still]\n|-prepare|p1b: Lilligant|Solar Blade\n|-anim|p1b: Lilligant|Solar Blade|p2b: Gyarados\n|-damage|p2b: Gyarados|0 fnt\n|faint|p2b: Gyarados\n|cant|p2a: Snorlax|slp\n|\n|-weather|SunnyDay|[upkeep]\n|upkeep\n|\n|t:|1699146497\n|switch|p2b: Krookodile|Krookodile, M, shiny|100\/100\n|turn|5\n|n|!mcbuggers|mcbuggers\n|inactive|Battle timer is ON: inactive players will automatically lose when time's up. (requested by mcbuggers)\n|inactive|sigmabozo has 120 seconds left.\n|inactive|sigmabozo has 90 seconds left.\n|inactive|sigmabozo has 60 seconds left.\n|inactive|sigmabozo has 30 seconds left.\n|inactive|sigmabozo has 20 seconds left.\n|inactive|sigmabozo has 15 seconds left.\n|inactive|sigmabozo has 10 seconds left.\n|inactive|sigmabozo has 5 seconds left.\n|-message|sigmabozo lost due to inactivity.\n|\n|win|mcbuggers\n|raw|sigmabozo's rating: 1000 &rarr; <strong>1000<\/strong><br \/>(+0 for losing)\n|raw|mcbuggers's rating: 1100 &rarr; <strong>1118<\/strong><br \/>(+18 for winning)\n","uploadtime":1699146575,"views":9,"p1id":"sigmabozo","p2id":"mcbuggers","formatid":"gen9doublesou","rating":1000,"private":0,"password":""}