{"id":"gen9doublesou-1996363572","p1":"freeottawe","p2":"kaelenheartful","format":"[Gen 9] Doubles OU","log":"|j|\u2606freeottawe\n|j|\u2606kaelenheartful\n|t:|1700674926\n|gametype|doubles\n|player|p1|freeottawe|dancer|1097\n|player|p2|kaelenheartful|rood|1176\n|teamsize|p1|6\n|teamsize|p2|6\n|gen|9\n|tier|[Gen 9] Doubles OU\n|rated|\n|rule|Species Clause: Limit one of each Pok\u00e9mon\n|rule|OHKO Clause: OHKO moves are banned\n|rule|Evasion Moves Clause: Evasion moves are banned\n|rule|Gravity Sleep Clause: The combination of sleep-inducing moves with imperfect accuracy and Gravity or Gigantamax Orbeetle are banned\n|rule|Endless Battle Clause: Forcing endless battles is banned\n|rule|HP Percentage Mod: HP is shown in percentages\n|clearpoke\n|poke|p1|Weezing-Galar, M|\n|poke|p1|Rabsca, M|\n|poke|p1|Golem-Alola, F|\n|poke|p1|Houndstone, M|\n|poke|p1|Grafaiai, F|\n|poke|p1|Hippowdon, M|\n|poke|p2|Iron Bundle|\n|poke|p2|Armarouge, M|\n|poke|p2|Indeedee-F, F|\n|poke|p2|Meowscarada, M|\n|poke|p2|Ditto|\n|poke|p2|Flamigo, F|\n|teampreview\n|\n|t:|1700674942\n|start\n|switch|p1a: Rabsca|Rabsca, M|100\/100\n|switch|p1b: Weezing|Weezing-Galar, M, shiny|100\/100\n|switch|p2a: twin towers|Armarouge, M|100\/100\n|switch|p2b: Plane|Iron Bundle|100\/100\n|-fieldstart|move: Misty Terrain|[from] ability: Misty Surge|[of] p1b: Weezing\n|turn|1\n|\n|t:|1700674959\n|switch|p1b: Golem|Golem-Alola, F|100\/100\n|move|p2b: Plane|Flip Turn|p2a: twin towers\n|-supereffective|p2a: twin towers\n|-damage|p2a: twin towers|66\/100\n|-ability|p2a: twin towers|Weak Armor|boost\n|-unboost|p2a: twin towers|def|1\n|-boost|p2a: twin towers|spe|2\n|-enditem|p2a: twin towers|Weakness Policy\n|-boost|p2a: twin towers|atk|2|[from] item: Weakness Policy\n|-boost|p2a: twin towers|spa|2|[from] item: Weakness Policy\n|\n|t:|1700674966\n|-end|p2b: Plane|Quark Drive|[silent]\n|switch|p2b: The great wall|Indeedee-F, F, shiny|100\/100|[from] Flip Turn\n|-fieldstart|move: Psychic Terrain|[from] ability: Psychic Surge|[of] p2b: The great wall\n|move|p2a: twin towers|Expanding Force|p1b: Golem|[spread] p1a,p1b\n|-resisted|p1a: Rabsca\n|-damage|p1a: Rabsca|39\/100\n|-damage|p1b: Golem|0 fnt\n|faint|p1b: Golem\n|move|p1a: Rabsca|Trick Room|p1a: Rabsca\n|-fieldstart|move: Trick Room|[of] p1a: Rabsca\n|\n|upkeep\n|\n|t:|1700674977\n|switch|p1b: Weezing|Weezing-Galar, M, shiny|100\/100\n|-fieldstart|move: Misty Terrain|[from] ability: Misty Surge|[of] p1b: Weezing\n|-enditem|p1b: Weezing|Room Service\n|-unboost|p1b: Weezing|spe|1|[from] item: Room Service\n|turn|2\n|\n|t:|1700675032\n|move|p2b: The great wall|Follow Me|p2b: The great wall\n|-singleturn|p2b: The great wall|move: Follow Me\n|move|p1b: Weezing|Misty Explosion|p2b: The great wall|[spread] p2a,p2b\n|-activate|p1a: Rabsca|ability: Telepathy\n|-resisted|p2a: twin towers\n|-damage|p2a: twin towers|34\/100\n|-damage|p2b: The great wall|58\/100\n|faint|p1b: Weezing\n|move|p1a: Rabsca|Revival Blessing|p1a: Rabsca\n|-enditem|p1a: Rabsca|Leppa Berry|[eat]\n|-activate|p1a: Rabsca|item: Leppa Berry|Revival Blessing|[consumed]\n|\n|t:|1700675043\n|-heal|p1: Golem|50\/100|[from] move: Revival Blessing\n|move|p2a: twin towers|Expanding Force|p1a: Rabsca\n|-resisted|p1a: Rabsca\n|-damage|p1a: Rabsca|0 fnt\n|faint|p1a: Rabsca\n|\n|upkeep\n|\n|t:|1700675053\n|switch|p1a: Golem|Golem-Alola, F|50\/100\n|switch|p1b: Hippowdon|Hippowdon, M, shiny|100\/100\n|-weather|Sandstorm|[from] ability: Sand Stream|[of] p1b: Hippowdon\n|turn|3\n|\n|t:|1700675068\n|switch|p2b: ttv\/LandonDawgs|Flamigo, F|100\/100\n|-copyboost|p2b: ttv\/LandonDawgs|p2a: twin towers|[from] ability: Costar\n|-enditem|p2b: ttv\/LandonDawgs|White Herb\n|-clearnegativeboost|p2b: ttv\/LandonDawgs|[silent]\n|move|p1a: Golem|Explosion|p2b: ttv\/LandonDawgs|[spread] p2a,p2b\n|-immune|p1b: Hippowdon\n|-supereffective|p2b: ttv\/LandonDawgs\n|-damage|p2a: twin towers|0 fnt\n|-damage|p2b: ttv\/LandonDawgs|0 fnt\n|faint|p1a: Golem\n|faint|p2a: twin towers\n|faint|p2b: ttv\/LandonDawgs\n|move|p1b: Hippowdon|Rock Slide|p2: twin towers|[notarget]\n|-fail|p1b: Hippowdon\n|\n|-weather|Sandstorm|[upkeep]\n|upkeep\n|\n|t:|1700675087\n|switch|p1a: Grafaiai|Grafaiai, F|100\/100\n|switch|p2a: Plane|Iron Bundle|100\/100\n|switch|p2b: Gluck Gluck 9000|Ditto, shiny|100\/100\n|-transform|p2b: Gluck Gluck 9000|p1a: Grafaiai|[from] ability: Imposter\n|turn|4\n|\n|t:|1700675110\n|move|p1a: Grafaiai|Parting Shot|p2a: Plane\n|-unboost|p2a: Plane|atk|1\n|-unboost|p2a: Plane|spa|1\n|\n|t:|1700675113\n|switch|p1a: Houndstone|Houndstone, M|100\/100|[from] Parting Shot\n|move|p2b: Gluck Gluck 9000|Taunt|p1a: Houndstone\n|-start|p1a: Houndstone|move: Taunt\n|move|p1b: Hippowdon|Rock Slide|p2a: Plane|[spread] p2a,p2b\n|-supereffective|p2a: Plane\n|-damage|p2a: Plane|64\/100\n|-damage|p2b: Gluck Gluck 9000|77\/100\n|cant|p2a: Plane|flinch\n|\n|-weather|Sandstorm|[upkeep]\n|-damage|p2b: Gluck Gluck 9000|71\/100|[from] Sandstorm\n|-damage|p2a: Plane|58\/100|[from] Sandstorm\n|upkeep\n|turn|5\n|\n|t:|1700675137\n|switch|p2b: The great wall|Indeedee-F, F, shiny|58\/100\n|-fieldstart|move: Psychic Terrain|[from] ability: Psychic Surge|[of] p2b: The great wall\n|move|p1b: Hippowdon|Curse|p1b: Hippowdon\n|-unboost|p1b: Hippowdon|spe|1\n|-boost|p1b: Hippowdon|atk|1\n|-boost|p1b: Hippowdon|def|1\n|move|p1a: Houndstone|Last Respects|p2a: Plane\n|-damage|p2a: Plane|0 fnt\n|faint|p2a: Plane\n|-end|p2a: Plane|Quark Drive|[silent]\n|\n|-weather|Sandstorm|[upkeep]\n|-damage|p2b: The great wall|52\/100|[from] Sandstorm\n|-fieldend|move: Trick Room\n|upkeep\n|\n|t:|1700675151\n|switch|p2a: Merchant|Meowscarada, M, shiny|100\/100\n|turn|6\n|\n|t:|1700675178\n|move|p1a: Houndstone|Last Respects|p2a: Merchant\n|-resisted|p2a: Merchant\n|-damage|p2a: Merchant|10\/100\n|move|p2a: Merchant|Knock Off|p1a: Houndstone\n|-supereffective|p1a: Houndstone\n|-damage|p1a: Houndstone|0 fnt\n|-enditem|p1a: Houndstone|Clear Amulet|[from] move: Knock Off|[of] p2a: Merchant\n|faint|p1a: Houndstone\n|move|p2b: The great wall|Dazzling Gleam|p1b: Hippowdon\n|-damage|p1b: Hippowdon|83\/100\n|move|p1b: Hippowdon|Rock Slide|p2a: Merchant|[spread] \n|-miss|p1b: Hippowdon|p2a: Merchant\n|-miss|p1b: Hippowdon|p2b: The great wall\n|\n|-weather|Sandstorm|[upkeep]\n|-damage|p2a: Merchant|4\/100|[from] Sandstorm\n|-damage|p2b: The great wall|45\/100|[from] Sandstorm\n|-heal|p1b: Hippowdon|89\/100|[from] item: Leftovers\n|upkeep\n|\n|t:|1700675194\n|switch|p1a: Grafaiai|Grafaiai, F|100\/100\n|turn|7\n|\n|t:|1700675205\n|move|p2b: The great wall|Helping Hand|p2a: Merchant\n|-singleturn|p2a: Merchant|Helping Hand|[of] p2b: The great wall\n|move|p1a: Grafaiai|Copycat||[still]\n|-fail|p1a: Grafaiai\n|move|p2a: Merchant|Knock Off|p1b: Hippowdon\n|-damage|p1b: Hippowdon|52\/100\n|-enditem|p1b: Hippowdon|Leftovers|[from] move: Knock Off|[of] p2a: Merchant\n|move|p1b: Hippowdon|Curse|p1b: Hippowdon\n|-unboost|p1b: Hippowdon|spe|1\n|-boost|p1b: Hippowdon|atk|1\n|-boost|p1b: Hippowdon|def|1\n|\n|-weather|none\n|upkeep\n|turn|8\n|\n|t:|1700675225\n|move|p1a: Grafaiai|Switcheroo|p2a: Merchant\n|-activate|p2a: Merchant|move: Psychic Terrain\n|move|p2a: Merchant|Knock Off|p1a: Grafaiai\n|-damage|p1a: Grafaiai|0 fnt\n|-enditem|p1a: Grafaiai|Black Sludge|[from] move: Knock Off|[of] p2a: Merchant\n|faint|p1a: Grafaiai\n|move|p2b: The great wall|Dazzling Gleam|p1b: Hippowdon\n|-damage|p1b: Hippowdon|33\/100\n|move|p1b: Hippowdon|Rock Slide|p2a: Merchant|[spread] p2a,p2b\n|-damage|p2a: Merchant|0 fnt\n|-damage|p2b: The great wall|0 fnt\n|faint|p2a: Merchant\n|faint|p2b: The great wall\n|\n|upkeep\n|\n|t:|1700675233\n|switch|p2b: Gluck Gluck 9000|Ditto, shiny|71\/100\n|turn|9\n|\n|t:|1700675241\n|move|p2b: Gluck Gluck 9000|Transform|p1b: Hippowdon\n|-transform|p2b: Gluck Gluck 9000|p1b: Hippowdon\n|-weather|Sandstorm|[from] ability: Sand Stream|[of] p2b: Gluck Gluck 9000\n|move|p1b: Hippowdon|Slack Off|p1b: Hippowdon\n|-heal|p1b: Hippowdon|83\/100\n|\n|-weather|Sandstorm|[upkeep]\n|upkeep\n|turn|10\n|\n|t:|1700675259\n|move|p2b: Gluck Gluck 9000|Earthquake|p1b: Hippowdon\n|-damage|p1b: Hippowdon|60\/100\n|move|p1b: Hippowdon|Earthquake|p2b: Gluck Gluck 9000\n|-crit|p2b: Gluck Gluck 9000\n|-damage|p2b: Gluck Gluck 9000|0 fnt\n|faint|p2b: Gluck Gluck 9000\n|\n|win|freeottawe\n|raw|freeottawe's rating: 1097 &rarr; <strong>1128<\/strong><br \/>(+31 for winning)\n|raw|kaelenheartful's rating: 1176 &rarr; <strong>1145<\/strong><br \/>(-31 for losing)\n","uploadtime":1700675267,"views":7,"p1id":"freeottawe","p2id":"kaelenheartful","formatid":"gen9doublesou","rating":1128,"private":0,"password":""}