{"id":"gen9doublesou-1999845868","p1":"ButWhyThough_2","p2":"Schister","format":"[Gen 9] Doubles OU","log":"|j|\u2606ButWhyThough_2\n|j|\u2606Schister\n|t:|1701122207\n|gametype|doubles\n|player|p1|ButWhyThough_2|hilbert|1568\n|player|p2|Schister|clair|1741\n|teamsize|p1|6\n|teamsize|p2|6\n|gen|9\n|tier|[Gen 9] Doubles OU\n|rated|\n|rule|Species Clause: Limit one of each Pok\u00e9mon\n|rule|OHKO Clause: OHKO moves are banned\n|rule|Evasion Moves Clause: Evasion moves are banned\n|rule|Gravity Sleep Clause: The combination of sleep-inducing moves with imperfect accuracy and Gravity or Gigantamax Orbeetle are banned\n|rule|Endless Battle Clause: Forcing endless battles is banned\n|rule|HP Percentage Mod: HP is shown in percentages\n|clearpoke\n|poke|p1|Chi-Yu|\n|poke|p1|Chien-Pao|\n|poke|p1|Flutter Mane|\n|poke|p1|Iron Hands|\n|poke|p1|Tornadus, M|\n|poke|p1|Roaring Moon|\n|poke|p2|Garganacl, M|\n|poke|p2|Sinistcha-Masterpiece|\n|poke|p2|Rillaboom, M|\n|poke|p2|Volcanion|\n|poke|p2|Landorus-Therian, M|\n|poke|p2|Klefki, F|\n|teampreview\n|inactive|Battle timer is ON: inactive players will automatically lose when time's up. (requested by Schister)\n|inactive|ButWhyThough_2 also wants the timer to be on.\n|j| toscp001\n|\n|t:|1701122233\n|start\n|switch|p1a: Tornadus|Tornadus, M|100\/100\n|switch|p1b: Chi-Yu|Chi-Yu|100\/100\n|switch|p2a: Klefki|Klefki, F|100\/100\n|switch|p2b: Garganacl|Garganacl, M|100\/100\n|-ability|p1b: Chi-Yu|Beads of Ruin\n|turn|1\n|\n|t:|1701122243\n|-terastallize|p2a: Klefki|Dark\n|move|p1a: Tornadus|Sunny Day|p1a: Tornadus\n|-weather|SunnyDay\n|move|p2a: Klefki|Light Screen|p2a: Klefki\n|-sidestart|p2: Schister|move: Light Screen\n|move|p1b: Chi-Yu|Overheat|p2b: Garganacl\n|-resisted|p2b: Garganacl\n|-damage|p2b: Garganacl|51\/100\n|-unboost|p1b: Chi-Yu|spa|2\n|move|p2b: Garganacl|Salt Cure|p1b: Chi-Yu\n|-supereffective|p1b: Chi-Yu\n|-damage|p1b: Chi-Yu|55\/100\n|-start|p1b: Chi-Yu|Salt Cure\n|\n|-weather|SunnyDay|[upkeep]\n|-heal|p2b: Garganacl|58\/100|[from] item: Leftovers\n|-damage|p1b: Chi-Yu|43\/100|[from] Salt Cure\n|upkeep\n|turn|2\n|\n|t:|1701122257\n|switch|p1b: Chien-Pao|Chien-Pao|100\/100\n|-ability|p1b: Chien-Pao|Sword of Ruin\n|move|p1a: Tornadus|Tailwind|p1a: Tornadus\n|-sidestart|p1: ButWhyThough_2|move: Tailwind\n|move|p2b: Garganacl|Curse|p2b: Garganacl\n|-unboost|p2b: Garganacl|spe|1\n|-boost|p2b: Garganacl|atk|1\n|-boost|p2b: Garganacl|def|1\n|move|p2a: Klefki|Trick Room|p2a: Klefki\n|-fieldstart|move: Trick Room|[of] p2a: Klefki\n|\n|-weather|SunnyDay|[upkeep]\n|-heal|p2b: Garganacl|64\/100|[from] item: Leftovers\n|upkeep\n|turn|3\n|\n|t:|1701122263\n|move|p2a: Klefki|Reflect|p2a: Klefki\n|-sidestart|p2: Schister|Reflect\n|move|p1a: Tornadus|Taunt|p2b: Garganacl\n|-start|p2b: Garganacl|move: Taunt\n|move|p2b: Garganacl|Salt Cure|p1b: Chien-Pao\n|-supereffective|p1b: Chien-Pao\n|-damage|p1b: Chien-Pao|46\/100\n|-start|p1b: Chien-Pao|Salt Cure\n|move|p1b: Chien-Pao|Sacred Sword|p2b: Garganacl\n|-supereffective|p2b: Garganacl\n|-crit|p2b: Garganacl\n|-damage|p2b: Garganacl|0 fnt\n|faint|p2b: Garganacl\n|-damage|p1b: Chien-Pao|36\/100|[from] item: Life Orb\n|\n|-weather|SunnyDay|[upkeep]\n|-damage|p1b: Chien-Pao|24\/100|[from] Salt Cure\n|upkeep\n|\n|t:|1701122275\n|switch|p2b: Volcanion|Volcanion|100\/100\n|turn|4\n|\n|t:|1701122289\n|switch|p1a: Roaring Moon|Roaring Moon|100\/100\n|-activate|p1a: Roaring Moon|ability: Protosynthesis\n|-start|p1a: Roaring Moon|protosynthesisatk\n|move|p1b: Chien-Pao|Sucker Punch|p2b: Volcanion\n|-damage|p2b: Volcanion|69\/100\n|-damage|p1b: Chien-Pao|14\/100|[from] item: Life Orb\n|move|p2b: Volcanion|Heat Wave|p1a: Roaring Moon|[spread] p1a,p1b\n|-resisted|p1a: Roaring Moon\n|-supereffective|p1b: Chien-Pao\n|-damage|p1a: Roaring Moon|73\/100\n|-damage|p1b: Chien-Pao|0 fnt\n|faint|p1b: Chien-Pao\n|move|p2a: Klefki|Foul Play|p1a: Roaring Moon\n|-resisted|p1a: Roaring Moon\n|-damage|p1a: Roaring Moon|36\/100\n|\n|-weather|SunnyDay|[upkeep]\n|-heal|p2b: Volcanion|75\/100|[from] item: Leftovers\n|upkeep\n|\n|t:|1701122301\n|switch|p1b: Flutter Mane|Flutter Mane|100\/100\n|-activate|p1b: Flutter Mane|ability: Protosynthesis\n|-start|p1b: Flutter Mane|protosynthesisspe\n|turn|5\n|\n|t:|1701122314\n|-end|p1a: Roaring Moon|Protosynthesis|[silent]\n|switch|p1a: Iron Hands|Iron Hands|100\/100\n|move|p1b: Flutter Mane|Protect|p1b: Flutter Mane\n|-singleturn|p1b: Flutter Mane|Protect\n|move|p2b: Volcanion|Heat Wave|p1a: Iron Hands|[spread] p1a\n|-activate|p1b: Flutter Mane|move: Protect\n|-damage|p1a: Iron Hands|58\/100\n|move|p2a: Klefki|Foul Play|p1b: Flutter Mane\n|-activate|p1b: Flutter Mane|move: Protect\n|\n|-weather|none\n|-end|p1b: Flutter Mane|Protosynthesis\n|-heal|p2b: Volcanion|81\/100|[from] item: Leftovers\n|-sideend|p1: ButWhyThough_2|move: Tailwind\n|upkeep\n|-enditem|p1b: Flutter Mane|Booster Energy\n|-activate|p1b: Flutter Mane|ability: Protosynthesis|[fromitem]\n|-start|p1b: Flutter Mane|protosynthesisspe\n|turn|6\n|\n|t:|1701122337\n|switch|p2a: Rillaboom|Rillaboom, M|100\/100\n|-fieldstart|move: Grassy Terrain|[from] ability: Grassy Surge|[of] p2a: Rillaboom\n|move|p1a: Iron Hands|Drain Punch|p2a: Rillaboom\n|-crit|p2a: Rillaboom\n|-damage|p2a: Rillaboom|35\/100\n|-heal|p1a: Iron Hands|87\/100|[from] drain|[of] p2a: Rillaboom\n|move|p2b: Volcanion|Will-O-Wisp|p1a: Iron Hands\n|-status|p1a: Iron Hands|brn\n|move|p1b: Flutter Mane|Shadow Ball|p2b: Volcanion\n|-damage|p2b: Volcanion|58\/100\n|\n|-heal|p1a: Iron Hands|93\/100 brn|[from] Grassy Terrain\n|-heal|p2b: Volcanion|64\/100|[from] Grassy Terrain\n|-heal|p2b: Volcanion|70\/100|[from] item: Leftovers\n|-heal|p2a: Rillaboom|42\/100|[from] Grassy Terrain\n|-damage|p1a: Iron Hands|87\/100 brn|[from] brn\n|-fieldend|move: Trick Room\n|upkeep\n|turn|7\n|\n|t:|1701122354\n|-end|p1b: Flutter Mane|Protosynthesis|[silent]\n|switch|p1b: Tornadus|Tornadus, M|100\/100\n|move|p2a: Rillaboom|Wood Hammer|p1b: Tornadus\n|-resisted|p1b: Tornadus\n|-damage|p1b: Tornadus|42\/100\n|-damage|p2a: Rillaboom|25\/100|[from] Recoil\n|move|p2b: Volcanion|Steam Eruption|p1a: Iron Hands\n|-damage|p1a: Iron Hands|45\/100 brn\n|-enditem|p1a: Iron Hands|Sitrus Berry|[eat]\n|-heal|p1a: Iron Hands|70\/100 brn|[from] item: Sitrus Berry\n|move|p1a: Iron Hands|Drain Punch|p2a: Rillaboom\n|-damage|p2a: Rillaboom|11\/100\n|-heal|p1a: Iron Hands|76\/100 brn|[from] drain|[of] p2a: Rillaboom\n|\n|-heal|p2a: Rillaboom|17\/100|[from] Grassy Terrain\n|-heal|p2b: Volcanion|76\/100|[from] Grassy Terrain\n|-heal|p2b: Volcanion|82\/100|[from] item: Leftovers\n|-heal|p1a: Iron Hands|83\/100 brn|[from] Grassy Terrain\n|-damage|p1a: Iron Hands|76\/100 brn|[from] brn\n|upkeep\n|turn|8\n|\n|t:|1701122372\n|switch|p2a: Klefki|Klefki, F, tera:Dark|100\/100\n|-end|p1a: Iron Hands|Quark Drive|[silent]\n|switch|p1a: Roaring Moon|Roaring Moon|36\/100\n|-enditem|p1a: Roaring Moon|Booster Energy\n|-activate|p1a: Roaring Moon|ability: Protosynthesis|[fromitem]\n|-start|p1a: Roaring Moon|protosynthesisatk\n|move|p1b: Tornadus|Tailwind|p1b: Tornadus\n|-sidestart|p1: ButWhyThough_2|move: Tailwind\n|move|p2b: Volcanion|Heat Wave|p1b: Tornadus|[spread] p1a,p1b\n|-resisted|p1a: Roaring Moon\n|-damage|p1a: Roaring Moon|17\/100\n|-damage|p1b: Tornadus|6\/100\n|\n|-heal|p1a: Roaring Moon|23\/100|[from] Grassy Terrain\n|-heal|p2b: Volcanion|88\/100|[from] Grassy Terrain\n|-heal|p2b: Volcanion|94\/100|[from] item: Leftovers\n|-sideend|p2: Schister|move: Light Screen\n|upkeep\n|turn|9\n|\n|t:|1701122392\n|-terastallize|p1a: Roaring Moon|Flying\n|move|p2b: Volcanion|Protect|p2b: Volcanion\n|-singleturn|p2b: Volcanion|Protect\n|move|p2a: Klefki|Light Screen|p2a: Klefki\n|-sidestart|p2: Schister|move: Light Screen\n|move|p1a: Roaring Moon|Acrobatics|p2a: Klefki\n|-damage|p2a: Klefki|44\/100\n|move|p1b: Tornadus|Bleakwind Storm|p2b: Volcanion|[spread] p2a\n|-activate|p2b: Volcanion|move: Protect\n|-damage|p2a: Klefki|24\/100\n|-unboost|p2a: Klefki|spe|1\n|\n|-heal|p2b: Volcanion|99\/100|[from] Grassy Terrain\n|-heal|p2b: Volcanion|100\/100|[from] item: Leftovers\n|-heal|p2a: Klefki|30\/100|[from] Grassy Terrain\n|upkeep\n|turn|10\n|\n|t:|1701122408\n|move|p1a: Roaring Moon|Acrobatics|p2a: Klefki\n|-damage|p2a: Klefki|0 fnt\n|faint|p2a: Klefki\n|move|p1b: Tornadus|Bleakwind Storm|p2b: Volcanion|[miss]\n|-miss|p1b: Tornadus|p2b: Volcanion\n|move|p2b: Volcanion|Heat Wave|p1a: Roaring Moon|[spread] p1a,p1b\n|-damage|p1a: Roaring Moon|0 fnt\n|-damage|p1b: Tornadus|0 fnt\n|faint|p1a: Roaring Moon\n|-end|p1a: Roaring Moon|Protosynthesis|[silent]\n|faint|p1b: Tornadus\n|\n|-sideend|p2: Schister|Reflect\n|-fieldend|move: Grassy Terrain\n|upkeep\n|l| toscp001\n|\n|t:|1701122419\n|switch|p1a: Chi-Yu|Chi-Yu|43\/100\n|switch|p1b: Flutter Mane|Flutter Mane|100\/100\n|switch|p2a: Rillaboom|Rillaboom, M|17\/100\n|-ability|p1a: Chi-Yu|Beads of Ruin\n|-fieldstart|move: Grassy Terrain|[from] ability: Grassy Surge|[of] p2a: Rillaboom\n|turn|11\n|\n|t:|1701122426\n|switch|p1a: Iron Hands|Iron Hands|76\/100 brn\n|move|p2a: Rillaboom|Fake Out|p1a: Iron Hands\n|-damage|p1a: Iron Hands|66\/100 brn\n|move|p1b: Flutter Mane|Dazzling Gleam|p2a: Rillaboom|[spread] p2a,p2b\n|-resisted|p2b: Volcanion\n|-damage|p2a: Rillaboom|1\/100\n|-damage|p2b: Volcanion|92\/100\n|move|p2b: Volcanion|Heat Wave|p1a: Iron Hands|[spread] p1a,p1b\n|-damage|p1a: Iron Hands|39\/100 brn\n|-damage|p1b: Flutter Mane|70\/100\n|\n|-heal|p1b: Flutter Mane|76\/100|[from] Grassy Terrain\n|-heal|p1a: Iron Hands|45\/100 brn|[from] Grassy Terrain\n|-heal|p2a: Rillaboom|7\/100|[from] Grassy Terrain\n|-heal|p2b: Volcanion|98\/100|[from] Grassy Terrain\n|-heal|p2b: Volcanion|100\/100|[from] item: Leftovers\n|-damage|p1a: Iron Hands|39\/100 brn|[from] brn\n|-sideend|p1: ButWhyThough_2|move: Tailwind\n|upkeep\n|turn|12\n|\n|t:|1701122439\n|move|p1b: Flutter Mane|Dazzling Gleam|p2a: Rillaboom|[spread] p2a,p2b\n|-resisted|p2b: Volcanion\n|-damage|p2a: Rillaboom|0 fnt\n|-damage|p2b: Volcanion|92\/100\n|faint|p2a: Rillaboom\n|move|p2b: Volcanion|Steam Eruption|p1b: Flutter Mane\n|-crit|p1b: Flutter Mane\n|-damage|p1b: Flutter Mane|0 fnt\n|faint|p1b: Flutter Mane\n|-end|p1b: Flutter Mane|Protosynthesis|[silent]\n|move|p1a: Iron Hands|Wild Charge|p2b: Volcanion\n|-supereffective|p2b: Volcanion\n|-damage|p2b: Volcanion|53\/100\n|-damage|p1a: Iron Hands|31\/100 brn|[from] Recoil\n|\n|-heal|p2b: Volcanion|59\/100|[from] Grassy Terrain\n|-heal|p2b: Volcanion|65\/100|[from] item: Leftovers\n|-heal|p1a: Iron Hands|37\/100 brn|[from] Grassy Terrain\n|-damage|p1a: Iron Hands|31\/100 brn|[from] brn\n|upkeep\n|\n|t:|1701122451\n|switch|p1b: Chi-Yu|Chi-Yu|43\/100\n|switch|p2a: Landorus|Landorus-Therian, M|100\/100\n|-ability|p2a: Landorus|Intimidate|boost\n|-unboost|p1a: Iron Hands|atk|1\n|-unboost|p1b: Chi-Yu|atk|1\n|-ability|p1b: Chi-Yu|Beads of Ruin\n|turn|13\n|\n|t:|1701122456\n|move|p2a: Landorus|Stomping Tantrum|p1b: Chi-Yu\n|-supereffective|p1b: Chi-Yu\n|-damage|p1b: Chi-Yu|0 fnt\n|faint|p1b: Chi-Yu\n|move|p2b: Volcanion|Steam Eruption|p1a: Iron Hands\n|-damage|p1a: Iron Hands|0 fnt\n|faint|p1a: Iron Hands\n|-end|p1a: Iron Hands|Quark Drive|[silent]\n|\n|win|Schister\n|raw|ButWhyThough_2's rating: 1568 &rarr; <strong>1557<\/strong><br \/>(-11 for losing)\n|raw|Schister's rating: 1741 &rarr; <strong>1752<\/strong><br \/>(+11 for winning)\n|l|\u2606ButWhyThough_2\n","uploadtime":1701122469,"views":11,"p1id":"butwhythough2","p2id":"schister","formatid":"gen9doublesou","rating":1557,"private":0,"password":""}