{"id":"gen9doublesou-1999872131","p1":"fangame10","p2":"sidoc","format":"[Gen 9] Doubles OU","log":"|j|\u2606fangame10\n|j|\u2606sidoc\n|t:|1701124890\n|gametype|doubles\n|player|p1|fangame10|red|1877\n|player|p2|sidoc|li|1652\n|teamsize|p1|6\n|teamsize|p2|6\n|gen|9\n|tier|[Gen 9] Doubles OU\n|rated|\n|rule|Species Clause: Limit one of each Pok\u00e9mon\n|rule|OHKO Clause: OHKO moves are banned\n|rule|Evasion Moves Clause: Evasion moves are banned\n|rule|Gravity Sleep Clause: The combination of sleep-inducing moves with imperfect accuracy and Gravity or Gigantamax Orbeetle are banned\n|rule|Endless Battle Clause: Forcing endless battles is banned\n|rule|HP Percentage Mod: HP is shown in percentages\n|clearpoke\n|poke|p1|Iron Bundle|\n|poke|p1|Abomasnow, M|\n|poke|p1|Landorus-Therian, M|\n|poke|p1|Ursaluna, M|\n|poke|p1|Iron Hands|\n|poke|p1|Diancie|\n|poke|p2|Landorus-Therian, M|\n|poke|p2|Iron Hands|\n|poke|p2|Flutter Mane|\n|poke|p2|Chien-Pao|\n|poke|p2|Heatran, F|\n|poke|p2|Sinistcha-Masterpiece|\n|teampreview\n|inactive|Battle timer is ON: inactive players will automatically lose when time's up. (requested by fangame10)\n|\n|t:|1701124917\n|start\n|switch|p1a: Diancie|Diancie|100\/100\n|switch|p1b: Landorus|Landorus-Therian, M, shiny|100\/100\n|switch|p2a: Iron Hands|Iron Hands|100\/100\n|switch|p2b: Chien-Pao|Chien-Pao|100\/100\n|-ability|p2b: Chien-Pao|Sword of Ruin\n|-ability|p1b: Landorus|Intimidate|boost\n|-unboost|p2a: Iron Hands|atk|1\n|-unboost|p2b: Chien-Pao|atk|1\n|turn|1\n|\n|t:|1701124930\n|switch|p1b: Iron Hands|Iron Hands, shiny|100\/100\n|move|p1a: Diancie|Protect|p1a: Diancie\n|-singleturn|p1a: Diancie|Protect\n|move|p2b: Chien-Pao|Ice Spinner|p1b: Iron Hands\n|-damage|p1b: Iron Hands|77\/100\n|move|p2a: Iron Hands|Heavy Slam|p1a: Diancie\n|-activate|p1a: Diancie|move: Protect\n|\n|upkeep\n|turn|2\n|\n|t:|1701124945\n|switch|p2b: Landorus|Landorus-Therian, M|100\/100\n|-ability|p2b: Landorus|Intimidate|boost\n|-fail|p1a: Diancie|unboost|[from] ability: Clear Body|[of] p1a: Diancie\n|-unboost|p1b: Iron Hands|atk|1\n|move|p1b: Iron Hands|Fake Out|p2a: Iron Hands\n|-crit|p2a: Iron Hands\n|-damage|p2a: Iron Hands|86\/100\n|cant|p2a: Iron Hands|flinch\n|move|p1a: Diancie|Trick Room|p1a: Diancie\n|-fieldstart|move: Trick Room|[of] p1a: Diancie\n|\n|upkeep\n|turn|3\n|\n|t:|1701124961\n|-end|p1b: Iron Hands|Quark Drive|[silent]\n|switch|p1b: Abomasnow|Abomasnow, M, shiny|100\/100\n|-weather|Snow|[from] ability: Snow Warning|[of] p1b: Abomasnow\n|move|p1a: Diancie|Diamond Storm|p2a: Iron Hands|[spread] p2a,p2b\n|-resisted|p2a: Iron Hands\n|-crit|p2b: Landorus\n|-damage|p2a: Iron Hands|75\/100\n|-damage|p2b: Landorus|42\/100\n|move|p2a: Iron Hands|Heavy Slam|p1a: Diancie\n|-supereffective|p1a: Diancie\n|-damage|p1a: Diancie|0 fnt\n|faint|p1a: Diancie\n|move|p2b: Landorus|Stomping Tantrum|p1b: Abomasnow\n|-resisted|p1b: Abomasnow\n|-damage|p1b: Abomasnow|86\/100\n|\n|-weather|Snow|[upkeep]\n|upkeep\n|\n|t:|1701124971\n|switch|p1a: Ursaluna|Ursaluna, M, shiny|100\/100\n|turn|4\n|\n|t:|1701124980\n|switch|p2b: Heatran|Heatran, F|100\/100\n|-terastallize|p1a: Ursaluna|Poison\n|move|p1a: Ursaluna|Swords Dance|p1a: Ursaluna\n|-boost|p1a: Ursaluna|atk|2\n|move|p2a: Iron Hands|Drain Punch|p1a: Ursaluna\n|-resisted|p1a: Ursaluna\n|-damage|p1a: Ursaluna|88\/100\n|-heal|p2a: Iron Hands|81\/100|[from] drain|[of] p1a: Ursaluna\n|move|p1b: Abomasnow|Aurora Veil|p1b: Abomasnow\n|-sidestart|p1: fangame10|move: Aurora Veil\n|\n|-weather|Snow|[upkeep]\n|-status|p1a: Ursaluna|brn|[from] item: Flame Orb\n|upkeep\n|turn|5\n|\n|t:|1701124996\n|-terastallize|p2b: Heatran|Grass\n|move|p1a: Ursaluna|Earthquake|p2a: Iron Hands|[spread] p1b,p2a,p2b\n|-resisted|p1b: Abomasnow\n|-supereffective|p2a: Iron Hands\n|-resisted|p2b: Heatran\n|-damage|p1b: Abomasnow|57\/100\n|-damage|p2a: Iron Hands|0 fnt\n|-damage|p2b: Heatran|48\/100\n|faint|p2a: Iron Hands\n|-end|p2a: Iron Hands|Quark Drive|[silent]\n|move|p1b: Abomasnow|Blizzard|p2b: Heatran\n|-supereffective|p2b: Heatran\n|-damage|p2b: Heatran|0 fnt\n|faint|p2b: Heatran\n|\n|-weather|Snow|[upkeep]\n|-damage|p1a: Ursaluna|82\/100 brn|[from] brn\n|upkeep\n|-message|sidoc forfeited.\n|\n|win|fangame10\n|raw|fangame10's rating: 1877 &rarr; <strong>1886<\/strong><br \/>(+9 for winning)\n|raw|sidoc's rating: 1652 &rarr; <strong>1643<\/strong><br \/>(-9 for losing)\n|l|\u2606sidoc\n","uploadtime":1701125014,"views":6,"p1id":"fangame10","p2id":"sidoc","formatid":"gen9doublesou","rating":1643,"private":0,"password":""}