{"id":"gen9doublesou-1995708979","p1":"mlgpokeballer","p2":"Doyoulikeyourmommy","format":"[Gen 9] Doubles OU","log":"|j|\u2606mlgpokeballer\n|j|\u2606Doyoulikeyourmommy\n|inactive|Battle timer is ON: inactive players will automatically lose when time's up.\n|t:|1700595878\n|gametype|doubles\n|player|p1|mlgpokeballer|crasherwake|\n|player|p2|Doyoulikeyourmommy|iris-gen5bw2|\n|teamsize|p1|6\n|teamsize|p2|6\n|gen|9\n|tier|[Gen 9] Doubles OU\n|rated|Tournament battle\n|rule|Species Clause: Limit one of each Pok\u00e9mon\n|rule|OHKO Clause: OHKO moves are banned\n|rule|Evasion Moves Clause: Evasion moves are banned\n|rule|Gravity Sleep Clause: The combination of sleep-inducing moves with imperfect accuracy and Gravity or Gigantamax Orbeetle are banned\n|rule|Endless Battle Clause: Forcing endless battles is banned\n|rule|HP Percentage Mod: HP is shown in percentages\n|clearpoke\n|poke|p1|Torkoal, M|\n|poke|p1|Indeedee-F, F|\n|poke|p1|Armarouge, M|\n|poke|p1|Lilligant-Hisui, F|\n|poke|p1|Flutter Mane|\n|poke|p1|Kleavor, M|\n|poke|p2|Fezandipiti, M|\n|poke|p2|Tornadus, M|\n|poke|p2|Gholdengo|\n|poke|p2|Ogerpon-Wellspring, F|\n|poke|p2|Landorus-Therian, M|\n|poke|p2|Chi-Yu|\n|teampreview\n|inactive|Doyoulikeyourmommy also wants the timer to be on.\n|\n|t:|1700595891\n|start\n|switch|p1a: Indeedee|Indeedee-F, F|100\/100\n|switch|p1b: Kleavor|Kleavor, M|100\/100\n|switch|p2a: Fezandipiti|Fezandipiti, M|100\/100\n|switch|p2b: Gholdengo|Gholdengo|100\/100\n|-fieldstart|move: Psychic Terrain|[from] ability: Psychic Surge|[of] p1a: Indeedee\n|turn|1\n|\n|t:|1700595909\n|move|p2b: Gholdengo|Protect|p2b: Gholdengo\n|-singleturn|p2b: Gholdengo|Protect\n|move|p2a: Fezandipiti|Taunt|p1a: Indeedee\n|-start|p1a: Indeedee|move: Taunt\n|move|p1b: Kleavor|Stone Axe|p2a: Fezandipiti\n|-damage|p2a: Fezandipiti|53\/100\n|-sidestart|p2: Doyoulikeyourmommy|move: Stealth Rock\n|cant|p1a: Indeedee|move: Taunt|Trick Room\n|\n|upkeep\n|turn|2\n|\n|t:|1700595920\n|move|p2b: Gholdengo|Make It Rain|p1a: Indeedee|[spread] p1a,p1b\n|-supereffective|p1b: Kleavor\n|-damage|p1a: Indeedee|60\/100\n|-damage|p1b: Kleavor|13\/100\n|-unboost|p2b: Gholdengo|spa|1\n|move|p2a: Fezandipiti|U-turn|p1a: Indeedee\n|-supereffective|p1a: Indeedee\n|-damage|p1a: Indeedee|22\/100\n|\n|t:|1700595925\n|switch|p2a: Landorus|Landorus-Therian, M|100\/100|[from] U-turn\n|-damage|p2a: Landorus|88\/100|[from] Stealth Rock\n|-ability|p2a: Landorus|Intimidate|boost\n|-unboost|p1a: Indeedee|atk|1\n|-unboost|p1b: Kleavor|atk|1\n|move|p1b: Kleavor|U-turn|p2a: Landorus\n|-resisted|p2a: Landorus\n|-damage|p2a: Landorus|76\/100\n|\n|t:|1700595935\n|switch|p1b: Torkoal|Torkoal, M|100\/100|[from] U-turn\n|-weather|SunnyDay|[from] ability: Drought|[of] p1b: Torkoal\n|move|p1a: Indeedee|Psychic|p2b: Gholdengo\n|-resisted|p2b: Gholdengo\n|-damage|p2b: Gholdengo|79\/100\n|\n|-weather|SunnyDay|[upkeep]\n|-heal|p2b: Gholdengo|85\/100|[from] item: Leftovers\n|upkeep\n|turn|3\n|\n|t:|1700595945\n|switch|p1a: Lilligant|Lilligant-Hisui, F|100\/100\n|move|p1b: Torkoal|Protect|p1b: Torkoal\n|-singleturn|p1b: Torkoal|Protect\n|move|p2b: Gholdengo|Make It Rain|p1a: Lilligant|[spread] p1a\n|-activate|p1b: Torkoal|move: Protect\n|-damage|p1a: Lilligant|50\/100\n|-unboost|p2b: Gholdengo|spa|1\n|move|p2a: Landorus|Stomping Tantrum|p1b: Torkoal\n|-activate|p1b: Torkoal|move: Protect\n|\n|-weather|SunnyDay|[upkeep]\n|-heal|p2b: Gholdengo|91\/100|[from] item: Leftovers\n|upkeep\n|turn|4\n|inactive|Doyoulikeyourmommy has 120 seconds left.\n|\n|t:|1700595979\n|switch|p2b: Tornadus|Tornadus, M|100\/100\n|-damage|p2b: Tornadus|76\/100|[from] Stealth Rock\n|switch|p2a: Chi-Yu|Chi-Yu|100\/100\n|-damage|p2a: Chi-Yu|76\/100|[from] Stealth Rock\n|-ability|p2a: Chi-Yu|Beads of Ruin\n|move|p1a: Lilligant|Solar Blade||[still]\n|-prepare|p1a: Lilligant|Solar Blade\n|-anim|p1a: Lilligant|Solar Blade|p2a: Chi-Yu\n|-resisted|p2a: Chi-Yu\n|-damage|p2a: Chi-Yu|38\/100\n|move|p1b: Torkoal|Heat Wave|p2a: Chi-Yu|[spread] p2a,p2b\n|-resisted|p2a: Chi-Yu\n|-damage|p2a: Chi-Yu|17\/100\n|-damage|p2b: Tornadus|0 fnt\n|faint|p2b: Tornadus\n|\n|-weather|SunnyDay|[upkeep]\n|upkeep\n|inactive|Doyoulikeyourmommy has 120 seconds left.\n|\n|t:|1700596005\n|switch|p2b: Landorus|Landorus-Therian, M|76\/100\n|-damage|p2b: Landorus|63\/100|[from] Stealth Rock\n|-ability|p2b: Landorus|Intimidate|boost\n|-unboost|p1a: Lilligant|atk|1\n|-unboost|p1b: Torkoal|atk|1\n|turn|5\n|inactive|Doyoulikeyourmommy has 120 seconds left.\n|\n|t:|1700596024\n|-terastallize|p2b: Landorus|Water\n|-terastallize|p1b: Torkoal|Fire\n|move|p1a: Lilligant|After You|p1b: Torkoal\n|-activate|p1b: Torkoal|move: After You\n|move|p1b: Torkoal|Heat Wave|p2a: Chi-Yu|[spread] p2b\n|-miss|p1b: Torkoal|p2a: Chi-Yu\n|-resisted|p2b: Landorus\n|-damage|p2b: Landorus|27\/100\n|-enditem|p2b: Landorus|Sitrus Berry|[eat]\n|-heal|p2b: Landorus|52\/100|[from] item: Sitrus Berry\n|move|p2a: Chi-Yu|Snarl|p1a: Lilligant|[spread] p1a,p1b\n|-resisted|p1a: Lilligant\n|-damage|p1a: Lilligant|21\/100\n|-damage|p1b: Torkoal|52\/100\n|-unboost|p1a: Lilligant|spa|1\n|-unboost|p1b: Torkoal|spa|1\n|move|p2b: Landorus|Rock Slide|p1b: Torkoal|[spread] p1a,p1b\n|-resisted|p1a: Lilligant\n|-supereffective|p1b: Torkoal\n|-damage|p1a: Lilligant|5\/100\n|-damage|p1b: Torkoal|25\/100\n|\n|-weather|SunnyDay|[upkeep]\n|-fieldend|move: Psychic Terrain\n|upkeep\n|turn|6\n|inactive|Doyoulikeyourmommy has 120 seconds left.\n|\n|t:|1700596048\n|switch|p2b: Fezandipiti|Fezandipiti, M|53\/100\n|-damage|p2b: Fezandipiti|40\/100|[from] Stealth Rock\n|-enditem|p2b: Fezandipiti|Sitrus Berry|[eat]\n|-heal|p2b: Fezandipiti|65\/100|[from] item: Sitrus Berry\n|move|p1a: Lilligant|Solar Blade||[still]\n|-prepare|p1a: Lilligant|Solar Blade\n|-anim|p1a: Lilligant|Solar Blade|p2b: Fezandipiti\n|-resisted|p2b: Fezandipiti\n|-damage|p2b: Fezandipiti|49\/100\n|move|p2a: Chi-Yu|Snarl|p1a: Lilligant|[spread] p1a,p1b\n|-resisted|p1a: Lilligant\n|-damage|p1a: Lilligant|0 fnt\n|-damage|p1b: Torkoal|0 fnt\n|faint|p1a: Lilligant\n|faint|p1b: Torkoal\n|\n|-weather|SunnyDay|[upkeep]\n|upkeep\n|\n|t:|1700596065\n|switch|p1a: Indeedee|Indeedee-F, F|22\/100\n|switch|p1b: Flutter Mane|Flutter Mane|100\/100\n|-activate|p1b: Flutter Mane|ability: Protosynthesis\n|-start|p1b: Flutter Mane|protosynthesisspe\n|-fieldstart|move: Psychic Terrain|[from] ability: Psychic Surge|[of] p1a: Indeedee\n|turn|7\n|\n|t:|1700596076\n|switch|p1a: Armarouge|Armarouge, M|100\/100\n|move|p1b: Flutter Mane|Dazzling Gleam|p2a: Chi-Yu|[spread] p2a,p2b\n|-resisted|p2b: Fezandipiti\n|-damage|p2a: Chi-Yu|0 fnt\n|-damage|p2b: Fezandipiti|28\/100\n|faint|p2a: Chi-Yu\n|move|p2b: Fezandipiti|U-turn|p1a: Armarouge\n|-damage|p1a: Armarouge|86\/100\n|\n|t:|1700596094\n|switch|p2b: Gholdengo|Gholdengo|91\/100|[from] U-turn\n|-damage|p2b: Gholdengo|85\/100|[from] Stealth Rock\n|\n|-weather|SunnyDay|[upkeep]\n|-heal|p2b: Gholdengo|91\/100|[from] item: Leftovers\n|upkeep\n|\n|t:|1700596102\n|switch|p2a: Ogerpon|Ogerpon-Wellspring, F|100\/100\n|-damage|p2a: Ogerpon|88\/100|[from] Stealth Rock\n|turn|8\n|\n|t:|1700596119\n|-end|p1b: Flutter Mane|Protosynthesis|[silent]\n|switch|p1b: Kleavor|Kleavor, M|13\/100\n|move|p2b: Gholdengo|Protect|p2b: Gholdengo\n|-singleturn|p2b: Gholdengo|Protect\n|move|p2a: Ogerpon|Horn Leech|p1b: Kleavor\n|-damage|p1b: Kleavor|0 fnt\n|-heal|p2a: Ogerpon|94\/100|[from] drain|[of] p1b: Kleavor\n|faint|p1b: Kleavor\n|move|p1a: Armarouge|Expanding Force|p2a: Ogerpon|[spread] p2a\n|-activate|p2b: Gholdengo|move: Protect\n|-damage|p2a: Ogerpon|16\/100\n|-damage|p1a: Armarouge|76\/100|[from] item: Life Orb\n|\n|-weather|SunnyDay|[upkeep]\n|-heal|p2b: Gholdengo|97\/100|[from] item: Leftovers\n|upkeep\n|\n|t:|1700596122\n|switch|p1b: Flutter Mane|Flutter Mane|100\/100\n|-activate|p1b: Flutter Mane|ability: Protosynthesis\n|-start|p1b: Flutter Mane|protosynthesisspe\n|turn|9\n|\n|t:|1700596136\n|move|p2a: Ogerpon|Follow Me|p2a: Ogerpon\n|-singleturn|p2a: Ogerpon|move: Follow Me\n|move|p1b: Flutter Mane|Shadow Ball|p2a: Ogerpon\n|-damage|p2a: Ogerpon|0 fnt\n|faint|p2a: Ogerpon\n|move|p2b: Gholdengo|Shadow Ball|p1a: Armarouge\n|-supereffective|p1a: Armarouge\n|-damage|p1a: Armarouge|0 fnt\n|faint|p1a: Armarouge\n|\n|-weather|none\n|-end|p1b: Flutter Mane|Protosynthesis\n|-heal|p2b: Gholdengo|100\/100|[from] item: Leftovers\n|upkeep\n|\n|t:|1700596151\n|switch|p2a: Fezandipiti|Fezandipiti, M|28\/100\n|switch|p1a: Indeedee|Indeedee-F, F|22\/100\n|-damage|p2a: Fezandipiti|16\/100|[from] Stealth Rock\n|turn|10\n|\n|t:|1700596174\n|move|p2b: Gholdengo|Protect|p2b: Gholdengo\n|-singleturn|p2b: Gholdengo|Protect\n|move|p1a: Indeedee|Follow Me|p1a: Indeedee\n|-singleturn|p1a: Indeedee|move: Follow Me\n|move|p1b: Flutter Mane|Shadow Ball|p2a: Fezandipiti\n|-damage|p2a: Fezandipiti|0 fnt\n|faint|p2a: Fezandipiti\n|\n|upkeep\n|\n|t:|1700596180\n|switch|p2a: Landorus|Landorus-Therian, M, tera:Water|52\/100\n|-damage|p2a: Landorus|39\/100|[from] Stealth Rock\n|-ability|p2a: Landorus|Intimidate|boost\n|-unboost|p1a: Indeedee|atk|1\n|-unboost|p1b: Flutter Mane|atk|1\n|turn|11\n|\n|t:|1700596195\n|move|p1a: Indeedee|Follow Me|p1a: Indeedee\n|-singleturn|p1a: Indeedee|move: Follow Me\n|move|p1b: Flutter Mane|Shadow Ball|p2a: Landorus\n|-damage|p2a: Landorus|0 fnt\n|faint|p2a: Landorus\n|move|p2b: Gholdengo|Make It Rain|p1a: Indeedee|[spread] p1a,p1b\n|-supereffective|p1b: Flutter Mane\n|-crit|p1b: Flutter Mane\n|-damage|p1a: Indeedee|0 fnt\n|-damage|p1b: Flutter Mane|0 fnt\n|-unboost|p2b: Gholdengo|spa|1\n|faint|p1a: Indeedee\n|faint|p1b: Flutter Mane\n|-end|p1b: Flutter Mane|Protosynthesis|[silent]\n|\n|win|Doyoulikeyourmommy\n|n|\u2606mlgpokeballer|mlgpokeballer\n|n|\u2606Doyoulikeyourmommy|doyoulikeyourmommy\n","uploadtime":1700596196,"views":1,"p1id":"mlgpokeballer","p2id":"doyoulikeyourmommy","formatid":"gen9doublesou","rating":0,"private":0,"password":""}