{"id":"gen9doublesou-1997951057","p1":"Martin80","p2":"EzE111","format":"[Gen 9] Doubles OU","log":"|j|\u2606Martin80\n|j|\u2606EzE111\n|t:|1700871282\n|gametype|doubles\n|player|p1|Martin80|steven|1161\n|player|p2|EzE111|benga|1035\n|teamsize|p1|6\n|teamsize|p2|6\n|gen|9\n|tier|[Gen 9] Doubles OU\n|rated|\n|rule|Species Clause: Limit one of each Pok\u00e9mon\n|rule|OHKO Clause: OHKO moves are banned\n|rule|Evasion Moves Clause: Evasion moves are banned\n|rule|Gravity Sleep Clause: The combination of sleep-inducing moves with imperfect accuracy and Gravity or Gigantamax Orbeetle are banned\n|rule|Endless Battle Clause: Forcing endless battles is banned\n|rule|HP Percentage Mod: HP is shown in percentages\n|clearpoke\n|poke|p1|Garganacl, F|\n|poke|p1|Tinkaton, F|\n|poke|p1|Lokix, F|\n|poke|p1|Quaquaval, F|\n|poke|p1|Arboliva, F|\n|poke|p1|Ceruledge, F|\n|poke|p2|Amoonguss, M|\n|poke|p2|Garganacl, M|\n|poke|p2|Blissey, F|\n|poke|p2|Chesnaught, M|\n|poke|p2|Grimmsnarl, M|\n|poke|p2|Cresselia, F|\n|teampreview\n|inactive|Battle timer is ON: inactive players will automatically lose when time's up. (requested by Martin80)\n|\n|t:|1700871287\n|start\n|switch|p1a: Tinkaton|Tinkaton, F, shiny|100\/100\n|switch|p1b: Bichota|Lokix, F, shiny|100\/100\n|switch|p2a: Garganacl|Garganacl, M|100\/100\n|switch|p2b: Grimmsnarl|Grimmsnarl, M|100\/100\n|turn|1\n|\n|t:|1700871305\n|move|p1a: Tinkaton|Helping Hand|p1b: Bichota\n|-singleturn|p1b: Bichota|Helping Hand|[of] p1a: Tinkaton\n|move|p1b: Bichota|First Impression|p2b: Grimmsnarl\n|-damage|p2b: Grimmsnarl|0 fnt\n|faint|p2b: Grimmsnarl\n|move|p2a: Garganacl|Salt Cure|p1a: Tinkaton\n|-resisted|p1a: Tinkaton\n|-damage|p1a: Tinkaton|92\/100\n|-start|p1a: Tinkaton|Salt Cure\n|\n|-heal|p1a: Tinkaton|98\/100|[from] item: Leftovers\n|-damage|p1a: Tinkaton|73\/100|[from] Salt Cure\n|upkeep\n|\n|t:|1700871321\n|switch|p2b: Cresselia|Cresselia, F|100\/100\n|turn|2\n|\n|t:|1700871333\n|switch|p1a: Golemcita|Garganacl, F, shiny|100\/100\n|switch|p1b: Arboliva|Arboliva, F, shiny|100\/100\n|move|p2b: Cresselia|Calm Mind|p2b: Cresselia\n|-boost|p2b: Cresselia|spa|1\n|-boost|p2b: Cresselia|spd|1\n|move|p2a: Garganacl|Salt Cure|p1b: Arboliva\n|-damage|p1b: Arboliva|88\/100\n|-start|p1b: Arboliva|Salt Cure\n|-fieldstart|move: Grassy Terrain|[from] ability: Seed Sower|[of] p1b: Arboliva\n|-enditem|p1b: Arboliva|Grassy Seed\n|-boost|p1b: Arboliva|def|1|[from] item: Grassy Seed\n|\n|-heal|p1b: Arboliva|94\/100|[from] Grassy Terrain\n|-damage|p1b: Arboliva|82\/100|[from] Salt Cure\n|upkeep\n|turn|3\n|\n|t:|1700871362\n|move|p2b: Cresselia|Zen Headbutt|p1a: Golemcita\n|-damage|p1a: Golemcita|88\/100\n|move|p2a: Garganacl|Heavy Slam|p1a: Golemcita\n|-supereffective|p1a: Golemcita\n|-damage|p1a: Golemcita|75\/100\n|move|p1b: Arboliva|Leech Seed|p2a: Garganacl\n|-start|p2a: Garganacl|move: Leech Seed\n|cant|p1a: Golemcita|flinch\n|\n|-heal|p1b: Arboliva|88\/100|[from] Grassy Terrain\n|-heal|p1a: Golemcita|81\/100|[from] Grassy Terrain\n|-heal|p1a: Golemcita|87\/100|[from] item: Leftovers\n|-damage|p2a: Garganacl|88\/100|[from] Leech Seed|[of] p1b: Arboliva\n|-heal|p1b: Arboliva|99\/100|[silent]\n|-damage|p1b: Arboliva|87\/100|[from] Salt Cure\n|upkeep\n|turn|4\n|inactive|EzE111 has 120 seconds left.\n|\n|t:|1700871398\n|move|p2b: Cresselia|Calm Mind|p2b: Cresselia\n|-boost|p2b: Cresselia|spa|1\n|-boost|p2b: Cresselia|spd|1\n|move|p2a: Garganacl|Heavy Slam|p1a: Golemcita\n|-supereffective|p1a: Golemcita\n|-damage|p1a: Golemcita|75\/100\n|move|p1b: Arboliva|Leech Seed|p2b: Cresselia\n|-start|p2b: Cresselia|move: Leech Seed\n|move|p1a: Golemcita|Iron Defense|p1a: Golemcita\n|-boost|p1a: Golemcita|def|2\n|\n|-heal|p2a: Garganacl|94\/100|[from] Grassy Terrain\n|-heal|p1b: Arboliva|93\/100|[from] Grassy Terrain\n|-heal|p1a: Golemcita|81\/100|[from] Grassy Terrain\n|-heal|p1a: Golemcita|87\/100|[from] item: Leftovers\n|-damage|p2b: Cresselia|88\/100|[from] Leech Seed|[of] p1b: Arboliva\n|-heal|p1b: Arboliva|100\/100|[silent]\n|-damage|p2a: Garganacl|82\/100|[from] Leech Seed|[of] p1b: Arboliva\n|-damage|p1b: Arboliva|88\/100|[from] Salt Cure\n|upkeep\n|turn|5\n|inactive|EzE111 has 120 seconds left.\n|\n|t:|1700871423\n|switch|p2a: Blissey|Blissey, F|100\/100\n|move|p2b: Cresselia|Calm Mind|p2b: Cresselia\n|-boost|p2b: Cresselia|spa|1\n|-boost|p2b: Cresselia|spd|1\n|move|p1b: Arboliva|Giga Drain|p2a: Blissey\n|-damage|p2a: Blissey|84\/100\n|-heal|p1b: Arboliva|100\/100|[from] drain|[of] p2a: Blissey\n|move|p1a: Golemcita|Iron Defense|p1a: Golemcita\n|-boost|p1a: Golemcita|def|2\n|\n|-heal|p2a: Blissey|90\/100|[from] Grassy Terrain\n|-heal|p1a: Golemcita|94\/100|[from] Grassy Terrain\n|-heal|p1a: Golemcita|99\/100|[from] item: Leftovers\n|-damage|p2b: Cresselia|76\/100|[from] Leech Seed|[of] p1b: Arboliva\n|-damage|p1b: Arboliva|88\/100|[from] Salt Cure\n|upkeep\n|turn|6\n|inactive|EzE111 has 120 seconds left.\n|\n|t:|1700871452\n|move|p2b: Cresselia|Zen Headbutt|p1a: Golemcita\n|-damage|p1a: Golemcita|96\/100\n|move|p2a: Blissey|Thunder Wave|p1b: Arboliva\n|-status|p1b: Arboliva|par\n|move|p1a: Golemcita|Body Press|p2a: Blissey\n|-supereffective|p2a: Blissey\n|-damage|p2a: Blissey|0 fnt\n|faint|p2a: Blissey\n|move|p1b: Arboliva|Leech Seed||[still]\n|-fail|p1b: Arboliva\n|\n|-heal|p1a: Golemcita|100\/100|[from] Grassy Terrain\n|-heal|p1b: Arboliva|94\/100 par|[from] Grassy Terrain\n|-damage|p2b: Cresselia|63\/100|[from] Leech Seed|[of] p1b: Arboliva\n|-heal|p1b: Arboliva|100\/100 par|[silent]\n|-damage|p1b: Arboliva|88\/100 par|[from] Salt Cure\n|-fieldend|move: Grassy Terrain\n|upkeep\n|\n|t:|1700871471\n|switch|p2a: Nubz|Amoonguss, M, shiny|100\/100\n|turn|7\n|\n|t:|1700871481\n|move|p1b: Arboliva|Protect|p1b: Arboliva\n|-singleturn|p1b: Arboliva|Protect\n|move|p2b: Cresselia|Zen Headbutt|p1b: Arboliva\n|-activate|p1b: Arboliva|move: Protect\n|move|p1a: Golemcita|Salt Cure|p2b: Cresselia\n|-damage|p2b: Cresselia|54\/100\n|-start|p2b: Cresselia|Salt Cure\n|move|p2a: Nubz|Toxic|p1a: Golemcita\n|-immune|p1a: Golemcita|[from] ability: Purifying Salt\n|\n|-damage|p2b: Cresselia|42\/100|[from] Leech Seed|[of] p1b: Arboliva\n|-heal|p1b: Arboliva|100\/100 par|[silent]\n|-damage|p2b: Cresselia|30\/100|[from] Salt Cure\n|-damage|p1b: Arboliva|88\/100 par|[from] Salt Cure\n|upkeep\n|turn|8\n|inactive|EzE111 has 120 seconds left.\n|\n|t:|1700871513\n|-terastallize|p1a: Golemcita|Ghost\n|move|p2b: Cresselia|Lunar Blessing|p2b: Cresselia|[spread] p2a,p2b\n|-heal|p2b: Cresselia|55\/100\n|move|p1a: Golemcita|Salt Cure|p2a: Nubz\n|-damage|p2a: Nubz|87\/100\n|-start|p2a: Nubz|Salt Cure\n|move|p2a: Nubz|Pollen Puff|p1b: Arboliva\n|-supereffective|p1b: Arboliva\n|-damage|p1b: Arboliva|61\/100 par\n|-fieldstart|move: Grassy Terrain|[from] ability: Seed Sower|[of] p1b: Arboliva\n|move|p1b: Arboliva|Giga Drain|p2b: Cresselia\n|-damage|p2b: Cresselia|43\/100\n|-heal|p1b: Arboliva|69\/100 par|[from] drain|[of] p2b: Cresselia\n|\n|-heal|p2a: Nubz|93\/100|[from] Grassy Terrain\n|-heal|p2a: Nubz|99\/100|[from] item: Leftovers\n|-heal|p1b: Arboliva|75\/100 par|[from] Grassy Terrain\n|-damage|p2b: Cresselia|31\/100|[from] Leech Seed|[of] p1b: Arboliva\n|-heal|p1b: Arboliva|90\/100 par|[silent]\n|-damage|p2b: Cresselia|18\/100|[from] Salt Cure\n|-damage|p2a: Nubz|87\/100|[from] Salt Cure\n|-damage|p1b: Arboliva|77\/100 par|[from] Salt Cure\n|upkeep\n|-enditem|p2b: Cresselia|Aguav Berry|[eat]\n|-heal|p2b: Cresselia|52\/100|[from] item: Aguav Berry\n|turn|9\n|inactive|EzE111 has 120 seconds left.\n|\n|t:|1700871555\n|-terastallize|p2a: Nubz|Steel\n|move|p2b: Cresselia|Calm Mind|p2b: Cresselia\n|-boost|p2b: Cresselia|spa|1\n|-boost|p2b: Cresselia|spd|1\n|move|p1a: Golemcita|Salt Cure|p2b: Cresselia\n|-damage|p2b: Cresselia|42\/100\n|move|p2a: Nubz|Pollen Puff|p2b: Cresselia\n|-heal|p2b: Cresselia|92\/100\n|move|p1b: Arboliva|Giga Drain|p2b: Cresselia\n|-damage|p2b: Cresselia|83\/100\n|-heal|p1b: Arboliva|83\/100 par|[from] drain|[of] p2b: Cresselia\n|\n|-heal|p2a: Nubz|93\/100|[from] Grassy Terrain\n|-heal|p2a: Nubz|99\/100|[from] item: Leftovers\n|-heal|p1b: Arboliva|89\/100 par|[from] Grassy Terrain\n|-damage|p2b: Cresselia|70\/100|[from] Leech Seed|[of] p1b: Arboliva\n|-heal|p1b: Arboliva|100\/100 par|[silent]\n|-damage|p2b: Cresselia|58\/100|[from] Salt Cure\n|-damage|p2a: Nubz|74\/100|[from] Salt Cure\n|-damage|p1b: Arboliva|88\/100 par|[from] Salt Cure\n|upkeep\n|turn|10\n|inactive|EzE111 has 120 seconds left.\n|\n|t:|1700871587\n|move|p2b: Cresselia|Zen Headbutt|p1a: Golemcita\n|-damage|p1a: Golemcita|97\/100\n|move|p1a: Golemcita|Body Press|p2a: Nubz\n|-supereffective|p2a: Nubz\n|-crit|p2a: Nubz\n|-damage|p2a: Nubz|0 fnt\n|faint|p2a: Nubz\n|cant|p1b: Arboliva|par\n|\n|-heal|p1a: Golemcita|100\/100|[from] Grassy Terrain\n|-heal|p1b: Arboliva|94\/100 par|[from] Grassy Terrain\n|-damage|p2b: Cresselia|46\/100|[from] Leech Seed|[of] p1b: Arboliva\n|-heal|p1b: Arboliva|100\/100 par|[silent]\n|-damage|p2b: Cresselia|33\/100|[from] Salt Cure\n|-damage|p1b: Arboliva|88\/100 par|[from] Salt Cure\n|upkeep\n|\n|t:|1700871602\n|switch|p2a: Garganacl|Garganacl, M|82\/100\n|turn|11\n|\n|t:|1700871625\n|move|p2b: Cresselia|Calm Mind|p2b: Cresselia\n|-boost|p2b: Cresselia|spa|1\n|-boost|p2b: Cresselia|spd|1\n|move|p2a: Garganacl|Heavy Slam|p1a: Golemcita\n|-damage|p1a: Golemcita|98\/100\n|move|p1a: Golemcita|Body Press|p2a: Garganacl\n|-supereffective|p2a: Garganacl\n|-damage|p2a: Garganacl|0 fnt\n|-damage|p1a: Golemcita|82\/100|[from] item: Rocky Helmet|[of] p2a: Garganacl\n|faint|p2a: Garganacl\n|move|p1b: Arboliva|Giga Drain|p2b: Cresselia\n|-damage|p2b: Cresselia|24\/100\n|-heal|p1b: Arboliva|94\/100 par|[from] drain|[of] p2b: Cresselia\n|\n|-heal|p1a: Golemcita|88\/100|[from] Grassy Terrain\n|-heal|p1a: Golemcita|94\/100|[from] item: Leftovers\n|-heal|p1b: Arboliva|99\/100 par|[from] Grassy Terrain\n|-damage|p2b: Cresselia|12\/100|[from] Leech Seed|[of] p1b: Arboliva\n|-heal|p1b: Arboliva|100\/100 par|[silent]\n|-damage|p2b: Cresselia|0 fnt|[from] Salt Cure\n|faint|p2b: Cresselia\n|-damage|p1b: Arboliva|88\/100 par|[from] Salt Cure\n|upkeep\n|inactive|EzE111 has 90 seconds left.\n|c|\u2606EzE111|Gg thank you\n|c|\u2606Martin80|ez lmao\n|inactive|EzE111 has 60 seconds left.\n|inactive|EzE111 has 30 seconds left.\n|inactive|EzE111 has 20 seconds left.\n|inactive|EzE111 has 15 seconds left.\n|inactive|EzE111 has 10 seconds left.\n|inactive|EzE111 has 5 seconds left.\n|-message|EzE111 lost due to inactivity.\n|\n|win|Martin80\n|raw|Martin80's rating: 1161 &rarr; <strong>1177<\/strong><br \/>(+16 for winning)\n|raw|EzE111's rating: 1035 &rarr; <strong>1025<\/strong><br \/>(-10 for losing)\n","uploadtime":1700871733,"views":4,"p1id":"martin80","p2id":"eze111","formatid":"gen9doublesou","rating":1025,"private":0,"password":""}