{"id":"gen9doublesou-1973884257","p1":"Jokulon","p2":"jec3","format":"[Gen 9] Doubles OU","log":"|j|\u2606Jokulon\n|j|\u2606jec3\n|t:|1698024170\n|gametype|doubles\n|player|p1|Jokulon|volkner|1339\n|player|p2|jec3|102|1283\n|teamsize|p1|6\n|teamsize|p2|6\n|gen|9\n|tier|[Gen 9] Doubles OU\n|rated|\n|rule|Species Clause: Limit one of each Pok\u00e9mon\n|rule|OHKO Clause: OHKO moves are banned\n|rule|Evasion Moves Clause: Evasion moves are banned\n|rule|Gravity Sleep Clause: The combination of sleep-inducing moves with imperfect accuracy and Gravity or Gigantamax Orbeetle are banned\n|rule|Endless Battle Clause: Forcing endless battles is banned\n|rule|HP Percentage Mod: HP is shown in percentages\n|clearpoke\n|poke|p1|Cresselia, F|\n|poke|p1|Indeedee-F, F|\n|poke|p1|Iron Hands|\n|poke|p1|Hatterene, F|\n|poke|p1|Ursaluna-Bloodmoon, M|\n|poke|p1|Flutter Mane|\n|poke|p2|Farigiraf, F|\n|poke|p2|Kommo-o, M|\n|poke|p2|Chi-Yu|\n|poke|p2|Iron Hands|\n|poke|p2|Amoonguss, M|\n|poke|p2|Gholdengo|\n|teampreview\n|j| EbongAtSeabong\n|c|\u2606Jokulon|Hi other person!!\n|\n|t:|1698024187\n|start\n|switch|p1a: Indeedee|Indeedee-F, F|100\/100\n|switch|p1b: Iron Hands|Iron Hands|100\/100\n|switch|p2a: Farigiraf|Farigiraf, F|100\/100\n|switch|p2b: Kommo-o|Kommo-o, M|100\/100\n|-fieldstart|move: Psychic Terrain|[from] ability: Psychic Surge|[of] p1a: Indeedee\n|turn|1\n|c|\u2606Jokulon|Good luck have fun ^^\n|l| EbongAtSeabong\n|\n|t:|1698024207\n|-terastallize|p1b: Iron Hands|Steel\n|move|p2b: Kommo-o|Clangorous Soul|p2b: Kommo-o\n|-boost|p2b: Kommo-o|atk|1\n|-boost|p2b: Kommo-o|def|1\n|-boost|p2b: Kommo-o|spa|1\n|-boost|p2b: Kommo-o|spd|1\n|-boost|p2b: Kommo-o|spe|1\n|-damage|p2b: Kommo-o|68\/100\n|move|p1b: Iron Hands|Belly Drum|p1b: Iron Hands\n|-damage|p1b: Iron Hands|51\/100\n|-setboost|p1b: Iron Hands|atk|6|[from] move: Belly Drum\n|move|p1a: Indeedee|Trick Room|p1a: Indeedee\n|-fieldstart|move: Trick Room|[of] p1a: Indeedee\n|move|p2a: Farigiraf|Trick Room|p2a: Farigiraf\n|-fieldend|move: Trick Room\n|\n|upkeep\n|turn|2\n|\n|t:|1698024240\n|-terastallize|p2b: Kommo-o|Normal\n|move|p2a: Farigiraf|Helping Hand|p2b: Kommo-o\n|-singleturn|p2b: Kommo-o|Helping Hand|[of] p2a: Farigiraf\n|move|p1a: Indeedee|Follow Me|p1a: Indeedee\n|-singleturn|p1a: Indeedee|move: Follow Me\n|move|p2b: Kommo-o|Boomburst|p1a: Indeedee|[spread] p2a,p1a,p1b\n|-resisted|p1b: Iron Hands\n|-damage|p2a: Farigiraf|25\/100\n|-damage|p1a: Indeedee|5\/100\n|-damage|p1b: Iron Hands|13\/100\n|-enditem|p2a: Farigiraf|Aguav Berry|[eat]\n|-heal|p2a: Farigiraf|59\/100|[from] item: Aguav Berry\n|-enditem|p1b: Iron Hands|Sitrus Berry|[eat]\n|-heal|p1b: Iron Hands|38\/100|[from] item: Sitrus Berry\n|move|p1b: Iron Hands|Drain Punch|p2b: Kommo-o\n|-supereffective|p2b: Kommo-o\n|-damage|p2b: Kommo-o|0 fnt\n|-heal|p1b: Iron Hands|60\/100|[from] drain|[of] p2b: Kommo-o\n|faint|p2b: Kommo-o\n|\n|upkeep\n|\n|t:|1698024258\n|switch|p2b: Chi-Yu|Chi-Yu|100\/100\n|-ability|p2b: Chi-Yu|Beads of Ruin\n|turn|3\n|\n|t:|1698024266\n|move|p2a: Farigiraf|Helping Hand|p2b: Chi-Yu\n|-singleturn|p2b: Chi-Yu|Helping Hand|[of] p2a: Farigiraf\n|move|p1a: Indeedee|Follow Me|p1a: Indeedee\n|-singleturn|p1a: Indeedee|move: Follow Me\n|move|p2b: Chi-Yu|Heat Wave|p1a: Indeedee|[spread] p1a,p1b\n|-supereffective|p1b: Iron Hands\n|-damage|p1a: Indeedee|0 fnt\n|-damage|p1b: Iron Hands|0 fnt\n|faint|p1a: Indeedee\n|faint|p1b: Iron Hands\n|-end|p1b: Iron Hands|Quark Drive|[silent]\n|\n|upkeep\n|\n|t:|1698024278\n|switch|p1a: Cresselia|Cresselia, F|100\/100\n|switch|p1b: Flutter Mane|Flutter Mane|100\/100\n|-enditem|p1b: Flutter Mane|Booster Energy\n|-activate|p1b: Flutter Mane|ability: Protosynthesis|[fromitem]\n|-start|p1b: Flutter Mane|protosynthesisspa\n|turn|4\n|\n|t:|1698024295\n|switch|p2b: Gholdengo|Gholdengo|100\/100\n|move|p1a: Cresselia|Ally Switch|p1a: Cresselia\n|swap|p1a: Cresselia|1|[from] move: Ally Switch\n|move|p1a: Flutter Mane|Moonblast|p2a: Farigiraf\n|-damage|p2a: Farigiraf|6\/100\n|-unboost|p2a: Farigiraf|spa|1\n|move|p2a: Farigiraf|Trick Room|p2a: Farigiraf\n|-fieldstart|move: Trick Room|[of] p2a: Farigiraf\n|\n|upkeep\n|turn|5\n|\n|t:|1698024310\n|move|p2a: Farigiraf|Protect|p2a: Farigiraf\n|-singleturn|p2a: Farigiraf|Protect\n|move|p1b: Cresselia|Moonblast|p2a: Farigiraf\n|-activate|p2a: Farigiraf|move: Protect\n|move|p2b: Gholdengo|Make It Rain|p1b: Cresselia|[spread] p1a,p1b\n|-supereffective|p1a: Flutter Mane\n|-crit|p1b: Cresselia\n|-damage|p1a: Flutter Mane|0 fnt\n|-damage|p1b: Cresselia|54\/100\n|-unboost|p2b: Gholdengo|spa|1\n|-enditem|p2b: Gholdengo|White Herb\n|-clearnegativeboost|p2b: Gholdengo|[silent]\n|faint|p1a: Flutter Mane\n|-end|p1a: Flutter Mane|Protosynthesis|[silent]\n|\n|-fieldend|move: Psychic Terrain\n|upkeep\n|\n|t:|1698024326\n|switch|p1a: Ursaluna|Ursaluna-Bloodmoon, M|100\/100\n|turn|6\n|\n|t:|1698024340\n|switch|p2b: Iron Hands|Iron Hands|100\/100\n|-enditem|p2b: Iron Hands|Booster Energy\n|-activate|p2b: Iron Hands|ability: Quark Drive|[fromitem]\n|-start|p2b: Iron Hands|quarkdriveatk\n|move|p1a: Ursaluna|Blood Moon|p2b: Iron Hands\n|-damage|p2b: Iron Hands|26\/100\n|move|p2a: Farigiraf|Hyper Voice|p1b: Cresselia|[spread] p1a,p1b\n|-damage|p1a: Ursaluna|89\/100\n|-damage|p1b: Cresselia|43\/100\n|move|p1b: Cresselia|Moonblast|p2a: Farigiraf\n|-damage|p2a: Farigiraf|0 fnt\n|faint|p2a: Farigiraf\n|\n|upkeep\n|\n|t:|1698024361\n|switch|p2a: Amoonguss|Amoonguss, M|100\/100\n|turn|7\n|\n|t:|1698024377\n|move|p2b: Iron Hands|Fake Out|p1b: Cresselia\n|-damage|p1b: Cresselia|31\/100\n|cant|p1b: Cresselia|flinch\n|move|p2a: Amoonguss|Spore|p1a: Ursaluna\n|-status|p1a: Ursaluna|slp|[from] move: Spore\n|cant|p1a: Ursaluna|slp\n|\n|upkeep\n|turn|8\n|\n|t:|1698024392\n|move|p2a: Amoonguss|Pollen Puff|p1b: Cresselia\n|-supereffective|p1b: Cresselia\n|-damage|p1b: Cresselia|7\/100\n|move|p2b: Iron Hands|Drain Punch|p1a: Ursaluna\n|-supereffective|p1a: Ursaluna\n|-damage|p1a: Ursaluna|0 fnt\n|-heal|p2b: Iron Hands|58\/100|[from] drain|[of] p1a: Ursaluna\n|faint|p1a: Ursaluna\n|move|p1b: Cresselia|Moonblast|p2b: Iron Hands\n|-supereffective|p2b: Iron Hands\n|-damage|p2b: Iron Hands|28\/100\n|\n|-fieldend|move: Trick Room\n|upkeep\n|-message|Jokulon forfeited.\n|\n|win|jec3\n|raw|Jokulon's rating: 1339 &rarr; <strong>1316<\/strong><br \/>(-23 for losing)\n|raw|jec3's rating: 1283 &rarr; <strong>1312<\/strong><br \/>(+29 for winning)\n|l|\u2606Jokulon\n","uploadtime":1698024409,"views":22,"p1id":"jokulon","p2id":"jec3","formatid":"gen9doublesou","rating":1312,"private":0,"password":""}