{"id":"gen9doublesou-1993458063","p1":"LooneyTunesShow","p2":"FlaringFox64","format":"[Gen 9] Doubles OU","log":"|j|\u2606LooneyTunesShow\n|j|\u2606FlaringFox64\n|t:|1700320353\n|gametype|doubles\n|player|p1|LooneyTunesShow|florian-bb|1055\n|player|p2|FlaringFox64|2|1023\n|teamsize|p1|6\n|teamsize|p2|6\n|gen|9\n|tier|[Gen 9] Doubles OU\n|rated|\n|rule|Species Clause: Limit one of each Pok\u00e9mon\n|rule|OHKO Clause: OHKO moves are banned\n|rule|Evasion Moves Clause: Evasion moves are banned\n|rule|Gravity Sleep Clause: The combination of sleep-inducing moves with imperfect accuracy and Gravity or Gigantamax Orbeetle are banned\n|rule|Endless Battle Clause: Forcing endless battles is banned\n|rule|HP Percentage Mod: HP is shown in percentages\n|clearpoke\n|poke|p1|Iron Bundle|\n|poke|p1|Pincurchin, M|\n|poke|p1|Iron Moth|\n|poke|p1|Iron Valiant|\n|poke|p1|Iron Leaves|\n|poke|p1|Iron Jugulis|\n|poke|p2|Bellibolt, F|\n|poke|p2|Oranguru, M|\n|poke|p2|Donphan, L1, M|\n|poke|p2|Blissey, F|\n|poke|p2|Corviknight, M|\n|poke|p2|Maushold-Four|\n|teampreview\n|inactive|Battle timer is ON: inactive players will automatically lose when time's up. (requested by LooneyTunesShow)\n|\n|t:|1700320368\n|start\n|switch|p1a: Sea Urchin|Pincurchin, M, shiny|100\/100\n|switch|p1b: Mecha Mothra|Iron Moth|100\/100\n|switch|p2a: Bellibolt|Bellibolt, F|100\/100\n|switch|p2b: Oranguru|Oranguru, M|100\/100\n|-fieldstart|move: Electric Terrain|[from] ability: Electric Surge|[of] p1a: Sea Urchin\n|-activate|p1b: Mecha Mothra|ability: Quark Drive\n|-start|p1b: Mecha Mothra|quarkdrivespa\n|turn|1\n|\n|t:|1700320384\n|move|p2a: Bellibolt|Protect|p2a: Bellibolt\n|-singleturn|p2a: Bellibolt|Protect\n|move|p1b: Mecha Mothra|Fiery Dance|p2b: Oranguru\n|-damage|p2b: Oranguru|67\/100\n|-boost|p1b: Mecha Mothra|spa|1\n|move|p1a: Sea Urchin|Memento|p2a: Bellibolt\n|-activate|p2a: Bellibolt|move: Protect\n|move|p2b: Oranguru|Trick Room|p2b: Oranguru\n|-fieldstart|move: Trick Room|[of] p2b: Oranguru\n|\n|-heal|p2b: Oranguru|73\/100|[from] item: Leftovers\n|upkeep\n|turn|2\n|\n|t:|1700320407\n|move|p1a: Sea Urchin|Sucker Punch||[still]\n|-fail|p1a: Sea Urchin\n|move|p2a: Bellibolt|Parabolic Charge|p1b: Mecha Mothra|[spread] p1a,p1b\n|-activate|p2b: Oranguru|ability: Telepathy\n|-resisted|p1a: Sea Urchin\n|-damage|p1a: Sea Urchin|82\/100\n|-damage|p1b: Mecha Mothra|80\/100\n|move|p2b: Oranguru|Instruct|p2a: Bellibolt\n|-singleturn|p2a: Bellibolt|move: Instruct|[of] p2b: Oranguru\n|move|p2a: Bellibolt|Parabolic Charge|p1a: Sea Urchin|[spread] p1a,p1b\n|-activate|p2b: Oranguru|ability: Telepathy\n|-resisted|p1a: Sea Urchin\n|-damage|p1a: Sea Urchin|60\/100\n|-damage|p1b: Mecha Mothra|58\/100\n|move|p1b: Mecha Mothra|Fiery Dance|p2a: Bellibolt\n|-damage|p2a: Bellibolt|26\/100\n|-start|p2a: Bellibolt|Charge|Fiery Dance|[from] ability: Electromorphosis\n|\n|-heal|p2a: Bellibolt|32\/100|[from] item: Leftovers\n|-heal|p2b: Oranguru|79\/100|[from] item: Leftovers\n|upkeep\n|turn|3\n|\n|t:|1700320432\n|move|p1a: Sea Urchin|Sucker Punch|p2a: Bellibolt\n|-damage|p2a: Bellibolt|18\/100\n|-start|p2a: Bellibolt|Charge|Sucker Punch|[from] ability: Electromorphosis\n|move|p2a: Bellibolt|Parabolic Charge|p1b: Mecha Mothra|[spread] p1a,p1b\n|-activate|p2b: Oranguru|ability: Telepathy\n|-resisted|p1a: Sea Urchin\n|-damage|p1a: Sea Urchin|20\/100\n|-heal|p2a: Bellibolt|32\/100|[from] drain|[of] p1a: Sea Urchin\n|-damage|p1b: Mecha Mothra|17\/100\n|-heal|p2a: Bellibolt|47\/100|[from] drain|[of] p1b: Mecha Mothra\n|-end|p2a: Bellibolt|Charge|[silent]\n|move|p2b: Oranguru|Instruct|p2a: Bellibolt\n|-singleturn|p2a: Bellibolt|move: Instruct|[of] p2b: Oranguru\n|move|p2a: Bellibolt|Parabolic Charge|p1a: Sea Urchin|[spread] p1a,p1b\n|-activate|p2b: Oranguru|ability: Telepathy\n|-resisted|p1a: Sea Urchin\n|-damage|p1a: Sea Urchin|1\/100\n|-heal|p2a: Bellibolt|54\/100|[from] drain|[of] p1a: Sea Urchin\n|-damage|p1b: Mecha Mothra|0 fnt\n|-heal|p2a: Bellibolt|60\/100|[from] drain|[of] p1b: Mecha Mothra\n|faint|p1b: Mecha Mothra\n|-end|p1b: Mecha Mothra|Quark Drive|[silent]\n|\n|-heal|p2a: Bellibolt|66\/100|[from] item: Leftovers\n|-heal|p2b: Oranguru|85\/100|[from] item: Leftovers\n|upkeep\n|\n|t:|1700320442\n|switch|p1b: Iron Leaves|Iron Leaves|100\/100\n|-activate|p1b: Iron Leaves|ability: Quark Drive\n|-start|p1b: Iron Leaves|quarkdriveatk\n|turn|4\n|\n|t:|1700320462\n|-terastallize|p1b: Iron Leaves|Grass\n|move|p2a: Bellibolt|Protect|p2a: Bellibolt\n|-singleturn|p2a: Bellibolt|Protect\n|move|p1a: Sea Urchin|Memento|p2a: Bellibolt\n|-activate|p2a: Bellibolt|move: Protect\n|move|p2b: Oranguru|Bulldoze|p1b: Iron Leaves|[spread] p1a,p1b\n|-activate|p2a: Bellibolt|move: Protect\n|-supereffective|p1a: Sea Urchin\n|-resisted|p1b: Iron Leaves\n|-damage|p1a: Sea Urchin|0 fnt\n|-damage|p1b: Iron Leaves|96\/100\n|-unboost|p1b: Iron Leaves|spe|1\n|faint|p1a: Sea Urchin\n|move|p1b: Iron Leaves|Psyblade|p2a: Bellibolt\n|-activate|p2a: Bellibolt|move: Protect\n|\n|-heal|p2a: Bellibolt|72\/100|[from] item: Leftovers\n|-heal|p2b: Oranguru|92\/100|[from] item: Leftovers\n|-heal|p1b: Iron Leaves|100\/100|[from] item: Leftovers\n|upkeep\n|\n|t:|1700320477\n|switch|p1a: Iron Valiant|Iron Valiant|100\/100\n|-activate|p1a: Iron Valiant|ability: Quark Drive\n|-start|p1a: Iron Valiant|quarkdrivespe\n|turn|5\n|\n|t:|1700320487\n|move|p2a: Bellibolt|Parabolic Charge|p1b: Iron Leaves|[spread] p1a,p1b\n|-activate|p2b: Oranguru|ability: Telepathy\n|-resisted|p1b: Iron Leaves\n|-damage|p1a: Iron Valiant|43\/100\n|-heal|p2a: Bellibolt|92\/100|[from] drain|[of] p1a: Iron Valiant\n|-damage|p1b: Iron Leaves|86\/100\n|-heal|p2a: Bellibolt|98\/100|[from] drain|[of] p1b: Iron Leaves\n|move|p2b: Oranguru|Instruct|p2a: Bellibolt\n|-singleturn|p2a: Bellibolt|move: Instruct|[of] p2b: Oranguru\n|move|p2a: Bellibolt|Parabolic Charge|p1b: Iron Leaves|[spread] p1a,p1b\n|-activate|p2b: Oranguru|ability: Telepathy\n|-resisted|p1b: Iron Leaves\n|-damage|p1a: Iron Valiant|0 fnt\n|-heal|p2a: Bellibolt|100\/100|[from] drain|[of] p1a: Iron Valiant\n|-damage|p1b: Iron Leaves|70\/100\n|faint|p1a: Iron Valiant\n|-end|p1a: Iron Valiant|Quark Drive|[silent]\n|move|p1b: Iron Leaves|Psyblade|p2a: Bellibolt\n|-damage|p2a: Bellibolt|27\/100\n|-start|p2a: Bellibolt|Charge|Psyblade|[from] ability: Electromorphosis\n|\n|-heal|p2a: Bellibolt|33\/100|[from] item: Leftovers\n|-heal|p2b: Oranguru|98\/100|[from] item: Leftovers\n|-heal|p1b: Iron Leaves|76\/100|[from] item: Leftovers\n|-fieldend|move: Trick Room\n|upkeep\n|\n|t:|1700320493\n|switch|p1a: Mecha Ghidorah|Iron Jugulis|100\/100\n|-activate|p1a: Mecha Ghidorah|ability: Quark Drive\n|-start|p1a: Mecha Ghidorah|quarkdrivespe\n|turn|6\n|\n|t:|1700320522\n|move|p1a: Mecha Ghidorah|Tailwind|p1a: Mecha Ghidorah\n|-sidestart|p1: LooneyTunesShow|move: Tailwind\n|move|p1b: Iron Leaves|X-Scissor|p2b: Oranguru\n|-supereffective|p2b: Oranguru\n|-damage|p2b: Oranguru|25\/100\n|move|p2b: Oranguru|Instruct|p2a: Bellibolt\n|-singleturn|p2a: Bellibolt|move: Instruct|[of] p2b: Oranguru\n|move|p2a: Bellibolt|Parabolic Charge|p1a: Mecha Ghidorah|[spread] p1a,p1b\n|-activate|p2b: Oranguru|ability: Telepathy\n|-supereffective|p1a: Mecha Ghidorah\n|-resisted|p1b: Iron Leaves\n|-crit|p1b: Iron Leaves\n|-damage|p1a: Mecha Ghidorah|0 fnt\n|-heal|p2a: Bellibolt|73\/100|[from] drain|[of] p1a: Mecha Ghidorah\n|-damage|p1b: Iron Leaves|30\/100\n|-heal|p2a: Bellibolt|90\/100|[from] drain|[of] p1b: Iron Leaves\n|faint|p1a: Mecha Ghidorah\n|-end|p1a: Mecha Ghidorah|Quark Drive|[silent]\n|-end|p2a: Bellibolt|Charge|[silent]\n|move|p2a: Bellibolt|Parabolic Charge|p1b: Iron Leaves|[spread] p1b\n|-activate|p2b: Oranguru|ability: Telepathy\n|-resisted|p1b: Iron Leaves\n|-damage|p1b: Iron Leaves|16\/100\n|-heal|p2a: Bellibolt|96\/100|[from] drain|[of] p1b: Iron Leaves\n|\n|-heal|p1b: Iron Leaves|22\/100|[from] item: Leftovers\n|-heal|p2b: Oranguru|31\/100|[from] item: Leftovers\n|-heal|p2a: Bellibolt|100\/100|[from] item: Leftovers\n|upkeep\n|\n|t:|1700320532\n|switch|p1a: Robot Delivery|Iron Bundle|100\/100\n|-activate|p1a: Robot Delivery|ability: Quark Drive\n|-start|p1a: Robot Delivery|quarkdrivespe\n|turn|7\n|-message|LooneyTunesShow forfeited.\n|\n|win|FlaringFox64\n|raw|LooneyTunesShow's rating: 1055 &rarr; <strong>1035<\/strong><br \/>(-20 for losing)\n|raw|FlaringFox64's rating: 1023 &rarr; <strong>1063<\/strong><br \/>(+40 for winning)\n|l|\u2606LooneyTunesShow\n","uploadtime":1700320556,"views":20,"p1id":"looneytunesshow","p2id":"flaringfox64","formatid":"gen9doublesou","rating":1035,"private":0,"password":""}