{"id":"gen9doublesou-1988990301","p1":"ahnscb","p2":"imhighafbruh","format":"[Gen 9] Doubles OU","log":"|j|\u2606ahnscb\n|j|\u2606imhighafbruh\n|t:|1699799206\n|gametype|doubles\n|player|p1|ahnscb|101|1235\n|player|p2|imhighafbruh|102|1247\n|teamsize|p1|6\n|teamsize|p2|6\n|gen|9\n|tier|[Gen 9] Doubles OU\n|rated|\n|rule|Species Clause: Limit one of each Pok\u00e9mon\n|rule|OHKO Clause: OHKO moves are banned\n|rule|Evasion Moves Clause: Evasion moves are banned\n|rule|Gravity Sleep Clause: The combination of sleep-inducing moves with imperfect accuracy and Gravity or Gigantamax Orbeetle are banned\n|rule|Endless Battle Clause: Forcing endless battles is banned\n|rule|HP Percentage Mod: HP is shown in percentages\n|clearpoke\n|poke|p1|Snorlax, F|\n|poke|p1|Sinistcha|\n|poke|p1|Kommo-o, M|\n|poke|p1|Landorus-Therian, M|\n|poke|p1|Iron Hands|\n|poke|p1|Clefairy, M|\n|poke|p2|Raichu, M|\n|poke|p2|Flutter Mane|\n|poke|p2|Roaring Moon|\n|poke|p2|Torkoal, M|\n|poke|p2|Gyarados, M|\n|poke|p2|Noivern, M|\n|teampreview\n|inactive|Battle timer is ON: inactive players will automatically lose when time's up. (requested by ahnscb)\n|\n|t:|1699799217\n|start\n|switch|p1a: Snorlax|Snorlax, F, shiny|100\/100\n|switch|p1b: Sinistcha|Sinistcha|100\/100\n|switch|p2a: Torkoal|Torkoal, M|100\/100\n|switch|p2b: Flutter Mane|Flutter Mane|100\/100\n|-weather|SunnyDay|[from] ability: Drought|[of] p2a: Torkoal\n|-activate|p2b: Flutter Mane|ability: Protosynthesis\n|-start|p2b: Flutter Mane|protosynthesisspe\n|turn|1\n|inactive|ahnscb has 120 seconds left.\n|inactive|imhighafbruh has 120 seconds left.\n|\n|t:|1699799249\n|move|p2a: Torkoal|Helping Hand|p2b: Flutter Mane\n|-singleturn|p2b: Flutter Mane|Helping Hand|[of] p2a: Torkoal\n|move|p2b: Flutter Mane|Dazzling Gleam|p1b: Sinistcha|[spread] p1a,p1b\n|-damage|p1a: Snorlax|55\/100\n|-damage|p1b: Sinistcha|34\/100\n|move|p1a: Snorlax|Belly Drum|p1a: Snorlax\n|-damage|p1a: Snorlax|5\/100\n|-setboost|p1a: Snorlax|atk|6|[from] move: Belly Drum\n|-enditem|p1a: Snorlax|Sitrus Berry|[eat]\n|-heal|p1a: Snorlax|30\/100|[from] item: Sitrus Berry\n|move|p1b: Sinistcha|Trick Room|p1b: Sinistcha\n|-fieldstart|move: Trick Room|[of] p1b: Sinistcha\n|\n|-weather|SunnyDay|[upkeep]\n|upkeep\n|turn|2\n|inactive|ahnscb has 120 seconds left.\n|\n|t:|1699799275\n|switch|p1b: Landorus|Landorus-Therian, M|100\/100\n|-ability|p1b: Landorus|Intimidate|boost\n|-unboost|p2a: Torkoal|atk|1\n|-unboost|p2b: Flutter Mane|atk|1\n|move|p2a: Torkoal|Heat Wave|p1b: Landorus|[spread] p1a,p1b\n|-damage|p1a: Snorlax|19\/100\n|-damage|p1b: Landorus|72\/100\n|move|p1a: Snorlax|Earthquake|p2a: Torkoal|[spread] p2a,p2b\n|-immune|p1b: Landorus\n|-supereffective|p2a: Torkoal\n|-crit|p2b: Flutter Mane\n|-damage|p2a: Torkoal|0 fnt\n|-damage|p2b: Flutter Mane|0 fnt\n|faint|p2a: Torkoal\n|faint|p2b: Flutter Mane\n|-end|p2b: Flutter Mane|Protosynthesis|[silent]\n|\n|-weather|SunnyDay|[upkeep]\n|upkeep\n|\n|t:|1699799293\n|switch|p2a: Raichu|Raichu, M|100\/100\n|switch|p2b: Gyarados|Gyarados, M|100\/100\n|-ability|p2b: Gyarados|Intimidate|boost\n|-unboost|p1a: Snorlax|atk|1\n|-unboost|p1b: Landorus|atk|1\n|turn|3\n|\n|t:|1699799319\n|move|p2a: Raichu|Fake Out|p1a: Snorlax\n|-damage|p1a: Snorlax|13\/100\n|cant|p1a: Snorlax|flinch\n|move|p2b: Gyarados|Ice Fang|p1b: Landorus\n|-supereffective|p1b: Landorus\n|-damage|p1b: Landorus|0 fnt\n|faint|p1b: Landorus\n|-damage|p2b: Gyarados|91\/100|[from] item: Life Orb\n|\n|-weather|SunnyDay|[upkeep]\n|upkeep\n|inactive|ahnscb has 120 seconds left.\n|\n|t:|1699799336\n|switch|p1b: Clefairy|Clefairy, M|100\/100\n|turn|4\n|\n|t:|1699799352\n|-terastallize|p2a: Raichu|Flying\n|move|p1a: Snorlax|Rock Slide|p2b: Gyarados|[spread] p2a,p2b\n|-supereffective|p2a: Raichu\n|-supereffective|p2b: Gyarados\n|-damage|p2a: Raichu|0 fnt\n|-damage|p2b: Gyarados|0 fnt\n|faint|p2a: Raichu\n|faint|p2b: Gyarados\n|move|p1b: Clefairy|Heal Pulse|p1a: Snorlax\n|-heal|p1a: Snorlax|63\/100\n|\n|-weather|SunnyDay|[upkeep]\n|upkeep\n|\n|t:|1699799359\n|switch|p2b: Roaring Moon|Roaring Moon|100\/100\n|switch|p2a: Noivern|Noivern, M|100\/100\n|-activate|p2b: Roaring Moon|ability: Protosynthesis\n|-start|p2b: Roaring Moon|protosynthesisatk\n|-item|p1b: Clefairy|Eviolite|[from] ability: Frisk|[of] p2a: Noivern|[identify]\n|turn|5\n|\n|t:|1699799374\n|move|p1b: Clefairy|Helping Hand|p1a: Snorlax\n|-singleturn|p1a: Snorlax|Helping Hand|[of] p1b: Clefairy\n|move|p1a: Snorlax|Rock Slide|p2a: Noivern|[spread] p2a,p2b\n|-supereffective|p2a: Noivern\n|-damage|p2a: Noivern|0 fnt\n|-damage|p2b: Roaring Moon|0 fnt\n|faint|p2a: Noivern\n|faint|p2b: Roaring Moon\n|-end|p2b: Roaring Moon|Protosynthesis|[silent]\n|\n|win|ahnscb\n|raw|ahnscb's rating: 1235 &rarr; <strong>1261<\/strong><br \/>(+26 for winning)\n|raw|imhighafbruh's rating: 1247 &rarr; <strong>1221<\/strong><br \/>(-26 for losing)\n","uploadtime":1699799384,"views":15,"p1id":"ahnscb","p2id":"imhighafbruh","formatid":"gen9doublesou","rating":1221,"private":0,"password":""}