{"id":"gen9doublesou-1981974360","p1":"mikeyuwu","p2":"cgtuh.ocgoj\u201dfyxtg9","format":"[Gen 9] Doubles OU","log":"|j|\u2606mikeyuwu\n|j|\u2606cgtuh.ocgoj\u201dfyxtg9\n|t:|1698956260\n|gametype|doubles\n|player|p1|mikeyuwu|psychic-gen4|1135\n|player|p2|cgtuh.ocgoj\u201dfyxtg9|266|1201\n|teamsize|p1|6\n|teamsize|p2|6\n|gen|9\n|tier|[Gen 9] Doubles OU\n|rated|\n|rule|Species Clause: Limit one of each Pok\u00e9mon\n|rule|OHKO Clause: OHKO moves are banned\n|rule|Evasion Moves Clause: Evasion moves are banned\n|rule|Gravity Sleep Clause: The combination of sleep-inducing moves with imperfect accuracy and Gravity or Gigantamax Orbeetle are banned\n|rule|Endless Battle Clause: Forcing endless battles is banned\n|rule|HP Percentage Mod: HP is shown in percentages\n|clearpoke\n|poke|p1|Garchomp, M|\n|poke|p1|Tyranitar, F|\n|poke|p1|Vaporeon, F|\n|poke|p1|Toxicroak, M|\n|poke|p1|Pelipper, F|\n|poke|p1|Abomasnow, M|\n|poke|p2|Talonflame, M|\n|poke|p2|Meowscarada, M|\n|poke|p2|Shiftry, M|\n|poke|p2|Dragonite, F|\n|poke|p2|Ribombee, F|\n|poke|p2|Brambleghast, F|\n|teampreview\n|c|\u2606cgtuh.ocgoj\u201dfyxtg9|glhf\n|\n|t:|1698956279\n|start\n|switch|p1a: OTLHPM|Toxicroak, M|100\/100\n|switch|p1b: Cold Shoulder|Abomasnow, M, shiny|100\/100\n|switch|p2a: wimdy|Talonflame, M|100\/100\n|switch|p2b: wimby|Shiftry, M|100\/100\n|-weather|Snow|[from] ability: Snow Warning|[of] p1b: Cold Shoulder\n|turn|1\n|\n|t:|1698956289\n|switch|p1a: Weather War|Pelipper, F|100\/100\n|-weather|RainDance|[from] ability: Drizzle|[of] p1a: Weather War\n|move|p2a: wimdy|Tailwind|p2a: wimdy\n|-sidestart|p2: cgtuh.ocgoj\u201dfyxtg9|move: Tailwind\n|-ability|p2b: wimby|Wind Rider|boost\n|-boost|p2b: wimby|atk|1\n|move|p2b: wimby|Rock Slide|p1b: Cold Shoulder|[spread] p1a,p1b\n|-supereffective|p1a: Weather War\n|-supereffective|p1b: Cold Shoulder\n|-damage|p1a: Weather War|56\/100\n|-damage|p1b: Cold Shoulder|51\/100\n|move|p1b: Cold Shoulder|Weather Ball|p2a: wimdy\n|-supereffective|p2a: wimdy\n|-damage|p2a: wimdy|12\/100\n|\n|-weather|RainDance|[upkeep]\n|upkeep\n|turn|2\n|\n|t:|1698956308\n|switch|p1a: OTLHPM|Toxicroak, M|100\/100\n|switch|p1b: Extra Spicy|Garchomp, M|100\/100\n|move|p2a: wimdy|U-turn|p1b: Extra Spicy\n|-damage|p1b: Extra Spicy|92\/100\n|-damage|p2a: wimdy|0 fnt|[from] ability: Rough Skin|[of] p1b: Extra Spicy\n|faint|p2a: wimdy\n|move|p2b: wimby|Rock Slide|p1a: OTLHPM|[spread] p1a,p1b\n|-resisted|p1a: OTLHPM\n|-resisted|p1b: Extra Spicy\n|-damage|p1a: OTLHPM|82\/100\n|-damage|p1b: Extra Spicy|85\/100\n|\n|-weather|RainDance|[upkeep]\n|-heal|p1a: OTLHPM|95\/100|[from] ability: Dry Skin\n|-heal|p1a: OTLHPM|100\/100|[from] item: Black Sludge\n|upkeep\n|\n|t:|1698956329\n|switch|p2a: palm tree|Dragonite, F, shiny|100\/100\n|turn|3\n|\n|t:|1698956354\n|switch|p1b: Weather War|Pelipper, F|56\/100\n|move|p2b: wimby|Knock Off|p1a: OTLHPM\n|-resisted|p1a: OTLHPM\n|-damage|p1a: OTLHPM|54\/100\n|-enditem|p1a: OTLHPM|Black Sludge|[from] move: Knock Off|[of] p2b: wimby\n|move|p2a: palm tree|Ice Spinner|p1b: Weather War\n|-damage|p1b: Weather War|33\/100\n|move|p1a: OTLHPM|Poison Jab|p2b: wimby\n|-supereffective|p2b: wimby\n|-damage|p2b: wimby|0 fnt\n|faint|p2b: wimby\n|\n|-weather|RainDance|[upkeep]\n|-heal|p1a: OTLHPM|66\/100|[from] ability: Dry Skin\n|upkeep\n|\n|t:|1698956376\n|switch|p2b: wimbdy|Brambleghast, F|100\/100\n|-ability|p2b: wimbdy|Wind Rider|boost\n|-boost|p2b: wimbdy|atk|1\n|turn|4\n|\n|t:|1698956410\n|switch|p1b: Extra Spicy|Garchomp, M|85\/100\n|-terastallize|p2a: palm tree|Normal\n|move|p2a: palm tree|Extreme Speed|p1a: OTLHPM\n|-damage|p1a: OTLHPM|0 fnt\n|faint|p1a: OTLHPM\n|move|p2b: wimbdy|Poltergeist|p1b: Extra Spicy\n|-activate|p1b: Extra Spicy|move: Poltergeist|Rocky Helmet\n|-damage|p1b: Extra Spicy|40\/100\n|\n|-weather|RainDance|[upkeep]\n|-sideend|p2: cgtuh.ocgoj\u201dfyxtg9|move: Tailwind\n|upkeep\n|\n|t:|1698956425\n|switch|p1a: ThcrThnSnkr|Tyranitar, F|100\/100\n|-weather|Sandstorm|[from] ability: Sand Stream|[of] p1a: ThcrThnSnkr\n|turn|5\n|\n|t:|1698956447\n|move|p2a: palm tree|Extreme Speed|p1b: Extra Spicy\n|-damage|p1b: Extra Spicy|14\/100\n|-damage|p2a: palm tree|88\/100|[from] ability: Rough Skin|[of] p1b: Extra Spicy\n|-damage|p2a: palm tree|72\/100|[from] item: Rocky Helmet|[of] p1b: Extra Spicy\n|move|p2b: wimbdy|Power Whip|p1a: ThcrThnSnkr|[miss]\n|-miss|p2b: wimbdy|p1a: ThcrThnSnkr\n|move|p1b: Extra Spicy|Brick Break|p2a: palm tree\n|-supereffective|p2a: palm tree\n|-damage|p2a: palm tree|20\/100\n|move|p1a: ThcrThnSnkr|Knock Off|p2b: wimbdy\n|-supereffective|p2b: wimbdy\n|-enditem|p2b: wimbdy|Focus Sash\n|-damage|p2b: wimbdy|1\/100\n|\n|-weather|Sandstorm|[upkeep]\n|-damage|p2b: wimbdy|0 fnt|[from] Sandstorm\n|-damage|p2a: palm tree|14\/100|[from] Sandstorm\n|faint|p2b: wimbdy\n|-heal|p2a: palm tree|20\/100|[from] item: Leftovers\n|upkeep\n|\n|t:|1698956456\n|switch|p2b: winby|Ribombee, F|100\/100\n|turn|6\n|\n|t:|1698956466\n|move|p2b: winby|Pollen Puff|p2a: palm tree\n|-heal|p2a: palm tree|70\/100\n|move|p2a: palm tree|Iron Head|p1a: ThcrThnSnkr\n|-supereffective|p1a: ThcrThnSnkr\n|-damage|p1a: ThcrThnSnkr|44\/100\n|move|p1b: Extra Spicy|Brick Break|p2a: palm tree\n|-supereffective|p2a: palm tree\n|-damage|p2a: palm tree|22\/100\n|move|p1a: ThcrThnSnkr|Heavy Slam|p2b: winby\n|-supereffective|p2b: winby\n|-damage|p2b: winby|0 fnt\n|faint|p2b: winby\n|\n|-weather|Sandstorm|[upkeep]\n|-damage|p2a: palm tree|16\/100|[from] Sandstorm\n|-heal|p2a: palm tree|22\/100|[from] item: Leftovers\n|upkeep\n|\n|t:|1698956479\n|switch|p2b: windy|Meowscarada, M|100\/100\n|turn|7\n|\n|t:|1698956490\n|switch|p1a: Harmacy|Vaporeon, F|100\/100\n|move|p2b: windy|Knock Off|p1b: Extra Spicy\n|-start|p2b: windy|typechange|Dark|[from] ability: Protean\n|-damage|p1b: Extra Spicy|0 fnt\n|-damage|p2b: windy|88\/100|[from] ability: Rough Skin|[of] p1b: Extra Spicy\n|-damage|p2b: windy|72\/100|[from] item: Rocky Helmet|[of] p1b: Extra Spicy\n|-enditem|p1b: Extra Spicy|Rocky Helmet|[from] move: Knock Off|[of] p2b: windy\n|faint|p1b: Extra Spicy\n|move|p2a: palm tree|Iron Head|p1a: Harmacy\n|-resisted|p1a: Harmacy\n|-damage|p1a: Harmacy|89\/100\n|\n|-weather|Sandstorm|[upkeep]\n|-damage|p2b: windy|66\/100|[from] Sandstorm\n|-damage|p2a: palm tree|16\/100|[from] Sandstorm\n|-damage|p1a: Harmacy|83\/100|[from] Sandstorm\n|-heal|p2a: palm tree|22\/100|[from] item: Leftovers\n|-heal|p1a: Harmacy|89\/100|[from] item: Leftovers\n|upkeep\n|\n|t:|1698956501\n|switch|p1b: Cold Shoulder|Abomasnow, M, shiny|51\/100\n|-weather|Snow|[from] ability: Snow Warning|[of] p1b: Cold Shoulder\n|turn|8\n|\n|t:|1698956516\n|-terastallize|p1a: Harmacy|Steel\n|move|p2b: windy|Knock Off|p1a: Harmacy\n|-damage|p1a: Harmacy|57\/100\n|-enditem|p1a: Harmacy|Leftovers|[from] move: Knock Off|[of] p2b: windy\n|move|p2a: palm tree|Iron Head|p1b: Cold Shoulder\n|-supereffective|p1b: Cold Shoulder\n|-damage|p1b: Cold Shoulder|13\/100\n|move|p1b: Cold Shoulder|Blizzard|p2b: windy|[spread] p2a,p2b\n|-damage|p2a: palm tree|0 fnt\n|-damage|p2b: windy|16\/100\n|faint|p2a: palm tree\n|move|p1a: Harmacy|Icy Wind|p2b: windy\n|-damage|p2b: windy|0 fnt\n|faint|p2b: windy\n|\n|win|mikeyuwu\n|raw|mikeyuwu's rating: 1135 &rarr; <strong>1165<\/strong><br \/>(+30 for winning)\n|raw|cgtuh.ocgoj\u201dfyxtg9's rating: 1201 &rarr; <strong>1171<\/strong><br \/>(-30 for losing)\n|c|\u2606cgtuh.ocgoj\u201dfyxtg9|gg\n|c|\u2606mikeyuwu|Gg\n","uploadtime":1698956546,"views":18,"p1id":"mikeyuwu","p2id":"cgtuhocgojfyxtg9","formatid":"gen9doublesou","rating":1165,"private":0,"password":""}