{"id":"gen9doublesou-1970339664","p1":"mrtoy","p2":"FemboyShady","format":"[Gen 9] Doubles OU","log":"|j|\u2606mrtoy\n|j|\u2606FemboyShady\n|inactive|Battle timer is ON: inactive players will automatically lose when time's up.\n|t:|1697629551\n|gametype|doubles\n|player|p1|mrtoy|emmet|\n|player|p2|FemboyShady|marnie-league|\n|teamsize|p1|6\n|teamsize|p2|6\n|gen|9\n|tier|[Gen 9] Doubles OU\n|rated|Tournament battle\n|rule|Species Clause: Limit one of each Pok\u00e9mon\n|rule|OHKO Clause: OHKO moves are banned\n|rule|Evasion Moves Clause: Evasion moves are banned\n|rule|Gravity Sleep Clause: The combination of sleep-inducing moves with imperfect accuracy and Gravity or Gigantamax Orbeetle are banned\n|rule|Endless Battle Clause: Forcing endless battles is banned\n|rule|HP Percentage Mod: HP is shown in percentages\n|clearpoke\n|poke|p1|Girafarig, M|\n|poke|p1|Skuntank, F|\n|poke|p1|Bisharp, M|\n|poke|p1|Fletchling, M|\n|poke|p1|Inteleon, F|\n|poke|p1|Gastrodon, F|\n|poke|p2|Hydreigon, M|\n|poke|p2|Shroomish, M|\n|poke|p2|Sinistea|\n|poke|p2|Psyduck, M|\n|poke|p2|Naclstack, M|\n|poke|p2|Dragonite, M|\n|teampreview\n|j|*Lady Monita \u263d\n|inactive|mrtoy also wants the timer to be on.\n|j| Suspicular\n|j| Carrly 3>\n|inactive|FemboyShady has 120 seconds left.\n|inactive|FemboyShady has 90 seconds left.\n|\n|t:|1697629612\n|start\n|switch|p1a: Fletchling|Fletchling, M|100\/100\n|switch|p1b: Bisharp|Bisharp, M|100\/100\n|switch|p2a: Naclstack|Naclstack, M|100\/100\n|switch|p2b: Sinistea|Sinistea|100\/100\n|turn|1\n|\n|t:|1697629621\n|move|p1a: Fletchling|Taunt|p2b: Sinistea\n|-start|p2b: Sinistea|move: Taunt\n|cant|p2b: Sinistea|move: Taunt|Shell Smash\n|move|p1b: Bisharp|Swords Dance|p1b: Bisharp\n|-boost|p1b: Bisharp|atk|2\n|move|p2a: Naclstack|Body Press|p1b: Bisharp\n|-supereffective|p1b: Bisharp\n|-damage|p1b: Bisharp|52\/100\n|\n|upkeep\n|turn|2\n|j| mezziegamer\n|inactive|FemboyShady has 120 seconds left.\n|\n|t:|1697629679\n|move|p1a: Fletchling|Tailwind|p1a: Fletchling\n|-sidestart|p1: mrtoy|move: Tailwind\n|move|p1b: Bisharp|Iron Head|p2a: Naclstack\n|-supereffective|p2a: Naclstack\n|-damage|p2a: Naclstack|0 fnt\n|faint|p2a: Naclstack\n|move|p2b: Sinistea|Shadow Ball|p1b: Bisharp\n|-resisted|p1b: Bisharp\n|-damage|p1b: Bisharp|37\/100\n|\n|upkeep\n|\n|t:|1697629685\n|switch|p2a: Shroomish|Shroomish, M|100\/100\n|turn|3\n|\n|t:|1697629692\n|switch|p2b: Psyduck|Psyduck, M|100\/100\n|-ability|p2b: Psyduck|Cloud Nine\n|move|p1a: Fletchling|Taunt|p2a: Shroomish\n|-start|p2a: Shroomish|move: Taunt\n|move|p1b: Bisharp|Night Slash|p2b: Psyduck\n|-damage|p2b: Psyduck|0 fnt\n|faint|p2b: Psyduck\n|move|p2a: Shroomish|Drain Punch|p1b: Bisharp\n|-supereffective|p1b: Bisharp\n|-damage|p1b: Bisharp|14\/100\n|\n|upkeep\n|inactive|FemboyShady has 120 seconds left.\n|\n|t:|1697629701\n|switch|p2b: Hydreigon|Hydreigon, M|100\/100\n|turn|4\n|\n|t:|1697629714\n|-terastallize|p1b: Bisharp|Ghost\n|move|p1a: Fletchling|Brave Bird|p2a: Shroomish\n|-supereffective|p2a: Shroomish\n|-damage|p2a: Shroomish|50\/100\n|-status|p1a: Fletchling|psn|[from] ability: Effect Spore|[of] p2a: Shroomish\n|-damage|p1a: Fletchling|82\/100 psn|[from] Recoil\n|move|p1b: Bisharp|Iron Head|p2b: Hydreigon\n|-damage|p2b: Hydreigon|4\/100\n|cant|p2b: Hydreigon|flinch\n|move|p2a: Shroomish|Drain Punch|p1b: Bisharp\n|-immune|p1b: Bisharp\n|\n|-damage|p1a: Fletchling|70\/100 psn|[from] psn\n|upkeep\n|turn|5\n|j| iuvo\n|l| iuvo\n|c|\u2606FemboyShady|right\n|inactive|FemboyShady has 120 seconds left.\n|c|\u2606FemboyShady|cba\n|\n|t:|1697629747\n|move|p2b: Hydreigon|Protect|p2b: Hydreigon\n|-singleturn|p2b: Hydreigon|Protect\n|move|p1b: Bisharp|Sucker Punch||[still]\n|-fail|p1b: Bisharp\n|move|p1a: Fletchling|Brave Bird|p2a: Shroomish\n|-supereffective|p2a: Shroomish\n|-damage|p2a: Shroomish|0 fnt\n|faint|p2a: Shroomish\n|-damage|p1a: Fletchling|52\/100 psn|[from] Recoil\n|\n|-damage|p1a: Fletchling|40\/100 psn|[from] psn\n|-sideend|p1: mrtoy|move: Tailwind\n|upkeep\n|inactive|FemboyShady has 120 seconds left.\n|\n|t:|1697629755\n|switch|p2a: Dragonite|Dragonite, M|100\/100\n|turn|6\n|\n|t:|1697629762\n|switch|p2b: Sinistea|Sinistea|100\/100\n|move|p1b: Bisharp|Sucker Punch||[still]\n|-fail|p1b: Bisharp\n|move|p2a: Dragonite|Rock Slide|p1a: Fletchling|[spread] p1a,p1b\n|-supereffective|p1a: Fletchling\n|-damage|p1a: Fletchling|0 fnt\n|-damage|p1b: Bisharp|0 fnt\n|faint|p1a: Fletchling\n|faint|p1b: Bisharp\n|-damage|p2a: Dragonite|91\/100|[from] item: Life Orb\n|\n|upkeep\n|l| Suspicular\n|\n|t:|1697629773\n|switch|p1a: Skuntank|Skuntank, F|100\/100\n|switch|p1b: Inteleon|Inteleon, F|100\/100\n|turn|7\n|\n|t:|1697629794\n|-terastallize|p2a: Dragonite|Normal\n|move|p2a: Dragonite|Extreme Speed|p1b: Inteleon\n|-enditem|p1b: Inteleon|Focus Sash\n|-damage|p1b: Inteleon|1\/100\n|-damage|p2a: Dragonite|81\/100|[from] item: Life Orb\n|move|p1b: Inteleon|Ice Beam|p2a: Dragonite\n|-damage|p2a: Dragonite|47\/100\n|move|p1a: Skuntank|Poison Jab|p2b: Sinistea\n|-resisted|p2b: Sinistea\n|-damage|p2b: Sinistea|50\/100\n|-ability|p2b: Sinistea|Weak Armor|boost\n|-unboost|p2b: Sinistea|def|1\n|-boost|p2b: Sinistea|spe|2\n|move|p2b: Sinistea|Shell Smash|p2b: Sinistea\n|-unboost|p2b: Sinistea|def|1\n|-unboost|p2b: Sinistea|spd|1\n|-boost|p2b: Sinistea|atk|2\n|-boost|p2b: Sinistea|spa|2\n|-boost|p2b: Sinistea|spe|2\n|\n|upkeep\n|turn|8\n|\n|t:|1697629805\n|move|p2b: Sinistea|Protect|p2b: Sinistea\n|-singleturn|p2b: Sinistea|Protect\n|move|p2a: Dragonite|Extreme Speed|p1b: Inteleon\n|-damage|p1b: Inteleon|0 fnt\n|faint|p1b: Inteleon\n|-damage|p2a: Dragonite|37\/100|[from] item: Life Orb\n|move|p1a: Skuntank|Sucker Punch||[still]\n|-fail|p1a: Skuntank\n|\n|upkeep\n|\n|t:|1697629809\n|switch|p1b: Gastrodon|Gastrodon, F|100\/100\n|turn|9\n|\n|t:|1697629819\n|move|p1a: Skuntank|Sucker Punch|p2b: Sinistea\n|-supereffective|p2b: Sinistea\n|-damage|p2b: Sinistea|0 fnt\n|faint|p2b: Sinistea\n|move|p2a: Dragonite|Dragon Dance|p2a: Dragonite\n|-boost|p2a: Dragonite|atk|1\n|-boost|p2a: Dragonite|spe|1\n|move|p1b: Gastrodon|Ice Beam|p2a: Dragonite\n|-damage|p2a: Dragonite|16\/100\n|\n|upkeep\n|\n|t:|1697629822\n|switch|p2b: Hydreigon|Hydreigon, M|4\/100\n|turn|10\n|\n|t:|1697629831\n|move|p2a: Dragonite|Extreme Speed|p1a: Skuntank\n|-damage|p1a: Skuntank|0 fnt\n|faint|p1a: Skuntank\n|-damage|p2a: Dragonite|6\/100|[from] item: Life Orb\n|move|p2b: Hydreigon|Earth Power|p1b: Gastrodon\n|-damage|p1b: Gastrodon|73\/100\n|-damage|p2b: Hydreigon|0 fnt|[from] item: Life Orb\n|faint|p2b: Hydreigon\n|move|p1b: Gastrodon|Ice Beam|p2a: Dragonite\n|-damage|p2a: Dragonite|0 fnt\n|faint|p2a: Dragonite\n|\n|win|mrtoy\n|n|\u2606mrtoy|mrtoy\n|n|\u2606FemboyShady|femboyshady\n|n|*Lady Monita \u263d|ladymonita\n|n| Carrly 3>|carrly3\n|n| mezziegamer|mezziegamer\n","uploadtime":1697629832,"views":9,"p1id":"mrtoy","p2id":"femboyshady","formatid":"gen9doublesou","rating":0,"private":0,"password":""}