{"id":"gen9doublesou-1969692750","p1":"TLMeg","p2":"oceanofmemes","format":"[Gen 9] Doubles OU","log":"|j|\u2606TLMeg\n|j|\u2606oceanofmemes\n|t:|1697558130\n|gametype|doubles\n|player|p1|TLMeg|n|1136\n|player|p2|oceanofmemes|fisherman|1182\n|teamsize|p1|6\n|teamsize|p2|6\n|gen|9\n|tier|[Gen 9] Doubles OU\n|rated|\n|rule|Species Clause: Limit one of each Pok\u00e9mon\n|rule|OHKO Clause: OHKO moves are banned\n|rule|Evasion Moves Clause: Evasion moves are banned\n|rule|Gravity Sleep Clause: The combination of sleep-inducing moves with imperfect accuracy and Gravity or Gigantamax Orbeetle are banned\n|rule|Endless Battle Clause: Forcing endless battles is banned\n|rule|HP Percentage Mod: HP is shown in percentages\n|clearpoke\n|poke|p1|Ursaluna, F|\n|poke|p1|Landorus-Therian, M|\n|poke|p1|Oranguru, M|\n|poke|p1|Chien-Pao|\n|poke|p1|Dragonite, M|\n|poke|p1|Mew|\n|poke|p2|Scyther, M|\n|poke|p2|Tyranitar, M|\n|poke|p2|Ursaluna, M|\n|poke|p2|Decidueye-Hisui, F|\n|poke|p2|Toxtricity, M|\n|poke|p2|Typhlosion-Hisui, F|\n|teampreview\n|inactive|Battle timer is ON: inactive players will automatically lose when time's up. (requested by TLMeg)\n|\n|t:|1697558172\n|start\n|switch|p1a: Oranguru|Oranguru, M|100\/100\n|switch|p1b: Landorus|Landorus-Therian, M|100\/100\n|switch|p2a: big boy himself|Scyther, M|100\/100\n|switch|p2b: rawrr|Tyranitar, M, shiny|100\/100\n|-ability|p1b: Landorus|Intimidate|boost\n|-unboost|p2a: big boy himself|atk|1\n|-unboost|p2b: rawrr|atk|1\n|-weather|Sandstorm|[from] ability: Sand Stream|[of] p2b: rawrr\n|turn|1\n|\n|t:|1697558203\n|move|p2a: big boy himself|Lunge|p1a: Oranguru\n|-supereffective|p1a: Oranguru\n|-damage|p1a: Oranguru|43\/100\n|-unboost|p1a: Oranguru|atk|1\n|move|p1b: Landorus|Stealth Rock|p2b: rawrr\n|-sidestart|p2: oceanofmemes|move: Stealth Rock\n|move|p2b: rawrr|Knock Off|p1a: Oranguru\n|-supereffective|p1a: Oranguru\n|-damage|p1a: Oranguru|0 fnt\n|-enditem|p1a: Oranguru|Aguav Berry|[from] move: Knock Off|[of] p2b: rawrr\n|faint|p1a: Oranguru\n|\n|-weather|Sandstorm|[upkeep]\n|-damage|p2a: big boy himself|94\/100|[from] Sandstorm\n|upkeep\n|inactive|TLMeg has 120 seconds left.\n|\n|t:|1697558224\n|switch|p1a: Ursaluna|Ursaluna, F|100\/100\n|turn|2\n|\n|t:|1697558243\n|switch|p2b: dem legs!!|Decidueye-Hisui, F, shiny|100\/100\n|-damage|p2b: dem legs!!|94\/100|[from] Stealth Rock\n|move|p2a: big boy himself|Dual Wingbeat|p1a: Ursaluna\n|-damage|p1a: Ursaluna|87\/100\n|-damage|p1a: Ursaluna|74\/100\n|-hitcount|p1a: Ursaluna|2\n|move|p1b: Landorus|U-turn|p2a: big boy himself\n|-resisted|p2a: big boy himself\n|-damage|p2a: big boy himself|82\/100\n|inactive|TLMeg has 120 seconds left.\n|\n|t:|1697558267\n|switch|p1b: Chien-Pao|Chien-Pao|100\/100|[from] U-turn\n|-ability|p1b: Chien-Pao|Sword of Ruin\n|move|p1a: Ursaluna|Earthquake|p2a: big boy himself|[spread] p1b,p2b\n|-immune|p2a: big boy himself\n|-resisted|p2b: dem legs!!\n|-damage|p1b: Chien-Pao|36\/100\n|-damage|p2b: dem legs!!|61\/100\n|\n|-weather|Sandstorm|[upkeep]\n|-damage|p1b: Chien-Pao|30\/100|[from] Sandstorm\n|-damage|p2a: big boy himself|76\/100|[from] Sandstorm\n|-damage|p2b: dem legs!!|55\/100|[from] Sandstorm\n|-status|p1a: Ursaluna|brn|[from] item: Flame Orb\n|upkeep\n|turn|3\n|inactive|TLMeg has 120 seconds left.\n|\n|t:|1697558295\n|move|p1b: Chien-Pao|Protect|p1b: Chien-Pao\n|-singleturn|p1b: Chien-Pao|Protect\n|move|p2a: big boy himself|Close Combat|p1b: Chien-Pao\n|-activate|p1b: Chien-Pao|move: Protect\n|move|p2b: dem legs!!|Leaf Blade|p1a: Ursaluna\n|-supereffective|p1a: Ursaluna\n|-damage|p1a: Ursaluna|10\/100 brn\n|move|p1a: Ursaluna|Facade|p2b: dem legs!!\n|-damage|p2b: dem legs!!|0 fnt\n|faint|p2b: dem legs!!\n|\n|-weather|Sandstorm|[upkeep]\n|-damage|p1b: Chien-Pao|24\/100|[from] Sandstorm\n|-damage|p2a: big boy himself|70\/100|[from] Sandstorm\n|-damage|p1a: Ursaluna|4\/100 brn|[from] brn\n|upkeep\n|inactive|oceanofmemes has 120 seconds left.\n|\n|t:|1697558319\n|switch|p2b: rawrr|Tyranitar, M, shiny|100\/100\n|-damage|p2b: rawrr|88\/100|[from] Stealth Rock\n|turn|4\n|inactive|TLMeg has 120 seconds left.\n|\n|t:|1697558340\n|move|p1b: Chien-Pao|Sacred Sword|p2b: rawrr\n|-supereffective|p2b: rawrr\n|-damage|p2b: rawrr|0 fnt\n|faint|p2b: rawrr\n|move|p2a: big boy himself|Tailwind|p2a: big boy himself\n|-sidestart|p2: oceanofmemes|move: Tailwind\n|move|p1a: Ursaluna|Stone Edge|p2a: big boy himself\n|-supereffective|p2a: big boy himself\n|-damage|p2a: big boy himself|0 fnt\n|faint|p2a: big boy himself\n|\n|-weather|Sandstorm|[upkeep]\n|-damage|p1b: Chien-Pao|18\/100|[from] Sandstorm\n|-damage|p1a: Ursaluna|0 fnt|[from] brn\n|faint|p1a: Ursaluna\n|upkeep\n|\n|t:|1697558360\n|switch|p2a: weed smoker|Typhlosion-Hisui, F, shiny|100\/100\n|switch|p2b: fwoggin|Toxtricity, M|100\/100\n|switch|p1a: Dragonite|Dragonite, M|100\/100\n|-damage|p2a: weed smoker|76\/100|[from] Stealth Rock\n|-damage|p2b: fwoggin|88\/100|[from] Stealth Rock\n|turn|5\n|inactive|TLMeg has 120 seconds left.\n|\n|t:|1697558399\n|move|p1a: Dragonite|Extreme Speed|p2b: fwoggin\n|-damage|p2b: fwoggin|0 fnt\n|faint|p2b: fwoggin\n|move|p1b: Chien-Pao|Sucker Punch||[still]\n|-fail|p1b: Chien-Pao\n|move|p2a: weed smoker|Will-O-Wisp|p1a: Dragonite\n|-status|p1a: Dragonite|brn\n|\n|-weather|none\n|-heal|p2a: weed smoker|82\/100|[from] item: Leftovers\n|-damage|p1a: Dragonite|94\/100 brn|[from] brn\n|upkeep\n|\n|t:|1697558407\n|switch|p2b: feddy fazbore|Ursaluna, M, shiny|100\/100\n|-damage|p2b: feddy fazbore|94\/100|[from] Stealth Rock\n|turn|6\n|\n|t:|1697558433\n|move|p1a: Dragonite|Extreme Speed|p2a: weed smoker\n|-immune|p2a: weed smoker\n|move|p2a: weed smoker|Fire Blast|p1b: Chien-Pao\n|-supereffective|p1b: Chien-Pao\n|-damage|p1b: Chien-Pao|0 fnt\n|faint|p1b: Chien-Pao\n|move|p2b: feddy fazbore|Thunder Punch|p1a: Dragonite\n|-damage|p1a: Dragonite|67\/100 brn\n|\n|-heal|p2a: weed smoker|88\/100|[from] item: Leftovers\n|-damage|p1a: Dragonite|61\/100 brn|[from] brn\n|-status|p2b: feddy fazbore|brn|[from] item: Flame Orb\n|upkeep\n|inactive|TLMeg has 120 seconds left.\n|\n|t:|1697558453\n|switch|p1b: Mew|Mew|100\/100\n|turn|7\n|\n|t:|1697558470\n|-terastallize|p2b: feddy fazbore|Normal\n|move|p1a: Dragonite|Extreme Speed|p2b: feddy fazbore\n|-damage|p2b: feddy fazbore|79\/100 brn\n|move|p2a: weed smoker|Shadow Ball|p1b: Mew\n|-supereffective|p1b: Mew\n|-damage|p1b: Mew|38\/100\n|move|p1b: Mew|Surf|p2b: feddy fazbore|[spread] p1a,p2a,p2b\n|-resisted|p1a: Dragonite\n|-supereffective|p2a: weed smoker\n|-damage|p1a: Dragonite|54\/100 brn\n|-damage|p2a: weed smoker|48\/100\n|-damage|p2b: feddy fazbore|65\/100 brn\n|move|p2b: feddy fazbore|Body Slam|p1a: Dragonite\n|-damage|p1a: Dragonite|0 fnt\n|faint|p1a: Dragonite\n|\n|-heal|p2a: weed smoker|54\/100|[from] item: Leftovers\n|-damage|p2b: feddy fazbore|59\/100 brn|[from] brn\n|-sideend|p2: oceanofmemes|move: Tailwind\n|upkeep\n|inactive|TLMeg has 120 seconds left.\n|\n|t:|1697558491\n|switch|p1a: Landorus|Landorus-Therian, M|100\/100\n|-ability|p1a: Landorus|Intimidate|boost\n|-unboost|p2a: weed smoker|atk|1\n|-unboost|p2b: feddy fazbore|atk|1\n|turn|8\n|\n|t:|1697558506\n|move|p1b: Mew|Surf|p2a: weed smoker|[spread] p1a,p2a,p2b\n|-supereffective|p1a: Landorus\n|-supereffective|p2a: weed smoker\n|-damage|p1a: Landorus|69\/100\n|-damage|p2a: weed smoker|9\/100\n|-damage|p2b: feddy fazbore|46\/100 brn\n|move|p2a: weed smoker|Shadow Ball|p1b: Mew\n|-supereffective|p1b: Mew\n|-damage|p1b: Mew|0 fnt\n|faint|p1b: Mew\n|move|p1a: Landorus|Stomping Tantrum|p2a: weed smoker\n|-supereffective|p2a: weed smoker\n|-damage|p2a: weed smoker|0 fnt\n|faint|p2a: weed smoker\n|move|p2b: feddy fazbore|Body Slam|p1a: Landorus\n|-damage|p1a: Landorus|1\/100\n|-enditem|p1a: Landorus|Sitrus Berry|[eat]\n|-heal|p1a: Landorus|26\/100|[from] item: Sitrus Berry\n|\n|-damage|p2b: feddy fazbore|40\/100 brn|[from] brn\n|upkeep\n|turn|9\n|inactive|TLMeg has 120 seconds left.\n|inactive|oceanofmemes has 120 seconds left.\n|\n|t:|1697558561\n|move|p1a: Landorus|Stomping Tantrum|p2b: feddy fazbore\n|-damage|p2b: feddy fazbore|13\/100 brn\n|move|p2b: feddy fazbore|Body Slam|p1a: Landorus\n|-damage|p1a: Landorus|0 fnt\n|faint|p1a: Landorus\n|\n|win|oceanofmemes\n|raw|TLMeg's rating: 1136 &rarr; <strong>1114<\/strong><br \/>(-22 for losing)\n|raw|oceanofmemes's rating: 1182 &rarr; <strong>1204<\/strong><br \/>(+22 for winning)\n|c|\u2606oceanofmemes|ggwp\n|l|\u2606TLMeg\n","uploadtime":1697558575,"views":23,"p1id":"tlmeg","p2id":"oceanofmemes","formatid":"gen9doublesou","rating":1114,"private":0,"password":""}