{"id":"gen9doublesou-1968040473","p1":"Yuri_yaoi_lv","p2":"burkesayshi","format":"[Gen 9] Doubles OU","log":"|html|<div class=\"broadcast-blue\"><strong>[Gen 9] Doubles OU is currently suspecting Basculegion & Flutter Mane! For information on how to participate check out the <a href=\"https:\/\/www.smogon.com\/forums\/threads\/np-sv-dou-stage-8-double-trouble.3729153\/\">suspect thread<\/a>.<\/strong><\/div>\n|j|\u2606Yuri_yaoi_lv\n|j|\u2606burkesayshi\n|t:|1697377719\n|gametype|doubles\n|player|p1|Yuri_yaoi_lv|infielder|\n|player|p2|burkesayshi|169|\n|teamsize|p1|6\n|teamsize|p2|6\n|gen|9\n|tier|[Gen 9] Doubles OU\n|rule|Species Clause: Limit one of each Pok\u00e9mon\n|rule|OHKO Clause: OHKO moves are banned\n|rule|Evasion Moves Clause: Evasion moves are banned\n|rule|Gravity Sleep Clause: The combination of sleep-inducing moves with imperfect accuracy and Gravity or Gigantamax Orbeetle are banned\n|rule|Endless Battle Clause: Forcing endless battles is banned\n|rule|HP Percentage Mod: HP is shown in percentages\n|clearpoke\n|poke|p1|Farigiraf, M|\n|poke|p1|Cresselia, F|\n|poke|p1|Ursaluna, M|\n|poke|p1|Ogerpon-Wellspring, F|\n|poke|p1|Glimmora, F|\n|poke|p1|Clodsire, M|\n|poke|p2|Sinistcha|\n|poke|p2|Torkoal, F|\n|poke|p2|Heatran, M|\n|poke|p2|Iron Moth|\n|poke|p2|Roaring Moon|\n|poke|p2|Murkrow, F|\n|teampreview\n|inactive|Battle timer is ON: inactive players will automatically lose when time's up. (requested by Yuri_yaoi_lv)\n|j| charizardisnice\n|c| charizardisnice|bruh wtf\n|\n|t:|1697377732\n|start\n|switch|p1a: Farigiraf|Farigiraf, M|100\/100\n|switch|p1b: Cresselia|Cresselia, F|100\/100\n|switch|p2a: Murkrow|Murkrow, F|100\/100\n|switch|p2b: Heatran|Heatran, M, shiny|100\/100\n|turn|1\n|\n|t:|1697377754\n|move|p2a: Murkrow|Taunt||[still]\n|cant|p1a: Farigiraf|ability: Armor Tail|Taunt|[of] p2a: Murkrow\n|move|p2b: Heatran|Heat Wave|p1a: Farigiraf|[spread] p1a,p1b\n|-damage|p1a: Farigiraf|60\/100\n|-damage|p1b: Cresselia|73\/100\n|-status|p1b: Cresselia|brn\n|move|p1a: Farigiraf|Substitute|p1a: Farigiraf\n|-start|p1a: Farigiraf|Substitute\n|-damage|p1a: Farigiraf|35\/100\n|move|p1b: Cresselia|Trick Room|p1b: Cresselia\n|-fieldstart|move: Trick Room|[of] p1b: Cresselia\n|\n|-damage|p1b: Cresselia|67\/100 brn|[from] brn\n|upkeep\n|turn|2\n|\n|t:|1697377782\n|switch|p2b: Torkoal|Torkoal, F|100\/100\n|-weather|SunnyDay|[from] ability: Drought|[of] p2b: Torkoal\n|switch|p2a: Sinistcha|Sinistcha|100\/100\n|switch|p1b: Ursaluna|Ursaluna, M|100\/100\n|move|p1a: Farigiraf|Calm Mind|p1a: Farigiraf\n|-boost|p1a: Farigiraf|spa|1\n|-boost|p1a: Farigiraf|spd|1\n|\n|-weather|SunnyDay|[upkeep]\n|-status|p1b: Ursaluna|brn|[from] item: Flame Orb\n|upkeep\n|turn|3\n|c| charizardisnice|eruption incoming\n|c| charizardisnice|!!!!!!\n|\n|t:|1697377807\n|move|p2b: Torkoal|Eruption|p1b: Ursaluna|[spread] p1a,p1b\n|-end|p1a: Farigiraf|Substitute\n|-damage|p1b: Ursaluna|45\/100 brn\n|move|p1b: Ursaluna|Play Rough|p2a: Sinistcha\n|-damage|p2a: Sinistcha|66\/100\n|move|p1a: Farigiraf|Psychic|p2b: Torkoal\n|-damage|p2b: Torkoal|31\/100\n|move|p2a: Sinistcha|Matcha Gotcha|p1a: Farigiraf|[spread] p1b\n|-miss|p2a: Sinistcha|p1a: Farigiraf\n|-supereffective|p1b: Ursaluna\n|-damage|p1b: Ursaluna|5\/100 brn\n|-heal|p2a: Sinistcha|93\/100|[from] drain|[of] p1b: Ursaluna\n|\n|-weather|SunnyDay|[upkeep]\n|-heal|p2a: Sinistcha|99\/100|[from] item: Leftovers\n|-damage|p1b: Ursaluna|0 fnt|[from] brn\n|faint|p1b: Ursaluna\n|upkeep\n|\n|t:|1697377819\n|switch|p1b: Cresselia|Cresselia, F|67\/100 brn\n|turn|4\n|\n|t:|1697377832\n|move|p2b: Torkoal|Protect|p2b: Torkoal\n|-singleturn|p2b: Torkoal|Protect\n|move|p2a: Sinistcha|Protect|p2a: Sinistcha\n|-singleturn|p2a: Sinistcha|Protect\n|move|p1a: Farigiraf|Psychic|p2b: Torkoal\n|-activate|p2b: Torkoal|move: Protect\n|move|p1b: Cresselia|Trick|p2a: Sinistcha\n|-activate|p2a: Sinistcha|move: Protect\n|\n|-weather|SunnyDay|[upkeep]\n|-heal|p2a: Sinistcha|100\/100|[from] item: Leftovers\n|-damage|p1b: Cresselia|61\/100 brn|[from] brn\n|upkeep\n|turn|5\n|inactive|Yuri_yaoi_lv has 270 seconds left.\n|inactive|burkesayshi has 270 seconds left.\n|\n|t:|1697377867\n|switch|p2b: Roaring Moon|Roaring Moon|100\/100\n|-activate|p2b: Roaring Moon|ability: Protosynthesis\n|-start|p2b: Roaring Moon|protosynthesisspe\n|switch|p2a: Iron Moth|Iron Moth|100\/100\n|-enditem|p2a: Iron Moth|Booster Energy\n|-activate|p2a: Iron Moth|ability: Quark Drive|[fromitem]\n|-start|p2a: Iron Moth|quarkdrivespa\n|move|p1a: Farigiraf|Psychic|p2b: Roaring Moon\n|-immune|p2b: Roaring Moon\n|move|p1b: Cresselia|Trick|p2a: Iron Moth\n|-activate|p1b: Cresselia|move: Trick|[of] p2a: Iron Moth\n|-item|p2a: Iron Moth|Choice Scarf|[from] move: Trick\n|-enditem|p1b: Cresselia|Choice Scarf|[silent]|[from] move: Trick\n|\n|-weather|SunnyDay|[upkeep]\n|-damage|p1b: Cresselia|55\/100 brn|[from] brn\n|-fieldend|move: Trick Room\n|upkeep\n|turn|6\n|inactive|burkesayshi has 270 seconds left.\n|\n|t:|1697377900\n|move|p2b: Roaring Moon|Dragon Claw|p1a: Farigiraf\n|-damage|p1a: Farigiraf|0 fnt\n|-damage|p2b: Roaring Moon|84\/100|[from] item: Rocky Helmet|[of] p1a: Farigiraf\n|faint|p1a: Farigiraf\n|-damage|p2b: Roaring Moon|74\/100|[from] item: Life Orb\n|move|p2a: Iron Moth|Fiery Dance|p1b: Cresselia\n|-damage|p1b: Cresselia|0 fnt\n|faint|p1b: Cresselia\n|\n|-weather|none\n|-end|p2b: Roaring Moon|Protosynthesis\n|upkeep\n|\n|t:|1697377906\n|switch|p1b: Ogerpon|Ogerpon-Wellspring, F|100\/100\n|switch|p1a: Glimmora|Glimmora, F|100\/100\n|turn|7\n|inactive|Yuri_yaoi_lv has 270 seconds left.\n|c| charizardisnice|no way\n|c| charizardisnice|6-0?\n|\n|t:|1697377948\n|-terastallize|p2a: Iron Moth|Fire\n|move|p2a: Iron Moth|Fiery Dance|p1b: Ogerpon\n|-damage|p1b: Ogerpon|15\/100\n|-boost|p2a: Iron Moth|spa|1\n|move|p2b: Roaring Moon|Dragon Claw|p1b: Ogerpon\n|-damage|p1b: Ogerpon|0 fnt\n|faint|p1b: Ogerpon\n|-damage|p2b: Roaring Moon|64\/100|[from] item: Life Orb\n|move|p1a: Glimmora|Toxic|p2b: Roaring Moon\n|-status|p2b: Roaring Moon|tox\n|\n|-damage|p2b: Roaring Moon|58\/100 tox|[from] psn\n|upkeep\n|\n|t:|1697377959\n|switch|p1b: Rika|Clodsire, M|100\/100\n|turn|8\n|c| charizardisnice|toxic reverse sweep?\n|\n|t:|1697377973\n|-end|p2b: Roaring Moon|Protosynthesis|[silent]\n|switch|p2b: Murkrow|Murkrow, F|100\/100\n|move|p1b: Rika|Protect|p1b: Rika\n|-singleturn|p1b: Rika|Protect\n|move|p2a: Iron Moth|Fiery Dance|p1a: Glimmora\n|-resisted|p1a: Glimmora\n|-damage|p1a: Glimmora|35\/100\n|move|p1a: Glimmora|Toxic|p2a: Iron Moth\n|-status|p2a: Iron Moth|tox\n|\n|-heal|p1a: Glimmora|42\/100|[from] item: Leftovers\n|-damage|p2a: Iron Moth|95\/100 tox|[from] psn\n|upkeep\n|turn|9\n|inactive|Yuri_yaoi_lv has 270 seconds left.\n|\n|t:|1697378005\n|move|p2b: Murkrow|Taunt|p1b: Rika\n|-start|p1b: Rika|move: Taunt\n|move|p2a: Iron Moth|Fiery Dance|p1a: Glimmora\n|-resisted|p1a: Glimmora\n|-damage|p1a: Glimmora|0 fnt\n|faint|p1a: Glimmora\n|move|p1b: Rika|Chilling Water|p2a: Iron Moth\n|-supereffective|p2a: Iron Moth\n|-damage|p2a: Iron Moth|81\/100 tox\n|-unboost|p2a: Iron Moth|atk|1\n|\n|-damage|p2a: Iron Moth|69\/100 tox|[from] psn\n|upkeep\n|turn|10\n|inactive|Yuri_yaoi_lv has 270 seconds left.\n|c| charizardisnice|geralt is back\n|inactive|Yuri_yaoi_lv has 240 seconds left.\n|\n|t:|1697378061\n|-terastallize|p1b: Rika|Ground\n|move|p2b: Murkrow|Sunny Day|p2b: Murkrow\n|-weather|SunnyDay\n|move|p2a: Iron Moth|Fiery Dance|p1b: Rika\n|-damage|p1b: Rika|9\/100\n|-enditem|p1b: Rika|Wiki Berry|[eat]\n|-heal|p1b: Rika|42\/100|[from] item: Wiki Berry\n|move|p1b: Rika|Chilling Water|p2b: Murkrow\n|-damage|p2b: Murkrow|97\/100\n|-unboost|p2b: Murkrow|atk|1\n|\n|-weather|SunnyDay|[upkeep]\n|-damage|p2a: Iron Moth|51\/100 tox|[from] psn\n|upkeep\n|turn|11\n|\n|t:|1697378076\n|move|p2b: Murkrow|Tailwind|p2b: Murkrow\n|-sidestart|p2: burkesayshi|move: Tailwind\n|move|p2a: Iron Moth|Fiery Dance|p1b: Rika\n|-damage|p1b: Rika|0 fnt\n|-boost|p2a: Iron Moth|spa|1\n|faint|p1b: Rika\n|\n|win|burkesayshi\n","uploadtime":1697378085,"views":22,"p1id":"yuriyaoilv","p2id":"burkesayshi","formatid":"gen9doublesou","rating":0,"private":0,"password":""}