{"id":"gen9doublesou-1974590351","p1":"LaPollaQueTeApoya","p2":"brbrubr","format":"[Gen 9] Doubles OU","log":"|j|\u2606LaPollaQueTeApoya\n|j|\u2606brbrubr\n|t:|1698100315\n|gametype|doubles\n|player|p1|LaPollaQueTeApoya|hiker-gen4|1754\n|player|p2|brbrubr|266|1712\n|teamsize|p1|6\n|teamsize|p2|6\n|gen|9\n|tier|[Gen 9] Doubles OU\n|rated|\n|rule|Species Clause: Limit one of each Pok\u00e9mon\n|rule|OHKO Clause: OHKO moves are banned\n|rule|Evasion Moves Clause: Evasion moves are banned\n|rule|Gravity Sleep Clause: The combination of sleep-inducing moves with imperfect accuracy and Gravity or Gigantamax Orbeetle are banned\n|rule|Endless Battle Clause: Forcing endless battles is banned\n|rule|HP Percentage Mod: HP is shown in percentages\n|clearpoke\n|poke|p1|Chien-Pao|\n|poke|p1|Rillaboom, M|\n|poke|p1|Ursaluna-Bloodmoon, M|\n|poke|p1|Okidogi, M|\n|poke|p1|Toxapex, F|\n|poke|p1|Chandelure, F|\n|poke|p2|Armarouge, F|\n|poke|p2|Ursaluna-Bloodmoon, M|\n|poke|p2|Chi-Yu|\n|poke|p2|Torkoal, M|\n|poke|p2|Brute Bonnet|\n|poke|p2|Indeedee-F, F|\n|teampreview\n|inactive|Battle timer is ON: inactive players will automatically lose when time's up. (requested by LaPollaQueTeApoya)\n|\n|t:|1698100343\n|start\n|switch|p1a: Chien-Pao|Chien-Pao|100\/100\n|switch|p1b: Chandelure|Chandelure, F|100\/100\n|switch|p2a: Indeedee|Indeedee-F, F|100\/100\n|switch|p2b: Armarouge|Armarouge, F, shiny|100\/100\n|-ability|p1a: Chien-Pao|Sword of Ruin\n|-fieldstart|move: Psychic Terrain|[from] ability: Psychic Surge|[of] p2a: Indeedee\n|turn|1\n|\n|t:|1698100370\n|move|p1a: Chien-Pao|Ice Spinner|p2a: Indeedee\n|-damage|p2a: Indeedee|30\/100\n|-fieldend|move: Psychic Terrain\n|move|p1b: Chandelure|Taunt|p2b: Armarouge\n|-start|p2b: Armarouge|move: Taunt\n|move|p2a: Indeedee|Dazzling Gleam|p1b: Chandelure|[spread] p1a,p1b\n|-supereffective|p1a: Chien-Pao\n|-resisted|p1b: Chandelure\n|-damage|p1a: Chien-Pao|55\/100\n|-damage|p1b: Chandelure|91\/100\n|move|p2b: Armarouge|Armor Cannon|p1a: Chien-Pao\n|-supereffective|p1a: Chien-Pao\n|-damage|p1a: Chien-Pao|0 fnt\n|-unboost|p2b: Armarouge|def|1\n|-unboost|p2b: Armarouge|spd|1\n|faint|p1a: Chien-Pao\n|\n|upkeep\n|inactive|LaPollaQueTeApoya has 120 seconds left.\n|\n|t:|1698100408\n|switch|p1a: Ursaluna|Ursaluna-Bloodmoon, M|100\/100\n|turn|2\n|inactive|LaPollaQueTeApoya has 120 seconds left.\n|\n|t:|1698100433\n|switch|p2a: Torkoal|Torkoal, M|100\/100\n|-weather|SunnyDay|[from] ability: Drought|[of] p2a: Torkoal\n|move|p1b: Chandelure|Shadow Ball|p2b: Armarouge\n|-supereffective|p2b: Armarouge\n|-enditem|p2b: Armarouge|Focus Sash\n|-damage|p2b: Armarouge|1\/100\n|move|p1a: Ursaluna|Hyper Voice|p2b: Armarouge|[spread] p2a,p2b\n|-damage|p2a: Torkoal|51\/100\n|-damage|p2b: Armarouge|0 fnt\n|faint|p2b: Armarouge\n|\n|-weather|SunnyDay|[upkeep]\n|upkeep\n|\n|t:|1698100448\n|switch|p2b: Brute Bonnet|Brute Bonnet|100\/100\n|-activate|p2b: Brute Bonnet|ability: Protosynthesis\n|-start|p2b: Brute Bonnet|protosynthesisatk\n|turn|3\n|inactive|LaPollaQueTeApoya has 120 seconds left.\n|\n|t:|1698100484\n|-terastallize|p1a: Ursaluna|Fairy\n|move|p2b: Brute Bonnet|Sucker Punch||[still]\n|-fail|p2b: Brute Bonnet\n|move|p1b: Chandelure|Taunt|p2a: Torkoal\n|-start|p2a: Torkoal|move: Taunt\n|move|p1a: Ursaluna|Moonblast|p2b: Brute Bonnet\n|-supereffective|p2b: Brute Bonnet\n|-damage|p2b: Brute Bonnet|8\/100\n|move|p2a: Torkoal|Heat Wave|p1b: Chandelure|[spread] p1a\n|-start|p1b: Chandelure|ability: Flash Fire\n|-damage|p1a: Ursaluna|53\/100\n|\n|-weather|SunnyDay|[upkeep]\n|upkeep\n|turn|4\n|inactive|LaPollaQueTeApoya has 120 seconds left.\n|\n|t:|1698100508\n|move|p1b: Chandelure|Protect|p1b: Chandelure\n|-singleturn|p1b: Chandelure|Protect\n|move|p2b: Brute Bonnet|Sucker Punch||[still]\n|-fail|p2b: Brute Bonnet\n|move|p1a: Ursaluna|Hyper Voice|p2b: Brute Bonnet|[spread] p2a,p2b\n|-damage|p2a: Torkoal|0 fnt\n|-damage|p2b: Brute Bonnet|0 fnt\n|faint|p2a: Torkoal\n|faint|p2b: Brute Bonnet\n|-end|p2b: Brute Bonnet|Protosynthesis|[silent]\n|\n|-weather|SunnyDay|[upkeep]\n|upkeep\n|\n|t:|1698100520\n|switch|p2b: Ursaluna|Ursaluna-Bloodmoon, M|100\/100\n|switch|p2a: Indeedee|Indeedee-F, F|30\/100\n|-fieldstart|move: Psychic Terrain|[from] ability: Psychic Surge|[of] p2a: Indeedee\n|turn|5\n|\n|t:|1698100528\n|move|p2b: Ursaluna|Protect|p2b: Ursaluna\n|-singleturn|p2b: Ursaluna|Protect\n|move|p1b: Chandelure|Heat Wave|p2b: Ursaluna|[spread] p2a\n|-activate|p2b: Ursaluna|move: Protect\n|-damage|p2a: Indeedee|0 fnt\n|faint|p2a: Indeedee\n|move|p1a: Ursaluna|Hyper Voice|p2b: Ursaluna\n|-activate|p2b: Ursaluna|move: Protect\n|\n|-weather|SunnyDay|[upkeep]\n|upkeep\n|\n|t:|1698100536\n|switch|p2a: Chi-Yu|Chi-Yu|100\/100\n|-ability|p2a: Chi-Yu|Beads of Ruin\n|turn|6\n|\n|t:|1698100556\n|move|p2a: Chi-Yu|Dark Pulse|p1b: Chandelure\n|-supereffective|p1b: Chandelure\n|-damage|p1b: Chandelure|0 fnt\n|faint|p1b: Chandelure\n|move|p1a: Ursaluna|Moonblast|p2b: Ursaluna\n|-damage|p2b: Ursaluna|24\/100\n|move|p2b: Ursaluna|Blood Moon|p1a: Ursaluna\n|-damage|p1a: Ursaluna|0 fnt\n|faint|p1a: Ursaluna\n|\n|-weather|none\n|-heal|p2b: Ursaluna|30\/100|[from] item: Leftovers\n|upkeep\n|inactive|LaPollaQueTeApoya has 120 seconds left.\n|\n|t:|1698100574\n|switch|p1b: Rillaboom|Rillaboom, M|100\/100\n|switch|p1a: Okidogi|Okidogi, M|100\/100\n|-fieldstart|move: Grassy Terrain|[from] ability: Grassy Surge|[of] p1b: Rillaboom\n|turn|7\n|\n|t:|1698100591\n|move|p2a: Chi-Yu|Protect|p2a: Chi-Yu\n|-singleturn|p2a: Chi-Yu|Protect\n|move|p2b: Ursaluna|Protect|p2b: Ursaluna\n|-singleturn|p2b: Ursaluna|Protect\n|move|p1b: Rillaboom|Grassy Glide|p2a: Chi-Yu\n|-activate|p2a: Chi-Yu|move: Protect\n|move|p1a: Okidogi|Drain Punch|p2a: Chi-Yu\n|-activate|p2a: Chi-Yu|move: Protect\n|\n|-heal|p2b: Ursaluna|37\/100|[from] Grassy Terrain\n|-heal|p2b: Ursaluna|43\/100|[from] item: Leftovers\n|upkeep\n|turn|8\n|\n|t:|1698100619\n|-terastallize|p2a: Chi-Yu|Fire\n|move|p1b: Rillaboom|Grassy Glide|p2b: Ursaluna\n|-supereffective|p2b: Ursaluna\n|-damage|p2b: Ursaluna|0 fnt\n|faint|p2b: Ursaluna\n|move|p2a: Chi-Yu|Heat Wave|p1a: Okidogi|[spread] p1a,p1b\n|-supereffective|p1b: Rillaboom\n|-damage|p1a: Okidogi|56\/100\n|-damage|p1b: Rillaboom|0 fnt\n|faint|p1b: Rillaboom\n|move|p1a: Okidogi|Drain Punch|p2a: Chi-Yu\n|-damage|p2a: Chi-Yu|32\/100\n|-heal|p1a: Okidogi|78\/100|[from] drain|[of] p2a: Chi-Yu\n|\n|-heal|p2a: Chi-Yu|38\/100|[from] Grassy Terrain\n|-heal|p1a: Okidogi|84\/100|[from] Grassy Terrain\n|upkeep\n|inactive|LaPollaQueTeApoya has 120 seconds left.\n|\n|t:|1698100634\n|switch|p1b: Toxapex|Toxapex, F|100\/100\n|turn|9\n|\n|t:|1698100641\n|move|p1b: Toxapex|Wide Guard|p1b: Toxapex\n|-singleturn|p1b: Toxapex|Wide Guard\n|move|p2a: Chi-Yu|Heat Wave|p1a: Okidogi|[spread] \n|-activate|p1a: Okidogi|move: Wide Guard\n|-activate|p1b: Toxapex|move: Wide Guard\n|move|p1a: Okidogi|Drain Punch|p2a: Chi-Yu\n|-damage|p2a: Chi-Yu|0 fnt\n|-heal|p1a: Okidogi|97\/100|[from] drain|[of] p2a: Chi-Yu\n|faint|p2a: Chi-Yu\n|\n|win|LaPollaQueTeApoya\n|raw|LaPollaQueTeApoya's rating: 1754 &rarr; <strong>1772<\/strong><br \/>(+18 for winning)\n|raw|brbrubr's rating: 1712 &rarr; <strong>1694<\/strong><br \/>(-18 for losing)\n|l|\u2606brbrubr\n","uploadtime":1698100686,"views":16,"p1id":"lapollaqueteapoya","p2id":"brbrubr","formatid":"gen9doublesou","rating":1694,"private":0,"password":""}