{"id":"gen9doublesou-1982411446","p1":"Benman209","p2":"Trickroom4dumies","format":"[Gen 9] Doubles OU","log":"|j|\u2606Benman209\n|j|\u2606Trickroom4dumies\n|t:|1699011508\n|gametype|doubles\n|player|p1|Benman209|1|1694\n|player|p2|Trickroom4dumies|hexmaniac-gen3|1735\n|teamsize|p1|6\n|teamsize|p2|6\n|gen|9\n|tier|[Gen 9] Doubles OU\n|rated|\n|rule|Species Clause: Limit one of each Pok\u00e9mon\n|rule|OHKO Clause: OHKO moves are banned\n|rule|Evasion Moves Clause: Evasion moves are banned\n|rule|Gravity Sleep Clause: The combination of sleep-inducing moves with imperfect accuracy and Gravity or Gigantamax Orbeetle are banned\n|rule|Endless Battle Clause: Forcing endless battles is banned\n|rule|HP Percentage Mod: HP is shown in percentages\n|clearpoke\n|poke|p1|Grimmsnarl, M|\n|poke|p1|Landorus-Therian, M|\n|poke|p1|Okidogi, M|\n|poke|p1|Empoleon, M|\n|poke|p1|Wo-Chien|\n|poke|p1|Sinistcha|\n|poke|p2|Dragapult, M|\n|poke|p2|Dusclops, M|\n|poke|p2|Ursaluna-Bloodmoon, M|\n|poke|p2|Ogerpon-Wellspring, F|\n|poke|p2|Diancie|\n|poke|p2|Sinistcha-Masterpiece|\n|teampreview\n|c|\u2606Benman209|not the dog\n|c|\u2606Trickroom4dumies|NO, no more dog\n|\n|t:|1699011549\n|start\n|switch|p1a: Grimmsnarl|Grimmsnarl, M|100\/100\n|switch|p1b: Wo-Chien|Wo-Chien|100\/100\n|switch|p2a: Dragapult|Dragapult, M, shiny|100\/100\n|switch|p2b: Dusclops|Dusclops, M|100\/100\n|-ability|p1b: Wo-Chien|Tablets of Ruin\n|-item|p1a: Grimmsnarl|Light Clay|[from] ability: Frisk|[of] p2b: Dusclops|[identify]\n|-item|p1b: Wo-Chien|Leftovers|[from] ability: Frisk|[of] p2b: Dusclops|[identify]\n|turn|1\n|c|\u2606Benman209|it's time for the snail\n|\n|t:|1699011579\n|switch|p2a: Ursaluna|Ursaluna-Bloodmoon, M|100\/100\n|-terastallize|p1b: Wo-Chien|Ghost\n|move|p1a: Grimmsnarl|Reflect|p1a: Grimmsnarl\n|-sidestart|p1: Benman209|Reflect\n|move|p1b: Wo-Chien|Leech Seed|p2a: Ursaluna\n|-start|p2a: Ursaluna|move: Leech Seed\n|move|p2b: Dusclops|Trick Room|p2b: Dusclops\n|-fieldstart|move: Trick Room|[of] p2b: Dusclops\n|\n|-damage|p2a: Ursaluna|88\/100|[from] Leech Seed|[of] p1b: Wo-Chien\n|upkeep\n|turn|2\n|\n|t:|1699011614\n|move|p1a: Grimmsnarl|Parting Shot|p2a: Ursaluna\n|-unboost|p2a: Ursaluna|atk|1\n|-unboost|p2a: Ursaluna|spa|1\n|\n|t:|1699011621\n|switch|p1a: Sinistcha|Sinistcha|100\/100|[from] Parting Shot\n|move|p2b: Dusclops|Brick Break|p2a: Ursaluna\n|-supereffective|p2a: Ursaluna\n|-damage|p2a: Ursaluna|75\/100\n|-enditem|p2a: Ursaluna|Weakness Policy\n|-boost|p2a: Ursaluna|atk|2|[from] item: Weakness Policy\n|-boost|p2a: Ursaluna|spa|2|[from] item: Weakness Policy\n|move|p2a: Ursaluna|Hyper Voice|p1a: Sinistcha|[spread] p1a,p1b\n|-damage|p1a: Sinistcha|27\/100\n|-damage|p1b: Wo-Chien|67\/100\n|-enditem|p1a: Sinistcha|Sitrus Berry|[eat]\n|-heal|p1a: Sinistcha|52\/100|[from] item: Sitrus Berry\n|move|p1b: Wo-Chien|Leech Seed|p2b: Dusclops\n|-start|p2b: Dusclops|move: Leech Seed\n|\n|-heal|p1b: Wo-Chien|73\/100|[from] item: Leftovers\n|-damage|p2b: Dusclops|88\/100|[from] Leech Seed|[of] p1b: Wo-Chien\n|-heal|p1b: Wo-Chien|81\/100|[silent]\n|-damage|p2a: Ursaluna|63\/100|[from] Leech Seed|[of] p1b: Wo-Chien\n|-heal|p1b: Wo-Chien|95\/100|[silent]\n|upkeep\n|turn|3\n|\n|t:|1699011656\n|switch|p1a: Empoleon|Empoleon, M|100\/100\n|move|p2b: Dusclops|Brick Break|p1a: Empoleon\n|-sideend|p1: Benman209|Reflect\n|-supereffective|p1a: Empoleon\n|-damage|p1a: Empoleon|80\/100\n|move|p2a: Ursaluna|Hyper Voice|p1b: Wo-Chien|[spread] p1a,p1b\n|-resisted|p1a: Empoleon\n|-damage|p1a: Empoleon|60\/100\n|-damage|p1b: Wo-Chien|60\/100\n|move|p1b: Wo-Chien|Pollen Puff|p1a: Empoleon\n|-heal|p1a: Empoleon|100\/100\n|\n|-heal|p1b: Wo-Chien|67\/100|[from] item: Leftovers\n|-damage|p2b: Dusclops|75\/100|[from] Leech Seed|[of] p1b: Wo-Chien\n|-heal|p1b: Wo-Chien|74\/100|[silent]\n|-damage|p2a: Ursaluna|50\/100|[from] Leech Seed|[of] p1b: Wo-Chien\n|-heal|p1b: Wo-Chien|88\/100|[silent]\n|upkeep\n|turn|4\n|\n|t:|1699011717\n|switch|p2b: Sinistcha|Sinistcha-Masterpiece, shiny|100\/100\n|switch|p1a: Sinistcha|Sinistcha|52\/100\n|-heal|p1b: Wo-Chien|100\/100|[from] ability: Hospitality|[of] p1a: Sinistcha\n|move|p2a: Ursaluna|Hyper Voice|p1b: Wo-Chien|[spread] p1a,p1b\n|-damage|p1a: Sinistcha|0 fnt\n|-damage|p1b: Wo-Chien|69\/100\n|faint|p1a: Sinistcha\n|move|p1b: Wo-Chien|Pollen Puff|p1: Sinistcha|[notarget]\n|-fail|p1b: Wo-Chien\n|\n|-heal|p1b: Wo-Chien|75\/100|[from] item: Leftovers\n|-damage|p2a: Ursaluna|38\/100|[from] Leech Seed|[of] p1b: Wo-Chien\n|-heal|p1b: Wo-Chien|89\/100|[silent]\n|upkeep\n|\n|t:|1699011728\n|switch|p1a: Grimmsnarl|Grimmsnarl, M|100\/100\n|turn|5\n|\n|t:|1699011758\n|move|p1a: Grimmsnarl|Parting Shot|p2a: Ursaluna\n|-unboost|p2a: Ursaluna|atk|1\n|-unboost|p2a: Ursaluna|spa|1\n|l|\u2606Trickroom4dumies\n|player|p2|\n|\n|t:|1699011762\n|switch|p1a: Empoleon|Empoleon, M|100\/100|[from] Parting Shot\n|move|p2a: Ursaluna|Hyper Voice|p1b: Wo-Chien|[spread] p1a,p1b\n|-resisted|p1a: Empoleon\n|-damage|p1a: Empoleon|89\/100\n|-damage|p1b: Wo-Chien|68\/100\n|move|p1b: Wo-Chien|Ruination|p2b: Sinistcha\n|-damage|p2b: Sinistcha|50\/100\n|move|p2b: Sinistcha|Calm Mind|p2b: Sinistcha\n|-boost|p2b: Sinistcha|spa|1\n|-boost|p2b: Sinistcha|spd|1\n|\n|-heal|p1b: Wo-Chien|75\/100|[from] item: Leftovers\n|-damage|p2a: Ursaluna|25\/100|[from] Leech Seed|[of] p1b: Wo-Chien\n|-heal|p1b: Wo-Chien|88\/100|[silent]\n|-fieldend|move: Trick Room\n|upkeep\n|turn|6\n|j|\u2606Trickroom4dumies\n|player|p2|Trickroom4dumies|hexmaniac-gen3\n|\n|t:|1699011800\n|switch|p2a: Dragapult|Dragapult, M, shiny|100\/100\n|move|p2b: Sinistcha|Matcha Gotcha|p1a: Empoleon|[spread] p1a\n|-miss|p2b: Sinistcha|p1b: Wo-Chien\n|-damage|p1a: Empoleon|58\/100\n|-heal|p2b: Sinistcha|64\/100|[from] drain|[of] p1a: Empoleon\n|move|p1b: Wo-Chien|Pollen Puff|p2b: Sinistcha\n|-damage|p2b: Sinistcha|48\/100\n|move|p1a: Empoleon|Ice Beam|p2b: Sinistcha\n|-supereffective|p2b: Sinistcha\n|-damage|p2b: Sinistcha|0 fnt\n|faint|p2b: Sinistcha\n|\n|-heal|p1b: Wo-Chien|95\/100|[from] item: Leftovers\n|upkeep\n|inactive|Battle timer is ON: inactive players will automatically lose when time's up. (requested by Benman209)\n|\n|t:|1699011827\n|switch|p2b: Ogerpon|Ogerpon-Wellspring, F|100\/100\n|turn|7\n|inactive|Benman209 has 120 seconds left.\n|\n|t:|1699011862\n|move|p2b: Ogerpon|Follow Me|p2b: Ogerpon\n|-singleturn|p2b: Ogerpon|move: Follow Me\n|move|p2a: Dragapult|Will-O-Wisp|p1b: Wo-Chien\n|-status|p1b: Wo-Chien|brn\n|move|p1b: Wo-Chien|Ruination|p2b: Ogerpon\n|-damage|p2b: Ogerpon|50\/100\n|move|p1a: Empoleon|Ice Beam|p2b: Ogerpon\n|-damage|p2b: Ogerpon|18\/100\n|\n|-heal|p1b: Wo-Chien|100\/100 brn|[from] item: Leftovers\n|-damage|p1b: Wo-Chien|94\/100 brn|[from] brn\n|upkeep\n|turn|8\n|inactive|Benman209 has 120 seconds left.\n|\n|t:|1699011892\n|switch|p2a: Dusclops|Dusclops, M|75\/100\n|-item|p1a: Empoleon|Assault Vest|[from] ability: Frisk|[of] p2a: Dusclops|[identify]\n|-item|p1b: Wo-Chien|Leftovers|[from] ability: Frisk|[of] p2a: Dusclops|[identify]\n|move|p2b: Ogerpon|Horn Leech|p1a: Empoleon\n|-damage|p1a: Empoleon|20\/100\n|-heal|p2b: Ogerpon|36\/100|[from] drain|[of] p1a: Empoleon\n|move|p1b: Wo-Chien|Pollen Puff|p2b: Ogerpon\n|-supereffective|p2b: Ogerpon\n|-damage|p2b: Ogerpon|0 fnt\n|faint|p2b: Ogerpon\n|move|p1a: Empoleon|Ice Beam|p2a: Dusclops\n|-damage|p2a: Dusclops|56\/100\n|\n|-heal|p1b: Wo-Chien|100\/100 brn|[from] item: Leftovers\n|-damage|p1b: Wo-Chien|94\/100 brn|[from] brn\n|upkeep\n|inactive|Trickroom4dumies has 120 seconds left.\n|\n|t:|1699011908\n|switch|p2b: Dragapult|Dragapult, M, shiny|100\/100\n|turn|9\n|\n|t:|1699011919\n|switch|p1a: Grimmsnarl|Grimmsnarl, M|100\/100\n|move|p2a: Dusclops|Shadow Sneak|p2b: Dragapult\n|-supereffective|p2b: Dragapult\n|-damage|p2b: Dragapult|82\/100\n|-enditem|p2b: Dragapult|Weakness Policy\n|-boost|p2b: Dragapult|atk|2|[from] item: Weakness Policy\n|-boost|p2b: Dragapult|spa|2|[from] item: Weakness Policy\n|move|p2b: Dragapult|Dragon Darts|p1b: Wo-Chien\n|-damage|p1b: Wo-Chien|60\/100 brn\n|-anim|p2b: Dragapult|Dragon Darts|p1b: Wo-Chien\n|-damage|p1b: Wo-Chien|26\/100 brn\n|move|p1b: Wo-Chien|Leech Seed|p2b: Dragapult\n|-start|p2b: Dragapult|move: Leech Seed\n|\n|-heal|p1b: Wo-Chien|32\/100 brn|[from] item: Leftovers\n|-damage|p2b: Dragapult|69\/100|[from] Leech Seed|[of] p1b: Wo-Chien\n|-heal|p1b: Wo-Chien|42\/100 brn|[silent]\n|-damage|p1b: Wo-Chien|36\/100 brn|[from] brn\n|upkeep\n|turn|10\n|inactive|Trickroom4dumies has 120 seconds left.\n|\n|t:|1699011968\n|switch|p2a: Diancie|Diancie, shiny|100\/100\n|move|p1a: Grimmsnarl|Reflect|p1a: Grimmsnarl\n|-sidestart|p1: Benman209|Reflect\n|move|p2b: Dragapult|Dragon Darts|p1b: Wo-Chien\n|-damage|p1b: Wo-Chien|12\/100 brn\n|-anim|p2b: Dragapult|Dragon Darts|p1b: Wo-Chien\n|-damage|p1b: Wo-Chien|0 fnt\n|faint|p1b: Wo-Chien\n|\n|upkeep\n|\n|t:|1699011980\n|switch|p1b: Okidogi|Okidogi, M|100\/100\n|turn|11\n|\n|t:|1699011986\n|move|p2b: Dragapult|Will-O-Wisp|p1b: Okidogi\n|-status|p1b: Okidogi|brn\n|move|p1b: Okidogi|Bulk Up|p1b: Okidogi\n|-boost|p1b: Okidogi|atk|1\n|-boost|p1b: Okidogi|def|1\n|move|p1a: Grimmsnarl|Spirit Break|p2b: Dragapult\n|-supereffective|p2b: Dragapult\n|-damage|p2b: Dragapult|0 fnt\n|faint|p2b: Dragapult\n|move|p2a: Diancie|Diamond Storm|p1a: Grimmsnarl|[spread] p1a,p1b\n|-resisted|p1b: Okidogi\n|-damage|p1a: Grimmsnarl|74\/100\n|-damage|p1b: Okidogi|94\/100 brn\n|\n|-heal|p1b: Okidogi|100\/100 brn|[from] item: Leftovers\n|-damage|p1b: Okidogi|94\/100 brn|[from] brn\n|upkeep\n|inactive|Trickroom4dumies has 120 seconds left.\n|\n|t:|1699012004\n|switch|p2b: Dusclops|Dusclops, M|56\/100\n|-item|p1a: Grimmsnarl|Light Clay|[from] ability: Frisk|[of] p2b: Dusclops|[identify]\n|-item|p1b: Okidogi|Leftovers|[from] ability: Frisk|[of] p2b: Dusclops|[identify]\n|turn|12\n|\n|t:|1699012017\n|move|p1b: Okidogi|Knock Off|p2b: Dusclops\n|-supereffective|p2b: Dusclops\n|-damage|p2b: Dusclops|27\/100\n|-enditem|p2b: Dusclops|Eviolite|[from] move: Knock Off|[of] p1b: Okidogi\n|move|p1a: Grimmsnarl|Spirit Break|p2b: Dusclops\n|-damage|p2b: Dusclops|0 fnt\n|faint|p2b: Dusclops\n|move|p2a: Diancie|Diamond Storm|p1a: Grimmsnarl|[spread] p1a,p1b\n|-resisted|p1b: Okidogi\n|-damage|p1a: Grimmsnarl|43\/100\n|-damage|p1b: Okidogi|88\/100 brn\n|\n|-heal|p1b: Okidogi|94\/100 brn|[from] item: Leftovers\n|-damage|p1b: Okidogi|88\/100 brn|[from] brn\n|upkeep\n|\n|t:|1699012031\n|switch|p2b: Ursaluna|Ursaluna-Bloodmoon, M|25\/100\n|turn|13\n|\n|t:|1699012040\n|move|p2b: Ursaluna|Protect|p2b: Ursaluna\n|-singleturn|p2b: Ursaluna|Protect\n|move|p1b: Okidogi|Drain Punch|p2b: Ursaluna\n|-activate|p2b: Ursaluna|move: Protect\n|move|p1a: Grimmsnarl|Spirit Break|p2a: Diancie\n|-damage|p2a: Diancie|75\/100\n|move|p2a: Diancie|Trick Room|p2a: Diancie\n|-fieldstart|move: Trick Room|[of] p2a: Diancie\n|\n|-heal|p1b: Okidogi|94\/100 brn|[from] item: Leftovers\n|-damage|p1b: Okidogi|88\/100 brn|[from] brn\n|upkeep\n|turn|14\n|\n|t:|1699012066\n|switch|p1b: Landorus|Landorus-Therian, M|100\/100\n|-ability|p1b: Landorus|Intimidate|boost\n|-fail|p2a: Diancie|unboost|[from] ability: Clear Body|[of] p2a: Diancie\n|-unboost|p2b: Ursaluna|atk|1\n|-terastallize|p2b: Ursaluna|Ground\n|move|p1a: Grimmsnarl|Light Screen|p1a: Grimmsnarl\n|-sidestart|p1: Benman209|move: Light Screen\n|move|p2a: Diancie|Diamond Storm|p1b: Landorus|[spread] p1a,p1b\n|-damage|p1a: Grimmsnarl|16\/100\n|-damage|p1b: Landorus|81\/100\n|-boost|p2a: Diancie|def|2\n|move|p2b: Ursaluna|Earth Power|p1b: Landorus\n|-immune|p1b: Landorus\n|\n|upkeep\n|turn|15\n|\n|t:|1699012083\n|move|p1a: Grimmsnarl|Parting Shot|p2b: Ursaluna\n|-unboost|p2b: Ursaluna|atk|1\n|-unboost|p2b: Ursaluna|spa|1\n|\n|t:|1699012087\n|switch|p1a: Empoleon|Empoleon, M|20\/100|[from] Parting Shot\n|move|p2a: Diancie|Diamond Storm|p1b: Landorus|[spread] p1a,p1b\n|-resisted|p1a: Empoleon\n|-damage|p1a: Empoleon|5\/100\n|-damage|p1b: Landorus|58\/100\n|move|p2b: Ursaluna|Hyper Voice|p1a: Empoleon|[spread] p1a,p1b\n|-resisted|p1a: Empoleon\n|-damage|p1a: Empoleon|0 fnt\n|-damage|p1b: Landorus|42\/100\n|faint|p1a: Empoleon\n|move|p1b: Landorus|Stomping Tantrum|p2a: Diancie\n|-supereffective|p2a: Diancie\n|-damage|p2a: Diancie|42\/100\n|-enditem|p2a: Diancie|Weakness Policy\n|-boost|p2a: Diancie|atk|2|[from] item: Weakness Policy\n|-boost|p2a: Diancie|spa|2|[from] item: Weakness Policy\n|\n|upkeep\n|\n|t:|1699012101\n|switch|p1a: Grimmsnarl|Grimmsnarl, M|16\/100\n|turn|16\n|inactive|Trickroom4dumies has 120 seconds left.\n|c|\u2606Trickroom4dumies|This meant to be Tera normal...\n|\n|t:|1699012138\n|move|p2a: Diancie|Diamond Storm|p1a: Grimmsnarl|[spread] p1a,p1b\n|-damage|p1a: Grimmsnarl|0 fnt\n|-damage|p1b: Landorus|1\/100\n|faint|p1a: Grimmsnarl\n|move|p2b: Ursaluna|Hyper Voice|p1b: Landorus\n|-damage|p1b: Landorus|0 fnt\n|faint|p1b: Landorus\n|\n|upkeep\n|\n|t:|1699012145\n|switch|p1a: Okidogi|Okidogi, M|88\/100 brn\n|turn|17\n|\n|t:|1699012157\n|move|p1a: Okidogi|Protect|p1a: Okidogi\n|-singleturn|p1a: Okidogi|Protect\n|move|p2a: Diancie|Diamond Storm|p1a: Okidogi\n|-activate|p1a: Okidogi|move: Protect\n|move|p2b: Ursaluna|Earth Power|p1a: Okidogi\n|-activate|p1a: Okidogi|move: Protect\n|\n|-heal|p1a: Okidogi|94\/100 brn|[from] item: Leftovers\n|-damage|p1a: Okidogi|88\/100 brn|[from] brn\n|-sideend|p1: Benman209|Reflect\n|-fieldend|move: Trick Room\n|upkeep\n|turn|18\n|\n|t:|1699012164\n|move|p2b: Ursaluna|Protect|p2b: Ursaluna\n|-singleturn|p2b: Ursaluna|Protect\n|move|p1a: Okidogi|Bulk Up|p1a: Okidogi\n|-boost|p1a: Okidogi|atk|1\n|-boost|p1a: Okidogi|def|1\n|move|p2a: Diancie|Trick Room|p2a: Diancie\n|-fieldstart|move: Trick Room|[of] p2a: Diancie\n|\n|-heal|p1a: Okidogi|94\/100 brn|[from] item: Leftovers\n|-damage|p1a: Okidogi|88\/100 brn|[from] brn\n|upkeep\n|turn|19\n|\n|t:|1699012171\n|move|p1a: Okidogi|Protect|p1a: Okidogi\n|-singleturn|p1a: Okidogi|Protect\n|move|p2a: Diancie|Diamond Storm|p1a: Okidogi\n|-activate|p1a: Okidogi|move: Protect\n|move|p2b: Ursaluna|Earth Power|p1a: Okidogi\n|-activate|p1a: Okidogi|move: Protect\n|\n|-heal|p1a: Okidogi|94\/100 brn|[from] item: Leftovers\n|-damage|p1a: Okidogi|88\/100 brn|[from] brn\n|upkeep\n|turn|20\n|\n|t:|1699012176\n|move|p2a: Diancie|Diamond Storm|p1a: Okidogi\n|-resisted|p1a: Okidogi\n|-damage|p1a: Okidogi|60\/100 brn\n|move|p2b: Ursaluna|Earth Power|p1a: Okidogi\n|-supereffective|p1a: Okidogi\n|-damage|p1a: Okidogi|0 fnt\n|faint|p1a: Okidogi\n|\n|win|Trickroom4dumies\n|raw|Benman209's rating: 1694 &rarr; <strong>1676<\/strong><br \/>(-18 for losing)\n|raw|Trickroom4dumies's rating: 1735 &rarr; <strong>1753<\/strong><br \/>(+18 for winning)\n|l|\u2606Benman209\n|c|\u2606Trickroom4dumies|Guess the ground helped tho\n","uploadtime":1699012227,"views":15,"p1id":"benman209","p2id":"trickroom4dumies","formatid":"gen9doublesou","rating":1676,"private":0,"password":""}