{"id":"gen9doublesou-1985897223","p1":"biddyboyy","p2":"King_snk","format":"[Gen 9] Doubles OU","log":"|j|\u2606biddyboyy\n|j|\u2606King_snk\n|t:|1699419186\n|gametype|doubles\n|player|p1|biddyboyy|gentleman-gen4dp|1290\n|player|p2|King_snk|265|1392\n|teamsize|p1|6\n|teamsize|p2|6\n|gen|9\n|tier|[Gen 9] Doubles OU\n|rated|\n|rule|Species Clause: Limit one of each Pok\u00e9mon\n|rule|OHKO Clause: OHKO moves are banned\n|rule|Evasion Moves Clause: Evasion moves are banned\n|rule|Gravity Sleep Clause: The combination of sleep-inducing moves with imperfect accuracy and Gravity or Gigantamax Orbeetle are banned\n|rule|Endless Battle Clause: Forcing endless battles is banned\n|rule|HP Percentage Mod: HP is shown in percentages\n|clearpoke\n|poke|p1|Roaring Moon|\n|poke|p1|Sinistcha|\n|poke|p1|Iron Hands|\n|poke|p1|Arcanine-Hisui, M|\n|poke|p1|Gholdengo|\n|poke|p1|Ogerpon-Wellspring, F|\n|poke|p2|Regieleki|\n|poke|p2|Sneasler, F|\n|poke|p2|Dragapult, F|\n|poke|p2|Iron Bundle|\n|poke|p2|Meowscarada, F|\n|poke|p2|Flutter Mane|\n|teampreview\n|inactive|Battle timer is ON: inactive players will automatically lose when time's up. (requested by King_snk)\n|\n|t:|1699419216\n|start\n|switch|p1a: Sinistcha|Sinistcha|100\/100\n|switch|p1b: Gholdengo|Gholdengo|100\/100\n|switch|p2a: Regieleki|Regieleki|100\/100\n|switch|p2b: Dragapult|Dragapult, F|100\/100\n|turn|1\n|\n|t:|1699419238\n|move|p2a: Regieleki|Protect|p2a: Regieleki\n|-singleturn|p2a: Regieleki|Protect\n|move|p1b: Gholdengo|Protect|p1b: Gholdengo\n|-singleturn|p1b: Gholdengo|Protect\n|move|p2b: Dragapult|Phantom Force||[still]\n|-prepare|p2b: Dragapult|Phantom Force\n|move|p1a: Sinistcha|Trick Room|p1a: Sinistcha\n|-fieldstart|move: Trick Room|[of] p1a: Sinistcha\n|\n|upkeep\n|turn|2\n|\n|t:|1699419258\n|switch|p1a: Roaring Moon|Roaring Moon|100\/100\n|switch|p1b: Arcanine|Arcanine-Hisui, M|100\/100\n|-ability|p1b: Arcanine|Intimidate|boost\n|-unboost|p2a: Regieleki|atk|1\n|-fail|p2b: Dragapult|unboost|[from] ability: Clear Body|[of] p2b: Dragapult\n|move|p2b: Dragapult|Phantom Force|p1b: Arcanine|[from]lockedmove\n|-damage|p1b: Arcanine|50\/100\n|move|p2a: Regieleki|Thunderbolt|p1b: Arcanine\n|-damage|p1b: Arcanine|11\/100\n|\n|upkeep\n|turn|3\n|inactive|biddyboyy has 120 seconds left.\n|\n|t:|1699419297\n|move|p2b: Dragapult|Protect|p2b: Dragapult\n|-singleturn|p2b: Dragapult|Protect\n|move|p2a: Regieleki|Protect|p2a: Regieleki\n|-singleturn|p2a: Regieleki|Protect\n|move|p1b: Arcanine|Flare Blitz|p2a: Regieleki\n|-activate|p2a: Regieleki|move: Protect\n|move|p1a: Roaring Moon|Throat Chop|p2b: Dragapult\n|-activate|p2b: Dragapult|move: Protect\n|\n|upkeep\n|turn|4\n|\n|t:|1699419314\n|move|p1b: Arcanine|Flare Blitz|p2a: Regieleki\n|-enditem|p2a: Regieleki|Focus Sash\n|-damage|p2a: Regieleki|1\/100\n|-damage|p1b: Arcanine|0 fnt|[from] Recoil\n|faint|p1b: Arcanine\n|move|p1a: Roaring Moon|Throat Chop|p2b: Dragapult\n|-supereffective|p2b: Dragapult\n|-enditem|p2b: Dragapult|Focus Sash\n|-damage|p2b: Dragapult|1\/100\n|-start|p2b: Dragapult|Throat Chop|[silent]\n|move|p2b: Dragapult|Dragon Darts|p1a: Roaring Moon\n|-supereffective|p1a: Roaring Moon\n|-damage|p1a: Roaring Moon|36\/100\n|-anim|p2b: Dragapult|Dragon Darts|p1a: Roaring Moon\n|-supereffective|p1a: Roaring Moon\n|-damage|p1a: Roaring Moon|0 fnt\n|faint|p1a: Roaring Moon\n|-end|p1a: Roaring Moon|Protosynthesis|[silent]\n|move|p2a: Regieleki|Electroweb|p1: Roaring Moon|[notarget]\n|-fail|p2a: Regieleki\n|\n|upkeep\n|inactive|biddyboyy has 120 seconds left.\n|\n|t:|1699419341\n|switch|p1b: Gholdengo|Gholdengo|100\/100\n|switch|p1a: Sinistcha|Sinistcha|100\/100\n|turn|5\n|\n|t:|1699419349\n|move|p2b: Dragapult|Protect|p2b: Dragapult\n|-singleturn|p2b: Dragapult|Protect\n|move|p2a: Regieleki|Protect|p2a: Regieleki\n|-singleturn|p2a: Regieleki|Protect\n|move|p1a: Sinistcha|Matcha Gotcha|p2b: Dragapult|[spread] \n|-activate|p2a: Regieleki|move: Protect\n|-activate|p2b: Dragapult|move: Protect\n|move|p1b: Gholdengo|Nasty Plot|p1b: Gholdengo\n|-boost|p1b: Gholdengo|spa|2\n|\n|-end|p2b: Dragapult|Throat Chop|[silent]\n|-fieldend|move: Trick Room\n|upkeep\n|turn|6\n|inactive|biddyboyy has 120 seconds left.\n|inactive|King_snk has 120 seconds left.\n|\n|t:|1699419393\n|-terastallize|p2a: Regieleki|Ice\n|move|p2a: Regieleki|Tera Blast|p1a: Sinistcha|[anim] Tera Blast Ice\n|-supereffective|p1a: Sinistcha\n|-damage|p1a: Sinistcha|24\/100\n|move|p2b: Dragapult|Phantom Force||[still]\n|-prepare|p2b: Dragapult|Phantom Force\n|move|p1b: Gholdengo|Make It Rain|p2b: Dragapult|[spread] p2a\n|-miss|p1b: Gholdengo|p2b: Dragapult\n|-supereffective|p2a: Regieleki\n|-damage|p2a: Regieleki|0 fnt\n|-unboost|p1b: Gholdengo|spa|1\n|faint|p2a: Regieleki\n|move|p1a: Sinistcha|Trick Room|p1a: Sinistcha\n|-fieldstart|move: Trick Room|[of] p1a: Sinistcha\n|\n|upkeep\n|inactive|King_snk has 120 seconds left.\n|\n|t:|1699419421\n|switch|p2a: Meowscarada|Meowscarada, F|100\/100\n|turn|7\n|inactive|King_snk has 120 seconds left.\n|inactive|biddyboyy has 120 seconds left.\n|\n|t:|1699419448\n|switch|p1a: Iron Hands|Iron Hands|100\/100\n|-enditem|p1a: Iron Hands|Booster Energy\n|-activate|p1a: Iron Hands|ability: Quark Drive|[fromitem]\n|-start|p1a: Iron Hands|quarkdriveatk\n|move|p2a: Meowscarada|Protect|p2a: Meowscarada\n|-start|p2a: Meowscarada|typechange|Normal|[from] ability: Protean\n|-singleturn|p2a: Meowscarada|Protect\n|move|p1b: Gholdengo|Make It Rain|p2a: Meowscarada|[spread] \n|-miss|p1b: Gholdengo|p2b: Dragapult\n|-activate|p2a: Meowscarada|move: Protect\n|move|p2b: Dragapult|Phantom Force|p1a: Iron Hands|[from]lockedmove\n|-damage|p1a: Iron Hands|71\/100\n|\n|upkeep\n|turn|8\n|inactive|biddyboyy has 120 seconds left.\n|inactive|King_snk has 120 seconds left.\n|\n|t:|1699419472\n|move|p2b: Dragapult|Sucker Punch|p1b: Gholdengo\n|-supereffective|p1b: Gholdengo\n|-damage|p1b: Gholdengo|50\/100\n|-enditem|p1b: Gholdengo|Sitrus Berry|[eat]\n|-heal|p1b: Gholdengo|74\/100|[from] item: Sitrus Berry\n|move|p1a: Iron Hands|Drain Punch|p2a: Meowscarada\n|-supereffective|p2a: Meowscarada\n|-enditem|p2a: Meowscarada|Focus Sash\n|-damage|p2a: Meowscarada|1\/100\n|-heal|p1a: Iron Hands|100\/100|[from] drain|[of] p2a: Meowscarada\n|move|p1b: Gholdengo|Make It Rain|p2b: Dragapult|[spread] p2a,p2b\n|-damage|p2a: Meowscarada|0 fnt\n|-damage|p2b: Dragapult|0 fnt\n|-unboost|p1b: Gholdengo|spa|1\n|faint|p2a: Meowscarada\n|faint|p2b: Dragapult\n|\n|upkeep\n|inactive|King_snk has 120 seconds left.\n|c|\u2606biddyboyy|focus sash spam is some gay shit lol\n|\n|t:|1699419495\n|switch|p2a: Iron Bundle|Iron Bundle|100\/100\n|switch|p2b: Sneasler|Sneasler, F|100\/100\n|turn|9\n|\n|t:|1699419519\n|move|p2b: Sneasler|Protect|p2b: Sneasler\n|-singleturn|p2b: Sneasler|Protect\n|move|p2a: Iron Bundle|Protect|p2a: Iron Bundle\n|-singleturn|p2a: Iron Bundle|Protect\n|move|p1a: Iron Hands|Drain Punch|p2a: Iron Bundle\n|-activate|p2a: Iron Bundle|move: Protect\n|move|p1b: Gholdengo|Make It Rain|p2b: Sneasler|[spread] \n|-activate|p2a: Iron Bundle|move: Protect\n|-activate|p2b: Sneasler|move: Protect\n|\n|upkeep\n|turn|10\n|\n|t:|1699419538\n|move|p1a: Iron Hands|Drain Punch|p2a: Iron Bundle\n|-supereffective|p2a: Iron Bundle\n|-enditem|p2a: Iron Bundle|Focus Sash\n|-damage|p2a: Iron Bundle|1\/100\n|move|p1b: Gholdengo|Make It Rain|p2b: Sneasler|[spread] p2a,p2b\n|-damage|p2a: Iron Bundle|0 fnt\n|-damage|p2b: Sneasler|34\/100\n|-unboost|p1b: Gholdengo|spa|1\n|faint|p2a: Iron Bundle\n|-end|p2a: Iron Bundle|Quark Drive|[silent]\n|move|p2b: Sneasler|Shadow Claw|p1b: Gholdengo\n|-supereffective|p1b: Gholdengo\n|-damage|p1b: Gholdengo|20\/100\n|\n|-fieldend|move: Trick Room\n|upkeep\n|inactive|King_snk has 120 seconds left.\n|\n|t:|1699419559\n|switch|p2a: Flutter Mane|Flutter Mane|100\/100\n|turn|11\n|\n|t:|1699419575\n|move|p1b: Gholdengo|Protect|p1b: Gholdengo\n|-singleturn|p1b: Gholdengo|Protect\n|move|p2a: Flutter Mane|Shadow Ball|p1b: Gholdengo\n|-activate|p1b: Gholdengo|move: Protect\n|move|p2b: Sneasler|Dire Claw|p1a: Iron Hands\n|-damage|p1a: Iron Hands|69\/100\n|move|p1a: Iron Hands|Thunder Punch|p2a: Flutter Mane\n|-enditem|p2a: Flutter Mane|Focus Sash\n|-damage|p2a: Flutter Mane|1\/100\n|\n|upkeep\n|turn|12\n|inactive|biddyboyy has 120 seconds left.\n|\n|t:|1699419616\n|move|p2a: Flutter Mane|Moonblast|p1a: Iron Hands\n|-supereffective|p1a: Iron Hands\n|-damage|p1a: Iron Hands|0 fnt\n|faint|p1a: Iron Hands\n|-end|p1a: Iron Hands|Quark Drive|[silent]\n|move|p2b: Sneasler|Shadow Claw|p1b: Gholdengo\n|-supereffective|p1b: Gholdengo\n|-crit|p1b: Gholdengo\n|-damage|p1b: Gholdengo|0 fnt\n|faint|p1b: Gholdengo\n|\n|upkeep\n|\n|t:|1699419626\n|switch|p1b: Sinistcha|Sinistcha|24\/100\n|switch|p1a: Ogerpon|Ogerpon-Wellspring, F|100\/100\n|turn|13\n|inactive|biddyboyy has 120 seconds left.\n|\n|t:|1699419652\n|-terastallize|p1a: Ogerpon|Water\n|detailschange|p1a: Ogerpon|Ogerpon-Wellspring-Tera, F, tera:Water\n|-ability|p1a: Ogerpon|Embody Aspect (Wellspring)|boost\n|-boost|p1a: Ogerpon|spd|1\n|move|p1a: Ogerpon|Follow Me|p1a: Ogerpon\n|-singleturn|p1a: Ogerpon|move: Follow Me\n|move|p2a: Flutter Mane|Shadow Ball|p1a: Ogerpon\n|-damage|p1a: Ogerpon|68\/100\n|move|p2b: Sneasler|Dire Claw|p1a: Ogerpon\n|-damage|p1a: Ogerpon|14\/100\n|-status|p1a: Ogerpon|par\n|move|p1b: Sinistcha|Trick Room|p1b: Sinistcha\n|-fieldstart|move: Trick Room|[of] p1b: Sinistcha\n|\n|upkeep\n|turn|14\n|inactive|biddyboyy has 120 seconds left.\n|\n|t:|1699419678\n|move|p1a: Ogerpon|Ivy Cudgel|p2b: Sneasler\n|-damage|p2b: Sneasler|0 fnt\n|faint|p2b: Sneasler\n|move|p1b: Sinistcha|Matcha Gotcha|p2a: Flutter Mane\n|-damage|p2a: Flutter Mane|0 fnt\n|-heal|p1b: Sinistcha|24\/100|[from] drain|[of] p2a: Flutter Mane\n|faint|p2a: Flutter Mane\n|-end|p2a: Flutter Mane|Protosynthesis|[silent]\n|\n|win|biddyboyy\n|raw|biddyboyy's rating: 1290 &rarr; <strong>1322<\/strong><br \/>(+32 for winning)\n|raw|King_snk's rating: 1392 &rarr; <strong>1366<\/strong><br \/>(-26 for losing)\n","uploadtime":1699419496,"views":9,"p1id":"biddyboyy","p2id":"kingsnk","formatid":"gen9doublesou","rating":1322,"private":0,"password":""}