{"id":"gen9doublesou-1969082235","p1":"Yurokun","p2":"gg ez ez gg","format":"[Gen 9] Doubles OU","log":"|j|\u2606Yurokun\n|j|\u2606gg ez ez gg\n|t:|1697488443\n|gametype|doubles\n|player|p1|Yurokun|shadowtriad|1146\n|player|p2|gg ez ez gg|169|1250\n|teamsize|p1|6\n|teamsize|p2|6\n|gen|9\n|tier|[Gen 9] Doubles OU\n|rated|\n|rule|Species Clause: Limit one of each Pok\u00e9mon\n|rule|OHKO Clause: OHKO moves are banned\n|rule|Evasion Moves Clause: Evasion moves are banned\n|rule|Gravity Sleep Clause: The combination of sleep-inducing moves with imperfect accuracy and Gravity or Gigantamax Orbeetle are banned\n|rule|Endless Battle Clause: Forcing endless battles is banned\n|rule|HP Percentage Mod: HP is shown in percentages\n|clearpoke\n|poke|p1|Chien-Pao|\n|poke|p1|Sinistcha-Masterpiece|\n|poke|p1|Tornadus, M|\n|poke|p1|Garchomp, F|\n|poke|p1|Samurott-Hisui, M|\n|poke|p1|Cresselia, F|\n|poke|p2|Volbeat, M|\n|poke|p2|Grimmsnarl, M|\n|poke|p2|Ursaluna-Bloodmoon, M|\n|poke|p2|Cresselia, F|\n|poke|p2|Chien-Pao|\n|poke|p2|Basculegion, M|\n|teampreview\n|\n|t:|1697488466\n|start\n|switch|p1a: Tornadus|Tornadus, M|100\/100\n|switch|p1b: Samurott|Samurott-Hisui, M|100\/100\n|switch|p2a: Get the Bug Spray|Volbeat, M|100\/100\n|switch|p2b: Nurse Get in Here|Cresselia, F, shiny|100\/100\n|turn|1\n|\n|t:|1697488474\n|move|p1a: Tornadus|Tailwind|p1a: Tornadus\n|-sidestart|p1: Yurokun|move: Tailwind\n|move|p2a: Get the Bug Spray|Tail Glow|p2a: Get the Bug Spray\n|-boost|p2a: Get the Bug Spray|spa|3\n|move|p1b: Samurott|Ceaseless Edge|p2a: Get the Bug Spray\n|-damage|p2a: Get the Bug Spray|38\/100\n|-sidestart|p2: gg ez ez gg|Spikes\n|move|p2b: Nurse Get in Here|Trick Room|p2b: Nurse Get in Here\n|-fieldstart|move: Trick Room|[of] p2b: Nurse Get in Here\n|\n|upkeep\n|turn|2\n|\n|t:|1697488489\n|move|p2b: Nurse Get in Here|Ally Switch|p2b: Nurse Get in Here\n|swap|p2b: Nurse Get in Here|0|[from] move: Ally Switch\n|move|p2b: Get the Bug Spray|Baton Pass|p2b: Get the Bug Spray\n|\n|t:|1697488492\n|switch|p2b: Nightmare FFB|Ursaluna-Bloodmoon, M|100\/100|[from] Baton Pass\n|-damage|p2b: Nightmare FFB|88\/100|[from] Spikes\n|move|p1b: Samurott|Ceaseless Edge|p2a: Nurse Get in Here|[miss]\n|-miss|p1b: Samurott|p2a: Nurse Get in Here\n|move|p1a: Tornadus|Heat Wave|p2a: Nurse Get in Here|[spread] p2a,p2b\n|-damage|p2a: Nurse Get in Here|88\/100\n|-damage|p2b: Nightmare FFB|62\/100\n|\n|upkeep\n|turn|3\n|\n|t:|1697488504\n|-terastallize|p2b: Nightmare FFB|Normal\n|move|p2b: Nightmare FFB|Hyper Voice|p1b: Samurott|[spread] p1a,p1b\n|-damage|p1a: Tornadus|0 fnt\n|-damage|p1b: Samurott|0 fnt\n|faint|p1a: Tornadus\n|faint|p1b: Samurott\n|move|p2a: Nurse Get in Here|Lunar Blessing|p2a: Nurse Get in Here|[spread] p2a,p2b\n|-heal|p2a: Nurse Get in Here|100\/100\n|-heal|p2b: Nightmare FFB|87\/100\n|\n|upkeep\n|\n|t:|1697488521\n|switch|p1b: Sinistcha|Sinistcha-Masterpiece|100\/100\n|switch|p1a: Chien-Pao|Chien-Pao|100\/100\n|-ability|p1a: Chien-Pao|Sword of Ruin\n|turn|4\n|\n|t:|1697488529\n|move|p2b: Nightmare FFB|Hyper Voice|p1a: Chien-Pao|[spread] p1a,p1b\n|-damage|p1a: Chien-Pao|0 fnt\n|-damage|p1b: Sinistcha|0 fnt\n|faint|p1a: Chien-Pao\n|faint|p1b: Sinistcha\n|move|p2a: Nurse Get in Here|Lunar Blessing|p2a: Nurse Get in Here|[spread] p2a,p2b\n|-heal|p2b: Nightmare FFB|100\/100\n|\n|-sideend|p1: Yurokun|move: Tailwind\n|upkeep\n|\n|t:|1697488533\n|switch|p1b: Cresselia|Cresselia, F|100\/100\n|switch|p1a: Garchomp|Garchomp, F|100\/100\n|turn|5\n|\n|t:|1697488548\n|move|p1b: Cresselia|Helping Hand|p1a: Garchomp\n|-singleturn|p1a: Garchomp|Helping Hand|[of] p1b: Cresselia\n|move|p2a: Nurse Get in Here|Ally Switch|p2a: Nurse Get in Here\n|swap|p2a: Nurse Get in Here|1|[from] move: Ally Switch\n|move|p2a: Nightmare FFB|Blood Moon|p1b: Cresselia\n|-crit|p1b: Cresselia\n|-damage|p1b: Cresselia|0 fnt\n|faint|p1b: Cresselia\n|move|p1a: Garchomp|Earthquake|p2a: Nightmare FFB|[spread] p2a\n|-immune|p2b: Nurse Get in Here|[from] ability: Levitate\n|-damage|p2a: Nightmare FFB|64\/100\n|\n|-fieldend|move: Trick Room\n|upkeep\n|turn|6\n|-message|Yurokun forfeited.\n|\n|win|gg ez ez gg\n|raw|Yurokun's rating: 1146 &rarr; <strong>1128<\/strong><br \/>(-18 for losing)\n|raw|gg ez ez gg's rating: 1250 &rarr; <strong>1268<\/strong><br \/>(+18 for winning)\n","uploadtime":1697488556,"views":19,"p1id":"yurokun","p2id":"ggezezgg","formatid":"gen9doublesou","rating":1128,"private":0,"password":""}