{"id":"gen9doublesou-1977726831","p1":"rookie dragon","p2":"Luckibreak","format":"[Gen 9] Doubles OU","log":"|j|\u2606rookie dragon\n|j|\u2606Luckibreak\n|t:|1698442682\n|gametype|doubles\n|player|p1|rookie dragon|preschooler|1357\n|player|p2|Luckibreak|102|1277\n|teamsize|p1|6\n|teamsize|p2|6\n|gen|9\n|tier|[Gen 9] Doubles OU\n|rated|\n|rule|Species Clause: Limit one of each Pok\u00e9mon\n|rule|OHKO Clause: OHKO moves are banned\n|rule|Evasion Moves Clause: Evasion moves are banned\n|rule|Gravity Sleep Clause: The combination of sleep-inducing moves with imperfect accuracy and Gravity or Gigantamax Orbeetle are banned\n|rule|Endless Battle Clause: Forcing endless battles is banned\n|rule|HP Percentage Mod: HP is shown in percentages\n|clearpoke\n|poke|p1|Inteleon, F|\n|poke|p1|Pelipper, M|\n|poke|p1|Floatzel, F|\n|poke|p1|Walking Wake|\n|poke|p1|Dragapult, F|\n|poke|p1|Arcanine, F|\n|poke|p2|Torkoal, F|\n|poke|p2|Amoonguss, F|\n|poke|p2|Indeedee-F, F|\n|poke|p2|Palafin, M|\n|poke|p2|Cresselia, F|\n|poke|p2|Ursaluna, M|\n|teampreview\n|\n|t:|1698442704\n|start\n|switch|p1a: Arcanine|Arcanine, F|100\/100\n|switch|p1b: Walking Wake|Walking Wake|100\/100\n|switch|p2a: Indeedee|Indeedee-F, F, shiny|100\/100\n|switch|p2b: Palafin|Palafin, M, shiny|100\/100\n|-ability|p1a: Arcanine|Intimidate|boost\n|-unboost|p2a: Indeedee|atk|1\n|-unboost|p2b: Palafin|atk|1\n|-fieldstart|move: Psychic Terrain|[from] ability: Psychic Surge|[of] p2a: Indeedee\n|turn|1\n|\n|t:|1698442718\n|-end|p1b: Walking Wake|Protosynthesis|[silent]\n|switch|p1b: Inteleon|Inteleon, F|100\/100\n|move|p1a: Arcanine|Wild Charge|p2b: Palafin\n|-supereffective|p2b: Palafin\n|-damage|p2b: Palafin|1\/100\n|-damage|p1a: Arcanine|69\/100|[from] Recoil\n|move|p2b: Palafin|Flip Turn|p1a: Arcanine\n|-supereffective|p1a: Arcanine\n|-damage|p1a: Arcanine|32\/100\n|\n|t:|1698442729\n|detailschange|p2b: Palafin|Palafin-Hero, M, shiny\n|switch|p2b: Amoonguss|Amoonguss, F|100\/100|[from] Flip Turn\n|move|p2a: Indeedee|Trick Room|p2a: Indeedee\n|-fieldstart|move: Trick Room|[of] p2a: Indeedee\n|\n|upkeep\n|turn|2\n|\n|t:|1698442754\n|switch|p1a: Dragapult|Dragapult, F|100\/100\n|move|p2a: Indeedee|Follow Me|p2a: Indeedee\n|-singleturn|p2a: Indeedee|move: Follow Me\n|move|p2b: Amoonguss|Spore|p1a: Dragapult\n|-status|p1a: Dragapult|slp|[from] move: Spore\n|move|p1b: Inteleon|Ice Beam|p2a: Indeedee\n|-damage|p2a: Indeedee|59\/100\n|-status|p2a: Indeedee|frz\n|\n|upkeep\n|turn|3\n|\n|t:|1698442777\n|switch|p2a: Torkoal|Torkoal, F, shiny|100\/100\n|-weather|SunnyDay|[from] ability: Drought|[of] p2a: Torkoal\n|switch|p1b: Arcanine|Arcanine, F|32\/100\n|-ability|p1b: Arcanine|Intimidate|boost\n|-unboost|p2a: Torkoal|atk|1\n|-unboost|p2b: Amoonguss|atk|1\n|move|p2b: Amoonguss|Spore|p1b: Arcanine\n|-status|p1b: Arcanine|slp|[from] move: Spore\n|cant|p1a: Dragapult|slp\n|\n|-weather|SunnyDay|[upkeep]\n|upkeep\n|turn|4\n|\n|t:|1698442806\n|switch|p2b: Indeedee|Indeedee-F, F, shiny|59\/100 frz\n|switch|p1b: Pelipper|Pelipper, M|100\/100\n|-weather|RainDance|[from] ability: Drizzle|[of] p1b: Pelipper\n|-terastallize|p2a: Torkoal|Fire\n|move|p2a: Torkoal|Eruption|p1a: Dragapult|[spread] p1a,p1b\n|-resisted|p1a: Dragapult\n|-resisted|p1b: Pelipper\n|-damage|p1a: Dragapult|66\/100 slp\n|-damage|p1b: Pelipper|67\/100\n|-curestatus|p1a: Dragapult|slp|[msg]\n|move|p1a: Dragapult|Dragon Darts|p2b: Indeedee\n|-damage|p2b: Indeedee|30\/100 frz\n|-anim|p1a: Dragapult|Dragon Darts|p2a: Torkoal\n|-crit|p2a: Torkoal\n|-damage|p2a: Torkoal|63\/100\n|-damage|p1a: Dragapult|57\/100|[from] item: Life Orb\n|\n|-weather|RainDance|[upkeep]\n|upkeep\n|turn|5\n|\n|t:|1698442844\n|cant|p2b: Indeedee|frz\n|move|p2a: Torkoal|Eruption|p1b: Pelipper|[spread] p1a,p1b\n|-resisted|p1a: Dragapult\n|-resisted|p1b: Pelipper\n|-damage|p1a: Dragapult|36\/100\n|-damage|p1b: Pelipper|48\/100\n|move|p1b: Pelipper|Surf|p2b: Indeedee|[spread] p1a,p2a,p2b\n|-resisted|p1a: Dragapult\n|-supereffective|p2a: Torkoal\n|-crit|p2a: Torkoal\n|-damage|p1a: Dragapult|3\/100\n|-damage|p2a: Torkoal|0 fnt\n|-damage|p2b: Indeedee|0 fnt\n|faint|p2a: Torkoal\n|faint|p2b: Indeedee\n|move|p1a: Dragapult|Phantom Force||[still]\n|-prepare|p1a: Dragapult|Phantom Force\n|\n|-weather|RainDance|[upkeep]\n|-fieldend|move: Trick Room\n|-fieldend|move: Psychic Terrain\n|upkeep\n|\n|t:|1698442852\n|switch|p2b: Amoonguss|Amoonguss, F|100\/100\n|switch|p2a: Cresselia|Cresselia, F|100\/100\n|turn|6\n|\n|t:|1698442877\n|move|p2a: Cresselia|Ally Switch|p2a: Cresselia\n|swap|p2a: Cresselia|1|[from] move: Ally Switch\n|move|p1a: Dragapult|Phantom Force|p2a: Amoonguss|[from]lockedmove\n|-damage|p2a: Amoonguss|55\/100\n|-damage|p1a: Dragapult|0 fnt|[from] item: Life Orb\n|faint|p1a: Dragapult\n|move|p1b: Pelipper|Hurricane|p2b: Cresselia\n|-damage|p2b: Cresselia|75\/100\n|move|p2a: Amoonguss|Pollen Puff|p1b: Pelipper\n|-resisted|p1b: Pelipper\n|-damage|p1b: Pelipper|36\/100\n|\n|-weather|RainDance|[upkeep]\n|-heal|p2b: Cresselia|81\/100|[from] item: Leftovers\n|upkeep\n|\n|t:|1698442920\n|switch|p1a: Walking Wake|Walking Wake|100\/100\n|turn|7\n|\n|t:|1698442928\n|move|p1a: Walking Wake|Hurricane|p2b: Cresselia\n|-damage|p2b: Cresselia|50\/100\n|move|p1b: Pelipper|Hurricane|p2a: Amoonguss\n|-supereffective|p2a: Amoonguss\n|-damage|p2a: Amoonguss|0 fnt\n|faint|p2a: Amoonguss\n|move|p2b: Cresselia|Lunar Blessing|p2b: Cresselia\n|-heal|p2b: Cresselia|75\/100\n|\n|-weather|RainDance|[upkeep]\n|-heal|p2b: Cresselia|81\/100|[from] item: Leftovers\n|upkeep\n|\n|t:|1698442938\n|switch|p2a: Ursaluna|Ursaluna, M|100\/100\n|turn|8\n|\n|t:|1698442966\n|-end|p1a: Walking Wake|Protosynthesis|[silent]\n|switch|p1a: Arcanine|Arcanine, F|32\/100 slp\n|-ability|p1a: Arcanine|Intimidate|boost\n|-unboost|p2a: Ursaluna|atk|1\n|-unboost|p2b: Cresselia|atk|1\n|move|p1b: Pelipper|Surf|p2b: Cresselia|[spread] p1a,p2a,p2b\n|-supereffective|p1a: Arcanine\n|-supereffective|p2a: Ursaluna\n|-damage|p1a: Arcanine|0 fnt\n|-damage|p2a: Ursaluna|22\/100\n|-damage|p2b: Cresselia|57\/100\n|faint|p1a: Arcanine\n|move|p2a: Ursaluna|Earthquake|p1b: Pelipper|[spread] \n|-immune|p2b: Cresselia|[from] ability: Levitate\n|-immune|p1b: Pelipper\n|move|p2b: Cresselia|Trick Room|p2b: Cresselia\n|-fieldstart|move: Trick Room|[of] p2b: Cresselia\n|\n|-weather|RainDance|[upkeep]\n|-heal|p2b: Cresselia|64\/100|[from] item: Leftovers\n|-status|p2a: Ursaluna|brn|[from] item: Flame Orb\n|upkeep\n|\n|t:|1698442994\n|switch|p1a: Floatzel|Floatzel, F|100\/100\n|turn|9\n|l|\u2606Luckibreak\n|player|p2|\n|inactive|Battle timer is ON: inactive players will automatically lose when time's up. (requested by rookie dragon)\n|inactiveoff|Battle timer is now OFF.\n|inactive|Battle timer is ON: inactive players will automatically lose when time's up. (requested by rookie dragon)\n|inactive|Luckibreak has 30 seconds to reconnect!\n|inactive|Luckibreak has 20 seconds to reconnect!\n|inactive|Luckibreak has 15 seconds to reconnect!\n|inactive|Luckibreak has 10 seconds to reconnect!\n|inactive|Luckibreak has 5 seconds to reconnect!\n|-message|Luckibreak lost due to inactivity.\n|\n|win|rookie dragon\n|raw|rookie dragon's rating: 1335 &rarr; <strong>1352<\/strong><br \/>(+17 for winning)\n|raw|Luckibreak's rating: 1277 &rarr; <strong>1256<\/strong><br \/>(-21 for losing)\n","uploadtime":1698443127,"views":23,"p1id":"rookiedragon","p2id":"luckibreak","formatid":"gen9doublesou","rating":1256,"private":0,"password":""}