{"id":"gen9doublesou-1968127490","p1":"yashrajhora","p2":"Nneontastic","format":"[Gen 9] Doubles OU","log":"|html|<div class=\"broadcast-blue\"><strong>[Gen 9] Doubles OU is currently suspecting Basculegion & Flutter Mane! For information on how to participate check out the <a href=\"https:\/\/www.smogon.com\/forums\/threads\/np-sv-dou-stage-8-double-trouble.3729153\/\">suspect thread<\/a>.<\/strong><\/div>\n|j|\u2606yashrajhora\n|j|\u2606Nneontastic\n|t:|1697387070\n|gametype|doubles\n|player|p1|yashrajhora|101|1001\n|player|p2|Nneontastic|2|1000\n|teamsize|p1|6\n|teamsize|p2|6\n|gen|9\n|tier|[Gen 9] Doubles OU\n|rated|\n|rule|Species Clause: Limit one of each Pok\u00e9mon\n|rule|OHKO Clause: OHKO moves are banned\n|rule|Evasion Moves Clause: Evasion moves are banned\n|rule|Gravity Sleep Clause: The combination of sleep-inducing moves with imperfect accuracy and Gravity or Gigantamax Orbeetle are banned\n|rule|Endless Battle Clause: Forcing endless battles is banned\n|rule|HP Percentage Mod: HP is shown in percentages\n|clearpoke\n|poke|p1|Grimmsnarl, M|\n|poke|p1|Volcanion|\n|poke|p1|Orthworm, F|\n|poke|p1|Goodra-Hisui, M|\n|poke|p1|Clodsire, F|\n|poke|p1|Electrode-Hisui|\n|poke|p2|Volcarona, F|\n|poke|p2|Kingambit, M|\n|poke|p2|Lucario, F|\n|poke|p2|Maushold-Four|\n|poke|p2|Hippowdon, M|\n|poke|p2|Houndstone, F|\n|teampreview\n|\n|t:|1697387076\n|start\n|switch|p1a: Grimmsnarl|Grimmsnarl, M, shiny|100\/100\n|switch|p1b: Goodra|Goodra-Hisui, M|100\/100\n|switch|p2a: Micheal mouse|Maushold-Four, shiny|100\/100\n|switch|p2b: oh archivist|Lucario, F, shiny|100\/100\n|turn|1\n|\n|t:|1697387094\n|move|p1a: Grimmsnarl|Light Screen|p1a: Grimmsnarl\n|-sidestart|p1: yashrajhora|move: Light Screen\n|move|p2a: Micheal mouse|Beat Up|p2b: oh archivist\n|-resisted|p2b: oh archivist\n|-damage|p2b: oh archivist|98\/100\n|-ability|p2b: oh archivist|Justified|boost\n|-boost|p2b: oh archivist|atk|1\n|-resisted|p2b: oh archivist\n|-damage|p2b: oh archivist|96\/100\n|-ability|p2b: oh archivist|Justified|boost\n|-boost|p2b: oh archivist|atk|1\n|-resisted|p2b: oh archivist\n|-damage|p2b: oh archivist|93\/100\n|-ability|p2b: oh archivist|Justified|boost\n|-boost|p2b: oh archivist|atk|1\n|-resisted|p2b: oh archivist\n|-damage|p2b: oh archivist|91\/100\n|-ability|p2b: oh archivist|Justified|boost\n|-boost|p2b: oh archivist|atk|1\n|-resisted|p2b: oh archivist\n|-damage|p2b: oh archivist|88\/100\n|-ability|p2b: oh archivist|Justified|boost\n|-boost|p2b: oh archivist|atk|1\n|-resisted|p2b: oh archivist\n|-damage|p2b: oh archivist|86\/100\n|-ability|p2b: oh archivist|Justified|boost\n|-boost|p2b: oh archivist|atk|1\n|-hitcount|p2b: oh archivist|6\n|move|p2b: oh archivist|Drain Punch|p1b: Goodra\n|-supereffective|p1b: Goodra\n|-damage|p1b: Goodra|0 fnt\n|-heal|p2b: oh archivist|100\/100|[from] drain|[of] p1b: Goodra\n|faint|p1b: Goodra\n|\n|upkeep\n|\n|t:|1697387117\n|switch|p1b: Volcanion|Volcanion|100\/100\n|turn|2\n|\n|t:|1697387127\n|move|p2a: Micheal mouse|Follow Me|p2a: Micheal mouse\n|-singleturn|p2a: Micheal mouse|move: Follow Me\n|move|p2b: oh archivist|Drain Punch|p1a: Grimmsnarl\n|-damage|p1a: Grimmsnarl|0 fnt\n|faint|p1a: Grimmsnarl\n|move|p1b: Volcanion|Heat Wave|p2b: oh archivist|[spread] p2a,p2b\n|-supereffective|p2b: oh archivist\n|-damage|p2a: Micheal mouse|39\/100\n|-enditem|p2b: oh archivist|Focus Sash\n|-damage|p2b: oh archivist|1\/100\n|\n|-heal|p2a: Micheal mouse|45\/100|[from] item: Leftovers\n|upkeep\n|\n|t:|1697387139\n|switch|p1a: Electrode|Electrode-Hisui, shiny|100\/100\n|turn|3\n|\n|t:|1697387151\n|move|p1a: Electrode|Thunderbolt|p2b: oh archivist\n|-damage|p2b: oh archivist|0 fnt\n|faint|p2b: oh archivist\n|move|p2a: Micheal mouse|Low Kick|p1b: Volcanion\n|-damage|p1b: Volcanion|83\/100\n|move|p1b: Volcanion|Heat Wave|p2a: Micheal mouse\n|-damage|p2a: Micheal mouse|0 fnt\n|faint|p2a: Micheal mouse\n|\n|upkeep\n|\n|t:|1697387166\n|switch|p2a: Porato|Hippowdon, M|100\/100\n|switch|p2b: Absolute radiance|Volcarona, F, shiny|100\/100\n|-weather|Sandstorm|[from] ability: Sand Stream|[of] p2a: Porato\n|turn|4\n|\n|t:|1697387193\n|move|p1a: Electrode|Energy Ball|p2a: Porato\n|-supereffective|p2a: Porato\n|-damage|p2a: Porato|24\/100\n|move|p2b: Absolute radiance|Fiery Dance|p1a: Electrode\n|-supereffective|p1a: Electrode\n|-damage|p1a: Electrode|25\/100\n|move|p1b: Volcanion|Scald|p2a: Porato\n|-supereffective|p2a: Porato\n|-damage|p2a: Porato|0 fnt\n|faint|p2a: Porato\n|\n|-weather|Sandstorm|[upkeep]\n|-damage|p1a: Electrode|19\/100|[from] Sandstorm\n|-damage|p2b: Absolute radiance|94\/100|[from] Sandstorm\n|-damage|p1b: Volcanion|77\/100|[from] Sandstorm\n|upkeep\n|\n|t:|1697387208\n|switch|p2a: Houndstone|Houndstone, F|100\/100\n|turn|5\n|\n|t:|1697387216\n|move|p2a: Houndstone|Last Respects|p1b: Volcanion\n|-damage|p1b: Volcanion|1\/100\n|move|p1a: Electrode|Foul Play|p2a: Houndstone\n|-supereffective|p2a: Houndstone\n|-damage|p2a: Houndstone|23\/100\n|move|p2b: Absolute radiance|Fiery Dance|p1a: Electrode\n|-supereffective|p1a: Electrode\n|-damage|p1a: Electrode|0 fnt\n|faint|p1a: Electrode\n|move|p1b: Volcanion|Heat Wave|p2b: Absolute radiance|[spread] p2a,p2b\n|-crit|p2a: Houndstone\n|-damage|p2a: Houndstone|0 fnt\n|-damage|p2b: Absolute radiance|63\/100\n|faint|p2a: Houndstone\n|\n|-weather|Sandstorm|[upkeep]\n|-damage|p2b: Absolute radiance|56\/100|[from] Sandstorm\n|-damage|p1b: Volcanion|0 fnt|[from] Sandstorm\n|faint|p1b: Volcanion\n|upkeep\n|\n|t:|1697387235\n|switch|p1a: Orthworm|Orthworm, F|100\/100\n|switch|p2a: Shaw?|Kingambit, M, shiny|100\/100\n|switch|p1b: Clodsire|Clodsire, F, shiny|100\/100\n|-activate|p2a: Shaw?|ability: Supreme Overlord\n|-start|p2a: Shaw?|fallen4|[silent]\n|turn|6\n|\n|t:|1697387248\n|move|p2b: Absolute radiance|Flamethrower|p1a: Orthworm\n|-supereffective|p1a: Orthworm\n|-damage|p1a: Orthworm|0 fnt\n|faint|p1a: Orthworm\n|move|p2a: Shaw?|Kowtow Cleave|p1b: Clodsire\n|-damage|p1b: Clodsire|11\/100\n|move|p1b: Clodsire|Earthquake|p2a: Shaw?|[spread] p2a,p2b\n|-supereffective|p2a: Shaw?\n|-damage|p2a: Shaw?|53\/100\n|-damage|p2b: Absolute radiance|1\/100\n|\n|-weather|Sandstorm|[upkeep]\n|-damage|p2b: Absolute radiance|0 fnt|[from] Sandstorm\n|faint|p2b: Absolute radiance\n|upkeep\n|turn|7\n|\n|t:|1697387266\n|move|p2a: Shaw?|Kowtow Cleave|p1b: Clodsire\n|-damage|p1b: Clodsire|0 fnt\n|faint|p1b: Clodsire\n|\n|win|Nneontastic\n|raw|yashrajhora's rating: 1001 &rarr; <strong>1000<\/strong><br \/>(-1 for losing)\n|raw|Nneontastic's rating: 1000 &rarr; <strong>1040<\/strong><br \/>(+40 for winning)\n|l|\u2606yashrajhora\n","uploadtime":1697387428,"views":21,"p1id":"yashrajhora","p2id":"nneontastic","formatid":"gen9doublesou","rating":1000,"private":0,"password":""}