{"id":"gen9doublesou-1993253610","p1":"OPieceOfHeroGhost","p2":"H4LFBLOOD","format":"[Gen 9] Doubles OU","log":"|j|\u2606OPieceOfHeroGhost\n|j|\u2606H4LFBLOOD\n|t:|1700284782\n|gametype|doubles\n|player|p1|OPieceOfHeroGhost|morty|1489\n|player|p2|H4LFBLOOD|n|1414\n|teamsize|p1|6\n|teamsize|p2|6\n|gen|9\n|tier|[Gen 9] Doubles OU\n|rated|\n|rule|Species Clause: Limit one of each Pok\u00e9mon\n|rule|OHKO Clause: OHKO moves are banned\n|rule|Evasion Moves Clause: Evasion moves are banned\n|rule|Gravity Sleep Clause: The combination of sleep-inducing moves with imperfect accuracy and Gravity or Gigantamax Orbeetle are banned\n|rule|Endless Battle Clause: Forcing endless battles is banned\n|rule|HP Percentage Mod: HP is shown in percentages\n|clearpoke\n|poke|p1|Heatran, F|\n|poke|p1|Rillaboom, F|\n|poke|p1|Flutter Mane|\n|poke|p1|Chien-Pao|\n|poke|p1|Iron Hands|\n|poke|p1|Landorus-Therian, M|\n|poke|p2|Lilligant-Hisui, F|\n|poke|p2|Torkoal, F|\n|poke|p2|Flutter Mane|\n|poke|p2|Chien-Pao|\n|poke|p2|Dragonite, F|\n|poke|p2|Ribombee, M|\n|teampreview\n|\n|t:|1700284791\n|start\n|switch|p1a: \u989d\u554a\uff01\u8150\u8680\u80c6\u6c41\uff01|Heatran, F|100\/100\n|switch|p1b: \u62cd\u6253\u7329|Rillaboom, F|100\/100\n|switch|p2a: Ribombee|Ribombee, M|100\/100\n|switch|p2b: Chien-Pao|Chien-Pao|100\/100\n|-ability|p2b: Chien-Pao|Sword of Ruin\n|-fieldstart|move: Grassy Terrain|[from] ability: Grassy Surge|[of] p1b: \u62cd\u6253\u7329\n|turn|1\n|\n|t:|1700284806\n|move|p2b: Chien-Pao|Protect|p2b: Chien-Pao\n|-singleturn|p2b: Chien-Pao|Protect\n|move|p1b: \u62cd\u6253\u7329|Fake Out|p2b: Chien-Pao\n|-activate|p2b: Chien-Pao|move: Protect\n|move|p2a: Ribombee|Sticky Web|p1a: \u989d\u554a\uff01\u8150\u8680\u80c6\u6c41\uff01\n|-sidestart|p1: OPieceOfHeroGhost|move: Sticky Web\n|move|p1a: \u989d\u554a\uff01\u8150\u8680\u80c6\u6c41\uff01|Heat Wave|p2b: Chien-Pao|[spread] \n|-activate|p2b: Chien-Pao|move: Protect\n|-miss|p1a: \u989d\u554a\uff01\u8150\u8680\u80c6\u6c41\uff01|p2a: Ribombee\n|\n|upkeep\n|turn|2\n|\n|t:|1700284827\n|move|p1a: \u989d\u554a\uff01\u8150\u8680\u80c6\u6c41\uff01|Protect|p1a: \u989d\u554a\uff01\u8150\u8680\u80c6\u6c41\uff01\n|-singleturn|p1a: \u989d\u554a\uff01\u8150\u8680\u80c6\u6c41\uff01|Protect\n|move|p1b: \u62cd\u6253\u7329|Grassy Glide|p2b: Chien-Pao\n|-damage|p2b: Chien-Pao|36\/100\n|move|p2b: Chien-Pao|Sacred Sword|p1a: \u989d\u554a\uff01\u8150\u8680\u80c6\u6c41\uff01\n|-activate|p1a: \u989d\u554a\uff01\u8150\u8680\u80c6\u6c41\uff01|move: Protect\n|move|p2a: Ribombee|Pollen Puff|p1b: \u62cd\u6253\u7329\n|-supereffective|p1b: \u62cd\u6253\u7329\n|-damage|p1b: \u62cd\u6253\u7329|40\/100\n|\n|-heal|p2b: Chien-Pao|42\/100|[from] Grassy Terrain\n|-heal|p1b: \u62cd\u6253\u7329|46\/100|[from] Grassy Terrain\n|upkeep\n|turn|3\n|\n|t:|1700284851\n|switch|p1b: \u571f\u732b\u8e29\u6211|Landorus-Therian, M|100\/100\n|-ability|p1b: \u571f\u732b\u8e29\u6211|Intimidate|boost\n|-unboost|p2a: Ribombee|atk|1\n|-unboost|p2b: Chien-Pao|atk|1\n|move|p2b: Chien-Pao|Protect|p2b: Chien-Pao\n|-singleturn|p2b: Chien-Pao|Protect\n|move|p2a: Ribombee|Pollen Puff|p1b: \u571f\u732b\u8e29\u6211\n|-resisted|p1b: \u571f\u732b\u8e29\u6211\n|-damage|p1b: \u571f\u732b\u8e29\u6211|84\/100\n|move|p1a: \u989d\u554a\uff01\u8150\u8680\u80c6\u6c41\uff01|Heat Wave|p2b: Chien-Pao|[spread] p2a\n|-activate|p2b: Chien-Pao|move: Protect\n|-supereffective|p2a: Ribombee\n|-damage|p2a: Ribombee|0 fnt\n|faint|p2a: Ribombee\n|\n|-heal|p2b: Chien-Pao|48\/100|[from] Grassy Terrain\n|upkeep\n|\n|t:|1700284871\n|switch|p2a: Dragonite|Dragonite, F|100\/100\n|turn|4\n|\n|t:|1700284879\n|move|p1a: \u989d\u554a\uff01\u8150\u8680\u80c6\u6c41\uff01|Protect|p1a: \u989d\u554a\uff01\u8150\u8680\u80c6\u6c41\uff01\n|-singleturn|p1a: \u989d\u554a\uff01\u8150\u8680\u80c6\u6c41\uff01|Protect\n|move|p1b: \u571f\u732b\u8e29\u6211|U-turn|p2b: Chien-Pao\n|-supereffective|p2b: Chien-Pao\n|-damage|p2b: Chien-Pao|0 fnt\n|faint|p2b: Chien-Pao\n|\n|t:|1700284894\n|switch|p1b: ku\ud83d\udcb0\u70ae|Chien-Pao|100\/100|[from] U-turn\n|-activate|p1b: ku\ud83d\udcb0\u70ae|move: Sticky Web\n|-unboost|p1b: ku\ud83d\udcb0\u70ae|spe|1\n|-ability|p1b: ku\ud83d\udcb0\u70ae|Sword of Ruin\n|move|p2a: Dragonite|Stomping Tantrum|p1a: \u989d\u554a\uff01\u8150\u8680\u80c6\u6c41\uff01\n|-activate|p1a: \u989d\u554a\uff01\u8150\u8680\u80c6\u6c41\uff01|move: Protect\n|\n|upkeep\n|\n|t:|1700284901\n|switch|p2b: Flutter Mane|Flutter Mane|100\/100\n|turn|5\n|\n|t:|1700284917\n|-terastallize|p2b: Flutter Mane|Fairy\n|-terastallize|p1a: \u989d\u554a\uff01\u8150\u8680\u80c6\u6c41\uff01|Grass\n|move|p2b: Flutter Mane|Dazzling Gleam|p1a: \u989d\u554a\uff01\u8150\u8680\u80c6\u6c41\uff01|[spread] p1a,p1b\n|-supereffective|p1b: ku\ud83d\udcb0\u70ae\n|-damage|p1a: \u989d\u554a\uff01\u8150\u8680\u80c6\u6c41\uff01|49\/100\n|-enditem|p1b: ku\ud83d\udcb0\u70ae|Focus Sash\n|-damage|p1b: ku\ud83d\udcb0\u70ae|1\/100\n|move|p1b: ku\ud83d\udcb0\u70ae|Icicle Crash|p2b: Flutter Mane|[miss]\n|-miss|p1b: ku\ud83d\udcb0\u70ae|p2b: Flutter Mane\n|move|p2a: Dragonite|Stomping Tantrum|p1a: \u989d\u554a\uff01\u8150\u8680\u80c6\u6c41\uff01\n|-resisted|p1a: \u989d\u554a\uff01\u8150\u8680\u80c6\u6c41\uff01\n|-damage|p1a: \u989d\u554a\uff01\u8150\u8680\u80c6\u6c41\uff01|23\/100\n|move|p1a: \u989d\u554a\uff01\u8150\u8680\u80c6\u6c41\uff01|Heat Wave|p2b: Flutter Mane|[spread] p2a,p2b\n|-resisted|p2a: Dragonite\n|-damage|p2a: Dragonite|81\/100\n|-damage|p2b: Flutter Mane|64\/100\n|\n|-heal|p2b: Flutter Mane|70\/100|[from] Grassy Terrain\n|-heal|p1b: ku\ud83d\udcb0\u70ae|7\/100|[from] Grassy Terrain\n|-heal|p1a: \u989d\u554a\uff01\u8150\u8680\u80c6\u6c41\uff01|29\/100|[from] Grassy Terrain\n|-heal|p1a: \u989d\u554a\uff01\u8150\u8680\u80c6\u6c41\uff01|35\/100|[from] item: Leftovers\n|-fieldend|move: Grassy Terrain\n|upkeep\n|turn|6\n|\n|t:|1700284943\n|move|p1a: \u989d\u554a\uff01\u8150\u8680\u80c6\u6c41\uff01|Protect|p1a: \u989d\u554a\uff01\u8150\u8680\u80c6\u6c41\uff01\n|-singleturn|p1a: \u989d\u554a\uff01\u8150\u8680\u80c6\u6c41\uff01|Protect\n|move|p1b: ku\ud83d\udcb0\u70ae|Sucker Punch|p2b: Flutter Mane\n|-resisted|p2b: Flutter Mane\n|-damage|p2b: Flutter Mane|33\/100\n|move|p2b: Flutter Mane|Dazzling Gleam|p1b: ku\ud83d\udcb0\u70ae|[spread] p1b\n|-activate|p1a: \u989d\u554a\uff01\u8150\u8680\u80c6\u6c41\uff01|move: Protect\n|-supereffective|p1b: ku\ud83d\udcb0\u70ae\n|-damage|p1b: ku\ud83d\udcb0\u70ae|0 fnt\n|faint|p1b: ku\ud83d\udcb0\u70ae\n|move|p2a: Dragonite|Stomping Tantrum|p1a: \u989d\u554a\uff01\u8150\u8680\u80c6\u6c41\uff01\n|-activate|p1a: \u989d\u554a\uff01\u8150\u8680\u80c6\u6c41\uff01|move: Protect\n|\n|-heal|p1a: \u989d\u554a\uff01\u8150\u8680\u80c6\u6c41\uff01|42\/100|[from] item: Leftovers\n|upkeep\n|\n|t:|1700284958\n|switch|p1b: \u4f60\u62cd\u4e94\uff0c\u6211\u62cd\u516d\uff0c\u51fb\u638c\u5947\u88ad\u754f\u4e2a\u7f29|Iron Hands|100\/100\n|-activate|p1b: \u4f60\u62cd\u4e94\uff0c\u6211\u62cd\u516d\uff0c\u51fb\u638c\u5947\u88ad\u754f\u4e2a\u7f29|move: Sticky Web\n|-unboost|p1b: \u4f60\u62cd\u4e94\uff0c\u6211\u62cd\u516d\uff0c\u51fb\u638c\u5947\u88ad\u754f\u4e2a\u7f29|spe|1\n|turn|7\n|\n|t:|1700284964\n|move|p1b: \u4f60\u62cd\u4e94\uff0c\u6211\u62cd\u516d\uff0c\u51fb\u638c\u5947\u88ad\u754f\u4e2a\u7f29|Fake Out|p2b: Flutter Mane\n|-damage|p2b: Flutter Mane|10\/100\n|cant|p2b: Flutter Mane|flinch\n|move|p2a: Dragonite|Stomping Tantrum|p1b: \u4f60\u62cd\u4e94\uff0c\u6211\u62cd\u516d\uff0c\u51fb\u638c\u5947\u88ad\u754f\u4e2a\u7f29\n|-supereffective|p1b: \u4f60\u62cd\u4e94\uff0c\u6211\u62cd\u516d\uff0c\u51fb\u638c\u5947\u88ad\u754f\u4e2a\u7f29\n|-damage|p1b: \u4f60\u62cd\u4e94\uff0c\u6211\u62cd\u516d\uff0c\u51fb\u638c\u5947\u88ad\u754f\u4e2a\u7f29|45\/100\n|move|p1a: \u989d\u554a\uff01\u8150\u8680\u80c6\u6c41\uff01|Heat Wave|p2b: Flutter Mane|[spread] p2a,p2b\n|-resisted|p2a: Dragonite\n|-damage|p2a: Dragonite|60\/100\n|-damage|p2b: Flutter Mane|0 fnt\n|faint|p2b: Flutter Mane\n|-end|p2b: Flutter Mane|Protosynthesis|[silent]\n|\n|-heal|p1a: \u989d\u554a\uff01\u8150\u8680\u80c6\u6c41\uff01|48\/100|[from] item: Leftovers\n|upkeep\n|\n|t:|1700284972\n|switch|p2b: Torkoal|Torkoal, F|100\/100\n|-weather|SunnyDay|[from] ability: Drought|[of] p2b: Torkoal\n|turn|8\n|\n|t:|1700284985\n|-end|p1b: \u4f60\u62cd\u4e94\uff0c\u6211\u62cd\u516d\uff0c\u51fb\u638c\u5947\u88ad\u754f\u4e2a\u7f29|Quark Drive|[silent]\n|switch|p1b: \u62cd\u6253\u7329|Rillaboom, F|46\/100\n|-activate|p1b: \u62cd\u6253\u7329|move: Sticky Web\n|-unboost|p1b: \u62cd\u6253\u7329|spe|1\n|-fieldstart|move: Grassy Terrain|[from] ability: Grassy Surge|[of] p1b: \u62cd\u6253\u7329\n|move|p2b: Torkoal|Protect|p2b: Torkoal\n|-singleturn|p2b: Torkoal|Protect\n|move|p2a: Dragonite|Stomping Tantrum|p1b: \u62cd\u6253\u7329\n|-resisted|p1b: \u62cd\u6253\u7329\n|-damage|p1b: \u62cd\u6253\u7329|26\/100\n|move|p1a: \u989d\u554a\uff01\u8150\u8680\u80c6\u6c41\uff01|Earth Power|p2b: Torkoal\n|-activate|p2b: Torkoal|move: Protect\n|\n|-weather|SunnyDay|[upkeep]\n|-heal|p1a: \u989d\u554a\uff01\u8150\u8680\u80c6\u6c41\uff01|54\/100|[from] Grassy Terrain\n|-heal|p1a: \u989d\u554a\uff01\u8150\u8680\u80c6\u6c41\uff01|60\/100|[from] item: Leftovers\n|-heal|p1b: \u62cd\u6253\u7329|32\/100|[from] Grassy Terrain\n|upkeep\n|turn|9\n|\n|t:|1700285007\n|switch|p2a: Lilligant|Lilligant-Hisui, F|100\/100\n|move|p1b: \u62cd\u6253\u7329|Fake Out|p2a: Lilligant\n|-damage|p2a: Lilligant|77\/100\n|move|p1a: \u989d\u554a\uff01\u8150\u8680\u80c6\u6c41\uff01|Earth Power|p2b: Torkoal\n|-supereffective|p2b: Torkoal\n|-damage|p2b: Torkoal|8\/100\n|move|p2b: Torkoal|Earth Power|p1a: \u989d\u554a\uff01\u8150\u8680\u80c6\u6c41\uff01\n|-resisted|p1a: \u989d\u554a\uff01\u8150\u8680\u80c6\u6c41\uff01\n|-damage|p1a: \u989d\u554a\uff01\u8150\u8680\u80c6\u6c41\uff01|49\/100\n|\n|-weather|SunnyDay|[upkeep]\n|-heal|p2a: Lilligant|83\/100|[from] Grassy Terrain\n|-heal|p1a: \u989d\u554a\uff01\u8150\u8680\u80c6\u6c41\uff01|56\/100|[from] Grassy Terrain\n|-heal|p1a: \u989d\u554a\uff01\u8150\u8680\u80c6\u6c41\uff01|62\/100|[from] item: Leftovers\n|-heal|p1b: \u62cd\u6253\u7329|39\/100|[from] Grassy Terrain\n|-heal|p2b: Torkoal|14\/100|[from] Grassy Terrain\n|upkeep\n|turn|10\n|\n|t:|1700285031\n|move|p1a: \u989d\u554a\uff01\u8150\u8680\u80c6\u6c41\uff01|Protect|p1a: \u989d\u554a\uff01\u8150\u8680\u80c6\u6c41\uff01\n|-singleturn|p1a: \u989d\u554a\uff01\u8150\u8680\u80c6\u6c41\uff01|Protect\n|move|p1b: \u62cd\u6253\u7329|Grassy Glide|p2b: Torkoal\n|-resisted|p2b: Torkoal\n|-damage|p2b: Torkoal|0 fnt\n|faint|p2b: Torkoal\n|move|p2a: Lilligant|Close Combat|p1a: \u989d\u554a\uff01\u8150\u8680\u80c6\u6c41\uff01\n|-activate|p1a: \u989d\u554a\uff01\u8150\u8680\u80c6\u6c41\uff01|move: Protect\n|\n|-weather|SunnyDay|[upkeep]\n|-heal|p2a: Lilligant|89\/100|[from] Grassy Terrain\n|-heal|p1a: \u989d\u554a\uff01\u8150\u8680\u80c6\u6c41\uff01|68\/100|[from] Grassy Terrain\n|-heal|p1a: \u989d\u554a\uff01\u8150\u8680\u80c6\u6c41\uff01|74\/100|[from] item: Leftovers\n|-heal|p1b: \u62cd\u6253\u7329|45\/100|[from] Grassy Terrain\n|upkeep\n|\n|t:|1700285042\n|switch|p2b: Dragonite|Dragonite, F|60\/100\n|turn|11\n|\n|t:|1700285052\n|switch|p1b: \u571f\u732b\u8e29\u6211|Landorus-Therian, M|84\/100\n|-ability|p1b: \u571f\u732b\u8e29\u6211|Intimidate|boost\n|-unboost|p2a: Lilligant|atk|1\n|-fail|p2b: Dragonite|unboost|Attack|[from] ability: Inner Focus|[of] p2b: Dragonite\n|move|p2b: Dragonite|Extreme Speed|p1b: \u571f\u732b\u8e29\u6211\n|-damage|p1b: \u571f\u732b\u8e29\u6211|32\/100\n|move|p2a: Lilligant|Encore|p1a: \u989d\u554a\uff01\u8150\u8680\u80c6\u6c41\uff01\n|-start|p1a: \u989d\u554a\uff01\u8150\u8680\u80c6\u6c41\uff01|Encore\n|move|p1a: \u989d\u554a\uff01\u8150\u8680\u80c6\u6c41\uff01|Protect||[still]\n|-fail|p1a: \u989d\u554a\uff01\u8150\u8680\u80c6\u6c41\uff01\n|\n|-weather|SunnyDay|[upkeep]\n|-heal|p2a: Lilligant|95\/100|[from] Grassy Terrain\n|-heal|p1a: \u989d\u554a\uff01\u8150\u8680\u80c6\u6c41\uff01|81\/100|[from] Grassy Terrain\n|-heal|p1a: \u989d\u554a\uff01\u8150\u8680\u80c6\u6c41\uff01|87\/100|[from] item: Leftovers\n|upkeep\n|turn|12\n|\n|t:|1700285073\n|switch|p1a: \u4f60\u53d1\u59d0\u6c38\u8fdc\u662f\u4f60\u53d1\u59d0|Flutter Mane|100\/100\n|-activate|p1a: \u4f60\u53d1\u59d0\u6c38\u8fdc\u662f\u4f60\u53d1\u59d0|move: Sticky Web\n|-unboost|p1a: \u4f60\u53d1\u59d0\u6c38\u8fdc\u662f\u4f60\u53d1\u59d0|spe|1\n|-activate|p1a: \u4f60\u53d1\u59d0\u6c38\u8fdc\u662f\u4f60\u53d1\u59d0|ability: Protosynthesis\n|-start|p1a: \u4f60\u53d1\u59d0\u6c38\u8fdc\u662f\u4f60\u53d1\u59d0|protosynthesisspa\n|move|p2b: Dragonite|Extreme Speed|p1b: \u571f\u732b\u8e29\u6211\n|-damage|p1b: \u571f\u732b\u8e29\u6211|0 fnt\n|faint|p1b: \u571f\u732b\u8e29\u6211\n|move|p2a: Lilligant|Solar Blade||[still]\n|-prepare|p2a: Lilligant|Solar Blade\n|-anim|p2a: Lilligant|Solar Blade|p1a: \u4f60\u53d1\u59d0\u6c38\u8fdc\u662f\u4f60\u53d1\u59d0\n|-damage|p1a: \u4f60\u53d1\u59d0\u6c38\u8fdc\u662f\u4f60\u53d1\u59d0|14\/100\n|\n|-weather|none\n|-end|p1a: \u4f60\u53d1\u59d0\u6c38\u8fdc\u662f\u4f60\u53d1\u59d0|Protosynthesis\n|-heal|p2a: Lilligant|100\/100|[from] Grassy Terrain\n|-heal|p1a: \u4f60\u53d1\u59d0\u6c38\u8fdc\u662f\u4f60\u53d1\u59d0|20\/100|[from] Grassy Terrain\n|-fieldend|move: Grassy Terrain\n|upkeep\n|\n|t:|1700285092\n|switch|p1b: \u62cd\u6253\u7329|Rillaboom, F|45\/100\n|-activate|p1b: \u62cd\u6253\u7329|move: Sticky Web\n|-unboost|p1b: \u62cd\u6253\u7329|spe|1\n|-fieldstart|move: Grassy Terrain|[from] ability: Grassy Surge|[of] p1b: \u62cd\u6253\u7329\n|turn|13\n|\n|t:|1700285107\n|move|p1b: \u62cd\u6253\u7329|Fake Out|p2a: Lilligant\n|-damage|p2a: Lilligant|76\/100\n|move|p2b: Dragonite|Extreme Speed|p1b: \u62cd\u6253\u7329\n|-damage|p1b: \u62cd\u6253\u7329|3\/100\n|cant|p2a: Lilligant|flinch\n|move|p1a: \u4f60\u53d1\u59d0\u6c38\u8fdc\u662f\u4f60\u53d1\u59d0|Dazzling Gleam|p2b: Dragonite|[spread] p2a,p2b\n|-supereffective|p2a: Lilligant\n|-supereffective|p2b: Dragonite\n|-damage|p2a: Lilligant|0 fnt\n|-damage|p2b: Dragonite|0 fnt\n|faint|p2a: Lilligant\n|faint|p2b: Dragonite\n|\n|win|OPieceOfHeroGhost\n|raw|OPieceOfHeroGhost's rating: 1489 &rarr; <strong>1505<\/strong><br \/>(+16 for winning)\n|raw|H4LFBLOOD's rating: 1414 &rarr; <strong>1398<\/strong><br \/>(-16 for losing)\n|l|\u2606H4LFBLOOD\n","uploadtime":1700285123,"views":7,"p1id":"opieceofheroghost","p2id":"h4lfblood","formatid":"gen9doublesou","rating":1398,"private":0,"password":""}