{"id":"gen9doublesou-1998498499","p1":"Bluesnowflakes","p2":"tochigiguy","format":"[Gen 9] Doubles OU","log":"|j|\u2606Bluesnowflakes\n|j|\u2606tochigiguy\n|t:|1700949158\n|gametype|doubles\n|player|p1|Bluesnowflakes|waitress-gen4|1132\n|player|p2|tochigiguy|1|1105\n|teamsize|p1|6\n|teamsize|p2|6\n|gen|9\n|tier|[Gen 9] Doubles OU\n|rated|\n|rule|Species Clause: Limit one of each Pok\u00e9mon\n|rule|OHKO Clause: OHKO moves are banned\n|rule|Evasion Moves Clause: Evasion moves are banned\n|rule|Gravity Sleep Clause: The combination of sleep-inducing moves with imperfect accuracy and Gravity or Gigantamax Orbeetle are banned\n|rule|Endless Battle Clause: Forcing endless battles is banned\n|rule|HP Percentage Mod: HP is shown in percentages\n|clearpoke\n|poke|p1|Murkrow, M|\n|poke|p1|Sylveon, M|\n|poke|p1|Basculegion-F, F|\n|poke|p1|Sinistcha-Masterpiece|\n|poke|p1|Maushold-Four|\n|poke|p1|Volcarona, F|\n|poke|p2|Iron Hands|\n|poke|p2|Heatran, F|\n|poke|p2|Sinistcha|\n|poke|p2|Landorus-Therian, M|\n|poke|p2|Ogerpon-Wellspring, F|\n|poke|p2|Grimmsnarl, M|\n|teampreview\n|\n|t:|1700949179\n|start\n|switch|p1a: Murkrow|Murkrow, M|100\/100\n|switch|p1b: Sylveon|Sylveon, M, shiny|100\/100\n|switch|p2a: Iron Hands|Iron Hands|100\/100\n|switch|p2b: Grimmsnarl|Grimmsnarl, M|100\/100\n|-enditem|p2a: Iron Hands|Booster Energy\n|-activate|p2a: Iron Hands|ability: Quark Drive|[fromitem]\n|-start|p2a: Iron Hands|quarkdriveatk\n|turn|1\n|\n|t:|1700949194\n|move|p2a: Iron Hands|Fake Out|p1a: Murkrow\n|-damage|p1a: Murkrow|55\/100\n|-damage|p2a: Iron Hands|84\/100|[from] item: Rocky Helmet|[of] p1a: Murkrow\n|cant|p1a: Murkrow|flinch\n|move|p2b: Grimmsnarl|Light Screen|p2b: Grimmsnarl\n|-sidestart|p2: tochigiguy|move: Light Screen\n|move|p1b: Sylveon|Hyper Voice|p2b: Grimmsnarl|[spread] p2a,p2b\n|-supereffective|p2a: Iron Hands\n|-supereffective|p2b: Grimmsnarl\n|-damage|p2a: Iron Hands|33\/100\n|-damage|p2b: Grimmsnarl|46\/100\n|\n|upkeep\n|turn|2\n|\n|t:|1700949226\n|-end|p2a: Iron Hands|Quark Drive|[silent]\n|switch|p2a: Heatran|Heatran, F|100\/100\n|move|p2b: Grimmsnarl|Parting Shot|p1b: Sylveon\n|-unboost|p1b: Sylveon|atk|1\n|-unboost|p1b: Sylveon|spa|1\n|\n|t:|1700949236\n|switch|p2b: Ogerpon|Ogerpon-Wellspring, F|100\/100|[from] Parting Shot\n|move|p1a: Murkrow|Brave Bird|p2a: Heatran\n|-resisted|p2a: Heatran\n|-crit|p2a: Heatran\n|-damage|p2a: Heatran|73\/100\n|-damage|p1a: Murkrow|41\/100|[from] Recoil\n|move|p1b: Sylveon|Hyper Voice|p2a: Heatran|[spread] p2a,p2b\n|-resisted|p2a: Heatran\n|-damage|p2a: Heatran|70\/100\n|-damage|p2b: Ogerpon|80\/100\n|\n|upkeep\n|turn|3\n|\n|t:|1700949256\n|-terastallize|p2b: Ogerpon|Water\n|detailschange|p2b: Ogerpon|Ogerpon-Wellspring-Tera, F, tera:Water\n|-ability|p2b: Ogerpon|Embody Aspect (Wellspring)|boost\n|-boost|p2b: Ogerpon|spd|1\n|move|p1a: Murkrow|Tailwind|p1a: Murkrow\n|-sidestart|p1: Bluesnowflakes|move: Tailwind\n|move|p2b: Ogerpon|Ivy Cudgel|p1a: Murkrow|[anim] Ivy Cudgel Water\n|-damage|p1a: Murkrow|0 fnt\n|faint|p1a: Murkrow\n|move|p1b: Sylveon|Yawn|p2b: Ogerpon\n|-start|p2b: Ogerpon|move: Yawn|[of] p1b: Sylveon\n|move|p2a: Heatran|Lava Plume|p1b: Sylveon|[spread] p2b,p1b\n|-resisted|p2b: Ogerpon\n|-damage|p2b: Ogerpon|73\/100\n|-damage|p1b: Sylveon|84\/100\n|-status|p1b: Sylveon|brn\n|\n|-damage|p1b: Sylveon|78\/100 brn|[from] brn\n|upkeep\n|\n|t:|1700949271\n|switch|p1a: Maushold|Maushold-Four|100\/100\n|turn|4\n|\n|t:|1700949290\n|switch|p2b: Sinistcha|Sinistcha|100\/100\n|-heal|p2a: Heatran|95\/100|[from] ability: Hospitality|[of] p2b: Sinistcha\n|move|p1b: Sylveon|Helping Hand|p1a: Maushold\n|-singleturn|p1a: Maushold|Helping Hand|[of] p1b: Sylveon\n|move|p1a: Maushold|Population Bomb|p2b: Sinistcha\n|-immune|p2b: Sinistcha\n|move|p2a: Heatran|Flash Cannon|p1b: Sylveon\n|-supereffective|p1b: Sylveon\n|-damage|p1b: Sylveon|37\/100 brn\n|\n|-damage|p1b: Sylveon|31\/100 brn|[from] brn\n|upkeep\n|turn|5\n|\n|t:|1700949321\n|move|p2b: Sinistcha|Protect|p2b: Sinistcha\n|-singleturn|p2b: Sinistcha|Protect\n|move|p1a: Maushold|Super Fang|p2b: Sinistcha\n|-activate|p2b: Sinistcha|move: Protect\n|move|p1b: Sylveon|Hyper Voice|p2a: Heatran|[spread] p2a\n|-activate|p2b: Sinistcha|move: Protect\n|-resisted|p2a: Heatran\n|-damage|p2a: Heatran|93\/100\n|move|p2a: Heatran|Flash Cannon|p1b: Sylveon\n|-supereffective|p1b: Sylveon\n|-damage|p1b: Sylveon|0 fnt\n|faint|p1b: Sylveon\n|\n|-sideend|p2: tochigiguy|move: Light Screen\n|upkeep\n|\n|t:|1700949330\n|switch|p1b: Volcarona|Volcarona, F|100\/100\n|turn|6\n|\n|t:|1700949350\n|switch|p2b: Landorus|Landorus-Therian, M|100\/100\n|-ability|p2b: Landorus|Intimidate|boost\n|-unboost|p1a: Maushold|atk|1\n|-unboost|p1b: Volcarona|atk|1\n|move|p1a: Maushold|Super Fang|p2a: Heatran\n|-damage|p2a: Heatran|47\/100\n|move|p1b: Volcarona|Quiver Dance|p1b: Volcarona\n|-boost|p1b: Volcarona|spa|1\n|-boost|p1b: Volcarona|spd|1\n|-boost|p1b: Volcarona|spe|1\n|move|p2a: Heatran|Power Gem|p1b: Volcarona\n|-supereffective|p1b: Volcarona\n|-damage|p1b: Volcarona|31\/100\n|\n|-sideend|p1: Bluesnowflakes|move: Tailwind\n|upkeep\n|turn|7\n|\n|t:|1700949372\n|move|p1b: Volcarona|Giga Drain|p2b: Landorus\n|-crit|p2b: Landorus\n|-damage|p2b: Landorus|11\/100\n|-heal|p1b: Volcarona|77\/100|[from] drain|[of] p2b: Landorus\n|move|p1a: Maushold|Population Bomb|p2a: Heatran\n|-resisted|p2a: Heatran\n|-damage|p2a: Heatran|44\/100\n|-status|p1a: Maushold|brn|[from] ability: Flame Body|[of] p2a: Heatran\n|-resisted|p2a: Heatran\n|-damage|p2a: Heatran|43\/100\n|-resisted|p2a: Heatran\n|-damage|p2a: Heatran|42\/100\n|-resisted|p2a: Heatran\n|-damage|p2a: Heatran|40\/100\n|-resisted|p2a: Heatran\n|-damage|p2a: Heatran|39\/100\n|-resisted|p2a: Heatran\n|-damage|p2a: Heatran|38\/100\n|-resisted|p2a: Heatran\n|-damage|p2a: Heatran|37\/100\n|-resisted|p2a: Heatran\n|-damage|p2a: Heatran|35\/100\n|-resisted|p2a: Heatran\n|-damage|p2a: Heatran|34\/100\n|-resisted|p2a: Heatran\n|-damage|p2a: Heatran|33\/100\n|-hitcount|p2a: Heatran|10\n|move|p2b: Landorus|Rock Slide|p1b: Volcarona|[spread] p1a,p1b\n|-supereffective|p1b: Volcarona\n|-crit|p1b: Volcarona\n|-damage|p1a: Maushold|59\/100 brn\n|-damage|p1b: Volcarona|0 fnt\n|faint|p1b: Volcarona\n|-damage|p2b: Landorus|1\/100|[from] item: Life Orb\n|move|p2a: Heatran|Power Gem|p1a: Maushold\n|-damage|p1a: Maushold|19\/100 brn\n|\n|-damage|p1a: Maushold|13\/100 brn|[from] brn\n|upkeep\n|\n|t:|1700949385\n|switch|p1b: Sinistcha|Sinistcha-Masterpiece|100\/100\n|-heal|p1a: Maushold|38\/100 brn|[from] ability: Hospitality|[of] p1b: Sinistcha\n|turn|8\n|\n|t:|1700949417\n|move|p1a: Maushold|Crunch|p2b: Landorus\n|-damage|p2b: Landorus|0 fnt\n|faint|p2b: Landorus\n|move|p2a: Heatran|Lava Plume|p1b: Sinistcha|[spread] p1a,p1b\n|-supereffective|p1b: Sinistcha\n|-damage|p1a: Maushold|0 fnt\n|-damage|p1b: Sinistcha|31\/100\n|faint|p1a: Maushold\n|move|p1b: Sinistcha|Life Dew|p1b: Sinistcha\n|-heal|p1b: Sinistcha|56\/100\n|\n|-heal|p1b: Sinistcha|62\/100|[from] item: Leftovers\n|upkeep\n|\n|t:|1700949430\n|switch|p1a: Basculegion|Basculegion-F, F|100\/100\n|switch|p2b: Sinistcha|Sinistcha|100\/100\n|-heal|p2a: Heatran|58\/100|[from] ability: Hospitality|[of] p2b: Sinistcha\n|turn|9\n|\n|t:|1700949446\n|switch|p2a: Ogerpon|Ogerpon-Wellspring-Tera, F, tera:Water|73\/100\n|-ability|p2a: Ogerpon|Embody Aspect (Wellspring)|boost\n|-boost|p2a: Ogerpon|spd|1\n|move|p1b: Sinistcha|Rage Powder|p1b: Sinistcha\n|-singleturn|p1b: Sinistcha|move: Rage Powder\n|move|p1a: Basculegion|Last Respects|p2a: Ogerpon\n|-damage|p2a: Ogerpon|0 fnt\n|faint|p2a: Ogerpon\n|move|p2b: Sinistcha|Matcha Gotcha|p1a: Basculegion|[spread] p1a,p1b\n|-supereffective|p1a: Basculegion\n|-resisted|p1b: Sinistcha\n|-damage|p1a: Basculegion|49\/100\n|-damage|p1b: Sinistcha|48\/100\n|\n|-heal|p1b: Sinistcha|54\/100|[from] item: Leftovers\n|upkeep\n|\n|t:|1700949463\n|switch|p2a: Grimmsnarl|Grimmsnarl, M|46\/100\n|turn|10\n|\n|t:|1700949472\n|-terastallize|p1a: Basculegion|Ghost\n|move|p2a: Grimmsnarl|Reflect|p2a: Grimmsnarl\n|-sidestart|p2: tochigiguy|Reflect\n|move|p1a: Basculegion|Last Respects|p2b: Sinistcha\n|-supereffective|p2b: Sinistcha\n|-damage|p2b: Sinistcha|0 fnt\n|faint|p2b: Sinistcha\n|move|p1b: Sinistcha|Life Dew|p1b: Sinistcha|[spread] p1a,p1b\n|-heal|p1a: Basculegion|73\/100\n|-heal|p1b: Sinistcha|79\/100\n|\n|-heal|p1b: Sinistcha|85\/100|[from] item: Leftovers\n|upkeep\n|\n|t:|1700949487\n|switch|p2b: Heatran|Heatran, F|58\/100\n|turn|11\n|\n|t:|1700949506\n|move|p1b: Sinistcha|Rage Powder|p1b: Sinistcha\n|-singleturn|p1b: Sinistcha|move: Rage Powder\n|move|p2a: Grimmsnarl|Light Screen|p2a: Grimmsnarl\n|-sidestart|p2: tochigiguy|move: Light Screen\n|move|p1a: Basculegion|Last Respects|p2b: Heatran\n|-damage|p2b: Heatran|0 fnt\n|faint|p2b: Heatran\n|\n|-heal|p1b: Sinistcha|92\/100|[from] item: Leftovers\n|upkeep\n|\n|t:|1700949517\n|switch|p2b: Iron Hands|Iron Hands|33\/100\n|turn|12\n|\n|t:|1700949531\n|move|p1b: Sinistcha|Rage Powder|p1b: Sinistcha\n|-singleturn|p1b: Sinistcha|move: Rage Powder\n|move|p2a: Grimmsnarl|Parting Shot|p1b: Sinistcha\n|-unboost|p1b: Sinistcha|atk|1\n|-unboost|p1b: Sinistcha|spa|1\n|move|p1a: Basculegion|Last Respects|p2b: Iron Hands\n|-damage|p2b: Iron Hands|0 fnt\n|faint|p2b: Iron Hands\n|-end|p2b: Iron Hands|Quark Drive|[silent]\n|\n|-heal|p1b: Sinistcha|98\/100|[from] item: Leftovers\n|upkeep\n|turn|13\n|-message|tochigiguy forfeited.\n|\n|win|Bluesnowflakes\n|raw|Bluesnowflakes's rating: 1132 &rarr; <strong>1155<\/strong><br \/>(+23 for winning)\n|raw|tochigiguy's rating: 1105 &rarr; <strong>1082<\/strong><br \/>(-23 for losing)\n|l|\u2606tochigiguy\n|c|\u2606Bluesnowflakes|Gg\n|l|\u2606Bluesnowflakes\n|j|\u2606Bluesnowflakes\n|player|p1|Bluesnowflakes|waitress-gen4\n","uploadtime":1700949564,"views":6,"p1id":"bluesnowflakes","p2id":"tochigiguy","formatid":"gen9doublesou","rating":1082,"private":0,"password":""}