{"id":"gen9doublesou-1985018835","p1":"Vman3","p2":"Bill III","format":"[Gen 9] Doubles OU","log":"|j|\u2606Vman3\n|j|\u2606Bill III\n|t:|1699321293\n|gametype|doubles\n|player|p1|Vman3|crasherwake|1312\n|player|p2|Bill III|hiker|1366\n|teamsize|p1|6\n|teamsize|p2|6\n|gen|9\n|tier|[Gen 9] Doubles OU\n|rated|\n|rule|Species Clause: Limit one of each Pok\u00e9mon\n|rule|OHKO Clause: OHKO moves are banned\n|rule|Evasion Moves Clause: Evasion moves are banned\n|rule|Gravity Sleep Clause: The combination of sleep-inducing moves with imperfect accuracy and Gravity or Gigantamax Orbeetle are banned\n|rule|Endless Battle Clause: Forcing endless battles is banned\n|rule|HP Percentage Mod: HP is shown in percentages\n|clearpoke\n|poke|p1|Lurantis, M|\n|poke|p1|Tornadus, M|\n|poke|p1|Sinistcha|\n|poke|p1|Armarouge, M|\n|poke|p1|Grimmsnarl, M|\n|poke|p1|Dragonite, M|\n|poke|p2|Ogerpon-Wellspring, F|\n|poke|p2|Iron Hands|\n|poke|p2|Landorus-Therian, M|\n|poke|p2|Cresselia, F|\n|poke|p2|Heatran, F|\n|poke|p2|Flutter Mane|\n|teampreview\n|inactive|Battle timer is ON: inactive players will automatically lose when time's up. (requested by Bill III)\n|\n|t:|1699321313\n|start\n|switch|p1a: Lurantis|Lurantis, M, shiny|100\/100\n|switch|p1b: Tornadus|Tornadus, M|100\/100\n|switch|p2a: Landorus|Landorus-Therian, M|100\/100\n|switch|p2b: Heatran|Heatran, F|100\/100\n|-ability|p2a: Landorus|Intimidate|boost\n|-boost|p1a: Lurantis|atk|1\n|-unboost|p1b: Tornadus|atk|1\n|turn|1\n|\n|t:|1699321328\n|-terastallize|p1a: Lurantis|Fighting\n|move|p2a: Landorus|U-turn|p1a: Lurantis\n|-resisted|p1a: Lurantis\n|-damage|p1a: Lurantis|86\/100\n|\n|t:|1699321335\n|switch|p2a: Flutter Mane|Flutter Mane|100\/100|[from] U-turn\n|-enditem|p2a: Flutter Mane|Booster Energy\n|-activate|p2a: Flutter Mane|ability: Protosynthesis|[fromitem]\n|-start|p2a: Flutter Mane|protosynthesisspe\n|move|p1b: Tornadus|Icy Wind|p2a: Flutter Mane|[spread] p2a\n|-miss|p1b: Tornadus|p2b: Heatran\n|-damage|p2a: Flutter Mane|85\/100\n|-unboost|p2a: Flutter Mane|spe|1\n|move|p2b: Heatran|Heat Wave|p1a: Lurantis|[spread] p1a,p1b\n|-damage|p1a: Lurantis|51\/100\n|-damage|p1b: Tornadus|42\/100\n|-damage|p2b: Heatran|91\/100|[from] item: Life Orb\n|move|p1a: Lurantis|Superpower|p2b: Heatran\n|-supereffective|p2b: Heatran\n|-damage|p2b: Heatran|0 fnt\n|-boost|p1a: Lurantis|atk|1\n|-boost|p1a: Lurantis|def|1\n|-status|p1a: Lurantis|brn|[from] ability: Flame Body|[of] p2b: Heatran\n|faint|p2b: Heatran\n|\n|-damage|p1a: Lurantis|45\/100 brn|[from] brn\n|upkeep\n|inactive|Bill III has 120 seconds left.\n|\n|t:|1699321361\n|switch|p2b: Landorus|Landorus-Therian, M|100\/100\n|-ability|p2b: Landorus|Intimidate|boost\n|-boost|p1a: Lurantis|atk|1\n|-unboost|p1b: Tornadus|atk|1\n|turn|2\n|\n|t:|1699321373\n|move|p1b: Tornadus|Tailwind|p1b: Tornadus\n|-sidestart|p1: Vman3|move: Tailwind\n|move|p2b: Landorus|Rock Slide|p1a: Lurantis|[spread] p1a,p1b\n|-resisted|p1a: Lurantis\n|-supereffective|p1b: Tornadus\n|-damage|p1a: Lurantis|36\/100 brn\n|-damage|p1b: Tornadus|0 fnt\n|faint|p1b: Tornadus\n|move|p2a: Flutter Mane|Dazzling Gleam|p1a: Lurantis\n|-supereffective|p1a: Lurantis\n|-damage|p1a: Lurantis|0 fnt\n|faint|p1a: Lurantis\n|\n|upkeep\n|inactive|Vman3 has 120 seconds left.\n|\n|t:|1699321402\n|switch|p1b: Armarouge|Armarouge, M|100\/100\n|switch|p1a: Dragonite|Dragonite, M|100\/100\n|turn|3\n|\n|t:|1699321416\n|move|p1b: Armarouge|Protect|p1b: Armarouge\n|-singleturn|p1b: Armarouge|Protect\n|move|p1a: Dragonite|Iron Head|p2a: Flutter Mane\n|-supereffective|p2a: Flutter Mane\n|-damage|p2a: Flutter Mane|0 fnt\n|faint|p2a: Flutter Mane\n|-end|p2a: Flutter Mane|Protosynthesis|[silent]\n|move|p2b: Landorus|Rock Slide|p1b: Armarouge|[spread] p1a\n|-activate|p1b: Armarouge|move: Protect\n|-supereffective|p1a: Dragonite\n|-damage|p1a: Dragonite|73\/100\n|\n|upkeep\n|\n|t:|1699321430\n|switch|p2a: Ogerpon|Ogerpon-Wellspring, F|100\/100\n|turn|4\n|\n|t:|1699321451\n|switch|p1a: Grimmsnarl|Grimmsnarl, M|100\/100\n|move|p2b: Landorus|Rock Slide|p1b: Armarouge|[spread] p1a,p1b\n|-supereffective|p1b: Armarouge\n|-damage|p1a: Grimmsnarl|72\/100\n|-damage|p1b: Armarouge|60\/100\n|move|p2a: Ogerpon|Ivy Cudgel|p1b: Armarouge\n|-supereffective|p1b: Armarouge\n|-damage|p1b: Armarouge|0 fnt\n|faint|p1b: Armarouge\n|\n|upkeep\n|inactive|Vman3 has 120 seconds left.\n|\n|t:|1699321467\n|switch|p1b: Sinistcha|Sinistcha|100\/100\n|-heal|p1a: Grimmsnarl|96\/100|[from] ability: Hospitality|[of] p1b: Sinistcha\n|turn|5\n|\n|t:|1699321478\n|switch|p2b: Cresselia|Cresselia, F|100\/100\n|move|p2a: Ogerpon|Spiky Shield|p2a: Ogerpon\n|-singleturn|p2a: Ogerpon|move: Protect\n|move|p1a: Grimmsnarl|Reflect|p1a: Grimmsnarl\n|-sidestart|p1: Vman3|Reflect\n|move|p1b: Sinistcha|Matcha Gotcha|p2b: Cresselia|[spread] p2b\n|-activate|p2a: Ogerpon|move: Protect\n|-damage|p2b: Cresselia|82\/100\n|\n|-sideend|p1: Vman3|move: Tailwind\n|upkeep\n|turn|6\n|\n|t:|1699321506\n|move|p1a: Grimmsnarl|Light Screen|p1a: Grimmsnarl\n|-sidestart|p1: Vman3|move: Light Screen\n|move|p2a: Ogerpon|Swords Dance|p2a: Ogerpon\n|-boost|p2a: Ogerpon|atk|2\n|move|p2b: Cresselia|Icy Wind|p1b: Sinistcha|[spread] p1a,p1b\n|-supereffective|p1b: Sinistcha\n|-damage|p1a: Grimmsnarl|93\/100\n|-damage|p1b: Sinistcha|89\/100\n|-unboost|p1a: Grimmsnarl|spe|1\n|-unboost|p1b: Sinistcha|spe|1\n|move|p1b: Sinistcha|Matcha Gotcha|p2a: Ogerpon|[spread] p2a,p2b\n|-damage|p2a: Ogerpon|60\/100\n|-heal|p1b: Sinistcha|100\/100|[from] drain|[of] p2a: Ogerpon\n|-damage|p2b: Cresselia|63\/100\n|\n|upkeep\n|turn|7\n|\n|t:|1699321529\n|-terastallize|p2a: Ogerpon|Water\n|detailschange|p2a: Ogerpon|Ogerpon-Wellspring-Tera, F, tera:Water\n|-ability|p2a: Ogerpon|Embody Aspect (Wellspring)|boost\n|-boost|p2a: Ogerpon|spd|1\n|move|p1a: Grimmsnarl|Scary Face|p2a: Ogerpon\n|-unboost|p2a: Ogerpon|spe|2\n|move|p2b: Cresselia|Lunar Blessing|p2b: Cresselia|[spread] p2a,p2b\n|-heal|p2a: Ogerpon|85\/100\n|-heal|p2b: Cresselia|88\/100\n|move|p2a: Ogerpon|Swords Dance|p2a: Ogerpon\n|-boost|p2a: Ogerpon|atk|2\n|move|p1b: Sinistcha|Matcha Gotcha|p2a: Ogerpon|[spread] p2a,p2b\n|-supereffective|p2a: Ogerpon\n|-damage|p2a: Ogerpon|34\/100\n|-damage|p2b: Cresselia|70\/100\n|\n|upkeep\n|turn|8\n|\n|t:|1699321558\n|move|p1a: Grimmsnarl|Scary Face|p2a: Ogerpon\n|-unboost|p2a: Ogerpon|spe|2\n|move|p2b: Cresselia|Lunar Blessing|p2b: Cresselia|[spread] p2a,p2b\n|-heal|p2a: Ogerpon|59\/100\n|-heal|p2b: Cresselia|95\/100\n|move|p1b: Sinistcha|Matcha Gotcha|p2a: Ogerpon|[spread] p2a\n|-miss|p1b: Sinistcha|p2b: Cresselia\n|-supereffective|p2a: Ogerpon\n|-damage|p2a: Ogerpon|11\/100\n|move|p2a: Ogerpon|Horn Leech|p1a: Grimmsnarl\n|-damage|p1a: Grimmsnarl|0 fnt\n|-heal|p2a: Ogerpon|72\/100|[from] drain|[of] p1a: Grimmsnarl\n|faint|p1a: Grimmsnarl\n|\n|upkeep\n|\n|t:|1699321572\n|switch|p1a: Dragonite|Dragonite, M|73\/100\n|turn|9\n|\n|t:|1699321579\n|move|p2a: Ogerpon|Spiky Shield|p2a: Ogerpon\n|-singleturn|p2a: Ogerpon|move: Protect\n|move|p1a: Dragonite|Outrage|p2b: Cresselia\n|-damage|p2b: Cresselia|39\/100\n|move|p1b: Sinistcha|Matcha Gotcha|p2b: Cresselia|[spread] p2b\n|-activate|p2a: Ogerpon|move: Protect\n|-damage|p2b: Cresselia|20\/100\n|move|p2b: Cresselia|Trick Room|p2b: Cresselia\n|-fieldstart|move: Trick Room|[of] p2b: Cresselia\n|\n|upkeep\n|turn|10\n|\n|t:|1699321600\n|move|p2a: Ogerpon|Ivy Cudgel|p1b: Sinistcha\n|-resisted|p1b: Sinistcha\n|-damage|p1b: Sinistcha|26\/100\n|move|p1b: Sinistcha|Matcha Gotcha|p2a: Ogerpon|[spread] \n|-miss|p1b: Sinistcha|p2a: Ogerpon\n|-miss|p1b: Sinistcha|p2b: Cresselia\n|move|p2b: Cresselia|Icy Wind|p1b: Sinistcha|[spread] p1a,p1b\n|-supereffective|p1a: Dragonite\n|-supereffective|p1b: Sinistcha\n|-damage|p1a: Dragonite|52\/100\n|-damage|p1b: Sinistcha|15\/100\n|-unboost|p1a: Dragonite|spe|1\n|-unboost|p1b: Sinistcha|spe|1\n|move|p1a: Dragonite|Outrage|p2b: Cresselia|[from]lockedmove\n|-damage|p2b: Cresselia|0 fnt\n|faint|p2b: Cresselia\n|\n|-heal|p1b: Sinistcha|21\/100|[from] item: Leftovers\n|upkeep\n|\n|t:|1699321614\n|switch|p2b: Iron Hands|Iron Hands|100\/100\n|turn|11\n|\n|t:|1699321620\n|move|p2b: Iron Hands|Fake Out|p1a: Dragonite\n|-crit|p1a: Dragonite\n|-damage|p1a: Dragonite|27\/100\n|move|p1b: Sinistcha|Matcha Gotcha|p2a: Ogerpon|[spread] p2a,p2b\n|-supereffective|p2a: Ogerpon\n|-damage|p2a: Ogerpon|19\/100\n|-heal|p1b: Sinistcha|44\/100|[from] drain|[of] p2a: Ogerpon\n|-damage|p2b: Iron Hands|84\/100\n|-heal|p1b: Sinistcha|55\/100|[from] drain|[of] p2b: Iron Hands\n|move|p2a: Ogerpon|Ivy Cudgel|p1b: Sinistcha\n|-resisted|p1b: Sinistcha\n|-crit|p1b: Sinistcha\n|-damage|p1b: Sinistcha|0 fnt\n|faint|p1b: Sinistcha\n|cant|p1a: Dragonite|flinch\n|\n|-start|p1a: Dragonite|confusion|[fatigue]\n|upkeep\n|turn|12\n|-message|Vman3 forfeited.\n|\n|win|Bill III\n|raw|Vman3's rating: 1312 &rarr; <strong>1295<\/strong><br \/>(-17 for losing)\n|raw|Bill III's rating: 1366 &rarr; <strong>1383<\/strong><br \/>(+17 for winning)\n|l|\u2606Vman3\n","uploadtime":1699321642,"views":16,"p1id":"vman3","p2id":"billiii","formatid":"gen9doublesou","rating":1295,"private":0,"password":""}