{"id":"gen9doublesou-1974851962","p1":"oliverinb","p2":"low pls lbs nhs","format":"[Gen 9] Doubles OU","log":"|j|\u2606oliverinb\n|j|\u2606low pls lbs nhs\n|t:|1698134906\n|gametype|doubles\n|player|p1|oliverinb|266|1013\n|player|p2|low pls lbs nhs|170|1051\n|teamsize|p1|6\n|teamsize|p2|6\n|gen|9\n|tier|[Gen 9] Doubles OU\n|rated|\n|rule|Species Clause: Limit one of each Pok\u00e9mon\n|rule|OHKO Clause: OHKO moves are banned\n|rule|Evasion Moves Clause: Evasion moves are banned\n|rule|Gravity Sleep Clause: The combination of sleep-inducing moves with imperfect accuracy and Gravity or Gigantamax Orbeetle are banned\n|rule|Endless Battle Clause: Forcing endless battles is banned\n|rule|HP Percentage Mod: HP is shown in percentages\n|clearpoke\n|poke|p1|Amoonguss, F|\n|poke|p1|Flutter Mane|\n|poke|p1|Armarouge, F|\n|poke|p1|Kingambit, F|\n|poke|p1|Landorus-Therian, M|\n|poke|p1|Goodra-Hisui, M|\n|poke|p2|Cresselia, F|\n|poke|p2|Ogerpon-Wellspring, F|\n|poke|p2|Ursaluna-Bloodmoon, M|\n|poke|p2|Iron Hands|\n|poke|p2|Torkoal, M|\n|poke|p2|Mimikyu, M|\n|teampreview\n|\n|t:|1698134952\n|start\n|switch|p1a: Landorus|Landorus-Therian, M|100\/100\n|switch|p1b: Goodra|Goodra-Hisui, M|100\/100\n|switch|p2a: Co-Op|Cresselia, F|100\/100\n|switch|p2b: Tescos|Ursaluna-Bloodmoon, M|100\/100\n|-ability|p1a: Landorus|Intimidate|boost\n|-unboost|p2a: Co-Op|atk|1\n|-unboost|p2b: Tescos|atk|1\n|turn|1\n|\n|t:|1698135010\n|move|p2b: Tescos|Protect|p2b: Tescos\n|-singleturn|p2b: Tescos|Protect\n|move|p1a: Landorus|Hammer Arm|p2b: Tescos\n|-activate|p2b: Tescos|move: Protect\n|move|p1b: Goodra|Ice Spinner|p2b: Tescos\n|-activate|p2b: Tescos|move: Protect\n|move|p2a: Co-Op|Trick Room|p2a: Co-Op\n|-fieldstart|move: Trick Room|[of] p2a: Co-Op\n|\n|upkeep\n|turn|2\n|\n|t:|1698135079\n|-terastallize|p2b: Tescos|Ghost\n|move|p2b: Tescos|Earth Power|p1b: Goodra\n|-supereffective|p1b: Goodra\n|-damage|p1b: Goodra|27\/100\n|move|p1b: Goodra|Ice Spinner|p2b: Tescos\n|-damage|p2b: Tescos|82\/100\n|move|p2a: Co-Op|Psychic|p1a: Landorus\n|-damage|p1a: Landorus|65\/100\n|move|p1a: Landorus|Rock Slide|p2a: Co-Op|[spread] p2b\n|-miss|p1a: Landorus|p2a: Co-Op\n|-damage|p2b: Tescos|68\/100\n|\n|-heal|p2b: Tescos|74\/100|[from] item: Leftovers\n|upkeep\n|turn|3\n|\n|t:|1698135123\n|move|p2b: Tescos|Blood Moon|p1a: Landorus\n|-damage|p1a: Landorus|0 fnt\n|faint|p1a: Landorus\n|move|p1b: Goodra|Dragon Claw|p2b: Tescos\n|-damage|p2b: Tescos|46\/100\n|move|p2a: Co-Op|Lunar Blessing|p2a: Co-Op|[spread] p2a,p2b\n|-heal|p2b: Tescos|71\/100\n|\n|-heal|p2b: Tescos|77\/100|[from] item: Leftovers\n|upkeep\n|l|\u2606low pls lbs nhs\n|player|p2|\n|\n|t:|1698135163\n|switch|p1a: Kingambit|Kingambit, F|100\/100\n|turn|4\n|j|\u2606low pls lbs nhs\n|player|p2|low pls lbs nhs|170\n|l|\u2606low pls lbs nhs\n|player|p2|\n|j|\u2606low pls lbs nhs\n|player|p2|low pls lbs nhs|170\n|inactive|Battle timer is ON: inactive players will automatically lose when time's up. (requested by oliverinb)\n|\n|t:|1698135289\n|switch|p2a: Lidl|Mimikyu, M|100\/100\n|move|p2b: Tescos|Protect|p2b: Tescos\n|-singleturn|p2b: Tescos|Protect\n|move|p1a: Kingambit|Swords Dance|p1a: Kingambit\n|-boost|p1a: Kingambit|atk|2\n|move|p1b: Goodra|Dragon Claw|p2b: Tescos\n|-activate|p2b: Tescos|move: Protect\n|\n|-heal|p2b: Tescos|83\/100|[from] item: Leftovers\n|upkeep\n|turn|5\n|inactive|oliverinb has 120 seconds left.\n|inactive|low pls lbs nhs has 120 seconds left.\n|inactive|oliverinb has 90 seconds left.\n|\n|t:|1698135356\n|switch|p2b: Aldi|Iron Hands|100\/100\n|move|p1a: Kingambit|Kowtow Cleave|p2b: Aldi\n|-resisted|p2b: Aldi\n|-damage|p2b: Aldi|66\/100\n|move|p1b: Goodra|Iron Head|p2a: Lidl\n|-activate|p2a: Lidl|ability: Disguise\n|-damage|p2a: Lidl|100\/100\n|detailschange|p2a: Lidl|Mimikyu-Busted, M\n|-damage|p2a: Lidl|88\/100|[from] pokemon: Mimikyu-Busted\n|move|p2a: Lidl|Will-O-Wisp|p1a: Kingambit\n|-status|p1a: Kingambit|brn\n|\n|-damage|p1a: Kingambit|94\/100 brn|[from] brn\n|-fieldend|move: Trick Room\n|upkeep\n|turn|6\n|inactive|oliverinb has 90 seconds left.\n|inactive|low pls lbs nhs has 120 seconds left.\n|inactive|low pls lbs nhs has 90 seconds left.\n|\n|t:|1698135416\n|switch|p2a: Co-Op|Cresselia, F|100\/100\n|move|p1b: Goodra|Iron Head|p2a: Co-Op\n|-damage|p2a: Co-Op|76\/100\n|move|p1a: Kingambit|Brick Break|p2b: Aldi\n|-damage|p2b: Aldi|45\/100\n|move|p2b: Aldi|Drain Punch|p1a: Kingambit\n|-supereffective|p1a: Kingambit\n|-damage|p1a: Kingambit|0 fnt\n|-heal|p2b: Aldi|84\/100|[from] drain|[of] p1a: Kingambit\n|faint|p1a: Kingambit\n|\n|upkeep\n|-message|oliverinb forfeited.\n|\n|win|low pls lbs nhs\n|raw|oliverinb's rating: 1013 &rarr; <strong>1002<\/strong><br \/>(-11 for losing)\n|raw|low pls lbs nhs's rating: 1051 &rarr; <strong>1080<\/strong><br \/>(+29 for winning)\n|l|\u2606oliverinb\n","uploadtime":1698135454,"views":11,"p1id":"oliverinb","p2id":"lowplslbsnhs","formatid":"gen9doublesou","rating":1002,"private":0,"password":""}