{"id":"gen9doublesou-1973889605","p1":"colonvee","p2":"redandre","format":"[Gen 9] Doubles OU","log":"|j|\u2606colonvee\n|j|\u2606redandre\n|t:|1698024765\n|gametype|doubles\n|player|p1|colonvee|266|\n|player|p2|redandre|hilbert|\n|teamsize|p1|6\n|teamsize|p2|6\n|gen|9\n|tier|[Gen 9] Doubles OU\n|rule|Species Clause: Limit one of each Pok\u00e9mon\n|rule|OHKO Clause: OHKO moves are banned\n|rule|Evasion Moves Clause: Evasion moves are banned\n|rule|Gravity Sleep Clause: The combination of sleep-inducing moves with imperfect accuracy and Gravity or Gigantamax Orbeetle are banned\n|rule|Endless Battle Clause: Forcing endless battles is banned\n|rule|HP Percentage Mod: HP is shown in percentages\n|clearpoke\n|poke|p1|Oranguru, M|\n|poke|p1|Kommo-o, M|\n|poke|p1|Cinderace, M|\n|poke|p1|Tyranitar, M|\n|poke|p1|Clefable, F|\n|poke|p1|Electrode-Hisui|\n|poke|p2|Toxapex, M|\n|poke|p2|Sneasler, F|\n|poke|p2|Glimmora, M|\n|poke|p2|Infernape, M|\n|poke|p2|Meowscarada, M|\n|poke|p2|Lucario, M|\n|teampreview\n|\n|t:|1698024775\n|start\n|switch|p1a: Smarty Kong|Oranguru, M|100\/100\n|switch|p1b: Slam Dunk|Cinderace, M, shiny|100\/100\n|switch|p2a: Sneasler|Sneasler, F|100\/100\n|switch|p2b: Aura|Lucario, M|100\/100\n|turn|1\n|\n|t:|1698024803\n|move|p2a: Sneasler|Fake Out|p1b: Slam Dunk\n|-damage|p1b: Slam Dunk|80\/100\n|cant|p1b: Slam Dunk|flinch\n|move|p2b: Aura|Drain Punch|p1b: Slam Dunk\n|-damage|p1b: Slam Dunk|34\/100\n|move|p1a: Smarty Kong|Psychic|p2b: Aura\n|-damage|p2b: Aura|54\/100\n|\n|-heal|p2b: Aura|60\/100|[from] item: Leftovers\n|upkeep\n|turn|2\n|\n|t:|1698024855\n|switch|p1b: Komocide|Kommo-o, M|100\/100\n|switch|p2b: Toxapex|Toxapex, M|100\/100\n|move|p2a: Sneasler|U-turn|p1a: Smarty Kong\n|-supereffective|p1a: Smarty Kong\n|-damage|p1a: Smarty Kong|48\/100\n|\n|t:|1698024864\n|switch|p2a: Meowscarada|Meowscarada, M|100\/100|[from] U-turn\n|move|p1a: Smarty Kong|Psychic|p2b: Toxapex\n|-supereffective|p2b: Toxapex\n|-damage|p2b: Toxapex|57\/100\n|\n|-heal|p2b: Toxapex|63\/100|[from] item: Leftovers\n|upkeep\n|turn|3\n|\n|t:|1698024890\n|switch|p1a: Darren|Tyranitar, M|100\/100\n|-weather|Sandstorm|[from] ability: Sand Stream|[of] p1a: Darren\n|move|p2a: Meowscarada|U-turn|p1a: Darren\n|-start|p2a: Meowscarada|typechange|Bug|[from] ability: Protean\n|-supereffective|p1a: Darren\n|-damage|p1a: Darren|37\/100\n|\n|t:|1698024908\n|switch|p2a: Infernape|Infernape, M|100\/100|[from] U-turn\n|move|p1b: Komocide|Clangorous Soul|p1b: Komocide\n|-boost|p1b: Komocide|atk|1\n|-boost|p1b: Komocide|def|1\n|-boost|p1b: Komocide|spa|1\n|-boost|p1b: Komocide|spd|1\n|-boost|p1b: Komocide|spe|1\n|-damage|p1b: Komocide|68\/100\n|move|p2b: Toxapex|Recover|p2b: Toxapex\n|-heal|p2b: Toxapex|100\/100\n|\n|-weather|Sandstorm|[upkeep]\n|-damage|p2a: Infernape|94\/100|[from] Sandstorm\n|-damage|p2b: Toxapex|94\/100|[from] Sandstorm\n|-heal|p2b: Toxapex|100\/100|[from] item: Leftovers\n|upkeep\n|turn|4\n|\n|t:|1698024967\n|switch|p1a: Genqar|Clefable, F|100\/100\n|move|p2a: Infernape|Fake Out|p1b: Komocide\n|-damage|p1b: Komocide|61\/100\n|-damage|p2a: Infernape|84\/100|[from] item: Life Orb\n|cant|p1b: Komocide|flinch\n|move|p2b: Toxapex|Haze|p2b: Toxapex\n|-clearallboost\n|\n|-weather|Sandstorm|[upkeep]\n|-damage|p2a: Infernape|78\/100|[from] Sandstorm\n|-damage|p1a: Genqar|94\/100|[from] Sandstorm\n|-damage|p2b: Toxapex|94\/100|[from] Sandstorm\n|-heal|p1a: Genqar|100\/100|[from] item: Leftovers\n|-heal|p2b: Toxapex|100\/100|[from] item: Leftovers\n|upkeep\n|turn|5\n|\n|t:|1698025000\n|switch|p2a: Aura|Lucario, M|60\/100\n|move|p1b: Komocide|Drain Punch|p2a: Aura\n|-supereffective|p2a: Aura\n|-damage|p2a: Aura|0 fnt\n|-heal|p1b: Komocide|87\/100|[from] drain|[of] p2a: Aura\n|faint|p2a: Aura\n|move|p1a: Genqar|Heal Pulse|p1b: Komocide\n|-heal|p1b: Komocide|100\/100\n|move|p2b: Toxapex|Toxic|p1b: Komocide\n|-status|p1b: Komocide|tox\n|\n|-weather|Sandstorm|[upkeep]\n|-damage|p1a: Genqar|94\/100|[from] Sandstorm\n|-damage|p2b: Toxapex|94\/100|[from] Sandstorm\n|-heal|p1a: Genqar|100\/100|[from] item: Leftovers\n|-heal|p2b: Toxapex|100\/100|[from] item: Leftovers\n|-damage|p1b: Komocide|94\/100 tox|[from] psn\n|upkeep\n|\n|t:|1698025026\n|switch|p2a: Glimmora|Glimmora, M|100\/100\n|turn|6\n|\n|t:|1698025049\n|switch|p1a: Trode|Electrode-Hisui|100\/100\n|move|p2a: Glimmora|Stealth Rock|p1b: Komocide\n|-sidestart|p1: colonvee|move: Stealth Rock\n|move|p1b: Komocide|Clangorous Soul|p1b: Komocide\n|-boost|p1b: Komocide|atk|1\n|-boost|p1b: Komocide|def|1\n|-boost|p1b: Komocide|spa|1\n|-boost|p1b: Komocide|spd|1\n|-boost|p1b: Komocide|spe|1\n|-damage|p1b: Komocide|61\/100 tox\n|move|p2b: Toxapex|Recover||[still]\n|-fail|p2b: Toxapex|heal\n|\n|-weather|Sandstorm|[upkeep]\n|-damage|p1a: Trode|94\/100|[from] Sandstorm\n|-damage|p2b: Toxapex|94\/100|[from] Sandstorm\n|-heal|p2b: Toxapex|100\/100|[from] item: Leftovers\n|-damage|p1b: Komocide|49\/100 tox|[from] psn\n|upkeep\n|turn|7\n|\n|t:|1698025084\n|-terastallize|p2b: Toxapex|Steel\n|move|p1a: Trode|Thunderbolt|p2b: Toxapex\n|-damage|p2b: Toxapex|72\/100\n|move|p1b: Komocide|Drain Punch|p2b: Toxapex\n|-supereffective|p2b: Toxapex\n|-damage|p2b: Toxapex|20\/100\n|-heal|p1b: Komocide|73\/100 tox|[from] drain|[of] p2b: Toxapex\n|move|p2a: Glimmora|Mortal Spin|p1b: Komocide|[spread] p1a,p1b\n|-supereffective|p1a: Trode\n|-damage|p1a: Trode|78\/100\n|-damage|p1b: Komocide|71\/100 tox\n|-status|p1a: Trode|psn\n|move|p2b: Toxapex|Haze|p2b: Toxapex\n|-clearallboost\n|\n|-weather|none\n|-heal|p2b: Toxapex|26\/100|[from] item: Leftovers\n|-damage|p1a: Trode|66\/100 psn|[from] psn\n|-damage|p1b: Komocide|53\/100 tox|[from] psn\n|upkeep\n|turn|8\n|\n|t:|1698025119\n|switch|p2b: Sneasler|Sneasler, F|100\/100\n|move|p1a: Trode|Thunderbolt|p2a: Glimmora\n|-damage|p2a: Glimmora|54\/100\n|-enditem|p2a: Glimmora|Red Card|[of] p1a: Trode\n|drag|p1a: Genqar|Clefable, F|100\/100\n|-damage|p1a: Genqar|88\/100|[from] Stealth Rock\n|move|p2a: Glimmora|Dazzling Gleam|p1b: Komocide|[spread] p1a,p1b\n|-supereffective|p1b: Komocide\n|-damage|p1a: Genqar|66\/100\n|-damage|p1b: Komocide|0 fnt\n|faint|p1b: Komocide\n|\n|-heal|p1a: Genqar|72\/100|[from] item: Leftovers\n|upkeep\n|\n|t:|1698025132\n|switch|p1b: Slam Dunk|Cinderace, M, shiny|34\/100\n|-damage|p1b: Slam Dunk|9\/100|[from] Stealth Rock\n|turn|9\n|\n|t:|1698025145\n|move|p2b: Sneasler|Fake Out|p1b: Slam Dunk\n|-damage|p1b: Slam Dunk|0 fnt\n|faint|p1b: Slam Dunk\n|move|p2a: Glimmora|Mortal Spin|p1a: Genqar\n|-supereffective|p1a: Genqar\n|-damage|p1a: Genqar|56\/100\n|-status|p1a: Genqar|psn\n|move|p1a: Genqar|Heal Pulse|p1: Slam Dunk|[notarget]\n|-fail|p1a: Genqar\n|\n|-heal|p1a: Genqar|62\/100 psn|[from] item: Leftovers\n|-damage|p1a: Genqar|50\/100 psn|[from] psn\n|upkeep\n|\n|t:|1698025174\n|switch|p1b: Trode|Electrode-Hisui|66\/100 psn\n|-damage|p1b: Trode|54\/100 psn|[from] Stealth Rock\n|turn|10\n|\n|t:|1698025191\n|move|p1b: Trode|Volt Switch|p2a: Glimmora\n|-damage|p2a: Glimmora|19\/100\n|\n|t:|1698025195\n|switch|p1b: Darren|Tyranitar, M|37\/100|[from] Volt Switch\n|-damage|p1b: Darren|25\/100|[from] Stealth Rock\n|-weather|Sandstorm|[from] ability: Sand Stream|[of] p1b: Darren\n|move|p2b: Sneasler|Dire Claw|p1a: Genqar\n|-supereffective|p1a: Genqar\n|-damage|p1a: Genqar|0 fnt\n|faint|p1a: Genqar\n|move|p2a: Glimmora|Earth Power|p1b: Darren\n|-supereffective|p1b: Darren\n|-damage|p1b: Darren|0 fnt\n|faint|p1b: Darren\n|\n|-weather|Sandstorm|[upkeep]\n|-damage|p2b: Sneasler|95\/100|[from] Sandstorm\n|upkeep\n|\n|t:|1698025210\n|switch|p1a: Trode|Electrode-Hisui|54\/100 psn\n|switch|p1b: Smarty Kong|Oranguru, M|48\/100\n|-damage|p1a: Trode|42\/100 psn|[from] Stealth Rock\n|-damage|p1b: Smarty Kong|36\/100|[from] Stealth Rock\n|turn|11\n|\n|t:|1698025239\n|move|p1a: Trode|Chloroblast|p2b: Sneasler|[miss]\n|-miss|p1a: Trode|p2b: Sneasler\n|move|p2b: Sneasler|Dire Claw|p1b: Smarty Kong\n|-damage|p1b: Smarty Kong|0 fnt\n|faint|p1b: Smarty Kong\n|move|p2a: Glimmora|Earth Power|p1a: Trode\n|-damage|p1a: Trode|0 fnt\n|faint|p1a: Trode\n|\n|win|redandre\n|c|\u2606colonvee|_________\n|c|\u2606colonvee|That miss\n|c|\u2606colonvee|lmfaooo\n|c|\u2606redandre|lmao\n|c|\u2606redandre|ggs\n|c|\u2606colonvee|gg\n|c|\u2606redandre|found the counter to your hyper agro style\n|c|\u2606colonvee|Yeah Im pretty fragile\n|c|\u2606redandre|lol shi was fun tho\n|c|\u2606redandre|have a good night bro\n|l|\u2606redandre\n","uploadtime":1698025331,"views":19,"p1id":"colonvee","p2id":"redandre","formatid":"gen9doublesou","rating":0,"private":0,"password":""}