{"id":"gen9doublesou-1991694484","p1":"DukeDevlin494","p2":"hysali30","format":"[Gen 9] Doubles OU","log":"|j|\u2606DukeDevlin494\n|j|\u2606hysali30\n|t:|1700103545\n|gametype|doubles\n|player|p1|DukeDevlin494|benga|1058\n|player|p2|hysali30|dancer|1149\n|teamsize|p1|6\n|teamsize|p2|6\n|gen|9\n|tier|[Gen 9] Doubles OU\n|rated|\n|rule|Species Clause: Limit one of each Pok\u00e9mon\n|rule|OHKO Clause: OHKO moves are banned\n|rule|Evasion Moves Clause: Evasion moves are banned\n|rule|Gravity Sleep Clause: The combination of sleep-inducing moves with imperfect accuracy and Gravity or Gigantamax Orbeetle are banned\n|rule|Endless Battle Clause: Forcing endless battles is banned\n|rule|HP Percentage Mod: HP is shown in percentages\n|clearpoke\n|poke|p1|Sableye, M|\n|poke|p1|Clefairy, F|\n|poke|p1|Arcanine, M|\n|poke|p1|Dragonite, F|\n|poke|p1|Kommo-o, F|\n|poke|p1|Corviknight, M|\n|poke|p2|Tornadus, M|\n|poke|p2|Empoleon, F|\n|poke|p2|Scyther, F|\n|poke|p2|Ambipom, M|\n|poke|p2|Garchomp, F|\n|poke|p2|Diancie|\n|teampreview\n|inactive|Battle timer is ON: inactive players will automatically lose when time's up. (requested by hysali30)\n|\n|t:|1700103568\n|start\n|switch|p1a: Elise|Clefairy, F, shiny|100\/100\n|switch|p1b: Camille|Kommo-o, F, shiny|100\/100\n|switch|p2a: Garchomp|Garchomp, F|100\/100\n|switch|p2b: Ambipom|Ambipom, M|100\/100\n|turn|1\n|\n|t:|1700103591\n|switch|p1b: Rueben|Sableye, M, shiny|100\/100\n|move|p2b: Ambipom|Fake Out|p1b: Rueben\n|-immune|p1b: Rueben\n|move|p1a: Elise|Follow Me|p1a: Elise\n|-singleturn|p1a: Elise|move: Follow Me\n|move|p2a: Garchomp|Swords Dance|p2a: Garchomp\n|-boost|p2a: Garchomp|atk|2\n|\n|upkeep\n|turn|2\n|\n|t:|1700103605\n|move|p1a: Elise|Follow Me|p1a: Elise\n|-singleturn|p1a: Elise|move: Follow Me\n|move|p1b: Rueben|Will-O-Wisp|p2a: Garchomp\n|-status|p2a: Garchomp|brn\n|move|p2b: Ambipom|Knock Off|p1a: Elise\n|-resisted|p1a: Elise\n|-damage|p1a: Elise|88\/100\n|-enditem|p1a: Elise|Eviolite|[from] move: Knock Off|[of] p2b: Ambipom\n|-damage|p2b: Ambipom|91\/100|[from] item: Life Orb\n|move|p2a: Garchomp|Poison Jab|p1a: Elise\n|-supereffective|p1a: Elise\n|-damage|p1a: Elise|4\/100\n|-status|p1a: Elise|psn\n|-damage|p2a: Garchomp|91\/100 brn|[from] item: Life Orb\n|\n|-damage|p1a: Elise|0 fnt|[from] psn\n|faint|p1a: Elise\n|-damage|p2a: Garchomp|85\/100 brn|[from] brn\n|upkeep\n|c|\u2606DukeDevlin494|lol\n|inactive|DukeDevlin494 has 120 seconds left.\n|\n|t:|1700103634\n|switch|p1a: Repede|Arcanine, M, shiny|100\/100\n|-ability|p1a: Repede|Intimidate|boost\n|-unboost|p2a: Garchomp|atk|1\n|-unboost|p2b: Ambipom|atk|1\n|turn|3\n|\n|t:|1700103653\n|move|p1b: Rueben|Will-O-Wisp|p2b: Ambipom\n|-status|p2b: Ambipom|brn\n|move|p2b: Ambipom|Knock Off|p1b: Rueben\n|-damage|p1b: Rueben|89\/100\n|-enditem|p1b: Rueben|Leftovers|[from] move: Knock Off|[of] p2b: Ambipom\n|-damage|p2b: Ambipom|81\/100 brn|[from] item: Life Orb\n|move|p2a: Garchomp|Rock Slide|p1b: Rueben|[spread] p1a,p1b\n|-supereffective|p1a: Repede\n|-crit|p1b: Rueben\n|-damage|p1a: Repede|62\/100\n|-damage|p1b: Rueben|60\/100\n|-damage|p2a: Garchomp|75\/100 brn|[from] item: Life Orb\n|move|p1a: Repede|Flare Blitz|p2b: Ambipom\n|-damage|p2b: Ambipom|0 fnt\n|faint|p2b: Ambipom\n|-damage|p1a: Repede|42\/100|[from] Recoil\n|-damage|p1a: Repede|32\/100|[from] item: Life Orb\n|\n|-damage|p2a: Garchomp|69\/100 brn|[from] brn\n|upkeep\n|\n|t:|1700103667\n|switch|p2b: Diancie|Diancie|100\/100\n|turn|4\n|\n|t:|1700103685\n|move|p2a: Garchomp|Rock Slide|p1b: Rueben|[spread] p1a,p1b\n|-supereffective|p1a: Repede\n|-damage|p1a: Repede|0 fnt\n|-damage|p1b: Rueben|42\/100\n|faint|p1a: Repede\n|-damage|p2a: Garchomp|59\/100 brn|[from] item: Life Orb\n|move|p1b: Rueben|Knock Off|p2a: Garchomp\n|-crit|p2a: Garchomp\n|-damage|p2a: Garchomp|20\/100 brn\n|-damage|p1b: Rueben|29\/100|[from] ability: Rough Skin|[of] p2a: Garchomp\n|-enditem|p2a: Garchomp|Life Orb|[from] move: Knock Off|[of] p1b: Rueben\n|move|p2b: Diancie|Moonblast|p1b: Rueben\n|-supereffective|p1b: Rueben\n|-damage|p1b: Rueben|0 fnt\n|faint|p1b: Rueben\n|\n|-damage|p2a: Garchomp|14\/100 brn|[from] brn\n|upkeep\n|inactive|DukeDevlin494 has 120 seconds left.\n|\n|t:|1700103717\n|switch|p1a: Gawain|Corviknight, M, shiny|100\/100\n|switch|p1b: Mila|Dragonite, F, shiny|100\/100\n|turn|5\n|inactive|DukeDevlin494 has 120 seconds left.\n|\n|t:|1700103738\n|-terastallize|p1b: Mila|Normal\n|-terastallize|p2b: Diancie|Rock\n|move|p2a: Garchomp|Rock Slide|p1b: Mila|[spread] p1a,p1b\n|-damage|p1a: Gawain|91\/100\n|-damage|p1b: Mila|92\/100\n|move|p1b: Mila|Dragon Dance|p1b: Mila\n|-boost|p1b: Mila|atk|1\n|-boost|p1b: Mila|spe|1\n|cant|p1a: Gawain|flinch\n|move|p2b: Diancie|Moonblast|p1b: Mila\n|-damage|p1b: Mila|43\/100\n|-unboost|p1b: Mila|spa|1\n|\n|-damage|p2a: Garchomp|8\/100 brn|[from] brn\n|upkeep\n|turn|6\n|inactive|DukeDevlin494 has 120 seconds left.\n|inactive|hysali30 has 120 seconds left.\n|\n|t:|1700103779\n|move|p1b: Mila|Earthquake|p2b: Diancie|[spread] p2a,p2b\n|-immune|p1a: Gawain\n|-supereffective|p2b: Diancie\n|-damage|p2a: Garchomp|0 fnt\n|-damage|p2b: Diancie|36\/100\n|faint|p2a: Garchomp\n|move|p1a: Gawain|Body Press|p2b: Diancie\n|-supereffective|p2b: Diancie\n|-damage|p2b: Diancie|0 fnt\n|faint|p2b: Diancie\n|\n|upkeep\n|inactive|hysali30 has 120 seconds left.\n|\n|t:|1700103796\n|switch|p2a: Empoleon|Empoleon, F|100\/100\n|switch|p2b: Scyther|Scyther, F|100\/100\n|turn|7\n|inactive|DukeDevlin494 has 120 seconds left.\n|\n|t:|1700103818\n|move|p2b: Scyther|Close Combat|p1b: Mila\n|-supereffective|p1b: Mila\n|-damage|p1b: Mila|0 fnt\n|-unboost|p2b: Scyther|def|1\n|-unboost|p2b: Scyther|spd|1\n|faint|p1b: Mila\n|move|p1a: Gawain|Brave Bird|p2b: Scyther\n|-supereffective|p2b: Scyther\n|-damage|p2b: Scyther|0 fnt\n|faint|p2b: Scyther\n|-damage|p1a: Gawain|68\/100|[from] Recoil\n|move|p2a: Empoleon|Chilling Water|p1a: Gawain\n|-damage|p1a: Gawain|42\/100\n|-ability|p1a: Gawain|Mirror Armor\n|-unboost|p2a: Empoleon|atk|1\n|-ability|p2a: Empoleon|Competitive|boost\n|-boost|p2a: Empoleon|spa|2\n|-enditem|p1a: Gawain|Sitrus Berry|[eat]\n|-heal|p1a: Gawain|67\/100|[from] item: Sitrus Berry\n|\n|upkeep\n|inactive|DukeDevlin494 has 120 seconds left.\n|\n|t:|1700103838\n|switch|p2b: Tornadus|Tornadus, M|100\/100\n|switch|p1b: Camille|Kommo-o, F, shiny|100\/100\n|turn|8\n|inactive|DukeDevlin494 has 120 seconds left.\n|\n|t:|1700103870\n|move|p2b: Tornadus|Tailwind|p2b: Tornadus\n|-sidestart|p2: hysali30|move: Tailwind\n|move|p2a: Empoleon|Chilling Water|p1a: Gawain\n|-damage|p1a: Gawain|18\/100\n|-ability|p1a: Gawain|Mirror Armor\n|-unboost|p2a: Empoleon|atk|1\n|-ability|p2a: Empoleon|Competitive|boost\n|-boost|p2a: Empoleon|spa|2\n|move|p1b: Camille|Boomburst|p2a: Empoleon|[spread] p1a,p2a,p2b\n|-resisted|p1a: Gawain\n|-resisted|p2a: Empoleon\n|-damage|p1a: Gawain|4\/100\n|-damage|p2a: Empoleon|88\/100\n|-damage|p2b: Tornadus|62\/100\n|-enditem|p1b: Camille|Throat Spray\n|-boost|p1b: Camille|spa|1|[from] item: Throat Spray\n|move|p1a: Gawain|Body Press|p2a: Empoleon\n|-supereffective|p2a: Empoleon\n|-damage|p2a: Empoleon|34\/100\n|\n|-heal|p2b: Tornadus|68\/100|[from] item: Leftovers\n|upkeep\n|turn|9\n|inactive|DukeDevlin494 has 120 seconds left.\n|\n|t:|1700103895\n|move|p2b: Tornadus|Bleakwind Storm|p1b: Camille|[spread] p1a\n|-miss|p2b: Tornadus|p1b: Camille\n|-resisted|p1a: Gawain\n|-damage|p1a: Gawain|0 fnt\n|faint|p1a: Gawain\n|move|p2a: Empoleon|Chilling Water|p1b: Camille\n|-resisted|p1b: Camille\n|-damage|p1b: Camille|59\/100\n|-unboost|p1b: Camille|atk|1\n|move|p1b: Camille|Clanging Scales|p2b: Tornadus|[spread] p2a,p2b\n|-resisted|p2a: Empoleon\n|-damage|p2a: Empoleon|9\/100\n|-damage|p2b: Tornadus|0 fnt\n|faint|p2b: Tornadus\n|-unboost|p1b: Camille|def|1\n|\n|upkeep\n|turn|10\n|inactive|hysali30 has 120 seconds left.\n|c|\u2606DukeDevlin494|this is so close\n|\n|t:|1700103939\n|move|p2a: Empoleon|Flash Cannon|p1b: Camille\n|-damage|p1b: Camille|0 fnt\n|faint|p1b: Camille\n|\n|win|hysali30\n|raw|DukeDevlin494's rating: 1058 &rarr; <strong>1044<\/strong><br \/>(-14 for losing)\n|raw|hysali30's rating: 1149 &rarr; <strong>1168<\/strong><br \/>(+19 for winning)\n|c|\u2606DukeDevlin494|ah\n|c|\u2606DukeDevlin494|ggs\n|c|\u2606hysali30|Gg\n","uploadtime":1700103956,"views":7,"p1id":"dukedevlin494","p2id":"hysali30","formatid":"gen9doublesou","rating":1044,"private":0,"password":""}