{"id":"gen9doublesou-1981653783","p1":"youmupoke","p2":"udongirl","format":"[Gen 9] Doubles OU","log":"|j|\u2606youmupoke\n|j|\u2606udongirl\n|inactive|Battle timer is ON: inactive players will automatically lose when time's up.\n|t:|1698930565\n|gametype|doubles\n|player|p1|youmupoke|marnie-masters3|\n|player|p2|udongirl|#bltxrufflets|\n|teamsize|p1|6\n|teamsize|p2|6\n|gen|9\n|tier|[Gen 9] Doubles OU\n|rated|Tournament battle\n|rule|Species Clause: Limit one of each Pok\u00e9mon\n|rule|OHKO Clause: OHKO moves are banned\n|rule|Evasion Moves Clause: Evasion moves are banned\n|rule|Gravity Sleep Clause: The combination of sleep-inducing moves with imperfect accuracy and Gravity or Gigantamax Orbeetle are banned\n|rule|Endless Battle Clause: Forcing endless battles is banned\n|rule|HP Percentage Mod: HP is shown in percentages\n|clearpoke\n|poke|p1|Iron Bundle|\n|poke|p1|Abomasnow, F|\n|poke|p1|Roaring Moon|\n|poke|p1|Palafin, F|\n|poke|p1|Cinderace, M|\n|poke|p1|Amoonguss, M|\n|poke|p2|Tornadus, M|\n|poke|p2|Iron Hands|\n|poke|p2|Rillaboom, F|\n|poke|p2|Flutter Mane|\n|poke|p2|Ogerpon-Hearthflame, F|\n|poke|p2|Heatran, M|\n|teampreview\n|inactive|youmupoke has 120 seconds left.\n|inactive|udongirl has 120 seconds left.\n|\n|t:|1698930614\n|start\n|switch|p1a: Cinderace|Cinderace, M|100\/100\n|switch|p1b: Roaring Moon|Roaring Moon|100\/100\n|switch|p2a: Tornadus|Tornadus, M|100\/100\n|switch|p2b: Flutter Mane|Flutter Mane|100\/100\n|turn|1\n|inactive|youmupoke has 120 seconds left.\n|\n|t:|1698930644\n|move|p2a: Tornadus|Tailwind|p2a: Tornadus\n|-sidestart|p2: udongirl|move: Tailwind\n|move|p2b: Flutter Mane|Moonblast|p1b: Roaring Moon\n|-supereffective|p1b: Roaring Moon\n|-damage|p1b: Roaring Moon|0 fnt\n|faint|p1b: Roaring Moon\n|-end|p1b: Roaring Moon|Protosynthesis|[silent]\n|move|p1a: Cinderace|Pyro Ball|p2b: Flutter Mane\n|-damage|p2b: Flutter Mane|0 fnt\n|faint|p2b: Flutter Mane\n|-end|p2b: Flutter Mane|Protosynthesis|[silent]\n|\n|upkeep\n|\n|t:|1698930660\n|switch|p1b: Palafin|Palafin, F|100\/100\n|switch|p2b: Ogerpon|Ogerpon-Hearthflame, F|100\/100\n|-ability|p2b: Ogerpon|Mold Breaker\n|turn|2\n|\n|t:|1698930679\n|detailschange|p1b: Palafin|Palafin-Hero, F\n|switch|p1b: Amoonguss|Amoonguss, M|100\/100\n|move|p2b: Ogerpon|Substitute|p2b: Ogerpon\n|-start|p2b: Ogerpon|Substitute\n|-damage|p2b: Ogerpon|76\/100\n|move|p2a: Tornadus|Bleakwind Storm|p1b: Amoonguss|[spread] p1a,p1b\n|-supereffective|p1b: Amoonguss\n|-damage|p1a: Cinderace|54\/100\n|-damage|p1b: Amoonguss|43\/100\n|-unboost|p1a: Cinderace|spe|1\n|move|p1a: Cinderace|Pyro Ball|p2a: Tornadus\n|-damage|p2a: Tornadus|39\/100\n|\n|-heal|p1b: Amoonguss|49\/100|[from] item: Black Sludge\n|upkeep\n|turn|3\n|\n|t:|1698930707\n|-terastallize|p2b: Ogerpon|Fire\n|detailschange|p2b: Ogerpon|Ogerpon-Hearthflame-Tera, F, tera:Fire\n|-ability|p2b: Ogerpon|Embody Aspect (Hearthflame)|boost\n|-boost|p2b: Ogerpon|atk|1\n|move|p1b: Amoonguss|Rage Powder|p1b: Amoonguss\n|-singleturn|p1b: Amoonguss|move: Rage Powder\n|move|p2b: Ogerpon|Ivy Cudgel|p1b: Amoonguss\n|-supereffective|p1b: Amoonguss\n|-damage|p1b: Amoonguss|0 fnt\n|faint|p1b: Amoonguss\n|move|p2a: Tornadus|Bleakwind Storm|p1a: Cinderace\n|-damage|p1a: Cinderace|0 fnt\n|faint|p1a: Cinderace\n|\n|upkeep\n|\n|t:|1698930715\n|switch|p1a: Iron Bundle|Iron Bundle|100\/100\n|switch|p1b: Palafin|Palafin-Hero, F|100\/100\n|-activate|p1b: Palafin|ability: Zero to Hero\n|turn|4\n|\n|t:|1698930728\n|move|p2a: Tornadus|Sunny Day|p2a: Tornadus\n|-weather|SunnyDay\n|move|p1b: Palafin|Jet Punch|p2a: Tornadus\n|-damage|p2a: Tornadus|16\/100\n|move|p2b: Ogerpon|Horn Leech|p1b: Palafin\n|-supereffective|p1b: Palafin\n|-damage|p1b: Palafin|0 fnt\n|-heal|p2b: Ogerpon|100\/100|[from] drain|[of] p1b: Palafin\n|faint|p1b: Palafin\n|move|p1a: Iron Bundle|Flip Turn|p2b: Ogerpon\n|-supereffective|p2b: Ogerpon\n|-activate|p2b: Ogerpon|move: Substitute|[damage]\n|\n|t:|1698930730\n|-end|p1a: Iron Bundle|Quark Drive|[silent]\n|switch|p1a: Abomasnow|Abomasnow, F|100\/100|[from] Flip Turn\n|-weather|Snow|[from] ability: Snow Warning|[of] p1a: Abomasnow\n|\n|-weather|Snow|[upkeep]\n|-sideend|p2: udongirl|move: Tailwind\n|upkeep\n|\n|t:|1698930732\n|switch|p1b: Iron Bundle|Iron Bundle|100\/100\n|turn|5\n|-message|youmupoke forfeited.\n|\n|win|udongirl\n|n|\u2606youmupoke|youmupoke\n|n|\u2606udongirl|udongirl\n","uploadtime":1698930736,"views":17,"p1id":"youmupoke","p2id":"udongirl","formatid":"gen9doublesou","rating":0,"private":0,"password":""}