{"id":"gen9doublesou-1995667540","p1":"Dragam Kirybo","p2":"holidayhero10","format":"[Gen 9] Doubles OU","log":"|j|\u2606Dragam Kirybo\n|j|\u2606holidayhero10\n|t:|1700592271\n|gametype|doubles\n|player|p1|Dragam Kirybo|102|1155\n|player|p2|holidayhero10|169|1064\n|teamsize|p1|6\n|teamsize|p2|6\n|gen|9\n|tier|[Gen 9] Doubles OU\n|rated|\n|rule|Species Clause: Limit one of each Pok\u00e9mon\n|rule|OHKO Clause: OHKO moves are banned\n|rule|Evasion Moves Clause: Evasion moves are banned\n|rule|Gravity Sleep Clause: The combination of sleep-inducing moves with imperfect accuracy and Gravity or Gigantamax Orbeetle are banned\n|rule|Endless Battle Clause: Forcing endless battles is banned\n|rule|HP Percentage Mod: HP is shown in percentages\n|clearpoke\n|poke|p1|Landorus-Therian, M|\n|poke|p1|Volcarona, F|\n|poke|p1|Oricorio-Sensu, M|\n|poke|p1|Palafin, M|\n|poke|p1|Amoonguss, F|\n|poke|p1|Hatterene, F|\n|poke|p2|Maushold-Four|\n|poke|p2|Enamorus, F|\n|poke|p2|Hatterene, F|\n|poke|p2|Empoleon, F|\n|poke|p2|Grimmsnarl, M|\n|poke|p2|Kingambit, F|\n|teampreview\n|inactive|Battle timer is ON: inactive players will automatically lose when time's up. (requested by holidayhero10)\n|\n|t:|1700592284\n|start\n|switch|p1a: Palafin|Palafin, M|100\/100\n|switch|p1b: Amoonguss|Amoonguss, F, shiny|100\/100\n|switch|p2a: Hatterene|Hatterene, F|100\/100\n|switch|p2b: Empoleon|Empoleon, F|100\/100\n|turn|1\n|\n|t:|1700592300\n|detailschange|p1a: Palafin|Palafin-Hero, M\n|switch|p1a: Landorus|Landorus-Therian, M|100\/100\n|-ability|p1a: Landorus|Intimidate|boost\n|-unboost|p2a: Hatterene|atk|1\n|-unboost|p2b: Empoleon|atk|1\n|-ability|p2b: Empoleon|Competitive|boost\n|-boost|p2b: Empoleon|spa|2\n|move|p2b: Empoleon|Protect|p2b: Empoleon\n|-singleturn|p2b: Empoleon|Protect\n|move|p1b: Amoonguss|Spore|p2a: Hatterene\n|move|p2a: Hatterene|Spore|p1b: Amoonguss|[from]ability: Magic Bounce\n|-immune|p1b: Amoonguss\n|move|p2a: Hatterene|Trick Room|p2a: Hatterene\n|-fieldstart|move: Trick Room|[of] p2a: Hatterene\n|\n|upkeep\n|turn|2\n|\n|t:|1700592329\n|move|p2a: Hatterene|Skill Swap|p1a: Landorus\n|-activate|p2a: Hatterene|move: Skill Swap|Intimidate|Magic Bounce|[of] p1a: Landorus\n|-ability|p2a: Hatterene|Intimidate|boost\n|-unboost|p1a: Landorus|atk|1\n|-unboost|p1b: Amoonguss|atk|1\n|move|p1b: Amoonguss|Spore|p2b: Empoleon\n|-status|p2b: Empoleon|slp|[from] move: Spore\n|cant|p2b: Empoleon|slp\n|move|p1a: Landorus|Rock Slide|p2b: Empoleon|[spread] p2a\n|-miss|p1a: Landorus|p2b: Empoleon\n|-damage|p2a: Hatterene|84\/100\n|\n|upkeep\n|turn|3\n|\n|t:|1700592355\n|switch|p1a: Hatterene|Hatterene, F|100\/100\n|-curestatus|p2b: Empoleon|slp|[msg]\n|move|p2b: Empoleon|Protect|p2b: Empoleon\n|-singleturn|p2b: Empoleon|Protect\n|move|p2a: Hatterene|Skill Swap|p1a: Hatterene\n|-activate|p2a: Hatterene|move: Skill Swap|Magic Bounce|Intimidate|[of] p1a: Hatterene\n|-ability|p1a: Hatterene|Intimidate|boost\n|-unboost|p2a: Hatterene|atk|1\n|-unboost|p2b: Empoleon|atk|1\n|-ability|p2b: Empoleon|Competitive|boost\n|-boost|p2b: Empoleon|spa|2\n|move|p1b: Amoonguss|Spore|p2a: Hatterene\n|move|p2a: Hatterene|Spore|p1b: Amoonguss|[from]ability: Magic Bounce\n|-immune|p1b: Amoonguss\n|\n|upkeep\n|turn|4\n|inactive|holidayhero10 has 120 seconds left.\n|\n|t:|1700592386\n|switch|p2a: Grimmsnarl|Grimmsnarl, M|100\/100\n|move|p1a: Hatterene|Dazzling Gleam|p2a: Grimmsnarl|[spread] p2a,p2b\n|-supereffective|p2a: Grimmsnarl\n|-resisted|p2b: Empoleon\n|-damage|p2a: Grimmsnarl|30\/100\n|-damage|p2b: Empoleon|80\/100\n|-damage|p1a: Hatterene|91\/100|[from] item: Life Orb\n|move|p1b: Amoonguss|Spore|p2b: Empoleon\n|-status|p2b: Empoleon|slp|[from] move: Spore\n|cant|p2b: Empoleon|slp\n|\n|-heal|p2b: Empoleon|86\/100 slp|[from] item: Leftovers\n|upkeep\n|turn|5\n|\n|t:|1700592408\n|cant|p2b: Empoleon|slp\n|move|p2a: Grimmsnarl|Taunt|p1b: Amoonguss\n|-start|p1b: Amoonguss|move: Taunt\n|move|p1a: Hatterene|Dazzling Gleam|p2b: Empoleon|[spread] p2a,p2b\n|-supereffective|p2a: Grimmsnarl\n|-resisted|p2b: Empoleon\n|-damage|p2a: Grimmsnarl|0 fnt\n|-damage|p2b: Empoleon|63\/100 slp\n|faint|p2a: Grimmsnarl\n|-damage|p1a: Hatterene|81\/100|[from] item: Life Orb\n|cant|p1b: Amoonguss|move: Taunt|Spore\n|\n|-heal|p2b: Empoleon|69\/100 slp|[from] item: Leftovers\n|-fieldend|move: Trick Room\n|upkeep\n|inactive|holidayhero10 has 120 seconds left.\n|\n|t:|1700592421\n|switch|p2a: Maushold|Maushold-Four|100\/100\n|turn|6\n|\n|t:|1700592434\n|switch|p1b: Landorus|Landorus-Therian, M|100\/100\n|-ability|p1b: Landorus|Intimidate|boost\n|-unboost|p2a: Maushold|atk|1\n|-unboost|p2b: Empoleon|atk|1\n|-ability|p2b: Empoleon|Competitive|boost\n|-boost|p2b: Empoleon|spa|2\n|cant|p2b: Empoleon|slp\n|move|p2a: Maushold|Population Bomb|p1b: Landorus\n|-damage|p1b: Landorus|93\/100\n|-damage|p1b: Landorus|85\/100\n|-damage|p1b: Landorus|78\/100\n|-damage|p1b: Landorus|70\/100\n|-damage|p1b: Landorus|63\/100\n|-hitcount|p1b: Landorus|5\n|move|p1a: Hatterene|Dazzling Gleam|p2a: Maushold|[spread] p2a,p2b\n|-resisted|p2b: Empoleon\n|-damage|p2a: Maushold|34\/100\n|-damage|p2b: Empoleon|48\/100 slp\n|-damage|p1a: Hatterene|71\/100|[from] item: Life Orb\n|\n|-heal|p2b: Empoleon|54\/100 slp|[from] item: Leftovers\n|upkeep\n|turn|7\n|inactive|holidayhero10 has 120 seconds left.\n|\n|t:|1700592469\n|move|p2a: Maushold|Population Bomb|p1a: Hatterene\n|-damage|p1a: Hatterene|63\/100\n|-damage|p1a: Hatterene|55\/100\n|-damage|p1a: Hatterene|46\/100\n|-damage|p1a: Hatterene|38\/100\n|-damage|p1a: Hatterene|30\/100\n|-damage|p1a: Hatterene|22\/100\n|-hitcount|p1a: Hatterene|6\n|move|p1b: Landorus|Rock Slide|p2a: Maushold|[spread] p2a,p2b\n|-resisted|p2b: Empoleon\n|-damage|p2a: Maushold|0 fnt\n|-damage|p2b: Empoleon|43\/100 slp\n|faint|p2a: Maushold\n|-curestatus|p2b: Empoleon|slp|[msg]\n|cant|p2b: Empoleon|flinch\n|move|p1a: Hatterene|Trick|p2b: Empoleon\n|-activate|p1a: Hatterene|move: Trick|[of] p2b: Empoleon\n|-item|p2b: Empoleon|Life Orb|[from] move: Trick\n|-item|p1a: Hatterene|Leftovers|[from] move: Trick\n|\n|-heal|p1a: Hatterene|28\/100|[from] item: Leftovers\n|upkeep\n|inactive|holidayhero10 has 120 seconds left.\n|c|\u2606holidayhero10|u gotta be kidding\n|\n|t:|1700592497\n|switch|p2a: Hatterene|Hatterene, F|84\/100\n|turn|8\n|inactive|holidayhero10 has 120 seconds left.\n|\n|t:|1700592505\n|move|p2b: Empoleon|Protect|p2b: Empoleon\n|-singleturn|p2b: Empoleon|Protect\n|move|p1b: Landorus|U-turn|p2a: Hatterene\n|-damage|p2a: Hatterene|54\/100\n|\n|t:|1700592512\n|switch|p1b: Volcarona|Volcarona, F|100\/100|[from] U-turn\n|move|p1a: Hatterene|Dazzling Gleam|p2a: Hatterene|[spread] p2a\n|-activate|p2b: Empoleon|move: Protect\n|-damage|p2a: Hatterene|27\/100\n|move|p2a: Hatterene|Trick Room|p2a: Hatterene\n|-fieldstart|move: Trick Room|[of] p2a: Hatterene\n|\n|-heal|p1a: Hatterene|34\/100|[from] item: Leftovers\n|upkeep\n|turn|9\n|\n|t:|1700592526\n|switch|p1b: Amoonguss|Amoonguss, F, shiny|100\/100\n|move|p1a: Hatterene|Protect|p1a: Hatterene\n|-singleturn|p1a: Hatterene|Protect\n|move|p2a: Hatterene|Life Dew|p2a: Hatterene|[spread] p2a,p2b\n|-heal|p2a: Hatterene|52\/100\n|-heal|p2b: Empoleon|68\/100\n|move|p2b: Empoleon|Surf|p1a: Hatterene|[spread] p2a,p1b\n|-activate|p1a: Hatterene|move: Protect\n|-resisted|p1b: Amoonguss\n|-damage|p2a: Hatterene|0 fnt\n|-damage|p1b: Amoonguss|29\/100\n|-enditem|p1b: Amoonguss|Sitrus Berry|[eat]\n|-heal|p1b: Amoonguss|54\/100|[from] item: Sitrus Berry\n|faint|p2a: Hatterene\n|-damage|p2b: Empoleon|58\/100|[from] item: Life Orb\n|\n|-heal|p1a: Hatterene|39\/100|[from] item: Leftovers\n|upkeep\n|\n|t:|1700592540\n|switch|p2a: Kingambit|Kingambit, F|100\/100\n|turn|10\n|inactive|holidayhero10 has 120 seconds left.\n|\n|t:|1700592582\n|-terastallize|p2a: Kingambit|Poison\n|move|p2b: Empoleon|Protect|p2b: Empoleon\n|-singleturn|p2b: Empoleon|Protect\n|move|p1a: Hatterene|Dazzling Gleam|p2a: Kingambit|[spread] p2a\n|-activate|p2b: Empoleon|move: Protect\n|-resisted|p2a: Kingambit\n|-damage|p2a: Kingambit|84\/100\n|move|p1b: Amoonguss|Spore|p2b: Empoleon\n|-activate|p2b: Empoleon|move: Protect\n|move|p2a: Kingambit|Iron Head|p1a: Hatterene\n|-supereffective|p1a: Hatterene\n|-damage|p1a: Hatterene|0 fnt\n|faint|p1a: Hatterene\n|\n|upkeep\n|inactive|Dragam Kirybo has 120 seconds left.\n|\n|t:|1700592599\n|switch|p1a: Palafin|Palafin-Hero, M|100\/100\n|-activate|p1a: Palafin|ability: Zero to Hero\n|turn|11\n|\n|t:|1700592613\n|switch|p1b: Landorus|Landorus-Therian, M|63\/100\n|-ability|p1b: Landorus|Intimidate|boost\n|-unboost|p2a: Kingambit|atk|1\n|-ability|p2a: Kingambit|Defiant|boost\n|-boost|p2a: Kingambit|atk|2\n|-unboost|p2b: Empoleon|atk|1\n|-boost|p2b: Empoleon|spa|0\n|move|p1a: Palafin|Protect|p1a: Palafin\n|-singleturn|p1a: Palafin|Protect\n|move|p2a: Kingambit|Poison Jab|p1a: Palafin\n|-activate|p1a: Palafin|move: Protect\n|move|p2b: Empoleon|Tera Blast|p1b: Landorus\n|-damage|p1b: Landorus|0 fnt\n|faint|p1b: Landorus\n|-damage|p2b: Empoleon|49\/100|[from] item: Life Orb\n|\n|upkeep\n|\n|t:|1700592631\n|switch|p1b: Amoonguss|Amoonguss, F, shiny|87\/100\n|turn|12\n|\n|t:|1700592649\n|switch|p1a: Oricorio|Oricorio-Sensu, M|100\/100\n|move|p1b: Amoonguss|Spore|p2a: Kingambit\n|-status|p2a: Kingambit|slp|[from] move: Spore\n|cant|p2a: Kingambit|slp\n|move|p2b: Empoleon|Tera Blast|p1a: Oricorio\n|-immune|p1a: Oricorio\n|\n|-fieldend|move: Trick Room\n|upkeep\n|turn|13\n|\n|t:|1700592677\n|move|p2b: Empoleon|Protect|p2b: Empoleon\n|-singleturn|p2b: Empoleon|Protect\n|move|p1a: Oricorio|Hurricane|p2b: Empoleon\n|-activate|p2b: Empoleon|move: Protect\n|cant|p2a: Kingambit|slp\n|move|p1b: Amoonguss|Clear Smog|p2b: Empoleon\n|-activate|p2b: Empoleon|move: Protect\n|\n|upkeep\n|turn|14\n|\n|t:|1700592693\n|switch|p2b: Enamorus|Enamorus, F|100\/100\n|move|p1a: Oricorio|Hurricane|p2a: Kingambit\n|-damage|p2a: Kingambit|43\/100 slp\n|-curestatus|p2a: Kingambit|slp|[msg]\n|move|p2a: Kingambit|Lash Out|p1b: Amoonguss\n|-damage|p1b: Amoonguss|34\/100\n|move|p1b: Amoonguss|Clear Smog|p2b: Enamorus\n|-supereffective|p2b: Enamorus\n|-damage|p2b: Enamorus|66\/100\n|-clearboost|p2b: Enamorus\n|\n|upkeep\n|turn|15\n|inactive|holidayhero10 has 120 seconds left.\n|\n|t:|1700592726\n|switch|p1b: Palafin|Palafin-Hero, M|100\/100\n|move|p1a: Oricorio|Hurricane|p2a: Kingambit|[miss]\n|-miss|p1a: Oricorio|p2a: Kingambit\n|move|p2b: Enamorus|Mystical Fire|p1b: Palafin\n|-resisted|p1b: Palafin\n|-damage|p1b: Palafin|89\/100\n|-unboost|p1b: Palafin|spa|1\n|move|p2a: Kingambit|Lash Out|p1a: Oricorio\n|-supereffective|p1a: Oricorio\n|-damage|p1a: Oricorio|0 fnt\n|faint|p1a: Oricorio\n|\n|-heal|p1b: Palafin|96\/100|[from] item: Leftovers\n|upkeep\n|\n|t:|1700592733\n|switch|p1a: Amoonguss|Amoonguss, F, shiny|67\/100\n|turn|16\n|\n|t:|1700592756\n|move|p2b: Enamorus|Mystical Fire|p1a: Amoonguss\n|-supereffective|p1a: Amoonguss\n|-damage|p1a: Amoonguss|23\/100\n|-unboost|p1a: Amoonguss|spa|1\n|move|p1b: Palafin|Close Combat|p2a: Kingambit\n|-resisted|p2a: Kingambit\n|-damage|p2a: Kingambit|26\/100\n|-unboost|p1b: Palafin|def|1\n|-unboost|p1b: Palafin|spd|1\n|move|p2a: Kingambit|Poison Jab|p1b: Palafin\n|-damage|p1b: Palafin|7\/100\n|move|p1a: Amoonguss|Clear Smog|p2b: Enamorus\n|-supereffective|p2b: Enamorus\n|-crit|p2b: Enamorus\n|-damage|p2b: Enamorus|10\/100\n|-clearboost|p2b: Enamorus\n|-enditem|p2b: Enamorus|Sitrus Berry|[eat]\n|-heal|p2b: Enamorus|35\/100|[from] item: Sitrus Berry\n|\n|-heal|p1b: Palafin|13\/100|[from] item: Leftovers\n|upkeep\n|turn|17\n|\n|t:|1700592782\n|switch|p1a: Volcarona|Volcarona, F|100\/100\n|move|p1b: Palafin|Jet Punch|p2a: Kingambit\n|-damage|p2a: Kingambit|2\/100\n|move|p2b: Enamorus|Tera Blast|p1b: Palafin\n|-damage|p1b: Palafin|0 fnt\n|faint|p1b: Palafin\n|move|p2a: Kingambit|Poison Jab|p1a: Volcarona\n|-damage|p1a: Volcarona|0 fnt\n|faint|p1a: Volcarona\n|\n|upkeep\n|\n|t:|1700592789\n|switch|p1b: Amoonguss|Amoonguss, F, shiny|56\/100\n|turn|18\n|\n|t:|1700592797\n|-terastallize|p1b: Amoonguss|Water\n|move|p2b: Enamorus|Mystical Fire|p1b: Amoonguss\n|-resisted|p1b: Amoonguss\n|-damage|p1b: Amoonguss|44\/100\n|-unboost|p1b: Amoonguss|spa|1\n|move|p2a: Kingambit|Poison Jab|p1b: Amoonguss\n|-damage|p1b: Amoonguss|0 fnt\n|faint|p1b: Amoonguss\n|\n|win|holidayhero10\n|raw|Dragam Kirybo's rating: 1155 &rarr; <strong>1124<\/strong><br \/>(-31 for losing)\n|raw|holidayhero10's rating: 1064 &rarr; <strong>1102<\/strong><br \/>(+38 for winning)\n|c|\u2606holidayhero10|geez that was annoying\n|l|\u2606Dragam Kirybo\n","uploadtime":1700592814,"views":0,"p1id":"dragamkirybo","p2id":"holidayhero10","formatid":"gen9doublesou","rating":1102,"private":0,"password":""}