{"id":"gen9doublesou-1991827233","p1":"GentlemanTorchick","p2":"Vegard Ost","format":"[Gen 9] Doubles OU","log":"|j|\u2606GentlemanTorchick\n|j|\u2606Vegard Ost\n|t:|1700124379\n|gametype|doubles\n|player|p1|GentlemanTorchick|169|1338\n|player|p2|Vegard Ost|wallace|1240\n|teamsize|p1|6\n|teamsize|p2|6\n|gen|9\n|tier|[Gen 9] Doubles OU\n|rated|\n|rule|Species Clause: Limit one of each Pok\u00e9mon\n|rule|OHKO Clause: OHKO moves are banned\n|rule|Evasion Moves Clause: Evasion moves are banned\n|rule|Gravity Sleep Clause: The combination of sleep-inducing moves with imperfect accuracy and Gravity or Gigantamax Orbeetle are banned\n|rule|Endless Battle Clause: Forcing endless battles is banned\n|rule|HP Percentage Mod: HP is shown in percentages\n|clearpoke\n|poke|p1|Brute Bonnet|\n|poke|p1|Torkoal, M|\n|poke|p1|Tornadus, M|\n|poke|p1|Great Tusk|\n|poke|p1|Volcarona, F|\n|poke|p1|Flutter Mane|\n|poke|p2|Zapdos|\n|poke|p2|Sinistcha|\n|poke|p2|Gholdengo|\n|poke|p2|Arcanine-Hisui, M|\n|poke|p2|Ogerpon-Wellspring, F|\n|poke|p2|Great Tusk|\n|teampreview\n|\n|t:|1700124411\n|start\n|switch|p1a: Brute Bonnet|Brute Bonnet|100\/100\n|switch|p1b: Torkoal|Torkoal, M|100\/100\n|switch|p2a: Ogerpon|Ogerpon-Wellspring, F|100\/100\n|switch|p2b: Gholdengo|Gholdengo|100\/100\n|-weather|SunnyDay|[from] ability: Drought|[of] p1b: Torkoal\n|-activate|p1a: Brute Bonnet|ability: Protosynthesis\n|-start|p1a: Brute Bonnet|protosynthesisspd\n|turn|1\n|\n|t:|1700124444\n|move|p2a: Ogerpon|Swords Dance|p2a: Ogerpon\n|-boost|p2a: Ogerpon|atk|2\n|move|p1a: Brute Bonnet|Pollen Puff|p2a: Ogerpon\n|-supereffective|p2a: Ogerpon\n|-damage|p2a: Ogerpon|64\/100\n|move|p2b: Gholdengo|Dazzling Gleam|p1a: Brute Bonnet|[spread] p1a,p1b\n|-supereffective|p1a: Brute Bonnet\n|-resisted|p1b: Torkoal\n|-damage|p1a: Brute Bonnet|58\/100\n|-damage|p1b: Torkoal|74\/100\n|move|p1b: Torkoal|Eruption|p2b: Gholdengo|[spread] p2a,p2b\n|-supereffective|p2b: Gholdengo\n|-damage|p2a: Ogerpon|11\/100\n|-damage|p2b: Gholdengo|0 fnt\n|faint|p2b: Gholdengo\n|\n|-weather|SunnyDay|[upkeep]\n|upkeep\n|\n|t:|1700124459\n|switch|p2b: Sinistcha|Sinistcha|100\/100\n|turn|2\n|\n|t:|1700124481\n|-end|p1a: Brute Bonnet|Protosynthesis|[silent]\n|switch|p1a: Tornadus|Tornadus, M|100\/100\n|-terastallize|p2a: Ogerpon|Water\n|detailschange|p2a: Ogerpon|Ogerpon-Wellspring-Tera, F, tera:Water\n|-ability|p2a: Ogerpon|Embody Aspect (Wellspring)|boost\n|-boost|p2a: Ogerpon|spd|1\n|move|p2b: Sinistcha|Rage Powder|p2b: Sinistcha\n|-singleturn|p2b: Sinistcha|move: Rage Powder\n|move|p2a: Ogerpon|Ivy Cudgel|p1b: Torkoal|[anim] Ivy Cudgel Water\n|-supereffective|p1b: Torkoal\n|-damage|p1b: Torkoal|0 fnt\n|faint|p1b: Torkoal\n|\n|-weather|SunnyDay|[upkeep]\n|upkeep\n|\n|t:|1700124503\n|switch|p1b: Flutter Mane|Flutter Mane|100\/100\n|-activate|p1b: Flutter Mane|ability: Protosynthesis\n|-start|p1b: Flutter Mane|protosynthesisspe\n|turn|3\n|\n|t:|1700124515\n|-terastallize|p1b: Flutter Mane|Fairy\n|move|p2a: Ogerpon|Spiky Shield|p2a: Ogerpon\n|-singleturn|p2a: Ogerpon|move: Protect\n|move|p1b: Flutter Mane|Dazzling Gleam|p2b: Sinistcha|[spread] p2b\n|-activate|p2a: Ogerpon|move: Protect\n|-damage|p2b: Sinistcha|51\/100\n|move|p1a: Tornadus|Bleakwind Storm|p2b: Sinistcha|[spread] p2b\n|-activate|p2a: Ogerpon|move: Protect\n|-supereffective|p2b: Sinistcha\n|-damage|p2b: Sinistcha|0 fnt\n|faint|p2b: Sinistcha\n|\n|-weather|SunnyDay|[upkeep]\n|upkeep\n|\n|t:|1700124531\n|switch|p2b: Zapdos|Zapdos|100\/100\n|turn|4\n|inactive|Battle timer is ON: inactive players will automatically lose when time's up. (requested by GentlemanTorchick)\n|\n|t:|1700124555\n|switch|p1a: Great Tusk|Great Tusk|100\/100\n|-activate|p1a: Great Tusk|ability: Protosynthesis\n|-start|p1a: Great Tusk|protosynthesisatk\n|move|p2a: Ogerpon|Spiky Shield||[still]\n|-fail|p2a: Ogerpon\n|move|p1b: Flutter Mane|Dazzling Gleam|p2b: Zapdos|[spread] p2a,p2b\n|-damage|p2a: Ogerpon|0 fnt\n|-damage|p2b: Zapdos|29\/100\n|faint|p2a: Ogerpon\n|move|p2b: Zapdos|Tailwind|p2b: Zapdos\n|-sidestart|p2: Vegard Ost|move: Tailwind\n|\n|-weather|SunnyDay|[upkeep]\n|upkeep\n|\n|t:|1700124577\n|switch|p2a: Great Tusk|Great Tusk|100\/100\n|-activate|p2a: Great Tusk|ability: Protosynthesis\n|-start|p2a: Great Tusk|protosynthesisatk\n|turn|5\n|\n|t:|1700124590\n|move|p2b: Zapdos|Discharge|p1b: Flutter Mane|[spread] p1b\n|-immune|p2a: Great Tusk\n|-immune|p1a: Great Tusk\n|-damage|p1b: Flutter Mane|69\/100\n|move|p1b: Flutter Mane|Dazzling Gleam|p2a: Great Tusk|[spread] p2a,p2b\n|-supereffective|p2a: Great Tusk\n|-damage|p2a: Great Tusk|0 fnt\n|-damage|p2b: Zapdos|0 fnt\n|faint|p2a: Great Tusk\n|-end|p2a: Great Tusk|Protosynthesis|[silent]\n|faint|p2b: Zapdos\n|move|p1a: Great Tusk|Ice Spinner|p2: Great Tusk|[notarget]\n|-fail|p1a: Great Tusk\n|\n|-weather|SunnyDay|[upkeep]\n|upkeep\n|-message|Vegard Ost forfeited.\n|\n|win|GentlemanTorchick\n|raw|GentlemanTorchick's rating: 1338 &rarr; <strong>1353<\/strong><br \/>(+15 for winning)\n|raw|Vegard Ost's rating: 1240 &rarr; <strong>1222<\/strong><br \/>(-18 for losing)\n|l|\u2606Vegard Ost\n","uploadtime":1700124614,"views":9,"p1id":"gentlemantorchick","p2id":"vegardost","formatid":"gen9doublesou","rating":1222,"private":0,"password":""}