{"id":"gen9doublesou-1998463773","p1":"sudoowdo","p2":"Grandpas Eatin","format":"[Gen 9] Doubles OU","log":"|j|\u2606sudoowdo\n|j|\u2606Grandpas Eatin\n|inactive|Battle timer is ON: inactive players will automatically lose when time's up.\n|t:|1700945189\n|gametype|doubles\n|player|p1|sudoowdo|depotagent|\n|player|p2|Grandpas Eatin|twins|\n|teamsize|p1|6\n|teamsize|p2|6\n|gen|9\n|tier|[Gen 9] Doubles OU\n|rated|Tournament battle\n|rule|Species Clause: Limit one of each Pok\u00e9mon\n|rule|OHKO Clause: OHKO moves are banned\n|rule|Evasion Moves Clause: Evasion moves are banned\n|rule|Gravity Sleep Clause: The combination of sleep-inducing moves with imperfect accuracy and Gravity or Gigantamax Orbeetle are banned\n|rule|Endless Battle Clause: Forcing endless battles is banned\n|rule|HP Percentage Mod: HP is shown in percentages\n|clearpoke\n|poke|p1|Heatran, M|\n|poke|p1|Enamorus-Therian, F|\n|poke|p1|Indeedee-F, F|\n|poke|p1|Sudowoodo, F|\n|poke|p1|Hoopa-Unbound|\n|poke|p1|Rotom-Wash|\n|poke|p2|Gholdengo|\n|poke|p2|Iron Hands|\n|poke|p2|Ogerpon-Wellspring, F|\n|poke|p2|Tornadus, M|\n|poke|p2|Landorus-Therian, M|\n|poke|p2|Iron Moth|\n|teampreview\n|inactive|Grandpas Eatin also wants the timer to be on.\n|inactive|sudoowdo also wants the timer to be on.\n|c|\u2606sudoowdo|it s a meme team\n|c|\u2606Grandpas Eatin|i can see that\n|c|\u2606Grandpas Eatin|mine isn't though\n|inactive|Grandpas Eatin has 120 seconds left.\n|\n|t:|1700945223\n|start\n|switch|p1a: Sudowoodo|Sudowoodo, F|100\/100\n|switch|p1b: Rotom|Rotom-Wash|100\/100\n|switch|p2a: Iron Moth|Iron Moth|100\/100\n|switch|p2b: Landorus|Landorus-Therian, M|100\/100\n|-ability|p2b: Landorus|Intimidate|boost\n|-unboost|p1a: Sudowoodo|atk|1\n|-unboost|p1b: Rotom|atk|1\n|turn|1\n|c|\u2606sudoowdo|sudo is not meme btw\n|inactive|Grandpas Eatin has 120 seconds left.\n|inactive|Grandpas Eatin has 90 seconds left.\n|\n|t:|1700945286\n|switch|p2b: Ogerpon|Ogerpon-Wellspring, F|100\/100\n|move|p2a: Iron Moth|Toxic Spikes|p1a: Sudowoodo\n|-sidestart|p1: sudoowdo|move: Toxic Spikes\n|move|p1b: Rotom|Hydro Pump|p2b: Ogerpon\n|-immune|p2b: Ogerpon|[from] ability: Water Absorb\n|move|p1a: Sudowoodo|Head Smash|p2a: Iron Moth|[miss]\n|-miss|p1a: Sudowoodo|p2a: Iron Moth\n|\n|upkeep\n|turn|2\n|inactive|Grandpas Eatin has 90 seconds left.\n|\n|t:|1700945327\n|move|p2a: Iron Moth|Dazzling Gleam|p1b: Rotom|[spread] p1a,p1b\n|-damage|p1a: Sudowoodo|65\/100\n|-damage|p1b: Rotom|73\/100\n|move|p2b: Ogerpon|Ivy Cudgel|p1a: Sudowoodo|[anim] Ivy Cudgel Water\n|-supereffective|p1a: Sudowoodo\n|-crit|p1a: Sudowoodo\n|-damage|p1a: Sudowoodo|0 fnt\n|faint|p1a: Sudowoodo\n|move|p1b: Rotom|Volt Switch|p2b: Ogerpon\n|-damage|p2b: Ogerpon|68\/100\n|c|\u2606sudoowdo|crit bruh\n|\n|t:|1700945342\n|switch|p1b: Hoopa|Hoopa-Unbound|100\/100|[from] Volt Switch\n|-status|p1b: Hoopa|psn\n|\n|-damage|p1b: Hoopa|88\/100 psn|[from] psn\n|upkeep\n|\n|t:|1700945349\n|switch|p1a: Rotom|Rotom-Wash|73\/100\n|turn|3\n|inactive|Grandpas Eatin has 90 seconds left.\n|inactive|Grandpas Eatin has 60 seconds left.\n|c|\u2606Grandpas Eatin|would have killed without crit\n|\n|t:|1700945427\n|move|p2a: Iron Moth|Dazzling Gleam|p1a: Rotom|[spread] p1a,p1b\n|-supereffective|p1b: Hoopa\n|-damage|p1a: Rotom|44\/100\n|-damage|p1b: Hoopa|62\/100 psn\n|move|p2b: Ogerpon|U-turn|p1b: Hoopa\n|-supereffective|p1b: Hoopa\n|-damage|p1b: Hoopa|0 fnt\n|faint|p1b: Hoopa\n|c|\u2606sudoowdo|idk about that\n|inactive|Grandpas Eatin has 30 seconds left.\n|c|\u2606Grandpas Eatin|trust me\n|\n|t:|1700945442\n|switch|p2b: Landorus|Landorus-Therian, M|100\/100|[from] U-turn\n|-ability|p2b: Landorus|Intimidate|boost\n|-unboost|p1a: Rotom|atk|1\n|move|p1a: Rotom|Hydro Pump|p2a: Iron Moth\n|-supereffective|p2a: Iron Moth\n|-enditem|p2a: Iron Moth|Focus Sash\n|-damage|p2a: Iron Moth|1\/100\n|\n|upkeep\n|c|\u2606sudoowdo|it s a legendary after all\n|\n|t:|1700945456\n|switch|p1b: Heatran|Heatran, M|100\/100\n|turn|4\n|c|\u2606Grandpas Eatin|it's a legendary with a 120atk stat\n|inactive|Grandpas Eatin has 30 seconds left.\n|\n|t:|1700945493\n|switch|p2b: Ogerpon|Ogerpon-Wellspring, F|68\/100\n|move|p2a: Iron Moth|Dazzling Gleam|p1b: Heatran|[spread] p1a,p1b\n|-resisted|p1b: Heatran\n|-damage|p1a: Rotom|14\/100\n|-damage|p1b: Heatran|96\/100\n|move|p1a: Rotom|Hydro Pump|p2b: Ogerpon\n|-heal|p2b: Ogerpon|93\/100|[from] ability: Water Absorb|[of] p1a: Rotom\n|move|p1b: Heatran|Ancient Power|p2a: Iron Moth\n|-supereffective|p2a: Iron Moth\n|-damage|p2a: Iron Moth|0 fnt\n|-boost|p1b: Heatran|atk|1\n|-boost|p1b: Heatran|def|1\n|-boost|p1b: Heatran|spa|1\n|-boost|p1b: Heatran|spd|1\n|-boost|p1b: Heatran|spe|1\n|faint|p2a: Iron Moth\n|-end|p2a: Iron Moth|Quark Drive|[silent]\n|\n|upkeep\n|inactive|Grandpas Eatin has 30 seconds left this turn.\n|\n|t:|1700945501\n|switch|p2a: Tornadus|Tornadus, M|100\/100\n|turn|5\n|inactive|sudoowdo has 120 seconds left.\n|\n|t:|1700945536\n|move|p2a: Tornadus|Tailwind|p2a: Tornadus\n|-sidestart|p2: Grandpas Eatin|move: Tailwind\n|move|p2b: Ogerpon|Ivy Cudgel|p1b: Heatran|[anim] Ivy Cudgel Water\n|-supereffective|p1b: Heatran\n|-damage|p1b: Heatran|36\/100\n|move|p1b: Heatran|Ancient Power|p2b: Ogerpon\n|-damage|p2b: Ogerpon|60\/100\n|move|p1a: Rotom|Thunderbolt|p2b: Ogerpon\n|-damage|p2b: Ogerpon|21\/100\n|\n|upkeep\n|turn|6\n|c|\u2606sudoowdo|rng\n|c|\u2606sudoowdo|o no\n|inactive|Grandpas Eatin has 60 seconds left.\n|\n|t:|1700945568\n|move|p2b: Ogerpon|Ivy Cudgel|p1b: Heatran|[anim] Ivy Cudgel Water\n|-supereffective|p1b: Heatran\n|-damage|p1b: Heatran|0 fnt\n|faint|p1b: Heatran\n|move|p2a: Tornadus|Bleakwind Storm|p1a: Rotom\n|-resisted|p1a: Rotom\n|-damage|p1a: Rotom|0 fnt\n|faint|p1a: Rotom\n|\n|upkeep\n|inactive|sudoowdo has 120 seconds left.\n|\n|t:|1700945579\n|switch|p1a: Indeedee|Indeedee-F, F|100\/100\n|switch|p1b: Enamorus|Enamorus-Therian, F|100\/100\n|-status|p1a: Indeedee|psn\n|-fieldstart|move: Psychic Terrain|[from] ability: Psychic Surge|[of] p1a: Indeedee\n|turn|7\n|inactive|Grandpas Eatin has 60 seconds left.\n|j| meep3636\n|\n|t:|1700945598\n|move|p2a: Tornadus|Bleakwind Storm|p1b: Enamorus|[spread] p1a,p1b\n|-damage|p1a: Indeedee|72\/100 psn\n|-damage|p1b: Enamorus|68\/100\n|-unboost|p1b: Enamorus|spe|1\n|move|p2b: Ogerpon|U-turn|p1a: Indeedee\n|-supereffective|p1a: Indeedee\n|-damage|p1a: Indeedee|20\/100 psn\n|-enditem|p1a: Indeedee|Sitrus Berry|[eat]\n|-heal|p1a: Indeedee|45\/100 psn|[from] item: Sitrus Berry\n|\n|t:|1700945606\n|switch|p2b: Gholdengo|Gholdengo, shiny|100\/100|[from] U-turn\n|move|p1b: Enamorus|Springtide Storm|p2a: Tornadus|[spread] \n|-miss|p1b: Enamorus|p2a: Tornadus\n|-miss|p1b: Enamorus|p2b: Gholdengo\n|move|p1a: Indeedee|Trick Room|p1a: Indeedee\n|-fieldstart|move: Trick Room|[of] p1a: Indeedee\n|\n|-damage|p1a: Indeedee|32\/100 psn|[from] psn\n|upkeep\n|turn|8\n|\n|t:|1700945623\n|move|p2b: Gholdengo|Protect|p2b: Gholdengo\n|-singleturn|p2b: Gholdengo|Protect\n|move|p1b: Enamorus|Earth Power|p2b: Gholdengo\n|-activate|p2b: Gholdengo|move: Protect\n|move|p1a: Indeedee|Heal Pulse|p1b: Enamorus\n|-heal|p1b: Enamorus|100\/100\n|move|p2a: Tornadus|Bleakwind Storm|p1a: Indeedee|[spread] \n|-miss|p2a: Tornadus|p1a: Indeedee\n|-miss|p2a: Tornadus|p1b: Enamorus\n|\n|-damage|p1a: Indeedee|20\/100 psn|[from] psn\n|-sideend|p2: Grandpas Eatin|move: Tailwind\n|upkeep\n|turn|9\n|\n|t:|1700945637\n|move|p1a: Indeedee|Follow Me|p1a: Indeedee\n|-singleturn|p1a: Indeedee|move: Follow Me\n|move|p1b: Enamorus|Earth Power|p2b: Gholdengo\n|-supereffective|p2b: Gholdengo\n|-damage|p2b: Gholdengo|15\/100\n|-damage|p1b: Enamorus|91\/100|[from] item: Life Orb\n|move|p2b: Gholdengo|Make It Rain|p1a: Indeedee|[spread] p1a,p1b\n|-supereffective|p1b: Enamorus\n|-damage|p1a: Indeedee|0 fnt\n|-damage|p1b: Enamorus|0 fnt\n|-unboost|p2b: Gholdengo|spa|1\n|faint|p1a: Indeedee\n|faint|p1b: Enamorus\n|\n|win|Grandpas Eatin\n|n|\u2606sudoowdo|sudoowdo\n|n|\u2606Grandpas Eatin|grandpaseatin\n|n| meep3636|meep3636\n","uploadtime":1700945638,"views":9,"p1id":"sudoowdo","p2id":"grandpaseatin","formatid":"gen9doublesou","rating":0,"private":0,"password":""}