{"id":"gen9doublesou-1969639474","p1":"racer59","p2":"PromiseOfStress","format":"[Gen 9] Doubles OU","log":"|j|\u2606racer59\n|j|\u2606PromiseOfStress\n|t:|1697554007\n|gametype|doubles\n|player|p1|racer59|266|1510\n|player|p2|PromiseOfStress|clown|1607\n|teamsize|p1|6\n|teamsize|p2|6\n|gen|9\n|tier|[Gen 9] Doubles OU\n|rated|\n|rule|Species Clause: Limit one of each Pok\u00e9mon\n|rule|OHKO Clause: OHKO moves are banned\n|rule|Evasion Moves Clause: Evasion moves are banned\n|rule|Gravity Sleep Clause: The combination of sleep-inducing moves with imperfect accuracy and Gravity or Gigantamax Orbeetle are banned\n|rule|Endless Battle Clause: Forcing endless battles is banned\n|rule|HP Percentage Mod: HP is shown in percentages\n|clearpoke\n|poke|p1|Grimmsnarl, M|\n|poke|p1|Arcanine-Hisui, F|\n|poke|p1|Ogerpon-Hearthflame, F|\n|poke|p1|Okidogi, M|\n|poke|p1|Flutter Mane|\n|poke|p1|Iron Bundle|\n|poke|p2|Palafin, M|\n|poke|p2|Rillaboom, F|\n|poke|p2|Mew|\n|poke|p2|Ting-Lu|\n|poke|p2|Qwilfish-Hisui, M|\n|poke|p2|Spectrier|\n|teampreview\n|\n|t:|1697554032\n|start\n|switch|p1a: Okidogi|Okidogi, M|100\/100\n|switch|p1b: Grimmsnarl|Grimmsnarl, M|100\/100\n|switch|p2a: Mew|Mew|100\/100\n|switch|p2b: Qwilfish|Qwilfish-Hisui, M|100\/100\n|-ability|p2b: Qwilfish|Intimidate|boost\n|-ability|p1a: Okidogi|Guard Dog|boost\n|-boost|p1a: Okidogi|atk|1\n|-unboost|p1b: Grimmsnarl|atk|1\n|turn|1\n|c|\u2606PromiseOfStress|off to a rough start lmao\n|\n|t:|1697554069\n|switch|p2b: Ting-Lu|Ting-Lu|100\/100\n|-ability|p2b: Ting-Lu|Vessel of Ruin\n|-terastallize|p1a: Okidogi|Dragon\n|move|p1b: Grimmsnarl|Reflect|p1b: Grimmsnarl\n|-sidestart|p1: racer59|Reflect\n|move|p2a: Mew|Stealth Rock|p1a: Okidogi\n|-sidestart|p1: racer59|move: Stealth Rock\n|move|p1a: Okidogi|Knock Off|p2a: Mew\n|-supereffective|p2a: Mew\n|-damage|p2a: Mew|29\/100\n|-enditem|p2a: Mew|Sitrus Berry|[from] move: Knock Off|[of] p1a: Okidogi\n|\n|upkeep\n|turn|2\n|\n|t:|1697554144\n|move|p1b: Grimmsnarl|Light Screen|p1b: Grimmsnarl\n|-sidestart|p1: racer59|move: Light Screen\n|move|p2a: Mew|Spikes|p1a: Okidogi\n|-sidestart|p1: racer59|Spikes\n|move|p1a: Okidogi|Knock Off|p2a: Mew\n|-supereffective|p2a: Mew\n|-damage|p2a: Mew|0 fnt\n|faint|p2a: Mew\n|move|p2b: Ting-Lu|Whirlwind|p1a: Okidogi\n|-activate|p1a: Okidogi|ability: Guard Dog\n|\n|upkeep\n|c|\u2606PromiseOfStress|oh shit true\n|c|\u2606PromiseOfStress|I forgot it did that\n|\n|t:|1697554159\n|switch|p2a: Palafin|Palafin, M|100\/100\n|turn|3\n|c|\u2606PromiseOfStress|lol notttt not ideal\n|\n|t:|1697554180\n|detailschange|p2a: Palafin|Palafin-Hero, M\n|switch|p2a: Rillaboom|Rillaboom, F|100\/100\n|-fieldstart|move: Grassy Terrain|[from] ability: Grassy Surge|[of] p2a: Rillaboom\n|move|p1b: Grimmsnarl|Parting Shot|p2a: Rillaboom\n|-unboost|p2a: Rillaboom|atk|1\n|-unboost|p2a: Rillaboom|spa|1\n|\n|t:|1697554193\n|switch|p1b: Arcanine|Arcanine-Hisui, F|100\/100|[from] Parting Shot\n|-damage|p1b: Arcanine|75\/100|[from] Stealth Rock\n|-damage|p1b: Arcanine|63\/100|[from] Spikes\n|-ability|p1b: Arcanine|Intimidate|boost\n|-unboost|p2a: Rillaboom|atk|1\n|-unboost|p2b: Ting-Lu|atk|1\n|move|p1a: Okidogi|Bulk Up|p1a: Okidogi\n|-boost|p1a: Okidogi|atk|1\n|-boost|p1a: Okidogi|def|1\n|move|p2b: Ting-Lu|Ruination|p1a: Okidogi\n|-damage|p1a: Okidogi|50\/100\n|\n|-heal|p1b: Arcanine|69\/100|[from] Grassy Terrain\n|-heal|p1a: Okidogi|57\/100|[from] Grassy Terrain\n|-heal|p1a: Okidogi|63\/100|[from] item: Leftovers\n|upkeep\n|turn|4\n|\n|t:|1697554226\n|move|p1a: Okidogi|Protect|p1a: Okidogi\n|-singleturn|p1a: Okidogi|Protect\n|move|p1b: Arcanine|Flare Blitz|p2a: Rillaboom\n|-supereffective|p2a: Rillaboom\n|-damage|p2a: Rillaboom|0 fnt\n|faint|p2a: Rillaboom\n|-damage|p1b: Arcanine|31\/100|[from] Recoil\n|move|p2b: Ting-Lu|Ruination|p1a: Okidogi\n|-activate|p1a: Okidogi|move: Protect\n|\n|-heal|p1b: Arcanine|37\/100|[from] Grassy Terrain\n|-heal|p1a: Okidogi|69\/100|[from] Grassy Terrain\n|-heal|p1a: Okidogi|75\/100|[from] item: Leftovers\n|upkeep\n|\n|t:|1697554229\n|switch|p2a: Palafin|Palafin-Hero, M|100\/100\n|-activate|p2a: Palafin|ability: Zero to Hero\n|turn|5\n|\n|t:|1697554253\n|move|p1b: Arcanine|Extreme Speed|p2a: Palafin\n|-damage|p2a: Palafin|79\/100\n|move|p2a: Palafin|Bulk Up|p2a: Palafin\n|-boost|p2a: Palafin|atk|1\n|-boost|p2a: Palafin|def|1\n|move|p1a: Okidogi|Drain Punch|p2a: Palafin\n|-damage|p2a: Palafin|37\/100\n|-heal|p1a: Okidogi|98\/100|[from] drain|[of] p2a: Palafin\n|move|p2b: Ting-Lu|Ruination|p1a: Okidogi\n|-damage|p1a: Okidogi|49\/100\n|\n|-heal|p1b: Arcanine|43\/100|[from] Grassy Terrain\n|-heal|p2a: Palafin|43\/100|[from] Grassy Terrain\n|-heal|p2a: Palafin|50\/100|[from] item: Leftovers\n|-heal|p1a: Okidogi|55\/100|[from] Grassy Terrain\n|-heal|p1a: Okidogi|61\/100|[from] item: Leftovers\n|upkeep\n|turn|6\n|inactive|Battle timer is ON: inactive players will automatically lose when time's up. (requested by PromiseOfStress)\n|inactive|racer59 has 120 seconds left.\n|\n|t:|1697554284\n|switch|p2b: Spectrier|Spectrier|100\/100\n|-enditem|p2b: Spectrier|Grassy Seed\n|-boost|p2b: Spectrier|def|1|[from] item: Grassy Seed\n|move|p2a: Palafin|Protect|p2a: Palafin\n|-singleturn|p2a: Palafin|Protect\n|move|p1b: Arcanine|Extreme Speed|p2a: Palafin\n|-activate|p2a: Palafin|move: Protect\n|move|p1a: Okidogi|Knock Off|p2a: Palafin\n|-activate|p2a: Palafin|move: Protect\n|\n|-heal|p1b: Arcanine|49\/100|[from] Grassy Terrain\n|-heal|p2a: Palafin|56\/100|[from] Grassy Terrain\n|-heal|p2a: Palafin|62\/100|[from] item: Leftovers\n|-heal|p1a: Okidogi|68\/100|[from] Grassy Terrain\n|-heal|p1a: Okidogi|74\/100|[from] item: Leftovers\n|upkeep\n|turn|7\n|\n|t:|1697554312\n|-terastallize|p2b: Spectrier|Fighting\n|move|p2b: Spectrier|Nasty Plot|p2b: Spectrier\n|-boost|p2b: Spectrier|spa|2\n|move|p1b: Arcanine|Rock Slide|p2b: Spectrier|[spread] p2a,p2b\n|-resisted|p2b: Spectrier\n|-damage|p2a: Palafin|47\/100\n|-damage|p2b: Spectrier|89\/100\n|move|p2a: Palafin|Bulk Up|p2a: Palafin\n|-boost|p2a: Palafin|atk|1\n|-boost|p2a: Palafin|def|1\n|move|p1a: Okidogi|Knock Off|p2b: Spectrier\n|-resisted|p2b: Spectrier\n|-damage|p2b: Spectrier|70\/100\n|\n|-heal|p2b: Spectrier|76\/100|[from] Grassy Terrain\n|-heal|p1b: Arcanine|55\/100|[from] Grassy Terrain\n|-heal|p2a: Palafin|53\/100|[from] Grassy Terrain\n|-heal|p2a: Palafin|59\/100|[from] item: Leftovers\n|-heal|p1a: Okidogi|80\/100|[from] Grassy Terrain\n|-heal|p1a: Okidogi|86\/100|[from] item: Leftovers\n|-fieldend|move: Grassy Terrain\n|upkeep\n|turn|8\n|inactive|racer59 has 120 seconds left.\n|inactive|PromiseOfStress has 120 seconds left.\n|inactive|PromiseOfStress has 90 seconds left.\n|\n|t:|1697554377\n|move|p2b: Spectrier|Protect|p2b: Spectrier\n|-singleturn|p2b: Spectrier|Protect\n|move|p1b: Arcanine|Rock Slide|p2b: Spectrier|[spread] p2a\n|-activate|p2b: Spectrier|move: Protect\n|-damage|p2a: Palafin|46\/100\n|move|p2a: Palafin|Drain Punch|p1a: Okidogi\n|-damage|p1a: Okidogi|64\/100\n|-heal|p2a: Palafin|56\/100|[from] drain|[of] p1a: Okidogi\n|move|p1a: Okidogi|Drain Punch|p2b: Spectrier\n|-activate|p2b: Spectrier|move: Protect\n|\n|-heal|p2a: Palafin|62\/100|[from] item: Leftovers\n|-heal|p1a: Okidogi|71\/100|[from] item: Leftovers\n|-sideend|p1: racer59|Reflect\n|upkeep\n|turn|9\n|inactive|racer59 has 120 seconds left.\n|inactive|PromiseOfStress has 90 seconds left.\n|\n|t:|1697554425\n|move|p2b: Spectrier|Shadow Ball|p1a: Okidogi\n|-damage|p1a: Okidogi|15\/100\n|-unboost|p1a: Okidogi|spd|1\n|move|p1b: Arcanine|Flare Blitz|p2b: Spectrier\n|-damage|p2b: Spectrier|24\/100\n|-damage|p1b: Arcanine|36\/100|[from] Recoil\n|move|p2a: Palafin|Drain Punch|p1a: Okidogi\n|-damage|p1a: Okidogi|0 fnt\n|-heal|p2a: Palafin|69\/100|[from] drain|[of] p1a: Okidogi\n|faint|p1a: Okidogi\n|\n|-heal|p2a: Palafin|75\/100|[from] item: Leftovers\n|-sideend|p1: racer59|move: Light Screen\n|upkeep\n|inactive|racer59 has 90 seconds left.\n|\n|t:|1697554456\n|switch|p1a: Grimmsnarl|Grimmsnarl, M|100\/100\n|-damage|p1a: Grimmsnarl|88\/100|[from] Stealth Rock\n|-damage|p1a: Grimmsnarl|75\/100|[from] Spikes\n|turn|10\n|inactive|PromiseOfStress has 90 seconds left.\n|\n|t:|1697554486\n|move|p1b: Arcanine|Extreme Speed|p2b: Spectrier\n|-crit|p2b: Spectrier\n|-damage|p2b: Spectrier|0 fnt\n|faint|p2b: Spectrier\n|move|p2a: Palafin|Jet Punch|p1a: Grimmsnarl\n|-damage|p1a: Grimmsnarl|11\/100\n|move|p1a: Grimmsnarl|Light Screen|p1a: Grimmsnarl\n|-sidestart|p1: racer59|move: Light Screen\n|\n|-heal|p2a: Palafin|81\/100|[from] item: Leftovers\n|upkeep\n|\n|t:|1697554492\n|switch|p2b: Qwilfish|Qwilfish-Hisui, M|100\/100\n|-ability|p2b: Qwilfish|Intimidate|boost\n|-unboost|p1a: Grimmsnarl|atk|1\n|-unboost|p1b: Arcanine|atk|1\n|turn|11\n|inactive|racer59 has 120 seconds left.\n|inactive|PromiseOfStress has 90 seconds left.\n|\n|t:|1697554518\n|move|p2a: Palafin|Jet Punch|p1a: Grimmsnarl\n|-damage|p1a: Grimmsnarl|0 fnt\n|faint|p1a: Grimmsnarl\n|move|p1b: Arcanine|Flare Blitz|p2b: Qwilfish\n|-damage|p2b: Qwilfish|68\/100\n|-damage|p1b: Arcanine|25\/100|[from] Recoil\n|move|p2b: Qwilfish|Toxic Spikes|p1b: Arcanine\n|-sidestart|p1: racer59|move: Toxic Spikes\n|\n|-heal|p2a: Palafin|87\/100|[from] item: Leftovers\n|upkeep\n|\n|t:|1697554527\n|switch|p1a: Iron Bundle|Iron Bundle|100\/100\n|-damage|p1a: Iron Bundle|76\/100|[from] Stealth Rock\n|-damage|p1a: Iron Bundle|63\/100|[from] Spikes\n|-status|p1a: Iron Bundle|psn\n|-enditem|p1a: Iron Bundle|Booster Energy\n|-activate|p1a: Iron Bundle|ability: Quark Drive|[fromitem]\n|-start|p1a: Iron Bundle|quarkdrivespe\n|turn|12\n|inactive|PromiseOfStress has 90 seconds left.\n|\n|t:|1697554541\n|move|p2a: Palafin|Protect|p2a: Palafin\n|-singleturn|p2a: Palafin|Protect\n|move|p1a: Iron Bundle|Freeze-Dry|p2a: Palafin\n|-activate|p2a: Palafin|move: Protect\n|move|p1b: Arcanine|Rock Slide|p2b: Qwilfish|[spread] p2b\n|-activate|p2a: Palafin|move: Protect\n|-damage|p2b: Qwilfish|53\/100\n|move|p2b: Qwilfish|Barb Barrage|p1a: Iron Bundle\n|-damage|p1a: Iron Bundle|13\/100 psn\n|\n|-heal|p2a: Palafin|94\/100|[from] item: Leftovers\n|-damage|p1a: Iron Bundle|1\/100 psn|[from] psn\n|upkeep\n|turn|13\n|inactive|racer59 has 120 seconds left.\n|c|\u2606racer59|hazards in 2023 is so cringe\n|-message|racer59 forfeited.\n|\n|win|PromiseOfStress\n|raw|racer59's rating: 1510 &rarr; <strong>1495<\/strong><br \/>(-15 for losing)\n|raw|PromiseOfStress's rating: 1607 &rarr; <strong>1622<\/strong><br \/>(+15 for winning)\n|l|\u2606racer59\n","uploadtime":1697554597,"views":36,"p1id":"racer59","p2id":"promiseofstress","formatid":"gen9doublesou","rating":1495,"private":0,"password":""}