{"id":"gen9doublesou-1977014830","p1":"SolidState0","p2":"lilbookcase","format":"[Gen 9] Doubles OU","log":"|j|\u2606SolidState0\n|j|\u2606lilbookcase\n|t:|1698361984\n|gametype|doubles\n|player|p1|SolidState0|allister|\n|player|p2|lilbookcase|rocketgruntf|\n|teamsize|p1|6\n|teamsize|p2|6\n|gen|9\n|tier|[Gen 9] Doubles OU\n|rule|Species Clause: Limit one of each Pok\u00e9mon\n|rule|OHKO Clause: OHKO moves are banned\n|rule|Evasion Moves Clause: Evasion moves are banned\n|rule|Gravity Sleep Clause: The combination of sleep-inducing moves with imperfect accuracy and Gravity or Gigantamax Orbeetle are banned\n|rule|Endless Battle Clause: Forcing endless battles is banned\n|rule|HP Percentage Mod: HP is shown in percentages\n|clearpoke\n|poke|p1|Zoroark-Hisui, F|\n|poke|p1|Polteageist-Antique|\n|poke|p1|Spiritomb, F|\n|poke|p1|Toxapex, F|\n|poke|p1|Volcarona, F|\n|poke|p1|Gholdengo|\n|poke|p2|Roaring Moon|\n|poke|p2|Weezing-Galar, M|\n|poke|p2|Gholdengo|\n|poke|p2|Ursaluna, M|\n|poke|p2|Hatterene, F|\n|poke|p2|Gothitelle, F|\n|teampreview\n|\n|t:|1698362020\n|start\n|switch|p1a: Polteageist|Polteageist-Antique|100\/100\n|switch|p1b: Spiritomb|Spiritomb, F|100\/100\n|switch|p2a: Roaring Gibbous|Roaring Moon|100\/100\n|switch|p2b: Smokin that Toxin|Weezing-Galar, M|100\/100\n|-ability|p2b: Smokin that Toxin|Neutralizing Gas\n|-enditem|p2a: Roaring Gibbous|Booster Energy\n|-activate|p2a: Roaring Gibbous|ability: Protosynthesis|[fromitem]\n|-start|p2a: Roaring Gibbous|protosynthesisspe\n|turn|1\n|\n|t:|1698362052\n|move|p2a: Roaring Gibbous|Knock Off|p1a: Polteageist\n|-supereffective|p1a: Polteageist\n|-enditem|p1a: Polteageist|Focus Sash\n|-damage|p1a: Polteageist|1\/100\n|move|p1a: Polteageist|Shell Smash|p1a: Polteageist\n|-unboost|p1a: Polteageist|def|1\n|-unboost|p1a: Polteageist|spd|1\n|-boost|p1a: Polteageist|atk|2\n|-boost|p1a: Polteageist|spa|2\n|-boost|p1a: Polteageist|spe|2\n|move|p2b: Smokin that Toxin|Dazzling Gleam|p1b: Spiritomb|[spread] p1a,p1b\n|-supereffective|p1b: Spiritomb\n|-damage|p1a: Polteageist|0 fnt\n|-damage|p1b: Spiritomb|73\/100\n|faint|p1a: Polteageist\n|move|p1b: Spiritomb|Foul Play|p2a: Roaring Gibbous\n|-resisted|p2a: Roaring Gibbous\n|-damage|p2a: Roaring Gibbous|71\/100\n|\n|-heal|p1b: Spiritomb|79\/100|[from] item: Leftovers\n|upkeep\n|\n|t:|1698362070\n|switch|p1a: Toxapex|Toxapex, F|100\/100\n|turn|2\n|\n|t:|1698362097\n|move|p2b: Smokin that Toxin|Protect|p2b: Smokin that Toxin\n|-singleturn|p2b: Smokin that Toxin|Protect\n|move|p1b: Spiritomb|Shadow Sneak|p2b: Smokin that Toxin\n|-activate|p2b: Smokin that Toxin|move: Protect\n|move|p2a: Roaring Gibbous|Knock Off|p1b: Spiritomb\n|-damage|p1b: Spiritomb|26\/100\n|-enditem|p1b: Spiritomb|Leftovers|[from] move: Knock Off|[of] p2a: Roaring Gibbous\n|move|p1a: Toxapex|Ice Beam|p2a: Roaring Gibbous\n|-supereffective|p2a: Roaring Gibbous\n|-damage|p2a: Roaring Gibbous|47\/100\n|\n|upkeep\n|turn|3\n|\n|t:|1698362126\n|-end|p2b: Smokin that Toxin|ability: Neutralizing Gas\n|switch|p2b: Waxaluna|Ursaluna, M|100\/100\n|move|p2a: Roaring Gibbous|Tailwind|p2a: Roaring Gibbous\n|-sidestart|p2: lilbookcase|move: Tailwind\n|move|p1a: Toxapex|Ice Beam|p2a: Roaring Gibbous\n|-supereffective|p2a: Roaring Gibbous\n|-damage|p2a: Roaring Gibbous|24\/100\n|move|p1b: Spiritomb|Pain Split|p2b: Waxaluna\n|-sethp|p2b: Waxaluna|60\/100|[from] move: Pain Split|[silent]\n|-sethp|p1b: Spiritomb|79\/100|[from] move: Pain Split\n|\n|-status|p2b: Waxaluna|brn|[from] item: Flame Orb\n|upkeep\n|turn|4\n|\n|t:|1698362154\n|move|p2a: Roaring Gibbous|Protect|p2a: Roaring Gibbous\n|-singleturn|p2a: Roaring Gibbous|Protect\n|move|p2b: Waxaluna|Earthquake|p1a: Toxapex|[spread] p1a,p1b\n|-activate|p2a: Roaring Gibbous|move: Protect\n|-supereffective|p1a: Toxapex\n|-damage|p1a: Toxapex|22\/100\n|-damage|p1b: Spiritomb|17\/100\n|move|p1a: Toxapex|Toxic Spikes|p2b: Waxaluna\n|-sidestart|p2: lilbookcase|move: Toxic Spikes\n|move|p1b: Spiritomb|Foul Play|p2a: Roaring Gibbous\n|-activate|p2a: Roaring Gibbous|move: Protect\n|\n|-damage|p2b: Waxaluna|54\/100 brn|[from] brn\n|upkeep\n|turn|5\n|\n|t:|1698362174\n|move|p2a: Roaring Gibbous|Knock Off|p1b: Spiritomb\n|-damage|p1b: Spiritomb|0 fnt\n|faint|p1b: Spiritomb\n|move|p2b: Waxaluna|Facade|p1a: Toxapex\n|-crit|p1a: Toxapex\n|-damage|p1a: Toxapex|0 fnt\n|faint|p1a: Toxapex\n|\n|-damage|p2b: Waxaluna|48\/100 brn|[from] brn\n|upkeep\n|\n|t:|1698362182\n|switch|p1a: Gholdengo|Gholdengo|100\/100\n|switch|p1b: Volcarona|Volcarona, F|100\/100\n|turn|6\n|\n|t:|1698362207\n|move|p2a: Roaring Gibbous|Protect|p2a: Roaring Gibbous\n|-singleturn|p2a: Roaring Gibbous|Protect\n|move|p2b: Waxaluna|Earthquake|p1b: Volcarona|[spread] p1a,p1b\n|-activate|p2a: Roaring Gibbous|move: Protect\n|-damage|p1a: Gholdengo|0 fnt\n|-damage|p1b: Volcarona|4\/100\n|replace|p1a: Zoroark|Zoroark-Hisui, F\n|-end|p1a: Zoroark|Illusion\n|faint|p1a: Zoroark\n|move|p1b: Volcarona|Quiver Dance|p1b: Volcarona\n|-boost|p1b: Volcarona|spa|1\n|-boost|p1b: Volcarona|spd|1\n|-boost|p1b: Volcarona|spe|1\n|\n|-damage|p2b: Waxaluna|41\/100 brn|[from] brn\n|-sideend|p2: lilbookcase|move: Tailwind\n|upkeep\n|\n|t:|1698362218\n|switch|p1a: Gholdengo|Gholdengo|100\/100\n|turn|7\n|\n|t:|1698362237\n|move|p1b: Volcarona|Protect|p1b: Volcarona\n|-singleturn|p1b: Volcarona|Protect\n|move|p2b: Waxaluna|Protect|p2b: Waxaluna\n|-singleturn|p2b: Waxaluna|Protect\n|move|p2a: Roaring Gibbous|Knock Off|p1a: Gholdengo\n|-supereffective|p1a: Gholdengo\n|-damage|p1a: Gholdengo|0 fnt\n|-enditem|p1a: Gholdengo|Choice Scarf|[from] move: Knock Off|[of] p2a: Roaring Gibbous\n|faint|p1a: Gholdengo\n|\n|-damage|p2b: Waxaluna|35\/100 brn|[from] brn\n|upkeep\n|turn|8\n|\n|t:|1698362256\n|move|p2a: Roaring Gibbous|Breaking Swipe|p1b: Volcarona\n|-damage|p1b: Volcarona|0 fnt\n|faint|p1b: Volcarona\n|\n|win|lilbookcase\n|l|\u2606SolidState0\n","uploadtime":1698362266,"views":41,"p1id":"solidstate0","p2id":"lilbookcase","formatid":"gen9doublesou","rating":0,"private":0,"password":""}