{"id":"gen9doublesou-1995710663","p1":"CurlyNQuirky","p2":"Msquared5900","format":"[Gen 9] Doubles OU","log":"|j|\u2606CurlyNQuirky\n|j|\u2606Msquared5900\n|t:|1700596032\n|gametype|doubles\n|player|p1|CurlyNQuirky|102|1167\n|player|p2|Msquared5900|1|1114\n|teamsize|p1|6\n|teamsize|p2|6\n|gen|9\n|tier|[Gen 9] Doubles OU\n|rated|\n|rule|Species Clause: Limit one of each Pok\u00e9mon\n|rule|OHKO Clause: OHKO moves are banned\n|rule|Evasion Moves Clause: Evasion moves are banned\n|rule|Gravity Sleep Clause: The combination of sleep-inducing moves with imperfect accuracy and Gravity or Gigantamax Orbeetle are banned\n|rule|Endless Battle Clause: Forcing endless battles is banned\n|rule|HP Percentage Mod: HP is shown in percentages\n|clearpoke\n|poke|p1|Haxorus, M|\n|poke|p1|Iron Bundle|\n|poke|p1|Talonflame, M|\n|poke|p1|Umbreon, F|\n|poke|p1|Flutter Mane|\n|poke|p1|Uxie|\n|poke|p2|Grafaiai, F|\n|poke|p2|Slaking, M|\n|poke|p2|Grimmsnarl, M|\n|poke|p2|Flutter Mane|\n|poke|p2|Iron Hands|\n|poke|p2|Moltres|\n|teampreview\n|\n|t:|1700596069\n|start\n|switch|p1a: Haxorus|Haxorus, M, shiny|100\/100\n|switch|p1b: Uxie|Uxie|100\/100\n|switch|p2a: Grafaiai|Grafaiai, F|100\/100\n|switch|p2b: Slaking|Slaking, M|100\/100\n|turn|1\n|inactive|Battle timer is ON: inactive players will automatically lose when time's up. (requested by Msquared5900)\n|\n|t:|1700596092\n|move|p2a: Grafaiai|Doodle|p1a: Haxorus\n|-endability|p2a: Grafaiai|Prankster|[from] move: Doodle\n|-ability|p2a: Grafaiai|Rivalry|[from] move: Doodle\n|-endability|p2b: Slaking|Truant|[from] move: Doodle\n|-ability|p2b: Slaking|Rivalry|[from] move: Doodle\n|move|p1a: Haxorus|Close Combat|p2b: Slaking\n|-supereffective|p2b: Slaking\n|-damage|p2b: Slaking|7\/100\n|-unboost|p1a: Haxorus|def|1\n|-unboost|p1a: Haxorus|spd|1\n|-damage|p1a: Haxorus|91\/100|[from] item: Life Orb\n|move|p2b: Slaking|Bulk Up|p2b: Slaking\n|-boost|p2b: Slaking|atk|1\n|-boost|p2b: Slaking|def|1\n|move|p1b: Uxie|Calm Mind|p1b: Uxie\n|-boost|p1b: Uxie|spa|1\n|-boost|p1b: Uxie|spd|1\n|\n|upkeep\n|turn|2\n|\n|t:|1700596121\n|switch|p1a: Umbreon|Umbreon, F, shiny|100\/100\n|move|p2a: Grafaiai|Taunt|p1b: Uxie\n|-start|p1b: Uxie|move: Taunt\n|move|p2b: Slaking|Body Slam|p1a: Umbreon\n|-damage|p1a: Umbreon|53\/100\n|-damage|p2b: Slaking|0 fnt|[from] item: Rocky Helmet|[of] p1a: Umbreon\n|faint|p2b: Slaking\n|move|p1b: Uxie|Stored Power|p2a: Grafaiai\n|-supereffective|p2a: Grafaiai\n|-damage|p2a: Grafaiai|54\/100\n|\n|upkeep\n|inactive|Msquared5900 has 120 seconds left.\n|\n|t:|1700596137\n|switch|p2b: Grimmsnarl|Grimmsnarl, M|100\/100\n|turn|3\n|\n|t:|1700596156\n|-terastallize|p1a: Umbreon|Fairy\n|move|p2b: Grimmsnarl|Light Screen|p2b: Grimmsnarl\n|-sidestart|p2: Msquared5900|move: Light Screen\n|move|p2a: Grafaiai|Toxic|p1a: Umbreon\n|-status|p1a: Umbreon|tox\n|move|p1b: Uxie|Stored Power|p2a: Grafaiai\n|-supereffective|p2a: Grafaiai\n|-damage|p2a: Grafaiai|24\/100\n|move|p1a: Umbreon|Skill Swap|p2b: Grimmsnarl\n|-activate|p1a: Umbreon|move: Skill Swap|Prankster|Inner Focus|[of] p2b: Grimmsnarl\n|\n|-damage|p1a: Umbreon|47\/100 tox|[from] psn\n|upkeep\n|turn|4\n|\n|t:|1700596182\n|move|p1a: Umbreon|Moonlight|p1a: Umbreon\n|-heal|p1a: Umbreon|97\/100 tox\n|move|p2a: Grafaiai|Gunk Shot|p1a: Umbreon\n|-supereffective|p1a: Umbreon\n|-damage|p1a: Umbreon|30\/100 tox\n|move|p1b: Uxie|Stored Power|p2a: Grafaiai\n|-supereffective|p2a: Grafaiai\n|-damage|p2a: Grafaiai|0 fnt\n|faint|p2a: Grafaiai\n|move|p2b: Grimmsnarl|Foul Play|p1b: Uxie\n|-supereffective|p1b: Uxie\n|-damage|p1b: Uxie|73\/100\n|\n|-damage|p1a: Umbreon|18\/100 tox|[from] psn\n|-end|p1b: Uxie|move: Taunt\n|upkeep\n|inactive|Msquared5900 has 120 seconds left.\n|\n|t:|1700596200\n|switch|p2a: Flutter Mane|Flutter Mane|100\/100\n|-enditem|p2a: Flutter Mane|Booster Energy\n|-activate|p2a: Flutter Mane|ability: Protosynthesis|[fromitem]\n|-start|p2a: Flutter Mane|protosynthesisspe\n|turn|5\n|\n|t:|1700596216\n|move|p1a: Umbreon|Moonlight|p1a: Umbreon\n|-heal|p1a: Umbreon|68\/100 tox\n|move|p2a: Flutter Mane|Shadow Ball|p1b: Uxie\n|-supereffective|p1b: Uxie\n|-damage|p1b: Uxie|29\/100\n|move|p1b: Uxie|Calm Mind|p1b: Uxie\n|-boost|p1b: Uxie|spa|1\n|-boost|p1b: Uxie|spd|1\n|move|p2b: Grimmsnarl|Reflect|p2b: Grimmsnarl\n|-sidestart|p2: Msquared5900|Reflect\n|\n|-damage|p1a: Umbreon|49\/100 tox|[from] psn\n|upkeep\n|turn|6\n|\n|t:|1700596236\n|move|p1a: Umbreon|Moonlight|p1a: Umbreon\n|-heal|p1a: Umbreon|99\/100 tox\n|move|p2a: Flutter Mane|Shadow Ball|p1b: Uxie\n|-supereffective|p1b: Uxie\n|-damage|p1b: Uxie|0 fnt\n|faint|p1b: Uxie\n|move|p2b: Grimmsnarl|Foul Play|p1a: Umbreon\n|-resisted|p1a: Umbreon\n|-damage|p1a: Umbreon|93\/100 tox\n|-damage|p2b: Grimmsnarl|84\/100|[from] item: Rocky Helmet|[of] p1a: Umbreon\n|\n|-damage|p1a: Umbreon|68\/100 tox|[from] psn\n|upkeep\n|inactive|CurlyNQuirky has 120 seconds left.\n|\n|t:|1700596266\n|switch|p1b: Talonflame|Talonflame, M|100\/100\n|turn|7\n|inactive|CurlyNQuirky has 120 seconds left.\n|\n|t:|1700596292\n|move|p1b: Talonflame|Brave Bird|p2a: Flutter Mane\n|-damage|p2a: Flutter Mane|29\/100\n|-damage|p1b: Talonflame|81\/100|[from] Recoil\n|move|p1a: Umbreon|Thunder Wave|p2a: Flutter Mane\n|-status|p2a: Flutter Mane|par\n|move|p2a: Flutter Mane|Moonblast|p1a: Umbreon\n|-damage|p1a: Umbreon|38\/100 tox\n|move|p2b: Grimmsnarl|Foul Play|p1b: Talonflame\n|-damage|p1b: Talonflame|23\/100\n|\n|-damage|p1a: Umbreon|8\/100 tox|[from] psn\n|upkeep\n|turn|8\n|inactive|CurlyNQuirky has 120 seconds left.\n|\n|t:|1700596322\n|move|p1a: Umbreon|Moonlight|p1a: Umbreon\n|-heal|p1a: Umbreon|58\/100 tox\n|move|p1b: Talonflame|Brave Bird|p2b: Grimmsnarl\n|-damage|p2b: Grimmsnarl|45\/100\n|-damage|p1b: Talonflame|6\/100|[from] Recoil\n|cant|p2a: Flutter Mane|par\n|move|p2b: Grimmsnarl|Foul Play|p1a: Umbreon\n|-resisted|p1a: Umbreon\n|-damage|p1a: Umbreon|50\/100 tox\n|-damage|p2b: Grimmsnarl|28\/100|[from] item: Rocky Helmet|[of] p1a: Umbreon\n|\n|-damage|p1a: Umbreon|14\/100 tox|[from] psn\n|upkeep\n|turn|9\n|inactive|CurlyNQuirky has 120 seconds left.\n|\n|t:|1700596349\n|move|p1a: Umbreon|Moonlight|p1a: Umbreon\n|-heal|p1a: Umbreon|64\/100 tox\n|move|p1b: Talonflame|Brave Bird|p2a: Flutter Mane\n|-damage|p2a: Flutter Mane|0 fnt\n|faint|p2a: Flutter Mane\n|-end|p2a: Flutter Mane|Protosynthesis|[silent]\n|-damage|p1b: Talonflame|0 fnt|[from] Recoil\n|faint|p1b: Talonflame\n|move|p2b: Grimmsnarl|Foul Play|p1a: Umbreon\n|-resisted|p1a: Umbreon\n|-damage|p1a: Umbreon|57\/100 tox\n|-damage|p2b: Grimmsnarl|12\/100|[from] item: Rocky Helmet|[of] p1a: Umbreon\n|\n|-damage|p1a: Umbreon|14\/100 tox|[from] psn\n|upkeep\n|\n|t:|1700596371\n|switch|p2a: Iron Hands|Iron Hands|100\/100\n|switch|p1b: Flutter Mane|Flutter Mane|100\/100\n|turn|10\n|\n|t:|1700596387\n|move|p1a: Umbreon|Moonlight|p1a: Umbreon\n|-heal|p1a: Umbreon|64\/100 tox\n|move|p1b: Flutter Mane|Dazzling Gleam|p2b: Grimmsnarl|[spread] p2a,p2b\n|-supereffective|p2a: Iron Hands\n|-supereffective|p2b: Grimmsnarl\n|-damage|p2a: Iron Hands|63\/100\n|-damage|p2b: Grimmsnarl|0 fnt\n|faint|p2b: Grimmsnarl\n|move|p2a: Iron Hands|Thunder Punch|p1b: Flutter Mane\n|-damage|p1b: Flutter Mane|0 fnt\n|faint|p1b: Flutter Mane\n|-end|p1b: Flutter Mane|Protosynthesis|[silent]\n|\n|-damage|p1a: Umbreon|15\/100 tox|[from] psn\n|-sideend|p2: Msquared5900|move: Light Screen\n|upkeep\n|\n|t:|1700596404\n|switch|p1b: Iron Bundle|Iron Bundle|100\/100\n|switch|p2b: Moltres|Moltres|100\/100\n|turn|11\n|\n|t:|1700596426\n|move|p1a: Umbreon|Moonlight|p1a: Umbreon\n|-heal|p1a: Umbreon|65\/100 tox\n|move|p1b: Iron Bundle|Blizzard|p2a: Iron Hands|[spread] p2a,p2b\n|-damage|p2a: Iron Hands|36\/100\n|-damage|p2b: Moltres|48\/100\n|-status|p2b: Moltres|frz\n|cant|p2b: Moltres|frz\n|move|p2a: Iron Hands|Drain Punch|p1a: Umbreon\n|-resisted|p1a: Umbreon\n|-damage|p1a: Umbreon|48\/100 tox\n|-heal|p2a: Iron Hands|42\/100|[from] drain|[of] p1a: Umbreon\n|-damage|p2a: Iron Hands|26\/100|[from] item: Rocky Helmet|[of] p1a: Umbreon\n|\n|-damage|p1a: Umbreon|0 fnt|[from] psn\n|faint|p1a: Umbreon\n|upkeep\n|inactive|CurlyNQuirky has 120 seconds left.\n|c|\u2606Msquared5900|Really with the frozen. Lol\n|\n|t:|1700596444\n|switch|p1a: Haxorus|Haxorus, M, shiny|91\/100\n|turn|12\n|\n|t:|1700596455\n|move|p1b: Iron Bundle|Freeze-Dry|p2a: Iron Hands\n|-damage|p2a: Iron Hands|2\/100\n|move|p1a: Haxorus|Outrage|p2b: Moltres\n|-damage|p2b: Moltres|0 fnt\n|-status|p1a: Haxorus|brn|[from] ability: Flame Body|[of] p2b: Moltres\n|faint|p2b: Moltres\n|-damage|p1a: Haxorus|81\/100 brn|[from] item: Life Orb\n|move|p2a: Iron Hands|Drain Punch|p1b: Iron Bundle\n|-supereffective|p1b: Iron Bundle\n|-damage|p1b: Iron Bundle|0 fnt\n|-heal|p2a: Iron Hands|27\/100|[from] drain|[of] p1b: Iron Bundle\n|faint|p1b: Iron Bundle\n|-end|p1b: Iron Bundle|Quark Drive|[silent]\n|\n|-damage|p1a: Haxorus|75\/100 brn|[from] brn\n|-sideend|p2: Msquared5900|Reflect\n|upkeep\n|turn|13\n|inactive|Msquared5900 has 120 seconds left.\n|\n|t:|1700596487\n|move|p1a: Haxorus|Outrage|p2a: Iron Hands|[from]lockedmove\n|-damage|p2a: Iron Hands|0 fnt\n|faint|p2a: Iron Hands\n|-end|p2a: Iron Hands|Quark Drive|[silent]\n|-damage|p1a: Haxorus|65\/100 brn|[from] item: Life Orb\n|\n|win|CurlyNQuirky\n|raw|CurlyNQuirky's rating: 1167 &rarr; <strong>1188<\/strong><br \/>(+21 for winning)\n|raw|Msquared5900's rating: 1114 &rarr; <strong>1093<\/strong><br \/>(-21 for losing)\n|l|\u2606Msquared5900\n|c|\u2606CurlyNQuirky|GG\n","uploadtime":1700596746,"views":0,"p1id":"curlynquirky","p2id":"msquared5900","formatid":"gen9doublesou","rating":1093,"private":0,"password":""}