{"id":"gen9doublesou-1971655362","p1":"Odj1022","p2":"SXD2002","format":"[Gen 9] Doubles OU","log":"|j|\u2606Odj1022\n|j|\u2606SXD2002\n|t:|1697757757\n|gametype|doubles\n|player|p1|Odj1022|alder|1091\n|player|p2|SXD2002|silver-masters|1011\n|teamsize|p1|6\n|teamsize|p2|4\n|gen|9\n|tier|[Gen 9] Doubles OU\n|rated|\n|rule|Species Clause: Limit one of each Pok\u00e9mon\n|rule|OHKO Clause: OHKO moves are banned\n|rule|Evasion Moves Clause: Evasion moves are banned\n|rule|Gravity Sleep Clause: The combination of sleep-inducing moves with imperfect accuracy and Gravity or Gigantamax Orbeetle are banned\n|rule|Endless Battle Clause: Forcing endless battles is banned\n|rule|HP Percentage Mod: HP is shown in percentages\n|clearpoke\n|poke|p1|Spiritomb, M|\n|poke|p1|Iron Hands|\n|poke|p1|Amoonguss, F|\n|poke|p1|Camerupt, F|\n|poke|p1|Hatterene, F|\n|poke|p1|Garganacl, M|\n|poke|p2|Lurantis, M|\n|poke|p2|Murkrow, M|\n|poke|p2|Grimmsnarl, M|\n|poke|p2|Clefairy, M|\n|teampreview\n|inactive|Battle timer is ON: inactive players will automatically lose when time's up. (requested by Odj1022)\n|\n|t:|1697757762\n|start\n|switch|p1a: Spiritomb|Spiritomb, M, shiny|100\/100\n|switch|p1b: Iron Hands|Iron Hands|100\/100\n|switch|p2a: Grimmsnarl|Grimmsnarl, M|100\/100\n|switch|p2b: Lurantis|Lurantis, M|100\/100\n|turn|1\n|\n|t:|1697757776\n|move|p2a: Grimmsnarl|Fake Tears|p2b: Lurantis\n|-boost|p2b: Lurantis|spd|2\n|move|p1b: Iron Hands|Belly Drum|p1b: Iron Hands\n|-damage|p1b: Iron Hands|50\/100\n|-setboost|p1b: Iron Hands|atk|6|[from] move: Belly Drum\n|-enditem|p1b: Iron Hands|Sitrus Berry|[eat]\n|-heal|p1b: Iron Hands|75\/100|[from] item: Sitrus Berry\n|move|p2b: Lurantis|Leaf Storm|p1b: Iron Hands\n|-damage|p1b: Iron Hands|42\/100\n|-boost|p2b: Lurantis|spa|2\n|move|p1a: Spiritomb|Trick Room|p1a: Spiritomb\n|-fieldstart|move: Trick Room|[of] p1a: Spiritomb\n|\n|upkeep\n|turn|2\n|inactive|Odj1022 has 120 seconds left.\n|inactive|SXD2002 has 120 seconds left.\n|\n|t:|1697757819\n|move|p2b: Lurantis|Protect|p2b: Lurantis\n|-singleturn|p2b: Lurantis|Protect\n|move|p1a: Spiritomb|Disable|p2b: Lurantis\n|-activate|p2b: Lurantis|move: Protect\n|move|p1b: Iron Hands|Close Combat|p2b: Lurantis\n|-activate|p2b: Lurantis|move: Protect\n|move|p2a: Grimmsnarl|Dazzling Gleam|p1a: Spiritomb|[spread] p1a,p1b\n|-supereffective|p1a: Spiritomb\n|-supereffective|p1b: Iron Hands\n|-damage|p1a: Spiritomb|71\/100\n|-damage|p1b: Iron Hands|8\/100\n|\n|upkeep\n|turn|3\n|inactive|Odj1022 has 120 seconds left.\n|inactive|SXD2002 has 120 seconds left.\n|\n|t:|1697757851\n|move|p2a: Grimmsnarl|Parting Shot|p2b: Lurantis\n|-boost|p2b: Lurantis|atk|1\n|-boost|p2b: Lurantis|spa|1\n|\n|t:|1697757855\n|switch|p2a: Clefairy|Clefairy, M|100\/100|[from] Parting Shot\n|move|p1a: Spiritomb|Disable||[still]\n|-fail|p1a: Spiritomb\n|move|p2b: Lurantis|Leaf Storm|p1b: Iron Hands\n|-damage|p1b: Iron Hands|0 fnt\n|-boost|p2b: Lurantis|spa|2\n|faint|p1b: Iron Hands\n|-end|p1b: Iron Hands|Quark Drive|[silent]\n|\n|upkeep\n|inactive|Odj1022 has 120 seconds left.\n|\n|t:|1697757868\n|switch|p1b: Camerupt|Camerupt, F, shiny|100\/100\n|turn|4\n|\n|t:|1697757880\n|switch|p1a: Amoonguss|Amoonguss, F, shiny|100\/100\n|-terastallize|p1b: Camerupt|Grass\n|move|p2b: Lurantis|Protect|p2b: Lurantis\n|-singleturn|p2b: Lurantis|Protect\n|move|p1b: Camerupt|Eruption|p2b: Lurantis|[spread] p2a\n|-activate|p2b: Lurantis|move: Protect\n|-damage|p2a: Clefairy|52\/100\n|move|p2a: Clefairy|Life Dew||[still]|[spread] p2a,p2b\n|-heal|p2a: Clefairy|77\/100\n|-fail|p2b: Lurantis|heal\n|\n|upkeep\n|turn|5\n|\n|t:|1697757901\n|-terastallize|p2b: Lurantis|Steel\n|move|p2a: Clefairy|Helping Hand|p2b: Lurantis\n|-singleturn|p2b: Lurantis|Helping Hand|[of] p2a: Clefairy\n|move|p1a: Amoonguss|Spore|p2a: Clefairy\n|-status|p2a: Clefairy|slp|[from] move: Spore\n|move|p1b: Camerupt|Eruption|p2a: Clefairy|[spread] p2a,p2b\n|-supereffective|p2b: Lurantis\n|-damage|p2a: Clefairy|26\/100 slp\n|-damage|p2b: Lurantis|50\/100\n|move|p2b: Lurantis|Pollen Puff|p1b: Camerupt\n|-supereffective|p1b: Camerupt\n|-damage|p1b: Camerupt|0 fnt\n|faint|p1b: Camerupt\n|\n|-heal|p2b: Lurantis|56\/100|[from] item: Leftovers\n|-fieldend|move: Trick Room\n|upkeep\n|\n|t:|1697757918\n|switch|p1b: Garganacl|Garganacl, M|100\/100\n|turn|6\n|\n|t:|1697757940\n|switch|p2a: Grimmsnarl|Grimmsnarl, M|100\/100\n|move|p2b: Lurantis|Leaf Storm|p1b: Garganacl\n|-supereffective|p1b: Garganacl\n|-crit|p1b: Garganacl\n|-damage|p1b: Garganacl|0 fnt\n|-boost|p2b: Lurantis|spa|1\n|faint|p1b: Garganacl\n|move|p1a: Amoonguss|Spore|p2b: Lurantis\n|-status|p2b: Lurantis|slp|[from] move: Spore\n|\n|-heal|p2b: Lurantis|62\/100 slp|[from] item: Leftovers\n|upkeep\n|\n|t:|1697757951\n|switch|p1b: Hatterene|Hatterene, F|100\/100\n|turn|7\n|-message|Odj1022 forfeited.\n|\n|win|SXD2002\n|raw|Odj1022's rating: 1091 &rarr; <strong>1062<\/strong><br \/>(-29 for losing)\n|raw|SXD2002's rating: 1011 &rarr; <strong>1058<\/strong><br \/>(+47 for winning)\n|l|\u2606Odj1022\n","uploadtime":1697757958,"views":16,"p1id":"odj1022","p2id":"sxd2002","formatid":"gen9doublesou","rating":1058,"private":0,"password":""}