{"id":"gen9doublesou-1973767531","p1":"AlexSkov","p2":"Mait27","format":"[Gen 9] Doubles OU","log":"|j|\u2606AlexSkov\n|j|\u2606Mait27\n|t:|1698011370\n|gametype|doubles\n|player|p1|AlexSkov|170|1180\n|player|p2|Mait27|101|1334\n|teamsize|p1|6\n|teamsize|p2|6\n|gen|9\n|tier|[Gen 9] Doubles OU\n|rated|\n|rule|Species Clause: Limit one of each Pok\u00e9mon\n|rule|OHKO Clause: OHKO moves are banned\n|rule|Evasion Moves Clause: Evasion moves are banned\n|rule|Gravity Sleep Clause: The combination of sleep-inducing moves with imperfect accuracy and Gravity or Gigantamax Orbeetle are banned\n|rule|Endless Battle Clause: Forcing endless battles is banned\n|rule|HP Percentage Mod: HP is shown in percentages\n|clearpoke\n|poke|p1|Spectrier|\n|poke|p1|Grimmsnarl, M|\n|poke|p1|Moltres-Galar|\n|poke|p1|Gastrodon, F|\n|poke|p1|Arcanine-Hisui, M|\n|poke|p1|Gholdengo|\n|poke|p2|Baxcalibur, F|\n|poke|p2|Torkoal, F|\n|poke|p2|Walking Wake|\n|poke|p2|Gholdengo|\n|poke|p2|Amoonguss, M|\n|poke|p2|Rillaboom, F|\n|teampreview\n|\n|t:|1698011394\n|start\n|switch|p1a: Spectrier|Spectrier|100\/100\n|switch|p1b: Moltres|Moltres-Galar|100\/100\n|switch|p2a: Amoonguss|Amoonguss, M|100\/100\n|switch|p2b: Rillaboom|Rillaboom, F|100\/100\n|-fieldstart|move: Grassy Terrain|[from] ability: Grassy Surge|[of] p2b: Rillaboom\n|turn|1\n|\n|t:|1698011411\n|move|p2b: Rillaboom|Fake Out|p1b: Moltres\n|-damage|p1b: Moltres|86\/100\n|move|p1a: Spectrier|Nasty Plot|p1a: Spectrier\n|-boost|p1a: Spectrier|spa|2\n|cant|p1b: Moltres|flinch\n|move|p2a: Amoonguss|Spore|p1a: Spectrier\n|-status|p1a: Spectrier|slp|[from] move: Spore\n|\n|upkeep\n|turn|2\n|\n|t:|1698011433\n|cant|p1a: Spectrier|slp\n|move|p1b: Moltres|Fiery Wrath|p2a: Amoonguss|[spread] p2a,p2b\n|-damage|p2a: Amoonguss|82\/100\n|-damage|p2b: Rillaboom|80\/100\n|move|p2b: Rillaboom|Knock Off|p1a: Spectrier\n|-supereffective|p1a: Spectrier\n|-damage|p1a: Spectrier|17\/100 slp\n|-enditem|p1a: Spectrier|Sitrus Berry|[from] move: Knock Off|[of] p2b: Rillaboom\n|move|p2a: Amoonguss|Spore|p1b: Moltres\n|-status|p1b: Moltres|slp|[from] move: Spore\n|-enditem|p1b: Moltres|Chesto Berry|[eat]\n|-curestatus|p1b: Moltres|slp|[msg]\n|\n|-heal|p1a: Spectrier|23\/100 slp|[from] Grassy Terrain\n|-heal|p2b: Rillaboom|86\/100|[from] Grassy Terrain\n|-heal|p2a: Amoonguss|88\/100|[from] Grassy Terrain\n|upkeep\n|turn|3\n|\n|t:|1698011459\n|switch|p1a: Arcanine|Arcanine-Hisui, M, shiny|100\/100\n|-ability|p1a: Arcanine|Intimidate|boost\n|-unboost|p2a: Amoonguss|atk|1\n|-unboost|p2b: Rillaboom|atk|1\n|move|p2b: Rillaboom|Grassy Glide|p1a: Arcanine\n|-damage|p1a: Arcanine|71\/100\n|move|p1b: Moltres|Air Slash|p2b: Rillaboom|[miss]\n|-miss|p1b: Moltres|p2b: Rillaboom\n|move|p2a: Amoonguss|Spore|p1b: Moltres\n|-status|p1b: Moltres|slp|[from] move: Spore\n|\n|-heal|p1a: Arcanine|77\/100|[from] Grassy Terrain\n|-heal|p2b: Rillaboom|93\/100|[from] Grassy Terrain\n|-heal|p2a: Amoonguss|94\/100|[from] Grassy Terrain\n|upkeep\n|turn|4\n|\n|t:|1698011483\n|switch|p2b: Walking Wake|Walking Wake|100\/100\n|move|p2a: Amoonguss|Protect|p2a: Amoonguss\n|-singleturn|p2a: Amoonguss|Protect\n|cant|p1b: Moltres|slp\n|move|p1a: Arcanine|Flare Blitz|p2a: Amoonguss\n|-activate|p2a: Amoonguss|move: Protect\n|\n|-heal|p1a: Arcanine|84\/100|[from] Grassy Terrain\n|-heal|p2a: Amoonguss|99\/100|[from] Grassy Terrain\n|upkeep\n|turn|5\n|\n|t:|1698011507\n|switch|p2a: Torkoal|Torkoal, F|100\/100\n|-weather|SunnyDay|[from] ability: Drought|[of] p2a: Torkoal\n|-activate|p2b: Walking Wake|ability: Protosynthesis\n|-start|p2b: Walking Wake|protosynthesisspe\n|-terastallize|p1a: Arcanine|Grass\n|move|p2b: Walking Wake|Hydro Steam|p1b: Moltres\n|-damage|p1b: Moltres|14\/100 slp\n|-ability|p1b: Moltres|Berserk|boost\n|-boost|p1b: Moltres|spa|1\n|cant|p1b: Moltres|slp\n|move|p1a: Arcanine|Tera Blast|p2b: Walking Wake|[anim] Tera Blast Grass\n|-damage|p2b: Walking Wake|40\/100\n|\n|-weather|SunnyDay|[upkeep]\n|-heal|p2b: Walking Wake|46\/100|[from] Grassy Terrain\n|-heal|p1a: Arcanine|90\/100|[from] Grassy Terrain\n|-fieldend|move: Grassy Terrain\n|upkeep\n|turn|6\n|\n|t:|1698011544\n|-end|p2b: Walking Wake|Protosynthesis|[silent]\n|switch|p2b: Baxcalibur|Baxcalibur, F|100\/100\n|switch|p1b: Grimmsnarl|Grimmsnarl, M|100\/100\n|switch|p1a: Gastrodon|Gastrodon, F|100\/100\n|move|p2a: Torkoal|Lava Plume|p1a: Gastrodon|[spread] p2b,p1a,p1b\n|-resisted|p1a: Gastrodon\n|-damage|p2b: Baxcalibur|74\/100\n|-damage|p1a: Gastrodon|89\/100\n|-damage|p1b: Grimmsnarl|76\/100\n|-status|p1a: Gastrodon|brn\n|-ability|p2b: Baxcalibur|Thermal Exchange|boost\n|-boost|p2b: Baxcalibur|atk|1\n|\n|-weather|SunnyDay|[upkeep]\n|-damage|p1a: Gastrodon|83\/100 brn|[from] brn\n|upkeep\n|turn|7\n|\n|t:|1698011571\n|move|p2b: Baxcalibur|Protect|p2b: Baxcalibur\n|-singleturn|p2b: Baxcalibur|Protect\n|move|p1b: Grimmsnarl|Spirit Break|p2b: Baxcalibur\n|-activate|p2b: Baxcalibur|move: Protect\n|move|p1a: Gastrodon|Earth Power|p2a: Torkoal\n|-supereffective|p2a: Torkoal\n|-damage|p2a: Torkoal|23\/100\n|move|p2a: Torkoal|Yawn|p1b: Grimmsnarl\n|-start|p1b: Grimmsnarl|move: Yawn|[of] p2a: Torkoal\n|\n|-weather|SunnyDay|[upkeep]\n|-damage|p1a: Gastrodon|77\/100 brn|[from] brn\n|upkeep\n|turn|8\n|\n|t:|1698011590\n|switch|p2a: Rillaboom|Rillaboom, F|93\/100\n|-fieldstart|move: Grassy Terrain|[from] ability: Grassy Surge|[of] p2a: Rillaboom\n|-terastallize|p2b: Baxcalibur|Steel\n|move|p2b: Baxcalibur|Dragon Dance|p2b: Baxcalibur\n|-boost|p2b: Baxcalibur|atk|1\n|-boost|p2b: Baxcalibur|spe|1\n|move|p1b: Grimmsnarl|Spirit Break|p2b: Baxcalibur\n|-resisted|p2b: Baxcalibur\n|-damage|p2b: Baxcalibur|60\/100\n|-unboost|p2b: Baxcalibur|spa|1\n|move|p1a: Gastrodon|Earth Power|p2a: Rillaboom\n|-resisted|p2a: Rillaboom\n|-crit|p2a: Rillaboom\n|-damage|p2a: Rillaboom|77\/100\n|\n|-weather|SunnyDay|[upkeep]\n|-heal|p2b: Baxcalibur|66\/100|[from] Grassy Terrain\n|-heal|p2a: Rillaboom|83\/100|[from] Grassy Terrain\n|-heal|p1b: Grimmsnarl|82\/100|[from] Grassy Terrain\n|-heal|p1a: Gastrodon|83\/100 brn|[from] Grassy Terrain\n|-damage|p1a: Gastrodon|77\/100 brn|[from] brn\n|-end|p1b: Grimmsnarl|move: Yawn|[silent]\n|-status|p1b: Grimmsnarl|slp\n|upkeep\n|turn|9\n|-message|AlexSkov forfeited.\n|\n|win|Mait27\n|raw|AlexSkov's rating: 1180 &rarr; <strong>1165<\/strong><br \/>(-15 for losing)\n|raw|Mait27's rating: 1334 &rarr; <strong>1346<\/strong><br \/>(+12 for winning)\n|l|\u2606AlexSkov\n","uploadtime":1698011776,"views":15,"p1id":"alexskov","p2id":"mait27","formatid":"gen9doublesou","rating":1165,"private":0,"password":""}