{"id":"gen9doublesou-1995783807","p1":"yoyosuf","p2":"CatChaos_8","format":"[Gen 9] Doubles OU","log":"|j|\u2606yoyosuf\n|j|\u2606CatChaos_8\n|t:|1700602796\n|gametype|doubles\n|player|p1|yoyosuf|argenta|1029\n|player|p2|CatChaos_8|byron|1000\n|teamsize|p1|6\n|teamsize|p2|6\n|gen|9\n|tier|[Gen 9] Doubles OU\n|rated|\n|rule|Species Clause: Limit one of each Pok\u00e9mon\n|rule|OHKO Clause: OHKO moves are banned\n|rule|Evasion Moves Clause: Evasion moves are banned\n|rule|Gravity Sleep Clause: The combination of sleep-inducing moves with imperfect accuracy and Gravity or Gigantamax Orbeetle are banned\n|rule|Endless Battle Clause: Forcing endless battles is banned\n|rule|HP Percentage Mod: HP is shown in percentages\n|clearpoke\n|poke|p1|Sneasler, M|\n|poke|p1|Rillaboom, M|\n|poke|p1|Chien-Pao|\n|poke|p1|Clefairy, F|\n|poke|p1|Murkrow, F|\n|poke|p1|Landorus-Therian, M|\n|poke|p2|Meowscarada, F|\n|poke|p2|Pyroar, M|\n|poke|p2|Luxray, M|\n|poke|p2|Umbreon, M|\n|poke|p2|Dragonite, M|\n|poke|p2|Dondozo, M|\n|teampreview\n|\n|t:|1700602828\n|start\n|switch|p1a: Murkrow|Murkrow, F|100\/100\n|switch|p1b: Landorus|Landorus-Therian, M|100\/100\n|switch|p2a: Meowscarada|Meowscarada, F|100\/100\n|switch|p2b: Umbreon|Umbreon, M, shiny|100\/100\n|-ability|p1b: Landorus|Intimidate|boost\n|-unboost|p2a: Meowscarada|atk|1\n|-fail|p2b: Umbreon|unboost|Attack|[from] ability: Inner Focus|[of] p2b: Umbreon\n|turn|1\n|\n|t:|1700602847\n|move|p2b: Umbreon|Helping Hand|p2a: Meowscarada\n|-singleturn|p2a: Meowscarada|Helping Hand|[of] p2b: Umbreon\n|move|p1a: Murkrow|Tailwind|p1a: Murkrow\n|-sidestart|p1: yoyosuf|move: Tailwind\n|move|p1b: Landorus|U-turn|p2a: Meowscarada\n|-supereffective|p2a: Meowscarada\n|-enditem|p2a: Meowscarada|Focus Sash\n|-damage|p2a: Meowscarada|1\/100\n|\n|t:|1700602860\n|switch|p1b: Clefairy|Clefairy, F|100\/100|[from] U-turn\n|move|p2a: Meowscarada|Flower Trick|p1a: Murkrow\n|-start|p2a: Meowscarada|typechange|Grass|[from] ability: Protean\n|-resisted|p1a: Murkrow\n|-crit|p1a: Murkrow\n|-damage|p1a: Murkrow|52\/100\n|\n|upkeep\n|turn|2\n|\n|t:|1700602905\n|move|p2b: Umbreon|Helping Hand|p2a: Meowscarada\n|-singleturn|p2a: Meowscarada|Helping Hand|[of] p2b: Umbreon\n|move|p1a: Murkrow|Snarl|p2b: Umbreon|[spread] p2a\n|-miss|p1a: Murkrow|p2b: Umbreon\n|-damage|p2a: Meowscarada|0 fnt\n|faint|p2a: Meowscarada\n|move|p1b: Clefairy|Heal Pulse|p1a: Murkrow\n|-heal|p1a: Murkrow|100\/100\n|\n|upkeep\n|\n|t:|1700602933\n|switch|p2a: Luxray|Luxray, M, shiny|100\/100\n|turn|3\n|\n|t:|1700602966\n|switch|p1a: Rillaboom|Rillaboom, M|100\/100\n|-fieldstart|move: Grassy Terrain|[from] ability: Grassy Surge|[of] p1a: Rillaboom\n|move|p2b: Umbreon|Helping Hand|p2a: Luxray\n|-singleturn|p2a: Luxray|Helping Hand|[of] p2b: Umbreon\n|move|p2a: Luxray|Wild Charge|p1a: Rillaboom\n|-resisted|p1a: Rillaboom\n|-damage|p1a: Rillaboom|81\/100\n|-damage|p2a: Luxray|94\/100|[from] Recoil\n|move|p1b: Clefairy|Heal Pulse|p1a: Rillaboom\n|-heal|p1a: Rillaboom|100\/100\n|\n|-heal|p2a: Luxray|99\/100|[from] Grassy Terrain\n|-status|p2a: Luxray|brn|[from] item: Flame Orb\n|upkeep\n|turn|4\n|\n|t:|1700602993\n|switch|p1b: Landorus|Landorus-Therian, M|100\/100\n|-ability|p1b: Landorus|Intimidate|boost\n|-unboost|p2a: Luxray|atk|1\n|-fail|p2b: Umbreon|unboost|Attack|[from] ability: Inner Focus|[of] p2b: Umbreon\n|move|p2b: Umbreon|Helping Hand|p2a: Luxray\n|-singleturn|p2a: Luxray|Helping Hand|[of] p2b: Umbreon\n|move|p1a: Rillaboom|Earthquake|p2b: Umbreon|[spread] p2a,p2b\n|-immune|p1b: Landorus\n|-supereffective|p2a: Luxray\n|-damage|p2a: Luxray|71\/100 brn\n|-damage|p2b: Umbreon|93\/100\n|move|p2a: Luxray|Wild Charge|p1b: Landorus\n|-immune|p1b: Landorus\n|\n|-heal|p2a: Luxray|77\/100 brn|[from] Grassy Terrain\n|-heal|p2b: Umbreon|99\/100|[from] Grassy Terrain\n|-damage|p2a: Luxray|71\/100 brn|[from] brn\n|-sideend|p1: yoyosuf|move: Tailwind\n|upkeep\n|turn|5\n|\n|t:|1700603031\n|move|p2b: Umbreon|Baby-Doll Eyes|p1b: Landorus\n|-unboost|p1b: Landorus|atk|1\n|move|p1b: Landorus|Stomping Tantrum|p2a: Luxray\n|-supereffective|p2a: Luxray\n|-damage|p2a: Luxray|0 fnt\n|faint|p2a: Luxray\n|move|p1a: Rillaboom|Drum Beating|p2b: Umbreon\n|-damage|p2b: Umbreon|65\/100\n|-unboost|p2b: Umbreon|spe|1\n|\n|-heal|p2b: Umbreon|71\/100|[from] Grassy Terrain\n|upkeep\n|\n|t:|1700603053\n|switch|p2a: Pyroar|Pyroar, M|100\/100\n|-ability|p2a: Pyroar|Unnerve\n|turn|6\n|\n|t:|1700603077\n|switch|p1a: Clefairy|Clefairy, F|100\/100\n|move|p2b: Umbreon|Baby-Doll Eyes|p1b: Landorus\n|-unboost|p1b: Landorus|atk|1\n|move|p2a: Pyroar|Heat Wave|p1a: Clefairy|[spread] p1a,p1b\n|-damage|p1a: Clefairy|74\/100\n|-damage|p1b: Landorus|73\/100\n|move|p1b: Landorus|U-turn|p2b: Umbreon\n|-supereffective|p2b: Umbreon\n|-damage|p2b: Umbreon|53\/100\n|\n|t:|1700603097\n|switch|p1b: Chien-Pao|Chien-Pao|100\/100|[from] U-turn\n|-ability|p1b: Chien-Pao|Sword of Ruin\n|\n|-heal|p2b: Umbreon|59\/100|[from] Grassy Terrain\n|-heal|p1a: Clefairy|80\/100|[from] Grassy Terrain\n|upkeep\n|turn|7\n|\n|t:|1700603128\n|move|p2b: Umbreon|Helping Hand|p2a: Pyroar\n|-singleturn|p2a: Pyroar|Helping Hand|[of] p2b: Umbreon\n|move|p1a: Clefairy|Helping Hand|p1b: Chien-Pao\n|-singleturn|p1b: Chien-Pao|Helping Hand|[of] p1a: Clefairy\n|move|p1b: Chien-Pao|Sacred Sword|p2a: Pyroar\n|-supereffective|p2a: Pyroar\n|-damage|p2a: Pyroar|0 fnt\n|faint|p2a: Pyroar\n|\n|-heal|p2b: Umbreon|65\/100|[from] Grassy Terrain\n|-heal|p1a: Clefairy|86\/100|[from] Grassy Terrain\n|-fieldend|move: Grassy Terrain\n|upkeep\n|\n|t:|1700603140\n|switch|p2a: Dragonite|Dragonite, M|100\/100\n|turn|8\n|\n|t:|1700603153\n|switch|p1b: Landorus|Landorus-Therian, M|73\/100\n|-ability|p1b: Landorus|Intimidate|boost\n|-unboost|p2a: Dragonite|atk|1\n|-fail|p2b: Umbreon|unboost|Attack|[from] ability: Inner Focus|[of] p2b: Umbreon\n|move|p2a: Dragonite|Extreme Speed|p1a: Clefairy\n|-damage|p1a: Clefairy|57\/100\n|move|p2b: Umbreon|Baby-Doll Eyes|p1b: Landorus\n|-unboost|p1b: Landorus|atk|1\n|move|p1a: Clefairy|Chilling Water|p2a: Dragonite\n|-resisted|p2a: Dragonite\n|-damage|p2a: Dragonite|99\/100\n|-unboost|p2a: Dragonite|atk|1\n|\n|-heal|p1b: Landorus|79\/100|[from] item: Leftovers\n|upkeep\n|turn|9\n|\n|t:|1700603185\n|switch|p1b: Chien-Pao|Chien-Pao|100\/100\n|-ability|p1b: Chien-Pao|Sword of Ruin\n|move|p2a: Dragonite|Extreme Speed|p1b: Chien-Pao\n|-damage|p1b: Chien-Pao|74\/100\n|move|p2b: Umbreon|Taunt|p1a: Clefairy\n|-start|p1a: Clefairy|move: Taunt\n|cant|p1a: Clefairy|move: Taunt|Moonlight\n|\n|upkeep\n|turn|10\n|\n|t:|1700603205\n|move|p2a: Dragonite|Extreme Speed|p1b: Chien-Pao\n|-damage|p1b: Chien-Pao|48\/100\n|move|p2b: Umbreon|Baby-Doll Eyes|p1b: Chien-Pao\n|-unboost|p1b: Chien-Pao|atk|1\n|move|p1b: Chien-Pao|Icicle Crash|p2a: Dragonite\n|-supereffective|p2a: Dragonite\n|-damage|p2a: Dragonite|0 fnt\n|faint|p2a: Dragonite\n|move|p1a: Clefairy|Chilling Water|p2b: Umbreon\n|-damage|p2b: Umbreon|59\/100\n|-unboost|p2b: Umbreon|atk|1\n|\n|upkeep\n|\n|t:|1700603218\n|switch|p2a: Dondozo|Dondozo, M, shiny|100\/100\n|turn|11\n|\n|t:|1700603240\n|switch|p1b: Landorus|Landorus-Therian, M|79\/100\n|-ability|p1b: Landorus|Intimidate|boost\n|-unboost|p2a: Dondozo|atk|1\n|-fail|p2b: Umbreon|unboost|Attack|[from] ability: Inner Focus|[of] p2b: Umbreon\n|move|p2b: Umbreon|Helping Hand|p2a: Dondozo\n|-singleturn|p2a: Dondozo|Helping Hand|[of] p2b: Umbreon\n|move|p2a: Dondozo|Earthquake|p1a: Clefairy|[spread] p2b,p1a\n|-immune|p1b: Landorus\n|-damage|p2b: Umbreon|42\/100\n|-damage|p1a: Clefairy|35\/100\n|move|p1a: Clefairy|Chilling Water|p2a: Dondozo\n|-resisted|p2a: Dondozo\n|-damage|p2a: Dondozo|97\/100\n|-unboost|p2a: Dondozo|atk|1\n|\n|-heal|p1b: Landorus|85\/100|[from] item: Leftovers\n|-heal|p2a: Dondozo|100\/100|[from] item: Leftovers\n|-end|p1a: Clefairy|move: Taunt\n|upkeep\n|turn|12\n|\n|t:|1700603270\n|move|p2b: Umbreon|Helping Hand|p2a: Dondozo\n|-singleturn|p2a: Dondozo|Helping Hand|[of] p2b: Umbreon\n|move|p1b: Landorus|Stomping Tantrum|p2b: Umbreon\n|-damage|p2b: Umbreon|13\/100\n|move|p2a: Dondozo|Wave Crash|p1a: Clefairy\n|-damage|p1a: Clefairy|0 fnt\n|faint|p1a: Clefairy\n|-damage|p2a: Dondozo|93\/100|[from] Recoil\n|\n|-heal|p1b: Landorus|91\/100|[from] item: Leftovers\n|-heal|p2a: Dondozo|99\/100|[from] item: Leftovers\n|upkeep\n|\n|t:|1700603284\n|switch|p1a: Rillaboom|Rillaboom, M|100\/100\n|-fieldstart|move: Grassy Terrain|[from] ability: Grassy Surge|[of] p1a: Rillaboom\n|turn|13\n|\n|t:|1700603298\n|move|p2b: Umbreon|Helping Hand|p2a: Dondozo\n|-singleturn|p2a: Dondozo|Helping Hand|[of] p2b: Umbreon\n|move|p1b: Landorus|U-turn|p2a: Dondozo\n|-crit|p2a: Dondozo\n|-damage|p2a: Dondozo|77\/100\n|\n|t:|1700603304\n|switch|p1b: Murkrow|Murkrow, F|100\/100|[from] U-turn\n|move|p1a: Rillaboom|Drum Beating|p2a: Dondozo\n|-supereffective|p2a: Dondozo\n|-damage|p2a: Dondozo|18\/100\n|-unboost|p2a: Dondozo|spe|1\n|move|p2a: Dondozo|Wave Crash|p1a: Rillaboom\n|-resisted|p1a: Rillaboom\n|-damage|p1a: Rillaboom|82\/100\n|-damage|p2a: Dondozo|13\/100|[from] Recoil\n|\n|-heal|p1a: Rillaboom|88\/100|[from] Grassy Terrain\n|-heal|p2b: Umbreon|19\/100|[from] Grassy Terrain\n|-heal|p2a: Dondozo|20\/100|[from] Grassy Terrain\n|-heal|p2a: Dondozo|26\/100|[from] item: Leftovers\n|upkeep\n|turn|14\n|\n|t:|1700603345\n|move|p2b: Umbreon|Helping Hand|p2a: Dondozo\n|-singleturn|p2a: Dondozo|Helping Hand|[of] p2b: Umbreon\n|move|p1a: Rillaboom|Grassy Glide|p2a: Dondozo\n|-supereffective|p2a: Dondozo\n|-crit|p2a: Dondozo\n|-damage|p2a: Dondozo|0 fnt\n|faint|p2a: Dondozo\n|move|p1b: Murkrow|Snarl|p2b: Umbreon\n|-resisted|p2b: Umbreon\n|-damage|p2b: Umbreon|14\/100\n|-unboost|p2b: Umbreon|spa|1\n|\n|-heal|p1a: Rillaboom|95\/100|[from] Grassy Terrain\n|-heal|p2b: Umbreon|20\/100|[from] Grassy Terrain\n|upkeep\n|turn|15\n|inactive|Battle timer is ON: inactive players will automatically lose when time's up. (requested by yoyosuf)\n|inactive|CatChaos_8 has 120 seconds left.\n|inactive|CatChaos_8 has 90 seconds left.\n|\n|t:|1700603497\n|move|p2b: Umbreon|Detect|p2b: Umbreon\n|-singleturn|p2b: Umbreon|Protect\n|move|p1b: Murkrow|Snarl|p2b: Umbreon\n|-activate|p2b: Umbreon|move: Protect\n|move|p1a: Rillaboom|Drum Beating|p2b: Umbreon\n|-activate|p2b: Umbreon|move: Protect\n|\n|-heal|p1a: Rillaboom|100\/100|[from] Grassy Terrain\n|-heal|p2b: Umbreon|26\/100|[from] Grassy Terrain\n|upkeep\n|turn|16\n|\n|t:|1700603525\n|-terastallize|p2b: Umbreon|Poison\n|move|p2b: Umbreon|Detect||[still]\n|-fail|p2b: Umbreon\n|move|p1b: Murkrow|Snarl|p2b: Umbreon\n|-damage|p2b: Umbreon|17\/100\n|-unboost|p2b: Umbreon|spa|1\n|move|p1a: Rillaboom|Drum Beating|p2b: Umbreon\n|-resisted|p2b: Umbreon\n|-damage|p2b: Umbreon|0 fnt\n|faint|p2b: Umbreon\n|\n|win|yoyosuf\n|raw|yoyosuf's rating: 1029 &rarr; <strong>1062<\/strong><br \/>(+33 for winning)\n|raw|CatChaos_8's rating: 1000 &rarr; <strong>1000<\/strong><br \/>(+0 for losing)\n|l|\u2606yoyosuf\n","uploadtime":1700604255,"views":13,"p1id":"yoyosuf","p2id":"catchaos8","formatid":"gen9doublesou","rating":1000,"private":0,"password":""}