{"id":"gen9doublesou-1983263578","p1":"sondtnvt","p2":"Klewey","format":"[Gen 9] Doubles OU","log":"|j|\u2606sondtnvt\n|j|\u2606Klewey\n|t:|1699111892\n|gametype|doubles\n|player|p1|sondtnvt|red|1082\n|player|p2|Klewey|266|1194\n|teamsize|p1|6\n|teamsize|p2|6\n|gen|9\n|tier|[Gen 9] Doubles OU\n|rated|\n|rule|Species Clause: Limit one of each Pok\u00e9mon\n|rule|OHKO Clause: OHKO moves are banned\n|rule|Evasion Moves Clause: Evasion moves are banned\n|rule|Gravity Sleep Clause: The combination of sleep-inducing moves with imperfect accuracy and Gravity or Gigantamax Orbeetle are banned\n|rule|Endless Battle Clause: Forcing endless battles is banned\n|rule|HP Percentage Mod: HP is shown in percentages\n|clearpoke\n|poke|p1|Pelipper, M|\n|poke|p1|Azelf|\n|poke|p1|Greninja-*, M|\n|poke|p1|Vaporeon, F|\n|poke|p1|Tornadus, M|\n|poke|p1|Barraskewda, F|\n|poke|p2|Eelektross, M|\n|poke|p2|Weezing, M|\n|poke|p2|Orthworm, F|\n|poke|p2|Barraskewda, M|\n|poke|p2|Donphan, M|\n|poke|p2|Arcanine, M|\n|teampreview\n|inactive|Battle timer is ON: inactive players will automatically lose when time's up. (requested by sondtnvt)\n|\n|t:|1699111905\n|start\n|switch|p1a: Azelf|Azelf|100\/100\n|switch|p1b: Pelipper|Pelipper, M|100\/100\n|switch|p2a: Arcanine|Arcanine, M|100\/100\n|switch|p2b: Donphan|Donphan, M|100\/100\n|-ability|p2a: Arcanine|Intimidate|boost\n|-unboost|p1a: Azelf|atk|1\n|-unboost|p1b: Pelipper|atk|1\n|-weather|RainDance|[from] ability: Drizzle|[of] p1b: Pelipper\n|turn|1\n|\n|t:|1699111913\n|move|p1b: Pelipper|Protect|p1b: Pelipper\n|-singleturn|p1b: Pelipper|Protect\n|move|p1a: Azelf|Explosion|p2b: Donphan|[spread] p2a,p2b\n|-activate|p1b: Pelipper|move: Protect\n|-damage|p2a: Arcanine|13\/100\n|-damage|p2b: Donphan|52\/100\n|-enditem|p2a: Arcanine|Sitrus Berry|[eat]\n|-heal|p2a: Arcanine|38\/100|[from] item: Sitrus Berry\n|faint|p1a: Azelf\n|move|p2a: Arcanine|Wild Charge|p1b: Pelipper\n|-activate|p1b: Pelipper|move: Protect\n|move|p2b: Donphan|Knock Off|p1b: Pelipper\n|-activate|p1b: Pelipper|move: Protect\n|\n|-weather|RainDance|[upkeep]\n|upkeep\n|\n|t:|1699111926\n|switch|p1a: Greninja|Greninja, M|100\/100\n|turn|2\n|\n|t:|1699111947\n|-terastallize|p1a: Greninja|Water\n|move|p1a: Greninja|Surf|p2b: Donphan|[spread] p1b,p2a,p2b\n|-resisted|p1b: Pelipper\n|-supereffective|p2a: Arcanine\n|-supereffective|p2b: Donphan\n|-damage|p1b: Pelipper|48\/100\n|-damage|p2a: Arcanine|0 fnt\n|-damage|p2b: Donphan|0 fnt\n|faint|p2a: Arcanine\n|faint|p2b: Donphan\n|-ability|p1a: Greninja|Battle Bond|boost\n|-boost|p1a: Greninja|atk|1\n|-boost|p1a: Greninja|spa|1\n|-boost|p1a: Greninja|spe|1\n|-activate|p1a: Greninja|ability: Battle Bond\n|move|p1b: Pelipper|Tailwind|p1b: Pelipper\n|-sidestart|p1: sondtnvt|move: Tailwind\n|\n|-weather|RainDance|[upkeep]\n|upkeep\n|\n|t:|1699111960\n|switch|p2a: Orthworm|Orthworm, F|100\/100\n|switch|p2b: Eelektross|Eelektross, M|100\/100\n|turn|3\n|\n|t:|1699111978\n|switch|p1b: Vaporeon|Vaporeon, F|100\/100\n|move|p1a: Greninja|Protect|p1a: Greninja\n|-singleturn|p1a: Greninja|Protect\n|move|p2a: Orthworm|Body Press|p1a: Greninja\n|-activate|p1a: Greninja|move: Protect\n|move|p2b: Eelektross|Wild Charge|p1a: Greninja\n|-activate|p1a: Greninja|move: Protect\n|\n|-weather|RainDance|[upkeep]\n|upkeep\n|turn|4\n|\n|t:|1699111990\n|move|p1b: Vaporeon|Helping Hand|p1a: Greninja\n|-singleturn|p1a: Greninja|Helping Hand|[of] p1b: Vaporeon\n|move|p1a: Greninja|Surf|p2b: Eelektross|[spread] p2a,p2b\n|-immune|p1b: Vaporeon|[from] ability: Water Absorb\n|-damage|p2a: Orthworm|0 fnt\n|-damage|p2b: Eelektross|0 fnt\n|faint|p2a: Orthworm\n|faint|p2b: Eelektross\n|\n|-weather|RainDance|[upkeep]\n|upkeep\n|\n|t:|1699112002\n|switch|p2a: Barraskewda|Barraskewda, M|100\/100\n|switch|p2b: Weezing|Weezing, M|100\/100\n|turn|5\n|\n|t:|1699112011\n|-terastallize|p2a: Barraskewda|Fighting\n|move|p1b: Vaporeon|Helping Hand|p1a: Greninja\n|-singleturn|p1a: Greninja|Helping Hand|[of] p1b: Vaporeon\n|move|p1a: Greninja|Surf|p2b: Weezing|[spread] p2a,p2b\n|-immune|p1b: Vaporeon|[from] ability: Water Absorb\n|-crit|p2b: Weezing\n|-damage|p2a: Barraskewda|0 fnt\n|-damage|p2b: Weezing|0 fnt\n|faint|p2a: Barraskewda\n|faint|p2b: Weezing\n|\n|win|sondtnvt\n|raw|sondtnvt's rating: 1082 &rarr; <strong>1118<\/strong><br \/>(+36 for winning)\n|raw|Klewey's rating: 1194 &rarr; <strong>1161<\/strong><br \/>(-33 for losing)\n|l|\u2606Klewey\n","uploadtime":1699112023,"views":13,"p1id":"sondtnvt","p2id":"klewey","formatid":"gen9doublesou","rating":1118,"private":0,"password":""}