{"id":"gen9doublesou-1970630270","p1":"Gama_Arieta","p2":"bellenguer2","format":"[Gen 9] Doubles OU","log":"|j|\u2606Gama_Arieta\n|j|\u2606bellenguer2\n|t:|1697653753\n|gametype|doubles\n|player|p1|Gama_Arieta|preschooler|1062\n|player|p2|bellenguer2|266|1115\n|teamsize|p1|6\n|teamsize|p2|6\n|gen|9\n|tier|[Gen 9] Doubles OU\n|rated|\n|rule|Species Clause: Limit one of each Pok\u00e9mon\n|rule|OHKO Clause: OHKO moves are banned\n|rule|Evasion Moves Clause: Evasion moves are banned\n|rule|Gravity Sleep Clause: The combination of sleep-inducing moves with imperfect accuracy and Gravity or Gigantamax Orbeetle are banned\n|rule|Endless Battle Clause: Forcing endless battles is banned\n|rule|HP Percentage Mod: HP is shown in percentages\n|clearpoke\n|poke|p1|Flutter Mane|\n|poke|p1|Sandy Shocks|\n|poke|p1|Oranguru, F|\n|poke|p1|Torkoal, F|\n|poke|p1|Iron Hands|\n|poke|p1|Ogerpon-Hearthflame, F|\n|poke|p2|Conkeldurr, M|\n|poke|p2|Glastrier|\n|poke|p2|Ursaluna, F|\n|poke|p2|Slowking-Galar, F|\n|poke|p2|Mesprit|\n|poke|p2|Oranguru, M|\n|teampreview\n|\n|t:|1697653770\n|start\n|switch|p1a: tortuguita|Torkoal, F|100\/100\n|switch|p1b: XUXA|Flutter Mane|100\/100\n|switch|p2a: Oranguru|Oranguru, M|100\/100\n|switch|p2b: Mesprit|Mesprit|100\/100\n|-weather|SunnyDay|[from] ability: Drought|[of] p1a: tortuguita\n|-activate|p1b: XUXA|ability: Protosynthesis\n|-start|p1b: XUXA|protosynthesisspa\n|turn|1\n|\n|t:|1697653793\n|move|p1b: XUXA|Shadow Ball|p2b: Mesprit\n|-supereffective|p2b: Mesprit\n|-damage|p2b: Mesprit|11\/100\n|move|p2b: Mesprit|U-turn|p1b: XUXA\n|-resisted|p1b: XUXA\n|-damage|p1b: XUXA|91\/100\n|\n|t:|1697653806\n|switch|p2b: Slowking|Slowking-Galar, F|100\/100|[from] U-turn\n|move|p2a: Oranguru|Yawn|p1a: tortuguita\n|-start|p1a: tortuguita|move: Yawn|[of] p2a: Oranguru\n|move|p1a: tortuguita|Eruption|p2b: Slowking|[spread] p2a,p2b\n|-damage|p2a: Oranguru|33\/100\n|-damage|p2b: Slowking|42\/100\n|\n|-weather|SunnyDay|[upkeep]\n|-heal|p2a: Oranguru|39\/100|[from] item: Leftovers\n|-heal|p2b: Slowking|48\/100|[from] item: Leftovers\n|upkeep\n|turn|2\n|\n|t:|1697653838\n|-terastallize|p2b: Slowking|Poison\n|move|p1b: XUXA|Dazzling Gleam|p2a: Oranguru|[spread] p2a,p2b\n|-resisted|p2b: Slowking\n|-damage|p2a: Oranguru|0 fnt\n|-damage|p2b: Slowking|28\/100\n|faint|p2a: Oranguru\n|move|p1a: tortuguita|Eruption|p2b: Slowking\n|-damage|p2b: Slowking|0 fnt\n|faint|p2b: Slowking\n|\n|-weather|SunnyDay|[upkeep]\n|-end|p1a: tortuguita|move: Yawn|[silent]\n|-status|p1a: tortuguita|slp\n|upkeep\n|\n|t:|1697653854\n|switch|p2a: Ursaluna|Ursaluna, F|100\/100\n|switch|p2b: Mesprit|Mesprit|11\/100\n|turn|3\n|\n|t:|1697653863\n|move|p1b: XUXA|Shadow Ball|p2b: Mesprit\n|-supereffective|p2b: Mesprit\n|-damage|p2b: Mesprit|0 fnt\n|faint|p2b: Mesprit\n|move|p2a: Ursaluna|Headlong Rush|p1a: tortuguita\n|-supereffective|p1a: tortuguita\n|-damage|p1a: tortuguita|0 fnt\n|-unboost|p2a: Ursaluna|def|1\n|-unboost|p2a: Ursaluna|spd|1\n|faint|p1a: tortuguita\n|\n|-weather|SunnyDay|[upkeep]\n|-status|p2a: Ursaluna|brn|[from] item: Flame Orb\n|upkeep\n|\n|t:|1697653875\n|switch|p2b: Conkeldurr|Conkeldurr, M|100\/100\n|switch|p1a: FalandoNoDiabo...|Ogerpon-Hearthflame, F|100\/100\n|-ability|p1a: FalandoNoDiabo...|Mold Breaker\n|turn|4\n|\n|t:|1697653889\n|switch|p2a: Glastrier|Glastrier|100\/100\n|move|p1b: XUXA|Dazzling Gleam|p2b: Conkeldurr|[spread] p2a,p2b\n|-crit|p2a: Glastrier\n|-supereffective|p2b: Conkeldurr\n|-damage|p2a: Glastrier|37\/100\n|-damage|p2b: Conkeldurr|0 fnt\n|faint|p2b: Conkeldurr\n|move|p1a: FalandoNoDiabo...|Horn Leech|p2a: Glastrier\n|-damage|p2a: Glastrier|3\/100\n|\n|-weather|SunnyDay|[upkeep]\n|-heal|p2a: Glastrier|9\/100|[from] item: Leftovers\n|upkeep\n|\n|t:|1697653899\n|switch|p2b: Ursaluna|Ursaluna, F|100\/100 brn\n|turn|5\n|\n|t:|1697653907\n|move|p1b: XUXA|Dazzling Gleam|p2a: Glastrier|[spread] p2a,p2b\n|-damage|p2a: Glastrier|0 fnt\n|-damage|p2b: Ursaluna|49\/100 brn\n|faint|p2a: Glastrier\n|move|p1a: FalandoNoDiabo...|Horn Leech|p2b: Ursaluna\n|-supereffective|p2b: Ursaluna\n|-damage|p2b: Ursaluna|0 fnt\n|faint|p2b: Ursaluna\n|\n|win|Gama_Arieta\n|raw|Gama_Arieta's rating: 1062 &rarr; <strong>1097<\/strong><br \/>(+35 for winning)\n|raw|bellenguer2's rating: 1115 &rarr; <strong>1086<\/strong><br \/>(-29 for losing)\n|l|\u2606Gama_Arieta\n","uploadtime":1697653918,"views":7,"p1id":"gamaarieta","p2id":"bellenguer2","formatid":"gen9doublesou","rating":1086,"private":0,"password":""}