{"id":"gen9doublesou-1996950381","p1":"joe1808","p2":"BurningDownDaHouse","format":"[Gen 9] Doubles OU","log":"|j|\u2606joe1808\n|j|\u2606BurningDownDaHouse\n|t:|1700748682\n|gametype|doubles\n|player|p1|joe1808|n|1305\n|player|p2|BurningDownDaHouse|ghetsis|1330\n|teamsize|p1|6\n|teamsize|p2|6\n|gen|9\n|tier|[Gen 9] Doubles OU\n|rated|\n|rule|Species Clause: Limit one of each Pok\u00e9mon\n|rule|OHKO Clause: OHKO moves are banned\n|rule|Evasion Moves Clause: Evasion moves are banned\n|rule|Gravity Sleep Clause: The combination of sleep-inducing moves with imperfect accuracy and Gravity or Gigantamax Orbeetle are banned\n|rule|Endless Battle Clause: Forcing endless battles is banned\n|rule|HP Percentage Mod: HP is shown in percentages\n|clearpoke\n|poke|p1|Armarouge, M|\n|poke|p1|Indeedee-F, F|\n|poke|p1|Chien-Pao|\n|poke|p1|Tornadus, M|\n|poke|p1|Ursaluna, M|\n|poke|p1|Flutter Mane|\n|poke|p2|Armarouge, F|\n|poke|p2|Indeedee-F, F|\n|poke|p2|Iron Bundle|\n|poke|p2|Salamence, F|\n|poke|p2|Flamigo, M|\n|poke|p2|Maushold|\n|teampreview\n|inactive|Battle timer is ON: inactive players will automatically lose when time's up. (requested by joe1808)\n|\n|t:|1700748693\n|start\n|switch|p1a: Armarouge|Armarouge, M|100\/100\n|switch|p1b: Ursaluna|Ursaluna, M|100\/100\n|switch|p2a: Iron Bundle|Iron Bundle|100\/100\n|switch|p2b: Armarouge|Armarouge, F|100\/100\n|-enditem|p2a: Iron Bundle|Booster Energy\n|-activate|p2a: Iron Bundle|ability: Quark Drive|[fromitem]\n|-start|p2a: Iron Bundle|quarkdrivespe\n|turn|1\n|\n|t:|1700748716\n|-terastallize|p1b: Ursaluna|Dragon\n|move|p2a: Iron Bundle|Flip Turn|p1a: Armarouge\n|-supereffective|p1a: Armarouge\n|-damage|p1a: Armarouge|68\/100\n|-ability|p1a: Armarouge|Weak Armor|boost\n|-unboost|p1a: Armarouge|def|1\n|-boost|p1a: Armarouge|spe|2\n|\n|t:|1700748726\n|-end|p2a: Iron Bundle|Quark Drive|[silent]\n|switch|p2a: Indeedee|Indeedee-F, F|100\/100|[from] Flip Turn\n|-fieldstart|move: Psychic Terrain|[from] ability: Psychic Surge|[of] p2a: Indeedee\n|-enditem|p2a: Indeedee|Psychic Seed\n|-boost|p2a: Indeedee|spd|1|[from] item: Psychic Seed\n|move|p1a: Armarouge|Expanding Force|p2a: Indeedee|[spread] p2a,p2b\n|-resisted|p2a: Indeedee\n|-resisted|p2b: Armarouge\n|-damage|p2a: Indeedee|82\/100\n|-damage|p2b: Armarouge|67\/100\n|move|p2b: Armarouge|Expanding Force|p1a: Armarouge|[spread] p1a,p1b\n|-resisted|p1a: Armarouge\n|-damage|p1a: Armarouge|28\/100\n|-damage|p1b: Ursaluna|44\/100\n|move|p1b: Ursaluna|Swords Dance|p1b: Ursaluna\n|-boost|p1b: Ursaluna|atk|2\n|\n|-status|p1b: Ursaluna|brn|[from] item: Flame Orb\n|upkeep\n|turn|2\n|\n|t:|1700748748\n|move|p2a: Indeedee|Helping Hand|p2b: Armarouge\n|-singleturn|p2b: Armarouge|Helping Hand|[of] p2a: Indeedee\n|move|p1a: Armarouge|Wide Guard|p1a: Armarouge\n|-singleturn|p1a: Armarouge|Wide Guard\n|move|p2b: Armarouge|Expanding Force|p1b: Ursaluna|[spread] \n|-activate|p1a: Armarouge|move: Wide Guard\n|-activate|p1b: Ursaluna|move: Wide Guard\n|move|p1b: Ursaluna|Earthquake|p2a: Indeedee|[spread] p2a,p2b\n|-activate|p1a: Armarouge|move: Wide Guard\n|-supereffective|p2b: Armarouge\n|-damage|p2a: Indeedee|0 fnt\n|-damage|p2b: Armarouge|0 fnt\n|faint|p2a: Indeedee\n|faint|p2b: Armarouge\n|\n|-damage|p1b: Ursaluna|38\/100 brn|[from] brn\n|upkeep\n|\n|t:|1700748761\n|switch|p2b: Iron Bundle|Iron Bundle|100\/100\n|switch|p2a: Maushold|Maushold|100\/100\n|turn|3\n|\n|t:|1700748769\n|move|p1a: Armarouge|Expanding Force|p2a: Maushold|[spread] p2a,p2b\n|-damage|p2a: Maushold|18\/100\n|-damage|p2b: Iron Bundle|0 fnt\n|faint|p2b: Iron Bundle\n|-end|p2b: Iron Bundle|Quark Drive|[silent]\n|move|p2a: Maushold|Tidy Up|p2a: Maushold\n|-boost|p2a: Maushold|atk|1\n|-boost|p2a: Maushold|spe|1\n|move|p1b: Ursaluna|Earthquake|p2a: Maushold|[spread] p1a,p2a\n|-supereffective|p1a: Armarouge\n|-crit|p2a: Maushold\n|-damage|p1a: Armarouge|0 fnt\n|-damage|p2a: Maushold|0 fnt\n|faint|p1a: Armarouge\n|faint|p2a: Maushold\n|\n|-damage|p1b: Ursaluna|31\/100 brn|[from] brn\n|upkeep\n|\n|t:|1700748780\n|switch|p2b: Flamigo|Flamigo, M|100\/100\n|switch|p2a: Salamence|Salamence, F|100\/100\n|switch|p1a: Flutter Mane|Flutter Mane|100\/100\n|-copyboost|p2b: Flamigo|p2a: Salamence|[from] ability: Costar\n|-ability|p2a: Salamence|Intimidate|boost\n|-unboost|p1a: Flutter Mane|atk|1\n|-unboost|p1b: Ursaluna|atk|1\n|turn|4\n|\n|t:|1700748790\n|-terastallize|p2a: Salamence|Steel\n|move|p2b: Flamigo|Protect|p2b: Flamigo\n|-singleturn|p2b: Flamigo|Protect\n|move|p1a: Flutter Mane|Dazzling Gleam|p2b: Flamigo|[spread] p2a\n|-activate|p2b: Flamigo|move: Protect\n|-resisted|p2a: Salamence\n|-damage|p2a: Salamence|71\/100\n|move|p2a: Salamence|Dragon Dance|p2a: Salamence\n|-boost|p2a: Salamence|atk|1\n|-boost|p2a: Salamence|spe|1\n|move|p1b: Ursaluna|Facade|p2a: Salamence\n|-resisted|p2a: Salamence\n|-damage|p2a: Salamence|0 fnt\n|faint|p2a: Salamence\n|\n|-damage|p1b: Ursaluna|25\/100 brn|[from] brn\n|upkeep\n|turn|5\n|-message|BurningDownDaHouse forfeited.\n|\n|win|joe1808\n|raw|joe1808's rating: 1305 &rarr; <strong>1326<\/strong><br \/>(+21 for winning)\n|raw|BurningDownDaHouse's rating: 1330 &rarr; <strong>1309<\/strong><br \/>(-21 for losing)\n|l|\u2606BurningDownDaHouse\n","uploadtime":1700748913,"views":4,"p1id":"joe1808","p2id":"burningdowndahouse","formatid":"gen9doublesou","rating":1309,"private":0,"password":""}