{"id":"gen9doublesou-1987996548","p1":"KRIST000","p2":"freeottawe","format":"[Gen 9] Doubles OU","log":"|j|\u2606KRIST000\n|j|\u2606freeottawe\n|t:|1699657259\n|gametype|doubles\n|player|p1|KRIST000|pokekid|1162\n|player|p2|freeottawe|dancer|1117\n|teamsize|p1|6\n|teamsize|p2|6\n|gen|9\n|tier|[Gen 9] Doubles OU\n|rated|\n|rule|Species Clause: Limit one of each Pok\u00e9mon\n|rule|OHKO Clause: OHKO moves are banned\n|rule|Evasion Moves Clause: Evasion moves are banned\n|rule|Gravity Sleep Clause: The combination of sleep-inducing moves with imperfect accuracy and Gravity or Gigantamax Orbeetle are banned\n|rule|Endless Battle Clause: Forcing endless battles is banned\n|rule|HP Percentage Mod: HP is shown in percentages\n|clearpoke\n|poke|p1|Oricorio-Sensu, F|\n|poke|p1|Volcarona, M|\n|poke|p1|Kommo-o, F|\n|poke|p1|Iron Valiant|\n|poke|p1|Arcanine-Hisui, M|\n|poke|p1|Samurott-Hisui, F|\n|poke|p2|Weezing-Galar, M|\n|poke|p2|Rabsca, F|\n|poke|p2|Golem-Alola, F|\n|poke|p2|Houndstone, F|\n|poke|p2|Grafaiai, F|\n|poke|p2|Hippowdon, M|\n|teampreview\n|inactive|Battle timer is ON: inactive players will automatically lose when time's up. (requested by KRIST000)\n|\n|t:|1699657287\n|start\n|switch|p1a: Arcanine|Arcanine-Hisui, M, shiny|100\/100\n|switch|p1b: Samurott|Samurott-Hisui, F, shiny|100\/100\n|switch|p2a: Golem|Golem-Alola, F|100\/100\n|switch|p2b: Rabsca|Rabsca, F|100\/100\n|-ability|p1a: Arcanine|Intimidate|boost\n|-unboost|p2a: Golem|atk|1\n|-unboost|p2b: Rabsca|atk|1\n|turn|1\n|\n|t:|1699657303\n|move|p1a: Arcanine|Flare Blitz|p2b: Rabsca\n|-supereffective|p2b: Rabsca\n|-damage|p2b: Rabsca|0 fnt\n|faint|p2b: Rabsca\n|-damage|p1a: Arcanine|65\/100|[from] Recoil\n|move|p1b: Samurott|Ceaseless Edge|p2a: Golem\n|-damage|p2a: Golem|53\/100\n|-sidestart|p2: freeottawe|Spikes\n|-damage|p1b: Samurott|91\/100|[from] item: Life Orb\n|move|p2a: Golem|Explosion|p1a: Arcanine|[spread] p1a,p1b\n|-supereffective|p1b: Samurott\n|-damage|p1a: Arcanine|0 fnt\n|-damage|p1b: Samurott|0 fnt\n|faint|p2a: Golem\n|faint|p1a: Arcanine\n|faint|p1b: Samurott\n|\n|upkeep\n|\n|t:|1699657325\n|switch|p1a: Oricorio|Oricorio-Sensu, F, shiny|100\/100\n|switch|p1b: Volcarona|Volcarona, M, shiny|100\/100\n|switch|p2a: Hippowdon|Hippowdon, M, shiny|100\/100\n|switch|p2b: Grafaiai|Grafaiai, F|100\/100\n|-damage|p2b: Grafaiai|88\/100|[from] Spikes\n|-damage|p2a: Hippowdon|88\/100|[from] Spikes\n|-weather|Sandstorm|[from] ability: Sand Stream|[of] p2a: Hippowdon\n|turn|2\n|\n|t:|1699657342\n|move|p2b: Grafaiai|Copycat|p2b: Grafaiai\n|move|p2b: Grafaiai|Explosion|p1a: Oricorio|[from]move: Copycat|[spread] p2a,p1b\n|-immune|p1a: Oricorio\n|-damage|p2a: Hippowdon|44\/100\n|-damage|p1b: Volcarona|0 fnt\n|faint|p2b: Grafaiai\n|faint|p1b: Volcarona\n|move|p1a: Oricorio|Quiver Dance|p1a: Oricorio\n|-boost|p1a: Oricorio|spa|1\n|-boost|p1a: Oricorio|spd|1\n|-boost|p1a: Oricorio|spe|1\n|move|p2a: Hippowdon|Rock Slide|p1a: Oricorio|[miss]\n|-miss|p2a: Hippowdon|p1a: Oricorio\n|\n|-weather|Sandstorm|[upkeep]\n|-damage|p1a: Oricorio|94\/100|[from] Sandstorm\n|-heal|p2a: Hippowdon|50\/100|[from] item: Leftovers\n|upkeep\n|\n|t:|1699657357\n|switch|p2b: Weezing|Weezing-Galar, M, shiny|100\/100\n|switch|p1b: Iron Valiant|Iron Valiant, shiny|100\/100\n|-damage|p2b: Weezing|88\/100|[from] Spikes\n|-fieldstart|move: Misty Terrain|[from] ability: Misty Surge|[of] p2b: Weezing\n|-enditem|p1b: Iron Valiant|Booster Energy\n|-activate|p1b: Iron Valiant|ability: Quark Drive|[fromitem]\n|-start|p1b: Iron Valiant|quarkdrivespe\n|turn|3\n|\n|t:|1699657369\n|move|p1b: Iron Valiant|Wide Guard|p1b: Iron Valiant\n|-singleturn|p1b: Iron Valiant|Wide Guard\n|move|p1a: Oricorio|Quiver Dance|p1a: Oricorio\n|-boost|p1a: Oricorio|spa|1\n|-boost|p1a: Oricorio|spd|1\n|-boost|p1a: Oricorio|spe|1\n|move|p2b: Weezing|Misty Explosion|p1a: Oricorio|[spread] p2a\n|-activate|p1a: Oricorio|move: Wide Guard\n|-activate|p1b: Iron Valiant|move: Wide Guard\n|-damage|p2a: Hippowdon|2\/100\n|faint|p2b: Weezing\n|move|p2a: Hippowdon|Slack Off|p2a: Hippowdon\n|-heal|p2a: Hippowdon|52\/100\n|\n|-weather|Sandstorm|[upkeep]\n|-damage|p1b: Iron Valiant|94\/100|[from] Sandstorm\n|-damage|p1a: Oricorio|88\/100|[from] Sandstorm\n|-heal|p2a: Hippowdon|58\/100|[from] item: Leftovers\n|upkeep\n|\n|t:|1699657385\n|switch|p2b: Houndstone|Houndstone, F|100\/100\n|-damage|p2b: Houndstone|88\/100|[from] Spikes\n|turn|4\n|\n|t:|1699657391\n|move|p1b: Iron Valiant|Wide Guard|p1b: Iron Valiant\n|-singleturn|p1b: Iron Valiant|Wide Guard\n|move|p2b: Houndstone|Last Respects|p1a: Oricorio\n|-supereffective|p1a: Oricorio\n|-damage|p1a: Oricorio|0 fnt\n|faint|p1a: Oricorio\n|move|p2a: Hippowdon|Curse|p2a: Hippowdon\n|-unboost|p2a: Hippowdon|spe|1\n|-boost|p2a: Hippowdon|atk|1\n|-boost|p2a: Hippowdon|def|1\n|\n|-weather|Sandstorm|[upkeep]\n|-damage|p1b: Iron Valiant|88\/100|[from] Sandstorm\n|-heal|p2a: Hippowdon|64\/100|[from] item: Leftovers\n|upkeep\n|\n|t:|1699657400\n|switch|p1a: Kommo-o|Kommo-o, F, shiny|100\/100\n|turn|5\n|inactive|KRIST000 has 120 seconds left.\n|\n|t:|1699657431\n|-terastallize|p1a: Kommo-o|Steel\n|move|p1b: Iron Valiant|Wide Guard|p1b: Iron Valiant\n|-singleturn|p1b: Iron Valiant|Wide Guard\n|move|p2b: Houndstone|Last Respects|p1a: Kommo-o\n|-crit|p1a: Kommo-o\n|-damage|p1a: Kommo-o|0 fnt\n|faint|p1a: Kommo-o\n|move|p2a: Hippowdon|Curse|p2a: Hippowdon\n|-unboost|p2a: Hippowdon|spe|1\n|-boost|p2a: Hippowdon|atk|1\n|-boost|p2a: Hippowdon|def|1\n|\n|-weather|Sandstorm|[upkeep]\n|-damage|p1b: Iron Valiant|82\/100|[from] Sandstorm\n|-heal|p2a: Hippowdon|70\/100|[from] item: Leftovers\n|upkeep\n|turn|6\n|\n|t:|1699657453\n|-terastallize|p2a: Hippowdon|Ghost\n|move|p1b: Iron Valiant|Spirit Break|p2b: Houndstone\n|-damage|p2b: Houndstone|40\/100\n|move|p2b: Houndstone|Last Respects|p1b: Iron Valiant\n|-damage|p1b: Iron Valiant|0 fnt\n|faint|p1b: Iron Valiant\n|-end|p1b: Iron Valiant|Quark Drive|[silent]\n|\n|win|freeottawe\n|raw|KRIST000's rating: 1162 &rarr; <strong>1134<\/strong><br \/>(-28 for losing)\n|raw|freeottawe's rating: 1117 &rarr; <strong>1145<\/strong><br \/>(+28 for winning)\n|l|\u2606KRIST000\n","uploadtime":1699657506,"views":17,"p1id":"krist000","p2id":"freeottawe","formatid":"gen9doublesou","rating":1134,"private":0,"password":""}