{"id":"gen9doublesou-1974897478","p1":"AthanTheOracle","p2":"Kalo.munro","format":"[Gen 9] Doubles OU","log":"|j|\u2606AthanTheOracle\n|j|\u2606Kalo.munro\n|t:|1698141637\n|gametype|doubles\n|player|p1|AthanTheOracle|psychic-gen4|1176\n|player|p2|Kalo.munro|169|1432\n|teamsize|p1|6\n|teamsize|p2|6\n|gen|9\n|tier|[Gen 9] Doubles OU\n|rated|\n|rule|Species Clause: Limit one of each Pok\u00e9mon\n|rule|OHKO Clause: OHKO moves are banned\n|rule|Evasion Moves Clause: Evasion moves are banned\n|rule|Gravity Sleep Clause: The combination of sleep-inducing moves with imperfect accuracy and Gravity or Gigantamax Orbeetle are banned\n|rule|Endless Battle Clause: Forcing endless battles is banned\n|rule|HP Percentage Mod: HP is shown in percentages\n|clearpoke\n|poke|p1|Ogerpon-Wellspring, F|\n|poke|p1|Pelipper, M|\n|poke|p1|Gastrodon, M|\n|poke|p1|Volcanion|\n|poke|p1|Grimmsnarl, M|\n|poke|p1|Basculegion-F, F|\n|poke|p2|Ursaluna, M|\n|poke|p2|Cresselia, F|\n|poke|p2|Garganacl, M|\n|poke|p2|Dusclops, M|\n|poke|p2|Grimmsnarl, M|\n|poke|p2|Toxapex, M|\n|teampreview\n|inactive|Battle timer is ON: inactive players will automatically lose when time's up. (requested by Kalo.munro)\n|\n|t:|1698141649\n|start\n|switch|p1a: Pelipper|Pelipper, M, shiny|100\/100\n|switch|p1b: Volcanion|Volcanion|100\/100\n|switch|p2a: Grimmsnarl|Grimmsnarl, M|100\/100\n|switch|p2b: Toxapex|Toxapex, M, shiny|100\/100\n|-weather|RainDance|[from] ability: Drizzle|[of] p1a: Pelipper\n|turn|1\n|\n|t:|1698141657\n|move|p2a: Grimmsnarl|Fake Out|p1b: Volcanion\n|-damage|p1b: Volcanion|92\/100\n|cant|p1b: Volcanion|flinch\n|move|p1a: Pelipper|Hurricane|p2b: Toxapex\n|-damage|p2b: Toxapex|62\/100\n|move|p2b: Toxapex|Toxic|p1b: Volcanion\n|-status|p1b: Volcanion|tox\n|\n|-weather|RainDance|[upkeep]\n|-heal|p1b: Volcanion|98\/100 tox|[from] item: Leftovers\n|-heal|p2b: Toxapex|67\/100|[from] item: Leftovers\n|-damage|p1b: Volcanion|92\/100 tox|[from] psn\n|upkeep\n|turn|2\n|\n|t:|1698141672\n|switch|p2b: Cresselia|Cresselia, F|100\/100\n|move|p2a: Grimmsnarl|Light Screen|p2a: Grimmsnarl\n|-sidestart|p2: Kalo.munro|move: Light Screen\n|move|p1b: Volcanion|Steam Eruption|p2a: Grimmsnarl\n|-damage|p2a: Grimmsnarl|48\/100\n|move|p1a: Pelipper|Surf|p2b: Cresselia|[spread] p2a,p2b\n|-heal|p1b: Volcanion|100\/100 tox|[from] ability: Water Absorb|[of] p1a: Pelipper\n|-damage|p2a: Grimmsnarl|20\/100\n|-damage|p2b: Cresselia|83\/100\n|\n|-weather|RainDance|[upkeep]\n|-damage|p1b: Volcanion|88\/100 tox|[from] psn\n|upkeep\n|turn|3\n|\n|t:|1698141688\n|switch|p2a: Toxapex|Toxapex, M, shiny|100\/100\n|move|p1b: Volcanion|Steam Eruption|p2b: Cresselia\n|-damage|p2b: Cresselia|48\/100\n|move|p1a: Pelipper|Surf|p2b: Cresselia|[spread] p2a,p2b\n|-heal|p1b: Volcanion|100\/100 tox|[from] ability: Water Absorb|[of] p1a: Pelipper\n|-resisted|p2a: Toxapex\n|-damage|p2a: Toxapex|90\/100\n|-damage|p2b: Cresselia|32\/100\n|move|p2b: Cresselia|Trick Room|p2b: Cresselia\n|-fieldstart|move: Trick Room|[of] p2b: Cresselia\n|\n|-weather|RainDance|[upkeep]\n|-heal|p2a: Toxapex|96\/100|[from] item: Leftovers\n|-damage|p1b: Volcanion|82\/100 tox|[from] psn\n|upkeep\n|turn|4\n|\n|t:|1698141705\n|move|p2a: Toxapex|Toxic|p1a: Pelipper\n|-status|p1a: Pelipper|tox\n|move|p1a: Pelipper|Surf|p2b: Cresselia|[spread] p2a,p2b\n|-heal|p1b: Volcanion|100\/100 tox|[from] ability: Water Absorb|[of] p1a: Pelipper\n|-resisted|p2a: Toxapex\n|-damage|p2a: Toxapex|83\/100\n|-damage|p2b: Cresselia|16\/100\n|move|p1b: Volcanion|Steam Eruption|p2b: Cresselia\n|-damage|p2b: Cresselia|0 fnt\n|faint|p2b: Cresselia\n|\n|-weather|RainDance|[upkeep]\n|-heal|p2a: Toxapex|89\/100|[from] item: Leftovers\n|-damage|p1a: Pelipper|94\/100 tox|[from] psn\n|-damage|p1b: Volcanion|76\/100 tox|[from] psn\n|upkeep\n|inactive|Kalo.munro has 120 seconds left.\n|\n|t:|1698141725\n|switch|p2b: Grimmsnarl|Grimmsnarl, M|20\/100\n|turn|5\n|\n|t:|1698141751\n|switch|p1a: Gastrodon|Gastrodon, M|100\/100\n|switch|p1b: Ogerpowered|Grimmsnarl, M|100\/100\n|move|p2b: Grimmsnarl|Fake Out|p1b: Ogerpowered\n|-damage|p1b: Ogerpowered|87\/100\n|move|p2a: Toxapex|Infestation|p1b: Ogerpowered\n|-damage|p1b: Ogerpowered|85\/100\n|-activate|p1b: Ogerpowered|move: Infestation|[of] p2a: Toxapex\n|\n|-weather|none\n|-heal|p2a: Toxapex|95\/100|[from] item: Leftovers\n|-heal|p1b: Ogerpowered|91\/100|[from] item: Leftovers\n|-damage|p1b: Ogerpowered|78\/100|[from] move: Infestation|[partiallytrapped]\n|upkeep\n|turn|6\n|\n|t:|1698141770\n|move|p1b: Ogerpowered|Parting Shot|p2a: Toxapex\n|-unboost|p2a: Toxapex|atk|1\n|-unboost|p2a: Toxapex|spa|1\n|\n|t:|1698141773\n|switch|p1b: Volcanion|Volcanion|76\/100 tox|[from] Parting Shot\n|move|p2a: Toxapex|Toxic|p1a: Gastrodon\n|-status|p1a: Gastrodon|tox\n|move|p1a: Gastrodon|Surf|p2b: Grimmsnarl|[spread] p2a,p2b\n|-heal|p1b: Volcanion|100\/100 tox|[from] ability: Water Absorb|[of] p1a: Gastrodon\n|-resisted|p2a: Toxapex\n|-damage|p2a: Toxapex|89\/100\n|-damage|p2b: Grimmsnarl|9\/100\n|move|p2b: Grimmsnarl|Spirit Break|p1b: Volcanion\n|-resisted|p1b: Volcanion\n|-damage|p1b: Volcanion|88\/100 tox\n|-unboost|p1b: Volcanion|spa|1\n|\n|-heal|p2a: Toxapex|95\/100|[from] item: Leftovers\n|-heal|p1b: Volcanion|94\/100 tox|[from] item: Leftovers\n|-damage|p1a: Gastrodon|94\/100 tox|[from] psn\n|-damage|p1b: Volcanion|88\/100 tox|[from] psn\n|upkeep\n|turn|7\n|\n|t:|1698141799\n|switch|p2b: Dusclops|Dusclops, M, shiny|100\/100\n|-ability|p2b: Dusclops|Pressure\n|move|p2a: Toxapex|Infestation|p1b: Volcanion\n|-resisted|p1b: Volcanion\n|-damage|p1b: Volcanion|87\/100 tox\n|-activate|p1b: Volcanion|move: Infestation|[of] p2a: Toxapex\n|move|p1a: Gastrodon|Earth Power|p2a: Toxapex\n|-supereffective|p2a: Toxapex\n|-crit|p2a: Toxapex\n|-damage|p2a: Toxapex|23\/100\n|-unboost|p2a: Toxapex|spd|1\n|move|p1b: Volcanion|Steam Eruption|p1a: Gastrodon\n|-ability|p1a: Gastrodon|Storm Drain|boost\n|-boost|p1a: Gastrodon|spa|1\n|\n|-heal|p2a: Toxapex|29\/100|[from] item: Leftovers\n|-heal|p1a: Gastrodon|100\/100 tox|[from] item: Leftovers\n|-heal|p1b: Volcanion|93\/100 tox|[from] item: Leftovers\n|-damage|p1a: Gastrodon|88\/100 tox|[from] psn\n|-damage|p1b: Volcanion|81\/100 tox|[from] psn\n|-damage|p1b: Volcanion|68\/100 tox|[from] move: Infestation|[partiallytrapped]\n|-fieldend|move: Trick Room\n|upkeep\n|turn|8\n|inactive|Kalo.munro has 120 seconds left.\n|\n|t:|1698141834\n|move|p2a: Toxapex|Baneful Bunker|p2a: Toxapex\n|-singleturn|p2a: Toxapex|move: Protect\n|move|p1b: Volcanion|Steam Eruption|p1a: Gastrodon\n|-activate|p1a: Gastrodon|ability: Storm Drain\n|-ability|p1a: Gastrodon|Storm Drain|boost\n|-boost|p1a: Gastrodon|spa|1\n|move|p1a: Gastrodon|Surf|p2b: Dusclops|[spread] p2b\n|-activate|p2a: Toxapex|move: Protect\n|-heal|p1b: Volcanion|93\/100 tox|[from] ability: Water Absorb|[of] p1a: Gastrodon\n|-damage|p2b: Dusclops|85\/100\n|move|p2b: Dusclops|Trick Room|p2b: Dusclops\n|-fieldstart|move: Trick Room|[of] p2b: Dusclops\n|\n|-heal|p2a: Toxapex|35\/100|[from] item: Leftovers\n|-heal|p1a: Gastrodon|94\/100 tox|[from] item: Leftovers\n|-heal|p1b: Volcanion|99\/100 tox|[from] item: Leftovers\n|-damage|p1a: Gastrodon|76\/100 tox|[from] psn\n|-damage|p1b: Volcanion|81\/100 tox|[from] psn\n|-damage|p1b: Volcanion|69\/100 tox|[from] move: Infestation|[partiallytrapped]\n|upkeep\n|turn|9\n|inactive|Kalo.munro has 120 seconds left.\n|\n|t:|1698141886\n|switch|p2a: Grimmsnarl|Grimmsnarl, M|9\/100\n|move|p2b: Dusclops|Night Shade|p1a: Gastrodon\n|-damage|p1a: Gastrodon|53\/100 tox\n|move|p1a: Gastrodon|Earth Power|p2a: Grimmsnarl\n|-damage|p2a: Grimmsnarl|0 fnt\n|faint|p2a: Grimmsnarl\n|move|p1b: Volcanion|Heat Wave|p2b: Dusclops\n|-damage|p2b: Dusclops|73\/100\n|\n|-heal|p1a: Gastrodon|59\/100 tox|[from] item: Leftovers\n|-heal|p1b: Volcanion|75\/100 tox|[from] item: Leftovers\n|-damage|p1a: Gastrodon|34\/100 tox|[from] psn\n|-damage|p1b: Volcanion|50\/100 tox|[from] psn\n|-end|p1b: Volcanion|Infestation|[partiallytrapped]|[silent]\n|-sideend|p2: Kalo.munro|move: Light Screen\n|upkeep\n|inactive|Kalo.munro has 90 seconds left.\n|\n|t:|1698141912\n|switch|p2a: Garganacl|Garganacl, M, shiny|100\/100\n|turn|10\n|\n|t:|1698141918\n|switch|p1a: Ogerpowered|Grimmsnarl, M|78\/100\n|switch|p1b: Pelipper|Pelipper, M, shiny|94\/100 tox\n|-weather|RainDance|[from] ability: Drizzle|[of] p1b: Pelipper\n|move|p2b: Dusclops|Night Shade|p1a: Ogerpowered\n|-damage|p1a: Ogerpowered|53\/100\n|move|p2a: Garganacl|Salt Cure|p1a: Ogerpowered\n|-damage|p1a: Ogerpowered|37\/100\n|-start|p1a: Ogerpowered|Salt Cure\n|\n|-weather|RainDance|[upkeep]\n|-heal|p1a: Ogerpowered|43\/100|[from] item: Leftovers\n|-heal|p1b: Pelipper|100\/100 tox|[from] item: Leftovers\n|-damage|p1b: Pelipper|94\/100 tox|[from] psn\n|-damage|p1a: Ogerpowered|30\/100|[from] Salt Cure\n|upkeep\n|turn|11\n|\n|t:|1698141938\n|-terastallize|p2a: Garganacl|Ghost\n|move|p1a: Ogerpowered|Parting Shot|p2b: Dusclops\n|-unboost|p2b: Dusclops|atk|1\n|-unboost|p2b: Dusclops|spa|1\n|\n|t:|1698141943\n|switch|p1a: Volcanion|Volcanion|50\/100 tox|[from] Parting Shot\n|move|p2b: Dusclops|Pain Split|p1b: Pelipper\n|-sethp|p1b: Pelipper|79\/100 tox|[from] move: Pain Split|[silent]\n|-sethp|p2b: Dusclops|90\/100|[from] move: Pain Split\n|move|p2a: Garganacl|Salt Cure|p1b: Pelipper\n|-supereffective|p1b: Pelipper\n|-damage|p1b: Pelipper|49\/100 tox\n|-start|p1b: Pelipper|Salt Cure\n|move|p1b: Pelipper|Surf|p2b: Dusclops|[spread] p2a,p2b\n|-heal|p1a: Volcanion|75\/100 tox|[from] ability: Water Absorb|[of] p1b: Pelipper\n|-damage|p2a: Garganacl|70\/100\n|-damage|p2b: Dusclops|66\/100\n|\n|-weather|RainDance|[upkeep]\n|-heal|p1b: Pelipper|55\/100 tox|[from] item: Leftovers\n|-heal|p1a: Volcanion|81\/100 tox|[from] item: Leftovers\n|-damage|p1b: Pelipper|42\/100 tox|[from] psn\n|-damage|p1a: Volcanion|75\/100 tox|[from] psn\n|-damage|p1b: Pelipper|17\/100 tox|[from] Salt Cure\n|upkeep\n|turn|12\n|inactive|Kalo.munro has 120 seconds left.\n|\n|t:|1698141967\n|move|p2b: Dusclops|Night Shade|p1b: Pelipper\n|-damage|p1b: Pelipper|0 fnt\n|faint|p1b: Pelipper\n|move|p2a: Garganacl|Salt Cure|p1a: Volcanion\n|-supereffective|p1a: Volcanion\n|-damage|p1a: Volcanion|51\/100 tox\n|-start|p1a: Volcanion|Salt Cure\n|move|p1a: Volcanion|Steam Eruption|p2a: Garganacl\n|-damage|p2a: Garganacl|0 fnt\n|faint|p2a: Garganacl\n|\n|-weather|RainDance|[upkeep]\n|-heal|p1a: Volcanion|58\/100 tox|[from] item: Leftovers\n|-damage|p1a: Volcanion|45\/100 tox|[from] psn\n|-damage|p1a: Volcanion|21\/100 tox|[from] Salt Cure\n|-fieldend|move: Trick Room\n|upkeep\n|\n|t:|1698141982\n|switch|p1b: Basculegion|Basculegion-F, F|100\/100\n|switch|p2a: Toxapex|Toxapex, M, shiny|68\/100\n|turn|13\n|\n|t:|1698142003\n|switch|p2b: Ursaluna|Ursaluna, M, shiny|100\/100\n|move|p1b: Basculegion|Shadow Ball|p2a: Toxapex\n|-damage|p2a: Toxapex|30\/100\n|-damage|p1b: Basculegion|91\/100|[from] item: Life Orb\n|move|p1a: Volcanion|Steam Eruption|p2b: Ursaluna\n|-supereffective|p2b: Ursaluna\n|-damage|p2b: Ursaluna|0 fnt\n|faint|p2b: Ursaluna\n|move|p2a: Toxapex|Toxic|p1b: Basculegion\n|-status|p1b: Basculegion|tox\n|\n|-weather|RainDance|[upkeep]\n|-heal|p1a: Volcanion|27\/100 tox|[from] item: Leftovers\n|-heal|p2a: Toxapex|36\/100|[from] item: Leftovers\n|-damage|p1b: Basculegion|84\/100 tox|[from] psn\n|-damage|p1a: Volcanion|8\/100 tox|[from] psn\n|-damage|p1a: Volcanion|0 fnt|[from] Salt Cure\n|faint|p1a: Volcanion\n|upkeep\n|\n|t:|1698142016\n|switch|p1a: Gastrodon|Gastrodon, M|34\/100 tox\n|switch|p2b: Dusclops|Dusclops, M, shiny|66\/100\n|-ability|p2b: Dusclops|Pressure\n|turn|14\n|-message|Kalo.munro forfeited.\n|\n|win|AthanTheOracle\n|raw|AthanTheOracle's rating: 1176 &rarr; <strong>1217<\/strong><br \/>(+41 for winning)\n|raw|Kalo.munro's rating: 1432 &rarr; <strong>1399<\/strong><br \/>(-33 for losing)\n|l|\u2606Kalo.munro\n|c|\u2606AthanTheOracle|Gg\n","uploadtime":1698142037,"views":21,"p1id":"athantheoracle","p2id":"kalomunro","formatid":"gen9doublesou","rating":1217,"private":0,"password":""}