{"id":"gen9doublesou-1993071924","p1":"MauritsB7","p2":"cooldownmode","format":"[Gen 9] Doubles OU","log":"|j|\u2606MauritsB7\n|j|\u2606cooldownmode\n|t:|1700261550\n|gametype|doubles\n|player|p1|MauritsB7|169|\n|player|p2|cooldownmode|170|\n|teamsize|p1|6\n|teamsize|p2|6\n|gen|9\n|tier|[Gen 9] Doubles OU\n|rule|Species Clause: Limit one of each Pok\u00e9mon\n|rule|OHKO Clause: OHKO moves are banned\n|rule|Evasion Moves Clause: Evasion moves are banned\n|rule|Gravity Sleep Clause: The combination of sleep-inducing moves with imperfect accuracy and Gravity or Gigantamax Orbeetle are banned\n|rule|Endless Battle Clause: Forcing endless battles is banned\n|rule|HP Percentage Mod: HP is shown in percentages\n|clearpoke\n|poke|p1|Gastrodon-East, M|\n|poke|p1|Rillaboom, F|\n|poke|p1|Farigiraf, F|\n|poke|p1|Heatran, F|\n|poke|p1|Mimikyu, M|\n|poke|p1|Sinistcha-Masterpiece|\n|poke|p2|Lucario, M|\n|poke|p2|Ambipom, M|\n|poke|p2|Iron Bundle|\n|poke|p2|Chien-Pao|\n|poke|p2|Flutter Mane|\n|poke|p2|Farigiraf, M|\n|teampreview\n|c|\u2606cooldownmode|ok\n|c|\u2606MauritsB7|alright\n|c|\u2606cooldownmode|this ones a work in progress\n|c|\u2606cooldownmode|all mons have one move exept 2\n|c|\u2606MauritsB7|haha damn\n|\n|t:|1700261599\n|start\n|switch|p1a: Heatran|Heatran, F|100\/100\n|switch|p1b: Mimikyu|Mimikyu, M|100\/100\n|switch|p2a: Lucario|Lucario, M, shiny|100\/100\n|switch|p2b: Ambipom|Ambipom, M|100\/100\n|turn|1\n|c|\u2606cooldownmode|after this i gtg\n|c|\u2606MauritsB7|sure\n|\n|t:|1700261622\n|move|p1a: Heatran|Protect|p1a: Heatran\n|-singleturn|p1a: Heatran|Protect\n|move|p2b: Ambipom|Beat Up|p2a: Lucario\n|-resisted|p2a: Lucario\n|-damage|p2a: Lucario|95\/100\n|-ability|p2a: Lucario|Justified|boost\n|-boost|p2a: Lucario|atk|1\n|-resisted|p2a: Lucario\n|-damage|p2a: Lucario|89\/100\n|-ability|p2a: Lucario|Justified|boost\n|-boost|p2a: Lucario|atk|1\n|-resisted|p2a: Lucario\n|-damage|p2a: Lucario|84\/100\n|-ability|p2a: Lucario|Justified|boost\n|-boost|p2a: Lucario|atk|1\n|-resisted|p2a: Lucario\n|-damage|p2a: Lucario|79\/100\n|-ability|p2a: Lucario|Justified|boost\n|-boost|p2a: Lucario|atk|1\n|-resisted|p2a: Lucario\n|-damage|p2a: Lucario|75\/100\n|-ability|p2a: Lucario|Justified|boost\n|-boost|p2a: Lucario|atk|1\n|-resisted|p2a: Lucario\n|-damage|p2a: Lucario|69\/100\n|-ability|p2a: Lucario|Justified|boost\n|-boost|p2a: Lucario|atk|1\n|-hitcount|p2a: Lucario|6\n|-damage|p2b: Ambipom|91\/100|[from] item: Life Orb\n|move|p2a: Lucario|Thunder Punch|p1a: Heatran\n|-activate|p1a: Heatran|move: Protect\n|move|p1b: Mimikyu|Trick Room|p1b: Mimikyu\n|-fieldstart|move: Trick Room|[of] p1b: Mimikyu\n|\n|upkeep\n|turn|2\n|c|\u2606cooldownmode|i should add sinistacha\n|\n|t:|1700261661\n|move|p1a: Heatran|Heat Wave|p2b: Ambipom|[spread] p2a,p2b\n|-supereffective|p2a: Lucario\n|-damage|p2a: Lucario|0 fnt\n|-damage|p2b: Ambipom|10\/100\n|faint|p2a: Lucario\n|-damage|p1a: Heatran|91\/100|[from] item: Life Orb\n|move|p1b: Mimikyu|Play Rough|p2b: Ambipom\n|-damage|p2b: Ambipom|0 fnt\n|faint|p2b: Ambipom\n|\n|upkeep\n|c|\u2606MauritsB7|instead of which pokemon?\n|c|\u2606cooldownmode|any\n|\n|t:|1700261681\n|switch|p2a: Chien-Pao|Chien-Pao|100\/100\n|switch|p2b: Flutter Mane|Flutter Mane|100\/100\n|-ability|p2a: Chien-Pao|Sword of Ruin\n|turn|3\n|c|\u2606MauritsB7|yea I like it, it's good\n|c|\u2606cooldownmode|I have 1 move on the rest\n|\n|t:|1700261701\n|move|p1a: Heatran|Heat Wave|p2a: Chien-Pao|[spread] p2b\n|-miss|p1a: Heatran|p2a: Chien-Pao\n|-damage|p2b: Flutter Mane|55\/100\n|-damage|p1a: Heatran|81\/100|[from] item: Life Orb\n|move|p1b: Mimikyu|Play Rough|p2a: Chien-Pao\n|-supereffective|p2a: Chien-Pao\n|-damage|p2a: Chien-Pao|14\/100\n|move|p2b: Flutter Mane|Draining Kiss|p1b: Mimikyu\n|-activate|p1b: Mimikyu|ability: Disguise\n|-damage|p1b: Mimikyu|100\/100\n|detailschange|p1b: Mimikyu|Mimikyu-Busted, M\n|-damage|p1b: Mimikyu|88\/100|[from] pokemon: Mimikyu-Busted\n|move|p2a: Chien-Pao|Avalanche|p1b: Mimikyu\n|-crit|p1b: Mimikyu\n|-damage|p1b: Mimikyu|0 fnt\n|faint|p1b: Mimikyu\n|\n|upkeep\n|\n|t:|1700261724\n|switch|p1b: Farigiraf|Farigiraf, F|100\/100\n|turn|4\n|c|\u2606cooldownmode|gg\n|c|\u2606MauritsB7|gg\n|c|\u2606cooldownmode|do you have dubles ubers teams\n|c|\u2606MauritsB7|was fun!\n|\n|t:|1700261748\n|move|p1b: Farigiraf|Helping Hand|p1a: Heatran\n|-singleturn|p1a: Heatran|Helping Hand|[of] p1b: Farigiraf\n|move|p1a: Heatran|Heat Wave|p2a: Chien-Pao|[spread] p2a,p2b\n|-supereffective|p2a: Chien-Pao\n|-damage|p2a: Chien-Pao|0 fnt\n|-damage|p2b: Flutter Mane|0 fnt\n|faint|p2a: Chien-Pao\n|faint|p2b: Flutter Mane\n|-end|p2b: Flutter Mane|Protosynthesis|[silent]\n|-damage|p1a: Heatran|71\/100|[from] item: Life Orb\n|\n|upkeep\n|c|\u2606MauritsB7|I don't but I can use this one\n|\n|t:|1700261755\n|switch|p2a: Iron Bundle|Iron Bundle|100\/100\n|switch|p2b: Farigiraf|Farigiraf, M|100\/100\n|turn|5\n|c|\u2606cooldownmode|ok\n|c|\u2606cooldownmode|ill battle one more\n|-message|cooldownmode forfeited.\n|\n|win|MauritsB7\n|l|\u2606cooldownmode\n","uploadtime":1700261769,"views":9,"p1id":"mauritsb7","p2id":"cooldownmode","formatid":"gen9doublesou","rating":0,"private":0,"password":""}