{"id":"gen9doublesou-1986012963","p1":"smoore333","p2":"chichi099","format":"[Gen 9] Doubles OU","log":"|j|\u2606smoore333\n|j|\u2606chichi099\n|t:|1699438578\n|gametype|doubles\n|player|p1|smoore333|linebacker|1229\n|player|p2|chichi099|giovanni|1223\n|teamsize|p1|6\n|teamsize|p2|6\n|gen|9\n|tier|[Gen 9] Doubles OU\n|rated|\n|rule|Species Clause: Limit one of each Pok\u00e9mon\n|rule|OHKO Clause: OHKO moves are banned\n|rule|Evasion Moves Clause: Evasion moves are banned\n|rule|Gravity Sleep Clause: The combination of sleep-inducing moves with imperfect accuracy and Gravity or Gigantamax Orbeetle are banned\n|rule|Endless Battle Clause: Forcing endless battles is banned\n|rule|HP Percentage Mod: HP is shown in percentages\n|clearpoke\n|poke|p1|Sinistcha|\n|poke|p1|Amoonguss, M|\n|poke|p1|Heatran, M|\n|poke|p1|Ursaluna-Bloodmoon, M|\n|poke|p1|Iron Hands|\n|poke|p1|Cresselia, F|\n|poke|p2|Iron Bundle|\n|poke|p2|Dragonite, M|\n|poke|p2|Gothitelle, F|\n|poke|p2|Amoonguss, F|\n|poke|p2|Tinkaton, F|\n|poke|p2|Chandelure, F|\n|teampreview\n|inactive|Battle timer is ON: inactive players will automatically lose when time's up. (requested by chichi099)\n|\n|t:|1699438589\n|start\n|switch|p1a: Iron Hands|Iron Hands|100\/100\n|switch|p1b: Cresselia|Cresselia, F|100\/100\n|switch|p2a: Tinkaton|Tinkaton, F|100\/100\n|switch|p2b: Chandelure|Chandelure, F|100\/100\n|-ability|p2a: Tinkaton|Mold Breaker\n|turn|1\n|\n|t:|1699438611\n|move|p2a: Tinkaton|Fake Out|p1b: Cresselia\n|-damage|p1b: Cresselia|93\/100\n|move|p1a: Iron Hands|Fake Out|p2a: Tinkaton\n|-resisted|p2a: Tinkaton\n|-damage|p2a: Tinkaton|91\/100\n|move|p2b: Chandelure|Trick|p1a: Iron Hands\n|-activate|p2b: Chandelure|move: Trick|[of] p1a: Iron Hands\n|-item|p1a: Iron Hands|Choice Scarf|[from] move: Trick\n|-item|p2b: Chandelure|Leftovers|[from] move: Trick\n|cant|p1b: Cresselia|flinch\n|\n|-heal|p1b: Cresselia|99\/100|[from] item: Leftovers\n|upkeep\n|turn|2\n|\n|t:|1699438639\n|move|p2b: Chandelure|Heat Wave|p1b: Cresselia|[spread] p1a,p1b\n|-damage|p1a: Iron Hands|65\/100\n|-damage|p1b: Cresselia|71\/100\n|move|p2a: Tinkaton|Gigaton Hammer|p1b: Cresselia\n|-damage|p1b: Cresselia|19\/100\n|move|p1a: Iron Hands|Volt Switch|p2b: Chandelure\n|-damage|p2b: Chandelure|83\/100\n|\n|t:|1699438647\n|-end|p1a: Iron Hands|Quark Drive|[silent]\n|switch|p1a: Ursaluna|Ursaluna-Bloodmoon, M|100\/100|[from] Volt Switch\n|move|p1b: Cresselia|Trick Room|p1b: Cresselia\n|-fieldstart|move: Trick Room|[of] p1b: Cresselia\n|\n|-heal|p1b: Cresselia|25\/100|[from] item: Leftovers\n|-heal|p2b: Chandelure|89\/100|[from] item: Leftovers\n|upkeep\n|turn|3\n|\n|t:|1699438661\n|switch|p2b: Amoonguss|Amoonguss, F|100\/100\n|move|p2a: Tinkaton|Protect|p2a: Tinkaton\n|-singleturn|p2a: Tinkaton|Protect\n|move|p1a: Ursaluna|Blood Moon|p2b: Amoonguss\n|-damage|p2b: Amoonguss|43\/100\n|move|p1b: Cresselia|Lunar Blessing|p1b: Cresselia|[spread] p1a,p1b\n|-heal|p1b: Cresselia|50\/100\n|\n|-heal|p2b: Amoonguss|49\/100|[from] item: Black Sludge\n|-heal|p1b: Cresselia|56\/100|[from] item: Leftovers\n|upkeep\n|turn|4\n|\n|t:|1699438678\n|move|p1a: Ursaluna|Protect|p1a: Ursaluna\n|-singleturn|p1a: Ursaluna|Protect\n|move|p2b: Amoonguss|Spore|p1a: Ursaluna\n|-activate|p1a: Ursaluna|move: Protect\n|move|p1b: Cresselia|Psychic|p2b: Amoonguss\n|-supereffective|p2b: Amoonguss\n|-damage|p2b: Amoonguss|0 fnt\n|faint|p2b: Amoonguss\n|move|p2a: Tinkaton|Gigaton Hammer|p1b: Cresselia\n|-damage|p1b: Cresselia|0 fnt\n|faint|p1b: Cresselia\n|\n|upkeep\n|\n|t:|1699438694\n|switch|p2b: Gothitelle|Gothitelle, F, shiny|100\/100\n|switch|p1b: Amoonguss|Amoonguss, M|100\/100\n|turn|5\n|\n|t:|1699438714\n|move|p2a: Tinkaton|Protect|p2a: Tinkaton\n|-singleturn|p2a: Tinkaton|Protect\n|move|p1b: Amoonguss|Spore|p2a: Tinkaton\n|-activate|p2a: Tinkaton|move: Protect\n|move|p1a: Ursaluna|Hyper Voice|p2a: Tinkaton|[spread] p2b\n|-activate|p2a: Tinkaton|move: Protect\n|-damage|p2b: Gothitelle|73\/100\n|move|p2b: Gothitelle|Nasty Plot|p2b: Gothitelle\n|-boost|p2b: Gothitelle|spa|2\n|\n|upkeep\n|turn|6\n|\n|t:|1699438730\n|move|p1b: Amoonguss|Toxic|p2b: Gothitelle\n|-status|p2b: Gothitelle|tox\n|-enditem|p2b: Gothitelle|Lum Berry|[eat]\n|-curestatus|p2b: Gothitelle|tox|[msg]\n|move|p1a: Ursaluna|Earth Power|p2a: Tinkaton\n|-supereffective|p2a: Tinkaton\n|-damage|p2a: Tinkaton|0 fnt\n|faint|p2a: Tinkaton\n|move|p2b: Gothitelle|Psychic|p1b: Amoonguss\n|-supereffective|p1b: Amoonguss\n|-damage|p1b: Amoonguss|18\/100\n|\n|-heal|p1b: Amoonguss|24\/100|[from] item: Leftovers\n|-fieldend|move: Trick Room\n|upkeep\n|\n|t:|1699438745\n|switch|p2a: Iron Bundle|Iron Bundle|100\/100\n|turn|7\n|\n|t:|1699438756\n|-terastallize|p1a: Ursaluna|Normal\n|move|p2a: Iron Bundle|Hydro Pump|p1a: Ursaluna\n|-damage|p1a: Ursaluna|38\/100\n|move|p2b: Gothitelle|Psychic|p1b: Amoonguss\n|-supereffective|p1b: Amoonguss\n|-damage|p1b: Amoonguss|0 fnt\n|faint|p1b: Amoonguss\n|move|p1a: Ursaluna|Blood Moon|p2a: Iron Bundle\n|-enditem|p2a: Iron Bundle|Focus Sash\n|-damage|p2a: Iron Bundle|1\/100\n|\n|-heal|p1a: Ursaluna|44\/100|[from] item: Leftovers\n|upkeep\n|\n|t:|1699438766\n|switch|p1b: Iron Hands|Iron Hands|65\/100\n|turn|8\n|\n|t:|1699438778\n|move|p2a: Iron Bundle|Protect|p2a: Iron Bundle\n|-singleturn|p2a: Iron Bundle|Protect\n|move|p1a: Ursaluna|Protect|p1a: Ursaluna\n|-singleturn|p1a: Ursaluna|Protect\n|move|p1b: Iron Hands|Fake Out|p2a: Iron Bundle\n|-activate|p2a: Iron Bundle|move: Protect\n|move|p2b: Gothitelle|Psychic|p1a: Ursaluna\n|-activate|p1a: Ursaluna|move: Protect\n|\n|-heal|p1a: Ursaluna|50\/100|[from] item: Leftovers\n|upkeep\n|turn|9\n|\n|t:|1699438794\n|-end|p1b: Iron Hands|Quark Drive|[silent]\n|switch|p1b: Sinistcha|Sinistcha|100\/100\n|-heal|p1a: Ursaluna|75\/100|[from] ability: Hospitality|[of] p1b: Sinistcha\n|move|p2a: Iron Bundle|Hydro Pump|p1a: Ursaluna\n|-damage|p1a: Ursaluna|17\/100\n|move|p2b: Gothitelle|Psychic|p1b: Sinistcha\n|-damage|p1b: Sinistcha|33\/100\n|move|p1a: Ursaluna|Hyper Voice|p2b: Gothitelle|[spread] p2a,p2b\n|-damage|p2a: Iron Bundle|0 fnt\n|-damage|p2b: Gothitelle|35\/100\n|faint|p2a: Iron Bundle\n|-end|p2a: Iron Bundle|Quark Drive|[silent]\n|\n|-heal|p1b: Sinistcha|39\/100|[from] item: Leftovers\n|-heal|p1a: Ursaluna|23\/100|[from] item: Leftovers\n|upkeep\n|\n|t:|1699438812\n|switch|p2a: Chandelure|Chandelure, F|89\/100\n|turn|10\n|\n|t:|1699438830\n|switch|p1b: Heatran|Heatran, M|100\/100\n|-item|p1b: Heatran|Air Balloon\n|move|p2a: Chandelure|Heat Wave|p1b: Heatran|[spread] p1a\n|-start|p1b: Heatran|ability: Flash Fire\n|-damage|p1a: Ursaluna|0 fnt\n|faint|p1a: Ursaluna\n|move|p2b: Gothitelle|Dark Pulse|p1b: Heatran\n|-damage|p1b: Heatran|73\/100\n|-enditem|p1b: Heatran|Air Balloon\n|\n|-heal|p2a: Chandelure|95\/100|[from] item: Leftovers\n|upkeep\n|\n|t:|1699438841\n|switch|p1a: Sinistcha|Sinistcha|39\/100\n|-heal|p1b: Heatran|98\/100|[from] ability: Hospitality|[of] p1a: Sinistcha\n|turn|11\n|\n|t:|1699438853\n|move|p2a: Chandelure|Heat Wave|p1b: Heatran|[spread] p1a\n|-immune|p1b: Heatran|[from] ability: Flash Fire\n|-supereffective|p1a: Sinistcha\n|-damage|p1a: Sinistcha|0 fnt\n|faint|p1a: Sinistcha\n|move|p1b: Heatran|Rock Slide|p2a: Chandelure|[spread] p2a\n|-miss|p1b: Heatran|p2b: Gothitelle\n|-supereffective|p2a: Chandelure\n|-damage|p2a: Chandelure|44\/100\n|move|p2b: Gothitelle|Dark Pulse|p1b: Heatran\n|-damage|p1b: Heatran|70\/100\n|\n|-heal|p2a: Chandelure|50\/100|[from] item: Leftovers\n|upkeep\n|\n|t:|1699438863\n|switch|p1a: Iron Hands|Iron Hands|65\/100\n|turn|12\n|\n|t:|1699438882\n|move|p1a: Iron Hands|Fake Out|p2b: Gothitelle\n|-damage|p2b: Gothitelle|18\/100\n|move|p2a: Chandelure|Trick|p1b: Heatran\n|-activate|p2a: Chandelure|move: Trick|[of] p1b: Heatran\n|-item|p1b: Heatran|Leftovers|[from] move: Trick\n|-enditem|p2a: Chandelure|Leftovers|[silent]|[from] move: Trick\n|move|p1b: Heatran|Rock Slide|p2a: Chandelure|[spread] p2a,p2b\n|-supereffective|p2a: Chandelure\n|-damage|p2a: Chandelure|2\/100\n|-damage|p2b: Gothitelle|0 fnt\n|faint|p2b: Gothitelle\n|\n|-heal|p1b: Heatran|77\/100|[from] item: Leftovers\n|upkeep\n|\n|t:|1699438896\n|switch|p2b: Dragonite|Dragonite, M|100\/100\n|turn|13\n|\n|t:|1699438908\n|move|p1a: Iron Hands|Fake Out||[still]\n|-hint|Fake Out only works on your first turn out.\n|-fail|p1a: Iron Hands\n|move|p2a: Chandelure|Shadow Ball|p1a: Iron Hands\n|-damage|p1a: Iron Hands|26\/100\n|move|p2b: Dragonite|Dragon Dance|p2b: Dragonite\n|-boost|p2b: Dragonite|atk|1\n|-boost|p2b: Dragonite|spe|1\n|move|p1b: Heatran|Rock Slide|p2a: Chandelure|[spread] p2a,p2b\n|-supereffective|p2a: Chandelure\n|-supereffective|p2b: Dragonite\n|-damage|p2a: Chandelure|0 fnt\n|-damage|p2b: Dragonite|81\/100\n|-enditem|p2b: Dragonite|Weakness Policy\n|-boost|p2b: Dragonite|atk|2|[from] item: Weakness Policy\n|-boost|p2b: Dragonite|spa|2|[from] item: Weakness Policy\n|faint|p2a: Chandelure\n|\n|-heal|p1b: Heatran|83\/100|[from] item: Leftovers\n|upkeep\n|turn|14\n|\n|t:|1699438931\n|move|p1a: Iron Hands|Fake Out||[still]\n|-hint|Fake Out only works on your first turn out.\n|-fail|p1a: Iron Hands\n|move|p2b: Dragonite|Earthquake|p1b: Heatran|[spread] p1a,p1b\n|-supereffective|p1a: Iron Hands\n|-supereffective|p1b: Heatran\n|-damage|p1a: Iron Hands|0 fnt\n|-damage|p1b: Heatran|0 fnt\n|faint|p1a: Iron Hands\n|-end|p1a: Iron Hands|Quark Drive|[silent]\n|faint|p1b: Heatran\n|\n|win|chichi099\n|raw|smoore333's rating: 1229 &rarr; <strong>1204<\/strong><br \/>(-25 for losing)\n|raw|chichi099's rating: 1223 &rarr; <strong>1248<\/strong><br \/>(+25 for winning)\n|c|\u2606smoore333|gg\n|l|\u2606smoore333\n","uploadtime":1699438957,"views":33,"p1id":"smoore333","p2id":"chichi099","formatid":"gen9doublesou","rating":1204,"private":0,"password":""}