{"id":"gen9doublesou-1997574149","p1":"Carso","p2":"sapphic suporter","format":"[Gen 9] Doubles OU","log":"|j|\u2606Carso\n|j|\u2606sapphic suporter\n|t:|1700827649\n|gametype|doubles\n|player|p1|Carso|nate|1526\n|player|p2|sapphic suporter|cynthia-masters3|1288\n|teamsize|p1|6\n|teamsize|p2|6\n|gen|9\n|tier|[Gen 9] Doubles OU\n|rated|\n|rule|Species Clause: Limit one of each Pok\u00e9mon\n|rule|OHKO Clause: OHKO moves are banned\n|rule|Evasion Moves Clause: Evasion moves are banned\n|rule|Gravity Sleep Clause: The combination of sleep-inducing moves with imperfect accuracy and Gravity or Gigantamax Orbeetle are banned\n|rule|Endless Battle Clause: Forcing endless battles is banned\n|rule|HP Percentage Mod: HP is shown in percentages\n|clearpoke\n|poke|p1|Ogerpon-Wellspring, F|\n|poke|p1|Arcanine-Hisui, M|\n|poke|p1|Grimmsnarl, M|\n|poke|p1|Iron Hands|\n|poke|p1|Rillaboom, F|\n|poke|p1|Walking Wake|\n|poke|p2|Sneasler, M|\n|poke|p2|Rillaboom, F|\n|poke|p2|Armarouge, F|\n|poke|p2|Indeedee-F, F|\n|poke|p2|Farigiraf, F|\n|poke|p2|Landorus-Therian, M|\n|teampreview\n|inactive|Battle timer is ON: inactive players will automatically lose when time's up. (requested by Carso)\n|\n|t:|1700827661\n|start\n|switch|p1a: Arcanine|Arcanine-Hisui, M|100\/100\n|switch|p1b: Grimmsnarl|Grimmsnarl, M|100\/100\n|switch|p2a: Rillaboom|Rillaboom, F|100\/100\n|switch|p2b: Sneasler|Sneasler, M|100\/100\n|-fieldstart|move: Grassy Terrain|[from] ability: Grassy Surge|[of] p2a: Rillaboom\n|-enditem|p2b: Sneasler|Grassy Seed\n|-boost|p2b: Sneasler|def|1|[from] item: Grassy Seed\n|-ability|p1a: Arcanine|Intimidate|boost\n|-unboost|p2a: Rillaboom|atk|1\n|-unboost|p2b: Sneasler|atk|1\n|turn|1\n|\n|t:|1700827675\n|switch|p1a: Rillaboom|Rillaboom, F|100\/100\n|switch|p1b: Iron Hands|Iron Hands|100\/100\n|move|p2b: Sneasler|Swords Dance|p2b: Sneasler\n|-boost|p2b: Sneasler|atk|2\n|move|p2a: Rillaboom|High Horsepower|p1a: Rillaboom\n|-resisted|p1a: Rillaboom\n|-damage|p1a: Rillaboom|90\/100\n|\n|-heal|p1a: Rillaboom|96\/100|[from] Grassy Terrain\n|upkeep\n|turn|2\n|\n|t:|1700827688\n|switch|p2a: Farigiraf|Farigiraf, F, shiny|100\/100\n|move|p1b: Iron Hands|Fake Out||[still]\n|cant|p2a: Farigiraf|ability: Armor Tail|Fake Out|[of] p1b: Iron Hands\n|move|p2b: Sneasler|Acrobatics|p1a: Rillaboom\n|-supereffective|p1a: Rillaboom\n|-damage|p1a: Rillaboom|0 fnt\n|faint|p1a: Rillaboom\n|\n|upkeep\n|c|\u2606sapphic suporter|get fucked\n|c|\u2606sapphic suporter|get fucked\n|c|\u2606sapphic suporter|predicted\n|inactive|Carso has 120 seconds left.\n|c|\u2606sapphic suporter|thsi is almsot an xact recreation\n|c|\u2606sapphic suporter|just taht i didnt switch into armor tail\n|c|\u2606sapphic suporter|so  was srunned\n|\n|t:|1700827742\n|switch|p1a: Arcanine|Arcanine-Hisui, M|100\/100\n|-ability|p1a: Arcanine|Intimidate|boost\n|-unboost|p2a: Farigiraf|atk|1\n|-unboost|p2b: Sneasler|atk|1\n|turn|3\n|inactive|Carso has 120 seconds left.\n|\n|t:|1700827757\n|move|p2b: Sneasler|Swords Dance|p2b: Sneasler\n|-boost|p2b: Sneasler|atk|2\n|move|p1a: Arcanine|Flare Blitz|p2b: Sneasler\n|-damage|p2b: Sneasler|9\/100\n|-status|p2b: Sneasler|brn\n|-damage|p1a: Arcanine|73\/100|[from] Recoil\n|move|p2a: Farigiraf|Psyshock|p1b: Iron Hands\n|-supereffective|p1b: Iron Hands\n|-damage|p1b: Iron Hands|52\/100\n|move|p1b: Iron Hands|Wild Charge|p2b: Sneasler\n|-damage|p2b: Sneasler|0 fnt\n|faint|p2b: Sneasler\n|-damage|p1b: Iron Hands|51\/100|[from] Recoil\n|\n|-heal|p1a: Arcanine|79\/100|[from] Grassy Terrain\n|-heal|p1b: Iron Hands|57\/100|[from] Grassy Terrain\n|upkeep\n|\n|t:|1700827770\n|switch|p2b: Landorus|Landorus-Therian, M, shiny|100\/100\n|-ability|p2b: Landorus|Intimidate|boost\n|-unboost|p1a: Arcanine|atk|1\n|-unboost|p1b: Iron Hands|atk|1\n|turn|4\n|inactive|Carso has 120 seconds left.\n|\n|t:|1700827808\n|switch|p1a: Ogerpon|Ogerpon-Wellspring, F|100\/100\n|-end|p1b: Iron Hands|Quark Drive|[silent]\n|switch|p1b: Grimmsnarl|Grimmsnarl, M|100\/100\n|move|p2b: Landorus|Rock Slide|p1a: Ogerpon|[spread] p1b\n|-miss|p2b: Landorus|p1a: Ogerpon\n|-damage|p1b: Grimmsnarl|74\/100\n|move|p2a: Farigiraf|Nasty Plot|p2a: Farigiraf\n|-boost|p2a: Farigiraf|spa|2\n|\n|-heal|p1b: Grimmsnarl|80\/100|[from] Grassy Terrain\n|upkeep\n|turn|5\n|inactive|Carso has 120 seconds left.\n|\n|t:|1700827825\n|move|p1b: Grimmsnarl|Light Screen|p1b: Grimmsnarl\n|-sidestart|p1: Carso|move: Light Screen\n|move|p2b: Landorus|Rock Slide|p1b: Grimmsnarl|[spread] p1a,p1b\n|-damage|p1a: Ogerpon|67\/100\n|-damage|p1b: Grimmsnarl|52\/100\n|move|p1a: Ogerpon|Knock Off|p2a: Farigiraf\n|-supereffective|p2a: Farigiraf\n|-damage|p2a: Farigiraf|24\/100\n|-enditem|p2a: Farigiraf|Leftovers|[from] move: Knock Off|[of] p1a: Ogerpon\n|move|p2a: Farigiraf|Hyper Voice|p1b: Grimmsnarl|[spread] p1a,p1b\n|-damage|p1a: Ogerpon|10\/100\n|-damage|p1b: Grimmsnarl|14\/100\n|\n|-heal|p1a: Ogerpon|16\/100|[from] Grassy Terrain\n|-heal|p1b: Grimmsnarl|21\/100|[from] Grassy Terrain\n|-heal|p2a: Farigiraf|30\/100|[from] Grassy Terrain\n|-fieldend|move: Grassy Terrain\n|upkeep\n|turn|6\n|\n|t:|1700827843\n|move|p1a: Ogerpon|Spiky Shield|p1a: Ogerpon\n|-singleturn|p1a: Ogerpon|move: Protect\n|move|p2b: Landorus|Rock Slide|p1a: Ogerpon|[spread] p1b\n|-activate|p1a: Ogerpon|move: Protect\n|-damage|p1b: Grimmsnarl|0 fnt\n|faint|p1b: Grimmsnarl\n|move|p2a: Farigiraf|Hyper Voice|p1a: Ogerpon\n|-activate|p1a: Ogerpon|move: Protect\n|\n|upkeep\n|\n|t:|1700827853\n|switch|p1b: Arcanine|Arcanine-Hisui, M|79\/100\n|-ability|p1b: Arcanine|Intimidate|boost\n|-unboost|p2a: Farigiraf|atk|1\n|-unboost|p2b: Landorus|atk|1\n|turn|7\n|\n|t:|1700827860\n|switch|p1a: Iron Hands|Iron Hands|57\/100\n|move|p2b: Landorus|Rock Slide|p1a: Iron Hands|[spread] p1a,p1b\n|-resisted|p1a: Iron Hands\n|-supereffective|p1b: Arcanine\n|-damage|p1a: Iron Hands|53\/100\n|-damage|p1b: Arcanine|39\/100\n|move|p1b: Arcanine|Rock Slide|p2a: Farigiraf|[spread] p2a,p2b\n|-damage|p2a: Farigiraf|0 fnt\n|-damage|p2b: Landorus|57\/100\n|faint|p2a: Farigiraf\n|\n|upkeep\n|\n|t:|1700827872\n|switch|p2a: Rillaboom|Rillaboom, F|100\/100\n|-fieldstart|move: Grassy Terrain|[from] ability: Grassy Surge|[of] p2a: Rillaboom\n|turn|8\n|inactive|Carso has 120 seconds left.\n|inactive|Carso has 90 seconds left.\n|inactive|Carso has 60 seconds left.\n|c|\u2606sapphic suporter|hello\n|c|\u2606sapphic suporter|aer you there\n|inactive|Carso has 30 seconds left.\n|inactive|Carso has 20 seconds left.\n|inactive|Carso has 15 seconds left.\n|inactive|Carso has 10 seconds left.\n|inactive|Carso has 5 seconds left.\n|-message|Carso lost due to inactivity.\n|\n|win|sapphic suporter\n|raw|Carso's rating: 1513 &rarr; <strong>1482<\/strong><br \/>(-31 for losing)\n|raw|sapphic suporter's rating: 1288 &rarr; <strong>1327<\/strong><br \/>(+39 for winning)\n","uploadtime":1700827698,"views":5,"p1id":"carso","p2id":"sapphicsuporter","formatid":"gen9doublesou","rating":1327,"private":0,"password":""}