{"id":"gen9doublesou-1983069204","p1":"buddhist ameba","p2":"fangame10","format":"[Gen 9] Doubles OU","log":"|j|\u2606buddhist ameba\n|j|\u2606fangame10\n|t:|1699079100\n|gametype|doubles\n|player|p1|buddhist ameba|2|1526\n|player|p2|fangame10|red|1756\n|teamsize|p1|6\n|teamsize|p2|6\n|gen|9\n|tier|[Gen 9] Doubles OU\n|rated|\n|rule|Species Clause: Limit one of each Pok\u00e9mon\n|rule|OHKO Clause: OHKO moves are banned\n|rule|Evasion Moves Clause: Evasion moves are banned\n|rule|Gravity Sleep Clause: The combination of sleep-inducing moves with imperfect accuracy and Gravity or Gigantamax Orbeetle are banned\n|rule|Endless Battle Clause: Forcing endless battles is banned\n|rule|HP Percentage Mod: HP is shown in percentages\n|clearpoke\n|poke|p1|Diancie, L99|\n|poke|p1|Flutter Mane|\n|poke|p1|Iron Hands|\n|poke|p1|Grimmsnarl, M|\n|poke|p1|Palafin, F|\n|poke|p1|Moltres-Galar|\n|poke|p2|Iron Bundle|\n|poke|p2|Abomasnow, M|\n|poke|p2|Baxcalibur, F|\n|poke|p2|Chi-Yu|\n|poke|p2|Iron Hands|\n|poke|p2|Diancie|\n|teampreview\n|inactive|Battle timer is ON: inactive players will automatically lose when time's up. (requested by fangame10)\n|inactive|buddhist ameba has 120 seconds left.\n|inactive|fangame10 has 120 seconds left.\n|inactive|fangame10 has 90 seconds left.\n|\n|t:|1699079163\n|start\n|switch|p1a: Palafin|Palafin, F|100\/100\n|switch|p1b: Grimmsnarl|Grimmsnarl, M|100\/100\n|switch|p2a: Abomasnow|Abomasnow, M, shiny|100\/100\n|switch|p2b: Iron Hands|Iron Hands, shiny|100\/100\n|-weather|Snow|[from] ability: Snow Warning|[of] p2a: Abomasnow\n|turn|1\n|inactive|buddhist ameba has 120 seconds left.\n|inactive|fangame10 has 120 seconds left.\n|inactive|buddhist ameba has 90 seconds left.\n|inactive|fangame10 has 90 seconds left.\n|inactive|fangame10 has 60 seconds left.\n|\n|t:|1699079283\n|move|p1b: Grimmsnarl|Reflect|p1b: Grimmsnarl\n|-sidestart|p1: buddhist ameba|Reflect\n|move|p1a: Palafin|Drain Punch|p2a: Abomasnow\n|-supereffective|p2a: Abomasnow\n|-damage|p2a: Abomasnow|82\/100\n|move|p2a: Abomasnow|Aurora Veil|p2a: Abomasnow\n|-sidestart|p2: fangame10|move: Aurora Veil\n|move|p2b: Iron Hands|Swords Dance|p2b: Iron Hands\n|-boost|p2b: Iron Hands|atk|2\n|\n|-weather|Snow|[upkeep]\n|upkeep\n|turn|2\n|inactive|buddhist ameba has 90 seconds left.\n|\n|t:|1699079322\n|detailschange|p1a: Palafin|Palafin-Hero, F\n|switch|p1a: Moltres|Moltres-Galar, shiny|100\/100\n|switch|p2a: Baxcalibur|Baxcalibur, F, shiny|100\/100\n|move|p1b: Grimmsnarl|Spirit Break|p2b: Iron Hands\n|-supereffective|p2b: Iron Hands\n|-damage|p2b: Iron Hands|63\/100\n|-unboost|p2b: Iron Hands|spa|1\n|move|p2b: Iron Hands|Swords Dance|p2b: Iron Hands\n|-boost|p2b: Iron Hands|atk|2\n|\n|-weather|Snow|[upkeep]\n|upkeep\n|turn|3\n|inactive|buddhist ameba has 90 seconds left.\n|inactive|fangame10 has 60 seconds left.\n|inactive|buddhist ameba has 60 seconds left.\n|inactive|fangame10 has 30 seconds left.\n|\n|t:|1699079363\n|-terastallize|p2b: Iron Hands|Grass\n|move|p2a: Baxcalibur|Dragon Dance|p2a: Baxcalibur\n|-boost|p2a: Baxcalibur|atk|1\n|-boost|p2a: Baxcalibur|spe|1\n|move|p1a: Moltres|Tera Blast|p2b: Iron Hands\n|-damage|p2b: Iron Hands|54\/100\n|move|p1b: Grimmsnarl|Spirit Break|p2b: Iron Hands\n|-damage|p2b: Iron Hands|36\/100\n|-unboost|p2b: Iron Hands|spa|1\n|-enditem|p2b: Iron Hands|Sitrus Berry|[eat]\n|-heal|p2b: Iron Hands|61\/100|[from] item: Sitrus Berry\n|move|p2b: Iron Hands|Thunder Punch|p1a: Moltres\n|-supereffective|p1a: Moltres\n|-damage|p1a: Moltres|0 fnt\n|faint|p1a: Moltres\n|\n|-weather|Snow|[upkeep]\n|upkeep\n|inactive|buddhist ameba has 60 seconds left.\n|inactive|buddhist ameba has 30 seconds left.\n|\n|t:|1699079399\n|switch|p1a: Diancie|Diancie, L99, shiny|100\/100\n|turn|4\n|\n|t:|1699079409\n|move|p1b: Grimmsnarl|Thunder Wave|p2b: Iron Hands|[miss]\n|-miss|p1b: Grimmsnarl|p2b: Iron Hands\n|move|p2a: Baxcalibur|Icicle Crash|p1b: Grimmsnarl\n|-damage|p1b: Grimmsnarl|46\/100\n|move|p2b: Iron Hands|Drain Punch|p1a: Diancie\n|-damage|p1a: Diancie|40\/100\n|-heal|p2b: Iron Hands|80\/100|[from] drain|[of] p1a: Diancie\n|move|p1a: Diancie|Diamond Storm|p2b: Iron Hands|[spread] p2a,p2b\n|-supereffective|p2a: Baxcalibur\n|-damage|p2a: Baxcalibur|77\/100\n|-damage|p2b: Iron Hands|67\/100\n|-boost|p1a: Diancie|def|2\n|\n|-weather|Snow|[upkeep]\n|upkeep\n|turn|5\n|inactive|buddhist ameba has 60 seconds left.\n|\n|t:|1699079437\n|move|p1b: Grimmsnarl|Thunder Wave|p2b: Iron Hands\n|-status|p2b: Iron Hands|par\n|move|p2a: Baxcalibur|Icicle Crash|p1b: Grimmsnarl\n|-damage|p1b: Grimmsnarl|0 fnt\n|faint|p1b: Grimmsnarl\n|move|p2b: Iron Hands|Drain Punch|p1a: Diancie\n|-damage|p1a: Diancie|6\/100\n|-heal|p2b: Iron Hands|78\/100 par|[from] drain|[of] p1a: Diancie\n|move|p1a: Diancie|Trick Room|p1a: Diancie\n|-fieldstart|move: Trick Room|[of] p1a: Diancie\n|\n|-weather|none\n|upkeep\n|\n|t:|1699079449\n|switch|p1b: Iron Hands|Iron Hands, shiny|100\/100\n|turn|6\n|inactive|buddhist ameba has 60 seconds left.\n|inactive|fangame10 has 90 seconds left.\n|inactive|fangame10 has 60 seconds left.\n|inactive|fangame10 has 30 seconds left.\n|inactive|fangame10 has 20 seconds left.\n|\n|t:|1699079532\n|move|p1b: Iron Hands|Fake Out|p2b: Iron Hands\n|-damage|p2b: Iron Hands|71\/100 par\n|cant|p2b: Iron Hands|flinch\n|move|p1a: Diancie|Body Press|p2b: Iron Hands\n|-damage|p2b: Iron Hands|46\/100 par\n|move|p2a: Baxcalibur|Glaive Rush|p1b: Iron Hands\n|-damage|p1b: Iron Hands|58\/100\n|-singlemove|p2a: Baxcalibur|Glaive Rush|[silent]\n|\n|upkeep\n|turn|7\n|inactive|buddhist ameba has 60 seconds left.\n|\n|t:|1699079579\n|move|p2a: Baxcalibur|Protect|p2a: Baxcalibur\n|-singleturn|p2a: Baxcalibur|Protect\n|cant|p2b: Iron Hands|par\n|move|p1a: Diancie|Diamond Storm|p2a: Baxcalibur|[spread] p2b\n|-activate|p2a: Baxcalibur|move: Protect\n|-damage|p2b: Iron Hands|35\/100 par\n|-boost|p1a: Diancie|def|2\n|move|p1b: Iron Hands|Drain Punch|p2b: Iron Hands\n|-damage|p2b: Iron Hands|17\/100 par\n|-heal|p1b: Iron Hands|66\/100|[from] drain|[of] p2b: Iron Hands\n|\n|upkeep\n|turn|8\n|inactive|fangame10 has 30 seconds left.\n|inactive|fangame10 has 20 seconds left.\n|\n|t:|1699079623\n|move|p2b: Iron Hands|Drain Punch|p1b: Iron Hands\n|-damage|p1b: Iron Hands|9\/100\n|-heal|p2b: Iron Hands|47\/100 par|[from] drain|[of] p1b: Iron Hands\n|-enditem|p1b: Iron Hands|Sitrus Berry|[eat]\n|-heal|p1b: Iron Hands|34\/100|[from] item: Sitrus Berry\n|move|p1a: Diancie|Body Press|p2b: Iron Hands\n|-damage|p2b: Iron Hands|10\/100 par\n|move|p1b: Iron Hands|Drain Punch|p2b: Iron Hands\n|-damage|p2b: Iron Hands|0 fnt\n|-heal|p1b: Iron Hands|39\/100|[from] drain|[of] p2b: Iron Hands\n|faint|p2b: Iron Hands\n|-end|p2b: Iron Hands|Quark Drive|[silent]\n|move|p2a: Baxcalibur|Glaive Rush|p1b: Iron Hands\n|-damage|p1b: Iron Hands|0 fnt\n|-singlemove|p2a: Baxcalibur|Glaive Rush|[silent]\n|faint|p1b: Iron Hands\n|-end|p1b: Iron Hands|Quark Drive|[silent]\n|\n|-sideend|p1: buddhist ameba|Reflect\n|-sideend|p2: fangame10|move: Aurora Veil\n|upkeep\n|inactive|buddhist ameba has 60 seconds left.\n|\n|t:|1699079643\n|switch|p2b: Abomasnow|Abomasnow, M, shiny|82\/100\n|switch|p1b: Palafin|Palafin-Hero, F|100\/100\n|-weather|Snow|[from] ability: Snow Warning|[of] p2b: Abomasnow\n|-activate|p1b: Palafin|ability: Zero to Hero\n|turn|9\n|inactive|fangame10 has 60 seconds left.\n|inactive|fangame10 has 30 seconds left.\n|inactive|fangame10 has 20 seconds left.\n|inactive|fangame10 has 15 seconds left.\n|inactive|fangame10 has 10 seconds left.\n|inactive|fangame10 has 5 seconds left.\n|\n|t:|1699079707\n|move|p2a: Baxcalibur|Protect|p2a: Baxcalibur\n|-singleturn|p2a: Baxcalibur|Protect\n|move|p1a: Diancie|Diamond Storm|p2a: Baxcalibur|[spread] p2b\n|-activate|p2a: Baxcalibur|move: Protect\n|-supereffective|p2b: Abomasnow\n|-damage|p2b: Abomasnow|44\/100\n|move|p2b: Abomasnow|Aurora Veil|p2b: Abomasnow\n|-sidestart|p2: fangame10|move: Aurora Veil\n|move|p1b: Palafin|Bulk Up|p1b: Palafin\n|-boost|p1b: Palafin|atk|1\n|-boost|p1b: Palafin|def|1\n|\n|-weather|Snow|[upkeep]\n|-fieldend|move: Trick Room\n|upkeep\n|turn|10\n|inactive|fangame10 has 30 seconds left this turn.\n|\n|t:|1699079725\n|move|p2a: Baxcalibur|Icicle Crash|p1a: Diancie\n|-damage|p1a: Diancie|0 fnt\n|faint|p1a: Diancie\n|move|p1b: Palafin|Drain Punch|p2a: Baxcalibur\n|-supereffective|p2a: Baxcalibur\n|-damage|p2a: Baxcalibur|42\/100\n|move|p2b: Abomasnow|Leaf Storm|p1b: Palafin\n|-supereffective|p1b: Palafin\n|-damage|p1b: Palafin|29\/100\n|-unboost|p2b: Abomasnow|spa|2\n|\n|-weather|Snow|[upkeep]\n|-heal|p1b: Palafin|35\/100|[from] item: Leftovers\n|upkeep\n|inactive|fangame10 has 30 seconds left this turn.\n|\n|t:|1699079732\n|switch|p1a: Flutter Mane|Flutter Mane, shiny|100\/100\n|-enditem|p1a: Flutter Mane|Booster Energy\n|-activate|p1a: Flutter Mane|ability: Protosynthesis|[fromitem]\n|-start|p1a: Flutter Mane|protosynthesisspe\n|turn|11\n|inactive|buddhist ameba has 90 seconds left.\n|inactive|fangame10 has 30 seconds left.\n|inactive|fangame10 has 20 seconds left.\n|inactive|fangame10 has 15 seconds left.\n|inactive|fangame10 has 10 seconds left.\n|\n|t:|1699079779\n|move|p1a: Flutter Mane|Dazzling Gleam|p2b: Abomasnow|[spread] p2a,p2b\n|-supereffective|p2a: Baxcalibur\n|-damage|p2a: Baxcalibur|4\/100\n|-damage|p2b: Abomasnow|27\/100\n|move|p2a: Baxcalibur|Icicle Crash|p1a: Flutter Mane\n|-damage|p1a: Flutter Mane|0 fnt\n|faint|p1a: Flutter Mane\n|-end|p1a: Flutter Mane|Protosynthesis|[silent]\n|move|p1b: Palafin|Drain Punch|p2b: Abomasnow\n|-supereffective|p2b: Abomasnow\n|-damage|p2b: Abomasnow|0 fnt\n|-heal|p1b: Palafin|48\/100|[from] drain|[of] p2b: Abomasnow\n|faint|p2b: Abomasnow\n|\n|-weather|Snow|[upkeep]\n|-heal|p1b: Palafin|54\/100|[from] item: Leftovers\n|upkeep\n|inactive|fangame10 has 15 seconds left this turn.\n|inactive|fangame10 has 10 seconds left.\n|\n|t:|1699079784\n|switch|p2b: Iron Bundle|Iron Bundle, shiny|100\/100\n|turn|12\n|\n|t:|1699079797\n|move|p1b: Palafin|Protect|p1b: Palafin\n|-singleturn|p1b: Palafin|Protect\n|move|p2a: Baxcalibur|Glaive Rush|p1b: Palafin\n|-activate|p1b: Palafin|move: Protect\n|move|p2b: Iron Bundle|Freeze-Dry|p1b: Palafin\n|-activate|p1b: Palafin|move: Protect\n|\n|-weather|Snow|[upkeep]\n|-heal|p1b: Palafin|60\/100|[from] item: Leftovers\n|upkeep\n|turn|13\n|inactive|buddhist ameba has 120 seconds left.\n|\n|t:|1699079813\n|move|p2a: Baxcalibur|Glaive Rush|p1b: Palafin\n|-damage|p1b: Palafin|1\/100\n|-singlemove|p2a: Baxcalibur|Glaive Rush|[silent]\n|move|p2b: Iron Bundle|Freeze-Dry|p1b: Palafin\n|-supereffective|p1b: Palafin\n|-damage|p1b: Palafin|0 fnt\n|faint|p1b: Palafin\n|\n|win|fangame10\n|raw|buddhist ameba's rating: 1526 &rarr; <strong>1518<\/strong><br \/>(-8 for losing)\n|raw|fangame10's rating: 1764 &rarr; <strong>1772<\/strong><br \/>(+8 for winning)\n|l|\u2606fangame10\n","uploadtime":1699080376,"views":12,"p1id":"buddhistameba","p2id":"fangame10","formatid":"gen9doublesou","rating":1518,"private":0,"password":""}