{"id":"gen9doublesou-1972125523","p1":"fray698","p2":"majner","format":"[Gen 9] Doubles OU","log":"|j|\u2606fray698\n|j|\u2606majner\n|t:|1697814932\n|gametype|doubles\n|player|p1|fray698|2|1051\n|player|p2|majner|101|1056\n|teamsize|p1|6\n|teamsize|p2|6\n|gen|9\n|tier|[Gen 9] Doubles OU\n|rated|\n|rule|Species Clause: Limit one of each Pok\u00e9mon\n|rule|OHKO Clause: OHKO moves are banned\n|rule|Evasion Moves Clause: Evasion moves are banned\n|rule|Gravity Sleep Clause: The combination of sleep-inducing moves with imperfect accuracy and Gravity or Gigantamax Orbeetle are banned\n|rule|Endless Battle Clause: Forcing endless battles is banned\n|rule|HP Percentage Mod: HP is shown in percentages\n|clearpoke\n|poke|p1|Ting-Lu|\n|poke|p1|Cresselia, F|\n|poke|p1|Amoonguss, F|\n|poke|p1|Gardevoir, M|\n|poke|p1|Roaring Moon|\n|poke|p1|Chien-Pao|\n|poke|p2|Trevenant, M|\n|poke|p2|Torkoal, M|\n|poke|p2|Klefki, M|\n|poke|p2|Lurantis, M|\n|poke|p2|Toxtricity-Low-Key, M|\n|poke|p2|Dedenne, F|\n|teampreview\n|\n|t:|1697814948\n|start\n|switch|p1a: Cresselia|Cresselia, F, shiny|100\/100\n|switch|p1b: Amoonguss|Amoonguss, F|100\/100\n|switch|p2a: Klefki|Klefki, M|100\/100\n|switch|p2b: Lurantis|Lurantis, M, shiny|100\/100\n|turn|1\n|\n|t:|1697814981\n|move|p2a: Klefki|Metal Sound|p2b: Lurantis|[miss]\n|-miss|p2a: Klefki|p2b: Lurantis\n|move|p1a: Cresselia|Substitute|p1a: Cresselia\n|-start|p1a: Cresselia|Substitute\n|-damage|p1a: Cresselia|75\/100\n|move|p2b: Lurantis|Leaf Storm|p1a: Cresselia\n|-end|p1a: Cresselia|Substitute\n|-boost|p2b: Lurantis|spa|2\n|move|p1b: Amoonguss|Energy Ball|p2a: Klefki\n|-resisted|p2a: Klefki\n|-damage|p2a: Klefki|79\/100\n|\n|upkeep\n|turn|2\n|\n|t:|1697814998\n|move|p1b: Amoonguss|Rage Powder|p1b: Amoonguss\n|-singleturn|p1b: Amoonguss|move: Rage Powder\n|move|p2a: Klefki|Metal Sound|p1b: Amoonguss\n|-unboost|p1b: Amoonguss|spd|2\n|move|p1a: Cresselia|Calm Mind|p1a: Cresselia\n|-boost|p1a: Cresselia|spa|1\n|-boost|p1a: Cresselia|spd|1\n|move|p2b: Lurantis|Leaf Storm|p1a: Cresselia\n|-damage|p1a: Cresselia|29\/100\n|-boost|p2b: Lurantis|spa|2\n|\n|upkeep\n|turn|3\n|inactive|Battle timer is ON: inactive players will automatically lose when time's up. (requested by fray698)\n|\n|t:|1697815020\n|-terastallize|p2b: Lurantis|Steel\n|move|p1b: Amoonguss|Rage Powder|p1b: Amoonguss\n|-singleturn|p1b: Amoonguss|move: Rage Powder\n|move|p2a: Klefki|Metal Sound|p1b: Amoonguss|[miss]\n|-miss|p2a: Klefki|p1b: Amoonguss\n|move|p1a: Cresselia|Substitute|p1a: Cresselia\n|-start|p1a: Cresselia|Substitute\n|-damage|p1a: Cresselia|4\/100\n|move|p2b: Lurantis|Leaf Storm|p1b: Amoonguss\n|-resisted|p1b: Amoonguss\n|-damage|p1b: Amoonguss|20\/100\n|-boost|p2b: Lurantis|spa|2\n|\n|upkeep\n|turn|4\n|c|\u2606fray698|gl\n|\n|t:|1697815044\n|move|p1a: Cresselia|Calm Mind|p1a: Cresselia\n|-boost|p1a: Cresselia|spa|1\n|-boost|p1a: Cresselia|spd|1\n|move|p2b: Lurantis|Tera Blast|p1a: Cresselia|[anim] Tera Blast Steel\n|-end|p1a: Cresselia|Substitute\n|move|p1b: Amoonguss|Giga Drain|p2a: Klefki\n|-resisted|p2a: Klefki\n|-damage|p2a: Klefki|58\/100\n|-heal|p1b: Amoonguss|28\/100|[from] drain|[of] p2a: Klefki\n|move|p2a: Klefki|Trick Room|p2a: Klefki\n|-fieldstart|move: Trick Room|[of] p2a: Klefki\n|\n|upkeep\n|turn|5\n|inactive|fray698 has 120 seconds left.\n|\n|t:|1697815075\n|move|p2a: Klefki|Metal Sound|p2b: Lurantis\n|-boost|p2b: Lurantis|spd|2\n|move|p1b: Amoonguss|Giga Drain|p2a: Klefki\n|-resisted|p2a: Klefki\n|-damage|p2a: Klefki|38\/100\n|-heal|p1b: Amoonguss|36\/100|[from] drain|[of] p2a: Klefki\n|move|p2b: Lurantis|Giga Drain|p1a: Cresselia\n|-damage|p1a: Cresselia|0 fnt\n|faint|p1a: Cresselia\n|\n|upkeep\n|inactiveoff|Battle timer is now OFF.\n|\n|t:|1697815089\n|switch|p1a: Ting-Lu|Ting-Lu|100\/100\n|-ability|p1a: Ting-Lu|Vessel of Ruin\n|turn|6\n|\n|t:|1697815099\n|move|p2a: Klefki|Reflect|p2a: Klefki\n|-sidestart|p2: majner|Reflect\n|move|p1b: Amoonguss|Giga Drain|p2a: Klefki\n|-resisted|p2a: Klefki\n|-damage|p2a: Klefki|23\/100\n|-heal|p1b: Amoonguss|41\/100|[from] drain|[of] p2a: Klefki\n|move|p2b: Lurantis|Giga Drain|p1a: Ting-Lu\n|-supereffective|p1a: Ting-Lu\n|-damage|p1a: Ting-Lu|0 fnt\n|faint|p1a: Ting-Lu\n|\n|upkeep\n|\n|t:|1697815109\n|switch|p1a: Gardevoir|Gardevoir, M|100\/100\n|turn|7\n|\n|t:|1697815129\n|move|p2a: Klefki|Metal Sound|p2b: Lurantis\n|-boost|p2b: Lurantis|spd|2\n|move|p1b: Amoonguss|Giga Drain|p2a: Klefki\n|-resisted|p2a: Klefki\n|-damage|p2a: Klefki|2\/100\n|-heal|p1b: Amoonguss|49\/100|[from] drain|[of] p2a: Klefki\n|move|p2b: Lurantis|Pollen Puff|p1a: Gardevoir\n|-damage|p1a: Gardevoir|0 fnt\n|faint|p1a: Gardevoir\n|\n|upkeep\n|-message|fray698 forfeited.\n|\n|win|majner\n|raw|fray698's rating: 1051 &rarr; <strong>1034<\/strong><br \/>(-17 for losing)\n|raw|majner's rating: 1056 &rarr; <strong>1087<\/strong><br \/>(+31 for winning)\n|l|\u2606fray698\n","uploadtime":1697815145,"views":11,"p1id":"fray698","p2id":"majner","formatid":"gen9doublesou","rating":1034,"private":0,"password":""}