{"id":"gen9doublesou-1998850805","p1":"imakeker","p2":"Adfgdfb","format":"[Gen 9] Doubles OU","log":"|j|\u2606imakeker\n|j|\u2606Adfgdfb\n|t:|1701003040\n|gametype|doubles\n|player|p1|imakeker|102|1145\n|player|p2|Adfgdfb|266|1051\n|teamsize|p1|6\n|teamsize|p2|6\n|gen|9\n|tier|[Gen 9] Doubles OU\n|rated|\n|rule|Species Clause: Limit one of each Pok\u00e9mon\n|rule|OHKO Clause: OHKO moves are banned\n|rule|Evasion Moves Clause: Evasion moves are banned\n|rule|Gravity Sleep Clause: The combination of sleep-inducing moves with imperfect accuracy and Gravity or Gigantamax Orbeetle are banned\n|rule|Endless Battle Clause: Forcing endless battles is banned\n|rule|HP Percentage Mod: HP is shown in percentages\n|clearpoke\n|poke|p1|Sneasler, F|\n|poke|p1|Ursaluna-Bloodmoon, M|\n|poke|p1|Ogerpon-Hearthflame, F|\n|poke|p1|Snorlax, M|\n|poke|p1|Kommo-o, M|\n|poke|p1|Sinistcha|\n|poke|p2|Flutter Mane|\n|poke|p2|Chi-Yu|\n|poke|p2|Landorus, M|\n|poke|p2|Volbeat, M|\n|poke|p2|Rillaboom, M|\n|poke|p2|Iron Hands|\n|teampreview\n|inactive|Battle timer is ON: inactive players will automatically lose when time's up. (requested by Adfgdfb)\n|\n|t:|1701003054\n|start\n|switch|p1a: Kommo-o|Kommo-o, M|100\/100\n|switch|p1b: Sneasler|Sneasler, F|100\/100\n|switch|p2a: Volbeat|Volbeat, M|100\/100\n|switch|p2b: Rillaboom|Rillaboom, M|100\/100\n|-fieldstart|move: Grassy Terrain|[from] ability: Grassy Surge|[of] p2b: Rillaboom\n|turn|1\n|j| jake_7430\n|inactive|Adfgdfb has 120 seconds left.\n|\n|t:|1701003111\n|-terastallize|p1a: Kommo-o|Normal\n|move|p1a: Kommo-o|Protect|p1a: Kommo-o\n|-singleturn|p1a: Kommo-o|Protect\n|move|p2b: Rillaboom|Fake Out|p1b: Sneasler\n|-damage|p1b: Sneasler|77\/100\n|move|p2a: Volbeat|Tail Glow|p2a: Volbeat\n|-boost|p2a: Volbeat|spa|3\n|cant|p1b: Sneasler|flinch\n|\n|-heal|p1b: Sneasler|83\/100|[from] Grassy Terrain\n|upkeep\n|turn|2\n|\n|t:|1701003132\n|switch|p2b: Iron Hands|Iron Hands|100\/100\n|move|p2a: Volbeat|Substitute|p2a: Volbeat\n|-start|p2a: Volbeat|Substitute\n|-damage|p2a: Volbeat|76\/100\n|move|p1b: Sneasler|Close Combat|p2b: Iron Hands\n|-damage|p2b: Iron Hands|48\/100\n|-unboost|p1b: Sneasler|def|1\n|-unboost|p1b: Sneasler|spd|1\n|-enditem|p1b: Sneasler|White Herb\n|-clearnegativeboost|p1b: Sneasler|[silent]\n|move|p1a: Kommo-o|Clangorous Soul|p1a: Kommo-o\n|-boost|p1a: Kommo-o|atk|1\n|-boost|p1a: Kommo-o|def|1\n|-boost|p1a: Kommo-o|spa|1\n|-boost|p1a: Kommo-o|spd|1\n|-boost|p1a: Kommo-o|spe|1\n|-damage|p1a: Kommo-o|68\/100\n|-enditem|p1a: Kommo-o|Throat Spray\n|-boost|p1a: Kommo-o|spa|1|[from] item: Throat Spray\n|\n|-heal|p1b: Sneasler|89\/100|[from] Grassy Terrain\n|-heal|p1a: Kommo-o|74\/100|[from] Grassy Terrain\n|-heal|p2a: Volbeat|82\/100|[from] Grassy Terrain\n|-heal|p2b: Iron Hands|54\/100|[from] Grassy Terrain\n|upkeep\n|turn|3\n|inactive|Adfgdfb has 120 seconds left.\n|l| jake_7430\n|\n|t:|1701003162\n|switch|p1b: Sinistcha|Sinistcha|100\/100\n|-heal|p1a: Kommo-o|98\/100|[from] ability: Hospitality|[of] p1b: Sinistcha\n|move|p2b: Iron Hands|Fake Out|p1a: Kommo-o\n|-damage|p1a: Kommo-o|89\/100\n|move|p2a: Volbeat|Baton Pass|p2a: Volbeat\n|inactive|Adfgdfb has 90 seconds left.\n|\n|t:|1701003183\n|switch|p2a: Flutter Mane|Flutter Mane|100\/100|[from] Baton Pass\n|-enditem|p2a: Flutter Mane|Booster Energy\n|-activate|p2a: Flutter Mane|ability: Protosynthesis|[fromitem]\n|-start|p2a: Flutter Mane|protosynthesisspa\n|cant|p1a: Kommo-o|flinch\n|\n|-heal|p1a: Kommo-o|95\/100|[from] Grassy Terrain\n|-heal|p2b: Iron Hands|60\/100|[from] Grassy Terrain\n|upkeep\n|turn|4\n|inactive|Adfgdfb has 90 seconds left.\n|\n|t:|1701003219\n|move|p1a: Kommo-o|Protect|p1a: Kommo-o\n|-singleturn|p1a: Kommo-o|Protect\n|move|p2a: Flutter Mane|Moonblast|p1a: Kommo-o\n|-activate|p1a: Kommo-o|move: Protect\n|move|p2b: Iron Hands|Volt Switch|p1b: Sinistcha\n|-resisted|p1b: Sinistcha\n|-damage|p1b: Sinistcha|94\/100\n|\n|t:|1701003236\n|-end|p2b: Iron Hands|Quark Drive|[silent]\n|switch|p2b: Rillaboom|Rillaboom, M|100\/100|[from] Volt Switch\n|move|p1b: Sinistcha|Trick Room|p1b: Sinistcha\n|-fieldstart|move: Trick Room|[of] p1b: Sinistcha\n|\n|-heal|p1b: Sinistcha|100\/100|[from] Grassy Terrain\n|-heal|p1a: Kommo-o|100\/100|[from] Grassy Terrain\n|upkeep\n|turn|5\n|inactive|Adfgdfb has 90 seconds left.\n|\n|t:|1701003269\n|move|p2b: Rillaboom|Fake Out|p1a: Kommo-o\n|-damage|p1a: Kommo-o|92\/100\n|move|p1b: Sinistcha|Rage Powder|p1b: Sinistcha\n|-singleturn|p1b: Sinistcha|move: Rage Powder\n|cant|p1a: Kommo-o|flinch\n|move|p2a: Flutter Mane|Moonblast|p1b: Sinistcha\n|-damage|p1b: Sinistcha|0 fnt\n|faint|p1b: Sinistcha\n|\n|-heal|p1a: Kommo-o|98\/100|[from] Grassy Terrain\n|-fieldend|move: Grassy Terrain\n|upkeep\n|\n|t:|1701003280\n|switch|p1b: Snorlax|Snorlax, M|100\/100\n|turn|6\n|inactive|Adfgdfb has 90 seconds left.\n|\n|t:|1701003317\n|switch|p2b: Iron Hands|Iron Hands|60\/100\n|move|p2a: Flutter Mane|Protect|p2a: Flutter Mane\n|-singleturn|p2a: Flutter Mane|Protect\n|move|p1b: Snorlax|High Horsepower|p2a: Flutter Mane\n|-activate|p2a: Flutter Mane|move: Protect\n|move|p1a: Kommo-o|Clanging Scales|p2a: Flutter Mane|[spread] p2b\n|-activate|p2a: Flutter Mane|move: Protect\n|-damage|p2b: Iron Hands|25\/100\n|-unboost|p1a: Kommo-o|def|1\n|\n|upkeep\n|turn|7\n|inactive|imakeker has 120 seconds left.\n|inactive|Adfgdfb has 60 seconds left.\n|inactive|imakeker has 90 seconds left.\n|\n|t:|1701003381\n|move|p1a: Kommo-o|Protect|p1a: Kommo-o\n|-singleturn|p1a: Kommo-o|Protect\n|move|p2b: Iron Hands|Fake Out|p1b: Snorlax\n|-damage|p1b: Snorlax|91\/100\n|cant|p1b: Snorlax|flinch\n|move|p2a: Flutter Mane|Moonblast|p1b: Snorlax\n|-damage|p1b: Snorlax|0 fnt\n|faint|p1b: Snorlax\n|\n|upkeep\n|inactive|imakeker has 90 seconds left.\n|\n|t:|1701003393\n|switch|p1b: Ursaluna|Ursaluna-Bloodmoon, M|100\/100\n|turn|8\n|\n|t:|1701003410\n|-end|p2b: Iron Hands|Quark Drive|[silent]\n|switch|p2b: Rillaboom|Rillaboom, M|100\/100\n|-fieldstart|move: Grassy Terrain|[from] ability: Grassy Surge|[of] p2b: Rillaboom\n|move|p2a: Flutter Mane|Protect|p2a: Flutter Mane\n|-singleturn|p2a: Flutter Mane|Protect\n|move|p1b: Ursaluna|Blood Moon|p2a: Flutter Mane\n|-activate|p2a: Flutter Mane|move: Protect\n|move|p1a: Kommo-o|Clanging Scales|p2a: Flutter Mane|[spread] p2b\n|-activate|p2a: Flutter Mane|move: Protect\n|-damage|p2b: Rillaboom|57\/100\n|-unboost|p1a: Kommo-o|def|1\n|\n|-heal|p2b: Rillaboom|63\/100|[from] Grassy Terrain\n|-heal|p1a: Kommo-o|100\/100|[from] Grassy Terrain\n|-fieldend|move: Trick Room\n|upkeep\n|turn|9\n|-message|imakeker forfeited.\n|\n|win|Adfgdfb\n|raw|imakeker's rating: 1173 &rarr; <strong>1140<\/strong><br \/>(-33 for losing)\n|raw|Adfgdfb's rating: 1051 &rarr; <strong>1094<\/strong><br \/>(+43 for winning)\n|l|\u2606imakeker\n","uploadtime":1701003434,"views":7,"p1id":"imakeker","p2id":"adfgdfb","formatid":"gen9doublesou","rating":1094,"private":0,"password":""}