{"id":"gen9doublesou-1977199362","p1":"MoonLightk7","p2":"Thehombre","format":"[Gen 9] Doubles OU","log":"|j|\u2606MoonLightk7\n|j|\u2606Thehombre\n|t:|1698385211\n|gametype|doubles\n|player|p1|MoonLightk7|265|1029\n|player|p2|Thehombre|170|1045\n|teamsize|p1|6\n|teamsize|p2|6\n|gen|9\n|tier|[Gen 9] Doubles OU\n|rated|\n|rule|Species Clause: Limit one of each Pok\u00e9mon\n|rule|OHKO Clause: OHKO moves are banned\n|rule|Evasion Moves Clause: Evasion moves are banned\n|rule|Gravity Sleep Clause: The combination of sleep-inducing moves with imperfect accuracy and Gravity or Gigantamax Orbeetle are banned\n|rule|Endless Battle Clause: Forcing endless battles is banned\n|rule|HP Percentage Mod: HP is shown in percentages\n|clearpoke\n|poke|p1|Blissey, F|\n|poke|p1|Ninetales-Alola, M|\n|poke|p1|Palafin, F|\n|poke|p1|Sandslash-Alola, F|\n|poke|p1|Gliscor, F|\n|poke|p1|Abomasnow, M|\n|poke|p2|Maushold-Four|\n|poke|p2|Sableye, F|\n|poke|p2|Sinistcha-Masterpiece|\n|poke|p2|Garganacl, F|\n|poke|p2|Clefairy, F|\n|poke|p2|Dusclops, M|\n|teampreview\n|inactive|Battle timer is ON: inactive players will automatically lose when time's up. (requested by Thehombre)\n|\n|t:|1698385229\n|start\n|switch|p1a: Ninetales|Ninetales-Alola, M, shiny|100\/100\n|switch|p1b: Palafin|Palafin, F, shiny|100\/100\n|switch|p2a: Sableye|Sableye, F|100\/100\n|switch|p2b: Maushold|Maushold-Four|100\/100\n|-weather|Snow|[from] ability: Snow Warning|[of] p1a: Ninetales\n|turn|1\n|inactive|MoonLightk7 has 120 seconds left.\n|inactive|MoonLightk7 has 90 seconds left.\n|\n|t:|1698385314\n|move|p2b: Maushold|Protect|p2b: Maushold\n|-singleturn|p2b: Maushold|Protect\n|move|p2a: Sableye|Will-O-Wisp|p1b: Palafin|[miss]\n|-miss|p2a: Sableye|p1b: Palafin\n|move|p1a: Ninetales|Aurora Veil|p1a: Ninetales\n|-sidestart|p1: MoonLightk7|move: Aurora Veil\n|move|p1b: Palafin|Flip Turn|p2a: Sableye\n|-damage|p2a: Sableye|57\/100\n|\n|t:|1698385319\n|detailschange|p1b: Palafin|Palafin-Hero, F, shiny\n|switch|p1b: Sandslash|Sandslash-Alola, F, shiny|100\/100|[from] Flip Turn\n|\n|-weather|Snow|[upkeep]\n|-heal|p2a: Sableye|63\/100|[from] item: Leftovers\n|upkeep\n|turn|2\n|inactive|MoonLightk7 has 90 seconds left.\n|inactive|MoonLightk7 has 60 seconds left.\n|\n|t:|1698385355\n|move|p2a: Sableye|Will-O-Wisp|p1b: Sandslash\n|-status|p1b: Sandslash|brn\n|move|p2b: Maushold|Tidy Up|p2b: Maushold\n|-boost|p2b: Maushold|atk|1\n|-boost|p2b: Maushold|spe|1\n|move|p1a: Ninetales|Icy Wind|p2a: Sableye|[spread] p2a,p2b\n|-crit|p2a: Sableye\n|-damage|p2a: Sableye|39\/100\n|-damage|p2b: Maushold|79\/100\n|-unboost|p2a: Sableye|spe|1\n|-unboost|p2b: Maushold|spe|1\n|move|p1b: Sandslash|Ice Punch|p2b: Maushold\n|-damage|p2b: Maushold|44\/100\n|-status|p2b: Maushold|frz\n|-damage|p1b: Sandslash|91\/100 brn|[from] item: Life Orb\n|\n|-weather|Snow|[upkeep]\n|-heal|p2a: Sableye|45\/100|[from] item: Leftovers\n|-damage|p1b: Sandslash|84\/100 brn|[from] brn\n|upkeep\n|turn|3\n|\n|t:|1698385384\n|cant|p2b: Maushold|frz\n|move|p1a: Ninetales|Icy Wind|p2a: Sableye|[spread] p2a,p2b\n|-damage|p2a: Sableye|27\/100\n|-damage|p2b: Maushold|20\/100 frz\n|-unboost|p2a: Sableye|spe|1\n|-unboost|p2b: Maushold|spe|1\n|move|p1b: Sandslash|Ice Spinner|p2b: Maushold\n|-damage|p2b: Maushold|0 fnt\n|faint|p2b: Maushold\n|-damage|p1b: Sandslash|75\/100 brn|[from] item: Life Orb\n|move|p2a: Sableye|Foul Play|p1b: Sandslash\n|-damage|p1b: Sandslash|57\/100 brn\n|\n|-weather|Snow|[upkeep]\n|-heal|p2a: Sableye|33\/100|[from] item: Leftovers\n|-damage|p1b: Sandslash|51\/100 brn|[from] brn\n|upkeep\n|inactive|Thehombre has 120 seconds left.\n|\n|t:|1698385396\n|switch|p2b: Dusclops|Dusclops, M|100\/100\n|-ability|p2b: Dusclops|Pressure\n|turn|4\n|inactive|MoonLightk7 has 90 seconds left.\n|\n|t:|1698385413\n|switch|p2a: Garganacl|Garganacl, F|100\/100\n|move|p1a: Ninetales|Icy Wind|p2a: Garganacl|[spread] p2a,p2b\n|-damage|p2a: Garganacl|86\/100\n|-damage|p2b: Dusclops|93\/100\n|-unboost|p2a: Garganacl|spe|1\n|-unboost|p2b: Dusclops|spe|1\n|move|p1b: Sandslash|Ice Spinner|p2a: Garganacl\n|-damage|p2a: Garganacl|75\/100\n|-damage|p1b: Sandslash|41\/100 brn|[from] item: Life Orb\n|move|p2b: Dusclops|Pain Split|p1a: Ninetales\n|-sethp|p1a: Ninetales|96\/100|[from] move: Pain Split|[silent]\n|-sethp|p2b: Dusclops|97\/100|[from] move: Pain Split\n|\n|-weather|Snow|[upkeep]\n|-heal|p2a: Garganacl|81\/100|[from] item: Leftovers\n|-damage|p1b: Sandslash|35\/100 brn|[from] brn\n|upkeep\n|turn|5\n|inactive|MoonLightk7 has 90 seconds left.\n|\n|t:|1698385436\n|switch|p1a: Blissey|Blissey, F, shiny|100\/100\n|move|p1b: Sandslash|Protect|p1b: Sandslash\n|-singleturn|p1b: Sandslash|Protect\n|move|p2a: Garganacl|Salt Cure|p1a: Blissey\n|-damage|p1a: Blissey|93\/100\n|-start|p1a: Blissey|Salt Cure\n|move|p2b: Dusclops|Will-O-Wisp|p1a: Blissey\n|-status|p1a: Blissey|brn\n|\n|-weather|none\n|-heal|p1a: Blissey|99\/100 brn|[from] item: Leftovers\n|-heal|p2a: Garganacl|87\/100|[from] item: Leftovers\n|-damage|p1b: Sandslash|28\/100 brn|[from] brn\n|-damage|p1a: Blissey|93\/100 brn|[from] brn\n|-damage|p1a: Blissey|80\/100 brn|[from] Salt Cure\n|upkeep\n|turn|6\n|\n|t:|1698385456\n|move|p1b: Sandslash|Night Slash|p2b: Dusclops\n|-supereffective|p2b: Dusclops\n|-damage|p2b: Dusclops|77\/100\n|-damage|p1b: Sandslash|19\/100 brn|[from] item: Life Orb\n|move|p1a: Blissey|Heal Pulse|p1b: Sandslash\n|-heal|p1b: Sandslash|69\/100 brn\n|move|p2a: Garganacl|Body Press|p1a: Blissey\n|-supereffective|p1a: Blissey\n|-damage|p1a: Blissey|48\/100 brn\n|move|p2b: Dusclops|Pain Split|p1a: Blissey\n|-sethp|p1a: Blissey|39\/100 brn|[from] move: Pain Split|[silent]\n|-sethp|p2b: Dusclops|98\/100|[from] move: Pain Split\n|\n|-heal|p1a: Blissey|45\/100 brn|[from] item: Leftovers\n|-heal|p2a: Garganacl|93\/100|[from] item: Leftovers\n|-damage|p1b: Sandslash|62\/100 brn|[from] brn\n|-damage|p1a: Blissey|39\/100 brn|[from] brn\n|-damage|p1a: Blissey|27\/100 brn|[from] Salt Cure\n|upkeep\n|turn|7\n|\n|t:|1698385479\n|-curestatus|p1a: Blissey|brn|[from] ability: Natural Cure\n|switch|p1a: Ninetales|Ninetales-Alola, M, shiny|96\/100\n|-weather|Snow|[from] ability: Snow Warning|[of] p1a: Ninetales\n|move|p1b: Sandslash|Protect|p1b: Sandslash\n|-singleturn|p1b: Sandslash|Protect\n|move|p2a: Garganacl|Body Press|p1a: Ninetales\n|-damage|p1a: Ninetales|74\/100\n|move|p2b: Dusclops|Gravity|p2b: Dusclops\n|-fieldstart|move: Gravity\n|\n|-weather|Snow|[upkeep]\n|-heal|p2a: Garganacl|99\/100|[from] item: Leftovers\n|-damage|p1b: Sandslash|56\/100 brn|[from] brn\n|upkeep\n|turn|8\n|inactive|MoonLightk7 has 120 seconds left.\n|\n|t:|1698385500\n|move|p1a: Ninetales|Icy Wind|p2a: Garganacl|[spread] p2a,p2b\n|-damage|p2a: Garganacl|85\/100\n|-damage|p2b: Dusclops|90\/100\n|-unboost|p2a: Garganacl|spe|1\n|-unboost|p2b: Dusclops|spe|1\n|move|p1b: Sandslash|Ice Punch|p2a: Garganacl\n|-damage|p2a: Garganacl|74\/100\n|-damage|p1b: Sandslash|46\/100 brn|[from] item: Life Orb\n|move|p2a: Garganacl|Salt Cure|p1a: Ninetales\n|-supereffective|p1a: Ninetales\n|-damage|p1a: Ninetales|55\/100\n|-start|p1a: Ninetales|Salt Cure\n|move|p2b: Dusclops|Will-O-Wisp|p1a: Ninetales\n|-status|p1a: Ninetales|brn\n|\n|-weather|Snow|[upkeep]\n|-heal|p2a: Garganacl|80\/100|[from] item: Leftovers\n|-damage|p1a: Ninetales|49\/100 brn|[from] brn\n|-damage|p1b: Sandslash|40\/100 brn|[from] brn\n|-damage|p1a: Ninetales|36\/100 brn|[from] Salt Cure\n|-sideend|p1: MoonLightk7|move: Aurora Veil\n|upkeep\n|turn|9\n|inactive|MoonLightk7 has 120 seconds left.\n|\n|t:|1698385525\n|switch|p1a: Blissey|Blissey, F, shiny|27\/100\n|move|p2a: Garganacl|Protect|p2a: Garganacl\n|-singleturn|p2a: Garganacl|Protect\n|move|p1b: Sandslash|Night Slash|p2b: Dusclops\n|-supereffective|p2b: Dusclops\n|-damage|p2b: Dusclops|72\/100\n|-damage|p1b: Sandslash|30\/100 brn|[from] item: Life Orb\n|move|p2b: Dusclops|Poltergeist|p1a: Blissey\n|-immune|p1a: Blissey\n|\n|-weather|Snow|[upkeep]\n|-heal|p1a: Blissey|33\/100|[from] item: Leftovers\n|-heal|p2a: Garganacl|86\/100|[from] item: Leftovers\n|-damage|p1b: Sandslash|24\/100 brn|[from] brn\n|upkeep\n|turn|10\n|inactive|MoonLightk7 has 120 seconds left.\n|\n|t:|1698385546\n|move|p1b: Sandslash|Protect|p1b: Sandslash\n|-singleturn|p1b: Sandslash|Protect\n|move|p1a: Blissey|Heal Pulse|p1b: Sandslash\n|-activate|p1b: Sandslash|move: Protect\n|move|p2a: Garganacl|Body Press|p1a: Blissey\n|-supereffective|p1a: Blissey\n|-damage|p1a: Blissey|0 fnt\n|faint|p1a: Blissey\n|move|p2b: Dusclops|Pain Split|p1b: Sandslash\n|-activate|p1b: Sandslash|move: Protect\n|\n|-weather|Snow|[upkeep]\n|-heal|p2a: Garganacl|93\/100|[from] item: Leftovers\n|-damage|p1b: Sandslash|18\/100 brn|[from] brn\n|upkeep\n|inactive|MoonLightk7 has 120 seconds left.\n|\n|t:|1698385562\n|switch|p1a: Gliscor|Gliscor, F|100\/100\n|turn|11\n|inactive|MoonLightk7 has 120 seconds left.\n|\n|t:|1698385584\n|move|p1b: Sandslash|Ice Spinner|p2a: Garganacl\n|-damage|p2a: Garganacl|80\/100\n|-damage|p1b: Sandslash|8\/100 brn|[from] item: Life Orb\n|move|p1a: Gliscor|Tailwind|p1a: Gliscor\n|-sidestart|p1: MoonLightk7|move: Tailwind\n|move|p2a: Garganacl|Salt Cure|p1a: Gliscor\n|-damage|p1a: Gliscor|92\/100\n|-start|p1a: Gliscor|Salt Cure\n|move|p2b: Dusclops|Will-O-Wisp|p1a: Gliscor\n|-status|p1a: Gliscor|brn\n|\n|-weather|none\n|-heal|p2a: Garganacl|86\/100|[from] item: Leftovers\n|-damage|p1b: Sandslash|2\/100 brn|[from] brn\n|-damage|p1a: Gliscor|86\/100 brn|[from] brn\n|-damage|p1a: Gliscor|73\/100 brn|[from] Salt Cure\n|-fieldend|move: Gravity\n|upkeep\n|turn|12\n|inactive|MoonLightk7 has 120 seconds left.\n|\n|t:|1698385607\n|move|p1a: Gliscor|Toxic Spikes|p2a: Garganacl\n|-sidestart|p2: Thehombre|move: Toxic Spikes\n|move|p1b: Sandslash|Ice Spinner|p2b: Dusclops\n|-damage|p2b: Dusclops|56\/100\n|-damage|p1b: Sandslash|0 fnt|[from] item: Life Orb\n|faint|p1b: Sandslash\n|move|p2a: Garganacl|Salt Cure|p1a: Gliscor\n|-damage|p1a: Gliscor|65\/100 brn\n|move|p2b: Dusclops|Poltergeist|p1a: Gliscor\n|-activate|p1a: Gliscor|move: Poltergeist|Toxic Orb\n|-damage|p1a: Gliscor|46\/100 brn\n|\n|-heal|p2a: Garganacl|92\/100|[from] item: Leftovers\n|-damage|p1a: Gliscor|40\/100 brn|[from] brn\n|-damage|p1a: Gliscor|27\/100 brn|[from] Salt Cure\n|upkeep\n|inactive|MoonLightk7 has 120 seconds left.\n|\n|t:|1698385624\n|switch|p1b: Abomasnow|Abomasnow, M|100\/100\n|-weather|Snow|[from] ability: Snow Warning|[of] p1b: Abomasnow\n|turn|13\n|inactive|MoonLightk7 has 120 seconds left.\n|\n|t:|1698385643\n|move|p1a: Gliscor|Earthquake|p2b: Dusclops|[spread] p1b,p2a,p2b\n|-resisted|p1b: Abomasnow\n|-supereffective|p2a: Garganacl\n|-damage|p1b: Abomasnow|96\/100\n|-damage|p2a: Garganacl|81\/100\n|-damage|p2b: Dusclops|48\/100\n|move|p1b: Abomasnow|Blizzard|p2a: Garganacl|[spread] p2a,p2b\n|-crit|p2a: Garganacl\n|-damage|p2a: Garganacl|42\/100\n|-damage|p2b: Dusclops|34\/100\n|move|p2a: Garganacl|Salt Cure|p1b: Abomasnow\n|-supereffective|p1b: Abomasnow\n|-damage|p1b: Abomasnow|74\/100\n|-start|p1b: Abomasnow|Salt Cure\n|move|p2b: Dusclops|Pain Split|p1b: Abomasnow\n|-sethp|p1b: Abomasnow|49\/100|[from] move: Pain Split|[silent]\n|-sethp|p2b: Dusclops|67\/100|[from] move: Pain Split\n|\n|-weather|Snow|[upkeep]\n|-heal|p1b: Abomasnow|56\/100|[from] item: Leftovers\n|-heal|p2a: Garganacl|49\/100|[from] item: Leftovers\n|-damage|p1a: Gliscor|21\/100 brn|[from] brn\n|-damage|p1a: Gliscor|9\/100 brn|[from] Salt Cure\n|-damage|p1b: Abomasnow|43\/100|[from] Salt Cure\n|upkeep\n|turn|14\n|\n|t:|1698385667\n|move|p2a: Garganacl|Protect|p2a: Garganacl\n|-singleturn|p2a: Garganacl|Protect\n|move|p1a: Gliscor|Earthquake|p2a: Garganacl|[spread] p1b,p2b\n|-activate|p2a: Garganacl|move: Protect\n|-resisted|p1b: Abomasnow\n|-damage|p1b: Abomasnow|39\/100\n|-damage|p2b: Dusclops|59\/100\n|move|p1b: Abomasnow|Blizzard|p2a: Garganacl|[spread] p2b\n|-activate|p2a: Garganacl|move: Protect\n|-damage|p2b: Dusclops|47\/100\n|move|p2b: Dusclops|Poltergeist|p1b: Abomasnow\n|-activate|p1b: Abomasnow|move: Poltergeist|Leftovers\n|-damage|p1b: Abomasnow|17\/100\n|\n|-weather|Snow|[upkeep]\n|-heal|p1b: Abomasnow|23\/100|[from] item: Leftovers\n|-heal|p2a: Garganacl|55\/100|[from] item: Leftovers\n|-damage|p1a: Gliscor|2\/100 brn|[from] brn\n|-damage|p1a: Gliscor|0 fnt|[from] Salt Cure\n|faint|p1a: Gliscor\n|-damage|p1b: Abomasnow|10\/100|[from] Salt Cure\n|-sideend|p1: MoonLightk7|move: Tailwind\n|upkeep\n|inactive|MoonLightk7 has 120 seconds left.\n|\n|t:|1698385691\n|switch|p1a: Ninetales|Ninetales-Alola, M, shiny|36\/100 brn\n|turn|15\n|\n|t:|1698385702\n|move|p1a: Ninetales|Aurora Veil|p1a: Ninetales\n|-sidestart|p1: MoonLightk7|move: Aurora Veil\n|move|p1b: Abomasnow|Blizzard|p2b: Dusclops|[spread] p2a,p2b\n|-damage|p2a: Garganacl|28\/100\n|-damage|p2b: Dusclops|34\/100\n|move|p2a: Garganacl|Salt Cure|p1a: Ninetales\n|-supereffective|p1a: Ninetales\n|-damage|p1a: Ninetales|18\/100 brn\n|-start|p1a: Ninetales|Salt Cure\n|move|p2b: Dusclops|Gravity|p2b: Dusclops\n|-fieldstart|move: Gravity\n|\n|-weather|Snow|[upkeep]\n|-heal|p1b: Abomasnow|17\/100|[from] item: Leftovers\n|-heal|p2a: Garganacl|35\/100|[from] item: Leftovers\n|-damage|p1a: Ninetales|12\/100 brn|[from] brn\n|-damage|p1a: Ninetales|0 fnt|[from] Salt Cure\n|faint|p1a: Ninetales\n|-damage|p1b: Abomasnow|4\/100|[from] Salt Cure\n|upkeep\n|-message|MoonLightk7 forfeited.\n|\n|win|Thehombre\n|raw|MoonLightk7's rating: 1016 &rarr; <strong>1005<\/strong><br \/>(-11 for losing)\n|raw|Thehombre's rating: 1045 &rarr; <strong>1075<\/strong><br \/>(+30 for winning)\n|l|\u2606MoonLightk7\n","uploadtime":1698385723,"views":25,"p1id":"moonlightk7","p2id":"thehombre","formatid":"gen9doublesou","rating":1005,"private":0,"password":""}