{"id":"gen9doublesou-1991545164","p1":"Ravvenn98","p2":"bobsmith7077","format":"[Gen 9] Doubles OU","log":"|j|\u2606Ravvenn98\n|j|\u2606bobsmith7077\n|t:|1700086909\n|gametype|doubles\n|player|p1|Ravvenn98|clair|1202\n|player|p2|bobsmith7077|1|1140\n|teamsize|p1|6\n|teamsize|p2|6\n|gen|9\n|tier|[Gen 9] Doubles OU\n|rated|\n|rule|Species Clause: Limit one of each Pok\u00e9mon\n|rule|OHKO Clause: OHKO moves are banned\n|rule|Evasion Moves Clause: Evasion moves are banned\n|rule|Gravity Sleep Clause: The combination of sleep-inducing moves with imperfect accuracy and Gravity or Gigantamax Orbeetle are banned\n|rule|Endless Battle Clause: Forcing endless battles is banned\n|rule|HP Percentage Mod: HP is shown in percentages\n|clearpoke\n|poke|p1|Houndstone, M|\n|poke|p1|Tyranitar, M|\n|poke|p1|Gholdengo|\n|poke|p1|Roaring Moon|\n|poke|p1|Tornadus, M|\n|poke|p1|Palafin, M|\n|poke|p2|Salamence, M|\n|poke|p2|Gyarados, M|\n|poke|p2|Typhlosion, F|\n|poke|p2|Torkoal, F|\n|poke|p2|Gengar, M|\n|poke|p2|Weavile, M|\n|teampreview\n|inactive|Battle timer is ON: inactive players will automatically lose when time's up. (requested by bobsmith7077)\n|\n|t:|1700086926\n|start\n|switch|p1a: Tornadus|Tornadus, M, shiny|100\/100\n|switch|p1b: Palafin|Palafin, M, shiny|100\/100\n|switch|p2a: Salamence|Salamence, M|100\/100\n|switch|p2b: Gyarados|Gyarados, M|100\/100\n|turn|1\n|\n|t:|1700086955\n|move|p1a: Tornadus|Tailwind|p1a: Tornadus\n|-sidestart|p1: Ravvenn98|move: Tailwind\n|move|p1b: Palafin|Flip Turn|p2a: Salamence\n|-resisted|p2a: Salamence\n|-damage|p2a: Salamence|88\/100\n|\n|t:|1700086960\n|detailschange|p1b: Palafin|Palafin-Hero, M, shiny\n|switch|p1b: Roaring Moon|Roaring Moon|100\/100|[from] Flip Turn\n|-enditem|p1b: Roaring Moon|Booster Energy\n|-activate|p1b: Roaring Moon|ability: Protosynthesis|[fromitem]\n|-start|p1b: Roaring Moon|protosynthesisatk\n|move|p2a: Salamence|Dragon Claw|p1a: Tornadus\n|-damage|p1a: Tornadus|5\/100\n|move|p2b: Gyarados|Waterfall|p1a: Tornadus\n|-damage|p1a: Tornadus|0 fnt\n|faint|p1a: Tornadus\n|-ability|p2b: Gyarados|Moxie|boost\n|-boost|p2b: Gyarados|atk|1\n|\n|upkeep\n|\n|t:|1700086970\n|switch|p1a: Palafin|Palafin-Hero, M, shiny|100\/100\n|-activate|p1a: Palafin|ability: Zero to Hero\n|turn|2\n|inactive|bobsmith7077 has 120 seconds left.\n|\n|t:|1700087001\n|switch|p2a: Torkoal|Torkoal, F|100\/100\n|-weather|SunnyDay|[from] ability: Drought|[of] p2a: Torkoal\n|-terastallize|p1b: Roaring Moon|Flying\n|-terastallize|p2b: Gyarados|Water\n|move|p1b: Roaring Moon|Acrobatics|p2b: Gyarados\n|-damage|p2b: Gyarados|0 fnt\n|faint|p2b: Gyarados\n|move|p1a: Palafin|Ice Punch|p2a: Torkoal\n|-resisted|p2a: Torkoal\n|-damage|p2a: Torkoal|92\/100\n|\n|-weather|SunnyDay|[upkeep]\n|-heal|p2a: Torkoal|98\/100|[from] item: Leftovers\n|upkeep\n|inactive|bobsmith7077 has 120 seconds left.\n|\n|t:|1700087028\n|switch|p2b: Typhlosion|Typhlosion, F|100\/100\n|turn|3\n|\n|t:|1700087034\n|move|p2a: Torkoal|Helping Hand|p2b: Typhlosion\n|-singleturn|p2b: Typhlosion|Helping Hand|[of] p2a: Torkoal\n|move|p1a: Palafin|Jet Punch|p2a: Torkoal\n|-supereffective|p2a: Torkoal\n|-damage|p2a: Torkoal|77\/100\n|move|p1b: Roaring Moon|Acrobatics|p2b: Typhlosion\n|-damage|p2b: Typhlosion|0 fnt\n|faint|p2b: Typhlosion\n|\n|-weather|SunnyDay|[upkeep]\n|-heal|p2a: Torkoal|83\/100|[from] item: Leftovers\n|upkeep\n|inactive|bobsmith7077 has 120 seconds left.\n|\n|t:|1700087055\n|switch|p2b: Gengar|Gengar, M|100\/100\n|turn|4\n|\n|t:|1700087066\n|move|p1a: Palafin|Jet Punch|p2a: Torkoal\n|-supereffective|p2a: Torkoal\n|-damage|p2a: Torkoal|64\/100\n|move|p1b: Roaring Moon|Acrobatics|p2b: Gengar\n|-enditem|p2b: Gengar|Focus Sash\n|-damage|p2b: Gengar|1\/100\n|move|p2a: Torkoal|Stealth Rock|p1b: Roaring Moon\n|-sidestart|p1: Ravvenn98|move: Stealth Rock\n|move|p2b: Gengar|Trick Room|p2b: Gengar\n|-fieldstart|move: Trick Room|[of] p2b: Gengar\n|\n|-weather|SunnyDay|[upkeep]\n|-heal|p2a: Torkoal|70\/100|[from] item: Leftovers\n|-sideend|p1: Ravvenn98|move: Tailwind\n|upkeep\n|turn|5\n|inactive|bobsmith7077 has 120 seconds left.\n|\n|t:|1700087106\n|switch|p2b: Salamence|Salamence, M|88\/100\n|move|p1a: Palafin|Jet Punch|p2b: Salamence\n|-resisted|p2b: Salamence\n|-damage|p2b: Salamence|77\/100\n|move|p2a: Torkoal|Clear Smog|p1b: Roaring Moon\n|-damage|p1b: Roaring Moon|91\/100\n|-clearboost|p1b: Roaring Moon\n|move|p1b: Roaring Moon|Acrobatics|p2a: Torkoal\n|-damage|p2a: Torkoal|23\/100\n|\n|-weather|SunnyDay|[upkeep]\n|-heal|p2a: Torkoal|30\/100|[from] item: Leftovers\n|upkeep\n|turn|6\n|\n|t:|1700087124\n|move|p2a: Torkoal|Helping Hand|p2b: Salamence\n|-singleturn|p2b: Salamence|Helping Hand|[of] p2a: Torkoal\n|move|p2b: Salamence|Dragon Claw|p1b: Roaring Moon\n|-damage|p1b: Roaring Moon|0 fnt\n|faint|p1b: Roaring Moon\n|-end|p1b: Roaring Moon|Protosynthesis|[silent]\n|-ability|p2b: Salamence|Moxie|boost\n|-boost|p2b: Salamence|atk|1\n|move|p1a: Palafin|Ice Punch|p2b: Salamence\n|-supereffective|p2b: Salamence\n|-damage|p2b: Salamence|0 fnt\n|faint|p2b: Salamence\n|\n|-weather|none\n|-heal|p2a: Torkoal|36\/100|[from] item: Leftovers\n|upkeep\n|\n|t:|1700087147\n|switch|p2b: Weavile|Weavile, M|100\/100\n|switch|p1b: Gholdengo|Gholdengo|100\/100\n|-damage|p1b: Gholdengo|94\/100|[from] Stealth Rock\n|-ability|p2b: Weavile|Pressure\n|turn|7\n|\n|t:|1700087157\n|move|p2a: Torkoal|Helping Hand|p2b: Weavile\n|-singleturn|p2b: Weavile|Helping Hand|[of] p2a: Torkoal\n|move|p1a: Palafin|Jet Punch|p2a: Torkoal\n|-supereffective|p2a: Torkoal\n|-damage|p2a: Torkoal|0 fnt\n|faint|p2a: Torkoal\n|move|p1b: Gholdengo|Flash Cannon|p2b: Weavile\n|-supereffective|p2b: Weavile\n|-enditem|p2b: Weavile|Focus Sash\n|-damage|p2b: Weavile|1\/100\n|move|p2b: Weavile|Night Slash|p1b: Gholdengo\n|-supereffective|p1b: Gholdengo\n|-damage|p1b: Gholdengo|0 fnt\n|faint|p1b: Gholdengo\n|\n|upkeep\n|\n|t:|1700087170\n|switch|p2a: Gengar|Gengar, M|1\/100\n|switch|p1b: Tyranitar|Tyranitar, M, shiny|100\/100\n|-damage|p1b: Tyranitar|88\/100|[from] Stealth Rock\n|-weather|Sandstorm|[from] ability: Sand Stream|[of] p1b: Tyranitar\n|turn|8\n|\n|t:|1700087185\n|switch|p1a: Houndstone|Houndstone, M|100\/100\n|-damage|p1a: Houndstone|88\/100|[from] Stealth Rock\n|move|p1b: Tyranitar|Dragon Dance|p1b: Tyranitar\n|-boost|p1b: Tyranitar|atk|1\n|-boost|p1b: Tyranitar|spe|1\n|move|p2a: Gengar|Dazzling Gleam|p1b: Tyranitar|[spread] p1a,p1b\n|-supereffective|p1b: Tyranitar\n|-damage|p1a: Houndstone|64\/100\n|-damage|p1b: Tyranitar|62\/100\n|move|p2b: Weavile|X-Scissor|p1b: Tyranitar\n|-supereffective|p1b: Tyranitar\n|-damage|p1b: Tyranitar|16\/100\n|\n|-weather|Sandstorm|[upkeep]\n|-damage|p2a: Gengar|0 fnt|[from] Sandstorm\n|-damage|p2b: Weavile|0 fnt|[from] Sandstorm\n|faint|p2a: Gengar\n|faint|p2b: Weavile\n|\n|win|Ravvenn98\n|upkeep\n|raw|Ravvenn98's rating: 1202 &rarr; <strong>1223<\/strong><br \/>(+21 for winning)\n|raw|bobsmith7077's rating: 1140 &rarr; <strong>1119<\/strong><br \/>(-21 for losing)\n|l|\u2606bobsmith7077\n","uploadtime":1700087219,"views":11,"p1id":"ravvenn98","p2id":"bobsmith7077","formatid":"gen9doublesou","rating":1119,"private":0,"password":""}