{"id":"gen9doublesou-1974835114","p1":"Donaldius","p2":"agvgsvsgvsg","format":"[Gen 9] Doubles OU","log":"|j|\u2606Donaldius\n|j|\u2606agvgsvsgvsg\n|t:|1698132264\n|gametype|doubles\n|player|p1|Donaldius|veteran|1152\n|player|p2|agvgsvsgvsg|101|1047\n|teamsize|p1|6\n|teamsize|p2|6\n|gen|9\n|tier|[Gen 9] Doubles OU\n|rated|\n|rule|Species Clause: Limit one of each Pok\u00e9mon\n|rule|OHKO Clause: OHKO moves are banned\n|rule|Evasion Moves Clause: Evasion moves are banned\n|rule|Gravity Sleep Clause: The combination of sleep-inducing moves with imperfect accuracy and Gravity or Gigantamax Orbeetle are banned\n|rule|Endless Battle Clause: Forcing endless battles is banned\n|rule|HP Percentage Mod: HP is shown in percentages\n|clearpoke\n|poke|p1|Dachsbun, M|\n|poke|p1|Torkoal, F|\n|poke|p1|Iron Hands|\n|poke|p1|Appletun, M|\n|poke|p1|Garganacl, M|\n|poke|p1|Swalot, M|\n|poke|p2|Ogerpon-Hearthflame, F|\n|poke|p2|Torkoal, F|\n|poke|p2|Talonflame, M|\n|poke|p2|Flutter Mane|\n|poke|p2|Ursaluna-Bloodmoon, M|\n|poke|p2|Walking Wake|\n|teampreview\n|\n|t:|1698132270\n|start\n|switch|p1a: Bread\ud83d\udc4d|Dachsbun, M|100\/100\n|switch|p1b: Oven|Torkoal, F|100\/100\n|switch|p2a: Torkoal|Torkoal, F|100\/100\n|switch|p2b: Ogerpon|Ogerpon-Hearthflame, F|100\/100\n|-ability|p2b: Ogerpon|Mold Breaker\n|-weather|SunnyDay|[from] ability: Drought|[of] p1b: Oven\n|turn|1\n|\n|t:|1698132290\n|move|p2b: Ogerpon|Protect|p2b: Ogerpon\n|-singleturn|p2b: Ogerpon|Protect\n|move|p1a: Bread\ud83d\udc4d|Body Press|p2b: Ogerpon\n|-activate|p2b: Ogerpon|move: Protect\n|move|p1b: Oven|Lava Plume|p2b: Ogerpon|[spread] p2a\n|-activate|p2b: Ogerpon|move: Protect\n|-ability|p1a: Bread\ud83d\udc4d|Well-Baked Body|boost\n|-boost|p1a: Bread\ud83d\udc4d|def|2\n|-resisted|p2a: Torkoal\n|-damage|p2a: Torkoal|75\/100\n|move|p2a: Torkoal|Overheat|p1b: Oven\n|-resisted|p1b: Oven\n|-damage|p1b: Oven|62\/100\n|-unboost|p2a: Torkoal|spa|2\n|-enditem|p2a: Torkoal|Eject Pack\n|\n|t:|1698132305\n|switch|p2a: Talonflame|Talonflame, M|100\/100\n|\n|-weather|SunnyDay|[upkeep]\n|upkeep\n|turn|2\n|\n|t:|1698132319\n|switch|p2b: Walking Wake|Walking Wake|100\/100\n|-activate|p2b: Walking Wake|ability: Protosynthesis\n|-start|p2b: Walking Wake|protosynthesisspa\n|move|p2a: Talonflame|Tailwind|p2a: Talonflame\n|-sidestart|p2: agvgsvsgvsg|move: Tailwind\n|move|p1a: Bread\ud83d\udc4d|Body Press|p2a: Talonflame\n|-resisted|p2a: Talonflame\n|-damage|p2a: Talonflame|59\/100\n|move|p1b: Oven|Lava Plume|p2a: Talonflame|[spread] p2a,p2b\n|-ability|p1a: Bread\ud83d\udc4d|Well-Baked Body|boost\n|-boost|p1a: Bread\ud83d\udc4d|def|2\n|-resisted|p2a: Talonflame\n|-resisted|p2b: Walking Wake\n|-damage|p2a: Talonflame|31\/100\n|-damage|p2b: Walking Wake|90\/100\n|-status|p2b: Walking Wake|brn\n|\n|-weather|SunnyDay|[upkeep]\n|-damage|p2b: Walking Wake|84\/100 brn|[from] brn\n|upkeep\n|turn|3\n|\n|t:|1698132345\n|move|p2a: Talonflame|Brave Bird|p1a: Bread\ud83d\udc4d\n|-damage|p1a: Bread\ud83d\udc4d|89\/100\n|-damage|p2a: Talonflame|14\/100|[from] item: Rocky Helmet|[of] p1a: Bread\ud83d\udc4d\n|-damage|p2a: Talonflame|11\/100|[from] Recoil\n|move|p2b: Walking Wake|Hydro Steam|p1b: Oven\n|-supereffective|p1b: Oven\n|-damage|p1b: Oven|0 fnt\n|faint|p1b: Oven\n|move|p1a: Bread\ud83d\udc4d|Body Press|p2a: Talonflame\n|-resisted|p2a: Talonflame\n|-damage|p2a: Talonflame|0 fnt\n|faint|p2a: Talonflame\n|\n|-weather|SunnyDay|[upkeep]\n|-damage|p2b: Walking Wake|78\/100 brn|[from] brn\n|upkeep\n|\n|t:|1698132360\n|switch|p2a: Ursaluna|Ursaluna-Bloodmoon, M|100\/100\n|switch|p1b: Pie <3|Appletun, M|100\/100\n|turn|4\n|\n|t:|1698132376\n|move|p2b: Walking Wake|Hydro Steam|p1a: Bread\ud83d\udc4d\n|-damage|p1a: Bread\ud83d\udc4d|0 fnt\n|faint|p1a: Bread\ud83d\udc4d\n|move|p2a: Ursaluna|Earth Power|p1b: Pie <3\n|-resisted|p1b: Pie <3\n|-damage|p1b: Pie <3|78\/100\n|move|p1b: Pie <3|Apple Acid|p2a: Ursaluna\n|-supereffective|p2a: Ursaluna\n|-damage|p2a: Ursaluna|56\/100\n|-unboost|p2a: Ursaluna|spd|1\n|\n|-weather|SunnyDay|[upkeep]\n|-heal|p1b: Pie <3|84\/100|[from] item: Leftovers\n|-damage|p2b: Walking Wake|71\/100 brn|[from] brn\n|upkeep\n|\n|t:|1698132385\n|switch|p1a: Bakery|Iron Hands|100\/100\n|-enditem|p1a: Bakery|Booster Energy\n|-activate|p1a: Bakery|ability: Quark Drive|[fromitem]\n|-start|p1a: Bakery|quarkdriveatk\n|turn|5\n|\n|t:|1698132402\n|move|p1a: Bakery|Fake Out|p2b: Walking Wake\n|-damage|p2b: Walking Wake|51\/100 brn\n|cant|p2b: Walking Wake|flinch\n|move|p2a: Ursaluna|Moonblast|p1b: Pie <3\n|-supereffective|p1b: Pie <3\n|-damage|p1b: Pie <3|17\/100\n|move|p1b: Pie <3|Apple Acid|p2a: Ursaluna\n|-supereffective|p2a: Ursaluna\n|-damage|p2a: Ursaluna|0 fnt\n|faint|p2a: Ursaluna\n|\n|-weather|none\n|-end|p2b: Walking Wake|Protosynthesis\n|-heal|p1b: Pie <3|23\/100|[from] item: Leftovers\n|-damage|p2b: Walking Wake|45\/100 brn|[from] brn\n|-sideend|p2: agvgsvsgvsg|move: Tailwind\n|upkeep\n|\n|t:|1698132421\n|switch|p2a: Torkoal|Torkoal, F|75\/100\n|-weather|SunnyDay|[from] ability: Drought|[of] p2a: Torkoal\n|-activate|p2b: Walking Wake|ability: Protosynthesis\n|-start|p2b: Walking Wake|protosynthesisspa\n|turn|6\n|\n|t:|1698132437\n|move|p2b: Walking Wake|Hydro Steam|p1a: Bakery\n|-damage|p1a: Bakery|0 fnt\n|faint|p1a: Bakery\n|-end|p1a: Bakery|Quark Drive|[silent]\n|move|p1b: Pie <3|Dragon Pulse|p2a: Torkoal\n|-damage|p2a: Torkoal|24\/100\n|move|p2a: Torkoal|Overheat|p1b: Pie <3\n|-damage|p1b: Pie <3|0 fnt\n|-unboost|p2a: Torkoal|spa|2\n|faint|p1b: Pie <3\n|\n|-weather|SunnyDay|[upkeep]\n|-damage|p2b: Walking Wake|39\/100 brn|[from] brn\n|upkeep\n|\n|t:|1698132444\n|switch|p1a: Salt|Garganacl, M|100\/100\n|switch|p1b: Customer|Swalot, M|100\/100\n|turn|7\n|\n|t:|1698132459\n|move|p2b: Walking Wake|Hydro Steam|p1a: Salt\n|-supereffective|p1a: Salt\n|-damage|p1a: Salt|0 fnt\n|faint|p1a: Salt\n|move|p1b: Customer|Sludge Bomb|p2b: Walking Wake\n|-damage|p2b: Walking Wake|7\/100 brn\n|move|p2a: Torkoal|Earth Power|p1b: Customer\n|-supereffective|p1b: Customer\n|-damage|p1b: Customer|79\/100\n|\n|-weather|SunnyDay|[upkeep]\n|-damage|p2b: Walking Wake|1\/100 brn|[from] brn\n|upkeep\n|turn|8\n|\n|t:|1698132474\n|-terastallize|p1b: Customer|Poison\n|move|p2b: Walking Wake|Hydro Steam|p1b: Customer\n|-damage|p1b: Customer|0 fnt\n|faint|p1b: Customer\n|\n|win|agvgsvsgvsg\n|raw|Donaldius's rating: 1152 &rarr; <strong>1120<\/strong><br \/>(-32 for losing)\n|raw|agvgsvsgvsg's rating: 1047 &rarr; <strong>1090<\/strong><br \/>(+43 for winning)\n|l|\u2606Donaldius\n","uploadtime":1698132484,"views":30,"p1id":"donaldius","p2id":"agvgsvsgvsg","formatid":"gen9doublesou","rating":1090,"private":0,"password":""}