{"id":"gen9doublesou-1979464621","p1":"spicy_milk368","p2":"B0SS-GI0VANNI","format":"[Gen 9] Doubles OU","log":"|j|\u2606spicy_milk368\n|j|\u2606B0SS-GI0VANNI\n|t:|1698684768\n|gametype|doubles\n|player|p1|spicy_milk368|ethan|1371\n|player|p2|B0SS-GI0VANNI|jessiejames-gen1|1457\n|teamsize|p1|6\n|teamsize|p2|6\n|gen|9\n|tier|[Gen 9] Doubles OU\n|rated|\n|rule|Species Clause: Limit one of each Pok\u00e9mon\n|rule|OHKO Clause: OHKO moves are banned\n|rule|Evasion Moves Clause: Evasion moves are banned\n|rule|Gravity Sleep Clause: The combination of sleep-inducing moves with imperfect accuracy and Gravity or Gigantamax Orbeetle are banned\n|rule|Endless Battle Clause: Forcing endless battles is banned\n|rule|HP Percentage Mod: HP is shown in percentages\n|clearpoke\n|poke|p1|Torkoal, F|\n|poke|p1|Farigiraf, F|\n|poke|p1|Amoonguss, F|\n|poke|p1|Ursaluna, M|\n|poke|p1|Roaring Moon|\n|poke|p1|Flutter Mane|\n|poke|p2|Oranguru, M|\n|poke|p2|Indeedee-F, F|\n|poke|p2|Armarouge, M|\n|poke|p2|Torkoal, F|\n|poke|p2|Hatterene, F|\n|poke|p2|Walking Wake|\n|teampreview\n|inactive|Battle timer is ON: inactive players will automatically lose when time's up. (requested by spicy_milk368)\n|\n|t:|1698684782\n|start\n|switch|p1a: Flutter Mane|Flutter Mane|100\/100\n|switch|p1b: Amoonguss|Amoonguss, F|100\/100\n|switch|p2a: Unemployed|Oranguru, M|100\/100\n|switch|p2b: Walking Wake|Walking Wake|100\/100\n|turn|1\n|\n|t:|1698684801\n|-terastallize|p2a: Unemployed|Dark\n|move|p1b: Amoonguss|Rage Powder|p1b: Amoonguss\n|-singleturn|p1b: Amoonguss|move: Rage Powder\n|move|p2b: Walking Wake|Flamethrower|p1b: Amoonguss\n|-supereffective|p1b: Amoonguss\n|-damage|p1b: Amoonguss|47\/100\n|-status|p1b: Amoonguss|brn\n|-enditem|p1b: Amoonguss|Sitrus Berry|[eat]\n|-heal|p1b: Amoonguss|71\/100 brn|[from] item: Sitrus Berry\n|move|p1a: Flutter Mane|Imprison|p1a: Flutter Mane\n|-start|p1a: Flutter Mane|move: Imprison\n|cant|p2a: Unemployed|move: Imprison|Trick Room\n|\n|-damage|p1b: Amoonguss|65\/100 brn|[from] brn\n|upkeep\n|turn|2\n|\n|t:|1698684823\n|switch|p1b: Farigiraf|Farigiraf, F|100\/100\n|move|p2b: Walking Wake|Flamethrower|p1b: Farigiraf\n|-damage|p1b: Farigiraf|76\/100\n|move|p1a: Flutter Mane|Dazzling Gleam|p2a: Unemployed|[spread] p2a,p2b\n|-supereffective|p2a: Unemployed\n|-supereffective|p2b: Walking Wake\n|-damage|p2a: Unemployed|41\/100\n|-damage|p2b: Walking Wake|6\/100\n|-damage|p1a: Flutter Mane|91\/100|[from] item: Life Orb\n|move|p2a: Unemployed|Yawn|p1a: Flutter Mane\n|-start|p1a: Flutter Mane|move: Yawn|[of] p2a: Unemployed\n|\n|upkeep\n|turn|3\n|\n|t:|1698684845\n|switch|p2a: Ref|Hatterene, F|100\/100\n|move|p1b: Farigiraf|Helping Hand|p1a: Flutter Mane\n|-singleturn|p1a: Flutter Mane|Helping Hand|[of] p1b: Farigiraf\n|move|p2b: Walking Wake|Flamethrower|p1a: Flutter Mane\n|-damage|p1a: Flutter Mane|61\/100\n|move|p1a: Flutter Mane|Dazzling Gleam|p2b: Walking Wake|[spread] p2a,p2b\n|-supereffective|p2b: Walking Wake\n|-damage|p2a: Ref|38\/100\n|-damage|p2b: Walking Wake|0 fnt\n|faint|p2b: Walking Wake\n|-end|p2b: Walking Wake|Protosynthesis|[silent]\n|-enditem|p2a: Ref|Red Card|[of] p1a: Flutter Mane\n|-end|p1a: Flutter Mane|Protosynthesis|[silent]\n|drag|p1a: Roaring Moon|Roaring Moon|100\/100\n|\n|upkeep\n|inactive|B0SS-GI0VANNI has 120 seconds left.\n|\n|t:|1698684861\n|switch|p2b: Unemployed|Oranguru, M, tera:Dark|41\/100\n|turn|4\n|\n|t:|1698684874\n|move|p1a: Roaring Moon|Protect|p1a: Roaring Moon\n|-singleturn|p1a: Roaring Moon|Protect\n|move|p1b: Farigiraf|Psychic|p2a: Ref\n|-resisted|p2a: Ref\n|-damage|p2a: Ref|20\/100\n|move|p2a: Ref|Dazzling Gleam|p1a: Roaring Moon|[spread] p1b\n|-activate|p1a: Roaring Moon|move: Protect\n|-damage|p1b: Farigiraf|51\/100\n|move|p2b: Unemployed|Trick Room|p2b: Unemployed\n|-fieldstart|move: Trick Room|[of] p2b: Unemployed\n|\n|upkeep\n|turn|5\n|\n|t:|1698684898\n|switch|p1b: Torkoal|Torkoal, F|100\/100\n|-weather|SunnyDay|[from] ability: Drought|[of] p1b: Torkoal\n|-activate|p1a: Roaring Moon|ability: Protosynthesis\n|-start|p1a: Roaring Moon|protosynthesisspe\n|-end|p1a: Roaring Moon|Protosynthesis|[silent]\n|switch|p1a: Amoonguss|Amoonguss, F|99\/100 brn\n|move|p2a: Ref|Dazzling Gleam|p1a: Amoonguss|[spread] p1a,p1b\n|-resisted|p1a: Amoonguss\n|-resisted|p1b: Torkoal\n|-damage|p1a: Amoonguss|85\/100 brn\n|-damage|p1b: Torkoal|78\/100\n|move|p2b: Unemployed|Instruct|p2a: Ref\n|-singleturn|p2a: Ref|move: Instruct|[of] p2b: Unemployed\n|move|p2a: Ref|Dazzling Gleam|p1a: Amoonguss|[spread] p1a,p1b\n|-resisted|p1a: Amoonguss\n|-resisted|p1b: Torkoal\n|-damage|p1a: Amoonguss|69\/100 brn\n|-damage|p1b: Torkoal|55\/100\n|\n|-weather|SunnyDay|[upkeep]\n|-damage|p1a: Amoonguss|63\/100 brn|[from] brn\n|upkeep\n|turn|6\n|inactive|B0SS-GI0VANNI has 120 seconds left.\n|\n|t:|1698684931\n|switch|p2a: Meta|Armarouge, M, shiny|100\/100\n|move|p1b: Torkoal|Heat Wave|p2b: Unemployed|[spread] p2b\n|-start|p2a: Meta|ability: Flash Fire\n|-damage|p2b: Unemployed|0 fnt\n|faint|p2b: Unemployed\n|move|p1a: Amoonguss|Pollen Puff|p1b: Torkoal\n|-heal|p1b: Torkoal|100\/100\n|\n|-weather|SunnyDay|[upkeep]\n|-damage|p1a: Amoonguss|57\/100 brn|[from] brn\n|upkeep\n|inactive|B0SS-GI0VANNI has 120 seconds left.\n|\n|t:|1698684949\n|switch|p2b: 1000sunny|Torkoal, F|100\/100\n|turn|7\n|\n|t:|1698684972\n|-terastallize|p1a: Amoonguss|Water\n|move|p1b: Torkoal|Protect|p1b: Torkoal\n|-singleturn|p1b: Torkoal|Protect\n|move|p2b: 1000sunny|Eruption|p1b: Torkoal|[spread] p1a\n|-activate|p1b: Torkoal|move: Protect\n|-resisted|p1a: Amoonguss\n|-damage|p1a: Amoonguss|14\/100 brn\n|move|p1a: Amoonguss|Spore|p2a: Meta\n|-status|p2a: Meta|slp|[from] move: Spore\n|cant|p2a: Meta|slp\n|\n|-weather|SunnyDay|[upkeep]\n|-damage|p1a: Amoonguss|8\/100 brn|[from] brn\n|upkeep\n|turn|8\n|\n|t:|1698684997\n|switch|p1a: Farigiraf|Farigiraf, F|51\/100\n|move|p2b: 1000sunny|Eruption|p1a: Farigiraf|[spread] p1a,p1b\n|-resisted|p1b: Torkoal\n|-damage|p1a: Farigiraf|0 fnt\n|-damage|p1b: Torkoal|31\/100\n|faint|p1a: Farigiraf\n|move|p1b: Torkoal|Eruption|p2b: 1000sunny|[spread] p2b\n|-immune|p2a: Meta|[from] ability: Flash Fire\n|-resisted|p2b: 1000sunny\n|-damage|p2b: 1000sunny|85\/100\n|cant|p2a: Meta|slp\n|\n|-weather|SunnyDay|[upkeep]\n|-fieldend|move: Trick Room\n|upkeep\n|inactive|spicy_milk368 has 120 seconds left.\n|\n|t:|1698685013\n|switch|p1a: Roaring Moon|Roaring Moon|100\/100\n|-activate|p1a: Roaring Moon|ability: Protosynthesis\n|-start|p1a: Roaring Moon|protosynthesisspe\n|turn|9\n|\n|t:|1698685035\n|switch|p1b: Amoonguss|Amoonguss, F, tera:Water|41\/100 brn\n|switch|p2b: Ref|Hatterene, F|20\/100\n|move|p1a: Roaring Moon|Knock Off|p2b: Ref\n|-damage|p2b: Ref|0 fnt\n|faint|p2b: Ref\n|-curestatus|p2a: Meta|slp|[msg]\n|move|p2a: Meta|Trick Room|p2a: Meta\n|-fieldstart|move: Trick Room|[of] p2a: Meta\n|\n|-weather|none\n|-end|p1a: Roaring Moon|Protosynthesis\n|-damage|p1b: Amoonguss|35\/100 brn|[from] brn\n|upkeep\n|\n|t:|1698685054\n|switch|p2b: 1000sunny|Torkoal, F|85\/100\n|-weather|SunnyDay|[from] ability: Drought|[of] p2b: 1000sunny\n|-activate|p1a: Roaring Moon|ability: Protosynthesis\n|-start|p1a: Roaring Moon|protosynthesisspe\n|turn|10\n|inactive|spicy_milk368 has 120 seconds left.\n|\n|t:|1698685110\n|move|p1b: Amoonguss|Rage Powder|p1b: Amoonguss\n|-singleturn|p1b: Amoonguss|move: Rage Powder\n|move|p2b: 1000sunny|Eruption|p1a: Roaring Moon|[spread] p1a,p1b\n|-resisted|p1a: Roaring Moon\n|-resisted|p1b: Amoonguss\n|-damage|p1a: Roaring Moon|59\/100\n|-damage|p1b: Amoonguss|0 fnt\n|faint|p1b: Amoonguss\n|move|p2a: Meta|Heat Wave|p1a: Roaring Moon\n|-resisted|p1a: Roaring Moon\n|-damage|p1a: Roaring Moon|4\/100\n|-enditem|p1a: Roaring Moon|Liechi Berry|[eat]\n|-boost|p1a: Roaring Moon|atk|1|[from] item: Liechi Berry\n|move|p1a: Roaring Moon|Knock Off|p2a: Meta\n|-supereffective|p2a: Meta\n|-damage|p2a: Meta|0 fnt\n|-enditem|p2a: Meta|Weakness Policy|[from] move: Knock Off|[of] p1a: Roaring Moon\n|faint|p2a: Meta\n|\n|-weather|SunnyDay|[upkeep]\n|upkeep\n|\n|t:|1698685130\n|switch|p1b: Ursaluna|Ursaluna, M|100\/100\n|switch|p2a: Dedede|Indeedee-F, F|100\/100\n|-fieldstart|move: Psychic Terrain|[from] ability: Psychic Surge|[of] p2a: Dedede\n|turn|11\n|\n|t:|1698685138\n|move|p2a: Dedede|Helping Hand|p2b: 1000sunny\n|-singleturn|p2b: 1000sunny|Helping Hand|[of] p2a: Dedede\n|move|p1b: Ursaluna|Protect|p1b: Ursaluna\n|-singleturn|p1b: Ursaluna|Protect\n|move|p2b: 1000sunny|Eruption|p1a: Roaring Moon|[spread] p1a\n|-activate|p1b: Ursaluna|move: Protect\n|-resisted|p1a: Roaring Moon\n|-damage|p1a: Roaring Moon|0 fnt\n|faint|p1a: Roaring Moon\n|-end|p1a: Roaring Moon|Protosynthesis|[silent]\n|\n|-weather|SunnyDay|[upkeep]\n|-status|p1b: Ursaluna|brn|[from] item: Flame Orb\n|upkeep\n|\n|t:|1698685151\n|switch|p1a: Torkoal|Torkoal, F|31\/100\n|turn|12\n|\n|t:|1698685156\n|move|p2a: Dedede|Helping Hand|p2b: 1000sunny\n|-singleturn|p2b: 1000sunny|Helping Hand|[of] p2a: Dedede\n|move|p2b: 1000sunny|Eruption|p1a: Torkoal|[spread] p1a,p1b\n|-resisted|p1a: Torkoal\n|-damage|p1a: Torkoal|0 fnt\n|-damage|p1b: Ursaluna|0 fnt\n|faint|p1a: Torkoal\n|faint|p1b: Ursaluna\n|\n|-weather|SunnyDay|[upkeep]\n|upkeep\n|\n|t:|1698685163\n|switch|p1b: Flutter Mane|Flutter Mane|61\/100\n|-activate|p1b: Flutter Mane|ability: Protosynthesis\n|-start|p1b: Flutter Mane|protosynthesisspa\n|turn|13\n|\n|t:|1698685171\n|move|p2a: Dedede|Helping Hand|p2b: 1000sunny\n|-singleturn|p2b: 1000sunny|Helping Hand|[of] p2a: Dedede\n|move|p2b: 1000sunny|Eruption|p1b: Flutter Mane\n|-damage|p1b: Flutter Mane|0 fnt\n|faint|p1b: Flutter Mane\n|-end|p1b: Flutter Mane|Protosynthesis|[silent]\n|\n|win|B0SS-GI0VANNI\n|raw|spicy_milk368's rating: 1371 &rarr; <strong>1356<\/strong><br \/>(-15 for losing)\n|raw|B0SS-GI0VANNI's rating: 1457 &rarr; <strong>1472<\/strong><br \/>(+15 for winning)\n","uploadtime":1698685174,"views":16,"p1id":"spicymilk368","p2id":"b0ssgi0vanni","formatid":"gen9doublesou","rating":1356,"private":0,"password":""}