{"id":"gen9doublesou-1981183059","p1":"Gerrard 19962","p2":"AmAVeryBigNoob","format":"[Gen 9] Doubles OU","log":"|j|\u2606Gerrard 19962\n|j|\u2606AmAVeryBigNoob\n|t:|1698870410\n|gametype|doubles\n|player|p1|Gerrard 19962|koga|1067\n|player|p2|AmAVeryBigNoob|cyrus|1102\n|teamsize|p1|6\n|teamsize|p2|6\n|gen|9\n|tier|[Gen 9] Doubles OU\n|rated|\n|rule|Species Clause: Limit one of each Pok\u00e9mon\n|rule|OHKO Clause: OHKO moves are banned\n|rule|Evasion Moves Clause: Evasion moves are banned\n|rule|Gravity Sleep Clause: The combination of sleep-inducing moves with imperfect accuracy and Gravity or Gigantamax Orbeetle are banned\n|rule|Endless Battle Clause: Forcing endless battles is banned\n|rule|HP Percentage Mod: HP is shown in percentages\n|clearpoke\n|poke|p1|Delphox, F|\n|poke|p1|Clawitzer, M|\n|poke|p1|Appletun, M|\n|poke|p1|Staraptor, M|\n|poke|p1|Falinks|\n|poke|p1|Electrode-Hisui|\n|poke|p2|Amoonguss, F|\n|poke|p2|Mightyena, F|\n|poke|p2|Chien-Pao|\n|poke|p2|Chi-Yu|\n|poke|p2|Garganacl, M|\n|poke|p2|Rillaboom, F|\n|teampreview\n|inactive|Battle timer is ON: inactive players will automatically lose when time's up. (requested by Gerrard 19962)\n|\n|t:|1698870419\n|start\n|switch|p1a: Staraptor|Staraptor, M, shiny|100\/100\n|switch|p1b: Electrode|Electrode-Hisui, shiny|100\/100\n|switch|p2a: Mightyena|Mightyena, F, shiny|100\/100\n|switch|p2b: Chi-Yu|Chi-Yu|100\/100\n|-ability|p2b: Chi-Yu|Beads of Ruin\n|-ability|p2a: Mightyena|Intimidate|boost\n|-unboost|p1a: Staraptor|atk|1\n|-unboost|p1b: Electrode|atk|1\n|turn|1\n|\n|t:|1698870431\n|-terastallize|p1b: Electrode|Flying\n|move|p1b: Electrode|Thunder|p2b: Chi-Yu\n|-damage|p2b: Chi-Yu|44\/100\n|move|p1a: Staraptor|Tailwind|p1a: Staraptor\n|-sidestart|p1: Gerrard 19962|move: Tailwind\n|move|p2b: Chi-Yu|Overheat|p1b: Electrode\n|-damage|p1b: Electrode|0 fnt\n|-unboost|p2b: Chi-Yu|spa|2\n|faint|p1b: Electrode\n|move|p2a: Mightyena|Crunch|p1a: Staraptor\n|-damage|p1a: Staraptor|25\/100\n|\n|upkeep\n|\n|t:|1698870447\n|switch|p1b: Clawitzer|Clawitzer, M, shiny|100\/100\n|turn|2\n|\n|t:|1698870455\n|switch|p1a: Falinks|Falinks, shiny|100\/100\n|switch|p2b: Rillaboom|Rillaboom, F|100\/100\n|-fieldstart|move: Grassy Terrain|[from] ability: Grassy Surge|[of] p2b: Rillaboom\n|move|p1b: Clawitzer|Water Pulse|p2b: Rillaboom\n|-resisted|p2b: Rillaboom\n|-damage|p2b: Rillaboom|84\/100\n|move|p2a: Mightyena|Crunch|p1b: Clawitzer\n|-damage|p1b: Clawitzer|51\/100\n|\n|-heal|p1b: Clawitzer|57\/100|[from] Grassy Terrain\n|-heal|p2b: Rillaboom|90\/100|[from] Grassy Terrain\n|upkeep\n|turn|3\n|\n|t:|1698870473\n|switch|p1b: Staraptor|Staraptor, M, shiny|25\/100\n|switch|p2a: Amoonguss|Amoonguss, F|100\/100\n|move|p2b: Rillaboom|Fake Out|p1a: Falinks\n|-crit|p1a: Falinks\n|-damage|p1a: Falinks|81\/100\n|cant|p1a: Falinks|flinch\n|\n|-heal|p1a: Falinks|87\/100|[from] Grassy Terrain\n|-heal|p2b: Rillaboom|96\/100|[from] Grassy Terrain\n|upkeep\n|turn|4\n|\n|t:|1698870489\n|move|p2a: Amoonguss|Rage Powder|p2a: Amoonguss\n|-singleturn|p2a: Amoonguss|move: Rage Powder\n|move|p2b: Rillaboom|Grassy Glide|p1a: Falinks\n|-damage|p1a: Falinks|53\/100\n|move|p1b: Staraptor|Brave Bird|p2a: Amoonguss\n|-supereffective|p2a: Amoonguss\n|-damage|p2a: Amoonguss|7\/100\n|-damage|p1b: Staraptor|9\/100|[from] item: Rocky Helmet|[of] p2a: Amoonguss\n|-damage|p1b: Staraptor|0 fnt|[from] Recoil\n|faint|p1b: Staraptor\n|move|p1a: Falinks|No Retreat|p1a: Falinks\n|-boost|p1a: Falinks|atk|1\n|-boost|p1a: Falinks|def|1\n|-boost|p1a: Falinks|spa|1\n|-boost|p1a: Falinks|spd|1\n|-boost|p1a: Falinks|spe|1\n|-start|p1a: Falinks|move: No Retreat\n|\n|-heal|p1a: Falinks|59\/100|[from] Grassy Terrain\n|-heal|p2b: Rillaboom|100\/100|[from] Grassy Terrain\n|-heal|p2a: Amoonguss|13\/100|[from] Grassy Terrain\n|-sideend|p1: Gerrard 19962|move: Tailwind\n|upkeep\n|\n|t:|1698870502\n|switch|p1b: Delphox|Delphox, F, shiny|100\/100\n|turn|5\n|\n|t:|1698870514\n|move|p2a: Amoonguss|Rage Powder|p2a: Amoonguss\n|-singleturn|p2a: Amoonguss|move: Rage Powder\n|move|p1b: Delphox|Heat Wave|p2b: Rillaboom|[spread] p2a,p2b\n|-supereffective|p2a: Amoonguss\n|-supereffective|p2b: Rillaboom\n|-damage|p2a: Amoonguss|0 fnt\n|-damage|p2b: Rillaboom|57\/100\n|faint|p2a: Amoonguss\n|move|p1a: Falinks|Poison Jab|p2b: Rillaboom\n|-supereffective|p2b: Rillaboom\n|-damage|p2b: Rillaboom|0 fnt\n|faint|p2b: Rillaboom\n|-damage|p1a: Falinks|49\/100|[from] item: Life Orb\n|\n|-heal|p1a: Falinks|55\/100|[from] Grassy Terrain\n|upkeep\n|\n|t:|1698870524\n|switch|p2b: Mightyena|Mightyena, F, shiny|100\/100\n|switch|p2a: Chien-Pao|Chien-Pao|100\/100\n|-ability|p2a: Chien-Pao|Sword of Ruin\n|-ability|p2b: Mightyena|Intimidate|boost\n|-unboost|p1a: Falinks|atk|1\n|-ability|p1a: Falinks|Defiant|boost\n|-boost|p1a: Falinks|atk|2\n|-fail|p1b: Delphox|unboost|[from] item: Clear Amulet|[of] p1b: Delphox\n|turn|6\n|\n|t:|1698870542\n|switch|p1b: Appletun|Appletun, M|100\/100\n|-terastallize|p2b: Mightyena|Poison\n|move|p2a: Chien-Pao|Night Slash|p1b: Appletun\n|-damage|p1b: Appletun|56\/100\n|move|p1a: Falinks|Brick Break|p2a: Chien-Pao\n|-supereffective|p2a: Chien-Pao\n|-enditem|p2a: Chien-Pao|Focus Sash\n|-damage|p2a: Chien-Pao|1\/100\n|-damage|p1a: Falinks|45\/100|[from] item: Life Orb\n|move|p2b: Mightyena|Play Rough|p1a: Falinks\n|-supereffective|p1a: Falinks\n|-damage|p1a: Falinks|0 fnt\n|faint|p1a: Falinks\n|\n|-heal|p2a: Chien-Pao|7\/100|[from] Grassy Terrain\n|-heal|p1b: Appletun|62\/100|[from] Grassy Terrain\n|-fieldend|move: Grassy Terrain\n|upkeep\n|\n|t:|1698870557\n|switch|p1a: Clawitzer|Clawitzer, M, shiny|57\/100\n|turn|7\n|\n|t:|1698870571\n|move|p2a: Chien-Pao|Ice Spinner|p1b: Appletun\n|-supereffective|p1b: Appletun\n|-enditem|p1b: Appletun|Yache Berry|[eat]\n|-enditem|p1b: Appletun|Yache Berry|[weaken]\n|-damage|p1b: Appletun|10\/100\n|move|p2b: Mightyena|Play Rough|p1a: Clawitzer\n|-damage|p1a: Clawitzer|7\/100\n|move|p1a: Clawitzer|Aura Sphere|p2a: Chien-Pao\n|-supereffective|p2a: Chien-Pao\n|-damage|p2a: Chien-Pao|0 fnt\n|faint|p2a: Chien-Pao\n|move|p1b: Appletun|Dragon Pulse|p2b: Mightyena\n|-damage|p2b: Mightyena|36\/100\n|\n|upkeep\n|\n|t:|1698870581\n|switch|p2a: Chi-Yu|Chi-Yu|44\/100\n|-ability|p2a: Chi-Yu|Beads of Ruin\n|turn|8\n|\n|t:|1698870593\n|move|p2a: Chi-Yu|Overheat|p1b: Appletun\n|-damage|p1b: Appletun|0 fnt\n|-unboost|p2a: Chi-Yu|spa|2\n|faint|p1b: Appletun\n|move|p2b: Mightyena|Play Rough|p1a: Clawitzer\n|-damage|p1a: Clawitzer|0 fnt\n|faint|p1a: Clawitzer\n|\n|upkeep\n|\n|t:|1698870596\n|switch|p1b: Delphox|Delphox, F, shiny|100\/100\n|turn|9\n|\n|t:|1698870610\n|move|p2a: Chi-Yu|Overheat|p1b: Delphox\n|-resisted|p1b: Delphox\n|-damage|p1b: Delphox|70\/100\n|-unboost|p2a: Chi-Yu|spa|2\n|move|p1b: Delphox|Dazzling Gleam|p2b: Mightyena|[spread] p2a,p2b\n|-resisted|p2b: Mightyena\n|-damage|p2a: Chi-Yu|25\/100\n|-damage|p2b: Mightyena|17\/100\n|move|p2b: Mightyena|Play Rough|p1b: Delphox\n|-resisted|p1b: Delphox\n|-crit|p1b: Delphox\n|-damage|p1b: Delphox|29\/100\n|\n|upkeep\n|turn|10\n|\n|t:|1698870631\n|move|p2a: Chi-Yu|Overheat|p1b: Delphox\n|-resisted|p1b: Delphox\n|-damage|p1b: Delphox|8\/100\n|-unboost|p2a: Chi-Yu|spa|2\n|move|p1b: Delphox|Heat Wave|p2a: Chi-Yu|[spread] p2a,p2b\n|-resisted|p2a: Chi-Yu\n|-damage|p2a: Chi-Yu|6\/100\n|-damage|p2b: Mightyena|0 fnt\n|faint|p2b: Mightyena\n|\n|upkeep\n|\n|t:|1698870636\n|switch|p2b: Garganacl|Garganacl, M, shiny|100\/100\n|turn|11\n|\n|t:|1698870645\n|move|p2a: Chi-Yu|Overheat|p1b: Delphox\n|-resisted|p1b: Delphox\n|-damage|p1b: Delphox|0 fnt\n|faint|p1b: Delphox\n|\n|win|AmAVeryBigNoob\n|raw|Gerrard 19962's rating: 1067 &rarr; <strong>1049<\/strong><br \/>(-18 for losing)\n|raw|AmAVeryBigNoob's rating: 1102 &rarr; <strong>1124<\/strong><br \/>(+22 for winning)\n","uploadtime":1698870652,"views":17,"p1id":"gerrard19962","p2id":"amaverybignoob","formatid":"gen9doublesou","rating":1049,"private":0,"password":""}