{"id":"gen9doublesou-1984369444","p1":"Powpow1","p2":"DMartz64","format":"[Gen 9] Doubles OU","log":"|j|\u2606Powpow1\n|j|\u203dDMartz64\n|t:|1699251008\n|gametype|doubles\n|player|p1|Powpow1|bellelba|1124\n|player|p2|DMartz64|brock|1150\n|teamsize|p1|6\n|teamsize|p2|6\n|gen|9\n|tier|[Gen 9] Doubles OU\n|rated|\n|rule|Species Clause: Limit one of each Pok\u00e9mon\n|rule|OHKO Clause: OHKO moves are banned\n|rule|Evasion Moves Clause: Evasion moves are banned\n|rule|Gravity Sleep Clause: The combination of sleep-inducing moves with imperfect accuracy and Gravity or Gigantamax Orbeetle are banned\n|rule|Endless Battle Clause: Forcing endless battles is banned\n|rule|HP Percentage Mod: HP is shown in percentages\n|clearpoke\n|poke|p1|Yanmega, F|\n|poke|p1|Ogerpon-Hearthflame, F|\n|poke|p1|Roaring Moon|\n|poke|p1|Clefairy, M|\n|poke|p1|Kingambit, M|\n|poke|p1|Politoed, F|\n|poke|p2|Garganacl, M|\n|poke|p2|Kleavor, M|\n|poke|p2|Tyranitar, M|\n|poke|p2|Arcanine-Hisui, F|\n|poke|p2|Coalossal, M|\n|poke|p2|Glimmora, F|\n|teampreview\n|\n|t:|1699251017\n|start\n|switch|p1a: PRPLE|Politoed, F, shiny|100\/100\n|switch|p1b: Lucy 2|Yanmega, F|100\/100\n|switch|p2a: Glimmora|Glimmora, F|100\/100\n|switch|p2b: Kleavor|Kleavor, M|100\/100\n|-weather|RainDance|[from] ability: Drizzle|[of] p1a: PRPLE\n|turn|1\n|\n|t:|1699251030\n|move|p1b: Lucy 2|Protect|p1b: Lucy 2\n|-singleturn|p1b: Lucy 2|Protect\n|move|p2b: Kleavor|Stone Axe|p1b: Lucy 2\n|-activate|p1b: Lucy 2|move: Protect\n|move|p2a: Glimmora|Spikes|p1b: Lucy 2\n|-sidestart|p1: Powpow1|Spikes\n|move|p1a: PRPLE|Surf|p2a: Glimmora|[spread] p2a,p2b\n|-activate|p1b: Lucy 2|move: Protect\n|-supereffective|p2a: Glimmora\n|-supereffective|p2b: Kleavor\n|-enditem|p2a: Glimmora|Focus Sash\n|-damage|p2a: Glimmora|1\/100\n|-damage|p2b: Kleavor|0 fnt\n|faint|p2b: Kleavor\n|\n|-weather|RainDance|[upkeep]\n|upkeep\n|\n|t:|1699251047\n|switch|p2b: Coalossal|Coalossal, M|100\/100\n|turn|2\n|\n|t:|1699251054\n|-terastallize|p2b: Coalossal|Grass\n|move|p1b: Lucy 2|Tailwind|p1b: Lucy 2\n|-sidestart|p1: Powpow1|move: Tailwind\n|move|p1a: PRPLE|Surf|p2b: Coalossal|[spread] p1b,p2a,p2b\n|-supereffective|p2a: Glimmora\n|-resisted|p2b: Coalossal\n|-damage|p1b: Lucy 2|5\/100\n|-damage|p2a: Glimmora|0 fnt\n|-damage|p2b: Coalossal|75\/100\n|-ability|p2b: Coalossal|Steam Engine|boost\n|-boost|p2b: Coalossal|spe|6\n|-enditem|p2b: Coalossal|Absorb Bulb\n|-boost|p2b: Coalossal|spa|1|[from] item: Absorb Bulb\n|faint|p2a: Glimmora\n|move|p2b: Coalossal|Power Gem|p1b: Lucy 2\n|-supereffective|p1b: Lucy 2\n|-damage|p1b: Lucy 2|0 fnt\n|faint|p1b: Lucy 2\n|\n|-weather|RainDance|[upkeep]\n|upkeep\n|\n|t:|1699251093\n|switch|p1b: rawr|Kingambit, M, shiny|100\/100\n|switch|p2a: Tyranitar|Tyranitar, M|100\/100\n|-damage|p1b: rawr|88\/100|[from] Spikes\n|-weather|Sandstorm|[from] ability: Sand Stream|[of] p2a: Tyranitar\n|turn|3\n|\n|t:|1699251110\n|switch|p1a: bebe|Clefairy, M|100\/100\n|-damage|p1a: bebe|88\/100|[from] Spikes\n|move|p2b: Coalossal|Tera Blast|p1a: bebe|[anim] Tera Blast Grass\n|-crit|p1a: bebe\n|-damage|p1a: bebe|48\/100\n|move|p1b: rawr|Iron Head|p2a: Tyranitar\n|-supereffective|p2a: Tyranitar\n|-damage|p2a: Tyranitar|32\/100\n|move|p2a: Tyranitar|Rock Slide|p1b: rawr|[spread] p1a,p1b\n|-resisted|p1b: rawr\n|-damage|p1a: bebe|15\/100\n|-damage|p1b: rawr|79\/100\n|\n|-weather|Sandstorm|[upkeep]\n|-damage|p2b: Coalossal|69\/100|[from] Sandstorm\n|-damage|p1a: bebe|9\/100|[from] Sandstorm\n|-heal|p1b: rawr|85\/100|[from] item: Leftovers\n|upkeep\n|turn|4\n|\n|t:|1699251139\n|move|p2b: Coalossal|Heat Wave|p1a: bebe|[spread] p1a,p1b\n|-supereffective|p1b: rawr\n|-damage|p1a: bebe|0 fnt\n|-damage|p1b: rawr|32\/100\n|faint|p1a: bebe\n|move|p1b: rawr|Stealth Rock|p2b: Coalossal\n|-sidestart|p2: DMartz64|move: Stealth Rock\n|move|p2a: Tyranitar|Rock Slide|p1b: rawr\n|-resisted|p1b: rawr\n|-damage|p1b: rawr|16\/100\n|\n|-weather|Sandstorm|[upkeep]\n|-damage|p2b: Coalossal|63\/100|[from] Sandstorm\n|-heal|p1b: rawr|22\/100|[from] item: Leftovers\n|upkeep\n|\n|t:|1699251151\n|switch|p1a: fiona|Ogerpon-Hearthflame, F|100\/100\n|-damage|p1a: fiona|88\/100|[from] Spikes\n|-ability|p1a: fiona|Mold Breaker\n|turn|5\n|\n|t:|1699251166\n|-terastallize|p1a: fiona|Fire\n|detailschange|p1a: fiona|Ogerpon-Hearthflame-Tera, F, tera:Fire\n|-ability|p1a: fiona|Embody Aspect (Hearthflame)|boost\n|-boost|p1a: fiona|atk|1\n|move|p2b: Coalossal|Power Gem|p1a: fiona\n|-supereffective|p1a: fiona\n|-damage|p1a: fiona|12\/100\n|move|p1a: fiona|Ivy Cudgel|p2b: Coalossal\n|-supereffective|p2b: Coalossal\n|-damage|p2b: Coalossal|0 fnt\n|faint|p2b: Coalossal\n|move|p1b: rawr|Iron Head|p2a: Tyranitar\n|-supereffective|p2a: Tyranitar\n|-damage|p2a: Tyranitar|0 fnt\n|faint|p2a: Tyranitar\n|\n|-weather|Sandstorm|[upkeep]\n|-damage|p1a: fiona|6\/100|[from] Sandstorm\n|-heal|p1b: rawr|28\/100|[from] item: Leftovers\n|-sideend|p1: Powpow1|move: Tailwind\n|upkeep\n|\n|t:|1699251194\n|switch|p2b: Arcanine|Arcanine-Hisui, F|100\/100\n|switch|p2a: Garganacl|Garganacl, M|100\/100\n|-damage|p2b: Arcanine|76\/100|[from] Stealth Rock\n|turn|6\n|\n|t:|1699251205\n|switch|p1b: PRPLE|Politoed, F, shiny|100\/100\n|-damage|p1b: PRPLE|88\/100|[from] Spikes\n|-weather|RainDance|[from] ability: Drizzle|[of] p1b: PRPLE\n|move|p1a: fiona|Horn Leech|p2a: Garganacl\n|-supereffective|p2a: Garganacl\n|-damage|p2a: Garganacl|2\/100\n|-heal|p1a: fiona|72\/100|[from] drain|[of] p2a: Garganacl\n|move|p2b: Arcanine|Head Smash|p1a: fiona\n|-supereffective|p1a: fiona\n|-damage|p1a: fiona|0 fnt\n|faint|p1a: fiona\n|move|p2a: Garganacl|Body Press|p1b: PRPLE\n|-damage|p1b: PRPLE|57\/100\n|\n|-weather|RainDance|[upkeep]\n|upkeep\n|\n|t:|1699251221\n|switch|p1a: idk|Roaring Moon|100\/100\n|-damage|p1a: idk|88\/100|[from] Spikes\n|turn|7\n|\n|t:|1699251229\n|move|p1a: idk|Dragon Claw|p2b: Arcanine\n|-damage|p2b: Arcanine|11\/100\n|move|p2b: Arcanine|Head Smash|p1b: PRPLE\n|-damage|p1b: PRPLE|0 fnt\n|faint|p1b: PRPLE\n|move|p2a: Garganacl|Recover|p2a: Garganacl\n|-heal|p2a: Garganacl|52\/100\n|\n|-weather|RainDance|[upkeep]\n|-heal|p1a: idk|94\/100|[from] item: Leftovers\n|upkeep\n|\n|t:|1699251242\n|switch|p1b: rawr|Kingambit, M, shiny|28\/100\n|-damage|p1b: rawr|16\/100|[from] Spikes\n|turn|8\n|\n|t:|1699251274\n|move|p1a: idk|Earthquake|p2b: Arcanine|[spread] p1b,p2a,p2b\n|-supereffective|p1b: rawr\n|-supereffective|p2a: Garganacl\n|-supereffective|p2b: Arcanine\n|-damage|p1b: rawr|0 fnt\n|-damage|p2a: Garganacl|11\/100\n|-damage|p2b: Arcanine|0 fnt\n|faint|p1b: rawr\n|faint|p2b: Arcanine\n|move|p2a: Garganacl|Recover|p2a: Garganacl\n|-heal|p2a: Garganacl|61\/100\n|\n|-weather|RainDance|[upkeep]\n|-heal|p1a: idk|99\/100|[from] item: Leftovers\n|upkeep\n|turn|9\n|\n|t:|1699251286\n|move|p1a: idk|Dragon Dance|p1a: idk\n|-boost|p1a: idk|atk|1\n|-boost|p1a: idk|spe|1\n|move|p2a: Garganacl|Recover|p2a: Garganacl\n|-heal|p2a: Garganacl|100\/100\n|\n|-weather|RainDance|[upkeep]\n|-heal|p1a: idk|100\/100|[from] item: Leftovers\n|upkeep\n|turn|10\n|\n|t:|1699251296\n|move|p1a: idk|Dragon Dance|p1a: idk\n|-boost|p1a: idk|atk|1\n|-boost|p1a: idk|spe|1\n|move|p2a: Garganacl|Salt Cure|p1a: idk\n|-damage|p1a: idk|83\/100\n|-start|p1a: idk|Salt Cure\n|\n|-weather|none\n|-heal|p1a: idk|89\/100|[from] item: Leftovers\n|-damage|p1a: idk|77\/100|[from] Salt Cure\n|upkeep\n|turn|11\n|\n|t:|1699251307\n|move|p1a: idk|Sunny Day|p1a: idk\n|-weather|SunnyDay\n|-activate|p1a: idk|ability: Protosynthesis\n|-start|p1a: idk|protosynthesisatk\n|move|p2a: Garganacl|Iron Defense|p2a: Garganacl\n|-boost|p2a: Garganacl|def|2\n|\n|-weather|SunnyDay|[upkeep]\n|-heal|p1a: idk|83\/100|[from] item: Leftovers\n|-damage|p1a: idk|71\/100|[from] Salt Cure\n|upkeep\n|turn|12\n|\n|t:|1699251323\n|move|p1a: idk|Dragon Claw|p2a: Garganacl\n|-damage|p2a: Garganacl|55\/100\n|move|p2a: Garganacl|Body Press|p1a: idk\n|-supereffective|p1a: idk\n|-damage|p1a: idk|0 fnt\n|faint|p1a: idk\n|-end|p1a: idk|Protosynthesis|[silent]\n|\n|win|DMartz64\n|raw|Powpow1's rating: 1124 &rarr; <strong>1101<\/strong><br \/>(-23 for losing)\n|raw|DMartz64's rating: 1150 &rarr; <strong>1173<\/strong><br \/>(+23 for winning)\n|l|\u2606Powpow1\n","uploadtime":1699251377,"views":10,"p1id":"powpow1","p2id":"dmartz64","formatid":"gen9doublesou","rating":1101,"private":0,"password":""}