{"id":"gen9doublesou-1989891969","p1":"Magboo1176","p2":"Danie2294","format":"[Gen 9] Doubles OU","log":"|j|\u2606Magboo1176\n|j|\u2606Danie2294\n|t:|1699904402\n|gametype|doubles\n|player|p1|Magboo1176|ethan|1290\n|player|p2|Danie2294|marlon|1239\n|teamsize|p1|6\n|teamsize|p2|6\n|gen|9\n|tier|[Gen 9] Doubles OU\n|rated|\n|rule|Species Clause: Limit one of each Pok\u00e9mon\n|rule|OHKO Clause: OHKO moves are banned\n|rule|Evasion Moves Clause: Evasion moves are banned\n|rule|Gravity Sleep Clause: The combination of sleep-inducing moves with imperfect accuracy and Gravity or Gigantamax Orbeetle are banned\n|rule|Endless Battle Clause: Forcing endless battles is banned\n|rule|HP Percentage Mod: HP is shown in percentages\n|clearpoke\n|poke|p1|Slither Wing|\n|poke|p1|Tornadus, M|\n|poke|p1|Palafin, M|\n|poke|p1|Meowscarada, F|\n|poke|p1|Iron Bundle|\n|poke|p1|Enamorus-Therian, F|\n|poke|p2|Landorus-Therian, M|\n|poke|p2|Empoleon, M|\n|poke|p2|Tornadus, M|\n|poke|p2|Pelipper, M|\n|poke|p2|Jolteon, M|\n|poke|p2|Palafin, F|\n|teampreview\n|inactive|Battle timer is ON: inactive players will automatically lose when time's up. (requested by Danie2294)\n|\n|t:|1699904412\n|start\n|switch|p1a: Slither Wing|Slither Wing|100\/100\n|switch|p1b: Tornadus|Tornadus, M|100\/100\n|switch|p2a: Tornadus|Tornadus, M|100\/100\n|switch|p2b: Palafin|Palafin, F|100\/100\n|-enditem|p1a: Slither Wing|Booster Energy\n|-activate|p1a: Slither Wing|ability: Protosynthesis|[fromitem]\n|-start|p1a: Slither Wing|protosynthesisatk\n|turn|1\n|\n|t:|1699904430\n|detailschange|p2b: Palafin|Palafin-Hero, F\n|switch|p2b: Landorus|Landorus-Therian, M|100\/100\n|-ability|p2b: Landorus|Intimidate|boost\n|-unboost|p1a: Slither Wing|atk|1\n|-unboost|p1b: Tornadus|atk|1\n|-terastallize|p1a: Slither Wing|Flying\n|move|p2a: Tornadus|Taunt|p1b: Tornadus\n|-start|p1b: Tornadus|move: Taunt\n|-enditem|p1b: Tornadus|Mental Herb\n|-end|p1b: Tornadus|move: Taunt\n|move|p1b: Tornadus|Tailwind|p1b: Tornadus\n|-sidestart|p1: Magboo1176|move: Tailwind\n|move|p1a: Slither Wing|Acrobatics|p2a: Tornadus\n|-damage|p2a: Tornadus|39\/100\n|-damage|p1a: Slither Wing|84\/100|[from] item: Rocky Helmet|[of] p2a: Tornadus\n|\n|upkeep\n|turn|2\n|inactive|Magboo1176 has 120 seconds left.\n|\n|t:|1699904468\n|move|p1b: Tornadus|Sunny Day|p1b: Tornadus\n|-weather|SunnyDay\n|move|p2a: Tornadus|Tailwind|p2a: Tornadus\n|-sidestart|p2: Danie2294|move: Tailwind\n|move|p2b: Landorus|Rock Slide|p1a: Slither Wing|[spread] p1a,p1b\n|-supereffective|p1a: Slither Wing\n|-supereffective|p1b: Tornadus\n|-damage|p1a: Slither Wing|22\/100\n|-damage|p1b: Tornadus|43\/100\n|move|p1a: Slither Wing|Leech Life|p2b: Landorus\n|-resisted|p2b: Landorus\n|-damage|p2b: Landorus|78\/100\n|-heal|p1a: Slither Wing|34\/100|[from] drain|[of] p2b: Landorus\n|\n|-weather|SunnyDay|[upkeep]\n|upkeep\n|turn|3\n|\n|t:|1699904485\n|move|p1a: Slither Wing|Protect|p1a: Slither Wing\n|-singleturn|p1a: Slither Wing|Protect\n|move|p2a: Tornadus|Rain Dance|p2a: Tornadus\n|-weather|RainDance\n|move|p2b: Landorus|Rock Slide|p1b: Tornadus|[spread] p1b\n|-activate|p1a: Slither Wing|move: Protect\n|-supereffective|p1b: Tornadus\n|-damage|p1b: Tornadus|0 fnt\n|faint|p1b: Tornadus\n|\n|-weather|RainDance|[upkeep]\n|upkeep\n|inactive|Magboo1176 has 120 seconds left.\n|\n|t:|1699904527\n|switch|p1b: Palafin|Palafin, M|100\/100\n|turn|4\n|\n|t:|1699904543\n|move|p1b: Palafin|Jet Punch|p2b: Landorus\n|-supereffective|p2b: Landorus\n|-damage|p2b: Landorus|0 fnt\n|faint|p2b: Landorus\n|move|p1a: Slither Wing|Acrobatics|p2a: Tornadus\n|-damage|p2a: Tornadus|0 fnt\n|-damage|p1a: Slither Wing|18\/100|[from] item: Rocky Helmet|[of] p2a: Tornadus\n|faint|p2a: Tornadus\n|\n|-weather|RainDance|[upkeep]\n|-sideend|p1: Magboo1176|move: Tailwind\n|upkeep\n|\n|t:|1699904561\n|switch|p2b: Palafin|Palafin-Hero, F|100\/100\n|switch|p2a: Jolteon|Jolteon, M|100\/100\n|-activate|p2b: Palafin|ability: Zero to Hero\n|turn|5\n|inactive|Magboo1176 has 120 seconds left.\n|\n|t:|1699904585\n|move|p2a: Jolteon|Protect|p2a: Jolteon\n|-singleturn|p2a: Jolteon|Protect\n|move|p1b: Palafin|Protect|p1b: Palafin\n|-singleturn|p1b: Palafin|Protect\n|move|p2b: Palafin|Jet Punch|p1a: Slither Wing\n|-damage|p1a: Slither Wing|0 fnt\n|faint|p1a: Slither Wing\n|-end|p1a: Slither Wing|Protosynthesis|[silent]\n|\n|-weather|RainDance|[upkeep]\n|-sideend|p2: Danie2294|move: Tailwind\n|-status|p2a: Jolteon|brn|[from] item: Flame Orb\n|upkeep\n|inactive|Magboo1176 has 120 seconds left.\n|\n|t:|1699904590\n|switch|p1a: Meowscarada|Meowscarada, F|100\/100\n|turn|6\n|\n|t:|1699904604\n|detailschange|p1b: Palafin|Palafin-Hero, M\n|switch|p1b: Iron Bundle|Iron Bundle|100\/100\n|-enditem|p1b: Iron Bundle|Booster Energy\n|-activate|p1b: Iron Bundle|ability: Quark Drive|[fromitem]\n|-start|p1b: Iron Bundle|quarkdrivespe\n|-terastallize|p2a: Jolteon|Ice\n|move|p2a: Jolteon|Tera Blast|p1a: Meowscarada|[anim] Tera Blast Ice\n|-supereffective|p1a: Meowscarada\n|-damage|p1a: Meowscarada|0 fnt\n|faint|p1a: Meowscarada\n|move|p2b: Palafin|Flip Turn|p1b: Iron Bundle\n|-resisted|p1b: Iron Bundle\n|-damage|p1b: Iron Bundle|58\/100\n|\n|t:|1699904618\n|switch|p2b: Empoleon|Empoleon, M|100\/100|[from] Flip Turn\n|\n|-weather|RainDance|[upkeep]\n|-damage|p2a: Jolteon|95\/100 brn|[from] brn\n|upkeep\n|\n|t:|1699904623\n|switch|p1a: Palafin|Palafin-Hero, M|100\/100\n|-activate|p1a: Palafin|ability: Zero to Hero\n|turn|7\n|\n|t:|1699904640\n|move|p1b: Iron Bundle|Icy Wind|p2a: Jolteon|[spread] p2a,p2b\n|-resisted|p2a: Jolteon\n|-resisted|p2b: Empoleon\n|-damage|p2a: Jolteon|84\/100 brn\n|-damage|p2b: Empoleon|95\/100\n|-unboost|p2a: Jolteon|spe|1\n|-unboost|p2b: Empoleon|spe|1\n|-ability|p2b: Empoleon|Competitive|boost\n|-boost|p2b: Empoleon|spa|2\n|move|p2a: Jolteon|Electro Ball|p1a: Palafin\n|-supereffective|p1a: Palafin\n|-crit|p1a: Palafin\n|-damage|p1a: Palafin|25\/100\n|move|p1a: Palafin|Close Combat|p2a: Jolteon\n|-supereffective|p2a: Jolteon\n|-damage|p2a: Jolteon|0 fnt\n|-unboost|p1a: Palafin|def|1\n|-unboost|p1a: Palafin|spd|1\n|faint|p2a: Jolteon\n|move|p2b: Empoleon|Agility|p2b: Empoleon\n|-boost|p2b: Empoleon|spe|2\n|\n|-weather|none\n|upkeep\n|\n|t:|1699904654\n|switch|p2a: Pelipper|Pelipper, M|100\/100\n|-weather|RainDance|[from] ability: Drizzle|[of] p2a: Pelipper\n|turn|8\n|\n|t:|1699904668\n|move|p1a: Palafin|Protect|p1a: Palafin\n|-singleturn|p1a: Palafin|Protect\n|move|p1b: Iron Bundle|Freeze-Dry|p2a: Pelipper\n|-supereffective|p2a: Pelipper\n|-damage|p2a: Pelipper|0 fnt\n|faint|p2a: Pelipper\n|move|p2b: Empoleon|Flash Cannon|p1b: Iron Bundle\n|-damage|p1b: Iron Bundle|0 fnt\n|faint|p1b: Iron Bundle\n|-end|p1b: Iron Bundle|Quark Drive|[silent]\n|\n|-weather|RainDance|[upkeep]\n|upkeep\n|\n|t:|1699904678\n|switch|p1b: Enamorus|Enamorus-Therian, F|100\/100\n|switch|p2a: Palafin|Palafin-Hero, F|100\/100\n|turn|9\n|\n|t:|1699904690\n|move|p2a: Palafin|Jet Punch|p1a: Palafin\n|-resisted|p1a: Palafin\n|-damage|p1a: Palafin|0 fnt\n|faint|p1a: Palafin\n|move|p2b: Empoleon|Flash Cannon|p1b: Enamorus\n|-supereffective|p1b: Enamorus\n|-damage|p1b: Enamorus|0 fnt\n|faint|p1b: Enamorus\n|\n|win|Danie2294\n|raw|Magboo1176's rating: 1290 &rarr; <strong>1261<\/strong><br \/>(-29 for losing)\n|raw|Danie2294's rating: 1239 &rarr; <strong>1268<\/strong><br \/>(+29 for winning)\n|l|\u2606Magboo1176\n","uploadtime":1699904702,"views":6,"p1id":"magboo1176","p2id":"danie2294","formatid":"gen9doublesou","rating":1261,"private":0,"password":""}