{"id":"gen9doublesou-1983393063","p1":"mohammedonthemoped","p2":"Lrry","format":"[Gen 9] Doubles OU","log":"|j|\u2606mohammedonthemoped\n|j|\u2606Lrry\n|t:|1699125382\n|gametype|doubles\n|player|p1|mohammedonthemoped|swimmer-gen4dp|1052\n|player|p2|Lrry|265|1000\n|teamsize|p1|6\n|teamsize|p2|6\n|gen|9\n|tier|[Gen 9] Doubles OU\n|rated|\n|rule|Species Clause: Limit one of each Pok\u00e9mon\n|rule|OHKO Clause: OHKO moves are banned\n|rule|Evasion Moves Clause: Evasion moves are banned\n|rule|Gravity Sleep Clause: The combination of sleep-inducing moves with imperfect accuracy and Gravity or Gigantamax Orbeetle are banned\n|rule|Endless Battle Clause: Forcing endless battles is banned\n|rule|HP Percentage Mod: HP is shown in percentages\n|clearpoke\n|poke|p1|Glimmora, M|\n|poke|p1|Arboliva, F|\n|poke|p1|Lokix, F|\n|poke|p1|Enamorus, F|\n|poke|p1|Palafin, F|\n|poke|p1|Dragonite, F|\n|poke|p2|Maushold|\n|poke|p2|Clefairy, F|\n|poke|p2|Iron Bundle|\n|poke|p2|Amoonguss, F|\n|poke|p2|Ursaluna, F|\n|poke|p2|Sinistcha|\n|teampreview\n|c|\u2606mohammedonthemoped|gl\n|\n|t:|1699125409\n|start\n|switch|p1a: Odd|Glimmora, M|100\/100\n|switch|p1b: Pal-a-finn|Palafin, F|100\/100\n|switch|p2a: Iron Bundle|Iron Bundle|100\/100\n|switch|p2b: Amoonguss|Amoonguss, F|100\/100\n|-enditem|p2a: Iron Bundle|Booster Energy\n|-activate|p2a: Iron Bundle|ability: Quark Drive|[fromitem]\n|-start|p2a: Iron Bundle|quarkdrivespe\n|turn|1\n|\n|t:|1699125433\n|detailschange|p1b: Pal-a-finn|Palafin-Hero, F\n|switch|p1b: GOV PLANT|Arboliva, F|100\/100\n|move|p2a: Iron Bundle|Ice Beam|p1a: Odd\n|-damage|p1a: Odd|52\/100\n|move|p1a: Odd|Stealth Rock|p2a: Iron Bundle\n|-sidestart|p2: Lrry|move: Stealth Rock\n|move|p2b: Amoonguss|Spore|p1b: GOV PLANT\n|-immune|p1b: GOV PLANT\n|\n|-heal|p1a: Odd|59\/100|[from] item: Leftovers\n|upkeep\n|turn|2\n|\n|t:|1699125470\n|move|p1a: Odd|Spiky Shield|p1a: Odd\n|-singleturn|p1a: Odd|move: Protect\n|move|p2a: Iron Bundle|Ice Beam|p1b: GOV PLANT\n|-supereffective|p1b: GOV PLANT\n|-damage|p1b: GOV PLANT|39\/100\n|-fieldstart|move: Grassy Terrain|[from] ability: Seed Sower|[of] p1b: GOV PLANT\n|move|p1b: GOV PLANT|Light Screen|p1b: GOV PLANT\n|-sidestart|p1: mohammedonthemoped|move: Light Screen\n|move|p2b: Amoonguss|Toxic|p1b: GOV PLANT\n|-status|p1b: GOV PLANT|tox\n|\n|-heal|p1a: Odd|65\/100|[from] Grassy Terrain\n|-heal|p1a: Odd|71\/100|[from] item: Leftovers\n|-heal|p1b: GOV PLANT|45\/100 tox|[from] Grassy Terrain\n|-heal|p1b: GOV PLANT|51\/100 tox|[from] item: Leftovers\n|-damage|p1b: GOV PLANT|45\/100 tox|[from] psn\n|upkeep\n|turn|3\n|\n|t:|1699125491\n|move|p2a: Iron Bundle|Ice Beam|p1b: GOV PLANT\n|-supereffective|p1b: GOV PLANT\n|-damage|p1b: GOV PLANT|6\/100 tox\n|move|p1a: Odd|Spikes|p2b: Amoonguss\n|-sidestart|p2: Lrry|Spikes\n|move|p1b: GOV PLANT|Terrain Pulse|p2a: Iron Bundle\n|-supereffective|p2a: Iron Bundle\n|-damage|p2a: Iron Bundle|0 fnt\n|faint|p2a: Iron Bundle\n|-end|p2a: Iron Bundle|Quark Drive|[silent]\n|move|p2b: Amoonguss|Spore|p1a: Odd\n|-status|p1a: Odd|slp|[from] move: Spore\n|\n|-heal|p1a: Odd|77\/100 slp|[from] Grassy Terrain\n|-heal|p1a: Odd|83\/100 slp|[from] item: Leftovers\n|-heal|p1b: GOV PLANT|12\/100 tox|[from] Grassy Terrain\n|-heal|p1b: GOV PLANT|18\/100 tox|[from] item: Leftovers\n|-damage|p1b: GOV PLANT|6\/100 tox|[from] psn\n|upkeep\n|\n|t:|1699125514\n|switch|p2a: Maushold|Maushold|100\/100\n|-damage|p2a: Maushold|88\/100|[from] Stealth Rock\n|-damage|p2a: Maushold|76\/100|[from] Spikes\n|turn|4\n|\n|t:|1699125568\n|move|p2a: Maushold|Aerial Ace|p1b: GOV PLANT\n|-supereffective|p1b: GOV PLANT\n|-damage|p1b: GOV PLANT|0 fnt\n|faint|p1b: GOV PLANT\n|cant|p1a: Odd|slp\n|move|p2b: Amoonguss|Toxic||[still]\n|-fail|p2b: Amoonguss\n|\n|-heal|p2a: Maushold|82\/100|[from] Grassy Terrain\n|-heal|p1a: Odd|90\/100 slp|[from] Grassy Terrain\n|-heal|p1a: Odd|96\/100 slp|[from] item: Leftovers\n|upkeep\n|\n|t:|1699125586\n|switch|p1b: Weird|Lokix, F|100\/100\n|turn|5\n|\n|t:|1699125599\n|move|p1b: Weird|First Impression|p2b: Amoonguss\n|-damage|p2b: Amoonguss|44\/100\n|-status|p1b: Weird|par|[from] ability: Effect Spore|[of] p2b: Amoonguss\n|-damage|p1b: Weird|91\/100 par|[from] item: Life Orb\n|move|p2a: Maushold|Population Bomb|p1b: Weird\n|-damage|p1b: Weird|74\/100 par\n|-damage|p1b: Weird|56\/100 par\n|-crit|p1b: Weird\n|-damage|p1b: Weird|33\/100 par\n|-damage|p1b: Weird|18\/100 par\n|-damage|p1b: Weird|0 fnt\n|faint|p1b: Weird\n|-hitcount|p1: Weird|5\n|-curestatus|p1a: Odd|slp|[msg]\n|move|p1a: Odd|Spikes|p2b: Amoonguss\n|-sidestart|p2: Lrry|Spikes\n|move|p2b: Amoonguss|Spore|p1a: Odd\n|-status|p1a: Odd|slp|[from] move: Spore\n|\n|-heal|p2a: Maushold|88\/100|[from] Grassy Terrain\n|-heal|p1a: Odd|100\/100 slp|[from] Grassy Terrain\n|-heal|p2b: Amoonguss|50\/100|[from] Grassy Terrain\n|upkeep\n|\n|t:|1699125619\n|switch|p1b: FORGOR|Enamorus, F|100\/100\n|turn|6\n|\n|t:|1699125645\n|move|p2a: Maushold|Population Bomb|p1b: FORGOR\n|-damage|p1b: FORGOR|83\/100\n|-damage|p1b: FORGOR|67\/100\n|-damage|p1b: FORGOR|51\/100\n|-damage|p1b: FORGOR|33\/100\n|-damage|p1b: FORGOR|14\/100\n|-damage|p1b: FORGOR|0 fnt\n|faint|p1b: FORGOR\n|-hitcount|p1: FORGOR|6\n|cant|p1a: Odd|slp\n|move|p2b: Amoonguss|Spore|p1a: Odd\n|-fail|p1a: Odd|slp\n|\n|-heal|p2a: Maushold|94\/100|[from] Grassy Terrain\n|-heal|p2b: Amoonguss|56\/100|[from] Grassy Terrain\n|-sideend|p1: mohammedonthemoped|move: Light Screen\n|-fieldend|move: Grassy Terrain\n|upkeep\n|\n|t:|1699125651\n|switch|p1b: SOlid|Dragonite, F|100\/100\n|turn|7\n|\n|t:|1699125674\n|move|p2a: Maushold|Population Bomb|p1b: SOlid\n|-damage|p1b: SOlid|88\/100\n|-damage|p1b: SOlid|76\/100\n|-damage|p1b: SOlid|63\/100\n|-damage|p1b: SOlid|50\/100\n|-damage|p1b: SOlid|39\/100\n|-damage|p1b: SOlid|27\/100\n|-damage|p1b: SOlid|15\/100\n|-damage|p1b: SOlid|4\/100\n|-damage|p1b: SOlid|0 fnt\n|faint|p1b: SOlid\n|-hitcount|p1: SOlid|9\n|-curestatus|p1a: Odd|slp|[msg]\n|move|p1a: Odd|Spikes|p2a: Maushold\n|-sidestart|p2: Lrry|Spikes\n|move|p2b: Amoonguss|Spore|p1a: Odd\n|-status|p1a: Odd|slp|[from] move: Spore\n|\n|upkeep\n|\n|t:|1699125679\n|switch|p1b: Pal-a-finn|Palafin-Hero, F|100\/100\n|-activate|p1b: Pal-a-finn|ability: Zero to Hero\n|turn|8\n|c|\u2606mohammedonthemoped|wow\n|c|\u2606mohammedonthemoped|lmao\n|c|\u2606mohammedonthemoped|gg\n|-message|mohammedonthemoped forfeited.\n|\n|win|Lrry\n|raw|mohammedonthemoped's rating: 1052 &rarr; <strong>1032<\/strong><br \/>(-20 for losing)\n|raw|Lrry's rating: 1000 &rarr; <strong>1046<\/strong><br \/>(+46 for winning)\n","uploadtime":1699125708,"views":16,"p1id":"mohammedonthemoped","p2id":"lrry","formatid":"gen9doublesou","rating":1032,"private":0,"password":""}