{"id":"gen9doublesou-1984656102","p1":"Shiritu","p2":"Raf","format":"[Gen 9] Doubles OU","log":"|j|\u2606Shiritu\n|j|\u2606Raf\n|t:|1699288326\n|gametype|doubles\n|player|p1|Shiritu|ash-sinnoh|\n|player|p2|Raf|#scl3dynamos2|\n|teamsize|p1|6\n|teamsize|p2|6\n|gen|9\n|tier|[Gen 9] Doubles OU\n|rule|Species Clause: Limit one of each Pok\u00e9mon\n|rule|OHKO Clause: OHKO moves are banned\n|rule|Evasion Moves Clause: Evasion moves are banned\n|rule|Gravity Sleep Clause: The combination of sleep-inducing moves with imperfect accuracy and Gravity or Gigantamax Orbeetle are banned\n|rule|Endless Battle Clause: Forcing endless battles is banned\n|rule|HP Percentage Mod: HP is shown in percentages\n|clearpoke\n|poke|p1|Ninetales-Alola, F|\n|poke|p1|Baxcalibur, F|\n|poke|p1|Rillaboom, M|\n|poke|p1|Iron Hands|\n|poke|p1|Landorus-Therian, M|\n|poke|p1|Volcanion|\n|poke|p2|Diancie|\n|poke|p2|Torkoal, M|\n|poke|p2|Rillaboom, F|\n|poke|p2|Flutter Mane|\n|poke|p2|Landorus-Therian, M|\n|poke|p2|Kommo-o, M|\n|teampreview\n|inactive|Battle timer is ON: inactive players will automatically lose when time's up. (requested by Raf)\n|c|\u2606Raf|hf\n|c|\u2606Shiritu|u2\n|c|\u2606Raf|can u \/publicroom\n|c|\u2606Shiritu|\/log Shiritu made this room public.\n|inactive|Shiritu has 270 seconds left.\n|inactive|Raf has 270 seconds left.\n|c|\u2606Shiritu|Done\n|j| El de alli\n|j| vamp scrim\n|j| luisin\n|j| Aldrich\n|inactive|Shiritu has 240 seconds left.\n|inactive|Raf has 240 seconds left.\n|j| Jello1231\n|j| R4ye\n|l| R4ye\n|j| R4ye\n|j| Seroo\n|j| ratpacker\n|j| AIRedzone\n|inactive|Shiritu has 210 seconds left.\n|inactive|Raf has 210 seconds left.\n|j|+zoe\n|l|+zoe\n|l| luisin\n|\n|t:|1699288442\n|start\n|switch|p1a: Iron Hands|Iron Hands|100\/100\n|switch|p1b: Landorus|Landorus-Therian, M|100\/100\n|switch|p2a: Flutter Mane|Flutter Mane|100\/100\n|switch|p2b: Rillaboom|Rillaboom, F|100\/100\n|-ability|p1b: Landorus|Intimidate|boost\n|-unboost|p2a: Flutter Mane|atk|1\n|-unboost|p2b: Rillaboom|atk|1\n|-fieldstart|move: Grassy Terrain|[from] ability: Grassy Surge|[of] p2b: Rillaboom\n|turn|1\n|inactive|Raf has 270 seconds left.\n|j| luisin\n|l| luisin\n|j| luisin\n|j| ina fable.\n|inactive|Raf has 240 seconds left.\n|j| Tenzai\n|inactive|Raf has 210 seconds left.\n|j| theyummybagel\n|\n|t:|1699288535\n|switch|p2b: Torkoal|Torkoal, M|100\/100\n|-weather|SunnyDay|[from] ability: Drought|[of] p2b: Torkoal\n|-activate|p2a: Flutter Mane|ability: Protosynthesis\n|-start|p2a: Flutter Mane|protosynthesisspe\n|-end|p1a: Iron Hands|Quark Drive|[silent]\n|switch|p1a: Volcanion|Volcanion|100\/100\n|move|p2a: Flutter Mane|Moonblast|p1b: Landorus\n|-damage|p1b: Landorus|15\/100\n|move|p1b: Landorus|U-turn|p2b: Torkoal\n|-resisted|p2b: Torkoal\n|-damage|p2b: Torkoal|91\/100\n|-enditem|p2b: Torkoal|Eject Button\n|\n|t:|1699288549\n|switch|p2b: Rillaboom|Rillaboom, F|100\/100\n|\n|-weather|SunnyDay|[upkeep]\n|upkeep\n|turn|2\n|inactive|Shiritu has 270 seconds left.\n|inactive|Raf has 210 seconds left.\n|\n|t:|1699288565\n|move|p2b: Rillaboom|Fake Out|p1a: Volcanion\n|-damage|p1a: Volcanion|89\/100\n|move|p2a: Flutter Mane|Moonblast|p1b: Landorus\n|-damage|p1b: Landorus|0 fnt\n|faint|p1b: Landorus\n|cant|p1a: Volcanion|flinch\n|\n|-weather|SunnyDay|[upkeep]\n|-heal|p1a: Volcanion|95\/100|[from] Grassy Terrain\n|upkeep\n|\n|t:|1699288581\n|switch|p1b: Rillaboom|Rillaboom, M|100\/100\n|turn|3\n|j| kaori\u273f\n|j| mishimono\n|j| RDL93\n|j| qsns\n|inactive|Raf has 210 seconds left.\n|\n|t:|1699288624\n|-end|p2a: Flutter Mane|Protosynthesis|[silent]\n|switch|p2a: Kommo-o|Kommo-o, M|100\/100\n|move|p2b: Rillaboom|High Horsepower|p1a: Volcanion\n|-supereffective|p1a: Volcanion\n|-crit|p1a: Volcanion\n|-damage|p1a: Volcanion|9\/100\n|move|p1b: Rillaboom|Wood Hammer|p2a: Kommo-o\n|-resisted|p2a: Kommo-o\n|-crit|p2a: Kommo-o\n|-damage|p2a: Kommo-o|62\/100\n|-damage|p1b: Rillaboom|89\/100|[from] Recoil\n|move|p1a: Volcanion|Heat Wave|p2b: Rillaboom|[spread] p2a,p2b\n|-resisted|p2a: Kommo-o\n|-supereffective|p2b: Rillaboom\n|-damage|p2a: Kommo-o|37\/100\n|-damage|p2b: Rillaboom|1\/100\n|\n|-weather|SunnyDay|[upkeep]\n|-heal|p2b: Rillaboom|7\/100|[from] Grassy Terrain\n|-heal|p1b: Rillaboom|95\/100|[from] Grassy Terrain\n|-heal|p2a: Kommo-o|43\/100|[from] Grassy Terrain\n|-heal|p2a: Kommo-o|49\/100|[from] item: Leftovers\n|-heal|p1a: Volcanion|15\/100|[from] Grassy Terrain\n|upkeep\n|turn|4\n|inactive|Raf has 210 seconds left.\n|inactive|Shiritu has 270 seconds left.\n|inactive|Shiritu has 240 seconds left.\n|j| exotic64\n|inactive|Shiritu has 210 seconds left.\n|\n|t:|1699288722\n|switch|p1a: Baxcalibur|Baxcalibur, F|100\/100\n|move|p2b: Rillaboom|Grassy Glide|p1a: Baxcalibur\n|-resisted|p1a: Baxcalibur\n|-damage|p1a: Baxcalibur|83\/100\n|move|p1b: Rillaboom|Grassy Glide|p2b: Rillaboom\n|-resisted|p2b: Rillaboom\n|-damage|p2b: Rillaboom|0 fnt\n|faint|p2b: Rillaboom\n|move|p2a: Kommo-o|Iron Defense|p2a: Kommo-o\n|-boost|p2a: Kommo-o|def|2\n|\n|-weather|SunnyDay|[upkeep]\n|-heal|p1a: Baxcalibur|90\/100|[from] Grassy Terrain\n|-heal|p1b: Rillaboom|100\/100|[from] Grassy Terrain\n|-heal|p2a: Kommo-o|55\/100|[from] Grassy Terrain\n|-heal|p2a: Kommo-o|62\/100|[from] item: Leftovers\n|upkeep\n|\n|t:|1699288745\n|switch|p2b: Diancie|Diancie|100\/100\n|turn|5\n|inactive|Raf has 210 seconds left.\n|l| Seroo\n|inactive|Shiritu has 210 seconds left.\n|inactive|Shiritu has 180 seconds left.\n|j| Seroo\n|l| qsns\n|inactive|Shiritu has 150 seconds left.\n|\n|t:|1699288839\n|-terastallize|p1a: Baxcalibur|Poison\n|-terastallize|p2b: Diancie|Fire\n|move|p1a: Baxcalibur|Icicle Crash|p2a: Kommo-o\n|-supereffective|p2a: Kommo-o\n|-damage|p2a: Kommo-o|31\/100\n|move|p1b: Rillaboom|U-turn|p2b: Diancie\n|-resisted|p2b: Diancie\n|-damage|p2b: Diancie|92\/100\n|l|exotic64\n|\n|t:|1699288848\n|switch|p1b: Iron Hands|Iron Hands|100\/100|[from] U-turn\n|cant|p2a: Kommo-o|flinch\n|move|p2b: Diancie|Trick Room|p2b: Diancie\n|-fieldstart|move: Trick Room|[of] p2b: Diancie\n|\n|-weather|none\n|-heal|p2b: Diancie|98\/100|[from] Grassy Terrain\n|-heal|p2a: Kommo-o|37\/100|[from] Grassy Terrain\n|-heal|p2a: Kommo-o|43\/100|[from] item: Leftovers\n|-heal|p1a: Baxcalibur|96\/100|[from] Grassy Terrain\n|-fieldend|move: Grassy Terrain\n|upkeep\n|turn|6\n|inactive|Shiritu has 150 seconds left.\n|\n|t:|1699288878\n|move|p2b: Diancie|Diamond Storm|p1a: Baxcalibur|[spread] p1a,p1b\n|-resisted|p1b: Iron Hands\n|-damage|p1a: Baxcalibur|65\/100\n|-damage|p1b: Iron Hands|90\/100\n|-boost|p2b: Diancie|def|2\n|move|p1b: Iron Hands|Drain Punch|p2a: Kommo-o\n|-damage|p2a: Kommo-o|30\/100\n|-heal|p1b: Iron Hands|95\/100|[from] drain|[of] p2a: Kommo-o\n|move|p2a: Kommo-o|Body Press|p1a: Baxcalibur\n|-resisted|p1a: Baxcalibur\n|-damage|p1a: Baxcalibur|29\/100\n|move|p1a: Baxcalibur|Icicle Crash|p2a: Kommo-o\n|-supereffective|p2a: Kommo-o\n|-damage|p2a: Kommo-o|0 fnt\n|faint|p2a: Kommo-o\n|\n|upkeep\n|inactive|Raf has 210 seconds left.\n|\n|t:|1699288897\n|switch|p2a: Torkoal|Torkoal, M|91\/100\n|-weather|SunnyDay|[from] ability: Drought|[of] p2a: Torkoal\n|turn|7\n|inactive|Shiritu has 150 seconds left.\n|j| exotic64\n|inactive|Shiritu has 120 seconds left.\n|\n|t:|1699288964\n|move|p1a: Baxcalibur|Protect|p1a: Baxcalibur\n|-singleturn|p1a: Baxcalibur|Protect\n|move|p2a: Torkoal|Eruption|p1b: Iron Hands|[spread] p1b\n|-activate|p1a: Baxcalibur|move: Protect\n|-damage|p1b: Iron Hands|57\/100\n|move|p2b: Diancie|Body Press|p1b: Iron Hands\n|-damage|p1b: Iron Hands|23\/100\n|move|p1b: Iron Hands|Drain Punch|p2a: Torkoal\n|-damage|p2a: Torkoal|56\/100\n|-heal|p1b: Iron Hands|35\/100|[from] drain|[of] p2a: Torkoal\n|\n|-weather|SunnyDay|[upkeep]\n|upkeep\n|turn|8\n|l| R4ye\n|inactive|Raf has 240 seconds left.\n|inactive|Shiritu has 120 seconds left.\n|\n|t:|1699288995\n|move|p2a: Torkoal|Heat Wave|p1b: Iron Hands|[spread] p1a,p1b\n|-damage|p1a: Baxcalibur|0 fnt\n|-damage|p1b: Iron Hands|11\/100\n|faint|p1a: Baxcalibur\n|move|p2b: Diancie|Diamond Storm|p1b: Iron Hands\n|-resisted|p1b: Iron Hands\n|-damage|p1b: Iron Hands|0 fnt\n|-boost|p2b: Diancie|def|2\n|faint|p1b: Iron Hands\n|-end|p1b: Iron Hands|Quark Drive|[silent]\n|\n|-weather|SunnyDay|[upkeep]\n|upkeep\n|inactive|Shiritu has 90 seconds left.\n|\n|t:|1699289036\n|switch|p1b: Volcanion|Volcanion|15\/100\n|switch|p1a: Ninetales|Ninetales-Alola, F|100\/100\n|-weather|Snow|[from] ability: Snow Warning|[of] p1a: Ninetales\n|turn|9\n|j| Eragon11145\n|\n|t:|1699289052\n|switch|p2a: Flutter Mane|Flutter Mane|100\/100\n|move|p1b: Volcanion|Protect|p1b: Volcanion\n|-singleturn|p1b: Volcanion|Protect\n|move|p1a: Ninetales|Protect|p1a: Ninetales\n|-singleturn|p1a: Ninetales|Protect\n|move|p2b: Diancie|Diamond Storm|p1b: Volcanion|[spread] \n|-activate|p1a: Ninetales|move: Protect\n|-activate|p1b: Volcanion|move: Protect\n|\n|-weather|Snow|[upkeep]\n|-fieldend|move: Trick Room\n|upkeep\n|turn|10\n|inactive|Raf has 270 seconds left.\n|j| Winnie1906\n|inactive|Shiritu has 90 seconds left.\n|\n|t:|1699289091\n|move|p1b: Volcanion|Protect||[still]\n|-fail|p1b: Volcanion\n|move|p2a: Flutter Mane|Dazzling Gleam|p1b: Volcanion|[spread] p1a,p1b\n|-resisted|p1b: Volcanion\n|-damage|p1a: Ninetales|59\/100\n|-damage|p1b: Volcanion|0 fnt\n|faint|p1b: Volcanion\n|move|p1a: Ninetales|Icy Wind|p2a: Flutter Mane|[spread] p2a,p2b\n|-resisted|p2b: Diancie\n|-damage|p2a: Flutter Mane|88\/100\n|-damage|p2b: Diancie|94\/100\n|-unboost|p2a: Flutter Mane|spe|1\n|move|p2b: Diancie|Diamond Storm|p1a: Ninetales\n|-supereffective|p1a: Ninetales\n|-damage|p1a: Ninetales|0 fnt\n|-boost|p2b: Diancie|def|2\n|faint|p1a: Ninetales\n|\n|-weather|Snow|[upkeep]\n|upkeep\n|j| R4ye\n|\n|t:|1699289107\n|switch|p1b: Rillaboom|Rillaboom, M|100\/100\n|-fieldstart|move: Grassy Terrain|[from] ability: Grassy Surge|[of] p1b: Rillaboom\n|turn|11\n|c|\u2606Shiritu|gg\n|\n|t:|1699289112\n|-end|p2a: Flutter Mane|Protosynthesis|[silent]\n|switch|p2a: Landorus|Landorus-Therian, M|100\/100\n|-ability|p2a: Landorus|Intimidate|boost\n|-unboost|p1b: Rillaboom|atk|1\n|move|p1b: Rillaboom|Wood Hammer|p2a: Landorus\n|-damage|p2a: Landorus|34\/100\n|-damage|p1b: Rillaboom|83\/100|[from] Recoil\n|move|p2b: Diancie|Body Press|p1b: Rillaboom\n|-damage|p1b: Rillaboom|0 fnt\n|faint|p1b: Rillaboom\n|\n|win|Raf\n|c|\u2606Raf|gg\n|l| Seroo\n|l| vamp scrim\n|l| R4ye\n|l| Eragon11145\n|c| exotic64|goat\n|l| exotic64\n|l| RDL93\n|j| SingleThunder\n|l| Winnie1906\n|l| luisin\n|l| SingleThunder\n|l| ina fable.\n|l| theyummybagel\n|l| AIRedzone\n|j| F3rrari450\n|l| ratpacker\n|j| AIRedzone\n|l| AIRedzone\n","uploadtime":1699289150,"views":152,"p1id":"shiritu","p2id":"raf","formatid":"gen9doublesou","rating":0,"private":0,"password":""}