{"id":"gen9doublesou-1999762787","p1":"Blue Kaiser dragon","p2":"alecc3i","format":"[Gen 9] Doubles OU","log":"|j|\u2606Blue Kaiser dragon\n|j|\u2606alecc3i\n|t:|1701114454\n|gametype|doubles\n|player|p1|Blue Kaiser dragon|volkner|1310\n|player|p2|alecc3i|plasmagrunt|1221\n|teamsize|p1|6\n|teamsize|p2|6\n|gen|9\n|tier|[Gen 9] Doubles OU\n|rated|\n|rule|Species Clause: Limit one of each Pok\u00e9mon\n|rule|OHKO Clause: OHKO moves are banned\n|rule|Evasion Moves Clause: Evasion moves are banned\n|rule|Gravity Sleep Clause: The combination of sleep-inducing moves with imperfect accuracy and Gravity or Gigantamax Orbeetle are banned\n|rule|Endless Battle Clause: Forcing endless battles is banned\n|rule|HP Percentage Mod: HP is shown in percentages\n|clearpoke\n|poke|p1|Kleavor, M|\n|poke|p1|Scizor, M|\n|poke|p1|Ogerpon-Wellspring, F|\n|poke|p1|Rabsca, F|\n|poke|p1|Scyther, M|\n|poke|p1|Ninetales-Alola, M|\n|poke|p2|Moltres-Galar|\n|poke|p2|Cyclizar, M|\n|poke|p2|Iron Bundle|\n|poke|p2|Florges-White, F|\n|poke|p2|Pelipper, M|\n|poke|p2|Gholdengo|\n|teampreview\n|inactive|Battle timer is ON: inactive players will automatically lose when time's up. (requested by alecc3i)\n|\n|t:|1701114513\n|start\n|switch|p1a: Ninetales|Ninetales-Alola, M|100\/100\n|switch|p1b: Kleavor|Kleavor, M|100\/100\n|switch|p2a: Moltres|Moltres-Galar, shiny|100\/100\n|switch|p2b: Florges|Florges-White, F|100\/100\n|-weather|Snow|[from] ability: Snow Warning|[of] p1a: Ninetales\n|turn|1\n|c|\u2606Blue Kaiser dragon|Glhf\n|inactive|Blue Kaiser dragon has 120 seconds left.\n|inactive|alecc3i has 120 seconds left.\n|inactive|Blue Kaiser dragon has 90 seconds left.\n|inactive|Blue Kaiser dragon has 60 seconds left.\n|\n|t:|1701114614\n|switch|p2a: Iron Bundle|Iron Bundle|100\/100\n|-enditem|p2a: Iron Bundle|Booster Energy\n|-activate|p2b: Florges|ability: Symbiosis|Leftovers|[of] p2a: Iron Bundle\n|-activate|p2a: Iron Bundle|ability: Quark Drive|[fromitem]\n|-start|p2a: Iron Bundle|quarkdrivespe\n|switch|p2b: Pelipper|Pelipper, M|100\/100\n|-weather|RainDance|[from] ability: Drizzle|[of] p2b: Pelipper\n|move|p1a: Ninetales|Dazzling Gleam|p2b: Pelipper|[spread] p2a,p2b\n|-damage|p2a: Iron Bundle|49\/100\n|-damage|p2b: Pelipper|64\/100\n|move|p1b: Kleavor|Stone Axe|p2a: Iron Bundle|[miss]\n|-miss|p1b: Kleavor|p2a: Iron Bundle\n|\n|-weather|RainDance|[upkeep]\n|-heal|p2a: Iron Bundle|55\/100|[from] item: Leftovers\n|upkeep\n|turn|2\n|inactive|Blue Kaiser dragon has 60 seconds left.\n|inactive|alecc3i has 120 seconds left.\n|\n|t:|1701114651\n|move|p2a: Iron Bundle|Hydro Pump|p1b: Kleavor\n|-supereffective|p1b: Kleavor\n|-damage|p1b: Kleavor|0 fnt\n|faint|p1b: Kleavor\n|move|p1a: Ninetales|Dazzling Gleam|p2b: Pelipper|[spread] p2a,p2b\n|-damage|p2a: Iron Bundle|1\/100\n|-damage|p2b: Pelipper|32\/100\n|move|p2b: Pelipper|Hurricane|p1a: Ninetales\n|-crit|p1a: Ninetales\n|-damage|p1a: Ninetales|40\/100\n|\n|-weather|RainDance|[upkeep]\n|-heal|p2a: Iron Bundle|7\/100|[from] item: Leftovers\n|-heal|p1a: Ninetales|45\/100|[from] item: Leftovers\n|upkeep\n|\n|t:|1701114666\n|switch|p1b: Scizor|Scizor, M|100\/100\n|turn|3\n|inactive|Blue Kaiser dragon has 60 seconds left.\n|inactive|alecc3i has 120 seconds left.\n|\n|t:|1701114702\n|switch|p1a: Scyther|Scyther, M|100\/100\n|switch|p2b: Gholdengo|Gholdengo|100\/100\n|move|p2a: Iron Bundle|Protect|p2a: Iron Bundle\n|-singleturn|p2a: Iron Bundle|Protect\n|move|p1b: Scizor|Bullet Punch|p2a: Iron Bundle\n|-activate|p2a: Iron Bundle|move: Protect\n|\n|-weather|RainDance|[upkeep]\n|-heal|p2a: Iron Bundle|13\/100|[from] item: Leftovers\n|upkeep\n|turn|4\n|inactive|alecc3i has 120 seconds left.\n|inactive|Blue Kaiser dragon has 30 seconds left.\n|\n|t:|1701114740\n|-end|p2a: Iron Bundle|Quark Drive|[silent]\n|switch|p2a: Cyclizar|Cyclizar, M|100\/100\n|move|p1b: Scizor|Bullet Punch|p2a: Cyclizar\n|-damage|p2a: Cyclizar|53\/100\n|move|p1a: Scyther|Swords Dance|p1a: Scyther\n|-boost|p1a: Scyther|atk|2\n|move|p2b: Gholdengo|Power Gem|p1a: Scyther\n|-supereffective|p1a: Scyther\n|-enditem|p1a: Scyther|Focus Sash\n|-damage|p1a: Scyther|1\/100\n|\n|-weather|RainDance|[upkeep]\n|upkeep\n|turn|5\n|inactive|alecc3i has 120 seconds left.\n|inactive|Blue Kaiser dragon has 30 seconds left.\n|\n|t:|1701114771\n|switch|p2a: Moltres|Moltres-Galar, shiny|100\/100\n|move|p1a: Scyther|Quick Attack|p2a: Moltres\n|-damage|p2a: Moltres|54\/100\n|move|p2b: Gholdengo|Power Gem|p1b: Scizor\n|-damage|p1b: Scizor|27\/100\n|move|p1b: Scizor|Swords Dance|p1b: Scizor\n|-boost|p1b: Scizor|atk|2\n|\n|-weather|none\n|upkeep\n|turn|6\n|\n|t:|1701114795\n|-terastallize|p2a: Moltres|Steel\n|move|p1a: Scyther|Bug Bite|p2b: Gholdengo\n|-resisted|p2b: Gholdengo\n|-damage|p2b: Gholdengo|74\/100\n|move|p2a: Moltres|Fiery Wrath|p1a: Scyther|[spread] p1a,p1b\n|-damage|p1a: Scyther|0 fnt\n|-damage|p1b: Scizor|0 fnt\n|faint|p1a: Scyther\n|faint|p1b: Scizor\n|move|p2b: Gholdengo|Power Gem|p1: Scyther|[notarget]\n|-fail|p2b: Gholdengo\n|\n|upkeep\n|inactive|Blue Kaiser dragon has 30 seconds left.\n|\n|t:|1701114810\n|switch|p1a: Ninetales|Ninetales-Alola, M|45\/100\n|switch|p1b: Rabsca|Rabsca, F|100\/100\n|-weather|Snow|[from] ability: Snow Warning|[of] p1a: Ninetales\n|turn|7\n|inactive|alecc3i has 120 seconds left.\n|\n|t:|1701114827\n|switch|p2b: Pelipper|Pelipper, M|32\/100\n|-weather|RainDance|[from] ability: Drizzle|[of] p2b: Pelipper\n|move|p1a: Ninetales|Aurora Veil||[still]\n|-fail|p1a: Ninetales\n|move|p2a: Moltres|Hurricane|p1a: Ninetales\n|-damage|p1a: Ninetales|0 fnt\n|faint|p1a: Ninetales\n|move|p1b: Rabsca|Revival Blessing|p1b: Rabsca\n|-enditem|p1b: Rabsca|Leppa Berry|[eat]\n|-activate|p1b: Rabsca|item: Leppa Berry|Revival Blessing|[consumed]\n|inactive|Blue Kaiser dragon has 30 seconds left.\n|\n|t:|1701114849\n|-heal|p1: Ninetales|50\/100|[from] move: Revival Blessing\n|\n|-weather|RainDance|[upkeep]\n|upkeep\n|switch|p1a: Ninetales|Ninetales-Alola, M|50\/100\n|-weather|Snow|[from] ability: Snow Warning|[of] p1a: Ninetales\n|turn|8\n|\n|t:|1701114866\n|switch|p2b: Gholdengo|Gholdengo|74\/100\n|move|p1a: Ninetales|Aurora Veil|p1a: Ninetales\n|-sidestart|p1: Blue Kaiser dragon|move: Aurora Veil\n|move|p2a: Moltres|Fiery Wrath|p1b: Rabsca|[spread] p1a,p1b\n|-resisted|p1a: Ninetales\n|-supereffective|p1b: Rabsca\n|-damage|p1a: Ninetales|39\/100\n|-damage|p1b: Rabsca|58\/100\n|move|p1b: Rabsca|Revival Blessing|p1b: Rabsca\n|inactive|Blue Kaiser dragon has 30 seconds left.\n|\n|t:|1701114883\n|-heal|p1: Scizor|50\/100|[from] move: Revival Blessing\n|\n|-weather|Snow|[upkeep]\n|-heal|p1a: Ninetales|45\/100|[from] item: Leftovers\n|upkeep\n|turn|9\n|c|\u2606Blue Kaiser dragon|Hah we back\n|inactive|Blue Kaiser dragon has 30 seconds left.\n|inactive|Blue Kaiser dragon has 20 seconds left.\n|\n|t:|1701114914\n|switch|p2a: Florges|Florges-White, F|100\/100\n|move|p1a: Ninetales|Blizzard|p2b: Gholdengo|[spread] p2a,p2b\n|-resisted|p2b: Gholdengo\n|-damage|p2a: Florges|83\/100\n|-damage|p2b: Gholdengo|56\/100\n|-status|p2a: Florges|frz\n|move|p2b: Gholdengo|Make It Rain|p1a: Ninetales|[spread] p1a,p1b\n|-supereffective|p1a: Ninetales\n|-damage|p1a: Ninetales|0 fnt\n|-damage|p1b: Rabsca|11\/100\n|-unboost|p2b: Gholdengo|spa|1\n|faint|p1a: Ninetales\n|move|p1b: Rabsca|Psychic|p2a: Florges\n|-damage|p2a: Florges|61\/100 frz\n|\n|-weather|Snow|[upkeep]\n|upkeep\n|inactive|Blue Kaiser dragon has 25 seconds left this turn.\n|inactive|Blue Kaiser dragon has 20 seconds left.\n|inactive|Blue Kaiser dragon has 15 seconds left.\n|inactive|Blue Kaiser dragon has 10 seconds left.\n|inactive|Blue Kaiser dragon has 5 seconds left.\n|\n|t:|1701114935\n|switch|p1a: Ogerpon|Ogerpon-Wellspring, F|100\/100\n|turn|10\n|inactive|Blue Kaiser dragon has 30 seconds left this turn.\n|\n|t:|1701114942\n|switch|p2b: Pelipper|Pelipper, M|32\/100\n|-weather|RainDance|[from] ability: Drizzle|[of] p2b: Pelipper\n|switch|p2a: Moltres|Moltres-Galar, shiny, tera:Steel|54\/100\n|move|p1a: Ogerpon|Swords Dance|p1a: Ogerpon\n|-boost|p1a: Ogerpon|atk|2\n|move|p1b: Rabsca|Recover|p1b: Rabsca\n|-heal|p1b: Rabsca|61\/100\n|\n|-weather|RainDance|[upkeep]\n|upkeep\n|turn|11\n|inactive|Blue Kaiser dragon has 30 seconds left.\n|inactive|Blue Kaiser dragon has 20 seconds left.\n|\n|t:|1701114973\n|-terastallize|p1a: Ogerpon|Water\n|detailschange|p1a: Ogerpon|Ogerpon-Wellspring-Tera, F, tera:Water\n|-ability|p1a: Ogerpon|Embody Aspect (Wellspring)|boost\n|-boost|p1a: Ogerpon|spd|1\n|move|p1a: Ogerpon|Ivy Cudgel|p2a: Moltres|[anim] Ivy Cudgel Water\n|-damage|p2a: Moltres|0 fnt\n|faint|p2a: Moltres\n|move|p2b: Pelipper|Weather Ball|p1b: Rabsca\n|-damage|p1b: Rabsca|30\/100\n|move|p1b: Rabsca|Psychic|p2b: Pelipper\n|-damage|p2b: Pelipper|0 fnt\n|faint|p2b: Pelipper\n|\n|-weather|RainDance|[upkeep]\n|upkeep\n|inactive|Blue Kaiser dragon has 25 seconds left this turn.\n|inactive|alecc3i has 120 seconds left.\n|\n|t:|1701114990\n|switch|p2a: Iron Bundle|Iron Bundle|13\/100\n|switch|p2b: Gholdengo|Gholdengo|56\/100\n|turn|12\n|\n|t:|1701115003\n|move|p2a: Iron Bundle|Freeze-Dry|p1a: Ogerpon\n|-supereffective|p1a: Ogerpon\n|-damage|p1a: Ogerpon|62\/100\n|move|p1a: Ogerpon|Ivy Cudgel|p2b: Gholdengo|[anim] Ivy Cudgel Water\n|-damage|p2b: Gholdengo|0 fnt\n|faint|p2b: Gholdengo\n|move|p1b: Rabsca|Recover|p1b: Rabsca\n|-heal|p1b: Rabsca|80\/100\n|\n|-weather|RainDance|[upkeep]\n|-heal|p2a: Iron Bundle|19\/100|[from] item: Leftovers\n|-sideend|p1: Blue Kaiser dragon|move: Aurora Veil\n|upkeep\n|\n|t:|1701115014\n|switch|p2b: Cyclizar|Cyclizar, M|86\/100\n|turn|13\n|inactive|Blue Kaiser dragon has 60 seconds left.\n|\n|t:|1701115039\n|move|p1a: Ogerpon|Spiky Shield|p1a: Ogerpon\n|-singleturn|p1a: Ogerpon|move: Protect\n|move|p2a: Iron Bundle|Freeze-Dry|p1a: Ogerpon\n|-activate|p1a: Ogerpon|move: Protect\n|move|p2b: Cyclizar|Knock Off|p1a: Ogerpon\n|-activate|p1a: Ogerpon|move: Protect\n|-damage|p2b: Cyclizar|73\/100|[from] Spiky Shield|[of] p1a: Ogerpon\n|move|p1b: Rabsca|Psychic|p2b: Cyclizar\n|-damage|p2b: Cyclizar|2\/100\n|\n|-weather|RainDance|[upkeep]\n|-heal|p2a: Iron Bundle|25\/100|[from] item: Leftovers\n|upkeep\n|turn|14\n|inactive|Blue Kaiser dragon has 60 seconds left.\n|\n|t:|1701115068\n|move|p2a: Iron Bundle|Freeze-Dry|p1a: Ogerpon\n|-supereffective|p1a: Ogerpon\n|-crit|p1a: Ogerpon\n|-damage|p1a: Ogerpon|0 fnt\n|faint|p1a: Ogerpon\n|move|p2b: Cyclizar|Knock Off|p1b: Rabsca\n|-supereffective|p1b: Rabsca\n|-crit|p1b: Rabsca\n|-damage|p1b: Rabsca|22\/100\n|move|p1b: Rabsca|Bug Buzz|p2b: Cyclizar\n|-damage|p2b: Cyclizar|0 fnt\n|faint|p2b: Cyclizar\n|\n|-weather|none\n|-heal|p2a: Iron Bundle|31\/100|[from] item: Leftovers\n|upkeep\n|inactive|Blue Kaiser dragon has 60 seconds left.\n|\n|t:|1701115085\n|switch|p2b: Florges|Florges-White, F|61\/100 frz\n|switch|p1a: Scizor|Scizor, M|50\/100\n|turn|15\n|\n|t:|1701115099\n|move|p2a: Iron Bundle|Protect|p2a: Iron Bundle\n|-singleturn|p2a: Iron Bundle|Protect\n|move|p1a: Scizor|Bullet Punch|p2b: Florges\n|-supereffective|p2b: Florges\n|-damage|p2b: Florges|0 fnt\n|faint|p2b: Florges\n|move|p1b: Rabsca|Psychic|p2a: Iron Bundle\n|-activate|p2a: Iron Bundle|move: Protect\n|\n|-heal|p2a: Iron Bundle|37\/100|[from] item: Leftovers\n|upkeep\n|turn|16\n|inactive|Blue Kaiser dragon has 90 seconds left.\n|\n|t:|1701115112\n|move|p1a: Scizor|Bullet Punch|p2a: Iron Bundle\n|-damage|p2a: Iron Bundle|0 fnt\n|faint|p2a: Iron Bundle\n|-end|p2a: Iron Bundle|Quark Drive|[silent]\n|\n|win|Blue Kaiser dragon\n|raw|Blue Kaiser dragon's rating: 1310 &rarr; <strong>1325<\/strong><br \/>(+15 for winning)\n|raw|alecc3i's rating: 1221 &rarr; <strong>1202<\/strong><br \/>(-19 for losing)\n|l|\u2606alecc3i\n|c|\u2606Blue Kaiser dragon|Gg\n","uploadtime":1701115142,"views":4,"p1id":"bluekaiserdragon","p2id":"alecc3i","formatid":"gen9doublesou","rating":1202,"private":0,"password":""}