{"id":"gen9doublesou-1968121764","p1":"finf fenf","p2":"Koshiro","format":"[Gen 9] Doubles OU","log":"|html|<div class=\"broadcast-blue\"><strong>[Gen 9] Doubles OU is currently suspecting Basculegion & Flutter Mane! For information on how to participate check out the <a href=\"https:\/\/www.smogon.com\/forums\/threads\/np-sv-dou-stage-8-double-trouble.3729153\/\">suspect thread<\/a>.<\/strong><\/div>\n|j|\u2606finf fenf\n|j|\u2606Koshiro\n|t:|1697386505\n|gametype|doubles\n|player|p1|finf fenf|hilda-wonderlauncher|1074\n|player|p2|Koshiro|169|1047\n|teamsize|p1|6\n|teamsize|p2|6\n|gen|9\n|tier|[Gen 9] Doubles OU\n|rated|\n|rule|Species Clause: Limit one of each Pok\u00e9mon\n|rule|OHKO Clause: OHKO moves are banned\n|rule|Evasion Moves Clause: Evasion moves are banned\n|rule|Gravity Sleep Clause: The combination of sleep-inducing moves with imperfect accuracy and Gravity or Gigantamax Orbeetle are banned\n|rule|Endless Battle Clause: Forcing endless battles is banned\n|rule|HP Percentage Mod: HP is shown in percentages\n|clearpoke\n|poke|p1|Flareon, M|\n|poke|p1|Vikavolt, M|\n|poke|p1|Rabsca, M|\n|poke|p1|Conkeldurr, F|\n|poke|p1|Sinistcha|\n|poke|p1|Ursaluna-Bloodmoon, M|\n|poke|p2|Kommo-o, F|\n|poke|p2|Oricorio-Sensu, M|\n|poke|p2|Lurantis, M|\n|poke|p2|Flamigo, M|\n|poke|p2|Dudunsparce-*, F|\n|poke|p2|Ninetales-Alola, F|\n|teampreview\n|inactive|Battle timer is ON: inactive players will automatically lose when time's up. (requested by finf fenf)\n|\n|t:|1697386527\n|start\n|switch|p1a: Sinistcha|Sinistcha|100\/100\n|switch|p1b: Conkeldurr|Conkeldurr, F|100\/100\n|switch|p2a: Kommo-o|Kommo-o, F|100\/100\n|switch|p2b: Oricorio|Oricorio-Sensu, M|100\/100\n|turn|1\n|\n|t:|1697386540\n|move|p2b: Oricorio|Protect|p2b: Oricorio\n|-singleturn|p2b: Oricorio|Protect\n|move|p2a: Kommo-o|Clangorous Soul|p2a: Kommo-o\n|-boost|p2a: Kommo-o|atk|1\n|-boost|p2a: Kommo-o|def|1\n|-boost|p2a: Kommo-o|spa|1\n|-boost|p2a: Kommo-o|spd|1\n|-boost|p2a: Kommo-o|spe|1\n|-damage|p2a: Kommo-o|68\/100\n|-enditem|p2a: Kommo-o|Throat Spray\n|-boost|p2a: Kommo-o|spa|1|[from] item: Throat Spray\n|-activate|p2b: Oricorio|ability: Dancer\n|move|p2b: Oricorio|Clangorous Soul|p2b: Oricorio|[from]ability: Dancer\n|-boost|p2b: Oricorio|atk|1\n|-boost|p2b: Oricorio|def|1\n|-boost|p2b: Oricorio|spa|1\n|-boost|p2b: Oricorio|spd|1\n|-boost|p2b: Oricorio|spe|1\n|-damage|p2b: Oricorio|68\/100\n|move|p1b: Conkeldurr|Ice Punch|p2b: Oricorio\n|-activate|p2b: Oricorio|move: Protect\n|move|p1a: Sinistcha|Trick Room|p1a: Sinistcha\n|-fieldstart|move: Trick Room|[of] p1a: Sinistcha\n|\n|-heal|p2b: Oricorio|74\/100|[from] item: Leftovers\n|upkeep\n|turn|2\n|inactive|Koshiro has 120 seconds left.\n|inactive|finf fenf has 120 seconds left.\n|\n|t:|1697386575\n|-terastallize|p2a: Kommo-o|Normal\n|move|p2b: Oricorio|Protect|p2b: Oricorio\n|-singleturn|p2b: Oricorio|Protect\n|move|p1b: Conkeldurr|Ice Punch|p2b: Oricorio\n|-activate|p2b: Oricorio|move: Protect\n|move|p1a: Sinistcha|Scald|p2a: Kommo-o\n|-crit|p2a: Kommo-o\n|-damage|p2a: Kommo-o|36\/100\n|move|p2a: Kommo-o|Boomburst|p1a: Sinistcha|[spread] p1b\n|-activate|p2b: Oricorio|move: Protect\n|-immune|p1a: Sinistcha\n|-damage|p1b: Conkeldurr|7\/100\n|\n|-heal|p2b: Oricorio|80\/100|[from] item: Leftovers\n|upkeep\n|turn|3\n|inactive|Koshiro has 120 seconds left.\n|\n|t:|1697386607\n|switch|p2b: Ninetales|Ninetales-Alola, F|100\/100\n|-weather|Snow|[from] ability: Snow Warning|[of] p2b: Ninetales\n|move|p1b: Conkeldurr|Drain Punch|p2a: Kommo-o\n|-supereffective|p2a: Kommo-o\n|-damage|p2a: Kommo-o|0 fnt\n|-heal|p1b: Conkeldurr|22\/100|[from] drain|[of] p2a: Kommo-o\n|faint|p2a: Kommo-o\n|-damage|p1b: Conkeldurr|12\/100|[from] item: Life Orb\n|move|p1a: Sinistcha|Matcha Gotcha|p2b: Ninetales\n|-damage|p2b: Ninetales|60\/100\n|\n|-weather|Snow|[upkeep]\n|upkeep\n|\n|t:|1697386624\n|switch|p2a: Lurantis|Lurantis, M|100\/100\n|turn|4\n|\n|t:|1697386638\n|move|p1b: Conkeldurr|Fire Punch|p2b: Ninetales\n|-supereffective|p2b: Ninetales\n|-damage|p2b: Ninetales|0 fnt\n|faint|p2b: Ninetales\n|-damage|p1b: Conkeldurr|2\/100|[from] item: Life Orb\n|move|p1a: Sinistcha|Matcha Gotcha|p2a: Lurantis\n|-resisted|p2a: Lurantis\n|-damage|p2a: Lurantis|88\/100\n|move|p2a: Lurantis|Superpower|p1b: Conkeldurr\n|-damage|p1b: Conkeldurr|0 fnt\n|-boost|p2a: Lurantis|atk|1\n|-boost|p2a: Lurantis|def|1\n|faint|p1b: Conkeldurr\n|\n|-weather|Snow|[upkeep]\n|upkeep\n|\n|t:|1697386658\n|switch|p1b: Flareon|Flareon, M|100\/100\n|switch|p2b: Flamigo|Flamigo, M|100\/100\n|-copyboost|p2b: Flamigo|p2a: Lurantis|[from] ability: Costar\n|turn|5\n|inactive|Koshiro has 120 seconds left.\n|\n|t:|1697386690\n|move|p1b: Flareon|Flare Blitz|p2a: Lurantis\n|-supereffective|p2a: Lurantis\n|-damage|p2a: Lurantis|0 fnt\n|faint|p2a: Lurantis\n|-damage|p1b: Flareon|71\/100|[from] Recoil\n|move|p1a: Sinistcha|Scald|p2b: Flamigo\n|-damage|p2b: Flamigo|63\/100\n|move|p2b: Flamigo|Substitute|p2b: Flamigo\n|-start|p2b: Flamigo|Substitute\n|-damage|p2b: Flamigo|39\/100\n|\n|-weather|Snow|[upkeep]\n|-fieldend|move: Trick Room\n|upkeep\n|inactive|Koshiro has 120 seconds left.\n|\n|t:|1697386710\n|switch|p2a: Oricorio|Oricorio-Sensu, M|80\/100\n|turn|6\n|\n|t:|1697386724\n|move|p2b: Flamigo|Acrobatics|p1a: Sinistcha\n|-supereffective|p1a: Sinistcha\n|-damage|p1a: Sinistcha|0 fnt\n|faint|p1a: Sinistcha\n|move|p2a: Oricorio|Quiver Dance|p2a: Oricorio\n|-boost|p2a: Oricorio|spa|1\n|-boost|p2a: Oricorio|spd|1\n|-boost|p2a: Oricorio|spe|1\n|move|p1b: Flareon|Flare Blitz|p2b: Flamigo\n|-end|p2b: Flamigo|Substitute\n|-damage|p1b: Flareon|63\/100|[from] Recoil|[of] p2b: Flamigo\n|\n|-weather|Snow|[upkeep]\n|-heal|p2a: Oricorio|86\/100|[from] item: Leftovers\n|upkeep\n|\n|t:|1697386740\n|switch|p1a: Vikavolt|Vikavolt, M|100\/100\n|turn|7\n|\n|t:|1697386766\n|move|p2a: Oricorio|Baton Pass|p2a: Oricorio\n|\n|t:|1697386768\n|switch|p2a: Dudunsparce|Dudunsparce-Three-Segment, F|100\/100|[from] Baton Pass\n|move|p2b: Flamigo|Acrobatics|p1a: Vikavolt\n|-damage|p1a: Vikavolt|23\/100\n|move|p1b: Flareon|Flare Blitz|p2b: Flamigo\n|-damage|p2b: Flamigo|0 fnt\n|faint|p2b: Flamigo\n|-damage|p1b: Flareon|52\/100|[from] Recoil\n|move|p1a: Vikavolt|Volt Switch|p2a: Dudunsparce\n|-damage|p2a: Dudunsparce|67\/100\n|\n|t:|1697386786\n|switch|p1a: Rabsca|Rabsca, M|100\/100|[from] Volt Switch\n|\n|-weather|none\n|upkeep\n|\n|t:|1697386792\n|switch|p2b: Oricorio|Oricorio-Sensu, M|86\/100\n|turn|8\n|\n|t:|1697386800\n|move|p2b: Oricorio|Quiver Dance|p2b: Oricorio\n|-boost|p2b: Oricorio|spa|1\n|-boost|p2b: Oricorio|spd|1\n|-boost|p2b: Oricorio|spe|1\n|move|p2a: Dudunsparce|Boomburst|p1a: Rabsca|[spread] p1a,p1b\n|-immune|p2b: Oricorio\n|-enditem|p2a: Dudunsparce|Normal Gem|[from] gem\n|-damage|p1a: Rabsca|42\/100\n|-damage|p1b: Flareon|0 fnt\n|faint|p1b: Flareon\n|move|p1a: Rabsca|Trick Room|p1a: Rabsca\n|-fieldstart|move: Trick Room|[of] p1a: Rabsca\n|\n|-heal|p1a: Rabsca|48\/100|[from] item: Leftovers\n|-heal|p2b: Oricorio|93\/100|[from] item: Leftovers\n|upkeep\n|\n|t:|1697386811\n|switch|p1b: Vikavolt|Vikavolt, M|23\/100\n|turn|9\n|\n|t:|1697386821\n|move|p2b: Oricorio|Protect|p2b: Oricorio\n|-singleturn|p2b: Oricorio|Protect\n|move|p1b: Vikavolt|Thunderbolt|p2b: Oricorio\n|-activate|p2b: Oricorio|move: Protect\n|move|p1a: Rabsca|Recover|p1a: Rabsca\n|-heal|p1a: Rabsca|98\/100\n|move|p2a: Dudunsparce|Boomburst|p1a: Rabsca|[spread] p1a,p1b\n|-activate|p2b: Oricorio|move: Protect\n|-damage|p1a: Rabsca|56\/100\n|-damage|p1b: Vikavolt|0 fnt\n|faint|p1b: Vikavolt\n|\n|-heal|p1a: Rabsca|62\/100|[from] item: Leftovers\n|-heal|p2b: Oricorio|99\/100|[from] item: Leftovers\n|upkeep\n|\n|t:|1697386824\n|switch|p1b: Ursaluna|Ursaluna-Bloodmoon, M|100\/100\n|turn|10\n|\n|t:|1697386849\n|move|p1a: Rabsca|Revival Blessing|p1a: Rabsca\n|\n|t:|1697386857\n|-heal|p1: Conkeldurr|50\/100|[from] move: Revival Blessing\n|move|p1b: Ursaluna|Blood Moon|p2a: Dudunsparce\n|-damage|p2a: Dudunsparce|22\/100\n|move|p2a: Dudunsparce|Boomburst|p1a: Rabsca|[spread] p1a,p1b\n|-immune|p2b: Oricorio\n|-damage|p1a: Rabsca|17\/100\n|-damage|p1b: Ursaluna|27\/100\n|move|p2b: Oricorio|Revelation Dance|p1a: Rabsca\n|-supereffective|p1a: Rabsca\n|-crit|p1a: Rabsca\n|-damage|p1a: Rabsca|0 fnt\n|faint|p1a: Rabsca\n|\n|-heal|p1b: Ursaluna|33\/100|[from] item: Leftovers\n|-heal|p2b: Oricorio|100\/100|[from] item: Leftovers\n|upkeep\n|\n|t:|1697386867\n|switch|p1a: Conkeldurr|Conkeldurr, F|50\/100\n|turn|11\n|\n|t:|1697386886\n|-terastallize|p1b: Ursaluna|Ground\n|move|p1a: Conkeldurr|Ice Punch|p2b: Oricorio\n|-supereffective|p2b: Oricorio\n|-damage|p2b: Oricorio|21\/100\n|-damage|p1a: Conkeldurr|41\/100|[from] item: Life Orb\n|move|p1b: Ursaluna|Earth Power|p2a: Dudunsparce\n|-damage|p2a: Dudunsparce|0 fnt\n|faint|p2a: Dudunsparce\n|move|p2b: Oricorio|Quiver Dance|p2b: Oricorio\n|-boost|p2b: Oricorio|spa|1\n|-boost|p2b: Oricorio|spd|1\n|-boost|p2b: Oricorio|spe|1\n|\n|-heal|p1b: Ursaluna|39\/100|[from] item: Leftovers\n|-heal|p2b: Oricorio|27\/100|[from] item: Leftovers\n|upkeep\n|turn|12\n|\n|t:|1697386903\n|move|p2b: Oricorio|Protect|p2b: Oricorio\n|-singleturn|p2b: Oricorio|Protect\n|move|p1a: Conkeldurr|Ice Punch|p2b: Oricorio\n|-activate|p2b: Oricorio|move: Protect\n|move|p1b: Ursaluna|Moonlight|p1b: Ursaluna\n|-heal|p1b: Ursaluna|89\/100\n|\n|-heal|p1b: Ursaluna|95\/100|[from] item: Leftovers\n|-heal|p2b: Oricorio|33\/100|[from] item: Leftovers\n|-fieldend|move: Trick Room\n|upkeep\n|turn|13\n|\n|t:|1697386920\n|move|p2b: Oricorio|Revelation Dance|p1a: Conkeldurr\n|-damage|p1a: Conkeldurr|0 fnt\n|faint|p1a: Conkeldurr\n|move|p1b: Ursaluna|Moonlight|p1b: Ursaluna\n|-heal|p1b: Ursaluna|100\/100\n|\n|-heal|p2b: Oricorio|39\/100|[from] item: Leftovers\n|upkeep\n|turn|14\n|\n|t:|1697386935\n|move|p2b: Oricorio|Quiver Dance|p2b: Oricorio\n|-boost|p2b: Oricorio|spa|1\n|-boost|p2b: Oricorio|spd|1\n|-boost|p2b: Oricorio|spe|1\n|move|p1b: Ursaluna|Calm Mind|p1b: Ursaluna\n|-boost|p1b: Ursaluna|spa|1\n|-boost|p1b: Ursaluna|spd|1\n|\n|-heal|p2b: Oricorio|45\/100|[from] item: Leftovers\n|upkeep\n|turn|15\n|\n|t:|1697386946\n|move|p2b: Oricorio|Revelation Dance|p1b: Ursaluna\n|-damage|p1b: Ursaluna|32\/100\n|move|p1b: Ursaluna|Calm Mind|p1b: Ursaluna\n|-boost|p1b: Ursaluna|spa|1\n|-boost|p1b: Ursaluna|spd|1\n|\n|-heal|p2b: Oricorio|52\/100|[from] item: Leftovers\n|-heal|p1b: Ursaluna|38\/100|[from] item: Leftovers\n|upkeep\n|turn|16\n|\n|t:|1697386957\n|move|p2b: Oricorio|Revelation Dance|p1b: Ursaluna\n|-damage|p1b: Ursaluna|0 fnt\n|faint|p1b: Ursaluna\n|\n|win|Koshiro\n|raw|finf fenf's rating: 1074 &rarr; <strong>1051<\/strong><br \/>(-23 for losing)\n|raw|Koshiro's rating: 1047 &rarr; <strong>1083<\/strong><br \/>(+36 for winning)\n|l|\u2606finf fenf\n|c|\u2606Koshiro|Nice i beat 7 pokes\n","uploadtime":1697386984,"views":15,"p1id":"finffenf","p2id":"koshiro","formatid":"gen9doublesou","rating":1051,"private":0,"password":""}