{"id":"gen9doublesou-1981531680","p1":"hpl12345","p2":"Blonking","format":"[Gen 9] Doubles OU","log":"|j|\u2606hpl12345\n|j|\u2606Blonking\n|inactive|Battle timer is ON: inactive players will automatically lose when time's up.\n|t:|1698913480\n|gametype|doubles\n|player|p1|hpl12345|1|\n|player|p2|Blonking|170|\n|teamsize|p1|2\n|teamsize|p2|2\n|gen|9\n|tier|[Gen 9] Doubles OU\n|rated|Tournament battle\n|rule|Species Clause: Limit one of each Pok\u00e9mon\n|rule|OHKO Clause: OHKO moves are banned\n|rule|Evasion Moves Clause: Evasion moves are banned\n|rule|Gravity Sleep Clause: The combination of sleep-inducing moves with imperfect accuracy and Gravity or Gigantamax Orbeetle are banned\n|rule|Endless Battle Clause: Forcing endless battles is banned\n|rule|HP Percentage Mod: HP is shown in percentages\n|clearpoke\n|poke|p1|Snorlax, F|\n|poke|p1|Haxorus, F|\n|poke|p2|Gliscor, F|\n|poke|p2|Basculegion-F, F|\n|teampreview\n|j|*Lady Monita \u263d\n|inactive|Blonking also wants the timer to be on.\n|inactive|hpl12345 has 120 seconds left.\n|j| NitroCat21\n|c|\u2606Blonking|Hi\n|c|\u2606Blonking|Glhf\n|\n|t:|1698913528\n|start\n|switch|p1a: Snorlax|Snorlax, F|100\/100\n|switch|p1b: Haxorus|Haxorus, F|100\/100\n|switch|p2a: Basculegion|Basculegion-F, F|100\/100\n|switch|p2b: Gliscor|Gliscor, F|100\/100\n|-ability|p1b: Haxorus|Mold Breaker\n|turn|1\n|\n|t:|1698913539\n|-terastallize|p2a: Basculegion|Water\n|move|p2b: Gliscor|Protect|p2b: Gliscor\n|-singleturn|p2b: Gliscor|Protect\n|move|p2a: Basculegion|Wave Crash|p1a: Snorlax\n|-damage|p1a: Snorlax|33\/100\n|-damage|p2a: Basculegion|70\/100|[from] Recoil\n|move|p1b: Haxorus|Dragon Dance|p1b: Haxorus\n|-boost|p1b: Haxorus|atk|1\n|-boost|p1b: Haxorus|spe|1\n|move|p1a: Snorlax|Curse|p1a: Snorlax\n|-unboost|p1a: Snorlax|spe|1\n|-boost|p1a: Snorlax|atk|1\n|-boost|p1a: Snorlax|def|1\n|\n|-heal|p1a: Snorlax|39\/100|[from] item: Leftovers\n|-status|p2b: Gliscor|tox|[from] item: Toxic Orb\n|upkeep\n|turn|2\n|\n|t:|1698913557\n|move|p1a: Snorlax|Protect|p1a: Snorlax\n|-singleturn|p1a: Snorlax|Protect\n|move|p1b: Haxorus|Outrage|p2b: Gliscor\n|-damage|p2b: Gliscor|35\/100 tox\n|move|p2a: Basculegion|Wave Crash|p1a: Snorlax\n|-activate|p1a: Snorlax|move: Protect\n|move|p2b: Gliscor|Toxic|p1b: Haxorus\n|-status|p1b: Haxorus|tox\n|\n|-heal|p1a: Snorlax|45\/100|[from] item: Leftovers\n|-damage|p1b: Haxorus|94\/100 tox|[from] psn\n|-heal|p2b: Gliscor|48\/100 tox|[from] ability: Poison Heal\n|upkeep\n|turn|3\n|\n|t:|1698913574\n|move|p2b: Gliscor|Protect|p2b: Gliscor\n|-singleturn|p2b: Gliscor|Protect\n|move|p1b: Haxorus|Outrage|p2b: Gliscor|[from]lockedmove\n|-activate|p2b: Gliscor|move: Protect\n|-start|p1b: Haxorus|confusion|[fatigue]\n|move|p2a: Basculegion|Wave Crash|p1a: Snorlax\n|-damage|p1a: Snorlax|0 fnt\n|faint|p1a: Snorlax\n|-damage|p2a: Basculegion|50\/100|[from] Recoil\n|\n|-damage|p1b: Haxorus|82\/100 tox|[from] psn\n|-heal|p2b: Gliscor|60\/100 tox|[from] ability: Poison Heal\n|upkeep\n|turn|4\n|\n|t:|1698913590\n|-activate|p1b: Haxorus|confusion\n|move|p1b: Haxorus|Outrage|p2b: Gliscor\n|-damage|p2b: Gliscor|0 fnt\n|faint|p2b: Gliscor\n|move|p2a: Basculegion|Wave Crash|p1b: Haxorus\n|-resisted|p1b: Haxorus\n|-damage|p1b: Haxorus|33\/100 tox\n|-damage|p2a: Basculegion|37\/100|[from] Recoil\n|\n|-damage|p1b: Haxorus|14\/100 tox|[from] psn\n|upkeep\n|turn|5\n|\n|t:|1698913596\n|-activate|p1b: Haxorus|confusion\n|-damage|p1b: Haxorus|0 fnt|[from] confusion\n|faint|p1b: Haxorus\n|\n|win|Blonking\n|n|\u2606hpl12345|hpl12345\n|n|\u2606Blonking|blonking\n|n|*Lady Monita \u263d|ladymonita\n|n| NitroCat21|nitrocat21\n|l|*Lady Monita \u263d\n|c|\u2606hpl12345|gg\n|j| Carolina6969\n|l| NitroCat21\n|l|\u2606Blonking\n|l| Carolina6969\n|j|\u2606Blonking\n|player|p2|Blonking|170\n","uploadtime":1698913597,"views":31,"p1id":"hpl12345","p2id":"blonking","formatid":"gen9doublesou","rating":0,"private":0,"password":""}