{"id":"gen9doublesou-1970182844","p1":"Use Guard Specs","p2":"Justaninja1","format":"[Gen 9] Doubles OU","log":"|j|\u2606Use Guard Specs\n|j|\u2606Justaninja1\n|inactive|Battle timer is ON: inactive players will automatically lose when time's up.\n|t:|1697606395\n|gametype|doubles\n|player|p1|Use Guard Specs|scientist-gen4dp|\n|player|p2|Justaninja1|101|\n|teamsize|p1|6\n|teamsize|p2|6\n|gen|9\n|tier|[Gen 9] Doubles OU\n|rated|Tournament battle\n|rule|Species Clause: Limit one of each Pok\u00e9mon\n|rule|OHKO Clause: OHKO moves are banned\n|rule|Evasion Moves Clause: Evasion moves are banned\n|rule|Gravity Sleep Clause: The combination of sleep-inducing moves with imperfect accuracy and Gravity or Gigantamax Orbeetle are banned\n|rule|Endless Battle Clause: Forcing endless battles is banned\n|rule|HP Percentage Mod: HP is shown in percentages\n|clearpoke\n|poke|p1|Rookidee, M|\n|poke|p1|Quaxwell, F|\n|poke|p1|Lucario, M|\n|poke|p1|Hariyama, F|\n|poke|p1|Electrode-Hisui|\n|poke|p1|Azumarill, M|\n|poke|p2|Crabominable, M|\n|poke|p2|Slowbro, F|\n|poke|p2|Shinx, F|\n|poke|p2|Mismagius, F|\n|poke|p2|Ninetales-Alola, M|\n|poke|p2|Naclstack, M|\n|teampreview\n|j|*Lady Monita \u263d\n|inactive|Justaninja1 also wants the timer to be on.\n|\n|t:|1697606412\n|start\n|switch|p1a: Lucario|Lucario, M|100\/100\n|switch|p1b: Rookidee|Rookidee, M|100\/100\n|switch|p2a: Shinx|Shinx, F|100\/100\n|switch|p2b: Slowbro|Slowbro, F|100\/100\n|-ability|p1b: Rookidee|Unnerve\n|-ability|p2a: Shinx|Intimidate|boost\n|-fail|p1a: Lucario|unboost|Attack|[from] ability: Inner Focus|[of] p1a: Lucario\n|-unboost|p1b: Rookidee|atk|1\n|turn|1\n|\n|t:|1697606424\n|switch|p1a: Quaxwell|Quaxwell, F|100\/100\n|move|p1b: Rookidee|Tailwind|p1b: Rookidee\n|-sidestart|p1: Use Guard Specs|move: Tailwind\n|move|p2a: Shinx|Wild Charge|p1b: Rookidee\n|-supereffective|p1b: Rookidee\n|-damage|p1b: Rookidee|0 fnt\n|faint|p1b: Rookidee\n|-damage|p2a: Shinx|77\/100|[from] Recoil\n|move|p2b: Slowbro|Trick Room|p2b: Slowbro\n|-fieldstart|move: Trick Room|[of] p2b: Slowbro\n|\n|upkeep\n|\n|t:|1697606435\n|switch|p1b: Hariyama|Hariyama, F|100\/100\n|turn|2\n|\n|t:|1697606452\n|move|p1b: Hariyama|Fake Out|p2a: Shinx\n|-damage|p2a: Shinx|50\/100\n|move|p2b: Slowbro|Psychic|p1b: Hariyama\n|-supereffective|p1b: Hariyama\n|-damage|p1b: Hariyama|11\/100\n|cant|p2a: Shinx|flinch\n|move|p1a: Quaxwell|Liquidation|p2a: Shinx\n|-damage|p2a: Shinx|8\/100\n|\n|-status|p1b: Hariyama|brn|[from] item: Flame Orb\n|upkeep\n|turn|3\n|\n|t:|1697606472\n|move|p2a: Shinx|Quick Attack|p1b: Hariyama\n|-damage|p1b: Hariyama|1\/100 brn\n|move|p2b: Slowbro|Heal Pulse|p2a: Shinx\n|-heal|p2a: Shinx|58\/100\n|move|p1b: Hariyama|Facade|p2b: Slowbro\n|-damage|p2b: Slowbro|37\/100\n|-enditem|p2b: Slowbro|Sitrus Berry|[eat]\n|-heal|p2b: Slowbro|62\/100|[from] item: Sitrus Berry\n|move|p1a: Quaxwell|Liquidation|p2a: Shinx\n|-damage|p2a: Shinx|14\/100\n|-unboost|p2a: Shinx|def|1\n|\n|-damage|p1b: Hariyama|0 fnt|[from] brn\n|faint|p1b: Hariyama\n|upkeep\n|\n|t:|1697606491\n|switch|p1b: Lucario|Lucario, M|100\/100\n|turn|4\n|\n|t:|1697606507\n|-terastallize|p1b: Lucario|Water\n|move|p2b: Slowbro|Hydro Pump|p1b: Lucario\n|-resisted|p1b: Lucario\n|-damage|p1b: Lucario|60\/100\n|move|p2a: Shinx|Wild Charge|p1a: Quaxwell\n|-supereffective|p1a: Quaxwell\n|-damage|p1a: Quaxwell|59\/100\n|-damage|p2a: Shinx|2\/100|[from] Recoil\n|move|p1a: Quaxwell|Liquidation|p2a: Shinx\n|-damage|p2a: Shinx|0 fnt\n|faint|p2a: Shinx\n|-ability|p1a: Quaxwell|Moxie|boost\n|-boost|p1a: Quaxwell|atk|1\n|move|p1b: Lucario|Swords Dance|p1b: Lucario\n|-boost|p1b: Lucario|atk|2\n|\n|-sideend|p1: Use Guard Specs|move: Tailwind\n|upkeep\n|\n|t:|1697606528\n|switch|p2a: Crabominable|Crabominable, M|100\/100\n|turn|5\n|\n|t:|1697606537\n|move|p1b: Lucario|Bullet Punch|p2a: Crabominable\n|-supereffective|p2a: Crabominable\n|-damage|p2a: Crabominable|21\/100\n|move|p2a: Crabominable|Drain Punch|p1b: Lucario\n|-damage|p1b: Lucario|0 fnt\n|-heal|p2a: Crabominable|42\/100|[from] drain|[of] p1b: Lucario\n|faint|p1b: Lucario\n|move|p2b: Slowbro|Psychic|p1a: Quaxwell\n|-damage|p1a: Quaxwell|12\/100\n|move|p1a: Quaxwell|Roost|p1a: Quaxwell\n|-heal|p1a: Quaxwell|62\/100\n|-singleturn|p1a: Quaxwell|move: Roost\n|\n|-fieldend|move: Trick Room\n|upkeep\n|\n|t:|1697606545\n|switch|p1b: Electrode|Electrode-Hisui|100\/100\n|turn|6\n|\n|t:|1697606562\n|-terastallize|p2b: Slowbro|Fire\n|move|p1b: Electrode|Thunderbolt|p2b: Slowbro\n|-damage|p2b: Slowbro|14\/100\n|-damage|p1b: Electrode|91\/100|[from] item: Life Orb\n|move|p1a: Quaxwell|Liquidation|p2a: Crabominable\n|-damage|p2a: Crabominable|0 fnt\n|faint|p2a: Crabominable\n|-ability|p1a: Quaxwell|Moxie|boost\n|-boost|p1a: Quaxwell|atk|1\n|move|p2b: Slowbro|Trick Room|p2b: Slowbro\n|-fieldstart|move: Trick Room|[of] p2b: Slowbro\n|\n|upkeep\n|\n|t:|1697606571\n|switch|p2a: Naclstack|Naclstack, M|100\/100\n|turn|7\n|\n|t:|1697606583\n|move|p1b: Electrode|Protect|p1b: Electrode\n|-singleturn|p1b: Electrode|Protect\n|move|p2b: Slowbro|Psychic|p1a: Quaxwell\n|-damage|p1a: Quaxwell|18\/100\n|move|p2a: Naclstack|Salt Cure|p1a: Quaxwell\n|-damage|p1a: Quaxwell|12\/100\n|-start|p1a: Quaxwell|Salt Cure\n|move|p1a: Quaxwell|Liquidation|p2a: Naclstack\n|-supereffective|p2a: Naclstack\n|-damage|p2a: Naclstack|24\/100\n|-unboost|p2a: Naclstack|def|1\n|\n|-damage|p1a: Quaxwell|0 fnt|[from] Salt Cure\n|faint|p1a: Quaxwell\n|upkeep\n|\n|t:|1697606596\n|switch|p1a: Azumarill|Azumarill, M|100\/100\n|turn|8\n|\n|t:|1697606615\n|move|p1a: Azumarill|Aqua Jet|p2a: Naclstack\n|-supereffective|p2a: Naclstack\n|-damage|p2a: Naclstack|0 fnt\n|faint|p2a: Naclstack\n|move|p2b: Slowbro|Psychic|p1a: Azumarill\n|-crit|p1a: Azumarill\n|-damage|p1a: Azumarill|39\/100\n|-enditem|p1a: Azumarill|Sitrus Berry|[eat]\n|-heal|p1a: Azumarill|64\/100|[from] item: Sitrus Berry\n|move|p1b: Electrode|Thunderbolt|p2b: Slowbro\n|-damage|p2b: Slowbro|0 fnt\n|faint|p2b: Slowbro\n|-damage|p1b: Electrode|81\/100|[from] item: Life Orb\n|\n|upkeep\n|\n|t:|1697606618\n|switch|p2b: Mismagius|Mismagius, F|100\/100\n|switch|p2a: Ninetales|Ninetales-Alola, M|100\/100\n|-weather|Snow|[from] ability: Snow Warning|[of] p2a: Ninetales\n|turn|9\n|\n|t:|1697606642\n|move|p1b: Electrode|Protect|p1b: Electrode\n|-singleturn|p1b: Electrode|Protect\n|move|p1a: Azumarill|Liquidation|p2a: Ninetales\n|-damage|p2a: Ninetales|44\/100\n|move|p2b: Mismagius|Thunderbolt|p1a: Azumarill\n|-supereffective|p1a: Azumarill\n|-damage|p1a: Azumarill|0 fnt\n|faint|p1a: Azumarill\n|-damage|p2b: Mismagius|91\/100|[from] item: Life Orb\n|move|p2a: Ninetales|Blizzard|p1b: Electrode\n|-activate|p1b: Electrode|move: Protect\n|\n|-weather|Snow|[upkeep]\n|upkeep\n|turn|10\n|\n|t:|1697606654\n|move|p2b: Mismagius|Shadow Ball|p1b: Electrode\n|-damage|p1b: Electrode|7\/100\n|-unboost|p1b: Electrode|spd|1\n|-damage|p2b: Mismagius|81\/100|[from] item: Life Orb\n|move|p2a: Ninetales|Blizzard|p1b: Electrode\n|-supereffective|p1b: Electrode\n|-damage|p1b: Electrode|0 fnt\n|faint|p1b: Electrode\n|\n|win|Justaninja1\n|n|\u2606Use Guard Specs|useguardspecs\n|n|\u2606Justaninja1|justaninja1\n|n|*Lady Monita \u263d|ladymonita\n","uploadtime":1697606655,"views":14,"p1id":"useguardspecs","p2id":"justaninja1","formatid":"gen9doublesou","rating":0,"private":0,"password":""}