{"id":"gen9doublesou-1983629000","p1":"Ijumpshot","p2":"afdk","format":"[Gen 9] Doubles OU","log":"|j|\u2606Ijumpshot\n|j|\u2606afdk\n|t:|1699151347\n|gametype|doubles\n|player|p1|Ijumpshot|101|1054\n|player|p2|afdk|102|1048\n|teamsize|p1|6\n|teamsize|p2|6\n|gen|9\n|tier|[Gen 9] Doubles OU\n|rated|\n|rule|Species Clause: Limit one of each Pok\u00e9mon\n|rule|OHKO Clause: OHKO moves are banned\n|rule|Evasion Moves Clause: Evasion moves are banned\n|rule|Gravity Sleep Clause: The combination of sleep-inducing moves with imperfect accuracy and Gravity or Gigantamax Orbeetle are banned\n|rule|Endless Battle Clause: Forcing endless battles is banned\n|rule|HP Percentage Mod: HP is shown in percentages\n|clearpoke\n|poke|p1|Hydreigon, F|\n|poke|p1|Appletun, M|\n|poke|p1|Arbok, F|\n|poke|p1|Arcanine-Hisui, F|\n|poke|p1|Articuno|\n|poke|p1|Bellibolt, M|\n|poke|p2|Kommo-o, M|\n|poke|p2|Ogerpon, F|\n|poke|p2|Hawlucha, F|\n|poke|p2|Pincurchin, F|\n|poke|p2|Ursaluna, F|\n|poke|p2|Brambleghast, F|\n|teampreview\n|inactive|Battle timer is ON: inactive players will automatically lose when time's up. (requested by Ijumpshot)\n|\n|t:|1699151356\n|start\n|switch|p1a: Articuno|Articuno, shiny|100\/100\n|switch|p1b: Arbok|Arbok, F, shiny|100\/100\n|switch|p2a: Pincurchin|Pincurchin, F|100\/100\n|switch|p2b: Hawlucha|Hawlucha, F, shiny|100\/100\n|-ability|p1b: Arbok|Intimidate|boost\n|-unboost|p2a: Pincurchin|atk|1\n|-unboost|p2b: Hawlucha|atk|1\n|-fieldstart|move: Electric Terrain|[from] ability: Electric Surge|[of] p2a: Pincurchin\n|-enditem|p2b: Hawlucha|Electric Seed\n|-boost|p2b: Hawlucha|def|1|[from] item: Electric Seed\n|turn|1\n|\n|t:|1699151381\n|switch|p1a: Hydreigon|Hydreigon, F|100\/100\n|-terastallize|p2b: Hawlucha|Flying\n|move|p2b: Hawlucha|Acrobatics|p1a: Hydreigon\n|-damage|p1a: Hydreigon|59\/100\n|move|p1b: Arbok|Toxic Spikes|p2b: Hawlucha\n|-sidestart|p2: afdk|move: Toxic Spikes\n|move|p2a: Pincurchin|Liquidation|p1b: Arbok\n|-damage|p1b: Arbok|78\/100\n|-damage|p2a: Pincurchin|84\/100|[from] item: Rocky Helmet|[of] p1b: Arbok\n|\n|upkeep\n|turn|2\n|\n|t:|1699151411\n|move|p2a: Pincurchin|Sucker Punch|p1b: Arbok\n|-damage|p1b: Arbok|60\/100\n|-damage|p2a: Pincurchin|67\/100|[from] item: Rocky Helmet|[of] p1b: Arbok\n|move|p2b: Hawlucha|Acrobatics|p1a: Hydreigon\n|-damage|p1a: Hydreigon|15\/100\n|move|p1a: Hydreigon|Dragon Dance|p1a: Hydreigon\n|-boost|p1a: Hydreigon|atk|1\n|-boost|p1a: Hydreigon|spe|1\n|move|p1b: Arbok|Knock Off|p2b: Hawlucha\n|-damage|p2b: Hawlucha|84\/100\n|\n|upkeep\n|turn|3\n|\n|t:|1699151435\n|move|p1a: Hydreigon|Protect|p1a: Hydreigon\n|-singleturn|p1a: Hydreigon|Protect\n|move|p2b: Hawlucha|Acrobatics|p1a: Hydreigon\n|-activate|p1a: Hydreigon|move: Protect\n|move|p1b: Arbok|Knock Off|p2a: Pincurchin\n|-damage|p2a: Pincurchin|35\/100\n|-enditem|p2a: Pincurchin|Zap Plate|[from] move: Knock Off|[of] p1b: Arbok\n|move|p2a: Pincurchin|Liquidation|p1b: Arbok\n|-damage|p1b: Arbok|37\/100\n|-damage|p2a: Pincurchin|18\/100|[from] item: Rocky Helmet|[of] p1b: Arbok\n|\n|upkeep\n|turn|4\n|inactive|afdk has 120 seconds left.\n|\n|t:|1699151469\n|move|p2a: Pincurchin|Sucker Punch|p1b: Arbok\n|-damage|p1b: Arbok|19\/100\n|-damage|p2a: Pincurchin|1\/100|[from] item: Rocky Helmet|[of] p1b: Arbok\n|move|p2b: Hawlucha|Acrobatics|p1a: Hydreigon\n|-damage|p1a: Hydreigon|0 fnt\n|faint|p1a: Hydreigon\n|move|p1b: Arbok|Leech Life|p2a: Pincurchin\n|-damage|p2a: Pincurchin|0 fnt\n|-heal|p1b: Arbok|19\/100|[from] drain|[of] p2a: Pincurchin\n|faint|p2a: Pincurchin\n|\n|upkeep\n|\n|t:|1699151487\n|switch|p1a: Bellibolt|Bellibolt, M, shiny|100\/100\n|switch|p2a: Ursaluna|Ursaluna, F|100\/100\n|-status|p2a: Ursaluna|psn\n|turn|5\n|inactive|Ijumpshot has 120 seconds left.\n|inactive|Ijumpshot has 90 seconds left.\n|\n|t:|1699151554\n|-terastallize|p1a: Bellibolt|Grass\n|move|p2b: Hawlucha|Acrobatics|p1b: Arbok\n|-damage|p1b: Arbok|0 fnt\n|-damage|p2b: Hawlucha|67\/100|[from] item: Rocky Helmet|[of] p1b: Arbok\n|faint|p1b: Arbok\n|move|p2a: Ursaluna|Facade|p1a: Bellibolt\n|-damage|p1a: Bellibolt|0 fnt\n|faint|p1a: Bellibolt\n|\n|-damage|p2a: Ursaluna|88\/100 psn|[from] psn\n|-fieldend|move: Electric Terrain\n|upkeep\n|\n|t:|1699151568\n|switch|p1b: Appletun|Appletun, M|100\/100\n|switch|p1a: Arcanine|Arcanine-Hisui, F, shiny|100\/100\n|turn|6\n|\n|t:|1699151586\n|move|p2b: Hawlucha|Flying Press|p1a: Arcanine\n|-damage|p1a: Arcanine|69\/100\n|move|p1a: Arcanine|Head Smash|p2b: Hawlucha\n|-supereffective|p2b: Hawlucha\n|-damage|p2b: Hawlucha|0 fnt\n|faint|p2b: Hawlucha\n|move|p2a: Ursaluna|Facade|p1b: Appletun\n|-damage|p1b: Appletun|0 fnt\n|faint|p1b: Appletun\n|\n|-damage|p2a: Ursaluna|75\/100 psn|[from] psn\n|upkeep\n|inactive|Ijumpshot has 90 seconds left.\n|\n|t:|1699151620\n|switch|p2b: Ogerpon|Ogerpon, F|100\/100\n|switch|p1b: Articuno|Articuno, shiny|100\/100\n|turn|7\n|\n|t:|1699151637\n|move|p1a: Arcanine|Head Smash|p2b: Ogerpon\n|-damage|p2b: Ogerpon|0 fnt\n|faint|p2b: Ogerpon\n|move|p1b: Articuno|Freeze-Dry|p2a: Ursaluna\n|-supereffective|p2a: Ursaluna\n|-damage|p2a: Ursaluna|40\/100 psn\n|move|p2a: Ursaluna|Facade|p1a: Arcanine\n|-resisted|p1a: Arcanine\n|-damage|p1a: Arcanine|0 fnt\n|faint|p1a: Arcanine\n|\n|-damage|p2a: Ursaluna|28\/100 psn|[from] psn\n|upkeep\n|\n|t:|1699151653\n|switch|p2b: Brambleghast|Brambleghast, F|100\/100\n|-status|p2b: Brambleghast|psn\n|turn|8\n|\n|t:|1699151665\n|move|p1b: Articuno|Freeze-Dry|p2a: Ursaluna\n|-supereffective|p2a: Ursaluna\n|-damage|p2a: Ursaluna|0 fnt\n|faint|p2a: Ursaluna\n|move|p2b: Brambleghast|Energy Ball|p1b: Articuno\n|-resisted|p1b: Articuno\n|-damage|p1b: Articuno|88\/100\n|\n|-damage|p2b: Brambleghast|88\/100 psn|[from] psn\n|upkeep\n|\n|t:|1699151675\n|switch|p2a: Kommo-o|Kommo-o, M|100\/100\n|-status|p2a: Kommo-o|psn\n|turn|9\n|\n|t:|1699151685\n|move|p1b: Articuno|Blizzard|p2a: Kommo-o|[spread] p2a\n|-ability|p2b: Brambleghast|Wind Rider|boost\n|-boost|p2b: Brambleghast|atk|1\n|-supereffective|p2a: Kommo-o\n|-damage|p2a: Kommo-o|48\/100 psn\n|move|p2b: Brambleghast|Giga Drain|p1b: Articuno\n|-resisted|p1b: Articuno\n|-damage|p1b: Articuno|79\/100\n|-heal|p2b: Brambleghast|93\/100 psn|[from] drain|[of] p1b: Articuno\n|move|p2a: Kommo-o|Outrage|p1b: Articuno\n|-damage|p1b: Articuno|20\/100\n|\n|-heal|p2a: Kommo-o|54\/100 psn|[from] item: Leftovers\n|-damage|p2b: Brambleghast|81\/100 psn|[from] psn\n|-damage|p2a: Kommo-o|42\/100 psn|[from] psn\n|upkeep\n|turn|10\n|\n|t:|1699151712\n|move|p1b: Articuno|Freeze-Dry|p2a: Kommo-o\n|-supereffective|p2a: Kommo-o\n|-damage|p2a: Kommo-o|0 fnt\n|faint|p2a: Kommo-o\n|move|p2b: Brambleghast|Grass Knot|p1b: Articuno\n|-resisted|p1b: Articuno\n|-damage|p1b: Articuno|10\/100\n|\n|-damage|p2b: Brambleghast|68\/100 psn|[from] psn\n|upkeep\n|turn|11\n|\n|t:|1699151732\n|move|p1b: Articuno|Freeze-Dry|p2b: Brambleghast\n|-supereffective|p2b: Brambleghast\n|-damage|p2b: Brambleghast|4\/100 psn\n|move|p2b: Brambleghast|Energy Ball|p1b: Articuno\n|-resisted|p1b: Articuno\n|-damage|p1b: Articuno|0 fnt\n|faint|p1b: Articuno\n|\n|win|afdk\n|raw|Ijumpshot's rating: 1054 &rarr; <strong>1036<\/strong><br \/>(-18 for losing)\n|raw|afdk's rating: 1048 &rarr; <strong>1081<\/strong><br \/>(+33 for winning)\n|l|\u2606Ijumpshot\n","uploadtime":1699151750,"views":18,"p1id":"ijumpshot","p2id":"afdk","formatid":"gen9doublesou","rating":1036,"private":0,"password":""}