{"id":"gen9doublesou-1994225499","p1":"CurlyNQuirky","p2":"ShadedNoir","format":"[Gen 9] Doubles OU","log":"|j|\u2606CurlyNQuirky\n|j|\u2606ShadedNoir\n|t:|1700420871\n|gametype|doubles\n|player|p1|CurlyNQuirky|266|1249\n|player|p2|ShadedNoir|olympia|1276\n|teamsize|p1|6\n|teamsize|p2|6\n|gen|9\n|tier|[Gen 9] Doubles OU\n|rated|\n|rule|Species Clause: Limit one of each Pok\u00e9mon\n|rule|OHKO Clause: OHKO moves are banned\n|rule|Evasion Moves Clause: Evasion moves are banned\n|rule|Gravity Sleep Clause: The combination of sleep-inducing moves with imperfect accuracy and Gravity or Gigantamax Orbeetle are banned\n|rule|Endless Battle Clause: Forcing endless battles is banned\n|rule|HP Percentage Mod: HP is shown in percentages\n|clearpoke\n|poke|p1|Haxorus, M|\n|poke|p1|Iron Bundle|\n|poke|p1|Talonflame, M|\n|poke|p1|Umbreon, F|\n|poke|p1|Flutter Mane|\n|poke|p1|Mesprit|\n|poke|p2|Gholdengo|\n|poke|p2|Ceruledge, F|\n|poke|p2|Brambleghast, M|\n|poke|p2|Dragapult, M|\n|poke|p2|Flutter Mane|\n|poke|p2|Basculegion-F, F|\n|teampreview\n|\n|t:|1700420912\n|start\n|switch|p1a: Umbreon|Umbreon, F, shiny|100\/100\n|switch|p1b: Flutter Mane|Flutter Mane|100\/100\n|switch|p2a: Flutter Mane|Flutter Mane|100\/100\n|switch|p2b: Ceruledge|Ceruledge, F|100\/100\n|-enditem|p2a: Flutter Mane|Booster Energy\n|-activate|p2a: Flutter Mane|ability: Protosynthesis|[fromitem]\n|-start|p2a: Flutter Mane|protosynthesisspe\n|turn|1\n|\n|t:|1700420951\n|-end|p1b: Flutter Mane|Protosynthesis|[silent]\n|switch|p1b: Talonflame|Talonflame, M|100\/100\n|switch|p2b: Brambleghast|Brambleghast, M|100\/100\n|move|p2a: Flutter Mane|Icy Wind|p1a: Umbreon|[spread] p1a,p1b\n|-crit|p1a: Umbreon\n|-damage|p1a: Umbreon|88\/100\n|-damage|p1b: Talonflame|79\/100\n|-unboost|p1a: Umbreon|spe|1\n|-unboost|p1b: Talonflame|spe|1\n|move|p1a: Umbreon|Foul Play|p2b: Brambleghast\n|-supereffective|p2b: Brambleghast\n|-enditem|p2b: Brambleghast|Focus Sash\n|-damage|p2b: Brambleghast|1\/100\n|\n|upkeep\n|turn|2\n|\n|t:|1700420981\n|move|p2a: Flutter Mane|Moonblast|p1a: Umbreon\n|-supereffective|p1a: Umbreon\n|-damage|p1a: Umbreon|33\/100\n|move|p2b: Brambleghast|Power Whip|p1a: Umbreon\n|-damage|p1a: Umbreon|0 fnt\n|-damage|p2b: Brambleghast|0 fnt|[from] item: Rocky Helmet|[of] p1a: Umbreon\n|faint|p1a: Umbreon\n|faint|p2b: Brambleghast\n|move|p1b: Talonflame|Flare Blitz|p2a: Flutter Mane\n|-damage|p2a: Flutter Mane|7\/100\n|-damage|p1b: Talonflame|53\/100|[from] Recoil\n|\n|upkeep\n|\n|t:|1700421008\n|switch|p2b: Dragapult|Dragapult, M|100\/100\n|switch|p1a: Iron Bundle|Iron Bundle|100\/100\n|turn|3\n|\n|t:|1700421020\n|move|p2b: Dragapult|Thunderbolt|p1b: Talonflame\n|-supereffective|p1b: Talonflame\n|-damage|p1b: Talonflame|0 fnt\n|faint|p1b: Talonflame\n|move|p2a: Flutter Mane|Thunderbolt|p1a: Iron Bundle\n|-supereffective|p1a: Iron Bundle\n|-damage|p1a: Iron Bundle|12\/100\n|move|p1a: Iron Bundle|Blizzard|p2b: Dragapult|[spread] p2b\n|-miss|p1a: Iron Bundle|p2a: Flutter Mane\n|-supereffective|p2b: Dragapult\n|-damage|p2b: Dragapult|0 fnt\n|faint|p2b: Dragapult\n|\n|upkeep\n|\n|t:|1700421033\n|switch|p2b: Ceruledge|Ceruledge, F|100\/100\n|switch|p1b: Haxorus|Haxorus, M, shiny|100\/100\n|turn|4\n|\n|t:|1700421045\n|move|p1b: Haxorus|First Impression|p2a: Flutter Mane\n|-resisted|p2a: Flutter Mane\n|-damage|p2a: Flutter Mane|0 fnt\n|faint|p2a: Flutter Mane\n|-end|p2a: Flutter Mane|Protosynthesis|[silent]\n|-damage|p1b: Haxorus|91\/100|[from] item: Life Orb\n|move|p2b: Ceruledge|Shadow Sneak|p1a: Iron Bundle\n|-damage|p1a: Iron Bundle|0 fnt\n|faint|p1a: Iron Bundle\n|-end|p1a: Iron Bundle|Quark Drive|[silent]\n|\n|upkeep\n|\n|t:|1700421059\n|switch|p1a: Flutter Mane|Flutter Mane|100\/100\n|switch|p2a: Basculegion|Basculegion-F, F|100\/100\n|turn|5\n|\n|t:|1700421140\n|-end|p1a: Flutter Mane|Protosynthesis|[silent]\n|switch|p1a: Mesprit|Mesprit|100\/100\n|-terastallize|p2b: Ceruledge|Dragon\n|move|p2a: Basculegion|Aqua Jet|p2b: Ceruledge\n|-resisted|p2b: Ceruledge\n|-damage|p2b: Ceruledge|85\/100\n|-ability|p2b: Ceruledge|Weak Armor|boost\n|-unboost|p2b: Ceruledge|def|1\n|-boost|p2b: Ceruledge|spe|2\n|-damage|p2a: Basculegion|91\/100|[from] item: Life Orb\n|move|p2b: Ceruledge|Bitter Blade|p1a: Mesprit\n|-damage|p1a: Mesprit|71\/100\n|-heal|p2b: Ceruledge|100\/100|[from] drain|[of] p1a: Mesprit\n|move|p1b: Haxorus|Earthquake|p2a: Basculegion|[spread] p2a,p2b\n|-immune|p1a: Mesprit|[from] ability: Levitate\n|-crit|p2b: Ceruledge\n|-damage|p2a: Basculegion|53\/100\n|-damage|p2b: Ceruledge|15\/100\n|-ability|p2b: Ceruledge|Weak Armor|boost\n|-unboost|p2b: Ceruledge|def|1\n|-boost|p2b: Ceruledge|spe|2\n|-enditem|p2b: Ceruledge|Mago Berry|[eat]\n|-heal|p2b: Ceruledge|48\/100|[from] item: Mago Berry\n|-damage|p1b: Haxorus|81\/100|[from] item: Life Orb\n|\n|upkeep\n|turn|6\n|\n|t:|1700421196\n|-terastallize|p1b: Haxorus|Poison\n|move|p2b: Ceruledge|Dragon Claw|p1b: Haxorus\n|-damage|p1b: Haxorus|24\/100\n|move|p1b: Haxorus|Earthquake|p2b: Ceruledge|[spread] p2a,p2b\n|-immune|p1a: Mesprit|[from] ability: Levitate\n|-damage|p2a: Basculegion|19\/100\n|-damage|p2b: Ceruledge|0 fnt\n|faint|p2b: Ceruledge\n|-damage|p1b: Haxorus|14\/100|[from] item: Life Orb\n|move|p2a: Basculegion|Last Respects|p1a: Mesprit\n|-supereffective|p1a: Mesprit\n|-damage|p1a: Mesprit|0 fnt\n|faint|p1a: Mesprit\n|-damage|p2a: Basculegion|9\/100|[from] item: Life Orb\n|\n|upkeep\n|\n|t:|1700421215\n|switch|p2b: Gholdengo|Gholdengo|100\/100\n|switch|p1a: Flutter Mane|Flutter Mane|100\/100\n|turn|7\n|\n|t:|1700421225\n|move|p2a: Basculegion|Aqua Jet|p1b: Haxorus\n|-crit|p1b: Haxorus\n|-damage|p1b: Haxorus|0 fnt\n|faint|p1b: Haxorus\n|-damage|p2a: Basculegion|0 fnt|[from] item: Life Orb\n|faint|p2a: Basculegion\n|move|p1a: Flutter Mane|Shadow Ball|p2b: Gholdengo\n|-supereffective|p2b: Gholdengo\n|-damage|p2b: Gholdengo|0 fnt\n|faint|p2b: Gholdengo\n|\n|win|CurlyNQuirky\n|raw|CurlyNQuirky's rating: 1249 &rarr; <strong>1276<\/strong><br \/>(+27 for winning)\n|raw|ShadedNoir's rating: 1276 &rarr; <strong>1249<\/strong><br \/>(-27 for losing)\n|c|\u2606ShadedNoir|gg\n|l|\u2606ShadedNoir\n","uploadtime":1700421520,"views":5,"p1id":"curlynquirky","p2id":"shadednoir","formatid":"gen9doublesou","rating":1249,"private":0,"password":""}