{"id":"gen9doublesou-1991139786","p1":"Kondroid","p2":"iamnewnamebaboon","format":"[Gen 9] Doubles OU","log":"|j|\u2606Kondroid\n|j|\u2606iamnewnamebaboon\n|t:|1700048946\n|gametype|doubles\n|player|p1|Kondroid|hilbert-wonderlauncher|1100\n|player|p2|iamnewnamebaboon|266|1026\n|teamsize|p1|6\n|teamsize|p2|6\n|gen|9\n|tier|[Gen 9] Doubles OU\n|rated|\n|rule|Species Clause: Limit one of each Pok\u00e9mon\n|rule|OHKO Clause: OHKO moves are banned\n|rule|Evasion Moves Clause: Evasion moves are banned\n|rule|Gravity Sleep Clause: The combination of sleep-inducing moves with imperfect accuracy and Gravity or Gigantamax Orbeetle are banned\n|rule|Endless Battle Clause: Forcing endless battles is banned\n|rule|HP Percentage Mod: HP is shown in percentages\n|clearpoke\n|poke|p1|Baxcalibur, F|\n|poke|p1|Ninetales-Alola, M|\n|poke|p1|Sinistcha|\n|poke|p1|Goodra-Hisui, F|\n|poke|p1|Zapdos|\n|poke|p1|Ogerpon-Hearthflame, F|\n|poke|p2|Numel, F|\n|poke|p2|Medicham, F|\n|poke|p2|Kingambit, F|\n|poke|p2|Farigiraf, F|\n|poke|p2|Amoonguss, M|\n|poke|p2|Garganacl, M|\n|teampreview\n|inactive|Battle timer is ON: inactive players will automatically lose when time's up. (requested by Kondroid)\n|\n|t:|1700048964\n|start\n|switch|p1a: Zapdos|Zapdos|100\/100\n|switch|p1b: Goodra|Goodra-Hisui, F|100\/100\n|switch|p2a: Numel|Numel, F|100\/100\n|switch|p2b: Medicham|Medicham, F|100\/100\n|turn|1\n|\n|t:|1700048977\n|move|p2b: Medicham|Fake Out|p1a: Zapdos\n|-damage|p1a: Zapdos|77\/100\n|-damage|p2b: Medicham|84\/100|[from] item: Rocky Helmet|[of] p1a: Zapdos\n|cant|p1a: Zapdos|flinch\n|move|p1b: Goodra|Chilling Water|p2a: Numel\n|-supereffective|p2a: Numel\n|-damage|p2a: Numel|34\/100\n|-unboost|p2a: Numel|atk|2\n|move|p2a: Numel|Curse|p2a: Numel\n|-unboost|p2a: Numel|spe|2\n|-boost|p2a: Numel|atk|2\n|-boost|p2a: Numel|def|2\n|\n|-heal|p2b: Medicham|90\/100|[from] item: Leftovers\n|upkeep\n|turn|2\n|\n|t:|1700049001\n|move|p1a: Zapdos|Tailwind|p1a: Zapdos\n|-sidestart|p1: Kondroid|move: Tailwind\n|move|p1b: Goodra|Chilling Water|p2a: Numel\n|-supereffective|p2a: Numel\n|-damage|p2a: Numel|0 fnt\n|faint|p2a: Numel\n|move|p2b: Medicham|Drain Punch|p1b: Goodra\n|-supereffective|p1b: Goodra\n|-damage|p1b: Goodra|2\/100\n|-heal|p2b: Medicham|100\/100|[from] drain|[of] p1b: Goodra\n|\n|upkeep\n|inactive|iamnewnamebaboon has 120 seconds left.\n|\n|t:|1700049017\n|switch|p2a: Farigiraf|Farigiraf, F|100\/100\n|turn|3\n|\n|t:|1700049040\n|switch|p1b: Ogerpon|Ogerpon-Hearthflame, F|100\/100\n|-ability|p1b: Ogerpon|Mold Breaker\n|move|p2b: Medicham|Detect|p2b: Medicham\n|-singleturn|p2b: Medicham|Protect\n|move|p1a: Zapdos|Heat Wave|p2b: Medicham|[spread] p2a\n|-activate|p2b: Medicham|move: Protect\n|-damage|p2a: Farigiraf|81\/100\n|move|p2a: Farigiraf|Hyper Voice|p1a: Zapdos|[spread] p1a,p1b\n|-damage|p1a: Zapdos|44\/100\n|-damage|p1b: Ogerpon|70\/100\n|\n|upkeep\n|turn|4\n|\n|t:|1700049068\n|-terastallize|p1b: Ogerpon|Fire\n|detailschange|p1b: Ogerpon|Ogerpon-Hearthflame-Tera, F, tera:Fire\n|-ability|p1b: Ogerpon|Embody Aspect (Hearthflame)|boost\n|-boost|p1b: Ogerpon|atk|1\n|move|p1b: Ogerpon|Ivy Cudgel|p2a: Farigiraf|[anim] Ivy Cudgel Fire\n|-crit|p2a: Farigiraf\n|-damage|p2a: Farigiraf|0 fnt\n|faint|p2a: Farigiraf\n|move|p1a: Zapdos|Hurricane|p2b: Medicham\n|-supereffective|p2b: Medicham\n|-damage|p2b: Medicham|0 fnt\n|faint|p2b: Medicham\n|\n|upkeep\n|\n|t:|1700049083\n|switch|p2b: Kingambit|Kingambit, F|100\/100\n|switch|p2a: Amoonguss|Amoonguss, M|100\/100\n|turn|5\n|\n|t:|1700049101\n|move|p1b: Ogerpon|Protect|p1b: Ogerpon\n|-singleturn|p1b: Ogerpon|Protect\n|move|p2a: Amoonguss|Rage Powder|p2a: Amoonguss\n|-singleturn|p2a: Amoonguss|move: Rage Powder\n|move|p2b: Kingambit|Sucker Punch||[still]\n|-fail|p2b: Kingambit\n|move|p1a: Zapdos|Heat Wave|p2b: Kingambit|[spread] p2a,p2b\n|-supereffective|p2a: Amoonguss\n|-supereffective|p2b: Kingambit\n|-damage|p2a: Amoonguss|60\/100\n|-damage|p2b: Kingambit|70\/100\n|\n|-heal|p2a: Amoonguss|66\/100|[from] item: Black Sludge\n|-sideend|p1: Kondroid|move: Tailwind\n|upkeep\n|turn|6\n|\n|t:|1700049120\n|move|p1b: Ogerpon|Follow Me|p1b: Ogerpon\n|-singleturn|p1b: Ogerpon|move: Follow Me\n|move|p2b: Kingambit|Sucker Punch||[still]\n|-fail|p2b: Kingambit\n|move|p1a: Zapdos|Heat Wave|p2b: Kingambit|[spread] p2a,p2b\n|-supereffective|p2a: Amoonguss\n|-supereffective|p2b: Kingambit\n|-damage|p2a: Amoonguss|23\/100\n|-damage|p2b: Kingambit|38\/100\n|move|p2a: Amoonguss|Foul Play|p1b: Ogerpon\n|-damage|p1b: Ogerpon|9\/100\n|\n|-heal|p2a: Amoonguss|29\/100|[from] item: Black Sludge\n|upkeep\n|turn|7\n|\n|t:|1700049143\n|move|p1b: Ogerpon|Protect|p1b: Ogerpon\n|-singleturn|p1b: Ogerpon|Protect\n|move|p2b: Kingambit|Sucker Punch||[still]\n|-fail|p2b: Kingambit\n|move|p1a: Zapdos|Tailwind|p1a: Zapdos\n|-sidestart|p1: Kondroid|move: Tailwind\n|move|p2a: Amoonguss|Clear Smog|p1b: Ogerpon\n|-activate|p1b: Ogerpon|move: Protect\n|\n|-heal|p2a: Amoonguss|35\/100|[from] item: Black Sludge\n|upkeep\n|turn|8\n|\n|t:|1700049163\n|switch|p1b: Sinistcha|Sinistcha|100\/100\n|-heal|p1a: Zapdos|69\/100|[from] ability: Hospitality|[of] p1b: Sinistcha\n|move|p2a: Amoonguss|Rage Powder|p2a: Amoonguss\n|-singleturn|p2a: Amoonguss|move: Rage Powder\n|move|p2b: Kingambit|Sucker Punch||[still]\n|-fail|p2b: Kingambit\n|move|p1a: Zapdos|Heat Wave|p2a: Amoonguss|[spread] p2a,p2b\n|-supereffective|p2a: Amoonguss\n|-supereffective|p2b: Kingambit\n|-damage|p2a: Amoonguss|0 fnt\n|-damage|p2b: Kingambit|4\/100\n|faint|p2a: Amoonguss\n|\n|upkeep\n|\n|t:|1700049177\n|switch|p2a: Garganacl|Garganacl, M|100\/100\n|turn|9\n|\n|t:|1700049193\n|switch|p1a: Baxcalibur|Baxcalibur, F|100\/100\n|move|p2b: Kingambit|Sucker Punch||[still]\n|-fail|p2b: Kingambit\n|move|p1b: Sinistcha|Matcha Gotcha|p2a: Garganacl|[spread] p2a,p2b\n|-supereffective|p2a: Garganacl\n|-resisted|p2b: Kingambit\n|-damage|p2a: Garganacl|49\/100\n|-damage|p2b: Kingambit|0 fnt\n|faint|p2b: Kingambit\n|move|p2a: Garganacl|Rock Slide|p1a: Baxcalibur|[spread] p1a,p1b\n|-supereffective|p1a: Baxcalibur\n|-damage|p1a: Baxcalibur|47\/100\n|-damage|p1b: Sinistcha|75\/100\n|\n|-heal|p1b: Sinistcha|81\/100|[from] item: Leftovers\n|-heal|p2a: Garganacl|55\/100|[from] item: Leftovers\n|upkeep\n|turn|10\n|\n|t:|1700049211\n|move|p1a: Baxcalibur|Icicle Spear|p2a: Garganacl\n|-damage|p2a: Garganacl|42\/100\n|-damage|p2a: Garganacl|28\/100\n|-damage|p2a: Garganacl|15\/100\n|-damage|p2a: Garganacl|3\/100\n|-hitcount|p2a: Garganacl|4\n|move|p1b: Sinistcha|Matcha Gotcha|p2a: Garganacl\n|-supereffective|p2a: Garganacl\n|-damage|p2a: Garganacl|0 fnt\n|-heal|p1b: Sinistcha|83\/100|[from] drain|[of] p2a: Garganacl\n|faint|p2a: Garganacl\n|\n|win|Kondroid\n|raw|Kondroid's rating: 1100 &rarr; <strong>1120<\/strong><br \/>(+20 for winning)\n|raw|iamnewnamebaboon's rating: 1026 &rarr; <strong>1015<\/strong><br \/>(-11 for losing)\n|l|\u2606iamnewnamebaboon\n","uploadtime":1700049226,"views":13,"p1id":"kondroid","p2id":"iamnewnamebaboon","formatid":"gen9doublesou","rating":1015,"private":0,"password":""}