{"id":"gen9doublesou-2000330676","p1":"Jonathan53332","p2":"Linkmasterjr","format":"[Gen 9] Doubles OU","log":"|j|\u2606Jonathan53332\n|j|\u2606Linkmasterjr\n|t:|1701185589\n|gametype|doubles\n|player|p1|Jonathan53332|170|\n|player|p2|Linkmasterjr|blue|\n|teamsize|p1|6\n|teamsize|p2|6\n|gen|9\n|tier|[Gen 9] Doubles OU\n|rule|Species Clause: Limit one of each Pok\u00e9mon\n|rule|OHKO Clause: OHKO moves are banned\n|rule|Evasion Moves Clause: Evasion moves are banned\n|rule|Gravity Sleep Clause: The combination of sleep-inducing moves with imperfect accuracy and Gravity or Gigantamax Orbeetle are banned\n|rule|Endless Battle Clause: Forcing endless battles is banned\n|rule|HP Percentage Mod: HP is shown in percentages\n|clearpoke\n|poke|p1|Amoonguss, M|\n|poke|p1|Dugtrio-Alola, F|\n|poke|p1|Kilowattrel, M|\n|poke|p1|Gholdengo|\n|poke|p1|Goodra-Hisui, M|\n|poke|p1|Grimmsnarl, M|\n|poke|p2|Pawmot, M|\n|poke|p2|Chandelure, M|\n|poke|p2|Empoleon, F|\n|poke|p2|Great Tusk|\n|poke|p2|Rillaboom, M|\n|poke|p2|Murkrow, F|\n|teampreview\n|inactive|Battle timer is ON: inactive players will automatically lose when time's up. (requested by Linkmasterjr)\n|inactive|Jonathan53332 has 270 seconds left.\n|\n|t:|1701185636\n|start\n|switch|p1a: Grimmsnarl|Grimmsnarl, M|100\/100\n|switch|p1b: Gholdengo|Gholdengo|100\/100\n|switch|p2a: Rillaboom|Rillaboom, M|100\/100\n|switch|p2b: Empoleon|Empoleon, F|100\/100\n|-fieldstart|move: Grassy Terrain|[from] ability: Grassy Surge|[of] p2a: Rillaboom\n|turn|1\n|\n|t:|1701185658\n|switch|p2b: Murkrow|Murkrow, F|100\/100\n|move|p2a: Rillaboom|Fake Out|p1a: Grimmsnarl\n|-damage|p1a: Grimmsnarl|83\/100\n|cant|p1a: Grimmsnarl|flinch\n|move|p1b: Gholdengo|Focus Blast|p2b: Murkrow\n|-damage|p2b: Murkrow|43\/100\n|-enditem|p2b: Murkrow|Eject Button\n|\n|t:|1701185667\n|switch|p2b: Great Tusk|Great Tusk, shiny|100\/100\n|-enditem|p2b: Great Tusk|Booster Energy\n|-activate|p2b: Great Tusk|ability: Protosynthesis|[fromitem]\n|-start|p2b: Great Tusk|protosynthesisatk\n|\n|-heal|p1a: Grimmsnarl|89\/100|[from] Grassy Terrain\n|upkeep\n|turn|2\n|\n|t:|1701185685\n|move|p1a: Grimmsnarl|Reflect|p1a: Grimmsnarl\n|-sidestart|p1: Jonathan53332|Reflect\n|move|p2b: Great Tusk|Play Rough|p1a: Grimmsnarl\n|-supereffective|p1a: Grimmsnarl\n|-damage|p1a: Grimmsnarl|26\/100\n|move|p1b: Gholdengo|Dazzling Gleam|p2a: Rillaboom|[spread] p2a,p2b\n|-supereffective|p2b: Great Tusk\n|-damage|p2a: Rillaboom|71\/100\n|-damage|p2b: Great Tusk|39\/100\n|move|p2a: Rillaboom|High Horsepower|p1b: Gholdengo\n|-supereffective|p1b: Gholdengo\n|-damage|p1b: Gholdengo|50\/100\n|\n|-heal|p2b: Great Tusk|45\/100|[from] Grassy Terrain\n|-heal|p1b: Gholdengo|56\/100|[from] Grassy Terrain\n|-heal|p2a: Rillaboom|77\/100|[from] Grassy Terrain\n|-heal|p1a: Grimmsnarl|32\/100|[from] Grassy Terrain\n|upkeep\n|turn|3\n|\n|t:|1701185702\n|move|p2a: Rillaboom|Grassy Glide|p1a: Grimmsnarl\n|-damage|p1a: Grimmsnarl|3\/100\n|move|p1a: Grimmsnarl|Thunder Wave|p2a: Rillaboom|[miss]\n|-miss|p1a: Grimmsnarl|p2a: Rillaboom\n|move|p2b: Great Tusk|Earthquake|p1b: Gholdengo|[spread] p2a,p1a,p1b\n|-resisted|p2a: Rillaboom\n|-supereffective|p1b: Gholdengo\n|-damage|p2a: Rillaboom|63\/100\n|-damage|p1a: Grimmsnarl|0 fnt\n|-damage|p1b: Gholdengo|15\/100\n|faint|p1a: Grimmsnarl\n|move|p1b: Gholdengo|Focus Blast|p2b: Great Tusk|[miss]\n|-miss|p1b: Gholdengo|p2b: Great Tusk\n|\n|-heal|p2b: Great Tusk|51\/100|[from] Grassy Terrain\n|-heal|p1b: Gholdengo|21\/100|[from] Grassy Terrain\n|-heal|p2a: Rillaboom|70\/100|[from] Grassy Terrain\n|upkeep\n|inactive|Jonathan53332 has 270 seconds left.\n|\n|t:|1701185725\n|switch|p1a: Kilowattrel|Kilowattrel, M|100\/100\n|turn|4\n|\n|t:|1701185748\n|move|p2a: Rillaboom|Grassy Glide|p1b: Gholdengo\n|-resisted|p1b: Gholdengo\n|-damage|p1b: Gholdengo|8\/100\n|move|p1a: Kilowattrel|Air Cutter|p2a: Rillaboom|[spread] p2a,p2b\n|-supereffective|p2a: Rillaboom\n|-supereffective|p2b: Great Tusk\n|-damage|p2a: Rillaboom|19\/100\n|-damage|p2b: Great Tusk|0 fnt\n|faint|p2b: Great Tusk\n|-end|p2b: Great Tusk|Protosynthesis|[silent]\n|move|p1b: Gholdengo|Dazzling Gleam|p2a: Rillaboom\n|-damage|p2a: Rillaboom|0 fnt\n|faint|p2a: Rillaboom\n|\n|-heal|p1b: Gholdengo|14\/100|[from] Grassy Terrain\n|upkeep\n|\n|t:|1701185759\n|switch|p2b: Empoleon|Empoleon, F|100\/100\n|switch|p2a: Chandelure|Chandelure, M|100\/100\n|turn|5\n|\n|t:|1701185766\n|move|p1a: Kilowattrel|Tailwind|p1a: Kilowattrel\n|-sidestart|p1: Jonathan53332|move: Tailwind\n|move|p1b: Gholdengo|Shadow Ball|p2a: Chandelure\n|-supereffective|p2a: Chandelure\n|-damage|p2a: Chandelure|0 fnt\n|faint|p2a: Chandelure\n|move|p2b: Empoleon|Ice Beam|p1a: Kilowattrel\n|-supereffective|p1a: Kilowattrel\n|-enditem|p1a: Kilowattrel|Focus Sash\n|-damage|p1a: Kilowattrel|1\/100\n|\n|-heal|p1b: Gholdengo|20\/100|[from] Grassy Terrain\n|upkeep\n|\n|t:|1701185774\n|switch|p2a: Pawmot|Pawmot, M|100\/100\n|turn|6\n|\n|t:|1701185789\n|move|p2a: Pawmot|Mach Punch|p1a: Kilowattrel\n|-resisted|p1a: Kilowattrel\n|-damage|p1a: Kilowattrel|0 fnt\n|faint|p1a: Kilowattrel\n|move|p1b: Gholdengo|Dazzling Gleam|p2b: Empoleon|[spread] p2a,p2b\n|-supereffective|p2a: Pawmot\n|-resisted|p2b: Empoleon\n|-damage|p2a: Pawmot|27\/100\n|-damage|p2b: Empoleon|94\/100\n|move|p2b: Empoleon|Air Slash|p1b: Gholdengo\n|-resisted|p1b: Gholdengo\n|-damage|p1b: Gholdengo|11\/100\n|\n|-heal|p1b: Gholdengo|17\/100|[from] Grassy Terrain\n|-heal|p2a: Pawmot|33\/100|[from] Grassy Terrain\n|-heal|p2b: Empoleon|99\/100|[from] Grassy Terrain\n|upkeep\n|\n|t:|1701185795\n|switch|p1a: Dugtrio|Dugtrio-Alola, F|100\/100\n|turn|7\n|\n|t:|1701185807\n|switch|p2a: Murkrow|Murkrow, F|43\/100\n|move|p1a: Dugtrio|Earthquake|p2a: Murkrow|[spread] p1b,p2b\n|-immune|p2a: Murkrow\n|-supereffective|p1b: Gholdengo\n|-crit|p1b: Gholdengo\n|-supereffective|p2b: Empoleon\n|-damage|p1b: Gholdengo|0 fnt\n|-damage|p2b: Empoleon|66\/100\n|faint|p1b: Gholdengo\n|move|p2b: Empoleon|Ice Beam|p1a: Dugtrio\n|-crit|p1a: Dugtrio\n|-damage|p1a: Dugtrio|8\/100\n|\n|-heal|p1a: Dugtrio|14\/100|[from] Grassy Terrain\n|-heal|p2b: Empoleon|72\/100|[from] Grassy Terrain\n|upkeep\n|inactive|Jonathan53332 has 270 seconds left.\n|\n|t:|1701185843\n|switch|p1b: Amoonguss|Amoonguss, M|100\/100\n|turn|8\n|\n|t:|1701185862\n|move|p2a: Murkrow|Tailwind|p2a: Murkrow\n|-sidestart|p2: Linkmasterjr|move: Tailwind\n|move|p1a: Dugtrio|Stealth Rock|p2a: Murkrow\n|-sidestart|p2: Linkmasterjr|move: Stealth Rock\n|move|p2b: Empoleon|Ice Beam|p1b: Amoonguss\n|-supereffective|p1b: Amoonguss\n|-damage|p1b: Amoonguss|63\/100\n|move|p1b: Amoonguss|Sludge Bomb|p2a: Murkrow\n|-damage|p2a: Murkrow|9\/100\n|\n|-heal|p1a: Dugtrio|20\/100|[from] Grassy Terrain\n|-heal|p2b: Empoleon|78\/100|[from] Grassy Terrain\n|-heal|p1b: Amoonguss|70\/100|[from] Grassy Terrain\n|-heal|p1b: Amoonguss|76\/100|[from] item: Leftovers\n|-sideend|p1: Jonathan53332|move: Tailwind\n|-fieldend|move: Grassy Terrain\n|upkeep\n|turn|9\n|\n|t:|1701185891\n|move|p1b: Amoonguss|Protect|p1b: Amoonguss\n|-singleturn|p1b: Amoonguss|Protect\n|move|p2a: Murkrow|Tera Blast|p1b: Amoonguss\n|-activate|p1b: Amoonguss|move: Protect\n|move|p1a: Dugtrio|Rock Slide|p2b: Empoleon|[spread] p2a,p2b\n|-supereffective|p2a: Murkrow\n|-resisted|p2b: Empoleon\n|-crit|p2b: Empoleon\n|-damage|p2a: Murkrow|0 fnt\n|-damage|p2b: Empoleon|66\/100\n|faint|p2a: Murkrow\n|move|p2b: Empoleon|Surf|p1a: Dugtrio|[spread] p1a\n|-activate|p1b: Amoonguss|move: Protect\n|-supereffective|p1a: Dugtrio\n|-damage|p1a: Dugtrio|0 fnt\n|faint|p1a: Dugtrio\n|\n|-heal|p1b: Amoonguss|82\/100|[from] item: Leftovers\n|-sideend|p1: Jonathan53332|Reflect\n|upkeep\n|\n|t:|1701185905\n|switch|p1a: Goodra|Goodra-Hisui, M|100\/100\n|switch|p2a: Pawmot|Pawmot, M|33\/100\n|-damage|p2a: Pawmot|27\/100|[from] Stealth Rock\n|turn|10\n|\n|t:|1701185922\n|move|p2a: Pawmot|Revival Blessing|p2a: Pawmot\n|\n|t:|1701185933\n|-heal|p2: Chandelure|50\/100|[from] move: Revival Blessing\n|move|p2b: Empoleon|Ice Beam|p1b: Amoonguss\n|-supereffective|p1b: Amoonguss\n|-damage|p1b: Amoonguss|39\/100\n|move|p1a: Goodra|Ice Beam|p2a: Pawmot\n|-crit|p2a: Pawmot\n|-damage|p2a: Pawmot|0 fnt\n|faint|p2a: Pawmot\n|move|p1b: Amoonguss|Giga Drain|p2b: Empoleon\n|-damage|p2b: Empoleon|51\/100\n|-heal|p1b: Amoonguss|45\/100|[from] drain|[of] p2b: Empoleon\n|\n|-heal|p1b: Amoonguss|51\/100|[from] item: Leftovers\n|upkeep\n|\n|t:|1701185936\n|switch|p2a: Chandelure|Chandelure, M|50\/100\n|-damage|p2a: Chandelure|26\/100|[from] Stealth Rock\n|turn|11\n|\n|t:|1701185956\n|move|p1b: Amoonguss|Protect|p1b: Amoonguss\n|-singleturn|p1b: Amoonguss|Protect\n|move|p2a: Chandelure|Heat Wave|p1b: Amoonguss|[spread] p1a\n|-activate|p1b: Amoonguss|move: Protect\n|-damage|p1a: Goodra|73\/100\n|move|p2b: Empoleon|Air Slash|p1a: Goodra|[miss]\n|-miss|p2b: Empoleon|p1a: Goodra\n|move|p1a: Goodra|Draco Meteor|p2b: Empoleon\n|-resisted|p2b: Empoleon\n|-damage|p2b: Empoleon|31\/100\n|-unboost|p1a: Goodra|spa|2\n|\n|-heal|p1a: Goodra|79\/100|[from] item: Leftovers\n|-heal|p1b: Amoonguss|57\/100|[from] item: Leftovers\n|-sideend|p2: Linkmasterjr|move: Tailwind\n|upkeep\n|turn|12\n|\n|t:|1701185968\n|-terastallize|p1b: Amoonguss|Water\n|move|p2a: Chandelure|Heat Wave|p1b: Amoonguss|[spread] p1a,p1b\n|-resisted|p1b: Amoonguss\n|-crit|p1b: Amoonguss\n|-damage|p1a: Goodra|53\/100\n|-damage|p1b: Amoonguss|37\/100\n|move|p2b: Empoleon|Air Slash|p1b: Amoonguss\n|-damage|p1b: Amoonguss|21\/100\n|move|p1a: Goodra|Draco Meteor|p2a: Chandelure\n|-crit|p2a: Chandelure\n|-damage|p2a: Chandelure|0 fnt\n|-unboost|p1a: Goodra|spa|2\n|faint|p2a: Chandelure\n|move|p1b: Amoonguss|Giga Drain|p2b: Empoleon\n|-damage|p2b: Empoleon|18\/100\n|-heal|p1b: Amoonguss|26\/100|[from] drain|[of] p2b: Empoleon\n|\n|-heal|p1a: Goodra|59\/100|[from] item: Leftovers\n|-heal|p1b: Amoonguss|33\/100|[from] item: Leftovers\n|upkeep\n|turn|13\n|\n|t:|1701185987\n|-terastallize|p2b: Empoleon|Flying\n|move|p1a: Goodra|Draco Meteor|p2b: Empoleon\n|-damage|p2b: Empoleon|3\/100\n|-unboost|p1a: Goodra|spa|2\n|move|p2b: Empoleon|Air Slash|p1b: Amoonguss\n|-damage|p1b: Amoonguss|6\/100\n|move|p1b: Amoonguss|Giga Drain|p2b: Empoleon\n|-resisted|p2b: Empoleon\n|-damage|p2b: Empoleon|0 fnt\n|-heal|p1b: Amoonguss|7\/100|[from] drain|[of] p2b: Empoleon\n|faint|p2b: Empoleon\n|\n|win|Jonathan53332\n","uploadtime":1701185991,"views":4,"p1id":"jonathan53332","p2id":"linkmasterjr","formatid":"gen9doublesou","rating":0,"private":0,"password":""}