{"id":"gen9doublesou-1990541154","p1":"i cant text lol","p2":"Mtmc","format":"[Gen 9] Doubles OU","log":"|j|\u2606i cant text lol\n|j|\u2606Mtmc\n|t:|1699979927\n|gametype|doubles\n|player|p1|i cant text lol|102|1082\n|player|p2|Mtmc|170|1000\n|teamsize|p1|6\n|teamsize|p2|6\n|gen|9\n|tier|[Gen 9] Doubles OU\n|rated|\n|rule|Species Clause: Limit one of each Pok\u00e9mon\n|rule|OHKO Clause: OHKO moves are banned\n|rule|Evasion Moves Clause: Evasion moves are banned\n|rule|Gravity Sleep Clause: The combination of sleep-inducing moves with imperfect accuracy and Gravity or Gigantamax Orbeetle are banned\n|rule|Endless Battle Clause: Forcing endless battles is banned\n|rule|HP Percentage Mod: HP is shown in percentages\n|clearpoke\n|poke|p1|Arcanine-Hisui, F|\n|poke|p1|Iron Bundle|\n|poke|p1|Kommo-o, M|\n|poke|p1|Flutter Mane|\n|poke|p1|Rillaboom, M|\n|poke|p1|Tyranitar, M|\n|poke|p2|Landorus-Therian, M|\n|poke|p2|Cresselia, F|\n|poke|p2|Palafin, F|\n|poke|p2|Tornadus, M|\n|poke|p2|Arcanine-Hisui, F|\n|poke|p2|Flutter Mane|\n|teampreview\n|inactive|Battle timer is ON: inactive players will automatically lose when time's up. (requested by Mtmc)\n|\n|t:|1699979956\n|start\n|switch|p1a: dog|Arcanine-Hisui, F, shiny|100\/100\n|switch|p1b: Tyranitar|Tyranitar, M, shiny|100\/100\n|switch|p2a: Tornadus|Tornadus, M|100\/100\n|switch|p2b: Arcanine|Arcanine-Hisui, F|100\/100\n|-ability|p1a: dog|Intimidate|boost\n|-unboost|p2a: Tornadus|atk|1\n|-unboost|p2b: Arcanine|atk|1\n|-weather|Sandstorm|[from] ability: Sand Stream|[of] p1b: Tyranitar\n|turn|1\n|inactive|Mtmc has 120 seconds left.\n|\n|t:|1699979991\n|switch|p2b: Palafin|Palafin, F|100\/100\n|move|p2a: Tornadus|Tailwind|p2a: Tornadus\n|-sidestart|p2: Mtmc|move: Tailwind\n|move|p1a: dog|Rock Slide|p2b: Palafin|[spread] p2a\n|-miss|p1a: dog|p2b: Palafin\n|-supereffective|p2a: Tornadus\n|-damage|p2a: Tornadus|36\/100\n|move|p1b: Tyranitar|Rock Slide|p2a: Tornadus|[spread] p2a,p2b\n|-supereffective|p2a: Tornadus\n|-damage|p2a: Tornadus|0 fnt\n|-damage|p2b: Palafin|71\/100\n|faint|p2a: Tornadus\n|\n|-weather|Sandstorm|[upkeep]\n|-damage|p2b: Palafin|65\/100|[from] Sandstorm\n|-heal|p2b: Palafin|71\/100|[from] item: Leftovers\n|upkeep\n|inactive|Mtmc has 120 seconds left.\n|\n|t:|1699980003\n|switch|p2a: Landorus|Landorus-Therian, M|100\/100\n|-ability|p2a: Landorus|Intimidate|boost\n|-unboost|p1a: dog|atk|1\n|-unboost|p1b: Tyranitar|atk|1\n|turn|2\n|\n|t:|1699980015\n|detailschange|p2b: Palafin|Palafin-Hero, F\n|switch|p2b: Cresselia|Cresselia, F|100\/100\n|move|p2a: Landorus|Bulldoze|p1a: dog|[spread] p1a,p1b\n|-immune|p2b: Cresselia|[from] ability: Levitate\n|-supereffective|p1a: dog\n|-supereffective|p1b: Tyranitar\n|-damage|p1a: dog|0 fnt\n|-damage|p1b: Tyranitar|34\/100\n|-unboost|p1b: Tyranitar|spe|1\n|faint|p1a: dog\n|-damage|p2a: Landorus|91\/100|[from] item: Life Orb\n|move|p1b: Tyranitar|Knock Off|p2a: Landorus\n|-damage|p2a: Landorus|59\/100\n|-enditem|p2a: Landorus|Life Orb|[from] move: Knock Off|[of] p1b: Tyranitar\n|\n|-weather|Sandstorm|[upkeep]\n|upkeep\n|\n|t:|1699980027\n|switch|p1a: Kommo-o|Kommo-o, M, shiny|100\/100\n|turn|3\n|\n|t:|1699980039\n|move|p2a: Landorus|U-turn|p1b: Tyranitar\n|-supereffective|p1b: Tyranitar\n|-damage|p1b: Tyranitar|0 fnt\n|faint|p1b: Tyranitar\n|\n|t:|1699980044\n|switch|p2a: Palafin|Palafin-Hero, F|71\/100|[from] U-turn\n|-activate|p2a: Palafin|ability: Zero to Hero\n|move|p2b: Cresselia|Dazzling Gleam|p1a: Kommo-o\n|-supereffective|p1a: Kommo-o\n|-damage|p1a: Kommo-o|52\/100\n|move|p1a: Kommo-o|Iron Defense|p1a: Kommo-o\n|-boost|p1a: Kommo-o|def|2\n|\n|-weather|Sandstorm|[upkeep]\n|-damage|p2a: Palafin|65\/100|[from] Sandstorm\n|-damage|p1a: Kommo-o|46\/100|[from] Sandstorm\n|-heal|p2a: Palafin|71\/100|[from] item: Leftovers\n|-heal|p1a: Kommo-o|52\/100|[from] item: Leftovers\n|upkeep\n|\n|t:|1699980060\n|switch|p1b: Rillaboom|Rillaboom, M, shiny|100\/100\n|-fieldstart|move: Grassy Terrain|[from] ability: Grassy Surge|[of] p1b: Rillaboom\n|turn|4\n|\n|t:|1699980086\n|move|p1b: Rillaboom|Fake Out|p2a: Palafin\n|-damage|p2a: Palafin|62\/100\n|cant|p2a: Palafin|flinch\n|move|p2b: Cresselia|Dazzling Gleam|p1b: Rillaboom|[spread] p1a,p1b\n|-supereffective|p1a: Kommo-o\n|-crit|p1a: Kommo-o\n|-damage|p1a: Kommo-o|0 fnt\n|-damage|p1b: Rillaboom|87\/100\n|faint|p1a: Kommo-o\n|\n|-weather|Sandstorm|[upkeep]\n|-damage|p2a: Palafin|56\/100|[from] Sandstorm\n|-damage|p1b: Rillaboom|81\/100|[from] Sandstorm\n|-heal|p2a: Palafin|62\/100|[from] Grassy Terrain\n|-heal|p2a: Palafin|68\/100|[from] item: Leftovers\n|-heal|p1b: Rillaboom|87\/100|[from] Grassy Terrain\n|-sideend|p2: Mtmc|move: Tailwind\n|upkeep\n|\n|t:|1699980106\n|switch|p1a: Flutter Mane|Flutter Mane, shiny|100\/100\n|turn|5\n|\n|t:|1699980116\n|move|p2a: Palafin|Protect|p2a: Palafin\n|-singleturn|p2a: Palafin|Protect\n|move|p1a: Flutter Mane|Shadow Ball|p2b: Cresselia\n|-supereffective|p2b: Cresselia\n|-damage|p2b: Cresselia|40\/100\n|-unboost|p2b: Cresselia|spd|1\n|move|p1b: Rillaboom|Grass Knot|p2a: Palafin\n|-activate|p2a: Palafin|move: Protect\n|move|p2b: Cresselia|Dazzling Gleam|p1b: Rillaboom|[spread] p1a,p1b\n|-damage|p1a: Flutter Mane|92\/100\n|-damage|p1b: Rillaboom|73\/100\n|\n|-weather|none\n|-heal|p1a: Flutter Mane|98\/100|[from] Grassy Terrain\n|-heal|p2a: Palafin|75\/100|[from] Grassy Terrain\n|-heal|p2a: Palafin|81\/100|[from] item: Leftovers\n|-heal|p1b: Rillaboom|79\/100|[from] Grassy Terrain\n|upkeep\n|turn|6\n|inactive|Mtmc has 120 seconds left.\n|\n|t:|1699980146\n|move|p2b: Cresselia|Ally Switch|p2b: Cresselia\n|swap|p2b: Cresselia|0|[from] move: Ally Switch\n|move|p1a: Flutter Mane|Shadow Ball|p2b: Palafin\n|-damage|p2b: Palafin|43\/100\n|-unboost|p2b: Palafin|spd|1\n|move|p2b: Palafin|Bulk Up|p2b: Palafin\n|-boost|p2b: Palafin|atk|1\n|-boost|p2b: Palafin|def|1\n|move|p1b: Rillaboom|Grass Knot|p2a: Cresselia\n|-damage|p2a: Cresselia|9\/100\n|\n|-heal|p1a: Flutter Mane|100\/100|[from] Grassy Terrain\n|-heal|p2b: Palafin|50\/100|[from] Grassy Terrain\n|-heal|p2b: Palafin|56\/100|[from] item: Leftovers\n|-heal|p1b: Rillaboom|86\/100|[from] Grassy Terrain\n|upkeep\n|turn|7\n|inactive|i cant text lol has 120 seconds left.\n|\n|t:|1699980183\n|move|p2b: Palafin|Jet Punch|p1a: Flutter Mane\n|-damage|p1a: Flutter Mane|20\/100\n|move|p1a: Flutter Mane|Shadow Ball|p2a: Cresselia\n|-supereffective|p2a: Cresselia\n|-damage|p2a: Cresselia|0 fnt\n|faint|p2a: Cresselia\n|move|p1b: Rillaboom|Wood Hammer|p2b: Palafin\n|-supereffective|p2b: Palafin\n|-damage|p2b: Palafin|0 fnt\n|faint|p2b: Palafin\n|-damage|p1b: Rillaboom|64\/100|[from] Recoil\n|\n|-heal|p1a: Flutter Mane|26\/100|[from] Grassy Terrain\n|-heal|p1b: Rillaboom|70\/100|[from] Grassy Terrain\n|upkeep\n|inactive|Mtmc has 120 seconds left.\n|\n|t:|1699980202\n|switch|p2b: Arcanine|Arcanine-Hisui, F|100\/100\n|switch|p2a: Landorus|Landorus-Therian, M|59\/100\n|-ability|p2a: Landorus|Intimidate|boost\n|-unboost|p1a: Flutter Mane|atk|1\n|-unboost|p1b: Rillaboom|atk|1\n|turn|8\n|inactive|i cant text lol has 120 seconds left.\n|\n|t:|1699980244\n|-end|p1a: Flutter Mane|Protosynthesis|[silent]\n|switch|p1a: Iron Bundle|Iron Bundle, shiny|100\/100\n|-enditem|p1a: Iron Bundle|Booster Energy\n|-activate|p1a: Iron Bundle|ability: Quark Drive|[fromitem]\n|-start|p1a: Iron Bundle|quarkdrivespe\n|-terastallize|p2b: Arcanine|Fire\n|move|p1b: Rillaboom|Fake Out||[still]\n|-hint|Fake Out only works on your first turn out.\n|-fail|p1b: Rillaboom\n|move|p2a: Landorus|U-turn|p1b: Rillaboom\n|-supereffective|p1b: Rillaboom\n|-damage|p1b: Rillaboom|29\/100\n|\n|t:|1699980256\n|switch|p2a: Flutter Mane|Flutter Mane|100\/100|[from] U-turn\n|-enditem|p2a: Flutter Mane|Booster Energy\n|-activate|p2a: Flutter Mane|ability: Protosynthesis|[fromitem]\n|-start|p2a: Flutter Mane|protosynthesisspe\n|move|p2b: Arcanine|Head Smash|p1a: Iron Bundle|[miss]\n|-miss|p2b: Arcanine|p1a: Iron Bundle\n|\n|-heal|p1b: Rillaboom|35\/100|[from] Grassy Terrain\n|-fieldend|move: Grassy Terrain\n|upkeep\n|turn|9\n|\n|t:|1699980274\n|move|p2a: Flutter Mane|Thunderbolt|p1a: Iron Bundle\n|-supereffective|p1a: Iron Bundle\n|-damage|p1a: Iron Bundle|0 fnt\n|faint|p1a: Iron Bundle\n|-end|p1a: Iron Bundle|Quark Drive|[silent]\n|move|p2b: Arcanine|Flare Blitz|p1b: Rillaboom\n|-supereffective|p1b: Rillaboom\n|-crit|p1b: Rillaboom\n|-damage|p1b: Rillaboom|0 fnt\n|faint|p1b: Rillaboom\n|\n|upkeep\n|inactive|i cant text lol has 120 seconds left.\n|\n|t:|1699980299\n|switch|p1b: Flutter Mane|Flutter Mane, shiny|26\/100\n|turn|10\n|\n|t:|1699980305\n|-terastallize|p1b: Flutter Mane|Fairy\n|move|p2a: Flutter Mane|Shadow Ball|p1b: Flutter Mane\n|-damage|p1b: Flutter Mane|0 fnt\n|faint|p1b: Flutter Mane\n|-end|p1b: Flutter Mane|Protosynthesis|[silent]\n|\n|win|Mtmc\n|raw|i cant text lol's rating: 1082 &rarr; <strong>1055<\/strong><br \/>(-27 for losing)\n|raw|Mtmc's rating: 1000 &rarr; <strong>1049<\/strong><br \/>(+49 for winning)\n","uploadtime":1699980311,"views":14,"p1id":"icanttextlol","p2id":"mtmc","formatid":"gen9doublesou","rating":1049,"private":0,"password":""}