{"id":"gen9doublesou-1999233081","p1":"ButterDeButtery","p2":"PaulMRCI","format":"[Gen 9] Doubles OU","log":"|j|\u2606ButterDeButtery\n|j|\u203dPaulMRCI\n|t:|1701048650\n|gametype|doubles\n|player|p1|ButterDeButtery|waitress|1223\n|player|p2|PaulMRCI|hiker-gen4|1201\n|teamsize|p1|6\n|teamsize|p2|6\n|gen|9\n|tier|[Gen 9] Doubles OU\n|rated|\n|rule|Species Clause: Limit one of each Pok\u00e9mon\n|rule|OHKO Clause: OHKO moves are banned\n|rule|Evasion Moves Clause: Evasion moves are banned\n|rule|Gravity Sleep Clause: The combination of sleep-inducing moves with imperfect accuracy and Gravity or Gigantamax Orbeetle are banned\n|rule|Endless Battle Clause: Forcing endless battles is banned\n|rule|HP Percentage Mod: HP is shown in percentages\n|clearpoke\n|poke|p1|Garganacl, M|\n|poke|p1|Amoonguss, F|\n|poke|p1|Chandelure, F|\n|poke|p1|Orthworm, M|\n|poke|p1|Vikavolt, F|\n|poke|p1|Iron Bundle|\n|poke|p2|Indeedee, M|\n|poke|p2|Armarouge, M|\n|poke|p2|Palafin, F|\n|poke|p2|Amoonguss, M|\n|poke|p2|Flutter Mane|\n|poke|p2|Ting-Lu|\n|teampreview\n|\n|t:|1701048658\n|start\n|switch|p1a: Amoonguss|Amoonguss, F|100\/100\n|switch|p1b: Garganacl|Garganacl, M|100\/100\n|switch|p2a: Indeedee|Indeedee, M|100\/100\n|switch|p2b: Armarouge|Armarouge, M|100\/100\n|-fieldstart|move: Psychic Terrain|[from] ability: Psychic Surge|[of] p2a: Indeedee\n|-enditem|p2a: Indeedee|Psychic Seed\n|-boost|p2a: Indeedee|spd|1|[from] item: Psychic Seed\n|turn|1\n|\n|t:|1701048683\n|-terastallize|p2b: Armarouge|Grass\n|move|p2a: Indeedee|Helping Hand|p2b: Armarouge\n|-singleturn|p2b: Armarouge|Helping Hand|[of] p2a: Indeedee\n|move|p1b: Garganacl|Wide Guard|p1b: Garganacl\n|-singleturn|p1b: Garganacl|Wide Guard\n|move|p2b: Armarouge|Expanding Force|p1a: Amoonguss|[spread] \n|-activate|p1a: Amoonguss|move: Wide Guard\n|-activate|p1b: Garganacl|move: Wide Guard\n|move|p1a: Amoonguss|Spore|p2b: Armarouge\n|-immune|p2b: Armarouge\n|\n|upkeep\n|turn|2\n|\n|t:|1701048703\n|move|p1b: Garganacl|Wide Guard|p1b: Garganacl\n|-singleturn|p1b: Garganacl|Wide Guard\n|move|p2b: Armarouge|Aura Sphere|p1b: Garganacl\n|-supereffective|p1b: Garganacl\n|-damage|p1b: Garganacl|35\/100\n|-damage|p2b: Armarouge|91\/100|[from] item: Life Orb\n|move|p1a: Amoonguss|Spore|p2a: Indeedee\n|-status|p2a: Indeedee|slp|[from] move: Spore\n|cant|p2a: Indeedee|slp\n|\n|-heal|p1b: Garganacl|41\/100|[from] item: Leftovers\n|upkeep\n|turn|3\n|\n|t:|1701048730\n|-terastallize|p1b: Garganacl|Ghost\n|cant|p2a: Indeedee|slp\n|move|p1b: Garganacl|Wide Guard|p1b: Garganacl\n|-singleturn|p1b: Garganacl|Wide Guard\n|move|p2b: Armarouge|Aura Sphere|p1b: Garganacl\n|-immune|p1b: Garganacl\n|move|p1a: Amoonguss|Pollen Puff|p2b: Armarouge\n|-supereffective|p2b: Armarouge\n|-damage|p2b: Armarouge|47\/100\n|\n|-heal|p1b: Garganacl|47\/100|[from] item: Leftovers\n|upkeep\n|turn|4\n|inactive|Battle timer is ON: inactive players will automatically lose when time's up. (requested by PaulMRCI)\n|\n|t:|1701048746\n|-curestatus|p2a: Indeedee|slp|[msg]\n|move|p2a: Indeedee|Protect|p2a: Indeedee\n|-singleturn|p2a: Indeedee|Protect\n|move|p1b: Garganacl|Wide Guard|p1b: Garganacl\n|-singleturn|p1b: Garganacl|Wide Guard\n|move|p2b: Armarouge|Expanding Force|p1a: Amoonguss|[spread] \n|-activate|p1a: Amoonguss|move: Wide Guard\n|-activate|p1b: Garganacl|move: Wide Guard\n|move|p1a: Amoonguss|Pollen Puff|p2b: Armarouge\n|-supereffective|p2b: Armarouge\n|-damage|p2b: Armarouge|5\/100\n|\n|-heal|p1b: Garganacl|53\/100|[from] item: Leftovers\n|upkeep\n|turn|5\n|\n|t:|1701048765\n|switch|p2b: Amoonguss|Amoonguss, M, shiny|100\/100\n|move|p1b: Garganacl|Wide Guard|p1b: Garganacl\n|-singleturn|p1b: Garganacl|Wide Guard\n|move|p1a: Amoonguss|Pollen Puff|p2b: Amoonguss\n|-damage|p2b: Amoonguss|84\/100\n|move|p2a: Indeedee|Trick Room|p2a: Indeedee\n|-fieldstart|move: Trick Room|[of] p2a: Indeedee\n|\n|-heal|p1b: Garganacl|60\/100|[from] item: Leftovers\n|-heal|p2b: Amoonguss|90\/100|[from] item: Black Sludge\n|-fieldend|move: Psychic Terrain\n|upkeep\n|turn|6\n|\n|t:|1701048776\n|switch|p2a: Armarouge|Armarouge, M, tera:Grass|5\/100\n|move|p1a: Amoonguss|Spore|p2a: Armarouge\n|-immune|p2a: Armarouge\n|move|p1b: Garganacl|Salt Cure|p2b: Amoonguss\n|-damage|p2b: Amoonguss|80\/100\n|-start|p2b: Amoonguss|Salt Cure\n|move|p2b: Amoonguss|Pollen Puff|p2a: Armarouge\n|-heal|p2a: Armarouge|55\/100\n|\n|-heal|p1b: Garganacl|66\/100|[from] item: Leftovers\n|-heal|p2b: Amoonguss|86\/100|[from] item: Black Sludge\n|-damage|p2b: Amoonguss|74\/100|[from] Salt Cure\n|upkeep\n|turn|7\n|\n|t:|1701048803\n|move|p1a: Amoonguss|Pollen Puff|p2a: Armarouge\n|-supereffective|p2a: Armarouge\n|-damage|p2a: Armarouge|15\/100\n|move|p1b: Garganacl|Salt Cure|p2a: Armarouge\n|-damage|p2a: Armarouge|2\/100\n|-start|p2a: Armarouge|Salt Cure\n|move|p2b: Amoonguss|Pollen Puff|p2a: Armarouge\n|-heal|p2a: Armarouge|52\/100\n|move|p2a: Armarouge|Energy Ball|p1b: Garganacl\n|-crit|p1b: Garganacl\n|-damage|p1b: Garganacl|0 fnt\n|faint|p1b: Garganacl\n|-damage|p2a: Armarouge|42\/100|[from] item: Life Orb\n|\n|-heal|p2b: Amoonguss|80\/100|[from] item: Black Sludge\n|-damage|p2b: Amoonguss|67\/100|[from] Salt Cure\n|-damage|p2a: Armarouge|30\/100|[from] Salt Cure\n|upkeep\n|\n|t:|1701048817\n|switch|p1b: Vikavolt|Vikavolt, F|100\/100\n|turn|8\n|\n|t:|1701048850\n|switch|p2b: Palafin|Palafin, F|100\/100\n|switch|p2a: Ting-Lu|Ting-Lu|100\/100\n|-ability|p2a: Ting-Lu|Vessel of Ruin\n|move|p1a: Amoonguss|Pollen Puff|p2a: Ting-Lu\n|-supereffective|p2a: Ting-Lu\n|-damage|p2a: Ting-Lu|85\/100\n|move|p1b: Vikavolt|Thunder Wave|p2b: Palafin\n|-status|p2b: Palafin|par\n|\n|-heal|p2a: Ting-Lu|91\/100|[from] item: Leftovers\n|upkeep\n|turn|9\n|\n|t:|1701048871\n|detailschange|p2b: Palafin|Palafin-Hero, F\n|switch|p2b: Amoonguss|Amoonguss, M, shiny|100\/100\n|move|p1a: Amoonguss|Spore|p2a: Ting-Lu\n|-status|p2a: Ting-Lu|slp|[from] move: Spore\n|move|p1b: Vikavolt|Sticky Web|p2b: Amoonguss\n|-sidestart|p2: PaulMRCI|move: Sticky Web\n|cant|p2a: Ting-Lu|slp\n|\n|-heal|p2a: Ting-Lu|97\/100 slp|[from] item: Leftovers\n|-fieldend|move: Trick Room\n|upkeep\n|turn|10\n|\n|t:|1701048896\n|switch|p2b: Indeedee|Indeedee, M|100\/100\n|-activate|p2b: Indeedee|move: Sticky Web\n|-unboost|p2b: Indeedee|spe|1\n|-fieldstart|move: Psychic Terrain|[from] ability: Psychic Surge|[of] p2b: Indeedee\n|cant|p2a: Ting-Lu|slp\n|move|p1b: Vikavolt|Thunder Wave|p2b: Indeedee|[miss]\n|-miss|p1b: Vikavolt|p2b: Indeedee\n|move|p1a: Amoonguss|Pollen Puff|p2a: Ting-Lu\n|-supereffective|p2a: Ting-Lu\n|-damage|p2a: Ting-Lu|79\/100 slp\n|\n|-heal|p2a: Ting-Lu|86\/100 slp|[from] item: Leftovers\n|upkeep\n|turn|11\n|inactive|ButterDeButtery has 120 seconds left.\n|\n|t:|1701048931\n|-curestatus|p2a: Ting-Lu|slp|[msg]\n|move|p2a: Ting-Lu|Throat Chop|p1b: Vikavolt\n|-damage|p1b: Vikavolt|72\/100\n|-start|p1b: Vikavolt|Throat Chop|[silent]\n|move|p1b: Vikavolt|Volt Switch|p2b: Indeedee\n|-damage|p2b: Indeedee|77\/100\n|inactive|ButterDeButtery has 120 seconds left.\n|\n|t:|1701048938\n|switch|p1b: Orthworm|Orthworm, M|100\/100|[from] Volt Switch\n|move|p1a: Amoonguss|Spore|p2b: Indeedee\n|-status|p2b: Indeedee|slp|[from] move: Spore\n|cant|p2b: Indeedee|slp\n|\n|-heal|p2a: Ting-Lu|92\/100|[from] item: Leftovers\n|upkeep\n|turn|12\n|inactive|PaulMRCI has 120 seconds left.\n|\n|t:|1701048972\n|switch|p2b: Palafin|Palafin-Hero, F|100\/100 par\n|-activate|p2b: Palafin|move: Sticky Web\n|-unboost|p2b: Palafin|spe|1\n|-activate|p2b: Palafin|ability: Zero to Hero\n|move|p2a: Ting-Lu|Throat Chop|p1a: Amoonguss\n|-damage|p1a: Amoonguss|61\/100\n|-start|p1a: Amoonguss|Throat Chop|[silent]\n|move|p1b: Orthworm|Coil|p1b: Orthworm\n|-boost|p1b: Orthworm|atk|1\n|-boost|p1b: Orthworm|def|1\n|-boost|p1b: Orthworm|accuracy|1\n|move|p1a: Amoonguss|Spore|p2a: Ting-Lu\n|-status|p2a: Ting-Lu|slp|[from] move: Spore\n|\n|-heal|p2a: Ting-Lu|98\/100 slp|[from] item: Leftovers\n|-heal|p1a: Amoonguss|67\/100|[from] item: Leftovers\n|upkeep\n|turn|13\n|\n|t:|1701048985\n|switch|p1a: Vikavolt|Vikavolt, F|72\/100\n|cant|p2a: Ting-Lu|slp\n|move|p1b: Orthworm|Earthquake|p2b: Palafin|[spread] p2a,p2b\n|-immune|p1a: Vikavolt|[from] ability: Levitate\n|-damage|p2a: Ting-Lu|78\/100 slp\n|-damage|p2b: Palafin|72\/100 par\n|cant|p2b: Palafin|par\n|\n|-heal|p2a: Ting-Lu|84\/100 slp|[from] item: Leftovers\n|-heal|p1a: Vikavolt|78\/100|[from] item: Leftovers\n|upkeep\n|turn|14\n|-message|PaulMRCI forfeited.\n|\n|win|ButterDeButtery\n|raw|ButterDeButtery's rating: 1223 &rarr; <strong>1246<\/strong><br \/>(+23 for winning)\n|raw|PaulMRCI's rating: 1201 &rarr; <strong>1178<\/strong><br \/>(-23 for losing)\n|l|\u203dPaulMRCI\n","uploadtime":1701049000,"views":8,"p1id":"butterdebuttery","p2id":"paulmrci","formatid":"gen9doublesou","rating":1178,"private":0,"password":""}