{"id":"gen9doublesou-1974291646","p1":"SXD2002","p2":"D.G.B_Kai","format":"[Gen 9] Doubles OU","log":"|j|\u2606SXD2002\n|j|\u2606D.G.B_Kai\n|t:|1698075307\n|gametype|doubles\n|player|p1|SXD2002|silver-masters|1038\n|player|p2|D.G.B_Kai|cheren-gen5bw2|1128\n|teamsize|p1|5\n|teamsize|p2|6\n|gen|9\n|tier|[Gen 9] Doubles OU\n|rated|\n|rule|Species Clause: Limit one of each Pok\u00e9mon\n|rule|OHKO Clause: OHKO moves are banned\n|rule|Evasion Moves Clause: Evasion moves are banned\n|rule|Gravity Sleep Clause: The combination of sleep-inducing moves with imperfect accuracy and Gravity or Gigantamax Orbeetle are banned\n|rule|Endless Battle Clause: Forcing endless battles is banned\n|rule|HP Percentage Mod: HP is shown in percentages\n|clearpoke\n|poke|p1|Lurantis, F|\n|poke|p1|Murkrow, F|\n|poke|p1|Grimmsnarl, M|\n|poke|p1|Clefairy, M|\n|poke|p1|Talonflame, M|\n|poke|p2|Talonflame, M|\n|poke|p2|Samurott-Hisui, M|\n|poke|p2|Kommo-o, F|\n|poke|p2|Gardevoir, M|\n|poke|p2|Arcanine, F|\n|poke|p2|Gholdengo|\n|teampreview\n|c|\u2606D.G.B_Kai|im scared\n|inactive|Battle timer is ON: inactive players will automatically lose when time's up. (requested by SXD2002)\n|c|\u2606SXD2002|glhf\n|\n|t:|1698075333\n|start\n|switch|p1a: Talonflame|Talonflame, M|100\/100\n|switch|p1b: Lurantis|Lurantis, F|100\/100\n|switch|p2a: Talonflame|Talonflame, M|100\/100\n|switch|p2b: Samurott|Samurott-Hisui, M|100\/100\n|turn|1\n|c|\u2606D.G.B_Kai|i know what this teams gonna do to me\n|c|\u2606SXD2002|let's see\n|inactive|D.G.B_Kai has 120 seconds left.\n|\n|t:|1698075367\n|move|p1a: Talonflame|Defog|p1b: Lurantis\n|-boost|p1b: Lurantis|evasion|1\n|move|p2a: Talonflame|Tailwind|p2a: Talonflame\n|-sidestart|p2: D.G.B_Kai|move: Tailwind\n|move|p2b: Samurott|X-Scissor|p1b: Lurantis|[miss]\n|-miss|p2b: Samurott|p1b: Lurantis\n|move|p1b: Lurantis|Leech Life|p2b: Samurott\n|-supereffective|p2b: Samurott\n|-damage|p2b: Samurott|51\/100\n|\n|upkeep\n|turn|2\n|\n|t:|1698075382\n|-terastallize|p1b: Lurantis|Steel\n|move|p1a: Talonflame|Defog|p1b: Lurantis\n|-boost|p1b: Lurantis|evasion|1\n|move|p2a: Talonflame|Overheat|p1b: Lurantis\n|-supereffective|p1b: Lurantis\n|-damage|p1b: Lurantis|31\/100\n|-unboost|p2a: Talonflame|spa|2\n|move|p2b: Samurott|X-Scissor|p1b: Lurantis\n|-resisted|p1b: Lurantis\n|-damage|p1b: Lurantis|1\/100\n|move|p1b: Lurantis|Superpower|p2b: Samurott\n|-supereffective|p2b: Samurott\n|-damage|p2b: Samurott|0 fnt\n|-boost|p1b: Lurantis|atk|1\n|-boost|p1b: Lurantis|def|1\n|faint|p2b: Samurott\n|\n|-heal|p1b: Lurantis|7\/100|[from] item: Leftovers\n|upkeep\n|inactive|D.G.B_Kai has 120 seconds left.\n|\n|t:|1698075400\n|switch|p2b: Arcanine|Arcanine, F|100\/100\n|-ability|p2b: Arcanine|Intimidate|boost\n|-unboost|p1a: Talonflame|atk|1\n|-boost|p1b: Lurantis|atk|1\n|turn|3\n|\n|t:|1698075415\n|move|p1b: Lurantis|Protect|p1b: Lurantis\n|-singleturn|p1b: Lurantis|Protect\n|move|p2a: Talonflame|Overheat|p1b: Lurantis\n|-activate|p1b: Lurantis|move: Protect\n|move|p2b: Arcanine|Snarl|p1b: Lurantis|[spread] p1a\n|-activate|p1b: Lurantis|move: Protect\n|-damage|p1a: Talonflame|88\/100\n|-unboost|p1a: Talonflame|spa|1\n|move|p1a: Talonflame|U-turn|p2a: Talonflame\n|-resisted|p2a: Talonflame\n|-crit|p2a: Talonflame\n|-damage|p2a: Talonflame|92\/100\n|-enditem|p2a: Talonflame|Red Card|[of] p1a: Talonflame\n|drag|p1a: Grimmsnarl|Grimmsnarl, M|100\/100\n|\n|-heal|p1b: Lurantis|13\/100|[from] item: Leftovers\n|upkeep\n|turn|4\n|\n|t:|1698075444\n|move|p1a: Grimmsnarl|Fake Tears|p1b: Lurantis\n|-boost|p1b: Lurantis|spd|2\n|move|p2a: Talonflame|Brave Bird|p1a: Grimmsnarl\n|-damage|p1a: Grimmsnarl|42\/100\n|-damage|p2a: Talonflame|66\/100|[from] Recoil\n|move|p2b: Arcanine|Heat Wave|p1a: Grimmsnarl|[spread] p1a\n|-miss|p2b: Arcanine|p1b: Lurantis\n|-damage|p1a: Grimmsnarl|23\/100\n|move|p1b: Lurantis|Superpower|p2b: Arcanine\n|-damage|p2b: Arcanine|42\/100\n|-boost|p1b: Lurantis|atk|1\n|-boost|p1b: Lurantis|def|1\n|\n|-heal|p2b: Arcanine|48\/100|[from] item: Leftovers\n|-heal|p1a: Grimmsnarl|29\/100|[from] item: Leftovers\n|-heal|p1b: Lurantis|19\/100|[from] item: Leftovers\n|-sideend|p2: D.G.B_Kai|move: Tailwind\n|upkeep\n|turn|5\n|\n|t:|1698075466\n|move|p1a: Grimmsnarl|Fake Tears|p1b: Lurantis\n|-boost|p1b: Lurantis|spd|2\n|move|p2a: Talonflame|Overheat|p1b: Lurantis|[miss]\n|-miss|p2a: Talonflame|p1b: Lurantis\n|move|p2b: Arcanine|Heat Wave|p1a: Grimmsnarl|[spread] p1a,p1b\n|-supereffective|p1b: Lurantis\n|-damage|p1a: Grimmsnarl|9\/100\n|-damage|p1b: Lurantis|7\/100\n|move|p1b: Lurantis|Superpower|p2b: Arcanine\n|-damage|p2b: Arcanine|0 fnt\n|-boost|p1b: Lurantis|atk|1\n|-boost|p1b: Lurantis|def|1\n|faint|p2b: Arcanine\n|\n|-heal|p1a: Grimmsnarl|15\/100|[from] item: Leftovers\n|-heal|p1b: Lurantis|13\/100|[from] item: Leftovers\n|upkeep\n|inactive|D.G.B_Kai has 120 seconds left.\n|\n|t:|1698075485\n|switch|p2b: Gholdengo|Gholdengo|100\/100\n|turn|6\n|\n|t:|1698075495\n|-terastallize|p2b: Gholdengo|Steel\n|move|p1b: Lurantis|Protect|p1b: Lurantis\n|-singleturn|p1b: Lurantis|Protect\n|move|p1a: Grimmsnarl|Parting Shot|p2a: Talonflame\n|-unboost|p2a: Talonflame|atk|1\n|-unboost|p2a: Talonflame|spa|1\n|\n|t:|1698075502\n|switch|p1a: Clefairy|Clefairy, M|100\/100|[from] Parting Shot\n|move|p2a: Talonflame|Overheat|p1b: Lurantis\n|-activate|p1b: Lurantis|move: Protect\n|move|p2b: Gholdengo|Make It Rain|p1b: Lurantis|[spread] p1a\n|-activate|p1b: Lurantis|move: Protect\n|-supereffective|p1a: Clefairy\n|-damage|p1a: Clefairy|0 fnt\n|-unboost|p2b: Gholdengo|spa|1\n|faint|p1a: Clefairy\n|\n|-heal|p1b: Lurantis|19\/100|[from] item: Leftovers\n|upkeep\n|\n|t:|1698075526\n|switch|p1a: Talonflame|Talonflame, M|88\/100\n|turn|7\n|c|\u2606D.G.B_Kai|i am terrified\n|\n|t:|1698075541\n|move|p1a: Talonflame|Defog|p1b: Lurantis\n|-boost|p1b: Lurantis|evasion|1\n|move|p2a: Talonflame|Overheat|p1b: Lurantis\n|-supereffective|p1b: Lurantis\n|-damage|p1b: Lurantis|10\/100\n|-unboost|p2a: Talonflame|spa|2\n|move|p2b: Gholdengo|Make It Rain|p1a: Talonflame|[spread] p1a\n|-miss|p2b: Gholdengo|p1b: Lurantis\n|-resisted|p1a: Talonflame\n|-crit|p1a: Talonflame\n|-damage|p1a: Talonflame|0 fnt\n|-unboost|p2b: Gholdengo|spa|1\n|faint|p1a: Talonflame\n|move|p1b: Lurantis|Superpower|p2b: Gholdengo\n|-supereffective|p2b: Gholdengo\n|-damage|p2b: Gholdengo|0 fnt\n|-boost|p1b: Lurantis|atk|1\n|-boost|p1b: Lurantis|def|1\n|faint|p2b: Gholdengo\n|\n|-heal|p1b: Lurantis|16\/100|[from] item: Leftovers\n|upkeep\n|c|\u2606SXD2002|you shouldn't have teratyped\n|c|\u2606D.G.B_Kai|i just now relized that\n|\n|t:|1698075571\n|switch|p1a: Murkrow|Murkrow, F|100\/100\n|switch|p2b: Gardevoir|Gardevoir, M|100\/100\n|-ability|p2b: Gardevoir|Prankster|[from] ability: Trace|[of] p1a: Murkrow\n|turn|8\n|\n|t:|1698075584\n|move|p1b: Lurantis|Protect|p1b: Lurantis\n|-singleturn|p1b: Lurantis|Protect\n|move|p1a: Murkrow|Thunder Wave|p2b: Gardevoir\n|-status|p2b: Gardevoir|par\n|move|p2a: Talonflame|Tailwind|p2a: Talonflame\n|-sidestart|p2: D.G.B_Kai|move: Tailwind\n|cant|p2b: Gardevoir|par\n|\n|-heal|p1b: Lurantis|22\/100|[from] item: Leftovers\n|upkeep\n|turn|9\n|\n|t:|1698075605\n|move|p1a: Murkrow|Thunder Wave|p2a: Talonflame|[miss]\n|-miss|p1a: Murkrow|p2a: Talonflame\n|move|p2a: Talonflame|Brave Bird|p1a: Murkrow\n|-damage|p1a: Murkrow|60\/100\n|-damage|p2a: Talonflame|52\/100|[from] Recoil\n|cant|p2b: Gardevoir|par\n|move|p1b: Lurantis|Leech Life|p2b: Gardevoir\n|-damage|p2b: Gardevoir|0 fnt\n|-heal|p1b: Lurantis|62\/100|[from] drain|[of] p2b: Gardevoir\n|faint|p2b: Gardevoir\n|\n|-heal|p1b: Lurantis|68\/100|[from] item: Leftovers\n|upkeep\n|\n|t:|1698075619\n|switch|p2b: Kommo-o|Kommo-o, F|100\/100\n|turn|10\n|\n|t:|1698075631\n|move|p1b: Lurantis|Protect|p1b: Lurantis\n|-singleturn|p1b: Lurantis|Protect\n|move|p1a: Murkrow|Thunder Wave|p2b: Kommo-o\n|-status|p2b: Kommo-o|par\n|move|p2a: Talonflame|Brave Bird|p1a: Murkrow\n|-damage|p1a: Murkrow|18\/100\n|-damage|p2a: Talonflame|37\/100|[from] Recoil\n|move|p2b: Kommo-o|Clangorous Soul|p2b: Kommo-o\n|-boost|p2b: Kommo-o|atk|1\n|-boost|p2b: Kommo-o|def|1\n|-boost|p2b: Kommo-o|spa|1\n|-boost|p2b: Kommo-o|spd|1\n|-boost|p2b: Kommo-o|spe|1\n|-damage|p2b: Kommo-o|68\/100 par\n|\n|-heal|p1b: Lurantis|75\/100|[from] item: Leftovers\n|upkeep\n|turn|11\n|\n|t:|1698075653\n|move|p1a: Murkrow|Screech|p2b: Kommo-o\n|-immune|p2b: Kommo-o|[from] ability: Soundproof\n|move|p2a: Talonflame|Brave Bird|p1a: Murkrow\n|-damage|p1a: Murkrow|0 fnt\n|faint|p1a: Murkrow\n|-damage|p2a: Talonflame|30\/100|[from] Recoil\n|move|p2b: Kommo-o|Drain Punch|p1b: Lurantis|[miss]\n|-miss|p2b: Kommo-o|p1b: Lurantis\n|move|p1b: Lurantis|Superpower|p2b: Kommo-o\n|-damage|p2b: Kommo-o|17\/100 par\n|-boost|p1b: Lurantis|atk|1\n|-boost|p1b: Lurantis|def|1\n|-enditem|p2b: Kommo-o|Sitrus Berry|[eat]\n|-heal|p2b: Kommo-o|41\/100 par|[from] item: Sitrus Berry\n|\n|-heal|p1b: Lurantis|81\/100|[from] item: Leftovers\n|-sideend|p2: D.G.B_Kai|move: Tailwind\n|upkeep\n|\n|t:|1698075671\n|switch|p1a: Grimmsnarl|Grimmsnarl, M|15\/100\n|turn|12\n|\n|t:|1698075684\n|move|p1a: Grimmsnarl|Scary Face|p2b: Kommo-o\n|-unboost|p2b: Kommo-o|spe|2\n|move|p2a: Talonflame|Brave Bird|p1a: Grimmsnarl\n|-damage|p1a: Grimmsnarl|0 fnt\n|faint|p1a: Grimmsnarl\n|-damage|p2a: Talonflame|24\/100|[from] Recoil\n|move|p1b: Lurantis|Superpower|p2b: Kommo-o\n|-damage|p2b: Kommo-o|0 fnt\n|-boost|p1b: Lurantis|def|1\n|faint|p2b: Kommo-o\n|\n|-heal|p1b: Lurantis|87\/100|[from] item: Leftovers\n|upkeep\n|turn|13\n|c|\u2606SXD2002|gg\n|c|\u2606D.G.B_Kai|gg\n|\n|t:|1698075700\n|move|p2a: Talonflame|Protect|p2a: Talonflame\n|-singleturn|p2a: Talonflame|Protect\n|move|p1b: Lurantis|Superpower|p2a: Talonflame\n|-activate|p2a: Talonflame|move: Protect\n|\n|-heal|p1b: Lurantis|93\/100|[from] item: Leftovers\n|upkeep\n|turn|14\n|\n|t:|1698075708\n|move|p2a: Talonflame|Overheat|p1b: Lurantis|[miss]\n|-miss|p2a: Talonflame|p1b: Lurantis\n|move|p1b: Lurantis|Superpower|p2a: Talonflame\n|-resisted|p2a: Talonflame\n|-damage|p2a: Talonflame|0 fnt\n|faint|p2a: Talonflame\n|\n|win|SXD2002\n|raw|SXD2002's rating: 1038 &rarr; <strong>1081<\/strong><br \/>(+43 for winning)\n|raw|D.G.B_Kai's rating: 1128 &rarr; <strong>1097<\/strong><br \/>(-31 for losing)\n","uploadtime":1698075718,"views":21,"p1id":"sxd2002","p2id":"dgbkai","formatid":"gen9doublesou","rating":1081,"private":0,"password":""}