{"id":"gen9doublesou-1982843850","p1":"41exe","p2":"Lenoxum","format":"[Gen 9] Doubles OU","log":"|j|\u260641exe\n|j|\u2606Lenoxum\n|inactive|Battle timer is ON: inactive players will automatically lose when time's up.\n|t:|1699050477\n|gametype|doubles\n|player|p1|41exe|parasollady|\n|player|p2|Lenoxum|turo-ai|\n|teamsize|p1|6\n|teamsize|p2|6\n|gen|9\n|tier|[Gen 9] Doubles OU\n|rated|Tournament battle\n|rule|Species Clause: Limit one of each Pok\u00e9mon\n|rule|OHKO Clause: OHKO moves are banned\n|rule|Evasion Moves Clause: Evasion moves are banned\n|rule|Gravity Sleep Clause: The combination of sleep-inducing moves with imperfect accuracy and Gravity or Gigantamax Orbeetle are banned\n|rule|Endless Battle Clause: Forcing endless battles is banned\n|rule|HP Percentage Mod: HP is shown in percentages\n|clearpoke\n|poke|p1|Skeledirge, M|\n|poke|p1|Houndstone, F|\n|poke|p1|Shroodle, F|\n|poke|p1|Tinkatink, F|\n|poke|p1|Tsareena, F|\n|poke|p1|Donphan, F|\n|poke|p2|Nuzleaf, F|\n|poke|p2|Toedscruel, F|\n|poke|p2|Basculin, F|\n|poke|p2|Lurantis, F|\n|poke|p2|Typhlosion-Hisui, M|\n|poke|p2|Chansey, F|\n|teampreview\n|j|*Lady Monita \u263d\n|j| BigSilverBilver\n|c|\u2606Lenoxum|glhf\n|inactive|41exe has 120 seconds left.\n|c|\u260641exe|gl :)\n|\n|t:|1699050524\n|start\n|switch|p1a: Shroodle|Shroodle, F|100\/100\n|switch|p1b: Tinkatink|Tinkatink, F|100\/100\n|switch|p2a: Toedscruel|Toedscruel, F, shiny|100\/100\n|switch|p2b: Nuzleaf|Nuzleaf, F, shiny|100\/100\n|-ability|p1b: Tinkatink|Mold Breaker\n|turn|1\n|\n|t:|1699050542\n|move|p2b: Nuzleaf|Fake Out|p1a: Shroodle\n|-damage|p1a: Shroodle|69\/100\n|move|p1b: Tinkatink|Fake Out|p2b: Nuzleaf\n|-damage|p2b: Nuzleaf|88\/100\n|cant|p1a: Shroodle|flinch\n|move|p2a: Toedscruel|Toxic Spikes|p1b: Tinkatink\n|-sidestart|p1: 41exe|move: Toxic Spikes\n|\n|upkeep\n|turn|2\n|c|\u2606Lenoxum|lel\n|\n|t:|1699050563\n|move|p2a: Toedscruel|Earth Power|p1b: Tinkatink\n|-supereffective|p1b: Tinkatink\n|-damage|p1b: Tinkatink|19\/100\n|move|p1a: Shroodle|Poison Jab|p2b: Nuzleaf\n|-supereffective|p2b: Nuzleaf\n|-damage|p2b: Nuzleaf|0 fnt\n|faint|p2b: Nuzleaf\n|move|p1b: Tinkatink|Stealth Rock|p2a: Toedscruel\n|-sidestart|p2: Lenoxum|move: Stealth Rock\n|\n|upkeep\n|j| AstragoR\n|\n|t:|1699050582\n|switch|p2b: Basculin|Basculin, F, shiny|100\/100\n|-damage|p2b: Basculin|88\/100|[from] Stealth Rock\n|turn|3\n|\n|t:|1699050605\n|move|p1a: Shroodle|Toxic|p2a: Toedscruel\n|-status|p2a: Toedscruel|tox\n|move|p2a: Toedscruel|Earth Power|p1b: Tinkatink\n|-supereffective|p1b: Tinkatink\n|-damage|p1b: Tinkatink|0 fnt\n|faint|p1b: Tinkatink\n|move|p2b: Basculin|Liquidation|p1a: Shroodle\n|-damage|p1a: Shroodle|0 fnt\n|faint|p1a: Shroodle\n|\n|-damage|p2a: Toedscruel|95\/100 tox|[from] psn\n|upkeep\n|\n|t:|1699050617\n|switch|p1a: Tsareena|Tsareena, F|100\/100\n|switch|p1b: Donphan|Donphan, F|100\/100\n|-status|p1a: Tsareena|psn\n|-status|p1b: Donphan|psn\n|turn|4\n|j| best_player72\n|\n|t:|1699050634\n|move|p2b: Basculin|Protect|p2b: Basculin\n|-singleturn|p2b: Basculin|Protect\n|move|p1a: Tsareena|Power Whip|p2b: Basculin\n|-activate|p2b: Basculin|move: Protect\n|move|p2a: Toedscruel|Sludge Bomb|p1a: Tsareena\n|-supereffective|p1a: Tsareena\n|-damage|p1a: Tsareena|38\/100 psn\n|move|p1b: Donphan|Rapid Spin|p2a: Toedscruel\n|-damage|p2a: Toedscruel|65\/100 tox\n|-boost|p1b: Donphan|spe|1\n|-sideend|p1: 41exe|Toxic Spikes|[from] move: Rapid Spin|[of] p1b: Donphan\n|\n|-damage|p1a: Tsareena|26\/100 psn|[from] psn\n|-damage|p2a: Toedscruel|53\/100 tox|[from] psn\n|-damage|p1b: Donphan|88\/100 psn|[from] psn\n|upkeep\n|turn|5\n|\n|t:|1699050655\n|switch|p2b: Lurantis|Lurantis, F, shiny|100\/100\n|-damage|p2b: Lurantis|88\/100|[from] Stealth Rock\n|move|p1a: Tsareena|Power Whip|p2b: Lurantis|[miss]\n|-miss|p1a: Tsareena|p2b: Lurantis\n|move|p2a: Toedscruel|Sludge Bomb|p1a: Tsareena\n|-supereffective|p1a: Tsareena\n|-damage|p1a: Tsareena|0 fnt\n|faint|p1a: Tsareena\n|move|p1b: Donphan|Ice Spinner|p2a: Toedscruel\n|-supereffective|p2a: Toedscruel\n|-damage|p2a: Toedscruel|0 fnt\n|faint|p2a: Toedscruel\n|\n|-heal|p1b: Donphan|94\/100 psn|[from] item: Leftovers\n|-damage|p1b: Donphan|82\/100 psn|[from] psn\n|upkeep\n|\n|t:|1699050675\n|switch|p2a: Basculin|Basculin, F, shiny|88\/100\n|switch|p1a: Skeledirge|Skeledirge, M|100\/100\n|-damage|p2a: Basculin|76\/100|[from] Stealth Rock\n|turn|6\n|\n|t:|1699050687\n|-terastallize|p1a: Skeledirge|Water\n|move|p2a: Basculin|Liquidation|p1a: Skeledirge\n|-resisted|p1a: Skeledirge\n|-damage|p1a: Skeledirge|81\/100\n|move|p1b: Donphan|Ice Spinner|p2b: Lurantis\n|-supereffective|p2b: Lurantis\n|-damage|p2b: Lurantis|24\/100\n|move|p1a: Skeledirge|Heat Wave|p2a: Basculin|[spread] p2a,p2b\n|-resisted|p2a: Basculin\n|-supereffective|p2b: Lurantis\n|-damage|p2a: Basculin|49\/100\n|-damage|p2b: Lurantis|0 fnt\n|faint|p2b: Lurantis\n|\n|-heal|p1b: Donphan|88\/100 psn|[from] item: Leftovers\n|-heal|p1a: Skeledirge|87\/100|[from] item: Leftovers\n|-damage|p1b: Donphan|75\/100 psn|[from] psn\n|upkeep\n|\n|t:|1699050711\n|switch|p2b: Chansey|Chansey, F, shiny|100\/100\n|-damage|p2b: Chansey|88\/100|[from] Stealth Rock\n|turn|7\n|\n|t:|1699050723\n|move|p2a: Basculin|Liquidation|p1b: Donphan\n|-supereffective|p1b: Donphan\n|-damage|p1b: Donphan|4\/100 psn\n|move|p1b: Donphan|High Horsepower|p2a: Basculin\n|-damage|p2a: Basculin|0 fnt\n|faint|p2a: Basculin\n|move|p1a: Skeledirge|Heat Wave|p2b: Chansey\n|-damage|p2b: Chansey|80\/100\n|move|p2b: Chansey|Thunder Wave|p1a: Skeledirge\n|-status|p1a: Skeledirge|par\n|\n|-heal|p1b: Donphan|10\/100 psn|[from] item: Leftovers\n|-heal|p1a: Skeledirge|93\/100 par|[from] item: Leftovers\n|-damage|p1b: Donphan|0 fnt|[from] psn\n|faint|p1b: Donphan\n|upkeep\n|\n|t:|1699050737\n|switch|p2a: Typhlosion|Typhlosion-Hisui, M, shiny|100\/100\n|switch|p1b: Houndstone|Houndstone, F|100\/100\n|-damage|p2a: Typhlosion|75\/100|[from] Stealth Rock\n|-item|p1a: Skeledirge|Leftovers|[from] ability: Frisk|[of] p2a: Typhlosion|[identify]\n|-item|p1b: Houndstone|Leftovers|[from] ability: Frisk|[of] p2a: Typhlosion|[identify]\n|turn|8\n|l| BigSilverBilver\n|\n|t:|1699050767\n|-terastallize|p2a: Typhlosion|Fire\n|move|p1b: Houndstone|Shadow Sneak|p2a: Typhlosion\n|-damage|p2a: Typhlosion|47\/100\n|move|p2a: Typhlosion|Flamethrower|p1b: Houndstone\n|-damage|p1b: Houndstone|0 fnt\n|faint|p1b: Houndstone\n|move|p2b: Chansey|Seismic Toss|p1a: Skeledirge\n|-damage|p1a: Skeledirge|69\/100 par\n|move|p1a: Skeledirge|Hex|p2a: Typhlosion\n|-damage|p2a: Typhlosion|11\/100\n|\n|-heal|p1a: Skeledirge|75\/100 par|[from] item: Leftovers\n|upkeep\n|turn|9\n|c|\u260641exe|gg\n|c|\u2606Lenoxum|gg\n|-message|41exe forfeited.\n|\n|win|Lenoxum\n|n|\u260641exe|41exe\n|n|\u2606Lenoxum|lenoxum\n|n|*Lady Monita \u263d|ladymonita\n|n| AstragoR|astragor\n|n| best_player72|bestplayer72\n","uploadtime":1699050788,"views":12,"p1id":"41exe","p2id":"lenoxum","formatid":"gen9doublesou","rating":0,"private":0,"password":""}