{"id":"gen9doublesou-1986063801","p1":"bladeeishot","p2":"RocketsViability","format":"[Gen 9] Doubles OU","log":"|j|\u2606bladeeishot\n|j|\u2606RocketsViability\n|t:|1699445814\n|gametype|doubles\n|player|p1|bladeeishot|marley|1017\n|player|p2|RocketsViability|2|1145\n|teamsize|p1|6\n|teamsize|p2|6\n|gen|9\n|tier|[Gen 9] Doubles OU\n|rated|\n|rule|Species Clause: Limit one of each Pok\u00e9mon\n|rule|OHKO Clause: OHKO moves are banned\n|rule|Evasion Moves Clause: Evasion moves are banned\n|rule|Gravity Sleep Clause: The combination of sleep-inducing moves with imperfect accuracy and Gravity or Gigantamax Orbeetle are banned\n|rule|Endless Battle Clause: Forcing endless battles is banned\n|rule|HP Percentage Mod: HP is shown in percentages\n|clearpoke\n|poke|p1|Regieleki|\n|poke|p1|Sinistcha-Masterpiece|\n|poke|p1|Gholdengo|\n|poke|p1|Kommo-o, M|\n|poke|p1|Greninja-*, M|\n|poke|p1|Hatterene, F|\n|poke|p2|Ninetales-Alola, F|\n|poke|p2|Trevenant, F|\n|poke|p2|Goodra-Hisui, M|\n|poke|p2|Sandslash-Alola, F|\n|poke|p2|Torterra, M|\n|poke|p2|Empoleon, F|\n|teampreview\n|inactive|Battle timer is ON: inactive players will automatically lose when time's up. (requested by bladeeishot)\n|\n|t:|1699445825\n|start\n|switch|p1a: Hatterene|Hatterene, F, shiny|100\/100\n|switch|p1b: Kommo-o|Kommo-o, M|100\/100\n|switch|p2a: Trevenant|Trevenant, F|100\/100\n|switch|p2b: Torterra|Torterra, M|100\/100\n|turn|1\n|\n|t:|1699445835\n|move|p1b: Kommo-o|Clangorous Soul|p1b: Kommo-o\n|-boost|p1b: Kommo-o|atk|1\n|-boost|p1b: Kommo-o|def|1\n|-boost|p1b: Kommo-o|spa|1\n|-boost|p1b: Kommo-o|spd|1\n|-boost|p1b: Kommo-o|spe|1\n|-damage|p1b: Kommo-o|68\/100\n|move|p2b: Torterra|Shell Smash|p2b: Torterra\n|-unboost|p2b: Torterra|def|1\n|-unboost|p2b: Torterra|spd|1\n|-boost|p2b: Torterra|atk|2\n|-boost|p2b: Torterra|spa|2\n|-boost|p2b: Torterra|spe|2\n|move|p2a: Trevenant|Toxic|p1b: Kommo-o\n|-status|p1b: Kommo-o|tox\n|move|p1a: Hatterene|Mystical Fire|p2a: Trevenant\n|-supereffective|p2a: Trevenant\n|-damage|p2a: Trevenant|59\/100\n|-unboost|p2a: Trevenant|spa|1\n|\n|-damage|p1b: Kommo-o|61\/100 tox|[from] psn\n|upkeep\n|turn|2\n|inactive|RocketsViability has 120 seconds left.\n|\n|t:|1699445870\n|move|p1a: Hatterene|Helping Hand|p1b: Kommo-o\n|-singleturn|p1b: Kommo-o|Helping Hand|[of] p1a: Hatterene\n|move|p2a: Trevenant|Ally Switch|p2a: Trevenant\n|swap|p2a: Trevenant|1|[from] move: Ally Switch\n|move|p1b: Kommo-o|Drain Punch|p2b: Trevenant\n|-immune|p2b: Trevenant\n|move|p2a: Torterra|Bullet Seed|p1b: Kommo-o\n|-resisted|p1b: Kommo-o\n|-damage|p1b: Kommo-o|53\/100 tox\n|-resisted|p1b: Kommo-o\n|-damage|p1b: Kommo-o|45\/100 tox\n|-resisted|p1b: Kommo-o\n|-damage|p1b: Kommo-o|36\/100 tox\n|-resisted|p1b: Kommo-o\n|-damage|p1b: Kommo-o|28\/100 tox\n|-hitcount|p1b: Kommo-o|4\n|\n|-damage|p1b: Kommo-o|16\/100 tox|[from] psn\n|upkeep\n|turn|3\n|inactive|RocketsViability has 120 seconds left.\n|inactive|bladeeishot has 120 seconds left.\n|\n|t:|1699445909\n|move|p1b: Kommo-o|Clanging Scales|p2a: Torterra|[spread] p2a,p2b\n|-damage|p2a: Torterra|7\/100\n|-damage|p2b: Trevenant|15\/100\n|-enditem|p2b: Trevenant|Sitrus Berry|[eat]\n|-heal|p2b: Trevenant|40\/100|[from] item: Sitrus Berry\n|-unboost|p1b: Kommo-o|def|1\n|-damage|p1b: Kommo-o|6\/100 tox|[from] item: Life Orb\n|move|p2a: Torterra|Rock Blast|p1a: Hatterene\n|-damage|p1a: Hatterene|84\/100\n|-damage|p1a: Hatterene|66\/100\n|-crit|p1a: Hatterene\n|-damage|p1a: Hatterene|41\/100\n|-damage|p1a: Hatterene|22\/100\n|-hitcount|p1a: Hatterene|4\n|move|p2b: Trevenant|Disable|p1b: Kommo-o\n|-start|p1b: Kommo-o|Disable|Clanging Scales\n|move|p1a: Hatterene|Heal Pulse|p2a: Torterra\n|-heal|p2a: Torterra|57\/100\n|\n|-heal|p1a: Hatterene|28\/100|[from] item: Leftovers\n|-damage|p1b: Kommo-o|0 fnt|[from] psn\n|faint|p1b: Kommo-o\n|-item|p2b: Trevenant|Sitrus Berry|[from] ability: Harvest\n|upkeep\n|-enditem|p2b: Trevenant|Sitrus Berry|[eat]\n|-heal|p2b: Trevenant|64\/100|[from] item: Sitrus Berry\n|c|\u2606RocketsViability|?\n|\n|t:|1699445928\n|switch|p1b: Sinistcha|Sinistcha-Masterpiece, shiny|100\/100\n|-heal|p1a: Hatterene|53\/100|[from] ability: Hospitality|[of] p1b: Sinistcha\n|turn|4\n|inactive|bladeeishot has 120 seconds left.\n|\n|t:|1699445943\n|-terastallize|p1b: Sinistcha|Water\n|move|p2a: Torterra|Bullet Seed|p1a: Hatterene\n|-damage|p1a: Hatterene|25\/100\n|-damage|p1a: Hatterene|0 fnt\n|faint|p1a: Hatterene\n|-hitcount|p1: Hatterene|2\n|move|p1b: Sinistcha|Nasty Plot|p1b: Sinistcha\n|-boost|p1b: Sinistcha|spa|2\n|move|p2b: Trevenant|Toxic|p1b: Sinistcha\n|-status|p1b: Sinistcha|tox\n|\n|-damage|p1b: Sinistcha|94\/100 tox|[from] psn\n|-item|p2b: Trevenant|Sitrus Berry|[from] ability: Harvest\n|upkeep\n|\n|t:|1699445952\n|switch|p1a: Regieleki|Regieleki|100\/100\n|turn|5\n|\n|t:|1699445962\n|move|p2b: Trevenant|Ally Switch|p2b: Trevenant\n|swap|p2b: Trevenant|0|[from] move: Ally Switch\n|move|p1a: Regieleki|Magnet Rise|p1a: Regieleki\n|-start|p1a: Regieleki|Magnet Rise\n|move|p2b: Torterra|Bullet Seed|p1b: Sinistcha\n|-supereffective|p1b: Sinistcha\n|-damage|p1b: Sinistcha|52\/100 tox\n|-supereffective|p1b: Sinistcha\n|-crit|p1b: Sinistcha\n|-damage|p1b: Sinistcha|0 fnt\n|faint|p1b: Sinistcha\n|-hitcount|p1: Sinistcha|2\n|\n|upkeep\n|\n|t:|1699445970\n|switch|p1b: Gholdengo|Gholdengo|100\/100\n|turn|6\n|\n|t:|1699445999\n|move|p1a: Regieleki|Thunder Wave|p2a: Trevenant\n|-status|p2a: Trevenant|par\n|move|p2b: Torterra|Crunch|p1b: Gholdengo\n|-supereffective|p1b: Gholdengo\n|-damage|p1b: Gholdengo|0 fnt\n|faint|p1b: Gholdengo\n|move|p2a: Trevenant|Disable|p1a: Regieleki\n|-start|p1a: Regieleki|Disable|Thunder Wave\n|\n|upkeep\n|\n|t:|1699446001\n|switch|p1b: Greninja|Greninja, M|100\/100\n|turn|7\n|\n|t:|1699446015\n|move|p1a: Regieleki|Wild Charge|p2a: Trevenant\n|-resisted|p2a: Trevenant\n|-crit|p2a: Trevenant\n|-damage|p2a: Trevenant|17\/100 par\n|-enditem|p2a: Trevenant|Sitrus Berry|[eat]\n|-heal|p2a: Trevenant|42\/100 par|[from] item: Sitrus Berry\n|-damage|p1a: Regieleki|86\/100|[from] Recoil\n|move|p2b: Torterra|Bullet Seed|p1b: Greninja\n|-supereffective|p1b: Greninja\n|-damage|p1b: Greninja|23\/100\n|-supereffective|p1b: Greninja\n|-damage|p1b: Greninja|0 fnt\n|faint|p1b: Greninja\n|-hitcount|p1: Greninja|2\n|move|p2a: Trevenant|Toxic|p1a: Regieleki\n|-status|p1a: Regieleki|tox\n|\n|-damage|p1a: Regieleki|80\/100 tox|[from] psn\n|upkeep\n|turn|8\n|-message|bladeeishot forfeited.\n|\n|win|RocketsViability\n|raw|bladeeishot's rating: 1017 &rarr; <strong>1009<\/strong><br \/>(-8 for losing)\n|raw|RocketsViability's rating: 1145 &rarr; <strong>1161<\/strong><br \/>(+16 for winning)\n|l|\u2606bladeeishot\n","uploadtime":1699446037,"views":16,"p1id":"bladeeishot","p2id":"rocketsviability","formatid":"gen9doublesou","rating":1009,"private":0,"password":""}