{"id":"gen9doublesou-1979626546","p1":"Andblybb","p2":"SyIver1000","format":"[Gen 9] Doubles OU","log":"|j|\u2606Andblybb\n|j|\u2606SyIver1000\n|t:|1698697852\n|gametype|doubles\n|player|p1|Andblybb|102|1077\n|player|p2|SyIver1000|cynthia|1067\n|teamsize|p1|6\n|teamsize|p2|6\n|gen|9\n|tier|[Gen 9] Doubles OU\n|rated|\n|rule|Species Clause: Limit one of each Pok\u00e9mon\n|rule|OHKO Clause: OHKO moves are banned\n|rule|Evasion Moves Clause: Evasion moves are banned\n|rule|Gravity Sleep Clause: The combination of sleep-inducing moves with imperfect accuracy and Gravity or Gigantamax Orbeetle are banned\n|rule|Endless Battle Clause: Forcing endless battles is banned\n|rule|HP Percentage Mod: HP is shown in percentages\n|clearpoke\n|poke|p1|Golduck, F|\n|poke|p1|Torterra, F|\n|poke|p1|Landorus-Therian, M|\n|poke|p1|Espathra, M|\n|poke|p1|Hatterene, F|\n|poke|p1|Ting-Lu|\n|poke|p2|Torterra, F|\n|poke|p2|Ogerpon-Wellspring, F|\n|poke|p2|Farigiraf, F|\n|poke|p2|Glimmora, M|\n|poke|p2|Diancie|\n|poke|p2|Corviknight, M|\n|teampreview\n|\n|t:|1698697861\n|start\n|switch|p1a: Espathra|Espathra, M|100\/100\n|switch|p1b: Golduck|Golduck, F|100\/100\n|switch|p2a: Torterra|Torterra, F|100\/100\n|switch|p2b: Ogerpon|Ogerpon-Wellspring, F|100\/100\n|turn|1\n|inactive|Battle timer is ON: inactive players will automatically lose when time's up. (requested by Andblybb)\n|\n|t:|1698697886\n|switch|p2a: Farigiraf|Farigiraf, F|100\/100\n|move|p1b: Golduck|Simple Beam|p1a: Espathra\n|-endability|p1a: Espathra|Speed Boost|[from] move: Simple Beam\n|-ability|p1a: Espathra|Simple|[from] move: Simple Beam\n|move|p1a: Espathra|Calm Mind|p1a: Espathra\n|-boost|p1a: Espathra|spa|2\n|-boost|p1a: Espathra|spd|2\n|move|p2b: Ogerpon|Knock Off|p1a: Espathra\n|-supereffective|p1a: Espathra\n|-damage|p1a: Espathra|3\/100\n|-enditem|p1a: Espathra|Focus Sash|[from] move: Knock Off|[of] p2b: Ogerpon\n|\n|upkeep\n|turn|2\n|\n|t:|1698697907\n|move|p1a: Espathra|Protect|p1a: Espathra\n|-singleturn|p1a: Espathra|Protect\n|move|p1b: Golduck|Icy Wind|p2a: Farigiraf|[spread] p2a,p2b\n|-damage|p2a: Farigiraf|94\/100\n|-damage|p2b: Ogerpon|92\/100\n|-unboost|p2b: Ogerpon|spe|1\n|move|p2b: Ogerpon|Ivy Cudgel|p1a: Espathra\n|-activate|p1a: Espathra|move: Protect\n|move|p2a: Farigiraf|Trick Room|p2a: Farigiraf\n|-fieldstart|move: Trick Room|[of] p2a: Farigiraf\n|\n|upkeep\n|turn|3\n|inactive|Andblybb has 120 seconds left.\n|inactive|SyIver1000 has 120 seconds left.\n|inactive|Andblybb has 90 seconds left.\n|inactive|Andblybb has 60 seconds left.\n|\n|t:|1698698023\n|move|p2a: Farigiraf|Psychic|p1b: Golduck\n|-damage|p1b: Golduck|63\/100\n|move|p2b: Ogerpon|Knock Off|p1a: Espathra\n|-supereffective|p1a: Espathra\n|-damage|p1a: Espathra|0 fnt\n|faint|p1a: Espathra\n|move|p1b: Golduck|Simple Beam|p1: Espathra|[notarget]\n|-fail|p1b: Golduck\n|\n|-heal|p1b: Golduck|69\/100|[from] item: Leftovers\n|upkeep\n|\n|t:|1698698033\n|switch|p1a: Hatterene|Hatterene, F|100\/100\n|turn|4\n|\n|t:|1698698052\n|move|p2a: Farigiraf|Ally Switch|p2a: Farigiraf\n|swap|p2a: Farigiraf|1|[from] move: Ally Switch\n|move|p1a: Hatterene|Shadow Ball|p2b: Farigiraf\n|-immune|p2b: Farigiraf\n|move|p2a: Ogerpon|Knock Off|p1a: Hatterene\n|-damage|p1a: Hatterene|67\/100\n|-enditem|p1a: Hatterene|Life Orb|[from] move: Knock Off|[of] p2a: Ogerpon\n|move|p1b: Golduck|Chilling Water|p2b: Farigiraf\n|-damage|p2b: Farigiraf|81\/100\n|\n|-heal|p1b: Golduck|75\/100|[from] item: Leftovers\n|upkeep\n|turn|5\n|inactive|Andblybb has 60 seconds left.\n|-message|Andblybb forfeited.\n|\n|win|SyIver1000\n|raw|Andblybb's rating: 1077 &rarr; <strong>1055<\/strong><br \/>(-22 for losing)\n|raw|SyIver1000's rating: 1067 &rarr; <strong>1098<\/strong><br \/>(+31 for winning)\n|l|\u2606Andblybb\n|c|\u2606SyIver1000|LOL\n","uploadtime":1698698072,"views":23,"p1id":"andblybb","p2id":"syiver1000","formatid":"gen9doublesou","rating":1055,"private":0,"password":""}