{"id":"gen9doublesou-1991006425","p1":"Escanor7SD666","p2":"yommo64","format":"[Gen 9] Doubles OU","log":"|j|\u2606Escanor7SD666\n|j|\u2606yommo64\n|t:|1700026784\n|gametype|doubles\n|player|p1|Escanor7SD666|policeman-gen4|1198\n|player|p2|yommo64|hugh|1162\n|teamsize|p1|6\n|teamsize|p2|6\n|gen|9\n|tier|[Gen 9] Doubles OU\n|rated|\n|rule|Species Clause: Limit one of each Pok\u00e9mon\n|rule|OHKO Clause: OHKO moves are banned\n|rule|Evasion Moves Clause: Evasion moves are banned\n|rule|Gravity Sleep Clause: The combination of sleep-inducing moves with imperfect accuracy and Gravity or Gigantamax Orbeetle are banned\n|rule|Endless Battle Clause: Forcing endless battles is banned\n|rule|HP Percentage Mod: HP is shown in percentages\n|clearpoke\n|poke|p1|Brute Bonnet|\n|poke|p1|Toedscruel, F|\n|poke|p1|Baxcalibur, F|\n|poke|p1|Grimmsnarl, M|\n|poke|p1|Palafin, M|\n|poke|p1|Heatran, F|\n|poke|p2|Kleavor, M|\n|poke|p2|Samurott-Hisui, M|\n|poke|p2|Torkoal, F|\n|poke|p2|Farigiraf, M|\n|poke|p2|Gholdengo|\n|poke|p2|Iron Hands|\n|teampreview\n|\n|t:|1700026797\n|start\n|switch|p1a: Brute Bonnet|Brute Bonnet|100\/100\n|switch|p1b: Palafin|Palafin, M|100\/100\n|switch|p2a: Kleavor|Kleavor, M|100\/100\n|switch|p2b: Samurott|Samurott-Hisui, M|100\/100\n|turn|1\n|\n|t:|1700026816\n|detailschange|p1b: Palafin|Palafin-Hero, M\n|switch|p1b: Toedscruel|Toedscruel, F|100\/100\n|move|p2a: Kleavor|Stone Axe|p1b: Toedscruel\n|-resisted|p1b: Toedscruel\n|-damage|p1b: Toedscruel|55\/100\n|-sidestart|p1: Escanor7SD666|move: Stealth Rock\n|move|p2b: Samurott|Ceaseless Edge|p1b: Toedscruel|[miss]\n|-miss|p2b: Samurott|p1b: Toedscruel\n|move|p1a: Brute Bonnet|Spore|p2a: Kleavor\n|-status|p2a: Kleavor|slp|[from] move: Spore\n|\n|upkeep\n|turn|2\n|\n|t:|1700026833\n|cant|p2a: Kleavor|slp\n|move|p2b: Samurott|X-Scissor|p1a: Brute Bonnet\n|-supereffective|p1a: Brute Bonnet\n|-enditem|p1a: Brute Bonnet|Focus Sash\n|-damage|p1a: Brute Bonnet|1\/100\n|move|p1a: Brute Bonnet|Spore|p2b: Samurott\n|-status|p2b: Samurott|slp|[from] move: Spore\n|move|p1b: Toedscruel|Rest|p1b: Toedscruel\n|-status|p1b: Toedscruel|slp|[from] move: Rest\n|-heal|p1b: Toedscruel|100\/100 slp|[silent]\n|-enditem|p1b: Toedscruel|Chesto Berry|[eat]\n|-curestatus|p1b: Toedscruel|slp|[msg]\n|\n|upkeep\n|turn|3\n|\n|t:|1700026864\n|move|p1b: Toedscruel|Earth Power|p2a: Kleavor\n|-damage|p2a: Kleavor|70\/100 slp\n|-curestatus|p2a: Kleavor|slp|[msg]\n|move|p2a: Kleavor|X-Scissor|p1a: Brute Bonnet\n|-supereffective|p1a: Brute Bonnet\n|-damage|p1a: Brute Bonnet|0 fnt\n|faint|p1a: Brute Bonnet\n|-end|p1a: Brute Bonnet|Protosynthesis|[silent]\n|cant|p2b: Samurott|slp\n|\n|upkeep\n|\n|t:|1700026908\n|switch|p1a: Grimmsnarl|Grimmsnarl, M|100\/100\n|-damage|p1a: Grimmsnarl|88\/100|[from] Stealth Rock\n|turn|4\n|\n|t:|1700026920\n|move|p1a: Grimmsnarl|Fake Out|p2a: Kleavor\n|-resisted|p2a: Kleavor\n|-damage|p2a: Kleavor|63\/100\n|move|p1b: Toedscruel|Energy Ball|p2b: Samurott\n|-supereffective|p2b: Samurott\n|-damage|p2b: Samurott|37\/100 slp\n|cant|p2a: Kleavor|flinch\n|cant|p2b: Samurott|slp\n|\n|-heal|p1a: Grimmsnarl|94\/100|[from] item: Leftovers\n|upkeep\n|turn|5\n|\n|t:|1700026945\n|move|p1a: Grimmsnarl|Thunder Wave|p2a: Kleavor\n|-status|p2a: Kleavor|par\n|move|p1b: Toedscruel|Energy Ball|p2b: Samurott\n|-supereffective|p2b: Samurott\n|-damage|p2b: Samurott|0 fnt\n|faint|p2b: Samurott\n|move|p2a: Kleavor|Stone Axe|p1a: Grimmsnarl\n|-damage|p1a: Grimmsnarl|23\/100\n|\n|-heal|p1a: Grimmsnarl|29\/100|[from] item: Leftovers\n|upkeep\n|\n|t:|1700026968\n|switch|p2b: Farigiraf|Farigiraf, M|100\/100\n|turn|6\n|\n|t:|1700026989\n|move|p2b: Farigiraf|Protect|p2b: Farigiraf\n|-singleturn|p2b: Farigiraf|Protect\n|move|p1b: Toedscruel|Earth Power|p2a: Kleavor\n|-damage|p2a: Kleavor|29\/100 par\n|move|p1a: Grimmsnarl|False Surrender|p2b: Farigiraf\n|-activate|p2b: Farigiraf|move: Protect\n|cant|p2a: Kleavor|par\n|\n|-heal|p1a: Grimmsnarl|36\/100|[from] item: Leftovers\n|upkeep\n|turn|7\n|\n|t:|1700027010\n|move|p2b: Farigiraf|Protect|p2b: Farigiraf\n|-singleturn|p2b: Farigiraf|Protect\n|move|p1b: Toedscruel|Earth Power|p2a: Kleavor\n|-damage|p2a: Kleavor|0 fnt\n|faint|p2a: Kleavor\n|move|p1a: Grimmsnarl|False Surrender|p2b: Farigiraf\n|-activate|p2b: Farigiraf|move: Protect\n|\n|-heal|p1a: Grimmsnarl|42\/100|[from] item: Leftovers\n|upkeep\n|\n|t:|1700027025\n|switch|p2a: Torkoal|Torkoal, F|100\/100\n|-weather|SunnyDay|[from] ability: Drought|[of] p2a: Torkoal\n|turn|8\n|\n|t:|1700027056\n|switch|p2b: Iron Hands|Iron Hands|100\/100\n|move|p1a: Grimmsnarl|False Surrender|p2b: Iron Hands\n|-resisted|p2b: Iron Hands\n|-damage|p2b: Iron Hands|87\/100\n|move|p2a: Torkoal|Flamethrower|p1a: Grimmsnarl\n|-damage|p1a: Grimmsnarl|0 fnt\n|faint|p1a: Grimmsnarl\n|move|p1b: Toedscruel|Spore|p2a: Torkoal\n|-status|p2a: Torkoal|slp|[from] move: Spore\n|\n|-weather|SunnyDay|[upkeep]\n|upkeep\n|\n|t:|1700027083\n|switch|p1a: Baxcalibur|Baxcalibur, F|100\/100\n|-damage|p1a: Baxcalibur|76\/100|[from] Stealth Rock\n|turn|9\n|\n|t:|1700027133\n|-terastallize|p1a: Baxcalibur|Dragon\n|move|p1a: Baxcalibur|Stomping Tantrum|p2b: Iron Hands\n|-supereffective|p2b: Iron Hands\n|-damage|p2b: Iron Hands|48\/100\n|move|p2b: Iron Hands|Drain Punch|p1a: Baxcalibur\n|-damage|p1a: Baxcalibur|43\/100\n|-heal|p2b: Iron Hands|63\/100|[from] drain|[of] p1a: Baxcalibur\n|cant|p2a: Torkoal|slp\n|move|p1b: Toedscruel|Spore|p2b: Iron Hands\n|-status|p2b: Iron Hands|slp|[from] move: Spore\n|\n|-weather|SunnyDay|[upkeep]\n|upkeep\n|turn|10\n|\n|t:|1700027164\n|move|p1b: Toedscruel|Earth Power|p2a: Torkoal\n|-supereffective|p2a: Torkoal\n|-damage|p2a: Torkoal|36\/100 slp\n|move|p1a: Baxcalibur|Stomping Tantrum|p2a: Torkoal\n|-supereffective|p2a: Torkoal\n|-damage|p2a: Torkoal|0 fnt\n|faint|p2a: Torkoal\n|cant|p2b: Iron Hands|slp\n|\n|-weather|SunnyDay|[upkeep]\n|upkeep\n|\n|t:|1700027177\n|switch|p2a: Gholdengo|Gholdengo|100\/100\n|turn|11\n|\n|t:|1700027203\n|move|p1b: Toedscruel|Earth Power|p2b: Iron Hands\n|-supereffective|p2b: Iron Hands\n|-damage|p2b: Iron Hands|14\/100 slp\n|move|p2a: Gholdengo|Make It Rain|p1b: Toedscruel|[spread] p1a,p1b\n|-damage|p1a: Baxcalibur|16\/100\n|-damage|p1b: Toedscruel|55\/100\n|-unboost|p2a: Gholdengo|spa|1\n|move|p1a: Baxcalibur|Stomping Tantrum|p2a: Gholdengo\n|-supereffective|p2a: Gholdengo\n|-damage|p2a: Gholdengo|42\/100\n|-curestatus|p2b: Iron Hands|slp|[msg]\n|move|p2b: Iron Hands|Ice Punch|p1b: Toedscruel\n|-supereffective|p1b: Toedscruel\n|-damage|p1b: Toedscruel|0 fnt\n|faint|p1b: Toedscruel\n|\n|-weather|SunnyDay|[upkeep]\n|upkeep\n|\n|t:|1700027222\n|switch|p1b: Palafin|Palafin-Hero, M|100\/100\n|-damage|p1b: Palafin|88\/100|[from] Stealth Rock\n|-activate|p1b: Palafin|ability: Zero to Hero\n|turn|12\n|\n|t:|1700027241\n|move|p1b: Palafin|Liquidation|p2a: Gholdengo\n|-damage|p2a: Gholdengo|16\/100\n|move|p2a: Gholdengo|Make It Rain|p1a: Baxcalibur|[spread] p1a,p1b\n|-resisted|p1b: Palafin\n|-damage|p1a: Baxcalibur|0 fnt\n|-damage|p1b: Palafin|76\/100\n|-unboost|p2a: Gholdengo|spa|1\n|faint|p1a: Baxcalibur\n|move|p2b: Iron Hands|Thunder Punch|p1b: Palafin\n|-supereffective|p1b: Palafin\n|-damage|p1b: Palafin|0 fnt\n|faint|p1b: Palafin\n|\n|-weather|none\n|upkeep\n|\n|t:|1700027250\n|switch|p1b: Heatran|Heatran, F|100\/100\n|-damage|p1b: Heatran|88\/100|[from] Stealth Rock\n|turn|13\n|c|\u2606yommo64|yo gg you played well\n|\n|t:|1700027271\n|move|p2a: Gholdengo|Shadow Ball|p1b: Heatran\n|-damage|p1b: Heatran|68\/100\n|-unboost|p1b: Heatran|spd|1\n|move|p1b: Heatran|Flamethrower|p2b: Iron Hands\n|-damage|p2b: Iron Hands|0 fnt\n|faint|p2b: Iron Hands\n|-end|p2b: Iron Hands|Quark Drive|[silent]\n|\n|-heal|p1b: Heatran|74\/100|[from] item: Leftovers\n|upkeep\n|\n|t:|1700027281\n|switch|p2b: Farigiraf|Farigiraf, M|100\/100\n|turn|14\n|\n|t:|1700027289\n|move|p2a: Gholdengo|Shadow Ball|p1b: Heatran\n|-damage|p1b: Heatran|47\/100\n|move|p2b: Farigiraf|Psychic|p1b: Heatran\n|-resisted|p1b: Heatran\n|-damage|p1b: Heatran|13\/100\n|move|p1b: Heatran|Flamethrower|p2a: Gholdengo\n|-supereffective|p2a: Gholdengo\n|-damage|p2a: Gholdengo|0 fnt\n|faint|p2a: Gholdengo\n|\n|-heal|p1b: Heatran|19\/100|[from] item: Leftovers\n|upkeep\n|turn|15\n|\n|t:|1700027305\n|move|p2b: Farigiraf|Psychic|p1b: Heatran\n|-resisted|p1b: Heatran\n|-damage|p1b: Heatran|0 fnt\n|faint|p1b: Heatran\n|\n|win|yommo64\n|raw|Escanor7SD666's rating: 1198 &rarr; <strong>1170<\/strong><br \/>(-28 for losing)\n|raw|yommo64's rating: 1162 &rarr; <strong>1190<\/strong><br \/>(+28 for winning)\n|l|\u2606Escanor7SD666\n","uploadtime":1700027312,"views":6,"p1id":"escanor7sd666","p2id":"yommo64","formatid":"gen9doublesou","rating":1170,"private":0,"password":""}