{"id":"gen9doublesou-1974931280","p1":"tungquadeptrai1","p2":"Geniusatstuff","format":"[Gen 9] Doubles OU","log":"|j|\u2606tungquadeptrai1\n|j|\u2606Geniusatstuff\n|t:|1698146210\n|gametype|doubles\n|player|p1|tungquadeptrai1|lucas|1242\n|player|p2|Geniusatstuff|1|1093\n|teamsize|p1|6\n|teamsize|p2|6\n|gen|9\n|tier|[Gen 9] Doubles OU\n|rated|\n|rule|Species Clause: Limit one of each Pok\u00e9mon\n|rule|OHKO Clause: OHKO moves are banned\n|rule|Evasion Moves Clause: Evasion moves are banned\n|rule|Gravity Sleep Clause: The combination of sleep-inducing moves with imperfect accuracy and Gravity or Gigantamax Orbeetle are banned\n|rule|Endless Battle Clause: Forcing endless battles is banned\n|rule|HP Percentage Mod: HP is shown in percentages\n|clearpoke\n|poke|p1|Ninetales-Alola, M|\n|poke|p1|Regieleki|\n|poke|p1|Rillaboom, M|\n|poke|p1|Chien-Pao|\n|poke|p1|Flutter Mane|\n|poke|p1|Grimmsnarl, M|\n|poke|p2|Baxcalibur, M|\n|poke|p2|Milotic, M|\n|poke|p2|Oricorio-Pom-Pom, M|\n|poke|p2|Flamigo, F|\n|poke|p2|Volcarona, M|\n|poke|p2|Wyrdeer, M|\n|teampreview\n|\n|t:|1698146225\n|start\n|switch|p1a: Grimmsnarl|Grimmsnarl, M|100\/100\n|switch|p1b: Rillaboom|Rillaboom, M|100\/100\n|switch|p2a: Oricorio|Oricorio-Pom-Pom, M, shiny|100\/100\n|switch|p2b: Wyrdeer|Wyrdeer, M, shiny|100\/100\n|-fieldstart|move: Grassy Terrain|[from] ability: Grassy Surge|[of] p1b: Rillaboom\n|-ability|p2b: Wyrdeer|Intimidate|boost\n|-unboost|p1a: Grimmsnarl|atk|1\n|-unboost|p1b: Rillaboom|atk|1\n|turn|1\n|\n|t:|1698146268\n|move|p1b: Rillaboom|Fake Out|p2a: Oricorio\n|-damage|p2a: Oricorio|87\/100\n|move|p1a: Grimmsnarl|Reflect|p1a: Grimmsnarl\n|-sidestart|p1: tungquadeptrai1|Reflect\n|cant|p2a: Oricorio|flinch\n|move|p2b: Wyrdeer|Skill Swap|p2a: Oricorio\n|-activate|p2b: Wyrdeer|move: Skill Swap|||[of] p2a: Oricorio\n|-ability|p2a: Oricorio|Intimidate|boost\n|-unboost|p1a: Grimmsnarl|atk|1\n|-unboost|p1b: Rillaboom|atk|1\n|\n|upkeep\n|turn|2\n|\n|t:|1698146294\n|-terastallize|p2b: Wyrdeer|Fairy\n|move|p1a: Grimmsnarl|Thunder Wave|p2a: Oricorio\n|-immune|p2a: Oricorio\n|move|p2a: Oricorio|Quiver Dance|p2a: Oricorio\n|-boost|p2a: Oricorio|spa|1\n|-boost|p2a: Oricorio|spd|1\n|-boost|p2a: Oricorio|spe|1\n|-activate|p2b: Wyrdeer|ability: Dancer\n|move|p2b: Wyrdeer|Quiver Dance|p2b: Wyrdeer|[from]ability: Dancer\n|-boost|p2b: Wyrdeer|spa|1\n|-boost|p2b: Wyrdeer|spd|1\n|-boost|p2b: Wyrdeer|spe|1\n|move|p1b: Rillaboom|U-turn|p2a: Oricorio\n|-resisted|p2a: Oricorio\n|-damage|p2a: Oricorio|78\/100\n|\n|t:|1698146307\n|switch|p1b: Regieleki|Regieleki|100\/100|[from] U-turn\n|move|p2b: Wyrdeer|Tera Blast|p1a: Grimmsnarl|[anim] Tera Blast Fairy\n|-supereffective|p1a: Grimmsnarl\n|-damage|p1a: Grimmsnarl|31\/100\n|\n|-heal|p1a: Grimmsnarl|38\/100|[from] Grassy Terrain\n|upkeep\n|turn|3\n|\n|t:|1698146326\n|-terastallize|p1b: Regieleki|Ice\n|move|p1a: Grimmsnarl|Thunder Wave|p2b: Wyrdeer\n|-status|p2b: Wyrdeer|par\n|-enditem|p2b: Wyrdeer|Lum Berry|[eat]\n|-curestatus|p2b: Wyrdeer|par|[msg]\n|move|p1b: Regieleki|Tera Blast|p2a: Oricorio|[anim] Tera Blast Ice\n|-supereffective|p2a: Oricorio\n|-damage|p2a: Oricorio|7\/100\n|move|p2a: Oricorio|Quiver Dance|p2a: Oricorio\n|-boost|p2a: Oricorio|spa|1\n|-boost|p2a: Oricorio|spd|1\n|-boost|p2a: Oricorio|spe|1\n|-activate|p2b: Wyrdeer|ability: Dancer\n|move|p2b: Wyrdeer|Quiver Dance|p2b: Wyrdeer|[from]ability: Dancer\n|-boost|p2b: Wyrdeer|spa|1\n|-boost|p2b: Wyrdeer|spd|1\n|-boost|p2b: Wyrdeer|spe|1\n|move|p2b: Wyrdeer|Stored Power|p1b: Regieleki\n|-damage|p1b: Regieleki|0 fnt\n|faint|p1b: Regieleki\n|\n|-heal|p1a: Grimmsnarl|44\/100|[from] Grassy Terrain\n|upkeep\n|\n|t:|1698146339\n|switch|p1b: Rillaboom|Rillaboom, M|100\/100\n|turn|4\n|\n|t:|1698146377\n|move|p2a: Oricorio|Protect|p2a: Oricorio\n|-singleturn|p2a: Oricorio|Protect\n|move|p1b: Rillaboom|Fake Out|p2a: Oricorio\n|-activate|p2a: Oricorio|move: Protect\n|move|p1a: Grimmsnarl|Parting Shot|p2b: Wyrdeer\n|-unboost|p2b: Wyrdeer|atk|1\n|-unboost|p2b: Wyrdeer|spa|1\n|inactive|Battle timer is ON: inactive players will automatically lose when time's up. (requested by Geniusatstuff)\n|\n|t:|1698146434\n|switch|p1a: Ninetales|Ninetales-Alola, M|100\/100|[from] Parting Shot\n|-weather|Snow|[from] ability: Snow Warning|[of] p1a: Ninetales\n|move|p2b: Wyrdeer|Tera Blast|p1a: Ninetales|[anim] Tera Blast Fairy\n|-damage|p1a: Ninetales|52\/100\n|\n|-weather|Snow|[upkeep]\n|-heal|p1a: Ninetales|58\/100|[from] Grassy Terrain\n|upkeep\n|turn|5\n|\n|t:|1698146461\n|move|p2a: Oricorio|Quiver Dance|p2a: Oricorio\n|-boost|p2a: Oricorio|spa|1\n|-boost|p2a: Oricorio|spd|1\n|-boost|p2a: Oricorio|spe|1\n|-activate|p2b: Wyrdeer|ability: Dancer\n|move|p2b: Wyrdeer|Quiver Dance|p2b: Wyrdeer|[from]ability: Dancer\n|-boost|p2b: Wyrdeer|spa|1\n|-boost|p2b: Wyrdeer|spd|1\n|-boost|p2b: Wyrdeer|spe|1\n|move|p2b: Wyrdeer|Stored Power|p1b: Rillaboom\n|-damage|p1b: Rillaboom|0 fnt\n|faint|p1b: Rillaboom\n|move|p1a: Ninetales|Aurora Veil|p1a: Ninetales\n|-sidestart|p1: tungquadeptrai1|move: Aurora Veil\n|\n|-weather|Snow|[upkeep]\n|-heal|p1a: Ninetales|64\/100|[from] Grassy Terrain\n|-fieldend|move: Grassy Terrain\n|upkeep\n|inactive|tungquadeptrai1 has 120 seconds left.\n|\n|t:|1698146511\n|switch|p1b: Flutter Mane|Flutter Mane, shiny|100\/100\n|-enditem|p1b: Flutter Mane|Booster Energy\n|-activate|p1b: Flutter Mane|ability: Protosynthesis|[fromitem]\n|-start|p1b: Flutter Mane|protosynthesisspe\n|turn|6\n|\n|t:|1698146533\n|move|p2a: Oricorio|Revelation Dance|p1b: Flutter Mane\n|-damage|p1b: Flutter Mane|39\/100\n|-activate|p2b: Wyrdeer|ability: Dancer\n|move|p2b: Wyrdeer|Revelation Dance|p1b: Flutter Mane|[from]ability: Dancer\n|-damage|p1b: Flutter Mane|0 fnt\n|faint|p1b: Flutter Mane\n|-end|p1b: Flutter Mane|Protosynthesis|[silent]\n|move|p2b: Wyrdeer|Stored Power|p1a: Ninetales\n|-damage|p1a: Ninetales|0 fnt\n|faint|p1a: Ninetales\n|\n|-weather|Snow|[upkeep]\n|upkeep\n|inactive|tungquadeptrai1 has 120 seconds left.\n|-message|tungquadeptrai1 forfeited.\n|\n|win|Geniusatstuff\n|raw|tungquadeptrai1's rating: 1242 &rarr; <strong>1207<\/strong><br \/>(-35 for losing)\n|raw|Geniusatstuff's rating: 1093 &rarr; <strong>1130<\/strong><br \/>(+37 for winning)\n|l|\u2606tungquadeptrai1\n","uploadtime":1698146577,"views":18,"p1id":"tungquadeptrai1","p2id":"geniusatstuff","formatid":"gen9doublesou","rating":1130,"private":0,"password":""}