{"id":"gen9doublesou-1998345683","p1":"OPieceOfHeroGhost","p2":"Cactuscoolish","format":"[Gen 9] Doubles OU","log":"|j|\u2606OPieceOfHeroGhost\n|j|\u2606Cactuscoolish\n|t:|1700931978\n|gametype|doubles\n|player|p1|OPieceOfHeroGhost|morty|1434\n|player|p2|Cactuscoolish|fisherman|1585\n|teamsize|p1|6\n|teamsize|p2|6\n|gen|9\n|tier|[Gen 9] Doubles OU\n|rated|\n|rule|Species Clause: Limit one of each Pok\u00e9mon\n|rule|OHKO Clause: OHKO moves are banned\n|rule|Evasion Moves Clause: Evasion moves are banned\n|rule|Gravity Sleep Clause: The combination of sleep-inducing moves with imperfect accuracy and Gravity or Gigantamax Orbeetle are banned\n|rule|Endless Battle Clause: Forcing endless battles is banned\n|rule|HP Percentage Mod: HP is shown in percentages\n|clearpoke\n|poke|p1|Heatran, M|\n|poke|p1|Rillaboom, F|\n|poke|p1|Flutter Mane|\n|poke|p1|Chien-Pao|\n|poke|p1|Iron Hands|\n|poke|p1|Landorus-Therian, M|\n|poke|p2|Cresselia, F|\n|poke|p2|Iron Hands|\n|poke|p2|Iron Bundle|\n|poke|p2|Tornadus, M|\n|poke|p2|Landorus-Therian, M|\n|poke|p2|Ogerpon-Hearthflame, F|\n|teampreview\n|\n|t:|1700931996\n|start\n|switch|p1a: \u989d\u554a\uff01\u8150\u8680\u80c6\u6c41\uff01|Heatran, M|100\/100\n|switch|p1b: \u62cd\u6253\u7329|Rillaboom, F|100\/100\n|switch|p2a: Landorus|Landorus-Therian, M|100\/100\n|switch|p2b: Tornadus|Tornadus, M|100\/100\n|-ability|p2a: Landorus|Intimidate|boost\n|-unboost|p1a: \u989d\u554a\uff01\u8150\u8680\u80c6\u6c41\uff01|atk|1\n|-unboost|p1b: \u62cd\u6253\u7329|atk|1\n|-fieldstart|move: Grassy Terrain|[from] ability: Grassy Surge|[of] p1b: \u62cd\u6253\u7329\n|turn|1\n|\n|t:|1700932018\n|switch|p2a: Iron Hands|Iron Hands|100\/100\n|move|p1b: \u62cd\u6253\u7329|Fake Out|p2a: Iron Hands\n|-damage|p2a: Iron Hands|95\/100\n|move|p2b: Tornadus|Bleakwind Storm|p1b: \u62cd\u6253\u7329|[spread] p1a,p1b\n|-resisted|p1a: \u989d\u554a\uff01\u8150\u8680\u80c6\u6c41\uff01\n|-supereffective|p1b: \u62cd\u6253\u7329\n|-damage|p1a: \u989d\u554a\uff01\u8150\u8680\u80c6\u6c41\uff01|84\/100\n|-damage|p1b: \u62cd\u6253\u7329|31\/100\n|move|p1a: \u989d\u554a\uff01\u8150\u8680\u80c6\u6c41\uff01|Heat Wave|p2b: Tornadus|[spread] p2a,p2b\n|-damage|p2a: Iron Hands|60\/100\n|-damage|p2b: Tornadus|50\/100\n|-status|p2a: Iron Hands|brn\n|\n|-heal|p1b: \u62cd\u6253\u7329|37\/100|[from] Grassy Terrain\n|-heal|p1a: \u989d\u554a\uff01\u8150\u8680\u80c6\u6c41\uff01|90\/100|[from] Grassy Terrain\n|-heal|p1a: \u989d\u554a\uff01\u8150\u8680\u80c6\u6c41\uff01|97\/100|[from] item: Leftovers\n|-heal|p2a: Iron Hands|67\/100 brn|[from] Grassy Terrain\n|-heal|p2a: Iron Hands|73\/100 brn|[from] item: Leftovers\n|-damage|p2a: Iron Hands|67\/100 brn|[from] brn\n|upkeep\n|turn|2\n|\n|t:|1700932044\n|switch|p2b: Cresselia|Cresselia, F|100\/100\n|switch|p1b: \u4f60\u53d1\u59d0\u6c38\u8fdc\u662f\u4f60\u53d1\u59d0|Flutter Mane|100\/100\n|move|p1a: \u989d\u554a\uff01\u8150\u8680\u80c6\u6c41\uff01|Heat Wave|p2a: Iron Hands|[spread] p2a,p2b\n|-crit|p2b: Cresselia\n|-damage|p2a: Iron Hands|27\/100 brn\n|-damage|p2b: Cresselia|63\/100\n|move|p2a: Iron Hands|Swords Dance|p2a: Iron Hands\n|-boost|p2a: Iron Hands|atk|2\n|\n|-heal|p2b: Cresselia|69\/100|[from] item: Leftovers\n|-heal|p1a: \u989d\u554a\uff01\u8150\u8680\u80c6\u6c41\uff01|100\/100|[from] Grassy Terrain\n|-heal|p2a: Iron Hands|33\/100 brn|[from] Grassy Terrain\n|-heal|p2a: Iron Hands|40\/100 brn|[from] item: Leftovers\n|-damage|p2a: Iron Hands|33\/100 brn|[from] brn\n|upkeep\n|turn|3\n|\n|t:|1700932060\n|move|p2a: Iron Hands|Protect|p2a: Iron Hands\n|-singleturn|p2a: Iron Hands|Protect\n|move|p1b: \u4f60\u53d1\u59d0\u6c38\u8fdc\u662f\u4f60\u53d1\u59d0|Dazzling Gleam|p2a: Iron Hands|[spread] p2b\n|-activate|p2a: Iron Hands|move: Protect\n|-damage|p2b: Cresselia|39\/100\n|move|p2b: Cresselia|Lunar Blessing|p2b: Cresselia|[spread] p2a,p2b\n|-heal|p2a: Iron Hands|58\/100 brn\n|-curestatus|p2a: Iron Hands|brn|[msg]\n|-heal|p2b: Cresselia|64\/100\n|move|p1a: \u989d\u554a\uff01\u8150\u8680\u80c6\u6c41\uff01|Heat Wave|p2b: Cresselia|[spread] p2b\n|-activate|p2a: Iron Hands|move: Protect\n|-damage|p2b: Cresselia|39\/100\n|\n|-heal|p2b: Cresselia|45\/100|[from] item: Leftovers\n|-heal|p2a: Iron Hands|65\/100|[from] Grassy Terrain\n|-heal|p2a: Iron Hands|71\/100|[from] item: Leftovers\n|upkeep\n|turn|4\n|\n|t:|1700932077\n|-terastallize|p2a: Iron Hands|Flying\n|move|p1b: \u4f60\u53d1\u59d0\u6c38\u8fdc\u662f\u4f60\u53d1\u59d0|Dazzling Gleam|p2b: Cresselia|[spread] p2a,p2b\n|-damage|p2a: Iron Hands|30\/100\n|-damage|p2b: Cresselia|17\/100\n|move|p2b: Cresselia|Lunar Blessing|p2b: Cresselia|[spread] p2a,p2b\n|-heal|p2a: Iron Hands|55\/100\n|-heal|p2b: Cresselia|42\/100\n|move|p1a: \u989d\u554a\uff01\u8150\u8680\u80c6\u6c41\uff01|Heat Wave|p2a: Iron Hands|[spread] p2a,p2b\n|-damage|p2a: Iron Hands|19\/100\n|-damage|p2b: Cresselia|17\/100\n|-status|p2a: Iron Hands|brn\n|move|p2a: Iron Hands|Thunder Punch|p1b: \u4f60\u53d1\u59d0\u6c38\u8fdc\u662f\u4f60\u53d1\u59d0\n|-damage|p1b: \u4f60\u53d1\u59d0\u6c38\u8fdc\u662f\u4f60\u53d1\u59d0|21\/100\n|\n|-heal|p1b: \u4f60\u53d1\u59d0\u6c38\u8fdc\u662f\u4f60\u53d1\u59d0|27\/100|[from] Grassy Terrain\n|-heal|p2b: Cresselia|23\/100|[from] item: Leftovers\n|-heal|p2a: Iron Hands|25\/100 brn|[from] item: Leftovers\n|-damage|p2a: Iron Hands|19\/100 brn|[from] brn\n|upkeep\n|turn|5\n|\n|t:|1700932102\n|-end|p1b: \u4f60\u53d1\u59d0\u6c38\u8fdc\u662f\u4f60\u53d1\u59d0|Protosynthesis|[silent]\n|switch|p1b: ku\ud83d\udcb0\u70ae|Chien-Pao|100\/100\n|-ability|p1b: ku\ud83d\udcb0\u70ae|Sword of Ruin\n|move|p2b: Cresselia|Thunder Wave|p1b: ku\ud83d\udcb0\u70ae\n|-status|p1b: ku\ud83d\udcb0\u70ae|par\n|move|p1a: \u989d\u554a\uff01\u8150\u8680\u80c6\u6c41\uff01|Heat Wave|p2a: Iron Hands|[spread] p2a,p2b\n|-damage|p2a: Iron Hands|0 fnt\n|-damage|p2b: Cresselia|0 fnt\n|faint|p2a: Iron Hands\n|-end|p2a: Iron Hands|Quark Drive|[silent]\n|faint|p2b: Cresselia\n|\n|-fieldend|move: Grassy Terrain\n|upkeep\n|\n|t:|1700932115\n|switch|p2b: Iron Bundle|Iron Bundle|100\/100\n|switch|p2a: Landorus|Landorus-Therian, M|100\/100\n|-ability|p2a: Landorus|Intimidate|boost\n|-unboost|p1a: \u989d\u554a\uff01\u8150\u8680\u80c6\u6c41\uff01|atk|1\n|-unboost|p1b: ku\ud83d\udcb0\u70ae|atk|1\n|turn|6\n|\n|t:|1700932124\n|move|p1b: ku\ud83d\udcb0\u70ae|Protect|p1b: ku\ud83d\udcb0\u70ae\n|-singleturn|p1b: ku\ud83d\udcb0\u70ae|Protect\n|move|p1a: \u989d\u554a\uff01\u8150\u8680\u80c6\u6c41\uff01|Protect|p1a: \u989d\u554a\uff01\u8150\u8680\u80c6\u6c41\uff01\n|-singleturn|p1a: \u989d\u554a\uff01\u8150\u8680\u80c6\u6c41\uff01|Protect\n|move|p2b: Iron Bundle|Hydro Pump|p1a: \u989d\u554a\uff01\u8150\u8680\u80c6\u6c41\uff01\n|-activate|p1a: \u989d\u554a\uff01\u8150\u8680\u80c6\u6c41\uff01|move: Protect\n|move|p2a: Landorus|U-turn|p1b: ku\ud83d\udcb0\u70ae\n|-activate|p1b: ku\ud83d\udcb0\u70ae|move: Protect\n|\n|upkeep\n|turn|7\n|\n|t:|1700932152\n|switch|p1b: \u4f60\u62cd\u4e94\uff0c\u6211\u62cd\u516d\uff0c\u51fb\u638c\u5947\u88ad\u754f\u4e2a\u7f29|Iron Hands|100\/100\n|switch|p1a: \u62cd\u6253\u7329|Rillaboom, F|37\/100\n|-fieldstart|move: Grassy Terrain|[from] ability: Grassy Surge|[of] p1a: \u62cd\u6253\u7329\n|move|p2b: Iron Bundle|Icy Wind|p1a: \u62cd\u6253\u7329|[spread] p1a,p1b\n|-supereffective|p1a: \u62cd\u6253\u7329\n|-damage|p1a: \u62cd\u6253\u7329|0 fnt\n|-damage|p1b: \u4f60\u62cd\u4e94\uff0c\u6211\u62cd\u516d\uff0c\u51fb\u638c\u5947\u88ad\u754f\u4e2a\u7f29|90\/100\n|-unboost|p1b: \u4f60\u62cd\u4e94\uff0c\u6211\u62cd\u516d\uff0c\u51fb\u638c\u5947\u88ad\u754f\u4e2a\u7f29|spe|1\n|faint|p1a: \u62cd\u6253\u7329\n|move|p2a: Landorus|U-turn|p1b: \u4f60\u62cd\u4e94\uff0c\u6211\u62cd\u516d\uff0c\u51fb\u638c\u5947\u88ad\u754f\u4e2a\u7f29\n|-resisted|p1b: \u4f60\u62cd\u4e94\uff0c\u6211\u62cd\u516d\uff0c\u51fb\u638c\u5947\u88ad\u754f\u4e2a\u7f29\n|-damage|p1b: \u4f60\u62cd\u4e94\uff0c\u6211\u62cd\u516d\uff0c\u51fb\u638c\u5947\u88ad\u754f\u4e2a\u7f29|81\/100\n|\n|t:|1700932168\n|switch|p2a: Tornadus|Tornadus, M|50\/100|[from] U-turn\n|\n|-heal|p1b: \u4f60\u62cd\u4e94\uff0c\u6211\u62cd\u516d\uff0c\u51fb\u638c\u5947\u88ad\u754f\u4e2a\u7f29|87\/100|[from] Grassy Terrain\n|upkeep\n|\n|t:|1700932184\n|switch|p1a: ku\ud83d\udcb0\u70ae|Chien-Pao|100\/100 par\n|-ability|p1a: ku\ud83d\udcb0\u70ae|Sword of Ruin\n|turn|8\n|\n|t:|1700932242\n|move|p2b: Iron Bundle|Protect|p2b: Iron Bundle\n|-singleturn|p2b: Iron Bundle|Protect\n|move|p1b: \u4f60\u62cd\u4e94\uff0c\u6211\u62cd\u516d\uff0c\u51fb\u638c\u5947\u88ad\u754f\u4e2a\u7f29|Fake Out|p2b: Iron Bundle\n|-activate|p2b: Iron Bundle|move: Protect\n|move|p2a: Tornadus|Tailwind|p2a: Tornadus\n|-sidestart|p2: Cactuscoolish|move: Tailwind\n|cant|p1a: ku\ud83d\udcb0\u70ae|par\n|\n|-heal|p1b: \u4f60\u62cd\u4e94\uff0c\u6211\u62cd\u516d\uff0c\u51fb\u638c\u5947\u88ad\u754f\u4e2a\u7f29|93\/100|[from] Grassy Terrain\n|upkeep\n|turn|9\n|\n|t:|1700932262\n|-end|p2b: Iron Bundle|Quark Drive|[silent]\n|switch|p2b: Landorus|Landorus-Therian, M|100\/100\n|-ability|p2b: Landorus|Intimidate|boost\n|-unboost|p1a: ku\ud83d\udcb0\u70ae|atk|1\n|-unboost|p1b: \u4f60\u62cd\u4e94\uff0c\u6211\u62cd\u516d\uff0c\u51fb\u638c\u5947\u88ad\u754f\u4e2a\u7f29|atk|1\n|move|p1a: ku\ud83d\udcb0\u70ae|Sucker Punch|p2a: Tornadus\n|-damage|p2a: Tornadus|3\/100\n|move|p2a: Tornadus|Heat Wave|p1a: ku\ud83d\udcb0\u70ae|[spread] p1a\n|-miss|p2a: Tornadus|p1b: \u4f60\u62cd\u4e94\uff0c\u6211\u62cd\u516d\uff0c\u51fb\u638c\u5947\u88ad\u754f\u4e2a\u7f29\n|-supereffective|p1a: ku\ud83d\udcb0\u70ae\n|-damage|p1a: ku\ud83d\udcb0\u70ae|18\/100 par\n|move|p1b: \u4f60\u62cd\u4e94\uff0c\u6211\u62cd\u516d\uff0c\u51fb\u638c\u5947\u88ad\u754f\u4e2a\u7f29|Drain Punch|p2b: Landorus\n|-resisted|p2b: Landorus\n|-damage|p2b: Landorus|81\/100\n|-heal|p1b: \u4f60\u62cd\u4e94\uff0c\u6211\u62cd\u516d\uff0c\u51fb\u638c\u5947\u88ad\u754f\u4e2a\u7f29|100\/100|[from] drain|[of] p2b: Landorus\n|\n|-heal|p1a: ku\ud83d\udcb0\u70ae|24\/100 par|[from] Grassy Terrain\n|upkeep\n|turn|10\n|\n|t:|1700932296\n|switch|p2a: Ogerpon|Ogerpon-Hearthflame, F|100\/100\n|-ability|p2a: Ogerpon|Mold Breaker\n|move|p1a: ku\ud83d\udcb0\u70ae|Sucker Punch|p2b: Landorus\n|-damage|p2b: Landorus|52\/100\n|move|p2b: Landorus|U-turn|p1a: ku\ud83d\udcb0\u70ae\n|-supereffective|p1a: ku\ud83d\udcb0\u70ae\n|-damage|p1a: ku\ud83d\udcb0\u70ae|0 fnt\n|faint|p1a: ku\ud83d\udcb0\u70ae\n|\n|t:|1700932308\n|switch|p2b: Tornadus|Tornadus, M|3\/100|[from] U-turn\n|move|p1b: \u4f60\u62cd\u4e94\uff0c\u6211\u62cd\u516d\uff0c\u51fb\u638c\u5947\u88ad\u754f\u4e2a\u7f29|Volt Switch|p2a: Ogerpon\n|-resisted|p2a: Ogerpon\n|-damage|p2a: Ogerpon|93\/100\n|\n|t:|1700932319\n|-end|p1b: \u4f60\u62cd\u4e94\uff0c\u6211\u62cd\u516d\uff0c\u51fb\u638c\u5947\u88ad\u754f\u4e2a\u7f29|Quark Drive|[silent]\n|switch|p1b: \u571f\u732b\u8e29\u6211|Landorus-Therian, M|100\/100|[from] Volt Switch\n|-ability|p1b: \u571f\u732b\u8e29\u6211|Intimidate|boost\n|-unboost|p2a: Ogerpon|atk|1\n|-unboost|p2b: Tornadus|atk|1\n|\n|-heal|p2a: Ogerpon|99\/100|[from] Grassy Terrain\n|upkeep\n|\n|t:|1700932324\n|switch|p1a: \u4f60\u62cd\u4e94\uff0c\u6211\u62cd\u516d\uff0c\u51fb\u638c\u5947\u88ad\u754f\u4e2a\u7f29|Iron Hands|100\/100\n|turn|11\n|\n|t:|1700932336\n|switch|p2b: Landorus|Landorus-Therian, M|52\/100\n|-ability|p2b: Landorus|Intimidate|boost\n|-unboost|p1a: \u4f60\u62cd\u4e94\uff0c\u6211\u62cd\u516d\uff0c\u51fb\u638c\u5947\u88ad\u754f\u4e2a\u7f29|atk|1\n|-unboost|p1b: \u571f\u732b\u8e29\u6211|atk|1\n|switch|p1b: \u989d\u554a\uff01\u8150\u8680\u80c6\u6c41\uff01|Heatran, M|100\/100\n|move|p2a: Ogerpon|Spiky Shield|p2a: Ogerpon\n|-singleturn|p2a: Ogerpon|move: Protect\n|move|p1a: \u4f60\u62cd\u4e94\uff0c\u6211\u62cd\u516d\uff0c\u51fb\u638c\u5947\u88ad\u754f\u4e2a\u7f29|Volt Switch|p2b: Landorus\n|-immune|p2b: Landorus\n|\n|-heal|p2a: Ogerpon|100\/100|[from] Grassy Terrain\n|-sideend|p2: Cactuscoolish|move: Tailwind\n|-fieldend|move: Grassy Terrain\n|upkeep\n|turn|12\n|\n|t:|1700932357\n|switch|p2a: Tornadus|Tornadus, M|3\/100\n|move|p1b: \u989d\u554a\uff01\u8150\u8680\u80c6\u6c41\uff01|Protect|p1b: \u989d\u554a\uff01\u8150\u8680\u80c6\u6c41\uff01\n|-singleturn|p1b: \u989d\u554a\uff01\u8150\u8680\u80c6\u6c41\uff01|Protect\n|move|p2b: Landorus|Earthquake|p1b: \u989d\u554a\uff01\u8150\u8680\u80c6\u6c41\uff01|[spread] p1a\n|-activate|p1b: \u989d\u554a\uff01\u8150\u8680\u80c6\u6c41\uff01|move: Protect\n|-immune|p2a: Tornadus\n|-supereffective|p1a: \u4f60\u62cd\u4e94\uff0c\u6211\u62cd\u516d\uff0c\u51fb\u638c\u5947\u88ad\u754f\u4e2a\u7f29\n|-damage|p1a: \u4f60\u62cd\u4e94\uff0c\u6211\u62cd\u516d\uff0c\u51fb\u638c\u5947\u88ad\u754f\u4e2a\u7f29|43\/100\n|move|p1a: \u4f60\u62cd\u4e94\uff0c\u6211\u62cd\u516d\uff0c\u51fb\u638c\u5947\u88ad\u754f\u4e2a\u7f29|Drain Punch|p2a: Tornadus\n|-resisted|p2a: Tornadus\n|-damage|p2a: Tornadus|0 fnt\n|-heal|p1a: \u4f60\u62cd\u4e94\uff0c\u6211\u62cd\u516d\uff0c\u51fb\u638c\u5947\u88ad\u754f\u4e2a\u7f29|44\/100|[from] drain|[of] p2a: Tornadus\n|faint|p2a: Tornadus\n|\n|upkeep\n|\n|t:|1700932370\n|switch|p2a: Iron Bundle|Iron Bundle|100\/100\n|turn|13\n|\n|t:|1700932409\n|-end|p1a: \u4f60\u62cd\u4e94\uff0c\u6211\u62cd\u516d\uff0c\u51fb\u638c\u5947\u88ad\u754f\u4e2a\u7f29|Quark Drive|[silent]\n|switch|p1a: \u571f\u732b\u8e29\u6211|Landorus-Therian, M|100\/100\n|-ability|p1a: \u571f\u732b\u8e29\u6211|Intimidate|boost\n|-unboost|p2a: Iron Bundle|atk|1\n|-unboost|p2b: Landorus|atk|1\n|-terastallize|p1b: \u989d\u554a\uff01\u8150\u8680\u80c6\u6c41\uff01|Grass\n|move|p2a: Iron Bundle|Protect|p2a: Iron Bundle\n|-singleturn|p2a: Iron Bundle|Protect\n|move|p2b: Landorus|Earthquake|p1a: \u571f\u732b\u8e29\u6211|[spread] p1b\n|-activate|p2a: Iron Bundle|move: Protect\n|-immune|p1a: \u571f\u732b\u8e29\u6211\n|-resisted|p1b: \u989d\u554a\uff01\u8150\u8680\u80c6\u6c41\uff01\n|-damage|p1b: \u989d\u554a\uff01\u8150\u8680\u80c6\u6c41\uff01|87\/100\n|move|p1b: \u989d\u554a\uff01\u8150\u8680\u80c6\u6c41\uff01|Heat Wave|p2a: Iron Bundle|[spread] p2b\n|-activate|p2a: Iron Bundle|move: Protect\n|-damage|p2b: Landorus|22\/100\n|\n|-heal|p1b: \u989d\u554a\uff01\u8150\u8680\u80c6\u6c41\uff01|93\/100|[from] item: Leftovers\n|upkeep\n|turn|14\n|\n|t:|1700932436\n|switch|p2b: Ogerpon|Ogerpon-Hearthflame, F|100\/100\n|-ability|p2b: Ogerpon|Mold Breaker\n|move|p1a: \u571f\u732b\u8e29\u6211|U-turn|p2a: Iron Bundle\n|-damage|p2a: Iron Bundle|65\/100\n|\n|t:|1700932445\n|switch|p1a: \u4f60\u53d1\u59d0\u6c38\u8fdc\u662f\u4f60\u53d1\u59d0|Flutter Mane|27\/100|[from] U-turn\n|move|p2a: Iron Bundle|Icy Wind|p1b: \u989d\u554a\uff01\u8150\u8680\u80c6\u6c41\uff01|[spread] p1a,p1b\n|-supereffective|p1b: \u989d\u554a\uff01\u8150\u8680\u80c6\u6c41\uff01\n|-damage|p1a: \u4f60\u53d1\u59d0\u6c38\u8fdc\u662f\u4f60\u53d1\u59d0|9\/100\n|-damage|p1b: \u989d\u554a\uff01\u8150\u8680\u80c6\u6c41\uff01|57\/100\n|-unboost|p1a: \u4f60\u53d1\u59d0\u6c38\u8fdc\u662f\u4f60\u53d1\u59d0|spe|1\n|-unboost|p1b: \u989d\u554a\uff01\u8150\u8680\u80c6\u6c41\uff01|spe|1\n|move|p1b: \u989d\u554a\uff01\u8150\u8680\u80c6\u6c41\uff01|Tera Blast|p2a: Iron Bundle|[anim] Tera Blast Grass\n|-supereffective|p2a: Iron Bundle\n|-damage|p2a: Iron Bundle|0 fnt\n|faint|p2a: Iron Bundle\n|-end|p2a: Iron Bundle|Quark Drive|[silent]\n|\n|-heal|p1b: \u989d\u554a\uff01\u8150\u8680\u80c6\u6c41\uff01|63\/100|[from] item: Leftovers\n|upkeep\n|\n|t:|1700932449\n|switch|p2a: Landorus|Landorus-Therian, M|22\/100\n|-ability|p2a: Landorus|Intimidate|boost\n|-unboost|p1a: \u4f60\u53d1\u59d0\u6c38\u8fdc\u662f\u4f60\u53d1\u59d0|atk|1\n|-unboost|p1b: \u989d\u554a\uff01\u8150\u8680\u80c6\u6c41\uff01|atk|1\n|turn|15\n|\n|t:|1700932477\n|-end|p1a: \u4f60\u53d1\u59d0\u6c38\u8fdc\u662f\u4f60\u53d1\u59d0|Protosynthesis|[silent]\n|switch|p1a: \u571f\u732b\u8e29\u6211|Landorus-Therian, M|100\/100\n|-ability|p1a: \u571f\u732b\u8e29\u6211|Intimidate|boost\n|-unboost|p2a: Landorus|atk|1\n|-unboost|p2b: Ogerpon|atk|1\n|switch|p1b: \u4f60\u62cd\u4e94\uff0c\u6211\u62cd\u516d\uff0c\u51fb\u638c\u5947\u88ad\u754f\u4e2a\u7f29|Iron Hands|44\/100\n|move|p2b: Ogerpon|Ivy Cudgel|p1a: \u571f\u732b\u8e29\u6211|[anim] Ivy Cudgel Fire\n|-damage|p1a: \u571f\u732b\u8e29\u6211|57\/100\n|move|p2a: Landorus|U-turn|p1b: \u4f60\u62cd\u4e94\uff0c\u6211\u62cd\u516d\uff0c\u51fb\u638c\u5947\u88ad\u754f\u4e2a\u7f29\n|-resisted|p1b: \u4f60\u62cd\u4e94\uff0c\u6211\u62cd\u516d\uff0c\u51fb\u638c\u5947\u88ad\u754f\u4e2a\u7f29\n|-damage|p1b: \u4f60\u62cd\u4e94\uff0c\u6211\u62cd\u516d\uff0c\u51fb\u638c\u5947\u88ad\u754f\u4e2a\u7f29|37\/100\n|\n|upkeep\n|turn|16\n|\n|t:|1700932502\n|move|p2b: Ogerpon|Spiky Shield|p2b: Ogerpon\n|-singleturn|p2b: Ogerpon|move: Protect\n|move|p1b: \u4f60\u62cd\u4e94\uff0c\u6211\u62cd\u516d\uff0c\u51fb\u638c\u5947\u88ad\u754f\u4e2a\u7f29|Fake Out|p2a: Landorus\n|-damage|p2a: Landorus|9\/100\n|move|p1a: \u571f\u732b\u8e29\u6211|Rock Slide|p2b: Ogerpon|[spread] \n|-activate|p2b: Ogerpon|move: Protect\n|-miss|p1a: \u571f\u732b\u8e29\u6211|p2a: Landorus\n|cant|p2a: Landorus|flinch\n|\n|upkeep\n|turn|17\n|\n|t:|1700932515\n|move|p1a: \u571f\u732b\u8e29\u6211|Rock Slide|p2a: Landorus|[spread] p2a,p2b\n|-supereffective|p2b: Ogerpon\n|-damage|p2a: Landorus|0 fnt\n|-damage|p2b: Ogerpon|44\/100\n|faint|p2a: Landorus\n|move|p2b: Ogerpon|Ivy Cudgel|p1a: \u571f\u732b\u8e29\u6211|[anim] Ivy Cudgel Fire\n|-damage|p1a: \u571f\u732b\u8e29\u6211|13\/100\n|move|p1b: \u4f60\u62cd\u4e94\uff0c\u6211\u62cd\u516d\uff0c\u51fb\u638c\u5947\u88ad\u754f\u4e2a\u7f29|Drain Punch|p2b: Ogerpon\n|-damage|p2b: Ogerpon|0 fnt\n|-heal|p1b: \u4f60\u62cd\u4e94\uff0c\u6211\u62cd\u516d\uff0c\u51fb\u638c\u5947\u88ad\u754f\u4e2a\u7f29|51\/100|[from] drain|[of] p2b: Ogerpon\n|faint|p2b: Ogerpon\n|\n|win|OPieceOfHeroGhost\n|raw|OPieceOfHeroGhost's rating: 1434 &rarr; <strong>1462<\/strong><br \/>(+28 for winning)\n|raw|Cactuscoolish's rating: 1585 &rarr; <strong>1557<\/strong><br \/>(-28 for losing)\n|l|\u2606Cactuscoolish\n","uploadtime":1700932531,"views":0,"p1id":"opieceofheroghost","p2id":"cactuscoolish","formatid":"gen9doublesou","rating":1462,"private":0,"password":""}