{"id":"gen9doublesou-1987780372","p1":"Happy1912owl","p2":"Champ2013","format":"[Gen 9] Doubles OU","log":"|j|\u2606Happy1912owl\n|j|\u2606Champ2013\n|t:|1699636224\n|gametype|doubles\n|player|p1|Happy1912owl|steven|\n|player|p2|Champ2013|170|\n|teamsize|p1|6\n|teamsize|p2|6\n|gen|9\n|tier|[Gen 9] Doubles OU\n|rule|Species Clause: Limit one of each Pok\u00e9mon\n|rule|OHKO Clause: OHKO moves are banned\n|rule|Evasion Moves Clause: Evasion moves are banned\n|rule|Gravity Sleep Clause: The combination of sleep-inducing moves with imperfect accuracy and Gravity or Gigantamax Orbeetle are banned\n|rule|Endless Battle Clause: Forcing endless battles is banned\n|rule|HP Percentage Mod: HP is shown in percentages\n|clearpoke\n|poke|p1|Dipplin, F|\n|poke|p1|Scovillain, F|\n|poke|p1|Tropius, M|\n|poke|p1|Scream Tail|\n|poke|p1|Farigiraf, F|\n|poke|p1|Azumarill, F|\n|poke|p2|Torkoal, M|\n|poke|p2|Chandelure, F|\n|poke|p2|Flutter Mane|\n|poke|p2|Shiftry, M|\n|poke|p2|Lucario, M|\n|poke|p2|Thundurus-Therian, M|\n|teampreview\n|c|\u2606Champ2013|Glhf!\n|c|\u2606Champ2013|Scream Tail and Farigiraf is so good!\n|\n|t:|1699636261\n|start\n|switch|p1a: Flying mower|Tropius, M, shiny|100\/100\n|switch|p1b: Zombie Happy|Scream Tail, shiny|100\/100\n|switch|p2a: Torkoal|Torkoal, M, shiny|100\/100\n|switch|p2b: Chandelure|Chandelure, F, shiny|100\/100\n|-weather|SunnyDay|[from] ability: Drought|[of] p2a: Torkoal\n|-activate|p1b: Zombie Happy|ability: Protosynthesis\n|-start|p1b: Zombie Happy|protosynthesisspd\n|turn|1\n|\n|t:|1699636279\n|move|p2b: Chandelure|Heat Wave|p1b: Zombie Happy|[spread] p1a,p1b\n|-supereffective|p1a: Flying mower\n|-damage|p1a: Flying mower|0 fnt\n|-damage|p1b: Zombie Happy|71\/100\n|faint|p1a: Flying mower\n|move|p1b: Zombie Happy|Crunch|p2b: Chandelure\n|-supereffective|p2b: Chandelure\n|-damage|p2b: Chandelure|57\/100\n|move|p2a: Torkoal|Eruption|p1b: Zombie Happy\n|-damage|p1b: Zombie Happy|36\/100\n|\n|-weather|SunnyDay|[upkeep]\n|upkeep\n|\n|t:|1699636293\n|switch|p1a: Carolina Reaper|Scovillain, F, shiny|100\/100\n|turn|2\n|\n|t:|1699636304\n|move|p1a: Carolina Reaper|Lash Out|p2b: Chandelure\n|-supereffective|p2b: Chandelure\n|-damage|p2b: Chandelure|1\/100\n|move|p2b: Chandelure|Heat Wave|p1a: Carolina Reaper|[spread] p1a,p1b\n|-damage|p1a: Carolina Reaper|13\/100\n|-damage|p1b: Zombie Happy|6\/100\n|move|p1b: Zombie Happy|Crunch|p2a: Torkoal\n|-damage|p2a: Torkoal|88\/100\n|move|p2a: Torkoal|Eruption|p1b: Zombie Happy|[spread] p1a,p1b\n|-damage|p1a: Carolina Reaper|0 fnt\n|-damage|p1b: Zombie Happy|0 fnt\n|faint|p1a: Carolina Reaper\n|faint|p1b: Zombie Happy\n|-end|p1b: Zombie Happy|Protosynthesis|[silent]\n|\n|-weather|SunnyDay|[upkeep]\n|upkeep\n|\n|t:|1699636325\n|switch|p1a: Happy\u2019s revenge|Dipplin, F, shiny|100\/100\n|switch|p1b: Safari Guardians|Farigiraf, F, shiny|100\/100\n|-ability|p1a: Happy\u2019s revenge|Supersweet Syrup\n|-ability|p1a: Happy\u2019s revenge|Supersweet Syrup|boost\n|-unboost|p2a: Torkoal|evasion|1\n|-unboost|p2b: Chandelure|evasion|1\n|turn|3\n|\n|t:|1699636341\n|switch|p2b: Lucario|Lucario, M, shiny|100\/100\n|move|p2a: Torkoal|Protect|p2a: Torkoal\n|-singleturn|p2a: Torkoal|Protect\n|move|p1b: Safari Guardians|Future Sight|p2a: Torkoal\n|-start|p1b: Safari Guardians|move: Future Sight\n|move|p1a: Happy\u2019s revenge|Leaf Storm|p2b: Lucario\n|-resisted|p2b: Lucario\n|-damage|p2b: Lucario|60\/100\n|-unboost|p1a: Happy\u2019s revenge|spa|2\n|\n|-weather|SunnyDay|[upkeep]\n|upkeep\n|turn|4\n|\n|t:|1699636372\n|move|p2b: Lucario|Meteor Mash|p1b: Safari Guardians\n|-damage|p1b: Safari Guardians|40\/100\n|move|p1b: Safari Guardians|Future Sight||[still]\n|-fail|p1b: Safari Guardians\n|move|p1a: Happy\u2019s revenge|Leaf Storm|p2b: Lucario\n|-resisted|p2b: Lucario\n|-damage|p2b: Lucario|38\/100\n|-unboost|p1a: Happy\u2019s revenge|spa|2\n|move|p2a: Torkoal|Eruption|p1b: Safari Guardians|[spread] p1a,p1b\n|-damage|p1a: Happy\u2019s revenge|42\/100\n|-damage|p1b: Safari Guardians|0 fnt\n|faint|p1b: Safari Guardians\n|\n|-weather|SunnyDay|[upkeep]\n|-heal|p1a: Happy\u2019s revenge|48\/100|[from] item: Leftovers\n|upkeep\n|\n|t:|1699636389\n|switch|p1b: Belly rubs please|Azumarill, F, shiny|100\/100\n|turn|5\n|\n|t:|1699636400\n|switch|p2b: Shiftry|Shiftry, M, shiny|100\/100\n|move|p1b: Belly rubs please|Play Rough|p2b: Shiftry\n|-supereffective|p2b: Shiftry\n|-enditem|p2b: Shiftry|Focus Sash\n|-damage|p2b: Shiftry|1\/100\n|move|p1a: Happy\u2019s revenge|Recover|p1a: Happy\u2019s revenge\n|-heal|p1a: Happy\u2019s revenge|98\/100\n|move|p2a: Torkoal|Solar Beam||[still]\n|-prepare|p2a: Torkoal|Solar Beam\n|-anim|p2a: Torkoal|Solar Beam|p1b: Belly rubs please\n|-supereffective|p1b: Belly rubs please\n|-damage|p1b: Belly rubs please|45\/100\n|\n|-weather|SunnyDay|[upkeep]\n|-end|p2a: Torkoal|move: Future Sight\n|-damage|p2a: Torkoal|24\/100\n|-heal|p1a: Happy\u2019s revenge|100\/100|[from] item: Leftovers\n|upkeep\n|turn|6\n|\n|t:|1699636426\n|move|p2b: Shiftry|Fake Out|p1b: Belly rubs please\n|-damage|p1b: Belly rubs please|34\/100\n|cant|p1b: Belly rubs please|flinch\n|move|p1a: Happy\u2019s revenge|Syrup Bomb|p2b: Shiftry\n|-resisted|p2b: Shiftry\n|-damage|p2b: Shiftry|0 fnt\n|faint|p2b: Shiftry\n|move|p2a: Torkoal|Solar Beam||[still]\n|-prepare|p2a: Torkoal|Solar Beam\n|-anim|p2a: Torkoal|Solar Beam|p1b: Belly rubs please\n|-supereffective|p1b: Belly rubs please\n|-damage|p1b: Belly rubs please|0 fnt\n|faint|p1b: Belly rubs please\n|\n|-weather|SunnyDay|[upkeep]\n|upkeep\n|\n|t:|1699636434\n|switch|p2b: Flutter Mane|Flutter Mane, shiny|100\/100\n|-activate|p2b: Flutter Mane|ability: Protosynthesis\n|-start|p2b: Flutter Mane|protosynthesisspa\n|turn|7\n|\n|t:|1699636448\n|-terastallize|p2b: Flutter Mane|Fairy\n|move|p2a: Torkoal|Protect|p2a: Torkoal\n|-singleturn|p2a: Torkoal|Protect\n|move|p2b: Flutter Mane|Moonblast|p1a: Happy\u2019s revenge\n|-supereffective|p1a: Happy\u2019s revenge\n|-damage|p1a: Happy\u2019s revenge|0 fnt\n|faint|p1a: Happy\u2019s revenge\n|\n|win|Champ2013\n","uploadtime":1699636461,"views":14,"p1id":"happy1912owl","p2id":"champ2013","formatid":"gen9doublesou","rating":0,"private":0,"password":""}