{"id":"gen9doublesou-1997632762","p1":"Latte_0024","p2":"Cryptic_Brawler","format":"[Gen 9] Doubles OU","log":"|j|\u2606Latte_0024\n|j|\u2606Cryptic_Brawler\n|t:|1700835449\n|gametype|doubles\n|player|p1|Latte_0024|bugcatcher-gen4dp|1000\n|player|p2|Cryptic_Brawler|ghetsis-gen5bw|1095\n|teamsize|p1|6\n|teamsize|p2|6\n|gen|9\n|tier|[Gen 9] Doubles OU\n|rated|\n|rule|Species Clause: Limit one of each Pok\u00e9mon\n|rule|OHKO Clause: OHKO moves are banned\n|rule|Evasion Moves Clause: Evasion moves are banned\n|rule|Gravity Sleep Clause: The combination of sleep-inducing moves with imperfect accuracy and Gravity or Gigantamax Orbeetle are banned\n|rule|Endless Battle Clause: Forcing endless battles is banned\n|rule|HP Percentage Mod: HP is shown in percentages\n|clearpoke\n|poke|p1|Scizor, M|\n|poke|p1|Vikavolt, F|\n|poke|p1|Illumise, F|\n|poke|p1|Forretress, M|\n|poke|p1|Yanmega, M|\n|poke|p1|Vivillon, M|\n|poke|p2|Dudunsparce-*, F|\n|poke|p2|Flamigo, F|\n|poke|p2|Maushold-Four|\n|poke|p2|Iron Leaves|\n|poke|p2|Basculegion-F, F|\n|poke|p2|Politoed, F|\n|teampreview\n|inactive|Battle timer is ON: inactive players will automatically lose when time's up. (requested by Latte_0024)\n|\n|t:|1700835458\n|start\n|switch|p1a: Illumise|Illumise, F|100\/100\n|switch|p1b: Vivillon|Vivillon, M|100\/100\n|switch|p2a: Dudunsparce|Dudunsparce, F|100\/100\n|switch|p2b: Maushold|Maushold-Four|100\/100\n|turn|1\n|\n|t:|1700835472\n|-terastallize|p2a: Dudunsparce|Ghost\n|move|p1b: Vivillon|Rage Powder|p1b: Vivillon\n|-singleturn|p1b: Vivillon|move: Rage Powder\n|move|p1a: Illumise|Tailwind|p1a: Illumise\n|-sidestart|p1: Latte_0024|move: Tailwind\n|move|p2b: Maushold|Beat Up|p1b: Vivillon\n|-damage|p1b: Vivillon|95\/100\n|-damage|p1b: Vivillon|91\/100\n|-damage|p1b: Vivillon|85\/100\n|-damage|p1b: Vivillon|78\/100\n|-damage|p1b: Vivillon|73\/100\n|-damage|p1b: Vivillon|68\/100\n|-hitcount|p1b: Vivillon|6\n|move|p2a: Dudunsparce|Stored Power|p1b: Vivillon\n|-crit|p1b: Vivillon\n|-damage|p1b: Vivillon|52\/100\n|\n|upkeep\n|turn|2\n|\n|t:|1700835496\n|move|p1b: Vivillon|Rage Powder|p1b: Vivillon\n|-singleturn|p1b: Vivillon|move: Rage Powder\n|move|p1a: Illumise|Air Slash|p2b: Maushold\n|-damage|p2b: Maushold|80\/100\n|move|p2b: Maushold|Beat Up|p1b: Vivillon\n|-damage|p1b: Vivillon|46\/100\n|-damage|p1b: Vivillon|41\/100\n|-damage|p1b: Vivillon|35\/100\n|-damage|p1b: Vivillon|28\/100\n|-damage|p1b: Vivillon|23\/100\n|-damage|p1b: Vivillon|19\/100\n|-hitcount|p1b: Vivillon|6\n|move|p2a: Dudunsparce|Stored Power|p1b: Vivillon\n|-damage|p1b: Vivillon|7\/100\n|\n|upkeep\n|turn|3\n|\n|t:|1700835517\n|move|p1b: Vivillon|Rage Powder|p1b: Vivillon\n|-singleturn|p1b: Vivillon|move: Rage Powder\n|move|p1a: Illumise|Air Slash|p2b: Maushold\n|-crit|p2b: Maushold\n|-damage|p2b: Maushold|47\/100\n|move|p2b: Maushold|Beat Up|p1b: Vivillon\n|-damage|p1b: Vivillon|2\/100\n|-damage|p1b: Vivillon|0 fnt\n|faint|p1b: Vivillon\n|-hitcount|p1: Vivillon|2\n|move|p2a: Dudunsparce|Stored Power|p1a: Illumise\n|-damage|p1a: Illumise|92\/100\n|\n|upkeep\n|inactive|Latte_0024 has 120 seconds left.\n|\n|t:|1700835532\n|switch|p1b: Yanmega|Yanmega, M|100\/100\n|turn|4\n|\n|t:|1700835542\n|move|p1b: Yanmega|Bug Buzz|p2b: Maushold\n|-damage|p2b: Maushold|0 fnt\n|faint|p2b: Maushold\n|move|p1a: Illumise|Bug Buzz|p2a: Dudunsparce\n|-resisted|p2a: Dudunsparce\n|-damage|p2a: Dudunsparce|85\/100\n|-ability|p2a: Dudunsparce|Rattled|boost\n|-boost|p2a: Dudunsparce|spe|1\n|move|p2a: Dudunsparce|Stored Power|p1b: Yanmega\n|-damage|p1b: Yanmega|82\/100\n|\n|-sideend|p1: Latte_0024|move: Tailwind\n|-ability|p1b: Yanmega|Speed Boost|boost\n|-boost|p1b: Yanmega|spe|1\n|upkeep\n|\n|t:|1700835558\n|switch|p2b: Flamigo|Flamigo, F|100\/100\n|-copyboost|p2b: Flamigo|p2a: Dudunsparce|[from] ability: Costar\n|turn|5\n|\n|t:|1700835571\n|switch|p1b: Forretress|Forretress, M, shiny|100\/100\n|move|p1a: Illumise|Tailwind|p1a: Illumise\n|-sidestart|p1: Latte_0024|move: Tailwind\n|move|p2b: Flamigo|Brave Bird|p1a: Illumise\n|-supereffective|p1a: Illumise\n|-damage|p1a: Illumise|0 fnt\n|faint|p1a: Illumise\n|-damage|p2b: Flamigo|74\/100|[from] Recoil\n|-damage|p2b: Flamigo|64\/100|[from] item: Life Orb\n|move|p2a: Dudunsparce|Ancient Power|p1b: Forretress\n|-crit|p1b: Forretress\n|-damage|p1b: Forretress|63\/100\n|\n|-heal|p1b: Forretress|69\/100|[from] item: Leftovers\n|upkeep\n|\n|t:|1700835589\n|switch|p1a: Scizor|Scizor, M|100\/100\n|turn|6\n|\n|t:|1700835598\n|move|p2b: Flamigo|Close Combat|p1b: Forretress\n|-damage|p1b: Forretress|30\/100\n|-unboost|p2b: Flamigo|def|1\n|-unboost|p2b: Flamigo|spd|1\n|-damage|p2b: Flamigo|54\/100|[from] item: Life Orb\n|move|p1a: Scizor|Knock Off|p2a: Dudunsparce\n|-supereffective|p2a: Dudunsparce\n|-damage|p2a: Dudunsparce|0 fnt\n|-enditem|p2a: Dudunsparce|Weakness Policy|[from] move: Knock Off|[of] p1a: Scizor\n|faint|p2a: Dudunsparce\n|-damage|p1a: Scizor|91\/100|[from] item: Life Orb\n|move|p1b: Forretress|Stealth Rock|p2b: Flamigo\n|-sidestart|p2: Cryptic_Brawler|move: Stealth Rock\n|\n|-heal|p1b: Forretress|36\/100|[from] item: Leftovers\n|upkeep\n|\n|t:|1700835607\n|switch|p2a: Iron Leaves|Iron Leaves|100\/100\n|-damage|p2a: Iron Leaves|88\/100|[from] Stealth Rock\n|-enditem|p2a: Iron Leaves|Booster Energy\n|-activate|p2a: Iron Leaves|ability: Quark Drive|[fromitem]\n|-start|p2a: Iron Leaves|quarkdriveatk\n|turn|7\n|\n|t:|1700835631\n|move|p2b: Flamigo|Close Combat|p1a: Scizor\n|-damage|p1a: Scizor|17\/100\n|-unboost|p2b: Flamigo|def|1\n|-unboost|p2b: Flamigo|spd|1\n|-damage|p2b: Flamigo|44\/100|[from] item: Life Orb\n|move|p2a: Iron Leaves|Sacred Sword|p1a: Scizor\n|-damage|p1a: Scizor|0 fnt\n|faint|p1a: Scizor\n|move|p1b: Forretress|Toxic Spikes|p2a: Iron Leaves\n|-sidestart|p2: Cryptic_Brawler|move: Toxic Spikes\n|\n|-heal|p1b: Forretress|42\/100|[from] item: Leftovers\n|upkeep\n|\n|t:|1700835645\n|switch|p1a: Yanmega|Yanmega, M|82\/100\n|turn|8\n|\n|t:|1700835655\n|move|p1a: Yanmega|Air Slash|p2b: Flamigo\n|-supereffective|p2b: Flamigo\n|-damage|p2b: Flamigo|0 fnt\n|faint|p2b: Flamigo\n|move|p2a: Iron Leaves|Sacred Sword|p1b: Forretress\n|-damage|p1b: Forretress|19\/100\n|move|p1b: Forretress|Stealth Rock||[still]\n|-fail|p1b: Forretress\n|\n|-heal|p1b: Forretress|25\/100|[from] item: Leftovers\n|-sideend|p1: Latte_0024|move: Tailwind\n|-ability|p1a: Yanmega|Speed Boost|boost\n|-boost|p1a: Yanmega|spe|1\n|upkeep\n|\n|t:|1700835660\n|switch|p2b: Politoed|Politoed, F|100\/100\n|-damage|p2b: Politoed|88\/100|[from] Stealth Rock\n|-status|p2b: Politoed|psn\n|-weather|RainDance|[from] ability: Drizzle|[of] p2b: Politoed\n|turn|9\n|inactive|Cryptic_Brawler has 120 seconds left.\n|\n|t:|1700835695\n|move|p1a: Yanmega|Air Slash|p2a: Iron Leaves\n|-supereffective|p2a: Iron Leaves\n|-damage|p2a: Iron Leaves|11\/100\n|move|p2a: Iron Leaves|Sacred Sword|p1b: Forretress\n|-damage|p1b: Forretress|2\/100\n|move|p2b: Politoed|Surf|p1a: Yanmega|[spread] p2a,p1a,p1b\n|-resisted|p2a: Iron Leaves\n|-damage|p2a: Iron Leaves|0 fnt\n|-damage|p1a: Yanmega|12\/100\n|-damage|p1b: Forretress|0 fnt\n|faint|p2a: Iron Leaves\n|-end|p2a: Iron Leaves|Quark Drive|[silent]\n|faint|p1b: Forretress\n|\n|-weather|RainDance|[upkeep]\n|-damage|p2b: Politoed|76\/100 psn|[from] psn\n|-ability|p1a: Yanmega|Speed Boost|boost\n|-boost|p1a: Yanmega|spe|1\n|upkeep\n|\n|t:|1700835711\n|switch|p2a: Basculegion|Basculegion-F, F|100\/100\n|switch|p1b: Vikavolt|Vikavolt, F|100\/100\n|-damage|p2a: Basculegion|88\/100|[from] Stealth Rock\n|-status|p2a: Basculegion|psn\n|turn|10\n|inactive|Cryptic_Brawler has 120 seconds left.\n|\n|t:|1700835751\n|move|p1a: Yanmega|Air Slash|p2b: Politoed\n|-damage|p2b: Politoed|33\/100 psn\n|move|p2a: Basculegion|Last Respects|p1b: Vikavolt\n|-damage|p1b: Vikavolt|0 fnt\n|faint|p1b: Vikavolt\n|cant|p2b: Politoed|flinch\n|\n|-weather|RainDance|[upkeep]\n|-damage|p2a: Basculegion|76\/100 psn|[from] psn\n|-damage|p2b: Politoed|21\/100 psn|[from] psn\n|-ability|p1a: Yanmega|Speed Boost|boost\n|-boost|p1a: Yanmega|spe|1\n|upkeep\n|turn|11\n|\n|t:|1700835767\n|move|p1a: Yanmega|Air Slash|p2b: Politoed\n|-damage|p2b: Politoed|0 fnt\n|faint|p2b: Politoed\n|move|p2a: Basculegion|Last Respects|p1a: Yanmega\n|-damage|p1a: Yanmega|0 fnt\n|faint|p1a: Yanmega\n|\n|win|Cryptic_Brawler\n|raw|Latte_0024's rating: 1000 &rarr; <strong>1000<\/strong><br \/>(+0 for losing)\n|raw|Cryptic_Brawler's rating: 1095 &rarr; <strong>1114<\/strong><br \/>(+19 for winning)\n|l|\u2606Latte_0024\n","uploadtime":1700835777,"views":9,"p1id":"latte0024","p2id":"crypticbrawler","formatid":"gen9doublesou","rating":1000,"private":0,"password":""}