{"id":"gen9doublesou-1998706494","p1":"Alfarin","p2":"PJCDragon","format":"[Gen 9] Doubles OU","log":"|j|\u2606Alfarin\n|j|\u2606PJCDragon\n|t:|1700975411\n|gametype|doubles\n|player|p1|Alfarin|pokemonranger|1238\n|player|p2|PJCDragon|1|1202\n|teamsize|p1|6\n|teamsize|p2|6\n|gen|9\n|tier|[Gen 9] Doubles OU\n|rated|\n|rule|Species Clause: Limit one of each Pok\u00e9mon\n|rule|OHKO Clause: OHKO moves are banned\n|rule|Evasion Moves Clause: Evasion moves are banned\n|rule|Gravity Sleep Clause: The combination of sleep-inducing moves with imperfect accuracy and Gravity or Gigantamax Orbeetle are banned\n|rule|Endless Battle Clause: Forcing endless battles is banned\n|rule|HP Percentage Mod: HP is shown in percentages\n|clearpoke\n|poke|p1|Meowscarada, F|\n|poke|p1|Glimmora, F|\n|poke|p1|Kommo-o, F|\n|poke|p1|Ogerpon-Wellspring, F|\n|poke|p1|Clefairy, M|\n|poke|p1|Tinkaton, F|\n|poke|p2|Chi-Yu|\n|poke|p2|Ninetales-Alola, M|\n|poke|p2|Amoonguss, F|\n|poke|p2|Farigiraf, F|\n|poke|p2|Glimmora, M|\n|poke|p2|Gyarados, M|\n|teampreview\n|inactive|Battle timer is ON: inactive players will automatically lose when time's up. (requested by PJCDragon)\n|\n|t:|1700975435\n|start\n|switch|p1a: Tinkaton|Tinkaton, F|100\/100\n|switch|p1b: Ogerpon|Ogerpon-Wellspring, F|100\/100\n|switch|p2a: Ninetales|Ninetales-Alola, M|100\/100\n|switch|p2b: Chi-Yu|Chi-Yu|100\/100\n|-weather|Snow|[from] ability: Snow Warning|[of] p2a: Ninetales\n|-ability|p2b: Chi-Yu|Beads of Ruin\n|turn|1\n|\n|t:|1700975449\n|move|p1b: Ogerpon|Ivy Cudgel|p2b: Chi-Yu|[anim] Ivy Cudgel Water\n|-supereffective|p2b: Chi-Yu\n|-damage|p2b: Chi-Yu|0 fnt\n|faint|p2b: Chi-Yu\n|move|p2a: Ninetales|Aurora Veil|p2a: Ninetales\n|-sidestart|p2: PJCDragon|move: Aurora Veil\n|move|p1a: Tinkaton|Rock Slide|p2a: Ninetales\n|-supereffective|p2a: Ninetales\n|-damage|p2a: Ninetales|76\/100\n|\n|-weather|Snow|[upkeep]\n|upkeep\n|\n|t:|1700975458\n|switch|p2b: Gyarados|Gyarados, M|100\/100\n|-ability|p2b: Gyarados|Intimidate|boost\n|-fail|p1a: Tinkaton|unboost|Attack|[from] ability: Own Tempo|[of] p1a: Tinkaton\n|-unboost|p1b: Ogerpon|atk|1\n|turn|2\n|\n|t:|1700975471\n|switch|p2a: Amoonguss|Amoonguss, F|100\/100\n|move|p1b: Ogerpon|Follow Me|p1b: Ogerpon\n|-singleturn|p1b: Ogerpon|move: Follow Me\n|move|p1a: Tinkaton|Gigaton Hammer|p2a: Amoonguss\n|-damage|p2a: Amoonguss|75\/100\n|move|p2b: Gyarados|Bulldoze|p1a: Tinkaton|[spread] p2a,p1a,p1b\n|-supereffective|p1a: Tinkaton\n|-resisted|p1b: Ogerpon\n|-damage|p2a: Amoonguss|69\/100\n|-damage|p1a: Tinkaton|69\/100\n|-damage|p1b: Ogerpon|92\/100\n|-unboost|p2a: Amoonguss|spe|1\n|-unboost|p1a: Tinkaton|spe|1\n|-unboost|p1b: Ogerpon|spe|1\n|\n|-weather|Snow|[upkeep]\n|-heal|p1a: Tinkaton|75\/100|[from] item: Leftovers\n|upkeep\n|turn|3\n|\n|t:|1700975494\n|switch|p1b: Glimmora|Glimmora, F|100\/100\n|-item|p1b: Glimmora|Air Balloon\n|move|p1a: Tinkaton|Thunder Wave|p2b: Gyarados|[miss]\n|-miss|p1a: Tinkaton|p2b: Gyarados\n|move|p2b: Gyarados|Bulldoze|p1b: Glimmora|[spread] p2a,p1a\n|-immune|p1b: Glimmora\n|-crit|p2a: Amoonguss\n|-supereffective|p1a: Tinkaton\n|-damage|p2a: Amoonguss|55\/100\n|-damage|p1a: Tinkaton|39\/100\n|-unboost|p2a: Amoonguss|spe|1\n|-unboost|p1a: Tinkaton|spe|1\n|move|p2a: Amoonguss|Pollen Puff|p2b: Gyarados\n|-immune|p2b: Gyarados\n|\n|-weather|Snow|[upkeep]\n|-heal|p1a: Tinkaton|45\/100|[from] item: Leftovers\n|upkeep\n|turn|4\n|inactive|PJCDragon has 120 seconds left.\n|inactive|Alfarin has 120 seconds left.\n|\n|t:|1700975533\n|switch|p2a: Farigiraf|Farigiraf, F|100\/100\n|move|p1b: Glimmora|Sludge Bomb|p2a: Farigiraf\n|-damage|p2a: Farigiraf|79\/100\n|move|p1a: Tinkaton|Knock Off|p2b: Gyarados\n|-damage|p2b: Gyarados|83\/100\n|-enditem|p2b: Gyarados|Assault Vest|[from] move: Knock Off|[of] p1a: Tinkaton\n|move|p2b: Gyarados|Dragon Tail|p1b: Glimmora\n|-damage|p1b: Glimmora|81\/100\n|-activate|p1b: Glimmora|ability: Toxic Debris\n|-sidestart|p2: PJCDragon|move: Toxic Spikes\n|-enditem|p1b: Glimmora|Air Balloon\n|drag|p1b: Clefairy|Clefairy, M|100\/100\n|\n|-weather|Snow|[upkeep]\n|-heal|p1a: Tinkaton|51\/100|[from] item: Leftovers\n|-heal|p2a: Farigiraf|85\/100|[from] item: Leftovers\n|upkeep\n|turn|5\n|inactive|PJCDragon has 120 seconds left.\n|inactive|Alfarin has 120 seconds left.\n|\n|t:|1700975558\n|switch|p2b: Glimmora|Glimmora, M|100\/100\n|-sideend|p2: PJCDragon|move: Toxic Spikes|[of] p2b: Glimmora\n|move|p1a: Tinkaton|Rock Slide|p2a: Farigiraf|[spread] p2a,p2b\n|-crit|p2b: Glimmora\n|-damage|p2a: Farigiraf|75\/100\n|-damage|p2b: Glimmora|76\/100\n|-activate|p2b: Glimmora|ability: Toxic Debris\n|-sidestart|p1: Alfarin|move: Toxic Spikes\n|move|p2a: Farigiraf|Future Sight|p1b: Clefairy\n|-start|p2a: Farigiraf|move: Future Sight\n|move|p1b: Clefairy|Heal Pulse|p1a: Tinkaton\n|-heal|p1a: Tinkaton|100\/100\n|\n|-weather|none\n|-heal|p2b: Glimmora|82\/100|[from] item: Leftovers\n|-heal|p2a: Farigiraf|81\/100|[from] item: Leftovers\n|upkeep\n|turn|6\n|inactive|Alfarin has 120 seconds left.\n|\n|t:|1700975594\n|switch|p2b: Gyarados|Gyarados, M|83\/100\n|-ability|p2b: Gyarados|Intimidate|boost\n|-fail|p1a: Tinkaton|unboost|Attack|[from] ability: Own Tempo|[of] p1a: Tinkaton\n|-unboost|p1b: Clefairy|atk|1\n|move|p1b: Clefairy|Follow Me|p1b: Clefairy\n|-singleturn|p1b: Clefairy|move: Follow Me\n|move|p1a: Tinkaton|Knock Off|p2a: Farigiraf\n|-supereffective|p2a: Farigiraf\n|-damage|p2a: Farigiraf|51\/100\n|-enditem|p2a: Farigiraf|Leftovers|[from] move: Knock Off|[of] p1a: Tinkaton\n|move|p2a: Farigiraf|Future Sight||[still]\n|-fail|p2a: Farigiraf\n|\n|upkeep\n|turn|7\n|inactive|Alfarin has 120 seconds left.\n|\n|t:|1700975614\n|move|p1b: Clefairy|Protect|p1b: Clefairy\n|-singleturn|p1b: Clefairy|Protect\n|move|p2b: Gyarados|Waterfall|p1a: Tinkaton\n|-damage|p1a: Tinkaton|65\/100\n|move|p1a: Tinkaton|Rock Slide|p2a: Farigiraf|[spread] p2a,p2b\n|-supereffective|p2b: Gyarados\n|-damage|p2a: Farigiraf|42\/100\n|-damage|p2b: Gyarados|63\/100\n|cant|p2a: Farigiraf|flinch\n|\n|-end|p1b: Clefairy|move: Future Sight\n|-crit|p1b: Clefairy\n|-damage|p1b: Clefairy|58\/100\n|-heal|p1a: Tinkaton|71\/100|[from] item: Leftovers\n|upkeep\n|turn|8\n|\n|t:|1700975631\n|move|p2b: Gyarados|Waterfall|p1a: Tinkaton\n|-damage|p1a: Tinkaton|36\/100\n|cant|p1a: Tinkaton|flinch\n|move|p2a: Farigiraf|Wish|p2a: Farigiraf\n|move|p1b: Clefairy|Heal Pulse|p1a: Tinkaton\n|-heal|p1a: Tinkaton|86\/100\n|\n|-heal|p1a: Tinkaton|92\/100|[from] item: Leftovers\n|-sideend|p2: PJCDragon|move: Aurora Veil\n|upkeep\n|turn|9\n|\n|t:|1700975657\n|move|p2a: Farigiraf|Protect|p2a: Farigiraf\n|-singleturn|p2a: Farigiraf|Protect\n|move|p1b: Clefairy|Follow Me|p1b: Clefairy\n|-singleturn|p1b: Clefairy|move: Follow Me\n|move|p2b: Gyarados|Bulldoze|p1b: Clefairy|[spread] p1a,p1b\n|-activate|p2a: Farigiraf|move: Protect\n|-supereffective|p1a: Tinkaton\n|-damage|p1a: Tinkaton|66\/100\n|-damage|p1b: Clefairy|43\/100\n|-unboost|p1a: Tinkaton|spe|1\n|-unboost|p1b: Clefairy|spe|1\n|move|p1a: Tinkaton|Gigaton Hammer|p2a: Farigiraf\n|-activate|p2a: Farigiraf|move: Protect\n|\n|-heal|p2a: Farigiraf|92\/100|[from] move: Wish|[wisher] Farigiraf\n|-heal|p1a: Tinkaton|72\/100|[from] item: Leftovers\n|upkeep\n|turn|10\n|inactive|PJCDragon has 120 seconds left.\n|\n|t:|1700975709\n|move|p2b: Gyarados|Waterfall|p1a: Tinkaton\n|-damage|p1a: Tinkaton|38\/100\n|move|p2a: Farigiraf|Future Sight|p1b: Clefairy\n|-start|p2a: Farigiraf|move: Future Sight\n|move|p1a: Tinkaton|Rock Slide|p2b: Gyarados|[spread] p2a,p2b\n|-supereffective|p2b: Gyarados\n|-damage|p2a: Farigiraf|78\/100\n|-damage|p2b: Gyarados|35\/100\n|move|p1b: Clefairy|Heal Pulse|p1a: Tinkaton\n|-heal|p1a: Tinkaton|88\/100\n|\n|-heal|p1a: Tinkaton|94\/100|[from] item: Leftovers\n|upkeep\n|turn|11\n|\n|t:|1700975725\n|switch|p2b: Amoonguss|Amoonguss, F|88\/100\n|move|p2a: Farigiraf|Wish|p2a: Farigiraf\n|move|p1a: Tinkaton|Rock Slide|p2b: Amoonguss|[spread] p2a,p2b\n|-damage|p2a: Farigiraf|62\/100\n|-damage|p2b: Amoonguss|79\/100\n|move|p1b: Clefairy|Heal Pulse|p1a: Tinkaton\n|-heal|p1a: Tinkaton|100\/100\n|\n|upkeep\n|turn|12\n|\n|t:|1700975747\n|switch|p1b: Glimmora|Glimmora, F|81\/100\n|-sideend|p1: Alfarin|move: Toxic Spikes|[of] p1b: Glimmora\n|move|p2a: Farigiraf|Psychic Fangs|p1b: Glimmora\n|-supereffective|p1b: Glimmora\n|-damage|p1b: Glimmora|21\/100\n|-activate|p1b: Glimmora|ability: Toxic Debris\n|-sidestart|p2: PJCDragon|move: Toxic Spikes\n|move|p1a: Tinkaton|Knock Off|p2b: Amoonguss\n|-damage|p2b: Amoonguss|62\/100\n|-damage|p1a: Tinkaton|84\/100|[from] item: Rocky Helmet|[of] p2b: Amoonguss\n|-enditem|p2b: Amoonguss|Rocky Helmet|[from] move: Knock Off|[of] p1a: Tinkaton\n|move|p2b: Amoonguss|Spore|p1a: Tinkaton\n|-status|p1a: Tinkaton|slp|[from] move: Spore\n|\n|-end|p1b: Glimmora|move: Future Sight\n|-supereffective|p1b: Glimmora\n|-damage|p1b: Glimmora|0 fnt\n|faint|p1b: Glimmora\n|-heal|p2a: Farigiraf|100\/100|[from] move: Wish|[wisher] Farigiraf\n|-heal|p1a: Tinkaton|90\/100 slp|[from] item: Leftovers\n|upkeep\n|inactive|Alfarin has 120 seconds left.\n|\n|t:|1700975769\n|switch|p1b: Meowscarada|Meowscarada, F|100\/100\n|turn|13\n|\n|t:|1700975788\n|switch|p2b: Glimmora|Glimmora, M|82\/100\n|-sideend|p2: PJCDragon|move: Toxic Spikes|[of] p2b: Glimmora\n|move|p2a: Farigiraf|Protect|p2a: Farigiraf\n|-singleturn|p2a: Farigiraf|Protect\n|move|p1b: Meowscarada|U-turn|p2a: Farigiraf\n|-start|p1b: Meowscarada|typechange|Bug|[from] ability: Protean\n|-activate|p2a: Farigiraf|move: Protect\n|cant|p1a: Tinkaton|slp\n|\n|-heal|p2b: Glimmora|88\/100|[from] item: Leftovers\n|-heal|p1a: Tinkaton|96\/100 slp|[from] item: Leftovers\n|upkeep\n|turn|14\n|inactive|PJCDragon has 120 seconds left.\n|\n|t:|1700975836\n|switch|p2a: Amoonguss|Amoonguss, F|95\/100\n|move|p1b: Meowscarada|U-turn|p2a: Amoonguss\n|-damage|p2a: Amoonguss|74\/100\n|\n|t:|1700975847\n|switch|p1b: Kommo-o|Kommo-o, F|100\/100|[from] U-turn\n|move|p2b: Glimmora|Power Gem|p1b: Kommo-o\n|-resisted|p1b: Kommo-o\n|-damage|p1b: Kommo-o|76\/100\n|-curestatus|p1a: Tinkaton|slp|[msg]\n|move|p1a: Tinkaton|Knock Off|p2a: Amoonguss\n|-damage|p2a: Amoonguss|63\/100\n|\n|-heal|p2b: Glimmora|95\/100|[from] item: Leftovers\n|-heal|p1a: Tinkaton|100\/100|[from] item: Leftovers\n|upkeep\n|turn|15\n|inactive|PJCDragon has 120 seconds left.\n|\n|t:|1700975872\n|switch|p1a: Clefairy|Clefairy, M|43\/100\n|move|p2b: Glimmora|Mortal Spin|p1b: Kommo-o|[spread] p1a,p1b\n|-supereffective|p1a: Clefairy\n|-damage|p1a: Clefairy|32\/100\n|-damage|p1b: Kommo-o|72\/100\n|-status|p1a: Clefairy|psn\n|-status|p1b: Kommo-o|psn\n|move|p1b: Kommo-o|Clanging Scales|p2a: Amoonguss|[spread] p2a,p2b\n|-damage|p2a: Amoonguss|28\/100\n|-damage|p2b: Glimmora|48\/100\n|-unboost|p1b: Kommo-o|def|1\n|-enditem|p1b: Kommo-o|Throat Spray\n|-boost|p1b: Kommo-o|spa|1|[from] item: Throat Spray\n|move|p2a: Amoonguss|Clear Smog|p1b: Kommo-o\n|-damage|p1b: Kommo-o|59\/100 psn\n|-clearboost|p1b: Kommo-o\n|\n|-heal|p2b: Glimmora|54\/100|[from] item: Leftovers\n|-damage|p1b: Kommo-o|46\/100 psn|[from] psn\n|-damage|p1a: Clefairy|20\/100 psn|[from] psn\n|upkeep\n|turn|16\n|inactive|PJCDragon has 120 seconds left.\n|\n|t:|1700975901\n|switch|p2a: Ninetales|Ninetales-Alola, M|76\/100\n|-weather|Snow|[from] ability: Snow Warning|[of] p2a: Ninetales\n|move|p2b: Glimmora|Power Gem|p1a: Clefairy\n|-damage|p1a: Clefairy|0 fnt\n|faint|p1a: Clefairy\n|move|p1b: Kommo-o|Clangorous Soul|p1b: Kommo-o\n|-boost|p1b: Kommo-o|atk|1\n|-boost|p1b: Kommo-o|def|1\n|-boost|p1b: Kommo-o|spa|1\n|-boost|p1b: Kommo-o|spd|1\n|-boost|p1b: Kommo-o|spe|1\n|-damage|p1b: Kommo-o|13\/100 psn\n|\n|-weather|Snow|[upkeep]\n|-heal|p2b: Glimmora|60\/100|[from] item: Leftovers\n|-damage|p1b: Kommo-o|1\/100 psn|[from] psn\n|upkeep\n|\n|t:|1700975910\n|switch|p1a: Ogerpon|Ogerpon-Wellspring, F|92\/100\n|turn|17\n|\n|t:|1700975929\n|-terastallize|p1a: Ogerpon|Water\n|detailschange|p1a: Ogerpon|Ogerpon-Wellspring-Tera, F, tera:Water\n|-ability|p1a: Ogerpon|Embody Aspect (Wellspring)|boost\n|-boost|p1a: Ogerpon|spd|1\n|move|p2b: Glimmora|Spiky Shield|p2b: Glimmora\n|-singleturn|p2b: Glimmora|move: Protect\n|move|p1a: Ogerpon|Follow Me|p1a: Ogerpon\n|-singleturn|p1a: Ogerpon|move: Follow Me\n|move|p1b: Kommo-o|Flash Cannon|p2a: Ninetales\n|-supereffective|p2a: Ninetales\n|-damage|p2a: Ninetales|0 fnt\n|faint|p2a: Ninetales\n|\n|-weather|Snow|[upkeep]\n|-heal|p2b: Glimmora|66\/100|[from] item: Leftovers\n|-damage|p1b: Kommo-o|0 fnt|[from] psn\n|faint|p1b: Kommo-o\n|upkeep\n|\n|t:|1700975945\n|switch|p2a: Gyarados|Gyarados, M|35\/100\n|switch|p1b: Meowscarada|Meowscarada, F|100\/100\n|-ability|p2a: Gyarados|Intimidate|boost\n|-unboost|p1a: Ogerpon|atk|1\n|-unboost|p1b: Meowscarada|atk|1\n|turn|18\n|\n|t:|1700975974\n|switch|p1b: Tinkaton|Tinkaton, F|100\/100\n|switch|p2a: Amoonguss|Amoonguss, F|61\/100\n|move|p1a: Ogerpon|Spiky Shield|p1a: Ogerpon\n|-singleturn|p1a: Ogerpon|move: Protect\n|move|p2b: Glimmora|Mortal Spin|p1b: Tinkaton|[spread] \n|-activate|p1a: Ogerpon|move: Protect\n|-damage|p2b: Glimmora|54\/100|[from] Spiky Shield|[of] p1a: Ogerpon\n|-immune|p1b: Tinkaton\n|\n|-weather|Snow|[upkeep]\n|-heal|p2b: Glimmora|60\/100|[from] item: Leftovers\n|upkeep\n|turn|19\n|\n|t:|1700975997\n|move|p2b: Glimmora|Spiky Shield|p2b: Glimmora\n|-singleturn|p2b: Glimmora|move: Protect\n|move|p1a: Ogerpon|Follow Me|p1a: Ogerpon\n|-singleturn|p1a: Ogerpon|move: Follow Me\n|move|p1b: Tinkaton|Gigaton Hammer|p2a: Amoonguss\n|-damage|p2a: Amoonguss|16\/100\n|move|p2a: Amoonguss|Pollen Puff|p1a: Ogerpon\n|-damage|p1a: Ogerpon|77\/100\n|\n|-weather|Snow|[upkeep]\n|-heal|p2b: Glimmora|66\/100|[from] item: Leftovers\n|upkeep\n|turn|20\n|\n|t:|1700976017\n|switch|p2a: Gyarados|Gyarados, M|35\/100\n|-ability|p2a: Gyarados|Intimidate|boost\n|-unboost|p1a: Ogerpon|atk|1\n|-fail|p1b: Tinkaton|unboost|Attack|[from] ability: Own Tempo|[of] p1b: Tinkaton\n|move|p1a: Ogerpon|Ivy Cudgel|p2a: Gyarados|[anim] Ivy Cudgel Water\n|-resisted|p2a: Gyarados\n|-damage|p2a: Gyarados|13\/100\n|move|p1b: Tinkaton|Knock Off|p2a: Gyarados\n|-damage|p2a: Gyarados|0 fnt\n|faint|p2a: Gyarados\n|move|p2b: Glimmora|Mortal Spin|p1b: Tinkaton|[spread] p1a\n|-immune|p1b: Tinkaton\n|-damage|p1a: Ogerpon|72\/100\n|-status|p1a: Ogerpon|psn\n|\n|-weather|none\n|-heal|p2b: Glimmora|73\/100|[from] item: Leftovers\n|-damage|p1a: Ogerpon|60\/100 psn|[from] psn\n|upkeep\n|\n|t:|1700976033\n|switch|p2a: Farigiraf|Farigiraf, F|100\/100\n|turn|21\n|\n|t:|1700976043\n|move|p1a: Ogerpon|Ivy Cudgel|p2b: Glimmora|[anim] Ivy Cudgel Water\n|-supereffective|p2b: Glimmora\n|-damage|p2b: Glimmora|0 fnt\n|-activate|p2b: Glimmora|ability: Toxic Debris\n|-sidestart|p1: Alfarin|move: Toxic Spikes\n|faint|p2b: Glimmora\n|move|p1b: Tinkaton|Gigaton Hammer|p2a: Farigiraf\n|-damage|p2a: Farigiraf|40\/100\n|move|p2a: Farigiraf|Wish|p2a: Farigiraf\n|\n|-damage|p1a: Ogerpon|47\/100 psn|[from] psn\n|upkeep\n|\n|t:|1700976053\n|switch|p2b: Amoonguss|Amoonguss, F|49\/100\n|turn|22\n|\n|t:|1700976076\n|-terastallize|p2b: Amoonguss|Water\n|move|p1a: Ogerpon|Horn Leech|p2a: Farigiraf\n|-damage|p2a: Farigiraf|17\/100\n|-heal|p1a: Ogerpon|65\/100 psn|[from] drain|[of] p2a: Farigiraf\n|move|p1b: Tinkaton|Thunder Wave|p2b: Amoonguss\n|-status|p2b: Amoonguss|par\n|move|p2a: Farigiraf|Wish||[still]\n|-fail|p2a: Farigiraf\n|cant|p2b: Amoonguss|par\n|\n|-heal|p2a: Farigiraf|67\/100|[from] move: Wish|[wisher] Farigiraf\n|-damage|p1a: Ogerpon|53\/100 psn|[from] psn\n|upkeep\n|turn|23\n|\n|t:|1700976106\n|move|p1a: Ogerpon|Horn Leech|p2b: Amoonguss\n|-supereffective|p2b: Amoonguss\n|-damage|p2b: Amoonguss|15\/100 par\n|-heal|p1a: Ogerpon|77\/100 psn|[from] drain|[of] p2b: Amoonguss\n|move|p1b: Tinkaton|Thunder Wave|p2a: Farigiraf\n|-status|p2a: Farigiraf|par\n|move|p2a: Farigiraf|Future Sight|p1a: Ogerpon\n|-start|p2a: Farigiraf|move: Future Sight\n|cant|p2b: Amoonguss|par\n|\n|-damage|p1a: Ogerpon|65\/100 psn|[from] psn\n|upkeep\n|turn|24\n|inactive|PJCDragon has 120 seconds left.\n|\n|t:|1700976138\n|move|p1a: Ogerpon|Horn Leech|p2b: Amoonguss\n|-supereffective|p2b: Amoonguss\n|-damage|p2b: Amoonguss|0 fnt\n|-heal|p1a: Ogerpon|75\/100 psn|[from] drain|[of] p2b: Amoonguss\n|faint|p2b: Amoonguss\n|move|p1b: Tinkaton|Gigaton Hammer|p2a: Farigiraf\n|-crit|p2a: Farigiraf\n|-damage|p2a: Farigiraf|0 fnt\n|faint|p2a: Farigiraf\n|\n|win|Alfarin\n|raw|Alfarin's rating: 1238 &rarr; <strong>1260<\/strong><br \/>(+22 for winning)\n|raw|PJCDragon's rating: 1202 &rarr; <strong>1180<\/strong><br \/>(-22 for losing)\n|l|\u2606PJCDragon\n","uploadtime":1700976156,"views":18,"p1id":"alfarin","p2id":"pjcdragon","formatid":"gen9doublesou","rating":1180,"private":0,"password":""}