{"id":"gen9doublesou-1973101223","p1":"Hacchi-satan","p2":"AntonyJ0666","format":"[Gen 9] Doubles OU","log":"|j|\u2606Hacchi-satan\n|j|\u2606AntonyJ0666\n|t:|1697927699\n|gametype|doubles\n|player|p1|Hacchi-satan|akari|1124\n|player|p2|AntonyJ0666|cynthia|1081\n|teamsize|p1|6\n|teamsize|p2|6\n|gen|9\n|tier|[Gen 9] Doubles OU\n|rated|\n|rule|Species Clause: Limit one of each Pok\u00e9mon\n|rule|OHKO Clause: OHKO moves are banned\n|rule|Evasion Moves Clause: Evasion moves are banned\n|rule|Gravity Sleep Clause: The combination of sleep-inducing moves with imperfect accuracy and Gravity or Gigantamax Orbeetle are banned\n|rule|Endless Battle Clause: Forcing endless battles is banned\n|rule|HP Percentage Mod: HP is shown in percentages\n|clearpoke\n|poke|p1|Oricorio-Sensu, M|\n|poke|p1|Mew|\n|poke|p1|Lilligant-Hisui, F|\n|poke|p1|Ogerpon-Cornerstone, F|\n|poke|p1|Ambipom, F|\n|poke|p1|Dedenne, F|\n|poke|p2|Sylveon, M|\n|poke|p2|Oranguru, F|\n|poke|p2|Torkoal, M|\n|poke|p2|Ursaluna, M|\n|poke|p2|Heatran, M|\n|poke|p2|Goodra-Hisui, M|\n|teampreview\n|inactive|Battle timer is ON: inactive players will automatically lose when time's up. (requested by AntonyJ0666)\n|inactive|Hacchi-satan also wants the timer to be on.\n|inactive|AntonyJ0666 has 120 seconds left.\n|\n|t:|1697927740\n|start\n|switch|p1a: Oricorio|Oricorio-Sensu, M|100\/100\n|switch|p1b: Ogerpon|Ogerpon-Cornerstone, F|100\/100\n|switch|p2a: Oranguru|Oranguru, F|100\/100\n|switch|p2b: Sylveon|Sylveon, M|100\/100\n|turn|1\n|\n|t:|1697927769\n|move|p2b: Sylveon|Protect|p2b: Sylveon\n|-singleturn|p2b: Sylveon|Protect\n|move|p1b: Ogerpon|Follow Me|p1b: Ogerpon\n|-singleturn|p1b: Ogerpon|move: Follow Me\n|move|p1a: Oricorio|Quiver Dance|p1a: Oricorio\n|-boost|p1a: Oricorio|spa|1\n|-boost|p1a: Oricorio|spd|1\n|-boost|p1a: Oricorio|spe|1\n|move|p2a: Oranguru|Trick Room|p2a: Oranguru\n|-fieldstart|move: Trick Room|[of] p2a: Oranguru\n|\n|upkeep\n|turn|2\n|\n|t:|1697927784\n|move|p1b: Ogerpon|Follow Me|p1b: Ogerpon\n|-singleturn|p1b: Ogerpon|move: Follow Me\n|move|p2a: Oranguru|Foul Play|p1b: Ogerpon\n|-damage|p1b: Ogerpon|76\/100\n|move|p2b: Sylveon|Hyper Voice|p1a: Oricorio|[spread] p1a,p1b\n|-damage|p1a: Oricorio|72\/100\n|-damage|p1b: Ogerpon|43\/100\n|move|p1a: Oricorio|Substitute|p1a: Oricorio\n|-start|p1a: Oricorio|Substitute\n|-damage|p1a: Oricorio|47\/100\n|\n|-heal|p1a: Oricorio|54\/100|[from] item: Leftovers\n|upkeep\n|turn|3\n|\n|t:|1697927807\n|-terastallize|p1a: Oricorio|Ghost\n|move|p1b: Ogerpon|Follow Me|p1b: Ogerpon\n|-singleturn|p1b: Ogerpon|move: Follow Me\n|move|p2a: Oranguru|Foul Play|p1b: Ogerpon\n|-damage|p1b: Ogerpon|18\/100\n|move|p2b: Sylveon|Hyper Voice|p1a: Oricorio|[spread] p1a,p1b\n|-crit|p1b: Ogerpon\n|-damage|p1a: Oricorio|23\/100\n|-damage|p1b: Ogerpon|0 fnt\n|faint|p1b: Ogerpon\n|move|p1a: Oricorio|Revelation Dance|p2b: Sylveon\n|-damage|p2b: Sylveon|61\/100\n|\n|-heal|p2b: Sylveon|67\/100|[from] item: Leftovers\n|-heal|p1a: Oricorio|29\/100|[from] item: Leftovers\n|upkeep\n|inactive|Hacchi-satan has 120 seconds left.\n|\n|t:|1697927835\n|switch|p1b: Lilligant|Lilligant-Hisui, F|100\/100\n|turn|4\n|\n|t:|1697927849\n|move|p2a: Oranguru|Instruct|p2b: Sylveon\n|-singleturn|p2b: Sylveon|move: Instruct|[of] p2a: Oranguru\n|move|p2b: Sylveon|Hyper Voice|p1a: Oricorio|[spread] p1a,p1b\n|-supereffective|p1b: Lilligant\n|-damage|p1a: Oricorio|2\/100\n|-damage|p1b: Lilligant|41\/100\n|move|p2b: Sylveon|Calm Mind|p2b: Sylveon\n|-boost|p2b: Sylveon|spa|1\n|-boost|p2b: Sylveon|spd|1\n|move|p1b: Lilligant|Sleep Powder|p2b: Sylveon\n|-status|p2b: Sylveon|slp|[from] move: Sleep Powder\n|move|p1a: Oricorio|Quiver Dance|p1a: Oricorio\n|-boost|p1a: Oricorio|spa|1\n|-boost|p1a: Oricorio|spd|1\n|-boost|p1a: Oricorio|spe|1\n|\n|-heal|p2b: Sylveon|73\/100 slp|[from] item: Leftovers\n|-heal|p1a: Oricorio|8\/100|[from] item: Leftovers\n|upkeep\n|turn|5\n|\n|t:|1697927875\n|switch|p2b: Ursaluna|Ursaluna, M|100\/100\n|move|p2a: Oranguru|Protect|p2a: Oranguru\n|-singleturn|p2a: Oranguru|Protect\n|move|p1b: Lilligant|Sleep Powder|p2a: Oranguru\n|-activate|p2a: Oranguru|move: Protect\n|move|p1a: Oricorio|Revelation Dance|p2b: Ursaluna\n|-immune|p2b: Ursaluna\n|\n|-heal|p1a: Oricorio|14\/100|[from] item: Leftovers\n|-fieldend|move: Trick Room\n|-status|p2b: Ursaluna|brn|[from] item: Flame Orb\n|upkeep\n|turn|6\n|inactive|Hacchi-satan has 120 seconds left.\n|\n|t:|1697927914\n|move|p2b: Ursaluna|Protect|p2b: Ursaluna\n|-singleturn|p2b: Ursaluna|Protect\n|move|p1a: Oricorio|Air Slash|p2b: Ursaluna\n|-activate|p2b: Ursaluna|move: Protect\n|move|p1b: Lilligant|Sleep Powder|p2a: Oranguru|[miss]\n|-miss|p1b: Lilligant|p2a: Oranguru\n|move|p2a: Oranguru|Trick Room|p2a: Oranguru\n|-fieldstart|move: Trick Room|[of] p2a: Oranguru\n|\n|-heal|p1a: Oricorio|21\/100|[from] item: Leftovers\n|-damage|p2b: Ursaluna|94\/100 brn|[from] brn\n|upkeep\n|turn|7\n|\n|t:|1697927929\n|move|p2b: Ursaluna|Play Rough|p1b: Lilligant\n|-supereffective|p1b: Lilligant\n|-damage|p1b: Lilligant|0 fnt\n|faint|p1b: Lilligant\n|move|p2a: Oranguru|Foul Play|p1a: Oricorio\n|-supereffective|p1a: Oricorio\n|-activate|p1a: Oricorio|move: Substitute|[damage]\n|move|p1a: Oricorio|Air Slash|p2b: Ursaluna\n|-damage|p2b: Ursaluna|52\/100 brn\n|\n|-heal|p1a: Oricorio|27\/100|[from] item: Leftovers\n|-damage|p2b: Ursaluna|46\/100 brn|[from] brn\n|upkeep\n|\n|t:|1697927936\n|switch|p1b: Mew|Mew|100\/100\n|turn|8\n|\n|t:|1697927949\n|move|p2b: Ursaluna|Headlong Rush|p1a: Oricorio\n|-end|p1a: Oricorio|Substitute\n|-unboost|p2b: Ursaluna|def|1\n|-unboost|p2b: Ursaluna|spd|1\n|move|p2a: Oranguru|Foul Play|p1b: Mew\n|-supereffective|p1b: Mew\n|-damage|p1b: Mew|65\/100\n|move|p1b: Mew|Transform|p1a: Oricorio\n|-transform|p1b: Mew|p1a: Oricorio\n|move|p1a: Oricorio|Air Slash|p2b: Ursaluna\n|-damage|p2b: Ursaluna|0 fnt\n|faint|p2b: Ursaluna\n|\n|-heal|p1a: Oricorio|33\/100|[from] item: Leftovers\n|upkeep\n|\n|t:|1697927973\n|switch|p2b: Torkoal|Torkoal, M|100\/100\n|-weather|SunnyDay|[from] ability: Drought|[of] p2b: Torkoal\n|-start|p1b: Mew|typechange|Ghost\/Flying|[silent]\n|turn|9\n|\n|t:|1697928000\n|move|p2a: Oranguru|Protect|p2a: Oranguru\n|-singleturn|p2a: Oranguru|Protect\n|move|p2b: Torkoal|Eruption|p1a: Oricorio|[spread] p1a,p1b\n|-damage|p1a: Oricorio|0 fnt\n|-damage|p1b: Mew|36\/100\n|faint|p1a: Oricorio\n|move|p1b: Mew|Air Slash|p2a: Oranguru\n|-activate|p2a: Oranguru|move: Protect\n|\n|-weather|SunnyDay|[upkeep]\n|upkeep\n|\n|t:|1697928007\n|switch|p1a: Ambipom|Ambipom, F|100\/100\n|turn|10\n|\n|t:|1697928030\n|move|p2b: Torkoal|Protect|p2b: Torkoal\n|-singleturn|p2b: Torkoal|Protect\n|move|p1a: Ambipom|Fake Out|p2b: Torkoal\n|-activate|p2b: Torkoal|move: Protect\n|move|p2a: Oranguru|Instruct|p1a: Ambipom\n|-singleturn|p1a: Ambipom|move: Instruct|[of] p2a: Oranguru\n|move|p1a: Ambipom|Fake Out||[still]\n|-hint|Fake Out only works on your first turn out.\n|-fail|p1a: Ambipom\n|move|p1b: Mew|Revelation Dance|p2b: Torkoal\n|-activate|p2b: Torkoal|move: Protect\n|\n|-weather|SunnyDay|[upkeep]\n|-fieldend|move: Trick Room\n|upkeep\n|turn|11\n|inactive|Hacchi-satan has 120 seconds left.\n|inactive|AntonyJ0666 has 120 seconds left.\n|\n|t:|1697928064\n|switch|p2b: Heatran|Heatran, M|100\/100\n|move|p1a: Ambipom|Protect|p1a: Ambipom\n|-singleturn|p1a: Ambipom|Protect\n|move|p1b: Mew|Revelation Dance|p2b: Heatran\n|-damage|p2b: Heatran|34\/100\n|-damage|p1b: Mew|26\/100|[from] item: Life Orb\n|move|p2a: Oranguru|Trick Room|p2a: Oranguru\n|-fieldstart|move: Trick Room|[of] p2a: Oranguru\n|\n|-weather|SunnyDay|[upkeep]\n|upkeep\n|turn|12\n|\n|t:|1697928086\n|move|p1a: Ambipom|Protect||[still]\n|-fail|p1a: Ambipom\n|move|p2a: Oranguru|Foul Play|p1b: Mew\n|-supereffective|p1b: Mew\n|-damage|p1b: Mew|7\/100\n|move|p2b: Heatran|Heat Wave|p1b: Mew|[spread] p1a,p1b\n|-damage|p1a: Ambipom|0 fnt\n|-damage|p1b: Mew|0 fnt\n|faint|p1a: Ambipom\n|faint|p1b: Mew\n|-damage|p2b: Heatran|24\/100|[from] item: Life Orb\n|\n|-weather|SunnyDay|[upkeep]\n|upkeep\n|-message|Hacchi-satan forfeited.\n|\n|win|AntonyJ0666\n|raw|Hacchi-satan's rating: 1124 &rarr; <strong>1096<\/strong><br \/>(-28 for losing)\n|raw|AntonyJ0666's rating: 1081 &rarr; <strong>1112<\/strong><br \/>(+31 for winning)\n|l|\u2606Hacchi-satan\n","uploadtime":1697928146,"views":10,"p1id":"hacchisatan","p2id":"antonyj0666","formatid":"gen9doublesou","rating":1096,"private":0,"password":""}