{"id":"gen9doublesou-1974071754","p1":"Tpot23","p2":"C trepas drole","format":"[Gen 9] Doubles OU","log":"|j|\u2606Tpot23\n|j|\u2606C trepas drole\n|t:|1698051497\n|gametype|doubles\n|player|p1|Tpot23|hooligans|1000\n|player|p2|C trepas drole|101|1037\n|teamsize|p1|6\n|teamsize|p2|6\n|gen|9\n|tier|[Gen 9] Doubles OU\n|rated|\n|rule|Species Clause: Limit one of each Pok\u00e9mon\n|rule|OHKO Clause: OHKO moves are banned\n|rule|Evasion Moves Clause: Evasion moves are banned\n|rule|Gravity Sleep Clause: The combination of sleep-inducing moves with imperfect accuracy and Gravity or Gigantamax Orbeetle are banned\n|rule|Endless Battle Clause: Forcing endless battles is banned\n|rule|HP Percentage Mod: HP is shown in percentages\n|clearpoke\n|poke|p1|Dragonite, F|\n|poke|p1|Toxapex, M|\n|poke|p1|Iron Valiant|\n|poke|p1|Gliscor, F|\n|poke|p1|Greninja-*, M|\n|poke|p1|Roaring Moon|\n|poke|p2|Goodra-Hisui, M|\n|poke|p2|Dedenne, F|\n|poke|p2|Empoleon, F|\n|poke|p2|Bronzong|\n|poke|p2|Politoed, F|\n|poke|p2|Skuntank, F|\n|teampreview\n|inactive|Battle timer is ON: inactive players will automatically lose when time's up. (requested by C trepas drole)\n|\n|t:|1698051518\n|start\n|switch|p1a: Gliscor|Gliscor, F, shiny|100\/100\n|switch|p1b: Toxapex|Toxapex, M, shiny|100\/100\n|switch|p2a: Bronzong|Bronzong|100\/100\n|switch|p2b: Empoleon|Empoleon, F|100\/100\n|turn|1\n|inactive|Tpot23 has 120 seconds left.\n|\n|t:|1698051550\n|move|p1a: Gliscor|Knock Off|p2a: Bronzong\n|-supereffective|p2a: Bronzong\n|-damage|p2a: Bronzong|58\/100\n|-enditem|p2a: Bronzong|Leftovers|[from] move: Knock Off|[of] p1a: Gliscor\n|move|p2b: Empoleon|Ice Beam|p1a: Gliscor\n|-supereffective|p1a: Gliscor\n|-damage|p1a: Gliscor|0 fnt\n|faint|p1a: Gliscor\n|move|p1b: Toxapex|Toxic Spikes|p2a: Bronzong\n|-sidestart|p2: C trepas drole|move: Toxic Spikes\n|move|p2a: Bronzong|Trick Room|p2a: Bronzong\n|-fieldstart|move: Trick Room|[of] p2a: Bronzong\n|\n|upkeep\n|inactive|Tpot23 has 120 seconds left.\n|\n|t:|1698051564\n|switch|p1a: Dragonite|Dragonite, F, shiny|100\/100\n|turn|2\n|\n|t:|1698051583\n|move|p2a: Bronzong|Bulldoze|p1b: Toxapex|[spread] p2b,p1b\n|-immune|p1a: Dragonite\n|-supereffective|p2b: Empoleon\n|-supereffective|p1b: Toxapex\n|-damage|p2b: Empoleon|82\/100\n|-damage|p1b: Toxapex|85\/100\n|-unboost|p2b: Empoleon|spe|1\n|-unboost|p1b: Toxapex|spe|1\n|-enditem|p2b: Empoleon|Weakness Policy\n|-boost|p2b: Empoleon|atk|2|[from] item: Weakness Policy\n|-boost|p2b: Empoleon|spa|2|[from] item: Weakness Policy\n|move|p1b: Toxapex|Toxic Spikes|p2a: Bronzong\n|-sidestart|p2: C trepas drole|move: Toxic Spikes\n|move|p2b: Empoleon|Ice Beam|p1a: Dragonite\n|-supereffective|p1a: Dragonite\n|-damage|p1a: Dragonite|0 fnt\n|faint|p1a: Dragonite\n|\n|-heal|p1b: Toxapex|91\/100|[from] item: Leftovers\n|upkeep\n|inactive|Tpot23 has 120 seconds left.\n|\n|t:|1698051604\n|switch|p1a: Iron Valiant|Iron Valiant, shiny|100\/100\n|turn|3\n|\n|t:|1698051617\n|-terastallize|p2b: Empoleon|Water\n|move|p1b: Toxapex|Baneful Bunker|p1b: Toxapex\n|-singleturn|p1b: Toxapex|move: Protect\n|move|p2a: Bronzong|Metal Sound|p1b: Toxapex\n|-activate|p1b: Toxapex|move: Protect\n|move|p2b: Empoleon|Surf|p1a: Iron Valiant|[spread] p2a,p1a\n|-activate|p1b: Toxapex|move: Protect\n|-damage|p2a: Bronzong|0 fnt\n|-damage|p1a: Iron Valiant|0 fnt\n|faint|p2a: Bronzong\n|faint|p1a: Iron Valiant\n|-end|p1a: Iron Valiant|Quark Drive|[silent]\n|\n|-heal|p1b: Toxapex|97\/100|[from] item: Leftovers\n|upkeep\n|\n|t:|1698051635\n|switch|p2a: Skuntank|Skuntank, F|100\/100\n|switch|p1a: Greninja|Greninja, M, shiny|100\/100\n|-sideend|p2: C trepas drole|move: Toxic Spikes|[of] p2a: Skuntank\n|turn|4\n|\n|t:|1698051664\n|move|p1b: Toxapex|Liquidation|p2a: Skuntank\n|-damage|p2a: Skuntank|68\/100\n|-unboost|p2a: Skuntank|def|1\n|move|p2b: Empoleon|Surf|p1a: Greninja|[spread] p2a,p1a,p1b\n|-resisted|p1a: Greninja\n|-resisted|p1b: Toxapex\n|-damage|p2a: Skuntank|0 fnt\n|-damage|p1a: Greninja|40\/100\n|-damage|p1b: Toxapex|57\/100\n|faint|p2a: Skuntank\n|move|p1a: Greninja|Blizzard|p2b: Empoleon\n|-start|p1a: Greninja|typechange|Ice|[from] ability: Protean\n|-resisted|p2b: Empoleon\n|-damage|p2b: Empoleon|59\/100\n|\n|-heal|p1b: Toxapex|63\/100|[from] item: Leftovers\n|-heal|p1a: Greninja|46\/100|[from] item: Leftovers\n|upkeep\n|\n|t:|1698051682\n|switch|p2a: Dedenne|Dedenne, F|100\/100\n|turn|5\n|\n|t:|1698051705\n|move|p1b: Toxapex|Baneful Bunker|p1b: Toxapex\n|-singleturn|p1b: Toxapex|move: Protect\n|move|p2b: Empoleon|Grass Knot|p1a: Greninja\n|-damage|p1a: Greninja|0 fnt\n|faint|p1a: Greninja\n|move|p2a: Dedenne|Nuzzle|p1b: Toxapex\n|-activate|p1b: Toxapex|move: Protect\n|-status|p2a: Dedenne|psn\n|\n|-heal|p1b: Toxapex|69\/100|[from] item: Leftovers\n|-damage|p2a: Dedenne|88\/100 psn|[from] psn\n|-fieldend|move: Trick Room\n|upkeep\n|\n|t:|1698051714\n|switch|p1a: Roaring Moon|Roaring Moon, shiny|100\/100\n|turn|6\n|\n|t:|1698051731\n|move|p2a: Dedenne|Nuzzle|p1a: Roaring Moon\n|-resisted|p1a: Roaring Moon\n|-damage|p1a: Roaring Moon|99\/100\n|-status|p1a: Roaring Moon|par\n|cant|p1a: Roaring Moon|par\n|move|p2b: Empoleon|Roost|p2b: Empoleon\n|-heal|p2b: Empoleon|100\/100\n|move|p1b: Toxapex|Liquidation|p2a: Dedenne\n|-crit|p2a: Dedenne\n|-damage|p2a: Dedenne|0 fnt\n|faint|p2a: Dedenne\n|\n|-heal|p1b: Toxapex|75\/100|[from] item: Leftovers\n|upkeep\n|\n|t:|1698051747\n|switch|p2a: Goodra|Goodra-Hisui, M|100\/100\n|turn|7\n|\n|t:|1698051777\n|move|p1b: Toxapex|Baneful Bunker|p1b: Toxapex\n|-singleturn|p1b: Toxapex|move: Protect\n|move|p2a: Goodra|Thunderbolt|p1b: Toxapex\n|-activate|p1b: Toxapex|move: Protect\n|cant|p1a: Roaring Moon|par\n|move|p2b: Empoleon|Ice Beam|p1a: Roaring Moon\n|-supereffective|p1a: Roaring Moon\n|-damage|p1a: Roaring Moon|1\/100 par\n|\n|-heal|p1b: Toxapex|82\/100|[from] item: Leftovers\n|upkeep\n|turn|8\n|inactive|C trepas drole has 120 seconds left.\n|\n|t:|1698051807\n|move|p2a: Goodra|Thunderbolt|p1a: Roaring Moon\n|-resisted|p1a: Roaring Moon\n|-damage|p1a: Roaring Moon|0 fnt\n|faint|p1a: Roaring Moon\n|-end|p1a: Roaring Moon|Protosynthesis|[silent]\n|move|p2b: Empoleon|Grass Knot|p2a: Goodra\n|-ability|p2a: Goodra|Sap Sipper|boost\n|-boost|p2a: Goodra|atk|1\n|move|p1b: Toxapex|Liquidation|p2b: Empoleon\n|-resisted|p2b: Empoleon\n|-damage|p2b: Empoleon|86\/100\n|\n|-heal|p1b: Toxapex|88\/100|[from] item: Leftovers\n|upkeep\n|turn|9\n|\n|t:|1698051829\n|move|p2a: Goodra|Thunderbolt|p1b: Toxapex\n|-supereffective|p1b: Toxapex\n|-damage|p1b: Toxapex|33\/100\n|move|p2b: Empoleon|Grass Knot|p2a: Goodra\n|-ability|p2a: Goodra|Sap Sipper|boost\n|-boost|p2a: Goodra|atk|1\n|move|p1b: Toxapex|Liquidation|p2a: Goodra\n|-resisted|p2a: Goodra\n|-damage|p2a: Goodra|85\/100\n|-unboost|p2a: Goodra|def|1\n|\n|-heal|p2a: Goodra|91\/100|[from] item: Leftovers\n|-heal|p1b: Toxapex|40\/100|[from] item: Leftovers\n|upkeep\n|turn|10\n|\n|t:|1698051850\n|-terastallize|p1b: Toxapex|Electric\n|move|p2a: Goodra|Earthquake|p1b: Toxapex|[spread] p2b,p1b\n|-supereffective|p1b: Toxapex\n|-damage|p2b: Empoleon|56\/100\n|-damage|p1b: Toxapex|0 fnt\n|faint|p1b: Toxapex\n|\n|win|C trepas drole\n|raw|Tpot23's rating: 1041 &rarr; <strong>1025<\/strong><br \/>(-16 for losing)\n|raw|C trepas drole's rating: 1037 &rarr; <strong>1072<\/strong><br \/>(+35 for winning)\n|l|\u2606Tpot23\n","uploadtime":1698051866,"views":23,"p1id":"tpot23","p2id":"ctrepasdrole","formatid":"gen9doublesou","rating":1025,"private":0,"password":""}