{"id":"gen9doublesou-1988736495","p1":"epic tr4iner Pory","p2":"thenoggyman","format":"[Gen 9] Doubles OU","log":"|j|\u2606epic tr4iner Pory\n|j|\u2606thenoggyman\n|t:|1699756628\n|gametype|doubles\n|player|p1|epic tr4iner Pory|hilbert-wonderlauncher|1000\n|player|p2|thenoggyman|101|1000\n|teamsize|p1|6\n|teamsize|p2|6\n|gen|9\n|tier|[Gen 9] Doubles OU\n|rated|\n|rule|Species Clause: Limit one of each Pok\u00e9mon\n|rule|OHKO Clause: OHKO moves are banned\n|rule|Evasion Moves Clause: Evasion moves are banned\n|rule|Gravity Sleep Clause: The combination of sleep-inducing moves with imperfect accuracy and Gravity or Gigantamax Orbeetle are banned\n|rule|Endless Battle Clause: Forcing endless battles is banned\n|rule|HP Percentage Mod: HP is shown in percentages\n|clearpoke\n|poke|p1|Ogerpon-Cornerstone, F|\n|poke|p1|Dipplin, F|\n|poke|p1|Walking Wake|\n|poke|p1|Lilligant-Hisui, F|\n|poke|p1|Farigiraf, M|\n|poke|p1|Grimmsnarl, M|\n|poke|p2|Meloetta|\n|poke|p2|Golduck, M|\n|poke|p2|Medicham, F|\n|poke|p2|Clefable, M|\n|poke|p2|Hatterene, F|\n|poke|p2|Indeedee-F, F|\n|teampreview\n|\n|t:|1699756638\n|start\n|switch|p1a: Ogerpon|Ogerpon-Cornerstone, F|100\/100\n|switch|p1b: Dipplin|Dipplin, F|100\/100\n|switch|p2a: Hatterene|Hatterene, F|100\/100\n|switch|p2b: Medicham|Medicham, F|100\/100\n|-ability|p1b: Dipplin|Supersweet Syrup\n|-ability|p1b: Dipplin|Supersweet Syrup|boost\n|-unboost|p2a: Hatterene|evasion|1\n|-unboost|p2b: Medicham|evasion|1\n|turn|1\n|\n|t:|1699756665\n|-terastallize|p1b: Dipplin|Steel\n|move|p1a: Ogerpon|Spiky Shield|p1a: Ogerpon\n|-singleturn|p1a: Ogerpon|move: Protect\n|move|p2b: Medicham|Substitute|p2b: Medicham\n|-start|p2b: Medicham|Substitute\n|-damage|p2b: Medicham|75\/100\n|move|p1b: Dipplin|Syrup Bomb|p2a: Hatterene\n|-crit|p2a: Hatterene\n|-damage|p2a: Hatterene|72\/100\n|-start|p2a: Hatterene|Syrup Bomb\n|move|p2a: Hatterene|Draining Kiss|p1b: Dipplin\n|-resisted|p1b: Dipplin\n|-damage|p1b: Dipplin|94\/100\n|-heal|p2a: Hatterene|79\/100|[from] drain|[of] p1b: Dipplin\n|\n|-heal|p2b: Medicham|82\/100|[from] item: Leftovers\n|-heal|p2a: Hatterene|85\/100|[from] item: Leftovers\n|-unboost|p2a: Hatterene|spe|1\n|upkeep\n|turn|2\n|\n|t:|1699756692\n|move|p1a: Ogerpon|Swords Dance|p1a: Ogerpon\n|-boost|p1a: Ogerpon|atk|2\n|move|p2b: Medicham|Acupressure|p2b: Medicham\n|-boost|p2b: Medicham|spd|2\n|move|p1b: Dipplin|Syrup Bomb|p2b: Medicham\n|-activate|p2b: Medicham|move: Substitute|[damage]\n|move|p2a: Hatterene|Aromatic Mist|p2b: Medicham\n|-boost|p2b: Medicham|spd|1\n|\n|-heal|p2b: Medicham|88\/100|[from] item: Leftovers\n|-heal|p2a: Hatterene|91\/100|[from] item: Leftovers\n|-unboost|p2a: Hatterene|spe|1\n|upkeep\n|turn|3\n|\n|t:|1699756716\n|move|p1a: Ogerpon|Ivy Cudgel|p2a: Hatterene\n|-damage|p2a: Hatterene|0 fnt\n|faint|p2a: Hatterene\n|move|p2b: Medicham|Acupressure|p2b: Medicham\n|-boost|p2b: Medicham|evasion|2\n|move|p1b: Dipplin|Pollen Puff|p2b: Medicham|[miss]\n|-miss|p1b: Dipplin|p2b: Medicham\n|\n|-heal|p2b: Medicham|94\/100|[from] item: Leftovers\n|upkeep\n|\n|t:|1699756728\n|switch|p2a: Golduck|Golduck, M|100\/100\n|turn|4\n|\n|t:|1699756741\n|move|p1a: Ogerpon|Horn Leech|p2a: Golduck\n|-supereffective|p2a: Golduck\n|-damage|p2a: Golduck|0 fnt\n|faint|p2a: Golduck\n|move|p2b: Medicham|Acupressure|p2b: Medicham\n|-boost|p2b: Medicham|def|2\n|move|p1b: Dipplin|Syrup Bomb|p2b: Medicham\n|-activate|p2b: Medicham|move: Substitute|[damage]\n|\n|-heal|p2b: Medicham|99\/100|[from] item: Leftovers\n|upkeep\n|\n|t:|1699756746\n|switch|p2a: Clefable|Clefable, M|100\/100\n|turn|5\n|\n|t:|1699756776\n|move|p1a: Ogerpon|Horn Leech|p2b: Medicham\n|-end|p2b: Medicham|Substitute\n|move|p2b: Medicham|Acupressure|p2b: Medicham\n|-boost|p2b: Medicham|atk|2\n|move|p2a: Clefable|Light Screen|p2a: Clefable\n|-sidestart|p2: thenoggyman|move: Light Screen\n|move|p1b: Dipplin|Syrup Bomb|p2a: Clefable\n|-damage|p2a: Clefable|88\/100\n|-start|p2a: Clefable|Syrup Bomb\n|\n|-heal|p2b: Medicham|100\/100|[from] item: Leftovers\n|-heal|p2a: Clefable|94\/100|[from] item: Leftovers\n|-unboost|p2a: Clefable|spe|1\n|upkeep\n|turn|6\n|\n|t:|1699756799\n|move|p2a: Clefable|Follow Me|p2a: Clefable\n|-singleturn|p2a: Clefable|move: Follow Me\n|move|p1a: Ogerpon|Horn Leech|p2a: Clefable\n|-damage|p2a: Clefable|44\/100\n|move|p2b: Medicham|Substitute|p2b: Medicham\n|-start|p2b: Medicham|Substitute\n|-damage|p2b: Medicham|75\/100\n|move|p1b: Dipplin|Syrup Bomb|p2a: Clefable\n|-damage|p2a: Clefable|31\/100\n|\n|-heal|p2b: Medicham|82\/100|[from] item: Leftovers\n|-heal|p2a: Clefable|37\/100|[from] item: Leftovers\n|-unboost|p2a: Clefable|spe|1\n|upkeep\n|turn|7\n|\n|t:|1699756820\n|move|p1a: Ogerpon|Ivy Cudgel|p2a: Clefable\n|-crit|p2a: Clefable\n|-damage|p2a: Clefable|0 fnt\n|faint|p2a: Clefable\n|move|p2b: Medicham|Acupressure|p2b: Medicham\n|-boost|p2b: Medicham|spd|2\n|move|p1b: Dipplin|Syrup Bomb|p2b: Medicham\n|-activate|p2b: Medicham|move: Substitute|[damage]\n|\n|-heal|p2b: Medicham|88\/100|[from] item: Leftovers\n|upkeep\n|\n|t:|1699756824\n|switch|p2a: Indeedee|Indeedee-F, F|100\/100\n|-fieldstart|move: Psychic Terrain|[from] ability: Psychic Surge|[of] p2a: Indeedee\n|-enditem|p2a: Indeedee|Psychic Seed\n|-boost|p2a: Indeedee|spd|1|[from] item: Psychic Seed\n|turn|8\n|\n|t:|1699756842\n|move|p2a: Indeedee|Follow Me|p2a: Indeedee\n|-singleturn|p2a: Indeedee|move: Follow Me\n|move|p1a: Ogerpon|Ivy Cudgel|p2a: Indeedee\n|-damage|p2a: Indeedee|0 fnt\n|faint|p2a: Indeedee\n|move|p2b: Medicham|Bulk Up|p2b: Medicham\n|-boost|p2b: Medicham|atk|1\n|-boost|p2b: Medicham|def|1\n|move|p1b: Dipplin|Dragon Pulse|p2b: Medicham\n|-activate|p2b: Medicham|move: Substitute|[damage]\n|\n|-heal|p2b: Medicham|94\/100|[from] item: Leftovers\n|upkeep\n|\n|t:|1699756849\n|switch|p2a: Meloetta|Meloetta|100\/100\n|turn|9\n|\n|t:|1699756863\n|move|p1a: Ogerpon|Ivy Cudgel|p2a: Meloetta\n|-damage|p2a: Meloetta|0 fnt\n|faint|p2a: Meloetta\n|move|p2b: Medicham|Acupressure|p2b: Medicham\n|-boost|p2b: Medicham|spd|1\n|move|p1b: Dipplin|Dragon Pulse|p2b: Medicham\n|-activate|p2b: Medicham|move: Substitute|[damage]\n|\n|-heal|p2b: Medicham|99\/100|[from] item: Leftovers\n|-sideend|p2: thenoggyman|move: Light Screen\n|upkeep\n|turn|10\n|\n|t:|1699756880\n|move|p1a: Ogerpon|Horn Leech|p2b: Medicham\n|-end|p2b: Medicham|Substitute\n|move|p2b: Medicham|Bulk Up|p2b: Medicham\n|-boost|p2b: Medicham|atk|1\n|-boost|p2b: Medicham|def|1\n|move|p1b: Dipplin|Dragon Pulse|p2b: Medicham\n|-damage|p2b: Medicham|91\/100\n|\n|-heal|p2b: Medicham|97\/100|[from] item: Leftovers\n|upkeep\n|turn|11\n|\n|t:|1699756898\n|move|p1a: Ogerpon|Horn Leech|p2b: Medicham\n|-damage|p2b: Medicham|60\/100\n|move|p2b: Medicham|Bulk Up|p2b: Medicham\n|-boost|p2b: Medicham|atk|1\n|-boost|p2b: Medicham|def|1\n|move|p1b: Dipplin|Syrup Bomb|p2b: Medicham|[miss]\n|-miss|p1b: Dipplin|p2b: Medicham\n|\n|-heal|p2b: Medicham|66\/100|[from] item: Leftovers\n|upkeep\n|turn|12\n|\n|t:|1699756911\n|move|p1a: Ogerpon|Horn Leech|p2b: Medicham\n|-damage|p2b: Medicham|31\/100\n|move|p2b: Medicham|Bulk Up|p2b: Medicham\n|-boost|p2b: Medicham|atk|1\n|-boost|p2b: Medicham|def|1\n|move|p1b: Dipplin|Syrup Bomb|p2b: Medicham|[miss]\n|-miss|p1b: Dipplin|p2b: Medicham\n|\n|-heal|p2b: Medicham|38\/100|[from] item: Leftovers\n|-fieldend|move: Psychic Terrain\n|upkeep\n|turn|13\n|\n|t:|1699756930\n|move|p1a: Ogerpon|Horn Leech|p2b: Medicham|[miss]\n|-miss|p1a: Ogerpon|p2b: Medicham\n|move|p2b: Medicham|Acupressure|p2b: Medicham\n|-boost|p2b: Medicham|evasion|2\n|move|p1b: Dipplin|Syrup Bomb|p2b: Medicham|[miss]\n|-miss|p1b: Dipplin|p2b: Medicham\n|\n|-heal|p2b: Medicham|44\/100|[from] item: Leftovers\n|upkeep\n|turn|14\n|c|\u2606thenoggyman|I have no attacking moves\n|c|\u2606thenoggyman|there was a grave error in my plan\n|\n|t:|1699756942\n|move|p1a: Ogerpon|Horn Leech|p2b: Medicham|[miss]\n|-miss|p1a: Ogerpon|p2b: Medicham\n|move|p2b: Medicham|Acupressure|p2b: Medicham\n|-boost|p2b: Medicham|spe|2\n|move|p1b: Dipplin|Syrup Bomb|p2b: Medicham|[miss]\n|-miss|p1b: Dipplin|p2b: Medicham\n|\n|-heal|p2b: Medicham|50\/100|[from] item: Leftovers\n|upkeep\n|turn|15\n|\n|t:|1699756955\n|move|p2b: Medicham|Acupressure|p2b: Medicham\n|-boost|p2b: Medicham|evasion|2\n|move|p1a: Ogerpon|Horn Leech|p2b: Medicham\n|-damage|p2b: Medicham|18\/100\n|move|p1b: Dipplin|Syrup Bomb|p2b: Medicham|[miss]\n|-miss|p1b: Dipplin|p2b: Medicham\n|\n|-heal|p2b: Medicham|25\/100|[from] item: Leftovers\n|upkeep\n|turn|16\n|\n|t:|1699756967\n|move|p2b: Medicham|Acupressure|p2b: Medicham\n|-boost|p2b: Medicham|accuracy|2\n|move|p1a: Ogerpon|Horn Leech|p2b: Medicham\n|-damage|p2b: Medicham|0 fnt\n|faint|p2b: Medicham\n|\n|win|epic tr4iner Pory\n|raw|epic tr4iner Pory's rating: 1000 &rarr; <strong>1040<\/strong><br \/>(+40 for winning)\n|raw|thenoggyman's rating: 1000 &rarr; <strong>1000<\/strong><br \/>(+0 for losing)\n|l|\u2606thenoggyman\n","uploadtime":1699756982,"views":20,"p1id":"epictr4inerpory","p2id":"thenoggyman","formatid":"gen9doublesou","rating":1000,"private":0,"password":""}