{"id":"gen9doublesou-1994943992","p1":"Kondroid","p2":"Chonzy2127","format":"[Gen 9] Doubles OU","log":"|j|\u2606Kondroid\n|j|\u2606Chonzy2127\n|t:|1700506854\n|gametype|doubles\n|player|p1|Kondroid|hilbert-wonderlauncher|1187\n|player|p2|Chonzy2127|pokemaniac|1168\n|teamsize|p1|6\n|teamsize|p2|6\n|gen|9\n|tier|[Gen 9] Doubles OU\n|rated|\n|rule|Species Clause: Limit one of each Pok\u00e9mon\n|rule|OHKO Clause: OHKO moves are banned\n|rule|Evasion Moves Clause: Evasion moves are banned\n|rule|Gravity Sleep Clause: The combination of sleep-inducing moves with imperfect accuracy and Gravity or Gigantamax Orbeetle are banned\n|rule|Endless Battle Clause: Forcing endless battles is banned\n|rule|HP Percentage Mod: HP is shown in percentages\n|clearpoke\n|poke|p1|Kommo-o, F|\n|poke|p1|Sinistcha|\n|poke|p1|Politoed, M|\n|poke|p1|Poliwrath, M|\n|poke|p1|Zapdos|\n|poke|p1|Salamence, F|\n|poke|p2|Cresselia, F|\n|poke|p2|Diancie|\n|poke|p2|Kingambit, M|\n|poke|p2|Heatran, F|\n|poke|p2|Rillaboom, M|\n|poke|p2|Sinistcha-Masterpiece|\n|teampreview\n|inactive|Battle timer is ON: inactive players will automatically lose when time's up. (requested by Kondroid)\n|\n|t:|1700506860\n|start\n|switch|p1a: sodpaZ|Zapdos|100\/100\n|switch|p1b: Luigi Mario|Politoed, M|100\/100\n|switch|p2a: Rillaboom|Rillaboom, M|100\/100\n|switch|p2b: Diancie|Diancie, shiny|100\/100\n|-fieldstart|move: Grassy Terrain|[from] ability: Grassy Surge|[of] p2a: Rillaboom\n|-weather|RainDance|[from] ability: Drizzle|[of] p1b: Luigi Mario\n|turn|1\n|\n|t:|1700506891\n|move|p2a: Rillaboom|Fake Out|p1a: sodpaZ\n|-damage|p1a: sodpaZ|86\/100\n|cant|p1a: sodpaZ|flinch\n|move|p1b: Luigi Mario|Icy Wind|p2b: Diancie|[spread] p2a,p2b\n|-supereffective|p2a: Rillaboom\n|-damage|p2a: Rillaboom|79\/100\n|-damage|p2b: Diancie|91\/100\n|-unboost|p2a: Rillaboom|spe|1\n|move|p2b: Diancie|Trick Room|p2b: Diancie\n|-fieldstart|move: Trick Room|[of] p2b: Diancie\n|\n|-weather|RainDance|[upkeep]\n|-heal|p2b: Diancie|98\/100|[from] Grassy Terrain\n|-heal|p2a: Rillaboom|85\/100|[from] Grassy Terrain\n|-heal|p2a: Rillaboom|91\/100|[from] item: Leftovers\n|upkeep\n|turn|2\n|inactive|Kondroid has 120 seconds left.\n|\n|t:|1700506924\n|switch|p1a: BURN!|Sinistcha|100\/100\n|move|p2b: Diancie|Diamond Storm|p1a: BURN!|[spread] p1a,p1b\n|-damage|p1a: BURN!|68\/100\n|-damage|p1b: Luigi Mario|62\/100\n|move|p2a: Rillaboom|Wood Hammer|p1b: Luigi Mario\n|-supereffective|p1b: Luigi Mario\n|-damage|p1b: Luigi Mario|0 fnt\n|faint|p1b: Luigi Mario\n|-damage|p2a: Rillaboom|72\/100|[from] Recoil\n|\n|-weather|RainDance|[upkeep]\n|-heal|p2b: Diancie|100\/100|[from] Grassy Terrain\n|-heal|p2a: Rillaboom|78\/100|[from] Grassy Terrain\n|-heal|p2a: Rillaboom|84\/100|[from] item: Leftovers\n|-heal|p1a: BURN!|74\/100|[from] Grassy Terrain\n|-heal|p1a: BURN!|80\/100|[from] item: Leftovers\n|upkeep\n|inactive|Kondroid has 120 seconds left.\n|\n|t:|1700506934\n|switch|p1b: sodpaZ|Zapdos|86\/100\n|turn|3\n|\n|t:|1700506942\n|move|p2b: Diancie|Diamond Storm|p1b: sodpaZ|[spread] p1a,p1b\n|-supereffective|p1b: sodpaZ\n|-damage|p1a: BURN!|51\/100\n|-damage|p1b: sodpaZ|22\/100\n|move|p2a: Rillaboom|U-turn|p1a: BURN!\n|-damage|p1a: BURN!|31\/100\n|\n|t:|1700506950\n|switch|p2a: Heatran|Heatran, F|100\/100|[from] U-turn\n|move|p1a: BURN!|Matcha Gotcha|p2a: Heatran|[spread] p2a,p2b\n|-resisted|p2a: Heatran\n|-supereffective|p2b: Diancie\n|-damage|p2a: Heatran|94\/100\n|-heal|p1a: BURN!|34\/100|[from] drain|[of] p2a: Heatran\n|-damage|p2b: Diancie|43\/100\n|-heal|p1a: BURN!|59\/100|[from] drain|[of] p2b: Diancie\n|-enditem|p2b: Diancie|Weakness Policy\n|-boost|p2b: Diancie|atk|2|[from] item: Weakness Policy\n|-boost|p2b: Diancie|spa|2|[from] item: Weakness Policy\n|move|p1b: sodpaZ|Hurricane|p2a: Heatran\n|-resisted|p2a: Heatran\n|-damage|p2a: Heatran|77\/100\n|-start|p2a: Heatran|confusion\n|\n|-weather|RainDance|[upkeep]\n|-heal|p2b: Diancie|50\/100|[from] Grassy Terrain\n|-heal|p1a: BURN!|65\/100|[from] Grassy Terrain\n|-heal|p1a: BURN!|71\/100|[from] item: Leftovers\n|-heal|p2a: Heatran|83\/100|[from] Grassy Terrain\n|upkeep\n|turn|4\n|\n|t:|1700506972\n|switch|p2a: Sinistcha|Sinistcha-Masterpiece|100\/100\n|-heal|p2b: Diancie|75\/100|[from] ability: Hospitality|[of] p2a: Sinistcha\n|move|p2b: Diancie|Diamond Storm|p1a: BURN!|[spread] p1a,p1b\n|-supereffective|p1b: sodpaZ\n|-damage|p1a: BURN!|11\/100\n|-damage|p1b: sodpaZ|0 fnt\n|-boost|p2b: Diancie|def|2\n|faint|p1b: sodpaZ\n|move|p1a: BURN!|Matcha Gotcha|p2a: Sinistcha|[spread] p2a,p2b\n|-resisted|p2a: Sinistcha\n|-supereffective|p2b: Diancie\n|-damage|p2a: Sinistcha|77\/100\n|-heal|p1a: BURN!|22\/100|[from] drain|[of] p2a: Sinistcha\n|-damage|p2b: Diancie|17\/100\n|-heal|p1a: BURN!|48\/100|[from] drain|[of] p2b: Diancie\n|-status|p2a: Sinistcha|brn\n|\n|-weather|RainDance|[upkeep]\n|-heal|p2b: Diancie|23\/100|[from] Grassy Terrain\n|-heal|p1a: BURN!|54\/100|[from] Grassy Terrain\n|-heal|p2a: Sinistcha|83\/100 brn|[from] Grassy Terrain\n|-heal|p1a: BURN!|60\/100|[from] item: Leftovers\n|-damage|p2a: Sinistcha|77\/100 brn|[from] brn\n|upkeep\n|inactive|Kondroid has 120 seconds left.\n|\n|t:|1700506994\n|switch|p1b: Mario Mario|Poliwrath, M|100\/100\n|turn|5\n|\n|t:|1700507002\n|switch|p2a: Cresselia|Cresselia, F, shiny|100\/100\n|move|p2b: Diancie|Protect|p2b: Diancie\n|-singleturn|p2b: Diancie|Protect\n|move|p1a: BURN!|Matcha Gotcha|p2a: Cresselia|[spread] p2a\n|-activate|p2b: Diancie|move: Protect\n|-damage|p2a: Cresselia|79\/100\n|-heal|p1a: BURN!|74\/100|[from] drain|[of] p2a: Cresselia\n|-status|p2a: Cresselia|brn\n|move|p1b: Mario Mario|Knock Off|p2a: Cresselia\n|-supereffective|p2a: Cresselia\n|-damage|p2a: Cresselia|41\/100 brn\n|-enditem|p2a: Cresselia|Safety Goggles|[from] move: Knock Off|[of] p1b: Mario Mario\n|\n|-weather|RainDance|[upkeep]\n|-heal|p2b: Diancie|29\/100|[from] Grassy Terrain\n|-heal|p1a: BURN!|80\/100|[from] Grassy Terrain\n|-heal|p1a: BURN!|86\/100|[from] item: Leftovers\n|-damage|p2a: Cresselia|35\/100 brn|[from] brn\n|-fieldend|move: Trick Room\n|-fieldend|move: Grassy Terrain\n|upkeep\n|turn|6\n|\n|t:|1700507028\n|move|p1b: Mario Mario|Liquidation|p2b: Diancie\n|-supereffective|p2b: Diancie\n|-damage|p2b: Diancie|0 fnt\n|faint|p2b: Diancie\n|move|p2a: Cresselia|Lunar Blessing|p2a: Cresselia\n|-heal|p2a: Cresselia|59\/100 brn\n|-curestatus|p2a: Cresselia|brn|[msg]\n|move|p1a: BURN!|Matcha Gotcha|p2a: Cresselia|[miss]\n|-miss|p1a: BURN!|p2a: Cresselia\n|\n|-weather|RainDance|[upkeep]\n|-heal|p1a: BURN!|92\/100|[from] item: Leftovers\n|upkeep\n|\n|t:|1700507034\n|switch|p2b: Heatran|Heatran, F|83\/100\n|turn|7\n|\n|t:|1700507049\n|-terastallize|p2b: Heatran|Grass\n|move|p1b: Mario Mario|Drain Punch|p2b: Heatran\n|-damage|p2b: Heatran|54\/100\n|move|p2b: Heatran|Tera Blast|p1b: Mario Mario|[anim] Tera Blast Grass\n|-supereffective|p1b: Mario Mario\n|-damage|p1b: Mario Mario|25\/100\n|move|p1a: BURN!|Scald|p2b: Heatran\n|-resisted|p2b: Heatran\n|-damage|p2b: Heatran|43\/100\n|-status|p2b: Heatran|brn\n|move|p2a: Cresselia|Trick Room|p2a: Cresselia\n|-fieldstart|move: Trick Room|[of] p2a: Cresselia\n|\n|-weather|RainDance|[upkeep]\n|-heal|p1a: BURN!|98\/100|[from] item: Leftovers\n|-damage|p2b: Heatran|37\/100 brn|[from] brn\n|upkeep\n|turn|8\n|\n|t:|1700507077\n|move|p1a: BURN!|Shadow Ball|p2a: Cresselia\n|-supereffective|p2a: Cresselia\n|-damage|p2a: Cresselia|9\/100\n|-unboost|p2a: Cresselia|spd|1\n|move|p2a: Cresselia|Lunar Blessing|p2a: Cresselia|[spread] p2a,p2b\n|-heal|p2a: Cresselia|34\/100\n|-heal|p2b: Heatran|62\/100 brn\n|-curestatus|p2b: Heatran|brn|[msg]\n|move|p2b: Heatran|Tera Blast|p1b: Mario Mario|[anim] Tera Blast Grass\n|-supereffective|p1b: Mario Mario\n|-damage|p1b: Mario Mario|0 fnt\n|faint|p1b: Mario Mario\n|\n|-weather|none\n|-heal|p1a: BURN!|100\/100|[from] item: Leftovers\n|upkeep\n|inactive|Kondroid has 120 seconds left.\n|\n|t:|1700507091\n|switch|p1b: KommUh-oh|Kommo-o, F|100\/100\n|turn|9\n|\n|t:|1700507102\n|switch|p2b: Sinistcha|Sinistcha-Masterpiece|77\/100 brn\n|-heal|p2a: Cresselia|59\/100|[from] ability: Hospitality|[of] p2b: Sinistcha\n|move|p1a: BURN!|Shadow Ball|p2a: Cresselia\n|-supereffective|p2a: Cresselia\n|-crit|p2a: Cresselia\n|-damage|p2a: Cresselia|0 fnt\n|faint|p2a: Cresselia\n|move|p1b: KommUh-oh|Clangorous Soul|p1b: KommUh-oh\n|-boost|p1b: KommUh-oh|atk|1\n|-boost|p1b: KommUh-oh|def|1\n|-boost|p1b: KommUh-oh|spa|1\n|-boost|p1b: KommUh-oh|spd|1\n|-boost|p1b: KommUh-oh|spe|1\n|-damage|p1b: KommUh-oh|68\/100\n|-enditem|p1b: KommUh-oh|Throat Spray\n|-boost|p1b: KommUh-oh|spa|1|[from] item: Throat Spray\n|\n|-damage|p2b: Sinistcha|71\/100 brn|[from] brn\n|upkeep\n|-message|Chonzy2127 forfeited.\n|\n|win|Kondroid\n|raw|Kondroid's rating: 1187 &rarr; <strong>1211<\/strong><br \/>(+24 for winning)\n|raw|Chonzy2127's rating: 1168 &rarr; <strong>1144<\/strong><br \/>(-24 for losing)\n|l|\u2606Chonzy2127\n","uploadtime":1700507120,"views":6,"p1id":"kondroid","p2id":"chonzy2127","formatid":"gen9doublesou","rating":1144,"private":0,"password":""}