{"id":"gen9doublesou-1969518950","p1":"pigpig161","p2":"MMMuffin","format":"[Gen 9] Doubles OU","log":"|j|\u2606pigpig161\n|j|\u2606MMMuffin\n|t:|1697542725\n|gametype|doubles\n|player|p1|pigpig161|170|1466\n|player|p2|MMMuffin|cress|1404\n|teamsize|p1|6\n|teamsize|p2|6\n|gen|9\n|tier|[Gen 9] Doubles OU\n|rated|\n|rule|Species Clause: Limit one of each Pok\u00e9mon\n|rule|OHKO Clause: OHKO moves are banned\n|rule|Evasion Moves Clause: Evasion moves are banned\n|rule|Gravity Sleep Clause: The combination of sleep-inducing moves with imperfect accuracy and Gravity or Gigantamax Orbeetle are banned\n|rule|Endless Battle Clause: Forcing endless battles is banned\n|rule|HP Percentage Mod: HP is shown in percentages\n|clearpoke\n|poke|p1|Iron Hands|\n|poke|p1|Landorus-Therian, M|\n|poke|p1|Tornadus, M|\n|poke|p1|Cresselia, F|\n|poke|p1|Sandy Shocks|\n|poke|p1|Kingambit, M|\n|poke|p2|Maushold-Four|\n|poke|p2|Dudunsparce-*, F|\n|poke|p2|Goodra-Hisui, M|\n|poke|p2|Ogerpon, F|\n|poke|p2|Ursaluna-Bloodmoon, M|\n|poke|p2|Clefairy, M|\n|teampreview\n|inactive|Battle timer is ON: inactive players will automatically lose when time's up. (requested by MMMuffin)\n|\n|t:|1697542741\n|start\n|switch|p1a: Iron Hands|Iron Hands|100\/100\n|switch|p1b: Tornadus|Tornadus, M|100\/100\n|switch|p2a: Maushold|Maushold-Four|100\/100\n|switch|p2b: Dudunsparce|Dudunsparce-Three-Segment, F|100\/100\n|turn|1\n|\n|t:|1697542756\n|move|p2a: Maushold|Protect|p2a: Maushold\n|-singleturn|p2a: Maushold|Protect\n|move|p2b: Dudunsparce|Protect|p2b: Dudunsparce\n|-singleturn|p2b: Dudunsparce|Protect\n|move|p1a: Iron Hands|Fake Out|p2b: Dudunsparce\n|-activate|p2b: Dudunsparce|move: Protect\n|move|p1b: Tornadus|Bleakwind Storm|p2b: Dudunsparce|[spread] \n|-activate|p2a: Maushold|move: Protect\n|-activate|p2b: Dudunsparce|move: Protect\n|\n|upkeep\n|turn|2\n|\n|t:|1697542770\n|-terastallize|p2b: Dudunsparce|Psychic\n|move|p2a: Maushold|Beat Up|p2b: Dudunsparce\n|-supereffective|p2b: Dudunsparce\n|-damage|p2b: Dudunsparce|97\/100\n|-ability|p2b: Dudunsparce|Rattled|boost\n|-boost|p2b: Dudunsparce|spe|1\n|-enditem|p2b: Dudunsparce|Weakness Policy\n|-boost|p2b: Dudunsparce|atk|2|[from] item: Weakness Policy\n|-boost|p2b: Dudunsparce|spa|2|[from] item: Weakness Policy\n|-supereffective|p2b: Dudunsparce\n|-damage|p2b: Dudunsparce|94\/100\n|-ability|p2b: Dudunsparce|Rattled|boost\n|-boost|p2b: Dudunsparce|spe|1\n|-supereffective|p2b: Dudunsparce\n|-damage|p2b: Dudunsparce|91\/100\n|-ability|p2b: Dudunsparce|Rattled|boost\n|-boost|p2b: Dudunsparce|spe|1\n|-supereffective|p2b: Dudunsparce\n|-damage|p2b: Dudunsparce|87\/100\n|-ability|p2b: Dudunsparce|Rattled|boost\n|-boost|p2b: Dudunsparce|spe|1\n|-supereffective|p2b: Dudunsparce\n|-damage|p2b: Dudunsparce|84\/100\n|-ability|p2b: Dudunsparce|Rattled|boost\n|-boost|p2b: Dudunsparce|spe|1\n|-supereffective|p2b: Dudunsparce\n|-damage|p2b: Dudunsparce|81\/100\n|-ability|p2b: Dudunsparce|Rattled|boost\n|-boost|p2b: Dudunsparce|spe|1\n|-hitcount|p2b: Dudunsparce|6\n|move|p2b: Dudunsparce|Stored Power|p1a: Iron Hands\n|-supereffective|p1a: Iron Hands\n|-damage|p1a: Iron Hands|0 fnt\n|faint|p1a: Iron Hands\n|-end|p1a: Iron Hands|Quark Drive|[silent]\n|move|p1b: Tornadus|Bleakwind Storm|p2a: Maushold|[spread] p2a,p2b\n|-damage|p2a: Maushold|64\/100\n|-damage|p2b: Dudunsparce|56\/100\n|-unboost|p2b: Dudunsparce|spe|1\n|\n|upkeep\n|\n|t:|1697542789\n|switch|p1a: Kingambit|Kingambit, M, shiny|100\/100\n|turn|3\n|\n|t:|1697542808\n|move|p2a: Maushold|Follow Me|p2a: Maushold\n|-singleturn|p2a: Maushold|move: Follow Me\n|move|p1a: Kingambit|Sucker Punch||[still]\n|-fail|p1a: Kingambit\n|move|p2b: Dudunsparce|Stored Power|p1b: Tornadus\n|-crit|p1b: Tornadus\n|-damage|p1b: Tornadus|0 fnt\n|faint|p1b: Tornadus\n|\n|upkeep\n|\n|t:|1697542821\n|switch|p1b: Cresselia|Cresselia, F, shiny|100\/100\n|turn|4\n|\n|t:|1697542825\n|move|p2a: Maushold|Follow Me|p2a: Maushold\n|-singleturn|p2a: Maushold|move: Follow Me\n|move|p1a: Kingambit|Sucker Punch||[still]\n|-fail|p1a: Kingambit\n|move|p2b: Dudunsparce|Stored Power|p1b: Cresselia\n|-resisted|p1b: Cresselia\n|-damage|p1b: Cresselia|57\/100\n|move|p1b: Cresselia|Trick Room|p1b: Cresselia\n|-fieldstart|move: Trick Room|[of] p1b: Cresselia\n|\n|-heal|p1b: Cresselia|63\/100|[from] item: Leftovers\n|upkeep\n|turn|5\n|\n|t:|1697542838\n|move|p2a: Maushold|Follow Me|p2a: Maushold\n|-singleturn|p2a: Maushold|move: Follow Me\n|move|p1a: Kingambit|Sucker Punch||[still]\n|-fail|p1a: Kingambit\n|move|p1b: Cresselia|Psychic|p2a: Maushold\n|-damage|p2a: Maushold|35\/100\n|move|p2b: Dudunsparce|Shadow Ball|p1b: Cresselia\n|-supereffective|p1b: Cresselia\n|-damage|p1b: Cresselia|16\/100\n|\n|-heal|p1b: Cresselia|22\/100|[from] item: Leftovers\n|upkeep\n|turn|6\n|\n|t:|1697542856\n|move|p2a: Maushold|Follow Me|p2a: Maushold\n|-singleturn|p2a: Maushold|move: Follow Me\n|move|p1a: Kingambit|Sucker Punch||[still]\n|-fail|p1a: Kingambit\n|move|p1b: Cresselia|Psychic|p2a: Maushold\n|-damage|p2a: Maushold|6\/100\n|move|p2b: Dudunsparce|Shadow Ball|p1b: Cresselia\n|-supereffective|p1b: Cresselia\n|-damage|p1b: Cresselia|0 fnt\n|faint|p1b: Cresselia\n|\n|upkeep\n|\n|t:|1697542864\n|switch|p1b: Sandy Shocks|Sandy Shocks|100\/100\n|turn|7\n|\n|t:|1697542877\n|-terastallize|p1b: Sandy Shocks|Psychic\n|move|p2a: Maushold|Follow Me|p2a: Maushold\n|-singleturn|p2a: Maushold|move: Follow Me\n|move|p1a: Kingambit|Sucker Punch||[still]\n|-fail|p1a: Kingambit\n|move|p1b: Sandy Shocks|Earth Power|p2a: Maushold\n|-damage|p2a: Maushold|0 fnt\n|faint|p2a: Maushold\n|move|p2b: Dudunsparce|Stored Power|p1b: Sandy Shocks\n|-resisted|p1b: Sandy Shocks\n|-damage|p1b: Sandy Shocks|0 fnt\n|faint|p1b: Sandy Shocks\n|-end|p1b: Sandy Shocks|Protosynthesis|[silent]\n|\n|upkeep\n|\n|t:|1697542890\n|switch|p1b: Landorus|Landorus-Therian, M|100\/100\n|switch|p2a: Clefairy|Clefairy, M|100\/100\n|-ability|p1b: Landorus|Intimidate|boost\n|-unboost|p2a: Clefairy|atk|1\n|-unboost|p2b: Dudunsparce|atk|1\n|-ability|p2b: Dudunsparce|Rattled|boost\n|-boost|p2b: Dudunsparce|spe|1\n|turn|8\n|n|!pigpig161|pigpig161\n|\n|t:|1697542909\n|move|p2a: Clefairy|Follow Me|p2a: Clefairy\n|-singleturn|p2a: Clefairy|move: Follow Me\n|move|p1a: Kingambit|Sucker Punch||[still]\n|-fail|p1a: Kingambit\n|move|p1b: Landorus|Stone Edge|p2a: Clefairy\n|-damage|p2a: Clefairy|59\/100\n|move|p2b: Dudunsparce|Stored Power|p1b: Landorus\n|-damage|p1b: Landorus|0 fnt\n|faint|p1b: Landorus\n|\n|-fieldend|move: Trick Room\n|upkeep\n|turn|9\n|-message|pigpig161 forfeited.\n|\n|win|MMMuffin\n|raw|pigpig161's rating: 1466 &rarr; <strong>1442<\/strong><br \/>(-24 for losing)\n|raw|MMMuffin's rating: 1404 &rarr; <strong>1428<\/strong><br \/>(+24 for winning)\n|l|!pigpig161\n","uploadtime":1697542902,"views":14,"p1id":"pigpig161","p2id":"mmmuffin","formatid":"gen9doublesou","rating":1428,"private":0,"password":""}