{"id":"gen9doublesou-1971905619","p1":"Zerozeroinfinity","p2":"ncoof","format":"[Gen 9] Doubles OU","log":"|j|\u2606Zerozeroinfinity\n|j|\u2606ncoof\n|t:|1697790075\n|gametype|doubles\n|player|p1|Zerozeroinfinity|265|1040\n|player|p2|ncoof|jupiter|1118\n|teamsize|p1|6\n|teamsize|p2|6\n|gen|9\n|tier|[Gen 9] Doubles OU\n|rated|\n|rule|Species Clause: Limit one of each Pok\u00e9mon\n|rule|OHKO Clause: OHKO moves are banned\n|rule|Evasion Moves Clause: Evasion moves are banned\n|rule|Gravity Sleep Clause: The combination of sleep-inducing moves with imperfect accuracy and Gravity or Gigantamax Orbeetle are banned\n|rule|Endless Battle Clause: Forcing endless battles is banned\n|rule|HP Percentage Mod: HP is shown in percentages\n|clearpoke\n|poke|p1|Ninetales, F|\n|poke|p1|Victreebel, M|\n|poke|p1|Walking Wake|\n|poke|p1|Roaring Moon|\n|poke|p1|Tropius, F|\n|poke|p1|Trevenant, M|\n|poke|p2|Sunflora, M|\n|poke|p2|Flutter Mane|\n|poke|p2|Torkoal, F|\n|poke|p2|Grimmsnarl, M|\n|poke|p2|Indeedee-F, F|\n|poke|p2|Dragapult, F|\n|teampreview\n|\n|t:|1697790086\n|start\n|switch|p1a: Trevenant|Trevenant, M|100\/100\n|switch|p1b: Roaring Moon|Roaring Moon|100\/100\n|switch|p2a: Torkoal|Torkoal, F|100\/100\n|switch|p2b: Sunflora|Sunflora, M|100\/100\n|-weather|SunnyDay|[from] ability: Drought|[of] p2a: Torkoal\n|-activate|p1b: Roaring Moon|ability: Protosynthesis\n|-start|p1b: Roaring Moon|protosynthesisatk\n|turn|1\n|inactive|Battle timer is ON: inactive players will automatically lose when time's up. (requested by ncoof)\n|\n|t:|1697790107\n|move|p1a: Trevenant|Protect|p1a: Trevenant\n|-singleturn|p1a: Trevenant|Protect\n|move|p1b: Roaring Moon|Acrobatics|p2b: Sunflora\n|-supereffective|p2b: Sunflora\n|-damage|p2b: Sunflora|15\/100\n|move|p2b: Sunflora|Dazzling Gleam|p1b: Roaring Moon|[spread] p1b\n|-activate|p1a: Trevenant|move: Protect\n|-supereffective|p1b: Roaring Moon\n|-damage|p1b: Roaring Moon|45\/100\n|-enditem|p1b: Roaring Moon|Sitrus Berry|[eat]\n|-heal|p1b: Roaring Moon|69\/100|[from] item: Sitrus Berry\n|move|p2a: Torkoal|Yawn|p1b: Roaring Moon\n|-start|p1b: Roaring Moon|move: Yawn|[of] p2a: Torkoal\n|\n|-weather|SunnyDay|[upkeep]\n|-heal|p2b: Sunflora|21\/100|[from] item: Leftovers\n|upkeep\n|turn|2\n|\n|t:|1697790136\n|-end|p1b: Roaring Moon|Protosynthesis|[silent]\n|switch|p1b: Walking Wake|Walking Wake|100\/100\n|-activate|p1b: Walking Wake|ability: Protosynthesis\n|-start|p1b: Walking Wake|protosynthesisspa\n|switch|p2b: Grimmsnarl|Grimmsnarl, M, shiny|100\/100\n|move|p1a: Trevenant|Shadow Claw|p2b: Grimmsnarl\n|-resisted|p2b: Grimmsnarl\n|-damage|p2b: Grimmsnarl|86\/100\n|move|p2a: Torkoal|Lava Plume|p1a: Trevenant|[spread] p2b,p1a,p1b\n|-supereffective|p1a: Trevenant\n|-resisted|p1b: Walking Wake\n|-damage|p2b: Grimmsnarl|57\/100\n|-damage|p1a: Trevenant|60\/100\n|-damage|p1b: Walking Wake|93\/100\n|-status|p2b: Grimmsnarl|brn\n|-status|p1b: Walking Wake|brn\n|\n|-weather|SunnyDay|[upkeep]\n|-damage|p1b: Walking Wake|87\/100 brn|[from] brn\n|-damage|p2b: Grimmsnarl|51\/100 brn|[from] brn\n|upkeep\n|turn|3\n|\n|t:|1697790162\n|move|p2b: Grimmsnarl|Light Screen|p2b: Grimmsnarl\n|-sidestart|p2: ncoof|move: Light Screen\n|move|p1b: Walking Wake|Hydro Steam|p2a: Torkoal\n|-supereffective|p2a: Torkoal\n|-damage|p2a: Torkoal|0 fnt\n|faint|p2a: Torkoal\n|move|p1a: Trevenant|Drain Punch|p2b: Grimmsnarl\n|-damage|p2b: Grimmsnarl|28\/100 brn\n|-heal|p1a: Trevenant|72\/100|[from] drain|[of] p2b: Grimmsnarl\n|\n|-weather|SunnyDay|[upkeep]\n|-damage|p1b: Walking Wake|80\/100 brn|[from] brn\n|-damage|p2b: Grimmsnarl|22\/100 brn|[from] brn\n|upkeep\n|inactive|ncoof has 120 seconds left.\n|\n|t:|1697790174\n|switch|p2a: Dragapult|Dragapult, F|100\/100\n|turn|4\n|\n|t:|1697790195\n|-end|p1b: Walking Wake|Protosynthesis|[silent]\n|switch|p1b: Tropius|Tropius, F|100\/100\n|move|p2a: Dragapult|U-turn|p1a: Trevenant\n|-damage|p1a: Trevenant|41\/100\n|-enditem|p1a: Trevenant|Sitrus Berry|[eat]\n|-heal|p1a: Trevenant|66\/100|[from] item: Sitrus Berry\n|\n|t:|1697790207\n|switch|p2a: Flutter Mane|Flutter Mane|100\/100|[from] U-turn\n|-activate|p2a: Flutter Mane|ability: Protosynthesis\n|-start|p2a: Flutter Mane|protosynthesisspe\n|move|p2b: Grimmsnarl|Dazzling Gleam|p1a: Trevenant|[spread] p1a,p1b\n|-crit|p1a: Trevenant\n|-damage|p1a: Trevenant|33\/100\n|-damage|p1b: Tropius|72\/100\n|move|p1a: Trevenant|Shadow Claw|p2a: Flutter Mane\n|-supereffective|p2a: Flutter Mane\n|-damage|p2a: Flutter Mane|0 fnt\n|faint|p2a: Flutter Mane\n|-end|p2a: Flutter Mane|Protosynthesis|[silent]\n|\n|-weather|SunnyDay|[upkeep]\n|-damage|p1b: Tropius|59\/100|[from] ability: Solar Power|[of] p1b: Tropius\n|-damage|p2b: Grimmsnarl|16\/100 brn|[from] brn\n|-item|p1a: Trevenant|Sitrus Berry|[from] ability: Harvest\n|upkeep\n|-enditem|p1a: Trevenant|Sitrus Berry|[eat]\n|-heal|p1a: Trevenant|58\/100|[from] item: Sitrus Berry\n|inactive|ncoof has 120 seconds left.\n|\n|t:|1697790227\n|switch|p2a: Dragapult|Dragapult, F|100\/100\n|turn|5\n|\n|t:|1697790251\n|move|p1a: Trevenant|Protect|p1a: Trevenant\n|-singleturn|p1a: Trevenant|Protect\n|move|p2a: Dragapult|Phantom Force||[still]\n|-prepare|p2a: Dragapult|Phantom Force\n|move|p1b: Tropius|Solar Beam||[still]\n|-prepare|p1b: Tropius|Solar Beam\n|-anim|p1b: Tropius|Solar Beam|p2b: Grimmsnarl\n|-damage|p2b: Grimmsnarl|0 fnt\n|faint|p2b: Grimmsnarl\n|-heal|p1b: Tropius|62\/100|[from] item: Shell Bell|[of] p2: Grimmsnarl\n|\n|-weather|none\n|-status|p2a: Dragapult|tox|[from] item: Toxic Orb\n|upkeep\n|\n|t:|1697790262\n|switch|p2b: Indeedee|Indeedee-F, F|100\/100\n|turn|6\n|\n|t:|1697790284\n|switch|p1a: Ninetales|Ninetales, F|100\/100\n|-weather|SunnyDay|[from] ability: Drought|[of] p1a: Ninetales\n|move|p2a: Dragapult|Phantom Force|p1a: Ninetales|[from]lockedmove\n|-damage|p1a: Ninetales|25\/100\n|move|p1b: Tropius|Solar Beam||[still]\n|-prepare|p1b: Tropius|Solar Beam\n|-anim|p1b: Tropius|Solar Beam|p2b: Indeedee\n|-damage|p2b: Indeedee|71\/100\n|-heal|p1b: Tropius|65\/100|[from] item: Shell Bell|[of] p2b: Indeedee\n|move|p2b: Indeedee|Draining Kiss|p1b: Tropius\n|-damage|p1b: Tropius|52\/100\n|-heal|p2b: Indeedee|80\/100|[from] drain|[of] p1b: Tropius\n|\n|-weather|SunnyDay|[upkeep]\n|-damage|p1b: Tropius|40\/100|[from] ability: Solar Power|[of] p1b: Tropius\n|-heal|p2b: Indeedee|86\/100|[from] item: Leftovers\n|-damage|p2a: Dragapult|95\/100 tox|[from] psn\n|upkeep\n|turn|7\n|inactive|Zerozeroinfinity has 120 seconds left.\n|\n|t:|1697790317\n|move|p2a: Dragapult|Facade|p1b: Tropius\n|-damage|p1b: Tropius|0 fnt\n|faint|p1b: Tropius\n|move|p1a: Ninetales|Hex|p2a: Dragapult\n|-supereffective|p2a: Dragapult\n|-damage|p2a: Dragapult|36\/100 tox\n|move|p2b: Indeedee|Trick Room|p2b: Indeedee\n|-fieldstart|move: Trick Room|[of] p2b: Indeedee\n|\n|-weather|SunnyDay|[upkeep]\n|-heal|p2b: Indeedee|92\/100|[from] item: Leftovers\n|-damage|p2a: Dragapult|24\/100 tox|[from] psn\n|-sideend|p2: ncoof|move: Light Screen\n|upkeep\n|inactive|Zerozeroinfinity has 120 seconds left.\n|\n|t:|1697790332\n|switch|p1b: Trevenant|Trevenant, M|58\/100\n|turn|8\n|\n|t:|1697790353\n|move|p1b: Trevenant|Will-O-Wisp|p2b: Indeedee\n|-status|p2b: Indeedee|brn\n|-activate|p2b: Indeedee|ability: Synchronize\n|-status|p1b: Trevenant|brn\n|move|p2b: Indeedee|Draining Kiss|p1b: Trevenant\n|-damage|p1b: Trevenant|49\/100 brn\n|-heal|p2b: Indeedee|99\/100 brn|[from] drain|[of] p1b: Trevenant\n|move|p1a: Ninetales|Hex|p2a: Dragapult\n|-supereffective|p2a: Dragapult\n|-damage|p2a: Dragapult|0 fnt\n|faint|p2a: Dragapult\n|\n|-weather|SunnyDay|[upkeep]\n|-heal|p2b: Indeedee|100\/100 brn|[from] item: Leftovers\n|-damage|p1b: Trevenant|43\/100 brn|[from] brn\n|-damage|p2b: Indeedee|94\/100 brn|[from] brn\n|-item|p1b: Trevenant|Sitrus Berry|[from] ability: Harvest\n|upkeep\n|-enditem|p1b: Trevenant|Sitrus Berry|[eat]\n|-heal|p1b: Trevenant|68\/100 brn|[from] item: Sitrus Berry\n|inactive|ncoof has 120 seconds left.\n|\n|t:|1697790371\n|switch|p2a: Sunflora|Sunflora, M|21\/100\n|turn|9\n|\n|t:|1697790392\n|-terastallize|p2a: Sunflora|Fairy\n|move|p1b: Trevenant|Drain Punch|p2a: Sunflora\n|-resisted|p2a: Sunflora\n|-damage|p2a: Sunflora|14\/100\n|-heal|p1b: Trevenant|72\/100 brn|[from] drain|[of] p2a: Sunflora\n|move|p2b: Indeedee|Heal Pulse|p2a: Sunflora\n|-heal|p2a: Sunflora|64\/100\n|move|p1a: Ninetales|Flamethrower|p2b: Indeedee\n|-damage|p2b: Indeedee|55\/100 brn\n|move|p2a: Sunflora|Dazzling Gleam|p1b: Trevenant|[spread] p1a,p1b\n|-resisted|p1a: Ninetales\n|-damage|p1a: Ninetales|17\/100\n|-damage|p1b: Trevenant|56\/100 brn\n|\n|-weather|SunnyDay|[upkeep]\n|-heal|p2b: Indeedee|61\/100 brn|[from] item: Leftovers\n|-heal|p2a: Sunflora|70\/100|[from] item: Leftovers\n|-damage|p1b: Trevenant|50\/100 brn|[from] brn\n|-damage|p2b: Indeedee|55\/100 brn|[from] brn\n|-item|p1b: Trevenant|Sitrus Berry|[from] ability: Harvest\n|upkeep\n|-enditem|p1b: Trevenant|Sitrus Berry|[eat]\n|-heal|p1b: Trevenant|75\/100 brn|[from] item: Sitrus Berry\n|turn|10\n|inactive|ncoof has 120 seconds left.\n|\n|t:|1697790429\n|move|p1b: Trevenant|Will-O-Wisp|p2a: Sunflora\n|-status|p2a: Sunflora|brn\n|move|p2b: Indeedee|Draining Kiss|p1b: Trevenant\n|-damage|p1b: Trevenant|67\/100 brn\n|-heal|p2b: Indeedee|62\/100 brn|[from] drain|[of] p1b: Trevenant\n|move|p1a: Ninetales|Hex|p2a: Sunflora\n|-damage|p2a: Sunflora|34\/100 brn\n|move|p2a: Sunflora|Dazzling Gleam|p1a: Ninetales|[spread] p1a,p1b\n|-resisted|p1a: Ninetales\n|-damage|p1a: Ninetales|9\/100\n|-damage|p1b: Trevenant|49\/100 brn\n|\n|-weather|none\n|-heal|p2b: Indeedee|68\/100 brn|[from] item: Leftovers\n|-heal|p2a: Sunflora|40\/100 brn|[from] item: Leftovers\n|-damage|p1b: Trevenant|43\/100 brn|[from] brn\n|-damage|p2b: Indeedee|62\/100 brn|[from] brn\n|-damage|p2a: Sunflora|34\/100 brn|[from] brn\n|upkeep\n|turn|11\n|inactive|ncoof has 120 seconds left.\n|inactive|Zerozeroinfinity has 120 seconds left.\n|\n|t:|1697790461\n|switch|p1a: Victreebel|Victreebel, M|100\/100\n|move|p1b: Trevenant|Shadow Claw|p2a: Sunflora\n|-crit|p2a: Sunflora\n|-damage|p2a: Sunflora|2\/100 brn\n|move|p2a: Sunflora|Dazzling Gleam|p1a: Victreebel|[spread] p1a,p1b\n|-resisted|p1a: Victreebel\n|-damage|p1a: Victreebel|85\/100\n|-damage|p1b: Trevenant|26\/100 brn\n|move|p2b: Indeedee|Heal Pulse|p2a: Sunflora\n|-heal|p2a: Sunflora|52\/100 brn\n|\n|-heal|p2a: Sunflora|59\/100 brn|[from] item: Leftovers\n|-heal|p2b: Indeedee|68\/100 brn|[from] item: Leftovers\n|-damage|p1b: Trevenant|20\/100 brn|[from] brn\n|-damage|p2a: Sunflora|52\/100 brn|[from] brn\n|-damage|p2b: Indeedee|62\/100 brn|[from] brn\n|-fieldend|move: Trick Room\n|-item|p1b: Trevenant|Sitrus Berry|[from] ability: Harvest\n|upkeep\n|-enditem|p1b: Trevenant|Sitrus Berry|[eat]\n|-heal|p1b: Trevenant|45\/100 brn|[from] item: Sitrus Berry\n|turn|12\n|inactive|Zerozeroinfinity has 120 seconds left.\n|inactive|ncoof has 120 seconds left.\n|\n|t:|1697790497\n|move|p1b: Trevenant|Protect|p1b: Trevenant\n|-singleturn|p1b: Trevenant|Protect\n|move|p1a: Victreebel|Knock Off|p2b: Indeedee\n|-supereffective|p2b: Indeedee\n|-damage|p2b: Indeedee|0 fnt\n|-enditem|p2b: Indeedee|Leftovers|[from] move: Knock Off|[of] p1a: Victreebel\n|faint|p2b: Indeedee\n|-heal|p1a: Victreebel|93\/100|[from] item: Shell Bell|[of] p2: Indeedee\n|move|p2a: Sunflora|Leaf Storm|p1b: Trevenant\n|-activate|p1b: Trevenant|move: Protect\n|\n|-heal|p2a: Sunflora|59\/100 brn|[from] item: Leftovers\n|-damage|p2a: Sunflora|52\/100 brn|[from] brn\n|-damage|p1b: Trevenant|39\/100 brn|[from] brn\n|-item|p1b: Trevenant|Sitrus Berry|[from] ability: Harvest\n|upkeep\n|-enditem|p1b: Trevenant|Sitrus Berry|[eat]\n|-heal|p1b: Trevenant|64\/100 brn|[from] item: Sitrus Berry\n|turn|13\n|inactive|Zerozeroinfinity has 120 seconds left.\n|\n|t:|1697790519\n|move|p1a: Victreebel|Leaf Blade|p2a: Sunflora\n|-damage|p2a: Sunflora|0 fnt\n|faint|p2a: Sunflora\n|-heal|p1a: Victreebel|100\/100|[from] item: Shell Bell|[of] p2: Sunflora\n|\n|win|Zerozeroinfinity\n|raw|Zerozeroinfinity's rating: 1040 &rarr; <strong>1082<\/strong><br \/>(+42 for winning)\n|raw|ncoof's rating: 1118 &rarr; <strong>1087<\/strong><br \/>(-31 for losing)\n|l|\u2606ncoof\n|c|\u2606Zerozeroinfinity|Gg\n","uploadtime":1697790544,"views":28,"p1id":"zerozeroinfinity","p2id":"ncoof","formatid":"gen9doublesou","rating":1082,"private":0,"password":""}