{"id":"gen9doublesou-1971955544","p1":"inertialinitiative","p2":"Spitfire arcanine","format":"[Gen 9] Doubles OU","log":"|j|\u2606inertialinitiative\n|j|\u2606Spitfire arcanine\n|inactive|Battle timer is ON: inactive players will automatically lose when time's up.\n|t:|1697797383\n|gametype|doubles\n|player|p1|inertialinitiative|pokemonranger-gen4|\n|player|p2|Spitfire arcanine|#uplximelmetal|\n|teamsize|p1|6\n|teamsize|p2|6\n|gen|9\n|tier|[Gen 9] Doubles OU\n|rated|Tournament battle\n|rule|Species Clause: Limit one of each Pok\u00e9mon\n|rule|OHKO Clause: OHKO moves are banned\n|rule|Evasion Moves Clause: Evasion moves are banned\n|rule|Gravity Sleep Clause: The combination of sleep-inducing moves with imperfect accuracy and Gravity or Gigantamax Orbeetle are banned\n|rule|Endless Battle Clause: Forcing endless battles is banned\n|rule|HP Percentage Mod: HP is shown in percentages\n|clearpoke\n|poke|p1|Ninetales-Alola, F|\n|poke|p1|Sandslash-Alola, M|\n|poke|p1|Ogerpon-Hearthflame, F|\n|poke|p1|Tornadus, M|\n|poke|p1|Gholdengo|\n|poke|p1|Ursaluna-Bloodmoon, M|\n|poke|p2|Ogerpon-Wellspring, F|\n|poke|p2|Gholdengo|\n|poke|p2|Chien-Pao|\n|poke|p2|Iron Hands|\n|poke|p2|Dragonite, M|\n|poke|p2|Glimmora, F|\n|teampreview\n|j|*Lady Monita \u263d\n|inactive|inertialinitiative has 120 seconds left.\n|\n|t:|1697797419\n|start\n|switch|p1a: Ninetales|Ninetales-Alola, F|100\/100\n|switch|p1b: Sandslash|Sandslash-Alola, M|100\/100\n|switch|p2a: Glimmora|Glimmora, F|100\/100\n|switch|p2b: Iron Hands|Iron Hands|100\/100\n|-weather|Snow|[from] ability: Snow Warning|[of] p1a: Ninetales\n|turn|1\n|\n|t:|1697797431\n|switch|p1b: Gholdengo|Gholdengo|100\/100\n|move|p1a: Ninetales|Protect|p1a: Ninetales\n|-singleturn|p1a: Ninetales|Protect\n|move|p2b: Iron Hands|Fake Out|p1b: Gholdengo\n|-immune|p1b: Gholdengo\n|move|p2a: Glimmora|Sludge Bomb|p1a: Ninetales\n|-activate|p1a: Ninetales|move: Protect\n|\n|-weather|Snow|[upkeep]\n|upkeep\n|turn|2\n|\n|t:|1697797455\n|switch|p2a: Ogerpon|Ogerpon-Wellspring, F|100\/100\n|move|p1a: Ninetales|Aurora Veil|p1a: Ninetales\n|-sidestart|p1: inertialinitiative|move: Aurora Veil\n|move|p1b: Gholdengo|Nasty Plot|p1b: Gholdengo\n|-boost|p1b: Gholdengo|spa|2\n|move|p2b: Iron Hands|Wild Charge|p1b: Gholdengo\n|-damage|p1b: Gholdengo|70\/100\n|-damage|p2b: Iron Hands|94\/100|[from] Recoil\n|\n|-weather|Snow|[upkeep]\n|-heal|p1b: Gholdengo|76\/100|[from] item: Leftovers\n|upkeep\n|turn|3\n|\n|t:|1697797480\n|move|p2a: Ogerpon|Spiky Shield|p2a: Ogerpon\n|-singleturn|p2a: Ogerpon|move: Protect\n|move|p1a: Ninetales|Moonblast|p2b: Iron Hands\n|-supereffective|p2b: Iron Hands\n|-damage|p2b: Iron Hands|57\/100\n|move|p1b: Gholdengo|Shadow Ball|p2a: Ogerpon\n|-activate|p2a: Ogerpon|move: Protect\n|move|p2b: Iron Hands|Wild Charge|p1b: Gholdengo\n|-crit|p1b: Gholdengo\n|-damage|p1b: Gholdengo|9\/100\n|-damage|p2b: Iron Hands|44\/100|[from] Recoil\n|\n|-weather|Snow|[upkeep]\n|-heal|p1b: Gholdengo|16\/100|[from] item: Leftovers\n|upkeep\n|turn|4\n|\n|t:|1697797499\n|-end|p2b: Iron Hands|Quark Drive|[silent]\n|switch|p2b: Glimmora|Glimmora, F|100\/100\n|move|p1b: Gholdengo|Protect|p1b: Gholdengo\n|-singleturn|p1b: Gholdengo|Protect\n|move|p1a: Ninetales|Moonblast|p2b: Glimmora\n|-resisted|p2b: Glimmora\n|-damage|p2b: Glimmora|78\/100\n|-unboost|p2b: Glimmora|spa|1\n|move|p2a: Ogerpon|Ivy Cudgel|p1b: Gholdengo\n|-activate|p1b: Gholdengo|move: Protect\n|\n|-weather|Snow|[upkeep]\n|-heal|p1b: Gholdengo|22\/100|[from] item: Leftovers\n|upkeep\n|turn|5\n|\n|t:|1697797526\n|switch|p1b: Tornadus|Tornadus, M|100\/100\n|move|p1a: Ninetales|Protect|p1a: Ninetales\n|-singleturn|p1a: Ninetales|Protect\n|move|p2b: Glimmora|Sludge Bomb|p1a: Ninetales\n|-activate|p1a: Ninetales|move: Protect\n|move|p2a: Ogerpon|Ivy Cudgel|p1b: Tornadus\n|-crit|p1b: Tornadus\n|-damage|p1b: Tornadus|0 fnt\n|faint|p1b: Tornadus\n|\n|-weather|none\n|upkeep\n|inactive|inertialinitiative has 120 seconds left.\n|\n|t:|1697797537\n|switch|p1b: Gholdengo|Gholdengo|22\/100\n|turn|6\n|\n|t:|1697797549\n|switch|p1a: Sandslash|Sandslash-Alola, M|100\/100\n|move|p2b: Glimmora|Sludge Bomb|p1a: Sandslash\n|-immune|p1a: Sandslash\n|move|p2a: Ogerpon|Ivy Cudgel|p1b: Gholdengo\n|-damage|p1b: Gholdengo|0 fnt\n|faint|p1b: Gholdengo\n|\n|upkeep\n|\n|t:|1697797553\n|switch|p1b: Ninetales|Ninetales-Alola, F|100\/100\n|-weather|Snow|[from] ability: Snow Warning|[of] p1b: Ninetales\n|turn|7\n|\n|t:|1697797574\n|move|p1a: Sandslash|Earthquake|p2b: Glimmora|[spread] p1b,p2a,p2b\n|-resisted|p2a: Ogerpon\n|-crit|p2a: Ogerpon\n|-supereffective|p2b: Glimmora\n|-damage|p1b: Ninetales|81\/100\n|-damage|p2a: Ogerpon|77\/100\n|-damage|p2b: Glimmora|0 fnt\n|-activate|p2b: Glimmora|ability: Toxic Debris\n|-sidestart|p1: inertialinitiative|move: Toxic Spikes\n|faint|p2b: Glimmora\n|-damage|p1a: Sandslash|91\/100|[from] item: Life Orb\n|move|p1b: Ninetales|Blizzard|p2a: Ogerpon\n|-damage|p2a: Ogerpon|39\/100\n|move|p2a: Ogerpon|Ivy Cudgel|p1b: Ninetales\n|-damage|p1b: Ninetales|45\/100\n|\n|-weather|Snow|[upkeep]\n|upkeep\n|\n|t:|1697797594\n|switch|p2b: Chien-Pao|Chien-Pao|100\/100\n|-ability|p2b: Chien-Pao|Sword of Ruin\n|turn|8\n|\n|t:|1697797604\n|move|p2b: Chien-Pao|Protect|p2b: Chien-Pao\n|-singleturn|p2b: Chien-Pao|Protect\n|move|p1b: Ninetales|Protect|p1b: Ninetales\n|-singleturn|p1b: Ninetales|Protect\n|move|p1a: Sandslash|Iron Head|p2b: Chien-Pao\n|-activate|p2b: Chien-Pao|move: Protect\n|move|p2a: Ogerpon|Ivy Cudgel|p1b: Ninetales\n|-activate|p1b: Ninetales|move: Protect\n|\n|-weather|Snow|[upkeep]\n|upkeep\n|turn|9\n|\n|t:|1697797619\n|switch|p2b: Iron Hands|Iron Hands|44\/100\n|move|p1a: Sandslash|Iron Head|p2b: Iron Hands\n|-resisted|p2b: Iron Hands\n|-damage|p2b: Iron Hands|28\/100\n|-damage|p1a: Sandslash|81\/100|[from] item: Life Orb\n|move|p1b: Ninetales|Blizzard|p2a: Ogerpon|[spread] p2a,p2b\n|-damage|p2a: Ogerpon|13\/100\n|-damage|p2b: Iron Hands|13\/100\n|move|p2a: Ogerpon|Ivy Cudgel|p1b: Ninetales\n|-damage|p1b: Ninetales|10\/100\n|\n|-weather|Snow|[upkeep]\n|-sideend|p1: inertialinitiative|move: Aurora Veil\n|upkeep\n|turn|10\n|\n|t:|1697797633\n|switch|p2a: Chien-Pao|Chien-Pao|100\/100\n|-ability|p2a: Chien-Pao|Sword of Ruin\n|move|p1b: Ninetales|Protect|p1b: Ninetales\n|-singleturn|p1b: Ninetales|Protect\n|move|p2b: Iron Hands|Fake Out|p1a: Sandslash\n|-resisted|p1a: Sandslash\n|-crit|p1a: Sandslash\n|-damage|p1a: Sandslash|70\/100\n|cant|p1a: Sandslash|flinch\n|\n|-weather|Snow|[upkeep]\n|upkeep\n|turn|11\n|\n|t:|1697797654\n|-end|p2b: Iron Hands|Quark Drive|[silent]\n|switch|p2b: Ogerpon|Ogerpon-Wellspring, F|13\/100\n|move|p2a: Chien-Pao|Protect|p2a: Chien-Pao\n|-singleturn|p2a: Chien-Pao|Protect\n|move|p1a: Sandslash|Iron Head|p2a: Chien-Pao\n|-activate|p2a: Chien-Pao|move: Protect\n|move|p1b: Ninetales|Moonblast|p2b: Ogerpon\n|-damage|p2b: Ogerpon|0 fnt\n|faint|p2b: Ogerpon\n|\n|-weather|none\n|upkeep\n|\n|t:|1697797665\n|switch|p2b: Iron Hands|Iron Hands|13\/100\n|turn|12\n|\n|t:|1697797674\n|switch|p1b: Ogerpon|Ogerpon-Hearthflame, F|100\/100\n|-status|p1b: Ogerpon|psn\n|-ability|p1b: Ogerpon|Mold Breaker\n|move|p1a: Sandslash|Protect|p1a: Sandslash\n|-singleturn|p1a: Sandslash|Protect\n|move|p2b: Iron Hands|Fake Out|p1b: Ogerpon\n|-damage|p1b: Ogerpon|76\/100 psn\n|move|p2a: Chien-Pao|Sacred Sword|p1a: Sandslash\n|-activate|p1a: Sandslash|move: Protect\n|\n|-damage|p1b: Ogerpon|64\/100 psn|[from] psn\n|upkeep\n|turn|13\n|inactive|inertialinitiative has 120 seconds left.\n|\n|t:|1697797710\n|move|p1b: Ogerpon|Follow Me|p1b: Ogerpon\n|-singleturn|p1b: Ogerpon|move: Follow Me\n|move|p2a: Chien-Pao|Ice Spinner|p1b: Ogerpon\n|-damage|p1b: Ogerpon|0 fnt\n|faint|p1b: Ogerpon\n|move|p1a: Sandslash|Earthquake|p2a: Chien-Pao|[spread] p2a,p2b\n|-supereffective|p2b: Iron Hands\n|-damage|p2a: Chien-Pao|59\/100\n|-damage|p2b: Iron Hands|0 fnt\n|faint|p2b: Iron Hands\n|-end|p2b: Iron Hands|Quark Drive|[silent]\n|-damage|p1a: Sandslash|60\/100|[from] item: Life Orb\n|\n|upkeep\n|\n|t:|1697797719\n|switch|p1b: Ninetales|Ninetales-Alola, F|10\/100\n|switch|p2b: Dragonite|Dragonite, M|100\/100\n|-status|p1b: Ninetales|psn\n|-weather|Snow|[from] ability: Snow Warning|[of] p1b: Ninetales\n|turn|14\n|\n|t:|1697797732\n|move|p2b: Dragonite|Extreme Speed|p1b: Ninetales\n|-damage|p1b: Ninetales|0 fnt\n|faint|p1b: Ninetales\n|move|p2a: Chien-Pao|Sucker Punch|p1a: Sandslash\n|-damage|p1a: Sandslash|31\/100\n|move|p1a: Sandslash|Iron Head|p2a: Chien-Pao\n|-supereffective|p2a: Chien-Pao\n|-damage|p2a: Chien-Pao|0 fnt\n|faint|p2a: Chien-Pao\n|-damage|p1a: Sandslash|21\/100|[from] item: Life Orb\n|\n|-weather|Snow|[upkeep]\n|upkeep\n|\n|t:|1697797739\n|switch|p2a: Gholdengo|Gholdengo|100\/100\n|switch|p1b: Ursaluna|Ursaluna-Bloodmoon, M|100\/100\n|-status|p1b: Ursaluna|psn\n|turn|15\n|\n|t:|1697797765\n|-terastallize|p1a: Sandslash|Ghost\n|-terastallize|p2b: Dragonite|Normal\n|move|p1b: Ursaluna|Protect|p1b: Ursaluna\n|-singleturn|p1b: Ursaluna|Protect\n|move|p2b: Dragonite|Extreme Speed|p1b: Ursaluna\n|-activate|p1b: Ursaluna|move: Protect\n|move|p1a: Sandslash|Earthquake|p2b: Dragonite|[spread] p2a,p2b\n|-activate|p1b: Ursaluna|move: Protect\n|-supereffective|p2a: Gholdengo\n|-damage|p2a: Gholdengo|39\/100\n|-damage|p2b: Dragonite|74\/100\n|-enditem|p2a: Gholdengo|Sitrus Berry|[eat]\n|-heal|p2a: Gholdengo|63\/100|[from] item: Sitrus Berry\n|-damage|p1a: Sandslash|11\/100|[from] item: Life Orb\n|move|p2a: Gholdengo|Make It Rain|p1a: Sandslash|[spread] p1a\n|-activate|p1b: Ursaluna|move: Protect\n|-damage|p1a: Sandslash|0 fnt\n|-unboost|p2a: Gholdengo|spa|1\n|faint|p1a: Sandslash\n|\n|-weather|Snow|[upkeep]\n|-damage|p1b: Ursaluna|88\/100 psn|[from] psn\n|upkeep\n|turn|16\n|\n|t:|1697797785\n|move|p2b: Dragonite|Extreme Speed|p1b: Ursaluna\n|-damage|p1b: Ursaluna|51\/100 psn\n|move|p2a: Gholdengo|Make It Rain|p1b: Ursaluna\n|-damage|p1b: Ursaluna|7\/100 psn\n|-unboost|p2a: Gholdengo|spa|1\n|move|p1b: Ursaluna|Earth Power|p2a: Gholdengo\n|-supereffective|p2a: Gholdengo\n|-damage|p2a: Gholdengo|0 fnt\n|faint|p2a: Gholdengo\n|\n|-weather|Snow|[upkeep]\n|-heal|p1b: Ursaluna|14\/100 psn|[from] item: Leftovers\n|-damage|p1b: Ursaluna|1\/100 psn|[from] psn\n|upkeep\n|turn|17\n|\n|t:|1697797793\n|move|p2b: Dragonite|Extreme Speed|p2: Gholdengo|[notarget]\n|-fail|p2b: Dragonite\n|move|p1b: Ursaluna|Blood Moon|p2b: Dragonite\n|-damage|p2b: Dragonite|16\/100\n|\n|-weather|Snow|[upkeep]\n|-heal|p1b: Ursaluna|7\/100 psn|[from] item: Leftovers\n|-damage|p1b: Ursaluna|0 fnt|[from] psn\n|faint|p1b: Ursaluna\n|\n|win|Spitfire arcanine\n|upkeep\n|n|\u2606inertialinitiative|inertialinitiative\n|n|\u2606Spitfire arcanine|spitfirearcanine\n|n|*Lady Monita \u263d|ladymonita\n|l|*Lady Monita \u263d\n","uploadtime":1697797817,"views":19,"p1id":"inertialinitiative","p2id":"spitfirearcanine","formatid":"gen9doublesou","rating":0,"private":0,"password":""}