{"id":"gen9doublesou-1987535910","p1":"Bone WRLD","p2":"fries god","format":"[Gen 9] Doubles OU","log":"|j|\u2606Bone WRLD\n|j|\u2606fries god\n|t:|1699608329\n|gametype|doubles\n|player|p1|Bone WRLD|2|1052\n|player|p2|fries god|hilbert-wonderlauncher|1027\n|teamsize|p1|6\n|teamsize|p2|6\n|gen|9\n|tier|[Gen 9] Doubles OU\n|rated|\n|rule|Species Clause: Limit one of each Pok\u00e9mon\n|rule|OHKO Clause: OHKO moves are banned\n|rule|Evasion Moves Clause: Evasion moves are banned\n|rule|Gravity Sleep Clause: The combination of sleep-inducing moves with imperfect accuracy and Gravity or Gigantamax Orbeetle are banned\n|rule|Endless Battle Clause: Forcing endless battles is banned\n|rule|HP Percentage Mod: HP is shown in percentages\n|clearpoke\n|poke|p1|Enamorus, F|\n|poke|p1|Goodra-Hisui, M|\n|poke|p1|Glastrier|\n|poke|p1|Cresselia, F|\n|poke|p1|Arboliva, M|\n|poke|p1|Skeledirge, M|\n|poke|p2|Slaking, F|\n|poke|p2|Arbok, M|\n|poke|p2|Clefable, M|\n|poke|p2|Sinistcha-Masterpiece|\n|poke|p2|Basculegion-F, F|\n|poke|p2|Munkidori, M|\n|teampreview\n|\n|t:|1699608336\n|start\n|switch|p1a: Arboliva|Arboliva, M, shiny|100\/100\n|switch|p1b: Enamorus|Enamorus, F|100\/100\n|switch|p2a: Arbok|Arbok, M|100\/100\n|switch|p2b: Slaking|Slaking, F|100\/100\n|-ability|p2a: Arbok|Intimidate|boost\n|-unboost|p1a: Arboliva|atk|1\n|-boost|p1b: Enamorus|atk|1\n|turn|1\n|\n|t:|1699608367\n|switch|p1a: Goodra|Goodra-Hisui, M, shiny|100\/100\n|-terastallize|p1b: Enamorus|Steel\n|move|p2b: Slaking|Bulk Up|p2b: Slaking\n|-boost|p2b: Slaking|atk|1\n|-boost|p2b: Slaking|def|1\n|move|p2a: Arbok|Gastro Acid|p2b: Slaking\n|-endability|p2b: Slaking\n|move|p1b: Enamorus|Superpower|p2b: Slaking\n|-supereffective|p2b: Slaking\n|-damage|p2b: Slaking|55\/100\n|-boost|p1b: Enamorus|atk|1\n|-boost|p1b: Enamorus|def|1\n|\n|-heal|p2b: Slaking|61\/100|[from] item: Leftovers\n|upkeep\n|turn|2\n|\n|t:|1699608411\n|switch|p2a: Sinistcha|Sinistcha-Masterpiece|100\/100\n|-heal|p2b: Slaking|86\/100|[from] ability: Hospitality|[of] p2a: Sinistcha\n|switch|p1b: Skeledirge|Skeledirge, M, shiny|100\/100\n|switch|p1a: Cresselia|Cresselia, F, shiny|100\/100\n|move|p2b: Slaking|Drain Punch|p1b: Skeledirge\n|-immune|p1b: Skeledirge\n|\n|-heal|p2b: Slaking|92\/100|[from] item: Leftovers\n|upkeep\n|turn|3\n|\n|t:|1699608467\n|switch|p1a: Arboliva|Arboliva, M, shiny|100\/100\n|move|p2b: Slaking|Play Rough|p1b: Skeledirge\n|-resisted|p1b: Skeledirge\n|-damage|p1b: Skeledirge|86\/100\n|move|p2a: Sinistcha|Scald|p1b: Skeledirge\n|-supereffective|p1b: Skeledirge\n|-damage|p1b: Skeledirge|47\/100\n|move|p1b: Skeledirge|Roar|p2b: Slaking\n|-enditem|p1b: Skeledirge|Throat Spray\n|-boost|p1b: Skeledirge|spa|1|[from] item: Throat Spray\n|drag|p2b: Clefable|Clefable, M|100\/100\n|\n|upkeep\n|turn|4\n|\n|t:|1699608501\n|move|p2b: Clefable|Follow Me|p2b: Clefable\n|-singleturn|p2b: Clefable|move: Follow Me\n|move|p2a: Sinistcha|Calm Mind|p2a: Sinistcha\n|-boost|p2a: Sinistcha|spa|1\n|-boost|p2a: Sinistcha|spd|1\n|move|p1b: Skeledirge|Torch Song|p2b: Clefable\n|-damage|p2b: Clefable|74\/100\n|-boost|p1b: Skeledirge|spa|1\n|move|p1a: Arboliva|Pollen Puff|p2b: Clefable\n|-resisted|p2b: Clefable\n|-damage|p2b: Clefable|62\/100\n|\n|-heal|p2b: Clefable|68\/100|[from] item: Leftovers\n|upkeep\n|turn|5\n|\n|t:|1699608549\n|switch|p1b: Goodra|Goodra-Hisui, M, shiny|100\/100\n|move|p2b: Clefable|Follow Me|p2b: Clefable\n|-singleturn|p2b: Clefable|move: Follow Me\n|move|p2a: Sinistcha|Scald|p1b: Goodra\n|-resisted|p1b: Goodra\n|-damage|p1b: Goodra|91\/100\n|move|p1a: Arboliva|Pollen Puff|p2b: Clefable\n|-resisted|p2b: Clefable\n|-damage|p2b: Clefable|56\/100\n|\n|-heal|p2b: Clefable|62\/100|[from] item: Leftovers\n|upkeep\n|turn|6\n|\n|t:|1699608598\n|switch|p2b: Slaking|Slaking, F|92\/100\n|move|p2a: Sinistcha|Scald|p1b: Goodra\n|-resisted|p1b: Goodra\n|-damage|p1b: Goodra|82\/100\n|-status|p1b: Goodra|brn\n|move|p1a: Arboliva|Giga Drain|p2b: Slaking\n|-damage|p2b: Slaking|56\/100\n|move|p1b: Goodra|Dragon Tail|p2a: Sinistcha\n|-damage|p2a: Sinistcha|89\/100\n|drag|p2a: Clefable|Clefable, M|62\/100\n|\n|-heal|p2b: Slaking|62\/100|[from] item: Leftovers\n|-heal|p2a: Clefable|68\/100|[from] item: Leftovers\n|-damage|p1b: Goodra|76\/100 brn|[from] brn\n|upkeep\n|turn|7\n|\n|t:|1699608641\n|switch|p1b: Cresselia|Cresselia, F, shiny|100\/100\n|move|p2a: Clefable|Follow Me|p2a: Clefable\n|-singleturn|p2a: Clefable|move: Follow Me\n|move|p2b: Slaking|Bulk Up|p2b: Slaking\n|-boost|p2b: Slaking|atk|1\n|-boost|p2b: Slaking|def|1\n|move|p1a: Arboliva|Strength Sap|p2a: Clefable\n|-unboost|p2a: Clefable|atk|1\n|\n|-heal|p2b: Slaking|68\/100|[from] item: Leftovers\n|-heal|p2a: Clefable|74\/100|[from] item: Leftovers\n|upkeep\n|turn|8\n|\n|t:|1699608688\n|cant|p2b: Slaking|ability: Truant\n|move|p2a: Clefable|Sing|p1b: Cresselia\n|-status|p1b: Cresselia|slp|[from] move: Sing\n|move|p1a: Arboliva|Giga Drain|p2b: Slaking\n|-damage|p2b: Slaking|34\/100\n|cant|p1b: Cresselia|slp\n|\n|-heal|p2b: Slaking|40\/100|[from] item: Leftovers\n|-heal|p2a: Clefable|80\/100|[from] item: Leftovers\n|upkeep\n|turn|9\n|\n|t:|1699608745\n|switch|p1a: Skeledirge|Skeledirge, M, shiny|47\/100\n|move|p2b: Slaking|Bulk Up|p2b: Slaking\n|-boost|p2b: Slaking|atk|1\n|-boost|p2b: Slaking|def|1\n|move|p2a: Clefable|Sing|p1a: Skeledirge\n|-status|p1a: Skeledirge|slp|[from] move: Sing\n|cant|p1b: Cresselia|slp\n|\n|-heal|p2b: Slaking|46\/100|[from] item: Leftovers\n|-heal|p2a: Clefable|86\/100|[from] item: Leftovers\n|upkeep\n|turn|10\n|\n|t:|1699608783\n|switch|p2a: Sinistcha|Sinistcha-Masterpiece|89\/100\n|-heal|p2b: Slaking|71\/100|[from] ability: Hospitality|[of] p2a: Sinistcha\n|cant|p2b: Slaking|ability: Truant\n|cant|p1b: Cresselia|slp\n|cant|p1a: Skeledirge|slp\n|\n|-heal|p2b: Slaking|77\/100|[from] item: Leftovers\n|upkeep\n|turn|11\n|\n|t:|1699608825\n|move|p2b: Slaking|Play Rough|p1a: Skeledirge\n|-resisted|p1a: Skeledirge\n|-crit|p1a: Skeledirge\n|-damage|p1a: Skeledirge|27\/100 slp\n|move|p2a: Sinistcha|Hex|p1b: Cresselia\n|-supereffective|p1b: Cresselia\n|-damage|p1b: Cresselia|30\/100 slp\n|-heal|p2a: Sinistcha|100\/100|[from] item: Shell Bell|[of] p1b: Cresselia\n|-curestatus|p1b: Cresselia|slp|[msg]\n|move|p1b: Cresselia|Lunar Blessing|p1b: Cresselia|[spread] p1a,p1b\n|-heal|p1a: Skeledirge|52\/100 slp\n|-curestatus|p1a: Skeledirge|slp|[msg]\n|-heal|p1b: Cresselia|55\/100\n|move|p1a: Skeledirge|Roar|p2b: Slaking\n|drag|p2b: Clefable|Clefable, M|86\/100\n|\n|-heal|p2b: Clefable|92\/100|[from] item: Leftovers\n|upkeep\n|turn|12\n|\n|t:|1699608871\n|switch|p1b: Arboliva|Arboliva, M, shiny|100\/100\n|move|p2b: Clefable|Follow Me|p2b: Clefable\n|-singleturn|p2b: Clefable|move: Follow Me\n|move|p2a: Sinistcha|Hex|p1a: Skeledirge\n|-supereffective|p1a: Skeledirge\n|-damage|p1a: Skeledirge|0 fnt\n|faint|p1a: Skeledirge\n|\n|-heal|p2b: Clefable|98\/100|[from] item: Leftovers\n|upkeep\n|\n|t:|1699608902\n|switch|p1a: Enamorus|Enamorus, F, tera:Steel|100\/100\n|turn|13\n|\n|t:|1699608933\n|move|p2a: Sinistcha|Calm Mind|p2a: Sinistcha\n|-boost|p2a: Sinistcha|spa|1\n|-boost|p2a: Sinistcha|spd|1\n|move|p2b: Clefable|Sing|p1a: Enamorus\n|-status|p1a: Enamorus|slp|[from] move: Sing\n|cant|p1a: Enamorus|slp\n|move|p1b: Arboliva|Pollen Puff|p1a: Enamorus\n|-immune|p1a: Enamorus\n|\n|-heal|p2b: Clefable|100\/100|[from] item: Leftovers\n|upkeep\n|turn|14\n|\n|t:|1699608996\n|switch|p1b: Goodra|Goodra-Hisui, M, shiny|76\/100 brn\n|move|p2b: Clefable|Follow Me|p2b: Clefable\n|-singleturn|p2b: Clefable|move: Follow Me\n|move|p2a: Sinistcha|Calm Mind|p2a: Sinistcha\n|-boost|p2a: Sinistcha|spa|1\n|-boost|p2a: Sinistcha|spd|1\n|cant|p1a: Enamorus|slp\n|\n|-damage|p1b: Goodra|70\/100 brn|[from] brn\n|upkeep\n|turn|15\n|\n|t:|1699609038\n|move|p2b: Clefable|Follow Me|p2b: Clefable\n|-singleturn|p2b: Clefable|move: Follow Me\n|move|p2a: Sinistcha|Hex|p1b: Goodra\n|-damage|p1b: Goodra|15\/100 brn\n|cant|p1a: Enamorus|slp\n|move|p1b: Goodra|Dragon Tail|p2b: Clefable\n|-immune|p2b: Clefable\n|\n|-damage|p1b: Goodra|9\/100 brn|[from] brn\n|upkeep\n|turn|16\n|\n|t:|1699609074\n|switch|p2b: Slaking|Slaking, F|77\/100\n|switch|p1b: Arboliva|Arboliva, M, shiny|100\/100\n|move|p2a: Sinistcha|Matcha Gotcha|p1a: Enamorus|[spread] p1a,p1b\n|-resisted|p1a: Enamorus\n|-resisted|p1b: Arboliva\n|-damage|p1a: Enamorus|71\/100 slp\n|-damage|p1b: Arboliva|77\/100\n|-fieldstart|move: Grassy Terrain|[from] ability: Seed Sower|[of] p1b: Arboliva\n|-enditem|p1b: Arboliva|Grassy Seed\n|-boost|p1b: Arboliva|def|1|[from] item: Grassy Seed\n|-curestatus|p1a: Enamorus|slp|[msg]\n|move|p1a: Enamorus|Mystical Fire|p2a: Sinistcha\n|-supereffective|p2a: Sinistcha\n|-damage|p2a: Sinistcha|67\/100\n|-unboost|p2a: Sinistcha|spa|1\n|\n|-heal|p2b: Slaking|83\/100|[from] Grassy Terrain\n|-heal|p2b: Slaking|89\/100|[from] item: Leftovers\n|-heal|p2a: Sinistcha|73\/100|[from] Grassy Terrain\n|-heal|p1a: Enamorus|77\/100|[from] Grassy Terrain\n|-heal|p1b: Arboliva|83\/100|[from] Grassy Terrain\n|upkeep\n|turn|17\n|\n|t:|1699609152\n|switch|p1a: Cresselia|Cresselia, F, shiny|55\/100\n|-terastallize|p2a: Sinistcha|Grass\n|move|p2b: Slaking|Drain Punch|p1a: Cresselia\n|-resisted|p1a: Cresselia\n|-damage|p1a: Cresselia|46\/100\n|-heal|p2b: Slaking|94\/100|[from] drain|[of] p1a: Cresselia\n|move|p2a: Sinistcha|Matcha Gotcha|p1b: Arboliva|[spread] p1a,p1b\n|-resisted|p1b: Arboliva\n|-damage|p1a: Cresselia|5\/100\n|-heal|p2a: Sinistcha|100\/100|[from] drain|[of] p1a: Cresselia\n|-damage|p1b: Arboliva|50\/100\n|move|p1b: Arboliva|Strength Sap|p2b: Slaking\n|-unboost|p2b: Slaking|atk|1\n|-heal|p1b: Arboliva|100\/100\n|\n|-heal|p2b: Slaking|99\/100|[from] Grassy Terrain\n|-heal|p2b: Slaking|100\/100|[from] item: Leftovers\n|upkeep\n|turn|18\n|\n|t:|1699609217\n|switch|p2b: Clefable|Clefable, M|100\/100\n|move|p1a: Cresselia|Ally Switch|p1a: Cresselia\n|swap|p1a: Cresselia|1|[from] move: Ally Switch\n|move|p2a: Sinistcha|Matcha Gotcha|p1b: Cresselia|[spread] p1a,p1b\n|-resisted|p1a: Arboliva\n|-damage|p1a: Arboliva|72\/100\n|-damage|p1b: Cresselia|0 fnt\n|faint|p1b: Cresselia\n|move|p1a: Arboliva|Strength Sap|p2b: Clefable\n|-unboost|p2b: Clefable|atk|1\n|-heal|p1a: Arboliva|100\/100\n|\n|upkeep\n|\n|t:|1699609247\n|switch|p1b: Glastrier|Glastrier|100\/100\n|turn|19\n|\n|t:|1699609289\n|switch|p2a: Arbok|Arbok, M|100\/100\n|-ability|p2a: Arbok|Intimidate|boost\n|-unboost|p1a: Arboliva|atk|1\n|-unboost|p1b: Glastrier|atk|1\n|move|p2b: Clefable|Sing|p1b: Glastrier\n|-status|p1b: Glastrier|slp|[from] move: Sing\n|move|p1a: Arboliva|Pollen Puff|p1b: Glastrier\n|-immune|p1b: Glastrier\n|cant|p1b: Glastrier|slp\n|\n|upkeep\n|turn|20\n|\n|t:|1699609320\n|switch|p2b: Munkidori|Munkidori, M|100\/100\n|switch|p1b: Goodra|Goodra-Hisui, M, shiny|9\/100 brn\n|move|p2a: Arbok|Gastro Acid|p1b: Goodra\n|-endability|p1b: Goodra\n|move|p1a: Arboliva|Pollen Puff|p1b: Goodra\n|-heal|p1b: Goodra|59\/100 brn\n|\n|-heal|p1b: Goodra|65\/100 brn|[from] Grassy Terrain\n|-damage|p1b: Goodra|59\/100 brn|[from] brn\n|-fieldend|move: Grassy Terrain\n|upkeep\n|turn|21\n|\n|t:|1699609368\n|switch|p1a: Glastrier|Glastrier|100\/100 slp\n|move|p2b: Munkidori|Fake Out|p1a: Glastrier\n|-damage|p1a: Glastrier|95\/100 slp\n|-damage|p2b: Munkidori|91\/100|[from] item: Life Orb\n|move|p1b: Goodra|Muddy Water|p2b: Munkidori|[spread] p2a,p2b\n|-damage|p2a: Arbok|78\/100\n|-damage|p2b: Munkidori|72\/100\n|move|p2a: Arbok|Dragon Tail|p1b: Goodra\n|-damage|p1b: Goodra|49\/100 brn\n|drag|p1b: Arboliva|Arboliva, M, shiny|100\/100\n|\n|-heal|p1a: Glastrier|100\/100 slp|[from] item: Leftovers\n|upkeep\n|turn|22\n|\n|t:|1699609397\n|switch|p1b: Goodra|Goodra-Hisui, M, shiny|49\/100 brn\n|cant|p1a: Glastrier|slp\n|move|p2b: Munkidori|Hex|p1a: Glastrier\n|-damage|p1a: Glastrier|66\/100 slp\n|-damage|p2b: Munkidori|62\/100|[from] item: Life Orb\n|move|p2a: Arbok|Gastro Acid|p1a: Glastrier\n|-endability|p1a: Glastrier\n|\n|-heal|p1a: Glastrier|73\/100 slp|[from] item: Leftovers\n|-damage|p1b: Goodra|43\/100 brn|[from] brn\n|upkeep\n|turn|23\n|\n|t:|1699609444\n|switch|p1b: Enamorus|Enamorus, F, tera:Steel|77\/100\n|move|p2b: Munkidori|Hex|p1a: Glastrier\n|-damage|p1a: Glastrier|33\/100 slp\n|-damage|p2b: Munkidori|52\/100|[from] item: Life Orb\n|cant|p1a: Glastrier|slp\n|move|p2a: Arbok|Dragon Tail|p1b: Enamorus\n|-resisted|p1b: Enamorus\n|-damage|p1b: Enamorus|70\/100\n|drag|p1b: Arboliva|Arboliva, M, shiny|100\/100\n|\n|-heal|p1a: Glastrier|39\/100 slp|[from] item: Leftovers\n|upkeep\n|turn|24\n|\n|t:|1699609476\n|switch|p2a: Slaking|Slaking, F|100\/100\n|move|p2b: Munkidori|Hex|p1a: Glastrier\n|-damage|p1a: Glastrier|3\/100 slp\n|-damage|p2b: Munkidori|42\/100|[from] item: Life Orb\n|move|p1b: Arboliva|Pollen Puff|p1a: Glastrier\n|-heal|p1a: Glastrier|53\/100 slp\n|-curestatus|p1a: Glastrier|slp|[msg]\n|move|p1a: Glastrier|Stomping Tantrum|p2b: Munkidori\n|-supereffective|p2b: Munkidori\n|-damage|p2b: Munkidori|0 fnt\n|faint|p2b: Munkidori\n|\n|-heal|p1a: Glastrier|59\/100|[from] item: Leftovers\n|upkeep\n|\n|t:|1699609499\n|switch|p2b: Arbok|Arbok, M|78\/100\n|-ability|p2b: Arbok|Intimidate|boost\n|-unboost|p1a: Glastrier|atk|1\n|-unboost|p1b: Arboliva|atk|1\n|turn|25\n|\n|t:|1699609531\n|switch|p1b: Enamorus|Enamorus, F, tera:Steel|70\/100\n|move|p1a: Glastrier|Protect|p1a: Glastrier\n|-singleturn|p1a: Glastrier|Protect\n|move|p2a: Slaking|Drain Punch|p1a: Glastrier\n|-activate|p1a: Glastrier|move: Protect\n|move|p2b: Arbok|Dragon Tail|p1b: Enamorus|[miss]\n|-miss|p2b: Arbok|p1b: Enamorus\n|\n|-heal|p1a: Glastrier|65\/100|[from] item: Leftovers\n|upkeep\n|turn|26\n|\n|t:|1699609566\n|switch|p2a: Clefable|Clefable, M|100\/100\n|switch|p2b: Sinistcha|Sinistcha-Masterpiece, tera:Grass|100\/100\n|move|p1b: Enamorus|Superpower|p2a: Clefable\n|-resisted|p2a: Clefable\n|-damage|p2a: Clefable|82\/100\n|-boost|p1b: Enamorus|atk|1\n|-boost|p1b: Enamorus|def|1\n|move|p1a: Glastrier|Stomping Tantrum|p2b: Sinistcha\n|-resisted|p2b: Sinistcha\n|-damage|p2b: Sinistcha|91\/100\n|\n|-heal|p2a: Clefable|88\/100|[from] item: Leftovers\n|-heal|p1a: Glastrier|71\/100|[from] item: Leftovers\n|upkeep\n|turn|27\n|\n|t:|1699609601\n|switch|p1a: Arboliva|Arboliva, M, shiny|100\/100\n|move|p2a: Clefable|Follow Me|p2a: Clefable\n|-singleturn|p2a: Clefable|move: Follow Me\n|move|p2b: Sinistcha|Matcha Gotcha|p1a: Arboliva|[spread] p1a,p1b\n|-resisted|p1a: Arboliva\n|-resisted|p1b: Enamorus\n|-damage|p1a: Arboliva|85\/100\n|-heal|p2b: Sinistcha|100\/100|[from] drain|[of] p1a: Arboliva\n|-damage|p1b: Enamorus|52\/100\n|-fieldstart|move: Grassy Terrain|[from] ability: Seed Sower|[of] p1a: Arboliva\n|move|p1b: Enamorus|Mystical Fire|p2a: Clefable\n|-damage|p2a: Clefable|65\/100\n|-unboost|p2a: Clefable|spa|1\n|\n|-heal|p2a: Clefable|72\/100|[from] Grassy Terrain\n|-heal|p2a: Clefable|78\/100|[from] item: Leftovers\n|-heal|p1b: Enamorus|58\/100|[from] Grassy Terrain\n|-heal|p1a: Arboliva|91\/100|[from] Grassy Terrain\n|upkeep\n|turn|28\n|\n|t:|1699609630\n|move|p2b: Sinistcha|Matcha Gotcha|p1a: Arboliva|[spread] p1a,p1b\n|-resisted|p1a: Arboliva\n|-resisted|p1b: Enamorus\n|-damage|p1a: Arboliva|72\/100\n|-damage|p1b: Enamorus|31\/100\n|move|p2a: Clefable|Sing|p1a: Arboliva|[miss]\n|-miss|p2a: Clefable|p1a: Arboliva\n|move|p1b: Enamorus|Iron Head|p2a: Clefable\n|-supereffective|p2a: Clefable\n|-damage|p2a: Clefable|9\/100\n|move|p1a: Arboliva|Pollen Puff|p1b: Enamorus\n|-heal|p1b: Enamorus|81\/100\n|\n|-heal|p2a: Clefable|15\/100|[from] Grassy Terrain\n|-heal|p2a: Clefable|21\/100|[from] item: Leftovers\n|-heal|p1b: Enamorus|87\/100|[from] Grassy Terrain\n|-heal|p1a: Arboliva|78\/100|[from] Grassy Terrain\n|upkeep\n|turn|29\n|\n|t:|1699609706\n|switch|p2b: Slaking|Slaking, F|100\/100\n|switch|p2a: Arbok|Arbok, M|78\/100\n|-ability|p2a: Arbok|Intimidate|boost\n|-unboost|p1a: Arboliva|atk|1\n|-boost|p1b: Enamorus|atk|1\n|move|p1b: Enamorus|Springtide Storm|p2a: Arbok|[spread] p2a,p2b\n|-resisted|p2a: Arbok\n|-damage|p2a: Arbok|58\/100\n|-damage|p2b: Slaking|65\/100\n|-unboost|p2b: Slaking|atk|1\n|move|p1a: Arboliva|Giga Drain|p2a: Arbok\n|-resisted|p2a: Arbok\n|-damage|p2a: Arbok|33\/100\n|-heal|p1a: Arboliva|90\/100|[from] drain|[of] p2a: Arbok\n|\n|-heal|p2b: Slaking|71\/100|[from] Grassy Terrain\n|-heal|p2b: Slaking|77\/100|[from] item: Leftovers\n|-heal|p2a: Arbok|39\/100|[from] Grassy Terrain\n|-heal|p1b: Enamorus|93\/100|[from] Grassy Terrain\n|-heal|p1a: Arboliva|96\/100|[from] Grassy Terrain\n|upkeep\n|turn|30\n|\n|t:|1699609751\n|switch|p2b: Basculegion|Basculegion-F, F|100\/100\n|move|p2a: Arbok|Gastro Acid|p1b: Enamorus\n|-endability|p1b: Enamorus\n|move|p1b: Enamorus|Superpower|p2b: Basculegion\n|-immune|p2b: Basculegion\n|move|p1a: Arboliva|Pollen Puff|p1b: Enamorus\n|-heal|p1b: Enamorus|100\/100\n|\n|-heal|p2a: Arbok|45\/100|[from] Grassy Terrain\n|-heal|p1a: Arboliva|100\/100|[from] Grassy Terrain\n|upkeep\n|turn|31\n|\n|t:|1699609785\n|move|p2b: Basculegion|Flip Turn|p1b: Enamorus\n|-damage|p1b: Enamorus|73\/100\n|-damage|p2b: Basculegion|91\/100|[from] item: Life Orb\n|\n|t:|1699609803\n|switch|p2b: Slaking|Slaking, F|77\/100|[from] Flip Turn\n|move|p1b: Enamorus|Superpower|p2a: Arbok\n|-resisted|p2a: Arbok\n|-damage|p2a: Arbok|0 fnt\n|-unboost|p1b: Enamorus|atk|1\n|-unboost|p1b: Enamorus|def|1\n|faint|p2a: Arbok\n|move|p1a: Arboliva|Giga Drain|p2b: Slaking\n|-damage|p2b: Slaking|30\/100\n|\n|-heal|p2b: Slaking|36\/100|[from] Grassy Terrain\n|-heal|p2b: Slaking|42\/100|[from] item: Leftovers\n|-heal|p1b: Enamorus|79\/100|[from] Grassy Terrain\n|-fieldend|move: Grassy Terrain\n|upkeep\n|\n|t:|1699609820\n|switch|p2a: Sinistcha|Sinistcha-Masterpiece, tera:Grass|100\/100\n|-heal|p2b: Slaking|67\/100|[from] ability: Hospitality|[of] p2a: Sinistcha\n|turn|32\n|\n|t:|1699609857\n|move|p2b: Slaking|Drain Punch|p1b: Enamorus\n|-supereffective|p1b: Enamorus\n|-damage|p1b: Enamorus|20\/100\n|-heal|p2b: Slaking|91\/100|[from] drain|[of] p1b: Enamorus\n|move|p2a: Sinistcha|Scald|p1b: Enamorus\n|-damage|p1b: Enamorus|0 fnt\n|faint|p1b: Enamorus\n|move|p1a: Arboliva|Strength Sap|p2b: Slaking\n|-unboost|p2b: Slaking|atk|1\n|\n|-heal|p2b: Slaking|97\/100|[from] item: Leftovers\n|upkeep\n|\n|t:|1699609886\n|switch|p1b: Glastrier|Glastrier|71\/100\n|turn|33\n|\n|t:|1699609900\n|switch|p2a: Clefable|Clefable, M|21\/100\n|move|p1b: Glastrier|Protect|p1b: Glastrier\n|-singleturn|p1b: Glastrier|Protect\n|cant|p2b: Slaking|ability: Truant\n|move|p1a: Arboliva|Strength Sap|p2b: Slaking\n|-unboost|p2b: Slaking|atk|1\n|\n|-heal|p2b: Slaking|100\/100|[from] item: Leftovers\n|-heal|p2a: Clefable|27\/100|[from] item: Leftovers\n|-heal|p1b: Glastrier|77\/100|[from] item: Leftovers\n|upkeep\n|turn|34\n|\n|t:|1699609960\n|switch|p2b: Sinistcha|Sinistcha-Masterpiece, tera:Grass|100\/100\n|-heal|p2a: Clefable|52\/100|[from] ability: Hospitality|[of] p2b: Sinistcha\n|move|p2a: Clefable|Sing|p1b: Glastrier\n|-status|p1b: Glastrier|slp|[from] move: Sing\n|move|p1a: Arboliva|Giga Drain|p2a: Clefable\n|-damage|p2a: Clefable|23\/100\n|cant|p1b: Glastrier|slp\n|\n|-heal|p2a: Clefable|29\/100|[from] item: Leftovers\n|-heal|p1b: Glastrier|84\/100 slp|[from] item: Leftovers\n|upkeep\n|turn|35\n|\n|t:|1699609985\n|switch|p1b: Goodra|Goodra-Hisui, M, shiny|43\/100 brn\n|move|p2b: Sinistcha|Hex|p1b: Goodra\n|-damage|p1b: Goodra|16\/100 brn\n|move|p2a: Clefable|Sing|p1a: Arboliva\n|-status|p1a: Arboliva|slp|[from] move: Sing\n|cant|p1a: Arboliva|slp\n|\n|-heal|p2a: Clefable|35\/100|[from] item: Leftovers\n|-damage|p1b: Goodra|10\/100 brn|[from] brn\n|upkeep\n|turn|36\n|\n|t:|1699610023\n|move|p2a: Clefable|Follow Me|p2a: Clefable\n|-singleturn|p2a: Clefable|move: Follow Me\n|move|p2b: Sinistcha|Matcha Gotcha|p1b: Goodra|[spread] p1a\n|-ability|p1b: Goodra|Sap Sipper|boost\n|-boost|p1b: Goodra|atk|1\n|-resisted|p1a: Arboliva\n|-crit|p1a: Arboliva\n|-damage|p1a: Arboliva|78\/100 slp\n|-fieldstart|move: Grassy Terrain|[from] ability: Seed Sower|[of] p1a: Arboliva\n|move|p1b: Goodra|Muddy Water|p2b: Sinistcha|[spread] p2a,p2b\n|-resisted|p2b: Sinistcha\n|-damage|p2a: Clefable|20\/100\n|-damage|p2b: Sinistcha|89\/100\n|-curestatus|p1a: Arboliva|slp|[msg]\n|move|p1a: Arboliva|Pollen Puff|p2a: Clefable\n|-resisted|p2a: Clefable\n|-damage|p2a: Clefable|7\/100\n|\n|-heal|p2b: Sinistcha|95\/100|[from] Grassy Terrain\n|-heal|p2a: Clefable|13\/100|[from] Grassy Terrain\n|-heal|p2a: Clefable|20\/100|[from] item: Leftovers\n|-heal|p1b: Goodra|16\/100 brn|[from] Grassy Terrain\n|-heal|p1a: Arboliva|84\/100|[from] Grassy Terrain\n|-damage|p1b: Goodra|10\/100 brn|[from] brn\n|upkeep\n|turn|37\n|\n|t:|1699610055\n|move|p2a: Clefable|Follow Me|p2a: Clefable\n|-singleturn|p2a: Clefable|move: Follow Me\n|move|p2b: Sinistcha|Hex|p1b: Goodra\n|-damage|p1b: Goodra|0 fnt\n|faint|p1b: Goodra\n|-heal|p2b: Sinistcha|96\/100|[from] item: Shell Bell|[of] p1: Goodra\n|move|p1a: Arboliva|Pollen Puff|p2a: Clefable\n|-resisted|p2a: Clefable\n|-damage|p2a: Clefable|8\/100\n|\n|-heal|p2b: Sinistcha|100\/100|[from] Grassy Terrain\n|-heal|p2a: Clefable|14\/100|[from] Grassy Terrain\n|-heal|p2a: Clefable|20\/100|[from] item: Leftovers\n|-heal|p1a: Arboliva|90\/100|[from] Grassy Terrain\n|upkeep\n|\n|t:|1699610069\n|switch|p1b: Glastrier|Glastrier|84\/100 slp\n|turn|38\n|c|\u2606Bone WRLD|gg i dropped sinistcha for arboliva smh lol\n|\n|t:|1699610107\n|cant|p1b: Glastrier|slp\n|move|p2a: Clefable|Follow Me|p2a: Clefable\n|-singleturn|p2a: Clefable|move: Follow Me\n|move|p2b: Sinistcha|Hex|p1b: Glastrier\n|-damage|p1b: Glastrier|42\/100 slp\n|move|p1a: Arboliva|Giga Drain|p2a: Clefable\n|-damage|p2a: Clefable|0 fnt\n|-heal|p1a: Arboliva|100\/100|[from] drain|[of] p2a: Clefable\n|faint|p2a: Clefable\n|\n|-heal|p1b: Glastrier|48\/100 slp|[from] Grassy Terrain\n|-heal|p1b: Glastrier|54\/100 slp|[from] item: Leftovers\n|upkeep\n|\n|t:|1699610123\n|switch|p2a: Basculegion|Basculegion-F, F|91\/100\n|turn|39\n|\n|t:|1699610146\n|-curestatus|p1b: Glastrier|slp|[msg]\n|move|p1b: Glastrier|Protect|p1b: Glastrier\n|-singleturn|p1b: Glastrier|Protect\n|move|p2a: Basculegion|Last Respects|p1b: Glastrier\n|-activate|p1b: Glastrier|move: Protect\n|move|p2b: Sinistcha|Matcha Gotcha|p1b: Glastrier|[spread] p1a\n|-activate|p1b: Glastrier|move: Protect\n|-resisted|p1a: Arboliva\n|-damage|p1a: Arboliva|80\/100\n|move|p1a: Arboliva|Giga Drain|p2a: Basculegion\n|-supereffective|p2a: Basculegion\n|-damage|p2a: Basculegion|3\/100\n|-heal|p1a: Arboliva|100\/100|[from] drain|[of] p2a: Basculegion\n|\n|-heal|p2a: Basculegion|9\/100|[from] Grassy Terrain\n|-heal|p1b: Glastrier|61\/100|[from] Grassy Terrain\n|-heal|p1b: Glastrier|67\/100|[from] item: Leftovers\n|upkeep\n|turn|40\n|\n|t:|1699610181\n|move|p2a: Basculegion|Last Respects|p1b: Glastrier\n|-damage|p1b: Glastrier|0 fnt\n|faint|p1b: Glastrier\n|-damage|p2a: Basculegion|0 fnt|[from] item: Life Orb\n|faint|p2a: Basculegion\n|move|p2b: Sinistcha|Matcha Gotcha|p1a: Arboliva\n|-resisted|p1a: Arboliva\n|-damage|p1a: Arboliva|73\/100\n|move|p1a: Arboliva|Giga Drain|p2b: Sinistcha\n|-resisted|p2b: Sinistcha\n|-damage|p2b: Sinistcha|72\/100\n|-heal|p1a: Arboliva|85\/100|[from] drain|[of] p2b: Sinistcha\n|\n|-heal|p2b: Sinistcha|78\/100|[from] Grassy Terrain\n|-heal|p1a: Arboliva|91\/100|[from] Grassy Terrain\n|-fieldend|move: Grassy Terrain\n|upkeep\n|\n|t:|1699610198\n|switch|p2a: Slaking|Slaking, F|100\/100\n|turn|41\n|\n|t:|1699610212\n|move|p2a: Slaking|Drain Punch|p1a: Arboliva\n|-supereffective|p1a: Arboliva\n|-damage|p1a: Arboliva|37\/100\n|-fieldstart|move: Grassy Terrain|[from] ability: Seed Sower|[of] p1a: Arboliva\n|move|p2b: Sinistcha|Scald|p1a: Arboliva\n|-resisted|p1a: Arboliva\n|-damage|p1a: Arboliva|27\/100\n|-heal|p2b: Sinistcha|79\/100|[from] item: Shell Bell|[of] p1a: Arboliva\n|move|p1a: Arboliva|Strength Sap|p2a: Slaking\n|-unboost|p2a: Slaking|atk|1\n|-heal|p1a: Arboliva|100\/100\n|\n|-heal|p2b: Sinistcha|85\/100|[from] Grassy Terrain\n|upkeep\n|turn|42\n|\n|t:|1699610256\n|cant|p2a: Slaking|ability: Truant\n|move|p2b: Sinistcha|Calm Mind|p2b: Sinistcha\n|-boost|p2b: Sinistcha|spa|1\n|-boost|p2b: Sinistcha|spd|1\n|move|p1a: Arboliva|Strength Sap|p2a: Slaking\n|-unboost|p2a: Slaking|atk|1\n|\n|-heal|p2b: Sinistcha|91\/100|[from] Grassy Terrain\n|upkeep\n|turn|43\n|\n|t:|1699610282\n|move|p2a: Slaking|Drain Punch|p1a: Arboliva\n|-supereffective|p1a: Arboliva\n|-damage|p1a: Arboliva|74\/100\n|move|p2b: Sinistcha|Calm Mind|p2b: Sinistcha\n|-boost|p2b: Sinistcha|spa|1\n|-boost|p2b: Sinistcha|spd|1\n|move|p1a: Arboliva|Giga Drain|p2a: Slaking\n|-damage|p2a: Slaking|58\/100\n|-heal|p1a: Arboliva|100\/100|[from] drain|[of] p2a: Slaking\n|\n|-heal|p2a: Slaking|65\/100|[from] Grassy Terrain\n|-heal|p2a: Slaking|71\/100|[from] item: Leftovers\n|-heal|p2b: Sinistcha|97\/100|[from] Grassy Terrain\n|upkeep\n|turn|44\n|\n|t:|1699610304\n|cant|p2a: Slaking|ability: Truant\n|move|p2b: Sinistcha|Calm Mind|p2b: Sinistcha\n|-boost|p2b: Sinistcha|spa|1\n|-boost|p2b: Sinistcha|spd|1\n|move|p1a: Arboliva|Pollen Puff|p2b: Sinistcha\n|-supereffective|p2b: Sinistcha\n|-damage|p2b: Sinistcha|67\/100\n|\n|-heal|p2a: Slaking|77\/100|[from] Grassy Terrain\n|-heal|p2a: Slaking|83\/100|[from] item: Leftovers\n|-heal|p2b: Sinistcha|73\/100|[from] Grassy Terrain\n|upkeep\n|turn|45\n|\n|t:|1699610329\n|move|p2a: Slaking|Drain Punch|p1a: Arboliva\n|-supereffective|p1a: Arboliva\n|-damage|p1a: Arboliva|74\/100\n|-heal|p2a: Slaking|93\/100|[from] drain|[of] p1a: Arboliva\n|move|p2b: Sinistcha|Scald|p1a: Arboliva\n|-resisted|p1a: Arboliva\n|-damage|p1a: Arboliva|46\/100\n|-heal|p2b: Sinistcha|77\/100|[from] item: Shell Bell|[of] p1a: Arboliva\n|move|p1a: Arboliva|Giga Drain|p2a: Slaking\n|-crit|p2a: Slaking\n|-damage|p2a: Slaking|22\/100\n|-heal|p1a: Arboliva|91\/100|[from] drain|[of] p2a: Slaking\n|\n|-heal|p2a: Slaking|28\/100|[from] Grassy Terrain\n|-heal|p2a: Slaking|34\/100|[from] item: Leftovers\n|-heal|p2b: Sinistcha|83\/100|[from] Grassy Terrain\n|-heal|p1a: Arboliva|97\/100|[from] Grassy Terrain\n|-fieldend|move: Grassy Terrain\n|upkeep\n|turn|46\n|\n|t:|1699610361\n|cant|p2a: Slaking|ability: Truant\n|move|p2b: Sinistcha|Calm Mind|p2b: Sinistcha\n|-boost|p2b: Sinistcha|spa|1\n|-boost|p2b: Sinistcha|spd|1\n|move|p1a: Arboliva|Pollen Puff|p2b: Sinistcha\n|-supereffective|p2b: Sinistcha\n|-damage|p2b: Sinistcha|59\/100\n|\n|-heal|p2a: Slaking|40\/100|[from] item: Leftovers\n|upkeep\n|turn|47\n|c|\u2606fries god|Alr dude even though you might actually clutch this\n|c|\u2606fries god|This was a fun match\n|\n|t:|1699610396\n|move|p2a: Slaking|Drain Punch|p1a: Arboliva\n|-supereffective|p1a: Arboliva\n|-damage|p1a: Arboliva|72\/100\n|-heal|p2a: Slaking|50\/100|[from] drain|[of] p1a: Arboliva\n|-fieldstart|move: Grassy Terrain|[from] ability: Seed Sower|[of] p1a: Arboliva\n|move|p2b: Sinistcha|Calm Mind|p2b: Sinistcha\n|-boost|p2b: Sinistcha|spa|1\n|-boost|p2b: Sinistcha|spd|1\n|move|p1a: Arboliva|Giga Drain|p2a: Slaking\n|-damage|p2a: Slaking|8\/100\n|-heal|p1a: Arboliva|99\/100|[from] drain|[of] p2a: Slaking\n|\n|-heal|p2a: Slaking|14\/100|[from] Grassy Terrain\n|-heal|p2a: Slaking|20\/100|[from] item: Leftovers\n|-heal|p2b: Sinistcha|65\/100|[from] Grassy Terrain\n|-heal|p1a: Arboliva|100\/100|[from] Grassy Terrain\n|upkeep\n|turn|48\n|c|\u2606Bone WRLD|one the best matches ive had in a while\n|\n|t:|1699610428\n|cant|p2a: Slaking|ability: Truant\n|move|p2b: Sinistcha|Matcha Gotcha|p1a: Arboliva\n|-resisted|p1a: Arboliva\n|-damage|p1a: Arboliva|1\/100\n|-heal|p2b: Sinistcha|100\/100|[from] drain|[of] p1a: Arboliva\n|move|p1a: Arboliva|Pollen Puff|p2b: Sinistcha\n|-supereffective|p2b: Sinistcha\n|-damage|p2b: Sinistcha|81\/100\n|\n|-heal|p2a: Slaking|26\/100|[from] Grassy Terrain\n|-heal|p2a: Slaking|32\/100|[from] item: Leftovers\n|-heal|p2b: Sinistcha|87\/100|[from] Grassy Terrain\n|-heal|p1a: Arboliva|7\/100|[from] Grassy Terrain\n|upkeep\n|turn|49\n|c|\u2606Bone WRLD|bro what the hahahha\n|c|\u2606fries god|Yeah\n|c|\u2606fries god|Welp gg dude\n|\n|t:|1699610463\n|move|p2a: Slaking|Drain Punch|p1a: Arboliva\n|-supereffective|p1a: Arboliva\n|-damage|p1a: Arboliva|0 fnt\n|-heal|p2a: Slaking|35\/100|[from] drain|[of] p1a: Arboliva\n|faint|p1a: Arboliva\n|\n|win|fries god\n|raw|Bone WRLD's rating: 1052 &rarr; <strong>1033<\/strong><br \/>(-19 for losing)\n|raw|fries god's rating: 1027 &rarr; <strong>1066<\/strong><br \/>(+39 for winning)\n|c|\u2606Bone WRLD|great game tho\n|c|\u2606fries god|Yeah\n|c|\u2606fries god|Have a great day man this was fun\n|c|\u2606Bone WRLD|you too bto\n|c|\u2606Bone WRLD|bro\n|l|\u2606fries god\n|j|\u2606fries god\n|player|p2|fries god|hilbert-wonderlauncher\n","uploadtime":1699610534,"views":31,"p1id":"bonewrld","p2id":"friesgod","formatid":"gen9doublesou","rating":1033,"private":0,"password":""}