{"id":"gen9doublesou-1979465994","p1":"Rainbows4Dayz67","p2":"lobonatoca","format":"[Gen 9] Doubles OU","log":"|j|\u2606Rainbows4Dayz67\n|j|\u2606lobonatoca\n|t:|1698684875\n|gametype|doubles\n|player|p1|Rainbows4Dayz67|brycen|1168\n|player|p2|lobonatoca|1|1273\n|teamsize|p1|6\n|teamsize|p2|6\n|gen|9\n|tier|[Gen 9] Doubles OU\n|rated|\n|rule|Species Clause: Limit one of each Pok\u00e9mon\n|rule|OHKO Clause: OHKO moves are banned\n|rule|Evasion Moves Clause: Evasion moves are banned\n|rule|Gravity Sleep Clause: The combination of sleep-inducing moves with imperfect accuracy and Gravity or Gigantamax Orbeetle are banned\n|rule|Endless Battle Clause: Forcing endless battles is banned\n|rule|HP Percentage Mod: HP is shown in percentages\n|clearpoke\n|poke|p1|Dragapult, M|\n|poke|p1|Munkidori, M|\n|poke|p1|Great Tusk|\n|poke|p1|Gholdengo|\n|poke|p1|Samurott-Hisui, F|\n|poke|p1|Zapdos|\n|poke|p2|Armarouge, F|\n|poke|p2|Farigiraf, F|\n|poke|p2|Ursaluna, F|\n|poke|p2|Pawmot, M|\n|poke|p2|Roaring Moon|\n|poke|p2|Maushold|\n|teampreview\n|inactive|Battle timer is ON: inactive players will automatically lose when time's up. (requested by lobonatoca)\n|\n|t:|1698684895\n|start\n|switch|p1a: rafe|Dragapult, M, shiny|100\/100\n|switch|p1b: dris|Samurott-Hisui, F, shiny|100\/100\n|switch|p2a: Farigiraf|Farigiraf, F|100\/100\n|switch|p2b: Ursaluna|Ursaluna, F|100\/100\n|turn|1\n|inactive|lobonatoca has 120 seconds left.\n|\n|t:|1698684927\n|move|p1a: rafe|Phantom Force||[still]\n|-prepare|p1a: rafe|Phantom Force\n|move|p1b: dris|Ceaseless Edge|p2a: Farigiraf\n|-supereffective|p2a: Farigiraf\n|-damage|p2a: Farigiraf|32\/100\n|-sidestart|p2: lobonatoca|Spikes\n|-enditem|p2a: Farigiraf|Sitrus Berry|[eat]\n|-heal|p2a: Farigiraf|57\/100|[from] item: Sitrus Berry\n|move|p2b: Ursaluna|Hammer Arm|p1b: dris\n|-supereffective|p1b: dris\n|-damage|p1b: dris|7\/100\n|-unboost|p2b: Ursaluna|spe|1\n|move|p2a: Farigiraf|Trick Room|p2a: Farigiraf\n|-fieldstart|move: Trick Room|[of] p2a: Farigiraf\n|\n|-status|p2b: Ursaluna|brn|[from] item: Flame Orb\n|upkeep\n|turn|2\n|inactive|lobonatoca has 120 seconds left.\n|inactive|Rainbows4Dayz67 has 120 seconds left.\n|\n|t:|1698684958\n|switch|p2a: Maushold|Maushold|100\/100\n|-damage|p2a: Maushold|88\/100|[from] Spikes\n|switch|p1b: modie|Zapdos, shiny|100\/100\n|move|p2b: Ursaluna|Facade|p1b: modie\n|-damage|p1b: modie|0 fnt\n|faint|p1b: modie\n|move|p1a: rafe|Phantom Force|p2a: Maushold|[from]lockedmove\n|-immune|p2a: Maushold\n|\n|-damage|p2b: Ursaluna|94\/100 brn|[from] brn\n|upkeep\n|inactive|Rainbows4Dayz67 has 120 seconds left.\n|\n|t:|1698684986\n|switch|p1b: dris|Samurott-Hisui, F, shiny|7\/100\n|turn|3\n|inactive|Rainbows4Dayz67 has 120 seconds left.\n|\n|t:|1698684996\n|switch|p2a: Farigiraf|Farigiraf, F|57\/100\n|-damage|p2a: Farigiraf|45\/100|[from] Spikes\n|move|p1b: dris|Aqua Jet||[still]\n|cant|p2a: Farigiraf|ability: Armor Tail|Aqua Jet|[of] p1b: dris\n|move|p2b: Ursaluna|Earthquake|p1a: rafe|[spread] p2a,p1a,p1b\n|-damage|p2a: Farigiraf|0 fnt\n|-damage|p1a: rafe|15\/100\n|-damage|p1b: dris|0 fnt\n|faint|p2a: Farigiraf\n|faint|p1b: dris\n|move|p1a: rafe|Phantom Force||[still]\n|-prepare|p1a: rafe|Phantom Force\n|\n|-damage|p2b: Ursaluna|88\/100 brn|[from] brn\n|upkeep\n|\n|t:|1698685011\n|switch|p2a: Maushold|Maushold|88\/100\n|switch|p1b: jamie|Great Tusk, shiny|100\/100\n|-damage|p2a: Maushold|76\/100|[from] Spikes\n|turn|4\n|\n|t:|1698685030\n|move|p2b: Ursaluna|Facade|p1b: jamie\n|-damage|p1b: jamie|37\/100\n|move|p1b: jamie|Earthquake|p2a: Maushold|[spread] p2a,p2b\n|-miss|p1b: jamie|p1a: rafe\n|-damage|p2a: Maushold|28\/100\n|-damage|p2b: Ursaluna|63\/100 brn\n|move|p2a: Maushold|Bullet Seed|p1b: jamie\n|-supereffective|p1b: jamie\n|-damage|p1b: jamie|29\/100\n|-supereffective|p1b: jamie\n|-damage|p1b: jamie|20\/100\n|-supereffective|p1b: jamie\n|-damage|p1b: jamie|11\/100\n|-hitcount|p1b: jamie|3\n|move|p1a: rafe|Phantom Force|p2b: Ursaluna|[from]lockedmove\n|-immune|p2b: Ursaluna\n|\n|-heal|p1b: jamie|17\/100|[from] item: Leftovers\n|-damage|p2b: Ursaluna|57\/100 brn|[from] brn\n|upkeep\n|turn|5\n|\n|t:|1698685057\n|move|p2b: Ursaluna|Earthquake|p1a: rafe|[spread] p2a,p1a,p1b\n|-damage|p2a: Maushold|0 fnt\n|-damage|p1a: rafe|0 fnt\n|-damage|p1b: jamie|0 fnt\n|faint|p2a: Maushold\n|faint|p1a: rafe\n|faint|p1b: jamie\n|-end|p1b: jamie|Protosynthesis|[silent]\n|\n|-damage|p2b: Ursaluna|50\/100 brn|[from] brn\n|-fieldend|move: Trick Room\n|upkeep\n|\n|t:|1698685066\n|switch|p1a: sully|Gholdengo, shiny|100\/100\n|switch|p2a: Pawmot|Pawmot, M|100\/100\n|switch|p1b: dushane|Munkidori, M|100\/100\n|-damage|p2a: Pawmot|88\/100|[from] Spikes\n|turn|6\n|inactive|Rainbows4Dayz67 has 120 seconds left.\n|\n|t:|1698685100\n|-terastallize|p1a: sully|Flying\n|move|p2a: Pawmot|Fake Out|p1b: dushane\n|-damage|p1b: dushane|82\/100\n|cant|p1b: dushane|flinch\n|move|p1a: sully|Make It Rain|p2b: Ursaluna|[spread] p2a,p2b\n|-resisted|p2a: Pawmot\n|-damage|p2a: Pawmot|45\/100\n|-damage|p2b: Ursaluna|10\/100 brn\n|-unboost|p1a: sully|spa|1\n|move|p2b: Ursaluna|Earthquake|p1a: sully|[spread] p2a,p1b\n|-immune|p1a: sully\n|-supereffective|p2a: Pawmot\n|-supereffective|p1b: dushane\n|-damage|p2a: Pawmot|0 fnt\n|-damage|p1b: dushane|0 fnt\n|faint|p2a: Pawmot\n|faint|p1b: dushane\n|\n|-damage|p2b: Ursaluna|3\/100 brn|[from] brn\n|upkeep\n|\n|t:|1698685125\n|switch|p2a: Roaring Moon|Roaring Moon|100\/100\n|-damage|p2a: Roaring Moon|88\/100|[from] Spikes\n|-enditem|p2a: Roaring Moon|Booster Energy\n|-activate|p2a: Roaring Moon|ability: Protosynthesis|[fromitem]\n|-start|p2a: Roaring Moon|protosynthesisatk\n|turn|7\n|\n|t:|1698685135\n|-terastallize|p2a: Roaring Moon|Flying\n|move|p2a: Roaring Moon|Acrobatics|p1a: sully\n|-damage|p1a: sully|26\/100\n|move|p1a: sully|Make It Rain|p2b: Ursaluna|[spread] p2a,p2b\n|-damage|p2a: Roaring Moon|61\/100\n|-damage|p2b: Ursaluna|0 fnt\n|-unboost|p1a: sully|spa|1\n|faint|p2b: Ursaluna\n|\n|upkeep\n|\n|t:|1698685145\n|switch|p2b: Armarouge|Armarouge, F|100\/100\n|-damage|p2b: Armarouge|88\/100|[from] Spikes\n|turn|8\n|-message|Rainbows4Dayz67 forfeited.\n|\n|win|lobonatoca\n|raw|Rainbows4Dayz67's rating: 1168 &rarr; <strong>1150<\/strong><br \/>(-18 for losing)\n|raw|lobonatoca's rating: 1273 &rarr; <strong>1291<\/strong><br \/>(+18 for winning)\n|l|\u2606Rainbows4Dayz67\n","uploadtime":1698685153,"views":14,"p1id":"rainbows4dayz67","p2id":"lobonatoca","formatid":"gen9doublesou","rating":1150,"private":0,"password":""}