{"id":"gen9doublesou-1981673938","p1":"porpoiseQueen","p2":"jawsildc","format":"[Gen 9] Doubles OU","log":"|j|\u203dporpoiseQueen\n|j|\u2606jawsildc\n|t:|1698932526\n|gametype|doubles\n|player|p1|porpoiseQueen|2|1369\n|player|p2|jawsildc|nate|1496\n|teamsize|p1|6\n|teamsize|p2|6\n|gen|9\n|tier|[Gen 9] Doubles OU\n|rated|\n|rule|Species Clause: Limit one of each Pok\u00e9mon\n|rule|OHKO Clause: OHKO moves are banned\n|rule|Evasion Moves Clause: Evasion moves are banned\n|rule|Gravity Sleep Clause: The combination of sleep-inducing moves with imperfect accuracy and Gravity or Gigantamax Orbeetle are banned\n|rule|Endless Battle Clause: Forcing endless battles is banned\n|rule|HP Percentage Mod: HP is shown in percentages\n|clearpoke\n|poke|p1|Chi-Yu|\n|poke|p1|Flutter Mane|\n|poke|p1|Landorus-Therian, M|\n|poke|p1|Iron Hands|\n|poke|p1|Amoonguss, F|\n|poke|p1|Heatran, F|\n|poke|p2|Dragapult, M|\n|poke|p2|Grimmsnarl, M|\n|poke|p2|Farigiraf, M|\n|poke|p2|Chien-Pao|\n|poke|p2|Scovillain, M|\n|poke|p2|Milotic, F|\n|teampreview\n|inactive|Battle timer is ON: inactive players will automatically lose when time's up. (requested by jawsildc)\n|\n|t:|1698932538\n|start\n|switch|p1a: Heatran|Heatran, F|100\/100\n|switch|p1b: Iron Hands|Iron Hands|100\/100\n|switch|p2a: Grimmsnarl|Grimmsnarl, M, shiny|100\/100\n|switch|p2b: Scovillain|Scovillain, M|100\/100\n|turn|1\n|\n|t:|1698932561\n|move|p2a: Grimmsnarl|Fake Out|p1a: Heatran\n|-resisted|p1a: Heatran\n|-damage|p1a: Heatran|96\/100\n|move|p1b: Iron Hands|Fake Out|p2a: Grimmsnarl\n|-damage|p2a: Grimmsnarl|81\/100\n|cant|p1a: Heatran|flinch\n|move|p2b: Scovillain|Substitute|p2b: Scovillain\n|-start|p2b: Scovillain|Substitute\n|-damage|p2b: Scovillain|76\/100\n|\n|-heal|p2b: Scovillain|82\/100|[from] item: Leftovers\n|-heal|p2a: Grimmsnarl|87\/100|[from] item: Leftovers\n|-ability|p2b: Scovillain|Moody|boost\n|-boost|p2b: Scovillain|spa|2\n|-unboost|p2b: Scovillain|spd|1\n|upkeep\n|turn|2\n|inactive|porpoiseQueen has 120 seconds left.\n|\n|t:|1698932607\n|-end|p1b: Iron Hands|Quark Drive|[silent]\n|switch|p1b: Landorus|Landorus-Therian, M|100\/100\n|-ability|p1b: Landorus|Intimidate|boost\n|-unboost|p2a: Grimmsnarl|atk|1\n|-immune|p2b: Scovillain\n|move|p2b: Scovillain|Protect|p2b: Scovillain\n|-singleturn|p2b: Scovillain|Protect\n|move|p2a: Grimmsnarl|Thunder Wave|p1a: Heatran\n|-status|p1a: Heatran|par\n|cant|p1a: Heatran|par\n|\n|-heal|p2b: Scovillain|88\/100|[from] item: Leftovers\n|-heal|p2a: Grimmsnarl|93\/100|[from] item: Leftovers\n|-ability|p2b: Scovillain|Moody|boost\n|-boost|p2b: Scovillain|spe|2\n|-unboost|p2b: Scovillain|def|1\n|upkeep\n|turn|3\n|inactive|porpoiseQueen has 120 seconds left.\n|\n|t:|1698932642\n|move|p2b: Scovillain|Flamethrower|p1b: Landorus\n|-damage|p1b: Landorus|18\/100\n|-status|p1b: Landorus|brn\n|-enditem|p1b: Landorus|Sitrus Berry|[eat]\n|-heal|p1b: Landorus|43\/100 brn|[from] item: Sitrus Berry\n|move|p1b: Landorus|Taunt|p2b: Scovillain\n|-start|p2b: Scovillain|move: Taunt\n|move|p2a: Grimmsnarl|Spirit Break|p1a: Heatran\n|-resisted|p1a: Heatran\n|-damage|p1a: Heatran|91\/100 par\n|-unboost|p1a: Heatran|spa|1\n|move|p1a: Heatran|Flash Cannon|p2a: Grimmsnarl\n|-supereffective|p2a: Grimmsnarl\n|-damage|p2a: Grimmsnarl|44\/100\n|\n|-heal|p2b: Scovillain|94\/100|[from] item: Leftovers\n|-heal|p2a: Grimmsnarl|50\/100|[from] item: Leftovers\n|-damage|p1b: Landorus|37\/100 brn|[from] brn\n|-ability|p2b: Scovillain|Moody|boost\n|-boost|p2b: Scovillain|spa|2\n|-unboost|p2b: Scovillain|atk|1\n|upkeep\n|turn|4\n|inactive|porpoiseQueen has 120 seconds left.\n|\n|t:|1698932675\n|switch|p1a: Iron Hands|Iron Hands|100\/100\n|move|p2b: Scovillain|Giga Drain|p1b: Landorus\n|-damage|p1b: Landorus|0 fnt\n|-heal|p2b: Scovillain|100\/100|[from] drain|[of] p1b: Landorus\n|faint|p1b: Landorus\n|move|p2a: Grimmsnarl|Spirit Break|p1a: Iron Hands\n|-supereffective|p1a: Iron Hands\n|-damage|p1a: Iron Hands|69\/100\n|-unboost|p1a: Iron Hands|spa|1\n|\n|-heal|p2a: Grimmsnarl|56\/100|[from] item: Leftovers\n|-ability|p2b: Scovillain|Moody|boost\n|-boost|p2b: Scovillain|spe|2\n|-unboost|p2b: Scovillain|def|1\n|upkeep\n|inactive|porpoiseQueen has 90 seconds left.\n|\n|t:|1698932707\n|switch|p1b: Chi-Yu|Chi-Yu|100\/100\n|-ability|p1b: Chi-Yu|Beads of Ruin\n|turn|5\n|inactive|porpoiseQueen has 90 seconds left.\n|\n|t:|1698932722\n|move|p1a: Iron Hands|Fake Out|p2b: Scovillain\n|-end|p2b: Scovillain|Substitute\n|move|p2b: Scovillain|Flamethrower|p1a: Iron Hands\n|-damage|p1a: Iron Hands|0 fnt\n|faint|p1a: Iron Hands\n|-end|p1a: Iron Hands|Quark Drive|[silent]\n|move|p1b: Chi-Yu|Heat Wave|p2a: Grimmsnarl|[spread] p2a,p2b\n|-damage|p2a: Grimmsnarl|0 fnt\n|-damage|p2b: Scovillain|0 fnt\n|faint|p2a: Grimmsnarl\n|faint|p2b: Scovillain\n|\n|upkeep\n|\n|t:|1698932734\n|switch|p2b: Dragapult|Dragapult, M|100\/100\n|switch|p2a: Milotic|Milotic, F|100\/100\n|switch|p1a: Flutter Mane|Flutter Mane|100\/100\n|turn|6\n|inactive|porpoiseQueen has 120 seconds left.\n|\n|t:|1698932745\n|-terastallize|p1a: Flutter Mane|Fairy\n|move|p2b: Dragapult|U-turn|p1b: Chi-Yu\n|-damage|p1b: Chi-Yu|44\/100\n|\n|t:|1698932749\n|switch|p2b: Farigiraf|Farigiraf, M|100\/100|[from] U-turn\n|move|p1a: Flutter Mane|Shadow Ball|p2b: Farigiraf\n|-immune|p2b: Farigiraf\n|move|p1b: Chi-Yu|Heat Wave|p2a: Milotic|[spread] p2a,p2b\n|-resisted|p2a: Milotic\n|-crit|p2b: Farigiraf\n|-damage|p2a: Milotic|72\/100\n|-damage|p2b: Farigiraf|0 fnt\n|faint|p2b: Farigiraf\n|move|p2a: Milotic|Hydro Pump|p1b: Chi-Yu|[miss]\n|-miss|p2a: Milotic|p1b: Chi-Yu\n|\n|-heal|p2a: Milotic|78\/100|[from] item: Leftovers\n|upkeep\n|\n|t:|1698932763\n|switch|p2b: Chien-Pao|Chien-Pao|100\/100\n|-ability|p2b: Chien-Pao|Sword of Ruin\n|turn|7\n|\n|t:|1698932773\n|-terastallize|p2a: Milotic|Poison\n|move|p2b: Chien-Pao|Sacred Sword|p1b: Chi-Yu\n|-supereffective|p1b: Chi-Yu\n|-damage|p1b: Chi-Yu|0 fnt\n|faint|p1b: Chi-Yu\n|move|p1a: Flutter Mane|Shadow Ball|p2b: Chien-Pao\n|-resisted|p2b: Chien-Pao\n|-damage|p2b: Chien-Pao|53\/100\n|move|p2a: Milotic|Tera Blast|p1a: Flutter Mane|[anim] Tera Blast Poison\n|-supereffective|p1a: Flutter Mane\n|-damage|p1a: Flutter Mane|39\/100\n|\n|-heal|p2a: Milotic|84\/100|[from] item: Leftovers\n|upkeep\n|\n|t:|1698932787\n|switch|p1b: Amoonguss|Amoonguss, F|100\/100\n|turn|8\n|\n|t:|1698932800\n|move|p1b: Amoonguss|Rage Powder|p1b: Amoonguss\n|-singleturn|p1b: Amoonguss|move: Rage Powder\n|move|p2b: Chien-Pao|Ice Spinner|p1b: Amoonguss\n|-supereffective|p1b: Amoonguss\n|-damage|p1b: Amoonguss|5\/100\n|-enditem|p1b: Amoonguss|Sitrus Berry|[eat]\n|-heal|p1b: Amoonguss|30\/100|[from] item: Sitrus Berry\n|move|p1a: Flutter Mane|Shadow Ball|p2a: Milotic\n|-damage|p2a: Milotic|43\/100\n|move|p2a: Milotic|Blizzard|p1b: Amoonguss|[spread] p1a,p1b\n|-supereffective|p1b: Amoonguss\n|-damage|p1a: Flutter Mane|18\/100\n|-damage|p1b: Amoonguss|0 fnt\n|faint|p1b: Amoonguss\n|\n|-heal|p2a: Milotic|49\/100|[from] item: Leftovers\n|upkeep\n|\n|t:|1698932817\n|switch|p1b: Heatran|Heatran, F|91\/100 par\n|turn|9\n|\n|t:|1698932827\n|move|p2b: Chien-Pao|Ice Spinner|p1a: Flutter Mane\n|-damage|p1a: Flutter Mane|0 fnt\n|faint|p1a: Flutter Mane\n|-end|p1a: Flutter Mane|Protosynthesis|[silent]\n|move|p2a: Milotic|Hydro Pump|p1b: Heatran|[miss]\n|-miss|p2a: Milotic|p1b: Heatran\n|move|p1b: Heatran|Heat Wave|p2a: Milotic|[spread] p2a,p2b\n|-supereffective|p2b: Chien-Pao\n|-damage|p2a: Milotic|20\/100\n|-damage|p2b: Chien-Pao|0 fnt\n|faint|p2b: Chien-Pao\n|\n|-heal|p2a: Milotic|26\/100|[from] item: Leftovers\n|upkeep\n|\n|t:|1698932830\n|switch|p2b: Dragapult|Dragapult, M|100\/100\n|turn|10\n|\n|t:|1698932853\n|move|p2b: Dragapult|Phantom Force||[still]\n|-prepare|p2b: Dragapult|Phantom Force\n|move|p2a: Milotic|Hydro Pump|p1b: Heatran\n|-supereffective|p1b: Heatran\n|-crit|p1b: Heatran\n|-damage|p1b: Heatran|2\/100 par\n|move|p1b: Heatran|Earth Power|p2a: Milotic\n|-supereffective|p2a: Milotic\n|-damage|p2a: Milotic|0 fnt\n|faint|p2a: Milotic\n|\n|upkeep\n|turn|11\n|\n|t:|1698932864\n|move|p2b: Dragapult|Phantom Force|p1b: Heatran|[from]lockedmove\n|-damage|p1b: Heatran|0 fnt\n|faint|p1b: Heatran\n|\n|win|jawsildc\n|raw|porpoiseQueen's rating: 1369 &rarr; <strong>1356<\/strong><br \/>(-13 for losing)\n|raw|jawsildc's rating: 1496 &rarr; <strong>1509<\/strong><br \/>(+13 for winning)\n|l|\u2606jawsildc\n","uploadtime":1698932871,"views":24,"p1id":"porpoisequeen","p2id":"jawsildc","formatid":"gen9doublesou","rating":1356,"private":0,"password":""}