{"id":"gen9doublesou-1997211606","p1":"trump43200","p2":"MageDream\/UHE","format":"[Gen 9] Doubles OU","log":"|j|\u2606trump43200\n|j|\u2606MageDream\/UHE\n|t:|1700776068\n|gametype|doubles\n|player|p1|trump43200|265|1422\n|player|p2|MageDream\/UHE|chuck|1422\n|teamsize|p1|6\n|teamsize|p2|6\n|gen|9\n|tier|[Gen 9] Doubles OU\n|rated|\n|rule|Species Clause: Limit one of each Pok\u00e9mon\n|rule|OHKO Clause: OHKO moves are banned\n|rule|Evasion Moves Clause: Evasion moves are banned\n|rule|Gravity Sleep Clause: The combination of sleep-inducing moves with imperfect accuracy and Gravity or Gigantamax Orbeetle are banned\n|rule|Endless Battle Clause: Forcing endless battles is banned\n|rule|HP Percentage Mod: HP is shown in percentages\n|clearpoke\n|poke|p1|Overqwil, M|\n|poke|p1|Coalossal, F|\n|poke|p1|Flamigo, F|\n|poke|p1|Indeedee-F, F|\n|poke|p1|Armarouge, M|\n|poke|p1|Torkoal, F|\n|poke|p2|Arcanine, F|\n|poke|p2|Rillaboom, M|\n|poke|p2|Walking Wake|\n|poke|p2|Sableye, M|\n|poke|p2|Lilligant-Hisui, F|\n|poke|p2|Ninetales, F|\n|teampreview\n|inactive|Battle timer is ON: inactive players will automatically lose when time's up. (requested by trump43200)\n|\n|t:|1700776079\n|start\n|switch|p1a: Overqwil|Overqwil, M|100\/100\n|switch|p1b: Coalossal|Coalossal, F|100\/100\n|switch|p2a: Sableye|Sableye, M|100\/100\n|switch|p2b: Ninetales|Ninetales, F, shiny|100\/100\n|-weather|SunnyDay|[from] ability: Drought|[of] p2b: Ninetales\n|-ability|p1a: Overqwil|Intimidate|boost\n|-unboost|p2a: Sableye|atk|1\n|-unboost|p2b: Ninetales|atk|1\n|turn|1\n|\n|t:|1700776098\n|move|p1a: Overqwil|Aqua Jet|p1b: Coalossal\n|-supereffective|p1b: Coalossal\n|-damage|p1b: Coalossal|90\/100\n|-ability|p1b: Coalossal|Steam Engine|boost\n|-boost|p1b: Coalossal|spe|6\n|-enditem|p1b: Coalossal|Weakness Policy\n|-boost|p1b: Coalossal|atk|2|[from] item: Weakness Policy\n|-boost|p1b: Coalossal|spa|2|[from] item: Weakness Policy\n|move|p2a: Sableye|Light Screen|p2a: Sableye\n|-sidestart|p2: MageDream\/UHE|move: Light Screen\n|move|p1b: Coalossal|Heat Wave|p2b: Ninetales|[spread] p2a,p2b\n|-resisted|p2b: Ninetales\n|-damage|p2a: Sableye|7\/100\n|-damage|p2b: Ninetales|65\/100\n|move|p2b: Ninetales|Solar Beam||[still]\n|-prepare|p2b: Ninetales|Solar Beam\n|-anim|p2b: Ninetales|Solar Beam|p1b: Coalossal\n|-damage|p1b: Coalossal|59\/100\n|\n|-weather|SunnyDay|[upkeep]\n|upkeep\n|turn|2\n|inactive|trump43200 has 120 seconds left.\n|inactive|MageDream\/UHE has 120 seconds left.\n|\n|t:|1700776137\n|switch|p2b: Walking Wake|Walking Wake|100\/100\n|-activate|p2b: Walking Wake|ability: Protosynthesis\n|-start|p2b: Walking Wake|protosynthesisspa\n|move|p1a: Overqwil|Aqua Jet|p2a: Sableye\n|-damage|p2a: Sableye|4\/100\n|move|p2a: Sableye|Thunder Wave|p1b: Coalossal\n|-status|p1b: Coalossal|par\n|move|p1b: Coalossal|Power Gem|p2b: Walking Wake\n|-damage|p2b: Walking Wake|64\/100\n|\n|-weather|SunnyDay|[upkeep]\n|upkeep\n|turn|3\n|inactive|trump43200 has 120 seconds left.\n|\n|t:|1700776163\n|switch|p1a: Indeedee|Indeedee-F, F, shiny|100\/100\n|-fieldstart|move: Psychic Terrain|[from] ability: Psychic Surge|[of] p1a: Indeedee\n|switch|p2a: Rillaboom|Rillaboom, M|100\/100\n|-fieldstart|move: Grassy Terrain|[from] ability: Grassy Surge|[of] p2a: Rillaboom\n|move|p1b: Coalossal|Protect|p1b: Coalossal\n|-singleturn|p1b: Coalossal|Protect\n|move|p2b: Walking Wake|Hydro Steam|p1b: Coalossal\n|-activate|p1b: Coalossal|move: Protect\n|\n|-weather|SunnyDay|[upkeep]\n|-heal|p2b: Walking Wake|70\/100|[from] Grassy Terrain\n|-heal|p1b: Coalossal|65\/100 par|[from] Grassy Terrain\n|upkeep\n|turn|4\n|inactive|trump43200 has 120 seconds left.\n|inactive|MageDream\/UHE has 120 seconds left.\n|\n|t:|1700776199\n|-terastallize|p2a: Rillaboom|Fire\n|move|p1a: Indeedee|Follow Me|p1a: Indeedee\n|-singleturn|p1a: Indeedee|move: Follow Me\n|move|p2b: Walking Wake|Hydro Steam|p1a: Indeedee\n|-damage|p1a: Indeedee|26\/100\n|-enditem|p1a: Indeedee|Sitrus Berry|[eat]\n|-heal|p1a: Indeedee|51\/100|[from] item: Sitrus Berry\n|move|p2a: Rillaboom|Wood Hammer|p1a: Indeedee\n|-damage|p1a: Indeedee|0 fnt\n|faint|p1a: Indeedee\n|-damage|p2a: Rillaboom|84\/100|[from] Recoil\n|move|p1b: Coalossal|Heat Wave|p2a: Rillaboom|[spread] p2a,p2b\n|-resisted|p2a: Rillaboom\n|-resisted|p2b: Walking Wake\n|-damage|p2a: Rillaboom|42\/100\n|-damage|p2b: Walking Wake|58\/100\n|-status|p2b: Walking Wake|brn\n|\n|-weather|SunnyDay|[upkeep]\n|-heal|p2b: Walking Wake|64\/100 brn|[from] Grassy Terrain\n|-heal|p2a: Rillaboom|48\/100|[from] Grassy Terrain\n|-heal|p1b: Coalossal|72\/100 par|[from] Grassy Terrain\n|-damage|p2b: Walking Wake|58\/100 brn|[from] brn\n|upkeep\n|inactive|trump43200 has 120 seconds left.\n|\n|t:|1700776219\n|switch|p1a: Flamigo|Flamigo, F|100\/100\n|-copyboost|p1a: Flamigo|p1b: Coalossal|[from] ability: Costar\n|turn|5\n|inactive|trump43200 has 120 seconds left.\n|inactive|MageDream\/UHE has 120 seconds left.\n|inactive|trump43200 has 90 seconds left.\n|\n|t:|1700776265\n|-end|p2b: Walking Wake|Protosynthesis|[silent]\n|switch|p2b: Arcanine|Arcanine, F, shiny|100\/100\n|-ability|p2b: Arcanine|Intimidate|boost\n|-unboost|p1a: Flamigo|atk|1\n|-unboost|p1b: Coalossal|atk|1\n|move|p1a: Flamigo|Acrobatics|p2b: Arcanine\n|-damage|p2b: Arcanine|42\/100\n|move|p2a: Rillaboom|Wood Hammer|p1b: Coalossal\n|-damage|p1b: Coalossal|0 fnt\n|faint|p1b: Coalossal\n|-damage|p2a: Rillaboom|20\/100|[from] Recoil\n|\n|-weather|none\n|-heal|p2b: Arcanine|48\/100|[from] Grassy Terrain\n|-heal|p2a: Rillaboom|26\/100|[from] Grassy Terrain\n|-sideend|p2: MageDream\/UHE|move: Light Screen\n|upkeep\n|\n|t:|1700776283\n|switch|p1b: Overqwil|Overqwil, M|100\/100\n|-ability|p1b: Overqwil|Intimidate|boost\n|-unboost|p2a: Rillaboom|atk|1\n|-unboost|p2b: Arcanine|atk|1\n|turn|6\n|inactive|trump43200 has 90 seconds left.\n|inactive|MageDream\/UHE has 120 seconds left.\n|\n|t:|1700776309\n|switch|p2b: Lilligant|Lilligant-Hisui, F|100\/100\n|switch|p2a: Ninetales|Ninetales, F, shiny|65\/100\n|-weather|SunnyDay|[from] ability: Drought|[of] p2a: Ninetales\n|move|p1a: Flamigo|Acrobatics|p2b: Lilligant\n|-supereffective|p2b: Lilligant\n|-damage|p2b: Lilligant|0 fnt\n|faint|p2b: Lilligant\n|move|p1b: Overqwil|Toxic Spikes|p2a: Ninetales\n|-sidestart|p2: MageDream\/UHE|move: Toxic Spikes\n|\n|-weather|SunnyDay|[upkeep]\n|-heal|p2a: Ninetales|71\/100|[from] Grassy Terrain\n|upkeep\n|inactive|MageDream\/UHE has 120 seconds left.\n|\n|t:|1700776331\n|switch|p2b: Sableye|Sableye, M|4\/100\n|turn|7\n|\n|t:|1700776342\n|move|p2b: Sableye|Fake Out|p1a: Flamigo\n|-damage|p1a: Flamigo|91\/100\n|move|p1b: Overqwil|Aqua Jet|p2b: Sableye\n|-damage|p2b: Sableye|0 fnt\n|faint|p2b: Sableye\n|cant|p1a: Flamigo|flinch\n|move|p2a: Ninetales|Weather Ball|p1a: Flamigo\n|-damage|p1a: Flamigo|0 fnt\n|faint|p1a: Flamigo\n|\n|-weather|SunnyDay|[upkeep]\n|-heal|p2a: Ninetales|77\/100|[from] Grassy Terrain\n|-fieldend|move: Grassy Terrain\n|upkeep\n|inactive|trump43200 has 120 seconds left.\n|\n|t:|1700776366\n|switch|p1a: Armarouge|Armarouge, M|100\/100\n|switch|p2b: Walking Wake|Walking Wake|58\/100 brn\n|-activate|p2b: Walking Wake|ability: Protosynthesis\n|-start|p2b: Walking Wake|protosynthesisspa\n|turn|8\n|inactive|trump43200 has 120 seconds left.\n|inactive|MageDream\/UHE has 120 seconds left.\n|\n|t:|1700776408\n|switch|p2a: Arcanine|Arcanine, F, shiny|48\/100\n|-status|p2a: Arcanine|psn\n|-ability|p2a: Arcanine|Intimidate|boost\n|-unboost|p1a: Armarouge|atk|1\n|-unboost|p1b: Overqwil|atk|1\n|move|p1a: Armarouge|Endure|p1a: Armarouge\n|-singleturn|p1a: Armarouge|move: Endure\n|move|p1b: Overqwil|Aqua Jet|p1a: Armarouge\n|-supereffective|p1a: Armarouge\n|-damage|p1a: Armarouge|96\/100\n|-ability|p1a: Armarouge|Weak Armor|boost\n|-unboost|p1a: Armarouge|def|1\n|-boost|p1a: Armarouge|spe|2\n|-enditem|p2a: Arcanine|Mirror Herb\n|-boost|p2a: Arcanine|spe|2|[from] item: Mirror Herb\n|-enditem|p1a: Armarouge|Weakness Policy\n|-boost|p1a: Armarouge|atk|2|[from] item: Weakness Policy\n|-boost|p1a: Armarouge|spa|2|[from] item: Weakness Policy\n|move|p2b: Walking Wake|Draco Meteor|p1a: Armarouge\n|-activate|p1a: Armarouge|move: Endure\n|-damage|p1a: Armarouge|1\/100\n|-unboost|p2b: Walking Wake|spa|2\n|\n|-weather|SunnyDay|[upkeep]\n|-damage|p2a: Arcanine|36\/100 psn|[from] psn\n|-damage|p2b: Walking Wake|52\/100 brn|[from] brn\n|upkeep\n|turn|9\n|inactive|MageDream\/UHE has 120 seconds left.\n|inactive|trump43200 has 120 seconds left.\n|\n|t:|1700776443\n|move|p2a: Arcanine|Extreme Speed|p1a: Armarouge\n|-damage|p1a: Armarouge|0 fnt\n|faint|p1a: Armarouge\n|move|p2b: Walking Wake|Hydro Steam|p1b: Overqwil\n|-damage|p1b: Overqwil|55\/100\n|move|p1b: Overqwil|Toxic Spikes|p2a: Arcanine\n|-sidestart|p2: MageDream\/UHE|move: Toxic Spikes\n|\n|-weather|SunnyDay|[upkeep]\n|-damage|p2a: Arcanine|24\/100 psn|[from] psn\n|-damage|p2b: Walking Wake|46\/100 brn|[from] brn\n|upkeep\n|\n|t:|1700776451\n|switch|p1a: Torkoal|Torkoal, F|100\/100\n|turn|10\n|\n|t:|1700776464\n|move|p1b: Overqwil|Aqua Jet|p2a: Arcanine\n|-supereffective|p2a: Arcanine\n|-damage|p2a: Arcanine|17\/100 psn\n|move|p2a: Arcanine|Snarl|p1b: Overqwil|[spread] p1a,p1b\n|-resisted|p1b: Overqwil\n|-damage|p1a: Torkoal|92\/100\n|-damage|p1b: Overqwil|49\/100\n|-unboost|p1a: Torkoal|spa|1\n|-unboost|p1b: Overqwil|spa|1\n|move|p2b: Walking Wake|Hydro Steam|p1a: Torkoal\n|-supereffective|p1a: Torkoal\n|-damage|p1a: Torkoal|22\/100\n|move|p1a: Torkoal|Solar Beam||[still]\n|-prepare|p1a: Torkoal|Solar Beam\n|-anim|p1a: Torkoal|Solar Beam|p2b: Walking Wake\n|-damage|p2b: Walking Wake|29\/100 brn\n|\n|-weather|none\n|-end|p2b: Walking Wake|Protosynthesis\n|-damage|p2a: Arcanine|4\/100 psn|[from] psn\n|-damage|p2b: Walking Wake|22\/100 brn|[from] brn\n|upkeep\n|turn|11\n|inactive|MageDream\/UHE has 120 seconds left.\n|\n|t:|1700776502\n|-end|p2b: Walking Wake|Protosynthesis|[silent]\n|switch|p2b: Ninetales|Ninetales, F, shiny|77\/100\n|-status|p2b: Ninetales|tox\n|-weather|SunnyDay|[from] ability: Drought|[of] p2b: Ninetales\n|move|p2a: Arcanine|Extreme Speed|p1b: Overqwil\n|-damage|p1b: Overqwil|25\/100\n|-damage|p2a: Arcanine|0 fnt|[from] item: Rocky Helmet|[of] p1b: Overqwil\n|faint|p2a: Arcanine\n|move|p1b: Overqwil|Aqua Jet|p2b: Ninetales\n|-supereffective|p2b: Ninetales\n|-damage|p2b: Ninetales|69\/100 tox\n|move|p1a: Torkoal|Heat Wave|p2b: Ninetales\n|-resisted|p2b: Ninetales\n|-damage|p2b: Ninetales|43\/100 tox\n|\n|-weather|SunnyDay|[upkeep]\n|-damage|p2b: Ninetales|37\/100 tox|[from] psn\n|upkeep\n|\n|t:|1700776518\n|switch|p2a: Rillaboom|Rillaboom, M, tera:Fire|26\/100\n|-status|p2a: Rillaboom|tox\n|-fieldstart|move: Grassy Terrain|[from] ability: Grassy Surge|[of] p2a: Rillaboom\n|turn|12\n|inactive|MageDream\/UHE has 120 seconds left.\n|\n|t:|1700776543\n|move|p2a: Rillaboom|Grassy Glide|p1b: Overqwil\n|-resisted|p1b: Overqwil\n|-damage|p1b: Overqwil|0 fnt\n|-damage|p2a: Rillaboom|10\/100 tox|[from] item: Rocky Helmet|[of] p1b: Overqwil\n|faint|p1b: Overqwil\n|move|p2b: Ninetales|Healing Wish|p2b: Ninetales\n|faint|p2b: Ninetales\n|move|p1a: Torkoal|Heat Wave|p2a: Rillaboom\n|-resisted|p2a: Rillaboom\n|-damage|p2a: Rillaboom|0 fnt\n|faint|p2a: Rillaboom\n|\n|-weather|SunnyDay|[upkeep]\n|-heal|p1a: Torkoal|28\/100|[from] Grassy Terrain\n|upkeep\n|\n|t:|1700776553\n|switch|p2b: Walking Wake|Walking Wake|22\/100 brn\n|-heal|p2b: Walking Wake|100\/100|[from] move: Healing Wish\n|-status|p2b: Walking Wake|tox\n|-activate|p2b: Walking Wake|ability: Protosynthesis\n|-start|p2b: Walking Wake|protosynthesisspa\n|turn|13\n|\n|t:|1700776562\n|move|p2b: Walking Wake|Draco Meteor|p1a: Torkoal\n|-damage|p1a: Torkoal|0 fnt\n|-unboost|p2b: Walking Wake|spa|2\n|faint|p1a: Torkoal\n|\n|win|MageDream\/UHE\n|raw|trump43200's rating: 1422 &rarr; <strong>1402<\/strong><br \/>(-20 for losing)\n|raw|MageDream&#x2f;UHE's rating: 1422 &rarr; <strong>1442<\/strong><br \/>(+20 for winning)\n|l|\u2606trump43200\n","uploadtime":1700776791,"views":9,"p1id":"trump43200","p2id":"magedreamuhe","formatid":"gen9doublesou","rating":1402,"private":0,"password":""}