{"id":"gen9doublesou-1997625601","p1":"vegetasfeet","p2":"SunmonS","format":"[Gen 9] Doubles OU","log":"|j|\u2606vegetasfeet\n|j|\u2606SunmonS\n|t:|1700834586\n|gametype|doubles\n|player|p1|vegetasfeet|brycen|1310\n|player|p2|SunmonS|clay|1350\n|teamsize|p1|6\n|teamsize|p2|6\n|gen|9\n|tier|[Gen 9] Doubles OU\n|rated|\n|rule|Species Clause: Limit one of each Pok\u00e9mon\n|rule|OHKO Clause: OHKO moves are banned\n|rule|Evasion Moves Clause: Evasion moves are banned\n|rule|Gravity Sleep Clause: The combination of sleep-inducing moves with imperfect accuracy and Gravity or Gigantamax Orbeetle are banned\n|rule|Endless Battle Clause: Forcing endless battles is banned\n|rule|HP Percentage Mod: HP is shown in percentages\n|clearpoke\n|poke|p1|Kingambit, M|\n|poke|p1|Goodra-Hisui, M|\n|poke|p1|Flutter Mane|\n|poke|p1|Rillaboom, F|\n|poke|p1|Dragonite, M|\n|poke|p1|Iron Hands|\n|poke|p2|Cloyster, F|\n|poke|p2|Ogerpon-Wellspring, F|\n|poke|p2|Maushold|\n|poke|p2|Wyrdeer, M|\n|poke|p2|Articuno-Galar|\n|poke|p2|Hoopa-Unbound|\n|teampreview\n|inactive|Battle timer is ON: inactive players will automatically lose when time's up. (requested by SunmonS)\n|\n|t:|1700834614\n|start\n|switch|p1a: Iron Hands|Iron Hands|100\/100\n|switch|p1b: Rillaboom|Rillaboom, F|100\/100\n|switch|p2a: Articuno|Articuno-Galar|100\/100\n|switch|p2b: Wyrdeer|Wyrdeer, M|100\/100\n|-fieldstart|move: Grassy Terrain|[from] ability: Grassy Surge|[of] p1b: Rillaboom\n|-ability|p2b: Wyrdeer|Intimidate|boost\n|-unboost|p1a: Iron Hands|atk|1\n|-unboost|p1b: Rillaboom|atk|1\n|-enditem|p1a: Iron Hands|Booster Energy\n|-activate|p1a: Iron Hands|ability: Quark Drive|[fromitem]\n|-start|p1a: Iron Hands|quarkdriveatk\n|turn|1\n|\n|t:|1700834638\n|move|p2a: Articuno|Protect|p2a: Articuno\n|-singleturn|p2a: Articuno|Protect\n|move|p1a: Iron Hands|Fake Out|p2b: Wyrdeer\n|-damage|p2b: Wyrdeer|89\/100\n|move|p1b: Rillaboom|U-turn|p2a: Articuno\n|-activate|p2a: Articuno|move: Protect\n|cant|p2b: Wyrdeer|flinch\n|\n|-heal|p2b: Wyrdeer|95\/100|[from] Grassy Terrain\n|upkeep\n|turn|2\n|inactive|SunmonS has 120 seconds left.\n|\n|t:|1700834669\n|-terastallize|p2a: Articuno|Fairy\n|move|p1b: Rillaboom|Grassy Glide|p2a: Articuno\n|-damage|p2a: Articuno|75\/100\n|move|p2a: Articuno|Tera Blast|p1a: Iron Hands|[anim] Tera Blast Fairy\n|-supereffective|p1a: Iron Hands\n|-damage|p1a: Iron Hands|40\/100\n|move|p2b: Wyrdeer|Skill Swap|p1b: Rillaboom\n|-activate|p2b: Wyrdeer|move: Skill Swap|Grassy Surge|Intimidate|[of] p1b: Rillaboom\n|-ability|p1b: Rillaboom|Intimidate|boost\n|-unboost|p2a: Articuno|atk|1\n|-ability|p2a: Articuno|Competitive|boost\n|-boost|p2a: Articuno|spa|2\n|-enditem|p2a: Articuno|Adrenaline Orb\n|-boost|p2a: Articuno|spe|1|[from] item: Adrenaline Orb\n|-unboost|p2b: Wyrdeer|atk|1\n|move|p1a: Iron Hands|Wild Charge|p2a: Articuno\n|-damage|p2a: Articuno|23\/100\n|-damage|p1a: Iron Hands|29\/100|[from] Recoil\n|\n|-heal|p2a: Articuno|29\/100|[from] Grassy Terrain\n|-heal|p2b: Wyrdeer|100\/100|[from] Grassy Terrain\n|-heal|p1a: Iron Hands|35\/100|[from] Grassy Terrain\n|upkeep\n|turn|3\n|inactive|SunmonS has 120 seconds left.\n|inactive|vegetasfeet has 120 seconds left.\n|\n|t:|1700834699\n|switch|p1b: Kingambit|Kingambit, M|100\/100\n|-end|p1a: Iron Hands|Quark Drive|[silent]\n|switch|p1a: Goodra|Goodra-Hisui, M|100\/100\n|move|p2a: Articuno|Protect|p2a: Articuno\n|-singleturn|p2a: Articuno|Protect\n|move|p2b: Wyrdeer|Thunder Wave|p1b: Kingambit\n|-status|p1b: Kingambit|par\n|\n|-heal|p2a: Articuno|35\/100|[from] Grassy Terrain\n|upkeep\n|turn|4\n|inactive|SunmonS has 120 seconds left.\n|\n|t:|1700834737\n|move|p2a: Articuno|Tera Blast|p1a: Goodra|[anim] Tera Blast Fairy\n|-damage|p1a: Goodra|58\/100\n|move|p2b: Wyrdeer|Thunder Wave|p1a: Goodra\n|-status|p1a: Goodra|par\n|move|p1a: Goodra|Heavy Slam|p2a: Articuno\n|-supereffective|p2a: Articuno\n|-damage|p2a: Articuno|0 fnt\n|faint|p2a: Articuno\n|move|p1b: Kingambit|Kowtow Cleave|p2b: Wyrdeer\n|-supereffective|p2b: Wyrdeer\n|-damage|p2b: Wyrdeer|0 fnt\n|faint|p2b: Wyrdeer\n|-damage|p1b: Kingambit|91\/100 par|[from] item: Life Orb\n|\n|-heal|p1a: Goodra|65\/100 par|[from] Grassy Terrain\n|-heal|p1a: Goodra|71\/100 par|[from] item: Leftovers\n|-heal|p1b: Kingambit|97\/100 par|[from] Grassy Terrain\n|upkeep\n|inactive|SunmonS has 90 seconds left.\n|\n|t:|1700834773\n|switch|p2a: Maushold|Maushold|100\/100\n|switch|p2b: Cloyster|Cloyster, F|100\/100\n|turn|5\n|inactive|SunmonS has 90 seconds left.\n|\n|t:|1700834791\n|move|p1b: Kingambit|Protect|p1b: Kingambit\n|-singleturn|p1b: Kingambit|Protect\n|move|p2a: Maushold|Follow Me|p2a: Maushold\n|-singleturn|p2a: Maushold|move: Follow Me\n|move|p2b: Cloyster|Shell Smash|p2b: Cloyster\n|-unboost|p2b: Cloyster|def|1\n|-unboost|p2b: Cloyster|spd|1\n|-boost|p2b: Cloyster|atk|2\n|-boost|p2b: Cloyster|spa|2\n|-boost|p2b: Cloyster|spe|2\n|-enditem|p2b: Cloyster|White Herb\n|-clearnegativeboost|p2b: Cloyster|[silent]\n|move|p1a: Goodra|Life Dew|p1a: Goodra|[spread] p1a,p1b\n|-heal|p1a: Goodra|96\/100 par\n|-heal|p1b: Kingambit|100\/100 par\n|\n|-heal|p1a: Goodra|100\/100 par|[from] Grassy Terrain\n|-fieldend|move: Grassy Terrain\n|upkeep\n|turn|6\n|inactive|SunmonS has 90 seconds left.\n|\n|t:|1700834820\n|move|p2b: Cloyster|Ice Beam|p1a: Goodra\n|-damage|p1a: Goodra|49\/100 par\n|move|p2a: Maushold|Encore|p1b: Kingambit\n|-start|p1b: Kingambit|Encore\n|move|p1a: Goodra|Body Press|p2b: Cloyster\n|-supereffective|p2b: Cloyster\n|-damage|p2b: Cloyster|75\/100\n|cant|p1b: Kingambit|par\n|\n|-heal|p1a: Goodra|55\/100 par|[from] item: Leftovers\n|upkeep\n|turn|7\n|\n|t:|1700834837\n|switch|p1b: Flutter Mane|Flutter Mane|100\/100\n|move|p2a: Maushold|Helping Hand|p2b: Cloyster\n|-singleturn|p2b: Cloyster|Helping Hand|[of] p2a: Maushold\n|move|p2b: Cloyster|Ice Beam|p1a: Goodra\n|-damage|p1a: Goodra|0 fnt\n|faint|p1a: Goodra\n|\n|upkeep\n|\n|t:|1700834844\n|switch|p1a: Iron Hands|Iron Hands|35\/100\n|turn|8\n|inactive|SunmonS has 120 seconds left.\n|inactive|SunmonS has 90 seconds left.\n|\n|t:|1700834894\n|move|p1a: Iron Hands|Fake Out|p2b: Cloyster\n|-damage|p2b: Cloyster|67\/100\n|move|p2a: Maushold|Follow Me|p2a: Maushold\n|-singleturn|p2a: Maushold|move: Follow Me\n|cant|p2b: Cloyster|flinch\n|move|p1b: Flutter Mane|Trick Room|p1b: Flutter Mane\n|-fieldstart|move: Trick Room|[of] p1b: Flutter Mane\n|\n|upkeep\n|turn|9\n|inactive|SunmonS has 90 seconds left.\n|inactive|vegetasfeet has 120 seconds left.\n|\n|t:|1700834938\n|move|p2a: Maushold|Helping Hand|p2b: Cloyster\n|-singleturn|p2b: Cloyster|Helping Hand|[of] p2a: Maushold\n|move|p1a: Iron Hands|Close Combat|p2b: Cloyster\n|-supereffective|p2b: Cloyster\n|-damage|p2b: Cloyster|0 fnt\n|-unboost|p1a: Iron Hands|def|1\n|-unboost|p1a: Iron Hands|spd|1\n|faint|p2b: Cloyster\n|move|p1b: Flutter Mane|Dazzling Gleam|p2a: Maushold\n|-damage|p2a: Maushold|53\/100\n|\n|upkeep\n|\n|t:|1700834952\n|switch|p2b: Hoopa|Hoopa-Unbound|100\/100\n|turn|10\n|inactive|SunmonS has 90 seconds left.\n|\n|t:|1700834984\n|-end|p1a: Iron Hands|Quark Drive|[silent]\n|switch|p1a: Rillaboom|Rillaboom, F|100\/100\n|-fieldstart|move: Grassy Terrain|[from] ability: Grassy Surge|[of] p1a: Rillaboom\n|-enditem|p1b: Flutter Mane|Grassy Seed\n|-boost|p1b: Flutter Mane|def|1|[from] item: Grassy Seed\n|move|p2a: Maushold|Follow Me|p2a: Maushold\n|-singleturn|p2a: Maushold|move: Follow Me\n|move|p2b: Hoopa|Hyperspace Fury|p1b: Flutter Mane\n|-damage|p1b: Flutter Mane|31\/100\n|-unboost|p2b: Hoopa|def|1\n|move|p1b: Flutter Mane|Dazzling Gleam|p2b: Hoopa|[spread] p2a,p2b\n|-supereffective|p2b: Hoopa\n|-damage|p2a: Maushold|14\/100\n|-damage|p2b: Hoopa|57\/100\n|-enditem|p2a: Maushold|Sitrus Berry|[eat]\n|-heal|p2a: Maushold|39\/100|[from] item: Sitrus Berry\n|\n|-heal|p2b: Hoopa|63\/100|[from] Grassy Terrain\n|-heal|p2a: Maushold|45\/100|[from] Grassy Terrain\n|-heal|p1b: Flutter Mane|37\/100|[from] Grassy Terrain\n|upkeep\n|turn|11\n|\n|t:|1700835014\n|move|p2a: Maushold|Follow Me|p2a: Maushold\n|-singleturn|p2a: Maushold|move: Follow Me\n|move|p1a: Rillaboom|U-turn|p2a: Maushold\n|-damage|p2a: Maushold|15\/100\n|\n|t:|1700835022\n|switch|p1a: Dragonite|Dragonite, M|100\/100|[from] U-turn\n|move|p2b: Hoopa|Zen Headbutt|p1a: Dragonite\n|-damage|p1a: Dragonite|51\/100\n|move|p1b: Flutter Mane|Dazzling Gleam|p2a: Maushold|[spread] p2a,p2b\n|-supereffective|p2b: Hoopa\n|-damage|p2a: Maushold|0 fnt\n|-damage|p2b: Hoopa|23\/100\n|faint|p2a: Maushold\n|\n|-heal|p2b: Hoopa|29\/100|[from] Grassy Terrain\n|-heal|p1b: Flutter Mane|43\/100|[from] Grassy Terrain\n|upkeep\n|\n|t:|1700835031\n|switch|p2a: Ogerpon|Ogerpon-Wellspring, F|100\/100\n|turn|12\n|inactive|SunmonS has 90 seconds left.\n|\n|t:|1700835054\n|move|p2a: Ogerpon|Follow Me|p2a: Ogerpon\n|-singleturn|p2a: Ogerpon|move: Follow Me\n|move|p1a: Dragonite|Ice Spinner|p2a: Ogerpon\n|-damage|p2a: Ogerpon|67\/100\n|-fieldend|move: Grassy Terrain\n|move|p2b: Hoopa|Hyperspace Fury|p1a: Dragonite\n|-damage|p1a: Dragonite|0 fnt\n|-unboost|p2b: Hoopa|def|1\n|faint|p1a: Dragonite\n|move|p1b: Flutter Mane|Dazzling Gleam|p2b: Hoopa|[spread] p2a,p2b\n|-supereffective|p2b: Hoopa\n|-damage|p2a: Ogerpon|39\/100\n|-damage|p2b: Hoopa|0 fnt\n|faint|p2b: Hoopa\n|\n|-fieldend|move: Trick Room\n|upkeep\n|-message|SunmonS forfeited.\n|\n|win|vegetasfeet\n|raw|vegetasfeet's rating: 1310 &rarr; <strong>1332<\/strong><br \/>(+22 for winning)\n|raw|SunmonS's rating: 1350 &rarr; <strong>1328<\/strong><br \/>(-22 for losing)\n|l|\u2606SunmonS\n","uploadtime":1700835072,"views":3,"p1id":"vegetasfeet","p2id":"sunmons","formatid":"gen9doublesou","rating":1328,"private":0,"password":""}