{"id":"gen9doublesou-1974803408","p1":"codyreborn","p2":"andy1510","format":"[Gen 9] Doubles OU","log":"|j|\u2606codyreborn\n|j|\u2606andy1510\n|t:|1698127052\n|gametype|doubles\n|player|p1|codyreborn|pokemaniac|1318\n|player|p2|andy1510|youngster-gen4dp|1497\n|teamsize|p1|6\n|teamsize|p2|6\n|gen|9\n|tier|[Gen 9] Doubles OU\n|rated|\n|rule|Species Clause: Limit one of each Pok\u00e9mon\n|rule|OHKO Clause: OHKO moves are banned\n|rule|Evasion Moves Clause: Evasion moves are banned\n|rule|Gravity Sleep Clause: The combination of sleep-inducing moves with imperfect accuracy and Gravity or Gigantamax Orbeetle are banned\n|rule|Endless Battle Clause: Forcing endless battles is banned\n|rule|HP Percentage Mod: HP is shown in percentages\n|clearpoke\n|poke|p1|Raichu, M|\n|poke|p1|Sylveon, F|\n|poke|p1|Heatran, M|\n|poke|p1|Milotic, F|\n|poke|p1|Kingambit, M|\n|poke|p1|Dragonite, M|\n|poke|p2|Empoleon, F|\n|poke|p2|Kingambit, F|\n|poke|p2|Wigglytuff, F|\n|poke|p2|Articuno-Galar|\n|poke|p2|Hatterene, F|\n|poke|p2|Vikavolt, M|\n|teampreview\n|\n|t:|1698127056\n|start\n|switch|p1a: Dragonite|Dragonite, M, shiny|100\/100\n|switch|p1b: Milotic|Milotic, F, shiny|100\/100\n|switch|p2a: Hatterene|Hatterene, F|100\/100\n|switch|p2b: Vikavolt|Vikavolt, M|100\/100\n|turn|1\n|c|\u2606andy1510|My two favorite Pokemon.\n|\n|t:|1698127082\n|switch|p1a: Raichu|Raichu, M, shiny|100\/100\n|-item|p1a: Raichu|Air Balloon\n|move|p1b: Milotic|Attract|p2b: Vikavolt\n|-start|p2b: Vikavolt|Attract\n|move|p2a: Hatterene|Skill Swap|p1a: Raichu\n|-activate|p2a: Hatterene|move: Skill Swap|Lightning Rod|Magic Bounce|[of] p1a: Raichu\n|-activate|p2b: Vikavolt|move: Attract|[of] p1b: Milotic\n|cant|p2b: Vikavolt|Attract\n|\n|-status|p1b: Milotic|brn|[from] item: Flame Orb\n|upkeep\n|turn|2\n|\n|t:|1698127109\n|move|p1a: Raichu|Nuzzle|p2a: Hatterene\n|-ability|p2a: Hatterene|Lightning Rod|boost\n|-boost|p2a: Hatterene|spa|1\n|move|p1b: Milotic|Scald|p2b: Vikavolt\n|-damage|p2b: Vikavolt|73\/100\n|-status|p2b: Vikavolt|brn\n|-activate|p2b: Vikavolt|move: Attract|[of] p1b: Milotic\n|cant|p2b: Vikavolt|Attract\n|move|p2a: Hatterene|Trick Room|p2a: Hatterene\n|-fieldstart|move: Trick Room|[of] p2a: Hatterene\n|\n|-damage|p2b: Vikavolt|67\/100 brn|[from] brn\n|-damage|p1b: Milotic|94\/100 brn|[from] brn\n|upkeep\n|turn|3\n|\n|t:|1698127131\n|-activate|p2b: Vikavolt|move: Attract|[of] p1b: Milotic\n|cant|p2b: Vikavolt|Attract\n|move|p2a: Hatterene|Dazzling Gleam|p1a: Raichu|[spread] p1a,p1b\n|-damage|p1a: Raichu|41\/100\n|-damage|p1b: Milotic|68\/100 brn\n|-enditem|p1a: Raichu|Air Balloon\n|move|p1b: Milotic|Scald|p2b: Vikavolt\n|-damage|p2b: Vikavolt|44\/100 brn\n|move|p1a: Raichu|Grass Knot|p2b: Vikavolt\n|-resisted|p2b: Vikavolt\n|-damage|p2b: Vikavolt|35\/100 brn\n|\n|-damage|p2b: Vikavolt|29\/100 brn|[from] brn\n|-damage|p1b: Milotic|62\/100 brn|[from] brn\n|upkeep\n|turn|4\n|\n|t:|1698127148\n|-activate|p2b: Vikavolt|move: Attract|[of] p1b: Milotic\n|cant|p2b: Vikavolt|Attract\n|move|p2a: Hatterene|Dazzling Gleam|p1a: Raichu|[spread] p1a,p1b\n|-damage|p1a: Raichu|0 fnt\n|-damage|p1b: Milotic|39\/100 brn\n|faint|p1a: Raichu\n|move|p1b: Milotic|Scald|p2a: Hatterene\n|-damage|p2a: Hatterene|78\/100\n|\n|-damage|p2b: Vikavolt|23\/100 brn|[from] brn\n|-damage|p1b: Milotic|33\/100 brn|[from] brn\n|upkeep\n|\n|t:|1698127159\n|switch|p1a: Kingambit|Kingambit, M, shiny|100\/100\n|turn|5\n|\n|t:|1698127170\n|-activate|p2b: Vikavolt|move: Attract|[of] p1b: Milotic\n|move|p2b: Vikavolt|Thunder|p2a: Hatterene\n|-activate|p2a: Hatterene|ability: Lightning Rod\n|-ability|p2a: Hatterene|Lightning Rod|boost\n|-boost|p2a: Hatterene|spa|1\n|move|p2a: Hatterene|Dazzling Gleam|p1a: Kingambit|[spread] p1a,p1b\n|-damage|p1a: Kingambit|54\/100\n|-damage|p1b: Milotic|0 fnt\n|faint|p1b: Milotic\n|-end|p2b: Vikavolt|Attract|[silent]\n|move|p1a: Kingambit|Swords Dance|p1a: Kingambit\n|-boost|p1a: Kingambit|atk|2\n|\n|-damage|p2b: Vikavolt|17\/100 brn|[from] brn\n|upkeep\n|\n|t:|1698127184\n|switch|p1b: Heatran|Heatran, M, shiny|100\/100\n|turn|6\n|\n|t:|1698127189\n|move|p1a: Kingambit|Sucker Punch|p2a: Hatterene\n|-damage|p2a: Hatterene|0 fnt\n|faint|p2a: Hatterene\n|move|p2b: Vikavolt|Rain Dance|p2b: Vikavolt\n|-weather|RainDance\n|move|p1b: Heatran|Magma Storm|p2b: Vikavolt\n|-supereffective|p2b: Vikavolt\n|-damage|p2b: Vikavolt|0 fnt\n|faint|p2b: Vikavolt\n|\n|-weather|RainDance|[upkeep]\n|-fieldend|move: Trick Room\n|upkeep\n|\n|t:|1698127203\n|switch|p2a: Articuno|Articuno-Galar|100\/100\n|switch|p2b: Empoleon|Empoleon, F|100\/100\n|turn|7\n|\n|t:|1698127215\n|move|p2a: Articuno|Protect|p2a: Articuno\n|-singleturn|p2a: Articuno|Protect\n|move|p1b: Heatran|Will-O-Wisp|p2b: Empoleon\n|-status|p2b: Empoleon|brn\n|move|p1a: Kingambit|Kowtow Cleave|p2a: Articuno\n|-activate|p2a: Articuno|move: Protect\n|move|p2b: Empoleon|Surf|p1b: Heatran|[spread] p1a,p1b\n|-activate|p2a: Articuno|move: Protect\n|-crit|p1a: Kingambit\n|-supereffective|p1b: Heatran\n|-damage|p1a: Kingambit|0 fnt\n|-damage|p1b: Heatran|37\/100\n|faint|p1a: Kingambit\n|\n|-weather|RainDance|[upkeep]\n|-heal|p1b: Heatran|43\/100|[from] item: Leftovers\n|-damage|p2b: Empoleon|94\/100 brn|[from] brn\n|upkeep\n|\n|t:|1698127232\n|switch|p1a: Sylveon|Sylveon, F, shiny|100\/100\n|turn|8\n|c|\u2606andy1510|Holy moly, that Heatran is tanky.\n|\n|t:|1698127243\n|-terastallize|p1a: Sylveon|Fairy\n|move|p1b: Heatran|Magma Storm|p2b: Empoleon|[miss]\n|-miss|p1b: Heatran|p2b: Empoleon\n|move|p1a: Sylveon|Hyper Voice|p2a: Articuno|[spread] p2a,p2b\n|-resisted|p2b: Empoleon\n|-damage|p2a: Articuno|52\/100\n|-damage|p2b: Empoleon|70\/100 brn\n|move|p2b: Empoleon|Flash Cannon|p1a: Sylveon\n|-supereffective|p1a: Sylveon\n|-damage|p1a: Sylveon|42\/100\n|move|p2a: Articuno|Trick Room|p2a: Articuno\n|-fieldstart|move: Trick Room|[of] p2a: Articuno\n|\n|-weather|RainDance|[upkeep]\n|-heal|p1b: Heatran|49\/100|[from] item: Leftovers\n|-damage|p2b: Empoleon|64\/100 brn|[from] brn\n|upkeep\n|turn|9\n|\n|t:|1698127257\n|move|p2a: Articuno|Protect|p2a: Articuno\n|-singleturn|p2a: Articuno|Protect\n|move|p2b: Empoleon|Surf|p1a: Sylveon|[spread] p1a,p1b\n|-activate|p2a: Articuno|move: Protect\n|-supereffective|p1b: Heatran\n|-damage|p1a: Sylveon|4\/100\n|-damage|p1b: Heatran|0 fnt\n|faint|p1b: Heatran\n|move|p1a: Sylveon|Hyper Voice|p2b: Empoleon|[spread] p2b\n|-activate|p2a: Articuno|move: Protect\n|-resisted|p2b: Empoleon\n|-damage|p2b: Empoleon|41\/100 brn\n|\n|-weather|RainDance|[upkeep]\n|-damage|p2b: Empoleon|35\/100 brn|[from] brn\n|upkeep\n|n|!codyreborn|codyreborn\n|-message|codyreborn forfeited.\n|\n|win|andy1510\n|raw|codyreborn's rating: 1318 &rarr; <strong>1307<\/strong><br \/>(-11 for losing)\n|raw|andy1510's rating: 1497 &rarr; <strong>1508<\/strong><br \/>(+11 for winning)\n","uploadtime":1698127267,"views":19,"p1id":"codyreborn","p2id":"andy1510","formatid":"gen9doublesou","rating":1307,"private":0,"password":""}