{"id":"gen9doublesou-1971333990","p1":"klaylton","p2":"Deriverse","format":"[Gen 9] Doubles OU","log":"|j|\u2606klaylton\n|j|\u2606Deriverse\n|t:|1697730314\n|gametype|doubles\n|player|p1|klaylton|waitress-gen4|1461\n|player|p2|Deriverse|roxanne|1424\n|teamsize|p1|6\n|teamsize|p2|6\n|gen|9\n|tier|[Gen 9] Doubles OU\n|rated|\n|rule|Species Clause: Limit one of each Pok\u00e9mon\n|rule|OHKO Clause: OHKO moves are banned\n|rule|Evasion Moves Clause: Evasion moves are banned\n|rule|Gravity Sleep Clause: The combination of sleep-inducing moves with imperfect accuracy and Gravity or Gigantamax Orbeetle are banned\n|rule|Endless Battle Clause: Forcing endless battles is banned\n|rule|HP Percentage Mod: HP is shown in percentages\n|clearpoke\n|poke|p1|Maushold|\n|poke|p1|Scream Tail|\n|poke|p1|Oricorio-Pom-Pom, F|\n|poke|p1|Volcarona, F|\n|poke|p1|Chien-Pao|\n|poke|p1|Ting-Lu|\n|poke|p2|Regieleki|\n|poke|p2|Probopass, M|\n|poke|p2|Slowbro, M|\n|poke|p2|Amoonguss, F|\n|poke|p2|Iron Hands|\n|poke|p2|Kingambit, M|\n|teampreview\n|l|\u2606klaylton\n|player|p1|\n|inactive|Battle timer is ON: inactive players will automatically lose when time's up. (requested by Deriverse)\n|j| JBUG0617\n|j|\u2606klaylton\n|inactive|klaylton reconnected and has 140 seconds left.\n|player|p1|klaylton|waitress-gen4\n|\n|t:|1697730340\n|start\n|switch|p1a: Oricorio|Oricorio-Pom-Pom, F|100\/100\n|switch|p1b: Volcarona|Volcarona, F|100\/100\n|switch|p2a: Regieleki|Regieleki|100\/100\n|switch|p2b: Amoonguss|Amoonguss, F|100\/100\n|turn|1\n|\n|t:|1697730351\n|-terastallize|p1b: Volcarona|Grass\n|move|p1a: Oricorio|Protect|p1a: Oricorio\n|-singleturn|p1a: Oricorio|Protect\n|move|p2a: Regieleki|Thunder|p1b: Volcarona\n|-resisted|p1b: Volcarona\n|-damage|p1b: Volcarona|66\/100\n|-status|p1b: Volcarona|par\n|-damage|p2a: Regieleki|91\/100|[from] item: Life Orb\n|move|p1b: Volcarona|Quiver Dance|p1b: Volcarona\n|-boost|p1b: Volcarona|spa|1\n|-boost|p1b: Volcarona|spd|1\n|-boost|p1b: Volcarona|spe|1\n|-activate|p1a: Oricorio|ability: Dancer\n|move|p1a: Oricorio|Quiver Dance|p1a: Oricorio|[from]ability: Dancer\n|-boost|p1a: Oricorio|spa|1\n|-boost|p1a: Oricorio|spd|1\n|-boost|p1a: Oricorio|spe|1\n|move|p2b: Amoonguss|Spore|p1a: Oricorio\n|-activate|p1a: Oricorio|move: Protect\n|\n|upkeep\n|turn|2\n|\n|t:|1697730380\n|move|p2a: Regieleki|Protect|p2a: Regieleki\n|-singleturn|p2a: Regieleki|Protect\n|move|p1a: Oricorio|Revelation Dance|p2b: Amoonguss\n|-resisted|p2b: Amoonguss\n|-damage|p2b: Amoonguss|78\/100\n|move|p1b: Volcarona|Fiery Dance|p2b: Amoonguss\n|-supereffective|p2b: Amoonguss\n|-damage|p2b: Amoonguss|0 fnt\n|-boost|p1b: Volcarona|spa|1\n|faint|p2b: Amoonguss\n|-activate|p1a: Oricorio|ability: Dancer\n|move|p1a: Oricorio|Fiery Dance|p2a: Regieleki|[from]ability: Dancer\n|-activate|p2a: Regieleki|move: Protect\n|\n|upkeep\n|\n|t:|1697730395\n|switch|p2b: Probopass|Probopass, M, shiny|100\/100\n|-item|p2b: Probopass|Air Balloon\n|turn|3\n|\n|t:|1697730406\n|move|p1a: Oricorio|Protect|p1a: Oricorio\n|-singleturn|p1a: Oricorio|Protect\n|move|p2a: Regieleki|Thunder|p1a: Oricorio\n|-activate|p1a: Oricorio|move: Protect\n|move|p1b: Volcarona|Giga Drain|p2b: Probopass\n|-damage|p2b: Probopass|40\/100\n|-heal|p1b: Volcarona|97\/100 par|[from] drain|[of] p2b: Probopass\n|-enditem|p2b: Probopass|Air Balloon\n|move|p2b: Probopass|Stealth Rock|p1b: Volcarona\n|-sidestart|p1: klaylton|move: Stealth Rock\n|\n|upkeep\n|turn|4\n|\n|t:|1697730429\n|-terastallize|p2a: Regieleki|Ice\n|move|p2a: Regieleki|Tera Blast|p1b: Volcarona|[anim] Tera Blast Ice\n|-supereffective|p1b: Volcarona\n|-damage|p1b: Volcarona|47\/100 par\n|-enditem|p1b: Volcarona|Sitrus Berry|[eat]\n|-heal|p1b: Volcarona|72\/100 par|[from] item: Sitrus Berry\n|-damage|p2a: Regieleki|81\/100|[from] item: Life Orb\n|move|p1a: Oricorio|Revelation Dance|p2a: Regieleki\n|-damage|p2a: Regieleki|0 fnt\n|faint|p2a: Regieleki\n|cant|p1b: Volcarona|par\n|move|p2b: Probopass|Power Gem|p1a: Oricorio\n|-supereffective|p1a: Oricorio\n|-crit|p1a: Oricorio\n|-damage|p1a: Oricorio|0 fnt\n|faint|p1a: Oricorio\n|\n|upkeep\n|\n|t:|1697730451\n|switch|p2a: Iron Hands|Iron Hands|100\/100\n|switch|p1a: Ting-Lu|Ting-Lu|100\/100\n|-damage|p1a: Ting-Lu|94\/100|[from] Stealth Rock\n|-ability|p1a: Ting-Lu|Vessel of Ruin\n|turn|5\n|\n|t:|1697730461\n|move|p1b: Volcarona|Protect|p1b: Volcarona\n|-singleturn|p1b: Volcarona|Protect\n|move|p2a: Iron Hands|Ice Punch|p1b: Volcarona\n|-activate|p1b: Volcarona|move: Protect\n|move|p1a: Ting-Lu|Stealth Rock|p2a: Iron Hands\n|-sidestart|p2: Deriverse|move: Stealth Rock\n|move|p2b: Probopass|Dazzling Gleam|p1b: Volcarona|[spread] p1a\n|-activate|p1b: Volcarona|move: Protect\n|-supereffective|p1a: Ting-Lu\n|-damage|p1a: Ting-Lu|82\/100\n|\n|upkeep\n|turn|6\n|\n|t:|1697730485\n|cant|p1b: Volcarona|par\n|move|p2a: Iron Hands|Ice Punch|p1b: Volcarona\n|-supereffective|p1b: Volcarona\n|-damage|p1b: Volcarona|0 fnt\n|faint|p1b: Volcarona\n|move|p1a: Ting-Lu|Rock Slide|p2a: Iron Hands|[spread] p2a,p2b\n|-resisted|p2a: Iron Hands\n|-resisted|p2b: Probopass\n|-damage|p2a: Iron Hands|96\/100\n|-damage|p2b: Probopass|36\/100\n|move|p2b: Probopass|Power Gem|p1a: Ting-Lu\n|-resisted|p1a: Ting-Lu\n|-damage|p1a: Ting-Lu|75\/100\n|\n|-heal|p2a: Iron Hands|100\/100|[from] item: Leftovers\n|upkeep\n|\n|t:|1697730498\n|switch|p1b: Scream Tail|Scream Tail|100\/100\n|-damage|p1b: Scream Tail|88\/100|[from] Stealth Rock\n|-enditem|p1b: Scream Tail|Booster Energy\n|-activate|p1b: Scream Tail|ability: Protosynthesis|[fromitem]\n|-start|p1b: Scream Tail|protosynthesisspe\n|turn|7\n|\n|t:|1697730523\n|move|p1b: Scream Tail|Play Rough|p2a: Iron Hands\n|-supereffective|p2a: Iron Hands\n|-damage|p2a: Iron Hands|73\/100\n|move|p2a: Iron Hands|Drain Punch|p1a: Ting-Lu\n|-supereffective|p1a: Ting-Lu\n|-damage|p1a: Ting-Lu|38\/100\n|-heal|p2a: Iron Hands|92\/100|[from] drain|[of] p1a: Ting-Lu\n|move|p1a: Ting-Lu|Heavy Slam|p2b: Probopass\n|-damage|p2b: Probopass|25\/100\n|move|p2b: Probopass|Thunder Wave|p1b: Scream Tail\n|-status|p1b: Scream Tail|par\n|\n|-heal|p2a: Iron Hands|98\/100|[from] item: Leftovers\n|upkeep\n|turn|8\n|l| JBUG0617\n|\n|t:|1697730541\n|switch|p2b: Slowbro|Slowbro, M|100\/100\n|-damage|p2b: Slowbro|88\/100|[from] Stealth Rock\n|move|p1b: Scream Tail|Disable|p2a: Iron Hands\n|-start|p2a: Iron Hands|Disable|Drain Punch\n|move|p2a: Iron Hands|Swords Dance|p2a: Iron Hands\n|-boost|p2a: Iron Hands|atk|2\n|move|p1a: Ting-Lu|Spikes|p2a: Iron Hands\n|-sidestart|p2: Deriverse|Spikes\n|\n|-heal|p2a: Iron Hands|100\/100|[from] item: Leftovers\n|-heal|p2b: Slowbro|94\/100|[from] item: Leftovers\n|upkeep\n|turn|9\n|inactive|Deriverse has 120 seconds left.\n|inactive|klaylton has 120 seconds left.\n|\n|t:|1697730576\n|move|p2a: Iron Hands|Ice Punch|p1a: Ting-Lu\n|-supereffective|p1a: Ting-Lu\n|-damage|p1a: Ting-Lu|0 fnt\n|faint|p1a: Ting-Lu\n|move|p2b: Slowbro|Scald|p1b: Scream Tail\n|-damage|p1b: Scream Tail|66\/100 par\n|move|p1b: Scream Tail|Roar|p2a: Iron Hands\n|-end|p2a: Iron Hands|Quark Drive|[silent]\n|drag|p2a: Kingambit|Kingambit, M|100\/100\n|-damage|p2a: Kingambit|94\/100|[from] Stealth Rock\n|-damage|p2a: Kingambit|82\/100|[from] Spikes\n|-activate|p2a: Kingambit|ability: Supreme Overlord\n|-start|p2a: Kingambit|fallen2|[silent]\n|\n|-heal|p2a: Kingambit|88\/100|[from] item: Leftovers\n|-heal|p2b: Slowbro|99\/100|[from] item: Leftovers\n|upkeep\n|inactive|klaylton has 120 seconds left.\n|\n|t:|1697730585\n|switch|p1a: Maushold|Maushold|100\/100\n|-damage|p1a: Maushold|88\/100|[from] Stealth Rock\n|turn|10\n|\n|t:|1697730615\n|-end|p2a: Kingambit|fallen2|[silent]\n|switch|p2a: Probopass|Probopass, M, shiny|25\/100\n|-damage|p2a: Probopass|19\/100|[from] Stealth Rock\n|-damage|p2a: Probopass|6\/100|[from] Spikes\n|move|p1a: Maushold|Tidy Up|p1a: Maushold\n|-sideend|p1: klaylton|Stealth Rock\n|-sideend|p2: Deriverse|Spikes\n|-sideend|p2: Deriverse|Stealth Rock\n|-activate|p1a: Maushold|move: Tidy Up\n|-boost|p1a: Maushold|atk|1\n|-boost|p1a: Maushold|spe|1\n|move|p1b: Scream Tail|Disable|p2b: Slowbro\n|-start|p2b: Slowbro|Disable|Scald\n|cant|p2b: Slowbro|Disable|Scald\n|\n|-heal|p2b: Slowbro|100\/100|[from] item: Leftovers\n|upkeep\n|turn|11\n|\n|t:|1697730633\n|move|p1a: Maushold|Crunch|p2a: Probopass\n|-crit|p2a: Probopass\n|-damage|p2a: Probopass|0 fnt\n|faint|p2a: Probopass\n|move|p1b: Scream Tail|Encore|p2b: Slowbro\n|-start|p2b: Slowbro|Encore\n|cant|p2b: Slowbro|Disable|Scald\n|\n|upkeep\n|\n|t:|1697730643\n|switch|p2a: Kingambit|Kingambit, M|88\/100\n|-activate|p2a: Kingambit|ability: Supreme Overlord\n|-start|p2a: Kingambit|fallen3|[silent]\n|turn|12\n|\n|t:|1697730651\n|switch|p2b: Iron Hands|Iron Hands|100\/100\n|move|p1a: Maushold|Population Bomb|p2a: Kingambit\n|-resisted|p2a: Kingambit\n|-damage|p2a: Kingambit|82\/100\n|-resisted|p2a: Kingambit\n|-damage|p2a: Kingambit|75\/100\n|-resisted|p2a: Kingambit\n|-damage|p2a: Kingambit|69\/100\n|-resisted|p2a: Kingambit\n|-damage|p2a: Kingambit|63\/100\n|-resisted|p2a: Kingambit\n|-damage|p2a: Kingambit|57\/100\n|-resisted|p2a: Kingambit\n|-damage|p2a: Kingambit|50\/100\n|-resisted|p2a: Kingambit\n|-damage|p2a: Kingambit|44\/100\n|-resisted|p2a: Kingambit\n|-damage|p2a: Kingambit|37\/100\n|-resisted|p2a: Kingambit\n|-damage|p2a: Kingambit|30\/100\n|-resisted|p2a: Kingambit\n|-damage|p2a: Kingambit|23\/100\n|-hitcount|p2a: Kingambit|10\n|move|p2a: Kingambit|Kowtow Cleave|p1a: Maushold\n|-damage|p1a: Maushold|0 fnt\n|faint|p1a: Maushold\n|move|p1b: Scream Tail|Roar|p2a: Kingambit\n|-end|p2a: Kingambit|fallen3|[silent]\n|drag|p2a: Slowbro|Slowbro, M|100\/100\n|\n|upkeep\n|\n|t:|1697730672\n|switch|p1a: Chien-Pao|Chien-Pao|100\/100\n|-ability|p1a: Chien-Pao|Sword of Ruin\n|turn|13\n|\n|t:|1697730685\n|move|p1a: Chien-Pao|Protect|p1a: Chien-Pao\n|-singleturn|p1a: Chien-Pao|Protect\n|cant|p1b: Scream Tail|par\n|move|p2b: Iron Hands|Swords Dance|p2b: Iron Hands\n|-boost|p2b: Iron Hands|atk|2\n|move|p2a: Slowbro|Scald|p1a: Chien-Pao\n|-activate|p1a: Chien-Pao|move: Protect\n|\n|upkeep\n|turn|14\n|\n|t:|1697730697\n|move|p1a: Chien-Pao|Sucker Punch|p2a: Slowbro\n|-supereffective|p2a: Slowbro\n|-damage|p2a: Slowbro|39\/100\n|cant|p1b: Scream Tail|par\n|move|p2b: Iron Hands|Drain Punch|p1a: Chien-Pao\n|-supereffective|p1a: Chien-Pao\n|-enditem|p1a: Chien-Pao|Focus Sash\n|-damage|p1a: Chien-Pao|1\/100\n|move|p2a: Slowbro|Scald|p1a: Chien-Pao\n|-crit|p1a: Chien-Pao\n|-damage|p1a: Chien-Pao|0 fnt\n|faint|p1a: Chien-Pao\n|\n|-heal|p2a: Slowbro|45\/100|[from] item: Leftovers\n|upkeep\n|turn|15\n|-message|klaylton forfeited.\n|\n|win|Deriverse\n|raw|klaylton's rating: 1461 &rarr; <strong>1439<\/strong><br \/>(-22 for losing)\n|raw|Deriverse's rating: 1424 &rarr; <strong>1446<\/strong><br \/>(+22 for winning)\n|l|\u2606klaylton\n","uploadtime":1697730728,"views":15,"p1id":"klaylton","p2id":"deriverse","formatid":"gen9doublesou","rating":1439,"private":0,"password":""}