{"id":"gen9doublesou-1982652501","p1":"Vylara","p2":"theonewcs","format":"[Gen 9] Doubles OU","log":"|j|\u2606Vylara\n|j|\u2606theonewcs\n|t:|1699032987\n|gametype|doubles\n|player|p1|Vylara|irida|1106\n|player|p2|theonewcs|preschooler|1087\n|teamsize|p1|6\n|teamsize|p2|6\n|gen|9\n|tier|[Gen 9] Doubles OU\n|rated|\n|rule|Species Clause: Limit one of each Pok\u00e9mon\n|rule|OHKO Clause: OHKO moves are banned\n|rule|Evasion Moves Clause: Evasion moves are banned\n|rule|Gravity Sleep Clause: The combination of sleep-inducing moves with imperfect accuracy and Gravity or Gigantamax Orbeetle are banned\n|rule|Endless Battle Clause: Forcing endless battles is banned\n|rule|HP Percentage Mod: HP is shown in percentages\n|clearpoke\n|poke|p1|Clodsire, M|\n|poke|p1|Gliscor, M|\n|poke|p1|Muk-Alola, F|\n|poke|p1|Mismagius, F|\n|poke|p1|Arcanine-Hisui, F|\n|poke|p1|Goodra-Hisui, F|\n|poke|p2|Snorlax, F|\n|poke|p2|Poliwrath, M|\n|poke|p2|Sinistcha-Masterpiece|\n|poke|p2|Pelipper, F|\n|poke|p2|Hatterene, F|\n|poke|p2|Indeedee-F, F|\n|teampreview\n|c|\u2606Vylara|glhf!\n|\n|t:|1699033001\n|start\n|switch|p1a: Catherine|Mismagius, F|100\/100\n|switch|p1b: Shishifuu|Arcanine-Hisui, F|100\/100\n|switch|p2a: Snorlax|Snorlax, F, shiny|100\/100\n|switch|p2b: Indeedee|Indeedee-F, F|100\/100\n|turn|1\n|\n|t:|1699033022\n|move|p2a: Snorlax|Protect|p2a: Snorlax\n|-singleturn|p2a: Snorlax|Protect\n|move|p1a: Catherine|Dazzling Gleam|p2a: Snorlax|[spread] p2b\n|-activate|p2a: Snorlax|move: Protect\n|-damage|p2b: Indeedee|87\/100\n|move|p1b: Shishifuu|Head Smash|p2a: Snorlax\n|-activate|p2a: Snorlax|move: Protect\n|move|p2b: Indeedee|Trick Room|p2b: Indeedee\n|-fieldstart|move: Trick Room|[of] p2b: Indeedee\n|\n|upkeep\n|turn|2\n|\n|t:|1699033067\n|move|p2a: Snorlax|Belly Drum|p2a: Snorlax\n|-damage|p2a: Snorlax|50\/100\n|-setboost|p2a: Snorlax|atk|6|[from] move: Belly Drum\n|move|p2b: Indeedee|Heal Pulse|p2a: Snorlax\n|-heal|p2a: Snorlax|100\/100\n|move|p1b: Shishifuu|Head Smash|p2a: Snorlax\n|-damage|p2a: Snorlax|55\/100\n|move|p1a: Catherine|Dazzling Gleam|p2b: Indeedee|[spread] p2a,p2b\n|-damage|p2a: Snorlax|43\/100\n|-damage|p2b: Indeedee|74\/100\n|\n|-heal|p2a: Snorlax|49\/100|[from] item: Leftovers\n|upkeep\n|turn|3\n|\n|t:|1699033116\n|switch|p1a: Shana|Goodra-Hisui, F|100\/100\n|move|p2b: Indeedee|Protect|p2b: Indeedee\n|-singleturn|p2b: Indeedee|Protect\n|move|p1b: Shishifuu|Extreme Speed|p2b: Indeedee\n|-activate|p2b: Indeedee|move: Protect\n|move|p2a: Snorlax|Earthquake|p1a: Shana|[spread] p1a,p1b\n|-activate|p2b: Indeedee|move: Protect\n|-supereffective|p1a: Shana\n|-supereffective|p1b: Shishifuu\n|-damage|p1a: Shana|0 fnt\n|-damage|p1b: Shishifuu|0 fnt\n|faint|p1a: Shana\n|faint|p1b: Shishifuu\n|\n|-heal|p2a: Snorlax|55\/100|[from] item: Leftovers\n|upkeep\n|c|\u2606Vylara|Nice\n|\n|t:|1699033161\n|switch|p1a: Catherine|Mismagius, F|100\/100\n|switch|p1b: Jim|Clodsire, M|100\/100\n|turn|4\n|\n|t:|1699033182\n|switch|p1b: Tyrfing|Gliscor, M|100\/100\n|move|p2a: Snorlax|Earthquake|p1a: Catherine|[spread] p2b\n|-immune|p1a: Catherine|[from] ability: Levitate\n|-immune|p1b: Tyrfing\n|-damage|p2b: Indeedee|0 fnt\n|faint|p2b: Indeedee\n|move|p1a: Catherine|Dazzling Gleam|p2a: Snorlax\n|-damage|p2a: Snorlax|39\/100\n|\n|-heal|p2a: Snorlax|45\/100|[from] item: Leftovers\n|-status|p1b: Tyrfing|tox|[from] item: Toxic Orb\n|upkeep\n|\n|t:|1699033196\n|switch|p2b: Hatterene|Hatterene, F|100\/100\n|-item|p2b: Hatterene|Air Balloon\n|turn|5\n|\n|t:|1699033215\n|move|p2a: Snorlax|Thunder Punch|p1a: Catherine\n|-damage|p1a: Catherine|0 fnt\n|faint|p1a: Catherine\n|move|p2b: Hatterene|Heal Pulse|p2a: Snorlax\n|-heal|p2a: Snorlax|95\/100\n|move|p1b: Tyrfing|Lunge|p2a: Snorlax\n|-damage|p2a: Snorlax|80\/100\n|-unboost|p2a: Snorlax|atk|1\n|\n|-heal|p2a: Snorlax|86\/100|[from] item: Leftovers\n|-fieldend|move: Trick Room\n|upkeep\n|\n|t:|1699033229\n|switch|p1a: Jim|Clodsire, M|100\/100\n|turn|6\n|\n|t:|1699033240\n|move|p1b: Tyrfing|Lunge|p2a: Snorlax\n|-damage|p2a: Snorlax|71\/100\n|-unboost|p2a: Snorlax|atk|1\n|move|p1a: Jim|Curse|p1a: Jim\n|-unboost|p1a: Jim|spe|1\n|-boost|p1a: Jim|atk|1\n|-boost|p1a: Jim|def|1\n|move|p2a: Snorlax|Earthquake|p1b: Tyrfing|[spread] p1a\n|-immune|p2b: Hatterene\n|-immune|p1b: Tyrfing\n|-supereffective|p1a: Jim\n|-damage|p1a: Jim|9\/100\n|move|p2b: Hatterene|Trick Room|p2b: Hatterene\n|-fieldstart|move: Trick Room|[of] p2b: Hatterene\n|\n|-heal|p2a: Snorlax|77\/100|[from] item: Leftovers\n|upkeep\n|turn|7\n|\n|t:|1699033270\n|-terastallize|p1a: Jim|Ghost\n|move|p1a: Jim|Recover|p1a: Jim\n|-heal|p1a: Jim|59\/100\n|move|p2a: Snorlax|Earthquake|p1b: Tyrfing|[spread] p1a\n|-immune|p2b: Hatterene\n|-immune|p1b: Tyrfing\n|-damage|p1a: Jim|17\/100\n|move|p2b: Hatterene|Dazzling Gleam|p1a: Jim|[spread] p1a,p1b\n|-damage|p1a: Jim|4\/100\n|-damage|p1b: Tyrfing|58\/100 tox\n|move|p1b: Tyrfing|Lunge|p2a: Snorlax\n|-damage|p2a: Snorlax|62\/100\n|-unboost|p2a: Snorlax|atk|1\n|\n|-heal|p2a: Snorlax|68\/100|[from] item: Leftovers\n|-heal|p1b: Tyrfing|71\/100 tox|[from] ability: Poison Heal\n|upkeep\n|turn|8\n|\n|t:|1699033297\n|move|p2a: Snorlax|Protect|p2a: Snorlax\n|-singleturn|p2a: Snorlax|Protect\n|move|p1a: Jim|Recover|p1a: Jim\n|-heal|p1a: Jim|54\/100\n|move|p2b: Hatterene|Dazzling Gleam|p1a: Jim|[spread] p1a,p1b\n|-damage|p1a: Jim|38\/100\n|-damage|p1b: Tyrfing|32\/100 tox\n|move|p1b: Tyrfing|Lunge|p2a: Snorlax\n|-activate|p2a: Snorlax|move: Protect\n|\n|-heal|p2a: Snorlax|74\/100|[from] item: Leftovers\n|-heal|p1b: Tyrfing|45\/100 tox|[from] ability: Poison Heal\n|upkeep\n|turn|9\n|\n|t:|1699033316\n|move|p1a: Jim|Recover|p1a: Jim\n|-heal|p1a: Jim|88\/100\n|move|p2a: Snorlax|Thunder Punch|p1a: Jim\n|-damage|p1a: Jim|50\/100\n|move|p2b: Hatterene|Dazzling Gleam|p1a: Jim|[spread] p1a,p1b\n|-damage|p1a: Jim|35\/100\n|-damage|p1b: Tyrfing|5\/100 tox\n|move|p1b: Tyrfing|Dual Wingbeat|p2b: Hatterene\n|-damage|p2b: Hatterene|80\/100\n|-enditem|p2b: Hatterene|Air Balloon\n|-damage|p2b: Hatterene|62\/100\n|-hitcount|p2b: Hatterene|2\n|\n|-heal|p2a: Snorlax|80\/100|[from] item: Leftovers\n|-heal|p1b: Tyrfing|18\/100 tox|[from] ability: Poison Heal\n|upkeep\n|turn|10\n|\n|t:|1699033343\n|move|p1a: Jim|Recover|p1a: Jim\n|-heal|p1a: Jim|85\/100\n|move|p2a: Snorlax|Thunder Punch|p1a: Jim\n|-damage|p1a: Jim|50\/100\n|move|p2b: Hatterene|Dazzling Gleam|p1a: Jim|[spread] p1a,p1b\n|-damage|p1a: Jim|36\/100\n|-damage|p1b: Tyrfing|0 fnt\n|faint|p1b: Tyrfing\n|\n|-heal|p2a: Snorlax|86\/100|[from] item: Leftovers\n|-fieldend|move: Trick Room\n|upkeep\n|\n|t:|1699033354\n|switch|p1b: LeBeau|Muk-Alola, F|100\/100\n|turn|11\n|\n|t:|1699033370\n|move|p1b: LeBeau|Haze|p1b: LeBeau\n|-clearallboost\n|move|p2b: Hatterene|Dazzling Gleam|p1b: LeBeau|[spread] p1a,p1b\n|-damage|p1a: Jim|21\/100\n|-damage|p1b: LeBeau|79\/100\n|move|p1a: Jim|Recover|p1a: Jim\n|-heal|p1a: Jim|72\/100\n|move|p2a: Snorlax|Earthquake|p1b: LeBeau|[spread] p2b,p1a,p1b\n|-supereffective|p1b: LeBeau\n|-damage|p2b: Hatterene|40\/100\n|-damage|p1a: Jim|50\/100\n|-damage|p1b: LeBeau|33\/100\n|\n|-heal|p2a: Snorlax|93\/100|[from] item: Leftovers\n|upkeep\n|turn|12\n|\n|t:|1699033403\n|move|p1b: LeBeau|Drain Punch|p2a: Snorlax\n|-supereffective|p2a: Snorlax\n|-damage|p2a: Snorlax|58\/100\n|-heal|p1b: LeBeau|54\/100|[from] drain|[of] p2a: Snorlax\n|move|p1a: Jim|Recover|p1a: Jim\n|-heal|p1a: Jim|99\/100\n|move|p2a: Snorlax|Earthquake|p1a: Jim|[spread] p2b,p1a,p1b\n|-supereffective|p1b: LeBeau\n|-damage|p2b: Hatterene|17\/100\n|-damage|p1a: Jim|77\/100\n|-damage|p1b: LeBeau|14\/100\n|move|p2b: Hatterene|Trick Room|p2b: Hatterene\n|-fieldstart|move: Trick Room|[of] p2b: Hatterene\n|\n|-heal|p2a: Snorlax|64\/100|[from] item: Leftovers\n|upkeep\n|turn|13\n|\n|t:|1699033429\n|move|p2a: Snorlax|Earthquake|p1a: Jim|[spread] p2b,p1a,p1b\n|-supereffective|p1b: LeBeau\n|-damage|p2b: Hatterene|0 fnt\n|-damage|p1a: Jim|55\/100\n|-damage|p1b: LeBeau|0 fnt\n|faint|p2b: Hatterene\n|faint|p1b: LeBeau\n|move|p1a: Jim|Gunk Shot|p2a: Snorlax\n|-damage|p2a: Snorlax|45\/100\n|-status|p2a: Snorlax|psn\n|\n|-heal|p2a: Snorlax|51\/100 psn|[from] item: Leftovers\n|-damage|p2a: Snorlax|39\/100 psn|[from] psn\n|upkeep\n|\n|t:|1699033444\n|switch|p2b: Sinistcha|Sinistcha-Masterpiece|100\/100\n|-heal|p2a: Snorlax|63\/100 psn|[from] ability: Hospitality|[of] p2b: Sinistcha\n|turn|14\n|\n|t:|1699033460\n|move|p2a: Snorlax|Earthquake|p1a: Jim|[spread] p2b,p1a\n|-resisted|p2b: Sinistcha\n|-damage|p2b: Sinistcha|94\/100\n|-damage|p1a: Jim|33\/100\n|move|p1a: Jim|Megahorn|p2b: Sinistcha|[miss]\n|-miss|p1a: Jim|p2b: Sinistcha\n|move|p2b: Sinistcha|Strength Sap|p1a: Jim\n|-unboost|p1a: Jim|atk|1\n|-heal|p2b: Sinistcha|100\/100\n|\n|-heal|p2a: Snorlax|70\/100 psn|[from] item: Leftovers\n|-damage|p2a: Snorlax|57\/100 psn|[from] psn\n|upkeep\n|turn|15\n|c|\u2606Vylara|gg\n|\n|t:|1699033479\n|move|p2a: Snorlax|Earthquake|p1a: Jim|[spread] p2b,p1a\n|-resisted|p2b: Sinistcha\n|-damage|p2b: Sinistcha|93\/100\n|-damage|p1a: Jim|12\/100\n|move|p1a: Jim|Recover|p1a: Jim\n|-heal|p1a: Jim|62\/100\n|move|p2b: Sinistcha|Matcha Gotcha|p1a: Jim|[miss]\n|-miss|p2b: Sinistcha|p1a: Jim\n|\n|-heal|p2a: Snorlax|63\/100 psn|[from] item: Leftovers\n|-heal|p2b: Sinistcha|99\/100|[from] item: Leftovers\n|-damage|p2a: Snorlax|51\/100 psn|[from] psn\n|upkeep\n|turn|16\n|\n|t:|1699033504\n|move|p2a: Snorlax|Earthquake|p1a: Jim|[spread] p2b,p1a\n|-resisted|p2b: Sinistcha\n|-damage|p2b: Sinistcha|92\/100\n|-damage|p1a: Jim|40\/100\n|move|p1a: Jim|Megahorn|p2b: Sinistcha\n|-damage|p2b: Sinistcha|82\/100\n|move|p2b: Sinistcha|Matcha Gotcha|p1a: Jim\n|-damage|p1a: Jim|23\/100\n|-heal|p2b: Sinistcha|93\/100|[from] drain|[of] p1a: Jim\n|\n|-heal|p2a: Snorlax|57\/100 psn|[from] item: Leftovers\n|-heal|p2b: Sinistcha|99\/100|[from] item: Leftovers\n|-damage|p2a: Snorlax|45\/100 psn|[from] psn\n|-fieldend|move: Trick Room\n|upkeep\n|turn|17\n|\n|t:|1699033523\n|move|p2b: Sinistcha|Matcha Gotcha|p1a: Jim\n|-damage|p1a: Jim|4\/100\n|-heal|p2b: Sinistcha|100\/100|[from] drain|[of] p1a: Jim\n|move|p1a: Jim|Gunk Shot|p2b: Sinistcha\n|-damage|p2b: Sinistcha|86\/100\n|move|p2a: Snorlax|Earthquake|p1a: Jim|[spread] p2b,p1a\n|-resisted|p2b: Sinistcha\n|-damage|p2b: Sinistcha|79\/100\n|-damage|p1a: Jim|0 fnt\n|faint|p1a: Jim\n|\n|win|theonewcs\n|raw|Vylara's rating: 1106 &rarr; <strong>1080<\/strong><br \/>(-26 for losing)\n|raw|theonewcs's rating: 1087 &rarr; <strong>1115<\/strong><br \/>(+28 for winning)\n","uploadtime":1699033534,"views":20,"p1id":"vylara","p2id":"theonewcs","formatid":"gen9doublesou","rating":1080,"private":0,"password":""}