{"id":"gen9doublesou-1992408534","p1":"abbabareal2","p2":"Ufahh","format":"[Gen 9] Doubles OU","log":"|j|\u2606abbabareal2\n|j|\u2606Ufahh\n|t:|1700184125\n|gametype|doubles\n|player|p1|abbabareal2|169|1356\n|player|p2|Ufahh|169|1421\n|teamsize|p1|6\n|teamsize|p2|6\n|gen|9\n|tier|[Gen 9] Doubles OU\n|rated|\n|rule|Species Clause: Limit one of each Pok\u00e9mon\n|rule|OHKO Clause: OHKO moves are banned\n|rule|Evasion Moves Clause: Evasion moves are banned\n|rule|Gravity Sleep Clause: The combination of sleep-inducing moves with imperfect accuracy and Gravity or Gigantamax Orbeetle are banned\n|rule|Endless Battle Clause: Forcing endless battles is banned\n|rule|HP Percentage Mod: HP is shown in percentages\n|clearpoke\n|poke|p1|Chien-Pao|\n|poke|p1|Armarouge, M|\n|poke|p1|Indeedee-F, F|\n|poke|p1|Ursaluna, F|\n|poke|p1|Diancie|\n|poke|p1|Amoonguss, M|\n|poke|p2|Charizard, M|\n|poke|p2|Torkoal, F|\n|poke|p2|Garchomp, F|\n|poke|p2|Typhlosion-Hisui, M|\n|poke|p2|Great Tusk|\n|poke|p2|Indeedee-F, F|\n|teampreview\n|\n|t:|1700184144\n|start\n|switch|p1a: Ursaluna|Ursaluna, F|100\/100\n|switch|p1b: Diancie|Diancie|100\/100\n|switch|p2a: Typhlosion|Typhlosion-Hisui, M|100\/100\n|switch|p2b: Indeedee|Indeedee-F, F|100\/100\n|-item|p1a: Ursaluna|Flame Orb|[from] ability: Frisk|[of] p2a: Typhlosion|[identify]\n|-item|p1b: Diancie|Weakness Policy|[from] ability: Frisk|[of] p2a: Typhlosion|[identify]\n|-fieldstart|move: Psychic Terrain|[from] ability: Psychic Surge|[of] p2b: Indeedee\n|turn|1\n|\n|t:|1700184163\n|move|p2a: Typhlosion|Infernal Parade|p1b: Diancie\n|-damage|p1b: Diancie|80\/100\n|-status|p1b: Diancie|brn\n|move|p2b: Indeedee|Trick|p1b: Diancie\n|-activate|p2b: Indeedee|move: Trick|[of] p1b: Diancie\n|-item|p1b: Diancie|Choice Scarf|[from] move: Trick\n|-item|p2b: Indeedee|Weakness Policy|[from] move: Trick\n|move|p1a: Ursaluna|Swords Dance|p1a: Ursaluna\n|-boost|p1a: Ursaluna|atk|2\n|move|p1b: Diancie|Trick Room|p1b: Diancie\n|-fieldstart|move: Trick Room|[of] p1b: Diancie\n|\n|-damage|p1b: Diancie|74\/100 brn|[from] brn\n|-status|p1a: Ursaluna|brn|[from] item: Flame Orb\n|upkeep\n|turn|2\n|\n|t:|1700184223\n|switch|p1b: Armarouge|Armarouge, M|100\/100\n|move|p1a: Ursaluna|Headlong Rush|p2a: Typhlosion\n|-supereffective|p2a: Typhlosion\n|-damage|p2a: Typhlosion|0 fnt\n|-unboost|p1a: Ursaluna|def|1\n|-unboost|p1a: Ursaluna|spd|1\n|faint|p2a: Typhlosion\n|move|p2b: Indeedee|Trick|p2: Typhlosion|[notarget]\n|-fail|p2b: Indeedee\n|\n|-damage|p1a: Ursaluna|94\/100 brn|[from] brn\n|upkeep\n|\n|t:|1700184230\n|switch|p2a: Torkoal|Torkoal, F|100\/100\n|-weather|SunnyDay|[from] ability: Drought|[of] p2a: Torkoal\n|turn|3\n|\n|t:|1700184253\n|move|p2a: Torkoal|Yawn|p1b: Armarouge\n|-start|p1b: Armarouge|move: Yawn|[of] p2a: Torkoal\n|move|p1a: Ursaluna|Facade|p2b: Indeedee\n|-damage|p2b: Indeedee|0 fnt\n|faint|p2b: Indeedee\n|move|p1b: Armarouge|Expanding Force|p2a: Torkoal\n|-damage|p2a: Torkoal|0 fnt\n|faint|p2a: Torkoal\n|-damage|p1b: Armarouge|91\/100|[from] item: Life Orb\n|\n|-weather|SunnyDay|[upkeep]\n|-damage|p1a: Ursaluna|88\/100 brn|[from] brn\n|upkeep\n|\n|t:|1700184265\n|switch|p2a: Garchomp|Garchomp, F|100\/100\n|switch|p2b: Great Tusk|Great Tusk|100\/100\n|-activate|p2b: Great Tusk|ability: Protosynthesis\n|-start|p2b: Great Tusk|protosynthesisatk\n|turn|4\n|\n|t:|1700184287\n|switch|p1b: Amoonguss|Amoonguss, M|100\/100\n|-terastallize|p1a: Ursaluna|Ground\n|move|p1a: Ursaluna|Headlong Rush|p2a: Garchomp\n|-damage|p2a: Garchomp|0 fnt\n|-unboost|p1a: Ursaluna|def|1\n|-unboost|p1a: Ursaluna|spd|1\n|-damage|p1a: Ursaluna|76\/100 brn|[from] ability: Rough Skin|[of] p2a: Garchomp\n|faint|p2a: Garchomp\n|move|p2b: Great Tusk|Ice Spinner|p1a: Ursaluna\n|-supereffective|p1a: Ursaluna\n|-damage|p1a: Ursaluna|0 fnt\n|-fieldend|move: Psychic Terrain\n|faint|p1a: Ursaluna\n|\n|-weather|SunnyDay|[upkeep]\n|upkeep\n|inactive|Battle timer is ON: inactive players will automatically lose when time's up. (requested by Ufahh)\n|\n|t:|1700184311\n|switch|p1a: Chien-Pao|Chien-Pao|100\/100\n|switch|p2a: Charizard|Charizard, M, shiny|100\/100\n|-ability|p1a: Chien-Pao|Sword of Ruin\n|turn|5\n|\n|t:|1700184340\n|switch|p1a: Indeedee|Indeedee-F, F|100\/100\n|-fieldstart|move: Psychic Terrain|[from] ability: Psychic Surge|[of] p1a: Indeedee\n|-terastallize|p2b: Great Tusk|Grass\n|move|p1b: Amoonguss|Spore|p2a: Charizard\n|-status|p2a: Charizard|slp|[from] move: Spore\n|move|p2b: Great Tusk|Bulldoze|p1a: Indeedee|[spread] p1a,p1b\n|-immune|p2a: Charizard\n|-damage|p1a: Indeedee|68\/100\n|-damage|p1b: Amoonguss|62\/100\n|-unboost|p1a: Indeedee|spe|1\n|-unboost|p1b: Amoonguss|spe|1\n|cant|p2a: Charizard|slp\n|\n|-weather|SunnyDay|[upkeep]\n|-damage|p2a: Charizard|88\/100 slp|[from] ability: Solar Power|[of] p2a: Charizard\n|-fieldend|move: Trick Room\n|upkeep\n|turn|6\n|inactive|abbabareal2 has 120 seconds left.\n|\n|t:|1700184372\n|switch|p1a: Chien-Pao|Chien-Pao|100\/100\n|-ability|p1a: Chien-Pao|Sword of Ruin\n|move|p1b: Amoonguss|Rage Powder|p1b: Amoonguss\n|-singleturn|p1b: Amoonguss|move: Rage Powder\n|-curestatus|p2a: Charizard|slp|[msg]\n|move|p2a: Charizard|Heat Wave|p1a: Chien-Pao|[spread] p1a,p1b\n|-supereffective|p1a: Chien-Pao\n|-supereffective|p1b: Amoonguss\n|-enditem|p1a: Chien-Pao|Focus Sash\n|-damage|p1a: Chien-Pao|1\/100\n|-damage|p1b: Amoonguss|0 fnt\n|faint|p1b: Amoonguss\n|move|p2b: Great Tusk|Ice Spinner|p1a: Chien-Pao\n|-resisted|p1a: Chien-Pao\n|-damage|p1a: Chien-Pao|0 fnt\n|-fieldend|move: Psychic Terrain\n|faint|p1a: Chien-Pao\n|\n|-weather|SunnyDay|[upkeep]\n|-damage|p2a: Charizard|76\/100|[from] ability: Solar Power|[of] p2a: Charizard\n|upkeep\n|inactive|abbabareal2 has 120 seconds left.\n|\n|t:|1700184396\n|switch|p1a: Armarouge|Armarouge, M|91\/100\n|switch|p1b: Indeedee|Indeedee-F, F|68\/100\n|-fieldstart|move: Psychic Terrain|[from] ability: Psychic Surge|[of] p1b: Indeedee\n|turn|7\n|\n|t:|1700184409\n|move|p1b: Indeedee|Follow Me|p1b: Indeedee\n|-singleturn|p1b: Indeedee|move: Follow Me\n|move|p2a: Charizard|Heat Wave|p1b: Indeedee|[spread] p1b\n|-start|p1a: Armarouge|ability: Flash Fire\n|-damage|p1b: Indeedee|9\/100\n|move|p2b: Great Tusk|Bulldoze|p1b: Indeedee|[spread] p1a,p1b\n|-immune|p2a: Charizard\n|-supereffective|p1a: Armarouge\n|-damage|p1a: Armarouge|28\/100\n|-damage|p1b: Indeedee|0 fnt\n|-unboost|p1a: Armarouge|spe|1\n|faint|p1b: Indeedee\n|move|p1a: Armarouge|Trick Room|p1a: Armarouge\n|-fieldstart|move: Trick Room|[of] p1a: Armarouge\n|\n|-weather|none\n|-end|p2b: Great Tusk|Protosynthesis\n|upkeep\n|inactive|abbabareal2 has 120 seconds left.\n|\n|t:|1700184426\n|switch|p1b: Diancie|Diancie|74\/100 brn\n|turn|8\n|\n|t:|1700184437\n|move|p1a: Armarouge|Expanding Force|p2a: Charizard|[spread] p2a,p2b\n|-damage|p2a: Charizard|0 fnt\n|-damage|p2b: Great Tusk|26\/100\n|faint|p2a: Charizard\n|-damage|p1a: Armarouge|18\/100|[from] item: Life Orb\n|move|p1b: Diancie|Diamond Storm|p2b: Great Tusk\n|-damage|p2b: Great Tusk|12\/100\n|move|p2b: Great Tusk|Bulldoze|p1b: Diancie|[spread] p1a,p1b\n|-supereffective|p1a: Armarouge\n|-supereffective|p1b: Diancie\n|-damage|p1a: Armarouge|0 fnt\n|-damage|p1b: Diancie|34\/100 brn\n|faint|p1a: Armarouge\n|\n|-damage|p1b: Diancie|28\/100 brn|[from] brn\n|upkeep\n|turn|9\n|\n|t:|1700184453\n|move|p1b: Diancie|Diamond Storm|p2b: Great Tusk\n|-damage|p2b: Great Tusk|0 fnt\n|faint|p2b: Great Tusk\n|-end|p2b: Great Tusk|Protosynthesis|[silent]\n|\n|win|abbabareal2\n|raw|abbabareal2's rating: 1356 &rarr; <strong>1380<\/strong><br \/>(+24 for winning)\n|raw|Ufahh's rating: 1421 &rarr; <strong>1397<\/strong><br \/>(-24 for losing)\n|l|\u2606Ufahh\n","uploadtime":1700184466,"views":44,"p1id":"abbabareal2","p2id":"ufahh","formatid":"gen9doublesou","rating":1380,"private":0,"password":""}