{"id":"gen9doublesou-1972142697","p1":"qieophit4w","p2":"ikunxia","format":"[Gen 9] Doubles OU","log":"|j|\u2606qieophit4w\n|j|\u2606ikunxia\n|t:|1697816323\n|gametype|doubles\n|player|p1|qieophit4w|2|1000\n|player|p2|ikunxia|169|1000\n|teamsize|p1|6\n|teamsize|p2|6\n|gen|9\n|tier|[Gen 9] Doubles OU\n|rated|\n|rule|Species Clause: Limit one of each Pok\u00e9mon\n|rule|OHKO Clause: OHKO moves are banned\n|rule|Evasion Moves Clause: Evasion moves are banned\n|rule|Gravity Sleep Clause: The combination of sleep-inducing moves with imperfect accuracy and Gravity or Gigantamax Orbeetle are banned\n|rule|Endless Battle Clause: Forcing endless battles is banned\n|rule|HP Percentage Mod: HP is shown in percentages\n|clearpoke\n|poke|p1|Goodra-Hisui, F|\n|poke|p1|Gliscor, M|\n|poke|p1|Toxapex, M|\n|poke|p1|Amoonguss, F|\n|poke|p1|Ursaluna-Bloodmoon, M|\n|poke|p1|Murkrow, F|\n|poke|p2|Ogerpon-Hearthflame, F|\n|poke|p2|Torkoal, F|\n|poke|p2|Tornadus, M|\n|poke|p2|Pawmot, M|\n|poke|p2|Chien-Pao|\n|poke|p2|Charizard, M|\n|teampreview\n|\n|t:|1697816337\n|start\n|switch|p1a: Toxapex|Toxapex, M, shiny|100\/100\n|switch|p1b: Murkrow|Murkrow, F|100\/100\n|switch|p2a: \u5c0f\u56fa\u62c9\u591a|Torkoal, F|100\/100\n|switch|p2b: \u5384\u5c06\u519b|Ogerpon-Hearthflame, F|100\/100\n|-ability|p2b: \u5384\u5c06\u519b|Mold Breaker\n|-weather|SunnyDay|[from] ability: Drought|[of] p2a: \u5c0f\u56fa\u62c9\u591a\n|turn|1\n|\n|t:|1697816361\n|move|p2b: \u5384\u5c06\u519b|Ivy Cudgel|p1b: Murkrow\n|-crit|p1b: Murkrow\n|-damage|p1b: Murkrow|0 fnt\n|faint|p1b: Murkrow\n|move|p1a: Toxapex|Body Slam|p2b: \u5384\u5c06\u519b\n|-damage|p2b: \u5384\u5c06\u519b|81\/100\n|-status|p2b: \u5384\u5c06\u519b|par\n|move|p2a: \u5c0f\u56fa\u62c9\u591a|Eruption|p1a: Toxapex\n|-resisted|p1a: Toxapex\n|-damage|p1a: Toxapex|57\/100\n|\n|-weather|SunnyDay|[upkeep]\n|-heal|p1a: Toxapex|64\/100|[from] item: Leftovers\n|upkeep\n|\n|t:|1697816375\n|switch|p1b: Goodra|Goodra-Hisui, F, shiny|100\/100\n|turn|2\n|\n|t:|1697816386\n|move|p1a: Toxapex|Baneful Bunker|p1a: Toxapex\n|-singleturn|p1a: Toxapex|move: Protect\n|cant|p2b: \u5384\u5c06\u519b|par\n|move|p1b: Goodra|Acid Armor|p1b: Goodra\n|-boost|p1b: Goodra|def|2\n|move|p2a: \u5c0f\u56fa\u62c9\u591a|Eruption|p1b: Goodra|[spread] p1b\n|-activate|p1a: Toxapex|move: Protect\n|-damage|p1b: Goodra|52\/100\n|\n|-weather|SunnyDay|[upkeep]\n|-heal|p1b: Goodra|58\/100|[from] item: Leftovers\n|-heal|p1a: Toxapex|70\/100|[from] item: Leftovers\n|upkeep\n|turn|3\n|inactive|Battle timer is ON: inactive players will automatically lose when time's up. (requested by ikunxia)\n|\n|t:|1697816411\n|move|p2b: \u5384\u5c06\u519b|Ivy Cudgel|p1b: Goodra\n|-damage|p1b: Goodra|18\/100\n|move|p1b: Goodra|Acid Armor|p1b: Goodra\n|-boost|p1b: Goodra|def|2\n|move|p1a: Toxapex|Body Slam|p2a: \u5c0f\u56fa\u62c9\u591a\n|-crit|p2a: \u5c0f\u56fa\u62c9\u591a\n|-damage|p2a: \u5c0f\u56fa\u62c9\u591a|86\/100\n|-status|p2a: \u5c0f\u56fa\u62c9\u591a|par\n|cant|p2a: \u5c0f\u56fa\u62c9\u591a|par\n|\n|-weather|SunnyDay|[upkeep]\n|-heal|p1b: Goodra|24\/100|[from] item: Leftovers\n|-heal|p1a: Toxapex|76\/100|[from] item: Leftovers\n|-heal|p2a: \u5c0f\u56fa\u62c9\u591a|92\/100 par|[from] item: Leftovers\n|upkeep\n|turn|4\n|\n|t:|1697816440\n|-terastallize|p2b: \u5384\u5c06\u519b|Fire\n|detailschange|p2b: \u5384\u5c06\u519b|Ogerpon-Hearthflame-Tera, F, tera:Fire\n|-ability|p2b: \u5384\u5c06\u519b|Embody Aspect (Hearthflame)|boost\n|-boost|p2b: \u5384\u5c06\u519b|atk|1\n|move|p2a: \u5c0f\u56fa\u62c9\u591a|Helping Hand|p2b: \u5384\u5c06\u519b\n|-singleturn|p2b: \u5384\u5c06\u519b|Helping Hand|[of] p2a: \u5c0f\u56fa\u62c9\u591a\n|cant|p2b: \u5384\u5c06\u519b|par\n|move|p1b: Goodra|Rest|p1b: Goodra\n|-status|p1b: Goodra|slp|[from] move: Rest\n|-heal|p1b: Goodra|100\/100 slp|[silent]\n|move|p1a: Toxapex|Body Slam|p2a: \u5c0f\u56fa\u62c9\u591a\n|-damage|p2a: \u5c0f\u56fa\u62c9\u591a|81\/100 par\n|\n|-weather|SunnyDay|[upkeep]\n|-heal|p1a: Toxapex|82\/100|[from] item: Leftovers\n|-heal|p2a: \u5c0f\u56fa\u62c9\u591a|87\/100 par|[from] item: Leftovers\n|upkeep\n|turn|5\n|\n|t:|1697816464\n|move|p2a: \u5c0f\u56fa\u62c9\u591a|Helping Hand|p2b: \u5384\u5c06\u519b\n|-singleturn|p2b: \u5384\u5c06\u519b|Helping Hand|[of] p2a: \u5c0f\u56fa\u62c9\u591a\n|cant|p2b: \u5384\u5c06\u519b|par\n|cant|p1b: Goodra|slp\n|move|p1b: Goodra|Sleep Talk|p1b: Goodra\n|move|p1b: Goodra|Body Press|p2b: \u5384\u5c06\u519b|[from]move: Sleep Talk\n|-crit|p2b: \u5384\u5c06\u519b\n|-damage|p2b: \u5384\u5c06\u519b|0 fnt\n|faint|p2b: \u5384\u5c06\u519b\n|move|p1a: Toxapex|Blizzard|p2a: \u5c0f\u56fa\u62c9\u591a\n|-resisted|p2a: \u5c0f\u56fa\u62c9\u591a\n|-damage|p2a: \u5c0f\u56fa\u62c9\u591a|77\/100 par\n|\n|-weather|none\n|-heal|p1a: Toxapex|89\/100|[from] item: Leftovers\n|-heal|p2a: \u5c0f\u56fa\u62c9\u591a|83\/100 par|[from] item: Leftovers\n|upkeep\n|\n|t:|1697816480\n|switch|p2b: \u91cd\u751f|Pawmot, M|100\/100\n|turn|6\n|\n|t:|1697816488\n|move|p2b: \u91cd\u751f|Revival Blessing|p2b: \u91cd\u751f\n|\n|t:|1697816492\n|-heal|p2: \u5384\u5c06\u519b|50\/100|[from] move: Revival Blessing\n|cant|p1b: Goodra|slp\n|move|p1b: Goodra|Sleep Talk|p1b: Goodra\n|move|p1b: Goodra|Body Press|p2a: \u5c0f\u56fa\u62c9\u591a|[from]move: Sleep Talk\n|-damage|p2a: \u5c0f\u56fa\u62c9\u591a|23\/100 par\n|move|p1a: Toxapex|Blizzard|p2b: \u91cd\u751f|[spread] p2a\n|-miss|p1a: Toxapex|p2b: \u91cd\u751f\n|-resisted|p2a: \u5c0f\u56fa\u62c9\u591a\n|-damage|p2a: \u5c0f\u56fa\u62c9\u591a|15\/100 par\n|move|p2a: \u5c0f\u56fa\u62c9\u591a|Eruption|p1b: Goodra|[spread] p1a,p1b\n|-resisted|p1a: Toxapex\n|-damage|p1a: Toxapex|86\/100\n|-damage|p1b: Goodra|96\/100 slp\n|\n|-heal|p1b: Goodra|100\/100 slp|[from] item: Leftovers\n|-heal|p1a: Toxapex|92\/100|[from] item: Leftovers\n|-heal|p2a: \u5c0f\u56fa\u62c9\u591a|21\/100 par|[from] item: Leftovers\n|upkeep\n|turn|7\n|\n|t:|1697816513\n|switch|p2a: \u55b7\u55b7\u9f99|Charizard, M|100\/100\n|move|p2b: \u91cd\u751f|Rest|p2b: \u91cd\u751f\n|-fail|p2b: \u91cd\u751f|heal\n|-curestatus|p1b: Goodra|slp|[msg]\n|move|p1b: Goodra|Acid Armor|p1b: Goodra\n|-boost|p1b: Goodra|def|2\n|move|p1a: Toxapex|Blizzard|p2a: \u55b7\u55b7\u9f99|[spread] p2a\n|-miss|p1a: Toxapex|p2b: \u91cd\u751f\n|-damage|p2a: \u55b7\u55b7\u9f99|84\/100\n|\n|-heal|p1a: Toxapex|98\/100|[from] item: Leftovers\n|upkeep\n|turn|8\n|\n|t:|1697816535\n|switch|p2b: \u5c0f\u56fa\u62c9\u591a|Torkoal, F|21\/100 par\n|-weather|SunnyDay|[from] ability: Drought|[of] p2b: \u5c0f\u56fa\u62c9\u591a\n|move|p2a: \u55b7\u55b7\u9f99|Heat Wave|p1b: Goodra|[spread] p1a,p1b\n|-resisted|p1a: Toxapex\n|-damage|p1a: Toxapex|49\/100\n|-damage|p1b: Goodra|29\/100\n|move|p1b: Goodra|Body Press|p2a: \u55b7\u55b7\u9f99\n|-resisted|p2a: \u55b7\u55b7\u9f99\n|-damage|p2a: \u55b7\u55b7\u9f99|17\/100\n|move|p1a: Toxapex|Body Slam|p2a: \u55b7\u55b7\u9f99\n|-damage|p2a: \u55b7\u55b7\u9f99|0 fnt\n|faint|p2a: \u55b7\u55b7\u9f99\n|\n|-weather|SunnyDay|[upkeep]\n|-heal|p1b: Goodra|35\/100|[from] item: Leftovers\n|-heal|p1a: Toxapex|55\/100|[from] item: Leftovers\n|-heal|p2b: \u5c0f\u56fa\u62c9\u591a|27\/100 par|[from] item: Leftovers\n|upkeep\n|\n|t:|1697816547\n|switch|p2a: \u5384\u5c06\u519b|Ogerpon-Hearthflame-Tera, F|50\/100\n|-ability|p2a: \u5384\u5c06\u519b|Embody Aspect (Hearthflame)|boost\n|-boost|p2a: \u5384\u5c06\u519b|atk|1\n|turn|9\n|\n|t:|1697816559\n|move|p2b: \u5c0f\u56fa\u62c9\u591a|Helping Hand|p2a: \u5384\u5c06\u519b\n|-singleturn|p2a: \u5384\u5c06\u519b|Helping Hand|[of] p2b: \u5c0f\u56fa\u62c9\u591a\n|move|p2a: \u5384\u5c06\u519b|Ivy Cudgel|p1b: Goodra\n|-crit|p1b: Goodra\n|-damage|p1b: Goodra|0 fnt\n|faint|p1b: Goodra\n|move|p1a: Toxapex|Blizzard|p2a: \u5384\u5c06\u519b|[spread] p2a\n|-miss|p1a: Toxapex|p2b: \u5c0f\u56fa\u62c9\u591a\n|-damage|p2a: \u5384\u5c06\u519b|38\/100\n|\n|-weather|SunnyDay|[upkeep]\n|-heal|p1a: Toxapex|61\/100|[from] item: Leftovers\n|-heal|p2b: \u5c0f\u56fa\u62c9\u591a|33\/100 par|[from] item: Leftovers\n|upkeep\n|\n|t:|1697816573\n|switch|p1b: Gliscor|Gliscor, M|100\/100\n|turn|10\n|\n|t:|1697816589\n|move|p2a: \u5384\u5c06\u519b|Spiky Shield|p2a: \u5384\u5c06\u519b\n|-singleturn|p2a: \u5384\u5c06\u519b|move: Protect\n|move|p1b: Gliscor|Earthquake|p2b: \u5c0f\u56fa\u62c9\u591a|[spread] p1a,p2b\n|-activate|p2a: \u5384\u5c06\u519b|move: Protect\n|-supereffective|p1a: Toxapex\n|-supereffective|p2b: \u5c0f\u56fa\u62c9\u591a\n|-damage|p1a: Toxapex|25\/100\n|-damage|p2b: \u5c0f\u56fa\u62c9\u591a|0 fnt\n|faint|p2b: \u5c0f\u56fa\u62c9\u591a\n|move|p1a: Toxapex|Recover|p1a: Toxapex\n|-heal|p1a: Toxapex|75\/100\n|\n|-weather|SunnyDay|[upkeep]\n|-heal|p1a: Toxapex|81\/100|[from] item: Leftovers\n|-status|p1b: Gliscor|tox|[from] item: Toxic Orb\n|upkeep\n|\n|t:|1697816597\n|switch|p2b: \u829d\u58eb\u96ea\u8c79|Chien-Pao|100\/100\n|-ability|p2b: \u829d\u58eb\u96ea\u8c79|Sword of Ruin\n|turn|11\n|\n|t:|1697816613\n|move|p2b: \u829d\u58eb\u96ea\u8c79|Icicle Crash|p1b: Gliscor\n|-supereffective|p1b: Gliscor\n|-damage|p1b: Gliscor|0 fnt\n|faint|p1b: Gliscor\n|-damage|p2b: \u829d\u58eb\u96ea\u8c79|91\/100|[from] item: Life Orb\n|move|p2a: \u5384\u5c06\u519b|Ivy Cudgel|p1a: Toxapex\n|-resisted|p1a: Toxapex\n|-damage|p1a: Toxapex|27\/100\n|move|p1a: Toxapex|Body Slam|p2b: \u829d\u58eb\u96ea\u8c79\n|-damage|p2b: \u829d\u58eb\u96ea\u8c79|73\/100\n|-status|p2b: \u829d\u58eb\u96ea\u8c79|par\n|\n|-weather|SunnyDay|[upkeep]\n|-heal|p1a: Toxapex|34\/100|[from] item: Leftovers\n|upkeep\n|l|\u2606qieophit4w\n|inactive|qieophit4w disconnected and has a minute to reconnect!\n|player|p1|\n|inactive|qieophit4w has 30 seconds to reconnect!\n|inactive|qieophit4w has 20 seconds to reconnect!\n|inactive|qieophit4w has 15 seconds to reconnect!\n|inactive|qieophit4w has 10 seconds to reconnect!\n|inactive|qieophit4w has 5 seconds to reconnect!\n|-message|qieophit4w lost due to inactivity.\n|\n|win|ikunxia\n|raw|qieophit4w's rating: 1000 &rarr; <strong>1000<\/strong><br \/>(+0 for losing)\n|raw|ikunxia's rating: 1000 &rarr; <strong>1040<\/strong><br \/>(+40 for winning)\n","uploadtime":1697816692,"views":14,"p1id":"qieophit4w","p2id":"ikunxia","formatid":"gen9doublesou","rating":1000,"private":0,"password":""}