{"id":"gen9doublesou-1972723316","p1":"Rexluser","p2":"Hompi","format":"[Gen 9] Doubles OU","log":"|j|\u2606Rexluser\n|j|\u2606Hompi\n|t:|1697884816\n|gametype|doubles\n|player|p1|Rexluser|2|1200\n|player|p2|Hompi|red|1334\n|teamsize|p1|6\n|teamsize|p2|6\n|gen|9\n|tier|[Gen 9] Doubles OU\n|rated|\n|rule|Species Clause: Limit one of each Pok\u00e9mon\n|rule|OHKO Clause: OHKO moves are banned\n|rule|Evasion Moves Clause: Evasion moves are banned\n|rule|Gravity Sleep Clause: The combination of sleep-inducing moves with imperfect accuracy and Gravity or Gigantamax Orbeetle are banned\n|rule|Endless Battle Clause: Forcing endless battles is banned\n|rule|HP Percentage Mod: HP is shown in percentages\n|clearpoke\n|poke|p1|Chien-Pao|\n|poke|p1|Basculegion-F, F|\n|poke|p1|Goodra-Hisui, F|\n|poke|p1|Iron Hands|\n|poke|p1|Ogerpon-Hearthflame, F|\n|poke|p1|Tornadus, M|\n|poke|p2|Hatterene, F|\n|poke|p2|Torkoal, M|\n|poke|p2|Amoonguss, F|\n|poke|p2|Ursaluna, M|\n|poke|p2|Cresselia, F|\n|poke|p2|Glastrier|\n|teampreview\n|inactive|Battle timer is ON: inactive players will automatically lose when time's up. (requested by Hompi)\n|inactive|Rexluser also wants the timer to be on.\n|\n|t:|1697884823\n|start\n|switch|p1a: Tornadus|Tornadus, M|100\/100\n|switch|p1b: Chien-Pao|Chien-Pao|100\/100\n|switch|p2a: Cresselia|Cresselia, F|100\/100\n|switch|p2b: Ursaluna|Ursaluna, M|100\/100\n|-ability|p1b: Chien-Pao|Sword of Ruin\n|turn|1\n|\n|t:|1697884844\n|move|p1a: Tornadus|Tailwind|p1a: Tornadus\n|-sidestart|p1: Rexluser|move: Tailwind\n|move|p1b: Chien-Pao|Ice Spinner|p2b: Ursaluna\n|-supereffective|p2b: Ursaluna\n|-damage|p2b: Ursaluna|0 fnt\n|faint|p2b: Ursaluna\n|move|p2a: Cresselia|Trick Room|p2a: Cresselia\n|-fieldstart|move: Trick Room|[of] p2a: Cresselia\n|\n|upkeep\n|\n|t:|1697884850\n|switch|p2b: Torkoal|Torkoal, M|100\/100\n|-weather|SunnyDay|[from] ability: Drought|[of] p2b: Torkoal\n|turn|2\n|\n|t:|1697884878\n|switch|p1b: Basculegion|Basculegion-F, F|100\/100\n|-ability|p1b: Basculegion|Mold Breaker\n|-terastallize|p2b: Torkoal|Fire\n|move|p2a: Cresselia|Helping Hand|p2b: Torkoal\n|-singleturn|p2b: Torkoal|Helping Hand|[of] p2a: Cresselia\n|move|p1a: Tornadus|Protect|p1a: Tornadus\n|-singleturn|p1a: Tornadus|Protect\n|move|p2b: Torkoal|Eruption|p1b: Basculegion|[spread] p1b\n|-activate|p1a: Tornadus|move: Protect\n|-resisted|p1b: Basculegion\n|-damage|p1b: Basculegion|9\/100\n|\n|-weather|SunnyDay|[upkeep]\n|upkeep\n|turn|3\n|inactive|Rexluser has 120 seconds left.\n|\n|t:|1697884921\n|move|p2a: Cresselia|Helping Hand|p2b: Torkoal\n|-singleturn|p2b: Torkoal|Helping Hand|[of] p2a: Cresselia\n|move|p2b: Torkoal|Eruption|p1a: Tornadus|[spread] p1a,p1b\n|-resisted|p1b: Basculegion\n|-enditem|p1a: Tornadus|Focus Sash\n|-damage|p1a: Tornadus|1\/100\n|-damage|p1b: Basculegion|0 fnt\n|faint|p1b: Basculegion\n|move|p1a: Tornadus|Bleakwind Storm|p2b: Torkoal|[spread] p2a,p2b\n|-damage|p2a: Cresselia|77\/100\n|-damage|p2b: Torkoal|55\/100\n|\n|-weather|SunnyDay|[upkeep]\n|upkeep\n|\n|t:|1697884939\n|switch|p1b: Iron Hands|Iron Hands|100\/100\n|turn|4\n|inactive|Rexluser has 120 seconds left.\n|\n|t:|1697884970\n|move|p2a: Cresselia|Helping Hand|p2b: Torkoal\n|-singleturn|p2b: Torkoal|Helping Hand|[of] p2a: Cresselia\n|move|p1b: Iron Hands|Fake Out|p2b: Torkoal\n|-damage|p2b: Torkoal|43\/100\n|cant|p2b: Torkoal|flinch\n|move|p1a: Tornadus|Bleakwind Storm|p2a: Cresselia|[spread] p2a,p2b\n|-damage|p2a: Cresselia|54\/100\n|-damage|p2b: Torkoal|0 fnt\n|-unboost|p2a: Cresselia|spe|1\n|faint|p2b: Torkoal\n|\n|-weather|SunnyDay|[upkeep]\n|-sideend|p1: Rexluser|move: Tailwind\n|upkeep\n|\n|t:|1697884983\n|switch|p2b: Glastrier|Glastrier|100\/100\n|turn|5\n|inactive|Rexluser has 120 seconds left.\n|\n|t:|1697884993\n|move|p1a: Tornadus|Protect|p1a: Tornadus\n|-singleturn|p1a: Tornadus|Protect\n|move|p2b: Glastrier|High Horsepower|p1b: Iron Hands\n|-supereffective|p1b: Iron Hands\n|-damage|p1b: Iron Hands|56\/100\n|move|p2a: Cresselia|Dazzling Gleam|p1b: Iron Hands|[spread] p1b\n|-activate|p1a: Tornadus|move: Protect\n|-supereffective|p1b: Iron Hands\n|-damage|p1b: Iron Hands|44\/100\n|move|p1b: Iron Hands|Drain Punch|p2b: Glastrier\n|-supereffective|p2b: Glastrier\n|-damage|p2b: Glastrier|54\/100\n|-heal|p1b: Iron Hands|60\/100|[from] drain|[of] p2b: Glastrier\n|\n|-weather|SunnyDay|[upkeep]\n|-fieldend|move: Trick Room\n|upkeep\n|turn|6\n|\n|t:|1697885012\n|switch|p2b: Hatterene|Hatterene, F|100\/100\n|move|p1a: Tornadus|Bleakwind Storm|p2a: Cresselia|[spread] p2a\n|-miss|p1a: Tornadus|p2b: Hatterene\n|-damage|p2a: Cresselia|29\/100\n|-unboost|p2a: Cresselia|spe|1\n|move|p1b: Iron Hands|Wild Charge|p2a: Cresselia\n|-damage|p2a: Cresselia|0 fnt\n|faint|p2a: Cresselia\n|-damage|p1b: Iron Hands|54\/100|[from] Recoil\n|\n|-weather|none\n|upkeep\n|\n|t:|1697885015\n|switch|p2a: Amoonguss|Amoonguss, F|100\/100\n|turn|7\n|\n|t:|1697885030\n|move|p2a: Amoonguss|Protect|p2a: Amoonguss\n|-singleturn|p2a: Amoonguss|Protect\n|move|p1a: Tornadus|Bleakwind Storm|p2a: Amoonguss|[spread] p2b\n|-activate|p2a: Amoonguss|move: Protect\n|-damage|p2b: Hatterene|62\/100\n|move|p1b: Iron Hands|Wild Charge|p2b: Hatterene\n|-damage|p2b: Hatterene|13\/100\n|-damage|p1b: Iron Hands|48\/100|[from] Recoil\n|move|p2b: Hatterene|Trick Room|p2b: Hatterene\n|-fieldstart|move: Trick Room|[of] p2b: Hatterene\n|\n|-heal|p2b: Hatterene|19\/100|[from] item: Leftovers\n|upkeep\n|turn|8\n|\n|t:|1697885053\n|switch|p2b: Glastrier|Glastrier|54\/100\n|-end|p1b: Iron Hands|Quark Drive|[silent]\n|switch|p1b: Goodra|Goodra-Hisui, F|100\/100\n|move|p1a: Tornadus|Protect|p1a: Tornadus\n|-singleturn|p1a: Tornadus|Protect\n|move|p2a: Amoonguss|Spore|p1b: Goodra\n|-ability|p1b: Goodra|Sap Sipper|boost\n|-boost|p1b: Goodra|atk|1\n|\n|upkeep\n|turn|9\n|\n|t:|1697885075\n|move|p2a: Amoonguss|Spore|p1a: Tornadus\n|-status|p1a: Tornadus|slp|[from] move: Spore\n|move|p2b: Glastrier|Close Combat|p1b: Goodra\n|-supereffective|p1b: Goodra\n|-damage|p1b: Goodra|10\/100\n|-unboost|p2b: Glastrier|def|1\n|-unboost|p2b: Glastrier|spd|1\n|move|p1b: Goodra|Flamethrower|p2b: Glastrier\n|-supereffective|p2b: Glastrier\n|-damage|p2b: Glastrier|13\/100\n|cant|p1a: Tornadus|slp\n|\n|-heal|p1b: Goodra|16\/100|[from] item: Leftovers\n|upkeep\n|turn|10\n|\n|t:|1697885096\n|-curestatus|p1a: Tornadus|slp|[msg]\n|move|p1a: Tornadus|Tailwind|p1a: Tornadus\n|-sidestart|p1: Rexluser|move: Tailwind\n|move|p2a: Amoonguss|Pollen Puff|p2b: Glastrier\n|-heal|p2b: Glastrier|63\/100\n|move|p2b: Glastrier|High Horsepower|p1b: Goodra\n|-supereffective|p1b: Goodra\n|-crit|p1b: Goodra\n|-damage|p1b: Goodra|0 fnt\n|faint|p1b: Goodra\n|-ability|p2b: Glastrier|Chilling Neigh|boost\n|-boost|p2b: Glastrier|atk|1\n|\n|upkeep\n|\n|t:|1697885110\n|switch|p1b: Iron Hands|Iron Hands|48\/100\n|turn|11\n|\n|t:|1697885123\n|move|p2a: Amoonguss|Protect|p2a: Amoonguss\n|-singleturn|p2a: Amoonguss|Protect\n|move|p1b: Iron Hands|Fake Out|p2b: Glastrier\n|-damage|p2b: Glastrier|50\/100\n|cant|p2b: Glastrier|flinch\n|move|p1a: Tornadus|Bleakwind Storm|p2b: Glastrier|[spread] p2b\n|-activate|p2a: Amoonguss|move: Protect\n|-damage|p2b: Glastrier|12\/100\n|-unboost|p2b: Glastrier|spe|1\n|\n|-fieldend|move: Trick Room\n|upkeep\n|turn|12\n|\n|t:|1697885138\n|switch|p2b: Hatterene|Hatterene, F|19\/100\n|move|p1a: Tornadus|Bleakwind Storm|p2b: Hatterene|[spread] p2a,p2b\n|-supereffective|p2a: Amoonguss\n|-damage|p2a: Amoonguss|38\/100\n|-damage|p2b: Hatterene|0 fnt\n|faint|p2b: Hatterene\n|move|p1b: Iron Hands|Drain Punch|p2a: Amoonguss\n|-resisted|p2a: Amoonguss\n|-damage|p2a: Amoonguss|22\/100\n|-heal|p1b: Iron Hands|55\/100|[from] drain|[of] p2a: Amoonguss\n|move|p2a: Amoonguss|Spore|p1a: Tornadus\n|-status|p1a: Tornadus|slp|[from] move: Spore\n|\n|-heal|p2a: Amoonguss|28\/100|[from] item: Leftovers\n|upkeep\n|\n|t:|1697885140\n|switch|p2b: Glastrier|Glastrier|12\/100\n|turn|13\n|-message|Hompi forfeited.\n|\n|win|Rexluser\n|raw|Rexluser's rating: 1200 &rarr; <strong>1234<\/strong><br \/>(+34 for winning)\n|raw|Hompi's rating: 1334 &rarr; <strong>1307<\/strong><br \/>(-27 for losing)\n|l|\u2606Hompi\n","uploadtime":1697885155,"views":20,"p1id":"rexluser","p2id":"hompi","formatid":"gen9doublesou","rating":1234,"private":0,"password":""}