{"id":"gen9doublesou-1973076737","p1":"StrikingTsunami","p2":"MisterPoke","format":"[Gen 9] Doubles OU","log":"|j|\u2606StrikingTsunami\n|j|\u2606MisterPoke\n|t:|1697925021\n|gametype|doubles\n|player|p1|StrikingTsunami|lance|1103\n|player|p2|MisterPoke|drayden|1231\n|teamsize|p1|6\n|teamsize|p2|6\n|gen|9\n|tier|[Gen 9] Doubles OU\n|rated|\n|rule|Species Clause: Limit one of each Pok\u00e9mon\n|rule|OHKO Clause: OHKO moves are banned\n|rule|Evasion Moves Clause: Evasion moves are banned\n|rule|Gravity Sleep Clause: The combination of sleep-inducing moves with imperfect accuracy and Gravity or Gigantamax Orbeetle are banned\n|rule|Endless Battle Clause: Forcing endless battles is banned\n|rule|HP Percentage Mod: HP is shown in percentages\n|clearpoke\n|poke|p1|Orthworm, F|\n|poke|p1|Garchomp, F|\n|poke|p1|Medicham, M|\n|poke|p1|Murkrow, F|\n|poke|p1|Tyranitar, M|\n|poke|p1|Breloom, M|\n|poke|p2|Landorus-Therian, M|\n|poke|p2|Empoleon, F|\n|poke|p2|Chandelure, M|\n|poke|p2|Ninetales-Alola, M|\n|poke|p2|Weezing-Galar, F|\n|poke|p2|Wo-Chien|\n|teampreview\n|\n|t:|1697925043\n|start\n|switch|p1a: Yoga Guy|Medicham, M|100\/100\n|switch|p1b: Fedora|Murkrow, F, shiny|100\/100\n|switch|p2a: Weezing|Weezing-Galar, F|100\/100\n|switch|p2b: Ninetales|Ninetales-Alola, M|100\/100\n|-ability|p2a: Weezing|Neutralizing Gas\n|turn|1\n|\n|t:|1697925059\n|move|p1a: Yoga Guy|Fake Out|p2b: Ninetales\n|-damage|p2b: Ninetales|90\/100\n|cant|p2b: Ninetales|flinch\n|move|p1b: Fedora|Tailwind|p1b: Fedora\n|-sidestart|p1: StrikingTsunami|move: Tailwind\n|move|p2a: Weezing|Strange Steam|p1a: Yoga Guy\n|-supereffective|p1a: Yoga Guy\n|-damage|p1a: Yoga Guy|6\/100\n|\n|upkeep\n|turn|2\n|\n|t:|1697925088\n|switch|p1b: Mach|Garchomp, F|100\/100\n|switch|p2b: Landorus|Landorus-Therian, M|100\/100\n|move|p1a: Yoga Guy|Skill Swap|p1b: Mach\n|-activate|p1a: Yoga Guy|move: Skill Swap|||[of] p1b: Mach\n|move|p2a: Weezing|Strange Steam|p1a: Yoga Guy\n|-supereffective|p1a: Yoga Guy\n|-damage|p1a: Yoga Guy|0 fnt\n|faint|p1a: Yoga Guy\n|\n|upkeep\n|\n|t:|1697925117\n|switch|p1a: Network|Orthworm, F|100\/100\n|turn|3\n|\n|t:|1697925129\n|-end|p2a: Weezing|ability: Neutralizing Gas\n|-ability|p2b: Landorus|Intimidate|boost\n|-unboost|p1a: Network|atk|1\n|-unboost|p1b: Mach|atk|1\n|switch|p2a: Wo-Chien|Wo-Chien|100\/100\n|-ability|p2a: Wo-Chien|Tablets of Ruin\n|move|p1a: Network|Helping Hand|p1b: Mach\n|-singleturn|p1b: Mach|Helping Hand|[of] p1a: Network\n|move|p1b: Mach|Earthquake|p2a: Wo-Chien|[spread] p2a\n|-immune|p1a: Network|[from] ability: Earth Eater\n|-immune|p2b: Landorus\n|-resisted|p2a: Wo-Chien\n|-damage|p2a: Wo-Chien|73\/100\n|move|p2b: Landorus|Rock Slide|p1a: Network|[spread] p1a,p1b\n|-resisted|p1a: Network\n|-resisted|p1b: Mach\n|-damage|p1a: Network|95\/100\n|-damage|p1b: Mach|93\/100\n|\n|-heal|p1b: Mach|99\/100|[from] item: Leftovers\n|-heal|p2a: Wo-Chien|79\/100|[from] item: Leftovers\n|upkeep\n|turn|4\n|\n|t:|1697925153\n|move|p1b: Mach|Dragon Claw|p2b: Landorus\n|-damage|p2b: Landorus|48\/100\n|move|p1a: Network|Body Press|p2a: Wo-Chien\n|-supereffective|p2a: Wo-Chien\n|-damage|p2a: Wo-Chien|31\/100\n|move|p2b: Landorus|U-turn|p1b: Mach\n|-damage|p1b: Mach|79\/100\n|\n|t:|1697925161\n|switch|p2b: Ninetales|Ninetales-Alola, M|90\/100|[from] U-turn\n|-weather|Snow|[from] ability: Snow Warning|[of] p2b: Ninetales\n|move|p2a: Wo-Chien|Leech Seed|p1b: Mach\n|-start|p1b: Mach|move: Leech Seed\n|\n|-weather|Snow|[upkeep]\n|-heal|p1b: Mach|86\/100|[from] item: Leftovers\n|-heal|p2a: Wo-Chien|37\/100|[from] item: Leftovers\n|-damage|p1b: Mach|73\/100|[from] Leech Seed|[of] p2a: Wo-Chien\n|-heal|p2a: Wo-Chien|49\/100|[silent]\n|-sideend|p1: StrikingTsunami|move: Tailwind\n|upkeep\n|turn|5\n|\n|t:|1697925186\n|-terastallize|p2b: Ninetales|Water\n|-terastallize|p1b: Mach|Steel\n|move|p1a: Network|Helping Hand|p1b: Mach\n|-singleturn|p1b: Mach|Helping Hand|[of] p1a: Network\n|move|p2b: Ninetales|Aurora Veil|p2b: Ninetales\n|-sidestart|p2: MisterPoke|move: Aurora Veil\n|move|p1b: Mach|Earthquake|p2a: Wo-Chien|[spread] p2a,p2b\n|-heal|p1a: Network|100\/100|[from] ability: Earth Eater|[of] p1b: Mach\n|-resisted|p2a: Wo-Chien\n|-damage|p2a: Wo-Chien|31\/100\n|-damage|p2b: Ninetales|27\/100\n|move|p2a: Wo-Chien|Giga Drain|p1b: Mach\n|-resisted|p1b: Mach\n|-damage|p1b: Mach|60\/100\n|-heal|p2a: Wo-Chien|37\/100|[from] drain|[of] p1b: Mach\n|\n|-weather|Snow|[upkeep]\n|-heal|p1b: Mach|66\/100|[from] item: Leftovers\n|-heal|p2a: Wo-Chien|44\/100|[from] item: Leftovers\n|-damage|p1b: Mach|53\/100|[from] Leech Seed|[of] p2a: Wo-Chien\n|-heal|p2a: Wo-Chien|55\/100|[silent]\n|upkeep\n|turn|6\n|inactive|Battle timer is ON: inactive players will automatically lose when time's up. (requested by MisterPoke)\n|\n|t:|1697925206\n|switch|p2b: Landorus|Landorus-Therian, M|48\/100\n|-ability|p2b: Landorus|Intimidate|boost\n|-unboost|p1a: Network|atk|1\n|-unboost|p1b: Mach|atk|1\n|move|p1b: Mach|Earthquake|p2b: Landorus|[spread] p2a\n|-immune|p1a: Network|[from] ability: Earth Eater\n|-immune|p2b: Landorus\n|-resisted|p2a: Wo-Chien\n|-crit|p2a: Wo-Chien\n|-damage|p2a: Wo-Chien|18\/100\n|move|p1a: Network|Body Press|p2a: Wo-Chien\n|-supereffective|p2a: Wo-Chien\n|-damage|p2a: Wo-Chien|0 fnt\n|faint|p2a: Wo-Chien\n|\n|-weather|Snow|[upkeep]\n|-heal|p1b: Mach|60\/100|[from] item: Leftovers\n|-heal|p2b: Landorus|54\/100|[from] item: Leftovers\n|upkeep\n|\n|t:|1697925212\n|switch|p2a: Weezing|Weezing-Galar, F|100\/100\n|-ability|p2a: Weezing|Neutralizing Gas\n|turn|7\n|\n|t:|1697925238\n|switch|p1b: Fedora|Murkrow, F, shiny|100\/100\n|move|p1a: Network|Protect|p1a: Network\n|-singleturn|p1a: Network|Protect\n|move|p2b: Landorus|Stealth Rock|p1b: Fedora\n|-sidestart|p1: StrikingTsunami|move: Stealth Rock\n|move|p2a: Weezing|Flamethrower|p1b: Fedora\n|-damage|p1b: Fedora|72\/100\n|-status|p1b: Fedora|brn\n|\n|-weather|Snow|[upkeep]\n|-heal|p2b: Landorus|60\/100|[from] item: Leftovers\n|-damage|p1b: Fedora|66\/100 brn|[from] brn\n|upkeep\n|turn|8\n|l|\u2606MisterPoke\n|inactive|MisterPoke disconnected and has a minute to reconnect!\n|player|p2|\n|j|\u2606MisterPoke\n|inactive|MisterPoke reconnected and has 140 seconds left.\n|player|p2|MisterPoke|drayden\n|\n|t:|1697925263\n|move|p2b: Landorus|Rock Slide|p1a: Network|[spread] p1a,p1b\n|-resisted|p1a: Network\n|-supereffective|p1b: Fedora\n|-damage|p1a: Network|93\/100\n|-damage|p1b: Fedora|0 fnt\n|faint|p1b: Fedora\n|move|p1a: Network|Iron Defense|p1a: Network\n|-boost|p1a: Network|def|2\n|move|p2a: Weezing|Flamethrower|p1a: Network\n|-supereffective|p1a: Network\n|-damage|p1a: Network|23\/100\n|\n|-weather|none\n|-heal|p2b: Landorus|66\/100|[from] item: Leftovers\n|upkeep\n|\n|t:|1697925279\n|switch|p1b: Mach|Garchomp, F, tera:Steel|60\/100\n|-damage|p1b: Mach|53\/100|[from] Stealth Rock\n|turn|9\n|\n|t:|1697925292\n|move|p1a: Network|Helping Hand|p1b: Mach\n|-singleturn|p1b: Mach|Helping Hand|[of] p1a: Network\n|move|p1b: Mach|Earthquake|p2b: Landorus|[spread] p1a,p2a\n|-immune|p2b: Landorus\n|-supereffective|p1a: Network\n|-supereffective|p2a: Weezing\n|-damage|p1a: Network|0 fnt\n|-damage|p2a: Weezing|32\/100\n|faint|p1a: Network\n|move|p2b: Landorus|Rock Slide|p1b: Mach|[miss]\n|-miss|p2b: Landorus|p1b: Mach\n|move|p2a: Weezing|Flamethrower|p1b: Mach\n|-supereffective|p1b: Mach\n|-damage|p1b: Mach|0 fnt\n|faint|p1b: Mach\n|\n|-heal|p2b: Landorus|72\/100|[from] item: Leftovers\n|-heal|p2a: Weezing|38\/100|[from] item: Leftovers\n|upkeep\n|\n|t:|1697925308\n|switch|p1b: Bonk Choy|Breloom, M, shiny|100\/100\n|switch|p1a: Goldzilla|Tyranitar, M, shiny|100\/100\n|-damage|p1b: Bonk Choy|94\/100|[from] Stealth Rock\n|-damage|p1a: Goldzilla|88\/100|[from] Stealth Rock\n|turn|10\n|c|\u2606StrikingTsunami|this fucking weezing :(\n|c|\u2606MisterPoke|Yup lol\n|c|\u2606StrikingTsunami|ruined the whole strat\n|c|\u2606StrikingTsunami|ggs man\n|\n|t:|1697925336\n|switch|p2b: Empoleon|Empoleon, F|100\/100\n|move|p1b: Bonk Choy|Bullet Seed|p2b: Empoleon\n|-damage|p2b: Empoleon|91\/100\n|-damage|p2b: Empoleon|82\/100\n|-damage|p2b: Empoleon|72\/100\n|-hitcount|p2b: Empoleon|3\n|move|p1a: Goldzilla|Stealth Rock|p2b: Empoleon\n|-sidestart|p2: MisterPoke|move: Stealth Rock\n|move|p2a: Weezing|Strange Steam|p1b: Bonk Choy\n|-supereffective|p1b: Bonk Choy\n|-damage|p1b: Bonk Choy|0 fnt\n|faint|p1b: Bonk Choy\n|\n|-heal|p2a: Weezing|44\/100|[from] item: Leftovers\n|upkeep\n|turn|11\n|c|\u2606MisterPoke|gg\n|c|\u2606StrikingTsunami|you deserve the dub\n|c|\u2606StrikingTsunami|galarian weezing is wild\n|c|\u2606MisterPoke|Thanks lolol\n|c|\u2606MisterPoke|it isssss\n|\n|t:|1697925366\n|move|p1a: Goldzilla|Crunch|p2b: Empoleon\n|-damage|p2b: Empoleon|45\/100\n|-unboost|p2b: Empoleon|def|1\n|move|p2a: Weezing|Strange Steam|p1a: Goldzilla\n|-supereffective|p1a: Goldzilla\n|-damage|p1a: Goldzilla|6\/100\n|move|p2b: Empoleon|Hydro Pump|p1a: Goldzilla\n|-supereffective|p1a: Goldzilla\n|-damage|p1a: Goldzilla|0 fnt\n|faint|p1a: Goldzilla\n|\n|win|MisterPoke\n|raw|StrikingTsunami's rating: 1103 &rarr; <strong>1087<\/strong><br \/>(-16 for losing)\n|raw|MisterPoke's rating: 1231 &rarr; <strong>1247<\/strong><br \/>(+16 for winning)\n|l|\u2606StrikingTsunami\n","uploadtime":1697925384,"views":13,"p1id":"strikingtsunami","p2id":"misterpoke","formatid":"gen9doublesou","rating":1087,"private":0,"password":""}