{"id":"gen9doublesou-1995921646","p1":"Jackmim","p2":"TheHighGroun20","format":"[Gen 9] Doubles OU","log":"|j|\u2606Jackmim\n|j|\u2606TheHighGroun20\n|t:|1700617679\n|gametype|doubles\n|player|p1|Jackmim|poppy|1028\n|player|p2|TheHighGroun20|marlon|1067\n|teamsize|p1|6\n|teamsize|p2|6\n|gen|9\n|tier|[Gen 9] Doubles OU\n|rated|\n|rule|Species Clause: Limit one of each Pok\u00e9mon\n|rule|OHKO Clause: OHKO moves are banned\n|rule|Evasion Moves Clause: Evasion moves are banned\n|rule|Gravity Sleep Clause: The combination of sleep-inducing moves with imperfect accuracy and Gravity or Gigantamax Orbeetle are banned\n|rule|Endless Battle Clause: Forcing endless battles is banned\n|rule|HP Percentage Mod: HP is shown in percentages\n|clearpoke\n|poke|p1|Copperajah, F|\n|poke|p1|Magnezone|\n|poke|p1|Bronzong|\n|poke|p1|Corviknight, M|\n|poke|p1|Heatran, F|\n|poke|p1|Tinkaton, F|\n|poke|p2|Chien-Pao|\n|poke|p2|Poliwrath, F|\n|poke|p2|Pelipper, M|\n|poke|p2|Maushold|\n|poke|p2|Grimmsnarl, M|\n|poke|p2|Regieleki|\n|teampreview\n|\n|t:|1700617707\n|start\n|switch|p1a: Steelerajva|Copperajah, F, shiny|100\/100\n|switch|p1b: Mamagezone|Magnezone, shiny|100\/100\n|switch|p2a: Grimmsnarl|Grimmsnarl, M|100\/100\n|switch|p2b: Pelipper|Pelipper, M|100\/100\n|-weather|RainDance|[from] ability: Drizzle|[of] p2b: Pelipper\n|-item|p1b: Mamagezone|Air Balloon\n|turn|1\n|inactive|Battle timer is ON: inactive players will automatically lose when time's up. (requested by TheHighGroun20)\n|\n|t:|1700617728\n|move|p2a: Grimmsnarl|Light Screen|p2a: Grimmsnarl\n|-sidestart|p2: TheHighGroun20|move: Light Screen\n|move|p2b: Pelipper|Icy Wind|p1b: Mamagezone|[spread] p1a,p1b\n|-resisted|p1a: Steelerajva\n|-resisted|p1b: Mamagezone\n|-damage|p1a: Steelerajva|96\/100\n|-damage|p1b: Mamagezone|96\/100\n|-unboost|p1a: Steelerajva|spe|1\n|-unboost|p1b: Mamagezone|spe|1\n|-enditem|p1b: Mamagezone|Air Balloon\n|move|p1b: Mamagezone|Thunderbolt|p2b: Pelipper\n|-supereffective|p2b: Pelipper\n|-crit|p2b: Pelipper\n|-damage|p2b: Pelipper|0 fnt\n|faint|p2b: Pelipper\n|move|p1a: Steelerajva|Heavy Slam|p2a: Grimmsnarl\n|-supereffective|p2a: Grimmsnarl\n|-damage|p2a: Grimmsnarl|0 fnt\n|faint|p2a: Grimmsnarl\n|\n|-weather|RainDance|[upkeep]\n|upkeep\n|\n|t:|1700617734\n|switch|p2b: Maushold|Maushold|100\/100\n|switch|p2a: Poliwrath|Poliwrath, F|100\/100\n|turn|2\n|\n|t:|1700617755\n|move|p2b: Maushold|Follow Me|p2b: Maushold\n|-singleturn|p2b: Maushold|move: Follow Me\n|move|p2a: Poliwrath|Belly Drum|p2a: Poliwrath\n|-damage|p2a: Poliwrath|50\/100\n|-setboost|p2a: Poliwrath|atk|6|[from] move: Belly Drum\n|move|p1b: Mamagezone|Thunderbolt|p2b: Maushold\n|-damage|p2b: Maushold|47\/100\n|-status|p2b: Maushold|par\n|move|p1a: Steelerajva|Heavy Slam|p2b: Maushold\n|-damage|p2b: Maushold|0 fnt\n|faint|p2b: Maushold\n|\n|-weather|RainDance|[upkeep]\n|upkeep\n|\n|t:|1700617761\n|switch|p2b: Chien-Pao|Chien-Pao|100\/100\n|-ability|p2b: Chien-Pao|Sword of Ruin\n|turn|3\n|c|\u2606TheHighGroun20|let the sweep begin\n|c|\u2606Jackmim|Indeedee\n|\n|t:|1700617788\n|-terastallize|p2b: Chien-Pao|Ghost\n|move|p2a: Poliwrath|Drain Punch|p1b: Mamagezone\n|-supereffective|p1b: Mamagezone\n|-damage|p1b: Mamagezone|0 fnt\n|-heal|p2a: Poliwrath|100\/100|[from] drain|[of] p1b: Mamagezone\n|faint|p1b: Mamagezone\n|move|p2b: Chien-Pao|Swords Dance|p2b: Chien-Pao\n|-boost|p2b: Chien-Pao|atk|2\n|move|p1a: Steelerajva|Heavy Slam|p2b: Chien-Pao\n|-damage|p2b: Chien-Pao|0 fnt\n|faint|p2b: Chien-Pao\n|\n|-weather|RainDance|[upkeep]\n|upkeep\n|\n|t:|1700617803\n|switch|p2b: Regieleki|Regieleki|100\/100\n|switch|p1b: Knight of Poppy|Corviknight, M, shiny|100\/100\n|-ability|p1b: Knight of Poppy|Pressure\n|turn|4\n|\n|t:|1700617816\n|move|p2b: Regieleki|Thunder|p1b: Knight of Poppy\n|-supereffective|p1b: Knight of Poppy\n|-damage|p1b: Knight of Poppy|0 fnt\n|faint|p1b: Knight of Poppy\n|-damage|p2b: Regieleki|91\/100|[from] item: Life Orb\n|move|p2a: Poliwrath|Drain Punch|p1a: Steelerajva\n|-supereffective|p1a: Steelerajva\n|-damage|p1a: Steelerajva|0 fnt\n|faint|p1a: Steelerajva\n|\n|-weather|RainDance|[upkeep]\n|upkeep\n|\n|t:|1700617828\n|switch|p1b: Briometamon|Heatran, F, shiny|100\/100\n|switch|p1a: Bellosteele|Bronzong, shiny|100\/100\n|turn|5\n|\n|t:|1700617839\n|move|p2b: Regieleki|Thunder|p1a: Bellosteele\n|-damage|p1a: Bellosteele|31\/100\n|-status|p1a: Bellosteele|par\n|-damage|p2b: Regieleki|81\/100|[from] item: Life Orb\n|move|p2a: Poliwrath|Liquidation|p1b: Briometamon\n|-supereffective|p1b: Briometamon\n|-damage|p1b: Briometamon|0 fnt\n|faint|p1b: Briometamon\n|cant|p1a: Bellosteele|par\n|\n|-weather|RainDance|[upkeep]\n|upkeep\n|\n|t:|1700617850\n|switch|p1b: Poppy|Tinkaton, F, shiny|100\/100\n|turn|6\n|\n|t:|1700617860\n|move|p2b: Regieleki|Thunder|p1a: Bellosteele\n|-damage|p1a: Bellosteele|0 fnt\n|faint|p1a: Bellosteele\n|-damage|p2b: Regieleki|71\/100|[from] item: Life Orb\n|move|p2a: Poliwrath|Drain Punch|p1b: Poppy\n|-damage|p1b: Poppy|0 fnt\n|faint|p1b: Poppy\n|\n|win|TheHighGroun20\n|raw|Jackmim's rating: 1028 &rarr; <strong>1015<\/strong><br \/>(-13 for losing)\n|raw|TheHighGroun20's rating: 1067 &rarr; <strong>1094<\/strong><br \/>(+27 for winning)\n|c|\u2606Jackmim|gg\n|l|\u2606Jackmim\n|c|\u2606TheHighGroun20|gg\n","uploadtime":1700617877,"views":6,"p1id":"jackmim","p2id":"thehighgroun20","formatid":"gen9doublesou","rating":1015,"private":0,"password":""}