{"id":"gen9doublesou-1988898652","p1":"mfox","p2":"DreadfulBuns","format":"[Gen 9] Doubles OU","log":"|j|\u2606mfox\n|j|\u2606DreadfulBuns\n|t:|1699783692\n|gametype|doubles\n|player|p1|mfox|dancer|1224\n|player|p2|DreadfulBuns|diamondclanmember|1145\n|teamsize|p1|6\n|teamsize|p2|6\n|gen|9\n|tier|[Gen 9] Doubles OU\n|rated|\n|rule|Species Clause: Limit one of each Pok\u00e9mon\n|rule|OHKO Clause: OHKO moves are banned\n|rule|Evasion Moves Clause: Evasion moves are banned\n|rule|Gravity Sleep Clause: The combination of sleep-inducing moves with imperfect accuracy and Gravity or Gigantamax Orbeetle are banned\n|rule|Endless Battle Clause: Forcing endless battles is banned\n|rule|HP Percentage Mod: HP is shown in percentages\n|clearpoke\n|poke|p1|Ninetales-Alola, M|\n|poke|p1|Espathra, M|\n|poke|p1|Cinderace, M|\n|poke|p1|Sinistcha|\n|poke|p1|Bisharp, M|\n|poke|p1|Baxcalibur, M|\n|poke|p2|Grimmsnarl, M|\n|poke|p2|Pincurchin, F|\n|poke|p2|Iron Valiant|\n|poke|p2|Iron Hands|\n|poke|p2|Iron Leaves|\n|poke|p2|Iron Bundle|\n|teampreview\n|\n|t:|1699783717\n|start\n|switch|p1a: Ninetales|Ninetales-Alola, M|100\/100\n|switch|p1b: stay sharp|Bisharp, M|100\/100\n|switch|p2a: Grimmsnarl|Grimmsnarl, M|100\/100\n|switch|p2b: Iron Hands|Iron Hands|100\/100\n|-weather|Snow|[from] ability: Snow Warning|[of] p1a: Ninetales\n|turn|1\n|\n|t:|1699783740\n|move|p2b: Iron Hands|Fake Out|p1b: stay sharp\n|-resisted|p1b: stay sharp\n|-damage|p1b: stay sharp|94\/100\n|cant|p1b: stay sharp|flinch\n|move|p2a: Grimmsnarl|Taunt|p1a: Ninetales\n|-start|p1a: Ninetales|move: Taunt\n|cant|p1a: Ninetales|move: Taunt|Aurora Veil\n|\n|-weather|Snow|[upkeep]\n|upkeep\n|turn|2\n|\n|t:|1699783766\n|-end|p2b: Iron Hands|Quark Drive|[silent]\n|switch|p2b: Pincurchin|Pincurchin, F|100\/100\n|-fieldstart|move: Electric Terrain|[from] ability: Electric Surge|[of] p2b: Pincurchin\n|move|p2a: Grimmsnarl|Reflect|p2a: Grimmsnarl\n|-sidestart|p2: DreadfulBuns|Reflect\n|move|p1a: Ninetales|Dazzling Gleam|p2a: Grimmsnarl|[spread] p2a,p2b\n|-supereffective|p2a: Grimmsnarl\n|-damage|p2a: Grimmsnarl|64\/100\n|-damage|p2b: Pincurchin|77\/100\n|move|p1b: stay sharp|Night Slash|p2b: Pincurchin\n|-damage|p2b: Pincurchin|56\/100\n|\n|-weather|Snow|[upkeep]\n|upkeep\n|turn|3\n|\n|t:|1699783812\n|switch|p2b: Iron Leaves|Iron Leaves|100\/100\n|-activate|p2b: Iron Leaves|ability: Quark Drive\n|-start|p2b: Iron Leaves|quarkdriveatk\n|move|p2a: Grimmsnarl|Light Screen|p2a: Grimmsnarl\n|-sidestart|p2: DreadfulBuns|move: Light Screen\n|move|p1a: Ninetales|Dazzling Gleam|p2a: Grimmsnarl|[spread] p2a,p2b\n|-supereffective|p2a: Grimmsnarl\n|-damage|p2a: Grimmsnarl|40\/100\n|-damage|p2b: Iron Leaves|91\/100\n|move|p1b: stay sharp|Iron Head|p2a: Grimmsnarl\n|-supereffective|p2a: Grimmsnarl\n|-damage|p2a: Grimmsnarl|0 fnt\n|faint|p2a: Grimmsnarl\n|\n|-weather|Snow|[upkeep]\n|-end|p1a: Ninetales|move: Taunt\n|upkeep\n|\n|t:|1699783833\n|switch|p2a: Iron Hands|Iron Hands|100\/100\n|-activate|p2a: Iron Hands|ability: Quark Drive\n|-start|p2a: Iron Hands|quarkdriveatk\n|turn|4\n|\n|t:|1699783844\n|move|p2a: Iron Hands|Fake Out|p1a: Ninetales\n|-damage|p1a: Ninetales|83\/100\n|cant|p1a: Ninetales|flinch\n|move|p2b: Iron Leaves|Psyblade|p1a: Ninetales\n|-damage|p1a: Ninetales|21\/100\n|move|p1b: stay sharp|Night Slash|p2b: Iron Leaves\n|-supereffective|p2b: Iron Leaves\n|-damage|p2b: Iron Leaves|40\/100\n|-enditem|p2b: Iron Leaves|Weakness Policy\n|-boost|p2b: Iron Leaves|atk|2|[from] item: Weakness Policy\n|-boost|p2b: Iron Leaves|spa|2|[from] item: Weakness Policy\n|\n|-weather|Snow|[upkeep]\n|upkeep\n|turn|5\n|\n|t:|1699783881\n|-end|p2a: Iron Hands|Quark Drive|[silent]\n|switch|p2a: Iron Bundle|Iron Bundle|100\/100\n|-activate|p2a: Iron Bundle|ability: Quark Drive\n|-start|p2a: Iron Bundle|quarkdrivespe\n|-terastallize|p2b: Iron Leaves|Fighting\n|move|p1a: Ninetales|Encore||[still]\n|-fail|p1a: Ninetales\n|move|p2b: Iron Leaves|Trailblaze|p1a: Ninetales\n|-damage|p1a: Ninetales|0 fnt\n|-boost|p2b: Iron Leaves|spe|1\n|faint|p1a: Ninetales\n|move|p1b: stay sharp|Night Slash|p2b: Iron Leaves\n|-resisted|p2b: Iron Leaves\n|-damage|p2b: Iron Leaves|25\/100\n|\n|-weather|none\n|upkeep\n|\n|t:|1699783909\n|switch|p1a: GOTCHA!|Sinistcha|100\/100\n|-heal|p1b: stay sharp|100\/100|[from] ability: Hospitality|[of] p1a: GOTCHA!\n|turn|6\n|\n|t:|1699783927\n|move|p2a: Iron Bundle|Freeze-Dry|p1a: GOTCHA!\n|-supereffective|p1a: GOTCHA!\n|-damage|p1a: GOTCHA!|14\/100\n|-damage|p2a: Iron Bundle|91\/100|[from] item: Life Orb\n|move|p2b: Iron Leaves|Close Combat|p1b: stay sharp\n|-supereffective|p1b: stay sharp\n|-damage|p1b: stay sharp|0 fnt\n|-unboost|p2b: Iron Leaves|def|1\n|-unboost|p2b: Iron Leaves|spd|1\n|faint|p1b: stay sharp\n|move|p1a: GOTCHA!|Matcha Gotcha|p2b: Iron Leaves|[spread] p2a,p2b\n|-supereffective|p2a: Iron Bundle\n|-damage|p2a: Iron Bundle|24\/100\n|-heal|p1a: GOTCHA!|46\/100|[from] drain|[of] p2a: Iron Bundle\n|-damage|p2b: Iron Leaves|6\/100\n|-heal|p1a: GOTCHA!|59\/100|[from] drain|[of] p2b: Iron Leaves\n|-status|p2a: Iron Bundle|brn\n|\n|-damage|p2a: Iron Bundle|18\/100 brn|[from] brn\n|upkeep\n|\n|t:|1699783960\n|switch|p1b: vogue|Espathra, M, shiny|100\/100\n|turn|7\n|\n|t:|1699783987\n|move|p2a: Iron Bundle|Freeze-Dry|p1a: GOTCHA!\n|-supereffective|p1a: GOTCHA!\n|-damage|p1a: GOTCHA!|0 fnt\n|faint|p1a: GOTCHA!\n|-damage|p2a: Iron Bundle|8\/100 brn|[from] item: Life Orb\n|move|p2b: Iron Leaves|Night Slash|p1b: vogue\n|-supereffective|p1b: vogue\n|-damage|p1b: vogue|0 fnt\n|faint|p1b: vogue\n|\n|-damage|p2a: Iron Bundle|2\/100 brn|[from] brn\n|upkeep\n|\n|t:|1699784002\n|switch|p1b: Baxcalibur|Baxcalibur, M|100\/100\n|switch|p1a: Cinderace|Cinderace, M, shiny|100\/100\n|turn|8\n|\n|t:|1699784017\n|move|p1b: Baxcalibur|Ice Shard|p2b: Iron Leaves\n|-damage|p2b: Iron Leaves|0 fnt\n|faint|p2b: Iron Leaves\n|-end|p2b: Iron Leaves|Quark Drive|[silent]\n|move|p2a: Iron Bundle|Hydro Pump|p1a: Cinderace|[miss]\n|-miss|p2a: Iron Bundle|p1a: Cinderace\n|move|p1a: Cinderace|Pyro Ball|p2a: Iron Bundle\n|-damage|p2a: Iron Bundle|0 fnt\n|faint|p2a: Iron Bundle\n|-end|p2a: Iron Bundle|Quark Drive|[silent]\n|\n|upkeep\n|\n|t:|1699784032\n|switch|p2a: Iron Valiant|Iron Valiant, shiny|100\/100\n|switch|p2b: Iron Hands|Iron Hands|100\/100\n|-activate|p2a: Iron Valiant|ability: Quark Drive\n|-start|p2a: Iron Valiant|quarkdrivespe\n|-activate|p2b: Iron Hands|ability: Quark Drive\n|-start|p2b: Iron Hands|quarkdriveatk\n|turn|9\n|\n|t:|1699784057\n|move|p2b: Iron Hands|Fake Out|p1a: Cinderace\n|-damage|p1a: Cinderace|69\/100\n|move|p2a: Iron Valiant|Close Combat|p1b: Baxcalibur\n|-supereffective|p1b: Baxcalibur\n|-damage|p1b: Baxcalibur|0 fnt\n|-unboost|p2a: Iron Valiant|def|1\n|-unboost|p2a: Iron Valiant|spd|1\n|faint|p1b: Baxcalibur\n|-damage|p2a: Iron Valiant|91\/100|[from] item: Life Orb\n|cant|p1a: Cinderace|flinch\n|\n|-sideend|p2: DreadfulBuns|Reflect\n|-fieldend|move: Electric Terrain\n|-end|p2a: Iron Valiant|Quark Drive\n|-end|p2b: Iron Hands|Quark Drive\n|upkeep\n|turn|10\n|\n|t:|1699784086\n|move|p2a: Iron Valiant|Shadow Sneak|p1a: Cinderace\n|-damage|p1a: Cinderace|42\/100\n|-damage|p2a: Iron Valiant|81\/100|[from] item: Life Orb\n|move|p1a: Cinderace|Pyro Ball|p2b: Iron Hands\n|-damage|p2b: Iron Hands|62\/100\n|-status|p2b: Iron Hands|brn\n|move|p2b: Iron Hands|Wild Charge|p1a: Cinderace\n|-damage|p1a: Cinderace|2\/100\n|-damage|p2b: Iron Hands|56\/100 brn|[from] Recoil\n|\n|-damage|p2b: Iron Hands|50\/100 brn|[from] brn\n|-sideend|p2: DreadfulBuns|move: Light Screen\n|upkeep\n|turn|11\n|\n|t:|1699784106\n|move|p2a: Iron Valiant|Shadow Sneak|p1a: Cinderace\n|-damage|p1a: Cinderace|0 fnt\n|faint|p1a: Cinderace\n|-damage|p2a: Iron Valiant|71\/100|[from] item: Life Orb\n|\n|win|DreadfulBuns\n|raw|mfox's rating: 1224 &rarr; <strong>1193<\/strong><br \/>(-31 for losing)\n|raw|DreadfulBuns's rating: 1145 &rarr; <strong>1176<\/strong><br \/>(+31 for winning)\n|l|\u2606mfox\n","uploadtime":1699784124,"views":13,"p1id":"mfox","p2id":"dreadfulbuns","formatid":"gen9doublesou","rating":1176,"private":0,"password":""}