{"id":"gen9doublesou-1970771634","p1":"llamadude314","p2":"Flinchhaxisgreat","format":"[Gen 9] Doubles OU","log":"|j|\u2606llamadude314\n|j|\u2606Flinchhaxisgreat\n|inactive|Battle timer is ON: inactive players will automatically lose when time's up.\n|t:|1697665621\n|gametype|doubles\n|player|p1|llamadude314|265|\n|player|p2|Flinchhaxisgreat|ethan-pokeathlon|\n|teamsize|p1|6\n|teamsize|p2|6\n|gen|9\n|tier|[Gen 9] Doubles OU\n|rated|Tournament battle\n|rule|Species Clause: Limit one of each Pok\u00e9mon\n|rule|OHKO Clause: OHKO moves are banned\n|rule|Evasion Moves Clause: Evasion moves are banned\n|rule|Gravity Sleep Clause: The combination of sleep-inducing moves with imperfect accuracy and Gravity or Gigantamax Orbeetle are banned\n|rule|Endless Battle Clause: Forcing endless battles is banned\n|rule|HP Percentage Mod: HP is shown in percentages\n|clearpoke\n|poke|p1|Slakoth, M|\n|poke|p1|Stunky, F|\n|poke|p1|Gligar, M|\n|poke|p1|Silicobra, F|\n|poke|p1|Misdreavus, F|\n|poke|p1|Aipom, F|\n|poke|p2|Mienfoo, F|\n|poke|p2|Qwilfish-Hisui, M|\n|poke|p2|Makuhita, F|\n|poke|p2|Gothita, M|\n|poke|p2|Hoppip, M|\n|poke|p2|Flittle, F|\n|teampreview\n|j|*Lady Monita \u263d\n|c|\u2606Flinchhaxisgreat|glhf\n|c|\u2606llamadude314|u2\n|j| animeksani\n|\n|t:|1697665640\n|start\n|switch|p1a: Aipom|Aipom, F|100\/100\n|switch|p1b: Misdreavus|Misdreavus, F|100\/100\n|switch|p2a: Hoppip|Hoppip, M|100\/100\n|switch|p2b: Makuhita|Makuhita, F|100\/100\n|turn|1\n|\n|t:|1697665652\n|move|p1a: Aipom|Fake Out|p2b: Makuhita\n|-damage|p2b: Makuhita|79\/100\n|-damage|p1a: Aipom|91\/100|[from] item: Life Orb\n|cant|p2b: Makuhita|flinch\n|move|p1b: Misdreavus|Calm Mind|p1b: Misdreavus\n|-boost|p1b: Misdreavus|spa|1\n|-boost|p1b: Misdreavus|spd|1\n|move|p2a: Hoppip|Cotton Guard|p2a: Hoppip\n|-boost|p2a: Hoppip|def|3\n|\n|upkeep\n|turn|2\n|\n|t:|1697665679\n|move|p1a: Aipom|Knock Off|p2b: Makuhita\n|-resisted|p2b: Makuhita\n|-damage|p2b: Makuhita|63\/100\n|-enditem|p2b: Makuhita|Eviolite|[from] move: Knock Off|[of] p1a: Aipom\n|-damage|p1a: Aipom|81\/100|[from] item: Life Orb\n|move|p1b: Misdreavus|Draining Kiss|p2b: Makuhita\n|-supereffective|p2b: Makuhita\n|-damage|p2b: Makuhita|2\/100\n|move|p2a: Hoppip|Cotton Guard|p2a: Hoppip\n|-boost|p2a: Hoppip|def|3\n|move|p2b: Makuhita|Knock Off|p1b: Misdreavus\n|-supereffective|p1b: Misdreavus\n|-crit|p1b: Misdreavus\n|-damage|p1b: Misdreavus|58\/100\n|-enditem|p1b: Misdreavus|Eviolite|[from] move: Knock Off|[of] p2b: Makuhita\n|\n|upkeep\n|turn|3\n|l| animeksani\n|\n|t:|1697665692\n|move|p1a: Aipom|Knock Off|p2a: Hoppip\n|-damage|p2a: Hoppip|89\/100\n|-enditem|p2a: Hoppip|Eviolite|[from] move: Knock Off|[of] p1a: Aipom\n|-damage|p1a: Aipom|71\/100|[from] item: Life Orb\n|move|p1b: Misdreavus|Icy Wind|p2a: Hoppip|[spread] p2a,p2b\n|-supereffective|p2a: Hoppip\n|-damage|p2a: Hoppip|9\/100\n|-damage|p2b: Makuhita|0 fnt\n|-unboost|p2a: Hoppip|spe|1\n|faint|p2b: Makuhita\n|move|p2a: Hoppip|Baton Pass|p2a: Hoppip\n|\n|t:|1697665702\n|switch|p2a: queen|Flittle, F|100\/100|[from] Baton Pass\n|\n|upkeep\n|c|\u2606llamadude314|queen boutta f me up\n|inactive|Flinchhaxisgreat has 120 seconds left.\n|j| freebird88\n|\n|t:|1697665733\n|switch|p2b: Mienfoo|Mienfoo, F|100\/100\n|turn|4\n|j| christmas egirl\n|\n|t:|1697665740\n|move|p2a: queen|Protect|p2a: queen\n|-singleturn|p2a: queen|Protect\n|move|p1a: Aipom|Knock Off|p2a: queen\n|-activate|p2a: queen|move: Protect\n|move|p2b: Mienfoo|High Jump Kick|p1a: Aipom\n|-supereffective|p1a: Aipom\n|-damage|p1a: Aipom|0 fnt\n|faint|p1a: Aipom\n|move|p1b: Misdreavus|Icy Wind|p2b: Mienfoo|[spread] p2b\n|-activate|p2a: queen|move: Protect\n|-damage|p2b: Mienfoo|66\/100\n|-unboost|p2b: Mienfoo|spe|1\n|\n|-ability|p2a: queen|Speed Boost|boost\n|-boost|p2a: queen|spe|1\n|upkeep\n|\n|t:|1697665752\n|switch|p1a: Gligar|Gligar, M|100\/100\n|turn|5\n|c| christmas egirl|#flittle sweep\n|c|\u2606Flinchhaxisgreat|icy wind so not cool!!!\n|j| bleahey\n|\n|t:|1697665766\n|-terastallize|p2a: queen|Fairy\n|move|p1b: Misdreavus|Draining Kiss|p2b: Mienfoo\n|-supereffective|p2b: Mienfoo\n|-damage|p2b: Mienfoo|0 fnt\n|-heal|p1b: Misdreavus|93\/100|[from] drain|[of] p2b: Mienfoo\n|faint|p2b: Mienfoo\n|move|p1a: Gligar|Tailwind|p1a: Gligar\n|-sidestart|p1: llamadude314|move: Tailwind\n|move|p2a: queen|Calm Mind|p2a: queen\n|-boost|p2a: queen|spa|1\n|-boost|p2a: queen|spd|1\n|\n|-ability|p2a: queen|Speed Boost|boost\n|-boost|p2a: queen|spe|1\n|upkeep\n|\n|t:|1697665783\n|switch|p2b: Gothita|Gothita, M|100\/100\n|-item|p1a: Gligar|Eviolite|[from] ability: Frisk|[of] p2b: Gothita|[identify]\n|turn|6\n|\n|t:|1697665795\n|move|p2b: Gothita|Fake Out|p1a: Gligar\n|-damage|p1a: Gligar|98\/100\n|move|p1b: Misdreavus|Calm Mind|p1b: Misdreavus\n|-boost|p1b: Misdreavus|spa|1\n|-boost|p1b: Misdreavus|spd|1\n|cant|p1a: Gligar|flinch\n|move|p2a: queen|Stored Power|p1b: Misdreavus\n|-damage|p1b: Misdreavus|34\/100\n|\n|-ability|p2a: queen|Speed Boost|boost\n|-boost|p2a: queen|spe|1\n|upkeep\n|turn|7\n|\n|t:|1697665810\n|move|p2a: queen|Protect|p2a: queen\n|-singleturn|p2a: queen|Protect\n|move|p1b: Misdreavus|Draining Kiss|p2b: Gothita\n|-damage|p2b: Gothita|82\/100\n|-heal|p1b: Misdreavus|47\/100|[from] drain|[of] p2b: Gothita\n|move|p1a: Gligar|Toxic|p2a: queen\n|-activate|p2a: queen|move: Protect\n|move|p2b: Gothita|Psychic|p1b: Misdreavus\n|-damage|p1b: Misdreavus|36\/100\n|\n|-ability|p2a: queen|Speed Boost|boost\n|-boost|p2a: queen|spe|1\n|upkeep\n|turn|8\n|\n|t:|1697665837\n|move|p2b: Gothita|Helping Hand|p2a: queen\n|-singleturn|p2a: queen|Helping Hand|[of] p2b: Gothita\n|move|p2a: queen|Stored Power|p1a: Gligar\n|-damage|p1a: Gligar|0 fnt\n|faint|p1a: Gligar\n|move|p1b: Misdreavus|Draining Kiss|p2b: Gothita\n|-damage|p2b: Gothita|63\/100\n|-heal|p1b: Misdreavus|50\/100|[from] drain|[of] p2b: Gothita\n|\n|-sideend|p1: llamadude314|move: Tailwind\n|-ability|p2a: queen|Speed Boost|boost\n|-boost|p2a: queen|spe|1\n|upkeep\n|\n|t:|1697665843\n|switch|p1a: Silicobra|Silicobra, F|100\/100\n|turn|9\n|\n|t:|1697665863\n|move|p2a: queen|Stored Power|p1a: Silicobra\n|-damage|p1a: Silicobra|0 fnt\n|-weather|Sandstorm|[from] ability: Sand Spit|[of] p1a: Silicobra\n|faint|p1a: Silicobra\n|move|p1b: Misdreavus|Icy Wind|p2a: queen|[spread] p2a,p2b\n|-damage|p2a: queen|74\/100\n|-damage|p2b: Gothita|48\/100\n|-unboost|p2a: queen|spe|1\n|-unboost|p2b: Gothita|spe|1\n|move|p2b: Gothita|Heal Pulse|p2a: queen\n|-heal|p2a: queen|100\/100\n|\n|-weather|Sandstorm|[upkeep]\n|-damage|p2a: queen|95\/100|[from] Sandstorm\n|-damage|p1b: Misdreavus|43\/100|[from] Sandstorm\n|-damage|p2b: Gothita|42\/100|[from] Sandstorm\n|-ability|p2a: queen|Speed Boost|boost\n|-boost|p2a: queen|spe|1\n|upkeep\n|\n|t:|1697665874\n|switch|p1a: Stunky|Stunky, F|100\/100\n|turn|10\n|\n|t:|1697665885\n|move|p2a: queen|Stored Power|p1b: Misdreavus\n|-damage|p1b: Misdreavus|0 fnt\n|faint|p1b: Misdreavus\n|move|p1a: Stunky|Knock Off|p2b: Gothita\n|-supereffective|p2b: Gothita\n|-damage|p2b: Gothita|0 fnt\n|-enditem|p2b: Gothita|Eviolite|[from] move: Knock Off|[of] p1a: Stunky\n|faint|p2b: Gothita\n|\n|-weather|Sandstorm|[upkeep]\n|-damage|p2a: queen|89\/100|[from] Sandstorm\n|-damage|p1a: Stunky|95\/100|[from] Sandstorm\n|-ability|p2a: queen|Speed Boost|boost\n|-boost|p2a: queen|spe|1\n|upkeep\n|\n|t:|1697665891\n|switch|p1b: Slakoth|Slakoth, M|100\/100\n|switch|p2b: Qwilfish|Qwilfish-Hisui, M|100\/100\n|-ability|p2b: Qwilfish|Intimidate|boost\n|-unboost|p1a: Stunky|atk|1\n|-unboost|p1b: Slakoth|atk|1\n|turn|11\n|\n|t:|1697665913\n|move|p2a: queen|Stored Power|p1b: Slakoth\n|-damage|p1b: Slakoth|0 fnt\n|faint|p1b: Slakoth\n|move|p1a: Stunky|Gunk Shot|p2a: queen\n|-supereffective|p2a: queen\n|-damage|p2a: queen|55\/100\n|-status|p2a: queen|psn\n|move|p2b: Qwilfish|Gunk Shot|p1a: Stunky\n|-resisted|p1a: Stunky\n|-damage|p1a: Stunky|46\/100\n|\n|-weather|Sandstorm|[upkeep]\n|-damage|p2a: queen|49\/100 psn|[from] Sandstorm\n|-damage|p1a: Stunky|40\/100|[from] Sandstorm\n|-damage|p2b: Qwilfish|95\/100|[from] Sandstorm\n|-damage|p2a: queen|36\/100 psn|[from] psn\n|-ability|p2a: queen|Speed Boost|boost\n|-boost|p2a: queen|spe|1\n|upkeep\n|turn|12\n|\n|t:|1697665925\n|-terastallize|p1a: Stunky|Poison\n|move|p1a: Stunky|Sucker Punch|p2a: queen\n|-resisted|p2a: queen\n|-damage|p2a: queen|31\/100 psn\n|move|p2a: queen|Tera Blast|p1a: Stunky|[anim] Tera Blast Fairy\n|-resisted|p1a: Stunky\n|-damage|p1a: Stunky|0 fnt\n|faint|p1a: Stunky\n|\n|win|Flinchhaxisgreat\n|n|\u2606llamadude314|llamadude314\n|n|\u2606Flinchhaxisgreat|flinchhaxisgreat\n|n|*Lady Monita \u263d|ladymonita\n|n| freebird88|freebird88\n|n| christmas egirl|christmasegirl\n|n| bleahey|bleahey\n","uploadtime":1697665925,"views":16,"p1id":"llamadude314","p2id":"flinchhaxisgreat","formatid":"gen9doublesou","rating":0,"private":0,"password":""}