{"id":"gen9doublesou-1974328970","p1":"Testingchev2","p2":"God_of_STANK!","format":"[Gen 9] Doubles OU","log":"|j|\u2606Testingchev2\n|j|\u2606God_of_STANK!\n|t:|1698078307\n|gametype|doubles\n|player|p1|Testingchev2|102|1380\n|player|p2|God_of_STANK!|psychic|1385\n|teamsize|p1|6\n|teamsize|p2|6\n|gen|9\n|tier|[Gen 9] Doubles OU\n|rated|\n|rule|Species Clause: Limit one of each Pok\u00e9mon\n|rule|OHKO Clause: OHKO moves are banned\n|rule|Evasion Moves Clause: Evasion moves are banned\n|rule|Gravity Sleep Clause: The combination of sleep-inducing moves with imperfect accuracy and Gravity or Gigantamax Orbeetle are banned\n|rule|Endless Battle Clause: Forcing endless battles is banned\n|rule|HP Percentage Mod: HP is shown in percentages\n|clearpoke\n|poke|p1|Dipplin, F|\n|poke|p1|Walking Wake|\n|poke|p1|Torkoal, M|\n|poke|p1|Iron Hands|\n|poke|p1|Arcanine-Hisui, F|\n|poke|p1|Goodra-Hisui, M|\n|poke|p2|Grimmsnarl, M|\n|poke|p2|Fezandipiti, M|\n|poke|p2|Cresselia, F|\n|poke|p2|Iron Hands|\n|poke|p2|Farigiraf, M|\n|poke|p2|Volcanion|\n|teampreview\n|inactive|Battle timer is ON: inactive players will automatically lose when time's up. (requested by God_of_STANK!)\n|\n|t:|1698078325\n|start\n|switch|p1a: Torkoal|Torkoal, M|100\/100\n|switch|p1b: Dipplin|Dipplin, F|100\/100\n|switch|p2a: Grimmsnarl|Grimmsnarl, M|100\/100\n|switch|p2b: Iron Hands|Iron Hands|100\/100\n|-weather|SunnyDay|[from] ability: Drought|[of] p1a: Torkoal\n|turn|1\n|\n|t:|1698078337\n|move|p2a: Grimmsnarl|Fake Out|p1a: Torkoal\n|-damage|p1a: Torkoal|92\/100\n|move|p2b: Iron Hands|Belly Drum|p2b: Iron Hands\n|-damage|p2b: Iron Hands|51\/100\n|-setboost|p2b: Iron Hands|atk|6|[from] move: Belly Drum\n|move|p1b: Dipplin|Growth|p1b: Dipplin\n|-boost|p1b: Dipplin|atk|2\n|-boost|p1b: Dipplin|spa|2\n|cant|p1a: Torkoal|flinch\n|\n|-weather|SunnyDay|[upkeep]\n|upkeep\n|turn|2\n|\n|t:|1698078355\n|move|p2a: Grimmsnarl|Parting Shot|p1b: Dipplin\n|-unboost|p1b: Dipplin|atk|1\n|-unboost|p1b: Dipplin|spa|1\n|\n|t:|1698078366\n|switch|p2a: Cresselia|Cresselia, F|100\/100|[from] Parting Shot\n|move|p2b: Iron Hands|Drain Punch|p1a: Torkoal\n|-crit|p1a: Torkoal\n|-damage|p1a: Torkoal|0 fnt\n|-heal|p2b: Iron Hands|85\/100|[from] drain|[of] p1a: Torkoal\n|faint|p1a: Torkoal\n|move|p1b: Dipplin|Dragon Tail|p2b: Iron Hands\n|-damage|p2b: Iron Hands|69\/100\n|-end|p2b: Iron Hands|Quark Drive|[silent]\n|drag|p2b: Volcanion|Volcanion|100\/100\n|\n|-weather|SunnyDay|[upkeep]\n|upkeep\n|inactive|Testingchev2 has 120 seconds left.\n|\n|t:|1698078399\n|switch|p1a: Iron Hands|Iron Hands|100\/100\n|turn|3\n|c|\u2606God_of_STANK!|he'll be back\n|\n|t:|1698078421\n|move|p1a: Iron Hands|Fake Out|p2b: Volcanion\n|-damage|p2b: Volcanion|87\/100\n|move|p2a: Cresselia|Ally Switch|p2a: Cresselia\n|swap|p2a: Cresselia|1|[from] move: Ally Switch\n|cant|p2a: Volcanion|flinch\n|move|p1b: Dipplin|Growth|p1b: Dipplin\n|-boost|p1b: Dipplin|atk|2\n|-boost|p1b: Dipplin|spa|2\n|\n|-weather|SunnyDay|[upkeep]\n|upkeep\n|turn|4\n|\n|t:|1698078437\n|move|p2b: Cresselia|Moonblast|p1a: Iron Hands\n|-supereffective|p1a: Iron Hands\n|-damage|p1a: Iron Hands|71\/100\n|-unboost|p1a: Iron Hands|spa|1\n|move|p2a: Volcanion|Heat Wave|p1b: Dipplin|[spread] p1a,p1b\n|-damage|p1a: Iron Hands|35\/100\n|-damage|p1b: Dipplin|63\/100\n|move|p1a: Iron Hands|Wild Charge|p2a: Volcanion\n|-supereffective|p2a: Volcanion\n|-damage|p2a: Volcanion|1\/100\n|-damage|p1a: Iron Hands|21\/100|[from] Recoil\n|move|p1b: Dipplin|Giga Drain|p2b: Cresselia\n|-damage|p2b: Cresselia|51\/100\n|-heal|p1b: Dipplin|91\/100|[from] drain|[of] p2b: Cresselia\n|\n|-weather|SunnyDay|[upkeep]\n|upkeep\n|turn|5\n|\n|t:|1698078465\n|move|p2b: Cresselia|Moonblast|p1b: Dipplin\n|-supereffective|p1b: Dipplin\n|-damage|p1b: Dipplin|63\/100\n|move|p2a: Volcanion|Heat Wave|p1b: Dipplin|[spread] p1a,p1b\n|-damage|p1a: Iron Hands|0 fnt\n|-damage|p1b: Dipplin|24\/100\n|-status|p1b: Dipplin|brn\n|faint|p1a: Iron Hands\n|-end|p1a: Iron Hands|Quark Drive|[silent]\n|move|p1b: Dipplin|Giga Drain|p2b: Cresselia\n|-damage|p2b: Cresselia|0 fnt\n|-heal|p1b: Dipplin|51\/100 brn|[from] drain|[of] p2b: Cresselia\n|faint|p2b: Cresselia\n|\n|-weather|SunnyDay|[upkeep]\n|-damage|p1b: Dipplin|45\/100 brn|[from] brn\n|upkeep\n|\n|t:|1698078476\n|switch|p2b: Grimmsnarl|Grimmsnarl, M|100\/100\n|switch|p1a: Arcanine|Arcanine-Hisui, F|100\/100\n|-ability|p1a: Arcanine|Intimidate|boost\n|-unboost|p2a: Volcanion|atk|1\n|-unboost|p2b: Grimmsnarl|atk|1\n|turn|6\n|\n|t:|1698078488\n|move|p2b: Grimmsnarl|Fake Out|p1a: Arcanine\n|-resisted|p1a: Arcanine\n|-damage|p1a: Arcanine|97\/100\n|cant|p1a: Arcanine|flinch\n|move|p2a: Volcanion|Earth Power|p1a: Arcanine\n|-supereffective|p1a: Arcanine\n|-damage|p1a: Arcanine|0 fnt\n|faint|p1a: Arcanine\n|move|p1b: Dipplin|Giga Drain|p2b: Grimmsnarl\n|-damage|p2b: Grimmsnarl|22\/100\n|-heal|p1b: Dipplin|82\/100 brn|[from] drain|[of] p2b: Grimmsnarl\n|\n|-weather|SunnyDay|[upkeep]\n|-damage|p1b: Dipplin|76\/100 brn|[from] brn\n|upkeep\n|\n|t:|1698078509\n|switch|p1a: Walking Wake|Walking Wake|100\/100\n|-activate|p1a: Walking Wake|ability: Protosynthesis\n|-start|p1a: Walking Wake|protosynthesisspa\n|turn|7\n|\n|t:|1698078520\n|move|p2b: Grimmsnarl|Parting Shot|p1a: Walking Wake\n|-unboost|p1a: Walking Wake|atk|1\n|-unboost|p1a: Walking Wake|spa|1\n|\n|t:|1698078524\n|switch|p2b: Farigiraf|Farigiraf, M|100\/100|[from] Parting Shot\n|move|p1a: Walking Wake|Hydro Steam|p2b: Farigiraf\n|-damage|p2b: Farigiraf|52\/100\n|move|p2a: Volcanion|Heat Wave|p1a: Walking Wake|[spread] p1a,p1b\n|-resisted|p1a: Walking Wake\n|-damage|p1a: Walking Wake|83\/100\n|-damage|p1b: Dipplin|35\/100 brn\n|move|p1b: Dipplin|Giga Drain|p2a: Volcanion\n|-crit|p2a: Volcanion\n|-damage|p2a: Volcanion|0 fnt\n|-heal|p1b: Dipplin|35\/100 brn|[from] drain|[of] p2a: Volcanion\n|faint|p2a: Volcanion\n|\n|-weather|SunnyDay|[upkeep]\n|-damage|p1b: Dipplin|29\/100 brn|[from] brn\n|upkeep\n|\n|t:|1698078534\n|switch|p2a: Grimmsnarl|Grimmsnarl, M|22\/100\n|turn|8\n|\n|t:|1698078541\n|move|p1a: Walking Wake|Protect|p1a: Walking Wake\n|-singleturn|p1a: Walking Wake|Protect\n|move|p2a: Grimmsnarl|Fake Out|p1a: Walking Wake\n|-activate|p1a: Walking Wake|move: Protect\n|move|p2b: Farigiraf|Hyper Voice|p1b: Dipplin|[spread] p1b\n|-activate|p1a: Walking Wake|move: Protect\n|-crit|p1b: Dipplin\n|-damage|p1b: Dipplin|6\/100 brn\n|-enditem|p2b: Farigiraf|Throat Spray\n|-boost|p2b: Farigiraf|spa|1|[from] item: Throat Spray\n|move|p1b: Dipplin|Giga Drain|p2b: Farigiraf\n|-damage|p2b: Farigiraf|0 fnt\n|-heal|p1b: Dipplin|33\/100 brn|[from] drain|[of] p2b: Farigiraf\n|faint|p2b: Farigiraf\n|\n|-weather|none\n|-end|p1a: Walking Wake|Protosynthesis\n|-damage|p1b: Dipplin|27\/100 brn|[from] brn\n|upkeep\n|\n|t:|1698078546\n|switch|p2b: Fezandipiti|Fezandipiti, M|100\/100\n|turn|9\n|\n|t:|1698078572\n|move|p2a: Grimmsnarl|Light Screen|p2a: Grimmsnarl\n|-sidestart|p2: God_of_STANK!|move: Light Screen\n|move|p1a: Walking Wake|Hydro Steam|p2b: Fezandipiti\n|-damage|p2b: Fezandipiti|82\/100\n|move|p2b: Fezandipiti|Sludge Bomb|p1b: Dipplin\n|-supereffective|p1b: Dipplin\n|-damage|p1b: Dipplin|0 fnt\n|faint|p1b: Dipplin\n|\n|-heal|p2b: Fezandipiti|88\/100|[from] item: Leftovers\n|upkeep\n|\n|t:|1698078581\n|switch|p1b: Goodra|Goodra-Hisui, M|100\/100\n|turn|10\n|inactive|God_of_STANK! has 120 seconds left.\n|inactive|God_of_STANK! has 90 seconds left.\n|inactive|God_of_STANK! has 60 seconds left.\n|\n|t:|1698078678\n|move|p2a: Grimmsnarl|Parting Shot|p1b: Goodra\n|-unboost|p1b: Goodra|atk|1\n|-unboost|p1b: Goodra|spa|1\n|\n|t:|1698078687\n|switch|p2a: Iron Hands|Iron Hands|69\/100|[from] Parting Shot\n|move|p1a: Walking Wake|Hydro Steam|p2a: Iron Hands\n|-damage|p2a: Iron Hands|54\/100\n|move|p2b: Fezandipiti|Sludge Bomb|p1a: Walking Wake\n|-damage|p1a: Walking Wake|43\/100\n|-status|p1a: Walking Wake|psn\n|move|p1b: Goodra|Acid Armor|p1b: Goodra\n|-boost|p1b: Goodra|def|2\n|\n|-heal|p2b: Fezandipiti|94\/100|[from] item: Leftovers\n|-damage|p1a: Walking Wake|31\/100 psn|[from] psn\n|upkeep\n|turn|11\n|inactive|God_of_STANK! has 60 seconds left.\n|inactive|Testingchev2 has 120 seconds left.\n|\n|t:|1698078727\n|-end|p2a: Iron Hands|Quark Drive|[silent]\n|switch|p2a: Grimmsnarl|Grimmsnarl, M|22\/100\n|move|p1a: Walking Wake|Hydro Steam|p2a: Grimmsnarl\n|-damage|p2a: Grimmsnarl|1\/100\n|move|p2b: Fezandipiti|Hex|p1a: Walking Wake\n|-damage|p1a: Walking Wake|0 fnt\n|faint|p1a: Walking Wake\n|-end|p1a: Walking Wake|Protosynthesis|[silent]\n|move|p1b: Goodra|Flash Cannon|p2b: Fezandipiti\n|-supereffective|p2b: Fezandipiti\n|-damage|p2b: Fezandipiti|69\/100\n|\n|-heal|p2b: Fezandipiti|75\/100|[from] item: Leftovers\n|upkeep\n|turn|12\n|l|\u2606Testingchev2\n|inactive|Testingchev2 disconnected and has a minute to reconnect!\n|player|p1|\n|inactive|Testingchev2 has 30 seconds to reconnect!\n|inactive|Testingchev2 has 20 seconds to reconnect!\n|inactive|Testingchev2 has 15 seconds to reconnect!\n|inactive|Testingchev2 has 10 seconds to reconnect!\n|inactive|Testingchev2 has 5 seconds to reconnect!\n|-message|Testingchev2 lost due to inactivity.\n|\n|win|God_of_STANK!\n|raw|Testingchev2's rating: 1380 &rarr; <strong>1360<\/strong><br \/>(-20 for losing)\n|raw|God_of_STANK!'s rating: 1385 &rarr; <strong>1405<\/strong><br \/>(+20 for winning)\n","uploadtime":1698078817,"views":18,"p1id":"testingchev2","p2id":"godofstank","formatid":"gen9doublesou","rating":1360,"private":0,"password":""}