{"id":"gen9doublesou-1997462054","p1":"Esgarr","p2":"Tushka","format":"[Gen 9] Doubles OU","log":"|j|\u2606Esgarr\n|j|\u2606Tushka\n|t:|1700809501\n|gametype|doubles\n|player|p1|Esgarr|1|1036\n|player|p2|Tushka|lucas-gen4pt|1048\n|teamsize|p1|6\n|teamsize|p2|6\n|gen|9\n|tier|[Gen 9] Doubles OU\n|rated|\n|rule|Species Clause: Limit one of each Pok\u00e9mon\n|rule|OHKO Clause: OHKO moves are banned\n|rule|Evasion Moves Clause: Evasion moves are banned\n|rule|Gravity Sleep Clause: The combination of sleep-inducing moves with imperfect accuracy and Gravity or Gigantamax Orbeetle are banned\n|rule|Endless Battle Clause: Forcing endless battles is banned\n|rule|HP Percentage Mod: HP is shown in percentages\n|clearpoke\n|poke|p1|Hatterene, F|\n|poke|p1|Snorlax, F|\n|poke|p1|Goodra-Hisui, M|\n|poke|p1|Amoonguss, F|\n|poke|p1|Probopass, M|\n|poke|p1|Dragonite, M|\n|poke|p2|Chien-Pao|\n|poke|p2|Dragonite, F|\n|poke|p2|Arcanine, F|\n|poke|p2|Iron Hands|\n|poke|p2|Palafin, F|\n|poke|p2|Amoonguss, F|\n|teampreview\n|c|\u2606Tushka|hi\n|c|\u2606Esgarr|hi sexy\n|c|\u2606Tushka|hello???\n|c|\u2606Tushka|ayo\n|\n|t:|1700809524\n|start\n|switch|p1a: Hatterene|Hatterene, F|100\/100\n|switch|p1b: Amoonguss|Amoonguss, F|100\/100\n|switch|p2a: Amoonguss|Amoonguss, F|100\/100\n|switch|p2b: Arcanine|Arcanine, F|100\/100\n|-ability|p2b: Arcanine|Intimidate|boost\n|-unboost|p1a: Hatterene|atk|1\n|-unboost|p1b: Amoonguss|atk|1\n|turn|1\n|c|\u2606Tushka|dont call me that\n|c|\u2606Esgarr|im gonna cum in your ass!!!\n|\n|t:|1700809547\n|switch|p1b: Goodra|Goodra-Hisui, M|100\/100\n|move|p2b: Arcanine|Extreme Speed|p1b: Goodra\n|-resisted|p1b: Goodra\n|-damage|p1b: Goodra|92\/100\n|move|p2a: Amoonguss|Spore|p1a: Hatterene\n|move|p1a: Hatterene|Spore|p2a: Amoonguss|[from]ability: Magic Bounce\n|-immune|p2a: Amoonguss\n|move|p1a: Hatterene|Trick Room|p1a: Hatterene\n|-fieldstart|move: Trick Room|[of] p1a: Hatterene\n|\n|upkeep\n|turn|2\n|c|\u2606Tushka|what the fuck!!!\n|\n|t:|1700809579\n|move|p1a: Hatterene|Helping Hand|p1b: Goodra\n|-singleturn|p1b: Goodra|Helping Hand|[of] p1a: Hatterene\n|move|p2b: Arcanine|Protect|p2b: Arcanine\n|-singleturn|p2b: Arcanine|Protect\n|move|p2a: Amoonguss|Spore|p1b: Goodra\n|-status|p1b: Goodra|slp|[from] move: Spore\n|cant|p1b: Goodra|slp\n|\n|upkeep\n|turn|3\n|\n|t:|1700809606\n|switch|p2a: Palafin|Palafin, F|100\/100\n|switch|p1b: Snorlax|Snorlax, F|100\/100\n|move|p1a: Hatterene|Protect|p1a: Hatterene\n|-singleturn|p1a: Hatterene|Protect\n|move|p2b: Arcanine|Extreme Speed|p1a: Hatterene\n|-activate|p1a: Hatterene|move: Protect\n|\n|upkeep\n|turn|4\n|\n|t:|1700809632\n|detailschange|p2a: Palafin|Palafin-Hero, F\n|switch|p2a: Amoonguss|Amoonguss, F|100\/100\n|move|p1a: Hatterene|Draining Kiss|p2b: Arcanine\n|-resisted|p2b: Arcanine\n|-damage|p2b: Arcanine|86\/100\n|move|p1b: Snorlax|Belly Drum|p1b: Snorlax\n|-damage|p1b: Snorlax|51\/100\n|-setboost|p1b: Snorlax|atk|6|[from] move: Belly Drum\n|move|p2b: Arcanine|Will-O-Wisp|p1b: Snorlax\n|-status|p1b: Snorlax|brn\n|\n|-heal|p1b: Snorlax|57\/100 brn|[from] item: Leftovers\n|-damage|p1b: Snorlax|51\/100 brn|[from] brn\n|upkeep\n|turn|5\n|\n|t:|1700809657\n|move|p1a: Hatterene|Protect|p1a: Hatterene\n|-singleturn|p1a: Hatterene|Protect\n|move|p2b: Arcanine|Protect|p2b: Arcanine\n|-singleturn|p2b: Arcanine|Protect\n|move|p1b: Snorlax|Rest|p1b: Snorlax\n|-status|p1b: Snorlax|slp|[from] move: Rest\n|-heal|p1b: Snorlax|100\/100 slp|[silent]\n|move|p2a: Amoonguss|Clear Smog|p1b: Snorlax\n|-damage|p1b: Snorlax|90\/100 slp\n|-clearboost|p1b: Snorlax\n|\n|-heal|p1b: Snorlax|96\/100 slp|[from] item: Leftovers\n|-fieldend|move: Trick Room\n|upkeep\n|turn|6\n|\n|t:|1700809694\n|switch|p2a: Dragonite|Dragonite, F|100\/100\n|move|p2b: Arcanine|Extreme Speed|p1a: Hatterene\n|-damage|p1a: Hatterene|78\/100\n|cant|p1b: Snorlax|slp\n|move|p1b: Snorlax|Sleep Talk|p1b: Snorlax\n|move|p1b: Snorlax|Body Slam|p2b: Arcanine|[from]move: Sleep Talk\n|-damage|p2b: Arcanine|43\/100\n|-enditem|p2b: Arcanine|Sitrus Berry|[eat]\n|-heal|p2b: Arcanine|68\/100|[from] item: Sitrus Berry\n|move|p1a: Hatterene|Trick Room|p1a: Hatterene\n|-fieldstart|move: Trick Room|[of] p1a: Hatterene\n|\n|-heal|p1a: Hatterene|84\/100|[from] item: Leftovers\n|-heal|p1b: Snorlax|100\/100 slp|[from] item: Leftovers\n|upkeep\n|turn|7\n|\n|t:|1700809725\n|move|p1a: Hatterene|Draining Kiss|p2a: Dragonite\n|-supereffective|p2a: Dragonite\n|-damage|p2a: Dragonite|73\/100\n|-heal|p1a: Hatterene|100\/100|[from] drain|[of] p2a: Dragonite\n|cant|p1b: Snorlax|slp\n|move|p2a: Dragonite|Outrage|p1b: Snorlax\n|-damage|p1b: Snorlax|35\/100 slp\n|move|p2b: Arcanine|Flare Blitz|p1b: Snorlax\n|-damage|p1b: Snorlax|0 fnt\n|faint|p1b: Snorlax\n|-damage|p2b: Arcanine|52\/100|[from] Recoil\n|\n|upkeep\n|\n|t:|1700809744\n|switch|p1b: Amoonguss|Amoonguss, F|100\/100\n|turn|8\n|c|\u2606Tushka|i hate this\n|\n|t:|1700809762\n|move|p2b: Arcanine|Protect|p2b: Arcanine\n|-singleturn|p2b: Arcanine|Protect\n|move|p1a: Hatterene|Draining Kiss|p2a: Dragonite\n|-supereffective|p2a: Dragonite\n|-damage|p2a: Dragonite|20\/100\n|move|p1b: Amoonguss|Spore|p2b: Arcanine\n|-activate|p2b: Arcanine|move: Protect\n|move|p2a: Dragonite|Outrage|p1a: Hatterene|[from]lockedmove\n|-immune|p1a: Hatterene\n|\n|upkeep\n|turn|9\n|\n|t:|1700809782\n|move|p1a: Hatterene|Draining Kiss|p2a: Dragonite\n|-supereffective|p2a: Dragonite\n|-damage|p2a: Dragonite|0 fnt\n|faint|p2a: Dragonite\n|move|p1b: Amoonguss|Spore|p2b: Arcanine\n|-status|p2b: Arcanine|slp|[from] move: Spore\n|cant|p2b: Arcanine|slp\n|\n|upkeep\n|\n|t:|1700809791\n|switch|p2a: Palafin|Palafin-Hero, F|100\/100\n|-activate|p2a: Palafin|ability: Zero to Hero\n|turn|10\n|\n|t:|1700809804\n|switch|p2b: Chien-Pao|Chien-Pao|100\/100\n|-ability|p2b: Chien-Pao|Sword of Ruin\n|move|p1a: Hatterene|Helping Hand|p1b: Amoonguss\n|-singleturn|p1b: Amoonguss|Helping Hand|[of] p1a: Hatterene\n|move|p1b: Amoonguss|Leaf Storm|p2a: Palafin\n|-supereffective|p2a: Palafin\n|-damage|p2a: Palafin|0 fnt\n|-unboost|p1b: Amoonguss|spa|2\n|faint|p2a: Palafin\n|\n|-fieldend|move: Trick Room\n|upkeep\n|\n|t:|1700809817\n|switch|p2a: Iron Hands|Iron Hands|100\/100\n|turn|11\n|\n|t:|1700809828\n|switch|p1b: Goodra|Goodra-Hisui, M|92\/100 slp\n|move|p2a: Iron Hands|Fake Out|p1b: Goodra\n|-resisted|p1b: Goodra\n|-damage|p1b: Goodra|85\/100 slp\n|move|p2b: Chien-Pao|Sacred Sword|p1b: Goodra\n|-supereffective|p1b: Goodra\n|-damage|p1b: Goodra|25\/100 slp\n|move|p1a: Hatterene|Trick Room|p1a: Hatterene\n|-fieldstart|move: Trick Room|[of] p1a: Hatterene\n|\n|upkeep\n|turn|12\n|\n|t:|1700809849\n|move|p1a: Hatterene|Draining Kiss|p2b: Chien-Pao\n|-supereffective|p2b: Chien-Pao\n|-damage|p2b: Chien-Pao|20\/100\n|cant|p1b: Goodra|slp\n|move|p2a: Iron Hands|Drain Punch|p1a: Hatterene\n|-resisted|p1a: Hatterene\n|-damage|p1a: Hatterene|89\/100\n|move|p2b: Chien-Pao|Ice Spinner|p1b: Goodra\n|-damage|p1b: Goodra|0 fnt\n|faint|p1b: Goodra\n|\n|-heal|p1a: Hatterene|95\/100|[from] item: Leftovers\n|upkeep\n|\n|t:|1700809858\n|switch|p1b: Probopass|Probopass, M|100\/100\n|turn|13\n|\n|t:|1700809869\n|move|p1a: Hatterene|Draining Kiss|p2b: Chien-Pao\n|-supereffective|p2b: Chien-Pao\n|-damage|p2b: Chien-Pao|0 fnt\n|-heal|p1a: Hatterene|100\/100|[from] drain|[of] p2b: Chien-Pao\n|faint|p2b: Chien-Pao\n|move|p1b: Probopass|Iron Defense|p1b: Probopass\n|-boost|p1b: Probopass|def|2\n|move|p2a: Iron Hands|Drain Punch|p1a: Hatterene\n|-resisted|p1a: Hatterene\n|-damage|p1a: Hatterene|91\/100\n|\n|-heal|p1a: Hatterene|97\/100|[from] item: Leftovers\n|upkeep\n|c|\u2606Esgarr|my balls itch!!!!!!!!!!\n|n|!Tushka|tushka\n|\n|t:|1700809891\n|switch|p2b: Arcanine|Arcanine, F|52\/100 slp\n|-ability|p2b: Arcanine|Intimidate|boost\n|-unboost|p1a: Hatterene|atk|1\n|-unboost|p1b: Probopass|atk|1\n|turn|14\n|\n|t:|1700809919\n|-end|p2a: Iron Hands|Quark Drive|[silent]\n|switch|p2a: Amoonguss|Amoonguss, F|100\/100\n|move|p1a: Hatterene|Draining Kiss|p2a: Amoonguss\n|-resisted|p2a: Amoonguss\n|-damage|p2a: Amoonguss|87\/100\n|-heal|p1a: Hatterene|100\/100|[from] drain|[of] p2a: Amoonguss\n|-damage|p1a: Hatterene|84\/100|[from] item: Rocky Helmet|[of] p2a: Amoonguss\n|move|p1b: Probopass|Body Press|p2b: Arcanine\n|-damage|p2b: Arcanine|0 fnt\n|faint|p2b: Arcanine\n|\n|-heal|p1a: Hatterene|90\/100|[from] item: Leftovers\n|upkeep\n|\n|t:|1700809935\n|switch|p2b: Iron Hands|Iron Hands|100\/100\n|turn|15\n|\n|t:|1700809950\n|move|p1a: Hatterene|Draining Kiss|p2b: Iron Hands\n|-supereffective|p2b: Iron Hands\n|-damage|p2b: Iron Hands|72\/100\n|-heal|p1a: Hatterene|100\/100|[from] drain|[of] p2b: Iron Hands\n|move|p2a: Amoonguss|Spore|p1b: Probopass\n|-status|p1b: Probopass|slp|[from] move: Spore\n|cant|p1b: Probopass|slp\n|move|p2b: Iron Hands|Drain Punch|p1a: Hatterene\n|-resisted|p1a: Hatterene\n|-damage|p1a: Hatterene|90\/100\n|-heal|p2b: Iron Hands|76\/100|[from] drain|[of] p1a: Hatterene\n|\n|-heal|p1a: Hatterene|96\/100|[from] item: Leftovers\n|-fieldend|move: Trick Room\n|upkeep\n|turn|16\n|\n|t:|1700810003\n|switch|p1b: Dragonite|Dragonite, M|100\/100\n|-terastallize|p2b: Iron Hands|Fighting\n|move|p2b: Iron Hands|Drain Punch|p1a: Hatterene\n|-resisted|p1a: Hatterene\n|-damage|p1a: Hatterene|84\/100\n|-heal|p2b: Iron Hands|80\/100|[from] drain|[of] p1a: Hatterene\n|move|p2a: Amoonguss|Spore|p1a: Hatterene\n|move|p1a: Hatterene|Spore|p2a: Amoonguss|[from]ability: Magic Bounce\n|-immune|p2a: Amoonguss\n|move|p1a: Hatterene|Trick Room|p1a: Hatterene\n|-fieldstart|move: Trick Room|[of] p1a: Hatterene\n|\n|-heal|p1a: Hatterene|90\/100|[from] item: Leftovers\n|upkeep\n|turn|17\n|\n|t:|1700810036\n|move|p1a: Hatterene|Helping Hand|p1b: Dragonite\n|-singleturn|p1b: Dragonite|Helping Hand|[of] p1a: Hatterene\n|move|p2a: Amoonguss|Rage Powder|p2a: Amoonguss\n|-singleturn|p2a: Amoonguss|move: Rage Powder\n|move|p1b: Dragonite|Extreme Speed|p2a: Amoonguss\n|-damage|p2a: Amoonguss|33\/100\n|-damage|p1b: Dragonite|84\/100|[from] item: Rocky Helmet|[of] p2a: Amoonguss\n|move|p2b: Iron Hands|Drain Punch|p1a: Hatterene\n|-resisted|p1a: Hatterene\n|-damage|p1a: Hatterene|76\/100\n|-heal|p2b: Iron Hands|85\/100|[from] drain|[of] p1a: Hatterene\n|\n|-heal|p1a: Hatterene|82\/100|[from] item: Leftovers\n|upkeep\n|turn|18\n|\n|t:|1700810055\n|move|p1a: Hatterene|Helping Hand|p1b: Dragonite\n|-singleturn|p1b: Dragonite|Helping Hand|[of] p1a: Hatterene\n|move|p1b: Dragonite|Extreme Speed|p2a: Amoonguss\n|-damage|p2a: Amoonguss|0 fnt\n|-damage|p1b: Dragonite|67\/100|[from] item: Rocky Helmet|[of] p2a: Amoonguss\n|faint|p2a: Amoonguss\n|move|p2b: Iron Hands|Drain Punch|p1a: Hatterene\n|-resisted|p1a: Hatterene\n|-damage|p1a: Hatterene|70\/100\n|-heal|p2b: Iron Hands|90\/100|[from] drain|[of] p1a: Hatterene\n|\n|-heal|p1a: Hatterene|76\/100|[from] item: Leftovers\n|upkeep\n|turn|19\n|c|\u2606Esgarr|HOOORAAAAAAAAA\n|\n|t:|1700810077\n|move|p1a: Hatterene|Helping Hand|p1b: Dragonite\n|-singleturn|p1b: Dragonite|Helping Hand|[of] p1a: Hatterene\n|move|p1b: Dragonite|Extreme Speed|p2b: Iron Hands\n|-damage|p2b: Iron Hands|41\/100\n|move|p2b: Iron Hands|Drain Punch|p1a: Hatterene\n|-resisted|p1a: Hatterene\n|-damage|p1a: Hatterene|62\/100\n|-heal|p2b: Iron Hands|45\/100|[from] drain|[of] p1a: Hatterene\n|\n|-heal|p1a: Hatterene|68\/100|[from] item: Leftovers\n|upkeep\n|turn|20\n|\n|t:|1700810090\n|move|p1a: Hatterene|Helping Hand|p1b: Dragonite\n|-singleturn|p1b: Dragonite|Helping Hand|[of] p1a: Hatterene\n|move|p1b: Dragonite|Extreme Speed|p2b: Iron Hands\n|-damage|p2b: Iron Hands|0 fnt\n|faint|p2b: Iron Hands\n|-end|p2b: Iron Hands|Quark Drive|[silent]\n|\n|win|Esgarr\n|raw|Esgarr's rating: 1036 &rarr; <strong>1072<\/strong><br \/>(+36 for winning)\n|raw|Tushka's rating: 1048 &rarr; <strong>1030<\/strong><br \/>(-18 for losing)\n","uploadtime":1700809534,"views":9,"p1id":"esgarr","p2id":"tushka","formatid":"gen9doublesou","rating":1030,"private":0,"password":""}