{"id":"gen9doublesou-1992612341","p1":"heijmans66","p2":"lvcinda","format":"[Gen 9] Doubles OU","log":"|j|\u2606heijmans66\n|j|\u2606lvcinda\n|inactive|Battle timer is ON: inactive players will automatically lose when time's up.\n|t:|1700214631\n|gametype|doubles\n|player|p1|heijmans66|striker|\n|player|p2|lvcinda|cynthia-anime2|\n|teamsize|p1|6\n|teamsize|p2|6\n|gen|9\n|tier|[Gen 9] Doubles OU\n|rated|Tournament battle\n|rule|Species Clause: Limit one of each Pok\u00e9mon\n|rule|OHKO Clause: OHKO moves are banned\n|rule|Evasion Moves Clause: Evasion moves are banned\n|rule|Gravity Sleep Clause: The combination of sleep-inducing moves with imperfect accuracy and Gravity or Gigantamax Orbeetle are banned\n|rule|Endless Battle Clause: Forcing endless battles is banned\n|rule|HP Percentage Mod: HP is shown in percentages\n|clearpoke\n|poke|p1|Shroomish, M|\n|poke|p1|Dragonair, M|\n|poke|p1|Meowth-Galar, M|\n|poke|p1|Wiglett, M|\n|poke|p1|Girafarig, M|\n|poke|p1|Drifloon, F|\n|poke|p2|Clefairy, F|\n|poke|p2|Cloyster, F|\n|poke|p2|Magnemite|\n|poke|p2|Hoppip, M|\n|poke|p2|Meowscarada, M|\n|poke|p2|Hattrem, F|\n|teampreview\n|j|*Lady Monita \u2746\n|\n|t:|1700214653\n|start\n|switch|p1a: Shroomish|Shroomish, M|100\/100\n|switch|p1b: Drifloon|Drifloon, F|100\/100\n|switch|p2a: Hattrem|Hattrem, F|100\/100\n|switch|p2b: Meowscarada|Meowscarada, M|100\/100\n|turn|1\n|\n|t:|1700214674\n|move|p2b: Meowscarada|Knock Off|p1b: Drifloon\n|-start|p2b: Meowscarada|typechange|Dark|[from] ability: Protean\n|-supereffective|p1b: Drifloon\n|-damage|p1b: Drifloon|0 fnt\n|-damage|p2b: Meowscarada|76\/100|[from] ability: Aftermath|[of] p1b: Drifloon\n|-enditem|p1b: Drifloon|Heavy-Duty Boots|[from] move: Knock Off|[of] p2b: Meowscarada\n|faint|p1b: Drifloon\n|move|p2a: Hattrem|Mystical Fire|p1a: Shroomish\n|-supereffective|p1a: Shroomish\n|-damage|p1a: Shroomish|63\/100\n|-unboost|p1a: Shroomish|spa|1\n|move|p1a: Shroomish|Toxic|p2b: Meowscarada\n|-status|p2b: Meowscarada|tox\n|\n|-damage|p2b: Meowscarada|69\/100 tox|[from] psn\n|upkeep\n|j| Mr Biscuits Brown\n|inactive|heijmans66 has 120 seconds left.\n|\n|t:|1700214691\n|switch|p1b: Meowth|Meowth-Galar, M|100\/100\n|turn|2\n|\n|t:|1700214711\n|move|p1b: Meowth|Fake Out|p2b: Meowscarada\n|-damage|p2b: Meowscarada|48\/100 tox\n|cant|p2b: Meowscarada|flinch\n|move|p2a: Hattrem|Mystical Fire|p1b: Meowth\n|-supereffective|p1b: Meowth\n|-damage|p1b: Meowth|46\/100\n|-unboost|p1b: Meowth|spa|1\n|move|p1a: Shroomish|Seed Bomb|p2a: Hattrem\n|-damage|p2a: Hattrem|88\/100\n|\n|-damage|p2b: Meowscarada|36\/100 tox|[from] psn\n|upkeep\n|turn|3\n|\n|t:|1700214727\n|move|p2b: Meowscarada|Knock Off|p1a: Shroomish\n|-damage|p1a: Shroomish|0 fnt\n|-enditem|p1a: Shroomish|Focus Sash|[from] move: Knock Off|[of] p2b: Meowscarada\n|faint|p1a: Shroomish\n|move|p2a: Hattrem|Mystical Fire|p1b: Meowth\n|-supereffective|p1b: Meowth\n|-damage|p1b: Meowth|0 fnt\n|faint|p1b: Meowth\n|\n|-damage|p2b: Meowscarada|18\/100 tox|[from] psn\n|upkeep\n|\n|t:|1700214737\n|switch|p1b: Girafarig|Girafarig, M|100\/100\n|switch|p1a: Dragonair|Dragonair, M|100\/100\n|turn|4\n|\n|t:|1700214751\n|switch|p2b: Magnemite|Magnemite|100\/100\n|-terastallize|p1a: Dragonair|Steel\n|move|p1b: Girafarig|Dazzling Gleam|p2b: Magnemite|[spread] p2a,p2b\n|-resisted|p2b: Magnemite\n|-damage|p2a: Hattrem|75\/100\n|-damage|p2b: Magnemite|89\/100\n|move|p1a: Dragonair|Dragon Dance|p1a: Dragonair\n|-boost|p1a: Dragonair|atk|1\n|-boost|p1a: Dragonair|spe|1\n|move|p2a: Hattrem|Nuzzle|p1b: Girafarig\n|-damage|p1b: Girafarig|98\/100\n|-status|p1b: Girafarig|par\n|\n|upkeep\n|turn|5\n|\n|t:|1700214766\n|move|p1a: Dragonair|Iron Head|p2a: Hattrem\n|-damage|p2a: Hattrem|28\/100\n|move|p1b: Girafarig|Calm Mind|p1b: Girafarig\n|-boost|p1b: Girafarig|spa|1\n|-boost|p1b: Girafarig|spd|1\n|cant|p2a: Hattrem|flinch\n|move|p2b: Magnemite|Thunderbolt|p1a: Dragonair\n|-damage|p1a: Dragonair|9\/100\n|\n|upkeep\n|turn|6\n|\n|t:|1700214776\n|move|p1a: Dragonair|Iron Head|p2a: Hattrem\n|-damage|p2a: Hattrem|0 fnt\n|faint|p2a: Hattrem\n|move|p1b: Girafarig|Shadow Ball|p2b: Magnemite\n|-damage|p2b: Magnemite|40\/100\n|move|p2b: Magnemite|Discharge|p1a: Dragonair|[spread] p1a,p1b\n|-damage|p1a: Dragonair|0 fnt\n|-damage|p1b: Girafarig|69\/100 par\n|faint|p1a: Dragonair\n|\n|upkeep\n|\n|t:|1700214786\n|switch|p1a: Wiglett|Wiglett, M|100\/100\n|switch|p2a: Meowscarada|Meowscarada, M|18\/100 tox\n|turn|7\n|\n|t:|1700214795\n|move|p2a: Meowscarada|Knock Off|p1b: Girafarig\n|-start|p2a: Meowscarada|typechange|Dark|[from] ability: Protean\n|-supereffective|p1b: Girafarig\n|-damage|p1b: Girafarig|0 fnt\n|-enditem|p1b: Girafarig|Eviolite|[from] move: Knock Off|[of] p2a: Meowscarada\n|faint|p1b: Girafarig\n|move|p1a: Wiglett|Facade|p2a: Meowscarada\n|-damage|p2a: Meowscarada|0 fnt\n|faint|p2a: Meowscarada\n|move|p2b: Magnemite|Thunderbolt|p1a: Wiglett\n|-supereffective|p1a: Wiglett\n|-damage|p1a: Wiglett|0 fnt\n|faint|p1a: Wiglett\n|\n|win|lvcinda\n|n|\u2606heijmans66|heijmans66\n|n|\u2606lvcinda|lvcinda\n|n|*Lady Monita \u2746|ladymonita\n|n| Mr Biscuits Brown|mrbiscuitsbrown\n","uploadtime":1700214796,"views":6,"p1id":"heijmans66","p2id":"lvcinda","formatid":"gen9doublesou","rating":0,"private":0,"password":""}