{"id":"gen9doublesou-1973066069","p1":"UsernameNotVisible","p2":"lowladderagent17","format":"[Gen 9] Doubles OU","log":"|j|\u2606UsernameNotVisible\n|j|\u2606lowladderagent17\n|inactive|Battle timer is ON: inactive players will automatically lose when time's up.\n|t:|1697923899\n|gametype|doubles\n|player|p1|UsernameNotVisible|boarder|\n|player|p2|lowladderagent17|cynthia-masters|\n|teamsize|p1|6\n|teamsize|p2|6\n|gen|9\n|tier|[Gen 9] Doubles OU\n|rated|Tournament battle\n|rule|Species Clause: Limit one of each Pok\u00e9mon\n|rule|OHKO Clause: OHKO moves are banned\n|rule|Evasion Moves Clause: Evasion moves are banned\n|rule|Gravity Sleep Clause: The combination of sleep-inducing moves with imperfect accuracy and Gravity or Gigantamax Orbeetle are banned\n|rule|Endless Battle Clause: Forcing endless battles is banned\n|rule|HP Percentage Mod: HP is shown in percentages\n|clearpoke\n|poke|p1|Coalossal, M|\n|poke|p1|Ducklett, F|\n|poke|p1|Dragonite, M|\n|poke|p1|Arrokuda, M|\n|poke|p1|Tynamo, M|\n|poke|p1|Magnemite|\n|poke|p2|Munchlax, M|\n|poke|p2|Mudbray, M|\n|poke|p2|Meowth-Galar, F|\n|poke|p2|Cleffa, F|\n|poke|p2|Meowscarada, F|\n|poke|p2|Nymble, M|\n|teampreview\n|j|*Lady Monita \u263d\n|inactive|lowladderagent17 also wants the timer to be on.\n|inactive|UsernameNotVisible also wants the timer to be on.\n|c|\u2606lowladderagent17|imagine it's hurricane thunder dnite\n|\n|t:|1697923928\n|start\n|switch|p1a: Coalossal|Coalossal, M|100\/100\n|switch|p1b: Ducklett|Ducklett, F|100\/100\n|switch|p2a: Nymble|Nymble, M|100\/100\n|switch|p2b: Mudbray|Mudbray, M|100\/100\n|turn|1\n|j| roxandroll\n|\n|t:|1697923946\n|move|p2a: Nymble|First Impression|p1b: Ducklett\n|-resisted|p1b: Ducklett\n|-damage|p1b: Ducklett|74\/100\n|move|p1b: Ducklett|Aqua Jet|p1a: Coalossal\n|-supereffective|p1a: Coalossal\n|-damage|p1a: Coalossal|83\/100\n|-ability|p1a: Coalossal|Steam Engine|boost\n|-boost|p1a: Coalossal|spe|6\n|-enditem|p1a: Coalossal|Weakness Policy\n|-boost|p1a: Coalossal|atk|2|[from] item: Weakness Policy\n|-boost|p1a: Coalossal|spa|2|[from] item: Weakness Policy\n|move|p1a: Coalossal|Rock Slide|p2a: Nymble|[spread] p2a,p2b\n|-supereffective|p2a: Nymble\n|-resisted|p2b: Mudbray\n|-enditem|p2a: Nymble|Focus Sash\n|-damage|p2a: Nymble|1\/100\n|-damage|p2b: Mudbray|80\/100\n|-ability|p2b: Mudbray|Stamina|boost\n|-boost|p2b: Mudbray|def|1\n|move|p2b: Mudbray|Earthquake|p1a: Coalossal|[spread] p2a,p1a\n|-immune|p1b: Ducklett\n|-resisted|p2a: Nymble\n|-supereffective|p1a: Coalossal\n|-crit|p1a: Coalossal\n|-damage|p2a: Nymble|0 fnt\n|-damage|p1a: Coalossal|0 fnt\n|faint|p2a: Nymble\n|faint|p1a: Coalossal\n|\n|upkeep\n|\n|t:|1697923973\n|switch|p2a: Meowth|Meowth-Galar, F|100\/100\n|switch|p1a: Arrokuda|Arrokuda, M|100\/100\n|turn|2\n|\n|t:|1697923989\n|move|p2a: Meowth|Fake Out|p1a: Arrokuda\n|-damage|p1a: Arrokuda|64\/100\n|cant|p1a: Arrokuda|flinch\n|move|p1b: Ducklett|Tailwind|p1b: Ducklett\n|-sidestart|p1: UsernameNotVisible|move: Tailwind\n|move|p2b: Mudbray|Close Combat|p1a: Arrokuda\n|-damage|p1a: Arrokuda|0 fnt\n|-unboost|p2b: Mudbray|def|1\n|-unboost|p2b: Mudbray|spd|1\n|faint|p1a: Arrokuda\n|\n|upkeep\n|\n|t:|1697924003\n|switch|p1a: Magnemite|Magnemite|100\/100\n|turn|3\n|\n|t:|1697924020\n|move|p1a: Magnemite|Thunder Wave|p2a: Meowth\n|-status|p2a: Meowth|par\n|move|p1b: Ducklett|Air Slash|p2b: Mudbray\n|-damage|p2b: Mudbray|58\/100\n|-ability|p2b: Mudbray|Stamina|boost\n|-boost|p2b: Mudbray|def|1\n|move|p2b: Mudbray|Close Combat|p1a: Magnemite\n|-supereffective|p1a: Magnemite\n|-ability|p1a: Magnemite|Sturdy\n|-damage|p1a: Magnemite|1\/100\n|-unboost|p2b: Mudbray|def|1\n|-unboost|p2b: Mudbray|spd|1\n|cant|p2a: Meowth|par\n|\n|upkeep\n|turn|4\n|j| Asdfmeow\n|l| Asdfmeow\n|-enditem|p1a: Magnemite|Custap Berry|[eat]\n|-activate|p1a: Magnemite|item: Custap Berry|[consumed]\n|\n|t:|1697924045\n|move|p1a: Magnemite|Steel Beam|p2b: Mudbray\n|-damage|p2b: Mudbray|0 fnt\n|-damage|p1a: Magnemite|0 fnt|[from] steelbeam\n|faint|p1a: Magnemite\n|faint|p2b: Mudbray\n|move|p1b: Ducklett|Air Slash|p2a: Meowth\n|-resisted|p2a: Meowth\n|-damage|p2a: Meowth|90\/100 par\n|move|p2a: Meowth|Play Rough|p1b: Ducklett\n|-damage|p1b: Ducklett|45\/100\n|\n|upkeep\n|\n|t:|1697924062\n|switch|p1a: Tynamo|Tynamo, M|100\/100\n|switch|p2b: Munchlax|Munchlax, M|100\/100\n|turn|5\n|\n|t:|1697924074\n|switch|p2a: Cleffa|Cleffa, F|100\/100\n|move|p1a: Tynamo|Thunder Wave|p2b: Munchlax\n|-status|p2b: Munchlax|par\n|move|p1b: Ducklett|Air Slash|p2a: Cleffa\n|-damage|p2a: Cleffa|84\/100\n|move|p2b: Munchlax|Body Slam|p1b: Ducklett\n|-damage|p1b: Ducklett|9\/100\n|-status|p1b: Ducklett|par\n|\n|-sideend|p1: UsernameNotVisible|move: Tailwind\n|upkeep\n|turn|6\n|\n|t:|1697924089\n|move|p1a: Tynamo|Thunder Wave|p2a: Cleffa\n|-status|p2a: Cleffa|par\n|move|p1b: Ducklett|Tailwind|p1b: Ducklett\n|-sidestart|p1: UsernameNotVisible|move: Tailwind\n|move|p2a: Cleffa|Dazzling Gleam|p1a: Tynamo|[spread] p1a,p1b\n|-damage|p1a: Tynamo|67\/100\n|-damage|p1b: Ducklett|0 fnt\n|faint|p1b: Ducklett\n|move|p2b: Munchlax|Body Slam|p1a: Tynamo\n|-damage|p1a: Tynamo|0 fnt\n|faint|p1a: Tynamo\n|\n|upkeep\n|\n|t:|1697924101\n|switch|p1b: Dragonite|Dragonite, M|100\/100\n|turn|7\n|\n|t:|1697924110\n|move|p1b: Dragonite|Iron Head|p2a: Cleffa\n|-supereffective|p2a: Cleffa\n|-damage|p2a: Cleffa|19\/100 par\n|move|p2a: Cleffa|Dazzling Gleam|p1b: Dragonite\n|-supereffective|p1b: Dragonite\n|-damage|p1b: Dragonite|78\/100\n|cant|p2b: Munchlax|par\n|\n|upkeep\n|turn|8\n|\n|t:|1697924127\n|move|p1b: Dragonite|Iron Head|p2a: Cleffa\n|-supereffective|p2a: Cleffa\n|-damage|p2a: Cleffa|0 fnt\n|faint|p2a: Cleffa\n|move|p2b: Munchlax|Body Slam|p1b: Dragonite\n|-damage|p1b: Dragonite|35\/100\n|-status|p1b: Dragonite|par\n|\n|upkeep\n|\n|t:|1697924131\n|switch|p2a: Meowscarada|Meowscarada, F|100\/100\n|turn|9\n|c|\u2606UsernameNotVisible|gg\n|c|\u2606lowladderagent17|gg\n|\n|t:|1697924139\n|-terastallize|p1b: Dragonite|Normal\n|move|p1b: Dragonite|Extreme Speed|p2a: Meowscarada\n|-damage|p2a: Meowscarada|28\/100\n|move|p2a: Meowscarada|Knock Off|p1b: Dragonite\n|-damage|p1b: Dragonite|0 fnt\n|-enditem|p1b: Dragonite|Assault Vest|[from] move: Knock Off|[of] p2a: Meowscarada\n|faint|p1b: Dragonite\n|\n|win|lowladderagent17\n|n|\u2606UsernameNotVisible|usernamenotvisible\n|n|\u2606lowladderagent17|lowladderagent17\n|n|*Lady Monita \u263d|ladymonita\n|n| roxandroll|roxandroll\n","uploadtime":1697924140,"views":9,"p1id":"usernamenotvisible","p2id":"lowladderagent17","formatid":"gen9doublesou","rating":0,"private":0,"password":""}