{"id":"gen9doublesou-1986208340","p1":"jamal07","p2":"ChrisJKGreen","format":"[Gen 9] Doubles OU","log":"|j|\u2606jamal07\n|j|\u203dChrisJKGreen\n|t:|1699459948\n|gametype|doubles\n|player|p1|jamal07|170|1119\n|player|p2|ChrisJKGreen|265|1044\n|teamsize|p1|6\n|teamsize|p2|6\n|gen|9\n|tier|[Gen 9] Doubles OU\n|rated|\n|rule|Species Clause: Limit one of each Pok\u00e9mon\n|rule|OHKO Clause: OHKO moves are banned\n|rule|Evasion Moves Clause: Evasion moves are banned\n|rule|Gravity Sleep Clause: The combination of sleep-inducing moves with imperfect accuracy and Gravity or Gigantamax Orbeetle are banned\n|rule|Endless Battle Clause: Forcing endless battles is banned\n|rule|HP Percentage Mod: HP is shown in percentages\n|clearpoke\n|poke|p1|Tinkaton, F|\n|poke|p1|Ogerpon-Wellspring, F|\n|poke|p1|Armarouge, F|\n|poke|p1|Conkeldurr, M|\n|poke|p1|Indeedee-F, F|\n|poke|p1|Garchomp, F|\n|poke|p2|Sinistcha|\n|poke|p2|Ursaluna, M|\n|poke|p2|Iron Hands|\n|poke|p2|Hatterene, F|\n|poke|p2|Indeedee-F, F|\n|poke|p2|Armarouge, F|\n|teampreview\n|inactive|Battle timer is ON: inactive players will automatically lose when time's up. (requested by ChrisJKGreen)\n|\n|t:|1699459972\n|start\n|switch|p1a: Armarouge|Armarouge, F|100\/100\n|switch|p1b: Indeedee|Indeedee-F, F, shiny|100\/100\n|switch|p2a: Indeedee|Indeedee-F, F|100\/100\n|switch|p2b: Armarouge|Armarouge, F|100\/100\n|-fieldstart|move: Psychic Terrain|[from] ability: Psychic Surge|[of] p1b: Indeedee\n|turn|1\n|c|\u2606jamal07|Lol\n|inactive|ChrisJKGreen has 120 seconds left.\n|\n|t:|1699460007\n|move|p2a: Indeedee|Helping Hand|p2b: Armarouge\n|-singleturn|p2b: Armarouge|Helping Hand|[of] p2a: Indeedee\n|move|p1b: Indeedee|Shadow Ball|p2b: Armarouge\n|-supereffective|p2b: Armarouge\n|-damage|p2b: Armarouge|43\/100\n|move|p1a: Armarouge|Calm Mind|p1a: Armarouge\n|-boost|p1a: Armarouge|spa|1\n|-boost|p1a: Armarouge|spd|1\n|move|p2b: Armarouge|Expanding Force|p1a: Armarouge|[spread] p1a,p1b\n|-resisted|p1a: Armarouge\n|-resisted|p1b: Indeedee\n|-damage|p1a: Armarouge|44\/100\n|-damage|p1b: Indeedee|22\/100\n|-enditem|p1b: Indeedee|Red Card|[of] p2b: Armarouge\n|drag|p2b: Hatterene|Hatterene, F|100\/100\n|\n|upkeep\n|turn|2\n|\n|t:|1699460029\n|move|p2a: Indeedee|Follow Me|p2a: Indeedee\n|-singleturn|p2a: Indeedee|move: Follow Me\n|move|p1b: Indeedee|Shadow Ball|p2a: Indeedee\n|-immune|p2a: Indeedee\n|move|p1a: Armarouge|Armor Cannon|p2a: Indeedee\n|-damage|p2a: Indeedee|15\/100\n|-unboost|p1a: Armarouge|def|1\n|-unboost|p1a: Armarouge|spd|1\n|move|p2b: Hatterene|Trick Room|p2b: Hatterene\n|-fieldstart|move: Trick Room|[of] p2b: Hatterene\n|\n|upkeep\n|turn|3\n|\n|t:|1699460050\n|move|p2b: Hatterene|Dazzling Gleam|p1a: Armarouge|[spread] p1a,p1b\n|-resisted|p1a: Armarouge\n|-crit|p1a: Armarouge\n|-damage|p1a: Armarouge|13\/100\n|-damage|p1b: Indeedee|0 fnt\n|faint|p1b: Indeedee\n|move|p2a: Indeedee|Dazzling Gleam|p1a: Armarouge\n|-resisted|p1a: Armarouge\n|-damage|p1a: Armarouge|4\/100\n|move|p1a: Armarouge|Armor Cannon|p2b: Hatterene\n|-enditem|p2b: Hatterene|Focus Sash\n|-damage|p2b: Hatterene|1\/100\n|-unboost|p1a: Armarouge|def|1\n|-unboost|p1a: Armarouge|spd|1\n|\n|upkeep\n|\n|t:|1699460058\n|switch|p1b: Conkeldurr|Conkeldurr, M, shiny|100\/100\n|turn|4\n|\n|t:|1699460067\n|move|p2b: Hatterene|Dazzling Gleam|p1b: Conkeldurr|[spread] p1a,p1b\n|-resisted|p1a: Armarouge\n|-supereffective|p1b: Conkeldurr\n|-damage|p1a: Armarouge|0 fnt\n|-damage|p1b: Conkeldurr|19\/100\n|faint|p1a: Armarouge\n|move|p1b: Conkeldurr|Drain Punch|p2b: Hatterene\n|-resisted|p2b: Hatterene\n|-damage|p2b: Hatterene|0 fnt\n|-heal|p1b: Conkeldurr|20\/100|[from] drain|[of] p2b: Hatterene\n|faint|p2b: Hatterene\n|move|p2a: Indeedee|Dazzling Gleam|p1b: Conkeldurr\n|-supereffective|p1b: Conkeldurr\n|-damage|p1b: Conkeldurr|0 fnt\n|faint|p1b: Conkeldurr\n|\n|upkeep\n|\n|t:|1699460084\n|switch|p2b: Armarouge|Armarouge, F|43\/100\n|switch|p1b: Tinkaton|Tinkaton, F|100\/100\n|switch|p1a: Ogerpon|Ogerpon-Wellspring, F|100\/100\n|turn|5\n|\n|t:|1699460095\n|-terastallize|p1a: Ogerpon|Water\n|detailschange|p1a: Ogerpon|Ogerpon-Wellspring-Tera, F, tera:Water\n|-ability|p1a: Ogerpon|Embody Aspect (Wellspring)|boost\n|-boost|p1a: Ogerpon|spd|1\n|move|p2a: Indeedee|Helping Hand|p2b: Armarouge\n|-singleturn|p2b: Armarouge|Helping Hand|[of] p2a: Indeedee\n|move|p2b: Armarouge|Expanding Force|p1b: Tinkaton|[spread] p1a,p1b\n|-resisted|p1b: Tinkaton\n|-damage|p1a: Ogerpon|0 fnt\n|-damage|p1b: Tinkaton|30\/100\n|faint|p1a: Ogerpon\n|move|p1b: Tinkaton|Knock Off|p2a: Indeedee\n|-supereffective|p2a: Indeedee\n|-damage|p2a: Indeedee|0 fnt\n|-enditem|p2a: Indeedee|Safety Goggles|[from] move: Knock Off|[of] p1b: Tinkaton\n|faint|p2a: Indeedee\n|\n|-heal|p1b: Tinkaton|36\/100|[from] item: Leftovers\n|-fieldend|move: Psychic Terrain\n|upkeep\n|-message|jamal07 forfeited.\n|\n|win|ChrisJKGreen\n|raw|jamal07's rating: 1119 &rarr; <strong>1089<\/strong><br \/>(-30 for losing)\n|raw|ChrisJKGreen's rating: 1044 &rarr; <strong>1085<\/strong><br \/>(+41 for winning)\n|l|\u2606jamal07\n","uploadtime":1699460121,"views":8,"p1id":"jamal07","p2id":"chrisjkgreen","formatid":"gen9doublesou","rating":1085,"private":0,"password":""}