{"id":"gen9doublesou-1969618961","p1":"SamuckaPC","p2":"nknaitik","format":"[Gen 9] Doubles OU","log":"|j|\u2606SamuckaPC\n|j|\u2606nknaitik\n|t:|1697552402\n|gametype|doubles\n|player|p1|SamuckaPC|101|1262\n|player|p2|nknaitik|sailor|1198\n|teamsize|p1|6\n|teamsize|p2|6\n|gen|9\n|tier|[Gen 9] Doubles OU\n|rated|\n|rule|Species Clause: Limit one of each Pok\u00e9mon\n|rule|OHKO Clause: OHKO moves are banned\n|rule|Evasion Moves Clause: Evasion moves are banned\n|rule|Gravity Sleep Clause: The combination of sleep-inducing moves with imperfect accuracy and Gravity or Gigantamax Orbeetle are banned\n|rule|Endless Battle Clause: Forcing endless battles is banned\n|rule|HP Percentage Mod: HP is shown in percentages\n|clearpoke\n|poke|p1|Ninetales-Alola, M|\n|poke|p1|Articuno|\n|poke|p1|Iron Bundle|\n|poke|p1|Baxcalibur, M|\n|poke|p1|Tornadus, M|\n|poke|p1|Chi-Yu|\n|poke|p2|Ogerpon-Hearthflame, F|\n|poke|p2|Torkoal, F|\n|poke|p2|Ursaluna-Bloodmoon, M|\n|poke|p2|Heatran, M|\n|poke|p2|Walking Wake|\n|poke|p2|Amoonguss, F|\n|teampreview\n|\n|t:|1697552410\n|start\n|switch|p1a: Ninetales|Ninetales-Alola, M|100\/100\n|switch|p1b: Articuno|Articuno|100\/100\n|switch|p2a: Ogerpon|Ogerpon-Hearthflame, F|100\/100\n|switch|p2b: Amoonguss|Amoonguss, F|100\/100\n|-ability|p2a: Ogerpon|Mold Breaker\n|-weather|Snow|[from] ability: Snow Warning|[of] p1a: Ninetales\n|turn|1\n|\n|t:|1697552434\n|-terastallize|p2a: Ogerpon|Fire\n|detailschange|p2a: Ogerpon|Ogerpon-Hearthflame-Tera, F, tera:Fire\n|-ability|p2a: Ogerpon|Embody Aspect (Hearthflame)|boost\n|-boost|p2a: Ogerpon|atk|1\n|move|p2a: Ogerpon|Ivy Cudgel|p1a: Ninetales\n|-supereffective|p1a: Ninetales\n|-damage|p1a: Ninetales|0 fnt\n|faint|p1a: Ninetales\n|move|p1b: Articuno|Blizzard|p2a: Ogerpon|[spread] p2a,p2b\n|-resisted|p2a: Ogerpon\n|-supereffective|p2b: Amoonguss\n|-damage|p2a: Ogerpon|81\/100\n|-damage|p2b: Amoonguss|57\/100\n|-status|p2a: Ogerpon|frz\n|-status|p2b: Amoonguss|frz\n|-curestatus|p2b: Amoonguss|frz|[msg]\n|move|p2b: Amoonguss|Spore|p1b: Articuno\n|-status|p1b: Articuno|slp|[from] move: Spore\n|\n|-weather|Snow|[upkeep]\n|-heal|p2b: Amoonguss|63\/100|[from] item: Black Sludge\n|upkeep\n|\n|t:|1697552457\n|switch|p1a: Tornadus|Tornadus, M|100\/100\n|turn|2\n|\n|t:|1697552484\n|switch|p2a: Torkoal|Torkoal, F, shiny|100\/100\n|-weather|SunnyDay|[from] ability: Drought|[of] p2a: Torkoal\n|move|p1a: Tornadus|Bleakwind Storm|p2a: Torkoal|[spread] p2a,p2b\n|-supereffective|p2b: Amoonguss\n|-damage|p2a: Torkoal|54\/100\n|-damage|p2b: Amoonguss|12\/100\n|cant|p1b: Articuno|slp\n|move|p2b: Amoonguss|Spore|p1a: Tornadus\n|-status|p1a: Tornadus|slp|[from] move: Spore\n|\n|-weather|SunnyDay|[upkeep]\n|-heal|p2b: Amoonguss|18\/100|[from] item: Black Sludge\n|upkeep\n|turn|3\n|l|\u2606nknaitik\n|player|p2|\n|j|\u2606nknaitik\n|player|p2|nknaitik|sailor\n|\n|t:|1697552544\n|cant|p1a: Tornadus|slp\n|-curestatus|p1b: Articuno|slp|[msg]\n|move|p1b: Articuno|Air Slash|p2a: Torkoal\n|-damage|p2a: Torkoal|13\/100\n|move|p2b: Amoonguss|Synthesis|p2b: Amoonguss\n|-heal|p2b: Amoonguss|85\/100\n|move|p2a: Torkoal|Rapid Spin|p1a: Tornadus\n|-damage|p1a: Tornadus|89\/100 slp\n|-boost|p2a: Torkoal|spe|1\n|\n|-weather|SunnyDay|[upkeep]\n|-heal|p2b: Amoonguss|91\/100|[from] item: Black Sludge\n|upkeep\n|turn|4\n|l|\u2606nknaitik\n|player|p2|\n|j|\u2606nknaitik\n|player|p2|nknaitik|sailor\n|\n|t:|1697552606\n|switch|p2a: Ursaluna|Ursaluna-Bloodmoon, M|100\/100\n|cant|p1a: Tornadus|slp\n|move|p1b: Articuno|Blizzard|p2a: Ursaluna|[spread] p2b\n|-miss|p1b: Articuno|p2a: Ursaluna\n|-supereffective|p2b: Amoonguss\n|-damage|p2b: Amoonguss|47\/100\n|move|p2b: Amoonguss|Spore|p1b: Articuno\n|-status|p1b: Articuno|slp|[from] move: Spore\n|\n|-weather|SunnyDay|[upkeep]\n|-heal|p2b: Amoonguss|53\/100|[from] item: Black Sludge\n|upkeep\n|turn|5\n|\n|t:|1697552627\n|cant|p1a: Tornadus|slp\n|cant|p1b: Articuno|slp\n|move|p2a: Ursaluna|Blood Moon|p1a: Tornadus\n|-damage|p1a: Tornadus|0 fnt\n|faint|p1a: Tornadus\n|-damage|p2a: Ursaluna|90\/100|[from] item: Life Orb\n|move|p2b: Amoonguss|Synthesis|p2b: Amoonguss\n|-heal|p2b: Amoonguss|100\/100\n|\n|-weather|SunnyDay|[upkeep]\n|upkeep\n|\n|t:|1697552644\n|switch|p1a: Chi-Yu|Chi-Yu|100\/100\n|-ability|p1a: Chi-Yu|Beads of Ruin\n|turn|6\n|\n|t:|1697552664\n|move|p1a: Chi-Yu|Heat Wave|p2b: Amoonguss|[spread] p2b\n|-miss|p1a: Chi-Yu|p2a: Ursaluna\n|-supereffective|p2b: Amoonguss\n|-damage|p2b: Amoonguss|0 fnt\n|faint|p2b: Amoonguss\n|cant|p1b: Articuno|slp\n|move|p2a: Ursaluna|Earth Power|p1a: Chi-Yu\n|-supereffective|p1a: Chi-Yu\n|-damage|p1a: Chi-Yu|0 fnt\n|faint|p1a: Chi-Yu\n|-damage|p2a: Ursaluna|80\/100|[from] item: Life Orb\n|\n|-weather|none\n|upkeep\n|\n|t:|1697552682\n|switch|p1a: Baxcalibur|Baxcalibur, M|100\/100\n|switch|p2b: Heatran|Heatran, M|100\/100\n|turn|7\n|\n|t:|1697552692\n|move|p1a: Baxcalibur|Body Press|p2b: Heatran\n|-supereffective|p2b: Heatran\n|-damage|p2b: Heatran|66\/100\n|-curestatus|p1b: Articuno|slp|[msg]\n|move|p1b: Articuno|Blizzard|p2b: Heatran|[spread] p2a,p2b\n|-supereffective|p2a: Ursaluna\n|-resisted|p2b: Heatran\n|-damage|p2a: Ursaluna|2\/100\n|-damage|p2b: Heatran|59\/100\n|-status|p2a: Ursaluna|frz\n|-status|p2b: Heatran|frz\n|-curestatus|p2b: Heatran|frz|[msg]\n|move|p2b: Heatran|Heat Wave|p1b: Articuno|[spread] p1a,p1b\n|-supereffective|p1b: Articuno\n|-damage|p1a: Baxcalibur|59\/100\n|-damage|p1b: Articuno|56\/100\n|-curestatus|p2a: Ursaluna|frz|[msg]\n|move|p2a: Ursaluna|Blood Moon|p1a: Baxcalibur\n|-damage|p1a: Baxcalibur|0 fnt\n|faint|p1a: Baxcalibur\n|-damage|p2a: Ursaluna|0 fnt|[from] item: Life Orb\n|faint|p2a: Ursaluna\n|\n|-heal|p2b: Heatran|65\/100|[from] item: Leftovers\n|upkeep\n|-message|SamuckaPC forfeited.\n|\n|win|nknaitik\n|raw|SamuckaPC's rating: 1262 &rarr; <strong>1232<\/strong><br \/>(-30 for losing)\n|raw|nknaitik's rating: 1198 &rarr; <strong>1228<\/strong><br \/>(+30 for winning)\n|l|\u2606SamuckaPC\n","uploadtime":1697552716,"views":22,"p1id":"samuckapc","p2id":"nknaitik","formatid":"gen9doublesou","rating":1228,"private":0,"password":""}