{"id":"gen9doublesou-1975319571","p1":"Mister know it all","p2":"edgypunishment","format":"[Gen 9] Doubles OU","log":"|j|\u2606Mister know it all\n|j|\u2606edgypunishment\n|t:|1698179443\n|gametype|doubles\n|player|p1|Mister know it all|1|1176\n|player|p2|edgypunishment|dawn|1175\n|teamsize|p1|6\n|teamsize|p2|6\n|gen|9\n|tier|[Gen 9] Doubles OU\n|rated|\n|rule|Species Clause: Limit one of each Pok\u00e9mon\n|rule|OHKO Clause: OHKO moves are banned\n|rule|Evasion Moves Clause: Evasion moves are banned\n|rule|Gravity Sleep Clause: The combination of sleep-inducing moves with imperfect accuracy and Gravity or Gigantamax Orbeetle are banned\n|rule|Endless Battle Clause: Forcing endless battles is banned\n|rule|HP Percentage Mod: HP is shown in percentages\n|clearpoke\n|poke|p1|Murkrow, F|\n|poke|p1|Ting-Lu|\n|poke|p1|Gliscor, M|\n|poke|p1|Gyarados, F|\n|poke|p1|Heatran, M|\n|poke|p1|Mew|\n|poke|p2|Florges-Blue, F|\n|poke|p2|Iron Valiant|\n|poke|p2|Flutter Mane|\n|poke|p2|Azumarill, M|\n|poke|p2|Carbink|\n|poke|p2|Tinkaton, F|\n|teampreview\n|\n|t:|1698179447\n|start\n|switch|p1a: Ting-Lu|Ting-Lu|100\/100\n|switch|p1b: Gliscor|Gliscor, M|100\/100\n|switch|p2a: Florges|Florges-Blue, F|100\/100\n|switch|p2b: Iron Valiant|Iron Valiant|100\/100\n|-ability|p1a: Ting-Lu|Vessel of Ruin\n|-enditem|p2b: Iron Valiant|Booster Energy\n|-activate|p2a: Florges|ability: Symbiosis|Focus Sash|[of] p2b: Iron Valiant\n|-activate|p2b: Iron Valiant|ability: Quark Drive|[fromitem]\n|-start|p2b: Iron Valiant|quarkdrivespe\n|turn|1\n|\n|t:|1698179477\n|move|p2b: Iron Valiant|Swords Dance|p2b: Iron Valiant\n|-boost|p2b: Iron Valiant|atk|2\n|move|p1b: Gliscor|Toxic Spikes|p2b: Iron Valiant\n|-sidestart|p2: edgypunishment|move: Toxic Spikes\n|move|p2a: Florges|Skill Swap|p1a: Ting-Lu\n|-activate|p2a: Florges|move: Skill Swap|Vessel of Ruin|Symbiosis|[of] p1a: Ting-Lu\n|-ability|p2a: Florges|Vessel of Ruin\n|move|p1a: Ting-Lu|Stealth Rock|p2b: Iron Valiant\n|-sidestart|p2: edgypunishment|move: Stealth Rock\n|\n|-status|p1b: Gliscor|tox|[from] item: Toxic Orb\n|upkeep\n|turn|2\n|\n|t:|1698179505\n|move|p2b: Iron Valiant|Spirit Break|p1a: Ting-Lu\n|-supereffective|p1a: Ting-Lu\n|-damage|p1a: Ting-Lu|14\/100\n|-unboost|p1a: Ting-Lu|spa|1\n|-damage|p2b: Iron Valiant|84\/100|[from] item: Rocky Helmet|[of] p1a: Ting-Lu\n|move|p1b: Gliscor|Toxic Spikes|p2a: Florges\n|-sidestart|p2: edgypunishment|move: Toxic Spikes\n|move|p2a: Florges|Calm Mind|p2a: Florges\n|-boost|p2a: Florges|spa|1\n|-boost|p2a: Florges|spd|1\n|move|p1a: Ting-Lu|Spikes|p2a: Florges\n|-sidestart|p2: edgypunishment|Spikes\n|\n|upkeep\n|turn|3\n|\n|t:|1698179525\n|move|p2b: Iron Valiant|Spirit Break|p1b: Gliscor\n|-damage|p1b: Gliscor|38\/100 tox\n|-unboost|p1b: Gliscor|spa|1\n|move|p1b: Gliscor|Rock Slide|p2a: Florges|[spread] p2a,p2b\n|-resisted|p2b: Iron Valiant\n|-damage|p2a: Florges|86\/100\n|-damage|p2b: Iron Valiant|76\/100\n|cant|p2a: Florges|flinch\n|move|p1a: Ting-Lu|Spikes|p2a: Florges\n|-sidestart|p2: edgypunishment|Spikes\n|\n|-heal|p1b: Gliscor|50\/100 tox|[from] ability: Poison Heal\n|upkeep\n|turn|4\n|\n|t:|1698179545\n|move|p1b: Gliscor|Protect|p1b: Gliscor\n|-singleturn|p1b: Gliscor|Protect\n|move|p2b: Iron Valiant|Spirit Break|p1b: Gliscor\n|-activate|p1b: Gliscor|move: Protect\n|move|p2a: Florges|Draining Kiss|p1a: Ting-Lu\n|-supereffective|p1a: Ting-Lu\n|-damage|p1a: Ting-Lu|0 fnt\n|-heal|p2a: Florges|100\/100|[from] drain|[of] p1a: Ting-Lu\n|-damage|p2a: Florges|84\/100|[from] item: Rocky Helmet|[of] p1a: Ting-Lu\n|faint|p1a: Ting-Lu\n|\n|-heal|p1b: Gliscor|63\/100 tox|[from] ability: Poison Heal\n|upkeep\n|\n|t:|1698179568\n|switch|p1a: Mew|Mew|100\/100\n|turn|5\n|\n|t:|1698179587\n|move|p2a: Florges|Helping Hand|p2b: Iron Valiant\n|-singleturn|p2b: Iron Valiant|Helping Hand|[of] p2a: Florges\n|move|p2b: Iron Valiant|Spirit Break|p1b: Gliscor\n|-damage|p1b: Gliscor|0 fnt\n|faint|p1b: Gliscor\n|move|p1a: Mew|Zen Headbutt|p2b: Iron Valiant\n|-supereffective|p2b: Iron Valiant\n|-damage|p2b: Iron Valiant|0 fnt\n|faint|p2b: Iron Valiant\n|-end|p2b: Iron Valiant|Quark Drive|[silent]\n|\n|upkeep\n|\n|t:|1698179610\n|switch|p2b: Flutter Mane|Flutter Mane|100\/100\n|switch|p1b: Murkrow|Murkrow, F|100\/100\n|-status|p2b: Flutter Mane|tox\n|-damage|p2b: Flutter Mane|88\/100 tox|[from] Stealth Rock\n|-damage|p2b: Flutter Mane|72\/100 tox|[from] Spikes\n|turn|6\n|\n|t:|1698179625\n|move|p1b: Murkrow|Tailwind|p1b: Murkrow\n|-sidestart|p1: Mister know it all|move: Tailwind\n|move|p1a: Mew|Bulk Up|p1a: Mew\n|-boost|p1a: Mew|atk|1\n|-boost|p1a: Mew|def|1\n|move|p2b: Flutter Mane|Shadow Ball|p1a: Mew\n|-supereffective|p1a: Mew\n|-damage|p1a: Mew|38\/100\n|move|p2a: Florges|Draining Kiss|p1b: Murkrow\n|-supereffective|p1b: Murkrow\n|-damage|p1b: Murkrow|29\/100\n|-heal|p2a: Florges|100\/100|[from] drain|[of] p1b: Murkrow\n|\n|-heal|p1a: Mew|44\/100|[from] item: Leftovers\n|-damage|p2b: Flutter Mane|66\/100 tox|[from] psn\n|upkeep\n|turn|7\n|\n|t:|1698179649\n|-terastallize|p2b: Flutter Mane|Fairy\n|move|p2a: Florges|Helping Hand|p2b: Flutter Mane\n|-singleturn|p2b: Flutter Mane|Helping Hand|[of] p2a: Florges\n|move|p1a: Mew|Zen Headbutt|p2a: Florges|[miss]\n|-miss|p1a: Mew|p2a: Florges\n|move|p1b: Murkrow|Dark Pulse|p2b: Flutter Mane\n|-resisted|p2b: Flutter Mane\n|-damage|p2b: Flutter Mane|56\/100 tox\n|move|p2b: Flutter Mane|Dazzling Gleam|p1b: Murkrow|[spread] p1a,p1b\n|-supereffective|p1b: Murkrow\n|-damage|p1a: Mew|5\/100\n|-damage|p1b: Murkrow|0 fnt\n|faint|p1b: Murkrow\n|\n|-heal|p1a: Mew|11\/100|[from] item: Leftovers\n|-damage|p2b: Flutter Mane|44\/100 tox|[from] psn\n|upkeep\n|\n|t:|1698179669\n|switch|p1b: Gyarados|Gyarados, F|100\/100\n|turn|8\n|\n|t:|1698179682\n|-terastallize|p1b: Gyarados|Ground\n|move|p1a: Mew|Drain Punch|p2a: Florges\n|-resisted|p2a: Florges\n|-damage|p2a: Florges|85\/100\n|-heal|p1a: Mew|17\/100|[from] drain|[of] p2a: Florges\n|move|p1b: Gyarados|Earthquake|p2b: Flutter Mane|[spread] p1a,p2a,p2b\n|-damage|p1a: Mew|0 fnt\n|-damage|p2a: Florges|39\/100\n|-damage|p2b: Flutter Mane|0 fnt\n|faint|p1a: Mew\n|faint|p2b: Flutter Mane\n|-end|p2b: Flutter Mane|Protosynthesis|[silent]\n|-ability|p1b: Gyarados|Moxie|boost\n|-boost|p1b: Gyarados|atk|2\n|move|p2a: Florges|Draining Kiss|p1b: Gyarados\n|-damage|p1b: Gyarados|79\/100\n|-heal|p2a: Florges|58\/100|[from] drain|[of] p1b: Gyarados\n|\n|upkeep\n|\n|t:|1698179704\n|switch|p2b: Azumarill|Azumarill, M|100\/100\n|switch|p1a: Heatran|Heatran, M|100\/100\n|-item|p1a: Heatran|Air Balloon\n|-status|p2b: Azumarill|tox\n|-damage|p2b: Azumarill|88\/100 tox|[from] Stealth Rock\n|-damage|p2b: Azumarill|72\/100 tox|[from] Spikes\n|turn|9\n|\n|t:|1698179727\n|move|p2a: Florges|Helping Hand|p2b: Azumarill\n|-singleturn|p2b: Azumarill|Helping Hand|[of] p2a: Florges\n|move|p2b: Azumarill|Aqua Jet|p1b: Gyarados\n|-supereffective|p1b: Gyarados\n|-damage|p1b: Gyarados|0 fnt\n|faint|p1b: Gyarados\n|move|p1a: Heatran|Heat Wave|p2b: Azumarill|[spread] p2a,p2b\n|-crit|p2a: Florges\n|-resisted|p2b: Azumarill\n|-damage|p2a: Florges|22\/100\n|-damage|p2b: Azumarill|60\/100 tox\n|\n|-damage|p2b: Azumarill|54\/100 tox|[from] psn\n|-sideend|p1: Mister know it all|move: Tailwind\n|upkeep\n|turn|10\n|\n|t:|1698179744\n|move|p2a: Florges|Helping Hand|p2b: Azumarill\n|-singleturn|p2b: Azumarill|Helping Hand|[of] p2a: Florges\n|move|p2b: Azumarill|Aqua Jet|p1a: Heatran\n|-supereffective|p1a: Heatran\n|-damage|p1a: Heatran|33\/100\n|-enditem|p1a: Heatran|Air Balloon\n|move|p1a: Heatran|Heat Wave|p2b: Azumarill|[spread] p2a,p2b\n|-resisted|p2b: Azumarill\n|-damage|p2a: Florges|8\/100\n|-damage|p2b: Azumarill|41\/100 tox\n|\n|-damage|p2b: Azumarill|29\/100 tox|[from] psn\n|upkeep\n|turn|11\n|\n|t:|1698179769\n|move|p2a: Florges|Helping Hand|p2b: Azumarill\n|-singleturn|p2b: Azumarill|Helping Hand|[of] p2a: Florges\n|move|p1a: Heatran|Protect|p1a: Heatran\n|-singleturn|p1a: Heatran|Protect\n|move|p2b: Azumarill|Aqua Jet|p1a: Heatran\n|-activate|p1a: Heatran|move: Protect\n|\n|-damage|p2b: Azumarill|11\/100 tox|[from] psn\n|upkeep\n|turn|12\n|\n|t:|1698179781\n|move|p2a: Florges|Helping Hand|p2b: Azumarill\n|-singleturn|p2b: Azumarill|Helping Hand|[of] p2a: Florges\n|move|p1a: Heatran|Protect||[still]\n|-fail|p1a: Heatran\n|move|p2b: Azumarill|Aqua Jet|p1a: Heatran\n|-supereffective|p1a: Heatran\n|-damage|p1a: Heatran|0 fnt\n|faint|p1a: Heatran\n|\n|win|edgypunishment\n|raw|Mister know it all's rating: 1176 &rarr; <strong>1151<\/strong><br \/>(-25 for losing)\n|raw|edgypunishment's rating: 1175 &rarr; <strong>1200<\/strong><br \/>(+25 for winning)\n","uploadtime":1698179790,"views":25,"p1id":"misterknowitall","p2id":"edgypunishment","formatid":"gen9doublesou","rating":1151,"private":0,"password":""}