{"id":"gen9doublesou-1969569007","p1":"Daskhiel02","p2":"Steqhen","format":"[Gen 9] Doubles OU","log":"|j|\u2606Daskhiel02\n|j|\u2606Steqhen\n|t:|1697548084\n|gametype|doubles\n|player|p1|Daskhiel02|102|1432\n|player|p2|Steqhen|169|1526\n|teamsize|p1|6\n|teamsize|p2|6\n|gen|9\n|tier|[Gen 9] Doubles OU\n|rated|\n|rule|Species Clause: Limit one of each Pok\u00e9mon\n|rule|OHKO Clause: OHKO moves are banned\n|rule|Evasion Moves Clause: Evasion moves are banned\n|rule|Gravity Sleep Clause: The combination of sleep-inducing moves with imperfect accuracy and Gravity or Gigantamax Orbeetle are banned\n|rule|Endless Battle Clause: Forcing endless battles is banned\n|rule|HP Percentage Mod: HP is shown in percentages\n|clearpoke\n|poke|p1|Lycanroc-Midnight, F|\n|poke|p1|Indeedee-F, F|\n|poke|p1|Ribombee, F|\n|poke|p1|Sinistcha|\n|poke|p1|Kommo-o, M|\n|poke|p1|Tauros-Paldea-Aqua, M|\n|poke|p2|Fezandipiti, M|\n|poke|p2|Diancie|\n|poke|p2|Ogerpon-Wellspring, F|\n|poke|p2|Goodra-Hisui, M|\n|poke|p2|Volcanion|\n|poke|p2|Sinistcha|\n|teampreview\n|inactive|Battle timer is ON: inactive players will automatically lose when time's up. (requested by Steqhen)\n|\n|t:|1697548097\n|start\n|switch|p1a: Indeedee|Indeedee-F, F|100\/100\n|switch|p1b: Tauros|Tauros-Paldea-Aqua, M|100\/100\n|switch|p2a: Goodra|Goodra-Hisui, M|100\/100\n|switch|p2b: Fezandipiti|Fezandipiti, M|100\/100\n|-ability|p1b: Tauros|Intimidate|boost\n|-unboost|p2a: Goodra|atk|1\n|-unboost|p2b: Fezandipiti|atk|1\n|-fieldstart|move: Psychic Terrain|[from] ability: Psychic Surge|[of] p1a: Indeedee\n|turn|1\n|inactive|Steqhen has 120 seconds left.\n|\n|t:|1697548129\n|switch|p2a: Sinistcha|Sinistcha|100\/100\n|move|p1b: Tauros|Close Combat|p2a: Sinistcha\n|-immune|p2a: Sinistcha\n|move|p2b: Fezandipiti|Beat Up|p1a: Indeedee\n|-supereffective|p1a: Indeedee\n|-damage|p1a: Indeedee|97\/100\n|-status|p1a: Indeedee|tox|[from] ability: Toxic Chain|[of] p2b: Fezandipiti\n|-supereffective|p1a: Indeedee\n|-damage|p1a: Indeedee|93\/100 tox\n|-supereffective|p1a: Indeedee\n|-damage|p1a: Indeedee|88\/100 tox\n|-supereffective|p1a: Indeedee\n|-damage|p1a: Indeedee|84\/100 tox\n|-supereffective|p1a: Indeedee\n|-damage|p1a: Indeedee|79\/100 tox\n|-supereffective|p1a: Indeedee\n|-damage|p1a: Indeedee|74\/100 tox\n|-hitcount|p1a: Indeedee|6\n|move|p1a: Indeedee|Psychic|p2b: Fezandipiti\n|-supereffective|p2b: Fezandipiti\n|-damage|p2b: Fezandipiti|45\/100\n|\n|-heal|p2b: Fezandipiti|51\/100|[from] item: Leftovers\n|-damage|p1a: Indeedee|68\/100 tox|[from] psn\n|upkeep\n|turn|2\n|inactive|Steqhen has 120 seconds left.\n|inactive|Daskhiel02 has 120 seconds left.\n|\n|t:|1697548163\n|switch|p1b: Lycanroc|Lycanroc-Midnight, F|100\/100\n|move|p2b: Fezandipiti|Icy Wind|p1a: Indeedee|[spread] p1a,p1b\n|-damage|p1a: Indeedee|62\/100 tox\n|-damage|p1b: Lycanroc|91\/100\n|-unboost|p1a: Indeedee|spe|1\n|-unboost|p1b: Lycanroc|spe|1\n|move|p2a: Sinistcha|Matcha Gotcha|p1a: Indeedee|[spread] p1b\n|-miss|p2a: Sinistcha|p1a: Indeedee\n|-supereffective|p1b: Lycanroc\n|-damage|p1b: Lycanroc|14\/100\n|move|p1a: Indeedee|Imprison|p1a: Indeedee\n|-start|p1a: Indeedee|move: Imprison\n|\n|-heal|p2b: Fezandipiti|57\/100|[from] item: Leftovers\n|-damage|p1a: Indeedee|50\/100 tox|[from] psn\n|upkeep\n|-enditem|p1a: Indeedee|Sitrus Berry|[eat]\n|-heal|p1a: Indeedee|75\/100 tox|[from] item: Sitrus Berry\n|turn|3\n|inactive|Daskhiel02 has 120 seconds left.\n|\n|t:|1697548191\n|move|p2b: Fezandipiti|Tailwind|p2b: Fezandipiti\n|-sidestart|p2: Steqhen|move: Tailwind\n|move|p2a: Sinistcha|Matcha Gotcha|p1b: Lycanroc|[spread] p1a,p1b\n|-supereffective|p1b: Lycanroc\n|-damage|p1a: Indeedee|48\/100 tox\n|-damage|p1b: Lycanroc|0 fnt\n|faint|p1b: Lycanroc\n|move|p1a: Indeedee|Psychic|p2b: Fezandipiti\n|-supereffective|p2b: Fezandipiti\n|-damage|p2b: Fezandipiti|9\/100\n|\n|-heal|p2b: Fezandipiti|15\/100|[from] item: Leftovers\n|-damage|p1a: Indeedee|29\/100 tox|[from] psn\n|upkeep\n|inactive|Daskhiel02 has 120 seconds left.\n|\n|t:|1697548202\n|switch|p1b: Ribombee|Ribombee, F|100\/100\n|turn|4\n|\n|t:|1697548221\n|move|p2a: Sinistcha|Rage Powder|p2a: Sinistcha\n|-singleturn|p2a: Sinistcha|move: Rage Powder\n|move|p2b: Fezandipiti|U-turn|p1a: Indeedee\n|-supereffective|p1a: Indeedee\n|-damage|p1a: Indeedee|10\/100 tox\n|\n|t:|1697548226\n|switch|p2b: Goodra|Goodra-Hisui, M|100\/100|[from] U-turn\n|move|p1b: Ribombee|Dazzling Gleam|p2a: Sinistcha|[spread] p2a,p2b\n|-damage|p2a: Sinistcha|76\/100\n|-damage|p2b: Goodra|85\/100\n|move|p1a: Indeedee|Psychic|p2a: Sinistcha\n|-damage|p2a: Sinistcha|40\/100\n|\n|-damage|p1a: Indeedee|0 fnt|[from] psn\n|faint|p1a: Indeedee\n|upkeep\n|\n|t:|1697548238\n|switch|p1a: Kommo-o|Kommo-o, M|100\/100\n|turn|5\n|inactive|Steqhen has 120 seconds left.\n|\n|t:|1697548278\n|switch|p2a: Diancie|Diancie|100\/100\n|-terastallize|p1a: Kommo-o|Steel\n|move|p1b: Ribombee|Sticky Web|p2b: Goodra\n|-sidestart|p2: Steqhen|move: Sticky Web\n|move|p2b: Goodra|Dragon Pulse|p1a: Kommo-o\n|-resisted|p1a: Kommo-o\n|-damage|p1a: Kommo-o|67\/100\n|move|p1a: Kommo-o|Clangorous Soul|p1a: Kommo-o\n|-boost|p1a: Kommo-o|atk|1\n|-boost|p1a: Kommo-o|def|1\n|-boost|p1a: Kommo-o|spa|1\n|-boost|p1a: Kommo-o|spd|1\n|-boost|p1a: Kommo-o|spe|1\n|-damage|p1a: Kommo-o|34\/100\n|-enditem|p1a: Kommo-o|Throat Spray\n|-boost|p1a: Kommo-o|spa|1|[from] item: Throat Spray\n|\n|-fieldend|move: Psychic Terrain\n|upkeep\n|turn|6\n|\n|t:|1697548298\n|switch|p1b: Sinistcha|Sinistcha|100\/100\n|-heal|p1a: Kommo-o|59\/100|[from] ability: Hospitality|[of] p1b: Sinistcha\n|move|p1a: Kommo-o|Flash Cannon|p2a: Diancie\n|-supereffective|p2a: Diancie\n|-damage|p2a: Diancie|0 fnt\n|faint|p2a: Diancie\n|move|p2b: Goodra|Dragon Pulse|p1a: Kommo-o\n|-resisted|p1a: Kommo-o\n|-damage|p1a: Kommo-o|36\/100\n|\n|-sideend|p2: Steqhen|move: Tailwind\n|upkeep\n|inactive|Steqhen has 120 seconds left.\n|\n|t:|1697548312\n|switch|p2a: Fezandipiti|Fezandipiti, M|15\/100\n|-activate|p2a: Fezandipiti|move: Sticky Web\n|-unboost|p2a: Fezandipiti|spe|1\n|turn|7\n|\n|t:|1697548334\n|switch|p2b: Ogerpon|Ogerpon-Wellspring, F|100\/100\n|-activate|p2b: Ogerpon|move: Sticky Web\n|-unboost|p2b: Ogerpon|spe|1\n|move|p1a: Kommo-o|Aura Sphere|p2b: Ogerpon\n|-damage|p2b: Ogerpon|21\/100\n|move|p1b: Sinistcha|Shadow Ball|p2a: Fezandipiti\n|-damage|p2a: Fezandipiti|0 fnt\n|faint|p2a: Fezandipiti\n|\n|upkeep\n|\n|t:|1697548348\n|switch|p2a: Goodra|Goodra-Hisui, M|85\/100\n|-activate|p2a: Goodra|move: Sticky Web\n|-unboost|p2a: Goodra|spe|1\n|turn|8\n|inactive|Daskhiel02 has 120 seconds left.\n|\n|t:|1697548386\n|-terastallize|p2a: Goodra|Water\n|move|p1a: Kommo-o|Clanging Scales|p2a: Goodra|[spread] p2a,p2b\n|-damage|p2a: Goodra|40\/100\n|-damage|p2b: Ogerpon|0 fnt\n|faint|p2b: Ogerpon\n|-unboost|p1a: Kommo-o|def|1\n|move|p1b: Sinistcha|Shadow Ball|p2a: Goodra\n|-damage|p2a: Goodra|8\/100\n|move|p2a: Goodra|Surf|p1a: Kommo-o|[spread] p1a,p1b\n|-resisted|p1b: Sinistcha\n|-damage|p1a: Kommo-o|0 fnt\n|-damage|p1b: Sinistcha|80\/100\n|faint|p1a: Kommo-o\n|\n|upkeep\n|\n|t:|1697548402\n|switch|p2b: Sinistcha|Sinistcha|40\/100\n|switch|p1a: Ribombee|Ribombee, F|100\/100\n|-activate|p2b: Sinistcha|move: Sticky Web\n|-unboost|p2b: Sinistcha|spe|1\n|-heal|p2a: Goodra|33\/100|[from] ability: Hospitality|[of] p2b: Sinistcha\n|turn|9\n|\n|t:|1697548420\n|move|p1a: Ribombee|Dazzling Gleam|p2b: Sinistcha|[spread] p2a,p2b\n|-damage|p2a: Goodra|16\/100\n|-damage|p2b: Sinistcha|16\/100\n|-enditem|p2b: Sinistcha|Aguav Berry|[eat]\n|-heal|p2b: Sinistcha|49\/100|[from] item: Aguav Berry\n|move|p1b: Sinistcha|Shadow Ball|p2a: Goodra\n|-damage|p2a: Goodra|0 fnt\n|faint|p2a: Goodra\n|move|p2b: Sinistcha|Shadow Ball|p1b: Sinistcha\n|-supereffective|p1b: Sinistcha\n|-damage|p1b: Sinistcha|19\/100\n|\n|upkeep\n|\n|t:|1697548431\n|switch|p2a: Volcanion|Volcanion|100\/100\n|-activate|p2a: Volcanion|move: Sticky Web\n|-unboost|p2a: Volcanion|spe|1\n|turn|10\n|\n|t:|1697548452\n|move|p1a: Ribombee|Energy Ball|p2a: Volcanion\n|-damage|p2a: Volcanion|77\/100\n|move|p1b: Sinistcha|Shadow Ball|p2b: Sinistcha\n|-supereffective|p2b: Sinistcha\n|-damage|p2b: Sinistcha|0 fnt\n|faint|p2b: Sinistcha\n|move|p2a: Volcanion|Sludge Bomb|p1a: Ribombee\n|-supereffective|p1a: Ribombee\n|-enditem|p1a: Ribombee|Focus Sash\n|-damage|p1a: Ribombee|1\/100\n|\n|-heal|p2a: Volcanion|83\/100|[from] item: Leftovers\n|upkeep\n|turn|11\n|\n|t:|1697548467\n|move|p1a: Ribombee|Energy Ball|p2a: Volcanion\n|-crit|p2a: Volcanion\n|-damage|p2a: Volcanion|42\/100\n|move|p1b: Sinistcha|Shadow Ball|p2a: Volcanion\n|-damage|p2a: Volcanion|0 fnt\n|faint|p2a: Volcanion\n|\n|win|Daskhiel02\n|raw|Daskhiel02's rating: 1432 &rarr; <strong>1457<\/strong><br \/>(+25 for winning)\n|raw|Steqhen's rating: 1526 &rarr; <strong>1501<\/strong><br \/>(-25 for losing)\n|l|\u2606Steqhen\n|c|\u2606Daskhiel02|gg!\n","uploadtime":1697548487,"views":13,"p1id":"daskhiel02","p2id":"steqhen","formatid":"gen9doublesou","rating":1457,"private":0,"password":""}