{"id":"gen9doublesou-1984101894","p1":"kjmo44","p2":"OrichalcosGigas","format":"[Gen 9] Doubles OU","log":"|j|\u2606kjmo44\n|j|\u2606OrichalcosGigas\n|inactive|Battle timer is ON: inactive players will automatically lose when time's up.\n|t:|1699218840\n|gametype|doubles\n|player|p1|kjmo44|265|\n|player|p2|OrichalcosGigas|266|\n|teamsize|p1|6\n|teamsize|p2|6\n|gen|9\n|tier|[Gen 9] Doubles OU\n|rated|Tournament battle\n|rule|Species Clause: Limit one of each Pok\u00e9mon\n|rule|OHKO Clause: OHKO moves are banned\n|rule|Evasion Moves Clause: Evasion moves are banned\n|rule|Gravity Sleep Clause: The combination of sleep-inducing moves with imperfect accuracy and Gravity or Gigantamax Orbeetle are banned\n|rule|Endless Battle Clause: Forcing endless battles is banned\n|rule|HP Percentage Mod: HP is shown in percentages\n|clearpoke\n|poke|p1|Masquerain, M|\n|poke|p1|Kleavor, F|\n|poke|p1|Chansey, F|\n|poke|p1|Medicham, M|\n|poke|p1|Baxcalibur, F|\n|poke|p1|Thwackey, F|\n|poke|p2|Quagsire, M|\n|poke|p2|Floatzel, F|\n|poke|p2|Milotic, M|\n|poke|p2|Gholdengo|\n|poke|p2|Mabosstiff, F|\n|poke|p2|Breloom, F|\n|teampreview\n|j|*Lady Monita \u263d\n|j| suggondeese\n|\n|t:|1699218853\n|start\n|switch|p1a: Chansey|Chansey, F, shiny|100\/100\n|switch|p1b: Medicham|Medicham, M, shiny|100\/100\n|switch|p2a: Floatzel|Floatzel, F|100\/100\n|switch|p2b: Quagsire|Quagsire, M|100\/100\n|turn|1\n|c| suggondeese|kjmo4 is a noob\n|c| suggondeese|kjmo44 on the other hand\n|c| suggondeese|is also a noob\n|\n|t:|1699218882\n|move|p2a: Floatzel|Surf|p1a: Chansey|[spread] p1a,p1b\n|-immune|p2b: Quagsire|[from] ability: Water Absorb\n|-damage|p1a: Chansey|88\/100\n|-damage|p1b: Medicham|53\/100\n|move|p1b: Medicham|Poison Jab|p2a: Floatzel\n|-damage|p2a: Floatzel|44\/100\n|move|p1a: Chansey|Life Dew|p1a: Chansey|[spread] p1a,p1b\n|-heal|p1a: Chansey|100\/100\n|-heal|p1b: Medicham|78\/100\n|move|p2b: Quagsire|Icy Wind|p1a: Chansey|[spread] p1a,p1b\n|-damage|p1a: Chansey|97\/100\n|-damage|p1b: Medicham|68\/100\n|-unboost|p1a: Chansey|spe|1\n|-unboost|p1b: Medicham|spe|1\n|\n|upkeep\n|turn|2\n|c| suggondeese|he has no cc\n|c| suggondeese|he forgot to buy jungle bootys\n|\n|t:|1699218901\n|switch|p2a: Gholdengo|Gholdengo|100\/100\n|switch|p2b: Breloom|Breloom, F|100\/100\n|move|p1b: Medicham|Poison Jab|p2a: Gholdengo\n|-immune|p2a: Gholdengo\n|move|p1a: Chansey|Heal Pulse|p1b: Medicham\n|-heal|p1b: Medicham|100\/100\n|\n|upkeep\n|turn|3\n|\n|t:|1699218919\n|move|p2a: Gholdengo|Nasty Plot|p2a: Gholdengo\n|-boost|p2a: Gholdengo|spa|2\n|move|p2b: Breloom|Spore|p1b: Medicham\n|-status|p1b: Medicham|slp|[from] move: Spore\n|cant|p1b: Medicham|slp\n|move|p1a: Chansey|Icy Wind|p2a: Gholdengo|[spread] p2a,p2b\n|-resisted|p2a: Gholdengo\n|-supereffective|p2b: Breloom\n|-damage|p2a: Gholdengo|98\/100\n|-damage|p2b: Breloom|84\/100\n|-unboost|p2a: Gholdengo|spe|1\n|-unboost|p2b: Breloom|spe|1\n|\n|upkeep\n|turn|4\n|c| suggondeese|i have no farm\n|inactive|kjmo44 has 120 seconds left.\n|\n|t:|1699218961\n|switch|p1b: Thwackey|Thwackey, F, shiny|100\/100\n|-fieldstart|move: Grassy Terrain|[from] ability: Grassy Surge|[of] p1b: Thwackey\n|-enditem|p1b: Thwackey|Grassy Seed\n|-boost|p1b: Thwackey|def|1|[from] item: Grassy Seed\n|switch|p2b: Mabosstiff|Mabosstiff, F|100\/100\n|move|p2a: Gholdengo|Dazzling Gleam|p1a: Chansey|[spread] p1a,p1b\n|-damage|p1a: Chansey|83\/100\n|-damage|p1b: Thwackey|17\/100\n|move|p1a: Chansey|Icy Wind|p2b: Mabosstiff|[spread] p2a,p2b\n|-resisted|p2a: Gholdengo\n|-damage|p2a: Gholdengo|95\/100\n|-damage|p2b: Mabosstiff|94\/100\n|-unboost|p2a: Gholdengo|spe|1\n|-unboost|p2b: Mabosstiff|spe|1\n|\n|-heal|p2b: Mabosstiff|99\/100|[from] Grassy Terrain\n|-heal|p1b: Thwackey|23\/100|[from] Grassy Terrain\n|-heal|p2a: Gholdengo|100\/100|[from] Grassy Terrain\n|-heal|p1a: Chansey|90\/100|[from] Grassy Terrain\n|upkeep\n|turn|5\n|l| suggondeese\n|j| suggondeese\n|inactive|kjmo44 has 120 seconds left.\n|\n|t:|1699218990\n|move|p2b: Mabosstiff|Crunch|p1a: Chansey\n|-damage|p1a: Chansey|66\/100\n|-unboost|p1a: Chansey|def|1\n|move|p1b: Thwackey|Knock Off|p2a: Gholdengo\n|-supereffective|p2a: Gholdengo\n|-damage|p2a: Gholdengo|38\/100\n|-enditem|p2a: Gholdengo|Wiki Berry|[from] move: Knock Off|[of] p1b: Thwackey\n|move|p2a: Gholdengo|Dazzling Gleam|p1a: Chansey|[spread] p1a,p1b\n|-damage|p1a: Chansey|52\/100\n|-damage|p1b: Thwackey|0 fnt\n|faint|p1b: Thwackey\n|move|p1a: Chansey|Life Dew|p1a: Chansey\n|-heal|p1a: Chansey|77\/100\n|\n|-heal|p2b: Mabosstiff|100\/100|[from] Grassy Terrain\n|-heal|p2a: Gholdengo|44\/100|[from] Grassy Terrain\n|-heal|p1a: Chansey|83\/100|[from] Grassy Terrain\n|upkeep\n|inactive|kjmo44 has 90 seconds left.\n|\n|t:|1699219017\n|switch|p1b: Kleavor|Kleavor, F, shiny|100\/100\n|turn|6\n|\n|t:|1699219029\n|switch|p2b: Milotic|Milotic, M|100\/100\n|move|p1b: Kleavor|Lunge|p2b: Milotic\n|-damage|p2b: Milotic|18\/100\n|move|p2a: Gholdengo|Flash Cannon|p1b: Kleavor\n|-supereffective|p1b: Kleavor\n|-damage|p1b: Kleavor|0 fnt\n|faint|p1b: Kleavor\n|move|p1a: Chansey|Seismic Toss|p2b: Milotic\n|-damage|p2b: Milotic|0 fnt\n|faint|p2b: Milotic\n|\n|-heal|p2a: Gholdengo|50\/100|[from] Grassy Terrain\n|-heal|p1a: Chansey|89\/100|[from] Grassy Terrain\n|upkeep\n|inactive|kjmo44 has 120 seconds left.\n|\n|t:|1699219051\n|switch|p1b: Medicham|Medicham, M, shiny|100\/100 slp\n|switch|p2b: Breloom|Breloom, F|84\/100\n|turn|7\n|\n|t:|1699219061\n|cant|p1b: Medicham|slp\n|move|p2b: Breloom|Bullet Seed|p1a: Chansey\n|-damage|p1a: Chansey|61\/100\n|-damage|p1a: Chansey|34\/100\n|-damage|p1a: Chansey|7\/100\n|-damage|p1a: Chansey|0 fnt\n|faint|p1a: Chansey\n|-hitcount|p1: Chansey|4\n|move|p2a: Gholdengo|Dazzling Gleam|p1b: Medicham\n|-supereffective|p1b: Medicham\n|-damage|p1b: Medicham|0 fnt\n|faint|p1b: Medicham\n|\n|-heal|p2b: Breloom|91\/100|[from] Grassy Terrain\n|-heal|p2a: Gholdengo|56\/100|[from] Grassy Terrain\n|upkeep\n|j| Keqinamu\n|inactive|kjmo44 has 120 seconds left.\n|\n|t:|1699219076\n|switch|p1b: Baxcalibur|Baxcalibur, F, shiny|100\/100\n|switch|p1a: Masquerain|Masquerain, M|100\/100\n|-ability|p1a: Masquerain|Intimidate|boost\n|-unboost|p2a: Gholdengo|atk|1\n|-unboost|p2b: Breloom|atk|1\n|turn|8\n|\n|t:|1699219089\n|-terastallize|p1b: Baxcalibur|Steel\n|move|p1b: Baxcalibur|Dragon Dance|p1b: Baxcalibur\n|-boost|p1b: Baxcalibur|atk|1\n|-boost|p1b: Baxcalibur|spe|1\n|move|p1a: Masquerain|Air Cutter|p2b: Breloom|[spread] p2a,p2b\n|-resisted|p2a: Gholdengo\n|-supereffective|p2b: Breloom\n|-damage|p2a: Gholdengo|43\/100\n|-damage|p2b: Breloom|0 fnt\n|faint|p2b: Breloom\n|move|p2a: Gholdengo|Dazzling Gleam|p1b: Baxcalibur|[spread] p1a,p1b\n|-resisted|p1b: Baxcalibur\n|-damage|p1a: Masquerain|44\/100\n|-damage|p1b: Baxcalibur|80\/100\n|\n|-heal|p1b: Baxcalibur|86\/100|[from] Grassy Terrain\n|-heal|p2a: Gholdengo|49\/100|[from] Grassy Terrain\n|-fieldend|move: Grassy Terrain\n|upkeep\n|\n|t:|1699219109\n|switch|p2b: Quagsire|Quagsire, M|100\/100\n|turn|9\n|\n|t:|1699219138\n|move|p1b: Baxcalibur|Glaive Rush|p2b: Quagsire\n|-damage|p2b: Quagsire|0 fnt\n|-singlemove|p1b: Baxcalibur|Glaive Rush|[silent]\n|faint|p2b: Quagsire\n|move|p1a: Masquerain|Air Cutter|p2a: Gholdengo\n|-resisted|p2a: Gholdengo\n|-damage|p2a: Gholdengo|33\/100\n|move|p2a: Gholdengo|Shadow Ball|p1b: Baxcalibur\n|-damage|p1b: Baxcalibur|0 fnt\n|faint|p1b: Baxcalibur\n|\n|upkeep\n|\n|t:|1699219148\n|switch|p2b: Mabosstiff|Mabosstiff, F|100\/100\n|turn|10\n|l| Keqinamu\n|\n|t:|1699219153\n|move|p2b: Mabosstiff|Crunch|p1a: Masquerain\n|-damage|p1a: Masquerain|0 fnt\n|faint|p1a: Masquerain\n|\n|win|OrichalcosGigas\n|n|\u2606kjmo44|kjmo44\n|n|\u2606OrichalcosGigas|orichalcosgigas\n|n|*Lady Monita \u263d|ladymonita\n|n| suggondeese|suggondeese\n","uploadtime":1699219154,"views":7,"p1id":"kjmo44","p2id":"orichalcosgigas","formatid":"gen9doublesou","rating":0,"private":0,"password":""}