{"id":"gen9doublesou-1982722514","p1":"Rungy","p2":"UnknownOne117","format":"[Gen 9] Doubles OU","log":"|j|\u2606Rungy\n|j|\u2606UnknownOne117\n|t:|1699038877\n|gametype|doubles\n|player|p1|Rungy|gambler|1222\n|player|p2|UnknownOne117|1|1125\n|teamsize|p1|6\n|teamsize|p2|6\n|gen|9\n|tier|[Gen 9] Doubles OU\n|rated|\n|rule|Species Clause: Limit one of each Pok\u00e9mon\n|rule|OHKO Clause: OHKO moves are banned\n|rule|Evasion Moves Clause: Evasion moves are banned\n|rule|Gravity Sleep Clause: The combination of sleep-inducing moves with imperfect accuracy and Gravity or Gigantamax Orbeetle are banned\n|rule|Endless Battle Clause: Forcing endless battles is banned\n|rule|HP Percentage Mod: HP is shown in percentages\n|clearpoke\n|poke|p1|Weezing-Galar, M|\n|poke|p1|Talonflame, M|\n|poke|p1|Gastrodon-East, M|\n|poke|p1|Sawsbuck-Autumn, M|\n|poke|p1|Farigiraf, F|\n|poke|p1|Meowscarada, F|\n|poke|p2|Kommo-o, M|\n|poke|p2|Clefairy, F|\n|poke|p2|Landorus-Therian, M|\n|poke|p2|Flutter Mane|\n|poke|p2|Rillaboom, F|\n|poke|p2|Grimmsnarl, M|\n|teampreview\n|c|\u2606Rungy|glhf!\n|\n|t:|1699038906\n|start\n|switch|p1a: Assmar|Weezing-Galar, M|100\/100\n|switch|p1b: Khan|Gastrodon-East, M|100\/100\n|switch|p2a: Landorus|Landorus-Therian, M|100\/100\n|switch|p2b: Rillaboom|Rillaboom, F|100\/100\n|-ability|p2a: Landorus|Intimidate|boost\n|-unboost|p1a: Assmar|atk|1\n|-unboost|p1b: Khan|atk|1\n|-fieldstart|move: Grassy Terrain|[from] ability: Grassy Surge|[of] p2b: Rillaboom\n|-enditem|p2b: Rillaboom|Grassy Seed\n|-boost|p2b: Rillaboom|def|1|[from] item: Grassy Seed\n|-fieldstart|move: Misty Terrain|[from] ability: Misty Surge|[of] p1a: Assmar\n|turn|1\n|inactive|Battle timer is ON: inactive players will automatically lose when time's up. (requested by UnknownOne117)\n|\n|t:|1699038934\n|-terastallize|p2b: Rillaboom|Flying\n|-terastallize|p1b: Khan|Fire\n|move|p2a: Landorus|Earthquake|p1a: Assmar|[spread] p1a,p1b\n|-immune|p2b: Rillaboom\n|-supereffective|p1a: Assmar\n|-crit|p1a: Assmar\n|-supereffective|p1b: Khan\n|-damage|p1a: Assmar|0 fnt\n|-damage|p1b: Khan|3\/100\n|faint|p1a: Assmar\n|move|p2b: Rillaboom|Swords Dance|p2b: Rillaboom\n|-boost|p2b: Rillaboom|atk|2\n|move|p1b: Khan|Ice Beam|p2a: Landorus\n|-supereffective|p2a: Landorus\n|-damage|p2a: Landorus|5\/100\n|\n|upkeep\n|\n|t:|1699038948\n|switch|p1a: Mr. Rothschild|Farigiraf, F|100\/100\n|turn|2\n|\n|t:|1699038969\n|switch|p1b: Jeff Buckley|Sawsbuck-Autumn, M|100\/100\n|move|p2a: Landorus|Crunch|p1a: Mr. Rothschild\n|-supereffective|p1a: Mr. Rothschild\n|-damage|p1a: Mr. Rothschild|28\/100\n|move|p2b: Rillaboom|Acrobatics|p1b: Jeff Buckley\n|-supereffective|p1b: Jeff Buckley\n|-damage|p1b: Jeff Buckley|0 fnt\n|faint|p1b: Jeff Buckley\n|move|p1a: Mr. Rothschild|Tera Blast|p2a: Landorus\n|-damage|p2a: Landorus|0 fnt\n|faint|p2a: Landorus\n|\n|upkeep\n|\n|t:|1699038984\n|switch|p1b: SCREEEECH|Talonflame, M|100\/100\n|switch|p2a: Grimmsnarl|Grimmsnarl, M|100\/100\n|turn|3\n|\n|t:|1699038998\n|move|p1b: SCREEEECH|Tailwind|p1b: SCREEEECH\n|-sidestart|p1: Rungy|move: Tailwind\n|move|p2a: Grimmsnarl|Thunder Wave||[still]\n|cant|p1a: Mr. Rothschild|ability: Armor Tail|Thunder Wave|[of] p2a: Grimmsnarl\n|move|p1a: Mr. Rothschild|Tera Blast|p2b: Rillaboom\n|-damage|p2b: Rillaboom|47\/100\n|move|p2b: Rillaboom|Acrobatics|p1a: Mr. Rothschild\n|-damage|p1a: Mr. Rothschild|0 fnt\n|faint|p1a: Mr. Rothschild\n|\n|upkeep\n|\n|t:|1699039008\n|switch|p1a: Spanish Moss|Meowscarada, F|100\/100\n|turn|4\n|\n|t:|1699039018\n|move|p2a: Grimmsnarl|Thunder Wave|p1b: SCREEEECH\n|-status|p1b: SCREEEECH|par\n|move|p1a: Spanish Moss|Thunder Punch|p2b: Rillaboom\n|-start|p1a: Spanish Moss|typechange|Electric|[from] ability: Protean\n|-supereffective|p2b: Rillaboom\n|-crit|p2b: Rillaboom\n|-damage|p2b: Rillaboom|0 fnt\n|faint|p2b: Rillaboom\n|move|p1b: SCREEEECH|U-turn|p2a: Grimmsnarl\n|-damage|p2a: Grimmsnarl|77\/100\n|\n|t:|1699039028\n|switch|p1b: Khan|Gastrodon-East, M, tera:Fire|3\/100|[from] U-turn\n|\n|upkeep\n|\n|t:|1699039032\n|switch|p2b: Flutter Mane|Flutter Mane|100\/100\n|-enditem|p2b: Flutter Mane|Booster Energy\n|-activate|p2b: Flutter Mane|ability: Protosynthesis|[fromitem]\n|-start|p2b: Flutter Mane|protosynthesisspe\n|turn|5\n|\n|t:|1699039059\n|move|p1a: Spanish Moss|Flower Trick|p2b: Flutter Mane\n|-crit|p2b: Flutter Mane\n|-damage|p2b: Flutter Mane|29\/100\n|move|p2b: Flutter Mane|Moonblast|p1a: Spanish Moss\n|-damage|p1a: Spanish Moss|23\/100\n|move|p2a: Grimmsnarl|False Surrender|p1b: Khan\n|-damage|p1b: Khan|0 fnt\n|faint|p1b: Khan\n|\n|upkeep\n|\n|t:|1699039068\n|switch|p1b: SCREEEECH|Talonflame, M|100\/100 par\n|turn|6\n|\n|t:|1699039088\n|move|p1b: SCREEEECH|Brave Bird|p2a: Grimmsnarl\n|-damage|p2a: Grimmsnarl|25\/100\n|-damage|p1b: SCREEEECH|78\/100 par|[from] Recoil\n|move|p1a: Spanish Moss|Flower Trick|p2b: Flutter Mane\n|-crit|p2b: Flutter Mane\n|-damage|p2b: Flutter Mane|0 fnt\n|faint|p2b: Flutter Mane\n|-end|p2b: Flutter Mane|Protosynthesis|[silent]\n|move|p2a: Grimmsnarl|False Surrender|p1b: SCREEEECH\n|-damage|p1b: SCREEEECH|7\/100 par\n|\n|-heal|p1b: SCREEEECH|13\/100 par|[from] item: Leftovers\n|-sideend|p1: Rungy|move: Tailwind\n|upkeep\n|\n|t:|1699039097\n|switch|p2b: Kommo-o|Kommo-o, M|100\/100\n|turn|7\n|c|\u2606Rungy|gg\n|\n|t:|1699039116\n|move|p2a: Grimmsnarl|Parting Shot|p1a: Spanish Moss\n|-unboost|p1a: Spanish Moss|atk|1\n|-unboost|p1a: Spanish Moss|spa|1\n|\n|t:|1699039118\n|switch|p2a: Clefairy|Clefairy, F|100\/100|[from] Parting Shot\n|move|p1a: Spanish Moss|Flower Trick|p2a: Clefairy\n|-crit|p2a: Clefairy\n|-damage|p2a: Clefairy|70\/100\n|move|p2b: Kommo-o|Clangorous Soul|p2b: Kommo-o\n|-boost|p2b: Kommo-o|atk|1\n|-boost|p2b: Kommo-o|def|1\n|-boost|p2b: Kommo-o|spa|1\n|-boost|p2b: Kommo-o|spd|1\n|-boost|p2b: Kommo-o|spe|1\n|-damage|p2b: Kommo-o|68\/100\n|-enditem|p2b: Kommo-o|Throat Spray\n|-boost|p2b: Kommo-o|spa|1|[from] item: Throat Spray\n|cant|p1b: SCREEEECH|par\n|\n|-heal|p1b: SCREEEECH|19\/100 par|[from] item: Leftovers\n|upkeep\n|turn|8\n|\n|t:|1699039141\n|move|p2a: Clefairy|Follow Me|p2a: Clefairy\n|-singleturn|p2a: Clefairy|move: Follow Me\n|move|p2b: Kommo-o|Clanging Scales|p1b: SCREEEECH|[spread] p1a,p1b\n|-damage|p1a: Spanish Moss|0 fnt\n|-damage|p1b: SCREEEECH|0 fnt\n|faint|p1a: Spanish Moss\n|faint|p1b: SCREEEECH\n|\n|win|UnknownOne117\n|raw|Rungy's rating: 1222 &rarr; <strong>1190<\/strong><br \/>(-32 for losing)\n|raw|UnknownOne117's rating: 1125 &rarr; <strong>1157<\/strong><br \/>(+32 for winning)\n|l|\u2606Rungy\n","uploadtime":1699039158,"views":21,"p1id":"rungy","p2id":"unknownone117","formatid":"gen9doublesou","rating":1157,"private":0,"password":""}