{"id":"gen9doublesou-1995465070","p1":"Ninjatiger45","p2":"Kiky14","format":"[Gen 9] Doubles OU","log":"|j|\u2606Ninjatiger45\n|j|\u2606Kiky14\n|t:|1700573847\n|gametype|doubles\n|player|p1|Ninjatiger45|265|1469\n|player|p2|Kiky14|hilda-wonderlauncher|1518\n|teamsize|p1|6\n|teamsize|p2|6\n|gen|9\n|tier|[Gen 9] Doubles OU\n|rated|\n|rule|Species Clause: Limit one of each Pok\u00e9mon\n|rule|OHKO Clause: OHKO moves are banned\n|rule|Evasion Moves Clause: Evasion moves are banned\n|rule|Gravity Sleep Clause: The combination of sleep-inducing moves with imperfect accuracy and Gravity or Gigantamax Orbeetle are banned\n|rule|Endless Battle Clause: Forcing endless battles is banned\n|rule|HP Percentage Mod: HP is shown in percentages\n|clearpoke\n|poke|p1|Slaking, M|\n|poke|p1|Grafaiai, M|\n|poke|p1|Squawkabilly-Yellow, F|\n|poke|p1|Rillaboom, M|\n|poke|p1|Chi-Yu|\n|poke|p1|Flutter Mane|\n|poke|p2|Sinistcha|\n|poke|p2|Moltres-Galar|\n|poke|p2|Arcanine-Hisui, M|\n|poke|p2|Ogerpon-Wellspring, F|\n|poke|p2|Klefki, F|\n|poke|p2|Okidogi, M|\n|teampreview\n|inactive|Battle timer is ON: inactive players will automatically lose when time's up. (requested by Ninjatiger45)\n|\n|t:|1700573876\n|start\n|switch|p1a: Squawkabilly|Squawkabilly-Yellow, F|100\/100\n|switch|p1b: Grafaiai|Grafaiai, M|100\/100\n|switch|p2a: Arcanine|Arcanine-Hisui, M|100\/100\n|switch|p2b: Moltres|Moltres-Galar|100\/100\n|-ability|p1a: Squawkabilly|Intimidate|boost\n|-unboost|p2a: Arcanine|atk|1\n|-unboost|p2b: Moltres|atk|1\n|-ability|p2a: Arcanine|Intimidate|boost\n|-unboost|p1a: Squawkabilly|atk|1\n|-unboost|p1b: Grafaiai|atk|1\n|turn|1\n|\n|t:|1700573886\n|move|p2b: Moltres|Protect|p2b: Moltres\n|-singleturn|p2b: Moltres|Protect\n|move|p1b: Grafaiai|Parting Shot|p2a: Arcanine\n|-unboost|p2a: Arcanine|atk|1\n|-unboost|p2a: Arcanine|spa|1\n|\n|t:|1700573896\n|switch|p1b: Rillaboom|Rillaboom, M|100\/100|[from] Parting Shot\n|-fieldstart|move: Grassy Terrain|[from] ability: Grassy Surge|[of] p1b: Rillaboom\n|move|p1a: Squawkabilly|Tailwind|p1a: Squawkabilly\n|-sidestart|p1: Ninjatiger45|move: Tailwind\n|move|p2a: Arcanine|Rock Slide|p1b: Rillaboom|[spread] p1a,p1b\n|-supereffective|p1a: Squawkabilly\n|-damage|p1a: Squawkabilly|55\/100\n|-damage|p1b: Rillaboom|87\/100\n|\n|-heal|p1b: Rillaboom|93\/100|[from] Grassy Terrain\n|-heal|p1b: Rillaboom|99\/100|[from] item: Leftovers\n|upkeep\n|turn|2\n|inactive|Kiky14 has 120 seconds left.\n|\n|t:|1700573933\n|switch|p2a: Klefki|Klefki, F|100\/100\n|move|p1a: Squawkabilly|Parting Shot|p2b: Moltres\n|-unboost|p2b: Moltres|atk|1\n|-unboost|p2b: Moltres|spa|1\n|\n|t:|1700573939\n|switch|p1a: Chi-Yu|Chi-Yu|100\/100|[from] Parting Shot\n|-ability|p1a: Chi-Yu|Beads of Ruin\n|move|p1b: Rillaboom|Wood Hammer|p2a: Klefki\n|-resisted|p2a: Klefki\n|-damage|p2a: Klefki|62\/100\n|-damage|p1b: Rillaboom|88\/100|[from] Recoil\n|move|p2b: Moltres|Agility|p2b: Moltres\n|-boost|p2b: Moltres|spe|2\n|\n|-heal|p1b: Rillaboom|94\/100|[from] Grassy Terrain\n|-heal|p1b: Rillaboom|99\/100|[from] item: Leftovers\n|-heal|p2a: Klefki|68\/100|[from] Grassy Terrain\n|upkeep\n|turn|3\n|\n|t:|1700573963\n|switch|p2b: Arcanine|Arcanine-Hisui, M|100\/100\n|-ability|p2b: Arcanine|Intimidate|boost\n|-unboost|p1a: Chi-Yu|atk|1\n|-unboost|p1b: Rillaboom|atk|1\n|move|p2a: Klefki|Reflect|p2a: Klefki\n|-sidestart|p2: Kiky14|Reflect\n|move|p1a: Chi-Yu|Heat Wave|p2a: Klefki|[spread] p2a,p2b\n|-supereffective|p2a: Klefki\n|-resisted|p2b: Arcanine\n|-damage|p2a: Klefki|0 fnt\n|-damage|p2b: Arcanine|80\/100\n|faint|p2a: Klefki\n|move|p1b: Rillaboom|Wood Hammer|p2b: Arcanine\n|-damage|p2b: Arcanine|42\/100\n|-enditem|p2b: Arcanine|Sitrus Berry|[eat]\n|-heal|p2b: Arcanine|66\/100|[from] item: Sitrus Berry\n|-damage|p1b: Rillaboom|87\/100|[from] Recoil\n|\n|-heal|p1b: Rillaboom|93\/100|[from] Grassy Terrain\n|-heal|p1b: Rillaboom|99\/100|[from] item: Leftovers\n|-heal|p2b: Arcanine|72\/100|[from] Grassy Terrain\n|upkeep\n|inactive|Kiky14 has 120 seconds left.\n|\n|t:|1700573980\n|switch|p2a: Okidogi|Okidogi, M|100\/100\n|turn|4\n|\n|t:|1700573996\n|-terastallize|p1a: Chi-Yu|Ghost\n|move|p1a: Chi-Yu|Heat Wave|p2b: Arcanine|[spread] p2a,p2b\n|-resisted|p2b: Arcanine\n|-damage|p2a: Okidogi|33\/100\n|-damage|p2b: Arcanine|50\/100\n|move|p1b: Rillaboom|Wood Hammer|p2b: Arcanine\n|-damage|p2b: Arcanine|9\/100\n|-damage|p1b: Rillaboom|85\/100|[from] Recoil\n|move|p2b: Arcanine|Rock Slide|p1a: Chi-Yu|[spread] p1a,p1b\n|-damage|p1a: Chi-Yu|61\/100\n|-damage|p1b: Rillaboom|59\/100\n|move|p2a: Okidogi|Poison Jab|p1b: Rillaboom\n|-supereffective|p1b: Rillaboom\n|-damage|p1b: Rillaboom|0 fnt\n|faint|p1b: Rillaboom\n|-damage|p2a: Okidogi|23\/100|[from] item: Life Orb\n|\n|-heal|p1a: Chi-Yu|67\/100|[from] Grassy Terrain\n|-heal|p2b: Arcanine|15\/100|[from] Grassy Terrain\n|-heal|p2a: Okidogi|29\/100|[from] Grassy Terrain\n|-sideend|p1: Ninjatiger45|move: Tailwind\n|upkeep\n|\n|t:|1700574006\n|switch|p1b: Squawkabilly|Squawkabilly-Yellow, F|55\/100\n|-ability|p1b: Squawkabilly|Intimidate|boost\n|-ability|p2a: Okidogi|Guard Dog|boost\n|-boost|p2a: Okidogi|atk|1\n|-unboost|p2b: Arcanine|atk|1\n|turn|5\n|\n|t:|1700574031\n|move|p1a: Chi-Yu|Heat Wave|p2a: Okidogi|[spread] p2a,p2b\n|-resisted|p2b: Arcanine\n|-damage|p2a: Okidogi|0 fnt\n|-damage|p2b: Arcanine|0 fnt\n|faint|p2a: Okidogi\n|faint|p2b: Arcanine\n|move|p1b: Squawkabilly|Tailwind|p1b: Squawkabilly\n|-sidestart|p1: Ninjatiger45|move: Tailwind\n|\n|-heal|p1a: Chi-Yu|73\/100|[from] Grassy Terrain\n|-fieldend|move: Grassy Terrain\n|upkeep\n|\n|t:|1700574039\n|switch|p2b: Moltres|Moltres-Galar|100\/100\n|switch|p2a: Ogerpon|Ogerpon-Wellspring, F|100\/100\n|turn|6\n|\n|t:|1700574055\n|-terastallize|p2a: Ogerpon|Water\n|detailschange|p2a: Ogerpon|Ogerpon-Wellspring-Tera, F, tera:Water\n|-ability|p2a: Ogerpon|Embody Aspect (Wellspring)|boost\n|-boost|p2a: Ogerpon|spd|1\n|move|p1a: Chi-Yu|Heat Wave|p2a: Ogerpon|[spread] p2a,p2b\n|-resisted|p2a: Ogerpon\n|-damage|p2a: Ogerpon|77\/100\n|-damage|p2b: Moltres|56\/100\n|move|p1b: Squawkabilly|Parting Shot|p2a: Ogerpon\n|-unboost|p2a: Ogerpon|atk|1\n|-unboost|p2a: Ogerpon|spa|1\n|\n|t:|1700574065\n|switch|p1b: Flutter Mane|Flutter Mane|100\/100|[from] Parting Shot\n|move|p2a: Ogerpon|Ivy Cudgel|p1a: Chi-Yu|[anim] Ivy Cudgel Water\n|-crit|p1a: Chi-Yu\n|-damage|p1a: Chi-Yu|0 fnt\n|faint|p1a: Chi-Yu\n|move|p2b: Moltres|Fiery Wrath|p1b: Flutter Mane\n|-damage|p1b: Flutter Mane|67\/100\n|\n|upkeep\n|\n|t:|1700574068\n|switch|p1a: Squawkabilly|Squawkabilly-Yellow, F|55\/100\n|-ability|p1a: Squawkabilly|Intimidate|boost\n|-unboost|p2a: Ogerpon|atk|1\n|-unboost|p2b: Moltres|atk|1\n|turn|7\n|\n|t:|1700574081\n|switch|p2a: Sinistcha|Sinistcha|100\/100\n|-heal|p2b: Moltres|81\/100|[from] ability: Hospitality|[of] p2a: Sinistcha\n|move|p1b: Flutter Mane|Dazzling Gleam|p2b: Moltres|[spread] p2a,p2b\n|-supereffective|p2b: Moltres\n|-damage|p2a: Sinistcha|69\/100\n|-damage|p2b: Moltres|36\/100\n|-enditem|p2b: Moltres|Weakness Policy\n|-boost|p2b: Moltres|atk|2|[from] item: Weakness Policy\n|-boost|p2b: Moltres|spa|2|[from] item: Weakness Policy\n|-ability|p2b: Moltres|Berserk|boost\n|-boost|p2b: Moltres|spa|1\n|move|p1a: Squawkabilly|Brave Bird|p2a: Sinistcha\n|-supereffective|p2a: Sinistcha\n|-damage|p2a: Sinistcha|16\/100\n|-damage|p1a: Squawkabilly|35\/100|[from] Recoil\n|-enditem|p1a: Squawkabilly|Sitrus Berry|[eat]\n|-heal|p1a: Squawkabilly|60\/100|[from] item: Sitrus Berry\n|move|p2b: Moltres|Agility|p2b: Moltres\n|-boost|p2b: Moltres|spe|2\n|\n|-heal|p2a: Sinistcha|22\/100|[from] item: Leftovers\n|upkeep\n|turn|8\n|\n|t:|1700574106\n|move|p2b: Moltres|Protect|p2b: Moltres\n|-singleturn|p2b: Moltres|Protect\n|move|p2a: Sinistcha|Protect|p2a: Sinistcha\n|-singleturn|p2a: Sinistcha|Protect\n|move|p1b: Flutter Mane|Dazzling Gleam|p2b: Moltres|[spread] \n|-activate|p2a: Sinistcha|move: Protect\n|-activate|p2b: Moltres|move: Protect\n|move|p1a: Squawkabilly|Brave Bird|p2a: Sinistcha\n|-activate|p2a: Sinistcha|move: Protect\n|\n|-heal|p2a: Sinistcha|28\/100|[from] item: Leftovers\n|-sideend|p1: Ninjatiger45|move: Tailwind\n|upkeep\n|turn|9\n|\n|t:|1700574124\n|-end|p1b: Flutter Mane|Protosynthesis|[silent]\n|switch|p1b: Grafaiai|Grafaiai, M|100\/100\n|move|p2b: Moltres|Fiery Wrath|p1a: Squawkabilly|[spread] p1a,p1b\n|-damage|p1a: Squawkabilly|0 fnt\n|-damage|p1b: Grafaiai|8\/100\n|faint|p1a: Squawkabilly\n|move|p2a: Sinistcha|Strength Sap|p1b: Grafaiai\n|-unboost|p1b: Grafaiai|atk|1\n|-heal|p2a: Sinistcha|79\/100\n|\n|-heal|p2a: Sinistcha|85\/100|[from] item: Leftovers\n|upkeep\n|\n|t:|1700574130\n|switch|p1a: Slaking|Slaking, M|100\/100\n|turn|10\n|\n|t:|1700574155\n|move|p2a: Sinistcha|Rage Powder|p2a: Sinistcha\n|-singleturn|p2a: Sinistcha|move: Rage Powder\n|move|p1b: Grafaiai|Sunny Day|p1b: Grafaiai\n|-weather|SunnyDay\n|move|p2b: Moltres|Fiery Wrath|p1a: Slaking|[spread] p1a,p1b\n|-damage|p1a: Slaking|28\/100\n|-damage|p1b: Grafaiai|0 fnt\n|faint|p1b: Grafaiai\n|move|p1a: Slaking|Drain Punch|p2a: Sinistcha\n|-immune|p2a: Sinistcha\n|\n|-weather|SunnyDay|[upkeep]\n|-heal|p2a: Sinistcha|91\/100|[from] item: Leftovers\n|-sideend|p2: Kiky14|Reflect\n|upkeep\n|\n|t:|1700574158\n|switch|p1b: Flutter Mane|Flutter Mane|67\/100\n|-activate|p1b: Flutter Mane|ability: Protosynthesis\n|-start|p1b: Flutter Mane|protosynthesisspe\n|turn|11\n|\n|t:|1700574178\n|switch|p2a: Ogerpon|Ogerpon-Wellspring-Tera, F, tera:Water|77\/100\n|-ability|p2a: Ogerpon|Embody Aspect (Wellspring)|boost\n|-boost|p2a: Ogerpon|spd|1\n|move|p2b: Moltres|Protect|p2b: Moltres\n|-singleturn|p2b: Moltres|Protect\n|move|p1b: Flutter Mane|Dazzling Gleam|p2a: Ogerpon|[spread] p2a\n|-activate|p2b: Moltres|move: Protect\n|-damage|p2a: Ogerpon|59\/100\n|cant|p1a: Slaking|ability: Truant\n|\n|-weather|SunnyDay|[upkeep]\n|upkeep\n|turn|12\n|\n|t:|1700574206\n|move|p2a: Ogerpon|Spiky Shield|p2a: Ogerpon\n|-singleturn|p2a: Ogerpon|move: Protect\n|move|p1b: Flutter Mane|Dazzling Gleam|p2b: Moltres|[spread] p2b\n|-activate|p2a: Ogerpon|move: Protect\n|-supereffective|p2b: Moltres\n|-damage|p2b: Moltres|0 fnt\n|faint|p2b: Moltres\n|move|p1a: Slaking|Body Slam|p2a: Ogerpon\n|-activate|p2a: Ogerpon|move: Protect\n|-damage|p1a: Slaking|16\/100|[from] Spiky Shield|[of] p2a: Ogerpon\n|\n|-weather|SunnyDay|[upkeep]\n|upkeep\n|inactive|Kiky14 has 120 seconds left.\n|\n|t:|1700574218\n|switch|p2b: Sinistcha|Sinistcha|91\/100\n|-heal|p2a: Ogerpon|84\/100|[from] ability: Hospitality|[of] p2b: Sinistcha\n|turn|13\n|\n|t:|1700574230\n|move|p1b: Flutter Mane|Shadow Ball|p2b: Sinistcha\n|-supereffective|p2b: Sinistcha\n|-damage|p2b: Sinistcha|11\/100\n|cant|p1a: Slaking|ability: Truant\n|move|p2a: Ogerpon|Ivy Cudgel|p1b: Flutter Mane|[anim] Ivy Cudgel Water\n|-damage|p1b: Flutter Mane|0 fnt\n|faint|p1b: Flutter Mane\n|-end|p1b: Flutter Mane|Protosynthesis|[silent]\n|move|p2b: Sinistcha|Matcha Gotcha|p1a: Slaking\n|-damage|p1a: Slaking|0 fnt\n|-heal|p2b: Sinistcha|20\/100|[from] drain|[of] p1a: Slaking\n|faint|p1a: Slaking\n|\n|win|Kiky14\n|raw|Ninjatiger45's rating: 1469 &rarr; <strong>1452<\/strong><br \/>(-17 for losing)\n|raw|Kiky14's rating: 1518 &rarr; <strong>1535<\/strong><br \/>(+17 for winning)\n|l|\u2606Ninjatiger45\n","uploadtime":1700574263,"views":0,"p1id":"ninjatiger45","p2id":"kiky14","formatid":"gen9doublesou","rating":1452,"private":0,"password":""}