{"id":"gen9doublesou-1984599380","p1":"TheGreat999","p2":"Blue0Demi","format":"[Gen 9] Doubles OU","log":"|j|\u2606TheGreat999\n|j|\u2606Blue0Demi\n|t:|1699283434\n|gametype|doubles\n|player|p1|TheGreat999|elio|1169\n|player|p2|Blue0Demi|2|1213\n|teamsize|p1|6\n|teamsize|p2|6\n|gen|9\n|tier|[Gen 9] Doubles OU\n|rated|\n|rule|Species Clause: Limit one of each Pok\u00e9mon\n|rule|OHKO Clause: OHKO moves are banned\n|rule|Evasion Moves Clause: Evasion moves are banned\n|rule|Gravity Sleep Clause: The combination of sleep-inducing moves with imperfect accuracy and Gravity or Gigantamax Orbeetle are banned\n|rule|Endless Battle Clause: Forcing endless battles is banned\n|rule|HP Percentage Mod: HP is shown in percentages\n|clearpoke\n|poke|p1|Diancie|\n|poke|p1|Flutter Mane|\n|poke|p1|Palafin, M|\n|poke|p1|Ogerpon-Wellspring, F|\n|poke|p1|Volcanion|\n|poke|p1|Kommo-o, M|\n|poke|p2|Amoonguss, M|\n|poke|p2|Azumarill, M|\n|poke|p2|Corviknight, F|\n|poke|p2|Landorus-Therian, M|\n|poke|p2|Iron Hands|\n|poke|p2|Flutter Mane|\n|teampreview\n|inactive|Battle timer is ON: inactive players will automatically lose when time's up. (requested by TheGreat999)\n|\n|t:|1699283451\n|start\n|switch|p1a: Diancie|Diancie|100\/100\n|switch|p1b: Flutter Mane|Flutter Mane|100\/100\n|switch|p2a: Manitas|Iron Hands|100\/100\n|switch|p2b: Crow|Corviknight, F|100\/100\n|-enditem|p1b: Flutter Mane|Booster Energy\n|-activate|p1b: Flutter Mane|ability: Protosynthesis|[fromitem]\n|-start|p1b: Flutter Mane|protosynthesisspe\n|turn|1\n|l|\u2606TheGreat999\n|inactive|TheGreat999 disconnected and has a minute to reconnect!\n|player|p1|\n|j|\u2606TheGreat999\n|inactive|TheGreat999 reconnected and has 110 seconds left.\n|player|p1|TheGreat999|elio\n|\n|t:|1699283500\n|move|p1b: Flutter Mane|Protect|p1b: Flutter Mane\n|-singleturn|p1b: Flutter Mane|Protect\n|move|p2b: Crow|Iron Head|p1a: Diancie\n|-supereffective|p1a: Diancie\n|-damage|p1a: Diancie|32\/100\n|-enditem|p1a: Diancie|Weakness Policy\n|-boost|p1a: Diancie|atk|2|[from] item: Weakness Policy\n|-boost|p1a: Diancie|spa|2|[from] item: Weakness Policy\n|move|p1a: Diancie|Reflect|p1a: Diancie\n|-sidestart|p1: TheGreat999|Reflect\n|move|p2a: Manitas|Wild Charge|p1b: Flutter Mane\n|-activate|p1b: Flutter Mane|move: Protect\n|\n|upkeep\n|turn|2\n|inactive|TheGreat999 has 120 seconds left.\n|\n|t:|1699283527\n|move|p1b: Flutter Mane|Dazzling Gleam|p2b: Crow|[spread] p2a,p2b\n|-supereffective|p2a: Manitas\n|-resisted|p2b: Crow\n|-damage|p2a: Manitas|75\/100\n|-damage|p2b: Crow|87\/100\n|move|p2b: Crow|Iron Head|p1a: Diancie\n|-supereffective|p1a: Diancie\n|-damage|p1a: Diancie|0 fnt\n|faint|p1a: Diancie\n|move|p2a: Manitas|Wild Charge|p1b: Flutter Mane\n|-damage|p1b: Flutter Mane|48\/100\n|-damage|p2a: Manitas|66\/100|[from] Recoil\n|\n|-heal|p2b: Crow|93\/100|[from] item: Leftovers\n|upkeep\n|inactive|TheGreat999 has 90 seconds left.\n|\n|t:|1699283562\n|switch|p1a: Palafin|Palafin, M|100\/100\n|turn|3\n|inactive|TheGreat999 has 90 seconds left.\n|\n|t:|1699283576\n|detailschange|p1a: Palafin|Palafin-Hero, M\n|switch|p1a: Kommo-o|Kommo-o, M|100\/100\n|move|p1b: Flutter Mane|Protect|p1b: Flutter Mane\n|-singleturn|p1b: Flutter Mane|Protect\n|move|p2b: Crow|Iron Head|p1b: Flutter Mane\n|-activate|p1b: Flutter Mane|move: Protect\n|move|p2a: Manitas|Drain Punch|p1a: Kommo-o\n|-damage|p1a: Kommo-o|84\/100\n|-heal|p2a: Manitas|72\/100|[from] drain|[of] p1a: Kommo-o\n|-damage|p2a: Manitas|56\/100|[from] item: Rocky Helmet|[of] p1a: Kommo-o\n|\n|-heal|p2b: Crow|99\/100|[from] item: Leftovers\n|upkeep\n|turn|4\n|inactive|TheGreat999 has 90 seconds left.\n|\n|t:|1699283625\n|-end|p2a: Manitas|Quark Drive|[silent]\n|switch|p2a: LAND|Landorus-Therian, M|100\/100\n|-ability|p2a: LAND|Intimidate|boost\n|-unboost|p1a: Kommo-o|atk|1\n|-unboost|p1b: Flutter Mane|atk|1\n|move|p1b: Flutter Mane|Dazzling Gleam|p2b: Crow|[spread] p2a,p2b\n|-resisted|p2b: Crow\n|-damage|p2a: LAND|72\/100\n|-damage|p2b: Crow|85\/100\n|move|p1a: Kommo-o|Body Press|p2b: Crow\n|-damage|p2b: Crow|60\/100\n|move|p2b: Crow|Taunt|p1a: Kommo-o\n|-start|p1a: Kommo-o|move: Taunt\n|\n|-heal|p2b: Crow|67\/100|[from] item: Leftovers\n|upkeep\n|turn|5\n|inactive|TheGreat999 has 90 seconds left.\n|\n|t:|1699283653\n|switch|p1a: Palafin|Palafin-Hero, M|100\/100\n|-activate|p1a: Palafin|ability: Zero to Hero\n|move|p1b: Flutter Mane|Dazzling Gleam|p2b: Crow|[spread] p2a,p2b\n|-resisted|p2b: Crow\n|-damage|p2a: LAND|46\/100\n|-damage|p2b: Crow|53\/100\n|move|p2a: LAND|Stealth Rock|p1a: Palafin\n|-sidestart|p1: TheGreat999|move: Stealth Rock\n|move|p2b: Crow|Tailwind|p2b: Crow\n|-sidestart|p2: Blue0Demi|move: Tailwind\n|\n|-heal|p2b: Crow|59\/100|[from] item: Leftovers\n|-sideend|p1: TheGreat999|Reflect\n|upkeep\n|turn|6\n|inactive|TheGreat999 has 90 seconds left.\n|\n|t:|1699283681\n|move|p1b: Flutter Mane|Dazzling Gleam|p2b: Crow|[spread] p2a,p2b\n|-resisted|p2b: Crow\n|-damage|p2a: LAND|21\/100\n|-damage|p2b: Crow|45\/100\n|move|p2a: LAND|U-turn|p1a: Palafin\n|-damage|p1a: Palafin|80\/100\n|\n|t:|1699283689\n|switch|p2a: Imposter|Amoonguss, M|100\/100|[from] U-turn\n|move|p2b: Crow|Roost|p2b: Crow\n|-heal|p2b: Crow|95\/100\n|-singleturn|p2b: Crow|move: Roost\n|move|p1a: Palafin|Bulk Up|p1a: Palafin\n|-boost|p1a: Palafin|atk|1\n|-boost|p1a: Palafin|def|1\n|\n|-heal|p2b: Crow|100\/100|[from] item: Leftovers\n|-heal|p1a: Palafin|86\/100|[from] item: Leftovers\n|upkeep\n|turn|7\n|inactive|TheGreat999 has 90 seconds left.\n|\n|t:|1699283713\n|move|p1b: Flutter Mane|Shadow Ball|p2a: Imposter\n|-damage|p2a: Imposter|73\/100\n|move|p2b: Crow|Taunt|p1a: Palafin\n|-start|p1a: Palafin|move: Taunt\n|move|p1a: Palafin|Drain Punch|p2b: Crow\n|-damage|p2b: Crow|76\/100\n|-heal|p1a: Palafin|98\/100|[from] drain|[of] p2b: Crow\n|move|p2a: Imposter|Leaf Storm|p1a: Palafin\n|-supereffective|p1a: Palafin\n|-damage|p1a: Palafin|35\/100\n|-unboost|p2a: Imposter|spa|2\n|\n|-heal|p2b: Crow|83\/100|[from] item: Leftovers\n|-heal|p1a: Palafin|42\/100|[from] item: Leftovers\n|upkeep\n|turn|8\n|inactive|TheGreat999 has 90 seconds left.\n|\n|t:|1699283740\n|move|p1b: Flutter Mane|Protect|p1b: Flutter Mane\n|-singleturn|p1b: Flutter Mane|Protect\n|move|p2b: Crow|Iron Head|p1b: Flutter Mane\n|-activate|p1b: Flutter Mane|move: Protect\n|move|p1a: Palafin|Drain Punch|p2b: Crow\n|-damage|p2b: Crow|56\/100\n|-heal|p1a: Palafin|55\/100|[from] drain|[of] p2b: Crow\n|move|p2a: Imposter|Leaf Storm|p1a: Palafin\n|-supereffective|p1a: Palafin\n|-damage|p1a: Palafin|28\/100\n|-unboost|p2a: Imposter|spa|2\n|\n|-heal|p2b: Crow|62\/100|[from] item: Leftovers\n|-heal|p1a: Palafin|34\/100|[from] item: Leftovers\n|-sideend|p2: Blue0Demi|move: Tailwind\n|upkeep\n|turn|9\n|inactive|TheGreat999 has 90 seconds left.\n|\n|t:|1699283762\n|move|p2a: Imposter|Rage Powder|p2a: Imposter\n|-singleturn|p2a: Imposter|move: Rage Powder\n|move|p1b: Flutter Mane|Dazzling Gleam|p2a: Imposter|[spread] p2a,p2b\n|-resisted|p2a: Imposter\n|-resisted|p2b: Crow\n|-damage|p2a: Imposter|63\/100\n|-damage|p2b: Crow|47\/100\n|move|p1a: Palafin|Drain Punch|p2a: Imposter\n|-resisted|p2a: Imposter\n|-damage|p2a: Imposter|44\/100\n|-heal|p1a: Palafin|44\/100|[from] drain|[of] p2a: Imposter\n|-damage|p1a: Palafin|28\/100|[from] item: Rocky Helmet|[of] p2a: Imposter\n|move|p2b: Crow|Iron Head|p1b: Flutter Mane\n|-supereffective|p1b: Flutter Mane\n|-damage|p1b: Flutter Mane|0 fnt\n|faint|p1b: Flutter Mane\n|-end|p1b: Flutter Mane|Protosynthesis|[silent]\n|\n|-heal|p1a: Palafin|34\/100|[from] item: Leftovers\n|-heal|p2b: Crow|54\/100|[from] item: Leftovers\n|-end|p1a: Palafin|move: Taunt\n|upkeep\n|inactive|TheGreat999 has 90 seconds left.\n|\n|t:|1699283784\n|switch|p1b: Volcanion|Volcanion|100\/100\n|-damage|p1b: Volcanion|76\/100|[from] Stealth Rock\n|turn|10\n|inactive|TheGreat999 has 90 seconds left.\n|\n|t:|1699283795\n|move|p1a: Palafin|Drain Punch|p2b: Crow\n|-damage|p2b: Crow|27\/100\n|-heal|p1a: Palafin|47\/100|[from] drain|[of] p2b: Crow\n|move|p1b: Volcanion|Heat Wave|p2b: Crow|[spread] p2a\n|-miss|p1b: Volcanion|p2b: Crow\n|-supereffective|p2a: Imposter\n|-damage|p2a: Imposter|0 fnt\n|faint|p2a: Imposter\n|move|p2b: Crow|Tailwind|p2b: Crow\n|-sidestart|p2: Blue0Demi|move: Tailwind\n|\n|-heal|p2b: Crow|33\/100|[from] item: Leftovers\n|-heal|p1a: Palafin|53\/100|[from] item: Leftovers\n|upkeep\n|\n|t:|1699283807\n|switch|p2a: Manitas|Iron Hands|56\/100\n|turn|11\n|\n|t:|1699283835\n|move|p2b: Crow|Roost|p2b: Crow\n|-heal|p2b: Crow|83\/100\n|-singleturn|p2b: Crow|move: Roost\n|move|p2a: Manitas|Drain Punch|p1b: Volcanion\n|-damage|p1b: Volcanion|38\/100\n|-heal|p2a: Manitas|71\/100|[from] drain|[of] p1b: Volcanion\n|move|p1a: Palafin|Drain Punch|p2a: Manitas\n|-damage|p2a: Manitas|41\/100\n|-heal|p1a: Palafin|70\/100|[from] drain|[of] p2a: Manitas\n|move|p1b: Volcanion|Heat Wave|p2b: Crow|[spread] p2a,p2b\n|-supereffective|p2b: Crow\n|-damage|p2a: Manitas|19\/100\n|-damage|p2b: Crow|1\/100\n|\n|-heal|p2b: Crow|7\/100|[from] item: Leftovers\n|-heal|p1a: Palafin|76\/100|[from] item: Leftovers\n|upkeep\n|turn|12\n|inactive|Blue0Demi has 120 seconds left.\n|\n|t:|1699283873\n|move|p1a: Palafin|Jet Punch|p2b: Crow\n|-damage|p2b: Crow|0 fnt\n|faint|p2b: Crow\n|move|p2a: Manitas|Volt Switch|p1b: Volcanion\n|-supereffective|p1b: Volcanion\n|-crit|p1b: Volcanion\n|-damage|p1b: Volcanion|8\/100\n|\n|t:|1699283880\n|-end|p2a: Manitas|Quark Drive|[silent]\n|switch|p2a: Bnnuy|Azumarill, M|100\/100|[from] Volt Switch\n|move|p1b: Volcanion|Earth Power|p2a: Bnnuy\n|-damage|p2a: Bnnuy|65\/100\n|\n|-heal|p1a: Palafin|82\/100|[from] item: Leftovers\n|upkeep\n|\n|t:|1699283888\n|switch|p2b: Flattering|Flutter Mane|100\/100\n|-enditem|p2b: Flattering|Booster Energy\n|-activate|p2b: Flattering|ability: Protosynthesis|[fromitem]\n|-start|p2b: Flattering|protosynthesisspe\n|turn|13\n|inactive|TheGreat999 has 120 seconds left.\n|\n|t:|1699283906\n|-terastallize|p2b: Flattering|Fairy\n|move|p2b: Flattering|Moonblast|p1a: Palafin\n|-damage|p1a: Palafin|41\/100\n|move|p2a: Bnnuy|Liquidation|p1b: Volcanion\n|-heal|p1b: Volcanion|33\/100|[from] ability: Water Absorb|[of] p2a: Bnnuy\n|move|p1a: Palafin|Drain Punch|p2a: Bnnuy\n|-resisted|p2a: Bnnuy\n|-damage|p2a: Bnnuy|44\/100\n|-heal|p1a: Palafin|52\/100|[from] drain|[of] p2a: Bnnuy\n|-enditem|p2a: Bnnuy|Sitrus Berry|[eat]\n|-heal|p2a: Bnnuy|69\/100|[from] item: Sitrus Berry\n|move|p1b: Volcanion|Heavy Slam|p2b: Flattering\n|-supereffective|p2b: Flattering\n|-damage|p2b: Flattering|0 fnt\n|faint|p2b: Flattering\n|-end|p2b: Flattering|Protosynthesis|[silent]\n|\n|-heal|p1a: Palafin|58\/100|[from] item: Leftovers\n|-sideend|p2: Blue0Demi|move: Tailwind\n|upkeep\n|inactive|Blue0Demi has 120 seconds left.\n|\n|t:|1699283923\n|switch|p2b: LAND|Landorus-Therian, M|21\/100\n|-ability|p2b: LAND|Intimidate|boost\n|-unboost|p1a: Palafin|atk|1\n|-unboost|p1b: Volcanion|atk|1\n|turn|14\n|inactive|TheGreat999 has 120 seconds left.\n|c|\u2606TheGreat999|!data azumarill\n|raw|<div class=\"message\"><ul class=\"utilichart\"><li class=\"result\"><span class=\"col numcol\">DUU<\/span> <span class=\"col iconcol\"><psicon pokemon=\"azumarill\"\/><\/span> <span class=\"col pokemonnamecol\" style=\"white-space:nowrap\"><a href=\"https:\/\/dex.pokemonshowdown.com\/pokemon\/azumarill\" target=\"_blank\">Azumarill<\/a><\/span> <span class=\"col typecol\"><img src=\"https:\/\/play.pokemonshowdown.com\/sprites\/types\/Water.png\" alt=\"Water\" height=\"14\" width=\"32\"><img src=\"https:\/\/play.pokemonshowdown.com\/sprites\/types\/Fairy.png\" alt=\"Fairy\" height=\"14\" width=\"32\"><\/span> <span style=\"float:left;min-height:26px\"><span class=\"col twoabilitycol\">Thick Fat<br \/>Huge Power<\/span><span class=\"col abilitycol\"><em>Sap Sipper<\/em><\/span><\/span><span style=\"float:left;min-height:26px\"><span class=\"col statcol\"><em>HP<\/em><br \/>100<\/span> <span class=\"col statcol\"><em>Atk<\/em><br \/>50<\/span> <span class=\"col statcol\"><em>Def<\/em><br \/>80<\/span> <span class=\"col statcol\"><em>SpA<\/em><br \/>60<\/span> <span class=\"col statcol\"><em>SpD<\/em><br \/>80<\/span> <span class=\"col statcol\"><em>Spe<\/em><br \/>50<\/span> <span class=\"col bstcol\"><em>BST<br \/>420<\/em><\/span> <\/span><\/li><li style=\"clear:both\"><\/li><\/ul><\/div>\n\n|\n|t:|1699283966\n|move|p1a: Palafin|Jet Punch|p2b: LAND\n|-supereffective|p2b: LAND\n|-damage|p2b: LAND|0 fnt\n|faint|p2b: LAND\n|move|p1b: Volcanion|Heavy Slam|p2a: Bnnuy\n|-damage|p2a: Bnnuy|49\/100\n|move|p2a: Bnnuy|Superpower|p1a: Palafin\n|-damage|p1a: Palafin|29\/100\n|-unboost|p2a: Bnnuy|atk|1\n|-unboost|p2a: Bnnuy|def|1\n|\n|-heal|p1a: Palafin|36\/100|[from] item: Leftovers\n|upkeep\n|\n|t:|1699283978\n|switch|p2b: Manitas|Iron Hands|19\/100\n|turn|15\n|\n|t:|1699283992\n|move|p2a: Bnnuy|Aqua Jet|p1a: Palafin\n|-resisted|p1a: Palafin\n|-crit|p1a: Palafin\n|-damage|p1a: Palafin|18\/100\n|move|p1a: Palafin|Drain Punch|p2b: Manitas\n|-damage|p2b: Manitas|0 fnt\n|-heal|p1a: Palafin|28\/100|[from] drain|[of] p2b: Manitas\n|faint|p2b: Manitas\n|-end|p2b: Manitas|Quark Drive|[silent]\n|move|p1b: Volcanion|Heavy Slam|p2a: Bnnuy\n|-damage|p2a: Bnnuy|20\/100\n|\n|-heal|p1a: Palafin|34\/100|[from] item: Leftovers\n|upkeep\n|turn|16\n|\n|t:|1699284013\n|move|p2a: Bnnuy|Aqua Jet|p1a: Palafin\n|-resisted|p1a: Palafin\n|-damage|p1a: Palafin|30\/100\n|move|p1a: Palafin|Drain Punch|p2a: Bnnuy\n|-resisted|p2a: Bnnuy\n|-damage|p2a: Bnnuy|0 fnt\n|-heal|p1a: Palafin|40\/100|[from] drain|[of] p2a: Bnnuy\n|faint|p2a: Bnnuy\n|\n|win|TheGreat999\n|raw|TheGreat999's rating: 1169 &rarr; <strong>1197<\/strong><br \/>(+28 for winning)\n|raw|Blue0Demi's rating: 1213 &rarr; <strong>1185<\/strong><br \/>(-28 for losing)\n|l|\u2606Blue0Demi\n","uploadtime":1699284053,"views":9,"p1id":"thegreat999","p2id":"blue0demi","formatid":"gen9doublesou","rating":1185,"private":0,"password":""}