{"id":"gen9doublesou-1972426813","p1":"BlueKnight776","p2":"Xanathar14","format":"[Gen 9] Doubles OU","log":"|j|\u2606BlueKnight776\n|j|\u2606Xanathar14\n|t:|1697841564\n|gametype|doubles\n|player|p1|BlueKnight776|marley|1083\n|player|p2|Xanathar14|steven|1125\n|teamsize|p1|6\n|teamsize|p2|6\n|gen|9\n|tier|[Gen 9] Doubles OU\n|rated|\n|rule|Species Clause: Limit one of each Pok\u00e9mon\n|rule|OHKO Clause: OHKO moves are banned\n|rule|Evasion Moves Clause: Evasion moves are banned\n|rule|Gravity Sleep Clause: The combination of sleep-inducing moves with imperfect accuracy and Gravity or Gigantamax Orbeetle are banned\n|rule|Endless Battle Clause: Forcing endless battles is banned\n|rule|HP Percentage Mod: HP is shown in percentages\n|clearpoke\n|poke|p1|Ogerpon-Wellspring, F|\n|poke|p1|Flutter Mane|\n|poke|p1|Alomomola, F|\n|poke|p1|Kingambit, M|\n|poke|p1|Glimmora, F|\n|poke|p1|Chien-Pao|\n|poke|p2|Pelipper, F|\n|poke|p2|Gastrodon, M|\n|poke|p2|Politoed, M|\n|poke|p2|Mew|\n|poke|p2|Thundurus-Therian, M|\n|poke|p2|Drednaw, F|\n|teampreview\n|c|\u2606Xanathar14|glhf\n|\n|t:|1697841578\n|start\n|switch|p1a: Chien-Pao|Chien-Pao|100\/100\n|switch|p1b: Glimmora|Glimmora, F|100\/100\n|switch|p2a: Pelipper|Pelipper, F, shiny|100\/100\n|switch|p2b: Gastrodon|Gastrodon, M|100\/100\n|-ability|p1a: Chien-Pao|Sword of Ruin\n|-weather|RainDance|[from] ability: Drizzle|[of] p2a: Pelipper\n|turn|1\n|\n|t:|1697841592\n|switch|p1a: Kingambit|Kingambit, M|100\/100\n|move|p1b: Glimmora|Stealth Rock|p2b: Gastrodon\n|-sidestart|p2: Xanathar14|move: Stealth Rock\n|move|p2a: Pelipper|Surf|p1b: Glimmora|[spread] p1a,p1b\n|-ability|p2b: Gastrodon|Storm Drain|boost\n|-boost|p2b: Gastrodon|spa|1\n|-supereffective|p1b: Glimmora\n|-damage|p1a: Kingambit|73\/100\n|-damage|p1b: Glimmora|20\/100\n|-enditem|p1b: Glimmora|Red Card|[of] p2a: Pelipper\n|drag|p2a: Politoed|Politoed, M, shiny|100\/100\n|-damage|p2a: Politoed|88\/100|[from] Stealth Rock\n|move|p2b: Gastrodon|Muddy Water|p1b: Glimmora|[spread] p1a,p1b\n|-supereffective|p1b: Glimmora\n|-damage|p1a: Kingambit|36\/100\n|-damage|p1b: Glimmora|0 fnt\n|faint|p1b: Glimmora\n|\n|-weather|RainDance|[upkeep]\n|upkeep\n|\n|t:|1697841609\n|switch|p1b: Ogerpon|Ogerpon-Wellspring, F|100\/100\n|turn|2\n|\n|t:|1697841639\n|move|p1b: Ogerpon|Trailblaze|p2b: Gastrodon\n|-supereffective|p2b: Gastrodon\n|-damage|p2b: Gastrodon|0 fnt\n|-boost|p1b: Ogerpon|spe|1\n|faint|p2b: Gastrodon\n|move|p2a: Politoed|Earth Power|p1a: Kingambit\n|-supereffective|p1a: Kingambit\n|-damage|p1a: Kingambit|2\/100\n|move|p1a: Kingambit|Iron Head|p2a: Politoed\n|-resisted|p2a: Politoed\n|-damage|p2a: Politoed|63\/100\n|\n|-weather|RainDance|[upkeep]\n|upkeep\n|\n|t:|1697841659\n|switch|p2b: Drednaw|Drednaw, F, shiny|100\/100\n|-damage|p2b: Drednaw|88\/100|[from] Stealth Rock\n|turn|3\n|\n|t:|1697841670\n|switch|p1a: Alomomola|Alomomola, F, shiny|100\/100\n|-terastallize|p2b: Drednaw|Steel\n|move|p1b: Ogerpon|Spiky Shield|p1b: Ogerpon\n|-singleturn|p1b: Ogerpon|move: Protect\n|move|p2b: Drednaw|Shell Smash|p2b: Drednaw\n|-unboost|p2b: Drednaw|def|1\n|-unboost|p2b: Drednaw|spd|1\n|-boost|p2b: Drednaw|atk|2\n|-boost|p2b: Drednaw|spa|2\n|-boost|p2b: Drednaw|spe|2\n|-enditem|p2b: Drednaw|White Herb\n|-clearnegativeboost|p2b: Drednaw|[silent]\n|move|p2a: Politoed|Icy Wind|p1a: Alomomola|[spread] p1a\n|-activate|p1b: Ogerpon|move: Protect\n|-resisted|p1a: Alomomola\n|-damage|p1a: Alomomola|93\/100\n|-unboost|p1a: Alomomola|spe|1\n|-enditem|p1a: Alomomola|Red Card|[of] p2a: Politoed\n|drag|p2a: Thundurus|Thundurus-Therian, M|100\/100\n|-damage|p2a: Thundurus|76\/100|[from] Stealth Rock\n|\n|-weather|RainDance|[upkeep]\n|upkeep\n|turn|4\n|\n|t:|1697841711\n|switch|p1b: Flutter Mane|Flutter Mane|100\/100\n|-enditem|p1b: Flutter Mane|Booster Energy\n|-activate|p1b: Flutter Mane|ability: Protosynthesis|[fromitem]\n|-start|p1b: Flutter Mane|protosynthesisspa\n|move|p2b: Drednaw|Ice Spinner|p1b: Flutter Mane\n|-damage|p1b: Flutter Mane|0 fnt\n|faint|p1b: Flutter Mane\n|-end|p1b: Flutter Mane|Protosynthesis|[silent]\n|move|p2a: Thundurus|Wildbolt Storm|p1a: Alomomola\n|-supereffective|p1a: Alomomola\n|-damage|p1a: Alomomola|0 fnt\n|faint|p1a: Alomomola\n|\n|-weather|RainDance|[upkeep]\n|upkeep\n|\n|t:|1697841725\n|switch|p1b: Kingambit|Kingambit, M|2\/100\n|switch|p1a: Chien-Pao|Chien-Pao|100\/100\n|-ability|p1a: Chien-Pao|Sword of Ruin\n|turn|5\n|\n|t:|1697841737\n|move|p1b: Kingambit|Sucker Punch|p2b: Drednaw\n|-damage|p2b: Drednaw|28\/100\n|move|p2b: Drednaw|Liquidation|p1b: Kingambit\n|-damage|p1b: Kingambit|0 fnt\n|faint|p1b: Kingambit\n|move|p1a: Chien-Pao|Sacred Sword|p2b: Drednaw\n|-supereffective|p2b: Drednaw\n|-damage|p2b: Drednaw|0 fnt\n|faint|p2b: Drednaw\n|-damage|p1a: Chien-Pao|91\/100|[from] item: Life Orb\n|move|p2a: Thundurus|Wildbolt Storm|p1a: Chien-Pao\n|-damage|p1a: Chien-Pao|0 fnt\n|faint|p1a: Chien-Pao\n|\n|-weather|RainDance|[upkeep]\n|upkeep\n|\n|t:|1697841754\n|switch|p2b: Mew|Mew, shiny|100\/100\n|switch|p1b: Ogerpon|Ogerpon-Wellspring, F|100\/100\n|-damage|p2b: Mew|88\/100|[from] Stealth Rock\n|turn|6\n|\n|t:|1697841766\n|move|p2a: Thundurus|Wildbolt Storm|p1b: Ogerpon\n|-damage|p1b: Ogerpon|49\/100\n|-status|p1b: Ogerpon|par\n|move|p2b: Mew|Hurricane|p1b: Ogerpon\n|-supereffective|p1b: Ogerpon\n|-damage|p1b: Ogerpon|0 fnt\n|faint|p1b: Ogerpon\n|\n|win|Xanathar14\n|raw|BlueKnight776's rating: 1083 &rarr; <strong>1063<\/strong><br \/>(-20 for losing)\n|raw|Xanathar14's rating: 1125 &rarr; <strong>1147<\/strong><br \/>(+22 for winning)\n|l|\u2606BlueKnight776\n|c|\u2606Xanathar14|gg\n","uploadtime":1697841779,"views":9,"p1id":"blueknight776","p2id":"xanathar14","formatid":"gen9doublesou","rating":1063,"private":0,"password":""}