{"id":"gen9doublesou-1974541110","p1":"murcix","p2":"dannycardanny","format":"[Gen 9] Doubles OU","log":"|j|\u2606murcix\n|j|\u2606dannycardanny\n|t:|1698095640\n|gametype|doubles\n|player|p1|murcix|gambler|1149\n|player|p2|dannycardanny|102|1043\n|teamsize|p1|6\n|teamsize|p2|6\n|gen|9\n|tier|[Gen 9] Doubles OU\n|rated|\n|rule|Species Clause: Limit one of each Pok\u00e9mon\n|rule|OHKO Clause: OHKO moves are banned\n|rule|Evasion Moves Clause: Evasion moves are banned\n|rule|Gravity Sleep Clause: The combination of sleep-inducing moves with imperfect accuracy and Gravity or Gigantamax Orbeetle are banned\n|rule|Endless Battle Clause: Forcing endless battles is banned\n|rule|HP Percentage Mod: HP is shown in percentages\n|clearpoke\n|poke|p1|Breloom, M|\n|poke|p1|Medicham, F|\n|poke|p1|Toxicroak, M|\n|poke|p1|Slither Wing|\n|poke|p1|Lucario, M|\n|poke|p1|Okidogi, M|\n|poke|p2|Sableye, M|\n|poke|p2|Thundurus, M|\n|poke|p2|Scizor, M|\n|poke|p2|Greninja-*, M|\n|poke|p2|Slaking, F|\n|poke|p2|Clefairy, F|\n|teampreview\n|\n|t:|1698095664\n|start\n|switch|p1a: Slither Wing|Slither Wing|100\/100\n|switch|p1b: Toxicroak|Toxicroak, M|100\/100\n|switch|p2a: Sableye|Sableye, M|100\/100\n|switch|p2b: Slaking|Slaking, F|100\/100\n|-item|p1b: Toxicroak|Air Balloon\n|turn|1\n|inactive|Battle timer is ON: inactive players will automatically lose when time's up. (requested by murcix)\n|\n|t:|1698095711\n|-terastallize|p1a: Slither Wing|Ground\n|move|p1b: Toxicroak|Helping Hand|p1a: Slither Wing\n|-singleturn|p1a: Slither Wing|Helping Hand|[of] p1b: Toxicroak\n|move|p2a: Sableye|Trick|p1a: Slither Wing\n|-activate|p2a: Sableye|move: Trick|[of] p1a: Slither Wing\n|-item|p1a: Slither Wing|Black Sludge|[from] move: Trick\n|-item|p2a: Sableye|Choice Scarf|[from] move: Trick\n|move|p1a: Slither Wing|Earthquake|p2b: Slaking|[spread] p2a,p2b\n|-immune|p1b: Toxicroak\n|-damage|p2a: Sableye|25\/100\n|-damage|p2b: Slaking|58\/100\n|move|p2b: Slaking|Crush Claw|p1b: Toxicroak\n|-damage|p1b: Toxicroak|15\/100\n|-enditem|p1b: Toxicroak|Air Balloon\n|\n|-damage|p1a: Slither Wing|88\/100|[from] item: Black Sludge\n|upkeep\n|turn|2\n|inactive|dannycardanny has 120 seconds left.\n|\n|t:|1698095764\n|-terastallize|p2b: Slaking|Flying\n|move|p1b: Toxicroak|Helping Hand|p1a: Slither Wing\n|-singleturn|p1a: Slither Wing|Helping Hand|[of] p1b: Toxicroak\n|move|p2a: Sableye|Skill Swap|p2b: Slaking\n|-activate|p2a: Sableye|move: Skill Swap|||[of] p2b: Slaking\n|move|p1a: Slither Wing|Earthquake|p2b: Slaking|[spread] p1b,p2a\n|-immune|p2b: Slaking\n|-supereffective|p1b: Toxicroak\n|-damage|p1b: Toxicroak|0 fnt\n|-damage|p2a: Sableye|0 fnt\n|faint|p1b: Toxicroak\n|faint|p2a: Sableye\n|move|p2b: Slaking|Hammer Arm|p1a: Slither Wing\n|-damage|p1a: Slither Wing|31\/100\n|-unboost|p2b: Slaking|spe|1\n|\n|-damage|p1a: Slither Wing|19\/100|[from] item: Black Sludge\n|upkeep\n|inactive|dannycardanny has 120 seconds left.\n|inactive|murcix has 120 seconds left.\n|\n|t:|1698095794\n|switch|p1b: Breloom|Breloom, M|100\/100\n|switch|p2a: Thundurus|Thundurus, M|100\/100\n|turn|3\n|inactive|dannycardanny has 120 seconds left.\n|\n|t:|1698095812\n|-end|p1a: Slither Wing|Protosynthesis|[silent]\n|switch|p1a: Medicham|Medicham, F|100\/100\n|move|p1b: Breloom|Protect|p1b: Breloom\n|-singleturn|p1b: Breloom|Protect\n|move|p2a: Thundurus|Thunder Wave|p1b: Breloom\n|-activate|p1b: Breloom|move: Protect\n|move|p2b: Slaking|Slack Off|p2b: Slaking\n|-heal|p2b: Slaking|100\/100\n|\n|-status|p1b: Breloom|tox|[from] item: Toxic Orb\n|upkeep\n|turn|4\n|inactive|dannycardanny has 120 seconds left.\n|\n|t:|1698095840\n|move|p2a: Thundurus|Wildbolt Storm|p1a: Medicham|[spread] p1a\n|-miss|p2a: Thundurus|p1b: Breloom\n|-damage|p1a: Medicham|35\/100\n|move|p1a: Medicham|Psychic|p2b: Slaking\n|-damage|p2b: Slaking|72\/100\n|move|p1b: Breloom|Facade|p2b: Slaking\n|-damage|p2b: Slaking|35\/100\n|move|p2b: Slaking|Knock Off|p1a: Medicham\n|-damage|p1a: Medicham|0 fnt\n|-enditem|p1a: Medicham|Expert Belt|[from] move: Knock Off|[of] p2b: Slaking\n|faint|p1a: Medicham\n|\n|upkeep\n|\n|t:|1698095853\n|switch|p1a: Slither Wing|Slither Wing, tera:Ground|19\/100\n|turn|5\n|\n|t:|1698095862\n|move|p2a: Thundurus|Thunder Wave|p1a: Slither Wing\n|-immune|p1a: Slither Wing\n|move|p2b: Slaking|Slack Off|p2b: Slaking\n|-heal|p2b: Slaking|85\/100\n|move|p1a: Slither Wing|Wild Charge|p2b: Slaking\n|-supereffective|p2b: Slaking\n|-damage|p2b: Slaking|38\/100\n|-damage|p1a: Slither Wing|0 fnt|[from] Recoil\n|faint|p1a: Slither Wing\n|-end|p1a: Slither Wing|Protosynthesis|[silent]\n|move|p1b: Breloom|Facade|p2b: Slaking\n|-crit|p2b: Slaking\n|-damage|p2b: Slaking|0 fnt\n|faint|p2b: Slaking\n|\n|upkeep\n|\n|t:|1698095887\n|switch|p1a: Lucario|Lucario, M|100\/100\n|switch|p2b: Clefairy|Clefairy, F|100\/100\n|turn|6\n|\n|t:|1698095902\n|move|p2b: Clefairy|Follow Me|p2b: Clefairy\n|-singleturn|p2b: Clefairy|move: Follow Me\n|move|p2a: Thundurus|Thunder Wave|p1a: Lucario\n|-status|p1a: Lucario|par\n|move|p1b: Breloom|Facade|p2b: Clefairy\n|-damage|p2b: Clefairy|53\/100\n|move|p1a: Lucario|Flash Cannon|p2b: Clefairy\n|-supereffective|p2b: Clefairy\n|-damage|p2b: Clefairy|0 fnt\n|faint|p2b: Clefairy\n|-damage|p1a: Lucario|91\/100 par|[from] item: Life Orb\n|\n|upkeep\n|inactive|dannycardanny has 120 seconds left.\n|\n|t:|1698095928\n|switch|p2b: Greninja|Greninja, M|100\/100\n|turn|7\n|\n|t:|1698095944\n|move|p1b: Breloom|Mach Punch|p2b: Greninja\n|-supereffective|p2b: Greninja\n|-damage|p2b: Greninja|26\/100\n|move|p2b: Greninja|Toxic Spikes|p1a: Lucario\n|-start|p2b: Greninja|typechange|Poison|[from] ability: Protean\n|-sidestart|p1: murcix|move: Toxic Spikes\n|move|p2a: Thundurus|Wildbolt Storm|p1a: Lucario|[spread] p1a,p1b\n|-resisted|p1b: Breloom\n|-damage|p1a: Lucario|31\/100 par\n|-damage|p1b: Breloom|71\/100 tox\n|move|p1a: Lucario|Flash Cannon|p2a: Thundurus\n|-resisted|p2a: Thundurus\n|-crit|p2a: Thundurus\n|-damage|p2a: Thundurus|51\/100\n|-enditem|p2a: Thundurus|Red Card|[of] p1a: Lucario\n|drag|p1a: Okidogi|Okidogi, M|100\/100\n|-sideend|p1: murcix|move: Toxic Spikes|[of] p1a: Okidogi\n|\n|-heal|p1b: Breloom|83\/100 tox|[from] ability: Poison Heal\n|upkeep\n|turn|8\n|inactive|dannycardanny has 120 seconds left.\n|\n|t:|1698095980\n|move|p1b: Breloom|Mach Punch|p2b: Greninja\n|-resisted|p2b: Greninja\n|-damage|p2b: Greninja|7\/100\n|move|p2b: Greninja|U-turn|p1b: Breloom\n|-damage|p1b: Breloom|62\/100 tox\n|\n|t:|1698095989\n|switch|p2b: Scizor|Scizor, M|100\/100|[from] U-turn\n|move|p2a: Thundurus|Wildbolt Storm|p1b: Breloom|[spread] p1a,p1b\n|-resisted|p1b: Breloom\n|-damage|p1a: Okidogi|71\/100\n|-damage|p1b: Breloom|28\/100 tox\n|-status|p1a: Okidogi|par\n|cant|p1a: Okidogi|par\n|\n|-heal|p1b: Breloom|41\/100 tox|[from] ability: Poison Heal\n|upkeep\n|turn|9\n|inactive|dannycardanny has 120 seconds left.\n|\n|t:|1698096016\n|move|p1b: Breloom|Protect|p1b: Breloom\n|-singleturn|p1b: Breloom|Protect\n|move|p2a: Thundurus|Wildbolt Storm|p1b: Breloom|[spread] \n|-activate|p1b: Breloom|move: Protect\n|-miss|p2a: Thundurus|p1a: Okidogi\n|move|p2b: Scizor|Acrobatics|p1a: Okidogi\n|-supereffective|p1a: Okidogi\n|-damage|p1a: Okidogi|29\/100 par\n|move|p1a: Okidogi|Drain Punch|p2b: Scizor\n|-damage|p2b: Scizor|62\/100\n|-heal|p1a: Okidogi|46\/100 par|[from] drain|[of] p2b: Scizor\n|\n|-heal|p1b: Breloom|53\/100 tox|[from] ability: Poison Heal\n|upkeep\n|turn|10\n|\n|t:|1698096039\n|move|p1b: Breloom|Mach Punch|p2b: Scizor\n|-damage|p2b: Scizor|41\/100\n|move|p2b: Scizor|Bullet Punch|p1a: Okidogi\n|-damage|p1a: Okidogi|21\/100 par\n|move|p2a: Thundurus|Wildbolt Storm|p1b: Breloom|[spread] p1a,p1b\n|-resisted|p1b: Breloom\n|-damage|p1a: Okidogi|0 fnt\n|-damage|p1b: Breloom|22\/100 tox\n|faint|p1a: Okidogi\n|\n|-heal|p1b: Breloom|34\/100 tox|[from] ability: Poison Heal\n|upkeep\n|\n|t:|1698096050\n|switch|p1a: Lucario|Lucario, M|31\/100 par\n|turn|11\n|\n|t:|1698096060\n|move|p1b: Breloom|Protect|p1b: Breloom\n|-singleturn|p1b: Breloom|Protect\n|move|p2b: Scizor|Bullet Punch|p1a: Lucario\n|-resisted|p1a: Lucario\n|-damage|p1a: Lucario|9\/100 par\n|move|p2a: Thundurus|Wildbolt Storm|p1b: Breloom|[spread] p1a\n|-activate|p1b: Breloom|move: Protect\n|-damage|p1a: Lucario|0 fnt\n|faint|p1a: Lucario\n|\n|-heal|p1b: Breloom|46\/100 tox|[from] ability: Poison Heal\n|upkeep\n|turn|12\n|-message|murcix forfeited.\n|\n|win|dannycardanny\n|raw|murcix's rating: 1149 &rarr; <strong>1117<\/strong><br \/>(-32 for losing)\n|raw|dannycardanny's rating: 1043 &rarr; <strong>1086<\/strong><br \/>(+43 for winning)\n|l|\u2606murcix\n","uploadtime":1698096079,"views":9,"p1id":"murcix","p2id":"dannycardanny","formatid":"gen9doublesou","rating":1086,"private":0,"password":""}