{"id":"gen9doublesou-1999593480","p1":"Kondroid","p2":"star136","format":"[Gen 9] Doubles OU","log":"|j|\u2606Kondroid\n|j|\u2606star136\n|t:|1701099398\n|gametype|doubles\n|player|p1|Kondroid|hilbert-wonderlauncher|1267\n|player|p2|star136|101|1325\n|teamsize|p1|6\n|teamsize|p2|6\n|gen|9\n|tier|[Gen 9] Doubles OU\n|rated|\n|rule|Species Clause: Limit one of each Pok\u00e9mon\n|rule|OHKO Clause: OHKO moves are banned\n|rule|Evasion Moves Clause: Evasion moves are banned\n|rule|Gravity Sleep Clause: The combination of sleep-inducing moves with imperfect accuracy and Gravity or Gigantamax Orbeetle are banned\n|rule|Endless Battle Clause: Forcing endless battles is banned\n|rule|HP Percentage Mod: HP is shown in percentages\n|clearpoke\n|poke|p1|Tyranitar, M|\n|poke|p1|Houndstone, F|\n|poke|p1|Goodra-Hisui, M|\n|poke|p1|Bombirdier, M|\n|poke|p1|Sandaconda, F|\n|poke|p1|Glimmora, M|\n|poke|p2|Grimmsnarl, M|\n|poke|p2|Cresselia, F|\n|poke|p2|Garchomp, F|\n|poke|p2|Iron Hands|\n|poke|p2|Flutter Mane|\n|poke|p2|Empoleon, M|\n|teampreview\n|inactive|Battle timer is ON: inactive players will automatically lose when time's up. (requested by Kondroid)\n|\n|t:|1701099410\n|start\n|switch|p1a: Tyranitar|Tyranitar, M|100\/100\n|switch|p1b: Bombirdier|Bombirdier, M|100\/100\n|switch|p2a: Garchomp|Garchomp, F|100\/100\n|switch|p2b: Cresselia|Cresselia, F|100\/100\n|-weather|Sandstorm|[from] ability: Sand Stream|[of] p1a: Tyranitar\n|turn|1\n|\n|t:|1701099428\n|move|p2a: Garchomp|Earthquake|p1a: Tyranitar|[spread] p1a\n|-immune|p2b: Cresselia|[from] ability: Levitate\n|-immune|p1b: Bombirdier\n|-supereffective|p1a: Tyranitar\n|-damage|p1a: Tyranitar|36\/100\n|move|p1b: Bombirdier|Hone Claws|p1b: Bombirdier\n|-boost|p1b: Bombirdier|atk|1\n|-boost|p1b: Bombirdier|accuracy|1\n|move|p2b: Cresselia|Icy Wind|p1a: Tyranitar|[spread] p1a,p1b\n|-supereffective|p1b: Bombirdier\n|-damage|p1a: Tyranitar|32\/100\n|-damage|p1b: Bombirdier|78\/100\n|-unboost|p1a: Tyranitar|spe|1\n|-unboost|p1b: Bombirdier|spe|1\n|move|p1a: Tyranitar|Knock Off|p2b: Cresselia\n|-supereffective|p2b: Cresselia\n|-damage|p2b: Cresselia|30\/100\n|-enditem|p2b: Cresselia|Mental Herb|[from] move: Knock Off|[of] p1a: Tyranitar\n|\n|-weather|Sandstorm|[upkeep]\n|-damage|p2b: Cresselia|23\/100|[from] Sandstorm\n|-damage|p1b: Bombirdier|72\/100|[from] Sandstorm\n|upkeep\n|turn|2\n|\n|t:|1701099452\n|move|p1a: Tyranitar|Protect|p1a: Tyranitar\n|-singleturn|p1a: Tyranitar|Protect\n|move|p2a: Garchomp|Earthquake|p1a: Tyranitar|[spread] \n|-activate|p1a: Tyranitar|move: Protect\n|-immune|p2b: Cresselia|[from] ability: Levitate\n|-immune|p1b: Bombirdier\n|move|p2b: Cresselia|Icy Wind|p1b: Bombirdier|[spread] p1b\n|-activate|p1a: Tyranitar|move: Protect\n|-supereffective|p1b: Bombirdier\n|-damage|p1b: Bombirdier|50\/100\n|-unboost|p1b: Bombirdier|spe|1\n|move|p1b: Bombirdier|Rock Slide|p2a: Garchomp|[spread] p2a,p2b\n|-resisted|p2a: Garchomp\n|-damage|p2a: Garchomp|83\/100\n|-damage|p2b: Cresselia|0 fnt\n|faint|p2b: Cresselia\n|\n|-weather|Sandstorm|[upkeep]\n|-damage|p1b: Bombirdier|44\/100|[from] Sandstorm\n|upkeep\n|inactive|star136 has 120 seconds left.\n|\n|t:|1701099478\n|switch|p2b: Grimmsnarl|Grimmsnarl, M|100\/100\n|turn|3\n|\n|t:|1701099499\n|move|p2a: Garchomp|Dragon Claw|p1a: Tyranitar\n|-damage|p1a: Tyranitar|2\/100\n|move|p2b: Grimmsnarl|Spirit Break|p1b: Bombirdier\n|-supereffective|p1b: Bombirdier\n|-damage|p1b: Bombirdier|0 fnt\n|-damage|p2b: Grimmsnarl|84\/100|[from] item: Rocky Helmet|[of] p1b: Bombirdier\n|faint|p1b: Bombirdier\n|move|p1a: Tyranitar|Rock Slide|p2a: Garchomp|[spread] p2a,p2b\n|-resisted|p2a: Garchomp\n|-damage|p2a: Garchomp|68\/100\n|-damage|p2b: Grimmsnarl|50\/100\n|\n|-weather|Sandstorm|[upkeep]\n|-damage|p2b: Grimmsnarl|44\/100|[from] Sandstorm\n|upkeep\n|inactive|Kondroid has 120 seconds left.\n|\n|t:|1701099519\n|switch|p1b: Sandaconda|Sandaconda, F|100\/100\n|turn|4\n|\n|t:|1701099531\n|move|p2b: Grimmsnarl|Reflect|p2b: Grimmsnarl\n|-sidestart|p2: star136|Reflect\n|move|p2a: Garchomp|Dragon Claw|p1a: Tyranitar\n|-damage|p1a: Tyranitar|0 fnt\n|faint|p1a: Tyranitar\n|move|p1b: Sandaconda|Coil|p1b: Sandaconda\n|-boost|p1b: Sandaconda|atk|1\n|-boost|p1b: Sandaconda|def|1\n|-boost|p1b: Sandaconda|accuracy|1\n|\n|-weather|Sandstorm|[upkeep]\n|-damage|p2b: Grimmsnarl|38\/100|[from] Sandstorm\n|upkeep\n|\n|t:|1701099542\n|switch|p1a: Houndstone|Houndstone, F|100\/100\n|turn|5\n|\n|t:|1701099564\n|-terastallize|p1a: Houndstone|Fairy\n|move|p2b: Grimmsnarl|Light Screen|p2b: Grimmsnarl\n|-sidestart|p2: star136|move: Light Screen\n|move|p1a: Houndstone|Last Respects|p2b: Grimmsnarl\n|-resisted|p2b: Grimmsnarl\n|-damage|p2b: Grimmsnarl|3\/100\n|move|p2a: Garchomp|Dragon Claw|p1a: Houndstone\n|-immune|p1a: Houndstone\n|move|p1b: Sandaconda|Scale Shot|p2a: Garchomp\n|-supereffective|p2a: Garchomp\n|-damage|p2a: Garchomp|50\/100\n|-supereffective|p2a: Garchomp\n|-damage|p2a: Garchomp|32\/100\n|-supereffective|p2a: Garchomp\n|-damage|p2a: Garchomp|14\/100\n|-supereffective|p2a: Garchomp\n|-damage|p2a: Garchomp|0 fnt\n|faint|p2a: Garchomp\n|-hitcount|p2: Garchomp|4\n|-unboost|p1b: Sandaconda|def|1\n|-boost|p1b: Sandaconda|spe|1\n|\n|-weather|Sandstorm|[upkeep]\n|-damage|p2b: Grimmsnarl|0 fnt|[from] Sandstorm\n|faint|p2b: Grimmsnarl\n|upkeep\n|inactive|star136 has 120 seconds left.\n|\n|t:|1701099602\n|switch|p2a: Empoleon|Empoleon, M|100\/100\n|switch|p2b: Flutter Mane|Flutter Mane|100\/100\n|-enditem|p2b: Flutter Mane|Booster Energy\n|-activate|p2b: Flutter Mane|ability: Protosynthesis|[fromitem]\n|-start|p2b: Flutter Mane|protosynthesisspe\n|turn|6\n|inactive|star136 has 120 seconds left.\n|\n|t:|1701099624\n|move|p2b: Flutter Mane|Moonblast|p1b: Sandaconda\n|-damage|p1b: Sandaconda|38\/100\n|-unboost|p1b: Sandaconda|spa|1\n|move|p1a: Houndstone|Last Respects|p2b: Flutter Mane\n|-supereffective|p2b: Flutter Mane\n|-damage|p2b: Flutter Mane|0 fnt\n|faint|p2b: Flutter Mane\n|-end|p2b: Flutter Mane|Protosynthesis|[silent]\n|move|p2a: Empoleon|Flash Cannon|p1a: Houndstone\n|-supereffective|p1a: Houndstone\n|-damage|p1a: Houndstone|8\/100\n|-unboost|p1a: Houndstone|spd|1\n|move|p1b: Sandaconda|Drill Run|p2a: Empoleon\n|-supereffective|p2a: Empoleon\n|-damage|p2a: Empoleon|0 fnt\n|faint|p2a: Empoleon\n|\n|-weather|Sandstorm|[upkeep]\n|upkeep\n|-message|star136 forfeited.\n|\n|win|Kondroid\n|raw|Kondroid's rating: 1267 &rarr; <strong>1296<\/strong><br \/>(+29 for winning)\n|raw|star136's rating: 1325 &rarr; <strong>1302<\/strong><br \/>(-23 for losing)\n|l|\u2606star136\n","uploadtime":1701099646,"views":20,"p1id":"kondroid","p2id":"star136","formatid":"gen9doublesou","rating":1296,"private":0,"password":""}