{"id":"gen9doublesou-1977883632","p1":"debabrat","p2":"radsensei","format":"[Gen 9] Doubles OU","log":"|j|\u2606debabrat\n|j|\u2606radsensei\n|t:|1698461494\n|gametype|doubles\n|player|p1|debabrat|1|1000\n|player|p2|radsensei|cheren-gen5bw2|1040\n|teamsize|p1|6\n|teamsize|p2|6\n|gen|9\n|tier|[Gen 9] Doubles OU\n|rated|\n|rule|Species Clause: Limit one of each Pok\u00e9mon\n|rule|OHKO Clause: OHKO moves are banned\n|rule|Evasion Moves Clause: Evasion moves are banned\n|rule|Gravity Sleep Clause: The combination of sleep-inducing moves with imperfect accuracy and Gravity or Gigantamax Orbeetle are banned\n|rule|Endless Battle Clause: Forcing endless battles is banned\n|rule|HP Percentage Mod: HP is shown in percentages\n|clearpoke\n|poke|p1|Murkrow, M|\n|poke|p1|Maushold|\n|poke|p1|Great Tusk|\n|poke|p1|Amoonguss, M|\n|poke|p1|Goodra, M|\n|poke|p1|Typhlosion, F|\n|poke|p2|Raichu-Alola, F|\n|poke|p2|Iron Leaves|\n|poke|p2|Iron Hands|\n|poke|p2|Landorus-Therian, M|\n|poke|p2|Tornadus, M|\n|poke|p2|Goodra-Hisui, M|\n|teampreview\n|inactive|Battle timer is ON: inactive players will automatically lose when time's up. (requested by radsensei)\n|\n|t:|1698461517\n|start\n|switch|p1a: Murkrow|Murkrow, M, shiny|100\/100\n|switch|p1b: Maushold|Maushold, shiny|100\/100\n|switch|p2a: Geek|Raichu-Alola, F|100\/100\n|switch|p2b: LEE-Fe|Iron Leaves|100\/100\n|turn|1\n|c|\u2606debabrat|Hi\n|\n|t:|1698461547\n|move|p1a: Murkrow|Tailwind|p1a: Murkrow\n|-sidestart|p1: debabrat|move: Tailwind\n|move|p1b: Maushold|Population Bomb|p2a: Geek\n|-damage|p2a: Geek|84\/100\n|-damage|p2a: Geek|68\/100\n|-damage|p2a: Geek|50\/100\n|-damage|p2a: Geek|32\/100\n|-damage|p2a: Geek|15\/100\n|-damage|p2a: Geek|0 fnt\n|faint|p2a: Geek\n|-hitcount|p2: Geek|6\n|move|p2b: LEE-Fe|Sacred Sword|p1b: Maushold\n|-supereffective|p1b: Maushold\n|-damage|p1b: Maushold|0 fnt\n|faint|p1b: Maushold\n|\n|upkeep\n|c|\u2606radsensei|hello\n|\n|t:|1698461565\n|switch|p1b: Typhlosion|Typhlosion, F, shiny|100\/100\n|switch|p2a: Jinn|Tornadus, M|100\/100\n|turn|2\n|\n|t:|1698461575\n|move|p2b: LEE-Fe|Protect|p2b: LEE-Fe\n|-singleturn|p2b: LEE-Fe|Protect\n|move|p2a: Jinn|Tailwind|p2a: Jinn\n|-sidestart|p2: radsensei|move: Tailwind\n|move|p1b: Typhlosion|Eruption|p2a: Jinn|[spread] p2a\n|-activate|p2b: LEE-Fe|move: Protect\n|-damage|p2a: Jinn|37\/100\n|move|p1a: Murkrow|Foul Play|p2b: LEE-Fe\n|-activate|p2b: LEE-Fe|move: Protect\n|\n|upkeep\n|turn|3\n|inactive|radsensei has 120 seconds left.\n|\n|t:|1698461616\n|-terastallize|p2b: LEE-Fe|Fairy\n|move|p1b: Typhlosion|Eruption|p2a: Jinn|[spread] p2a,p2b\n|-crit|p2a: Jinn\n|-damage|p2a: Jinn|0 fnt\n|-damage|p2b: LEE-Fe|52\/100\n|faint|p2a: Jinn\n|move|p2b: LEE-Fe|Sacred Sword|p1a: Murkrow\n|-damage|p1a: Murkrow|58\/100\n|move|p1a: Murkrow|Foul Play|p2b: LEE-Fe\n|-resisted|p2b: LEE-Fe\n|-damage|p2b: LEE-Fe|26\/100\n|\n|upkeep\n|c|\u2606radsensei|Scarf. Got it\n|\n|t:|1698461637\n|switch|p2a: Cranky|Landorus-Therian, M|100\/100\n|-ability|p2a: Cranky|Intimidate|boost\n|-unboost|p1a: Murkrow|atk|1\n|-unboost|p1b: Typhlosion|atk|1\n|turn|4\n|\n|t:|1698461648\n|move|p1a: Murkrow|Protect|p1a: Murkrow\n|-singleturn|p1a: Murkrow|Protect\n|move|p2b: LEE-Fe|Protect|p2b: LEE-Fe\n|-singleturn|p2b: LEE-Fe|Protect\n|move|p1b: Typhlosion|Eruption|p2a: Cranky|[spread] p2a\n|-activate|p2b: LEE-Fe|move: Protect\n|-crit|p2a: Cranky\n|-damage|p2a: Cranky|10\/100\n|move|p2a: Cranky|Stomping Tantrum|p1b: Typhlosion\n|-supereffective|p1b: Typhlosion\n|-damage|p1b: Typhlosion|0 fnt\n|faint|p1b: Typhlosion\n|\n|-heal|p2a: Cranky|16\/100|[from] item: Leftovers\n|-sideend|p1: debabrat|move: Tailwind\n|upkeep\n|\n|t:|1698461666\n|switch|p1b: Goodra|Goodra, M, shiny|100\/100\n|turn|5\n|l|\u2606debabrat\n|inactive|debabrat disconnected and has a minute to reconnect!\n|player|p1|\n|inactive|radsensei has 120 seconds left.\n|\n|t:|1698461714\n|move|p1a: Murkrow|Tailwind|p1a: Murkrow\n|-sidestart|p1: debabrat|move: Tailwind\n|move|p2b: LEE-Fe|Sacred Sword|p1a: Murkrow\n|-damage|p1a: Murkrow|20\/100\n|move|p2a: Cranky|U-turn|p1a: Murkrow\n|-damage|p1a: Murkrow|0 fnt\n|faint|p1a: Murkrow\n|\n|t:|1698461725\n|switch|p2a: Defib|Iron Hands|100\/100|[from] U-turn\n|move|p1b: Goodra|Acid Spray|p2b: LEE-Fe\n|-supereffective|p2b: LEE-Fe\n|-damage|p2b: LEE-Fe|7\/100\n|-unboost|p2b: LEE-Fe|spd|2\n|\n|-sideend|p2: radsensei|move: Tailwind\n|upkeep\n|j|\u2606debabrat\n|inactive|debabrat reconnected and has 150 seconds left.\n|player|p1|debabrat|1\n|c|\u2606debabrat|sorry\n|c|\u2606radsensei|internet happens\n|\n|t:|1698461748\n|switch|p1a: Dumbo|Great Tusk, shiny|100\/100\n|turn|6\n|inactive|radsensei has 120 seconds left.\n|\n|t:|1698461764\n|move|p2a: Defib|Fake Out|p1a: Dumbo\n|-damage|p1a: Dumbo|91\/100\n|cant|p1a: Dumbo|flinch\n|move|p1b: Goodra|Muddy Water|p2a: Defib|[spread] p2a,p2b\n|-damage|p2a: Defib|89\/100\n|-damage|p2b: LEE-Fe|0 fnt\n|faint|p2b: LEE-Fe\n|-end|p2b: LEE-Fe|Quark Drive|[silent]\n|\n|-heal|p1a: Dumbo|98\/100|[from] item: Leftovers\n|upkeep\n|\n|t:|1698461773\n|switch|p2b: Cranky|Landorus-Therian, M|16\/100\n|-ability|p2b: Cranky|Intimidate|boost\n|-unboost|p1a: Dumbo|atk|1\n|-unboost|p1b: Goodra|atk|1\n|turn|7\n|inactive|radsensei has 120 seconds left.\n|\n|t:|1698461797\n|move|p1a: Dumbo|Earthquake|p2b: Cranky|[spread] p1b,p2a\n|-immune|p2b: Cranky\n|-supereffective|p2a: Defib\n|-crit|p2a: Defib\n|-damage|p1b: Goodra|65\/100\n|-damage|p2a: Defib|12\/100\n|move|p2b: Cranky|U-turn|p1b: Goodra\n|-damage|p1b: Goodra|36\/100\n|\n|t:|1698461806\n|switch|p2b: Gooey|Goodra-Hisui, M|100\/100|[from] U-turn\n|move|p2a: Defib|Drain Punch|p1b: Goodra\n|-damage|p1b: Goodra|0 fnt\n|-heal|p2a: Defib|27\/100|[from] drain|[of] p1b: Goodra\n|faint|p1b: Goodra\n|\n|-heal|p1a: Dumbo|100\/100|[from] item: Leftovers\n|upkeep\n|\n|t:|1698461814\n|switch|p1b: Amoonguss|Amoonguss, M, shiny|100\/100\n|turn|8\n|\n|t:|1698461824\n|move|p1a: Dumbo|Earthquake|p2a: Defib|[spread] p1b,p2a,p2b\n|-supereffective|p2a: Defib\n|-supereffective|p2b: Gooey\n|-damage|p1b: Amoonguss|68\/100\n|-damage|p2a: Defib|0 fnt\n|-damage|p2b: Gooey|54\/100\n|faint|p2a: Defib\n|-end|p2a: Defib|Quark Drive|[silent]\n|move|p1b: Amoonguss|Toxic|p2b: Gooey\n|-immune|p2b: Gooey\n|move|p2b: Gooey|Curse|p2b: Gooey\n|-unboost|p2b: Gooey|spe|1\n|-boost|p2b: Gooey|atk|1\n|-boost|p2b: Gooey|def|1\n|\n|-heal|p1b: Amoonguss|74\/100|[from] item: Black Sludge\n|-sideend|p1: debabrat|move: Tailwind\n|upkeep\n|\n|t:|1698461836\n|switch|p2a: Cranky|Landorus-Therian, M|16\/100\n|-ability|p2a: Cranky|Intimidate|boost\n|-unboost|p1a: Dumbo|atk|1\n|-unboost|p1b: Amoonguss|atk|1\n|turn|9\n|\n|t:|1698461848\n|move|p2a: Cranky|Taunt|p1b: Amoonguss\n|-start|p1b: Amoonguss|move: Taunt\n|move|p1a: Dumbo|Close Combat|p2b: Gooey\n|-supereffective|p2b: Gooey\n|-damage|p2b: Gooey|15\/100\n|-unboost|p1a: Dumbo|def|1\n|-unboost|p1a: Dumbo|spd|1\n|cant|p1b: Amoonguss|move: Taunt|Spore\n|move|p2b: Gooey|Ice Spinner|p1a: Dumbo\n|-supereffective|p1a: Dumbo\n|-damage|p1a: Dumbo|32\/100\n|\n|-heal|p2a: Cranky|22\/100|[from] item: Leftovers\n|-heal|p1a: Dumbo|38\/100|[from] item: Leftovers\n|-heal|p1b: Amoonguss|80\/100|[from] item: Black Sludge\n|upkeep\n|turn|10\n|\n|t:|1698461870\n|move|p2a: Cranky|Stomping Tantrum|p1a: Dumbo\n|-damage|p1a: Dumbo|0 fnt\n|faint|p1a: Dumbo\n|-end|p1a: Dumbo|Protosynthesis|[silent]\n|move|p1b: Amoonguss|Sludge Bomb|p2a: Cranky\n|-resisted|p2a: Cranky\n|-damage|p2a: Cranky|9\/100\n|move|p2b: Gooey|Ice Spinner|p1b: Amoonguss\n|-supereffective|p1b: Amoonguss\n|-damage|p1b: Amoonguss|14\/100\n|\n|-heal|p2a: Cranky|15\/100|[from] item: Leftovers\n|-heal|p1b: Amoonguss|20\/100|[from] item: Black Sludge\n|upkeep\n|turn|11\n|\n|t:|1698461885\n|move|p2a: Cranky|U-turn|p1b: Amoonguss\n|-damage|p1b: Amoonguss|0 fnt\n|faint|p1b: Amoonguss\n|\n|win|radsensei\n|raw|debabrat's rating: 1000 &rarr; <strong>1000<\/strong><br \/>(+0 for losing)\n|raw|radsensei's rating: 1040 &rarr; <strong>1070<\/strong><br \/>(+30 for winning)\n|c|\u2606debabrat|aww\n|c|\u2606radsensei|gg\n|l|\u2606debabrat\n","uploadtime":1698461895,"views":19,"p1id":"debabrat","p2id":"radsensei","formatid":"gen9doublesou","rating":1000,"private":0,"password":""}