{"id":"gen9doublesou-1984407927","p1":"Pee boi happy","p2":"UY QUE RICO PAPI","format":"[Gen 9] Doubles OU","log":"|j|\u2606Pee boi happy\n|j|\u2606UY QUE RICO PAPI\n|t:|1699258300\n|gametype|doubles\n|player|p1|Pee boi happy|265|1215\n|player|p2|UY QUE RICO PAPI|101|1316\n|teamsize|p1|6\n|teamsize|p2|6\n|gen|9\n|tier|[Gen 9] Doubles OU\n|rated|\n|rule|Species Clause: Limit one of each Pok\u00e9mon\n|rule|OHKO Clause: OHKO moves are banned\n|rule|Evasion Moves Clause: Evasion moves are banned\n|rule|Gravity Sleep Clause: The combination of sleep-inducing moves with imperfect accuracy and Gravity or Gigantamax Orbeetle are banned\n|rule|Endless Battle Clause: Forcing endless battles is banned\n|rule|HP Percentage Mod: HP is shown in percentages\n|clearpoke\n|poke|p1|Thundurus-Therian, M|\n|poke|p1|Garchomp, F|\n|poke|p1|Sinistcha-Masterpiece|\n|poke|p1|Kommo-o, F|\n|poke|p1|Clefairy, F|\n|poke|p1|Flutter Mane|\n|poke|p2|Bronzong|\n|poke|p2|Weavile, F|\n|poke|p2|Hatterene, F|\n|poke|p2|Ursaluna, M|\n|poke|p2|Trevenant, M|\n|poke|p2|Orthworm, F|\n|teampreview\n|inactive|Battle timer is ON: inactive players will automatically lose when time's up. (requested by Pee boi happy)\n|\n|t:|1699258334\n|start\n|switch|p1a: Garchomp|Garchomp, F|100\/100\n|switch|p1b: Thundurus|Thundurus-Therian, M|100\/100\n|switch|p2a: Bronzong|Bronzong|100\/100\n|switch|p2b: Weavile|Weavile, F|100\/100\n|turn|1\n|inactive|UY QUE RICO PAPI has 120 seconds left.\n|\n|t:|1699258365\n|switch|p1b: Clefairy|Clefairy, F|100\/100\n|-terastallize|p1a: Garchomp|Steel\n|move|p2b: Weavile|Taunt|p1a: Garchomp\n|-start|p1a: Garchomp|move: Taunt\n|move|p1a: Garchomp|Iron Head|p2b: Weavile\n|-supereffective|p2b: Weavile\n|-enditem|p2b: Weavile|Focus Sash\n|-damage|p2b: Weavile|1\/100\n|-enditem|p1a: Garchomp|Rocky Helmet|[silent]|[from] ability: Pickpocket|[of] p1a: Garchomp\n|-item|p2b: Weavile|Rocky Helmet|[from] ability: Pickpocket|[of] p1a: Garchomp\n|move|p2a: Bronzong|Trick Room|p2a: Bronzong\n|-fieldstart|move: Trick Room|[of] p2a: Bronzong\n|\n|upkeep\n|turn|2\n|inactive|UY QUE RICO PAPI has 120 seconds left.\n|inactive|Pee boi happy has 120 seconds left.\n|\n|t:|1699258413\n|switch|p1b: Thundurus|Thundurus-Therian, M|100\/100\n|move|p2b: Weavile|Ice Shard|p1b: Thundurus\n|-supereffective|p1b: Thundurus\n|-damage|p1b: Thundurus|42\/100\n|move|p2a: Bronzong|Stealth Rock|p1b: Thundurus\n|-sidestart|p1: Pee boi happy|move: Stealth Rock\n|move|p1a: Garchomp|Earthquake|p2b: Weavile|[spread] p2b\n|-immune|p1b: Thundurus\n|-immune|p2a: Bronzong|[from] ability: Levitate\n|-damage|p2b: Weavile|0 fnt\n|faint|p2b: Weavile\n|\n|-heal|p1b: Thundurus|48\/100|[from] item: Leftovers\n|upkeep\n|\n|t:|1699258429\n|switch|p2b: Orthworm|Orthworm, F|100\/100\n|turn|3\n|inactive|UY QUE RICO PAPI has 120 seconds left.\n|\n|t:|1699258455\n|move|p2a: Bronzong|Steel Beam|p1b: Thundurus\n|-resisted|p1b: Thundurus\n|-damage|p1b: Thundurus|7\/100\n|-damage|p2a: Bronzong|50\/100|[from] steelbeam\n|move|p2b: Orthworm|Smack Down|p1b: Thundurus\n|-supereffective|p1b: Thundurus\n|-damage|p1b: Thundurus|0 fnt\n|faint|p1b: Thundurus\n|move|p1a: Garchomp|Earthquake|p2a: Bronzong|[spread] \n|-immune|p2b: Orthworm|[from] ability: Earth Eater\n|-immune|p2a: Bronzong|[from] ability: Levitate\n|\n|-end|p1a: Garchomp|move: Taunt\n|upkeep\n|inactive|Pee boi happy has 120 seconds left.\n|\n|t:|1699258476\n|switch|p1b: Flutter Mane|Flutter Mane|100\/100\n|-damage|p1b: Flutter Mane|88\/100|[from] Stealth Rock\n|turn|4\n|\n|t:|1699258488\n|switch|p2a: Trevenant|Trevenant, M|100\/100\n|switch|p1a: Clefairy|Clefairy, F|100\/100\n|-damage|p1a: Clefairy|88\/100|[from] Stealth Rock\n|move|p2b: Orthworm|Shed Tail|p2b: Orthworm\n|-start|p2b: Orthworm|Substitute|[from] move: Shed Tail\n|-damage|p2b: Orthworm|50\/100\n|-enditem|p2b: Orthworm|Sitrus Berry|[eat]\n|-heal|p2b: Orthworm|75\/100|[from] item: Sitrus Berry\n|inactive|UY QUE RICO PAPI has 120 seconds left.\n|\n|t:|1699258501\n|switch|p2b: Ursaluna|Ursaluna, M|100\/100|[from] Shed Tail\n|move|p1b: Flutter Mane|Mystical Fire|p2a: Trevenant\n|-supereffective|p2a: Trevenant\n|-damage|p2a: Trevenant|45\/100\n|-unboost|p2a: Trevenant|spa|1\n|-enditem|p2a: Trevenant|Sitrus Berry|[eat]\n|-heal|p2a: Trevenant|70\/100|[from] item: Sitrus Berry\n|\n|-status|p2b: Ursaluna|brn|[from] item: Flame Orb\n|-item|p2a: Trevenant|Sitrus Berry|[from] ability: Harvest\n|upkeep\n|turn|5\n|-message|Pee boi happy forfeited.\n|\n|win|UY QUE RICO PAPI\n|raw|Pee boi happy's rating: 1215 &rarr; <strong>1197<\/strong><br \/>(-18 for losing)\n|raw|UY QUE RICO PAPI's rating: 1316 &rarr; <strong>1330<\/strong><br \/>(+14 for winning)\n|l|\u2606Pee boi happy\n","uploadtime":1699258524,"views":7,"p1id":"peeboihappy","p2id":"uyquericopapi","formatid":"gen9doublesou","rating":1197,"private":0,"password":""}