{"id":"gen9doublesou-1978184479","p1":"RiloBR","p2":"F2bioR7","format":"[Gen 9] Doubles OU","log":"|j|\u2606RiloBR\n|j|\u2606F2bioR7\n|inactive|Battle timer is ON: inactive players will automatically lose when time's up.\n|t:|1698509166\n|gametype|doubles\n|player|p1|RiloBR|korrina|\n|player|p2|F2bioR7|marlon|\n|teamsize|p1|6\n|teamsize|p2|6\n|gen|9\n|tier|[Gen 9] Doubles OU\n|rated|Tournament battle\n|rule|Species Clause: Limit one of each Pok\u00e9mon\n|rule|OHKO Clause: OHKO moves are banned\n|rule|Evasion Moves Clause: Evasion moves are banned\n|rule|Gravity Sleep Clause: The combination of sleep-inducing moves with imperfect accuracy and Gravity or Gigantamax Orbeetle are banned\n|rule|Endless Battle Clause: Forcing endless battles is banned\n|rule|HP Percentage Mod: HP is shown in percentages\n|clearpoke\n|poke|p1|Tornadus, M|\n|poke|p1|Iron Hands|\n|poke|p1|Rillaboom, M|\n|poke|p1|Flutter Mane|\n|poke|p1|Ogerpon-Hearthflame, F|\n|poke|p1|Heatran, M|\n|poke|p2|Chien-Pao|\n|poke|p2|Flutter Mane|\n|poke|p2|Tornadus, M|\n|poke|p2|Dragonite, M|\n|poke|p2|Amoonguss, M|\n|poke|p2|Walking Wake|\n|teampreview\n|inactive|RiloBR also wants the timer to be on.\n|inactive|F2bioR7 also wants the timer to be on.\n|inactive|RiloBR has 120 seconds left.\n|inactive|F2bioR7 has 120 seconds left.\n|\n|t:|1698509202\n|start\n|switch|p1a: Tornadus|Tornadus, M|100\/100\n|switch|p1b: Ogerpon|Ogerpon-Hearthflame, F|100\/100\n|switch|p2a: Pele|Tornadus, M|100\/100\n|switch|p2b: Flutter Mane|Flutter Mane, shiny|100\/100\n|-ability|p1b: Ogerpon|Mold Breaker\n|-enditem|p2b: Flutter Mane|Booster Energy\n|-activate|p2b: Flutter Mane|ability: Protosynthesis|[fromitem]\n|-start|p2b: Flutter Mane|protosynthesisspe\n|turn|1\n|inactive|F2bioR7 has 120 seconds left.\n|\n|t:|1698509247\n|-terastallize|p1b: Ogerpon|Fire\n|detailschange|p1b: Ogerpon|Ogerpon-Hearthflame-Tera, F, tera:Fire\n|-ability|p1b: Ogerpon|Embody Aspect (Hearthflame)|boost\n|-boost|p1b: Ogerpon|atk|1\n|move|p1a: Tornadus|Tailwind|p1a: Tornadus\n|-sidestart|p1: RiloBR|move: Tailwind\n|move|p2a: Pele|Taunt|p1a: Tornadus\n|-start|p1a: Tornadus|move: Taunt\n|move|p1b: Ogerpon|Ivy Cudgel|p2b: Flutter Mane\n|-damage|p2b: Flutter Mane|0 fnt\n|faint|p2b: Flutter Mane\n|-end|p2b: Flutter Mane|Protosynthesis|[silent]\n|\n|upkeep\n|\n|t:|1698509260\n|switch|p2b: SR.Abacate|Dragonite, M, shiny|100\/100\n|turn|2\n|inactive|F2bioR7 has 120 seconds left.\n|\n|t:|1698509268\n|switch|p1b: Iron Hands|Iron Hands|100\/100\n|move|p2a: Pele|Tailwind|p2a: Pele\n|-sidestart|p2: F2bioR7|move: Tailwind\n|move|p2b: SR.Abacate|Rock Slide|p1a: Tornadus|[spread] p1a,p1b\n|-supereffective|p1a: Tornadus\n|-resisted|p1b: Iron Hands\n|-damage|p1a: Tornadus|51\/100\n|-damage|p1b: Iron Hands|90\/100\n|move|p1a: Tornadus|Bleakwind Storm|p2b: SR.Abacate|[spread] p2a,p2b\n|-damage|p2a: Pele|75\/100\n|-damage|p2b: SR.Abacate|83\/100\n|-unboost|p2a: Pele|spe|1\n|\n|upkeep\n|turn|3\n|inactive|F2bioR7 has 120 seconds left.\n|inactive|F2bioR7 has 90 seconds left.\n|inactive|F2bioR7 has 60 seconds left.\n|\n|t:|1698509369\n|switch|p2b: Walking Wake|Walking Wake|100\/100\n|switch|p1a: Rillaboom|Rillaboom, M|100\/100\n|-fieldstart|move: Grassy Terrain|[from] ability: Grassy Surge|[of] p1a: Rillaboom\n|move|p1b: Iron Hands|Swords Dance|p1b: Iron Hands\n|-boost|p1b: Iron Hands|atk|2\n|move|p2a: Pele|Bleakwind Storm|p1a: Rillaboom|[spread] p1a,p1b\n|-supereffective|p1a: Rillaboom\n|-damage|p1a: Rillaboom|50\/100\n|-damage|p1b: Iron Hands|67\/100\n|-unboost|p1a: Rillaboom|spe|1\n|\n|-heal|p1b: Iron Hands|74\/100|[from] Grassy Terrain\n|-heal|p1a: Rillaboom|56\/100|[from] Grassy Terrain\n|upkeep\n|turn|4\n|inactive|F2bioR7 has 60 seconds left.\n|\n|t:|1698509389\n|move|p1a: Rillaboom|Fake Out|p2a: Pele\n|-damage|p2a: Pele|57\/100\n|move|p2b: Walking Wake|Draco Meteor|p1b: Iron Hands\n|-damage|p1b: Iron Hands|1\/100\n|-unboost|p2b: Walking Wake|spa|2\n|-enditem|p1b: Iron Hands|Sitrus Berry|[eat]\n|-heal|p1b: Iron Hands|26\/100|[from] item: Sitrus Berry\n|move|p1b: Iron Hands|Drain Punch|p2b: Walking Wake\n|-damage|p2b: Walking Wake|16\/100\n|-heal|p1b: Iron Hands|57\/100|[from] drain|[of] p2b: Walking Wake\n|cant|p2a: Pele|flinch\n|\n|-heal|p2b: Walking Wake|22\/100|[from] Grassy Terrain\n|-heal|p1b: Iron Hands|63\/100|[from] Grassy Terrain\n|-heal|p1a: Rillaboom|62\/100|[from] Grassy Terrain\n|-sideend|p1: RiloBR|move: Tailwind\n|upkeep\n|turn|5\n|inactive|F2bioR7 has 60 seconds left.\n|\n|t:|1698509420\n|move|p1a: Rillaboom|Grassy Glide|p2b: Walking Wake\n|-damage|p2b: Walking Wake|0 fnt\n|faint|p2b: Walking Wake\n|-end|p2b: Walking Wake|Protosynthesis|[silent]\n|move|p2a: Pele|Bleakwind Storm|p1b: Iron Hands|[spread] p1a,p1b\n|-supereffective|p1a: Rillaboom\n|-damage|p1a: Rillaboom|13\/100\n|-damage|p1b: Iron Hands|39\/100\n|-unboost|p1a: Rillaboom|spe|1\n|-unboost|p1b: Iron Hands|spe|1\n|move|p1b: Iron Hands|Fire Punch|p2a: Pele\n|-damage|p2a: Pele|0 fnt\n|faint|p2a: Pele\n|\n|-heal|p1b: Iron Hands|45\/100|[from] Grassy Terrain\n|-heal|p1a: Rillaboom|19\/100|[from] Grassy Terrain\n|-sideend|p2: F2bioR7|move: Tailwind\n|upkeep\n|\n|t:|1698509426\n|switch|p2b: SR.Abacate|Dragonite, M, shiny|83\/100\n|switch|p2a: Chien-PaLL|Chien-Pao|100\/100\n|-ability|p2a: Chien-PaLL|Sword of Ruin\n|turn|6\n|inactive|F2bioR7 has 60 seconds left.\n|\n|t:|1698509449\n|move|p2a: Chien-PaLL|Ice Spinner|p1a: Rillaboom\n|-supereffective|p1a: Rillaboom\n|-damage|p1a: Rillaboom|0 fnt\n|-fieldend|move: Grassy Terrain\n|faint|p1a: Rillaboom\n|move|p2b: SR.Abacate|Outrage|p1b: Iron Hands\n|-damage|p1b: Iron Hands|0 fnt\n|faint|p1b: Iron Hands\n|-end|p1b: Iron Hands|Quark Drive|[silent]\n|\n|upkeep\n|\n|t:|1698509453\n|switch|p1a: Tornadus|Tornadus, M|51\/100\n|switch|p1b: Flutter Mane|Flutter Mane|100\/100\n|turn|7\n|\n|t:|1698509462\n|move|p1a: Tornadus|Tailwind|p1a: Tornadus\n|-sidestart|p1: RiloBR|move: Tailwind\n|move|p1b: Flutter Mane|Dazzling Gleam|p2a: Chien-PaLL|[spread] p2a,p2b\n|-supereffective|p2a: Chien-PaLL\n|-supereffective|p2b: SR.Abacate\n|-crit|p2b: SR.Abacate\n|-enditem|p2a: Chien-PaLL|Focus Sash\n|-damage|p2a: Chien-PaLL|1\/100\n|-damage|p2b: SR.Abacate|0 fnt\n|faint|p2b: SR.Abacate\n|move|p2a: Chien-PaLL|Crunch|p1b: Flutter Mane\n|-damage|p1b: Flutter Mane|16\/100\n|\n|upkeep\n|\n|t:|1698509473\n|switch|p2b: Amoongs|Amoonguss, M|100\/100\n|turn|8\n|inactive|F2bioR7 has 90 seconds left.\n|c|\u2606F2bioR7|gg\n|c|\u2606RiloBR|gg\n|\n|t:|1698509497\n|move|p1a: Tornadus|Sunny Day|p1a: Tornadus\n|-weather|SunnyDay\n|-activate|p1b: Flutter Mane|ability: Protosynthesis\n|-start|p1b: Flutter Mane|protosynthesisspa\n|move|p2a: Chien-PaLL|Ice Shard|p1b: Flutter Mane\n|-damage|p1b: Flutter Mane|0 fnt\n|faint|p1b: Flutter Mane\n|-end|p1b: Flutter Mane|Protosynthesis|[silent]\n|move|p2b: Amoongs|Pollen Puff|p2a: Chien-PaLL\n|-heal|p2a: Chien-PaLL|51\/100\n|\n|-weather|SunnyDay|[upkeep]\n|upkeep\n|\n|t:|1698509506\n|switch|p1b: Heatran|Heatran, M|100\/100\n|turn|9\n|\n|t:|1698509516\n|-terastallize|p2b: Amoongs|Water\n|move|p2b: Amoongs|Rage Powder|p2b: Amoongs\n|-singleturn|p2b: Amoongs|move: Rage Powder\n|move|p1a: Tornadus|Bleakwind Storm|p2b: Amoongs|[spread] p2a,p2b\n|-crit|p2a: Chien-PaLL\n|-damage|p2a: Chien-PaLL|0 fnt\n|-damage|p2b: Amoongs|79\/100\n|faint|p2a: Chien-PaLL\n|move|p1b: Heatran|Heat Wave|p2b: Amoongs\n|-resisted|p2b: Amoongs\n|-damage|p2b: Amoongs|53\/100\n|\n|-weather|SunnyDay|[upkeep]\n|upkeep\n|turn|10\n|inactive|F2bioR7 has 120 seconds left.\n|c|\u2606F2bioR7|bem jogado\n|\n|t:|1698509538\n|move|p1a: Tornadus|Bleakwind Storm|p2b: Amoongs\n|-damage|p2b: Amoongs|23\/100\n|-enditem|p2b: Amoongs|Sitrus Berry|[eat]\n|-heal|p2b: Amoongs|48\/100|[from] item: Sitrus Berry\n|move|p1b: Heatran|Earth Power|p2b: Amoongs\n|-damage|p2b: Amoongs|25\/100\n|move|p2b: Amoongs|Spore|p1b: Heatran\n|-status|p1b: Heatran|slp|[from] move: Spore\n|\n|-weather|SunnyDay|[upkeep]\n|-sideend|p1: RiloBR|move: Tailwind\n|upkeep\n|turn|11\n|raw|<div class=\"broadcast-red\"><b>The server is restarting soon.<\/b><br \/>Please finish your battles quickly. No new battles can be started until the server resets in a few minutes.<\/div>\n|raw|<div class=\"broadcast-red\"><b>Moderated chat was set to +!<\/b><br \/>Only users of rank + and higher can talk.<\/div>\n|inactive|F2bioR7 has 120 seconds left.\n|\n|t:|1698509551\n|move|p1a: Tornadus|Bleakwind Storm|p2b: Amoongs\n|-damage|p2b: Amoongs|0 fnt\n|faint|p2b: Amoongs\n|\n|win|RiloBR\n|n|\u2606RiloBR|rilobr\n|n|\u2606F2bioR7|f2bior7\n","uploadtime":1698509554,"views":26,"p1id":"rilobr","p2id":"f2bior7","formatid":"gen9doublesou","rating":0,"private":0,"password":""}