{"id":"gen9doublesou-1968280754","p1":"FabioRMC4264","p2":"fastestslow","format":"[Gen 9] Doubles OU","log":"|html|<div class=\"broadcast-blue\"><strong>[Gen 9] Doubles OU is currently suspecting Basculegion & Flutter Mane! For information on how to participate check out the <a href=\"https:\/\/www.smogon.com\/forums\/threads\/np-sv-dou-stage-8-double-trouble.3729153\/\">suspect thread<\/a>.<\/strong><\/div>\n|j|\u2606FabioRMC4264\n|j|\u2606fastestslow\n|t:|1697401920\n|gametype|doubles\n|player|p1|FabioRMC4264|blue|1376\n|player|p2|fastestslow|youngster-gen4dp|1641\n|teamsize|p1|6\n|teamsize|p2|6\n|gen|9\n|tier|[Gen 9] Doubles OU\n|rated|\n|rule|Species Clause: Limit one of each Pok\u00e9mon\n|rule|OHKO Clause: OHKO moves are banned\n|rule|Evasion Moves Clause: Evasion moves are banned\n|rule|Gravity Sleep Clause: The combination of sleep-inducing moves with imperfect accuracy and Gravity or Gigantamax Orbeetle are banned\n|rule|Endless Battle Clause: Forcing endless battles is banned\n|rule|HP Percentage Mod: HP is shown in percentages\n|clearpoke\n|poke|p1|Flutter Mane|\n|poke|p1|Tornadus, M|\n|poke|p1|Amoonguss, F|\n|poke|p1|Chien-Pao|\n|poke|p1|Rillaboom, M|\n|poke|p1|Arcanine-Hisui, M|\n|poke|p2|Empoleon, M|\n|poke|p2|Sinistcha-Masterpiece|\n|poke|p2|Ursaluna-Bloodmoon, M|\n|poke|p2|Sneasler, M|\n|poke|p2|Ambipom, M|\n|poke|p2|Dusclops, M|\n|teampreview\n|\n|t:|1697401933\n|start\n|switch|p1a: Tornadus|Tornadus, M|100\/100\n|switch|p1b: Chien-Pao|Chien-Pao|100\/100\n|switch|p2a: Empoleon|Empoleon, M|100\/100\n|switch|p2b: Sneasler|Sneasler, M|100\/100\n|-ability|p1b: Chien-Pao|Sword of Ruin\n|turn|1\n|\n|t:|1697401953\n|-terastallize|p2a: Empoleon|Water\n|move|p1a: Tornadus|Tailwind|p1a: Tornadus\n|-sidestart|p1: FabioRMC4264|move: Tailwind\n|move|p1b: Chien-Pao|Sacred Sword|p2a: Empoleon\n|-damage|p2a: Empoleon|63\/100\n|move|p2b: Sneasler|Close Combat|p1b: Chien-Pao\n|-supereffective|p1b: Chien-Pao\n|-enditem|p1b: Chien-Pao|Focus Sash\n|-damage|p1b: Chien-Pao|1\/100\n|-unboost|p2b: Sneasler|def|1\n|-unboost|p2b: Sneasler|spd|1\n|move|p2a: Empoleon|Stealth Rock|p1a: Tornadus\n|-sidestart|p1: FabioRMC4264|move: Stealth Rock\n|\n|upkeep\n|turn|2\n|\n|t:|1697401987\n|move|p2a: Empoleon|Protect|p2a: Empoleon\n|-singleturn|p2a: Empoleon|Protect\n|move|p1b: Chien-Pao|Ice Spinner|p2b: Sneasler\n|-enditem|p2b: Sneasler|Focus Sash\n|-damage|p2b: Sneasler|1\/100\n|move|p2b: Sneasler|Dire Claw|p1a: Tornadus\n|-damage|p1a: Tornadus|33\/100\n|move|p1a: Tornadus|Bleakwind Storm|p2b: Sneasler|[spread] \n|-activate|p2a: Empoleon|move: Protect\n|-miss|p1a: Tornadus|p2b: Sneasler\n|\n|upkeep\n|turn|3\n|\n|t:|1697402006\n|move|p1a: Tornadus|Protect|p1a: Tornadus\n|-singleturn|p1a: Tornadus|Protect\n|move|p1b: Chien-Pao|Sucker Punch|p2b: Sneasler\n|-resisted|p2b: Sneasler\n|-crit|p2b: Sneasler\n|-damage|p2b: Sneasler|0 fnt\n|faint|p2b: Sneasler\n|move|p2a: Empoleon|Ice Beam|p1a: Tornadus\n|-activate|p1a: Tornadus|move: Protect\n|\n|upkeep\n|\n|t:|1697402015\n|switch|p2b: Ambipom|Ambipom, M|100\/100\n|turn|4\n|\n|t:|1697402022\n|switch|p1a: Flutter Mane|Flutter Mane|100\/100\n|-damage|p1a: Flutter Mane|88\/100|[from] Stealth Rock\n|move|p2b: Ambipom|Fake Out|p1a: Flutter Mane\n|-immune|p1a: Flutter Mane\n|move|p1b: Chien-Pao|Sacred Sword|p2b: Ambipom\n|-supereffective|p2b: Ambipom\n|-enditem|p2b: Ambipom|Focus Sash\n|-damage|p2b: Ambipom|1\/100\n|move|p2a: Empoleon|Ice Beam|p1a: Flutter Mane\n|-damage|p1a: Flutter Mane|53\/100\n|-damage|p2a: Empoleon|53\/100|[from] item: Life Orb\n|\n|-sideend|p1: FabioRMC4264|move: Tailwind\n|upkeep\n|turn|5\n|\n|t:|1697402051\n|switch|p2b: Sinistcha|Sinistcha-Masterpiece|100\/100\n|-heal|p2a: Empoleon|78\/100|[from] ability: Hospitality|[of] p2b: Sinistcha\n|move|p2a: Empoleon|Protect|p2a: Empoleon\n|-singleturn|p2a: Empoleon|Protect\n|move|p1b: Chien-Pao|Sucker Punch||[still]\n|-fail|p1b: Chien-Pao\n|move|p1a: Flutter Mane|Dazzling Gleam|p2b: Sinistcha|[spread] p2b\n|-activate|p2a: Empoleon|move: Protect\n|-damage|p2b: Sinistcha|51\/100\n|\n|upkeep\n|turn|6\n|\n|t:|1697402065\n|move|p2b: Sinistcha|Protect|p2b: Sinistcha\n|-singleturn|p2b: Sinistcha|Protect\n|move|p1b: Chien-Pao|Ice Spinner|p2b: Sinistcha\n|-activate|p2b: Sinistcha|move: Protect\n|move|p1a: Flutter Mane|Dazzling Gleam|p2a: Empoleon|[spread] p2a\n|-activate|p2b: Sinistcha|move: Protect\n|-damage|p2a: Empoleon|41\/100\n|move|p2a: Empoleon|Hydro Pump|p1a: Flutter Mane\n|-damage|p1a: Flutter Mane|0 fnt\n|faint|p1a: Flutter Mane\n|-end|p1a: Flutter Mane|Protosynthesis|[silent]\n|-damage|p2a: Empoleon|31\/100|[from] item: Life Orb\n|\n|upkeep\n|\n|t:|1697402078\n|switch|p1a: Tornadus|Tornadus, M|33\/100\n|-damage|p1a: Tornadus|8\/100|[from] Stealth Rock\n|turn|7\n|\n|t:|1697402088\n|switch|p2b: Dusclops|Dusclops, M, shiny|100\/100\n|-item|p1a: Tornadus|Covert Cloak|[from] ability: Frisk|[of] p2b: Dusclops|[identify]\n|move|p1b: Chien-Pao|Sucker Punch||[still]\n|-fail|p1b: Chien-Pao\n|move|p1a: Tornadus|Tailwind|p1a: Tornadus\n|-sidestart|p1: FabioRMC4264|move: Tailwind\n|move|p2a: Empoleon|Ice Beam|p1a: Tornadus\n|-supereffective|p1a: Tornadus\n|-damage|p1a: Tornadus|0 fnt\n|faint|p1a: Tornadus\n|-damage|p2a: Empoleon|21\/100|[from] item: Life Orb\n|\n|upkeep\n|\n|t:|1697402097\n|switch|p1a: Rillaboom|Rillaboom, M|100\/100\n|-damage|p1a: Rillaboom|88\/100|[from] Stealth Rock\n|-fieldstart|move: Grassy Terrain|[from] ability: Grassy Surge|[of] p1a: Rillaboom\n|turn|8\n|\n|t:|1697402109\n|switch|p2a: Sinistcha|Sinistcha-Masterpiece|51\/100\n|move|p1a: Rillaboom|Grassy Glide|p2a: Sinistcha\n|-resisted|p2a: Sinistcha\n|-damage|p2a: Sinistcha|14\/100\n|-enditem|p2a: Sinistcha|Sitrus Berry|[eat]\n|-heal|p2a: Sinistcha|39\/100|[from] item: Sitrus Berry\n|move|p1b: Chien-Pao|Crunch|p2b: Dusclops\n|-supereffective|p2b: Dusclops\n|-damage|p2b: Dusclops|43\/100\n|-unboost|p2b: Dusclops|def|1\n|move|p2b: Dusclops|Trick Room|p2b: Dusclops\n|-fieldstart|move: Trick Room|[of] p2b: Dusclops\n|\n|-heal|p2b: Dusclops|49\/100|[from] Grassy Terrain\n|-heal|p2a: Sinistcha|45\/100|[from] Grassy Terrain\n|-heal|p1a: Rillaboom|94\/100|[from] Grassy Terrain\n|-heal|p1b: Chien-Pao|7\/100|[from] Grassy Terrain\n|upkeep\n|turn|9\n|\n|t:|1697402161\n|-terastallize|p1a: Rillaboom|Grass\n|move|p1a: Rillaboom|Grassy Glide|p2a: Sinistcha\n|-resisted|p2a: Sinistcha\n|-damage|p2a: Sinistcha|1\/100\n|move|p1b: Chien-Pao|Sucker Punch||[still]\n|-fail|p1b: Chien-Pao\n|move|p2b: Dusclops|Pain Split|p1a: Rillaboom\n|-sethp|p1a: Rillaboom|67\/100|[from] move: Pain Split|[silent]\n|-sethp|p2b: Dusclops|81\/100|[from] move: Pain Split\n|move|p2a: Sinistcha|Strength Sap|p1a: Rillaboom\n|-unboost|p1a: Rillaboom|atk|1\n|-heal|p2a: Sinistcha|100\/100\n|\n|-heal|p2b: Dusclops|87\/100|[from] Grassy Terrain\n|-heal|p1a: Rillaboom|74\/100|[from] Grassy Terrain\n|-heal|p1b: Chien-Pao|13\/100|[from] Grassy Terrain\n|upkeep\n|turn|10\n|\n|t:|1697402187\n|switch|p2b: Ambipom|Ambipom, M|1\/100\n|move|p2a: Sinistcha|Protect|p2a: Sinistcha\n|-singleturn|p2a: Sinistcha|Protect\n|move|p1a: Rillaboom|Grassy Glide|p2b: Ambipom\n|-damage|p2b: Ambipom|0 fnt\n|faint|p2b: Ambipom\n|move|p1b: Chien-Pao|Crunch|p2a: Sinistcha\n|-activate|p2a: Sinistcha|move: Protect\n|\n|-heal|p1a: Rillaboom|80\/100|[from] Grassy Terrain\n|-heal|p1b: Chien-Pao|19\/100|[from] Grassy Terrain\n|-sideend|p1: FabioRMC4264|move: Tailwind\n|upkeep\n|\n|t:|1697402189\n|switch|p2b: Dusclops|Dusclops, M, shiny|87\/100\n|-item|p1a: Rillaboom|Choice Band|[from] ability: Frisk|[of] p2b: Dusclops|[identify]\n|turn|11\n|\n|t:|1697402229\n|switch|p1a: Arcanine|Arcanine-Hisui, M|100\/100\n|-damage|p1a: Arcanine|76\/100|[from] Stealth Rock\n|-ability|p1a: Arcanine|Intimidate|boost\n|-unboost|p2a: Sinistcha|atk|1\n|-unboost|p2b: Dusclops|atk|1\n|move|p2b: Dusclops|Night Shade|p1b: Chien-Pao\n|-damage|p1b: Chien-Pao|0 fnt\n|faint|p1b: Chien-Pao\n|move|p2a: Sinistcha|Strength Sap|p1a: Arcanine\n|-unboost|p1a: Arcanine|atk|1\n|\n|-heal|p2b: Dusclops|93\/100|[from] Grassy Terrain\n|-heal|p1a: Arcanine|82\/100|[from] Grassy Terrain\n|upkeep\n|\n|t:|1697402241\n|switch|p1b: Amoonguss|Amoonguss, F|100\/100\n|-damage|p1b: Amoonguss|88\/100|[from] Stealth Rock\n|turn|12\n|\n|t:|1697402257\n|switch|p2b: Empoleon|Empoleon, M, tera:Water|21\/100\n|switch|p2a: Ursaluna|Ursaluna-Bloodmoon, M|100\/100\n|move|p1b: Amoonguss|Spore|p2b: Empoleon\n|-status|p2b: Empoleon|slp|[from] move: Spore\n|move|p1a: Arcanine|Flare Blitz|p2a: Ursaluna\n|-damage|p2a: Ursaluna|73\/100\n|-damage|p1a: Arcanine|71\/100|[from] Recoil\n|\n|-heal|p1b: Amoonguss|94\/100|[from] Grassy Terrain\n|-heal|p2a: Ursaluna|79\/100|[from] Grassy Terrain\n|-heal|p2b: Empoleon|27\/100 slp|[from] Grassy Terrain\n|-heal|p1a: Arcanine|78\/100|[from] Grassy Terrain\n|-fieldend|move: Trick Room\n|-fieldend|move: Grassy Terrain\n|upkeep\n|turn|13\n|\n|t:|1697402283\n|switch|p2b: Sinistcha|Sinistcha-Masterpiece|100\/100\n|-heal|p2a: Ursaluna|100\/100|[from] ability: Hospitality|[of] p2b: Sinistcha\n|move|p1a: Arcanine|Rock Slide|p2b: Sinistcha|[spread] p2a,p2b\n|-resisted|p2a: Ursaluna\n|-damage|p2a: Ursaluna|94\/100\n|-damage|p2b: Sinistcha|85\/100\n|cant|p2a: Ursaluna|flinch\n|move|p1b: Amoonguss|Spore|p2a: Ursaluna\n|-status|p2a: Ursaluna|slp|[from] move: Spore\n|\n|upkeep\n|turn|14\n|\n|t:|1697402297\n|move|p2b: Sinistcha|Protect|p2b: Sinistcha\n|-singleturn|p2b: Sinistcha|Protect\n|move|p1b: Amoonguss|Rage Powder|p1b: Amoonguss\n|-singleturn|p1b: Amoonguss|move: Rage Powder\n|move|p1a: Arcanine|Flare Blitz|p2b: Sinistcha\n|-activate|p2b: Sinistcha|move: Protect\n|cant|p2a: Ursaluna|slp\n|\n|upkeep\n|turn|15\n|\n|t:|1697402310\n|switch|p1a: Rillaboom|Rillaboom, M, tera:Grass|80\/100\n|-damage|p1a: Rillaboom|67\/100|[from] Stealth Rock\n|-fieldstart|move: Grassy Terrain|[from] ability: Grassy Surge|[of] p1a: Rillaboom\n|switch|p2b: Empoleon|Empoleon, M, tera:Water|27\/100 slp\n|move|p1b: Amoonguss|Rage Powder|p1b: Amoonguss\n|-singleturn|p1b: Amoonguss|move: Rage Powder\n|cant|p2a: Ursaluna|slp\n|\n|-heal|p1a: Rillaboom|74\/100|[from] Grassy Terrain\n|-heal|p2b: Empoleon|33\/100 slp|[from] Grassy Terrain\n|-heal|p2a: Ursaluna|100\/100 slp|[from] Grassy Terrain\n|-heal|p1b: Amoonguss|99\/100|[from] Grassy Terrain\n|upkeep\n|turn|16\n|\n|t:|1697402331\n|move|p1a: Rillaboom|Grassy Glide|p2a: Ursaluna\n|-supereffective|p2a: Ursaluna\n|-damage|p2a: Ursaluna|2\/100 slp\n|cant|p2b: Empoleon|slp\n|cant|p2a: Ursaluna|slp\n|move|p1b: Amoonguss|Pollen Puff|p2a: Ursaluna\n|-damage|p2a: Ursaluna|0 fnt\n|faint|p2a: Ursaluna\n|\n|-heal|p1a: Rillaboom|80\/100|[from] Grassy Terrain\n|-heal|p2b: Empoleon|39\/100 slp|[from] Grassy Terrain\n|-heal|p1b: Amoonguss|100\/100|[from] Grassy Terrain\n|upkeep\n|\n|t:|1697402336\n|switch|p2a: Sinistcha|Sinistcha-Masterpiece|85\/100\n|-heal|p2b: Empoleon|64\/100 slp|[from] ability: Hospitality|[of] p2a: Sinistcha\n|turn|17\n|\n|t:|1697402367\n|switch|p2b: Dusclops|Dusclops, M, shiny|93\/100\n|-item|p1a: Rillaboom|Choice Band|[from] ability: Frisk|[of] p2b: Dusclops|[identify]\n|-item|p1b: Amoonguss|Rocky Helmet|[from] ability: Frisk|[of] p2b: Dusclops|[identify]\n|move|p1a: Rillaboom|Grassy Glide|p2b: Dusclops\n|-damage|p2b: Dusclops|45\/100\n|move|p2a: Sinistcha|Matcha Gotcha|p1a: Rillaboom|[spread] p1a,p1b\n|-resisted|p1a: Rillaboom\n|-resisted|p1b: Amoonguss\n|-damage|p1a: Rillaboom|51\/100\n|-heal|p2a: Sinistcha|99\/100|[from] drain|[of] p1a: Rillaboom\n|-damage|p1b: Amoonguss|91\/100\n|-heal|p2a: Sinistcha|100\/100|[from] drain|[of] p1b: Amoonguss\n|-status|p1b: Amoonguss|brn\n|move|p1b: Amoonguss|Pollen Puff|p1a: Rillaboom\n|-heal|p1a: Rillaboom|100\/100\n|\n|-heal|p1b: Amoonguss|97\/100 brn|[from] Grassy Terrain\n|-heal|p2b: Dusclops|51\/100|[from] Grassy Terrain\n|-damage|p1b: Amoonguss|91\/100 brn|[from] brn\n|upkeep\n|turn|18\n|\n|t:|1697402405\n|move|p1a: Rillaboom|Grassy Glide|p2b: Dusclops\n|-damage|p2b: Dusclops|6\/100\n|move|p2a: Sinistcha|Matcha Gotcha|p1b: Amoonguss|[spread] p1a,p1b\n|-resisted|p1a: Rillaboom\n|-resisted|p1b: Amoonguss\n|-damage|p1a: Rillaboom|72\/100\n|-damage|p1b: Amoonguss|83\/100 brn\n|move|p1b: Amoonguss|Spore|p2b: Dusclops\n|-status|p2b: Dusclops|slp|[from] move: Spore\n|cant|p2b: Dusclops|slp\n|\n|-heal|p1a: Rillaboom|79\/100|[from] Grassy Terrain\n|-heal|p1b: Amoonguss|89\/100 brn|[from] Grassy Terrain\n|-heal|p2b: Dusclops|12\/100 slp|[from] Grassy Terrain\n|-damage|p1b: Amoonguss|83\/100 brn|[from] brn\n|upkeep\n|turn|19\n|\n|t:|1697402419\n|move|p1a: Rillaboom|Grassy Glide|p2b: Dusclops\n|-damage|p2b: Dusclops|0 fnt\n|faint|p2b: Dusclops\n|move|p1b: Amoonguss|Pollen Puff|p1a: Rillaboom\n|-heal|p1a: Rillaboom|100\/100\n|move|p2a: Sinistcha|Trick Room|p2a: Sinistcha\n|-fieldstart|move: Trick Room|[of] p2a: Sinistcha\n|\n|-heal|p1b: Amoonguss|89\/100 brn|[from] Grassy Terrain\n|-damage|p1b: Amoonguss|83\/100 brn|[from] brn\n|-fieldend|move: Grassy Terrain\n|upkeep\n|\n|t:|1697402421\n|switch|p2b: Empoleon|Empoleon, M, tera:Water|64\/100 slp\n|turn|20\n|\n|t:|1697402433\n|move|p1b: Amoonguss|Pollen Puff|p2a: Sinistcha\n|-damage|p2a: Sinistcha|79\/100\n|cant|p2b: Empoleon|slp\n|move|p2a: Sinistcha|Matcha Gotcha|p1b: Amoonguss|[spread] p1a,p1b\n|-resisted|p1a: Rillaboom\n|-resisted|p1b: Amoonguss\n|-damage|p1a: Rillaboom|81\/100\n|-heal|p2a: Sinistcha|89\/100|[from] drain|[of] p1a: Rillaboom\n|-damage|p1b: Amoonguss|76\/100 brn\n|-heal|p2a: Sinistcha|93\/100|[from] drain|[of] p1b: Amoonguss\n|move|p1a: Rillaboom|Grassy Glide|p2b: Empoleon\n|-supereffective|p2b: Empoleon\n|-damage|p2b: Empoleon|0 fnt\n|faint|p2b: Empoleon\n|\n|-damage|p1b: Amoonguss|70\/100 brn|[from] brn\n|upkeep\n|turn|21\n|\n|t:|1697402454\n|move|p1b: Amoonguss|Pollen Puff|p2a: Sinistcha\n|-damage|p2a: Sinistcha|74\/100\n|move|p2a: Sinistcha|Matcha Gotcha|p1b: Amoonguss|[spread] p1b\n|-miss|p2a: Sinistcha|p1a: Rillaboom\n|-resisted|p1b: Amoonguss\n|-damage|p1b: Amoonguss|64\/100 brn\n|-heal|p2a: Sinistcha|78\/100|[from] drain|[of] p1b: Amoonguss\n|move|p1a: Rillaboom|Grassy Glide|p2a: Sinistcha\n|-resisted|p2a: Sinistcha\n|-damage|p2a: Sinistcha|50\/100\n|\n|-damage|p1b: Amoonguss|58\/100 brn|[from] brn\n|upkeep\n|turn|22\n|\n|t:|1697402467\n|move|p1b: Amoonguss|Pollen Puff|p2a: Sinistcha\n|-damage|p2a: Sinistcha|29\/100\n|move|p2a: Sinistcha|Strength Sap|p1a: Rillaboom\n|-unboost|p1a: Rillaboom|atk|1\n|-heal|p2a: Sinistcha|100\/100\n|move|p1a: Rillaboom|Grassy Glide|p2a: Sinistcha\n|-resisted|p2a: Sinistcha\n|-damage|p2a: Sinistcha|83\/100\n|\n|-damage|p1b: Amoonguss|52\/100 brn|[from] brn\n|upkeep\n|turn|23\n|\n|t:|1697402474\n|move|p1b: Amoonguss|Rage Powder|p1b: Amoonguss\n|-singleturn|p1b: Amoonguss|move: Rage Powder\n|move|p2a: Sinistcha|Matcha Gotcha|p1b: Amoonguss|[spread] p1a,p1b\n|-resisted|p1a: Rillaboom\n|-resisted|p1b: Amoonguss\n|-crit|p1b: Amoonguss\n|-damage|p1a: Rillaboom|59\/100\n|-heal|p2a: Sinistcha|93\/100|[from] drain|[of] p1a: Rillaboom\n|-damage|p1b: Amoonguss|43\/100 brn\n|-heal|p2a: Sinistcha|99\/100|[from] drain|[of] p1b: Amoonguss\n|move|p1a: Rillaboom|Grassy Glide|p2a: Sinistcha\n|-resisted|p2a: Sinistcha\n|-damage|p2a: Sinistcha|81\/100\n|\n|-damage|p1b: Amoonguss|37\/100 brn|[from] brn\n|-fieldend|move: Trick Room\n|upkeep\n|turn|24\n|\n|t:|1697402484\n|move|p1a: Rillaboom|Grassy Glide|p2a: Sinistcha\n|-resisted|p2a: Sinistcha\n|-damage|p2a: Sinistcha|61\/100\n|move|p1b: Amoonguss|Pollen Puff|p1a: Rillaboom\n|-heal|p1a: Rillaboom|100\/100\n|move|p2a: Sinistcha|Trick Room|p2a: Sinistcha\n|-fieldstart|move: Trick Room|[of] p2a: Sinistcha\n|\n|-damage|p1b: Amoonguss|30\/100 brn|[from] brn\n|upkeep\n|turn|25\n|\n|t:|1697402501\n|switch|p1a: Arcanine|Arcanine-Hisui, M|78\/100\n|-damage|p1a: Arcanine|53\/100|[from] Stealth Rock\n|-ability|p1a: Arcanine|Intimidate|boost\n|-unboost|p2a: Sinistcha|atk|1\n|move|p1b: Amoonguss|Pollen Puff|p1a: Arcanine\n|-heal|p1a: Arcanine|100\/100\n|move|p2a: Sinistcha|Matcha Gotcha|p1a: Arcanine|[spread] p1b\n|-miss|p2a: Sinistcha|p1a: Arcanine\n|-resisted|p1b: Amoonguss\n|-damage|p1b: Amoonguss|24\/100 brn\n|-heal|p2a: Sinistcha|65\/100|[from] drain|[of] p1b: Amoonguss\n|\n|-damage|p1b: Amoonguss|18\/100 brn|[from] brn\n|upkeep\n|turn|26\n|\n|t:|1697402523\n|move|p1b: Amoonguss|Pollen Puff|p2a: Sinistcha\n|-damage|p2a: Sinistcha|44\/100\n|move|p2a: Sinistcha|Matcha Gotcha|p1a: Arcanine|[spread] p1a,p1b\n|-resisted|p1b: Amoonguss\n|-damage|p1a: Arcanine|79\/100\n|-heal|p2a: Sinistcha|56\/100|[from] drain|[of] p1a: Arcanine\n|-damage|p1b: Amoonguss|12\/100 brn\n|-heal|p2a: Sinistcha|60\/100|[from] drain|[of] p1b: Amoonguss\n|move|p1a: Arcanine|Flare Blitz|p2a: Sinistcha\n|-supereffective|p2a: Sinistcha\n|-damage|p2a: Sinistcha|0 fnt\n|faint|p2a: Sinistcha\n|-damage|p1a: Arcanine|61\/100|[from] Recoil\n|\n|win|FabioRMC4264\n|raw|FabioRMC4264's rating: 1376 &rarr; <strong>1409<\/strong><br \/>(+33 for winning)\n|raw|fastestslow's rating: 1641 &rarr; <strong>1608<\/strong><br \/>(-33 for losing)\n|l|\u2606fastestslow\n","uploadtime":1697402557,"views":9,"p1id":"fabiormc4264","p2id":"fastestslow","formatid":"gen9doublesou","rating":1409,"private":0,"password":""}