{"id":"gen9doublesou-2000328494","p1":"Aquaticphantom","p2":"MMszinho","format":"[Gen 9] Doubles OU","log":"|j|\u2606Aquaticphantom\n|j|\u2606MMszinho\n|t:|1701185395\n|gametype|doubles\n|player|p1|Aquaticphantom|fantina|1268\n|player|p2|MMszinho|marshal|1367\n|teamsize|p1|6\n|teamsize|p2|6\n|gen|9\n|tier|[Gen 9] Doubles OU\n|rated|\n|rule|Species Clause: Limit one of each Pok\u00e9mon\n|rule|OHKO Clause: OHKO moves are banned\n|rule|Evasion Moves Clause: Evasion moves are banned\n|rule|Gravity Sleep Clause: The combination of sleep-inducing moves with imperfect accuracy and Gravity or Gigantamax Orbeetle are banned\n|rule|Endless Battle Clause: Forcing endless battles is banned\n|rule|HP Percentage Mod: HP is shown in percentages\n|clearpoke\n|poke|p1|Glimmora, M|\n|poke|p1|Espeon, F|\n|poke|p1|Kilowattrel, M|\n|poke|p1|Gastrodon-East, F|\n|poke|p1|Kingambit, M|\n|poke|p1|Ninetales-Alola, M|\n|poke|p2|Pelipper, M|\n|poke|p2|Raichu, F|\n|poke|p2|Toxicroak, M|\n|poke|p2|Ogerpon-Wellspring, F|\n|poke|p2|Sylveon, F|\n|poke|p2|Garchomp, F|\n|teampreview\n|\n|t:|1701185432\n|start\n|switch|p1a: Neekis|Glimmora, M|100\/100\n|switch|p1b: Alberona|Espeon, F|100\/100\n|switch|p2a: Raichu|Raichu, F|100\/100\n|switch|p2b: Garchomp|Garchomp, F|100\/100\n|-item|p2a: Raichu|Air Balloon\n|turn|1\n|\n|t:|1701185458\n|switch|p1b: Dreyar|Kilowattrel, M|100\/100\n|move|p1a: Neekis|Spiky Shield|p1a: Neekis\n|-singleturn|p1a: Neekis|move: Protect\n|move|p2a: Raichu|Fake Out|p1b: Dreyar\n|-crit|p1b: Dreyar\n|-damage|p1b: Dreyar|77\/100\n|move|p2b: Garchomp|Swords Dance|p2b: Garchomp\n|-boost|p2b: Garchomp|atk|2\n|\n|upkeep\n|turn|2\n|\n|t:|1701185502\n|switch|p1a: Locksar|Gastrodon-East, F|100\/100\n|move|p2a: Raichu|Protect|p2a: Raichu\n|-singleturn|p2a: Raichu|Protect\n|move|p1b: Dreyar|Tailwind|p1b: Dreyar\n|-sidestart|p1: Aquaticphantom|move: Tailwind\n|move|p2b: Garchomp|Dragon Claw|p1b: Dreyar\n|-damage|p1b: Dreyar|0 fnt\n|faint|p1b: Dreyar\n|\n|upkeep\n|\n|t:|1701185510\n|switch|p1b: Alberona|Espeon, F|100\/100\n|turn|3\n|inactive|Battle timer is ON: inactive players will automatically lose when time's up. (requested by Aquaticphantom)\n|\n|t:|1701185567\n|switch|p2a: Pelipper|Pelipper, M|100\/100\n|-weather|RainDance|[from] ability: Drizzle|[of] p2a: Pelipper\n|switch|p1a: Neekis|Glimmora, M|100\/100\n|-terastallize|p1b: Alberona|Fairy\n|move|p1b: Alberona|Dazzling Gleam|p2b: Garchomp|[spread] p2a,p2b\n|-supereffective|p2b: Garchomp\n|-damage|p2a: Pelipper|60\/100\n|-damage|p2b: Garchomp|43\/100\n|move|p2b: Garchomp|Earthquake|p1a: Neekis|[spread] p1a,p1b\n|-immune|p2a: Pelipper\n|-supereffective|p1a: Neekis\n|-damage|p1a: Neekis|0 fnt\n|-damage|p1b: Alberona|0 fnt\n|-activate|p1a: Neekis|ability: Toxic Debris\n|-sidestart|p2: MMszinho|move: Toxic Spikes\n|faint|p1a: Neekis\n|faint|p1b: Alberona\n|\n|-weather|RainDance|[upkeep]\n|upkeep\n|\n|t:|1701185577\n|switch|p1b: Fullbuster|Ninetales-Alola, M|100\/100\n|switch|p1a: Locksar|Gastrodon-East, F|100\/100\n|-weather|Snow|[from] ability: Snow Warning|[of] p1b: Fullbuster\n|turn|4\n|\n|t:|1701185591\n|move|p2a: Pelipper|Wide Guard|p2a: Pelipper\n|-singleturn|p2a: Pelipper|Wide Guard\n|move|p1b: Fullbuster|Blizzard|p2b: Garchomp|[spread] \n|-activate|p2a: Pelipper|move: Wide Guard\n|-activate|p2b: Garchomp|move: Wide Guard\n|move|p2b: Garchomp|Earthquake|p1a: Locksar|[spread] p1a,p1b\n|-activate|p2a: Pelipper|move: Wide Guard\n|-damage|p1a: Locksar|29\/100\n|-damage|p1b: Fullbuster|35\/100\n|move|p1a: Locksar|Icy Wind|p2a: Pelipper|[spread] \n|-activate|p2a: Pelipper|move: Wide Guard\n|-activate|p2b: Garchomp|move: Wide Guard\n|\n|-weather|Snow|[upkeep]\n|upkeep\n|turn|5\n|-message|Aquaticphantom forfeited.\n|\n|win|MMszinho\n|raw|Aquaticphantom's rating: 1268 &rarr; <strong>1250<\/strong><br \/>(-18 for losing)\n|raw|MMszinho's rating: 1367 &rarr; <strong>1381<\/strong><br \/>(+14 for winning)\n|l|\u2606Aquaticphantom\n|l|\u2606MMszinho\n|j|\u2606MMszinho\n|player|p2|MMszinho|marshal\n","uploadtime":1701185617,"views":6,"p1id":"aquaticphantom","p2id":"mmszinho","formatid":"gen9doublesou","rating":1250,"private":0,"password":""}