{"id":"gen9doublesou-1968167717","p1":"BlackLeague","p2":"Joecheve13","format":"[Gen 9] Doubles OU","log":"|html|<div class=\"broadcast-blue\"><strong>[Gen 9] Doubles OU is currently suspecting Basculegion & Flutter Mane! For information on how to participate check out the <a href=\"https:\/\/www.smogon.com\/forums\/threads\/np-sv-dou-stage-8-double-trouble.3729153\/\">suspect thread<\/a>.<\/strong><\/div>\n|j|\u2606BlackLeague\n|j|\u2606Joecheve13\n|t:|1697391023\n|gametype|doubles\n|player|p1|BlackLeague|169|1340\n|player|p2|Joecheve13|bertha|1453\n|teamsize|p1|6\n|teamsize|p2|6\n|gen|9\n|tier|[Gen 9] Doubles OU\n|rated|\n|rule|Species Clause: Limit one of each Pok\u00e9mon\n|rule|OHKO Clause: OHKO moves are banned\n|rule|Evasion Moves Clause: Evasion moves are banned\n|rule|Gravity Sleep Clause: The combination of sleep-inducing moves with imperfect accuracy and Gravity or Gigantamax Orbeetle are banned\n|rule|Endless Battle Clause: Forcing endless battles is banned\n|rule|HP Percentage Mod: HP is shown in percentages\n|clearpoke\n|poke|p1|Scizor, F|\n|poke|p1|Abomasnow, M|\n|poke|p1|Chimecho, M|\n|poke|p1|Chandelure, F|\n|poke|p1|Ursaluna, M|\n|poke|p1|Palafin, F|\n|poke|p2|Pelipper, F|\n|poke|p2|Tornadus, M|\n|poke|p2|Goodra-Hisui, M|\n|poke|p2|Tinkaton, F|\n|poke|p2|Garganacl, F|\n|poke|p2|Rillaboom, F|\n|teampreview\n|\n|t:|1697391036\n|start\n|switch|p1a: Chimecho|Chimecho, M|100\/100\n|switch|p1b: Palafin|Palafin, F|100\/100\n|switch|p2a: Garganacl|Garganacl, F|100\/100\n|switch|p2b: Tornadus|Tornadus, M|100\/100\n|turn|1\n|\n|t:|1697391047\n|detailschange|p1b: Palafin|Palafin-Hero, F\n|switch|p1b: Abomasnow|Abomasnow, M|100\/100\n|-weather|Snow|[from] ability: Snow Warning|[of] p1b: Abomasnow\n|-terastallize|p1a: Chimecho|Dark\n|move|p2b: Tornadus|Taunt|p1a: Chimecho\n|-hint|Since gen 7, Dark is immune to Prankster moves.\n|-immune|p1a: Chimecho\n|move|p2a: Garganacl|Stealth Rock|p1a: Chimecho\n|-sidestart|p1: BlackLeague|move: Stealth Rock\n|move|p1a: Chimecho|Trick Room|p1a: Chimecho\n|-fieldstart|move: Trick Room|[of] p1a: Chimecho\n|\n|-weather|Snow|[upkeep]\n|upkeep\n|turn|2\n|\n|t:|1697391071\n|switch|p2b: Goodra|Goodra-Hisui, M|100\/100\n|move|p2a: Garganacl|Protect|p2a: Garganacl\n|-singleturn|p2a: Garganacl|Protect\n|move|p1b: Abomasnow|Blizzard|p2a: Garganacl|[spread] p2b\n|-activate|p2a: Garganacl|move: Protect\n|-damage|p2b: Goodra|68\/100\n|-damage|p1b: Abomasnow|91\/100|[from] item: Life Orb\n|move|p1a: Chimecho|Encore|p2a: Garganacl\n|-activate|p2a: Garganacl|move: Protect\n|\n|-weather|Snow|[upkeep]\n|-heal|p2b: Goodra|74\/100|[from] item: Leftovers\n|upkeep\n|turn|3\n|\n|t:|1697391129\n|switch|p1a: Ursaluna|Ursaluna, M|100\/100\n|-damage|p1a: Ursaluna|94\/100|[from] Stealth Rock\n|move|p2a: Garganacl|Salt Cure|p1a: Ursaluna\n|-resisted|p1a: Ursaluna\n|-damage|p1a: Ursaluna|89\/100\n|-start|p1a: Ursaluna|Salt Cure\n|move|p1b: Abomasnow|Aurora Veil|p1b: Abomasnow\n|-sidestart|p1: BlackLeague|move: Aurora Veil\n|move|p2b: Goodra|Curse|p2b: Goodra\n|-unboost|p2b: Goodra|spe|1\n|-boost|p2b: Goodra|atk|1\n|-boost|p2b: Goodra|def|1\n|\n|-weather|Snow|[upkeep]\n|-heal|p2b: Goodra|80\/100|[from] item: Leftovers\n|-damage|p1a: Ursaluna|77\/100|[from] Salt Cure\n|-status|p1a: Ursaluna|brn|[from] item: Flame Orb\n|upkeep\n|turn|4\n|\n|t:|1697391167\n|move|p2a: Garganacl|Wide Guard|p2a: Garganacl\n|-singleturn|p2a: Garganacl|Wide Guard\n|move|p2b: Goodra|Curse|p2b: Goodra\n|-unboost|p2b: Goodra|spe|1\n|-boost|p2b: Goodra|atk|1\n|-boost|p2b: Goodra|def|1\n|move|p1a: Ursaluna|Headlong Rush|p2b: Goodra\n|-supereffective|p2b: Goodra\n|-damage|p2b: Goodra|2\/100\n|-unboost|p1a: Ursaluna|def|1\n|-unboost|p1a: Ursaluna|spd|1\n|move|p1b: Abomasnow|Blizzard|p2a: Garganacl|[spread] \n|-activate|p2a: Garganacl|move: Wide Guard\n|-activate|p2b: Goodra|move: Wide Guard\n|\n|-weather|Snow|[upkeep]\n|-heal|p2b: Goodra|8\/100|[from] item: Leftovers\n|-damage|p1a: Ursaluna|70\/100 brn|[from] brn\n|-damage|p1a: Ursaluna|58\/100 brn|[from] Salt Cure\n|upkeep\n|turn|5\n|\n|t:|1697391187\n|move|p2b: Goodra|Protect|p2b: Goodra\n|-singleturn|p2b: Goodra|Protect\n|move|p1a: Ursaluna|Facade|p2b: Goodra\n|-activate|p2b: Goodra|move: Protect\n|move|p2a: Garganacl|Salt Cure|p1b: Abomasnow\n|-supereffective|p1b: Abomasnow\n|-damage|p1b: Abomasnow|77\/100\n|-start|p1b: Abomasnow|Salt Cure\n|move|p1b: Abomasnow|Giga Drain|p2a: Garganacl\n|-supereffective|p2a: Garganacl\n|-damage|p2a: Garganacl|45\/100\n|-heal|p1b: Abomasnow|100\/100|[from] drain|[of] p2a: Garganacl\n|-damage|p1b: Abomasnow|91\/100|[from] item: Life Orb\n|\n|-weather|none\n|-heal|p2b: Goodra|15\/100|[from] item: Leftovers\n|-heal|p2a: Garganacl|51\/100|[from] item: Leftovers\n|-damage|p1a: Ursaluna|52\/100 brn|[from] brn\n|-damage|p1a: Ursaluna|39\/100 brn|[from] Salt Cure\n|-damage|p1b: Abomasnow|78\/100|[from] Salt Cure\n|-fieldend|move: Trick Room\n|upkeep\n|turn|6\n|inactive|Battle timer is ON: inactive players will automatically lose when time's up. (requested by BlackLeague)\n|\n|t:|1697391223\n|switch|p2a: Tinkaton|Tinkaton, F|100\/100\n|move|p1b: Abomasnow|Giga Drain|p2a: Tinkaton\n|-resisted|p2a: Tinkaton\n|-damage|p2a: Tinkaton|89\/100\n|-heal|p1b: Abomasnow|84\/100|[from] drain|[of] p2a: Tinkaton\n|-damage|p1b: Abomasnow|74\/100|[from] item: Life Orb\n|move|p1a: Ursaluna|Headlong Rush|p2b: Goodra\n|-supereffective|p2b: Goodra\n|-damage|p2b: Goodra|0 fnt\n|-unboost|p1a: Ursaluna|def|1\n|-unboost|p1a: Ursaluna|spd|1\n|faint|p2b: Goodra\n|\n|-damage|p1a: Ursaluna|33\/100 brn|[from] brn\n|-damage|p1b: Abomasnow|61\/100|[from] Salt Cure\n|-damage|p1a: Ursaluna|20\/100 brn|[from] Salt Cure\n|upkeep\n|inactive|Joecheve13 has 120 seconds left.\n|\n|t:|1697391265\n|switch|p2b: Tornadus|Tornadus, M|100\/100\n|turn|7\n|inactive|Joecheve13 has 120 seconds left.\n|\n|t:|1697391290\n|switch|p1a: Chandelure|Chandelure, F|100\/100\n|-damage|p1a: Chandelure|75\/100|[from] Stealth Rock\n|move|p2a: Tinkaton|Fake Out|p1a: Chandelure\n|-immune|p1a: Chandelure\n|move|p2b: Tornadus|Swagger|p2a: Tinkaton\n|-boost|p2a: Tinkaton|atk|2\n|-immune|p2a: Tinkaton|confusion|[from] ability: Own Tempo\n|move|p1b: Abomasnow|Blizzard|p2b: Tornadus|[spread] p2a\n|-miss|p1b: Abomasnow|p2b: Tornadus\n|-resisted|p2a: Tinkaton\n|-damage|p2a: Tinkaton|73\/100\n|-damage|p1b: Abomasnow|52\/100|[from] item: Life Orb\n|\n|-damage|p1b: Abomasnow|39\/100|[from] Salt Cure\n|-sideend|p1: BlackLeague|move: Aurora Veil\n|upkeep\n|turn|8\n|\n|t:|1697391309\n|move|p2b: Tornadus|Taunt|p1a: Chandelure\n|-start|p1a: Chandelure|move: Taunt\n|move|p2a: Tinkaton|Brick Break|p1b: Abomasnow\n|-supereffective|p1b: Abomasnow\n|-damage|p1b: Abomasnow|0 fnt\n|faint|p1b: Abomasnow\n|cant|p1a: Chandelure|move: Taunt|Trick Room\n|\n|upkeep\n|\n|t:|1697391321\n|switch|p1b: Scizor|Scizor, F|100\/100\n|-damage|p1b: Scizor|88\/100|[from] Stealth Rock\n|turn|9\n|inactive|Joecheve13 has 120 seconds left.\n|\n|t:|1697391368\n|-terastallize|p2a: Tinkaton|Fighting\n|move|p1b: Scizor|Quick Guard|p1b: Scizor\n|-singleturn|p1b: Scizor|Quick Guard\n|move|p2b: Tornadus|Swagger|p2a: Tinkaton\n|-boost|p2a: Tinkaton|atk|2\n|-immune|p2a: Tinkaton|confusion|[from] ability: Own Tempo\n|move|p2a: Tinkaton|Brick Break|p1b: Scizor\n|-damage|p1b: Scizor|7\/100\n|move|p1a: Chandelure|Heat Wave|p2a: Tinkaton|[spread] p2a,p2b\n|-damage|p2a: Tinkaton|53\/100\n|-damage|p2b: Tornadus|63\/100\n|\n|upkeep\n|turn|10\n|inactive|Joecheve13 has 120 seconds left.\n|\n|t:|1697391387\n|move|p1b: Scizor|Bullet Punch|p2a: Tinkaton\n|-damage|p2a: Tinkaton|12\/100\n|move|p2b: Tornadus|Bleakwind Storm|p1a: Chandelure|[spread] p1a\n|-miss|p2b: Tornadus|p1b: Scizor\n|-damage|p1a: Chandelure|38\/100\n|move|p2a: Tinkaton|Brick Break|p1b: Scizor\n|-damage|p1b: Scizor|0 fnt\n|faint|p1b: Scizor\n|move|p1a: Chandelure|Heat Wave|p2b: Tornadus|[spread] p2a,p2b\n|-damage|p2a: Tinkaton|0 fnt\n|-damage|p2b: Tornadus|27\/100\n|faint|p2a: Tinkaton\n|\n|-end|p1a: Chandelure|move: Taunt\n|upkeep\n|\n|t:|1697391402\n|switch|p2a: Rillaboom|Rillaboom, F|100\/100\n|switch|p1b: Chimecho|Chimecho, M, tera:Dark|100\/100\n|-fieldstart|move: Grassy Terrain|[from] ability: Grassy Surge|[of] p2a: Rillaboom\n|-damage|p1b: Chimecho|88\/100|[from] Stealth Rock\n|turn|11\n|\n|t:|1697391408\n|move|p2a: Rillaboom|Fake Out|p1b: Chimecho\n|-damage|p1b: Chimecho|75\/100\n|move|p2b: Tornadus|Taunt|p1a: Chandelure\n|-start|p1a: Chandelure|move: Taunt\n|move|p1a: Chandelure|Heat Wave|p2b: Tornadus|[spread] p2a,p2b\n|-supereffective|p2a: Rillaboom\n|-damage|p2a: Rillaboom|41\/100\n|-damage|p2b: Tornadus|0 fnt\n|faint|p2b: Tornadus\n|move|p1b: Chimecho|Trick Room|p1b: Chimecho\n|-fieldstart|move: Trick Room|[of] p1b: Chimecho\n|\n|-heal|p1a: Chandelure|44\/100|[from] Grassy Terrain\n|-heal|p2a: Rillaboom|47\/100|[from] Grassy Terrain\n|upkeep\n|\n|t:|1697391427\n|switch|p2b: Garganacl|Garganacl, F|51\/100\n|turn|12\n|\n|t:|1697391448\n|switch|p2a: Pelipper|Pelipper, F|100\/100\n|-weather|RainDance|[from] ability: Drizzle|[of] p2a: Pelipper\n|move|p2b: Garganacl|Salt Cure|p1a: Chandelure\n|-supereffective|p1a: Chandelure\n|-damage|p1a: Chandelure|17\/100\n|-start|p1a: Chandelure|Salt Cure\n|move|p1b: Chimecho|Encore|p2b: Garganacl\n|-start|p2b: Garganacl|Encore\n|move|p1a: Chandelure|Shadow Ball|p2a: Pelipper\n|-damage|p2a: Pelipper|39\/100\n|\n|-weather|RainDance|[upkeep]\n|-heal|p2b: Garganacl|57\/100|[from] Grassy Terrain\n|-heal|p2b: Garganacl|63\/100|[from] item: Leftovers\n|-heal|p1a: Chandelure|23\/100|[from] Grassy Terrain\n|-damage|p1a: Chandelure|10\/100|[from] Salt Cure\n|upkeep\n|turn|13\n|\n|t:|1697391467\n|move|p2a: Pelipper|Protect|p2a: Pelipper\n|-singleturn|p2a: Pelipper|Protect\n|move|p1b: Chimecho|Ally Switch|p1b: Chimecho\n|swap|p1b: Chimecho|0|[from] move: Ally Switch\n|move|p2b: Garganacl|Salt Cure|p1a: Chimecho\n|-damage|p1a: Chimecho|64\/100\n|move|p1b: Chandelure|Shadow Ball|p2a: Pelipper\n|-activate|p2a: Pelipper|move: Protect\n|\n|-weather|RainDance|[upkeep]\n|-heal|p2b: Garganacl|69\/100|[from] Grassy Terrain\n|-heal|p2b: Garganacl|75\/100|[from] item: Leftovers\n|-heal|p1b: Chandelure|17\/100|[from] Grassy Terrain\n|-damage|p1b: Chandelure|4\/100|[from] Salt Cure\n|-end|p1b: Chandelure|move: Taunt\n|upkeep\n|turn|14\n|\n|t:|1697391495\n|move|p2b: Garganacl|Salt Cure|p1b: Chandelure\n|-supereffective|p1b: Chandelure\n|-damage|p1b: Chandelure|0 fnt\n|faint|p1b: Chandelure\n|move|p1a: Chimecho|Encore|p2a: Pelipper\n|-start|p2a: Pelipper|Encore\n|move|p2a: Pelipper|Protect||[still]\n|-fail|p2a: Pelipper\n|\n|-weather|RainDance|[upkeep]\n|-heal|p2b: Garganacl|82\/100|[from] Grassy Terrain\n|-heal|p2b: Garganacl|88\/100|[from] item: Leftovers\n|upkeep\n|\n|t:|1697391502\n|switch|p1b: Palafin|Palafin-Hero, F|100\/100\n|-damage|p1b: Palafin|88\/100|[from] Stealth Rock\n|-activate|p1b: Palafin|ability: Zero to Hero\n|turn|15\n|\n|t:|1697391517\n|move|p1a: Chimecho|Helping Hand|p1b: Palafin\n|-singleturn|p1b: Palafin|Helping Hand|[of] p1a: Chimecho\n|move|p2a: Pelipper|Protect|p2a: Pelipper\n|-singleturn|p2a: Pelipper|Protect\n|move|p2b: Garganacl|Salt Cure|p1b: Palafin\n|-damage|p1b: Palafin|77\/100\n|-start|p1b: Palafin|Salt Cure\n|move|p1b: Palafin|Wave Crash|p2b: Garganacl\n|-supereffective|p2b: Garganacl\n|-damage|p2b: Garganacl|0 fnt\n|faint|p2b: Garganacl\n|-damage|p1b: Palafin|48\/100|[from] Recoil\n|\n|-weather|RainDance|[upkeep]\n|-heal|p1b: Palafin|54\/100|[from] Grassy Terrain\n|-damage|p1b: Palafin|29\/100|[from] Salt Cure\n|-fieldend|move: Trick Room\n|-fieldend|move: Grassy Terrain\n|upkeep\n|\n|t:|1697391533\n|switch|p2b: Rillaboom|Rillaboom, F|47\/100\n|-fieldstart|move: Grassy Terrain|[from] ability: Grassy Surge|[of] p2b: Rillaboom\n|turn|16\n|\n|t:|1697391545\n|move|p2a: Pelipper|Protect||[still]\n|-fail|p2a: Pelipper\n|move|p2b: Rillaboom|Grassy Glide|p1b: Palafin\n|-supereffective|p1b: Palafin\n|-damage|p1b: Palafin|0 fnt\n|faint|p1b: Palafin\n|move|p1a: Chimecho|Trick Room|p1a: Chimecho\n|-fieldstart|move: Trick Room|[of] p1a: Chimecho\n|\n|-weather|RainDance|[upkeep]\n|-heal|p2b: Rillaboom|53\/100|[from] Grassy Terrain\n|-end|p2a: Pelipper|Encore\n|upkeep\n|\n|t:|1697391549\n|switch|p1b: Ursaluna|Ursaluna, M|20\/100 brn\n|-damage|p1b: Ursaluna|14\/100 brn|[from] Stealth Rock\n|turn|17\n|\n|t:|1697391568\n|move|p1b: Ursaluna|Protect|p1b: Ursaluna\n|-singleturn|p1b: Ursaluna|Protect\n|move|p2b: Rillaboom|Grassy Glide|p1b: Ursaluna\n|-activate|p1b: Ursaluna|move: Protect\n|move|p1a: Chimecho|Encore|p2a: Pelipper\n|-start|p2a: Pelipper|Encore\n|move|p2a: Pelipper|Protect||[still]\n|-fail|p2a: Pelipper\n|\n|-weather|RainDance|[upkeep]\n|-heal|p1b: Ursaluna|20\/100 brn|[from] Grassy Terrain\n|-heal|p2b: Rillaboom|59\/100|[from] Grassy Terrain\n|-damage|p1b: Ursaluna|14\/100 brn|[from] brn\n|upkeep\n|turn|18\n|\n|t:|1697391581\n|move|p2a: Pelipper|Protect|p2a: Pelipper\n|-singleturn|p2a: Pelipper|Protect\n|move|p1a: Chimecho|Ally Switch|p1a: Chimecho\n|swap|p1a: Chimecho|1|[from] move: Ally Switch\n|move|p2b: Rillaboom|Grassy Glide|p1b: Chimecho\n|-damage|p1b: Chimecho|29\/100\n|move|p1a: Ursaluna|Facade|p2b: Rillaboom\n|-damage|p2b: Rillaboom|0 fnt\n|faint|p2b: Rillaboom\n|\n|-weather|RainDance|[upkeep]\n|-heal|p1a: Ursaluna|20\/100 brn|[from] Grassy Terrain\n|-damage|p1a: Ursaluna|14\/100 brn|[from] brn\n|upkeep\n|turn|19\n|\n|t:|1697391590\n|move|p1b: Chimecho|Helping Hand|p1a: Ursaluna\n|-singleturn|p1a: Ursaluna|Helping Hand|[of] p1b: Chimecho\n|move|p2a: Pelipper|Protect||[still]\n|-fail|p2a: Pelipper\n|move|p1a: Ursaluna|Facade|p2a: Pelipper\n|-damage|p2a: Pelipper|0 fnt\n|faint|p2a: Pelipper\n|\n|win|BlackLeague\n|raw|BlackLeague's rating: 1340 &rarr; <strong>1366<\/strong><br \/>(+26 for winning)\n|raw|Joecheve13's rating: 1453 &rarr; <strong>1427<\/strong><br \/>(-26 for losing)\n|c|\u2606BlackLeague|gg\n|l|\u2606Joecheve13\n","uploadtime":1697391601,"views":16,"p1id":"blackleague","p2id":"joecheve13","formatid":"gen9doublesou","rating":1366,"private":0,"password":""}