{"id":"gen9doublesou-1974997681","p1":"DingTest","p2":"cookieABC","format":"[Gen 9] Doubles OU","log":"|j|\u2606DingTest\n|j|\u2606cookieABC\n|t:|1698153481\n|gametype|doubles\n|player|p1|DingTest|dawn-gen4pt|1119\n|player|p2|cookieABC|cynthia-gen4|1000\n|teamsize|p1|6\n|teamsize|p2|6\n|gen|9\n|tier|[Gen 9] Doubles OU\n|rated|\n|rule|Species Clause: Limit one of each Pok\u00e9mon\n|rule|OHKO Clause: OHKO moves are banned\n|rule|Evasion Moves Clause: Evasion moves are banned\n|rule|Gravity Sleep Clause: The combination of sleep-inducing moves with imperfect accuracy and Gravity or Gigantamax Orbeetle are banned\n|rule|Endless Battle Clause: Forcing endless battles is banned\n|rule|HP Percentage Mod: HP is shown in percentages\n|clearpoke\n|poke|p1|Chien-Pao|\n|poke|p1|Tornadus, M|\n|poke|p1|Dragonite, M|\n|poke|p1|Chi-Yu|\n|poke|p1|Flutter Mane|\n|poke|p1|Landorus, M|\n|poke|p2|Polteageist-Antique|\n|poke|p2|Ogerpon-Cornerstone, F|\n|poke|p2|Ribombee, F|\n|poke|p2|Diancie|\n|poke|p2|Garganacl, M|\n|poke|p2|Flutter Mane|\n|teampreview\n|inactive|Battle timer is ON: inactive players will automatically lose when time's up. (requested by DingTest)\n|inactive|DingTest has 120 seconds left.\n|inactive|cookieABC has 120 seconds left.\n|\n|t:|1698153524\n|start\n|switch|p1a: Dragonite|Dragonite, M, shiny|100\/100\n|switch|p1b: Tornadus|Tornadus, M|100\/100\n|switch|p2a: Ribombee|Ribombee, F, shiny|100\/100\n|switch|p2b: Diancie|Diancie, shiny|100\/100\n|turn|1\n|\n|t:|1698153547\n|move|p1b: Tornadus|Taunt|p2a: Ribombee\n|-start|p2a: Ribombee|move: Taunt\n|cant|p2a: Ribombee|move: Taunt|Sticky Web\n|move|p1a: Dragonite|Iron Head|p2b: Diancie\n|-supereffective|p2b: Diancie\n|-damage|p2b: Diancie|0 fnt\n|faint|p2b: Diancie\n|\n|upkeep\n|\n|t:|1698153577\n|switch|p2b: Garganacl|Garganacl, M, shiny|100\/100\n|turn|2\n|\n|t:|1698153594\n|move|p2a: Ribombee|Bug Buzz|p1a: Dragonite\n|-resisted|p1a: Dragonite\n|-crit|p1a: Dragonite\n|-damage|p1a: Dragonite|79\/100\n|-unboost|p1a: Dragonite|spd|1\n|move|p1b: Tornadus|Bleakwind Storm|p2a: Ribombee|[spread] p2a,p2b\n|-supereffective|p2a: Ribombee\n|-resisted|p2b: Garganacl\n|-damage|p2a: Ribombee|0 fnt\n|-damage|p2b: Garganacl|89\/100\n|-unboost|p2b: Garganacl|spe|1\n|faint|p2a: Ribombee\n|move|p1a: Dragonite|Iron Head|p2b: Garganacl\n|-supereffective|p2b: Garganacl\n|-damage|p2b: Garganacl|23\/100\n|cant|p2b: Garganacl|flinch\n|\n|-heal|p2b: Garganacl|29\/100|[from] item: Leftovers\n|upkeep\n|\n|t:|1698153604\n|switch|p2a: Flutter Mane|Flutter Mane, shiny|100\/100\n|-enditem|p2a: Flutter Mane|Booster Energy\n|-activate|p2a: Flutter Mane|ability: Protosynthesis|[fromitem]\n|-start|p2a: Flutter Mane|protosynthesisspe\n|turn|3\n|inactive|DingTest has 120 seconds left.\n|inactive|DingTest has 90 seconds left.\n|\n|t:|1698153668\n|-terastallize|p1a: Dragonite|Normal\n|move|p1b: Tornadus|Tailwind|p1b: Tornadus\n|-sidestart|p1: DingTest|move: Tailwind\n|move|p2a: Flutter Mane|Moonblast|p1a: Dragonite\n|-damage|p1a: Dragonite|1\/100\n|move|p1a: Dragonite|Iron Head|p2a: Flutter Mane\n|-supereffective|p2a: Flutter Mane\n|-damage|p2a: Flutter Mane|0 fnt\n|faint|p2a: Flutter Mane\n|-end|p2a: Flutter Mane|Protosynthesis|[silent]\n|move|p2b: Garganacl|Iron Defense|p2b: Garganacl\n|-boost|p2b: Garganacl|def|2\n|\n|-heal|p2b: Garganacl|36\/100|[from] item: Leftovers\n|upkeep\n|\n|t:|1698153676\n|switch|p2a: Ogerpon|Ogerpon-Cornerstone, F|100\/100\n|turn|4\n|\n|t:|1698153688\n|move|p1b: Tornadus|Bleakwind Storm|p2b: Garganacl|[spread] p2a\n|-miss|p1b: Tornadus|p2b: Garganacl\n|-damage|p2a: Ogerpon|59\/100\n|move|p1a: Dragonite|Iron Head|p2b: Garganacl\n|-supereffective|p2b: Garganacl\n|-damage|p2b: Garganacl|4\/100\n|move|p2a: Ogerpon|Ivy Cudgel|p1b: Tornadus\n|-supereffective|p1b: Tornadus\n|-crit|p1b: Tornadus\n|-enditem|p1b: Tornadus|Focus Sash\n|-damage|p1b: Tornadus|1\/100\n|cant|p2b: Garganacl|flinch\n|\n|-heal|p2b: Garganacl|11\/100|[from] item: Leftovers\n|upkeep\n|turn|5\n|\n|t:|1698153706\n|move|p1b: Tornadus|Bleakwind Storm|p2b: Garganacl|[spread] p2a,p2b\n|-resisted|p2b: Garganacl\n|-damage|p2a: Ogerpon|14\/100\n|-damage|p2b: Garganacl|0 fnt\n|faint|p2b: Garganacl\n|move|p1a: Dragonite|Iron Head|p2a: Ogerpon\n|-supereffective|p2a: Ogerpon\n|-damage|p2a: Ogerpon|0 fnt\n|faint|p2a: Ogerpon\n|\n|upkeep\n|\n|t:|1698153710\n|switch|p2a: Polteageist|Polteageist-Antique, shiny|100\/100\n|turn|6\n|\n|t:|1698153719\n|-terastallize|p2a: Polteageist|Ghost\n|move|p1b: Tornadus|Taunt|p2a: Polteageist\n|-start|p2a: Polteageist|move: Taunt\n|move|p1a: Dragonite|Iron Head|p2a: Polteageist\n|-damage|p2a: Polteageist|13\/100\n|-ability|p2a: Polteageist|Weak Armor|boost\n|-unboost|p2a: Polteageist|def|1\n|-boost|p2a: Polteageist|spe|2\n|-enditem|p2a: Polteageist|White Herb\n|-clearnegativeboost|p2a: Polteageist|[silent]\n|cant|p2a: Polteageist|move: Taunt|Shell Smash\n|\n|-sideend|p1: DingTest|move: Tailwind\n|upkeep\n|turn|7\n|\n|t:|1698153744\n|move|p1b: Tornadus|Tailwind|p1b: Tornadus\n|-sidestart|p1: DingTest|move: Tailwind\n|move|p2a: Polteageist|Giga Drain|p1a: Dragonite\n|-damage|p1a: Dragonite|0 fnt\n|-heal|p2a: Polteageist|14\/100|[from] drain|[of] p1a: Dragonite\n|faint|p1a: Dragonite\n|\n|upkeep\n|\n|t:|1698153757\n|switch|p1a: Landorus|Landorus, M|100\/100\n|turn|8\n|\n|t:|1698153768\n|move|p1b: Tornadus|Bleakwind Storm|p2a: Polteageist\n|-damage|p2a: Polteageist|0 fnt\n|faint|p2a: Polteageist\n|\n|win|DingTest\n|raw|DingTest's rating: 1119 &rarr; <strong>1136<\/strong><br \/>(+17 for winning)\n|raw|cookieABC's rating: 1000 &rarr; <strong>1000<\/strong><br \/>(+0 for losing)\n|l|\u2606cookieABC\n","uploadtime":1698153776,"views":24,"p1id":"dingtest","p2id":"cookieabc","formatid":"gen9doublesou","rating":1000,"private":0,"password":""}