{"id":"gen9doublesou-1989116942","p1":"Kelp5854","p2":"OPieceOfHeroGhost","format":"[Gen 9] Doubles OU","log":"|j|\u2606Kelp5854\n|j|\u2606OPieceOfHeroGhost\n|t:|1699814046\n|gametype|doubles\n|player|p1|Kelp5854|brawly|1347\n|player|p2|OPieceOfHeroGhost|morty|1501\n|teamsize|p1|6\n|teamsize|p2|6\n|gen|9\n|tier|[Gen 9] Doubles OU\n|rated|\n|rule|Species Clause: Limit one of each Pok\u00e9mon\n|rule|OHKO Clause: OHKO moves are banned\n|rule|Evasion Moves Clause: Evasion moves are banned\n|rule|Gravity Sleep Clause: The combination of sleep-inducing moves with imperfect accuracy and Gravity or Gigantamax Orbeetle are banned\n|rule|Endless Battle Clause: Forcing endless battles is banned\n|rule|HP Percentage Mod: HP is shown in percentages\n|clearpoke\n|poke|p1|Iron Bundle|\n|poke|p1|Iron Moth|\n|poke|p1|Goodra-Hisui, M|\n|poke|p1|Thundurus, M|\n|poke|p1|Dragonite, F|\n|poke|p1|Iron Leaves|\n|poke|p2|Amoonguss, M|\n|poke|p2|Volcanion|\n|poke|p2|Iron Hands|\n|poke|p2|Flutter Mane|\n|poke|p2|Landorus-Therian, M|\n|poke|p2|Rillaboom, F|\n|teampreview\n|\n|t:|1699814065\n|start\n|switch|p1a: Dragonite|Dragonite, F, shiny|100\/100\n|switch|p1b: Iron Bundle|Iron Bundle|100\/100\n|switch|p2a: \u5de8\u722a\u7f57\u65af|Landorus-Therian, M|100\/100\n|switch|p2b: \u95ea\u7535\u4e94\u8fde\u62f3|Iron Hands|100\/100\n|-ability|p2a: \u5de8\u722a\u7f57\u65af|Intimidate|boost\n|-unboost|p1a: Dragonite|atk|1\n|-unboost|p1b: Iron Bundle|atk|1\n|turn|1\n|\n|t:|1699814082\n|-terastallize|p1a: Dragonite|Ghost\n|move|p1b: Iron Bundle|Protect|p1b: Iron Bundle\n|-singleturn|p1b: Iron Bundle|Protect\n|move|p2b: \u95ea\u7535\u4e94\u8fde\u62f3|Fake Out|p1b: Iron Bundle\n|-activate|p1b: Iron Bundle|move: Protect\n|move|p1a: Dragonite|Earthquake|p2a: \u5de8\u722a\u7f57\u65af|[spread] p2b\n|-activate|p1b: Iron Bundle|move: Protect\n|-immune|p2a: \u5de8\u722a\u7f57\u65af\n|-supereffective|p2b: \u95ea\u7535\u4e94\u8fde\u62f3\n|-damage|p2b: \u95ea\u7535\u4e94\u8fde\u62f3|75\/100\n|move|p2a: \u5de8\u722a\u7f57\u65af|Rock Slide|p1b: Iron Bundle|[spread] p1a\n|-activate|p1b: Iron Bundle|move: Protect\n|-damage|p1a: Dragonite|89\/100\n|\n|upkeep\n|turn|2\n|\n|t:|1699814117\n|-end|p1b: Iron Bundle|Quark Drive|[silent]\n|switch|p1b: Iron Leaves|Iron Leaves|100\/100\n|-enditem|p1b: Iron Leaves|Booster Energy\n|-activate|p1b: Iron Leaves|ability: Quark Drive|[fromitem]\n|-start|p1b: Iron Leaves|quarkdriveatk\n|switch|p2a: \u8fd9\u4e2a\u5df4\u5c14\u51ef\u5c3c\u6069\u5ae9\u5e72\u4ec0\u4e48\uff1f|Volcanion|100\/100\n|move|p1a: Dragonite|Ice Spinner|p2a: \u8fd9\u4e2a\u5df4\u5c14\u51ef\u5c3c\u6069\u5ae9\u5e72\u4ec0\u4e48\uff1f\n|-resisted|p2a: \u8fd9\u4e2a\u5df4\u5c14\u51ef\u5c3c\u6069\u5ae9\u5e72\u4ec0\u4e48\uff1f\n|-damage|p2a: \u8fd9\u4e2a\u5df4\u5c14\u51ef\u5c3c\u6069\u5ae9\u5e72\u4ec0\u4e48\uff1f|97\/100\n|move|p2b: \u95ea\u7535\u4e94\u8fde\u62f3|Drain Punch|p1b: Iron Leaves\n|-resisted|p1b: Iron Leaves\n|-damage|p1b: Iron Leaves|79\/100\n|-heal|p2b: \u95ea\u7535\u4e94\u8fde\u62f3|83\/100|[from] drain|[of] p1b: Iron Leaves\n|\n|upkeep\n|turn|3\n|\n|t:|1699814145\n|move|p1b: Iron Leaves|Psyblade|p2b: \u95ea\u7535\u4e94\u8fde\u62f3\n|-supereffective|p2b: \u95ea\u7535\u4e94\u8fde\u62f3\n|-crit|p2b: \u95ea\u7535\u4e94\u8fde\u62f3\n|-damage|p2b: \u95ea\u7535\u4e94\u8fde\u62f3|0 fnt\n|faint|p2b: \u95ea\u7535\u4e94\u8fde\u62f3\n|-end|p2b: \u95ea\u7535\u4e94\u8fde\u62f3|Quark Drive|[silent]\n|move|p1a: Dragonite|Tailwind|p1a: Dragonite\n|-sidestart|p1: Kelp5854|move: Tailwind\n|move|p2a: \u8fd9\u4e2a\u5df4\u5c14\u51ef\u5c3c\u6069\u5ae9\u5e72\u4ec0\u4e48\uff1f|Sludge Bomb|p1b: Iron Leaves\n|-supereffective|p1b: Iron Leaves\n|-damage|p1b: Iron Leaves|24\/100\n|\n|upkeep\n|\n|t:|1699814161\n|switch|p2b: \u62cd\u6253\u7329|Rillaboom, F|100\/100\n|-fieldstart|move: Grassy Terrain|[from] ability: Grassy Surge|[of] p2b: \u62cd\u6253\u7329\n|turn|4\n|\n|t:|1699814172\n|move|p2b: \u62cd\u6253\u7329|Fake Out|p1b: Iron Leaves\n|-damage|p1b: Iron Leaves|8\/100\n|cant|p1b: Iron Leaves|flinch\n|move|p1a: Dragonite|Ice Spinner|p2b: \u62cd\u6253\u7329\n|-supereffective|p2b: \u62cd\u6253\u7329\n|-damage|p2b: \u62cd\u6253\u7329|61\/100\n|-fieldend|move: Grassy Terrain\n|move|p2a: \u8fd9\u4e2a\u5df4\u5c14\u51ef\u5c3c\u6069\u5ae9\u5e72\u4ec0\u4e48\uff1f|Sludge Bomb|p1b: Iron Leaves\n|-supereffective|p1b: Iron Leaves\n|-damage|p1b: Iron Leaves|0 fnt\n|faint|p1b: Iron Leaves\n|-end|p1b: Iron Leaves|Quark Drive|[silent]\n|\n|upkeep\n|\n|t:|1699814184\n|switch|p1b: Thundurus|Thundurus, M|100\/100\n|turn|5\n|\n|t:|1699814202\n|switch|p2b: \u80cc\u5f71\u6700\u5e05\u7684\u7834\u58f3\u68a6|Amoonguss, M|100\/100\n|move|p1b: Thundurus|Wildbolt Storm|p2a: \u8fd9\u4e2a\u5df4\u5c14\u51ef\u5c3c\u6069\u5ae9\u5e72\u4ec0\u4e48\uff1f|[spread] p2a,p2b\n|-supereffective|p2a: \u8fd9\u4e2a\u5df4\u5c14\u51ef\u5c3c\u6069\u5ae9\u5e72\u4ec0\u4e48\uff1f\n|-resisted|p2b: \u80cc\u5f71\u6700\u5e05\u7684\u7834\u58f3\u68a6\n|-damage|p2a: \u8fd9\u4e2a\u5df4\u5c14\u51ef\u5c3c\u6069\u5ae9\u5e72\u4ec0\u4e48\uff1f|51\/100\n|-damage|p2b: \u80cc\u5f71\u6700\u5e05\u7684\u7834\u58f3\u68a6|85\/100\n|move|p1a: Dragonite|Earthquake|p2a: \u8fd9\u4e2a\u5df4\u5c14\u51ef\u5c3c\u6069\u5ae9\u5e72\u4ec0\u4e48\uff1f|[spread] p2a,p2b\n|-immune|p1b: Thundurus\n|-supereffective|p2a: \u8fd9\u4e2a\u5df4\u5c14\u51ef\u5c3c\u6069\u5ae9\u5e72\u4ec0\u4e48\uff1f\n|-crit|p2b: \u80cc\u5f71\u6700\u5e05\u7684\u7834\u58f3\u68a6\n|-damage|p2a: \u8fd9\u4e2a\u5df4\u5c14\u51ef\u5c3c\u6069\u5ae9\u5e72\u4ec0\u4e48\uff1f|21\/100\n|-damage|p2b: \u80cc\u5f71\u6700\u5e05\u7684\u7834\u58f3\u68a6|55\/100\n|move|p2a: \u8fd9\u4e2a\u5df4\u5c14\u51ef\u5c3c\u6069\u5ae9\u5e72\u4ec0\u4e48\uff1f|Steam Eruption|p1b: Thundurus\n|-damage|p1b: Thundurus|19\/100\n|-status|p1b: Thundurus|brn\n|\n|-damage|p1b: Thundurus|13\/100 brn|[from] brn\n|upkeep\n|turn|6\n|\n|t:|1699814231\n|switch|p2b: \u5de8\u722a\u7f57\u65af|Landorus-Therian, M|100\/100\n|-ability|p2b: \u5de8\u722a\u7f57\u65af|Intimidate|boost\n|-unboost|p1a: Dragonite|atk|1\n|-unboost|p1b: Thundurus|atk|1\n|move|p1b: Thundurus|Wildbolt Storm|p2a: \u8fd9\u4e2a\u5df4\u5c14\u51ef\u5c3c\u6069\u5ae9\u5e72\u4ec0\u4e48\uff1f|[spread] p2a\n|-immune|p2b: \u5de8\u722a\u7f57\u65af\n|-supereffective|p2a: \u8fd9\u4e2a\u5df4\u5c14\u51ef\u5c3c\u6069\u5ae9\u5e72\u4ec0\u4e48\uff1f\n|-damage|p2a: \u8fd9\u4e2a\u5df4\u5c14\u51ef\u5c3c\u6069\u5ae9\u5e72\u4ec0\u4e48\uff1f|0 fnt\n|faint|p2a: \u8fd9\u4e2a\u5df4\u5c14\u51ef\u5c3c\u6069\u5ae9\u5e72\u4ec0\u4e48\uff1f\n|move|p1a: Dragonite|Earthquake|p2b: \u5de8\u722a\u7f57\u65af|[spread] \n|-immune|p1b: Thundurus\n|-immune|p2b: \u5de8\u722a\u7f57\u65af\n|\n|-damage|p1b: Thundurus|8\/100 brn|[from] brn\n|-sideend|p1: Kelp5854|move: Tailwind\n|upkeep\n|\n|t:|1699814247\n|switch|p2a: \u53d1\u59d0\u725b\u903c|Flutter Mane|100\/100\n|turn|7\n|\n|t:|1699814260\n|switch|p1b: Iron Bundle|Iron Bundle|100\/100\n|switch|p1a: Goodra|Goodra-Hisui, M|100\/100\n|move|p2a: \u53d1\u59d0\u725b\u903c|Shadow Ball|p1a: Goodra\n|-damage|p1a: Goodra|59\/100\n|move|p2b: \u5de8\u722a\u7f57\u65af|Rock Slide|p1b: Iron Bundle|[spread] p1a,p1b\n|-resisted|p1a: Goodra\n|-supereffective|p1b: Iron Bundle\n|-damage|p1a: Goodra|51\/100\n|-damage|p1b: Iron Bundle|44\/100\n|\n|-heal|p1a: Goodra|57\/100|[from] item: Leftovers\n|upkeep\n|turn|8\n|\n|t:|1699814300\n|-end|p2a: \u53d1\u59d0\u725b\u903c|Protosynthesis|[silent]\n|switch|p2a: \u62cd\u6253\u7329|Rillaboom, F|61\/100\n|-fieldstart|move: Grassy Terrain|[from] ability: Grassy Surge|[of] p2a: \u62cd\u6253\u7329\n|move|p2b: \u5de8\u722a\u7f57\u65af|Protect|p2b: \u5de8\u722a\u7f57\u65af\n|-singleturn|p2b: \u5de8\u722a\u7f57\u65af|Protect\n|move|p1b: Iron Bundle|Ice Beam|p2b: \u5de8\u722a\u7f57\u65af\n|-activate|p2b: \u5de8\u722a\u7f57\u65af|move: Protect\n|move|p1a: Goodra|Heavy Slam|p2a: \u62cd\u6253\u7329\n|-damage|p2a: \u62cd\u6253\u7329|33\/100\n|\n|-heal|p1b: Iron Bundle|50\/100|[from] Grassy Terrain\n|-heal|p2a: \u62cd\u6253\u7329|39\/100|[from] Grassy Terrain\n|-heal|p1a: Goodra|63\/100|[from] Grassy Terrain\n|-heal|p1a: Goodra|69\/100|[from] item: Leftovers\n|upkeep\n|turn|9\n|\n|t:|1699814322\n|move|p1b: Iron Bundle|Protect|p1b: Iron Bundle\n|-singleturn|p1b: Iron Bundle|Protect\n|move|p1a: Goodra|Protect|p1a: Goodra\n|-singleturn|p1a: Goodra|Protect\n|move|p2a: \u62cd\u6253\u7329|Fake Out|p1b: Iron Bundle\n|-activate|p1b: Iron Bundle|move: Protect\n|move|p2b: \u5de8\u722a\u7f57\u65af|Rock Slide|p1b: Iron Bundle|[spread] \n|-activate|p1a: Goodra|move: Protect\n|-activate|p1b: Iron Bundle|move: Protect\n|\n|-heal|p1b: Iron Bundle|56\/100|[from] Grassy Terrain\n|-heal|p2a: \u62cd\u6253\u7329|45\/100|[from] Grassy Terrain\n|-heal|p1a: Goodra|75\/100|[from] Grassy Terrain\n|-heal|p1a: Goodra|82\/100|[from] item: Leftovers\n|upkeep\n|turn|10\n|\n|t:|1699814362\n|move|p2a: \u62cd\u6253\u7329|Grassy Glide|p1b: Iron Bundle\n|-supereffective|p1b: Iron Bundle\n|-damage|p1b: Iron Bundle|0 fnt\n|faint|p1b: Iron Bundle\n|-end|p1b: Iron Bundle|Quark Drive|[silent]\n|move|p2b: \u5de8\u722a\u7f57\u65af|Stomping Tantrum|p1a: Goodra\n|-supereffective|p1a: Goodra\n|-crit|p1a: Goodra\n|-damage|p1a: Goodra|0 fnt\n|-ability|p1a: Goodra|Gooey\n|-fail|p2b: \u5de8\u722a\u7f57\u65af|unboost|[from] item: Clear Amulet|[of] p2b: \u5de8\u722a\u7f57\u65af\n|faint|p1a: Goodra\n|\n|-heal|p2a: \u62cd\u6253\u7329|52\/100|[from] Grassy Terrain\n|upkeep\n|\n|t:|1699814383\n|switch|p1b: Thundurus|Thundurus, M|8\/100 brn\n|switch|p1a: Iron Moth|Iron Moth|100\/100\n|turn|11\n|\n|t:|1699814396\n|move|p2a: \u62cd\u6253\u7329|Grassy Glide|p1b: Thundurus\n|-resisted|p1b: Thundurus\n|-damage|p1b: Thundurus|0 fnt\n|faint|p1b: Thundurus\n|move|p1a: Iron Moth|Heat Wave|p2b: \u5de8\u722a\u7f57\u65af|[spread] p2a,p2b\n|-supereffective|p2a: \u62cd\u6253\u7329\n|-damage|p2a: \u62cd\u6253\u7329|0 fnt\n|-damage|p2b: \u5de8\u722a\u7f57\u65af|68\/100\n|faint|p2a: \u62cd\u6253\u7329\n|move|p2b: \u5de8\u722a\u7f57\u65af|Stomping Tantrum|p1a: Iron Moth\n|-supereffective|p1a: Iron Moth\n|-damage|p1a: Iron Moth|0 fnt\n|faint|p1a: Iron Moth\n|-end|p1a: Iron Moth|Quark Drive|[silent]\n|\n|upkeep\n|\n|t:|1699814415\n|switch|p1b: Dragonite|Dragonite, F, shiny, tera:Ghost|89\/100\n|switch|p2a: \u53d1\u59d0\u725b\u903c|Flutter Mane|100\/100\n|turn|12\n|\n|t:|1699814424\n|move|p2a: \u53d1\u59d0\u725b\u903c|Shadow Ball|p1b: Dragonite\n|-supereffective|p1b: Dragonite\n|-damage|p1b: Dragonite|0 fnt\n|faint|p1b: Dragonite\n|\n|win|OPieceOfHeroGhost\n|raw|Kelp5854's rating: 1347 &rarr; <strong>1335<\/strong><br \/>(-12 for losing)\n|raw|OPieceOfHeroGhost's rating: 1501 &rarr; <strong>1513<\/strong><br \/>(+12 for winning)\n|l|\u2606Kelp5854\n","uploadtime":1699814431,"views":10,"p1id":"kelp5854","p2id":"opieceofheroghost","formatid":"gen9doublesou","rating":1335,"private":0,"password":""}