{"id":"gen9doublesou-1994611370","p1":"S3vxn","p2":"PikaPolloDVMella","format":"[Gen 9] Doubles OU","log":"|j|\u2606S3vxn\n|j|\u2606PikaPolloDVMella\n|t:|1700469110\n|gametype|doubles\n|player|p1|S3vxn|102|1172\n|player|p2|PikaPolloDVMella|265|1230\n|teamsize|p1|6\n|teamsize|p2|6\n|gen|9\n|tier|[Gen 9] Doubles OU\n|rated|\n|rule|Species Clause: Limit one of each Pok\u00e9mon\n|rule|OHKO Clause: OHKO moves are banned\n|rule|Evasion Moves Clause: Evasion moves are banned\n|rule|Gravity Sleep Clause: The combination of sleep-inducing moves with imperfect accuracy and Gravity or Gigantamax Orbeetle are banned\n|rule|Endless Battle Clause: Forcing endless battles is banned\n|rule|HP Percentage Mod: HP is shown in percentages\n|clearpoke\n|poke|p1|Armarouge, M|\n|poke|p1|Indeedee-F, F|\n|poke|p1|Sinistcha-Masterpiece|\n|poke|p1|Volbeat, M|\n|poke|p1|Kingambit, M|\n|poke|p1|Amoonguss, F|\n|poke|p2|Armarouge, M|\n|poke|p2|Sneasler, M|\n|poke|p2|Indeedee-F, F|\n|poke|p2|Kleavor, M|\n|poke|p2|Mimikyu, F|\n|poke|p2|Chien-Pao|\n|teampreview\n|inactive|Battle timer is ON: inactive players will automatically lose when time's up. (requested by S3vxn)\n|j| Khwoeuwu\n|inactive|PikaPolloDVMella has 120 seconds left.\n|\n|t:|1700469151\n|start\n|switch|p1a: Amoonguss|Amoonguss, F|100\/100\n|switch|p1b: Volbeat|Volbeat, M|100\/100\n|switch|p2a: Sneasler|Sneasler, M|100\/100\n|switch|p2b: Chien-Pao|Chien-Pao|100\/100\n|-ability|p2b: Chien-Pao|Sword of Ruin\n|turn|1\n|\n|t:|1700469169\n|move|p2a: Sneasler|Protect|p2a: Sneasler\n|-singleturn|p2a: Sneasler|Protect\n|move|p1a: Amoonguss|Rage Powder|p1a: Amoonguss\n|-singleturn|p1a: Amoonguss|move: Rage Powder\n|move|p1b: Volbeat|Tail Glow|p1b: Volbeat\n|-boost|p1b: Volbeat|spa|3\n|move|p2b: Chien-Pao|Icicle Crash|p1a: Amoonguss\n|-supereffective|p1a: Amoonguss\n|-damage|p1a: Amoonguss|0 fnt\n|faint|p1a: Amoonguss\n|-damage|p2b: Chien-Pao|91\/100|[from] item: Life Orb\n|\n|upkeep\n|\n|t:|1700469177\n|switch|p1a: Indeedee|Indeedee-F, F|100\/100\n|-fieldstart|move: Psychic Terrain|[from] ability: Psychic Surge|[of] p1a: Indeedee\n|-enditem|p2a: Sneasler|Psychic Seed\n|-boost|p2a: Sneasler|spd|1|[from] item: Psychic Seed\n|turn|2\n|\n|t:|1700469193\n|move|p1a: Indeedee|Follow Me|p1a: Indeedee\n|-singleturn|p1a: Indeedee|move: Follow Me\n|move|p1b: Volbeat|Baton Pass|p1b: Volbeat\n|\n|t:|1700469200\n|switch|p1b: Armarouge|Armarouge, M|100\/100|[from] Baton Pass\n|move|p2a: Sneasler|Rock Slide|p1a: Indeedee|[spread] p1a,p1b\n|-supereffective|p1b: Armarouge\n|-damage|p1a: Indeedee|70\/100\n|-damage|p1b: Armarouge|45\/100\n|-ability|p1b: Armarouge|Weak Armor|boost\n|-unboost|p1b: Armarouge|def|1\n|-boost|p1b: Armarouge|spe|2\n|-enditem|p1b: Armarouge|Weakness Policy\n|-boost|p1b: Armarouge|atk|2|[from] item: Weakness Policy\n|-boost|p1b: Armarouge|spa|2|[from] item: Weakness Policy\n|move|p2b: Chien-Pao|Icicle Crash|p1a: Indeedee\n|-damage|p1a: Indeedee|0 fnt\n|faint|p1a: Indeedee\n|-damage|p2b: Chien-Pao|81\/100|[from] item: Life Orb\n|\n|upkeep\n|\n|t:|1700469224\n|switch|p1a: Sinistcha|Sinistcha-Masterpiece|100\/100\n|-heal|p1b: Armarouge|70\/100|[from] ability: Hospitality|[of] p1a: Sinistcha\n|turn|3\n|\n|t:|1700469244\n|move|p2a: Sneasler|Protect|p2a: Sneasler\n|-singleturn|p2a: Sneasler|Protect\n|move|p1b: Armarouge|Armor Cannon|p2b: Chien-Pao\n|-supereffective|p2b: Chien-Pao\n|-damage|p2b: Chien-Pao|0 fnt\n|-unboost|p1b: Armarouge|def|1\n|-unboost|p1b: Armarouge|spd|1\n|faint|p2b: Chien-Pao\n|move|p1a: Sinistcha|Matcha Gotcha|p2a: Sneasler\n|-activate|p2a: Sneasler|move: Protect\n|\n|upkeep\n|\n|t:|1700469263\n|switch|p2b: Mimikyu|Mimikyu, F, shiny|100\/100\n|turn|4\n|\n|t:|1700469275\n|move|p2a: Sneasler|Rock Slide|p1b: Armarouge|[spread] p1a\n|-miss|p2a: Sneasler|p1b: Armarouge\n|-damage|p1a: Sinistcha|77\/100\n|move|p1b: Armarouge|Expanding Force|p2a: Sneasler|[spread] p2a,p2b\n|-supereffective|p2a: Sneasler\n|-damage|p2a: Sneasler|0 fnt\n|-activate|p2b: Mimikyu|ability: Disguise\n|-damage|p2b: Mimikyu|100\/100\n|detailschange|p2b: Mimikyu|Mimikyu-Busted, F, shiny\n|-damage|p2b: Mimikyu|88\/100|[from] pokemon: Mimikyu-Busted\n|faint|p2a: Sneasler\n|move|p2b: Mimikyu|Shadow Claw|p1a: Sinistcha\n|-supereffective|p1a: Sinistcha\n|-damage|p1a: Sinistcha|8\/100\n|move|p1a: Sinistcha|Matcha Gotcha|p2b: Mimikyu|[miss]\n|-miss|p1a: Sinistcha|p2b: Mimikyu\n|\n|upkeep\n|inactive|PikaPolloDVMella has 120 seconds left.\n|\n|t:|1700469303\n|switch|p2a: Armarouge|Armarouge, M|100\/100\n|turn|5\n|\n|t:|1700469312\n|move|p2b: Mimikyu|Protect|p2b: Mimikyu\n|-singleturn|p2b: Mimikyu|Protect\n|move|p2a: Armarouge|Endure|p2a: Armarouge\n|-singleturn|p2a: Armarouge|move: Endure\n|move|p1b: Armarouge|Expanding Force|p2b: Mimikyu|[spread] p2a\n|-activate|p2b: Mimikyu|move: Protect\n|-resisted|p2a: Armarouge\n|-activate|p2a: Armarouge|move: Endure\n|-damage|p2a: Armarouge|1\/100\n|move|p1a: Sinistcha|Matcha Gotcha|p2b: Mimikyu|[spread] p2a\n|-activate|p2b: Mimikyu|move: Protect\n|-resisted|p2a: Armarouge\n|-activate|p2a: Armarouge|move: Endure\n|-damage|p2a: Armarouge|1\/100\n|-damage|p1a: Sinistcha|0 fnt|[from] item: Life Orb\n|faint|p1a: Sinistcha\n|\n|upkeep\n|\n|t:|1700469324\n|switch|p1a: Volbeat|Volbeat, M|100\/100\n|turn|6\n|\n|t:|1700469336\n|move|p2a: Armarouge|Wide Guard|p2a: Armarouge\n|-singleturn|p2a: Armarouge|Wide Guard\n|move|p1b: Armarouge|Expanding Force|p2a: Armarouge|[spread] \n|-activate|p2a: Armarouge|move: Wide Guard\n|-activate|p2b: Mimikyu|move: Wide Guard\n|move|p2b: Mimikyu|Shadow Claw|p1b: Armarouge\n|-supereffective|p1b: Armarouge\n|-damage|p1b: Armarouge|0 fnt\n|faint|p1b: Armarouge\n|move|p1a: Volbeat|Lunge|p2b: Mimikyu\n|-resisted|p2b: Mimikyu\n|-damage|p2b: Mimikyu|79\/100\n|-unboost|p2b: Mimikyu|atk|1\n|\n|upkeep\n|c|\u2606S3vxn|Wtf\n|c|\u2606S3vxn|what is this team\n|inactive|S3vxn has 120 seconds left.\n|-message|S3vxn forfeited.\n|\n|win|PikaPolloDVMella\n|raw|S3vxn's rating: 1172 &rarr; <strong>1151<\/strong><br \/>(-21 for losing)\n|raw|PikaPolloDVMella's rating: 1230 &rarr; <strong>1251<\/strong><br \/>(+21 for winning)\n|l|\u2606S3vxn\n|c|\u2606PikaPolloDVMella|gg\n","uploadtime":1700469404,"views":5,"p1id":"s3vxn","p2id":"pikapollodvmella","formatid":"gen9doublesou","rating":1151,"private":0,"password":""}