{"id":"gen9doublesou-1988465739","p1":"quintopeyton01","p2":"DreamyFleur","format":"[Gen 9] Doubles OU","log":"|j|\u2606quintopeyton01\n|j|\u2606DreamyFleur\n|inactive|Battle timer is ON: inactive players will automatically lose when time's up.\n|t:|1699725886\n|gametype|doubles\n|player|p1|quintopeyton01|266|\n|player|p2|DreamyFleur|tulip|\n|teamsize|p1|6\n|teamsize|p2|6\n|gen|9\n|tier|[Gen 9] Doubles OU\n|rated|Tournament battle\n|rule|Species Clause: Limit one of each Pok\u00e9mon\n|rule|OHKO Clause: OHKO moves are banned\n|rule|Evasion Moves Clause: Evasion moves are banned\n|rule|Gravity Sleep Clause: The combination of sleep-inducing moves with imperfect accuracy and Gravity or Gigantamax Orbeetle are banned\n|rule|Endless Battle Clause: Forcing endless battles is banned\n|rule|HP Percentage Mod: HP is shown in percentages\n|clearpoke\n|poke|p1|Sandshrew, F|\n|poke|p1|Milotic, F|\n|poke|p1|Hippopotas, F|\n|poke|p1|Delphox, M|\n|poke|p1|Gothorita, F|\n|poke|p1|Krokorok, M|\n|poke|p2|Dusclops, M|\n|poke|p2|Cufant, F|\n|poke|p2|Dragapult, F|\n|poke|p2|Clauncher, F|\n|poke|p2|Corviknight, F|\n|poke|p2|Spoink, F|\n|teampreview\n|j|*Lady Monita \u263d\n|inactive|DreamyFleur also wants the timer to be on.\n|c|\u2606quintopeyton01|glhf\n|c|\u2606DreamyFleur|u2\n|\n|t:|1699725909\n|start\n|switch|p1a: Hippopotas|Hippopotas, F|100\/100\n|switch|p1b: Sandshrew|Sandshrew, F|100\/100\n|switch|p2a: Cufant|Cufant, F, shiny|100\/100\n|switch|p2b: Clauncher|Clauncher, F, shiny|100\/100\n|-weather|Sandstorm|[from] ability: Sand Stream|[of] p1a: Hippopotas\n|turn|1\n|\n|t:|1699725932\n|move|p1b: Sandshrew|Knock Off|p2b: Clauncher\n|-damage|p2b: Clauncher|55\/100\n|-enditem|p2b: Clauncher|Eviolite|[from] move: Knock Off|[of] p1b: Sandshrew\n|move|p2b: Clauncher|Water Pulse|p1a: Hippopotas\n|-supereffective|p1a: Hippopotas\n|-damage|p1a: Hippopotas|16\/100\n|move|p2a: Cufant|Iron Head|p1b: Sandshrew\n|-damage|p1b: Sandshrew|37\/100\n|move|p1a: Hippopotas|Earthquake|p2b: Clauncher|[spread] p1b,p2a,p2b\n|-supereffective|p2a: Cufant\n|-damage|p1b: Sandshrew|3\/100\n|-damage|p2a: Cufant|52\/100\n|-damage|p2b: Clauncher|23\/100\n|\n|-weather|Sandstorm|[upkeep]\n|-damage|p2b: Clauncher|17\/100|[from] Sandstorm\n|upkeep\n|turn|2\n|\n|t:|1699725958\n|move|p1b: Sandshrew|Knock Off|p2b: Clauncher\n|-damage|p2b: Clauncher|0 fnt\n|faint|p2b: Clauncher\n|move|p2a: Cufant|Earthquake|p1a: Hippopotas|[spread] p1a,p1b\n|-damage|p1a: Hippopotas|5\/100\n|-damage|p1b: Sandshrew|0 fnt\n|faint|p1b: Sandshrew\n|move|p1a: Hippopotas|Slack Off|p1a: Hippopotas\n|-heal|p1a: Hippopotas|55\/100\n|\n|-weather|Sandstorm|[upkeep]\n|upkeep\n|\n|t:|1699725968\n|switch|p1b: Krokorok|Krokorok, M|100\/100\n|switch|p2b: Dragapult|Dragapult, F, shiny|100\/100\n|-ability|p1b: Krokorok|Intimidate|boost\n|-unboost|p2a: Cufant|atk|1\n|-fail|p2b: Dragapult|unboost|[from] ability: Clear Body|[of] p2b: Dragapult\n|turn|3\n|\n|t:|1699725981\n|switch|p2b: Corviknight|Corviknight, F, shiny|100\/100\n|move|p1b: Krokorok|Crunch|p2b: Corviknight\n|-damage|p2b: Corviknight|81\/100\n|move|p2a: Cufant|Play Rough|p1b: Krokorok\n|-supereffective|p1b: Krokorok\n|-enditem|p1b: Krokorok|Focus Sash\n|-damage|p1b: Krokorok|1\/100\n|move|p1a: Hippopotas|Yawn|p2b: Corviknight\n|-start|p2b: Corviknight|move: Yawn|[of] p1a: Hippopotas\n|\n|-weather|Sandstorm|[upkeep]\n|-heal|p2b: Corviknight|87\/100|[from] item: Leftovers\n|upkeep\n|turn|4\n|\n|t:|1699726003\n|switch|p2b: Dusclops|Dusclops, M, shiny|100\/100\n|-item|p1a: Hippopotas|Eviolite|[from] ability: Frisk|[of] p2b: Dusclops|[identify]\n|move|p1b: Krokorok|Crunch|p2a: Cufant\n|-damage|p2a: Cufant|13\/100\n|move|p2a: Cufant|Earthquake|p1a: Hippopotas|[spread] p2b,p1a,p1b\n|-damage|p2b: Dusclops|93\/100\n|-damage|p1a: Hippopotas|48\/100\n|-damage|p1b: Krokorok|0 fnt\n|faint|p1b: Krokorok\n|move|p1a: Hippopotas|Slack Off|p1a: Hippopotas\n|-heal|p1a: Hippopotas|98\/100\n|\n|-weather|Sandstorm|[upkeep]\n|-damage|p2b: Dusclops|87\/100|[from] Sandstorm\n|upkeep\n|inactive|quintopeyton01 has 120 seconds left.\n|\n|t:|1699726019\n|switch|p1b: Gothorita|Gothorita, F|100\/100\n|-item|p2a: Cufant|Eviolite|[from] ability: Frisk|[of] p1b: Gothorita|[identify]\n|-item|p2b: Dusclops|Eviolite|[from] ability: Frisk|[of] p1b: Gothorita|[identify]\n|turn|5\n|j| kaboom64\n|\n|t:|1699726031\n|move|p1b: Gothorita|Dark Pulse|p2b: Dusclops\n|-supereffective|p2b: Dusclops\n|-damage|p2b: Dusclops|63\/100\n|move|p2a: Cufant|Iron Head|p1b: Gothorita\n|-damage|p1b: Gothorita|61\/100\n|move|p1a: Hippopotas|Yawn|p2b: Dusclops\n|-start|p2b: Dusclops|move: Yawn|[of] p1a: Hippopotas\n|move|p2b: Dusclops|Will-O-Wisp|p1a: Hippopotas\n|-status|p1a: Hippopotas|brn\n|\n|-weather|none\n|-damage|p1a: Hippopotas|92\/100 brn|[from] brn\n|upkeep\n|turn|6\n|\n|t:|1699726047\n|switch|p2b: Corviknight|Corviknight, F, shiny|87\/100\n|move|p1b: Gothorita|Light Screen|p1b: Gothorita\n|-sidestart|p1: quintopeyton01|move: Light Screen\n|move|p2a: Cufant|Earthquake|p1b: Gothorita|[spread] p1a,p1b\n|-immune|p2b: Corviknight\n|-crit|p1a: Hippopotas\n|-damage|p1a: Hippopotas|74\/100 brn\n|-damage|p1b: Gothorita|42\/100\n|move|p1a: Hippopotas|Yawn|p2a: Cufant\n|-start|p2a: Cufant|move: Yawn|[of] p1a: Hippopotas\n|\n|-heal|p2b: Corviknight|93\/100|[from] item: Leftovers\n|-damage|p1a: Hippopotas|68\/100 brn|[from] brn\n|upkeep\n|turn|7\n|\n|t:|1699726064\n|switch|p2a: Dusclops|Dusclops, M, shiny|63\/100\n|-item|p1a: Hippopotas|Eviolite|[from] ability: Frisk|[of] p2a: Dusclops|[identify]\n|-item|p1b: Gothorita|Light Clay|[from] ability: Frisk|[of] p2a: Dusclops|[identify]\n|move|p2b: Corviknight|Brave Bird|p1b: Gothorita\n|-damage|p1b: Gothorita|0 fnt\n|faint|p1b: Gothorita\n|-damage|p2b: Corviknight|82\/100|[from] Recoil\n|move|p1a: Hippopotas|Yawn|p2b: Corviknight\n|-start|p2b: Corviknight|move: Yawn|[of] p1a: Hippopotas\n|\n|-heal|p2b: Corviknight|88\/100|[from] item: Leftovers\n|-damage|p1a: Hippopotas|62\/100 brn|[from] brn\n|upkeep\n|\n|t:|1699726070\n|switch|p1b: Milotic|Milotic, F|100\/100\n|turn|8\n|\n|t:|1699726083\n|switch|p2b: Cufant|Cufant, F, shiny|13\/100\n|move|p1b: Milotic|Scald|p2a: Dusclops\n|-damage|p2a: Dusclops|50\/100\n|move|p1a: Hippopotas|Yawn|p2a: Dusclops\n|-start|p2a: Dusclops|move: Yawn|[of] p1a: Hippopotas\n|move|p2a: Dusclops|Pain Split|p1b: Milotic\n|-sethp|p1b: Milotic|68\/100|[from] move: Pain Split|[silent]\n|-sethp|p2a: Dusclops|95\/100|[from] move: Pain Split\n|\n|-heal|p1b: Milotic|74\/100|[from] item: Leftovers\n|-damage|p1a: Hippopotas|56\/100 brn|[from] brn\n|upkeep\n|turn|9\n|\n|t:|1699726099\n|switch|p2a: Spoink|Spoink, F, shiny|100\/100\n|move|p1b: Milotic|Scald|p2b: Cufant\n|-damage|p2b: Cufant|0 fnt\n|faint|p2b: Cufant\n|move|p1a: Hippopotas|Slack Off|p1a: Hippopotas\n|-heal|p1a: Hippopotas|100\/100 brn\n|\n|-heal|p1b: Milotic|80\/100|[from] item: Leftovers\n|-damage|p1a: Hippopotas|94\/100 brn|[from] brn\n|upkeep\n|\n|t:|1699726103\n|switch|p2b: Dragapult|Dragapult, F, shiny|100\/100\n|turn|10\n|\n|t:|1699726111\n|move|p2b: Dragapult|Thunderbolt|p1b: Milotic\n|-supereffective|p1b: Milotic\n|-damage|p1b: Milotic|50\/100\n|-damage|p2b: Dragapult|91\/100|[from] item: Life Orb\n|move|p2a: Spoink|Light Screen|p2a: Spoink\n|-sidestart|p2: DreamyFleur|move: Light Screen\n|move|p1a: Hippopotas|Yawn|p2b: Dragapult\n|-start|p2b: Dragapult|move: Yawn|[of] p1a: Hippopotas\n|move|p1b: Milotic|Mirror Coat|p2b: Dragapult\n|-damage|p2b: Dragapult|14\/100\n|\n|-heal|p1b: Milotic|56\/100|[from] item: Leftovers\n|-damage|p1a: Hippopotas|88\/100 brn|[from] brn\n|upkeep\n|turn|11\n|\n|t:|1699726126\n|switch|p2b: Corviknight|Corviknight, F, shiny|88\/100\n|move|p1b: Milotic|Recover|p1b: Milotic\n|-heal|p1b: Milotic|100\/100\n|move|p2a: Spoink|Thunder Wave|p1b: Milotic\n|-status|p1b: Milotic|par\n|move|p1a: Hippopotas|Yawn|p2a: Spoink\n|-start|p2a: Spoink|move: Yawn|[of] p1a: Hippopotas\n|\n|-heal|p2b: Corviknight|94\/100|[from] item: Leftovers\n|-damage|p1a: Hippopotas|82\/100 brn|[from] brn\n|upkeep\n|turn|12\n|\n|t:|1699726145\n|switch|p2a: Dusclops|Dusclops, M, shiny|95\/100\n|-item|p1a: Hippopotas|Eviolite|[from] ability: Frisk|[of] p2a: Dusclops|[identify]\n|-item|p1b: Milotic|Leftovers|[from] ability: Frisk|[of] p2a: Dusclops|[identify]\n|move|p2b: Corviknight|Brave Bird|p1a: Hippopotas\n|-damage|p1a: Hippopotas|63\/100 brn\n|-damage|p2b: Corviknight|89\/100|[from] Recoil\n|move|p1a: Hippopotas|Yawn|p2b: Corviknight\n|-start|p2b: Corviknight|move: Yawn|[of] p1a: Hippopotas\n|cant|p1b: Milotic|par\n|\n|-heal|p2b: Corviknight|95\/100|[from] item: Leftovers\n|-damage|p1a: Hippopotas|56\/100 brn|[from] brn\n|upkeep\n|turn|13\n|\n|t:|1699726163\n|switch|p2b: Spoink|Spoink, F, shiny|100\/100\n|move|p1a: Hippopotas|Yawn|p2b: Spoink\n|-start|p2b: Spoink|move: Yawn|[of] p1a: Hippopotas\n|move|p1b: Milotic|Scald|p2a: Dusclops\n|-damage|p2a: Dusclops|85\/100\n|move|p2a: Dusclops|Night Shade|p1a: Hippopotas\n|-damage|p1a: Hippopotas|27\/100 brn\n|\n|-damage|p1a: Hippopotas|21\/100 brn|[from] brn\n|-sideend|p1: quintopeyton01|move: Light Screen\n|upkeep\n|turn|14\n|\n|t:|1699726181\n|switch|p2b: Corviknight|Corviknight, F, shiny|95\/100\n|move|p1a: Hippopotas|Slack Off|p1a: Hippopotas\n|-heal|p1a: Hippopotas|71\/100 brn\n|cant|p1b: Milotic|par\n|move|p2a: Dusclops|Night Shade|p1a: Hippopotas\n|-damage|p1a: Hippopotas|41\/100 brn\n|\n|-heal|p2b: Corviknight|100\/100|[from] item: Leftovers\n|-damage|p1a: Hippopotas|35\/100 brn|[from] brn\n|upkeep\n|turn|15\n|\n|t:|1699726202\n|move|p2b: Corviknight|Body Press|p1a: Hippopotas\n|-damage|p1a: Hippopotas|21\/100 brn\n|move|p1a: Hippopotas|Yawn|p2a: Dusclops\n|-start|p2a: Dusclops|move: Yawn|[of] p1a: Hippopotas\n|move|p1b: Milotic|Scald|p2b: Corviknight\n|-damage|p2b: Corviknight|81\/100\n|move|p2a: Dusclops|Night Shade|p1a: Hippopotas\n|-damage|p1a: Hippopotas|0 fnt\n|faint|p1a: Hippopotas\n|\n|-heal|p2b: Corviknight|87\/100|[from] item: Leftovers\n|upkeep\n|\n|t:|1699726211\n|switch|p1a: Delphox|Delphox, M|100\/100\n|turn|16\n|\n|t:|1699726225\n|switch|p2a: Spoink|Spoink, F, shiny|100\/100\n|move|p1a: Delphox|Fire Blast|p2b: Corviknight\n|-supereffective|p2b: Corviknight\n|-damage|p2b: Corviknight|20\/100\n|move|p2b: Corviknight|Brave Bird|p1a: Delphox\n|-damage|p1a: Delphox|39\/100\n|-damage|p2b: Corviknight|6\/100|[from] Recoil\n|move|p1b: Milotic|Scald|p2a: Spoink\n|-damage|p2a: Spoink|84\/100\n|\n|-heal|p2b: Corviknight|12\/100|[from] item: Leftovers\n|upkeep\n|turn|17\n|\n|t:|1699726250\n|move|p1a: Delphox|Fire Blast|p2b: Corviknight\n|-supereffective|p2b: Corviknight\n|-damage|p2b: Corviknight|0 fnt\n|faint|p2b: Corviknight\n|move|p2a: Spoink|Thunder Wave|p1a: Delphox\n|-status|p1a: Delphox|par\n|cant|p1b: Milotic|par\n|\n|-sideend|p2: DreamyFleur|move: Light Screen\n|upkeep\n|\n|t:|1699726256\n|switch|p2b: Dragapult|Dragapult, F, shiny|14\/100\n|turn|18\n|\n|t:|1699726268\n|move|p2b: Dragapult|Shadow Ball|p1a: Delphox\n|-supereffective|p1a: Delphox\n|-damage|p1a: Delphox|0 fnt\n|faint|p1a: Delphox\n|-damage|p2b: Dragapult|5\/100|[from] item: Life Orb\n|move|p2a: Spoink|Light Screen|p2a: Spoink\n|-sidestart|p2: DreamyFleur|move: Light Screen\n|move|p1b: Milotic|Scald|p2a: Spoink\n|-damage|p2a: Spoink|67\/100\n|\n|upkeep\n|turn|19\n|\n|t:|1699726282\n|move|p2b: Dragapult|Thunderbolt|p1b: Milotic\n|-supereffective|p1b: Milotic\n|-damage|p1b: Milotic|50\/100 par\n|-damage|p2b: Dragapult|0 fnt|[from] item: Life Orb\n|faint|p2b: Dragapult\n|move|p2a: Spoink|Psyshock|p1b: Milotic\n|-damage|p1b: Milotic|40\/100 par\n|cant|p1b: Milotic|par\n|\n|-heal|p1b: Milotic|46\/100 par|[from] item: Leftovers\n|upkeep\n|\n|t:|1699726284\n|switch|p2b: Dusclops|Dusclops, M, shiny|85\/100\n|-item|p1b: Milotic|Leftovers|[from] ability: Frisk|[of] p2b: Dusclops|[identify]\n|turn|20\n|\n|t:|1699726290\n|move|p2a: Spoink|Psyshock|p1b: Milotic\n|-damage|p1b: Milotic|36\/100 par\n|cant|p1b: Milotic|par\n|move|p2b: Dusclops|Night Shade|p1b: Milotic\n|-damage|p1b: Milotic|11\/100 par\n|\n|-heal|p1b: Milotic|17\/100 par|[from] item: Leftovers\n|upkeep\n|turn|21\n|\n|t:|1699726299\n|move|p1b: Milotic|Protect|p1b: Milotic\n|-singleturn|p1b: Milotic|Protect\n|move|p2a: Spoink|Psyshock|p1b: Milotic\n|-activate|p1b: Milotic|move: Protect\n|move|p2b: Dusclops|Night Shade|p1b: Milotic\n|-activate|p1b: Milotic|move: Protect\n|\n|-heal|p1b: Milotic|23\/100 par|[from] item: Leftovers\n|upkeep\n|turn|22\n|\n|t:|1699726304\n|move|p2a: Spoink|Psyshock|p1b: Milotic\n|-damage|p1b: Milotic|13\/100 par\n|cant|p1b: Milotic|par\n|move|p2b: Dusclops|Night Shade|p1b: Milotic\n|-damage|p1b: Milotic|0 fnt\n|faint|p1b: Milotic\n|\n|win|DreamyFleur\n|n|\u2606quintopeyton01|quintopeyton01\n|n|\u2606DreamyFleur|dreamyfleur\n|n|*Lady Monita \u263d|ladymonita\n|n| kaboom64|kaboom64\n|l|*Lady Monita \u263d\n|l|\u2606DreamyFleur\n|c|\u2606quintopeyton01|gg\n|l|\u2606quintopeyton01\n|j|\u2606DreamyFleur\n|player|p2|DreamyFleur|tulip\n","uploadtime":1699726421,"views":5,"p1id":"quintopeyton01","p2id":"dreamyfleur","formatid":"gen9doublesou","rating":0,"private":0,"password":""}