{"id":"gen9doublesou-1981908012","p1":"mikeyuwu","p2":"Redman08","format":"[Gen 9] Doubles OU","log":"|j|\u2606mikeyuwu\n|j|\u2606Redman08\n|t:|1698950784\n|gametype|doubles\n|player|p1|mikeyuwu|psychic-gen4|1107\n|player|p2|Redman08|170|1117\n|teamsize|p1|6\n|teamsize|p2|6\n|gen|9\n|tier|[Gen 9] Doubles OU\n|rated|\n|rule|Species Clause: Limit one of each Pok\u00e9mon\n|rule|OHKO Clause: OHKO moves are banned\n|rule|Evasion Moves Clause: Evasion moves are banned\n|rule|Gravity Sleep Clause: The combination of sleep-inducing moves with imperfect accuracy and Gravity or Gigantamax Orbeetle are banned\n|rule|Endless Battle Clause: Forcing endless battles is banned\n|rule|HP Percentage Mod: HP is shown in percentages\n|clearpoke\n|poke|p1|Garchomp, M|\n|poke|p1|Tyranitar, F|\n|poke|p1|Vaporeon, F|\n|poke|p1|Toxicroak, M|\n|poke|p1|Pelipper, F|\n|poke|p1|Abomasnow, M|\n|poke|p2|Pincurchin, M|\n|poke|p2|Raichu-Alola, F|\n|poke|p2|Pelipper, M|\n|poke|p2|Shiftry, F|\n|poke|p2|Clodsire, M|\n|poke|p2|Palafin, M|\n|teampreview\n|\n|t:|1698950788\n|start\n|switch|p1a: Extra Spicy|Garchomp, M|100\/100\n|switch|p1b: Cold Shoulder|Abomasnow, M, shiny|100\/100\n|switch|p2a: Pincurchin|Pincurchin, M|100\/100\n|switch|p2b: Pelipper|Pelipper, M|100\/100\n|-weather|Snow|[from] ability: Snow Warning|[of] p1b: Cold Shoulder\n|-weather|RainDance|[from] ability: Drizzle|[of] p2b: Pelipper\n|-fieldstart|move: Electric Terrain|[from] ability: Electric Surge|[of] p2a: Pincurchin\n|turn|1\n|\n|t:|1698950807\n|switch|p1b: ThcrThnSnkr|Tyranitar, F|100\/100\n|-weather|Sandstorm|[from] ability: Sand Stream|[of] p1b: ThcrThnSnkr\n|move|p2b: Pelipper|Protect|p2b: Pelipper\n|-singleturn|p2b: Pelipper|Protect\n|move|p1a: Extra Spicy|Poison Jab|p2b: Pelipper\n|-activate|p2b: Pelipper|move: Protect\n|move|p2a: Pincurchin|Scald|p1a: Extra Spicy\n|-damage|p1a: Extra Spicy|78\/100\n|\n|-weather|Sandstorm|[upkeep]\n|-damage|p2b: Pelipper|94\/100|[from] Sandstorm\n|-damage|p2a: Pincurchin|94\/100|[from] Sandstorm\n|upkeep\n|turn|2\n|\n|t:|1698950845\n|switch|p2b: Clodsire|Clodsire, M|100\/100\n|move|p1a: Extra Spicy|Poison Jab|p2a: Pincurchin\n|-damage|p2a: Pincurchin|65\/100\n|move|p1b: ThcrThnSnkr|Thunderbolt|p2b: Clodsire\n|-immune|p2b: Clodsire\n|move|p2a: Pincurchin|Scald|p1b: ThcrThnSnkr\n|-supereffective|p1b: ThcrThnSnkr\n|-damage|p1b: ThcrThnSnkr|87\/100\n|-status|p1b: ThcrThnSnkr|brn\n|\n|-weather|Sandstorm|[upkeep]\n|-damage|p2a: Pincurchin|59\/100|[from] Sandstorm\n|-damage|p1b: ThcrThnSnkr|81\/100 brn|[from] brn\n|upkeep\n|turn|3\n|\n|t:|1698950873\n|switch|p1b: Weather War|Pelipper, F|100\/100\n|-weather|RainDance|[from] ability: Drizzle|[of] p1b: Weather War\n|move|p1a: Extra Spicy|Earthquake|p2a: Pincurchin|[spread] p2a,p2b\n|-immune|p1b: Weather War\n|-supereffective|p2a: Pincurchin\n|-supereffective|p2b: Clodsire\n|-damage|p2a: Pincurchin|0 fnt\n|-damage|p2b: Clodsire|28\/100\n|faint|p2a: Pincurchin\n|move|p2b: Clodsire|Curse|p2b: Clodsire\n|-unboost|p2b: Clodsire|spe|1\n|-boost|p2b: Clodsire|atk|1\n|-boost|p2b: Clodsire|def|1\n|\n|-weather|RainDance|[upkeep]\n|-heal|p2b: Clodsire|34\/100|[from] item: Black Sludge\n|upkeep\n|\n|t:|1698950890\n|switch|p2a: Palafin|Palafin, M|100\/100\n|turn|4\n|\n|t:|1698950911\n|move|p2a: Palafin|Jet Punch|p2b: Clodsire\n|-heal|p2b: Clodsire|59\/100|[from] ability: Water Absorb|[of] p2a: Palafin\n|move|p1a: Extra Spicy|Earthquake|p2a: Palafin|[spread] p2a,p2b\n|-immune|p1b: Weather War\n|-supereffective|p2b: Clodsire\n|-damage|p2a: Palafin|57\/100\n|-damage|p2b: Clodsire|8\/100\n|move|p1b: Weather War|Hurricane|p2b: Clodsire\n|-damage|p2b: Clodsire|0 fnt\n|faint|p2b: Clodsire\n|\n|-weather|RainDance|[upkeep]\n|upkeep\n|\n|t:|1698950930\n|switch|p2b: Shiftry|Shiftry, F|100\/100\n|turn|5\n|\n|t:|1698950946\n|switch|p1b: OTLHPM|Toxicroak, M|100\/100\n|move|p2a: Palafin|Jet Punch|p1a: Extra Spicy\n|-damage|p1a: Extra Spicy|60\/100\n|-damage|p2a: Palafin|45\/100|[from] ability: Rough Skin|[of] p1a: Extra Spicy\n|-damage|p2a: Palafin|29\/100|[from] item: Rocky Helmet|[of] p1a: Extra Spicy\n|move|p2b: Shiftry|Leaf Blade|p1a: Extra Spicy\n|-crit|p1a: Extra Spicy\n|-damage|p1a: Extra Spicy|27\/100\n|-damage|p2b: Shiftry|88\/100|[from] ability: Rough Skin|[of] p1a: Extra Spicy\n|-damage|p2b: Shiftry|72\/100|[from] item: Rocky Helmet|[of] p1a: Extra Spicy\n|move|p1a: Extra Spicy|Poison Jab|p2b: Shiftry\n|-supereffective|p2b: Shiftry\n|-damage|p2b: Shiftry|0 fnt\n|-damage|p1a: Extra Spicy|10\/100|[from] item: Rocky Helmet|[of] p2b: Shiftry\n|faint|p2b: Shiftry\n|\n|-weather|RainDance|[upkeep]\n|upkeep\n|\n|t:|1698950970\n|switch|p2b: Pelipper|Pelipper, M|94\/100\n|turn|6\n|\n|t:|1698951009\n|switch|p1b: Harmacy|Vaporeon, F|100\/100\n|move|p2a: Palafin|Zen Headbutt|p1b: Harmacy\n|-crit|p1b: Harmacy\n|-damage|p1b: Harmacy|80\/100\n|move|p1a: Extra Spicy|Poison Jab|p2a: Palafin\n|-damage|p2a: Palafin|0 fnt\n|faint|p2a: Palafin\n|move|p2b: Pelipper|Tailwind|p2b: Pelipper\n|-sidestart|p2: Redman08|move: Tailwind\n|\n|-weather|RainDance|[upkeep]\n|-heal|p1b: Harmacy|86\/100|[from] item: Leftovers\n|upkeep\n|\n|t:|1698951023\n|switch|p2a: Raichu|Raichu-Alola, F|100\/100\n|turn|7\n|\n|t:|1698951041\n|switch|p1a: ThcrThnSnkr|Tyranitar, F|81\/100 brn\n|-weather|Sandstorm|[from] ability: Sand Stream|[of] p1a: ThcrThnSnkr\n|-terastallize|p1b: Harmacy|Steel\n|move|p2a: Raichu|Draining Kiss|p1a: ThcrThnSnkr\n|-supereffective|p1a: ThcrThnSnkr\n|-damage|p1a: ThcrThnSnkr|70\/100 brn\n|-damage|p2a: Raichu|91\/100|[from] item: Life Orb\n|move|p2b: Pelipper|Hurricane|p1b: Harmacy\n|-resisted|p1b: Harmacy\n|-damage|p1b: Harmacy|71\/100\n|-start|p1b: Harmacy|confusion\n|-activate|p1b: Harmacy|confusion\n|move|p1b: Harmacy|Icy Wind|p2b: Pelipper|[spread] p2a,p2b\n|-damage|p2a: Raichu|76\/100\n|-damage|p2b: Pelipper|80\/100\n|-unboost|p2a: Raichu|spe|1\n|-unboost|p2b: Pelipper|spe|1\n|\n|-weather|Sandstorm|[upkeep]\n|-damage|p2a: Raichu|70\/100|[from] Sandstorm\n|-damage|p2b: Pelipper|74\/100|[from] Sandstorm\n|-heal|p1b: Harmacy|77\/100|[from] item: Leftovers\n|-damage|p1a: ThcrThnSnkr|64\/100 brn|[from] brn\n|upkeep\n|turn|8\n|\n|t:|1698951084\n|move|p2a: Raichu|Thunder|p1b: Harmacy\n|-damage|p1b: Harmacy|22\/100\n|-damage|p2a: Raichu|60\/100|[from] item: Life Orb\n|move|p2b: Pelipper|Hurricane|p1b: Harmacy|[miss]\n|-miss|p2b: Pelipper|p1b: Harmacy\n|move|p1a: ThcrThnSnkr|Knock Off|p2a: Raichu\n|-supereffective|p2a: Raichu\n|-damage|p2a: Raichu|0 fnt\n|-enditem|p2a: Raichu|Life Orb|[from] move: Knock Off|[of] p1a: ThcrThnSnkr\n|faint|p2a: Raichu\n|-activate|p1b: Harmacy|confusion\n|move|p1b: Harmacy|Weather Ball|p2b: Pelipper\n|-supereffective|p2b: Pelipper\n|-damage|p2b: Pelipper|5\/100\n|\n|-weather|Sandstorm|[upkeep]\n|-damage|p2b: Pelipper|0 fnt|[from] Sandstorm\n|faint|p2b: Pelipper\n|\n|win|mikeyuwu\n|upkeep\n|raw|mikeyuwu's rating: 1107 &rarr; <strong>1133<\/strong><br \/>(+26 for winning)\n|raw|Redman08's rating: 1117 &rarr; <strong>1091<\/strong><br \/>(-26 for losing)\n|c|\u2606mikeyuwu|Ggs\n","uploadtime":1698951134,"views":22,"p1id":"mikeyuwu","p2id":"redman08","formatid":"gen9doublesou","rating":1091,"private":0,"password":""}