{"id":"gen9doublesou-1992932291","p1":"bananaszn","p2":"Edogz","format":"[Gen 9] Doubles OU","log":"|j|\u2606bananaszn\n|j|\u2606Edogz\n|t:|1700247981\n|gametype|doubles\n|player|p1|bananaszn|brycen|1309\n|player|p2|Edogz|brycenman|1222\n|teamsize|p1|6\n|teamsize|p2|6\n|gen|9\n|tier|[Gen 9] Doubles OU\n|rated|\n|rule|Species Clause: Limit one of each Pok\u00e9mon\n|rule|OHKO Clause: OHKO moves are banned\n|rule|Evasion Moves Clause: Evasion moves are banned\n|rule|Gravity Sleep Clause: The combination of sleep-inducing moves with imperfect accuracy and Gravity or Gigantamax Orbeetle are banned\n|rule|Endless Battle Clause: Forcing endless battles is banned\n|rule|HP Percentage Mod: HP is shown in percentages\n|clearpoke\n|poke|p1|Rillaboom, F|\n|poke|p1|Pelipper, F|\n|poke|p1|Tornadus, M|\n|poke|p1|Flutter Mane|\n|poke|p1|Iron Bundle|\n|poke|p1|Goodra-Hisui, M|\n|poke|p2|Arboliva, F|\n|poke|p2|Amoonguss, F|\n|poke|p2|Torkoal, F|\n|poke|p2|Oranguru, F|\n|poke|p2|Azumarill, M|\n|poke|p2|Iron Hands|\n|teampreview\n|inactive|Battle timer is ON: inactive players will automatically lose when time's up. (requested by bananaszn)\n|\n|t:|1700247986\n|start\n|switch|p1a: Pelipper|Pelipper, F, shiny|100\/100\n|switch|p1b: Rillaboom|Rillaboom, F, shiny|100\/100\n|switch|p2a: Torkoal|Torkoal, F|100\/100\n|switch|p2b: Oranguru|Oranguru, F|100\/100\n|-fieldstart|move: Grassy Terrain|[from] ability: Grassy Surge|[of] p1b: Rillaboom\n|-weather|RainDance|[from] ability: Drizzle|[of] p1a: Pelipper\n|-weather|SunnyDay|[from] ability: Drought|[of] p2a: Torkoal\n|turn|1\n|\n|t:|1700247998\n|move|p2a: Torkoal|Protect|p2a: Torkoal\n|-singleturn|p2a: Torkoal|Protect\n|move|p1b: Rillaboom|Fake Out|p2a: Torkoal\n|-activate|p2a: Torkoal|move: Protect\n|move|p1a: Pelipper|Knock Off|p2b: Oranguru\n|-supereffective|p2b: Oranguru\n|-damage|p2b: Oranguru|79\/100\n|-enditem|p2b: Oranguru|Aguav Berry|[from] move: Knock Off|[of] p1a: Pelipper\n|move|p2b: Oranguru|Trick Room|p2b: Oranguru\n|-fieldstart|move: Trick Room|[of] p2b: Oranguru\n|\n|-weather|SunnyDay|[upkeep]\n|-heal|p2b: Oranguru|85\/100|[from] Grassy Terrain\n|upkeep\n|turn|2\n|\n|t:|1700248021\n|switch|p1a: James Murray|Goodra-Hisui, M, shiny|100\/100\n|switch|p1b: Tornadus|Tornadus, M, shiny|100\/100\n|-terastallize|p2a: Torkoal|Fire\n|move|p2a: Torkoal|Eruption|p1b: Tornadus|[spread] p1a,p1b\n|-damage|p1a: James Murray|17\/100\n|-damage|p1b: Tornadus|0 fnt\n|-enditem|p1a: James Murray|Iapapa Berry|[eat]\n|-heal|p1a: James Murray|51\/100|[from] item: Iapapa Berry\n|faint|p1b: Tornadus\n|move|p2b: Oranguru|Instruct|p2a: Torkoal\n|-singleturn|p2a: Torkoal|move: Instruct|[of] p2b: Oranguru\n|move|p2a: Torkoal|Eruption|p1a: James Murray\n|-damage|p1a: James Murray|0 fnt\n|faint|p1a: James Murray\n|\n|-weather|SunnyDay|[upkeep]\n|-heal|p2b: Oranguru|91\/100|[from] Grassy Terrain\n|upkeep\n|\n|t:|1700248036\n|switch|p1a: Pelipper|Pelipper, F, shiny|100\/100\n|switch|p1b: Rillaboom|Rillaboom, F, shiny|100\/100\n|-weather|RainDance|[from] ability: Drizzle|[of] p1a: Pelipper\n|turn|3\n|\n|t:|1700248071\n|move|p1b: Rillaboom|Fake Out|p2b: Oranguru\n|-damage|p2b: Oranguru|80\/100\n|move|p2a: Torkoal|Eruption|p1b: Rillaboom|[spread] p1a,p1b\n|-resisted|p1a: Pelipper\n|-supereffective|p1b: Rillaboom\n|-damage|p1a: Pelipper|75\/100\n|-damage|p1b: Rillaboom|46\/100\n|cant|p2b: Oranguru|flinch\n|move|p1a: Pelipper|Surf|p2a: Torkoal|[spread] p1b,p2a,p2b\n|-resisted|p1b: Rillaboom\n|-supereffective|p2a: Torkoal\n|-damage|p1b: Rillaboom|34\/100\n|-damage|p2a: Torkoal|0 fnt\n|-damage|p2b: Oranguru|51\/100\n|faint|p2a: Torkoal\n|\n|-weather|RainDance|[upkeep]\n|-heal|p2b: Oranguru|57\/100|[from] Grassy Terrain\n|-heal|p1b: Rillaboom|40\/100|[from] Grassy Terrain\n|upkeep\n|inactive|Edogz has 120 seconds left.\n|\n|t:|1700248109\n|switch|p2a: Iron Hands|Iron Hands|100\/100\n|-enditem|p2a: Iron Hands|Booster Energy\n|-activate|p2a: Iron Hands|ability: Quark Drive|[fromitem]\n|-start|p2a: Iron Hands|quarkdriveatk\n|turn|4\n|l|\u2606Edogz\n|inactive|Edogz disconnected and has a minute to reconnect!\n|player|p2|\n|j|\u2606Edogz\n|inactive|Edogz reconnected and has 100 seconds left.\n|player|p2|Edogz|brycenman\n|inactive|Edogz has 90 seconds left.\n|\n|t:|1700248146\n|-terastallize|p1a: Pelipper|Ground\n|move|p2a: Iron Hands|Thunder Punch|p1a: Pelipper\n|-immune|p1a: Pelipper\n|move|p2b: Oranguru|Psychic|p1b: Rillaboom\n|-crit|p1b: Rillaboom\n|-damage|p1b: Rillaboom|12\/100\n|move|p1a: Pelipper|Knock Off|p2a: Iron Hands\n|-resisted|p2a: Iron Hands\n|-damage|p2a: Iron Hands|98\/100\n|move|p1b: Rillaboom|U-turn|p2b: Oranguru\n|-supereffective|p2b: Oranguru\n|-crit|p2b: Oranguru\n|-damage|p2b: Oranguru|0 fnt\n|faint|p2b: Oranguru\n|inactive|bananaszn has 120 seconds left.\n|\n|t:|1700248169\n|switch|p1b: Iron Bundle|Iron Bundle, shiny|100\/100|[from] U-turn\n|-enditem|p1b: Iron Bundle|Booster Energy\n|-activate|p1b: Iron Bundle|ability: Quark Drive|[fromitem]\n|-start|p1b: Iron Bundle|quarkdrivespe\n|\n|-weather|RainDance|[upkeep]\n|-heal|p2a: Iron Hands|100\/100|[from] Grassy Terrain\n|-heal|p1a: Pelipper|81\/100|[from] Grassy Terrain\n|upkeep\n|inactive|Edogz has 90 seconds left.\n|\n|t:|1700248190\n|switch|p2b: Azumarill|Azumarill, M|100\/100\n|turn|5\n|inactive|Edogz has 90 seconds left.\n|\n|t:|1700248213\n|move|p1a: Pelipper|Protect|p1a: Pelipper\n|-singleturn|p1a: Pelipper|Protect\n|move|p1b: Iron Bundle|Protect|p1b: Iron Bundle\n|-singleturn|p1b: Iron Bundle|Protect\n|move|p2a: Iron Hands|Drain Punch|p1b: Iron Bundle\n|-activate|p1b: Iron Bundle|move: Protect\n|move|p2b: Azumarill|Belly Drum|p2b: Azumarill\n|-damage|p2b: Azumarill|50\/100\n|-setboost|p2b: Azumarill|atk|6|[from] move: Belly Drum\n|-enditem|p2b: Azumarill|Sitrus Berry|[eat]\n|-heal|p2b: Azumarill|75\/100|[from] item: Sitrus Berry\n|\n|-weather|RainDance|[upkeep]\n|-heal|p2b: Azumarill|82\/100|[from] Grassy Terrain\n|-heal|p1a: Pelipper|87\/100|[from] Grassy Terrain\n|-fieldend|move: Trick Room\n|-fieldend|move: Grassy Terrain\n|upkeep\n|turn|6\n|\n|t:|1700248240\n|move|p2b: Azumarill|Aqua Jet|p1a: Pelipper\n|-supereffective|p1a: Pelipper\n|-damage|p1a: Pelipper|0 fnt\n|faint|p1a: Pelipper\n|move|p1b: Iron Bundle|Freeze-Dry|p2b: Azumarill\n|-supereffective|p2b: Azumarill\n|-crit|p2b: Azumarill\n|-damage|p2b: Azumarill|0 fnt\n|faint|p2b: Azumarill\n|move|p2a: Iron Hands|Drain Punch|p1b: Iron Bundle\n|-supereffective|p1b: Iron Bundle\n|-damage|p1b: Iron Bundle|0 fnt\n|faint|p1b: Iron Bundle\n|-end|p1b: Iron Bundle|Quark Drive|[silent]\n|\n|-weather|RainDance|[upkeep]\n|upkeep\n|\n|t:|1700248252\n|switch|p1b: Rillaboom|Rillaboom, F, shiny|12\/100\n|switch|p1a: Flutter Mane|Flutter Mane, shiny|100\/100\n|switch|p2b: Amoonguss|Amoonguss, F|100\/100\n|-fieldstart|move: Grassy Terrain|[from] ability: Grassy Surge|[of] p1b: Rillaboom\n|-enditem|p1a: Flutter Mane|Booster Energy\n|-activate|p1a: Flutter Mane|ability: Protosynthesis|[fromitem]\n|-start|p1a: Flutter Mane|protosynthesisspa\n|turn|7\n|\n|t:|1700248267\n|move|p1b: Rillaboom|Fake Out|p2a: Iron Hands\n|-damage|p2a: Iron Hands|93\/100\n|cant|p2a: Iron Hands|flinch\n|move|p1a: Flutter Mane|Calm Mind|p1a: Flutter Mane\n|-boost|p1a: Flutter Mane|spa|1\n|-boost|p1a: Flutter Mane|spd|1\n|move|p2b: Amoonguss|Spore|p1a: Flutter Mane\n|-status|p1a: Flutter Mane|slp|[from] move: Spore\n|\n|-weather|RainDance|[upkeep]\n|-heal|p1b: Rillaboom|18\/100|[from] Grassy Terrain\n|-heal|p2a: Iron Hands|99\/100|[from] Grassy Terrain\n|upkeep\n|turn|8\n|\n|t:|1700248284\n|move|p1b: Rillaboom|Grassy Glide|p2a: Iron Hands\n|-damage|p2a: Iron Hands|77\/100\n|cant|p1a: Flutter Mane|slp\n|move|p2a: Iron Hands|Drain Punch|p1b: Rillaboom\n|-damage|p1b: Rillaboom|0 fnt\n|-heal|p2a: Iron Hands|84\/100|[from] drain|[of] p1b: Rillaboom\n|faint|p1b: Rillaboom\n|move|p2b: Amoonguss|Pollen Puff|p1a: Flutter Mane\n|-resisted|p1a: Flutter Mane\n|-damage|p1a: Flutter Mane|97\/100 slp\n|\n|-weather|RainDance|[upkeep]\n|-heal|p1a: Flutter Mane|100\/100 slp|[from] Grassy Terrain\n|-heal|p2a: Iron Hands|90\/100|[from] Grassy Terrain\n|upkeep\n|turn|9\n|\n|t:|1700248299\n|switch|p2b: Arboliva|Arboliva, F|100\/100\n|-curestatus|p1a: Flutter Mane|slp|[msg]\n|move|p1a: Flutter Mane|Dazzling Gleam|p2b: Arboliva|[spread] p2a,p2b\n|-supereffective|p2a: Iron Hands\n|-crit|p2a: Iron Hands\n|-damage|p2a: Iron Hands|0 fnt\n|-damage|p2b: Arboliva|41\/100\n|-enditem|p2b: Arboliva|Sitrus Berry|[eat]\n|-heal|p2b: Arboliva|65\/100|[from] item: Sitrus Berry\n|faint|p2a: Iron Hands\n|-end|p2a: Iron Hands|Quark Drive|[silent]\n|\n|-weather|RainDance|[upkeep]\n|-heal|p2b: Arboliva|72\/100|[from] Grassy Terrain\n|upkeep\n|\n|t:|1700248304\n|switch|p2a: Amoonguss|Amoonguss, F|100\/100\n|turn|10\n|\n|t:|1700248317\n|move|p1a: Flutter Mane|Calm Mind|p1a: Flutter Mane\n|-boost|p1a: Flutter Mane|spa|1\n|-boost|p1a: Flutter Mane|spd|1\n|move|p2b: Arboliva|Giga Drain|p1a: Flutter Mane\n|-damage|p1a: Flutter Mane|73\/100\n|-heal|p2b: Arboliva|83\/100|[from] drain|[of] p1a: Flutter Mane\n|move|p2a: Amoonguss|Giga Drain|p1a: Flutter Mane\n|-damage|p1a: Flutter Mane|53\/100\n|\n|-weather|none\n|-heal|p1a: Flutter Mane|59\/100|[from] Grassy Terrain\n|-heal|p2b: Arboliva|89\/100|[from] Grassy Terrain\n|-item|p2b: Arboliva|Sitrus Berry|[from] ability: Harvest\n|upkeep\n|turn|11\n|\n|t:|1700248325\n|move|p1a: Flutter Mane|Shadow Ball|p2a: Amoonguss\n|-damage|p2a: Amoonguss|0 fnt\n|faint|p2a: Amoonguss\n|move|p2b: Arboliva|Giga Drain|p1a: Flutter Mane\n|-damage|p1a: Flutter Mane|32\/100\n|-heal|p2b: Arboliva|100\/100|[from] drain|[of] p1a: Flutter Mane\n|\n|-heal|p1a: Flutter Mane|38\/100|[from] Grassy Terrain\n|-fieldend|move: Grassy Terrain\n|upkeep\n|turn|12\n|\n|t:|1700248328\n|move|p1a: Flutter Mane|Dazzling Gleam|p2b: Arboliva\n|-crit|p2b: Arboliva\n|-damage|p2b: Arboliva|0 fnt\n|faint|p2b: Arboliva\n|\n|win|bananaszn\n|raw|bananaszn's rating: 1309 &rarr; <strong>1324<\/strong><br \/>(+15 for winning)\n|raw|Edogz's rating: 1222 &rarr; <strong>1203<\/strong><br \/>(-19 for losing)\n|l|\u2606Edogz\n","uploadtime":1700248349,"views":7,"p1id":"bananaszn","p2id":"edogz","formatid":"gen9doublesou","rating":1203,"private":0,"password":""}