{"id":"gen9doublesou-1980643641","p1":"G3dy","p2":"Kyropasta","format":"[Gen 9] Doubles OU","log":"|j|\u2606G3dy\n|j|\u2606Kyropasta\n|inactive|Battle timer is ON: inactive players will automatically lose when time's up.\n|t:|1698806939\n|gametype|doubles\n|player|p1|G3dy|dancer|\n|player|p2|Kyropasta|alec-anime|\n|teamsize|p1|6\n|teamsize|p2|6\n|gen|9\n|tier|[Gen 9] Doubles OU\n|rated|Tournament battle\n|rule|Species Clause: Limit one of each Pok\u00e9mon\n|rule|OHKO Clause: OHKO moves are banned\n|rule|Evasion Moves Clause: Evasion moves are banned\n|rule|Gravity Sleep Clause: The combination of sleep-inducing moves with imperfect accuracy and Gravity or Gigantamax Orbeetle are banned\n|rule|Endless Battle Clause: Forcing endless battles is banned\n|rule|HP Percentage Mod: HP is shown in percentages\n|clearpoke\n|poke|p1|Chesnaught, F|\n|poke|p1|Meowth-Galar, M|\n|poke|p1|Kricketot, M|\n|poke|p1|Sentret, M|\n|poke|p1|Hatterene, F|\n|poke|p1|Weepinbell, F|\n|poke|p2|Mareanie, F|\n|poke|p2|Wooper-Paldea, M|\n|poke|p2|Lombre, M|\n|poke|p2|Krokorok, M|\n|poke|p2|Litleo, M|\n|poke|p2|Mamoswine, F|\n|teampreview\n|j|*Lady Monita \u263d\n|j| NoviceUnown\n|inactive|G3dy has 120 seconds left.\n|\n|t:|1698806977\n|start\n|switch|p1a: Chesnaught|Chesnaught, F|100\/100\n|switch|p1b: Sentret|Sentret, M|100\/100\n|switch|p2a: Krokorok|Krokorok, M|100\/100\n|switch|p2b: Litleo|Litleo, M|100\/100\n|-item|p2a: Krokorok|Black Glasses|[from] ability: Frisk|[of] p1b: Sentret|[identify]\n|-item|p2b: Litleo|Eviolite|[from] ability: Frisk|[of] p1b: Sentret|[identify]\n|turn|1\n|c| NoviceUnown|you got this g3dy\n|c|\u2606G3dy|Ty\n|\n|t:|1698807005\n|move|p1a: Chesnaught|Spiky Shield|p1a: Chesnaught\n|-singleturn|p1a: Chesnaught|move: Protect\n|move|p2a: Krokorok|Dark Pulse|p1a: Chesnaught\n|-activate|p1a: Chesnaught|move: Protect\n|move|p2b: Litleo|Acrobatics|p1a: Chesnaught\n|-activate|p1a: Chesnaught|move: Protect\n|-damage|p2b: Litleo|88\/100|[from] Spiky Shield|[of] p1a: Chesnaught\n|move|p1b: Sentret|Super Fang|p2a: Krokorok\n|-damage|p2a: Krokorok|51\/100\n|\n|upkeep\n|turn|2\n|inactive|G3dy has 120 seconds left.\n|\n|t:|1698807051\n|switch|p1a: Kricketot|Kricketot, M|100\/100\n|move|p2a: Krokorok|Dark Pulse|p1b: Sentret\n|-damage|p1b: Sentret|74\/100\n|move|p2b: Litleo|Fire Blast|p1a: Kricketot\n|-supereffective|p1a: Kricketot\n|-enditem|p1a: Kricketot|Focus Sash\n|-damage|p1a: Kricketot|1\/100\n|move|p1b: Sentret|Super Fang|p2b: Litleo\n|-damage|p2b: Litleo|45\/100\n|\n|upkeep\n|turn|3\n|inactive|G3dy has 120 seconds left.\n|c| NoviceUnown|your welcome for the sash\n|\n|t:|1698807085\n|move|p1b: Sentret|Protect|p1b: Sentret\n|-singleturn|p1b: Sentret|Protect\n|move|p2a: Krokorok|Earth Power|p1b: Sentret\n|-activate|p1b: Sentret|move: Protect\n|move|p2b: Litleo|Acrobatics|p1a: Kricketot\n|-supereffective|p1a: Kricketot\n|-damage|p1a: Kricketot|0 fnt\n|faint|p1a: Kricketot\n|\n|upkeep\n|j| BigSilverBilver\n|inactive|G3dy has 90 seconds left.\n|\n|t:|1698807105\n|switch|p1a: Hatterene|Hatterene, F|100\/100\n|turn|4\n|c| NoviceUnown|R.I.P kricketot\n|l| BigSilverBilver\n|\n|t:|1698807121\n|switch|p2a: Mareanie|Mareanie, F|100\/100\n|move|p1b: Sentret|Sucker Punch|p2b: Litleo\n|-damage|p2b: Litleo|38\/100\n|move|p2b: Litleo|Fire Blast|p1b: Sentret\n|-damage|p1b: Sentret|40\/100\n|move|p1a: Hatterene|Trick Room|p1a: Hatterene\n|-fieldstart|move: Trick Room|[of] p1a: Hatterene\n|\n|upkeep\n|turn|5\n|inactive|G3dy has 120 seconds left.\n|\n|t:|1698807150\n|-terastallize|p1a: Hatterene|Steel\n|move|p1b: Sentret|Super Fang|p2a: Mareanie\n|-damage|p2a: Mareanie|51\/100\n|move|p1a: Hatterene|Psychic|p2a: Mareanie\n|-supereffective|p2a: Mareanie\n|-damage|p2a: Mareanie|0 fnt\n|faint|p2a: Mareanie\n|move|p2b: Litleo|Fire Blast|p1b: Sentret\n|-damage|p1b: Sentret|2\/100\n|\n|upkeep\n|\n|t:|1698807161\n|switch|p2a: Mamoswine|Mamoswine, F|100\/100\n|turn|6\n|inactive|G3dy has 120 seconds left.\n|\n|t:|1698807181\n|switch|p2b: Lombre|Lombre, M|100\/100\n|move|p1b: Sentret|Super Fang|p2a: Mamoswine\n|-damage|p2a: Mamoswine|51\/100\n|move|p1a: Hatterene|Dazzling Gleam|p2b: Lombre|[spread] p2a,p2b\n|-damage|p2a: Mamoswine|0 fnt\n|-damage|p2b: Lombre|50\/100\n|faint|p2a: Mamoswine\n|\n|upkeep\n|\n|t:|1698807191\n|switch|p2a: Wooper|Wooper-Paldea, M|100\/100\n|turn|7\n|\n|t:|1698807206\n|move|p1b: Sentret|Sucker Punch|p2b: Lombre\n|-damage|p2b: Lombre|30\/100\n|move|p2a: Wooper|Earth Power|p1a: Hatterene\n|-supereffective|p1a: Hatterene\n|-damage|p1a: Hatterene|76\/100\n|move|p1a: Hatterene|Psychic|p2a: Wooper\n|-supereffective|p2a: Wooper\n|-crit|p2a: Wooper\n|-damage|p2a: Wooper|0 fnt\n|faint|p2a: Wooper\n|move|p2b: Lombre|Chilling Water|p1b: Sentret\n|-damage|p1b: Sentret|0 fnt\n|faint|p1b: Sentret\n|\n|upkeep\n|\n|t:|1698807234\n|switch|p2a: Krokorok|Krokorok, M|51\/100\n|switch|p1b: Chesnaught|Chesnaught, F|100\/100\n|turn|8\n|\n|t:|1698807252\n|-terastallize|p2a: Krokorok|Ground\n|move|p1a: Hatterene|Dazzling Gleam|p2b: Lombre|[spread] p2a,p2b\n|-damage|p2a: Krokorok|0 fnt\n|-damage|p2b: Lombre|0 fnt\n|faint|p2a: Krokorok\n|faint|p2b: Lombre\n|move|p1b: Chesnaught|Close Combat|p2: Krokorok|[notarget]\n|-fail|p1b: Chesnaught\n|\n|-fieldend|move: Trick Room\n|upkeep\n|c|\u2606G3dy|Gg\n|\n|t:|1698807259\n|switch|p2b: Litleo|Litleo, M|38\/100\n|turn|9\n|\n|t:|1698807265\n|move|p2b: Litleo|Protect|p2b: Litleo\n|-singleturn|p2b: Litleo|Protect\n|move|p1b: Chesnaught|Close Combat|p2b: Litleo\n|-activate|p2b: Litleo|move: Protect\n|move|p1a: Hatterene|Dazzling Gleam|p2b: Litleo\n|-activate|p2b: Litleo|move: Protect\n|\n|upkeep\n|turn|10\n|\n|t:|1698807276\n|move|p2b: Litleo|Acrobatics|p1b: Chesnaught\n|-supereffective|p1b: Chesnaught\n|-damage|p1b: Chesnaught|84\/100\n|move|p1b: Chesnaught|Earthquake|p2b: Litleo|[spread] p1a,p2b\n|-supereffective|p1a: Hatterene\n|-supereffective|p2b: Litleo\n|-damage|p1a: Hatterene|19\/100\n|-damage|p2b: Litleo|0 fnt\n|faint|p2b: Litleo\n|\n|win|G3dy\n|n|\u2606G3dy|g3dy\n|n|\u2606Kyropasta|kyropasta\n|n|*Lady Monita \u263d|ladymonita\n|n| NoviceUnown|noviceunown\n","uploadtime":1698807278,"views":15,"p1id":"g3dy","p2id":"kyropasta","formatid":"gen9doublesou","rating":0,"private":0,"password":""}