{"id":"gen9doublesou-1984534539","p1":"Calamarimar","p2":"mexicanpasta","format":"[Gen 9] Doubles OU","log":"|j|\u2606Calamarimar\n|j|\u2606mexicanpasta\n|inactive|Battle timer is ON: inactive players will automatically lose when time's up.\n|t:|1699277179\n|gametype|doubles\n|player|p1|Calamarimar|sanqua|\n|player|p2|mexicanpasta|parasollady|\n|teamsize|p1|4\n|teamsize|p2|4\n|gen|9\n|tier|[Gen 9] Doubles OU\n|rated|Tournament battle\n|rule|Species Clause: Limit one of each Pok\u00e9mon\n|rule|OHKO Clause: OHKO moves are banned\n|rule|Evasion Moves Clause: Evasion moves are banned\n|rule|Gravity Sleep Clause: The combination of sleep-inducing moves with imperfect accuracy and Gravity or Gigantamax Orbeetle are banned\n|rule|Endless Battle Clause: Forcing endless battles is banned\n|rule|HP Percentage Mod: HP is shown in percentages\n|clearpoke\n|poke|p1|Slaking, F|\n|poke|p1|Conkeldurr, M|\n|poke|p1|Bronzor|\n|poke|p1|Wooper-Paldea, M|\n|poke|p2|Sawsbuck-Autumn, F|\n|poke|p2|Raboot, M|\n|poke|p2|Gholdengo|\n|poke|p2|Tinkatuff, F|\n|teampreview\n|j|*Lady Monita \u263d\n|inactive|mexicanpasta also wants the timer to be on.\n|\n|t:|1699277190\n|start\n|switch|p1a: Bronzor|Bronzor|100\/100\n|switch|p1b: Slaking|Slaking, F|100\/100\n|switch|p2a: Sawsbuck|Sawsbuck-Autumn, F|100\/100\n|switch|p2b: Tinkatuff|Tinkatuff, F|100\/100\n|-ability|p2b: Tinkatuff|Mold Breaker\n|turn|1\n|\n|t:|1699277203\n|move|p2a: Sawsbuck|Protect|p2a: Sawsbuck\n|-singleturn|p2a: Sawsbuck|Protect\n|move|p2b: Tinkatuff|Reflect|p2b: Tinkatuff\n|-sidestart|p2: mexicanpasta|Reflect\n|move|p1b: Slaking|Drain Punch|p2a: Sawsbuck\n|-activate|p2a: Sawsbuck|move: Protect\n|move|p1a: Bronzor|Skill Swap|p1b: Slaking\n|-activate|p1a: Bronzor|move: Skill Swap|||[of] p1b: Slaking\n|\n|upkeep\n|turn|2\n|\n|t:|1699277221\n|move|p2a: Sawsbuck|Headbutt|p1b: Slaking\n|-damage|p1b: Slaking|80\/100\n|move|p2b: Tinkatuff|Encore|p1b: Slaking\n|-start|p1b: Slaking|Encore\n|move|p1b: Slaking|Drain Punch|p2a: Sawsbuck\n|-supereffective|p2a: Sawsbuck\n|-damage|p2a: Sawsbuck|33\/100\n|-heal|p1b: Slaking|99\/100|[from] drain|[of] p2a: Sawsbuck\n|cant|p1a: Bronzor|ability: Truant\n|\n|-heal|p2a: Sawsbuck|39\/100|[from] item: Leftovers\n|-heal|p1b: Slaking|100\/100|[from] item: Leftovers\n|upkeep\n|turn|3\n|\n|t:|1699277237\n|switch|p2a: Gholdengo|Gholdengo|100\/100\n|move|p2b: Tinkatuff|Play Rough|p1b: Slaking\n|-damage|p1b: Slaking|88\/100\n|move|p1b: Slaking|Drain Punch|p2a: Gholdengo\n|-immune|p2a: Gholdengo\n|move|p1a: Bronzor|Reflect|p1a: Bronzor\n|-sidestart|p1: Calamarimar|Reflect\n|\n|-heal|p1b: Slaking|94\/100|[from] item: Leftovers\n|upkeep\n|turn|4\n|\n|t:|1699277255\n|move|p2a: Gholdengo|Make It Rain|p1a: Bronzor|[spread] p1a,p1b\n|-resisted|p1a: Bronzor\n|-damage|p1a: Bronzor|72\/100\n|-damage|p1b: Slaking|21\/100\n|-unboost|p2a: Gholdengo|spa|1\n|move|p2b: Tinkatuff|Encore|p1a: Bronzor\n|-start|p1a: Bronzor|Encore\n|move|p1b: Slaking|Drain Punch|p2b: Tinkatuff\n|-damage|p2b: Tinkatuff|67\/100\n|-heal|p1b: Slaking|30\/100|[from] drain|[of] p2b: Tinkatuff\n|cant|p1a: Bronzor|ability: Truant\n|\n|-heal|p1b: Slaking|36\/100|[from] item: Leftovers\n|-end|p1b: Slaking|Encore\n|upkeep\n|turn|5\n|inactive|Calamarimar has 120 seconds left.\n|inactive|mexicanpasta has 120 seconds left.\n|\n|t:|1699277297\n|switch|p1b: Conkeldurr|Conkeldurr, M|100\/100\n|move|p2a: Gholdengo|Make It Rain|p1a: Bronzor|[spread] p1a,p1b\n|-resisted|p1a: Bronzor\n|-damage|p1a: Bronzor|53\/100\n|-damage|p1b: Conkeldurr|47\/100\n|-unboost|p2a: Gholdengo|spa|1\n|move|p2b: Tinkatuff|Light Screen|p2b: Tinkatuff\n|-sidestart|p2: mexicanpasta|move: Light Screen\n|move|p1a: Bronzor|Reflect||[still]\n|-fail|p1a: Bronzor\n|\n|-status|p1b: Conkeldurr|brn|[from] item: Flame Orb\n|upkeep\n|turn|6\n|\n|t:|1699277311\n|move|p2a: Gholdengo|Make It Rain|p1b: Conkeldurr|[spread] p1a,p1b\n|-resisted|p1a: Bronzor\n|-damage|p1a: Bronzor|39\/100\n|-damage|p1b: Conkeldurr|9\/100 brn\n|-unboost|p2a: Gholdengo|spa|1\n|move|p2b: Tinkatuff|Play Rough|p1b: Conkeldurr\n|-supereffective|p1b: Conkeldurr\n|-damage|p1b: Conkeldurr|0 fnt\n|faint|p1b: Conkeldurr\n|cant|p1a: Bronzor|ability: Truant\n|\n|-end|p1a: Bronzor|Encore\n|upkeep\n|inactive|Calamarimar has 120 seconds left.\n|\n|t:|1699277324\n|switch|p1b: Slaking|Slaking, F|36\/100\n|turn|7\n|\n|t:|1699277349\n|switch|p2a: Sawsbuck|Sawsbuck-Autumn, F|39\/100\n|move|p2b: Tinkatuff|Play Rough|p1b: Slaking\n|-damage|p1b: Slaking|27\/100\n|move|p1b: Slaking|Slack Off|p1b: Slaking\n|-heal|p1b: Slaking|77\/100\n|move|p1a: Bronzor|Light Screen|p1a: Bronzor\n|-sidestart|p1: Calamarimar|move: Light Screen\n|\n|-heal|p2a: Sawsbuck|45\/100|[from] item: Leftovers\n|-heal|p1b: Slaking|83\/100|[from] item: Leftovers\n|-sideend|p1: Calamarimar|Reflect\n|upkeep\n|turn|8\n|\n|t:|1699277364\n|move|p2a: Sawsbuck|High Horsepower|p1a: Bronzor\n|-supereffective|p1a: Bronzor\n|-damage|p1a: Bronzor|0 fnt\n|faint|p1a: Bronzor\n|move|p2b: Tinkatuff|Encore|p1b: Slaking\n|-start|p1b: Slaking|Encore\n|cant|p1b: Slaking|ability: Truant\n|\n|-heal|p2a: Sawsbuck|51\/100|[from] item: Leftovers\n|-heal|p1b: Slaking|89\/100|[from] item: Leftovers\n|-sideend|p2: mexicanpasta|Reflect\n|upkeep\n|\n|t:|1699277367\n|switch|p1a: Wooper|Wooper-Paldea, M|100\/100\n|turn|9\n|\n|t:|1699277378\n|move|p2a: Sawsbuck|Headbutt|p1a: Wooper\n|-damage|p1a: Wooper|75\/100\n|move|p2b: Tinkatuff|Reflect|p2b: Tinkatuff\n|-sidestart|p2: mexicanpasta|Reflect\n|move|p1b: Slaking|Slack Off|p1b: Slaking\n|-heal|p1b: Slaking|100\/100\n|cant|p1a: Wooper|flinch\n|\n|-heal|p2a: Sawsbuck|57\/100|[from] item: Leftovers\n|upkeep\n|turn|10\n|\n|t:|1699277391\n|move|p2a: Sawsbuck|Headbutt|p1a: Wooper\n|-damage|p1a: Wooper|48\/100\n|move|p2b: Tinkatuff|Play Rough|p1b: Slaking\n|-damage|p1b: Slaking|87\/100\n|cant|p1b: Slaking|ability: Truant\n|cant|p1a: Wooper|flinch\n|\n|-heal|p2a: Sawsbuck|63\/100|[from] item: Leftovers\n|-heal|p1b: Slaking|93\/100|[from] item: Leftovers\n|-end|p1b: Slaking|Encore\n|upkeep\n|turn|11\n|\n|t:|1699277403\n|move|p2a: Sawsbuck|Headbutt|p1a: Wooper\n|-damage|p1a: Wooper|22\/100\n|move|p2b: Tinkatuff|Encore|p1b: Slaking\n|-start|p1b: Slaking|Encore\n|move|p1b: Slaking|Slack Off|p1b: Slaking\n|-heal|p1b: Slaking|100\/100\n|move|p1a: Wooper|Toxic|p2a: Sawsbuck\n|-status|p2a: Sawsbuck|tox\n|\n|-heal|p2a: Sawsbuck|69\/100 tox|[from] item: Leftovers\n|-damage|p2a: Sawsbuck|63\/100 tox|[from] psn\n|-sideend|p1: Calamarimar|move: Light Screen\n|upkeep\n|turn|12\n|\n|t:|1699277419\n|switch|p2b: Raboot|Raboot, M|100\/100\n|move|p2a: Sawsbuck|Headbutt|p1a: Wooper\n|-damage|p1a: Wooper|0 fnt\n|faint|p1a: Wooper\n|cant|p1b: Slaking|ability: Truant\n|\n|-heal|p2a: Sawsbuck|69\/100 tox|[from] item: Leftovers\n|-damage|p2a: Sawsbuck|57\/100 tox|[from] psn\n|-sideend|p2: mexicanpasta|move: Light Screen\n|upkeep\n|turn|13\n|\n|t:|1699277425\n|move|p2a: Sawsbuck|Headbutt|p1b: Slaking\n|-damage|p1b: Slaking|78\/100\n|move|p2b: Raboot|Swords Dance|p2b: Raboot\n|-start|p2b: Raboot|typechange|Normal|[from] ability: Libero\n|-boost|p2b: Raboot|atk|2\n|move|p1b: Slaking|Slack Off|p1b: Slaking\n|-heal|p1b: Slaking|100\/100\n|\n|-heal|p2a: Sawsbuck|63\/100 tox|[from] item: Leftovers\n|-damage|p2a: Sawsbuck|45\/100 tox|[from] psn\n|-end|p1b: Slaking|Encore\n|upkeep\n|turn|14\n|\n|t:|1699277436\n|move|p2a: Sawsbuck|Headbutt|p1b: Slaking\n|-damage|p1b: Slaking|79\/100\n|move|p2b: Raboot|High Jump Kick|p1b: Slaking\n|-supereffective|p1b: Slaking\n|-damage|p1b: Slaking|0 fnt\n|faint|p1b: Slaking\n|\n|win|mexicanpasta\n|n|\u2606Calamarimar|calamarimar\n|n|\u2606mexicanpasta|mexicanpasta\n|n|*Lady Monita \u263d|ladymonita\n|l|*Lady Monita \u263d\n|c|\u2606Calamarimar|gg\n","uploadtime":1699277441,"views":8,"p1id":"calamarimar","p2id":"mexicanpasta","formatid":"gen9doublesou","rating":0,"private":0,"password":""}