{"id":"gen9doublesou-1985716424","p1":"Grwumpy","p2":"Moklionty3","format":"[Gen 9] Doubles OU","log":"|j|\u2606Grwumpy\n|j|\u203dMoklionty3\n|t:|1699398719\n|gametype|doubles\n|player|p1|Grwumpy|backersf|1089\n|player|p2|Moklionty3|265|1170\n|teamsize|p1|6\n|teamsize|p2|6\n|gen|9\n|tier|[Gen 9] Doubles OU\n|rated|\n|rule|Species Clause: Limit one of each Pok\u00e9mon\n|rule|OHKO Clause: OHKO moves are banned\n|rule|Evasion Moves Clause: Evasion moves are banned\n|rule|Gravity Sleep Clause: The combination of sleep-inducing moves with imperfect accuracy and Gravity or Gigantamax Orbeetle are banned\n|rule|Endless Battle Clause: Forcing endless battles is banned\n|rule|HP Percentage Mod: HP is shown in percentages\n|clearpoke\n|poke|p1|Sableye, F|\n|poke|p1|Iron Bundle|\n|poke|p1|Chandelure, F|\n|poke|p1|Great Tusk|\n|poke|p1|Murkrow, F|\n|poke|p1|Volcarona, F|\n|poke|p2|Conkeldurr, F|\n|poke|p2|Dugtrio, F|\n|poke|p2|Indeedee-F, F|\n|poke|p2|Regieleki|\n|poke|p2|Basculegion-F, F|\n|poke|p2|Scream Tail|\n|teampreview\n|inactive|Battle timer is ON: inactive players will automatically lose when time's up. (requested by Grwumpy)\n|\n|t:|1699398735\n|start\n|switch|p1a: Enough|Sableye, F|100\/100\n|switch|p1b: Imsopretty|Great Tusk|100\/100\n|switch|p2a: Conkeldurr|Conkeldurr, F|100\/100\n|switch|p2b: Indeedee|Indeedee-F, F|100\/100\n|-fieldstart|move: Psychic Terrain|[from] ability: Psychic Surge|[of] p2b: Indeedee\n|turn|1\n|\n|t:|1699398752\n|move|p1a: Enough|Gravity|p1a: Enough\n|-fieldstart|move: Gravity\n|move|p1b: Imsopretty|Megahorn|p2b: Indeedee\n|-supereffective|p2b: Indeedee\n|-damage|p2b: Indeedee|0 fnt\n|faint|p2b: Indeedee\n|move|p2a: Conkeldurr|Drain Punch|p1b: Imsopretty\n|-damage|p1b: Imsopretty|68\/100\n|\n|-status|p2a: Conkeldurr|brn|[from] item: Flame Orb\n|upkeep\n|\n|t:|1699398766\n|switch|p2b: Scream Tail|Scream Tail|100\/100\n|turn|2\n|\n|t:|1699398784\n|move|p1a: Enough|Encore|p2a: Conkeldurr\n|-activate|p2a: Conkeldurr|move: Psychic Terrain\n|move|p2b: Scream Tail|Dazzling Gleam|p1a: Enough|[spread] p1a,p1b\n|-supereffective|p1a: Enough\n|-enditem|p1a: Enough|Roseli Berry|[eat]\n|-enditem|p1a: Enough|Roseli Berry|[weaken]\n|-supereffective|p1b: Imsopretty\n|-damage|p1a: Enough|77\/100\n|-damage|p1b: Imsopretty|24\/100\n|move|p1b: Imsopretty|Headlong Rush|p2b: Scream Tail\n|-damage|p2b: Scream Tail|53\/100\n|-unboost|p1b: Imsopretty|def|1\n|-unboost|p1b: Imsopretty|spd|1\n|move|p2a: Conkeldurr|Drain Punch|p1b: Imsopretty\n|-damage|p1b: Imsopretty|0 fnt\n|faint|p1b: Imsopretty\n|-end|p1b: Imsopretty|Protosynthesis|[silent]\n|\n|-damage|p2a: Conkeldurr|94\/100 brn|[from] brn\n|upkeep\n|\n|t:|1699398801\n|switch|p1b: BbyIfloat|Chandelure, F, shiny|100\/100\n|turn|3\n|\n|t:|1699398819\n|switch|p1a: Lil Shawty|Murkrow, F, shiny|100\/100\n|move|p2b: Scream Tail|Protect|p2b: Scream Tail\n|-singleturn|p2b: Scream Tail|Protect\n|move|p1b: BbyIfloat|Heat Wave|p2b: Scream Tail|[spread] p2a\n|-activate|p2b: Scream Tail|move: Protect\n|-damage|p2a: Conkeldurr|25\/100 brn\n|move|p2a: Conkeldurr|Thunder Punch|p1b: BbyIfloat\n|-damage|p1b: BbyIfloat|45\/100\n|\n|-damage|p2a: Conkeldurr|19\/100 brn|[from] brn\n|upkeep\n|turn|4\n|\n|t:|1699398836\n|move|p1a: Lil Shawty|Sunny Day|p1a: Lil Shawty\n|-weather|SunnyDay\n|-activate|p2b: Scream Tail|ability: Protosynthesis\n|-start|p2b: Scream Tail|protosynthesisspe\n|move|p2b: Scream Tail|Dazzling Gleam|p1b: BbyIfloat|[spread] p1a,p1b\n|-supereffective|p1a: Lil Shawty\n|-resisted|p1b: BbyIfloat\n|-damage|p1a: Lil Shawty|63\/100\n|-damage|p1b: BbyIfloat|35\/100\n|move|p1b: BbyIfloat|Heat Wave|p2b: Scream Tail|[spread] p2a,p2b\n|-damage|p2a: Conkeldurr|0 fnt\n|-damage|p2b: Scream Tail|0 fnt\n|faint|p2a: Conkeldurr\n|faint|p2b: Scream Tail\n|-end|p2b: Scream Tail|Protosynthesis|[silent]\n|\n|-weather|SunnyDay|[upkeep]\n|upkeep\n|\n|t:|1699398848\n|switch|p2b: Basculegion|Basculegion-F, F|100\/100\n|switch|p2a: Regieleki|Regieleki|100\/100\n|turn|5\n|\n|t:|1699398863\n|move|p1a: Lil Shawty|Tailwind|p1a: Lil Shawty\n|-sidestart|p1: Grwumpy|move: Tailwind\n|move|p1b: BbyIfloat|Heat Wave|p2b: Basculegion|[spread] p2a,p2b\n|-resisted|p2b: Basculegion\n|-damage|p2a: Regieleki|0 fnt\n|-damage|p2b: Basculegion|53\/100\n|faint|p2a: Regieleki\n|move|p2b: Basculegion|Liquidation|p1b: BbyIfloat\n|-supereffective|p1b: BbyIfloat\n|-damage|p1b: BbyIfloat|0 fnt\n|faint|p1b: BbyIfloat\n|\n|-weather|SunnyDay|[upkeep]\n|-fieldend|move: Gravity\n|-fieldend|move: Psychic Terrain\n|upkeep\n|\n|t:|1699398878\n|switch|p2a: Dugtrio|Dugtrio, F|100\/100\n|switch|p1b: Enough|Sableye, F|77\/100\n|turn|6\n|\n|t:|1699398890\n|switch|p1a: HydroMiss|Iron Bundle|100\/100\n|-enditem|p1a: HydroMiss|Booster Energy\n|-activate|p1a: HydroMiss|ability: Quark Drive|[fromitem]\n|-start|p1a: HydroMiss|quarkdrivespa\n|move|p1b: Enough|Gravity|p1b: Enough\n|-fieldstart|move: Gravity\n|move|p2b: Basculegion|Liquidation|p1b: Enough\n|-crit|p1b: Enough\n|-damage|p1b: Enough|40\/100\n|move|p2a: Dugtrio|Rock Slide|p1a: HydroMiss|[spread] p1a,p1b\n|-supereffective|p1a: HydroMiss\n|-damage|p1a: HydroMiss|70\/100\n|-damage|p1b: Enough|27\/100\n|\n|-weather|SunnyDay|[upkeep]\n|upkeep\n|turn|7\n|\n|t:|1699398910\n|move|p1b: Enough|Detect|p1b: Enough\n|-singleturn|p1b: Enough|Protect\n|move|p1a: HydroMiss|Blizzard|p2a: Dugtrio|[spread] p2a,p2b\n|-supereffective|p2a: Dugtrio\n|-resisted|p2b: Basculegion\n|-enditem|p2a: Dugtrio|Focus Sash\n|-damage|p2a: Dugtrio|1\/100\n|-damage|p2b: Basculegion|21\/100\n|move|p2b: Basculegion|Liquidation|p1a: HydroMiss\n|-resisted|p1a: HydroMiss\n|-damage|p1a: HydroMiss|56\/100\n|move|p2a: Dugtrio|Rock Slide|p1b: Enough|[spread] p1a\n|-activate|p1b: Enough|move: Protect\n|-supereffective|p1a: HydroMiss\n|-crit|p1a: HydroMiss\n|-damage|p1a: HydroMiss|7\/100\n|\n|-weather|SunnyDay|[upkeep]\n|upkeep\n|turn|8\n|\n|t:|1699398929\n|move|p2a: Dugtrio|Endure|p2a: Dugtrio\n|-singleturn|p2a: Dugtrio|move: Endure\n|move|p1b: Enough|Disable|p2b: Basculegion\n|-start|p2b: Basculegion|Disable|Liquidation\n|move|p1a: HydroMiss|Blizzard|p2a: Dugtrio|[spread] p2a,p2b\n|-supereffective|p2a: Dugtrio\n|-resisted|p2b: Basculegion\n|-activate|p2a: Dugtrio|move: Endure\n|-damage|p2a: Dugtrio|1\/100\n|-damage|p2b: Basculegion|0 fnt\n|faint|p2b: Basculegion\n|\n|-weather|SunnyDay|[upkeep]\n|-sideend|p1: Grwumpy|move: Tailwind\n|upkeep\n|turn|9\n|\n|t:|1699398943\n|-terastallize|p2a: Dugtrio|Flying\n|move|p1b: Enough|Encore|p2a: Dugtrio\n|-start|p2a: Dugtrio|Encore\n|move|p2a: Dugtrio|Endure|p2a: Dugtrio\n|-singleturn|p2a: Dugtrio|move: Endure\n|move|p1a: HydroMiss|Hydro Pump|p2a: Dugtrio\n|-activate|p2a: Dugtrio|move: Endure\n|-damage|p2a: Dugtrio|1\/100\n|\n|-weather|SunnyDay|[upkeep]\n|upkeep\n|turn|10\n|\n|t:|1699398953\n|move|p2a: Dugtrio|Endure||[still]\n|-fail|p2a: Dugtrio\n|move|p1b: Enough|Disable|p2a: Dugtrio\n|-start|p2a: Dugtrio|Disable|Endure\n|move|p1a: HydroMiss|Hydro Pump|p2a: Dugtrio\n|-damage|p2a: Dugtrio|0 fnt\n|faint|p2a: Dugtrio\n|\n|win|Grwumpy\n|raw|Grwumpy's rating: 1089 &rarr; <strong>1122<\/strong><br \/>(+33 for winning)\n|raw|Moklionty3's rating: 1170 &rarr; <strong>1139<\/strong><br \/>(-31 for losing)\n|l|\u203dMoklionty3\n","uploadtime":1699398961,"views":8,"p1id":"grwumpy","p2id":"moklionty3","formatid":"gen9doublesou","rating":1122,"private":0,"password":""}