{"id":"gen9doublesou-1968920061","p1":"nadlei37","p2":"SylverOmega","format":"[Gen 9] Doubles OU","log":"|j|\u2606nadlei37\n|j|\u2606SylverOmega\n|t:|1697475501\n|gametype|doubles\n|player|p1|nadlei37|266|\n|player|p2|SylverOmega|palmer|\n|teamsize|p1|6\n|teamsize|p2|6\n|gen|9\n|tier|[Gen 9] Doubles OU\n|rule|Species Clause: Limit one of each Pok\u00e9mon\n|rule|OHKO Clause: OHKO moves are banned\n|rule|Evasion Moves Clause: Evasion moves are banned\n|rule|Gravity Sleep Clause: The combination of sleep-inducing moves with imperfect accuracy and Gravity or Gigantamax Orbeetle are banned\n|rule|Endless Battle Clause: Forcing endless battles is banned\n|rule|HP Percentage Mod: HP is shown in percentages\n|clearpoke\n|poke|p1|Pelipper, F|\n|poke|p1|Palafin, F|\n|poke|p1|Amoonguss, F|\n|poke|p1|Flutter Mane|\n|poke|p1|Kingambit, F|\n|poke|p1|Arcanine, F|\n|poke|p2|Dudunsparce-*, M|\n|poke|p2|Maushold|\n|poke|p2|Armarouge, M|\n|poke|p2|Indeedee-F, F|\n|poke|p2|Gardevoir, F|\n|poke|p2|Ursaluna-Bloodmoon, M|\n|teampreview\n|inactive|Battle timer is ON: inactive players will automatically lose when time's up. (requested by SylverOmega)\n|c|\u2606SylverOmega|Hf\n|c|\u2606nadlei37|glhf\n|\n|t:|1697475531\n|start\n|switch|p1a: Palafin|Palafin, F|100\/100\n|switch|p1b: Arcanine|Arcanine, F|100\/100\n|switch|p2a: Indeedee|Indeedee-F, F|100\/100\n|switch|p2b: Armarouge|Armarouge, M|100\/100\n|-ability|p1b: Arcanine|Intimidate|boost\n|-unboost|p2a: Indeedee|atk|1\n|-unboost|p2b: Armarouge|atk|1\n|-fieldstart|move: Psychic Terrain|[from] ability: Psychic Surge|[of] p2a: Indeedee\n|turn|1\n|\n|t:|1697475560\n|detailschange|p1a: Palafin|Palafin-Hero, F\n|switch|p1a: Kingambit|Kingambit, F|100\/100\n|move|p2a: Indeedee|Follow Me|p2a: Indeedee\n|-singleturn|p2a: Indeedee|move: Follow Me\n|move|p1b: Arcanine|Snarl|p2b: Armarouge|[spread] p2b\n|-miss|p1b: Arcanine|p2a: Indeedee\n|-supereffective|p2b: Armarouge\n|-damage|p2b: Armarouge|85\/100\n|-unboost|p2b: Armarouge|spa|1\n|move|p2b: Armarouge|Expanding Force|p1a: Kingambit|[spread] p1b\n|-immune|p1a: Kingambit\n|-damage|p1b: Arcanine|64\/100\n|\n|upkeep\n|turn|2\n|inactive|SylverOmega has 270 seconds left.\n|\n|t:|1697475599\n|move|p2a: Indeedee|Helping Hand|p2b: Armarouge\n|-singleturn|p2b: Armarouge|Helping Hand|[of] p2a: Indeedee\n|move|p1a: Kingambit|Protect|p1a: Kingambit\n|-singleturn|p1a: Kingambit|Protect\n|move|p1b: Arcanine|Snarl|p2a: Indeedee|[spread] p2a,p2b\n|-supereffective|p2a: Indeedee\n|-supereffective|p2b: Armarouge\n|-damage|p2a: Indeedee|85\/100\n|-damage|p2b: Armarouge|69\/100\n|-unboost|p2a: Indeedee|spa|1\n|-unboost|p2b: Armarouge|spa|1\n|move|p2b: Armarouge|Heat Wave|p1b: Arcanine|[spread] p1b\n|-activate|p1a: Kingambit|move: Protect\n|-resisted|p1b: Arcanine\n|-damage|p1b: Arcanine|51\/100\n|\n|upkeep\n|turn|3\n|inactive|SylverOmega has 270 seconds left.\n|\n|t:|1697475623\n|switch|p1b: Pelipper|Pelipper, F|100\/100\n|-weather|RainDance|[from] ability: Drizzle|[of] p1b: Pelipper\n|switch|p2a: Maushold|Maushold|100\/100\n|switch|p2b: Dudunsparce|Dudunsparce-Three-Segment, M|100\/100\n|move|p1a: Kingambit|Kowtow Cleave|p2b: Dudunsparce\n|-damage|p2b: Dudunsparce|59\/100\n|-ability|p2b: Dudunsparce|Rattled|boost\n|-boost|p2b: Dudunsparce|spe|1\n|\n|-weather|RainDance|[upkeep]\n|upkeep\n|turn|4\n|inactive|SylverOmega has 270 seconds left.\n|inactive|nadlei37 has 270 seconds left.\n|\n|t:|1697475672\n|-terastallize|p2b: Dudunsparce|Psychic\n|move|p2a: Maushold|Beat Up|p2b: Dudunsparce\n|-supereffective|p2b: Dudunsparce\n|-damage|p2b: Dudunsparce|56\/100\n|-ability|p2b: Dudunsparce|Rattled|boost\n|-boost|p2b: Dudunsparce|spe|1\n|-enditem|p2b: Dudunsparce|Weakness Policy\n|-boost|p2b: Dudunsparce|atk|2|[from] item: Weakness Policy\n|-boost|p2b: Dudunsparce|spa|2|[from] item: Weakness Policy\n|-supereffective|p2b: Dudunsparce\n|-damage|p2b: Dudunsparce|52\/100\n|-ability|p2b: Dudunsparce|Rattled|boost\n|-boost|p2b: Dudunsparce|spe|1\n|-supereffective|p2b: Dudunsparce\n|-damage|p2b: Dudunsparce|50\/100\n|-ability|p2b: Dudunsparce|Rattled|boost\n|-boost|p2b: Dudunsparce|spe|1\n|-supereffective|p2b: Dudunsparce\n|-damage|p2b: Dudunsparce|48\/100\n|-ability|p2b: Dudunsparce|Rattled|boost\n|-boost|p2b: Dudunsparce|spe|1\n|-supereffective|p2b: Dudunsparce\n|-damage|p2b: Dudunsparce|45\/100\n|-ability|p2b: Dudunsparce|Rattled|boost\n|-boost|p2b: Dudunsparce|spe|1\n|-supereffective|p2b: Dudunsparce\n|-damage|p2b: Dudunsparce|43\/100\n|-hitcount|p2b: Dudunsparce|6\n|move|p2b: Dudunsparce|Baton Pass|p2b: Dudunsparce\n|inactive|SylverOmega has 240 seconds left.\n|\n|t:|1697475695\n|switch|p2b: Ursaluna|Ursaluna-Bloodmoon, M|100\/100|[from] Baton Pass\n|move|p1b: Pelipper|Weather Ball|p2b: Ursaluna\n|-supereffective|p2b: Ursaluna\n|-damage|p2b: Ursaluna|25\/100\n|move|p1a: Kingambit|Kowtow Cleave|p2b: Ursaluna\n|-damage|p2b: Ursaluna|0 fnt\n|faint|p2b: Ursaluna\n|\n|-weather|RainDance|[upkeep]\n|upkeep\n|c|\u2606nadlei37|que miedo eso en verdad\n|\n|t:|1697475711\n|switch|p2b: Indeedee|Indeedee-F, F|85\/100\n|turn|5\n|inactive|SylverOmega has 240 seconds left.\n|\n|t:|1697475731\n|switch|p1b: Arcanine|Arcanine, F|51\/100\n|-ability|p1b: Arcanine|Intimidate|boost\n|-unboost|p2a: Maushold|atk|1\n|-unboost|p2b: Indeedee|atk|1\n|move|p2a: Maushold|Fake Tears|p1b: Arcanine\n|-unboost|p1b: Arcanine|spd|2\n|move|p2b: Indeedee|Heal Pulse|p2a: Maushold\n|-fail|p2a: Maushold|heal\n|move|p1a: Kingambit|Kowtow Cleave|p2b: Indeedee\n|-supereffective|p2b: Indeedee\n|-damage|p2b: Indeedee|0 fnt\n|faint|p2b: Indeedee\n|\n|-weather|RainDance|[upkeep]\n|upkeep\n|\n|t:|1697475748\n|switch|p2b: Armarouge|Armarouge, M|69\/100\n|turn|6\n|\n|t:|1697475758\n|move|p2a: Maushold|Follow Me|p2a: Maushold\n|-singleturn|p2a: Maushold|move: Follow Me\n|move|p1b: Arcanine|Snarl|p2b: Armarouge|[spread] p2a,p2b\n|-supereffective|p2b: Armarouge\n|-damage|p2a: Maushold|89\/100\n|-damage|p2b: Armarouge|57\/100\n|-unboost|p2a: Maushold|spa|1\n|-unboost|p2b: Armarouge|spa|1\n|move|p2b: Armarouge|Expanding Force|p1b: Arcanine|[spread] p1b\n|-immune|p1a: Kingambit\n|-damage|p1b: Arcanine|0 fnt\n|faint|p1b: Arcanine\n|move|p1a: Kingambit|Kowtow Cleave|p2a: Maushold\n|-damage|p2a: Maushold|16\/100\n|\n|-weather|RainDance|[upkeep]\n|upkeep\n|\n|t:|1697475778\n|switch|p1b: Palafin|Palafin-Hero, F|100\/100\n|-activate|p1b: Palafin|ability: Zero to Hero\n|turn|7\n|inactive|SylverOmega has 270 seconds left.\n|\n|t:|1697475792\n|move|p2a: Maushold|Follow Me|p2a: Maushold\n|-singleturn|p2a: Maushold|move: Follow Me\n|move|p1b: Palafin|Flip Turn|p2a: Maushold\n|-damage|p2a: Maushold|0 fnt\n|faint|p2a: Maushold\n|c|\u2606SylverOmega|Gg\n|\n|t:|1697475806\n|switch|p1b: Flutter Mane|Flutter Mane|100\/100|[from] Flip Turn\n|move|p2b: Armarouge|Energy Ball|p1b: Flutter Mane\n|-damage|p1b: Flutter Mane|81\/100\n|move|p1a: Kingambit|Kowtow Cleave|p2b: Armarouge\n|-supereffective|p2b: Armarouge\n|-damage|p2b: Armarouge|0 fnt\n|faint|p2b: Armarouge\n|\n|-weather|RainDance|[upkeep]\n|upkeep\n|c|\u2606nadlei37|gg\n|inactive|SylverOmega has 270 seconds left.\n|c|\u2606SylverOmega|Lo hice horrible y todo por no seguir mi estrategia\n|-message|SylverOmega forfeited.\n|\n|win|nadlei37\n|l|\u2606SylverOmega\n","uploadtime":1697475866,"views":14,"p1id":"nadlei37","p2id":"sylveromega","formatid":"gen9doublesou","rating":0,"private":0,"password":""}