{"id":"gen9doublesou-1990739314","p1":"klydeizac","p2":"kirigayaxr","format":"[Gen 9] Doubles OU","log":"|j|\u2606klydeizac\n|j|\u2606kirigayaxr\n|t:|1699996324\n|gametype|doubles\n|player|p1|klydeizac|170|1071\n|player|p2|kirigayaxr|101|1170\n|teamsize|p1|6\n|teamsize|p2|6\n|gen|9\n|tier|[Gen 9] Doubles OU\n|rated|\n|rule|Species Clause: Limit one of each Pok\u00e9mon\n|rule|OHKO Clause: OHKO moves are banned\n|rule|Evasion Moves Clause: Evasion moves are banned\n|rule|Gravity Sleep Clause: The combination of sleep-inducing moves with imperfect accuracy and Gravity or Gigantamax Orbeetle are banned\n|rule|Endless Battle Clause: Forcing endless battles is banned\n|rule|HP Percentage Mod: HP is shown in percentages\n|clearpoke\n|poke|p1|Fezandipiti, M|\n|poke|p1|Scream Tail|\n|poke|p1|Grimmsnarl, M|\n|poke|p1|Enamorus, F|\n|poke|p1|Iron Valiant|\n|poke|p1|Flutter Mane|\n|poke|p2|Chien-Pao|\n|poke|p2|Dragonite, M|\n|poke|p2|Ogerpon-Hearthflame, F|\n|poke|p2|Palafin, M|\n|poke|p2|Thundurus, M|\n|poke|p2|Sinistcha|\n|teampreview\n|\n|t:|1699996338\n|start\n|switch|p1a: Grimmsnarl|Grimmsnarl, M, shiny|100\/100\n|switch|p1b: Scream Tail|Scream Tail, shiny|100\/100\n|switch|p2a: Thundurus|Thundurus, M|100\/100\n|switch|p2b: Ogerpon|Ogerpon-Hearthflame, F|100\/100\n|-ability|p2b: Ogerpon|Mold Breaker\n|turn|1\n|inactive|Battle timer is ON: inactive players will automatically lose when time's up. (requested by kirigayaxr)\n|\n|t:|1699996352\n|move|p1a: Grimmsnarl|Fake Out|p2a: Thundurus\n|-damage|p2a: Thundurus|84\/100\n|cant|p2a: Thundurus|flinch\n|move|p2b: Ogerpon|Ivy Cudgel|p1a: Grimmsnarl|[anim] Ivy Cudgel Fire\n|-damage|p1a: Grimmsnarl|29\/100\n|move|p1b: Scream Tail|Stealth Rock|p2b: Ogerpon\n|-sidestart|p2: kirigayaxr|move: Stealth Rock\n|\n|upkeep\n|turn|2\n|inactive|klydeizac has 120 seconds left.\n|\n|t:|1699996386\n|move|p2a: Thundurus|Rain Dance|p2a: Thundurus\n|-weather|RainDance\n|move|p1a: Grimmsnarl|Reflect|p1a: Grimmsnarl\n|-sidestart|p1: klydeizac|Reflect\n|move|p2b: Ogerpon|Ivy Cudgel|p1a: Grimmsnarl|[anim] Ivy Cudgel Fire\n|-damage|p1a: Grimmsnarl|3\/100\n|move|p1b: Scream Tail|Perish Song|p1b: Scream Tail\n|-start|p1a: Grimmsnarl|perish3|[silent]\n|-start|p1b: Scream Tail|perish3|[silent]\n|-start|p2a: Thundurus|perish3|[silent]\n|-start|p2b: Ogerpon|perish3|[silent]\n|-fieldactivate|move: Perish Song\n|\n|-weather|RainDance|[upkeep]\n|-start|p2a: Thundurus|perish3\n|-start|p2b: Ogerpon|perish3\n|-start|p1b: Scream Tail|perish3\n|-start|p1a: Grimmsnarl|perish3\n|upkeep\n|turn|3\n|inactive|kirigayaxr has 120 seconds left.\n|inactive|kirigayaxr has 90 seconds left.\n|\n|t:|1699996474\n|move|p1a: Grimmsnarl|Trick|p2a: Thundurus\n|-activate|p1a: Grimmsnarl|move: Trick|[of] p2a: Thundurus\n|-item|p2a: Thundurus|Lagging Tail|[from] move: Trick\n|-item|p1a: Grimmsnarl|Aguav Berry|[from] move: Trick\n|-enditem|p1a: Grimmsnarl|Aguav Berry|[eat]\n|-heal|p1a: Grimmsnarl|37\/100|[from] item: Aguav Berry\n|move|p2a: Thundurus|Thunder|p1b: Scream Tail\n|-damage|p1b: Scream Tail|67\/100\n|move|p2b: Ogerpon|Stomping Tantrum|p1a: Grimmsnarl\n|-damage|p1a: Grimmsnarl|11\/100\n|move|p1b: Scream Tail|Sunny Day|p1b: Scream Tail\n|-weather|SunnyDay\n|-activate|p1b: Scream Tail|ability: Protosynthesis\n|-start|p1b: Scream Tail|protosynthesisspd\n|\n|-weather|SunnyDay|[upkeep]\n|-start|p2a: Thundurus|perish2\n|-start|p2b: Ogerpon|perish2\n|-start|p1b: Scream Tail|perish2\n|-start|p1a: Grimmsnarl|perish2\n|upkeep\n|turn|4\n|inactive|klydeizac has 120 seconds left.\n|inactive|klydeizac has 90 seconds left.\n|inactive|klydeizac has 60 seconds left.\n|\n|t:|1699996566\n|move|p2b: Ogerpon|Ivy Cudgel|p1b: Scream Tail|[anim] Ivy Cudgel Fire\n|-damage|p1b: Scream Tail|27\/100\n|move|p1b: Scream Tail|Disable|p2a: Thundurus\n|-start|p2a: Thundurus|Disable|Thunder\n|move|p1a: Grimmsnarl|False Surrender|p2a: Thundurus\n|-damage|p2a: Thundurus|33\/100\n|move|p2a: Thundurus|Flash Cannon|p1a: Grimmsnarl\n|-supereffective|p1a: Grimmsnarl\n|-damage|p1a: Grimmsnarl|0 fnt\n|faint|p1a: Grimmsnarl\n|\n|-weather|SunnyDay|[upkeep]\n|-start|p2a: Thundurus|perish1\n|-start|p2b: Ogerpon|perish1\n|-start|p1b: Scream Tail|perish1\n|upkeep\n|inactive|klydeizac has 60 seconds left.\n|\n|t:|1699996599\n|switch|p1a: Enamorus|Enamorus, F|100\/100\n|turn|5\n|inactive|kirigayaxr has 90 seconds left.\n|\n|t:|1699996621\n|switch|p2a: Sinistcha|Sinistcha|100\/100\n|-damage|p2a: Sinistcha|88\/100|[from] Stealth Rock\n|switch|p2b: Chien-Pao|Chien-Pao|100\/100\n|-damage|p2b: Chien-Pao|76\/100|[from] Stealth Rock\n|-ability|p2b: Chien-Pao|Sword of Ruin\n|-end|p1b: Scream Tail|Protosynthesis|[silent]\n|switch|p1b: Fezandipiti|Fezandipiti, M|100\/100\n|move|p1a: Enamorus|Superpower|p2b: Chien-Pao\n|-supereffective|p2b: Chien-Pao\n|-damage|p2b: Chien-Pao|0 fnt\n|-boost|p1a: Enamorus|atk|1\n|-boost|p1a: Enamorus|def|1\n|faint|p2b: Chien-Pao\n|\n|-weather|SunnyDay|[upkeep]\n|-heal|p2a: Sinistcha|94\/100|[from] item: Leftovers\n|upkeep\n|\n|t:|1699996644\n|switch|p2b: Dragonite|Dragonite, M|100\/100\n|-damage|p2b: Dragonite|76\/100|[from] Stealth Rock\n|turn|6\n|inactive|kirigayaxr has 90 seconds left.\n|inactive|klydeizac has 60 seconds left.\n|-message|kirigayaxr forfeited.\n|\n|win|klydeizac\n|raw|klydeizac's rating: 1071 &rarr; <strong>1108<\/strong><br \/>(+37 for winning)\n|raw|kirigayaxr's rating: 1170 &rarr; <strong>1138<\/strong><br \/>(-32 for losing)\n|l|\u2606kirigayaxr\n","uploadtime":1699996672,"views":17,"p1id":"klydeizac","p2id":"kirigayaxr","formatid":"gen9doublesou","rating":1108,"private":0,"password":""}