{"id":"gen9doublesou-1975990717","p1":"clara69","p2":"Niter2003","format":"[Gen 9] Doubles OU","log":"|j|\u2606clara69\n|j|\u2606Niter2003\n|t:|1698254773\n|gametype|doubles\n|player|p1|clara69|whitney|\n|player|p2|Niter2003|cynthia-gen4|\n|teamsize|p1|6\n|teamsize|p2|6\n|gen|9\n|tier|[Gen 9] Doubles OU\n|rule|Species Clause: Limit one of each Pok\u00e9mon\n|rule|OHKO Clause: OHKO moves are banned\n|rule|Evasion Moves Clause: Evasion moves are banned\n|rule|Gravity Sleep Clause: The combination of sleep-inducing moves with imperfect accuracy and Gravity or Gigantamax Orbeetle are banned\n|rule|Endless Battle Clause: Forcing endless battles is banned\n|rule|HP Percentage Mod: HP is shown in percentages\n|clearpoke\n|poke|p1|Polteageist-Antique|\n|poke|p1|Mew|\n|poke|p1|Cresselia, F|\n|poke|p1|Golduck, M|\n|poke|p1|Diancie|\n|poke|p1|Volcanion|\n|poke|p2|Tornadus, M|\n|poke|p2|Iron Hands|\n|poke|p2|Rillaboom, F|\n|poke|p2|Flutter Mane|\n|poke|p2|Ogerpon-Hearthflame, F|\n|poke|p2|Heatran, M|\n|teampreview\n|\n|t:|1698254799\n|start\n|switch|p1a: wibi!!!wibi!!!|Polteageist-Antique, shiny|100\/100\n|switch|p1b: Edd00chan|Golduck, M|100\/100\n|switch|p2a: Tornadus|Tornadus, M|100\/100\n|switch|p2b: Rillaboom|Rillaboom, F|100\/100\n|-ability|p1b: Edd00chan|Cloud Nine\n|-fieldstart|move: Grassy Terrain|[from] ability: Grassy Surge|[of] p2b: Rillaboom\n|turn|1\n|\n|t:|1698254814\n|move|p2a: Tornadus|Tailwind|p2a: Tornadus\n|-sidestart|p2: Niter2003|move: Tailwind\n|move|p2b: Rillaboom|Grassy Glide|p1b: Edd00chan\n|-supereffective|p1b: Edd00chan\n|-damage|p1b: Edd00chan|9\/100\n|move|p1b: Edd00chan|Simple Beam|p1a: wibi!!!wibi!!!\n|-endability|p1a: wibi!!!wibi!!!|Weak Armor|[from] move: Simple Beam\n|-ability|p1a: wibi!!!wibi!!!|Simple|[from] move: Simple Beam\n|move|p1a: wibi!!!wibi!!!|Shell Smash|p1a: wibi!!!wibi!!!\n|-unboost|p1a: wibi!!!wibi!!!|def|2\n|-unboost|p1a: wibi!!!wibi!!!|spd|2\n|-boost|p1a: wibi!!!wibi!!!|atk|4\n|-boost|p1a: wibi!!!wibi!!!|spa|4\n|-boost|p1a: wibi!!!wibi!!!|spe|4\n|\n|-heal|p1b: Edd00chan|15\/100|[from] Grassy Terrain\n|upkeep\n|turn|2\n|\n|t:|1698254838\n|move|p2a: Tornadus|Bleakwind Storm|p1b: Edd00chan|[spread] p1a,p1b\n|-damage|p1a: wibi!!!wibi!!!|39\/100\n|-damage|p1b: Edd00chan|0 fnt\n|faint|p1b: Edd00chan\n|move|p1a: wibi!!!wibi!!!|Stored Power|p2b: Rillaboom\n|-damage|p2b: Rillaboom|0 fnt\n|faint|p2b: Rillaboom\n|\n|-heal|p1a: wibi!!!wibi!!!|45\/100|[from] Grassy Terrain\n|upkeep\n|\n|t:|1698254851\n|switch|p1b: COCO :3|Mew|100\/100\n|switch|p2b: Pupipupas|Flutter Mane|100\/100\n|turn|3\n|\n|t:|1698254860\n|move|p2a: Tornadus|Sunny Day|p2a: Tornadus\n|-weather|SunnyDay\n|-activate|p2b: Pupipupas|ability: Protosynthesis\n|-start|p2b: Pupipupas|protosynthesisspa\n|move|p2b: Pupipupas|Shadow Ball|p1a: wibi!!!wibi!!!\n|-supereffective|p1a: wibi!!!wibi!!!\n|-damage|p1a: wibi!!!wibi!!!|0 fnt\n|faint|p1a: wibi!!!wibi!!!\n|move|p1b: COCO :3|Transform|p1: wibi!!!wibi!!!|[notarget]\n|-fail|p1b: COCO :3\n|\n|-weather|SunnyDay|[upkeep]\n|upkeep\n|\n|t:|1698254872\n|switch|p1a: BULTO 4NAL|Volcanion|100\/100\n|turn|4\n|\n|t:|1698254879\n|move|p2a: Tornadus|Taunt|p1a: BULTO 4NAL\n|-start|p1a: BULTO 4NAL|move: Taunt\n|move|p2b: Pupipupas|Shadow Ball|p1b: COCO :3\n|-supereffective|p1b: COCO :3\n|-damage|p1b: COCO :3|0 fnt\n|faint|p1b: COCO :3\n|move|p1a: BULTO 4NAL|Heavy Slam|p2b: Pupipupas\n|-supereffective|p2b: Pupipupas\n|-crit|p2b: Pupipupas\n|-damage|p2b: Pupipupas|0 fnt\n|faint|p2b: Pupipupas\n|-end|p2b: Pupipupas|Protosynthesis|[silent]\n|\n|-weather|SunnyDay|[upkeep]\n|-sideend|p2: Niter2003|move: Tailwind\n|upkeep\n|\n|t:|1698254898\n|switch|p2b: Heatran|Heatran, M|100\/100\n|switch|p1b: odette<3|Cresselia, F|100\/100\n|turn|5\n|\n|t:|1698254906\n|move|p2a: Tornadus|Tailwind|p2a: Tornadus\n|-sidestart|p2: Niter2003|move: Tailwind\n|move|p2b: Heatran|Flash Cannon|p1b: odette<3\n|-damage|p1b: odette<3|73\/100\n|move|p1b: odette<3|Calm Mind|p1b: odette<3\n|-boost|p1b: odette<3|spa|1\n|-boost|p1b: odette<3|spd|1\n|move|p1a: BULTO 4NAL|Earth Power|p2b: Heatran\n|-supereffective|p2b: Heatran\n|-damage|p2b: Heatran|17\/100\n|\n|-weather|SunnyDay|[upkeep]\n|-heal|p2b: Heatran|23\/100|[from] Grassy Terrain\n|-heal|p1b: odette<3|79\/100|[from] item: Leftovers\n|-fieldend|move: Grassy Terrain\n|upkeep\n|turn|6\n|\n|t:|1698254925\n|move|p2a: Tornadus|Bleakwind Storm|p1b: odette<3|[spread] p1a,p1b\n|-damage|p1a: BULTO 4NAL|79\/100\n|-damage|p1b: odette<3|65\/100\n|-unboost|p1b: odette<3|spe|1\n|move|p2b: Heatran|Earth Power|p1a: BULTO 4NAL\n|-supereffective|p1a: BULTO 4NAL\n|-damage|p1a: BULTO 4NAL|35\/100\n|move|p1a: BULTO 4NAL|Earth Power|p2b: Heatran\n|-supereffective|p2b: Heatran\n|-damage|p2b: Heatran|0 fnt\n|faint|p2b: Heatran\n|move|p1b: odette<3|Calm Mind|p1b: odette<3\n|-boost|p1b: odette<3|spa|1\n|-boost|p1b: odette<3|spd|1\n|\n|-weather|SunnyDay|[upkeep]\n|-heal|p1b: odette<3|71\/100|[from] item: Leftovers\n|-end|p1a: BULTO 4NAL|move: Taunt\n|upkeep\n|\n|t:|1698254933\n|switch|p2b: Ogerpon|Ogerpon-Hearthflame, F|100\/100\n|-ability|p2b: Ogerpon|Mold Breaker\n|turn|7\n|\n|t:|1698254950\n|move|p1b: odette<3|Ally Switch|p1b: odette<3\n|swap|p1b: odette<3|0|[from] move: Ally Switch\n|move|p2b: Ogerpon|Ivy Cudgel|p1b: BULTO 4NAL\n|-resisted|p1b: BULTO 4NAL\n|-damage|p1b: BULTO 4NAL|18\/100\n|move|p2a: Tornadus|Bleakwind Storm|p1b: BULTO 4NAL|[spread] p1b\n|-miss|p2a: Tornadus|p1a: odette<3\n|-damage|p1b: BULTO 4NAL|0 fnt\n|faint|p1b: BULTO 4NAL\n|\n|-weather|none\n|-heal|p1a: odette<3|77\/100|[from] item: Leftovers\n|upkeep\n|\n|t:|1698254960\n|switch|p1b: caramelo rosa|Diancie|100\/100\n|turn|8\n|\n|t:|1698254987\n|move|p2a: Tornadus|Sunny Day|p2a: Tornadus\n|-weather|SunnyDay\n|move|p2b: Ogerpon|Ivy Cudgel|p1a: odette<3\n|-crit|p1a: odette<3\n|-damage|p1a: odette<3|12\/100\n|move|p1b: caramelo rosa|Diamond Storm|p2b: Ogerpon|[spread] p2a,p2b\n|-supereffective|p2a: Tornadus\n|-supereffective|p2b: Ogerpon\n|-damage|p2a: Tornadus|38\/100\n|-damage|p2b: Ogerpon|15\/100\n|-boost|p1b: caramelo rosa|def|2\n|-damage|p1b: caramelo rosa|91\/100|[from] item: Life Orb\n|move|p1a: odette<3|Ice Beam|p2a: Tornadus\n|-supereffective|p2a: Tornadus\n|-damage|p2a: Tornadus|0 fnt\n|faint|p2a: Tornadus\n|\n|-weather|SunnyDay|[upkeep]\n|-heal|p1a: odette<3|18\/100|[from] item: Leftovers\n|-sideend|p2: Niter2003|move: Tailwind\n|upkeep\n|\n|t:|1698254999\n|switch|p2a: Manolo|Iron Hands|100\/100\n|turn|9\n|\n|t:|1698255019\n|-terastallize|p2b: Ogerpon|Fire\n|detailschange|p2b: Ogerpon|Ogerpon-Hearthflame-Tera, F, tera:Fire\n|-ability|p2b: Ogerpon|Embody Aspect (Hearthflame)|boost\n|-boost|p2b: Ogerpon|atk|1\n|move|p2b: Ogerpon|Ivy Cudgel|p1a: odette<3\n|-damage|p1a: odette<3|0 fnt\n|faint|p1a: odette<3\n|move|p1b: caramelo rosa|Diamond Storm|p2a: Manolo|[spread] p2a,p2b\n|-resisted|p2a: Manolo\n|-supereffective|p2b: Ogerpon\n|-damage|p2a: Manolo|89\/100\n|-damage|p2b: Ogerpon|0 fnt\n|faint|p2b: Ogerpon\n|-damage|p1b: caramelo rosa|81\/100|[from] item: Life Orb\n|move|p2a: Manolo|Drain Punch|p1b: caramelo rosa\n|-damage|p1b: caramelo rosa|66\/100\n|-heal|p2a: Manolo|94\/100|[from] drain|[of] p1b: caramelo rosa\n|\n|-weather|SunnyDay|[upkeep]\n|upkeep\n|turn|10\n|\n|t:|1698255037\n|move|p1b: caramelo rosa|Moonblast|p2a: Manolo\n|-supereffective|p2a: Manolo\n|-damage|p2a: Manolo|33\/100\n|-enditem|p2a: Manolo|Sitrus Berry|[eat]\n|-heal|p2a: Manolo|58\/100|[from] item: Sitrus Berry\n|-damage|p1b: caramelo rosa|56\/100|[from] item: Life Orb\n|move|p2a: Manolo|Swords Dance|p2a: Manolo\n|-boost|p2a: Manolo|atk|2\n|\n|-weather|SunnyDay|[upkeep]\n|upkeep\n|turn|11\n|\n|t:|1698255047\n|-terastallize|p1b: caramelo rosa|Ground\n|move|p1b: caramelo rosa|Moonblast|p2a: Manolo\n|-supereffective|p2a: Manolo\n|-damage|p2a: Manolo|0 fnt\n|faint|p2a: Manolo\n|-end|p2a: Manolo|Quark Drive|[silent]\n|-damage|p1b: caramelo rosa|46\/100|[from] item: Life Orb\n|\n|win|clara69\n|l|\u2606Niter2003\n","uploadtime":1698255060,"views":15,"p1id":"clara69","p2id":"niter2003","formatid":"gen9doublesou","rating":0,"private":0,"password":""}