{"id":"gen9doublesou-1977934371","p1":"Thehombre","p2":"GrimmterZ","format":"[Gen 9] Doubles OU","log":"|j|\u2606Thehombre\n|j|\u2606GrimmterZ\n|t:|1698468870\n|gametype|doubles\n|player|p1|Thehombre|169|1132\n|player|p2|GrimmterZ|steven|1149\n|teamsize|p1|6\n|teamsize|p2|6\n|gen|9\n|tier|[Gen 9] Doubles OU\n|rated|\n|rule|Species Clause: Limit one of each Pok\u00e9mon\n|rule|OHKO Clause: OHKO moves are banned\n|rule|Evasion Moves Clause: Evasion moves are banned\n|rule|Gravity Sleep Clause: The combination of sleep-inducing moves with imperfect accuracy and Gravity or Gigantamax Orbeetle are banned\n|rule|Endless Battle Clause: Forcing endless battles is banned\n|rule|HP Percentage Mod: HP is shown in percentages\n|clearpoke\n|poke|p1|Chi-Yu|\n|poke|p1|Torkoal, F|\n|poke|p1|Gastrodon, M|\n|poke|p1|Iron Moth|\n|poke|p1|Houndoom, F|\n|poke|p1|Dragonite, F|\n|poke|p2|Empoleon, F|\n|poke|p2|Armarouge, F|\n|poke|p2|Sinistcha|\n|poke|p2|Indeedee-F, F|\n|poke|p2|Iron Hands|\n|poke|p2|Chien-Pao|\n|teampreview\n|inactive|Battle timer is ON: inactive players will automatically lose when time's up. (requested by Thehombre)\n|\n|t:|1698468884\n|start\n|switch|p1a: Chi-Yu|Chi-Yu|100\/100\n|switch|p1b: Iron Moth|Iron Moth|100\/100\n|switch|p2a: Toraide|Empoleon, F|100\/100\n|switch|p2b: Random|Indeedee-F, F|100\/100\n|-ability|p1a: Chi-Yu|Beads of Ruin\n|-fieldstart|move: Psychic Terrain|[from] ability: Psychic Surge|[of] p2b: Random\n|turn|1\n|\n|t:|1698468900\n|move|p1b: Iron Moth|Electric Terrain|p1b: Iron Moth\n|-fieldstart|move: Electric Terrain\n|-activate|p1b: Iron Moth|ability: Quark Drive\n|-start|p1b: Iron Moth|quarkdrivespa\n|move|p1a: Chi-Yu|Nasty Plot|p1a: Chi-Yu\n|-boost|p1a: Chi-Yu|spa|2\n|move|p2a: Toraide|Hydro Cannon|p1a: Chi-Yu|[miss]\n|-miss|p2a: Toraide|p1a: Chi-Yu\n|move|p2b: Random|Trick Room|p2b: Random\n|-fieldstart|move: Trick Room|[of] p2b: Random\n|\n|upkeep\n|turn|2\n|\n|t:|1698468917\n|-end|p1b: Iron Moth|Quark Drive|[silent]\n|switch|p1b: Torkoal|Torkoal, F|100\/100\n|-weather|SunnyDay|[from] ability: Drought|[of] p1b: Torkoal\n|move|p2b: Random|Helping Hand|p2a: Toraide\n|-singleturn|p2a: Toraide|Helping Hand|[of] p2b: Random\n|move|p2a: Toraide|Hydro Cannon|p1a: Chi-Yu\n|-supereffective|p1a: Chi-Yu\n|-damage|p1a: Chi-Yu|0 fnt\n|-mustrecharge|p2a: Toraide\n|faint|p1a: Chi-Yu\n|\n|-weather|SunnyDay|[upkeep]\n|upkeep\n|\n|t:|1698468925\n|switch|p1a: Iron Moth|Iron Moth|100\/100\n|-activate|p1a: Iron Moth|ability: Quark Drive\n|-start|p1a: Iron Moth|quarkdrivespa\n|turn|3\n|\n|t:|1698468936\n|move|p2b: Random|Follow Me|p2b: Random\n|-singleturn|p2b: Random|move: Follow Me\n|move|p1b: Torkoal|Heat Wave|p2b: Random|[spread] p2a\n|-miss|p1b: Torkoal|p2b: Random\n|-damage|p2a: Toraide|51\/100\n|cant|p2a: Toraide|recharge\n|move|p1a: Iron Moth|Heat Wave|p2a: Toraide|[spread] p2a,p2b\n|-damage|p2a: Toraide|0 fnt\n|-damage|p2b: Random|17\/100\n|faint|p2a: Toraide\n|\n|-weather|SunnyDay|[upkeep]\n|upkeep\n|\n|t:|1698468947\n|switch|p2a: Armagedom|Armarouge, F|100\/100\n|turn|4\n|\n|t:|1698468968\n|-end|p1a: Iron Moth|Quark Drive|[silent]\n|switch|p1a: Houndoom|Houndoom, F|100\/100\n|move|p2b: Random|Helping Hand|p2a: Armagedom\n|-singleturn|p2a: Armagedom|Helping Hand|[of] p2b: Random\n|move|p1b: Torkoal|Earth Power|p2a: Armagedom\n|-supereffective|p2a: Armagedom\n|-damage|p2a: Armagedom|48\/100\n|move|p2a: Armagedom|Expanding Force|p1a: Houndoom\n|-immune|p1a: Houndoom\n|\n|-weather|SunnyDay|[upkeep]\n|upkeep\n|turn|5\n|\n|t:|1698468987\n|move|p2a: Armagedom|Protect|p2a: Armagedom\n|-singleturn|p2a: Armagedom|Protect\n|move|p1b: Torkoal|Earth Power|p2a: Armagedom\n|-activate|p2a: Armagedom|move: Protect\n|move|p2b: Random|Heal Pulse|p2a: Armagedom\n|-activate|p2a: Armagedom|move: Protect\n|move|p1a: Houndoom|Dark Pulse|p2a: Armagedom\n|-activate|p2a: Armagedom|move: Protect\n|\n|-weather|SunnyDay|[upkeep]\n|-fieldend|move: Trick Room\n|-fieldend|move: Electric Terrain\n|upkeep\n|turn|6\n|\n|t:|1698469005\n|move|p1a: Houndoom|Dark Pulse|p2a: Armagedom\n|-supereffective|p2a: Armagedom\n|-damage|p2a: Armagedom|0 fnt\n|faint|p2a: Armagedom\n|move|p1b: Torkoal|Earth Power|p2b: Random\n|-damage|p2b: Random|0 fnt\n|faint|p2b: Random\n|\n|-weather|none\n|upkeep\n|\n|t:|1698469012\n|switch|p2b: Hariyama 2.0|Iron Hands|100\/100\n|switch|p2a: Chazim|Sinistcha|100\/100\n|turn|7\n|\n|t:|1698469026\n|switch|p1a: Iron Moth|Iron Moth|100\/100\n|move|p2b: Hariyama 2.0|Wild Charge|p1b: Torkoal\n|-damage|p1b: Torkoal|65\/100\n|-damage|p2b: Hariyama 2.0|94\/100|[from] Recoil\n|move|p1b: Torkoal|Heat Wave|p2a: Chazim|[spread] p2a,p2b\n|-supereffective|p2a: Chazim\n|-damage|p2a: Chazim|31\/100\n|-damage|p2b: Hariyama 2.0|72\/100\n|move|p2a: Chazim|Trick Room|p2a: Chazim\n|-fieldstart|move: Trick Room|[of] p2a: Chazim\n|\n|-heal|p2a: Chazim|37\/100|[from] item: Leftovers\n|upkeep\n|turn|8\n|\n|t:|1698469053\n|switch|p1b: Gastrodon|Gastrodon, M|100\/100\n|move|p2a: Chazim|Shadow Ball|p1b: Gastrodon\n|-damage|p1b: Gastrodon|80\/100\n|move|p2b: Hariyama 2.0|Wild Charge|p1b: Gastrodon\n|-immune|p1b: Gastrodon\n|move|p1a: Iron Moth|Heat Wave|p2a: Chazim|[spread] p2a,p2b\n|-supereffective|p2a: Chazim\n|-damage|p2a: Chazim|0 fnt\n|-damage|p2b: Hariyama 2.0|44\/100\n|faint|p2a: Chazim\n|\n|-heal|p1b: Gastrodon|86\/100|[from] item: Leftovers\n|upkeep\n|inactive|GrimmterZ has 120 seconds left.\n|\n|t:|1698469063\n|switch|p2a: Gato gelado|Chien-Pao|100\/100\n|-ability|p2a: Gato gelado|Sword of Ruin\n|turn|9\n|\n|t:|1698469075\n|move|p2a: Gato gelado|Sucker Punch|p1a: Iron Moth\n|-crit|p1a: Iron Moth\n|-damage|p1a: Iron Moth|0 fnt\n|faint|p1a: Iron Moth\n|-end|p1a: Iron Moth|Quark Drive|[silent]\n|move|p1b: Gastrodon|Earth Power|p2b: Hariyama 2.0\n|-supereffective|p2b: Hariyama 2.0\n|-damage|p2b: Hariyama 2.0|3\/100\n|-unboost|p2b: Hariyama 2.0|spd|1\n|move|p2b: Hariyama 2.0|Drain Punch|p1b: Gastrodon\n|-damage|p1b: Gastrodon|23\/100\n|-heal|p2b: Hariyama 2.0|31\/100|[from] drain|[of] p1b: Gastrodon\n|\n|-heal|p1b: Gastrodon|29\/100|[from] item: Leftovers\n|upkeep\n|\n|t:|1698469083\n|switch|p1a: Torkoal|Torkoal, F|65\/100\n|-weather|SunnyDay|[from] ability: Drought|[of] p1a: Torkoal\n|turn|10\n|\n|t:|1698469097\n|move|p2a: Gato gelado|Sucker Punch|p1a: Torkoal\n|-crit|p1a: Torkoal\n|-damage|p1a: Torkoal|12\/100\n|move|p1a: Torkoal|Heat Wave|p2a: Gato gelado|[spread] p2a,p2b\n|-supereffective|p2a: Gato gelado\n|-enditem|p2a: Gato gelado|Focus Sash\n|-damage|p2a: Gato gelado|1\/100\n|-damage|p2b: Hariyama 2.0|0 fnt\n|faint|p2b: Hariyama 2.0\n|-end|p2b: Hariyama 2.0|Quark Drive|[silent]\n|move|p1b: Gastrodon|Recover|p1b: Gastrodon\n|-heal|p1b: Gastrodon|79\/100\n|\n|-weather|SunnyDay|[upkeep]\n|-heal|p1b: Gastrodon|85\/100|[from] item: Leftovers\n|upkeep\n|turn|11\n|\n|t:|1698469112\n|move|p2a: Gato gelado|Sucker Punch||[still]\n|-fail|p2a: Gato gelado\n|move|p1a: Torkoal|Stealth Rock|p2a: Gato gelado\n|-sidestart|p2: GrimmterZ|move: Stealth Rock\n|move|p1b: Gastrodon|Chilling Water|p2a: Gato gelado\n|-damage|p2a: Gato gelado|0 fnt\n|faint|p2a: Gato gelado\n|\n|win|Thehombre\n|raw|Thehombre's rating: 1132 &rarr; <strong>1158<\/strong><br \/>(+26 for winning)\n|raw|GrimmterZ's rating: 1149 &rarr; <strong>1123<\/strong><br \/>(-26 for losing)\n","uploadtime":1698469115,"views":15,"p1id":"thehombre","p2id":"grimmterz","formatid":"gen9doublesou","rating":1123,"private":0,"password":""}