{"id":"gen9doublesou-1979364241","p1":"Rungy","p2":"SachaDahmen","format":"[Gen 9] Doubles OU","log":"|j|\u2606Rungy\n|j|\u2606SachaDahmen\n|t:|1698676657\n|gametype|doubles\n|player|p1|Rungy|gambler|1092\n|player|p2|SachaDahmen|101|1217\n|teamsize|p1|6\n|teamsize|p2|6\n|gen|9\n|tier|[Gen 9] Doubles OU\n|rated|\n|rule|Species Clause: Limit one of each Pok\u00e9mon\n|rule|OHKO Clause: OHKO moves are banned\n|rule|Evasion Moves Clause: Evasion moves are banned\n|rule|Gravity Sleep Clause: The combination of sleep-inducing moves with imperfect accuracy and Gravity or Gigantamax Orbeetle are banned\n|rule|Endless Battle Clause: Forcing endless battles is banned\n|rule|HP Percentage Mod: HP is shown in percentages\n|clearpoke\n|poke|p1|Weezing-Galar, M|\n|poke|p1|Gastrodon-East, F|\n|poke|p1|Farigiraf, M|\n|poke|p1|Wyrdeer, M|\n|poke|p1|Pelipper, F|\n|poke|p1|Sinistcha|\n|poke|p2|Amoonguss, F|\n|poke|p2|Tornadus, M|\n|poke|p2|Eelektross, M|\n|poke|p2|Conkeldurr, M|\n|poke|p2|Breloom, F|\n|poke|p2|Empoleon, F|\n|teampreview\n|c|\u2606Rungy|glhf!\n|\n|t:|1698676664\n|start\n|switch|p1a: Ashtma|Weezing-Galar, M|100\/100\n|switch|p1b: LIPS INC|Pelipper, F|100\/100\n|switch|p2a: Tornadus|Tornadus, M, shiny|100\/100\n|switch|p2b: Empoleon|Empoleon, F, shiny|100\/100\n|-fieldstart|move: Misty Terrain|[from] ability: Misty Surge|[of] p1a: Ashtma\n|-weather|RainDance|[from] ability: Drizzle|[of] p1b: LIPS INC\n|turn|1\n|\n|t:|1698676679\n|switch|p1a: Mr. Rothschild|Farigiraf, M|100\/100\n|move|p2a: Tornadus|Taunt||[still]\n|cant|p1a: Mr. Rothschild|ability: Armor Tail|Taunt|[of] p2a: Tornadus\n|move|p1b: LIPS INC|Tailwind|p1b: LIPS INC\n|-sidestart|p1: Rungy|move: Tailwind\n|move|p2b: Empoleon|Stealth Rock|p1b: LIPS INC\n|-sidestart|p1: Rungy|move: Stealth Rock\n|\n|-weather|RainDance|[upkeep]\n|upkeep\n|turn|2\n|\n|t:|1698676692\n|move|p2a: Tornadus|Tailwind|p2a: Tornadus\n|-sidestart|p2: SachaDahmen|move: Tailwind\n|move|p1a: Mr. Rothschild|Hyper Voice|p2a: Tornadus|[spread] p2a,p2b\n|-resisted|p2b: Empoleon\n|-damage|p2a: Tornadus|61\/100\n|-damage|p2b: Empoleon|91\/100\n|-enditem|p1a: Mr. Rothschild|Throat Spray\n|-boost|p1a: Mr. Rothschild|spa|1|[from] item: Throat Spray\n|move|p1b: LIPS INC|Ice Beam|p2a: Tornadus\n|-supereffective|p2a: Tornadus\n|-crit|p2a: Tornadus\n|-damage|p2a: Tornadus|0 fnt\n|faint|p2a: Tornadus\n|move|p2b: Empoleon|Surf|p1a: Mr. Rothschild|[spread] p1a,p1b\n|-resisted|p1b: LIPS INC\n|-crit|p1b: LIPS INC\n|-damage|p1a: Mr. Rothschild|54\/100\n|-damage|p1b: LIPS INC|63\/100\n|\n|-weather|RainDance|[upkeep]\n|-heal|p2b: Empoleon|97\/100|[from] item: Leftovers\n|upkeep\n|\n|t:|1698676705\n|switch|p2a: Eelektross|Eelektross, M, shiny|100\/100\n|turn|3\n|\n|t:|1698676714\n|switch|p1b: Khan|Gastrodon-East, F|100\/100\n|-damage|p1b: Khan|94\/100|[from] Stealth Rock\n|switch|p2b: Amoonguss|Amoonguss, F, shiny|100\/100\n|move|p1a: Mr. Rothschild|Hyper Voice|p2a: Eelektross|[spread] p2a,p2b\n|-damage|p2a: Eelektross|65\/100\n|-damage|p2b: Amoonguss|60\/100\n|move|p2a: Eelektross|Discharge|p1a: Mr. Rothschild|[spread] p2b,p1a\n|-immune|p1b: Khan\n|-resisted|p2b: Amoonguss\n|-damage|p2b: Amoonguss|48\/100\n|-damage|p1a: Mr. Rothschild|19\/100\n|-enditem|p2b: Amoonguss|Sitrus Berry|[eat]\n|-heal|p2b: Amoonguss|73\/100|[from] item: Sitrus Berry\n|\n|-weather|RainDance|[upkeep]\n|upkeep\n|turn|4\n|\n|t:|1698676745\n|switch|p1b: O'deer|Wyrdeer, M|100\/100\n|-damage|p1b: O'deer|88\/100|[from] Stealth Rock\n|move|p2b: Amoonguss|Rage Powder|p2b: Amoonguss\n|-singleturn|p2b: Amoonguss|move: Rage Powder\n|move|p1a: Mr. Rothschild|Psychic|p2b: Amoonguss\n|-supereffective|p2b: Amoonguss\n|-damage|p2b: Amoonguss|0 fnt\n|faint|p2b: Amoonguss\n|move|p2a: Eelektross|Giga Drain|p1b: O'deer\n|-ability|p1b: O'deer|Sap Sipper|boost\n|-boost|p1b: O'deer|atk|1\n|\n|-weather|RainDance|[upkeep]\n|-sideend|p1: Rungy|move: Tailwind\n|upkeep\n|\n|t:|1698676759\n|switch|p2b: Conkeldurr|Conkeldurr, M, shiny|100\/100\n|turn|5\n|\n|t:|1698676774\n|move|p2b: Conkeldurr|Mach Punch||[still]\n|cant|p1a: Mr. Rothschild|ability: Armor Tail|Mach Punch|[of] p2b: Conkeldurr\n|move|p1b: O'deer|High Horsepower|p2a: Eelektross\n|-immune|p2a: Eelektross|[from] ability: Levitate\n|move|p1a: Mr. Rothschild|Psychic|p2b: Conkeldurr\n|-supereffective|p2b: Conkeldurr\n|-damage|p2b: Conkeldurr|0 fnt\n|faint|p2b: Conkeldurr\n|move|p2a: Eelektross|Discharge|p1a: Mr. Rothschild|[spread] p1a,p1b\n|-damage|p1a: Mr. Rothschild|0 fnt\n|-damage|p1b: O'deer|51\/100\n|faint|p1a: Mr. Rothschild\n|\n|-weather|RainDance|[upkeep]\n|-sideend|p2: SachaDahmen|move: Tailwind\n|-fieldend|Misty Terrain\n|upkeep\n|c|\u2606Rungy|lmao\n|inactive|Battle timer is ON: inactive players will automatically lose when time's up. (requested by SachaDahmen)\n|\n|t:|1698676788\n|switch|p1a: Ashtma|Weezing-Galar, M|100\/100\n|switch|p2b: Empoleon|Empoleon, F, shiny|97\/100\n|-damage|p1a: Ashtma|88\/100|[from] Stealth Rock\n|-fieldstart|move: Misty Terrain|[from] ability: Misty Surge|[of] p1a: Ashtma\n|turn|6\n|\n|t:|1698676806\n|move|p1b: O'deer|Trailblaze|p2a: Eelektross\n|-damage|p2a: Eelektross|40\/100\n|-boost|p1b: O'deer|spe|1\n|move|p1a: Ashtma|Strange Steam|p2a: Eelektross\n|-damage|p2a: Eelektross|11\/100\n|move|p2b: Empoleon|Flip Turn|p1b: O'deer\n|-damage|p1b: O'deer|17\/100\n|\n|t:|1698676816\n|switch|p2b: Breloom|Breloom, F, shiny|100\/100|[from] Flip Turn\n|move|p2a: Eelektross|Flamethrower|p1b: O'deer\n|-damage|p1b: O'deer|0 fnt\n|faint|p1b: O'deer\n|\n|-weather|RainDance|[upkeep]\n|upkeep\n|\n|t:|1698676825\n|switch|p1b: LIPS INC|Pelipper, F|63\/100\n|-damage|p1b: LIPS INC|39\/100|[from] Stealth Rock\n|turn|7\n|\n|t:|1698676832\n|switch|p1a: KRATOM|Sinistcha|100\/100\n|-damage|p1a: KRATOM|88\/100|[from] Stealth Rock\n|-heal|p1b: LIPS INC|63\/100|[from] ability: Hospitality|[of] p1a: KRATOM\n|move|p2b: Breloom|Spore|p1a: KRATOM\n|-immune|p1a: KRATOM\n|move|p1b: LIPS INC|Hurricane|p2b: Breloom\n|-supereffective|p2b: Breloom\n|-damage|p2b: Breloom|0 fnt\n|faint|p2b: Breloom\n|move|p2a: Eelektross|Discharge|p1b: LIPS INC|[spread] p1a,p1b\n|-resisted|p1a: KRATOM\n|-supereffective|p1b: LIPS INC\n|-damage|p1a: KRATOM|66\/100\n|-damage|p1b: LIPS INC|0 fnt\n|faint|p1b: LIPS INC\n|\n|-weather|RainDance|[upkeep]\n|upkeep\n|\n|t:|1698676849\n|switch|p2b: Empoleon|Empoleon, F, shiny|97\/100\n|switch|p1b: Khan|Gastrodon-East, F|94\/100\n|-damage|p1b: Khan|88\/100|[from] Stealth Rock\n|turn|8\n|inactive|SachaDahmen has 120 seconds left.\n|\n|t:|1698676886\n|move|p1a: KRATOM|Matcha Gotcha|p2a: Eelektross|[spread] p2a,p2b\n|-damage|p2a: Eelektross|0 fnt\n|-heal|p1a: KRATOM|75\/100|[from] drain|[of] p2a: Eelektross\n|-damage|p2b: Empoleon|82\/100\n|-heal|p1a: KRATOM|87\/100|[from] drain|[of] p2b: Empoleon\n|faint|p2a: Eelektross\n|move|p2b: Empoleon|Flip Turn|p1b: Khan\n|-ability|p1b: Khan|Storm Drain|boost\n|-boost|p1b: Khan|spa|1\n|move|p1b: Khan|Earth Power|p2b: Empoleon\n|-supereffective|p2b: Empoleon\n|-damage|p2b: Empoleon|1\/100\n|\n|-weather|none\n|-heal|p2b: Empoleon|7\/100|[from] item: Leftovers\n|upkeep\n|turn|9\n|-message|SachaDahmen forfeited.\n|\n|win|Rungy\n|raw|Rungy's rating: 1092 &rarr; <strong>1127<\/strong><br \/>(+35 for winning)\n|raw|SachaDahmen's rating: 1217 &rarr; <strong>1183<\/strong><br \/>(-34 for losing)\n|l|\u2606SachaDahmen\n","uploadtime":1698676905,"views":14,"p1id":"rungy","p2id":"sachadahmen","formatid":"gen9doublesou","rating":1127,"private":0,"password":""}