{"id":"gen9doublesou-1988925662","p1":"Harsh2111","p2":"Macizo510","format":"[Gen 9] Doubles OU","log":"|j|\u2606Harsh2111\n|j|\u2606Macizo510\n|t:|1699788970\n|gametype|doubles\n|player|p1|Harsh2111|101|1139\n|player|p2|Macizo510|benga|1154\n|teamsize|p1|6\n|teamsize|p2|6\n|gen|9\n|tier|[Gen 9] Doubles OU\n|rated|\n|rule|Species Clause: Limit one of each Pok\u00e9mon\n|rule|OHKO Clause: OHKO moves are banned\n|rule|Evasion Moves Clause: Evasion moves are banned\n|rule|Gravity Sleep Clause: The combination of sleep-inducing moves with imperfect accuracy and Gravity or Gigantamax Orbeetle are banned\n|rule|Endless Battle Clause: Forcing endless battles is banned\n|rule|HP Percentage Mod: HP is shown in percentages\n|clearpoke\n|poke|p1|Iron Moth|\n|poke|p1|Kommo-o, F|\n|poke|p1|Ninetales-Alola, M|\n|poke|p1|Hatterene, F|\n|poke|p1|Kingambit, M|\n|poke|p1|Great Tusk|\n|poke|p2|Garchomp, M|\n|poke|p2|Murkrow, F|\n|poke|p2|Zapdos|\n|poke|p2|Milotic, M|\n|poke|p2|Arcanine, F|\n|poke|p2|Goodra-Hisui, M|\n|teampreview\n|inactive|Battle timer is ON: inactive players will automatically lose when time's up. (requested by Macizo510)\n|\n|t:|1699788992\n|start\n|switch|p1a: Ninetales|Ninetales-Alola, M|100\/100\n|switch|p1b: Iron Moth|Iron Moth|100\/100\n|switch|p2a: Murkrow|Murkrow, F|100\/100\n|switch|p2b: Goodra|Goodra-Hisui, M|100\/100\n|-weather|Snow|[from] ability: Snow Warning|[of] p1a: Ninetales\n|-enditem|p1b: Iron Moth|Booster Energy\n|-activate|p1b: Iron Moth|ability: Quark Drive|[fromitem]\n|-start|p1b: Iron Moth|quarkdrivespe\n|turn|1\n|\n|t:|1699789010\n|move|p2a: Murkrow|Tailwind|p2a: Murkrow\n|-sidestart|p2: Macizo510|move: Tailwind\n|move|p1b: Iron Moth|Fiery Dance|p2b: Goodra\n|-damage|p2b: Goodra|69\/100\n|move|p2b: Goodra|Flash Cannon|p1a: Ninetales\n|-supereffective|p1a: Ninetales\n|-damage|p1a: Ninetales|0 fnt\n|faint|p1a: Ninetales\n|\n|-weather|Snow|[upkeep]\n|upkeep\n|\n|t:|1699789021\n|switch|p1a: Kommo-o|Kommo-o, F|100\/100\n|turn|2\n|\n|t:|1699789033\n|switch|p2b: Garchomp|Garchomp, M|100\/100\n|move|p2a: Murkrow|Protect|p2a: Murkrow\n|-singleturn|p2a: Murkrow|Protect\n|move|p1b: Iron Moth|Dazzling Gleam|p2b: Garchomp|[spread] p2b\n|-activate|p2a: Murkrow|move: Protect\n|-supereffective|p2b: Garchomp\n|-damage|p2b: Garchomp|58\/100\n|move|p1a: Kommo-o|Clangorous Soul|p1a: Kommo-o\n|-boost|p1a: Kommo-o|atk|1\n|-boost|p1a: Kommo-o|def|1\n|-boost|p1a: Kommo-o|spa|1\n|-boost|p1a: Kommo-o|spd|1\n|-boost|p1a: Kommo-o|spe|1\n|-enditem|p2b: Garchomp|Mirror Herb\n|-boost|p2b: Garchomp|atk|1|[from] item: Mirror Herb\n|-boost|p2b: Garchomp|def|1|[from] item: Mirror Herb\n|-boost|p2b: Garchomp|spa|1|[from] item: Mirror Herb\n|-boost|p2b: Garchomp|spd|1|[from] item: Mirror Herb\n|-boost|p2b: Garchomp|spe|1|[from] item: Mirror Herb\n|-damage|p1a: Kommo-o|68\/100\n|-enditem|p1a: Kommo-o|Throat Spray\n|-boost|p1a: Kommo-o|spa|1|[from] item: Throat Spray\n|\n|-weather|Snow|[upkeep]\n|upkeep\n|turn|3\n|\n|t:|1699789063\n|move|p2b: Garchomp|Dragon Claw|p1a: Kommo-o\n|-supereffective|p1a: Kommo-o\n|-damage|p1a: Kommo-o|0 fnt\n|faint|p1a: Kommo-o\n|move|p1b: Iron Moth|Fiery Dance|p2a: Murkrow\n|-damage|p2a: Murkrow|61\/100\n|-boost|p1b: Iron Moth|spa|1\n|move|p2a: Murkrow|Foul Play|p1b: Iron Moth\n|-damage|p1b: Iron Moth|76\/100\n|\n|-weather|Snow|[upkeep]\n|upkeep\n|\n|t:|1699789073\n|switch|p1a: Great Tusk|Great Tusk|100\/100\n|-enditem|p1a: Great Tusk|Booster Energy\n|-activate|p1a: Great Tusk|ability: Protosynthesis|[fromitem]\n|-start|p1a: Great Tusk|protosynthesisatk\n|turn|4\n|\n|t:|1699789098\n|-terastallize|p2b: Garchomp|Steel\n|-terastallize|p1a: Great Tusk|Steel\n|move|p2a: Murkrow|Protect|p2a: Murkrow\n|-singleturn|p2a: Murkrow|Protect\n|move|p2b: Garchomp|Earthquake|p1b: Iron Moth|[spread] p1a,p1b\n|-activate|p2a: Murkrow|move: Protect\n|-supereffective|p1a: Great Tusk\n|-supereffective|p1b: Iron Moth\n|-damage|p1a: Great Tusk|17\/100\n|-damage|p1b: Iron Moth|0 fnt\n|faint|p1b: Iron Moth\n|-end|p1b: Iron Moth|Quark Drive|[silent]\n|move|p1a: Great Tusk|Bulk Up|p1a: Great Tusk\n|-boost|p1a: Great Tusk|atk|1\n|-boost|p1a: Great Tusk|def|1\n|\n|-weather|Snow|[upkeep]\n|-sideend|p2: Macizo510|move: Tailwind\n|upkeep\n|\n|t:|1699789115\n|switch|p1b: Hatterene|Hatterene, F|100\/100\n|turn|5\n|\n|t:|1699789121\n|move|p2a: Murkrow|Tailwind|p2a: Murkrow\n|-sidestart|p2: Macizo510|move: Tailwind\n|move|p2b: Garchomp|Earthquake|p1b: Hatterene|[spread] p1a,p1b\n|-immune|p2a: Murkrow\n|-supereffective|p1a: Great Tusk\n|-damage|p1a: Great Tusk|0 fnt\n|-damage|p1b: Hatterene|31\/100\n|faint|p1a: Great Tusk\n|-end|p1a: Great Tusk|Protosynthesis|[silent]\n|-enditem|p1b: Hatterene|Kee Berry|[eat]\n|-boost|p1b: Hatterene|def|1|[from] item: Kee Berry\n|move|p1b: Hatterene|Agility|p1b: Hatterene\n|-boost|p1b: Hatterene|spe|2\n|\n|-weather|none\n|upkeep\n|\n|t:|1699789129\n|switch|p1a: Kingambit|Kingambit, M|100\/100\n|-activate|p1a: Kingambit|ability: Supreme Overlord\n|-start|p1a: Kingambit|fallen4|[silent]\n|turn|6\n|\n|t:|1699789149\n|move|p2a: Murkrow|Protect|p2a: Murkrow\n|-singleturn|p2a: Murkrow|Protect\n|move|p2b: Garchomp|Earthquake|p1a: Kingambit|[spread] p1a,p1b\n|-activate|p2a: Murkrow|move: Protect\n|-supereffective|p1a: Kingambit\n|-damage|p1a: Kingambit|7\/100\n|-damage|p1b: Hatterene|0 fnt\n|faint|p1b: Hatterene\n|move|p1a: Kingambit|Low Kick|p2b: Garchomp\n|-supereffective|p2b: Garchomp\n|-damage|p2b: Garchomp|1\/100\n|-damage|p1a: Kingambit|0 fnt|[from] ability: Rough Skin|[of] p2b: Garchomp\n|faint|p1a: Kingambit\n|-end|p1a: Kingambit|fallen4|[silent]\n|\n|win|Macizo510\n|raw|Harsh2111's rating: 1139 &rarr; <strong>1115<\/strong><br \/>(-24 for losing)\n|raw|Macizo510's rating: 1154 &rarr; <strong>1178<\/strong><br \/>(+24 for winning)\n|l|\u2606Harsh2111\n","uploadtime":1699789173,"views":12,"p1id":"harsh2111","p2id":"macizo510","formatid":"gen9doublesou","rating":1115,"private":0,"password":""}