{"id":"gen9doublesou-1986162714","p1":"Gardevoir782","p2":"RocketsViability","format":"[Gen 9] Doubles OU","log":"|j|\u2606Gardevoir782\n|j|\u2606RocketsViability\n|t:|1699456071\n|gametype|doubles\n|player|p1|Gardevoir782|170|1012\n|player|p2|RocketsViability|169|1118\n|teamsize|p1|6\n|teamsize|p2|6\n|gen|9\n|tier|[Gen 9] Doubles OU\n|rated|\n|rule|Species Clause: Limit one of each Pok\u00e9mon\n|rule|OHKO Clause: OHKO moves are banned\n|rule|Evasion Moves Clause: Evasion moves are banned\n|rule|Gravity Sleep Clause: The combination of sleep-inducing moves with imperfect accuracy and Gravity or Gigantamax Orbeetle are banned\n|rule|Endless Battle Clause: Forcing endless battles is banned\n|rule|HP Percentage Mod: HP is shown in percentages\n|clearpoke\n|poke|p1|Gardevoir, F|\n|poke|p1|Tsareena, F|\n|poke|p1|Lilligant-Hisui, F|\n|poke|p1|Hatterene, F|\n|poke|p1|Braixen, F|\n|poke|p1|Milotic, F|\n|poke|p2|Ninetales-Alola, M|\n|poke|p2|Trevenant, M|\n|poke|p2|Goodra-Hisui, F|\n|poke|p2|Sandslash-Alola, M|\n|poke|p2|Torterra, F|\n|poke|p2|Empoleon, F|\n|teampreview\n|c|\u2606RocketsViability|should i be concerned lmao\n|\n|t:|1699456094\n|start\n|switch|p1a: Witchy|Braixen, F, shiny|100\/100\n|switch|p1b: Hatterene|Hatterene, F, shiny|100\/100\n|switch|p2a: Trevenant|Trevenant, M|100\/100\n|switch|p2b: Goodra|Goodra-Hisui, F|100\/100\n|turn|1\n|\n|t:|1699456121\n|move|p2b: Goodra|Protect|p2b: Goodra\n|-singleturn|p2b: Goodra|Protect\n|move|p1a: Witchy|Flare Blitz|p2a: Trevenant\n|-supereffective|p2a: Trevenant\n|-crit|p2a: Trevenant\n|-damage|p2a: Trevenant|0 fnt\n|faint|p2a: Trevenant\n|-damage|p1a: Witchy|56\/100|[from] Recoil\n|move|p1b: Hatterene|Draining Kiss|p2b: Goodra\n|-activate|p2b: Goodra|move: Protect\n|\n|upkeep\n|\n|t:|1699456140\n|switch|p2a: Empoleon|Empoleon, F|100\/100\n|turn|2\n|c|\u2606Gardevoir782|oooo i got one\n|\n|t:|1699456149\n|-terastallize|p2a: Empoleon|Water\n|move|p1a: Witchy|Hypnosis|p2a: Empoleon\n|-status|p2a: Empoleon|slp|[from] move: Hypnosis\n|move|p2b: Goodra|Blizzard|p1b: Hatterene|[spread] p1a\n|-miss|p2b: Goodra|p1b: Hatterene\n|-resisted|p1a: Witchy\n|-damage|p1a: Witchy|31\/100\n|cant|p2a: Empoleon|slp\n|move|p1b: Hatterene|Agility|p1b: Hatterene\n|-boost|p1b: Hatterene|spe|2\n|\n|upkeep\n|turn|3\n|c|\u2606RocketsViability|oh\n|\n|t:|1699456170\n|switch|p2a: Ninetales|Ninetales-Alola, M|100\/100\n|-weather|Snow|[from] ability: Snow Warning|[of] p2a: Ninetales\n|move|p1b: Hatterene|Agility|p1b: Hatterene\n|-boost|p1b: Hatterene|spe|2\n|move|p1a: Witchy|Hypnosis|p2b: Goodra\n|-status|p2b: Goodra|slp|[from] move: Hypnosis\n|cant|p2b: Goodra|slp\n|\n|-weather|Snow|[upkeep]\n|upkeep\n|turn|4\n|c|\u2606RocketsViability|oh...\n|\n|t:|1699456188\n|move|p2a: Ninetales|Blizzard|p1a: Witchy|[spread] p1a,p1b\n|-resisted|p1a: Witchy\n|-damage|p1a: Witchy|6\/100\n|-damage|p1b: Hatterene|62\/100\n|move|p1b: Hatterene|Baton Pass|p1b: Hatterene\n|\n|t:|1699456197\n|switch|p1b: splasher|Milotic, F, shiny|100\/100|[from] Baton Pass\n|move|p1a: Witchy|Flare Blitz|p2a: Ninetales\n|-supereffective|p2a: Ninetales\n|-damage|p2a: Ninetales|27\/100\n|-damage|p1a: Witchy|0 fnt|[from] Recoil\n|faint|p1a: Witchy\n|-curestatus|p2b: Goodra|slp|[msg]\n|move|p2b: Goodra|Blizzard|p1b: splasher\n|-resisted|p1b: splasher\n|-damage|p1b: splasher|87\/100\n|\n|-weather|Snow|[upkeep]\n|upkeep\n|\n|t:|1699456211\n|switch|p1a: Hatterene|Hatterene, F, shiny|62\/100\n|turn|5\n|\n|t:|1699456223\n|switch|p2b: Torterra|Torterra, F|100\/100\n|move|p1b: splasher|Hydro Pump|p2a: Ninetales\n|-damage|p2a: Ninetales|0 fnt\n|faint|p2a: Ninetales\n|move|p1a: Hatterene|Agility|p1a: Hatterene\n|-boost|p1a: Hatterene|spe|2\n|\n|-weather|Snow|[upkeep]\n|upkeep\n|\n|t:|1699456227\n|switch|p2a: Goodra|Goodra-Hisui, F|100\/100\n|turn|6\n|\n|t:|1699456249\n|move|p1b: splasher|Hydro Pump|p2a: Goodra|[miss]\n|-miss|p1b: splasher|p2a: Goodra\n|move|p2b: Torterra|Shell Smash|p2b: Torterra\n|-unboost|p2b: Torterra|def|1\n|-unboost|p2b: Torterra|spd|1\n|-boost|p2b: Torterra|atk|2\n|-boost|p2b: Torterra|spa|2\n|-boost|p2b: Torterra|spe|2\n|move|p1a: Hatterene|Draining Kiss|p2a: Goodra\n|-damage|p2a: Goodra|85\/100\n|-heal|p1a: Hatterene|76\/100|[from] drain|[of] p2a: Goodra\n|-damage|p1a: Hatterene|59\/100|[from] item: Rocky Helmet|[of] p2a: Goodra\n|move|p2a: Goodra|Weather Ball|p1b: splasher\n|-resisted|p1b: splasher\n|-damage|p1b: splasher|75\/100\n|\n|-weather|Snow|[upkeep]\n|upkeep\n|turn|7\n|\n|t:|1699456272\n|-terastallize|p1b: splasher|Water\n|move|p1b: splasher|Hydro Pump|p2a: Goodra\n|-resisted|p2a: Goodra\n|-damage|p2a: Goodra|68\/100\n|move|p2b: Torterra|Bullet Seed|p1b: splasher\n|-supereffective|p1b: splasher\n|-damage|p1b: splasher|24\/100\n|-supereffective|p1b: splasher\n|-damage|p1b: splasher|0 fnt\n|faint|p1b: splasher\n|-hitcount|p1: splasher|2\n|move|p1a: Hatterene|Dark Pulse|p2b: Torterra\n|-damage|p2b: Torterra|60\/100\n|move|p2a: Goodra|Blizzard|p1a: Hatterene\n|-damage|p1a: Hatterene|19\/100\n|\n|-weather|Snow|[upkeep]\n|upkeep\n|\n|t:|1699456290\n|switch|p1b: Spacey|Gardevoir, F, shiny|100\/100\n|turn|8\n|\n|t:|1699456303\n|move|p2b: Torterra|Bullet Seed|p1b: Spacey\n|-crit|p1b: Spacey\n|-damage|p1b: Spacey|41\/100\n|-damage|p1b: Spacey|2\/100\n|-damage|p1b: Spacey|0 fnt\n|faint|p1b: Spacey\n|-hitcount|p1: Spacey|3\n|move|p1a: Hatterene|Draining Kiss|p2b: Torterra\n|-damage|p2b: Torterra|22\/100\n|-heal|p1a: Hatterene|49\/100|[from] drain|[of] p2b: Torterra\n|move|p2a: Goodra|Weather Ball|p1a: Hatterene\n|-damage|p1a: Hatterene|10\/100\n|\n|-weather|Snow|[upkeep]\n|upkeep\n|c|\u2606Gardevoir782|gg\n|-message|Gardevoir782 forfeited.\n|\n|win|RocketsViability\n|raw|Gardevoir782's rating: 1012 &rarr; <strong>1004<\/strong><br \/>(-8 for losing)\n|raw|RocketsViability's rating: 1118 &rarr; <strong>1136<\/strong><br \/>(+18 for winning)\n|l|\u2606Gardevoir782\n|c|\u2606RocketsViability|gg\n","uploadtime":1699456325,"views":9,"p1id":"gardevoir782","p2id":"rocketsviability","formatid":"gen9doublesou","rating":1004,"private":0,"password":""}