{"id":"gen9doublesou-1993395501","p1":"karameru_san","p2":"trezapois","format":"[Gen 9] Doubles OU","log":"|j|\u2606karameru_san\n|j|\u2606trezapois\n|inactive|Battle timer is ON: inactive players will automatically lose when time's up.\n|t:|1700311872\n|gametype|doubles\n|player|p1|karameru_san|alder|\n|player|p2|trezapois|juan|\n|teamsize|p1|6\n|teamsize|p2|6\n|gen|9\n|tier|[Gen 9] Doubles OU\n|rated|Tournament battle\n|rule|Species Clause: Limit one of each Pok\u00e9mon\n|rule|OHKO Clause: OHKO moves are banned\n|rule|Evasion Moves Clause: Evasion moves are banned\n|rule|Gravity Sleep Clause: The combination of sleep-inducing moves with imperfect accuracy and Gravity or Gigantamax Orbeetle are banned\n|rule|Endless Battle Clause: Forcing endless battles is banned\n|rule|HP Percentage Mod: HP is shown in percentages\n|clearpoke\n|poke|p1|Sandshrew, M|\n|poke|p1|Fennekin, F|\n|poke|p1|Shroomish, M|\n|poke|p1|Chansey, F|\n|poke|p1|Baxcalibur, F|\n|poke|p1|Grimer-Alola, M|\n|poke|p2|Litwick, F|\n|poke|p2|Zweilous, M|\n|poke|p2|Stunky, M|\n|poke|p2|Gholdengo|\n|poke|p2|Sinistea|\n|poke|p2|Silicobra, M|\n|teampreview\n|j|*Lady Monita \u2746\n|j| WooperLeTrooper\n|\n|t:|1700311894\n|start\n|switch|p1a: Chansey|Chansey, F|100\/100\n|switch|p1b: Sandshrew|Sandshrew, M|100\/100\n|switch|p2a: Silicobra|Silicobra, M|100\/100\n|switch|p2b: Stunky|Stunky, M|100\/100\n|turn|1\n|j| WafflyWaff\n|inactive|karameru_san has 120 seconds left.\n|\n|t:|1700311944\n|move|p2b: Stunky|Taunt|p1a: Chansey\n|-start|p1a: Chansey|move: Taunt\n|cant|p1a: Chansey|move: Taunt|Thunder Wave\n|move|p2a: Silicobra|Stealth Rock|p1b: Sandshrew\n|-sidestart|p1: karameru_san|move: Stealth Rock\n|move|p1b: Sandshrew|Brick Break|p2a: Silicobra\n|-damage|p2a: Silicobra|74\/100\n|-damage|p1b: Sandshrew|91\/100|[from] item: Life Orb\n|\n|upkeep\n|turn|2\n|inactive|karameru_san has 120 seconds left.\n|inactive|karameru_san has 90 seconds left.\n|\n|t:|1700311989\n|switch|p1a: Shroomish|Shroomish, M|100\/100\n|-damage|p1a: Shroomish|88\/100|[from] Stealth Rock\n|move|p2b: Stunky|Knock Off|p1a: Shroomish\n|-damage|p1a: Shroomish|52\/100\n|-enditem|p1a: Shroomish|Toxic Orb|[from] move: Knock Off|[of] p2b: Stunky\n|move|p2a: Silicobra|Glare|p1b: Sandshrew\n|-status|p1b: Sandshrew|par\n|move|p1b: Sandshrew|Earthquake|p2b: Stunky|[spread] p1a,p2a,p2b\n|-resisted|p1a: Shroomish\n|-supereffective|p2b: Stunky\n|-damage|p1a: Shroomish|22\/100\n|-damage|p2a: Silicobra|40\/100\n|-damage|p2b: Stunky|11\/100\n|-damage|p1b: Sandshrew|81\/100 par|[from] item: Life Orb\n|\n|upkeep\n|turn|3\n|\n|t:|1700312012\n|move|p1a: Shroomish|Protect|p1a: Shroomish\n|-singleturn|p1a: Shroomish|Protect\n|move|p2b: Stunky|Knock Off|p1a: Shroomish\n|-activate|p1a: Shroomish|move: Protect\n|move|p2a: Silicobra|Drill Run|p1b: Sandshrew\n|-crit|p1b: Sandshrew\n|-damage|p1b: Sandshrew|28\/100 par\n|move|p1b: Sandshrew|Earthquake|p2b: Stunky|[spread] p2a,p2b\n|-activate|p1a: Shroomish|move: Protect\n|-supereffective|p2b: Stunky\n|-damage|p2a: Silicobra|4\/100\n|-damage|p2b: Stunky|0 fnt\n|faint|p2b: Stunky\n|-damage|p1b: Sandshrew|18\/100 par|[from] item: Life Orb\n|\n|upkeep\n|\n|t:|1700312017\n|switch|p2b: Litwick|Litwick, F|100\/100\n|turn|4\n|inactive|karameru_san has 120 seconds left.\n|\n|t:|1700312045\n|move|p1a: Shroomish|Protect||[still]\n|-fail|p1a: Shroomish\n|move|p2a: Silicobra|Glare|p1a: Shroomish\n|-status|p1a: Shroomish|par\n|move|p2b: Litwick|Heat Wave|p1a: Shroomish|[spread] \n|-miss|p2b: Litwick|p1a: Shroomish\n|-miss|p2b: Litwick|p1b: Sandshrew\n|cant|p1b: Sandshrew|par\n|\n|upkeep\n|turn|5\n|inactive|karameru_san has 120 seconds left.\n|\n|t:|1700312057\n|move|p1a: Shroomish|Protect|p1a: Shroomish\n|-singleturn|p1a: Shroomish|Protect\n|move|p2a: Silicobra|Drill Run|p1b: Sandshrew\n|-crit|p1b: Sandshrew\n|-damage|p1b: Sandshrew|0 fnt\n|faint|p1b: Sandshrew\n|move|p2b: Litwick|Heat Wave|p1a: Shroomish\n|-activate|p1a: Shroomish|move: Protect\n|\n|upkeep\n|j| poketough\n|\n|t:|1700312069\n|switch|p1b: Baxcalibur|Baxcalibur, F|100\/100\n|-damage|p1b: Baxcalibur|76\/100|[from] Stealth Rock\n|turn|6\n|\n|t:|1700312080\n|move|p1b: Baxcalibur|Earthquake|p2b: Litwick|[spread] p1a,p2a,p2b\n|-resisted|p1a: Shroomish\n|-supereffective|p2b: Litwick\n|-damage|p1a: Shroomish|0 fnt\n|-damage|p2a: Silicobra|0 fnt\n|-damage|p2b: Litwick|27\/100\n|faint|p1a: Shroomish\n|faint|p2a: Silicobra\n|move|p2b: Litwick|Heat Wave|p1b: Baxcalibur\n|-damage|p1b: Baxcalibur|42\/100\n|-ability|p1b: Baxcalibur|Thermal Exchange|boost\n|-boost|p1b: Baxcalibur|atk|1\n|\n|upkeep\n|j| HunterBear4\n|\n|t:|1700312091\n|switch|p2a: Sinistea|Sinistea|100\/100\n|switch|p1a: Chansey|Chansey, F|100\/100\n|-damage|p1a: Chansey|88\/100|[from] Stealth Rock\n|turn|7\n|\n|t:|1700312117\n|switch|p1a: Grimer|Grimer-Alola, M|100\/100\n|-damage|p1a: Grimer|88\/100|[from] Stealth Rock\n|move|p1b: Baxcalibur|Earthquake|p2a: Sinistea|[spread] p1a,p2a,p2b\n|-supereffective|p1a: Grimer\n|-supereffective|p2b: Litwick\n|-damage|p1a: Grimer|0 fnt\n|-enditem|p2a: Sinistea|Focus Sash\n|-damage|p2a: Sinistea|1\/100\n|-damage|p2b: Litwick|0 fnt\n|-ability|p2a: Sinistea|Weak Armor|boost\n|-unboost|p2a: Sinistea|def|1\n|-boost|p2a: Sinistea|spe|2\n|faint|p1a: Grimer\n|faint|p2b: Litwick\n|move|p2a: Sinistea|Shadow Ball|p1b: Baxcalibur\n|-damage|p1b: Baxcalibur|20\/100\n|\n|upkeep\n|\n|t:|1700312143\n|switch|p1a: Fennekin|Fennekin, F|100\/100\n|switch|p2b: Zweilous|Zweilous, M|100\/100\n|-damage|p1a: Fennekin|76\/100|[from] Stealth Rock\n|turn|8\n|inactive|karameru_san has 120 seconds left.\n|\n|t:|1700312190\n|-terastallize|p1b: Baxcalibur|Fairy\n|move|p1b: Baxcalibur|Glaive Rush|p2b: Zweilous\n|-supereffective|p2b: Zweilous\n|-damage|p2b: Zweilous|0 fnt\n|-singlemove|p1b: Baxcalibur|Glaive Rush|[silent]\n|faint|p2b: Zweilous\n|move|p2a: Sinistea|Shadow Ball|p1b: Baxcalibur\n|-damage|p1b: Baxcalibur|0 fnt\n|faint|p1b: Baxcalibur\n|move|p1a: Fennekin|Heat Wave|p2a: Sinistea\n|-damage|p2a: Sinistea|0 fnt\n|faint|p2a: Sinistea\n|\n|upkeep\n|inactive|karameru_san has 120 seconds left.\n|\n|t:|1700312201\n|switch|p1b: Chansey|Chansey, F|88\/100\n|switch|p2b: Gholdengo|Gholdengo|100\/100\n|-damage|p1b: Chansey|75\/100|[from] Stealth Rock\n|turn|9\n|\n|t:|1700312213\n|-terastallize|p2b: Gholdengo|Steel\n|move|p2b: Gholdengo|Make It Rain|p1a: Fennekin|[spread] p1a,p1b\n|-resisted|p1a: Fennekin\n|-damage|p1a: Fennekin|0 fnt\n|-damage|p1b: Chansey|29\/100\n|-unboost|p2b: Gholdengo|spa|1\n|faint|p1a: Fennekin\n|move|p1b: Chansey|Thunder Wave|p2b: Gholdengo\n|-immune|p2b: Gholdengo|[from] ability: Good as Gold\n|\n|-heal|p1b: Chansey|35\/100|[from] item: Leftovers\n|upkeep\n|turn|10\n|\n|t:|1700312233\n|move|p2b: Gholdengo|Make It Rain|p1b: Chansey\n|-damage|p1b: Chansey|0 fnt\n|-unboost|p2b: Gholdengo|spa|1\n|faint|p1b: Chansey\n|\n|win|trezapois\n|n|\u2606karameru_san|karamerusan\n|n|\u2606trezapois|trezapois\n|n|*Lady Monita \u2746|ladymonita\n|n| WooperLeTrooper|wooperletrooper\n|n| WafflyWaff|wafflywaff\n|n| poketough|poketough\n|n| HunterBear4|hunterbear4\n","uploadtime":1700312234,"views":8,"p1id":"karamerusan","p2id":"trezapois","formatid":"gen9doublesou","rating":0,"private":0,"password":""}