{"id":"gen9doublesou-1983143364","p1":"Ca_No1","p2":"ppunto","format":"[Gen 9] Doubles OU","log":"|j|\u2606Ca_No1\n|j|\u2606ppunto\n|t:|1699095180\n|gametype|doubles\n|player|p1|Ca_No1|2|1208\n|player|p2|ppunto|medium|1245\n|teamsize|p1|6\n|teamsize|p2|6\n|gen|9\n|tier|[Gen 9] Doubles OU\n|rated|\n|rule|Species Clause: Limit one of each Pok\u00e9mon\n|rule|OHKO Clause: OHKO moves are banned\n|rule|Evasion Moves Clause: Evasion moves are banned\n|rule|Gravity Sleep Clause: The combination of sleep-inducing moves with imperfect accuracy and Gravity or Gigantamax Orbeetle are banned\n|rule|Endless Battle Clause: Forcing endless battles is banned\n|rule|HP Percentage Mod: HP is shown in percentages\n|clearpoke\n|poke|p1|Flutter Mane|\n|poke|p1|Torkoal, M|\n|poke|p1|Farigiraf, F|\n|poke|p1|Chi-Yu|\n|poke|p1|Dragonite, M|\n|poke|p1|Amoonguss, F|\n|poke|p2|Weezing-Galar, M|\n|poke|p2|Slaking, M|\n|poke|p2|Alomomola, F|\n|poke|p2|Staraptor, M|\n|poke|p2|Mimikyu, F|\n|poke|p2|Zoroark-Hisui, M|\n|teampreview\n|inactive|Battle timer is ON: inactive players will automatically lose when time's up. (requested by ppunto)\n|inactive|Ca_No1 has 120 seconds left.\n|\n|t:|1699095218\n|start\n|switch|p1a: Farigiraf|Farigiraf, F|100\/100\n|switch|p1b: Amoonguss|Amoonguss, F|100\/100\n|switch|p2a: Weezing|Weezing-Galar, M|100\/100\n|switch|p2b: Slaking|Slaking, M|100\/100\n|-ability|p2a: Weezing|Neutralizing Gas\n|turn|1\n|inactive|Ca_No1 has 120 seconds left.\n|\n|t:|1699095260\n|-end|p2a: Weezing|ability: Neutralizing Gas\n|switch|p2a: Staraptor|Staraptor, M|100\/100\n|-ability|p2a: Staraptor|Intimidate|boost\n|-unboost|p1a: Farigiraf|atk|1\n|-unboost|p1b: Amoonguss|atk|1\n|move|p2b: Slaking|Knock Off|p1a: Farigiraf\n|-supereffective|p1a: Farigiraf\n|-damage|p1a: Farigiraf|17\/100\n|-enditem|p1a: Farigiraf|Safety Goggles|[from] move: Knock Off|[of] p2b: Slaking\n|move|p1b: Amoonguss|Spore|p2b: Slaking\n|-status|p2b: Slaking|slp|[from] move: Spore\n|move|p1a: Farigiraf|Trick Room|p1a: Farigiraf\n|-fieldstart|move: Trick Room|[of] p1a: Farigiraf\n|\n|upkeep\n|turn|2\n|inactive|Ca_No1 has 120 seconds left.\n|inactive|Ca_No1 has 90 seconds left.\n|\n|t:|1699095308\n|switch|p1a: Torkoal|Torkoal, M|100\/100\n|-weather|SunnyDay|[from] ability: Drought|[of] p1a: Torkoal\n|switch|p2b: Alomomola|Alomomola, F|100\/100\n|move|p1b: Amoonguss|Spore|p2a: Staraptor\n|-status|p2a: Staraptor|slp|[from] move: Spore\n|cant|p2a: Staraptor|slp\n|\n|-weather|SunnyDay|[upkeep]\n|upkeep\n|turn|3\n|\n|t:|1699095323\n|switch|p2a: Mimikyu|Mimikyu, F|100\/100\n|-terastallize|p1a: Torkoal|Fire\n|move|p1a: Torkoal|Eruption|p2b: Alomomola|[spread] p2a,p2b\n|-resisted|p2b: Alomomola\n|-activate|p2a: Mimikyu|ability: Disguise\n|-damage|p2a: Mimikyu|100\/100\n|-damage|p2b: Alomomola|36\/100\n|detailschange|p2a: Mimikyu|Mimikyu-Busted, F\n|-damage|p2a: Mimikyu|88\/100|[from] pokemon: Mimikyu-Busted\n|-enditem|p2b: Alomomola|Red Card|[of] p1a: Torkoal\n|drag|p1a: Flutter Mane|Flutter Mane|100\/100\n|-activate|p1a: Flutter Mane|ability: Protosynthesis\n|-start|p1a: Flutter Mane|protosynthesisspe\n|move|p1b: Amoonguss|Spore|p2b: Alomomola\n|-status|p2b: Alomomola|slp|[from] move: Spore\n|cant|p2b: Alomomola|slp\n|\n|-weather|SunnyDay|[upkeep]\n|upkeep\n|turn|4\n|inactive|Ca_No1 has 120 seconds left.\n|inactive|Ca_No1 has 90 seconds left.\n|inactive|Ca_No1 has 60 seconds left.\n|\n|t:|1699095401\n|switch|p2b: Weezing|Weezing-Galar, M|100\/100\n|-ability|p2b: Weezing|Neutralizing Gas\n|move|p1b: Amoonguss|Spore|p2a: Mimikyu\n|-status|p2a: Mimikyu|slp|[from] move: Spore\n|cant|p2a: Mimikyu|slp\n|move|p1a: Flutter Mane|Shadow Ball|p2b: Weezing\n|-damage|p2b: Weezing|50\/100\n|-damage|p1a: Flutter Mane|91\/100|[from] item: Life Orb\n|\n|-weather|SunnyDay|[upkeep]\n|-heal|p2b: Weezing|56\/100|[from] item: Leftovers\n|upkeep\n|turn|5\n|c|\u2606ppunto|Man\n|c|\u2606ppunto|Not funny\n|inactive|Ca_No1 has 60 seconds left.\n|\n|t:|1699095422\n|switch|p2a: Zoroark|Zoroark-Hisui, M|100\/100\n|move|p2b: Weezing|Protect|p2b: Weezing\n|-singleturn|p2b: Weezing|Protect\n|move|p1b: Amoonguss|Spore|p2b: Weezing\n|-activate|p2b: Weezing|move: Protect\n|move|p1a: Flutter Mane|Shadow Ball|p2a: Zoroark\n|-immune|p2a: Zoroark\n|\n|-weather|SunnyDay|[upkeep]\n|-heal|p2b: Weezing|62\/100|[from] item: Leftovers\n|-fieldend|move: Trick Room\n|upkeep\n|turn|6\n|inactive|Ca_No1 has 60 seconds left.\n|inactive|Ca_No1 has 30 seconds left.\n|inactive|Ca_No1 has 20 seconds left.\n|inactive|Ca_No1 has 15 seconds left.\n|inactive|Ca_No1 has 10 seconds left.\n|inactive|Ca_No1 has 5 seconds left.\n|\n|t:|1699095506\n|move|p1a: Flutter Mane|Protect|p1a: Flutter Mane\n|-singleturn|p1a: Flutter Mane|Protect\n|move|p2a: Zoroark|Bitter Malice|p1a: Flutter Mane\n|-activate|p1a: Flutter Mane|move: Protect\n|move|p2b: Weezing|Will-O-Wisp|p1b: Amoonguss\n|-status|p1b: Amoonguss|brn\n|move|p1b: Amoonguss|Spore|p2a: Zoroark\n|-status|p2a: Zoroark|slp|[from] move: Spore\n|\n|-weather|none\n|-end|p1a: Flutter Mane|Protosynthesis\n|-heal|p2b: Weezing|68\/100|[from] item: Leftovers\n|-damage|p1b: Amoonguss|94\/100 brn|[from] brn\n|upkeep\n|turn|7\n|inactive|Ca_No1 has 30 seconds left this turn.\n|inactive|Ca_No1 has 20 seconds left.\n|inactive|Ca_No1 has 15 seconds left.\n|\n|t:|1699095525\n|-end|p1a: Flutter Mane|Protosynthesis|[silent]\n|switch|p1a: Farigiraf|Farigiraf, F|17\/100\n|move|p2b: Weezing|Protect|p2b: Weezing\n|-singleturn|p2b: Weezing|Protect\n|cant|p2a: Zoroark|slp\n|move|p1b: Amoonguss|Spore|p2b: Weezing\n|-activate|p2b: Weezing|move: Protect\n|\n|-heal|p2b: Weezing|74\/100|[from] item: Leftovers\n|-damage|p1b: Amoonguss|88\/100 brn|[from] brn\n|upkeep\n|turn|8\n|inactive|Ca_No1 has 30 seconds left.\n|c|\u2606ppunto|How is this legal??\n|inactive|Ca_No1 has 20 seconds left.\n|inactive|Ca_No1 has 15 seconds left.\n|\n|t:|1699095555\n|move|p2b: Weezing|Protect||[still]\n|-fail|p2b: Weezing\n|move|p1a: Farigiraf|Protect|p1a: Farigiraf\n|-singleturn|p1a: Farigiraf|Protect\n|-curestatus|p2a: Zoroark|slp|[msg]\n|move|p2a: Zoroark|Hex|p1b: Amoonguss\n|-damage|p1b: Amoonguss|41\/100 brn\n|-enditem|p1b: Amoonguss|Sitrus Berry|[eat]\n|-heal|p1b: Amoonguss|66\/100 brn|[from] item: Sitrus Berry\n|move|p1b: Amoonguss|Spore|p2b: Weezing\n|-status|p2b: Weezing|slp|[from] move: Spore\n|\n|-heal|p2b: Weezing|80\/100 slp|[from] item: Leftovers\n|-damage|p1b: Amoonguss|60\/100 brn|[from] brn\n|upkeep\n|turn|9\n|inactive|Ca_No1 has 30 seconds left.\n|\n|t:|1699095574\n|move|p2a: Zoroark|Hex|p1b: Amoonguss\n|-damage|p1b: Amoonguss|17\/100 brn\n|cant|p2b: Weezing|slp\n|move|p1b: Amoonguss|Spore|p2a: Zoroark\n|-status|p2a: Zoroark|slp|[from] move: Spore\n|move|p1a: Farigiraf|Trick Room|p1a: Farigiraf\n|-fieldstart|move: Trick Room|[of] p1a: Farigiraf\n|\n|-heal|p2b: Weezing|86\/100 slp|[from] item: Leftovers\n|-damage|p1b: Amoonguss|11\/100 brn|[from] brn\n|upkeep\n|turn|10\n|inactive|Ca_No1 has 30 seconds left.\n|\n|t:|1699095603\n|move|p1b: Amoonguss|Pollen Puff|p1a: Farigiraf\n|-heal|p1a: Farigiraf|67\/100\n|move|p1a: Farigiraf|Psychic|p2a: Zoroark\n|-damage|p2a: Zoroark|37\/100 slp\n|-curestatus|p2b: Weezing|slp|[msg]\n|move|p2b: Weezing|Strange Steam|p1a: Farigiraf\n|-damage|p1a: Farigiraf|40\/100\n|cant|p2a: Zoroark|slp\n|\n|-heal|p2b: Weezing|92\/100|[from] item: Leftovers\n|-damage|p1b: Amoonguss|4\/100 brn|[from] brn\n|upkeep\n|turn|11\n|inactive|Ca_No1 has 30 seconds left.\n|\n|t:|1699095628\n|move|p2b: Weezing|Protect|p2b: Weezing\n|-singleturn|p2b: Weezing|Protect\n|move|p1b: Amoonguss|Spore|p2b: Weezing\n|-activate|p2b: Weezing|move: Protect\n|move|p1a: Farigiraf|Psychic|p2a: Zoroark\n|-damage|p2a: Zoroark|0 fnt\n|faint|p2a: Zoroark\n|\n|-heal|p2b: Weezing|98\/100|[from] item: Leftovers\n|-damage|p1b: Amoonguss|0 fnt|[from] brn\n|faint|p1b: Amoonguss\n|upkeep\n|\n|t:|1699095640\n|switch|p1b: Torkoal|Torkoal, M, tera:Fire|100\/100\n|switch|p2a: Slaking|Slaking, M|100\/100 slp\n|turn|12\n|inactive|Ca_No1 has 60 seconds left.\n|\n|t:|1699095666\n|move|p1b: Torkoal|Eruption|p2b: Weezing|[spread] p2a,p2b\n|-damage|p2a: Slaking|15\/100 slp\n|-damage|p2b: Weezing|33\/100\n|move|p1a: Farigiraf|Psychic|p2b: Weezing\n|-supereffective|p2b: Weezing\n|-damage|p2b: Weezing|0 fnt\n|faint|p2b: Weezing\n|-end|p2b: Weezing|ability: Neutralizing Gas\n|-weather|SunnyDay|[from] ability: Drought|[of] p1b: Torkoal\n|cant|p2a: Slaking|slp\n|\n|-weather|SunnyDay|[upkeep]\n|-heal|p2a: Slaking|21\/100 slp|[from] item: Leftovers\n|upkeep\n|\n|t:|1699095682\n|switch|p2b: Staraptor|Staraptor, M|100\/100 slp\n|-ability|p2b: Staraptor|Intimidate|boost\n|-unboost|p1a: Farigiraf|atk|1\n|-unboost|p1b: Torkoal|atk|1\n|turn|13\n|\n|t:|1699095694\n|move|p1b: Torkoal|Eruption|p2b: Staraptor|[spread] p2a,p2b\n|-damage|p2a: Slaking|0 fnt\n|-damage|p2b: Staraptor|0 fnt\n|faint|p2a: Slaking\n|faint|p2b: Staraptor\n|move|p1a: Farigiraf|Psychic|p2: Slaking|[notarget]\n|-fail|p1a: Farigiraf\n|\n|-weather|SunnyDay|[upkeep]\n|-fieldend|move: Trick Room\n|upkeep\n|\n|t:|1699095703\n|switch|p2b: Mimikyu|Mimikyu-Busted, F|88\/100 slp\n|switch|p2a: Alomomola|Alomomola, F|69\/100 slp\n|turn|14\n|c|\u2606ppunto|Wake the fuck up morons\n|\n|t:|1699095722\n|-curestatus|p2b: Mimikyu|slp|[msg]\n|move|p2b: Mimikyu|Shadow Claw|p1b: Torkoal\n|-damage|p1b: Torkoal|78\/100\n|-heal|p2b: Mimikyu|92\/100|[from] item: Shell Bell|[of] p1b: Torkoal\n|cant|p2a: Alomomola|slp\n|move|p1b: Torkoal|Eruption|p2b: Mimikyu|[spread] p2a,p2b\n|-resisted|p2a: Alomomola\n|-damage|p2a: Alomomola|14\/100 slp\n|-damage|p2b: Mimikyu|0 fnt\n|faint|p2b: Mimikyu\n|move|p1a: Farigiraf|Trick Room|p1a: Farigiraf\n|-fieldstart|move: Trick Room|[of] p1a: Farigiraf\n|\n|-weather|SunnyDay|[upkeep]\n|upkeep\n|turn|15\n|inactive|Ca_No1 has 120 seconds left.\n|\n|t:|1699095746\n|move|p1b: Torkoal|Heat Wave|p2a: Alomomola\n|-resisted|p2a: Alomomola\n|-damage|p2a: Alomomola|0 fnt\n|faint|p2a: Alomomola\n|\n|win|Ca_No1\n|raw|Ca_No1's rating: 1175 &rarr; <strong>1205<\/strong><br \/>(+30 for winning)\n|raw|ppunto's rating: 1245 &rarr; <strong>1215<\/strong><br \/>(-30 for losing)\n","uploadtime":1699095715,"views":20,"p1id":"cano1","p2id":"ppunto","formatid":"gen9doublesou","rating":1205,"private":0,"password":""}