{"id":"gen9doublesou-1971381015","p1":"Remy savage","p2":"NoobishTrainerJoe","format":"[Gen 9] Doubles OU","log":"|j|\u2606Remy savage\n|j|\u2606NoobishTrainerJoe\n|t:|1697734018\n|gametype|doubles\n|player|p1|Remy savage|lusamine-nihilego|1296\n|player|p2|NoobishTrainerJoe|lusamine-masters|1295\n|teamsize|p1|6\n|teamsize|p2|6\n|gen|9\n|tier|[Gen 9] Doubles OU\n|rated|\n|rule|Species Clause: Limit one of each Pok\u00e9mon\n|rule|OHKO Clause: OHKO moves are banned\n|rule|Evasion Moves Clause: Evasion moves are banned\n|rule|Gravity Sleep Clause: The combination of sleep-inducing moves with imperfect accuracy and Gravity or Gigantamax Orbeetle are banned\n|rule|Endless Battle Clause: Forcing endless battles is banned\n|rule|HP Percentage Mod: HP is shown in percentages\n|clearpoke\n|poke|p1|Chi-Yu|\n|poke|p1|Bellibolt, F|\n|poke|p1|Gastrodon, F|\n|poke|p1|Iron Hands|\n|poke|p1|Brute Bonnet|\n|poke|p1|Pincurchin, F|\n|poke|p2|Coalossal, M|\n|poke|p2|Iron Bundle|\n|poke|p2|Pelipper, M|\n|poke|p2|Sinistcha|\n|poke|p2|Palafin, F|\n|poke|p2|Rillaboom, F|\n|teampreview\n|inactive|Battle timer is ON: inactive players will automatically lose when time's up. (requested by Remy savage)\n|\n|t:|1697734032\n|start\n|switch|p1a: Fishy|Chi-Yu|100\/100\n|switch|p1b: Sundae|Bellibolt, F, shiny|100\/100\n|switch|p2a: Palafin|Palafin, F|100\/100\n|switch|p2b: Coalossal|Coalossal, M|100\/100\n|-ability|p1a: Fishy|Beads of Ruin\n|turn|1\n|\n|t:|1697734045\n|-terastallize|p2b: Coalossal|Grass\n|move|p1a: Fishy|Protect|p1a: Fishy\n|-singleturn|p1a: Fishy|Protect\n|move|p2a: Palafin|Flip Turn|p2b: Coalossal\n|-resisted|p2b: Coalossal\n|-damage|p2b: Coalossal|92\/100\n|-ability|p2b: Coalossal|Steam Engine|boost\n|-boost|p2b: Coalossal|spe|6\n|-enditem|p2b: Coalossal|Absorb Bulb\n|-boost|p2b: Coalossal|spa|1|[from] item: Absorb Bulb\n|\n|t:|1697734058\n|detailschange|p2a: Palafin|Palafin-Hero, F\n|switch|p2a: Rillaboom|Rillaboom, F|100\/100|[from] Flip Turn\n|-fieldstart|move: Grassy Terrain|[from] ability: Grassy Surge|[of] p2a: Rillaboom\n|move|p2b: Coalossal|Power Gem|p1a: Fishy\n|-activate|p1a: Fishy|move: Protect\n|move|p1b: Sundae|Parabolic Charge|p2b: Coalossal|[spread] p2a,p2b\n|-activate|p1a: Fishy|move: Protect\n|-resisted|p2a: Rillaboom\n|-resisted|p2b: Coalossal\n|-damage|p2a: Rillaboom|75\/100\n|-damage|p2b: Coalossal|66\/100\n|\n|-heal|p2b: Coalossal|72\/100|[from] Grassy Terrain\n|-heal|p2a: Rillaboom|81\/100|[from] Grassy Terrain\n|-heal|p2a: Rillaboom|88\/100|[from] item: Leftovers\n|upkeep\n|turn|2\n|\n|t:|1697734083\n|-terastallize|p1a: Fishy|Ground\n|move|p2a: Rillaboom|Fake Out|p1b: Sundae\n|-damage|p1b: Sundae|87\/100\n|-start|p1b: Sundae|Charge|Fake Out|[from] ability: Electromorphosis\n|move|p2b: Coalossal|Power Gem|p1a: Fishy\n|-resisted|p1a: Fishy\n|-crit|p1a: Fishy\n|-damage|p1a: Fishy|76\/100\n|move|p1a: Fishy|Will-O-Wisp|p2a: Rillaboom\n|-status|p2a: Rillaboom|brn\n|cant|p1b: Sundae|flinch\n|-end|p1b: Sundae|Charge|[silent]\n|\n|-heal|p2b: Coalossal|78\/100|[from] Grassy Terrain\n|-heal|p1a: Fishy|82\/100|[from] Grassy Terrain\n|-heal|p1a: Fishy|88\/100|[from] item: Leftovers\n|-heal|p2a: Rillaboom|94\/100 brn|[from] Grassy Terrain\n|-heal|p2a: Rillaboom|99\/100 brn|[from] item: Leftovers\n|-heal|p1b: Sundae|94\/100|[from] Grassy Terrain\n|-damage|p2a: Rillaboom|94\/100 brn|[from] brn\n|upkeep\n|turn|3\n|\n|t:|1697734108\n|move|p2b: Coalossal|Protect|p2b: Coalossal\n|-singleturn|p2b: Coalossal|Protect\n|move|p1a: Fishy|Lava Plume|p2b: Coalossal|[spread] p1b,p2a\n|-activate|p2b: Coalossal|move: Protect\n|-supereffective|p2a: Rillaboom\n|-damage|p1b: Sundae|63\/100\n|-damage|p2a: Rillaboom|10\/100 brn\n|-start|p1b: Sundae|Charge|Lava Plume|[from] ability: Electromorphosis\n|move|p2a: Rillaboom|U-turn|p1b: Sundae\n|-damage|p1b: Sundae|51\/100\n|-start|p1b: Sundae|Charge|U-turn|[from] ability: Electromorphosis\n|\n|t:|1697734120\n|switch|p2a: Sinistcha|Sinistcha|100\/100|[from] U-turn\n|-heal|p2b: Coalossal|100\/100|[from] ability: Hospitality|[of] p2a: Sinistcha\n|move|p1b: Sundae|Parabolic Charge|p2b: Coalossal|[spread] p2a\n|-activate|p2b: Coalossal|move: Protect\n|-immune|p1a: Fishy\n|-resisted|p2a: Sinistcha\n|-damage|p2a: Sinistcha|46\/100\n|-heal|p1b: Sundae|74\/100|[from] drain|[of] p2a: Sinistcha\n|-end|p1b: Sundae|Charge|[silent]\n|\n|-heal|p1a: Fishy|94\/100|[from] Grassy Terrain\n|-heal|p1a: Fishy|100\/100|[from] item: Leftovers\n|-heal|p2a: Sinistcha|52\/100|[from] Grassy Terrain\n|-heal|p2a: Sinistcha|58\/100|[from] item: Leftovers\n|-heal|p1b: Sundae|80\/100|[from] Grassy Terrain\n|upkeep\n|turn|4\n|\n|t:|1697734143\n|switch|p1a: tasty|Pincurchin, F|100\/100\n|-fieldstart|move: Electric Terrain|[from] ability: Electric Surge|[of] p1a: tasty\n|move|p2b: Coalossal|Tera Blast|p1a: tasty|[anim] Tera Blast Grass\n|-damage|p1a: tasty|41\/100\n|move|p2a: Sinistcha|Matcha Gotcha|p1b: Sundae|[spread] p1a,p1b\n|-damage|p1a: tasty|10\/100\n|-heal|p2a: Sinistcha|72\/100|[from] drain|[of] p1a: tasty\n|-damage|p1b: Sundae|55\/100\n|-heal|p2a: Sinistcha|87\/100|[from] drain|[of] p1b: Sundae\n|-start|p1b: Sundae|Charge|Matcha Gotcha|[from] ability: Electromorphosis\n|move|p1b: Sundae|Parabolic Charge|p2a: Sinistcha|[spread] p1a,p2a,p2b\n|-resisted|p1a: tasty\n|-resisted|p2a: Sinistcha\n|-resisted|p2b: Coalossal\n|-damage|p1a: tasty|0 fnt\n|-heal|p1b: Sundae|59\/100|[from] drain|[of] p1a: tasty\n|-damage|p2a: Sinistcha|30\/100\n|-heal|p1b: Sundae|82\/100|[from] drain|[of] p2a: Sinistcha\n|-damage|p2b: Coalossal|51\/100\n|-heal|p1b: Sundae|100\/100|[from] drain|[of] p2b: Coalossal\n|faint|p1a: tasty\n|-end|p1b: Sundae|Charge|[silent]\n|\n|-heal|p2a: Sinistcha|36\/100|[from] item: Leftovers\n|upkeep\n|inactive|Remy savage has 120 seconds left.\n|\n|t:|1697734170\n|switch|p1a: Fishy|Chi-Yu, tera:Ground|100\/100\n|-ability|p1a: Fishy|Beads of Ruin\n|turn|5\n|\n|t:|1697734175\n|switch|p2a: Rillaboom|Rillaboom, F|10\/100 brn\n|-fieldstart|move: Grassy Terrain|[from] ability: Grassy Surge|[of] p2a: Rillaboom\n|move|p1a: Fishy|Protect|p1a: Fishy\n|-singleturn|p1a: Fishy|Protect\n|move|p2b: Coalossal|Tera Blast|p1a: Fishy|[anim] Tera Blast Grass\n|-activate|p1a: Fishy|move: Protect\n|move|p1b: Sundae|Parabolic Charge|p2b: Coalossal|[spread] p2a,p2b\n|-activate|p1a: Fishy|move: Protect\n|-resisted|p2a: Rillaboom\n|-resisted|p2b: Coalossal\n|-damage|p2a: Rillaboom|0 fnt\n|-damage|p2b: Coalossal|26\/100\n|faint|p2a: Rillaboom\n|\n|-heal|p2b: Coalossal|32\/100|[from] Grassy Terrain\n|upkeep\n|\n|t:|1697734184\n|switch|p2a: Sinistcha|Sinistcha|36\/100\n|-heal|p2b: Coalossal|57\/100|[from] ability: Hospitality|[of] p2a: Sinistcha\n|turn|6\n|\n|t:|1697734199\n|switch|p1a: Brute Bonnet|Brute Bonnet|100\/100\n|move|p2b: Coalossal|Protect|p2b: Coalossal\n|-singleturn|p2b: Coalossal|Protect\n|move|p2a: Sinistcha|Matcha Gotcha|p1a: Brute Bonnet|[spread] p1a,p1b\n|-resisted|p1a: Brute Bonnet\n|-damage|p1a: Brute Bonnet|87\/100\n|-heal|p2a: Sinistcha|44\/100|[from] drain|[of] p1a: Brute Bonnet\n|-damage|p1b: Sundae|71\/100\n|-heal|p2a: Sinistcha|62\/100|[from] drain|[of] p1b: Sundae\n|-start|p1b: Sundae|Charge|Matcha Gotcha|[from] ability: Electromorphosis\n|move|p1b: Sundae|Parabolic Charge|p2a: Sinistcha|[spread] p1a,p2a\n|-activate|p2b: Coalossal|move: Protect\n|-resisted|p1a: Brute Bonnet\n|-resisted|p2a: Sinistcha\n|-damage|p1a: Brute Bonnet|57\/100\n|-heal|p1b: Sundae|86\/100|[from] drain|[of] p1a: Brute Bonnet\n|-damage|p2a: Sinistcha|23\/100\n|-heal|p1b: Sundae|100\/100|[from] drain|[of] p2a: Sinistcha\n|-end|p1b: Sundae|Charge|[silent]\n|\n|-heal|p2b: Coalossal|63\/100|[from] Grassy Terrain\n|-heal|p2a: Sinistcha|29\/100|[from] Grassy Terrain\n|-heal|p2a: Sinistcha|35\/100|[from] item: Leftovers\n|-heal|p1a: Brute Bonnet|63\/100|[from] Grassy Terrain\n|-heal|p1a: Brute Bonnet|70\/100|[from] item: Leftovers\n|upkeep\n|turn|7\n|inactive|Remy savage has 120 seconds left.\n|inactive|NoobishTrainerJoe has 120 seconds left.\n|\n|t:|1697734236\n|move|p2a: Sinistcha|Rage Powder|p2a: Sinistcha\n|-singleturn|p2a: Sinistcha|move: Rage Powder\n|move|p1a: Brute Bonnet|Sucker Punch|p2b: Coalossal\n|-damage|p2b: Coalossal|31\/100\n|move|p2b: Coalossal|Heat Wave|p1b: Sundae|[spread] p1a,p1b\n|-supereffective|p1a: Brute Bonnet\n|-crit|p1b: Sundae\n|-damage|p1a: Brute Bonnet|2\/100\n|-damage|p1b: Sundae|37\/100\n|-start|p1b: Sundae|Charge|Heat Wave|[from] ability: Electromorphosis\n|move|p1b: Sundae|Parabolic Charge|p2a: Sinistcha|[spread] p1a,p2a,p2b\n|-resisted|p1a: Brute Bonnet\n|-resisted|p2a: Sinistcha\n|-resisted|p2b: Coalossal\n|-damage|p1a: Brute Bonnet|0 fnt\n|-heal|p1b: Sundae|37\/100|[from] drain|[of] p1a: Brute Bonnet\n|-damage|p2a: Sinistcha|0 fnt\n|-heal|p1b: Sundae|52\/100|[from] drain|[of] p2a: Sinistcha\n|-damage|p2b: Coalossal|0 fnt\n|-heal|p1b: Sundae|65\/100|[from] drain|[of] p2b: Coalossal\n|faint|p1a: Brute Bonnet\n|-end|p1a: Brute Bonnet|Protosynthesis|[silent]\n|faint|p2a: Sinistcha\n|faint|p2b: Coalossal\n|-end|p1b: Sundae|Charge|[silent]\n|\n|-heal|p1b: Sundae|71\/100|[from] Grassy Terrain\n|upkeep\n|inactive|Remy savage has 120 seconds left.\n|\n|t:|1697734268\n|switch|p2a: Pelipper|Pelipper, M|100\/100\n|switch|p2b: Palafin|Palafin-Hero, F|100\/100\n|switch|p1a: Fishy|Chi-Yu, tera:Ground|100\/100\n|-activate|p2b: Palafin|ability: Zero to Hero\n|-ability|p1a: Fishy|Beads of Ruin\n|-weather|RainDance|[from] ability: Drizzle|[of] p2a: Pelipper\n|turn|8\n|\n|t:|1697734281\n|switch|p1a: Gastrodon|Gastrodon, F|100\/100\n|move|p2a: Pelipper|Wide Guard|p2a: Pelipper\n|-singleturn|p2a: Pelipper|Wide Guard\n|move|p2b: Palafin|Wave Crash|p1a: Gastrodon\n|-activate|p1a: Gastrodon|ability: Storm Drain\n|-ability|p1a: Gastrodon|Storm Drain|boost\n|-boost|p1a: Gastrodon|spa|1\n|move|p1b: Sundae|Parabolic Charge|p2a: Pelipper|[spread] \n|-activate|p2a: Pelipper|move: Wide Guard\n|-activate|p2b: Palafin|move: Wide Guard\n|-immune|p1a: Gastrodon\n|\n|-weather|RainDance|[upkeep]\n|-heal|p1b: Sundae|77\/100|[from] Grassy Terrain\n|upkeep\n|turn|9\n|\n|t:|1697734302\n|switch|p2b: Iron Bundle|Iron Bundle|100\/100\n|-enditem|p2b: Iron Bundle|Booster Energy\n|-activate|p2b: Iron Bundle|ability: Quark Drive|[fromitem]\n|-start|p2b: Iron Bundle|quarkdrivespe\n|move|p2a: Pelipper|Wide Guard|p2a: Pelipper\n|-singleturn|p2a: Pelipper|Wide Guard\n|move|p1b: Sundae|Parabolic Charge|p2a: Pelipper|[spread] \n|-activate|p2a: Pelipper|move: Wide Guard\n|-activate|p2b: Iron Bundle|move: Wide Guard\n|-immune|p1a: Gastrodon\n|move|p1a: Gastrodon|Ice Beam|p2a: Pelipper\n|-damage|p2a: Pelipper|43\/100\n|-status|p2a: Pelipper|frz\n|\n|-weather|RainDance|[upkeep]\n|-heal|p2a: Pelipper|50\/100 frz|[from] item: Leftovers\n|-heal|p1b: Sundae|83\/100|[from] Grassy Terrain\n|-fieldend|move: Grassy Terrain\n|upkeep\n|turn|10\n|c|\u2606NoobishTrainerJoe|lmao\n|\n|t:|1697734326\n|move|p1a: Gastrodon|Helping Hand|p1b: Sundae\n|-singleturn|p1b: Sundae|Helping Hand|[of] p1a: Gastrodon\n|cant|p2a: Pelipper|frz\n|move|p2b: Iron Bundle|Freeze-Dry|p1a: Gastrodon\n|-supereffective|p1a: Gastrodon\n|-damage|p1a: Gastrodon|0 fnt\n|faint|p1a: Gastrodon\n|move|p1b: Sundae|Parabolic Charge|p2a: Pelipper|[spread] p2a,p2b\n|-supereffective|p2a: Pelipper\n|-supereffective|p2b: Iron Bundle\n|-crit|p2b: Iron Bundle\n|-damage|p2a: Pelipper|0 fnt\n|-heal|p1b: Sundae|100\/100|[from] drain|[of] p2a: Pelipper\n|-damage|p2b: Iron Bundle|0 fnt\n|faint|p2a: Pelipper\n|faint|p2b: Iron Bundle\n|-end|p2b: Iron Bundle|Quark Drive|[silent]\n|\n|-weather|RainDance|[upkeep]\n|upkeep\n|-message|NoobishTrainerJoe forfeited.\n|\n|win|Remy savage\n|raw|Remy savage's rating: 1296 &rarr; <strong>1321<\/strong><br \/>(+25 for winning)\n|raw|NoobishTrainerJoe's rating: 1295 &rarr; <strong>1270<\/strong><br \/>(-25 for losing)\n|l|\u2606NoobishTrainerJoe\n","uploadtime":1697734350,"views":16,"p1id":"remysavage","p2id":"noobishtrainerjoe","formatid":"gen9doublesou","rating":1270,"private":0,"password":""}