{"id":"gen9doublesou-1971552441","p1":"bigM24","p2":"ChimeBliss","format":"[Gen 9] Doubles OU","log":"|j|\u2606bigM24\n|j|\u2606ChimeBliss\n|t:|1697747756\n|gametype|doubles\n|player|p1|bigM24|2|1066\n|player|p2|ChimeBliss|bianca|1163\n|teamsize|p1|6\n|teamsize|p2|6\n|gen|9\n|tier|[Gen 9] Doubles OU\n|rated|\n|rule|Species Clause: Limit one of each Pok\u00e9mon\n|rule|OHKO Clause: OHKO moves are banned\n|rule|Evasion Moves Clause: Evasion moves are banned\n|rule|Gravity Sleep Clause: The combination of sleep-inducing moves with imperfect accuracy and Gravity or Gigantamax Orbeetle are banned\n|rule|Endless Battle Clause: Forcing endless battles is banned\n|rule|HP Percentage Mod: HP is shown in percentages\n|clearpoke\n|poke|p1|Raichu, M|\n|poke|p1|Milotic, F|\n|poke|p1|Tyranitar, M|\n|poke|p1|Landorus, M|\n|poke|p1|Volcarona, F|\n|poke|p1|Dragonite, M|\n|poke|p2|Tornadus, M|\n|poke|p2|Iron Hands|\n|poke|p2|Rillaboom, F|\n|poke|p2|Flutter Mane|\n|poke|p2|Ogerpon-Hearthflame, F|\n|poke|p2|Heatran, F|\n|teampreview\n|inactive|Battle timer is ON: inactive players will automatically lose when time's up. (requested by bigM24)\n|inactive|ChimeBliss has 120 seconds left.\n|\n|t:|1697747792\n|start\n|switch|p1a: Ratte|Raichu, M|100\/100\n|switch|p1b: Lando|Landorus, M|100\/100\n|switch|p2a: Iron Hands|Iron Hands|100\/100\n|switch|p2b: Rillaboom|Rillaboom, F|100\/100\n|-fieldstart|move: Grassy Terrain|[from] ability: Grassy Surge|[of] p2b: Rillaboom\n|turn|1\n|\n|t:|1697747809\n|-terastallize|p1b: Lando|Psychic\n|move|p1a: Ratte|Fake Out|p2b: Rillaboom\n|-damage|p2b: Rillaboom|92\/100\n|cant|p2b: Rillaboom|flinch\n|move|p1b: Lando|Psychic|p2a: Iron Hands\n|-supereffective|p2a: Iron Hands\n|-damage|p2a: Iron Hands|0 fnt\n|faint|p2a: Iron Hands\n|-end|p2a: Iron Hands|Quark Drive|[silent]\n|\n|-heal|p2b: Rillaboom|98\/100|[from] Grassy Terrain\n|upkeep\n|\n|t:|1697747823\n|switch|p2a: Flutter Mane|Flutter Mane|100\/100\n|turn|2\n|\n|t:|1697747839\n|move|p2a: Flutter Mane|Shadow Ball|p1b: Lando\n|-supereffective|p1b: Lando\n|-crit|p1b: Lando\n|-damage|p1b: Lando|0 fnt\n|faint|p1b: Lando\n|move|p1a: Ratte|Nuzzle|p2a: Flutter Mane\n|-damage|p2a: Flutter Mane|90\/100\n|-status|p2a: Flutter Mane|par\n|move|p2b: Rillaboom|U-turn|p1a: Ratte\n|-damage|p1a: Ratte|54\/100\n|\n|t:|1697747843\n|switch|p2b: Tornadus|Tornadus, M|100\/100|[from] U-turn\n|\n|-heal|p1a: Ratte|60\/100|[from] Grassy Terrain\n|-heal|p2a: Flutter Mane|96\/100 par|[from] Grassy Terrain\n|upkeep\n|\n|t:|1697747857\n|switch|p1b: DracoKnight|Dragonite, M|100\/100\n|turn|3\n|\n|t:|1697747867\n|-end|p2a: Flutter Mane|Protosynthesis|[silent]\n|switch|p2a: Rillaboom|Rillaboom, F|98\/100\n|move|p2b: Tornadus|Taunt|p1b: DracoKnight\n|-start|p1b: DracoKnight|move: Taunt\n|move|p1a: Ratte|Nuzzle|p2b: Tornadus\n|-supereffective|p2b: Tornadus\n|-damage|p2b: Tornadus|88\/100\n|cant|p1b: DracoKnight|move: Taunt|Dragon Dance\n|\n|-heal|p1a: Ratte|66\/100|[from] Grassy Terrain\n|-heal|p2a: Rillaboom|100\/100|[from] Grassy Terrain\n|upkeep\n|turn|4\n|\n|t:|1697747885\n|switch|p1b: Volcarona|Volcarona, F|100\/100\n|move|p2b: Tornadus|Tailwind|p2b: Tornadus\n|-sidestart|p2: ChimeBliss|move: Tailwind\n|move|p2a: Rillaboom|Grassy Glide|p1a: Ratte\n|-damage|p1a: Ratte|0 fnt\n|faint|p1a: Ratte\n|\n|upkeep\n|\n|t:|1697747894\n|switch|p1a: DracoKnight|Dragonite, M|100\/100\n|turn|5\n|\n|t:|1697747909\n|switch|p2a: Heatran|Heatran, F|100\/100\n|move|p2b: Tornadus|Bleakwind Storm|p1b: Volcarona|[spread] p1b\n|-miss|p2b: Tornadus|p1a: DracoKnight\n|-supereffective|p1b: Volcarona\n|-crit|p1b: Volcarona\n|-damage|p1b: Volcarona|2\/100\n|move|p1b: Volcarona|Heat Wave|p2b: Tornadus|[spread] p2b\n|-start|p2a: Heatran|ability: Flash Fire\n|-damage|p2b: Tornadus|46\/100\n|move|p1a: DracoKnight|Dragon Dance|p1a: DracoKnight\n|-boost|p1a: DracoKnight|atk|1\n|-boost|p1a: DracoKnight|spe|1\n|\n|-heal|p1b: Volcarona|8\/100|[from] Grassy Terrain\n|-fieldend|move: Grassy Terrain\n|upkeep\n|turn|6\n|\n|t:|1697747931\n|-terastallize|p2a: Heatran|Fairy\n|move|p2b: Tornadus|Bleakwind Storm|p1a: DracoKnight|[spread] p1a\n|-miss|p2b: Tornadus|p1b: Volcarona\n|-damage|p1a: DracoKnight|83\/100\n|-unboost|p1a: DracoKnight|spe|1\n|move|p2a: Heatran|Tera Blast|p1a: DracoKnight|[anim] Tera Blast Fairy\n|-supereffective|p1a: DracoKnight\n|-damage|p1a: DracoKnight|0 fnt\n|faint|p1a: DracoKnight\n|move|p1b: Volcarona|Bug Buzz|p2a: Heatran\n|-resisted|p2a: Heatran\n|-damage|p2a: Heatran|87\/100\n|\n|upkeep\n|\n|t:|1697747944\n|switch|p1a: Sepentina|Milotic, F|100\/100\n|turn|7\n|\n|t:|1697747960\n|move|p2b: Tornadus|Bleakwind Storm|p1a: Sepentina|[spread] p1a,p1b\n|-supereffective|p1b: Volcarona\n|-damage|p1a: Sepentina|80\/100\n|-damage|p1b: Volcarona|0 fnt\n|faint|p1b: Volcarona\n|move|p2a: Heatran|Tera Blast|p1a: Sepentina|[anim] Tera Blast Fairy\n|-damage|p1a: Sepentina|49\/100\n|move|p1a: Sepentina|Icy Wind|p2b: Tornadus|[spread] p2a,p2b\n|-supereffective|p2b: Tornadus\n|-damage|p2a: Heatran|81\/100\n|-damage|p2b: Tornadus|24\/100\n|-unboost|p2a: Heatran|spe|1\n|\n|-heal|p1a: Sepentina|55\/100|[from] item: Leftovers\n|-sideend|p2: ChimeBliss|move: Tailwind\n|upkeep\n|\n|t:|1697747974\n|switch|p1b: Stone Cold|Tyranitar, M|100\/100\n|-weather|Sandstorm|[from] ability: Sand Stream|[of] p1b: Stone Cold\n|turn|8\n|\n|t:|1697747981\n|move|p2b: Tornadus|Bleakwind Storm|p1b: Stone Cold|[spread] p1a,p1b\n|-resisted|p1b: Stone Cold\n|-damage|p1a: Sepentina|33\/100\n|-damage|p1b: Stone Cold|91\/100\n|-unboost|p1b: Stone Cold|spe|1\n|move|p1a: Sepentina|Scald|p2a: Heatran\n|-damage|p2a: Heatran|66\/100\n|move|p2a: Heatran|Tera Blast|p1a: Sepentina|[anim] Tera Blast Fairy\n|-damage|p1a: Sepentina|3\/100\n|move|p1b: Stone Cold|Rock Slide|p2a: Heatran|[spread] p2a,p2b\n|-crit|p2a: Heatran\n|-supereffective|p2b: Tornadus\n|-damage|p2a: Heatran|21\/100\n|-damage|p2b: Tornadus|0 fnt\n|faint|p2b: Tornadus\n|\n|-weather|Sandstorm|[upkeep]\n|-damage|p1a: Sepentina|0 fnt|[from] Sandstorm\n|-damage|p2a: Heatran|15\/100|[from] Sandstorm\n|faint|p1a: Sepentina\n|upkeep\n|\n|t:|1697747992\n|switch|p2b: Rillaboom|Rillaboom, F|100\/100\n|-fieldstart|move: Grassy Terrain|[from] ability: Grassy Surge|[of] p2b: Rillaboom\n|turn|9\n|\n|t:|1697748004\n|move|p2b: Rillaboom|Fake Out|p1b: Stone Cold\n|-resisted|p1b: Stone Cold\n|-damage|p1b: Stone Cold|85\/100\n|move|p2a: Heatran|Tera Blast|p1b: Stone Cold|[anim] Tera Blast Fairy\n|-supereffective|p1b: Stone Cold\n|-damage|p1b: Stone Cold|35\/100\n|cant|p1b: Stone Cold|flinch\n|\n|-weather|Sandstorm|[upkeep]\n|-damage|p2b: Rillaboom|94\/100|[from] Sandstorm\n|-damage|p2a: Heatran|9\/100|[from] Sandstorm\n|-heal|p2b: Rillaboom|100\/100|[from] Grassy Terrain\n|-heal|p2a: Heatran|15\/100|[from] Grassy Terrain\n|-heal|p1b: Stone Cold|41\/100|[from] Grassy Terrain\n|upkeep\n|turn|10\n|-message|bigM24 forfeited.\n|\n|win|ChimeBliss\n|raw|bigM24's rating: 1066 &rarr; <strong>1052<\/strong><br \/>(-14 for losing)\n|raw|ChimeBliss's rating: 1163 &rarr; <strong>1181<\/strong><br \/>(+18 for winning)\n|l|\u2606bigM24\n","uploadtime":1697748012,"views":7,"p1id":"bigm24","p2id":"chimebliss","formatid":"gen9doublesou","rating":1052,"private":0,"password":""}