{"id":"gen9doublesou-1989455133","p1":"Hacker Reporter 2","p2":"Pearsquare","format":"[Gen 9] Doubles OU","log":"|j|\u2606Hacker Reporter 2\n|j|\u2606Pearsquare\n|t:|1699853076\n|gametype|doubles\n|player|p1|Hacker Reporter 2|101|1068\n|player|p2|Pearsquare|caitlin|1065\n|teamsize|p1|6\n|teamsize|p2|6\n|gen|9\n|tier|[Gen 9] Doubles OU\n|rated|\n|rule|Species Clause: Limit one of each Pok\u00e9mon\n|rule|OHKO Clause: OHKO moves are banned\n|rule|Evasion Moves Clause: Evasion moves are banned\n|rule|Gravity Sleep Clause: The combination of sleep-inducing moves with imperfect accuracy and Gravity or Gigantamax Orbeetle are banned\n|rule|Endless Battle Clause: Forcing endless battles is banned\n|rule|HP Percentage Mod: HP is shown in percentages\n|clearpoke\n|poke|p1|Kilowattrel, F|\n|poke|p1|Corviknight, F|\n|poke|p1|Roaring Moon|\n|poke|p1|Sinistcha-Masterpiece|\n|poke|p1|Pachirisu, F|\n|poke|p1|Farigiraf, M|\n|poke|p2|Meloetta|\n|poke|p2|Gothitelle, F|\n|poke|p2|Zoroark, M|\n|poke|p2|Kingambit, F|\n|poke|p2|Typhlosion, M|\n|poke|p2|Ninetales, F|\n|teampreview\n|inactive|Battle timer is ON: inactive players will automatically lose when time's up. (requested by Hacker Reporter 2)\n|inactive|Pearsquare has 120 seconds left.\n|\n|t:|1699853113\n|start\n|switch|p1a: Farigiraf|Farigiraf, M|100\/100\n|switch|p1b: Sinistcha|Sinistcha-Masterpiece|100\/100\n|switch|p2a: Homrua|Ninetales, F|100\/100\n|switch|p2b: Izerna|Gothitelle, F|100\/100\n|-weather|SunnyDay|[from] ability: Drought|[of] p2a: Homrua\n|-item|p1a: Farigiraf|Leftovers|[from] ability: Frisk|[of] p2b: Izerna|[identify]\n|-item|p1b: Sinistcha|Eject Button|[from] ability: Frisk|[of] p2b: Izerna|[identify]\n|turn|1\n|inactive|Hacker Reporter 2 has 120 seconds left.\n|\n|t:|1699853148\n|switch|p1b: Roaring Moon|Roaring Moon|100\/100\n|-activate|p1b: Roaring Moon|ability: Protosynthesis\n|-start|p1b: Roaring Moon|protosynthesisatk\n|move|p2b: Izerna|Fake Out||[still]\n|cant|p1a: Farigiraf|ability: Armor Tail|Fake Out|[of] p2b: Izerna\n|move|p2a: Homrua|Heat Wave|p1b: Roaring Moon|[spread] p1a,p1b\n|-resisted|p1b: Roaring Moon\n|-damage|p1a: Farigiraf|59\/100\n|-damage|p1b: Roaring Moon|79\/100\n|move|p1a: Farigiraf|Twin Beam|p2a: Homrua\n|-damage|p2a: Homrua|75\/100\n|-damage|p2a: Homrua|52\/100\n|-hitcount|p2a: Homrua|2\n|\n|-weather|SunnyDay|[upkeep]\n|-heal|p1a: Farigiraf|65\/100|[from] item: Leftovers\n|upkeep\n|turn|2\n|inactive|Pearsquare has 120 seconds left.\n|\n|t:|1699853186\n|switch|p1a: Kilowattrel|Kilowattrel, F|100\/100\n|move|p2b: Izerna|Helping Hand|p2a: Homrua\n|-singleturn|p2a: Homrua|Helping Hand|[of] p2b: Izerna\n|move|p1b: Roaring Moon|Earthquake|p2b: Izerna|[spread] p2a,p2b\n|-immune|p1a: Kilowattrel\n|-supereffective|p2a: Homrua\n|-crit|p2a: Homrua\n|-damage|p2a: Homrua|0 fnt\n|-damage|p2b: Izerna|63\/100\n|faint|p2a: Homrua\n|\n|-weather|SunnyDay|[upkeep]\n|upkeep\n|\n|t:|1699853204\n|switch|p2a: Elio|Typhlosion, M|100\/100\n|turn|3\n|\n|t:|1699853213\n|-terastallize|p2a: Elio|Fire\n|move|p2b: Izerna|Helping Hand|p2a: Elio\n|-singleturn|p2a: Elio|Helping Hand|[of] p2b: Izerna\n|move|p2a: Elio|Eruption|p1b: Roaring Moon|[spread] p1a,p1b\n|-resisted|p1b: Roaring Moon\n|-damage|p1a: Kilowattrel|0 fnt\n|-damage|p1b: Roaring Moon|7\/100\n|-enditem|p1b: Roaring Moon|Aguav Berry|[eat]\n|-heal|p1b: Roaring Moon|40\/100|[from] item: Aguav Berry\n|faint|p1a: Kilowattrel\n|move|p1b: Roaring Moon|Earthquake|p2b: Izerna|[spread] p2a,p2b\n|-supereffective|p2a: Elio\n|-damage|p2a: Elio|0 fnt\n|-damage|p2b: Izerna|21\/100\n|-enditem|p2b: Izerna|Sitrus Berry|[eat]\n|-heal|p2b: Izerna|46\/100|[from] item: Sitrus Berry\n|faint|p2a: Elio\n|\n|-weather|SunnyDay|[upkeep]\n|upkeep\n|c|\u2606Hacker Reporter 2|wtf hacker\n|\n|t:|1699853232\n|switch|p1a: Pachirisu|Pachirisu, F|100\/100\n|switch|p2a: Aria|Meloetta|100\/100\n|turn|4\n|\n|t:|1699853244\n|move|p2b: Izerna|Helping Hand|p2a: Aria\n|-singleturn|p2a: Aria|Helping Hand|[of] p2b: Izerna\n|move|p1b: Roaring Moon|Earthquake|p2a: Aria|[spread] p1a,p2a,p2b\n|-supereffective|p1a: Pachirisu\n|-damage|p1a: Pachirisu|0 fnt\n|-damage|p2a: Aria|49\/100\n|-damage|p2b: Izerna|4\/100\n|faint|p1a: Pachirisu\n|move|p2a: Aria|Dazzling Gleam|p1b: Roaring Moon\n|-supereffective|p1b: Roaring Moon\n|-damage|p1b: Roaring Moon|0 fnt\n|faint|p1b: Roaring Moon\n|-end|p1b: Roaring Moon|Protosynthesis|[silent]\n|\n|-weather|SunnyDay|[upkeep]\n|upkeep\n|\n|t:|1699853255\n|switch|p1b: Sinistcha|Sinistcha-Masterpiece|100\/100\n|switch|p1a: Corviknight|Corviknight, F|100\/100\n|turn|5\n|\n|t:|1699853270\n|move|p2b: Izerna|Helping Hand|p2a: Aria\n|-singleturn|p2a: Aria|Helping Hand|[of] p2b: Izerna\n|move|p2a: Aria|Shadow Ball|p1b: Sinistcha\n|-supereffective|p1b: Sinistcha\n|-damage|p1b: Sinistcha|1\/100\n|-enditem|p1b: Sinistcha|Eject Button\n|\n|t:|1699853276\n|switch|p1b: Farigiraf|Farigiraf, M|65\/100\n|move|p1a: Corviknight|Light Screen|p1a: Corviknight\n|-sidestart|p1: Hacker Reporter 2|move: Light Screen\n|\n|-weather|SunnyDay|[upkeep]\n|-heal|p1b: Farigiraf|71\/100|[from] item: Leftovers\n|upkeep\n|turn|6\n|\n|t:|1699853298\n|move|p2b: Izerna|Helping Hand|p2a: Aria\n|-singleturn|p2a: Aria|Helping Hand|[of] p2b: Izerna\n|move|p2a: Aria|Hyper Voice|p1b: Farigiraf|[spread] p1a,p1b\n|-resisted|p1a: Corviknight\n|-damage|p1a: Corviknight|82\/100\n|-damage|p1b: Farigiraf|34\/100\n|move|p1a: Corviknight|Flash Cannon|p2a: Aria\n|-damage|p2a: Aria|36\/100\n|move|p1b: Farigiraf|Twin Beam|p2a: Aria\n|-resisted|p2a: Aria\n|-damage|p2a: Aria|30\/100\n|-resisted|p2a: Aria\n|-damage|p2a: Aria|24\/100\n|-hitcount|p2a: Aria|2\n|\n|-weather|SunnyDay|[upkeep]\n|-heal|p1a: Corviknight|89\/100|[from] item: Leftovers\n|-heal|p1b: Farigiraf|40\/100|[from] item: Leftovers\n|upkeep\n|turn|7\n|\n|t:|1699853318\n|move|p2a: Aria|Hyper Voice|p1b: Farigiraf|[spread] p1a,p1b\n|-resisted|p1a: Corviknight\n|-crit|p1b: Farigiraf\n|-damage|p1a: Corviknight|77\/100\n|-damage|p1b: Farigiraf|0 fnt\n|faint|p1b: Farigiraf\n|move|p1a: Corviknight|Nasty Plot|p1a: Corviknight\n|-boost|p1a: Corviknight|spa|2\n|move|p2b: Izerna|Heal Pulse|p2a: Aria\n|-heal|p2a: Aria|74\/100\n|\n|-weather|SunnyDay|[upkeep]\n|-heal|p1a: Corviknight|83\/100|[from] item: Leftovers\n|upkeep\n|\n|t:|1699853324\n|switch|p1b: Sinistcha|Sinistcha-Masterpiece|1\/100\n|-heal|p1a: Corviknight|100\/100|[from] ability: Hospitality|[of] p1b: Sinistcha\n|turn|8\n|\n|t:|1699853337\n|move|p2b: Izerna|Helping Hand|p2a: Aria\n|-singleturn|p2a: Aria|Helping Hand|[of] p2b: Izerna\n|move|p2a: Aria|Dazzling Gleam|p1a: Corviknight|[spread] p1a,p1b\n|-resisted|p1a: Corviknight\n|-damage|p1a: Corviknight|91\/100\n|-damage|p1b: Sinistcha|0 fnt\n|faint|p1b: Sinistcha\n|move|p1a: Corviknight|Flash Cannon|p2a: Aria\n|-damage|p2a: Aria|48\/100\n|-unboost|p2a: Aria|spd|1\n|\n|-weather|none\n|-heal|p1a: Corviknight|97\/100|[from] item: Leftovers\n|upkeep\n|turn|9\n|-message|Hacker Reporter 2 forfeited.\n|\n|win|Pearsquare\n|raw|Hacker Reporter 2's rating: 1068 &rarr; <strong>1048<\/strong><br \/>(-20 for losing)\n|raw|Pearsquare's rating: 1065 &rarr; <strong>1096<\/strong><br \/>(+31 for winning)\n|l|\u2606Hacker Reporter 2\n","uploadtime":1699853355,"views":6,"p1id":"hackerreporter2","p2id":"pearsquare","formatid":"gen9doublesou","rating":1048,"private":0,"password":""}