{"id":"gen9doublesou-1993532536","p1":"Kiky14","p2":"Elliotus","format":"[Gen 9] Doubles OU","log":"|j|\u2606Kiky14\n|j|\u2606Elliotus\n|t:|1700328799\n|gametype|doubles\n|player|p1|Kiky14|hilda-wonderlauncher|1349\n|player|p2|Elliotus|nate|1233\n|teamsize|p1|6\n|teamsize|p2|6\n|gen|9\n|tier|[Gen 9] Doubles OU\n|rated|\n|rule|Species Clause: Limit one of each Pok\u00e9mon\n|rule|OHKO Clause: OHKO moves are banned\n|rule|Evasion Moves Clause: Evasion moves are banned\n|rule|Gravity Sleep Clause: The combination of sleep-inducing moves with imperfect accuracy and Gravity or Gigantamax Orbeetle are banned\n|rule|Endless Battle Clause: Forcing endless battles is banned\n|rule|HP Percentage Mod: HP is shown in percentages\n|clearpoke\n|poke|p1|Sinistcha|\n|poke|p1|Moltres-Galar|\n|poke|p1|Arcanine-Hisui, M|\n|poke|p1|Ogerpon-Wellspring, F|\n|poke|p1|Klefki, F|\n|poke|p1|Okidogi, M|\n|poke|p2|Pelipper, M|\n|poke|p2|Ursaluna, M|\n|poke|p2|Indeedee-F, F|\n|poke|p2|Armarouge, M|\n|poke|p2|Arboliva, M|\n|poke|p2|Torkoal, M|\n|teampreview\n|inactive|Battle timer is ON: inactive players will automatically lose when time's up. (requested by Elliotus)\n|\n|t:|1700328812\n|start\n|switch|p1a: Moltres|Moltres-Galar|100\/100\n|switch|p1b: Klefki|Klefki, F|100\/100\n|switch|p2a: Ursaluna|Ursaluna, M, shiny|100\/100\n|switch|p2b: Armarouge|Armarouge, M, shiny|100\/100\n|turn|1\n|\n|t:|1700328835\n|-terastallize|p2b: Armarouge|Grass\n|move|p1b: Klefki|Reflect|p1b: Klefki\n|-sidestart|p1: Kiky14|Reflect\n|move|p1a: Moltres|Fiery Wrath|p2a: Ursaluna|[spread] p2a,p2b\n|-damage|p2a: Ursaluna|78\/100\n|-damage|p2b: Armarouge|74\/100\n|move|p2a: Ursaluna|Swords Dance|p2a: Ursaluna\n|-boost|p2a: Ursaluna|atk|2\n|move|p2b: Armarouge|Trick Room|p2b: Armarouge\n|-fieldstart|move: Trick Room|[of] p2b: Armarouge\n|\n|-status|p2a: Ursaluna|brn|[from] item: Flame Orb\n|upkeep\n|turn|2\n|\n|t:|1700328860\n|switch|p1a: Arcanine|Arcanine-Hisui, M|100\/100\n|-ability|p1a: Arcanine|Intimidate|boost\n|-unboost|p2a: Ursaluna|atk|1\n|-unboost|p2b: Armarouge|atk|1\n|move|p1b: Klefki|Light Screen|p1b: Klefki\n|-sidestart|p1: Kiky14|move: Light Screen\n|move|p2a: Ursaluna|Facade|p1a: Arcanine\n|-resisted|p1a: Arcanine\n|-damage|p1a: Arcanine|28\/100\n|-enditem|p1a: Arcanine|Sitrus Berry|[eat]\n|-heal|p1a: Arcanine|53\/100|[from] item: Sitrus Berry\n|move|p2b: Armarouge|Armor Cannon|p1b: Klefki\n|-supereffective|p1b: Klefki\n|-damage|p1b: Klefki|0 fnt\n|-unboost|p2b: Armarouge|def|1\n|-unboost|p2b: Armarouge|spd|1\n|faint|p1b: Klefki\n|-damage|p2b: Armarouge|64\/100|[from] item: Life Orb\n|\n|-damage|p2a: Ursaluna|72\/100 brn|[from] brn\n|upkeep\n|inactive|Kiky14 has 120 seconds left.\n|\n|t:|1700328879\n|switch|p1b: Sinistcha|Sinistcha|100\/100\n|-heal|p1a: Arcanine|78\/100|[from] ability: Hospitality|[of] p1b: Sinistcha\n|turn|3\n|\n|t:|1700328896\n|move|p1a: Arcanine|Protect|p1a: Arcanine\n|-singleturn|p1a: Arcanine|Protect\n|move|p2a: Ursaluna|Headlong Rush|p1a: Arcanine\n|-activate|p1a: Arcanine|move: Protect\n|move|p2b: Armarouge|Armor Cannon|p1b: Sinistcha\n|-supereffective|p1b: Sinistcha\n|-damage|p1b: Sinistcha|0 fnt\n|-unboost|p2b: Armarouge|def|1\n|-unboost|p2b: Armarouge|spd|1\n|faint|p1b: Sinistcha\n|-damage|p2b: Armarouge|54\/100|[from] item: Life Orb\n|\n|-damage|p2a: Ursaluna|66\/100 brn|[from] brn\n|upkeep\n|\n|t:|1700328908\n|switch|p1b: Okidogi|Okidogi, M|100\/100\n|turn|4\n|\n|t:|1700328924\n|switch|p1a: Moltres|Moltres-Galar|100\/100\n|-terastallize|p1b: Okidogi|Dark\n|move|p2a: Ursaluna|Headlong Rush|p1a: Moltres\n|-immune|p1a: Moltres\n|move|p2b: Armarouge|Psychic|p1b: Okidogi\n|-immune|p1b: Okidogi\n|move|p1b: Okidogi|Poison Jab|p2b: Armarouge\n|-supereffective|p2b: Armarouge\n|-damage|p2b: Armarouge|0 fnt\n|faint|p2b: Armarouge\n|\n|-damage|p2a: Ursaluna|59\/100 brn|[from] brn\n|upkeep\n|inactive|Elliotus has 120 seconds left.\n|\n|t:|1700328945\n|switch|p2b: Indeedee|Indeedee-F, F, shiny|100\/100\n|-fieldstart|move: Psychic Terrain|[from] ability: Psychic Surge|[of] p2b: Indeedee\n|turn|5\n|\n|t:|1700328954\n|move|p1b: Okidogi|Protect|p1b: Okidogi\n|-singleturn|p1b: Okidogi|Protect\n|move|p1a: Moltres|Protect|p1a: Moltres\n|-singleturn|p1a: Moltres|Protect\n|move|p2a: Ursaluna|Facade|p1a: Moltres\n|-activate|p1a: Moltres|move: Protect\n|move|p2b: Indeedee|Dazzling Gleam|p1a: Moltres|[spread] \n|-activate|p1a: Moltres|move: Protect\n|-activate|p1b: Okidogi|move: Protect\n|\n|-damage|p2a: Ursaluna|53\/100 brn|[from] brn\n|-fieldend|move: Trick Room\n|upkeep\n|turn|6\n|\n|t:|1700328973\n|move|p1a: Moltres|Fiery Wrath|p2a: Ursaluna|[spread] p2a,p2b\n|-supereffective|p2b: Indeedee\n|-damage|p2a: Ursaluna|32\/100 brn\n|-damage|p2b: Indeedee|34\/100\n|move|p1b: Okidogi|Knock Off|p2b: Indeedee\n|-supereffective|p2b: Indeedee\n|-damage|p2b: Indeedee|0 fnt\n|-enditem|p2b: Indeedee|Aguav Berry|[from] move: Knock Off|[of] p1b: Okidogi\n|faint|p2b: Indeedee\n|cant|p2a: Ursaluna|flinch\n|\n|-damage|p2a: Ursaluna|26\/100 brn|[from] brn\n|upkeep\n|\n|t:|1700328990\n|switch|p2b: Torkoal|Torkoal, M, shiny|100\/100\n|-weather|SunnyDay|[from] ability: Drought|[of] p2b: Torkoal\n|turn|7\n|\n|t:|1700329000\n|move|p1a: Moltres|Fiery Wrath|p2a: Ursaluna|[spread] p2a,p2b\n|-damage|p2a: Ursaluna|2\/100 brn\n|-damage|p2b: Torkoal|79\/100\n|move|p1b: Okidogi|Drain Punch|p2a: Ursaluna\n|-supereffective|p2a: Ursaluna\n|-damage|p2a: Ursaluna|0 fnt\n|faint|p2a: Ursaluna\n|move|p2b: Torkoal|Eruption|p1a: Moltres|[spread] p1a,p1b\n|-damage|p1a: Moltres|85\/100\n|-damage|p1b: Okidogi|79\/100\n|\n|-weather|SunnyDay|[upkeep]\n|upkeep\n|\n|t:|1700329013\n|switch|p2a: Arboliva|Arboliva, M, shiny|100\/100\n|turn|8\n|\n|t:|1700329028\n|move|p1a: Moltres|Air Slash|p2a: Arboliva\n|-supereffective|p2a: Arboliva\n|-damage|p2a: Arboliva|65\/100\n|-fieldstart|move: Grassy Terrain|[from] ability: Seed Sower|[of] p2a: Arboliva\n|move|p1b: Okidogi|Drain Punch|p2a: Arboliva\n|-supereffective|p2a: Arboliva\n|-damage|p2a: Arboliva|0 fnt\n|-heal|p1b: Okidogi|100\/100|[from] drain|[of] p2a: Arboliva\n|faint|p2a: Arboliva\n|move|p2b: Torkoal|Gyro Ball|p1b: Okidogi\n|-damage|p1b: Okidogi|88\/100\n|\n|-weather|SunnyDay|[upkeep]\n|-heal|p1b: Okidogi|94\/100|[from] Grassy Terrain\n|-heal|p2b: Torkoal|85\/100|[from] Grassy Terrain\n|-sideend|p1: Kiky14|Reflect\n|upkeep\n|-message|Elliotus forfeited.\n|\n|win|Kiky14\n|raw|Kiky14's rating: 1349 &rarr; <strong>1363<\/strong><br \/>(+14 for winning)\n|raw|Elliotus's rating: 1233 &rarr; <strong>1216<\/strong><br \/>(-17 for losing)\n|l|\u2606Elliotus\n","uploadtime":1700329051,"views":4,"p1id":"kiky14","p2id":"elliotus","formatid":"gen9doublesou","rating":1216,"private":0,"password":""}