{"id":"gen9doublesou-1987155908","p1":"SaturnFr3ak","p2":"AlphaAcount","format":"[Gen 9] Doubles OU","log":"|j|\u2606SaturnFr3ak\n|j|\u2606AlphaAcount\n|t:|1699560723\n|gametype|doubles\n|player|p1|SaturnFr3ak|mina|1344\n|player|p2|AlphaAcount|benga|1447\n|teamsize|p1|6\n|teamsize|p2|6\n|gen|9\n|tier|[Gen 9] Doubles OU\n|rated|\n|rule|Species Clause: Limit one of each Pok\u00e9mon\n|rule|OHKO Clause: OHKO moves are banned\n|rule|Evasion Moves Clause: Evasion moves are banned\n|rule|Gravity Sleep Clause: The combination of sleep-inducing moves with imperfect accuracy and Gravity or Gigantamax Orbeetle are banned\n|rule|Endless Battle Clause: Forcing endless battles is banned\n|rule|HP Percentage Mod: HP is shown in percentages\n|clearpoke\n|poke|p1|Stonjourner, F|\n|poke|p1|Chi-Yu|\n|poke|p1|Passimian, M|\n|poke|p1|Flutter Mane|\n|poke|p1|Muk-Alola, M|\n|poke|p1|Sinistcha-Masterpiece|\n|poke|p2|Tornadus, M|\n|poke|p2|Ursaluna-Bloodmoon, M|\n|poke|p2|Ogerpon-Wellspring, F|\n|poke|p2|Basculegion-F, F|\n|poke|p2|Flutter Mane|\n|poke|p2|Regidrago|\n|teampreview\n|inactive|Battle timer is ON: inactive players will automatically lose when time's up. (requested by AlphaAcount)\n|\n|t:|1699560767\n|start\n|switch|p1a: Greed|Muk-Alola, M, shiny|100\/100\n|switch|p1b: Roxie|Stonjourner, F, shiny|100\/100\n|switch|p2a: KING of WIND|Tornadus, M, shiny|100\/100\n|switch|p2b: CUTE|Flutter Mane, shiny|100\/100\n|turn|1\n|\n|t:|1699560780\n|move|p2a: KING of WIND|Tailwind|p2a: KING of WIND\n|-sidestart|p2: AlphaAcount|move: Tailwind\n|move|p2b: CUTE|Dazzling Gleam|p1a: Greed|[spread] p1a,p1b\n|-damage|p1a: Greed|83\/100\n|-damage|p1b: Roxie|41\/100\n|move|p1b: Roxie|Sunny Day|p1b: Roxie\n|-weather|SunnyDay\n|-activate|p2b: CUTE|ability: Protosynthesis\n|-start|p2b: CUTE|protosynthesisspa\n|move|p1a: Greed|Ice Punch|p2a: KING of WIND\n|-supereffective|p2a: KING of WIND\n|-crit|p2a: KING of WIND\n|-enditem|p2a: KING of WIND|Focus Sash\n|-damage|p2a: KING of WIND|1\/100\n|\n|-weather|SunnyDay|[upkeep]\n|upkeep\n|turn|2\n|inactive|AlphaAcount has 120 seconds left.\n|\n|t:|1699560811\n|-terastallize|p2b: CUTE|Fairy\n|move|p1a: Greed|Shadow Sneak|p2a: KING of WIND\n|-damage|p2a: KING of WIND|0 fnt\n|faint|p2a: KING of WIND\n|move|p2b: CUTE|Dazzling Gleam|p1a: Greed|[spread] p1a,p1b\n|-damage|p1a: Greed|48\/100\n|-damage|p1b: Roxie|0 fnt\n|faint|p1b: Roxie\n|-ability|p1a: Greed|Power Spot|[from] ability: Power of Alchemy|[of] p1b: Roxie\n|\n|-weather|SunnyDay|[upkeep]\n|upkeep\n|inactive|AlphaAcount has 120 seconds left.\n|\n|t:|1699560838\n|switch|p2a: BLOOD|Ursaluna-Bloodmoon, M|100\/100\n|switch|p1b: OJ|Passimian, M, shiny|100\/100\n|turn|3\n|\n|t:|1699560854\n|move|p2b: CUTE|Dazzling Gleam|p1a: Greed|[spread] p1a,p1b\n|-supereffective|p1b: OJ\n|-damage|p1a: Greed|12\/100\n|-damage|p1b: OJ|0 fnt\n|faint|p1b: OJ\n|move|p2a: BLOOD|Hyper Voice|p1a: Greed\n|-damage|p1a: Greed|0 fnt\n|faint|p1a: Greed\n|-enditem|p2a: BLOOD|Throat Spray\n|-boost|p2a: BLOOD|spa|1|[from] item: Throat Spray\n|\n|-weather|SunnyDay|[upkeep]\n|upkeep\n|c|\u2606AlphaAcount|thats prob gg\n|inactive|SaturnFr3ak has 120 seconds left.\n|\n|t:|1699560881\n|switch|p1b: Nemo|Chi-Yu|100\/100\n|switch|p1a: Soba|Sinistcha-Masterpiece|100\/100\n|-ability|p1b: Nemo|Beads of Ruin\n|turn|4\n|\n|t:|1699560892\n|move|p1a: Soba|Rage Powder|p1a: Soba\n|-singleturn|p1a: Soba|move: Rage Powder\n|move|p2b: CUTE|Dazzling Gleam|p1a: Soba|[spread] p1a,p1b\n|-damage|p1a: Soba|6\/100\n|-damage|p1b: Nemo|23\/100\n|move|p2a: BLOOD|Blood Moon|p1a: Soba\n|-damage|p1a: Soba|0 fnt\n|faint|p1a: Soba\n|move|p1b: Nemo|Snarl|p2b: CUTE|[spread] p2a,p2b\n|-resisted|p2b: CUTE\n|-damage|p2a: BLOOD|49\/100\n|-damage|p2b: CUTE|79\/100\n|-unboost|p2a: BLOOD|spa|1\n|-unboost|p2b: CUTE|spa|1\n|\n|-weather|SunnyDay|[upkeep]\n|-sideend|p2: AlphaAcount|move: Tailwind\n|upkeep\n|\n|t:|1699560906\n|switch|p1a: Missy|Flutter Mane|100\/100\n|-activate|p1a: Missy|ability: Protosynthesis\n|-start|p1a: Missy|protosynthesisspe\n|turn|5\n|\n|t:|1699560924\n|-terastallize|p1a: Missy|Fairy\n|move|p1a: Missy|Dazzling Gleam|p2b: CUTE|[spread] p2a,p2b\n|-damage|p2a: BLOOD|0 fnt\n|-damage|p2b: CUTE|0 fnt\n|faint|p2a: BLOOD\n|faint|p2b: CUTE\n|-end|p2b: CUTE|Protosynthesis|[silent]\n|move|p1b: Nemo|Snarl|p2: BLOOD|[notarget]\n|-fail|p1b: Nemo\n|\n|-weather|SunnyDay|[upkeep]\n|upkeep\n|\n|t:|1699560937\n|switch|p2b: FISH|Basculegion-F, F, shiny|100\/100\n|switch|p2a: TROLL BONK|Ogerpon-Wellspring, F|100\/100\n|turn|6\n|\n|t:|1699560943\n|move|p1a: Missy|Dazzling Gleam|p2a: TROLL BONK|[spread] p2a,p2b\n|-crit|p2a: TROLL BONK\n|-crit|p2b: FISH\n|-damage|p2a: TROLL BONK|0 fnt\n|-damage|p2b: FISH|0 fnt\n|faint|p2a: TROLL BONK\n|faint|p2b: FISH\n|move|p1b: Nemo|Snarl|p2: TROLL BONK|[notarget]\n|-fail|p1b: Nemo\n|\n|-weather|SunnyDay|[upkeep]\n|upkeep\n|c|\u2606AlphaAcount|gg\n|-message|AlphaAcount forfeited.\n|\n|win|SaturnFr3ak\n|raw|SaturnFr3ak's rating: 1344 &rarr; <strong>1370<\/strong><br \/>(+26 for winning)\n|raw|AlphaAcount's rating: 1447 &rarr; <strong>1421<\/strong><br \/>(-26 for losing)\n|l|\u2606AlphaAcount\n|l|\u2606SaturnFr3ak\n|j|\u2606SaturnFr3ak\n|player|p1|SaturnFr3ak|mina\n","uploadtime":1699561090,"views":8,"p1id":"saturnfr3ak","p2id":"alphaacount","formatid":"gen9doublesou","rating":1370,"private":0,"password":""}