{"id":"gen9doublesou-1971990273","p1":"dingding69","p2":"SsPpAaRrKkZz","format":"[Gen 9] Doubles OU","log":"|j|\u2606dingding69\n|j|\u2606SsPpAaRrKkZz\n|t:|1697802096\n|gametype|doubles\n|player|p1|dingding69|swimmer-gen4dp|1099\n|player|p2|SsPpAaRrKkZz|alder|1000\n|teamsize|p1|6\n|teamsize|p2|6\n|gen|9\n|tier|[Gen 9] Doubles OU\n|rated|\n|rule|Species Clause: Limit one of each Pok\u00e9mon\n|rule|OHKO Clause: OHKO moves are banned\n|rule|Evasion Moves Clause: Evasion moves are banned\n|rule|Gravity Sleep Clause: The combination of sleep-inducing moves with imperfect accuracy and Gravity or Gigantamax Orbeetle are banned\n|rule|Endless Battle Clause: Forcing endless battles is banned\n|rule|HP Percentage Mod: HP is shown in percentages\n|clearpoke\n|poke|p1|Cresselia, F|\n|poke|p1|Iron Hands|\n|poke|p1|Pincurchin, M|\n|poke|p1|Pawmot, F|\n|poke|p1|Thundurus, M|\n|poke|p1|Magnezone|\n|poke|p2|Ninetales, M|\n|poke|p2|Walking Wake|\n|poke|p2|Murkrow, F|\n|poke|p2|Tornadus, M|\n|poke|p2|Flutter Mane|\n|poke|p2|Roaring Moon|\n|teampreview\n|\n|t:|1697802107\n|start\n|switch|p1a: Cresselia|Cresselia, F|100\/100\n|switch|p1b: Thundurus|Thundurus, M, shiny|100\/100\n|switch|p2a: Murkrow|Murkrow, F|100\/100\n|switch|p2b: Ninetales|Ninetales, M|100\/100\n|-weather|SunnyDay|[from] ability: Drought|[of] p2b: Ninetales\n|turn|1\n|\n|t:|1697802118\n|switch|p2b: Flutter Mane|Flutter Mane|100\/100\n|-activate|p2b: Flutter Mane|ability: Protosynthesis\n|-start|p2b: Flutter Mane|protosynthesisspa\n|move|p2a: Murkrow|Tailwind|p2a: Murkrow\n|-sidestart|p2: SsPpAaRrKkZz|move: Tailwind\n|move|p1b: Thundurus|Discharge|p2b: Flutter Mane|[spread] p1a,p2a,p2b\n|-supereffective|p2a: Murkrow\n|-crit|p2a: Murkrow\n|-damage|p1a: Cresselia|86\/100\n|-damage|p2a: Murkrow|26\/100\n|-damage|p2b: Flutter Mane|67\/100\n|move|p1a: Cresselia|Trick Room|p1a: Cresselia\n|-fieldstart|move: Trick Room|[of] p1a: Cresselia\n|\n|-weather|SunnyDay|[upkeep]\n|-heal|p2b: Flutter Mane|73\/100|[from] item: Leftovers\n|upkeep\n|turn|2\n|\n|t:|1697802145\n|move|p1a: Cresselia|Protect|p1a: Cresselia\n|-singleturn|p1a: Cresselia|Protect\n|move|p1b: Thundurus|Thunder Wave|p2b: Flutter Mane\n|-status|p2b: Flutter Mane|par\n|cant|p2b: Flutter Mane|par\n|move|p2a: Murkrow|U-turn|p1a: Cresselia\n|-activate|p1a: Cresselia|move: Protect\n|\n|-weather|SunnyDay|[upkeep]\n|-heal|p2b: Flutter Mane|79\/100 par|[from] item: Leftovers\n|upkeep\n|turn|3\n|\n|t:|1697802170\n|switch|p1a: Magnezone|Magnezone|100\/100\n|move|p1b: Thundurus|Discharge|p2a: Murkrow|[spread] p1a,p2a,p2b\n|-resisted|p1a: Magnezone\n|-supereffective|p2a: Murkrow\n|-damage|p1a: Magnezone|85\/100\n|-damage|p2a: Murkrow|0 fnt\n|-damage|p2b: Flutter Mane|48\/100 par\n|faint|p2a: Murkrow\n|move|p2b: Flutter Mane|Shadow Ball|p1a: Magnezone\n|-damage|p1a: Magnezone|18\/100\n|\n|-weather|SunnyDay|[upkeep]\n|-heal|p2b: Flutter Mane|53\/100 par|[from] item: Leftovers\n|upkeep\n|\n|t:|1697802186\n|switch|p2a: Roaring Moon|Roaring Moon|100\/100\n|-activate|p2a: Roaring Moon|ability: Protosynthesis\n|-start|p2a: Roaring Moon|protosynthesisspe\n|turn|4\n|\n|t:|1697802200\n|-terastallize|p2a: Roaring Moon|Dragon\n|move|p1b: Thundurus|Thunder Wave|p2a: Roaring Moon\n|-status|p2a: Roaring Moon|par\n|move|p1a: Magnezone|Flash Cannon|p2b: Flutter Mane\n|-supereffective|p2b: Flutter Mane\n|-damage|p2b: Flutter Mane|0 fnt\n|faint|p2b: Flutter Mane\n|-end|p2b: Flutter Mane|Protosynthesis|[silent]\n|move|p2a: Roaring Moon|Outrage|p1a: Magnezone\n|-resisted|p1a: Magnezone\n|-damage|p1a: Magnezone|0 fnt\n|faint|p1a: Magnezone\n|\n|-weather|SunnyDay|[upkeep]\n|-sideend|p2: SsPpAaRrKkZz|move: Tailwind\n|upkeep\n|\n|t:|1697802218\n|switch|p1a: Pincurchin|Pincurchin, M, shiny|100\/100\n|switch|p2b: Tornadus|Tornadus, M|100\/100\n|-fieldstart|move: Electric Terrain|[from] ability: Electric Surge|[of] p1a: Pincurchin\n|turn|5\n|\n|t:|1697802227\n|switch|p1a: Cresselia|Cresselia, F|86\/100\n|move|p2b: Tornadus|Tailwind|p2b: Tornadus\n|-sidestart|p2: SsPpAaRrKkZz|move: Tailwind\n|move|p1b: Thundurus|Discharge|p2b: Tornadus|[spread] p1a,p2a,p2b\n|-crit|p1a: Cresselia\n|-resisted|p2a: Roaring Moon\n|-supereffective|p2b: Tornadus\n|-damage|p1a: Cresselia|65\/100\n|-damage|p2a: Roaring Moon|86\/100 par\n|-damage|p2b: Tornadus|16\/100\n|move|p2a: Roaring Moon|Outrage|p1a: Cresselia|[from]lockedmove\n|-damage|p1a: Cresselia|0 fnt\n|faint|p1a: Cresselia\n|-start|p2a: Roaring Moon|confusion|[fatigue]\n|\n|-weather|SunnyDay|[upkeep]\n|-fieldend|move: Trick Room\n|upkeep\n|\n|t:|1697802249\n|switch|p1a: Pawmot|Pawmot, F|100\/100\n|turn|6\n|\n|t:|1697802269\n|switch|p2b: Walking Wake|Walking Wake|100\/100\n|-activate|p2b: Walking Wake|ability: Protosynthesis\n|-start|p2b: Walking Wake|protosynthesisspe\n|-terastallize|p1a: Pawmot|Ice\n|move|p1b: Thundurus|Nasty Plot|p1b: Thundurus\n|-boost|p1b: Thundurus|spa|2\n|-activate|p2a: Roaring Moon|confusion\n|move|p2a: Roaring Moon|Outrage|p1b: Thundurus\n|-enditem|p1b: Thundurus|Focus Sash\n|-damage|p1b: Thundurus|1\/100\n|move|p1a: Pawmot|Ice Punch|p2a: Roaring Moon\n|-supereffective|p2a: Roaring Moon\n|-damage|p2a: Roaring Moon|0 fnt\n|faint|p2a: Roaring Moon\n|-end|p2a: Roaring Moon|Protosynthesis|[silent]\n|\n|-weather|SunnyDay|[upkeep]\n|upkeep\n|\n|t:|1697802287\n|switch|p2a: Ninetales|Ninetales, M|100\/100\n|turn|7\n|\n|t:|1697802296\n|move|p2b: Walking Wake|Dragon Dance|p2b: Walking Wake\n|-boost|p2b: Walking Wake|atk|1\n|-boost|p2b: Walking Wake|spe|1\n|move|p2a: Ninetales|Heat Wave|p1a: Pawmot|[spread] p1a,p1b\n|-supereffective|p1a: Pawmot\n|-damage|p1a: Pawmot|0 fnt\n|-damage|p1b: Thundurus|0 fnt\n|faint|p1a: Pawmot\n|faint|p1b: Thundurus\n|\n|-weather|SunnyDay|[upkeep]\n|upkeep\n|\n|t:|1697802304\n|switch|p1b: Iron Hands|Iron Hands|100\/100\n|switch|p1a: Pincurchin|Pincurchin, M, shiny|100\/100\n|-activate|p1b: Iron Hands|ability: Quark Drive\n|-start|p1b: Iron Hands|quarkdriveatk\n|turn|8\n|\n|t:|1697802323\n|move|p2b: Walking Wake|Dragon Dance|p2b: Walking Wake\n|-boost|p2b: Walking Wake|atk|1\n|-boost|p2b: Walking Wake|spe|1\n|move|p2a: Ninetales|Extrasensory|p1b: Iron Hands\n|-supereffective|p1b: Iron Hands\n|-damage|p1b: Iron Hands|70\/100\n|move|p1b: Iron Hands|Rock Slide|p2a: Ninetales|[spread] p2a,p2b\n|-supereffective|p2a: Ninetales\n|-crit|p2a: Ninetales\n|-damage|p2a: Ninetales|0 fnt\n|-damage|p2b: Walking Wake|69\/100\n|faint|p2a: Ninetales\n|move|p1a: Pincurchin|Acupressure|p1b: Iron Hands\n|-boost|p1b: Iron Hands|evasion|2\n|\n|-weather|none\n|-end|p2b: Walking Wake|Protosynthesis\n|-sideend|p2: SsPpAaRrKkZz|move: Tailwind\n|upkeep\n|\n|t:|1697802338\n|switch|p2a: Tornadus|Tornadus, M|16\/100\n|turn|9\n|\n|t:|1697802348\n|move|p2a: Tornadus|Tailwind|p2a: Tornadus\n|-sidestart|p2: SsPpAaRrKkZz|move: Tailwind\n|move|p2b: Walking Wake|Hydro Steam|p1b: Iron Hands\n|-damage|p1b: Iron Hands|29\/100\n|-enditem|p1b: Iron Hands|Sitrus Berry|[eat]\n|-heal|p1b: Iron Hands|54\/100|[from] item: Sitrus Berry\n|-damage|p2b: Walking Wake|59\/100|[from] item: Life Orb\n|move|p1b: Iron Hands|Rock Slide|p2b: Walking Wake|[spread] p2b\n|-miss|p1b: Iron Hands|p2a: Tornadus\n|-damage|p2b: Walking Wake|29\/100\n|move|p1a: Pincurchin|Acupressure|p1b: Iron Hands\n|-boost|p1b: Iron Hands|evasion|2\n|\n|-fieldend|move: Electric Terrain\n|-end|p1b: Iron Hands|Quark Drive\n|upkeep\n|turn|10\n|\n|t:|1697802376\n|move|p2b: Walking Wake|Dragon Pulse|p1a: Pincurchin\n|-damage|p1a: Pincurchin|23\/100\n|-enditem|p1a: Pincurchin|Wiki Berry|[eat]\n|-heal|p1a: Pincurchin|57\/100|[from] item: Wiki Berry\n|-damage|p2b: Walking Wake|20\/100|[from] item: Life Orb\n|move|p2a: Tornadus|Bleakwind Storm|p1a: Pincurchin|[spread] p1a\n|-miss|p2a: Tornadus|p1b: Iron Hands\n|-resisted|p1a: Pincurchin\n|-damage|p1a: Pincurchin|32\/100\n|move|p1b: Iron Hands|Rock Slide|p2a: Tornadus|[spread] p2a,p2b\n|-supereffective|p2a: Tornadus\n|-damage|p2a: Tornadus|0 fnt\n|-damage|p2b: Walking Wake|0 fnt\n|faint|p2a: Tornadus\n|faint|p2b: Walking Wake\n|-end|p2b: Walking Wake|Protosynthesis|[silent]\n|\n|win|dingding69\n|raw|dingding69's rating: 1099 &rarr; <strong>1117<\/strong><br \/>(+18 for winning)\n|raw|SsPpAaRrKkZz's rating: 1000 &rarr; <strong>1000<\/strong><br \/>(+0 for losing)\n|c|\u2606dingding69|ggwp\n","uploadtime":1697802405,"views":13,"p1id":"dingding69","p2id":"ssppaarrkkzz","formatid":"gen9doublesou","rating":1000,"private":0,"password":""}