{"id":"gen9doublesou-2000327726","p1":"Linkmasterjr","p2":"Jonathan53332","format":"[Gen 9] Doubles OU","log":"|j|\u2606Linkmasterjr\n|j|\u2606Jonathan53332\n|t:|1701185326\n|gametype|doubles\n|player|p1|Linkmasterjr|blue|\n|player|p2|Jonathan53332|170|\n|teamsize|p1|6\n|teamsize|p2|6\n|gen|9\n|tier|[Gen 9] Doubles OU\n|rule|Species Clause: Limit one of each Pok\u00e9mon\n|rule|OHKO Clause: OHKO moves are banned\n|rule|Evasion Moves Clause: Evasion moves are banned\n|rule|Gravity Sleep Clause: The combination of sleep-inducing moves with imperfect accuracy and Gravity or Gigantamax Orbeetle are banned\n|rule|Endless Battle Clause: Forcing endless battles is banned\n|rule|HP Percentage Mod: HP is shown in percentages\n|clearpoke\n|poke|p1|Vikavolt, M|\n|poke|p1|Chandelure, M|\n|poke|p1|Palafin, M|\n|poke|p1|Sneasler, M|\n|poke|p1|Rillaboom, F|\n|poke|p1|Murkrow, M|\n|poke|p2|Zoroark-Hisui, M|\n|poke|p2|Palafin, M|\n|poke|p2|Amoonguss, F|\n|poke|p2|Dugtrio-Alola, F|\n|poke|p2|Kilowattrel, M|\n|poke|p2|Skeledirge, F|\n|teampreview\n|\n|t:|1701185357\n|start\n|switch|p1a: Rillaboom|Rillaboom, F|100\/100\n|switch|p1b: Palafin|Palafin, M|100\/100\n|switch|p2a: Palafin|Palafin, M|100\/100\n|switch|p2b: Skeledirge|Skeledirge, F|100\/100\n|-fieldstart|move: Grassy Terrain|[from] ability: Grassy Surge|[of] p1a: Rillaboom\n|turn|1\n|\n|t:|1701185376\n|detailschange|p1b: Palafin|Palafin-Hero, M\n|switch|p1b: Chandelure|Chandelure, M|100\/100\n|move|p1a: Rillaboom|Grassy Glide|p2a: Palafin\n|-supereffective|p2a: Palafin\n|-damage|p2a: Palafin|12\/100\n|move|p2a: Palafin|Flip Turn|p1b: Chandelure\n|-supereffective|p1b: Chandelure\n|-damage|p1b: Chandelure|17\/100\n|\n|t:|1701185387\n|detailschange|p2a: Palafin|Palafin-Hero, M\n|switch|p2a: Amoonguss|Amoonguss, F|100\/100|[from] Flip Turn\n|move|p2b: Skeledirge|Torch Song|p1a: Rillaboom\n|-supereffective|p1a: Rillaboom\n|-damage|p1a: Rillaboom|1\/100\n|-boost|p2b: Skeledirge|spa|1\n|\n|-heal|p1a: Rillaboom|7\/100|[from] Grassy Terrain\n|-heal|p1b: Chandelure|23\/100|[from] Grassy Terrain\n|upkeep\n|turn|2\n|\n|t:|1701185408\n|move|p2a: Amoonguss|Shadow Sneak|p1b: Chandelure\n|-supereffective|p1b: Chandelure\n|-damage|p1b: Chandelure|0 fnt\n|faint|p1b: Chandelure\n|move|p1a: Rillaboom|High Horsepower|p2b: Skeledirge\n|-supereffective|p2b: Skeledirge\n|-damage|p2b: Skeledirge|46\/100\n|move|p2b: Skeledirge|Torch Song|p1a: Rillaboom\n|-supereffective|p1a: Rillaboom\n|-damage|p1a: Rillaboom|0 fnt\n|-boost|p2b: Skeledirge|spa|1\n|faint|p1a: Rillaboom\n|\n|-heal|p2b: Skeledirge|52\/100|[from] Grassy Terrain\n|-heal|p2b: Skeledirge|58\/100|[from] item: Leftovers\n|upkeep\n|\n|t:|1701185419\n|switch|p1a: Palafin|Palafin-Hero, M|100\/100\n|switch|p1b: Vikavolt|Vikavolt, M|100\/100\n|-activate|p1a: Palafin|ability: Zero to Hero\n|turn|3\n|\n|t:|1701185439\n|-terastallize|p2b: Skeledirge|Grass\n|move|p1a: Palafin|Jet Punch|p2b: Skeledirge\n|-resisted|p2b: Skeledirge\n|-damage|p2b: Skeledirge|43\/100\n|move|p2a: Amoonguss|Hyper Voice|p1a: Palafin|[spread] p1a,p1b\n|-damage|p1a: Palafin|76\/100\n|-damage|p1b: Vikavolt|57\/100\n|-enditem|p2a: Amoonguss|Throat Spray\n|-boost|p2a: Amoonguss|spa|1|[from] item: Throat Spray\n|move|p2b: Skeledirge|Shadow Ball|p1a: Palafin\n|-crit|p1a: Palafin\n|-damage|p1a: Palafin|0 fnt\n|faint|p1a: Palafin\n|move|p1b: Vikavolt|Air Slash|p2a: Amoonguss\n|-damage|p2a: Amoonguss|0 fnt\n|replace|p2a: Zoroark|Zoroark-Hisui, M\n|-end|p2a: Zoroark|Illusion\n|faint|p2a: Zoroark\n|\n|-heal|p2b: Skeledirge|49\/100|[from] Grassy Terrain\n|-heal|p2b: Skeledirge|55\/100|[from] item: Leftovers\n|upkeep\n|\n|t:|1701185457\n|switch|p2a: Palafin|Palafin-Hero, M|12\/100\n|switch|p1a: Murkrow|Murkrow, M|100\/100\n|-activate|p2a: Palafin|ability: Zero to Hero\n|turn|4\n|\n|t:|1701185464\n|move|p1a: Murkrow|Tailwind|p1a: Murkrow\n|-sidestart|p1: Linkmasterjr|move: Tailwind\n|move|p2a: Palafin|Outrage|p1a: Murkrow\n|-damage|p1a: Murkrow|0 fnt\n|faint|p1a: Murkrow\n|move|p1b: Vikavolt|Air Slash|p2b: Skeledirge\n|-supereffective|p2b: Skeledirge\n|-damage|p2b: Skeledirge|0 fnt\n|faint|p2b: Skeledirge\n|\n|-heal|p2a: Palafin|18\/100|[from] Grassy Terrain\n|upkeep\n|\n|t:|1701185488\n|switch|p1a: Sneasler|Sneasler, M|100\/100\n|switch|p2b: Kilowattrel|Kilowattrel, M|100\/100\n|turn|5\n|inactive|Battle timer is ON: inactive players will automatically lose when time's up. (requested by Linkmasterjr)\n|\n|t:|1701185498\n|move|p1a: Sneasler|Dire Claw|p2b: Kilowattrel\n|-damage|p2b: Kilowattrel|17\/100\n|-status|p2b: Kilowattrel|psn|[from] ability: Poison Touch|[of] p1a: Sneasler\n|move|p2b: Kilowattrel|Tailwind|p2b: Kilowattrel\n|-sidestart|p2: Jonathan53332|move: Tailwind\n|move|p2a: Palafin|Outrage|p1a: Sneasler|[from]lockedmove\n|-damage|p1a: Sneasler|0 fnt\n|faint|p1a: Sneasler\n|-start|p2a: Palafin|confusion|[fatigue]\n|move|p1b: Vikavolt|Air Slash|p2a: Palafin\n|-damage|p2a: Palafin|0 fnt\n|faint|p2a: Palafin\n|\n|-damage|p2b: Kilowattrel|5\/100 psn|[from] psn\n|upkeep\n|\n|t:|1701185503\n|switch|p2a: Amoonguss|Amoonguss, F|100\/100\n|turn|6\n|\n|t:|1701185514\n|move|p2b: Kilowattrel|Endeavor|p1b: Vikavolt\n|-damage|p1b: Vikavolt|4\/100\n|move|p1b: Vikavolt|Air Slash|p2a: Amoonguss\n|-supereffective|p2a: Amoonguss\n|-damage|p2a: Amoonguss|40\/100\n|move|p2a: Amoonguss|Sludge Bomb|p1b: Vikavolt\n|-damage|p1b: Vikavolt|0 fnt\n|faint|p1b: Vikavolt\n|\n|win|Jonathan53332\n","uploadtime":1701185525,"views":4,"p1id":"linkmasterjr","p2id":"jonathan53332","formatid":"gen9doublesou","rating":0,"private":0,"password":""}