{"id":"gen9doublesou-1972472004","p1":"ProbablyJamesLive","p2":"Dbupton","format":"[Gen 9] Doubles OU","log":"|j|\u2606ProbablyJamesLive\n|j|\u2606Dbupton\n|t:|1697846657\n|gametype|doubles\n|player|p1|ProbablyJamesLive|170|\n|player|p2|Dbupton|101|\n|teamsize|p1|6\n|teamsize|p2|6\n|gen|9\n|tier|[Gen 9] Doubles OU\n|rule|Species Clause: Limit one of each Pok\u00e9mon\n|rule|OHKO Clause: OHKO moves are banned\n|rule|Evasion Moves Clause: Evasion moves are banned\n|rule|Gravity Sleep Clause: The combination of sleep-inducing moves with imperfect accuracy and Gravity or Gigantamax Orbeetle are banned\n|rule|Endless Battle Clause: Forcing endless battles is banned\n|rule|HP Percentage Mod: HP is shown in percentages\n|clearpoke\n|poke|p1|Clefairy, F|\n|poke|p1|Palafin, M|\n|poke|p1|Great Tusk|\n|poke|p1|Zarude|\n|poke|p1|Maushold-Four|\n|poke|p1|Heatran, F|\n|poke|p2|Raichu, M|\n|poke|p2|Articuno|\n|poke|p2|Zapdos|\n|poke|p2|Umbreon, M|\n|poke|p2|Moltres|\n|poke|p2|Golem, F|\n|teampreview\n|l|\u2606ProbablyJamesLive\n|player|p1|\n|j|\u2606ProbablyJamesLive\n|player|p1|ProbablyJamesLive|170\n|\n|t:|1697846669\n|start\n|switch|p1a: Clefairy|Clefairy, F|100\/100\n|switch|p1b: Palafin|Palafin, M|100\/100\n|switch|p2a: Raichu|Raichu, M|100\/100\n|switch|p2b: Golem|Golem, F|100\/100\n|turn|1\n|\n|t:|1697846696\n|move|p1b: Palafin|Flip Turn|p2b: Golem\n|-supereffective|p2b: Golem\n|-damage|p2b: Golem|29\/100\n|\n|t:|1697846701\n|detailschange|p1b: Palafin|Palafin-Hero, M\n|switch|p1b: Great Tusk|Great Tusk|100\/100|[from] Flip Turn\n|move|p2a: Raichu|Volt Tackle|p1b: Great Tusk\n|-immune|p1b: Great Tusk\n|move|p2b: Golem|Earth Power|p1a: Clefairy\n|-damage|p1a: Clefairy|87\/100\n|-unboost|p1a: Clefairy|spd|1\n|move|p1a: Clefairy|Stealth Rock|p2a: Raichu\n|-sidestart|p2: Dbupton|move: Stealth Rock\n|\n|upkeep\n|turn|2\n|\n|t:|1697846729\n|switch|p1a: Zarude|Zarude|100\/100\n|-terastallize|p2a: Raichu|Electric\n|move|p1b: Great Tusk|Headlong Rush|p2a: Raichu\n|-supereffective|p2a: Raichu\n|-damage|p2a: Raichu|0 fnt\n|-unboost|p1b: Great Tusk|def|1\n|-unboost|p1b: Great Tusk|spd|1\n|-status|p1b: Great Tusk|par|[from] ability: Static|[of] p2a: Raichu\n|faint|p2a: Raichu\n|move|p2b: Golem|Focus Blast|p1b: Great Tusk\n|-crit|p1b: Great Tusk\n|-damage|p1b: Great Tusk|42\/100 par\n|\n|upkeep\n|\n|t:|1697846743\n|switch|p2a: Articuno|Articuno|100\/100\n|-damage|p2a: Articuno|50\/100|[from] Stealth Rock\n|-ability|p2a: Articuno|Pressure\n|turn|3\n|\n|t:|1697846758\n|-terastallize|p1a: Zarude|Rock\n|move|p1a: Zarude|Rock Slide|p2b: Golem|[spread] p2a,p2b\n|-supereffective|p2a: Articuno\n|-resisted|p2b: Golem\n|-damage|p2a: Articuno|0 fnt\n|-damage|p2b: Golem|16\/100\n|faint|p2a: Articuno\n|move|p1b: Great Tusk|Headlong Rush|p2b: Golem\n|-supereffective|p2b: Golem\n|-damage|p2b: Golem|0 fnt\n|-unboost|p1b: Great Tusk|def|1\n|-unboost|p1b: Great Tusk|spd|1\n|faint|p2b: Golem\n|\n|upkeep\n|\n|t:|1697846778\n|switch|p2a: Moltres|Moltres|100\/100\n|switch|p2b: Zapdos|Zapdos|100\/100\n|-damage|p2b: Zapdos|75\/100|[from] Stealth Rock\n|-ability|p2b: Zapdos|Pressure\n|-damage|p2a: Moltres|50\/100|[from] Stealth Rock\n|-ability|p2a: Moltres|Pressure\n|turn|4\n|\n|t:|1697846817\n|-end|p1b: Great Tusk|Protosynthesis|[silent]\n|switch|p1b: Clefairy|Clefairy, F|87\/100\n|move|p1a: Zarude|Rock Slide|p2b: Zapdos|[spread] p2a,p2b\n|-supereffective|p2a: Moltres\n|-supereffective|p2b: Zapdos\n|-damage|p2a: Moltres|0 fnt\n|-damage|p2b: Zapdos|9\/100\n|faint|p2a: Moltres\n|cant|p2b: Zapdos|flinch\n|\n|upkeep\n|\n|t:|1697846828\n|switch|p2a: Umbreon|Umbreon, M|100\/100\n|-damage|p2a: Umbreon|88\/100|[from] Stealth Rock\n|turn|5\n|\n|t:|1697846843\n|switch|p1b: Great Tusk|Great Tusk|42\/100 par\n|move|p1a: Zarude|Rock Slide|p2b: Zapdos|[spread] p2a,p2b\n|-supereffective|p2b: Zapdos\n|-damage|p2a: Umbreon|64\/100\n|-damage|p2b: Zapdos|0 fnt\n|faint|p2b: Zapdos\n|move|p2a: Umbreon|Dark Pulse|p1a: Zarude\n|-damage|p1a: Zarude|83\/100\n|\n|upkeep\n|turn|6\n|\n|t:|1697846857\n|move|p1a: Zarude|Rock Slide|p2a: Umbreon\n|-damage|p2a: Umbreon|32\/100\n|move|p1b: Great Tusk|Close Combat|p2a: Umbreon\n|-supereffective|p2a: Umbreon\n|-damage|p2a: Umbreon|0 fnt\n|-unboost|p1b: Great Tusk|def|1\n|-unboost|p1b: Great Tusk|spd|1\n|faint|p2a: Umbreon\n|\n|win|ProbablyJamesLive\n","uploadtime":1697846903,"views":37,"p1id":"probablyjameslive","p2id":"dbupton","formatid":"gen9doublesou","rating":0,"private":0,"password":""}