{"id":"gen9doublesou-1990784433","p1":"alimo","p2":"Blue Syrius","format":"[Gen 9] Doubles OU","log":"|j|\u2606alimo\n|j|\u2606Blue Syrius\n|t:|1700000531\n|gametype|doubles\n|player|p1|alimo|265|1325\n|player|p2|Blue Syrius|youngster-gen4dp|1307\n|teamsize|p1|6\n|teamsize|p2|6\n|gen|9\n|tier|[Gen 9] Doubles OU\n|rated|\n|rule|Species Clause: Limit one of each Pok\u00e9mon\n|rule|OHKO Clause: OHKO moves are banned\n|rule|Evasion Moves Clause: Evasion moves are banned\n|rule|Gravity Sleep Clause: The combination of sleep-inducing moves with imperfect accuracy and Gravity or Gigantamax Orbeetle are banned\n|rule|Endless Battle Clause: Forcing endless battles is banned\n|rule|HP Percentage Mod: HP is shown in percentages\n|clearpoke\n|poke|p1|Okidogi, M|\n|poke|p1|Rillaboom, F|\n|poke|p1|Heatran, F|\n|poke|p1|Gastrodon-East, F|\n|poke|p1|Scizor, F|\n|poke|p1|Thundurus, M|\n|poke|p2|Ninetales-Alola, F|\n|poke|p2|Munkidori, M|\n|poke|p2|Slowking-Galar, F|\n|poke|p2|Flutter Mane|\n|poke|p2|Roaring Moon|\n|poke|p2|Maushold|\n|teampreview\n|inactive|Battle timer is ON: inactive players will automatically lose when time's up. (requested by alimo)\n|\n|t:|1700000547\n|start\n|switch|p1a: Rillaboom|Rillaboom, F|100\/100\n|switch|p1b: Scizor|Scizor, F|100\/100\n|switch|p2a: Monkey D. Dori|Munkidori, M|100\/100\n|switch|p2b: Gucci Mane|Flutter Mane|100\/100\n|-fieldstart|move: Grassy Terrain|[from] ability: Grassy Surge|[of] p1a: Rillaboom\n|-enditem|p2b: Gucci Mane|Booster Energy\n|-activate|p2b: Gucci Mane|ability: Protosynthesis|[fromitem]\n|-start|p2b: Gucci Mane|protosynthesisspa\n|turn|1\n|\n|t:|1700000569\n|move|p2a: Monkey D. Dori|Fake Out|p1b: Scizor\n|-resisted|p1b: Scizor\n|-damage|p1b: Scizor|97\/100\n|move|p1a: Rillaboom|Fake Out|p2a: Monkey D. Dori\n|-damage|p2a: Monkey D. Dori|74\/100\n|cant|p1b: Scizor|flinch\n|move|p2b: Gucci Mane|Mystical Fire|p1b: Scizor\n|-supereffective|p1b: Scizor\n|-damage|p1b: Scizor|0 fnt\n|faint|p1b: Scizor\n|\n|-heal|p2a: Monkey D. Dori|80\/100|[from] Grassy Terrain\n|upkeep\n|inactive|alimo has 120 seconds left.\n|\n|t:|1700000592\n|switch|p1b: Gastrodon|Gastrodon-East, F|100\/100\n|turn|2\n|\n|t:|1700000609\n|switch|p1a: Heatran|Heatran, F|100\/100\n|move|p2b: Gucci Mane|Shadow Ball|p1a: Heatran\n|-damage|p1a: Heatran|66\/100\n|move|p2a: Monkey D. Dori|Parting Shot|p1b: Gastrodon\n|-unboost|p1b: Gastrodon|atk|1\n|-unboost|p1b: Gastrodon|spa|1\n|\n|t:|1700000625\n|switch|p2a: MC Slowman|Slowking-Galar, F, shiny|100\/100|[from] Parting Shot\n|move|p1b: Gastrodon|Earth Power|p2a: MC Slowman\n|-supereffective|p2a: MC Slowman\n|-damage|p2a: MC Slowman|71\/100\n|\n|-heal|p1a: Heatran|73\/100|[from] Grassy Terrain\n|-heal|p2a: MC Slowman|77\/100|[from] Grassy Terrain\n|upkeep\n|turn|3\n|\n|t:|1700000649\n|switch|p1b: Thundurus|Thundurus, M, shiny|100\/100\n|move|p2b: Gucci Mane|Protect|p2b: Gucci Mane\n|-singleturn|p2b: Gucci Mane|Protect\n|move|p1a: Heatran|Flash Cannon|p2b: Gucci Mane\n|-activate|p2b: Gucci Mane|move: Protect\n|move|p2a: MC Slowman|Yawn|p1a: Heatran\n|-start|p1a: Heatran|move: Yawn|[of] p2a: MC Slowman\n|\n|-heal|p1a: Heatran|79\/100|[from] Grassy Terrain\n|-heal|p2a: MC Slowman|83\/100|[from] Grassy Terrain\n|upkeep\n|turn|4\n|\n|t:|1700000669\n|-terastallize|p2b: Gucci Mane|Ghost\n|move|p1b: Thundurus|Taunt|p2a: MC Slowman\n|-start|p2a: MC Slowman|move: Taunt\n|move|p2b: Gucci Mane|Shadow Ball|p1b: Thundurus\n|-damage|p1b: Thundurus|5\/100\n|-enditem|p1b: Thundurus|Sitrus Berry|[eat]\n|-heal|p1b: Thundurus|30\/100|[from] item: Sitrus Berry\n|move|p1a: Heatran|Flash Cannon|p2b: Gucci Mane\n|-damage|p2b: Gucci Mane|49\/100\n|move|p2a: MC Slowman|Icy Wind|p1a: Heatran|[spread] p1a,p1b\n|-resisted|p1a: Heatran\n|-supereffective|p1b: Thundurus\n|-damage|p1a: Heatran|77\/100\n|-damage|p1b: Thundurus|8\/100\n|-unboost|p1a: Heatran|spe|1\n|-unboost|p1b: Thundurus|spe|1\n|\n|-heal|p2b: Gucci Mane|55\/100|[from] Grassy Terrain\n|-heal|p2a: MC Slowman|89\/100|[from] Grassy Terrain\n|-heal|p1a: Heatran|83\/100|[from] Grassy Terrain\n|-end|p1a: Heatran|move: Yawn|[silent]\n|-status|p1a: Heatran|slp\n|upkeep\n|turn|5\n|\n|t:|1700000696\n|move|p1b: Thundurus|Eerie Impulse|p2b: Gucci Mane\n|-unboost|p2b: Gucci Mane|spa|2\n|move|p2b: Gucci Mane|Shadow Ball|p1a: Heatran\n|-damage|p1a: Heatran|61\/100 slp\n|move|p2a: MC Slowman|Acid Spray|p1b: Thundurus\n|-damage|p1b: Thundurus|0 fnt\n|faint|p1b: Thundurus\n|cant|p1a: Heatran|slp\n|\n|-heal|p2b: Gucci Mane|61\/100|[from] Grassy Terrain\n|-heal|p2a: MC Slowman|95\/100|[from] Grassy Terrain\n|-heal|p1a: Heatran|67\/100 slp|[from] Grassy Terrain\n|upkeep\n|inactive|alimo has 120 seconds left.\n|\n|t:|1700000713\n|switch|p1b: Gastrodon|Gastrodon-East, F|100\/100\n|turn|6\n|\n|t:|1700000726\n|move|p2b: Gucci Mane|Shadow Ball|p1b: Gastrodon\n|-damage|p1b: Gastrodon|60\/100\n|move|p2a: MC Slowman|Acid Spray|p1b: Gastrodon\n|-resisted|p1b: Gastrodon\n|-damage|p1b: Gastrodon|54\/100\n|-unboost|p1b: Gastrodon|spd|2\n|-curestatus|p1a: Heatran|slp|[msg]\n|move|p1a: Heatran|Heat Wave|p2a: MC Slowman|[spread] p2a,p2b\n|-damage|p2a: MC Slowman|72\/100\n|-damage|p2b: Gucci Mane|20\/100\n|-status|p2b: Gucci Mane|brn\n|move|p1b: Gastrodon|Earth Power|p2a: MC Slowman\n|-supereffective|p2a: MC Slowman\n|-crit|p2a: MC Slowman\n|-damage|p2a: MC Slowman|3\/100\n|-enditem|p2a: MC Slowman|Sitrus Berry|[eat]\n|-heal|p2a: MC Slowman|28\/100|[from] item: Sitrus Berry\n|\n|-heal|p2b: Gucci Mane|26\/100 brn|[from] Grassy Terrain\n|-heal|p2a: MC Slowman|34\/100|[from] Grassy Terrain\n|-heal|p1a: Heatran|74\/100|[from] Grassy Terrain\n|-heal|p1b: Gastrodon|60\/100|[from] Grassy Terrain\n|-heal|p1b: Gastrodon|66\/100|[from] item: Leftovers\n|-damage|p2b: Gucci Mane|20\/100 brn|[from] brn\n|-end|p2a: MC Slowman|move: Taunt\n|upkeep\n|turn|7\n|inactive|Blue Syrius has 120 seconds left.\n|\n|t:|1700000759\n|switch|p2a: 69 Tales|Ninetales-Alola, F, shiny|100\/100\n|-weather|Snow|[from] ability: Snow Warning|[of] p2a: 69 Tales\n|move|p1b: Gastrodon|Protect|p1b: Gastrodon\n|-singleturn|p1b: Gastrodon|Protect\n|move|p2b: Gucci Mane|Shadow Ball|p1b: Gastrodon\n|-activate|p1b: Gastrodon|move: Protect\n|move|p1a: Heatran|Heat Wave|p2a: 69 Tales|[spread] p2b\n|-miss|p1a: Heatran|p2a: 69 Tales\n|-damage|p2b: Gucci Mane|0 fnt\n|faint|p2b: Gucci Mane\n|-end|p2b: Gucci Mane|Protosynthesis|[silent]\n|\n|-weather|Snow|[upkeep]\n|-heal|p1a: Heatran|80\/100|[from] Grassy Terrain\n|-heal|p1b: Gastrodon|72\/100|[from] Grassy Terrain\n|-heal|p1b: Gastrodon|78\/100|[from] item: Leftovers\n|upkeep\n|inactive|Blue Syrius has 120 seconds left.\n|\n|t:|1700000779\n|switch|p2b: Monkey D. Dori|Munkidori, M|80\/100\n|turn|8\n|\n|t:|1700000796\n|move|p2b: Monkey D. Dori|Fake Out|p1a: Heatran\n|-resisted|p1a: Heatran\n|-damage|p1a: Heatran|77\/100\n|move|p2a: 69 Tales|Aurora Veil|p2a: 69 Tales\n|-sidestart|p2: Blue Syrius|move: Aurora Veil\n|cant|p1a: Heatran|flinch\n|move|p1b: Gastrodon|Earth Power|p2b: Monkey D. Dori\n|-supereffective|p2b: Monkey D. Dori\n|-damage|p2b: Monkey D. Dori|19\/100\n|-enditem|p2b: Monkey D. Dori|Sitrus Berry|[eat]\n|-heal|p2b: Monkey D. Dori|44\/100|[from] item: Sitrus Berry\n|\n|-weather|Snow|[upkeep]\n|-heal|p2b: Monkey D. Dori|50\/100|[from] Grassy Terrain\n|-heal|p1a: Heatran|83\/100|[from] Grassy Terrain\n|-heal|p1b: Gastrodon|84\/100|[from] Grassy Terrain\n|-heal|p1b: Gastrodon|90\/100|[from] item: Leftovers\n|-fieldend|move: Grassy Terrain\n|upkeep\n|turn|9\n|inactive|Blue Syrius has 120 seconds left.\n|\n|t:|1700000830\n|switch|p2a: MC Slowman|Slowking-Galar, F, shiny|67\/100\n|switch|p1b: Rillaboom|Rillaboom, F|100\/100\n|-fieldstart|move: Grassy Terrain|[from] ability: Grassy Surge|[of] p1b: Rillaboom\n|move|p2b: Monkey D. Dori|Parting Shot|p1b: Rillaboom\n|-unboost|p1b: Rillaboom|atk|1\n|-unboost|p1b: Rillaboom|spa|1\n|inactive|Blue Syrius has 120 seconds left.\n|\n|t:|1700000846\n|switch|p2b: Moaning Roar|Roaring Moon|100\/100|[from] Parting Shot\n|-enditem|p2b: Moaning Roar|Booster Energy\n|-activate|p2b: Moaning Roar|ability: Protosynthesis|[fromitem]\n|-start|p2b: Moaning Roar|protosynthesisatk\n|move|p1a: Heatran|Flash Cannon|p2a: MC Slowman\n|-damage|p2a: MC Slowman|50\/100\n|\n|-weather|Snow|[upkeep]\n|-heal|p2a: MC Slowman|56\/100|[from] Grassy Terrain\n|-heal|p1a: Heatran|89\/100|[from] Grassy Terrain\n|upkeep\n|turn|10\n|inactive|Blue Syrius has 120 seconds left.\n|\n|t:|1700000865\n|move|p1b: Rillaboom|Fake Out|p2b: Moaning Roar\n|-damage|p2b: Moaning Roar|91\/100\n|cant|p2b: Moaning Roar|flinch\n|move|p2a: MC Slowman|Yawn|p1a: Heatran\n|-start|p1a: Heatran|move: Yawn|[of] p2a: MC Slowman\n|move|p1a: Heatran|Flash Cannon|p2b: Moaning Roar\n|-damage|p2b: Moaning Roar|60\/100\n|\n|-weather|Snow|[upkeep]\n|-heal|p2b: Moaning Roar|66\/100|[from] Grassy Terrain\n|-heal|p2a: MC Slowman|62\/100|[from] Grassy Terrain\n|-heal|p1a: Heatran|96\/100|[from] Grassy Terrain\n|upkeep\n|turn|11\n|\n|t:|1700000880\n|switch|p1b: Okidogi|Okidogi, M|100\/100\n|switch|p1a: Gastrodon|Gastrodon-East, F|90\/100\n|move|p2b: Moaning Roar|Acrobatics|p1b: Okidogi\n|-supereffective|p1b: Okidogi\n|-damage|p1b: Okidogi|24\/100\n|move|p2a: MC Slowman|Heal Pulse|p2b: Moaning Roar\n|-heal|p2b: Moaning Roar|100\/100\n|\n|-weather|none\n|-heal|p1b: Okidogi|30\/100|[from] Grassy Terrain\n|-heal|p1b: Okidogi|36\/100|[from] item: Leftovers\n|-heal|p2a: MC Slowman|68\/100|[from] Grassy Terrain\n|-heal|p1a: Gastrodon|97\/100|[from] Grassy Terrain\n|-heal|p1a: Gastrodon|100\/100|[from] item: Leftovers\n|upkeep\n|turn|12\n|\n|t:|1700000901\n|move|p1b: Okidogi|Protect|p1b: Okidogi\n|-singleturn|p1b: Okidogi|Protect\n|move|p2b: Moaning Roar|Acrobatics|p1b: Okidogi\n|-activate|p1b: Okidogi|move: Protect\n|move|p2a: MC Slowman|Yawn|p1a: Gastrodon\n|-start|p1a: Gastrodon|move: Yawn|[of] p2a: MC Slowman\n|move|p1a: Gastrodon|Ice Beam|p2b: Moaning Roar\n|-supereffective|p2b: Moaning Roar\n|-damage|p2b: Moaning Roar|63\/100\n|\n|-heal|p2b: Moaning Roar|69\/100|[from] Grassy Terrain\n|-heal|p1b: Okidogi|42\/100|[from] Grassy Terrain\n|-heal|p1b: Okidogi|48\/100|[from] item: Leftovers\n|-heal|p2a: MC Slowman|74\/100|[from] Grassy Terrain\n|upkeep\n|turn|13\n|\n|t:|1700000924\n|switch|p1b: Heatran|Heatran, F|96\/100\n|move|p2b: Moaning Roar|Acrobatics|p1b: Heatran\n|-resisted|p1b: Heatran\n|-damage|p1b: Heatran|72\/100\n|move|p2a: MC Slowman|Heal Pulse|p2b: Moaning Roar\n|-heal|p2b: Moaning Roar|100\/100\n|move|p1a: Gastrodon|Ice Beam|p2b: Moaning Roar\n|-supereffective|p2b: Moaning Roar\n|-damage|p2b: Moaning Roar|63\/100\n|\n|-heal|p2b: Moaning Roar|69\/100|[from] Grassy Terrain\n|-heal|p1b: Heatran|78\/100|[from] Grassy Terrain\n|-heal|p2a: MC Slowman|80\/100|[from] Grassy Terrain\n|-end|p1a: Gastrodon|move: Yawn|[silent]\n|-status|p1a: Gastrodon|slp\n|upkeep\n|turn|14\n|\n|t:|1700000946\n|move|p2b: Moaning Roar|Knock Off|p1b: Heatran\n|-damage|p1b: Heatran|24\/100\n|-enditem|p1b: Heatran|Assault Vest|[from] move: Knock Off|[of] p2b: Moaning Roar\n|move|p1b: Heatran|Flash Cannon|p2a: MC Slowman\n|-damage|p2a: MC Slowman|61\/100\n|move|p2a: MC Slowman|Heal Pulse|p2b: Moaning Roar\n|-heal|p2b: Moaning Roar|100\/100\n|cant|p1a: Gastrodon|slp\n|\n|-heal|p1b: Heatran|30\/100|[from] Grassy Terrain\n|-heal|p2a: MC Slowman|67\/100|[from] Grassy Terrain\n|upkeep\n|turn|15\n|\n|t:|1700000967\n|move|p2b: Moaning Roar|Knock Off|p1b: Heatran\n|-damage|p1b: Heatran|0 fnt\n|faint|p1b: Heatran\n|move|p2a: MC Slowman|Acid Spray|p1a: Gastrodon\n|-resisted|p1a: Gastrodon\n|-damage|p1a: Gastrodon|93\/100 slp\n|-unboost|p1a: Gastrodon|spd|2\n|-curestatus|p1a: Gastrodon|slp|[msg]\n|move|p1a: Gastrodon|Earth Power|p2a: MC Slowman\n|-supereffective|p2a: MC Slowman\n|-damage|p2a: MC Slowman|36\/100\n|\n|-heal|p2a: MC Slowman|42\/100|[from] Grassy Terrain\n|-heal|p1a: Gastrodon|99\/100|[from] Grassy Terrain\n|-heal|p1a: Gastrodon|100\/100|[from] item: Leftovers\n|-sideend|p2: Blue Syrius|move: Aurora Veil\n|upkeep\n|\n|t:|1700000981\n|switch|p1b: Rillaboom|Rillaboom, F|100\/100\n|turn|16\n|\n|t:|1700000995\n|switch|p2a: 69 Tales|Ninetales-Alola, F, shiny|100\/100\n|-weather|Snow|[from] ability: Snow Warning|[of] p2a: 69 Tales\n|move|p2b: Moaning Roar|Acrobatics|p1b: Rillaboom\n|-supereffective|p1b: Rillaboom\n|-damage|p1b: Rillaboom|12\/100\n|move|p1b: Rillaboom|High Horsepower|p2a: 69 Tales\n|-damage|p2a: 69 Tales|67\/100\n|move|p1a: Gastrodon|Earth Power|p2a: 69 Tales\n|-damage|p2a: 69 Tales|20\/100\n|\n|-weather|Snow|[upkeep]\n|-heal|p2a: 69 Tales|26\/100|[from] Grassy Terrain\n|-heal|p1b: Rillaboom|18\/100|[from] Grassy Terrain\n|-fieldend|move: Grassy Terrain\n|upkeep\n|turn|17\n|\n|t:|1700001019\n|switch|p1b: Okidogi|Okidogi, M|48\/100\n|move|p2b: Moaning Roar|Knock Off|p1a: Gastrodon\n|-damage|p1a: Gastrodon|30\/100\n|-enditem|p1a: Gastrodon|Leftovers|[from] move: Knock Off|[of] p2b: Moaning Roar\n|move|p2a: 69 Tales|Dazzling Gleam|p1b: Okidogi|[spread] p1a,p1b\n|-crit|p1a: Gastrodon\n|-damage|p1a: Gastrodon|0 fnt\n|-damage|p1b: Okidogi|27\/100\n|faint|p1a: Gastrodon\n|\n|-weather|Snow|[upkeep]\n|-heal|p1b: Okidogi|33\/100|[from] item: Leftovers\n|upkeep\n|\n|t:|1700001028\n|switch|p1a: Rillaboom|Rillaboom, F|18\/100\n|-fieldstart|move: Grassy Terrain|[from] ability: Grassy Surge|[of] p1a: Rillaboom\n|turn|18\n|\n|t:|1700001058\n|move|p1a: Rillaboom|Fake Out|p2b: Moaning Roar\n|-damage|p2b: Moaning Roar|82\/100\n|cant|p2b: Moaning Roar|flinch\n|move|p2a: 69 Tales|Blizzard|p1a: Rillaboom|[spread] p1a,p1b\n|-supereffective|p1a: Rillaboom\n|-damage|p1a: Rillaboom|0 fnt\n|-damage|p1b: Okidogi|6\/100\n|faint|p1a: Rillaboom\n|move|p1b: Okidogi|Drain Punch|p2b: Moaning Roar\n|-supereffective|p2b: Moaning Roar\n|-damage|p2b: Moaning Roar|0 fnt\n|-heal|p1b: Okidogi|43\/100|[from] drain|[of] p2b: Moaning Roar\n|faint|p2b: Moaning Roar\n|-end|p2b: Moaning Roar|Protosynthesis|[silent]\n|\n|-weather|Snow|[upkeep]\n|-heal|p2a: 69 Tales|32\/100|[from] Grassy Terrain\n|-heal|p1b: Okidogi|49\/100|[from] Grassy Terrain\n|-heal|p1b: Okidogi|56\/100|[from] item: Leftovers\n|upkeep\n|\n|t:|1700001075\n|switch|p2b: Monkey D. Dori|Munkidori, M|50\/100\n|turn|19\n|\n|t:|1700001087\n|move|p1b: Okidogi|Protect|p1b: Okidogi\n|-singleturn|p1b: Okidogi|Protect\n|move|p2b: Monkey D. Dori|Fake Out|p1b: Okidogi\n|-activate|p1b: Okidogi|move: Protect\n|move|p2a: 69 Tales|Blizzard|p1b: Okidogi\n|-activate|p1b: Okidogi|move: Protect\n|\n|-weather|Snow|[upkeep]\n|-heal|p2a: 69 Tales|37\/100|[from] Grassy Terrain\n|-heal|p2b: Monkey D. Dori|56\/100|[from] Grassy Terrain\n|-heal|p1b: Okidogi|62\/100|[from] Grassy Terrain\n|-heal|p1b: Okidogi|68\/100|[from] item: Leftovers\n|upkeep\n|turn|20\n|\n|t:|1700001103\n|-terastallize|p1b: Okidogi|Fairy\n|move|p2a: 69 Tales|Blizzard|p1b: Okidogi\n|-damage|p1b: Okidogi|31\/100\n|move|p2b: Monkey D. Dori|Parting Shot|p1b: Okidogi\n|-unboost|p1b: Okidogi|atk|1\n|-unboost|p1b: Okidogi|spa|1\n|\n|t:|1700001110\n|switch|p2b: MC Slowman|Slowking-Galar, F, shiny|75\/100|[from] Parting Shot\n|move|p1b: Okidogi|Poison Jab|p2a: 69 Tales\n|-supereffective|p2a: 69 Tales\n|-damage|p2a: 69 Tales|0 fnt\n|faint|p2a: 69 Tales\n|\n|-weather|none\n|-heal|p1b: Okidogi|37\/100|[from] Grassy Terrain\n|-heal|p1b: Okidogi|43\/100|[from] item: Leftovers\n|-heal|p2b: MC Slowman|81\/100|[from] Grassy Terrain\n|upkeep\n|\n|t:|1700001120\n|switch|p2a: Mickey Mause|Maushold|100\/100\n|turn|21\n|\n|t:|1700001126\n|move|p2a: Mickey Mause|Population Bomb|p1b: Okidogi\n|-damage|p1b: Okidogi|34\/100\n|-damage|p1b: Okidogi|25\/100\n|-damage|p1b: Okidogi|16\/100\n|-damage|p1b: Okidogi|7\/100\n|-damage|p1b: Okidogi|0 fnt\n|faint|p1b: Okidogi\n|-hitcount|p1: Okidogi|5\n|\n|win|Blue Syrius\n|raw|alimo's rating: 1325 &rarr; <strong>1304<\/strong><br \/>(-21 for losing)\n|raw|Blue Syrius's rating: 1307 &rarr; <strong>1328<\/strong><br \/>(+21 for winning)\n|l|\u2606alimo\n","uploadtime":1700001136,"views":10,"p1id":"alimo","p2id":"bluesyrius","formatid":"gen9doublesou","rating":1304,"private":0,"password":""}