{"id":"gen9doublesou-1984253559","p1":"daniel.verdon","p2":"OrichalcosGigas","format":"[Gen 9] Doubles OU","log":"|j|\u2606daniel.verdon\n|j|\u2606OrichalcosGigas\n|inactive|Battle timer is ON: inactive players will automatically lose when time's up.\n|t:|1699235364\n|gametype|doubles\n|player|p1|daniel.verdon|pokekid|\n|player|p2|OrichalcosGigas|266|\n|teamsize|p1|2\n|teamsize|p2|2\n|gen|9\n|tier|[Gen 9] Doubles OU\n|rated|Tournament battle\n|rule|Species Clause: Limit one of each Pok\u00e9mon\n|rule|OHKO Clause: OHKO moves are banned\n|rule|Evasion Moves Clause: Evasion moves are banned\n|rule|Gravity Sleep Clause: The combination of sleep-inducing moves with imperfect accuracy and Gravity or Gigantamax Orbeetle are banned\n|rule|Endless Battle Clause: Forcing endless battles is banned\n|rule|HP Percentage Mod: HP is shown in percentages\n|clearpoke\n|poke|p1|Foongus, M|\n|poke|p1|Monferno, M|\n|poke|p2|Dragonair, F|\n|poke|p2|Pawmo, F|\n|teampreview\n|j|*Lady Monita \u263d\n|\n|t:|1699235369\n|start\n|switch|p1a: Foongus|Foongus, M, shiny|100\/100\n|switch|p1b: Monferno|Monferno, M|100\/100\n|switch|p2a: Dragonair|Dragonair, F|100\/100\n|switch|p2b: Pawmo|Pawmo, F|100\/100\n|turn|1\n|\n|t:|1699235380\n|move|p2b: Pawmo|Fake Out|p1b: Monferno\n|-damage|p1b: Monferno|81\/100\n|-damage|p2b: Pawmo|91\/100|[from] item: Life Orb\n|move|p1a: Foongus|Rage Powder|p1a: Foongus\n|-singleturn|p1a: Foongus|move: Rage Powder\n|cant|p1b: Monferno|flinch\n|move|p2a: Dragonair|Dragon Dance|p2a: Dragonair\n|-boost|p2a: Dragonair|atk|1\n|-boost|p2a: Dragonair|spe|1\n|\n|upkeep\n|turn|2\n|\n|t:|1699235394\n|-terastallize|p1b: Monferno|Fairy\n|move|p2a: Dragonair|Waterfall|p1b: Monferno\n|-damage|p1b: Monferno|31\/100\n|move|p2b: Pawmo|Nuzzle|p1a: Foongus\n|-resisted|p1a: Foongus\n|-damage|p1a: Foongus|96\/100\n|-status|p1a: Foongus|par\n|-damage|p2b: Pawmo|81\/100|[from] item: Life Orb\n|cant|p1b: Monferno|flinch\n|move|p1a: Foongus|Clear Smog|p2a: Dragonair\n|-damage|p2a: Dragonair|89\/100\n|-clearboost|p2a: Dragonair\n|\n|upkeep\n|turn|3\n|\n|t:|1699235416\n|move|p2b: Pawmo|Helping Hand|p2a: Dragonair\n|-singleturn|p2a: Dragonair|Helping Hand|[of] p2b: Pawmo\n|move|p1a: Foongus|Rage Powder|p1a: Foongus\n|-singleturn|p1a: Foongus|move: Rage Powder\n|move|p1b: Monferno|Fire Blast|p2b: Pawmo\n|-damage|p2b: Pawmo|0 fnt\n|faint|p2b: Pawmo\n|move|p2a: Dragonair|Dragon Dance|p2a: Dragonair\n|-boost|p2a: Dragonair|atk|1\n|-boost|p2a: Dragonair|spe|1\n|\n|upkeep\n|turn|4\n|\n|t:|1699235435\n|move|p1a: Foongus|Rage Powder|p1a: Foongus\n|-singleturn|p1a: Foongus|move: Rage Powder\n|move|p2a: Dragonair|Waterfall|p1a: Foongus\n|-resisted|p1a: Foongus\n|-damage|p1a: Foongus|78\/100 par\n|move|p1b: Monferno|Nasty Plot|p1b: Monferno\n|-boost|p1b: Monferno|spa|2\n|\n|upkeep\n|turn|5\n|\n|t:|1699235445\n|move|p2a: Dragonair|Extreme Speed|p1b: Monferno\n|-damage|p1b: Monferno|0 fnt\n|faint|p1b: Monferno\n|move|p1a: Foongus|Rage Powder|p1a: Foongus\n|-singleturn|p1a: Foongus|move: Rage Powder\n|\n|upkeep\n|turn|6\n|\n|t:|1699235450\n|move|p2a: Dragonair|Dragon Dance|p2a: Dragonair\n|-boost|p2a: Dragonair|atk|1\n|-boost|p2a: Dragonair|spe|1\n|move|p1a: Foongus|Spore|p2a: Dragonair\n|-status|p2a: Dragonair|slp|[from] move: Spore\n|\n|-activate|p2a: Dragonair|ability: Shed Skin\n|-curestatus|p2a: Dragonair|slp|[msg]\n|upkeep\n|turn|7\n|\n|t:|1699235458\n|move|p2a: Dragonair|Waterfall|p1a: Foongus\n|-resisted|p1a: Foongus\n|-damage|p1a: Foongus|55\/100 par\n|move|p1a: Foongus|Spore|p2a: Dragonair\n|-status|p2a: Dragonair|slp|[from] move: Spore\n|\n|-activate|p2a: Dragonair|ability: Shed Skin\n|-curestatus|p2a: Dragonair|slp|[msg]\n|upkeep\n|turn|8\n|\n|t:|1699235464\n|move|p2a: Dragonair|Extreme Speed|p1a: Foongus\n|-damage|p1a: Foongus|9\/100 par\n|move|p1a: Foongus|Spore|p2a: Dragonair\n|-status|p2a: Dragonair|slp|[from] move: Spore\n|\n|-activate|p2a: Dragonair|ability: Shed Skin\n|-curestatus|p2a: Dragonair|slp|[msg]\n|upkeep\n|turn|9\n|\n|t:|1699235469\n|move|p2a: Dragonair|Extreme Speed|p1a: Foongus\n|-damage|p1a: Foongus|0 fnt\n|faint|p1a: Foongus\n|\n|win|OrichalcosGigas\n|n|\u2606daniel.verdon|danielverdon\n|n|\u2606OrichalcosGigas|orichalcosgigas\n|n|*Lady Monita \u263d|ladymonita\n","uploadtime":1699235470,"views":7,"p1id":"danielverdon","p2id":"orichalcosgigas","formatid":"gen9doublesou","rating":0,"private":0,"password":""}