{"id":"gen9doublesou-1975084223","p1":"ChimeBliss","p2":"RumonLugiaX","format":"[Gen 9] Doubles OU","log":"|j|\u2606ChimeBliss\n|j|\u2606RumonLugiaX\n|t:|1698160659\n|gametype|doubles\n|player|p1|ChimeBliss|dawn-gen4pt|1461\n|player|p2|RumonLugiaX|clair|1508\n|teamsize|p1|6\n|teamsize|p2|6\n|gen|9\n|tier|[Gen 9] Doubles OU\n|rated|\n|rule|Species Clause: Limit one of each Pok\u00e9mon\n|rule|OHKO Clause: OHKO moves are banned\n|rule|Evasion Moves Clause: Evasion moves are banned\n|rule|Gravity Sleep Clause: The combination of sleep-inducing moves with imperfect accuracy and Gravity or Gigantamax Orbeetle are banned\n|rule|Endless Battle Clause: Forcing endless battles is banned\n|rule|HP Percentage Mod: HP is shown in percentages\n|clearpoke\n|poke|p1|Chien-Pao|\n|poke|p1|Tornadus, M|\n|poke|p1|Dragonite, M|\n|poke|p1|Chi-Yu|\n|poke|p1|Flutter Mane|\n|poke|p1|Landorus, M|\n|poke|p2|Basculegion-F, F|\n|poke|p2|Tornadus, M|\n|poke|p2|Pelipper, M|\n|poke|p2|Kingambit, M|\n|poke|p2|Walking Wake|\n|poke|p2|Scizor, F|\n|teampreview\n|inactive|Battle timer is ON: inactive players will automatically lose when time's up. (requested by ChimeBliss)\n|inactive|ChimeBliss has 120 seconds left.\n|inactive|RumonLugiaX has 120 seconds left.\n|\n|t:|1698160711\n|start\n|switch|p1a: Dragonite|Dragonite, M, shiny|100\/100\n|switch|p1b: Chi-Yu|Chi-Yu|100\/100\n|switch|p2a: Gorosei|Tornadus, M, shiny|100\/100\n|switch|p2b: Big News Morgan|Pelipper, M|100\/100\n|-ability|p1b: Chi-Yu|Beads of Ruin\n|-weather|RainDance|[from] ability: Drizzle|[of] p2b: Big News Morgan\n|turn|1\n|\n|t:|1698160729\n|-terastallize|p1a: Dragonite|Normal\n|move|p1a: Dragonite|Extreme Speed|p2a: Gorosei\n|-damage|p2a: Gorosei|0 fnt\n|faint|p2a: Gorosei\n|move|p1b: Chi-Yu|Dark Pulse|p2b: Big News Morgan\n|-damage|p2b: Big News Morgan|27\/100\n|move|p2b: Big News Morgan|Hydro Pump|p1b: Chi-Yu\n|-supereffective|p1b: Chi-Yu\n|-damage|p1b: Chi-Yu|0 fnt\n|faint|p1b: Chi-Yu\n|\n|-weather|RainDance|[upkeep]\n|upkeep\n|\n|t:|1698160742\n|switch|p2a: Kaido|Basculegion-F, F, shiny|100\/100\n|switch|p1b: Chien-Pao|Chien-Pao|100\/100\n|-ability|p1b: Chien-Pao|Sword of Ruin\n|turn|2\n|inactive|RumonLugiaX has 120 seconds left.\n|\n|t:|1698160776\n|-terastallize|p2a: Kaido|Water\n|move|p2b: Big News Morgan|Helping Hand|p2a: Kaido\n|-singleturn|p2a: Kaido|Helping Hand|[of] p2b: Big News Morgan\n|move|p1a: Dragonite|Extreme Speed|p2b: Big News Morgan\n|-crit|p2b: Big News Morgan\n|-damage|p2b: Big News Morgan|0 fnt\n|faint|p2b: Big News Morgan\n|move|p1b: Chien-Pao|Sucker Punch|p2a: Kaido\n|-damage|p2a: Kaido|39\/100\n|move|p2a: Kaido|Wave Crash|p1a: Dragonite\n|-damage|p1a: Dragonite|0 fnt\n|faint|p1a: Dragonite\n|-damage|p2a: Kaido|8\/100|[from] Recoil\n|\n|-weather|RainDance|[upkeep]\n|upkeep\n|\n|t:|1698160793\n|switch|p1a: Tornadus|Tornadus, M|100\/100\n|switch|p2b: Foxy|Scizor, F|100\/100\n|turn|3\n|\n|t:|1698160800\n|move|p1b: Chien-Pao|Sucker Punch|p2a: Kaido\n|-damage|p2a: Kaido|0 fnt\n|faint|p2a: Kaido\n|move|p2b: Foxy|Bullet Punch|p1b: Chien-Pao\n|-supereffective|p1b: Chien-Pao\n|-damage|p1b: Chien-Pao|6\/100\n|move|p1a: Tornadus|Bleakwind Storm|p2b: Foxy\n|-damage|p2b: Foxy|37\/100\n|\n|-weather|RainDance|[upkeep]\n|upkeep\n|\n|t:|1698160805\n|switch|p2a: Sea King|Walking Wake|100\/100\n|-enditem|p2a: Sea King|Booster Energy\n|-activate|p2a: Sea King|ability: Protosynthesis|[fromitem]\n|-start|p2a: Sea King|protosynthesisspa\n|turn|4\n|\n|t:|1698160817\n|move|p1b: Chien-Pao|Sucker Punch|p2b: Foxy\n|-damage|p2b: Foxy|0 fnt\n|faint|p2b: Foxy\n|move|p1a: Tornadus|Tailwind|p1a: Tornadus\n|-sidestart|p1: ChimeBliss|move: Tailwind\n|move|p2a: Sea King|Hydro Steam|p1a: Tornadus\n|-enditem|p1a: Tornadus|Focus Sash\n|-damage|p1a: Tornadus|1\/100\n|\n|-weather|RainDance|[upkeep]\n|upkeep\n|\n|t:|1698160819\n|switch|p2b: Gol D Roger|Kingambit, M, shiny|100\/100\n|-activate|p2b: Gol D Roger|ability: Supreme Overlord\n|-start|p2b: Gol D Roger|fallen4|[silent]\n|turn|5\n|\n|t:|1698160836\n|move|p2a: Sea King|Protect|p2a: Sea King\n|-singleturn|p2a: Sea King|Protect\n|move|p1b: Chien-Pao|Sacred Sword|p2b: Gol D Roger\n|-supereffective|p2b: Gol D Roger\n|-damage|p2b: Gol D Roger|0 fnt\n|faint|p2b: Gol D Roger\n|-end|p2b: Gol D Roger|fallen4|[silent]\n|move|p1a: Tornadus|Bleakwind Storm|p2a: Sea King\n|-activate|p2a: Sea King|move: Protect\n|\n|-weather|none\n|upkeep\n|turn|6\n|\n|t:|1698160846\n|move|p1b: Chien-Pao|Sucker Punch|p2a: Sea King\n|-damage|p2a: Sea King|50\/100\n|move|p1a: Tornadus|Bleakwind Storm|p2a: Sea King\n|-damage|p2a: Sea King|0 fnt\n|faint|p2a: Sea King\n|-end|p2a: Sea King|Protosynthesis|[silent]\n|\n|win|ChimeBliss\n|raw|ChimeBliss's rating: 1461 &rarr; <strong>1484<\/strong><br \/>(+23 for winning)\n|raw|RumonLugiaX's rating: 1508 &rarr; <strong>1485<\/strong><br \/>(-23 for losing)\n|l|\u2606RumonLugiaX\n|c|\u2606ChimeBliss|gg\n","uploadtime":1698160851,"views":12,"p1id":"chimebliss","p2id":"rumonlugiax","formatid":"gen9doublesou","rating":1484,"private":0,"password":""}