{"id":"gen9doublesou-1997535025","p1":"Blank_Playe","p2":"jim.3","format":"[Gen 9] Doubles OU","log":"|j|\u2606Blank_Playe\n|j|\u2606jim.3\n|t:|1700821707\n|gametype|doubles\n|player|p1|Blank_Playe|266|1001\n|player|p2|jim.3|wattson|1090\n|teamsize|p1|6\n|teamsize|p2|6\n|gen|9\n|tier|[Gen 9] Doubles OU\n|rated|\n|rule|Species Clause: Limit one of each Pok\u00e9mon\n|rule|OHKO Clause: OHKO moves are banned\n|rule|Evasion Moves Clause: Evasion moves are banned\n|rule|Gravity Sleep Clause: The combination of sleep-inducing moves with imperfect accuracy and Gravity or Gigantamax Orbeetle are banned\n|rule|Endless Battle Clause: Forcing endless battles is banned\n|rule|HP Percentage Mod: HP is shown in percentages\n|clearpoke\n|poke|p1|Dipplin, F|\n|poke|p1|Iron Bundle|\n|poke|p1|Ninetales-Alola, F|\n|poke|p1|Dragapult, F|\n|poke|p1|Regieleki|\n|poke|p1|Chi-Yu|\n|poke|p2|Rillaboom, F|\n|poke|p2|Cinderace, M|\n|poke|p2|Electrode|\n|poke|p2|Dondozo, M|\n|poke|p2|Gholdengo|\n|poke|p2|Iron Valiant|\n|teampreview\n|\n|t:|1700821719\n|start\n|switch|p1a: Charge|Regieleki|100\/100\n|switch|p1b: Ice Kurama|Ninetales-Alola, F|100\/100\n|switch|p2a: Rillaboom|Rillaboom, F|100\/100\n|switch|p2b: Cinderace|Cinderace, M|100\/100\n|-item|p1a: Charge|Air Balloon\n|-weather|Snow|[from] ability: Snow Warning|[of] p1b: Ice Kurama\n|-fieldstart|move: Grassy Terrain|[from] ability: Grassy Surge|[of] p2a: Rillaboom\n|turn|1\n|\n|t:|1700821735\n|move|p1a: Charge|Electroweb|p2a: Rillaboom|[spread] p2a,p2b\n|-resisted|p2a: Rillaboom\n|-damage|p2a: Rillaboom|82\/100\n|-damage|p2b: Cinderace|69\/100\n|-unboost|p2a: Rillaboom|spe|1\n|-unboost|p2b: Cinderace|spe|1\n|move|p1b: Ice Kurama|Aurora Veil|p1b: Ice Kurama\n|-sidestart|p1: Blank_Playe|move: Aurora Veil\n|move|p2b: Cinderace|Fire Pledge|p1a: Charge\n|-waiting|p2b: Cinderace|p2a: Rillaboom\n|move|p2a: Rillaboom|Grass Pledge|p1a: Charge|[from]move: Fire Pledge\n|-combine\n|-damage|p1a: Charge|58\/100\n|-sidestart|p1: Blank_Playe|Fire Pledge\n|-enditem|p1a: Charge|Air Balloon\n|\n|-weather|Snow|[upkeep]\n|-damage|p1a: Charge|45\/100|[from] Fire Pledge\n|-heal|p1a: Charge|51\/100|[from] Grassy Terrain\n|-damage|p1b: Ice Kurama|88\/100|[from] Fire Pledge\n|-heal|p1b: Ice Kurama|94\/100|[from] Grassy Terrain\n|-heal|p2b: Cinderace|75\/100|[from] Grassy Terrain\n|-heal|p2a: Rillaboom|88\/100|[from] Grassy Terrain\n|-heal|p2a: Rillaboom|95\/100|[from] item: Leftovers\n|upkeep\n|turn|2\n|\n|t:|1700821772\n|switch|p1a: Chi|Chi-Yu|100\/100\n|-ability|p1a: Chi|Beads of Ruin\n|move|p2a: Rillaboom|Grassy Glide|p1a: Chi\n|-resisted|p1a: Chi\n|-damage|p1a: Chi|80\/100\n|move|p1b: Ice Kurama|Disable|p2b: Cinderace\n|-start|p2b: Cinderace|Disable|Fire Pledge\n|cant|p2b: Cinderace|Disable|Fire Pledge\n|\n|-weather|Snow|[upkeep]\n|-damage|p1b: Ice Kurama|82\/100|[from] Fire Pledge\n|-heal|p1b: Ice Kurama|88\/100|[from] Grassy Terrain\n|-heal|p1a: Chi|86\/100|[from] Grassy Terrain\n|-heal|p2b: Cinderace|81\/100|[from] Grassy Terrain\n|-heal|p2a: Rillaboom|100\/100|[from] Grassy Terrain\n|upkeep\n|turn|3\n|\n|t:|1700821801\n|move|p1b: Ice Kurama|Draining Kiss|p2a: Rillaboom\n|-damage|p2a: Rillaboom|72\/100\n|-heal|p1b: Ice Kurama|100\/100|[from] drain|[of] p2a: Rillaboom\n|move|p1a: Chi|Overheat|p2a: Rillaboom\n|-supereffective|p2a: Rillaboom\n|-damage|p2a: Rillaboom|0 fnt\n|-unboost|p1a: Chi|spa|2\n|faint|p2a: Rillaboom\n|move|p2b: Cinderace|U-turn|p1a: Chi\n|-start|p2b: Cinderace|typechange|Bug|[from] ability: Libero\n|-damage|p1a: Chi|46\/100\n|\n|t:|1700821813\n|switch|p2b: Dondozo|Dondozo, M|100\/100|[from] U-turn\n|\n|-weather|Snow|[upkeep]\n|-damage|p1b: Ice Kurama|88\/100|[from] Fire Pledge\n|-heal|p1b: Ice Kurama|94\/100|[from] Grassy Terrain\n|-heal|p1a: Chi|51\/100|[from] Grassy Terrain\n|upkeep\n|\n|t:|1700821821\n|switch|p2a: Electrode|Electrode|100\/100\n|turn|4\n|\n|t:|1700821837\n|switch|p1b: Penguin|Iron Bundle, shiny|100\/100\n|-enditem|p1b: Penguin|Booster Energy\n|-activate|p1b: Penguin|ability: Quark Drive|[fromitem]\n|-start|p1b: Penguin|quarkdrivespe\n|switch|p1a: Charge|Regieleki|51\/100\n|move|p2a: Electrode|Taunt|p1b: Penguin\n|-start|p1b: Penguin|move: Taunt\n|move|p2b: Dondozo|Liquidation|p1a: Charge\n|-damage|p1a: Charge|10\/100\n|\n|-weather|Snow|[upkeep]\n|-damage|p1b: Penguin|88\/100|[from] Fire Pledge\n|-heal|p1b: Penguin|94\/100|[from] Grassy Terrain\n|-damage|p1a: Charge|0 fnt|[from] Fire Pledge\n|faint|p1a: Charge\n|-sideend|p1: Blank_Playe|Fire Pledge\n|upkeep\n|\n|t:|1700821856\n|switch|p1a: Ice Kurama|Ninetales-Alola, F|94\/100\n|turn|5\n|\n|t:|1700821869\n|move|p1b: Penguin|Freeze-Dry|p2b: Dondozo\n|-supereffective|p2b: Dondozo\n|-damage|p2b: Dondozo|37\/100\n|move|p2a: Electrode|Volt Switch|p1b: Penguin\n|-supereffective|p1b: Penguin\n|-damage|p1b: Penguin|35\/100\n|\n|t:|1700821875\n|switch|p2a: Gholdengo|Gholdengo|100\/100|[from] Volt Switch\n|move|p1a: Ice Kurama|Aurora Veil||[still]\n|-fail|p1a: Ice Kurama\n|move|p2b: Dondozo|Body Press|p1a: Ice Kurama\n|-damage|p1a: Ice Kurama|79\/100\n|\n|-weather|none\n|-heal|p1b: Penguin|41\/100|[from] Grassy Terrain\n|-heal|p1a: Ice Kurama|85\/100|[from] Grassy Terrain\n|-heal|p2b: Dondozo|44\/100|[from] Grassy Terrain\n|-heal|p2b: Dondozo|50\/100|[from] item: Leftovers\n|-sideend|p1: Blank_Playe|move: Aurora Veil\n|-fieldend|move: Grassy Terrain\n|upkeep\n|turn|6\n|\n|t:|1700821901\n|switch|p1a: Apple|Dipplin, F|100\/100\n|-ability|p1a: Apple|Supersweet Syrup\n|-ability|p1a: Apple|Supersweet Syrup|boost\n|-unboost|p2a: Gholdengo|evasion|1\n|-unboost|p2b: Dondozo|evasion|1\n|move|p2b: Dondozo|Protect|p2b: Dondozo\n|-singleturn|p2b: Dondozo|Protect\n|move|p1b: Penguin|Freeze-Dry|p2b: Dondozo\n|-activate|p2b: Dondozo|move: Protect\n|move|p2a: Gholdengo|Make It Rain|p1a: Apple|[spread] p1a,p1b\n|-damage|p1a: Apple|65\/100\n|-damage|p1b: Penguin|0 fnt\n|-unboost|p2a: Gholdengo|spa|1\n|faint|p1b: Penguin\n|-end|p1b: Penguin|Quark Drive|[silent]\n|\n|-heal|p2b: Dondozo|56\/100|[from] item: Leftovers\n|upkeep\n|\n|t:|1700821919\n|switch|p1b: Chi|Chi-Yu|51\/100\n|-ability|p1b: Chi|Beads of Ruin\n|turn|7\n|\n|t:|1700821928\n|switch|p2a: Cinderace|Cinderace, M|81\/100\n|move|p1b: Chi|Heat Wave|p2a: Cinderace|[spread] p2a,p2b\n|-resisted|p2a: Cinderace\n|-resisted|p2b: Dondozo\n|-damage|p2a: Cinderace|41\/100\n|-damage|p2b: Dondozo|30\/100\n|-status|p2b: Dondozo|brn\n|move|p2b: Dondozo|Liquidation|p1b: Chi\n|-supereffective|p1b: Chi\n|-damage|p1b: Chi|6\/100\n|move|p1a: Apple|Pollen Puff|p1b: Chi\n|-heal|p1b: Chi|55\/100\n|\n|-heal|p2b: Dondozo|36\/100 brn|[from] item: Leftovers\n|-damage|p2b: Dondozo|30\/100 brn|[from] brn\n|upkeep\n|turn|8\n|c|\u2606jim.3|bruh\n|\n|t:|1700821957\n|-terastallize|p1b: Chi|Ghost\n|move|p2a: Cinderace|U-turn|p1a: Apple\n|-start|p2a: Cinderace|typechange|Bug|[from] ability: Libero\n|-supereffective|p1a: Apple\n|-damage|p1a: Apple|35\/100\n|\n|t:|1700821966\n|switch|p2a: Iron Valiant|Iron Valiant|100\/100|[from] U-turn\n|-enditem|p2a: Iron Valiant|Booster Energy\n|-activate|p2a: Iron Valiant|ability: Quark Drive|[fromitem]\n|-start|p2a: Iron Valiant|quarkdrivespe\n|move|p1b: Chi|Tera Blast|p2b: Dondozo|[anim] Tera Blast Ghost\n|-damage|p2b: Dondozo|0 fnt\n|faint|p2b: Dondozo\n|move|p1a: Apple|Draco Meteor|p2a: Iron Valiant\n|-immune|p2a: Iron Valiant\n|\n|upkeep\n|\n|t:|1700821981\n|switch|p2b: Cinderace|Cinderace, M|41\/100\n|turn|9\n|\n|t:|1700821998\n|switch|p1a: Ice Kurama|Ninetales-Alola, F|85\/100\n|-weather|Snow|[from] ability: Snow Warning|[of] p1a: Ice Kurama\n|move|p2a: Iron Valiant|Spirit Break|p1a: Ice Kurama\n|-damage|p1a: Ice Kurama|51\/100\n|-unboost|p1a: Ice Kurama|spa|1\n|move|p2b: Cinderace|Fire Pledge|p1b: Chi\n|-damage|p1b: Chi|31\/100\n|move|p1b: Chi|Overheat|p2a: Iron Valiant\n|-damage|p2a: Iron Valiant|0 fnt\n|-unboost|p1b: Chi|spa|2\n|faint|p2a: Iron Valiant\n|-end|p2a: Iron Valiant|Quark Drive|[silent]\n|\n|-weather|Snow|[upkeep]\n|upkeep\n|\n|t:|1700822018\n|switch|p2a: Gholdengo|Gholdengo|100\/100\n|turn|10\n|\n|t:|1700822028\n|switch|p1b: Lizard|Dragapult, F|100\/100\n|move|p2b: Cinderace|Fire Pledge|p1b: Lizard\n|-resisted|p1b: Lizard\n|-damage|p1b: Lizard|86\/100\n|move|p1a: Ice Kurama|Aurora Veil|p1a: Ice Kurama\n|-sidestart|p1: Blank_Playe|move: Aurora Veil\n|move|p2a: Gholdengo|Make It Rain|p1a: Ice Kurama|[spread] p1a,p1b\n|-supereffective|p1a: Ice Kurama\n|-damage|p1a: Ice Kurama|0 fnt\n|-damage|p1b: Lizard|41\/100\n|-unboost|p2a: Gholdengo|spa|1\n|faint|p1a: Ice Kurama\n|\n|-weather|Snow|[upkeep]\n|upkeep\n|\n|t:|1700822044\n|switch|p1a: Apple|Dipplin, F|35\/100\n|turn|11\n|\n|t:|1700822059\n|move|p1b: Lizard|Draco Meteor|p2a: Gholdengo\n|-resisted|p2a: Gholdengo\n|-damage|p2a: Gholdengo|67\/100\n|-unboost|p1b: Lizard|spa|2\n|-damage|p1b: Lizard|31\/100|[from] item: Life Orb\n|move|p2b: Cinderace|U-turn|p1a: Apple\n|-start|p2b: Cinderace|typechange|Bug|[from] ability: Libero\n|-supereffective|p1a: Apple\n|-damage|p1a: Apple|14\/100\n|\n|t:|1700822069\n|switch|p2b: Electrode|Electrode|100\/100|[from] U-turn\n|move|p2a: Gholdengo|Nasty Plot|p2a: Gholdengo\n|-boost|p2a: Gholdengo|spa|2\n|move|p1a: Apple|Pollen Puff|p1b: Lizard\n|-heal|p1b: Lizard|81\/100\n|\n|-weather|Snow|[upkeep]\n|upkeep\n|turn|12\n|\n|t:|1700822088\n|move|p2b: Electrode|Foul Play|p1b: Lizard\n|-supereffective|p1b: Lizard\n|-damage|p1b: Lizard|8\/100\n|move|p1b: Lizard|Dragon Darts|p2a: Gholdengo\n|-resisted|p2a: Gholdengo\n|-damage|p2a: Gholdengo|50\/100\n|-anim|p1b: Lizard|Dragon Darts|p2b: Electrode\n|-damage|p2b: Electrode|54\/100\n|-damage|p1b: Lizard|0 fnt|[from] item: Life Orb\n|faint|p1b: Lizard\n|move|p2a: Gholdengo|Dazzling Gleam|p1a: Apple\n|-supereffective|p1a: Apple\n|-damage|p1a: Apple|0 fnt\n|faint|p1a: Apple\n|\n|-weather|Snow|[upkeep]\n|upkeep\n|\n|t:|1700822104\n|switch|p1a: Chi|Chi-Yu, tera:Ghost|31\/100\n|-ability|p1a: Chi|Beads of Ruin\n|turn|13\n|c|\u2606jim.3|bonk\n|\n|t:|1700822113\n|move|p2b: Electrode|Thunder Wave|p1a: Chi\n|-status|p1a: Chi|par\n|move|p2a: Gholdengo|Shadow Ball|p1a: Chi\n|-supereffective|p1a: Chi\n|-crit|p1a: Chi\n|-damage|p1a: Chi|0 fnt\n|faint|p1a: Chi\n|\n|win|jim.3\n|raw|Blank_Playe's rating: 1001 &rarr; <strong>1000<\/strong><br \/>(-1 for losing)\n|raw|jim.3's rating: 1090 &rarr; <strong>1110<\/strong><br \/>(+20 for winning)\n|c|\u2606jim.3|gg\n|l|\u2606Blank_Playe\n","uploadtime":1700822123,"views":15,"p1id":"blankplaye","p2id":"jim3","formatid":"gen9doublesou","rating":1000,"private":0,"password":""}