{"id":"gen9doublesou-2000508224","p1":"TitansTestTeam3T","p2":"frankocean$7","format":"[Gen 9] Doubles OU","log":"|j|\u2606TitansTestTeam3T\n|j|\u2606frankocean$7\n|t:|1701200691\n|gametype|doubles\n|player|p1|TitansTestTeam3T|supernerd|1484\n|player|p2|frankocean$7|lucas|1613\n|teamsize|p1|6\n|teamsize|p2|6\n|gen|9\n|tier|[Gen 9] Doubles OU\n|rated|\n|rule|Species Clause: Limit one of each Pok\u00e9mon\n|rule|OHKO Clause: OHKO moves are banned\n|rule|Evasion Moves Clause: Evasion moves are banned\n|rule|Gravity Sleep Clause: The combination of sleep-inducing moves with imperfect accuracy and Gravity or Gigantamax Orbeetle are banned\n|rule|Endless Battle Clause: Forcing endless battles is banned\n|rule|HP Percentage Mod: HP is shown in percentages\n|clearpoke\n|poke|p1|Sableye, M|\n|poke|p1|Landorus-Therian, M|\n|poke|p1|Iron Hands|\n|poke|p1|Cresselia, F|\n|poke|p1|Scizor, F|\n|poke|p1|Iron Bundle|\n|poke|p2|Iron Bundle|\n|poke|p2|Arcanine-Hisui, M|\n|poke|p2|Tyranitar, F|\n|poke|p2|Kommo-o, M|\n|poke|p2|Rillaboom, F|\n|poke|p2|Flutter Mane|\n|teampreview\n|inactive|Battle timer is ON: inactive players will automatically lose when time's up. (requested by TitansTestTeam3T)\n|c|\u2606TitansTestTeam3T|Have fun\n|\n|t:|1701200705\n|start\n|switch|p1a: Sableye|Sableye, M|100\/100\n|switch|p1b: Landorus|Landorus-Therian, M|100\/100\n|switch|p2a: Iron Bundle|Iron Bundle|100\/100\n|switch|p2b: Flutter Mane|Flutter Mane|100\/100\n|-ability|p1b: Landorus|Intimidate|boost\n|-unboost|p2a: Iron Bundle|atk|1\n|-unboost|p2b: Flutter Mane|atk|1\n|-enditem|p2a: Iron Bundle|Booster Energy\n|-activate|p2a: Iron Bundle|ability: Quark Drive|[fromitem]\n|-start|p2a: Iron Bundle|quarkdrivespe\n|turn|1\n|\n|t:|1701200729\n|switch|p1b: Iron Hands|Iron Hands|100\/100\n|move|p1a: Sableye|Light Screen|p1a: Sableye\n|-sidestart|p1: TitansTestTeam3T|move: Light Screen\n|move|p2a: Iron Bundle|Icy Wind|p1b: Iron Hands|[spread] p1a\n|-miss|p2a: Iron Bundle|p1b: Iron Hands\n|-damage|p1a: Sableye|84\/100\n|-unboost|p1a: Sableye|spe|1\n|move|p2b: Flutter Mane|Dazzling Gleam|p1a: Sableye|[spread] p1a,p1b\n|-supereffective|p1a: Sableye\n|-supereffective|p1b: Iron Hands\n|-damage|p1a: Sableye|18\/100\n|-damage|p1b: Iron Hands|66\/100\n|\n|upkeep\n|turn|2\n|\n|t:|1701200754\n|move|p1a: Sableye|Disable|p2b: Flutter Mane\n|-start|p2b: Flutter Mane|Disable|Dazzling Gleam\n|move|p2a: Iron Bundle|Hydro Pump|p1b: Iron Hands\n|-damage|p1b: Iron Hands|48\/100\n|cant|p2b: Flutter Mane|Disable|Dazzling Gleam\n|move|p1b: Iron Hands|Close Combat|p2a: Iron Bundle\n|-supereffective|p2a: Iron Bundle\n|-damage|p2a: Iron Bundle|0 fnt\n|-unboost|p1b: Iron Hands|def|1\n|-unboost|p1b: Iron Hands|spd|1\n|faint|p2a: Iron Bundle\n|-end|p2a: Iron Bundle|Quark Drive|[silent]\n|\n|upkeep\n|inactive|frankocean$7 has 120 seconds left.\n|\n|t:|1701200777\n|switch|p2a: Rillaboom|Rillaboom, F|100\/100\n|-fieldstart|move: Grassy Terrain|[from] ability: Grassy Surge|[of] p2a: Rillaboom\n|turn|3\n|inactive|TitansTestTeam3T has 120 seconds left.\n|\n|t:|1701200809\n|-end|p2b: Flutter Mane|Protosynthesis|[silent]\n|switch|p2b: Arcanine|Arcanine-Hisui, M|100\/100\n|-ability|p2b: Arcanine|Intimidate|boost\n|-unboost|p1a: Sableye|atk|1\n|-unboost|p1b: Iron Hands|atk|1\n|-end|p1b: Iron Hands|Quark Drive|[silent]\n|switch|p1b: Scizor|Scizor, F|100\/100\n|move|p2a: Rillaboom|Grassy Glide|p1a: Sableye\n|-damage|p1a: Sableye|0 fnt\n|faint|p1a: Sableye\n|\n|upkeep\n|inactive|TitansTestTeam3T has 120 seconds left.\n|\n|t:|1701200826\n|switch|p1a: Landorus|Landorus-Therian, M|100\/100\n|-ability|p1a: Landorus|Intimidate|boost\n|-unboost|p2a: Rillaboom|atk|1\n|-unboost|p2b: Arcanine|atk|1\n|turn|4\n|inactive|TitansTestTeam3T has 120 seconds left.\n|\n|t:|1701200843\n|switch|p2a: Flutter Mane|Flutter Mane|100\/100\n|-terastallize|p2b: Arcanine|Water\n|move|p1b: Scizor|Bullet Punch|p2b: Arcanine\n|-resisted|p2b: Arcanine\n|-crit|p2b: Arcanine\n|-damage|p2b: Arcanine|58\/100\n|move|p1a: Landorus|Stomping Tantrum|p2b: Arcanine\n|-damage|p2b: Arcanine|3\/100\n|-enditem|p2b: Arcanine|Sitrus Berry|[eat]\n|-heal|p2b: Arcanine|28\/100|[from] item: Sitrus Berry\n|move|p2b: Arcanine|Flare Blitz|p1b: Scizor\n|-supereffective|p1b: Scizor\n|-damage|p1b: Scizor|0 fnt\n|faint|p1b: Scizor\n|-damage|p2b: Arcanine|0 fnt|[from] Recoil\n|faint|p2b: Arcanine\n|\n|upkeep\n|\n|t:|1701200863\n|switch|p2b: Rillaboom|Rillaboom, F|100\/100\n|switch|p1b: Iron Hands|Iron Hands|48\/100\n|turn|5\n|\n|t:|1701200877\n|move|p2b: Rillaboom|Fake Out|p1a: Landorus\n|-damage|p1a: Landorus|86\/100\n|cant|p1a: Landorus|flinch\n|move|p2a: Flutter Mane|Moonblast|p1a: Landorus\n|-damage|p1a: Landorus|20\/100\n|-unboost|p1a: Landorus|spa|1\n|move|p1b: Iron Hands|Ice Punch|p2b: Rillaboom\n|-supereffective|p2b: Rillaboom\n|-damage|p2b: Rillaboom|46\/100\n|\n|-heal|p2b: Rillaboom|52\/100|[from] Grassy Terrain\n|-heal|p1b: Iron Hands|54\/100|[from] Grassy Terrain\n|upkeep\n|turn|6\n|\n|t:|1701200899\n|switch|p1a: Cresselia|Cresselia, F|100\/100\n|move|p2b: Rillaboom|Grassy Glide|p1a: Cresselia\n|-damage|p1a: Cresselia|75\/100\n|move|p2a: Flutter Mane|Moonblast|p1b: Iron Hands\n|-supereffective|p1b: Iron Hands\n|-damage|p1b: Iron Hands|0 fnt\n|faint|p1b: Iron Hands\n|-end|p1b: Iron Hands|Quark Drive|[silent]\n|\n|-heal|p1a: Cresselia|81\/100|[from] item: Leftovers\n|-heal|p2b: Rillaboom|58\/100|[from] Grassy Terrain\n|upkeep\n|\n|t:|1701200914\n|switch|p1b: Landorus|Landorus-Therian, M|20\/100\n|-ability|p1b: Landorus|Intimidate|boost\n|-unboost|p2a: Flutter Mane|atk|1\n|-unboost|p2b: Rillaboom|atk|1\n|turn|7\n|\n|t:|1701200929\n|move|p2b: Rillaboom|Grassy Glide|p1b: Landorus\n|-damage|p1b: Landorus|0 fnt\n|faint|p1b: Landorus\n|move|p2a: Flutter Mane|Moonblast|p1a: Cresselia\n|-damage|p1a: Cresselia|49\/100\n|move|p1a: Cresselia|Calm Mind|p1a: Cresselia\n|-boost|p1a: Cresselia|spa|1\n|-boost|p1a: Cresselia|spd|1\n|\n|-heal|p1a: Cresselia|55\/100|[from] item: Leftovers\n|-heal|p2b: Rillaboom|65\/100|[from] Grassy Terrain\n|-fieldend|move: Grassy Terrain\n|upkeep\n|\n|t:|1701200942\n|switch|p1b: Iron Bundle|Iron Bundle|100\/100\n|turn|8\n|\n|t:|1701200952\n|switch|p2b: Tyranitar|Tyranitar, F|100\/100\n|-weather|Sandstorm|[from] ability: Sand Stream|[of] p2b: Tyranitar\n|move|p1b: Iron Bundle|Ice Beam|p2b: Tyranitar\n|-damage|p2b: Tyranitar|82\/100\n|move|p2a: Flutter Mane|Moonblast|p1b: Iron Bundle\n|-damage|p1b: Iron Bundle|48\/100\n|move|p1a: Cresselia|Calm Mind|p1a: Cresselia\n|-boost|p1a: Cresselia|spa|1\n|-boost|p1a: Cresselia|spd|1\n|\n|-weather|Sandstorm|[upkeep]\n|-damage|p1b: Iron Bundle|42\/100|[from] Sandstorm\n|-damage|p2a: Flutter Mane|95\/100|[from] Sandstorm\n|-damage|p1a: Cresselia|49\/100|[from] Sandstorm\n|-heal|p1a: Cresselia|55\/100|[from] item: Leftovers\n|-sideend|p1: TitansTestTeam3T|move: Light Screen\n|upkeep\n|turn|9\n|\n|t:|1701200972\n|move|p1b: Iron Bundle|Hydro Pump|p2a: Flutter Mane\n|-damage|p2a: Flutter Mane|49\/100\n|move|p2a: Flutter Mane|Moonblast|p1b: Iron Bundle\n|-damage|p1b: Iron Bundle|0 fnt\n|faint|p1b: Iron Bundle\n|-end|p1b: Iron Bundle|Quark Drive|[silent]\n|move|p2b: Tyranitar|Knock Off|p1a: Cresselia\n|-supereffective|p1a: Cresselia\n|-damage|p1a: Cresselia|0 fnt\n|-enditem|p1a: Cresselia|Leftovers|[from] move: Knock Off|[of] p2b: Tyranitar\n|faint|p1a: Cresselia\n|\n|win|frankocean$7\n|raw|TitansTestTeam3T's rating: 1484 &rarr; <strong>1471<\/strong><br \/>(-13 for losing)\n|raw|frankocean$7's rating: 1613 &rarr; <strong>1626<\/strong><br \/>(+13 for winning)\n|c|\u2606TitansTestTeam3T|Good game\n|l|\u2606frankocean$7\n","uploadtime":1701201013,"views":8,"p1id":"titanstestteam3t","p2id":"frankocean7","formatid":"gen9doublesou","rating":1471,"private":0,"password":""}