{"id":"gen9doublesou-1991339285","p1":"bananaszn","p2":"ynnig","format":"[Gen 9] Doubles OU","log":"|j|\u2606bananaszn\n|j|\u2606ynnig\n|t:|1700068915\n|gametype|doubles\n|player|p1|bananaszn|brycen|1188\n|player|p2|ynnig|cynthia-gen4|1275\n|teamsize|p1|6\n|teamsize|p2|6\n|gen|9\n|tier|[Gen 9] Doubles OU\n|rated|\n|rule|Species Clause: Limit one of each Pok\u00e9mon\n|rule|OHKO Clause: OHKO moves are banned\n|rule|Evasion Moves Clause: Evasion moves are banned\n|rule|Gravity Sleep Clause: The combination of sleep-inducing moves with imperfect accuracy and Gravity or Gigantamax Orbeetle are banned\n|rule|Endless Battle Clause: Forcing endless battles is banned\n|rule|HP Percentage Mod: HP is shown in percentages\n|clearpoke\n|poke|p1|Tyranitar, M|\n|poke|p1|Glimmora, M|\n|poke|p1|Amoonguss, M|\n|poke|p1|Heatran, F|\n|poke|p1|Landorus, M|\n|poke|p1|Cresselia, F|\n|poke|p2|Okidogi, M|\n|poke|p2|Fezandipiti, M|\n|poke|p2|Munkidori, M|\n|poke|p2|Wyrdeer, M|\n|poke|p2|Tornadus, M|\n|poke|p2|Dragapult, M|\n|teampreview\n|\n|t:|1700068926\n|start\n|switch|p1a: Oran Berry|Glimmora, M|100\/100\n|switch|p1b: Trippie Redd|Tyranitar, M|100\/100\n|switch|p2a: Fezandipiti|Fezandipiti, M|100\/100\n|switch|p2b: Tornadus|Tornadus, M|100\/100\n|-weather|Sandstorm|[from] ability: Sand Stream|[of] p1b: Trippie Redd\n|turn|1\n|\n|t:|1700068938\n|move|p2b: Tornadus|Tailwind|p2b: Tornadus\n|-sidestart|p2: ynnig|move: Tailwind\n|move|p2a: Fezandipiti|Double Kick|p1b: Trippie Redd\n|-supereffective|p1b: Trippie Redd\n|-damage|p1b: Trippie Redd|62\/100\n|-supereffective|p1b: Trippie Redd\n|-damage|p1b: Trippie Redd|18\/100\n|-hitcount|p1b: Trippie Redd|2\n|-damage|p2a: Fezandipiti|91\/100|[from] item: Life Orb\n|move|p1a: Oran Berry|Mortal Spin|p2b: Tornadus|[spread] p2a,p2b\n|-damage|p2a: Fezandipiti|85\/100\n|-damage|p2b: Tornadus|93\/100\n|-status|p2a: Fezandipiti|psn\n|move|p1b: Trippie Redd|Icy Wind|p2a: Fezandipiti|[spread] p2a,p2b\n|-supereffective|p2b: Tornadus\n|-damage|p2a: Fezandipiti|77\/100 psn\n|-damage|p2b: Tornadus|69\/100\n|-unboost|p2a: Fezandipiti|spe|1\n|\n|-weather|Sandstorm|[upkeep]\n|-damage|p2b: Tornadus|63\/100|[from] Sandstorm\n|-damage|p2a: Fezandipiti|71\/100 psn|[from] Sandstorm\n|-damage|p2a: Fezandipiti|59\/100 psn|[from] psn\n|upkeep\n|turn|2\n|\n|t:|1700068974\n|switch|p1b: Nicki Minaj|Cresselia, F|100\/100\n|move|p1a: Oran Berry|Spiky Shield|p1a: Oran Berry\n|-singleturn|p1a: Oran Berry|move: Protect\n|move|p2b: Tornadus|Chilling Water|p1a: Oran Berry\n|-activate|p1a: Oran Berry|move: Protect\n|move|p2a: Fezandipiti|Double Kick|p1b: Nicki Minaj\n|-resisted|p1b: Nicki Minaj\n|-damage|p1b: Nicki Minaj|95\/100\n|-resisted|p1b: Nicki Minaj\n|-damage|p1b: Nicki Minaj|89\/100\n|-hitcount|p1b: Nicki Minaj|2\n|-damage|p2a: Fezandipiti|49\/100 psn|[from] item: Life Orb\n|\n|-weather|Sandstorm|[upkeep]\n|-damage|p2b: Tornadus|57\/100|[from] Sandstorm\n|-damage|p2a: Fezandipiti|43\/100 psn|[from] Sandstorm\n|-damage|p2a: Fezandipiti|31\/100 psn|[from] psn\n|upkeep\n|turn|3\n|\n|t:|1700068998\n|switch|p1a: Ball Guy|Amoonguss, M|100\/100\n|move|p2b: Tornadus|Chilling Water|p1a: Ball Guy\n|-resisted|p1a: Ball Guy\n|-damage|p1a: Ball Guy|93\/100\n|-unboost|p1a: Ball Guy|atk|1\n|move|p2a: Fezandipiti|Dual Wingbeat|p1b: Nicki Minaj|[miss]\n|-miss|p2a: Fezandipiti|p1b: Nicki Minaj\n|move|p1b: Nicki Minaj|Psychic|p2a: Fezandipiti\n|-supereffective|p2a: Fezandipiti\n|-damage|p2a: Fezandipiti|0 fnt\n|faint|p2a: Fezandipiti\n|\n|-weather|Sandstorm|[upkeep]\n|-damage|p2b: Tornadus|51\/100|[from] Sandstorm\n|-damage|p1a: Ball Guy|87\/100|[from] Sandstorm\n|upkeep\n|\n|t:|1700069016\n|switch|p2a: Wyrdeer|Wyrdeer, M|100\/100\n|-ability|p2a: Wyrdeer|Intimidate|boost\n|-unboost|p1a: Ball Guy|atk|1\n|-unboost|p1b: Nicki Minaj|atk|1\n|turn|4\n|\n|t:|1700069025\n|switch|p2b: Okidogi|Okidogi, M|100\/100\n|move|p2a: Wyrdeer|Skill Swap|p1a: Ball Guy\n|-activate|p2a: Wyrdeer|move: Skill Swap|Regenerator|Intimidate|[of] p1a: Ball Guy\n|-ability|p1a: Ball Guy|Intimidate|boost\n|-unboost|p2a: Wyrdeer|atk|1\n|-ability|p2b: Okidogi|Guard Dog|boost\n|-boost|p2b: Okidogi|atk|1\n|move|p1b: Nicki Minaj|Psychic|p2b: Okidogi\n|-supereffective|p2b: Okidogi\n|-damage|p2b: Okidogi|3\/100\n|move|p1a: Ball Guy|Spore|p2b: Okidogi\n|-status|p2b: Okidogi|slp|[from] move: Spore\n|\n|-weather|Sandstorm|[upkeep]\n|-damage|p2b: Okidogi|0 fnt|[from] Sandstorm\n|-damage|p2a: Wyrdeer|94\/100|[from] Sandstorm\n|-damage|p1a: Ball Guy|81\/100|[from] Sandstorm\n|faint|p2b: Okidogi\n|-sideend|p2: ynnig|move: Tailwind\n|upkeep\n|inactive|Battle timer is ON: inactive players will automatically lose when time's up. (requested by ynnig)\n|\n|t:|1700069049\n|switch|p2b: Munkidori|Munkidori, M|100\/100\n|-item|p1a: Ball Guy|Sitrus Berry|[from] ability: Frisk|[of] p2b: Munkidori|[identify]\n|-item|p1b: Nicki Minaj|Safety Goggles|[from] ability: Frisk|[of] p2b: Munkidori|[identify]\n|turn|5\n|\n|t:|1700069063\n|switch|p2a: Dragapult|Dragapult, M|100\/100\n|move|p2b: Munkidori|Fake Out|p1a: Ball Guy\n|-damage|p1a: Ball Guy|76\/100\n|move|p1b: Nicki Minaj|Psychic|p2b: Munkidori\n|-damage|p2b: Munkidori|81\/100\n|cant|p1a: Ball Guy|flinch\n|\n|-weather|Sandstorm|[upkeep]\n|-damage|p2a: Dragapult|95\/100|[from] Sandstorm\n|-damage|p2b: Munkidori|75\/100|[from] Sandstorm\n|-damage|p1a: Ball Guy|70\/100|[from] Sandstorm\n|upkeep\n|turn|6\n|\n|t:|1700069079\n|switch|p1b: Oran Berry|Glimmora, M|100\/100\n|switch|p1a: Gobba Goo|Heatran, F|100\/100\n|move|p2a: Dragapult|Thief|p1a: Gobba Goo\n|-damage|p1a: Gobba Goo|82\/100\n|-enditem|p1a: Gobba Goo|Assault Vest|[silent]|[from] move: Thief|[of] p2a: Dragapult\n|-item|p2a: Dragapult|Assault Vest|[from] move: Thief|[of] p1a: Gobba Goo\n|move|p2b: Munkidori|Psychic|p1a: Gobba Goo\n|-resisted|p1a: Gobba Goo\n|-damage|p1a: Gobba Goo|62\/100\n|\n|-weather|Sandstorm|[upkeep]\n|-damage|p2a: Dragapult|89\/100|[from] Sandstorm\n|-damage|p2b: Munkidori|69\/100|[from] Sandstorm\n|upkeep\n|turn|7\n|\n|t:|1700069099\n|move|p2a: Dragapult|Phantom Force||[still]\n|-prepare|p2a: Dragapult|Phantom Force\n|move|p1b: Oran Berry|Mortal Spin|p2a: Dragapult|[spread] p2b\n|-miss|p1b: Oran Berry|p2a: Dragapult\n|-resisted|p2b: Munkidori\n|-damage|p2b: Munkidori|66\/100\n|-status|p2b: Munkidori|psn\n|move|p2b: Munkidori|Psychic|p1b: Oran Berry\n|-supereffective|p1b: Oran Berry\n|-damage|p1b: Oran Berry|12\/100\n|move|p1a: Gobba Goo|Earth Power|p2b: Munkidori\n|-supereffective|p2b: Munkidori\n|-damage|p2b: Munkidori|12\/100 psn\n|\n|-weather|Sandstorm|[upkeep]\n|-damage|p2a: Dragapult|83\/100|[from] Sandstorm\n|-damage|p2b: Munkidori|6\/100 psn|[from] Sandstorm\n|-damage|p2b: Munkidori|0 fnt|[from] psn\n|faint|p2b: Munkidori\n|upkeep\n|inactive|ynnig has 120 seconds left.\n|\n|t:|1700069120\n|switch|p2b: Tornadus|Tornadus, M|51\/100\n|turn|8\n|\n|t:|1700069134\n|move|p1b: Oran Berry|Spiky Shield|p1b: Oran Berry\n|-singleturn|p1b: Oran Berry|move: Protect\n|move|p2a: Dragapult|Phantom Force|p1a: Gobba Goo|[from]lockedmove\n|-damage|p1a: Gobba Goo|21\/100\n|move|p2b: Tornadus|Chilling Water|p1b: Oran Berry\n|-activate|p1b: Oran Berry|move: Protect\n|move|p1a: Gobba Goo|Heat Wave|p2b: Tornadus|[spread] p2a,p2b\n|-resisted|p2a: Dragapult\n|-damage|p2a: Dragapult|63\/100\n|-damage|p2b: Tornadus|0 fnt\n|faint|p2b: Tornadus\n|\n|-weather|none\n|upkeep\n|\n|t:|1700069149\n|switch|p2b: Wyrdeer|Wyrdeer, M|100\/100\n|-ability|p2b: Wyrdeer|Intimidate|boost\n|-unboost|p1a: Gobba Goo|atk|1\n|-unboost|p1b: Oran Berry|atk|1\n|turn|9\n|\n|t:|1700069158\n|switch|p1a: Trippie Redd|Tyranitar, M|18\/100\n|-weather|Sandstorm|[from] ability: Sand Stream|[of] p1a: Trippie Redd\n|move|p2a: Dragapult|Dragon Darts|p1b: Oran Berry\n|-crit|p1b: Oran Berry\n|-damage|p1b: Oran Berry|0 fnt\n|-anim|p2a: Dragapult|Dragon Darts|p1a: Trippie Redd\n|-damage|p1a: Trippie Redd|4\/100\n|faint|p1b: Oran Berry\n|move|p2b: Wyrdeer|Energy Ball|p1a: Trippie Redd\n|-supereffective|p1a: Trippie Redd\n|-damage|p1a: Trippie Redd|0 fnt\n|faint|p1a: Trippie Redd\n|\n|-weather|Sandstorm|[upkeep]\n|-damage|p2a: Dragapult|57\/100|[from] Sandstorm\n|-damage|p2b: Wyrdeer|94\/100|[from] Sandstorm\n|upkeep\n|\n|t:|1700069174\n|switch|p1b: ROOT BEER|Landorus, M|100\/100\n|switch|p1a: Ball Guy|Amoonguss, M|70\/100\n|turn|10\n|\n|t:|1700069197\n|-terastallize|p1b: ROOT BEER|Steel\n|move|p2a: Dragapult|Phantom Force||[still]\n|-prepare|p2a: Dragapult|Phantom Force\n|move|p1b: ROOT BEER|Crunch|p2a: Dragapult|[miss]\n|-miss|p1b: ROOT BEER|p2a: Dragapult\n|move|p2b: Wyrdeer|Calm Mind|p2b: Wyrdeer\n|-boost|p2b: Wyrdeer|spa|1\n|-boost|p2b: Wyrdeer|spd|1\n|move|p1a: Ball Guy|Spore|p2a: Dragapult|[miss]\n|-miss|p1a: Ball Guy|p2a: Dragapult\n|\n|-weather|Sandstorm|[upkeep]\n|-damage|p2a: Dragapult|51\/100|[from] Sandstorm\n|-damage|p2b: Wyrdeer|88\/100|[from] Sandstorm\n|-damage|p1a: Ball Guy|64\/100|[from] Sandstorm\n|upkeep\n|turn|11\n|\n|t:|1700069216\n|move|p2a: Dragapult|Phantom Force|p1a: Ball Guy|[from]lockedmove\n|-damage|p1a: Ball Guy|29\/100\n|-enditem|p1a: Ball Guy|Sitrus Berry|[eat]\n|-heal|p1a: Ball Guy|54\/100|[from] item: Sitrus Berry\n|move|p1b: ROOT BEER|Crunch|p2b: Wyrdeer\n|-supereffective|p2b: Wyrdeer\n|-damage|p2b: Wyrdeer|41\/100\n|-enditem|p2b: Wyrdeer|Sitrus Berry|[eat]\n|-heal|p2b: Wyrdeer|66\/100|[from] item: Sitrus Berry\n|move|p2b: Wyrdeer|Energy Ball|p1b: ROOT BEER\n|-resisted|p1b: ROOT BEER\n|-damage|p1b: ROOT BEER|80\/100\n|move|p1a: Ball Guy|Clear Smog|p2b: Wyrdeer\n|-damage|p2b: Wyrdeer|56\/100\n|-clearboost|p2b: Wyrdeer\n|\n|-weather|Sandstorm|[upkeep]\n|-damage|p2a: Dragapult|45\/100|[from] Sandstorm\n|-damage|p2b: Wyrdeer|50\/100|[from] Sandstorm\n|-damage|p1a: Ball Guy|48\/100|[from] Sandstorm\n|-heal|p1b: ROOT BEER|86\/100|[from] item: Leftovers\n|upkeep\n|turn|12\n|\n|t:|1700069247\n|move|p2a: Dragapult|Phantom Force||[still]\n|-prepare|p2a: Dragapult|Phantom Force\n|move|p1b: ROOT BEER|Earth Power|p2b: Wyrdeer\n|-damage|p2b: Wyrdeer|10\/100\n|move|p2b: Wyrdeer|Skill Swap|p1b: ROOT BEER\n|-activate|p2b: Wyrdeer|move: Skill Swap|Sand Force|Intimidate|[of] p1b: ROOT BEER\n|-ability|p1b: ROOT BEER|Intimidate|boost\n|-unboost|p2a: Dragapult|atk|1\n|-unboost|p2b: Wyrdeer|atk|1\n|move|p1a: Ball Guy|Spore|p2b: Wyrdeer\n|-status|p2b: Wyrdeer|slp|[from] move: Spore\n|\n|-weather|Sandstorm|[upkeep]\n|-damage|p2a: Dragapult|39\/100|[from] Sandstorm\n|-damage|p1a: Ball Guy|42\/100|[from] Sandstorm\n|-heal|p1b: ROOT BEER|92\/100|[from] item: Leftovers\n|upkeep\n|turn|13\n|-message|ynnig forfeited.\n|\n|win|bananaszn\n|raw|bananaszn's rating: 1188 &rarr; <strong>1219<\/strong><br \/>(+31 for winning)\n|raw|ynnig's rating: 1275 &rarr; <strong>1244<\/strong><br \/>(-31 for losing)\n|l|\u2606ynnig\n","uploadtime":1700069269,"views":5,"p1id":"bananaszn","p2id":"ynnig","formatid":"gen9doublesou","rating":1219,"private":0,"password":""}