{"id":"gen9doublesou-1977658451","p1":"squid501","p2":"Xuemi","format":"[Gen 9] Doubles OU","log":"|j|\u2606squid501\n|j|\u2606Xuemi\n|t:|1698435986\n|gametype|doubles\n|player|p1|squid501|nate|1003\n|player|p2|Xuemi|rosa|1089\n|teamsize|p1|6\n|teamsize|p2|6\n|gen|9\n|tier|[Gen 9] Doubles OU\n|rated|\n|rule|Species Clause: Limit one of each Pok\u00e9mon\n|rule|OHKO Clause: OHKO moves are banned\n|rule|Evasion Moves Clause: Evasion moves are banned\n|rule|Gravity Sleep Clause: The combination of sleep-inducing moves with imperfect accuracy and Gravity or Gigantamax Orbeetle are banned\n|rule|Endless Battle Clause: Forcing endless battles is banned\n|rule|HP Percentage Mod: HP is shown in percentages\n|clearpoke\n|poke|p1|Slowking-Galar, M|\n|poke|p1|Kommo-o, M|\n|poke|p1|Sinistcha|\n|poke|p1|Clefable, F|\n|poke|p1|Dondozo, M|\n|poke|p1|Sandy Shocks|\n|poke|p2|Gholdengo|\n|poke|p2|Indeedee-F, F|\n|poke|p2|Ogerpon-Hearthflame, F|\n|poke|p2|Glimmora, F|\n|poke|p2|Ursaluna-Bloodmoon, M|\n|poke|p2|Dragonite, M|\n|teampreview\n|\n|t:|1698435994\n|start\n|switch|p1a: Kommo-o|Kommo-o, M|100\/100\n|switch|p1b: Clefable|Clefable, F|100\/100\n|switch|p2a: Indeedee|Indeedee-F, F|100\/100\n|switch|p2b: Glimmora|Glimmora, F|100\/100\n|turn|1\n|\n|t:|1698436011\n|move|p2a: Indeedee|Reflect|p2a: Indeedee\n|-sidestart|p2: Xuemi|Reflect\n|move|p1a: Kommo-o|Clangorous Soul|p1a: Kommo-o\n|-boost|p1a: Kommo-o|atk|1\n|-boost|p1a: Kommo-o|def|1\n|-boost|p1a: Kommo-o|spa|1\n|-boost|p1a: Kommo-o|spd|1\n|-boost|p1a: Kommo-o|spe|1\n|-damage|p1a: Kommo-o|68\/100\n|move|p1b: Clefable|Skill Swap|p1a: Kommo-o\n|-activate|p1b: Clefable|move: Skill Swap|||[of] p1a: Kommo-o\n|move|p2b: Glimmora|Spikes|p1b: Clefable\n|-sidestart|p1: squid501|Spikes\n|\n|upkeep\n|turn|2\n|\n|t:|1698436061\n|-terastallize|p1a: Kommo-o|Ice\n|move|p1a: Kommo-o|Stomping Tantrum|p2b: Glimmora\n|-supereffective|p2b: Glimmora\n|-damage|p2b: Glimmora|24\/100\n|-activate|p2b: Glimmora|ability: Toxic Debris\n|-sidestart|p1: squid501|move: Toxic Spikes\n|move|p2a: Indeedee|Light Screen|p2a: Indeedee\n|-sidestart|p2: Xuemi|move: Light Screen\n|move|p1b: Clefable|Skill Swap|p2b: Glimmora\n|-activate|p1b: Clefable|move: Skill Swap|Toxic Debris|Overcoat|[of] p2b: Glimmora\n|move|p2b: Glimmora|Acid Armor|p2b: Glimmora\n|-boost|p2b: Glimmora|def|2\n|\n|upkeep\n|turn|3\n|inactive|Battle timer is ON: inactive players will automatically lose when time's up. (requested by squid501)\n|\n|t:|1698436112\n|move|p1a: Kommo-o|Clangorous Soul|p1a: Kommo-o\n|-boost|p1a: Kommo-o|atk|1\n|-boost|p1a: Kommo-o|def|1\n|-boost|p1a: Kommo-o|spa|1\n|-boost|p1a: Kommo-o|spd|1\n|-boost|p1a: Kommo-o|spe|1\n|-damage|p1a: Kommo-o|35\/100\n|move|p2a: Indeedee|Draining Kiss|p1b: Clefable\n|-damage|p1b: Clefable|90\/100\n|move|p1b: Clefable|Heal Pulse|p1a: Kommo-o\n|-heal|p1a: Kommo-o|85\/100\n|move|p2b: Glimmora|Spikes|p1b: Clefable\n|-sidestart|p1: squid501|Spikes\n|\n|upkeep\n|turn|4\n|\n|t:|1698436133\n|switch|p2a: Ogerpon|Ogerpon-Hearthflame, F|100\/100\n|-ability|p2a: Ogerpon|Mold Breaker\n|switch|p1b: Slowking|Slowking-Galar, M|100\/100\n|-damage|p1b: Slowking|84\/100|[from] Spikes\n|-sideend|p1: squid501|move: Toxic Spikes|[of] p1b: Slowking\n|move|p1a: Kommo-o|Drain Punch|p2b: Glimmora\n|-damage|p2b: Glimmora|4\/100\n|-heal|p1a: Kommo-o|95\/100|[from] drain|[of] p2b: Glimmora\n|move|p2b: Glimmora|Spikes|p1a: Kommo-o\n|-sidestart|p1: squid501|Spikes\n|\n|-damage|p1b: Slowking|71\/100|[from] item: Sticky Barb\n|upkeep\n|turn|5\n|inactive|Xuemi has 120 seconds left.\n|\n|t:|1698436169\n|switch|p2b: Indeedee|Indeedee-F, F|100\/100\n|-terastallize|p2a: Ogerpon|Fire\n|detailschange|p2a: Ogerpon|Ogerpon-Hearthflame-Tera, F, tera:Fire\n|-ability|p2a: Ogerpon|Embody Aspect (Hearthflame)|boost\n|-boost|p2a: Ogerpon|atk|1\n|move|p1a: Kommo-o|Stomping Tantrum|p2a: Ogerpon\n|-supereffective|p2a: Ogerpon\n|-damage|p2a: Ogerpon|26\/100\n|move|p2a: Ogerpon|Ivy Cudgel|p1a: Kommo-o\n|-supereffective|p1a: Kommo-o\n|-damage|p1a: Kommo-o|0 fnt\n|faint|p1a: Kommo-o\n|move|p1b: Slowking|Chilly Reception|p1b: Slowking\n|-weather|Snow\n|inactive|squid501 has 120 seconds left.\n|\n|t:|1698436199\n|switch|p1b: Dondozo|Dondozo, M|100\/100|[from] Chilly Reception\n|-damage|p1b: Dondozo|76\/100|[from] Spikes\n|\n|-weather|Snow|[upkeep]\n|-sideend|p2: Xuemi|Reflect\n|upkeep\n|\n|t:|1698436204\n|switch|p1a: Sinistcha|Sinistcha|100\/100\n|-damage|p1a: Sinistcha|76\/100|[from] Spikes\n|-heal|p1b: Dondozo|100\/100|[from] ability: Hospitality|[of] p1a: Sinistcha\n|turn|6\n|\n|t:|1698436232\n|move|p1a: Sinistcha|Protect|p1a: Sinistcha\n|-singleturn|p1a: Sinistcha|Protect\n|move|p2a: Ogerpon|Ivy Cudgel|p1a: Sinistcha\n|-activate|p1a: Sinistcha|move: Protect\n|move|p2b: Indeedee|Light Screen||[still]\n|-fail|p2b: Indeedee\n|move|p1b: Dondozo|Aqua Tail|p2a: Ogerpon\n|-supereffective|p2a: Ogerpon\n|-damage|p2a: Ogerpon|0 fnt\n|faint|p2a: Ogerpon\n|\n|-weather|Snow|[upkeep]\n|-sideend|p2: Xuemi|move: Light Screen\n|upkeep\n|inactive|Xuemi has 120 seconds left.\n|\n|t:|1698436246\n|switch|p2a: Dragonite|Dragonite, M|100\/100\n|turn|7\n|\n|t:|1698436265\n|move|p2b: Indeedee|Light Screen|p2b: Indeedee\n|-sidestart|p2: Xuemi|move: Light Screen\n|move|p2a: Dragonite|Air Slash|p1a: Sinistcha\n|-supereffective|p1a: Sinistcha\n|-damage|p1a: Sinistcha|7\/100\n|-damage|p2a: Dragonite|91\/100|[from] item: Life Orb\n|move|p1a: Sinistcha|Life Dew||[still]|[spread] p1a,p1b\n|-heal|p1a: Sinistcha|32\/100\n|-fail|p1b: Dondozo|heal\n|move|p1b: Dondozo|Order Up|p2a: Dragonite\n|-supereffective|p2a: Dragonite\n|-damage|p2a: Dragonite|35\/100\n|\n|-weather|Snow|[upkeep]\n|upkeep\n|turn|8\n|\n|t:|1698436283\n|move|p2b: Indeedee|Reflect|p2b: Indeedee\n|-sidestart|p2: Xuemi|Reflect\n|move|p2a: Dragonite|Air Slash|p1a: Sinistcha\n|-supereffective|p1a: Sinistcha\n|-damage|p1a: Sinistcha|0 fnt\n|faint|p1a: Sinistcha\n|-damage|p2a: Dragonite|25\/100|[from] item: Life Orb\n|move|p1b: Dondozo|Order Up|p2a: Dragonite\n|-supereffective|p2a: Dragonite\n|-damage|p2a: Dragonite|0 fnt\n|faint|p2a: Dragonite\n|\n|-weather|Snow|[upkeep]\n|upkeep\n|\n|t:|1698436301\n|switch|p2a: Gholdengo|Gholdengo|100\/100\n|switch|p1a: Clefable|Clefable, F|90\/100\n|turn|9\n|\n|t:|1698436323\n|move|p2b: Indeedee|Draining Kiss|p1a: Clefable\n|-damage|p1a: Clefable|79\/100\n|move|p1a: Clefable|Skill Swap|p2a: Gholdengo\n|-immune|p2a: Gholdengo|[from] ability: Good as Gold\n|move|p2a: Gholdengo|Make It Rain|p1a: Clefable|[spread] p1a,p1b\n|-supereffective|p1a: Clefable\n|-resisted|p1b: Dondozo\n|-crit|p1b: Dondozo\n|-damage|p1a: Clefable|0 fnt\n|-damage|p1b: Dondozo|72\/100\n|-unboost|p2a: Gholdengo|spa|1\n|faint|p1a: Clefable\n|move|p1b: Dondozo|Aqua Tail|p2a: Gholdengo|[miss]\n|-miss|p1b: Dondozo|p2a: Gholdengo\n|\n|-weather|none\n|upkeep\n|\n|t:|1698436335\n|switch|p1a: Sandy Shocks|Sandy Shocks|100\/100\n|-damage|p1a: Sandy Shocks|76\/100|[from] Spikes\n|turn|10\n|\n|t:|1698436362\n|move|p2b: Indeedee|Draining Kiss|p1a: Sandy Shocks\n|-damage|p1a: Sandy Shocks|64\/100\n|move|p1a: Sandy Shocks|Earth Power|p2a: Gholdengo\n|-supereffective|p2a: Gholdengo\n|-damage|p2a: Gholdengo|50\/100\n|move|p2a: Gholdengo|Make It Rain|p1a: Sandy Shocks|[spread] p1a,p1b\n|-resisted|p1a: Sandy Shocks\n|-resisted|p1b: Dondozo\n|-damage|p1a: Sandy Shocks|48\/100\n|-damage|p1b: Dondozo|59\/100\n|-unboost|p2a: Gholdengo|spa|1\n|move|p1b: Dondozo|Aqua Tail|p2a: Gholdengo\n|-damage|p2a: Gholdengo|25\/100\n|-enditem|p2a: Gholdengo|Salac Berry|[eat]\n|-boost|p2a: Gholdengo|spe|1|[from] item: Salac Berry\n|\n|upkeep\n|turn|11\n|inactive|Xuemi has 120 seconds left.\n|\n|t:|1698436396\n|move|p2a: Gholdengo|Recover|p2a: Gholdengo\n|-heal|p2a: Gholdengo|75\/100\n|move|p2b: Indeedee|Draining Kiss|p1a: Sandy Shocks\n|-damage|p1a: Sandy Shocks|38\/100\n|move|p1a: Sandy Shocks|Earth Power|p2b: Indeedee\n|-damage|p2b: Indeedee|77\/100\n|move|p1b: Dondozo|Aqua Tail|p2a: Gholdengo\n|-damage|p2a: Gholdengo|50\/100\n|\n|-sideend|p2: Xuemi|move: Light Screen\n|upkeep\n|turn|12\n|\n|t:|1698436412\n|move|p2a: Gholdengo|Recover|p2a: Gholdengo\n|-heal|p2a: Gholdengo|99\/100\n|move|p2b: Indeedee|Light Screen|p2b: Indeedee\n|-sidestart|p2: Xuemi|move: Light Screen\n|move|p1a: Sandy Shocks|Earth Power|p2a: Gholdengo\n|-supereffective|p2a: Gholdengo\n|-damage|p2a: Gholdengo|57\/100\n|move|p1b: Dondozo|Aqua Tail|p2a: Gholdengo\n|-damage|p2a: Gholdengo|30\/100\n|\n|-sideend|p2: Xuemi|Reflect\n|upkeep\n|turn|13\n|\n|t:|1698436441\n|-end|p1a: Sandy Shocks|Protosynthesis|[silent]\n|switch|p1a: Slowking|Slowking-Galar, M|100\/100\n|-damage|p1a: Slowking|76\/100|[from] Spikes\n|move|p2a: Gholdengo|Recover|p2a: Gholdengo\n|-heal|p2a: Gholdengo|80\/100\n|move|p2b: Indeedee|Reflect|p2b: Indeedee\n|-sidestart|p2: Xuemi|Reflect\n|move|p1b: Dondozo|Order Up|p2a: Gholdengo\n|-resisted|p2a: Gholdengo\n|-damage|p2a: Gholdengo|73\/100\n|\n|-damage|p1a: Slowking|63\/100|[from] item: Sticky Barb\n|upkeep\n|turn|14\n|\n|t:|1698436471\n|switch|p2a: Ursaluna|Ursaluna-Bloodmoon, M|100\/100\n|move|p2b: Indeedee|Draining Kiss|p1a: Slowking\n|-resisted|p1a: Slowking\n|-damage|p1a: Slowking|59\/100\n|-heal|p2b: Indeedee|80\/100|[from] drain|[of] p1a: Slowking\n|move|p1b: Dondozo|Aqua Tail|p2a: Ursaluna\n|-supereffective|p2a: Ursaluna\n|-damage|p2a: Ursaluna|63\/100\n|move|p1a: Slowking|Eerie Spell|p2a: Ursaluna\n|-damage|p2a: Ursaluna|48\/100\n|\n|-damage|p1a: Slowking|46\/100|[from] item: Sticky Barb\n|upkeep\n|turn|15\n|inactive|Xuemi has 120 seconds left.\n|\n|t:|1698436506\n|move|p2b: Indeedee|Healing Wish|p2b: Indeedee\n|faint|p2b: Indeedee\n|move|p2a: Ursaluna|Moonblast|p1a: Slowking\n|-resisted|p1a: Slowking\n|-damage|p1a: Slowking|33\/100\n|move|p1b: Dondozo|Aqua Tail|p2a: Ursaluna\n|-supereffective|p2a: Ursaluna\n|-damage|p2a: Ursaluna|10\/100\n|move|p1a: Slowking|Eerie Spell|p2a: Ursaluna\n|-damage|p2a: Ursaluna|0 fnt\n|faint|p2a: Ursaluna\n|\n|-damage|p1a: Slowking|21\/100|[from] item: Sticky Barb\n|upkeep\n|inactive|Xuemi has 120 seconds left.\n|\n|t:|1698436521\n|switch|p2b: Gholdengo|Gholdengo|73\/100\n|switch|p2a: Glimmora|Glimmora, F|4\/100\n|-heal|p2b: Gholdengo|100\/100|[from] move: Healing Wish\n|turn|16\n|\n|t:|1698436551\n|move|p2a: Glimmora|Mortal Spin|p1a: Slowking|[spread] p1a,p1b\n|-resisted|p1a: Slowking\n|-damage|p1a: Slowking|19\/100\n|-damage|p1b: Dondozo|56\/100\n|-status|p1b: Dondozo|psn\n|move|p2b: Gholdengo|Make It Rain|p1a: Slowking|[spread] p1a,p1b\n|-crit|p1a: Slowking\n|-resisted|p1b: Dondozo\n|-damage|p1a: Slowking|0 fnt\n|-damage|p1b: Dondozo|33\/100 psn\n|-unboost|p2b: Gholdengo|spa|1\n|faint|p1a: Slowking\n|move|p1b: Dondozo|Rest|p1b: Dondozo\n|-status|p1b: Dondozo|slp|[from] move: Rest\n|-heal|p1b: Dondozo|100\/100 slp|[silent]\n|-enditem|p1b: Dondozo|Chesto Berry|[eat]\n|-curestatus|p1b: Dondozo|slp|[msg]\n|\n|-sideend|p2: Xuemi|move: Light Screen\n|upkeep\n|inactive|squid501 has 120 seconds left.\n|\n|t:|1698436562\n|switch|p1a: Sandy Shocks|Sandy Shocks|38\/100\n|-damage|p1a: Sandy Shocks|13\/100|[from] Spikes\n|turn|17\n|\n|t:|1698436580\n|move|p1a: Sandy Shocks|Earth Power|p2b: Gholdengo\n|-supereffective|p2b: Gholdengo\n|-damage|p2b: Gholdengo|34\/100\n|-unboost|p2b: Gholdengo|spd|1\n|move|p2a: Glimmora|Light Screen|p2a: Glimmora\n|-sidestart|p2: Xuemi|move: Light Screen\n|move|p2b: Gholdengo|Shadow Ball|p1a: Sandy Shocks\n|-damage|p1a: Sandy Shocks|0 fnt\n|faint|p1a: Sandy Shocks\n|-end|p1a: Sandy Shocks|Protosynthesis|[silent]\n|move|p1b: Dondozo|Aqua Tail|p2a: Glimmora\n|-supereffective|p2a: Glimmora\n|-damage|p2a: Glimmora|0 fnt\n|-activate|p2a: Glimmora|ability: Toxic Debris\n|-sidestart|p1: squid501|move: Toxic Spikes\n|faint|p2a: Glimmora\n|\n|-sideend|p2: Xuemi|Reflect\n|upkeep\n|turn|18\n|\n|t:|1698436596\n|move|p2b: Gholdengo|Recover|p2b: Gholdengo\n|-heal|p2b: Gholdengo|84\/100\n|move|p1b: Dondozo|Aqua Tail|p2b: Gholdengo\n|-damage|p2b: Gholdengo|45\/100\n|\n|upkeep\n|turn|19\n|\n|t:|1698436608\n|move|p2b: Gholdengo|Recover|p2b: Gholdengo\n|-heal|p2b: Gholdengo|95\/100\n|move|p1b: Dondozo|Aqua Tail|p2b: Gholdengo\n|-damage|p2b: Gholdengo|61\/100\n|\n|upkeep\n|turn|20\n|\n|t:|1698436617\n|move|p1b: Dondozo|Protect|p1b: Dondozo\n|-singleturn|p1b: Dondozo|Protect\n|move|p2b: Gholdengo|Psychic|p1b: Dondozo\n|-activate|p1b: Dondozo|move: Protect\n|\n|upkeep\n|turn|21\n|\n|t:|1698436631\n|move|p2b: Gholdengo|Psychic|p1b: Dondozo\n|-damage|p1b: Dondozo|83\/100\n|move|p1b: Dondozo|Order Up|p2b: Gholdengo\n|-resisted|p2b: Gholdengo\n|-damage|p2b: Gholdengo|49\/100\n|\n|-sideend|p2: Xuemi|move: Light Screen\n|upkeep\n|turn|22\n|\n|t:|1698436641\n|move|p2b: Gholdengo|Psychic|p1b: Dondozo\n|-damage|p1b: Dondozo|66\/100\n|move|p1b: Dondozo|Order Up|p2b: Gholdengo\n|-resisted|p2b: Gholdengo\n|-damage|p2b: Gholdengo|38\/100\n|\n|upkeep\n|turn|23\n|\n|t:|1698436649\n|move|p2b: Gholdengo|Recover|p2b: Gholdengo\n|-heal|p2b: Gholdengo|88\/100\n|move|p1b: Dondozo|Aqua Tail|p2b: Gholdengo\n|-damage|p2b: Gholdengo|50\/100\n|\n|upkeep\n|turn|24\n|\n|t:|1698436655\n|move|p2b: Gholdengo|Recover|p2b: Gholdengo\n|-heal|p2b: Gholdengo|99\/100\n|move|p1b: Dondozo|Aqua Tail|p2b: Gholdengo\n|-damage|p2b: Gholdengo|64\/100\n|\n|upkeep\n|turn|25\n|\n|t:|1698436663\n|move|p2b: Gholdengo|Psychic|p1b: Dondozo\n|-damage|p1b: Dondozo|47\/100\n|move|p1b: Dondozo|Order Up|p2b: Gholdengo\n|-resisted|p2b: Gholdengo\n|-damage|p2b: Gholdengo|53\/100\n|\n|upkeep\n|turn|26\n|\n|t:|1698436673\n|move|p1b: Dondozo|Protect|p1b: Dondozo\n|-singleturn|p1b: Dondozo|Protect\n|move|p2b: Gholdengo|Psychic|p1b: Dondozo\n|-activate|p1b: Dondozo|move: Protect\n|\n|upkeep\n|turn|27\n|\n|t:|1698436681\n|move|p2b: Gholdengo|Psychic|p1b: Dondozo\n|-damage|p1b: Dondozo|29\/100\n|move|p1b: Dondozo|Rest|p1b: Dondozo\n|-status|p1b: Dondozo|slp|[from] move: Rest\n|-heal|p1b: Dondozo|100\/100 slp|[silent]\n|\n|upkeep\n|turn|28\n|\n|t:|1698436695\n|move|p2b: Gholdengo|Shadow Ball|p1b: Dondozo\n|-damage|p1b: Dondozo|75\/100 slp\n|cant|p1b: Dondozo|slp\n|\n|upkeep\n|turn|29\n|\n|t:|1698436703\n|move|p2b: Gholdengo|Shadow Ball|p1b: Dondozo\n|-damage|p1b: Dondozo|51\/100 slp\n|cant|p1b: Dondozo|slp\n|\n|upkeep\n|turn|30\n|\n|t:|1698436709\n|move|p2b: Gholdengo|Shadow Ball|p1b: Dondozo\n|-damage|p1b: Dondozo|27\/100 slp\n|-curestatus|p1b: Dondozo|slp|[msg]\n|move|p1b: Dondozo|Rest|p1b: Dondozo\n|-status|p1b: Dondozo|slp|[from] move: Rest\n|-heal|p1b: Dondozo|100\/100 slp|[silent]\n|\n|upkeep\n|turn|31\n|\n|t:|1698436719\n|move|p2b: Gholdengo|Shadow Ball|p1b: Dondozo\n|-damage|p1b: Dondozo|76\/100 slp\n|cant|p1b: Dondozo|slp\n|\n|upkeep\n|turn|32\n|\n|t:|1698436725\n|move|p2b: Gholdengo|Shadow Ball|p1b: Dondozo\n|-damage|p1b: Dondozo|49\/100 slp\n|cant|p1b: Dondozo|slp\n|\n|upkeep\n|turn|33\n|\n|t:|1698436731\n|move|p2b: Gholdengo|Shadow Ball|p1b: Dondozo\n|-damage|p1b: Dondozo|22\/100 slp\n|-curestatus|p1b: Dondozo|slp|[msg]\n|move|p1b: Dondozo|Rest|p1b: Dondozo\n|-status|p1b: Dondozo|slp|[from] move: Rest\n|-heal|p1b: Dondozo|100\/100 slp|[silent]\n|\n|upkeep\n|turn|34\n|\n|t:|1698436741\n|move|p2b: Gholdengo|Shadow Ball|p1b: Dondozo\n|-damage|p1b: Dondozo|74\/100 slp\n|cant|p1b: Dondozo|slp\n|\n|upkeep\n|turn|35\n|c|\u2606Xuemi|xD\n|\n|t:|1698436750\n|move|p2b: Gholdengo|Shadow Ball|p1b: Dondozo\n|-damage|p1b: Dondozo|48\/100 slp\n|cant|p1b: Dondozo|slp\n|\n|upkeep\n|turn|36\n|c|\u2606squid501|:)\n|inactive|Xuemi has 120 seconds left.\n|\n|t:|1698436789\n|move|p2b: Gholdengo|Shadow Ball|p1b: Dondozo\n|-damage|p1b: Dondozo|24\/100 slp\n|-curestatus|p1b: Dondozo|slp|[msg]\n|move|p1b: Dondozo|Rest|p1b: Dondozo\n|-status|p1b: Dondozo|slp|[from] move: Rest\n|-heal|p1b: Dondozo|100\/100 slp|[silent]\n|\n|upkeep\n|turn|37\n|\n|t:|1698436799\n|move|p2b: Gholdengo|Shadow Ball|p1b: Dondozo\n|-damage|p1b: Dondozo|75\/100 slp\n|cant|p1b: Dondozo|slp\n|\n|upkeep\n|turn|38\n|\n|t:|1698436805\n|move|p2b: Gholdengo|Shadow Ball|p1b: Dondozo\n|-damage|p1b: Dondozo|51\/100 slp\n|-unboost|p1b: Dondozo|spd|1\n|cant|p1b: Dondozo|slp\n|\n|upkeep\n|turn|39\n|c|\u2606squid501|oh?\n|\n|t:|1698436814\n|move|p2b: Gholdengo|Shadow Ball|p1b: Dondozo\n|-damage|p1b: Dondozo|13\/100 slp\n|-curestatus|p1b: Dondozo|slp|[msg]\n|move|p1b: Dondozo|Aqua Tail|p2b: Gholdengo\n|-damage|p2b: Gholdengo|12\/100\n|\n|upkeep\n|turn|40\n|\n|t:|1698436823\n|move|p1b: Dondozo|Protect|p1b: Dondozo\n|-singleturn|p1b: Dondozo|Protect\n|move|p2b: Gholdengo|Shadow Ball|p1b: Dondozo\n|-activate|p1b: Dondozo|move: Protect\n|\n|upkeep\n|turn|41\n|\n|t:|1698436832\n|move|p2b: Gholdengo|Shadow Ball|p1b: Dondozo\n|-damage|p1b: Dondozo|0 fnt\n|faint|p1b: Dondozo\n|\n|win|Xuemi\n|raw|squid501's rating: 1003 &rarr; <strong>1000<\/strong><br \/>(-3 for losing)\n|raw|Xuemi's rating: 1089 &rarr; <strong>1109<\/strong><br \/>(+20 for winning)\n|c|\u2606squid501|gg\n|c|\u2606Xuemi|gg\n|l|\u2606squid501\n","uploadtime":1698436927,"views":12,"p1id":"squid501","p2id":"xuemi","formatid":"gen9doublesou","rating":1000,"private":0,"password":""}