{"id":"gen9doublesou-1979757272","p1":"Ravvenn98","p2":"BruhMyNameIsDylan","format":"[Gen 9] Doubles OU","log":"|j|\u2606Ravvenn98\n|j|\u2606BruhMyNameIsDylan\n|t:|1698710082\n|gametype|doubles\n|player|p1|Ravvenn98|steven|1223\n|player|p2|BruhMyNameIsDylan|hugh|1213\n|teamsize|p1|6\n|teamsize|p2|6\n|gen|9\n|tier|[Gen 9] Doubles OU\n|rated|\n|rule|Species Clause: Limit one of each Pok\u00e9mon\n|rule|OHKO Clause: OHKO moves are banned\n|rule|Evasion Moves Clause: Evasion moves are banned\n|rule|Gravity Sleep Clause: The combination of sleep-inducing moves with imperfect accuracy and Gravity or Gigantamax Orbeetle are banned\n|rule|Endless Battle Clause: Forcing endless battles is banned\n|rule|HP Percentage Mod: HP is shown in percentages\n|clearpoke\n|poke|p1|Maushold|\n|poke|p1|Quagsire, F|\n|poke|p1|Dipplin, F|\n|poke|p1|Tornadus, M|\n|poke|p1|Chien-Pao|\n|poke|p1|Volcanion|\n|poke|p2|Eevee, M|\n|poke|p2|Slaking, F|\n|poke|p2|Farigiraf, M|\n|poke|p2|Samurott-Hisui, F|\n|poke|p2|Kommo-o, F|\n|poke|p2|Espeon, M|\n|teampreview\n|\n|t:|1698710086\n|start\n|switch|p1a: Quagsire|Quagsire, F|100\/100\n|switch|p1b: Tornadus|Tornadus, M|100\/100\n|switch|p2a: Eevee|Eevee, M|100\/100\n|switch|p2b: Slaking|Slaking, F|100\/100\n|-ability|p2a: Eevee|Anticipation\n|turn|1\n|\n|t:|1698710105\n|move|p2a: Eevee|Helping Hand|p2b: Slaking\n|-singleturn|p2b: Slaking|Helping Hand|[of] p2a: Eevee\n|move|p1b: Tornadus|Swagger|p1a: Quagsire\n|-boost|p1a: Quagsire|atk|2\n|-start|p1a: Quagsire|confusion\n|-enditem|p1a: Quagsire|Lum Berry|[eat]\n|-end|p1a: Quagsire|confusion\n|move|p2b: Slaking|Giga Impact|p1a: Quagsire\n|-damage|p1a: Quagsire|0 fnt\n|-mustrecharge|p2b: Slaking\n|faint|p1a: Quagsire\n|\n|upkeep\n|\n|t:|1698710117\n|switch|p1a: Chien-Pao|Chien-Pao|100\/100\n|-ability|p1a: Chien-Pao|Sword of Ruin\n|turn|2\n|\n|t:|1698710124\n|cant|p2b: Slaking|recharge\n|move|p1a: Chien-Pao|Icicle Crash|p2b: Slaking\n|-damage|p2b: Slaking|61\/100\n|move|p1b: Tornadus|Bleakwind Storm|p2b: Slaking|[spread] p2a,p2b\n|-crit|p2b: Slaking\n|-damage|p2a: Eevee|64\/100\n|-damage|p2b: Slaking|10\/100\n|-unboost|p2b: Slaking|spe|1\n|move|p2a: Eevee|Yawn|p1b: Tornadus\n|-start|p1b: Tornadus|move: Yawn|[of] p2a: Eevee\n|\n|upkeep\n|turn|3\n|\n|t:|1698710141\n|move|p2a: Eevee|Helping Hand|p2b: Slaking\n|-singleturn|p2b: Slaking|Helping Hand|[of] p2a: Eevee\n|move|p1a: Chien-Pao|Sucker Punch|p2b: Slaking\n|-damage|p2b: Slaking|0 fnt\n|faint|p2b: Slaking\n|move|p1b: Tornadus|Bleakwind Storm|p2a: Eevee\n|-damage|p2a: Eevee|20\/100\n|\n|-end|p1b: Tornadus|move: Yawn|[silent]\n|-status|p1b: Tornadus|slp\n|upkeep\n|\n|t:|1698710153\n|switch|p2b: Farigiraf|Farigiraf, M|100\/100\n|turn|4\n|\n|t:|1698710158\n|move|p2b: Farigiraf|Ally Switch|p2b: Farigiraf\n|swap|p2b: Farigiraf|0|[from] move: Ally Switch\n|move|p1a: Chien-Pao|Throat Chop|p2b: Eevee\n|-damage|p2b: Eevee|0 fnt\n|faint|p2b: Eevee\n|cant|p1b: Tornadus|slp\n|\n|upkeep\n|\n|t:|1698710166\n|switch|p2b: Samurott|Samurott-Hisui, F|100\/100\n|turn|5\n|\n|t:|1698710175\n|move|p1a: Chien-Pao|Throat Chop|p2a: Farigiraf\n|-supereffective|p2a: Farigiraf\n|-damage|p2a: Farigiraf|0 fnt\n|faint|p2a: Farigiraf\n|cant|p1b: Tornadus|slp\n|move|p2b: Samurott|Swords Dance|p2b: Samurott\n|-boost|p2b: Samurott|atk|2\n|\n|upkeep\n|\n|t:|1698710184\n|switch|p2a: Kommo-o|Kommo-o, F|100\/100\n|turn|6\n|\n|t:|1698710200\n|-terastallize|p2b: Samurott|Water\n|move|p2b: Samurott|Aqua Jet|p1a: Chien-Pao\n|-damage|p1a: Chien-Pao|24\/100\n|move|p1a: Chien-Pao|Icicle Crash|p2a: Kommo-o\n|-supereffective|p2a: Kommo-o\n|-damage|p2a: Kommo-o|0 fnt\n|faint|p2a: Kommo-o\n|-curestatus|p1b: Tornadus|slp|[msg]\n|move|p1b: Tornadus|Bleakwind Storm|p2b: Samurott\n|-damage|p2b: Samurott|37\/100\n|\n|upkeep\n|\n|t:|1698710213\n|switch|p2a: Espeon|Espeon, M|100\/100\n|turn|7\n|\n|t:|1698710222\n|move|p1a: Chien-Pao|Sucker Punch|p2b: Samurott\n|-damage|p2b: Samurott|0 fnt\n|faint|p2b: Samurott\n|move|p2a: Espeon|Shadow Ball|p1b: Tornadus\n|-damage|p1b: Tornadus|68\/100\n|move|p1b: Tornadus|Bleakwind Storm|p2a: Espeon\n|-damage|p2a: Espeon|47\/100\n|\n|-heal|p2a: Espeon|53\/100|[from] item: Leftovers\n|upkeep\n|turn|8\n|-message|BruhMyNameIsDylan forfeited.\n|\n|win|Ravvenn98\n|raw|Ravvenn98's rating: 1223 &rarr; <strong>1247<\/strong><br \/>(+24 for winning)\n|raw|BruhMyNameIsDylan's rating: 1213 &rarr; <strong>1189<\/strong><br \/>(-24 for losing)\n|l|\u2606BruhMyNameIsDylan\n","uploadtime":1698710239,"views":19,"p1id":"ravvenn98","p2id":"bruhmynameisdylan","formatid":"gen9doublesou","rating":1189,"private":0,"password":""}