{"id":"gen9doublesou-1999532071","p1":"Martin80","p2":"Aquaticphantom","format":"[Gen 9] Doubles OU","log":"|j|\u2606Martin80\n|j|\u2606Aquaticphantom\n|t:|1701093247\n|gametype|doubles\n|player|p1|Martin80|hugh|1155\n|player|p2|Aquaticphantom|fantina|1256\n|teamsize|p1|6\n|teamsize|p2|6\n|gen|9\n|tier|[Gen 9] Doubles OU\n|rated|\n|rule|Species Clause: Limit one of each Pok\u00e9mon\n|rule|OHKO Clause: OHKO moves are banned\n|rule|Evasion Moves Clause: Evasion moves are banned\n|rule|Gravity Sleep Clause: The combination of sleep-inducing moves with imperfect accuracy and Gravity or Gigantamax Orbeetle are banned\n|rule|Endless Battle Clause: Forcing endless battles is banned\n|rule|HP Percentage Mod: HP is shown in percentages\n|clearpoke\n|poke|p1|Garganacl, F|\n|poke|p1|Tinkaton, F|\n|poke|p1|Lokix, F|\n|poke|p1|Quaquaval, F|\n|poke|p1|Arboliva, F|\n|poke|p1|Ceruledge, F|\n|poke|p2|Glimmora, M|\n|poke|p2|Espeon, F|\n|poke|p2|Kilowattrel, M|\n|poke|p2|Gastrodon-East, F|\n|poke|p2|Kingambit, M|\n|poke|p2|Ninetales-Alola, M|\n|teampreview\n|\n|t:|1701093257\n|start\n|switch|p1a: Tinkaton|Tinkaton, F, shiny|100\/100\n|switch|p1b: Ceruledge|Ceruledge, F, shiny|100\/100\n|switch|p2a: Alberona|Espeon, F|100\/100\n|switch|p2b: Fullbuster|Ninetales-Alola, M|100\/100\n|-weather|Snow|[from] ability: Snow Warning|[of] p2b: Fullbuster\n|turn|1\n|\n|t:|1701093270\n|switch|p2a: Neekis|Glimmora, M|100\/100\n|-terastallize|p2b: Fullbuster|Fire\n|move|p1a: Tinkaton|Fake Out|p2b: Fullbuster\n|-damage|p2b: Fullbuster|87\/100\n|cant|p2b: Fullbuster|flinch\n|move|p1b: Ceruledge|Bitter Blade|p2b: Fullbuster\n|-resisted|p2b: Fullbuster\n|-damage|p2b: Fullbuster|51\/100\n|\n|-weather|Snow|[upkeep]\n|upkeep\n|turn|2\n|\n|t:|1701093286\n|move|p1b: Ceruledge|Shadow Sneak|p2b: Fullbuster\n|-damage|p2b: Fullbuster|22\/100\n|move|p2b: Fullbuster|Aurora Veil|p2b: Fullbuster\n|-sidestart|p2: Aquaticphantom|move: Aurora Veil\n|move|p1a: Tinkaton|Skitter Smack|p2b: Fullbuster\n|-resisted|p2b: Fullbuster\n|-damage|p2b: Fullbuster|14\/100\n|-unboost|p2b: Fullbuster|spa|1\n|move|p2a: Neekis|Power Gem|p1b: Ceruledge\n|-supereffective|p1b: Ceruledge\n|-damage|p1b: Ceruledge|6\/100\n|-enditem|p1b: Ceruledge|Weakness Policy\n|-boost|p1b: Ceruledge|atk|2|[from] item: Weakness Policy\n|-boost|p1b: Ceruledge|spa|2|[from] item: Weakness Policy\n|\n|-weather|Snow|[upkeep]\n|upkeep\n|turn|3\n|\n|t:|1701093308\n|switch|p2b: Locksar|Gastrodon-East, F|100\/100\n|move|p1b: Ceruledge|Shadow Sneak|p2b: Locksar\n|-damage|p2b: Locksar|71\/100\n|move|p1a: Tinkaton|Gigaton Hammer|p2a: Neekis\n|-supereffective|p2a: Neekis\n|-damage|p2a: Neekis|16\/100\n|-activate|p2a: Neekis|ability: Toxic Debris\n|-sidestart|p1: Martin80|move: Toxic Spikes\n|move|p2a: Neekis|Power Gem|p1b: Ceruledge\n|-supereffective|p1b: Ceruledge\n|-damage|p1b: Ceruledge|0 fnt\n|faint|p1b: Ceruledge\n|\n|-weather|Snow|[upkeep]\n|upkeep\n|inactive|Battle timer is ON: inactive players will automatically lose when time's up. (requested by Martin80)\n|\n|t:|1701093321\n|switch|p1b: Jolyne|Quaquaval, F, shiny|100\/100\n|turn|4\n|\n|t:|1701093331\n|move|p1a: Tinkaton|Helping Hand|p1b: Jolyne\n|-singleturn|p1b: Jolyne|Helping Hand|[of] p1a: Tinkaton\n|move|p2a: Neekis|Stealth Rock|p1b: Jolyne\n|-sidestart|p1: Martin80|move: Stealth Rock\n|move|p1b: Jolyne|Rapid Spin|p2b: Locksar\n|-damage|p2b: Locksar|52\/100\n|-boost|p1b: Jolyne|spe|1\n|-sideend|p1: Martin80|Toxic Spikes|[from] move: Rapid Spin|[of] p1b: Jolyne\n|-sideend|p1: Martin80|Stealth Rock|[from] move: Rapid Spin|[of] p1b: Jolyne\n|move|p2b: Locksar|Earth Power|p1a: Tinkaton\n|-supereffective|p1a: Tinkaton\n|-damage|p1a: Tinkaton|9\/100\n|\n|-weather|Snow|[upkeep]\n|-heal|p1a: Tinkaton|15\/100|[from] item: Leftovers\n|upkeep\n|turn|5\n|\n|t:|1701093346\n|switch|p2a: Dreyar|Kilowattrel, M|100\/100\n|move|p1b: Jolyne|Swords Dance|p1b: Jolyne\n|-boost|p1b: Jolyne|atk|2\n|move|p1a: Tinkaton|Gigaton Hammer|p2a: Dreyar\n|-resisted|p2a: Dreyar\n|-damage|p2a: Dreyar|68\/100\n|move|p2b: Locksar|Earth Power|p1a: Tinkaton\n|-supereffective|p1a: Tinkaton\n|-damage|p1a: Tinkaton|0 fnt\n|faint|p1a: Tinkaton\n|\n|-weather|none\n|upkeep\n|\n|t:|1701093359\n|switch|p1a: Golemcita|Garganacl, F, shiny|100\/100\n|turn|6\n|\n|t:|1701093378\n|-terastallize|p1b: Jolyne|Steel\n|move|p1b: Jolyne|Aqua Step|p2b: Locksar\n|-activate|p2b: Locksar|ability: Storm Drain\n|-ability|p2b: Locksar|Storm Drain|boost\n|-boost|p2b: Locksar|spa|1\n|move|p2a: Dreyar|Discharge|p1a: Golemcita|[spread] p1a,p1b\n|-immune|p2b: Locksar\n|-damage|p1a: Golemcita|80\/100\n|-damage|p1b: Jolyne|60\/100\n|-status|p1b: Jolyne|par\n|move|p2b: Locksar|Muddy Water|p1b: Jolyne|[spread] p1a,p1b\n|-supereffective|p1a: Golemcita\n|-crit|p1b: Jolyne\n|-damage|p1a: Golemcita|10\/100\n|-damage|p1b: Jolyne|0 fnt\n|-unboost|p1a: Golemcita|accuracy|1\n|faint|p1b: Jolyne\n|move|p1a: Golemcita|Salt Cure|p2a: Dreyar\n|-supereffective|p2a: Dreyar\n|-damage|p2a: Dreyar|36\/100\n|-start|p2a: Dreyar|Salt Cure\n|\n|-heal|p1a: Golemcita|16\/100|[from] item: Leftovers\n|-damage|p2a: Dreyar|24\/100|[from] Salt Cure\n|upkeep\n|c|\u2606Martin80|you sick bastard\n|-message|Martin80 forfeited.\n|\n|win|Aquaticphantom\n|raw|Martin80's rating: 1155 &rarr; <strong>1137<\/strong><br \/>(-18 for losing)\n|raw|Aquaticphantom's rating: 1256 &rarr; <strong>1274<\/strong><br \/>(+18 for winning)\n|l|\u2606Martin80\n","uploadtime":1701093390,"views":11,"p1id":"martin80","p2id":"aquaticphantom","formatid":"gen9doublesou","rating":1137,"private":0,"password":""}