{"id":"gen9doublesou-1994148769","p1":"cotesmcgotes","p2":"promotheus","format":"[Gen 9] Doubles OU","log":"|j|\u2606cotesmcgotes\n|j|\u2606promotheus\n|t:|1700412566\n|gametype|doubles\n|player|p1|cotesmcgotes|flannery|1285\n|player|p2|promotheus|benga|1320\n|teamsize|p1|6\n|teamsize|p2|6\n|gen|9\n|tier|[Gen 9] Doubles OU\n|rated|\n|rule|Species Clause: Limit one of each Pok\u00e9mon\n|rule|OHKO Clause: OHKO moves are banned\n|rule|Evasion Moves Clause: Evasion moves are banned\n|rule|Gravity Sleep Clause: The combination of sleep-inducing moves with imperfect accuracy and Gravity or Gigantamax Orbeetle are banned\n|rule|Endless Battle Clause: Forcing endless battles is banned\n|rule|HP Percentage Mod: HP is shown in percentages\n|clearpoke\n|poke|p1|Cresselia, F|\n|poke|p1|Overqwil, F|\n|poke|p1|Tornadus, M|\n|poke|p1|Palafin, F|\n|poke|p1|Amoonguss, M|\n|poke|p1|Diancie|\n|poke|p2|Gallade, M|\n|poke|p2|Maushold-Four|\n|poke|p2|Garganacl, F|\n|poke|p2|Palafin, F|\n|poke|p2|Diancie|\n|poke|p2|Sinistcha-Masterpiece|\n|teampreview\n|\n|t:|1700412578\n|start\n|switch|p1a: Tornadus|Tornadus, M, shiny|100\/100\n|switch|p1b: Palafin|Palafin, F|100\/100\n|switch|p2a: Gallade|Gallade, M|100\/100\n|switch|p2b: Maushold|Maushold-Four|100\/100\n|turn|1\n|inactive|Battle timer is ON: inactive players will automatically lose when time's up. (requested by cotesmcgotes)\n|inactive|cotesmcgotes has 120 seconds left.\n|\n|t:|1700412618\n|move|p1a: Tornadus|Tailwind|p1a: Tornadus\n|-sidestart|p1: cotesmcgotes|move: Tailwind\n|move|p1b: Palafin|Flip Turn|p2a: Gallade\n|-damage|p2a: Gallade|74\/100\n|\n|t:|1700412625\n|detailschange|p1b: Palafin|Palafin-Hero, F\n|switch|p1b: Overqwil|Overqwil, F|100\/100|[from] Flip Turn\n|move|p2b: Maushold|Beat Up|p2a: Gallade\n|-damage|p2a: Gallade|68\/100\n|-ability|p2a: Gallade|Justified|boost\n|-boost|p2a: Gallade|atk|1\n|-damage|p2a: Gallade|65\/100\n|-ability|p2a: Gallade|Justified|boost\n|-boost|p2a: Gallade|atk|1\n|-damage|p2a: Gallade|60\/100\n|-ability|p2a: Gallade|Justified|boost\n|-boost|p2a: Gallade|atk|1\n|-damage|p2a: Gallade|56\/100\n|-ability|p2a: Gallade|Justified|boost\n|-boost|p2a: Gallade|atk|1\n|-damage|p2a: Gallade|51\/100\n|-ability|p2a: Gallade|Justified|boost\n|-boost|p2a: Gallade|atk|1\n|-damage|p2a: Gallade|48\/100\n|-ability|p2a: Gallade|Justified|boost\n|-boost|p2a: Gallade|atk|1\n|-hitcount|p2a: Gallade|6\n|move|p2a: Gallade|Drain Punch|p1b: Overqwil\n|-damage|p1b: Overqwil|0 fnt\n|-heal|p2a: Gallade|100\/100|[from] drain|[of] p1b: Overqwil\n|faint|p1b: Overqwil\n|\n|upkeep\n|inactive|cotesmcgotes has 120 seconds left.\n|\n|t:|1700412661\n|switch|p1b: Palafin|Palafin-Hero, F|100\/100\n|-activate|p1b: Palafin|ability: Zero to Hero\n|turn|2\n|\n|t:|1700412672\n|switch|p2b: Diancie|Diancie|100\/100\n|move|p1b: Palafin|Jet Punch|p2a: Gallade\n|-crit|p2a: Gallade\n|-damage|p2a: Gallade|0 fnt\n|faint|p2a: Gallade\n|move|p1a: Tornadus|Bleakwind Storm|p2b: Diancie\n|-resisted|p2b: Diancie\n|-damage|p2b: Diancie|88\/100\n|\n|-heal|p2b: Diancie|94\/100|[from] item: Leftovers\n|upkeep\n|\n|t:|1700412690\n|switch|p2a: Sinistcha|Sinistcha-Masterpiece|100\/100\n|-heal|p2b: Diancie|100\/100|[from] ability: Hospitality|[of] p2a: Sinistcha\n|turn|3\n|\n|t:|1700412702\n|-terastallize|p1b: Palafin|Normal\n|move|p1b: Palafin|Jet Punch|p2b: Diancie\n|-supereffective|p2b: Diancie\n|-crit|p2b: Diancie\n|-damage|p2b: Diancie|9\/100\n|move|p1a: Tornadus|Rain Dance|p1a: Tornadus\n|-weather|RainDance\n|move|p2a: Sinistcha|Matcha Gotcha|p1b: Palafin|[spread] p1a,p1b\n|-resisted|p1a: Tornadus\n|-damage|p1a: Tornadus|91\/100\n|-damage|p1b: Palafin|79\/100\n|move|p2b: Diancie|Diamond Storm|p1a: Tornadus|[spread] p1a,p1b\n|-supereffective|p1a: Tornadus\n|-damage|p1a: Tornadus|28\/100\n|-damage|p1b: Palafin|51\/100\n|\n|-weather|RainDance|[upkeep]\n|-heal|p2b: Diancie|15\/100|[from] item: Leftovers\n|upkeep\n|turn|4\n|inactive|promotheus has 120 seconds left.\n|\n|t:|1700412732\n|move|p2b: Diancie|Protect|p2b: Diancie\n|-singleturn|p2b: Diancie|Protect\n|move|p1b: Palafin|Jet Punch|p2b: Diancie\n|-activate|p2b: Diancie|move: Protect\n|move|p1a: Tornadus|Bleakwind Storm|p2b: Diancie|[spread] p2a\n|-activate|p2b: Diancie|move: Protect\n|-supereffective|p2a: Sinistcha\n|-damage|p2a: Sinistcha|21\/100\n|-unboost|p2a: Sinistcha|spe|1\n|move|p2a: Sinistcha|Shadow Ball|p1a: Tornadus\n|-damage|p1a: Tornadus|2\/100\n|\n|-weather|RainDance|[upkeep]\n|-heal|p2b: Diancie|22\/100|[from] item: Leftovers\n|-heal|p2a: Sinistcha|27\/100|[from] item: Leftovers\n|-sideend|p1: cotesmcgotes|move: Tailwind\n|upkeep\n|turn|5\n|\n|t:|1700412757\n|move|p1b: Palafin|Jet Punch|p2b: Diancie\n|-supereffective|p2b: Diancie\n|-damage|p2b: Diancie|0 fnt\n|faint|p2b: Diancie\n|move|p1a: Tornadus|Tailwind|p1a: Tornadus\n|-sidestart|p1: cotesmcgotes|move: Tailwind\n|move|p2a: Sinistcha|Matcha Gotcha|p1a: Tornadus|[spread] p1a,p1b\n|-resisted|p1a: Tornadus\n|-damage|p1a: Tornadus|0 fnt\n|-heal|p2a: Sinistcha|28\/100|[from] drain|[of] p1a: Tornadus\n|-damage|p1b: Palafin|31\/100\n|-heal|p2a: Sinistcha|38\/100|[from] drain|[of] p1b: Palafin\n|faint|p1a: Tornadus\n|\n|-weather|RainDance|[upkeep]\n|-heal|p2a: Sinistcha|44\/100|[from] item: Leftovers\n|upkeep\n|inactive|cotesmcgotes has 120 seconds left.\n|\n|t:|1700412788\n|switch|p1a: Amoonguss|Amoonguss, M, shiny|100\/100\n|switch|p2b: Garganacl|Garganacl, F|100\/100\n|turn|6\n|\n|t:|1700412805\n|-terastallize|p2b: Garganacl|Ghost\n|move|p1b: Palafin|Ice Punch|p2a: Sinistcha\n|-supereffective|p2a: Sinistcha\n|-damage|p2a: Sinistcha|0 fnt\n|faint|p2a: Sinistcha\n|move|p1a: Amoonguss|Giga Drain|p2b: Garganacl\n|-damage|p2b: Garganacl|80\/100\n|move|p2b: Garganacl|Salt Cure|p1a: Amoonguss\n|-damage|p1a: Amoonguss|84\/100\n|-start|p1a: Amoonguss|Salt Cure\n|\n|-weather|RainDance|[upkeep]\n|-heal|p2b: Garganacl|86\/100|[from] item: Leftovers\n|-damage|p1a: Amoonguss|72\/100|[from] Salt Cure\n|upkeep\n|\n|t:|1700412821\n|switch|p2a: Palafin|Palafin, F|100\/100\n|turn|7\n|\n|t:|1700412833\n|move|p1b: Palafin|Jet Punch|p2b: Garganacl\n|-damage|p2b: Garganacl|51\/100\n|move|p2a: Palafin|Flip Turn|p1b: Palafin\n|-damage|p1b: Palafin|0 fnt\n|faint|p1b: Palafin\n|-damage|p2a: Palafin|91\/100|[from] item: Life Orb\n|\n|t:|1700412840\n|detailschange|p2a: Palafin|Palafin-Hero, F\n|switch|p2a: Maushold|Maushold-Four|100\/100|[from] Flip Turn\n|move|p1a: Amoonguss|Giga Drain|p2a: Maushold\n|-damage|p2a: Maushold|57\/100\n|-heal|p1a: Amoonguss|91\/100|[from] drain|[of] p2a: Maushold\n|move|p2b: Garganacl|Salt Cure|p1a: Amoonguss\n|-crit|p1a: Amoonguss\n|-damage|p1a: Amoonguss|68\/100\n|\n|-weather|RainDance|[upkeep]\n|-heal|p2b: Garganacl|58\/100|[from] item: Leftovers\n|-damage|p1a: Amoonguss|55\/100|[from] Salt Cure\n|upkeep\n|\n|t:|1700412856\n|switch|p1b: Diancie|Diancie, shiny|100\/100\n|turn|8\n|\n|t:|1700412867\n|switch|p1a: Cresselia|Cresselia, F, shiny|100\/100\n|move|p2a: Maushold|Population Bomb|p1b: Diancie|[miss]\n|-miss|p2a: Maushold|p1b: Diancie\n|move|p1b: Diancie|Diamond Storm|p2b: Garganacl|[spread] p2a,p2b\n|-damage|p2a: Maushold|0 fnt\n|-damage|p2b: Garganacl|39\/100\n|faint|p2a: Maushold\n|move|p2b: Garganacl|Recover|p2b: Garganacl\n|-heal|p2b: Garganacl|89\/100\n|\n|-weather|RainDance|[upkeep]\n|-heal|p2b: Garganacl|95\/100|[from] item: Leftovers\n|-sideend|p1: cotesmcgotes|move: Tailwind\n|upkeep\n|\n|t:|1700412880\n|switch|p2a: Palafin|Palafin-Hero, F|91\/100\n|-activate|p2a: Palafin|ability: Zero to Hero\n|turn|9\n|\n|t:|1700412899\n|switch|p1b: Amoonguss|Amoonguss, M, shiny|89\/100\n|move|p2a: Palafin|Jet Punch|p1b: Amoonguss\n|-resisted|p1b: Amoonguss\n|-damage|p1b: Amoonguss|52\/100\n|-damage|p2a: Palafin|81\/100|[from] item: Life Orb\n|move|p1a: Cresselia|Calm Mind|p1a: Cresselia\n|-boost|p1a: Cresselia|spa|1\n|-boost|p1a: Cresselia|spd|1\n|move|p2b: Garganacl|Salt Cure|p1a: Cresselia\n|-damage|p1a: Cresselia|90\/100\n|-start|p1a: Cresselia|Salt Cure\n|\n|-weather|RainDance|[upkeep]\n|-heal|p1a: Cresselia|96\/100|[from] item: Leftovers\n|-heal|p2b: Garganacl|100\/100|[from] item: Leftovers\n|-damage|p1a: Cresselia|84\/100|[from] Salt Cure\n|upkeep\n|turn|10\n|\n|t:|1700412928\n|move|p2a: Palafin|Drain Punch|p1b: Amoonguss\n|-resisted|p1b: Amoonguss\n|-crit|p1b: Amoonguss\n|-damage|p1b: Amoonguss|20\/100\n|-heal|p2a: Palafin|100\/100|[from] drain|[of] p1b: Amoonguss\n|-damage|p2a: Palafin|91\/100|[from] item: Life Orb\n|move|p1a: Cresselia|Calm Mind|p1a: Cresselia\n|-boost|p1a: Cresselia|spa|1\n|-boost|p1a: Cresselia|spd|1\n|move|p2b: Garganacl|Body Press|p1a: Cresselia\n|-resisted|p1a: Cresselia\n|-damage|p1a: Cresselia|75\/100\n|move|p1b: Amoonguss|Giga Drain|p2a: Palafin\n|-supereffective|p2a: Palafin\n|-damage|p2a: Palafin|13\/100\n|-heal|p1b: Amoonguss|59\/100|[from] drain|[of] p2a: Palafin\n|\n|-weather|none\n|-heal|p1a: Cresselia|82\/100|[from] item: Leftovers\n|-damage|p1a: Cresselia|69\/100|[from] Salt Cure\n|upkeep\n|turn|11\n|\n|t:|1700412956\n|move|p2a: Palafin|Jet Punch|p1a: Cresselia\n|-damage|p1a: Cresselia|37\/100\n|-damage|p2a: Palafin|3\/100|[from] item: Life Orb\n|move|p1a: Cresselia|Calm Mind|p1a: Cresselia\n|-boost|p1a: Cresselia|spa|1\n|-boost|p1a: Cresselia|spd|1\n|move|p2b: Garganacl|Salt Cure|p1b: Amoonguss\n|-damage|p1b: Amoonguss|45\/100\n|-start|p1b: Amoonguss|Salt Cure\n|move|p1b: Amoonguss|Giga Drain|p2a: Palafin\n|-supereffective|p2a: Palafin\n|-damage|p2a: Palafin|0 fnt\n|-heal|p1b: Amoonguss|46\/100|[from] drain|[of] p2a: Palafin\n|faint|p2a: Palafin\n|\n|-heal|p1a: Cresselia|43\/100|[from] item: Leftovers\n|-damage|p1a: Cresselia|31\/100|[from] Salt Cure\n|-damage|p1b: Amoonguss|34\/100|[from] Salt Cure\n|upkeep\n|turn|12\n|\n|t:|1700412975\n|move|p1b: Amoonguss|Rage Powder|p1b: Amoonguss\n|-singleturn|p1b: Amoonguss|move: Rage Powder\n|move|p1a: Cresselia|Stored Power|p2b: Garganacl\n|-damage|p2b: Garganacl|7\/100\n|move|p2b: Garganacl|Recover|p2b: Garganacl\n|-heal|p2b: Garganacl|57\/100\n|\n|-heal|p1a: Cresselia|37\/100|[from] item: Leftovers\n|-heal|p2b: Garganacl|63\/100|[from] item: Leftovers\n|-damage|p1a: Cresselia|25\/100|[from] Salt Cure\n|-damage|p1b: Amoonguss|21\/100|[from] Salt Cure\n|upkeep\n|turn|13\n|c|\u2606promotheus|gg\n|\n|t:|1700412989\n|move|p1a: Cresselia|Stored Power|p2b: Garganacl\n|-damage|p2b: Garganacl|0 fnt\n|faint|p2b: Garganacl\n|\n|win|cotesmcgotes\n|raw|cotesmcgotes's rating: 1285 &rarr; <strong>1313<\/strong><br \/>(+28 for winning)\n|raw|promotheus's rating: 1320 &rarr; <strong>1298<\/strong><br \/>(-22 for losing)\n","uploadtime":1700412993,"views":9,"p1id":"cotesmcgotes","p2id":"promotheus","formatid":"gen9doublesou","rating":1298,"private":0,"password":""}