{"id":"gen9doublesou-1993657064","p1":"ThunderTech","p2":"bananaszn","format":"[Gen 9] Doubles OU","log":"|j|\u2606ThunderTech\n|j|\u2606bananaszn\n|t:|1700342312\n|gametype|doubles\n|player|p1|ThunderTech|dancer|1112\n|player|p2|bananaszn|teamrocket|1209\n|teamsize|p1|6\n|teamsize|p2|6\n|gen|9\n|tier|[Gen 9] Doubles OU\n|rated|\n|rule|Species Clause: Limit one of each Pok\u00e9mon\n|rule|OHKO Clause: OHKO moves are banned\n|rule|Evasion Moves Clause: Evasion moves are banned\n|rule|Gravity Sleep Clause: The combination of sleep-inducing moves with imperfect accuracy and Gravity or Gigantamax Orbeetle are banned\n|rule|Endless Battle Clause: Forcing endless battles is banned\n|rule|HP Percentage Mod: HP is shown in percentages\n|clearpoke\n|poke|p1|Floatzel, M|\n|poke|p1|Kommo-o, F|\n|poke|p1|Typhlosion-Hisui, M|\n|poke|p1|Krookodile, M|\n|poke|p1|Flutter Mane|\n|poke|p1|Murkrow, M|\n|poke|p2|Chien-Pao|\n|poke|p2|Iron Hands|\n|poke|p2|Kingambit, M|\n|poke|p2|Volcanion|\n|poke|p2|Tornadus, M|\n|poke|p2|Great Tusk|\n|teampreview\n|inactive|Battle timer is ON: inactive players will automatically lose when time's up. (requested by bananaszn)\n|\n|t:|1700342322\n|start\n|switch|p1a: Rakko|Murkrow, M|100\/100\n|switch|p1b: Simon|Krookodile, M|100\/100\n|switch|p2a: Tornadus|Tornadus, M|100\/100\n|switch|p2b: Kingambit|Kingambit, M|100\/100\n|turn|1\n|inactive|ThunderTech has 120 seconds left.\n|inactive|bananaszn has 120 seconds left.\n|\n|t:|1700342364\n|switch|p1b: Plail|Kommo-o, F|100\/100\n|move|p2a: Tornadus|Tailwind|p2a: Tornadus\n|-sidestart|p2: bananaszn|move: Tailwind\n|move|p1a: Rakko|Tailwind|p1a: Rakko\n|-sidestart|p1: ThunderTech|move: Tailwind\n|move|p2b: Kingambit|Swords Dance|p2b: Kingambit\n|-boost|p2b: Kingambit|atk|2\n|\n|upkeep\n|turn|2\n|inactive|bananaszn has 120 seconds left.\n|\n|t:|1700342384\n|-terastallize|p2b: Kingambit|Dark\n|move|p1a: Rakko|Taunt|p2b: Kingambit\n|-hint|Since gen 7, Dark is immune to Prankster moves.\n|-immune|p2b: Kingambit\n|move|p2a: Tornadus|Bleakwind Storm|p1b: Plail|[spread] p1a,p1b\n|-supereffective|p1b: Plail\n|-damage|p1a: Rakko|45\/100\n|-damage|p1b: Plail|0 fnt\n|-unboost|p1a: Rakko|spe|1\n|faint|p1b: Plail\n|move|p2b: Kingambit|Kowtow Cleave|p1a: Rakko\n|-resisted|p1a: Rakko\n|-damage|p1a: Rakko|0 fnt\n|faint|p1a: Rakko\n|\n|upkeep\n|inactive|ThunderTech has 120 seconds left.\n|\n|t:|1700342403\n|switch|p1a: Dove|Typhlosion-Hisui, M|100\/100\n|switch|p1b: Lirus|Flutter Mane|100\/100\n|-item|p2a: Tornadus|Focus Sash|[from] ability: Frisk|[of] p1a: Dove|[identify]\n|-item|p2b: Kingambit|Black Glasses|[from] ability: Frisk|[of] p1a: Dove|[identify]\n|-enditem|p1b: Lirus|Booster Energy\n|-activate|p1b: Lirus|ability: Protosynthesis|[fromitem]\n|-start|p1b: Lirus|protosynthesisspe\n|turn|3\n|\n|t:|1700342424\n|-terastallize|p1b: Lirus|Electric\n|move|p2a: Tornadus|Protect|p2a: Tornadus\n|-singleturn|p2a: Tornadus|Protect\n|move|p2b: Kingambit|Sucker Punch|p1b: Lirus\n|-damage|p1b: Lirus|0 fnt\n|faint|p1b: Lirus\n|-end|p1b: Lirus|Protosynthesis|[silent]\n|move|p1a: Dove|Will-O-Wisp|p2b: Kingambit\n|-status|p2b: Kingambit|brn\n|\n|-damage|p2b: Kingambit|94\/100 brn|[from] brn\n|upkeep\n|inactive|ThunderTech has 120 seconds left.\n|\n|t:|1700342439\n|switch|p1b: Simon|Krookodile, M|100\/100\n|turn|4\n|\n|t:|1700342453\n|move|p2a: Tornadus|Taunt|p1a: Dove\n|-start|p1a: Dove|move: Taunt\n|move|p1a: Dove|Infernal Parade|p2b: Kingambit\n|-resisted|p2b: Kingambit\n|-damage|p2b: Kingambit|65\/100 brn\n|move|p1b: Simon|Close Combat|p2a: Tornadus\n|-resisted|p2a: Tornadus\n|-damage|p2a: Tornadus|69\/100\n|-unboost|p1b: Simon|def|1\n|-unboost|p1b: Simon|spd|1\n|move|p2b: Kingambit|Kowtow Cleave|p1a: Dove\n|-supereffective|p1a: Dove\n|-damage|p1a: Dove|0 fnt\n|faint|p1a: Dove\n|\n|-damage|p2b: Kingambit|58\/100 brn|[from] brn\n|-sideend|p1: ThunderTech|move: Tailwind\n|-sideend|p2: bananaszn|move: Tailwind\n|upkeep\n|inactive|ThunderTech has 120 seconds left.\n|\n|t:|1700342469\n|switch|p1a: Shigu|Floatzel, M|100\/100\n|turn|5\n|\n|t:|1700342484\n|move|p2a: Tornadus|Tailwind|p2a: Tornadus\n|-sidestart|p2: bananaszn|move: Tailwind\n|move|p1a: Shigu|Ice Spinner|p2a: Tornadus\n|-supereffective|p2a: Tornadus\n|-damage|p2a: Tornadus|0 fnt\n|faint|p2a: Tornadus\n|move|p2b: Kingambit|Kowtow Cleave|p1a: Shigu\n|-enditem|p1a: Shigu|Focus Sash\n|-damage|p1a: Shigu|1\/100\n|move|p1b: Simon|Knock Off|p2b: Kingambit\n|-resisted|p2b: Kingambit\n|-damage|p2b: Kingambit|38\/100 brn\n|-enditem|p2b: Kingambit|Black Glasses|[from] move: Knock Off|[of] p1b: Simon\n|\n|-damage|p2b: Kingambit|32\/100 brn|[from] brn\n|upkeep\n|\n|t:|1700342502\n|switch|p2a: Chien-Pao|Chien-Pao|100\/100\n|-ability|p2a: Chien-Pao|Sword of Ruin\n|turn|6\n|\n|t:|1700342516\n|move|p2b: Kingambit|Sucker Punch|p1a: Shigu\n|-damage|p1a: Shigu|0 fnt\n|faint|p1a: Shigu\n|move|p2a: Chien-Pao|Ice Spinner|p1b: Simon\n|-supereffective|p1b: Simon\n|-crit|p1b: Simon\n|-damage|p1b: Simon|0 fnt\n|faint|p1b: Simon\n|-damage|p2a: Chien-Pao|91\/100|[from] item: Life Orb\n|\n|win|bananaszn\n|raw|ThunderTech's rating: 1112 &rarr; <strong>1094<\/strong><br \/>(-18 for losing)\n|raw|bananaszn's rating: 1209 &rarr; <strong>1227<\/strong><br \/>(+18 for winning)\n","uploadtime":1700342529,"views":32,"p1id":"thundertech","p2id":"bananaszn","formatid":"gen9doublesou","rating":1094,"private":0,"password":""}