{"id":"gen9doublesou-1973715611","p1":"Smudge","p2":"SmeargleOnAcid","format":"[Gen 9] Doubles OU","log":"|j|\u2606Smudge\n|j|\u2606SmeargleOnAcid\n|inactive|Battle timer is ON: inactive players will automatically lose when time's up.\n|t:|1698006214\n|gametype|doubles\n|player|p1|Smudge|#dwcopiii|\n|player|p2|SmeargleOnAcid|ninjaboy|\n|teamsize|p1|6\n|teamsize|p2|6\n|gen|9\n|tier|[Gen 9] Doubles OU\n|rated|Tournament battle\n|rule|Tera Type Preview: Tera Types are shown at Team Preview\n|rule|Species Clause: Limit one of each Pok\u00e9mon\n|rule|OHKO Clause: OHKO moves are banned\n|rule|Evasion Moves Clause: Evasion moves are banned\n|rule|Gravity Sleep Clause: The combination of sleep-inducing moves with imperfect accuracy and Gravity or Gigantamax Orbeetle are banned\n|rule|Endless Battle Clause: Forcing endless battles is banned\n|rule|HP Percentage Mod: HP is shown in percentages\n|clearpoke\n|poke|p1|Heatran, M|\n|poke|p1|Iron Bundle|\n|poke|p1|Tornadus, M|\n|poke|p1|Rillaboom, F|\n|poke|p1|Landorus-Therian, M|\n|poke|p1|Flutter Mane|\n|poke|p2|Dudunsparce-*, F|\n|poke|p2|Maushold|\n|poke|p2|Espeon, F|\n|poke|p2|Flamigo, F|\n|poke|p2|Indeedee-F, F|\n|poke|p2|Krookodile, F|\n|teampreview\n|raw|Smudge's Tera Types:<br \/><psicon pokemon=\"heatran\" \/><psicon type=\"Fairy\" \/> \/ <psicon pokemon=\"ironbundle\" \/><psicon type=\"Ghost\" \/> \/ <psicon pokemon=\"tornadus\" \/><psicon type=\"Flying\" \/> \/ <psicon pokemon=\"rillaboom\" \/><psicon type=\"Fire\" \/> \/ <psicon pokemon=\"landorustherian\" \/><psicon type=\"Water\" \/> \/ <psicon pokemon=\"fluttermane\" \/><psicon type=\"Fairy\" \/>\n|raw|SmeargleOnAcid's Tera Types:<br \/><psicon pokemon=\"dudunsparce\" \/><psicon type=\"Ghost\" \/> \/ <psicon pokemon=\"maushold\" \/><psicon type=\"Normal\" \/> \/ <psicon pokemon=\"espeon\" \/><psicon type=\"Psychic\" \/> \/ <psicon pokemon=\"flamigo\" \/><psicon type=\"Flying\" \/> \/ <psicon pokemon=\"indeedeef\" \/><psicon type=\"Psychic\" \/> \/ <psicon pokemon=\"krookodile\" \/><psicon type=\"Ground\" \/>\n|inactive|Smudge also wants the timer to be on.\n|j|+theyummybagel\n|j| here to use \/data\n|c|\u2606Smudge|not this shit\n|inactive|Smudge has 120 seconds left.\n|c| here to use \/data|you will either win on turn 3 or lose on turn 3\n|\n|t:|1698006272\n|start\n|switch|p1a: Heatran|Heatran, M|100\/100\n|switch|p1b: Rillaboom|Rillaboom, F|100\/100\n|switch|p2a: Dudunsparce|Dudunsparce, F|100\/100\n|switch|p2b: Maushold|Maushold|100\/100\n|-fieldstart|move: Grassy Terrain|[from] ability: Grassy Surge|[of] p1b: Rillaboom\n|turn|1\n|\n|t:|1698006305\n|-terastallize|p2a: Dudunsparce|Ghost\n|move|p2b: Maushold|Beat Up|p2a: Dudunsparce\n|-supereffective|p2a: Dudunsparce\n|-damage|p2a: Dudunsparce|97\/100\n|-ability|p2a: Dudunsparce|Rattled|boost\n|-boost|p2a: Dudunsparce|spe|1\n|-enditem|p2a: Dudunsparce|Weakness Policy\n|-boost|p2a: Dudunsparce|atk|2|[from] item: Weakness Policy\n|-boost|p2a: Dudunsparce|spa|2|[from] item: Weakness Policy\n|-supereffective|p2a: Dudunsparce\n|-damage|p2a: Dudunsparce|95\/100\n|-ability|p2a: Dudunsparce|Rattled|boost\n|-boost|p2a: Dudunsparce|spe|1\n|-supereffective|p2a: Dudunsparce\n|-damage|p2a: Dudunsparce|93\/100\n|-ability|p2a: Dudunsparce|Rattled|boost\n|-boost|p2a: Dudunsparce|spe|1\n|-supereffective|p2a: Dudunsparce\n|-damage|p2a: Dudunsparce|90\/100\n|-ability|p2a: Dudunsparce|Rattled|boost\n|-boost|p2a: Dudunsparce|spe|1\n|-supereffective|p2a: Dudunsparce\n|-damage|p2a: Dudunsparce|88\/100\n|-ability|p2a: Dudunsparce|Rattled|boost\n|-boost|p2a: Dudunsparce|spe|1\n|-supereffective|p2a: Dudunsparce\n|-damage|p2a: Dudunsparce|85\/100\n|-ability|p2a: Dudunsparce|Rattled|boost\n|-boost|p2a: Dudunsparce|spe|1\n|-hitcount|p2a: Dudunsparce|6\n|move|p2a: Dudunsparce|Calm Mind|p2a: Dudunsparce\n|-boost|p2a: Dudunsparce|spa|1\n|-boost|p2a: Dudunsparce|spd|1\n|move|p1b: Rillaboom|Wood Hammer|p2a: Dudunsparce\n|-damage|p2a: Dudunsparce|28\/100\n|-damage|p1b: Rillaboom|82\/100|[from] Recoil\n|move|p1a: Heatran|Heat Wave|p2a: Dudunsparce|[spread] p2a,p2b\n|-damage|p2a: Dudunsparce|10\/100\n|-damage|p2b: Maushold|46\/100\n|\n|-heal|p2a: Dudunsparce|17\/100|[from] Grassy Terrain\n|-heal|p2b: Maushold|52\/100|[from] Grassy Terrain\n|-heal|p1b: Rillaboom|89\/100|[from] Grassy Terrain\n|upkeep\n|turn|2\n|inactive|Smudge has 120 seconds left.\n|\n|t:|1698006349\n|move|p2b: Maushold|Follow Me|p2b: Maushold\n|-singleturn|p2b: Maushold|move: Follow Me\n|move|p2a: Dudunsparce|Baton Pass|p2a: Dudunsparce\n|inactive|SmeargleOnAcid has 120 seconds left.\n|\n|t:|1698006387\n|switch|p2a: Espeon|Espeon, F|100\/100|[from] Baton Pass\n|move|p1b: Rillaboom|Wood Hammer|p2b: Maushold\n|-damage|p2b: Maushold|0 fnt\n|faint|p2b: Maushold\n|-damage|p1b: Rillaboom|76\/100|[from] Recoil\n|move|p1a: Heatran|Heat Wave|p2a: Espeon\n|-damage|p2a: Espeon|51\/100\n|\n|-heal|p2a: Espeon|57\/100|[from] Grassy Terrain\n|-heal|p1b: Rillaboom|82\/100|[from] Grassy Terrain\n|upkeep\n|\n|t:|1698006407\n|switch|p2b: clubFlamingos|Flamigo, F|100\/100\n|-copyboost|p2b: clubFlamingos|p2a: Espeon|[from] ability: Costar\n|turn|3\n|j|@ryo yamada2001\n|\n|t:|1698006430\n|-terastallize|p1a: Heatran|Fairy\n|move|p2a: Espeon|Stored Power|p1b: Rillaboom\n|-damage|p1b: Rillaboom|0 fnt\n|faint|p1b: Rillaboom\n|move|p2b: clubFlamingos|Liquidation|p1a: Heatran\n|-damage|p1a: Heatran|45\/100\n|move|p1a: Heatran|Tera Blast|p2b: clubFlamingos|[anim] Tera Blast Fairy\n|-supereffective|p2b: clubFlamingos\n|-damage|p2b: clubFlamingos|17\/100\n|\n|-heal|p2a: Espeon|63\/100|[from] Grassy Terrain\n|-heal|p1a: Heatran|52\/100|[from] Grassy Terrain\n|upkeep\n|\n|t:|1698006444\n|switch|p1b: Tornadus|Tornadus, M|100\/100\n|turn|4\n|inactive|SmeargleOnAcid has 120 seconds left.\n|\n|t:|1698006460\n|move|p1b: Tornadus|Tailwind|p1b: Tornadus\n|-sidestart|p1: Smudge|move: Tailwind\n|move|p2a: Espeon|Stored Power|p1b: Tornadus\n|-damage|p1b: Tornadus|0 fnt\n|faint|p1b: Tornadus\n|move|p2b: clubFlamingos|Liquidation|p1a: Heatran\n|-damage|p1a: Heatran|3\/100\n|move|p1a: Heatran|Heat Wave|p2a: Espeon|[spread] p2a,p2b\n|-damage|p2a: Espeon|26\/100\n|-damage|p2b: clubFlamingos|0 fnt\n|-status|p2a: Espeon|brn\n|faint|p2b: clubFlamingos\n|\n|-heal|p2a: Espeon|32\/100 brn|[from] Grassy Terrain\n|-heal|p1a: Heatran|9\/100|[from] Grassy Terrain\n|-damage|p2a: Espeon|26\/100 brn|[from] brn\n|upkeep\n|\n|t:|1698006471\n|switch|p1b: Iron Bundle|Iron Bundle|100\/100\n|switch|p2b: Indeedee|Indeedee-F, F|100\/100\n|-fieldstart|move: Psychic Terrain|[from] ability: Psychic Surge|[of] p2b: Indeedee\n|-enditem|p1b: Iron Bundle|Booster Energy\n|-activate|p1b: Iron Bundle|ability: Quark Drive|[fromitem]\n|-start|p1b: Iron Bundle|quarkdrivespe\n|turn|5\n|inactive|Smudge has 120 seconds left.\n|inactive|SmeargleOnAcid has 120 seconds left.\n|\n|t:|1698006506\n|move|p2a: Espeon|Stored Power|p1b: Iron Bundle\n|-damage|p1b: Iron Bundle|0 fnt\n|faint|p1b: Iron Bundle\n|-end|p1b: Iron Bundle|Quark Drive|[silent]\n|move|p1a: Heatran|Heat Wave|p2b: Indeedee|[spread] p2a,p2b\n|-damage|p2a: Espeon|0 fnt\n|-damage|p2b: Indeedee|59\/100\n|faint|p2a: Espeon\n|move|p2b: Indeedee|Psych Up|p2: Espeon|[notarget]\n|-fail|p2b: Indeedee\n|\n|upkeep\n|\n|t:|1698006516\n|switch|p1b: Landorus|Landorus-Therian, M|100\/100\n|switch|p2a: Krookodile|Krookodile, F|100\/100\n|-ability|p1b: Landorus|Intimidate|boost\n|-unboost|p2a: Krookodile|atk|1\n|-unboost|p2b: Indeedee|atk|1\n|turn|6\n|\n|t:|1698006543\n|switch|p2a: Dudunsparce|Dudunsparce, F, tera:Ghost|17\/100\n|move|p1b: Landorus|U-turn|p2a: Dudunsparce\n|-resisted|p2a: Dudunsparce\n|-damage|p2a: Dudunsparce|3\/100\n|-ability|p2a: Dudunsparce|Rattled|boost\n|-boost|p2a: Dudunsparce|spe|1\n|\n|t:|1698006550\n|switch|p1b: Flutter Mane|Flutter Mane|100\/100|[from] U-turn\n|move|p1a: Heatran|Heat Wave|p2a: Dudunsparce|[spread] p2a,p2b\n|-damage|p2a: Dudunsparce|0 fnt\n|-damage|p2b: Indeedee|15\/100\n|-status|p2b: Indeedee|brn\n|faint|p2a: Dudunsparce\n|move|p2b: Indeedee|Dazzling Gleam|p1b: Flutter Mane|[spread] p1a,p1b\n|-damage|p1a: Heatran|0 fnt\n|-damage|p1b: Flutter Mane|84\/100\n|faint|p1a: Heatran\n|\n|-damage|p2b: Indeedee|9\/100 brn|[from] brn\n|upkeep\n|\n|t:|1698006555\n|switch|p1a: Landorus|Landorus-Therian, M|100\/100\n|switch|p2a: Krookodile|Krookodile, F|100\/100\n|-ability|p1a: Landorus|Intimidate|boost\n|-unboost|p2a: Krookodile|atk|1\n|-unboost|p2b: Indeedee|atk|1\n|turn|7\n|\n|t:|1698006569\n|move|p1b: Flutter Mane|Dazzling Gleam|p2b: Indeedee|[spread] p2a,p2b\n|-supereffective|p2a: Krookodile\n|-damage|p2a: Krookodile|4\/100\n|-damage|p2b: Indeedee|0 fnt\n|faint|p2b: Indeedee\n|move|p1a: Landorus|U-turn|p2a: Krookodile\n|-supereffective|p2a: Krookodile\n|-damage|p2a: Krookodile|0 fnt\n|faint|p2a: Krookodile\n|\n|win|Smudge\n|n|\u2606Smudge|smudge\n|n|\u2606SmeargleOnAcid|smeargleonacid\n|n| theyummybagel|theyummybagel\n|n| here to use \/data|heretousedata\n|n| ryo yamada2001|ryoyamada2001\n|l|\u2606SmeargleOnAcid\n|l| ryo yamada2001\n|l| here to use \/data\n|l| theyummybagel\n","uploadtime":1698006576,"views":16,"p1id":"smudge","p2id":"smeargleonacid","formatid":"gen9doublesou","rating":0,"private":0,"password":""}