{"id":"gen9doublesou-1978873870","p1":"vrex815","p2":"ShadedNoir","format":"[Gen 9] Doubles OU","log":"|j|\u2606vrex815\n|j|\u2606ShadedNoir\n|t:|1698605187\n|gametype|doubles\n|player|p1|vrex815|cynthia|1171\n|player|p2|ShadedNoir|olympia|1257\n|teamsize|p1|6\n|teamsize|p2|6\n|gen|9\n|tier|[Gen 9] Doubles OU\n|rated|\n|rule|Species Clause: Limit one of each Pok\u00e9mon\n|rule|OHKO Clause: OHKO moves are banned\n|rule|Evasion Moves Clause: Evasion moves are banned\n|rule|Gravity Sleep Clause: The combination of sleep-inducing moves with imperfect accuracy and Gravity or Gigantamax Orbeetle are banned\n|rule|Endless Battle Clause: Forcing endless battles is banned\n|rule|HP Percentage Mod: HP is shown in percentages\n|clearpoke\n|poke|p1|Cresselia, F|\n|poke|p1|Baxcalibur, F|\n|poke|p1|Ninetales-Alola, F|\n|poke|p1|Cloyster, F|\n|poke|p1|Sylveon, M|\n|poke|p1|Infernape, M|\n|poke|p2|Gholdengo|\n|poke|p2|Ceruledge, F|\n|poke|p2|Brambleghast, M|\n|poke|p2|Dragapult, M|\n|poke|p2|Flutter Mane|\n|poke|p2|Basculegion-F, F|\n|teampreview\n|\n|t:|1698605201\n|start\n|switch|p1a: Baxcalibur|Baxcalibur, F|100\/100\n|switch|p1b: Ninetales|Ninetales-Alola, F|100\/100\n|switch|p2a: Basculegion|Basculegion-F, F|100\/100\n|switch|p2b: Flutter Mane|Flutter Mane|100\/100\n|-weather|Snow|[from] ability: Snow Warning|[of] p1b: Ninetales\n|-enditem|p2b: Flutter Mane|Booster Energy\n|-activate|p2b: Flutter Mane|ability: Protosynthesis|[fromitem]\n|-start|p2b: Flutter Mane|protosynthesisspe\n|turn|1\n|\n|t:|1698605226\n|switch|p1a: Cresselia|Cresselia, F|100\/100\n|move|p2b: Flutter Mane|Icy Wind|p1a: Cresselia|[spread] p1a,p1b\n|-resisted|p1b: Ninetales\n|-damage|p1a: Cresselia|91\/100\n|-damage|p1b: Ninetales|94\/100\n|-unboost|p1a: Cresselia|spe|1\n|-unboost|p1b: Ninetales|spe|1\n|move|p2a: Basculegion|Head Smash|p1a: Cresselia\n|-damage|p1a: Cresselia|48\/100\n|-damage|p2a: Basculegion|75\/100|[from] Recoil\n|-damage|p2a: Basculegion|65\/100|[from] item: Life Orb\n|move|p1b: Ninetales|Aurora Veil|p1b: Ninetales\n|-sidestart|p1: vrex815|move: Aurora Veil\n|\n|-weather|Snow|[upkeep]\n|upkeep\n|turn|2\n|\n|t:|1698605244\n|switch|p2a: Brambleghast|Brambleghast, M|100\/100\n|move|p2b: Flutter Mane|Shadow Ball|p1a: Cresselia\n|-supereffective|p1a: Cresselia\n|-damage|p1a: Cresselia|11\/100\n|-unboost|p1a: Cresselia|spd|1\n|move|p1b: Ninetales|Nasty Plot|p1b: Ninetales\n|-boost|p1b: Ninetales|spa|2\n|move|p1a: Cresselia|Lunar Blessing|p1a: Cresselia|[spread] p1a,p1b\n|-heal|p1a: Cresselia|36\/100\n|-heal|p1b: Ninetales|100\/100\n|\n|-weather|Snow|[upkeep]\n|upkeep\n|turn|3\n|\n|t:|1698605262\n|move|p2b: Flutter Mane|Shadow Ball|p1a: Cresselia\n|-supereffective|p1a: Cresselia\n|-damage|p1a: Cresselia|0 fnt\n|faint|p1a: Cresselia\n|move|p2a: Brambleghast|Substitute|p2a: Brambleghast\n|-start|p2a: Brambleghast|Substitute\n|-damage|p2a: Brambleghast|76\/100\n|move|p1b: Ninetales|Nasty Plot|p1b: Ninetales\n|-boost|p1b: Ninetales|spa|2\n|\n|-weather|Snow|[upkeep]\n|upkeep\n|\n|t:|1698605272\n|switch|p1a: Cloyster|Cloyster, F|100\/100\n|turn|4\n|\n|t:|1698605279\n|move|p2b: Flutter Mane|Icy Wind|p1b: Ninetales|[spread] p1a,p1b\n|-resisted|p1a: Cloyster\n|-resisted|p1b: Ninetales\n|-damage|p1a: Cloyster|94\/100\n|-damage|p1b: Ninetales|96\/100\n|-unboost|p1a: Cloyster|spe|1\n|-unboost|p1b: Ninetales|spe|1\n|move|p2a: Brambleghast|Power Whip|p1a: Cloyster\n|-supereffective|p1a: Cloyster\n|-damage|p1a: Cloyster|51\/100\n|move|p1b: Ninetales|Baton Pass|p1b: Ninetales\n|\n|t:|1698605295\n|switch|p1b: Sylveon|Sylveon, M|100\/100|[from] Baton Pass\n|move|p1a: Cloyster|Shell Smash|p1a: Cloyster\n|-unboost|p1a: Cloyster|def|1\n|-unboost|p1a: Cloyster|spd|1\n|-boost|p1a: Cloyster|atk|2\n|-boost|p1a: Cloyster|spa|2\n|-boost|p1a: Cloyster|spe|2\n|\n|-weather|Snow|[upkeep]\n|upkeep\n|turn|5\n|\n|t:|1698605313\n|move|p2b: Flutter Mane|Shadow Ball|p1b: Sylveon\n|-damage|p1b: Sylveon|82\/100\n|move|p1a: Cloyster|Icicle Spear|p2b: Flutter Mane\n|-damage|p2b: Flutter Mane|53\/100\n|-damage|p2b: Flutter Mane|0 fnt\n|faint|p2b: Flutter Mane\n|-end|p2b: Flutter Mane|Protosynthesis|[silent]\n|-hitcount|p2: Flutter Mane|2\n|move|p2a: Brambleghast|Power Whip|p1a: Cloyster|[miss]\n|-miss|p2a: Brambleghast|p1a: Cloyster\n|move|p1b: Sylveon|Hyper Voice|p2a: Brambleghast\n|-damage|p2a: Brambleghast|0 fnt\n|faint|p2a: Brambleghast\n|\n|-weather|none\n|-heal|p1b: Sylveon|88\/100|[from] item: Leftovers\n|upkeep\n|\n|t:|1698605336\n|switch|p2b: Dragapult|Dragapult, M|100\/100\n|switch|p2a: Gholdengo|Gholdengo|100\/100\n|turn|6\n|\n|t:|1698605353\n|-terastallize|p1b: Sylveon|Fairy\n|move|p2b: Dragapult|Thunderbolt|p1a: Cloyster\n|-supereffective|p1a: Cloyster\n|-damage|p1a: Cloyster|0 fnt\n|faint|p1a: Cloyster\n|move|p2a: Gholdengo|Make It Rain|p1b: Sylveon\n|-supereffective|p1b: Sylveon\n|-damage|p1b: Sylveon|28\/100\n|-unboost|p2a: Gholdengo|spa|1\n|move|p1b: Sylveon|Hyper Voice|p2a: Gholdengo|[spread] p2a,p2b\n|-resisted|p2a: Gholdengo\n|-supereffective|p2b: Dragapult\n|-damage|p2a: Gholdengo|9\/100\n|-damage|p2b: Dragapult|0 fnt\n|faint|p2b: Dragapult\n|\n|-heal|p1b: Sylveon|34\/100|[from] item: Leftovers\n|upkeep\n|\n|t:|1698605370\n|switch|p2b: Basculegion|Basculegion-F, F|65\/100\n|switch|p1a: Baxcalibur|Baxcalibur, F|100\/100\n|turn|7\n|\n|t:|1698605379\n|switch|p2a: Ceruledge|Ceruledge, F|100\/100\n|-terastallize|p2b: Basculegion|Water\n|move|p1b: Sylveon|Protect|p1b: Sylveon\n|-singleturn|p1b: Sylveon|Protect\n|move|p1a: Baxcalibur|Glaive Rush|p2b: Basculegion\n|-damage|p2b: Basculegion|0 fnt\n|-singlemove|p1a: Baxcalibur|Glaive Rush|[silent]\n|faint|p2b: Basculegion\n|-damage|p1a: Baxcalibur|91\/100|[from] item: Life Orb\n|\n|-heal|p1b: Sylveon|40\/100|[from] item: Leftovers\n|upkeep\n|\n|t:|1698605389\n|switch|p2b: Gholdengo|Gholdengo|9\/100\n|turn|8\n|\n|t:|1698605401\n|move|p1a: Baxcalibur|Glaive Rush|p2a: Ceruledge\n|-damage|p2a: Ceruledge|0 fnt\n|-singlemove|p1a: Baxcalibur|Glaive Rush|[silent]\n|faint|p2a: Ceruledge\n|-damage|p1a: Baxcalibur|81\/100|[from] item: Life Orb\n|move|p2b: Gholdengo|Make It Rain|p1b: Sylveon|[spread] p1a,p1b\n|-supereffective|p1a: Baxcalibur\n|-supereffective|p1b: Sylveon\n|-crit|p1b: Sylveon\n|-damage|p1a: Baxcalibur|0 fnt\n|-damage|p1b: Sylveon|0 fnt\n|-unboost|p2b: Gholdengo|spa|1\n|faint|p1a: Baxcalibur\n|faint|p1b: Sylveon\n|\n|-sideend|p1: vrex815|move: Aurora Veil\n|upkeep\n|\n|t:|1698605415\n|switch|p1a: Ninetales|Ninetales-Alola, F|96\/100\n|switch|p1b: Infernape|Infernape, M|100\/100\n|-weather|Snow|[from] ability: Snow Warning|[of] p1a: Ninetales\n|turn|9\n|c|\u2606ShadedNoir|gg\n|\n|t:|1698605427\n|move|p1b: Infernape|Fake Out|p2b: Gholdengo\n|-immune|p2b: Gholdengo\n|move|p1a: Ninetales|Aurora Veil|p1a: Ninetales\n|-sidestart|p1: vrex815|move: Aurora Veil\n|move|p2b: Gholdengo|Make It Rain|p1a: Ninetales|[spread] p1a,p1b\n|-supereffective|p1a: Ninetales\n|-resisted|p1b: Infernape\n|-damage|p1a: Ninetales|15\/100\n|-damage|p1b: Infernape|83\/100\n|-unboost|p2b: Gholdengo|spa|1\n|\n|-weather|Snow|[upkeep]\n|-heal|p1b: Infernape|90\/100|[from] item: Leftovers\n|upkeep\n|turn|10\n|\n|t:|1698605449\n|move|p1a: Ninetales|Flail|p2b: Gholdengo\n|-immune|p2b: Gholdengo\n|move|p1b: Infernape|Drain Punch|p2b: Gholdengo\n|-immune|p2b: Gholdengo\n|move|p2b: Gholdengo|Shadow Ball|p1a: Ninetales\n|-damage|p1a: Ninetales|1\/100\n|-unboost|p1a: Ninetales|spd|1\n|\n|-weather|Snow|[upkeep]\n|-heal|p1b: Infernape|96\/100|[from] item: Leftovers\n|upkeep\n|turn|11\n|\n|t:|1698605473\n|move|p1b: Infernape|Protect|p1b: Infernape\n|-singleturn|p1b: Infernape|Protect\n|move|p1a: Ninetales|Flail|p2b: Gholdengo\n|-immune|p2b: Gholdengo\n|move|p2b: Gholdengo|Nasty Plot|p2b: Gholdengo\n|-boost|p2b: Gholdengo|spa|2\n|\n|-weather|Snow|[upkeep]\n|-heal|p1b: Infernape|100\/100|[from] item: Leftovers\n|upkeep\n|turn|12\n|\n|t:|1698605488\n|move|p1a: Ninetales|Flail|p2b: Gholdengo\n|-immune|p2b: Gholdengo\n|move|p1b: Infernape|Close Combat|p2b: Gholdengo\n|-immune|p2b: Gholdengo\n|move|p2b: Gholdengo|Shadow Ball|p1b: Infernape\n|-damage|p1b: Infernape|56\/100\n|-unboost|p1b: Infernape|spd|1\n|\n|-weather|Snow|[upkeep]\n|-heal|p1b: Infernape|63\/100|[from] item: Leftovers\n|upkeep\n|turn|13\n|\n|t:|1698605504\n|move|p1a: Ninetales|Baton Pass||[still]\n|-fail|p1a: Ninetales\n|move|p1b: Infernape|Drain Punch|p2b: Gholdengo\n|-immune|p2b: Gholdengo\n|move|p2b: Gholdengo|Shadow Ball|p1b: Infernape\n|-damage|p1b: Infernape|0 fnt\n|faint|p1b: Infernape\n|\n|-weather|none\n|upkeep\n|turn|14\n|\n|t:|1698605530\n|move|p1a: Ninetales|Flail|p1: Infernape|[notarget]\n|-fail|p1a: Ninetales\n|move|p2b: Gholdengo|Shadow Ball|p1a: Ninetales\n|-damage|p1a: Ninetales|0 fnt\n|faint|p1a: Ninetales\n|\n|win|ShadedNoir\n|raw|vrex815's rating: 1171 &rarr; <strong>1152<\/strong><br \/>(-19 for losing)\n|raw|ShadedNoir's rating: 1257 &rarr; <strong>1276<\/strong><br \/>(+19 for winning)\n|l|\u2606vrex815\n","uploadtime":1698605539,"views":20,"p1id":"vrex815","p2id":"shadednoir","formatid":"gen9doublesou","rating":1152,"private":0,"password":""}