{"id":"gen9doublesou-1981529956","p1":"gabvgcplayer","p2":"GhastlyPixie","format":"[Gen 9] Doubles OU","log":"|j|\u2606gabvgcplayer\n|j|\u2606GhastlyPixie\n|t:|1698913163\n|gametype|doubles\n|player|p1|gabvgcplayer|lusamine-nihilego|1390\n|player|p2|GhastlyPixie|plasmagruntf|1559\n|teamsize|p1|6\n|teamsize|p2|6\n|gen|9\n|tier|[Gen 9] Doubles OU\n|rated|\n|rule|Species Clause: Limit one of each Pok\u00e9mon\n|rule|OHKO Clause: OHKO moves are banned\n|rule|Evasion Moves Clause: Evasion moves are banned\n|rule|Gravity Sleep Clause: The combination of sleep-inducing moves with imperfect accuracy and Gravity or Gigantamax Orbeetle are banned\n|rule|Endless Battle Clause: Forcing endless battles is banned\n|rule|HP Percentage Mod: HP is shown in percentages\n|clearpoke\n|poke|p1|Indeedee-F, F|\n|poke|p1|Kingambit, M|\n|poke|p1|Chien-Pao|\n|poke|p1|Hatterene, F|\n|poke|p1|Iron Hands|\n|poke|p1|Armarouge, M|\n|poke|p2|Gothitelle, F|\n|poke|p2|Clefairy, F|\n|poke|p2|Flutter Mane|\n|poke|p2|Chien-Pao|\n|poke|p2|Ogerpon-Hearthflame, F|\n|poke|p2|Palafin, F|\n|teampreview\n|inactive|Battle timer is ON: inactive players will automatically lose when time's up. (requested by gabvgcplayer)\n|\n|t:|1698913184\n|start\n|switch|p1a: Indeedee|Indeedee-F, F, shiny|100\/100\n|switch|p1b: Armarouge|Armarouge, M, shiny|100\/100\n|switch|p2a: Flutter Mane|Flutter Mane|100\/100\n|switch|p2b: Gothitelle|Gothitelle, F|100\/100\n|-fieldstart|move: Psychic Terrain|[from] ability: Psychic Surge|[of] p1a: Indeedee\n|-item|p1a: Indeedee|Leftovers|[from] ability: Frisk|[of] p2b: Gothitelle|[identify]\n|-item|p1b: Armarouge|Life Orb|[from] ability: Frisk|[of] p2b: Gothitelle|[identify]\n|turn|1\n|\n|t:|1698913200\n|-terastallize|p2a: Flutter Mane|Fairy\n|move|p1b: Armarouge|Protect|p1b: Armarouge\n|-singleturn|p1b: Armarouge|Protect\n|move|p2a: Flutter Mane|Dazzling Gleam|p1b: Armarouge|[spread] p1a\n|-activate|p1b: Armarouge|move: Protect\n|-damage|p1a: Indeedee|44\/100\n|move|p1a: Indeedee|Trick Room|p1a: Indeedee\n|-fieldstart|move: Trick Room|[of] p1a: Indeedee\n|move|p2b: Gothitelle|Trick Room|p2b: Gothitelle\n|-fieldend|move: Trick Room\n|\n|-heal|p1a: Indeedee|50\/100|[from] item: Leftovers\n|upkeep\n|turn|2\n|\n|t:|1698913225\n|switch|p1b: Chien-Pao|Chien-Pao|100\/100\n|-ability|p1b: Chien-Pao|Sword of Ruin\n|switch|p2b: Palafin|Palafin, F|100\/100\n|move|p2a: Flutter Mane|Dazzling Gleam|p1a: Indeedee|[spread] p1a,p1b\n|-supereffective|p1b: Chien-Pao\n|-crit|p1b: Chien-Pao\n|-damage|p1a: Indeedee|0 fnt\n|-enditem|p1b: Chien-Pao|Focus Sash\n|-damage|p1b: Chien-Pao|1\/100\n|faint|p1a: Indeedee\n|\n|upkeep\n|inactive|gabvgcplayer has 120 seconds left.\n|\n|t:|1698913236\n|switch|p1a: Kingambit|Kingambit, M, shiny|100\/100\n|-activate|p1a: Kingambit|ability: Supreme Overlord\n|-start|p1a: Kingambit|fallen1|[silent]\n|turn|3\n|\n|t:|1698913246\n|-end|p2a: Flutter Mane|Protosynthesis|[silent]\n|switch|p2a: Clefairy|Clefairy, F|100\/100\n|move|p1a: Kingambit|Protect|p1a: Kingambit\n|-singleturn|p1a: Kingambit|Protect\n|move|p2b: Palafin|Jet Punch|p1b: Chien-Pao\n|-activate|p1b: Chien-Pao|move: Psychic Terrain\n|move|p1b: Chien-Pao|Icicle Crash|p2a: Clefairy\n|-damage|p2a: Clefairy|37\/100\n|\n|upkeep\n|turn|4\n|\n|t:|1698913266\n|detailschange|p2b: Palafin|Palafin-Hero, F\n|switch|p2b: Gothitelle|Gothitelle, F|100\/100\n|-item|p1a: Kingambit|Leftovers|[from] ability: Frisk|[of] p2b: Gothitelle|[identify]\n|move|p1b: Chien-Pao|Crunch|p2b: Gothitelle\n|-supereffective|p2b: Gothitelle\n|-damage|p2b: Gothitelle|0 fnt\n|faint|p2b: Gothitelle\n|move|p2a: Clefairy|Dazzling Gleam|p1a: Kingambit|[spread] p1a,p1b\n|-supereffective|p1b: Chien-Pao\n|-damage|p1a: Kingambit|84\/100\n|-damage|p1b: Chien-Pao|0 fnt\n|faint|p1b: Chien-Pao\n|move|p1a: Kingambit|Iron Head|p2a: Clefairy\n|-supereffective|p2a: Clefairy\n|-damage|p2a: Clefairy|0 fnt\n|faint|p2a: Clefairy\n|\n|-heal|p1a: Kingambit|90\/100|[from] item: Leftovers\n|upkeep\n|\n|t:|1698913286\n|switch|p1b: Iron Hands|Iron Hands, shiny|100\/100\n|switch|p2b: Palafin|Palafin-Hero, F|100\/100\n|switch|p2a: Chien-Pao|Chien-Pao|100\/100\n|-ability|p2a: Chien-Pao|Sword of Ruin\n|-activate|p2b: Palafin|ability: Zero to Hero\n|turn|5\n|\n|t:|1698913310\n|move|p2a: Chien-Pao|Protect|p2a: Chien-Pao\n|-singleturn|p2a: Chien-Pao|Protect\n|move|p1a: Kingambit|Protect|p1a: Kingambit\n|-singleturn|p1a: Kingambit|Protect\n|move|p2b: Palafin|Flip Turn|p1b: Iron Hands\n|-damage|p1b: Iron Hands|48\/100\n|\n|t:|1698913318\n|switch|p2b: Ogerpon|Ogerpon-Hearthflame, F|100\/100|[from] Flip Turn\n|-ability|p2b: Ogerpon|Mold Breaker\n|move|p1b: Iron Hands|Heavy Slam|p2a: Chien-Pao\n|-activate|p2a: Chien-Pao|move: Protect\n|\n|-heal|p1a: Kingambit|96\/100|[from] item: Leftovers\n|-fieldend|move: Psychic Terrain\n|upkeep\n|turn|6\n|\n|t:|1698913338\n|-end|p1a: Kingambit|fallen1|[silent]\n|switch|p1a: Armarouge|Armarouge, M, shiny|100\/100\n|move|p2b: Ogerpon|Follow Me|p2b: Ogerpon\n|-singleturn|p2b: Ogerpon|move: Follow Me\n|move|p2a: Chien-Pao|Sacred Sword|p1a: Armarouge\n|-resisted|p1a: Armarouge\n|-damage|p1a: Armarouge|82\/100\n|move|p1b: Iron Hands|Heavy Slam|p2b: Ogerpon\n|-resisted|p2b: Ogerpon\n|-damage|p2b: Ogerpon|59\/100\n|\n|upkeep\n|turn|7\n|\n|t:|1698913366\n|move|p1a: Armarouge|Protect|p1a: Armarouge\n|-singleturn|p1a: Armarouge|Protect\n|move|p2a: Chien-Pao|Ice Spinner|p1b: Iron Hands\n|-damage|p1b: Iron Hands|13\/100\n|move|p2b: Ogerpon|Ivy Cudgel|p1b: Iron Hands\n|-damage|p1b: Iron Hands|0 fnt\n|faint|p1b: Iron Hands\n|-end|p1b: Iron Hands|Quark Drive|[silent]\n|\n|upkeep\n|\n|t:|1698913376\n|switch|p1b: Hatterene|Hatterene, F, shiny|100\/100\n|turn|8\n|\n|t:|1698913387\n|switch|p1a: Kingambit|Kingambit, M, shiny|96\/100\n|-activate|p1a: Kingambit|ability: Supreme Overlord\n|-start|p1a: Kingambit|fallen3|[silent]\n|-terastallize|p1b: Hatterene|Fire\n|move|p2b: Ogerpon|Follow Me|p2b: Ogerpon\n|-singleturn|p2b: Ogerpon|move: Follow Me\n|move|p2a: Chien-Pao|Sucker Punch||[still]\n|-fail|p2a: Chien-Pao\n|move|p1b: Hatterene|Trick Room|p1b: Hatterene\n|-fieldstart|move: Trick Room|[of] p1b: Hatterene\n|\n|-heal|p1a: Kingambit|100\/100|[from] item: Leftovers\n|upkeep\n|turn|9\n|inactive|GhastlyPixie has 120 seconds left.\n|\n|t:|1698913425\n|move|p1a: Kingambit|Protect|p1a: Kingambit\n|-singleturn|p1a: Kingambit|Protect\n|move|p2b: Ogerpon|Spiky Shield|p2b: Ogerpon\n|-singleturn|p2b: Ogerpon|move: Protect\n|move|p2a: Chien-Pao|Protect|p2a: Chien-Pao\n|-singleturn|p2a: Chien-Pao|Protect\n|move|p1b: Hatterene|Psychic|p2b: Ogerpon\n|-activate|p2b: Ogerpon|move: Protect\n|\n|upkeep\n|turn|10\n|\n|t:|1698913442\n|-end|p1a: Kingambit|fallen3|[silent]\n|switch|p1a: Armarouge|Armarouge, M, shiny|82\/100\n|switch|p2a: Palafin|Palafin-Hero, F|100\/100\n|move|p1b: Hatterene|Psychic|p2b: Ogerpon\n|-damage|p2b: Ogerpon|0 fnt\n|faint|p2b: Ogerpon\n|\n|upkeep\n|\n|t:|1698913452\n|switch|p2b: Chien-Pao|Chien-Pao|100\/100\n|-ability|p2b: Chien-Pao|Sword of Ruin\n|turn|11\n|\n|t:|1698913471\n|switch|p1b: Kingambit|Kingambit, M, shiny|100\/100\n|-activate|p1b: Kingambit|ability: Supreme Overlord\n|-start|p1b: Kingambit|fallen3|[silent]\n|move|p2a: Palafin|Jet Punch|p1b: Kingambit\n|-damage|p1b: Kingambit|52\/100\n|move|p1a: Armarouge|Armor Cannon|p2b: Chien-Pao\n|-supereffective|p2b: Chien-Pao\n|-enditem|p2b: Chien-Pao|Focus Sash\n|-damage|p2b: Chien-Pao|1\/100\n|-unboost|p1a: Armarouge|def|1\n|-unboost|p1a: Armarouge|spd|1\n|-damage|p1a: Armarouge|72\/100|[from] item: Life Orb\n|move|p2b: Chien-Pao|Sacred Sword|p1a: Armarouge\n|-resisted|p1a: Armarouge\n|-damage|p1a: Armarouge|53\/100\n|\n|-heal|p1b: Kingambit|58\/100|[from] item: Leftovers\n|upkeep\n|turn|12\n|\n|t:|1698913491\n|move|p2b: Chien-Pao|Protect|p2b: Chien-Pao\n|-singleturn|p2b: Chien-Pao|Protect\n|move|p2a: Palafin|Jet Punch|p1b: Kingambit\n|-damage|p1b: Kingambit|6\/100\n|move|p1b: Kingambit|Iron Head|p2b: Chien-Pao\n|-activate|p2b: Chien-Pao|move: Protect\n|move|p1a: Armarouge|Energy Ball|p2a: Palafin\n|-supereffective|p2a: Palafin\n|-damage|p2a: Palafin|7\/100\n|-damage|p1a: Armarouge|43\/100|[from] item: Life Orb\n|\n|-heal|p1b: Kingambit|12\/100|[from] item: Leftovers\n|-fieldend|move: Trick Room\n|upkeep\n|turn|13\n|\n|t:|1698913513\n|move|p1a: Armarouge|Protect|p1a: Armarouge\n|-singleturn|p1a: Armarouge|Protect\n|move|p2a: Palafin|Jet Punch|p1a: Armarouge\n|-activate|p1a: Armarouge|move: Protect\n|move|p1b: Kingambit|Sucker Punch||[still]\n|-fail|p1b: Kingambit\n|move|p2b: Chien-Pao|Sacred Sword|p1b: Kingambit\n|-supereffective|p1b: Kingambit\n|-damage|p1b: Kingambit|0 fnt\n|faint|p1b: Kingambit\n|-end|p1b: Kingambit|fallen3|[silent]\n|\n|upkeep\n|\n|t:|1698913521\n|switch|p1b: Hatterene|Hatterene, F, shiny, tera:Fire|100\/100\n|turn|14\n|\n|t:|1698913531\n|move|p1a: Armarouge|Protect||[still]\n|-fail|p1a: Armarouge\n|move|p2b: Chien-Pao|Sucker Punch||[still]\n|-fail|p2b: Chien-Pao\n|move|p2a: Palafin|Jet Punch|p1b: Hatterene\n|-supereffective|p1b: Hatterene\n|-damage|p1b: Hatterene|0 fnt\n|faint|p1b: Hatterene\n|\n|upkeep\n|turn|15\n|\n|t:|1698913542\n|move|p2b: Chien-Pao|Sucker Punch|p1a: Armarouge\n|-supereffective|p1a: Armarouge\n|-damage|p1a: Armarouge|0 fnt\n|faint|p1a: Armarouge\n|\n|win|GhastlyPixie\n|raw|gabvgcplayer's rating: 1390 &rarr; <strong>1379<\/strong><br \/>(-11 for losing)\n|raw|GhastlyPixie's rating: 1559 &rarr; <strong>1570<\/strong><br \/>(+11 for winning)\n|l|\u2606gabvgcplayer\n","uploadtime":1698913549,"views":30,"p1id":"gabvgcplayer","p2id":"ghastlypixie","formatid":"gen9doublesou","rating":1379,"private":0,"password":""}