{"id":"gen9doublesou-1982585969","p1":"chaos1990","p2":"Jade Frog","format":"[Gen 9] Doubles OU","log":"|j|\u2606chaos1990\n|j|\u2606Jade Frog\n|t:|1699027663\n|gametype|doubles\n|player|p1|chaos1990|266|1030\n|player|p2|Jade Frog|kimonogirl|1073\n|teamsize|p1|6\n|teamsize|p2|6\n|gen|9\n|tier|[Gen 9] Doubles OU\n|rated|\n|rule|Species Clause: Limit one of each Pok\u00e9mon\n|rule|OHKO Clause: OHKO moves are banned\n|rule|Evasion Moves Clause: Evasion moves are banned\n|rule|Gravity Sleep Clause: The combination of sleep-inducing moves with imperfect accuracy and Gravity or Gigantamax Orbeetle are banned\n|rule|Endless Battle Clause: Forcing endless battles is banned\n|rule|HP Percentage Mod: HP is shown in percentages\n|clearpoke\n|poke|p1|Ninetales-Alola, F|\n|poke|p1|Rotom-Frost|\n|poke|p1|Glaceon, F|\n|poke|p1|Weavile, M|\n|poke|p1|Sandslash-Alola, F|\n|poke|p1|Delibird, M|\n|poke|p2|Sinistcha-Masterpiece|\n|poke|p2|Dipplin, M|\n|poke|p2|Ambipom, M|\n|poke|p2|Fezandipiti, M|\n|poke|p2|Amoonguss, F|\n|poke|p2|Lilligant-Hisui, F|\n|teampreview\n|\n|t:|1699027672\n|start\n|switch|p1a: Ninetales|Ninetales-Alola, F|100\/100\n|switch|p1b: Delibird|Delibird, M|100\/100\n|switch|p2a: Candy|Dipplin, M, shiny|100\/100\n|switch|p2b: Flora|Lilligant-Hisui, F, shiny|100\/100\n|-weather|Snow|[from] ability: Snow Warning|[of] p1a: Ninetales\n|-ability|p2a: Candy|Supersweet Syrup\n|-ability|p2a: Candy|Supersweet Syrup|boost\n|-unboost|p1a: Ninetales|evasion|1\n|-unboost|p1b: Delibird|evasion|1\n|turn|1\n|inactive|Battle timer is ON: inactive players will automatically lose when time's up. (requested by Jade Frog)\n|\n|t:|1699027697\n|move|p1a: Ninetales|Aurora Veil|p1a: Ninetales\n|-sidestart|p1: chaos1990|move: Aurora Veil\n|move|p2b: Flora|Close Combat|p1b: Delibird\n|-enditem|p1b: Delibird|Focus Sash\n|-damage|p1b: Delibird|1\/100\n|-unboost|p2b: Flora|def|1\n|-unboost|p2b: Flora|spd|1\n|move|p1b: Delibird|Spikes|p2a: Candy\n|-sidestart|p2: Jade Frog|Spikes\n|move|p2a: Candy|Infestation|p1a: Ninetales\n|-resisted|p1a: Ninetales\n|-damage|p1a: Ninetales|99\/100\n|-activate|p1a: Ninetales|move: Infestation|[of] p2a: Candy\n|\n|-weather|Snow|[upkeep]\n|-damage|p1a: Ninetales|87\/100|[from] move: Infestation|[partiallytrapped]\n|upkeep\n|turn|2\n|\n|t:|1699027709\n|move|p1a: Ninetales|Moonblast|p2b: Flora\n|-supereffective|p2b: Flora\n|-enditem|p2b: Flora|Focus Sash\n|-damage|p2b: Flora|1\/100\n|move|p2b: Flora|Poison Jab|p1a: Ninetales\n|-supereffective|p1a: Ninetales\n|-damage|p1a: Ninetales|47\/100\n|-status|p1a: Ninetales|psn\n|move|p1b: Delibird|Ice Beam|p2a: Candy\n|-supereffective|p2a: Candy\n|-damage|p2a: Candy|25\/100\n|move|p2a: Candy|Infestation|p1b: Delibird\n|-resisted|p1b: Delibird\n|-damage|p1b: Delibird|0 fnt\n|faint|p1b: Delibird\n|\n|-weather|Snow|[upkeep]\n|-damage|p1a: Ninetales|35\/100 psn|[from] psn\n|-damage|p1a: Ninetales|22\/100 psn|[from] move: Infestation|[partiallytrapped]\n|upkeep\n|\n|t:|1699027713\n|switch|p1b: Glaceon|Glaceon, F|100\/100\n|turn|3\n|\n|t:|1699027726\n|move|p1a: Ninetales|Freeze-Dry|p2b: Flora\n|-supereffective|p2b: Flora\n|-damage|p2b: Flora|0 fnt\n|faint|p2b: Flora\n|move|p1b: Glaceon|Freeze-Dry|p2a: Candy\n|-supereffective|p2a: Candy\n|-damage|p2a: Candy|0 fnt\n|faint|p2a: Candy\n|\n|-weather|Snow|[upkeep]\n|-damage|p1a: Ninetales|10\/100 psn|[from] psn\n|-end|p1a: Ninetales|Infestation|[partiallytrapped]|[silent]\n|upkeep\n|\n|t:|1699027734\n|switch|p2b: Unfezantish|Fezandipiti, M|100\/100\n|switch|p2a: Smol boi|Ambipom, M|100\/100\n|-damage|p2a: Smol boi|88\/100|[from] Spikes\n|-damage|p2b: Unfezantish|88\/100|[from] Spikes\n|turn|4\n|\n|t:|1699027743\n|move|p2a: Smol boi|Fake Out|p1b: Glaceon\n|-enditem|p2a: Smol boi|Normal Gem|[from] gem\n|-damage|p1b: Glaceon|88\/100\n|move|p1a: Ninetales|Moonblast|p2b: Unfezantish\n|-resisted|p2b: Unfezantish\n|-damage|p2b: Unfezantish|79\/100\n|-unboost|p2b: Unfezantish|spa|1\n|cant|p1b: Glaceon|flinch\n|move|p2b: Unfezantish|Dazzling Gleam|p1b: Glaceon|[spread] p1a,p1b\n|-damage|p1a: Ninetales|3\/100 psn\n|-damage|p1b: Glaceon|78\/100\n|\n|-weather|Snow|[upkeep]\n|-damage|p1a: Ninetales|0 fnt|[from] psn\n|faint|p1a: Ninetales\n|upkeep\n|\n|t:|1699027756\n|switch|p1a: Weavile|Weavile, M|100\/100\n|-ability|p1a: Weavile|Pressure\n|turn|5\n|\n|t:|1699027771\n|move|p1a: Weavile|Knock Off|p2a: Smol boi\n|-damage|p2a: Smol boi|30\/100\n|move|p2a: Smol boi|Acrobatics|p1b: Glaceon\n|-damage|p1b: Glaceon|61\/100\n|move|p1b: Glaceon|Ice Beam|p2b: Unfezantish\n|-damage|p2b: Unfezantish|40\/100\n|-status|p2b: Unfezantish|frz\n|-curestatus|p2b: Unfezantish|frz|[msg]\n|move|p2b: Unfezantish|Dazzling Gleam|p1a: Weavile|[spread] p1a,p1b\n|-supereffective|p1a: Weavile\n|-damage|p1a: Weavile|79\/100\n|-damage|p1b: Glaceon|52\/100\n|\n|-weather|none\n|-heal|p1a: Weavile|85\/100|[from] item: Leftovers\n|upkeep\n|turn|6\n|-message|Jade Frog forfeited.\n|\n|win|chaos1990\n|raw|chaos1990's rating: 1030 &rarr; <strong>1070<\/strong><br \/>(+40 for winning)\n|raw|Jade Frog's rating: 1073 &rarr; <strong>1049<\/strong><br \/>(-24 for losing)\n","uploadtime":1699027779,"views":14,"p1id":"chaos1990","p2id":"jadefrog","formatid":"gen9doublesou","rating":1049,"private":0,"password":""}