{"id":"gen9doublesou-2000112854","p1":"Whiterrr","p2":"kupkoko","format":"[Gen 9] Doubles OU","log":"|j|\u2606Whiterrr\n|j|\u2606kupkoko\n|t:|1701157135\n|gametype|doubles\n|player|p1|Whiterrr|n|1248\n|player|p2|kupkoko|hoopster|1262\n|teamsize|p1|6\n|teamsize|p2|6\n|gen|9\n|tier|[Gen 9] Doubles OU\n|rated|\n|rule|Species Clause: Limit one of each Pok\u00e9mon\n|rule|OHKO Clause: OHKO moves are banned\n|rule|Evasion Moves Clause: Evasion moves are banned\n|rule|Gravity Sleep Clause: The combination of sleep-inducing moves with imperfect accuracy and Gravity or Gigantamax Orbeetle are banned\n|rule|Endless Battle Clause: Forcing endless battles is banned\n|rule|HP Percentage Mod: HP is shown in percentages\n|clearpoke\n|poke|p1|Golem-Alola, F|\n|poke|p1|Kingambit, F|\n|poke|p1|Houndstone, F|\n|poke|p1|Toxapex, M|\n|poke|p1|Cloyster, M|\n|poke|p1|Indeedee-F, F|\n|poke|p2|Sinistcha|\n|poke|p2|Pelipper, F|\n|poke|p2|Volcanion|\n|poke|p2|Tornadus, M|\n|poke|p2|Ogerpon-Wellspring, F|\n|poke|p2|Empoleon, F|\n|teampreview\n|inactive|Battle timer is ON: inactive players will automatically lose when time's up. (requested by kupkoko)\n|inactive|Whiterrr also wants the timer to be on.\n|\n|t:|1701157149\n|start\n|switch|p1a: Golem|Golem-Alola, F|100\/100\n|switch|p1b: Toxapex|Toxapex, M|100\/100\n|switch|p2a: Tornadus|Tornadus, M|100\/100\n|switch|p2b: Pelipper|Pelipper, F|100\/100\n|-weather|RainDance|[from] ability: Drizzle|[of] p2b: Pelipper\n|turn|1\n|\n|t:|1701157174\n|move|p2b: Pelipper|Wide Guard|p2b: Pelipper\n|-singleturn|p2b: Pelipper|Wide Guard\n|move|p2a: Tornadus|Taunt|p1b: Toxapex\n|-start|p1b: Toxapex|move: Taunt\n|move|p1a: Golem|Stealth Rock|p2a: Tornadus\n|-sidestart|p2: kupkoko|move: Stealth Rock\n|cant|p1b: Toxapex|move: Taunt|Toxic Spikes\n|\n|-weather|RainDance|[upkeep]\n|upkeep\n|turn|2\n|inactive|kupkoko has 120 seconds left.\n|\n|t:|1701157213\n|move|p2a: Tornadus|Taunt|p1a: Golem\n|-start|p1a: Golem|move: Taunt\n|move|p2b: Pelipper|Surf|p1b: Toxapex|[spread] p2a,p1a,p1b\n|-supereffective|p1a: Golem\n|-resisted|p1b: Toxapex\n|-crit|p1b: Toxapex\n|-damage|p2a: Tornadus|53\/100\n|-damage|p1a: Golem|16\/100\n|-damage|p1b: Toxapex|79\/100\n|cant|p1a: Golem|move: Taunt|Thunder Wave\n|move|p1b: Toxapex|Poison Jab|p2a: Tornadus\n|-damage|p2a: Tornadus|23\/100\n|\n|-weather|RainDance|[upkeep]\n|-heal|p2a: Tornadus|29\/100|[from] item: Leftovers\n|-heal|p1b: Toxapex|85\/100|[from] item: Black Sludge\n|upkeep\n|turn|3\n|inactive|kupkoko has 120 seconds left.\n|inactive|Whiterrr has 120 seconds left.\n|-enditem|p1a: Golem|Custap Berry|[eat]\n|-activate|p1a: Golem|item: Custap Berry|[consumed]\n|\n|t:|1701157263\n|switch|p2a: Volcanion|Volcanion|100\/100\n|-damage|p2a: Volcanion|76\/100|[from] Stealth Rock\n|move|p1a: Golem|Explosion|p2b: Pelipper|[spread] p1b,p2a,p2b\n|-supereffective|p1b: Toxapex\n|-supereffective|p2a: Volcanion\n|-crit|p2a: Volcanion\n|-supereffective|p2b: Pelipper\n|-damage|p1b: Toxapex|0 fnt\n|-damage|p2a: Volcanion|0 fnt\n|-damage|p2b: Pelipper|0 fnt\n|faint|p1a: Golem\n|faint|p1b: Toxapex\n|faint|p2a: Volcanion\n|faint|p2b: Pelipper\n|\n|-weather|RainDance|[upkeep]\n|upkeep\n|inactive|Whiterrr has 120 seconds left.\n|inactive|kupkoko has 90 seconds left.\n|inactive|Whiterrr has 90 seconds left.\n|\n|t:|1701157322\n|switch|p2a: Tornadus|Tornadus, M|29\/100\n|switch|p2b: Sinistcha|Sinistcha|100\/100\n|switch|p1a: Indeedee|Indeedee-F, F|100\/100\n|switch|p1b: Cloyster|Cloyster, M|100\/100\n|-damage|p2a: Tornadus|4\/100|[from] Stealth Rock\n|-fieldstart|move: Psychic Terrain|[from] ability: Psychic Surge|[of] p1a: Indeedee\n|-damage|p2b: Sinistcha|88\/100|[from] Stealth Rock\n|-heal|p2a: Tornadus|29\/100|[from] ability: Hospitality|[of] p2b: Sinistcha\n|turn|4\n|inactive|kupkoko has 90 seconds left.\n|\n|t:|1701157339\n|move|p1a: Indeedee|Follow Me|p1a: Indeedee\n|-singleturn|p1a: Indeedee|move: Follow Me\n|move|p2a: Tornadus|Tailwind|p2a: Tornadus\n|-sidestart|p2: kupkoko|move: Tailwind\n|move|p2b: Sinistcha|Matcha Gotcha|p1a: Indeedee|[spread] p1a,p1b\n|-supereffective|p1b: Cloyster\n|-damage|p1a: Indeedee|78\/100\n|-heal|p2b: Sinistcha|99\/100|[from] drain|[of] p1a: Indeedee\n|-damage|p1b: Cloyster|7\/100\n|-heal|p2b: Sinistcha|100\/100|[from] drain|[of] p1b: Cloyster\n|-status|p1a: Indeedee|brn\n|-status|p1b: Cloyster|brn\n|move|p1b: Cloyster|Shell Smash|p1b: Cloyster\n|-unboost|p1b: Cloyster|def|1\n|-unboost|p1b: Cloyster|spd|1\n|-boost|p1b: Cloyster|atk|2\n|-boost|p1b: Cloyster|spa|2\n|-boost|p1b: Cloyster|spe|2\n|-enditem|p1b: Cloyster|White Herb\n|-clearnegativeboost|p1b: Cloyster|[silent]\n|\n|-weather|RainDance|[upkeep]\n|-heal|p2a: Tornadus|35\/100|[from] item: Leftovers\n|-damage|p1b: Cloyster|1\/100 brn|[from] brn\n|-damage|p1a: Indeedee|72\/100 brn|[from] brn\n|upkeep\n|turn|5\n|inactive|Whiterrr has 120 seconds left.\n|inactive|kupkoko has 90 seconds left.\n|\n|t:|1701157384\n|-terastallize|p2b: Sinistcha|Poison\n|move|p2b: Sinistcha|Rage Powder|p2b: Sinistcha\n|-singleturn|p2b: Sinistcha|move: Rage Powder\n|move|p2a: Tornadus|Bleakwind Storm|p1a: Indeedee|[spread] p1a,p1b\n|-damage|p1a: Indeedee|36\/100 brn\n|-damage|p1b: Cloyster|0 fnt\n|-enditem|p1a: Indeedee|Sitrus Berry|[eat]\n|-heal|p1a: Indeedee|61\/100 brn|[from] item: Sitrus Berry\n|faint|p1b: Cloyster\n|move|p1a: Indeedee|Heal Pulse|p2b: Sinistcha\n|-fail|p2b: Sinistcha|heal\n|\n|-weather|RainDance|[upkeep]\n|-heal|p2a: Tornadus|41\/100|[from] item: Leftovers\n|-damage|p1a: Indeedee|54\/100 brn|[from] brn\n|upkeep\n|inactive|Whiterrr has 90 seconds left.\n|\n|t:|1701157400\n|switch|p1b: Houndstone|Houndstone, F|100\/100\n|turn|6\n|inactive|kupkoko has 90 seconds left.\n|inactive|Whiterrr has 90 seconds left.\n|\n|t:|1701157430\n|-terastallize|p1b: Houndstone|Ghost\n|move|p1a: Indeedee|Helping Hand|p1b: Houndstone\n|-singleturn|p1b: Houndstone|Helping Hand|[of] p1a: Indeedee\n|move|p2a: Tornadus|Bleakwind Storm|p1b: Houndstone|[spread] p1a,p1b\n|-damage|p1a: Indeedee|17\/100 brn\n|-damage|p1b: Houndstone|73\/100\n|-unboost|p1a: Indeedee|spe|1\n|move|p2b: Sinistcha|Shadow Ball|p1b: Houndstone\n|-supereffective|p1b: Houndstone\n|-damage|p1b: Houndstone|28\/100\n|-unboost|p1b: Houndstone|spd|1\n|move|p1b: Houndstone|Last Respects|p2b: Sinistcha\n|-damage|p2b: Sinistcha|0 fnt\n|faint|p2b: Sinistcha\n|\n|-weather|RainDance|[upkeep]\n|-heal|p2a: Tornadus|47\/100|[from] item: Leftovers\n|-damage|p1a: Indeedee|10\/100 brn|[from] brn\n|upkeep\n|inactive|kupkoko has 90 seconds left.\n|\n|t:|1701157464\n|switch|p2b: Empoleon|Empoleon, F|100\/100\n|-damage|p2b: Empoleon|94\/100|[from] Stealth Rock\n|turn|7\n|\n|t:|1701157477\n|move|p1a: Indeedee|Protect|p1a: Indeedee\n|-singleturn|p1a: Indeedee|Protect\n|move|p2a: Tornadus|Bleakwind Storm|p1b: Houndstone|[spread] p1b\n|-activate|p1a: Indeedee|move: Protect\n|-damage|p1b: Houndstone|0 fnt\n|faint|p1b: Houndstone\n|move|p2b: Empoleon|Icy Wind|p1a: Indeedee\n|-activate|p1a: Indeedee|move: Protect\n|\n|-weather|RainDance|[upkeep]\n|-heal|p2a: Tornadus|53\/100|[from] item: Leftovers\n|-heal|p2b: Empoleon|100\/100|[from] item: Leftovers\n|-damage|p1a: Indeedee|4\/100 brn|[from] brn\n|-sideend|p2: kupkoko|move: Tailwind\n|upkeep\n|\n|t:|1701157483\n|switch|p1b: Kingambit|Kingambit, F|100\/100\n|-activate|p1b: Kingambit|ability: Supreme Overlord\n|-start|p1b: Kingambit|fallen4|[silent]\n|turn|8\n|inactive|Whiterrr has 120 seconds left.\n|\n|t:|1701157517\n|move|p1a: Indeedee|Helping Hand|p1b: Kingambit\n|-singleturn|p1b: Kingambit|Helping Hand|[of] p1a: Indeedee\n|move|p2a: Tornadus|Tailwind|p2a: Tornadus\n|-sidestart|p2: kupkoko|move: Tailwind\n|move|p2b: Empoleon|Yawn|p1b: Kingambit\n|-start|p1b: Kingambit|move: Yawn|[of] p2b: Empoleon\n|move|p1b: Kingambit|Kowtow Cleave|p2b: Empoleon\n|-damage|p2b: Empoleon|13\/100\n|\n|-weather|none\n|-heal|p2a: Tornadus|59\/100|[from] item: Leftovers\n|-heal|p2b: Empoleon|19\/100|[from] item: Leftovers\n|-damage|p1a: Indeedee|0 fnt|[from] brn\n|faint|p1a: Indeedee\n|-fieldend|move: Psychic Terrain\n|upkeep\n|turn|9\n|inactive|Whiterrr has 120 seconds left.\n|inactive|kupkoko has 90 seconds left.\n|\n|t:|1701157548\n|move|p2a: Tornadus|Taunt|p1b: Kingambit\n|-hint|Since gen 7, Dark is immune to Prankster moves.\n|-immune|p1b: Kingambit\n|move|p2b: Empoleon|Icy Wind|p1b: Kingambit\n|-resisted|p1b: Kingambit\n|-damage|p1b: Kingambit|96\/100\n|-unboost|p1b: Kingambit|spe|1\n|move|p1b: Kingambit|Kowtow Cleave|p2a: Tornadus\n|-damage|p2a: Tornadus|0 fnt\n|faint|p2a: Tornadus\n|\n|-heal|p2b: Empoleon|25\/100|[from] item: Leftovers\n|-end|p1b: Kingambit|move: Yawn|[silent]\n|-status|p1b: Kingambit|slp\n|upkeep\n|inactive|kupkoko has 90 seconds left.\n|\n|t:|1701157559\n|switch|p2a: Ogerpon|Ogerpon-Wellspring, F|100\/100\n|-damage|p2a: Ogerpon|88\/100|[from] Stealth Rock\n|turn|10\n|\n|t:|1701157567\n|move|p2a: Ogerpon|Swords Dance|p2a: Ogerpon\n|-boost|p2a: Ogerpon|atk|2\n|move|p2b: Empoleon|Surf|p1b: Kingambit|[spread] p1b\n|-heal|p2a: Ogerpon|100\/100|[from] ability: Water Absorb|[of] p2b: Empoleon\n|-damage|p1b: Kingambit|78\/100 slp\n|cant|p1b: Kingambit|slp\n|\n|-heal|p2b: Empoleon|31\/100|[from] item: Leftovers\n|upkeep\n|turn|11\n|\n|t:|1701157577\n|move|p2a: Ogerpon|Ivy Cudgel|p1b: Kingambit|[anim] Ivy Cudgel Water\n|-damage|p1b: Kingambit|0 fnt\n|faint|p1b: Kingambit\n|-end|p1b: Kingambit|fallen4|[silent]\n|\n|win|kupkoko\n|raw|Whiterrr's rating: 1274 &rarr; <strong>1248<\/strong><br \/>(-26 for losing)\n|raw|kupkoko's rating: 1262 &rarr; <strong>1288<\/strong><br \/>(+26 for winning)\n|l|\u2606Whiterrr\n","uploadtime":1701157583,"views":7,"p1id":"whiterrr","p2id":"kupkoko","formatid":"gen9doublesou","rating":1248,"private":0,"password":""}