{"id":"gen9doublesou-1974999963","p1":"Levelup_yaman","p2":"nessajade","format":"[Gen 9] Doubles OU","log":"|j|\u2606Levelup_yaman\n|j|\u2606nessajade\n|t:|1698153697\n|gametype|doubles\n|player|p1|Levelup_yaman|265|1185\n|player|p2|nessajade|clair|1151\n|teamsize|p1|6\n|teamsize|p2|6\n|gen|9\n|tier|[Gen 9] Doubles OU\n|rated|\n|rule|Species Clause: Limit one of each Pok\u00e9mon\n|rule|OHKO Clause: OHKO moves are banned\n|rule|Evasion Moves Clause: Evasion moves are banned\n|rule|Gravity Sleep Clause: The combination of sleep-inducing moves with imperfect accuracy and Gravity or Gigantamax Orbeetle are banned\n|rule|Endless Battle Clause: Forcing endless battles is banned\n|rule|HP Percentage Mod: HP is shown in percentages\n|clearpoke\n|poke|p1|Goodra-Hisui, M|\n|poke|p1|Typhlosion-Hisui, F|\n|poke|p1|Electrode-Hisui|\n|poke|p1|Braviary-Hisui, M|\n|poke|p1|Avalugg-Hisui, F|\n|poke|p1|Sneasler, M|\n|poke|p2|Armarouge, M|\n|poke|p2|Lilligant, F|\n|poke|p2|Torkoal, M|\n|poke|p2|Veluza, F|\n|poke|p2|Amoonguss, M|\n|poke|p2|Flutter Mane|\n|teampreview\n|inactive|Battle timer is ON: inactive players will automatically lose when time's up. (requested by Levelup_yaman)\n|inactive|Levelup_yaman has 120 seconds left.\n|inactive|Levelup_yaman has 90 seconds left.\n|\n|t:|1698153775\n|start\n|switch|p1a: Sneasler|Sneasler, M|100\/100\n|switch|p1b: Braviary|Braviary-Hisui, M|100\/100\n|switch|p2a: Amoonguss|Amoonguss, M|100\/100\n|switch|p2b: Veluza|Veluza, F|100\/100\n|-item|p1a: Sneasler|Air Balloon\n|turn|1\n|\n|t:|1698153797\n|move|p1b: Braviary|Esper Wing|p2a: Amoonguss\n|-supereffective|p2a: Amoonguss\n|-damage|p2a: Amoonguss|30\/100\n|-boost|p1b: Braviary|spe|1\n|move|p1a: Sneasler|Night Slash|p2b: Veluza\n|-supereffective|p2b: Veluza\n|-damage|p2b: Veluza|32\/100\n|-enditem|p2b: Veluza|Sitrus Berry|[eat]\n|-heal|p2b: Veluza|57\/100|[from] item: Sitrus Berry\n|move|p2b: Veluza|Fillet Away|p2b: Veluza\n|-boost|p2b: Veluza|atk|2\n|-boost|p2b: Veluza|spa|2\n|-boost|p2b: Veluza|spe|2\n|-damage|p2b: Veluza|7\/100\n|move|p2a: Amoonguss|Spore|p1a: Sneasler\n|-status|p1a: Sneasler|slp|[from] move: Spore\n|\n|-heal|p2a: Amoonguss|36\/100|[from] item: Leftovers\n|upkeep\n|turn|2\n|inactive|nessajade has 120 seconds left.\n|\n|t:|1698153832\n|move|p1b: Braviary|Esper Wing|p2a: Amoonguss\n|-supereffective|p2a: Amoonguss\n|-damage|p2a: Amoonguss|0 fnt\n|-boost|p1b: Braviary|spe|1\n|faint|p2a: Amoonguss\n|move|p2b: Veluza|Aqua Cutter|p1b: Braviary\n|-damage|p1b: Braviary|0 fnt\n|faint|p1b: Braviary\n|cant|p1a: Sneasler|slp\n|\n|upkeep\n|\n|t:|1698153846\n|switch|p1b: Electrode|Electrode-Hisui|100\/100\n|switch|p2a: Torkoal|Torkoal, M|100\/100\n|-weather|SunnyDay|[from] ability: Drought|[of] p2a: Torkoal\n|turn|3\n|\n|t:|1698153856\n|move|p2b: Veluza|Psycho Cut|p1b: Electrode\n|-damage|p1b: Electrode|0 fnt\n|faint|p1b: Electrode\n|-curestatus|p1a: Sneasler|slp|[msg]\n|move|p1a: Sneasler|Close Combat|p2a: Torkoal\n|-damage|p2a: Torkoal|42\/100\n|-unboost|p1a: Sneasler|def|1\n|-unboost|p1a: Sneasler|spd|1\n|move|p2a: Torkoal|Ancient Power|p1a: Sneasler\n|-resisted|p1a: Sneasler\n|-damage|p1a: Sneasler|86\/100\n|-enditem|p1a: Sneasler|Air Balloon\n|\n|-weather|SunnyDay|[upkeep]\n|upkeep\n|\n|t:|1698153864\n|switch|p1b: Avalugg|Avalugg-Hisui, F|100\/100\n|turn|4\n|\n|t:|1698153879\n|move|p1a: Sneasler|Dire Claw|p2b: Veluza\n|-damage|p2b: Veluza|0 fnt\n|faint|p2b: Veluza\n|move|p1b: Avalugg|High Horsepower|p2a: Torkoal\n|-supereffective|p2a: Torkoal\n|-damage|p2a: Torkoal|0 fnt\n|faint|p2a: Torkoal\n|\n|-weather|SunnyDay|[upkeep]\n|upkeep\n|\n|t:|1698153887\n|switch|p2b: Lilligant|Lilligant, F, shiny|100\/100\n|switch|p2a: Flutter Mane|Flutter Mane, shiny|100\/100\n|-activate|p2a: Flutter Mane|ability: Protosynthesis\n|-start|p2a: Flutter Mane|protosynthesisspe\n|turn|5\n|\n|t:|1698153906\n|move|p1a: Sneasler|Dire Claw|p2a: Flutter Mane\n|-damage|p2a: Flutter Mane|0 fnt\n|faint|p2a: Flutter Mane\n|-end|p2a: Flutter Mane|Protosynthesis|[silent]\n|move|p2b: Lilligant|Giga Drain|p1b: Avalugg\n|-supereffective|p1b: Avalugg\n|-ability|p1b: Avalugg|Sturdy\n|-damage|p1b: Avalugg|1\/100\n|-enditem|p1b: Avalugg|Weakness Policy\n|-boost|p1b: Avalugg|atk|2|[from] item: Weakness Policy\n|-boost|p1b: Avalugg|spa|2|[from] item: Weakness Policy\n|move|p1b: Avalugg|Mountain Gale|p2b: Lilligant\n|-supereffective|p2b: Lilligant\n|-damage|p2b: Lilligant|0 fnt\n|faint|p2b: Lilligant\n|\n|-weather|SunnyDay|[upkeep]\n|upkeep\n|\n|t:|1698153913\n|switch|p2b: Armarouge|Armarouge, M|100\/100\n|turn|6\n|\n|t:|1698153927\n|-terastallize|p1a: Sneasler|Dark\n|-terastallize|p2b: Armarouge|Fighting\n|move|p1a: Sneasler|Night Slash|p2b: Armarouge\n|-resisted|p2b: Armarouge\n|-damage|p2b: Armarouge|83\/100\n|move|p2b: Armarouge|Expanding Force|p1a: Sneasler\n|-immune|p1a: Sneasler\n|move|p1b: Avalugg|High Horsepower|p2b: Armarouge\n|-damage|p2b: Armarouge|19\/100\n|\n|-weather|SunnyDay|[upkeep]\n|-heal|p2b: Armarouge|25\/100|[from] item: Leftovers\n|upkeep\n|turn|7\n|-message|nessajade forfeited.\n|\n|win|Levelup_yaman\n|raw|Levelup_yaman's rating: 1185 &rarr; <strong>1208<\/strong><br \/>(+23 for winning)\n|raw|nessajade's rating: 1151 &rarr; <strong>1128<\/strong><br \/>(-23 for losing)\n|l|\u2606nessajade\n","uploadtime":1698153939,"views":26,"p1id":"levelupyaman","p2id":"nessajade","formatid":"gen9doublesou","rating":1128,"private":0,"password":""}