{"id":"gen9doublesou-1969690611","p1":"PabloGamerX7948","p2":"StalinRiseAgain","format":"[Gen 9] Doubles OU","log":"|j|\u2606PabloGamerX7948\n|j|\u2606StalinRiseAgain\n|t:|1697557970\n|gametype|doubles\n|player|p1|PabloGamerX7948|102|1324\n|player|p2|StalinRiseAgain|drayden|1624\n|teamsize|p1|6\n|teamsize|p2|6\n|gen|9\n|tier|[Gen 9] Doubles OU\n|rated|\n|rule|Species Clause: Limit one of each Pok\u00e9mon\n|rule|OHKO Clause: OHKO moves are banned\n|rule|Evasion Moves Clause: Evasion moves are banned\n|rule|Gravity Sleep Clause: The combination of sleep-inducing moves with imperfect accuracy and Gravity or Gigantamax Orbeetle are banned\n|rule|Endless Battle Clause: Forcing endless battles is banned\n|rule|HP Percentage Mod: HP is shown in percentages\n|clearpoke\n|poke|p1|Indeedee-F, F|\n|poke|p1|Armarouge, F|\n|poke|p1|Torkoal, F|\n|poke|p1|Great Tusk|\n|poke|p1|Chi-Yu|\n|poke|p1|Flutter Mane|\n|poke|p2|Weezing, F|\n|poke|p2|Slaking, M|\n|poke|p2|Basculegion-F, F|\n|poke|p2|Armarouge, M|\n|poke|p2|Chien-Pao|\n|poke|p2|Indeedee-F, F|\n|teampreview\n|inactive|Battle timer is ON: inactive players will automatically lose when time's up. (requested by PabloGamerX7948)\n|\n|t:|1697557991\n|start\n|switch|p1a: Chi-Yu|Chi-Yu|100\/100\n|switch|p1b: Great Tusk|Great Tusk|100\/100\n|switch|p2a: Chien-Pao|Chien-Pao|100\/100\n|switch|p2b: Sleezy|Weezing, F|100\/100\n|-ability|p2b: Sleezy|Neutralizing Gas\n|turn|1\n|\n|t:|1697558005\n|move|p2a: Chien-Pao|Protect|p2a: Chien-Pao\n|-singleturn|p2a: Chien-Pao|Protect\n|move|p2b: Sleezy|Protect|p2b: Sleezy\n|-singleturn|p2b: Sleezy|Protect\n|move|p1a: Chi-Yu|Heat Wave|p2a: Chien-Pao|[spread] \n|-activate|p2a: Chien-Pao|move: Protect\n|-activate|p2b: Sleezy|move: Protect\n|move|p1b: Great Tusk|Headlong Rush|p2b: Sleezy\n|-activate|p2b: Sleezy|move: Protect\n|\n|upkeep\n|turn|2\n|j| Marreant\n|\n|t:|1697558024\n|-end|p1b: Great Tusk|Protosynthesis|[silent]\n|switch|p1b: Torkoal|Torkoal, F|100\/100\n|-terastallize|p2b: Sleezy|Flying\n|move|p2a: Chien-Pao|Sacred Sword|p1a: Chi-Yu\n|-supereffective|p1a: Chi-Yu\n|-damage|p1a: Chi-Yu|1\/100\n|move|p1a: Chi-Yu|Heat Wave|p2b: Sleezy|[spread] p2a,p2b\n|-supereffective|p2a: Chien-Pao\n|-enditem|p2a: Chien-Pao|Focus Sash\n|-damage|p2a: Chien-Pao|1\/100\n|-damage|p2b: Sleezy|42\/100\n|-damage|p1a: Chi-Yu|0 fnt|[from] item: Life Orb\n|faint|p1a: Chi-Yu\n|move|p2b: Sleezy|Will-O-Wisp|p1b: Torkoal\n|-immune|p1b: Torkoal\n|\n|-heal|p2b: Sleezy|48\/100|[from] item: Leftovers\n|upkeep\n|inactive|PabloGamerX7948 has 120 seconds left.\n|\n|t:|1697558062\n|switch|p1a: Flutter Mane|Flutter Mane|100\/100\n|-enditem|p1a: Flutter Mane|Booster Energy\n|-activate|p1a: Flutter Mane|ability: Protosynthesis|[fromitem]\n|-start|p1a: Flutter Mane|protosynthesisspe\n|turn|3\n|\n|t:|1697558091\n|move|p2b: Sleezy|Protect|p2b: Sleezy\n|-singleturn|p2b: Sleezy|Protect\n|move|p1b: Torkoal|Protect|p1b: Torkoal\n|-singleturn|p1b: Torkoal|Protect\n|move|p1a: Flutter Mane|Dazzling Gleam|p2a: Chien-Pao|[spread] p2a\n|-activate|p2b: Sleezy|move: Protect\n|-supereffective|p2a: Chien-Pao\n|-damage|p2a: Chien-Pao|0 fnt\n|faint|p2a: Chien-Pao\n|\n|-heal|p2b: Sleezy|54\/100|[from] item: Leftovers\n|upkeep\n|inactive|StalinRiseAgain has 120 seconds left.\n|\n|t:|1697558101\n|switch|p2a: Basculegion|Basculegion-F, F, shiny|100\/100\n|turn|4\n|\n|t:|1697558118\n|switch|p1b: Indeedee|Indeedee-F, F|100\/100\n|move|p1a: Flutter Mane|Shadow Ball|p2a: Basculegion\n|-supereffective|p2a: Basculegion\n|-damage|p2a: Basculegion|12\/100\n|move|p2a: Basculegion|Wave Crash|p1a: Flutter Mane\n|-damage|p1a: Flutter Mane|36\/100\n|-damage|p2a: Basculegion|0 fnt|[from] Recoil\n|faint|p2a: Basculegion\n|move|p2b: Sleezy|Taunt|p1b: Indeedee\n|-start|p1b: Indeedee|move: Taunt\n|\n|-heal|p2b: Sleezy|60\/100|[from] item: Leftovers\n|upkeep\n|\n|t:|1697558132\n|switch|p2a: Blue|Slaking, M|100\/100\n|turn|5\n|\n|t:|1697558143\n|move|p1a: Flutter Mane|Protect|p1a: Flutter Mane\n|-singleturn|p1a: Flutter Mane|Protect\n|move|p2b: Sleezy|Protect|p2b: Sleezy\n|-singleturn|p2b: Sleezy|Protect\n|move|p2a: Blue|Earthquake|p1b: Indeedee|[spread] p1b\n|-activate|p2b: Sleezy|move: Protect\n|-activate|p1a: Flutter Mane|move: Protect\n|-damage|p1b: Indeedee|67\/100\n|move|p1b: Indeedee|Psychic|p2b: Sleezy\n|-activate|p2b: Sleezy|move: Protect\n|\n|-heal|p2b: Sleezy|66\/100|[from] item: Leftovers\n|upkeep\n|turn|6\n|\n|t:|1697558166\n|switch|p2a: Armarouge|Armarouge, M|100\/100\n|-end|p2b: Sleezy|ability: Neutralizing Gas\n|-fieldstart|move: Psychic Terrain|[from] ability: Psychic Surge|[of] p1b: Indeedee\n|switch|p2b: Indeedee|Indeedee-F, F|100\/100\n|-enditem|p2b: Indeedee|Psychic Seed\n|-boost|p2b: Indeedee|spd|1|[from] item: Psychic Seed\n|move|p1a: Flutter Mane|Moonblast|p2b: Indeedee\n|-damage|p2b: Indeedee|81\/100\n|-unboost|p2b: Indeedee|spa|1\n|move|p1b: Indeedee|Psychic|p2b: Indeedee\n|-resisted|p2b: Indeedee\n|-damage|p2b: Indeedee|73\/100\n|\n|-end|p1b: Indeedee|move: Taunt\n|upkeep\n|turn|7\n|\n|t:|1697558194\n|-end|p1a: Flutter Mane|Protosynthesis|[silent]\n|switch|p1a: Great Tusk|Great Tusk|100\/100\n|switch|p1b: Armarouge|Armarouge, F|100\/100\n|move|p2b: Indeedee|Follow Me|p2b: Indeedee\n|-singleturn|p2b: Indeedee|move: Follow Me\n|move|p2a: Armarouge|Expanding Force|p1b: Armarouge|[spread] p1a,p1b\n|-supereffective|p1a: Great Tusk\n|-resisted|p1b: Armarouge\n|-damage|p1a: Great Tusk|15\/100\n|-damage|p1b: Armarouge|64\/100\n|\n|upkeep\n|turn|8\n|\n|t:|1697558214\n|move|p2b: Indeedee|Follow Me|p2b: Indeedee\n|-singleturn|p2b: Indeedee|move: Follow Me\n|move|p1a: Great Tusk|Headlong Rush|p2b: Indeedee\n|-damage|p2b: Indeedee|0 fnt\n|-unboost|p1a: Great Tusk|def|1\n|-unboost|p1a: Great Tusk|spd|1\n|faint|p2b: Indeedee\n|move|p2a: Armarouge|Expanding Force|p1b: Armarouge|[spread] p1a,p1b\n|-supereffective|p1a: Great Tusk\n|-resisted|p1b: Armarouge\n|-damage|p1a: Great Tusk|0 fnt\n|-damage|p1b: Armarouge|28\/100\n|faint|p1a: Great Tusk\n|-end|p1a: Great Tusk|Protosynthesis|[silent]\n|move|p1b: Armarouge|Trick Room|p1b: Armarouge\n|-fieldstart|move: Trick Room|[of] p1b: Armarouge\n|\n|upkeep\n|\n|t:|1697558227\n|switch|p2b: Sleezy|Weezing, F, tera:Flying|66\/100\n|switch|p1a: Torkoal|Torkoal, F|100\/100\n|-ability|p2b: Sleezy|Neutralizing Gas\n|turn|9\n|\n|t:|1697558236\n|move|p2b: Sleezy|Protect|p2b: Sleezy\n|-singleturn|p2b: Sleezy|Protect\n|move|p1a: Torkoal|Earth Power|p2a: Armarouge\n|-supereffective|p2a: Armarouge\n|-damage|p2a: Armarouge|41\/100\n|-enditem|p2a: Armarouge|Weakness Policy\n|-boost|p2a: Armarouge|atk|2|[from] item: Weakness Policy\n|-boost|p2a: Armarouge|spa|2|[from] item: Weakness Policy\n|move|p1b: Armarouge|Expanding Force|p2b: Sleezy|[spread] p2a\n|-activate|p2b: Sleezy|move: Protect\n|-resisted|p2a: Armarouge\n|-damage|p2a: Armarouge|0 fnt\n|faint|p2a: Armarouge\n|-damage|p1b: Armarouge|18\/100|[from] item: Life Orb\n|\n|-heal|p2b: Sleezy|72\/100|[from] item: Leftovers\n|upkeep\n|\n|t:|1697558249\n|switch|p2a: Blue|Slaking, M|100\/100\n|turn|10\n|\n|t:|1697558255\n|move|p1a: Torkoal|Protect|p1a: Torkoal\n|-singleturn|p1a: Torkoal|Protect\n|move|p1b: Armarouge|Protect|p1b: Armarouge\n|-singleturn|p1b: Armarouge|Protect\n|move|p2b: Sleezy|Protect|p2b: Sleezy\n|-singleturn|p2b: Sleezy|Protect\n|move|p2a: Blue|Earthquake|p1b: Armarouge|[spread] \n|-activate|p2b: Sleezy|move: Protect\n|-activate|p1a: Torkoal|move: Protect\n|-activate|p1b: Armarouge|move: Protect\n|\n|-heal|p2b: Sleezy|78\/100|[from] item: Leftovers\n|-fieldend|move: Psychic Terrain\n|upkeep\n|turn|11\n|\n|t:|1697558275\n|move|p2b: Sleezy|Protect||[still]\n|-fail|p2b: Sleezy\n|move|p1a: Torkoal|Eruption|p2b: Sleezy|[spread] p2a,p2b\n|-damage|p2a: Blue|47\/100\n|-damage|p2b: Sleezy|9\/100\n|move|p1b: Armarouge|Heat Wave|p2a: Blue|[spread] p2a,p2b\n|-damage|p2a: Blue|0 fnt\n|-damage|p2b: Sleezy|0 fnt\n|faint|p2a: Blue\n|faint|p2b: Sleezy\n|-end|p2b: Sleezy|ability: Neutralizing Gas\n|-weather|SunnyDay|[from] ability: Drought|[of] p1a: Torkoal\n|-damage|p1b: Armarouge|9\/100|[from] item: Life Orb\n|\n|win|PabloGamerX7948\n|raw|PabloGamerX7948's rating: 1324 &rarr; <strong>1358<\/strong><br \/>(+34 for winning)\n|raw|StalinRiseAgain's rating: 1624 &rarr; <strong>1590<\/strong><br \/>(-34 for losing)\n|l|\u2606StalinRiseAgain\n","uploadtime":1697558310,"views":16,"p1id":"pablogamerx7948","p2id":"stalinriseagain","formatid":"gen9doublesou","rating":1358,"private":0,"password":""}