{"id":"gen9doublesou-1968310558","p1":"DOUFB Love Live!","p2":"abhaymanu.97","format":"[Gen 9] Doubles OU","log":"|html|<div class=\"broadcast-blue\"><strong>[Gen 9] Doubles OU is currently suspecting Basculegion & Flutter Mane! For information on how to participate check out the <a href=\"https:\/\/www.smogon.com\/forums\/threads\/np-sv-dou-stage-8-double-trouble.3729153\/\">suspect thread<\/a>.<\/strong><\/div>\n|j|\u2606DOUFB Love Live!\n|j|\u2606abhaymanu.97\n|t:|1697404829\n|gametype|doubles\n|player|p1|DOUFB Love Live!|twins-gen4|1514\n|player|p2|abhaymanu.97|beauty-gen4dp|1483\n|teamsize|p1|6\n|teamsize|p2|6\n|gen|9\n|tier|[Gen 9] Doubles OU\n|rated|\n|rule|Species Clause: Limit one of each Pok\u00e9mon\n|rule|OHKO Clause: OHKO moves are banned\n|rule|Evasion Moves Clause: Evasion moves are banned\n|rule|Gravity Sleep Clause: The combination of sleep-inducing moves with imperfect accuracy and Gravity or Gigantamax Orbeetle are banned\n|rule|Endless Battle Clause: Forcing endless battles is banned\n|rule|HP Percentage Mod: HP is shown in percentages\n|clearpoke\n|poke|p1|Flutter Mane|\n|poke|p1|Basculegion, M|\n|poke|p1|Ogerpon-Hearthflame, F|\n|poke|p1|Rillaboom, F|\n|poke|p1|Dragonite, F|\n|poke|p1|Chien-Pao|\n|poke|p2|Thundurus-Therian, M|\n|poke|p2|Jolteon, M|\n|poke|p2|Chi-Yu|\n|poke|p2|Landorus-Therian, M|\n|poke|p2|Wo-Chien|\n|poke|p2|Goodra-Hisui, M|\n|teampreview\n|inactive|Battle timer is ON: inactive players will automatically lose when time's up. (requested by DOUFB Love Live!)\n|\n|t:|1697404852\n|start\n|switch|p1a: Flutter Mane|Flutter Mane|100\/100\n|switch|p1b: Chien-Pao|Chien-Pao|100\/100\n|switch|p2a: Landorus|Landorus-Therian, M|100\/100\n|switch|p2b: Thundurus|Thundurus-Therian, M|100\/100\n|-ability|p2a: Landorus|Intimidate|boost\n|-unboost|p1a: Flutter Mane|atk|1\n|-unboost|p1b: Chien-Pao|atk|1\n|-ability|p1b: Chien-Pao|Sword of Ruin\n|turn|1\n|\n|t:|1697404864\n|switch|p1b: Rillaboom|Rillaboom, F|100\/100\n|-fieldstart|move: Grassy Terrain|[from] ability: Grassy Surge|[of] p1b: Rillaboom\n|move|p2a: Landorus|Rock Slide|p1a: Flutter Mane|[spread] p1a,p1b\n|-damage|p1a: Flutter Mane|60\/100\n|-damage|p1b: Rillaboom|81\/100\n|move|p1a: Flutter Mane|Dazzling Gleam|p2b: Thundurus|[spread] p2a,p2b\n|-damage|p2a: Landorus|43\/100\n|-damage|p2b: Thundurus|60\/100\n|move|p2b: Thundurus|Discharge|p1a: Flutter Mane|[spread] p1a,p1b\n|-immune|p2a: Landorus\n|-resisted|p1b: Rillaboom\n|-damage|p1a: Flutter Mane|28\/100\n|-damage|p1b: Rillaboom|63\/100\n|-status|p1a: Flutter Mane|par\n|\n|-heal|p1b: Rillaboom|70\/100|[from] Grassy Terrain\n|-heal|p1a: Flutter Mane|34\/100 par|[from] Grassy Terrain\n|upkeep\n|turn|2\n|\n|t:|1697404875\n|move|p1b: Rillaboom|Grassy Glide|p2a: Landorus\n|-damage|p2a: Landorus|0 fnt\n|faint|p2a: Landorus\n|move|p2b: Thundurus|Discharge|p1a: Flutter Mane|[spread] p1a,p1b\n|-resisted|p1b: Rillaboom\n|-damage|p1a: Flutter Mane|0 fnt\n|-damage|p1b: Rillaboom|52\/100\n|-status|p1b: Rillaboom|par\n|faint|p1a: Flutter Mane\n|-end|p1a: Flutter Mane|Protosynthesis|[silent]\n|\n|-heal|p1b: Rillaboom|58\/100 par|[from] Grassy Terrain\n|upkeep\n|inactive|abhaymanu.97 has 120 seconds left.\n|\n|t:|1697404920\n|switch|p1a: Chien-Pao|Chien-Pao|100\/100\n|switch|p2a: Jolteon|Jolteon, M|100\/100\n|-ability|p1a: Chien-Pao|Sword of Ruin\n|turn|3\n|\n|t:|1697404933\n|cant|p1b: Rillaboom|par\n|move|p1a: Chien-Pao|Icicle Crash|p2b: Thundurus\n|-supereffective|p2b: Thundurus\n|-damage|p2b: Thundurus|0 fnt\n|faint|p2b: Thundurus\n|move|p2a: Jolteon|Discharge|p1b: Rillaboom|[spread] p1a,p1b\n|-resisted|p1b: Rillaboom\n|-damage|p1a: Chien-Pao|49\/100\n|-damage|p1b: Rillaboom|42\/100 par\n|\n|-heal|p1a: Chien-Pao|55\/100|[from] Grassy Terrain\n|-heal|p1b: Rillaboom|49\/100 par|[from] Grassy Terrain\n|upkeep\n|\n|t:|1697404940\n|switch|p2b: Wo-Chien|Wo-Chien|100\/100\n|-ability|p2b: Wo-Chien|Tablets of Ruin\n|turn|4\n|\n|t:|1697404955\n|-terastallize|p2b: Wo-Chien|Dark\n|move|p1a: Chien-Pao|Protect|p1a: Chien-Pao\n|-singleturn|p1a: Chien-Pao|Protect\n|move|p2a: Jolteon|Volt Switch|p1a: Chien-Pao\n|-activate|p1a: Chien-Pao|move: Protect\n|move|p2b: Wo-Chien|Knock Off|p1b: Rillaboom\n|-damage|p1b: Rillaboom|1\/100 par\n|-enditem|p1b: Rillaboom|Miracle Seed|[from] move: Knock Off|[of] p2b: Wo-Chien\n|move|p1b: Rillaboom|Wood Hammer|p2a: Jolteon\n|-damage|p2a: Jolteon|0 fnt\n|faint|p2a: Jolteon\n|-damage|p1b: Rillaboom|0 fnt|[from] Recoil\n|faint|p1b: Rillaboom\n|\n|-heal|p1a: Chien-Pao|61\/100|[from] Grassy Terrain\n|upkeep\n|\n|t:|1697404970\n|switch|p2a: Chi-Yu|Chi-Yu|100\/100\n|switch|p1b: Dragonite|Dragonite, F|100\/100\n|-ability|p2a: Chi-Yu|Beads of Ruin\n|turn|5\n|\n|t:|1697404977\n|-terastallize|p1b: Dragonite|Normal\n|move|p1b: Dragonite|Extreme Speed|p2a: Chi-Yu\n|-damage|p2a: Chi-Yu|0 fnt\n|faint|p2a: Chi-Yu\n|move|p1a: Chien-Pao|Sacred Sword|p2b: Wo-Chien\n|-supereffective|p2b: Wo-Chien\n|-damage|p2b: Wo-Chien|60\/100\n|move|p2b: Wo-Chien|Knock Off|p1b: Dragonite\n|-crit|p1b: Dragonite\n|-damage|p1b: Dragonite|35\/100\n|-enditem|p1b: Dragonite|Choice Band|[from] move: Knock Off|[of] p2b: Wo-Chien\n|\n|-heal|p1a: Chien-Pao|67\/100|[from] Grassy Terrain\n|-heal|p1b: Dragonite|41\/100|[from] Grassy Terrain\n|-heal|p2b: Wo-Chien|67\/100|[from] Grassy Terrain\n|-fieldend|move: Grassy Terrain\n|upkeep\n|\n|t:|1697404980\n|switch|p2a: Goodra|Goodra-Hisui, M|100\/100\n|turn|6\n|\n|t:|1697404995\n|move|p1a: Chien-Pao|Sacred Sword|p2a: Goodra\n|-supereffective|p2a: Goodra\n|-damage|p2a: Goodra|49\/100\n|-ability|p2a: Goodra|Gooey\n|-unboost|p1a: Chien-Pao|spe|1\n|move|p1b: Dragonite|Outrage|p2a: Goodra\n|-damage|p2a: Goodra|0 fnt\n|-ability|p2a: Goodra|Gooey\n|-unboost|p1b: Dragonite|spe|1\n|faint|p2a: Goodra\n|move|p2b: Wo-Chien|Body Press|p1a: Chien-Pao\n|-supereffective|p1a: Chien-Pao\n|-damage|p1a: Chien-Pao|0 fnt\n|faint|p1a: Chien-Pao\n|\n|upkeep\n|\n|t:|1697405006\n|switch|p1a: Ogerpon|Ogerpon-Hearthflame, F|100\/100\n|-ability|p1a: Ogerpon|Mold Breaker\n|turn|7\n|\n|t:|1697405010\n|move|p1a: Ogerpon|Ivy Cudgel|p2b: Wo-Chien\n|-damage|p2b: Wo-Chien|33\/100\n|move|p2b: Wo-Chien|Knock Off|p1a: Ogerpon\n|-damage|p1a: Ogerpon|70\/100\n|move|p1b: Dragonite|Outrage|p2b: Wo-Chien|[from]lockedmove\n|-damage|p2b: Wo-Chien|0 fnt\n|faint|p2b: Wo-Chien\n|-start|p1b: Dragonite|confusion|[fatigue]\n|\n|win|DOUFB Love Live!\n|raw|DOUFB Love Live!'s rating: 1514 &rarr; <strong>1533<\/strong><br \/>(+19 for winning)\n|raw|abhaymanu.97's rating: 1503 &rarr; <strong>1484<\/strong><br \/>(-19 for losing)\n","uploadtime":1697405018,"views":11,"p1id":"doufblovelive","p2id":"abhaymanu97","formatid":"gen9doublesou","rating":1484,"private":0,"password":""}