{"id":"gen9doublesou-1981270709","p1":"kagrin","p2":"Leaguespinsir3.0","format":"[Gen 9] Doubles OU","log":"|j|\u2606kagrin\n|j|\u2606Leaguespinsir3.0\n|t:|1698878324\n|gametype|doubles\n|player|p1|kagrin|hiker-gen4|\n|player|p2|Leaguespinsir3.0|101|\n|teamsize|p1|6\n|teamsize|p2|6\n|gen|9\n|tier|[Gen 9] Doubles OU\n|rule|Species Clause: Limit one of each Pok\u00e9mon\n|rule|OHKO Clause: OHKO moves are banned\n|rule|Evasion Moves Clause: Evasion moves are banned\n|rule|Gravity Sleep Clause: The combination of sleep-inducing moves with imperfect accuracy and Gravity or Gigantamax Orbeetle are banned\n|rule|Endless Battle Clause: Forcing endless battles is banned\n|rule|HP Percentage Mod: HP is shown in percentages\n|clearpoke\n|poke|p1|Flutter Mane|\n|poke|p1|Garganacl, M|\n|poke|p1|Mew|\n|poke|p1|Breloom, M|\n|poke|p1|Grimmsnarl, M|\n|poke|p1|Volcanion|\n|poke|p2|Roaring Moon|\n|poke|p2|Tyranitar, F|\n|poke|p2|Vikavolt, M|\n|poke|p2|Houndoom, F|\n|poke|p2|Goodra-Hisui, M|\n|poke|p2|Torterra, M|\n|teampreview\n|\n|t:|1698878339\n|start\n|switch|p1a: Grimmsnarl|Grimmsnarl, M, shiny|100\/100\n|switch|p1b: Garganacl|Garganacl, M, shiny|100\/100\n|switch|p2a: Vikavolt|Vikavolt, M|100\/100\n|switch|p2b: Torterra|Torterra, M|100\/100\n|turn|1\n|\n|t:|1698878372\n|move|p1a: Grimmsnarl|Light Screen|p1a: Grimmsnarl\n|-sidestart|p1: kagrin|move: Light Screen\n|move|p2b: Torterra|Headlong Rush|p1b: Garganacl\n|-supereffective|p1b: Garganacl\n|-damage|p1b: Garganacl|43\/100\n|-unboost|p2b: Torterra|def|1\n|-unboost|p2b: Torterra|spd|1\n|move|p2a: Vikavolt|Poison Jab|p1a: Grimmsnarl\n|-supereffective|p1a: Grimmsnarl\n|-damage|p1a: Grimmsnarl|64\/100\n|move|p1b: Garganacl|Iron Defense|p1b: Garganacl\n|-boost|p1b: Garganacl|def|2\n|\n|-heal|p1b: Garganacl|49\/100|[from] item: Leftovers\n|upkeep\n|turn|2\n|\n|t:|1698878400\n|move|p1a: Grimmsnarl|Reflect|p1a: Grimmsnarl\n|-sidestart|p1: kagrin|Reflect\n|move|p2b: Torterra|Headlong Rush|p1b: Garganacl\n|-supereffective|p1b: Garganacl\n|-crit|p1b: Garganacl\n|-damage|p1b: Garganacl|0 fnt\n|-unboost|p2b: Torterra|def|1\n|-unboost|p2b: Torterra|spd|1\n|faint|p1b: Garganacl\n|move|p2a: Vikavolt|Poison Jab|p1a: Grimmsnarl\n|-supereffective|p1a: Grimmsnarl\n|-damage|p1a: Grimmsnarl|43\/100\n|\n|upkeep\n|\n|t:|1698878421\n|switch|p1b: Breloom|Breloom, M, shiny|100\/100\n|turn|3\n|j| Redzone92\n|\n|t:|1698878442\n|move|p1a: Grimmsnarl|Thunder Wave|p2a: Vikavolt\n|-immune|p2a: Vikavolt\n|move|p2b: Torterra|Rock Blast|p1b: Breloom\n|-resisted|p1b: Breloom\n|-crit|p1b: Breloom\n|-damage|p1b: Breloom|93\/100\n|-resisted|p1b: Breloom\n|-damage|p1b: Breloom|89\/100\n|-resisted|p1b: Breloom\n|-damage|p1b: Breloom|86\/100\n|-resisted|p1b: Breloom\n|-damage|p1b: Breloom|82\/100\n|-resisted|p1b: Breloom\n|-damage|p1b: Breloom|79\/100\n|-hitcount|p1b: Breloom|5\n|move|p1b: Breloom|Bullet Seed|p2b: Torterra\n|-damage|p2b: Torterra|59\/100\n|-damage|p2b: Torterra|20\/100\n|-damage|p2b: Torterra|0 fnt\n|faint|p2b: Torterra\n|-hitcount|p2: Torterra|3\n|move|p2a: Vikavolt|Poison Jab|p1a: Grimmsnarl\n|-supereffective|p1a: Grimmsnarl\n|-damage|p1a: Grimmsnarl|19\/100\n|\n|upkeep\n|\n|t:|1698878469\n|switch|p2b: Houndoom|Houndoom, F|100\/100\n|turn|4\n|\n|t:|1698878480\n|move|p1b: Breloom|Mach Punch|p2b: Houndoom\n|-supereffective|p2b: Houndoom\n|-damage|p2b: Houndoom|0 fnt\n|faint|p2b: Houndoom\n|move|p1a: Grimmsnarl|Play Rough|p2a: Vikavolt\n|-damage|p2a: Vikavolt|52\/100\n|move|p2a: Vikavolt|Poison Jab|p1a: Grimmsnarl\n|-supereffective|p1a: Grimmsnarl\n|-damage|p1a: Grimmsnarl|0 fnt\n|faint|p1a: Grimmsnarl\n|\n|upkeep\n|\n|t:|1698878500\n|switch|p2b: Tyranitar|Tyranitar, F|100\/100\n|switch|p1a: Volcanion|Volcanion|100\/100\n|-weather|Sandstorm|[from] ability: Sand Stream|[of] p2b: Tyranitar\n|turn|5\n|\n|t:|1698878513\n|move|p1b: Breloom|Mach Punch|p2b: Tyranitar\n|-supereffective|p2b: Tyranitar\n|-damage|p2b: Tyranitar|0 fnt\n|faint|p2b: Tyranitar\n|move|p1a: Volcanion|Sunny Day|p1a: Volcanion\n|-weather|SunnyDay\n|move|p2a: Vikavolt|Poison Jab|p1b: Breloom\n|-supereffective|p1b: Breloom\n|-damage|p1b: Breloom|53\/100\n|\n|-weather|SunnyDay|[upkeep]\n|upkeep\n|\n|t:|1698878525\n|switch|p2b: Goodra|Goodra-Hisui, M|100\/100\n|turn|6\n|\n|t:|1698878535\n|switch|p2a: Roaring Moon|Roaring Moon|100\/100\n|-activate|p2a: Roaring Moon|ability: Protosynthesis\n|-start|p2a: Roaring Moon|protosynthesisspe\n|move|p1b: Breloom|Mach Punch|p2b: Goodra\n|-supereffective|p2b: Goodra\n|-damage|p2b: Goodra|41\/100\n|move|p1a: Volcanion|Flamethrower|p2b: Goodra\n|-damage|p2b: Goodra|0 fnt\n|faint|p2b: Goodra\n|\n|-weather|SunnyDay|[upkeep]\n|upkeep\n|\n|t:|1698878549\n|switch|p2b: Vikavolt|Vikavolt, M|52\/100\n|turn|7\n|\n|t:|1698878559\n|-terastallize|p2a: Roaring Moon|Flying\n|move|p1b: Breloom|Mach Punch|p2a: Roaring Moon\n|-resisted|p2a: Roaring Moon\n|-damage|p2a: Roaring Moon|78\/100\n|move|p2a: Roaring Moon|Acrobatics|p1a: Volcanion\n|-damage|p1a: Volcanion|83\/100\n|move|p1a: Volcanion|Flamethrower|p2b: Vikavolt\n|-supereffective|p2b: Vikavolt\n|-damage|p2b: Vikavolt|0 fnt\n|faint|p2b: Vikavolt\n|\n|-weather|SunnyDay|[upkeep]\n|upkeep\n|turn|8\n|j| GoDDanteX\n|\n|t:|1698878576\n|move|p2a: Roaring Moon|Dragon Claw|p1a: Volcanion\n|-damage|p1a: Volcanion|59\/100\n|move|p1b: Breloom|Bullet Seed|p2a: Roaring Moon\n|-resisted|p2a: Roaring Moon\n|-damage|p2a: Roaring Moon|65\/100\n|-resisted|p2a: Roaring Moon\n|-damage|p2a: Roaring Moon|53\/100\n|-resisted|p2a: Roaring Moon\n|-damage|p2a: Roaring Moon|38\/100\n|-resisted|p2a: Roaring Moon\n|-damage|p2a: Roaring Moon|26\/100\n|-resisted|p2a: Roaring Moon\n|-damage|p2a: Roaring Moon|12\/100\n|-hitcount|p2a: Roaring Moon|5\n|move|p1a: Volcanion|Flamethrower|p2a: Roaring Moon\n|-damage|p2a: Roaring Moon|0 fnt\n|faint|p2a: Roaring Moon\n|-end|p2a: Roaring Moon|Protosynthesis|[silent]\n|\n|win|kagrin\n","uploadtime":1698878593,"views":37,"p1id":"kagrin","p2id":"leaguespinsir30","formatid":"gen9doublesou","rating":0,"private":0,"password":""}