{"id":"gen9doublesou-1979424138","p1":"onePIenty","p2":"Bruhitsjhian","format":"[Gen 9] Doubles OU","log":"|j|\u2606onePIenty\n|j|\u2606Bruhitsjhian\n|t:|1698681556\n|gametype|doubles\n|player|p1|onePIenty|lance-masters|\n|player|p2|Bruhitsjhian|az|\n|teamsize|p1|6\n|teamsize|p2|6\n|gen|9\n|tier|[Gen 9] Doubles OU\n|rule|Species Clause: Limit one of each Pok\u00e9mon\n|rule|OHKO Clause: OHKO moves are banned\n|rule|Evasion Moves Clause: Evasion moves are banned\n|rule|Gravity Sleep Clause: The combination of sleep-inducing moves with imperfect accuracy and Gravity or Gigantamax Orbeetle are banned\n|rule|Endless Battle Clause: Forcing endless battles is banned\n|rule|HP Percentage Mod: HP is shown in percentages\n|clearpoke\n|poke|p1|Dragapult, F|\n|poke|p1|Rillaboom, F|\n|poke|p1|Ogerpon, F|\n|poke|p1|Maushold-Four|\n|poke|p1|Dondozo, M|\n|poke|p1|Ribombee, F|\n|poke|p2|Dragapult, M|\n|poke|p2|Dondozo, M|\n|poke|p2|Clodsire, M|\n|poke|p2|Iron Valiant|\n|poke|p2|Great Tusk|\n|poke|p2|Kingambit, M|\n|teampreview\n|\n|t:|1698681586\n|start\n|switch|p1a: Rillaboom|Rillaboom, F, shiny|100\/100\n|switch|p1b: Ogerpon|Ogerpon, F|100\/100\n|switch|p2a: This is my sweeper|Dragapult, M, shiny|100\/100\n|switch|p2b: GROUND GLISCOR|Clodsire, M, shiny|100\/100\n|-fieldstart|move: Grassy Terrain|[from] ability: Grassy Surge|[of] p1a: Rillaboom\n|turn|1\n|\n|t:|1698681618\n|move|p1b: Ogerpon|Follow Me|p1b: Ogerpon\n|-singleturn|p1b: Ogerpon|move: Follow Me\n|move|p2a: This is my sweeper|Will-O-Wisp|p1b: Ogerpon\n|-status|p1b: Ogerpon|brn\n|move|p1a: Rillaboom|Wood Hammer|p2b: GROUND GLISCOR\n|-damage|p2b: GROUND GLISCOR|10\/100\n|-damage|p1a: Rillaboom|60\/100|[from] Recoil\n|move|p2b: GROUND GLISCOR|Toxic||[still]\n|-fail|p2b: GROUND GLISCOR\n|\n|-heal|p1a: Rillaboom|66\/100|[from] Grassy Terrain\n|-heal|p2b: GROUND GLISCOR|16\/100|[from] Grassy Terrain\n|-heal|p2b: GROUND GLISCOR|22\/100|[from] item: Leftovers\n|-damage|p1b: Ogerpon|95\/100 brn|[from] brn\n|upkeep\n|turn|2\n|\n|t:|1698681660\n|move|p1a: Rillaboom|Grassy Glide|p2b: GROUND GLISCOR\n|-damage|p2b: GROUND GLISCOR|0 fnt\n|faint|p2b: GROUND GLISCOR\n|move|p2a: This is my sweeper|Will-O-Wisp|p1a: Rillaboom\n|-status|p1a: Rillaboom|brn\n|move|p1b: Ogerpon|U-turn|p2a: This is my sweeper\n|-resisted|p2a: This is my sweeper\n|-damage|p2a: This is my sweeper|94\/100\n|\n|t:|1698681677\n|switch|p1b: Ribombee|Ribombee, F|100\/100|[from] U-turn\n|\n|-heal|p2a: This is my sweeper|99\/100|[from] Grassy Terrain\n|-heal|p2a: This is my sweeper|100\/100|[from] item: Leftovers\n|-heal|p1a: Rillaboom|72\/100 brn|[from] Grassy Terrain\n|-damage|p1a: Rillaboom|66\/100 brn|[from] brn\n|upkeep\n|\n|t:|1698681694\n|switch|p2b: JUST EXISTING|Iron Valiant, shiny|100\/100\n|-enditem|p2b: JUST EXISTING|Booster Energy\n|-activate|p2b: JUST EXISTING|ability: Quark Drive|[fromitem]\n|-start|p2b: JUST EXISTING|quarkdrivespe\n|turn|3\n|\n|t:|1698681736\n|-terastallize|p2b: JUST EXISTING|Fairy\n|-terastallize|p1b: Ribombee|Bug\n|move|p1a: Rillaboom|Grassy Glide|p2b: JUST EXISTING\n|-damage|p2b: JUST EXISTING|77\/100\n|move|p2b: JUST EXISTING|Swords Dance|p2b: JUST EXISTING\n|-boost|p2b: JUST EXISTING|atk|2\n|move|p2a: This is my sweeper|Hex|p1a: Rillaboom\n|-damage|p1a: Rillaboom|0 fnt\n|faint|p1a: Rillaboom\n|move|p1b: Ribombee|Quiver Dance|p1b: Ribombee\n|-boost|p1b: Ribombee|spa|1\n|-boost|p1b: Ribombee|spd|1\n|-boost|p1b: Ribombee|spe|1\n|\n|-heal|p2b: JUST EXISTING|83\/100|[from] Grassy Terrain\n|upkeep\n|\n|t:|1698681754\n|switch|p1a: Ogerpon|Ogerpon, F|95\/100 brn\n|turn|4\n|\n|t:|1698681767\n|move|p1a: Ogerpon|Follow Me|p1a: Ogerpon\n|-singleturn|p1a: Ogerpon|move: Follow Me\n|move|p2b: JUST EXISTING|Spirit Break|p1a: Ogerpon\n|-damage|p1a: Ogerpon|0 fnt\n|faint|p1a: Ogerpon\n|move|p1b: Ribombee|Dazzling Gleam|p2a: This is my sweeper|[spread] p2a,p2b\n|-supereffective|p2a: This is my sweeper\n|-damage|p2a: This is my sweeper|0 fnt\n|-damage|p2b: JUST EXISTING|0 fnt\n|faint|p2a: This is my sweeper\n|faint|p2b: JUST EXISTING\n|-end|p2b: JUST EXISTING|Quark Drive|[silent]\n|-damage|p1b: Ribombee|91\/100|[from] item: Life Orb\n|\n|-heal|p1b: Ribombee|97\/100|[from] Grassy Terrain\n|upkeep\n|\n|t:|1698681791\n|switch|p2a: SHOULD BE BANNED|Kingambit, M, shiny|100\/100\n|switch|p2b: SLEEP TALKER|Dondozo, M|100\/100\n|switch|p1a: Dondozo|Dondozo, M|100\/100\n|-activate|p2a: SHOULD BE BANNED|ability: Supreme Overlord\n|-start|p2a: SHOULD BE BANNED|fallen3|[silent]\n|turn|5\n|\n|t:|1698681822\n|move|p2a: SHOULD BE BANNED|Sucker Punch|p1b: Ribombee\n|-damage|p1b: Ribombee|0 fnt\n|faint|p1b: Ribombee\n|move|p1a: Dondozo|Body Press|p2a: SHOULD BE BANNED\n|-supereffective|p2a: SHOULD BE BANNED\n|-damage|p2a: SHOULD BE BANNED|23\/100\n|move|p2b: SLEEP TALKER|Curse|p2b: SLEEP TALKER\n|-unboost|p2b: SLEEP TALKER|spe|1\n|-boost|p2b: SLEEP TALKER|atk|1\n|-boost|p2b: SLEEP TALKER|def|1\n|\n|-heal|p2a: SHOULD BE BANNED|29\/100|[from] Grassy Terrain\n|upkeep\n|\n|t:|1698681835\n|switch|p1b: Dragapult|Dragapult, F|100\/100\n|turn|6\n|\n|t:|1698681852\n|move|p2a: SHOULD BE BANNED|Sucker Punch|p1b: Dragapult\n|-supereffective|p1b: Dragapult\n|-damage|p1b: Dragapult|0 fnt\n|faint|p1b: Dragapult\n|move|p1a: Dondozo|Body Press|p2a: SHOULD BE BANNED\n|-supereffective|p2a: SHOULD BE BANNED\n|-damage|p2a: SHOULD BE BANNED|0 fnt\n|faint|p2a: SHOULD BE BANNED\n|-end|p2a: SHOULD BE BANNED|fallen3|[silent]\n|move|p2b: SLEEP TALKER|Curse|p2b: SLEEP TALKER\n|-unboost|p2b: SLEEP TALKER|spe|1\n|-boost|p2b: SLEEP TALKER|atk|1\n|-boost|p2b: SLEEP TALKER|def|1\n|\n|upkeep\n|\n|t:|1698681874\n|switch|p1b: Maushold|Maushold-Four|100\/100\n|switch|p2a: HATES FLYING TYPES|Great Tusk|100\/100\n|-enditem|p2a: HATES FLYING TYPES|Booster Energy\n|-activate|p2a: HATES FLYING TYPES|ability: Protosynthesis|[fromitem]\n|-start|p2a: HATES FLYING TYPES|protosynthesisatk\n|turn|7\n|\n|t:|1698681894\n|move|p1b: Maushold|Tidy Up|p1b: Maushold\n|-boost|p1b: Maushold|atk|1\n|-boost|p1b: Maushold|spe|1\n|move|p2a: HATES FLYING TYPES|Close Combat|p1b: Maushold\n|-supereffective|p1b: Maushold\n|-damage|p1b: Maushold|0 fnt\n|-unboost|p2a: HATES FLYING TYPES|def|1\n|-unboost|p2a: HATES FLYING TYPES|spd|1\n|faint|p1b: Maushold\n|move|p1a: Dondozo|Body Press|p2a: HATES FLYING TYPES\n|-damage|p2a: HATES FLYING TYPES|80\/100\n|move|p2b: SLEEP TALKER|Curse|p2b: SLEEP TALKER\n|-unboost|p2b: SLEEP TALKER|spe|1\n|-boost|p2b: SLEEP TALKER|atk|1\n|-boost|p2b: SLEEP TALKER|def|1\n|\n|-heal|p2a: HATES FLYING TYPES|86\/100|[from] Grassy Terrain\n|upkeep\n|turn|8\n|\n|t:|1698681918\n|move|p2a: HATES FLYING TYPES|Knock Off|p1a: Dondozo\n|-damage|p1a: Dondozo|80\/100\n|-enditem|p1a: Dondozo|Heavy-Duty Boots|[from] move: Knock Off|[of] p2a: HATES FLYING TYPES\n|move|p1a: Dondozo|Body Press|p2a: HATES FLYING TYPES\n|-damage|p2a: HATES FLYING TYPES|64\/100\n|move|p2b: SLEEP TALKER|Curse|p2b: SLEEP TALKER\n|-unboost|p2b: SLEEP TALKER|spe|1\n|-boost|p2b: SLEEP TALKER|atk|1\n|-boost|p2b: SLEEP TALKER|def|1\n|\n|-heal|p2a: HATES FLYING TYPES|71\/100|[from] Grassy Terrain\n|-heal|p1a: Dondozo|86\/100|[from] Grassy Terrain\n|-fieldend|move: Grassy Terrain\n|upkeep\n|turn|9\n|\n|t:|1698681937\n|move|p2a: HATES FLYING TYPES|Close Combat|p1a: Dondozo\n|-damage|p1a: Dondozo|47\/100\n|-unboost|p2a: HATES FLYING TYPES|def|1\n|-unboost|p2a: HATES FLYING TYPES|spd|1\n|move|p1a: Dondozo|Liquidation|p2a: HATES FLYING TYPES\n|-supereffective|p2a: HATES FLYING TYPES\n|-damage|p2a: HATES FLYING TYPES|24\/100\n|move|p2b: SLEEP TALKER|Curse|p2b: SLEEP TALKER\n|-unboost|p2b: SLEEP TALKER|spe|1\n|-boost|p2b: SLEEP TALKER|atk|1\n|-boost|p2b: SLEEP TALKER|def|1\n|\n|upkeep\n|turn|10\n|\n|t:|1698681965\n|move|p2a: HATES FLYING TYPES|Close Combat|p1a: Dondozo\n|-damage|p1a: Dondozo|12\/100\n|-unboost|p2a: HATES FLYING TYPES|def|1\n|-unboost|p2a: HATES FLYING TYPES|spd|1\n|move|p1a: Dondozo|Rest|p1a: Dondozo\n|-status|p1a: Dondozo|slp|[from] move: Rest\n|-heal|p1a: Dondozo|100\/100 slp|[silent]\n|move|p2b: SLEEP TALKER|Liquidation|p1a: Dondozo\n|-resisted|p1a: Dondozo\n|-damage|p1a: Dondozo|94\/100 slp\n|\n|upkeep\n|turn|11\n|\n|t:|1698681989\n|move|p2a: HATES FLYING TYPES|Close Combat|p1a: Dondozo\n|-damage|p1a: Dondozo|55\/100 slp\n|-unboost|p2a: HATES FLYING TYPES|def|1\n|-unboost|p2a: HATES FLYING TYPES|spd|1\n|cant|p1a: Dondozo|slp\n|move|p1a: Dondozo|Sleep Talk|p1a: Dondozo\n|move|p1a: Dondozo|Rest||[from]move: Sleep Talk|[still]\n|-fail|p1a: Dondozo\n|move|p2b: SLEEP TALKER|Liquidation|p1a: Dondozo\n|-resisted|p1a: Dondozo\n|-damage|p1a: Dondozo|48\/100 slp\n|-unboost|p1a: Dondozo|def|1\n|\n|upkeep\n|turn|12\n|\n|t:|1698682008\n|move|p2a: HATES FLYING TYPES|Close Combat|p1a: Dondozo\n|-damage|p1a: Dondozo|0 fnt\n|-unboost|p2a: HATES FLYING TYPES|def|1\n|-unboost|p2a: HATES FLYING TYPES|spd|1\n|faint|p1a: Dondozo\n|\n|win|Bruhitsjhian\n|l|\u2606onePIenty\n","uploadtime":1698682027,"views":20,"p1id":"onepienty","p2id":"bruhitsjhian","formatid":"gen9doublesou","rating":0,"private":0,"password":""}