{"id":"gen9doublesou-1982499216","p1":"Messy fighter","p2":"Hubert69","format":"[Gen 9] Doubles OU","log":"|j|\u2606Messy fighter\n|j|\u203dHubert69\n|t:|1699020551\n|gametype|doubles\n|player|p1|Messy fighter|swimmer-gen4dp|1328\n|player|p2|Hubert69|cheren-gen5bw2|1293\n|teamsize|p1|6\n|teamsize|p2|6\n|gen|9\n|tier|[Gen 9] Doubles OU\n|rated|\n|rule|Species Clause: Limit one of each Pok\u00e9mon\n|rule|OHKO Clause: OHKO moves are banned\n|rule|Evasion Moves Clause: Evasion moves are banned\n|rule|Gravity Sleep Clause: The combination of sleep-inducing moves with imperfect accuracy and Gravity or Gigantamax Orbeetle are banned\n|rule|Endless Battle Clause: Forcing endless battles is banned\n|rule|HP Percentage Mod: HP is shown in percentages\n|clearpoke\n|poke|p1|Basculegion-F, F|\n|poke|p1|Iron Hands|\n|poke|p1|Cresselia, F|\n|poke|p1|Ursaluna-Bloodmoon, M|\n|poke|p1|Roaring Moon|\n|poke|p1|Farigiraf, M|\n|poke|p2|Chien-Pao|\n|poke|p2|Overqwil, F|\n|poke|p2|Tornadus, M|\n|poke|p2|Iron Hands|\n|poke|p2|Iron Treads|\n|poke|p2|Heatran, M|\n|teampreview\n|inactive|Battle timer is ON: inactive players will automatically lose when time's up. (requested by Hubert69)\n|\n|t:|1699020557\n|start\n|switch|p1a: Cresselia|Cresselia, F|100\/100\n|switch|p1b: Ursaluna|Ursaluna-Bloodmoon, M|100\/100\n|switch|p2a: Overqwil|Overqwil, F|100\/100\n|switch|p2b: Chien-Pao|Chien-Pao|100\/100\n|-ability|p2b: Chien-Pao|Sword of Ruin\n|-ability|p2a: Overqwil|Intimidate|boost\n|-unboost|p1a: Cresselia|atk|1\n|-unboost|p1b: Ursaluna|atk|1\n|turn|1\n|\n|t:|1699020572\n|switch|p1b: Iron Hands|Iron Hands|100\/100\n|-enditem|p1b: Iron Hands|Booster Energy\n|-activate|p1b: Iron Hands|ability: Quark Drive|[fromitem]\n|-start|p1b: Iron Hands|quarkdriveatk\n|move|p2b: Chien-Pao|Protect|p2b: Chien-Pao\n|-singleturn|p2b: Chien-Pao|Protect\n|move|p2a: Overqwil|Self-Destruct|p1b: Iron Hands|[spread] p1a,p1b\n|-activate|p2b: Chien-Pao|move: Protect\n|-damage|p1a: Cresselia|30\/100\n|-damage|p1b: Iron Hands|38\/100\n|faint|p2a: Overqwil\n|move|p1a: Cresselia|Trick Room|p1a: Cresselia\n|-fieldstart|move: Trick Room|[of] p1a: Cresselia\n|\n|upkeep\n|\n|t:|1699020589\n|switch|p2a: Iron Hands|Iron Hands|100\/100\n|turn|2\n|\n|t:|1699020609\n|switch|p1a: Farigiraf|Farigiraf, M|100\/100\n|-terastallize|p2b: Chien-Pao|Ghost\n|move|p1b: Iron Hands|Drain Punch|p2b: Chien-Pao\n|-immune|p2b: Chien-Pao\n|move|p2a: Iron Hands|Play Rough|p1b: Iron Hands\n|-supereffective|p1b: Iron Hands\n|-damage|p1b: Iron Hands|0 fnt\n|faint|p1b: Iron Hands\n|-end|p1b: Iron Hands|Quark Drive|[silent]\n|move|p2b: Chien-Pao|Lash Out|p1a: Farigiraf\n|-supereffective|p1a: Farigiraf\n|-damage|p1a: Farigiraf|3\/100\n|\n|-heal|p1a: Farigiraf|9\/100|[from] item: Leftovers\n|upkeep\n|\n|t:|1699020621\n|switch|p1b: Basculegion|Basculegion-F, F|100\/100\n|turn|3\n|inactive|Hubert69 has 120 seconds left.\n|\n|t:|1699020664\n|-terastallize|p1b: Basculegion|Psychic\n|move|p2b: Chien-Pao|Protect|p2b: Chien-Pao\n|-singleturn|p2b: Chien-Pao|Protect\n|move|p1a: Farigiraf|Ally Switch|p1a: Farigiraf\n|swap|p1a: Farigiraf|1|[from] move: Ally Switch\n|move|p2a: Iron Hands|Thunder Punch|p1b: Farigiraf\n|-damage|p1b: Farigiraf|0 fnt\n|faint|p1b: Farigiraf\n|move|p1a: Basculegion|Psychic Fangs|p2a: Iron Hands\n|-supereffective|p2a: Iron Hands\n|-damage|p2a: Iron Hands|0 fnt\n|faint|p2a: Iron Hands\n|-end|p2a: Iron Hands|Quark Drive|[silent]\n|\n|upkeep\n|inactive|Hubert69 has 120 seconds left.\n|\n|t:|1699020692\n|switch|p1b: Cresselia|Cresselia, F|30\/100\n|switch|p2a: Tornadus|Tornadus, M|100\/100\n|turn|4\n|\n|t:|1699020709\n|move|p2a: Tornadus|Taunt|p1b: Cresselia\n|-start|p1b: Cresselia|move: Taunt\n|-enditem|p1b: Cresselia|Mental Herb\n|-end|p1b: Cresselia|move: Taunt\n|move|p1a: Basculegion|Last Respects|p2b: Chien-Pao\n|-supereffective|p2b: Chien-Pao\n|-enditem|p2b: Chien-Pao|Focus Sash\n|-damage|p2b: Chien-Pao|1\/100\n|move|p1b: Cresselia|Moonblast|p2b: Chien-Pao\n|-damage|p2b: Chien-Pao|0 fnt\n|faint|p2b: Chien-Pao\n|\n|upkeep\n|\n|t:|1699020727\n|switch|p2b: Heatran|Heatran, M|100\/100\n|-item|p2b: Heatran|Air Balloon\n|turn|5\n|\n|t:|1699020744\n|move|p1b: Cresselia|Helping Hand|p1a: Basculegion\n|-singleturn|p1a: Basculegion|Helping Hand|[of] p1b: Cresselia\n|move|p2a: Tornadus|Tailwind|p2a: Tornadus\n|-sidestart|p2: Hubert69|move: Tailwind\n|move|p1a: Basculegion|Wave Crash|p2b: Heatran\n|-supereffective|p2b: Heatran\n|-damage|p2b: Heatran|0 fnt\n|-enditem|p2b: Heatran|Air Balloon\n|faint|p2b: Heatran\n|-damage|p1a: Basculegion|72\/100|[from] Recoil\n|\n|-fieldend|move: Trick Room\n|upkeep\n|\n|t:|1699020746\n|switch|p2b: Iron Treads|Iron Treads|100\/100\n|turn|6\n|l|\u2606Messy fighter\n|inactive|Messy fighter disconnected and has a minute to reconnect!\n|player|p1|\n|j|\u2606Messy fighter\n|inactive|Messy fighter reconnected and has 130 seconds left.\n|player|p1|Messy fighter|swimmer-gen4dp\n|\n|t:|1699020775\n|move|p1b: Cresselia|Helping Hand|p1a: Basculegion\n|-singleturn|p1a: Basculegion|Helping Hand|[of] p1b: Cresselia\n|move|p2a: Tornadus|Taunt|p1a: Basculegion\n|-start|p1a: Basculegion|move: Taunt\n|move|p1a: Basculegion|Aqua Jet|p2b: Iron Treads\n|-supereffective|p2b: Iron Treads\n|-damage|p2b: Iron Treads|46\/100\n|move|p2b: Iron Treads|Iron Head|p1a: Basculegion\n|-damage|p1a: Basculegion|15\/100\n|-damage|p2b: Iron Treads|36\/100|[from] item: Life Orb\n|\n|upkeep\n|turn|7\n|\n|t:|1699020792\n|move|p1b: Cresselia|Helping Hand|p1a: Basculegion\n|-singleturn|p1a: Basculegion|Helping Hand|[of] p1b: Cresselia\n|move|p2b: Iron Treads|Protect|p2b: Iron Treads\n|-singleturn|p2b: Iron Treads|Protect\n|move|p1a: Basculegion|Aqua Jet|p2b: Iron Treads\n|-activate|p2b: Iron Treads|move: Protect\n|move|p2a: Tornadus|Bleakwind Storm|p1b: Cresselia|[spread] p1a\n|-miss|p2a: Tornadus|p1b: Cresselia\n|-damage|p1a: Basculegion|0 fnt\n|faint|p1a: Basculegion\n|\n|upkeep\n|\n|t:|1699020798\n|switch|p1a: Roaring Moon|Roaring Moon|100\/100\n|turn|8\n|\n|t:|1699020831\n|-end|p1a: Roaring Moon|Protosynthesis|[silent]\n|switch|p1a: Ursaluna|Ursaluna-Bloodmoon, M|100\/100\n|move|p2b: Iron Treads|Body Press|p1a: Ursaluna\n|-supereffective|p1a: Ursaluna\n|-damage|p1a: Ursaluna|60\/100\n|-damage|p2b: Iron Treads|26\/100|[from] item: Life Orb\n|move|p2a: Tornadus|Bleakwind Storm|p1b: Cresselia|[spread] p1a,p1b\n|-damage|p1a: Ursaluna|23\/100\n|-damage|p1b: Cresselia|15\/100\n|move|p1b: Cresselia|Lunar Blessing|p1b: Cresselia|[spread] p1a,p1b\n|-heal|p1a: Ursaluna|48\/100\n|-heal|p1b: Cresselia|40\/100\n|\n|-sideend|p2: Hubert69|move: Tailwind\n|upkeep\n|turn|9\n|inactive|Hubert69 has 120 seconds left.\n|\n|t:|1699020875\n|move|p1a: Ursaluna|Vacuum Wave|p2b: Iron Treads\n|-supereffective|p2b: Iron Treads\n|-damage|p2b: Iron Treads|0 fnt\n|faint|p2b: Iron Treads\n|-end|p2b: Iron Treads|Quark Drive|[silent]\n|move|p2a: Tornadus|Bleakwind Storm|p1a: Ursaluna|[spread] p1a,p1b\n|-damage|p1a: Ursaluna|10\/100\n|-damage|p1b: Cresselia|24\/100\n|move|p1b: Cresselia|Moonblast|p2a: Tornadus\n|-damage|p2a: Tornadus|87\/100\n|\n|-heal|p2a: Tornadus|93\/100|[from] item: Leftovers\n|upkeep\n|turn|10\n|\n|t:|1699020887\n|move|p1b: Cresselia|Helping Hand|p1a: Ursaluna\n|-singleturn|p1a: Ursaluna|Helping Hand|[of] p1b: Cresselia\n|move|p2a: Tornadus|Bleakwind Storm|p1b: Cresselia|[spread] p1a\n|-miss|p2a: Tornadus|p1b: Cresselia\n|-damage|p1a: Ursaluna|0 fnt\n|faint|p1a: Ursaluna\n|\n|-heal|p2a: Tornadus|99\/100|[from] item: Leftovers\n|upkeep\n|\n|t:|1699020889\n|switch|p1a: Roaring Moon|Roaring Moon|100\/100\n|turn|11\n|\n|t:|1699020898\n|move|p1b: Cresselia|Helping Hand|p1a: Roaring Moon\n|-singleturn|p1a: Roaring Moon|Helping Hand|[of] p1b: Cresselia\n|move|p1a: Roaring Moon|Rock Slide|p2a: Tornadus\n|-supereffective|p2a: Tornadus\n|-damage|p2a: Tornadus|4\/100\n|move|p2a: Tornadus|Bleakwind Storm|p1a: Roaring Moon|[spread] \n|-miss|p2a: Tornadus|p1a: Roaring Moon\n|-miss|p2a: Tornadus|p1b: Cresselia\n|\n|-heal|p2a: Tornadus|10\/100|[from] item: Leftovers\n|upkeep\n|turn|12\n|\n|t:|1699020906\n|move|p1a: Roaring Moon|Rock Slide|p2a: Tornadus\n|-supereffective|p2a: Tornadus\n|-damage|p2a: Tornadus|0 fnt\n|faint|p2a: Tornadus\n|\n|win|Messy fighter\n|raw|Messy fighter's rating: 1328 &rarr; <strong>1346<\/strong><br \/>(+18 for winning)\n|raw|Hubert69's rating: 1293 &rarr; <strong>1271<\/strong><br \/>(-22 for losing)\n|c|\u2606Messy fighter|Gg\n","uploadtime":1699020921,"views":17,"p1id":"messyfighter","p2id":"hubert69","formatid":"gen9doublesou","rating":1271,"private":0,"password":""}