{"id":"gen9doublesou-1999724896","p1":"HomerGyatt","p2":"Amogusmemer","format":"[Gen 9] Doubles OU","log":"|j|\u2606HomerGyatt\n|j|\u2606Amogusmemer\n|t:|1701111157\n|gametype|doubles\n|player|p1|HomerGyatt|flint|\n|player|p2|Amogusmemer|buck|\n|teamsize|p1|6\n|teamsize|p2|6\n|gen|9\n|tier|[Gen 9] Doubles OU\n|rule|Species Clause: Limit one of each Pok\u00e9mon\n|rule|OHKO Clause: OHKO moves are banned\n|rule|Evasion Moves Clause: Evasion moves are banned\n|rule|Gravity Sleep Clause: The combination of sleep-inducing moves with imperfect accuracy and Gravity or Gigantamax Orbeetle are banned\n|rule|Endless Battle Clause: Forcing endless battles is banned\n|rule|HP Percentage Mod: HP is shown in percentages\n|clearpoke\n|poke|p1|Farigiraf, M|\n|poke|p1|Conkeldurr, F|\n|poke|p1|Avalugg, F|\n|poke|p1|Camerupt, F|\n|poke|p1|Gastrodon, M|\n|poke|p1|Electrode-Hisui|\n|poke|p2|Ursaluna-Bloodmoon, M|\n|poke|p2|Cresselia, F|\n|poke|p2|Flutter Mane|\n|poke|p2|Kommo-o, F|\n|poke|p2|Ogerpon-Hearthflame, F|\n|poke|p2|Iron Hands|\n|teampreview\n|\n|t:|1701111182\n|start\n|switch|p1a: Electrode|Electrode-Hisui|100\/100\n|switch|p1b: Camerupt|Camerupt, F|100\/100\n|switch|p2a: Iron Hands|Iron Hands|100\/100\n|switch|p2b: Flutter Mane|Flutter Mane|100\/100\n|-enditem|p2b: Flutter Mane|Booster Energy\n|-activate|p2b: Flutter Mane|ability: Protosynthesis|[fromitem]\n|-start|p2b: Flutter Mane|protosynthesisspe\n|turn|1\n|\n|t:|1701111211\n|move|p2a: Iron Hands|Fake Out|p1a: Electrode\n|-damage|p1a: Electrode|74\/100\n|move|p2b: Flutter Mane|Shadow Ball|p1b: Camerupt\n|-damage|p1b: Camerupt|67\/100\n|-unboost|p1b: Camerupt|spd|1\n|cant|p1a: Electrode|flinch\n|move|p1b: Camerupt|Earth Power|p2a: Iron Hands\n|-supereffective|p2a: Iron Hands\n|-damage|p2a: Iron Hands|19\/100\n|-enditem|p2a: Iron Hands|Sitrus Berry|[eat]\n|-heal|p2a: Iron Hands|44\/100|[from] item: Sitrus Berry\n|\n|upkeep\n|turn|2\n|\n|t:|1701111227\n|move|p2b: Flutter Mane|Shadow Ball|p1b: Camerupt\n|-damage|p1b: Camerupt|18\/100\n|move|p1a: Electrode|Reflect|p1a: Electrode\n|-sidestart|p1: HomerGyatt|Reflect\n|move|p2a: Iron Hands|Drain Punch|p1b: Camerupt\n|-damage|p1b: Camerupt|0 fnt\n|-heal|p2a: Iron Hands|50\/100|[from] drain|[of] p1b: Camerupt\n|faint|p1b: Camerupt\n|\n|upkeep\n|\n|t:|1701111240\n|switch|p1b: Gastrodon|Gastrodon, M|100\/100\n|turn|3\n|\n|t:|1701111257\n|-end|p2a: Iron Hands|Quark Drive|[silent]\n|switch|p2a: Cresselia|Cresselia, F|100\/100\n|move|p2b: Flutter Mane|Perish Song|p2b: Flutter Mane\n|-start|p1a: Electrode|perish3|[silent]\n|-start|p1b: Gastrodon|perish3|[silent]\n|-start|p2a: Cresselia|perish3|[silent]\n|-start|p2b: Flutter Mane|perish3|[silent]\n|-fieldactivate|move: Perish Song\n|move|p1a: Electrode|Chloroblast|p2a: Cresselia\n|-damage|p2a: Cresselia|73\/100\n|-damage|p1a: Electrode|24\/100|[from] Recoil\n|move|p1b: Gastrodon|Stealth Rock|p2a: Cresselia\n|-sidestart|p2: Amogusmemer|move: Stealth Rock\n|\n|-heal|p2a: Cresselia|80\/100|[from] item: Leftovers\n|-start|p2b: Flutter Mane|perish3\n|-start|p1a: Electrode|perish3\n|-start|p2a: Cresselia|perish3\n|-start|p1b: Gastrodon|perish3\n|upkeep\n|turn|4\n|\n|t:|1701111287\n|switch|p1a: Farigiraf|Farigiraf, M|100\/100\n|switch|p1b: Conkeldurr|Conkeldurr, F|100\/100\n|-terastallize|p2b: Flutter Mane|Fairy\n|move|p2a: Cresselia|Helping Hand|p2b: Flutter Mane\n|-singleturn|p2b: Flutter Mane|Helping Hand|[of] p2a: Cresselia\n|move|p2b: Flutter Mane|Moonblast|p1b: Conkeldurr\n|-supereffective|p1b: Conkeldurr\n|-damage|p1b: Conkeldurr|0 fnt\n|faint|p1b: Conkeldurr\n|\n|-heal|p2a: Cresselia|86\/100|[from] item: Leftovers\n|-start|p2b: Flutter Mane|perish2\n|-start|p2a: Cresselia|perish2\n|upkeep\n|\n|t:|1701111310\n|switch|p1b: Gastrodon|Gastrodon, M|100\/100\n|turn|5\n|\n|t:|1701111324\n|move|p2b: Flutter Mane|Moonblast|p1b: Gastrodon\n|-damage|p1b: Gastrodon|32\/100\n|-unboost|p1b: Gastrodon|spa|1\n|move|p2a: Cresselia|Moonblast|p1b: Gastrodon\n|-damage|p1b: Gastrodon|16\/100\n|move|p1b: Gastrodon|Clear Smog|p2b: Flutter Mane\n|-supereffective|p2b: Flutter Mane\n|-damage|p2b: Flutter Mane|80\/100\n|-clearboost|p2b: Flutter Mane\n|move|p1a: Farigiraf|Trick Room|p1a: Farigiraf\n|-fieldstart|move: Trick Room|[of] p1a: Farigiraf\n|\n|-heal|p2a: Cresselia|92\/100|[from] item: Leftovers\n|-start|p2a: Cresselia|perish1\n|-start|p2b: Flutter Mane|perish1\n|upkeep\n|turn|6\n|\n|t:|1701111351\n|switch|p2a: Iron Hands|Iron Hands|50\/100\n|-damage|p2a: Iron Hands|44\/100|[from] Stealth Rock\n|-end|p2b: Flutter Mane|Protosynthesis|[silent]\n|switch|p2b: Ursaluna|Ursaluna-Bloodmoon, M|100\/100\n|-damage|p2b: Ursaluna|94\/100|[from] Stealth Rock\n|move|p1b: Gastrodon|Hydro Pump|p2b: Ursaluna\n|-supereffective|p2b: Ursaluna\n|-damage|p2b: Ursaluna|18\/100\n|move|p1a: Farigiraf|Nasty Plot|p1a: Farigiraf\n|-boost|p1a: Farigiraf|spa|2\n|\n|-heal|p2b: Ursaluna|24\/100|[from] item: Leftovers\n|-sideend|p1: HomerGyatt|Reflect\n|upkeep\n|turn|7\n|\n|t:|1701111382\n|move|p2a: Iron Hands|Fake Out|p1a: Farigiraf\n|-damage|p1a: Farigiraf|83\/100\n|move|p2b: Ursaluna|Blood Moon|p1b: Gastrodon\n|-damage|p1b: Gastrodon|0 fnt\n|faint|p1b: Gastrodon\n|cant|p1a: Farigiraf|flinch\n|\n|-heal|p2b: Ursaluna|30\/100|[from] item: Leftovers\n|upkeep\n|\n|t:|1701111397\n|switch|p1b: Avalugg|Avalugg, F|100\/100\n|turn|8\n|\n|t:|1701111405\n|-terastallize|p1b: Avalugg|Fighting\n|move|p1b: Avalugg|Iron Defense|p1b: Avalugg\n|-boost|p1b: Avalugg|def|2\n|move|p2b: Ursaluna|Calm Mind|p2b: Ursaluna\n|-boost|p2b: Ursaluna|spa|1\n|-boost|p2b: Ursaluna|spd|1\n|move|p2a: Iron Hands|Swords Dance|p2a: Iron Hands\n|-boost|p2a: Iron Hands|atk|2\n|move|p1a: Farigiraf|Psychic|p2a: Iron Hands\n|-supereffective|p2a: Iron Hands\n|-damage|p2a: Iron Hands|0 fnt\n|faint|p2a: Iron Hands\n|-end|p2a: Iron Hands|Quark Drive|[silent]\n|\n|-heal|p2b: Ursaluna|36\/100|[from] item: Leftovers\n|upkeep\n|\n|t:|1701111418\n|switch|p2a: Cresselia|Cresselia, F|92\/100\n|-damage|p2a: Cresselia|79\/100|[from] Stealth Rock\n|turn|9\n|\n|t:|1701111432\n|move|p2a: Cresselia|Helping Hand|p2b: Ursaluna\n|-singleturn|p2b: Ursaluna|Helping Hand|[of] p2a: Cresselia\n|move|p1b: Avalugg|Crunch|p2a: Cresselia\n|-supereffective|p2a: Cresselia\n|-damage|p2a: Cresselia|39\/100\n|-unboost|p2a: Cresselia|def|1\n|move|p2b: Ursaluna|Blood Moon|p1a: Farigiraf\n|-damage|p1a: Farigiraf|0 fnt\n|faint|p1a: Farigiraf\n|\n|-heal|p2b: Ursaluna|42\/100|[from] item: Leftovers\n|-heal|p2a: Cresselia|45\/100|[from] item: Leftovers\n|-fieldend|move: Trick Room\n|upkeep\n|\n|t:|1701111446\n|switch|p1a: Electrode|Electrode-Hisui|24\/100\n|turn|10\n|\n|t:|1701111457\n|move|p2b: Ursaluna|Vacuum Wave|p1a: Electrode\n|-damage|p1a: Electrode|0 fnt\n|faint|p1a: Electrode\n|move|p2a: Cresselia|Moonblast|p1b: Avalugg\n|-supereffective|p1b: Avalugg\n|-damage|p1b: Avalugg|50\/100\n|move|p1b: Avalugg|Crunch|p2a: Cresselia\n|-supereffective|p2a: Cresselia\n|-damage|p2a: Cresselia|0 fnt\n|faint|p2a: Cresselia\n|\n|-heal|p2b: Ursaluna|48\/100|[from] item: Leftovers\n|-heal|p1b: Avalugg|56\/100|[from] item: Leftovers\n|upkeep\n|\n|t:|1701111466\n|switch|p2a: Kommo-o|Kommo-o, F|100\/100\n|-damage|p2a: Kommo-o|94\/100|[from] Stealth Rock\n|turn|11\n|\n|t:|1701111475\n|move|p2b: Ursaluna|Vacuum Wave|p1b: Avalugg\n|-damage|p1b: Avalugg|20\/100\n|move|p2a: Kommo-o|Flash Cannon|p1b: Avalugg\n|-damage|p1b: Avalugg|0 fnt\n|faint|p1b: Avalugg\n|\n|win|Amogusmemer\n","uploadtime":1701111481,"views":5,"p1id":"homergyatt","p2id":"amogusmemer","formatid":"gen9doublesou","rating":0,"private":0,"password":""}