{"id":"gen9doublesou-1993894615","p1":"moogera","p2":"vegetasfeet","format":"[Gen 9] Doubles OU","log":"|j|\u2606moogera\n|j|\u2606vegetasfeet\n|t:|1700371415\n|gametype|doubles\n|player|p1|moogera|fisherman-gen4|1000\n|player|p2|vegetasfeet|teamrocket|1176\n|teamsize|p1|6\n|teamsize|p2|6\n|gen|9\n|tier|[Gen 9] Doubles OU\n|rated|\n|rule|Species Clause: Limit one of each Pok\u00e9mon\n|rule|OHKO Clause: OHKO moves are banned\n|rule|Evasion Moves Clause: Evasion moves are banned\n|rule|Gravity Sleep Clause: The combination of sleep-inducing moves with imperfect accuracy and Gravity or Gigantamax Orbeetle are banned\n|rule|Endless Battle Clause: Forcing endless battles is banned\n|rule|HP Percentage Mod: HP is shown in percentages\n|clearpoke\n|poke|p1|Kingambit, F|\n|poke|p1|Ceruledge, M|\n|poke|p1|Skeledirge, M|\n|poke|p1|Fezandipiti, M|\n|poke|p1|Slither Wing|\n|poke|p1|Walking Wake|\n|poke|p2|Tornadus, M|\n|poke|p2|Indeedee-F, F|\n|poke|p2|Clefairy, F|\n|poke|p2|Pelipper, F|\n|poke|p2|Ogerpon-Wellspring, F|\n|poke|p2|Overqwil, F|\n|teampreview\n|inactive|Battle timer is ON: inactive players will automatically lose when time's up. (requested by vegetasfeet)\n|inactive|moogera also wants the timer to be on.\n|\n|t:|1700371425\n|start\n|switch|p1a: Walking Wake|Walking Wake|100\/100\n|switch|p1b: Skeledirge|Skeledirge, M|100\/100\n|switch|p2a: Clefairy|Clefairy, F|100\/100\n|switch|p2b: Tornadus|Tornadus, M|100\/100\n|turn|1\n|\n|t:|1700371443\n|move|p2b: Tornadus|Substitute|p2b: Tornadus\n|-start|p2b: Tornadus|Substitute\n|-damage|p2b: Tornadus|76\/100\n|move|p1a: Walking Wake|Noble Roar|p2b: Tornadus\n|-unboost|p2b: Tornadus|atk|1\n|-unboost|p2b: Tornadus|spa|1\n|move|p1b: Skeledirge|Will-O-Wisp|p2a: Clefairy\n|-status|p2a: Clefairy|brn\n|move|p2a: Clefairy|Stealth Rock|p1a: Walking Wake\n|-sidestart|p1: moogera|move: Stealth Rock\n|\n|-heal|p2b: Tornadus|82\/100|[from] item: Leftovers\n|-damage|p2a: Clefairy|94\/100 brn|[from] brn\n|upkeep\n|turn|2\n|\n|t:|1700371463\n|move|p2a: Clefairy|Follow Me|p2a: Clefairy\n|-singleturn|p2a: Clefairy|move: Follow Me\n|move|p1a: Walking Wake|Aqua Jet|p2a: Clefairy\n|-damage|p2a: Clefairy|81\/100 brn\n|move|p2b: Tornadus|Nasty Plot|p2b: Tornadus\n|-boost|p2b: Tornadus|spa|2\n|move|p1b: Skeledirge|Earth Power|p2a: Clefairy\n|-crit|p2a: Clefairy\n|-damage|p2a: Clefairy|60\/100 brn\n|-unboost|p2a: Clefairy|spd|1\n|\n|-heal|p2b: Tornadus|88\/100|[from] item: Leftovers\n|-damage|p2a: Clefairy|54\/100 brn|[from] brn\n|upkeep\n|turn|3\n|\n|t:|1700371491\n|move|p2a: Clefairy|Protect|p2a: Clefairy\n|-singleturn|p2a: Clefairy|Protect\n|move|p2b: Tornadus|Nasty Plot|p2b: Tornadus\n|-boost|p2b: Tornadus|spa|2\n|move|p1a: Walking Wake|Noble Roar|p2a: Clefairy\n|-activate|p2a: Clefairy|move: Protect\n|move|p1b: Skeledirge|Facade|p2a: Clefairy\n|-activate|p2a: Clefairy|move: Protect\n|\n|-heal|p2b: Tornadus|94\/100|[from] item: Leftovers\n|-damage|p2a: Clefairy|48\/100 brn|[from] brn\n|upkeep\n|turn|4\n|\n|t:|1700371511\n|-terastallize|p2b: Tornadus|Flying\n|move|p2a: Clefairy|Follow Me|p2a: Clefairy\n|-singleturn|p2a: Clefairy|move: Follow Me\n|move|p1a: Walking Wake|Noble Roar|p2a: Clefairy\n|-unboost|p2a: Clefairy|atk|1\n|-unboost|p2a: Clefairy|spa|1\n|move|p2b: Tornadus|Bleakwind Storm|p1a: Walking Wake|[spread] p1a,p1b\n|-damage|p1a: Walking Wake|0 fnt\n|-damage|p1b: Skeledirge|59\/100\n|-unboost|p1b: Skeledirge|spe|1\n|faint|p1a: Walking Wake\n|-end|p1a: Walking Wake|Protosynthesis|[silent]\n|move|p1b: Skeledirge|Facade|p2a: Clefairy\n|-damage|p2a: Clefairy|32\/100 brn\n|\n|-heal|p2b: Tornadus|99\/100|[from] item: Leftovers\n|-damage|p2a: Clefairy|26\/100 brn|[from] brn\n|upkeep\n|inactive|moogera has 120 seconds left.\n|\n|t:|1700371529\n|switch|p1a: Ceruledge|Ceruledge, M|100\/100\n|-damage|p1a: Ceruledge|76\/100|[from] Stealth Rock\n|turn|5\n|\n|t:|1700371549\n|move|p2a: Clefairy|Follow Me|p2a: Clefairy\n|-singleturn|p2a: Clefairy|move: Follow Me\n|move|p1a: Ceruledge|Clear Smog|p2a: Clefairy\n|-supereffective|p2a: Clefairy\n|-damage|p2a: Clefairy|11\/100 brn\n|-clearboost|p2a: Clefairy\n|move|p2b: Tornadus|Bleakwind Storm|p1a: Ceruledge|[spread] \n|-miss|p2b: Tornadus|p1a: Ceruledge\n|-miss|p2b: Tornadus|p1b: Skeledirge\n|move|p1b: Skeledirge|Night Shade|p2a: Clefairy\n|-damage|p2a: Clefairy|0 fnt\n|faint|p2a: Clefairy\n|\n|-heal|p2b: Tornadus|100\/100|[from] item: Leftovers\n|upkeep\n|\n|t:|1700371563\n|switch|p2a: Pelipper|Pelipper, F|100\/100\n|-weather|RainDance|[from] ability: Drizzle|[of] p2a: Pelipper\n|turn|6\n|\n|t:|1700371574\n|move|p1a: Ceruledge|Bitter Blade|p2b: Tornadus\n|-end|p2b: Tornadus|Substitute\n|-heal|p1a: Ceruledge|91\/100|[from] drain|[of] p2b: Tornadus\n|move|p2b: Tornadus|Bleakwind Storm|p1b: Skeledirge|[spread] p1a,p1b\n|-damage|p1a: Ceruledge|0 fnt\n|-damage|p1b: Skeledirge|21\/100\n|faint|p1a: Ceruledge\n|move|p2a: Pelipper|Tailwind|p2a: Pelipper\n|-sidestart|p2: vegetasfeet|move: Tailwind\n|move|p1b: Skeledirge|Will-O-Wisp|p2a: Pelipper\n|-status|p2a: Pelipper|brn\n|\n|-weather|RainDance|[upkeep]\n|-damage|p2a: Pelipper|94\/100 brn|[from] brn\n|upkeep\n|\n|t:|1700371591\n|switch|p1a: Slither Wing|Slither Wing|100\/100\n|-damage|p1a: Slither Wing|88\/100|[from] Stealth Rock\n|turn|7\n|j| Elite.4.Challenger\n|\n|t:|1700371605\n|move|p2a: Pelipper|Wide Guard|p2a: Pelipper\n|-singleturn|p2a: Pelipper|Wide Guard\n|move|p2b: Tornadus|Bleakwind Storm|p1b: Skeledirge|[spread] p1a,p1b\n|-supereffective|p1a: Slither Wing\n|-damage|p1a: Slither Wing|0 fnt\n|-damage|p1b: Skeledirge|0 fnt\n|faint|p1a: Slither Wing\n|-end|p1a: Slither Wing|Protosynthesis|[silent]\n|faint|p1b: Skeledirge\n|\n|-weather|RainDance|[upkeep]\n|-damage|p2a: Pelipper|88\/100 brn|[from] brn\n|upkeep\n|\n|t:|1700371615\n|switch|p1a: Kingambit|Kingambit, F|100\/100\n|switch|p1b: Fezandipiti|Fezandipiti, M|100\/100\n|-damage|p1b: Fezandipiti|88\/100|[from] Stealth Rock\n|-damage|p1a: Kingambit|94\/100|[from] Stealth Rock\n|-activate|p1a: Kingambit|ability: Supreme Overlord\n|-start|p1a: Kingambit|fallen4|[silent]\n|turn|8\n|c| Elite.4.Challenger|yooo the sweep\n|\n|t:|1700371630\n|move|p2a: Pelipper|Wide Guard|p2a: Pelipper\n|-singleturn|p2a: Pelipper|Wide Guard\n|move|p2b: Tornadus|Bleakwind Storm|p1b: Fezandipiti|[spread] p1a,p1b\n|-resisted|p1a: Kingambit\n|-damage|p1a: Kingambit|25\/100\n|-damage|p1b: Fezandipiti|0 fnt\n|-unboost|p1a: Kingambit|spe|1\n|faint|p1b: Fezandipiti\n|move|p1a: Kingambit|Snarl|p2b: Tornadus|[spread] \n|-activate|p2a: Pelipper|move: Wide Guard\n|-activate|p2b: Tornadus|move: Wide Guard\n|\n|-weather|RainDance|[upkeep]\n|-damage|p2a: Pelipper|82\/100 brn|[from] brn\n|upkeep\n|turn|9\n|c|\u2606vegetasfeet|we call this the sauce\n|\n|t:|1700371645\n|-terastallize|p1a: Kingambit|Dark\n|move|p2b: Tornadus|Bleakwind Storm|p1a: Kingambit\n|-damage|p1a: Kingambit|0 fnt\n|faint|p1a: Kingambit\n|-end|p1a: Kingambit|fallen4|[silent]\n|\n|win|vegetasfeet\n|raw|moogera's rating: 1000 &rarr; <strong>1000<\/strong><br \/>(+0 for losing)\n|raw|vegetasfeet's rating: 1176 &rarr; <strong>1189<\/strong><br \/>(+13 for winning)\n|l|\u2606moogera\n|c| Elite.4.Challenger|alfredo\n|c|\u2606vegetasfeet|straight ragu\n|c| Elite.4.Challenger|XD\n|c| Elite.4.Challenger|what ability do you have on indeedee\n|c|\u2606vegetasfeet|psy surge\n|c|\u2606vegetasfeet|stop the only real counter to this\n|c|\u2606vegetasfeet|besides special walls\n|c| Elite.4.Challenger|send the paste\n|c|\u2606vegetasfeet|https:\/\/pokepast.es\/b49810461f820c40\n|c| Elite.4.Challenger|is there an item that extends terrain\n|c|\u2606vegetasfeet|terrain extender\n|c| Elite.4.Challenger|lol what a unique name\n|c| Elite.4.Challenger|might be worth putting it on indeedee\n|c|\u2606vegetasfeet|yea i got no priority attacks anyways\n|c| Elite.4.Challenger|idk though you'd have to test it out first\n|c| Elite.4.Challenger|true\n|c|\u2606vegetasfeet|i switched aqua jet to lash out btw\n|c|\u2606vegetasfeet|couldnt find a better water move\n","uploadtime":1700371936,"views":7,"p1id":"moogera","p2id":"vegetasfeet","formatid":"gen9doublesou","rating":1000,"private":0,"password":""}