{"id":"gen9doublesou-1971666923","p1":"SXD2002","p2":"BOB5938402910","format":"[Gen 9] Doubles OU","log":"|j|\u2606SXD2002\n|j|\u2606BOB5938402910\n|t:|1697758991\n|gametype|doubles\n|player|p1|SXD2002|silver-masters|1028\n|player|p2|BOB5938402910|102|1036\n|teamsize|p1|4\n|teamsize|p2|6\n|gen|9\n|tier|[Gen 9] Doubles OU\n|rated|\n|rule|Species Clause: Limit one of each Pok\u00e9mon\n|rule|OHKO Clause: OHKO moves are banned\n|rule|Evasion Moves Clause: Evasion moves are banned\n|rule|Gravity Sleep Clause: The combination of sleep-inducing moves with imperfect accuracy and Gravity or Gigantamax Orbeetle are banned\n|rule|Endless Battle Clause: Forcing endless battles is banned\n|rule|HP Percentage Mod: HP is shown in percentages\n|clearpoke\n|poke|p1|Lurantis, F|\n|poke|p1|Murkrow, F|\n|poke|p1|Grimmsnarl, M|\n|poke|p1|Clefairy, M|\n|poke|p2|Regieleki|\n|poke|p2|Basculegion-F, F|\n|poke|p2|Amoonguss, M|\n|poke|p2|Chi-Yu|\n|poke|p2|Cresselia, F|\n|poke|p2|Kingambit, F|\n|teampreview\n|inactive|Battle timer is ON: inactive players will automatically lose when time's up. (requested by SXD2002)\n|\n|t:|1697759011\n|start\n|switch|p1a: Grimmsnarl|Grimmsnarl, M|100\/100\n|switch|p1b: Lurantis|Lurantis, F|100\/100\n|switch|p2a: Chi-Yu|Chi-Yu|100\/100\n|switch|p2b: Cresselia|Cresselia, F|100\/100\n|-ability|p2a: Chi-Yu|Beads of Ruin\n|turn|1\n|\n|t:|1697759028\n|move|p1a: Grimmsnarl|Fake Tears|p1b: Lurantis\n|-boost|p1b: Lurantis|spd|2\n|move|p2a: Chi-Yu|Ruination|p1a: Grimmsnarl\n|-damage|p1a: Grimmsnarl|50\/100\n|move|p2b: Cresselia|Future Sight|p1a: Grimmsnarl\n|-start|p2b: Cresselia|move: Future Sight\n|move|p1b: Lurantis|Superpower|p2a: Chi-Yu\n|-supereffective|p2a: Chi-Yu\n|-crit|p2a: Chi-Yu\n|-damage|p2a: Chi-Yu|0 fnt\n|-boost|p1b: Lurantis|atk|1\n|-boost|p1b: Lurantis|def|1\n|faint|p2a: Chi-Yu\n|\n|-heal|p1a: Grimmsnarl|57\/100|[from] item: Leftovers\n|upkeep\n|\n|t:|1697759044\n|switch|p2a: Amoonguss|Amoonguss, M|100\/100\n|turn|2\n|\n|t:|1697759060\n|-terastallize|p1b: Lurantis|Steel\n|move|p1a: Grimmsnarl|Fake Tears|p1b: Lurantis\n|-boost|p1b: Lurantis|spd|2\n|move|p1b: Lurantis|Superpower|p2a: Amoonguss\n|-resisted|p2a: Amoonguss\n|-damage|p2a: Amoonguss|81\/100\n|-boost|p1b: Lurantis|atk|1\n|-boost|p1b: Lurantis|def|1\n|move|p2a: Amoonguss|Clear Smog|p1b: Lurantis\n|-immune|p1b: Lurantis\n|move|p2b: Cresselia|Trick Room|p2b: Cresselia\n|-fieldstart|move: Trick Room|[of] p2b: Cresselia\n|\n|-heal|p2a: Amoonguss|87\/100|[from] item: Leftovers\n|-heal|p1a: Grimmsnarl|63\/100|[from] item: Leftovers\n|upkeep\n|turn|3\n|\n|t:|1697759082\n|move|p1a: Grimmsnarl|Fake Tears|p1b: Lurantis\n|-boost|p1b: Lurantis|spd|2\n|move|p2a: Amoonguss|Spore|p1b: Lurantis\n|-status|p1b: Lurantis|slp|[from] move: Spore\n|cant|p1b: Lurantis|slp\n|move|p2b: Cresselia|Future Sight|p1b: Lurantis\n|-start|p2b: Cresselia|move: Future Sight\n|\n|-end|p1a: Grimmsnarl|move: Future Sight\n|-immune|p1a: Grimmsnarl\n|-heal|p2a: Amoonguss|93\/100|[from] item: Leftovers\n|-heal|p1a: Grimmsnarl|69\/100|[from] item: Leftovers\n|upkeep\n|turn|4\n|\n|t:|1697759098\n|cant|p1b: Lurantis|slp\n|move|p1a: Grimmsnarl|Fake Tears|p2b: Cresselia\n|-unboost|p2b: Cresselia|spd|2\n|move|p2a: Amoonguss|Spore|p1a: Grimmsnarl\n|-status|p1a: Grimmsnarl|slp|[from] move: Spore\n|move|p2b: Cresselia|Ice Beam|p1a: Grimmsnarl\n|-damage|p1a: Grimmsnarl|56\/100 slp\n|\n|-heal|p2a: Amoonguss|99\/100|[from] item: Leftovers\n|-heal|p1a: Grimmsnarl|62\/100 slp|[from] item: Leftovers\n|upkeep\n|turn|5\n|\n|t:|1697759113\n|cant|p1a: Grimmsnarl|slp\n|move|p2a: Amoonguss|Giga Drain|p1a: Grimmsnarl\n|-damage|p1a: Grimmsnarl|45\/100 slp\n|-heal|p2a: Amoonguss|100\/100|[from] drain|[of] p1a: Grimmsnarl\n|cant|p1b: Lurantis|slp\n|move|p2b: Cresselia|Ice Beam|p1a: Grimmsnarl\n|-damage|p1a: Grimmsnarl|32\/100 slp\n|\n|-end|p1b: Lurantis|move: Future Sight\n|-resisted|p1b: Lurantis\n|-damage|p1b: Lurantis|98\/100 slp\n|-heal|p1b: Lurantis|100\/100 slp|[from] item: Leftovers\n|-heal|p1a: Grimmsnarl|38\/100 slp|[from] item: Leftovers\n|upkeep\n|turn|6\n|\n|t:|1697759130\n|cant|p1a: Grimmsnarl|slp\n|move|p2a: Amoonguss|Giga Drain|p1a: Grimmsnarl\n|-damage|p1a: Grimmsnarl|20\/100 slp\n|-curestatus|p1b: Lurantis|slp|[msg]\n|move|p1b: Lurantis|Leaf Storm|p2b: Cresselia|[miss]\n|-miss|p1b: Lurantis|p2b: Cresselia\n|move|p2b: Cresselia|Ice Beam|p1a: Grimmsnarl\n|-damage|p1a: Grimmsnarl|7\/100 slp\n|\n|-heal|p1a: Grimmsnarl|13\/100 slp|[from] item: Leftovers\n|-fieldend|move: Trick Room\n|upkeep\n|turn|7\n|\n|t:|1697759148\n|-curestatus|p1a: Grimmsnarl|slp|[msg]\n|move|p1a: Grimmsnarl|Scary Face|p1b: Lurantis\n|-boost|p1b: Lurantis|spe|2\n|move|p1b: Lurantis|Leaf Storm|p2b: Cresselia\n|-damage|p2b: Cresselia|49\/100\n|-boost|p1b: Lurantis|spa|2\n|move|p2a: Amoonguss|Spore|p1b: Lurantis\n|-status|p1b: Lurantis|slp|[from] move: Spore\n|move|p2b: Cresselia|Trick Room|p2b: Cresselia\n|-fieldstart|move: Trick Room|[of] p2b: Cresselia\n|\n|-heal|p1a: Grimmsnarl|20\/100|[from] item: Leftovers\n|-heal|p2b: Cresselia|55\/100|[from] item: Leftovers\n|upkeep\n|turn|8\n|\n|t:|1697759169\n|cant|p1b: Lurantis|slp\n|move|p1a: Grimmsnarl|Parting Shot|p1b: Lurantis\n|-boost|p1b: Lurantis|atk|1\n|-boost|p1b: Lurantis|spa|1\n|\n|t:|1697759173\n|switch|p1a: Murkrow|Murkrow, F|100\/100|[from] Parting Shot\n|move|p2a: Amoonguss|Giga Drain|p1a: Murkrow\n|-resisted|p1a: Murkrow\n|-damage|p1a: Murkrow|92\/100\n|move|p2b: Cresselia|Ice Beam|p1a: Murkrow\n|-supereffective|p1a: Murkrow\n|-damage|p1a: Murkrow|62\/100\n|\n|-heal|p2b: Cresselia|61\/100|[from] item: Leftovers\n|upkeep\n|turn|9\n|\n|t:|1697759193\n|move|p1a: Murkrow|Thunder Wave|p2a: Amoonguss\n|-status|p2a: Amoonguss|par\n|move|p2a: Amoonguss|Spore|p1a: Murkrow\n|-status|p1a: Murkrow|slp|[from] move: Spore\n|move|p2b: Cresselia|Ice Beam|p1b: Lurantis\n|-resisted|p1b: Lurantis\n|-damage|p1b: Lurantis|99\/100 slp\n|cant|p1b: Lurantis|slp\n|\n|-heal|p2b: Cresselia|67\/100|[from] item: Leftovers\n|-heal|p1b: Lurantis|100\/100 slp|[from] item: Leftovers\n|upkeep\n|turn|10\n|\n|t:|1697759215\n|cant|p1a: Murkrow|slp\n|move|p2a: Amoonguss|Giga Drain|p1b: Lurantis\n|-resisted|p1b: Lurantis\n|-damage|p1b: Lurantis|98\/100 slp\n|move|p2b: Cresselia|Ice Beam|p1a: Murkrow\n|-supereffective|p1a: Murkrow\n|-damage|p1a: Murkrow|34\/100 slp\n|-curestatus|p1b: Lurantis|slp|[msg]\n|move|p1b: Lurantis|Leaf Storm|p2b: Cresselia\n|-damage|p2b: Cresselia|0 fnt\n|-boost|p1b: Lurantis|spa|2\n|faint|p2b: Cresselia\n|\n|-heal|p1b: Lurantis|100\/100|[from] item: Leftovers\n|upkeep\n|inactive|BOB5938402910 has 120 seconds left.\n|\n|t:|1697759232\n|switch|p2b: Basculegion|Basculegion-F, F|100\/100\n|turn|11\n|\n|t:|1697759241\n|move|p1b: Lurantis|Protect|p1b: Lurantis\n|-singleturn|p1b: Lurantis|Protect\n|cant|p1a: Murkrow|slp\n|move|p2a: Amoonguss|Spore|p1b: Lurantis\n|-activate|p1b: Lurantis|move: Protect\n|move|p2b: Basculegion|Last Respects|p1b: Lurantis\n|-activate|p1b: Lurantis|move: Protect\n|\n|-fieldend|move: Trick Room\n|upkeep\n|turn|12\n|\n|t:|1697759256\n|cant|p1a: Murkrow|slp\n|move|p2b: Basculegion|Last Respects|p1b: Lurantis\n|-damage|p1b: Lurantis|65\/100\n|move|p1b: Lurantis|Leaf Storm|p2b: Basculegion\n|-supereffective|p2b: Basculegion\n|-damage|p2b: Basculegion|0 fnt\n|-boost|p1b: Lurantis|spa|1\n|faint|p2b: Basculegion\n|cant|p2a: Amoonguss|par\n|\n|-heal|p1b: Lurantis|71\/100|[from] item: Leftovers\n|upkeep\n|\n|t:|1697759272\n|switch|p2b: Kingambit|Kingambit, F|100\/100\n|turn|13\n|\n|t:|1697759278\n|-curestatus|p1a: Murkrow|slp|[msg]\n|move|p1a: Murkrow|Taunt|p2a: Amoonguss\n|-start|p2a: Amoonguss|move: Taunt\n|move|p1b: Lurantis|Superpower|p2b: Kingambit\n|-supereffective|p2b: Kingambit\n|-enditem|p2b: Kingambit|Focus Sash\n|-damage|p2b: Kingambit|1\/100\n|-boost|p1b: Lurantis|atk|1\n|-boost|p1b: Lurantis|def|1\n|move|p2b: Kingambit|Stone Edge|p1b: Lurantis\n|-resisted|p1b: Lurantis\n|-damage|p1b: Lurantis|63\/100\n|cant|p2a: Amoonguss|move: Taunt|Spore\n|\n|-heal|p1b: Lurantis|69\/100|[from] item: Leftovers\n|upkeep\n|turn|14\n|-message|BOB5938402910 forfeited.\n|\n|win|SXD2002\n|raw|SXD2002's rating: 1028 &rarr; <strong>1065<\/strong><br \/>(+37 for winning)\n|raw|BOB5938402910's rating: 1036 &rarr; <strong>1020<\/strong><br \/>(-16 for losing)\n|l|\u2606BOB5938402910\n","uploadtime":1697759295,"views":16,"p1id":"sxd2002","p2id":"bob5938402910","formatid":"gen9doublesou","rating":1020,"private":0,"password":""}