{"id":"gen9doublesou-1989219984","p1":"Aquaknight22","p2":"iamafanofyou","format":"[Gen 9] Doubles OU","log":"|j|\u2606Aquaknight22\n|j|\u2606iamafanofyou\n|t:|1699824786\n|gametype|doubles\n|player|p1|Aquaknight22|janine|1084\n|player|p2|iamafanofyou|colress-gen7|1177\n|teamsize|p1|6\n|teamsize|p2|6\n|gen|9\n|tier|[Gen 9] Doubles OU\n|rated|\n|rule|Species Clause: Limit one of each Pok\u00e9mon\n|rule|OHKO Clause: OHKO moves are banned\n|rule|Evasion Moves Clause: Evasion moves are banned\n|rule|Gravity Sleep Clause: The combination of sleep-inducing moves with imperfect accuracy and Gravity or Gigantamax Orbeetle are banned\n|rule|Endless Battle Clause: Forcing endless battles is banned\n|rule|HP Percentage Mod: HP is shown in percentages\n|clearpoke\n|poke|p1|Lurantis, F|\n|poke|p1|Slowking-Galar, M|\n|poke|p1|Diancie|\n|poke|p1|Ursaluna, M|\n|poke|p1|Chandelure, F|\n|poke|p1|Indeedee-F, F|\n|poke|p2|Politoed, F|\n|poke|p2|Zapdos|\n|poke|p2|Ting-Lu|\n|poke|p2|Amoonguss, F|\n|poke|p2|Sylveon, M|\n|poke|p2|Landorus-Therian, M|\n|teampreview\n|inactive|Battle timer is ON: inactive players will automatically lose when time's up. (requested by iamafanofyou)\n|\n|t:|1699824807\n|start\n|switch|p1a: Slowking|Slowking-Galar, M|100\/100\n|switch|p1b: Indeedee|Indeedee-F, F, shiny|100\/100\n|switch|p2a: Politoed|Politoed, F, shiny|100\/100\n|switch|p2b: Zapdos|Zapdos|100\/100\n|-fieldstart|move: Psychic Terrain|[from] ability: Psychic Surge|[of] p1b: Indeedee\n|-weather|RainDance|[from] ability: Drizzle|[of] p2a: Politoed\n|turn|1\n|\n|t:|1699824820\n|move|p1b: Indeedee|Follow Me|p1b: Indeedee\n|-singleturn|p1b: Indeedee|move: Follow Me\n|move|p2b: Zapdos|Thunder|p1b: Indeedee\n|-damage|p1b: Indeedee|55\/100\n|move|p2a: Politoed|Ice Beam|p1b: Indeedee\n|-damage|p1b: Indeedee|31\/100\n|move|p1a: Slowking|Trick Room|p1a: Slowking\n|-fieldstart|move: Trick Room|[of] p1a: Slowking\n|\n|-weather|RainDance|[upkeep]\n|upkeep\n|turn|2\n|\n|t:|1699824836\n|move|p1a: Slowking|Psychic|p2b: Zapdos\n|-damage|p2b: Zapdos|53\/100\n|move|p2a: Politoed|Weather Ball|p1b: Indeedee\n|-damage|p1b: Indeedee|0 fnt\n|faint|p1b: Indeedee\n|move|p2b: Zapdos|Thunder|p1a: Slowking\n|-damage|p1a: Slowking|64\/100\n|\n|-weather|RainDance|[upkeep]\n|-heal|p1a: Slowking|71\/100|[from] item: Black Sludge\n|-heal|p2b: Zapdos|59\/100|[from] item: Leftovers\n|upkeep\n|\n|t:|1699824848\n|switch|p1b: Diancie|Diancie|100\/100\n|turn|3\n|\n|t:|1699824862\n|move|p1a: Slowking|Psychic|p2a: Politoed\n|-damage|p2a: Politoed|63\/100\n|move|p1b: Diancie|Diamond Storm|p2b: Zapdos|[spread] p2a,p2b\n|-supereffective|p2b: Zapdos\n|-damage|p2a: Politoed|33\/100\n|-damage|p2b: Zapdos|10\/100\n|move|p2a: Politoed|Weather Ball|p1b: Diancie\n|-supereffective|p1b: Diancie\n|-damage|p1b: Diancie|0 fnt\n|faint|p1b: Diancie\n|move|p2b: Zapdos|Hurricane|p1a: Slowking\n|-damage|p1a: Slowking|35\/100\n|\n|-weather|RainDance|[upkeep]\n|-heal|p1a: Slowking|42\/100|[from] item: Black Sludge\n|-heal|p2b: Zapdos|16\/100|[from] item: Leftovers\n|upkeep\n|\n|t:|1699824884\n|switch|p1b: Lurantis|Lurantis, F, shiny|100\/100\n|turn|4\n|\n|t:|1699824898\n|move|p1a: Slowking|Sludge Bomb|p2b: Zapdos\n|-damage|p2b: Zapdos|0 fnt\n|faint|p2b: Zapdos\n|move|p1b: Lurantis|Leaf Storm|p2a: Politoed\n|-supereffective|p2a: Politoed\n|-damage|p2a: Politoed|0 fnt\n|-boost|p1b: Lurantis|spa|2\n|faint|p2a: Politoed\n|-damage|p1b: Lurantis|91\/100|[from] item: Life Orb\n|\n|-weather|RainDance|[upkeep]\n|-heal|p1a: Slowking|48\/100|[from] item: Black Sludge\n|upkeep\n|\n|t:|1699824910\n|switch|p2a: Sylveon|Sylveon, M, shiny|100\/100\n|switch|p2b: Landorus|Landorus-Therian, M|100\/100\n|-ability|p2b: Landorus|Intimidate|boost\n|-unboost|p1a: Slowking|atk|1\n|-boost|p1b: Lurantis|atk|1\n|turn|5\n|\n|t:|1699824932\n|-terastallize|p2b: Landorus|Flying\n|move|p1a: Slowking|Ice Beam|p2b: Landorus\n|-supereffective|p2b: Landorus\n|-damage|p2b: Landorus|40\/100\n|-status|p2b: Landorus|frz\n|move|p1b: Lurantis|Leaf Storm|p2a: Sylveon\n|-damage|p2a: Sylveon|34\/100\n|-boost|p1b: Lurantis|spa|2\n|-damage|p1b: Lurantis|81\/100|[from] item: Life Orb\n|move|p2a: Sylveon|Hyper Voice|p1a: Slowking|[spread] p1a,p1b\n|-resisted|p1a: Slowking\n|-damage|p1a: Slowking|27\/100\n|-damage|p1b: Lurantis|14\/100\n|cant|p2b: Landorus|frz\n|\n|-weather|RainDance|[upkeep]\n|-heal|p1a: Slowking|33\/100|[from] item: Black Sludge\n|-fieldend|move: Trick Room\n|-fieldend|move: Psychic Terrain\n|upkeep\n|turn|6\n|inactive|Aquaknight22 has 120 seconds left.\n|\n|t:|1699824962\n|cant|p2b: Landorus|frz\n|move|p2a: Sylveon|Hyper Voice|p1b: Lurantis|[spread] p1a,p1b\n|-resisted|p1a: Slowking\n|-damage|p1a: Slowking|10\/100\n|-damage|p1b: Lurantis|0 fnt\n|faint|p1b: Lurantis\n|move|p1a: Slowking|Trick Room|p1a: Slowking\n|-fieldstart|move: Trick Room|[of] p1a: Slowking\n|\n|-weather|RainDance|[upkeep]\n|-heal|p1a: Slowking|16\/100|[from] item: Black Sludge\n|upkeep\n|inactive|Aquaknight22 has 120 seconds left.\n|\n|t:|1699824987\n|switch|p1b: Chandelure|Chandelure, F|100\/100\n|turn|7\n|inactive|Aquaknight22 has 120 seconds left.\n|\n|t:|1699825007\n|move|p1a: Slowking|Ice Beam|p2b: Landorus\n|-supereffective|p2b: Landorus\n|-damage|p2b: Landorus|0 fnt\n|faint|p2b: Landorus\n|move|p1b: Chandelure|Shadow Ball|p2a: Sylveon\n|-damage|p2a: Sylveon|2\/100\n|move|p2a: Sylveon|Hyper Voice|p1b: Chandelure|[spread] p1a,p1b\n|-resisted|p1a: Slowking\n|-resisted|p1b: Chandelure\n|-damage|p1a: Slowking|0 fnt\n|-damage|p1b: Chandelure|66\/100\n|faint|p1a: Slowking\n|\n|-weather|RainDance|[upkeep]\n|upkeep\n|\n|t:|1699825019\n|switch|p1a: Ursaluna|Ursaluna, M, shiny|100\/100\n|switch|p2b: Ting-Lu|Ting-Lu|100\/100\n|-ability|p2b: Ting-Lu|Vessel of Ruin\n|turn|8\n|\n|t:|1699825045\n|move|p1a: Ursaluna|Swords Dance|p1a: Ursaluna\n|-boost|p1a: Ursaluna|atk|2\n|move|p2b: Ting-Lu|Stone Edge|p1b: Chandelure\n|-supereffective|p1b: Chandelure\n|-damage|p1b: Chandelure|9\/100\n|move|p1b: Chandelure|Shadow Ball|p2a: Sylveon\n|-damage|p2a: Sylveon|0 fnt\n|faint|p2a: Sylveon\n|\n|-weather|none\n|-status|p1a: Ursaluna|brn|[from] item: Flame Orb\n|upkeep\n|\n|t:|1699825052\n|switch|p2a: Amoonguss|Amoonguss, F|100\/100\n|turn|9\n|\n|t:|1699825071\n|move|p1a: Ursaluna|Close Combat|p2b: Ting-Lu\n|-supereffective|p2b: Ting-Lu\n|-crit|p2b: Ting-Lu\n|-damage|p2b: Ting-Lu|0 fnt\n|-unboost|p1a: Ursaluna|def|1\n|-unboost|p1a: Ursaluna|spd|1\n|faint|p2b: Ting-Lu\n|move|p2a: Amoonguss|Sludge Bomb|p1b: Chandelure\n|-resisted|p1b: Chandelure\n|-damage|p1b: Chandelure|0 fnt\n|faint|p1b: Chandelure\n|\n|-damage|p1a: Ursaluna|94\/100 brn|[from] brn\n|upkeep\n|turn|10\n|\n|t:|1699825091\n|move|p1a: Ursaluna|Facade|p2a: Amoonguss\n|-damage|p2a: Amoonguss|0 fnt\n|faint|p2a: Amoonguss\n|\n|win|Aquaknight22\n|raw|Aquaknight22's rating: 1084 &rarr; <strong>1119<\/strong><br \/>(+35 for winning)\n|raw|iamafanofyou's rating: 1177 &rarr; <strong>1145<\/strong><br \/>(-32 for losing)\n|c|\u2606Aquaknight22|ggwp\n","uploadtime":1699825103,"views":14,"p1id":"aquaknight22","p2id":"iamafanofyou","formatid":"gen9doublesou","rating":1119,"private":0,"password":""}