{"id":"gen9doublesou-1977027561","p1":"Woodlemeister","p2":"lilbookcase","format":"[Gen 9] Doubles OU","log":"|j|\u2606Woodlemeister\n|j|\u2606lilbookcase\n|t:|1698363371\n|gametype|doubles\n|player|p1|Woodlemeister|ghetsis|\n|player|p2|lilbookcase|rocketgruntf|\n|teamsize|p1|6\n|teamsize|p2|6\n|gen|9\n|tier|[Gen 9] Doubles OU\n|rule|Species Clause: Limit one of each Pok\u00e9mon\n|rule|OHKO Clause: OHKO moves are banned\n|rule|Evasion Moves Clause: Evasion moves are banned\n|rule|Gravity Sleep Clause: The combination of sleep-inducing moves with imperfect accuracy and Gravity or Gigantamax Orbeetle are banned\n|rule|Endless Battle Clause: Forcing endless battles is banned\n|rule|HP Percentage Mod: HP is shown in percentages\n|clearpoke\n|poke|p1|Dragapult, M|\n|poke|p1|Krookodile, M|\n|poke|p1|Lycanroc-Midnight, M|\n|poke|p1|Chien-Pao|\n|poke|p1|Basculegion-F, F|\n|poke|p1|Gholdengo|\n|poke|p2|Roaring Moon|\n|poke|p2|Weezing-Galar, M|\n|poke|p2|Gholdengo|\n|poke|p2|Ursaluna, M|\n|poke|p2|Hatterene, F|\n|poke|p2|Gothitelle, F|\n|teampreview\n|\n|t:|1698363390\n|start\n|switch|p1a: Lycanroc|Lycanroc-Midnight, M|100\/100\n|switch|p1b: Krookodile|Krookodile, M|100\/100\n|switch|p2a: Roaring Gibbous|Roaring Moon|100\/100\n|switch|p2b: Smokin that Toxin|Weezing-Galar, M|100\/100\n|-ability|p2b: Smokin that Toxin|Neutralizing Gas\n|-enditem|p2a: Roaring Gibbous|Booster Energy\n|-activate|p2a: Roaring Gibbous|ability: Protosynthesis|[fromitem]\n|-start|p2a: Roaring Gibbous|protosynthesisspe\n|turn|1\n|\n|t:|1698363428\n|move|p2a: Roaring Gibbous|Tailwind|p2a: Roaring Gibbous\n|-sidestart|p2: lilbookcase|move: Tailwind\n|move|p2b: Smokin that Toxin|Will-O-Wisp|p1b: Krookodile\n|-status|p1b: Krookodile|brn\n|move|p1b: Krookodile|Stealth Rock|p2b: Smokin that Toxin\n|-sidestart|p2: lilbookcase|move: Stealth Rock\n|move|p1a: Lycanroc|Close Combat|p2a: Roaring Gibbous\n|-supereffective|p2a: Roaring Gibbous\n|-damage|p2a: Roaring Gibbous|0 fnt\n|-unboost|p1a: Lycanroc|def|1\n|-unboost|p1a: Lycanroc|spd|1\n|faint|p2a: Roaring Gibbous\n|-end|p2a: Roaring Gibbous|Protosynthesis|[silent]\n|\n|-damage|p1b: Krookodile|94\/100 brn|[from] brn\n|upkeep\n|\n|t:|1698363439\n|switch|p2a: Mr. Joe|Gholdengo|100\/100\n|-damage|p2a: Mr. Joe|94\/100|[from] Stealth Rock\n|turn|2\n|\n|t:|1698363474\n|switch|p1a: Basculegion|Basculegion-F, F|100\/100\n|move|p2a: Mr. Joe|Make It Rain|p1b: Krookodile|[spread] p1a,p1b\n|-resisted|p1a: Basculegion\n|-damage|p1a: Basculegion|60\/100\n|-damage|p1b: Krookodile|0 fnt\n|-unboost|p2a: Mr. Joe|spa|1\n|faint|p1b: Krookodile\n|move|p2b: Smokin that Toxin|Dazzling Gleam|p1a: Basculegion\n|-damage|p1a: Basculegion|34\/100\n|\n|upkeep\n|\n|t:|1698363498\n|switch|p1b: Chien-Pao|Chien-Pao|100\/100\n|turn|3\n|\n|t:|1698363521\n|move|p1b: Chien-Pao|Sucker Punch|p2a: Mr. Joe\n|-supereffective|p2a: Mr. Joe\n|-damage|p2a: Mr. Joe|11\/100\n|-damage|p1b: Chien-Pao|91\/100|[from] item: Life Orb\n|move|p2a: Mr. Joe|Make It Rain|p1a: Basculegion|[spread] p1a,p1b\n|-resisted|p1a: Basculegion\n|-supereffective|p1b: Chien-Pao\n|-damage|p1a: Basculegion|5\/100\n|-damage|p1b: Chien-Pao|0 fnt\n|-unboost|p2a: Mr. Joe|spa|1\n|faint|p1b: Chien-Pao\n|move|p1a: Basculegion|Shadow Ball|p2a: Mr. Joe\n|-supereffective|p2a: Mr. Joe\n|-crit|p2a: Mr. Joe\n|-damage|p2a: Mr. Joe|0 fnt\n|faint|p2a: Mr. Joe\n|move|p2b: Smokin that Toxin|Dazzling Gleam|p1a: Basculegion\n|-damage|p1a: Basculegion|0 fnt\n|faint|p1a: Basculegion\n|\n|upkeep\n|\n|t:|1698363567\n|switch|p1b: Gholdengo|Gholdengo|100\/100\n|switch|p1a: Lycanroc|Lycanroc-Midnight, M|100\/100\n|switch|p2a: Trick|Hatterene, F|100\/100\n|-damage|p2a: Trick|88\/100|[from] Stealth Rock\n|turn|4\n|\n|t:|1698363609\n|move|p2a: Trick|Protect|p2a: Trick\n|-singleturn|p2a: Trick|Protect\n|move|p2b: Smokin that Toxin|Will-O-Wisp|p1a: Lycanroc\n|-status|p1a: Lycanroc|brn\n|move|p1b: Gholdengo|Make It Rain|p2a: Trick|[spread] p2b\n|-activate|p2a: Trick|move: Protect\n|-supereffective|p2b: Smokin that Toxin\n|-damage|p2b: Smokin that Toxin|0 fnt\n|-unboost|p1b: Gholdengo|spa|1\n|faint|p2b: Smokin that Toxin\n|-end|p2b: Smokin that Toxin|ability: Neutralizing Gas\n|move|p1a: Lycanroc|Psychic Fangs|p2a: Trick\n|-activate|p2a: Trick|move: Protect\n|\n|-damage|p1a: Lycanroc|94\/100 brn|[from] brn\n|-sideend|p2: lilbookcase|move: Tailwind\n|upkeep\n|\n|t:|1698363625\n|switch|p2b: Waxaluna|Ursaluna, M|100\/100\n|-damage|p2b: Waxaluna|94\/100|[from] Stealth Rock\n|turn|5\n|\n|t:|1698363644\n|-terastallize|p1a: Lycanroc|Fighting\n|move|p1b: Gholdengo|Make It Rain|p2b: Waxaluna|[spread] p2a,p2b\n|-supereffective|p2a: Trick\n|-damage|p2a: Trick|0 fnt\n|-damage|p2b: Waxaluna|49\/100\n|-unboost|p1b: Gholdengo|spa|1\n|faint|p2a: Trick\n|move|p1a: Lycanroc|Close Combat|p2b: Waxaluna\n|-supereffective|p2b: Waxaluna\n|-damage|p2b: Waxaluna|0 fnt\n|-unboost|p1a: Lycanroc|def|1\n|-unboost|p1a: Lycanroc|spd|1\n|faint|p2b: Waxaluna\n|\n|-damage|p1a: Lycanroc|88\/100 brn|[from] brn\n|upkeep\n|\n|t:|1698363655\n|switch|p2b: Treat|Gothitelle, F|100\/100\n|-damage|p2b: Treat|88\/100|[from] Stealth Rock\n|-item|p1a: Lycanroc|Expert Belt|[from] ability: Frisk|[of] p2b: Treat|[identify]\n|-item|p1b: Gholdengo|Choice Specs|[from] ability: Frisk|[of] p2b: Treat|[identify]\n|turn|6\n|-message|lilbookcase forfeited.\n|\n|win|Woodlemeister\n|l|\u2606Woodlemeister\n","uploadtime":1698363676,"views":28,"p1id":"woodlemeister","p2id":"lilbookcase","formatid":"gen9doublesou","rating":0,"private":0,"password":""}