{"id":"gen9doublesou-1986091216","p1":"cotesmcgotes","p2":"gehg","format":"[Gen 9] Doubles OU","log":"|j|\u2606cotesmcgotes\n|j|\u2606gehg\n|t:|1699449100\n|gametype|doubles\n|player|p1|cotesmcgotes|flannery|1306\n|player|p2|gehg|1|1343\n|teamsize|p1|6\n|teamsize|p2|6\n|gen|9\n|tier|[Gen 9] Doubles OU\n|rated|\n|rule|Species Clause: Limit one of each Pok\u00e9mon\n|rule|OHKO Clause: OHKO moves are banned\n|rule|Evasion Moves Clause: Evasion moves are banned\n|rule|Gravity Sleep Clause: The combination of sleep-inducing moves with imperfect accuracy and Gravity or Gigantamax Orbeetle are banned\n|rule|Endless Battle Clause: Forcing endless battles is banned\n|rule|HP Percentage Mod: HP is shown in percentages\n|clearpoke\n|poke|p1|Cresselia, F|\n|poke|p1|Tsareena, F|\n|poke|p1|Chien-Pao|\n|poke|p1|Gliscor, M|\n|poke|p1|Ursaluna-Bloodmoon, M|\n|poke|p1|Walking Wake|\n|poke|p2|Tornadus, M|\n|poke|p2|Flutter Mane|\n|poke|p2|Zapdos|\n|poke|p2|Landorus-Therian, M|\n|poke|p2|Grimmsnarl, M|\n|poke|p2|Ogerpon-Hearthflame, F|\n|teampreview\n|inactive|Battle timer is ON: inactive players will automatically lose when time's up. (requested by cotesmcgotes)\n|\n|t:|1699449114\n|start\n|switch|p1a: Cresselia|Cresselia, F, shiny|100\/100\n|switch|p1b: Tsareena|Tsareena, F, shiny|100\/100\n|switch|p2a: Tornadus|Tornadus, M|100\/100\n|switch|p2b: Landorus|Landorus-Therian, M|100\/100\n|-ability|p2b: Landorus|Intimidate|boost\n|-unboost|p1a: Cresselia|atk|1\n|-unboost|p1b: Tsareena|atk|1\n|turn|1\n|\n|t:|1699449138\n|-terastallize|p1a: Cresselia|Electric\n|move|p2a: Tornadus|Taunt||[still]\n|cant|p1b: Tsareena|ability: Queenly Majesty|Taunt|[of] p2a: Tornadus\n|move|p1b: Tsareena|Acupressure|p1a: Cresselia\n|-boost|p1a: Cresselia|accuracy|2\n|move|p2b: Landorus|Swords Dance|p2b: Landorus\n|-boost|p2b: Landorus|atk|2\n|move|p1a: Cresselia|Calm Mind|p1a: Cresselia\n|-boost|p1a: Cresselia|spa|1\n|-boost|p1a: Cresselia|spd|1\n|\n|upkeep\n|turn|2\n|\n|t:|1699449166\n|move|p2a: Tornadus|Tailwind|p2a: Tornadus\n|-sidestart|p2: gehg|move: Tailwind\n|move|p2b: Landorus|Rock Slide|p1b: Tsareena|[spread] p1a,p1b\n|-damage|p1a: Cresselia|68\/100\n|-damage|p1b: Tsareena|53\/100\n|move|p1b: Tsareena|Acupressure|p1a: Cresselia\n|-boost|p1a: Cresselia|evasion|2\n|move|p1a: Cresselia|Stored Power|p2b: Landorus\n|-damage|p2b: Landorus|4\/100\n|\n|-heal|p2b: Landorus|10\/100|[from] item: Leftovers\n|upkeep\n|turn|3\n|\n|t:|1699449189\n|move|p2b: Landorus|U-turn|p1a: Cresselia|[miss]\n|-miss|p2b: Landorus|p1a: Cresselia\n|move|p2a: Tornadus|Icy Wind|p1a: Cresselia|[spread] p1a,p1b\n|-supereffective|p1b: Tsareena\n|-damage|p1a: Cresselia|60\/100\n|-damage|p1b: Tsareena|16\/100\n|-unboost|p1a: Cresselia|spe|1\n|-unboost|p1b: Tsareena|spe|1\n|move|p1b: Tsareena|Acupressure|p1a: Cresselia\n|-boost|p1a: Cresselia|evasion|2\n|move|p1a: Cresselia|Charge Beam|p2a: Tornadus\n|-supereffective|p2a: Tornadus\n|-damage|p2a: Tornadus|33\/100\n|-boost|p1a: Cresselia|spa|1\n|\n|-heal|p2b: Landorus|16\/100|[from] item: Leftovers\n|upkeep\n|turn|4\n|\n|t:|1699449217\n|move|p2b: Landorus|Rock Slide|p1a: Cresselia|[spread] p1b\n|-miss|p2b: Landorus|p1a: Cresselia\n|-damage|p1b: Tsareena|0 fnt\n|faint|p1b: Tsareena\n|move|p2a: Tornadus|Icy Wind|p1a: Cresselia|[miss]\n|-miss|p2a: Tornadus|p1a: Cresselia\n|move|p1a: Cresselia|Moonblast|p2b: Landorus\n|-damage|p2b: Landorus|0 fnt\n|faint|p2b: Landorus\n|\n|upkeep\n|\n|t:|1699449233\n|switch|p2b: Flutter Mane|Flutter Mane|100\/100\n|switch|p1b: Chien-Pao|Chien-Pao|100\/100\n|-ability|p1b: Chien-Pao|Sword of Ruin\n|-enditem|p2b: Flutter Mane|Booster Energy\n|-activate|p2b: Flutter Mane|ability: Protosynthesis|[fromitem]\n|-start|p2b: Flutter Mane|protosynthesisspa\n|turn|5\n|\n|t:|1699449258\n|-terastallize|p2b: Flutter Mane|Fairy\n|move|p2a: Tornadus|Protect|p2a: Tornadus\n|-singleturn|p2a: Tornadus|Protect\n|move|p1b: Chien-Pao|Sucker Punch|p2b: Flutter Mane\n|-resisted|p2b: Flutter Mane\n|-damage|p2b: Flutter Mane|48\/100\n|move|p2b: Flutter Mane|Dazzling Gleam|p1a: Cresselia|[spread] p1a,p1b\n|-supereffective|p1b: Chien-Pao\n|-damage|p1a: Cresselia|31\/100\n|-damage|p1b: Chien-Pao|0 fnt\n|faint|p1b: Chien-Pao\n|move|p1a: Cresselia|Calm Mind|p1a: Cresselia\n|-boost|p1a: Cresselia|spa|1\n|-boost|p1a: Cresselia|spd|1\n|\n|-sideend|p2: gehg|move: Tailwind\n|upkeep\n|inactive|cotesmcgotes has 120 seconds left.\n|\n|t:|1699449283\n|switch|p1b: Gliscor|Gliscor, M, shiny|100\/100\n|turn|6\n|inactive|cotesmcgotes has 120 seconds left.\n|\n|t:|1699449299\n|move|p1b: Gliscor|Quick Attack|p2b: Flutter Mane\n|-damage|p2b: Flutter Mane|23\/100\n|move|p2a: Tornadus|Tailwind|p2a: Tornadus\n|-sidestart|p2: gehg|move: Tailwind\n|move|p2b: Flutter Mane|Dazzling Gleam|p1a: Cresselia|[spread] p1b\n|-miss|p2b: Flutter Mane|p1a: Cresselia\n|-damage|p1b: Gliscor|15\/100\n|move|p1a: Cresselia|Charge Beam|p2b: Flutter Mane\n|-damage|p2b: Flutter Mane|0 fnt\n|-boost|p1a: Cresselia|spa|1\n|faint|p2b: Flutter Mane\n|-end|p2b: Flutter Mane|Protosynthesis|[silent]\n|\n|-status|p1b: Gliscor|tox|[from] item: Toxic Orb\n|upkeep\n|\n|t:|1699449310\n|switch|p2b: Ogerpon|Ogerpon-Hearthflame, F|100\/100\n|-ability|p2b: Ogerpon|Mold Breaker\n|turn|7\n|\n|t:|1699449326\n|move|p2b: Ogerpon|Spiky Shield|p2b: Ogerpon\n|-singleturn|p2b: Ogerpon|move: Protect\n|move|p1b: Gliscor|Quick Attack|p2a: Tornadus\n|-crit|p2a: Tornadus\n|-damage|p2a: Tornadus|11\/100\n|move|p2a: Tornadus|Icy Wind|p1b: Gliscor|[spread] p1b\n|-miss|p2a: Tornadus|p1a: Cresselia\n|-supereffective|p1b: Gliscor\n|-damage|p1b: Gliscor|0 fnt\n|faint|p1b: Gliscor\n|move|p1a: Cresselia|Stored Power|p2b: Ogerpon\n|-activate|p2b: Ogerpon|move: Protect\n|\n|upkeep\n|\n|t:|1699449338\n|switch|p1b: Walking Wake|Walking Wake|100\/100\n|turn|8\n|\n|t:|1699449347\n|move|p2a: Tornadus|Tailwind||[still]\n|-fail|p2a: Tornadus\n|move|p2b: Ogerpon|Ivy Cudgel|p1a: Cresselia|[miss]\n|-miss|p2b: Ogerpon|p1a: Cresselia\n|move|p1b: Walking Wake|Hydro Steam|p2a: Tornadus\n|-damage|p2a: Tornadus|0 fnt\n|faint|p2a: Tornadus\n|move|p1a: Cresselia|Stored Power|p2b: Ogerpon\n|-damage|p2b: Ogerpon|0 fnt\n|faint|p2b: Ogerpon\n|\n|upkeep\n|\n|t:|1699449357\n|switch|p2b: Zapdos|Zapdos|100\/100\n|switch|p2a: Grimmsnarl|Grimmsnarl, M|100\/100\n|turn|9\n|\n|t:|1699449367\n|-end|p1b: Walking Wake|Protosynthesis|[silent]\n|switch|p1b: Ursaluna|Ursaluna-Bloodmoon, M|100\/100\n|move|p2a: Grimmsnarl|Light Screen|p2a: Grimmsnarl\n|-sidestart|p2: gehg|move: Light Screen\n|move|p2b: Zapdos|Discharge|p1a: Cresselia|[spread] p2a,p1a\n|-immune|p1b: Ursaluna\n|-resisted|p1a: Cresselia\n|-damage|p2a: Grimmsnarl|84\/100\n|-damage|p1a: Cresselia|25\/100\n|-status|p2a: Grimmsnarl|par\n|move|p1a: Cresselia|Moonblast|p2a: Grimmsnarl\n|-supereffective|p2a: Grimmsnarl\n|-damage|p2a: Grimmsnarl|12\/100 par\n|-unboost|p2a: Grimmsnarl|spa|1\n|\n|-sideend|p2: gehg|move: Tailwind\n|upkeep\n|turn|10\n|\n|t:|1699449385\n|move|p1b: Ursaluna|Vacuum Wave|p2a: Grimmsnarl\n|-damage|p2a: Grimmsnarl|4\/100 par\n|cant|p2a: Grimmsnarl|par\n|move|p2b: Zapdos|Heat Wave|p1a: Cresselia|[spread] p1b\n|-miss|p2b: Zapdos|p1a: Cresselia\n|-damage|p1b: Ursaluna|81\/100\n|move|p1a: Cresselia|Stored Power|p2b: Zapdos\n|-damage|p2b: Zapdos|0 fnt\n|faint|p2b: Zapdos\n|\n|upkeep\n|turn|11\n|-message|gehg forfeited.\n|\n|win|cotesmcgotes\n|raw|cotesmcgotes's rating: 1306 &rarr; <strong>1328<\/strong><br \/>(+22 for winning)\n|raw|gehg's rating: 1343 &rarr; <strong>1321<\/strong><br \/>(-22 for losing)\n|l|\u2606gehg\n","uploadtime":1699449400,"views":16,"p1id":"cotesmcgotes","p2id":"gehg","formatid":"gen9doublesou","rating":1321,"private":0,"password":""}