{"id":"gen9doublesou-1980476661","p1":"Maboino","p2":"dangledipipples","format":"[Gen 9] Doubles OU","log":"|j|\u2606Maboino\n|j|\u203ddangledipipples\n|t:|1698788579\n|gametype|doubles\n|player|p1|Maboino|1|1330\n|player|p2|dangledipipples|veteran|1371\n|teamsize|p1|6\n|teamsize|p2|6\n|gen|9\n|tier|[Gen 9] Doubles OU\n|rated|\n|rule|Species Clause: Limit one of each Pok\u00e9mon\n|rule|OHKO Clause: OHKO moves are banned\n|rule|Evasion Moves Clause: Evasion moves are banned\n|rule|Gravity Sleep Clause: The combination of sleep-inducing moves with imperfect accuracy and Gravity or Gigantamax Orbeetle are banned\n|rule|Endless Battle Clause: Forcing endless battles is banned\n|rule|HP Percentage Mod: HP is shown in percentages\n|clearpoke\n|poke|p1|Kingambit, F|\n|poke|p1|Ogerpon-Wellspring, F|\n|poke|p1|Clefairy, M|\n|poke|p1|Kommo-o, M|\n|poke|p1|Arcanine, M|\n|poke|p1|Scizor, F|\n|poke|p2|Poliwrath, F|\n|poke|p2|Pelipper, F|\n|poke|p2|Landorus-Therian, M|\n|poke|p2|Amoonguss, M|\n|poke|p2|Raichu, M|\n|poke|p2|Bronzong|\n|teampreview\n|\n|t:|1698788595\n|start\n|switch|p1a: Kingambit|Kingambit, F|100\/100\n|switch|p1b: Ogerpon|Ogerpon-Wellspring, F|100\/100\n|switch|p2a: Raichu|Raichu, M, shiny|100\/100\n|switch|p2b: Poliwrath|Poliwrath, F|100\/100\n|turn|1\n|\n|t:|1698788672\n|-terastallize|p2b: Poliwrath|Steel\n|move|p1b: Ogerpon|Spiky Shield|p1b: Ogerpon\n|-singleturn|p1b: Ogerpon|move: Protect\n|move|p1a: Kingambit|Protect|p1a: Kingambit\n|-singleturn|p1a: Kingambit|Protect\n|move|p2a: Raichu|Fake Out|p1b: Ogerpon\n|-activate|p1b: Ogerpon|move: Protect\n|-damage|p2a: Raichu|88\/100|[from] Spiky Shield|[of] p1b: Ogerpon\n|move|p2b: Poliwrath|Belly Drum|p2b: Poliwrath\n|-damage|p2b: Poliwrath|50\/100\n|-setboost|p2b: Poliwrath|atk|6|[from] move: Belly Drum\n|-enditem|p2b: Poliwrath|Sitrus Berry|[eat]\n|-heal|p2b: Poliwrath|75\/100|[from] item: Sitrus Berry\n|\n|upkeep\n|turn|2\n|\n|t:|1698788771\n|-terastallize|p1a: Kingambit|Dark\n|move|p2b: Poliwrath|Protect|p2b: Poliwrath\n|-singleturn|p2b: Poliwrath|Protect\n|move|p1b: Ogerpon|Follow Me|p1b: Ogerpon\n|-singleturn|p1b: Ogerpon|move: Follow Me\n|move|p2a: Raichu|Thunderbolt|p1b: Ogerpon\n|-damage|p1b: Ogerpon|71\/100\n|move|p1a: Kingambit|Kowtow Cleave|p2b: Poliwrath\n|-activate|p2b: Poliwrath|move: Protect\n|\n|upkeep\n|turn|3\n|\n|t:|1698788811\n|switch|p2a: Pelipper|Pelipper, F|100\/100\n|-weather|RainDance|[from] ability: Drizzle|[of] p2a: Pelipper\n|move|p2b: Poliwrath|Drain Punch|p1a: Kingambit\n|-supereffective|p1a: Kingambit\n|-enditem|p1a: Kingambit|Chople Berry|[eat]\n|-enditem|p1a: Kingambit|Chople Berry|[weaken]\n|-damage|p1a: Kingambit|0 fnt\n|-heal|p2b: Poliwrath|100\/100|[from] drain|[of] p1a: Kingambit\n|faint|p1a: Kingambit\n|move|p1b: Ogerpon|Ivy Cudgel|p2a: Pelipper\n|-resisted|p2a: Pelipper\n|-damage|p2a: Pelipper|67\/100\n|\n|-weather|RainDance|[upkeep]\n|upkeep\n|c|\u2606Maboino|gg\n|\n|t:|1698788850\n|switch|p1a: Scizor|Scizor, F|100\/100\n|turn|4\n|\n|t:|1698788871\n|move|p2b: Poliwrath|Liquidation|p1a: Scizor\n|-damage|p1a: Scizor|0 fnt\n|faint|p1a: Scizor\n|move|p1b: Ogerpon|Ivy Cudgel|p2b: Poliwrath\n|-damage|p2b: Poliwrath|25\/100\n|move|p2a: Pelipper|Hurricane|p1b: Ogerpon\n|-supereffective|p1b: Ogerpon\n|-crit|p1b: Ogerpon\n|-damage|p1b: Ogerpon|0 fnt\n|faint|p1b: Ogerpon\n|\n|-weather|RainDance|[upkeep]\n|upkeep\n|\n|t:|1698788894\n|switch|p1b: Clefairy|Clefairy, M|100\/100\n|switch|p1a: Kommo-o|Kommo-o, M|100\/100\n|turn|5\n|\n|t:|1698788917\n|move|p1b: Clefairy|Follow Me|p1b: Clefairy\n|-singleturn|p1b: Clefairy|move: Follow Me\n|move|p2b: Poliwrath|Drain Punch|p1b: Clefairy\n|-resisted|p1b: Clefairy\n|-damage|p1b: Clefairy|50\/100\n|-heal|p2b: Poliwrath|49\/100|[from] drain|[of] p1b: Clefairy\n|move|p1a: Kommo-o|Clangorous Soul|p1a: Kommo-o\n|-boost|p1a: Kommo-o|atk|1\n|-boost|p1a: Kommo-o|def|1\n|-boost|p1a: Kommo-o|spa|1\n|-boost|p1a: Kommo-o|spd|1\n|-boost|p1a: Kommo-o|spe|1\n|-damage|p1a: Kommo-o|68\/100\n|-enditem|p1a: Kommo-o|Throat Spray\n|-boost|p1a: Kommo-o|spa|1|[from] item: Throat Spray\n|move|p2a: Pelipper|Tailwind|p2a: Pelipper\n|-sidestart|p2: dangledipipples|move: Tailwind\n|\n|-weather|RainDance|[upkeep]\n|upkeep\n|turn|6\n|\n|t:|1698788970\n|move|p1b: Clefairy|Follow Me|p1b: Clefairy\n|-singleturn|p1b: Clefairy|move: Follow Me\n|move|p1a: Kommo-o|Vacuum Wave|p2b: Poliwrath\n|-supereffective|p2b: Poliwrath\n|-damage|p2b: Poliwrath|0 fnt\n|faint|p2b: Poliwrath\n|move|p2a: Pelipper|Hurricane|p1b: Clefairy\n|-damage|p1b: Clefairy|21\/100\n|\n|-weather|RainDance|[upkeep]\n|upkeep\n|\n|t:|1698788979\n|switch|p2b: Landorus|Landorus-Therian, M|100\/100\n|-ability|p2b: Landorus|Intimidate|boost\n|-unboost|p1a: Kommo-o|atk|1\n|-unboost|p1b: Clefairy|atk|1\n|turn|7\n|\n|t:|1698789005\n|move|p1b: Clefairy|Follow Me|p1b: Clefairy\n|-singleturn|p1b: Clefairy|move: Follow Me\n|move|p2b: Landorus|Earthquake|p1a: Kommo-o|[spread] p1a,p1b\n|-immune|p2a: Pelipper\n|-damage|p1a: Kommo-o|41\/100\n|-damage|p1b: Clefairy|0 fnt\n|faint|p1b: Clefairy\n|-damage|p2b: Landorus|91\/100|[from] item: Life Orb\n|move|p2a: Pelipper|Hurricane|p1a: Kommo-o\n|-supereffective|p1a: Kommo-o\n|-damage|p1a: Kommo-o|0 fnt\n|faint|p1a: Kommo-o\n|\n|-weather|none\n|upkeep\n|-message|Maboino forfeited.\n|\n|win|dangledipipples\n|raw|Maboino's rating: 1330 &rarr; <strong>1312<\/strong><br \/>(-18 for losing)\n|raw|dangledipipples's rating: 1371 &rarr; <strong>1389<\/strong><br \/>(+18 for winning)\n|l|\u2606Maboino\n","uploadtime":1698789119,"views":17,"p1id":"maboino","p2id":"dangledipipples","formatid":"gen9doublesou","rating":1312,"private":0,"password":""}