{"id":"gen9doublesou-1994348759","p1":"literallyamoth","p2":"IStonkcare","format":"[Gen 9] Doubles OU","log":"|j|\u2606literallyamoth\n|j|\u2606IStonkcare\n|t:|1700433803\n|gametype|doubles\n|player|p1|literallyamoth|firebreather|1093\n|player|p2|IStonkcare|266|1054\n|teamsize|p1|6\n|teamsize|p2|6\n|gen|9\n|tier|[Gen 9] Doubles OU\n|rated|\n|rule|Species Clause: Limit one of each Pok\u00e9mon\n|rule|OHKO Clause: OHKO moves are banned\n|rule|Evasion Moves Clause: Evasion moves are banned\n|rule|Gravity Sleep Clause: The combination of sleep-inducing moves with imperfect accuracy and Gravity or Gigantamax Orbeetle are banned\n|rule|Endless Battle Clause: Forcing endless battles is banned\n|rule|HP Percentage Mod: HP is shown in percentages\n|clearpoke\n|poke|p1|Fezandipiti, M|\n|poke|p1|Shiftry, F|\n|poke|p1|Gliscor, M|\n|poke|p1|Arcanine-Hisui, F|\n|poke|p1|Pelipper, F|\n|poke|p1|Rillaboom, M|\n|poke|p2|Pincurchin, M|\n|poke|p2|Iron Leaves|\n|poke|p2|Noivern, M|\n|poke|p2|Wo-Chien|\n|poke|p2|Sinistcha-Masterpiece|\n|poke|p2|Tinkaton, F|\n|teampreview\n|\n|t:|1700433810\n|start\n|switch|p1a: Fezandipiti|Fezandipiti, M|100\/100\n|switch|p1b: Shiftry|Shiftry, F|100\/100\n|switch|p2a: Pincurchin|Pincurchin, M|100\/100\n|switch|p2b: Iron Leaves|Iron Leaves|100\/100\n|-fieldstart|move: Electric Terrain|[from] ability: Electric Surge|[of] p2a: Pincurchin\n|-activate|p2b: Iron Leaves|ability: Quark Drive\n|-start|p2b: Iron Leaves|quarkdriveatk\n|-enditem|p2a: Pincurchin|Electric Seed\n|-boost|p2a: Pincurchin|def|1|[from] item: Electric Seed\n|turn|1\n|\n|t:|1700433831\n|move|p2b: Iron Leaves|Psyblade|p1a: Fezandipiti\n|-supereffective|p1a: Fezandipiti\n|-damage|p1a: Fezandipiti|0 fnt\n|faint|p1a: Fezandipiti\n|move|p1b: Shiftry|Knock Off|p2b: Iron Leaves\n|-supereffective|p2b: Iron Leaves\n|-damage|p2b: Iron Leaves|36\/100\n|move|p2a: Pincurchin|Acupressure|p2b: Iron Leaves\n|-boost|p2b: Iron Leaves|evasion|2\n|\n|upkeep\n|\n|t:|1700433847\n|switch|p1a: Rillaboom|Rillaboom, M|100\/100\n|-fieldstart|move: Grassy Terrain|[from] ability: Grassy Surge|[of] p1a: Rillaboom\n|-end|p2b: Iron Leaves|Quark Drive\n|-enditem|p2b: Iron Leaves|Booster Energy\n|-activate|p2b: Iron Leaves|ability: Quark Drive|[fromitem]\n|-start|p2b: Iron Leaves|quarkdriveatk\n|turn|2\n|\n|t:|1700433863\n|move|p1a: Rillaboom|Fake Out|p2b: Iron Leaves\n|-crit|p2b: Iron Leaves\n|-damage|p2b: Iron Leaves|2\/100\n|-damage|p1a: Rillaboom|91\/100|[from] item: Life Orb\n|cant|p2b: Iron Leaves|flinch\n|move|p1b: Shiftry|Knock Off|p2b: Iron Leaves|[miss]\n|-miss|p1b: Shiftry|p2b: Iron Leaves\n|move|p2a: Pincurchin|Poison Jab|p1a: Rillaboom\n|-supereffective|p1a: Rillaboom\n|-damage|p1a: Rillaboom|56\/100\n|-status|p1a: Rillaboom|psn\n|\n|-heal|p2b: Iron Leaves|9\/100|[from] Grassy Terrain\n|-heal|p1a: Rillaboom|62\/100 psn|[from] Grassy Terrain\n|-damage|p1a: Rillaboom|50\/100 psn|[from] psn\n|upkeep\n|turn|3\n|\n|t:|1700433887\n|switch|p1b: Gliscor|Gliscor, M|100\/100\n|move|p1a: Rillaboom|Grassy Glide|p2b: Iron Leaves\n|-resisted|p2b: Iron Leaves\n|-damage|p2b: Iron Leaves|0 fnt\n|faint|p2b: Iron Leaves\n|-end|p2b: Iron Leaves|Quark Drive|[silent]\n|-damage|p1a: Rillaboom|40\/100 psn|[from] item: Life Orb\n|move|p2a: Pincurchin|Poison Jab|p1b: Gliscor\n|-resisted|p1b: Gliscor\n|-damage|p1b: Gliscor|93\/100\n|\n|-heal|p1a: Rillaboom|46\/100 psn|[from] Grassy Terrain\n|-damage|p1a: Rillaboom|34\/100 psn|[from] psn\n|-status|p1b: Gliscor|tox|[from] item: Toxic Orb\n|upkeep\n|\n|t:|1700433913\n|switch|p2b: Noivern|Noivern, M|100\/100\n|turn|4\n|\n|t:|1700433936\n|move|p1a: Rillaboom|Grassy Glide|p2a: Pincurchin\n|-damage|p2a: Pincurchin|55\/100\n|-damage|p1a: Rillaboom|24\/100 psn|[from] item: Life Orb\n|move|p2b: Noivern|Boomburst|p1a: Rillaboom|[spread] p2a,p1a,p1b\n|-damage|p2a: Pincurchin|23\/100\n|-damage|p1a: Rillaboom|0 fnt\n|-damage|p1b: Gliscor|59\/100 tox\n|faint|p1a: Rillaboom\n|move|p1b: Gliscor|Dual Wingbeat|p2b: Noivern\n|-damage|p2b: Noivern|80\/100\n|-damage|p2b: Noivern|60\/100\n|-hitcount|p2b: Noivern|2\n|move|p2a: Pincurchin|Acupressure|p2b: Noivern\n|-boost|p2b: Noivern|spe|2\n|\n|-heal|p2a: Pincurchin|29\/100|[from] Grassy Terrain\n|-heal|p1b: Gliscor|71\/100 tox|[from] ability: Poison Heal\n|upkeep\n|\n|t:|1700433954\n|switch|p1a: Arcanine|Arcanine-Hisui, F, shiny|100\/100\n|-ability|p1a: Arcanine|Intimidate|boost\n|-unboost|p2a: Pincurchin|atk|1\n|-unboost|p2b: Noivern|atk|1\n|turn|5\n|\n|t:|1700433968\n|move|p1a: Arcanine|Extreme Speed|p2b: Noivern\n|-damage|p2b: Noivern|15\/100\n|move|p2b: Noivern|Tailwind|p2b: Noivern\n|-sidestart|p2: IStonkcare|move: Tailwind\n|move|p1b: Gliscor|Dual Wingbeat|p2b: Noivern\n|-damage|p2b: Noivern|0 fnt\n|faint|p2b: Noivern\n|-hitcount|p2: Noivern|1\n|move|p2a: Pincurchin|Recover|p2a: Pincurchin\n|-heal|p2a: Pincurchin|79\/100\n|\n|-heal|p2a: Pincurchin|85\/100|[from] Grassy Terrain\n|-heal|p1b: Gliscor|83\/100 tox|[from] ability: Poison Heal\n|upkeep\n|\n|t:|1700433985\n|switch|p2b: Sinistcha|Sinistcha-Masterpiece|100\/100\n|turn|6\n|\n|t:|1700433997\n|move|p1a: Arcanine|Extreme Speed|p2a: Pincurchin\n|-damage|p2a: Pincurchin|44\/100\n|move|p2b: Sinistcha|Matcha Gotcha|p1b: Gliscor|[spread] p1a,p1b\n|-damage|p1a: Arcanine|49\/100\n|-damage|p1b: Gliscor|20\/100 tox\n|move|p1b: Gliscor|High Horsepower|p2a: Pincurchin\n|-supereffective|p2a: Pincurchin\n|-damage|p2a: Pincurchin|0 fnt\n|faint|p2a: Pincurchin\n|\n|-heal|p1a: Arcanine|55\/100|[from] Grassy Terrain\n|-heal|p1b: Gliscor|32\/100 tox|[from] ability: Poison Heal\n|-fieldend|move: Grassy Terrain\n|upkeep\n|\n|t:|1700434013\n|switch|p2a: Wo-Chien|Wo-Chien|100\/100\n|-ability|p2a: Wo-Chien|Tablets of Ruin\n|turn|7\n|\n|t:|1700434045\n|move|p1a: Arcanine|Extreme Speed|p2a: Wo-Chien\n|-damage|p2a: Wo-Chien|73\/100\n|-damage|p1a: Arcanine|39\/100|[from] item: Rocky Helmet|[of] p2a: Wo-Chien\n|move|p2b: Sinistcha|Matcha Gotcha|p1b: Gliscor|[spread] p1a\n|-miss|p2b: Sinistcha|p1b: Gliscor\n|-damage|p1a: Arcanine|2\/100\n|move|p1b: Gliscor|Dual Wingbeat|p2a: Wo-Chien\n|-supereffective|p2a: Wo-Chien\n|-damage|p2a: Wo-Chien|50\/100\n|-damage|p1b: Gliscor|16\/100 tox|[from] item: Rocky Helmet|[of] p2a: Wo-Chien\n|-supereffective|p2a: Wo-Chien\n|-damage|p2a: Wo-Chien|26\/100\n|-damage|p1b: Gliscor|0 fnt|[from] item: Rocky Helmet|[of] p2a: Wo-Chien\n|faint|p1b: Gliscor\n|-hitcount|p2a: Wo-Chien|2\n|move|p2a: Wo-Chien|Foul Play|p1a: Arcanine\n|-damage|p1a: Arcanine|0 fnt\n|faint|p1a: Arcanine\n|\n|upkeep\n|\n|t:|1700434066\n|switch|p1b: Shiftry|Shiftry, F|100\/100\n|switch|p1a: Pelipper|Pelipper, F, shiny|100\/100\n|-weather|RainDance|[from] ability: Drizzle|[of] p1a: Pelipper\n|turn|8\n|\n|t:|1700434088\n|-terastallize|p1b: Shiftry|Fire\n|move|p2b: Sinistcha|Matcha Gotcha|p1b: Shiftry|[spread] p1a,p1b\n|-resisted|p1b: Shiftry\n|-damage|p1a: Pelipper|57\/100\n|-damage|p1b: Shiftry|83\/100\n|-status|p1a: Pelipper|brn\n|move|p2a: Wo-Chien|Giga Drain|p1a: Pelipper\n|-damage|p1a: Pelipper|22\/100 brn\n|-heal|p2a: Wo-Chien|41\/100|[from] drain|[of] p1a: Pelipper\n|move|p1b: Shiftry|Knock Off|p2b: Sinistcha\n|-supereffective|p2b: Sinistcha\n|-damage|p2b: Sinistcha|44\/100\n|-enditem|p2b: Sinistcha|Leftovers|[from] move: Knock Off|[of] p1b: Shiftry\n|move|p1a: Pelipper|Tailwind|p1a: Pelipper\n|-sidestart|p1: literallyamoth|move: Tailwind\n|-ability|p1b: Shiftry|Wind Rider|boost\n|-boost|p1b: Shiftry|atk|1\n|\n|-weather|RainDance|[upkeep]\n|-damage|p1a: Pelipper|16\/100 brn|[from] brn\n|-sideend|p2: IStonkcare|move: Tailwind\n|upkeep\n|turn|9\n|\n|t:|1700434128\n|move|p1b: Shiftry|Tera Blast|p2a: Wo-Chien|[anim] Tera Blast Fire\n|-supereffective|p2a: Wo-Chien\n|-damage|p2a: Wo-Chien|7\/100\n|move|p1a: Pelipper|Hurricane|p2b: Sinistcha\n|-supereffective|p2b: Sinistcha\n|-damage|p2b: Sinistcha|0 fnt\n|faint|p2b: Sinistcha\n|move|p2a: Wo-Chien|Giga Drain|p1a: Pelipper\n|-damage|p1a: Pelipper|0 fnt\n|-heal|p2a: Wo-Chien|14\/100|[from] drain|[of] p1a: Pelipper\n|faint|p1a: Pelipper\n|\n|-weather|RainDance|[upkeep]\n|upkeep\n|\n|t:|1700434139\n|switch|p2b: Tinkaton|Tinkaton, F|100\/100\n|-ability|p2b: Tinkaton|Mold Breaker\n|turn|10\n|\n|t:|1700434159\n|move|p1b: Shiftry|Knock Off|p2b: Tinkaton\n|-resisted|p2b: Tinkaton\n|-damage|p2b: Tinkaton|68\/100\n|-enditem|p2b: Tinkaton|Leftovers|[from] move: Knock Off|[of] p1b: Shiftry\n|move|p2b: Tinkaton|Thunder Wave|p1b: Shiftry\n|-status|p1b: Shiftry|par\n|move|p2a: Wo-Chien|Foul Play|p1b: Shiftry\n|-damage|p1b: Shiftry|0 fnt\n|faint|p1b: Shiftry\n|\n|win|IStonkcare\n|raw|literallyamoth's rating: 1093 &rarr; <strong>1066<\/strong><br \/>(-27 for losing)\n|raw|IStonkcare's rating: 1054 &rarr; <strong>1089<\/strong><br \/>(+35 for winning)\n|l|\u2606literallyamoth\n","uploadtime":1700434177,"views":20,"p1id":"literallyamoth","p2id":"istonkcare","formatid":"gen9doublesou","rating":1066,"private":0,"password":""}