{"id":"gen9doublesou-1979765262","p1":"SoCallHimSquishy!","p2":"Critian Caceorte","format":"[Gen 9] Doubles OU","log":"|j|\u2606SoCallHimSquishy!\n|j|\u2606Critian Caceorte\n|t:|1698710924\n|gametype|doubles\n|player|p1|SoCallHimSquishy!|170|1000\n|player|p2|Critian Caceorte|hilda|1005\n|teamsize|p1|6\n|teamsize|p2|6\n|gen|9\n|tier|[Gen 9] Doubles OU\n|rated|\n|rule|Species Clause: Limit one of each Pok\u00e9mon\n|rule|OHKO Clause: OHKO moves are banned\n|rule|Evasion Moves Clause: Evasion moves are banned\n|rule|Gravity Sleep Clause: The combination of sleep-inducing moves with imperfect accuracy and Gravity or Gigantamax Orbeetle are banned\n|rule|Endless Battle Clause: Forcing endless battles is banned\n|rule|HP Percentage Mod: HP is shown in percentages\n|clearpoke\n|poke|p1|Palossand, M|\n|poke|p1|Greninja-*, F|\n|poke|p1|Wigglytuff, M|\n|poke|p1|Cinderace, F|\n|poke|p1|Dragapult, F|\n|poke|p1|Regieleki|\n|poke|p2|Volcarona, F|\n|poke|p2|Yanmega, M|\n|poke|p2|Scizor, M|\n|poke|p2|Frosmoth, F|\n|poke|p2|Ribombee, F|\n|poke|p2|Rabsca, M|\n|teampreview\n|\n|t:|1698710933\n|start\n|switch|p1a: Palossand|Palossand, M|100\/100\n|switch|p1b: Greninja|Greninja, F|100\/100\n|switch|p2a: Ribombee|Ribombee, F|100\/100\n|switch|p2b: Scizor|Scizor, M|100\/100\n|turn|1\n|\n|t:|1698710950\n|move|p1b: Greninja|Water Shuriken|p1a: Palossand\n|-supereffective|p1a: Palossand\n|-damage|p1a: Palossand|90\/100\n|-ability|p1a: Palossand|Water Compaction|boost\n|-boost|p1a: Palossand|def|2\n|-enditem|p1a: Palossand|Weakness Policy\n|-boost|p1a: Palossand|atk|2|[from] item: Weakness Policy\n|-boost|p1a: Palossand|spa|2|[from] item: Weakness Policy\n|-supereffective|p1a: Palossand\n|-damage|p1a: Palossand|80\/100\n|-ability|p1a: Palossand|Water Compaction|boost\n|-boost|p1a: Palossand|def|2\n|-supereffective|p1a: Palossand\n|-damage|p1a: Palossand|69\/100\n|-ability|p1a: Palossand|Water Compaction|boost\n|-boost|p1a: Palossand|def|2\n|-hitcount|p1a: Palossand|3\n|move|p2a: Ribombee|Light Screen|p2a: Ribombee\n|-sidestart|p2: Critian Caceorte|move: Light Screen\n|move|p2b: Scizor|Swords Dance|p2b: Scizor\n|-boost|p2b: Scizor|atk|2\n|move|p1a: Palossand|Shore Up|p1a: Palossand\n|-heal|p1a: Palossand|100\/100\n|\n|upkeep\n|turn|2\n|\n|t:|1698710986\n|move|p1b: Greninja|Protect|p1b: Greninja\n|-singleturn|p1b: Greninja|Protect\n|move|p2a: Ribombee|Reflect|p2a: Ribombee\n|-sidestart|p2: Critian Caceorte|Reflect\n|move|p2b: Scizor|Trailblaze|p1b: Greninja\n|-activate|p1b: Greninja|move: Protect\n|move|p1a: Palossand|Earthquake|p2b: Scizor|[spread] p2a,p2b\n|-activate|p1b: Greninja|move: Protect\n|-resisted|p2a: Ribombee\n|-damage|p2a: Ribombee|82\/100\n|-damage|p2b: Scizor|76\/100\n|\n|upkeep\n|turn|3\n|\n|t:|1698711010\n|move|p1a: Palossand|Protect|p1a: Palossand\n|-singleturn|p1a: Palossand|Protect\n|move|p2a: Ribombee|Sticky Web|p1b: Greninja\n|-sidestart|p1: SoCallHimSquishy!|move: Sticky Web\n|move|p1b: Greninja|Spikes|p2b: Scizor\n|-sidestart|p2: Critian Caceorte|Spikes\n|move|p2b: Scizor|Trailblaze|p1b: Greninja\n|-supereffective|p1b: Greninja\n|-enditem|p1b: Greninja|Focus Sash\n|-damage|p1b: Greninja|1\/100\n|-boost|p2b: Scizor|spe|1\n|\n|upkeep\n|turn|4\n|inactive|Battle timer is ON: inactive players will automatically lose when time's up. (requested by Critian Caceorte)\n|\n|t:|1698711071\n|move|p1b: Greninja|Quick Attack|p2a: Ribombee\n|-damage|p2a: Ribombee|73\/100\n|move|p2b: Scizor|Bullet Punch|p1b: Greninja\n|-resisted|p1b: Greninja\n|-damage|p1b: Greninja|0 fnt\n|faint|p1b: Greninja\n|move|p2a: Ribombee|Pollen Puff|p2b: Scizor\n|-heal|p2b: Scizor|100\/100\n|move|p1a: Palossand|Earthquake|p2a: Ribombee|[spread] p2a,p2b\n|-resisted|p2a: Ribombee\n|-damage|p2a: Ribombee|53\/100\n|-damage|p2b: Scizor|77\/100\n|\n|upkeep\n|\n|t:|1698711088\n|switch|p1b: Cinderace|Cinderace, F|100\/100\n|-activate|p1b: Cinderace|move: Sticky Web\n|-unboost|p1b: Cinderace|spe|1\n|turn|5\n|\n|t:|1698711101\n|move|p1a: Palossand|Protect|p1a: Palossand\n|-singleturn|p1a: Palossand|Protect\n|move|p2a: Ribombee|Pollen Puff|p2b: Scizor\n|-heal|p2b: Scizor|100\/100\n|move|p2b: Scizor|Dual Wingbeat|p1b: Cinderace\n|-damage|p1b: Cinderace|26\/100\n|-crit|p1b: Cinderace\n|-damage|p1b: Cinderace|0 fnt\n|faint|p1b: Cinderace\n|-hitcount|p1: Cinderace|2\n|\n|upkeep\n|\n|t:|1698711116\n|switch|p1b: Hungrybox!|Wigglytuff, M|100\/100\n|-activate|p1b: Hungrybox!|move: Sticky Web\n|-unboost|p1b: Hungrybox!|spe|1\n|-ability|p1b: Hungrybox!|Competitive|boost\n|-boost|p1b: Hungrybox!|spa|2\n|turn|6\n|\n|t:|1698711144\n|move|p2b: Scizor|Bullet Punch|p1b: Hungrybox!\n|-supereffective|p1b: Hungrybox!\n|-damage|p1b: Hungrybox!|0 fnt\n|faint|p1b: Hungrybox!\n|move|p2a: Ribombee|Pollen Puff|p1a: Palossand\n|-resisted|p1a: Palossand\n|-damage|p1a: Palossand|88\/100\n|move|p1a: Palossand|Earthquake|p2b: Scizor|[spread] p2a,p2b\n|-resisted|p2a: Ribombee\n|-damage|p2a: Ribombee|34\/100\n|-damage|p2b: Scizor|79\/100\n|\n|upkeep\n|c|\u2606SoCallHimSquishy!|METRINOME SAVE ME\n|inactive|SoCallHimSquishy! has 120 seconds left.\n|\n|t:|1698711155\n|switch|p1b: Dragapult|Dragapult, F|100\/100\n|-activate|p1b: Dragapult|move: Sticky Web\n|-fail|p1b: Dragapult|unboost|[from] ability: Clear Body|[of] p1b: Dragapult\n|turn|7\n|\n|t:|1698711168\n|move|p2b: Scizor|Bullet Punch|p1b: Dragapult\n|-damage|p1b: Dragapult|28\/100\n|move|p2a: Ribombee|Pollen Puff|p2b: Scizor\n|-heal|p2b: Scizor|100\/100\n|move|p1b: Dragapult|Draco Meteor|p2b: Scizor\n|-resisted|p2b: Scizor\n|-damage|p2b: Scizor|66\/100\n|-unboost|p1b: Dragapult|spa|2\n|-damage|p1b: Dragapult|18\/100|[from] item: Life Orb\n|move|p1a: Palossand|Earthquake|p2a: Ribombee|[spread] p1b,p2a,p2b\n|-resisted|p2a: Ribombee\n|-damage|p1b: Dragapult|0 fnt\n|-damage|p2a: Ribombee|16\/100\n|-damage|p2b: Scizor|42\/100\n|faint|p1b: Dragapult\n|\n|upkeep\n|\n|t:|1698711183\n|switch|p1b: Pidgey Counter|Regieleki|100\/100\n|-activate|p1b: Pidgey Counter|move: Sticky Web\n|-unboost|p1b: Pidgey Counter|spe|1\n|turn|8\n|\n|t:|1698711205\n|-terastallize|p1b: Pidgey Counter|Electric\n|move|p1a: Palossand|Protect|p1a: Palossand\n|-singleturn|p1a: Palossand|Protect\n|move|p2b: Scizor|Bullet Punch|p1b: Pidgey Counter\n|-resisted|p1b: Pidgey Counter\n|-damage|p1b: Pidgey Counter|39\/100\n|move|p2a: Ribombee|Pollen Puff|p2b: Scizor\n|-heal|p2b: Scizor|92\/100\n|move|p1b: Pidgey Counter|Thunder|p2a: Ribombee\n|-damage|p2a: Ribombee|0 fnt\n|faint|p2a: Ribombee\n|\n|-sideend|p2: Critian Caceorte|move: Light Screen\n|upkeep\n|\n|t:|1698711221\n|switch|p2a: Frosmoth|Frosmoth, F|100\/100\n|-damage|p2a: Frosmoth|88\/100|[from] Spikes\n|turn|9\n|-message|SoCallHimSquishy! forfeited.\n|\n|win|Critian Caceorte\n|raw|SoCallHimSquishy!'s rating: 1000 &rarr; <strong>1000<\/strong><br \/>(+0 for losing)\n|raw|Critian Caceorte's rating: 1005 &rarr; <strong>1044<\/strong><br \/>(+39 for winning)\n|l|\u2606SoCallHimSquishy!\n","uploadtime":1698711252,"views":20,"p1id":"socallhimsquishy","p2id":"critiancaceorte","formatid":"gen9doublesou","rating":1000,"private":0,"password":""}