{"id":"gen9doublesou-2000664371","p1":"STABKILL","p2":"grandmaluvr","format":"[Gen 9] Doubles OU","log":"|j|\u2606STABKILL\n|j|\u2606grandmaluvr\n|t:|1701216178\n|gametype|doubles\n|player|p1|STABKILL|102|1241\n|player|p2|grandmaluvr|elesa|1183\n|teamsize|p1|6\n|teamsize|p2|6\n|gen|9\n|tier|[Gen 9] Doubles OU\n|rated|\n|rule|Species Clause: Limit one of each Pok\u00e9mon\n|rule|OHKO Clause: OHKO moves are banned\n|rule|Evasion Moves Clause: Evasion moves are banned\n|rule|Gravity Sleep Clause: The combination of sleep-inducing moves with imperfect accuracy and Gravity or Gigantamax Orbeetle are banned\n|rule|Endless Battle Clause: Forcing endless battles is banned\n|rule|HP Percentage Mod: HP is shown in percentages\n|clearpoke\n|poke|p1|Cresselia, F|\n|poke|p1|Iron Hands|\n|poke|p1|Flutter Mane|\n|poke|p1|Scizor, M|\n|poke|p1|Manaphy|\n|poke|p1|Murkrow, F|\n|poke|p2|Ninetales-Alola, M|\n|poke|p2|Baxcalibur, M|\n|poke|p2|Tornadus, M|\n|poke|p2|Sinistcha-Masterpiece|\n|poke|p2|Ursaluna-Bloodmoon, M|\n|poke|p2|Cresselia, F|\n|teampreview\n|inactive|Battle timer is ON: inactive players will automatically lose when time's up. (requested by STABKILL)\n|\n|t:|1701216206\n|start\n|switch|p1a: Murkrow|Murkrow, F|100\/100\n|switch|p1b: Manaphy|Manaphy|100\/100\n|switch|p2a: dog|Ninetales-Alola, M|100\/100\n|switch|p2b: rah|Baxcalibur, M|100\/100\n|-weather|Snow|[from] ability: Snow Warning|[of] p2a: dog\n|turn|1\n|c|\u2606grandmaluvr|not murkrow\n|\n|t:|1701216229\n|move|p1a: Murkrow|Taunt|p2a: dog\n|-start|p2a: dog|move: Taunt\n|move|p2b: rah|Ice Shard|p1a: Murkrow\n|-supereffective|p1a: Murkrow\n|-damage|p1a: Murkrow|48\/100\n|move|p2a: dog|Moonblast|p1a: Murkrow\n|-supereffective|p1a: Murkrow\n|-damage|p1a: Murkrow|0 fnt\n|faint|p1a: Murkrow\n|move|p1b: Manaphy|Tail Glow|p1b: Manaphy\n|-boost|p1b: Manaphy|spa|3\n|\n|-weather|Snow|[upkeep]\n|upkeep\n|inactive|STABKILL has 120 seconds left.\n|\n|t:|1701216246\n|switch|p1a: Scizor|Scizor, M|100\/100\n|turn|2\n|\n|t:|1701216264\n|switch|p2a: moonlit candle|Cresselia, F|100\/100\n|move|p1a: Scizor|Protect|p1a: Scizor\n|-singleturn|p1a: Scizor|Protect\n|move|p1b: Manaphy|Baton Pass|p1b: Manaphy\n|\n|t:|1701216279\n|switch|p1b: Flutter Mane|Flutter Mane|100\/100|[from] Baton Pass\n|-enditem|p1b: Flutter Mane|Booster Energy\n|-activate|p1b: Flutter Mane|ability: Protosynthesis|[fromitem]\n|-start|p1b: Flutter Mane|protosynthesisspa\n|move|p2b: rah|Swords Dance|p2b: rah\n|-boost|p2b: rah|atk|2\n|\n|-weather|Snow|[upkeep]\n|upkeep\n|turn|3\n|\n|t:|1701216304\n|move|p2a: moonlit candle|Protect|p2a: moonlit candle\n|-singleturn|p2a: moonlit candle|Protect\n|move|p2b: rah|Ice Shard|p1b: Flutter Mane\n|-damage|p1b: Flutter Mane|0 fnt\n|faint|p1b: Flutter Mane\n|-end|p1b: Flutter Mane|Protosynthesis|[silent]\n|move|p1a: Scizor|Bullet Punch|p2b: rah\n|-supereffective|p2b: rah\n|-damage|p2b: rah|66\/100\n|-enditem|p2b: rah|Weakness Policy\n|-boost|p2b: rah|atk|2|[from] item: Weakness Policy\n|-boost|p2b: rah|spa|2|[from] item: Weakness Policy\n|\n|-weather|Snow|[upkeep]\n|upkeep\n|c|\u2606grandmaluvr|fuck flutter mane\n|inactive|STABKILL has 120 seconds left.\n|\n|t:|1701216335\n|switch|p1b: Iron Hands|Iron Hands|100\/100\n|turn|4\n|inactive|STABKILL has 120 seconds left.\n|c|\u2606STABKILL|gone\n|inactive|grandmaluvr has 120 seconds left.\n|inactive|grandmaluvr has 90 seconds left.\n|\n|t:|1701216409\n|move|p1b: Iron Hands|Fake Out|p2b: rah\n|-damage|p2b: rah|56\/100\n|cant|p2b: rah|flinch\n|move|p1a: Scizor|Bullet Punch|p2b: rah\n|-supereffective|p2b: rah\n|-damage|p2b: rah|12\/100\n|move|p2a: moonlit candle|Lunar Blessing|p2a: moonlit candle|[spread] p2a,p2b\n|-heal|p2b: rah|37\/100\n|\n|-weather|Snow|[upkeep]\n|upkeep\n|turn|5\n|c|\u2606grandmaluvr|i forgot to tera\n|c|\u2606grandmaluvr|i swear i clicked the button\n|c|\u2606grandmaluvr|fuck\n|inactive|grandmaluvr has 90 seconds left.\n|c|\u2606grandmaluvr|i was meant to ghost tera but the button didn't press\n|inactive|STABKILL has 120 seconds left.\n|c|\u2606grandmaluvr|sadness\n|\n|t:|1701216443\n|switch|p2a: cuppa|Sinistcha-Masterpiece|100\/100\n|-heal|p2b: rah|62\/100|[from] ability: Hospitality|[of] p2a: cuppa\n|move|p2b: rah|Ice Shard|p1b: Iron Hands\n|-damage|p1b: Iron Hands|53\/100\n|move|p1a: Scizor|Bullet Punch|p2b: rah\n|-supereffective|p2b: rah\n|-crit|p2b: rah\n|-damage|p2b: rah|0 fnt\n|faint|p2b: rah\n|move|p1b: Iron Hands|Belly Drum|p1b: Iron Hands\n|-damage|p1b: Iron Hands|3\/100\n|-setboost|p1b: Iron Hands|atk|6|[from] move: Belly Drum\n|-enditem|p1b: Iron Hands|Sitrus Berry|[eat]\n|-heal|p1b: Iron Hands|28\/100|[from] item: Sitrus Berry\n|\n|-weather|Snow|[upkeep]\n|upkeep\n|\n|t:|1701216462\n|switch|p2b: har har har|Ursaluna-Bloodmoon, M|100\/100\n|turn|6\n|\n|t:|1701216478\n|switch|p2a: moonlit candle|Cresselia, F|100\/100\n|-terastallize|p2b: har har har|Fighting\n|move|p1a: Scizor|Bullet Punch|p2a: moonlit candle\n|-damage|p2a: moonlit candle|70\/100\n|move|p2b: har har har|Vacuum Wave|p1b: Iron Hands\n|-damage|p1b: Iron Hands|7\/100\n|move|p1b: Iron Hands|Drain Punch|p2b: har har har\n|-damage|p2b: har har har|0 fnt\n|-heal|p1b: Iron Hands|49\/100|[from] drain|[of] p2b: har har har\n|faint|p2b: har har har\n|\n|-weather|Snow|[upkeep]\n|-heal|p2a: moonlit candle|76\/100|[from] item: Leftovers\n|upkeep\n|inactive|grandmaluvr has 60 seconds left.\n|-message|grandmaluvr forfeited.\n|\n|win|STABKILL\n|raw|STABKILL's rating: 1241 &rarr; <strong>1262<\/strong><br \/>(+21 for winning)\n|raw|grandmaluvr's rating: 1183 &rarr; <strong>1162<\/strong><br \/>(-21 for losing)\n|l|\u2606grandmaluvr\n","uploadtime":1701216315,"views":0,"p1id":"stabkill","p2id":"grandmaluvr","formatid":"gen9doublesou","rating":1162,"private":0,"password":""}