{"id":"gen9doublesou-1991723418","p1":"Danie2294","p2":"dudfman","format":"[Gen 9] Doubles OU","log":"|j|\u2606Danie2294\n|j|\u2606dudfman\n|t:|1700107131\n|gametype|doubles\n|player|p1|Danie2294|marlon|1207\n|player|p2|dudfman|2|1153\n|teamsize|p1|6\n|teamsize|p2|6\n|gen|9\n|tier|[Gen 9] Doubles OU\n|rated|\n|rule|Species Clause: Limit one of each Pok\u00e9mon\n|rule|OHKO Clause: OHKO moves are banned\n|rule|Evasion Moves Clause: Evasion moves are banned\n|rule|Gravity Sleep Clause: The combination of sleep-inducing moves with imperfect accuracy and Gravity or Gigantamax Orbeetle are banned\n|rule|Endless Battle Clause: Forcing endless battles is banned\n|rule|HP Percentage Mod: HP is shown in percentages\n|clearpoke\n|poke|p1|Landorus-Therian, M|\n|poke|p1|Empoleon, M|\n|poke|p1|Tornadus, M|\n|poke|p1|Pelipper, F|\n|poke|p1|Sinistcha|\n|poke|p1|Overqwil, M|\n|poke|p2|Golduck, M|\n|poke|p2|Politoed, M|\n|poke|p2|Amoonguss, M|\n|poke|p2|Goodra, M|\n|poke|p2|Raichu, F|\n|poke|p2|Dudunsparce-*, M|\n|teampreview\n|inactive|Battle timer is ON: inactive players will automatically lose when time's up. (requested by Danie2294)\n|inactive|dudfman has 120 seconds left.\n|\n|t:|1700107162\n|start\n|switch|p1a: Tornadus|Tornadus, M|100\/100\n|switch|p1b: Landorus|Landorus-Therian, M|100\/100\n|switch|p2a: Raichu|Raichu, F|100\/100\n|switch|p2b: Amoonguss|Amoonguss, M|100\/100\n|-ability|p1b: Landorus|Intimidate|boost\n|-unboost|p2a: Raichu|atk|1\n|-unboost|p2b: Amoonguss|atk|1\n|turn|1\n|\n|t:|1700107181\n|move|p2a: Raichu|Fake Out|p1b: Landorus\n|-damage|p1b: Landorus|95\/100\n|move|p1a: Tornadus|Taunt|p2b: Amoonguss\n|-start|p2b: Amoonguss|move: Taunt\n|cant|p1b: Landorus|flinch\n|cant|p2b: Amoonguss|move: Taunt|Spore\n|\n|upkeep\n|turn|2\n|inactive|dudfman has 120 seconds left.\n|\n|t:|1700107212\n|switch|p2b: Politoed|Politoed, M|100\/100\n|-weather|RainDance|[from] ability: Drizzle|[of] p2b: Politoed\n|move|p2a: Raichu|Protect|p2a: Raichu\n|-singleturn|p2a: Raichu|Protect\n|move|p1a: Tornadus|Tailwind|p1a: Tornadus\n|-sidestart|p1: Danie2294|move: Tailwind\n|move|p1b: Landorus|Earthquake|p2b: Politoed|[spread] p2b\n|-activate|p2a: Raichu|move: Protect\n|-immune|p1a: Tornadus\n|-crit|p2b: Politoed\n|-damage|p2b: Politoed|42\/100\n|\n|-weather|RainDance|[upkeep]\n|upkeep\n|turn|3\n|\n|t:|1700107234\n|switch|p2a: Amoonguss|Amoonguss, M|100\/100\n|move|p1a: Tornadus|Bleakwind Storm|p2b: Politoed|[spread] p2a,p2b\n|-supereffective|p2a: Amoonguss\n|-damage|p2a: Amoonguss|45\/100\n|-damage|p2b: Politoed|14\/100\n|-unboost|p2b: Politoed|spe|1\n|move|p1b: Landorus|Earthquake|p2b: Politoed|[spread] p2a,p2b\n|-immune|p1a: Tornadus\n|-damage|p2a: Amoonguss|12\/100\n|-damage|p2b: Politoed|0 fnt\n|faint|p2b: Politoed\n|\n|-weather|RainDance|[upkeep]\n|-heal|p2a: Amoonguss|18\/100|[from] item: Leftovers\n|upkeep\n|inactive|dudfman has 120 seconds left.\n|\n|t:|1700107258\n|switch|p2b: Golduck|Golduck, M, shiny|100\/100\n|turn|4\n|\n|t:|1700107270\n|switch|p2a: Goodra|Goodra, M|100\/100\n|move|p1a: Tornadus|Bleakwind Storm|p2a: Goodra|[spread] p2a,p2b\n|-damage|p2a: Goodra|78\/100\n|-damage|p2b: Golduck|54\/100\n|-unboost|p2a: Goodra|spe|1\n|move|p1b: Landorus|U-turn|p2b: Golduck\n|-damage|p2b: Golduck|20\/100\n|-enditem|p2b: Golduck|Sitrus Berry|[eat]\n|-heal|p2b: Golduck|45\/100|[from] item: Sitrus Berry\n|\n|t:|1700107282\n|switch|p1b: Overqwil|Overqwil, M|100\/100|[from] U-turn\n|move|p2b: Golduck|Chilling Water|p1b: Overqwil\n|-damage|p1b: Overqwil|48\/100\n|-unboost|p1b: Overqwil|atk|1\n|\n|-weather|RainDance|[upkeep]\n|-heal|p2a: Goodra|84\/100|[from] item: Leftovers\n|upkeep\n|turn|5\n|\n|t:|1700107302\n|move|p1b: Overqwil|Crunch|p2b: Golduck\n|-damage|p2b: Golduck|0 fnt\n|faint|p2b: Golduck\n|-damage|p1b: Overqwil|38\/100|[from] item: Life Orb\n|move|p1a: Tornadus|Bleakwind Storm|p2a: Goodra\n|-damage|p2a: Goodra|58\/100\n|move|p2a: Goodra|Thunder|p1a: Tornadus\n|-supereffective|p1a: Tornadus\n|-damage|p1a: Tornadus|33\/100\n|-status|p1a: Tornadus|par\n|\n|-weather|RainDance|[upkeep]\n|-heal|p2a: Goodra|64\/100|[from] item: Leftovers\n|-sideend|p1: Danie2294|move: Tailwind\n|upkeep\n|inactive|dudfman has 120 seconds left.\n|\n|t:|1700107323\n|switch|p2b: Raichu|Raichu, F|100\/100\n|turn|6\n|\n|t:|1700107331\n|move|p2b: Raichu|Fake Out|p1a: Tornadus\n|-damage|p1a: Tornadus|24\/100 par\n|-damage|p2b: Raichu|84\/100|[from] item: Rocky Helmet|[of] p1a: Tornadus\n|cant|p1a: Tornadus|flinch\n|move|p1b: Overqwil|Liquidation|p2b: Raichu\n|-damage|p2b: Raichu|2\/100\n|-damage|p1b: Overqwil|28\/100|[from] item: Life Orb\n|move|p2a: Goodra|Muddy Water|p1a: Tornadus|[spread] p1a,p1b\n|-damage|p1a: Tornadus|0 fnt\n|-damage|p1b: Overqwil|0 fnt\n|faint|p1a: Tornadus\n|faint|p1b: Overqwil\n|\n|-weather|RainDance|[upkeep]\n|-heal|p2a: Goodra|70\/100|[from] item: Leftovers\n|upkeep\n|\n|t:|1700107348\n|switch|p1a: Empoleon|Empoleon, M|100\/100\n|switch|p1b: Landorus|Landorus-Therian, M|95\/100\n|-ability|p1b: Landorus|Intimidate|boost\n|-unboost|p2a: Goodra|atk|1\n|-unboost|p2b: Raichu|atk|1\n|turn|7\n|\n|t:|1700107364\n|switch|p1a: Sinistcha|Sinistcha|100\/100\n|-heal|p1b: Landorus|100\/100|[from] ability: Hospitality|[of] p1a: Sinistcha\n|move|p2b: Raichu|Protect|p2b: Raichu\n|-singleturn|p2b: Raichu|Protect\n|move|p1b: Landorus|U-turn|p2b: Raichu\n|-activate|p2b: Raichu|move: Protect\n|move|p2a: Goodra|Muddy Water|p1a: Sinistcha|[spread] \n|-miss|p2a: Goodra|p1a: Sinistcha\n|-miss|p2a: Goodra|p1b: Landorus\n|\n|-weather|RainDance|[upkeep]\n|-heal|p2a: Goodra|77\/100|[from] item: Leftovers\n|upkeep\n|turn|8\n|\n|t:|1700107387\n|move|p2b: Raichu|Volt Switch|p1a: Sinistcha\n|-resisted|p1a: Sinistcha\n|-damage|p1a: Sinistcha|83\/100\n|\n|t:|1700107394\n|switch|p2b: Amoonguss|Amoonguss, M|52\/100|[from] Volt Switch\n|move|p1b: Landorus|U-turn|p2a: Goodra\n|-damage|p2a: Goodra|50\/100\n|\n|t:|1700107402\n|switch|p1b: Empoleon|Empoleon, M|100\/100|[from] U-turn\n|move|p1a: Sinistcha|Matcha Gotcha|p2b: Amoonguss|[spread] p2a,p2b\n|-resisted|p2a: Goodra\n|-resisted|p2b: Amoonguss\n|-damage|p2a: Goodra|42\/100\n|-heal|p1a: Sinistcha|87\/100|[from] drain|[of] p2a: Goodra\n|-damage|p2b: Amoonguss|47\/100\n|-heal|p1a: Sinistcha|90\/100|[from] drain|[of] p2b: Amoonguss\n|move|p2a: Goodra|Muddy Water|p1b: Empoleon|[spread] p1a,p1b\n|-resisted|p1a: Sinistcha\n|-resisted|p1b: Empoleon\n|-damage|p1a: Sinistcha|74\/100\n|-damage|p1b: Empoleon|87\/100\n|-unboost|p1a: Sinistcha|accuracy|1\n|-unboost|p1b: Empoleon|accuracy|1\n|-ability|p1b: Empoleon|Competitive|boost\n|-boost|p1b: Empoleon|spa|2\n|\n|-weather|RainDance|[upkeep]\n|-heal|p1a: Sinistcha|81\/100|[from] item: Leftovers\n|-heal|p2a: Goodra|49\/100|[from] item: Leftovers\n|-heal|p2b: Amoonguss|53\/100|[from] item: Leftovers\n|upkeep\n|turn|9\n|inactive|Danie2294 has 120 seconds left.\n|inactive|dudfman has 120 seconds left.\n|\n|t:|1700107444\n|move|p1b: Empoleon|Flash Cannon|p2b: Amoonguss\n|-damage|p2b: Amoonguss|0 fnt\n|faint|p2b: Amoonguss\n|move|p1a: Sinistcha|Matcha Gotcha|p2a: Goodra|[miss]\n|-miss|p1a: Sinistcha|p2a: Goodra\n|move|p2a: Goodra|Thunder|p1b: Empoleon\n|-supereffective|p1b: Empoleon\n|-damage|p1b: Empoleon|26\/100\n|\n|-weather|none\n|-heal|p1a: Sinistcha|87\/100|[from] item: Leftovers\n|-heal|p2a: Goodra|55\/100|[from] item: Leftovers\n|upkeep\n|\n|t:|1700107463\n|switch|p2b: Raichu|Raichu, F|2\/100\n|turn|10\n|inactive|dudfman has 120 seconds left.\n|inactive|Danie2294 has 120 seconds left.\n|\n|t:|1700107490\n|switch|p1b: Landorus|Landorus-Therian, M|100\/100\n|-ability|p1b: Landorus|Intimidate|boost\n|-unboost|p2a: Goodra|atk|1\n|-unboost|p2b: Raichu|atk|1\n|move|p2b: Raichu|Volt Switch|p1b: Landorus\n|-immune|p1b: Landorus\n|move|p1a: Sinistcha|Matcha Gotcha|p2b: Raichu|[spread] p2a\n|-miss|p1a: Sinistcha|p2b: Raichu\n|-resisted|p2a: Goodra\n|-damage|p2a: Goodra|47\/100\n|-heal|p1a: Sinistcha|90\/100|[from] drain|[of] p2a: Goodra\n|move|p2a: Goodra|Sludge Bomb|p1a: Sinistcha\n|-damage|p1a: Sinistcha|64\/100\n|\n|-heal|p1a: Sinistcha|70\/100|[from] item: Leftovers\n|-heal|p2a: Goodra|53\/100|[from] item: Leftovers\n|upkeep\n|turn|11\n|inactive|dudfman has 120 seconds left.\n|inactive|Danie2294 has 120 seconds left.\n|\n|t:|1700107521\n|move|p2b: Raichu|Protect|p2b: Raichu\n|-singleturn|p2b: Raichu|Protect\n|move|p1b: Landorus|U-turn|p2b: Raichu\n|-activate|p2b: Raichu|move: Protect\n|move|p1a: Sinistcha|Matcha Gotcha|p2a: Goodra|[spread] \n|-activate|p2b: Raichu|move: Protect\n|-miss|p1a: Sinistcha|p2a: Goodra\n|move|p2a: Goodra|Muddy Water|p1b: Landorus|[spread] p1a,p1b\n|-resisted|p1a: Sinistcha\n|-supereffective|p1b: Landorus\n|-damage|p1a: Sinistcha|60\/100\n|-damage|p1b: Landorus|60\/100\n|\n|-heal|p1a: Sinistcha|66\/100|[from] item: Leftovers\n|-heal|p2a: Goodra|60\/100|[from] item: Leftovers\n|upkeep\n|turn|12\n|inactive|dudfman has 120 seconds left.\n|\n|t:|1700107548\n|switch|p1a: Pelipper|Pelipper, F|100\/100\n|-weather|RainDance|[from] ability: Drizzle|[of] p1a: Pelipper\n|move|p2b: Raichu|Volt Switch|p1a: Pelipper\n|-supereffective|p1a: Pelipper\n|-damage|p1a: Pelipper|0 fnt\n|faint|p1a: Pelipper\n|\n|t:|1700107557\n|switch|p2b: Dudunsparce|Dudunsparce, M, shiny|100\/100|[from] Volt Switch\n|move|p1b: Landorus|U-turn|p2b: Dudunsparce\n|-damage|p2b: Dudunsparce|76\/100\n|\n|t:|1700107572\n|switch|p1b: Empoleon|Empoleon, M|26\/100|[from] U-turn\n|move|p2a: Goodra|Sludge Bomb|p1b: Empoleon\n|-immune|p1b: Empoleon\n|\n|-weather|RainDance|[upkeep]\n|-heal|p2a: Goodra|66\/100|[from] item: Leftovers\n|upkeep\n|\n|t:|1700107577\n|switch|p1a: Sinistcha|Sinistcha|66\/100\n|-heal|p1b: Empoleon|51\/100|[from] ability: Hospitality|[of] p1a: Sinistcha\n|turn|13\n|inactive|dudfman has 120 seconds left.\n|\n|t:|1700107610\n|-terastallize|p1b: Empoleon|Water\n|move|p1b: Empoleon|Roost|p1b: Empoleon\n|-heal|p1b: Empoleon|100\/100\n|move|p1a: Sinistcha|Strength Sap|p2b: Dudunsparce\n|-unboost|p2b: Dudunsparce|atk|1\n|-heal|p1a: Sinistcha|100\/100\n|move|p2b: Dudunsparce|Drill Run|p1b: Empoleon\n|-damage|p1b: Empoleon|85\/100\n|move|p2a: Goodra|Thunder|p1b: Empoleon\n|-supereffective|p1b: Empoleon\n|-damage|p1b: Empoleon|21\/100\n|\n|-weather|RainDance|[upkeep]\n|-heal|p2a: Goodra|72\/100|[from] item: Leftovers\n|upkeep\n|turn|14\n|inactive|dudfman has 120 seconds left.\n|\n|t:|1700107636\n|switch|p1b: Landorus|Landorus-Therian, M|60\/100\n|-ability|p1b: Landorus|Intimidate|boost\n|-unboost|p2a: Goodra|atk|1\n|-unboost|p2b: Dudunsparce|atk|1\n|move|p1a: Sinistcha|Matcha Gotcha|p2a: Goodra|[spread] p2a,p2b\n|-resisted|p2a: Goodra\n|-damage|p2a: Goodra|64\/100\n|-damage|p2b: Dudunsparce|58\/100\n|-status|p2b: Dudunsparce|brn\n|move|p2b: Dudunsparce|Coil|p2b: Dudunsparce\n|-boost|p2b: Dudunsparce|atk|1\n|-boost|p2b: Dudunsparce|def|1\n|-boost|p2b: Dudunsparce|accuracy|1\n|move|p2a: Goodra|Muddy Water|p1b: Landorus|[spread] p1a,p1b\n|-resisted|p1a: Sinistcha\n|-supereffective|p1b: Landorus\n|-damage|p1a: Sinistcha|86\/100\n|-damage|p1b: Landorus|0 fnt\n|faint|p1b: Landorus\n|\n|-weather|RainDance|[upkeep]\n|-heal|p1a: Sinistcha|92\/100|[from] item: Leftovers\n|-heal|p2a: Goodra|70\/100|[from] item: Leftovers\n|-damage|p2b: Dudunsparce|52\/100 brn|[from] brn\n|upkeep\n|inactive|Danie2294 has 120 seconds left.\n|\n|t:|1700107652\n|switch|p1b: Empoleon|Empoleon, M, tera:Water|21\/100\n|turn|15\n|\n|t:|1700107679\n|move|p1a: Sinistcha|Rage Powder|p1a: Sinistcha\n|-singleturn|p1a: Sinistcha|move: Rage Powder\n|move|p1b: Empoleon|Roost|p1b: Empoleon\n|-heal|p1b: Empoleon|71\/100\n|move|p2b: Dudunsparce|Rock Slide|p1a: Sinistcha|[spread] p1a,p1b\n|-damage|p1a: Sinistcha|90\/100\n|-damage|p1b: Empoleon|66\/100\n|move|p2a: Goodra|Thunder|p1a: Sinistcha\n|-resisted|p1a: Sinistcha\n|-damage|p1a: Sinistcha|73\/100\n|\n|-weather|RainDance|[upkeep]\n|-heal|p1a: Sinistcha|79\/100|[from] item: Leftovers\n|-heal|p2a: Goodra|77\/100|[from] item: Leftovers\n|-damage|p2b: Dudunsparce|46\/100 brn|[from] brn\n|upkeep\n|turn|16\n|\n|t:|1700107701\n|move|p1a: Sinistcha|Rage Powder|p1a: Sinistcha\n|-singleturn|p1a: Sinistcha|move: Rage Powder\n|move|p1b: Empoleon|Hydro Pump|p2a: Goodra\n|-resisted|p2a: Goodra\n|-crit|p2a: Goodra\n|-damage|p2a: Goodra|8\/100\n|move|p2b: Dudunsparce|Coil|p2b: Dudunsparce\n|-boost|p2b: Dudunsparce|atk|1\n|-boost|p2b: Dudunsparce|def|1\n|-boost|p2b: Dudunsparce|accuracy|1\n|move|p2a: Goodra|Sludge Bomb|p1a: Sinistcha\n|-damage|p1a: Sinistcha|51\/100\n|-status|p1a: Sinistcha|psn\n|\n|-weather|RainDance|[upkeep]\n|-heal|p1a: Sinistcha|57\/100 psn|[from] item: Leftovers\n|-heal|p2a: Goodra|14\/100|[from] item: Leftovers\n|-damage|p1a: Sinistcha|44\/100 psn|[from] psn\n|-damage|p2b: Dudunsparce|40\/100 brn|[from] brn\n|upkeep\n|turn|17\n|\n|t:|1700107724\n|move|p1b: Empoleon|Flash Cannon|p2a: Goodra\n|-damage|p2a: Goodra|0 fnt\n|faint|p2a: Goodra\n|move|p1a: Sinistcha|Matcha Gotcha|p2b: Dudunsparce\n|-damage|p2b: Dudunsparce|18\/100 brn\n|-heal|p1a: Sinistcha|57\/100 psn|[from] drain|[of] p2b: Dudunsparce\n|move|p2b: Dudunsparce|Rock Slide|p1a: Sinistcha|[spread] p1a,p1b\n|-damage|p1a: Sinistcha|53\/100 psn\n|-damage|p1b: Empoleon|57\/100\n|\n|-weather|RainDance|[upkeep]\n|-heal|p1a: Sinistcha|59\/100 psn|[from] item: Leftovers\n|-damage|p1a: Sinistcha|47\/100 psn|[from] psn\n|-damage|p2b: Dudunsparce|12\/100 brn|[from] brn\n|upkeep\n|inactive|dudfman has 120 seconds left.\n|\n|t:|1700107741\n|switch|p2a: Raichu|Raichu, F|2\/100\n|turn|18\n|c|\u2606Danie2294|This was a really good battle\n|-activate|p2b: Dudunsparce|item: Quick Claw\n|\n|t:|1700107766\n|move|p2b: Dudunsparce|Rock Slide|p1b: Empoleon|[spread] p1a,p1b\n|-damage|p1a: Sinistcha|42\/100 psn\n|-damage|p1b: Empoleon|49\/100\n|move|p2a: Raichu|Volt Switch|p1b: Empoleon\n|-supereffective|p1b: Empoleon\n|-damage|p1b: Empoleon|0 fnt\n|faint|p1b: Empoleon\n|cant|p1a: Sinistcha|flinch\n|\n|-weather|RainDance|[upkeep]\n|-heal|p1a: Sinistcha|48\/100 psn|[from] item: Leftovers\n|-damage|p1a: Sinistcha|36\/100 psn|[from] psn\n|-damage|p2b: Dudunsparce|6\/100 brn|[from] brn\n|upkeep\n|turn|19\n|\n|t:|1700107792\n|move|p2a: Raichu|Volt Switch|p1a: Sinistcha\n|-resisted|p1a: Sinistcha\n|-damage|p1a: Sinistcha|20\/100 psn\n|move|p1a: Sinistcha|Matcha Gotcha|p2a: Raichu|[spread] p2a,p2b\n|-damage|p2a: Raichu|0 fnt\n|-heal|p1a: Sinistcha|21\/100 psn|[from] drain|[of] p2a: Raichu\n|-damage|p2b: Dudunsparce|0 fnt\n|-heal|p1a: Sinistcha|25\/100 psn|[from] drain|[of] p2b: Dudunsparce\n|faint|p2a: Raichu\n|faint|p2b: Dudunsparce\n|\n|win|Danie2294\n|raw|Danie2294's rating: 1207 &rarr; <strong>1228<\/strong><br \/>(+21 for winning)\n|raw|dudfman's rating: 1153 &rarr; <strong>1132<\/strong><br \/>(-21 for losing)\n|c|\u2606Danie2294|Gg\n","uploadtime":1700107806,"views":22,"p1id":"danie2294","p2id":"dudfman","formatid":"gen9doublesou","rating":1132,"private":0,"password":""}