{"id":"gen9doublesou-1993151279","p1":"Kiky14","p2":"ElliottTJX","format":"[Gen 9] Doubles OU","log":"|j|\u2606Kiky14\n|j|\u2606ElliottTJX\n|t:|1700270961\n|gametype|doubles\n|player|p1|Kiky14|hilda-wonderlauncher|1410\n|player|p2|ElliottTJX|alec-anime|1520\n|teamsize|p1|6\n|teamsize|p2|6\n|gen|9\n|tier|[Gen 9] Doubles OU\n|rated|\n|rule|Species Clause: Limit one of each Pok\u00e9mon\n|rule|OHKO Clause: OHKO moves are banned\n|rule|Evasion Moves Clause: Evasion moves are banned\n|rule|Gravity Sleep Clause: The combination of sleep-inducing moves with imperfect accuracy and Gravity or Gigantamax Orbeetle are banned\n|rule|Endless Battle Clause: Forcing endless battles is banned\n|rule|HP Percentage Mod: HP is shown in percentages\n|clearpoke\n|poke|p1|Sinistcha|\n|poke|p1|Moltres-Galar|\n|poke|p1|Arcanine-Hisui, M|\n|poke|p1|Ogerpon-Wellspring, F|\n|poke|p1|Klefki, F|\n|poke|p1|Landorus-Therian, M|\n|poke|p2|Iron Hands|\n|poke|p2|Farigiraf, F|\n|poke|p2|Tornadus, M|\n|poke|p2|Chi-Yu|\n|poke|p2|Sinistcha|\n|poke|p2|Dragonite, M|\n|teampreview\n|inactive|Battle timer is ON: inactive players will automatically lose when time's up. (requested by ElliottTJX)\n|l|\u2606Kiky14\n|inactive|Kiky14 disconnected and has a minute to reconnect!\n|player|p1|\n|j|\u2606Kiky14\n|inactive|Kiky14 reconnected and has 120 seconds left.\n|player|p1|Kiky14|hilda-wonderlauncher\n|\n|t:|1700271006\n|start\n|switch|p1a: Landorus|Landorus-Therian, M|100\/100\n|switch|p1b: Klefki|Klefki, F|100\/100\n|switch|p2a: Farigiraf|Farigiraf, F|100\/100\n|switch|p2b: Iron Hands|Iron Hands|100\/100\n|-ability|p1a: Landorus|Intimidate|boost\n|-unboost|p2a: Farigiraf|atk|1\n|-unboost|p2b: Iron Hands|atk|1\n|turn|1\n|\n|t:|1700271022\n|move|p2b: Iron Hands|Fake Out|p1a: Landorus\n|-damage|p1a: Landorus|87\/100\n|move|p1b: Klefki|Reflect|p1b: Klefki\n|-sidestart|p1: Kiky14|Reflect\n|cant|p1a: Landorus|flinch\n|move|p2a: Farigiraf|Trick Room|p2a: Farigiraf\n|-fieldstart|move: Trick Room|[of] p2a: Farigiraf\n|-enditem|p2a: Farigiraf|Room Service\n|-unboost|p2a: Farigiraf|spe|1|[from] item: Room Service\n|\n|upkeep\n|turn|2\n|\n|t:|1700271037\n|switch|p2a: Sinistcha|Sinistcha|100\/100\n|-end|p2b: Iron Hands|Quark Drive|[silent]\n|switch|p2b: Dragonite|Dragonite, M|100\/100\n|move|p1b: Klefki|Light Screen|p1b: Klefki\n|-sidestart|p1: Kiky14|move: Light Screen\n|move|p1a: Landorus|U-turn|p2a: Sinistcha\n|-damage|p2a: Sinistcha|82\/100\n|\n|t:|1700271049\n|switch|p1a: Arcanine|Arcanine-Hisui, M|100\/100|[from] U-turn\n|-ability|p1a: Arcanine|Intimidate|boost\n|-unboost|p2a: Sinistcha|atk|1\n|-unboost|p2b: Dragonite|atk|1\n|\n|-heal|p2a: Sinistcha|88\/100|[from] item: Leftovers\n|upkeep\n|turn|3\n|\n|t:|1700271064\n|move|p1b: Klefki|Thunder Wave|p2b: Dragonite\n|-status|p2b: Dragonite|par\n|move|p2b: Dragonite|Earthquake|p1a: Arcanine|[spread] p2a,p1a,p1b\n|-resisted|p2a: Sinistcha\n|-supereffective|p1a: Arcanine\n|-supereffective|p1b: Klefki\n|-damage|p2a: Sinistcha|77\/100\n|-damage|p1a: Arcanine|12\/100\n|-damage|p1b: Klefki|62\/100\n|-enditem|p1a: Arcanine|Sitrus Berry|[eat]\n|-heal|p1a: Arcanine|36\/100|[from] item: Sitrus Berry\n|move|p2a: Sinistcha|Matcha Gotcha|p1b: Klefki|[spread] p1a,p1b\n|-resisted|p1b: Klefki\n|-crit|p1b: Klefki\n|-damage|p1a: Arcanine|21\/100\n|-heal|p2a: Sinistcha|85\/100|[from] drain|[of] p1a: Arcanine\n|-damage|p1b: Klefki|44\/100\n|-heal|p2a: Sinistcha|94\/100|[from] drain|[of] p1b: Klefki\n|-status|p1b: Klefki|brn\n|move|p1a: Arcanine|Rock Slide|p2b: Dragonite|[spread] p2a,p2b\n|-supereffective|p2b: Dragonite\n|-damage|p2a: Sinistcha|78\/100\n|-damage|p2b: Dragonite|81\/100 par\n|\n|-heal|p2a: Sinistcha|84\/100|[from] item: Leftovers\n|-damage|p1b: Klefki|38\/100 brn|[from] brn\n|upkeep\n|turn|4\n|inactive|Kiky14 has 120 seconds left.\n|\n|t:|1700271107\n|switch|p1b: Moltres|Moltres-Galar|100\/100\n|switch|p1a: Landorus|Landorus-Therian, M|87\/100\n|-ability|p1a: Landorus|Intimidate|boost\n|-unboost|p2a: Sinistcha|atk|1\n|-unboost|p2b: Dragonite|atk|1\n|move|p2b: Dragonite|Earthquake|p1a: Landorus|[spread] p2a\n|-immune|p1a: Landorus\n|-immune|p1b: Moltres\n|-resisted|p2a: Sinistcha\n|-damage|p2a: Sinistcha|77\/100\n|move|p2a: Sinistcha|Strength Sap|p1a: Landorus\n|-unboost|p1a: Landorus|atk|1\n|-heal|p2a: Sinistcha|100\/100\n|\n|upkeep\n|turn|5\n|inactive|Kiky14 has 120 seconds left.\n|\n|t:|1700271145\n|switch|p2b: Tornadus|Tornadus, M|100\/100\n|switch|p2a: Chi-Yu|Chi-Yu|100\/100\n|-ability|p2a: Chi-Yu|Beads of Ruin\n|move|p1b: Moltres|Fiery Wrath|p2a: Chi-Yu|[spread] p2a,p2b\n|-resisted|p2a: Chi-Yu\n|-damage|p2a: Chi-Yu|86\/100\n|-damage|p2b: Tornadus|51\/100\n|move|p1a: Landorus|U-turn|p2a: Chi-Yu\n|-damage|p2a: Chi-Yu|56\/100\n|inactive|Kiky14 has 90 seconds left.\n|\n|t:|1700271163\n|switch|p1a: Klefki|Klefki, F|38\/100 brn|[from] U-turn\n|\n|-damage|p1a: Klefki|32\/100 brn|[from] brn\n|-fieldend|move: Trick Room\n|upkeep\n|turn|6\n|\n|t:|1700271185\n|switch|p1b: Sinistcha|Sinistcha|100\/100\n|-heal|p1a: Klefki|56\/100 brn|[from] ability: Hospitality|[of] p1b: Sinistcha\n|move|p2b: Tornadus|Protect|p2b: Tornadus\n|-singleturn|p2b: Tornadus|Protect\n|move|p1a: Klefki|Thunder Wave|p2b: Tornadus\n|-activate|p2b: Tornadus|move: Protect\n|move|p2a: Chi-Yu|Heat Wave|p1a: Klefki|[spread] p1a,p1b\n|-supereffective|p1a: Klefki\n|-supereffective|p1b: Sinistcha\n|-damage|p1a: Klefki|0 fnt\n|-damage|p1b: Sinistcha|26\/100\n|faint|p1a: Klefki\n|-damage|p2a: Chi-Yu|46\/100|[from] item: Life Orb\n|\n|-heal|p1b: Sinistcha|32\/100|[from] item: Leftovers\n|upkeep\n|inactive|Kiky14 has 90 seconds left.\n|\n|t:|1700271200\n|switch|p1a: Landorus|Landorus-Therian, M|87\/100\n|-ability|p1a: Landorus|Intimidate|boost\n|-unboost|p2a: Chi-Yu|atk|1\n|-unboost|p2b: Tornadus|atk|1\n|turn|7\n|\n|t:|1700271214\n|move|p1a: Landorus|Rock Slide|p2a: Chi-Yu|[spread] p2a,p2b\n|-supereffective|p2a: Chi-Yu\n|-supereffective|p2b: Tornadus\n|-damage|p2a: Chi-Yu|0 fnt\n|-damage|p2b: Tornadus|0 fnt\n|faint|p2a: Chi-Yu\n|faint|p2b: Tornadus\n|move|p1b: Sinistcha|Strength Sap|p2: Chi-Yu|[notarget]\n|-fail|p1b: Sinistcha\n|\n|-heal|p1b: Sinistcha|38\/100|[from] item: Leftovers\n|upkeep\n|\n|t:|1700271230\n|switch|p2b: Sinistcha|Sinistcha|100\/100\n|switch|p2a: Dragonite|Dragonite, M|81\/100 par\n|-heal|p2a: Dragonite|100\/100 par|[from] ability: Hospitality|[of] p2b: Sinistcha\n|turn|8\n|\n|t:|1700271241\n|move|p1a: Landorus|Rock Slide|p2b: Sinistcha|[spread] p2a,p2b\n|-supereffective|p2a: Dragonite\n|-crit|p2b: Sinistcha\n|-damage|p2a: Dragonite|80\/100 par\n|-damage|p2b: Sinistcha|78\/100\n|move|p1b: Sinistcha|Strength Sap|p2a: Dragonite\n|-unboost|p2a: Dragonite|atk|1\n|-heal|p1b: Sinistcha|100\/100\n|cant|p2a: Dragonite|par\n|move|p2b: Sinistcha|Trick Room|p2b: Sinistcha\n|-fieldstart|move: Trick Room|[of] p2b: Sinistcha\n|\n|-heal|p2b: Sinistcha|84\/100|[from] item: Leftovers\n|-sideend|p1: Kiky14|Reflect\n|upkeep\n|turn|9\n|\n|t:|1700271269\n|move|p2a: Dragonite|Dragon Claw|p1a: Landorus\n|-damage|p1a: Landorus|36\/100\n|move|p2b: Sinistcha|Strength Sap|p1a: Landorus\n|-unboost|p1a: Landorus|atk|1\n|-heal|p2b: Sinistcha|100\/100\n|move|p1b: Sinistcha|Strength Sap|p2a: Dragonite\n|-unboost|p2a: Dragonite|atk|1\n|move|p1a: Landorus|Rock Slide|p2a: Dragonite|[spread] p2a,p2b\n|-supereffective|p2a: Dragonite\n|-damage|p2a: Dragonite|56\/100 par\n|-damage|p2b: Sinistcha|90\/100\n|\n|-heal|p2b: Sinistcha|96\/100|[from] item: Leftovers\n|-sideend|p1: Kiky14|move: Light Screen\n|upkeep\n|turn|10\n|\n|t:|1700271286\n|switch|p1a: Arcanine|Arcanine-Hisui, M|21\/100\n|-ability|p1a: Arcanine|Intimidate|boost\n|-unboost|p2a: Dragonite|atk|1\n|-unboost|p2b: Sinistcha|atk|1\n|move|p2a: Dragonite|Dragon Claw|p1a: Arcanine\n|-damage|p1a: Arcanine|0 fnt\n|faint|p1a: Arcanine\n|move|p2b: Sinistcha|Matcha Gotcha|p1b: Sinistcha\n|-resisted|p1b: Sinistcha\n|-damage|p1b: Sinistcha|86\/100\n|-heal|p2b: Sinistcha|100\/100|[from] drain|[of] p1b: Sinistcha\n|-status|p1b: Sinistcha|brn\n|move|p1b: Sinistcha|Matcha Gotcha|p2b: Sinistcha|[spread] p2a,p2b\n|-resisted|p2a: Dragonite\n|-resisted|p2b: Sinistcha\n|-damage|p2a: Dragonite|50\/100 par\n|-heal|p1b: Sinistcha|89\/100 brn|[from] drain|[of] p2a: Dragonite\n|-damage|p2b: Sinistcha|87\/100\n|-heal|p1b: Sinistcha|96\/100 brn|[from] drain|[of] p2b: Sinistcha\n|\n|-heal|p2b: Sinistcha|93\/100|[from] item: Leftovers\n|-heal|p1b: Sinistcha|100\/100 brn|[from] item: Leftovers\n|-damage|p1b: Sinistcha|94\/100 brn|[from] brn\n|upkeep\n|\n|t:|1700271297\n|switch|p1a: Moltres|Moltres-Galar|100\/100\n|turn|11\n|\n|t:|1700271307\n|switch|p2b: Iron Hands|Iron Hands|100\/100\n|cant|p2a: Dragonite|par\n|move|p1b: Sinistcha|Matcha Gotcha|p2a: Dragonite|[spread] p2a,p2b\n|-resisted|p2a: Dragonite\n|-damage|p2a: Dragonite|45\/100 par\n|-heal|p1b: Sinistcha|98\/100 brn|[from] drain|[of] p2a: Dragonite\n|-damage|p2b: Iron Hands|76\/100\n|-heal|p1b: Sinistcha|100\/100 brn|[from] drain|[of] p2b: Iron Hands\n|move|p1a: Moltres|Fiery Wrath|p2a: Dragonite|[spread] p2a,p2b\n|-resisted|p2b: Iron Hands\n|-damage|p2a: Dragonite|24\/100 par\n|-damage|p2b: Iron Hands|63\/100\n|\n|-damage|p1b: Sinistcha|94\/100 brn|[from] brn\n|upkeep\n|turn|12\n|\n|t:|1700271328\n|switch|p2a: Farigiraf|Farigiraf, F|100\/100\n|move|p1a: Moltres|Protect|p1a: Moltres\n|-singleturn|p1a: Moltres|Protect\n|move|p2b: Iron Hands|Fake Out|p1a: Moltres\n|-activate|p1a: Moltres|move: Protect\n|move|p1b: Sinistcha|Strength Sap|p2b: Iron Hands\n|-unboost|p2b: Iron Hands|atk|1\n|-heal|p1b: Sinistcha|100\/100 brn\n|\n|-damage|p1b: Sinistcha|94\/100 brn|[from] brn\n|-fieldend|move: Trick Room\n|upkeep\n|turn|13\n|inactive|Kiky14 has 120 seconds left.\n|\n|t:|1700271360\n|-end|p2b: Iron Hands|Quark Drive|[silent]\n|switch|p2b: Dragonite|Dragonite, M|24\/100 par\n|-terastallize|p1a: Moltres|Dark\n|move|p1b: Sinistcha|Rage Powder|p1b: Sinistcha\n|-singleturn|p1b: Sinistcha|move: Rage Powder\n|move|p1a: Moltres|Fiery Wrath|p2b: Dragonite|[spread] p2a,p2b\n|-supereffective|p2a: Farigiraf\n|-damage|p2a: Farigiraf|52\/100\n|-damage|p2b: Dragonite|0 fnt\n|faint|p2b: Dragonite\n|move|p2a: Farigiraf|Trick Room|p2a: Farigiraf\n|-fieldstart|move: Trick Room|[of] p2a: Farigiraf\n|\n|-heal|p1b: Sinistcha|100\/100 brn|[from] item: Leftovers\n|-damage|p1b: Sinistcha|94\/100 brn|[from] brn\n|upkeep\n|\n|t:|1700271370\n|switch|p2b: Iron Hands|Iron Hands|63\/100\n|turn|14\n|\n|t:|1700271380\n|move|p1a: Moltres|Protect|p1a: Moltres\n|-singleturn|p1a: Moltres|Protect\n|move|p2b: Iron Hands|Drain Punch|p1a: Moltres\n|-activate|p1a: Moltres|move: Protect\n|move|p2a: Farigiraf|Bulldoze|p1a: Moltres|[spread] p2b,p1b\n|-activate|p1a: Moltres|move: Protect\n|-supereffective|p2b: Iron Hands\n|-resisted|p1b: Sinistcha\n|-damage|p2b: Iron Hands|53\/100\n|-damage|p1b: Sinistcha|91\/100 brn\n|-unboost|p2b: Iron Hands|spe|1\n|-unboost|p1b: Sinistcha|spe|1\n|-enditem|p2b: Iron Hands|Weakness Policy\n|-boost|p2b: Iron Hands|atk|2|[from] item: Weakness Policy\n|-boost|p2b: Iron Hands|spa|2|[from] item: Weakness Policy\n|move|p1b: Sinistcha|Strength Sap|p2b: Iron Hands\n|-unboost|p2b: Iron Hands|atk|1\n|-heal|p1b: Sinistcha|100\/100 brn\n|\n|-damage|p1b: Sinistcha|94\/100 brn|[from] brn\n|upkeep\n|turn|15\n|inactive|Kiky14 has 120 seconds left.\n|\n|t:|1700271412\n|switch|p1a: Landorus|Landorus-Therian, M|36\/100\n|-ability|p1a: Landorus|Intimidate|boost\n|-unboost|p2a: Farigiraf|atk|1\n|-unboost|p2b: Iron Hands|atk|1\n|-terastallize|p2b: Iron Hands|Steel\n|move|p2b: Iron Hands|Heavy Slam|p1b: Sinistcha\n|-damage|p1b: Sinistcha|36\/100 brn\n|move|p2a: Farigiraf|Psychic|p1b: Sinistcha\n|-damage|p1b: Sinistcha|6\/100 brn\n|move|p1b: Sinistcha|Matcha Gotcha|p2b: Iron Hands|[spread] p2a,p2b\n|-resisted|p2b: Iron Hands\n|-damage|p2a: Farigiraf|35\/100\n|-heal|p1b: Sinistcha|16\/100 brn|[from] drain|[of] p2a: Farigiraf\n|-damage|p2b: Iron Hands|40\/100\n|-heal|p1b: Sinistcha|25\/100 brn|[from] drain|[of] p2b: Iron Hands\n|\n|-heal|p1b: Sinistcha|31\/100 brn|[from] item: Leftovers\n|-damage|p1b: Sinistcha|25\/100 brn|[from] brn\n|upkeep\n|turn|16\n|inactive|Kiky14 has 120 seconds left.\n|\n|t:|1700271451\n|move|p2b: Iron Hands|Heavy Slam|p1a: Landorus\n|-damage|p1a: Landorus|0 fnt\n|faint|p1a: Landorus\n|move|p2a: Farigiraf|Psychic|p1b: Sinistcha\n|-damage|p1b: Sinistcha|0 fnt\n|faint|p1b: Sinistcha\n|\n|upkeep\n|\n|t:|1700271460\n|switch|p1b: Ogerpon|Ogerpon-Wellspring, F|100\/100\n|switch|p1a: Moltres|Moltres-Galar, tera:Dark|100\/100\n|turn|17\n|\n|t:|1700271473\n|move|p1b: Ogerpon|Spiky Shield|p1b: Ogerpon\n|-singleturn|p1b: Ogerpon|move: Protect\n|move|p2b: Iron Hands|Drain Punch|p1a: Moltres\n|-supereffective|p1a: Moltres\n|-damage|p1a: Moltres|19\/100\n|-heal|p2b: Iron Hands|75\/100|[from] drain|[of] p1a: Moltres\n|-enditem|p1a: Moltres|Weakness Policy\n|-boost|p1a: Moltres|atk|2|[from] item: Weakness Policy\n|-boost|p1a: Moltres|spa|2|[from] item: Weakness Policy\n|-ability|p1a: Moltres|Berserk|boost\n|-boost|p1a: Moltres|spa|1\n|move|p2a: Farigiraf|Psychic|p1b: Ogerpon\n|-activate|p1b: Ogerpon|move: Protect\n|move|p1a: Moltres|Fiery Wrath|p2a: Farigiraf|[spread] p2a,p2b\n|-supereffective|p2a: Farigiraf\n|-damage|p2a: Farigiraf|0 fnt\n|-damage|p2b: Iron Hands|0 fnt\n|faint|p2a: Farigiraf\n|faint|p2b: Iron Hands\n|-end|p2b: Iron Hands|Quark Drive|[silent]\n|\n|-fieldend|move: Trick Room\n|upkeep\n|\n|t:|1700271486\n|switch|p2b: Sinistcha|Sinistcha|93\/100\n|turn|18\n|\n|t:|1700271500\n|move|p1b: Ogerpon|Ivy Cudgel|p2b: Sinistcha|[anim] Ivy Cudgel Water\n|-resisted|p2b: Sinistcha\n|-damage|p2b: Sinistcha|77\/100\n|move|p1a: Moltres|Fiery Wrath|p2b: Sinistcha\n|-supereffective|p2b: Sinistcha\n|-damage|p2b: Sinistcha|0 fnt\n|faint|p2b: Sinistcha\n|\n|win|Kiky14\n|raw|Kiky14's rating: 1410 &rarr; <strong>1436<\/strong><br \/>(+26 for winning)\n|raw|ElliottTJX's rating: 1520 &rarr; <strong>1494<\/strong><br \/>(-26 for losing)\n|l|\u2606ElliottTJX\n","uploadtime":1700271538,"views":15,"p1id":"kiky14","p2id":"elliotttjx","formatid":"gen9doublesou","rating":1436,"private":0,"password":""}