{"id":"gen9doublesou-2000547295","p1":"pablo ruiz pikachu","p2":"Justinababina","format":"[Gen 9] Doubles OU","log":"|j|\u2606pablo ruiz pikachu\n|j|\u2606Justinababina\n|t:|1701204204\n|gametype|doubles\n|player|p1|pablo ruiz pikachu|artist|1243\n|player|p2|Justinababina|2|1154\n|teamsize|p1|6\n|teamsize|p2|6\n|gen|9\n|tier|[Gen 9] Doubles OU\n|rated|\n|rule|Species Clause: Limit one of each Pok\u00e9mon\n|rule|OHKO Clause: OHKO moves are banned\n|rule|Evasion Moves Clause: Evasion moves are banned\n|rule|Gravity Sleep Clause: The combination of sleep-inducing moves with imperfect accuracy and Gravity or Gigantamax Orbeetle are banned\n|rule|Endless Battle Clause: Forcing endless battles is banned\n|rule|HP Percentage Mod: HP is shown in percentages\n|clearpoke\n|poke|p1|Lucario, M|\n|poke|p1|Weavile, M|\n|poke|p1|Sinistcha-Masterpiece|\n|poke|p1|Garganacl, F|\n|poke|p1|Flutter Mane|\n|poke|p1|Grimmsnarl, M|\n|poke|p2|Greedent, L97, M|\n|poke|p2|Oranguru, F|\n|poke|p2|Indeedee-F, F|\n|poke|p2|Armarouge, F|\n|poke|p2|Sinistcha-Masterpiece|\n|poke|p2|Gliscor, M|\n|teampreview\n|inactive|Battle timer is ON: inactive players will automatically lose when time's up. (requested by pablo ruiz pikachu)\n|\n|t:|1701204216\n|start\n|switch|p1a: molestio|Grimmsnarl, M, shiny|100\/100\n|switch|p1b: melenaleteo|Flutter Mane|100\/100\n|switch|p2a: Oranguru|Oranguru, F|100\/100\n|switch|p2b: Greedent|Greedent, L97, M|100\/100\n|turn|1\n|\n|t:|1701204232\n|move|p1a: molestio|Taunt|p2a: Oranguru\n|-start|p2a: Oranguru|move: Taunt\n|-enditem|p2a: Oranguru|Mental Herb\n|-end|p2a: Oranguru|move: Taunt\n|move|p1b: melenaleteo|Perish Song|p1b: melenaleteo\n|-start|p1a: molestio|perish3|[silent]\n|-start|p1b: melenaleteo|perish3|[silent]\n|-start|p2a: Oranguru|perish3|[silent]\n|-start|p2b: Greedent|perish3|[silent]\n|-fieldactivate|move: Perish Song\n|move|p2b: Greedent|Belly Drum|p2b: Greedent\n|-damage|p2b: Greedent|50\/100\n|-setboost|p2b: Greedent|atk|6|[from] move: Belly Drum\n|-enditem|p2b: Greedent|Sitrus Berry|[eat]\n|-heal|p2b: Greedent|75\/100|[from] item: Sitrus Berry\n|-heal|p2b: Greedent|100\/100|[from] ability: Cheek Pouch\n|move|p2a: Oranguru|Trick Room|p2a: Oranguru\n|-fieldstart|move: Trick Room|[of] p2a: Oranguru\n|\n|-start|p2b: Greedent|perish3\n|-start|p2a: Oranguru|perish3\n|-start|p1a: molestio|perish3\n|-start|p1b: melenaleteo|perish3\n|upkeep\n|turn|2\n|inactive|pablo ruiz pikachu has 120 seconds left.\n|\n|t:|1701204277\n|-end|p1b: melenaleteo|Protosynthesis|[silent]\n|switch|p1b: nacha la matcha|Sinistcha-Masterpiece|100\/100\n|move|p1a: molestio|Taunt|p2a: Oranguru\n|-start|p2a: Oranguru|move: Taunt\n|move|p2b: Greedent|Gyro Ball|p1b: nacha la matcha\n|-damage|p1b: nacha la matcha|7\/100\n|cant|p2a: Oranguru|move: Taunt|Instruct\n|\n|-heal|p1b: nacha la matcha|14\/100|[from] item: Leftovers\n|-start|p2b: Greedent|perish2\n|-start|p2a: Oranguru|perish2\n|-start|p1a: molestio|perish2\n|upkeep\n|turn|3\n|inactive|pablo ruiz pikachu has 120 seconds left.\n|inactive|Justinababina has 120 seconds left.\n|\n|t:|1701204322\n|move|p1a: molestio|Reflect|p1a: molestio\n|-sidestart|p1: pablo ruiz pikachu|Reflect\n|move|p2b: Greedent|Earthquake|p1a: molestio|[spread] p2a,p1a,p1b\n|-resisted|p1b: nacha la matcha\n|-damage|p2a: Oranguru|2\/100\n|-damage|p1a: molestio|56\/100\n|-damage|p1b: nacha la matcha|0 fnt\n|faint|p1b: nacha la matcha\n|move|p2a: Oranguru|Chilling Water|p1a: molestio\n|-damage|p1a: molestio|43\/100\n|-unboost|p1a: molestio|atk|1\n|\n|-start|p2b: Greedent|perish1\n|-start|p2a: Oranguru|perish1\n|-start|p1a: molestio|perish1\n|upkeep\n|\n|t:|1701204342\n|switch|p1b: macario|Lucario, M|100\/100\n|turn|4\n|inactive|pablo ruiz pikachu has 120 seconds left.\n|inactive|Justinababina has 120 seconds left.\n|\n|t:|1701204386\n|switch|p2b: Armarouge|Armarouge, F|100\/100\n|move|p1b: macario|Extreme Speed|p2a: Oranguru\n|-crit|p2a: Oranguru\n|-damage|p2a: Oranguru|0 fnt\n|faint|p2a: Oranguru\n|move|p1a: molestio|Light Screen|p1a: molestio\n|-sidestart|p1: pablo ruiz pikachu|move: Light Screen\n|\n|-start|p1a: molestio|perish0\n|faint|p1a: molestio\n|upkeep\n|\n|t:|1701204399\n|switch|p2a: Indeedee|Indeedee-F, F|100\/100\n|switch|p1a: el palizas|Weavile, M|100\/100\n|-fieldstart|move: Psychic Terrain|[from] ability: Psychic Surge|[of] p2a: Indeedee\n|-enditem|p2a: Indeedee|Psychic Seed\n|-boost|p2a: Indeedee|spd|1|[from] item: Psychic Seed\n|-ability|p1a: el palizas|Pressure\n|turn|5\n|inactive|Justinababina has 120 seconds left.\n|\n|t:|1701204441\n|switch|p2a: Gliscor|Gliscor, M|100\/100\n|switch|p1b: hada de la sal|Garganacl, F|100\/100\n|move|p2b: Armarouge|Heat Wave|p1b: hada de la sal|[spread] p1a\n|-miss|p2b: Armarouge|p1b: hada de la sal\n|-supereffective|p1a: el palizas\n|-damage|p1a: el palizas|8\/100\n|-damage|p2b: Armarouge|91\/100|[from] item: Life Orb\n|move|p1a: el palizas|Ice Spinner|p2a: Gliscor\n|-supereffective|p2a: Gliscor\n|-damage|p2a: Gliscor|9\/100\n|-fieldend|move: Psychic Terrain\n|\n|-fieldend|move: Trick Room\n|-status|p2a: Gliscor|tox|[from] item: Toxic Orb\n|upkeep\n|turn|6\n|\n|t:|1701204469\n|switch|p2b: Indeedee|Indeedee-F, F|100\/100\n|-fieldstart|move: Psychic Terrain|[from] ability: Psychic Surge|[of] p2b: Indeedee\n|move|p2a: Gliscor|Protect|p2a: Gliscor\n|-singleturn|p2a: Gliscor|Protect\n|move|p1a: el palizas|Ice Shard|p2a: Gliscor\n|-hint|Psychic Terrain doesn't affect Pok\u00e9mon immune to Ground.\n|-activate|p2a: Gliscor|move: Protect\n|move|p1b: hada de la sal|Curse|p1b: hada de la sal\n|-unboost|p1b: hada de la sal|spe|1\n|-boost|p1b: hada de la sal|atk|1\n|-boost|p1b: hada de la sal|def|1\n|\n|-heal|p2a: Gliscor|21\/100 tox|[from] ability: Poison Heal\n|upkeep\n|turn|7\n|\n|t:|1701204497\n|move|p2b: Indeedee|Follow Me|p2b: Indeedee\n|-singleturn|p2b: Indeedee|move: Follow Me\n|move|p1a: el palizas|Ice Spinner|p2b: Indeedee\n|-damage|p2b: Indeedee|49\/100\n|-fieldend|move: Psychic Terrain\n|move|p2a: Gliscor|Facade|p1a: el palizas\n|-damage|p1a: el palizas|0 fnt\n|-damage|p2a: Gliscor|5\/100 tox|[from] item: Rocky Helmet|[of] p1a: el palizas\n|faint|p1a: el palizas\n|move|p1b: hada de la sal|Salt Cure|p2b: Indeedee\n|-damage|p2b: Indeedee|19\/100\n|-start|p2b: Indeedee|Salt Cure\n|\n|-heal|p2a: Gliscor|17\/100 tox|[from] ability: Poison Heal\n|-damage|p2b: Indeedee|7\/100|[from] Salt Cure\n|upkeep\n|inactive|pablo ruiz pikachu has 120 seconds left.\n|\n|t:|1701204516\n|switch|p1a: macario|Lucario, M|100\/100\n|turn|8\n|inactive|Justinababina has 120 seconds left.\n|\n|t:|1701204542\n|switch|p2b: Sinistcha|Sinistcha-Masterpiece|100\/100\n|-heal|p2a: Gliscor|42\/100 tox|[from] ability: Hospitality|[of] p2b: Sinistcha\n|move|p2a: Gliscor|Protect|p2a: Gliscor\n|-singleturn|p2a: Gliscor|Protect\n|move|p1a: macario|Ice Punch|p2b: Sinistcha\n|-supereffective|p2b: Sinistcha\n|-damage|p2b: Sinistcha|65\/100\n|-enditem|p2b: Sinistcha|Eject Button\n|\n|t:|1701204557\n|switch|p2b: Indeedee|Indeedee-F, F|7\/100\n|-fieldstart|move: Psychic Terrain|[from] ability: Psychic Surge|[of] p2b: Indeedee\n|move|p1b: hada de la sal|Curse|p1b: hada de la sal\n|-unboost|p1b: hada de la sal|spe|1\n|-boost|p1b: hada de la sal|atk|1\n|-boost|p1b: hada de la sal|def|1\n|\n|-heal|p2a: Gliscor|54\/100 tox|[from] ability: Poison Heal\n|upkeep\n|turn|9\n|\n|t:|1701204573\n|move|p2b: Indeedee|Follow Me|p2b: Indeedee\n|-singleturn|p2b: Indeedee|move: Follow Me\n|move|p1a: macario|Ice Punch|p2b: Indeedee\n|-damage|p2b: Indeedee|0 fnt\n|faint|p2b: Indeedee\n|move|p2a: Gliscor|Fling|p1b: hada de la sal\n|-damage|p1b: hada de la sal|99\/100\n|-enditem|p2a: Gliscor|Toxic Orb|[from] move: Fling\n|move|p1b: hada de la sal|Salt Cure|p2a: Gliscor\n|-damage|p2a: Gliscor|38\/100 tox\n|-start|p2a: Gliscor|Salt Cure\n|\n|-heal|p1b: hada de la sal|100\/100|[from] item: Leftovers\n|-heal|p2a: Gliscor|50\/100 tox|[from] ability: Poison Heal\n|-damage|p2a: Gliscor|38\/100 tox|[from] Salt Cure\n|upkeep\n|inactive|Justinababina has 90 seconds left.\n|\n|t:|1701204607\n|switch|p2b: Sinistcha|Sinistcha-Masterpiece|65\/100\n|-heal|p2a: Gliscor|62\/100 tox|[from] ability: Hospitality|[of] p2b: Sinistcha\n|turn|10\n|\n|t:|1701204627\n|-terastallize|p1b: hada de la sal|Fairy\n|move|p2a: Gliscor|Protect|p2a: Gliscor\n|-singleturn|p2a: Gliscor|Protect\n|move|p1a: macario|Ice Punch|p2b: Sinistcha\n|-supereffective|p2b: Sinistcha\n|-damage|p2b: Sinistcha|27\/100\n|-status|p2b: Sinistcha|frz\n|-curestatus|p2b: Sinistcha|frz|[from] move: Matcha Gotcha\n|move|p2b: Sinistcha|Matcha Gotcha|p1b: hada de la sal|[spread] p1a,p1b\n|-resisted|p1a: macario\n|-damage|p1a: macario|89\/100\n|-heal|p2b: Sinistcha|32\/100|[from] drain|[of] p1a: macario\n|-damage|p1b: hada de la sal|86\/100\n|-heal|p2b: Sinistcha|41\/100|[from] drain|[of] p1b: hada de la sal\n|move|p1b: hada de la sal|Salt Cure|p2b: Sinistcha\n|-damage|p2b: Sinistcha|22\/100\n|-start|p2b: Sinistcha|Salt Cure\n|\n|-heal|p1a: macario|95\/100|[from] item: Leftovers\n|-heal|p1b: hada de la sal|93\/100|[from] item: Leftovers\n|-heal|p2a: Gliscor|75\/100 tox|[from] ability: Poison Heal\n|-damage|p2a: Gliscor|62\/100 tox|[from] Salt Cure\n|-damage|p2b: Sinistcha|10\/100|[from] Salt Cure\n|-sideend|p1: pablo ruiz pikachu|Reflect\n|upkeep\n|turn|11\n|inactive|pablo ruiz pikachu has 120 seconds left.\n|inactive|Justinababina has 90 seconds left.\n|\n|t:|1701204661\n|switch|p2a: Greedent|Greedent, L97, M|100\/100\n|switch|p2b: Armarouge|Armarouge, F|91\/100\n|move|p1a: macario|Ice Punch|p2a: Greedent\n|-damage|p2a: Greedent|78\/100\n|-status|p2a: Greedent|frz\n|move|p1b: hada de la sal|Curse|p1b: hada de la sal\n|-unboost|p1b: hada de la sal|spe|1\n|-boost|p1b: hada de la sal|atk|1\n|-boost|p1b: hada de la sal|def|1\n|\n|-heal|p1a: macario|100\/100|[from] item: Leftovers\n|-heal|p1b: hada de la sal|99\/100|[from] item: Leftovers\n|-sideend|p1: pablo ruiz pikachu|move: Light Screen\n|upkeep\n|turn|12\n|inactive|pablo ruiz pikachu has 120 seconds left.\n|inactive|Justinababina has 90 seconds left.\n|\n|t:|1701204692\n|move|p1a: macario|Ice Punch|p2b: Armarouge\n|-resisted|p2b: Armarouge\n|-damage|p2b: Armarouge|78\/100\n|move|p1b: hada de la sal|Salt Cure|p2b: Armarouge\n|-supereffective|p2b: Armarouge\n|-damage|p2b: Armarouge|14\/100\n|-start|p2b: Armarouge|Salt Cure\n|-curestatus|p2a: Greedent|frz|[msg]\n|move|p2a: Greedent|Belly Drum|p2a: Greedent\n|-damage|p2a: Greedent|28\/100\n|-setboost|p2a: Greedent|atk|6|[from] move: Belly Drum\n|move|p2b: Armarouge|Trick Room|p2b: Armarouge\n|-fieldstart|move: Trick Room|[of] p2b: Armarouge\n|\n|-heal|p1b: hada de la sal|100\/100|[from] item: Leftovers\n|-damage|p2b: Armarouge|2\/100|[from] Salt Cure\n|-fieldend|move: Psychic Terrain\n|upkeep\n|turn|13\n|inactive|Justinababina has 90 seconds left.\n|\n|t:|1701204717\n|-terastallize|p2b: Armarouge|Flying\n|move|p1a: macario|Extreme Speed|p2a: Greedent\n|-damage|p2a: Greedent|4\/100\n|move|p2a: Greedent|Earthquake|p1b: hada de la sal|[spread] p1a,p1b\n|-immune|p2b: Armarouge\n|-supereffective|p1a: macario\n|-damage|p1a: macario|0 fnt\n|-damage|p1b: hada de la sal|83\/100\n|faint|p1a: macario\n|move|p1b: hada de la sal|Curse|p1b: hada de la sal\n|-unboost|p1b: hada de la sal|spe|1\n|-boost|p1b: hada de la sal|atk|1\n|-boost|p1b: hada de la sal|def|1\n|move|p2b: Armarouge|Heat Wave|p1b: hada de la sal\n|-damage|p1b: hada de la sal|21\/100\n|-damage|p2b: Armarouge|0 fnt|[from] item: Life Orb\n|faint|p2b: Armarouge\n|\n|-heal|p1b: hada de la sal|27\/100|[from] item: Leftovers\n|upkeep\n|\n|t:|1701204740\n|switch|p2b: Sinistcha|Sinistcha-Masterpiece|10\/100\n|switch|p1a: melenaleteo|Flutter Mane|100\/100\n|-heal|p2a: Greedent|29\/100|[from] ability: Hospitality|[of] p2b: Sinistcha\n|turn|14\n|\n|t:|1701204752\n|move|p2b: Sinistcha|Rage Powder|p2b: Sinistcha\n|-singleturn|p2b: Sinistcha|move: Rage Powder\n|move|p1b: hada de la sal|Recover|p1b: hada de la sal\n|-heal|p1b: hada de la sal|77\/100\n|move|p2a: Greedent|Gyro Ball|p1a: melenaleteo\n|-supereffective|p1a: melenaleteo\n|-enditem|p1a: melenaleteo|Focus Sash\n|-damage|p1a: melenaleteo|1\/100\n|move|p1a: melenaleteo|Dazzling Gleam|p2b: Sinistcha|[spread] p2a,p2b\n|-damage|p2a: Greedent|0 fnt\n|-damage|p2b: Sinistcha|0 fnt\n|faint|p2a: Greedent\n|faint|p2b: Sinistcha\n|\n|-heal|p1b: hada de la sal|83\/100|[from] item: Leftovers\n|upkeep\n|-message|Justinababina forfeited.\n|\n|win|pablo ruiz pikachu\n|raw|pablo ruiz pikachu's rating: 1243 &rarr; <strong>1262<\/strong><br \/>(+19 for winning)\n|raw|Justinababina's rating: 1154 &rarr; <strong>1135<\/strong><br \/>(-19 for losing)\n|l|\u2606Justinababina\n","uploadtime":1701204771,"views":3,"p1id":"pabloruizpikachu","p2id":"justinababina","formatid":"gen9doublesou","rating":1135,"private":0,"password":""}