{"id":"gen9doublesou-1996551333","p1":"NoSoyJhon","p2":"latrow.sspf","format":"[Gen 9] Doubles OU","log":"|j|\u2606NoSoyJhon\n|j|\u2606latrow.sspf\n|t:|1700693369\n|gametype|doubles\n|player|p1|NoSoyJhon|veteran|1099\n|player|p2|latrow.sspf|red|1000\n|teamsize|p1|6\n|teamsize|p2|6\n|gen|9\n|tier|[Gen 9] Doubles OU\n|rated|\n|rule|Species Clause: Limit one of each Pok\u00e9mon\n|rule|OHKO Clause: OHKO moves are banned\n|rule|Evasion Moves Clause: Evasion moves are banned\n|rule|Gravity Sleep Clause: The combination of sleep-inducing moves with imperfect accuracy and Gravity or Gigantamax Orbeetle are banned\n|rule|Endless Battle Clause: Forcing endless battles is banned\n|rule|HP Percentage Mod: HP is shown in percentages\n|clearpoke\n|poke|p1|Flamigo, F|\n|poke|p1|Iron Moth|\n|poke|p1|Oricorio, F|\n|poke|p1|Volcarona, M|\n|poke|p1|Staraptor, F|\n|poke|p1|Arcanine-Hisui, M|\n|poke|p2|Umbreon, F|\n|poke|p2|Espeon, F|\n|poke|p2|Pikachu-Original, M|\n|poke|p2|Raichu, M|\n|poke|p2|Vikavolt, M|\n|poke|p2|Blissey, F|\n|teampreview\n|inactive|Battle timer is ON: inactive players will automatically lose when time's up. (requested by NoSoyJhon)\n|\n|t:|1700693385\n|start\n|switch|p1a: Oricorio|Oricorio, F|100\/100\n|switch|p1b: Volcarona|Volcarona, M|100\/100\n|switch|p2a: Blissey|Blissey, F|100\/100\n|switch|p2b: Espeon|Espeon, F|100\/100\n|turn|1\n|\n|t:|1700693406\n|move|p1b: Volcarona|Quiver Dance|p1b: Volcarona\n|-boost|p1b: Volcarona|spa|1\n|-boost|p1b: Volcarona|spd|1\n|-boost|p1b: Volcarona|spe|1\n|-activate|p1a: Oricorio|ability: Dancer\n|move|p1a: Oricorio|Quiver Dance|p1a: Oricorio|[from]ability: Dancer\n|-boost|p1a: Oricorio|spa|1\n|-boost|p1a: Oricorio|spd|1\n|-boost|p1a: Oricorio|spe|1\n|move|p1a: Oricorio|Quiver Dance|p1a: Oricorio\n|-boost|p1a: Oricorio|spa|1\n|-boost|p1a: Oricorio|spd|1\n|-boost|p1a: Oricorio|spe|1\n|move|p2b: Espeon|Draining Kiss|p1a: Oricorio\n|-resisted|p1a: Oricorio\n|-damage|p1a: Oricorio|95\/100\n|move|p2a: Blissey|Blizzard|p1a: Oricorio|[spread] p1a\n|-miss|p2a: Blissey|p1b: Volcarona\n|-damage|p1a: Oricorio|83\/100\n|\n|upkeep\n|turn|2\n|inactive|NoSoyJhon has 120 seconds left.\n|\n|t:|1700693438\n|move|p1a: Oricorio|Revelation Dance|p2b: Espeon\n|-damage|p2b: Espeon|23\/100\n|move|p1b: Volcarona|Bug Buzz|p2b: Espeon\n|-supereffective|p2b: Espeon\n|-damage|p2b: Espeon|0 fnt\n|faint|p2b: Espeon\n|move|p2a: Blissey|Blizzard|p1b: Volcarona|[spread] p1a,p1b\n|-resisted|p1b: Volcarona\n|-damage|p1a: Oricorio|71\/100\n|-damage|p1b: Volcarona|95\/100\n|\n|upkeep\n|inactive|latrow.sspf has 120 seconds left.\n|\n|t:|1700693452\n|switch|p2b: Umbreon|Umbreon, F|100\/100\n|turn|3\n|\n|t:|1700693465\n|move|p1a: Oricorio|Quiver Dance|p1a: Oricorio\n|-boost|p1a: Oricorio|spa|1\n|-boost|p1a: Oricorio|spd|1\n|-boost|p1a: Oricorio|spe|1\n|move|p1b: Volcarona|Bug Buzz|p2b: Umbreon\n|-supereffective|p2b: Umbreon\n|-damage|p2b: Umbreon|0 fnt\n|faint|p2b: Umbreon\n|move|p2a: Blissey|Blizzard|p1b: Volcarona|[spread] p1b\n|-miss|p2a: Blissey|p1a: Oricorio\n|-resisted|p1b: Volcarona\n|-damage|p1b: Volcarona|90\/100\n|\n|upkeep\n|\n|t:|1700693477\n|switch|p2b: Vikavolt|Vikavolt, M|100\/100\n|turn|4\n|\n|t:|1700693490\n|move|p1a: Oricorio|Icy Wind|p2a: Blissey|[spread] p2a,p2b\n|-damage|p2a: Blissey|92\/100\n|-damage|p2b: Vikavolt|67\/100\n|-unboost|p2a: Blissey|spe|1\n|-unboost|p2b: Vikavolt|spe|1\n|move|p1b: Volcarona|Fiery Dance|p2b: Vikavolt\n|-supereffective|p2b: Vikavolt\n|-damage|p2b: Vikavolt|0 fnt\n|-boost|p1b: Volcarona|spa|1\n|faint|p2b: Vikavolt\n|-activate|p1a: Oricorio|ability: Dancer\n|move|p1a: Oricorio|Fiery Dance|p2a: Blissey|[from]ability: Dancer\n|-damage|p2a: Blissey|67\/100\n|move|p2a: Blissey|Blizzard|p1b: Volcarona|[spread] p1a,p1b\n|-resisted|p1b: Volcarona\n|-damage|p1a: Oricorio|62\/100\n|-damage|p1b: Volcarona|85\/100\n|\n|upkeep\n|\n|t:|1700693508\n|switch|p2b: Pikachu|Pikachu-Original, M|100\/100\n|turn|5\n|\n|t:|1700693516\n|switch|p2a: Raichu|Raichu, M|100\/100\n|move|p1a: Oricorio|Revelation Dance|p2b: Pikachu\n|-damage|p2b: Pikachu|0 fnt\n|faint|p2b: Pikachu\n|move|p1b: Volcarona|Fiery Dance|p2a: Raichu\n|-damage|p2a: Raichu|0 fnt\n|-boost|p1b: Volcarona|spa|1\n|faint|p2a: Raichu\n|-activate|p1a: Oricorio|ability: Dancer\n|move|p1a: Oricorio|Fiery Dance|p2: Raichu|[from]ability: Dancer|[notarget]\n|-fail|p1a: Oricorio\n|\n|upkeep\n|\n|t:|1700693532\n|switch|p2b: Blissey|Blissey, F|67\/100\n|turn|6\n|\n|t:|1700693555\n|-terastallize|p2b: Blissey|Normal\n|move|p1a: Oricorio|Revelation Dance|p2b: Blissey\n|-damage|p2b: Blissey|40\/100\n|move|p1b: Volcarona|Fiery Dance|p2b: Blissey\n|-damage|p2b: Blissey|10\/100\n|-boost|p1b: Volcarona|spa|1\n|-activate|p1a: Oricorio|ability: Dancer\n|move|p1a: Oricorio|Fiery Dance|p2b: Blissey|[from]ability: Dancer\n|-damage|p2b: Blissey|0 fnt\n|faint|p2b: Blissey\n|\n|win|NoSoyJhon\n|raw|NoSoyJhon's rating: 1099 &rarr; <strong>1117<\/strong><br \/>(+18 for winning)\n|raw|latrow.sspf's rating: 1000 &rarr; <strong>1000<\/strong><br \/>(+0 for losing)\n","uploadtime":1700693572,"views":10,"p1id":"nosoyjhon","p2id":"latrowsspf","formatid":"gen9doublesou","rating":1000,"private":0,"password":""}