{"id":"gen9doublesou-1968796646","p1":"Sargenbob","p2":"9ooooooo","format":"[Gen 9] Doubles OU","log":"|j|\u2606Sargenbob\n|j|\u26069ooooooo\n|t:|1697465553\n|gametype|doubles\n|player|p1|Sargenbob|red|1119\n|player|p2|9ooooooo|brycen|1057\n|teamsize|p1|6\n|teamsize|p2|6\n|gen|9\n|tier|[Gen 9] Doubles OU\n|rated|\n|rule|Species Clause: Limit one of each Pok\u00e9mon\n|rule|OHKO Clause: OHKO moves are banned\n|rule|Evasion Moves Clause: Evasion moves are banned\n|rule|Gravity Sleep Clause: The combination of sleep-inducing moves with imperfect accuracy and Gravity or Gigantamax Orbeetle are banned\n|rule|Endless Battle Clause: Forcing endless battles is banned\n|rule|HP Percentage Mod: HP is shown in percentages\n|clearpoke\n|poke|p1|Oranguru, M|\n|poke|p1|Torkoal, M|\n|poke|p1|Amoonguss, M|\n|poke|p1|Garganacl, F|\n|poke|p1|Toxapex, M|\n|poke|p1|Gothitelle, M|\n|poke|p2|Meowscarada, M|\n|poke|p2|Krookodile, F|\n|poke|p2|Flamigo, F|\n|poke|p2|Hoopa-Unbound|\n|poke|p2|Enamorus, F|\n|poke|p2|Grimmsnarl, M|\n|teampreview\n|inactive|Battle timer is ON: inactive players will automatically lose when time's up. (requested by Sargenbob)\n|\n|t:|1697465560\n|start\n|switch|p1a: Oranguru|Oranguru, M, shiny|100\/100\n|switch|p1b: Toad|Amoonguss, M, shiny|100\/100\n|switch|p2a: Meowscarada|Meowscarada, M|100\/100\n|switch|p2b: Krookodile|Krookodile, F|100\/100\n|turn|1\n|\n|t:|1697465569\n|move|p2a: Meowscarada|Flower Trick|p2b: Krookodile\n|-supereffective|p2b: Krookodile\n|-crit|p2b: Krookodile\n|-damage|p2b: Krookodile|8\/100\n|-setboost|p2b: Krookodile|atk|6|[from] ability: Anger Point\n|-enditem|p2b: Krookodile|Salac Berry|[eat]\n|-boost|p2b: Krookodile|spe|1|[from] item: Salac Berry\n|move|p2b: Krookodile|Power Trip|p1a: Oranguru\n|-supereffective|p1a: Oranguru\n|-damage|p1a: Oranguru|0 fnt\n|faint|p1a: Oranguru\n|move|p1b: Toad|Spore|p2b: Krookodile\n|-status|p2b: Krookodile|slp|[from] move: Spore\n|\n|upkeep\n|\n|t:|1697465585\n|switch|p1a: Rafael|Torkoal, M, shiny|100\/100\n|-weather|SunnyDay|[from] ability: Drought|[of] p1a: Rafael\n|turn|2\n|\n|t:|1697465593\n|switch|p1b: Stronghold|Garganacl, F|100\/100\n|move|p2a: Meowscarada|Ally Switch|p2a: Meowscarada\n|swap|p2a: Meowscarada|1|[from] move: Ally Switch\n|cant|p2a: Krookodile|slp\n|move|p1a: Rafael|Eruption|p2a: Krookodile|[spread] p2a,p2b\n|-supereffective|p2b: Meowscarada\n|-damage|p2a: Krookodile|0 fnt\n|-damage|p2b: Meowscarada|0 fnt\n|faint|p2a: Krookodile\n|faint|p2b: Meowscarada\n|\n|-weather|SunnyDay|[upkeep]\n|upkeep\n|\n|t:|1697465603\n|switch|p2b: Grimmsnarl|Grimmsnarl, M|100\/100\n|switch|p2a: Enamorus|Enamorus, F|100\/100\n|turn|3\n|\n|t:|1697465611\n|move|p2b: Grimmsnarl|Scary Face|p2a: Enamorus\n|-boost|p2a: Enamorus|spe|2\n|move|p2a: Enamorus|Earth Power|p1b: Stronghold\n|-supereffective|p1b: Stronghold\n|-damage|p1b: Stronghold|53\/100\n|move|p1a: Rafael|Eruption|p2a: Enamorus|[spread] p2a,p2b\n|-enditem|p2a: Enamorus|Focus Sash\n|-damage|p2a: Enamorus|1\/100\n|-damage|p2b: Grimmsnarl|26\/100\n|move|p1b: Stronghold|Salt Cure|p2b: Grimmsnarl\n|-damage|p2b: Grimmsnarl|11\/100\n|-start|p2b: Grimmsnarl|Salt Cure\n|\n|-weather|SunnyDay|[upkeep]\n|-heal|p1b: Stronghold|60\/100|[from] item: Leftovers\n|-damage|p2b: Grimmsnarl|0 fnt|[from] Salt Cure\n|faint|p2b: Grimmsnarl\n|upkeep\n|\n|t:|1697465618\n|switch|p2b: Hoopa|Hoopa-Unbound|100\/100\n|turn|4\n|\n|t:|1697465632\n|move|p2a: Enamorus|Extrasensory|p1b: Stronghold\n|-damage|p1b: Stronghold|39\/100\n|move|p2b: Hoopa|Drain Punch|p1b: Stronghold\n|-supereffective|p1b: Stronghold\n|-crit|p1b: Stronghold\n|-damage|p1b: Stronghold|0 fnt\n|faint|p1b: Stronghold\n|move|p1a: Rafael|Eruption|p2b: Hoopa|[spread] p2a,p2b\n|-crit|p2b: Hoopa\n|-damage|p2a: Enamorus|0 fnt\n|-enditem|p2b: Hoopa|Focus Sash\n|-damage|p2b: Hoopa|1\/100\n|faint|p2a: Enamorus\n|\n|-weather|SunnyDay|[upkeep]\n|upkeep\n|\n|t:|1697465647\n|switch|p2a: Flamigo|Flamigo, F|100\/100\n|switch|p1b: Toad|Amoonguss, M, shiny|100\/100\n|-copyboost|p2a: Flamigo|p2b: Hoopa|[from] ability: Costar\n|turn|5\n|inactive|9ooooooo has 120 seconds left.\n|inactive|9ooooooo has 90 seconds left.\n|inactive|9ooooooo has 60 seconds left.\n|c|\u2606Sargenbob|bro\n|c|\u26069ooooooo|What?\n|c|\u2606Sargenbob|choose a move-?\n|inactive|9ooooooo has 30 seconds left.\n|inactive|9ooooooo has 20 seconds left.\n|inactive|9ooooooo has 15 seconds left.\n|inactive|9ooooooo has 10 seconds left.\n|inactive|9ooooooo has 5 seconds left.\n|-message|9ooooooo lost due to inactivity.\n|\n|win|Sargenbob\n|raw|Sargenbob's rating: 1119 &rarr; <strong>1140<\/strong><br \/>(+21 for winning)\n|raw|9ooooooo's rating: 1057 &rarr; <strong>1042<\/strong><br \/>(-15 for losing)\n|c|\u2606Sargenbob|gg\n|l|\u26069ooooooo\n|c|\u2606Sargenbob|sike\n|c|\u2606Sargenbob|L\n|c|\u2606Sargenbob|O\n|c|\u2606Sargenbob|S\n|c|\u2606Sargenbob|E\n|c|\u2606Sargenbob|R\n|c|\u2606Sargenbob|skill issue\n|c|\u2606Sargenbob|no wonder you have no F R I E N D S\n","uploadtime":1697465825,"views":20,"p1id":"sargenbob","p2id":"9ooooooo","formatid":"gen9doublesou","rating":1042,"private":0,"password":""}