{"id":"gen9doublesou-1974700828","p1":"LUNCHBOXYETI","p2":"spicy2cno","format":"[Gen 9] Doubles OU","log":"|j|\u2606LUNCHBOXYETI\n|j|\u2606spicy2cno\n|t:|1698111946\n|gametype|doubles\n|player|p1|LUNCHBOXYETI|ghetsis-gen5bw|1116\n|player|p2|spicy2cno|265|1050\n|teamsize|p1|6\n|teamsize|p2|6\n|gen|9\n|tier|[Gen 9] Doubles OU\n|rated|\n|rule|Species Clause: Limit one of each Pok\u00e9mon\n|rule|OHKO Clause: OHKO moves are banned\n|rule|Evasion Moves Clause: Evasion moves are banned\n|rule|Gravity Sleep Clause: The combination of sleep-inducing moves with imperfect accuracy and Gravity or Gigantamax Orbeetle are banned\n|rule|Endless Battle Clause: Forcing endless battles is banned\n|rule|HP Percentage Mod: HP is shown in percentages\n|clearpoke\n|poke|p1|Alomomola, M|\n|poke|p1|Toxapex, M|\n|poke|p1|Blissey, F|\n|poke|p1|Perrserker, F|\n|poke|p1|Iron Treads|\n|poke|p1|Rabsca, F|\n|poke|p2|Weezing-Galar, F|\n|poke|p2|Slaking, F|\n|poke|p2|Dragonite, M|\n|poke|p2|Chansey, F|\n|poke|p2|Milotic, M|\n|poke|p2|Gliscor, F|\n|teampreview\n|\n|t:|1698111967\n|start\n|switch|p1a: Iron Treads|Iron Treads|100\/100\n|switch|p1b: Perrserker|Perrserker, F|100\/100\n|switch|p2a: Weezing|Weezing-Galar, F|100\/100\n|switch|p2b: Slaking|Slaking, F|100\/100\n|-ability|p2a: Weezing|Neutralizing Gas\n|-enditem|p1a: Iron Treads|Booster Energy\n|-activate|p1a: Iron Treads|ability: Quark Drive|[fromitem]\n|-start|p1a: Iron Treads|quarkdriveatk\n|turn|1\n|\n|t:|1698111987\n|move|p1a: Iron Treads|Iron Head|p2a: Weezing\n|-supereffective|p2a: Weezing\n|-damage|p2a: Weezing|14\/100\n|-enditem|p2a: Weezing|Sitrus Berry|[eat]\n|-heal|p2a: Weezing|39\/100|[from] item: Sitrus Berry\n|move|p2b: Slaking|Fire Punch|p1b: Perrserker\n|-supereffective|p1b: Perrserker\n|-damage|p1b: Perrserker|10\/100\n|-damage|p2b: Slaking|91\/100|[from] item: Life Orb\n|move|p2a: Weezing|Will-O-Wisp|p1a: Iron Treads\n|-status|p1a: Iron Treads|brn\n|move|p1b: Perrserker|Gyro Ball|p2a: Weezing\n|-supereffective|p2a: Weezing\n|-damage|p2a: Weezing|4\/100\n|\n|-heal|p1b: Perrserker|16\/100|[from] item: Leftovers\n|-damage|p1a: Iron Treads|94\/100 brn|[from] brn\n|upkeep\n|turn|2\n|\n|t:|1698112027\n|switch|p1b: Rabsca|Rabsca, F|100\/100\n|move|p2b: Slaking|Sucker Punch|p1a: Iron Treads\n|-damage|p1a: Iron Treads|58\/100 brn\n|-damage|p2b: Slaking|81\/100|[from] item: Life Orb\n|move|p1a: Iron Treads|Earthquake|p2b: Slaking|[spread] p1b,p2a,p2b\n|-resisted|p1b: Rabsca\n|-supereffective|p2a: Weezing\n|-damage|p1b: Rabsca|87\/100\n|-damage|p2a: Weezing|0 fnt\n|-damage|p2b: Slaking|62\/100\n|faint|p2a: Weezing\n|-end|p2a: Weezing|ability: Neutralizing Gas\n|\n|-damage|p1a: Iron Treads|51\/100 brn|[from] brn\n|upkeep\n|\n|t:|1698112042\n|switch|p2a: Chansey|Chansey, F|100\/100\n|turn|3\n|\n|t:|1698112070\n|move|p1b: Rabsca|Protect|p1b: Rabsca\n|-singleturn|p1b: Rabsca|Protect\n|move|p1a: Iron Treads|Earthquake|p2b: Slaking|[spread] p2a,p2b\n|-activate|p1b: Rabsca|move: Protect\n|-damage|p2a: Chansey|86\/100\n|-damage|p2b: Slaking|45\/100\n|cant|p2b: Slaking|ability: Truant\n|move|p2a: Chansey|Heal Pulse|p2b: Slaking\n|-heal|p2b: Slaking|95\/100\n|\n|-damage|p1a: Iron Treads|45\/100 brn|[from] brn\n|upkeep\n|turn|4\n|\n|t:|1698112096\n|switch|p1b: Perrserker|Perrserker, F|16\/100\n|move|p1a: Iron Treads|Iron Head|p2b: Slaking\n|-damage|p2b: Slaking|69\/100\n|cant|p2b: Slaking|flinch\n|move|p2a: Chansey|Seismic Toss|p1b: Perrserker\n|-damage|p1b: Perrserker|0 fnt\n|faint|p1b: Perrserker\n|\n|-damage|p1a: Iron Treads|39\/100 brn|[from] brn\n|upkeep\n|\n|t:|1698112118\n|switch|p1b: Rabsca|Rabsca, F|87\/100\n|turn|5\n|inactive|Battle timer is ON: inactive players will automatically lose when time's up. (requested by spicy2cno)\n|\n|t:|1698112144\n|switch|p2b: Dragonite|Dragonite, M|100\/100\n|move|p1a: Iron Treads|Earthquake|p2b: Dragonite|[spread] p2a\n|-activate|p1b: Rabsca|ability: Telepathy\n|-immune|p2b: Dragonite\n|-damage|p2a: Chansey|71\/100\n|move|p1b: Rabsca|Revival Blessing|p1b: Rabsca\n|-enditem|p1b: Rabsca|Leppa Berry|[eat]\n|-activate|p1b: Rabsca|item: Leppa Berry|Revival Blessing|[consumed]\n|\n|t:|1698112160\n|-heal|p1: Perrserker|50\/100|[from] move: Revival Blessing\n|move|p2a: Chansey|Seismic Toss|p1b: Rabsca\n|-damage|p1b: Rabsca|59\/100\n|\n|-damage|p1a: Iron Treads|33\/100 brn|[from] brn\n|upkeep\n|turn|6\n|inactive|spicy2cno has 120 seconds left.\n|\n|t:|1698112208\n|-end|p1a: Iron Treads|Quark Drive|[silent]\n|switch|p1a: Alomomola|Alomomola, M|100\/100\n|switch|p1b: Toxapex|Toxapex, M|100\/100\n|move|p2b: Dragonite|Dragon Dance|p2b: Dragonite\n|-boost|p2b: Dragonite|atk|1\n|-boost|p2b: Dragonite|spe|1\n|move|p2a: Chansey|Soft-Boiled|p2a: Chansey\n|-heal|p2a: Chansey|100\/100\n|\n|upkeep\n|turn|7\n|inactive|spicy2cno has 120 seconds left.\n|\n|t:|1698112242\n|move|p2b: Dragonite|Extreme Speed|p1a: Alomomola\n|-damage|p1a: Alomomola|74\/100\n|-enditem|p1a: Alomomola|Red Card|[of] p2b: Dragonite\n|drag|p2b: Milotic|Milotic, M|100\/100\n|move|p2a: Chansey|Seismic Toss|p1a: Alomomola\n|-damage|p1a: Alomomola|56\/100\n|move|p1a: Alomomola|Wish|p1a: Alomomola\n|move|p1b: Toxapex|Infestation|p2b: Milotic\n|-damage|p2b: Milotic|98\/100\n|-activate|p2b: Milotic|move: Infestation|[of] p1b: Toxapex\n|\n|-heal|p2b: Milotic|100\/100|[from] item: Leftovers\n|-damage|p2b: Milotic|88\/100|[from] move: Infestation|[partiallytrapped]\n|upkeep\n|turn|8\n|inactive|spicy2cno has 120 seconds left.\n|\n|t:|1698112269\n|move|p2b: Milotic|Scald|p1a: Alomomola\n|-resisted|p1a: Alomomola\n|-damage|p1a: Alomomola|40\/100\n|move|p2a: Chansey|Heal Bell||[still]\n|-activate|p2a: Chansey|move: Heal Bell\n|-fail|p2a: Chansey\n|move|p1a: Alomomola|Acrobatics|p2b: Milotic\n|-damage|p2b: Milotic|74\/100\n|move|p1b: Toxapex|Toxic|p2a: Chansey\n|-status|p2a: Chansey|tox\n|\n|-heal|p1a: Alomomola|90\/100|[from] move: Wish|[wisher] Alomomola\n|-heal|p2b: Milotic|80\/100|[from] item: Leftovers\n|-damage|p2a: Chansey|94\/100 tox|[from] psn\n|-damage|p2b: Milotic|68\/100|[from] move: Infestation|[partiallytrapped]\n|upkeep\n|turn|9\n|inactive|spicy2cno has 120 seconds left.\n|\n|t:|1698112290\n|move|p2b: Milotic|Ice Beam|p1b: Toxapex\n|-resisted|p1b: Toxapex\n|-damage|p1b: Toxapex|92\/100\n|move|p2a: Chansey|Heal Bell|p2a: Chansey\n|-activate|p2a: Chansey|move: Heal Bell\n|-curestatus|p2a: Chansey|tox|[msg]\n|move|p1a: Alomomola|Acrobatics|p2a: Chansey\n|-damage|p2a: Chansey|82\/100\n|move|p1b: Toxapex|Infestation|p2a: Chansey\n|-damage|p2a: Chansey|81\/100\n|-activate|p2a: Chansey|move: Infestation|[of] p1b: Toxapex\n|\n|-heal|p2b: Milotic|74\/100|[from] item: Leftovers\n|-damage|p2b: Milotic|61\/100|[from] move: Infestation|[partiallytrapped]\n|-damage|p2a: Chansey|69\/100|[from] move: Infestation|[partiallytrapped]\n|upkeep\n|turn|10\n|inactive|spicy2cno has 120 seconds left.\n|\n|t:|1698112330\n|move|p2b: Milotic|Scald|p1a: Alomomola\n|-resisted|p1a: Alomomola\n|-damage|p1a: Alomomola|73\/100\n|move|p2a: Chansey|Heal Pulse|p2b: Milotic\n|-heal|p2b: Milotic|100\/100\n|move|p1a: Alomomola|Acrobatics|p2b: Milotic\n|-damage|p2b: Milotic|86\/100\n|move|p1b: Toxapex|Toxic|p2b: Milotic\n|-status|p2b: Milotic|tox\n|\n|-heal|p2b: Milotic|92\/100 tox|[from] item: Leftovers\n|-damage|p2b: Milotic|86\/100 tox|[from] psn\n|-damage|p2b: Milotic|74\/100 tox|[from] move: Infestation|[partiallytrapped]\n|-damage|p2a: Chansey|57\/100|[from] move: Infestation|[partiallytrapped]\n|upkeep\n|turn|11\n|c|\u2606spicy2cno|ong i never knew infestation was a thing\n|inactive|spicy2cno has 120 seconds left.\n|c|\u2606spicy2cno|im new to gen 9\n|\n|t:|1698112354\n|move|p2b: Milotic|Recover|p2b: Milotic\n|-heal|p2b: Milotic|100\/100 tox\n|move|p2a: Chansey|Seismic Toss|p1a: Alomomola\n|-damage|p1a: Alomomola|55\/100\n|move|p1a: Alomomola|Acrobatics|p2b: Milotic\n|-damage|p2b: Milotic|91\/100 tox\n|move|p1b: Toxapex|Toxic|p2a: Chansey\n|-status|p2a: Chansey|tox\n|\n|-heal|p2b: Milotic|97\/100 tox|[from] item: Leftovers\n|-damage|p2b: Milotic|85\/100 tox|[from] psn\n|-damage|p2a: Chansey|51\/100 tox|[from] psn\n|-end|p2b: Milotic|Infestation|[partiallytrapped]\n|-damage|p2a: Chansey|38\/100 tox|[from] move: Infestation|[partiallytrapped]\n|upkeep\n|turn|12\n|inactive|spicy2cno has 120 seconds left.\n|\n|t:|1698112377\n|move|p2b: Milotic|Recover|p2b: Milotic\n|-heal|p2b: Milotic|100\/100 tox\n|move|p2a: Chansey|Soft-Boiled|p2a: Chansey\n|-heal|p2a: Chansey|88\/100 tox\n|move|p1a: Alomomola|Acrobatics|p2a: Chansey\n|-damage|p2a: Chansey|75\/100 tox\n|move|p1b: Toxapex|Toxic|p2a: Chansey\n|-fail|p2a: Chansey|tox\n|\n|-damage|p2b: Milotic|82\/100 tox|[from] psn\n|-damage|p2a: Chansey|63\/100 tox|[from] psn\n|-damage|p2a: Chansey|50\/100 tox|[from] move: Infestation|[partiallytrapped]\n|upkeep\n|turn|13\n|\n|t:|1698112394\n|move|p2b: Milotic|Scald|p1a: Alomomola\n|-resisted|p1a: Alomomola\n|-damage|p1a: Alomomola|39\/100\n|-status|p1a: Alomomola|brn\n|move|p2a: Chansey|Heal Bell|p2a: Chansey\n|-activate|p2a: Chansey|move: Heal Bell\n|-curestatus|p2a: Chansey|tox|[msg]\n|-curestatus|p2b: Milotic|tox|[msg]\n|move|p1a: Alomomola|Acrobatics|p2a: Chansey\n|-damage|p2a: Chansey|44\/100\n|move|p1b: Toxapex|Toxic|p2a: Chansey\n|-status|p2a: Chansey|tox\n|\n|-heal|p2b: Milotic|88\/100|[from] item: Leftovers\n|-damage|p2a: Chansey|38\/100 tox|[from] psn\n|-damage|p1a: Alomomola|33\/100 brn|[from] brn\n|-damage|p2a: Chansey|26\/100 tox|[from] move: Infestation|[partiallytrapped]\n|upkeep\n|turn|14\n|inactive|LUNCHBOXYETI has 120 seconds left.\n|\n|t:|1698112428\n|move|p2b: Milotic|Scald|p1b: Toxapex\n|-resisted|p1b: Toxapex\n|-damage|p1b: Toxapex|80\/100\n|move|p2a: Chansey|Soft-Boiled|p2a: Chansey\n|-heal|p2a: Chansey|76\/100 tox\n|move|p1a: Alomomola|Wish|p1a: Alomomola\n|move|p1b: Toxapex|Toxic|p2a: Chansey\n|-fail|p2a: Chansey|tox\n|\n|-heal|p2b: Milotic|94\/100|[from] item: Leftovers\n|-damage|p2a: Chansey|63\/100 tox|[from] psn\n|-damage|p1a: Alomomola|27\/100 brn|[from] brn\n|-end|p2a: Chansey|Infestation|[partiallytrapped]\n|upkeep\n|turn|15\n|\n|t:|1698112452\n|move|p2b: Milotic|Scald|p1a: Alomomola\n|-resisted|p1a: Alomomola\n|-damage|p1a: Alomomola|9\/100 brn\n|move|p2a: Chansey|Seismic Toss|p1b: Toxapex\n|-damage|p1b: Toxapex|47\/100\n|move|p1a: Alomomola|Acrobatics|p2a: Chansey\n|-damage|p2a: Chansey|57\/100 tox\n|move|p1b: Toxapex|Toxic|p2b: Milotic\n|-status|p2b: Milotic|tox\n|\n|-heal|p1a: Alomomola|59\/100 brn|[from] move: Wish|[wisher] Alomomola\n|-heal|p2b: Milotic|100\/100 tox|[from] item: Leftovers\n|-damage|p2b: Milotic|94\/100 tox|[from] psn\n|-damage|p2a: Chansey|39\/100 tox|[from] psn\n|-damage|p1a: Alomomola|53\/100 brn|[from] brn\n|upkeep\n|turn|16\n|\n|t:|1698112476\n|move|p2b: Milotic|Scald|p1b: Toxapex\n|-resisted|p1b: Toxapex\n|-damage|p1b: Toxapex|36\/100\n|-status|p1b: Toxapex|brn\n|move|p2a: Chansey|Heal Bell|p2a: Chansey\n|-activate|p2a: Chansey|move: Heal Bell\n|-curestatus|p2a: Chansey|tox|[msg]\n|-curestatus|p2b: Milotic|tox|[msg]\n|move|p1a: Alomomola|Wish|p1a: Alomomola\n|move|p1b: Toxapex|Infestation|p2a: Chansey\n|-damage|p2a: Chansey|38\/100\n|-activate|p2a: Chansey|move: Infestation|[of] p1b: Toxapex\n|\n|-heal|p2b: Milotic|100\/100|[from] item: Leftovers\n|-damage|p1a: Alomomola|47\/100 brn|[from] brn\n|-damage|p1b: Toxapex|30\/100 brn|[from] brn\n|-damage|p2a: Chansey|26\/100|[from] move: Infestation|[partiallytrapped]\n|upkeep\n|turn|17\n|\n|t:|1698112499\n|move|p2b: Milotic|Scald|p1a: Alomomola\n|-resisted|p1a: Alomomola\n|-damage|p1a: Alomomola|29\/100 brn\n|move|p2a: Chansey|Soft-Boiled|p2a: Chansey\n|-heal|p2a: Chansey|76\/100\n|move|p1a: Alomomola|Acrobatics|p2a: Chansey\n|-damage|p2a: Chansey|69\/100\n|move|p1b: Toxapex|Recover|p1b: Toxapex\n|-heal|p1b: Toxapex|80\/100 brn\n|\n|-heal|p1a: Alomomola|79\/100 brn|[from] move: Wish|[wisher] Alomomola\n|-damage|p1a: Alomomola|73\/100 brn|[from] brn\n|-damage|p1b: Toxapex|74\/100 brn|[from] brn\n|-damage|p2a: Chansey|57\/100|[from] move: Infestation|[partiallytrapped]\n|upkeep\n|turn|18\n|\n|t:|1698112523\n|move|p2b: Milotic|Scald|p1b: Toxapex\n|-resisted|p1b: Toxapex\n|-damage|p1b: Toxapex|63\/100 brn\n|move|p2a: Chansey|Seismic Toss|p1b: Toxapex\n|-damage|p1b: Toxapex|30\/100 brn\n|move|p1a: Alomomola|Acrobatics|p2a: Chansey\n|-damage|p2a: Chansey|51\/100\n|move|p1b: Toxapex|Toxic|p2a: Chansey\n|-status|p2a: Chansey|tox\n|\n|-damage|p2a: Chansey|45\/100 tox|[from] psn\n|-damage|p1a: Alomomola|67\/100 brn|[from] brn\n|-damage|p1b: Toxapex|24\/100 brn|[from] brn\n|-damage|p2a: Chansey|33\/100 tox|[from] move: Infestation|[partiallytrapped]\n|upkeep\n|turn|19\n|c|\u2606spicy2cno|stalemate\n|\n|t:|1698112544\n|move|p2b: Milotic|Scald|p1b: Toxapex\n|-resisted|p1b: Toxapex\n|-damage|p1b: Toxapex|12\/100 brn\n|move|p2a: Chansey|Soft-Boiled|p2a: Chansey\n|-heal|p2a: Chansey|83\/100 tox\n|move|p1a: Alomomola|Acrobatics|p2a: Chansey\n|-damage|p2a: Chansey|77\/100 tox\n|move|p1b: Toxapex|Recover|p1b: Toxapex\n|-heal|p1b: Toxapex|63\/100 brn\n|\n|-damage|p2a: Chansey|65\/100 tox|[from] psn\n|-damage|p1a: Alomomola|61\/100 brn|[from] brn\n|-damage|p1b: Toxapex|57\/100 brn|[from] brn\n|-damage|p2a: Chansey|52\/100 tox|[from] move: Infestation|[partiallytrapped]\n|upkeep\n|turn|20\n|\n|t:|1698112571\n|move|p2b: Milotic|Scald|p1b: Toxapex\n|-resisted|p1b: Toxapex\n|-damage|p1b: Toxapex|45\/100 brn\n|move|p2a: Chansey|Seismic Toss|p1b: Toxapex\n|-damage|p1b: Toxapex|12\/100 brn\n|move|p1a: Alomomola|Wish|p1a: Alomomola\n|move|p1b: Toxapex|Recover|p1b: Toxapex\n|-heal|p1b: Toxapex|62\/100 brn\n|\n|-damage|p2a: Chansey|34\/100 tox|[from] psn\n|-damage|p1a: Alomomola|55\/100 brn|[from] brn\n|-damage|p1b: Toxapex|56\/100 brn|[from] brn\n|-end|p2a: Chansey|Infestation|[partiallytrapped]\n|upkeep\n|turn|21\n|\n|t:|1698112592\n|move|p2b: Milotic|Scald|p1a: Alomomola\n|-resisted|p1a: Alomomola\n|-damage|p1a: Alomomola|39\/100 brn\n|move|p2a: Chansey|Soft-Boiled|p2a: Chansey\n|-heal|p2a: Chansey|84\/100 tox\n|move|p1a: Alomomola|Acrobatics|p2a: Chansey\n|-damage|p2a: Chansey|78\/100 tox\n|move|p1b: Toxapex|Infestation|p2a: Chansey\n|-crit|p2a: Chansey\n|-damage|p2a: Chansey|76\/100 tox\n|-activate|p2a: Chansey|move: Infestation|[of] p1b: Toxapex\n|\n|-heal|p1a: Alomomola|89\/100 brn|[from] move: Wish|[wisher] Alomomola\n|-damage|p2a: Chansey|52\/100 tox|[from] psn\n|-damage|p1a: Alomomola|83\/100 brn|[from] brn\n|-damage|p1b: Toxapex|50\/100 brn|[from] brn\n|-damage|p2a: Chansey|39\/100 tox|[from] move: Infestation|[partiallytrapped]\n|upkeep\n|turn|22\n|inactive|LUNCHBOXYETI has 120 seconds left.\n|\n|t:|1698112627\n|move|p2b: Milotic|Scald|p1b: Toxapex\n|-resisted|p1b: Toxapex\n|-damage|p1b: Toxapex|39\/100 brn\n|move|p2a: Chansey|Heal Bell|p2a: Chansey\n|-activate|p2a: Chansey|move: Heal Bell\n|-curestatus|p2a: Chansey|tox|[msg]\n|move|p1a: Alomomola|Acrobatics|p2a: Chansey\n|-damage|p2a: Chansey|33\/100\n|move|p1b: Toxapex|Recover|p1b: Toxapex\n|-heal|p1b: Toxapex|89\/100 brn\n|\n|-damage|p1a: Alomomola|77\/100 brn|[from] brn\n|-damage|p1b: Toxapex|83\/100 brn|[from] brn\n|-damage|p2a: Chansey|20\/100|[from] move: Infestation|[partiallytrapped]\n|upkeep\n|turn|23\n|inactive|LUNCHBOXYETI has 120 seconds left.\n|\n|t:|1698112664\n|move|p2b: Milotic|Scald|p1b: Toxapex\n|-resisted|p1b: Toxapex\n|-damage|p1b: Toxapex|72\/100 brn\n|move|p2a: Chansey|Soft-Boiled|p2a: Chansey\n|-heal|p2a: Chansey|70\/100\n|move|p1a: Alomomola|Acrobatics|p2a: Chansey\n|-damage|p2a: Chansey|64\/100\n|move|p1b: Toxapex|Toxic|p2a: Chansey\n|-status|p2a: Chansey|tox\n|\n|-damage|p2a: Chansey|58\/100 tox|[from] psn\n|-damage|p1a: Alomomola|71\/100 brn|[from] brn\n|-damage|p1b: Toxapex|66\/100 brn|[from] brn\n|-damage|p2a: Chansey|46\/100 tox|[from] move: Infestation|[partiallytrapped]\n|upkeep\n|turn|24\n|c|\u2606spicy2cno|please\n|inactive|LUNCHBOXYETI has 120 seconds left.\n|\n|t:|1698112688\n|move|p2b: Milotic|Scald|p1b: Toxapex\n|-resisted|p1b: Toxapex\n|-damage|p1b: Toxapex|56\/100 brn\n|move|p2a: Chansey|Seismic Toss|p1b: Toxapex\n|-damage|p1b: Toxapex|23\/100 brn\n|move|p1a: Alomomola|Acrobatics|p2a: Chansey\n|-damage|p2a: Chansey|39\/100 tox\n|move|p1b: Toxapex|Infestation|p2b: Milotic\n|-damage|p2b: Milotic|98\/100\n|-activate|p2b: Milotic|move: Infestation|[of] p1b: Toxapex\n|\n|-heal|p2b: Milotic|100\/100|[from] item: Leftovers\n|-damage|p2a: Chansey|27\/100 tox|[from] psn\n|-damage|p1a: Alomomola|65\/100 brn|[from] brn\n|-damage|p1b: Toxapex|17\/100 brn|[from] brn\n|-damage|p2b: Milotic|88\/100|[from] move: Infestation|[partiallytrapped]\n|-damage|p2a: Chansey|15\/100 tox|[from] move: Infestation|[partiallytrapped]\n|upkeep\n|turn|25\n|inactive|LUNCHBOXYETI has 120 seconds left.\n|\n|t:|1698112718\n|move|p2b: Milotic|Scald|p1b: Toxapex\n|-resisted|p1b: Toxapex\n|-damage|p1b: Toxapex|5\/100 brn\n|move|p2a: Chansey|Seismic Toss|p1b: Toxapex\n|-damage|p1b: Toxapex|0 fnt\n|faint|p1b: Toxapex\n|move|p1a: Alomomola|Acrobatics|p2a: Chansey\n|-damage|p2a: Chansey|8\/100 tox\n|\n|-heal|p2b: Milotic|94\/100|[from] item: Leftovers\n|-damage|p2a: Chansey|0 fnt|[from] psn\n|faint|p2a: Chansey\n|-damage|p1a: Alomomola|59\/100 brn|[from] brn\n|-end|p2b: Milotic|Infestation|[partiallytrapped]|[silent]\n|upkeep\n|inactive|LUNCHBOXYETI has 120 seconds left.\n|\n|t:|1698112736\n|switch|p2a: Gliscor|Gliscor, F|100\/100\n|switch|p1b: Rabsca|Rabsca, F|59\/100\n|turn|26\n|\n|t:|1698112747\n|move|p2a: Gliscor|Tailwind|p2a: Gliscor\n|-sidestart|p2: spicy2cno|move: Tailwind\n|move|p2b: Milotic|Scald|p1b: Rabsca\n|-damage|p1b: Rabsca|30\/100\n|-status|p1b: Rabsca|brn\n|move|p1b: Rabsca|Revival Blessing|p1b: Rabsca\n|\n|t:|1698112756\n|-heal|p1: Toxapex|50\/100|[from] move: Revival Blessing\n|move|p1a: Alomomola|Flip Turn|p2a: Gliscor\n|-supereffective|p2a: Gliscor\n|-damage|p2a: Gliscor|85\/100\n|c|\u2606spicy2cno|no\n|c|\u2606spicy2cno|sotp\n|c|\u2606spicy2cno|stop\n|c|\u2606spicy2cno|you can't\n|c|\u2606spicy2cno|please\n|c|\u2606spicy2cno|why\n|\n|t:|1698112774\n|switch|p1a: Toxapex|Toxapex, M|50\/100|[from] Flip Turn\n|\n|-heal|p2a: Gliscor|91\/100|[from] item: Leftovers\n|-heal|p2b: Milotic|99\/100|[from] item: Leftovers\n|-damage|p1b: Rabsca|24\/100 brn|[from] brn\n|upkeep\n|turn|27\n|c|\u2606spicy2cno|why have you done this\n|\n|t:|1698112793\n|switch|p1a: Blissey|Blissey, F|100\/100\n|move|p2a: Gliscor|Earthquake|p1b: Rabsca|[spread] p2b,p1a,p1b\n|-resisted|p1b: Rabsca\n|-damage|p2b: Milotic|76\/100\n|-damage|p1a: Blissey|25\/100\n|-damage|p1b: Rabsca|5\/100 brn\n|move|p2b: Milotic|Scald|p1a: Blissey\n|-damage|p1a: Blissey|18\/100\n|-status|p1a: Blissey|brn\n|move|p1b: Rabsca|Trick Room|p1b: Rabsca\n|-fieldstart|move: Trick Room|[of] p1b: Rabsca\n|\n|-heal|p2b: Milotic|82\/100|[from] item: Leftovers\n|-heal|p2a: Gliscor|97\/100|[from] item: Leftovers\n|-damage|p1a: Blissey|12\/100 brn|[from] brn\n|-damage|p1b: Rabsca|0 fnt|[from] brn\n|faint|p1b: Rabsca\n|upkeep\n|inactive|LUNCHBOXYETI has 120 seconds left.\n|\n|t:|1698112818\n|switch|p1b: Alomomola|Alomomola, M|92\/100 brn\n|turn|28\n|inactive|LUNCHBOXYETI has 120 seconds left.\n|\n|t:|1698112857\n|move|p1b: Alomomola|Flip Turn|p2a: Gliscor\n|-supereffective|p2a: Gliscor\n|-damage|p2a: Gliscor|82\/100\n|\n|t:|1698112871\n|switch|p1b: Perrserker|Perrserker, F|50\/100|[from] Flip Turn\n|move|p1a: Blissey|Stealth Rock|p2b: Milotic\n|-sidestart|p2: spicy2cno|move: Stealth Rock\n|move|p2b: Milotic|Scald|p1b: Perrserker\n|-damage|p1b: Perrserker|3\/100\n|move|p2a: Gliscor|Earthquake|p1b: Perrserker|[spread] p2b,p1a,p1b\n|-supereffective|p1b: Perrserker\n|-damage|p2b: Milotic|58\/100\n|-damage|p1a: Blissey|0 fnt\n|-damage|p1b: Perrserker|0 fnt\n|faint|p1a: Blissey\n|faint|p1b: Perrserker\n|\n|-heal|p2b: Milotic|64\/100|[from] item: Leftovers\n|-heal|p2a: Gliscor|89\/100|[from] item: Leftovers\n|upkeep\n|\n|t:|1698112880\n|switch|p1b: Alomomola|Alomomola, M|100\/100 brn\n|switch|p1a: Iron Treads|Iron Treads|33\/100 brn\n|turn|29\n|inactive|LUNCHBOXYETI has 120 seconds left.\n|\n|t:|1698112898\n|move|p1b: Alomomola|Acrobatics|p2a: Gliscor\n|-damage|p2a: Gliscor|78\/100\n|move|p1a: Iron Treads|Iron Head|p2a: Gliscor\n|-damage|p2a: Gliscor|59\/100\n|move|p2b: Milotic|Recover|p2b: Milotic\n|-heal|p2b: Milotic|100\/100\n|cant|p2a: Gliscor|flinch\n|\n|-heal|p2a: Gliscor|65\/100|[from] item: Leftovers\n|-damage|p1b: Alomomola|94\/100 brn|[from] brn\n|-damage|p1a: Iron Treads|27\/100 brn|[from] brn\n|-sideend|p2: spicy2cno|move: Tailwind\n|upkeep\n|turn|30\n|\n|t:|1698112916\n|move|p1b: Alomomola|Acrobatics|p2a: Gliscor\n|-damage|p2a: Gliscor|55\/100\n|move|p2b: Milotic|Scald|p1b: Alomomola\n|-resisted|p1b: Alomomola\n|-damage|p1b: Alomomola|78\/100 brn\n|move|p2a: Gliscor|Earthquake|p1b: Alomomola|[spread] p2b,p1a,p1b\n|-supereffective|p1a: Iron Treads\n|-damage|p2b: Milotic|77\/100\n|-damage|p1a: Iron Treads|0 fnt\n|-damage|p1b: Alomomola|61\/100 brn\n|faint|p1a: Iron Treads\n|-end|p1a: Iron Treads|Quark Drive|[silent]\n|\n|-heal|p2b: Milotic|83\/100|[from] item: Leftovers\n|-heal|p2a: Gliscor|61\/100|[from] item: Leftovers\n|-damage|p1b: Alomomola|55\/100 brn|[from] brn\n|upkeep\n|inactive|LUNCHBOXYETI has 120 seconds left.\n|\n|t:|1698112934\n|switch|p1a: Toxapex|Toxapex, M|84\/100\n|turn|31\n|\n|t:|1698112942\n|move|p1a: Toxapex|Infestation|p2a: Gliscor\n|-resisted|p2a: Gliscor\n|-damage|p2a: Gliscor|60\/100\n|-activate|p2a: Gliscor|move: Infestation|[of] p1a: Toxapex\n|move|p1b: Alomomola|Wish|p1b: Alomomola\n|move|p2b: Milotic|Scald|p1b: Alomomola\n|-resisted|p1b: Alomomola\n|-crit|p1b: Alomomola\n|-damage|p1b: Alomomola|30\/100 brn\n|move|p2a: Gliscor|Earthquake|p1a: Toxapex|[spread] p2b,p1a,p1b\n|-supereffective|p1a: Toxapex\n|-damage|p2b: Milotic|58\/100\n|-damage|p1a: Toxapex|45\/100\n|-damage|p1b: Alomomola|13\/100 brn\n|\n|-heal|p2b: Milotic|64\/100|[from] item: Leftovers\n|-heal|p2a: Gliscor|66\/100|[from] item: Leftovers\n|-damage|p1b: Alomomola|7\/100 brn|[from] brn\n|-damage|p2a: Gliscor|54\/100|[from] move: Infestation|[partiallytrapped]\n|-fieldend|move: Trick Room\n|upkeep\n|turn|32\n|\n|t:|1698112967\n|move|p1b: Alomomola|Wide Guard|p1b: Alomomola\n|-singleturn|p1b: Alomomola|Wide Guard\n|move|p2a: Gliscor|Earthquake|p1a: Toxapex|[spread] p2b\n|-activate|p1a: Toxapex|move: Wide Guard\n|-activate|p1b: Alomomola|move: Wide Guard\n|-damage|p2b: Milotic|39\/100\n|move|p2b: Milotic|Scald|p1a: Toxapex\n|-resisted|p1a: Toxapex\n|-damage|p1a: Toxapex|35\/100\n|move|p1a: Toxapex|Recover|p1a: Toxapex\n|-heal|p1a: Toxapex|85\/100\n|\n|-heal|p1b: Alomomola|57\/100 brn|[from] move: Wish|[wisher] Alomomola\n|-heal|p2a: Gliscor|60\/100|[from] item: Leftovers\n|-heal|p2b: Milotic|45\/100|[from] item: Leftovers\n|-damage|p1b: Alomomola|51\/100 brn|[from] brn\n|-damage|p2a: Gliscor|48\/100|[from] move: Infestation|[partiallytrapped]\n|upkeep\n|turn|33\n|\n|t:|1698112990\n|move|p2a: Gliscor|Protect|p2a: Gliscor\n|-singleturn|p2a: Gliscor|Protect\n|move|p2b: Milotic|Recover|p2b: Milotic\n|-heal|p2b: Milotic|95\/100\n|move|p1b: Alomomola|Wish|p1b: Alomomola\n|move|p1a: Toxapex|Infestation|p2b: Milotic\n|-damage|p2b: Milotic|92\/100\n|-activate|p2b: Milotic|move: Infestation|[of] p1a: Toxapex\n|\n|-heal|p2a: Gliscor|54\/100|[from] item: Leftovers\n|-heal|p2b: Milotic|98\/100|[from] item: Leftovers\n|-damage|p1b: Alomomola|45\/100 brn|[from] brn\n|-damage|p2a: Gliscor|42\/100|[from] move: Infestation|[partiallytrapped]\n|-damage|p2b: Milotic|86\/100|[from] move: Infestation|[partiallytrapped]\n|upkeep\n|turn|34\n|\n|t:|1698113017\n|move|p2a: Gliscor|Earthquake|p1a: Toxapex|[spread] p2b,p1a,p1b\n|-supereffective|p1a: Toxapex\n|-damage|p2b: Milotic|59\/100\n|-damage|p1a: Toxapex|39\/100\n|-damage|p1b: Alomomola|26\/100 brn\n|move|p2b: Milotic|Scald|p1b: Alomomola\n|-resisted|p1b: Alomomola\n|-damage|p1b: Alomomola|10\/100 brn\n|move|p1b: Alomomola|Flip Turn|p2a: Gliscor\n|-supereffective|p2a: Gliscor\n|-damage|p2a: Gliscor|27\/100\n|move|p1a: Toxapex|Toxic|p2b: Milotic\n|-status|p2b: Milotic|tox\n|\n|-heal|p1b: Alomomola|60\/100 brn|[from] move: Wish|[wisher] Alomomola\n|-heal|p2a: Gliscor|33\/100|[from] item: Leftovers\n|-heal|p2b: Milotic|65\/100 tox|[from] item: Leftovers\n|-damage|p2b: Milotic|59\/100 tox|[from] psn\n|-damage|p1b: Alomomola|54\/100 brn|[from] brn\n|-damage|p2a: Gliscor|21\/100|[from] move: Infestation|[partiallytrapped]\n|-damage|p2b: Milotic|46\/100 tox|[from] move: Infestation|[partiallytrapped]\n|upkeep\n|turn|35\n|\n|t:|1698113038\n|move|p1b: Alomomola|Wide Guard|p1b: Alomomola\n|-singleturn|p1b: Alomomola|Wide Guard\n|move|p2a: Gliscor|Earthquake|p1a: Toxapex|[spread] p2b\n|-activate|p1a: Toxapex|move: Wide Guard\n|-activate|p1b: Alomomola|move: Wide Guard\n|-damage|p2b: Milotic|30\/100 tox\n|move|p2b: Milotic|Scald|p1b: Alomomola\n|-resisted|p1b: Alomomola\n|-damage|p1b: Alomomola|38\/100 brn\n|move|p1a: Toxapex|Recover|p1a: Toxapex\n|-heal|p1a: Toxapex|90\/100\n|\n|-heal|p2a: Gliscor|27\/100|[from] item: Leftovers\n|-heal|p2b: Milotic|36\/100 tox|[from] item: Leftovers\n|-damage|p2b: Milotic|24\/100 tox|[from] psn\n|-damage|p1b: Alomomola|32\/100 brn|[from] brn\n|-end|p2a: Gliscor|Infestation|[partiallytrapped]\n|-damage|p2b: Milotic|11\/100 tox|[from] move: Infestation|[partiallytrapped]\n|upkeep\n|turn|36\n|c|\u2606spicy2cno|i hate you\n|c|\u2606LUNCHBOXYETI|gg igtg\n|-message|LUNCHBOXYETI forfeited.\n|\n|win|spicy2cno\n|raw|LUNCHBOXYETI's rating: 1116 &rarr; <strong>1086<\/strong><br \/>(-30 for losing)\n|raw|spicy2cno's rating: 1050 &rarr; <strong>1089<\/strong><br \/>(+39 for winning)\n|l|\u2606LUNCHBOXYETI\n|c|\u2606spicy2cno|THANK GOD\n","uploadtime":1698113122,"views":13,"p1id":"lunchboxyeti","p2id":"spicy2cno","formatid":"gen9doublesou","rating":1086,"private":0,"password":""}