{"id":"gen9doublesou-1969879169","p1":"Hydra Sylvatica","p2":"Fougere22","format":"[Gen 9] Doubles OU","log":"|j|\u2606Hydra Sylvatica\n|j|\u2606Fougere22\n|t:|1697572578\n|gametype|doubles\n|player|p1|Hydra Sylvatica|grimsley|1135\n|player|p2|Fougere22|cheryl|1053\n|teamsize|p1|6\n|teamsize|p2|6\n|gen|9\n|tier|[Gen 9] Doubles OU\n|rated|\n|rule|Species Clause: Limit one of each Pok\u00e9mon\n|rule|OHKO Clause: OHKO moves are banned\n|rule|Evasion Moves Clause: Evasion moves are banned\n|rule|Gravity Sleep Clause: The combination of sleep-inducing moves with imperfect accuracy and Gravity or Gigantamax Orbeetle are banned\n|rule|Endless Battle Clause: Forcing endless battles is banned\n|rule|HP Percentage Mod: HP is shown in percentages\n|clearpoke\n|poke|p1|Brute Bonnet|\n|poke|p1|Dudunsparce-*, M|\n|poke|p1|Maushold-Four|\n|poke|p1|Flamigo, M|\n|poke|p1|Indeedee-F, F|\n|poke|p1|Sneasel, L95, F|\n|poke|p2|Ninetales-Alola, M|\n|poke|p2|Manaphy|\n|poke|p2|Pelipper, F|\n|poke|p2|Palafin, F|\n|poke|p2|Amoonguss, M|\n|poke|p2|Ogerpon-Hearthflame, F|\n|teampreview\n|\n|t:|1697572585\n|start\n|switch|p1a: Dudunsparce|Dudunsparce, M|100\/100\n|switch|p1b: Sneasel|Sneasel, L95, F|100\/100\n|switch|p2a: Palafin|Palafin, F|100\/100\n|switch|p2b: Amoonguss|Amoonguss, M|100\/100\n|turn|1\n|\n|t:|1697572593\n|-terastallize|p1a: Dudunsparce|Ghost\n|move|p1b: Sneasel|Beat Up|p1a: Dudunsparce\n|-supereffective|p1a: Dudunsparce\n|-damage|p1a: Dudunsparce|93\/100\n|-ability|p1a: Dudunsparce|Rattled|boost\n|-boost|p1a: Dudunsparce|spe|1\n|-enditem|p1a: Dudunsparce|Weakness Policy\n|-boost|p1a: Dudunsparce|atk|2|[from] item: Weakness Policy\n|-boost|p1a: Dudunsparce|spa|2|[from] item: Weakness Policy\n|-supereffective|p1a: Dudunsparce\n|-damage|p1a: Dudunsparce|86\/100\n|-ability|p1a: Dudunsparce|Rattled|boost\n|-boost|p1a: Dudunsparce|spe|1\n|-supereffective|p1a: Dudunsparce\n|-damage|p1a: Dudunsparce|79\/100\n|-ability|p1a: Dudunsparce|Rattled|boost\n|-boost|p1a: Dudunsparce|spe|1\n|-supereffective|p1a: Dudunsparce\n|-damage|p1a: Dudunsparce|71\/100\n|-ability|p1a: Dudunsparce|Rattled|boost\n|-boost|p1a: Dudunsparce|spe|1\n|-supereffective|p1a: Dudunsparce\n|-damage|p1a: Dudunsparce|65\/100\n|-ability|p1a: Dudunsparce|Rattled|boost\n|-boost|p1a: Dudunsparce|spe|1\n|-supereffective|p1a: Dudunsparce\n|-damage|p1a: Dudunsparce|57\/100\n|-ability|p1a: Dudunsparce|Rattled|boost\n|-boost|p1a: Dudunsparce|spe|1\n|-hitcount|p1a: Dudunsparce|6\n|move|p1a: Dudunsparce|Coil|p1a: Dudunsparce\n|-boost|p1a: Dudunsparce|atk|1\n|-boost|p1a: Dudunsparce|def|1\n|-boost|p1a: Dudunsparce|accuracy|1\n|move|p2a: Palafin|Drain Punch|p1b: Sneasel\n|-supereffective|p1b: Sneasel\n|-enditem|p1b: Sneasel|Focus Sash\n|-damage|p1b: Sneasel|1\/100\n|move|p2b: Amoonguss|Toxic|p1a: Dudunsparce\n|-status|p1a: Dudunsparce|tox\n|\n|-damage|p1a: Dudunsparce|51\/100 tox|[from] psn\n|upkeep\n|turn|2\n|c|\u2606Fougere22|OMG\n|\n|t:|1697572626\n|detailschange|p2a: Palafin|Palafin-Hero, F\n|switch|p2a: Pelipper|Pelipper, F|100\/100\n|-weather|RainDance|[from] ability: Drizzle|[of] p2a: Pelipper\n|switch|p2b: Ninetales|Ninetales-Alola, M|100\/100\n|-weather|Snow|[from] ability: Snow Warning|[of] p2b: Ninetales\n|move|p1a: Dudunsparce|Baton Pass|p1a: Dudunsparce\n|\n|t:|1697572634\n|switch|p1a: Maushold|Maushold-Four|100\/100|[from] Baton Pass\n|move|p1b: Sneasel|Knock Off|p2a: Pelipper\n|-damage|p2a: Pelipper|80\/100\n|-enditem|p2a: Pelipper|Damp Rock|[from] move: Knock Off|[of] p1b: Sneasel\n|\n|-weather|Snow|[upkeep]\n|upkeep\n|turn|3\n|c|\u2606Fougere22|OMG\n|\n|t:|1697572644\n|switch|p1b: Flamigo|Flamigo, M|100\/100\n|-copyboost|p1b: Flamigo|p1a: Maushold|[from] ability: Costar\n|move|p1a: Maushold|Population Bomb|p2b: Ninetales\n|-damage|p2b: Ninetales|77\/100\n|-damage|p2b: Ninetales|54\/100\n|-damage|p2b: Ninetales|28\/100\n|-damage|p2b: Ninetales|6\/100\n|-damage|p2b: Ninetales|0 fnt\n|faint|p2b: Ninetales\n|-hitcount|p2: Ninetales|5\n|move|p2a: Pelipper|Roost|p2a: Pelipper\n|-heal|p2a: Pelipper|100\/100\n|-singleturn|p2a: Pelipper|move: Roost\n|\n|-weather|Snow|[upkeep]\n|upkeep\n|c|\u2606Fougere22|bro ..\n|c|\u2606Hydra Sylvatica|lol\n|c|\u2606Fougere22|can i have you team link ?\n|\n|t:|1697572659\n|switch|p2b: Amoonguss|Amoonguss, M|100\/100\n|turn|4\n|c|\u2606Hydra Sylvatica|how do you do it?\n|\n|t:|1697572733\n|move|p1a: Maushold|Population Bomb|p2a: Pelipper\n|-damage|p2a: Pelipper|81\/100\n|-damage|p2a: Pelipper|61\/100\n|-damage|p2a: Pelipper|41\/100\n|-damage|p2a: Pelipper|22\/100\n|-damage|p2a: Pelipper|3\/100\n|-damage|p2a: Pelipper|0 fnt\n|faint|p2a: Pelipper\n|-hitcount|p2: Pelipper|6\n|move|p1b: Flamigo|Acrobatics|p2b: Amoonguss\n|-supereffective|p2b: Amoonguss\n|-damage|p2b: Amoonguss|0 fnt\n|-damage|p1b: Flamigo|84\/100|[from] item: Rocky Helmet|[of] p2b: Amoonguss\n|faint|p2b: Amoonguss\n|\n|-weather|Snow|[upkeep]\n|upkeep\n|c|\u2606Fougere22|go to both on the team\n|c|\u2606Fougere22|and upload to pokepast\n|\n|t:|1697572752\n|switch|p2a: Palafin|Palafin-Hero, F|100\/100\n|switch|p2b: Ogerpon|Ogerpon-Hearthflame, F|100\/100\n|-ability|p2b: Ogerpon|Mold Breaker\n|-activate|p2a: Palafin|ability: Zero to Hero\n|turn|5\n|\n|t:|1697572774\n|move|p2a: Palafin|Jet Punch|p1a: Maushold\n|-damage|p1a: Maushold|61\/100\n|move|p1a: Maushold|Population Bomb|p2a: Palafin\n|-crit|p2a: Palafin\n|-damage|p2a: Palafin|64\/100\n|-damage|p2a: Palafin|36\/100\n|-damage|p2a: Palafin|10\/100\n|-damage|p2a: Palafin|0 fnt\n|faint|p2a: Palafin\n|-hitcount|p2: Palafin|4\n|move|p1b: Flamigo|Acrobatics|p2b: Ogerpon\n|-supereffective|p2b: Ogerpon\n|-damage|p2b: Ogerpon|0 fnt\n|faint|p2b: Ogerpon\n|\n|-weather|Snow|[upkeep]\n|upkeep\n|c|\u2606Fougere22|do you see it ?\n|\n|t:|1697572797\n|switch|p2b: Manaphy|Manaphy|100\/100\n|turn|6\n|c|\u2606Fougere22|guy ,\n|c|\u2606Fougere22|???\n|c|\u2606Hydra Sylvatica|coming\n|c|\u2606Fougere22|okay thx ^^\n|c|\u2606Hydra Sylvatica|https:\/\/pokepast.es\/32df629b6da15dc4\n|\n|t:|1697572869\n|move|p1a: Maushold|Bullet Seed|p2b: Manaphy\n|-supereffective|p2b: Manaphy\n|-damage|p2b: Manaphy|63\/100\n|-supereffective|p2b: Manaphy\n|-damage|p2b: Manaphy|29\/100\n|-supereffective|p2b: Manaphy\n|-damage|p2b: Manaphy|0 fnt\n|faint|p2b: Manaphy\n|-hitcount|p2: Manaphy|3\n|\n|win|Hydra Sylvatica\n|raw|Hydra Sylvatica's rating: 1135 &rarr; <strong>1154<\/strong><br \/>(+19 for winning)\n|raw|Fougere22's rating: 1053 &rarr; <strong>1039<\/strong><br \/>(-14 for losing)\n|c|\u2606Fougere22|thx\n","uploadtime":1697572885,"views":14,"p1id":"hydrasylvatica","p2id":"fougere22","formatid":"gen9doublesou","rating":1039,"private":0,"password":""}