{"id":"gen9doublesou-1999328969","p1":"bananaszn","p2":"907ak","format":"[Gen 9] Doubles OU","log":"|j|\u2606bananaszn\n|j|\u2606907ak\n|t:|1701061176\n|gametype|doubles\n|player|p1|bananaszn|teamrocket|1437\n|player|p2|907ak|burglar|1298\n|teamsize|p1|6\n|teamsize|p2|6\n|gen|9\n|tier|[Gen 9] Doubles OU\n|rated|\n|rule|Species Clause: Limit one of each Pok\u00e9mon\n|rule|OHKO Clause: OHKO moves are banned\n|rule|Evasion Moves Clause: Evasion moves are banned\n|rule|Gravity Sleep Clause: The combination of sleep-inducing moves with imperfect accuracy and Gravity or Gigantamax Orbeetle are banned\n|rule|Endless Battle Clause: Forcing endless battles is banned\n|rule|HP Percentage Mod: HP is shown in percentages\n|clearpoke\n|poke|p1|Scizor, F|\n|poke|p1|Tornadus, M|\n|poke|p1|Chien-Pao|\n|poke|p1|Iron Hands|\n|poke|p1|Volcanion|\n|poke|p1|Great Tusk|\n|poke|p2|Qwilfish-Hisui, M|\n|poke|p2|Fezandipiti, M|\n|poke|p2|Basculegion-F, F|\n|poke|p2|Infernape, M|\n|poke|p2|Dragapult, M|\n|poke|p2|Landorus, M|\n|teampreview\n|\n|t:|1701061220\n|start\n|switch|p1a: YN Jay|Tornadus, M|100\/100\n|switch|p1b: Kawhi Leonard|Scizor, F|100\/100\n|switch|p2a: Infernape|Infernape, M|100\/100\n|switch|p2b: Dragapult|Dragapult, M|100\/100\n|turn|1\n|\n|t:|1701061252\n|switch|p1b: Volcanion|Volcanion|100\/100\n|move|p2a: Infernape|Fake Out|p1a: YN Jay\n|-damage|p1a: YN Jay|78\/100\n|-damage|p2a: Infernape|91\/100|[from] item: Life Orb\n|cant|p1a: YN Jay|flinch\n|move|p2b: Dragapult|Flamethrower|p1b: Volcanion\n|-resisted|p1b: Volcanion\n|-damage|p1b: Volcanion|90\/100\n|\n|-heal|p1b: Volcanion|96\/100|[from] item: Leftovers\n|upkeep\n|turn|2\n|inactive|Battle timer is ON: inactive players will automatically lose when time's up. (requested by 907ak)\n|\n|t:|1701061267\n|switch|p2b: Fezandipiti|Fezandipiti, M|100\/100\n|move|p1a: YN Jay|Tailwind|p1a: YN Jay\n|-sidestart|p1: bananaszn|move: Tailwind\n|move|p1b: Volcanion|Steam Eruption|p2a: Infernape\n|-supereffective|p2a: Infernape\n|-damage|p2a: Infernape|0 fnt\n|faint|p2a: Infernape\n|\n|-heal|p1b: Volcanion|100\/100|[from] item: Leftovers\n|upkeep\n|\n|t:|1701061278\n|switch|p2a: Qwilfish|Qwilfish-Hisui, M|100\/100\n|-ability|p2a: Qwilfish|Intimidate|boost\n|-unboost|p1a: YN Jay|atk|1\n|-unboost|p1b: Volcanion|atk|1\n|turn|3\n|inactive|bananaszn has 120 seconds left.\n|\n|t:|1701061313\n|move|p1a: YN Jay|Bleakwind Storm|p2a: Qwilfish|[spread] p2a,p2b\n|-damage|p2a: Qwilfish|46\/100\n|-damage|p2b: Fezandipiti|65\/100\n|-unboost|p2b: Fezandipiti|spe|1\n|move|p1b: Volcanion|Steam Eruption|p2b: Fezandipiti\n|-damage|p2b: Fezandipiti|11\/100\n|move|p2a: Qwilfish|Barb Barrage|p1b: Volcanion\n|-damage|p1b: Volcanion|79\/100\n|move|p2b: Fezandipiti|Icy Wind|p1b: Volcanion|[spread] p1a,p1b\n|-supereffective|p1a: YN Jay\n|-resisted|p1b: Volcanion\n|-damage|p1a: YN Jay|60\/100\n|-damage|p1b: Volcanion|77\/100\n|-unboost|p1a: YN Jay|spe|1\n|-unboost|p1b: Volcanion|spe|1\n|\n|-heal|p1b: Volcanion|83\/100|[from] item: Leftovers\n|-heal|p2b: Fezandipiti|17\/100|[from] item: Leftovers\n|upkeep\n|turn|4\n|inactive|907ak has 120 seconds left.\n|\n|t:|1701061344\n|move|p1a: YN Jay|Bleakwind Storm|p2a: Qwilfish|[spread] p2a,p2b\n|-damage|p2a: Qwilfish|0 fnt\n|-damage|p2b: Fezandipiti|0 fnt\n|faint|p2a: Qwilfish\n|faint|p2b: Fezandipiti\n|move|p1b: Volcanion|Heat Wave|p2: Qwilfish|[notarget]\n|-fail|p1b: Volcanion\n|\n|-heal|p1b: Volcanion|89\/100|[from] item: Leftovers\n|upkeep\n|inactive|907ak has 120 seconds left.\n|\n|t:|1701061352\n|switch|p2b: Basculegion|Basculegion-F, F|100\/100\n|switch|p2a: Dragapult|Dragapult, M|100\/100\n|turn|5\n|\n|t:|1701061371\n|move|p1a: YN Jay|Bleakwind Storm|p2b: Basculegion|[spread] p2a,p2b\n|-damage|p2a: Dragapult|46\/100\n|-damage|p2b: Basculegion|61\/100\n|-unboost|p2b: Basculegion|spe|1\n|move|p2a: Dragapult|Shadow Ball|p1b: Volcanion\n|-damage|p1b: Volcanion|35\/100\n|move|p2b: Basculegion|Last Respects|p1b: Volcanion\n|-damage|p1b: Volcanion|0 fnt\n|faint|p1b: Volcanion\n|\n|-sideend|p1: bananaszn|move: Tailwind\n|upkeep\n|-message|907ak forfeited.\n|\n|win|bananaszn\n|raw|bananaszn's rating: 1437 &rarr; <strong>1449<\/strong><br \/>(+12 for winning)\n|raw|907ak's rating: 1298 &rarr; <strong>1283<\/strong><br \/>(-15 for losing)\n|l|\u2606907ak\n","uploadtime":1701061384,"views":14,"p1id":"bananaszn","p2id":"907ak","formatid":"gen9doublesou","rating":1283,"private":0,"password":""}