{"id":"gen9doublesou-1972059905","p1":"pave1","p2":"Champion's Melody","format":"[Gen 9] Doubles OU","log":"|j|\u2606pave1\n|j|\u2606Champion's Melody\n|t:|1697809392\n|gametype|doubles\n|player|p1|pave1|supernerd|1000\n|player|p2|Champion's Melody|cynthia|1091\n|teamsize|p1|2\n|teamsize|p2|6\n|gen|9\n|tier|[Gen 9] Doubles OU\n|rated|\n|rule|Species Clause: Limit one of each Pok\u00e9mon\n|rule|OHKO Clause: OHKO moves are banned\n|rule|Evasion Moves Clause: Evasion moves are banned\n|rule|Gravity Sleep Clause: The combination of sleep-inducing moves with imperfect accuracy and Gravity or Gigantamax Orbeetle are banned\n|rule|Endless Battle Clause: Forcing endless battles is banned\n|rule|HP Percentage Mod: HP is shown in percentages\n|clearpoke\n|poke|p1|Pawmot, F|\n|poke|p1|Zorua-Hisui, L1, F|\n|poke|p2|Lurantis, F|\n|poke|p2|Clefable, M|\n|poke|p2|Kommo-o, M|\n|poke|p2|Chien-Pao|\n|poke|p2|Frosmoth, F|\n|poke|p2|Palafin, M|\n|teampreview\n|inactive|Battle timer is ON: inactive players will automatically lose when time's up. (requested by Champion's Melody)\n|c|\u2606pave1|its time\n|\n|t:|1697809400\n|start\n|switch|p1a: Pawmot|Pawmot, F|100\/100\n|switch|p1b: Zorua|Zorua-Hisui, L1, F|100\/100\n|switch|p2a: Palafin|Palafin, M|100\/100\n|switch|p2b: Clefable|Clefable, M|100\/100\n|turn|1\n|\n|t:|1697809413\n|move|p1a: Pawmot|Double Shock|p2a: Palafin\n|-supereffective|p2a: Palafin\n|-damage|p2a: Palafin|0 fnt\n|-start|p1a: Pawmot|typechange|???\/Fighting|[from] move: Double Shock\n|faint|p2a: Palafin\n|move|p2b: Clefable|Cosmic Power|p2b: Clefable\n|-boost|p2b: Clefable|def|1\n|-boost|p2b: Clefable|spd|1\n|move|p1b: Zorua|Will-O-Wisp|p2b: Clefable\n|-status|p2b: Clefable|brn\n|\n|upkeep\n|\n|t:|1697809431\n|switch|p2a: Chien-Pao|Chien-Pao|100\/100\n|-ability|p2a: Chien-Pao|Sword of Ruin\n|turn|2\n|\n|t:|1697809448\n|move|p2a: Chien-Pao|Swords Dance|p2a: Chien-Pao\n|-boost|p2a: Chien-Pao|atk|2\n|move|p1a: Pawmot|Close Combat|p2a: Chien-Pao\n|-supereffective|p2a: Chien-Pao\n|-enditem|p2a: Chien-Pao|Focus Sash\n|-damage|p2a: Chien-Pao|1\/100\n|-unboost|p1a: Pawmot|def|1\n|-unboost|p1a: Pawmot|spd|1\n|move|p2b: Clefable|Cosmic Power|p2b: Clefable\n|-boost|p2b: Clefable|def|1\n|-boost|p2b: Clefable|spd|1\n|move|p1b: Zorua|Will-O-Wisp|p2a: Chien-Pao\n|-status|p2a: Chien-Pao|brn\n|\n|-damage|p2a: Chien-Pao|0 fnt|[from] brn\n|faint|p2a: Chien-Pao\n|upkeep\n|\n|t:|1697809465\n|switch|p2a: Lurantis|Lurantis, F|100\/100\n|turn|3\n|\n|t:|1697809474\n|move|p1a: Pawmot|Double Shock||[still]\n|-fail|p1a: Pawmot|move: Double Shock\n|move|p2b: Clefable|Cosmic Power|p2b: Clefable\n|-boost|p2b: Clefable|def|1\n|-boost|p2b: Clefable|spd|1\n|move|p2a: Lurantis|Ingrain|p2a: Lurantis\n|-start|p2a: Lurantis|move: Ingrain\n|move|p1b: Zorua|Will-O-Wisp|p2a: Lurantis\n|-status|p2a: Lurantis|brn\n|\n|-damage|p2a: Lurantis|94\/100 brn|[from] brn\n|upkeep\n|turn|4\n|\n|t:|1697809499\n|move|p2b: Clefable|Follow Me|p2b: Clefable\n|-singleturn|p2b: Clefable|move: Follow Me\n|move|p1a: Pawmot|Close Combat|p2b: Clefable\n|-resisted|p2b: Clefable\n|-damage|p2b: Clefable|87\/100 brn\n|-unboost|p1a: Pawmot|def|1\n|-unboost|p1a: Pawmot|spd|1\n|move|p2a: Lurantis|Leaf Storm|p1b: Zorua\n|-enditem|p1b: Zorua|Focus Sash\n|-damage|p1b: Zorua|9\/100\n|-boost|p2a: Lurantis|spa|2\n|move|p1b: Zorua|Will-O-Wisp|p2b: Clefable\n|-fail|p2b: Clefable|brn\n|\n|-heal|p2b: Clefable|93\/100 brn|[from] item: Leftovers\n|-heal|p2a: Lurantis|100\/100 brn|[from] Ingrain\n|-damage|p2a: Lurantis|94\/100 brn|[from] brn\n|upkeep\n|turn|5\n|\n|t:|1697809519\n|move|p2b: Clefable|Follow Me|p2b: Clefable\n|-singleturn|p2b: Clefable|move: Follow Me\n|move|p1a: Pawmot|Revival Blessing||[still]\n|-fail|p1a: Pawmot\n|move|p2a: Lurantis|Leaf Storm|p1b: Zorua\n|-damage|p1b: Zorua|0 fnt\n|-boost|p2a: Lurantis|spa|2\n|faint|p1b: Zorua\n|\n|-heal|p2b: Clefable|99\/100 brn|[from] item: Leftovers\n|-heal|p2a: Lurantis|100\/100 brn|[from] Ingrain\n|-damage|p2a: Lurantis|94\/100 brn|[from] brn\n|upkeep\n|turn|6\n|-message|pave1 forfeited.\n|\n|win|Champion's Melody\n|raw|pave1's rating: 1000 &rarr; <strong>1000<\/strong><br \/>(+0 for losing)\n|raw|Champion&apos;s Melody's rating: 1091 &rarr; <strong>1111<\/strong><br \/>(+20 for winning)\n|l|\u2606pave1\n","uploadtime":1697809533,"views":13,"p1id":"pave1","p2id":"championsmelody","formatid":"gen9doublesou","rating":1000,"private":0,"password":""}