{"id":"gen9doublesou-1969836669","p1":"Kodiak3b","p2":"LuBiStar20","format":"[Gen 9] Doubles OU","log":"|j|\u2606Kodiak3b\n|j|\u2606LuBiStar20\n|inactive|Battle timer is ON: inactive players will automatically lose when time's up.\n|t:|1697569132\n|gametype|doubles\n|player|p1|Kodiak3b|iono|\n|player|p2|LuBiStar20|iris-gen5bw2|\n|teamsize|p1|6\n|teamsize|p2|6\n|gen|9\n|tier|[Gen 9] Doubles OU\n|rated|Tournament battle\n|rule|Species Clause: Limit one of each Pok\u00e9mon\n|rule|OHKO Clause: OHKO moves are banned\n|rule|Evasion Moves Clause: Evasion moves are banned\n|rule|Gravity Sleep Clause: The combination of sleep-inducing moves with imperfect accuracy and Gravity or Gigantamax Orbeetle are banned\n|rule|Endless Battle Clause: Forcing endless battles is banned\n|rule|HP Percentage Mod: HP is shown in percentages\n|clearpoke\n|poke|p1|Ogerpon-Hearthflame, F|\n|poke|p1|Flutter Mane|\n|poke|p1|Tornadus, M|\n|poke|p1|Iron Hands|\n|poke|p1|Ninetales-Alola, M|\n|poke|p1|Iron Bundle|\n|poke|p2|Fezandipiti, M|\n|poke|p2|Tornadus, M|\n|poke|p2|Gholdengo|\n|poke|p2|Ogerpon-Wellspring, F|\n|poke|p2|Landorus-Therian, M|\n|poke|p2|Chi-Yu|\n|teampreview\n|inactive|LuBiStar20 also wants the timer to be on.\n|j|+ratpacker\n|j| Axell88\n|inactive|LuBiStar20 has 120 seconds left.\n|\n|t:|1697569179\n|start\n|switch|p1a: Tornadus|Tornadus, M, shiny|100\/100\n|switch|p1b: Iron Hands|Iron Hands, shiny|100\/100\n|switch|p2a: Tornadus|Tornadus, M|100\/100\n|switch|p2b: Landorus|Landorus-Therian, M|100\/100\n|-ability|p2b: Landorus|Intimidate|boost\n|-unboost|p1a: Tornadus|atk|1\n|-unboost|p1b: Iron Hands|atk|1\n|turn|1\n|l| Axell88\n|inactive|Kodiak3b has 120 seconds left.\n|\n|t:|1697569223\n|switch|p2a: Gholdengo|Gholdengo|100\/100\n|move|p1b: Iron Hands|Fake Out|p2a: Gholdengo\n|-immune|p2a: Gholdengo\n|move|p1a: Tornadus|Taunt|p2a: Gholdengo\n|-immune|p2a: Gholdengo|[from] ability: Good as Gold\n|move|p2b: Landorus|Stealth Rock|p1b: Iron Hands\n|-sidestart|p1: Kodiak3b|move: Stealth Rock\n|\n|upkeep\n|turn|2\n|\n|t:|1697569236\n|move|p2a: Gholdengo|Protect|p2a: Gholdengo\n|-singleturn|p2a: Gholdengo|Protect\n|move|p1a: Tornadus|Tailwind|p1a: Tornadus\n|-sidestart|p1: Kodiak3b|move: Tailwind\n|move|p1b: Iron Hands|Ice Punch|p2b: Landorus\n|-supereffective|p2b: Landorus\n|-damage|p2b: Landorus|24\/100\n|-enditem|p2b: Landorus|Sitrus Berry|[eat]\n|-heal|p2b: Landorus|49\/100|[from] item: Sitrus Berry\n|move|p2b: Landorus|Stomping Tantrum|p1b: Iron Hands\n|-supereffective|p1b: Iron Hands\n|-damage|p1b: Iron Hands|39\/100\n|\n|upkeep\n|turn|3\n|inactive|Kodiak3b has 120 seconds left.\n|\n|t:|1697569290\n|switch|p1a: Ogerpon|Ogerpon-Hearthflame, F|100\/100\n|-damage|p1a: Ogerpon|76\/100|[from] Stealth Rock\n|-ability|p1a: Ogerpon|Mold Breaker\n|switch|p2b: Chi-Yu|Chi-Yu|100\/100\n|-ability|p2b: Chi-Yu|Beads of Ruin\n|move|p2a: Gholdengo|Shadow Ball|p1a: Ogerpon\n|-damage|p1a: Ogerpon|4\/100\n|move|p1b: Iron Hands|Ice Punch|p2b: Chi-Yu\n|-resisted|p2b: Chi-Yu\n|-damage|p2b: Chi-Yu|88\/100\n|\n|upkeep\n|turn|4\n|inactive|Kodiak3b has 120 seconds left.\n|j|+Alolan HTH\n|\n|t:|1697569310\n|switch|p2a: Landorus|Landorus-Therian, M|49\/100\n|-ability|p2a: Landorus|Intimidate|boost\n|-unboost|p1a: Ogerpon|atk|1\n|-unboost|p1b: Iron Hands|atk|1\n|move|p1a: Ogerpon|Ivy Cudgel|p2a: Landorus\n|-damage|p2a: Landorus|14\/100\n|move|p2b: Chi-Yu|Heat Wave|p1a: Ogerpon|[spread] p1a,p1b\n|-damage|p1a: Ogerpon|0 fnt\n|-damage|p1b: Iron Hands|8\/100\n|faint|p1a: Ogerpon\n|move|p1b: Iron Hands|Close Combat|p2b: Chi-Yu\n|-supereffective|p2b: Chi-Yu\n|-damage|p2b: Chi-Yu|0 fnt\n|-unboost|p1b: Iron Hands|def|1\n|-unboost|p1b: Iron Hands|spd|1\n|faint|p2b: Chi-Yu\n|\n|upkeep\n|\n|t:|1697569324\n|switch|p1a: Ninetales|Ninetales-Alola, M, shiny|100\/100\n|switch|p2b: Tornadus|Tornadus, M|100\/100\n|-damage|p1a: Ninetales|76\/100|[from] Stealth Rock\n|-weather|Snow|[from] ability: Snow Warning|[of] p1a: Ninetales\n|turn|5\n|inactive|Kodiak3b has 120 seconds left.\n|\n|t:|1697569365\n|-end|p1b: Iron Hands|Quark Drive|[silent]\n|switch|p1b: Tornadus|Tornadus, M, shiny|100\/100\n|-damage|p1b: Tornadus|76\/100|[from] Stealth Rock\n|move|p2b: Tornadus|Rain Dance|p2b: Tornadus\n|-weather|RainDance\n|move|p1a: Ninetales|Blizzard|p2a: Landorus|[spread] p2a,p2b\n|-supereffective|p2a: Landorus\n|-supereffective|p2b: Tornadus\n|-damage|p2a: Landorus|0 fnt\n|-damage|p2b: Tornadus|18\/100\n|faint|p2a: Landorus\n|\n|-weather|RainDance|[upkeep]\n|-sideend|p1: Kodiak3b|move: Tailwind\n|upkeep\n|\n|t:|1697569377\n|switch|p2a: Gholdengo|Gholdengo|100\/100\n|turn|6\n|\n|t:|1697569386\n|switch|p1a: Iron Hands|Iron Hands, shiny|8\/100\n|-damage|p1a: Iron Hands|1\/100|[from] Stealth Rock\n|move|p1b: Tornadus|Tailwind|p1b: Tornadus\n|-sidestart|p1: Kodiak3b|move: Tailwind\n|move|p2b: Tornadus|Bleakwind Storm|p1a: Iron Hands|[spread] p1a,p1b\n|-damage|p1a: Iron Hands|0 fnt\n|-damage|p1b: Tornadus|20\/100\n|faint|p1a: Iron Hands\n|-end|p1a: Iron Hands|Quark Drive|[silent]\n|move|p2a: Gholdengo|Nasty Plot|p2a: Gholdengo\n|-boost|p2a: Gholdengo|spa|2\n|\n|-weather|RainDance|[upkeep]\n|upkeep\n|\n|t:|1697569390\n|switch|p1a: Flutter Mane|Flutter Mane, shiny|100\/100\n|-damage|p1a: Flutter Mane|88\/100|[from] Stealth Rock\n|-enditem|p1a: Flutter Mane|Booster Energy\n|-activate|p1a: Flutter Mane|ability: Protosynthesis|[fromitem]\n|-start|p1a: Flutter Mane|protosynthesisspe\n|turn|7\n|\n|t:|1697569409\n|-terastallize|p2a: Gholdengo|Steel\n|move|p2b: Tornadus|Protect|p2b: Tornadus\n|-singleturn|p2b: Tornadus|Protect\n|move|p1a: Flutter Mane|Shadow Ball|p2a: Gholdengo\n|-damage|p2a: Gholdengo|58\/100\n|move|p1b: Tornadus|Bleakwind Storm|p2a: Gholdengo|[spread] p2a\n|-activate|p2b: Tornadus|move: Protect\n|-resisted|p2a: Gholdengo\n|-damage|p2a: Gholdengo|37\/100\n|move|p2a: Gholdengo|Make It Rain|p1b: Tornadus|[spread] p1a,p1b\n|-supereffective|p1a: Flutter Mane\n|-damage|p1a: Flutter Mane|0 fnt\n|-damage|p1b: Tornadus|0 fnt\n|-unboost|p2a: Gholdengo|spa|1\n|faint|p1a: Flutter Mane\n|-end|p1a: Flutter Mane|Protosynthesis|[silent]\n|faint|p1b: Tornadus\n|\n|-weather|RainDance|[upkeep]\n|-heal|p2a: Gholdengo|43\/100|[from] item: Leftovers\n|upkeep\n|\n|t:|1697569420\n|switch|p1a: Ninetales|Ninetales-Alola, M, shiny|76\/100\n|switch|p1b: Iron Bundle|Iron Bundle, shiny|100\/100\n|-damage|p1b: Iron Bundle|76\/100|[from] Stealth Rock\n|-damage|p1a: Ninetales|51\/100|[from] Stealth Rock\n|-weather|Snow|[from] ability: Snow Warning|[of] p1a: Ninetales\n|-enditem|p1b: Iron Bundle|Booster Energy\n|-activate|p1b: Iron Bundle|ability: Quark Drive|[fromitem]\n|-start|p1b: Iron Bundle|quarkdrivespe\n|turn|8\n|\n|t:|1697569433\n|move|p2a: Gholdengo|Protect|p2a: Gholdengo\n|-singleturn|p2a: Gholdengo|Protect\n|move|p2b: Tornadus|Tailwind|p2b: Tornadus\n|-sidestart|p2: LuBiStar20|move: Tailwind\n|move|p1b: Iron Bundle|Hydro Pump|p2a: Gholdengo\n|-activate|p2a: Gholdengo|move: Protect\n|move|p1a: Ninetales|Blizzard|p2a: Gholdengo|[spread] p2b\n|-activate|p2a: Gholdengo|move: Protect\n|-supereffective|p2b: Tornadus\n|-damage|p2b: Tornadus|0 fnt\n|faint|p2b: Tornadus\n|\n|-weather|Snow|[upkeep]\n|-heal|p2a: Gholdengo|49\/100|[from] item: Leftovers\n|upkeep\n|\n|t:|1697569437\n|switch|p2b: Ogerpon|Ogerpon-Wellspring, F|100\/100\n|turn|9\n|\n|t:|1697569458\n|move|p2b: Ogerpon|Follow Me|p2b: Ogerpon\n|-singleturn|p2b: Ogerpon|move: Follow Me\n|move|p1b: Iron Bundle|Hydro Pump|p2b: Ogerpon\n|-immune|p2b: Ogerpon|[from] ability: Water Absorb\n|move|p2a: Gholdengo|Make It Rain|p1b: Iron Bundle|[spread] p1a,p1b\n|-supereffective|p1a: Ninetales\n|-damage|p1a: Ninetales|0 fnt\n|-damage|p1b: Iron Bundle|0 fnt\n|-unboost|p2a: Gholdengo|spa|1\n|faint|p1a: Ninetales\n|faint|p1b: Iron Bundle\n|-end|p1b: Iron Bundle|Quark Drive|[silent]\n|\n|win|LuBiStar20\n|n|\u2606Kodiak3b|kodiak3b\n|n|\u2606LuBiStar20|lubistar20\n|n| ratpacker|ratpacker\n|n| Alolan HTH|alolanhth\n","uploadtime":1697569460,"views":10,"p1id":"kodiak3b","p2id":"lubistar20","formatid":"gen9doublesou","rating":0,"private":0,"password":""}