{"id":"gen9doublesou-1975826787","p1":"LLG_blade","p2":"JBUG0617","format":"[Gen 9] Doubles OU","log":"|j|\u2606LLG_blade\n|j|\u2606JBUG0617\n|t:|1698241716\n|gametype|doubles\n|player|p1|LLG_blade|emmet|1123\n|player|p2|JBUG0617|grimsley|1219\n|teamsize|p1|6\n|teamsize|p2|6\n|gen|9\n|tier|[Gen 9] Doubles OU\n|rated|\n|rule|Species Clause: Limit one of each Pok\u00e9mon\n|rule|OHKO Clause: OHKO moves are banned\n|rule|Evasion Moves Clause: Evasion moves are banned\n|rule|Gravity Sleep Clause: The combination of sleep-inducing moves with imperfect accuracy and Gravity or Gigantamax Orbeetle are banned\n|rule|Endless Battle Clause: Forcing endless battles is banned\n|rule|HP Percentage Mod: HP is shown in percentages\n|clearpoke\n|poke|p1|Oricorio-Sensu, M|\n|poke|p1|Kommo-o, F|\n|poke|p1|Chandelure, F|\n|poke|p1|Armarouge, F|\n|poke|p1|Iron Moth|\n|poke|p1|Volcarona, M|\n|poke|p2|Ninetales-Alola, F|\n|poke|p2|Tornadus, M|\n|poke|p2|Ogerpon-Hearthflame, F|\n|poke|p2|Iron Hands|\n|poke|p2|Sliggoo-Hisui, F|\n|poke|p2|Basculegion-F, F|\n|teampreview\n|inactive|Battle timer is ON: inactive players will automatically lose when time's up. (requested by JBUG0617)\n|\n|t:|1698241733\n|start\n|switch|p1a: Volcarona|Volcarona, M|100\/100\n|switch|p1b: Oricorio|Oricorio-Sensu, M, shiny|100\/100\n|switch|p2a: Tornadus|Tornadus, M|100\/100\n|switch|p2b: Basculegion|Basculegion-F, F|100\/100\n|turn|1\n|\n|t:|1698241743\n|move|p1b: Oricorio|Protect|p1b: Oricorio\n|-singleturn|p1b: Oricorio|Protect\n|move|p2a: Tornadus|Tailwind|p2a: Tornadus\n|-sidestart|p2: JBUG0617|move: Tailwind\n|move|p2b: Basculegion|Shadow Ball|p1b: Oricorio\n|-activate|p1b: Oricorio|move: Protect\n|move|p1a: Volcarona|Quiver Dance|p1a: Volcarona\n|-boost|p1a: Volcarona|spa|1\n|-boost|p1a: Volcarona|spd|1\n|-boost|p1a: Volcarona|spe|1\n|-activate|p1b: Oricorio|ability: Dancer\n|move|p1b: Oricorio|Quiver Dance|p1b: Oricorio|[from]ability: Dancer\n|-boost|p1b: Oricorio|spa|1\n|-boost|p1b: Oricorio|spd|1\n|-boost|p1b: Oricorio|spe|1\n|\n|upkeep\n|turn|2\n|\n|t:|1698241770\n|-terastallize|p1b: Oricorio|Fairy\n|move|p2a: Tornadus|Taunt|p1a: Volcarona\n|-start|p1a: Volcarona|move: Taunt\n|move|p2b: Basculegion|Shadow Ball|p1b: Oricorio\n|-damage|p1b: Oricorio|42\/100\n|move|p1a: Volcarona|Fiery Dance|p2b: Basculegion\n|-resisted|p2b: Basculegion\n|-damage|p2b: Basculegion|58\/100\n|-boost|p1a: Volcarona|spa|1\n|-activate|p1b: Oricorio|ability: Dancer\n|move|p1b: Oricorio|Fiery Dance|p2b: Basculegion|[from]ability: Dancer\n|-resisted|p2b: Basculegion\n|-damage|p2b: Basculegion|43\/100\n|move|p1b: Oricorio|Revelation Dance|p2b: Basculegion\n|-damage|p2b: Basculegion|0 fnt\n|faint|p2b: Basculegion\n|\n|upkeep\n|inactive|JBUG0617 has 120 seconds left.\n|\n|t:|1698241795\n|switch|p2b: Ninetales|Ninetales-Alola, F|100\/100\n|-weather|Snow|[from] ability: Snow Warning|[of] p2b: Ninetales\n|turn|3\n|\n|t:|1698241803\n|move|p2b: Ninetales|Aurora Veil|p2b: Ninetales\n|-sidestart|p2: JBUG0617|move: Aurora Veil\n|move|p2a: Tornadus|Bleakwind Storm|p1b: Oricorio|[spread] p1a\n|-miss|p2a: Tornadus|p1b: Oricorio\n|-supereffective|p1a: Volcarona\n|-damage|p1a: Volcarona|59\/100\n|-unboost|p1a: Volcarona|spe|1\n|move|p1b: Oricorio|Revelation Dance|p2a: Tornadus\n|-damage|p2a: Tornadus|73\/100\n|move|p1a: Volcarona|Fiery Dance|p2b: Ninetales\n|-supereffective|p2b: Ninetales\n|-damage|p2b: Ninetales|0 fnt\n|-boost|p1a: Volcarona|spa|1\n|faint|p2b: Ninetales\n|-activate|p1b: Oricorio|ability: Dancer\n|move|p1b: Oricorio|Fiery Dance|p2a: Tornadus|[from]ability: Dancer\n|-damage|p2a: Tornadus|56\/100\n|\n|-weather|Snow|[upkeep]\n|-heal|p2a: Tornadus|62\/100|[from] item: Leftovers\n|upkeep\n|inactive|JBUG0617 has 120 seconds left.\n|\n|t:|1698241824\n|switch|p2b: Iron Hands|Iron Hands|100\/100\n|turn|4\n|\n|t:|1698241838\n|move|p2b: Iron Hands|Fake Out|p1a: Volcarona\n|-crit|p1a: Volcarona\n|-damage|p1a: Volcarona|20\/100\n|move|p2a: Tornadus|Bleakwind Storm|p1b: Oricorio|[spread] p1a,p1b\n|-supereffective|p1a: Volcarona\n|-damage|p1a: Volcarona|0 fnt\n|-damage|p1b: Oricorio|16\/100\n|-unboost|p1b: Oricorio|spe|1\n|faint|p1a: Volcarona\n|move|p1b: Oricorio|Revelation Dance|p2b: Iron Hands\n|-supereffective|p2b: Iron Hands\n|-damage|p2b: Iron Hands|69\/100\n|\n|-weather|Snow|[upkeep]\n|-heal|p2a: Tornadus|68\/100|[from] item: Leftovers\n|-sideend|p2: JBUG0617|move: Tailwind\n|upkeep\n|\n|t:|1698241852\n|switch|p1a: Iron Moth|Iron Moth|100\/100\n|-enditem|p1a: Iron Moth|Booster Energy\n|-activate|p1a: Iron Moth|ability: Quark Drive|[fromitem]\n|-start|p1a: Iron Moth|quarkdrivespa\n|turn|5\n|\n|t:|1698241866\n|move|p1b: Oricorio|Protect|p1b: Oricorio\n|-singleturn|p1b: Oricorio|Protect\n|move|p2a: Tornadus|Tailwind|p2a: Tornadus\n|-sidestart|p2: JBUG0617|move: Tailwind\n|move|p1a: Iron Moth|Dazzling Gleam|p2b: Iron Hands|[spread] p2a,p2b\n|-crit|p2a: Tornadus\n|-supereffective|p2b: Iron Hands\n|-damage|p2a: Tornadus|27\/100\n|-damage|p2b: Iron Hands|49\/100\n|move|p2b: Iron Hands|Thunder Punch|p1a: Iron Moth\n|-damage|p1a: Iron Moth|19\/100\n|\n|-weather|Snow|[upkeep]\n|-heal|p2a: Tornadus|33\/100|[from] item: Leftovers\n|upkeep\n|turn|6\n|\n|t:|1698241884\n|move|p2a: Tornadus|Bleakwind Storm|p1b: Oricorio|[spread] p1a,p1b\n|-damage|p1a: Iron Moth|0 fnt\n|-damage|p1b: Oricorio|0 fnt\n|faint|p1a: Iron Moth\n|-end|p1a: Iron Moth|Quark Drive|[silent]\n|faint|p1b: Oricorio\n|move|p2b: Iron Hands|Volt Switch|p1: Iron Moth|[notarget]\n|-fail|p2b: Iron Hands\n|\n|-weather|Snow|[upkeep]\n|-heal|p2a: Tornadus|39\/100|[from] item: Leftovers\n|upkeep\n|\n|t:|1698241896\n|switch|p1a: Kommo-o|Kommo-o, F|100\/100\n|switch|p1b: Chandelure|Chandelure, F|100\/100\n|turn|7\n|\n|t:|1698241911\n|move|p2a: Tornadus|Bleakwind Storm|p1a: Kommo-o|[spread] p1a\n|-miss|p2a: Tornadus|p1b: Chandelure\n|-supereffective|p1a: Kommo-o\n|-damage|p1a: Kommo-o|37\/100\n|move|p1b: Chandelure|Energy Ball|p2a: Tornadus\n|-resisted|p2a: Tornadus\n|-damage|p2a: Tornadus|29\/100\n|move|p2b: Iron Hands|Close Combat|p1a: Kommo-o\n|-damage|p1a: Kommo-o|0 fnt\n|-unboost|p2b: Iron Hands|def|1\n|-unboost|p2b: Iron Hands|spd|1\n|faint|p1a: Kommo-o\n|\n|-weather|none\n|-heal|p2a: Tornadus|35\/100|[from] item: Leftovers\n|upkeep\n|\n|t:|1698241925\n|switch|p1a: Armarouge|Armarouge, F|100\/100\n|turn|8\n|\n|t:|1698241938\n|move|p2a: Tornadus|Bleakwind Storm|p1b: Chandelure|[spread] p1a,p1b\n|-damage|p1a: Armarouge|69\/100\n|-damage|p1b: Chandelure|59\/100\n|move|p1b: Chandelure|Flamethrower|p2a: Tornadus\n|-damage|p2a: Tornadus|3\/100\n|move|p2b: Iron Hands|Thunder Punch|p1a: Armarouge\n|-damage|p1a: Armarouge|25\/100\n|-ability|p1a: Armarouge|Weak Armor|boost\n|-unboost|p1a: Armarouge|def|1\n|-boost|p1a: Armarouge|spe|2\n|move|p1a: Armarouge|Armor Cannon|p2b: Iron Hands\n|-damage|p2b: Iron Hands|13\/100\n|-unboost|p1a: Armarouge|def|1\n|-unboost|p1a: Armarouge|spd|1\n|\n|-heal|p2a: Tornadus|9\/100|[from] item: Leftovers\n|-sideend|p2: JBUG0617|move: Tailwind\n|upkeep\n|turn|9\n|\n|t:|1698241960\n|move|p2a: Tornadus|Tailwind|p2a: Tornadus\n|-sidestart|p2: JBUG0617|move: Tailwind\n|move|p1a: Armarouge|Armor Cannon|p2b: Iron Hands\n|-damage|p2b: Iron Hands|0 fnt\n|-unboost|p1a: Armarouge|def|1\n|-unboost|p1a: Armarouge|spd|1\n|faint|p2b: Iron Hands\n|-end|p2b: Iron Hands|Quark Drive|[silent]\n|move|p1b: Chandelure|Dark Pulse|p2a: Tornadus\n|-damage|p2a: Tornadus|0 fnt\n|faint|p2a: Tornadus\n|\n|upkeep\n|\n|t:|1698241967\n|switch|p2a: Ogerpon|Ogerpon-Hearthflame, F|100\/100\n|switch|p2b: Sliggoo|Sliggoo-Hisui, F|100\/100\n|-ability|p2a: Ogerpon|Mold Breaker\n|turn|10\n|\n|t:|1698241984\n|-terastallize|p2a: Ogerpon|Fire\n|detailschange|p2a: Ogerpon|Ogerpon-Hearthflame-Tera, F, tera:Fire\n|-ability|p2a: Ogerpon|Embody Aspect (Hearthflame)|boost\n|-boost|p2a: Ogerpon|atk|1\n|move|p2a: Ogerpon|Stomping Tantrum|p1a: Armarouge\n|-supereffective|p1a: Armarouge\n|-damage|p1a: Armarouge|0 fnt\n|faint|p1a: Armarouge\n|move|p1b: Chandelure|Dark Pulse|p2a: Ogerpon\n|-damage|p2a: Ogerpon|76\/100\n|move|p2b: Sliggoo|Life Dew||[still]|[spread] p2a,p2b\n|-heal|p2a: Ogerpon|100\/100\n|-fail|p2b: Sliggoo|heal\n|\n|-sideend|p2: JBUG0617|move: Aurora Veil\n|upkeep\n|turn|11\n|\n|t:|1698242002\n|move|p2a: Ogerpon|Stomping Tantrum|p1b: Chandelure\n|-supereffective|p1b: Chandelure\n|-damage|p1b: Chandelure|0 fnt\n|-damage|p2a: Ogerpon|84\/100|[from] item: Rocky Helmet|[of] p1b: Chandelure\n|faint|p1b: Chandelure\n|\n|win|JBUG0617\n|raw|LLG_blade's rating: 1123 &rarr; <strong>1105<\/strong><br \/>(-18 for losing)\n|raw|JBUG0617's rating: 1219 &rarr; <strong>1237<\/strong><br \/>(+18 for winning)\n|l|\u2606LLG_blade\n","uploadtime":1698242013,"views":26,"p1id":"llgblade","p2id":"jbug0617","formatid":"gen9doublesou","rating":1105,"private":0,"password":""}