{"id":"gen9doublesou-1985572282","p1":"Kssc","p2":"the maraculous","format":"[Gen 9] Doubles OU","log":"|j|\u2606Kssc\n|j|\u2606the maraculous\n|t:|1699385640\n|gametype|doubles\n|player|p1|Kssc|102|1532\n|player|p2|the maraculous|dragontamer|1574\n|teamsize|p1|6\n|teamsize|p2|6\n|gen|9\n|tier|[Gen 9] Doubles OU\n|rated|\n|rule|Species Clause: Limit one of each Pok\u00e9mon\n|rule|OHKO Clause: OHKO moves are banned\n|rule|Evasion Moves Clause: Evasion moves are banned\n|rule|Gravity Sleep Clause: The combination of sleep-inducing moves with imperfect accuracy and Gravity or Gigantamax Orbeetle are banned\n|rule|Endless Battle Clause: Forcing endless battles is banned\n|rule|HP Percentage Mod: HP is shown in percentages\n|clearpoke\n|poke|p1|Tornadus, M|\n|poke|p1|Rillaboom, F|\n|poke|p1|Flutter Mane|\n|poke|p1|Ogerpon-Hearthflame, F|\n|poke|p1|Heatran, F|\n|poke|p1|Ursaluna, M|\n|poke|p2|Chi-Yu|\n|poke|p2|Farigiraf, M|\n|poke|p2|Gallade, M|\n|poke|p2|Glimmora, F|\n|poke|p2|Maushold|\n|poke|p2|Gastrodon, F|\n|teampreview\n|\n|t:|1699385665\n|start\n|switch|p1a: Rillaboom|Rillaboom, F|100\/100\n|switch|p1b: Heatran|Heatran, F|100\/100\n|switch|p2a: Gallade|Gallade, M|100\/100\n|switch|p2b: Glimmora|Glimmora, F|100\/100\n|-item|p2b: Glimmora|Air Balloon\n|-fieldstart|move: Grassy Terrain|[from] ability: Grassy Surge|[of] p1a: Rillaboom\n|turn|1\n|\n|t:|1699385679\n|switch|p2a: Farigiraf|Farigiraf, M|100\/100\n|move|p1a: Rillaboom|Fake Out||[still]\n|cant|p2a: Farigiraf|ability: Armor Tail|Fake Out|[of] p1a: Rillaboom\n|move|p2b: Glimmora|Earth Power|p1b: Heatran\n|-supereffective|p1b: Heatran\n|-damage|p1b: Heatran|26\/100\n|move|p1b: Heatran|Flash Cannon|p2b: Glimmora\n|-supereffective|p2b: Glimmora\n|-damage|p2b: Glimmora|6\/100\n|-enditem|p2b: Glimmora|Air Balloon\n|\n|-heal|p2b: Glimmora|13\/100|[from] Grassy Terrain\n|-heal|p1b: Heatran|32\/100|[from] Grassy Terrain\n|upkeep\n|turn|2\n|\n|t:|1699385692\n|move|p2b: Glimmora|Sludge Bomb|p1a: Rillaboom\n|-supereffective|p1a: Rillaboom\n|-damage|p1a: Rillaboom|16\/100\n|move|p1a: Rillaboom|U-turn|p2a: Farigiraf\n|-supereffective|p2a: Farigiraf\n|-damage|p2a: Farigiraf|51\/100\n|-damage|p1a: Rillaboom|0 fnt|[from] item: Rocky Helmet|[of] p2a: Farigiraf\n|faint|p1a: Rillaboom\n|move|p1b: Heatran|Flash Cannon|p2b: Glimmora\n|-supereffective|p2b: Glimmora\n|-damage|p2b: Glimmora|0 fnt\n|faint|p2b: Glimmora\n|move|p2a: Farigiraf|Nasty Plot|p2a: Farigiraf\n|-boost|p2a: Farigiraf|spa|2\n|\n|-heal|p1b: Heatran|38\/100|[from] Grassy Terrain\n|-heal|p2a: Farigiraf|57\/100|[from] Grassy Terrain\n|upkeep\n|inactive|Battle timer is ON: inactive players will automatically lose when time's up. (requested by Kssc)\n|\n|t:|1699385715\n|switch|p2b: Maushold|Maushold|100\/100\n|switch|p1a: Ogerpon|Ogerpon-Hearthflame, F|100\/100\n|-ability|p1a: Ogerpon|Mold Breaker\n|turn|3\n|\n|t:|1699385744\n|move|p2b: Maushold|Population Bomb|p1a: Ogerpon\n|-damage|p1a: Ogerpon|80\/100\n|-damage|p1a: Ogerpon|61\/100\n|-damage|p1a: Ogerpon|40\/100\n|-damage|p1a: Ogerpon|20\/100\n|-damage|p1a: Ogerpon|0 fnt\n|faint|p1a: Ogerpon\n|-hitcount|p1: Ogerpon|5\n|move|p1b: Heatran|Heat Wave|p2a: Farigiraf|[spread] p2a,p2b\n|-crit|p2b: Maushold\n|-damage|p2a: Farigiraf|11\/100\n|-damage|p2b: Maushold|3\/100\n|move|p2a: Farigiraf|Hyper Voice|p1b: Heatran\n|-resisted|p1b: Heatran\n|-damage|p1b: Heatran|11\/100\n|\n|-heal|p2b: Maushold|9\/100|[from] Grassy Terrain\n|-heal|p1b: Heatran|17\/100|[from] Grassy Terrain\n|-heal|p2a: Farigiraf|17\/100|[from] Grassy Terrain\n|upkeep\n|\n|t:|1699385750\n|switch|p1a: Tornadus|Tornadus, M|100\/100\n|turn|4\n|\n|t:|1699385755\n|move|p1a: Tornadus|Tailwind|p1a: Tornadus\n|-sidestart|p1: Kssc|move: Tailwind\n|move|p1b: Heatran|Heat Wave|p2a: Farigiraf|[spread] p2a,p2b\n|-damage|p2a: Farigiraf|0 fnt\n|-damage|p2b: Maushold|0 fnt\n|faint|p2a: Farigiraf\n|faint|p2b: Maushold\n|\n|-heal|p1b: Heatran|24\/100|[from] Grassy Terrain\n|upkeep\n|\n|t:|1699385767\n|switch|p2b: Chi-Yu|Chi-Yu|100\/100\n|switch|p2a: Gastrodon|Gastrodon, F|100\/100\n|-ability|p2b: Chi-Yu|Beads of Ruin\n|turn|5\n|\n|t:|1699385775\n|move|p2b: Chi-Yu|Protect|p2b: Chi-Yu\n|-singleturn|p2b: Chi-Yu|Protect\n|move|p1a: Tornadus|Taunt|p2a: Gastrodon\n|-start|p2a: Gastrodon|move: Taunt\n|move|p1b: Heatran|Earth Power|p2b: Chi-Yu\n|-activate|p2b: Chi-Yu|move: Protect\n|move|p2a: Gastrodon|Muddy Water|p1b: Heatran|[spread] p1b\n|-miss|p2a: Gastrodon|p1a: Tornadus\n|-supereffective|p1b: Heatran\n|-damage|p1b: Heatran|0 fnt\n|faint|p1b: Heatran\n|\n|-fieldend|move: Grassy Terrain\n|upkeep\n|\n|t:|1699385779\n|switch|p1b: Ursaluna|Ursaluna, M|100\/100\n|turn|6\n|\n|t:|1699385791\n|move|p1a: Tornadus|Sunny Day|p1a: Tornadus\n|-weather|SunnyDay\n|move|p2b: Chi-Yu|Heat Wave|p1a: Tornadus|[spread] p1a,p1b\n|-damage|p1a: Tornadus|10\/100\n|-damage|p1b: Ursaluna|32\/100\n|move|p1b: Ursaluna|Headlong Rush|p2b: Chi-Yu\n|-supereffective|p2b: Chi-Yu\n|-enditem|p2b: Chi-Yu|Focus Sash\n|-damage|p2b: Chi-Yu|1\/100\n|-unboost|p1b: Ursaluna|def|1\n|-unboost|p1b: Ursaluna|spd|1\n|move|p2a: Gastrodon|Muddy Water|p1b: Ursaluna|[spread] p1a,p1b\n|-supereffective|p1b: Ursaluna\n|-damage|p1a: Tornadus|0 fnt\n|-damage|p1b: Ursaluna|0 fnt\n|faint|p1a: Tornadus\n|faint|p1b: Ursaluna\n|\n|-weather|SunnyDay|[upkeep]\n|upkeep\n|\n|t:|1699385798\n|switch|p1b: Flutter Mane|Flutter Mane|100\/100\n|-activate|p1b: Flutter Mane|ability: Protosynthesis\n|-start|p1b: Flutter Mane|protosynthesisspa\n|turn|7\n|\n|t:|1699385809\n|-terastallize|p1b: Flutter Mane|Fairy\n|move|p1b: Flutter Mane|Dazzling Gleam|p2a: Gastrodon|[spread] p2a,p2b\n|-damage|p2a: Gastrodon|0 fnt\n|-damage|p2b: Chi-Yu|0 fnt\n|faint|p2a: Gastrodon\n|faint|p2b: Chi-Yu\n|\n|-weather|SunnyDay|[upkeep]\n|-sideend|p1: Kssc|move: Tailwind\n|upkeep\n|\n|t:|1699385816\n|switch|p2a: Gallade|Gallade, M|100\/100\n|turn|8\n|\n|t:|1699385821\n|-terastallize|p2a: Gallade|Psychic\n|move|p1b: Flutter Mane|Dazzling Gleam|p2a: Gallade\n|-damage|p2a: Gallade|3\/100\n|move|p2a: Gallade|Psycho Cut|p1b: Flutter Mane\n|-damage|p1b: Flutter Mane|0 fnt\n|faint|p1b: Flutter Mane\n|-end|p1b: Flutter Mane|Protosynthesis|[silent]\n|-damage|p2a: Gallade|0 fnt|[from] item: Life Orb\n|faint|p2a: Gallade\n|\n|win|the maraculous\n|raw|Kssc's rating: 1532 &rarr; <strong>1514<\/strong><br \/>(-18 for losing)\n|raw|the maraculous's rating: 1574 &rarr; <strong>1592<\/strong><br \/>(+18 for winning)\n|l|\u2606Kssc\n","uploadtime":1699385831,"views":18,"p1id":"kssc","p2id":"themaraculous","formatid":"gen9doublesou","rating":1514,"private":0,"password":""}