{"id":"gen9doublesou-1999589610","p1":"Werewerewire23","p2":"thetempex","format":"[Gen 9] Doubles OU","log":"|j|\u2606Werewerewire23\n|j|\u2606thetempex\n|t:|1701099035\n|gametype|doubles\n|player|p1|Werewerewire23|101|1207\n|player|p2|thetempex|265|1000\n|teamsize|p1|6\n|teamsize|p2|6\n|gen|9\n|tier|[Gen 9] Doubles OU\n|rated|\n|rule|Species Clause: Limit one of each Pok\u00e9mon\n|rule|OHKO Clause: OHKO moves are banned\n|rule|Evasion Moves Clause: Evasion moves are banned\n|rule|Gravity Sleep Clause: The combination of sleep-inducing moves with imperfect accuracy and Gravity or Gigantamax Orbeetle are banned\n|rule|Endless Battle Clause: Forcing endless battles is banned\n|rule|HP Percentage Mod: HP is shown in percentages\n|clearpoke\n|poke|p1|Gholdengo|\n|poke|p1|Indeedee-F, F|\n|poke|p1|Flutter Mane|\n|poke|p1|Tornadus, M|\n|poke|p1|Armarouge, M|\n|poke|p1|Iron Bundle|\n|poke|p2|Toxapex, M|\n|poke|p2|Trevenant, M|\n|poke|p2|Garganacl, M|\n|poke|p2|Jirachi|\n|poke|p2|Chansey, F|\n|poke|p2|Alomomola, F|\n|teampreview\n|\n|t:|1701099044\n|start\n|switch|p1a: Gholdengo|Gholdengo|100\/100\n|switch|p1b: Indeedee|Indeedee-F, F|100\/100\n|switch|p2a: The Jar|Jirachi|100\/100\n|switch|p2b: The Fish|Alomomola, F|100\/100\n|-fieldstart|move: Psychic Terrain|[from] ability: Psychic Surge|[of] p1b: Indeedee\n|turn|1\n|\n|t:|1701099061\n|move|p1b: Indeedee|Follow Me|p1b: Indeedee\n|-singleturn|p1b: Indeedee|move: Follow Me\n|move|p1a: Gholdengo|Nasty Plot|p1a: Gholdengo\n|-boost|p1a: Gholdengo|spa|2\n|move|p2a: The Jar|Amnesia|p2a: The Jar\n|-boost|p2a: The Jar|spd|2\n|move|p2b: The Fish|Substitute|p2b: The Fish\n|-start|p2b: The Fish|Substitute\n|-damage|p2b: The Fish|76\/100\n|\n|-heal|p2b: The Fish|82\/100|[from] item: Leftovers\n|upkeep\n|turn|2\n|\n|t:|1701099101\n|move|p1b: Indeedee|Follow Me|p1b: Indeedee\n|-singleturn|p1b: Indeedee|move: Follow Me\n|move|p1a: Gholdengo|Nasty Plot|p1a: Gholdengo\n|-boost|p1a: Gholdengo|spa|2\n|move|p2a: The Jar|Amnesia|p2a: The Jar\n|-boost|p2a: The Jar|spd|2\n|move|p2b: The Fish|Baton Pass|p2b: The Fish\n|\n|t:|1701099133\n|switch|p2b: The Egg|Chansey, F|100\/100|[from] Baton Pass\n|\n|upkeep\n|turn|3\n|\n|t:|1701099154\n|move|p1b: Indeedee|Follow Me|p1b: Indeedee\n|-singleturn|p1b: Indeedee|move: Follow Me\n|move|p1a: Gholdengo|Nasty Plot|p1a: Gholdengo\n|-boost|p1a: Gholdengo|spa|2\n|move|p2a: The Jar|Amnesia|p2a: The Jar\n|-boost|p2a: The Jar|spd|2\n|move|p2b: The Egg|Life Dew||[still]|[still]|[spread] \n|-fail|p2a: The Jar|heal\n|-fail|p2b: The Egg|heal\n|\n|upkeep\n|turn|4\n|\n|t:|1701099171\n|-terastallize|p1a: Gholdengo|Steel\n|move|p1b: Indeedee|Follow Me|p1b: Indeedee\n|-singleturn|p1b: Indeedee|move: Follow Me\n|move|p1a: Gholdengo|Make It Rain|p2b: The Egg|[spread] p2a,p2b\n|-end|p2b: The Egg|Substitute\n|-resisted|p2a: The Jar\n|-damage|p2a: The Jar|81\/100\n|-unboost|p1a: Gholdengo|spa|1\n|move|p2a: The Jar|Substitute|p2a: The Jar\n|-start|p2a: The Jar|Substitute\n|-damage|p2a: The Jar|56\/100\n|move|p2b: The Egg|Life Dew||[still]|[spread] p2a,p2b\n|-heal|p2a: The Jar|81\/100\n|-fail|p2b: The Egg|heal\n|\n|-heal|p2a: The Jar|87\/100|[from] item: Leftovers\n|upkeep\n|turn|5\n|\n|t:|1701099207\n|move|p1b: Indeedee|Follow Me|p1b: Indeedee\n|-singleturn|p1b: Indeedee|move: Follow Me\n|move|p1a: Gholdengo|Make It Rain|p2a: The Jar|[spread] p2a,p2b\n|-resisted|p2a: The Jar\n|-activate|p2a: The Jar|move: Substitute|[damage]\n|-damage|p2b: The Egg|31\/100\n|-unboost|p1a: Gholdengo|spa|1\n|move|p2a: The Jar|Iron Defense|p2a: The Jar\n|-boost|p2a: The Jar|def|2\n|move|p2b: The Egg|Soft-Boiled|p2b: The Egg\n|-heal|p2b: The Egg|81\/100\n|\n|-heal|p2a: The Jar|93\/100|[from] item: Leftovers\n|-fieldend|move: Psychic Terrain\n|upkeep\n|turn|6\n|\n|t:|1701099236\n|move|p1b: Indeedee|Follow Me|p1b: Indeedee\n|-singleturn|p1b: Indeedee|move: Follow Me\n|move|p1a: Gholdengo|Nasty Plot|p1a: Gholdengo\n|-boost|p1a: Gholdengo|spa|2\n|move|p2a: The Jar|Iron Defense|p2a: The Jar\n|-boost|p2a: The Jar|def|2\n|move|p2b: The Egg|Soft-Boiled|p2b: The Egg\n|-heal|p2b: The Egg|100\/100\n|\n|-heal|p2a: The Jar|99\/100|[from] item: Leftovers\n|upkeep\n|turn|7\n|\n|t:|1701099285\n|move|p1b: Indeedee|Follow Me|p1b: Indeedee\n|-singleturn|p1b: Indeedee|move: Follow Me\n|move|p1a: Gholdengo|Make It Rain|p2a: The Jar|[spread] p2a,p2b\n|-resisted|p2a: The Jar\n|-end|p2a: The Jar|Substitute\n|-damage|p2b: The Egg|28\/100\n|-unboost|p1a: Gholdengo|spa|1\n|move|p2a: The Jar|Iron Defense|p2a: The Jar\n|-boost|p2a: The Jar|def|2\n|move|p2b: The Egg|Soft-Boiled|p2b: The Egg\n|-heal|p2b: The Egg|78\/100\n|\n|-heal|p2a: The Jar|100\/100|[from] item: Leftovers\n|upkeep\n|turn|8\n|inactive|Battle timer is ON: inactive players will automatically lose when time's up. (requested by Werewerewire23)\n|\n|t:|1701099305\n|move|p1b: Indeedee|Follow Me|p1b: Indeedee\n|-singleturn|p1b: Indeedee|move: Follow Me\n|move|p1a: Gholdengo|Make It Rain|p2b: The Egg|[spread] p2a,p2b\n|-resisted|p2a: The Jar\n|-damage|p2a: The Jar|80\/100\n|-damage|p2b: The Egg|14\/100\n|-unboost|p1a: Gholdengo|spa|1\n|move|p2a: The Jar|Substitute|p2a: The Jar\n|-start|p2a: The Jar|Substitute\n|-damage|p2a: The Jar|55\/100\n|move|p2b: The Egg|Life Dew|p2b: The Egg|[spread] p2a,p2b\n|-heal|p2a: The Jar|80\/100\n|-heal|p2b: The Egg|39\/100\n|\n|-heal|p2a: The Jar|86\/100|[from] item: Leftovers\n|upkeep\n|turn|9\n|\n|t:|1701099328\n|switch|p2b: The Fish|Alomomola, F|100\/100\n|move|p1b: Indeedee|Follow Me|p1b: Indeedee\n|-singleturn|p1b: Indeedee|move: Follow Me\n|move|p1a: Gholdengo|Make It Rain|p2b: The Fish|[spread] p2a,p2b\n|-resisted|p2a: The Jar\n|-activate|p2a: The Jar|move: Substitute|[damage]\n|-resisted|p2b: The Fish\n|-damage|p2b: The Fish|29\/100\n|-unboost|p1a: Gholdengo|spa|1\n|move|p2a: The Jar|Baton Pass|p2a: The Jar\n|inactive|thetempex has 120 seconds left.\n|\n|t:|1701099348\n|switch|p2a: The Pex|Toxapex, M|100\/100|[from] Baton Pass\n|\n|-heal|p2b: The Fish|36\/100|[from] item: Leftovers\n|upkeep\n|turn|10\n|inactive|thetempex has 120 seconds left.\n|inactive|thetempex has 90 seconds left.\n|\n|t:|1701099404\n|switch|p2b: The Jar|Jirachi|86\/100\n|move|p1b: Indeedee|Follow Me|p1b: Indeedee\n|-singleturn|p1b: Indeedee|move: Follow Me\n|move|p1a: Gholdengo|Nasty Plot|p1a: Gholdengo\n|-boost|p1a: Gholdengo|spa|2\n|move|p2a: The Pex|Toxic|p1b: Indeedee\n|-status|p1b: Indeedee|tox\n|\n|-heal|p2b: The Jar|93\/100|[from] item: Leftovers\n|-damage|p1b: Indeedee|94\/100 tox|[from] psn\n|upkeep\n|turn|11\n|\n|t:|1701099429\n|move|p1b: Indeedee|Helping Hand|p1a: Gholdengo\n|-immune|p1a: Gholdengo|[from] ability: Good as Gold\n|move|p1a: Gholdengo|Make It Rain|p2b: The Jar|[spread] p2a,p2b\n|-resisted|p2a: The Pex\n|-end|p2a: The Pex|Substitute\n|-resisted|p2b: The Jar\n|-damage|p2b: The Jar|17\/100\n|-unboost|p1a: Gholdengo|spa|1\n|move|p2b: The Jar|Amnesia|p2b: The Jar\n|-boost|p2b: The Jar|spd|2\n|move|p2a: The Pex|Infestation|p1b: Indeedee\n|-supereffective|p1b: Indeedee\n|-damage|p1b: Indeedee|90\/100 tox\n|-activate|p1b: Indeedee|move: Infestation|[of] p2a: The Pex\n|\n|-heal|p2b: The Jar|23\/100|[from] item: Leftovers\n|-damage|p1b: Indeedee|78\/100 tox|[from] psn\n|-damage|p1b: Indeedee|66\/100 tox|[from] move: Infestation|[partiallytrapped]\n|upkeep\n|turn|12\n|inactive|Werewerewire23 has 120 seconds left.\n|inactive|thetempex has 90 seconds left.\n|\n|t:|1701099472\n|move|p1b: Indeedee|Follow Me|p1b: Indeedee\n|-singleturn|p1b: Indeedee|move: Follow Me\n|move|p1a: Gholdengo|Make It Rain|p2b: The Jar|[spread] p2a,p2b\n|-resisted|p2a: The Pex\n|-resisted|p2b: The Jar\n|-damage|p2a: The Pex|83\/100\n|-damage|p2b: The Jar|0 fnt\n|-unboost|p1a: Gholdengo|spa|1\n|faint|p2b: The Jar\n|move|p2a: The Pex|Infestation|p1b: Indeedee\n|-supereffective|p1b: Indeedee\n|-damage|p1b: Indeedee|61\/100 tox\n|\n|-heal|p2a: The Pex|89\/100|[from] item: Leftovers\n|-damage|p1b: Indeedee|43\/100 tox|[from] psn\n|-damage|p1b: Indeedee|31\/100 tox|[from] move: Infestation|[partiallytrapped]\n|upkeep\n|-enditem|p1b: Indeedee|Sitrus Berry|[eat]\n|-heal|p1b: Indeedee|55\/100 tox|[from] item: Sitrus Berry\n|inactive|thetempex has 60 seconds left.\n|\n|t:|1701099499\n|switch|p2b: The Fish|Alomomola, F|69\/100\n|turn|13\n|\n|t:|1701099514\n|move|p1b: Indeedee|Follow Me|p1b: Indeedee\n|-singleturn|p1b: Indeedee|move: Follow Me\n|move|p1a: Gholdengo|Nasty Plot|p1a: Gholdengo\n|-boost|p1a: Gholdengo|spa|2\n|move|p2b: The Fish|Wish|p2b: The Fish\n|move|p2a: The Pex|Infestation|p1b: Indeedee\n|-supereffective|p1b: Indeedee\n|-damage|p1b: Indeedee|51\/100 tox\n|\n|-heal|p2b: The Fish|75\/100|[from] item: Leftovers\n|-heal|p2a: The Pex|96\/100|[from] item: Leftovers\n|-damage|p1b: Indeedee|26\/100 tox|[from] psn\n|-damage|p1b: Indeedee|14\/100 tox|[from] move: Infestation|[partiallytrapped]\n|upkeep\n|turn|14\n|inactive|thetempex has 90 seconds left.\n|\n|t:|1701099534\n|switch|p2b: The Egg|Chansey, F|39\/100\n|move|p1b: Indeedee|Follow Me|p1b: Indeedee\n|-singleturn|p1b: Indeedee|move: Follow Me\n|move|p1a: Gholdengo|Make It Rain|p2a: The Pex|[spread] p2a,p2b\n|-resisted|p2a: The Pex\n|-damage|p2a: The Pex|75\/100\n|-damage|p2b: The Egg|0 fnt\n|-unboost|p1a: Gholdengo|spa|1\n|faint|p2b: The Egg\n|move|p2a: The Pex|Infestation|p1b: Indeedee\n|-supereffective|p1b: Indeedee\n|-damage|p1b: Indeedee|9\/100 tox\n|\n|-heal|p2a: The Pex|81\/100|[from] item: Leftovers\n|-damage|p1b: Indeedee|0 fnt|[from] psn\n|faint|p1b: Indeedee\n|upkeep\n|inactive|thetempex has 90 seconds left.\n|\n|t:|1701099557\n|switch|p1b: Iron Bundle|Iron Bundle|100\/100\n|switch|p2b: The Fish|Alomomola, F|100\/100\n|turn|15\n|\n|t:|1701099571\n|move|p1b: Iron Bundle|Freeze-Dry|p2b: The Fish\n|-supereffective|p2b: The Fish\n|-damage|p2b: The Fish|33\/100\n|-damage|p1b: Iron Bundle|91\/100|[from] item: Life Orb\n|move|p1a: Gholdengo|Nasty Plot|p1a: Gholdengo\n|-boost|p1a: Gholdengo|spa|2\n|move|p2b: The Fish|Substitute|p2b: The Fish\n|-start|p2b: The Fish|Substitute\n|-damage|p2b: The Fish|8\/100\n|move|p2a: The Pex|Toxic|p1b: Iron Bundle\n|-status|p1b: Iron Bundle|tox\n|\n|-heal|p2b: The Fish|15\/100|[from] item: Leftovers\n|-heal|p2a: The Pex|87\/100|[from] item: Leftovers\n|-damage|p1b: Iron Bundle|85\/100 tox|[from] psn\n|upkeep\n|turn|16\n|\n|t:|1701099600\n|move|p1b: Iron Bundle|Freeze-Dry|p2b: The Fish\n|-supereffective|p2b: The Fish\n|-end|p2b: The Fish|Substitute\n|-damage|p1b: Iron Bundle|75\/100 tox|[from] item: Life Orb\n|move|p1a: Gholdengo|Shadow Ball|p2b: The Fish\n|-damage|p2b: The Fish|0 fnt\n|faint|p2b: The Fish\n|move|p2a: The Pex|Infestation|p1a: Gholdengo\n|-resisted|p1a: Gholdengo\n|-damage|p1a: Gholdengo|99\/100\n|-activate|p1a: Gholdengo|move: Infestation|[of] p2a: The Pex\n|\n|-heal|p2a: The Pex|94\/100|[from] item: Leftovers\n|-damage|p1b: Iron Bundle|63\/100 tox|[from] psn\n|-damage|p1a: Gholdengo|87\/100|[from] move: Infestation|[partiallytrapped]\n|upkeep\n|inactive|thetempex has 90 seconds left.\n|\n|t:|1701099625\n|switch|p2b: The Tree|Trevenant, M|100\/100\n|turn|17\n|\n|t:|1701099639\n|move|p2b: The Tree|Protect|p2b: The Tree\n|-singleturn|p2b: The Tree|Protect\n|move|p1b: Iron Bundle|Freeze-Dry|p2b: The Tree\n|-activate|p2b: The Tree|move: Protect\n|move|p1a: Gholdengo|Shadow Ball|p2b: The Tree\n|-activate|p2b: The Tree|move: Protect\n|move|p2a: The Pex|Infestation|p1b: Iron Bundle\n|-damage|p1b: Iron Bundle|57\/100 tox\n|-activate|p1b: Iron Bundle|move: Infestation|[of] p2a: The Pex\n|\n|-heal|p2a: The Pex|99\/100|[from] item: Leftovers\n|-damage|p1b: Iron Bundle|39\/100 tox|[from] psn\n|-damage|p1b: Iron Bundle|27\/100 tox|[from] move: Infestation|[partiallytrapped]\n|-damage|p1a: Gholdengo|74\/100|[from] move: Infestation|[partiallytrapped]\n|upkeep\n|turn|18\n|inactive|thetempex has 90 seconds left.\n|\n|t:|1701099680\n|switch|p2b: The Salt|Garganacl, M|100\/100\n|move|p1b: Iron Bundle|Freeze-Dry|p2a: The Pex\n|-supereffective|p2a: The Pex\n|-damage|p2a: The Pex|84\/100\n|-damage|p1b: Iron Bundle|17\/100 tox|[from] item: Life Orb\n|move|p1a: Gholdengo|Shadow Ball|p2b: The Salt\n|-damage|p2b: The Salt|45\/100\n|move|p2a: The Pex|Infestation|p1a: Gholdengo\n|-resisted|p1a: Gholdengo\n|-damage|p1a: Gholdengo|73\/100\n|\n|-heal|p2b: The Salt|51\/100|[from] item: Leftovers\n|-heal|p2a: The Pex|90\/100|[from] item: Leftovers\n|-damage|p1b: Iron Bundle|0 fnt|[from] psn\n|faint|p1b: Iron Bundle\n|-end|p1b: Iron Bundle|Quark Drive|[silent]\n|-damage|p1a: Gholdengo|60\/100|[from] move: Infestation|[partiallytrapped]\n|upkeep\n|inactive|Werewerewire23 has 120 seconds left.\n|\n|t:|1701099703\n|switch|p1b: Flutter Mane|Flutter Mane|100\/100\n|turn|19\n|\n|t:|1701099712\n|move|p2b: The Salt|Protect|p2b: The Salt\n|-singleturn|p2b: The Salt|Protect\n|move|p1b: Flutter Mane|Shadow Ball|p2b: The Salt\n|-activate|p2b: The Salt|move: Protect\n|move|p1a: Gholdengo|Shadow Ball|p2b: The Salt\n|-activate|p2b: The Salt|move: Protect\n|move|p2a: The Pex|Toxic|p1b: Flutter Mane\n|-status|p1b: Flutter Mane|tox\n|\n|-heal|p2b: The Salt|57\/100|[from] item: Leftovers\n|-heal|p2a: The Pex|96\/100|[from] item: Leftovers\n|-damage|p1b: Flutter Mane|95\/100 tox|[from] psn\n|-damage|p1a: Gholdengo|48\/100|[from] move: Infestation|[partiallytrapped]\n|upkeep\n|turn|20\n|inactive|thetempex has 120 seconds left.\n|\n|t:|1701099737\n|move|p1b: Flutter Mane|Shadow Ball|p2b: The Salt\n|-damage|p2b: The Salt|35\/100\n|-unboost|p2b: The Salt|spd|1\n|move|p1a: Gholdengo|Shadow Ball|p2b: The Salt\n|-damage|p2b: The Salt|0 fnt\n|faint|p2b: The Salt\n|move|p2a: The Pex|Infestation|p1b: Flutter Mane\n|-resisted|p1b: Flutter Mane\n|-damage|p1b: Flutter Mane|94\/100 tox\n|-activate|p1b: Flutter Mane|move: Infestation|[of] p2a: The Pex\n|\n|-heal|p2a: The Pex|100\/100|[from] item: Leftovers\n|-damage|p1b: Flutter Mane|82\/100 tox|[from] psn\n|-damage|p1b: Flutter Mane|69\/100 tox|[from] move: Infestation|[partiallytrapped]\n|-end|p1a: Gholdengo|Infestation|[partiallytrapped]\n|upkeep\n|\n|t:|1701099753\n|switch|p2b: The Tree|Trevenant, M|100\/100\n|turn|21\n|\n|t:|1701099762\n|move|p1a: Gholdengo|Protect|p1a: Gholdengo\n|-singleturn|p1a: Gholdengo|Protect\n|move|p2b: The Tree|Protect|p2b: The Tree\n|-singleturn|p2b: The Tree|Protect\n|move|p1b: Flutter Mane|Shadow Ball|p2b: The Tree\n|-activate|p2b: The Tree|move: Protect\n|move|p2a: The Pex|Infestation|p1a: Gholdengo\n|-activate|p1a: Gholdengo|move: Protect\n|\n|-damage|p1b: Flutter Mane|51\/100 tox|[from] psn\n|-damage|p1b: Flutter Mane|39\/100 tox|[from] move: Infestation|[partiallytrapped]\n|upkeep\n|turn|22\n|\n|t:|1701099784\n|move|p1b: Flutter Mane|Shadow Ball|p2b: The Tree\n|-supereffective|p2b: The Tree\n|-damage|p2b: The Tree|1\/100\n|-enditem|p2b: The Tree|Sitrus Berry|[eat]\n|-heal|p2b: The Tree|26\/100|[from] item: Sitrus Berry\n|move|p1a: Gholdengo|Shadow Ball|p2b: The Tree\n|-supereffective|p2b: The Tree\n|-damage|p2b: The Tree|0 fnt\n|faint|p2b: The Tree\n|move|p2a: The Pex|Infestation|p1a: Gholdengo\n|-resisted|p1a: Gholdengo\n|-damage|p1a: Gholdengo|46\/100\n|-activate|p1a: Gholdengo|move: Infestation|[of] p2a: The Pex\n|\n|-damage|p1b: Flutter Mane|15\/100 tox|[from] psn\n|-damage|p1b: Flutter Mane|3\/100 tox|[from] move: Infestation|[partiallytrapped]\n|-damage|p1a: Gholdengo|34\/100|[from] move: Infestation|[partiallytrapped]\n|upkeep\n|turn|23\n|\n|t:|1701099811\n|move|p1b: Flutter Mane|Shadow Ball|p2a: The Pex\n|-damage|p2a: The Pex|88\/100\n|move|p1a: Gholdengo|Shadow Ball|p2a: The Pex\n|-damage|p2a: The Pex|55\/100\n|move|p2a: The Pex|Stockpile|p2a: The Pex\n|-start|p2a: The Pex|stockpile1\n|-boost|p2a: The Pex|def|0\n|-boost|p2a: The Pex|spd|0\n|\n|-heal|p2a: The Pex|61\/100|[from] item: Leftovers\n|-damage|p1b: Flutter Mane|0 fnt|[from] psn\n|faint|p1b: Flutter Mane\n|-end|p1b: Flutter Mane|Protosynthesis|[silent]\n|-damage|p1a: Gholdengo|21\/100|[from] move: Infestation|[partiallytrapped]\n|upkeep\n|\n|t:|1701099829\n|switch|p1b: Armarouge|Armarouge, M|100\/100\n|turn|24\n|\n|t:|1701099838\n|move|p1a: Gholdengo|Shadow Ball|p2a: The Pex\n|-damage|p2a: The Pex|31\/100\n|move|p1b: Armarouge|Energy Ball|p2a: The Pex\n|-damage|p2a: The Pex|24\/100\n|-damage|p1b: Armarouge|91\/100|[from] item: Life Orb\n|move|p2a: The Pex|Recover|p2a: The Pex\n|-heal|p2a: The Pex|74\/100\n|\n|-heal|p2a: The Pex|80\/100|[from] item: Leftovers\n|-damage|p1a: Gholdengo|9\/100|[from] move: Infestation|[partiallytrapped]\n|upkeep\n|turn|25\n|\n|t:|1701099864\n|move|p1a: Gholdengo|Shadow Ball|p2a: The Pex\n|-damage|p2a: The Pex|46\/100\n|move|p1b: Armarouge|Expanding Force|p2a: The Pex\n|-supereffective|p2a: The Pex\n|-damage|p2a: The Pex|28\/100\n|-damage|p1b: Armarouge|81\/100|[from] item: Life Orb\n|move|p2a: The Pex|Recover|p2a: The Pex\n|-heal|p2a: The Pex|78\/100\n|\n|-heal|p2a: The Pex|84\/100|[from] item: Leftovers\n|-damage|p1a: Gholdengo|0 fnt|[from] move: Infestation|[partiallytrapped]\n|faint|p1a: Gholdengo\n|upkeep\n|inactive|Werewerewire23 has 120 seconds left.\n|\n|t:|1701099876\n|switch|p1a: Tornadus|Tornadus, M|100\/100\n|turn|26\n|\n|t:|1701099887\n|move|p1a: Tornadus|Air Slash|p2a: The Pex\n|-damage|p2a: The Pex|77\/100\n|move|p1b: Armarouge|Expanding Force|p2a: The Pex\n|-supereffective|p2a: The Pex\n|-damage|p2a: The Pex|58\/100\n|-damage|p1b: Armarouge|71\/100|[from] item: Life Orb\n|cant|p2a: The Pex|flinch\n|\n|-heal|p2a: The Pex|65\/100|[from] item: Leftovers\n|upkeep\n|turn|27\n|\n|t:|1701099904\n|move|p1a: Tornadus|Air Slash|p2a: The Pex\n|-damage|p2a: The Pex|58\/100\n|move|p1b: Armarouge|Expanding Force|p2a: The Pex\n|-supereffective|p2a: The Pex\n|-damage|p2a: The Pex|39\/100\n|-damage|p1b: Armarouge|61\/100|[from] item: Life Orb\n|move|p2a: The Pex|Recover|p2a: The Pex\n|-heal|p2a: The Pex|89\/100\n|\n|-heal|p2a: The Pex|95\/100|[from] item: Leftovers\n|upkeep\n|turn|28\n|\n|t:|1701099919\n|move|p1a: Tornadus|Air Slash|p2a: The Pex\n|-damage|p2a: The Pex|88\/100\n|move|p1b: Armarouge|Expanding Force|p2a: The Pex\n|-supereffective|p2a: The Pex\n|-damage|p2a: The Pex|68\/100\n|-damage|p1b: Armarouge|51\/100|[from] item: Life Orb\n|move|p2a: The Pex|Toxic|p1b: Armarouge\n|-status|p1b: Armarouge|tox\n|\n|-heal|p2a: The Pex|74\/100|[from] item: Leftovers\n|-damage|p1b: Armarouge|45\/100 tox|[from] psn\n|upkeep\n|turn|29\n|inactive|Werewerewire23 has 120 seconds left.\n|\n|t:|1701099964\n|move|p1a: Tornadus|Air Slash|p2a: The Pex|[miss]\n|-miss|p1a: Tornadus|p2a: The Pex\n|move|p1b: Armarouge|Expanding Force|p2a: The Pex\n|-supereffective|p2a: The Pex\n|-damage|p2a: The Pex|54\/100\n|-damage|p1b: Armarouge|35\/100 tox|[from] item: Life Orb\n|move|p2a: The Pex|Recover|p2a: The Pex\n|-heal|p2a: The Pex|100\/100\n|\n|-damage|p1b: Armarouge|22\/100 tox|[from] psn\n|upkeep\n|turn|30\n|inactive|Werewerewire23 has 120 seconds left.\n|\n|t:|1701099981\n|move|p1a: Tornadus|Air Slash|p2a: The Pex\n|-damage|p2a: The Pex|93\/100\n|move|p1b: Armarouge|Expanding Force|p2a: The Pex\n|-supereffective|p2a: The Pex\n|-damage|p2a: The Pex|72\/100\n|-damage|p1b: Armarouge|12\/100 tox|[from] item: Life Orb\n|cant|p2a: The Pex|flinch\n|\n|-heal|p2a: The Pex|78\/100|[from] item: Leftovers\n|-damage|p1b: Armarouge|0 fnt|[from] psn\n|faint|p1b: Armarouge\n|upkeep\n|turn|31\n|\n|t:|1701099995\n|move|p1a: Tornadus|Bleakwind Storm|p2a: The Pex\n|-damage|p2a: The Pex|68\/100\n|move|p2a: The Pex|Toxic|p1a: Tornadus\n|-status|p1a: Tornadus|tox\n|\n|-heal|p2a: The Pex|75\/100|[from] item: Leftovers\n|-damage|p1a: Tornadus|94\/100 tox|[from] psn\n|upkeep\n|turn|32\n|\n|t:|1701100005\n|move|p1a: Tornadus|Bleakwind Storm|p2a: The Pex\n|-damage|p2a: The Pex|65\/100\n|move|p2a: The Pex|Infestation|p1a: Tornadus\n|-resisted|p1a: Tornadus\n|-damage|p1a: Tornadus|92\/100 tox\n|-activate|p1a: Tornadus|move: Infestation|[of] p2a: The Pex\n|\n|-heal|p2a: The Pex|71\/100|[from] item: Leftovers\n|-damage|p1a: Tornadus|80\/100 tox|[from] psn\n|-damage|p1a: Tornadus|68\/100 tox|[from] move: Infestation|[partiallytrapped]\n|upkeep\n|turn|33\n|inactive|Werewerewire23 has 120 seconds left.\n|inactive|Werewerewire23 has 90 seconds left.\n|n|\u2606thetempex|thetempex\n|c|\u2606thetempex|toxapex the goat\n|inactive|Werewerewire23 has 60 seconds left.\n|inactive|Werewerewire23 has 30 seconds left.\n|inactive|Werewerewire23 has 20 seconds left.\n|inactive|Werewerewire23 has 15 seconds left.\n|inactive|Werewerewire23 has 10 seconds left.\n|inactive|Werewerewire23 has 5 seconds left.\n|-message|Werewerewire23 lost due to inactivity.\n|\n|win|thetempex\n|raw|Werewerewire23's rating: 1207 &rarr; <strong>1169<\/strong><br \/>(-38 for losing)\n|raw|thetempex's rating: 1000 &rarr; <strong>1061<\/strong><br \/>(+61 for winning)\n","uploadtime":1701100188,"views":16,"p1id":"werewerewire23","p2id":"thetempex","formatid":"gen9doublesou","rating":1061,"private":0,"password":""}