{"id":"gen9doublesou-1970794315","p1":"phantomslayer17","p2":"Gasgar4","format":"[Gen 9] Doubles OU","log":"|j|\u2606phantomslayer17\n|j|\u2606Gasgar4\n|t:|1697667829\n|gametype|doubles\n|player|p1|phantomslayer17|burglar|1588\n|player|p2|Gasgar4|ghetsis|1580\n|teamsize|p1|6\n|teamsize|p2|6\n|gen|9\n|tier|[Gen 9] Doubles OU\n|rated|\n|rule|Species Clause: Limit one of each Pok\u00e9mon\n|rule|OHKO Clause: OHKO moves are banned\n|rule|Evasion Moves Clause: Evasion moves are banned\n|rule|Gravity Sleep Clause: The combination of sleep-inducing moves with imperfect accuracy and Gravity or Gigantamax Orbeetle are banned\n|rule|Endless Battle Clause: Forcing endless battles is banned\n|rule|HP Percentage Mod: HP is shown in percentages\n|clearpoke\n|poke|p1|Haxorus, M|\n|poke|p1|Heatran, M|\n|poke|p1|Farigiraf, M|\n|poke|p1|Ogerpon-Wellspring, F|\n|poke|p1|Iron Hands|\n|poke|p1|Tornadus, M|\n|poke|p2|Dragonite, F|\n|poke|p2|Rillaboom, F|\n|poke|p2|Ursaluna-Bloodmoon, M|\n|poke|p2|Chien-Pao|\n|poke|p2|Landorus, M|\n|poke|p2|Garganacl, M|\n|teampreview\n|inactive|Battle timer is ON: inactive players will automatically lose when time's up. (requested by Gasgar4)\n|\n|t:|1697667849\n|start\n|switch|p1a: Tornadus|Tornadus, M|100\/100\n|switch|p1b: Iron Hands|Iron Hands|100\/100\n|switch|p2a: Ursaluna|Ursaluna-Bloodmoon, M|100\/100\n|switch|p2b: Landorus|Landorus, M|100\/100\n|turn|1\n|\n|t:|1697667865\n|move|p1a: Tornadus|Tailwind|p1a: Tornadus\n|-sidestart|p1: phantomslayer17|move: Tailwind\n|move|p2b: Landorus|Earth Power|p1b: Iron Hands\n|-supereffective|p1b: Iron Hands\n|-damage|p1b: Iron Hands|27\/100\n|move|p1b: Iron Hands|Ice Punch|p2b: Landorus\n|-supereffective|p2b: Landorus\n|-damage|p2b: Landorus|0 fnt\n|faint|p2b: Landorus\n|move|p2a: Ursaluna|Earth Power|p1b: Iron Hands\n|-supereffective|p1b: Iron Hands\n|-damage|p1b: Iron Hands|0 fnt\n|faint|p1b: Iron Hands\n|-end|p1b: Iron Hands|Quark Drive|[silent]\n|\n|upkeep\n|\n|t:|1697667882\n|switch|p2b: Garganacl|Garganacl, M|100\/100\n|switch|p1b: Ogerpon|Ogerpon-Wellspring, F|100\/100\n|turn|2\n|\n|t:|1697667900\n|move|p1a: Tornadus|Leer|p2a: Ursaluna|[spread] p2a,p2b\n|-unboost|p2a: Ursaluna|def|1\n|-unboost|p2b: Garganacl|def|1\n|move|p1b: Ogerpon|Ivy Cudgel|p2a: Ursaluna\n|-supereffective|p2a: Ursaluna\n|-damage|p2a: Ursaluna|0 fnt\n|faint|p2a: Ursaluna\n|move|p2b: Garganacl|Stealth Rock|p1b: Ogerpon\n|-sidestart|p1: phantomslayer17|move: Stealth Rock\n|\n|upkeep\n|\n|t:|1697667910\n|switch|p2a: Rillaboom|Rillaboom, F|100\/100\n|-fieldstart|move: Grassy Terrain|[from] ability: Grassy Surge|[of] p2a: Rillaboom\n|turn|3\n|\n|t:|1697667918\n|switch|p2b: Dragonite|Dragonite, F|100\/100\n|move|p1b: Ogerpon|Spiky Shield|p1b: Ogerpon\n|-singleturn|p1b: Ogerpon|move: Protect\n|move|p1a: Tornadus|Leer|p2a: Rillaboom|[spread] p2a,p2b\n|-unboost|p2a: Rillaboom|def|1\n|-unboost|p2b: Dragonite|def|1\n|move|p2a: Rillaboom|Wood Hammer|p1b: Ogerpon\n|-activate|p1b: Ogerpon|move: Protect\n|-damage|p2a: Rillaboom|88\/100|[from] Spiky Shield|[of] p1b: Ogerpon\n|\n|-heal|p2a: Rillaboom|94\/100|[from] Grassy Terrain\n|upkeep\n|turn|4\n|\n|t:|1697667947\n|move|p1b: Ogerpon|Wood Hammer|p2b: Dragonite\n|-resisted|p2b: Dragonite\n|-damage|p2b: Dragonite|69\/100\n|-damage|p1b: Ogerpon|87\/100|[from] Recoil\n|move|p1a: Tornadus|Bleakwind Storm|p2a: Rillaboom|[spread] p2a,p2b\n|-supereffective|p2a: Rillaboom\n|-damage|p2a: Rillaboom|51\/100\n|-damage|p2b: Dragonite|44\/100\n|-unboost|p2a: Rillaboom|spe|1\n|-unboost|p2b: Dragonite|spe|1\n|move|p2a: Rillaboom|Wood Hammer|p1b: Ogerpon\n|-damage|p1b: Ogerpon|0 fnt\n|faint|p1b: Ogerpon\n|-damage|p2a: Rillaboom|30\/100|[from] Recoil\n|move|p2b: Dragonite|Dragon Claw|p1a: Tornadus\n|-damage|p1a: Tornadus|13\/100\n|\n|-heal|p2a: Rillaboom|36\/100|[from] Grassy Terrain\n|-sideend|p1: phantomslayer17|move: Tailwind\n|upkeep\n|\n|t:|1697667961\n|switch|p1b: Heatran|Heatran, M|100\/100\n|-damage|p1b: Heatran|88\/100|[from] Stealth Rock\n|turn|5\n|\n|t:|1697667970\n|switch|p1b: Farigiraf|Farigiraf, M|100\/100\n|-damage|p1b: Farigiraf|88\/100|[from] Stealth Rock\n|switch|p2b: Garganacl|Garganacl, M|100\/100\n|move|p1a: Tornadus|Tailwind|p1a: Tornadus\n|-sidestart|p1: phantomslayer17|move: Tailwind\n|move|p2a: Rillaboom|Grassy Glide||[still]\n|cant|p1b: Farigiraf|ability: Armor Tail|Grassy Glide|[of] p2a: Rillaboom\n|\n|-heal|p1b: Farigiraf|94\/100|[from] Grassy Terrain\n|-heal|p2a: Rillaboom|42\/100|[from] Grassy Terrain\n|upkeep\n|turn|6\n|\n|t:|1697667987\n|switch|p2a: Dragonite|Dragonite, F|44\/100\n|move|p1a: Tornadus|Bleakwind Storm|p2a: Dragonite|[spread] p2a,p2b\n|-resisted|p2b: Garganacl\n|-damage|p2a: Dragonite|15\/100\n|-damage|p2b: Garganacl|90\/100\n|-unboost|p2a: Dragonite|spe|1\n|-unboost|p2b: Garganacl|spe|1\n|move|p1b: Farigiraf|Psychic|p2b: Garganacl\n|-damage|p2b: Garganacl|62\/100\n|move|p2b: Garganacl|Salt Cure|p1b: Farigiraf\n|-damage|p1b: Farigiraf|79\/100\n|-start|p1b: Farigiraf|Salt Cure\n|\n|-heal|p1b: Farigiraf|85\/100|[from] Grassy Terrain\n|-heal|p2b: Garganacl|69\/100|[from] Grassy Terrain\n|-heal|p2b: Garganacl|75\/100|[from] item: Leftovers\n|-damage|p1b: Farigiraf|73\/100|[from] Salt Cure\n|upkeep\n|turn|7\n|\n|t:|1697668003\n|move|p2b: Garganacl|Wide Guard|p2b: Garganacl\n|-singleturn|p2b: Garganacl|Wide Guard\n|move|p1a: Tornadus|Taunt|p2b: Garganacl\n|-start|p2b: Garganacl|move: Taunt\n|move|p1b: Farigiraf|Hyper Voice|p2b: Garganacl|[spread] \n|-activate|p2a: Dragonite|move: Wide Guard\n|-activate|p2b: Garganacl|move: Wide Guard\n|move|p2a: Dragonite|Dragon Claw|p1b: Farigiraf\n|-damage|p1b: Farigiraf|3\/100\n|\n|-heal|p1b: Farigiraf|9\/100|[from] Grassy Terrain\n|-heal|p2b: Garganacl|81\/100|[from] Grassy Terrain\n|-heal|p2b: Garganacl|87\/100|[from] item: Leftovers\n|-damage|p1b: Farigiraf|0 fnt|[from] Salt Cure\n|faint|p1b: Farigiraf\n|-fieldend|move: Grassy Terrain\n|upkeep\n|\n|t:|1697668016\n|switch|p1b: Haxorus|Haxorus, M, shiny|100\/100\n|-damage|p1b: Haxorus|88\/100|[from] Stealth Rock\n|-ability|p1b: Haxorus|Mold Breaker\n|turn|8\n|\n|t:|1697668029\n|switch|p2a: Rillaboom|Rillaboom, F|42\/100\n|-fieldstart|move: Grassy Terrain|[from] ability: Grassy Surge|[of] p2a: Rillaboom\n|-terastallize|p1b: Haxorus|Steel\n|move|p1a: Tornadus|Leer|p2a: Rillaboom|[spread] p2a,p2b\n|-unboost|p2a: Rillaboom|def|1\n|-unboost|p2b: Garganacl|def|1\n|move|p1b: Haxorus|Earthquake|p2a: Rillaboom|[spread] p2a,p2b\n|-immune|p1a: Tornadus\n|-resisted|p2a: Rillaboom\n|-crit|p2a: Rillaboom\n|-supereffective|p2b: Garganacl\n|-damage|p2a: Rillaboom|27\/100\n|-damage|p2b: Garganacl|54\/100\n|move|p2b: Garganacl|Salt Cure|p1a: Tornadus\n|-supereffective|p1a: Tornadus\n|-damage|p1a: Tornadus|0 fnt\n|faint|p1a: Tornadus\n|\n|-heal|p1b: Haxorus|94\/100|[from] Grassy Terrain\n|-heal|p2a: Rillaboom|33\/100|[from] Grassy Terrain\n|-heal|p2b: Garganacl|61\/100|[from] Grassy Terrain\n|-heal|p2b: Garganacl|67\/100|[from] item: Leftovers\n|-sideend|p1: phantomslayer17|move: Tailwind\n|upkeep\n|\n|t:|1697668031\n|switch|p1a: Heatran|Heatran, M|88\/100\n|-damage|p1a: Heatran|76\/100|[from] Stealth Rock\n|turn|9\n|\n|t:|1697668062\n|switch|p2b: Dragonite|Dragonite, F|15\/100\n|move|p2a: Rillaboom|Fake Out|p1b: Haxorus\n|-resisted|p1b: Haxorus\n|-damage|p1b: Haxorus|86\/100\n|cant|p1b: Haxorus|flinch\n|move|p1a: Heatran|Heat Wave|p2a: Rillaboom|[spread] p2a,p2b\n|-supereffective|p2a: Rillaboom\n|-resisted|p2b: Dragonite\n|-damage|p2a: Rillaboom|0 fnt\n|-damage|p2b: Dragonite|0 fnt\n|faint|p2a: Rillaboom\n|faint|p2b: Dragonite\n|\n|-heal|p1b: Haxorus|92\/100|[from] Grassy Terrain\n|-heal|p1a: Heatran|82\/100|[from] Grassy Terrain\n|upkeep\n|\n|t:|1697668072\n|switch|p2a: Garganacl|Garganacl, M|67\/100\n|switch|p2b: Chien-Pao|Chien-Pao|100\/100\n|-ability|p2b: Chien-Pao|Sword of Ruin\n|turn|10\n|\n|t:|1697668089\n|move|p2b: Chien-Pao|Protect|p2b: Chien-Pao\n|-singleturn|p2b: Chien-Pao|Protect\n|move|p1b: Haxorus|Iron Head|p2b: Chien-Pao\n|-activate|p2b: Chien-Pao|move: Protect\n|move|p1a: Heatran|Flash Cannon|p2a: Garganacl\n|-supereffective|p2a: Garganacl\n|-damage|p2a: Garganacl|7\/100\n|move|p2a: Garganacl|Salt Cure|p1a: Heatran\n|-damage|p1a: Heatran|65\/100\n|-start|p1a: Heatran|Salt Cure\n|\n|-heal|p1b: Haxorus|98\/100|[from] Grassy Terrain\n|-heal|p1a: Heatran|71\/100|[from] Grassy Terrain\n|-heal|p2a: Garganacl|14\/100|[from] Grassy Terrain\n|-heal|p2a: Garganacl|20\/100|[from] item: Leftovers\n|-damage|p1a: Heatran|47\/100|[from] Salt Cure\n|upkeep\n|turn|11\n|j| xenziiii\n|inactive|Gasgar4 has 120 seconds left.\n|\n|t:|1697668129\n|-terastallize|p2a: Garganacl|Water\n|move|p2b: Chien-Pao|Sucker Punch|p1a: Heatran\n|-damage|p1a: Heatran|1\/100\n|move|p1b: Haxorus|Scale Shot|p2a: Garganacl\n|-damage|p2a: Garganacl|6\/100\n|-damage|p2a: Garganacl|0 fnt\n|faint|p2a: Garganacl\n|-hitcount|p2: Garganacl|2\n|-unboost|p1b: Haxorus|def|1\n|-boost|p1b: Haxorus|spe|1\n|move|p1a: Heatran|Flash Cannon|p2b: Chien-Pao\n|-supereffective|p2b: Chien-Pao\n|-enditem|p2b: Chien-Pao|Focus Sash\n|-damage|p2b: Chien-Pao|1\/100\n|\n|-heal|p2b: Chien-Pao|7\/100|[from] Grassy Terrain\n|-heal|p1b: Haxorus|100\/100|[from] Grassy Terrain\n|-heal|p1a: Heatran|7\/100|[from] Grassy Terrain\n|-damage|p1a: Heatran|0 fnt|[from] Salt Cure\n|faint|p1a: Heatran\n|upkeep\n|turn|12\n|\n|t:|1697668144\n|move|p2b: Chien-Pao|Sucker Punch|p1b: Haxorus\n|-crit|p1b: Haxorus\n|-damage|p1b: Haxorus|0 fnt\n|faint|p1b: Haxorus\n|\n|win|Gasgar4\n|raw|phantomslayer17's rating: 1588 &rarr; <strong>1568<\/strong><br \/>(-20 for losing)\n|raw|Gasgar4's rating: 1580 &rarr; <strong>1600<\/strong><br \/>(+20 for winning)\n|l|\u2606phantomslayer17\n","uploadtime":1697668154,"views":19,"p1id":"phantomslayer17","p2id":"gasgar4","formatid":"gen9doublesou","rating":1568,"private":0,"password":""}