{"id":"gen9doublesou-1989213688","p1":"56789ya","p2":"MYNAMEISGIORNO","format":"[Gen 9] Doubles OU","log":"|j|\u260656789ya\n|j|\u2606MYNAMEISGIORNO\n|t:|1699824122\n|gametype|doubles\n|player|p1|56789ya|boarder|1166\n|player|p2|MYNAMEISGIORNO|worker|1069\n|teamsize|p1|6\n|teamsize|p2|6\n|gen|9\n|tier|[Gen 9] Doubles OU\n|rated|\n|rule|Species Clause: Limit one of each Pok\u00e9mon\n|rule|OHKO Clause: OHKO moves are banned\n|rule|Evasion Moves Clause: Evasion moves are banned\n|rule|Gravity Sleep Clause: The combination of sleep-inducing moves with imperfect accuracy and Gravity or Gigantamax Orbeetle are banned\n|rule|Endless Battle Clause: Forcing endless battles is banned\n|rule|HP Percentage Mod: HP is shown in percentages\n|clearpoke\n|poke|p1|Tauros-Paldea-Blaze, M|\n|poke|p1|Meowscarada, F|\n|poke|p1|Flamigo, M|\n|poke|p1|Corviknight, M|\n|poke|p1|Glimmora, M|\n|poke|p1|Flutter Mane|\n|poke|p2|Conkeldurr, M|\n|poke|p2|Ceruledge, F|\n|poke|p2|Iron Bundle|\n|poke|p2|Indeedee-F, F|\n|poke|p2|Grimmsnarl, M|\n|poke|p2|Mienshao, M|\n|teampreview\n|\n|t:|1699824131\n|start\n|switch|p1a: Tauros|Tauros-Paldea-Blaze, M|100\/100\n|switch|p1b: Meowscarada|Meowscarada, F|100\/100\n|switch|p2a: Mival|Mienshao, M|100\/100\n|switch|p2b: Raouss|Conkeldurr, M|100\/100\n|turn|1\n|inactive|Battle timer is ON: inactive players will automatically lose when time's up. (requested by MYNAMEISGIORNO)\n|\n|t:|1699824164\n|move|p2a: Mival|Fake Out|p1b: Meowscarada\n|-damage|p1b: Meowscarada|83\/100\n|cant|p1b: Meowscarada|flinch\n|move|p1a: Tauros|Flame Charge|p2a: Mival\n|-damage|p2a: Mival|62\/100\n|-boost|p1a: Tauros|spe|1\n|move|p2b: Raouss|High Horsepower|p1a: Tauros\n|-supereffective|p1a: Tauros\n|-damage|p1a: Tauros|32\/100\n|\n|upkeep\n|turn|2\n|inactive|MYNAMEISGIORNO has 120 seconds left.\n|\n|t:|1699824206\n|-terastallize|p1a: Tauros|Grass\n|move|p2a: Mival|Wide Guard|p2a: Mival\n|-singleturn|p2a: Mival|Wide Guard\n|move|p1a: Tauros|Earthquake|p2a: Mival|[spread] p1b\n|-activate|p2a: Mival|move: Wide Guard\n|-activate|p2b: Raouss|move: Wide Guard\n|-resisted|p1b: Meowscarada\n|-damage|p1b: Meowscarada|72\/100\n|move|p1b: Meowscarada|Flower Trick|p1a: Tauros\n|-resisted|p1a: Tauros\n|-crit|p1a: Tauros\n|-damage|p1a: Tauros|15\/100\n|-setboost|p1a: Tauros|atk|6|[from] ability: Anger Point\n|move|p2b: Raouss|Drain Punch|p1b: Meowscarada\n|-supereffective|p1b: Meowscarada\n|-damage|p1b: Meowscarada|0 fnt\n|faint|p1b: Meowscarada\n|\n|upkeep\n|inactive|56789ya has 120 seconds left.\n|\n|t:|1699824225\n|switch|p1b: Flamigo|Flamigo, M|100\/100\n|-copyboost|p1b: Flamigo|p1a: Tauros|[from] ability: Costar\n|turn|3\n|inactive|MYNAMEISGIORNO has 120 seconds left.\n|\n|t:|1699824255\n|move|p2a: Mival|Wide Guard|p2a: Mival\n|-singleturn|p2a: Mival|Wide Guard\n|move|p1a: Tauros|Earthquake|p2a: Mival|[spread] \n|-activate|p2a: Mival|move: Wide Guard\n|-activate|p2b: Raouss|move: Wide Guard\n|-immune|p1b: Flamigo\n|move|p1b: Flamigo|Aerial Ace|p2b: Raouss\n|-supereffective|p2b: Raouss\n|-damage|p2b: Raouss|0 fnt\n|faint|p2b: Raouss\n|\n|upkeep\n|\n|t:|1699824268\n|switch|p2b: Akamien|Ceruledge, F, shiny|100\/100\n|turn|4\n|inactive|56789ya has 120 seconds left.\n|\n|t:|1699824305\n|move|p2b: Akamien|Shadow Sneak|p1a: Tauros\n|-damage|p1a: Tauros|0 fnt\n|faint|p1a: Tauros\n|move|p1b: Flamigo|Sky Attack||[still]\n|-prepare|p1b: Flamigo|Sky Attack\n|-enditem|p1b: Flamigo|Power Herb\n|-anim|p1b: Flamigo|Sky Attack|p2b: Akamien\n|-enditem|p2b: Akamien|Focus Sash\n|-damage|p2b: Akamien|1\/100\n|-ability|p2b: Akamien|Weak Armor|boost\n|-unboost|p2b: Akamien|def|1\n|-boost|p2b: Akamien|spe|2\n|move|p2a: Mival|Knock Off|p1b: Flamigo\n|-resisted|p1b: Flamigo\n|-damage|p1b: Flamigo|88\/100\n|\n|upkeep\n|\n|t:|1699824328\n|switch|p1a: Glimmora|Glimmora, M|100\/100\n|turn|5\n|inactive|56789ya has 120 seconds left.\n|\n|t:|1699824344\n|move|p2a: Mival|Wide Guard|p2a: Mival\n|-singleturn|p2a: Mival|Wide Guard\n|move|p2b: Akamien|Bitter Blade|p1b: Flamigo\n|-damage|p1b: Flamigo|25\/100\n|-heal|p2b: Akamien|38\/100|[from] drain|[of] p1b: Flamigo\n|move|p1b: Flamigo|Aerial Ace|p2a: Mival\n|-supereffective|p2a: Mival\n|-damage|p2a: Mival|0 fnt\n|faint|p2a: Mival\n|move|p1a: Glimmora|Mortal Spin|p2b: Akamien\n|-activate|p2b: Akamien|move: Wide Guard\n|\n|upkeep\n|\n|t:|1699824357\n|switch|p2a: Nette|Indeedee-F, F|100\/100\n|-fieldstart|move: Psychic Terrain|[from] ability: Psychic Surge|[of] p2a: Nette\n|turn|6\n|inactive|56789ya has 120 seconds left.\n|inactive|56789ya has 90 seconds left.\n|\n|t:|1699824412\n|move|p1b: Flamigo|Protect|p1b: Flamigo\n|-singleturn|p1b: Flamigo|Protect\n|move|p2b: Akamien|Bitter Blade|p1b: Flamigo\n|-activate|p1b: Flamigo|move: Protect\n|move|p2a: Nette|Psychic|p1a: Glimmora\n|-supereffective|p1a: Glimmora\n|-damage|p1a: Glimmora|10\/100\n|move|p1a: Glimmora|Sludge Bomb|p2b: Akamien\n|-resisted|p2b: Akamien\n|-damage|p2b: Akamien|9\/100\n|\n|-heal|p1a: Glimmora|16\/100|[from] item: Leftovers\n|upkeep\n|turn|7\n|inactive|56789ya has 90 seconds left.\n|\n|t:|1699824437\n|move|p2b: Akamien|Bitter Blade|p1b: Flamigo\n|-damage|p1b: Flamigo|0 fnt\n|-heal|p2b: Akamien|24\/100|[from] drain|[of] p1b: Flamigo\n|faint|p1b: Flamigo\n|move|p2a: Nette|Psychic|p1a: Glimmora\n|-supereffective|p1a: Glimmora\n|-damage|p1a: Glimmora|0 fnt\n|faint|p1a: Glimmora\n|\n|upkeep\n|inactive|56789ya has 90 seconds left.\n|\n|t:|1699824447\n|switch|p1b: Flutter Mane|Flutter Mane|100\/100\n|switch|p1a: Corviknight|Corviknight, M|100\/100\n|turn|8\n|inactive|MYNAMEISGIORNO has 120 seconds left.\n|\n|t:|1699824481\n|move|p2a: Nette|Follow Me|p2a: Nette\n|-singleturn|p2a: Nette|move: Follow Me\n|move|p2b: Akamien|Shadow Claw|p1b: Flutter Mane\n|-supereffective|p1b: Flutter Mane\n|-damage|p1b: Flutter Mane|0 fnt\n|faint|p1b: Flutter Mane\n|-end|p1b: Flutter Mane|Protosynthesis|[silent]\n|move|p1a: Corviknight|Tailwind|p1a: Corviknight\n|-sidestart|p1: 56789ya|move: Tailwind\n|\n|upkeep\n|turn|9\n|inactive|56789ya has 90 seconds left.\n|\n|t:|1699824520\n|move|p2b: Akamien|Bitter Blade|p1a: Corviknight\n|-supereffective|p1a: Corviknight\n|-damage|p1a: Corviknight|24\/100\n|-heal|p2b: Akamien|76\/100|[from] drain|[of] p1a: Corviknight\n|move|p1a: Corviknight|Iron Head|p2a: Nette\n|-damage|p2a: Nette|64\/100\n|cant|p2a: Nette|flinch\n|\n|-heal|p1a: Corviknight|30\/100|[from] item: Leftovers\n|upkeep\n|turn|10\n|\n|t:|1699824536\n|move|p2b: Akamien|Bitter Blade|p1a: Corviknight\n|-supereffective|p1a: Corviknight\n|-damage|p1a: Corviknight|0 fnt\n|-heal|p2b: Akamien|97\/100|[from] drain|[of] p1a: Corviknight\n|faint|p1a: Corviknight\n|\n|win|MYNAMEISGIORNO\n|raw|56789ya's rating: 1166 &rarr; <strong>1136<\/strong><br \/>(-30 for losing)\n|raw|MYNAMEISGIORNO's rating: 1097 &rarr; <strong>1127<\/strong><br \/>(+30 for winning)\n","uploadtime":1699824544,"views":9,"p1id":"56789ya","p2id":"mynameisgiorno","formatid":"gen9doublesou","rating":1127,"private":0,"password":""}