{"id":"gen9doublesou-1996732225","p1":"ZeisePuiles","p2":"Efficientplayr","format":"[Gen 9] Doubles OU","log":"|j|\u2606ZeisePuiles\n|j|\u2606Efficientplayr\n|t:|1700716021\n|gametype|doubles\n|player|p1|ZeisePuiles|cynthia-gen4|1235\n|player|p2|Efficientplayr|1|1304\n|teamsize|p1|6\n|teamsize|p2|6\n|gen|9\n|tier|[Gen 9] Doubles OU\n|rated|\n|rule|Species Clause: Limit one of each Pok\u00e9mon\n|rule|OHKO Clause: OHKO moves are banned\n|rule|Evasion Moves Clause: Evasion moves are banned\n|rule|Gravity Sleep Clause: The combination of sleep-inducing moves with imperfect accuracy and Gravity or Gigantamax Orbeetle are banned\n|rule|Endless Battle Clause: Forcing endless battles is banned\n|rule|HP Percentage Mod: HP is shown in percentages\n|clearpoke\n|poke|p1|Dragapult, F|\n|poke|p1|Iron Bundle|\n|poke|p1|Sinistcha|\n|poke|p1|Goodra-Hisui, F|\n|poke|p1|Talonflame, F|\n|poke|p1|Arcanine-Hisui, F|\n|poke|p2|Landorus-Therian, M|\n|poke|p2|Ursaluna-Bloodmoon, M|\n|poke|p2|Ogerpon-Hearthflame, F|\n|poke|p2|Farigiraf, F|\n|poke|p2|Amoonguss, F|\n|poke|p2|Gholdengo|\n|teampreview\n|inactive|Battle timer is ON: inactive players will automatically lose when time's up. (requested by Efficientplayr)\n|\n|t:|1700716043\n|start\n|switch|p1a: Sinistcha|Sinistcha|100\/100\n|switch|p1b: Arcanine|Arcanine-Hisui, F, shiny|100\/100\n|switch|p2a: Ursaluna|Ursaluna-Bloodmoon, M|100\/100\n|switch|p2b: Amoonguss|Amoonguss, F|100\/100\n|-ability|p1b: Arcanine|Intimidate|boost\n|-unboost|p2a: Ursaluna|atk|1\n|-unboost|p2b: Amoonguss|atk|1\n|turn|1\n|inactive|Efficientplayr has 120 seconds left.\n|\n|t:|1700716084\n|switch|p2b: Landorus|Landorus-Therian, M|100\/100\n|-ability|p2b: Landorus|Intimidate|boost\n|-unboost|p1a: Sinistcha|atk|1\n|-unboost|p1b: Arcanine|atk|1\n|move|p2a: Ursaluna|Protect|p2a: Ursaluna\n|-singleturn|p2a: Ursaluna|Protect\n|move|p1b: Arcanine|Flare Blitz|p2b: Landorus\n|-crit|p2b: Landorus\n|-damage|p2b: Landorus|0 fnt\n|faint|p2b: Landorus\n|-damage|p1b: Arcanine|69\/100|[from] Recoil\n|move|p1a: Sinistcha|Matcha Gotcha|p2a: Ursaluna\n|-activate|p2a: Ursaluna|move: Protect\n|\n|upkeep\n|c|\u2606ZeisePuiles|sry\n|\n|t:|1700716099\n|switch|p2b: Gholdengo|Gholdengo|100\/100\n|turn|2\n|inactive|Efficientplayr has 120 seconds left.\n|\n|t:|1700716108\n|move|p1b: Arcanine|Flare Blitz|p2b: Gholdengo\n|-supereffective|p2b: Gholdengo\n|-damage|p2b: Gholdengo|24\/100\n|-damage|p1b: Arcanine|41\/100|[from] Recoil\n|move|p2b: Gholdengo|Shadow Ball|p1a: Sinistcha\n|-supereffective|p1a: Sinistcha\n|-damage|p1a: Sinistcha|12\/100\n|-unboost|p1a: Sinistcha|spd|1\n|move|p1a: Sinistcha|Matcha Gotcha|p2b: Gholdengo|[spread] p2a\n|-miss|p1a: Sinistcha|p2b: Gholdengo\n|-supereffective|p2a: Ursaluna\n|-damage|p2a: Ursaluna|32\/100\n|-heal|p1a: Sinistcha|58\/100|[from] drain|[of] p2a: Ursaluna\n|move|p2a: Ursaluna|Earth Power|p1b: Arcanine\n|-supereffective|p1b: Arcanine\n|-damage|p1b: Arcanine|0 fnt\n|faint|p1b: Arcanine\n|\n|-heal|p2b: Gholdengo|30\/100|[from] item: Leftovers\n|-heal|p1a: Sinistcha|64\/100|[from] item: Leftovers\n|upkeep\n|\n|t:|1700716136\n|switch|p1b: Dragapult|Dragapult, F, shiny|100\/100\n|turn|3\n|\n|t:|1700716151\n|switch|p1a: Goodra|Goodra-Hisui, F|100\/100\n|-terastallize|p1b: Dragapult|Ghost\n|move|p1b: Dragapult|Phantom Force||[still]\n|-prepare|p1b: Dragapult|Phantom Force\n|move|p2b: Gholdengo|Shadow Ball|p1b: Dragapult|[miss]\n|-miss|p2b: Gholdengo|p1b: Dragapult\n|move|p2a: Ursaluna|Moonblast|p1b: Dragapult|[miss]\n|-miss|p2a: Ursaluna|p1b: Dragapult\n|\n|-heal|p2b: Gholdengo|36\/100|[from] item: Leftovers\n|upkeep\n|turn|4\n|\n|t:|1700716172\n|switch|p2b: Farigiraf|Farigiraf, F|100\/100\n|move|p1b: Dragapult|Phantom Force|p2b: Farigiraf|[from]lockedmove\n|-immune|p2b: Farigiraf\n|move|p2a: Ursaluna|Blood Moon|p1b: Dragapult\n|-damage|p1b: Dragapult|0 fnt\n|faint|p1b: Dragapult\n|move|p1a: Goodra|Dragon Tail|p2a: Ursaluna\n|-damage|p2a: Ursaluna|17\/100\n|drag|p2a: Ogerpon|Ogerpon-Hearthflame, F|100\/100\n|-ability|p2a: Ogerpon|Mold Breaker\n|\n|upkeep\n|\n|t:|1700716188\n|switch|p1b: Talonflame|Talonflame, F, shiny|100\/100\n|turn|5\n|\n|t:|1700716203\n|-terastallize|p2a: Ogerpon|Fire\n|detailschange|p2a: Ogerpon|Ogerpon-Hearthflame-Tera, F, tera:Fire\n|-ability|p2a: Ogerpon|Embody Aspect (Hearthflame)|boost\n|-boost|p2a: Ogerpon|atk|1\n|move|p1b: Talonflame|Brave Bird||[still]\n|cant|p2b: Farigiraf|ability: Armor Tail|Brave Bird|[of] p1b: Talonflame\n|move|p2a: Ogerpon|Ivy Cudgel|p1a: Goodra|[anim] Ivy Cudgel Fire\n|-damage|p1a: Goodra|6\/100\n|move|p1a: Goodra|Acid Armor|p1a: Goodra\n|-boost|p1a: Goodra|def|2\n|move|p2b: Farigiraf|Trick Room|p2b: Farigiraf\n|-fieldstart|move: Trick Room|[of] p2b: Farigiraf\n|\n|-heal|p1a: Goodra|12\/100|[from] item: Leftovers\n|upkeep\n|turn|6\n|\n|t:|1700716222\n|switch|p1b: Sinistcha|Sinistcha|64\/100\n|-heal|p1a: Goodra|37\/100|[from] ability: Hospitality|[of] p1b: Sinistcha\n|move|p2b: Farigiraf|Hyper Voice|p1a: Goodra|[spread] p1a\n|-immune|p1b: Sinistcha\n|-resisted|p1a: Goodra\n|-damage|p1a: Goodra|27\/100\n|move|p2a: Ogerpon|Encore||[still]\n|-fail|p2a: Ogerpon\n|move|p1a: Goodra|Dragon Tail|p2b: Farigiraf\n|-damage|p2b: Farigiraf|80\/100\n|drag|p2b: Gholdengo|Gholdengo|36\/100\n|\n|-heal|p1a: Goodra|33\/100|[from] item: Leftovers\n|-heal|p1b: Sinistcha|70\/100|[from] item: Leftovers\n|-heal|p2b: Gholdengo|42\/100|[from] item: Leftovers\n|upkeep\n|turn|7\n|\n|t:|1700716251\n|switch|p2b: Farigiraf|Farigiraf, F|80\/100\n|switch|p2a: Amoonguss|Amoonguss, F|100\/100\n|move|p1a: Goodra|Life Dew|p1a: Goodra|[spread] p1a,p1b\n|-heal|p1a: Goodra|58\/100\n|-heal|p1b: Sinistcha|96\/100\n|move|p1b: Sinistcha|Strength Sap|p2a: Amoonguss\n|-unboost|p2a: Amoonguss|atk|1\n|-heal|p1b: Sinistcha|100\/100\n|\n|-heal|p1a: Goodra|64\/100|[from] item: Leftovers\n|upkeep\n|turn|8\n|\n|t:|1700716280\n|move|p2a: Amoonguss|Clear Smog|p1b: Sinistcha\n|-damage|p1b: Sinistcha|84\/100\n|-clearboost|p1b: Sinistcha\n|move|p2b: Farigiraf|Psyshock|p1b: Sinistcha\n|-damage|p1b: Sinistcha|44\/100\n|move|p1a: Goodra|Dragon Tail|p2a: Amoonguss\n|-damage|p2a: Amoonguss|86\/100\n|drag|p2a: Ursaluna|Ursaluna-Bloodmoon, M|17\/100\n|move|p1b: Sinistcha|Trick Room|p1b: Sinistcha\n|-fieldend|move: Trick Room\n|\n|-heal|p1b: Sinistcha|50\/100|[from] item: Leftovers\n|-heal|p1a: Goodra|70\/100|[from] item: Leftovers\n|upkeep\n|turn|9\n|\n|t:|1700716300\n|move|p2a: Ursaluna|Protect|p2a: Ursaluna\n|-singleturn|p2a: Ursaluna|Protect\n|move|p1b: Sinistcha|Imprison|p1b: Sinistcha\n|-start|p1b: Sinistcha|move: Imprison\n|move|p1a: Goodra|Life Dew|p1a: Goodra|[spread] p1a,p1b\n|-heal|p1a: Goodra|95\/100\n|-heal|p1b: Sinistcha|76\/100\n|cant|p2b: Farigiraf|move: Imprison|Trick Room\n|\n|-heal|p1b: Sinistcha|82\/100|[from] item: Leftovers\n|-heal|p1a: Goodra|100\/100|[from] item: Leftovers\n|upkeep\n|turn|10\n|\n|t:|1700716329\n|switch|p2b: Ogerpon|Ogerpon-Hearthflame-Tera, F, tera:Fire|100\/100\n|-ability|p2b: Ogerpon|Embody Aspect (Hearthflame)|boost\n|-boost|p2b: Ogerpon|atk|1\n|switch|p2a: Gholdengo|Gholdengo|42\/100\n|move|p1b: Sinistcha|Matcha Gotcha|p2b: Ogerpon|[spread] p2b\n|-miss|p1b: Sinistcha|p2a: Gholdengo\n|-resisted|p2b: Ogerpon\n|-damage|p2b: Ogerpon|82\/100\n|-heal|p1b: Sinistcha|91\/100|[from] drain|[of] p2b: Ogerpon\n|move|p1a: Goodra|Heavy Slam|p2a: Gholdengo\n|-resisted|p2a: Gholdengo\n|-damage|p2a: Gholdengo|23\/100\n|\n|-heal|p2a: Gholdengo|29\/100|[from] item: Leftovers\n|-heal|p1b: Sinistcha|97\/100|[from] item: Leftovers\n|upkeep\n|turn|11\n|\n|t:|1700716352\n|switch|p1b: Talonflame|Talonflame, F, shiny|100\/100\n|move|p2b: Ogerpon|Ivy Cudgel|p1a: Goodra|[anim] Ivy Cudgel Fire\n|-crit|p1a: Goodra\n|-damage|p1a: Goodra|0 fnt\n|faint|p1a: Goodra\n|move|p2a: Gholdengo|Shadow Ball|p1b: Talonflame\n|-damage|p1b: Talonflame|36\/100\n|\n|-heal|p2a: Gholdengo|35\/100|[from] item: Leftovers\n|upkeep\n|c|\u2606ZeisePuiles|damn\n|\n|t:|1700716363\n|switch|p1a: Iron Bundle|Iron Bundle|100\/100\n|-enditem|p1a: Iron Bundle|Booster Energy\n|-activate|p1a: Iron Bundle|ability: Quark Drive|[fromitem]\n|-start|p1a: Iron Bundle|quarkdrivespa\n|turn|12\n|\n|t:|1700716372\n|switch|p2b: Ursaluna|Ursaluna-Bloodmoon, M|17\/100\n|move|p1b: Talonflame|Flare Blitz|p2a: Gholdengo\n|-supereffective|p2a: Gholdengo\n|-damage|p2a: Gholdengo|0 fnt\n|faint|p2a: Gholdengo\n|-damage|p1b: Talonflame|21\/100|[from] Recoil\n|-damage|p1b: Talonflame|11\/100|[from] item: Life Orb\n|move|p1a: Iron Bundle|Hydro Pump|p2b: Ursaluna\n|-supereffective|p2b: Ursaluna\n|-damage|p2b: Ursaluna|0 fnt\n|faint|p2b: Ursaluna\n|\n|upkeep\n|\n|t:|1700716386\n|switch|p2a: Amoonguss|Amoonguss, F|100\/100\n|switch|p2b: Farigiraf|Farigiraf, F|80\/100\n|turn|13\n|\n|t:|1700716399\n|move|p2a: Amoonguss|Rage Powder|p2a: Amoonguss\n|-singleturn|p2a: Amoonguss|move: Rage Powder\n|move|p1b: Talonflame|Brave Bird|p2a: Amoonguss\n|-supereffective|p2a: Amoonguss\n|-damage|p2a: Amoonguss|13\/100\n|-enditem|p2a: Amoonguss|Sitrus Berry|[eat]\n|-heal|p2a: Amoonguss|38\/100|[from] item: Sitrus Berry\n|-damage|p1b: Talonflame|0 fnt|[from] Recoil\n|faint|p1b: Talonflame\n|move|p1a: Iron Bundle|Hydro Pump|p2a: Amoonguss|[miss]\n|-miss|p1a: Iron Bundle|p2a: Amoonguss\n|move|p2b: Farigiraf|Trick Room|p2b: Farigiraf\n|-fieldstart|move: Trick Room|[of] p2b: Farigiraf\n|\n|upkeep\n|\n|t:|1700716410\n|switch|p1b: Sinistcha|Sinistcha|97\/100\n|turn|14\n|\n|t:|1700716424\n|move|p1a: Iron Bundle|Protect|p1a: Iron Bundle\n|-singleturn|p1a: Iron Bundle|Protect\n|move|p2a: Amoonguss|Spore|p1a: Iron Bundle\n|-activate|p1a: Iron Bundle|move: Protect\n|move|p2b: Farigiraf|Hyper Voice|p1b: Sinistcha|[spread] \n|-activate|p1a: Iron Bundle|move: Protect\n|-immune|p1b: Sinistcha\n|move|p1b: Sinistcha|Trick Room|p1b: Sinistcha\n|-fieldend|move: Trick Room\n|\n|-heal|p1b: Sinistcha|100\/100|[from] item: Leftovers\n|upkeep\n|turn|15\n|\n|t:|1700716437\n|move|p1a: Iron Bundle|Icy Wind|p2a: Amoonguss|[spread] p2a,p2b\n|-supereffective|p2a: Amoonguss\n|-damage|p2a: Amoonguss|0 fnt\n|-damage|p2b: Farigiraf|51\/100\n|-unboost|p2b: Farigiraf|spe|1\n|faint|p2a: Amoonguss\n|move|p1b: Sinistcha|Imprison|p1b: Sinistcha\n|-start|p1b: Sinistcha|move: Imprison\n|move|p2b: Farigiraf|Hyper Voice|p1b: Sinistcha|[spread] p1a\n|-immune|p1b: Sinistcha\n|-damage|p1a: Iron Bundle|30\/100\n|\n|upkeep\n|\n|t:|1700716441\n|switch|p2a: Ogerpon|Ogerpon-Hearthflame-Tera, F, tera:Fire|82\/100\n|-ability|p2a: Ogerpon|Embody Aspect (Hearthflame)|boost\n|-boost|p2a: Ogerpon|atk|1\n|turn|16\n|\n|t:|1700716460\n|move|p1a: Iron Bundle|Hydro Pump|p2a: Ogerpon\n|-supereffective|p2a: Ogerpon\n|-damage|p2a: Ogerpon|0 fnt\n|faint|p2a: Ogerpon\n|move|p1b: Sinistcha|Matcha Gotcha|p2b: Farigiraf\n|-damage|p2b: Farigiraf|9\/100\n|move|p2b: Farigiraf|Hyper Voice|p1a: Iron Bundle|[spread] p1a\n|-immune|p1b: Sinistcha\n|-damage|p1a: Iron Bundle|0 fnt\n|faint|p1a: Iron Bundle\n|-end|p1a: Iron Bundle|Quark Drive|[silent]\n|\n|upkeep\n|turn|17\n|c|\u2606ZeisePuiles|gg\n|c|\u2606Efficientplayr|gg\n|\n|t:|1700716471\n|move|p1b: Sinistcha|Matcha Gotcha|p2b: Farigiraf\n|-damage|p2b: Farigiraf|0 fnt\n|faint|p2b: Farigiraf\n|\n|win|ZeisePuiles\n|raw|ZeisePuiles's rating: 1235 &rarr; <strong>1265<\/strong><br \/>(+30 for winning)\n|raw|Efficientplayr's rating: 1304 &rarr; <strong>1280<\/strong><br \/>(-24 for losing)\n","uploadtime":1700716482,"views":5,"p1id":"zeisepuiles","p2id":"efficientplayr","formatid":"gen9doublesou","rating":1265,"private":0,"password":""}