{"id":"gen9doublesou-1977139714","p1":"berlitz_platinum","p2":"SXD2002","format":"[Gen 9] Doubles OU","log":"|j|\u2606berlitz_platinum\n|j|\u2606SXD2002\n|t:|1698376228\n|gametype|doubles\n|player|p1|berlitz_platinum|dahlia|1084\n|player|p2|SXD2002|silver-masters|1185\n|teamsize|p1|6\n|teamsize|p2|6\n|gen|9\n|tier|[Gen 9] Doubles OU\n|rated|\n|rule|Species Clause: Limit one of each Pok\u00e9mon\n|rule|OHKO Clause: OHKO moves are banned\n|rule|Evasion Moves Clause: Evasion moves are banned\n|rule|Gravity Sleep Clause: The combination of sleep-inducing moves with imperfect accuracy and Gravity or Gigantamax Orbeetle are banned\n|rule|Endless Battle Clause: Forcing endless battles is banned\n|rule|HP Percentage Mod: HP is shown in percentages\n|clearpoke\n|poke|p1|Hariyama, F|\n|poke|p1|Mamoswine, M|\n|poke|p1|Medicham, M|\n|poke|p1|Meditite, F|\n|poke|p1|Salamence, F|\n|poke|p1|Scizor, M|\n|poke|p2|Lurantis, M|\n|poke|p2|Murkrow, M|\n|poke|p2|Grimmsnarl, M|\n|poke|p2|Clefairy, F|\n|poke|p2|Talonflame, M|\n|poke|p2|Espeon, M|\n|teampreview\n|inactive|Battle timer is ON: inactive players will automatically lose when time's up. (requested by SXD2002)\n|\n|t:|1698376240\n|start\n|switch|p1a: Mamoswine|Mamoswine, M|100\/100\n|switch|p1b: Scizor|Scizor, M|100\/100\n|switch|p2a: Murkrow|Murkrow, M|100\/100\n|switch|p2b: Lurantis|Lurantis, M|100\/100\n|turn|1\n|\n|t:|1698376252\n|-terastallize|p2b: Lurantis|Steel\n|move|p2a: Murkrow|Screech|p2b: Lurantis\n|-boost|p2b: Lurantis|def|2\n|move|p1a: Mamoswine|Icicle Crash|p2a: Murkrow\n|-supereffective|p2a: Murkrow\n|-damage|p2a: Murkrow|0 fnt\n|faint|p2a: Murkrow\n|move|p1b: Scizor|Focus Energy|p1b: Scizor\n|-start|p1b: Scizor|move: Focus Energy\n|move|p2b: Lurantis|Superpower|p1a: Mamoswine\n|-supereffective|p1a: Mamoswine\n|-damage|p1a: Mamoswine|35\/100\n|-boost|p2b: Lurantis|atk|1\n|-boost|p2b: Lurantis|def|1\n|\n|upkeep\n|\n|t:|1698376267\n|switch|p2a: Grimmsnarl|Grimmsnarl, M|100\/100\n|turn|2\n|\n|t:|1698376291\n|move|p1a: Mamoswine|Ice Shard|p2a: Grimmsnarl\n|-damage|p2a: Grimmsnarl|64\/100\n|move|p1b: Scizor|Bullet Punch|p2a: Grimmsnarl\n|-supereffective|p2a: Grimmsnarl\n|-crit|p2a: Grimmsnarl\n|-damage|p2a: Grimmsnarl|0 fnt\n|faint|p2a: Grimmsnarl\n|move|p2b: Lurantis|Superpower|p1a: Mamoswine\n|-supereffective|p1a: Mamoswine\n|-damage|p1a: Mamoswine|0 fnt\n|-boost|p2b: Lurantis|atk|1\n|-boost|p2b: Lurantis|def|1\n|faint|p1a: Mamoswine\n|\n|upkeep\n|\n|t:|1698376308\n|switch|p1a: Medicham|Medicham, M|100\/100\n|switch|p2a: Talonflame|Talonflame, M|100\/100\n|turn|3\n|\n|t:|1698376318\n|move|p1a: Medicham|Fake Out|p2a: Talonflame\n|-damage|p2a: Talonflame|79\/100\n|cant|p2a: Talonflame|flinch\n|move|p1b: Scizor|Night Slash|p2a: Talonflame\n|-crit|p2a: Talonflame\n|-damage|p2a: Talonflame|31\/100\n|move|p2b: Lurantis|Superpower|p1b: Scizor\n|-damage|p1b: Scizor|39\/100\n|-boost|p2b: Lurantis|atk|1\n|-boost|p2b: Lurantis|def|1\n|\n|upkeep\n|turn|4\n|\n|t:|1698376340\n|move|p2a: Talonflame|Defog|p2b: Lurantis\n|-boost|p2b: Lurantis|evasion|1\n|move|p1a: Medicham|Skill Swap|p2b: Lurantis\n|-activate|p1a: Medicham|move: Skill Swap|Contrary|Pure Power|[of] p2b: Lurantis\n|move|p1b: Scizor|Night Slash|p2a: Talonflame\n|-crit|p2a: Talonflame\n|-damage|p2a: Talonflame|0 fnt\n|faint|p2a: Talonflame\n|move|p2b: Lurantis|Superpower|p1b: Scizor\n|-damage|p1b: Scizor|0 fnt\n|-unboost|p2b: Lurantis|atk|1\n|-unboost|p2b: Lurantis|def|1\n|faint|p1b: Scizor\n|\n|upkeep\n|\n|t:|1698376356\n|switch|p2a: Espeon|Espeon, M|100\/100\n|switch|p1b: Hariyama|Hariyama, F|100\/100\n|turn|5\n|\n|t:|1698376365\n|move|p2a: Espeon|Psych Up|p2b: Lurantis\n|-copyboost|p2a: Espeon|p2b: Lurantis|[from] move: Psych Up\n|move|p1a: Medicham|Skill Swap|p2b: Lurantis\n|-activate|p1a: Medicham|move: Skill Swap|Pure Power|Contrary|[of] p2b: Lurantis\n|move|p2b: Lurantis|Leech Life|p1a: Medicham\n|-damage|p1a: Medicham|40\/100\n|move|p1b: Hariyama|Whirlwind|p2b: Lurantis\n|drag|p2b: Clefairy|Clefairy, F|100\/100\n|\n|upkeep\n|turn|6\n|\n|t:|1698376387\n|move|p2b: Clefairy|Follow Me|p2b: Clefairy\n|-singleturn|p2b: Clefairy|move: Follow Me\n|move|p2a: Espeon|Stored Power|p1b: Hariyama\n|-supereffective|p1b: Hariyama\n|-damage|p1b: Hariyama|0 fnt\n|faint|p1b: Hariyama\n|move|p1a: Medicham|Skill Swap|p2b: Clefairy\n|-activate|p1a: Medicham|move: Skill Swap|Friend Guard|Pure Power|[of] p2b: Clefairy\n|\n|upkeep\n|\n|t:|1698376399\n|switch|p1b: Meditite|Meditite, F|100\/100\n|turn|7\n|\n|t:|1698376409\n|move|p1b: Meditite|Fake Out|p2a: Espeon\n|-damage|p2a: Espeon|91\/100\n|move|p2b: Clefairy|Follow Me|p2b: Clefairy\n|-singleturn|p2b: Clefairy|move: Follow Me\n|cant|p2a: Espeon|flinch\n|move|p1a: Medicham|Skill Swap|p2b: Clefairy\n|-activate|p1a: Medicham|move: Skill Swap|Pure Power|Friend Guard|[of] p2b: Clefairy\n|\n|-heal|p2a: Espeon|97\/100|[from] item: Leftovers\n|upkeep\n|turn|8\n|-message|berlitz_platinum forfeited.\n|\n|win|SXD2002\n|raw|berlitz_platinum's rating: 1084 &rarr; <strong>1068<\/strong><br \/>(-16 for losing)\n|raw|SXD2002's rating: 1185 &rarr; <strong>1203<\/strong><br \/>(+18 for winning)\n|l|\u2606berlitz_platinum\n","uploadtime":1698376426,"views":13,"p1id":"berlitzplatinum","p2id":"sxd2002","formatid":"gen9doublesou","rating":1068,"private":0,"password":""}