{"id":"gen9doublesou-1973963770","p1":"JmasterSwag","p2":"Nrickj132","format":"[Gen 9] Doubles OU","log":"|j|\u2606JmasterSwag\n|j|\u2606Nrickj132\n|t:|1698033724\n|gametype|doubles\n|player|p1|JmasterSwag|bea|1401\n|player|p2|Nrickj132|265|1314\n|teamsize|p1|6\n|teamsize|p2|6\n|gen|9\n|tier|[Gen 9] Doubles OU\n|rated|\n|rule|Species Clause: Limit one of each Pok\u00e9mon\n|rule|OHKO Clause: OHKO moves are banned\n|rule|Evasion Moves Clause: Evasion moves are banned\n|rule|Gravity Sleep Clause: The combination of sleep-inducing moves with imperfect accuracy and Gravity or Gigantamax Orbeetle are banned\n|rule|Endless Battle Clause: Forcing endless battles is banned\n|rule|HP Percentage Mod: HP is shown in percentages\n|clearpoke\n|poke|p1|Glimmora, F|\n|poke|p1|Ogerpon-Hearthflame, F|\n|poke|p1|Sinistcha-Masterpiece|\n|poke|p1|Fezandipiti, M|\n|poke|p1|Walking Wake|\n|poke|p1|Arcanine, M|\n|poke|p2|Kilowattrel, F|\n|poke|p2|Pelipper, F|\n|poke|p2|Stantler, M|\n|poke|p2|Barraskewda, F|\n|poke|p2|Regieleki|\n|poke|p2|Clawitzer, M|\n|teampreview\n|inactive|Battle timer is ON: inactive players will automatically lose when time's up. (requested by Nrickj132)\n|c|\u2606Nrickj132|Glhf\n|c|\u2606JmasterSwag|same!\n|inactive|JmasterSwag has 120 seconds left.\n|\n|t:|1698033762\n|start\n|switch|p1a: Glimmora|Glimmora, F|100\/100\n|switch|p1b: Walking Wake|Walking Wake|100\/100\n|switch|p2a: Tazer no1|Kilowattrel, F|100\/100\n|switch|p2b: Trade offer|Stantler, M|100\/100\n|-ability|p2b: Trade offer|Intimidate|boost\n|-unboost|p1a: Glimmora|atk|1\n|-unboost|p1b: Walking Wake|atk|1\n|turn|1\n|\n|t:|1698033777\n|move|p2a: Tazer no1|Protect|p2a: Tazer no1\n|-singleturn|p2a: Tazer no1|Protect\n|move|p1b: Walking Wake|Draco Meteor|p2a: Tazer no1\n|-activate|p2a: Tazer no1|move: Protect\n|move|p1a: Glimmora|Stealth Rock|p2a: Tazer no1\n|-sidestart|p2: Nrickj132|move: Stealth Rock\n|move|p2b: Trade offer|Skill Swap|p1a: Glimmora\n|-activate|p2b: Trade offer|move: Skill Swap|Toxic Debris|Intimidate|[of] p1a: Glimmora\n|-ability|p1a: Glimmora|Intimidate|boost\n|-unboost|p2a: Tazer no1|atk|1\n|-ability|p2a: Tazer no1|Competitive|boost\n|-boost|p2a: Tazer no1|spa|2\n|-enditem|p2a: Tazer no1|Adrenaline Orb\n|-boost|p2a: Tazer no1|spe|1|[from] item: Adrenaline Orb\n|-unboost|p2b: Trade offer|atk|1\n|\n|upkeep\n|turn|2\n|\n|t:|1698033797\n|switch|p2b: Sign here please|Pelipper, F|100\/100\n|-weather|RainDance|[from] ability: Drizzle|[of] p2b: Sign here please\n|move|p2a: Tazer no1|Hurricane|p1b: Walking Wake\n|-damage|p1b: Walking Wake|20\/100\n|-start|p1b: Walking Wake|confusion\n|-activate|p1b: Walking Wake|confusion\n|move|p1b: Walking Wake|Draco Meteor|p2a: Tazer no1\n|-damage|p2a: Tazer no1|0 fnt\n|-unboost|p1b: Walking Wake|spa|2\n|faint|p2a: Tazer no1\n|move|p1a: Glimmora|Mortal Spin|p2b: Sign here please\n|-damage|p2b: Sign here please|97\/100\n|-status|p2b: Sign here please|psn\n|\n|-weather|RainDance|[upkeep]\n|-damage|p2b: Sign here please|84\/100 psn|[from] psn\n|upkeep\n|\n|t:|1698033817\n|switch|p2a: Glock|Clawitzer, M|100\/100\n|-damage|p2a: Glock|88\/100|[from] Stealth Rock\n|turn|3\n|\n|t:|1698033827\n|-end|p1b: Walking Wake|Protosynthesis|[silent]\n|switch|p1b: Sinistcha|Sinistcha-Masterpiece|100\/100\n|move|p1a: Glimmora|Spiky Shield|p1a: Glimmora\n|-singleturn|p1a: Glimmora|move: Protect\n|move|p2b: Sign here please|Weather Ball|p1a: Glimmora\n|-activate|p1a: Glimmora|move: Protect\n|move|p2a: Glock|Dragon Pulse|p1b: Sinistcha\n|-damage|p1b: Sinistcha|36\/100\n|-damage|p2a: Glock|78\/100|[from] item: Life Orb\n|\n|-weather|RainDance|[upkeep]\n|-heal|p1b: Sinistcha|42\/100|[from] item: Leftovers\n|-damage|p2b: Sign here please|72\/100 psn|[from] psn\n|upkeep\n|turn|4\n|\n|t:|1698033853\n|switch|p2a: Trade offer|Stantler, M|100\/100\n|-damage|p2a: Trade offer|88\/100|[from] Stealth Rock\n|-ability|p2a: Trade offer|Intimidate|boost\n|-unboost|p1a: Glimmora|atk|1\n|-unboost|p1b: Sinistcha|atk|1\n|-terastallize|p1b: Sinistcha|Steel\n|move|p1a: Glimmora|Mortal Spin|p2a: Trade offer|[spread] p2a,p2b\n|-damage|p2a: Trade offer|86\/100\n|-damage|p2b: Sign here please|70\/100 psn\n|-status|p2a: Trade offer|psn\n|move|p1b: Sinistcha|Matcha Gotcha|p2a: Trade offer|[spread] p2a,p2b\n|-damage|p2a: Trade offer|70\/100 psn\n|-heal|p1b: Sinistcha|50\/100|[from] drain|[of] p2a: Trade offer\n|-damage|p2b: Sign here please|38\/100 psn\n|-heal|p1b: Sinistcha|65\/100|[from] drain|[of] p2b: Sign here please\n|move|p2b: Sign here please|Tailwind|p2b: Sign here please\n|-sidestart|p2: Nrickj132|move: Tailwind\n|\n|-weather|RainDance|[upkeep]\n|-heal|p1b: Sinistcha|71\/100|[from] item: Leftovers\n|-damage|p2a: Trade offer|58\/100 psn|[from] psn\n|-damage|p2b: Sign here please|26\/100 psn|[from] psn\n|upkeep\n|turn|5\n|\n|t:|1698033882\n|move|p1a: Glimmora|Spiky Shield|p1a: Glimmora\n|-singleturn|p1a: Glimmora|move: Protect\n|move|p2a: Trade offer|Skill Swap|p1a: Glimmora\n|-activate|p1a: Glimmora|move: Protect\n|move|p2b: Sign here please|Weather Ball|p1b: Sinistcha\n|-damage|p1b: Sinistcha|15\/100\n|move|p1b: Sinistcha|Matcha Gotcha|p2b: Sign here please|[spread] p2a,p2b\n|-damage|p2a: Trade offer|42\/100 psn\n|-heal|p1b: Sinistcha|22\/100|[from] drain|[of] p2a: Trade offer\n|-damage|p2b: Sign here please|0 fnt\n|-heal|p1b: Sinistcha|34\/100|[from] drain|[of] p2b: Sign here please\n|faint|p2b: Sign here please\n|\n|-weather|RainDance|[upkeep]\n|-heal|p1b: Sinistcha|40\/100|[from] item: Leftovers\n|-damage|p2a: Trade offer|30\/100 psn|[from] psn\n|upkeep\n|inactive|Nrickj132 has 120 seconds left.\n|\n|t:|1698033902\n|switch|p2b: Tazer no2|Regieleki|100\/100\n|-damage|p2b: Tazer no2|88\/100|[from] Stealth Rock\n|turn|6\n|inactive|JmasterSwag has 120 seconds left.\n|\n|t:|1698033952\n|move|p1b: Sinistcha|Rage Powder|p1b: Sinistcha\n|-singleturn|p1b: Sinistcha|move: Rage Powder\n|move|p2b: Tazer no2|Volt Switch|p1b: Sinistcha\n|-damage|p1b: Sinistcha|0 fnt\n|faint|p1b: Sinistcha\n|\n|t:|1698033960\n|switch|p2b: Bop it|Barraskewda, F, shiny|100\/100|[from] Volt Switch\n|-damage|p2b: Bop it|88\/100|[from] Stealth Rock\n|move|p2a: Trade offer|Skill Swap|p1a: Glimmora\n|-activate|p2a: Trade offer|move: Skill Swap|Intimidate|Intimidate|[of] p1a: Glimmora\n|-ability|p2a: Trade offer|Intimidate|boost\n|-unboost|p1a: Glimmora|atk|1\n|-ability|p1a: Glimmora|Intimidate|boost\n|-unboost|p2a: Trade offer|atk|1\n|-unboost|p2b: Bop it|atk|1\n|move|p1a: Glimmora|Earth Power|p2b: Bop it\n|-damage|p2b: Bop it|17\/100\n|\n|-weather|none\n|-damage|p2a: Trade offer|18\/100 psn|[from] psn\n|upkeep\n|c|\u2606Nrickj132|I forgot\n|\n|t:|1698033976\n|switch|p1b: Arcanine|Arcanine, M, shiny|100\/100\n|-ability|p1b: Arcanine|Intimidate|boost\n|-unboost|p2a: Trade offer|atk|1\n|-unboost|p2b: Bop it|atk|1\n|turn|7\n|\n|t:|1698033984\n|move|p2a: Trade offer|Protect|p2a: Trade offer\n|-singleturn|p2a: Trade offer|Protect\n|move|p1b: Arcanine|Extreme Speed|p2b: Bop it\n|-damage|p2b: Bop it|0 fnt\n|faint|p2b: Bop it\n|move|p1a: Glimmora|Mortal Spin|p2a: Trade offer\n|-activate|p2a: Trade offer|move: Protect\n|\n|-damage|p2a: Trade offer|6\/100 psn|[from] psn\n|-sideend|p2: Nrickj132|move: Tailwind\n|upkeep\n|-message|Nrickj132 forfeited.\n|\n|win|JmasterSwag\n|raw|JmasterSwag's rating: 1401 &rarr; <strong>1416<\/strong><br \/>(+15 for winning)\n|raw|Nrickj132's rating: 1314 &rarr; <strong>1299<\/strong><br \/>(-15 for losing)\n|l|\u2606Nrickj132\n","uploadtime":1698034012,"views":16,"p1id":"jmasterswag","p2id":"nrickj132","formatid":"gen9doublesou","rating":1299,"private":0,"password":""}