{"id":"gen9doublesou-1980239939","p1":"New_2_Da_Scene_","p2":"uhdfhadfdaf","format":"[Gen 9] Doubles OU","log":"|j|\u2606New_2_Da_Scene_\n|j|\u2606uhdfhadfdaf\n|t:|1698768832\n|gametype|doubles\n|player|p1|New_2_Da_Scene_|102|1088\n|player|p2|uhdfhadfdaf|cynthia-gen4|1040\n|teamsize|p1|6\n|teamsize|p2|6\n|gen|9\n|tier|[Gen 9] Doubles OU\n|rated|\n|rule|Species Clause: Limit one of each Pok\u00e9mon\n|rule|OHKO Clause: OHKO moves are banned\n|rule|Evasion Moves Clause: Evasion moves are banned\n|rule|Gravity Sleep Clause: The combination of sleep-inducing moves with imperfect accuracy and Gravity or Gigantamax Orbeetle are banned\n|rule|Endless Battle Clause: Forcing endless battles is banned\n|rule|HP Percentage Mod: HP is shown in percentages\n|clearpoke\n|poke|p1|Ogerpon-Cornerstone, F|\n|poke|p1|Tyranitar, M|\n|poke|p1|Munkidori, M|\n|poke|p1|Kommo-o, M|\n|poke|p1|Dugtrio-Alola, F|\n|poke|p1|Tornadus, M|\n|poke|p2|Torterra, F|\n|poke|p2|Golduck, F|\n|poke|p2|Sinistcha-Masterpiece|\n|poke|p2|Sableye, M|\n|poke|p2|Diancie|\n|poke|p2|Corviknight, M|\n|teampreview\n|\n|t:|1698768837\n|start\n|switch|p1a: Tyranitar|Tyranitar, M|100\/100\n|switch|p1b: Ogerpon|Ogerpon-Cornerstone, F|100\/100\n|switch|p2a: Torterra|Torterra, F|100\/100\n|switch|p2b: Golduck|Golduck, F|100\/100\n|-weather|Sandstorm|[from] ability: Sand Stream|[of] p1a: Tyranitar\n|turn|1\n|\n|t:|1698768875\n|move|p2b: Golduck|Simple Beam|p2a: Torterra\n|-endability|p2a: Torterra|Shell Armor|[from] move: Simple Beam\n|-ability|p2a: Torterra|Simple|[from] move: Simple Beam\n|move|p1b: Ogerpon|Horn Leech|p2b: Golduck\n|-supereffective|p2b: Golduck\n|-damage|p2b: Golduck|3\/100\n|move|p2a: Torterra|Shell Smash|p2a: Torterra\n|-unboost|p2a: Torterra|def|2\n|-unboost|p2a: Torterra|spd|2\n|-boost|p2a: Torterra|atk|4\n|-boost|p2a: Torterra|spa|4\n|-boost|p2a: Torterra|spe|4\n|-enditem|p2a: Torterra|White Herb\n|-clearnegativeboost|p2a: Torterra|[silent]\n|move|p1a: Tyranitar|Knock Off|p2a: Torterra\n|-damage|p2a: Torterra|65\/100\n|\n|-weather|Sandstorm|[upkeep]\n|-damage|p2b: Golduck|0 fnt|[from] Sandstorm\n|faint|p2b: Golduck\n|upkeep\n|\n|t:|1698768898\n|switch|p2b: Sinistcha|Sinistcha-Masterpiece|100\/100\n|-heal|p2a: Torterra|90\/100|[from] ability: Hospitality|[of] p2b: Sinistcha\n|turn|2\n|\n|t:|1698768921\n|switch|p2b: Corviknight|Corviknight, M|100\/100\n|move|p2a: Torterra|Earthquake|p1a: Tyranitar|[spread] p1a,p1b\n|-immune|p2b: Corviknight\n|-supereffective|p1a: Tyranitar\n|-damage|p1a: Tyranitar|0 fnt\n|-ability|p1b: Ogerpon|Sturdy\n|-damage|p1b: Ogerpon|1\/100\n|faint|p1a: Tyranitar\n|move|p1b: Ogerpon|Ivy Cudgel|p2a: Torterra\n|-resisted|p2a: Torterra\n|-damage|p2a: Torterra|64\/100\n|\n|-weather|Sandstorm|[upkeep]\n|upkeep\n|\n|t:|1698768935\n|switch|p1a: Tornadus|Tornadus, M|100\/100\n|turn|3\n|inactive|Battle timer is ON: inactive players will automatically lose when time's up. (requested by uhdfhadfdaf)\n|\n|t:|1698768945\n|switch|p2b: Sinistcha|Sinistcha-Masterpiece|100\/100\n|-heal|p2a: Torterra|89\/100|[from] ability: Hospitality|[of] p2b: Sinistcha\n|move|p1a: Tornadus|Tailwind|p1a: Tornadus\n|-sidestart|p1: New_2_Da_Scene_|move: Tailwind\n|move|p2a: Torterra|Rock Slide|p1a: Tornadus|[spread] p1a,p1b\n|-supereffective|p1a: Tornadus\n|-damage|p1a: Tornadus|0 fnt\n|-damage|p1b: Ogerpon|0 fnt\n|faint|p1a: Tornadus\n|faint|p1b: Ogerpon\n|\n|-weather|Sandstorm|[upkeep]\n|-damage|p2b: Sinistcha|94\/100|[from] Sandstorm\n|upkeep\n|\n|t:|1698768959\n|switch|p1a: Munkidori|Munkidori, M|100\/100\n|switch|p1b: Kommo-o|Kommo-o, M|100\/100\n|turn|4\n|\n|t:|1698768976\n|switch|p2b: Corviknight|Corviknight, M|100\/100\n|-terastallize|p2a: Torterra|Steel\n|move|p2a: Torterra|Earthquake|p1a: Munkidori|[spread] p1a,p1b\n|-immune|p2b: Corviknight\n|-supereffective|p1a: Munkidori\n|-crit|p1a: Munkidori\n|-damage|p1a: Munkidori|0 fnt\n|-damage|p1b: Kommo-o|0 fnt\n|faint|p1a: Munkidori\n|faint|p1b: Kommo-o\n|\n|-weather|Sandstorm|[upkeep]\n|upkeep\n|\n|t:|1698768991\n|switch|p1b: Dugtrio|Dugtrio-Alola, F|100\/100\n|turn|5\n|\n|t:|1698768998\n|move|p1b: Dugtrio|Stone Edge|p2a: Torterra|[miss]\n|-miss|p1b: Dugtrio|p2a: Torterra\n|move|p2a: Torterra|Earthquake|p1b: Dugtrio|[spread] p1b\n|-immune|p2b: Corviknight\n|-supereffective|p1b: Dugtrio\n|-damage|p1b: Dugtrio|0 fnt\n|faint|p1b: Dugtrio\n|\n|win|uhdfhadfdaf\n|raw|New_2_Da_Scene_'s rating: 1088 &rarr; <strong>1062<\/strong><br \/>(-26 for losing)\n|raw|uhdfhadfdaf's rating: 1040 &rarr; <strong>1079<\/strong><br \/>(+39 for winning)\n|l|\u2606New_2_Da_Scene_\n","uploadtime":1698769011,"views":21,"p1id":"new2dascene","p2id":"uhdfhadfdaf","formatid":"gen9doublesou","rating":1062,"private":0,"password":""}