{"id":"gen9doublesou-1977052905","p1":"feymaple","p2":"Ruule","format":"[Gen 9] Doubles OU","log":"|j|\u2606feymaple\n|j|\u2606Ruule\n|t:|1698366229\n|gametype|doubles\n|player|p1|feymaple|waitress|1246\n|player|p2|Ruule|backers|1348\n|teamsize|p1|6\n|teamsize|p2|6\n|gen|9\n|tier|[Gen 9] Doubles OU\n|rated|\n|rule|Species Clause: Limit one of each Pok\u00e9mon\n|rule|OHKO Clause: OHKO moves are banned\n|rule|Evasion Moves Clause: Evasion moves are banned\n|rule|Gravity Sleep Clause: The combination of sleep-inducing moves with imperfect accuracy and Gravity or Gigantamax Orbeetle are banned\n|rule|Endless Battle Clause: Forcing endless battles is banned\n|rule|HP Percentage Mod: HP is shown in percentages\n|clearpoke\n|poke|p1|Weezing-Galar, M|\n|poke|p1|Sinistcha-Masterpiece|\n|poke|p1|Goodra-Hisui, M|\n|poke|p1|Gastrodon, M|\n|poke|p1|Mandibuzz, F|\n|poke|p1|Snorlax, M|\n|poke|p2|Torkoal, M|\n|poke|p2|Indeedee-F, F|\n|poke|p2|Dusclops, F|\n|poke|p2|Ursaluna, M|\n|poke|p2|Lilligant-Hisui, F|\n|poke|p2|Amoonguss, M|\n|teampreview\n|\n|t:|1698366242\n|start\n|switch|p1a: Weezing|Weezing-Galar, M|100\/100\n|switch|p1b: Snorlax|Snorlax, M|100\/100\n|switch|p2a: Torkoal|Torkoal, M|100\/100\n|switch|p2b: Lilligant|Lilligant-Hisui, F|100\/100\n|-fieldstart|move: Misty Terrain|[from] ability: Misty Surge|[of] p1a: Weezing\n|-weather|SunnyDay|[from] ability: Drought|[of] p2a: Torkoal\n|turn|1\n|\n|t:|1698366262\n|-terastallize|p1b: Snorlax|Ground\n|move|p2b: Lilligant|After You|p2a: Torkoal\n|-activate|p2a: Torkoal|move: After You\n|move|p2a: Torkoal|Eruption|p1b: Snorlax|[spread] p1a,p1b\n|-damage|p1a: Weezing|0 fnt\n|-damage|p1b: Snorlax|72\/100\n|faint|p1a: Weezing\n|move|p1b: Snorlax|Earthquake|p2a: Torkoal|[spread] p2a,p2b\n|-supereffective|p2a: Torkoal\n|-resisted|p2b: Lilligant\n|-damage|p2a: Torkoal|21\/100\n|-damage|p2b: Lilligant|57\/100\n|\n|-weather|SunnyDay|[upkeep]\n|upkeep\n|\n|t:|1698366279\n|switch|p1a: Sinistcha|Sinistcha-Masterpiece|100\/100\n|-heal|p1b: Snorlax|97\/100|[from] ability: Hospitality|[of] p1a: Sinistcha\n|turn|2\n|\n|t:|1698366312\n|move|p2a: Torkoal|Protect|p2a: Torkoal\n|-singleturn|p2a: Torkoal|Protect\n|move|p2b: Lilligant|Ice Spinner|p1b: Snorlax\n|-supereffective|p1b: Snorlax\n|-crit|p1b: Snorlax\n|-damage|p1b: Snorlax|66\/100\n|-fieldend|Misty Terrain\n|move|p1a: Sinistcha|Shadow Ball|p2b: Lilligant\n|-damage|p2b: Lilligant|8\/100\n|move|p1b: Snorlax|Earthquake|p2a: Torkoal|[spread] p1a,p2b\n|-activate|p2a: Torkoal|move: Protect\n|-resisted|p1a: Sinistcha\n|-crit|p1a: Sinistcha\n|-resisted|p2b: Lilligant\n|-damage|p1a: Sinistcha|71\/100\n|-damage|p2b: Lilligant|0 fnt\n|faint|p2b: Lilligant\n|\n|-weather|SunnyDay|[upkeep]\n|upkeep\n|\n|t:|1698366327\n|switch|p2b: Ursaluna|Ursaluna, M|100\/100\n|turn|3\n|\n|t:|1698366344\n|switch|p2a: Dusclops|Dusclops, F|100\/100\n|-ability|p2a: Dusclops|Pressure\n|move|p2b: Ursaluna|Protect|p2b: Ursaluna\n|-singleturn|p2b: Ursaluna|Protect\n|move|p1a: Sinistcha|Matcha Gotcha|p2a: Dusclops|[spread] \n|-activate|p2b: Ursaluna|move: Protect\n|-miss|p1a: Sinistcha|p2a: Dusclops\n|move|p1b: Snorlax|Earthquake|p2a: Dusclops|[spread] p1a,p2a\n|-activate|p2b: Ursaluna|move: Protect\n|-resisted|p1a: Sinistcha\n|-damage|p1a: Sinistcha|52\/100\n|-damage|p2a: Dusclops|69\/100\n|\n|-weather|SunnyDay|[upkeep]\n|-status|p2b: Ursaluna|brn|[from] item: Flame Orb\n|upkeep\n|turn|4\n|\n|t:|1698366369\n|move|p1a: Sinistcha|Matcha Gotcha|p2a: Dusclops|[spread] p2a,p2b\n|-supereffective|p2b: Ursaluna\n|-damage|p2a: Dusclops|55\/100\n|-heal|p1a: Sinistcha|58\/100|[from] drain|[of] p2a: Dusclops\n|-damage|p2b: Ursaluna|62\/100 brn\n|-heal|p1a: Sinistcha|82\/100|[from] drain|[of] p2b: Ursaluna\n|move|p2b: Ursaluna|Facade|p1b: Snorlax\n|-damage|p1b: Snorlax|0 fnt\n|faint|p1b: Snorlax\n|move|p2a: Dusclops|Night Shade|p1a: Sinistcha\n|-damage|p1a: Sinistcha|53\/100\n|\n|-weather|SunnyDay|[upkeep]\n|-damage|p2b: Ursaluna|55\/100 brn|[from] brn\n|upkeep\n|\n|t:|1698366385\n|switch|p1b: Mandibuzz|Mandibuzz, F|100\/100\n|turn|5\n|\n|t:|1698366405\n|move|p1b: Mandibuzz|Foul Play|p2b: Ursaluna\n|-damage|p2b: Ursaluna|17\/100 brn\n|move|p1a: Sinistcha|Matcha Gotcha|p2a: Dusclops|[spread] p2a\n|-miss|p1a: Sinistcha|p2b: Ursaluna\n|-damage|p2a: Dusclops|40\/100\n|-heal|p1a: Sinistcha|59\/100|[from] drain|[of] p2a: Dusclops\n|move|p2b: Ursaluna|Headlong Rush|p1a: Sinistcha\n|-resisted|p1a: Sinistcha\n|-damage|p1a: Sinistcha|28\/100\n|-unboost|p2b: Ursaluna|def|1\n|-unboost|p2b: Ursaluna|spd|1\n|move|p2a: Dusclops|Pain Split|p1b: Mandibuzz\n|-sethp|p1b: Mandibuzz|64\/100|[from] move: Pain Split|[silent]\n|-sethp|p2a: Dusclops|95\/100|[from] move: Pain Split\n|\n|-weather|none\n|-heal|p1b: Mandibuzz|70\/100|[from] item: Leftovers\n|-damage|p2b: Ursaluna|11\/100 brn|[from] brn\n|upkeep\n|turn|6\n|\n|t:|1698366432\n|move|p2b: Ursaluna|Protect|p2b: Ursaluna\n|-singleturn|p2b: Ursaluna|Protect\n|move|p1a: Sinistcha|Matcha Gotcha|p2b: Ursaluna|[spread] p2a\n|-activate|p2b: Ursaluna|move: Protect\n|-damage|p2a: Dusclops|81\/100\n|-heal|p1a: Sinistcha|33\/100|[from] drain|[of] p2a: Dusclops\n|move|p1b: Mandibuzz|Whirlwind|p2a: Dusclops\n|drag|p2a: Indeedee|Indeedee-F, F|100\/100\n|-fieldstart|move: Psychic Terrain|[from] ability: Psychic Surge|[of] p2a: Indeedee\n|\n|-heal|p1b: Mandibuzz|76\/100|[from] item: Leftovers\n|-damage|p2b: Ursaluna|5\/100 brn|[from] brn\n|upkeep\n|turn|7\n|\n|t:|1698366476\n|move|p1b: Mandibuzz|Foul Play|p2b: Ursaluna\n|-damage|p2b: Ursaluna|0 fnt\n|faint|p2b: Ursaluna\n|move|p2a: Indeedee|Psychic|p1a: Sinistcha\n|-damage|p1a: Sinistcha|0 fnt\n|faint|p1a: Sinistcha\n|\n|-heal|p1b: Mandibuzz|82\/100|[from] item: Leftovers\n|upkeep\n|\n|t:|1698366490\n|switch|p1a: Goodra|Goodra-Hisui, M|100\/100\n|switch|p2b: Dusclops|Dusclops, F|81\/100\n|-ability|p2b: Dusclops|Pressure\n|turn|8\n|\n|t:|1698366520\n|switch|p2a: Amoonguss|Amoonguss, M|100\/100\n|move|p1b: Mandibuzz|Brave Bird|p2a: Amoonguss\n|-supereffective|p2a: Amoonguss\n|-damage|p2a: Amoonguss|50\/100\n|-enditem|p2a: Amoonguss|Sitrus Berry|[eat]\n|-heal|p2a: Amoonguss|75\/100|[from] item: Sitrus Berry\n|-damage|p1b: Mandibuzz|65\/100|[from] Recoil\n|move|p1a: Goodra|Flash Cannon|p2b: Dusclops\n|-damage|p2b: Dusclops|58\/100\n|move|p2b: Dusclops|Night Shade|p1b: Mandibuzz\n|-damage|p1b: Mandibuzz|42\/100\n|\n|-heal|p1b: Mandibuzz|48\/100|[from] item: Leftovers\n|upkeep\n|turn|9\n|\n|t:|1698366560\n|move|p1b: Mandibuzz|Brave Bird|p2a: Amoonguss\n|-supereffective|p2a: Amoonguss\n|-damage|p2a: Amoonguss|28\/100\n|-damage|p1b: Mandibuzz|32\/100|[from] Recoil\n|move|p1a: Goodra|Life Dew||[still]|[spread] p1a,p1b\n|-fail|p1a: Goodra|heal\n|-heal|p1b: Mandibuzz|57\/100\n|move|p2a: Amoonguss|Pollen Puff|p1b: Mandibuzz\n|-damage|p1b: Mandibuzz|41\/100\n|move|p2b: Dusclops|Night Shade|p1b: Mandibuzz\n|-damage|p1b: Mandibuzz|17\/100\n|\n|-heal|p1b: Mandibuzz|24\/100|[from] item: Leftovers\n|upkeep\n|turn|10\n|\n|t:|1698366594\n|-terastallize|p2a: Amoonguss|Water\n|move|p1b: Mandibuzz|Protect|p1b: Mandibuzz\n|-singleturn|p1b: Mandibuzz|Protect\n|move|p2a: Amoonguss|Protect|p2a: Amoonguss\n|-singleturn|p2a: Amoonguss|Protect\n|move|p1a: Goodra|Life Dew||[still]|[spread] p1a,p1b\n|-fail|p1a: Goodra|heal\n|-heal|p1b: Mandibuzz|49\/100\n|move|p2b: Dusclops|Night Shade|p1b: Mandibuzz\n|-activate|p1b: Mandibuzz|move: Protect\n|\n|-heal|p1b: Mandibuzz|55\/100|[from] item: Leftovers\n|-fieldend|move: Psychic Terrain\n|upkeep\n|turn|11\n|\n|t:|1698366623\n|move|p1b: Mandibuzz|Brave Bird|p2b: Dusclops\n|-damage|p2b: Dusclops|39\/100\n|-damage|p1b: Mandibuzz|51\/100|[from] Recoil\n|move|p1a: Goodra|Thunderbolt|p2a: Amoonguss\n|-supereffective|p2a: Amoonguss\n|-damage|p2a: Amoonguss|0 fnt\n|faint|p2a: Amoonguss\n|move|p2b: Dusclops|Night Shade|p1b: Mandibuzz\n|-damage|p1b: Mandibuzz|27\/100\n|\n|-heal|p1b: Mandibuzz|33\/100|[from] item: Leftovers\n|upkeep\n|\n|t:|1698366636\n|switch|p2a: Torkoal|Torkoal, M|21\/100\n|-weather|SunnyDay|[from] ability: Drought|[of] p2a: Torkoal\n|turn|12\n|\n|t:|1698366656\n|move|p1b: Mandibuzz|Protect|p1b: Mandibuzz\n|-singleturn|p1b: Mandibuzz|Protect\n|move|p2a: Torkoal|Protect|p2a: Torkoal\n|-singleturn|p2a: Torkoal|Protect\n|move|p1a: Goodra|Draco Meteor|p2a: Torkoal\n|-activate|p2a: Torkoal|move: Protect\n|move|p2b: Dusclops|Trick Room|p2b: Dusclops\n|-fieldstart|move: Trick Room|[of] p2b: Dusclops\n|\n|-weather|SunnyDay|[upkeep]\n|-heal|p1b: Mandibuzz|39\/100|[from] item: Leftovers\n|upkeep\n|turn|13\n|\n|t:|1698366680\n|move|p2a: Torkoal|Heat Wave|p1b: Mandibuzz|[spread] p1a,p1b\n|-crit|p1b: Mandibuzz\n|-damage|p1a: Goodra|63\/100\n|-damage|p1b: Mandibuzz|0 fnt\n|faint|p1b: Mandibuzz\n|move|p2b: Dusclops|Pain Split|p1a: Goodra\n|-sethp|p1a: Goodra|47\/100|[from] move: Pain Split|[silent]\n|-sethp|p2b: Dusclops|60\/100|[from] move: Pain Split\n|move|p1a: Goodra|Draco Meteor|p2a: Torkoal\n|-damage|p2a: Torkoal|0 fnt\n|-unboost|p1a: Goodra|spa|2\n|faint|p2a: Torkoal\n|\n|-weather|SunnyDay|[upkeep]\n|upkeep\n|\n|t:|1698366696\n|switch|p2a: Indeedee|Indeedee-F, F|100\/100\n|switch|p1b: Gastrodon|Gastrodon, M|100\/100\n|-fieldstart|move: Psychic Terrain|[from] ability: Psychic Surge|[of] p2a: Indeedee\n|turn|14\n|\n|t:|1698366725\n|move|p2b: Dusclops|Night Shade|p1a: Goodra\n|-damage|p1a: Goodra|19\/100\n|-enditem|p1a: Goodra|Wiki Berry|[eat]\n|-heal|p1a: Goodra|53\/100|[from] item: Wiki Berry\n|move|p1b: Gastrodon|Yawn|p2a: Indeedee\n|-start|p2a: Indeedee|move: Yawn|[of] p1b: Gastrodon\n|move|p1a: Goodra|Life Dew|p1a: Goodra|[spread] p1a\n|-ability|p1b: Gastrodon|Storm Drain|boost\n|-boost|p1b: Gastrodon|spa|1\n|-heal|p1a: Goodra|78\/100\n|move|p2a: Indeedee|Psychic|p1a: Goodra\n|-resisted|p1a: Goodra\n|-damage|p1a: Goodra|66\/100\n|\n|-weather|SunnyDay|[upkeep]\n|upkeep\n|turn|15\n|\n|t:|1698366754\n|move|p2b: Dusclops|Night Shade|p1b: Gastrodon\n|-damage|p1b: Gastrodon|77\/100\n|move|p1b: Gastrodon|Yawn|p2b: Dusclops\n|-start|p2b: Dusclops|move: Yawn|[of] p1b: Gastrodon\n|move|p1a: Goodra|Life Dew|p1a: Goodra|[spread] p1a\n|-ability|p1b: Gastrodon|Storm Drain|boost\n|-boost|p1b: Gastrodon|spa|1\n|-heal|p1a: Goodra|91\/100\n|move|p2a: Indeedee|Psychic|p1b: Gastrodon\n|-damage|p1b: Gastrodon|38\/100\n|-unboost|p1b: Gastrodon|spd|1\n|\n|-weather|SunnyDay|[upkeep]\n|-end|p2a: Indeedee|move: Yawn|[silent]\n|-status|p2a: Indeedee|slp\n|upkeep\n|turn|16\n|\n|t:|1698366781\n|move|p2b: Dusclops|Pain Split|p1a: Goodra\n|-sethp|p1a: Goodra|69\/100|[from] move: Pain Split|[silent]\n|-sethp|p2b: Dusclops|88\/100|[from] move: Pain Split\n|move|p1b: Gastrodon|Surf|p2a: Indeedee|[spread] p1a,p2a,p2b\n|-resisted|p1a: Goodra\n|-damage|p1a: Goodra|59\/100\n|-damage|p2a: Indeedee|79\/100 slp\n|-damage|p2b: Dusclops|72\/100\n|move|p1a: Goodra|Flash Cannon|p2a: Indeedee\n|-damage|p2a: Indeedee|66\/100 slp\n|cant|p2a: Indeedee|slp\n|\n|-weather|none\n|-end|p2b: Dusclops|move: Yawn|[silent]\n|-status|p2b: Dusclops|slp\n|-fieldend|move: Trick Room\n|upkeep\n|turn|17\n|\n|t:|1698366809\n|cant|p2a: Indeedee|slp\n|move|p1a: Goodra|Life Dew|p1a: Goodra|[spread] p1a\n|-ability|p1b: Gastrodon|Storm Drain|boost\n|-boost|p1b: Gastrodon|spa|1\n|-heal|p1a: Goodra|84\/100\n|move|p1b: Gastrodon|Earth Power|p2b: Dusclops\n|-damage|p2b: Dusclops|11\/100 slp\n|cant|p2b: Dusclops|slp\n|\n|upkeep\n|turn|18\n|\n|t:|1698366828\n|move|p1a: Goodra|Life Dew|p1a: Goodra|[spread] p1a\n|-ability|p1b: Gastrodon|Storm Drain|boost\n|-boost|p1b: Gastrodon|spa|1\n|-heal|p1a: Goodra|100\/100\n|move|p1b: Gastrodon|Icy Wind|p2b: Dusclops|[spread] p2b\n|-miss|p1b: Gastrodon|p2a: Indeedee\n|-damage|p2b: Dusclops|0 fnt\n|faint|p2b: Dusclops\n|cant|p2a: Indeedee|slp\n|\n|-fieldend|move: Psychic Terrain\n|upkeep\n|turn|19\n|c|\u2606Ruule|gg\n|\n|t:|1698366846\n|-curestatus|p2a: Indeedee|slp|[msg]\n|move|p2a: Indeedee|Psychic|p1b: Gastrodon\n|-damage|p1b: Gastrodon|0 fnt\n|faint|p1b: Gastrodon\n|move|p1a: Goodra|Draco Meteor|p2a: Indeedee\n|-damage|p2a: Indeedee|43\/100\n|-unboost|p1a: Goodra|spa|2\n|-enditem|p2a: Indeedee|Sitrus Berry|[eat]\n|-heal|p2a: Indeedee|68\/100|[from] item: Sitrus Berry\n|\n|upkeep\n|turn|20\n|\n|t:|1698366862\n|move|p2a: Indeedee|Psychic|p1a: Goodra\n|-resisted|p1a: Goodra\n|-damage|p1a: Goodra|91\/100\n|move|p1a: Goodra|Flash Cannon|p2a: Indeedee\n|-damage|p2a: Indeedee|58\/100\n|\n|upkeep\n|turn|21\n|\n|t:|1698366869\n|move|p2a: Indeedee|Psychic|p1a: Goodra\n|-resisted|p1a: Goodra\n|-damage|p1a: Goodra|80\/100\n|move|p1a: Goodra|Flash Cannon|p2a: Indeedee\n|-damage|p2a: Indeedee|49\/100\n|\n|upkeep\n|turn|22\n|\n|t:|1698366877\n|move|p2a: Indeedee|Psychic|p1a: Goodra\n|-resisted|p1a: Goodra\n|-damage|p1a: Goodra|71\/100\n|move|p1a: Goodra|Flash Cannon|p2a: Indeedee\n|-damage|p2a: Indeedee|39\/100\n|\n|upkeep\n|turn|23\n|\n|t:|1698366884\n|move|p2a: Indeedee|Psychic|p1a: Goodra\n|-resisted|p1a: Goodra\n|-damage|p1a: Goodra|61\/100\n|-unboost|p1a: Goodra|spd|1\n|move|p1a: Goodra|Flash Cannon|p2a: Indeedee\n|-damage|p2a: Indeedee|30\/100\n|\n|upkeep\n|turn|24\n|\n|t:|1698366893\n|move|p2a: Indeedee|Psychic|p1a: Goodra\n|-resisted|p1a: Goodra\n|-damage|p1a: Goodra|45\/100\n|move|p1a: Goodra|Flash Cannon|p2a: Indeedee\n|-damage|p2a: Indeedee|21\/100\n|\n|upkeep\n|turn|25\n|\n|t:|1698366901\n|move|p2a: Indeedee|Psychic|p1a: Goodra\n|-resisted|p1a: Goodra\n|-damage|p1a: Goodra|31\/100\n|move|p1a: Goodra|Flash Cannon|p2a: Indeedee\n|-damage|p2a: Indeedee|11\/100\n|\n|upkeep\n|turn|26\n|\n|t:|1698366909\n|move|p2a: Indeedee|Psychic|p1a: Goodra\n|-resisted|p1a: Goodra\n|-damage|p1a: Goodra|16\/100\n|move|p1a: Goodra|Draco Meteor|p2a: Indeedee\n|-damage|p2a: Indeedee|0 fnt\n|-unboost|p1a: Goodra|spa|2\n|faint|p2a: Indeedee\n|\n|win|feymaple\n|raw|feymaple's rating: 1246 &rarr; <strong>1278<\/strong><br \/>(+32 for winning)\n|raw|Ruule's rating: 1348 &rarr; <strong>1322<\/strong><br \/>(-26 for losing)\n|c|\u2606feymaple|Ggwp\n|c|\u2606Ruule|i like life dew with storm drain\n|c|\u2606feymaple|It's a good combo\n|c|\u2606feymaple|It make gastro a good back up win con\n|c|\u2606Ruule|this is the first ive seen it, but its a great idea!\n|c|\u2606Ruule|i was to worries about sap sipper to try spore\n|c|\u2606Ruule|i was to worried about sap sipper to try spore\n|c|\u2606feymaple|I was running sap sipper so you guessed right\n|c|\u2606feymaple|How's dusclops done for you most games? I've been seeing it a lot lately\n|c|\u2606Ruule|hes so tanky, hes puts in work consistently\n|c|\u2606feymaple|Nice\n|c|\u2606Ruule|pain spiit and pollen puff make him hard to take out\n|c|\u2606feymaple|I'm glad to see the lad is getting play after all these years\n|c|\u2606Ruule|well and eviolite makes both def stats like 500\n|c|\u2606Ruule|hes been a fav of mine for a long time\n|c|\u2606feymaple|I actually really like his design\n|c|\u2606Ruule|its the closest thing to a skeleton in the whole franchise\n|c|\u2606feymaple|I just never had a team that he works well with\n|c|\u2606Ruule|well a skull at least\n|c|\u2606feymaple|There's also his baby form\n|c|\u2606Ruule|ive used him for stall teams in the past\n|c|\u2606Ruule|right the whole line is a fun death motif\n|c|\u2606feymaple|It's honestly really creative I wish there were more like it tbh\n","uploadtime":1698367316,"views":18,"p1id":"feymaple","p2id":"ruule","formatid":"gen9doublesou","rating":1278,"private":0,"password":""}