{"id":"gen9doublesou-1976429715","p1":"SucroseSuplex","p2":"ACM 06","format":"[Gen 9] Doubles OU","log":"|j|\u2606SucroseSuplex\n|j|\u2606ACM 06\n|t:|1698301955\n|gametype|doubles\n|player|p1|SucroseSuplex|harlequin|1173\n|player|p2|ACM 06|veteran|1310\n|teamsize|p1|6\n|teamsize|p2|6\n|gen|9\n|tier|[Gen 9] Doubles OU\n|rated|\n|rule|Species Clause: Limit one of each Pok\u00e9mon\n|rule|OHKO Clause: OHKO moves are banned\n|rule|Evasion Moves Clause: Evasion moves are banned\n|rule|Gravity Sleep Clause: The combination of sleep-inducing moves with imperfect accuracy and Gravity or Gigantamax Orbeetle are banned\n|rule|Endless Battle Clause: Forcing endless battles is banned\n|rule|HP Percentage Mod: HP is shown in percentages\n|clearpoke\n|poke|p1|Clefairy, M|\n|poke|p1|Sinistcha|\n|poke|p1|Kommo-o, M|\n|poke|p1|Arcanine-Hisui, F|\n|poke|p1|Weezing-Galar, M|\n|poke|p1|Landorus-Therian, M|\n|poke|p2|Okidogi, M|\n|poke|p2|Roaring Moon|\n|poke|p2|Gyarados, M|\n|poke|p2|Gholdengo|\n|poke|p2|Rillaboom, M|\n|poke|p2|Chien-Pao|\n|teampreview\n|\n|t:|1698301960\n|start\n|switch|p1a: Kommo-o|Kommo-o, M|100\/100\n|switch|p1b: Landorus|Landorus-Therian, M|100\/100\n|switch|p2a: Okidogi|Okidogi, M|100\/100\n|switch|p2b: Roaring Moon|Roaring Moon|100\/100\n|-ability|p1b: Landorus|Intimidate|boost\n|-ability|p2a: Okidogi|Guard Dog|boost\n|-boost|p2a: Okidogi|atk|1\n|-unboost|p2b: Roaring Moon|atk|1\n|-enditem|p2b: Roaring Moon|Booster Energy\n|-activate|p2b: Roaring Moon|ability: Protosynthesis|[fromitem]\n|-start|p2b: Roaring Moon|protosynthesisspe\n|turn|1\n|inactive|Battle timer is ON: inactive players will automatically lose when time's up. (requested by ACM 06)\n|\n|t:|1698301988\n|-terastallize|p2a: Okidogi|Fairy\n|-terastallize|p1a: Kommo-o|Steel\n|move|p2b: Roaring Moon|Acrobatics|p1a: Kommo-o\n|-resisted|p1a: Kommo-o\n|-damage|p1a: Kommo-o|92\/100\n|move|p1b: Landorus|U-turn|p2b: Roaring Moon\n|-supereffective|p2b: Roaring Moon\n|-damage|p2b: Roaring Moon|31\/100\n|\n|t:|1698301996\n|switch|p1b: Clefairy|Clefairy, M|100\/100|[from] U-turn\n|move|p2a: Okidogi|Bulk Up|p2a: Okidogi\n|-boost|p2a: Okidogi|atk|1\n|-boost|p2a: Okidogi|def|1\n|move|p1a: Kommo-o|Clangorous Soul|p1a: Kommo-o\n|-boost|p1a: Kommo-o|atk|1\n|-boost|p1a: Kommo-o|def|1\n|-boost|p1a: Kommo-o|spa|1\n|-boost|p1a: Kommo-o|spd|1\n|-boost|p1a: Kommo-o|spe|1\n|-damage|p1a: Kommo-o|59\/100\n|-enditem|p1a: Kommo-o|Throat Spray\n|-boost|p1a: Kommo-o|spa|1|[from] item: Throat Spray\n|\n|upkeep\n|turn|2\n|\n|t:|1698302015\n|move|p2b: Roaring Moon|Tailwind|p2b: Roaring Moon\n|-sidestart|p2: ACM 06|move: Tailwind\n|move|p2a: Okidogi|Drain Punch|p1a: Kommo-o\n|-supereffective|p1a: Kommo-o\n|-damage|p1a: Kommo-o|13\/100\n|move|p1a: Kommo-o|Flash Cannon|p2a: Okidogi\n|-supereffective|p2a: Okidogi\n|-damage|p2a: Okidogi|0 fnt\n|faint|p2a: Okidogi\n|move|p1b: Clefairy|Heal Pulse|p1a: Kommo-o\n|-heal|p1a: Kommo-o|63\/100\n|\n|upkeep\n|\n|t:|1698302032\n|switch|p2a: Gholdengo|Gholdengo|100\/100\n|turn|3\n|\n|t:|1698302042\n|move|p1b: Clefairy|Follow Me|p1b: Clefairy\n|-singleturn|p1b: Clefairy|move: Follow Me\n|move|p2b: Roaring Moon|Knock Off|p1b: Clefairy\n|-resisted|p1b: Clefairy\n|-damage|p1b: Clefairy|79\/100\n|-enditem|p1b: Clefairy|Eviolite|[from] move: Knock Off|[of] p2b: Roaring Moon\n|move|p2a: Gholdengo|Make It Rain|p1b: Clefairy|[spread] p1a,p1b\n|-resisted|p1a: Kommo-o\n|-supereffective|p1b: Clefairy\n|-damage|p1a: Kommo-o|47\/100\n|-damage|p1b: Clefairy|0 fnt\n|-unboost|p2a: Gholdengo|spa|1\n|faint|p1b: Clefairy\n|move|p1a: Kommo-o|Flash Cannon|p2b: Roaring Moon\n|-damage|p2b: Roaring Moon|0 fnt\n|faint|p2b: Roaring Moon\n|-end|p2b: Roaring Moon|Protosynthesis|[silent]\n|\n|upkeep\n|\n|t:|1698302058\n|switch|p2b: Chien-Pao|Chien-Pao|100\/100\n|switch|p1b: Sinistcha|Sinistcha|100\/100\n|-ability|p2b: Chien-Pao|Sword of Ruin\n|-heal|p1a: Kommo-o|72\/100|[from] ability: Hospitality|[of] p1b: Sinistcha\n|turn|4\n|\n|t:|1698302068\n|switch|p1b: Weezing|Weezing-Galar, M|100\/100\n|-ability|p1b: Weezing|Neutralizing Gas\n|move|p2b: Chien-Pao|Lash Out|p1b: Weezing\n|-resisted|p1b: Weezing\n|-damage|p1b: Weezing|84\/100\n|move|p2a: Gholdengo|Make It Rain|p1b: Weezing|[spread] p1a,p1b\n|-resisted|p1a: Kommo-o\n|-supereffective|p1b: Weezing\n|-damage|p1a: Kommo-o|58\/100\n|-damage|p1b: Weezing|0 fnt\n|-unboost|p2a: Gholdengo|spa|1\n|faint|p1b: Weezing\n|-end|p1b: Weezing|ability: Neutralizing Gas\n|-ability|p2b: Chien-Pao|Sword of Ruin\n|move|p1a: Kommo-o|Flash Cannon|p2b: Chien-Pao\n|-supereffective|p2b: Chien-Pao\n|-enditem|p2b: Chien-Pao|Focus Sash\n|-damage|p2b: Chien-Pao|1\/100\n|\n|upkeep\n|\n|t:|1698302087\n|switch|p1b: Landorus|Landorus-Therian, M|100\/100\n|-ability|p1b: Landorus|Intimidate|boost\n|-unboost|p2a: Gholdengo|atk|1\n|-unboost|p2b: Chien-Pao|atk|1\n|turn|5\n|\n|t:|1698302109\n|move|p2b: Chien-Pao|Lash Out|p1a: Kommo-o\n|-damage|p1a: Kommo-o|43\/100\n|move|p2a: Gholdengo|Make It Rain|p1a: Kommo-o|[spread] p1a,p1b\n|-resisted|p1a: Kommo-o\n|-crit|p1b: Landorus\n|-damage|p1a: Kommo-o|32\/100\n|-damage|p1b: Landorus|0 fnt\n|-unboost|p2a: Gholdengo|spa|1\n|faint|p1b: Landorus\n|move|p1a: Kommo-o|Flash Cannon|p2a: Gholdengo\n|-resisted|p2a: Gholdengo\n|-crit|p2a: Gholdengo\n|-damage|p2a: Gholdengo|50\/100\n|\n|-sideend|p2: ACM 06|move: Tailwind\n|upkeep\n|\n|t:|1698302123\n|switch|p1b: Sinistcha|Sinistcha|100\/100\n|-heal|p1a: Kommo-o|57\/100|[from] ability: Hospitality|[of] p1b: Sinistcha\n|turn|6\n|\n|t:|1698302136\n|switch|p1b: Arcanine|Arcanine-Hisui, F|100\/100\n|-ability|p1b: Arcanine|Intimidate|boost\n|-unboost|p2a: Gholdengo|atk|1\n|-unboost|p2b: Chien-Pao|atk|1\n|move|p2b: Chien-Pao|Icicle Crash|p1b: Arcanine\n|-resisted|p1b: Arcanine\n|-damage|p1b: Arcanine|82\/100\n|move|p2a: Gholdengo|Make It Rain|p1a: Kommo-o|[spread] p1a,p1b\n|-resisted|p1a: Kommo-o\n|-damage|p1a: Kommo-o|49\/100\n|-damage|p1b: Arcanine|49\/100\n|-unboost|p2a: Gholdengo|spa|1\n|move|p1a: Kommo-o|Clanging Scales|p2b: Chien-Pao|[spread] p2a,p2b\n|-resisted|p2a: Gholdengo\n|-damage|p2a: Gholdengo|15\/100\n|-damage|p2b: Chien-Pao|0 fnt\n|faint|p2b: Chien-Pao\n|-unboost|p1a: Kommo-o|def|1\n|\n|upkeep\n|\n|t:|1698302145\n|switch|p2b: Gyarados|Gyarados, M, shiny|100\/100\n|-ability|p2b: Gyarados|Intimidate|boost\n|-unboost|p1a: Kommo-o|atk|1\n|-unboost|p1b: Arcanine|atk|1\n|turn|7\n|\n|t:|1698302161\n|switch|p1b: Sinistcha|Sinistcha|100\/100\n|-heal|p1a: Kommo-o|73\/100|[from] ability: Hospitality|[of] p1b: Sinistcha\n|move|p2a: Gholdengo|Make It Rain|p1b: Sinistcha|[spread] p1a,p1b\n|-resisted|p1a: Kommo-o\n|-damage|p1a: Kommo-o|66\/100\n|-damage|p1b: Sinistcha|72\/100\n|-unboost|p2a: Gholdengo|spa|1\n|move|p1a: Kommo-o|Flash Cannon|p2b: Gyarados\n|-resisted|p2b: Gyarados\n|-damage|p2b: Gyarados|85\/100\n|move|p2b: Gyarados|Waterfall|p1b: Sinistcha\n|-resisted|p1b: Sinistcha\n|-damage|p1b: Sinistcha|57\/100\n|\n|upkeep\n|turn|8\n|\n|t:|1698302181\n|switch|p2a: Rillaboom|Rillaboom, M|100\/100\n|-fieldstart|move: Grassy Terrain|[from] ability: Grassy Surge|[of] p2a: Rillaboom\n|move|p1a: Kommo-o|Flash Cannon|p2a: Rillaboom\n|-damage|p2a: Rillaboom|49\/100\n|move|p2b: Gyarados|Taunt|p1b: Sinistcha\n|-start|p1b: Sinistcha|move: Taunt\n|move|p1b: Sinistcha|Matcha Gotcha|p2a: Rillaboom|[spread] p2a,p2b\n|-resisted|p2a: Rillaboom\n|-damage|p2a: Rillaboom|31\/100\n|-heal|p1b: Sinistcha|66\/100|[from] drain|[of] p2a: Rillaboom\n|-damage|p2b: Gyarados|56\/100\n|-heal|p1b: Sinistcha|82\/100|[from] drain|[of] p2b: Gyarados\n|\n|-heal|p2a: Rillaboom|37\/100|[from] Grassy Terrain\n|-heal|p1a: Kommo-o|73\/100|[from] Grassy Terrain\n|-heal|p1b: Sinistcha|88\/100|[from] Grassy Terrain\n|upkeep\n|turn|9\n|\n|t:|1698302203\n|move|p2a: Rillaboom|Fake Out|p1a: Kommo-o\n|-resisted|p1a: Kommo-o\n|-damage|p1a: Kommo-o|69\/100\n|cant|p1a: Kommo-o|flinch\n|move|p2b: Gyarados|Waterfall|p1b: Sinistcha\n|-resisted|p1b: Sinistcha\n|-damage|p1b: Sinistcha|73\/100\n|move|p1b: Sinistcha|Matcha Gotcha|p2b: Gyarados|[spread] p2a,p2b\n|-resisted|p2a: Rillaboom\n|-damage|p2a: Rillaboom|18\/100\n|-heal|p1b: Sinistcha|83\/100|[from] drain|[of] p2a: Rillaboom\n|-damage|p2b: Gyarados|29\/100\n|-heal|p1b: Sinistcha|98\/100|[from] drain|[of] p2b: Gyarados\n|-status|p2b: Gyarados|brn\n|\n|-heal|p2a: Rillaboom|24\/100|[from] Grassy Terrain\n|-heal|p1a: Kommo-o|75\/100|[from] Grassy Terrain\n|-heal|p1b: Sinistcha|100\/100|[from] Grassy Terrain\n|-damage|p2b: Gyarados|23\/100 brn|[from] brn\n|upkeep\n|turn|10\n|\n|t:|1698302225\n|move|p2b: Gyarados|Protect|p2b: Gyarados\n|-singleturn|p2b: Gyarados|Protect\n|move|p2a: Rillaboom|Wood Hammer|p1a: Kommo-o\n|-resisted|p1a: Kommo-o\n|-damage|p1a: Kommo-o|53\/100\n|-damage|p2a: Rillaboom|16\/100|[from] Recoil\n|move|p1a: Kommo-o|Clanging Scales|p2b: Gyarados|[spread] p2a\n|-activate|p2b: Gyarados|move: Protect\n|-damage|p2a: Rillaboom|0 fnt\n|faint|p2a: Rillaboom\n|-unboost|p1a: Kommo-o|def|1\n|move|p1b: Sinistcha|Matcha Gotcha|p2b: Gyarados\n|-activate|p2b: Gyarados|move: Protect\n|\n|-heal|p1a: Kommo-o|60\/100|[from] Grassy Terrain\n|-damage|p2b: Gyarados|17\/100 brn|[from] brn\n|-end|p1b: Sinistcha|move: Taunt\n|upkeep\n|-message|ACM 06 forfeited.\n|\n|win|SucroseSuplex\n|raw|SucroseSuplex's rating: 1173 &rarr; <strong>1207<\/strong><br \/>(+34 for winning)\n|raw|ACM 06's rating: 1310 &rarr; <strong>1282<\/strong><br \/>(-28 for losing)\n|l|\u2606ACM 06\n","uploadtime":1698302270,"views":25,"p1id":"sucrosesuplex","p2id":"acm06","formatid":"gen9doublesou","rating":1207,"private":0,"password":""}