{"id":"gen9doublesou-1971384505","p1":"GonzaJ","p2":"Throw Games","format":"[Gen 9] Doubles OU","log":"|j|\u2606GonzaJ\n|j|\u2606Throw Games\n|t:|1697734290\n|gametype|doubles\n|player|p1|GonzaJ|psychic-gen4|1487\n|player|p2|Throw Games|clay|1561\n|teamsize|p1|6\n|teamsize|p2|6\n|gen|9\n|tier|[Gen 9] Doubles OU\n|rated|\n|rule|Species Clause: Limit one of each Pok\u00e9mon\n|rule|OHKO Clause: OHKO moves are banned\n|rule|Evasion Moves Clause: Evasion moves are banned\n|rule|Gravity Sleep Clause: The combination of sleep-inducing moves with imperfect accuracy and Gravity or Gigantamax Orbeetle are banned\n|rule|Endless Battle Clause: Forcing endless battles is banned\n|rule|HP Percentage Mod: HP is shown in percentages\n|clearpoke\n|poke|p1|Glimmora, F|\n|poke|p1|Wo-Chien|\n|poke|p1|Ting-Lu|\n|poke|p1|Chansey, F|\n|poke|p1|Okidogi, M|\n|poke|p1|Arcanine, M|\n|poke|p2|Gholdengo|\n|poke|p2|Chi-Yu|\n|poke|p2|Landorus-Therian, M|\n|poke|p2|Tyranitar, M|\n|poke|p2|Sinistcha-Masterpiece|\n|poke|p2|Cresselia, F|\n|teampreview\n|inactive|Battle timer is ON: inactive players will automatically lose when time's up. (requested by Throw Games)\n|\n|t:|1697734306\n|start\n|switch|p1a: Ting-Lu|Ting-Lu|100\/100\n|switch|p1b: Okidogi|Okidogi, M|100\/100\n|switch|p2a: Chi-Yu|Chi-Yu|100\/100\n|switch|p2b: Gholdengo|Gholdengo|100\/100\n|-ability|p2a: Chi-Yu|Beads of Ruin\n|-ability|p1a: Ting-Lu|Vessel of Ruin\n|turn|1\n|\n|t:|1697734319\n|switch|p2a: Landorus|Landorus-Therian, M|100\/100\n|-ability|p2a: Landorus|Intimidate|boost\n|-unboost|p1a: Ting-Lu|atk|1\n|-ability|p1b: Okidogi|Guard Dog|boost\n|-boost|p1b: Okidogi|atk|1\n|switch|p2b: Cresselia|Cresselia, F|100\/100\n|move|p1b: Okidogi|Drain Punch|p2a: Landorus\n|-resisted|p2a: Landorus\n|-damage|p2a: Landorus|67\/100\n|move|p1a: Ting-Lu|Stomping Tantrum|p2b: Cresselia\n|-immune|p2b: Cresselia|[from] ability: Levitate\n|\n|upkeep\n|turn|2\n|\n|t:|1697734334\n|switch|p1a: Arcanine|Arcanine, M|100\/100\n|-ability|p1a: Arcanine|Intimidate|boost\n|-unboost|p2a: Landorus|atk|1\n|-unboost|p2b: Cresselia|atk|1\n|move|p2a: Landorus|U-turn|p1a: Arcanine\n|-resisted|p1a: Arcanine\n|-damage|p1a: Arcanine|91\/100\n|\n|t:|1697734344\n|switch|p2a: Tyranitar|Tyranitar, M|100\/100|[from] U-turn\n|-weather|Sandstorm|[from] ability: Sand Stream|[of] p2a: Tyranitar\n|move|p2b: Cresselia|Psyshock|p1b: Okidogi\n|-supereffective|p1b: Okidogi\n|-damage|p1b: Okidogi|22\/100\n|move|p1b: Okidogi|Knock Off|p2b: Cresselia\n|-supereffective|p2b: Cresselia\n|-damage|p2b: Cresselia|37\/100\n|-enditem|p2b: Cresselia|Leftovers|[from] move: Knock Off|[of] p1b: Okidogi\n|\n|-weather|Sandstorm|[upkeep]\n|-damage|p1a: Arcanine|84\/100|[from] Sandstorm\n|-damage|p2b: Cresselia|31\/100|[from] Sandstorm\n|-damage|p1b: Okidogi|15\/100|[from] Sandstorm\n|upkeep\n|turn|3\n|\n|t:|1697734366\n|switch|p2a: Gholdengo|Gholdengo|100\/100\n|move|p1a: Arcanine|Snarl|p2b: Cresselia|[spread] p2a,p2b\n|-supereffective|p2a: Gholdengo\n|-supereffective|p2b: Cresselia\n|-damage|p2a: Gholdengo|78\/100\n|-damage|p2b: Cresselia|20\/100\n|-unboost|p2a: Gholdengo|spa|1\n|-unboost|p2b: Cresselia|spa|1\n|move|p2b: Cresselia|Lunar Blessing|p2b: Cresselia|[spread] p2b\n|-immune|p2a: Gholdengo|[from] ability: Good as Gold\n|-heal|p2b: Cresselia|45\/100\n|move|p1b: Okidogi|Drain Punch|p2a: Gholdengo\n|-immune|p2a: Gholdengo\n|\n|-weather|Sandstorm|[upkeep]\n|-damage|p1a: Arcanine|78\/100|[from] Sandstorm\n|-damage|p2b: Cresselia|39\/100|[from] Sandstorm\n|-damage|p1b: Okidogi|9\/100|[from] Sandstorm\n|upkeep\n|turn|4\n|\n|t:|1697734383\n|move|p2a: Gholdengo|Make It Rain|p1a: Arcanine|[spread] p1a,p1b\n|-resisted|p1a: Arcanine\n|-damage|p1a: Arcanine|60\/100\n|-damage|p1b: Okidogi|0 fnt\n|-unboost|p2a: Gholdengo|spa|1\n|faint|p1b: Okidogi\n|move|p1a: Arcanine|Snarl|p2a: Gholdengo|[spread] p2a,p2b\n|-supereffective|p2a: Gholdengo\n|-supereffective|p2b: Cresselia\n|-damage|p2a: Gholdengo|55\/100\n|-damage|p2b: Cresselia|27\/100\n|-unboost|p2a: Gholdengo|spa|1\n|-unboost|p2b: Cresselia|spa|1\n|move|p2b: Cresselia|Lunar Blessing|p2b: Cresselia|[spread] p2b\n|-immune|p2a: Gholdengo|[from] ability: Good as Gold\n|-heal|p2b: Cresselia|52\/100\n|\n|-weather|Sandstorm|[upkeep]\n|-damage|p1a: Arcanine|54\/100|[from] Sandstorm\n|-damage|p2b: Cresselia|46\/100|[from] Sandstorm\n|upkeep\n|\n|t:|1697734389\n|switch|p1b: Glimmora|Glimmora, F|100\/100\n|turn|5\n|\n|t:|1697734399\n|switch|p2a: Landorus|Landorus-Therian, M|67\/100\n|-ability|p2a: Landorus|Intimidate|boost\n|-unboost|p1a: Arcanine|atk|1\n|-unboost|p1b: Glimmora|atk|1\n|move|p1a: Arcanine|Flamethrower|p2a: Landorus\n|-damage|p2a: Landorus|42\/100\n|move|p1b: Glimmora|Toxic Spikes|p2a: Landorus\n|-sidestart|p2: Throw Games|move: Toxic Spikes\n|move|p2b: Cresselia|Psyshock|p1b: Glimmora\n|-supereffective|p1b: Glimmora\n|-damage|p1b: Glimmora|84\/100\n|\n|-weather|Sandstorm|[upkeep]\n|-damage|p1a: Arcanine|48\/100|[from] Sandstorm\n|-damage|p2b: Cresselia|40\/100|[from] Sandstorm\n|-enditem|p1a: Arcanine|Sitrus Berry|[eat]\n|-heal|p1a: Arcanine|73\/100|[from] item: Sitrus Berry\n|upkeep\n|turn|6\n|\n|t:|1697734421\n|switch|p1a: Wo-Chien|Wo-Chien|100\/100\n|-ability|p1a: Wo-Chien|Tablets of Ruin\n|switch|p2b: Gholdengo|Gholdengo|55\/100\n|move|p1b: Glimmora|Spiky Shield|p1b: Glimmora\n|-singleturn|p1b: Glimmora|move: Protect\n|move|p2a: Landorus|Earthquake|p1a: Wo-Chien|[spread] p2b,p1a\n|-activate|p1b: Glimmora|move: Protect\n|-supereffective|p2b: Gholdengo\n|-resisted|p1a: Wo-Chien\n|-damage|p2b: Gholdengo|0 fnt\n|-damage|p1a: Wo-Chien|87\/100\n|faint|p2b: Gholdengo\n|\n|-weather|none\n|-heal|p1a: Wo-Chien|93\/100|[from] item: Leftovers\n|upkeep\n|\n|t:|1697734433\n|switch|p2b: Chi-Yu|Chi-Yu|100\/100\n|-status|p2b: Chi-Yu|psn\n|-ability|p2b: Chi-Yu|Beads of Ruin\n|turn|7\n|\n|t:|1697734449\n|-terastallize|p1a: Wo-Chien|Water\n|move|p2b: Chi-Yu|Dark Pulse|p1b: Glimmora\n|-damage|p1b: Glimmora|15\/100\n|-damage|p2b: Chi-Yu|91\/100 psn|[from] item: Life Orb\n|move|p2a: Landorus|U-turn|p1a: Wo-Chien\n|-crit|p1a: Wo-Chien\n|-damage|p1a: Wo-Chien|67\/100\n|\n|t:|1697734456\n|switch|p2a: Cresselia|Cresselia, F|40\/100|[from] U-turn\n|move|p1b: Glimmora|Toxic Spikes|p2b: Chi-Yu\n|-sidestart|p2: Throw Games|move: Toxic Spikes\n|move|p1a: Wo-Chien|Leech Seed|p2b: Chi-Yu|[miss]\n|-miss|p1a: Wo-Chien|p2b: Chi-Yu\n|\n|-heal|p1a: Wo-Chien|73\/100|[from] item: Leftovers\n|-damage|p2b: Chi-Yu|78\/100 psn|[from] psn\n|upkeep\n|turn|8\n|\n|t:|1697734474\n|switch|p1b: Chansey|Chansey, F|100\/100\n|move|p2b: Chi-Yu|Heat Wave|p1b: Chansey|[spread] p1a\n|-miss|p2b: Chi-Yu|p1b: Chansey\n|-resisted|p1a: Wo-Chien\n|-damage|p1a: Wo-Chien|56\/100\n|-damage|p2b: Chi-Yu|68\/100 psn|[from] item: Life Orb\n|move|p2a: Cresselia|Lunar Blessing|p2a: Cresselia|[spread] p2a,p2b\n|-heal|p2a: Cresselia|65\/100\n|-heal|p2b: Chi-Yu|93\/100 psn\n|-curestatus|p2b: Chi-Yu|psn|[msg]\n|move|p1a: Wo-Chien|Leech Seed|p2a: Cresselia\n|-start|p2a: Cresselia|move: Leech Seed\n|\n|-heal|p1a: Wo-Chien|62\/100|[from] item: Leftovers\n|-damage|p2a: Cresselia|52\/100|[from] Leech Seed|[of] p1a: Wo-Chien\n|-heal|p1a: Wo-Chien|77\/100|[silent]\n|upkeep\n|turn|9\n|\n|t:|1697734489\n|switch|p2b: Sinistcha|Sinistcha-Masterpiece|100\/100\n|-status|p2b: Sinistcha|tox\n|-heal|p2a: Cresselia|77\/100|[from] ability: Hospitality|[of] p2b: Sinistcha\n|switch|p2a: Landorus|Landorus-Therian, M|42\/100\n|-ability|p2a: Landorus|Intimidate|boost\n|-unboost|p1a: Wo-Chien|atk|1\n|-unboost|p1b: Chansey|atk|1\n|move|p1a: Wo-Chien|Leech Seed|p2b: Sinistcha\n|-immune|p2b: Sinistcha\n|move|p1b: Chansey|Seismic Toss|p2b: Sinistcha\n|-immune|p2b: Sinistcha\n|\n|-heal|p1a: Wo-Chien|83\/100|[from] item: Leftovers\n|-damage|p2b: Sinistcha|94\/100 tox|[from] psn\n|upkeep\n|turn|10\n|\n|t:|1697734506\n|move|p2a: Landorus|Hammer Arm|p1b: Chansey\n|-supereffective|p1b: Chansey\n|-damage|p1b: Chansey|64\/100\n|-unboost|p2a: Landorus|spe|1\n|move|p2b: Sinistcha|Matcha Gotcha|p1b: Chansey|[spread] p1a,p1b\n|-supereffective|p1a: Wo-Chien\n|-damage|p1a: Wo-Chien|54\/100\n|-heal|p2b: Sinistcha|100\/100 tox|[from] drain|[of] p1a: Wo-Chien\n|-damage|p1b: Chansey|57\/100\n|move|p1a: Wo-Chien|Leech Seed|p2a: Landorus\n|-start|p2a: Landorus|move: Leech Seed\n|move|p1b: Chansey|Stealth Rock|p2a: Landorus\n|-sidestart|p2: Throw Games|move: Stealth Rock\n|\n|-heal|p1a: Wo-Chien|60\/100|[from] item: Leftovers\n|-damage|p2a: Landorus|30\/100|[from] Leech Seed|[of] p1a: Wo-Chien\n|-heal|p1a: Wo-Chien|71\/100|[silent]\n|-damage|p2b: Sinistcha|88\/100 tox|[from] psn\n|upkeep\n|turn|11\n|\n|t:|1697734531\n|switch|p2b: Cresselia|Cresselia, F|77\/100\n|-damage|p2b: Cresselia|65\/100|[from] Stealth Rock\n|move|p1a: Wo-Chien|Protect|p1a: Wo-Chien\n|-singleturn|p1a: Wo-Chien|Protect\n|move|p2a: Landorus|U-turn|p1b: Chansey\n|-damage|p1b: Chansey|45\/100\n|inactive|Throw Games has 120 seconds left.\n|\n|t:|1697734568\n|switch|p2a: Sinistcha|Sinistcha-Masterpiece|88\/100 tox|[from] U-turn\n|-damage|p2a: Sinistcha|76\/100 tox|[from] Stealth Rock\n|-heal|p2b: Cresselia|90\/100|[from] ability: Hospitality|[of] p2a: Sinistcha\n|move|p1b: Chansey|Seismic Toss|p2a: Sinistcha\n|-immune|p2a: Sinistcha\n|\n|-heal|p1a: Wo-Chien|77\/100|[from] item: Leftovers\n|-damage|p2a: Sinistcha|70\/100 tox|[from] psn\n|upkeep\n|turn|12\n|\n|t:|1697734577\n|switch|p1a: Arcanine|Arcanine, M|73\/100\n|-ability|p1a: Arcanine|Intimidate|boost\n|-unboost|p2a: Sinistcha|atk|1\n|-unboost|p2b: Cresselia|atk|1\n|move|p2b: Cresselia|Psyshock|p1b: Chansey\n|-damage|p1b: Chansey|30\/100\n|move|p2a: Sinistcha|Matcha Gotcha|p1a: Arcanine|[spread] p1a,p1b\n|-resisted|p1a: Arcanine\n|-damage|p1a: Arcanine|64\/100\n|-heal|p2a: Sinistcha|75\/100 tox|[from] drain|[of] p1a: Arcanine\n|-damage|p1b: Chansey|22\/100\n|-heal|p2a: Sinistcha|83\/100 tox|[from] drain|[of] p1b: Chansey\n|-status|p1b: Chansey|brn\n|move|p1b: Chansey|Soft-Boiled|p1b: Chansey\n|-heal|p1b: Chansey|72\/100 brn\n|\n|-damage|p2a: Sinistcha|71\/100 tox|[from] psn\n|-damage|p1b: Chansey|66\/100 brn|[from] brn\n|upkeep\n|turn|13\n|\n|t:|1697734596\n|move|p1a: Arcanine|Flamethrower|p2a: Sinistcha\n|-supereffective|p2a: Sinistcha\n|-damage|p2a: Sinistcha|16\/100 tox\n|-enditem|p2a: Sinistcha|Wiki Berry|[eat]\n|-heal|p2a: Sinistcha|49\/100 tox|[from] item: Wiki Berry\n|move|p2b: Cresselia|Lunar Blessing|p2b: Cresselia|[spread] p2a,p2b\n|-heal|p2a: Sinistcha|74\/100 tox\n|-curestatus|p2a: Sinistcha|tox|[msg]\n|-heal|p2b: Cresselia|100\/100\n|move|p2a: Sinistcha|Scald|p1a: Arcanine\n|-supereffective|p1a: Arcanine\n|-damage|p1a: Arcanine|31\/100\n|move|p1b: Chansey|Seismic Toss|p2b: Cresselia\n|-damage|p2b: Cresselia|78\/100\n|\n|-damage|p1b: Chansey|59\/100 brn|[from] brn\n|upkeep\n|turn|14\n|\n|t:|1697734613\n|move|p1a: Arcanine|Snarl|p2b: Cresselia|[spread] p2a,p2b\n|-supereffective|p2a: Sinistcha\n|-supereffective|p2b: Cresselia\n|-damage|p2a: Sinistcha|57\/100\n|-damage|p2b: Cresselia|66\/100\n|-unboost|p2a: Sinistcha|spa|1\n|-unboost|p2b: Cresselia|spa|1\n|move|p2b: Cresselia|Lunar Blessing|p2b: Cresselia|[spread] p2a,p2b\n|-heal|p2a: Sinistcha|82\/100\n|-heal|p2b: Cresselia|91\/100\n|move|p2a: Sinistcha|Scald|p1a: Arcanine\n|-supereffective|p1a: Arcanine\n|-damage|p1a: Arcanine|7\/100\n|move|p1b: Chansey|Heal Pulse|p1a: Arcanine\n|-heal|p1a: Arcanine|57\/100\n|\n|-damage|p1b: Chansey|53\/100 brn|[from] brn\n|upkeep\n|turn|15\n|\n|t:|1697734628\n|switch|p2a: Tyranitar|Tyranitar, M|100\/100\n|-status|p2a: Tyranitar|tox\n|-damage|p2a: Tyranitar|88\/100 tox|[from] Stealth Rock\n|-weather|Sandstorm|[from] ability: Sand Stream|[of] p2a: Tyranitar\n|move|p1a: Arcanine|Flamethrower|p2a: Tyranitar\n|-resisted|p2a: Tyranitar\n|-damage|p2a: Tyranitar|79\/100 tox\n|move|p2b: Cresselia|Psyshock|p1a: Arcanine\n|-damage|p1a: Arcanine|42\/100\n|move|p1b: Chansey|Heal Pulse|p1a: Arcanine\n|-heal|p1a: Arcanine|92\/100\n|\n|-weather|Sandstorm|[upkeep]\n|-damage|p1a: Arcanine|86\/100|[from] Sandstorm\n|-damage|p2b: Cresselia|85\/100|[from] Sandstorm\n|-damage|p1b: Chansey|47\/100 brn|[from] Sandstorm\n|-damage|p2a: Tyranitar|73\/100 tox|[from] psn\n|-damage|p1b: Chansey|41\/100 brn|[from] brn\n|upkeep\n|turn|16\n|\n|t:|1697734648\n|switch|p1a: Wo-Chien|Wo-Chien, tera:Water|77\/100\n|-ability|p1a: Wo-Chien|Tablets of Ruin\n|switch|p2b: Sinistcha|Sinistcha-Masterpiece|82\/100\n|-status|p2b: Sinistcha|tox\n|-damage|p2b: Sinistcha|70\/100 tox|[from] Stealth Rock\n|-heal|p2a: Tyranitar|98\/100 tox|[from] ability: Hospitality|[of] p2b: Sinistcha\n|-curestatus|p1b: Chansey|brn|[from] ability: Natural Cure\n|switch|p1b: Ting-Lu|Ting-Lu|100\/100\n|-ability|p1b: Ting-Lu|Vessel of Ruin\n|move|p2a: Tyranitar|Rock Slide|p1b: Ting-Lu|[spread] p1a,p1b\n|-resisted|p1b: Ting-Lu\n|-damage|p1a: Wo-Chien|55\/100\n|-damage|p1b: Ting-Lu|95\/100\n|\n|-weather|Sandstorm|[upkeep]\n|-damage|p1a: Wo-Chien|49\/100|[from] Sandstorm\n|-damage|p2b: Sinistcha|64\/100 tox|[from] Sandstorm\n|-heal|p1a: Wo-Chien|55\/100|[from] item: Leftovers\n|-heal|p1b: Ting-Lu|100\/100|[from] item: Leftovers\n|-damage|p2b: Sinistcha|58\/100 tox|[from] psn\n|-damage|p2a: Tyranitar|85\/100 tox|[from] psn\n|upkeep\n|turn|17\n|\n|t:|1697734672\n|switch|p2a: Cresselia|Cresselia, F|85\/100\n|-damage|p2a: Cresselia|73\/100|[from] Stealth Rock\n|move|p1a: Wo-Chien|Protect|p1a: Wo-Chien\n|-singleturn|p1a: Wo-Chien|Protect\n|move|p2b: Sinistcha|Matcha Gotcha|p1b: Ting-Lu|[spread] p1b\n|-activate|p1a: Wo-Chien|move: Protect\n|-supereffective|p1b: Ting-Lu\n|-damage|p1b: Ting-Lu|70\/100\n|-heal|p2b: Sinistcha|80\/100 tox|[from] drain|[of] p1b: Ting-Lu\n|move|p1b: Ting-Lu|Spikes|p2b: Sinistcha\n|-sidestart|p2: Throw Games|Spikes\n|\n|-weather|Sandstorm|[upkeep]\n|-damage|p2a: Cresselia|67\/100|[from] Sandstorm\n|-damage|p1a: Wo-Chien|49\/100|[from] Sandstorm\n|-damage|p2b: Sinistcha|74\/100 tox|[from] Sandstorm\n|-heal|p1a: Wo-Chien|55\/100|[from] item: Leftovers\n|-heal|p1b: Ting-Lu|76\/100|[from] item: Leftovers\n|-damage|p2b: Sinistcha|62\/100 tox|[from] psn\n|upkeep\n|turn|18\n|\n|t:|1697734686\n|move|p2a: Cresselia|Lunar Blessing|p2a: Cresselia|[spread] p2a,p2b\n|-heal|p2a: Cresselia|92\/100\n|-heal|p2b: Sinistcha|87\/100 tox\n|-curestatus|p2b: Sinistcha|tox|[msg]\n|move|p1a: Wo-Chien|Leech Seed|p2a: Cresselia\n|-start|p2a: Cresselia|move: Leech Seed\n|move|p2b: Sinistcha|Matcha Gotcha|p1a: Wo-Chien|[spread] p1a\n|-miss|p2b: Sinistcha|p1b: Ting-Lu\n|-supereffective|p1a: Wo-Chien\n|-damage|p1a: Wo-Chien|37\/100\n|-heal|p2b: Sinistcha|97\/100|[from] drain|[of] p1a: Wo-Chien\n|move|p1b: Ting-Lu|Spikes|p2a: Cresselia\n|-sidestart|p2: Throw Games|Spikes\n|\n|-weather|Sandstorm|[upkeep]\n|-damage|p2a: Cresselia|86\/100|[from] Sandstorm\n|-damage|p2b: Sinistcha|91\/100|[from] Sandstorm\n|-damage|p1a: Wo-Chien|30\/100|[from] Sandstorm\n|-heal|p1a: Wo-Chien|37\/100|[from] item: Leftovers\n|-heal|p1b: Ting-Lu|82\/100|[from] item: Leftovers\n|-damage|p2a: Cresselia|73\/100|[from] Leech Seed|[of] p1a: Wo-Chien\n|-heal|p1a: Wo-Chien|51\/100|[silent]\n|upkeep\n|turn|19\n|\n|t:|1697734699\n|switch|p2a: Chi-Yu|Chi-Yu|93\/100\n|-status|p2a: Chi-Yu|tox\n|-damage|p2a: Chi-Yu|69\/100 tox|[from] Stealth Rock\n|-damage|p2a: Chi-Yu|52\/100 tox|[from] Spikes\n|-ability|p2a: Chi-Yu|Beads of Ruin\n|move|p1a: Wo-Chien|Foul Play|p2b: Sinistcha\n|-supereffective|p2b: Sinistcha\n|-damage|p2b: Sinistcha|61\/100\n|move|p2b: Sinistcha|Matcha Gotcha|p1b: Ting-Lu|[spread] p1a,p1b\n|-supereffective|p1a: Wo-Chien\n|-supereffective|p1b: Ting-Lu\n|-damage|p1a: Wo-Chien|27\/100\n|-heal|p2b: Sinistcha|74\/100|[from] drain|[of] p1a: Wo-Chien\n|-damage|p1b: Ting-Lu|42\/100\n|-heal|p2b: Sinistcha|100\/100|[from] drain|[of] p1b: Ting-Lu\n|-status|p1b: Ting-Lu|brn\n|move|p1b: Ting-Lu|Spikes|p2b: Sinistcha\n|-sidestart|p2: Throw Games|Spikes\n|\n|-weather|none\n|-heal|p1a: Wo-Chien|33\/100|[from] item: Leftovers\n|-heal|p1b: Ting-Lu|48\/100 brn|[from] item: Leftovers\n|-damage|p2a: Chi-Yu|46\/100 tox|[from] psn\n|-damage|p1b: Ting-Lu|42\/100 brn|[from] brn\n|upkeep\n|turn|20\n|\n|t:|1697734715\n|switch|p1b: Chansey|Chansey, F|41\/100\n|move|p1a: Wo-Chien|Protect|p1a: Wo-Chien\n|-singleturn|p1a: Wo-Chien|Protect\n|move|p2a: Chi-Yu|Dark Pulse|p1a: Wo-Chien\n|-activate|p1a: Wo-Chien|move: Protect\n|move|p2b: Sinistcha|Matcha Gotcha|p1a: Wo-Chien|[spread] \n|-activate|p1a: Wo-Chien|move: Protect\n|-miss|p2b: Sinistcha|p1b: Chansey\n|\n|-heal|p1a: Wo-Chien|39\/100|[from] item: Leftovers\n|-damage|p2a: Chi-Yu|34\/100 tox|[from] psn\n|upkeep\n|turn|21\n|\n|t:|1697734722\n|switch|p1a: Arcanine|Arcanine, M|86\/100\n|-ability|p1a: Arcanine|Intimidate|boost\n|-unboost|p2a: Chi-Yu|atk|1\n|-unboost|p2b: Sinistcha|atk|1\n|move|p2a: Chi-Yu|Overheat|p1b: Chansey\n|-damage|p1b: Chansey|5\/100\n|-unboost|p2a: Chi-Yu|spa|2\n|-damage|p2a: Chi-Yu|24\/100 tox|[from] item: Life Orb\n|move|p2b: Sinistcha|Matcha Gotcha|p1b: Chansey|[spread] p1a,p1b\n|-resisted|p1a: Arcanine\n|-crit|p1a: Arcanine\n|-damage|p1a: Arcanine|69\/100\n|-damage|p1b: Chansey|0 fnt\n|faint|p1b: Chansey\n|\n|-damage|p2a: Chi-Yu|6\/100 tox|[from] psn\n|upkeep\n|\n|t:|1697734732\n|switch|p1b: Wo-Chien|Wo-Chien, tera:Water|39\/100\n|-ability|p1b: Wo-Chien|Tablets of Ruin\n|turn|22\n|\n|t:|1697734747\n|switch|p1a: Ting-Lu|Ting-Lu|42\/100 brn\n|-ability|p1a: Ting-Lu|Vessel of Ruin\n|-terastallize|p2b: Sinistcha|Water\n|move|p2a: Chi-Yu|Dark Pulse|p1a: Ting-Lu\n|-resisted|p1a: Ting-Lu\n|-damage|p1a: Ting-Lu|32\/100 brn\n|-damage|p2a: Chi-Yu|0 fnt|[from] item: Life Orb\n|faint|p2a: Chi-Yu\n|move|p1b: Wo-Chien|Pollen Puff|p1a: Ting-Lu\n|-heal|p1a: Ting-Lu|82\/100 brn\n|move|p2b: Sinistcha|Scald|p1a: Ting-Lu\n|-supereffective|p1a: Ting-Lu\n|-damage|p1a: Ting-Lu|43\/100 brn\n|\n|-heal|p1b: Wo-Chien|45\/100|[from] item: Leftovers\n|-heal|p1a: Ting-Lu|49\/100 brn|[from] item: Leftovers\n|-damage|p1a: Ting-Lu|43\/100 brn|[from] brn\n|upkeep\n|\n|t:|1697734760\n|switch|p2a: Tyranitar|Tyranitar, M|85\/100 tox\n|-damage|p2a: Tyranitar|73\/100 tox|[from] Stealth Rock\n|-damage|p2a: Tyranitar|48\/100 tox|[from] Spikes\n|-weather|Sandstorm|[from] ability: Sand Stream|[of] p2a: Tyranitar\n|turn|23\n|\n|t:|1697734769\n|switch|p1a: Arcanine|Arcanine, M|69\/100\n|-ability|p1a: Arcanine|Intimidate|boost\n|-unboost|p2a: Tyranitar|atk|1\n|-unboost|p2b: Sinistcha|atk|1\n|move|p1b: Wo-Chien|Leech Seed|p2b: Sinistcha|[miss]\n|-miss|p1b: Wo-Chien|p2b: Sinistcha\n|move|p2b: Sinistcha|Matcha Gotcha|p1a: Arcanine|[spread] p1a,p1b\n|-resisted|p1a: Arcanine\n|-supereffective|p1b: Wo-Chien\n|-damage|p1a: Arcanine|60\/100\n|-damage|p1b: Wo-Chien|19\/100\n|move|p2a: Tyranitar|Knock Off|p1b: Wo-Chien\n|-damage|p1b: Wo-Chien|0 fnt\n|-enditem|p1b: Wo-Chien|Leftovers|[from] move: Knock Off|[of] p2a: Tyranitar\n|faint|p1b: Wo-Chien\n|\n|-weather|Sandstorm|[upkeep]\n|-damage|p1a: Arcanine|54\/100|[from] Sandstorm\n|-damage|p2b: Sinistcha|94\/100|[from] Sandstorm\n|-damage|p2a: Tyranitar|42\/100 tox|[from] psn\n|upkeep\n|\n|t:|1697734775\n|switch|p1b: Glimmora|Glimmora, F|15\/100\n|turn|24\n|\n|t:|1697734781\n|move|p1a: Arcanine|Snarl|p2b: Sinistcha|[spread] p2a,p2b\n|-resisted|p2a: Tyranitar\n|-damage|p2a: Tyranitar|39\/100 tox\n|-damage|p2b: Sinistcha|86\/100\n|-unboost|p2a: Tyranitar|spa|1\n|-unboost|p2b: Sinistcha|spa|1\n|move|p1b: Glimmora|Sludge Bomb|p2b: Sinistcha\n|-damage|p2b: Sinistcha|49\/100\n|move|p2b: Sinistcha|Matcha Gotcha|p1b: Glimmora|[spread] p1a,p1b\n|-resisted|p1a: Arcanine\n|-damage|p1a: Arcanine|48\/100\n|-heal|p2b: Sinistcha|53\/100|[from] drain|[of] p1a: Arcanine\n|-damage|p1b: Glimmora|5\/100\n|-heal|p2b: Sinistcha|58\/100|[from] drain|[of] p1b: Glimmora\n|move|p2a: Tyranitar|Rock Slide|p1a: Arcanine|[spread] p1a,p1b\n|-supereffective|p1a: Arcanine\n|-damage|p1a: Arcanine|0 fnt\n|-damage|p1b: Glimmora|0 fnt\n|faint|p1a: Arcanine\n|faint|p1b: Glimmora\n|\n|-weather|Sandstorm|[upkeep]\n|-damage|p2b: Sinistcha|52\/100|[from] Sandstorm\n|-damage|p2a: Tyranitar|27\/100 tox|[from] psn\n|upkeep\n|c|\u2606GonzaJ|Lucky\n|c|\u2606Throw Games|gg!\n|c|\u2606GonzaJ|gg\n|-message|GonzaJ forfeited.\n|\n|win|Throw Games\n|raw|GonzaJ's rating: 1487 &rarr; <strong>1471<\/strong><br \/>(-16 for losing)\n|raw|Throw Games's rating: 1561 &rarr; <strong>1577<\/strong><br \/>(+16 for winning)\n|l|\u2606GonzaJ\n","uploadtime":1697734801,"views":19,"p1id":"gonzaj","p2id":"throwgames","formatid":"gen9doublesou","rating":1471,"private":0,"password":""}