{"id":"gen9doublesou-1993192175","p1":"roglogman","p2":"glasses15","format":"[Gen 9] Doubles OU","log":"|j|\u2606roglogman\n|j|\u2606glasses15\n|t:|1700276125\n|gametype|doubles\n|player|p1|roglogman|gambler|1182\n|player|p2|glasses15|scientistf|1242\n|teamsize|p1|6\n|teamsize|p2|6\n|gen|9\n|tier|[Gen 9] Doubles OU\n|rated|\n|rule|Species Clause: Limit one of each Pok\u00e9mon\n|rule|OHKO Clause: OHKO moves are banned\n|rule|Evasion Moves Clause: Evasion moves are banned\n|rule|Gravity Sleep Clause: The combination of sleep-inducing moves with imperfect accuracy and Gravity or Gigantamax Orbeetle are banned\n|rule|Endless Battle Clause: Forcing endless battles is banned\n|rule|HP Percentage Mod: HP is shown in percentages\n|clearpoke\n|poke|p1|Landorus-Therian, M|\n|poke|p1|Tornadus, M|\n|poke|p1|Ogerpon-Wellspring, F|\n|poke|p1|Gholdengo|\n|poke|p1|Flutter Mane|\n|poke|p1|Arcanine-Hisui, M|\n|poke|p2|Sableye, M|\n|poke|p2|Flapple, M|\n|poke|p2|Maushold|\n|poke|p2|Lycanroc-Dusk, F|\n|poke|p2|Farigiraf, F|\n|poke|p2|Heracross, M|\n|teampreview\n|inactive|Battle timer is ON: inactive players will automatically lose when time's up. (requested by glasses15)\n|\n|t:|1700276141\n|start\n|switch|p1a: Tornadus|Tornadus, M|100\/100\n|switch|p1b: Landorus|Landorus-Therian, M|100\/100\n|switch|p2a: Sableye|Sableye, M|100\/100\n|switch|p2b: Maushold|Maushold|100\/100\n|-ability|p1b: Landorus|Intimidate|boost\n|-unboost|p2a: Sableye|atk|1\n|-unboost|p2b: Maushold|atk|1\n|turn|1\n|\n|t:|1700276156\n|move|p2a: Sableye|Gravity|p2a: Sableye\n|-fieldstart|move: Gravity\n|move|p2b: Maushold|Population Bomb|p1a: Tornadus\n|-damage|p1a: Tornadus|83\/100\n|-damage|p1a: Tornadus|67\/100\n|-damage|p1a: Tornadus|50\/100\n|-damage|p1a: Tornadus|32\/100\n|-crit|p1a: Tornadus\n|-damage|p1a: Tornadus|0 fnt\n|faint|p1a: Tornadus\n|-hitcount|p1: Tornadus|5\n|move|p1b: Landorus|Stomping Tantrum|p2b: Maushold\n|-damage|p2b: Maushold|2\/100\n|-damage|p1b: Landorus|90\/100|[from] item: Life Orb\n|\n|upkeep\n|\n|t:|1700276175\n|switch|p1a: Arcanine|Arcanine-Hisui, M|100\/100\n|turn|2\n|\n|t:|1700276193\n|switch|p2a: Farigiraf|Farigiraf, F|100\/100\n|move|p1a: Arcanine|Extreme Speed||[still]\n|cant|p2a: Farigiraf|ability: Armor Tail|Extreme Speed|[of] p1a: Arcanine\n|move|p2b: Maushold|Population Bomb|p1b: Landorus\n|-damage|p1b: Landorus|76\/100\n|-damage|p1b: Landorus|62\/100\n|-damage|p1b: Landorus|50\/100\n|-damage|p1b: Landorus|37\/100\n|-damage|p1b: Landorus|24\/100\n|-damage|p1b: Landorus|11\/100\n|-damage|p1b: Landorus|0 fnt\n|faint|p1b: Landorus\n|-hitcount|p1: Landorus|7\n|\n|upkeep\n|inactive|roglogman has 120 seconds left.\n|\n|t:|1700276215\n|switch|p1b: Gholdengo|Gholdengo|100\/100\n|turn|3\n|\n|t:|1700276229\n|move|p2b: Maushold|Population Bomb|p1a: Arcanine\n|-resisted|p1a: Arcanine\n|-damage|p1a: Arcanine|94\/100\n|-resisted|p1a: Arcanine\n|-damage|p1a: Arcanine|86\/100\n|-resisted|p1a: Arcanine\n|-damage|p1a: Arcanine|79\/100\n|-resisted|p1a: Arcanine\n|-damage|p1a: Arcanine|72\/100\n|-resisted|p1a: Arcanine\n|-damage|p1a: Arcanine|65\/100\n|-resisted|p1a: Arcanine\n|-damage|p1a: Arcanine|58\/100\n|-resisted|p1a: Arcanine\n|-damage|p1a: Arcanine|51\/100\n|-resisted|p1a: Arcanine\n|-damage|p1a: Arcanine|44\/100\n|-resisted|p1a: Arcanine\n|-damage|p1a: Arcanine|38\/100\n|-resisted|p1a: Arcanine\n|-damage|p1a: Arcanine|31\/100\n|-hitcount|p1a: Arcanine|10\n|move|p1a: Arcanine|Flare Blitz|p2b: Maushold\n|-damage|p2b: Maushold|0 fnt\n|faint|p2b: Maushold\n|-damage|p1a: Arcanine|21\/100|[from] item: Life Orb\n|move|p1b: Gholdengo|Make It Rain|p2a: Farigiraf\n|-damage|p2a: Farigiraf|15\/100\n|-unboost|p1b: Gholdengo|spa|1\n|-enditem|p2a: Farigiraf|Sitrus Berry|[eat]\n|-heal|p2a: Farigiraf|40\/100|[from] item: Sitrus Berry\n|-damage|p1b: Gholdengo|91\/100|[from] item: Life Orb\n|move|p2a: Farigiraf|Trick Room|p2a: Farigiraf\n|-fieldstart|move: Trick Room|[of] p2a: Farigiraf\n|\n|upkeep\n|inactive|glasses15 has 120 seconds left.\n|\n|t:|1700276267\n|switch|p2b: Heracross|Heracross, M|100\/100\n|turn|4\n|\n|t:|1700276279\n|move|p2a: Farigiraf|Psychic|p1a: Arcanine\n|-damage|p1a: Arcanine|0 fnt\n|faint|p1a: Arcanine\n|move|p1b: Gholdengo|Nasty Plot|p1b: Gholdengo\n|-boost|p1b: Gholdengo|spa|2\n|move|p2b: Heracross|High Horsepower|p1b: Gholdengo\n|-supereffective|p1b: Gholdengo\n|-damage|p1b: Gholdengo|22\/100\n|\n|-status|p2b: Heracross|brn|[from] item: Flame Orb\n|upkeep\n|\n|t:|1700276291\n|switch|p1a: Ogerpon|Ogerpon-Wellspring, F|100\/100\n|turn|5\n|\n|t:|1700276308\n|move|p2a: Farigiraf|Psychic|p1b: Gholdengo\n|-resisted|p1b: Gholdengo\n|-damage|p1b: Gholdengo|0 fnt\n|faint|p1b: Gholdengo\n|move|p2b: Heracross|Megahorn|p1a: Ogerpon\n|-supereffective|p1a: Ogerpon\n|-damage|p1a: Ogerpon|0 fnt\n|faint|p1a: Ogerpon\n|\n|-damage|p2b: Heracross|95\/100 brn|[from] brn\n|-fieldend|move: Gravity\n|upkeep\n|inactive|roglogman has 120 seconds left.\n|-message|roglogman forfeited.\n|\n|win|glasses15\n|raw|roglogman's rating: 1182 &rarr; <strong>1161<\/strong><br \/>(-21 for losing)\n|raw|glasses15's rating: 1242 &rarr; <strong>1263<\/strong><br \/>(+21 for winning)\n|l|\u2606roglogman\n","uploadtime":1700276350,"views":40,"p1id":"roglogman","p2id":"glasses15","formatid":"gen9doublesou","rating":1161,"private":0,"password":""}