{"id":"gen9doublesou-1980802758","p1":"RocketsViability","p2":"Attack on Bhaijan","format":"[Gen 9] Doubles OU","log":"|j|\u2606RocketsViability\n|j|\u2606Attack on Bhaijan\n|t:|1698835694\n|gametype|doubles\n|player|p1|RocketsViability|1|1125\n|player|p2|Attack on Bhaijan|drayden|1011\n|teamsize|p1|6\n|teamsize|p2|6\n|gen|9\n|tier|[Gen 9] Doubles OU\n|rated|\n|rule|Species Clause: Limit one of each Pok\u00e9mon\n|rule|OHKO Clause: OHKO moves are banned\n|rule|Evasion Moves Clause: Evasion moves are banned\n|rule|Gravity Sleep Clause: The combination of sleep-inducing moves with imperfect accuracy and Gravity or Gigantamax Orbeetle are banned\n|rule|Endless Battle Clause: Forcing endless battles is banned\n|rule|HP Percentage Mod: HP is shown in percentages\n|clearpoke\n|poke|p1|Ninetales-Alola, M|\n|poke|p1|Trevenant, F|\n|poke|p1|Goodra-Hisui, F|\n|poke|p1|Sandslash-Alola, M|\n|poke|p1|Torterra, F|\n|poke|p1|Empoleon, M|\n|poke|p2|Basculegion-F, F|\n|poke|p2|Ursaluna-Bloodmoon, M|\n|poke|p2|Oranguru, F|\n|poke|p2|Dragonite, F|\n|poke|p2|Maushold-Four|\n|poke|p2|Indeedee-F, F|\n|teampreview\n|\n|t:|1698835718\n|start\n|switch|p1a: Trevenant|Trevenant, F|100\/100\n|switch|p1b: Torterra|Torterra, F|100\/100\n|switch|p2a: Happi Family|Maushold-Four, shiny|100\/100\n|switch|p2b: Thikkk|Indeedee-F, F, shiny|100\/100\n|turn|1\n|inactive|Battle timer is ON: inactive players will automatically lose when time's up. (requested by Attack on Bhaijan)\n|\n|t:|1698835738\n|move|p2b: Thikkk|Fake Out|p1b: Torterra\n|-damage|p1b: Torterra|91\/100\n|move|p2a: Happi Family|Population Bomb|p1b: Torterra\n|-damage|p1b: Torterra|82\/100\n|-damage|p1b: Torterra|74\/100\n|-damage|p1b: Torterra|65\/100\n|-damage|p1b: Torterra|57\/100\n|-damage|p1b: Torterra|48\/100\n|-damage|p1b: Torterra|40\/100\n|-damage|p1b: Torterra|33\/100\n|-damage|p1b: Torterra|24\/100\n|-damage|p1b: Torterra|16\/100\n|-damage|p1b: Torterra|8\/100\n|-hitcount|p1b: Torterra|10\n|cant|p1b: Torterra|flinch\n|move|p1a: Trevenant|Toxic|p2a: Happi Family\n|-status|p2a: Happi Family|tox\n|\n|-damage|p2a: Happi Family|95\/100 tox|[from] psn\n|upkeep\n|turn|2\n|\n|t:|1698835749\n|move|p2a: Happi Family|Population Bomb|p1b: Torterra\n|-damage|p1b: Torterra|0 fnt\n|faint|p1b: Torterra\n|-hitcount|p1: Torterra|1\n|move|p2b: Thikkk|Skill Swap|p2a: Happi Family\n|-activate|p2b: Thikkk|move: Skill Swap|||[of] p2a: Happi Family\n|move|p1a: Trevenant|Disable|p2a: Happi Family\n|-start|p2a: Happi Family|Disable|Population Bomb\n|\n|-damage|p2a: Happi Family|83\/100 tox|[from] psn\n|upkeep\n|\n|t:|1698835762\n|switch|p1b: Sandslash|Sandslash-Alola, M|100\/100\n|turn|3\n|\n|t:|1698835774\n|move|p2b: Thikkk|Follow Me|p2b: Thikkk\n|-singleturn|p2b: Thikkk|move: Follow Me\n|move|p2a: Happi Family|Tidy Up|p2a: Happi Family\n|-boost|p2a: Happi Family|atk|1\n|-boost|p2a: Happi Family|spe|1\n|move|p1b: Sandslash|Knock Off|p2b: Thikkk\n|-supereffective|p2b: Thikkk\n|-damage|p2b: Thikkk|17\/100\n|-enditem|p2b: Thikkk|Leftovers|[from] move: Knock Off|[of] p1b: Sandslash\n|move|p1a: Trevenant|Toxic|p2b: Thikkk\n|-status|p2b: Thikkk|tox\n|\n|-damage|p2a: Happi Family|65\/100 tox|[from] psn\n|-damage|p2b: Thikkk|11\/100 tox|[from] psn\n|upkeep\n|turn|4\n|\n|t:|1698835796\n|move|p1b: Sandslash|Ice Shard|p2b: Thikkk\n|-crit|p2b: Thikkk\n|-damage|p2b: Thikkk|0 fnt\n|faint|p2b: Thikkk\n|move|p2a: Happi Family|Baton Pass|p2a: Happi Family\n|\n|t:|1698835806\n|switch|p2a: Avocado|Dragonite, F, shiny|100\/100|[from] Baton Pass\n|move|p1a: Trevenant|Horn Leech|p2a: Avocado\n|-resisted|p2a: Avocado\n|-damage|p2a: Avocado|97\/100\n|\n|upkeep\n|\n|t:|1698835810\n|switch|p2b: Dumb Monke|Oranguru, F, shiny|100\/100\n|turn|5\n|\n|t:|1698835827\n|move|p1b: Sandslash|Ice Shard|p2a: Avocado\n|-supereffective|p2a: Avocado\n|-crit|p2a: Avocado\n|-damage|p2a: Avocado|0 fnt\n|faint|p2a: Avocado\n|move|p1a: Trevenant|Toxic|p2b: Dumb Monke|[miss]\n|-miss|p1a: Trevenant|p2b: Dumb Monke\n|move|p2b: Dumb Monke|Instruct|p2: Avocado|[notarget]\n|-fail|p2b: Dumb Monke\n|\n|upkeep\n|-message|Attack on Bhaijan forfeited.\n|\n|win|RocketsViability\n|raw|RocketsViability's rating: 1125 &rarr; <strong>1142<\/strong><br \/>(+17 for winning)\n|raw|Attack on Bhaijan's rating: 1011 &rarr; <strong>1003<\/strong><br \/>(-8 for losing)\n|l|\u2606Attack on Bhaijan\n","uploadtime":1698835858,"views":17,"p1id":"rocketsviability","p2id":"attackonbhaijan","formatid":"gen9doublesou","rating":1003,"private":0,"password":""}