{"id":"gen9doublesou-1981614397","p1":"deadlydirt","p2":"TheSavageShadow","format":"[Gen 9] Doubles OU","log":"|j|\u2606deadlydirt\n|j|\u2606TheSavageShadow\n|t:|1698926207\n|gametype|doubles\n|player|p1|deadlydirt|harlequin|1057\n|player|p2|TheSavageShadow|benga|1066\n|teamsize|p1|6\n|teamsize|p2|6\n|gen|9\n|tier|[Gen 9] Doubles OU\n|rated|\n|rule|Species Clause: Limit one of each Pok\u00e9mon\n|rule|OHKO Clause: OHKO moves are banned\n|rule|Evasion Moves Clause: Evasion moves are banned\n|rule|Gravity Sleep Clause: The combination of sleep-inducing moves with imperfect accuracy and Gravity or Gigantamax Orbeetle are banned\n|rule|Endless Battle Clause: Forcing endless battles is banned\n|rule|HP Percentage Mod: HP is shown in percentages\n|clearpoke\n|poke|p1|Mienshao, F|\n|poke|p1|Amoonguss, F|\n|poke|p1|Gholdengo|\n|poke|p1|Dragonite, M|\n|poke|p1|Cresselia, F|\n|poke|p1|Ludicolo, M|\n|poke|p2|Armarouge, M|\n|poke|p2|Torkoal, F|\n|poke|p2|Basculegion-F, F|\n|poke|p2|Charizard, F|\n|poke|p2|Flutter Mane|\n|poke|p2|Roaring Moon|\n|teampreview\n|inactive|Battle timer is ON: inactive players will automatically lose when time's up. (requested by deadlydirt)\n|\n|t:|1698926225\n|start\n|switch|p1a: Cresselia|Cresselia, F, shiny|100\/100\n|switch|p1b: Amoonguss|Amoonguss, F|100\/100\n|switch|p2a: Torkoal|Torkoal, F, shiny|100\/100\n|switch|p2b: Basculegion|Basculegion-F, F, shiny|100\/100\n|-weather|SunnyDay|[from] ability: Drought|[of] p2a: Torkoal\n|turn|1\n|inactive|TheSavageShadow has 120 seconds left.\n|\n|t:|1698926262\n|move|p1a: Cresselia|Moonblast|p2b: Basculegion\n|-damage|p2b: Basculegion|82\/100\n|-unboost|p2b: Basculegion|spa|1\n|move|p2b: Basculegion|Liquidation|p1a: Cresselia\n|-crit|p1a: Cresselia\n|-damage|p1a: Cresselia|76\/100\n|move|p1b: Amoonguss|Spore|p2a: Torkoal\n|-status|p2a: Torkoal|slp|[from] move: Spore\n|cant|p2a: Torkoal|slp\n|\n|-weather|SunnyDay|[upkeep]\n|-heal|p1a: Cresselia|82\/100|[from] item: Leftovers\n|upkeep\n|turn|2\n|inactive|TheSavageShadow has 120 seconds left.\n|\n|t:|1698926283\n|switch|p2b: Armarouge|Armarouge, M, shiny|100\/100\n|switch|p2a: Charizard|Charizard, F, shiny|100\/100\n|move|p1a: Cresselia|Moonblast|p2b: Armarouge\n|-resisted|p2b: Armarouge\n|-damage|p2b: Armarouge|94\/100\n|-unboost|p2b: Armarouge|spa|1\n|move|p1b: Amoonguss|Spore|p2b: Armarouge\n|-status|p2b: Armarouge|slp|[from] move: Spore\n|\n|-weather|SunnyDay|[upkeep]\n|-damage|p2a: Charizard|88\/100|[from] ability: Solar Power|[of] p2a: Charizard\n|-heal|p1a: Cresselia|88\/100|[from] item: Leftovers\n|upkeep\n|turn|3\n|inactive|TheSavageShadow has 120 seconds left.\n|\n|t:|1698926317\n|move|p2a: Charizard|Flamethrower|p1b: Amoonguss\n|-supereffective|p1b: Amoonguss\n|-damage|p1b: Amoonguss|0 fnt\n|faint|p1b: Amoonguss\n|-damage|p2a: Charizard|78\/100|[from] item: Life Orb\n|move|p1a: Cresselia|Moonblast|p2a: Charizard\n|-resisted|p2a: Charizard\n|-damage|p2a: Charizard|68\/100\n|-unboost|p2a: Charizard|spa|1\n|cant|p2b: Armarouge|slp\n|\n|-weather|SunnyDay|[upkeep]\n|-damage|p2a: Charizard|55\/100|[from] ability: Solar Power|[of] p2a: Charizard\n|-heal|p1a: Cresselia|94\/100|[from] item: Leftovers\n|upkeep\n|inactive|deadlydirt has 120 seconds left.\n|\n|t:|1698926340\n|switch|p1b: Dragonite|Dragonite, M, shiny|100\/100\n|turn|4\n|inactive|TheSavageShadow has 120 seconds left.\n|\n|t:|1698926369\n|move|p2a: Charizard|Dragon Pulse|p1b: Dragonite\n|-supereffective|p1b: Dragonite\n|-damage|p1b: Dragonite|74\/100\n|-damage|p2a: Charizard|45\/100|[from] item: Life Orb\n|move|p1a: Cresselia|Thunder Wave|p2a: Charizard\n|-status|p2a: Charizard|par\n|cant|p2b: Armarouge|slp\n|move|p1b: Dragonite|Waterfall|p2a: Charizard\n|-supereffective|p2a: Charizard\n|-damage|p2a: Charizard|6\/100 par\n|\n|-weather|SunnyDay|[upkeep]\n|-damage|p2a: Charizard|0 fnt|[from] ability: Solar Power|[of] p2a: Charizard\n|faint|p2a: Charizard\n|-heal|p1a: Cresselia|100\/100|[from] item: Leftovers\n|upkeep\n|inactive|TheSavageShadow has 120 seconds left.\n|\n|t:|1698926391\n|switch|p2a: Flutter Mane|Flutter Mane, shiny|100\/100\n|-activate|p2a: Flutter Mane|ability: Protosynthesis\n|-start|p2a: Flutter Mane|protosynthesisspe\n|turn|5\n|inactive|TheSavageShadow has 120 seconds left.\n|\n|t:|1698926413\n|-terastallize|p1b: Dragonite|Normal\n|move|p2a: Flutter Mane|Dazzling Gleam|p1b: Dragonite|[spread] p1a,p1b\n|-damage|p1a: Cresselia|69\/100\n|-damage|p1b: Dragonite|36\/100\n|move|p1a: Cresselia|Lunar Blessing|p1a: Cresselia|[spread] p1a,p1b\n|-heal|p1a: Cresselia|94\/100\n|-heal|p1b: Dragonite|61\/100\n|cant|p2b: Armarouge|slp\n|move|p1b: Dragonite|Waterfall|p2a: Flutter Mane\n|-damage|p2a: Flutter Mane|69\/100\n|\n|-weather|SunnyDay|[upkeep]\n|-heal|p1a: Cresselia|100\/100|[from] item: Leftovers\n|upkeep\n|turn|6\n|inactive|TheSavageShadow has 120 seconds left.\n|\n|t:|1698926439\n|-terastallize|p2b: Armarouge|Fighting\n|move|p2a: Flutter Mane|Dazzling Gleam|p1a: Cresselia|[spread] p1a,p1b\n|-damage|p1a: Cresselia|73\/100\n|-damage|p1b: Dragonite|22\/100\n|move|p1a: Cresselia|Thunder Wave|p2a: Flutter Mane\n|-status|p2a: Flutter Mane|par\n|-curestatus|p2b: Armarouge|slp|[msg]\n|move|p2b: Armarouge|Aura Sphere|p2a: Flutter Mane\n|-immune|p2a: Flutter Mane\n|move|p1b: Dragonite|Fire Punch|p2a: Flutter Mane\n|-damage|p2a: Flutter Mane|0 fnt\n|faint|p2a: Flutter Mane\n|-end|p2a: Flutter Mane|Protosynthesis|[silent]\n|\n|-weather|SunnyDay|[upkeep]\n|-heal|p1a: Cresselia|79\/100|[from] item: Leftovers\n|upkeep\n|\n|t:|1698926456\n|switch|p2a: Roaring Moon|Roaring Moon|100\/100\n|-activate|p2a: Roaring Moon|ability: Protosynthesis\n|-start|p2a: Roaring Moon|protosynthesisatk\n|turn|7\n|inactive|TheSavageShadow has 120 seconds left.\n|\n|t:|1698926474\n|switch|p1b: Gholdengo|Gholdengo|100\/100\n|move|p2a: Roaring Moon|Knock Off|p1a: Cresselia\n|-supereffective|p1a: Cresselia\n|-damage|p1a: Cresselia|0 fnt\n|-enditem|p1a: Cresselia|Leftovers|[from] move: Knock Off|[of] p2a: Roaring Moon\n|faint|p1a: Cresselia\n|move|p2b: Armarouge|Aura Sphere|p1b: Gholdengo\n|-immune|p1b: Gholdengo\n|\n|-weather|SunnyDay|[upkeep]\n|upkeep\n|\n|t:|1698926488\n|switch|p1a: Mienshao|Mienshao, F, shiny|100\/100\n|turn|8\n|\n|t:|1698926512\n|move|p2a: Roaring Moon|Rock Slide|p1a: Mienshao|[spread] p1a,p1b\n|-resisted|p1a: Mienshao\n|-resisted|p1b: Gholdengo\n|-damage|p1a: Mienshao|81\/100\n|-damage|p1b: Gholdengo|87\/100\n|move|p1a: Mienshao|Acrobatics|p2b: Armarouge\n|-supereffective|p2b: Armarouge\n|-damage|p2b: Armarouge|60\/100\n|move|p1b: Gholdengo|Make It Rain|p2a: Roaring Moon|[spread] p2a,p2b\n|-damage|p2a: Roaring Moon|51\/100\n|-damage|p2b: Armarouge|23\/100\n|-unboost|p1b: Gholdengo|spa|1\n|move|p2b: Armarouge|Armor Cannon|p1b: Gholdengo\n|-supereffective|p1b: Gholdengo\n|-damage|p1b: Gholdengo|0 fnt\n|-unboost|p2b: Armarouge|def|1\n|-unboost|p2b: Armarouge|spd|1\n|faint|p1b: Gholdengo\n|\n|-weather|none\n|-end|p2a: Roaring Moon|Protosynthesis\n|upkeep\n|inactive|deadlydirt has 120 seconds left.\n|\n|t:|1698926537\n|switch|p1b: Dragonite|Dragonite, M, shiny, tera:Normal|22\/100\n|turn|9\n|\n|t:|1698926551\n|move|p1b: Dragonite|Extreme Speed|p2a: Roaring Moon\n|-damage|p2a: Roaring Moon|0 fnt\n|faint|p2a: Roaring Moon\n|-end|p2a: Roaring Moon|Protosynthesis|[silent]\n|move|p1a: Mienshao|Acrobatics|p2b: Armarouge\n|-supereffective|p2b: Armarouge\n|-damage|p2b: Armarouge|0 fnt\n|faint|p2b: Armarouge\n|\n|upkeep\n|\n|t:|1698926558\n|switch|p2a: Basculegion|Basculegion-F, F, shiny|82\/100\n|switch|p2b: Torkoal|Torkoal, F, shiny|100\/100 slp\n|-weather|SunnyDay|[from] ability: Drought|[of] p2b: Torkoal\n|turn|10\n|inactive|deadlydirt has 120 seconds left.\n|\n|t:|1698926598\n|move|p1a: Mienshao|U-turn|p2a: Basculegion\n|-resisted|p2a: Basculegion\n|-damage|p2a: Basculegion|68\/100\n|\n|t:|1698926601\n|switch|p1a: Ludicolo|Ludicolo, M, shiny|100\/100|[from] U-turn\n|move|p2a: Basculegion|Last Respects|p1a: Ludicolo\n|-damage|p1a: Ludicolo|0 fnt\n|faint|p1a: Ludicolo\n|move|p1b: Dragonite|Waterfall|p2b: Torkoal\n|-supereffective|p2b: Torkoal\n|-damage|p2b: Torkoal|80\/100 slp\n|cant|p2b: Torkoal|slp\n|\n|-weather|SunnyDay|[upkeep]\n|upkeep\n|inactive|deadlydirt has 120 seconds left.\n|\n|t:|1698926616\n|switch|p1a: Mienshao|Mienshao, F, shiny|100\/100\n|turn|11\n|\n|t:|1698926627\n|move|p1a: Mienshao|Acrobatics|p2a: Basculegion\n|-damage|p2a: Basculegion|48\/100\n|move|p2a: Basculegion|Last Respects|p1a: Mienshao\n|-damage|p1a: Mienshao|0 fnt\n|faint|p1a: Mienshao\n|move|p1b: Dragonite|Outrage|p2a: Basculegion\n|-damage|p2a: Basculegion|0 fnt\n|faint|p2a: Basculegion\n|-curestatus|p2b: Torkoal|slp|[msg]\n|move|p2b: Torkoal|Yawn|p1b: Dragonite\n|-start|p1b: Dragonite|move: Yawn|[of] p2b: Torkoal\n|\n|-weather|SunnyDay|[upkeep]\n|upkeep\n|turn|12\n|\n|t:|1698926648\n|move|p1b: Dragonite|Outrage|p2b: Torkoal|[from]lockedmove\n|-damage|p2b: Torkoal|28\/100\n|move|p2b: Torkoal|Will-O-Wisp|p1b: Dragonite\n|-status|p1b: Dragonite|brn\n|\n|-weather|SunnyDay|[upkeep]\n|-damage|p1b: Dragonite|16\/100 brn|[from] brn\n|-end|p1b: Dragonite|move: Yawn|[silent]\n|upkeep\n|turn|13\n|\n|t:|1698926664\n|move|p1b: Dragonite|Outrage|p2b: Torkoal|[from]lockedmove\n|-crit|p2b: Torkoal\n|-damage|p2b: Torkoal|0 fnt\n|faint|p2b: Torkoal\n|-start|p1b: Dragonite|confusion|[fatigue]\n|\n|win|deadlydirt\n|raw|deadlydirt's rating: 1057 &rarr; <strong>1089<\/strong><br \/>(+32 for winning)\n|raw|TheSavageShadow's rating: 1066 &rarr; <strong>1046<\/strong><br \/>(-20 for losing)\n|c|\u2606deadlydirt|Gg\n","uploadtime":1698926679,"views":19,"p1id":"deadlydirt","p2id":"thesavageshadow","formatid":"gen9doublesou","rating":1046,"private":0,"password":""}