{"id":"gen9doublesou-1996818879","p1":"Commander_Wolffy","p2":"TrapLyf","format":"[Gen 9] Doubles OU","log":"|j|\u2606Commander_Wolffy\n|j|\u2606TrapLyf\n|t:|1700730416\n|gametype|doubles\n|player|p1|Commander_Wolffy|265|1322\n|player|p2|TrapLyf|102|1443\n|teamsize|p1|6\n|teamsize|p2|6\n|gen|9\n|tier|[Gen 9] Doubles OU\n|rated|\n|rule|Species Clause: Limit one of each Pok\u00e9mon\n|rule|OHKO Clause: OHKO moves are banned\n|rule|Evasion Moves Clause: Evasion moves are banned\n|rule|Gravity Sleep Clause: The combination of sleep-inducing moves with imperfect accuracy and Gravity or Gigantamax Orbeetle are banned\n|rule|Endless Battle Clause: Forcing endless battles is banned\n|rule|HP Percentage Mod: HP is shown in percentages\n|clearpoke\n|poke|p1|Ogerpon-Wellspring, F|\n|poke|p1|Gholdengo|\n|poke|p1|Glimmora, F|\n|poke|p1|Kommo-o, F|\n|poke|p1|Ninetales-Alola, F|\n|poke|p1|Arcanine-Hisui, M|\n|poke|p2|Rillaboom, M|\n|poke|p2|Enamorus-Therian, F|\n|poke|p2|Hoopa-Unbound|\n|poke|p2|Dipplin, M|\n|poke|p2|Muk-Alola, F|\n|poke|p2|Iron Moth|\n|teampreview\n|inactive|Battle timer is ON: inactive players will automatically lose when time's up. (requested by Commander_Wolffy)\n|\n|t:|1700730427\n|start\n|switch|p1a: Glimmora|Glimmora, F|100\/100\n|switch|p1b: Gholdengo|Gholdengo|100\/100\n|switch|p2a: Rillaboom|Rillaboom, M|100\/100\n|switch|p2b: Hoopa|Hoopa-Unbound|100\/100\n|-fieldstart|move: Grassy Terrain|[from] ability: Grassy Surge|[of] p2a: Rillaboom\n|turn|1\n|\n|t:|1700730444\n|move|p2a: Rillaboom|High Horsepower|p1b: Gholdengo\n|-supereffective|p1b: Gholdengo\n|-damage|p1b: Gholdengo|33\/100\n|move|p1b: Gholdengo|Shadow Ball|p2b: Hoopa\n|-damage|p2b: Hoopa|74\/100\n|move|p2b: Hoopa|Psyshock|p1a: Glimmora\n|-supereffective|p1a: Glimmora\n|-enditem|p1a: Glimmora|Focus Sash\n|-damage|p1a: Glimmora|1\/100\n|move|p1a: Glimmora|Sludge Wave|p2b: Hoopa|[spread] p2a,p2b\n|-immune|p1b: Gholdengo\n|-supereffective|p2a: Rillaboom\n|-damage|p2a: Rillaboom|0 fnt\n|-damage|p2b: Hoopa|49\/100\n|faint|p2a: Rillaboom\n|\n|-heal|p1b: Gholdengo|39\/100|[from] Grassy Terrain\n|-heal|p2b: Hoopa|55\/100|[from] Grassy Terrain\n|-heal|p1a: Glimmora|7\/100|[from] Grassy Terrain\n|upkeep\n|\n|t:|1700730460\n|switch|p2a: Iron Moth|Iron Moth|100\/100\n|turn|2\n|\n|t:|1700730468\n|switch|p2b: Muk|Muk-Alola, F|100\/100\n|move|p2a: Iron Moth|Heat Wave|p1b: Gholdengo|[spread] p1a,p1b\n|-resisted|p1a: Glimmora\n|-supereffective|p1b: Gholdengo\n|-damage|p1a: Glimmora|0 fnt\n|-damage|p1b: Gholdengo|0 fnt\n|faint|p1a: Glimmora\n|faint|p1b: Gholdengo\n|\n|upkeep\n|\n|t:|1700730489\n|switch|p1b: Arcanine|Arcanine-Hisui, M|100\/100\n|switch|p1a: Ogerpon|Ogerpon-Wellspring, F|100\/100\n|-ability|p1b: Arcanine|Intimidate|boost\n|-unboost|p2a: Iron Moth|atk|1\n|-unboost|p2b: Muk|atk|1\n|turn|3\n|\n|t:|1700730503\n|-end|p2a: Iron Moth|Quark Drive|[silent]\n|switch|p2a: Dipplin|Dipplin, M|100\/100\n|-ability|p2a: Dipplin|Supersweet Syrup\n|-ability|p2a: Dipplin|Supersweet Syrup|boost\n|-unboost|p1a: Ogerpon|evasion|1\n|-unboost|p1b: Arcanine|evasion|1\n|move|p1a: Ogerpon|Ivy Cudgel|p2a: Dipplin|[anim] Ivy Cudgel Water\n|-resisted|p2a: Dipplin\n|-damage|p2a: Dipplin|87\/100\n|move|p1b: Arcanine|Rock Slide|p2a: Dipplin|[spread] p2a\n|-miss|p1b: Arcanine|p2b: Muk\n|-damage|p2a: Dipplin|62\/100\n|move|p2b: Muk|Gunk Shot|p1a: Ogerpon\n|-supereffective|p1a: Ogerpon\n|-damage|p1a: Ogerpon|2\/100\n|\n|-heal|p1a: Ogerpon|8\/100|[from] Grassy Terrain\n|-heal|p2a: Dipplin|68\/100|[from] Grassy Terrain\n|-heal|p2a: Dipplin|74\/100|[from] item: Leftovers\n|upkeep\n|turn|4\n|inactive|TrapLyf has 120 seconds left.\n|\n|t:|1700730544\n|move|p1a: Ogerpon|Knock Off|p2a: Dipplin\n|-damage|p2a: Dipplin|38\/100\n|-enditem|p2a: Dipplin|Leftovers|[from] move: Knock Off|[of] p1a: Ogerpon\n|move|p1b: Arcanine|Rock Slide|p2b: Muk|[spread] p2a,p2b\n|-damage|p2a: Dipplin|15\/100\n|-damage|p2b: Muk|73\/100\n|move|p2b: Muk|Drain Punch|p1b: Arcanine\n|-supereffective|p1b: Arcanine\n|-damage|p1b: Arcanine|56\/100\n|-heal|p2b: Muk|91\/100|[from] drain|[of] p1b: Arcanine\n|move|p2a: Dipplin|Syrup Bomb|p1a: Ogerpon\n|-damage|p1a: Ogerpon|0 fnt\n|faint|p1a: Ogerpon\n|\n|-heal|p1b: Arcanine|62\/100|[from] Grassy Terrain\n|-heal|p2b: Muk|97\/100|[from] Grassy Terrain\n|-heal|p2a: Dipplin|21\/100|[from] Grassy Terrain\n|upkeep\n|c|\u2606Commander_Wolffy|!dt power of alchemy\n|raw|<ul class=\"utilichart\"><li class=\"result\"><span class=\"col namecol\"><a href=\"https:\/\/dex.pokemonshowdown.com\/abilities\/powerofalchemy\">Power of Alchemy<\/a><\/span> <span class=\"col abilitydesccol\">This Pokemon copies the Ability of an ally that faints.<\/span> <\/li><li style=\"clear:both\"><\/li><\/ul>\n|raw|<font size=\"1\"><font color=\"#686868\">Gen:<\/font> 7<\/font>\n\n|inactive|Commander_Wolffy has 120 seconds left.\n|c|\u2606Commander_Wolffy|interesting\n|\n|t:|1700730583\n|switch|p1a: Kommo-o|Kommo-o, F|100\/100\n|turn|5\n|inactive|Commander_Wolffy has 120 seconds left.\n|\n|t:|1700730595\n|move|p1b: Arcanine|Flare Blitz|p2a: Dipplin\n|-crit|p2a: Dipplin\n|-damage|p2a: Dipplin|0 fnt\n|faint|p2a: Dipplin\n|-damage|p1b: Arcanine|54\/100|[from] Recoil\n|move|p1a: Kommo-o|Clangorous Soul|p1a: Kommo-o\n|-boost|p1a: Kommo-o|atk|1\n|-boost|p1a: Kommo-o|def|1\n|-boost|p1a: Kommo-o|spa|1\n|-boost|p1a: Kommo-o|spd|1\n|-boost|p1a: Kommo-o|spe|1\n|-damage|p1a: Kommo-o|68\/100\n|move|p2b: Muk|Drain Punch|p1b: Arcanine\n|-supereffective|p1b: Arcanine\n|-damage|p1b: Arcanine|10\/100\n|-heal|p2b: Muk|100\/100|[from] drain|[of] p1b: Arcanine\n|-status|p1b: Arcanine|psn|[from] ability: Poison Touch|[of] p2b: Muk\n|\n|-heal|p1a: Kommo-o|74\/100|[from] Grassy Terrain\n|-heal|p1a: Kommo-o|80\/100|[from] item: Leftovers\n|-heal|p1b: Arcanine|16\/100 psn|[from] Grassy Terrain\n|-damage|p1b: Arcanine|3\/100 psn|[from] psn\n|-fieldend|move: Grassy Terrain\n|upkeep\n|c|\u2606TrapLyf|yeah i hate to break it to you but im not running power of alchemy\n|inactive|TrapLyf has 120 seconds left.\n|\n|t:|1700730617\n|switch|p2a: Enamorus|Enamorus-Therian, F|100\/100\n|turn|6\n|c|\u2606Commander_Wolffy|i was just wondering what it did\n|c|\u2606TrapLyf|not a lot\n|c|\u2606Commander_Wolffy|know the others obvs\n|inactive|TrapLyf has 120 seconds left.\n|inactive|Commander_Wolffy has 120 seconds left.\n|c|\u2606Commander_Wolffy|it could be cool but probably quite niece\n|c|\u2606Commander_Wolffy|*nieche\n|\n|t:|1700730667\n|-terastallize|p1a: Kommo-o|Steel\n|move|p1a: Kommo-o|Flash Cannon|p2a: Enamorus\n|-supereffective|p2a: Enamorus\n|-damage|p2a: Enamorus|0 fnt\n|faint|p2a: Enamorus\n|move|p1b: Arcanine|Rock Slide|p2b: Muk\n|-damage|p2b: Muk|62\/100\n|move|p2b: Muk|Knock Off|p1a: Kommo-o\n|-crit|p1a: Kommo-o\n|-damage|p1a: Kommo-o|6\/100\n|-enditem|p1a: Kommo-o|Leftovers|[from] move: Knock Off|[of] p2b: Muk\n|\n|-damage|p1b: Arcanine|0 fnt|[from] psn\n|faint|p1b: Arcanine\n|upkeep\n|inactive|Commander_Wolffy has 120 seconds left.\n|inactive|TrapLyf has 120 seconds left.\n|c|\u2606Commander_Wolffy|crit ko hurts man\n|c|\u2606TrapLyf|it would be cool but it copies abilities you might not want so it can also screw you\n|\n|t:|1700730707\n|switch|p1b: Ninetales|Ninetales-Alola, F|100\/100\n|switch|p2a: Hoopa|Hoopa-Unbound|55\/100\n|-weather|Snow|[from] ability: Snow Warning|[of] p1b: Ninetales\n|turn|7\n|c|\u2606Commander_Wolffy|imagine that thing with wonder guard lol\n|inactive|Commander_Wolffy has 120 seconds left.\n|inactive|TrapLyf has 120 seconds left.\n|c|\u2606TrapLyf|and i got a rilaboom just to weaken the ground as well\n|c|\u2606TrapLyf|it would be unreal\n|inactive|TrapLyf has 90 seconds left.\n|\n|t:|1700730762\n|move|p1a: Kommo-o|Clanging Scales|p2b: Muk|[spread] p2a,p2b\n|-damage|p2a: Hoopa|21\/100\n|-damage|p2b: Muk|32\/100\n|-unboost|p1a: Kommo-o|def|1\n|move|p1b: Ninetales|Aurora Veil|p1b: Ninetales\n|-sidestart|p1: Commander_Wolffy|move: Aurora Veil\n|move|p2a: Hoopa|Psyshock|p1a: Kommo-o\n|-resisted|p1a: Kommo-o\n|-damage|p1a: Kommo-o|0 fnt\n|faint|p1a: Kommo-o\n|move|p2b: Muk|Drain Punch|p1b: Ninetales\n|-damage|p1b: Ninetales|89\/100\n|-heal|p2b: Muk|36\/100|[from] drain|[of] p1b: Ninetales\n|\n|-weather|Snow|[upkeep]\n|upkeep\n|turn|8\n|c|\u2606Commander_Wolffy|or even tera electric with air balloon\n|inactive|TrapLyf has 90 seconds left.\n|n|!Commander_Wolffy|commanderwolffy\n|inactive|TrapLyf has 60 seconds left.\n|c|\u2606TrapLyf|thats just the same as any other wonderguard strat tho but just harder to get onto muk\n|\n|t:|1700730812\n|move|p1b: Ninetales|Blizzard|p2b: Muk|[spread] p2a,p2b\n|-damage|p2a: Hoopa|2\/100\n|-damage|p2b: Muk|20\/100\n|move|p2a: Hoopa|Focus Blast|p1b: Ninetales\n|-damage|p1b: Ninetales|48\/100\n|move|p2b: Muk|Gunk Shot|p1b: Ninetales\n|-supereffective|p1b: Ninetales\n|-damage|p1b: Ninetales|0 fnt\n|faint|p1b: Ninetales\n|\n|win|TrapLyf\n|raw|Commander_Wolffy's rating: 1322 &rarr; <strong>1309<\/strong><br \/>(-13 for losing)\n|raw|TrapLyf's rating: 1443 &rarr; <strong>1456<\/strong><br \/>(+13 for winning)\n","uploadtime":1700730776,"views":6,"p1id":"commanderwolffy","p2id":"traplyf","formatid":"gen9doublesou","rating":1309,"private":0,"password":""}