{"id":"gen9doublesou-1969363373","p1":"noobman26","p2":"Leblades123","format":"[Gen 9] Doubles OU","log":"|j|\u2606noobman26\n|j|\u2606Leblades123\n|t:|1697519797\n|gametype|doubles\n|player|p1|noobman26|youngster-gen4dp|1084\n|player|p2|Leblades123|scientist-gen4|1038\n|teamsize|p1|6\n|teamsize|p2|6\n|gen|9\n|tier|[Gen 9] Doubles OU\n|rated|\n|rule|Species Clause: Limit one of each Pok\u00e9mon\n|rule|OHKO Clause: OHKO moves are banned\n|rule|Evasion Moves Clause: Evasion moves are banned\n|rule|Gravity Sleep Clause: The combination of sleep-inducing moves with imperfect accuracy and Gravity or Gigantamax Orbeetle are banned\n|rule|Endless Battle Clause: Forcing endless battles is banned\n|rule|HP Percentage Mod: HP is shown in percentages\n|clearpoke\n|poke|p1|Piloswine, M|\n|poke|p1|Abomasnow, M|\n|poke|p1|Sandslash-Alola, F|\n|poke|p1|Chandelure, M|\n|poke|p1|Eiscue, F|\n|poke|p1|Cyclizar, M|\n|poke|p2|Snorlax, M|\n|poke|p2|Clefairy, F|\n|poke|p2|Empoleon, F|\n|poke|p2|Sneasler, M|\n|poke|p2|Moltres-Galar|\n|poke|p2|Rillaboom, F|\n|teampreview\n|\n|t:|1697519814\n|start\n|switch|p1a: Alolan Sudowoodo|Abomasnow, M|100\/100\n|switch|p1b: Mamosine jr.|Piloswine, M|100\/100\n|switch|p2a: Clefairy|Clefairy, F, shiny|100\/100\n|switch|p2b: Sneasler|Sneasler, M|100\/100\n|-weather|Snow|[from] ability: Snow Warning|[of] p1a: Alolan Sudowoodo\n|turn|1\n|inactive|Battle timer is ON: inactive players will automatically lose when time's up. (requested by Leblades123)\n|inactive|noobman26 has 120 seconds left.\n|\n|t:|1697519857\n|move|p2b: Sneasler|Swords Dance|p2b: Sneasler\n|-boost|p2b: Sneasler|atk|2\n|move|p1a: Alolan Sudowoodo|Blizzard|p2a: Clefairy|[spread] p2a,p2b\n|-crit|p2b: Sneasler\n|-damage|p2a: Clefairy|69\/100\n|-damage|p2b: Sneasler|40\/100\n|move|p1b: Mamosine jr.|Earthquake|p2b: Sneasler|[spread] p1a,p2a,p2b\n|-resisted|p1a: Alolan Sudowoodo\n|-supereffective|p2b: Sneasler\n|-damage|p1a: Alolan Sudowoodo|90\/100\n|-damage|p2a: Clefairy|49\/100\n|-damage|p2b: Sneasler|0 fnt\n|faint|p2b: Sneasler\n|move|p2a: Clefairy|Reflect|p2a: Clefairy\n|-sidestart|p2: Leblades123|Reflect\n|\n|-weather|Snow|[upkeep]\n|upkeep\n|\n|t:|1697519878\n|switch|p2b: Moltres|Moltres-Galar|100\/100\n|turn|2\n|\n|t:|1697519891\n|move|p2b: Moltres|Fiery Wrath|p1a: Alolan Sudowoodo|[spread] p1a,p1b\n|-damage|p1a: Alolan Sudowoodo|52\/100\n|-damage|p1b: Mamosine jr.|80\/100\n|cant|p1a: Alolan Sudowoodo|flinch\n|move|p1b: Mamosine jr.|Rock Slide|p2b: Moltres|[spread] p2a,p2b\n|-supereffective|p2b: Moltres\n|-damage|p2a: Clefairy|42\/100\n|-damage|p2b: Moltres|90\/100\n|cant|p2a: Clefairy|flinch\n|\n|-weather|Snow|[upkeep]\n|upkeep\n|turn|3\n|\n|t:|1697519898\n|move|p2b: Moltres|Fiery Wrath|p1a: Alolan Sudowoodo|[spread] p1a,p1b\n|-damage|p1a: Alolan Sudowoodo|12\/100\n|-damage|p1b: Mamosine jr.|59\/100\n|move|p1a: Alolan Sudowoodo|Blizzard|p2b: Moltres|[spread] p2a,p2b\n|-crit|p2a: Clefairy\n|-supereffective|p2b: Moltres\n|-damage|p2a: Clefairy|0 fnt\n|-damage|p2b: Moltres|48\/100\n|faint|p2a: Clefairy\n|-ability|p2b: Moltres|Berserk|boost\n|-boost|p2b: Moltres|spa|1\n|move|p1b: Mamosine jr.|Rock Slide|p2b: Moltres|[miss]\n|-miss|p1b: Mamosine jr.|p2b: Moltres\n|\n|-weather|Snow|[upkeep]\n|upkeep\n|\n|t:|1697519905\n|switch|p2a: Snorlax|Snorlax, M|100\/100\n|turn|4\n|\n|t:|1697519934\n|move|p2b: Moltres|Fiery Wrath|p1b: Mamosine jr.|[spread] p1a,p1b\n|-damage|p1a: Alolan Sudowoodo|0 fnt\n|-damage|p1b: Mamosine jr.|24\/100\n|faint|p1a: Alolan Sudowoodo\n|move|p1b: Mamosine jr.|Rock Slide|p2a: Snorlax|[spread] p2a,p2b\n|-crit|p2a: Snorlax\n|-supereffective|p2b: Moltres\n|-damage|p2a: Snorlax|88\/100\n|-damage|p2b: Moltres|34\/100\n|move|p2a: Snorlax|Curse|p2a: Snorlax\n|-unboost|p2a: Snorlax|spe|1\n|-boost|p2a: Snorlax|atk|1\n|-boost|p2a: Snorlax|def|1\n|\n|-weather|Snow|[upkeep]\n|upkeep\n|\n|t:|1697519939\n|switch|p1a: Sun Slash|Sandslash-Alola, F|100\/100\n|turn|5\n|\n|t:|1697519951\n|move|p1a: Sun Slash|Leech Life|p2b: Moltres\n|-damage|p2b: Moltres|23\/100\n|move|p2b: Moltres|Fiery Wrath|p1b: Mamosine jr.|[spread] p1a,p1b\n|-damage|p1a: Sun Slash|7\/100\n|-damage|p1b: Mamosine jr.|0 fnt\n|faint|p1b: Mamosine jr.\n|move|p2a: Snorlax|Body Slam|p1a: Sun Slash\n|-resisted|p1a: Sun Slash\n|-damage|p1a: Sun Slash|0 fnt\n|faint|p1a: Sun Slash\n|\n|-weather|Snow|[upkeep]\n|-sideend|p2: Leblades123|Reflect\n|upkeep\n|\n|t:|1697519962\n|switch|p1a: Bicycle|Cyclizar, M|100\/100\n|switch|p1b: Candle|Chandelure, M|100\/100\n|turn|6\n|\n|t:|1697519974\n|move|p1b: Candle|Flamethrower|p2b: Moltres\n|-damage|p2b: Moltres|0 fnt\n|faint|p2b: Moltres\n|move|p2a: Snorlax|Body Slam|p1b: Candle\n|-immune|p1b: Candle\n|move|p1a: Bicycle|Dragon Tail|p2a: Snorlax\n|-damage|p2a: Snorlax|79\/100\n|drag|p2a: Rillaboom|Rillaboom, F|100\/100\n|-fieldstart|move: Grassy Terrain|[from] ability: Grassy Surge|[of] p2a: Rillaboom\n|-enditem|p2a: Rillaboom|Grassy Seed\n|-boost|p2a: Rillaboom|def|1|[from] item: Grassy Seed\n|\n|-weather|Snow|[upkeep]\n|upkeep\n|\n|t:|1697519982\n|switch|p2b: Empoleon|Empoleon, F|100\/100\n|turn|7\n|\n|t:|1697519996\n|move|p2a: Rillaboom|Fake Out|p1b: Candle\n|-immune|p1b: Candle\n|move|p1a: Bicycle|Shed Tail|p1a: Bicycle\n|-start|p1a: Bicycle|Substitute|[from] move: Shed Tail\n|-damage|p1a: Bicycle|50\/100\n|\n|t:|1697520005\n|switch|p1a: Smolpeng|Eiscue, F|100\/100|[from] Shed Tail\n|move|p1b: Candle|Flamethrower|p2a: Rillaboom\n|-supereffective|p2a: Rillaboom\n|-damage|p2a: Rillaboom|0 fnt\n|faint|p2a: Rillaboom\n|move|p2b: Empoleon|Hydro Pump|p1b: Candle\n|-supereffective|p1b: Candle\n|-damage|p1b: Candle|0 fnt\n|faint|p1b: Candle\n|\n|-weather|Snow|[upkeep]\n|upkeep\n|\n|t:|1697520017\n|switch|p1b: Bicycle|Cyclizar, M|84\/100\n|switch|p2a: Snorlax|Snorlax, M|79\/100\n|turn|8\n|\n|t:|1697520035\n|move|p1b: Bicycle|Knock Off|p2b: Empoleon\n|-damage|p2b: Empoleon|77\/100\n|-enditem|p2b: Empoleon|Assault Vest|[from] move: Knock Off|[of] p1b: Bicycle\n|move|p1a: Smolpeng|Belly Drum|p1a: Smolpeng\n|-damage|p1a: Smolpeng|50\/100\n|-setboost|p1a: Smolpeng|atk|6|[from] move: Belly Drum\n|move|p2b: Empoleon|Hydro Pump|p1b: Bicycle\n|-resisted|p1b: Bicycle\n|-damage|p1b: Bicycle|44\/100\n|move|p2a: Snorlax|Curse|p2a: Snorlax\n|-unboost|p2a: Snorlax|spe|1\n|-boost|p2a: Snorlax|atk|1\n|-boost|p2a: Snorlax|def|1\n|\n|-weather|none\n|-heal|p1b: Bicycle|50\/100|[from] Grassy Terrain\n|-heal|p1a: Smolpeng|57\/100|[from] Grassy Terrain\n|-heal|p2b: Empoleon|84\/100|[from] Grassy Terrain\n|-heal|p2a: Snorlax|85\/100|[from] Grassy Terrain\n|upkeep\n|turn|9\n|\n|t:|1697520063\n|move|p1b: Bicycle|Knock Off|p2a: Snorlax\n|-damage|p2a: Snorlax|74\/100\n|-enditem|p2a: Snorlax|Aguav Berry|[from] move: Knock Off|[of] p1b: Bicycle\n|move|p1a: Smolpeng|Ice Spinner|p2b: Empoleon\n|-resisted|p2b: Empoleon\n|-crit|p2b: Empoleon\n|-damage|p2b: Empoleon|34\/100\n|-fieldend|move: Grassy Terrain\n|move|p2b: Empoleon|Flash Cannon|p1b: Bicycle\n|-damage|p1b: Bicycle|0 fnt\n|faint|p1b: Bicycle\n|move|p2a: Snorlax|Body Slam|p1a: Smolpeng\n|-end|p1a: Smolpeng|Substitute\n|\n|upkeep\n|turn|10\n|\n|t:|1697520073\n|move|p1a: Smolpeng|Ice Spinner|p2b: Empoleon\n|-resisted|p2b: Empoleon\n|-damage|p2b: Empoleon|2\/100\n|move|p2b: Empoleon|Flash Cannon|p1a: Smolpeng\n|-supereffective|p1a: Smolpeng\n|-damage|p1a: Smolpeng|0 fnt\n|faint|p1a: Smolpeng\n|\n|win|Leblades123\n|raw|noobman26's rating: 1084 &rarr; <strong>1058<\/strong><br \/>(-26 for losing)\n|raw|Leblades123's rating: 1038 &rarr; <strong>1077<\/strong><br \/>(+39 for winning)\n|l|\u2606noobman26\n|l|\u2606Leblades123\n|j|\u2606Leblades123\n|player|p2|Leblades123|scientist-gen4\n","uploadtime":1697520130,"views":12,"p1id":"noobman26","p2id":"leblades123","formatid":"gen9doublesou","rating":1058,"private":0,"password":""}