{"id":"gen9doublesou-1984675979","p1":"tiago19fel","p2":"copy master ditto","format":"[Gen 9] Doubles OU","log":"|j|\u2606tiago19fel\n|j|\u2606copy master ditto\n|t:|1699289954\n|gametype|doubles\n|player|p1|tiago19fel|hilbert|1038\n|player|p2|copy master ditto|ethan|1002\n|teamsize|p1|6\n|teamsize|p2|6\n|gen|9\n|tier|[Gen 9] Doubles OU\n|rated|\n|rule|Species Clause: Limit one of each Pok\u00e9mon\n|rule|OHKO Clause: OHKO moves are banned\n|rule|Evasion Moves Clause: Evasion moves are banned\n|rule|Gravity Sleep Clause: The combination of sleep-inducing moves with imperfect accuracy and Gravity or Gigantamax Orbeetle are banned\n|rule|Endless Battle Clause: Forcing endless battles is banned\n|rule|HP Percentage Mod: HP is shown in percentages\n|clearpoke\n|poke|p1|Gholdengo|\n|poke|p1|Iron Hands|\n|poke|p1|Greninja-*, M|\n|poke|p1|Rillaboom, M|\n|poke|p1|Dragapult, M|\n|poke|p1|Arcanine, M|\n|poke|p2|Dragonite, F|\n|poke|p2|Magnezone|\n|poke|p2|Swalot, M|\n|poke|p2|Amoonguss, M|\n|poke|p2|Falinks|\n|poke|p2|Ditto|\n|teampreview\n|\n|t:|1699289958\n|start\n|switch|p1a: Arcanine|Arcanine, M|100\/100\n|switch|p1b: Gholdengo|Gholdengo|100\/100\n|switch|p2a: draqueen|Dragonite, F|100\/100\n|switch|p2b: UFO|Magnezone|100\/100\n|turn|1\n|\n|t:|1699289972\n|move|p1a: Arcanine|Fire Blast|p2a: draqueen\n|-resisted|p2a: draqueen\n|-damage|p2a: draqueen|90\/100\n|move|p1b: Gholdengo|Make It Rain|p2b: UFO|[spread] p2a,p2b\n|-resisted|p2b: UFO\n|-damage|p2a: draqueen|38\/100\n|-damage|p2b: UFO|91\/100\n|-unboost|p1b: Gholdengo|spa|1\n|move|p2a: draqueen|Dragon Dance|p2a: draqueen\n|-boost|p2a: draqueen|atk|1\n|-boost|p2a: draqueen|spe|1\n|move|p2b: UFO|Iron Defense|p2b: UFO\n|-boost|p2b: UFO|def|2\n|\n|-heal|p2b: UFO|97\/100|[from] item: Leftovers\n|upkeep\n|turn|2\n|\n|t:|1699289991\n|move|p2b: UFO|Helping Hand|p2a: draqueen\n|-singleturn|p2a: draqueen|Helping Hand|[of] p2b: UFO\n|move|p2a: draqueen|Fire Punch|p1b: Gholdengo\n|-supereffective|p1b: Gholdengo\n|-damage|p1b: Gholdengo|0 fnt\n|faint|p1b: Gholdengo\n|move|p1a: Arcanine|Overheat|p2a: draqueen\n|-resisted|p2a: draqueen\n|-damage|p2a: draqueen|13\/100\n|-unboost|p1a: Arcanine|spa|2\n|\n|-heal|p2b: UFO|100\/100|[from] item: Leftovers\n|upkeep\n|\n|t:|1699290005\n|switch|p1b: Iron Hands|Iron Hands|100\/100\n|turn|3\n|\n|t:|1699290017\n|move|p2a: draqueen|Extreme Speed|p1b: Iron Hands\n|-damage|p1b: Iron Hands|69\/100\n|move|p1a: Arcanine|Outrage|p2b: UFO\n|-resisted|p2b: UFO\n|-damage|p2b: UFO|92\/100\n|move|p2b: UFO|Body Press|p1a: Arcanine\n|-damage|p1a: Arcanine|45\/100\n|move|p1b: Iron Hands|Close Combat|p2b: UFO\n|-supereffective|p2b: UFO\n|-damage|p2b: UFO|32\/100\n|-unboost|p1b: Iron Hands|def|1\n|-unboost|p1b: Iron Hands|spd|1\n|\n|-heal|p2b: UFO|38\/100|[from] item: Leftovers\n|upkeep\n|turn|4\n|\n|t:|1699290056\n|-singleturn|p1b: Iron Hands|move: Focus Punch\n|move|p2a: draqueen|Draco Meteor|p1b: Iron Hands\n|-damage|p1b: Iron Hands|3\/100\n|-unboost|p2a: draqueen|spa|2\n|move|p1a: Arcanine|Outrage|p2a: draqueen|[from]lockedmove\n|-supereffective|p2a: draqueen\n|-damage|p2a: draqueen|0 fnt\n|faint|p2a: draqueen\n|move|p2b: UFO|Body Press|p1a: Arcanine\n|-damage|p1a: Arcanine|0 fnt\n|faint|p1a: Arcanine\n|cant|p1b: Iron Hands|Focus Punch|Focus Punch\n|\n|-heal|p2b: UFO|44\/100|[from] item: Leftovers\n|upkeep\n|\n|t:|1699290084\n|switch|p1a: Dragapult|Dragapult, M|100\/100\n|switch|p2a: pollener|Amoonguss, M|100\/100\n|turn|5\n|\n|t:|1699290095\n|move|p1a: Dragapult|Shadow Ball|p2b: UFO\n|-damage|p2b: UFO|17\/100\n|move|p2b: UFO|Flash Cannon|p1b: Iron Hands\n|-resisted|p1b: Iron Hands\n|-damage|p1b: Iron Hands|0 fnt\n|faint|p1b: Iron Hands\n|-end|p1b: Iron Hands|Quark Drive|[silent]\n|move|p2a: pollener|Pollen Puff|p2b: UFO\n|-heal|p2b: UFO|67\/100\n|\n|-heal|p2b: UFO|73\/100|[from] item: Leftovers\n|upkeep\n|\n|t:|1699290106\n|switch|p1b: Rillaboom|Rillaboom, M|100\/100\n|turn|6\n|\n|t:|1699290121\n|move|p1a: Dragapult|Dragon Pulse|p2b: UFO\n|-resisted|p2b: UFO\n|-damage|p2b: UFO|57\/100\n|move|p1b: Rillaboom|Boomburst|p2b: UFO|[spread] p2a,p2b\n|-immune|p1a: Dragapult\n|-resisted|p2b: UFO\n|-damage|p2a: pollener|91\/100\n|-damage|p2b: UFO|51\/100\n|move|p2b: UFO|Flash Cannon|p1a: Dragapult\n|-damage|p1a: Dragapult|53\/100\n|-unboost|p1a: Dragapult|spd|1\n|move|p2a: pollener|Toxic|p1b: Rillaboom\n|-status|p1b: Rillaboom|tox\n|\n|-heal|p2b: UFO|57\/100|[from] item: Leftovers\n|-damage|p1b: Rillaboom|94\/100 tox|[from] psn\n|upkeep\n|turn|7\n|\n|t:|1699290144\n|move|p1a: Dragapult|Shadow Ball|p2a: pollener\n|-damage|p2a: pollener|68\/100\n|move|p1b: Rillaboom|Hammer Arm|p2b: UFO|[miss]\n|-miss|p1b: Rillaboom|p2b: UFO\n|move|p2b: UFO|Flash Cannon|p1a: Dragapult\n|-damage|p1a: Dragapult|0 fnt\n|faint|p1a: Dragapult\n|move|p2a: pollener|Spore|p1b: Rillaboom\n|-immune|p1b: Rillaboom\n|\n|-heal|p2b: UFO|63\/100|[from] item: Leftovers\n|-damage|p1b: Rillaboom|82\/100 tox|[from] psn\n|upkeep\n|\n|t:|1699290158\n|switch|p1a: Greninja|Greninja, M|100\/100\n|turn|8\n|\n|t:|1699290175\n|move|p2b: UFO|Helping Hand|p2a: pollener\n|-singleturn|p2a: pollener|Helping Hand|[of] p2b: UFO\n|move|p1a: Greninja|Blizzard|p2a: pollener|[spread] p2a,p2b\n|-supereffective|p2a: pollener\n|-resisted|p2b: UFO\n|-damage|p2a: pollener|36\/100\n|-damage|p2b: UFO|53\/100\n|-status|p2a: pollener|frz\n|move|p1b: Rillaboom|Leaf Storm|p2a: pollener\n|-resisted|p2a: pollener\n|-damage|p2a: pollener|31\/100 frz\n|-unboost|p1b: Rillaboom|spa|2\n|cant|p2a: pollener|frz\n|\n|-heal|p2b: UFO|59\/100|[from] item: Leftovers\n|-damage|p1b: Rillaboom|64\/100 tox|[from] psn\n|upkeep\n|turn|9\n|\n|t:|1699290196\n|move|p1a: Greninja|Blizzard|p2b: UFO|[spread] \n|-miss|p1a: Greninja|p2a: pollener\n|-miss|p1a: Greninja|p2b: UFO\n|move|p1b: Rillaboom|Hammer Arm|p2b: UFO|[miss]\n|-miss|p1b: Rillaboom|p2b: UFO\n|move|p2b: UFO|Flash Cannon|p1a: Greninja\n|-resisted|p1a: Greninja\n|-damage|p1a: Greninja|74\/100\n|cant|p2a: pollener|frz\n|\n|-heal|p2b: UFO|65\/100|[from] item: Leftovers\n|-damage|p1b: Rillaboom|39\/100 tox|[from] psn\n|upkeep\n|turn|10\n|\n|t:|1699290217\n|move|p1a: Greninja|Blizzard|p2b: UFO|[spread] \n|-miss|p1a: Greninja|p2a: pollener\n|-miss|p1a: Greninja|p2b: UFO\n|move|p1b: Rillaboom|Hammer Arm|p2a: pollener\n|-resisted|p2a: pollener\n|-damage|p2a: pollener|14\/100 frz\n|-unboost|p1b: Rillaboom|spe|1\n|move|p2b: UFO|Body Press|p1a: Greninja\n|-supereffective|p1a: Greninja\n|-damage|p1a: Greninja|0 fnt\n|faint|p1a: Greninja\n|cant|p2a: pollener|frz\n|\n|-heal|p2b: UFO|71\/100|[from] item: Leftovers\n|-damage|p1b: Rillaboom|8\/100 tox|[from] psn\n|upkeep\n|-enditem|p1b: Rillaboom|Iapapa Berry|[eat]\n|-heal|p1b: Rillaboom|41\/100 tox|[from] item: Iapapa Berry\n|turn|11\n|\n|t:|1699290239\n|cant|p2a: pollener|frz\n|move|p1b: Rillaboom|Earthquake|p2a: pollener|[spread] p2a,p2b\n|-crit|p2a: pollener\n|-supereffective|p2b: UFO\n|-damage|p2a: pollener|0 fnt\n|-damage|p2b: UFO|27\/100\n|faint|p2a: pollener\n|move|p2b: UFO|Body Press|p1b: Rillaboom\n|-damage|p1b: Rillaboom|0 fnt\n|faint|p1b: Rillaboom\n|\n|win|copy master ditto\n|raw|tiago19fel's rating: 1038 &rarr; <strong>1021<\/strong><br \/>(-17 for losing)\n|raw|copy master ditto's rating: 1002 &rarr; <strong>1046<\/strong><br \/>(+44 for winning)\n|c|\u2606copy master ditto|gg\n|l|\u2606tiago19fel\n","uploadtime":1699290263,"views":8,"p1id":"tiago19fel","p2id":"copymasterditto","formatid":"gen9doublesou","rating":1021,"private":0,"password":""}