{"id":"gen9doublesou-1977332842","p1":"DoerreKong","p2":"FoolGroucho","format":"[Gen 9] Doubles OU","log":"|j|\u2606DoerreKong\n|j|\u2606FoolGroucho\n|t:|1698406302\n|gametype|doubles\n|player|p1|DoerreKong|ltsurge|1593\n|player|p2|FoolGroucho|janitor|1641\n|teamsize|p1|6\n|teamsize|p2|6\n|gen|9\n|tier|[Gen 9] Doubles OU\n|rated|\n|rule|Species Clause: Limit one of each Pok\u00e9mon\n|rule|OHKO Clause: OHKO moves are banned\n|rule|Evasion Moves Clause: Evasion moves are banned\n|rule|Gravity Sleep Clause: The combination of sleep-inducing moves with imperfect accuracy and Gravity or Gigantamax Orbeetle are banned\n|rule|Endless Battle Clause: Forcing endless battles is banned\n|rule|HP Percentage Mod: HP is shown in percentages\n|clearpoke\n|poke|p1|Torkoal, M|\n|poke|p1|Cresselia, F|\n|poke|p1|Diancie|\n|poke|p1|Iron Hands|\n|poke|p1|Farigiraf, F|\n|poke|p1|Amoonguss, F|\n|poke|p2|Sableye, F|\n|poke|p2|Rillaboom, M|\n|poke|p2|Torkoal, M|\n|poke|p2|Ceruledge, F|\n|poke|p2|Lilligant-Hisui, F|\n|poke|p2|Milotic, F|\n|teampreview\n|inactive|Battle timer is ON: inactive players will automatically lose when time's up. (requested by DoerreKong)\n|inactive|FoolGroucho also wants the timer to be on.\n|inactive|DoerreKong has 120 seconds left.\n|\n|t:|1698406333\n|start\n|switch|p1a: Farigiraf|Farigiraf, F|100\/100\n|switch|p1b: Iron Hands|Iron Hands|100\/100\n|switch|p2a: Lilligant|Lilligant-Hisui, F|100\/100\n|switch|p2b: Torkoal|Torkoal, M|100\/100\n|-weather|SunnyDay|[from] ability: Drought|[of] p2b: Torkoal\n|turn|1\n|\n|t:|1698406344\n|move|p2b: Torkoal|Protect|p2b: Torkoal\n|-singleturn|p2b: Torkoal|Protect\n|move|p2a: Lilligant|Sleep Powder|p1a: Farigiraf\n|-status|p1a: Farigiraf|slp|[from] move: Sleep Powder\n|cant|p1a: Farigiraf|slp\n|move|p1b: Iron Hands|Iron Defense|p1b: Iron Hands\n|-boost|p1b: Iron Hands|def|2\n|\n|-weather|SunnyDay|[upkeep]\n|upkeep\n|turn|2\n|\n|t:|1698406357\n|-terastallize|p2b: Torkoal|Fire\n|move|p2a: Lilligant|After You|p2b: Torkoal\n|-activate|p2b: Torkoal|move: After You\n|move|p2b: Torkoal|Eruption|p1a: Farigiraf|[spread] p1a,p1b\n|-damage|p1a: Farigiraf|0 fnt\n|-damage|p1b: Iron Hands|13\/100\n|faint|p1a: Farigiraf\n|move|p1b: Iron Hands|Body Press|p2a: Lilligant\n|-enditem|p2a: Lilligant|Focus Sash\n|-damage|p2a: Lilligant|1\/100\n|\n|-weather|SunnyDay|[upkeep]\n|-heal|p1b: Iron Hands|20\/100|[from] item: Leftovers\n|upkeep\n|\n|t:|1698406365\n|switch|p1a: Diancie|Diancie|100\/100\n|turn|3\n|\n|t:|1698406377\n|move|p2a: Lilligant|Solar Blade||[still]\n|-prepare|p2a: Lilligant|Solar Blade\n|-anim|p2a: Lilligant|Solar Blade|p1a: Diancie\n|-supereffective|p1a: Diancie\n|-damage|p1a: Diancie|33\/100\n|-enditem|p1a: Diancie|Weakness Policy\n|-boost|p1a: Diancie|atk|2|[from] item: Weakness Policy\n|-boost|p1a: Diancie|spa|2|[from] item: Weakness Policy\n|move|p1b: Iron Hands|Body Press|p2b: Torkoal\n|-damage|p2b: Torkoal|46\/100\n|move|p1a: Diancie|Diamond Storm|p2b: Torkoal|[spread] p2a,p2b\n|-resisted|p2a: Lilligant\n|-supereffective|p2b: Torkoal\n|-damage|p2a: Lilligant|0 fnt\n|-damage|p2b: Torkoal|0 fnt\n|faint|p2a: Lilligant\n|faint|p2b: Torkoal\n|\n|-weather|SunnyDay|[upkeep]\n|-heal|p1b: Iron Hands|26\/100|[from] item: Leftovers\n|upkeep\n|\n|t:|1698406394\n|switch|p2a: Sableye|Sableye, F|100\/100\n|switch|p2b: Ceruledge|Ceruledge, F|100\/100\n|turn|4\n|\n|t:|1698406409\n|move|p2b: Ceruledge|Protect|p2b: Ceruledge\n|-singleturn|p2b: Ceruledge|Protect\n|move|p2a: Sableye|Encore|p1b: Iron Hands\n|-start|p1b: Iron Hands|Encore\n|move|p1b: Iron Hands|Body Press|p2a: Sableye\n|-immune|p2a: Sableye\n|move|p1a: Diancie|Trick Room|p1a: Diancie\n|-fieldstart|move: Trick Room|[of] p1a: Diancie\n|\n|-weather|SunnyDay|[upkeep]\n|-heal|p1b: Iron Hands|32\/100|[from] item: Leftovers\n|upkeep\n|turn|5\n|\n|t:|1698406435\n|switch|p1a: Amoonguss|Amoonguss, F|100\/100\n|-end|p1b: Iron Hands|Quark Drive|[silent]\n|switch|p1b: Cresselia|Cresselia, F|100\/100\n|switch|p2b: Rillaboom|Rillaboom, M|100\/100\n|-fieldstart|move: Grassy Terrain|[from] ability: Grassy Surge|[of] p2b: Rillaboom\n|move|p2a: Sableye|Encore||[still]\n|-fail|p2a: Sableye\n|\n|-weather|none\n|upkeep\n|turn|6\n|\n|t:|1698406455\n|switch|p2a: Ceruledge|Ceruledge, F|100\/100\n|move|p2b: Rillaboom|Fake Out|p1a: Amoonguss\n|-damage|p1a: Amoonguss|87\/100\n|cant|p1a: Amoonguss|flinch\n|move|p1b: Cresselia|Calm Mind|p1b: Cresselia\n|-boost|p1b: Cresselia|spa|1\n|-boost|p1b: Cresselia|spd|1\n|\n|-heal|p1a: Amoonguss|93\/100|[from] Grassy Terrain\n|upkeep\n|turn|7\n|\n|t:|1698406481\n|switch|p2a: Sableye|Sableye, F|100\/100\n|move|p1a: Amoonguss|Spore|p2a: Sableye\n|-status|p2a: Sableye|slp|[from] move: Spore\n|move|p1b: Cresselia|Calm Mind|p1b: Cresselia\n|-boost|p1b: Cresselia|spa|1\n|-boost|p1b: Cresselia|spd|1\n|move|p2b: Rillaboom|Wood Hammer|p1b: Cresselia\n|-damage|p1b: Cresselia|34\/100\n|-damage|p2b: Rillaboom|73\/100|[from] Recoil\n|\n|-heal|p1a: Amoonguss|99\/100|[from] Grassy Terrain\n|-heal|p1b: Cresselia|40\/100|[from] item: Leftovers\n|-heal|p2b: Rillaboom|79\/100|[from] Grassy Terrain\n|upkeep\n|turn|8\n|\n|t:|1698406501\n|switch|p2a: Ceruledge|Ceruledge, F|100\/100\n|move|p1a: Amoonguss|Pollen Puff|p1b: Cresselia\n|-heal|p1b: Cresselia|90\/100\n|move|p1b: Cresselia|Calm Mind|p1b: Cresselia\n|-boost|p1b: Cresselia|spa|1\n|-boost|p1b: Cresselia|spd|1\n|move|p2b: Rillaboom|Wood Hammer|p1b: Cresselia\n|-damage|p1b: Cresselia|23\/100\n|-damage|p2b: Rillaboom|51\/100|[from] Recoil\n|\n|-heal|p1a: Amoonguss|100\/100|[from] Grassy Terrain\n|-heal|p1b: Cresselia|29\/100|[from] item: Leftovers\n|-heal|p2b: Rillaboom|57\/100|[from] Grassy Terrain\n|-fieldend|move: Trick Room\n|upkeep\n|turn|9\n|-activate|p1a: Amoonguss|item: Quick Claw\n|\n|t:|1698406520\n|move|p1a: Amoonguss|Spore|p2a: Ceruledge\n|-status|p2a: Ceruledge|slp|[from] move: Spore\n|move|p2b: Rillaboom|High Horsepower|p1a: Amoonguss\n|-damage|p1a: Amoonguss|72\/100\n|cant|p2a: Ceruledge|slp\n|move|p1b: Cresselia|Trick Room|p1b: Cresselia\n|-fieldstart|move: Trick Room|[of] p1b: Cresselia\n|\n|-heal|p1a: Amoonguss|79\/100|[from] Grassy Terrain\n|-heal|p1b: Cresselia|35\/100|[from] item: Leftovers\n|-heal|p2b: Rillaboom|63\/100|[from] Grassy Terrain\n|-fieldend|move: Grassy Terrain\n|upkeep\n|turn|10\n|\n|t:|1698406535\n|move|p1a: Amoonguss|Pollen Puff|p1b: Cresselia\n|-heal|p1b: Cresselia|85\/100\n|move|p1b: Cresselia|Stored Power|p2b: Rillaboom\n|-damage|p2b: Rillaboom|0 fnt\n|faint|p2b: Rillaboom\n|cant|p2a: Ceruledge|slp\n|\n|-heal|p1b: Cresselia|91\/100|[from] item: Leftovers\n|upkeep\n|-message|FoolGroucho forfeited.\n|\n|win|DoerreKong\n|raw|DoerreKong's rating: 1593 &rarr; <strong>1616<\/strong><br \/>(+23 for winning)\n|raw|FoolGroucho's rating: 1641 &rarr; <strong>1618<\/strong><br \/>(-23 for losing)\n|l|\u2606FoolGroucho\n","uploadtime":1698406552,"views":18,"p1id":"doerrekong","p2id":"foolgroucho","formatid":"gen9doublesou","rating":1616,"private":0,"password":""}