{"id":"gen9doublesou-1988014292","p1":"Swisky Dhar","p2":"cotesmcgotes","format":"[Gen 9] Doubles OU","log":"|j|\u2606Swisky Dhar\n|j|\u2606cotesmcgotes\n|t:|1699659258\n|gametype|doubles\n|player|p1|Swisky Dhar|1|1363\n|player|p2|cotesmcgotes|flannery|1347\n|teamsize|p1|6\n|teamsize|p2|6\n|gen|9\n|tier|[Gen 9] Doubles OU\n|rated|\n|rule|Species Clause: Limit one of each Pok\u00e9mon\n|rule|OHKO Clause: OHKO moves are banned\n|rule|Evasion Moves Clause: Evasion moves are banned\n|rule|Gravity Sleep Clause: The combination of sleep-inducing moves with imperfect accuracy and Gravity or Gigantamax Orbeetle are banned\n|rule|Endless Battle Clause: Forcing endless battles is banned\n|rule|HP Percentage Mod: HP is shown in percentages\n|clearpoke\n|poke|p1|Milotic, F|\n|poke|p1|Muk-Alola, M|\n|poke|p1|Slowking-Galar, M|\n|poke|p1|Kingambit, M|\n|poke|p1|Sinistcha|\n|poke|p1|Ninetales-Alola, M|\n|poke|p2|Cresselia, F|\n|poke|p2|Overqwil, M|\n|poke|p2|Tornadus, M|\n|poke|p2|Palafin, F|\n|poke|p2|Ursaluna-Bloodmoon, M|\n|poke|p2|Ogerpon-Hearthflame, F|\n|teampreview\n|inactive|Battle timer is ON: inactive players will automatically lose when time's up. (requested by cotesmcgotes)\n|inactive|Swisky Dhar has 120 seconds left.\n|\n|t:|1699659303\n|start\n|switch|p1a: Milotic|Milotic, F|100\/100\n|switch|p1b: :D|Ninetales-Alola, M|100\/100\n|switch|p2a: Tornadus|Tornadus, M, shiny|100\/100\n|switch|p2b: Palafin|Palafin, F|100\/100\n|-weather|Snow|[from] ability: Snow Warning|[of] p1b: :D\n|turn|1\n|inactive|Swisky Dhar has 120 seconds left.\n|\n|t:|1699659358\n|move|p2a: Tornadus|Rain Dance|p2a: Tornadus\n|-weather|RainDance\n|move|p2b: Palafin|Flip Turn|p1b: :D\n|-damage|p1b: :D|54\/100\n|\n|t:|1699659365\n|detailschange|p2b: Palafin|Palafin-Hero, F\n|switch|p2b: Overqwil|Overqwil, M|100\/100|[from] Flip Turn\n|move|p1b: :D|Aurora Veil||[still]\n|-fail|p1b: :D\n|move|p1a: Milotic|Scald|p2b: Overqwil\n|-crit|p2b: Overqwil\n|-damage|p2b: Overqwil|0 fnt\n|faint|p2b: Overqwil\n|-damage|p1a: Milotic|91\/100|[from] item: Life Orb\n|\n|-weather|RainDance|[upkeep]\n|upkeep\n|\n|t:|1699659384\n|switch|p2b: Ogerpon|Ogerpon-Hearthflame, F|100\/100\n|-ability|p2b: Ogerpon|Mold Breaker\n|turn|2\n|inactive|Swisky Dhar has 120 seconds left.\n|\n|t:|1699659413\n|move|p2b: Ogerpon|Horn Leech|p1a: Milotic\n|-supereffective|p1a: Milotic\n|-damage|p1a: Milotic|0 fnt\n|faint|p1a: Milotic\n|move|p1b: :D|Freeze-Dry|p2a: Tornadus\n|-supereffective|p2a: Tornadus\n|-damage|p2a: Tornadus|54\/100\n|move|p2a: Tornadus|Bleakwind Storm|p1b: :D\n|-damage|p1b: :D|5\/100\n|-unboost|p1b: :D|spe|1\n|\n|-weather|RainDance|[upkeep]\n|upkeep\n|\n|t:|1699659427\n|switch|p1a: Mukkington III|Muk-Alola, M|100\/100\n|turn|3\n|inactive|Swisky Dhar has 120 seconds left.\n|\n|t:|1699659443\n|move|p2a: Tornadus|Tailwind|p2a: Tornadus\n|-sidestart|p2: cotesmcgotes|move: Tailwind\n|move|p2b: Ogerpon|Ivy Cudgel|p1b: :D\n|-supereffective|p1b: :D\n|-damage|p1b: :D|0 fnt\n|faint|p1b: :D\n|move|p1a: Mukkington III|Poison Jab|p2b: Ogerpon\n|-supereffective|p2b: Ogerpon\n|-damage|p2b: Ogerpon|0 fnt\n|faint|p2b: Ogerpon\n|\n|-weather|RainDance|[upkeep]\n|upkeep\n|inactive|Swisky Dhar has 120 seconds left.\n|inactive|Swisky Dhar has 90 seconds left.\n|\n|t:|1699659490\n|switch|p2b: Ursaluna|Ursaluna-Bloodmoon, M|100\/100\n|switch|p1b: Musashi|Kingambit, M|100\/100\n|turn|4\n|inactive|cotesmcgotes has 120 seconds left.\n|inactive|cotesmcgotes has 90 seconds left.\n|\n|t:|1699659558\n|-terastallize|p2b: Ursaluna|Fairy\n|-terastallize|p1b: Musashi|Dark\n|move|p2a: Tornadus|Bleakwind Storm|p1a: Mukkington III|[spread] p1a,p1b\n|-damage|p1a: Mukkington III|72\/100\n|-damage|p1b: Musashi|72\/100\n|-unboost|p1b: Musashi|spe|1\n|-ability|p1b: Musashi|Defiant|boost\n|-boost|p1b: Musashi|atk|2\n|move|p2b: Ursaluna|Earth Power|p1a: Mukkington III\n|-supereffective|p1a: Mukkington III\n|-damage|p1a: Mukkington III|0 fnt\n|faint|p1a: Mukkington III\n|move|p1b: Musashi|Kowtow Cleave|p2b: Ursaluna\n|-resisted|p2b: Ursaluna\n|-damage|p2b: Ursaluna|50\/100\n|\n|-weather|RainDance|[upkeep]\n|upkeep\n|inactive|Swisky Dhar has 90 seconds left.\n|\n|t:|1699659578\n|switch|p1a: Mukkington II|Slowking-Galar, M|100\/100\n|turn|5\n|inactive|cotesmcgotes has 90 seconds left.\n|\n|t:|1699659604\n|move|p2a: Tornadus|Taunt|p1a: Mukkington II\n|-start|p1a: Mukkington II|move: Taunt\n|move|p2b: Ursaluna|Moonblast|p1b: Musashi\n|-supereffective|p1b: Musashi\n|-damage|p1b: Musashi|0 fnt\n|faint|p1b: Musashi\n|cant|p1a: Mukkington II|move: Taunt|Heal Pulse\n|\n|-weather|RainDance|[upkeep]\n|upkeep\n|\n|t:|1699659614\n|switch|p1b: SHE TOOK THE KIDS|Sinistcha|100\/100\n|turn|6\n|\n|t:|1699659628\n|move|p2a: Tornadus|Bleakwind Storm|p1a: Mukkington II|[spread] p1a,p1b\n|-supereffective|p1b: SHE TOOK THE KIDS\n|-damage|p1a: Mukkington II|71\/100\n|-damage|p1b: SHE TOOK THE KIDS|24\/100\n|move|p2b: Ursaluna|Earth Power|p1a: Mukkington II\n|-supereffective|p1a: Mukkington II\n|-damage|p1a: Mukkington II|0 fnt\n|faint|p1a: Mukkington II\n|move|p1b: SHE TOOK THE KIDS|Matcha Gotcha|p2a: Tornadus|[spread] p2a,p2b\n|-resisted|p2a: Tornadus\n|-damage|p2a: Tornadus|38\/100\n|-heal|p1b: SHE TOOK THE KIDS|34\/100|[from] drain|[of] p2a: Tornadus\n|-damage|p2b: Ursaluna|19\/100\n|-heal|p1b: SHE TOOK THE KIDS|58\/100|[from] drain|[of] p2b: Ursaluna\n|-status|p2a: Tornadus|brn\n|-damage|p1b: SHE TOOK THE KIDS|49\/100|[from] item: Life Orb\n|\n|-weather|RainDance|[upkeep]\n|-damage|p2a: Tornadus|32\/100 brn|[from] brn\n|-sideend|p2: cotesmcgotes|move: Tailwind\n|upkeep\n|turn|7\n|inactive|Swisky Dhar has 120 seconds left.\n|\n|t:|1699659648\n|move|p1b: SHE TOOK THE KIDS|Protect|p1b: SHE TOOK THE KIDS\n|-singleturn|p1b: SHE TOOK THE KIDS|Protect\n|move|p2a: Tornadus|Bleakwind Storm|p1b: SHE TOOK THE KIDS\n|-activate|p1b: SHE TOOK THE KIDS|move: Protect\n|move|p2b: Ursaluna|Blood Moon|p1b: SHE TOOK THE KIDS\n|-activate|p1b: SHE TOOK THE KIDS|move: Protect\n|\n|-weather|RainDance|[upkeep]\n|-damage|p2a: Tornadus|26\/100 brn|[from] brn\n|upkeep\n|turn|8\n|\n|t:|1699659673\n|move|p2b: Ursaluna|Vacuum Wave|p1b: SHE TOOK THE KIDS\n|-damage|p1b: SHE TOOK THE KIDS|29\/100\n|move|p2a: Tornadus|Bleakwind Storm|p1b: SHE TOOK THE KIDS\n|-supereffective|p1b: SHE TOOK THE KIDS\n|-damage|p1b: SHE TOOK THE KIDS|0 fnt\n|faint|p1b: SHE TOOK THE KIDS\n|\n|win|cotesmcgotes\n|raw|Swisky Dhar's rating: 1363 &rarr; <strong>1342<\/strong><br \/>(-21 for losing)\n|raw|cotesmcgotes's rating: 1347 &rarr; <strong>1368<\/strong><br \/>(+21 for winning)\n","uploadtime":1699659690,"views":11,"p1id":"swiskydhar","p2id":"cotesmcgotes","formatid":"gen9doublesou","rating":1342,"private":0,"password":""}