{"id":"gen9doublesou-1989270191","p1":"SappRavenger","p2":"K_Kgaygay","format":"[Gen 9] Doubles OU","log":"|j|\u2606SappRavenger\n|j|\u2606K_Kgaygay\n|t:|1699830180\n|gametype|doubles\n|player|p1|SappRavenger|101|1075\n|player|p2|K_Kgaygay|emmet|1172\n|teamsize|p1|6\n|teamsize|p2|6\n|gen|9\n|tier|[Gen 9] Doubles OU\n|rated|\n|rule|Species Clause: Limit one of each Pok\u00e9mon\n|rule|OHKO Clause: OHKO moves are banned\n|rule|Evasion Moves Clause: Evasion moves are banned\n|rule|Gravity Sleep Clause: The combination of sleep-inducing moves with imperfect accuracy and Gravity or Gigantamax Orbeetle are banned\n|rule|Endless Battle Clause: Forcing endless battles is banned\n|rule|HP Percentage Mod: HP is shown in percentages\n|clearpoke\n|poke|p1|Vaporeon, F|\n|poke|p1|Jolteon, F|\n|poke|p1|Flareon, M|\n|poke|p1|Espeon, F|\n|poke|p1|Leafeon, M|\n|poke|p1|Umbreon, M|\n|poke|p2|Hatterene, F|\n|poke|p2|Greedent, F|\n|poke|p2|Grimmsnarl, M|\n|poke|p2|Dusclops, F|\n|poke|p2|Torkoal, F|\n|poke|p2|Garganacl, M|\n|teampreview\n|inactive|Battle timer is ON: inactive players will automatically lose when time's up. (requested by K_Kgaygay)\n|\n|t:|1699830186\n|start\n|switch|p1a: Vaporeon|Vaporeon, F|100\/100\n|switch|p1b: Jolteon|Jolteon, F|100\/100\n|switch|p2a: Dusclops|Dusclops, F, shiny|100\/100\n|switch|p2b: Torkoal|Torkoal, F|100\/100\n|-item|p1a: Vaporeon|Leftovers|[from] ability: Frisk|[of] p2a: Dusclops|[identify]\n|-item|p1b: Jolteon|Choice Specs|[from] ability: Frisk|[of] p2a: Dusclops|[identify]\n|-weather|SunnyDay|[from] ability: Drought|[of] p2b: Torkoal\n|turn|1\n|\n|t:|1699830201\n|-terastallize|p1a: Vaporeon|Ground\n|move|p1b: Jolteon|Discharge|p2b: Torkoal|[spread] p2a,p2b\n|-immune|p1a: Vaporeon\n|-damage|p2a: Dusclops|80\/100\n|-damage|p2b: Torkoal|67\/100\n|-status|p2a: Dusclops|par\n|move|p1a: Vaporeon|Calm Mind|p1a: Vaporeon\n|-boost|p1a: Vaporeon|spa|1\n|-boost|p1a: Vaporeon|spd|1\n|move|p2b: Torkoal|Eruption|p1b: Jolteon|[spread] p1a,p1b\n|-damage|p1a: Vaporeon|77\/100\n|-damage|p1b: Jolteon|40\/100\n|move|p2a: Dusclops|Trick Room|p2a: Dusclops\n|-fieldstart|move: Trick Room|[of] p2a: Dusclops\n|\n|-weather|SunnyDay|[upkeep]\n|-heal|p1a: Vaporeon|83\/100|[from] item: Leftovers\n|upkeep\n|turn|2\n|inactive|K_Kgaygay has 120 seconds left.\n|\n|t:|1699830258\n|switch|p1b: Flareon|Flareon, M|100\/100\n|cant|p2a: Dusclops|par\n|move|p2b: Torkoal|Earth Power|p1b: Flareon\n|-supereffective|p1b: Flareon\n|-damage|p1b: Flareon|53\/100\n|move|p1a: Vaporeon|Calm Mind|p1a: Vaporeon\n|-boost|p1a: Vaporeon|spa|1\n|-boost|p1a: Vaporeon|spd|1\n|\n|-weather|SunnyDay|[upkeep]\n|-heal|p1a: Vaporeon|90\/100|[from] item: Leftovers\n|upkeep\n|turn|3\n|inactive|SappRavenger has 120 seconds left.\n|inactive|K_Kgaygay has 90 seconds left.\n|\n|t:|1699830307\n|move|p2a: Dusclops|Will-O-Wisp|p1a: Vaporeon\n|-status|p1a: Vaporeon|brn\n|move|p2b: Torkoal|Earth Power|p1b: Flareon\n|-supereffective|p1b: Flareon\n|-damage|p1b: Flareon|5\/100\n|-enditem|p1b: Flareon|Salac Berry|[eat]\n|-boost|p1b: Flareon|spe|1|[from] item: Salac Berry\n|move|p1a: Vaporeon|Calm Mind|p1a: Vaporeon\n|-boost|p1a: Vaporeon|spa|1\n|-boost|p1a: Vaporeon|spd|1\n|move|p1b: Flareon|Sunny Day||[still]\n|-fail|p1b: Flareon\n|\n|-weather|SunnyDay|[upkeep]\n|-heal|p1a: Vaporeon|96\/100 brn|[from] item: Leftovers\n|-damage|p1a: Vaporeon|90\/100 brn|[from] brn\n|upkeep\n|turn|4\n|inactive|SappRavenger has 120 seconds left.\n|inactive|K_Kgaygay has 90 seconds left.\n|inactive|K_Kgaygay has 60 seconds left.\n|\n|t:|1699830365\n|move|p1b: Flareon|Quick Attack|p2b: Torkoal\n|-damage|p2b: Torkoal|56\/100\n|cant|p2a: Dusclops|par\n|move|p2b: Torkoal|Eruption|p1a: Vaporeon|[spread] p1a\n|-start|p1b: Flareon|ability: Flash Fire\n|-damage|p1a: Vaporeon|78\/100 brn\n|move|p1a: Vaporeon|Calm Mind|p1a: Vaporeon\n|-boost|p1a: Vaporeon|spa|1\n|-boost|p1a: Vaporeon|spd|1\n|\n|-weather|SunnyDay|[upkeep]\n|-heal|p1a: Vaporeon|84\/100 brn|[from] item: Leftovers\n|-damage|p1a: Vaporeon|78\/100 brn|[from] brn\n|upkeep\n|turn|5\n|inactive|SappRavenger has 120 seconds left.\n|inactive|K_Kgaygay has 60 seconds left.\n|\n|t:|1699830390\n|move|p1b: Flareon|Quick Attack|p2b: Torkoal\n|-damage|p2b: Torkoal|45\/100\n|move|p2a: Dusclops|Hex|p1b: Flareon\n|-damage|p1b: Flareon|0 fnt\n|faint|p1b: Flareon\n|move|p2b: Torkoal|Sludge Bomb|p1a: Vaporeon\n|-resisted|p1a: Vaporeon\n|-damage|p1a: Vaporeon|74\/100 brn\n|move|p1a: Vaporeon|Acid Armor|p1a: Vaporeon\n|-boost|p1a: Vaporeon|def|2\n|\n|-weather|none\n|-heal|p1a: Vaporeon|80\/100 brn|[from] item: Leftovers\n|-damage|p1a: Vaporeon|74\/100 brn|[from] brn\n|-fieldend|move: Trick Room\n|upkeep\n|\n|t:|1699830404\n|switch|p1b: Jolteon|Jolteon, F|40\/100\n|turn|6\n|\n|t:|1699830419\n|switch|p2b: Grimmsnarl|Grimmsnarl, M|100\/100\n|move|p1b: Jolteon|Discharge|p2b: Grimmsnarl|[spread] p2a,p2b\n|-immune|p1a: Vaporeon\n|-crit|p2b: Grimmsnarl\n|-damage|p2a: Dusclops|59\/100 par\n|-damage|p2b: Grimmsnarl|57\/100\n|move|p1a: Vaporeon|Calm Mind|p1a: Vaporeon\n|-boost|p1a: Vaporeon|spa|1\n|-boost|p1a: Vaporeon|spd|1\n|move|p2a: Dusclops|Trick Room|p2a: Dusclops\n|-fieldstart|move: Trick Room|[of] p2a: Dusclops\n|\n|-heal|p1a: Vaporeon|80\/100 brn|[from] item: Leftovers\n|-damage|p1a: Vaporeon|74\/100 brn|[from] brn\n|upkeep\n|turn|7\n|inactive|K_Kgaygay has 90 seconds left.\n|\n|t:|1699830436\n|move|p2b: Grimmsnarl|Taunt|p1a: Vaporeon\n|-start|p1a: Vaporeon|move: Taunt\n|move|p2a: Dusclops|Will-O-Wisp|p1b: Jolteon\n|-status|p1b: Jolteon|brn\n|move|p1a: Vaporeon|Icy Wind|p2a: Dusclops|[spread] p2a,p2b\n|-damage|p2a: Dusclops|43\/100 par\n|-damage|p2b: Grimmsnarl|29\/100\n|-unboost|p2a: Dusclops|spe|1\n|-unboost|p2b: Grimmsnarl|spe|1\n|move|p1b: Jolteon|Discharge|p2b: Grimmsnarl|[spread] p2a,p2b\n|-immune|p1a: Vaporeon\n|-damage|p2a: Dusclops|23\/100 par\n|-damage|p2b: Grimmsnarl|0 fnt\n|faint|p2b: Grimmsnarl\n|\n|-heal|p1a: Vaporeon|80\/100 brn|[from] item: Leftovers\n|-damage|p1a: Vaporeon|74\/100 brn|[from] brn\n|-damage|p1b: Jolteon|34\/100 brn|[from] brn\n|upkeep\n|\n|t:|1699830452\n|switch|p2b: Garganacl|Garganacl, M|100\/100\n|turn|8\n|inactive|K_Kgaygay has 90 seconds left.\n|\n|t:|1699830460\n|move|p2a: Dusclops|Hex|p1b: Jolteon\n|-damage|p1b: Jolteon|0 fnt\n|faint|p1b: Jolteon\n|move|p2b: Garganacl|Salt Cure|p1a: Vaporeon\n|-resisted|p1a: Vaporeon\n|-damage|p1a: Vaporeon|72\/100 brn\n|-start|p1a: Vaporeon|Salt Cure\n|move|p1a: Vaporeon|Stored Power|p2b: Garganacl\n|-damage|p2b: Garganacl|0 fnt\n|faint|p2b: Garganacl\n|\n|-heal|p1a: Vaporeon|78\/100 brn|[from] item: Leftovers\n|-damage|p1a: Vaporeon|72\/100 brn|[from] brn\n|-damage|p1a: Vaporeon|59\/100 brn|[from] Salt Cure\n|upkeep\n|\n|t:|1699830475\n|switch|p2b: Hatterene|Hatterene, F, shiny|100\/100\n|switch|p1b: Umbreon|Umbreon, M|100\/100\n|turn|9\n|inactive|K_Kgaygay has 120 seconds left.\n|\n|t:|1699830492\n|move|p1b: Umbreon|Protect|p1b: Umbreon\n|-singleturn|p1b: Umbreon|Protect\n|move|p2a: Dusclops|Will-O-Wisp|p1b: Umbreon\n|-activate|p1b: Umbreon|move: Protect\n|move|p2b: Hatterene|Calm Mind|p2b: Hatterene\n|-boost|p2b: Hatterene|spa|1\n|-boost|p2b: Hatterene|spd|1\n|move|p1a: Vaporeon|Stored Power|p2b: Hatterene\n|-resisted|p2b: Hatterene\n|-damage|p2b: Hatterene|23\/100\n|\n|-heal|p2b: Hatterene|29\/100|[from] item: Leftovers\n|-heal|p1a: Vaporeon|65\/100 brn|[from] item: Leftovers\n|-damage|p1a: Vaporeon|59\/100 brn|[from] brn\n|-damage|p1a: Vaporeon|47\/100 brn|[from] Salt Cure\n|-end|p1a: Vaporeon|move: Taunt\n|upkeep\n|turn|10\n|inactive|K_Kgaygay has 120 seconds left.\n|\n|t:|1699830517\n|-terastallize|p2b: Hatterene|Fairy\n|move|p2a: Dusclops|Will-O-Wisp||[still]\n|-status|p1b: Umbreon|brn\n|-activate|p1b: Umbreon|ability: Synchronize\n|-fail|p1b: Umbreon\n|move|p2b: Hatterene|Draining Kiss|p1a: Vaporeon\n|-damage|p1a: Vaporeon|31\/100 brn\n|-heal|p2b: Hatterene|46\/100|[from] drain|[of] p1a: Vaporeon\n|move|p1a: Vaporeon|Stored Power|p2b: Hatterene\n|-damage|p2b: Hatterene|0 fnt\n|faint|p2b: Hatterene\n|move|p1b: Umbreon|Foul Play|p2a: Dusclops\n|-supereffective|p2a: Dusclops\n|-damage|p2a: Dusclops|10\/100 par\n|\n|-heal|p1a: Vaporeon|37\/100 brn|[from] item: Leftovers\n|-damage|p1b: Umbreon|94\/100 brn|[from] brn\n|-damage|p1a: Vaporeon|31\/100 brn|[from] brn\n|-damage|p1a: Vaporeon|18\/100 brn|[from] Salt Cure\n|-fieldend|move: Trick Room\n|upkeep\n|inactive|K_Kgaygay has 120 seconds left.\n|\n|t:|1699830545\n|switch|p2b: Greedent|Greedent, F, shiny|100\/100\n|turn|11\n|inactive|K_Kgaygay has 120 seconds left.\n|\n|t:|1699830554\n|move|p1a: Vaporeon|Stored Power|p2b: Greedent\n|-damage|p2b: Greedent|0 fnt\n|faint|p2b: Greedent\n|move|p1b: Umbreon|Foul Play|p2a: Dusclops\n|-supereffective|p2a: Dusclops\n|-damage|p2a: Dusclops|0 fnt\n|faint|p2a: Dusclops\n|\n|-heal|p1a: Vaporeon|24\/100 brn|[from] item: Leftovers\n|-damage|p1a: Vaporeon|18\/100 brn|[from] brn\n|-damage|p1b: Umbreon|88\/100 brn|[from] brn\n|-damage|p1a: Vaporeon|6\/100 brn|[from] Salt Cure\n|upkeep\n|\n|t:|1699830558\n|switch|p2a: Torkoal|Torkoal, F|45\/100\n|-weather|SunnyDay|[from] ability: Drought|[of] p2a: Torkoal\n|turn|12\n|\n|t:|1699830571\n|move|p1b: Umbreon|Foul Play|p2a: Torkoal\n|-damage|p2a: Torkoal|37\/100\n|move|p1a: Vaporeon|Stored Power|p2a: Torkoal\n|-damage|p2a: Torkoal|0 fnt\n|faint|p2a: Torkoal\n|\n|win|SappRavenger\n|raw|SappRavenger's rating: 1075 &rarr; <strong>1112<\/strong><br \/>(+37 for winning)\n|raw|K_Kgaygay's rating: 1172 &rarr; <strong>1140<\/strong><br \/>(-32 for losing)\n|l|\u2606K_Kgaygay\n","uploadtime":1699830580,"views":7,"p1id":"sappravenger","p2id":"kkgaygay","formatid":"gen9doublesou","rating":1112,"private":0,"password":""}