{"id":"gen9doublesou-1993257401","p1":"Joshywashy0610","p2":"Elite.4.Challenger","format":"[Gen 9] Doubles OU","log":"|j|\u2606Joshywashy0610\n|j|\u2606Elite.4.Challenger\n|t:|1700285394\n|gametype|doubles\n|player|p1|Joshywashy0610|170|1365\n|player|p2|Elite.4.Challenger|rocker-gen3|1397\n|teamsize|p1|6\n|teamsize|p2|6\n|gen|9\n|tier|[Gen 9] Doubles OU\n|rated|\n|rule|Species Clause: Limit one of each Pok\u00e9mon\n|rule|OHKO Clause: OHKO moves are banned\n|rule|Evasion Moves Clause: Evasion moves are banned\n|rule|Gravity Sleep Clause: The combination of sleep-inducing moves with imperfect accuracy and Gravity or Gigantamax Orbeetle are banned\n|rule|Endless Battle Clause: Forcing endless battles is banned\n|rule|HP Percentage Mod: HP is shown in percentages\n|clearpoke\n|poke|p1|Ursaluna-Bloodmoon, M|\n|poke|p1|Cresselia, F|\n|poke|p1|Rillaboom, M|\n|poke|p1|Arcanine-Hisui, M|\n|poke|p1|Ogerpon-Wellspring, F|\n|poke|p1|Flutter Mane|\n|poke|p2|Tornadus, M|\n|poke|p2|Regieleki|\n|poke|p2|Goodra-Hisui, F|\n|poke|p2|Basculegion-F, F|\n|poke|p2|Politoed, F|\n|poke|p2|Toxicroak, M|\n|teampreview\n|inactive|Battle timer is ON: inactive players will automatically lose when time's up. (requested by Elite.4.Challenger)\n|j| Gurnut\n|\n|t:|1700285408\n|start\n|switch|p1a: Cresselia|Cresselia, F|100\/100\n|switch|p1b: Rillaboom|Rillaboom, M|100\/100\n|switch|p2a: Michael Phelps|Basculegion-F, F|100\/100\n|switch|p2b: Regieleki|Regieleki|100\/100\n|-fieldstart|move: Grassy Terrain|[from] ability: Grassy Surge|[of] p1b: Rillaboom\n|turn|1\n|\n|t:|1700285432\n|-terastallize|p2a: Michael Phelps|Ice\n|move|p1b: Rillaboom|Fake Out|p2b: Regieleki\n|-damage|p2b: Regieleki|75\/100\n|cant|p2b: Regieleki|flinch\n|move|p2a: Michael Phelps|Ice Beam|p1b: Rillaboom\n|-supereffective|p1b: Rillaboom\n|-damage|p1b: Rillaboom|0 fnt\n|faint|p1b: Rillaboom\n|move|p1a: Cresselia|Trick Room|p1a: Cresselia\n|-fieldstart|move: Trick Room|[of] p1a: Cresselia\n|\n|-heal|p2b: Regieleki|81\/100|[from] Grassy Terrain\n|upkeep\n|inactive|Joshywashy0610 has 120 seconds left.\n|\n|t:|1700285451\n|switch|p1b: Ursaluna|Ursaluna-Bloodmoon, M|100\/100\n|turn|2\n|\n|t:|1700285471\n|switch|p2a: Kermit the Frog|Politoed, F|100\/100\n|-weather|RainDance|[from] ability: Drizzle|[of] p2a: Kermit the Frog\n|switch|p2b: Goodra|Goodra-Hisui, F|100\/100\n|move|p1b: Ursaluna|Earth Power|p2a: Kermit the Frog\n|-damage|p2a: Kermit the Frog|66\/100\n|-enditem|p2a: Kermit the Frog|Eject Button\n|inactive|Elite.4.Challenger has 120 seconds left.\n|\n|t:|1700285494\n|switch|p2a: Kermit the Dawg|Toxicroak, M, shiny|100\/100\n|move|p1a: Cresselia|Psychic|p2a: Kermit the Dawg\n|-supereffective|p2a: Kermit the Dawg\n|-damage|p2a: Kermit the Dawg|0 fnt\n|faint|p2a: Kermit the Dawg\n|\n|-weather|RainDance|[upkeep]\n|upkeep\n|inactive|Elite.4.Challenger has 120 seconds left.\n|\n|t:|1700285514\n|switch|p2a: Kermit the Frog|Politoed, F|66\/100\n|turn|3\n|\n|t:|1700285526\n|switch|p1a: Ogerpon|Ogerpon-Wellspring, F|100\/100\n|move|p2a: Kermit the Frog|Protect|p2a: Kermit the Frog\n|-singleturn|p2a: Kermit the Frog|Protect\n|move|p1b: Ursaluna|Calm Mind|p1b: Ursaluna\n|-boost|p1b: Ursaluna|spa|1\n|-boost|p1b: Ursaluna|spd|1\n|move|p2b: Goodra|Acid Armor|p2b: Goodra\n|-boost|p2b: Goodra|def|2\n|\n|-weather|RainDance|[upkeep]\n|-heal|p2a: Kermit the Frog|72\/100|[from] Grassy Terrain\n|upkeep\n|turn|4\n|\n|t:|1700285546\n|move|p1b: Ursaluna|Blood Moon|p2b: Goodra\n|-resisted|p2b: Goodra\n|-damage|p2b: Goodra|58\/100\n|move|p2b: Goodra|Body Press|p1b: Ursaluna\n|-supereffective|p1b: Ursaluna\n|-damage|p1b: Ursaluna|30\/100\n|move|p2a: Kermit the Frog|Icy Wind|p1a: Ogerpon|[spread] p1a,p1b\n|-supereffective|p1b: Ursaluna\n|-damage|p1a: Ogerpon|91\/100\n|-damage|p1b: Ursaluna|18\/100\n|-unboost|p1a: Ogerpon|spe|1\n|-unboost|p1b: Ursaluna|spe|1\n|move|p1a: Ogerpon|Horn Leech|p2a: Kermit the Frog\n|-supereffective|p2a: Kermit the Frog\n|-damage|p2a: Kermit the Frog|0 fnt\n|-heal|p1a: Ogerpon|100\/100|[from] drain|[of] p2a: Kermit the Frog\n|faint|p2a: Kermit the Frog\n|\n|-weather|RainDance|[upkeep]\n|-heal|p1b: Ursaluna|24\/100|[from] Grassy Terrain\n|-heal|p1b: Ursaluna|30\/100|[from] item: Leftovers\n|-heal|p2b: Goodra|64\/100|[from] Grassy Terrain\n|upkeep\n|inactive|Elite.4.Challenger has 120 seconds left.\n|\n|t:|1700285569\n|switch|p2a: Michael Phelps|Basculegion-F, F, tera:Ice|100\/100\n|turn|5\n|\n|t:|1700285586\n|-terastallize|p1b: Ursaluna|Poison\n|move|p1a: Ogerpon|Follow Me|p1a: Ogerpon\n|-singleturn|p1a: Ogerpon|move: Follow Me\n|move|p1b: Ursaluna|Hyper Voice|p2a: Michael Phelps|[spread] p2a,p2b\n|-resisted|p2b: Goodra\n|-damage|p2a: Michael Phelps|29\/100\n|-damage|p2b: Goodra|42\/100\n|move|p2b: Goodra|Body Press|p1a: Ogerpon\n|-damage|p1a: Ogerpon|31\/100\n|move|p2a: Michael Phelps|Ice Beam|p1a: Ogerpon\n|-damage|p1a: Ogerpon|0 fnt\n|faint|p1a: Ogerpon\n|\n|-weather|RainDance|[upkeep]\n|-heal|p1b: Ursaluna|36\/100|[from] Grassy Terrain\n|-heal|p1b: Ursaluna|42\/100|[from] item: Leftovers\n|-heal|p2b: Goodra|48\/100|[from] Grassy Terrain\n|-heal|p2a: Michael Phelps|35\/100|[from] Grassy Terrain\n|-fieldend|move: Trick Room\n|-fieldend|move: Grassy Terrain\n|upkeep\n|\n|t:|1700285598\n|switch|p1a: Flutter Mane|Flutter Mane|100\/100\n|turn|6\n|\n|t:|1700285619\n|move|p2a: Michael Phelps|Ice Beam|p1b: Ursaluna\n|-damage|p1b: Ursaluna|0 fnt\n|faint|p1b: Ursaluna\n|move|p1a: Flutter Mane|Shadow Ball|p2a: Michael Phelps\n|-damage|p2a: Michael Phelps|0 fnt\n|faint|p2a: Michael Phelps\n|move|p2b: Goodra|Flash Cannon|p1a: Flutter Mane\n|-supereffective|p1a: Flutter Mane\n|-damage|p1a: Flutter Mane|42\/100\n|\n|-weather|none\n|upkeep\n|\n|t:|1700285634\n|switch|p2a: Tornadus|Tornadus, M|100\/100\n|switch|p1b: Cresselia|Cresselia, F|100\/100\n|turn|7\n|\n|t:|1700285646\n|move|p1b: Cresselia|Ally Switch|p1b: Cresselia\n|swap|p1b: Cresselia|0|[from] move: Ally Switch\n|move|p2a: Tornadus|Taunt|p1b: Flutter Mane\n|-start|p1b: Flutter Mane|move: Taunt\n|move|p1b: Flutter Mane|Shadow Ball|p2b: Goodra\n|-damage|p2b: Goodra|8\/100\n|-enditem|p2b: Goodra|Iapapa Berry|[eat]\n|-heal|p2b: Goodra|41\/100|[from] item: Iapapa Berry\n|move|p2b: Goodra|Flash Cannon|p1a: Cresselia\n|-damage|p1a: Cresselia|86\/100\n|\n|upkeep\n|turn|8\n|\n|t:|1700285671\n|move|p2a: Tornadus|Tailwind|p2a: Tornadus\n|-sidestart|p2: Elite.4.Challenger|move: Tailwind\n|move|p1b: Flutter Mane|Shadow Ball|p2b: Goodra\n|-damage|p2b: Goodra|1\/100\n|move|p2b: Goodra|Flash Cannon|p1b: Flutter Mane\n|-supereffective|p1b: Flutter Mane\n|-damage|p1b: Flutter Mane|0 fnt\n|faint|p1b: Flutter Mane\n|-end|p1b: Flutter Mane|Protosynthesis|[silent]\n|move|p1a: Cresselia|Psychic|p2b: Goodra\n|-resisted|p2b: Goodra\n|-damage|p2b: Goodra|0 fnt\n|faint|p2b: Goodra\n|\n|upkeep\n|j| TestRun77\n|c|\u2606Elite.4.Challenger|0.3%\n|\n|t:|1700285689\n|switch|p1b: Arcanine|Arcanine-Hisui, M|100\/100\n|switch|p2b: Regieleki|Regieleki|81\/100\n|-ability|p1b: Arcanine|Intimidate|boost\n|-unboost|p2a: Tornadus|atk|1\n|-unboost|p2b: Regieleki|atk|1\n|turn|9\n|c|\u2606Joshywashy0610|dam\n|\n|t:|1700285713\n|move|p2a: Tornadus|Rain Dance|p2a: Tornadus\n|-weather|RainDance\n|move|p2b: Regieleki|Electro Ball|p1b: Arcanine\n|-damage|p1b: Arcanine|0 fnt\n|faint|p1b: Arcanine\n|move|p1a: Cresselia|Lunar Blessing|p1a: Cresselia\n|-heal|p1a: Cresselia|100\/100\n|\n|-weather|RainDance|[upkeep]\n|upkeep\n|turn|10\n|-message|Joshywashy0610 forfeited.\n|\n|win|Elite.4.Challenger\n|raw|Joshywashy0610's rating: 1365 &rarr; <strong>1347<\/strong><br \/>(-18 for losing)\n|raw|Elite.4.Challenger's rating: 1397 &rarr; <strong>1415<\/strong><br \/>(+18 for winning)\n|l|\u2606Joshywashy0610\n|c|\u2606Elite.4.Challenger|gg\n|l| Gurnut\n|l| TestRun77\n","uploadtime":1700285938,"views":8,"p1id":"joshywashy0610","p2id":"elite4challenger","formatid":"gen9doublesou","rating":1347,"private":0,"password":""}