{"id":"gen9doublesou-1980635549","p1":"christmas egirl","p2":"Pennys No.1 Fan","format":"[Gen 9] Doubles OU","log":"|j|\u2606christmas egirl\n|j|\u2606Pennys No.1 Fan\n|inactive|Battle timer is ON: inactive players will automatically lose when time's up.\n|t:|1698805916\n|gametype|doubles\n|player|p1|christmas egirl|whitney-masters|\n|player|p2|Pennys No.1 Fan|266|\n|teamsize|p1|2\n|teamsize|p2|2\n|gen|9\n|tier|[Gen 9] Doubles OU\n|rated|Tournament battle\n|rule|Species Clause: Limit one of each Pok\u00e9mon\n|rule|OHKO Clause: OHKO moves are banned\n|rule|Evasion Moves Clause: Evasion moves are banned\n|rule|Gravity Sleep Clause: The combination of sleep-inducing moves with imperfect accuracy and Gravity or Gigantamax Orbeetle are banned\n|rule|Endless Battle Clause: Forcing endless battles is banned\n|rule|HP Percentage Mod: HP is shown in percentages\n|clearpoke\n|poke|p1|Furret, M|\n|poke|p1|Milotic, M|\n|poke|p2|Hatterene, F|\n|poke|p2|Jumpluff, M|\n|teampreview\n|j|*Lady Monita \u263d\n|inactive|christmas egirl also wants the timer to be on.\n|inactive|Pennys No.1 Fan also wants the timer to be on.\n|\n|t:|1698805929\n|start\n|switch|p1a: Milotic|Milotic, M, shiny|100\/100\n|switch|p1b: Furret|Furret, M, shiny|100\/100\n|switch|p2a: Jumpluff|Jumpluff, M|100\/100\n|switch|p2b: Hatterene|Hatterene, F, shiny|100\/100\n|-item|p2a: Jumpluff|Occa Berry|[from] ability: Frisk|[of] p1b: Furret|[identify]\n|-item|p2b: Hatterene|Choice Specs|[from] ability: Frisk|[of] p1b: Furret|[identify]\n|turn|1\n|\n|t:|1698805944\n|move|p2a: Jumpluff|Leech Seed|p1a: Milotic\n|-start|p1a: Milotic|move: Leech Seed\n|move|p1b: Furret|Knock Off|p2b: Hatterene\n|-damage|p2b: Hatterene|75\/100\n|-enditem|p2b: Hatterene|Choice Specs|[from] move: Knock Off|[of] p1b: Furret\n|move|p1a: Milotic|Ice Beam|p2a: Jumpluff\n|-supereffective|p2a: Jumpluff\n|-damage|p2a: Jumpluff|12\/100\n|move|p2b: Hatterene|Draining Kiss|p1b: Furret\n|-damage|p1b: Furret|47\/100\n|-heal|p2b: Hatterene|100\/100|[from] drain|[of] p1b: Furret\n|\n|-heal|p1b: Furret|54\/100|[from] item: Leftovers\n|-damage|p1a: Milotic|88\/100|[from] Leech Seed|[of] p2a: Jumpluff\n|-heal|p2a: Jumpluff|26\/100|[silent]\n|upkeep\n|turn|2\n|\n|t:|1698805961\n|move|p2a: Jumpluff|Protect|p2a: Jumpluff\n|-singleturn|p2a: Jumpluff|Protect\n|move|p1b: Furret|Tidy Up|p1b: Furret\n|-boost|p1b: Furret|atk|1\n|-boost|p1b: Furret|spe|1\n|move|p1a: Milotic|Ice Beam|p2b: Hatterene\n|-damage|p2b: Hatterene|81\/100\n|move|p2b: Hatterene|Draining Kiss|p1a: Milotic\n|-damage|p1a: Milotic|66\/100\n|-heal|p2b: Hatterene|100\/100|[from] drain|[of] p1a: Milotic\n|\n|-heal|p1b: Furret|60\/100|[from] item: Leftovers\n|-heal|p1a: Milotic|72\/100|[from] item: Leftovers\n|-damage|p1a: Milotic|59\/100|[from] Leech Seed|[of] p2a: Jumpluff\n|-heal|p2a: Jumpluff|40\/100|[silent]\n|upkeep\n|turn|3\n|\n|t:|1698805979\n|move|p1b: Furret|Tidy Up|p1b: Furret\n|-boost|p1b: Furret|atk|1\n|-boost|p1b: Furret|spe|1\n|move|p2a: Jumpluff|Substitute|p2a: Jumpluff\n|-start|p2a: Jumpluff|Substitute\n|-damage|p2a: Jumpluff|15\/100\n|move|p1a: Milotic|Recover|p1a: Milotic\n|-heal|p1a: Milotic|100\/100\n|move|p2b: Hatterene|Draining Kiss|p1b: Furret\n|-damage|p1b: Furret|3\/100\n|\n|-heal|p1b: Furret|9\/100|[from] item: Leftovers\n|-damage|p1a: Milotic|88\/100|[from] Leech Seed|[of] p2a: Jumpluff\n|-heal|p2a: Jumpluff|29\/100|[silent]\n|upkeep\n|turn|4\n|\n|t:|1698806001\n|move|p1b: Furret|Facade|p2b: Hatterene\n|-damage|p2b: Hatterene|47\/100\n|move|p2a: Jumpluff|Acrobatics|p1b: Furret\n|-crit|p1b: Furret\n|-damage|p1b: Furret|0 fnt\n|faint|p1b: Furret\n|move|p1a: Milotic|Scald|p2b: Hatterene\n|-damage|p2b: Hatterene|17\/100\n|move|p2b: Hatterene|Draining Kiss|p1a: Milotic\n|-damage|p1a: Milotic|67\/100\n|-heal|p2b: Hatterene|36\/100|[from] drain|[of] p1a: Milotic\n|\n|-heal|p1a: Milotic|73\/100|[from] item: Leftovers\n|-damage|p1a: Milotic|60\/100|[from] Leech Seed|[of] p2a: Jumpluff\n|-heal|p2a: Jumpluff|43\/100|[silent]\n|upkeep\n|turn|5\n|\n|t:|1698806025\n|-terastallize|p1a: Milotic|Fire\n|-terastallize|p2b: Hatterene|Water\n|move|p2a: Jumpluff|Acrobatics|p1a: Milotic\n|-damage|p1a: Milotic|51\/100\n|move|p1a: Milotic|Scald|p2b: Hatterene\n|-resisted|p2b: Hatterene\n|-damage|p2b: Hatterene|22\/100\n|-status|p2b: Hatterene|brn\n|move|p2b: Hatterene|Psyshock|p1a: Milotic\n|-damage|p1a: Milotic|19\/100\n|\n|-heal|p1a: Milotic|25\/100|[from] item: Leftovers\n|-damage|p1a: Milotic|13\/100|[from] Leech Seed|[of] p2a: Jumpluff\n|-heal|p2a: Jumpluff|57\/100|[silent]\n|-damage|p2b: Hatterene|16\/100 brn|[from] brn\n|upkeep\n|turn|6\n|\n|t:|1698806042\n|move|p2a: Jumpluff|Acrobatics|p1a: Milotic\n|-damage|p1a: Milotic|4\/100\n|move|p1a: Milotic|Recover|p1a: Milotic\n|-heal|p1a: Milotic|54\/100\n|move|p2b: Hatterene|Psyshock|p1a: Milotic\n|-damage|p1a: Milotic|21\/100\n|\n|-heal|p1a: Milotic|27\/100|[from] item: Leftovers\n|-damage|p1a: Milotic|14\/100|[from] Leech Seed|[of] p2a: Jumpluff\n|-heal|p2a: Jumpluff|71\/100|[silent]\n|-damage|p2b: Hatterene|10\/100 brn|[from] brn\n|upkeep\n|turn|7\n|\n|t:|1698806058\n|move|p2a: Jumpluff|Acrobatics|p1a: Milotic\n|-damage|p1a: Milotic|7\/100\n|move|p1a: Milotic|Recover|p1a: Milotic\n|-heal|p1a: Milotic|57\/100\n|move|p2b: Hatterene|Psyshock|p1a: Milotic\n|-damage|p1a: Milotic|24\/100\n|\n|-heal|p1a: Milotic|30\/100|[from] item: Leftovers\n|-damage|p1a: Milotic|18\/100|[from] Leech Seed|[of] p2a: Jumpluff\n|-heal|p2a: Jumpluff|84\/100|[silent]\n|-damage|p2b: Hatterene|4\/100 brn|[from] brn\n|upkeep\n|turn|8\n|\n|t:|1698806065\n|move|p2a: Jumpluff|Acrobatics|p1a: Milotic\n|-damage|p1a: Milotic|9\/100\n|move|p1a: Milotic|Recover|p1a: Milotic\n|-heal|p1a: Milotic|59\/100\n|move|p2b: Hatterene|Psyshock|p1a: Milotic\n|-damage|p1a: Milotic|23\/100\n|\n|-heal|p1a: Milotic|29\/100|[from] item: Leftovers\n|-damage|p1a: Milotic|16\/100|[from] Leech Seed|[of] p2a: Jumpluff\n|-heal|p2a: Jumpluff|98\/100|[silent]\n|-damage|p2b: Hatterene|0 fnt|[from] brn\n|faint|p2b: Hatterene\n|upkeep\n|turn|9\n|\n|t:|1698806072\n|move|p2a: Jumpluff|Acrobatics|p1a: Milotic\n|-damage|p1a: Milotic|8\/100\n|move|p1a: Milotic|Recover|p1a: Milotic\n|-heal|p1a: Milotic|58\/100\n|\n|-heal|p1a: Milotic|64\/100|[from] item: Leftovers\n|-damage|p1a: Milotic|51\/100|[from] Leech Seed|[of] p2a: Jumpluff\n|-heal|p2a: Jumpluff|100\/100|[silent]\n|upkeep\n|turn|10\n|j| NoviceUnown\n|\n|t:|1698806082\n|move|p2a: Jumpluff|Acrobatics|p1a: Milotic\n|-crit|p1a: Milotic\n|-damage|p1a: Milotic|38\/100\n|move|p1a: Milotic|Recover|p1a: Milotic\n|-heal|p1a: Milotic|88\/100\n|\n|-heal|p1a: Milotic|94\/100|[from] item: Leftovers\n|-damage|p1a: Milotic|81\/100|[from] Leech Seed|[of] p2a: Jumpluff\n|upkeep\n|turn|11\n|\n|t:|1698806092\n|move|p2a: Jumpluff|Protect|p2a: Jumpluff\n|-singleturn|p2a: Jumpluff|Protect\n|move|p1a: Milotic|Ice Beam|p2a: Jumpluff\n|-activate|p2a: Jumpluff|move: Protect\n|\n|-heal|p1a: Milotic|87\/100|[from] item: Leftovers\n|-damage|p1a: Milotic|75\/100|[from] Leech Seed|[of] p2a: Jumpluff\n|upkeep\n|turn|12\n|inactive|christmas egirl has 120 seconds left.\n|\n|t:|1698806147\n|move|p2a: Jumpluff|Acrobatics|p1a: Milotic\n|-damage|p1a: Milotic|66\/100\n|move|p1a: Milotic|Ice Beam|p2a: Jumpluff\n|-supereffective|p2a: Jumpluff\n|-end|p2a: Jumpluff|Substitute\n|\n|-heal|p1a: Milotic|72\/100|[from] item: Leftovers\n|-damage|p1a: Milotic|59\/100|[from] Leech Seed|[of] p2a: Jumpluff\n|upkeep\n|turn|13\n|\n|t:|1698806173\n|move|p2a: Jumpluff|Substitute|p2a: Jumpluff\n|-start|p2a: Jumpluff|Substitute\n|-damage|p2a: Jumpluff|76\/100\n|move|p1a: Milotic|Ice Beam|p2a: Jumpluff\n|-supereffective|p2a: Jumpluff\n|-end|p2a: Jumpluff|Substitute\n|\n|-heal|p1a: Milotic|65\/100|[from] item: Leftovers\n|-damage|p1a: Milotic|53\/100|[from] Leech Seed|[of] p2a: Jumpluff\n|-heal|p2a: Jumpluff|89\/100|[silent]\n|upkeep\n|turn|14\n|\n|t:|1698806189\n|move|p2a: Jumpluff|Substitute|p2a: Jumpluff\n|-start|p2a: Jumpluff|Substitute\n|-damage|p2a: Jumpluff|65\/100\n|move|p1a: Milotic|Recover|p1a: Milotic\n|-heal|p1a: Milotic|100\/100\n|\n|-damage|p1a: Milotic|88\/100|[from] Leech Seed|[of] p2a: Jumpluff\n|-heal|p2a: Jumpluff|78\/100|[silent]\n|upkeep\n|turn|15\n|\n|t:|1698806196\n|move|p2a: Jumpluff|Protect|p2a: Jumpluff\n|-singleturn|p2a: Jumpluff|Protect\n|move|p1a: Milotic|Dragon Pulse|p2a: Jumpluff\n|-activate|p2a: Jumpluff|move: Protect\n|\n|-heal|p1a: Milotic|94\/100|[from] item: Leftovers\n|-damage|p1a: Milotic|82\/100|[from] Leech Seed|[of] p2a: Jumpluff\n|-heal|p2a: Jumpluff|92\/100|[silent]\n|upkeep\n|turn|16\n|\n|t:|1698806208\n|move|p2a: Jumpluff|Acrobatics|p1a: Milotic\n|-damage|p1a: Milotic|73\/100\n|move|p1a: Milotic|Ice Beam|p2a: Jumpluff\n|-supereffective|p2a: Jumpluff\n|-end|p2a: Jumpluff|Substitute\n|\n|-heal|p1a: Milotic|79\/100|[from] item: Leftovers\n|-damage|p1a: Milotic|66\/100|[from] Leech Seed|[of] p2a: Jumpluff\n|-heal|p2a: Jumpluff|100\/100|[silent]\n|upkeep\n|turn|17\n|\n|t:|1698806216\n|move|p2a: Jumpluff|Substitute|p2a: Jumpluff\n|-start|p2a: Jumpluff|Substitute\n|-damage|p2a: Jumpluff|76\/100\n|move|p1a: Milotic|Dragon Pulse|p2a: Jumpluff\n|-activate|p2a: Jumpluff|move: Substitute|[damage]\n|\n|-heal|p1a: Milotic|72\/100|[from] item: Leftovers\n|-damage|p1a: Milotic|60\/100|[from] Leech Seed|[of] p2a: Jumpluff\n|-heal|p2a: Jumpluff|89\/100|[silent]\n|upkeep\n|turn|18\n|\n|t:|1698806226\n|move|p2a: Jumpluff|Protect|p2a: Jumpluff\n|-singleturn|p2a: Jumpluff|Protect\n|move|p1a: Milotic|Dragon Pulse|p2a: Jumpluff\n|-activate|p2a: Jumpluff|move: Protect\n|\n|-heal|p1a: Milotic|66\/100|[from] item: Leftovers\n|-damage|p1a: Milotic|54\/100|[from] Leech Seed|[of] p2a: Jumpluff\n|-heal|p2a: Jumpluff|100\/100|[silent]\n|upkeep\n|turn|19\n|j| Pickedman\n|\n|t:|1698806250\n|move|p2a: Jumpluff|Acrobatics|p1a: Milotic\n|-damage|p1a: Milotic|46\/100\n|move|p1a: Milotic|Ice Beam|p2a: Jumpluff\n|-supereffective|p2a: Jumpluff\n|-end|p2a: Jumpluff|Substitute\n|\n|-heal|p1a: Milotic|52\/100|[from] item: Leftovers\n|-damage|p1a: Milotic|39\/100|[from] Leech Seed|[of] p2a: Jumpluff\n|upkeep\n|turn|20\n|c| Pickedman|subseed..\n|\n|t:|1698806265\n|move|p2a: Jumpluff|Substitute|p2a: Jumpluff\n|-start|p2a: Jumpluff|Substitute\n|-damage|p2a: Jumpluff|76\/100\n|move|p1a: Milotic|Recover|p1a: Milotic\n|-heal|p1a: Milotic|89\/100\n|\n|-heal|p1a: Milotic|95\/100|[from] item: Leftovers\n|-damage|p1a: Milotic|83\/100|[from] Leech Seed|[of] p2a: Jumpluff\n|-heal|p2a: Jumpluff|89\/100|[silent]\n|upkeep\n|turn|21\n|\n|t:|1698806277\n|move|p2a: Jumpluff|Acrobatics|p1a: Milotic\n|-crit|p1a: Milotic\n|-damage|p1a: Milotic|71\/100\n|move|p1a: Milotic|Ice Beam|p2a: Jumpluff\n|-supereffective|p2a: Jumpluff\n|-end|p2a: Jumpluff|Substitute\n|\n|-heal|p1a: Milotic|77\/100|[from] item: Leftovers\n|-damage|p1a: Milotic|64\/100|[from] Leech Seed|[of] p2a: Jumpluff\n|-heal|p2a: Jumpluff|100\/100|[silent]\n|upkeep\n|turn|22\n|\n|t:|1698806286\n|move|p2a: Jumpluff|Protect|p2a: Jumpluff\n|-singleturn|p2a: Jumpluff|Protect\n|move|p1a: Milotic|Ice Beam|p2a: Jumpluff\n|-activate|p2a: Jumpluff|move: Protect\n|\n|-heal|p1a: Milotic|70\/100|[from] item: Leftovers\n|-damage|p1a: Milotic|58\/100|[from] Leech Seed|[of] p2a: Jumpluff\n|upkeep\n|turn|23\n|\n|t:|1698806309\n|move|p2a: Jumpluff|Substitute|p2a: Jumpluff\n|-start|p2a: Jumpluff|Substitute\n|-damage|p2a: Jumpluff|76\/100\n|move|p1a: Milotic|Ice Beam|p2a: Jumpluff\n|-supereffective|p2a: Jumpluff\n|-end|p2a: Jumpluff|Substitute\n|\n|-heal|p1a: Milotic|64\/100|[from] item: Leftovers\n|-damage|p1a: Milotic|52\/100|[from] Leech Seed|[of] p2a: Jumpluff\n|-heal|p2a: Jumpluff|89\/100|[silent]\n|upkeep\n|turn|24\n|\n|t:|1698806323\n|move|p2a: Jumpluff|Protect|p2a: Jumpluff\n|-singleturn|p2a: Jumpluff|Protect\n|move|p1a: Milotic|Ice Beam|p2a: Jumpluff\n|-activate|p2a: Jumpluff|move: Protect\n|\n|-heal|p1a: Milotic|58\/100|[from] item: Leftovers\n|-damage|p1a: Milotic|45\/100|[from] Leech Seed|[of] p2a: Jumpluff\n|-heal|p2a: Jumpluff|100\/100|[silent]\n|upkeep\n|turn|25\n|\n|t:|1698806327\n|move|p2a: Jumpluff|Substitute|p2a: Jumpluff\n|-start|p2a: Jumpluff|Substitute\n|-damage|p2a: Jumpluff|76\/100\n|move|p1a: Milotic|Ice Beam|p2a: Jumpluff\n|-supereffective|p2a: Jumpluff\n|-end|p2a: Jumpluff|Substitute\n|\n|-heal|p1a: Milotic|51\/100|[from] item: Leftovers\n|-damage|p1a: Milotic|39\/100|[from] Leech Seed|[of] p2a: Jumpluff\n|-heal|p2a: Jumpluff|89\/100|[silent]\n|upkeep\n|turn|26\n|c|\u2606christmas egirl|hit buttons faster you ape\n|c|\u2606christmas egirl|its not that hard\n|\n|t:|1698806342\n|move|p2a: Jumpluff|Substitute|p2a: Jumpluff\n|-start|p2a: Jumpluff|Substitute\n|-damage|p2a: Jumpluff|65\/100\n|move|p1a: Milotic|Ice Beam|p2a: Jumpluff\n|-supereffective|p2a: Jumpluff\n|-end|p2a: Jumpluff|Substitute\n|\n|-heal|p1a: Milotic|45\/100|[from] item: Leftovers\n|-damage|p1a: Milotic|32\/100|[from] Leech Seed|[of] p2a: Jumpluff\n|-heal|p2a: Jumpluff|78\/100|[silent]\n|upkeep\n|turn|27\n|c|\u2606christmas egirl|we are both doing the same thing\n|c| NoviceUnown|someone has to die eventually\n|c|\u2606Pennys No.1 Fan|im at class dude\n|c|\u2606christmas egirl|then pay attention\n|c|\u2606Pennys No.1 Fan|timer and subseed stall\n|c|\u2606Pennys No.1 Fan|lets fucking go\n|inactive|christmas egirl has 120 seconds left.\n|c| Pickedman|blud is not happy rn lmaoo\n|c|\u2606christmas egirl|yup you have cacner\n|c|\u2606christmas egirl|how nice\n|c|\u2606Pennys No.1 Fan|merry christmas\n|c|\u2606christmas egirl|<3\n|c|\u2606Pennys No.1 Fan|go sob about it ig\n|inactive|christmas egirl has 90 seconds left.\n|c| NoviceUnown|aint it halloween?\n|c| Pickedman|cacner\n|c|\u2606Pennys No.1 Fan|november\n|c|\u2606Pennys No.1 Fan|halloween doesnt exist\n|n|!christmas egirl|christmasegirl\n|c| NoviceUnown|its still october where i live\n|j| DiceyRice\n|inactive|christmas egirl has 60 seconds left.\n|c|\u2606Pennys No.1 Fan|damn now look whos timer stalling now babe\n|c| Pickedman|real\n|c|\u2606Pennys No.1 Fan|better click those buttons fast\n|c| Pickedman|yeah\n|inactive|christmas egirl has 30 seconds left.\n|c| Pickedman|hit em fastser you ape....\n|inactive|christmas egirl has 20 seconds left.\n|c| Pickedman|it's not that hard\n|inactive|christmas egirl has 15 seconds left.\n|c| DiceyRice|funnily\n|inactive|christmas egirl has 10 seconds left.\n|inactive|christmas egirl has 5 seconds left.\n|\n|t:|1698806487\n|move|p2a: Jumpluff|Protect|p2a: Jumpluff\n|-singleturn|p2a: Jumpluff|Protect\n|move|p1a: Milotic|Ice Beam|p2a: Jumpluff\n|-activate|p2a: Jumpluff|move: Protect\n|\n|-heal|p1a: Milotic|39\/100|[from] item: Leftovers\n|-damage|p1a: Milotic|26\/100|[from] Leech Seed|[of] p2a: Jumpluff\n|-heal|p2a: Jumpluff|92\/100|[silent]\n|upkeep\n|turn|28\n|inactive|christmas egirl has 30 seconds left this turn.\n|c| DiceyRice|every single timer message this baytle\n|c| DiceyRice|came from you\n|c| DiceyRice|egirl\n|inactive|christmas egirl has 20 seconds left.\n|inactive|christmas egirl has 15 seconds left.\n|c| NoviceUnown|u r gonna time out\n|inactive|christmas egirl has 10 seconds left.\n|inactive|christmas egirl has 5 seconds left.\n|\n|t:|1698806517\n|move|p2a: Jumpluff|Substitute|p2a: Jumpluff\n|-start|p2a: Jumpluff|Substitute\n|-damage|p2a: Jumpluff|67\/100\n|move|p1a: Milotic|Ice Beam|p2a: Jumpluff\n|-supereffective|p2a: Jumpluff\n|-end|p2a: Jumpluff|Substitute\n|\n|-heal|p1a: Milotic|32\/100|[from] item: Leftovers\n|-damage|p1a: Milotic|20\/100|[from] Leech Seed|[of] p2a: Jumpluff\n|-heal|p2a: Jumpluff|81\/100|[silent]\n|upkeep\n|turn|29\n|inactive|christmas egirl has 30 seconds left this turn.\n|c|\u2606Pennys No.1 Fan|there was also only like 1 timer message\n|inactive|christmas egirl has 20 seconds left.\n|inactive|christmas egirl has 15 seconds left.\n|inactive|christmas egirl has 10 seconds left.\n|c| DiceyRice|yeah and it was from egirl\n|inactive|christmas egirl has 5 seconds left.\n|\n|t:|1698806547\n|move|p2a: Jumpluff|Protect|p2a: Jumpluff\n|-singleturn|p2a: Jumpluff|Protect\n|move|p1a: Milotic|Ice Beam|p2a: Jumpluff\n|-activate|p2a: Jumpluff|move: Protect\n|\n|-heal|p1a: Milotic|26\/100|[from] item: Leftovers\n|-damage|p1a: Milotic|13\/100|[from] Leech Seed|[of] p2a: Jumpluff\n|-heal|p2a: Jumpluff|95\/100|[silent]\n|upkeep\n|turn|30\n|inactive|christmas egirl has 30 seconds left this turn.\n|inactive|christmas egirl has 20 seconds left.\n|c| Pickedman|owned by the pluff\n|inactive|christmas egirl has 15 seconds left.\n|inactive|christmas egirl has 10 seconds left.\n|c| Pickedman|goobeddddd\n|inactive|christmas egirl has 5 seconds left.\n|\n|t:|1698806575\n|move|p2a: Jumpluff|Substitute|p2a: Jumpluff\n|-start|p2a: Jumpluff|Substitute\n|-damage|p2a: Jumpluff|70\/100\n|move|p1a: Milotic|Dragon Pulse|p2a: Jumpluff\n|-activate|p2a: Jumpluff|move: Substitute|[damage]\n|\n|-heal|p1a: Milotic|20\/100|[from] item: Leftovers\n|-damage|p1a: Milotic|7\/100|[from] Leech Seed|[of] p2a: Jumpluff\n|-heal|p2a: Jumpluff|84\/100|[silent]\n|upkeep\n|turn|31\n|inactive|christmas egirl has 30 seconds left this turn.\n|c|\u2606Pennys No.1 Fan|get gooberd\n|inactive|christmas egirl has 20 seconds left.\n|inactive|christmas egirl has 15 seconds left.\n|inactive|christmas egirl has 10 seconds left.\n|c| Pickedman|agent pluff\n|inactive|christmas egirl has 5 seconds left.\n|\n|t:|1698806605\n|move|p2a: Jumpluff|Acrobatics|p1a: Milotic\n|-damage|p1a: Milotic|0 fnt\n|faint|p1a: Milotic\n|\n|win|Pennys No.1 Fan\n|inactive|christmas egirl has 10 seconds left this turn.\n|n|!christmas egirl|christmasegirl\n|n|\u2606Pennys No.1 Fan|pennysno1fan\n|n|*Lady Monita \u263d|ladymonita\n|n| NoviceUnown|noviceunown\n|n| Pickedman|pickedman\n|n| DiceyRice|diceyrice\n|l|*Lady Monita \u263d\n|l|!christmas egirl\n|c| Pickedman|hellooo\n|l| NoviceUnown\n|c| Pickedman|ooh yippee\n","uploadtime":1698806423,"views":17,"p1id":"christmasegirl","p2id":"pennysno1fan","formatid":"gen9doublesou","rating":0,"private":0,"password":""}