{"id":"gen9doublesou-1992104426","p1":"Moldycheezi","p2":"natethenoob1234","format":"[Gen 9] Doubles OU","log":"|j|\u2606Moldycheezi\n|j|\u2606natethenoob1234\n|t:|1700155455\n|gametype|doubles\n|player|p1|Moldycheezi|grimsley|1176\n|player|p2|natethenoob1234|170|1189\n|teamsize|p1|6\n|teamsize|p2|6\n|gen|9\n|tier|[Gen 9] Doubles OU\n|rated|\n|rule|Species Clause: Limit one of each Pok\u00e9mon\n|rule|OHKO Clause: OHKO moves are banned\n|rule|Evasion Moves Clause: Evasion moves are banned\n|rule|Gravity Sleep Clause: The combination of sleep-inducing moves with imperfect accuracy and Gravity or Gigantamax Orbeetle are banned\n|rule|Endless Battle Clause: Forcing endless battles is banned\n|rule|HP Percentage Mod: HP is shown in percentages\n|clearpoke\n|poke|p1|Kingambit, M|\n|poke|p1|Goodra-Hisui, F|\n|poke|p1|Empoleon, M|\n|poke|p1|Flutter Mane|\n|poke|p1|Breloom, F|\n|poke|p1|Iron Moth|\n|poke|p2|Gholdengo|\n|poke|p2|Cresselia, F|\n|poke|p2|Ogerpon-Cornerstone, F|\n|poke|p2|Iron Hands|\n|poke|p2|Dragonite, M|\n|poke|p2|Amoonguss, M|\n|teampreview\n|\n|t:|1700155473\n|start\n|switch|p1a: Iron Moth|Iron Moth|100\/100\n|switch|p1b: Flutter Mane|Flutter Mane|100\/100\n|switch|p2a: Gholdengo|Gholdengo|100\/100\n|switch|p2b: Ogerpon|Ogerpon-Cornerstone, F|100\/100\n|-enditem|p1b: Flutter Mane|Booster Energy\n|-activate|p1b: Flutter Mane|ability: Protosynthesis|[fromitem]\n|-start|p1b: Flutter Mane|protosynthesisspe\n|turn|1\n|\n|t:|1700155506\n|move|p1b: Flutter Mane|Shadow Ball|p2a: Gholdengo\n|-supereffective|p2a: Gholdengo\n|-damage|p2a: Gholdengo|0 fnt\n|faint|p2a: Gholdengo\n|move|p1a: Iron Moth|Heat Wave|p2b: Ogerpon\n|-crit|p2b: Ogerpon\n|-damage|p2b: Ogerpon|11\/100\n|move|p2b: Ogerpon|Stomping Tantrum|p1a: Iron Moth\n|-supereffective|p1a: Iron Moth\n|-damage|p1a: Iron Moth|0 fnt\n|faint|p1a: Iron Moth\n|-end|p1a: Iron Moth|Quark Drive|[silent]\n|\n|upkeep\n|\n|t:|1700155521\n|switch|p1a: Breloom|Breloom, F|100\/100\n|switch|p2a: Cresselia|Cresselia, F|100\/100\n|turn|2\n|\n|t:|1700155534\n|move|p1a: Breloom|Mach Punch|p2b: Ogerpon\n|-supereffective|p2b: Ogerpon\n|-damage|p2b: Ogerpon|0 fnt\n|faint|p2b: Ogerpon\n|move|p1b: Flutter Mane|Shadow Ball|p2a: Cresselia\n|-supereffective|p2a: Cresselia\n|-damage|p2a: Cresselia|44\/100\n|move|p2a: Cresselia|Calm Mind|p2a: Cresselia\n|-boost|p2a: Cresselia|spa|1\n|-boost|p2a: Cresselia|spd|1\n|\n|-heal|p2a: Cresselia|50\/100|[from] item: Leftovers\n|upkeep\n|\n|t:|1700155552\n|switch|p2b: Amoonguss|Amoonguss, M|100\/100\n|turn|3\n|\n|t:|1700155565\n|move|p1b: Flutter Mane|Shadow Ball|p2a: Cresselia\n|-supereffective|p2a: Cresselia\n|-damage|p2a: Cresselia|12\/100\n|move|p1a: Breloom|Bullet Seed|p2a: Cresselia\n|-damage|p2a: Cresselia|0 fnt\n|faint|p2a: Cresselia\n|-hitcount|p2: Cresselia|1\n|move|p2b: Amoonguss|Spore|p1b: Flutter Mane\n|-status|p1b: Flutter Mane|slp|[from] move: Spore\n|\n|upkeep\n|\n|t:|1700155577\n|switch|p2a: Dragonite|Dragonite, M, shiny|100\/100\n|turn|4\n|\n|t:|1700155598\n|-end|p1b: Flutter Mane|Protosynthesis|[silent]\n|switch|p1b: Empoleon|Empoleon, M|100\/100\n|move|p2a: Dragonite|Dragon Dance|p2a: Dragonite\n|-boost|p2a: Dragonite|atk|1\n|-boost|p2a: Dragonite|spe|1\n|move|p1a: Breloom|Spore|p2a: Dragonite\n|-status|p2a: Dragonite|slp|[from] move: Spore\n|move|p2b: Amoonguss|Toxic|p1a: Breloom\n|-status|p1a: Breloom|tox\n|\n|-damage|p1a: Breloom|94\/100 tox|[from] psn\n|upkeep\n|turn|5\n|\n|t:|1700155621\n|cant|p2a: Dragonite|slp\n|move|p1a: Breloom|Close Combat|p2b: Amoonguss\n|-resisted|p2b: Amoonguss\n|-damage|p2b: Amoonguss|65\/100\n|-unboost|p1a: Breloom|def|1\n|-unboost|p1a: Breloom|spd|1\n|move|p1b: Empoleon|Ice Beam|p2a: Dragonite\n|-supereffective|p2a: Dragonite\n|-damage|p2a: Dragonite|45\/100 slp\n|move|p2b: Amoonguss|Giga Drain|p1b: Empoleon\n|-damage|p1b: Empoleon|78\/100\n|-heal|p2b: Amoonguss|74\/100|[from] drain|[of] p1b: Empoleon\n|\n|-heal|p2a: Dragonite|52\/100 slp|[from] item: Leftovers\n|-heal|p1b: Empoleon|84\/100|[from] item: Leftovers\n|-heal|p2b: Amoonguss|80\/100|[from] item: Leftovers\n|-damage|p1a: Breloom|82\/100 tox|[from] psn\n|upkeep\n|turn|6\n|\n|t:|1700155657\n|switch|p2a: Iron Hands|Iron Hands|100\/100\n|-enditem|p2a: Iron Hands|Booster Energy\n|-activate|p2a: Iron Hands|ability: Quark Drive|[fromitem]\n|-start|p2a: Iron Hands|quarkdriveatk\n|move|p1a: Breloom|Close Combat|p2b: Amoonguss\n|-resisted|p2b: Amoonguss\n|-damage|p2b: Amoonguss|44\/100\n|-unboost|p1a: Breloom|def|1\n|-unboost|p1a: Breloom|spd|1\n|move|p1b: Empoleon|Ice Beam|p2a: Iron Hands\n|-damage|p2a: Iron Hands|74\/100\n|move|p2b: Amoonguss|Giga Drain|p1b: Empoleon\n|-damage|p1b: Empoleon|62\/100\n|-heal|p2b: Amoonguss|52\/100|[from] drain|[of] p1b: Empoleon\n|\n|-heal|p1b: Empoleon|68\/100|[from] item: Leftovers\n|-heal|p2b: Amoonguss|58\/100|[from] item: Leftovers\n|-damage|p1a: Breloom|64\/100 tox|[from] psn\n|upkeep\n|turn|7\n|\n|t:|1700155699\n|switch|p1a: Flutter Mane|Flutter Mane|100\/100 slp\n|switch|p1b: Goodra|Goodra-Hisui, F|100\/100\n|move|p2a: Iron Hands|Thunder Punch|p1b: Goodra\n|-resisted|p1b: Goodra\n|-damage|p1b: Goodra|81\/100\n|move|p2b: Amoonguss|Giga Drain|p1b: Goodra\n|-ability|p1b: Goodra|Sap Sipper|boost\n|-boost|p1b: Goodra|atk|1\n|\n|-heal|p1b: Goodra|87\/100|[from] item: Leftovers\n|-heal|p2b: Amoonguss|64\/100|[from] item: Leftovers\n|upkeep\n|turn|8\n|\n|t:|1700155727\n|-terastallize|p2a: Iron Hands|Fighting\n|cant|p1a: Flutter Mane|slp\n|move|p1b: Goodra|Heavy Slam|p2a: Iron Hands\n|-damage|p2a: Iron Hands|61\/100\n|move|p2a: Iron Hands|Brick Break|p1b: Goodra\n|-supereffective|p1b: Goodra\n|-damage|p1b: Goodra|0 fnt\n|faint|p1b: Goodra\n|move|p2b: Amoonguss|Giga Drain|p1a: Flutter Mane\n|-damage|p1a: Flutter Mane|75\/100 slp\n|-heal|p2b: Amoonguss|72\/100|[from] drain|[of] p1a: Flutter Mane\n|\n|-heal|p2b: Amoonguss|78\/100|[from] item: Leftovers\n|upkeep\n|\n|t:|1700155754\n|switch|p1b: Breloom|Breloom, F|64\/100 tox\n|turn|9\n|\n|t:|1700155769\n|cant|p1a: Flutter Mane|slp\n|move|p1b: Breloom|Bullet Seed|p2a: Iron Hands\n|-damage|p2a: Iron Hands|47\/100\n|-damage|p2a: Iron Hands|33\/100\n|-damage|p2a: Iron Hands|19\/100\n|-damage|p2a: Iron Hands|5\/100\n|-damage|p2a: Iron Hands|0 fnt\n|faint|p2a: Iron Hands\n|-end|p2a: Iron Hands|Quark Drive|[silent]\n|-hitcount|p2: Iron Hands|5\n|move|p2b: Amoonguss|Giga Drain|p1a: Flutter Mane\n|-damage|p1a: Flutter Mane|52\/100 slp\n|-heal|p2b: Amoonguss|85\/100|[from] drain|[of] p1a: Flutter Mane\n|\n|-heal|p2b: Amoonguss|91\/100|[from] item: Leftovers\n|-damage|p1b: Breloom|58\/100 tox|[from] psn\n|upkeep\n|\n|t:|1700155798\n|switch|p2a: Dragonite|Dragonite, M, shiny|52\/100 slp\n|turn|10\n|\n|t:|1700155812\n|cant|p1a: Flutter Mane|slp\n|-curestatus|p2a: Dragonite|slp|[msg]\n|move|p2a: Dragonite|Dragon Dance|p2a: Dragonite\n|-boost|p2a: Dragonite|atk|1\n|-boost|p2a: Dragonite|spe|1\n|move|p1b: Breloom|Close Combat|p2a: Dragonite\n|-resisted|p2a: Dragonite\n|-damage|p2a: Dragonite|13\/100\n|-unboost|p1b: Breloom|def|1\n|-unboost|p1b: Breloom|spd|1\n|move|p2b: Amoonguss|Giga Drain|p1a: Flutter Mane\n|-damage|p1a: Flutter Mane|27\/100 slp\n|-heal|p2b: Amoonguss|98\/100|[from] drain|[of] p1a: Flutter Mane\n|\n|-heal|p2a: Dragonite|19\/100|[from] item: Leftovers\n|-heal|p2b: Amoonguss|100\/100|[from] item: Leftovers\n|-damage|p1b: Breloom|45\/100 tox|[from] psn\n|upkeep\n|turn|11\n|\n|t:|1700155835\n|move|p1b: Breloom|Mach Punch|p2a: Dragonite\n|-resisted|p2a: Dragonite\n|-damage|p2a: Dragonite|0 fnt\n|faint|p2a: Dragonite\n|-curestatus|p1a: Flutter Mane|slp|[msg]\n|move|p1a: Flutter Mane|Dazzling Gleam|p2b: Amoonguss\n|-resisted|p2b: Amoonguss\n|-damage|p2b: Amoonguss|87\/100\n|move|p2b: Amoonguss|Giga Drain|p1a: Flutter Mane\n|-damage|p1a: Flutter Mane|5\/100\n|-heal|p2b: Amoonguss|93\/100|[from] drain|[of] p1a: Flutter Mane\n|\n|-heal|p2b: Amoonguss|99\/100|[from] item: Leftovers\n|-damage|p1b: Breloom|27\/100 tox|[from] psn\n|upkeep\n|turn|12\n|\n|t:|1700155856\n|move|p1a: Flutter Mane|Shadow Ball|p2b: Amoonguss\n|-damage|p2b: Amoonguss|73\/100\n|move|p1b: Breloom|Close Combat|p2b: Amoonguss\n|-resisted|p2b: Amoonguss\n|-damage|p2b: Amoonguss|38\/100\n|-unboost|p1b: Breloom|def|1\n|-unboost|p1b: Breloom|spd|1\n|move|p2b: Amoonguss|Giga Drain|p1a: Flutter Mane\n|-damage|p1a: Flutter Mane|0 fnt\n|-heal|p2b: Amoonguss|39\/100|[from] drain|[of] p1a: Flutter Mane\n|faint|p1a: Flutter Mane\n|-end|p1a: Flutter Mane|Protosynthesis|[silent]\n|\n|-heal|p2b: Amoonguss|45\/100|[from] item: Leftovers\n|-damage|p1b: Breloom|2\/100 tox|[from] psn\n|upkeep\n|\n|t:|1700155873\n|switch|p1a: Kingambit|Kingambit, M, shiny|100\/100\n|-activate|p1a: Kingambit|ability: Supreme Overlord\n|-start|p1a: Kingambit|fallen3|[silent]\n|turn|13\n|\n|t:|1700155888\n|-terastallize|p1b: Breloom|Fighting\n|move|p1b: Breloom|Close Combat|p2b: Amoonguss\n|-resisted|p2b: Amoonguss\n|-damage|p2b: Amoonguss|0 fnt\n|-unboost|p1b: Breloom|def|1\n|-unboost|p1b: Breloom|spd|1\n|faint|p2b: Amoonguss\n|\n|win|Moldycheezi\n|raw|Moldycheezi's rating: 1176 &rarr; <strong>1202<\/strong><br \/>(+26 for winning)\n|raw|natethenoob1234's rating: 1189 &rarr; <strong>1163<\/strong><br \/>(-26 for losing)\n|l|\u2606natethenoob1234\n","uploadtime":1700155910,"views":8,"p1id":"moldycheezi","p2id":"natethenoob1234","formatid":"gen9doublesou","rating":1163,"private":0,"password":""}