{"id":"gen9doublesou-1998263800","p1":"Norafumi","p2":"Deimos34","format":"[Gen 9] Doubles OU","log":"|j|\u2606Norafumi\n|j|\u2606Deimos34\n|t:|1700921813\n|gametype|doubles\n|player|p1|Norafumi|steven|1161\n|player|p2|Deimos34|raifort|1166\n|teamsize|p1|6\n|teamsize|p2|6\n|gen|9\n|tier|[Gen 9] Doubles OU\n|rated|\n|rule|Species Clause: Limit one of each Pok\u00e9mon\n|rule|OHKO Clause: OHKO moves are banned\n|rule|Evasion Moves Clause: Evasion moves are banned\n|rule|Gravity Sleep Clause: The combination of sleep-inducing moves with imperfect accuracy and Gravity or Gigantamax Orbeetle are banned\n|rule|Endless Battle Clause: Forcing endless battles is banned\n|rule|HP Percentage Mod: HP is shown in percentages\n|clearpoke\n|poke|p1|Gengar, F|\n|poke|p1|Muk-Alola, F|\n|poke|p1|Sneasler, F|\n|poke|p1|Rillaboom, F|\n|poke|p1|Toxapex, M|\n|poke|p1|Toxtricity-Low-Key, M|\n|poke|p2|Ninetales-Alola, F|\n|poke|p2|Kilowattrel, M|\n|poke|p2|Haxorus, F|\n|poke|p2|Rillaboom, F|\n|poke|p2|Wyrdeer, F|\n|poke|p2|Empoleon, F|\n|teampreview\n|\n|t:|1700921823\n|start\n|switch|p1a: Gengar|Gengar, F, shiny|100\/100\n|switch|p1b: Muk|Muk-Alola, F, shiny|100\/100\n|switch|p2a: Wyrdeer|Wyrdeer, F|100\/100\n|switch|p2b: Ninetales|Ninetales-Alola, F|100\/100\n|-weather|Snow|[from] ability: Snow Warning|[of] p2b: Ninetales\n|-ability|p2a: Wyrdeer|Intimidate|boost\n|-unboost|p1a: Gengar|atk|1\n|-unboost|p1b: Muk|atk|1\n|turn|1\n|\n|t:|1700921846\n|switch|p1b: Toxapex|Toxapex, M, shiny|100\/100\n|move|p1a: Gengar|Shadow Ball|p2a: Wyrdeer\n|-immune|p2a: Wyrdeer\n|move|p2b: Ninetales|Aurora Veil|p2b: Ninetales\n|-sidestart|p2: Deimos34|move: Aurora Veil\n|move|p2a: Wyrdeer|Psychic|p1a: Gengar\n|-supereffective|p1a: Gengar\n|-damage|p1a: Gengar|0 fnt\n|faint|p1a: Gengar\n|\n|-weather|Snow|[upkeep]\n|upkeep\n|\n|t:|1700921860\n|switch|p1a: Muk|Muk-Alola, F, shiny|100\/100\n|turn|2\n|\n|t:|1700921871\n|switch|p2b: Empoleon|Empoleon, F|100\/100\n|move|p2a: Wyrdeer|Psychic|p1b: Toxapex\n|-supereffective|p1b: Toxapex\n|-damage|p1b: Toxapex|31\/100\n|move|p1a: Muk|Gunk Shot|p2b: Empoleon\n|-immune|p2b: Empoleon\n|move|p1b: Toxapex|Toxic|p2a: Wyrdeer\n|-status|p2a: Wyrdeer|tox\n|\n|-weather|Snow|[upkeep]\n|-heal|p1b: Toxapex|38\/100|[from] item: Leftovers\n|-damage|p2a: Wyrdeer|94\/100 tox|[from] psn\n|upkeep\n|turn|3\n|\n|t:|1700921897\n|switch|p1b: Rillaboom|Rillaboom, F, shiny|100\/100\n|-fieldstart|move: Grassy Terrain|[from] ability: Grassy Surge|[of] p1b: Rillaboom\n|move|p2b: Empoleon|Hydro Pump|p1a: Muk\n|-damage|p1a: Muk|55\/100\n|move|p2a: Wyrdeer|Psychic|p1b: Rillaboom\n|-damage|p1b: Rillaboom|50\/100\n|move|p1a: Muk|Brick Break|p2b: Empoleon\n|-sideend|p2: Deimos34|move: Aurora Veil\n|-supereffective|p2b: Empoleon\n|-damage|p2b: Empoleon|40\/100\n|-damage|p1a: Muk|38\/100|[from] item: Rocky Helmet|[of] p2b: Empoleon\n|\n|-weather|Snow|[upkeep]\n|-heal|p1b: Rillaboom|56\/100|[from] Grassy Terrain\n|-heal|p1b: Rillaboom|63\/100|[from] item: Leftovers\n|-heal|p2b: Empoleon|46\/100|[from] Grassy Terrain\n|-heal|p2a: Wyrdeer|100\/100 tox|[from] Grassy Terrain\n|-heal|p1a: Muk|44\/100|[from] Grassy Terrain\n|-heal|p1a: Muk|50\/100|[from] item: Leftovers\n|-damage|p2a: Wyrdeer|88\/100 tox|[from] psn\n|upkeep\n|turn|4\n|\n|t:|1700921928\n|move|p1b: Rillaboom|Fake Out|p2b: Empoleon\n|-resisted|p2b: Empoleon\n|-damage|p2b: Empoleon|38\/100\n|-damage|p1b: Rillaboom|46\/100|[from] item: Rocky Helmet|[of] p2b: Empoleon\n|cant|p2b: Empoleon|flinch\n|move|p2a: Wyrdeer|Skill Swap|p1a: Muk\n|-activate|p2a: Wyrdeer|move: Skill Swap|Poison Touch|Intimidate|[of] p1a: Muk\n|-ability|p1a: Muk|Intimidate|boost\n|-unboost|p2a: Wyrdeer|atk|1\n|-unboost|p2b: Empoleon|atk|1\n|-ability|p2b: Empoleon|Competitive|boost\n|-boost|p2b: Empoleon|spa|2\n|move|p1a: Muk|Brick Break|p2b: Empoleon\n|-supereffective|p2b: Empoleon\n|-damage|p2b: Empoleon|0 fnt\n|-damage|p1a: Muk|33\/100|[from] item: Rocky Helmet|[of] p2b: Empoleon\n|faint|p2b: Empoleon\n|\n|-weather|Snow|[upkeep]\n|-heal|p1b: Rillaboom|52\/100|[from] Grassy Terrain\n|-heal|p1b: Rillaboom|58\/100|[from] item: Leftovers\n|-heal|p2a: Wyrdeer|94\/100 tox|[from] Grassy Terrain\n|-heal|p1a: Muk|39\/100|[from] Grassy Terrain\n|-heal|p1a: Muk|45\/100|[from] item: Leftovers\n|-damage|p2a: Wyrdeer|76\/100 tox|[from] psn\n|upkeep\n|\n|t:|1700921950\n|switch|p2b: Haxorus|Haxorus, F|100\/100\n|-ability|p2b: Haxorus|Mold Breaker\n|turn|5\n|\n|t:|1700921966\n|move|p1b: Rillaboom|Grassy Glide|p2b: Haxorus\n|-resisted|p2b: Haxorus\n|-damage|p2b: Haxorus|76\/100\n|move|p2b: Haxorus|Focus Energy|p2b: Haxorus\n|-start|p2b: Haxorus|move: Focus Energy\n|move|p2a: Wyrdeer|Earth Power|p1a: Muk\n|-supereffective|p1a: Muk\n|-damage|p1a: Muk|0 fnt\n|faint|p1a: Muk\n|\n|-weather|none\n|-heal|p2b: Haxorus|82\/100|[from] Grassy Terrain\n|-heal|p1b: Rillaboom|64\/100|[from] Grassy Terrain\n|-heal|p1b: Rillaboom|70\/100|[from] item: Leftovers\n|-heal|p2a: Wyrdeer|82\/100 tox|[from] Grassy Terrain\n|-damage|p2a: Wyrdeer|58\/100 tox|[from] psn\n|upkeep\n|inactive|Battle timer is ON: inactive players will automatically lose when time's up. (requested by Norafumi)\n|\n|t:|1700921981\n|switch|p1a: Sneasler|Sneasler, F, shiny|100\/100\n|-enditem|p1a: Sneasler|Grassy Seed\n|-boost|p1a: Sneasler|def|1|[from] item: Grassy Seed\n|-enditem|p2a: Wyrdeer|Mirror Herb\n|-boost|p2a: Wyrdeer|def|1|[from] item: Mirror Herb\n|turn|6\n|\n|t:|1700921998\n|switch|p2a: Rillaboom|Rillaboom, F|100\/100\n|move|p1b: Rillaboom|Grassy Glide|p2a: Rillaboom\n|-resisted|p2a: Rillaboom\n|-damage|p2a: Rillaboom|80\/100\n|move|p1a: Sneasler|Gunk Shot|p2b: Haxorus\n|-damage|p2b: Haxorus|0 fnt\n|faint|p2b: Haxorus\n|\n|-heal|p2a: Rillaboom|86\/100|[from] Grassy Terrain\n|-heal|p2a: Rillaboom|93\/100|[from] item: Leftovers\n|-heal|p1b: Rillaboom|76\/100|[from] Grassy Terrain\n|-heal|p1b: Rillaboom|82\/100|[from] item: Leftovers\n|upkeep\n|\n|t:|1700922011\n|switch|p2b: Wyrdeer|Wyrdeer, F|58\/100 tox\n|-ability|p2b: Wyrdeer|Intimidate|boost\n|-unboost|p1a: Sneasler|atk|1\n|-unboost|p1b: Rillaboom|atk|1\n|turn|7\n|inactive|Norafumi has 120 seconds left.\n|\n|t:|1700922046\n|switch|p1a: Toxtricity|Toxtricity-Low-Key, M, shiny|100\/100\n|move|p2a: Rillaboom|Fake Out|p1a: Toxtricity\n|-damage|p1a: Toxtricity|82\/100\n|move|p1b: Rillaboom|Drain Punch|p2b: Wyrdeer\n|-damage|p2b: Wyrdeer|39\/100 tox\n|-heal|p1b: Rillaboom|93\/100|[from] drain|[of] p2b: Wyrdeer\n|move|p2b: Wyrdeer|Psychic|p1a: Toxtricity\n|-supereffective|p1a: Toxtricity\n|-damage|p1a: Toxtricity|0 fnt\n|faint|p1a: Toxtricity\n|\n|-heal|p2a: Rillaboom|99\/100|[from] Grassy Terrain\n|-heal|p2a: Rillaboom|100\/100|[from] item: Leftovers\n|-heal|p1b: Rillaboom|99\/100|[from] Grassy Terrain\n|-heal|p1b: Rillaboom|100\/100|[from] item: Leftovers\n|-heal|p2b: Wyrdeer|45\/100 tox|[from] Grassy Terrain\n|-damage|p2b: Wyrdeer|39\/100 tox|[from] psn\n|-fieldend|move: Grassy Terrain\n|upkeep\n|inactive|Norafumi has 120 seconds left.\n|\n|t:|1700922066\n|switch|p1a: Sneasler|Sneasler, F, shiny|100\/100\n|turn|8\n|inactive|Norafumi has 120 seconds left.\n|\n|t:|1700922083\n|move|p1a: Sneasler|Gunk Shot|p2b: Wyrdeer\n|-crit|p2b: Wyrdeer\n|-damage|p2b: Wyrdeer|0 fnt\n|faint|p2b: Wyrdeer\n|move|p2a: Rillaboom|Knock Off|p1b: Rillaboom\n|-damage|p1b: Rillaboom|71\/100\n|-enditem|p1b: Rillaboom|Leftovers|[from] move: Knock Off|[of] p2a: Rillaboom\n|move|p1b: Rillaboom|Drain Punch|p2a: Rillaboom\n|-damage|p2a: Rillaboom|82\/100\n|-heal|p1b: Rillaboom|80\/100|[from] drain|[of] p2a: Rillaboom\n|\n|-heal|p2a: Rillaboom|88\/100|[from] item: Leftovers\n|upkeep\n|\n|t:|1700922098\n|switch|p2b: Ninetales|Ninetales-Alola, F|100\/100\n|-weather|Snow|[from] ability: Snow Warning|[of] p2b: Ninetales\n|turn|9\n|\n|t:|1700922120\n|switch|p1b: Toxapex|Toxapex, M, shiny|71\/100\n|move|p2b: Ninetales|Aurora Veil|p2b: Ninetales\n|-sidestart|p2: Deimos34|move: Aurora Veil\n|move|p1a: Sneasler|Gunk Shot|p2a: Rillaboom\n|-supereffective|p2a: Rillaboom\n|-damage|p2a: Rillaboom|0 fnt\n|faint|p2a: Rillaboom\n|\n|-weather|Snow|[upkeep]\n|-heal|p1b: Toxapex|77\/100|[from] item: Leftovers\n|upkeep\n|\n|t:|1700922128\n|switch|p2a: Kilowattrel|Kilowattrel, M|100\/100\n|turn|10\n|\n|t:|1700922142\n|move|p2a: Kilowattrel|Thunderbolt|p1b: Toxapex\n|-supereffective|p1b: Toxapex\n|-damage|p1b: Toxapex|7\/100\n|move|p2b: Ninetales|Freeze-Dry|p1b: Toxapex\n|-supereffective|p1b: Toxapex\n|-damage|p1b: Toxapex|0 fnt\n|faint|p1b: Toxapex\n|move|p1a: Sneasler|Gunk Shot|p2b: Ninetales\n|-supereffective|p2b: Ninetales\n|-damage|p2b: Ninetales|7\/100\n|\n|-weather|Snow|[upkeep]\n|upkeep\n|\n|t:|1700922153\n|switch|p1b: Rillaboom|Rillaboom, F, shiny|80\/100\n|-fieldstart|move: Grassy Terrain|[from] ability: Grassy Surge|[of] p1b: Rillaboom\n|turn|11\n|\n|t:|1700922163\n|move|p1b: Rillaboom|Fake Out|p2b: Ninetales\n|-damage|p2b: Ninetales|0 fnt\n|faint|p2b: Ninetales\n|move|p2a: Kilowattrel|Weather Ball|p1b: Rillaboom\n|-supereffective|p1b: Rillaboom\n|-damage|p1b: Rillaboom|4\/100\n|move|p1a: Sneasler|Gunk Shot|p2a: Kilowattrel\n|-damage|p2a: Kilowattrel|9\/100\n|\n|-weather|Snow|[upkeep]\n|-heal|p1b: Rillaboom|10\/100|[from] Grassy Terrain\n|upkeep\n|turn|12\n|\n|t:|1700922176\n|move|p1b: Rillaboom|Grassy Glide|p2a: Kilowattrel\n|-resisted|p2a: Kilowattrel\n|-damage|p2a: Kilowattrel|0 fnt\n|faint|p2a: Kilowattrel\n|\n|win|Norafumi\n|raw|Norafumi's rating: 1161 &rarr; <strong>1186<\/strong><br \/>(+25 for winning)\n|raw|Deimos34's rating: 1166 &rarr; <strong>1141<\/strong><br \/>(-25 for losing)\n|l|\u2606Deimos34\n","uploadtime":1700922186,"views":13,"p1id":"norafumi","p2id":"deimos34","formatid":"gen9doublesou","rating":1141,"private":0,"password":""}