{"id":"gen9doublesou-1967947156","p1":"Luukv14","p2":"dingding69","format":"[Gen 9] Doubles OU","log":"|html|<div class=\"broadcast-blue\"><strong>[Gen 9] Doubles OU is currently suspecting Basculegion & Flutter Mane! For information on how to participate check out the <a href=\"https:\/\/www.smogon.com\/forums\/threads\/np-sv-dou-stage-8-double-trouble.3729153\/\">suspect thread<\/a>.<\/strong><\/div>\n|j|\u2606Luukv14\n|j|\u2606dingding69\n|t:|1697363455\n|gametype|doubles\n|player|p1|Luukv14|169|1058\n|player|p2|dingding69|swimmer-gen4dp|1146\n|teamsize|p1|6\n|teamsize|p2|6\n|gen|9\n|tier|[Gen 9] Doubles OU\n|rated|\n|rule|Species Clause: Limit one of each Pok\u00e9mon\n|rule|OHKO Clause: OHKO moves are banned\n|rule|Evasion Moves Clause: Evasion moves are banned\n|rule|Gravity Sleep Clause: The combination of sleep-inducing moves with imperfect accuracy and Gravity or Gigantamax Orbeetle are banned\n|rule|Endless Battle Clause: Forcing endless battles is banned\n|rule|HP Percentage Mod: HP is shown in percentages\n|clearpoke\n|poke|p1|Flutter Mane|\n|poke|p1|Grimmsnarl, M|\n|poke|p1|Landorus-Therian, M|\n|poke|p1|Iron Hands|\n|poke|p1|Volcanion|\n|poke|p1|Dragonite, M|\n|poke|p2|Cinderace, F|\n|poke|p2|Dunsparce, M|\n|poke|p2|Empoleon, F|\n|poke|p2|Torterra, F|\n|poke|p2|Indeedee, M|\n|poke|p2|Ninetales-Alola, F|\n|teampreview\n|\n|t:|1697363462\n|start\n|switch|p1a: Iron Hands|Iron Hands|100\/100\n|switch|p1b: Grimmsnarl|Grimmsnarl, M|100\/100\n|switch|p2a: Indeedee|Indeedee, M|100\/100\n|switch|p2b: Ninetales|Ninetales-Alola, F, shiny|100\/100\n|-weather|Snow|[from] ability: Snow Warning|[of] p2b: Ninetales\n|-fieldstart|move: Psychic Terrain|[from] ability: Psychic Surge|[of] p2a: Indeedee\n|-enditem|p1a: Iron Hands|Booster Energy\n|-activate|p1a: Iron Hands|ability: Quark Drive|[fromitem]\n|-start|p1a: Iron Hands|quarkdriveatk\n|turn|1\n|\n|t:|1697363485\n|move|p1b: Grimmsnarl|Light Screen|p1b: Grimmsnarl\n|-sidestart|p1: Luukv14|move: Light Screen\n|move|p2b: Ninetales|Aurora Veil|p2b: Ninetales\n|-sidestart|p2: dingding69|move: Aurora Veil\n|move|p2a: Indeedee|Dazzling Gleam|p1b: Grimmsnarl|[spread] p1a,p1b\n|-supereffective|p1a: Iron Hands\n|-supereffective|p1b: Grimmsnarl\n|-damage|p1a: Iron Hands|83\/100\n|-damage|p1b: Grimmsnarl|85\/100\n|move|p1a: Iron Hands|Drain Punch|p2b: Ninetales\n|-damage|p2b: Ninetales|62\/100\n|-heal|p1a: Iron Hands|94\/100|[from] drain|[of] p2b: Ninetales\n|\n|-weather|Snow|[upkeep]\n|-heal|p1b: Grimmsnarl|91\/100|[from] item: Leftovers\n|upkeep\n|turn|2\n|\n|t:|1697363504\n|-end|p1a: Iron Hands|Quark Drive|[silent]\n|switch|p1a: Volcanion|Volcanion|100\/100\n|move|p1b: Grimmsnarl|Reflect|p1b: Grimmsnarl\n|-sidestart|p1: Luukv14|Reflect\n|move|p2b: Ninetales|Nasty Plot|p2b: Ninetales\n|-boost|p2b: Ninetales|spa|2\n|move|p2a: Indeedee|Skill Swap|p1b: Grimmsnarl\n|-activate|p2a: Indeedee|move: Skill Swap|Prankster|Psychic Surge|[of] p1b: Grimmsnarl\n|\n|-weather|Snow|[upkeep]\n|-heal|p1b: Grimmsnarl|97\/100|[from] item: Leftovers\n|upkeep\n|turn|3\n|\n|t:|1697363526\n|switch|p1b: Landorus|Landorus-Therian, M|100\/100\n|-ability|p1b: Landorus|Intimidate|boost\n|-unboost|p2a: Indeedee|atk|1\n|-unboost|p2b: Ninetales|atk|1\n|move|p2a: Indeedee|Psych Up|p2b: Ninetales\n|-copyboost|p2a: Indeedee|p2b: Ninetales|[from] move: Psych Up\n|move|p2b: Ninetales|Dazzling Gleam|p1a: Volcanion|[spread] p1a,p1b\n|-resisted|p1a: Volcanion\n|-damage|p1a: Volcanion|91\/100\n|-damage|p1b: Landorus|74\/100\n|move|p1a: Volcanion|Flamethrower|p2b: Ninetales\n|-supereffective|p2b: Ninetales\n|-damage|p2b: Ninetales|0 fnt\n|faint|p2b: Ninetales\n|\n|-weather|Snow|[upkeep]\n|upkeep\n|\n|t:|1697363541\n|switch|p2b: Torterra|Torterra, F|100\/100\n|turn|4\n|\n|t:|1697363550\n|move|p1b: Landorus|Rock Slide|p2a: Indeedee|[spread] p2a,p2b\n|-resisted|p2b: Torterra\n|-damage|p2a: Indeedee|78\/100\n|-damage|p2b: Torterra|93\/100\n|move|p2b: Torterra|Shell Smash|p2b: Torterra\n|-unboost|p2b: Torterra|def|1\n|-unboost|p2b: Torterra|spd|1\n|-boost|p2b: Torterra|atk|2\n|-boost|p2b: Torterra|spa|2\n|-boost|p2b: Torterra|spe|2\n|-enditem|p2b: Torterra|White Herb\n|-clearnegativeboost|p2b: Torterra|[silent]\n|move|p2a: Indeedee|Dazzling Gleam|p1b: Landorus|[spread] p1a,p1b\n|-resisted|p1a: Volcanion\n|-damage|p1a: Volcanion|84\/100\n|-damage|p1b: Landorus|59\/100\n|move|p1a: Volcanion|Flamethrower|p2b: Torterra\n|-supereffective|p2b: Torterra\n|-damage|p2b: Torterra|5\/100\n|\n|-weather|Snow|[upkeep]\n|upkeep\n|turn|5\n|\n|t:|1697363577\n|switch|p2a: Empoleon|Empoleon, F|100\/100\n|move|p2b: Torterra|Grass Pledge|p1b: Landorus\n|-damage|p1b: Landorus|36\/100\n|move|p1b: Landorus|Rock Slide|p2b: Torterra|[spread] p2a,p2b\n|-resisted|p2a: Empoleon\n|-resisted|p2b: Torterra\n|-damage|p2a: Empoleon|94\/100\n|-damage|p2b: Torterra|0 fnt\n|faint|p2b: Torterra\n|move|p1a: Volcanion|Steam Eruption|p2a: Empoleon\n|-resisted|p2a: Empoleon\n|-damage|p2a: Empoleon|74\/100\n|-status|p2a: Empoleon|brn\n|\n|-weather|none\n|-damage|p2a: Empoleon|68\/100 brn|[from] brn\n|-sideend|p1: Luukv14|move: Light Screen\n|-sideend|p2: dingding69|move: Aurora Veil\n|-fieldend|move: Psychic Terrain\n|upkeep\n|\n|t:|1697363585\n|switch|p2b: Cinderace|Cinderace, F|100\/100\n|turn|6\n|\n|t:|1697363596\n|move|p2b: Cinderace|Fire Pledge|p1b: Landorus\n|-waiting|p2b: Cinderace|p2a: Empoleon\n|move|p2a: Empoleon|Water Pledge|p1b: Landorus|[from]move: Fire Pledge\n|-combine\n|-supereffective|p1b: Landorus\n|-damage|p1b: Landorus|0 fnt\n|-sidestart|p2: dingding69|Water Pledge\n|faint|p1b: Landorus\n|move|p1a: Volcanion|Steam Eruption|p2b: Cinderace\n|-supereffective|p2b: Cinderace\n|-enditem|p2b: Cinderace|Focus Sash\n|-damage|p2b: Cinderace|1\/100\n|\n|-damage|p2a: Empoleon|62\/100 brn|[from] brn\n|-sideend|p1: Luukv14|Reflect\n|upkeep\n|\n|t:|1697363608\n|switch|p1b: Grimmsnarl|Grimmsnarl, M|97\/100\n|turn|7\n|\n|t:|1697363619\n|move|p1b: Grimmsnarl|Reflect|p1b: Grimmsnarl\n|-sidestart|p1: Luukv14|Reflect\n|move|p2b: Cinderace|Fire Pledge|p1b: Grimmsnarl\n|-waiting|p2b: Cinderace|p2a: Empoleon\n|move|p2a: Empoleon|Water Pledge|p1b: Grimmsnarl|[from]move: Fire Pledge\n|-combine\n|-damage|p1b: Grimmsnarl|41\/100\n|move|p1a: Volcanion|Rock Slide|p2b: Cinderace|[spread] p2a\n|-miss|p1a: Volcanion|p2b: Cinderace\n|-resisted|p2a: Empoleon\n|-damage|p2a: Empoleon|55\/100 brn\n|\n|-heal|p1b: Grimmsnarl|47\/100|[from] item: Leftovers\n|-damage|p2a: Empoleon|49\/100 brn|[from] brn\n|upkeep\n|-enditem|p2a: Empoleon|Sitrus Berry|[eat]\n|-heal|p2a: Empoleon|74\/100 brn|[from] item: Sitrus Berry\n|turn|8\n|\n|t:|1697363642\n|move|p1b: Grimmsnarl|Sucker Punch|p2b: Cinderace\n|-damage|p2b: Cinderace|0 fnt\n|faint|p2b: Cinderace\n|move|p1a: Volcanion|Flamethrower|p2a: Empoleon\n|-damage|p2a: Empoleon|24\/100 brn\n|move|p2a: Empoleon|Water Pledge|p1b: Grimmsnarl\n|-damage|p1b: Grimmsnarl|15\/100\n|\n|-heal|p1b: Grimmsnarl|22\/100|[from] item: Leftovers\n|-damage|p2a: Empoleon|18\/100 brn|[from] brn\n|upkeep\n|\n|t:|1697363644\n|switch|p2b: Dunsparce|Dunsparce, M, shiny|100\/100\n|turn|9\n|\n|t:|1697363662\n|move|p1b: Grimmsnarl|Light Screen|p1b: Grimmsnarl\n|-sidestart|p1: Luukv14|move: Light Screen\n|move|p1a: Volcanion|Rock Slide|p2a: Empoleon|[spread] p2a,p2b\n|-resisted|p2a: Empoleon\n|-damage|p2a: Empoleon|11\/100 brn\n|-damage|p2b: Dunsparce|90\/100\n|move|p2a: Empoleon|Steel Beam|p1a: Volcanion\n|-resisted|p1a: Volcanion\n|-damage|p1a: Volcanion|76\/100\n|-damage|p2a: Empoleon|0 fnt|[from] steelbeam\n|faint|p2a: Empoleon\n|move|p2b: Dunsparce|Ancient Power|p1b: Grimmsnarl\n|-damage|p1b: Grimmsnarl|13\/100\n|-boost|p2b: Dunsparce|atk|1\n|-boost|p2b: Dunsparce|def|1\n|-boost|p2b: Dunsparce|spa|1\n|-boost|p2b: Dunsparce|spd|1\n|-boost|p2b: Dunsparce|spe|1\n|\n|-heal|p1b: Grimmsnarl|20\/100|[from] item: Leftovers\n|-sideend|p2: dingding69|Water Pledge\n|upkeep\n|\n|t:|1697363675\n|switch|p2a: Indeedee|Indeedee, M|78\/100\n|-fieldstart|move: Psychic Terrain|[from] ability: Psychic Surge|[of] p2a: Indeedee\n|turn|10\n|\n|t:|1697363706\n|switch|p1b: Iron Hands|Iron Hands|94\/100\n|move|p2a: Indeedee|Psych Up|p2b: Dunsparce\n|-copyboost|p2a: Indeedee|p2b: Dunsparce|[from] move: Psych Up\n|move|p2b: Dunsparce|Ancient Power|p1b: Iron Hands\n|-resisted|p1b: Iron Hands\n|-damage|p1b: Iron Hands|88\/100\n|-boost|p2b: Dunsparce|atk|1\n|-boost|p2b: Dunsparce|def|1\n|-boost|p2b: Dunsparce|spa|1\n|-boost|p2b: Dunsparce|spd|1\n|-boost|p2b: Dunsparce|spe|1\n|move|p1a: Volcanion|Rock Slide|p2b: Dunsparce|[spread] p2a,p2b\n|-damage|p2a: Indeedee|61\/100\n|-damage|p2b: Dunsparce|84\/100\n|\n|upkeep\n|turn|11\n|\n|t:|1697363727\n|move|p2a: Indeedee|Psych Up|p2b: Dunsparce\n|-copyboost|p2a: Indeedee|p2b: Dunsparce|[from] move: Psych Up\n|move|p2b: Dunsparce|Stored Power|p1b: Iron Hands\n|-supereffective|p1b: Iron Hands\n|-damage|p1b: Iron Hands|0 fnt\n|faint|p1b: Iron Hands\n|-end|p1b: Iron Hands|Quark Drive|[silent]\n|move|p1a: Volcanion|Rock Slide|p2a: Indeedee|[spread] p2a,p2b\n|-damage|p2a: Indeedee|49\/100\n|-damage|p2b: Dunsparce|79\/100\n|\n|-sideend|p1: Luukv14|Reflect\n|upkeep\n|\n|t:|1697363740\n|switch|p1b: Grimmsnarl|Grimmsnarl, M|20\/100\n|turn|12\n|\n|t:|1697363749\n|move|p1b: Grimmsnarl|Reflect|p1b: Grimmsnarl\n|-sidestart|p1: Luukv14|Reflect\n|move|p2a: Indeedee|Dazzling Gleam|p1a: Volcanion|[spread] p1a,p1b\n|-resisted|p1a: Volcanion\n|-supereffective|p1b: Grimmsnarl\n|-damage|p1a: Volcanion|70\/100\n|-damage|p1b: Grimmsnarl|0 fnt\n|faint|p1b: Grimmsnarl\n|move|p2b: Dunsparce|Stored Power|p1a: Volcanion\n|-damage|p1a: Volcanion|6\/100\n|move|p1a: Volcanion|Steam Eruption|p2b: Dunsparce|[miss]\n|-miss|p1a: Volcanion|p2b: Dunsparce\n|\n|upkeep\n|-message|Luukv14 forfeited.\n|\n|win|dingding69\n|raw|Luukv14's rating: 1058 &rarr; <strong>1044<\/strong><br \/>(-14 for losing)\n|raw|dingding69's rating: 1146 &rarr; <strong>1165<\/strong><br \/>(+19 for winning)\n|l|\u2606Luukv14\n","uploadtime":1697363764,"views":13,"p1id":"luukv14","p2id":"dingding69","formatid":"gen9doublesou","rating":1044,"private":0,"password":""}