{"id":"gen9doublesou-1984978705","p1":"Bobal4","p2":"Hell.kid6","format":"[Gen 9] Doubles OU","log":"|j|\u2606Bobal4\n|j|\u2606Hell.kid6\n|inactive|Battle timer is ON: inactive players will automatically lose when time's up.\n|t:|1699316980\n|gametype|doubles\n|player|p1|Bobal4|1|\n|player|p2|Hell.kid6|kieran|\n|teamsize|p1|6\n|teamsize|p2|6\n|gen|9\n|tier|[Gen 9] Doubles OU\n|rated|Tournament battle\n|rule|Species Clause: Limit one of each Pok\u00e9mon\n|rule|OHKO Clause: OHKO moves are banned\n|rule|Evasion Moves Clause: Evasion moves are banned\n|rule|Gravity Sleep Clause: The combination of sleep-inducing moves with imperfect accuracy and Gravity or Gigantamax Orbeetle are banned\n|rule|Endless Battle Clause: Forcing endless battles is banned\n|rule|HP Percentage Mod: HP is shown in percentages\n|clearpoke\n|poke|p1|Grimmsnarl, M|\n|poke|p1|Toxapex, F|\n|poke|p1|Dusclops, F|\n|poke|p1|Indeedee-F, F|\n|poke|p1|Torkoal, F|\n|poke|p1|Amoonguss, F|\n|poke|p2|Diancie|\n|poke|p2|Cresselia, F|\n|poke|p2|Indeedee-F, F|\n|poke|p2|Kingambit, M|\n|poke|p2|Iron Hands|\n|poke|p2|Amoonguss, F|\n|teampreview\n|\n|t:|1699317008\n|start\n|switch|p1a: Grimmsnarl|Grimmsnarl, M, shiny|100\/100\n|switch|p1b: Dusclops|Dusclops, F, shiny|100\/100\n|switch|p2a: Diancie|Diancie, shiny|100\/100\n|switch|p2b: Iron Hands|Iron Hands, shiny|100\/100\n|-item|p2a: Diancie|Weakness Policy|[from] ability: Frisk|[of] p1b: Dusclops|[identify]\n|-item|p2b: Iron Hands|Booster Energy|[from] ability: Frisk|[of] p1b: Dusclops|[identify]\n|-enditem|p2b: Iron Hands|Booster Energy\n|-activate|p2b: Iron Hands|ability: Quark Drive|[fromitem]\n|-start|p2b: Iron Hands|quarkdriveatk\n|turn|1\n|\n|t:|1699317031\n|move|p1a: Grimmsnarl|Trick|p2b: Iron Hands\n|-activate|p1a: Grimmsnarl|move: Trick|[of] p2b: Iron Hands\n|-item|p2b: Iron Hands|Flame Orb|[from] move: Trick\n|-enditem|p1a: Grimmsnarl|Flame Orb|[silent]|[from] move: Trick\n|move|p2b: Iron Hands|Wild Charge|p1b: Dusclops\n|-damage|p1b: Dusclops|58\/100\n|-damage|p2b: Iron Hands|95\/100|[from] Recoil\n|move|p2a: Diancie|Diamond Storm|p1b: Dusclops|[spread] p1a,p1b\n|-damage|p1a: Grimmsnarl|69\/100\n|-damage|p1b: Dusclops|36\/100\n|move|p1b: Dusclops|Trick Room|p1b: Dusclops\n|-fieldstart|move: Trick Room|[of] p1b: Dusclops\n|\n|-status|p2b: Iron Hands|brn|[from] item: Flame Orb\n|upkeep\n|turn|2\n|\n|t:|1699317051\n|move|p2a: Diancie|Protect|p2a: Diancie\n|-singleturn|p2a: Diancie|Protect\n|move|p1a: Grimmsnarl|Light Screen|p1a: Grimmsnarl\n|-sidestart|p1: Bobal4|move: Light Screen\n|move|p1b: Dusclops|Pain Split|p2a: Diancie\n|-activate|p2a: Diancie|move: Protect\n|move|p2b: Iron Hands|Wild Charge|p1b: Dusclops\n|-damage|p1b: Dusclops|15\/100\n|-damage|p2b: Iron Hands|93\/100 brn|[from] Recoil\n|\n|-damage|p2b: Iron Hands|87\/100 brn|[from] brn\n|upkeep\n|turn|3\n|j| TorittoJr\n|\n|t:|1699317069\n|move|p1a: Grimmsnarl|Reflect|p1a: Grimmsnarl\n|-sidestart|p1: Bobal4|Reflect\n|move|p1b: Dusclops|Pain Split|p2a: Diancie\n|-sethp|p2a: Diancie|56\/100|[from] move: Pain Split|[silent]\n|-sethp|p1b: Dusclops|72\/100|[from] move: Pain Split\n|move|p2a: Diancie|Diamond Storm|p1a: Grimmsnarl|[spread] p1a,p1b\n|-damage|p1a: Grimmsnarl|46\/100\n|-damage|p1b: Dusclops|58\/100\n|-boost|p2a: Diancie|def|2\n|move|p2b: Iron Hands|Wild Charge|p1b: Dusclops\n|-damage|p1b: Dusclops|44\/100\n|-damage|p2b: Iron Hands|85\/100 brn|[from] Recoil\n|\n|-damage|p2b: Iron Hands|79\/100 brn|[from] brn\n|upkeep\n|turn|4\n|l| TorittoJr\n|\n|t:|1699317090\n|move|p1b: Dusclops|Pain Split|p2b: Iron Hands\n|-sethp|p2b: Iron Hands|50\/100 brn|[from] move: Pain Split|[silent]\n|-sethp|p1b: Dusclops|100\/100|[from] move: Pain Split\n|move|p2b: Iron Hands|Wild Charge|p1b: Dusclops\n|-damage|p1b: Dusclops|85\/100\n|-damage|p2b: Iron Hands|48\/100 brn|[from] Recoil\n|move|p2a: Diancie|Diamond Storm|p1a: Grimmsnarl|[spread] p1b\n|-miss|p2a: Diancie|p1a: Grimmsnarl\n|-damage|p1b: Dusclops|72\/100\n|move|p1a: Grimmsnarl|Play Rough|p2b: Iron Hands\n|-supereffective|p2b: Iron Hands\n|-damage|p2b: Iron Hands|0 fnt\n|faint|p2b: Iron Hands\n|-end|p2b: Iron Hands|Quark Drive|[silent]\n|\n|upkeep\n|inactive|Hell.kid6 has 120 seconds left.\n|\n|t:|1699317139\n|switch|p2b: Amoonguss|Amoonguss, F, shiny|100\/100\n|turn|5\n|inactive|Hell.kid6 has 120 seconds left.\n|inactive|Bobal4 has 120 seconds left.\n|\n|t:|1699317182\n|switch|p1a: Indeedee|Indeedee-F, F, shiny|100\/100\n|-fieldstart|move: Psychic Terrain|[from] ability: Psychic Surge|[of] p1a: Indeedee\n|move|p2b: Amoonguss|Rage Powder|p2b: Amoonguss\n|-singleturn|p2b: Amoonguss|move: Rage Powder\n|move|p1b: Dusclops|Will-O-Wisp|p2b: Amoonguss\n|-status|p2b: Amoonguss|brn\n|move|p2a: Diancie|Diamond Storm|p1a: Indeedee|[spread] p1a,p1b\n|-crit|p1b: Dusclops\n|-damage|p1a: Indeedee|75\/100\n|-damage|p1b: Dusclops|43\/100\n|\n|-damage|p2b: Amoonguss|94\/100 brn|[from] brn\n|-fieldend|move: Trick Room\n|upkeep\n|turn|6\n|inactive|Bobal4 has 120 seconds left.\n|inactive|Hell.kid6 has 120 seconds left.\n|inactive|Hell.kid6 has 90 seconds left.\n|\n|t:|1699317245\n|move|p1a: Indeedee|Follow Me|p1a: Indeedee\n|-singleturn|p1a: Indeedee|move: Follow Me\n|move|p2a: Diancie|Diamond Storm|p1a: Indeedee|[spread] \n|-miss|p2a: Diancie|p1a: Indeedee\n|-miss|p2a: Diancie|p1b: Dusclops\n|move|p2b: Amoonguss|Spore|p1a: Indeedee\n|-status|p1a: Indeedee|slp|[from] move: Spore\n|move|p1b: Dusclops|Trick Room|p1b: Dusclops\n|-fieldstart|move: Trick Room|[of] p1b: Dusclops\n|\n|-damage|p2b: Amoonguss|88\/100 brn|[from] brn\n|-sideend|p1: Bobal4|move: Light Screen\n|upkeep\n|turn|7\n|inactive|Hell.kid6 has 90 seconds left.\n|\n|t:|1699317290\n|switch|p1a: Toxapex|Toxapex, F, shiny|100\/100\n|move|p1b: Dusclops|Pain Split|p2b: Amoonguss\n|-sethp|p2b: Amoonguss|56\/100 brn|[from] move: Pain Split|[silent]\n|-sethp|p1b: Dusclops|100\/100|[from] move: Pain Split\n|move|p2b: Amoonguss|Spore|p1b: Dusclops\n|-status|p1b: Dusclops|slp|[from] move: Spore\n|move|p2a: Diancie|Diamond Storm|p1b: Dusclops|[spread] p1a,p1b\n|-damage|p1a: Toxapex|83\/100\n|-damage|p1b: Dusclops|87\/100 slp\n|\n|-damage|p2b: Amoonguss|50\/100 brn|[from] brn\n|-sideend|p1: Bobal4|Reflect\n|upkeep\n|-enditem|p2b: Amoonguss|Sitrus Berry|[eat]\n|-heal|p2b: Amoonguss|75\/100 brn|[from] item: Sitrus Berry\n|turn|8\n|j| ArceusBv\u257e\u2501\u2564\u30c7\u2566\ufe3b\n|l| ArceusBv\u257e\u2501\u2564\u30c7\u2566\ufe3b\n|\n|t:|1699317314\n|cant|p1b: Dusclops|slp\n|move|p2b: Amoonguss|Spore|p1a: Toxapex\n|-status|p1a: Toxapex|slp|[from] move: Spore\n|move|p2a: Diancie|Diamond Storm|p1a: Toxapex|[spread] p1a,p1b\n|-damage|p1a: Toxapex|54\/100 slp\n|-damage|p1b: Dusclops|64\/100 slp\n|-boost|p2a: Diancie|def|2\n|cant|p1a: Toxapex|slp\n|\n|-damage|p2b: Amoonguss|69\/100 brn|[from] brn\n|upkeep\n|turn|9\n|inactive|Hell.kid6 has 90 seconds left.\n|\n|t:|1699317350\n|switch|p1b: Amoonguss|Amoonguss, F, shiny|100\/100\n|switch|p2b: Kingambit|Kingambit, M, shiny|100\/100\n|-activate|p2b: Kingambit|ability: Supreme Overlord\n|-start|p2b: Kingambit|fallen1|[silent]\n|switch|p1a: Torkoal|Torkoal, F|100\/100\n|-weather|SunnyDay|[from] ability: Drought|[of] p1a: Torkoal\n|move|p2a: Diancie|Diamond Storm|p1a: Torkoal|[spread] p1a\n|-miss|p2a: Diancie|p1b: Amoonguss\n|-supereffective|p1a: Torkoal\n|-damage|p1a: Torkoal|46\/100\n|\n|-weather|SunnyDay|[upkeep]\n|-fieldend|move: Psychic Terrain\n|upkeep\n|turn|10\n|inactive|Hell.kid6 has 90 seconds left.\n|\n|t:|1699317374\n|move|p1a: Torkoal|Flamethrower|p2b: Kingambit\n|-supereffective|p2b: Kingambit\n|-damage|p2b: Kingambit|0 fnt\n|faint|p2b: Kingambit\n|-end|p2b: Kingambit|fallen1|[silent]\n|move|p1b: Amoonguss|Spore|p2a: Diancie\n|-status|p2a: Diancie|slp|[from] move: Spore\n|cant|p2a: Diancie|slp\n|\n|-weather|SunnyDay|[upkeep]\n|-fieldend|move: Trick Room\n|upkeep\n|inactive|Hell.kid6 has 90 seconds left.\n|\n|t:|1699317387\n|switch|p2b: Indeedee|Indeedee-F, F, shiny|100\/100\n|-fieldstart|move: Psychic Terrain|[from] ability: Psychic Surge|[of] p2b: Indeedee\n|-enditem|p2b: Indeedee|Psychic Seed\n|-boost|p2b: Indeedee|spd|1|[from] item: Psychic Seed\n|turn|11\n|\n|t:|1699317406\n|switch|p1a: Indeedee|Indeedee-F, F, shiny|75\/100 slp\n|move|p2b: Indeedee|Psychic|p1b: Amoonguss\n|-supereffective|p1b: Amoonguss\n|-damage|p1b: Amoonguss|39\/100\n|cant|p2a: Diancie|slp\n|move|p1b: Amoonguss|Spore|p2b: Indeedee\n|-status|p2b: Indeedee|slp|[from] move: Spore\n|\n|-weather|SunnyDay|[upkeep]\n|-heal|p1b: Amoonguss|45\/100|[from] item: Leftovers\n|upkeep\n|turn|12\n|inactive|Hell.kid6 has 120 seconds left.\n|\n|t:|1699317423\n|cant|p2b: Indeedee|slp\n|move|p1b: Amoonguss|Solar Beam||[still]\n|-prepare|p1b: Amoonguss|Solar Beam\n|-anim|p1b: Amoonguss|Solar Beam|p2a: Diancie\n|-supereffective|p2a: Diancie\n|-damage|p2a: Diancie|0 fnt\n|faint|p2a: Diancie\n|cant|p1a: Indeedee|slp\n|\n|-weather|SunnyDay|[upkeep]\n|-heal|p1b: Amoonguss|51\/100|[from] item: Leftovers\n|upkeep\n|inactive|Hell.kid6 has 120 seconds left.\n|j| RandomAnonimo123\n|\n|t:|1699317432\n|switch|p2a: Cresselia|Cresselia, F, shiny|100\/100\n|turn|13\n|\n|t:|1699317453\n|move|p1b: Amoonguss|Protect|p1b: Amoonguss\n|-singleturn|p1b: Amoonguss|Protect\n|cant|p2b: Indeedee|slp\n|-curestatus|p1a: Indeedee|slp|[msg]\n|move|p1a: Indeedee|Trick Room|p1a: Indeedee\n|-fieldstart|move: Trick Room|[of] p1a: Indeedee\n|move|p2a: Cresselia|Trick Room|p2a: Cresselia\n|-fieldend|move: Trick Room\n|\n|-weather|none\n|-heal|p1b: Amoonguss|57\/100|[from] item: Leftovers\n|upkeep\n|turn|14\n|inactive|Hell.kid6 has 120 seconds left.\n|\n|t:|1699317497\n|cant|p2b: Indeedee|slp\n|move|p1a: Indeedee|Light Screen|p1a: Indeedee\n|-sidestart|p1: Bobal4|move: Light Screen\n|move|p2a: Cresselia|Psychic|p1b: Amoonguss\n|-supereffective|p1b: Amoonguss\n|-damage|p1b: Amoonguss|31\/100\n|move|p1b: Amoonguss|Spore|p2a: Cresselia\n|-activate|p2a: Cresselia|item: Safety Goggles|Spore\n|\n|-heal|p1b: Amoonguss|38\/100|[from] item: Leftovers\n|upkeep\n|turn|15\n|\n|t:|1699317512\n|move|p1a: Indeedee|Follow Me|p1a: Indeedee\n|-singleturn|p1a: Indeedee|move: Follow Me\n|-curestatus|p2b: Indeedee|slp|[msg]\n|move|p2b: Indeedee|Psychic|p1a: Indeedee\n|-resisted|p1a: Indeedee\n|-damage|p1a: Indeedee|63\/100\n|move|p2a: Cresselia|Psychic|p1a: Indeedee\n|-resisted|p1a: Indeedee\n|-damage|p1a: Indeedee|57\/100\n|move|p1b: Amoonguss|Synthesis|p1b: Amoonguss\n|-heal|p1b: Amoonguss|87\/100\n|\n|-heal|p1b: Amoonguss|94\/100|[from] item: Leftovers\n|-fieldend|move: Psychic Terrain\n|upkeep\n|turn|16\n|\n|t:|1699317538\n|move|p2b: Indeedee|Follow Me|p2b: Indeedee\n|-singleturn|p2b: Indeedee|move: Follow Me\n|move|p1b: Amoonguss|Spore|p2b: Indeedee\n|-status|p2b: Indeedee|slp|[from] move: Spore\n|move|p1a: Indeedee|Trick Room|p1a: Indeedee\n|-fieldstart|move: Trick Room|[of] p1a: Indeedee\n|move|p2a: Cresselia|Trick Room|p2a: Cresselia\n|-fieldend|move: Trick Room\n|\n|-heal|p1b: Amoonguss|99\/100|[from] item: Leftovers\n|upkeep\n|turn|17\n|-message|Hell.kid6 forfeited.\n|\n|win|Bobal4\n|n|\u2606Bobal4|bobal4\n|n|\u2606Hell.kid6|hellkid6\n|n| RandomAnonimo123|randomanonimo123\n","uploadtime":1699317547,"views":8,"p1id":"bobal4","p2id":"hellkid6","formatid":"gen9doublesou","rating":0,"private":0,"password":""}