{"id":"gen9doublesou-1984436163","p1":"ntoumis","p2":"slimeree","format":"[Gen 9] Doubles OU","log":"|j|\u2606ntoumis\n|j|\u2606slimeree\n|t:|1699263366\n|gametype|doubles\n|player|p1|ntoumis|bellepa|1531\n|player|p2|slimeree|dawn|1473\n|teamsize|p1|6\n|teamsize|p2|6\n|gen|9\n|tier|[Gen 9] Doubles OU\n|rated|\n|rule|Species Clause: Limit one of each Pok\u00e9mon\n|rule|OHKO Clause: OHKO moves are banned\n|rule|Evasion Moves Clause: Evasion moves are banned\n|rule|Gravity Sleep Clause: The combination of sleep-inducing moves with imperfect accuracy and Gravity or Gigantamax Orbeetle are banned\n|rule|Endless Battle Clause: Forcing endless battles is banned\n|rule|HP Percentage Mod: HP is shown in percentages\n|clearpoke\n|poke|p1|Politoed, F|\n|poke|p1|Ogerpon-Wellspring, F|\n|poke|p1|Basculegion-F, F|\n|poke|p1|Rillaboom, F|\n|poke|p1|Volcanion|\n|poke|p1|Raichu, M|\n|poke|p2|Ninetales-Alola, F|\n|poke|p2|Arcanine-Hisui, M|\n|poke|p2|Sinistcha-Masterpiece|\n|poke|p2|Iron Hands|\n|poke|p2|Flutter Mane|\n|poke|p2|Landorus, M|\n|teampreview\n|inactive|Battle timer is ON: inactive players will automatically lose when time's up. (requested by ntoumis)\n|\n|t:|1699263388\n|start\n|switch|p1a: Rillaboom|Rillaboom, F|100\/100\n|switch|p1b: Volcanion|Volcanion|100\/100\n|switch|p2a: Landorus|Landorus, M|100\/100\n|switch|p2b: Iron Hands|Iron Hands|100\/100\n|-fieldstart|move: Grassy Terrain|[from] ability: Grassy Surge|[of] p1a: Rillaboom\n|turn|1\n|\n|t:|1699263417\n|move|p1a: Rillaboom|Fake Out|p2a: Landorus\n|-damage|p2a: Landorus|88\/100\n|move|p2b: Iron Hands|Fake Out|p1b: Volcanion\n|-damage|p1b: Volcanion|88\/100\n|cant|p2a: Landorus|flinch\n|cant|p1b: Volcanion|flinch\n|\n|-heal|p1b: Volcanion|94\/100|[from] Grassy Terrain\n|-heal|p1b: Volcanion|99\/100|[from] item: Leftovers\n|upkeep\n|turn|2\n|inactive|slimeree has 120 seconds left.\n|\n|t:|1699263462\n|switch|p1a: Politoed|Politoed, F|100\/100\n|-weather|RainDance|[from] ability: Drizzle|[of] p1a: Politoed\n|-end|p2b: Iron Hands|Quark Drive|[silent]\n|switch|p2b: Arcanine|Arcanine-Hisui, M, shiny|100\/100\n|-ability|p2b: Arcanine|Intimidate|boost\n|-unboost|p1a: Politoed|atk|1\n|-unboost|p1b: Volcanion|atk|1\n|-terastallize|p2a: Landorus|Water\n|move|p2a: Landorus|Sandsear Storm|p1a: Politoed|[spread] p1a,p1b\n|-supereffective|p1b: Volcanion\n|-damage|p1a: Politoed|60\/100\n|-damage|p1b: Volcanion|0 fnt\n|faint|p1b: Volcanion\n|\n|-weather|RainDance|[upkeep]\n|-heal|p2a: Landorus|94\/100|[from] Grassy Terrain\n|-heal|p1a: Politoed|66\/100|[from] Grassy Terrain\n|-heal|p1a: Politoed|72\/100|[from] item: Leftovers\n|upkeep\n|\n|t:|1699263477\n|switch|p1b: Basculegion|Basculegion-F, F|100\/100\n|turn|3\n|\n|t:|1699263486\n|switch|p2b: Ninetales|Ninetales-Alola, F|100\/100\n|-weather|Snow|[from] ability: Snow Warning|[of] p2b: Ninetales\n|move|p2a: Landorus|Sandsear Storm|p1b: Basculegion|[spread] p1a,p1b\n|-damage|p1a: Politoed|27\/100\n|-damage|p1b: Basculegion|29\/100\n|move|p1b: Basculegion|Shadow Ball|p2a: Landorus\n|-damage|p2a: Landorus|54\/100\n|move|p1a: Politoed|Surf|p2a: Landorus|[spread] p1b,p2a,p2b\n|-resisted|p1b: Basculegion\n|-resisted|p2a: Landorus\n|-damage|p1b: Basculegion|18\/100\n|-damage|p2a: Landorus|43\/100\n|-damage|p2b: Ninetales|74\/100\n|\n|-weather|Snow|[upkeep]\n|-heal|p2b: Ninetales|80\/100|[from] Grassy Terrain\n|-heal|p2a: Landorus|49\/100|[from] Grassy Terrain\n|-heal|p1b: Basculegion|24\/100|[from] Grassy Terrain\n|-heal|p1a: Politoed|34\/100|[from] Grassy Terrain\n|-heal|p1a: Politoed|40\/100|[from] item: Leftovers\n|upkeep\n|turn|4\n|\n|t:|1699263504\n|switch|p1a: Rillaboom|Rillaboom, F|100\/100\n|move|p1b: Basculegion|Protect|p1b: Basculegion\n|-singleturn|p1b: Basculegion|Protect\n|move|p2b: Ninetales|Aurora Veil|p2b: Ninetales\n|-sidestart|p2: slimeree|move: Aurora Veil\n|move|p2a: Landorus|Sandsear Storm|p1a: Rillaboom|[spread] p1a\n|-activate|p1b: Basculegion|move: Protect\n|-resisted|p1a: Rillaboom\n|-damage|p1a: Rillaboom|80\/100\n|\n|-weather|Snow|[upkeep]\n|-heal|p2b: Ninetales|86\/100|[from] Grassy Terrain\n|-heal|p2a: Landorus|55\/100|[from] Grassy Terrain\n|-heal|p1b: Basculegion|31\/100|[from] Grassy Terrain\n|-heal|p1a: Rillaboom|87\/100|[from] Grassy Terrain\n|upkeep\n|turn|5\n|\n|t:|1699263522\n|move|p2a: Landorus|Protect|p2a: Landorus\n|-singleturn|p2a: Landorus|Protect\n|move|p1a: Rillaboom|Grassy Glide|p2a: Landorus\n|-activate|p2a: Landorus|move: Protect\n|move|p2b: Ninetales|Blizzard|p1a: Rillaboom|[spread] p1a,p1b\n|-supereffective|p1a: Rillaboom\n|-resisted|p1b: Basculegion\n|-damage|p1a: Rillaboom|49\/100\n|-damage|p1b: Basculegion|14\/100\n|move|p1b: Basculegion|Shadow Ball|p2a: Landorus\n|-activate|p2a: Landorus|move: Protect\n|\n|-weather|Snow|[upkeep]\n|-heal|p2b: Ninetales|92\/100|[from] Grassy Terrain\n|-heal|p2a: Landorus|61\/100|[from] Grassy Terrain\n|-heal|p1b: Basculegion|20\/100|[from] Grassy Terrain\n|-heal|p1a: Rillaboom|55\/100|[from] Grassy Terrain\n|-fieldend|move: Grassy Terrain\n|upkeep\n|turn|6\n|l|\u2606slimeree\n|inactive|slimeree disconnected and has a minute to reconnect!\n|player|p2|\n|j|\u2606slimeree\n|inactive|slimeree reconnected and has 105 seconds left.\n|player|p2|slimeree|dawn\n|inactive|slimeree has 90 seconds left.\n|inactive|slimeree has 60 seconds left.\n|\n|t:|1699263625\n|switch|p1b: Ogerpon|Ogerpon-Wellspring, F|100\/100\n|move|p2b: Ninetales|Encore|p1a: Rillaboom\n|-start|p1a: Rillaboom|Encore\n|move|p2a: Landorus|Sludge Bomb|p1a: Rillaboom\n|-supereffective|p1a: Rillaboom\n|-damage|p1a: Rillaboom|0 fnt\n|faint|p1a: Rillaboom\n|\n|-weather|Snow|[upkeep]\n|upkeep\n|\n|t:|1699263642\n|switch|p1a: Raichu|Raichu, M|100\/100\n|turn|7\n|\n|t:|1699263654\n|switch|p2b: Iron Hands|Iron Hands|100\/100\n|move|p2a: Landorus|Protect|p2a: Landorus\n|-singleturn|p2a: Landorus|Protect\n|move|p1a: Raichu|Fake Out|p2b: Iron Hands\n|-damage|p2b: Iron Hands|97\/100\n|move|p1b: Ogerpon|Swords Dance|p1b: Ogerpon\n|-boost|p1b: Ogerpon|atk|2\n|\n|-weather|none\n|upkeep\n|turn|8\n|inactive|slimeree has 90 seconds left.\n|\n|t:|1699263681\n|move|p2b: Iron Hands|Fake Out|p1b: Ogerpon\n|-damage|p1b: Ogerpon|88\/100\n|move|p1a: Raichu|Thunder|p2a: Landorus\n|-supereffective|p2a: Landorus\n|-damage|p2a: Landorus|0 fnt\n|faint|p2a: Landorus\n|cant|p1b: Ogerpon|flinch\n|\n|upkeep\n|\n|t:|1699263697\n|switch|p2a: Flutter Mane|Flutter Mane|100\/100\n|-enditem|p2a: Flutter Mane|Booster Energy\n|-activate|p2a: Flutter Mane|ability: Protosynthesis|[fromitem]\n|-start|p2a: Flutter Mane|protosynthesisspa\n|turn|9\n|inactive|slimeree has 90 seconds left.\n|\n|t:|1699263711\n|-terastallize|p1a: Raichu|Fairy\n|move|p2a: Flutter Mane|Moonblast|p1b: Ogerpon\n|-damage|p1b: Ogerpon|23\/100\n|move|p1a: Raichu|Tera Blast|p2b: Iron Hands|[anim] Tera Blast Fairy\n|-supereffective|p2b: Iron Hands\n|-damage|p2b: Iron Hands|72\/100\n|move|p1b: Ogerpon|Horn Leech|p2a: Flutter Mane\n|-damage|p2a: Flutter Mane|3\/100\n|-heal|p1b: Ogerpon|57\/100|[from] drain|[of] p2a: Flutter Mane\n|move|p2b: Iron Hands|Drain Punch|p1b: Ogerpon\n|-damage|p1b: Ogerpon|21\/100\n|-heal|p2b: Iron Hands|86\/100|[from] drain|[of] p1b: Ogerpon\n|\n|upkeep\n|turn|10\n|inactive|slimeree has 90 seconds left.\n|inactive|ntoumis has 120 seconds left.\n|\n|t:|1699263759\n|move|p1b: Ogerpon|Spiky Shield|p1b: Ogerpon\n|-singleturn|p1b: Ogerpon|move: Protect\n|move|p2a: Flutter Mane|Dazzling Gleam|p1a: Raichu|[spread] p1a\n|-activate|p1b: Ogerpon|move: Protect\n|-damage|p1a: Raichu|27\/100\n|move|p1a: Raichu|Tera Blast|p2b: Iron Hands|[anim] Tera Blast Fairy\n|-supereffective|p2b: Iron Hands\n|-damage|p2b: Iron Hands|57\/100\n|move|p2b: Iron Hands|Heavy Slam|p1a: Raichu\n|-supereffective|p1a: Raichu\n|-damage|p1a: Raichu|0 fnt\n|faint|p1a: Raichu\n|\n|upkeep\n|\n|t:|1699263771\n|switch|p1a: Basculegion|Basculegion-F, F|20\/100\n|turn|11\n|inactive|ntoumis has 120 seconds left.\n|\n|t:|1699263789\n|switch|p1b: Politoed|Politoed, F|40\/100\n|-weather|RainDance|[from] ability: Drizzle|[of] p1b: Politoed\n|move|p1a: Basculegion|Surf|p2b: Iron Hands|[spread] p1b,p2a,p2b\n|-resisted|p1b: Politoed\n|-damage|p1b: Politoed|24\/100\n|-damage|p2a: Flutter Mane|0 fnt\n|-damage|p2b: Iron Hands|36\/100\n|faint|p2a: Flutter Mane\n|-end|p2a: Flutter Mane|Protosynthesis|[silent]\n|move|p2b: Iron Hands|Wild Charge|p1b: Politoed\n|-supereffective|p1b: Politoed\n|-damage|p1b: Politoed|0 fnt\n|faint|p1b: Politoed\n|-damage|p2b: Iron Hands|31\/100|[from] Recoil\n|\n|-weather|RainDance|[upkeep]\n|-sideend|p2: slimeree|move: Aurora Veil\n|upkeep\n|inactive|slimeree has 120 seconds left.\n|\n|t:|1699263811\n|switch|p2a: Ninetales|Ninetales-Alola, F|92\/100\n|switch|p1b: Ogerpon|Ogerpon-Wellspring, F|21\/100\n|-weather|Snow|[from] ability: Snow Warning|[of] p2a: Ninetales\n|turn|12\n|\n|t:|1699263831\n|move|p2a: Ninetales|Blizzard|p1a: Basculegion|[spread] p1a,p1b\n|-resisted|p1a: Basculegion\n|-damage|p1a: Basculegion|5\/100\n|-damage|p1b: Ogerpon|0 fnt\n|faint|p1b: Ogerpon\n|move|p1a: Basculegion|Surf|p2b: Iron Hands|[spread] p2a,p2b\n|-damage|p2a: Ninetales|54\/100\n|-damage|p2b: Iron Hands|12\/100\n|move|p2b: Iron Hands|Wild Charge|p1a: Basculegion\n|-supereffective|p1a: Basculegion\n|-damage|p1a: Basculegion|0 fnt\n|faint|p1a: Basculegion\n|-damage|p2b: Iron Hands|11\/100|[from] Recoil\n|\n|win|slimeree\n|raw|ntoumis's rating: 1531 &rarr; <strong>1508<\/strong><br \/>(-23 for losing)\n|raw|slimeree's rating: 1473 &rarr; <strong>1496<\/strong><br \/>(+23 for winning)\n","uploadtime":1699263850,"views":8,"p1id":"ntoumis","p2id":"slimeree","formatid":"gen9doublesou","rating":1496,"private":0,"password":""}