{"id":"gen9doublesou-1979808736","p1":"ewidh3332","p2":"Solstorm5","format":"[Gen 9] Doubles OU","log":"|j|\u2606ewidh3332\n|j|\u2606Solstorm5\n|t:|1698715429\n|gametype|doubles\n|player|p1|ewidh3332|reporter|1107\n|player|p2|Solstorm5|marnie-masters3|1136\n|teamsize|p1|6\n|teamsize|p2|6\n|gen|9\n|tier|[Gen 9] Doubles OU\n|rated|\n|rule|Species Clause: Limit one of each Pok\u00e9mon\n|rule|OHKO Clause: OHKO moves are banned\n|rule|Evasion Moves Clause: Evasion moves are banned\n|rule|Gravity Sleep Clause: The combination of sleep-inducing moves with imperfect accuracy and Gravity or Gigantamax Orbeetle are banned\n|rule|Endless Battle Clause: Forcing endless battles is banned\n|rule|HP Percentage Mod: HP is shown in percentages\n|clearpoke\n|poke|p1|Mimikyu, F|\n|poke|p1|Garganacl, M|\n|poke|p1|Iron Hands|\n|poke|p1|Roaring Moon|\n|poke|p1|Amoonguss, M|\n|poke|p1|Iron Bundle|\n|poke|p2|Glimmora, M|\n|poke|p2|Pelipper, M|\n|poke|p2|Tornadus, M|\n|poke|p2|Landorus, M|\n|poke|p2|Chi-Yu|\n|poke|p2|Iron Bundle|\n|teampreview\n|c|\u2606Solstorm5|hfhfr :)\n|c|\u2606Solstorm5|oops\n|c|\u2606Solstorm5|hfhf*\n|\n|t:|1698715442\n|start\n|switch|p1a: Garganacl|Garganacl, M|100\/100\n|switch|p1b: Iron Hands|Iron Hands|100\/100\n|switch|p2a: Glimmora|Glimmora, M|100\/100\n|switch|p2b: Chi-Yu|Chi-Yu|100\/100\n|-ability|p2b: Chi-Yu|Beads of Ruin\n|turn|1\n|\n|t:|1698715458\n|move|p1b: Iron Hands|Fake Out|p2b: Chi-Yu\n|-damage|p2b: Chi-Yu|75\/100\n|cant|p2b: Chi-Yu|flinch\n|move|p2a: Glimmora|Earth Power|p1a: Garganacl\n|-supereffective|p1a: Garganacl\n|-damage|p1a: Garganacl|43\/100\n|move|p1a: Garganacl|Salt Cure|p2b: Chi-Yu\n|-supereffective|p2b: Chi-Yu\n|-damage|p2b: Chi-Yu|32\/100\n|-start|p2b: Chi-Yu|Salt Cure\n|\n|-heal|p1a: Garganacl|49\/100|[from] item: Leftovers\n|-damage|p2b: Chi-Yu|19\/100|[from] Salt Cure\n|upkeep\n|turn|2\n|\n|t:|1698715477\n|move|p1a: Garganacl|Protect|p1a: Garganacl\n|-singleturn|p1a: Garganacl|Protect\n|move|p2b: Chi-Yu|Dark Pulse|p1a: Garganacl\n|-activate|p1a: Garganacl|move: Protect\n|move|p2a: Glimmora|Earth Power|p1a: Garganacl\n|-activate|p1a: Garganacl|move: Protect\n|move|p1b: Iron Hands|Drain Punch|p2a: Glimmora\n|-damage|p2a: Glimmora|50\/100\n|-activate|p2a: Glimmora|ability: Toxic Debris\n|-sidestart|p1: ewidh3332|move: Toxic Spikes\n|\n|-heal|p1a: Garganacl|55\/100|[from] item: Leftovers\n|-damage|p2b: Chi-Yu|7\/100|[from] Salt Cure\n|upkeep\n|turn|3\n|\n|t:|1698715507\n|switch|p1a: Amoonguss|Amoonguss, M|100\/100\n|-sideend|p1: ewidh3332|move: Toxic Spikes|[of] p1a: Amoonguss\n|move|p2b: Chi-Yu|Dark Pulse|p1a: Amoonguss\n|-damage|p1a: Amoonguss|33\/100\n|move|p2a: Glimmora|Earth Power|p1b: Iron Hands\n|-supereffective|p1b: Iron Hands\n|-damage|p1b: Iron Hands|57\/100\n|move|p1b: Iron Hands|Drain Punch|p2a: Glimmora\n|-damage|p2a: Glimmora|0 fnt\n|-heal|p1b: Iron Hands|73\/100|[from] drain|[of] p2a: Glimmora\n|-activate|p2a: Glimmora|ability: Toxic Debris\n|-sidestart|p1: ewidh3332|move: Toxic Spikes\n|faint|p2a: Glimmora\n|\n|-damage|p2b: Chi-Yu|0 fnt|[from] Salt Cure\n|faint|p2b: Chi-Yu\n|upkeep\n|\n|t:|1698715515\n|switch|p2b: Pelipper|Pelipper, M|100\/100\n|switch|p2a: Landorus|Landorus, M|100\/100\n|-weather|RainDance|[from] ability: Drizzle|[of] p2b: Pelipper\n|turn|4\n|\n|t:|1698715535\n|switch|p1a: Garganacl|Garganacl, M|55\/100\n|-terastallize|p2a: Landorus|Ground\n|move|p2a: Landorus|Sandsear Storm|p1b: Iron Hands|[spread] p1a,p1b\n|-supereffective|p1a: Garganacl\n|-supereffective|p1b: Iron Hands\n|-damage|p1a: Garganacl|0 fnt\n|-damage|p1b: Iron Hands|0 fnt\n|faint|p1a: Garganacl\n|faint|p1b: Iron Hands\n|-end|p1b: Iron Hands|Quark Drive|[silent]\n|move|p2b: Pelipper|Tailwind|p2b: Pelipper\n|-sidestart|p2: Solstorm5|move: Tailwind\n|\n|-weather|RainDance|[upkeep]\n|upkeep\n|\n|t:|1698715543\n|switch|p1b: Iron Bundle|Iron Bundle, shiny|100\/100\n|switch|p1a: Amoonguss|Amoonguss, M|66\/100\n|-status|p1b: Iron Bundle|psn\n|-sideend|p1: ewidh3332|move: Toxic Spikes|[of] p1a: Amoonguss\n|turn|5\n|\n|t:|1698715560\n|move|p2a: Landorus|Sandsear Storm|p1a: Amoonguss|[spread] p1a,p1b\n|-damage|p1a: Amoonguss|1\/100\n|-enditem|p1b: Iron Bundle|Focus Sash\n|-damage|p1b: Iron Bundle|1\/100 psn\n|move|p2b: Pelipper|Hurricane|p1a: Amoonguss\n|-supereffective|p1a: Amoonguss\n|-damage|p1a: Amoonguss|0 fnt\n|faint|p1a: Amoonguss\n|move|p1b: Iron Bundle|Freeze-Dry|p2a: Landorus\n|-supereffective|p2a: Landorus\n|-damage|p2a: Landorus|1\/100\n|\n|-weather|RainDance|[upkeep]\n|-damage|p1b: Iron Bundle|0 fnt|[from] psn\n|faint|p1b: Iron Bundle\n|-end|p1b: Iron Bundle|Quark Drive|[silent]\n|upkeep\n|-message|ewidh3332 forfeited.\n|\n|win|Solstorm5\n|raw|ewidh3332's rating: 1125 &rarr; <strong>1101<\/strong><br \/>(-24 for losing)\n|raw|Solstorm5's rating: 1136 &rarr; <strong>1160<\/strong><br \/>(+24 for winning)\n|l|\u2606ewidh3332\n","uploadtime":1698715572,"views":28,"p1id":"ewidh3332","p2id":"solstorm5","formatid":"gen9doublesou","rating":1101,"private":0,"password":""}