{"id":"gen9doublesou-1970201747","p1":"mraleet","p2":"TheKingDrac","format":"[Gen 9] Doubles OU","log":"|j|\u2606mraleet\n|j|\u2606TheKingDrac\n|t:|1697609553\n|gametype|doubles\n|player|p1|mraleet|clair|1256\n|player|p2|TheKingDrac|gambler|1323\n|teamsize|p1|6\n|teamsize|p2|6\n|gen|9\n|tier|[Gen 9] Doubles OU\n|rated|\n|rule|Species Clause: Limit one of each Pok\u00e9mon\n|rule|OHKO Clause: OHKO moves are banned\n|rule|Evasion Moves Clause: Evasion moves are banned\n|rule|Gravity Sleep Clause: The combination of sleep-inducing moves with imperfect accuracy and Gravity or Gigantamax Orbeetle are banned\n|rule|Endless Battle Clause: Forcing endless battles is banned\n|rule|HP Percentage Mod: HP is shown in percentages\n|clearpoke\n|poke|p1|Gliscor, M|\n|poke|p1|Hippowdon, F|\n|poke|p1|Empoleon, M|\n|poke|p1|Iron Hands|\n|poke|p1|Heatran, M|\n|poke|p1|Amoonguss, M|\n|poke|p2|Gholdengo|\n|poke|p2|Iron Hands|\n|poke|p2|Flutter Mane|\n|poke|p2|Amoonguss, F|\n|poke|p2|Ogerpon-Wellspring, F|\n|poke|p2|Heatran, M|\n|teampreview\n|\n|t:|1697609566\n|start\n|switch|p1a: Gliscor|Gliscor, M, shiny|100\/100\n|switch|p1b: Hippowdon|Hippowdon, F|100\/100\n|switch|p2a: Gholdengo|Gholdengo|100\/100\n|switch|p2b: Iron Hands|Iron Hands|100\/100\n|-weather|Sandstorm|[from] ability: Sand Stream|[of] p1b: Hippowdon\n|turn|1\n|\n|t:|1697609593\n|move|p1a: Gliscor|Protect|p1a: Gliscor\n|-singleturn|p1a: Gliscor|Protect\n|move|p2b: Iron Hands|Fake Out|p1b: Hippowdon\n|-damage|p1b: Hippowdon|92\/100\n|move|p2a: Gholdengo|Nasty Plot|p2a: Gholdengo\n|-boost|p2a: Gholdengo|spa|2\n|cant|p1b: Hippowdon|flinch\n|\n|-weather|Sandstorm|[upkeep]\n|-damage|p2b: Iron Hands|94\/100|[from] Sandstorm\n|-heal|p1b: Hippowdon|98\/100|[from] item: Leftovers\n|-status|p1a: Gliscor|tox|[from] item: Toxic Orb\n|upkeep\n|turn|2\n|\n|t:|1697609613\n|-terastallize|p2a: Gholdengo|Steel\n|move|p1a: Gliscor|Fling|p2a: Gholdengo\n|-damage|p2a: Gholdengo|91\/100\n|-enditem|p1a: Gliscor|Toxic Orb|[from] move: Fling\n|move|p2a: Gholdengo|Make It Rain|p1b: Hippowdon|[spread] p1a,p1b\n|-damage|p1a: Gliscor|0 fnt\n|-damage|p1b: Hippowdon|0 fnt\n|-unboost|p2a: Gholdengo|spa|1\n|faint|p1a: Gliscor\n|faint|p1b: Hippowdon\n|move|p2b: Iron Hands|Drain Punch|p1: Gliscor|[notarget]\n|-fail|p2b: Iron Hands\n|\n|-weather|Sandstorm|[upkeep]\n|-damage|p2b: Iron Hands|88\/100|[from] Sandstorm\n|-heal|p2a: Gholdengo|97\/100|[from] item: Leftovers\n|upkeep\n|\n|t:|1697609639\n|switch|p1a: Heatran|Heatran, M|100\/100\n|switch|p1b: Amoonguss|Amoonguss, M, shiny|100\/100\n|-item|p1a: Heatran|Air Balloon\n|turn|3\n|\n|t:|1697609649\n|move|p1b: Amoonguss|Rage Powder|p1b: Amoonguss\n|-singleturn|p1b: Amoonguss|move: Rage Powder\n|move|p2a: Gholdengo|Make It Rain|p1a: Heatran|[spread] p1a,p1b\n|-resisted|p1a: Heatran\n|-damage|p1a: Heatran|80\/100\n|-damage|p1b: Amoonguss|16\/100\n|-unboost|p2a: Gholdengo|spa|1\n|-enditem|p1a: Heatran|Air Balloon\n|move|p1a: Heatran|Heat Wave|p2b: Iron Hands|[spread] p2a,p2b\n|-supereffective|p2a: Gholdengo\n|-crit|p2b: Iron Hands\n|-damage|p2a: Gholdengo|3\/100\n|-damage|p2b: Iron Hands|56\/100\n|move|p2b: Iron Hands|Drain Punch|p1b: Amoonguss\n|-resisted|p1b: Amoonguss\n|-crit|p1b: Amoonguss\n|-damage|p1b: Amoonguss|0 fnt\n|-heal|p2b: Iron Hands|63\/100|[from] drain|[of] p1b: Amoonguss\n|-damage|p2b: Iron Hands|47\/100|[from] item: Rocky Helmet|[of] p1b: Amoonguss\n|faint|p1b: Amoonguss\n|\n|-weather|Sandstorm|[upkeep]\n|-damage|p2b: Iron Hands|41\/100|[from] Sandstorm\n|-heal|p2a: Gholdengo|9\/100|[from] item: Leftovers\n|upkeep\n|\n|t:|1697609671\n|switch|p1b: Iron Hands|Iron Hands|100\/100\n|turn|4\n|\n|t:|1697609679\n|move|p2a: Gholdengo|Protect|p2a: Gholdengo\n|-singleturn|p2a: Gholdengo|Protect\n|move|p1b: Iron Hands|Fake Out|p2a: Gholdengo\n|-activate|p2a: Gholdengo|move: Protect\n|move|p1a: Heatran|Flash Cannon|p2b: Iron Hands\n|-resisted|p2b: Iron Hands\n|-damage|p2b: Iron Hands|27\/100\n|move|p2b: Iron Hands|Drain Punch|p1a: Heatran\n|-supereffective|p1a: Heatran\n|-damage|p1a: Heatran|2\/100\n|-heal|p2b: Iron Hands|58\/100|[from] drain|[of] p1a: Heatran\n|\n|-weather|Sandstorm|[upkeep]\n|-damage|p2b: Iron Hands|52\/100|[from] Sandstorm\n|-damage|p1b: Iron Hands|94\/100|[from] Sandstorm\n|-heal|p2a: Gholdengo|15\/100|[from] item: Leftovers\n|upkeep\n|turn|5\n|\n|t:|1697609708\n|move|p2a: Gholdengo|Make It Rain|p1a: Heatran|[spread] p1a,p1b\n|-resisted|p1a: Heatran\n|-resisted|p1b: Iron Hands\n|-damage|p1a: Heatran|0 fnt\n|-damage|p1b: Iron Hands|76\/100\n|-unboost|p2a: Gholdengo|spa|1\n|faint|p1a: Heatran\n|move|p2b: Iron Hands|Volt Switch|p1b: Iron Hands\n|-resisted|p1b: Iron Hands\n|-damage|p1b: Iron Hands|72\/100\n|\n|t:|1697609720\n|-end|p2b: Iron Hands|Quark Drive|[silent]\n|switch|p2b: Ogerpon|Ogerpon-Wellspring, F|100\/100|[from] Volt Switch\n|move|p1b: Iron Hands|Drain Punch|p2a: Gholdengo\n|-supereffective|p2a: Gholdengo\n|-damage|p2a: Gholdengo|0 fnt\n|-heal|p1b: Iron Hands|77\/100|[from] drain|[of] p2a: Gholdengo\n|faint|p2a: Gholdengo\n|\n|-weather|none\n|upkeep\n|\n|t:|1697609734\n|switch|p2a: Amoonguss|Amoonguss, F|100\/100\n|switch|p1a: Empoleon|Empoleon, M|100\/100\n|turn|6\n|\n|t:|1697609749\n|move|p2a: Amoonguss|Rage Powder|p2a: Amoonguss\n|-singleturn|p2a: Amoonguss|move: Rage Powder\n|move|p2b: Ogerpon|Horn Leech|p1a: Empoleon\n|-damage|p1a: Empoleon|55\/100\n|move|p1a: Empoleon|Ice Beam|p2a: Amoonguss\n|-supereffective|p2a: Amoonguss\n|-damage|p2a: Amoonguss|55\/100\n|move|p1b: Iron Hands|Thunder Punch|p2a: Amoonguss\n|-resisted|p2a: Amoonguss\n|-damage|p2a: Amoonguss|35\/100\n|-status|p2a: Amoonguss|par\n|\n|upkeep\n|turn|7\n|-message|mraleet forfeited.\n|\n|win|TheKingDrac\n|raw|mraleet's rating: 1256 &rarr; <strong>1236<\/strong><br \/>(-20 for losing)\n|raw|TheKingDrac's rating: 1323 &rarr; <strong>1339<\/strong><br \/>(+16 for winning)\n|l|\u2606mraleet\n","uploadtime":1697609765,"views":18,"p1id":"mraleet","p2id":"thekingdrac","formatid":"gen9doublesou","rating":1236,"private":0,"password":""}