{"id":"gen9doublesou-1988588034","p1":"iahsdiosad","p2":"BoopNSnoots","format":"[Gen 9] Doubles OU","log":"|j|\u2606iahsdiosad\n|j|\u2606BoopNSnoots\n|t:|1699739215\n|gametype|doubles\n|player|p1|iahsdiosad|cynthia|\n|player|p2|BoopNSnoots|fisherman-gen4|\n|teamsize|p1|6\n|teamsize|p2|6\n|gen|9\n|tier|[Gen 9] Doubles OU\n|rule|Species Clause: Limit one of each Pok\u00e9mon\n|rule|OHKO Clause: OHKO moves are banned\n|rule|Evasion Moves Clause: Evasion moves are banned\n|rule|Gravity Sleep Clause: The combination of sleep-inducing moves with imperfect accuracy and Gravity or Gigantamax Orbeetle are banned\n|rule|Endless Battle Clause: Forcing endless battles is banned\n|rule|HP Percentage Mod: HP is shown in percentages\n|clearpoke\n|poke|p1|Dusclops, F|\n|poke|p1|Lurantis, F|\n|poke|p1|Ogerpon-Cornerstone, F|\n|poke|p1|Cresselia, F|\n|poke|p1|Iron Hands|\n|poke|p1|Gliscor, F|\n|poke|p2|Chi-Yu|\n|poke|p2|Oranguru, M|\n|poke|p2|Greedent, F|\n|poke|p2|Tropius, F|\n|poke|p2|Oricorio-Pa'u, M|\n|poke|p2|Espeon, M|\n|teampreview\n|\n|t:|1699739253\n|start\n|switch|p1a: Dusclops|Dusclops, F|100\/100\n|switch|p1b: Gliscor|Gliscor, F|100\/100\n|switch|p2a: Espeon|Espeon, M|100\/100\n|switch|p2b: Tropius|Tropius, F|100\/100\n|-item|p2a: Espeon|Quick Claw|[from] ability: Frisk|[of] p1a: Dusclops|[identify]\n|-item|p2b: Tropius|Sitrus Berry|[from] ability: Frisk|[of] p1a: Dusclops|[identify]\n|turn|1\n|\n|t:|1699739274\n|move|p2a: Espeon|Skill Swap|p2b: Tropius\n|-activate|p2a: Espeon|move: Skill Swap|||[of] p2b: Tropius\n|move|p1b: Gliscor|Gunk Shot|p2b: Tropius\n|-supereffective|p2b: Tropius\n|-damage|p2b: Tropius|21\/100\n|-status|p2b: Tropius|psn\n|-activate|p2b: Tropius|ability: Synchronize\n|-status|p1b: Gliscor|psn\n|-enditem|p2b: Tropius|Sitrus Berry|[eat]\n|-heal|p2b: Tropius|46\/100 psn|[from] item: Sitrus Berry\n|move|p2b: Tropius|Swords Dance|p2b: Tropius\n|-boost|p2b: Tropius|atk|2\n|move|p1a: Dusclops|Taunt|p2a: Espeon\n|-start|p2a: Espeon|move: Taunt\n|\n|-damage|p2b: Tropius|33\/100 psn|[from] psn\n|upkeep\n|turn|2\n|\n|t:|1699739308\n|switch|p2a: Chi-Yu|Chi-Yu|100\/100\n|-ability|p2a: Chi-Yu|Beads of Ruin\n|-item|p2a: Chi-Yu|Air Balloon\n|switch|p1b: Iron Hands|Iron Hands|100\/100\n|move|p2b: Tropius|Leaf Blade|p1b: Iron Hands\n|-damage|p1b: Iron Hands|61\/100\n|move|p1a: Dusclops|Trick Room|p1a: Dusclops\n|-fieldstart|move: Trick Room|[of] p1a: Dusclops\n|\n|-damage|p2b: Tropius|21\/100 psn|[from] psn\n|upkeep\n|turn|3\n|\n|t:|1699739330\n|switch|p2b: Oricorio|Oricorio-Pa'u, M|100\/100\n|move|p1a: Dusclops|Hex|p2b: Oricorio\n|-supereffective|p2b: Oricorio\n|-damage|p2b: Oricorio|53\/100\n|move|p1b: Iron Hands|Body Press|p2a: Chi-Yu\n|-supereffective|p2a: Chi-Yu\n|-damage|p2a: Chi-Yu|9\/100\n|-enditem|p2a: Chi-Yu|Air Balloon\n|move|p2a: Chi-Yu|Confuse Ray|p1b: Iron Hands\n|-start|p1b: Iron Hands|confusion\n|\n|upkeep\n|turn|4\n|\n|t:|1699739349\n|move|p1a: Dusclops|Hex|p2b: Oricorio\n|-supereffective|p2b: Oricorio\n|-damage|p2b: Oricorio|0 fnt\n|faint|p2b: Oricorio\n|-activate|p1b: Iron Hands|confusion\n|-damage|p1b: Iron Hands|51\/100|[from] confusion\n|move|p2a: Chi-Yu|Sunny Day|p2a: Chi-Yu\n|-weather|SunnyDay\n|\n|-weather|SunnyDay|[upkeep]\n|upkeep\n|\n|t:|1699739354\n|switch|p2b: Tropius|Tropius, F|21\/100 psn\n|turn|5\n|\n|t:|1699739407\n|move|p1a: Dusclops|Hex|p2b: Tropius\n|-damage|p2b: Tropius|0 fnt\n|faint|p2b: Tropius\n|-activate|p1b: Iron Hands|confusion\n|move|p1b: Iron Hands|Body Press|p2a: Chi-Yu\n|-supereffective|p2a: Chi-Yu\n|-damage|p2a: Chi-Yu|0 fnt\n|faint|p2a: Chi-Yu\n|\n|-weather|SunnyDay|[upkeep]\n|upkeep\n|\n|t:|1699739410\n|switch|p2b: Oranguru|Oranguru, M|100\/100\n|switch|p2a: Greedent|Greedent, F|100\/100\n|turn|6\n|\n|t:|1699739593\n|move|p2a: Greedent|Stuff Cheeks|p2a: Greedent\n|-boost|p2a: Greedent|def|2\n|-enditem|p2a: Greedent|Starf Berry|[eat]\n|-boost|p2a: Greedent|spe|2|[from] item: Starf Berry\n|move|p1a: Dusclops|Taunt|p2b: Oranguru\n|-start|p2b: Oranguru|move: Taunt\n|-enditem|p2b: Oranguru|Mental Herb\n|-end|p2b: Oranguru|move: Taunt\n|-end|p1b: Iron Hands|confusion\n|move|p1b: Iron Hands|Body Press|p2a: Greedent\n|-supereffective|p2a: Greedent\n|-damage|p2a: Greedent|60\/100\n|move|p2b: Oranguru|Taunt|p1a: Dusclops\n|-start|p1a: Dusclops|move: Taunt\n|\n|-weather|SunnyDay|[upkeep]\n|-fieldend|move: Trick Room\n|upkeep\n|turn|7\n|\n|t:|1699739629\n|-end|p1b: Iron Hands|Quark Drive|[silent]\n|switch|p1b: Gliscor|Gliscor, F|100\/100 psn\n|switch|p1a: Ogerpon|Ogerpon-Cornerstone, F|100\/100\n|move|p2a: Greedent|Body Press|p1b: Gliscor\n|-resisted|p1b: Gliscor\n|-damage|p1b: Gliscor|87\/100 psn\n|move|p2b: Oranguru|Encore||[still]\n|-fail|p2b: Oranguru\n|\n|-weather|SunnyDay|[upkeep]\n|-heal|p1b: Gliscor|99\/100 psn|[from] ability: Poison Heal\n|upkeep\n|turn|8\n|\n|t:|1699739659\n|-terastallize|p2a: Greedent|Ground\n|move|p1a: Ogerpon|Knock Off|p2b: Oranguru\n|-supereffective|p2b: Oranguru\n|-damage|p2b: Oranguru|64\/100\n|move|p1b: Gliscor|Gunk Shot|p2b: Oranguru\n|-damage|p2b: Oranguru|37\/100\n|-status|p2b: Oranguru|psn\n|move|p2a: Greedent|Rollout|p1b: Gliscor\n|-damage|p1b: Gliscor|93\/100 psn\n|move|p2b: Oranguru|Taunt|p1a: Ogerpon\n|-start|p1a: Ogerpon|move: Taunt\n|\n|-weather|none\n|-heal|p1b: Gliscor|100\/100 psn|[from] ability: Poison Heal\n|-damage|p2b: Oranguru|25\/100 psn|[from] psn\n|upkeep\n|turn|9\n|\n|t:|1699739675\n|switch|p1a: Cresselia|Cresselia, F|100\/100\n|move|p1b: Gliscor|Crabhammer|p2a: Greedent\n|-supereffective|p2a: Greedent\n|-damage|p2a: Greedent|34\/100\n|move|p2a: Greedent|Rollout|p1b: Gliscor|[from]lockedmove\n|-damage|p1b: Gliscor|86\/100 psn\n|move|p2b: Oranguru|Instruct||[still]\n|-fail|p2b: Oranguru\n|\n|-heal|p1b: Gliscor|99\/100 psn|[from] ability: Poison Heal\n|-damage|p2b: Oranguru|12\/100 psn|[from] psn\n|upkeep\n|turn|10\n|-message|BoopNSnoots forfeited.\n|\n|win|iahsdiosad\n|l|\u2606BoopNSnoots\n","uploadtime":1699739692,"views":4,"p1id":"iahsdiosad","p2id":"boopnsnoots","formatid":"gen9doublesou","rating":0,"private":0,"password":""}