{"id":"gen9doublesou-1994671792","p1":"Profesor Turo","p2":"shadowme4","format":"[Gen 9] Doubles OU","log":"|j|\u2606Profesor Turo\n|j|\u2606shadowme4\n|t:|1700478847\n|gametype|doubles\n|player|p1|Profesor Turo|turo-ai|1386\n|player|p2|shadowme4|169|1475\n|teamsize|p1|6\n|teamsize|p2|6\n|gen|9\n|tier|[Gen 9] Doubles OU\n|rated|\n|rule|Species Clause: Limit one of each Pok\u00e9mon\n|rule|OHKO Clause: OHKO moves are banned\n|rule|Evasion Moves Clause: Evasion moves are banned\n|rule|Gravity Sleep Clause: The combination of sleep-inducing moves with imperfect accuracy and Gravity or Gigantamax Orbeetle are banned\n|rule|Endless Battle Clause: Forcing endless battles is banned\n|rule|HP Percentage Mod: HP is shown in percentages\n|clearpoke\n|poke|p1|Indeedee-F, F|\n|poke|p1|Slowpoke, F|\n|poke|p1|Iron Hands|\n|poke|p1|Armarouge, F|\n|poke|p1|Iron Thorns|\n|poke|p1|Ursaluna-Bloodmoon, M|\n|poke|p2|Murkrow, M|\n|poke|p2|Gholdengo|\n|poke|p2|Flutter Mane|\n|poke|p2|Palafin, M|\n|poke|p2|Chien-Pao|\n|poke|p2|Ursaluna-Bloodmoon, M|\n|teampreview\n|inactive|Battle timer is ON: inactive players will automatically lose when time's up. (requested by Profesor Turo)\n|\n|t:|1700478863\n|start\n|switch|p1a: Slowpoke|Slowpoke, F|100\/100\n|switch|p1b: Iron Hands|Iron Hands|100\/100\n|switch|p2a: Murkrow|Murkrow, M|100\/100\n|switch|p2b: Gholdengo|Gholdengo|100\/100\n|turn|1\n|inactive|shadowme4 has 120 seconds left.\n|\n|t:|1700478899\n|move|p1b: Iron Hands|Fake Out|p2a: Murkrow\n|-damage|p2a: Murkrow|79\/100\n|cant|p2a: Murkrow|flinch\n|move|p2b: Gholdengo|Make It Rain|p1a: Slowpoke|[spread] p1a,p1b\n|-resisted|p1a: Slowpoke\n|-resisted|p1b: Iron Hands\n|-damage|p1a: Slowpoke|75\/100\n|-damage|p1b: Iron Hands|75\/100\n|-unboost|p2b: Gholdengo|spa|1\n|move|p1a: Slowpoke|Trick Room|p1a: Slowpoke\n|-fieldstart|move: Trick Room|[of] p1a: Slowpoke\n|\n|upkeep\n|turn|2\n|\n|t:|1700478926\n|move|p2a: Murkrow|Taunt|p1a: Slowpoke\n|-immune|p1a: Slowpoke|[from] ability: Oblivious\n|move|p1a: Slowpoke|Bulldoze|p2a: Murkrow|[spread] p1b,p2b\n|-immune|p2a: Murkrow\n|-supereffective|p1b: Iron Hands\n|-supereffective|p2b: Gholdengo\n|-damage|p1b: Iron Hands|68\/100\n|-damage|p2b: Gholdengo|88\/100\n|-unboost|p1b: Iron Hands|spe|1\n|-unboost|p2b: Gholdengo|spe|1\n|-enditem|p1b: Iron Hands|Weakness Policy\n|-boost|p1b: Iron Hands|atk|2|[from] item: Weakness Policy\n|-boost|p1b: Iron Hands|spa|2|[from] item: Weakness Policy\n|move|p1b: Iron Hands|Drain Punch|p2a: Murkrow\n|-damage|p2a: Murkrow|0 fnt\n|-heal|p1b: Iron Hands|96\/100|[from] drain|[of] p2a: Murkrow\n|faint|p2a: Murkrow\n|move|p2b: Gholdengo|Make It Rain|p1b: Iron Hands|[spread] p1a,p1b\n|-resisted|p1a: Slowpoke\n|-resisted|p1b: Iron Hands\n|-damage|p1a: Slowpoke|59\/100\n|-damage|p1b: Iron Hands|80\/100\n|-unboost|p2b: Gholdengo|spa|1\n|\n|upkeep\n|c|\u2606shadowme4|good thing i didnt get to tailwind\n|\n|t:|1700478938\n|switch|p2a: Palafin|Palafin, M|100\/100\n|turn|3\n|\n|t:|1700478949\n|detailschange|p2a: Palafin|Palafin-Hero, M\n|switch|p2a: Ursaluna|Ursaluna-Bloodmoon, M|100\/100\n|-terastallize|p1b: Iron Hands|Grass\n|move|p1a: Slowpoke|Slack Off|p1a: Slowpoke\n|-heal|p1a: Slowpoke|100\/100\n|move|p1b: Iron Hands|Electric Terrain|p1b: Iron Hands\n|-fieldstart|move: Electric Terrain\n|-activate|p1b: Iron Hands|ability: Quark Drive\n|-start|p1b: Iron Hands|quarkdriveatk\n|move|p2b: Gholdengo|Make It Rain|p1b: Iron Hands|[spread] p1a,p1b\n|-resisted|p1a: Slowpoke\n|-damage|p1a: Slowpoke|87\/100\n|-damage|p1b: Iron Hands|54\/100\n|-unboost|p2b: Gholdengo|spa|1\n|\n|upkeep\n|turn|4\n|\n|t:|1700478959\n|move|p2a: Ursaluna|Protect|p2a: Ursaluna\n|-singleturn|p2a: Ursaluna|Protect\n|move|p1a: Slowpoke|Heal Pulse|p1b: Iron Hands\n|-heal|p1b: Iron Hands|100\/100\n|move|p1b: Iron Hands|Drain Punch|p2a: Ursaluna\n|-activate|p2a: Ursaluna|move: Protect\n|move|p2b: Gholdengo|Make It Rain|p1a: Slowpoke|[spread] p1a,p1b\n|-resisted|p1a: Slowpoke\n|-damage|p1a: Slowpoke|76\/100\n|-damage|p1b: Iron Hands|80\/100\n|-unboost|p2b: Gholdengo|spa|1\n|\n|upkeep\n|turn|5\n|\n|t:|1700478972\n|switch|p2a: Flutter Mane|Flutter Mane|100\/100\n|-enditem|p2a: Flutter Mane|Booster Energy\n|-activate|p2a: Flutter Mane|ability: Protosynthesis|[fromitem]\n|-start|p2a: Flutter Mane|protosynthesisspe\n|switch|p2b: Chien-Pao|Chien-Pao|100\/100\n|-ability|p2b: Chien-Pao|Sword of Ruin\n|move|p1a: Slowpoke|Heal Pulse|p1b: Iron Hands\n|-heal|p1b: Iron Hands|100\/100\n|move|p1b: Iron Hands|Thunder Punch|p2b: Chien-Pao\n|-damage|p2b: Chien-Pao|0 fnt\n|faint|p2b: Chien-Pao\n|\n|-fieldend|move: Trick Room\n|upkeep\n|\n|t:|1700478982\n|switch|p2b: Gholdengo|Gholdengo|88\/100\n|turn|6\n|\n|t:|1700478990\n|move|p2a: Flutter Mane|Moonblast|p1b: Iron Hands\n|-damage|p1b: Iron Hands|58\/100\n|move|p2b: Gholdengo|Shadow Ball|p1a: Slowpoke\n|-supereffective|p1a: Slowpoke\n|-damage|p1a: Slowpoke|0 fnt\n|faint|p1a: Slowpoke\n|move|p1b: Iron Hands|Thunder Punch|p2a: Flutter Mane\n|-damage|p2a: Flutter Mane|0 fnt\n|faint|p2a: Flutter Mane\n|-end|p2a: Flutter Mane|Protosynthesis|[silent]\n|\n|upkeep\n|\n|t:|1700479003\n|switch|p2a: Ursaluna|Ursaluna-Bloodmoon, M|100\/100\n|switch|p1a: Indeedee|Indeedee-F, F|100\/100\n|-fieldstart|move: Psychic Terrain|[from] ability: Psychic Surge|[of] p1a: Indeedee\n|-enditem|p1a: Indeedee|Psychic Seed\n|-boost|p1a: Indeedee|spd|1|[from] item: Psychic Seed\n|-end|p1b: Iron Hands|Quark Drive\n|turn|7\n|\n|t:|1700479013\n|move|p2b: Gholdengo|Shadow Ball|p1b: Iron Hands\n|-damage|p1b: Iron Hands|7\/100\n|move|p2a: Ursaluna|Blood Moon|p1a: Indeedee\n|-damage|p1a: Indeedee|24\/100\n|-damage|p2a: Ursaluna|90\/100|[from] item: Life Orb\n|move|p1b: Iron Hands|Drain Punch|p2a: Ursaluna\n|-supereffective|p2a: Ursaluna\n|-damage|p2a: Ursaluna|0 fnt\n|-heal|p1b: Iron Hands|50\/100|[from] drain|[of] p2a: Ursaluna\n|faint|p2a: Ursaluna\n|move|p1a: Indeedee|Trick Room|p1a: Indeedee\n|-fieldstart|move: Trick Room|[of] p1a: Indeedee\n|\n|upkeep\n|\n|t:|1700479021\n|switch|p2a: Palafin|Palafin-Hero, M|100\/100\n|-activate|p2a: Palafin|ability: Zero to Hero\n|turn|8\n|-message|shadowme4 forfeited.\n|\n|win|Profesor Turo\n|raw|Profesor Turo's rating: 1386 &rarr; <strong>1411<\/strong><br \/>(+25 for winning)\n|raw|shadowme4's rating: 1475 &rarr; <strong>1450<\/strong><br \/>(-25 for losing)\n|l|\u2606shadowme4\n","uploadtime":1700479031,"views":6,"p1id":"profesorturo","p2id":"shadowme4","formatid":"gen9doublesou","rating":1411,"private":0,"password":""}