{"id":"gen9doublesou-1991128014","p1":"arturosada","p2":"Elite.4.Challenger","format":"[Gen 9] Doubles OU","log":"|j|\u2606arturosada\n|j|\u2606Elite.4.Challenger\n|t:|1700047203\n|gametype|doubles\n|player|p1|arturosada|101|1354\n|player|p2|Elite.4.Challenger|koga|1365\n|teamsize|p1|6\n|teamsize|p2|6\n|gen|9\n|tier|[Gen 9] Doubles OU\n|rated|\n|rule|Species Clause: Limit one of each Pok\u00e9mon\n|rule|OHKO Clause: OHKO moves are banned\n|rule|Evasion Moves Clause: Evasion moves are banned\n|rule|Gravity Sleep Clause: The combination of sleep-inducing moves with imperfect accuracy and Gravity or Gigantamax Orbeetle are banned\n|rule|Endless Battle Clause: Forcing endless battles is banned\n|rule|HP Percentage Mod: HP is shown in percentages\n|clearpoke\n|poke|p1|Arcanine-Hisui, M|\n|poke|p1|Tornadus, M|\n|poke|p1|Rillaboom, M|\n|poke|p1|Palafin, F|\n|poke|p1|Flutter Mane|\n|poke|p1|Typhlosion-Hisui, F|\n|poke|p2|Zapdos|\n|poke|p2|Grimmsnarl, M|\n|poke|p2|Basculegion-F, F|\n|poke|p2|Goodra-Hisui, M|\n|poke|p2|Politoed, F|\n|poke|p2|Toxicroak, F|\n|teampreview\n|\n|t:|1700047222\n|start\n|switch|p1a: Tornadus|Tornadus, M|100\/100\n|switch|p1b: Typhlosion|Typhlosion-Hisui, F|100\/100\n|switch|p2a: Gollum|Grimmsnarl, M|100\/100\n|switch|p2b: Michael Phelps|Basculegion-F, F|100\/100\n|turn|1\n|\n|t:|1700047242\n|-terastallize|p1b: Typhlosion|Fire\n|move|p1a: Tornadus|Sunny Day|p1a: Tornadus\n|-weather|SunnyDay\n|move|p2a: Gollum|Parting Shot|p1b: Typhlosion\n|-unboost|p1b: Typhlosion|atk|1\n|-unboost|p1b: Typhlosion|spa|1\n|\n|t:|1700047247\n|switch|p2a: Kermit the Frog|Politoed, F|100\/100|[from] Parting Shot\n|-weather|RainDance|[from] ability: Drizzle|[of] p2a: Kermit the Frog\n|move|p2b: Michael Phelps|Surf|p1a: Tornadus|[spread] p2a,p1a,p1b\n|-resisted|p2a: Kermit the Frog\n|-supereffective|p1b: Typhlosion\n|-damage|p2a: Kermit the Frog|77\/100\n|-damage|p1a: Tornadus|9\/100\n|-damage|p1b: Typhlosion|0 fnt\n|faint|p1b: Typhlosion\n|-enditem|p2a: Kermit the Frog|Eject Button\n|\n|t:|1700047256\n|switch|p2a: Kermit the Dawg|Toxicroak, F|100\/100\n|\n|-weather|RainDance|[upkeep]\n|upkeep\n|\n|t:|1700047272\n|switch|p1b: Palafin|Palafin, F|100\/100\n|turn|2\n|\n|t:|1700047281\n|detailschange|p1b: Palafin|Palafin-Hero, F\n|switch|p1b: Rillaboom|Rillaboom, M|100\/100\n|-fieldstart|move: Grassy Terrain|[from] ability: Grassy Surge|[of] p1b: Rillaboom\n|-enditem|p1b: Rillaboom|Grassy Seed\n|-boost|p1b: Rillaboom|def|1|[from] item: Grassy Seed\n|move|p2a: Kermit the Dawg|Fake Out|p1a: Tornadus\n|-damage|p1a: Tornadus|0 fnt\n|faint|p1a: Tornadus\n|-damage|p2a: Kermit the Dawg|91\/100|[from] item: Life Orb\n|move|p2b: Michael Phelps|Surf|p1b: Rillaboom|[spread] p1b\n|-heal|p2a: Kermit the Dawg|100\/100|[from] ability: Dry Skin|[of] p2b: Michael Phelps\n|-resisted|p1b: Rillaboom\n|-damage|p1b: Rillaboom|53\/100\n|\n|-weather|RainDance|[upkeep]\n|-heal|p1b: Rillaboom|59\/100|[from] Grassy Terrain\n|upkeep\n|inactive|Battle timer is ON: inactive players will automatically lose when time's up. (requested by Elite.4.Challenger)\n|\n|t:|1700047338\n|switch|p1a: Palafin|Palafin-Hero, F|100\/100\n|-activate|p1a: Palafin|ability: Zero to Hero\n|turn|3\n|\n|t:|1700047349\n|switch|p2b: James Murray|Goodra-Hisui, M|100\/100\n|move|p1b: Rillaboom|Grassy Glide|p2b: James Murray\n|-ability|p2b: James Murray|Sap Sipper|boost\n|-boost|p2b: James Murray|atk|1\n|move|p1a: Palafin|Bulk Up|p1a: Palafin\n|-boost|p1a: Palafin|atk|1\n|-boost|p1a: Palafin|def|1\n|move|p2a: Kermit the Dawg|Poison Jab|p1b: Rillaboom\n|-supereffective|p1b: Rillaboom\n|-damage|p1b: Rillaboom|0 fnt\n|faint|p1b: Rillaboom\n|-damage|p2a: Kermit the Dawg|91\/100|[from] item: Life Orb\n|\n|-weather|RainDance|[upkeep]\n|-heal|p2a: Kermit the Dawg|100\/100|[from] ability: Dry Skin\n|upkeep\n|\n|t:|1700047358\n|switch|p1b: Flutter Mane|Flutter Mane|100\/100\n|turn|4\n|\n|t:|1700047376\n|move|p2a: Kermit the Dawg|Sucker Punch|p1b: Flutter Mane\n|-damage|p1b: Flutter Mane|31\/100\n|-damage|p2a: Kermit the Dawg|91\/100|[from] item: Life Orb\n|move|p1b: Flutter Mane|Dazzling Gleam|p2a: Kermit the Dawg|[spread] p2a,p2b\n|-damage|p2a: Kermit the Dawg|15\/100\n|-damage|p2b: James Murray|72\/100\n|move|p1a: Palafin|Bulk Up|p1a: Palafin\n|-boost|p1a: Palafin|atk|1\n|-boost|p1a: Palafin|def|1\n|move|p2b: James Murray|Dragon Tail|p1a: Palafin\n|-damage|p1a: Palafin|87\/100\n|drag|p1a: Arcanine|Arcanine-Hisui, M|100\/100\n|\n|-weather|RainDance|[upkeep]\n|-heal|p2a: Kermit the Dawg|28\/100|[from] ability: Dry Skin\n|-heal|p1b: Flutter Mane|37\/100|[from] Grassy Terrain\n|-heal|p2a: Kermit the Dawg|34\/100|[from] Grassy Terrain\n|-heal|p2b: James Murray|78\/100|[from] Grassy Terrain\n|upkeep\n|turn|5\n|-message|arturosada forfeited.\n|\n|win|Elite.4.Challenger\n|raw|arturosada's rating: 1354 &rarr; <strong>1335<\/strong><br \/>(-19 for losing)\n|raw|Elite.4.Challenger's rating: 1365 &rarr; <strong>1384<\/strong><br \/>(+19 for winning)\n|l|\u2606arturosada\n","uploadtime":1700047416,"views":9,"p1id":"arturosada","p2id":"elite4challenger","formatid":"gen9doublesou","rating":1335,"private":0,"password":""}