{"id":"gen9doublesou-1970636622","p1":"derpymuffin02","p2":"h3nl0v3r","format":"[Gen 9] Doubles OU","log":"|j|\u2606derpymuffin02\n|j|\u2606h3nl0v3r\n|t:|1697654240\n|gametype|doubles\n|player|p1|derpymuffin02|101|1232\n|player|p2|h3nl0v3r|youngcouple|1219\n|teamsize|p1|6\n|teamsize|p2|6\n|gen|9\n|tier|[Gen 9] Doubles OU\n|rated|\n|rule|Species Clause: Limit one of each Pok\u00e9mon\n|rule|OHKO Clause: OHKO moves are banned\n|rule|Evasion Moves Clause: Evasion moves are banned\n|rule|Gravity Sleep Clause: The combination of sleep-inducing moves with imperfect accuracy and Gravity or Gigantamax Orbeetle are banned\n|rule|Endless Battle Clause: Forcing endless battles is banned\n|rule|HP Percentage Mod: HP is shown in percentages\n|clearpoke\n|poke|p1|Meloetta|\n|poke|p1|Ogerpon, F|\n|poke|p1|Ursaluna-Bloodmoon, M|\n|poke|p1|Grimmsnarl, M|\n|poke|p1|Heatran, M|\n|poke|p1|Corviknight, M|\n|poke|p2|Amoonguss, F|\n|poke|p2|Chien-Pao|\n|poke|p2|Landorus-Therian, M|\n|poke|p2|Iron Hands|\n|poke|p2|Flutter Mane|\n|poke|p2|Corviknight, M|\n|teampreview\n|inactive|Battle timer is ON: inactive players will automatically lose when time's up. (requested by derpymuffin02)\n|\n|t:|1697654291\n|start\n|switch|p1a: Steel Beam|Heatran, M|100\/100\n|switch|p1b: another Night|Ursaluna-Bloodmoon, M|100\/100\n|switch|p2a: Amoonguss|Amoonguss, F|100\/100\n|switch|p2b: Chien-Pao|Chien-Pao|100\/100\n|-ability|p2b: Chien-Pao|Sword of Ruin\n|turn|1\n|inactive|derpymuffin02 has 120 seconds left.\n|inactive|h3nl0v3r has 120 seconds left.\n|inactive|derpymuffin02 has 90 seconds left.\n|inactiveoff|Battle timer is now OFF.\n|inactive|Battle timer is ON: inactive players will automatically lose when time's up. (requested by h3nl0v3r)\n|inactive|derpymuffin02 has 90 seconds left.\n|\n|t:|1697654365\n|-terastallize|p2a: Amoonguss|Water\n|move|p2b: Chien-Pao|Icicle Crash|p1b: another Night|[miss]\n|-miss|p2b: Chien-Pao|p1b: another Night\n|move|p1a: Steel Beam|Substitute|p1a: Steel Beam\n|-start|p1a: Steel Beam|Substitute\n|-damage|p1a: Steel Beam|76\/100\n|move|p1b: another Night|Earth Power|p2b: Chien-Pao\n|-damage|p2b: Chien-Pao|18\/100\n|move|p2a: Amoonguss|Spore||[still]\n|-fail|p2a: Amoonguss\n|\n|-heal|p1a: Steel Beam|82\/100|[from] item: Leftovers\n|upkeep\n|turn|2\n|\n|t:|1697654390\n|switch|p1b: Taxi 2|Corviknight, M|100\/100\n|move|p2b: Chien-Pao|Sacred Sword|p1a: Steel Beam\n|-supereffective|p1a: Steel Beam\n|-end|p1a: Steel Beam|Substitute\n|move|p1a: Steel Beam|Heat Crash|p2b: Chien-Pao\n|-supereffective|p2b: Chien-Pao\n|-damage|p2b: Chien-Pao|0 fnt\n|faint|p2b: Chien-Pao\n|move|p2a: Amoonguss|Spore|p1b: Taxi 2\n|-status|p1b: Taxi 2|slp|[from] move: Spore\n|\n|-heal|p1a: Steel Beam|88\/100|[from] item: Leftovers\n|upkeep\n|\n|t:|1697654404\n|switch|p2b: Iron Hands|Iron Hands, shiny|100\/100\n|-enditem|p2b: Iron Hands|Booster Energy\n|-activate|p2b: Iron Hands|ability: Quark Drive|[fromitem]\n|-start|p2b: Iron Hands|quarkdriveatk\n|turn|3\n|inactive|derpymuffin02 has 120 seconds left.\n|\n|t:|1697654434\n|move|p2a: Amoonguss|Rage Powder|p2a: Amoonguss\n|-singleturn|p2a: Amoonguss|move: Rage Powder\n|move|p1a: Steel Beam|Fire Blast|p2a: Amoonguss\n|-resisted|p2a: Amoonguss\n|-damage|p2a: Amoonguss|80\/100\n|cant|p1b: Taxi 2|slp\n|move|p2b: Iron Hands|Earthquake|p1b: Taxi 2|[spread] p2a,p1a\n|-immune|p1b: Taxi 2\n|-supereffective|p1a: Steel Beam\n|-damage|p2a: Amoonguss|46\/100\n|-damage|p1a: Steel Beam|0 fnt\n|faint|p1a: Steel Beam\n|\n|upkeep\n|\n|t:|1697654448\n|switch|p1a: Honey|Meloetta|100\/100\n|turn|4\n|\n|t:|1697654462\n|-end|p2b: Iron Hands|Quark Drive|[silent]\n|switch|p2b: Corviknight|Corviknight, M|100\/100\n|-ability|p2b: Corviknight|Pressure\n|move|p1a: Honey|Hyper Voice|p2b: Corviknight|[spread] p2a,p2b\n|-resisted|p2b: Corviknight\n|-damage|p2a: Amoonguss|21\/100\n|-damage|p2b: Corviknight|82\/100\n|-enditem|p1a: Honey|Throat Spray\n|-boost|p1a: Honey|spa|1|[from] item: Throat Spray\n|cant|p1b: Taxi 2|slp\n|move|p2a: Amoonguss|Spore|p1a: Honey\n|-status|p1a: Honey|slp|[from] move: Spore\n|\n|-heal|p2b: Corviknight|89\/100|[from] item: Leftovers\n|upkeep\n|turn|5\n|inactive|derpymuffin02 has 120 seconds left.\n|inactive|derpymuffin02 has 90 seconds left.\n|inactive|h3nl0v3r has 120 seconds left.\n|\n|t:|1697654513\n|cant|p1a: Honey|slp\n|move|p2b: Corviknight|Tailwind|p2b: Corviknight\n|-sidestart|p2: h3nl0v3r|move: Tailwind\n|move|p2a: Amoonguss|Pollen Puff|p1a: Honey\n|-supereffective|p1a: Honey\n|-damage|p1a: Honey|73\/100 slp\n|-curestatus|p1b: Taxi 2|slp|[msg]\n|move|p1b: Taxi 2|Brave Bird|p2a: Amoonguss\n|-damage|p2a: Amoonguss|0 fnt\n|-damage|p1b: Taxi 2|84\/100|[from] item: Rocky Helmet|[of] p2a: Amoonguss\n|faint|p2a: Amoonguss\n|-damage|p1b: Taxi 2|76\/100|[from] Recoil\n|\n|-heal|p2b: Corviknight|95\/100|[from] item: Leftovers\n|-heal|p1b: Taxi 2|82\/100|[from] item: Leftovers\n|upkeep\n|inactive|h3nl0v3r has 120 seconds left.\n|\n|t:|1697654531\n|switch|p2a: Flutter Mane|Flutter Mane|100\/100\n|turn|6\n|\n|t:|1697654550\n|move|p2a: Flutter Mane|Mystical Fire|p1b: Taxi 2\n|-supereffective|p1b: Taxi 2\n|-damage|p1b: Taxi 2|0 fnt\n|faint|p1b: Taxi 2\n|move|p2b: Corviknight|Fake Tears|p1a: Honey\n|-unboost|p1a: Honey|spd|2\n|cant|p1a: Honey|slp\n|\n|-heal|p2b: Corviknight|100\/100|[from] item: Leftovers\n|upkeep\n|\n|t:|1697654554\n|switch|p1b: another Night|Ursaluna-Bloodmoon, M|100\/100\n|turn|7\n|inactive|derpymuffin02 has 120 seconds left.\n|\n|t:|1697654574\n|move|p2a: Flutter Mane|Mystical Fire|p1a: Honey\n|-damage|p1a: Honey|11\/100 slp\n|-unboost|p1a: Honey|spa|1\n|move|p2b: Corviknight|Fake Tears|p1b: another Night\n|-unboost|p1b: another Night|spd|2\n|cant|p1a: Honey|slp\n|move|p1b: another Night|Earth Power|p2a: Flutter Mane\n|-damage|p2a: Flutter Mane|44\/100\n|\n|upkeep\n|turn|8\n|\n|t:|1697654598\n|-curestatus|p1a: Honey|slp|[msg]\n|move|p1a: Honey|Protect|p1a: Honey\n|-singleturn|p1a: Honey|Protect\n|move|p2a: Flutter Mane|Mystical Fire|p1b: another Night\n|-damage|p1b: another Night|13\/100\n|-unboost|p1b: another Night|spa|1\n|move|p2b: Corviknight|Brave Bird|p1b: another Night\n|-damage|p1b: another Night|0 fnt\n|faint|p1b: another Night\n|-damage|p2b: Corviknight|96\/100|[from] Recoil\n|\n|-heal|p2b: Corviknight|100\/100|[from] item: Leftovers\n|-sideend|p2: h3nl0v3r|move: Tailwind\n|upkeep\n|\n|t:|1697654607\n|switch|p1b: Bane|Ogerpon, F|100\/100\n|turn|9\n|\n|t:|1697654622\n|move|p2a: Flutter Mane|Mystical Fire|p1b: Bane\n|-supereffective|p1b: Bane\n|-damage|p1b: Bane|16\/100\n|-unboost|p1b: Bane|spa|1\n|-ability|p1b: Bane|Defiant|boost\n|-boost|p1b: Bane|atk|2\n|move|p1b: Bane|Play Rough|p2a: Flutter Mane\n|-damage|p2a: Flutter Mane|0 fnt\n|faint|p2a: Flutter Mane\n|-end|p2a: Flutter Mane|Protosynthesis|[silent]\n|-damage|p1b: Bane|6\/100|[from] item: Life Orb\n|move|p1a: Honey|Hyper Voice|p2b: Corviknight\n|-resisted|p2b: Corviknight\n|-damage|p2b: Corviknight|79\/100\n|move|p2b: Corviknight|Tailwind|p2b: Corviknight\n|-sidestart|p2: h3nl0v3r|move: Tailwind\n|\n|-heal|p2b: Corviknight|85\/100|[from] item: Leftovers\n|upkeep\n|\n|t:|1697654638\n|switch|p2a: Landorus|Landorus-Therian, M|100\/100\n|-ability|p2a: Landorus|Intimidate|boost\n|-unboost|p1a: Honey|atk|1\n|-unboost|p1b: Bane|atk|1\n|-ability|p1b: Bane|Defiant|boost\n|-boost|p1b: Bane|atk|2\n|turn|10\n|c|\u2606h3nl0v3r|gg\n|\n|t:|1697654661\n|move|p2a: Landorus|Earthquake|p1b: Bane|[spread] p1a,p1b\n|-immune|p2b: Corviknight\n|-resisted|p1b: Bane\n|-damage|p1a: Honey|0 fnt\n|-damage|p1b: Bane|0 fnt\n|faint|p1a: Honey\n|faint|p1b: Bane\n|move|p2b: Corviknight|Brave Bird|p1: Honey|[notarget]\n|-fail|p2b: Corviknight\n|\n|-heal|p2b: Corviknight|91\/100|[from] item: Leftovers\n|upkeep\n|\n|t:|1697654664\n|switch|p1b: HA!|Grimmsnarl, M|100\/100\n|turn|11\n|\n|t:|1697654677\n|move|p2a: Landorus|Earthquake|p1b: HA!|[spread] p1b\n|-immune|p2b: Corviknight\n|-crit|p1b: HA!\n|-damage|p1b: HA!|4\/100\n|move|p2b: Corviknight|Brave Bird|p1b: HA!\n|-damage|p1b: HA!|0 fnt\n|faint|p1b: HA!\n|-damage|p2b: Corviknight|90\/100|[from] Recoil\n|\n|win|h3nl0v3r\n|raw|derpymuffin02's rating: 1232 &rarr; <strong>1206<\/strong><br \/>(-26 for losing)\n|raw|h3nl0v3r's rating: 1219 &rarr; <strong>1245<\/strong><br \/>(+26 for winning)\n","uploadtime":1697654692,"views":9,"p1id":"derpymuffin02","p2id":"h3nl0v3r","formatid":"gen9doublesou","rating":1206,"private":0,"password":""}