{"id":"gen9doublesou-1977147670","p1":"habertz","p2":"MasterMineZ82","format":"[Gen 9] Doubles OU","log":"|j|\u2606habertz\n|j|\u2606MasterMineZ82\n|t:|1698377258\n|gametype|doubles\n|player|p1|habertz|cyrus|1270\n|player|p2|MasterMineZ82|102|1338\n|teamsize|p1|6\n|teamsize|p2|6\n|gen|9\n|tier|[Gen 9] Doubles OU\n|rated|\n|rule|Species Clause: Limit one of each Pok\u00e9mon\n|rule|OHKO Clause: OHKO moves are banned\n|rule|Evasion Moves Clause: Evasion moves are banned\n|rule|Gravity Sleep Clause: The combination of sleep-inducing moves with imperfect accuracy and Gravity or Gigantamax Orbeetle are banned\n|rule|Endless Battle Clause: Forcing endless battles is banned\n|rule|HP Percentage Mod: HP is shown in percentages\n|clearpoke\n|poke|p1|Gliscor, F|\n|poke|p1|Amoonguss, F|\n|poke|p1|Garganacl, F|\n|poke|p1|Weavile, F|\n|poke|p1|Rillaboom, F|\n|poke|p1|Gyarados, F|\n|poke|p2|Bisharp, F|\n|poke|p2|Articuno-Galar|\n|poke|p2|Okidogi, M|\n|poke|p2|Brute Bonnet|\n|poke|p2|Sinistcha|\n|poke|p2|Walking Wake|\n|teampreview\n|inactive|Battle timer is ON: inactive players will automatically lose when time's up. (requested by habertz)\n|\n|t:|1698377271\n|start\n|switch|p1a: Weavile|Weavile, F|100\/100\n|switch|p1b: Garganacl|Garganacl, F|100\/100\n|switch|p2a: Brute Bonnet|Brute Bonnet|100\/100\n|switch|p2b: Okidogi|Okidogi, M|100\/100\n|-ability|p1a: Weavile|Pressure\n|turn|1\n|\n|t:|1698377291\n|-terastallize|p1b: Garganacl|Flying\n|move|p1a: Weavile|Fake Out|p2b: Okidogi\n|-damage|p2b: Okidogi|90\/100\n|move|p2a: Brute Bonnet|Rage Powder|p2a: Brute Bonnet\n|-singleturn|p2a: Brute Bonnet|move: Rage Powder\n|move|p2b: Okidogi|Drain Punch|p1a: Weavile\n|-supereffective|p1a: Weavile\n|-crit|p1a: Weavile\n|-damage|p1a: Weavile|0 fnt\n|-heal|p2b: Okidogi|100\/100|[from] drain|[of] p1a: Weavile\n|faint|p1a: Weavile\n|move|p1b: Garganacl|Zen Headbutt|p2a: Brute Bonnet\n|-immune|p2a: Brute Bonnet\n|\n|upkeep\n|\n|t:|1698377303\n|switch|p1a: Gyarados|Gyarados, F|100\/100\n|-ability|p1a: Gyarados|Intimidate|boost\n|-unboost|p2a: Brute Bonnet|atk|1\n|-ability|p2b: Okidogi|Guard Dog|boost\n|-boost|p2b: Okidogi|atk|1\n|turn|2\n|\n|t:|1698377318\n|switch|p1a: Rillaboom|Rillaboom, F|100\/100\n|-fieldstart|move: Grassy Terrain|[from] ability: Grassy Surge|[of] p1a: Rillaboom\n|move|p2a: Brute Bonnet|Rage Powder|p2a: Brute Bonnet\n|-singleturn|p2a: Brute Bonnet|move: Rage Powder\n|move|p2b: Okidogi|Knock Off|p1b: Garganacl\n|-crit|p1b: Garganacl\n|-damage|p1b: Garganacl|57\/100\n|-enditem|p1b: Garganacl|Assault Vest|[from] move: Knock Off|[of] p2b: Okidogi\n|move|p1b: Garganacl|Avalanche|p2a: Brute Bonnet\n|-supereffective|p2a: Brute Bonnet\n|-damage|p2a: Brute Bonnet|80\/100\n|\n|-heal|p2a: Brute Bonnet|86\/100|[from] Grassy Terrain\n|upkeep\n|turn|3\n|\n|t:|1698377338\n|move|p1a: Rillaboom|Fake Out|p2a: Brute Bonnet\n|-damage|p2a: Brute Bonnet|76\/100\n|cant|p2a: Brute Bonnet|flinch\n|move|p2b: Okidogi|Poison Jab|p1b: Garganacl\n|-damage|p1b: Garganacl|16\/100\n|move|p1b: Garganacl|Zen Headbutt|p2b: Okidogi\n|-supereffective|p2b: Okidogi\n|-crit|p2b: Okidogi\n|-damage|p2b: Okidogi|0 fnt\n|faint|p2b: Okidogi\n|\n|-heal|p2a: Brute Bonnet|82\/100|[from] Grassy Terrain\n|upkeep\n|\n|t:|1698377351\n|switch|p2b: Articuno|Articuno-Galar|100\/100\n|turn|4\n|\n|t:|1698377361\n|move|p2a: Brute Bonnet|Sucker Punch|p1b: Garganacl\n|-damage|p1b: Garganacl|6\/100\n|move|p2b: Articuno|Reflect|p2b: Articuno\n|-sidestart|p2: MasterMineZ82|Reflect\n|move|p1a: Rillaboom|U-turn|p2a: Brute Bonnet\n|-supereffective|p2a: Brute Bonnet\n|-damage|p2a: Brute Bonnet|42\/100\n|\n|t:|1698377369\n|switch|p1a: Gliscor|Gliscor, F|100\/100|[from] U-turn\n|move|p1b: Garganacl|Salt Cure|p2b: Articuno\n|-supereffective|p2b: Articuno\n|-damage|p2b: Articuno|74\/100\n|-start|p2b: Articuno|Salt Cure\n|\n|-heal|p2a: Brute Bonnet|48\/100|[from] Grassy Terrain\n|-damage|p2b: Articuno|62\/100|[from] Salt Cure\n|-status|p1a: Gliscor|tox|[from] item: Toxic Orb\n|upkeep\n|turn|5\n|\n|t:|1698377386\n|move|p2a: Brute Bonnet|Sucker Punch|p1b: Garganacl\n|-damage|p1b: Garganacl|0 fnt\n|faint|p1b: Garganacl\n|move|p2b: Articuno|Freezing Glare|p1a: Gliscor\n|-damage|p1a: Gliscor|48\/100 tox\n|move|p1a: Gliscor|Knock Off|p2b: Articuno\n|-supereffective|p2b: Articuno\n|-damage|p2b: Articuno|22\/100\n|-enditem|p2b: Articuno|Light Clay|[from] move: Knock Off|[of] p1a: Gliscor\n|\n|-heal|p2a: Brute Bonnet|54\/100|[from] Grassy Terrain\n|-heal|p1a: Gliscor|60\/100 tox|[from] ability: Poison Heal\n|-damage|p2b: Articuno|10\/100|[from] Salt Cure\n|upkeep\n|\n|t:|1698377398\n|switch|p1b: Rillaboom|Rillaboom, F|100\/100\n|turn|6\n|\n|t:|1698377404\n|switch|p2b: Sinistcha|Sinistcha|100\/100\n|-heal|p2a: Brute Bonnet|78\/100|[from] ability: Hospitality|[of] p2b: Sinistcha\n|move|p1b: Rillaboom|Fake Out|p2b: Sinistcha\n|-immune|p2b: Sinistcha\n|move|p1a: Gliscor|Facade|p2a: Brute Bonnet\n|-crit|p2a: Brute Bonnet\n|-damage|p2a: Brute Bonnet|44\/100\n|move|p2a: Brute Bonnet|Synthesis|p2a: Brute Bonnet\n|-heal|p2a: Brute Bonnet|94\/100\n|\n|-heal|p2a: Brute Bonnet|99\/100|[from] Grassy Terrain\n|-heal|p1a: Gliscor|73\/100 tox|[from] ability: Poison Heal\n|-fieldend|move: Grassy Terrain\n|upkeep\n|turn|7\n|inactive|habertz has 120 seconds left.\n|inactive|MasterMineZ82 has 120 seconds left.\n|\n|t:|1698377441\n|move|p2a: Brute Bonnet|Rage Powder|p2a: Brute Bonnet\n|-singleturn|p2a: Brute Bonnet|move: Rage Powder\n|move|p1b: Rillaboom|U-turn|p2a: Brute Bonnet\n|-supereffective|p2a: Brute Bonnet\n|-damage|p2a: Brute Bonnet|58\/100\n|inactive|habertz has 120 seconds left.\n|\n|t:|1698377448\n|switch|p1b: Gyarados|Gyarados, F|100\/100|[from] U-turn\n|-ability|p1b: Gyarados|Intimidate|boost\n|-unboost|p2a: Brute Bonnet|atk|1\n|-unboost|p2b: Sinistcha|atk|1\n|move|p1a: Gliscor|Knock Off|p2a: Brute Bonnet\n|-resisted|p2a: Brute Bonnet\n|-damage|p2a: Brute Bonnet|53\/100\n|-enditem|p2a: Brute Bonnet|Mental Herb|[from] move: Knock Off|[of] p1a: Gliscor\n|move|p2b: Sinistcha|Shadow Ball|p1a: Gliscor\n|-damage|p1a: Gliscor|37\/100 tox\n|\n|-heal|p1a: Gliscor|49\/100 tox|[from] ability: Poison Heal\n|upkeep\n|turn|8\n|\n|t:|1698377470\n|switch|p2b: Walking Wake|Walking Wake|100\/100\n|move|p1a: Gliscor|Knock Off|p2b: Walking Wake\n|-damage|p2b: Walking Wake|84\/100\n|-enditem|p2b: Walking Wake|Choice Specs|[from] move: Knock Off|[of] p1a: Gliscor\n|move|p1b: Gyarados|Body Slam|p2a: Brute Bonnet\n|-damage|p2a: Brute Bonnet|39\/100\n|move|p2a: Brute Bonnet|Spore|p1b: Gyarados\n|-status|p1b: Gyarados|slp|[from] move: Spore\n|\n|-heal|p1a: Gliscor|62\/100 tox|[from] ability: Poison Heal\n|upkeep\n|turn|9\n|\n|t:|1698377499\n|move|p2b: Walking Wake|Hydro Steam|p1a: Gliscor\n|-supereffective|p1a: Gliscor\n|-damage|p1a: Gliscor|0 fnt\n|faint|p1a: Gliscor\n|cant|p1b: Gyarados|slp\n|move|p2a: Brute Bonnet|Synthesis|p2a: Brute Bonnet\n|-heal|p2a: Brute Bonnet|88\/100\n|\n|upkeep\n|\n|t:|1698377503\n|switch|p1a: Rillaboom|Rillaboom, F|100\/100\n|-fieldstart|move: Grassy Terrain|[from] ability: Grassy Surge|[of] p1a: Rillaboom\n|turn|10\n|\n|t:|1698377517\n|move|p1a: Rillaboom|Fake Out|p2b: Walking Wake\n|-damage|p2b: Walking Wake|74\/100\n|move|p2a: Brute Bonnet|Rage Powder|p2a: Brute Bonnet\n|-singleturn|p2a: Brute Bonnet|move: Rage Powder\n|cant|p2b: Walking Wake|flinch\n|-curestatus|p1b: Gyarados|slp|[msg]\n|move|p1b: Gyarados|Body Slam|p2a: Brute Bonnet\n|-damage|p2a: Brute Bonnet|75\/100\n|\n|-heal|p2b: Walking Wake|80\/100|[from] Grassy Terrain\n|-heal|p2a: Brute Bonnet|81\/100|[from] Grassy Terrain\n|upkeep\n|turn|11\n|\n|t:|1698377533\n|switch|p1a: Amoonguss|Amoonguss, F|100\/100\n|move|p2a: Brute Bonnet|Rage Powder|p2a: Brute Bonnet\n|-singleturn|p2a: Brute Bonnet|move: Rage Powder\n|move|p2b: Walking Wake|Flamethrower|p1a: Amoonguss\n|-supereffective|p1a: Amoonguss\n|-damage|p1a: Amoonguss|54\/100\n|move|p1b: Gyarados|Body Slam|p2a: Brute Bonnet\n|-damage|p2a: Brute Bonnet|68\/100\n|-status|p2a: Brute Bonnet|par\n|\n|-heal|p2b: Walking Wake|87\/100|[from] Grassy Terrain\n|-heal|p1a: Amoonguss|60\/100|[from] Grassy Terrain\n|-heal|p1a: Amoonguss|67\/100|[from] item: Black Sludge\n|-heal|p2a: Brute Bonnet|74\/100 par|[from] Grassy Terrain\n|-sideend|p2: MasterMineZ82|Reflect\n|upkeep\n|turn|12\n|\n|t:|1698377551\n|move|p2a: Brute Bonnet|Rage Powder|p2a: Brute Bonnet\n|-singleturn|p2a: Brute Bonnet|move: Rage Powder\n|move|p2b: Walking Wake|Draco Meteor|p1b: Gyarados\n|-damage|p1b: Gyarados|46\/100\n|-unboost|p2b: Walking Wake|spa|2\n|move|p1b: Gyarados|Body Slam|p2a: Brute Bonnet\n|-damage|p2a: Brute Bonnet|52\/100 par\n|move|p1a: Amoonguss|Spore|p2b: Walking Wake\n|-status|p2b: Walking Wake|slp|[from] move: Spore\n|\n|-heal|p2b: Walking Wake|93\/100 slp|[from] Grassy Terrain\n|-heal|p1b: Gyarados|52\/100|[from] item: Leftovers\n|-heal|p1a: Amoonguss|73\/100|[from] Grassy Terrain\n|-heal|p1a: Amoonguss|79\/100|[from] item: Black Sludge\n|-heal|p2a: Brute Bonnet|58\/100 par|[from] Grassy Terrain\n|upkeep\n|turn|13\n|\n|t:|1698377572\n|-end|p2b: Walking Wake|Protosynthesis|[silent]\n|switch|p2b: Sinistcha|Sinistcha|100\/100\n|-heal|p2a: Brute Bonnet|83\/100 par|[from] ability: Hospitality|[of] p2b: Sinistcha\n|switch|p1a: Rillaboom|Rillaboom, F|100\/100\n|move|p1b: Gyarados|Body Slam|p2a: Brute Bonnet\n|-damage|p2a: Brute Bonnet|62\/100 par\n|move|p2a: Brute Bonnet|Spore|p1b: Gyarados\n|-status|p1b: Gyarados|slp|[from] move: Spore\n|\n|-heal|p1b: Gyarados|58\/100 slp|[from] item: Leftovers\n|-heal|p2a: Brute Bonnet|68\/100 par|[from] Grassy Terrain\n|upkeep\n|turn|14\n|\n|t:|1698377589\n|switch|p1b: Amoonguss|Amoonguss, F|100\/100\n|move|p1a: Rillaboom|U-turn|p2a: Brute Bonnet\n|-supereffective|p2a: Brute Bonnet\n|-damage|p2a: Brute Bonnet|2\/100 par\n|\n|t:|1698377600\n|switch|p1a: Gyarados|Gyarados, F|58\/100 slp|[from] U-turn\n|-ability|p1a: Gyarados|Intimidate|boost\n|-unboost|p2a: Brute Bonnet|atk|1\n|-unboost|p2b: Sinistcha|atk|1\n|move|p2b: Sinistcha|Shadow Ball|p1b: Amoonguss\n|-damage|p1b: Amoonguss|75\/100\n|move|p2a: Brute Bonnet|Synthesis|p2a: Brute Bonnet\n|-heal|p2a: Brute Bonnet|51\/100 par\n|\n|-heal|p1a: Gyarados|65\/100 slp|[from] item: Leftovers\n|-heal|p1b: Amoonguss|81\/100|[from] Grassy Terrain\n|-heal|p1b: Amoonguss|87\/100|[from] item: Black Sludge\n|-heal|p2a: Brute Bonnet|58\/100 par|[from] Grassy Terrain\n|-fieldend|move: Grassy Terrain\n|upkeep\n|turn|15\n|\n|t:|1698377624\n|-terastallize|p2a: Brute Bonnet|Dragon\n|cant|p1a: Gyarados|slp\n|move|p2b: Sinistcha|Matcha Gotcha|p1b: Amoonguss|[spread] p1b\n|-miss|p2b: Sinistcha|p1a: Gyarados\n|-resisted|p1b: Amoonguss\n|-damage|p1b: Amoonguss|82\/100\n|move|p1b: Amoonguss|Sludge Bomb|p2b: Sinistcha\n|-damage|p2b: Sinistcha|70\/100\n|move|p2a: Brute Bonnet|Synthesis|p2a: Brute Bonnet\n|-heal|p2a: Brute Bonnet|100\/100 par\n|\n|-heal|p1a: Gyarados|71\/100 slp|[from] item: Leftovers\n|-heal|p1b: Amoonguss|88\/100|[from] item: Black Sludge\n|upkeep\n|turn|16\n|\n|t:|1698377646\n|cant|p2a: Brute Bonnet|par\n|-curestatus|p1a: Gyarados|slp|[msg]\n|move|p1a: Gyarados|Body Slam|p2a: Brute Bonnet\n|-damage|p2a: Brute Bonnet|81\/100 par\n|move|p2b: Sinistcha|Matcha Gotcha|p1a: Gyarados|[spread] p1a,p1b\n|-resisted|p1b: Amoonguss\n|-damage|p1a: Gyarados|52\/100\n|-heal|p2b: Sinistcha|83\/100|[from] drain|[of] p1a: Gyarados\n|-damage|p1b: Amoonguss|84\/100\n|-heal|p2b: Sinistcha|87\/100|[from] drain|[of] p1b: Amoonguss\n|-status|p1b: Amoonguss|brn\n|move|p1b: Amoonguss|Sludge Bomb|p2b: Sinistcha\n|-damage|p2b: Sinistcha|54\/100\n|\n|-heal|p1a: Gyarados|58\/100|[from] item: Leftovers\n|-heal|p1b: Amoonguss|90\/100 brn|[from] item: Black Sludge\n|-damage|p1b: Amoonguss|84\/100 brn|[from] brn\n|upkeep\n|turn|17\n|\n|t:|1698377672\n|cant|p2a: Brute Bonnet|par\n|move|p1a: Gyarados|Body Slam|p2a: Brute Bonnet\n|-damage|p2a: Brute Bonnet|61\/100 par\n|move|p2b: Sinistcha|Strength Sap|p1a: Gyarados\n|-unboost|p1a: Gyarados|atk|1\n|-heal|p2b: Sinistcha|100\/100\n|move|p1b: Amoonguss|Sludge Bomb|p2b: Sinistcha\n|-damage|p2b: Sinistcha|71\/100\n|\n|-heal|p1a: Gyarados|64\/100|[from] item: Leftovers\n|-heal|p1b: Amoonguss|90\/100 brn|[from] item: Black Sludge\n|-damage|p1b: Amoonguss|84\/100 brn|[from] brn\n|upkeep\n|turn|18\n|\n|t:|1698377696\n|switch|p1a: Rillaboom|Rillaboom, F|100\/100\n|-fieldstart|move: Grassy Terrain|[from] ability: Grassy Surge|[of] p1a: Rillaboom\n|move|p2b: Sinistcha|Matcha Gotcha|p1b: Amoonguss|[spread] p1a,p1b\n|-resisted|p1a: Rillaboom\n|-resisted|p1b: Amoonguss\n|-damage|p1a: Rillaboom|84\/100\n|-heal|p2b: Sinistcha|84\/100|[from] drain|[of] p1a: Rillaboom\n|-damage|p1b: Amoonguss|77\/100 brn\n|-heal|p2b: Sinistcha|89\/100|[from] drain|[of] p1b: Amoonguss\n|move|p1b: Amoonguss|Sludge Bomb|p2b: Sinistcha\n|-damage|p2b: Sinistcha|56\/100\n|cant|p2a: Brute Bonnet|par\n|\n|-heal|p1a: Rillaboom|90\/100|[from] Grassy Terrain\n|-heal|p2b: Sinistcha|62\/100|[from] Grassy Terrain\n|-heal|p1b: Amoonguss|84\/100 brn|[from] Grassy Terrain\n|-heal|p1b: Amoonguss|90\/100 brn|[from] item: Black Sludge\n|-heal|p2a: Brute Bonnet|67\/100 par|[from] Grassy Terrain\n|-damage|p1b: Amoonguss|84\/100 brn|[from] brn\n|upkeep\n|turn|19\n|\n|t:|1698377720\n|move|p1a: Rillaboom|Wood Hammer|p2a: Brute Bonnet\n|-resisted|p2a: Brute Bonnet\n|-damage|p2a: Brute Bonnet|40\/100 par\n|-damage|p1a: Rillaboom|82\/100|[from] Recoil\n|move|p2b: Sinistcha|Strength Sap|p1a: Rillaboom\n|-unboost|p1a: Rillaboom|atk|1\n|-heal|p2b: Sinistcha|100\/100\n|move|p1b: Amoonguss|Sludge Bomb|p2b: Sinistcha\n|-damage|p2b: Sinistcha|66\/100\n|move|p2a: Brute Bonnet|Synthesis|p2a: Brute Bonnet\n|-heal|p2a: Brute Bonnet|90\/100 par\n|\n|-heal|p1a: Rillaboom|88\/100|[from] Grassy Terrain\n|-heal|p2b: Sinistcha|72\/100|[from] Grassy Terrain\n|-heal|p1b: Amoonguss|90\/100 brn|[from] Grassy Terrain\n|-heal|p1b: Amoonguss|96\/100 brn|[from] item: Black Sludge\n|-heal|p2a: Brute Bonnet|96\/100 par|[from] Grassy Terrain\n|-damage|p1b: Amoonguss|90\/100 brn|[from] brn\n|upkeep\n|turn|20\n|\n|t:|1698377748\n|-end|p2a: Brute Bonnet|Protosynthesis|[silent]\n|switch|p2a: Bisharp|Bisharp, F|100\/100\n|move|p1a: Rillaboom|U-turn|p2b: Sinistcha\n|-damage|p2b: Sinistcha|62\/100\n|inactive|habertz has 120 seconds left.\n|\n|t:|1698377772\n|switch|p1a: Gyarados|Gyarados, F|64\/100|[from] U-turn\n|-ability|p1a: Gyarados|Intimidate|boost\n|-unboost|p2a: Bisharp|atk|1\n|-ability|p2a: Bisharp|Defiant|boost\n|-boost|p2a: Bisharp|atk|2\n|-unboost|p2b: Sinistcha|atk|1\n|move|p2b: Sinistcha|Matcha Gotcha|p1b: Amoonguss|[spread] p1a,p1b\n|-resisted|p1b: Amoonguss\n|-damage|p1a: Gyarados|40\/100\n|-heal|p2b: Sinistcha|80\/100|[from] drain|[of] p1a: Gyarados\n|-damage|p1b: Amoonguss|84\/100 brn\n|-heal|p2b: Sinistcha|85\/100|[from] drain|[of] p1b: Amoonguss\n|move|p1b: Amoonguss|Sludge Bomb|p2b: Sinistcha\n|-damage|p2b: Sinistcha|55\/100\n|\n|-heal|p1a: Gyarados|46\/100|[from] item: Leftovers\n|-heal|p2b: Sinistcha|61\/100|[from] Grassy Terrain\n|-heal|p1b: Amoonguss|90\/100 brn|[from] Grassy Terrain\n|-heal|p1b: Amoonguss|96\/100 brn|[from] item: Black Sludge\n|-damage|p1b: Amoonguss|90\/100 brn|[from] brn\n|upkeep\n|turn|21\n|\n|t:|1698377801\n|move|p1a: Gyarados|Earthquake|p2a: Bisharp|[spread] p1b,p2a,p2b\n|-crit|p1b: Amoonguss\n|-supereffective|p2a: Bisharp\n|-resisted|p2b: Sinistcha\n|-damage|p1b: Amoonguss|76\/100 brn\n|-damage|p2a: Bisharp|85\/100\n|-damage|p2b: Sinistcha|57\/100\n|move|p2a: Bisharp|Lash Out|p1b: Amoonguss\n|-crit|p1b: Amoonguss\n|-damage|p1b: Amoonguss|3\/100 brn\n|move|p2b: Sinistcha|Strength Sap|p1a: Gyarados\n|-unboost|p1a: Gyarados|atk|1\n|-heal|p2b: Sinistcha|100\/100\n|move|p1b: Amoonguss|Spore|p2a: Bisharp\n|-status|p2a: Bisharp|slp|[from] move: Spore\n|\n|-heal|p1a: Gyarados|52\/100|[from] item: Leftovers\n|-heal|p2a: Bisharp|91\/100 slp|[from] Grassy Terrain\n|-heal|p1b: Amoonguss|9\/100 brn|[from] Grassy Terrain\n|-heal|p1b: Amoonguss|15\/100 brn|[from] item: Black Sludge\n|-damage|p1b: Amoonguss|9\/100 brn|[from] brn\n|upkeep\n|turn|22\n|\n|t:|1698377824\n|switch|p1b: Rillaboom|Rillaboom, F|88\/100\n|cant|p2a: Bisharp|slp\n|move|p1a: Gyarados|Waterfall|p2a: Bisharp\n|-damage|p2a: Bisharp|74\/100 slp\n|move|p2b: Sinistcha|Matcha Gotcha|p1a: Gyarados|[spread] p1b\n|-miss|p2b: Sinistcha|p1a: Gyarados\n|-resisted|p1b: Rillaboom\n|-damage|p1b: Rillaboom|74\/100\n|-status|p1b: Rillaboom|brn\n|\n|-heal|p1b: Rillaboom|80\/100 brn|[from] Grassy Terrain\n|-heal|p1a: Gyarados|58\/100|[from] item: Leftovers\n|-heal|p2a: Bisharp|80\/100 slp|[from] Grassy Terrain\n|-damage|p1b: Rillaboom|74\/100 brn|[from] brn\n|-fieldend|move: Grassy Terrain\n|upkeep\n|turn|23\n|\n|t:|1698377845\n|cant|p2a: Bisharp|slp\n|move|p1b: Rillaboom|U-turn|p2b: Sinistcha\n|-crit|p2b: Sinistcha\n|-damage|p2b: Sinistcha|91\/100\n|\n|t:|1698377853\n|switch|p1b: Amoonguss|Amoonguss, F|42\/100 brn|[from] U-turn\n|move|p1a: Gyarados|Earthquake|p2b: Sinistcha|[spread] p1b,p2a,p2b\n|-supereffective|p2a: Bisharp\n|-resisted|p2b: Sinistcha\n|-damage|p1b: Amoonguss|30\/100 brn\n|-damage|p2a: Bisharp|57\/100 slp\n|-damage|p2b: Sinistcha|85\/100\n|move|p2b: Sinistcha|Matcha Gotcha|p1b: Amoonguss|[spread] p1a,p1b\n|-resisted|p1b: Amoonguss\n|-crit|p1b: Amoonguss\n|-damage|p1a: Gyarados|41\/100\n|-heal|p2b: Sinistcha|97\/100|[from] drain|[of] p1a: Gyarados\n|-damage|p1b: Amoonguss|23\/100 brn\n|-heal|p2b: Sinistcha|100\/100|[from] drain|[of] p1b: Amoonguss\n|\n|-heal|p1a: Gyarados|48\/100|[from] item: Leftovers\n|-heal|p1b: Amoonguss|29\/100 brn|[from] item: Black Sludge\n|-damage|p1b: Amoonguss|23\/100 brn|[from] brn\n|upkeep\n|turn|24\n|l|\u2606habertz\n|inactive|habertz disconnected and has a minute to reconnect!\n|player|p1|\n|inactive|habertz has 30 seconds to reconnect!\n|inactive|habertz has 20 seconds to reconnect!\n|inactive|habertz has 15 seconds to reconnect!\n|inactive|habertz has 10 seconds to reconnect!\n|inactive|habertz has 5 seconds to reconnect!\n|-message|habertz lost due to inactivity.\n|\n|win|MasterMineZ82\n|raw|habertz's rating: 1270 &rarr; <strong>1250<\/strong><br \/>(-20 for losing)\n|raw|MasterMineZ82's rating: 1338 &rarr; <strong>1354<\/strong><br \/>(+16 for winning)\n","uploadtime":1698377922,"views":25,"p1id":"habertz","p2id":"masterminez82","formatid":"gen9doublesou","rating":1250,"private":0,"password":""}