{"id":"gen9doublesou-1998029617","p1":"oberon100","p2":"OPieceOfHeroGhost","format":"[Gen 9] Doubles OU","log":"|j|\u2606oberon100\n|j|\u2606OPieceOfHeroGhost\n|t:|1700881049\n|gametype|doubles\n|player|p1|oberon100|parasollady|1478\n|player|p2|OPieceOfHeroGhost|morty|1491\n|teamsize|p1|6\n|teamsize|p2|6\n|gen|9\n|tier|[Gen 9] Doubles OU\n|rated|\n|rule|Species Clause: Limit one of each Pok\u00e9mon\n|rule|OHKO Clause: OHKO moves are banned\n|rule|Evasion Moves Clause: Evasion moves are banned\n|rule|Gravity Sleep Clause: The combination of sleep-inducing moves with imperfect accuracy and Gravity or Gigantamax Orbeetle are banned\n|rule|Endless Battle Clause: Forcing endless battles is banned\n|rule|HP Percentage Mod: HP is shown in percentages\n|clearpoke\n|poke|p1|Azumarill, F|\n|poke|p1|Gastrodon-East, F|\n|poke|p1|Bronzong|\n|poke|p1|Ampharos, M|\n|poke|p1|Dragonite, F|\n|poke|p1|Pelipper, M|\n|poke|p2|Ting-Lu|\n|poke|p2|Sinistcha|\n|poke|p2|Cresselia, F|\n|poke|p2|Flutter Mane|\n|poke|p2|Ogerpon-Wellspring, F|\n|poke|p2|Landorus-Therian, M|\n|teampreview\n|\n|t:|1700881062\n|start\n|switch|p1a: Gastrodon|Gastrodon-East, F|100\/100\n|switch|p1b: Bronzong|Bronzong|100\/100\n|switch|p2a: \u54bf\u5440\uff01\u838e\u5e03\u5c3c\u53e4\u62c9\u65af\uff01|Ting-Lu|100\/100\n|switch|p2b: \u8fd9\u4e48\u5f3a\u662f\u600e\u4e48\u88ab\u4e09\u4e2a\u51fa\u751f\u6b3a\u8d1f\u7684\uff1f|Ogerpon-Wellspring, F|100\/100\n|-ability|p2a: \u54bf\u5440\uff01\u838e\u5e03\u5c3c\u53e4\u62c9\u65af\uff01|Vessel of Ruin\n|turn|1\n|\n|t:|1700881079\n|-terastallize|p1a: Gastrodon|Poison\n|move|p2b: \u8fd9\u4e48\u5f3a\u662f\u600e\u4e48\u88ab\u4e09\u4e2a\u51fa\u751f\u6b3a\u8d1f\u7684\uff1f|Swords Dance|p2b: \u8fd9\u4e48\u5f3a\u662f\u600e\u4e48\u88ab\u4e09\u4e2a\u51fa\u751f\u6b3a\u8d1f\u7684\uff1f\n|-boost|p2b: \u8fd9\u4e48\u5f3a\u662f\u600e\u4e48\u88ab\u4e09\u4e2a\u51fa\u751f\u6b3a\u8d1f\u7684\uff1f|atk|2\n|move|p1a: Gastrodon|Sludge Bomb|p2b: \u8fd9\u4e48\u5f3a\u662f\u600e\u4e48\u88ab\u4e09\u4e2a\u51fa\u751f\u6b3a\u8d1f\u7684\uff1f\n|-supereffective|p2b: \u8fd9\u4e48\u5f3a\u662f\u600e\u4e48\u88ab\u4e09\u4e2a\u51fa\u751f\u6b3a\u8d1f\u7684\uff1f\n|-damage|p2b: \u8fd9\u4e48\u5f3a\u662f\u600e\u4e48\u88ab\u4e09\u4e2a\u51fa\u751f\u6b3a\u8d1f\u7684\uff1f|44\/100\n|move|p2a: \u54bf\u5440\uff01\u838e\u5e03\u5c3c\u53e4\u62c9\u65af\uff01|Stomping Tantrum|p1a: Gastrodon\n|-supereffective|p1a: Gastrodon\n|-damage|p1a: Gastrodon|0 fnt\n|faint|p1a: Gastrodon\n|move|p1b: Bronzong|Body Press|p2a: \u54bf\u5440\uff01\u838e\u5e03\u5c3c\u53e4\u62c9\u65af\uff01\n|-supereffective|p2a: \u54bf\u5440\uff01\u838e\u5e03\u5c3c\u53e4\u62c9\u65af\uff01\n|-damage|p2a: \u54bf\u5440\uff01\u838e\u5e03\u5c3c\u53e4\u62c9\u65af\uff01|65\/100\n|\n|upkeep\n|\n|t:|1700881093\n|switch|p1a: Dragonite|Dragonite, F, shiny|100\/100\n|turn|2\n|\n|t:|1700881102\n|switch|p2a: \u53d1\u59d0\u5a01\u6b66|Flutter Mane|100\/100\n|-enditem|p2a: \u53d1\u59d0\u5a01\u6b66|Booster Energy\n|-activate|p2a: \u53d1\u59d0\u5a01\u6b66|ability: Protosynthesis|[fromitem]\n|-start|p2a: \u53d1\u59d0\u5a01\u6b66|protosynthesisspe\n|move|p2b: \u8fd9\u4e48\u5f3a\u662f\u600e\u4e48\u88ab\u4e09\u4e2a\u51fa\u751f\u6b3a\u8d1f\u7684\uff1f|Spiky Shield|p2b: \u8fd9\u4e48\u5f3a\u662f\u600e\u4e48\u88ab\u4e09\u4e2a\u51fa\u751f\u6b3a\u8d1f\u7684\uff1f\n|-singleturn|p2b: \u8fd9\u4e48\u5f3a\u662f\u600e\u4e48\u88ab\u4e09\u4e2a\u51fa\u751f\u6b3a\u8d1f\u7684\uff1f|move: Protect\n|move|p1a: Dragonite|Extreme Speed|p2b: \u8fd9\u4e48\u5f3a\u662f\u600e\u4e48\u88ab\u4e09\u4e2a\u51fa\u751f\u6b3a\u8d1f\u7684\uff1f\n|-activate|p2b: \u8fd9\u4e48\u5f3a\u662f\u600e\u4e48\u88ab\u4e09\u4e2a\u51fa\u751f\u6b3a\u8d1f\u7684\uff1f|move: Protect\n|-damage|p1a: Dragonite|88\/100|[from] Spiky Shield|[of] p2b: \u8fd9\u4e48\u5f3a\u662f\u600e\u4e48\u88ab\u4e09\u4e2a\u51fa\u751f\u6b3a\u8d1f\u7684\uff1f\n|move|p1b: Bronzong|Trick Room|p1b: Bronzong\n|-fieldstart|move: Trick Room|[of] p1b: Bronzong\n|\n|upkeep\n|turn|3\n|\n|t:|1700881142\n|switch|p2b: \u514b\u96f7\u771f\u7684\u662f\u840c\u840c\u54d2\u5440\uff01|Cresselia, F|100\/100\n|move|p1b: Bronzong|Gyro Ball|p2a: \u53d1\u59d0\u5a01\u6b66\n|-supereffective|p2a: \u53d1\u59d0\u5a01\u6b66\n|-damage|p2a: \u53d1\u59d0\u5a01\u6b66|0 fnt\n|faint|p2a: \u53d1\u59d0\u5a01\u6b66\n|-end|p2a: \u53d1\u59d0\u5a01\u6b66|Protosynthesis|[silent]\n|move|p1a: Dragonite|Hurricane|p2b: \u514b\u96f7\u771f\u7684\u662f\u840c\u840c\u54d2\u5440\uff01|[miss]\n|-miss|p1a: Dragonite|p2b: \u514b\u96f7\u771f\u7684\u662f\u840c\u840c\u54d2\u5440\uff01\n|\n|upkeep\n|\n|t:|1700881156\n|switch|p2a: \u54bf\u5440\uff01\u838e\u5e03\u5c3c\u53e4\u62c9\u65af\uff01|Ting-Lu|65\/100\n|-ability|p2a: \u54bf\u5440\uff01\u838e\u5e03\u5c3c\u53e4\u62c9\u65af\uff01|Vessel of Ruin\n|turn|4\n|\n|t:|1700881164\n|switch|p1b: Pelipper|Pelipper, M|100\/100\n|-weather|RainDance|[from] ability: Drizzle|[of] p1b: Pelipper\n|move|p2a: \u54bf\u5440\uff01\u838e\u5e03\u5c3c\u53e4\u62c9\u65af\uff01|Payback|p1b: Pelipper\n|-damage|p1b: Pelipper|65\/100\n|move|p1a: Dragonite|Surf|p2a: \u54bf\u5440\uff01\u838e\u5e03\u5c3c\u53e4\u62c9\u65af\uff01|[spread] p1b,p2a,p2b\n|-resisted|p1b: Pelipper\n|-supereffective|p2a: \u54bf\u5440\uff01\u838e\u5e03\u5c3c\u53e4\u62c9\u65af\uff01\n|-damage|p1b: Pelipper|50\/100\n|-damage|p2a: \u54bf\u5440\uff01\u838e\u5e03\u5c3c\u53e4\u62c9\u65af\uff01|23\/100\n|-damage|p2b: \u514b\u96f7\u771f\u7684\u662f\u840c\u840c\u54d2\u5440\uff01|87\/100\n|move|p2b: \u514b\u96f7\u771f\u7684\u662f\u840c\u840c\u54d2\u5440\uff01|Lunar Blessing|p2b: \u514b\u96f7\u771f\u7684\u662f\u840c\u840c\u54d2\u5440\uff01|[spread] p2a,p2b\n|-heal|p2a: \u54bf\u5440\uff01\u838e\u5e03\u5c3c\u53e4\u62c9\u65af\uff01|48\/100\n|-heal|p2b: \u514b\u96f7\u771f\u7684\u662f\u840c\u840c\u54d2\u5440\uff01|100\/100\n|\n|-weather|RainDance|[upkeep]\n|upkeep\n|turn|5\n|\n|t:|1700881187\n|move|p2a: \u54bf\u5440\uff01\u838e\u5e03\u5c3c\u53e4\u62c9\u65af\uff01|Payback|p1a: Dragonite\n|-damage|p1a: Dragonite|43\/100\n|move|p1b: Pelipper|Weather Ball|p2a: \u54bf\u5440\uff01\u838e\u5e03\u5c3c\u53e4\u62c9\u65af\uff01\n|-supereffective|p2a: \u54bf\u5440\uff01\u838e\u5e03\u5c3c\u53e4\u62c9\u65af\uff01\n|-damage|p2a: \u54bf\u5440\uff01\u838e\u5e03\u5c3c\u53e4\u62c9\u65af\uff01|0 fnt\n|faint|p2a: \u54bf\u5440\uff01\u838e\u5e03\u5c3c\u53e4\u62c9\u65af\uff01\n|move|p1a: Dragonite|Hurricane|p2b: \u514b\u96f7\u771f\u7684\u662f\u840c\u840c\u54d2\u5440\uff01\n|-damage|p2b: \u514b\u96f7\u771f\u7684\u662f\u840c\u840c\u54d2\u5440\uff01|68\/100\n|move|p2b: \u514b\u96f7\u771f\u7684\u662f\u840c\u840c\u54d2\u5440\uff01|Thunderbolt|p1b: Pelipper\n|-supereffective|p1b: Pelipper\n|-damage|p1b: Pelipper|0 fnt\n|faint|p1b: Pelipper\n|\n|-weather|RainDance|[upkeep]\n|upkeep\n|\n|t:|1700881209\n|switch|p2a: \u8fd9\u4e48\u5f3a\u662f\u600e\u4e48\u88ab\u4e09\u4e2a\u51fa\u751f\u6b3a\u8d1f\u7684\uff1f|Ogerpon-Wellspring, F|44\/100\n|switch|p1b: Ampharos|Ampharos, M|100\/100\n|turn|6\n|\n|t:|1700881217\n|move|p2a: \u8fd9\u4e48\u5f3a\u662f\u600e\u4e48\u88ab\u4e09\u4e2a\u51fa\u751f\u6b3a\u8d1f\u7684\uff1f|Spiky Shield|p2a: \u8fd9\u4e48\u5f3a\u662f\u600e\u4e48\u88ab\u4e09\u4e2a\u51fa\u751f\u6b3a\u8d1f\u7684\uff1f\n|-singleturn|p2a: \u8fd9\u4e48\u5f3a\u662f\u600e\u4e48\u88ab\u4e09\u4e2a\u51fa\u751f\u6b3a\u8d1f\u7684\uff1f|move: Protect\n|move|p1b: Ampharos|Thunder|p2b: \u514b\u96f7\u771f\u7684\u662f\u840c\u840c\u54d2\u5440\uff01\n|-damage|p2b: \u514b\u96f7\u771f\u7684\u662f\u840c\u840c\u54d2\u5440\uff01|29\/100\n|move|p1a: Dragonite|Hurricane|p2b: \u514b\u96f7\u771f\u7684\u662f\u840c\u840c\u54d2\u5440\uff01\n|-damage|p2b: \u514b\u96f7\u771f\u7684\u662f\u840c\u840c\u54d2\u5440\uff01|0 fnt\n|faint|p2b: \u514b\u96f7\u771f\u7684\u662f\u840c\u840c\u54d2\u5440\uff01\n|\n|-weather|RainDance|[upkeep]\n|-fieldend|move: Trick Room\n|upkeep\n|\n|t:|1700881227\n|switch|p2b: \u53ea\u6709\u7eff\u8336\uff0c\u884c\u4e48|Sinistcha|100\/100\n|-heal|p2a: \u8fd9\u4e48\u5f3a\u662f\u600e\u4e48\u88ab\u4e09\u4e2a\u51fa\u751f\u6b3a\u8d1f\u7684\uff1f|69\/100|[from] ability: Hospitality|[of] p2b: \u53ea\u6709\u7eff\u8336\uff0c\u884c\u4e48\n|turn|7\n|\n|t:|1700881242\n|-terastallize|p2a: \u8fd9\u4e48\u5f3a\u662f\u600e\u4e48\u88ab\u4e09\u4e2a\u51fa\u751f\u6b3a\u8d1f\u7684\uff1f|Water\n|detailschange|p2a: \u8fd9\u4e48\u5f3a\u662f\u600e\u4e48\u88ab\u4e09\u4e2a\u51fa\u751f\u6b3a\u8d1f\u7684\uff1f|Ogerpon-Wellspring-Tera, F, tera:Water\n|-ability|p2a: \u8fd9\u4e48\u5f3a\u662f\u600e\u4e48\u88ab\u4e09\u4e2a\u51fa\u751f\u6b3a\u8d1f\u7684\uff1f|Embody Aspect (Wellspring)|boost\n|-boost|p2a: \u8fd9\u4e48\u5f3a\u662f\u600e\u4e48\u88ab\u4e09\u4e2a\u51fa\u751f\u6b3a\u8d1f\u7684\uff1f|spd|1\n|move|p2a: \u8fd9\u4e48\u5f3a\u662f\u600e\u4e48\u88ab\u4e09\u4e2a\u51fa\u751f\u6b3a\u8d1f\u7684\uff1f|Ivy Cudgel|p1b: Ampharos|[anim] Ivy Cudgel Water\n|-damage|p1b: Ampharos|0 fnt\n|faint|p1b: Ampharos\n|move|p1a: Dragonite|Hurricane|p2b: \u53ea\u6709\u7eff\u8336\uff0c\u884c\u4e48\n|-supereffective|p2b: \u53ea\u6709\u7eff\u8336\uff0c\u884c\u4e48\n|-damage|p2b: \u53ea\u6709\u7eff\u8336\uff0c\u884c\u4e48|0 fnt\n|faint|p2b: \u53ea\u6709\u7eff\u8336\uff0c\u884c\u4e48\n|\n|-weather|RainDance|[upkeep]\n|upkeep\n|\n|t:|1700881257\n|switch|p2b: \u731c\u731c\u8c01\u56de\u6765\u4e86|Landorus-Therian, M|100\/100\n|switch|p1b: Bronzong|Bronzong|100\/100\n|-ability|p2b: \u731c\u731c\u8c01\u56de\u6765\u4e86|Intimidate|boost\n|-unboost|p1a: Dragonite|atk|1\n|-unboost|p1b: Bronzong|atk|1\n|turn|8\n|\n|t:|1700881267\n|move|p1a: Dragonite|Extreme Speed|p2a: \u8fd9\u4e48\u5f3a\u662f\u600e\u4e48\u88ab\u4e09\u4e2a\u51fa\u751f\u6b3a\u8d1f\u7684\uff1f\n|-damage|p2a: \u8fd9\u4e48\u5f3a\u662f\u600e\u4e48\u88ab\u4e09\u4e2a\u51fa\u751f\u6b3a\u8d1f\u7684\uff1f|52\/100\n|move|p2a: \u8fd9\u4e48\u5f3a\u662f\u600e\u4e48\u88ab\u4e09\u4e2a\u51fa\u751f\u6b3a\u8d1f\u7684\uff1f|Ivy Cudgel|p1b: Bronzong|[anim] Ivy Cudgel Water\n|-damage|p1b: Bronzong|8\/100\n|move|p2b: \u731c\u731c\u8c01\u56de\u6765\u4e86|Rock Slide|p1b: Bronzong|[spread] p1a,p1b\n|-supereffective|p1a: Dragonite\n|-resisted|p1b: Bronzong\n|-damage|p1a: Dragonite|0 fnt\n|-damage|p1b: Bronzong|0 fnt\n|faint|p1a: Dragonite\n|faint|p1b: Bronzong\n|\n|-weather|RainDance|[upkeep]\n|upkeep\n|\n|t:|1700881281\n|switch|p1b: Azumarill|Azumarill, F|100\/100\n|turn|9\n|\n|t:|1700881299\n|move|p2a: \u8fd9\u4e48\u5f3a\u662f\u600e\u4e48\u88ab\u4e09\u4e2a\u51fa\u751f\u6b3a\u8d1f\u7684\uff1f|Spiky Shield|p2a: \u8fd9\u4e48\u5f3a\u662f\u600e\u4e48\u88ab\u4e09\u4e2a\u51fa\u751f\u6b3a\u8d1f\u7684\uff1f\n|-singleturn|p2a: \u8fd9\u4e48\u5f3a\u662f\u600e\u4e48\u88ab\u4e09\u4e2a\u51fa\u751f\u6b3a\u8d1f\u7684\uff1f|move: Protect\n|move|p1b: Azumarill|Aqua Jet|p2b: \u731c\u731c\u8c01\u56de\u6765\u4e86\n|-supereffective|p2b: \u731c\u731c\u8c01\u56de\u6765\u4e86\n|-damage|p2b: \u731c\u731c\u8c01\u56de\u6765\u4e86|11\/100\n|-damage|p1b: Azumarill|91\/100|[from] item: Life Orb\n|move|p2b: \u731c\u731c\u8c01\u56de\u6765\u4e86|Stomping Tantrum|p1b: Azumarill\n|-damage|p1b: Azumarill|44\/100\n|\n|-weather|RainDance|[upkeep]\n|upkeep\n|turn|10\n|\n|t:|1700881310\n|move|p1b: Azumarill|Aqua Jet|p2b: \u731c\u731c\u8c01\u56de\u6765\u4e86\n|-supereffective|p2b: \u731c\u731c\u8c01\u56de\u6765\u4e86\n|-crit|p2b: \u731c\u731c\u8c01\u56de\u6765\u4e86\n|-damage|p2b: \u731c\u731c\u8c01\u56de\u6765\u4e86|0 fnt\n|faint|p2b: \u731c\u731c\u8c01\u56de\u6765\u4e86\n|-damage|p1b: Azumarill|34\/100|[from] item: Life Orb\n|move|p2a: \u8fd9\u4e48\u5f3a\u662f\u600e\u4e48\u88ab\u4e09\u4e2a\u51fa\u751f\u6b3a\u8d1f\u7684\uff1f|Horn Leech|p1b: Azumarill\n|-supereffective|p1b: Azumarill\n|-damage|p1b: Azumarill|0 fnt\n|-heal|p2a: \u8fd9\u4e48\u5f3a\u662f\u600e\u4e48\u88ab\u4e09\u4e2a\u51fa\u751f\u6b3a\u8d1f\u7684\uff1f|70\/100|[from] drain|[of] p1b: Azumarill\n|faint|p1b: Azumarill\n|\n|win|OPieceOfHeroGhost\n|raw|oberon100's rating: 1478 &rarr; <strong>1459<\/strong><br \/>(-19 for losing)\n|raw|OPieceOfHeroGhost's rating: 1491 &rarr; <strong>1510<\/strong><br \/>(+19 for winning)\n","uploadtime":1700881314,"views":3,"p1id":"oberon100","p2id":"opieceofheroghost","formatid":"gen9doublesou","rating":1459,"private":0,"password":""}