{"id":"gen9doublesou-1988130406","p1":"Underpaid Intrn","p2":"kaiegurlmao","format":"[Gen 9] Doubles OU","log":"|j|\u2606Underpaid Intrn\n|j|\u2606kaiegurlmao\n|t:|1699673346\n|gametype|doubles\n|player|p1|Underpaid Intrn|gambler|1102\n|player|p2|kaiegurlmao|gambler|1140\n|teamsize|p1|6\n|teamsize|p2|6\n|gen|9\n|tier|[Gen 9] Doubles OU\n|rated|\n|rule|Species Clause: Limit one of each Pok\u00e9mon\n|rule|OHKO Clause: OHKO moves are banned\n|rule|Evasion Moves Clause: Evasion moves are banned\n|rule|Gravity Sleep Clause: The combination of sleep-inducing moves with imperfect accuracy and Gravity or Gigantamax Orbeetle are banned\n|rule|Endless Battle Clause: Forcing endless battles is banned\n|rule|HP Percentage Mod: HP is shown in percentages\n|clearpoke\n|poke|p1|Oricorio-Pom-Pom, F|\n|poke|p1|Volcarona, F|\n|poke|p1|Fezandipiti, M|\n|poke|p1|Quaquaval, M|\n|poke|p1|Pikachu-Partner, M|\n|poke|p1|Florges-Blue, F|\n|poke|p2|Murkrow, F|\n|poke|p2|Flutter Mane|\n|poke|p2|Amoonguss, M|\n|poke|p2|Kingambit, M|\n|poke|p2|Sneasler, F|\n|poke|p2|Ogerpon-Hearthflame, F|\n|teampreview\n|inactive|Battle timer is ON: inactive players will automatically lose when time's up. (requested by Underpaid Intrn)\n|\n|t:|1699673351\n|start\n|switch|p1a: The Word|Oricorio-Pom-Pom, F|100\/100\n|switch|p1b: Radiance|Volcarona, F, shiny|100\/100\n|switch|p2a: Murkrow|Murkrow, F|100\/100\n|switch|p2b: Sneasler|Sneasler, F|100\/100\n|turn|1\n|\n|t:|1699673364\n|move|p2b: Sneasler|Fake Out|p1b: Radiance\n|-damage|p1b: Radiance|78\/100\n|-status|p2b: Sneasler|brn|[from] ability: Flame Body|[of] p1b: Radiance\n|move|p2a: Murkrow|Tailwind|p2a: Murkrow\n|-sidestart|p2: kaiegurlmao|move: Tailwind\n|cant|p1b: Radiance|flinch\n|move|p1a: The Word|Quiver Dance|p1a: The Word\n|-boost|p1a: The Word|spa|1\n|-boost|p1a: The Word|spd|1\n|-boost|p1a: The Word|spe|1\n|\n|-damage|p2b: Sneasler|95\/100 brn|[from] brn\n|upkeep\n|turn|2\n|inactive|kaiegurlmao has 120 seconds left.\n|\n|t:|1699673395\n|move|p2a: Murkrow|Haze|p2a: Murkrow\n|-clearallboost\n|move|p2b: Sneasler|Dire Claw|p1b: Radiance\n|-damage|p1b: Radiance|45\/100\n|move|p1b: Radiance|Quiver Dance|p1b: Radiance\n|-boost|p1b: Radiance|spa|1\n|-boost|p1b: Radiance|spd|1\n|-boost|p1b: Radiance|spe|1\n|-activate|p1a: The Word|ability: Dancer\n|move|p1a: The Word|Quiver Dance|p1a: The Word|[from]ability: Dancer\n|-boost|p1a: The Word|spa|1\n|-boost|p1a: The Word|spd|1\n|-boost|p1a: The Word|spe|1\n|move|p1a: The Word|Air Slash|p2b: Sneasler\n|-supereffective|p2b: Sneasler\n|-damage|p2b: Sneasler|0 fnt\n|faint|p2b: Sneasler\n|\n|upkeep\n|inactive|kaiegurlmao has 120 seconds left.\n|\n|t:|1699673420\n|switch|p2b: Flutter Mane|Flutter Mane|100\/100\n|-enditem|p2b: Flutter Mane|Booster Energy\n|-activate|p2b: Flutter Mane|ability: Protosynthesis|[fromitem]\n|-start|p2b: Flutter Mane|protosynthesisspa\n|turn|3\n|\n|t:|1699673430\n|move|p2a: Murkrow|Haze|p2a: Murkrow\n|-clearallboost\n|move|p2b: Flutter Mane|Shadow Ball|p1b: Radiance\n|-damage|p1b: Radiance|0 fnt\n|faint|p1b: Radiance\n|move|p1a: The Word|Revelation Dance|p2a: Murkrow\n|-supereffective|p2a: Murkrow\n|-damage|p2a: Murkrow|18\/100\n|\n|upkeep\n|\n|t:|1699673443\n|switch|p1b: Lord Shen|Fezandipiti, M|100\/100\n|turn|4\n|\n|t:|1699673472\n|switch|p2a: Ogerpon|Ogerpon-Hearthflame, F|100\/100\n|-ability|p2a: Ogerpon|Mold Breaker\n|move|p1a: The Word|Protect|p1a: The Word\n|-singleturn|p1a: The Word|Protect\n|move|p2b: Flutter Mane|Shadow Ball|p1b: Lord Shen\n|-damage|p1b: Lord Shen|54\/100\n|move|p1b: Lord Shen|Icy Wind|p2b: Flutter Mane|[spread] p2a,p2b\n|-damage|p2a: Ogerpon|88\/100\n|-damage|p2b: Flutter Mane|89\/100\n|-unboost|p2a: Ogerpon|spe|1\n|-unboost|p2b: Flutter Mane|spe|1\n|\n|-heal|p1b: Lord Shen|60\/100|[from] item: Leftovers\n|-sideend|p2: kaiegurlmao|move: Tailwind\n|upkeep\n|turn|5\n|\n|t:|1699673497\n|move|p2b: Flutter Mane|Protect|p2b: Flutter Mane\n|-singleturn|p2b: Flutter Mane|Protect\n|move|p1a: The Word|Air Slash|p2a: Ogerpon\n|-supereffective|p2a: Ogerpon\n|-damage|p2a: Ogerpon|12\/100\n|move|p1b: Lord Shen|Tailwind|p1b: Lord Shen\n|-sidestart|p1: Underpaid Intrn|move: Tailwind\n|move|p2a: Ogerpon|Ivy Cudgel|p1b: Lord Shen\n|-damage|p1b: Lord Shen|0 fnt\n|faint|p1b: Lord Shen\n|\n|upkeep\n|\n|t:|1699673510\n|switch|p1b: Mirror B|Quaquaval, M|100\/100\n|turn|6\n|\n|t:|1699673523\n|switch|p2a: Amoonguss|Amoonguss, M|100\/100\n|move|p1b: Mirror B|Aqua Step|p2a: Amoonguss\n|-resisted|p2a: Amoonguss\n|-damage|p2a: Amoonguss|87\/100\n|-boost|p1b: Mirror B|spe|1\n|-damage|p1b: Mirror B|84\/100|[from] item: Rocky Helmet|[of] p2a: Amoonguss\n|-activate|p1a: The Word|ability: Dancer\n|move|p1a: The Word|Aqua Step|p2a: Amoonguss|[from]ability: Dancer\n|-resisted|p2a: Amoonguss\n|-damage|p2a: Amoonguss|84\/100\n|-boost|p1a: The Word|spe|1\n|-damage|p1a: The Word|84\/100|[from] item: Rocky Helmet|[of] p2a: Amoonguss\n|move|p1a: The Word|Quiver Dance|p1a: The Word\n|-boost|p1a: The Word|spa|1\n|-boost|p1a: The Word|spd|1\n|-boost|p1a: The Word|spe|1\n|move|p2b: Flutter Mane|Energy Ball|p1b: Mirror B\n|-supereffective|p1b: Mirror B\n|-damage|p1b: Mirror B|0 fnt\n|faint|p1b: Mirror B\n|\n|upkeep\n|\n|t:|1699673552\n|switch|p1b: Bouquet|Florges-Blue, F, shiny|100\/100\n|turn|7\n|\n|t:|1699673560\n|-terastallize|p1a: The Word|Ice\n|move|p1a: The Word|Revelation Dance|p2a: Amoonguss\n|-supereffective|p2a: Amoonguss\n|-damage|p2a: Amoonguss|0 fnt\n|faint|p2a: Amoonguss\n|move|p1b: Bouquet|Petal Dance|p2b: Flutter Mane\n|-damage|p2b: Flutter Mane|49\/100\n|-activate|p1a: The Word|ability: Dancer\n|move|p1a: The Word|Petal Dance|p2b: Flutter Mane|[from]ability: Dancer\n|-damage|p2b: Flutter Mane|0 fnt\n|faint|p2b: Flutter Mane\n|-end|p2b: Flutter Mane|Protosynthesis|[silent]\n|\n|upkeep\n|\n|t:|1699673575\n|switch|p2b: Ogerpon|Ogerpon-Hearthflame, F|12\/100\n|switch|p2a: Murkrow|Murkrow, F|18\/100\n|-ability|p2b: Ogerpon|Mold Breaker\n|turn|8\n|\n|t:|1699673587\n|-terastallize|p2b: Ogerpon|Fire\n|detailschange|p2b: Ogerpon|Ogerpon-Hearthflame-Tera, F, tera:Fire\n|-ability|p2b: Ogerpon|Embody Aspect (Hearthflame)|boost\n|-boost|p2b: Ogerpon|atk|1\n|move|p2a: Murkrow|Tailwind|p2a: Murkrow\n|-sidestart|p2: kaiegurlmao|move: Tailwind\n|move|p1a: The Word|Air Slash|p2b: Ogerpon\n|-damage|p2b: Ogerpon|0 fnt\n|faint|p2b: Ogerpon\n|move|p1b: Bouquet|Petal Dance|p2a: Murkrow|[from]lockedmove\n|-resisted|p2a: Murkrow\n|-damage|p2a: Murkrow|0 fnt\n|faint|p2a: Murkrow\n|-activate|p1a: The Word|ability: Dancer\n|move|p1a: The Word|Petal Dance|p2: Murkrow|[from]ability: Dancer|[notarget]\n|-fail|p1a: The Word\n|\n|-sideend|p1: Underpaid Intrn|move: Tailwind\n|upkeep\n|\n|t:|1699673598\n|switch|p2b: Kingambit|Kingambit, M|100\/100\n|-activate|p2b: Kingambit|ability: Supreme Overlord\n|-start|p2b: Kingambit|fallen5|[silent]\n|turn|9\n|\n|t:|1699673616\n|move|p1a: The Word|Protect|p1a: The Word\n|-singleturn|p1a: The Word|Protect\n|move|p2b: Kingambit|Iron Head|p1b: Bouquet\n|-supereffective|p1b: Bouquet\n|-damage|p1b: Bouquet|0 fnt\n|faint|p1b: Bouquet\n|\n|upkeep\n|\n|t:|1699673623\n|switch|p1b: Lost to Snivy|Pikachu-Partner, M|100\/100\n|turn|10\n|\n|t:|1699673630\n|move|p1a: The Word|Protect||[still]\n|-fail|p1a: The Word\n|move|p1b: Lost to Snivy|Nuzzle|p2b: Kingambit\n|-damage|p2b: Kingambit|94\/100\n|-status|p2b: Kingambit|par\n|move|p2b: Kingambit|Kowtow Cleave|p1b: Lost to Snivy\n|-damage|p1b: Lost to Snivy|0 fnt\n|faint|p1b: Lost to Snivy\n|\n|-heal|p2b: Kingambit|100\/100 par|[from] item: Leftovers\n|upkeep\n|turn|11\n|\n|t:|1699673644\n|move|p1a: The Word|Air Slash|p2b: Kingambit\n|-resisted|p2b: Kingambit\n|-damage|p2b: Kingambit|75\/100 par\n|move|p2b: Kingambit|Iron Head|p1a: The Word\n|-supereffective|p1a: The Word\n|-damage|p1a: The Word|0 fnt\n|faint|p1a: The Word\n|\n|win|kaiegurlmao\n|raw|Underpaid Intrn's rating: 1102 &rarr; <strong>1080<\/strong><br \/>(-22 for losing)\n|raw|kaiegurlmao's rating: 1140 &rarr; <strong>1162<\/strong><br \/>(+22 for winning)\n|l|\u2606Underpaid Intrn\n|c|\u2606kaiegurlmao|u actually choked this game so hard\n","uploadtime":1699673661,"views":8,"p1id":"underpaidintrn","p2id":"kaiegurlmao","formatid":"gen9doublesou","rating":1080,"private":0,"password":""}