{"id":"gen9doublesou-1983860171","p1":"gataen42","p2":"robjr","format":"[Gen 9] Doubles OU","log":"|j|\u2606gataen42\n|j|\u2606robjr\n|t:|1699192922\n|gametype|doubles\n|player|p1|gataen42|lass-gen4|\n|player|p2|robjr|#dpl9spectralthieves|\n|teamsize|p1|6\n|teamsize|p2|6\n|gen|9\n|tier|[Gen 9] Doubles OU\n|rule|Species Clause: Limit one of each Pok\u00e9mon\n|rule|OHKO Clause: OHKO moves are banned\n|rule|Evasion Moves Clause: Evasion moves are banned\n|rule|Gravity Sleep Clause: The combination of sleep-inducing moves with imperfect accuracy and Gravity or Gigantamax Orbeetle are banned\n|rule|Endless Battle Clause: Forcing endless battles is banned\n|rule|HP Percentage Mod: HP is shown in percentages\n|clearpoke\n|poke|p1|Diancie|\n|poke|p1|Iron Hands|\n|poke|p1|Rillaboom, F|\n|poke|p1|Ogerpon-Wellspring, F|\n|poke|p1|Heatran, F|\n|poke|p1|Chien-Pao|\n|poke|p2|Palafin, F|\n|poke|p2|Rillaboom, M|\n|poke|p2|Ogerpon-Hearthflame, F|\n|poke|p2|Tornadus, M|\n|poke|p2|Landorus-Therian, M|\n|poke|p2|Gholdengo|\n|teampreview\n|c|\u2606gataen42|hf\n|j|+zoe\n|j|+Yoda2798\n|j| seroo\n|j|+Arcticblast\n|c|\u2606robjr|hf\n|\n|t:|1699192986\n|start\n|switch|p1a: LE LIT|Chien-Pao|100\/100\n|switch|p1b: LA TABLE|Rillaboom, F|100\/100\n|switch|p2a: Ogerpon|Ogerpon-Hearthflame, F|100\/100\n|switch|p2b: Palafin|Palafin, F|100\/100\n|-ability|p1a: LE LIT|Sword of Ruin\n|-ability|p2a: Ogerpon|Mold Breaker\n|-fieldstart|move: Grassy Terrain|[from] ability: Grassy Surge|[of] p1b: LA TABLE\n|turn|1\n|j| CyndaKill-IGT\n|j| Iceberg77\n|inactive|Battle timer is ON: inactive players will automatically lose when time's up. (requested by robjr)\n|j| Toxinalpaca\n|c| CyndaKill-IGT|ALLAIENT LA FRONSSE\n|j| Ninja\n|l| Toxinalpaca\n|inactive|robjr has 270 seconds left.\n|\n|t:|1699193023\n|detailschange|p2b: Palafin|Palafin-Hero, F\n|switch|p2b: Landorus|Landorus-Therian, M, shiny|100\/100\n|-ability|p2b: Landorus|Intimidate|boost\n|-unboost|p1a: LE LIT|atk|1\n|-unboost|p1b: LA TABLE|atk|1\n|move|p1b: LA TABLE|Fake Out|p2a: Ogerpon\n|-damage|p2a: Ogerpon|85\/100\n|move|p1a: LE LIT|Ice Spinner|p2b: Landorus\n|-supereffective|p2b: Landorus\n|-damage|p2b: Landorus|0 fnt\n|-fieldend|move: Grassy Terrain\n|faint|p2b: Landorus\n|-damage|p1a: LE LIT|91\/100|[from] item: Life Orb\n|cant|p2a: Ogerpon|flinch\n|\n|upkeep\n|j| Jello1231\n|j| Givrix\n|j| RelicanthPrimal<><\n|inactive|robjr has 270 seconds left.\n|\n|t:|1699193058\n|switch|p2b: Tornadus|Tornadus, M, shiny|100\/100\n|turn|2\n|j| Nido-Rus\n|j| lemonstre1\n|j| theyummybagel\n|\n|t:|1699193078\n|move|p1a: LE LIT|Protect|p1a: LE LIT\n|-singleturn|p1a: LE LIT|Protect\n|move|p2b: Tornadus|Tailwind|p2b: Tornadus\n|-sidestart|p2: robjr|move: Tailwind\n|move|p2a: Ogerpon|Ivy Cudgel|p1b: LA TABLE\n|-supereffective|p1b: LA TABLE\n|-crit|p1b: LA TABLE\n|-damage|p1b: LA TABLE|0 fnt\n|faint|p1b: LA TABLE\n|\n|upkeep\n|\n|t:|1699193084\n|switch|p1b: L'ARMOIRE|Iron Hands, shiny|100\/100\n|turn|3\n|j| Tenzai\n|j| C0ME ALIV3\n|l| theyummybagel\n|inactive|robjr has 270 seconds left.\n|\n|t:|1699193129\n|switch|p2b: Rillaboom|Rillaboom, M, shiny|100\/100\n|-fieldstart|move: Grassy Terrain|[from] ability: Grassy Surge|[of] p2b: Rillaboom\n|move|p1b: L'ARMOIRE|Fake Out|p2a: Ogerpon\n|-damage|p2a: Ogerpon|58\/100\n|cant|p2a: Ogerpon|flinch\n|move|p1a: LE LIT|Ice Spinner|p2b: Rillaboom\n|-supereffective|p2b: Rillaboom\n|-damage|p2b: Rillaboom|9\/100\n|-fieldend|move: Grassy Terrain\n|-damage|p1a: LE LIT|81\/100|[from] item: Life Orb\n|\n|upkeep\n|turn|4\n|l| C0ME ALIV3\n|inactive|robjr has 270 seconds left.\n|inactive|gataen42 has 270 seconds left.\n|inactive|robjr has 240 seconds left.\n|j| Heerv\n|l| Ninja\n|\n|t:|1699193202\n|switch|p1a: LA CHAISE|Diancie|100\/100\n|-terastallize|p1b: L'ARMOIRE|Fire\n|move|p2b: Rillaboom|Fake Out|p1b: L'ARMOIRE\n|-damage|p1b: L'ARMOIRE|92\/100\n|move|p2a: Ogerpon|Ivy Cudgel|p1b: L'ARMOIRE\n|-resisted|p1b: L'ARMOIRE\n|-damage|p1b: L'ARMOIRE|72\/100\n|cant|p1b: L'ARMOIRE|flinch\n|\n|upkeep\n|turn|5\n|inactive|gataen42 has 270 seconds left.\n|inactive|robjr has 210 seconds left.\n|\n|t:|1699193250\n|switch|p1a: LA LAMPE|Heatran, F|100\/100\n|move|p2a: Ogerpon|Grassy Glide|p1a: LA LAMPE\n|-resisted|p1a: LA LAMPE\n|-damage|p1a: LA LAMPE|93\/100\n|move|p2b: Rillaboom|Wood Hammer|p1a: LA LAMPE\n|-resisted|p1a: LA LAMPE\n|-damage|p1a: LA LAMPE|79\/100\n|-damage|p2b: Rillaboom|5\/100|[from] Recoil\n|move|p1b: L'ARMOIRE|Close Combat|p2a: Ogerpon\n|-damage|p2a: Ogerpon|0 fnt\n|-unboost|p1b: L'ARMOIRE|def|1\n|-unboost|p1b: L'ARMOIRE|spd|1\n|faint|p2a: Ogerpon\n|\n|-heal|p1a: LA LAMPE|85\/100|[from] item: Leftovers\n|-sideend|p2: robjr|move: Tailwind\n|upkeep\n|inactive|robjr has 180 seconds left.\n|\n|t:|1699193284\n|switch|p2a: Palafin|Palafin-Hero, F|100\/100\n|-activate|p2a: Palafin|ability: Zero to Hero\n|turn|6\n|j| Electrovalvula\n|inactive|robjr has 180 seconds left.\n|l| Electrovalvula\n|inactive|robjr has 150 seconds left.\n|\n|t:|1699193348\n|-end|p1b: L'ARMOIRE|Quark Drive|[silent]\n|switch|p1b: LE FRIGO|Ogerpon-Wellspring, F|100\/100\n|move|p1a: LA LAMPE|Protect|p1a: LA LAMPE\n|-singleturn|p1a: LA LAMPE|Protect\n|move|p2a: Palafin|Bulk Up|p2a: Palafin\n|-boost|p2a: Palafin|atk|1\n|-boost|p2a: Palafin|def|1\n|move|p2b: Rillaboom|Wood Hammer|p1b: LE FRIGO\n|-damage|p1b: LE FRIGO|43\/100\n|-damage|p2b: Rillaboom|0 fnt|[from] Recoil\n|faint|p2b: Rillaboom\n|\n|-heal|p1a: LA LAMPE|91\/100|[from] item: Leftovers\n|upkeep\n|\n|t:|1699193366\n|switch|p2b: Tornadus|Tornadus, M, shiny|100\/100\n|turn|7\n|inactive|gataen42 has 270 seconds left.\n|inactive|robjr has 120 seconds left.\n|j| theyummybagel\n|inactive|gataen42 has 240 seconds left.\n|inactive|robjr has 90 seconds left.\n|j| Charmdi\n|l| theyummybagel\n|\n|t:|1699193443\n|move|p1b: LE FRIGO|Spiky Shield|p1b: LE FRIGO\n|-singleturn|p1b: LE FRIGO|move: Protect\n|move|p2a: Palafin|Jet Punch|p1a: LA LAMPE\n|-supereffective|p1a: LA LAMPE\n|-damage|p1a: LA LAMPE|0 fnt\n|faint|p1a: LA LAMPE\n|move|p2b: Tornadus|Bleakwind Storm|p1b: LE FRIGO\n|-activate|p1b: LE FRIGO|move: Protect\n|\n|upkeep\n|\n|t:|1699193455\n|switch|p1a: L'ARMOIRE|Iron Hands, shiny, tera:Fire|72\/100\n|turn|8\n|inactive|gataen42 has 240 seconds left.\n|inactive|robjr has 90 seconds left.\n|j| Xrn\n|inactive|gataen42 has 210 seconds left.\n|\n|t:|1699193513\n|move|p2a: Palafin|Protect|p2a: Palafin\n|-singleturn|p2a: Palafin|Protect\n|move|p1a: L'ARMOIRE|Fake Out|p2b: Tornadus\n|-damage|p2b: Tornadus|79\/100\n|move|p2b: Tornadus|Tailwind|p2b: Tornadus\n|-sidestart|p2: robjr|move: Tailwind\n|move|p1b: LE FRIGO|Horn Leech|p2a: Palafin\n|-activate|p2a: Palafin|move: Protect\n|\n|upkeep\n|turn|9\n|j| RDL93\n|inactive|gataen42 has 210 seconds left.\n|inactive|gataen42 has 180 seconds left.\n|\n|t:|1699193586\n|move|p1b: LE FRIGO|Spiky Shield|p1b: LE FRIGO\n|-singleturn|p1b: LE FRIGO|move: Protect\n|move|p2a: Palafin|Jet Punch|p1a: L'ARMOIRE\n|-supereffective|p1a: L'ARMOIRE\n|-damage|p1a: L'ARMOIRE|0 fnt\n|faint|p1a: L'ARMOIRE\n|-end|p1a: L'ARMOIRE|Quark Drive|[silent]\n|move|p2b: Tornadus|Bleakwind Storm|p1b: LE FRIGO\n|-activate|p1b: LE FRIGO|move: Protect\n|\n|upkeep\n|\n|t:|1699193591\n|switch|p1a: LA CHAISE|Diancie|100\/100\n|turn|10\n|inactive|gataen42 has 180 seconds left.\n|inactive|robjr has 90 seconds left.\n|j| juega persona\n|\n|t:|1699193615\n|move|p1b: LE FRIGO|Follow Me|p1b: LE FRIGO\n|-singleturn|p1b: LE FRIGO|move: Follow Me\n|move|p2a: Palafin|Jet Punch|p1b: LE FRIGO\n|-heal|p1b: LE FRIGO|68\/100|[from] ability: Water Absorb|[of] p2a: Palafin\n|move|p2b: Tornadus|Bleakwind Storm|p1a: LA CHAISE|[spread] p1a,p1b\n|-resisted|p1a: LA CHAISE\n|-supereffective|p1b: LE FRIGO\n|-damage|p1a: LA CHAISE|89\/100\n|-damage|p1b: LE FRIGO|10\/100\n|move|p1a: LA CHAISE|Trick Room|p1a: LA CHAISE\n|-fieldstart|move: Trick Room|[of] p1a: LA CHAISE\n|\n|upkeep\n|turn|11\n|inactive|robjr has 90 seconds left.\n|\n|t:|1699193642\n|switch|p2b: Gholdengo|Gholdengo|100\/100\n|move|p2a: Palafin|Protect|p2a: Palafin\n|-singleturn|p2a: Palafin|Protect\n|move|p1b: LE FRIGO|Follow Me|p1b: LE FRIGO\n|-singleturn|p1b: LE FRIGO|move: Follow Me\n|move|p1a: LA CHAISE|Diamond Storm|p2b: Gholdengo|[spread] p2b\n|-activate|p2a: Palafin|move: Protect\n|-resisted|p2b: Gholdengo\n|-damage|p2b: Gholdengo|82\/100\n|-boost|p1a: LA CHAISE|def|2\n|\n|-heal|p2b: Gholdengo|88\/100|[from] item: Leftovers\n|-sideend|p2: robjr|move: Tailwind\n|upkeep\n|turn|12\n|j| noelleee\n|inactive|gataen42 has 210 seconds left.\n|l| noelleee\n|inactive|robjr has 90 seconds left.\n|\n|t:|1699193670\n|move|p1a: LA CHAISE|Protect|p1a: LA CHAISE\n|-singleturn|p1a: LA CHAISE|Protect\n|move|p2b: Gholdengo|Make It Rain|p1b: LE FRIGO|[spread] p1b\n|-activate|p1a: LA CHAISE|move: Protect\n|-resisted|p1b: LE FRIGO\n|-damage|p1b: LE FRIGO|0 fnt\n|-unboost|p2b: Gholdengo|spa|1\n|faint|p1b: LE FRIGO\n|move|p2a: Palafin|Bulk Up|p2a: Palafin\n|-boost|p2a: Palafin|atk|1\n|-boost|p2a: Palafin|def|1\n|\n|-heal|p2b: Gholdengo|94\/100|[from] item: Leftovers\n|upkeep\n|\n|t:|1699193677\n|switch|p1b: LE LIT|Chien-Pao|81\/100\n|-ability|p1b: LE LIT|Sword of Ruin\n|turn|13\n|\n|t:|1699193685\n|move|p1b: LE LIT|Protect|p1b: LE LIT\n|-singleturn|p1b: LE LIT|Protect\n|move|p2a: Palafin|Jet Punch|p1b: LE LIT\n|-activate|p1b: LE LIT|move: Protect\n|move|p1a: LA CHAISE|Body Press|p2a: Palafin\n|-damage|p2a: Palafin|74\/100\n|move|p2b: Gholdengo|Make It Rain|p1a: LA CHAISE|[spread] p1a\n|-activate|p1b: LE LIT|move: Protect\n|-supereffective|p1a: LA CHAISE\n|-damage|p1a: LA CHAISE|6\/100\n|-unboost|p2b: Gholdengo|spa|1\n|\n|-heal|p2b: Gholdengo|99\/100|[from] item: Leftovers\n|upkeep\n|turn|14\n|inactive|gataen42 has 240 seconds left.\n|l| Heerv\n|\n|t:|1699193705\n|-terastallize|p2a: Palafin|Fighting\n|move|p2a: Palafin|Jet Punch|p1a: LA CHAISE\n|-supereffective|p1a: LA CHAISE\n|-damage|p1a: LA CHAISE|0 fnt\n|faint|p1a: LA CHAISE\n|move|p1b: LE LIT|Sucker Punch|p2b: Gholdengo\n|-supereffective|p2b: Gholdengo\n|-damage|p2b: Gholdengo|0 fnt\n|faint|p2b: Gholdengo\n|-damage|p1b: LE LIT|71\/100|[from] item: Life Orb\n|\n|-fieldend|move: Trick Room\n|upkeep\n|\n|t:|1699193710\n|switch|p2b: Tornadus|Tornadus, M, shiny|79\/100\n|turn|15\n|j| elagic\n|\n|t:|1699193719\n|move|p2b: Tornadus|Tailwind|p2b: Tornadus\n|-sidestart|p2: robjr|move: Tailwind\n|move|p2a: Palafin|Drain Punch|p1b: LE LIT\n|-supereffective|p1b: LE LIT\n|-damage|p1b: LE LIT|0 fnt\n|-heal|p2a: Palafin|100\/100|[from] drain|[of] p1b: LE LIT\n|faint|p1b: LE LIT\n|\n|win|robjr\n|c|\u2606gataen42|gg\n|l| lemonstre1\n|c|\u2606robjr|gg\n|l|+Arcticblast\n|l| RDL93\n|l| RelicanthPrimal<><\n|l| CyndaKill-IGT\n|l| seroo\n|l|+Yoda2798\n|j| ratpacker\n|l| ratpacker\n|j| ratpacker\n|l|\u2606robjr\n|l|\u2606gataen42\n|l| juega persona\n|j| ina fable.\n|l| ratpacker\n|l|+zoe\n|j|\u2606robjr\n|player|p2|robjr|#dpl9spectralthieves\n","uploadtime":1699193727,"views":75,"p1id":"gataen42","p2id":"robjr","formatid":"gen9doublesou","rating":0,"private":0,"password":""}