{"id":"gen9doublesou-1970570698","p1":"RogueLax","p2":"JBUG0617","format":"[Gen 9] Doubles OU","log":"|j|\u2606RogueLax\n|j|\u2606JBUG0617\n|t:|1697649197\n|gametype|doubles\n|player|p1|RogueLax|pokemaniac|\n|player|p2|JBUG0617|grimsley|\n|teamsize|p1|6\n|teamsize|p2|6\n|gen|9\n|tier|[Gen 9] Doubles OU\n|rule|Species Clause: Limit one of each Pok\u00e9mon\n|rule|OHKO Clause: OHKO moves are banned\n|rule|Evasion Moves Clause: Evasion moves are banned\n|rule|Gravity Sleep Clause: The combination of sleep-inducing moves with imperfect accuracy and Gravity or Gigantamax Orbeetle are banned\n|rule|Endless Battle Clause: Forcing endless battles is banned\n|rule|HP Percentage Mod: HP is shown in percentages\n|clearpoke\n|poke|p1|Ninetales-Alola, F|\n|poke|p1|Tornadus, M|\n|poke|p1|Iron Hands|\n|poke|p1|Sliggoo-Hisui, F|\n|poke|p1|Slowking-Galar, F|\n|poke|p1|Empoleon, M|\n|poke|p2|Ninetales-Alola, M|\n|poke|p2|Tornadus, M|\n|poke|p2|Ogerpon-Hearthflame, F|\n|poke|p2|Iron Hands|\n|poke|p2|Sliggoo-Hisui, M|\n|poke|p2|Basculegion-F, F|\n|teampreview\n|inactive|Battle timer is ON: inactive players will automatically lose when time's up. (requested by JBUG0617)\n|\n|t:|1697649210\n|start\n|switch|p1a: Sliggoo|Sliggoo-Hisui, F|100\/100\n|switch|p1b: Slowking|Slowking-Galar, F|100\/100\n|switch|p2a: Ninetales|Ninetales-Alola, M|100\/100\n|switch|p2b: Ogerpon|Ogerpon-Hearthflame, F|100\/100\n|-ability|p2b: Ogerpon|Mold Breaker\n|-weather|Snow|[from] ability: Snow Warning|[of] p2a: Ninetales\n|turn|1\n|inactive|RogueLax has 270 seconds left.\n|\n|t:|1697649240\n|-terastallize|p2a: Ninetales|Steel\n|move|p2b: Ogerpon|Stomping Tantrum|p1b: Slowking\n|-supereffective|p1b: Slowking\n|-damage|p1b: Slowking|46\/100\n|move|p2a: Ninetales|Aurora Veil|p2a: Ninetales\n|-sidestart|p2: JBUG0617|move: Aurora Veil\n|move|p1a: Sliggoo|Gyro Ball|p2a: Ninetales\n|-resisted|p2a: Ninetales\n|-damage|p2a: Ninetales|84\/100\n|move|p1b: Slowking|Trick Room|p1b: Slowking\n|-fieldstart|move: Trick Room|[of] p1b: Slowking\n|\n|-weather|Snow|[upkeep]\n|-heal|p1b: Slowking|52\/100|[from] item: Leftovers\n|upkeep\n|turn|2\n|\n|t:|1697649267\n|switch|p2a: Sliggoo|Sliggoo-Hisui, M|100\/100\n|move|p2b: Ogerpon|Spiky Shield|p2b: Ogerpon\n|-singleturn|p2b: Ogerpon|move: Protect\n|move|p1a: Sliggoo|Curse|p1a: Sliggoo\n|-unboost|p1a: Sliggoo|spe|1\n|-boost|p1a: Sliggoo|atk|1\n|-boost|p1a: Sliggoo|def|1\n|move|p1b: Slowking|Toxic Spikes|p2a: Sliggoo\n|-sidestart|p2: JBUG0617|move: Toxic Spikes\n|\n|-weather|Snow|[upkeep]\n|-heal|p1b: Slowking|58\/100|[from] item: Leftovers\n|upkeep\n|turn|3\n|inactive|RogueLax has 270 seconds left.\n|\n|t:|1697649304\n|move|p2b: Ogerpon|Spiky Shield||[still]\n|-fail|p2b: Ogerpon\n|move|p1a: Sliggoo|Outrage|p2a: Sliggoo\n|-damage|p2a: Sliggoo|73\/100\n|-ability|p2a: Sliggoo|Gooey\n|-unboost|p1a: Sliggoo|spe|1\n|move|p2a: Sliggoo|Curse|p2a: Sliggoo\n|-unboost|p2a: Sliggoo|spe|1\n|-boost|p2a: Sliggoo|atk|1\n|-boost|p2a: Sliggoo|def|1\n|move|p1b: Slowking|Sludge Bomb|p2b: Ogerpon\n|-supereffective|p2b: Ogerpon\n|-damage|p2b: Ogerpon|39\/100\n|\n|-weather|Snow|[upkeep]\n|-heal|p1b: Slowking|64\/100|[from] item: Leftovers\n|upkeep\n|turn|4\n|\n|t:|1697649328\n|move|p1a: Sliggoo|Outrage|p2a: Sliggoo|[from]lockedmove\n|-damage|p2a: Sliggoo|54\/100\n|-ability|p2a: Sliggoo|Gooey\n|-unboost|p1a: Sliggoo|spe|1\n|move|p2a: Sliggoo|Life Dew|p2a: Sliggoo|[spread] p2a,p2b\n|-heal|p2a: Sliggoo|79\/100\n|-heal|p2b: Ogerpon|64\/100\n|move|p1b: Slowking|Sludge Bomb|p2b: Ogerpon\n|-supereffective|p2b: Ogerpon\n|-crit|p2b: Ogerpon\n|-damage|p2b: Ogerpon|0 fnt\n|faint|p2b: Ogerpon\n|\n|-weather|Snow|[upkeep]\n|-heal|p1b: Slowking|70\/100|[from] item: Leftovers\n|upkeep\n|c|\u2606JBUG0617|crit\n|c|\u2606JBUG0617|g\n|c|\u2606JBUG0617|g\n|inactive|JBUG0617 has 270 seconds left.\n|c|\u2606RogueLax|needed it\n|\n|t:|1697649356\n|switch|p2b: Iron Hands|Iron Hands|100\/100\n|-status|p2b: Iron Hands|psn\n|turn|5\n|inactive|JBUG0617 has 270 seconds left.\n|inactive|RogueLax has 270 seconds left.\n|\n|t:|1697649392\n|move|p1a: Sliggoo|Outrage|p2b: Iron Hands|[from]lockedmove\n|-damage|p2b: Iron Hands|76\/100 psn\n|-start|p1a: Sliggoo|confusion|[fatigue]\n|move|p2a: Sliggoo|Curse|p2a: Sliggoo\n|-unboost|p2a: Sliggoo|spe|1\n|-boost|p2a: Sliggoo|atk|1\n|-boost|p2a: Sliggoo|def|1\n|move|p1b: Slowking|Psychic|p2b: Iron Hands\n|-supereffective|p2b: Iron Hands\n|-damage|p2b: Iron Hands|47\/100 psn\n|move|p2b: Iron Hands|Close Combat|p1a: Sliggoo\n|-supereffective|p1a: Sliggoo\n|-damage|p1a: Sliggoo|24\/100\n|-unboost|p2b: Iron Hands|def|1\n|-unboost|p2b: Iron Hands|spd|1\n|-ability|p1a: Sliggoo|Gooey\n|-unboost|p2b: Iron Hands|spe|1\n|\n|-weather|none\n|-heal|p1b: Slowking|76\/100|[from] item: Leftovers\n|-damage|p2b: Iron Hands|34\/100 psn|[from] psn\n|-fieldend|move: Trick Room\n|upkeep\n|turn|6\n|inactive|JBUG0617 has 270 seconds left.\n|\n|t:|1697649424\n|move|p2b: Iron Hands|Close Combat|p1a: Sliggoo\n|-supereffective|p1a: Sliggoo\n|-damage|p1a: Sliggoo|0 fnt\n|-unboost|p2b: Iron Hands|def|1\n|-unboost|p2b: Iron Hands|spd|1\n|-ability|p1a: Sliggoo|Gooey\n|-unboost|p2b: Iron Hands|spe|1\n|faint|p1a: Sliggoo\n|move|p2a: Sliggoo|Curse|p2a: Sliggoo\n|-unboost|p2a: Sliggoo|spe|1\n|-boost|p2a: Sliggoo|atk|1\n|-boost|p2a: Sliggoo|def|1\n|move|p1b: Slowking|Trick Room|p1b: Slowking\n|-fieldstart|move: Trick Room|[of] p1b: Slowking\n|\n|-heal|p1b: Slowking|82\/100|[from] item: Leftovers\n|-damage|p2b: Iron Hands|22\/100 psn|[from] psn\n|upkeep\n|inactive|RogueLax has 270 seconds left.\n|\n|t:|1697649438\n|switch|p1a: Ninetales|Ninetales-Alola, F|100\/100\n|-weather|Snow|[from] ability: Snow Warning|[of] p1a: Ninetales\n|turn|7\n|inactive|JBUG0617 has 270 seconds left.\n|\n|t:|1697649465\n|-terastallize|p1a: Ninetales|Steel\n|move|p2a: Sliggoo|Gyro Ball|p1a: Ninetales\n|-resisted|p1a: Ninetales\n|-damage|p1a: Ninetales|46\/100\n|move|p2b: Iron Hands|Close Combat|p1a: Ninetales\n|-supereffective|p1a: Ninetales\n|-damage|p1a: Ninetales|0 fnt\n|-unboost|p2b: Iron Hands|def|1\n|-unboost|p2b: Iron Hands|spd|1\n|faint|p1a: Ninetales\n|move|p1b: Slowking|Psychic|p2b: Iron Hands\n|-supereffective|p2b: Iron Hands\n|-damage|p2b: Iron Hands|0 fnt\n|faint|p2b: Iron Hands\n|-end|p2b: Iron Hands|Quark Drive|[silent]\n|\n|-weather|Snow|[upkeep]\n|-heal|p1b: Slowking|88\/100|[from] item: Leftovers\n|upkeep\n|\n|t:|1697649488\n|switch|p2b: Tornadus|Tornadus, M|100\/100\n|switch|p1a: Iron Hands|Iron Hands|100\/100\n|turn|8\n|\n|t:|1697649509\n|move|p2a: Sliggoo|Draco Meteor|p1a: Iron Hands\n|-damage|p1a: Iron Hands|82\/100\n|-unboost|p2a: Sliggoo|spa|2\n|move|p1b: Slowking|Psychic|p2b: Tornadus\n|-damage|p2b: Tornadus|73\/100\n|move|p1a: Iron Hands|Close Combat|p2a: Sliggoo\n|-supereffective|p2a: Sliggoo\n|-damage|p2a: Sliggoo|45\/100\n|-unboost|p1a: Iron Hands|def|1\n|-unboost|p1a: Iron Hands|spd|1\n|-ability|p2a: Sliggoo|Gooey\n|-unboost|p1a: Iron Hands|spe|1\n|move|p2b: Tornadus|Bleakwind Storm|p1a: Iron Hands|[spread] p1a,p1b\n|-damage|p1a: Iron Hands|58\/100\n|-damage|p1b: Slowking|65\/100\n|-unboost|p1b: Slowking|spe|1\n|\n|-weather|Snow|[upkeep]\n|-heal|p1b: Slowking|71\/100|[from] item: Leftovers\n|-heal|p2b: Tornadus|79\/100|[from] item: Leftovers\n|-sideend|p2: JBUG0617|move: Aurora Veil\n|upkeep\n|turn|9\n|inactive|JBUG0617 has 270 seconds left.\n|\n|t:|1697649540\n|move|p2b: Tornadus|Tailwind|p2b: Tornadus\n|-sidestart|p2: JBUG0617|move: Tailwind\n|move|p2a: Sliggoo|Life Dew|p2a: Sliggoo|[spread] p2a,p2b\n|-heal|p2a: Sliggoo|70\/100\n|-heal|p2b: Tornadus|100\/100\n|move|p1b: Slowking|Psychic|p2a: Sliggoo\n|-resisted|p2a: Sliggoo\n|-damage|p2a: Sliggoo|61\/100\n|move|p1a: Iron Hands|Thunder Punch|p2b: Tornadus\n|-supereffective|p2b: Tornadus\n|-damage|p2b: Tornadus|0 fnt\n|faint|p2b: Tornadus\n|\n|-weather|Snow|[upkeep]\n|-heal|p1b: Slowking|77\/100|[from] item: Leftovers\n|upkeep\n|inactive|JBUG0617 has 270 seconds left.\n|\n|t:|1697649545\n|switch|p2b: Basculegion|Basculegion-F, F|100\/100\n|-status|p2b: Basculegion|psn\n|turn|10\n|inactive|JBUG0617 has 270 seconds left.\n|\n|t:|1697649579\n|move|p2a: Sliggoo|Gyro Ball|p1b: Slowking\n|-damage|p1b: Slowking|59\/100\n|move|p1b: Slowking|Sludge Bomb|p2b: Basculegion\n|-resisted|p2b: Basculegion\n|-damage|p2b: Basculegion|77\/100 psn\n|move|p1a: Iron Hands|Close Combat|p2a: Sliggoo\n|-supereffective|p2a: Sliggoo\n|-damage|p2a: Sliggoo|12\/100\n|-unboost|p1a: Iron Hands|def|1\n|-unboost|p1a: Iron Hands|spd|1\n|-ability|p2a: Sliggoo|Gooey\n|-unboost|p1a: Iron Hands|spe|1\n|move|p2b: Basculegion|Hydro Pump|p1a: Iron Hands|[miss]\n|-miss|p2b: Basculegion|p1a: Iron Hands\n|\n|-weather|Snow|[upkeep]\n|-heal|p1b: Slowking|65\/100|[from] item: Leftovers\n|-damage|p2b: Basculegion|65\/100 psn|[from] psn\n|-fieldend|move: Trick Room\n|upkeep\n|turn|11\n|inactive|JBUG0617 has 270 seconds left.\n|\n|t:|1697649602\n|move|p2b: Basculegion|Hydro Pump|p1a: Iron Hands\n|-damage|p1a: Iron Hands|0 fnt\n|faint|p1a: Iron Hands\n|-end|p1a: Iron Hands|Quark Drive|[silent]\n|move|p2a: Sliggoo|Life Dew|p2a: Sliggoo|[spread] p2a,p2b\n|-heal|p2a: Sliggoo|37\/100\n|-heal|p2b: Basculegion|90\/100 psn\n|move|p1b: Slowking|Trick Room|p1b: Slowking\n|-fieldstart|move: Trick Room|[of] p1b: Slowking\n|\n|-weather|none\n|-heal|p1b: Slowking|71\/100|[from] item: Leftovers\n|-damage|p2b: Basculegion|77\/100 psn|[from] psn\n|upkeep\n|\n|t:|1697649610\n|switch|p1a: Tornadus|Tornadus, M|100\/100\n|turn|12\n|\n|t:|1697649622\n|move|p2a: Sliggoo|Gyro Ball|p1a: Tornadus\n|-damage|p1a: Tornadus|0 fnt\n|faint|p1a: Tornadus\n|move|p1b: Slowking|Psychic|p2b: Basculegion\n|-damage|p2b: Basculegion|29\/100 psn\n|move|p2b: Basculegion|Hydro Pump|p1b: Slowking\n|-damage|p1b: Slowking|0 fnt\n|faint|p1b: Slowking\n|\n|-damage|p2b: Basculegion|17\/100 psn|[from] psn\n|-sideend|p2: JBUG0617|move: Tailwind\n|upkeep\n|c|\u2606RogueLax|bro  that basulin crazy\n|\n|t:|1697649644\n|switch|p1a: Empoleon|Empoleon, M|100\/100\n|turn|13\n|\n|t:|1697649663\n|move|p2a: Sliggoo|Life Dew|p2a: Sliggoo|[spread] p2a,p2b\n|-heal|p2a: Sliggoo|62\/100\n|-heal|p2b: Basculegion|42\/100 psn\n|move|p1a: Empoleon|Liquidation|p2a: Sliggoo\n|-resisted|p2a: Sliggoo\n|-damage|p2a: Sliggoo|57\/100\n|-ability|p2a: Sliggoo|Gooey\n|-unboost|p1a: Empoleon|spe|1\n|move|p2b: Basculegion|Hydro Pump|p1a: Empoleon\n|-resisted|p1a: Empoleon\n|-damage|p1a: Empoleon|54\/100\n|\n|-damage|p2b: Basculegion|30\/100 psn|[from] psn\n|upkeep\n|turn|14\n|\n|t:|1697649675\n|move|p2a: Sliggoo|Life Dew|p2a: Sliggoo|[spread] p2a,p2b\n|-heal|p2a: Sliggoo|82\/100\n|-heal|p2b: Basculegion|55\/100 psn\n|move|p1a: Empoleon|Dual Wingbeat|p2b: Basculegion\n|-damage|p2b: Basculegion|41\/100 psn\n|-damage|p2b: Basculegion|25\/100 psn\n|-hitcount|p2b: Basculegion|2\n|move|p2b: Basculegion|Hydro Pump|p1a: Empoleon\n|-resisted|p1a: Empoleon\n|-damage|p1a: Empoleon|5\/100\n|-enditem|p1a: Empoleon|Sitrus Berry|[eat]\n|-heal|p1a: Empoleon|30\/100|[from] item: Sitrus Berry\n|\n|-damage|p2b: Basculegion|13\/100 psn|[from] psn\n|upkeep\n|turn|15\n|\n|t:|1697649690\n|move|p2a: Sliggoo|Life Dew|p2a: Sliggoo|[spread] p2a,p2b\n|-heal|p2a: Sliggoo|100\/100\n|-heal|p2b: Basculegion|38\/100 psn\n|move|p1a: Empoleon|Roost|p1a: Empoleon\n|-heal|p1a: Empoleon|80\/100\n|-singleturn|p1a: Empoleon|move: Roost\n|move|p2b: Basculegion|Hydro Pump|p1a: Empoleon\n|-resisted|p1a: Empoleon\n|-damage|p1a: Empoleon|28\/100\n|\n|-damage|p2b: Basculegion|25\/100 psn|[from] psn\n|-fieldend|move: Trick Room\n|upkeep\n|turn|16\n|\n|t:|1697649699\n|move|p2b: Basculegion|Hydro Pump|p1a: Empoleon\n|-resisted|p1a: Empoleon\n|-damage|p1a: Empoleon|0 fnt\n|faint|p1a: Empoleon\n|\n|win|JBUG0617\n|l|\u2606RogueLax\n","uploadtime":1697649936,"views":16,"p1id":"roguelax","p2id":"jbug0617","formatid":"gen9doublesou","rating":0,"private":0,"password":""}