{"id":"gen9doublesou-1987335102","p1":"truewick","p2":"papi de quatro","format":"[Gen 9] Doubles OU","log":"|j|\u2606truewick\n|j|\u2606papi de quatro\n|t:|1699578812\n|gametype|doubles\n|player|p1|truewick|1|1237\n|player|p2|papi de quatro|102|1345\n|teamsize|p1|6\n|teamsize|p2|6\n|gen|9\n|tier|[Gen 9] Doubles OU\n|rated|\n|rule|Species Clause: Limit one of each Pok\u00e9mon\n|rule|OHKO Clause: OHKO moves are banned\n|rule|Evasion Moves Clause: Evasion moves are banned\n|rule|Gravity Sleep Clause: The combination of sleep-inducing moves with imperfect accuracy and Gravity or Gigantamax Orbeetle are banned\n|rule|Endless Battle Clause: Forcing endless battles is banned\n|rule|HP Percentage Mod: HP is shown in percentages\n|clearpoke\n|poke|p1|Conkeldurr, M|\n|poke|p1|Kingambit, M|\n|poke|p1|Sinistcha|\n|poke|p1|Amoonguss, F|\n|poke|p1|Iron Hands|\n|poke|p1|Landorus-Therian, M|\n|poke|p2|Indeedee-F, F|\n|poke|p2|Polteageist|\n|poke|p2|Hatterene, F|\n|poke|p2|Farigiraf, M|\n|poke|p2|Ursaluna, F|\n|poke|p2|Kingambit, F|\n|teampreview\n|\n|t:|1699578826\n|start\n|switch|p1a: Amoonguss|Amoonguss, F|100\/100\n|switch|p1b: Conkeldurr|Conkeldurr, M|100\/100\n|switch|p2a: Indeedee|Indeedee-F, F|100\/100\n|switch|p2b: Polteageist|Polteageist, shiny|100\/100\n|-fieldstart|move: Psychic Terrain|[from] ability: Psychic Surge|[of] p2a: Indeedee\n|turn|1\n|\n|t:|1699578844\n|move|p1b: Conkeldurr|Protect|p1b: Conkeldurr\n|-singleturn|p1b: Conkeldurr|Protect\n|move|p2a: Indeedee|Follow Me|p2a: Indeedee\n|-singleturn|p2a: Indeedee|move: Follow Me\n|move|p2b: Polteageist|Shell Smash|p2b: Polteageist\n|-unboost|p2b: Polteageist|def|1\n|-unboost|p2b: Polteageist|spd|1\n|-boost|p2b: Polteageist|atk|2\n|-boost|p2b: Polteageist|spa|2\n|-boost|p2b: Polteageist|spe|2\n|-enditem|p2b: Polteageist|White Herb\n|-clearnegativeboost|p2b: Polteageist|[silent]\n|move|p1a: Amoonguss|Spore|p2a: Indeedee\n|-status|p2a: Indeedee|slp|[from] move: Spore\n|\n|-status|p1b: Conkeldurr|brn|[from] item: Flame Orb\n|upkeep\n|turn|2\n|\n|t:|1699578863\n|move|p2b: Polteageist|Stored Power|p1b: Conkeldurr\n|-supereffective|p1b: Conkeldurr\n|-damage|p1b: Conkeldurr|0 fnt\n|faint|p1b: Conkeldurr\n|cant|p2a: Indeedee|slp\n|move|p1a: Amoonguss|Spore|p2b: Polteageist\n|-status|p2b: Polteageist|slp|[from] move: Spore\n|\n|upkeep\n|\n|t:|1699578877\n|switch|p1b: Kingambit|Kingambit, M|100\/100\n|-activate|p1b: Kingambit|ability: Supreme Overlord\n|-start|p1b: Kingambit|fallen1|[silent]\n|turn|3\n|\n|t:|1699578893\n|move|p1a: Amoonguss|Protect|p1a: Amoonguss\n|-singleturn|p1a: Amoonguss|Protect\n|-curestatus|p2a: Indeedee|slp|[msg]\n|move|p2a: Indeedee|Follow Me|p2a: Indeedee\n|-singleturn|p2a: Indeedee|move: Follow Me\n|cant|p2b: Polteageist|slp\n|move|p1b: Kingambit|Kowtow Cleave|p2a: Indeedee\n|-supereffective|p2a: Indeedee\n|-damage|p2a: Indeedee|0 fnt\n|faint|p2a: Indeedee\n|\n|upkeep\n|\n|t:|1699578908\n|switch|p2a: Kingambit|Kingambit, F|100\/100\n|-activate|p2a: Kingambit|ability: Supreme Overlord\n|-start|p2a: Kingambit|fallen1|[silent]\n|turn|4\n|\n|t:|1699578927\n|cant|p2b: Polteageist|slp\n|move|p1b: Kingambit|Kowtow Cleave|p2b: Polteageist\n|-supereffective|p2b: Polteageist\n|-damage|p2b: Polteageist|0 fnt\n|faint|p2b: Polteageist\n|move|p2a: Kingambit|Low Kick|p1b: Kingambit\n|-supereffective|p1b: Kingambit\n|-damage|p1b: Kingambit|0 fnt\n|faint|p1b: Kingambit\n|-end|p1b: Kingambit|fallen1|[silent]\n|move|p1a: Amoonguss|Spore|p2a: Kingambit\n|-status|p2a: Kingambit|slp|[from] move: Spore\n|\n|upkeep\n|\n|t:|1699578947\n|switch|p2b: Hatterene|Hatterene, F|100\/100\n|switch|p1b: Landorus|Landorus-Therian, M|100\/100\n|-ability|p1b: Landorus|Intimidate|boost\n|-unboost|p2a: Kingambit|atk|1\n|-unboost|p2b: Hatterene|atk|1\n|turn|5\n|\n|t:|1699578962\n|-end|p2a: Kingambit|fallen1|[silent]\n|switch|p2a: Ursaluna|Ursaluna, F|100\/100\n|move|p1b: Landorus|U-turn|p2a: Ursaluna\n|-damage|p2a: Ursaluna|80\/100\n|\n|t:|1699578967\n|switch|p1b: Iron Hands|Iron Hands|100\/100|[from] U-turn\n|-enditem|p1b: Iron Hands|Booster Energy\n|-activate|p1b: Iron Hands|ability: Quark Drive|[fromitem]\n|-start|p1b: Iron Hands|quarkdriveatk\n|move|p1a: Amoonguss|Spore|p2b: Hatterene\n|move|p2b: Hatterene|Spore|p1a: Amoonguss|[from]ability: Magic Bounce\n|-immune|p1a: Amoonguss\n|move|p2b: Hatterene|Trick Room|p2b: Hatterene\n|-fieldstart|move: Trick Room|[of] p2b: Hatterene\n|\n|-fieldend|move: Psychic Terrain\n|-status|p2a: Ursaluna|brn|[from] item: Flame Orb\n|upkeep\n|turn|6\n|\n|t:|1699578988\n|move|p1b: Iron Hands|Fake Out|p2a: Ursaluna\n|-damage|p2a: Ursaluna|65\/100 brn\n|move|p2b: Hatterene|Draining Kiss|p1b: Iron Hands\n|-supereffective|p1b: Iron Hands\n|-damage|p1b: Iron Hands|42\/100\n|move|p1a: Amoonguss|Spore||[still]\n|-fail|p1a: Amoonguss\n|cant|p2a: Ursaluna|flinch\n|\n|-damage|p2a: Ursaluna|59\/100 brn|[from] brn\n|upkeep\n|turn|7\n|\n|t:|1699579005\n|move|p2b: Hatterene|Draining Kiss|p1b: Iron Hands\n|-supereffective|p1b: Iron Hands\n|-damage|p1b: Iron Hands|0 fnt\n|faint|p1b: Iron Hands\n|-end|p1b: Iron Hands|Quark Drive|[silent]\n|move|p1a: Amoonguss|Spore||[still]\n|-fail|p1a: Amoonguss\n|move|p2a: Ursaluna|Facade|p1a: Amoonguss\n|-crit|p1a: Amoonguss\n|-damage|p1a: Amoonguss|0 fnt\n|faint|p1a: Amoonguss\n|\n|-damage|p2a: Ursaluna|53\/100 brn|[from] brn\n|upkeep\n|\n|t:|1699579019\n|switch|p1a: Landorus|Landorus-Therian, M|100\/100\n|switch|p1b: Sinistcha|Sinistcha|100\/100\n|-ability|p1a: Landorus|Intimidate|boost\n|-unboost|p2a: Ursaluna|atk|1\n|-unboost|p2b: Hatterene|atk|1\n|turn|8\n|\n|t:|1699579042\n|move|p1b: Sinistcha|Protect|p1b: Sinistcha\n|-singleturn|p1b: Sinistcha|Protect\n|move|p2b: Hatterene|Draining Kiss|p1b: Sinistcha\n|-activate|p1b: Sinistcha|move: Protect\n|move|p2a: Ursaluna|Ice Punch|p1a: Landorus\n|-supereffective|p1a: Landorus\n|-damage|p1a: Landorus|0 fnt\n|faint|p1a: Landorus\n|\n|-damage|p2a: Ursaluna|46\/100 brn|[from] brn\n|upkeep\n|turn|9\n|-message|truewick forfeited.\n|\n|win|papi de quatro\n|raw|truewick's rating: 1237 &rarr; <strong>1220<\/strong><br \/>(-17 for losing)\n|raw|papi de quatro's rating: 1345 &rarr; <strong>1359<\/strong><br \/>(+14 for winning)\n|l|\u2606truewick\n","uploadtime":1699579060,"views":6,"p1id":"truewick","p2id":"papidequatro","formatid":"gen9doublesou","rating":1220,"private":0,"password":""}