{"id":"gen9doublesou-1995981011","p1":"Needy Charizard","p2":"kirigayaxr","format":"[Gen 9] Doubles OU","log":"|j|\u2606Needy Charizard\n|j|\u2606kirigayaxr\n|t:|1700624887\n|gametype|doubles\n|player|p1|Needy Charizard|1|1242\n|player|p2|kirigayaxr|1|1339\n|teamsize|p1|6\n|teamsize|p2|6\n|gen|9\n|tier|[Gen 9] Doubles OU\n|rated|\n|rule|Species Clause: Limit one of each Pok\u00e9mon\n|rule|OHKO Clause: OHKO moves are banned\n|rule|Evasion Moves Clause: Evasion moves are banned\n|rule|Gravity Sleep Clause: The combination of sleep-inducing moves with imperfect accuracy and Gravity or Gigantamax Orbeetle are banned\n|rule|Endless Battle Clause: Forcing endless battles is banned\n|rule|HP Percentage Mod: HP is shown in percentages\n|clearpoke\n|poke|p1|Murkrow, F|\n|poke|p1|Gholdengo|\n|poke|p1|Kommo-o, F|\n|poke|p1|Clefairy, F|\n|poke|p1|Sinistcha|\n|poke|p1|Armarouge, M|\n|poke|p2|Kommo-o, M|\n|poke|p2|Indeedee-F, F|\n|poke|p2|Empoleon, F|\n|poke|p2|Landorus-Therian, M|\n|poke|p2|Ogerpon-Wellspring, F|\n|poke|p2|Iron Hands|\n|teampreview\n|\n|t:|1700624897\n|start\n|switch|p1a: Murkrow|Murkrow, F|100\/100\n|switch|p1b: Gholdengo|Gholdengo, shiny|100\/100\n|switch|p2a: Ferropato|Empoleon, F|100\/100\n|switch|p2b: Landorus|Landorus-Therian, M|100\/100\n|-ability|p2b: Landorus|Intimidate|boost\n|-unboost|p1a: Murkrow|atk|1\n|-unboost|p1b: Gholdengo|atk|1\n|turn|1\n|inactive|Battle timer is ON: inactive players will automatically lose when time's up. (requested by kirigayaxr)\n|\n|t:|1700624912\n|-terastallize|p1b: Gholdengo|Steel\n|move|p1a: Murkrow|Tailwind|p1a: Murkrow\n|-sidestart|p1: Needy Charizard|move: Tailwind\n|move|p1b: Gholdengo|Make It Rain|p2a: Ferropato|[spread] p2a,p2b\n|-resisted|p2a: Ferropato\n|-damage|p2a: Ferropato|75\/100\n|-damage|p2b: Landorus|13\/100\n|-unboost|p1b: Gholdengo|spa|1\n|move|p2b: Landorus|Stomping Tantrum|p1b: Gholdengo\n|-supereffective|p1b: Gholdengo\n|-damage|p1b: Gholdengo|0 fnt\n|faint|p1b: Gholdengo\n|move|p2a: Ferropato|Icy Wind|p1a: Murkrow\n|-supereffective|p1a: Murkrow\n|-damage|p1a: Murkrow|28\/100\n|-unboost|p1a: Murkrow|spe|1\n|\n|-heal|p2a: Ferropato|81\/100|[from] item: Leftovers\n|upkeep\n|\n|t:|1700624929\n|switch|p1b: Armarouge|Armarouge, M|100\/100\n|turn|2\n|\n|t:|1700624938\n|move|p1a: Murkrow|Protect|p1a: Murkrow\n|-singleturn|p1a: Murkrow|Protect\n|move|p1b: Armarouge|Armor Cannon|p2a: Ferropato\n|-damage|p2a: Ferropato|7\/100\n|-unboost|p1b: Armarouge|def|1\n|-unboost|p1b: Armarouge|spd|1\n|move|p2b: Landorus|Stomping Tantrum|p1b: Armarouge\n|-supereffective|p1b: Armarouge\n|-damage|p1b: Armarouge|0 fnt\n|faint|p1b: Armarouge\n|move|p2a: Ferropato|Water Pledge|p1a: Murkrow\n|-activate|p1a: Murkrow|move: Protect\n|\n|-heal|p2a: Ferropato|13\/100|[from] item: Leftovers\n|upkeep\n|\n|t:|1700624952\n|switch|p1b: Kommo-o|Kommo-o, F|100\/100\n|turn|3\n|\n|t:|1700624962\n|move|p1b: Kommo-o|Clanging Scales|p2a: Ferropato|[spread] p2a,p2b\n|-resisted|p2a: Ferropato\n|-damage|p2a: Ferropato|0 fnt\n|-damage|p2b: Landorus|0 fnt\n|faint|p2a: Ferropato\n|faint|p2b: Landorus\n|-unboost|p1b: Kommo-o|def|1\n|move|p1a: Murkrow|Icy Wind|p2: Ferropato|[notarget]\n|-fail|p1a: Murkrow\n|\n|upkeep\n|\n|t:|1700624973\n|switch|p2b: Kommo-o|Kommo-o, M|100\/100\n|switch|p2a: Iron Hands|Iron Hands|100\/100\n|turn|4\n|\n|t:|1700624981\n|-terastallize|p2b: Kommo-o|Steel\n|move|p2a: Iron Hands|Fake Out|p1a: Murkrow\n|-damage|p1a: Murkrow|0 fnt\n|faint|p1a: Murkrow\n|move|p1b: Kommo-o|Clanging Scales|p2a: Iron Hands|[spread] p2a,p2b\n|-resisted|p2b: Kommo-o\n|-damage|p2a: Iron Hands|70\/100\n|-damage|p2b: Kommo-o|71\/100\n|-unboost|p1b: Kommo-o|def|1\n|move|p2b: Kommo-o|Dragon Pulse|p1b: Kommo-o\n|-supereffective|p1b: Kommo-o\n|-damage|p1b: Kommo-o|16\/100\n|\n|-sideend|p1: Needy Charizard|move: Tailwind\n|upkeep\n|\n|t:|1700624994\n|switch|p1a: Sinistcha|Sinistcha|100\/100\n|-heal|p1b: Kommo-o|41\/100|[from] ability: Hospitality|[of] p1a: Sinistcha\n|turn|5\n|\n|t:|1700625007\n|move|p2b: Kommo-o|Dragon Pulse|p1a: Sinistcha\n|-damage|p1a: Sinistcha|56\/100\n|move|p1b: Kommo-o|Clanging Scales|p2a: Iron Hands|[spread] p2a,p2b\n|-resisted|p2b: Kommo-o\n|-damage|p2a: Iron Hands|39\/100\n|-damage|p2b: Kommo-o|38\/100\n|-enditem|p2b: Kommo-o|Sitrus Berry|[eat]\n|-heal|p2b: Kommo-o|63\/100|[from] item: Sitrus Berry\n|-unboost|p1b: Kommo-o|def|1\n|move|p1a: Sinistcha|Matcha Gotcha|p2b: Kommo-o|[spread] p2a,p2b\n|-resisted|p2b: Kommo-o\n|-damage|p2a: Iron Hands|24\/100\n|-heal|p1a: Sinistcha|66\/100|[from] drain|[of] p2a: Iron Hands\n|-damage|p2b: Kommo-o|48\/100\n|-heal|p1a: Sinistcha|72\/100|[from] drain|[of] p2b: Kommo-o\n|move|p2a: Iron Hands|Drain Punch|p1b: Kommo-o\n|-damage|p1b: Kommo-o|0 fnt\n|-heal|p2a: Iron Hands|37\/100|[from] drain|[of] p1b: Kommo-o\n|faint|p1b: Kommo-o\n|\n|-heal|p1a: Sinistcha|79\/100|[from] item: Leftovers\n|upkeep\n|\n|t:|1700625028\n|switch|p1b: Clefairy|Clefairy, F|100\/100\n|turn|6\n|\n|t:|1700625036\n|move|p2b: Kommo-o|Flash Cannon|p1b: Clefairy\n|-supereffective|p1b: Clefairy\n|-damage|p1b: Clefairy|44\/100\n|move|p1a: Sinistcha|Matcha Gotcha|p2b: Kommo-o|[spread] p2a,p2b\n|-resisted|p2b: Kommo-o\n|-damage|p2a: Iron Hands|22\/100\n|-heal|p1a: Sinistcha|88\/100|[from] drain|[of] p2a: Iron Hands\n|-damage|p2b: Kommo-o|34\/100\n|-heal|p1a: Sinistcha|95\/100|[from] drain|[of] p2b: Kommo-o\n|-status|p2b: Kommo-o|brn\n|move|p1b: Clefairy|Dazzling Gleam|p2b: Kommo-o|[spread] p2a,p2b\n|-supereffective|p2a: Iron Hands\n|-resisted|p2b: Kommo-o\n|-damage|p2a: Iron Hands|6\/100\n|-damage|p2b: Kommo-o|27\/100 brn\n|move|p2a: Iron Hands|Iron Head|p1b: Clefairy\n|-supereffective|p1b: Clefairy\n|-damage|p1b: Clefairy|0 fnt\n|faint|p1b: Clefairy\n|\n|-heal|p1a: Sinistcha|100\/100|[from] item: Leftovers\n|-damage|p2b: Kommo-o|21\/100 brn|[from] brn\n|upkeep\n|turn|7\n|c|\u2606kirigayaxr|Zzz\n|\n|t:|1700625063\n|move|p2b: Kommo-o|Dragon Pulse|p1a: Sinistcha\n|-damage|p1a: Sinistcha|59\/100\n|move|p1a: Sinistcha|Matcha Gotcha|p2a: Iron Hands|[spread] p2a,p2b\n|-resisted|p2b: Kommo-o\n|-damage|p2a: Iron Hands|0 fnt\n|-heal|p1a: Sinistcha|62\/100|[from] drain|[of] p2a: Iron Hands\n|-damage|p2b: Kommo-o|8\/100 brn\n|-heal|p1a: Sinistcha|68\/100|[from] drain|[of] p2b: Kommo-o\n|faint|p2a: Iron Hands\n|-end|p2a: Iron Hands|Quark Drive|[silent]\n|\n|-heal|p1a: Sinistcha|74\/100|[from] item: Leftovers\n|-damage|p2b: Kommo-o|1\/100 brn|[from] brn\n|upkeep\n|inactive|kirigayaxr has 120 seconds left.\n|\n|t:|1700625076\n|switch|p2a: Indeedee|Indeedee-F, F|100\/100\n|-fieldstart|move: Psychic Terrain|[from] ability: Psychic Surge|[of] p2a: Indeedee\n|turn|8\n|\n|t:|1700625084\n|move|p1a: Sinistcha|Protect|p1a: Sinistcha\n|-singleturn|p1a: Sinistcha|Protect\n|move|p2b: Kommo-o|Dragon Pulse|p1a: Sinistcha\n|-activate|p1a: Sinistcha|move: Protect\n|move|p2a: Indeedee|Heal Pulse|p2b: Kommo-o\n|-heal|p2b: Kommo-o|51\/100 brn\n|\n|-heal|p1a: Sinistcha|81\/100|[from] item: Leftovers\n|-damage|p2b: Kommo-o|45\/100 brn|[from] brn\n|upkeep\n|turn|9\n|c|\u2606Needy Charizard|zzzzzzzz\n|c|\u2606Needy Charizard|heal pulse\n|c|\u2606Needy Charizard|cringe\n|\n|t:|1700625103\n|move|p2b: Kommo-o|Clangorous Soul|p2b: Kommo-o\n|-boost|p2b: Kommo-o|atk|1\n|-boost|p2b: Kommo-o|def|1\n|-boost|p2b: Kommo-o|spa|1\n|-boost|p2b: Kommo-o|spd|1\n|-boost|p2b: Kommo-o|spe|1\n|-damage|p2b: Kommo-o|12\/100 brn\n|move|p2a: Indeedee|Heal Pulse|p2b: Kommo-o\n|-heal|p2b: Kommo-o|62\/100 brn\n|move|p1a: Sinistcha|Matcha Gotcha|p2a: Indeedee|[spread] p2a,p2b\n|-resisted|p2b: Kommo-o\n|-damage|p2a: Indeedee|75\/100\n|-heal|p1a: Sinistcha|93\/100|[from] drain|[of] p2a: Indeedee\n|-damage|p2b: Kommo-o|54\/100 brn\n|-heal|p1a: Sinistcha|97\/100|[from] drain|[of] p2b: Kommo-o\n|\n|-heal|p2a: Indeedee|81\/100|[from] item: Leftovers\n|-heal|p1a: Sinistcha|100\/100|[from] item: Leftovers\n|-damage|p2b: Kommo-o|48\/100 brn|[from] brn\n|upkeep\n|turn|10\n|inactive|kirigayaxr has 120 seconds left.\n|c|\u2606kirigayaxr|Did you expect that I didn't have a cure like you?\n|\n|t:|1700625161\n|move|p2b: Kommo-o|Flash Cannon|p1a: Sinistcha\n|-damage|p1a: Sinistcha|38\/100\n|move|p2a: Indeedee|Heal Pulse|p2b: Kommo-o\n|-heal|p2b: Kommo-o|98\/100 brn\n|move|p1a: Sinistcha|Matcha Gotcha|p2a: Indeedee|[spread] p2a,p2b\n|-resisted|p2b: Kommo-o\n|-damage|p2a: Indeedee|57\/100\n|-heal|p1a: Sinistcha|50\/100|[from] drain|[of] p2a: Indeedee\n|-damage|p2b: Kommo-o|88\/100 brn\n|-heal|p1a: Sinistcha|54\/100|[from] drain|[of] p2b: Kommo-o\n|\n|-heal|p2a: Indeedee|63\/100|[from] item: Leftovers\n|-heal|p1a: Sinistcha|60\/100|[from] item: Leftovers\n|-damage|p2b: Kommo-o|82\/100 brn|[from] brn\n|upkeep\n|turn|11\n|c|\u2606Needy Charizard|no way bud just said cure\n|c|\u2606Needy Charizard|over heal\n|\n|t:|1700625181\n|move|p2b: Kommo-o|Clangorous Soul|p2b: Kommo-o\n|-boost|p2b: Kommo-o|atk|1\n|-boost|p2b: Kommo-o|def|1\n|-boost|p2b: Kommo-o|spa|1\n|-boost|p2b: Kommo-o|spd|1\n|-boost|p2b: Kommo-o|spe|1\n|-damage|p2b: Kommo-o|49\/100 brn\n|move|p2a: Indeedee|Heal Pulse|p2b: Kommo-o\n|-heal|p2b: Kommo-o|99\/100 brn\n|move|p1a: Sinistcha|Matcha Gotcha|p2a: Indeedee|[spread] p2b\n|-miss|p1a: Sinistcha|p2a: Indeedee\n|-resisted|p2b: Kommo-o\n|-damage|p2b: Kommo-o|92\/100 brn\n|-heal|p1a: Sinistcha|64\/100|[from] drain|[of] p2b: Kommo-o\n|\n|-heal|p2a: Indeedee|69\/100|[from] item: Leftovers\n|-heal|p1a: Sinistcha|70\/100|[from] item: Leftovers\n|-damage|p2b: Kommo-o|86\/100 brn|[from] brn\n|upkeep\n|turn|12\n|inactive|kirigayaxr has 120 seconds left.\n|\n|t:|1700625202\n|move|p1a: Sinistcha|Protect|p1a: Sinistcha\n|-singleturn|p1a: Sinistcha|Protect\n|move|p2b: Kommo-o|Clangorous Soul|p2b: Kommo-o\n|-boost|p2b: Kommo-o|atk|1\n|-boost|p2b: Kommo-o|def|1\n|-boost|p2b: Kommo-o|spa|1\n|-boost|p2b: Kommo-o|spd|1\n|-boost|p2b: Kommo-o|spe|1\n|-damage|p2b: Kommo-o|53\/100 brn\n|move|p2a: Indeedee|Heal Pulse|p2b: Kommo-o\n|-heal|p2b: Kommo-o|100\/100 brn\n|\n|-heal|p2a: Indeedee|75\/100|[from] item: Leftovers\n|-heal|p1a: Sinistcha|76\/100|[from] item: Leftovers\n|-damage|p2b: Kommo-o|94\/100 brn|[from] brn\n|-fieldend|move: Psychic Terrain\n|upkeep\n|turn|13\n|inactive|kirigayaxr has 120 seconds left.\n|\n|t:|1700625221\n|switch|p2a: Ogerpon|Ogerpon-Wellspring, F|100\/100\n|move|p2b: Kommo-o|Clangorous Soul|p2b: Kommo-o\n|-boost|p2b: Kommo-o|atk|1\n|-boost|p2b: Kommo-o|def|1\n|-boost|p2b: Kommo-o|spa|1\n|-boost|p2b: Kommo-o|spd|1\n|-boost|p2b: Kommo-o|spe|1\n|-damage|p2b: Kommo-o|61\/100 brn\n|move|p1a: Sinistcha|Matcha Gotcha|p2b: Kommo-o|[spread] p2a,p2b\n|-resisted|p2b: Kommo-o\n|-damage|p2a: Ogerpon|75\/100\n|-heal|p1a: Sinistcha|87\/100|[from] drain|[of] p2a: Ogerpon\n|-damage|p2b: Kommo-o|57\/100 brn\n|-heal|p1a: Sinistcha|89\/100|[from] drain|[of] p2b: Kommo-o\n|\n|-heal|p1a: Sinistcha|95\/100|[from] item: Leftovers\n|-damage|p2b: Kommo-o|51\/100 brn|[from] brn\n|upkeep\n|turn|14\n|\n|t:|1700625243\n|move|p2b: Kommo-o|Clangorous Soul|p2b: Kommo-o\n|-boost|p2b: Kommo-o|atk|1\n|-boost|p2b: Kommo-o|def|1\n|-boost|p2b: Kommo-o|spa|1\n|-boost|p2b: Kommo-o|spd|1\n|-boost|p2b: Kommo-o|spe|1\n|-damage|p2b: Kommo-o|18\/100 brn\n|move|p2a: Ogerpon|Knock Off|p1a: Sinistcha\n|-supereffective|p1a: Sinistcha\n|-damage|p1a: Sinistcha|45\/100\n|-enditem|p1a: Sinistcha|Leftovers|[from] move: Knock Off|[of] p2a: Ogerpon\n|move|p1a: Sinistcha|Matcha Gotcha|p2a: Ogerpon|[spread] p2a,p2b\n|-resisted|p2b: Kommo-o\n|-crit|p2b: Kommo-o\n|-damage|p2a: Ogerpon|50\/100\n|-heal|p1a: Sinistcha|56\/100|[from] drain|[of] p2a: Ogerpon\n|-damage|p2b: Kommo-o|0 fnt\n|-heal|p1a: Sinistcha|64\/100|[from] drain|[of] p2b: Kommo-o\n|faint|p2b: Kommo-o\n|\n|upkeep\n|c|\u2606Needy Charizard|why u making the game go on\n|inactive|kirigayaxr has 120 seconds left.\n|c|\u2606Needy Charizard|u think ur funny or smth\n|\n|t:|1700625261\n|switch|p2b: Indeedee|Indeedee-F, F|75\/100\n|-fieldstart|move: Psychic Terrain|[from] ability: Psychic Surge|[of] p2b: Indeedee\n|turn|15\n|\n|t:|1700625271\n|move|p2a: Ogerpon|Knock Off|p1a: Sinistcha\n|-supereffective|p1a: Sinistcha\n|-damage|p1a: Sinistcha|34\/100\n|move|p2b: Indeedee|Heal Pulse|p2a: Ogerpon\n|-heal|p2a: Ogerpon|99\/100\n|move|p1a: Sinistcha|Matcha Gotcha|p2b: Indeedee|[spread] p2a,p2b\n|-damage|p2a: Ogerpon|78\/100\n|-heal|p1a: Sinistcha|44\/100|[from] drain|[of] p2a: Ogerpon\n|-damage|p2b: Indeedee|51\/100\n|-heal|p1a: Sinistcha|57\/100|[from] drain|[of] p2b: Indeedee\n|\n|-heal|p2b: Indeedee|57\/100|[from] item: Leftovers\n|upkeep\n|turn|16\n|n|!kirigayaxr|kirigayaxr\n|\n|t:|1700625296\n|move|p2a: Ogerpon|Knock Off|p1a: Sinistcha\n|-supereffective|p1a: Sinistcha\n|-damage|p1a: Sinistcha|25\/100\n|move|p2b: Indeedee|Psyshock|p1a: Sinistcha\n|-damage|p1a: Sinistcha|0 fnt\n|faint|p1a: Sinistcha\n|\n|win|kirigayaxr\n|raw|Needy Charizard's rating: 1242 &rarr; <strong>1224<\/strong><br \/>(-18 for losing)\n|raw|kirigayaxr's rating: 1339 &rarr; <strong>1354<\/strong><br \/>(+15 for winning)\n","uploadtime":1700625280,"views":8,"p1id":"needycharizard","p2id":"kirigayaxr","formatid":"gen9doublesou","rating":1224,"private":0,"password":""}