{"id":"gen9doublesou-1985203146","p1":"KidReza","p2":"test 99 ou","format":"[Gen 9] Doubles OU","log":"|j|\u2606KidReza\n|j|\u2606test 99 ou\n|t:|1699348085\n|gametype|doubles\n|player|p1|KidReza|2|1679\n|player|p2|test 99 ou|lady|1547\n|teamsize|p1|6\n|teamsize|p2|6\n|gen|9\n|tier|[Gen 9] Doubles OU\n|rated|\n|rule|Species Clause: Limit one of each Pok\u00e9mon\n|rule|OHKO Clause: OHKO moves are banned\n|rule|Evasion Moves Clause: Evasion moves are banned\n|rule|Gravity Sleep Clause: The combination of sleep-inducing moves with imperfect accuracy and Gravity or Gigantamax Orbeetle are banned\n|rule|Endless Battle Clause: Forcing endless battles is banned\n|rule|HP Percentage Mod: HP is shown in percentages\n|clearpoke\n|poke|p1|Ogerpon-Wellspring, F|\n|poke|p1|Ninetales-Alola, F|\n|poke|p1|Heatran, M|\n|poke|p1|Landorus-Therian, M|\n|poke|p1|Clefairy, F|\n|poke|p1|Iron Hands|\n|poke|p2|Tornadus, M|\n|poke|p2|Iron Hands|\n|poke|p2|Palafin, M|\n|poke|p2|Ogerpon-Hearthflame, F|\n|poke|p2|Chien-Pao|\n|poke|p2|Chi-Yu|\n|teampreview\n|inactive|Battle timer is ON: inactive players will automatically lose when time's up. (requested by KidReza)\n|\n|t:|1699348100\n|start\n|switch|p1a: Ninetales|Ninetales-Alola, F|100\/100\n|switch|p1b: Landorus|Landorus-Therian, M|100\/100\n|switch|p2a: Tornadus|Tornadus, M|100\/100\n|switch|p2b: Ogerpon|Ogerpon-Hearthflame, F|100\/100\n|-ability|p1b: Landorus|Intimidate|boost\n|-unboost|p2a: Tornadus|atk|1\n|-unboost|p2b: Ogerpon|atk|1\n|-ability|p2b: Ogerpon|Mold Breaker\n|-weather|Snow|[from] ability: Snow Warning|[of] p1a: Ninetales\n|turn|1\n|\n|t:|1699348110\n|-terastallize|p2b: Ogerpon|Fire\n|detailschange|p2b: Ogerpon|Ogerpon-Hearthflame-Tera, F, tera:Fire\n|-ability|p2b: Ogerpon|Embody Aspect (Hearthflame)|boost\n|-boost|p2b: Ogerpon|atk|1\n|move|p2a: Tornadus|Sunny Day|p2a: Tornadus\n|-weather|SunnyDay\n|move|p1b: Landorus|Rock Slide|p2a: Tornadus|[spread] p2a,p2b\n|-supereffective|p2a: Tornadus\n|-crit|p2a: Tornadus\n|-supereffective|p2b: Ogerpon\n|-damage|p2a: Tornadus|24\/100\n|-damage|p2b: Ogerpon|47\/100\n|move|p2b: Ogerpon|Ivy Cudgel|p1b: Landorus\n|-damage|p1b: Landorus|0 fnt\n|faint|p1b: Landorus\n|move|p1a: Ninetales|Blizzard|p2b: Ogerpon|[spread] p2b\n|-miss|p1a: Ninetales|p2a: Tornadus\n|-resisted|p2b: Ogerpon\n|-damage|p2b: Ogerpon|28\/100\n|\n|-weather|SunnyDay|[upkeep]\n|upkeep\n|\n|t:|1699348133\n|switch|p1b: Heatran|Heatran, M|100\/100\n|turn|2\n|\n|t:|1699348150\n|switch|p2b: Chien-Pao|Chien-Pao|100\/100\n|-ability|p2b: Chien-Pao|Sword of Ruin\n|switch|p2a: Iron Hands|Iron Hands|100\/100\n|move|p1a: Ninetales|Protect|p1a: Ninetales\n|-singleturn|p1a: Ninetales|Protect\n|move|p1b: Heatran|Heat Wave|p2b: Chien-Pao|[spread] p2a,p2b\n|-supereffective|p2b: Chien-Pao\n|-damage|p2a: Iron Hands|58\/100\n|-enditem|p2b: Chien-Pao|Focus Sash\n|-damage|p2b: Chien-Pao|1\/100\n|\n|-weather|SunnyDay|[upkeep]\n|upkeep\n|turn|3\n|\n|t:|1699348175\n|-terastallize|p1b: Heatran|Ghost\n|move|p2b: Chien-Pao|Brick Break|p1b: Heatran\n|-immune|p1b: Heatran\n|move|p1a: Ninetales|Moonblast|p2a: Iron Hands\n|-supereffective|p2a: Iron Hands\n|-damage|p2a: Iron Hands|5\/100\n|move|p2a: Iron Hands|Close Combat|p1b: Heatran\n|-immune|p1b: Heatran\n|move|p1b: Heatran|Heat Wave|p2a: Iron Hands|[spread] p2a,p2b\n|-supereffective|p2b: Chien-Pao\n|-damage|p2a: Iron Hands|0 fnt\n|-damage|p2b: Chien-Pao|0 fnt\n|faint|p2a: Iron Hands\n|-end|p2a: Iron Hands|Quark Drive|[silent]\n|faint|p2b: Chien-Pao\n|\n|-weather|SunnyDay|[upkeep]\n|upkeep\n|inactive|test 99 ou has 120 seconds left.\n|c|\u2606test 99 ou|who tf uses terra gohst tran\n|inactive|test 99 ou has 90 seconds left.\n|\n|t:|1699348221\n|switch|p2b: Ogerpon|Ogerpon-Hearthflame-Tera, F, tera:Fire|28\/100\n|switch|p2a: Chi-Yu|Chi-Yu|100\/100\n|-ability|p2b: Ogerpon|Embody Aspect (Hearthflame)|boost\n|-boost|p2b: Ogerpon|atk|1\n|-ability|p2a: Chi-Yu|Beads of Ruin\n|turn|4\n|inactive|KidReza has 120 seconds left.\n|\n|t:|1699348260\n|switch|p1b: Clefairy|Clefairy, F|100\/100\n|move|p1a: Ninetales|Protect|p1a: Ninetales\n|-singleturn|p1a: Ninetales|Protect\n|move|p2b: Ogerpon|Ivy Cudgel|p1a: Ninetales\n|-activate|p1a: Ninetales|move: Protect\n|move|p2a: Chi-Yu|Dark Pulse|p1b: Clefairy\n|-resisted|p1b: Clefairy\n|-damage|p1b: Clefairy|65\/100\n|\n|-weather|SunnyDay|[upkeep]\n|upkeep\n|turn|5\n|inactive|test 99 ou has 120 seconds left.\n|\n|t:|1699348279\n|switch|p1a: Iron Hands|Iron Hands|100\/100\n|switch|p2a: Palafin|Palafin, M|100\/100\n|move|p1b: Clefairy|Follow Me|p1b: Clefairy\n|-singleturn|p1b: Clefairy|move: Follow Me\n|move|p2b: Ogerpon|Ivy Cudgel|p1b: Clefairy\n|-damage|p1b: Clefairy|0 fnt\n|faint|p1b: Clefairy\n|\n|-weather|none\n|upkeep\n|inactive|KidReza has 120 seconds left.\n|\n|t:|1699348296\n|switch|p1b: Ogerpon|Ogerpon-Wellspring, F|100\/100\n|turn|6\n|\n|t:|1699348318\n|move|p1a: Iron Hands|Fake Out|p2a: Palafin\n|-damage|p2a: Palafin|78\/100\n|move|p1b: Ogerpon|Ivy Cudgel|p2b: Ogerpon\n|-supereffective|p2b: Ogerpon\n|-damage|p2b: Ogerpon|0 fnt\n|faint|p2b: Ogerpon\n|cant|p2a: Palafin|flinch\n|\n|upkeep\n|\n|t:|1699348322\n|switch|p2b: Tornadus|Tornadus, M|24\/100\n|turn|7\n|\n|t:|1699348340\n|detailschange|p2a: Palafin|Palafin-Hero, M\n|switch|p2a: Chi-Yu|Chi-Yu|100\/100\n|-ability|p2a: Chi-Yu|Beads of Ruin\n|move|p1b: Ogerpon|Spiky Shield|p1b: Ogerpon\n|-singleturn|p1b: Ogerpon|move: Protect\n|move|p2b: Tornadus|Tailwind|p2b: Tornadus\n|-sidestart|p2: test 99 ou|move: Tailwind\n|move|p1a: Iron Hands|Drain Punch|p2a: Chi-Yu\n|-supereffective|p2a: Chi-Yu\n|-damage|p2a: Chi-Yu|0 fnt\n|faint|p2a: Chi-Yu\n|\n|upkeep\n|\n|t:|1699348351\n|switch|p2a: Palafin|Palafin-Hero, M|78\/100\n|-activate|p2a: Palafin|ability: Zero to Hero\n|turn|8\n|\n|t:|1699348357\n|move|p2a: Palafin|Wave Crash|p1a: Iron Hands\n|-damage|p1a: Iron Hands|29\/100\n|-enditem|p1a: Iron Hands|Sitrus Berry|[eat]\n|-heal|p1a: Iron Hands|54\/100|[from] item: Sitrus Berry\n|-damage|p2a: Palafin|43\/100|[from] Recoil\n|move|p2b: Tornadus|Bleakwind Storm|p1b: Ogerpon|[spread] p1b\n|-miss|p2b: Tornadus|p1a: Iron Hands\n|-supereffective|p1b: Ogerpon\n|-damage|p1b: Ogerpon|41\/100\n|move|p1b: Ogerpon|Horn Leech|p2a: Palafin\n|-supereffective|p2a: Palafin\n|-damage|p2a: Palafin|0 fnt\n|-heal|p1b: Ogerpon|61\/100|[from] drain|[of] p2a: Palafin\n|faint|p2a: Palafin\n|move|p1a: Iron Hands|Wild Charge|p2b: Tornadus\n|-supereffective|p2b: Tornadus\n|-damage|p2b: Tornadus|0 fnt\n|faint|p2b: Tornadus\n|-damage|p1a: Iron Hands|49\/100|[from] Recoil\n|\n|win|KidReza\n|raw|KidReza's rating: 1679 &rarr; <strong>1692<\/strong><br \/>(+13 for winning)\n|raw|test 99 ou's rating: 1547 &rarr; <strong>1534<\/strong><br \/>(-13 for losing)\n|l|\u2606test 99 ou\n|l|\u2606KidReza\n|j|\u2606test 99 ou\n|player|p2|test 99 ou|lady\n","uploadtime":1699348506,"views":12,"p1id":"kidreza","p2id":"test99ou","formatid":"gen9doublesou","rating":1534,"private":0,"password":""}