{"id":"gen9doublesou-1982667963","p1":"6_6 asdfg","p2":"DON_MERINO","format":"[Gen 9] Doubles OU","log":"|j|\u26066_6 asdfg\n|j|\u2606DON_MERINO\n|t:|1699034236\n|gametype|doubles\n|player|p1|6_6 asdfg|101|1000\n|player|p2|DON_MERINO|gambler|1000\n|teamsize|p1|6\n|teamsize|p2|6\n|gen|9\n|tier|[Gen 9] Doubles OU\n|rated|\n|rule|Species Clause: Limit one of each Pok\u00e9mon\n|rule|OHKO Clause: OHKO moves are banned\n|rule|Evasion Moves Clause: Evasion moves are banned\n|rule|Gravity Sleep Clause: The combination of sleep-inducing moves with imperfect accuracy and Gravity or Gigantamax Orbeetle are banned\n|rule|Endless Battle Clause: Forcing endless battles is banned\n|rule|HP Percentage Mod: HP is shown in percentages\n|clearpoke\n|poke|p1|Cyclizar, F|\n|poke|p1|Slowking, F|\n|poke|p1|Toxapex, M|\n|poke|p1|Wo-Chien|\n|poke|p1|Chansey, F|\n|poke|p1|Gliscor, F|\n|poke|p2|Tyranitar, M|\n|poke|p2|Charizard, M|\n|poke|p2|Garchomp, M|\n|poke|p2|Gengar, F|\n|poke|p2|Lucario, M|\n|poke|p2|Greninja-*, M|\n|teampreview\n|\n|t:|1699034258\n|start\n|switch|p1a: The Cycle|Cyclizar, F|100\/100\n|switch|p1b: The Snail|Wo-Chien|100\/100\n|switch|p2a: Gengar|Gengar, F|100\/100\n|switch|p2b: Charizard|Charizard, M|100\/100\n|-ability|p1b: The Snail|Tablets of Ruin\n|turn|1\n|\n|t:|1699034352\n|move|p1b: The Snail|Protect|p1b: The Snail\n|-singleturn|p1b: The Snail|Protect\n|move|p1a: The Cycle|Shed Tail|p1a: The Cycle\n|-start|p1a: The Cycle|Substitute|[from] move: Shed Tail\n|-damage|p1a: The Cycle|50\/100\n|-enditem|p1a: The Cycle|Sitrus Berry|[eat]\n|-heal|p1a: The Cycle|75\/100|[from] item: Sitrus Berry\n|\n|t:|1699034363\n|switch|p1a: The Pex|Toxapex, M|100\/100|[from] Shed Tail\n|move|p2b: Charizard|Dragon Pulse|p1a: The Pex\n|-activate|p1a: The Pex|move: Substitute|[damage]\n|move|p2a: Gengar|Foul Play|p1b: The Snail\n|-activate|p1b: The Snail|move: Protect\n|\n|upkeep\n|turn|2\n|\n|t:|1699034417\n|move|p2b: Charizard|Fire Blast|p1b: The Snail|[miss]\n|-miss|p2b: Charizard|p1b: The Snail\n|move|p2a: Gengar|Foul Play|p1a: The Pex\n|-activate|p1a: The Pex|move: Substitute|[damage]\n|move|p1b: The Snail|Substitute|p1b: The Snail\n|-start|p1b: The Snail|Substitute\n|-damage|p1b: The Snail|76\/100\n|move|p1a: The Pex|Stockpile|p1a: The Pex\n|-start|p1a: The Pex|stockpile1\n|-boost|p1a: The Pex|def|1\n|-boost|p1a: The Pex|spd|1\n|\n|-heal|p1b: The Snail|82\/100|[from] item: Leftovers\n|upkeep\n|turn|3\n|\n|t:|1699034457\n|move|p2b: Charizard|Earthquake|p1a: The Pex|[spread] p2a,p1a,p1b\n|-supereffective|p1a: The Pex\n|-end|p1a: The Pex|Substitute\n|-resisted|p1b: The Snail\n|-activate|p1b: The Snail|move: Substitute|[damage]\n|-supereffective|p2a: Gengar\n|-crit|p2a: Gengar\n|-damage|p2a: Gengar|29\/100\n|move|p2a: Gengar|Thunderbolt|p1a: The Pex\n|-supereffective|p1a: The Pex\n|-crit|p1a: The Pex\n|-damage|p1a: The Pex|38\/100\n|move|p1b: The Snail|Leech Seed|p2a: Gengar\n|-start|p2a: Gengar|move: Leech Seed\n|move|p1a: The Pex|Stockpile|p1a: The Pex\n|-start|p1a: The Pex|stockpile2\n|-boost|p1a: The Pex|def|1\n|-boost|p1a: The Pex|spd|1\n|\n|-heal|p1b: The Snail|88\/100|[from] item: Leftovers\n|-heal|p1a: The Pex|44\/100|[from] item: Leftovers\n|-damage|p2a: Gengar|17\/100|[from] Leech Seed|[of] p1b: The Snail\n|-heal|p1b: The Snail|97\/100|[silent]\n|upkeep\n|-enditem|p2a: Gengar|Aguav Berry|[eat]\n|-heal|p2a: Gengar|50\/100|[from] item: Aguav Berry\n|turn|4\n|\n|t:|1699034503\n|switch|p1a: The Bat|Gliscor, F|100\/100\n|move|p2b: Charizard|Air Slash|p1b: The Snail\n|-supereffective|p1b: The Snail\n|-end|p1b: The Snail|Substitute\n|move|p2a: Gengar|Thunderbolt|p1a: The Bat\n|-immune|p1a: The Bat\n|move|p1b: The Snail|Leech Seed|p2b: Charizard\n|-start|p2b: Charizard|move: Leech Seed\n|\n|-heal|p1b: The Snail|100\/100|[from] item: Leftovers\n|-damage|p2b: Charizard|88\/100|[from] Leech Seed|[of] p1b: The Snail\n|-damage|p2a: Gengar|38\/100|[from] Leech Seed|[of] p1b: The Snail\n|-status|p1a: The Bat|tox|[from] item: Toxic Orb\n|upkeep\n|turn|5\n|\n|t:|1699034562\n|switch|p1b: The Cycle|Cyclizar, F|100\/100\n|move|p2b: Charizard|Air Slash|p1b: The Cycle\n|-damage|p1b: The Cycle|59\/100\n|move|p2a: Gengar|Energy Ball|p1a: The Bat\n|-crit|p1a: The Bat\n|-damage|p1a: The Bat|52\/100 tox\n|move|p1a: The Bat|Spikes|p2a: Gengar\n|-sidestart|p2: DON_MERINO|Spikes\n|\n|-damage|p2b: Charizard|76\/100|[from] Leech Seed|[of] p1b: The Cycle\n|-heal|p1b: The Cycle|70\/100|[silent]\n|-damage|p2a: Gengar|26\/100|[from] Leech Seed|[of] p1b: The Cycle\n|-heal|p1b: The Cycle|80\/100|[silent]\n|-heal|p1a: The Bat|64\/100 tox|[from] ability: Poison Heal\n|upkeep\n|turn|6\n|\n|t:|1699034586\n|move|p1a: The Bat|Protect|p1a: The Bat\n|-singleturn|p1a: The Bat|Protect\n|move|p1b: The Cycle|Shed Tail|p1b: The Cycle\n|-start|p1b: The Cycle|Substitute|[from] move: Shed Tail\n|-damage|p1b: The Cycle|30\/100\n|\n|t:|1699034599\n|switch|p1b: The Pex|Toxapex, M|77\/100|[from] Shed Tail\n|move|p2b: Charizard|Dragon Pulse|p1b: The Pex\n|-activate|p1b: The Pex|move: Substitute|[damage]\n|move|p2a: Gengar|Energy Ball|p1a: The Bat\n|-activate|p1a: The Bat|move: Protect\n|\n|-heal|p1b: The Pex|84\/100|[from] item: Leftovers\n|-damage|p2b: Charizard|63\/100|[from] Leech Seed|[of] p1b: The Pex\n|-heal|p1b: The Pex|96\/100|[silent]\n|-damage|p2a: Gengar|13\/100|[from] Leech Seed|[of] p1b: The Pex\n|-heal|p1b: The Pex|100\/100|[silent]\n|-heal|p1a: The Bat|77\/100 tox|[from] ability: Poison Heal\n|upkeep\n|turn|7\n|\n|t:|1699034687\n|move|p2b: Charizard|Fire Blast|p1a: The Bat\n|-damage|p1a: The Bat|24\/100 tox\n|move|p2a: Gengar|Thunderbolt|p1b: The Pex\n|-supereffective|p1b: The Pex\n|-end|p1b: The Pex|Substitute\n|move|p1a: The Bat|Spikes|p2b: Charizard\n|-sidestart|p2: DON_MERINO|Spikes\n|move|p1b: The Pex|Stockpile|p1b: The Pex\n|-start|p1b: The Pex|stockpile1\n|-boost|p1b: The Pex|def|1\n|-boost|p1b: The Pex|spd|1\n|\n|-damage|p2b: Charizard|51\/100|[from] Leech Seed|[of] p1b: The Pex\n|-damage|p2a: Gengar|1\/100|[from] Leech Seed|[of] p1b: The Pex\n|-heal|p1a: The Bat|37\/100 tox|[from] ability: Poison Heal\n|upkeep\n|turn|8\n|\n|t:|1699034734\n|move|p1a: The Bat|Protect|p1a: The Bat\n|-singleturn|p1a: The Bat|Protect\n|move|p2b: Charizard|Fire Blast|p1a: The Bat\n|-activate|p1a: The Bat|move: Protect\n|move|p2a: Gengar|Energy Ball|p1b: The Pex\n|-damage|p1b: The Pex|88\/100\n|move|p1b: The Pex|Recover|p1b: The Pex\n|-heal|p1b: The Pex|100\/100\n|\n|-damage|p2b: Charizard|39\/100|[from] Leech Seed|[of] p1b: The Pex\n|-damage|p2a: Gengar|0 fnt|[from] Leech Seed|[of] p1b: The Pex\n|faint|p2a: Gengar\n|-heal|p1a: The Bat|49\/100 tox|[from] ability: Poison Heal\n|upkeep\n|j| Miss Toni\n|\n|t:|1699034768\n|switch|p2a: Lucario|Lucario, M|100\/100\n|-damage|p2a: Lucario|84\/100|[from] Spikes\n|turn|9\n|l| Miss Toni\n|\n|t:|1699034794\n|switch|p1a: The King|Slowking, F|100\/100\n|-terastallize|p2a: Lucario|Fighting\n|move|p2b: Charizard|Fire Blast|p1a: The King\n|-resisted|p1a: The King\n|-damage|p1a: The King|88\/100\n|move|p2a: Lucario|High Jump Kick|p1b: The Pex\n|-resisted|p1b: The Pex\n|-damage|p1b: The Pex|85\/100\n|move|p1b: The Pex|Stockpile|p1b: The Pex\n|-start|p1b: The Pex|stockpile2\n|-boost|p1b: The Pex|def|1\n|-boost|p1b: The Pex|spd|1\n|\n|-heal|p1b: The Pex|92\/100|[from] item: Leftovers\n|-heal|p1a: The King|94\/100|[from] item: Leftovers\n|-damage|p2b: Charizard|26\/100|[from] Leech Seed|[of] p1b: The Pex\n|-heal|p1b: The Pex|100\/100|[silent]\n|upkeep\n|turn|10\n|\n|t:|1699034942\n|move|p2b: Charizard|Earthquake|p1a: The King|[spread] p2a,p1a,p1b\n|-supereffective|p1b: The Pex\n|-damage|p2a: Lucario|61\/100\n|-damage|p1a: The King|76\/100\n|-damage|p1b: The Pex|86\/100\n|move|p2a: Lucario|Earthquake|p1a: The King|[spread] p1a,p1b\n|-immune|p2b: Charizard\n|-supereffective|p1b: The Pex\n|-damage|p1a: The King|56\/100\n|-damage|p1b: The Pex|71\/100\n|move|p1b: The Pex|Stockpile|p1b: The Pex\n|-start|p1b: The Pex|stockpile3\n|-boost|p1b: The Pex|def|1\n|-boost|p1b: The Pex|spd|1\n|move|p1a: The King|Chilly Reception|p1a: The King\n|-weather|Snow\n|\n|t:|1699034975\n|switch|p1a: The Cycle|Cyclizar, F|63\/100|[from] Chilly Reception\n|\n|-weather|Snow|[upkeep]\n|-heal|p1b: The Pex|77\/100|[from] item: Leftovers\n|-damage|p2b: Charizard|14\/100|[from] Leech Seed|[of] p1b: The Pex\n|-heal|p1b: The Pex|90\/100|[silent]\n|upkeep\n|turn|11\n|\n|t:|1699034994\n|move|p1a: The Cycle|Shed Tail|p1a: The Cycle\n|-start|p1a: The Cycle|Substitute|[from] move: Shed Tail\n|-damage|p1a: The Cycle|13\/100\n|\n|t:|1699034997\n|switch|p1a: The Snail|Wo-Chien|100\/100|[from] Shed Tail\n|-ability|p1a: The Snail|Tablets of Ruin\n|move|p2b: Charizard|Dragon Pulse|p1a: The Snail\n|-activate|p1a: The Snail|move: Substitute|[damage]\n|move|p2a: Lucario|Swords Dance|p2a: Lucario\n|-boost|p2a: Lucario|atk|2\n|move|p1b: The Pex|Toxic|p2a: Lucario\n|-status|p2a: Lucario|tox\n|\n|-weather|Snow|[upkeep]\n|-heal|p1b: The Pex|96\/100|[from] item: Leftovers\n|-damage|p2b: Charizard|2\/100|[from] Leech Seed|[of] p1b: The Pex\n|-heal|p1b: The Pex|100\/100|[silent]\n|-damage|p2a: Lucario|55\/100 tox|[from] psn\n|upkeep\n|turn|12\n|\n|t:|1699035037\n|move|p2b: Charizard|Air Slash|p1a: The Snail\n|-supereffective|p1a: The Snail\n|-end|p1a: The Snail|Substitute\n|move|p2a: Lucario|Swords Dance|p2a: Lucario\n|-boost|p2a: Lucario|atk|2\n|move|p1a: The Snail|Leech Seed|p2a: Lucario\n|-start|p2a: Lucario|move: Leech Seed\n|move|p1b: The Pex|Infestation|p2a: Lucario\n|-resisted|p2a: Lucario\n|-damage|p2a: Lucario|53\/100 tox\n|-activate|p2a: Lucario|move: Infestation|[of] p1b: The Pex\n|\n|-weather|Snow|[upkeep]\n|-damage|p2b: Charizard|0 fnt|[from] Leech Seed|[of] p1b: The Pex\n|faint|p2b: Charizard\n|-damage|p2a: Lucario|41\/100 tox|[from] Leech Seed|[of] p1a: The Snail\n|-damage|p2a: Lucario|28\/100 tox|[from] psn\n|-damage|p2a: Lucario|16\/100 tox|[from] move: Infestation|[partiallytrapped]\n|upkeep\n|-enditem|p2a: Lucario|Figy Berry|[eat]\n|-heal|p2a: Lucario|49\/100 tox|[from] item: Figy Berry\n|\n|t:|1699035065\n|switch|p2b: Garchomp|Garchomp, M|100\/100\n|-damage|p2b: Garchomp|84\/100|[from] Spikes\n|turn|13\n|\n|t:|1699035086\n|move|p2b: Garchomp|Draco Meteor|p1b: The Pex\n|-damage|p1b: The Pex|88\/100\n|-unboost|p2b: Garchomp|spa|2\n|move|p2a: Lucario|High Jump Kick|p1a: The Snail\n|-supereffective|p1a: The Snail\n|-damage|p1a: The Snail|0 fnt\n|faint|p1a: The Snail\n|move|p1b: The Pex|Toxic|p2b: Garchomp\n|-status|p2b: Garchomp|tox\n|\n|-weather|Snow|[upkeep]\n|-heal|p1b: The Pex|95\/100|[from] item: Leftovers\n|-damage|p2b: Garchomp|78\/100 tox|[from] psn\n|-damage|p2a: Lucario|30\/100 tox|[from] psn\n|-damage|p2a: Lucario|18\/100 tox|[from] move: Infestation|[partiallytrapped]\n|upkeep\n|\n|t:|1699035112\n|switch|p1a: The Cycle|Cyclizar, F|46\/100\n|turn|14\n|\n|t:|1699035131\n|switch|p1a: The King|Slowking, F|89\/100\n|move|p2b: Garchomp|Draco Meteor|p1a: The King\n|-damage|p1a: The King|76\/100\n|-unboost|p2b: Garchomp|spa|2\n|move|p2a: Lucario|High Jump Kick|p1b: The Pex\n|-resisted|p1b: The Pex\n|-damage|p1b: The Pex|63\/100\n|move|p1b: The Pex|Infestation|p2b: Garchomp\n|-damage|p2b: Garchomp|75\/100 tox\n|-activate|p2b: Garchomp|move: Infestation|[of] p1b: The Pex\n|-damage|p1b: The Pex|50\/100|[from] ability: Rough Skin|[of] p2b: Garchomp\n|\n|-weather|none\n|-heal|p1b: The Pex|57\/100|[from] item: Leftovers\n|-heal|p1a: The King|82\/100|[from] item: Leftovers\n|-damage|p2a: Lucario|5\/100 tox|[from] Leech Seed|[of] p1a: The King\n|-heal|p1a: The King|92\/100|[silent]\n|-damage|p2b: Garchomp|63\/100 tox|[from] psn\n|-damage|p2a: Lucario|0 fnt|[from] psn\n|faint|p2a: Lucario\n|-damage|p2b: Garchomp|51\/100 tox|[from] move: Infestation|[partiallytrapped]\n|upkeep\n|\n|t:|1699035152\n|switch|p2a: Greninja|Greninja, M|100\/100\n|-damage|p2a: Greninja|84\/100|[from] Spikes\n|turn|15\n|\n|t:|1699035195\n|move|p2a: Greninja|Dark Pulse|p1a: The King\n|-supereffective|p1a: The King\n|-damage|p1a: The King|55\/100\n|move|p2b: Garchomp|Draco Meteor|p1a: The King|[miss]\n|-miss|p2b: Garchomp|p1a: The King\n|move|p1b: The Pex|Recover|p1b: The Pex\n|-heal|p1b: The Pex|100\/100\n|move|p1a: The King|Chilly Reception|p1a: The King\n|-weather|Snow\n|\n|t:|1699035205\n|switch|p1a: The Cycle|Cyclizar, F|80\/100|[from] Chilly Reception\n|\n|-weather|Snow|[upkeep]\n|-damage|p2b: Garchomp|33\/100 tox|[from] psn\n|-damage|p2b: Garchomp|21\/100 tox|[from] move: Infestation|[partiallytrapped]\n|upkeep\n|turn|16\n|\n|t:|1699035226\n|move|p1a: The Cycle|Shed Tail|p1a: The Cycle\n|-start|p1a: The Cycle|Substitute|[from] move: Shed Tail\n|-damage|p1a: The Cycle|30\/100\n|\n|t:|1699035262\n|switch|p1a: The Egg|Chansey, F|100\/100|[from] Shed Tail\n|move|p2a: Greninja|Dark Pulse|p1b: The Pex\n|-damage|p1b: The Pex|91\/100\n|move|p2b: Garchomp|Draco Meteor|p1a: The Egg\n|-activate|p1a: The Egg|move: Substitute|[damage]\n|-unboost|p2b: Garchomp|spa|2\n|cant|p1b: The Pex|flinch\n|\n|-weather|Snow|[upkeep]\n|-heal|p1b: The Pex|98\/100|[from] item: Leftovers\n|-damage|p2b: Garchomp|0 fnt|[from] psn\n|faint|p2b: Garchomp\n|upkeep\n|\n|t:|1699035274\n|switch|p2b: Tyranitar|Tyranitar, M|100\/100\n|-damage|p2b: Tyranitar|84\/100|[from] Spikes\n|-weather|Sandstorm|[from] ability: Sand Stream|[of] p2b: Tyranitar\n|turn|17\n|\n|t:|1699035304\n|move|p2a: Greninja|Dark Pulse|p1a: The Egg\n|-end|p1a: The Egg|Substitute\n|move|p2b: Tyranitar|Power Gem|p1b: The Pex\n|-damage|p1b: The Pex|89\/100\n|move|p1a: The Egg|Life Dew||[still]|[spread] p1a,p1b\n|-fail|p1a: The Egg|heal\n|-heal|p1b: The Pex|100\/100\n|move|p1b: The Pex|Toxic|p2b: Tyranitar\n|-status|p2b: Tyranitar|tox\n|\n|-weather|Sandstorm|[upkeep]\n|-damage|p2a: Greninja|78\/100|[from] Sandstorm\n|-damage|p1a: The Egg|94\/100|[from] Sandstorm\n|-damage|p1b: The Pex|94\/100|[from] Sandstorm\n|-heal|p1b: The Pex|100\/100|[from] item: Leftovers\n|-damage|p2b: Tyranitar|78\/100 tox|[from] psn\n|upkeep\n|turn|18\n|\n|t:|1699035323\n|move|p2a: Greninja|Dark Pulse|p1a: The Egg\n|-damage|p1a: The Egg|85\/100\n|move|p2b: Tyranitar|Earthquake|p1a: The Egg|[spread] p2a,p1a,p1b\n|-supereffective|p1b: The Pex\n|-crit|p1b: The Pex\n|-damage|p2a: Greninja|46\/100\n|-damage|p1a: The Egg|70\/100\n|-damage|p1b: The Pex|50\/100\n|move|p1a: The Egg|Life Dew|p1a: The Egg|[spread] p1a,p1b\n|-heal|p1a: The Egg|95\/100\n|-heal|p1b: The Pex|75\/100\n|move|p1b: The Pex|Toxic|p2a: Greninja\n|-status|p2a: Greninja|tox\n|\n|-weather|Sandstorm|[upkeep]\n|-damage|p2a: Greninja|40\/100 tox|[from] Sandstorm\n|-damage|p1a: The Egg|89\/100|[from] Sandstorm\n|-damage|p1b: The Pex|69\/100|[from] Sandstorm\n|-heal|p1b: The Pex|75\/100|[from] item: Leftovers\n|-damage|p2a: Greninja|34\/100 tox|[from] psn\n|-damage|p2b: Tyranitar|66\/100 tox|[from] psn\n|upkeep\n|turn|19\n|\n|t:|1699035347\n|move|p2a: Greninja|Dark Pulse|p1b: The Pex\n|-damage|p1b: The Pex|66\/100\n|move|p2b: Tyranitar|Fire Blast|p1a: The Egg\n|-damage|p1a: The Egg|81\/100\n|move|p1a: The Egg|Life Dew|p1a: The Egg|[spread] p1a,p1b\n|-heal|p1a: The Egg|100\/100\n|-heal|p1b: The Pex|91\/100\n|move|p1b: The Pex|Infestation|p2a: Greninja\n|-supereffective|p2a: Greninja\n|-damage|p2a: Greninja|25\/100 tox\n|-activate|p2a: Greninja|move: Infestation|[of] p1b: The Pex\n|\n|-weather|Sandstorm|[upkeep]\n|-damage|p2a: Greninja|19\/100 tox|[from] Sandstorm\n|-damage|p1a: The Egg|94\/100|[from] Sandstorm\n|-damage|p1b: The Pex|85\/100|[from] Sandstorm\n|-heal|p1b: The Pex|91\/100|[from] item: Leftovers\n|-damage|p2a: Greninja|7\/100 tox|[from] psn\n|-damage|p2b: Tyranitar|48\/100 tox|[from] psn\n|-damage|p2a: Greninja|0 fnt|[from] move: Infestation|[partiallytrapped]\n|faint|p2a: Greninja\n|upkeep\n|turn|20\n|\n|t:|1699035371\n|move|p2b: Tyranitar|Earthquake|p1a: The Egg|[spread] p1a,p1b\n|-supereffective|p1b: The Pex\n|-damage|p1a: The Egg|80\/100\n|-damage|p1b: The Pex|78\/100\n|move|p1a: The Egg|Life Dew|p1a: The Egg|[spread] p1a,p1b\n|-heal|p1a: The Egg|100\/100\n|-heal|p1b: The Pex|100\/100\n|move|p1b: The Pex|Infestation|p2b: Tyranitar\n|-supereffective|p2b: Tyranitar\n|-damage|p2b: Tyranitar|44\/100 tox\n|-activate|p2b: Tyranitar|move: Infestation|[of] p1b: The Pex\n|\n|-weather|Sandstorm|[upkeep]\n|-damage|p1a: The Egg|94\/100|[from] Sandstorm\n|-damage|p1b: The Pex|94\/100|[from] Sandstorm\n|-heal|p1b: The Pex|100\/100|[from] item: Leftovers\n|-damage|p2b: Tyranitar|20\/100 tox|[from] psn\n|-damage|p2b: Tyranitar|8\/100 tox|[from] move: Infestation|[partiallytrapped]\n|upkeep\n|-enditem|p2b: Tyranitar|Aguav Berry|[eat]\n|-heal|p2b: Tyranitar|41\/100 tox|[from] item: Aguav Berry\n|turn|21\n|-message|DON_MERINO forfeited.\n|\n|win|6_6 asdfg\n|raw|6_6 asdfg's rating: 1000 &rarr; <strong>1040<\/strong><br \/>(+40 for winning)\n|raw|DON_MERINO's rating: 1000 &rarr; <strong>1000<\/strong><br \/>(+0 for losing)\n|l|\u2606DON_MERINO\n","uploadtime":1699035407,"views":29,"p1id":"66asdfg","p2id":"donmerino","formatid":"gen9doublesou","rating":1000,"private":0,"password":""}