{"id":"gen9doublesou-2000205477","p1":"IceMan768","p2":"aGell_O","format":"[Gen 9] Doubles OU","log":"|j|\u2606IceMan768\n|j|\u2606aGell_O\n|t:|1701171891\n|gametype|doubles\n|player|p1|IceMan768|volkner|1362\n|player|p2|aGell_O|ninjaboy|1310\n|teamsize|p1|6\n|teamsize|p2|6\n|gen|9\n|tier|[Gen 9] Doubles OU\n|rated|\n|rule|Species Clause: Limit one of each Pok\u00e9mon\n|rule|OHKO Clause: OHKO moves are banned\n|rule|Evasion Moves Clause: Evasion moves are banned\n|rule|Gravity Sleep Clause: The combination of sleep-inducing moves with imperfect accuracy and Gravity or Gigantamax Orbeetle are banned\n|rule|Endless Battle Clause: Forcing endless battles is banned\n|rule|HP Percentage Mod: HP is shown in percentages\n|clearpoke\n|poke|p1|Snorlax, F|\n|poke|p1|Sinistcha|\n|poke|p1|Landorus-Therian, M|\n|poke|p1|Iron Hands|\n|poke|p1|Clefairy, F|\n|poke|p1|Kommo-o, M|\n|poke|p2|Ursaluna, M|\n|poke|p2|Hatterene, F|\n|poke|p2|Diancie|\n|poke|p2|Volcanion|\n|poke|p2|Grimmsnarl, M|\n|poke|p2|Amoonguss, F|\n|teampreview\n|inactive|Battle timer is ON: inactive players will automatically lose when time's up. (requested by aGell_O)\n|\n|t:|1701171913\n|start\n|switch|p1a: Iron Hands|Iron Hands, shiny|100\/100\n|switch|p1b: Snorlax|Snorlax, F, shiny|100\/100\n|switch|p2a: Hatterene|Hatterene, F|100\/100\n|switch|p2b: Grimmsnarl|Grimmsnarl, M|100\/100\n|turn|1\n|\n|t:|1701171933\n|move|p1a: Iron Hands|Fake Out|p2a: Hatterene\n|-damage|p2a: Hatterene|86\/100\n|move|p2b: Grimmsnarl|Fake Out|p1b: Snorlax\n|-damage|p1b: Snorlax|93\/100\n|cant|p1b: Snorlax|flinch\n|cant|p2a: Hatterene|flinch\n|\n|upkeep\n|turn|2\n|inactive|aGell_O has 120 seconds left.\n|\n|t:|1701171966\n|move|p2b: Grimmsnarl|Parting Shot|p1b: Snorlax\n|-unboost|p1b: Snorlax|atk|1\n|-unboost|p1b: Snorlax|spa|1\n|inactive|aGell_O has 120 seconds left.\n|\n|t:|1701171976\n|switch|p2b: Ursaluna|Ursaluna, M|100\/100|[from] Parting Shot\n|move|p1a: Iron Hands|Drain Punch|p2b: Ursaluna\n|-supereffective|p2b: Ursaluna\n|-damage|p2b: Ursaluna|41\/100\n|move|p1b: Snorlax|Belly Drum|p1b: Snorlax\n|-damage|p1b: Snorlax|43\/100\n|-setboost|p1b: Snorlax|atk|6|[from] move: Belly Drum\n|-enditem|p1b: Snorlax|Sitrus Berry|[eat]\n|-heal|p1b: Snorlax|68\/100|[from] item: Sitrus Berry\n|move|p2a: Hatterene|Trick Room|p2a: Hatterene\n|-fieldstart|move: Trick Room|[of] p2a: Hatterene\n|\n|-status|p2b: Ursaluna|brn|[from] item: Flame Orb\n|upkeep\n|turn|3\n|inactive|aGell_O has 120 seconds left.\n|c|\u2606IceMan768|??\n|inactive|IceMan768 has 120 seconds left.\n|c|\u2606IceMan768|trick room when i got a snorlax\n|c|\u2606IceMan768|okay\n|\n|t:|1701172015\n|switch|p2a: Amoonguss|Amoonguss, F|100\/100\n|-end|p1a: Iron Hands|Quark Drive|[silent]\n|switch|p1a: Clefairy|Clefairy, F|100\/100\n|-terastallize|p2b: Ursaluna|Ghost\n|move|p1b: Snorlax|Facade|p2b: Ursaluna\n|-immune|p2b: Ursaluna\n|move|p2b: Ursaluna|Facade|p1b: Snorlax\n|-damage|p1b: Snorlax|6\/100\n|\n|-damage|p2b: Ursaluna|35\/100 brn|[from] brn\n|upkeep\n|turn|4\n|\n|t:|1701172035\n|move|p1a: Clefairy|Follow Me|p1a: Clefairy\n|-singleturn|p1a: Clefairy|move: Follow Me\n|move|p1b: Snorlax|High Horsepower|p2b: Ursaluna\n|-crit|p2b: Ursaluna\n|-damage|p2b: Ursaluna|0 fnt\n|faint|p2b: Ursaluna\n|move|p2a: Amoonguss|Spore|p1a: Clefairy\n|-status|p1a: Clefairy|slp|[from] move: Spore\n|\n|upkeep\n|\n|t:|1701172048\n|switch|p2b: Grimmsnarl|Grimmsnarl, M|100\/100\n|turn|5\n|\n|t:|1701172067\n|switch|p1a: Sinistcha|Sinistcha|100\/100\n|-heal|p1b: Snorlax|31\/100|[from] ability: Hospitality|[of] p1a: Sinistcha\n|move|p2b: Grimmsnarl|Fake Out|p1b: Snorlax\n|-damage|p1b: Snorlax|24\/100\n|move|p2a: Amoonguss|Spore|p1b: Snorlax\n|-status|p1b: Snorlax|slp|[from] move: Spore\n|cant|p1b: Snorlax|slp\n|\n|upkeep\n|turn|6\n|inactive|IceMan768 has 120 seconds left.\n|\n|t:|1701172097\n|switch|p2a: Volcanion|Volcanion|100\/100\n|-curestatus|p1b: Snorlax|slp|[msg]\n|move|p1b: Snorlax|Protect|p1b: Snorlax\n|-singleturn|p1b: Snorlax|Protect\n|move|p2b: Grimmsnarl|Reflect|p2b: Grimmsnarl\n|-sidestart|p2: aGell_O|Reflect\n|move|p1a: Sinistcha|Matcha Gotcha|p2a: Volcanion|[spread] p2a,p2b\n|-damage|p2a: Volcanion|84\/100\n|-damage|p2b: Grimmsnarl|82\/100\n|-status|p2b: Grimmsnarl|brn\n|\n|-damage|p2b: Grimmsnarl|76\/100 brn|[from] brn\n|-fieldend|move: Trick Room\n|upkeep\n|turn|7\n|\n|t:|1701172115\n|move|p2b: Grimmsnarl|Parting Shot|p1b: Snorlax\n|-unboost|p1b: Snorlax|atk|1\n|-unboost|p1b: Snorlax|spa|1\n|\n|t:|1701172122\n|switch|p2b: Diancie|Diancie|100\/100|[from] Parting Shot\n|move|p2a: Volcanion|Steam Eruption|p1b: Snorlax\n|-damage|p1b: Snorlax|0 fnt\n|faint|p1b: Snorlax\n|move|p1a: Sinistcha|Trick Room|p1a: Sinistcha\n|-fieldstart|move: Trick Room|[of] p1a: Sinistcha\n|\n|upkeep\n|\n|t:|1701172129\n|switch|p1b: Iron Hands|Iron Hands, shiny|100\/100\n|turn|8\n|\n|t:|1701172147\n|move|p1b: Iron Hands|Fake Out|p2a: Volcanion\n|-damage|p2a: Volcanion|75\/100\n|move|p2b: Diancie|Diamond Storm|p1a: Sinistcha|[spread] p1a,p1b\n|-resisted|p1b: Iron Hands\n|-damage|p1a: Sinistcha|78\/100\n|-damage|p1b: Iron Hands|88\/100\n|move|p1a: Sinistcha|Matcha Gotcha|p2a: Volcanion|[spread] p2a,p2b\n|-supereffective|p2b: Diancie\n|-damage|p2a: Volcanion|59\/100\n|-heal|p1a: Sinistcha|86\/100|[from] drain|[of] p2a: Volcanion\n|-damage|p2b: Diancie|65\/100\n|-heal|p1a: Sinistcha|100\/100|[from] drain|[of] p2b: Diancie\n|-enditem|p2b: Diancie|Weakness Policy\n|-boost|p2b: Diancie|atk|2|[from] item: Weakness Policy\n|-boost|p2b: Diancie|spa|2|[from] item: Weakness Policy\n|cant|p2a: Volcanion|flinch\n|\n|upkeep\n|turn|9\n|inactive|IceMan768 has 120 seconds left.\n|\n|t:|1701172199\n|move|p2b: Diancie|Body Press|p1b: Iron Hands\n|-damage|p1b: Iron Hands|69\/100\n|move|p1b: Iron Hands|Heavy Slam|p2b: Diancie\n|-supereffective|p2b: Diancie\n|-damage|p2b: Diancie|0 fnt\n|faint|p2b: Diancie\n|move|p1a: Sinistcha|Strength Sap|p2a: Volcanion\n|-unboost|p2a: Volcanion|atk|1\n|move|p2a: Volcanion|Heat Wave|p1a: Sinistcha|[spread] p1a,p1b\n|-supereffective|p1a: Sinistcha\n|-damage|p1a: Sinistcha|5\/100\n|-damage|p1b: Iron Hands|48\/100\n|\n|upkeep\n|inactive|aGell_O has 120 seconds left.\n|\n|t:|1701172216\n|switch|p2b: Amoonguss|Amoonguss, F|100\/100\n|turn|10\n|inactive|IceMan768 has 120 seconds left.\n|\n|t:|1701172229\n|move|p2b: Amoonguss|Pollen Puff|p2a: Volcanion\n|-heal|p2a: Volcanion|100\/100\n|move|p1b: Iron Hands|Wild Charge|p2a: Volcanion\n|-supereffective|p2a: Volcanion\n|-damage|p2a: Volcanion|50\/100\n|-damage|p1b: Iron Hands|38\/100|[from] Recoil\n|move|p1a: Sinistcha|Strength Sap|p2a: Volcanion\n|-unboost|p2a: Volcanion|atk|1\n|-heal|p1a: Sinistcha|44\/100\n|move|p2a: Volcanion|Heat Wave|p1a: Sinistcha|[spread] p1a,p1b\n|-supereffective|p1a: Sinistcha\n|-damage|p1a: Sinistcha|0 fnt\n|-damage|p1b: Iron Hands|20\/100\n|faint|p1a: Sinistcha\n|\n|upkeep\n|inactive|IceMan768 has 120 seconds left.\n|\n|t:|1701172245\n|switch|p1a: Landorus|Landorus-Therian, M, shiny|100\/100\n|-ability|p1a: Landorus|Intimidate|boost\n|-unboost|p2a: Volcanion|atk|1\n|-unboost|p2b: Amoonguss|atk|1\n|turn|11\n|inactive|IceMan768 has 120 seconds left.\n|\n|t:|1701172273\n|-terastallize|p1a: Landorus|Flying\n|move|p2b: Amoonguss|Rage Powder|p2b: Amoonguss\n|-singleturn|p2b: Amoonguss|move: Rage Powder\n|move|p1b: Iron Hands|Wild Charge|p2b: Amoonguss\n|-resisted|p2b: Amoonguss\n|-damage|p2b: Amoonguss|85\/100\n|-damage|p1b: Iron Hands|16\/100|[from] Recoil\n|move|p2a: Volcanion|Steam Eruption|p1a: Landorus\n|-damage|p1a: Landorus|20\/100\n|move|p1a: Landorus|Tera Blast|p2b: Amoonguss|[anim] Tera Blast Flying\n|-supereffective|p2b: Amoonguss\n|-damage|p2b: Amoonguss|17\/100\n|-enditem|p2b: Amoonguss|Sitrus Berry|[eat]\n|-heal|p2b: Amoonguss|42\/100|[from] item: Sitrus Berry\n|\n|-fieldend|move: Trick Room\n|upkeep\n|turn|12\n|inactive|IceMan768 has 120 seconds left.\n|\n|t:|1701172292\n|move|p2b: Amoonguss|Rage Powder|p2b: Amoonguss\n|-singleturn|p2b: Amoonguss|move: Rage Powder\n|move|p1a: Landorus|Tera Blast|p2b: Amoonguss|[anim] Tera Blast Flying\n|-supereffective|p2b: Amoonguss\n|-damage|p2b: Amoonguss|0 fnt\n|faint|p2b: Amoonguss\n|move|p2a: Volcanion|Heat Wave|p1b: Iron Hands|[spread] p1a,p1b\n|-crit|p1b: Iron Hands\n|-damage|p1a: Landorus|0 fnt\n|-damage|p1b: Iron Hands|0 fnt\n|faint|p1a: Landorus\n|faint|p1b: Iron Hands\n|-end|p1b: Iron Hands|Quark Drive|[silent]\n|\n|upkeep\n|\n|t:|1701172304\n|switch|p1a: Kommo-o|Kommo-o, M|100\/100\n|switch|p1b: Clefairy|Clefairy, F|100\/100 slp\n|switch|p2b: Hatterene|Hatterene, F|86\/100\n|turn|13\n|inactive|aGell_O has 120 seconds left.\n|\n|t:|1701172353\n|cant|p1b: Clefairy|slp\n|move|p1a: Kommo-o|Clangorous Soul|p1a: Kommo-o\n|-boost|p1a: Kommo-o|atk|1\n|-boost|p1a: Kommo-o|def|1\n|-boost|p1a: Kommo-o|spa|1\n|-boost|p1a: Kommo-o|spd|1\n|-boost|p1a: Kommo-o|spe|1\n|-damage|p1a: Kommo-o|68\/100\n|-enditem|p1a: Kommo-o|Throat Spray\n|-boost|p1a: Kommo-o|spa|1|[from] item: Throat Spray\n|move|p2a: Volcanion|Sludge Bomb|p1a: Kommo-o\n|-immune|p1a: Kommo-o|[from] ability: Bulletproof\n|move|p2b: Hatterene|Trick Room|p2b: Hatterene\n|-fieldstart|move: Trick Room|[of] p2b: Hatterene\n|\n|-sideend|p2: aGell_O|Reflect\n|upkeep\n|turn|14\n|inactive|aGell_O has 120 seconds left.\n|\n|t:|1701172370\n|cant|p1b: Clefairy|slp\n|move|p2b: Hatterene|Dazzling Gleam|p1a: Kommo-o|[spread] p1a,p1b\n|-supereffective|p1a: Kommo-o\n|-damage|p1a: Kommo-o|10\/100\n|-damage|p1b: Clefairy|82\/100 slp\n|move|p2a: Volcanion|Sludge Bomb|p1a: Kommo-o\n|-immune|p1a: Kommo-o|[from] ability: Bulletproof\n|move|p1a: Kommo-o|Flash Cannon|p2b: Hatterene\n|-supereffective|p2b: Hatterene\n|-damage|p2b: Hatterene|0 fnt\n|faint|p2b: Hatterene\n|\n|upkeep\n|inactive|aGell_O has 120 seconds left.\n|\n|t:|1701172386\n|switch|p2b: Grimmsnarl|Grimmsnarl, M|76\/100 brn\n|turn|15\n|\n|t:|1701172394\n|move|p1a: Kommo-o|Protect|p1a: Kommo-o\n|-singleturn|p1a: Kommo-o|Protect\n|move|p2b: Grimmsnarl|Fake Out|p1a: Kommo-o\n|-activate|p1a: Kommo-o|move: Protect\n|-curestatus|p1b: Clefairy|slp|[msg]\n|move|p1b: Clefairy|Follow Me|p1b: Clefairy\n|-singleturn|p1b: Clefairy|move: Follow Me\n|move|p2a: Volcanion|Earth Power|p1b: Clefairy\n|-damage|p1b: Clefairy|59\/100\n|\n|-damage|p2b: Grimmsnarl|70\/100 brn|[from] brn\n|upkeep\n|turn|16\n|\n|t:|1701172414\n|move|p2b: Grimmsnarl|Light Screen|p2b: Grimmsnarl\n|-sidestart|p2: aGell_O|move: Light Screen\n|move|p1b: Clefairy|Heal Pulse|p1a: Kommo-o\n|-heal|p1a: Kommo-o|60\/100\n|move|p2a: Volcanion|Heat Wave|p1b: Clefairy|[spread] p1a,p1b\n|-resisted|p1a: Kommo-o\n|-damage|p1a: Kommo-o|50\/100\n|-damage|p1b: Clefairy|30\/100\n|move|p1a: Kommo-o|Clanging Scales|p2a: Volcanion|[spread] p2a\n|-immune|p2b: Grimmsnarl\n|-damage|p2a: Volcanion|12\/100\n|-unboost|p1a: Kommo-o|def|1\n|\n|-damage|p2b: Grimmsnarl|64\/100 brn|[from] brn\n|upkeep\n|turn|17\n|\n|t:|1701172436\n|move|p2b: Grimmsnarl|Parting Shot|p1a: Kommo-o\n|-unboost|p1a: Kommo-o|atk|1\n|-unboost|p1a: Kommo-o|spa|1\n|move|p1b: Clefairy|Heal Pulse|p1a: Kommo-o\n|-heal|p1a: Kommo-o|100\/100\n|move|p2a: Volcanion|Earth Power|p1a: Kommo-o\n|-damage|p1a: Kommo-o|82\/100\n|move|p1a: Kommo-o|Flash Cannon|p2b: Grimmsnarl\n|-supereffective|p2b: Grimmsnarl\n|-damage|p2b: Grimmsnarl|23\/100 brn\n|\n|-damage|p2b: Grimmsnarl|17\/100 brn|[from] brn\n|-fieldend|move: Trick Room\n|upkeep\n|turn|18\n|-message|aGell_O forfeited.\n|\n|win|IceMan768\n|raw|IceMan768's rating: 1362 &rarr; <strong>1379<\/strong><br \/>(+17 for winning)\n|raw|aGell_O's rating: 1310 &rarr; <strong>1293<\/strong><br \/>(-17 for losing)\n|l|\u2606aGell_O\n|c|\u2606IceMan768|??\n|c|\u2606IceMan768|okay\n","uploadtime":1701172647,"views":8,"p1id":"iceman768","p2id":"agello","formatid":"gen9doublesou","rating":1293,"private":0,"password":""}