{"id":"gen9doublesou-2000570784","p1":"DoubleJumping","p2":"gambletammble","format":"[Gen 9] Doubles OU","log":"|j|\u2606DoubleJumping\n|j|\u203dgambletammble\n|t:|1701206362\n|gametype|doubles\n|player|p1|DoubleJumping|169|1051\n|player|p2|gambletammble|101|1000\n|teamsize|p1|6\n|teamsize|p2|6\n|gen|9\n|tier|[Gen 9] Doubles OU\n|rated|\n|rule|Species Clause: Limit one of each Pok\u00e9mon\n|rule|OHKO Clause: OHKO moves are banned\n|rule|Evasion Moves Clause: Evasion moves are banned\n|rule|Gravity Sleep Clause: The combination of sleep-inducing moves with imperfect accuracy and Gravity or Gigantamax Orbeetle are banned\n|rule|Endless Battle Clause: Forcing endless battles is banned\n|rule|HP Percentage Mod: HP is shown in percentages\n|clearpoke\n|poke|p1|Clefable, M|\n|poke|p1|Armarouge, F|\n|poke|p1|Indeedee, M|\n|poke|p1|Maushold|\n|poke|p1|Oranguru, F|\n|poke|p1|Lycanroc-Dusk, M|\n|poke|p2|Dusknoir, M|\n|poke|p2|Tauros-Paldea-Aqua, M|\n|poke|p2|Sableye, F|\n|poke|p2|Abomasnow, F|\n|poke|p2|Sandslash-Alola, M|\n|poke|p2|Politoed, M|\n|teampreview\n|\n|t:|1701206401\n|start\n|switch|p1a: Armarouge|Armarouge, F|100\/100\n|switch|p1b: Clefable|Clefable, M|100\/100\n|switch|p2a: Sableye|Sableye, F|100\/100\n|switch|p2b: Dusknoir|Dusknoir, M|100\/100\n|-item|p1a: Armarouge|Psychic Seed|[from] ability: Frisk|[of] p2b: Dusknoir|[identify]\n|-item|p1b: Clefable|Eviolite|[from] ability: Frisk|[of] p2b: Dusknoir|[identify]\n|turn|1\n|\n|t:|1701206415\n|move|p1b: Clefable|Follow Me|p1b: Clefable\n|-singleturn|p1b: Clefable|move: Follow Me\n|move|p2a: Sableye|Light Screen|p2a: Sableye\n|-sidestart|p2: gambletammble|move: Light Screen\n|move|p1a: Armarouge|Calm Mind|p1a: Armarouge\n|-boost|p1a: Armarouge|spa|1\n|-boost|p1a: Armarouge|spd|1\n|move|p2b: Dusknoir|Payback|p1b: Clefable\n|-resisted|p1b: Clefable\n|-damage|p1b: Clefable|83\/100\n|\n|upkeep\n|turn|2\n|\n|t:|1701206441\n|move|p2b: Dusknoir|Protect|p2b: Dusknoir\n|-singleturn|p2b: Dusknoir|Protect\n|move|p1b: Clefable|Follow Me|p1b: Clefable\n|-singleturn|p1b: Clefable|move: Follow Me\n|move|p2a: Sableye|Encore|p1b: Clefable\n|-start|p1b: Clefable|Encore\n|move|p1a: Armarouge|Calm Mind|p1a: Armarouge\n|-boost|p1a: Armarouge|spa|1\n|-boost|p1a: Armarouge|spd|1\n|\n|upkeep\n|turn|3\n|\n|t:|1701206467\n|switch|p1b: Indeedee|Indeedee, M|100\/100\n|-fieldstart|move: Psychic Terrain|[from] ability: Psychic Surge|[of] p1b: Indeedee\n|-enditem|p1a: Armarouge|Psychic Seed\n|-boost|p1a: Armarouge|spd|1|[from] item: Psychic Seed\n|-enditem|p1b: Indeedee|Psychic Seed\n|-boost|p1b: Indeedee|spd|1|[from] item: Psychic Seed\n|switch|p2a: Abomasnow|Abomasnow, F|100\/100\n|-weather|Snow|[from] ability: Snow Warning|[of] p2a: Abomasnow\n|switch|p2b: Sandslash|Sandslash-Alola, M|100\/100\n|move|p1a: Armarouge|Protect||[still]\n|-fail|p1a: Armarouge\n|\n|-weather|Snow|[upkeep]\n|upkeep\n|turn|4\n|\n|t:|1701206495\n|-terastallize|p2b: Sandslash|Ice\n|move|p1b: Indeedee|Helping Hand|p1a: Armarouge\n|-singleturn|p1a: Armarouge|Helping Hand|[of] p1b: Indeedee\n|move|p1a: Armarouge|Expanding Force|p2b: Sandslash|[spread] p2a,p2b\n|-crit|p2a: Abomasnow\n|-enditem|p2a: Abomasnow|Focus Sash\n|-damage|p2a: Abomasnow|1\/100\n|-damage|p2b: Sandslash|0 fnt\n|faint|p2b: Sandslash\n|move|p2a: Abomasnow|Earthquake|p1a: Armarouge|[spread] p1a,p1b\n|-supereffective|p1a: Armarouge\n|-damage|p1a: Armarouge|66\/100\n|-damage|p1b: Indeedee|71\/100\n|\n|-weather|Snow|[upkeep]\n|upkeep\n|\n|t:|1701206517\n|switch|p2b: Politoed|Politoed, M|100\/100\n|-weather|RainDance|[from] ability: Drizzle|[of] p2b: Politoed\n|turn|5\n|\n|t:|1701206533\n|move|p1a: Armarouge|Flame Charge|p2a: Abomasnow\n|-supereffective|p2a: Abomasnow\n|-damage|p2a: Abomasnow|0 fnt\n|-boost|p1a: Armarouge|spe|1\n|faint|p2a: Abomasnow\n|move|p1b: Indeedee|Psyshock|p2b: Politoed\n|-damage|p2b: Politoed|65\/100\n|move|p2b: Politoed|Ice Beam|p1a: Armarouge\n|-resisted|p1a: Armarouge\n|-damage|p1a: Armarouge|58\/100\n|\n|-weather|RainDance|[upkeep]\n|-heal|p2b: Politoed|71\/100|[from] item: Leftovers\n|-sideend|p2: gambletammble|move: Light Screen\n|upkeep\n|\n|t:|1701206547\n|switch|p2a: Tauros|Tauros-Paldea-Aqua, M|100\/100\n|turn|6\n|\n|t:|1701206558\n|move|p1b: Indeedee|Helping Hand|p1a: Armarouge\n|-singleturn|p1a: Armarouge|Helping Hand|[of] p1b: Indeedee\n|move|p1a: Armarouge|Expanding Force|p2a: Tauros|[spread] p2a,p2b\n|-supereffective|p2a: Tauros\n|-damage|p2a: Tauros|0 fnt\n|-damage|p2b: Politoed|0 fnt\n|faint|p2a: Tauros\n|faint|p2b: Politoed\n|\n|-weather|RainDance|[upkeep]\n|upkeep\n|\n|t:|1701206561\n|switch|p2a: Dusknoir|Dusknoir, M|100\/100\n|switch|p2b: Sableye|Sableye, F|100\/100\n|turn|7\n|\n|t:|1701206598\n|move|p1b: Indeedee|Helping Hand|p1a: Armarouge\n|-singleturn|p1a: Armarouge|Helping Hand|[of] p1b: Indeedee\n|move|p2b: Sableye|Light Screen|p2b: Sableye\n|-sidestart|p2: gambletammble|move: Light Screen\n|move|p1a: Armarouge|Expanding Force|p2b: Sableye|[spread] p2a\n|-immune|p2b: Sableye\n|-damage|p2a: Dusknoir|0 fnt\n|faint|p2a: Dusknoir\n|\n|-weather|RainDance|[upkeep]\n|-fieldend|move: Psychic Terrain\n|upkeep\n|turn|8\n|-message|gambletammble forfeited.\n|\n|win|DoubleJumping\n|raw|DoubleJumping's rating: 1051 &rarr; <strong>1079<\/strong><br \/>(+28 for winning)\n|raw|gambletammble's rating: 1000 &rarr; <strong>1000<\/strong><br \/>(+0 for losing)\n|l|\u203dgambletammble\n","uploadtime":1701206626,"views":3,"p1id":"doublejumping","p2id":"gambletammble","formatid":"gen9doublesou","rating":1000,"private":0,"password":""}