{"id":"gen9doublesou-1968839104","p1":"Warre_beans","p2":"hmmnvm","format":"[Gen 9] Doubles OU","log":"|j|\u2606Warre_beans\n|j|\u2606hmmnvm\n|t:|1697469055\n|gametype|doubles\n|player|p1|Warre_beans|galacticgrunt|1031\n|player|p2|hmmnvm|170|1000\n|teamsize|p1|6\n|teamsize|p2|6\n|gen|9\n|tier|[Gen 9] Doubles OU\n|rated|\n|rule|Species Clause: Limit one of each Pok\u00e9mon\n|rule|OHKO Clause: OHKO moves are banned\n|rule|Evasion Moves Clause: Evasion moves are banned\n|rule|Gravity Sleep Clause: The combination of sleep-inducing moves with imperfect accuracy and Gravity or Gigantamax Orbeetle are banned\n|rule|Endless Battle Clause: Forcing endless battles is banned\n|rule|HP Percentage Mod: HP is shown in percentages\n|clearpoke\n|poke|p1|Zoroark-Hisui, M|\n|poke|p1|Maushold-Four|\n|poke|p1|Amoonguss, F|\n|poke|p1|Tornadus, M|\n|poke|p1|Sandaconda, F|\n|poke|p1|Indeedee-F, F|\n|poke|p2|Clodsire, F|\n|poke|p2|Gliscor, F|\n|poke|p2|Iron Moth|\n|poke|p2|Grimmsnarl, M|\n|poke|p2|Amoonguss, M|\n|poke|p2|Okidogi, M|\n|teampreview\n|inactive|Battle timer is ON: inactive players will automatically lose when time's up. (requested by Warre_beans)\n|\n|t:|1697469064\n|start\n|switch|p1a: Indeed|Indeedee-F, F|100\/100\n|switch|p1b: Bang|Sandaconda, F|100\/100\n|switch|p2a: Grimmsnarl|Grimmsnarl, M|100\/100\n|switch|p2b: Clodsire|Clodsire, F|100\/100\n|turn|1\n|c|\u2606Warre_beans|Glhf\n|\n|t:|1697469078\n|move|p1a: Indeed|Fake Out|p2b: Clodsire\n|-damage|p2b: Clodsire|91\/100\n|move|p2a: Grimmsnarl|Reflect|p2a: Grimmsnarl\n|-sidestart|p2: hmmnvm|Reflect\n|move|p1b: Bang|Coil|p1b: Bang\n|-boost|p1b: Bang|atk|1\n|-boost|p1b: Bang|def|1\n|-boost|p1b: Bang|accuracy|1\n|cant|p2b: Clodsire|flinch\n|\n|upkeep\n|turn|2\n|\n|t:|1697469091\n|move|p1a: Indeed|Follow Me|p1a: Indeed\n|-singleturn|p1a: Indeed|move: Follow Me\n|move|p2a: Grimmsnarl|Light Screen|p2a: Grimmsnarl\n|-sidestart|p2: hmmnvm|move: Light Screen\n|move|p1b: Bang|Coil|p1b: Bang\n|-boost|p1b: Bang|atk|1\n|-boost|p1b: Bang|def|1\n|-boost|p1b: Bang|accuracy|1\n|move|p2b: Clodsire|Stealth Rock|p1b: Bang\n|-sidestart|p1: Warre_beans|move: Stealth Rock\n|\n|upkeep\n|turn|3\n|\n|t:|1697469104\n|move|p1a: Indeed|Light Screen|p1a: Indeed\n|-sidestart|p1: Warre_beans|move: Light Screen\n|move|p1b: Bang|Coil|p1b: Bang\n|-boost|p1b: Bang|atk|1\n|-boost|p1b: Bang|def|1\n|-boost|p1b: Bang|accuracy|1\n|move|p2a: Grimmsnarl|Ice Punch|p1b: Bang\n|-supereffective|p1b: Bang\n|-damage|p1b: Bang|87\/100\n|move|p2b: Clodsire|Spikes|p1b: Bang\n|-sidestart|p1: Warre_beans|Spikes\n|\n|upkeep\n|turn|4\n|\n|t:|1697469116\n|move|p1a: Indeed|Follow Me|p1a: Indeed\n|-singleturn|p1a: Indeed|move: Follow Me\n|move|p1b: Bang|Coil|p1b: Bang\n|-boost|p1b: Bang|atk|1\n|-boost|p1b: Bang|def|1\n|-boost|p1b: Bang|accuracy|1\n|move|p2a: Grimmsnarl|Ice Punch|p1a: Indeed\n|-damage|p1a: Indeed|69\/100\n|move|p2b: Clodsire|Spikes|p1b: Bang\n|-sidestart|p1: Warre_beans|Spikes\n|\n|-heal|p1a: Indeed|75\/100|[from] item: Leftovers\n|upkeep\n|turn|5\n|\n|t:|1697469132\n|move|p1a: Indeed|Follow Me|p1a: Indeed\n|-singleturn|p1a: Indeed|move: Follow Me\n|move|p1b: Bang|Scale Shot|p2b: Clodsire\n|-damage|p2b: Clodsire|77\/100\n|-damage|p2b: Clodsire|63\/100\n|-damage|p2b: Clodsire|49\/100\n|-damage|p2b: Clodsire|36\/100\n|-damage|p2b: Clodsire|22\/100\n|-hitcount|p2b: Clodsire|5\n|-unboost|p1b: Bang|def|1\n|-boost|p1b: Bang|spe|1\n|move|p2a: Grimmsnarl|Dazzling Gleam|p1b: Bang|[spread] p1a,p1b\n|-damage|p1a: Indeed|67\/100\n|-damage|p1b: Bang|75\/100\n|move|p2b: Clodsire|Spikes|p1b: Bang\n|-sidestart|p1: Warre_beans|Spikes\n|\n|-heal|p1a: Indeed|73\/100|[from] item: Leftovers\n|upkeep\n|turn|6\n|\n|t:|1697469155\n|move|p1a: Indeed|Follow Me|p1a: Indeed\n|-singleturn|p1a: Indeed|move: Follow Me\n|move|p1b: Bang|Rock Blast|p2a: Grimmsnarl\n|-damage|p2a: Grimmsnarl|85\/100\n|-damage|p2a: Grimmsnarl|69\/100\n|-damage|p2a: Grimmsnarl|54\/100\n|-damage|p2a: Grimmsnarl|39\/100\n|-damage|p2a: Grimmsnarl|25\/100\n|-hitcount|p2a: Grimmsnarl|5\n|move|p2a: Grimmsnarl|Dazzling Gleam|p1b: Bang|[spread] p1a,p1b\n|-damage|p1a: Indeed|65\/100\n|-damage|p1b: Bang|64\/100\n|move|p2b: Clodsire|Spikes||[still]\n|-fail|p2b: Clodsire\n|\n|-heal|p1a: Indeed|71\/100|[from] item: Leftovers\n|upkeep\n|turn|7\n|\n|t:|1697469174\n|move|p1a: Indeed|Follow Me|p1a: Indeed\n|-singleturn|p1a: Indeed|move: Follow Me\n|move|p1b: Bang|Coil|p1b: Bang\n|-boost|p1b: Bang|atk|1\n|-boost|p1b: Bang|def|1\n|-boost|p1b: Bang|accuracy|1\n|move|p2a: Grimmsnarl|Dazzling Gleam|p1b: Bang|[spread] p1a,p1b\n|-damage|p1a: Indeed|62\/100\n|-damage|p1b: Bang|51\/100\n|move|p2b: Clodsire|Rest|p2b: Clodsire\n|-status|p2b: Clodsire|slp|[from] move: Rest\n|-heal|p2b: Clodsire|100\/100 slp|[silent]\n|\n|-heal|p1a: Indeed|68\/100|[from] item: Leftovers\n|-sideend|p1: Warre_beans|move: Light Screen\n|upkeep\n|turn|8\n|\n|t:|1697469191\n|cant|p2b: Clodsire|slp\n|move|p1a: Indeed|Follow Me|p1a: Indeed\n|-singleturn|p1a: Indeed|move: Follow Me\n|move|p1b: Bang|Coil|p1b: Bang\n|-boost|p1b: Bang|atk|1\n|-boost|p1b: Bang|def|1\n|-boost|p1b: Bang|accuracy|1\n|move|p2a: Grimmsnarl|Dazzling Gleam|p1a: Indeed|[spread] p1a,p1b\n|-crit|p1a: Indeed\n|-crit|p1b: Bang\n|-damage|p1a: Indeed|48\/100\n|-damage|p1b: Bang|25\/100\n|\n|-heal|p1a: Indeed|54\/100|[from] item: Leftovers\n|-sideend|p2: hmmnvm|Reflect\n|upkeep\n|turn|9\n|\n|t:|1697469211\n|switch|p1a: Indeed|Indeedee-F, F|100\/100\n|cant|p2b: Clodsire|slp\n|move|p2a: Grimmsnarl|Reflect|p2a: Grimmsnarl\n|-sidestart|p2: hmmnvm|Reflect\n|move|p1b: Bang|Rock Blast|p2a: Grimmsnarl\n|-damage|p2a: Grimmsnarl|6\/100\n|-damage|p2a: Grimmsnarl|0 fnt\n|faint|p2a: Grimmsnarl\n|-hitcount|p2: Grimmsnarl|2\n|\n|-sideend|p2: hmmnvm|move: Light Screen\n|upkeep\n|\n|t:|1697469227\n|switch|p2a: Iron Moth|Iron Moth|100\/100\n|turn|10\n|\n|t:|1697469241\n|-terastallize|p1a: Indeed|Fire\n|-curestatus|p2b: Clodsire|slp|[msg]\n|move|p2b: Clodsire|Protect|p2b: Clodsire\n|-singleturn|p2b: Clodsire|Protect\n|move|p1a: Indeed|Nasty Plot|p1a: Indeed\n|-boost|p1a: Indeed|spa|2\n|move|p2a: Iron Moth|Flamethrower|p1a: Indeed\n|-resisted|p1a: Indeed\n|-damage|p1a: Indeed|49\/100\n|replace|p1a: Femboi foxo|Zoroark-Hisui, M\n|-end|p1a: Femboi foxo|Illusion\n|move|p1b: Bang|Scale Shot|p2a: Iron Moth\n|-crit|p2a: Iron Moth\n|-damage|p2a: Iron Moth|36\/100\n|-damage|p2a: Iron Moth|8\/100\n|-damage|p2a: Iron Moth|0 fnt\n|faint|p2a: Iron Moth\n|-end|p2a: Iron Moth|Quark Drive|[silent]\n|-hitcount|p2: Iron Moth|3\n|-unboost|p1b: Bang|def|1\n|-boost|p1b: Bang|spe|1\n|\n|upkeep\n|\n|t:|1697469248\n|switch|p2a: Amoonguss|Amoonguss, M|100\/100\n|turn|11\n|\n|t:|1697469273\n|move|p2b: Clodsire|Protect||[still]\n|-fail|p2b: Clodsire\n|move|p1b: Bang|Rock Blast|p2b: Clodsire\n|-resisted|p2b: Clodsire\n|-crit|p2b: Clodsire\n|-damage|p2b: Clodsire|80\/100\n|-resisted|p2b: Clodsire\n|-damage|p2b: Clodsire|71\/100\n|-resisted|p2b: Clodsire\n|-damage|p2b: Clodsire|62\/100\n|-resisted|p2b: Clodsire\n|-damage|p2b: Clodsire|53\/100\n|-hitcount|p2b: Clodsire|4\n|move|p1a: Femboi foxo|Flamethrower|p2a: Amoonguss\n|-supereffective|p2a: Amoonguss\n|-damage|p2a: Amoonguss|0 fnt\n|faint|p2a: Amoonguss\n|\n|upkeep\n|\n|t:|1697469288\n|switch|p2a: Okidogi|Okidogi, M|100\/100\n|turn|12\n|c|\u2606Warre_beans|!weak okidogi\n|c| Warre_beans|\/raw <div class=\"infobox\">Okidogi (ignoring abilities):<br \/><span class=\"message-effect-weak\">Weaknesses<\/span>: Flying, Ground, <b>Psychic<\/b><br \/><span class=\"message-effect-resist\">Resistances<\/span>: <b>Bug<\/b>, Dark, Fighting, Grass, Poison, Rock<br \/><span class=\"message-effect-immune\">Immunities<\/span>: Toxic<\/div>\n|inactive|Warre_beans has 120 seconds left.\n|\n|t:|1697469322\n|move|p2b: Clodsire|Protect|p2b: Clodsire\n|-singleturn|p2b: Clodsire|Protect\n|move|p1b: Bang|Rock Blast|p2a: Okidogi\n|-resisted|p2a: Okidogi\n|-damage|p2a: Okidogi|92\/100\n|-resisted|p2a: Okidogi\n|-damage|p2a: Okidogi|85\/100\n|-resisted|p2a: Okidogi\n|-damage|p2a: Okidogi|77\/100\n|-resisted|p2a: Okidogi\n|-damage|p2a: Okidogi|70\/100\n|-resisted|p2a: Okidogi\n|-damage|p2a: Okidogi|62\/100\n|-hitcount|p2a: Okidogi|5\n|move|p1a: Femboi foxo|Flamethrower|p2a: Okidogi\n|-damage|p2a: Okidogi|0 fnt\n|faint|p2a: Okidogi\n|\n|upkeep\n|\n|t:|1697469337\n|switch|p2a: Gliscor|Gliscor, F, shiny|100\/100\n|turn|13\n|\n|t:|1697469347\n|-terastallize|p2b: Clodsire|Poison\n|move|p2b: Clodsire|Protect||[still]\n|-fail|p2b: Clodsire\n|move|p1b: Bang|Scale Shot|p2b: Clodsire\n|-damage|p2b: Clodsire|34\/100\n|-crit|p2b: Clodsire\n|-damage|p2b: Clodsire|0 fnt\n|faint|p2b: Clodsire\n|-hitcount|p2: Clodsire|2\n|-unboost|p1b: Bang|def|1\n|-boost|p1b: Bang|spe|1\n|move|p1a: Femboi foxo|Flamethrower|p2a: Gliscor\n|-damage|p2a: Gliscor|0 fnt\n|faint|p2a: Gliscor\n|\n|win|Warre_beans\n|raw|Warre_beans's rating: 1031 &rarr; <strong>1063<\/strong><br \/>(+32 for winning)\n|raw|hmmnvm's rating: 1000 &rarr; <strong>1000<\/strong><br \/>(+0 for losing)\n|c|\u2606Warre_beans|Gg\n","uploadtime":1697469367,"views":22,"p1id":"warrebeans","p2id":"hmmnvm","formatid":"gen9doublesou","rating":1000,"private":0,"password":""}