{"id":"gen9doublesou-1974712638","p1":"Thehombre","p2":"KingKRoolIsKool","format":"[Gen 9] Doubles OU","log":"|j|\u2606Thehombre\n|j|\u2606KingKRoolIsKool\n|t:|1698113200\n|gametype|doubles\n|player|p1|Thehombre|265|1111\n|player|p2|KingKRoolIsKool|101|1134\n|teamsize|p1|6\n|teamsize|p2|6\n|gen|9\n|tier|[Gen 9] Doubles OU\n|rated|\n|rule|Species Clause: Limit one of each Pok\u00e9mon\n|rule|OHKO Clause: OHKO moves are banned\n|rule|Evasion Moves Clause: Evasion moves are banned\n|rule|Gravity Sleep Clause: The combination of sleep-inducing moves with imperfect accuracy and Gravity or Gigantamax Orbeetle are banned\n|rule|Endless Battle Clause: Forcing endless battles is banned\n|rule|HP Percentage Mod: HP is shown in percentages\n|clearpoke\n|poke|p1|Fezandipiti, M|\n|poke|p1|Ninetales-Alola, F|\n|poke|p1|Infernape, M|\n|poke|p1|Umbreon, F|\n|poke|p1|Maushold-Four|\n|poke|p1|Great Tusk|\n|poke|p2|Flamigo, F|\n|poke|p2|Clefairy, M|\n|poke|p2|Kommo-o, M|\n|poke|p2|Clefable, F|\n|poke|p2|Slowbro-Galar, F|\n|poke|p2|Torterra, M|\n|teampreview\n|inactive|Battle timer is ON: inactive players will automatically lose when time's up. (requested by Thehombre)\n|\n|t:|1698113211\n|start\n|switch|p1a: Fezandipiti|Fezandipiti, M|100\/100\n|switch|p1b: Ninetales|Ninetales-Alola, F|100\/100\n|switch|p2a: Koma|Kommo-o, M, shiny|100\/100\n|switch|p2b: Micheal Jordan|Clefairy, M, shiny|100\/100\n|-weather|Snow|[from] ability: Snow Warning|[of] p1b: Ninetales\n|turn|1\n|\n|t:|1698113229\n|move|p2b: Micheal Jordan|Follow Me|p2b: Micheal Jordan\n|-singleturn|p2b: Micheal Jordan|move: Follow Me\n|move|p1b: Ninetales|Blizzard|p2b: Micheal Jordan|[spread] p2a,p2b\n|-supereffective|p2a: Koma\n|-damage|p2a: Koma|65\/100\n|-damage|p2b: Micheal Jordan|76\/100\n|move|p1a: Fezandipiti|Icy Wind|p2b: Micheal Jordan|[spread] p2a,p2b\n|-supereffective|p2a: Koma\n|-damage|p2a: Koma|56\/100\n|-damage|p2b: Micheal Jordan|71\/100\n|-unboost|p2a: Koma|spe|1\n|-unboost|p2b: Micheal Jordan|spe|1\n|move|p2a: Koma|Clangorous Soul|p2a: Koma\n|-boost|p2a: Koma|atk|1\n|-boost|p2a: Koma|def|1\n|-boost|p2a: Koma|spa|1\n|-boost|p2a: Koma|spd|1\n|-boost|p2a: Koma|spe|1\n|-damage|p2a: Koma|23\/100\n|\n|-weather|Snow|[upkeep]\n|upkeep\n|turn|2\n|\n|t:|1698113253\n|move|p2b: Micheal Jordan|Protect|p2b: Micheal Jordan\n|-singleturn|p2b: Micheal Jordan|Protect\n|move|p1b: Ninetales|Blizzard|p2b: Micheal Jordan|[spread] p2a\n|-activate|p2b: Micheal Jordan|move: Protect\n|-supereffective|p2a: Koma\n|-damage|p2a: Koma|0 fnt\n|faint|p2a: Koma\n|move|p1a: Fezandipiti|Icy Wind|p2b: Micheal Jordan\n|-activate|p2b: Micheal Jordan|move: Protect\n|\n|-weather|Snow|[upkeep]\n|upkeep\n|inactive|KingKRoolIsKool has 120 seconds left.\n|\n|t:|1698113271\n|switch|p2a: Side Man|Slowbro-Galar, F, shiny|100\/100\n|turn|3\n|\n|t:|1698113283\n|move|p1b: Ninetales|Blizzard|p2b: Micheal Jordan|[spread] p2a,p2b\n|-damage|p2a: Side Man|78\/100\n|-damage|p2b: Micheal Jordan|46\/100\n|move|p1a: Fezandipiti|Icy Wind|p2a: Side Man|[spread] p2a,p2b\n|-damage|p2a: Side Man|72\/100\n|-damage|p2b: Micheal Jordan|40\/100\n|-unboost|p2a: Side Man|spe|1\n|-unboost|p2b: Micheal Jordan|spe|1\n|-status|p2b: Micheal Jordan|tox|[from] ability: Toxic Chain|[of] p1a: Fezandipiti\n|move|p2a: Side Man|Shell Side Arm|p1b: Ninetales|[anim] Shell Side Arm Physical\n|-supereffective|p1b: Ninetales\n|-damage|p1b: Ninetales|27\/100\n|-hint|Physical Shell Side Arm\n|-status|p1b: Ninetales|psn\n|move|p2b: Micheal Jordan|Wish|p2b: Micheal Jordan\n|\n|-weather|Snow|[upkeep]\n|-damage|p1b: Ninetales|15\/100 psn|[from] psn\n|-damage|p2b: Micheal Jordan|34\/100 tox|[from] psn\n|upkeep\n|turn|4\n|-activate|p2a: Side Man|ability: Quick Draw\n|\n|t:|1698113304\n|move|p2b: Micheal Jordan|Protect|p2b: Micheal Jordan\n|-singleturn|p2b: Micheal Jordan|Protect\n|move|p2a: Side Man|Shell Side Arm|p1a: Fezandipiti|[anim] Shell Side Arm Physical\n|-damage|p1a: Fezandipiti|47\/100\n|-hint|Physical Shell Side Arm\n|move|p1b: Ninetales|Aurora Veil|p1b: Ninetales\n|-sidestart|p1: Thehombre|move: Aurora Veil\n|move|p1a: Fezandipiti|Dazzling Gleam|p2b: Micheal Jordan|[spread] p2a\n|-activate|p2b: Micheal Jordan|move: Protect\n|-resisted|p2a: Side Man\n|-damage|p2a: Side Man|67\/100\n|\n|-weather|Snow|[upkeep]\n|-heal|p2b: Micheal Jordan|84\/100 tox|[from] move: Wish|[wisher] Micheal Jordan\n|-heal|p1a: Fezandipiti|53\/100|[from] item: Leftovers\n|-damage|p1b: Ninetales|3\/100 psn|[from] psn\n|-damage|p2b: Micheal Jordan|72\/100 tox|[from] psn\n|upkeep\n|turn|5\n|\n|t:|1698113330\n|move|p1b: Ninetales|Blizzard|p2a: Side Man|[spread] p2a,p2b\n|-damage|p2a: Side Man|42\/100\n|-damage|p2b: Micheal Jordan|49\/100 tox\n|move|p1a: Fezandipiti|Dazzling Gleam|p2b: Micheal Jordan|[spread] p2a,p2b\n|-resisted|p2a: Side Man\n|-damage|p2a: Side Man|37\/100\n|-damage|p2b: Micheal Jordan|37\/100 tox\n|move|p2a: Side Man|Zen Headbutt|p1a: Fezandipiti\n|-supereffective|p1a: Fezandipiti\n|-damage|p1a: Fezandipiti|0 fnt\n|faint|p1a: Fezandipiti\n|move|p2b: Micheal Jordan|Gravity|p2b: Micheal Jordan\n|-fieldstart|move: Gravity\n|\n|-weather|none\n|-damage|p1b: Ninetales|0 fnt|[from] psn\n|faint|p1b: Ninetales\n|-damage|p2b: Micheal Jordan|19\/100 tox|[from] psn\n|upkeep\n|\n|t:|1698113339\n|switch|p1b: Great Tusk|Great Tusk|100\/100\n|switch|p1a: Maushold|Maushold-Four|100\/100\n|turn|6\n|\n|t:|1698113353\n|move|p2b: Micheal Jordan|Follow Me|p2b: Micheal Jordan\n|-singleturn|p2b: Micheal Jordan|move: Follow Me\n|move|p1a: Maushold|Population Bomb|p2b: Micheal Jordan\n|-damage|p2b: Micheal Jordan|7\/100 tox\n|-crit|p2b: Micheal Jordan\n|-damage|p2b: Micheal Jordan|0 fnt\n|faint|p2b: Micheal Jordan\n|-hitcount|p2: Micheal Jordan|2\n|move|p1b: Great Tusk|Stomping Tantrum|p2a: Side Man\n|-supereffective|p2a: Side Man\n|-damage|p2a: Side Man|0 fnt\n|faint|p2a: Side Man\n|\n|upkeep\n|\n|t:|1698113366\n|switch|p2b: Cleftabled|Clefable, F, shiny|100\/100\n|switch|p2a: Cypress|Torterra, M, shiny|100\/100\n|turn|7\n|\n|t:|1698113379\n|move|p2b: Cleftabled|Follow Me|p2b: Cleftabled\n|-singleturn|p2b: Cleftabled|move: Follow Me\n|move|p1a: Maushold|Population Bomb|p2b: Cleftabled\n|-damage|p2b: Cleftabled|89\/100\n|-damage|p2b: Cleftabled|78\/100\n|-damage|p2b: Cleftabled|66\/100\n|-damage|p2b: Cleftabled|55\/100\n|-damage|p2b: Cleftabled|44\/100\n|-damage|p2b: Cleftabled|33\/100\n|-crit|p2b: Cleftabled\n|-damage|p2b: Cleftabled|15\/100\n|-damage|p2b: Cleftabled|3\/100\n|-damage|p2b: Cleftabled|0 fnt\n|faint|p2b: Cleftabled\n|-hitcount|p2: Cleftabled|9\n|move|p2a: Cypress|Shell Smash|p2a: Cypress\n|-unboost|p2a: Cypress|def|1\n|-unboost|p2a: Cypress|spd|1\n|-boost|p2a: Cypress|atk|2\n|-boost|p2a: Cypress|spa|2\n|-boost|p2a: Cypress|spe|2\n|move|p1b: Great Tusk|Bulk Up|p1b: Great Tusk\n|-boost|p1b: Great Tusk|atk|1\n|-boost|p1b: Great Tusk|def|1\n|\n|upkeep\n|\n|t:|1698113400\n|switch|p2b: flammiy|Flamigo, F|100\/100\n|-copyboost|p2b: flammiy|p2a: Cypress|[from] ability: Costar\n|turn|8\n|\n|t:|1698113410\n|move|p2b: flammiy|Brave Bird|p1b: Great Tusk\n|-supereffective|p1b: Great Tusk\n|-damage|p1b: Great Tusk|41\/100\n|-damage|p2b: flammiy|73\/100|[from] Recoil\n|move|p2a: Cypress|Bullet Seed|p1a: Maushold\n|-damage|p1a: Maushold|77\/100\n|-damage|p1a: Maushold|52\/100\n|-damage|p1a: Maushold|27\/100\n|-damage|p1a: Maushold|2\/100\n|-hitcount|p1a: Maushold|4\n|move|p1a: Maushold|Population Bomb|p2a: Cypress\n|-damage|p2a: Cypress|80\/100\n|-damage|p2a: Cypress|61\/100\n|-damage|p2a: Cypress|41\/100\n|-damage|p2a: Cypress|21\/100\n|-damage|p2a: Cypress|0 fnt\n|faint|p2a: Cypress\n|-hitcount|p2: Cypress|5\n|move|p1b: Great Tusk|Brick Break|p2b: flammiy\n|-resisted|p2b: flammiy\n|-damage|p2b: flammiy|0 fnt\n|faint|p2b: flammiy\n|\n|win|Thehombre\n|raw|Thehombre's rating: 1111 &rarr; <strong>1138<\/strong><br \/>(+27 for winning)\n|raw|KingKRoolIsKool's rating: 1134 &rarr; <strong>1107<\/strong><br \/>(-27 for losing)\n","uploadtime":1698113418,"views":23,"p1id":"thehombre","p2id":"kingkrooliskool","formatid":"gen9doublesou","rating":1107,"private":0,"password":""}