{"id":"gen9doublesou-1976437520","p1":"Ghetsin'Time","p2":"100% criminal","format":"[Gen 9] Doubles OU","log":"|j|\u2606Ghetsin'Time\n|j|\u2606100% criminal\n|t:|1698303286\n|gametype|doubles\n|player|p1|Ghetsin'Time|ghetsis|1157\n|player|p2|100% criminal|volo|1121\n|teamsize|p1|6\n|teamsize|p2|6\n|gen|9\n|tier|[Gen 9] Doubles OU\n|rated|\n|rule|Species Clause: Limit one of each Pok\u00e9mon\n|rule|OHKO Clause: OHKO moves are banned\n|rule|Evasion Moves Clause: Evasion moves are banned\n|rule|Gravity Sleep Clause: The combination of sleep-inducing moves with imperfect accuracy and Gravity or Gigantamax Orbeetle are banned\n|rule|Endless Battle Clause: Forcing endless battles is banned\n|rule|HP Percentage Mod: HP is shown in percentages\n|clearpoke\n|poke|p1|Garchomp, F|\n|poke|p1|Kilowattrel, M|\n|poke|p1|Garganacl, F|\n|poke|p1|Sylveon, F|\n|poke|p1|Ceruledge, M|\n|poke|p1|Amoonguss, M|\n|poke|p2|Oricorio-Sensu, M|\n|poke|p2|Kommo-o, M|\n|poke|p2|Flamigo, M|\n|poke|p2|Sylveon, F|\n|poke|p2|Iron Valiant|\n|poke|p2|Kleavor, F|\n|teampreview\n|inactive|Battle timer is ON: inactive players will automatically lose when time's up. (requested by Ghetsin'Time)\n|\n|t:|1698303315\n|start\n|switch|p1a: Kilowattrel|Kilowattrel, M|100\/100\n|switch|p1b: Sylveon|Sylveon, F|100\/100\n|switch|p2a: Oricorio|Oricorio-Sensu, M|100\/100\n|switch|p2b: Kommo-o|Kommo-o, M|100\/100\n|turn|1\n|\n|t:|1698303336\n|move|p1b: Sylveon|Protect|p1b: Sylveon\n|-singleturn|p1b: Sylveon|Protect\n|move|p1a: Kilowattrel|Tailwind|p1a: Kilowattrel\n|-sidestart|p1: Ghetsin'Time|move: Tailwind\n|move|p2a: Oricorio|Quiver Dance|p2a: Oricorio\n|-boost|p2a: Oricorio|spa|1\n|-boost|p2a: Oricorio|spd|1\n|-boost|p2a: Oricorio|spe|1\n|move|p2b: Kommo-o|Clangorous Soul|p2b: Kommo-o\n|-boost|p2b: Kommo-o|atk|1\n|-boost|p2b: Kommo-o|def|1\n|-boost|p2b: Kommo-o|spa|1\n|-boost|p2b: Kommo-o|spd|1\n|-boost|p2b: Kommo-o|spe|1\n|-damage|p2b: Kommo-o|68\/100\n|-activate|p2a: Oricorio|ability: Dancer\n|move|p2a: Oricorio|Clangorous Soul|p2a: Oricorio|[from]ability: Dancer\n|-boost|p2a: Oricorio|atk|1\n|-boost|p2a: Oricorio|def|1\n|-boost|p2a: Oricorio|spa|1\n|-boost|p2a: Oricorio|spd|1\n|-boost|p2a: Oricorio|spe|1\n|-damage|p2a: Oricorio|68\/100\n|\n|-heal|p2b: Kommo-o|74\/100|[from] item: Leftovers\n|upkeep\n|turn|2\n|\n|t:|1698303365\n|move|p2b: Kommo-o|Protect|p2b: Kommo-o\n|-singleturn|p2b: Kommo-o|Protect\n|move|p1a: Kilowattrel|Air Slash|p2a: Oricorio\n|-damage|p2a: Oricorio|41\/100\n|move|p2a: Oricorio|Icy Wind|p1b: Sylveon|[spread] p1a,p1b\n|-supereffective|p1a: Kilowattrel\n|-damage|p1a: Kilowattrel|2\/100\n|-damage|p1b: Sylveon|83\/100\n|-unboost|p1a: Kilowattrel|spe|1\n|-unboost|p1b: Sylveon|spe|1\n|move|p1b: Sylveon|Hyper Voice|p2a: Oricorio|[spread] p2a\n|-activate|p2b: Kommo-o|move: Protect\n|-damage|p2a: Oricorio|12\/100\n|-enditem|p1b: Sylveon|Throat Spray\n|-boost|p1b: Sylveon|spa|1|[from] item: Throat Spray\n|-enditem|p2a: Oricorio|Mirror Herb\n|-boost|p2a: Oricorio|spa|1|[from] item: Mirror Herb\n|\n|-heal|p2b: Kommo-o|80\/100|[from] item: Leftovers\n|upkeep\n|turn|3\n|\n|t:|1698303385\n|move|p1a: Kilowattrel|Protect|p1a: Kilowattrel\n|-singleturn|p1a: Kilowattrel|Protect\n|move|p2a: Oricorio|Icy Wind|p1b: Sylveon|[spread] p1b\n|-activate|p1a: Kilowattrel|move: Protect\n|-damage|p1b: Sylveon|58\/100\n|-unboost|p1b: Sylveon|spe|1\n|move|p2b: Kommo-o|Clangorous Soul|p2b: Kommo-o\n|-boost|p2b: Kommo-o|atk|1\n|-boost|p2b: Kommo-o|def|1\n|-boost|p2b: Kommo-o|spa|1\n|-boost|p2b: Kommo-o|spd|1\n|-boost|p2b: Kommo-o|spe|1\n|-damage|p2b: Kommo-o|47\/100\n|-activate|p2a: Oricorio|ability: Dancer\n|move|p2a: Oricorio|Clangorous Soul||[from]ability: Dancer|[still]\n|-fail|p2a: Oricorio\n|move|p1b: Sylveon|Hyper Voice|p2b: Kommo-o|[spread] p2a,p2b\n|-supereffective|p2b: Kommo-o\n|-damage|p2a: Oricorio|0 fnt\n|-damage|p2b: Kommo-o|0 fnt\n|faint|p2a: Oricorio\n|faint|p2b: Kommo-o\n|\n|upkeep\n|inactive|100% criminal has 120 seconds left.\n|\n|t:|1698303413\n|switch|p2a: Iron Valiant|Iron Valiant|100\/100\n|switch|p2b: Sylveon|Sylveon, F|100\/100\n|-enditem|p2a: Iron Valiant|Booster Energy\n|-activate|p2a: Iron Valiant|ability: Quark Drive|[fromitem]\n|-start|p2a: Iron Valiant|quarkdrivespa\n|turn|4\n|inactive|100% criminal has 120 seconds left.\n|\n|t:|1698303439\n|move|p1b: Sylveon|Protect|p1b: Sylveon\n|-singleturn|p1b: Sylveon|Protect\n|move|p1a: Kilowattrel|Air Slash|p2a: Iron Valiant\n|-supereffective|p2a: Iron Valiant\n|-damage|p2a: Iron Valiant|0 fnt\n|faint|p2a: Iron Valiant\n|-end|p2a: Iron Valiant|Quark Drive|[silent]\n|move|p2b: Sylveon|Skill Swap|p2: Iron Valiant|[notarget]\n|-fail|p2b: Sylveon\n|\n|-sideend|p1: Ghetsin'Time|move: Tailwind\n|upkeep\n|\n|t:|1698303450\n|switch|p2a: Kleavor|Kleavor, F|100\/100\n|turn|5\n|\n|t:|1698303460\n|-terastallize|p2b: Sylveon|Fairy\n|move|p1b: Sylveon|Protect||[still]\n|-fail|p1b: Sylveon\n|move|p2a: Kleavor|Stone Axe|p1b: Sylveon\n|-damage|p1b: Sylveon|0 fnt\n|-sidestart|p1: Ghetsin'Time|move: Stealth Rock\n|faint|p1b: Sylveon\n|move|p1a: Kilowattrel|Tailwind|p1a: Kilowattrel\n|-sidestart|p1: Ghetsin'Time|move: Tailwind\n|move|p2b: Sylveon|Hyper Voice|p1a: Kilowattrel\n|-damage|p1a: Kilowattrel|0 fnt\n|faint|p1a: Kilowattrel\n|\n|upkeep\n|inactive|Ghetsin'Time has 120 seconds left.\n|\n|t:|1698303508\n|switch|p1a: Garganacl|Garganacl, F|100\/100\n|switch|p1b: Amoonguss|Amoonguss, M|100\/100\n|-damage|p1b: Amoonguss|88\/100|[from] Stealth Rock\n|-damage|p1a: Garganacl|88\/100|[from] Stealth Rock\n|turn|6\n|inactive|Ghetsin'Time has 120 seconds left.\n|\n|t:|1698303524\n|move|p2a: Kleavor|U-turn|p1b: Amoonguss\n|-damage|p1b: Amoonguss|51\/100\n|-status|p2a: Kleavor|slp|[from] ability: Effect Spore|[of] p1b: Amoonguss\n|\n|t:|1698303530\n|switch|p2a: Flamigo|Flamigo, M|100\/100|[from] U-turn\n|-copyboost|p2a: Flamigo|p2b: Sylveon|[from] ability: Costar\n|move|p2b: Sylveon|Hyper Voice|p1a: Garganacl|[spread] p1a,p1b\n|-resisted|p1b: Amoonguss\n|-damage|p1a: Garganacl|42\/100\n|-damage|p1b: Amoonguss|30\/100\n|move|p1b: Amoonguss|Spore|p2b: Sylveon\n|-status|p2b: Sylveon|slp|[from] move: Spore\n|move|p1a: Garganacl|Iron Defense|p1a: Garganacl\n|-boost|p1a: Garganacl|def|2\n|\n|-heal|p1b: Amoonguss|36\/100|[from] item: Leftovers\n|-heal|p1a: Garganacl|48\/100|[from] item: Leftovers\n|upkeep\n|turn|7\n|\n|t:|1698303550\n|move|p1b: Amoonguss|Rage Powder|p1b: Amoonguss\n|-singleturn|p1b: Amoonguss|move: Rage Powder\n|move|p2a: Flamigo|Swords Dance|p2a: Flamigo\n|-boost|p2a: Flamigo|atk|2\n|cant|p2b: Sylveon|slp\n|move|p1a: Garganacl|Recover|p1a: Garganacl\n|-heal|p1a: Garganacl|98\/100\n|\n|-heal|p1b: Amoonguss|42\/100|[from] item: Leftovers\n|-heal|p1a: Garganacl|100\/100|[from] item: Leftovers\n|upkeep\n|turn|8\n|\n|t:|1698303568\n|move|p1b: Amoonguss|Rage Powder|p1b: Amoonguss\n|-singleturn|p1b: Amoonguss|move: Rage Powder\n|move|p2a: Flamigo|Brave Bird|p1b: Amoonguss\n|-supereffective|p1b: Amoonguss\n|-damage|p1b: Amoonguss|0 fnt\n|-status|p2a: Flamigo|slp|[from] ability: Effect Spore|[of] p1b: Amoonguss\n|faint|p1b: Amoonguss\n|-damage|p2a: Flamigo|82\/100 slp|[from] Recoil\n|cant|p2b: Sylveon|slp\n|move|p1a: Garganacl|Iron Defense|p1a: Garganacl\n|-boost|p1a: Garganacl|def|2\n|\n|-sideend|p1: Ghetsin'Time|move: Tailwind\n|upkeep\n|\n|t:|1698303578\n|switch|p1b: Ceruledge|Ceruledge, M|100\/100\n|turn|9\n|\n|t:|1698303586\n|cant|p2a: Flamigo|slp\n|move|p1b: Ceruledge|Bitter Blade|p2b: Sylveon\n|-damage|p2b: Sylveon|34\/100 slp\n|-curestatus|p2b: Sylveon|slp|[msg]\n|move|p2b: Sylveon|Hyper Voice|p1b: Ceruledge|[spread] p1a,p1b\n|-resisted|p1b: Ceruledge\n|-damage|p1a: Garganacl|56\/100\n|-damage|p1b: Ceruledge|60\/100\n|move|p1a: Garganacl|Body Press|p2b: Sylveon\n|-resisted|p2b: Sylveon\n|-damage|p2b: Sylveon|0 fnt\n|faint|p2b: Sylveon\n|\n|-heal|p1a: Garganacl|62\/100|[from] item: Leftovers\n|upkeep\n|\n|t:|1698303598\n|switch|p2b: Kleavor|Kleavor, F|100\/100 slp\n|turn|10\n|\n|t:|1698303610\n|cant|p2a: Flamigo|slp\n|move|p1b: Ceruledge|Bitter Blade|p2a: Flamigo\n|-damage|p2a: Flamigo|16\/100 slp\n|-heal|p1b: Ceruledge|95\/100|[from] drain|[of] p2a: Flamigo\n|cant|p2b: Kleavor|slp\n|move|p1a: Garganacl|Body Press|p2a: Flamigo\n|-resisted|p2a: Flamigo\n|-damage|p2a: Flamigo|0 fnt\n|faint|p2a: Flamigo\n|\n|-heal|p1a: Garganacl|68\/100|[from] item: Leftovers\n|upkeep\n|turn|11\n|-message|100% criminal forfeited.\n|\n|win|Ghetsin'Time\n|raw|Ghetsin&apos;Time's rating: 1157 &rarr; <strong>1179<\/strong><br \/>(+22 for winning)\n|raw|100% criminal's rating: 1121 &rarr; <strong>1099<\/strong><br \/>(-22 for losing)\n|l|\u2606100% criminal\n","uploadtime":1698303614,"views":18,"p1id":"ghetsintime","p2id":"100criminal","formatid":"gen9doublesou","rating":1099,"private":0,"password":""}