{"id":"gen9doublesou-1983156137","p1":"CubanDictator24","p2":"Tenopiana","format":"[Gen 9] Doubles OU","log":"|j|\u2606CubanDictator24\n|j|\u2606Tenopiana\n|t:|1699097463\n|gametype|doubles\n|player|p1|CubanDictator24|102|\n|player|p2|Tenopiana|lady|\n|teamsize|p1|6\n|teamsize|p2|6\n|gen|9\n|tier|[Gen 9] Doubles OU\n|rule|Species Clause: Limit one of each Pok\u00e9mon\n|rule|OHKO Clause: OHKO moves are banned\n|rule|Evasion Moves Clause: Evasion moves are banned\n|rule|Gravity Sleep Clause: The combination of sleep-inducing moves with imperfect accuracy and Gravity or Gigantamax Orbeetle are banned\n|rule|Endless Battle Clause: Forcing endless battles is banned\n|rule|HP Percentage Mod: HP is shown in percentages\n|clearpoke\n|poke|p1|Chi-Yu|\n|poke|p1|Ogerpon-Wellspring, F|\n|poke|p1|Tornadus, M|\n|poke|p1|Landorus-Therian, M|\n|poke|p1|Dragapult, M|\n|poke|p1|Flutter Mane|\n|poke|p2|Lilligant-Hisui, F|\n|poke|p2|Torkoal, M|\n|poke|p2|Hatterene, F|\n|poke|p2|Amoonguss, M|\n|poke|p2|Cresselia, F|\n|poke|p2|Ursaluna, M|\n|teampreview\n|inactive|Battle timer is ON: inactive players will automatically lose when time's up. (requested by Tenopiana)\n|c|\u2606Tenopiana|alright\n|\n|t:|1699097486\n|start\n|switch|p1a: nathaniel|Chi-Yu|100\/100\n|switch|p1b: steve|Dragapult, M|100\/100\n|switch|p2a: Caramelldancin'|Lilligant-Hisui, F, shiny|100\/100\n|switch|p2b: Chelonia|Torkoal, M|100\/100\n|-ability|p1a: nathaniel|Beads of Ruin\n|-weather|SunnyDay|[from] ability: Drought|[of] p2b: Chelonia\n|turn|1\n|c|\u2606Tenopiana|no possession of circles\n|\n|t:|1699097506\n|move|p2a: Caramelldancin'|After You|p2b: Chelonia\n|-activate|p2b: Chelonia|move: After You\n|move|p2b: Chelonia|Eruption|p1b: steve|[spread] p1a,p1b\n|-resisted|p1a: nathaniel\n|-resisted|p1b: steve\n|-damage|p1a: nathaniel|42\/100\n|-damage|p1b: steve|9\/100\n|move|p1b: steve|Draco Meteor|p2b: Chelonia\n|-damage|p2b: Chelonia|0 fnt\n|-unboost|p1b: steve|spa|2\n|-enditem|p1b: steve|White Herb\n|-clearnegativeboost|p1b: steve|[silent]\n|faint|p2b: Chelonia\n|move|p1a: nathaniel|Heat Wave|p2a: Caramelldancin'\n|-supereffective|p2a: Caramelldancin'\n|-damage|p2a: Caramelldancin'|0 fnt\n|faint|p2a: Caramelldancin'\n|-damage|p1a: nathaniel|32\/100|[from] item: Life Orb\n|\n|-weather|SunnyDay|[upkeep]\n|upkeep\n|inactive|Tenopiana has 270 seconds left.\n|c|\u2606CubanDictator24|exactly what i thought\n|\n|t:|1699097528\n|switch|p2a: Cress|Cresselia, F|100\/100\n|switch|p2b: hor hor horhor hor|Ursaluna, M|100\/100\n|turn|2\n|\n|t:|1699097534\n|move|p2b: hor hor horhor hor|Protect|p2b: hor hor horhor hor\n|-singleturn|p2b: hor hor horhor hor|Protect\n|move|p1b: steve|Shadow Ball|p2a: Cress\n|-supereffective|p2a: Cress\n|-damage|p2a: Cress|35\/100\n|move|p1a: nathaniel|Dark Pulse|p2a: Cress\n|-supereffective|p2a: Cress\n|-crit|p2a: Cress\n|-damage|p2a: Cress|0 fnt\n|faint|p2a: Cress\n|-damage|p1a: nathaniel|22\/100|[from] item: Life Orb\n|\n|-weather|SunnyDay|[upkeep]\n|-status|p2b: hor hor horhor hor|brn|[from] item: Flame Orb\n|upkeep\n|c|\u2606CubanDictator24|every time.\n|\n|t:|1699097538\n|switch|p2a: Mad Hatter|Hatterene, F|100\/100\n|turn|3\n|\n|t:|1699097559\n|move|p1b: steve|Surf|p2a: Mad Hatter|[spread] p1a,p2a,p2b\n|-supereffective|p1a: nathaniel\n|-supereffective|p2b: hor hor horhor hor\n|-damage|p1a: nathaniel|0 fnt\n|-damage|p2a: Mad Hatter|86\/100\n|-damage|p2b: hor hor horhor hor|77\/100 brn\n|faint|p1a: nathaniel\n|move|p2b: hor hor horhor hor|Drain Punch|p1b: steve\n|-immune|p1b: steve\n|move|p2a: Mad Hatter|Trick Room|p2a: Mad Hatter\n|-fieldstart|move: Trick Room|[of] p2a: Mad Hatter\n|\n|-weather|SunnyDay|[upkeep]\n|-damage|p2b: hor hor horhor hor|71\/100 brn|[from] brn\n|upkeep\n|\n|t:|1699097566\n|switch|p1a: Flutter Mane|Flutter Mane|100\/100\n|-activate|p1a: Flutter Mane|ability: Protosynthesis\n|-start|p1a: Flutter Mane|protosynthesisspa\n|turn|4\n|\n|t:|1699097584\n|move|p1a: Flutter Mane|Protect|p1a: Flutter Mane\n|-singleturn|p1a: Flutter Mane|Protect\n|move|p1b: steve|Protect|p1b: steve\n|-singleturn|p1b: steve|Protect\n|move|p2a: Mad Hatter|Dazzling Gleam|p1b: steve|[spread] \n|-activate|p1a: Flutter Mane|move: Protect\n|-activate|p1b: steve|move: Protect\n|move|p2b: hor hor horhor hor|Earthquake|p1b: steve|[spread] p2a\n|-activate|p1a: Flutter Mane|move: Protect\n|-activate|p1b: steve|move: Protect\n|-damage|p2a: Mad Hatter|8\/100\n|\n|-weather|SunnyDay|[upkeep]\n|-damage|p2b: hor hor horhor hor|65\/100 brn|[from] brn\n|upkeep\n|turn|5\n|\n|t:|1699097598\n|-end|p1a: Flutter Mane|Protosynthesis|[silent]\n|switch|p1a: barry|Landorus-Therian, M|100\/100\n|-ability|p1a: barry|Intimidate|boost\n|-unboost|p2a: Mad Hatter|atk|1\n|-unboost|p2b: hor hor horhor hor|atk|1\n|switch|p1b: gary|Tornadus, M|100\/100\n|move|p2a: Mad Hatter|Dazzling Gleam|p1b: gary|[spread] p1a,p1b\n|-damage|p1a: barry|58\/100\n|-damage|p1b: gary|64\/100\n|move|p2b: hor hor horhor hor|Earthquake|p1b: gary|[spread] p2a\n|-immune|p1a: barry\n|-immune|p1b: gary\n|-damage|p2a: Mad Hatter|0 fnt\n|faint|p2a: Mad Hatter\n|\n|-weather|none\n|-damage|p2b: hor hor horhor hor|59\/100 brn|[from] brn\n|upkeep\n|\n|t:|1699097606\n|switch|p2a: sus syy impsoster!|Amoonguss, M|100\/100\n|turn|6\n|\n|t:|1699097624\n|switch|p1a: dreamn|Ogerpon-Wellspring, F|100\/100\n|move|p1b: gary|Protect|p1b: gary\n|-singleturn|p1b: gary|Protect\n|move|p2a: sus syy impsoster!|Spore|p1a: dreamn\n|-immune|p1a: dreamn\n|move|p2b: hor hor horhor hor|Facade|p1b: gary\n|-activate|p1b: gary|move: Protect\n|\n|-damage|p2b: hor hor horhor hor|53\/100 brn|[from] brn\n|upkeep\n|turn|7\n|\n|t:|1699097642\n|move|p1a: dreamn|Follow Me|p1a: dreamn\n|-singleturn|p1a: dreamn|move: Follow Me\n|move|p2a: sus syy impsoster!|Spore|p1a: dreamn\n|-immune|p1a: dreamn\n|move|p2b: hor hor horhor hor|Facade|p1a: dreamn\n|-damage|p1a: dreamn|17\/100\n|move|p1b: gary|Bleakwind Storm|p2b: hor hor horhor hor|[spread] p2a,p2b\n|-supereffective|p2a: sus syy impsoster!\n|-damage|p2a: sus syy impsoster!|59\/100\n|-damage|p2b: hor hor horhor hor|25\/100 brn\n|-unboost|p2a: sus syy impsoster!|spe|1\n|\n|-damage|p2b: hor hor horhor hor|19\/100 brn|[from] brn\n|-fieldend|move: Trick Room\n|upkeep\n|turn|8\n|\n|t:|1699097656\n|move|p1b: gary|Bleakwind Storm|p2b: hor hor horhor hor|[spread] p2b\n|-miss|p1b: gary|p2a: sus syy impsoster!\n|-damage|p2b: hor hor horhor hor|0 fnt\n|faint|p2b: hor hor horhor hor\n|move|p1a: dreamn|Horn Leech|p2a: sus syy impsoster!\n|-resisted|p2a: sus syy impsoster!\n|-crit|p2a: sus syy impsoster!\n|-damage|p2a: sus syy impsoster!|47\/100\n|-heal|p1a: dreamn|26\/100|[from] drain|[of] p2a: sus syy impsoster!\n|-damage|p1a: dreamn|9\/100|[from] item: Rocky Helmet|[of] p2a: sus syy impsoster!\n|move|p2a: sus syy impsoster!|Sludge Bomb|p1a: dreamn\n|-supereffective|p1a: dreamn\n|-damage|p1a: dreamn|0 fnt\n|faint|p1a: dreamn\n|\n|upkeep\n|\n|t:|1699097661\n|switch|p1a: steve|Dragapult, M|9\/100\n|turn|9\n|c|\u2606Tenopiana|you suck\n|-message|Tenopiana forfeited.\n|\n|win|CubanDictator24\n|l|\u2606Tenopiana\n|c|\u2606CubanDictator24|sure...\n","uploadtime":1699097672,"views":20,"p1id":"cubandictator24","p2id":"tenopiana","formatid":"gen9doublesou","rating":0,"private":0,"password":""}