{"id":"gen9doublesou-1976985236","p1":"Light kitten","p2":"stgamezz","format":"[Gen 9] Doubles OU","log":"|j|\u2606Light kitten\n|j|\u2606stgamezz\n|t:|1698358838\n|gametype|doubles\n|player|p1|Light kitten|266|1150\n|player|p2|stgamezz|emmet|1294\n|teamsize|p1|6\n|teamsize|p2|6\n|gen|9\n|tier|[Gen 9] Doubles OU\n|rated|\n|rule|Species Clause: Limit one of each Pok\u00e9mon\n|rule|OHKO Clause: OHKO moves are banned\n|rule|Evasion Moves Clause: Evasion moves are banned\n|rule|Gravity Sleep Clause: The combination of sleep-inducing moves with imperfect accuracy and Gravity or Gigantamax Orbeetle are banned\n|rule|Endless Battle Clause: Forcing endless battles is banned\n|rule|HP Percentage Mod: HP is shown in percentages\n|clearpoke\n|poke|p1|Gastrodon, M|\n|poke|p1|Ogerpon-Hearthflame, F|\n|poke|p1|Tornadus, M|\n|poke|p1|Enamorus, F|\n|poke|p1|Fezandipiti, M|\n|poke|p1|Rillaboom, F|\n|poke|p2|Iron Hands|\n|poke|p2|Ursaluna, F|\n|poke|p2|Okidogi, M|\n|poke|p2|Sinistcha|\n|poke|p2|Farigiraf, F|\n|poke|p2|Goodra-Hisui, F|\n|teampreview\n|\n|t:|1698358847\n|start\n|switch|p1a: Enamorus|Enamorus, F|100\/100\n|switch|p1b: Fezandipiti|Fezandipiti, M|100\/100\n|switch|p2a: Farigiraf|Farigiraf, F|100\/100\n|switch|p2b: Ursaluna|Ursaluna, F, shiny|100\/100\n|turn|1\n|\n|t:|1698358869\n|-terastallize|p2a: Farigiraf|Fairy\n|move|p1a: Enamorus|Superpower|p2b: Ursaluna\n|-supereffective|p2b: Ursaluna\n|-damage|p2b: Ursaluna|43\/100\n|-boost|p1a: Enamorus|atk|1\n|-boost|p1a: Enamorus|def|1\n|move|p1b: Fezandipiti|Icy Wind|p2b: Ursaluna|[spread] p2b\n|-miss|p1b: Fezandipiti|p2a: Farigiraf\n|-supereffective|p2b: Ursaluna\n|-damage|p2b: Ursaluna|27\/100\n|-unboost|p2b: Ursaluna|spe|1\n|move|p2b: Ursaluna|Swords Dance|p2b: Ursaluna\n|-boost|p2b: Ursaluna|atk|2\n|move|p2a: Farigiraf|Trick Room|p2a: Farigiraf\n|-fieldstart|move: Trick Room|[of] p2a: Farigiraf\n|\n|-status|p2b: Ursaluna|brn|[from] item: Flame Orb\n|upkeep\n|turn|2\n|\n|t:|1698358892\n|move|p2b: Ursaluna|Facade|p1a: Enamorus\n|-damage|p1a: Enamorus|0 fnt\n|faint|p1a: Enamorus\n|move|p2a: Farigiraf|Psychic|p1b: Fezandipiti\n|-supereffective|p1b: Fezandipiti\n|-damage|p1b: Fezandipiti|38\/100\n|move|p1b: Fezandipiti|Icy Wind|p2a: Farigiraf|[spread] p2a,p2b\n|-supereffective|p2b: Ursaluna\n|-damage|p2a: Farigiraf|90\/100\n|-damage|p2b: Ursaluna|9\/100 brn\n|-unboost|p2a: Farigiraf|spe|1\n|-unboost|p2b: Ursaluna|spe|1\n|\n|-heal|p1b: Fezandipiti|44\/100|[from] item: Leftovers\n|-damage|p2b: Ursaluna|3\/100 brn|[from] brn\n|upkeep\n|\n|t:|1698358903\n|switch|p1a: Ogerpon|Ogerpon-Hearthflame, F|100\/100\n|-ability|p1a: Ogerpon|Mold Breaker\n|turn|3\n|\n|t:|1698358911\n|move|p1b: Fezandipiti|Protect|p1b: Fezandipiti\n|-singleturn|p1b: Fezandipiti|Protect\n|move|p1a: Ogerpon|Spiky Shield|p1a: Ogerpon\n|-singleturn|p1a: Ogerpon|move: Protect\n|move|p2b: Ursaluna|Facade|p1a: Ogerpon\n|-activate|p1a: Ogerpon|move: Protect\n|-damage|p2b: Ursaluna|0 fnt|[from] Spiky Shield|[of] p1a: Ogerpon\n|faint|p2b: Ursaluna\n|move|p2a: Farigiraf|Psychic|p1b: Fezandipiti\n|-activate|p1b: Fezandipiti|move: Protect\n|\n|-heal|p1b: Fezandipiti|50\/100|[from] item: Leftovers\n|upkeep\n|\n|t:|1698358924\n|switch|p2b: Iron Hands|Iron Hands|100\/100\n|-enditem|p2b: Iron Hands|Booster Energy\n|-activate|p2b: Iron Hands|ability: Quark Drive|[fromitem]\n|-start|p2b: Iron Hands|quarkdriveatk\n|turn|4\n|\n|t:|1698358936\n|switch|p1b: Tornadus|Tornadus, M|100\/100\n|switch|p1a: Rillaboom|Rillaboom, F|100\/100\n|-fieldstart|move: Grassy Terrain|[from] ability: Grassy Surge|[of] p1a: Rillaboom\n|move|p2b: Iron Hands|Fake Out|p1a: Rillaboom\n|-damage|p1a: Rillaboom|77\/100\n|move|p2a: Farigiraf|Psychic|p1b: Tornadus\n|-damage|p1b: Tornadus|72\/100\n|-unboost|p1b: Tornadus|spd|1\n|\n|-heal|p2a: Farigiraf|96\/100|[from] Grassy Terrain\n|-heal|p1b: Tornadus|78\/100|[from] item: Leftovers\n|-heal|p1a: Rillaboom|83\/100|[from] Grassy Terrain\n|-heal|p1a: Rillaboom|90\/100|[from] item: Leftovers\n|upkeep\n|turn|5\n|\n|t:|1698358968\n|move|p1a: Rillaboom|Grassy Glide||[still]\n|cant|p2a: Farigiraf|ability: Armor Tail|Grassy Glide|[of] p1a: Rillaboom\n|move|p2a: Farigiraf|Calm Mind|p2a: Farigiraf\n|-boost|p2a: Farigiraf|spa|1\n|-boost|p2a: Farigiraf|spd|1\n|move|p2b: Iron Hands|Wild Charge|p1b: Tornadus\n|-supereffective|p1b: Tornadus\n|-damage|p1b: Tornadus|0 fnt\n|faint|p1b: Tornadus\n|-damage|p2b: Iron Hands|87\/100|[from] Recoil\n|\n|-heal|p2a: Farigiraf|100\/100|[from] Grassy Terrain\n|-heal|p2b: Iron Hands|93\/100|[from] Grassy Terrain\n|-heal|p1a: Rillaboom|96\/100|[from] Grassy Terrain\n|-heal|p1a: Rillaboom|100\/100|[from] item: Leftovers\n|-fieldend|move: Trick Room\n|upkeep\n|\n|t:|1698358981\n|switch|p1b: Ogerpon|Ogerpon-Hearthflame, F|100\/100\n|-ability|p1b: Ogerpon|Mold Breaker\n|turn|6\n|\n|t:|1698358993\n|-terastallize|p1b: Ogerpon|Fire\n|detailschange|p1b: Ogerpon|Ogerpon-Hearthflame-Tera, F, tera:Fire\n|-ability|p1b: Ogerpon|Embody Aspect (Hearthflame)|boost\n|-boost|p1b: Ogerpon|atk|1\n|move|p2b: Iron Hands|Detect|p2b: Iron Hands\n|-singleturn|p2b: Iron Hands|Protect\n|move|p1b: Ogerpon|Ivy Cudgel|p2a: Farigiraf\n|-crit|p2a: Farigiraf\n|-damage|p2a: Farigiraf|0 fnt\n|faint|p2a: Farigiraf\n|move|p1a: Rillaboom|Drain Punch|p2b: Iron Hands\n|-activate|p2b: Iron Hands|move: Protect\n|\n|-heal|p2b: Iron Hands|99\/100|[from] Grassy Terrain\n|upkeep\n|\n|t:|1698359018\n|switch|p2a: Goodra|Goodra-Hisui, F, shiny|100\/100\n|turn|7\n|\n|t:|1698359028\n|move|p1b: Ogerpon|Spiky Shield|p1b: Ogerpon\n|-singleturn|p1b: Ogerpon|move: Protect\n|move|p1a: Rillaboom|Drain Punch|p2a: Goodra\n|-supereffective|p2a: Goodra\n|-damage|p2a: Goodra|53\/100\n|move|p2a: Goodra|Hydro Pump|p1b: Ogerpon\n|-activate|p1b: Ogerpon|move: Protect\n|move|p2b: Iron Hands|Wild Charge|p1a: Rillaboom\n|-resisted|p1a: Rillaboom\n|-damage|p1a: Rillaboom|63\/100\n|-damage|p2b: Iron Hands|93\/100|[from] Recoil\n|\n|-heal|p1a: Rillaboom|69\/100|[from] Grassy Terrain\n|-heal|p1a: Rillaboom|75\/100|[from] item: Leftovers\n|-heal|p2a: Goodra|59\/100|[from] Grassy Terrain\n|-heal|p2b: Iron Hands|99\/100|[from] Grassy Terrain\n|upkeep\n|turn|8\n|\n|t:|1698359050\n|switch|p1b: Gastrodon|Gastrodon, M|100\/100\n|move|p2b: Iron Hands|Detect|p2b: Iron Hands\n|-singleturn|p2b: Iron Hands|Protect\n|move|p1a: Rillaboom|Drain Punch|p2a: Goodra\n|-supereffective|p2a: Goodra\n|-damage|p2a: Goodra|9\/100\n|-heal|p1a: Rillaboom|100\/100|[from] drain|[of] p2a: Goodra\n|move|p2a: Goodra|Hydro Pump|p1b: Gastrodon\n|-ability|p1b: Gastrodon|Storm Drain|boost\n|-boost|p1b: Gastrodon|spa|1\n|\n|-heal|p2a: Goodra|15\/100|[from] Grassy Terrain\n|-heal|p2b: Iron Hands|100\/100|[from] Grassy Terrain\n|-fieldend|move: Grassy Terrain\n|upkeep\n|turn|9\n|\n|t:|1698359071\n|switch|p2a: Okidogi|Okidogi, M|100\/100\n|move|p1a: Rillaboom|Drain Punch|p2a: Okidogi\n|-resisted|p2a: Okidogi\n|-damage|p2a: Okidogi|90\/100\n|move|p1b: Gastrodon|Earth Power|p2b: Iron Hands\n|-supereffective|p2b: Iron Hands\n|-damage|p2b: Iron Hands|0 fnt\n|faint|p2b: Iron Hands\n|-end|p2b: Iron Hands|Quark Drive|[silent]\n|\n|-heal|p2a: Okidogi|96\/100|[from] item: Leftovers\n|upkeep\n|\n|t:|1698359081\n|switch|p2b: Sinistcha|Sinistcha|100\/100\n|-heal|p2a: Okidogi|100\/100|[from] ability: Hospitality|[of] p2b: Sinistcha\n|turn|10\n|\n|t:|1698359092\n|move|p1a: Rillaboom|U-turn|p2b: Sinistcha\n|-damage|p2b: Sinistcha|78\/100\n|\n|t:|1698359095\n|switch|p1a: Fezandipiti|Fezandipiti, M|50\/100|[from] U-turn\n|move|p2a: Okidogi|Gunk Shot|p1a: Fezandipiti\n|-damage|p1a: Fezandipiti|0 fnt\n|faint|p1a: Fezandipiti\n|move|p2b: Sinistcha|Matcha Gotcha|p1b: Gastrodon\n|-supereffective|p1b: Gastrodon\n|-damage|p1b: Gastrodon|0 fnt\n|-heal|p2b: Sinistcha|100\/100|[from] drain|[of] p1b: Gastrodon\n|faint|p1b: Gastrodon\n|\n|upkeep\n|\n|t:|1698359107\n|switch|p1a: Rillaboom|Rillaboom, F|100\/100\n|switch|p1b: Ogerpon|Ogerpon-Hearthflame-Tera, F, tera:Fire|100\/100\n|-ability|p1b: Ogerpon|Embody Aspect (Hearthflame)|boost\n|-boost|p1b: Ogerpon|atk|1\n|-fieldstart|move: Grassy Terrain|[from] ability: Grassy Surge|[of] p1a: Rillaboom\n|turn|11\n|\n|t:|1698359117\n|move|p1a: Rillaboom|Fake Out|p2a: Okidogi\n|-damage|p2a: Okidogi|89\/100\n|move|p1b: Ogerpon|Ivy Cudgel|p2a: Okidogi\n|-damage|p2a: Okidogi|0 fnt\n|faint|p2a: Okidogi\n|move|p2b: Sinistcha|Scald|p1b: Ogerpon\n|-supereffective|p1b: Ogerpon\n|-damage|p1b: Ogerpon|33\/100\n|\n|-heal|p1b: Ogerpon|39\/100|[from] Grassy Terrain\n|upkeep\n|\n|t:|1698359127\n|switch|p2a: Goodra|Goodra-Hisui, F, shiny|15\/100\n|turn|12\n|\n|t:|1698359136\n|move|p1b: Ogerpon|Ivy Cudgel|p2b: Sinistcha\n|-supereffective|p2b: Sinistcha\n|-damage|p2b: Sinistcha|0 fnt\n|faint|p2b: Sinistcha\n|move|p1a: Rillaboom|Drain Punch|p2a: Goodra\n|-supereffective|p2a: Goodra\n|-damage|p2a: Goodra|0 fnt\n|faint|p2a: Goodra\n|\n|win|Light kitten\n|raw|Light kitten's rating: 1150 &rarr; <strong>1185<\/strong><br \/>(+35 for winning)\n|raw|stgamezz's rating: 1294 &rarr; <strong>1259<\/strong><br \/>(-35 for losing)\n|l|\u2606stgamezz\n","uploadtime":1698359367,"views":20,"p1id":"lightkitten","p2id":"stgamezz","formatid":"gen9doublesou","rating":1185,"private":0,"password":""}