{"id":"gen9doublesou-1985980033","p1":"wake666","p2":"Cristaldu41","format":"[Gen 9] Doubles OU","log":"|j|\u2606wake666\n|j|\u2606Cristaldu41\n|t:|1699433360\n|gametype|doubles\n|player|p1|wake666|doctor|1261\n|player|p2|Cristaldu41|palmer|1215\n|teamsize|p1|6\n|teamsize|p2|6\n|gen|9\n|tier|[Gen 9] Doubles OU\n|rated|\n|rule|Species Clause: Limit one of each Pok\u00e9mon\n|rule|OHKO Clause: OHKO moves are banned\n|rule|Evasion Moves Clause: Evasion moves are banned\n|rule|Gravity Sleep Clause: The combination of sleep-inducing moves with imperfect accuracy and Gravity or Gigantamax Orbeetle are banned\n|rule|Endless Battle Clause: Forcing endless battles is banned\n|rule|HP Percentage Mod: HP is shown in percentages\n|clearpoke\n|poke|p1|Tornadus, M|\n|poke|p1|Iron Hands|\n|poke|p1|Rillaboom, M|\n|poke|p1|Flutter Mane|\n|poke|p1|Ogerpon-Hearthflame, F|\n|poke|p1|Heatran, F|\n|poke|p2|Chien-Pao|\n|poke|p2|Flutter Mane|\n|poke|p2|Tornadus, M|\n|poke|p2|Dragonite, F|\n|poke|p2|Kingambit, F|\n|poke|p2|Sinistcha-Masterpiece|\n|teampreview\n|inactive|Battle timer is ON: inactive players will automatically lose when time's up. (requested by wake666)\n|\n|t:|1699433372\n|start\n|switch|p1a: Tornadus|Tornadus, M|100\/100\n|switch|p1b: Rillaboom|Rillaboom, M|100\/100\n|switch|p2a: Tornadus|Tornadus, M|100\/100\n|switch|p2b: Chien-Pao|Chien-Pao|100\/100\n|-ability|p2b: Chien-Pao|Sword of Ruin\n|-fieldstart|move: Grassy Terrain|[from] ability: Grassy Surge|[of] p1b: Rillaboom\n|turn|1\n|\n|t:|1699433385\n|move|p1b: Rillaboom|Fake Out|p2b: Chien-Pao\n|-damage|p2b: Chien-Pao|79\/100\n|move|p1a: Tornadus|Tailwind|p1a: Tornadus\n|-sidestart|p1: wake666|move: Tailwind\n|cant|p2b: Chien-Pao|flinch\n|move|p2a: Tornadus|Bleakwind Storm|p1a: Tornadus|[spread] p1a,p1b\n|-supereffective|p1b: Rillaboom\n|-damage|p1a: Tornadus|59\/100\n|-damage|p1b: Rillaboom|44\/100\n|\n|-heal|p1b: Rillaboom|50\/100|[from] Grassy Terrain\n|-heal|p2b: Chien-Pao|85\/100|[from] Grassy Terrain\n|upkeep\n|turn|2\n|\n|t:|1699433406\n|move|p2b: Chien-Pao|Protect|p2b: Chien-Pao\n|-singleturn|p2b: Chien-Pao|Protect\n|move|p1a: Tornadus|Bleakwind Storm|p2b: Chien-Pao|[spread] \n|-activate|p2b: Chien-Pao|move: Protect\n|-miss|p1a: Tornadus|p2a: Tornadus\n|move|p1b: Rillaboom|U-turn|p2b: Chien-Pao\n|-activate|p2b: Chien-Pao|move: Protect\n|move|p2a: Tornadus|Bleakwind Storm|p1b: Rillaboom|[spread] p1a,p1b\n|-supereffective|p1b: Rillaboom\n|-damage|p1a: Tornadus|16\/100\n|-damage|p1b: Rillaboom|0 fnt\n|faint|p1b: Rillaboom\n|\n|-heal|p2b: Chien-Pao|91\/100|[from] Grassy Terrain\n|upkeep\n|\n|t:|1699433419\n|switch|p1b: Flutter Mane|Flutter Mane|100\/100\n|turn|3\n|\n|t:|1699433432\n|move|p1a: Tornadus|Sunny Day|p1a: Tornadus\n|-weather|SunnyDay\n|-activate|p1b: Flutter Mane|ability: Protosynthesis\n|-start|p1b: Flutter Mane|protosynthesisspa\n|move|p2b: Chien-Pao|Sucker Punch|p1b: Flutter Mane\n|-damage|p1b: Flutter Mane|11\/100\n|move|p1b: Flutter Mane|Power Gem|p2a: Tornadus\n|-supereffective|p2a: Tornadus\n|-damage|p2a: Tornadus|0 fnt\n|faint|p2a: Tornadus\n|\n|-weather|SunnyDay|[upkeep]\n|-heal|p1b: Flutter Mane|17\/100|[from] Grassy Terrain\n|-heal|p2b: Chien-Pao|97\/100|[from] Grassy Terrain\n|upkeep\n|\n|t:|1699433445\n|switch|p2a: Dragonite|Dragonite, F|100\/100\n|turn|4\n|\n|t:|1699433458\n|-end|p1b: Flutter Mane|Protosynthesis|[silent]\n|switch|p1b: Iron Hands|Iron Hands|100\/100\n|move|p2a: Dragonite|Extreme Speed|p1a: Tornadus\n|-damage|p1a: Tornadus|0 fnt\n|faint|p1a: Tornadus\n|move|p2b: Chien-Pao|Sucker Punch||[still]\n|-fail|p2b: Chien-Pao\n|\n|-weather|SunnyDay|[upkeep]\n|-heal|p2b: Chien-Pao|100\/100|[from] Grassy Terrain\n|-sideend|p1: wake666|move: Tailwind\n|upkeep\n|\n|t:|1699433467\n|switch|p1a: Flutter Mane|Flutter Mane|17\/100\n|-activate|p1a: Flutter Mane|ability: Protosynthesis\n|-start|p1a: Flutter Mane|protosynthesisspa\n|turn|5\n|\n|t:|1699433478\n|switch|p2a: Sinistcha|Sinistcha-Masterpiece|100\/100\n|-end|p1b: Iron Hands|Quark Drive|[silent]\n|switch|p1b: Heatran|Heatran, F|100\/100\n|move|p2b: Chien-Pao|Sucker Punch|p1a: Flutter Mane\n|-damage|p1a: Flutter Mane|0 fnt\n|faint|p1a: Flutter Mane\n|-end|p1a: Flutter Mane|Protosynthesis|[silent]\n|\n|-weather|SunnyDay|[upkeep]\n|-fieldend|move: Grassy Terrain\n|upkeep\n|-message|wake666 forfeited.\n|\n|win|Cristaldu41\n|raw|wake666's rating: 1261 &rarr; <strong>1233<\/strong><br \/>(-28 for losing)\n|raw|Cristaldu41's rating: 1215 &rarr; <strong>1243<\/strong><br \/>(+28 for winning)\n|l|\u2606wake666\n","uploadtime":1699433491,"views":9,"p1id":"wake666","p2id":"cristaldu41","formatid":"gen9doublesou","rating":1233,"private":0,"password":""}