{"id":"gen9doublesou-1992223340","p1":"JBUG0617","p2":"hitr_ssbm","format":"[Gen 9] Doubles OU","log":"|j|\u2606JBUG0617\n|j|\u2606hitr_ssbm\n|t:|1700165287\n|gametype|doubles\n|player|p1|JBUG0617|grimsley|1301\n|player|p2|hitr_ssbm|101|1418\n|teamsize|p1|6\n|teamsize|p2|6\n|gen|9\n|tier|[Gen 9] Doubles OU\n|rated|\n|rule|Species Clause: Limit one of each Pok\u00e9mon\n|rule|OHKO Clause: OHKO moves are banned\n|rule|Evasion Moves Clause: Evasion moves are banned\n|rule|Gravity Sleep Clause: The combination of sleep-inducing moves with imperfect accuracy and Gravity or Gigantamax Orbeetle are banned\n|rule|Endless Battle Clause: Forcing endless battles is banned\n|rule|HP Percentage Mod: HP is shown in percentages\n|clearpoke\n|poke|p1|Ninetales-Alola, F|\n|poke|p1|Tornadus, M|\n|poke|p1|Ogerpon-Hearthflame, F|\n|poke|p1|Iron Hands|\n|poke|p1|Sliggoo-Hisui, F|\n|poke|p1|Basculegion-F, F|\n|poke|p2|Ambipom, F|\n|poke|p2|Tyranitar, M|\n|poke|p2|Kleavor, F|\n|poke|p2|Goodra-Hisui, M|\n|poke|p2|Mimikyu, F|\n|poke|p2|Gastrodon, F|\n|teampreview\n|inactive|Battle timer is ON: inactive players will automatically lose when time's up. (requested by JBUG0617)\n|inactive|JBUG0617 has 120 seconds left.\n|\n|t:|1700165323\n|start\n|switch|p1a: Tornadus|Tornadus, M|100\/100\n|switch|p1b: Iron Hands|Iron Hands|100\/100\n|switch|p2a: Kleavor|Kleavor, F, shiny|100\/100\n|switch|p2b: Tyranitar|Tyranitar, M|100\/100\n|-weather|Sandstorm|[from] ability: Sand Stream|[of] p2b: Tyranitar\n|turn|1\n|\n|t:|1700165334\n|move|p1a: Tornadus|Protect|p1a: Tornadus\n|-singleturn|p1a: Tornadus|Protect\n|move|p2b: Tyranitar|Protect|p2b: Tyranitar\n|-singleturn|p2b: Tyranitar|Protect\n|move|p2a: Kleavor|Stone Axe|p1a: Tornadus\n|-activate|p1a: Tornadus|move: Protect\n|move|p1b: Iron Hands|Close Combat|p2a: Kleavor\n|-damage|p2a: Kleavor|5\/100\n|-unboost|p1b: Iron Hands|def|1\n|-unboost|p1b: Iron Hands|spd|1\n|\n|-weather|Sandstorm|[upkeep]\n|-damage|p1a: Tornadus|94\/100|[from] Sandstorm\n|-damage|p1b: Iron Hands|94\/100|[from] Sandstorm\n|-heal|p1a: Tornadus|100\/100|[from] item: Leftovers\n|upkeep\n|turn|2\n|\n|t:|1700165353\n|-terastallize|p2b: Tyranitar|Flying\n|move|p2a: Kleavor|Stone Axe|p1b: Iron Hands|[miss]\n|-miss|p2a: Kleavor|p1b: Iron Hands\n|move|p1a: Tornadus|Bleakwind Storm|p2b: Tyranitar|[spread] p2a,p2b\n|-damage|p2a: Kleavor|0 fnt\n|-damage|p2b: Tyranitar|76\/100\n|faint|p2a: Kleavor\n|move|p2b: Tyranitar|High Horsepower|p1b: Iron Hands\n|-supereffective|p1b: Iron Hands\n|-damage|p1b: Iron Hands|15\/100\n|move|p1b: Iron Hands|Close Combat|p2b: Tyranitar\n|-resisted|p2b: Tyranitar\n|-damage|p2b: Tyranitar|49\/100\n|-unboost|p1b: Iron Hands|def|1\n|-unboost|p1b: Iron Hands|spd|1\n|\n|-weather|Sandstorm|[upkeep]\n|-damage|p1a: Tornadus|94\/100|[from] Sandstorm\n|-damage|p2b: Tyranitar|43\/100|[from] Sandstorm\n|-damage|p1b: Iron Hands|9\/100|[from] Sandstorm\n|-heal|p1a: Tornadus|100\/100|[from] item: Leftovers\n|upkeep\n|\n|t:|1700165372\n|switch|p2a: Ambipom|Ambipom, F, shiny|100\/100\n|turn|3\n|\n|t:|1700165385\n|move|p1a: Tornadus|Protect|p1a: Tornadus\n|-singleturn|p1a: Tornadus|Protect\n|move|p2a: Ambipom|Fake Out|p1b: Iron Hands\n|-damage|p1b: Iron Hands|0 fnt\n|faint|p1b: Iron Hands\n|-end|p1b: Iron Hands|Quark Drive|[silent]\n|move|p2b: Tyranitar|Rock Slide|p1a: Tornadus\n|-activate|p1a: Tornadus|move: Protect\n|\n|-weather|Sandstorm|[upkeep]\n|-damage|p2a: Ambipom|94\/100|[from] Sandstorm\n|-damage|p1a: Tornadus|94\/100|[from] Sandstorm\n|-damage|p2b: Tyranitar|37\/100|[from] Sandstorm\n|-heal|p1a: Tornadus|100\/100|[from] item: Leftovers\n|upkeep\n|\n|t:|1700165401\n|switch|p1b: Ninetales|Ninetales-Alola, F|100\/100\n|-weather|Snow|[from] ability: Snow Warning|[of] p1b: Ninetales\n|turn|4\n|\n|t:|1700165410\n|move|p1a: Tornadus|Tailwind|p1a: Tornadus\n|-sidestart|p1: JBUG0617|move: Tailwind\n|move|p1b: Ninetales|Blizzard|p2b: Tyranitar|[spread] p2a,p2b\n|-supereffective|p2b: Tyranitar\n|-damage|p2a: Ambipom|46\/100\n|-damage|p2b: Tyranitar|0 fnt\n|faint|p2b: Tyranitar\n|move|p2a: Ambipom|Fling|p1b: Ninetales\n|-resisted|p1b: Ninetales\n|-damage|p1b: Ninetales|94\/100\n|-enditem|p2a: Ambipom|King's Rock|[from] move: Fling\n|\n|-weather|Snow|[upkeep]\n|upkeep\n|\n|t:|1700165421\n|switch|p2b: Goodra|Goodra-Hisui, M|100\/100\n|turn|5\n|\n|t:|1700165443\n|switch|p1b: Sliggoo|Sliggoo-Hisui, F|100\/100\n|move|p1a: Tornadus|Bleakwind Storm|p2a: Ambipom|[spread] p2b\n|-miss|p1a: Tornadus|p2a: Ambipom\n|-resisted|p2b: Goodra\n|-damage|p2b: Goodra|93\/100\n|move|p2a: Ambipom|U-turn|p1a: Tornadus\n|-resisted|p1a: Tornadus\n|-damage|p1a: Tornadus|88\/100\n|\n|t:|1700165452\n|switch|p2a: Gastrodon|Gastrodon, F|100\/100|[from] U-turn\n|move|p2b: Goodra|Heavy Slam|p1b: Sliggoo\n|-resisted|p1b: Sliggoo\n|-crit|p1b: Sliggoo\n|-damage|p1b: Sliggoo|73\/100\n|-ability|p1b: Sliggoo|Gooey\n|-unboost|p2b: Goodra|spe|1\n|\n|-weather|Snow|[upkeep]\n|-heal|p1a: Tornadus|94\/100|[from] item: Leftovers\n|upkeep\n|turn|6\n|\n|t:|1700165470\n|move|p1a: Tornadus|Bleakwind Storm|p2a: Gastrodon|[spread] p2a,p2b\n|-resisted|p2b: Goodra\n|-damage|p2a: Gastrodon|81\/100\n|-damage|p2b: Goodra|86\/100\n|move|p1b: Sliggoo|Curse|p1b: Sliggoo\n|-unboost|p1b: Sliggoo|spe|1\n|-boost|p1b: Sliggoo|atk|1\n|-boost|p1b: Sliggoo|def|1\n|move|p2a: Gastrodon|Earth Power|p1b: Sliggoo\n|-supereffective|p1b: Sliggoo\n|-damage|p1b: Sliggoo|32\/100\n|move|p2b: Goodra|Dragon Tail|p1b: Sliggoo\n|-crit|p1b: Sliggoo\n|-damage|p1b: Sliggoo|0 fnt\n|-ability|p1b: Sliggoo|Gooey\n|-unboost|p2b: Goodra|spe|1\n|faint|p1b: Sliggoo\n|\n|-weather|Snow|[upkeep]\n|-heal|p1a: Tornadus|99\/100|[from] item: Leftovers\n|upkeep\n|inactive|JBUG0617 has 120 seconds left.\n|\n|t:|1700165491\n|switch|p1b: Basculegion|Basculegion-F, F|100\/100\n|turn|7\n|\n|t:|1700165505\n|switch|p2a: Ambipom|Ambipom, F, shiny|46\/100\n|move|p1b: Basculegion|Shadow Ball|p2b: Goodra\n|-damage|p2b: Goodra|57\/100\n|-unboost|p2b: Goodra|spd|1\n|move|p1a: Tornadus|Bleakwind Storm|p2a: Ambipom|[spread] p2a,p2b\n|-resisted|p2b: Goodra\n|-damage|p2a: Ambipom|0 fnt\n|-damage|p2b: Goodra|46\/100\n|faint|p2a: Ambipom\n|move|p2b: Goodra|Dragon Tail|p1b: Basculegion\n|-damage|p1b: Basculegion|62\/100\n|drag|p1b: Ninetales|Ninetales-Alola, F|94\/100\n|\n|-weather|Snow|[upkeep]\n|-heal|p1a: Tornadus|100\/100|[from] item: Leftovers\n|-sideend|p1: JBUG0617|move: Tailwind\n|upkeep\n|\n|t:|1700165521\n|switch|p2a: Gastrodon|Gastrodon, F|81\/100\n|turn|8\n|\n|t:|1700165527\n|move|p1a: Tornadus|Tailwind|p1a: Tornadus\n|-sidestart|p1: JBUG0617|move: Tailwind\n|move|p1b: Ninetales|Blizzard|p2a: Gastrodon|[spread] p2a,p2b\n|-damage|p2a: Gastrodon|60\/100\n|-damage|p2b: Goodra|27\/100\n|move|p2a: Gastrodon|Muddy Water|p1a: Tornadus|[spread] p1a,p1b\n|-damage|p1a: Tornadus|73\/100\n|-damage|p1b: Ninetales|58\/100\n|-unboost|p1b: Ninetales|accuracy|1\n|move|p2b: Goodra|Heavy Slam|p1b: Ninetales\n|-supereffective|p1b: Ninetales\n|-damage|p1b: Ninetales|0 fnt\n|faint|p1b: Ninetales\n|\n|-weather|none\n|-heal|p1a: Tornadus|79\/100|[from] item: Leftovers\n|upkeep\n|\n|t:|1700165543\n|switch|p1b: Basculegion|Basculegion-F, F|62\/100\n|turn|9\n|\n|t:|1700165550\n|move|p1b: Basculegion|Shadow Ball|p2b: Goodra\n|-damage|p2b: Goodra|0 fnt\n|faint|p2b: Goodra\n|move|p1a: Tornadus|Bleakwind Storm|p2a: Gastrodon\n|-damage|p2a: Gastrodon|34\/100\n|move|p2a: Gastrodon|Muddy Water|p1a: Tornadus|[spread] p1a,p1b\n|-resisted|p1b: Basculegion\n|-damage|p1a: Tornadus|51\/100\n|-damage|p1b: Basculegion|44\/100\n|-unboost|p1a: Tornadus|accuracy|1\n|-unboost|p1b: Basculegion|accuracy|1\n|\n|-heal|p1a: Tornadus|57\/100|[from] item: Leftovers\n|upkeep\n|\n|t:|1700165562\n|switch|p2b: Mimikyu|Mimikyu, F|100\/100\n|turn|10\n|\n|t:|1700165570\n|move|p1a: Tornadus|Taunt|p2b: Mimikyu\n|-start|p2b: Mimikyu|move: Taunt\n|move|p1b: Basculegion|Shadow Ball|p2b: Mimikyu\n|-activate|p2b: Mimikyu|ability: Disguise\n|-damage|p2b: Mimikyu|100\/100\n|detailschange|p2b: Mimikyu|Mimikyu-Busted, F\n|-damage|p2b: Mimikyu|88\/100|[from] pokemon: Mimikyu-Busted\n|move|p2b: Mimikyu|Play Rough|p1b: Basculegion\n|-damage|p1b: Basculegion|0 fnt\n|faint|p1b: Basculegion\n|move|p2a: Gastrodon|Muddy Water|p1a: Tornadus\n|-damage|p1a: Tornadus|17\/100\n|\n|-heal|p1a: Tornadus|23\/100|[from] item: Leftovers\n|upkeep\n|\n|t:|1700165584\n|switch|p1b: Ogerpon|Ogerpon-Hearthflame, F|100\/100\n|-ability|p1b: Ogerpon|Mold Breaker\n|turn|11\n|\n|t:|1700165599\n|move|p1a: Tornadus|Protect|p1a: Tornadus\n|-singleturn|p1a: Tornadus|Protect\n|move|p1b: Ogerpon|Ivy Cudgel|p2b: Mimikyu|[anim] Ivy Cudgel Fire\n|-damage|p2b: Mimikyu|0 fnt\n|faint|p2b: Mimikyu\n|move|p2a: Gastrodon|Earth Power|p1b: Ogerpon\n|-damage|p1b: Ogerpon|50\/100\n|\n|-heal|p1a: Tornadus|30\/100|[from] item: Leftovers\n|-sideend|p1: JBUG0617|move: Tailwind\n|upkeep\n|turn|12\n|\n|t:|1700165616\n|move|p1b: Ogerpon|Horn Leech|p2a: Gastrodon\n|-supereffective|p2a: Gastrodon\n|-damage|p2a: Gastrodon|0 fnt\n|-heal|p1b: Ogerpon|74\/100|[from] drain|[of] p2a: Gastrodon\n|faint|p2a: Gastrodon\n|\n|win|JBUG0617\n|raw|JBUG0617's rating: 1301 &rarr; <strong>1327<\/strong><br \/>(+26 for winning)\n|raw|hitr_ssbm's rating: 1418 &rarr; <strong>1392<\/strong><br \/>(-26 for losing)\n|c|\u2606hitr_ssbm|gg\n|c|\u2606JBUG0617|gg\n","uploadtime":1700165896,"views":12,"p1id":"jbug0617","p2id":"hitrssbm","formatid":"gen9doublesou","rating":1327,"private":0,"password":""}