{"id":"gen9doublesou-1996859459","p1":"AlexisDec","p2":"RLisanidiot","format":"[Gen 9] Doubles OU","log":"|j|\u2606AlexisDec\n|j|\u2606RLisanidiot\n|t:|1700736576\n|gametype|doubles\n|player|p1|AlexisDec|169|1329\n|player|p2|RLisanidiot|unknownf|1314\n|teamsize|p1|6\n|teamsize|p2|6\n|gen|9\n|tier|[Gen 9] Doubles OU\n|rated|\n|rule|Species Clause: Limit one of each Pok\u00e9mon\n|rule|OHKO Clause: OHKO moves are banned\n|rule|Evasion Moves Clause: Evasion moves are banned\n|rule|Gravity Sleep Clause: The combination of sleep-inducing moves with imperfect accuracy and Gravity or Gigantamax Orbeetle are banned\n|rule|Endless Battle Clause: Forcing endless battles is banned\n|rule|HP Percentage Mod: HP is shown in percentages\n|clearpoke\n|poke|p1|Dachsbun, M|\n|poke|p1|Chi-Yu|\n|poke|p1|Sinistcha|\n|poke|p1|Snorlax, F|\n|poke|p1|Indeedee-F, F|\n|poke|p1|Armarouge, F|\n|poke|p2|Ninetales-Alola, F|\n|poke|p2|Chien-Pao|\n|poke|p2|Flutter Mane|\n|poke|p2|Tornadus, M|\n|poke|p2|Pachirisu, M|\n|poke|p2|Landorus-Therian, M|\n|teampreview\n|inactive|Battle timer is ON: inactive players will automatically lose when time's up. (requested by RLisanidiot)\n|\n|t:|1700736593\n|start\n|switch|p1a: Indeedee|Indeedee-F, F|100\/100\n|switch|p1b: Armarouge|Armarouge, F|100\/100\n|switch|p2a: Tornadus|Tornadus, M|100\/100\n|switch|p2b: Landorus|Landorus-Therian, M, shiny|100\/100\n|-ability|p2b: Landorus|Intimidate|boost\n|-unboost|p1a: Indeedee|atk|1\n|-unboost|p1b: Armarouge|atk|1\n|-fieldstart|move: Psychic Terrain|[from] ability: Psychic Surge|[of] p1a: Indeedee\n|-enditem|p1a: Indeedee|Psychic Seed\n|-boost|p1a: Indeedee|spd|1|[from] item: Psychic Seed\n|turn|1\n|inactive|AlexisDec has 120 seconds left.\n|\n|t:|1700736627\n|move|p1a: Indeedee|Follow Me|p1a: Indeedee\n|-singleturn|p1a: Indeedee|move: Follow Me\n|move|p2a: Tornadus|Rain Dance|p2a: Tornadus\n|-weather|RainDance\n|move|p2b: Landorus|Sandsear Storm|p1a: Indeedee|[spread] p1a,p1b\n|-supereffective|p1b: Armarouge\n|-damage|p1a: Indeedee|79\/100\n|-damage|p1b: Armarouge|30\/100\n|move|p1b: Armarouge|Trick Room|p1b: Armarouge\n|-fieldstart|move: Trick Room|[of] p1b: Armarouge\n|\n|-weather|RainDance|[upkeep]\n|upkeep\n|turn|2\n|\n|t:|1700736647\n|switch|p2b: Chien-Pao|Chien-Pao|100\/100\n|-ability|p2b: Chien-Pao|Sword of Ruin\n|move|p1a: Indeedee|Helping Hand|p1b: Armarouge\n|-singleturn|p1b: Armarouge|Helping Hand|[of] p1a: Indeedee\n|move|p1b: Armarouge|Expanding Force|p2a: Tornadus|[spread] p2a\n|-immune|p2b: Chien-Pao\n|-damage|p2a: Tornadus|0 fnt\n|faint|p2a: Tornadus\n|\n|-weather|RainDance|[upkeep]\n|upkeep\n|\n|t:|1700736661\n|switch|p2a: Pachirisu|Pachirisu, M|100\/100\n|turn|3\n|\n|t:|1700736678\n|-terastallize|p2b: Chien-Pao|Electric\n|move|p1a: Indeedee|Follow Me|p1a: Indeedee\n|-singleturn|p1a: Indeedee|move: Follow Me\n|move|p1b: Armarouge|Armor Cannon|p2b: Chien-Pao\n|-damage|p2b: Chien-Pao|75\/100\n|-unboost|p1b: Armarouge|def|1\n|-unboost|p1b: Armarouge|spd|1\n|move|p2a: Pachirisu|Super Fang|p1a: Indeedee\n|-damage|p1a: Indeedee|40\/100\n|move|p2b: Chien-Pao|Ice Spinner|p1a: Indeedee\n|-damage|p1a: Indeedee|0 fnt\n|-fieldend|move: Psychic Terrain\n|faint|p1a: Indeedee\n|\n|-weather|RainDance|[upkeep]\n|upkeep\n|inactive|AlexisDec has 120 seconds left.\n|\n|t:|1700736705\n|switch|p1a: OT|Dachsbun, M, shiny|100\/100\n|-enditem|p1a: OT|Room Service\n|-unboost|p1a: OT|spe|1|[from] item: Room Service\n|turn|4\n|\n|t:|1700736718\n|move|p2b: Chien-Pao|Sucker Punch|p1b: Armarouge\n|-supereffective|p1b: Armarouge\n|-damage|p1b: Armarouge|0 fnt\n|faint|p1b: Armarouge\n|move|p1a: OT|Wish|p1a: OT\n|move|p2a: Pachirisu|Nuzzle|p1a: OT\n|-damage|p1a: OT|96\/100\n|-status|p1a: OT|par\n|\n|-weather|RainDance|[upkeep]\n|upkeep\n|l|\u2606AlexisDec\n|inactive|AlexisDec disconnected and has a minute to reconnect!\n|player|p1|\n|j|\u2606AlexisDec\n|inactive|AlexisDec reconnected and has 120 seconds left.\n|player|p1|AlexisDec|169\n|\n|t:|1700736749\n|switch|p1b: Snorlax|Snorlax, F, shiny|100\/100\n|turn|5\n|\n|t:|1700736764\n|switch|p2b: Landorus|Landorus-Therian, M, shiny|100\/100\n|-ability|p2b: Landorus|Intimidate|boost\n|-unboost|p1a: OT|atk|1\n|-unboost|p1b: Snorlax|atk|1\n|move|p1a: OT|Body Press|p2a: Pachirisu\n|-damage|p2a: Pachirisu|68\/100\n|move|p1b: Snorlax|High Horsepower|p2b: Landorus\n|-immune|p2b: Landorus\n|move|p2a: Pachirisu|Nuzzle|p1b: Snorlax\n|-damage|p1b: Snorlax|97\/100\n|-status|p1b: Snorlax|par\n|\n|-weather|none\n|-heal|p1a: OT|100\/100 par|[from] move: Wish|[wisher] OT\n|-fieldend|move: Trick Room\n|upkeep\n|turn|6\n|\n|t:|1700736778\n|move|p2b: Landorus|U-turn|p1b: Snorlax\n|-damage|p1b: Snorlax|83\/100 par\n|\n|t:|1700736781\n|switch|p2b: Flutter Mane|Flutter Mane|100\/100|[from] U-turn\n|move|p2a: Pachirisu|Super Fang|p1b: Snorlax|[miss]\n|-miss|p2a: Pachirisu|p1b: Snorlax\n|move|p1a: OT|Body Press|p2a: Pachirisu\n|-damage|p2a: Pachirisu|37\/100\n|-enditem|p2a: Pachirisu|Sitrus Berry|[eat]\n|-heal|p2a: Pachirisu|62\/100|[from] item: Sitrus Berry\n|move|p1b: Snorlax|Curse|p1b: Snorlax\n|-unboost|p1b: Snorlax|spe|1\n|-boost|p1b: Snorlax|atk|1\n|-boost|p1b: Snorlax|def|1\n|\n|upkeep\n|turn|7\n|\n|t:|1700736804\n|move|p2a: Pachirisu|Follow Me|p2a: Pachirisu\n|-singleturn|p2a: Pachirisu|move: Follow Me\n|move|p2b: Flutter Mane|Moonblast|p1b: Snorlax\n|-damage|p1b: Snorlax|44\/100 par\n|cant|p1a: OT|par\n|move|p1b: Snorlax|Curse|p1b: Snorlax\n|-unboost|p1b: Snorlax|spe|1\n|-boost|p1b: Snorlax|atk|1\n|-boost|p1b: Snorlax|def|1\n|\n|upkeep\n|turn|8\n|\n|t:|1700736822\n|move|p2a: Pachirisu|Follow Me|p2a: Pachirisu\n|-singleturn|p2a: Pachirisu|move: Follow Me\n|move|p2b: Flutter Mane|Moonblast|p1b: Snorlax\n|-damage|p1b: Snorlax|1\/100 par\n|cant|p1a: OT|par\n|cant|p1b: Snorlax|par\n|\n|upkeep\n|turn|9\n|-message|AlexisDec forfeited.\n|\n|win|RLisanidiot\n|raw|AlexisDec's rating: 1329 &rarr; <strong>1308<\/strong><br \/>(-21 for losing)\n|raw|RLisanidiot's rating: 1314 &rarr; <strong>1335<\/strong><br \/>(+21 for winning)\n|l|\u2606AlexisDec\n","uploadtime":1700736840,"views":17,"p1id":"alexisdec","p2id":"rlisanidiot","formatid":"gen9doublesou","rating":1308,"private":0,"password":""}