{"id":"gen9doublesou-1989863877","p1":"carambolo","p2":"Portugas","format":"[Gen 9] Doubles OU","log":"|j|\u2606carambolo\n|j|\u2606Portugas\n|t:|1699902070\n|gametype|doubles\n|player|p1|carambolo|265|1523\n|player|p2|Portugas|1|1454\n|teamsize|p1|6\n|teamsize|p2|6\n|gen|9\n|tier|[Gen 9] Doubles OU\n|rated|\n|rule|Species Clause: Limit one of each Pok\u00e9mon\n|rule|OHKO Clause: OHKO moves are banned\n|rule|Evasion Moves Clause: Evasion moves are banned\n|rule|Gravity Sleep Clause: The combination of sleep-inducing moves with imperfect accuracy and Gravity or Gigantamax Orbeetle are banned\n|rule|Endless Battle Clause: Forcing endless battles is banned\n|rule|HP Percentage Mod: HP is shown in percentages\n|clearpoke\n|poke|p1|Spiritomb, M|\n|poke|p1|Gastrodon, M|\n|poke|p1|Kingambit, M|\n|poke|p1|Hatterene, F|\n|poke|p1|Armarouge, F|\n|poke|p1|Kommo-o, F|\n|poke|p2|Kleavor, M|\n|poke|p2|Tornadus, M|\n|poke|p2|Amoonguss, M|\n|poke|p2|Samurott-Hisui, M|\n|poke|p2|Iron Hands|\n|poke|p2|Golem-Alola, F|\n|teampreview\n|inactive|Battle timer is ON: inactive players will automatically lose when time's up. (requested by carambolo)\n|\n|t:|1699902103\n|start\n|switch|p1a: Spektro|Spiritomb, M|100\/100\n|switch|p1b: Gre\u00f1as|Hatterene, F|100\/100\n|switch|p2a: Tornadus|Tornadus, M|100\/100\n|switch|p2b: Samurott|Samurott-Hisui, M|100\/100\n|-ability|p1a: Spektro|Pressure\n|turn|1\n|inactive|Portugas has 120 seconds left.\n|c|\u2606carambolo|Nya\n|inactive|Portugas has 90 seconds left.\n|\n|t:|1699902163\n|move|p2a: Tornadus|Taunt|p1a: Spektro\n|-hint|Since gen 7, Dark is immune to Prankster moves.\n|-immune|p1a: Spektro\n|move|p2b: Samurott|Ceaseless Edge|p1b: Gre\u00f1as\n|-damage|p1b: Gre\u00f1as|59\/100\n|-sidestart|p1: carambolo|Spikes\n|move|p1b: Gre\u00f1as|Dazzling Gleam|p2a: Tornadus|[spread] p2a,p2b\n|-supereffective|p2b: Samurott\n|-damage|p2a: Tornadus|74\/100\n|-damage|p2b: Samurott|41\/100\n|move|p1a: Spektro|Trick Room|p1a: Spektro\n|-fieldstart|move: Trick Room|[of] p1a: Spektro\n|\n|upkeep\n|turn|2\n|inactive|Portugas has 90 seconds left.\n|\n|t:|1699902192\n|move|p1b: Gre\u00f1as|Dazzling Gleam|p2a: Tornadus|[spread] p2a,p2b\n|-supereffective|p2b: Samurott\n|-damage|p2a: Tornadus|50\/100\n|-damage|p2b: Samurott|0 fnt\n|faint|p2b: Samurott\n|move|p1a: Spektro|Snarl|p2a: Tornadus\n|-damage|p2a: Tornadus|34\/100\n|-unboost|p2a: Tornadus|spa|1\n|move|p2a: Tornadus|Bleakwind Storm|p1b: Gre\u00f1as|[spread] p1a\n|-miss|p2a: Tornadus|p1b: Gre\u00f1as\n|-damage|p1a: Spektro|81\/100\n|-unboost|p1a: Spektro|spe|1\n|\n|-heal|p1a: Spektro|87\/100|[from] item: Leftovers\n|upkeep\n|inactive|Portugas has 90 seconds left.\n|\n|t:|1699902207\n|switch|p2b: Kleavor|Kleavor, M|100\/100\n|turn|3\n|inactive|Portugas has 90 seconds left.\n|\n|t:|1699902223\n|move|p2b: Kleavor|Protect|p2b: Kleavor\n|-singleturn|p2b: Kleavor|Protect\n|move|p2a: Tornadus|Rain Dance|p2a: Tornadus\n|-weather|RainDance\n|move|p1a: Spektro|Will-O-Wisp|p2b: Kleavor\n|-activate|p2b: Kleavor|move: Protect\n|move|p1b: Gre\u00f1as|Life Dew|p1b: Gre\u00f1as|[spread] p1a,p1b\n|-heal|p1a: Spektro|100\/100\n|-heal|p1b: Gre\u00f1as|84\/100\n|\n|-weather|RainDance|[upkeep]\n|upkeep\n|turn|4\n|\n|t:|1699902249\n|switch|p2a: Iron Hands|Iron Hands|100\/100\n|move|p2b: Kleavor|Protect|p2b: Kleavor\n|-singleturn|p2b: Kleavor|Protect\n|move|p1a: Spektro|Snarl|p2a: Iron Hands|[spread] p2a\n|-activate|p2b: Kleavor|move: Protect\n|-resisted|p2a: Iron Hands\n|-damage|p2a: Iron Hands|94\/100\n|-unboost|p2a: Iron Hands|spa|1\n|move|p1b: Gre\u00f1as|Psychic|p2b: Kleavor\n|-activate|p2b: Kleavor|move: Protect\n|\n|-weather|RainDance|[upkeep]\n|upkeep\n|turn|5\n|\n|t:|1699902278\n|move|p2a: Iron Hands|Fake Out|p1b: Gre\u00f1as\n|-damage|p1b: Gre\u00f1as|68\/100\n|move|p1a: Spektro|Will-O-Wisp|p2a: Iron Hands\n|-status|p2a: Iron Hands|brn\n|move|p1b: Gre\u00f1as|Dazzling Gleam|p2b: Kleavor|[spread] p2a,p2b\n|-supereffective|p2a: Iron Hands\n|-damage|p2a: Iron Hands|39\/100 brn\n|-damage|p2b: Kleavor|49\/100\n|move|p2b: Kleavor|Stone Axe|p1a: Spektro\n|-damage|p1a: Spektro|39\/100\n|-sidestart|p1: carambolo|move: Stealth Rock\n|-damage|p2b: Kleavor|39\/100|[from] item: Life Orb\n|\n|-weather|RainDance|[upkeep]\n|-heal|p1a: Spektro|45\/100|[from] item: Leftovers\n|-damage|p2a: Iron Hands|33\/100 brn|[from] brn\n|-fieldend|move: Trick Room\n|upkeep\n|turn|6\n|inactive|carambolo has 120 seconds left.\n|inactive|Portugas has 90 seconds left.\n|\n|t:|1699902310\n|move|p2b: Kleavor|X-Scissor|p1b: Gre\u00f1as\n|-damage|p1b: Gre\u00f1as|0 fnt\n|faint|p1b: Gre\u00f1as\n|-damage|p2b: Kleavor|29\/100|[from] item: Life Orb\n|move|p2a: Iron Hands|Wild Charge|p1a: Spektro\n|-damage|p1a: Spektro|21\/100\n|-damage|p2a: Iron Hands|29\/100 brn|[from] Recoil\n|move|p1a: Spektro|Trick Room|p1a: Spektro\n|-fieldstart|move: Trick Room|[of] p1a: Spektro\n|\n|-weather|RainDance|[upkeep]\n|-heal|p1a: Spektro|27\/100|[from] item: Leftovers\n|-damage|p2a: Iron Hands|23\/100 brn|[from] brn\n|upkeep\n|inactive|carambolo has 120 seconds left.\n|\n|t:|1699902330\n|switch|p1b: Trujo|Gastrodon, M|100\/100\n|-damage|p1b: Trujo|88\/100|[from] Spikes\n|-damage|p1b: Trujo|82\/100|[from] Stealth Rock\n|turn|7\n|\n|t:|1699902351\n|-end|p2a: Iron Hands|Quark Drive|[silent]\n|switch|p2a: Tornadus|Tornadus, M|34\/100\n|move|p1a: Spektro|Hex|p2a: Tornadus\n|-damage|p2a: Tornadus|17\/100\n|move|p1b: Trujo|Muddy Water|p2a: Tornadus|[spread] p2a\n|-miss|p1b: Trujo|p2b: Kleavor\n|-damage|p2a: Tornadus|0 fnt\n|faint|p2a: Tornadus\n|-heal|p1b: Trujo|84\/100|[from] item: Shell Bell|[of] p2b: Kleavor\n|move|p2b: Kleavor|X-Scissor|p1a: Spektro\n|-damage|p1a: Spektro|0 fnt\n|faint|p1a: Spektro\n|-damage|p2b: Kleavor|19\/100|[from] item: Life Orb\n|\n|-weather|none\n|upkeep\n|inactive|Portugas has 120 seconds left.\n|\n|t:|1699902381\n|switch|p1a: Kommo-o|Kommo-o, F|100\/100\n|switch|p2a: Iron Hands|Iron Hands|23\/100 brn\n|-damage|p1a: Kommo-o|88\/100|[from] Spikes\n|-damage|p1a: Kommo-o|82\/100|[from] Stealth Rock\n|turn|8\n|inactive|Portugas has 120 seconds left.\n|\n|t:|1699902419\n|switch|p2b: Amoonguss|Amoonguss, M|100\/100\n|move|p2a: Iron Hands|Fake Out|p1a: Kommo-o\n|-damage|p1a: Kommo-o|75\/100\n|move|p1b: Trujo|Muddy Water|p2a: Iron Hands|[spread] p2a,p2b\n|-resisted|p2b: Amoonguss\n|-damage|p2a: Iron Hands|0 fnt\n|-damage|p2b: Amoonguss|90\/100\n|faint|p2a: Iron Hands\n|-end|p2a: Iron Hands|Quark Drive|[silent]\n|-heal|p1b: Trujo|89\/100|[from] item: Shell Bell|[of] p2b: Amoonguss\n|cant|p1a: Kommo-o|flinch\n|\n|-heal|p2b: Amoonguss|96\/100|[from] item: Leftovers\n|upkeep\n|inactive|Portugas has 90 seconds left.\n|\n|t:|1699902447\n|switch|p2a: Golem|Golem-Alola, F|100\/100\n|turn|9\n|inactive|Portugas has 90 seconds left.\n|\n|t:|1699902473\n|-terastallize|p1b: Trujo|Fire\n|move|p2a: Golem|Wide Guard|p2a: Golem\n|-singleturn|p2a: Golem|Wide Guard\n|move|p2b: Amoonguss|Spore|p1b: Trujo\n|-status|p1b: Trujo|slp|[from] move: Spore\n|cant|p1b: Trujo|slp\n|move|p1a: Kommo-o|Drain Punch|p2a: Golem\n|-supereffective|p2a: Golem\n|-damage|p2a: Golem|54\/100\n|-heal|p1a: Kommo-o|100\/100|[from] drain|[of] p2a: Golem\n|\n|-heal|p2b: Amoonguss|100\/100|[from] item: Leftovers\n|upkeep\n|turn|10\n|inactive|Portugas has 90 seconds left.\n|inactive|carambolo has 120 seconds left.\n|\n|t:|1699902505\n|switch|p1b: Bigotes|Kingambit, M|100\/100\n|-damage|p1b: Bigotes|88\/100|[from] Spikes\n|-damage|p1b: Bigotes|82\/100|[from] Stealth Rock\n|move|p2a: Golem|Protect||[still]\n|-fail|p2a: Golem\n|move|p2b: Amoonguss|Spore|p1a: Kommo-o\n|-immune|p1a: Kommo-o|[from] ability: Overcoat\n|move|p1a: Kommo-o|Clangorous Soul|p1a: Kommo-o\n|-boost|p1a: Kommo-o|atk|1\n|-boost|p1a: Kommo-o|def|1\n|-boost|p1a: Kommo-o|spa|1\n|-boost|p1a: Kommo-o|spd|1\n|-boost|p1a: Kommo-o|spe|1\n|-damage|p1a: Kommo-o|68\/100\n|\n|-fieldend|move: Trick Room\n|upkeep\n|turn|11\n|inactive|Portugas has 90 seconds left.\n|inactive|carambolo has 120 seconds left.\n|\n|t:|1699902538\n|switch|p1b: Trujo|Gastrodon, M, tera:Fire|89\/100 slp\n|-damage|p1b: Trujo|76\/100 slp|[from] Spikes\n|-damage|p1b: Trujo|51\/100 slp|[from] Stealth Rock\n|switch|p2b: Kleavor|Kleavor, M|19\/100\n|move|p1a: Kommo-o|Drain Punch|p2a: Golem\n|-supereffective|p2a: Golem\n|-damage|p2a: Golem|0 fnt\n|-heal|p1a: Kommo-o|100\/100|[from] drain|[of] p2a: Golem\n|faint|p2a: Golem\n|\n|upkeep\n|\n|t:|1699902552\n|switch|p2a: Amoonguss|Amoonguss, M|100\/100\n|turn|12\n|inactive|Portugas has 90 seconds left.\n|c|\u2606carambolo|Cagaste\n|\n|t:|1699902566\n|move|p1a: Kommo-o|Drain Punch|p2b: Kleavor\n|-damage|p2b: Kleavor|0 fnt\n|faint|p2b: Kleavor\n|-curestatus|p1b: Trujo|slp|[msg]\n|move|p1b: Trujo|Tera Blast|p2a: Amoonguss|[anim] Tera Blast Fire\n|-supereffective|p2a: Amoonguss\n|-damage|p2a: Amoonguss|50\/100\n|-heal|p1b: Trujo|58\/100|[from] item: Shell Bell|[of] p2a: Amoonguss\n|move|p2a: Amoonguss|Pollen Puff|p2: Kleavor|[notarget]\n|-fail|p2a: Amoonguss\n|\n|-heal|p2a: Amoonguss|57\/100|[from] item: Leftovers\n|upkeep\n|turn|13\n|inactive|Portugas has 90 seconds left.\n|-message|Portugas forfeited.\n|\n|win|carambolo\n|raw|carambolo's rating: 1523 &rarr; <strong>1539<\/strong><br \/>(+16 for winning)\n|raw|Portugas's rating: 1454 &rarr; <strong>1438<\/strong><br \/>(-16 for losing)\n|l|\u2606Portugas\n","uploadtime":1699902604,"views":14,"p1id":"carambolo","p2id":"portugas","formatid":"gen9doublesou","rating":1438,"private":0,"password":""}