{"id":"gen9doublesou-1972423061","p1":"Xanathar14","p2":"chunky autisn","format":"[Gen 9] Doubles OU","log":"|j|\u2606Xanathar14\n|j|\u2606chunky autisn\n|t:|1697841148\n|gametype|doubles\n|player|p1|Xanathar14|steven|1103\n|player|p2|chunky autisn|266|1065\n|teamsize|p1|6\n|teamsize|p2|6\n|gen|9\n|tier|[Gen 9] Doubles OU\n|rated|\n|rule|Species Clause: Limit one of each Pok\u00e9mon\n|rule|OHKO Clause: OHKO moves are banned\n|rule|Evasion Moves Clause: Evasion moves are banned\n|rule|Gravity Sleep Clause: The combination of sleep-inducing moves with imperfect accuracy and Gravity or Gigantamax Orbeetle are banned\n|rule|Endless Battle Clause: Forcing endless battles is banned\n|rule|HP Percentage Mod: HP is shown in percentages\n|clearpoke\n|poke|p1|Sinistcha-Masterpiece|\n|poke|p1|Ursaluna-Bloodmoon, M|\n|poke|p1|Hatterene, F|\n|poke|p1|Goodra-Hisui, F|\n|poke|p1|Volcanion|\n|poke|p1|Gholdengo|\n|poke|p2|Victreebel, M|\n|poke|p2|Palossand, M|\n|poke|p2|Slaking, M|\n|poke|p2|Coalossal, M|\n|poke|p2|Torkoal, M|\n|poke|p2|Dragapult, M|\n|teampreview\n|c|\u2606Xanathar14|glhf\n|\n|t:|1697841172\n|start\n|switch|p1a: Sinistcha|Sinistcha-Masterpiece|100\/100\n|switch|p1b: Ursaluna|Ursaluna-Bloodmoon, M|100\/100\n|switch|p2a: Torkoal|Torkoal, M|100\/100\n|switch|p2b: Victreebel|Victreebel, M|100\/100\n|-weather|SunnyDay|[from] ability: Drought|[of] p2a: Torkoal\n|-item|p2a: Torkoal|Air Balloon\n|turn|1\n|\n|t:|1697841195\n|switch|p1b: Goodra|Goodra-Hisui, F, shiny|100\/100\n|move|p2b: Victreebel|Sludge Bomb|p1a: Sinistcha\n|-damage|p1a: Sinistcha|41\/100\n|-damage|p2b: Victreebel|91\/100|[from] item: Life Orb\n|move|p2a: Torkoal|Earth Power|p1b: Goodra\n|-supereffective|p1b: Goodra\n|-damage|p1b: Goodra|71\/100\n|-enditem|p1b: Goodra|Weakness Policy\n|-boost|p1b: Goodra|atk|2|[from] item: Weakness Policy\n|-boost|p1b: Goodra|spa|2|[from] item: Weakness Policy\n|move|p1a: Sinistcha|Trick Room|p1a: Sinistcha\n|-fieldstart|move: Trick Room|[of] p1a: Sinistcha\n|\n|-weather|SunnyDay|[upkeep]\n|-heal|p1a: Sinistcha|47\/100|[from] item: Leftovers\n|upkeep\n|turn|2\n|inactive|Battle timer is ON: inactive players will automatically lose when time's up. (requested by chunky autisn)\n|\n|t:|1697841228\n|switch|p2b: Palossand|Palossand, M|100\/100\n|move|p2a: Torkoal|Flamethrower|p1a: Sinistcha\n|-supereffective|p1a: Sinistcha\n|-damage|p1a: Sinistcha|0 fnt\n|faint|p1a: Sinistcha\n|move|p1b: Goodra|Dragon Pulse|p2b: Palossand\n|-damage|p2b: Palossand|20\/100\n|\n|-weather|SunnyDay|[upkeep]\n|upkeep\n|\n|t:|1697841238\n|switch|p1a: Hatterene|Hatterene, F, shiny|100\/100\n|turn|3\n|\n|t:|1697841253\n|-terastallize|p2a: Torkoal|Ground\n|move|p2a: Torkoal|Earth Power|p1b: Goodra\n|-supereffective|p1b: Goodra\n|-damage|p1b: Goodra|27\/100\n|move|p2b: Palossand|Giga Drain|p1a: Hatterene\n|-damage|p1a: Hatterene|82\/100\n|-heal|p2b: Palossand|27\/100|[from] drain|[of] p1a: Hatterene\n|move|p1a: Hatterene|Light Screen|p1a: Hatterene\n|-sidestart|p1: Xanathar14|move: Light Screen\n|move|p1b: Goodra|Muddy Water|p2b: Palossand|[spread] p2a,p2b\n|-supereffective|p2a: Torkoal\n|-supereffective|p2b: Palossand\n|-damage|p2a: Torkoal|48\/100\n|-damage|p2b: Palossand|0 fnt\n|-unboost|p2a: Torkoal|accuracy|1\n|-enditem|p2a: Torkoal|Air Balloon\n|faint|p2b: Palossand\n|\n|-weather|SunnyDay|[upkeep]\n|upkeep\n|inactive|chunky autisn has 120 seconds left.\n|\n|t:|1697841288\n|switch|p2b: Coalossal|Coalossal, M|100\/100\n|turn|4\n|inactive|chunky autisn has 120 seconds left.\n|\n|t:|1697841313\n|move|p2a: Torkoal|Earth Power|p1b: Goodra|[miss]\n|-miss|p2a: Torkoal|p1b: Goodra\n|move|p1a: Hatterene|Reflect|p1a: Hatterene\n|-sidestart|p1: Xanathar14|Reflect\n|move|p2b: Coalossal|Heat Wave|p1b: Goodra|[spread] p1a,p1b\n|-damage|p1a: Hatterene|49\/100\n|-damage|p1b: Goodra|1\/100\n|move|p1b: Goodra|Life Dew|p1b: Goodra|[spread] p1a,p1b\n|-heal|p1a: Hatterene|74\/100\n|-heal|p1b: Goodra|26\/100\n|\n|-weather|SunnyDay|[upkeep]\n|upkeep\n|turn|5\n|inactive|chunky autisn has 120 seconds left.\n|\n|t:|1697841339\n|switch|p2a: Dragapult|Dragapult, M|100\/100\n|switch|p1a: Volcanion|Volcanion|100\/100\n|move|p2b: Coalossal|Heat Wave|p1b: Goodra|[spread] p1a,p1b\n|-resisted|p1a: Volcanion\n|-damage|p1a: Volcanion|96\/100\n|-damage|p1b: Goodra|4\/100\n|move|p1b: Goodra|Life Dew|p1b: Goodra|[spread] p1b\n|-heal|p1a: Volcanion|100\/100|[from] ability: Water Absorb|[of] p1b: Goodra\n|-heal|p1b: Goodra|29\/100\n|\n|-weather|none\n|-fieldend|move: Trick Room\n|upkeep\n|turn|6\n|inactive|chunky autisn has 120 seconds left.\n|\n|t:|1697841363\n|move|p2a: Dragapult|Surf|p1a: Volcanion|[spread] p2b,p1b\n|-immune|p1a: Volcanion|[from] ability: Water Absorb\n|-supereffective|p2b: Coalossal\n|-resisted|p1b: Goodra\n|-damage|p2b: Coalossal|62\/100\n|-damage|p1b: Goodra|25\/100\n|-ability|p2b: Coalossal|Steam Engine|boost\n|-boost|p2b: Coalossal|spe|6\n|-enditem|p2b: Coalossal|Weakness Policy\n|-boost|p2b: Coalossal|atk|2|[from] item: Weakness Policy\n|-boost|p2b: Coalossal|spa|2|[from] item: Weakness Policy\n|move|p2b: Coalossal|Heat Wave|p1a: Volcanion|[spread] p1b\n|-miss|p2b: Coalossal|p1a: Volcanion\n|-damage|p1b: Goodra|0 fnt\n|faint|p1b: Goodra\n|move|p1a: Volcanion|Steam Eruption|p2b: Coalossal\n|-supereffective|p2b: Coalossal\n|-damage|p2b: Coalossal|0 fnt\n|faint|p2b: Coalossal\n|\n|upkeep\n|\n|t:|1697841381\n|switch|p1b: Hatterene|Hatterene, F, shiny|74\/100\n|switch|p2b: Torkoal|Torkoal, M, tera:Ground|48\/100\n|-weather|SunnyDay|[from] ability: Drought|[of] p2b: Torkoal\n|turn|7\n|\n|t:|1697841398\n|move|p2b: Torkoal|Helping Hand|p2a: Dragapult\n|-singleturn|p2a: Dragapult|Helping Hand|[of] p2b: Torkoal\n|move|p2a: Dragapult|Dragon Darts|p1a: Volcanion\n|-damage|p1a: Volcanion|67\/100\n|-anim|p2a: Dragapult|Dragon Darts|p1a: Volcanion\n|-damage|p1a: Volcanion|33\/100\n|move|p1a: Volcanion|Heat Wave|p2a: Dragapult|[spread] p2b\n|-miss|p1a: Volcanion|p2a: Dragapult\n|-damage|p2b: Torkoal|0 fnt\n|faint|p2b: Torkoal\n|move|p1b: Hatterene|Dazzling Gleam|p2a: Dragapult\n|-supereffective|p2a: Dragapult\n|-damage|p2a: Dragapult|0 fnt\n|faint|p2a: Dragapult\n|\n|-weather|SunnyDay|[upkeep]\n|upkeep\n|\n|t:|1697841411\n|switch|p2a: Slaking|Slaking, M|100\/100\n|switch|p2b: Victreebel|Victreebel, M|91\/100\n|turn|8\n|\n|t:|1697841438\n|move|p2b: Victreebel|Solar Beam||[still]\n|-prepare|p2b: Victreebel|Solar Beam\n|-anim|p2b: Victreebel|Solar Beam|p1a: Volcanion\n|-damage|p1a: Volcanion|0 fnt\n|faint|p1a: Volcanion\n|-damage|p2b: Victreebel|81\/100|[from] item: Life Orb\n|move|p2a: Slaking|Fire Punch|p1b: Hatterene\n|-damage|p1b: Hatterene|42\/100\n|move|p1b: Hatterene|Trick Room|p1b: Hatterene\n|-fieldstart|move: Trick Room|[of] p1b: Hatterene\n|\n|-weather|SunnyDay|[upkeep]\n|upkeep\n|\n|t:|1697841450\n|switch|p1a: Gholdengo|Gholdengo|100\/100\n|turn|9\n|\n|t:|1697841460\n|move|p2b: Victreebel|Protect|p2b: Victreebel\n|-singleturn|p2b: Victreebel|Protect\n|move|p1b: Hatterene|Dazzling Gleam|p2a: Slaking|[spread] p2a\n|-activate|p2b: Victreebel|move: Protect\n|-damage|p2a: Slaking|77\/100\n|move|p1a: Gholdengo|Make It Rain|p2b: Victreebel|[spread] p2a\n|-activate|p2b: Victreebel|move: Protect\n|-crit|p2a: Slaking\n|-damage|p2a: Slaking|18\/100\n|-unboost|p1a: Gholdengo|spa|1\n|cant|p2a: Slaking|ability: Truant\n|\n|-weather|SunnyDay|[upkeep]\n|upkeep\n|turn|10\n|-message|chunky autisn forfeited.\n|\n|win|Xanathar14\n|raw|Xanathar14's rating: 1103 &rarr; <strong>1125<\/strong><br \/>(+22 for winning)\n|raw|chunky autisn's rating: 1065 &rarr; <strong>1047<\/strong><br \/>(-18 for losing)\n|l|\u2606chunky autisn\n","uploadtime":1697841490,"views":13,"p1id":"xanathar14","p2id":"chunkyautisn","formatid":"gen9doublesou","rating":1047,"private":0,"password":""}