{"id":"gen9doublesou-1975126837","p1":"TurtFwiend","p2":"ItsACritt","format":"[Gen 9] Doubles OU","log":"|j|\u2606TurtFwiend\n|j|\u2606ItsACritt\n|t:|1698163974\n|gametype|doubles\n|player|p1|TurtFwiend|102|1296\n|player|p2|ItsACritt|flannery-gen6|1221\n|teamsize|p1|6\n|teamsize|p2|6\n|gen|9\n|tier|[Gen 9] Doubles OU\n|rated|\n|rule|Species Clause: Limit one of each Pok\u00e9mon\n|rule|OHKO Clause: OHKO moves are banned\n|rule|Evasion Moves Clause: Evasion moves are banned\n|rule|Gravity Sleep Clause: The combination of sleep-inducing moves with imperfect accuracy and Gravity or Gigantamax Orbeetle are banned\n|rule|Endless Battle Clause: Forcing endless battles is banned\n|rule|HP Percentage Mod: HP is shown in percentages\n|clearpoke\n|poke|p1|Ogerpon-Wellspring, F|\n|poke|p1|Grimmsnarl, M|\n|poke|p1|Torterra, F|\n|poke|p1|Chi-Yu|\n|poke|p1|Flutter Mane|\n|poke|p1|Amoonguss, F|\n|poke|p2|Ninetales, F|\n|poke|p2|Lilligant-Hisui, F|\n|poke|p2|Tyranitar, M|\n|poke|p2|Arcanine-Hisui, M|\n|poke|p2|Enamorus, F|\n|poke|p2|Houndstone, M|\n|teampreview\n|inactive|Battle timer is ON: inactive players will automatically lose when time's up. (requested by ItsACritt)\n|\n|t:|1698163987\n|start\n|switch|p1a: Norman|Grimmsnarl, M, shiny|100\/100\n|switch|p1b: Bumpy|Torterra, F, shiny|100\/100\n|switch|p2a: Celestia|Ninetales, F, shiny|100\/100\n|switch|p2b: She|Lilligant-Hisui, F, shiny|100\/100\n|-weather|SunnyDay|[from] ability: Drought|[of] p2a: Celestia\n|turn|1\n|\n|t:|1698164007\n|-terastallize|p1b: Bumpy|Steel\n|move|p1a: Norman|Fake Out|p2a: Celestia\n|-damage|p2a: Celestia|84\/100\n|move|p2b: She|Sleep Powder|p1a: Norman\n|-status|p1a: Norman|slp|[from] move: Sleep Powder\n|cant|p2a: Celestia|flinch\n|move|p1b: Bumpy|Shell Smash|p1b: Bumpy\n|-unboost|p1b: Bumpy|def|1\n|-unboost|p1b: Bumpy|spd|1\n|-boost|p1b: Bumpy|atk|2\n|-boost|p1b: Bumpy|spa|2\n|-boost|p1b: Bumpy|spe|2\n|-enditem|p1b: Bumpy|White Herb\n|-clearnegativeboost|p1b: Bumpy|[silent]\n|\n|-weather|SunnyDay|[upkeep]\n|upkeep\n|turn|2\n|\n|t:|1698164028\n|cant|p1a: Norman|slp\n|move|p2b: She|Close Combat|p1b: Bumpy\n|-supereffective|p1b: Bumpy\n|-damage|p1b: Bumpy|6\/100\n|-unboost|p2b: She|def|1\n|-unboost|p2b: She|spd|1\n|move|p2a: Celestia|Overheat|p1a: Norman\n|-damage|p1a: Norman|26\/100 slp\n|-unboost|p2a: Celestia|spa|2\n|-enditem|p2a: Celestia|Eject Pack\n|\n|t:|1698164036\n|switch|p2a: Comet|Arcanine-Hisui, M, shiny|100\/100\n|-ability|p2a: Comet|Intimidate|boost\n|-unboost|p1a: Norman|atk|1\n|-unboost|p1b: Bumpy|atk|1\n|move|p1b: Bumpy|Stomping Tantrum|p2a: Comet\n|-supereffective|p2a: Comet\n|-crit|p2a: Comet\n|-damage|p2a: Comet|0 fnt\n|faint|p2a: Comet\n|\n|-weather|SunnyDay|[upkeep]\n|upkeep\n|\n|t:|1698164044\n|switch|p2a: Celestia|Ninetales, F, shiny|84\/100\n|turn|3\n|\n|t:|1698164052\n|-curestatus|p1a: Norman|slp|[msg]\n|move|p1a: Norman|Reflect|p1a: Norman\n|-sidestart|p1: TurtFwiend|Reflect\n|move|p2b: She|Solar Blade||[still]\n|-prepare|p2b: She|Solar Blade\n|-anim|p2b: She|Solar Blade|p1b: Bumpy\n|-resisted|p1b: Bumpy\n|-damage|p1b: Bumpy|0 fnt\n|faint|p1b: Bumpy\n|move|p2a: Celestia|Weather Ball|p1a: Norman\n|-damage|p1a: Norman|0 fnt\n|faint|p1a: Norman\n|\n|-weather|SunnyDay|[upkeep]\n|upkeep\n|\n|t:|1698164069\n|switch|p1a: Darwin|Chi-Yu|100\/100\n|switch|p1b: Gus|Amoonguss, F, shiny|100\/100\n|-ability|p1a: Darwin|Beads of Ruin\n|turn|4\n|\n|t:|1698164080\n|move|p1b: Gus|Rage Powder|p1b: Gus\n|-singleturn|p1b: Gus|move: Rage Powder\n|move|p2b: She|Close Combat|p1a: Darwin\n|-supereffective|p1a: Darwin\n|-damage|p1a: Darwin|0 fnt\n|-unboost|p2b: She|def|1\n|-unboost|p2b: She|spd|1\n|faint|p1a: Darwin\n|move|p2a: Celestia|Weather Ball|p1b: Gus\n|-supereffective|p1b: Gus\n|-damage|p1b: Gus|0 fnt\n|faint|p1b: Gus\n|\n|-weather|SunnyDay|[upkeep]\n|upkeep\n|\n|t:|1698164091\n|switch|p1a: Fifi|Ogerpon-Wellspring, F|100\/100\n|switch|p1b: Queenie|Flutter Mane, shiny|100\/100\n|-activate|p1b: Queenie|ability: Protosynthesis\n|-start|p1b: Queenie|protosynthesisspe\n|turn|5\n|\n|t:|1698164116\n|-terastallize|p2a: Celestia|Water\n|move|p2b: She|Solar Blade||[still]\n|-prepare|p2b: She|Solar Blade\n|-anim|p2b: She|Solar Blade|p1a: Fifi\n|-damage|p1a: Fifi|62\/100\n|move|p1b: Queenie|Dazzling Gleam|p2a: Celestia|[spread] p2a,p2b\n|-supereffective|p2b: She\n|-damage|p2a: Celestia|51\/100\n|-enditem|p2b: She|Focus Sash\n|-damage|p2b: She|1\/100\n|move|p2a: Celestia|Weather Ball|p1b: Queenie\n|-damage|p1b: Queenie|43\/100\n|move|p1a: Fifi|Ivy Cudgel|p2a: Celestia\n|-resisted|p2a: Celestia\n|-damage|p2a: Celestia|33\/100\n|\n|-weather|none\n|-end|p1b: Queenie|Protosynthesis\n|upkeep\n|-enditem|p1b: Queenie|Booster Energy\n|-activate|p1b: Queenie|ability: Protosynthesis|[fromitem]\n|-start|p1b: Queenie|protosynthesisspe\n|turn|6\n|\n|t:|1698164139\n|move|p1b: Queenie|Icy Wind|p2b: She|[spread] p2a,p2b\n|-resisted|p2a: Celestia\n|-supereffective|p2b: She\n|-damage|p2a: Celestia|25\/100\n|-damage|p2b: She|0 fnt\n|-unboost|p2a: Celestia|spe|1\n|faint|p2b: She\n|move|p1a: Fifi|Horn Leech|p2a: Celestia\n|-supereffective|p2a: Celestia\n|-damage|p2a: Celestia|0 fnt\n|-heal|p1a: Fifi|72\/100|[from] drain|[of] p2a: Celestia\n|faint|p2a: Celestia\n|\n|upkeep\n|\n|t:|1698164145\n|switch|p2a: Reptar|Tyranitar, M|100\/100\n|switch|p2b: Night Guard|Houndstone, M|100\/100\n|-weather|Sandstorm|[from] ability: Sand Stream|[of] p2a: Reptar\n|turn|7\n|\n|t:|1698164165\n|move|p1b: Queenie|Shadow Ball|p2b: Night Guard\n|-supereffective|p2b: Night Guard\n|-damage|p2b: Night Guard|18\/100\n|move|p2b: Night Guard|Last Respects|p1b: Queenie\n|-supereffective|p1b: Queenie\n|-damage|p1b: Queenie|0 fnt\n|faint|p1b: Queenie\n|-end|p1b: Queenie|Protosynthesis|[silent]\n|move|p1a: Fifi|Horn Leech|p2b: Night Guard\n|-damage|p2b: Night Guard|0 fnt\n|-heal|p1a: Fifi|80\/100|[from] drain|[of] p2b: Night Guard\n|faint|p2b: Night Guard\n|move|p2a: Reptar|Rock Slide|p1a: Fifi\n|-damage|p1a: Fifi|52\/100\n|\n|-weather|Sandstorm|[upkeep]\n|-damage|p1a: Fifi|46\/100|[from] Sandstorm\n|upkeep\n|\n|t:|1698164171\n|switch|p2b: Cupid|Enamorus, F|100\/100\n|turn|8\n|\n|t:|1698164183\n|move|p2b: Cupid|Tailwind|p2b: Cupid\n|-sidestart|p2: ItsACritt|move: Tailwind\n|move|p2a: Reptar|Knock Off|p1a: Fifi\n|-damage|p1a: Fifi|21\/100\n|move|p1a: Fifi|Horn Leech|p2a: Reptar\n|-supereffective|p2a: Reptar\n|-damage|p2a: Reptar|47\/100\n|-heal|p1a: Fifi|50\/100|[from] drain|[of] p2a: Reptar\n|\n|-weather|Sandstorm|[upkeep]\n|-damage|p2b: Cupid|94\/100|[from] Sandstorm\n|-damage|p1a: Fifi|44\/100|[from] Sandstorm\n|upkeep\n|turn|9\n|\n|t:|1698164195\n|move|p2b: Cupid|Dazzling Gleam|p1a: Fifi\n|-damage|p1a: Fifi|0 fnt\n|faint|p1a: Fifi\n|-damage|p2b: Cupid|85\/100|[from] item: Life Orb\n|\n|win|ItsACritt\n|raw|TurtFwiend's rating: 1296 &rarr; <strong>1266<\/strong><br \/>(-30 for losing)\n|raw|ItsACritt's rating: 1221 &rarr; <strong>1251<\/strong><br \/>(+30 for winning)\n|l|\u2606TurtFwiend\n","uploadtime":1698164203,"views":10,"p1id":"turtfwiend","p2id":"itsacritt","formatid":"gen9doublesou","rating":1251,"private":0,"password":""}