{"id":"gen9doublesou-1987646045","p1":"Soymir","p2":"BozoJoshy","format":"[Gen 9] Doubles OU","log":"|j|\u2606Soymir\n|j|\u2606BozoJoshy\n|t:|1699623527\n|gametype|doubles\n|player|p1|Soymir|101|1070\n|player|p2|BozoJoshy|1|1000\n|teamsize|p1|6\n|teamsize|p2|6\n|gen|9\n|tier|[Gen 9] Doubles OU\n|rated|\n|rule|Species Clause: Limit one of each Pok\u00e9mon\n|rule|OHKO Clause: OHKO moves are banned\n|rule|Evasion Moves Clause: Evasion moves are banned\n|rule|Gravity Sleep Clause: The combination of sleep-inducing moves with imperfect accuracy and Gravity or Gigantamax Orbeetle are banned\n|rule|Endless Battle Clause: Forcing endless battles is banned\n|rule|HP Percentage Mod: HP is shown in percentages\n|clearpoke\n|poke|p1|Gardevoir, F|\n|poke|p1|Pelipper, F|\n|poke|p1|Indeedee-F, F|\n|poke|p1|Golduck, M|\n|poke|p1|Zapdos|\n|poke|p1|Gastrodon-East, F|\n|poke|p2|Mamoswine, M|\n|poke|p2|Slowking-Galar, F|\n|poke|p2|Gardevoir, M|\n|poke|p2|Ceruledge, M|\n|poke|p2|Goodra-Hisui, M|\n|poke|p2|Rillaboom, F|\n|teampreview\n|\n|t:|1699623532\n|start\n|switch|p1a: Indeedee|Indeedee-F, F|100\/100\n|switch|p1b: Golduck|Golduck, M|100\/100\n|switch|p2a: Gardevoir|Gardevoir, M|100\/100\n|switch|p2b: Ceruledge|Ceruledge, M|100\/100\n|-fieldstart|move: Psychic Terrain|[from] ability: Psychic Surge|[of] p2a: Gardevoir\n|-ability|p2a: Gardevoir|Psychic Surge|[from] ability: Trace|[of] p1a: Indeedee\n|turn|1\n|\n|t:|1699623556\n|move|p2b: Ceruledge|Protect|p2b: Ceruledge\n|-singleturn|p2b: Ceruledge|Protect\n|move|p1a: Indeedee|Follow Me|p1a: Indeedee\n|-singleturn|p1a: Indeedee|move: Follow Me\n|move|p1b: Golduck|Nasty Plot|p1b: Golduck\n|-boost|p1b: Golduck|spa|2\n|move|p2a: Gardevoir|Calm Mind|p2a: Gardevoir\n|-boost|p2a: Gardevoir|spa|1\n|-boost|p2a: Gardevoir|spd|1\n|\n|upkeep\n|turn|2\n|\n|t:|1699623571\n|switch|p1a: Pelipper|Pelipper, F|100\/100\n|-weather|RainDance|[from] ability: Drizzle|[of] p1a: Pelipper\n|-terastallize|p1b: Golduck|Water\n|move|p1b: Golduck|Surf|p2b: Ceruledge|[spread] p1a,p2a,p2b\n|-resisted|p1a: Pelipper\n|-crit|p1a: Pelipper\n|-crit|p2a: Gardevoir\n|-supereffective|p2b: Ceruledge\n|-damage|p1a: Pelipper|0 fnt\n|-damage|p2a: Gardevoir|0 fnt\n|-damage|p2b: Ceruledge|0 fnt\n|faint|p1a: Pelipper\n|faint|p2a: Gardevoir\n|faint|p2b: Ceruledge\n|-damage|p1b: Golduck|91\/100|[from] item: Life Orb\n|\n|-weather|RainDance|[upkeep]\n|upkeep\n|\n|t:|1699623593\n|switch|p2b: Goodra|Goodra-Hisui, M|100\/100\n|switch|p2a: Rillaboom|Rillaboom, F|100\/100\n|switch|p1a: Gardevoir|Gardevoir, F|100\/100\n|-fieldstart|move: Grassy Terrain|[from] ability: Grassy Surge|[of] p2a: Rillaboom\n|-enditem|p2a: Rillaboom|Grassy Seed\n|-boost|p2a: Rillaboom|def|1|[from] item: Grassy Seed\n|turn|3\n|\n|t:|1699623612\n|move|p2a: Rillaboom|Grassy Glide|p2b: Goodra\n|-ability|p2b: Goodra|Sap Sipper|boost\n|-boost|p2b: Goodra|atk|1\n|move|p1b: Golduck|Ice Beam|p2a: Rillaboom\n|-supereffective|p2a: Rillaboom\n|-damage|p2a: Rillaboom|0 fnt\n|faint|p2a: Rillaboom\n|-damage|p1b: Golduck|81\/100|[from] item: Life Orb\n|move|p1a: Gardevoir|Heal Pulse|p1b: Golduck\n|-heal|p1b: Golduck|100\/100\n|move|p2b: Goodra|Acid Armor|p2b: Goodra\n|-boost|p2b: Goodra|def|2\n|\n|-weather|RainDance|[upkeep]\n|upkeep\n|\n|t:|1699623630\n|switch|p2a: Slowking|Slowking-Galar, F|100\/100\n|turn|4\n|\n|t:|1699623637\n|move|p1a: Gardevoir|Helping Hand|p1b: Golduck\n|-singleturn|p1b: Golduck|Helping Hand|[of] p1a: Gardevoir\n|move|p1b: Golduck|Surf|p2b: Goodra|[spread] p2a,p2b\n|-activate|p1a: Gardevoir|ability: Telepathy\n|-resisted|p2b: Goodra\n|-damage|p2a: Slowking|0 fnt\n|-damage|p2b: Goodra|2\/100\n|faint|p2a: Slowking\n|-damage|p1b: Golduck|91\/100|[from] item: Life Orb\n|move|p2b: Goodra|Iron Head|p1a: Gardevoir\n|-supereffective|p1a: Gardevoir\n|-damage|p1a: Gardevoir|0 fnt\n|faint|p1a: Gardevoir\n|\n|-weather|RainDance|[upkeep]\n|-heal|p1b: Golduck|97\/100|[from] Grassy Terrain\n|-heal|p2b: Goodra|8\/100|[from] Grassy Terrain\n|upkeep\n|\n|t:|1699623657\n|switch|p1a: Gastrodon|Gastrodon-East, F|100\/100\n|switch|p2a: Mamoswine|Mamoswine, M|100\/100\n|turn|5\n|\n|t:|1699623672\n|move|p1b: Golduck|Surf|p2b: Goodra|[spread] p2a,p2b\n|-ability|p1a: Gastrodon|Storm Drain|boost\n|-boost|p1a: Gastrodon|spa|1\n|-supereffective|p2a: Mamoswine\n|-resisted|p2b: Goodra\n|-damage|p2a: Mamoswine|0 fnt\n|-damage|p2b: Goodra|0 fnt\n|faint|p2a: Mamoswine\n|faint|p2b: Goodra\n|-damage|p1b: Golduck|87\/100|[from] item: Life Orb\n|\n|win|Soymir\n|raw|Soymir's rating: 1070 &rarr; <strong>1094<\/strong><br \/>(+24 for winning)\n|raw|BozoJoshy's rating: 1000 &rarr; <strong>1000<\/strong><br \/>(+0 for losing)\n|c|\u2606Soymir|gg\n|l|\u2606BozoJoshy\n","uploadtime":1699623692,"views":13,"p1id":"soymir","p2id":"bozojoshy","formatid":"gen9doublesou","rating":1000,"private":0,"password":""}