{"id":"gen9doublesou-1993441290","p1":"cotesmcgotes","p2":"Suvojit","format":"[Gen 9] Doubles OU","log":"|j|\u2606cotesmcgotes\n|j|\u2606Suvojit\n|t:|1700318310\n|gametype|doubles\n|player|p1|cotesmcgotes|flannery|1338\n|player|p2|Suvojit|102|1354\n|teamsize|p1|6\n|teamsize|p2|6\n|gen|9\n|tier|[Gen 9] Doubles OU\n|rated|\n|rule|Species Clause: Limit one of each Pok\u00e9mon\n|rule|OHKO Clause: OHKO moves are banned\n|rule|Evasion Moves Clause: Evasion moves are banned\n|rule|Gravity Sleep Clause: The combination of sleep-inducing moves with imperfect accuracy and Gravity or Gigantamax Orbeetle are banned\n|rule|Endless Battle Clause: Forcing endless battles is banned\n|rule|HP Percentage Mod: HP is shown in percentages\n|clearpoke\n|poke|p1|Cresselia, F|\n|poke|p1|Overqwil, M|\n|poke|p1|Tornadus, M|\n|poke|p1|Palafin, F|\n|poke|p1|Amoonguss, M|\n|poke|p1|Diancie|\n|poke|p2|Pelipper, M|\n|poke|p2|Gastrodon, M|\n|poke|p2|Spiritomb, M|\n|poke|p2|Rotom-Wash|\n|poke|p2|Iron Hands|\n|poke|p2|Amoonguss, F|\n|teampreview\n|\n|t:|1700318333\n|start\n|switch|p1a: Tornadus|Tornadus, M, shiny|100\/100\n|switch|p1b: Amoonguss|Amoonguss, M, shiny|100\/100\n|switch|p2a: Amoonguss|Amoonguss, F|100\/100\n|switch|p2b: Gastrodon|Gastrodon, M, shiny|100\/100\n|turn|1\n|inactive|Battle timer is ON: inactive players will automatically lose when time's up. (requested by cotesmcgotes)\n|\n|t:|1700318342\n|move|p2b: Gastrodon|Protect|p2b: Gastrodon\n|-singleturn|p2b: Gastrodon|Protect\n|move|p1a: Tornadus|Taunt|p2a: Amoonguss\n|-start|p2a: Amoonguss|move: Taunt\n|cant|p2a: Amoonguss|move: Taunt|Spore\n|move|p1b: Amoonguss|Giga Drain|p2b: Gastrodon\n|-activate|p2b: Gastrodon|move: Protect\n|\n|upkeep\n|turn|2\n|\n|t:|1700318358\n|switch|p2b: Iron Hands|Iron Hands|100\/100\n|switch|p2a: Pelipper|Pelipper, M|100\/100\n|-weather|RainDance|[from] ability: Drizzle|[of] p2a: Pelipper\n|move|p1a: Tornadus|Tailwind|p1a: Tornadus\n|-sidestart|p1: cotesmcgotes|move: Tailwind\n|move|p1b: Amoonguss|Giga Drain|p2b: Iron Hands\n|-damage|p2b: Iron Hands|79\/100\n|\n|-weather|RainDance|[upkeep]\n|upkeep\n|turn|3\n|\n|t:|1700318373\n|switch|p1b: Diancie|Diancie, shiny|100\/100\n|move|p1a: Tornadus|Bleakwind Storm|p2a: Pelipper|[spread] p2a,p2b\n|-damage|p2a: Pelipper|67\/100\n|-damage|p2b: Iron Hands|56\/100\n|move|p2a: Pelipper|Hurricane|p1b: Diancie\n|-resisted|p1b: Diancie\n|-damage|p1b: Diancie|85\/100\n|move|p2b: Iron Hands|Thunder Punch|p1a: Tornadus\n|-supereffective|p1a: Tornadus\n|-damage|p1a: Tornadus|3\/100\n|\n|-weather|RainDance|[upkeep]\n|-heal|p2a: Pelipper|73\/100|[from] item: Leftovers\n|upkeep\n|turn|4\n|inactive|cotesmcgotes has 120 seconds left.\n|\n|t:|1700318411\n|switch|p1a: Amoonguss|Amoonguss, M, shiny|100\/100\n|move|p2a: Pelipper|Wide Guard|p2a: Pelipper\n|-singleturn|p2a: Pelipper|Wide Guard\n|move|p1b: Diancie|Diamond Storm|p2a: Pelipper|[spread] \n|-activate|p2a: Pelipper|move: Wide Guard\n|-activate|p2b: Iron Hands|move: Wide Guard\n|move|p2b: Iron Hands|Drain Punch|p1b: Diancie\n|-damage|p1b: Diancie|54\/100\n|-heal|p2b: Iron Hands|66\/100|[from] drain|[of] p1b: Diancie\n|\n|-weather|RainDance|[upkeep]\n|-heal|p2a: Pelipper|79\/100|[from] item: Leftovers\n|upkeep\n|turn|5\n|\n|t:|1700318428\n|switch|p2a: Amoonguss|Amoonguss, F|100\/100\n|move|p2b: Iron Hands|Detect|p2b: Iron Hands\n|-singleturn|p2b: Iron Hands|Protect\n|move|p1b: Diancie|Diamond Storm|p2b: Iron Hands|[spread] p2a\n|-activate|p2b: Iron Hands|move: Protect\n|-damage|p2a: Amoonguss|68\/100\n|move|p1a: Amoonguss|Spore|p2b: Iron Hands\n|-activate|p2b: Iron Hands|move: Protect\n|\n|-weather|RainDance|[upkeep]\n|-heal|p2a: Amoonguss|74\/100|[from] item: Black Sludge\n|-sideend|p1: cotesmcgotes|move: Tailwind\n|upkeep\n|turn|6\n|\n|t:|1700318451\n|move|p2b: Iron Hands|Thunder Punch|p1b: Diancie\n|-damage|p1b: Diancie|25\/100\n|move|p1b: Diancie|Play Rough|p2b: Iron Hands\n|-supereffective|p2b: Iron Hands\n|-damage|p2b: Iron Hands|9\/100\n|move|p2a: Amoonguss|Pollen Puff|p2b: Iron Hands\n|-heal|p2b: Iron Hands|59\/100\n|move|p1a: Amoonguss|Spore|p2b: Iron Hands\n|-status|p2b: Iron Hands|slp|[from] move: Spore\n|\n|-weather|none\n|-heal|p2a: Amoonguss|80\/100|[from] item: Black Sludge\n|upkeep\n|turn|7\n|\n|t:|1700318477\n|-end|p2b: Iron Hands|Quark Drive|[silent]\n|switch|p2b: Rotom|Rotom-Wash, shiny|100\/100\n|move|p1b: Diancie|Play Rough|p2b: Rotom\n|-damage|p2b: Rotom|63\/100\n|-unboost|p2b: Rotom|atk|1\n|move|p2a: Amoonguss|Pollen Puff|p2b: Rotom\n|-heal|p2b: Rotom|100\/100\n|move|p1a: Amoonguss|Pollen Puff|p1b: Diancie\n|-heal|p1b: Diancie|75\/100\n|\n|-heal|p2a: Amoonguss|86\/100|[from] item: Black Sludge\n|upkeep\n|turn|8\n|\n|t:|1700318496\n|move|p1a: Amoonguss|Rage Powder|p1a: Amoonguss\n|-singleturn|p1a: Amoonguss|move: Rage Powder\n|move|p2b: Rotom|Hydro Pump|p1a: Amoonguss\n|-resisted|p1a: Amoonguss\n|-damage|p1a: Amoonguss|80\/100\n|move|p1b: Diancie|Diamond Storm|p2a: Amoonguss|[spread] p2a,p2b\n|-damage|p2a: Amoonguss|51\/100\n|-damage|p2b: Rotom|69\/100\n|move|p2a: Amoonguss|Pollen Puff|p1b: Diancie\n|-resisted|p1b: Diancie\n|-damage|p1b: Diancie|68\/100\n|\n|-heal|p2b: Rotom|75\/100|[from] item: Leftovers\n|-heal|p2a: Amoonguss|58\/100|[from] item: Black Sludge\n|upkeep\n|turn|9\n|\n|t:|1700318517\n|move|p2b: Rotom|Hydro Pump|p1b: Diancie|[miss]\n|-miss|p2b: Rotom|p1b: Diancie\n|move|p1b: Diancie|Diamond Storm|p2b: Rotom|[spread] p2a,p2b\n|-damage|p2a: Amoonguss|26\/100\n|-damage|p2b: Rotom|39\/100\n|-boost|p1b: Diancie|def|2\n|move|p2a: Amoonguss|Pollen Puff|p2b: Rotom\n|-heal|p2b: Rotom|89\/100\n|move|p1a: Amoonguss|Giga Drain|p2b: Rotom\n|-supereffective|p2b: Rotom\n|-damage|p2b: Rotom|30\/100\n|-heal|p1a: Amoonguss|100\/100|[from] drain|[of] p2b: Rotom\n|\n|-heal|p2b: Rotom|37\/100|[from] item: Leftovers\n|-heal|p2a: Amoonguss|33\/100|[from] item: Black Sludge\n|upkeep\n|turn|10\n|\n|t:|1700318538\n|move|p1a: Amoonguss|Rage Powder|p1a: Amoonguss\n|-singleturn|p1a: Amoonguss|move: Rage Powder\n|move|p2b: Rotom|Hydro Pump|p1a: Amoonguss|[miss]\n|-miss|p2b: Rotom|p1a: Amoonguss\n|move|p1b: Diancie|Diamond Storm|p2b: Rotom|[spread] p2a,p2b\n|-damage|p2a: Amoonguss|0 fnt\n|-damage|p2b: Rotom|3\/100\n|-boost|p1b: Diancie|def|2\n|faint|p2a: Amoonguss\n|\n|-heal|p2b: Rotom|10\/100|[from] item: Leftovers\n|upkeep\n|\n|t:|1700318552\n|switch|p2a: Pelipper|Pelipper, M|79\/100\n|-weather|RainDance|[from] ability: Drizzle|[of] p2a: Pelipper\n|turn|11\n|\n|t:|1700318561\n|move|p2a: Pelipper|Wide Guard|p2a: Pelipper\n|-singleturn|p2a: Pelipper|Wide Guard\n|move|p1a: Amoonguss|Rage Powder|p1a: Amoonguss\n|-singleturn|p1a: Amoonguss|move: Rage Powder\n|move|p2b: Rotom|Hydro Pump|p1a: Amoonguss|[miss]\n|-miss|p2b: Rotom|p1a: Amoonguss\n|move|p1b: Diancie|Body Press|p2b: Rotom\n|-damage|p2b: Rotom|0 fnt\n|faint|p2b: Rotom\n|\n|-weather|RainDance|[upkeep]\n|-heal|p2a: Pelipper|85\/100|[from] item: Leftovers\n|upkeep\n|\n|t:|1700318575\n|switch|p2b: Gastrodon|Gastrodon, M, shiny|100\/100\n|turn|12\n|\n|t:|1700318584\n|move|p2a: Pelipper|Surf|p1b: Diancie|[spread] p1a,p1b\n|-ability|p2b: Gastrodon|Storm Drain|boost\n|-boost|p2b: Gastrodon|spa|1\n|-resisted|p1a: Amoonguss\n|-supereffective|p1b: Diancie\n|-damage|p1a: Amoonguss|85\/100\n|-damage|p1b: Diancie|20\/100\n|move|p1b: Diancie|Diamond Storm|p2b: Gastrodon|[spread] p2a,p2b\n|-supereffective|p2a: Pelipper\n|-resisted|p2b: Gastrodon\n|-damage|p2a: Pelipper|8\/100\n|-damage|p2b: Gastrodon|81\/100\n|-boost|p1b: Diancie|def|2\n|move|p2b: Gastrodon|Muddy Water|p1b: Diancie|[spread] \n|-miss|p2b: Gastrodon|p1a: Amoonguss\n|-miss|p2b: Gastrodon|p1b: Diancie\n|move|p1a: Amoonguss|Spore|p2b: Gastrodon\n|-status|p2b: Gastrodon|slp|[from] move: Spore\n|\n|-weather|RainDance|[upkeep]\n|-heal|p2a: Pelipper|14\/100|[from] item: Leftovers\n|-heal|p2b: Gastrodon|87\/100 slp|[from] item: Leftovers\n|upkeep\n|turn|13\n|\n|t:|1700318600\n|move|p2a: Pelipper|Surf|p1a: Amoonguss|[spread] p1a,p1b\n|-ability|p2b: Gastrodon|Storm Drain|boost\n|-boost|p2b: Gastrodon|spa|1\n|-resisted|p1a: Amoonguss\n|-supereffective|p1b: Diancie\n|-damage|p1a: Amoonguss|70\/100\n|-damage|p1b: Diancie|0 fnt\n|faint|p1b: Diancie\n|cant|p2b: Gastrodon|slp\n|move|p1a: Amoonguss|Giga Drain|p2b: Gastrodon\n|-supereffective|p2b: Gastrodon\n|-damage|p2b: Gastrodon|0 fnt\n|-heal|p1a: Amoonguss|100\/100|[from] drain|[of] p2b: Gastrodon\n|faint|p2b: Gastrodon\n|\n|-weather|RainDance|[upkeep]\n|-heal|p2a: Pelipper|20\/100|[from] item: Leftovers\n|upkeep\n|\n|t:|1700318613\n|switch|p1b: Palafin|Palafin, F|100\/100\n|switch|p2b: Iron Hands|Iron Hands|59\/100 slp\n|turn|14\n|\n|t:|1700318626\n|move|p2a: Pelipper|Protect|p2a: Pelipper\n|-singleturn|p2a: Pelipper|Protect\n|move|p1b: Palafin|Flip Turn|p2b: Iron Hands\n|-damage|p2b: Iron Hands|40\/100 slp\n|\n|t:|1700318633\n|detailschange|p1b: Palafin|Palafin-Hero, F\n|switch|p1b: Tornadus|Tornadus, M, shiny|3\/100|[from] Flip Turn\n|cant|p2b: Iron Hands|slp\n|move|p1a: Amoonguss|Giga Drain|p2a: Pelipper\n|-activate|p2a: Pelipper|move: Protect\n|\n|-weather|RainDance|[upkeep]\n|-heal|p2a: Pelipper|27\/100|[from] item: Leftovers\n|upkeep\n|turn|15\n|\n|t:|1700318653\n|move|p2a: Pelipper|Wide Guard|p2a: Pelipper\n|-singleturn|p2a: Pelipper|Wide Guard\n|move|p1b: Tornadus|Tailwind|p1b: Tornadus\n|-sidestart|p1: cotesmcgotes|move: Tailwind\n|move|p1a: Amoonguss|Giga Drain|p2a: Pelipper\n|-damage|p2a: Pelipper|0 fnt\n|faint|p2a: Pelipper\n|cant|p2b: Iron Hands|slp\n|\n|-weather|none\n|upkeep\n|\n|t:|1700318655\n|switch|p2a: Spiritomb|Spiritomb, M|100\/100\n|turn|16\n|\n|t:|1700318679\n|move|p1b: Tornadus|Rain Dance|p1b: Tornadus\n|-weather|RainDance\n|move|p1a: Amoonguss|Spore|p2a: Spiritomb\n|-status|p2a: Spiritomb|slp|[from] move: Spore\n|cant|p2b: Iron Hands|slp\n|cant|p2a: Spiritomb|slp\n|\n|-weather|RainDance|[upkeep]\n|upkeep\n|turn|17\n|\n|t:|1700318699\n|-curestatus|p2b: Iron Hands|slp|[msg]\n|move|p2b: Iron Hands|Detect|p2b: Iron Hands\n|-singleturn|p2b: Iron Hands|Protect\n|move|p1b: Tornadus|Bleakwind Storm|p2a: Spiritomb|[spread] p2a\n|-activate|p2b: Iron Hands|move: Protect\n|-damage|p2a: Spiritomb|71\/100 slp\n|move|p1a: Amoonguss|Giga Drain|p2b: Iron Hands\n|-activate|p2b: Iron Hands|move: Protect\n|cant|p2a: Spiritomb|slp\n|\n|-weather|RainDance|[upkeep]\n|upkeep\n|turn|18\n|\n|t:|1700318716\n|-terastallize|p2b: Iron Hands|Fairy\n|move|p1b: Tornadus|Bleakwind Storm|p2a: Spiritomb|[spread] p2a,p2b\n|-crit|p2a: Spiritomb\n|-crit|p2b: Iron Hands\n|-damage|p2a: Spiritomb|21\/100 slp\n|-damage|p2b: Iron Hands|6\/100\n|-unboost|p2a: Spiritomb|spe|1\n|-enditem|p2a: Spiritomb|Sitrus Berry|[eat]\n|-heal|p2a: Spiritomb|46\/100 slp|[from] item: Sitrus Berry\n|move|p1a: Amoonguss|Spore|p2b: Iron Hands\n|-status|p2b: Iron Hands|slp|[from] move: Spore\n|cant|p2b: Iron Hands|slp\n|-curestatus|p2a: Spiritomb|slp|[msg]\n|move|p2a: Spiritomb|Snarl|p1b: Tornadus|[spread] p1a,p1b\n|-damage|p1a: Amoonguss|87\/100\n|-damage|p1b: Tornadus|0 fnt\n|-unboost|p1a: Amoonguss|spa|1\n|faint|p1b: Tornadus\n|\n|-weather|RainDance|[upkeep]\n|-sideend|p1: cotesmcgotes|move: Tailwind\n|upkeep\n|\n|t:|1700318730\n|switch|p1b: Palafin|Palafin-Hero, F|100\/100\n|-activate|p1b: Palafin|ability: Zero to Hero\n|turn|19\n|\n|t:|1700318743\n|move|p1b: Palafin|Jet Punch|p2b: Iron Hands\n|-crit|p2b: Iron Hands\n|-damage|p2b: Iron Hands|0 fnt\n|faint|p2b: Iron Hands\n|-end|p2b: Iron Hands|Quark Drive|[silent]\n|move|p1a: Amoonguss|Spore|p2a: Spiritomb\n|-status|p2a: Spiritomb|slp|[from] move: Spore\n|cant|p2a: Spiritomb|slp\n|\n|-weather|RainDance|[upkeep]\n|upkeep\n|turn|20\n|\n|t:|1700318752\n|move|p1b: Palafin|Jet Punch|p2a: Spiritomb\n|-damage|p2a: Spiritomb|0 fnt\n|faint|p2a: Spiritomb\n|\n|win|cotesmcgotes\n|raw|cotesmcgotes's rating: 1338 &rarr; <strong>1359<\/strong><br \/>(+21 for winning)\n|raw|Suvojit's rating: 1354 &rarr; <strong>1333<\/strong><br \/>(-21 for losing)\n|l|\u2606Suvojit\n","uploadtime":1700318755,"views":5,"p1id":"cotesmcgotes","p2id":"suvojit","formatid":"gen9doublesou","rating":1333,"private":0,"password":""}