{"id":"gen9doublesou-1994422474","p1":"weethin","p2":"Kuzwa","format":"[Gen 9] Doubles OU","log":"|j|\u2606weethin\n|j|\u2606Kuzwa\n|t:|1700442180\n|gametype|doubles\n|player|p1|weethin|170|1270\n|player|p2|Kuzwa|pokemonbreeder-gen4|1314\n|teamsize|p1|6\n|teamsize|p2|6\n|gen|9\n|tier|[Gen 9] Doubles OU\n|rated|\n|rule|Species Clause: Limit one of each Pok\u00e9mon\n|rule|OHKO Clause: OHKO moves are banned\n|rule|Evasion Moves Clause: Evasion moves are banned\n|rule|Gravity Sleep Clause: The combination of sleep-inducing moves with imperfect accuracy and Gravity or Gigantamax Orbeetle are banned\n|rule|Endless Battle Clause: Forcing endless battles is banned\n|rule|HP Percentage Mod: HP is shown in percentages\n|clearpoke\n|poke|p1|Cresselia, F|\n|poke|p1|Iron Hands|\n|poke|p1|Milotic, F|\n|poke|p1|Rillaboom, F|\n|poke|p1|Arcanine-Hisui, M|\n|poke|p1|Flutter Mane|\n|poke|p2|Chi-Yu|\n|poke|p2|Torkoal, M|\n|poke|p2|Glimmora, M|\n|poke|p2|Gallade, M|\n|poke|p2|Cinderace, M|\n|poke|p2|Gardevoir, F|\n|teampreview\n|inactive|Battle timer is ON: inactive players will automatically lose when time's up. (requested by weethin)\n|\n|t:|1700442209\n|start\n|switch|p1a: Milotic|Milotic, F|100\/100\n|switch|p1b: Iron Hands|Iron Hands|100\/100\n|switch|p2a: Strega|Glimmora, M|100\/100\n|switch|p2b: Nyx|Gardevoir, F, shiny|100\/100\n|-item|p2a: Strega|Air Balloon\n|turn|1\n|\n|t:|1700442220\n|move|p1b: Iron Hands|Fake Out|p2b: Nyx\n|-damage|p2b: Nyx|79\/100\n|move|p2a: Strega|Mortal Spin|p1a: Milotic|[spread] p1a,p1b\n|-damage|p1a: Milotic|96\/100\n|-damage|p1b: Iron Hands|98\/100\n|-status|p1a: Milotic|psn\n|-status|p1b: Iron Hands|psn\n|move|p1a: Milotic|Scald|p2a: Strega\n|-supereffective|p2a: Strega\n|-damage|p2a: Strega|1\/100\n|-enditem|p2a: Strega|Air Balloon\n|cant|p2b: Nyx|flinch\n|\n|-heal|p1a: Milotic|100\/100 psn|[from] item: Leftovers\n|-damage|p1a: Milotic|88\/100 psn|[from] psn\n|-damage|p1b: Iron Hands|86\/100 psn|[from] psn\n|upkeep\n|turn|2\n|inactive|weethin has 120 seconds left.\n|\n|t:|1700442260\n|move|p2a: Strega|Sludge Wave|p1a: Milotic|[spread] p1a,p1b\n|-activate|p2b: Nyx|ability: Telepathy\n|-damage|p1a: Milotic|63\/100 psn\n|-damage|p1b: Iron Hands|67\/100 psn\n|move|p1a: Milotic|Scald|p2a: Strega\n|-supereffective|p2a: Strega\n|-damage|p2a: Strega|0 fnt\n|faint|p2a: Strega\n|move|p1b: Iron Hands|Heavy Slam|p2b: Nyx\n|-supereffective|p2b: Nyx\n|-damage|p2b: Nyx|0 fnt\n|faint|p2b: Nyx\n|\n|-heal|p1a: Milotic|69\/100 psn|[from] item: Leftovers\n|-damage|p1a: Milotic|57\/100 psn|[from] psn\n|-damage|p1b: Iron Hands|54\/100 psn|[from] psn\n|upkeep\n|\n|t:|1700442272\n|switch|p2a: Makoto Yuki|Gallade, M|100\/100\n|switch|p2b: Tortissed|Torkoal, M|100\/100\n|-weather|SunnyDay|[from] ability: Drought|[of] p2b: Tortissed\n|turn|3\n|\n|t:|1700442279\n|-end|p1b: Iron Hands|Quark Drive|[silent]\n|switch|p1b: Cresselia|Cresselia, F|100\/100\n|move|p1a: Milotic|Protect|p1a: Milotic\n|-singleturn|p1a: Milotic|Protect\n|move|p2b: Tortissed|Solar Beam||[still]\n|-prepare|p2b: Tortissed|Solar Beam\n|-anim|p2b: Tortissed|Solar Beam|p1a: Milotic\n|-activate|p1a: Milotic|move: Protect\n|move|p2a: Makoto Yuki|Trick Room|p2a: Makoto Yuki\n|-fieldstart|move: Trick Room|[of] p2a: Makoto Yuki\n|\n|-weather|SunnyDay|[upkeep]\n|-heal|p1a: Milotic|63\/100 psn|[from] item: Leftovers\n|-damage|p1a: Milotic|50\/100 psn|[from] psn\n|upkeep\n|turn|4\n|\n|t:|1700442297\n|-terastallize|p1a: Milotic|Steel\n|move|p2b: Tortissed|Eruption|p1a: Milotic|[spread] p1a,p1b\n|-supereffective|p1a: Milotic\n|-damage|p1a: Milotic|0 fnt\n|-damage|p1b: Cresselia|53\/100\n|faint|p1a: Milotic\n|move|p2a: Makoto Yuki|Solar Blade||[still]\n|-prepare|p2a: Makoto Yuki|Solar Blade\n|-anim|p2a: Makoto Yuki|Solar Blade|p1b: Cresselia\n|-damage|p1b: Cresselia|4\/100\n|move|p1b: Cresselia|Lunar Blessing|p1b: Cresselia\n|-heal|p1b: Cresselia|29\/100\n|\n|-weather|SunnyDay|[upkeep]\n|upkeep\n|\n|t:|1700442309\n|switch|p1a: Iron Hands|Iron Hands|54\/100 psn\n|turn|5\n|\n|t:|1700442317\n|move|p2b: Tortissed|Eruption|p1b: Cresselia|[spread] p1a,p1b\n|-damage|p1a: Iron Hands|18\/100 psn\n|-damage|p1b: Cresselia|0 fnt\n|faint|p1b: Cresselia\n|move|p1a: Iron Hands|Wild Charge|p2b: Tortissed\n|-damage|p2b: Tortissed|59\/100\n|-damage|p1a: Iron Hands|10\/100 psn|[from] Recoil\n|move|p2a: Makoto Yuki|Solar Blade||[still]\n|-prepare|p2a: Makoto Yuki|Solar Blade\n|-anim|p2a: Makoto Yuki|Solar Blade|p1a: Iron Hands\n|-damage|p1a: Iron Hands|0 fnt\n|faint|p1a: Iron Hands\n|-end|p1a: Iron Hands|Quark Drive|[silent]\n|\n|-weather|SunnyDay|[upkeep]\n|upkeep\n|\n|t:|1700442331\n|switch|p1a: Arcanine|Arcanine-Hisui, M|100\/100\n|switch|p1b: Flutter Mane|Flutter Mane|100\/100\n|-ability|p1a: Arcanine|Intimidate|boost\n|-unboost|p2a: Makoto Yuki|atk|1\n|-unboost|p2b: Tortissed|atk|1\n|-activate|p1b: Flutter Mane|ability: Protosynthesis\n|-start|p1b: Flutter Mane|protosynthesisspe\n|turn|6\n|\n|t:|1700442348\n|move|p1b: Flutter Mane|Protect|p1b: Flutter Mane\n|-singleturn|p1b: Flutter Mane|Protect\n|move|p2b: Tortissed|Lava Plume|p1a: Arcanine|[spread] p2a,p1a\n|-activate|p1b: Flutter Mane|move: Protect\n|-crit|p2a: Makoto Yuki\n|-resisted|p1a: Arcanine\n|-damage|p2a: Makoto Yuki|46\/100\n|-damage|p1a: Arcanine|90\/100\n|move|p2a: Makoto Yuki|Sacred Sword|p1a: Arcanine\n|-supereffective|p1a: Arcanine\n|-damage|p1a: Arcanine|0 fnt\n|faint|p1a: Arcanine\n|\n|-weather|SunnyDay|[upkeep]\n|upkeep\n|\n|t:|1700442359\n|switch|p1a: Rillaboom|Rillaboom, F|100\/100\n|-fieldstart|move: Grassy Terrain|[from] ability: Grassy Surge|[of] p1a: Rillaboom\n|turn|7\n|\n|t:|1700442366\n|move|p1a: Rillaboom|Fake Out|p2a: Makoto Yuki\n|-damage|p2a: Makoto Yuki|24\/100\n|move|p2b: Tortissed|Lava Plume|p1a: Rillaboom|[spread] p2a,p1a,p1b\n|-supereffective|p1a: Rillaboom\n|-damage|p2a: Makoto Yuki|0 fnt\n|-damage|p1a: Rillaboom|15\/100\n|-damage|p1b: Flutter Mane|66\/100\n|-status|p1b: Flutter Mane|brn\n|faint|p2a: Makoto Yuki\n|move|p1b: Flutter Mane|Dazzling Gleam|p2b: Tortissed\n|-resisted|p2b: Tortissed\n|-crit|p2b: Tortissed\n|-damage|p2b: Tortissed|5\/100\n|\n|-weather|SunnyDay|[upkeep]\n|-heal|p2b: Tortissed|11\/100|[from] Grassy Terrain\n|-heal|p1a: Rillaboom|22\/100|[from] Grassy Terrain\n|-heal|p1b: Flutter Mane|72\/100 brn|[from] Grassy Terrain\n|-damage|p1b: Flutter Mane|66\/100 brn|[from] brn\n|-fieldend|move: Trick Room\n|upkeep\n|\n|t:|1700442373\n|switch|p2a: Ryoji Mochizuki|Chi-Yu|100\/100\n|-ability|p2a: Ryoji Mochizuki|Beads of Ruin\n|turn|8\n|\n|t:|1700442390\n|-terastallize|p2a: Ryoji Mochizuki|Water\n|move|p1b: Flutter Mane|Dazzling Gleam|p2b: Tortissed|[spread] p2a,p2b\n|-resisted|p2b: Tortissed\n|-damage|p2a: Ryoji Mochizuki|56\/100\n|-damage|p2b: Tortissed|0 fnt\n|faint|p2b: Tortissed\n|move|p2a: Ryoji Mochizuki|Lava Plume|p1b: Flutter Mane|[spread] p1a,p1b\n|-supereffective|p1a: Rillaboom\n|-damage|p1a: Rillaboom|0 fnt\n|-damage|p1b: Flutter Mane|2\/100 brn\n|faint|p1a: Rillaboom\n|\n|-weather|SunnyDay|[upkeep]\n|-heal|p1b: Flutter Mane|8\/100 brn|[from] Grassy Terrain\n|-heal|p2a: Ryoji Mochizuki|62\/100|[from] Grassy Terrain\n|-damage|p1b: Flutter Mane|2\/100 brn|[from] brn\n|upkeep\n|\n|t:|1700442395\n|switch|p2b: Mortissed|Cinderace, M|100\/100\n|turn|9\n|\n|t:|1700442405\n|move|p1b: Flutter Mane|Dazzling Gleam|p2a: Ryoji Mochizuki|[spread] p2a,p2b\n|-resisted|p2b: Mortissed\n|-damage|p2a: Ryoji Mochizuki|17\/100\n|-damage|p2b: Mortissed|62\/100\n|move|p2b: Mortissed|Trailblaze|p1b: Flutter Mane\n|-damage|p1b: Flutter Mane|0 fnt\n|-boost|p2b: Mortissed|spe|1\n|faint|p1b: Flutter Mane\n|-end|p1b: Flutter Mane|Protosynthesis|[silent]\n|\n|win|Kuzwa\n|raw|weethin's rating: 1270 &rarr; <strong>1248<\/strong><br \/>(-22 for losing)\n|raw|Kuzwa's rating: 1314 &rarr; <strong>1331<\/strong><br \/>(+17 for winning)\n|l|\u2606weethin\n","uploadtime":1700442410,"views":3,"p1id":"weethin","p2id":"kuzwa","formatid":"gen9doublesou","rating":1248,"private":0,"password":""}