{"id":"gen9doublesou-1983802817","p1":"EQW22_ravioli","p2":"Light kitten","format":"[Gen 9] Doubles OU","log":"|j|\u2606EQW22_ravioli\n|j|\u2606Light kitten\n|t:|1699183975\n|gametype|doubles\n|player|p1|EQW22_ravioli|101|\n|player|p2|Light kitten|102|\n|teamsize|p1|6\n|teamsize|p2|6\n|gen|9\n|tier|[Gen 9] Doubles OU\n|rule|Species Clause: Limit one of each Pok\u00e9mon\n|rule|OHKO Clause: OHKO moves are banned\n|rule|Evasion Moves Clause: Evasion moves are banned\n|rule|Gravity Sleep Clause: The combination of sleep-inducing moves with imperfect accuracy and Gravity or Gigantamax Orbeetle are banned\n|rule|Endless Battle Clause: Forcing endless battles is banned\n|rule|HP Percentage Mod: HP is shown in percentages\n|clearpoke\n|poke|p1|Ursaluna, M|\n|poke|p1|Kilowattrel, M|\n|poke|p1|Iron Bundle|\n|poke|p1|Ogerpon-Wellspring, F|\n|poke|p1|Arboliva, M|\n|poke|p1|Torkoal, F|\n|poke|p2|Shiftry, F|\n|poke|p2|Ogerpon-Hearthflame, F|\n|poke|p2|Chien-Pao|\n|poke|p2|Gastrodon, F|\n|poke|p2|Breloom, F|\n|poke|p2|Kingambit, M|\n|teampreview\n|j| kard nettik\n|\n|t:|1699184008\n|start\n|switch|p1a: Ogerpon|Ogerpon-Wellspring, F|100\/100\n|switch|p1b: Torkoal|Torkoal, F|100\/100\n|switch|p2a: Shiftry|Shiftry, F|100\/100\n|switch|p2b: Breloom|Breloom, F|100\/100\n|-weather|SunnyDay|[from] ability: Drought|[of] p1b: Torkoal\n|turn|1\n|\n|t:|1699184027\n|switch|p2b: Gastrodon|Gastrodon, F|100\/100\n|move|p1a: Ogerpon|Follow Me|p1a: Ogerpon\n|-singleturn|p1a: Ogerpon|move: Follow Me\n|move|p2a: Shiftry|Tailwind|p2a: Shiftry\n|-sidestart|p2: Light kitten|move: Tailwind\n|-ability|p2a: Shiftry|Wind Rider|boost\n|-boost|p2a: Shiftry|atk|1\n|move|p1b: Torkoal|Lava Plume|p2a: Shiftry|[spread] p1a,p2a,p2b\n|-supereffective|p2a: Shiftry\n|-resisted|p2b: Gastrodon\n|-damage|p1a: Ogerpon|70\/100\n|-damage|p2a: Shiftry|7\/100\n|-damage|p2b: Gastrodon|89\/100\n|\n|-weather|SunnyDay|[upkeep]\n|-heal|p2a: Shiftry|13\/100|[from] item: Leftovers\n|-heal|p2b: Gastrodon|95\/100|[from] item: Leftovers\n|upkeep\n|turn|2\n|\n|t:|1699184052\n|move|p2a: Shiftry|Leaf Blade|p1a: Ogerpon\n|-damage|p1a: Ogerpon|0 fnt\n|faint|p1a: Ogerpon\n|move|p2b: Gastrodon|Earth Power|p1b: Torkoal\n|-supereffective|p1b: Torkoal\n|-damage|p1b: Torkoal|0 fnt\n|faint|p1b: Torkoal\n|\n|-weather|SunnyDay|[upkeep]\n|-heal|p2a: Shiftry|20\/100|[from] item: Leftovers\n|-heal|p2b: Gastrodon|100\/100|[from] item: Leftovers\n|upkeep\n|\n|t:|1699184066\n|switch|p1a: Arboliva|Arboliva, M|100\/100\n|switch|p1b: Iron Bundle|Iron Bundle|100\/100\n|-enditem|p1b: Iron Bundle|Booster Energy\n|-activate|p1b: Iron Bundle|ability: Quark Drive|[fromitem]\n|-start|p1b: Iron Bundle|quarkdrivespe\n|turn|3\n|\n|t:|1699184085\n|switch|p2b: Kingambit|Kingambit, M|100\/100\n|move|p1b: Iron Bundle|Icy Wind|p2b: Kingambit|[spread] p2b\n|-ability|p2a: Shiftry|Wind Rider|boost\n|-boost|p2a: Shiftry|atk|1\n|-resisted|p2b: Kingambit\n|-damage|p2b: Kingambit|91\/100\n|-unboost|p2b: Kingambit|spe|1\n|-ability|p2b: Kingambit|Defiant|boost\n|-boost|p2b: Kingambit|atk|2\n|move|p2a: Shiftry|Leaf Blade|p1b: Iron Bundle\n|-supereffective|p1b: Iron Bundle\n|-damage|p1b: Iron Bundle|0 fnt\n|faint|p1b: Iron Bundle\n|-end|p1b: Iron Bundle|Quark Drive|[silent]\n|move|p1a: Arboliva|Energy Ball|p2b: Kingambit\n|-resisted|p2b: Kingambit\n|-damage|p2b: Kingambit|72\/100\n|\n|-weather|SunnyDay|[upkeep]\n|-heal|p2a: Shiftry|26\/100|[from] item: Leftovers\n|upkeep\n|\n|t:|1699184106\n|switch|p1b: Kilowattrel|Kilowattrel, M|100\/100\n|turn|4\n|\n|t:|1699184123\n|move|p2a: Shiftry|Knock Off|p1b: Kilowattrel\n|-enditem|p1b: Kilowattrel|Focus Sash\n|-damage|p1b: Kilowattrel|1\/100\n|move|p1b: Kilowattrel|Discharge|p2b: Kingambit|[spread] p1a,p2a,p2b\n|-resisted|p1a: Arboliva\n|-resisted|p2a: Shiftry\n|-damage|p1a: Arboliva|91\/100\n|-damage|p2a: Shiftry|3\/100\n|-damage|p2b: Kingambit|44\/100\n|-status|p1a: Arboliva|par\n|-status|p2b: Kingambit|par\n|-fieldstart|move: Grassy Terrain|[from] ability: Seed Sower|[of] p1a: Arboliva\n|move|p2b: Kingambit|Kowtow Cleave|p1b: Kilowattrel\n|-damage|p1b: Kilowattrel|0 fnt\n|faint|p1b: Kilowattrel\n|move|p1a: Arboliva|Dazzling Gleam|p2b: Kingambit|[spread] p2a,p2b\n|-supereffective|p2a: Shiftry\n|-crit|p2b: Kingambit\n|-damage|p2a: Shiftry|0 fnt\n|-damage|p2b: Kingambit|20\/100 par\n|faint|p2a: Shiftry\n|\n|-weather|SunnyDay|[upkeep]\n|-heal|p2b: Kingambit|26\/100 par|[from] Grassy Terrain\n|-heal|p1a: Arboliva|97\/100 par|[from] Grassy Terrain\n|-heal|p1a: Arboliva|100\/100 par|[from] item: Leftovers\n|-sideend|p2: Light kitten|move: Tailwind\n|upkeep\n|\n|t:|1699184148\n|switch|p1b: Ursaluna|Ursaluna, M|100\/100\n|switch|p2a: Ogerpon|Ogerpon-Hearthflame, F|100\/100\n|-ability|p2a: Ogerpon|Mold Breaker\n|turn|5\n|\n|t:|1699184155\n|-terastallize|p2a: Ogerpon|Fire\n|detailschange|p2a: Ogerpon|Ogerpon-Hearthflame-Tera, F, tera:Fire\n|-ability|p2a: Ogerpon|Embody Aspect (Hearthflame)|boost\n|-boost|p2a: Ogerpon|atk|1\n|-terastallize|p1b: Ursaluna|Ground\n|move|p2a: Ogerpon|Ivy Cudgel|p1b: Ursaluna\n|-damage|p1b: Ursaluna|0 fnt\n|faint|p1b: Ursaluna\n|cant|p1a: Arboliva|par\n|move|p2b: Kingambit|Kowtow Cleave|p1a: Arboliva\n|-damage|p1a: Arboliva|0 fnt\n|faint|p1a: Arboliva\n|\n|win|Light kitten\n|l|\u2606EQW22_ravioli\n","uploadtime":1699184180,"views":12,"p1id":"eqw22ravioli","p2id":"lightkitten","formatid":"gen9doublesou","rating":0,"private":0,"password":""}