{"id":"gen9doublesou-1983909067","p1":"5hrimp","p2":"Satoru Gozou","format":"[Gen 9] Doubles OU","log":"|j|\u26065hrimp\n|j|\u2606Satoru Gozou\n|t:|1699198814\n|gametype|doubles\n|player|p1|5hrimp|170|1281\n|player|p2|Satoru Gozou|doctor|1396\n|teamsize|p1|6\n|teamsize|p2|6\n|gen|9\n|tier|[Gen 9] Doubles OU\n|rated|\n|rule|Species Clause: Limit one of each Pok\u00e9mon\n|rule|OHKO Clause: OHKO moves are banned\n|rule|Evasion Moves Clause: Evasion moves are banned\n|rule|Gravity Sleep Clause: The combination of sleep-inducing moves with imperfect accuracy and Gravity or Gigantamax Orbeetle are banned\n|rule|Endless Battle Clause: Forcing endless battles is banned\n|rule|HP Percentage Mod: HP is shown in percentages\n|clearpoke\n|poke|p1|Snorlax, M|\n|poke|p1|Landorus-Therian, M|\n|poke|p1|Iron Hands|\n|poke|p1|Clefairy, F|\n|poke|p1|Kommo-o, M|\n|poke|p1|Sinistcha-Masterpiece|\n|poke|p2|Farigiraf, F|\n|poke|p2|Tornadus, M|\n|poke|p2|Rillaboom, M|\n|poke|p2|Ogerpon-Hearthflame, F|\n|poke|p2|Ursaluna-Bloodmoon, M|\n|poke|p2|Dragonite, M|\n|teampreview\n|inactive|Battle timer is ON: inactive players will automatically lose when time's up. (requested by Satoru Gozou)\n|\n|t:|1699198826\n|start\n|switch|p1a: Kommo-o|Kommo-o, M|100\/100\n|switch|p1b: Landorus|Landorus-Therian, M|100\/100\n|switch|p2a: Nossa m\u00e3e|Dragonite, M|100\/100\n|switch|p2b: Mendigo da muie|Tornadus, M|100\/100\n|-ability|p1b: Landorus|Intimidate|boost\n|-unboost|p2a: Nossa m\u00e3e|atk|1\n|-unboost|p2b: Mendigo da muie|atk|1\n|turn|1\n|\n|t:|1699198842\n|-terastallize|p1a: Kommo-o|Steel\n|move|p1b: Landorus|U-turn|p2a: Nossa m\u00e3e\n|-resisted|p2a: Nossa m\u00e3e\n|-damage|p2a: Nossa m\u00e3e|93\/100\n|\n|t:|1699198848\n|switch|p1b: Clefairy|Clefairy, F|100\/100|[from] U-turn\n|move|p2b: Mendigo da muie|Icy Wind|p1b: Clefairy|[spread] p1a,p1b\n|-resisted|p1a: Kommo-o\n|-damage|p1a: Kommo-o|95\/100\n|-damage|p1b: Clefairy|89\/100\n|-unboost|p1a: Kommo-o|spe|1\n|-unboost|p1b: Clefairy|spe|1\n|move|p2a: Nossa m\u00e3e|Dragon Dance|p2a: Nossa m\u00e3e\n|-boost|p2a: Nossa m\u00e3e|atk|1\n|-boost|p2a: Nossa m\u00e3e|spe|1\n|move|p1a: Kommo-o|Clangorous Soul|p1a: Kommo-o\n|-boost|p1a: Kommo-o|atk|1\n|-boost|p1a: Kommo-o|def|1\n|-boost|p1a: Kommo-o|spa|1\n|-boost|p1a: Kommo-o|spd|1\n|-boost|p1a: Kommo-o|spe|1\n|-damage|p1a: Kommo-o|62\/100\n|-enditem|p1a: Kommo-o|Throat Spray\n|-boost|p1a: Kommo-o|spa|1|[from] item: Throat Spray\n|\n|upkeep\n|turn|2\n|\n|t:|1699198873\n|move|p2b: Mendigo da muie|Taunt|p1b: Clefairy\n|-start|p1b: Clefairy|move: Taunt\n|move|p2a: Nossa m\u00e3e|Earthquake|p1b: Clefairy|[spread] p1a,p1b\n|-immune|p2b: Mendigo da muie\n|-supereffective|p1a: Kommo-o\n|-damage|p1a: Kommo-o|36\/100\n|-damage|p1b: Clefairy|62\/100\n|move|p1a: Kommo-o|Clanging Scales|p2b: Mendigo da muie|[spread] p2a,p2b\n|-supereffective|p2a: Nossa m\u00e3e\n|-damage|p2a: Nossa m\u00e3e|0 fnt\n|-damage|p2b: Mendigo da muie|5\/100\n|faint|p2a: Nossa m\u00e3e\n|-unboost|p1a: Kommo-o|def|1\n|cant|p1b: Clefairy|move: Taunt|Heal Pulse\n|\n|upkeep\n|\n|t:|1699198888\n|switch|p2a: M'a kako|Rillaboom, M|100\/100\n|-fieldstart|move: Grassy Terrain|[from] ability: Grassy Surge|[of] p2a: M'a kako\n|turn|3\n|\n|t:|1699198895\n|switch|p1b: Sinistcha|Sinistcha-Masterpiece|100\/100\n|-heal|p1a: Kommo-o|61\/100|[from] ability: Hospitality|[of] p1b: Sinistcha\n|move|p1a: Kommo-o|Protect|p1a: Kommo-o\n|-singleturn|p1a: Kommo-o|Protect\n|move|p2b: Mendigo da muie|Tailwind|p2b: Mendigo da muie\n|-sidestart|p2: Satoru Gozou|move: Tailwind\n|move|p2a: M'a kako|Drain Punch|p1a: Kommo-o\n|-activate|p1a: Kommo-o|move: Protect\n|\n|-heal|p1a: Kommo-o|67\/100|[from] Grassy Terrain\n|upkeep\n|turn|4\n|\n|t:|1699198916\n|switch|p1b: Landorus|Landorus-Therian, M|100\/100\n|-ability|p1b: Landorus|Intimidate|boost\n|-unboost|p2a: M'a kako|atk|1\n|-unboost|p2b: Mendigo da muie|atk|1\n|move|p2b: Mendigo da muie|Air Slash|p1b: Landorus\n|-damage|p1b: Landorus|36\/100\n|move|p2a: M'a kako|Drain Punch|p1a: Kommo-o\n|-supereffective|p1a: Kommo-o\n|-damage|p1a: Kommo-o|35\/100\n|move|p1a: Kommo-o|Clanging Scales|p2a: M'a kako|[spread] p2a,p2b\n|-damage|p2a: M'a kako|47\/100\n|-damage|p2b: Mendigo da muie|0 fnt\n|faint|p2b: Mendigo da muie\n|-unboost|p1a: Kommo-o|def|1\n|\n|-heal|p2a: M'a kako|53\/100|[from] Grassy Terrain\n|-heal|p1a: Kommo-o|41\/100|[from] Grassy Terrain\n|upkeep\n|\n|t:|1699198934\n|switch|p2b: Roraima|Ogerpon-Hearthflame, F|100\/100\n|-ability|p2b: Roraima|Mold Breaker\n|turn|5\n|\n|t:|1699198951\n|switch|p1b: Sinistcha|Sinistcha-Masterpiece|100\/100\n|-heal|p1a: Kommo-o|66\/100|[from] ability: Hospitality|[of] p1b: Sinistcha\n|move|p1a: Kommo-o|Protect|p1a: Kommo-o\n|-singleturn|p1a: Kommo-o|Protect\n|move|p2b: Roraima|Horn Leech|p1b: Sinistcha\n|-resisted|p1b: Sinistcha\n|-damage|p1b: Sinistcha|77\/100\n|move|p2a: M'a kako|Drain Punch|p1a: Kommo-o\n|-activate|p1a: Kommo-o|move: Protect\n|\n|-heal|p2a: M'a kako|59\/100|[from] Grassy Terrain\n|-heal|p1a: Kommo-o|72\/100|[from] Grassy Terrain\n|-heal|p1b: Sinistcha|83\/100|[from] Grassy Terrain\n|upkeep\n|turn|6\n|\n|t:|1699198974\n|-terastallize|p2b: Roraima|Fire\n|detailschange|p2b: Roraima|Ogerpon-Hearthflame-Tera, F, tera:Fire\n|-ability|p2b: Roraima|Embody Aspect (Hearthflame)|boost\n|-boost|p2b: Roraima|atk|1\n|move|p1b: Sinistcha|Rage Powder|p1b: Sinistcha\n|-singleturn|p1b: Sinistcha|move: Rage Powder\n|move|p2b: Roraima|Ivy Cudgel|p1b: Sinistcha\n|-supereffective|p1b: Sinistcha\n|-damage|p1b: Sinistcha|0 fnt\n|faint|p1b: Sinistcha\n|move|p2a: M'a kako|Knock Off|p1a: Kommo-o\n|-damage|p1a: Kommo-o|50\/100\n|move|p1a: Kommo-o|Clanging Scales|p2b: Roraima|[spread] p2a,p2b\n|-damage|p2a: M'a kako|8\/100\n|-damage|p2b: Roraima|14\/100\n|-unboost|p1a: Kommo-o|def|1\n|\n|-heal|p2b: Roraima|20\/100|[from] Grassy Terrain\n|-heal|p2a: M'a kako|15\/100|[from] Grassy Terrain\n|-heal|p1a: Kommo-o|56\/100|[from] Grassy Terrain\n|-sideend|p2: Satoru Gozou|move: Tailwind\n|upkeep\n|inactive|5hrimp has 120 seconds left.\n|\n|t:|1699199000\n|switch|p1b: Landorus|Landorus-Therian, M|36\/100\n|-ability|p1b: Landorus|Intimidate|boost\n|-unboost|p2a: M'a kako|atk|1\n|-unboost|p2b: Roraima|atk|1\n|turn|7\n|inactive|5hrimp has 120 seconds left.\n|\n|t:|1699199022\n|switch|p2a: Garibaldo|Farigiraf, F|100\/100\n|move|p2b: Roraima|Spiky Shield|p2b: Roraima\n|-singleturn|p2b: Roraima|move: Protect\n|move|p1b: Landorus|U-turn|p2a: Garibaldo\n|-supereffective|p2a: Garibaldo\n|-damage|p2a: Garibaldo|36\/100\n|\n|t:|1699199033\n|switch|p1b: Clefairy|Clefairy, F|62\/100|[from] U-turn\n|move|p1a: Kommo-o|Clanging Scales|p2a: Garibaldo|[spread] p2a\n|-activate|p2b: Roraima|move: Protect\n|-damage|p2a: Garibaldo|0 fnt\n|faint|p2a: Garibaldo\n|-unboost|p1a: Kommo-o|def|1\n|\n|-heal|p2b: Roraima|26\/100|[from] Grassy Terrain\n|-heal|p1a: Kommo-o|62\/100|[from] Grassy Terrain\n|-heal|p1b: Clefairy|68\/100|[from] Grassy Terrain\n|-fieldend|move: Grassy Terrain\n|upkeep\n|\n|t:|1699199043\n|switch|p2a: M'a kako|Rillaboom, M|15\/100\n|-fieldstart|move: Grassy Terrain|[from] ability: Grassy Surge|[of] p2a: M'a kako\n|turn|8\n|inactive|5hrimp has 120 seconds left.\n|\n|t:|1699199073\n|move|p2a: M'a kako|Fake Out|p1b: Clefairy\n|-damage|p1b: Clefairy|55\/100\n|move|p2b: Roraima|Ivy Cudgel|p1a: Kommo-o\n|-supereffective|p1a: Kommo-o\n|-damage|p1a: Kommo-o|0 fnt\n|faint|p1a: Kommo-o\n|cant|p1b: Clefairy|flinch\n|\n|-heal|p2b: Roraima|32\/100|[from] Grassy Terrain\n|-heal|p2a: M'a kako|21\/100|[from] Grassy Terrain\n|-heal|p1b: Clefairy|61\/100|[from] Grassy Terrain\n|upkeep\n|\n|t:|1699199091\n|switch|p1a: Snorlax|Snorlax, M|100\/100\n|turn|9\n|inactive|5hrimp has 120 seconds left.\n|\n|t:|1699199107\n|move|p1b: Clefairy|Protect|p1b: Clefairy\n|-singleturn|p1b: Clefairy|Protect\n|move|p2a: M'a kako|Grassy Glide|p1b: Clefairy\n|-activate|p1b: Clefairy|move: Protect\n|move|p2b: Roraima|Swords Dance|p2b: Roraima\n|-boost|p2b: Roraima|atk|2\n|move|p1a: Snorlax|Belly Drum|p1a: Snorlax\n|-damage|p1a: Snorlax|50\/100\n|-setboost|p1a: Snorlax|atk|6|[from] move: Belly Drum\n|-enditem|p1a: Snorlax|Sitrus Berry|[eat]\n|-heal|p1a: Snorlax|75\/100|[from] item: Sitrus Berry\n|\n|-heal|p2b: Roraima|38\/100|[from] Grassy Terrain\n|-heal|p2a: M'a kako|27\/100|[from] Grassy Terrain\n|-heal|p1b: Clefairy|67\/100|[from] Grassy Terrain\n|-heal|p1a: Snorlax|81\/100|[from] Grassy Terrain\n|upkeep\n|turn|10\n|inactive|5hrimp has 120 seconds left.\n|\n|t:|1699199141\n|switch|p1b: Landorus|Landorus-Therian, M|36\/100\n|-ability|p1b: Landorus|Intimidate|boost\n|-unboost|p2a: M'a kako|atk|1\n|-unboost|p2b: Roraima|atk|1\n|move|p2b: Roraima|Spiky Shield|p2b: Roraima\n|-singleturn|p2b: Roraima|move: Protect\n|move|p2a: M'a kako|Grassy Glide|p1b: Landorus\n|-damage|p1b: Landorus|7\/100\n|move|p1a: Snorlax|Body Slam|p2b: Roraima\n|-activate|p2b: Roraima|move: Protect\n|-damage|p1a: Snorlax|69\/100|[from] Spiky Shield|[of] p2b: Roraima\n|\n|-heal|p2b: Roraima|44\/100|[from] Grassy Terrain\n|-heal|p2a: M'a kako|33\/100|[from] Grassy Terrain\n|-heal|p1a: Snorlax|75\/100|[from] Grassy Terrain\n|upkeep\n|turn|11\n|inactive|5hrimp has 120 seconds left.\n|\n|t:|1699199168\n|move|p2a: M'a kako|Grassy Glide|p1b: Landorus\n|-damage|p1b: Landorus|0 fnt\n|faint|p1b: Landorus\n|move|p2b: Roraima|Ivy Cudgel|p1a: Snorlax\n|-damage|p1a: Snorlax|0 fnt\n|faint|p1a: Snorlax\n|\n|-heal|p2b: Roraima|50\/100|[from] Grassy Terrain\n|-heal|p2a: M'a kako|39\/100|[from] Grassy Terrain\n|upkeep\n|\n|t:|1699199181\n|switch|p1b: Clefairy|Clefairy, F|67\/100\n|switch|p1a: Iron Hands|Iron Hands|100\/100\n|turn|12\n|inactive|5hrimp has 120 seconds left.\n|\n|t:|1699199201\n|move|p2b: Roraima|Spiky Shield|p2b: Roraima\n|-singleturn|p2b: Roraima|move: Protect\n|move|p1b: Clefairy|Protect|p1b: Clefairy\n|-singleturn|p1b: Clefairy|Protect\n|move|p1a: Iron Hands|Fake Out|p2b: Roraima\n|-activate|p2b: Roraima|move: Protect\n|-damage|p1a: Iron Hands|88\/100|[from] Spiky Shield|[of] p2b: Roraima\n|move|p2a: M'a kako|Grassy Glide|p1b: Clefairy\n|-activate|p1b: Clefairy|move: Protect\n|\n|-heal|p2b: Roraima|56\/100|[from] Grassy Terrain\n|-heal|p2a: M'a kako|46\/100|[from] Grassy Terrain\n|-heal|p1a: Iron Hands|94\/100|[from] Grassy Terrain\n|-heal|p1b: Clefairy|73\/100|[from] Grassy Terrain\n|-fieldend|move: Grassy Terrain\n|upkeep\n|turn|13\n|inactive|5hrimp has 120 seconds left.\n|\n|t:|1699199226\n|switch|p2a: Rafafredi|Ursaluna-Bloodmoon, M|100\/100\n|move|p1b: Clefairy|Follow Me|p1b: Clefairy\n|-singleturn|p1b: Clefairy|move: Follow Me\n|move|p2b: Roraima|Ivy Cudgel|p1b: Clefairy\n|-damage|p1b: Clefairy|0 fnt\n|faint|p1b: Clefairy\n|move|p1a: Iron Hands|Drain Punch|p2b: Roraima\n|-damage|p2b: Roraima|1\/100\n|-heal|p1a: Iron Hands|100\/100|[from] drain|[of] p2b: Roraima\n|\n|upkeep\n|turn|14\n|inactive|5hrimp has 120 seconds left.\n|\n|t:|1699199248\n|move|p2b: Roraima|Ivy Cudgel|p1a: Iron Hands\n|-crit|p1a: Iron Hands\n|-damage|p1a: Iron Hands|0 fnt\n|faint|p1a: Iron Hands\n|-end|p1a: Iron Hands|Quark Drive|[silent]\n|\n|win|Satoru Gozou\n|raw|5hrimp's rating: 1281 &rarr; <strong>1264<\/strong><br \/>(-17 for losing)\n|raw|Satoru Gozou's rating: 1396 &rarr; <strong>1410<\/strong><br \/>(+14 for winning)\n","uploadtime":1699199259,"views":12,"p1id":"5hrimp","p2id":"satorugozou","formatid":"gen9doublesou","rating":1264,"private":0,"password":""}