{"id":"gen9doublesou-1990101004","p1":"Ravvenn98","p2":"abbabareal2","format":"[Gen 9] Doubles OU","log":"|j|\u2606Ravvenn98\n|j|\u2606abbabareal2\n|t:|1699924623\n|gametype|doubles\n|player|p1|Ravvenn98|clair|1339\n|player|p2|abbabareal2|265|1428\n|teamsize|p1|6\n|teamsize|p2|6\n|gen|9\n|tier|[Gen 9] Doubles OU\n|rated|\n|rule|Species Clause: Limit one of each Pok\u00e9mon\n|rule|OHKO Clause: OHKO moves are banned\n|rule|Evasion Moves Clause: Evasion moves are banned\n|rule|Gravity Sleep Clause: The combination of sleep-inducing moves with imperfect accuracy and Gravity or Gigantamax Orbeetle are banned\n|rule|Endless Battle Clause: Forcing endless battles is banned\n|rule|HP Percentage Mod: HP is shown in percentages\n|clearpoke\n|poke|p1|Houndstone, F|\n|poke|p1|Tyranitar, M|\n|poke|p1|Gholdengo|\n|poke|p1|Roaring Moon|\n|poke|p1|Tornadus, M|\n|poke|p1|Palafin, F|\n|poke|p2|Iron Hands|\n|poke|p2|Armarouge, F|\n|poke|p2|Indeedee-F, F|\n|poke|p2|Ursaluna, F|\n|poke|p2|Diancie|\n|poke|p2|Amoonguss, M|\n|teampreview\n|\n|t:|1699924642\n|start\n|switch|p1a: Palafin|Palafin, F, shiny|100\/100\n|switch|p1b: Tornadus|Tornadus, M, shiny|100\/100\n|switch|p2a: Diancie|Diancie|100\/100\n|switch|p2b: Indeedee|Indeedee-F, F|100\/100\n|-fieldstart|move: Psychic Terrain|[from] ability: Psychic Surge|[of] p2b: Indeedee\n|turn|1\n|\n|t:|1699924663\n|move|p2a: Diancie|Protect|p2a: Diancie\n|-singleturn|p2a: Diancie|Protect\n|move|p1b: Tornadus|Tailwind|p1b: Tornadus\n|-sidestart|p1: Ravvenn98|move: Tailwind\n|move|p1a: Palafin|Flip Turn|p2a: Diancie\n|-activate|p2a: Diancie|move: Protect\n|move|p2b: Indeedee|Trick Room|p2b: Indeedee\n|-fieldstart|move: Trick Room|[of] p2b: Indeedee\n|\n|upkeep\n|turn|2\n|\n|t:|1699924685\n|move|p2b: Indeedee|Follow Me|p2b: Indeedee\n|-singleturn|p2b: Indeedee|move: Follow Me\n|move|p2a: Diancie|Diamond Storm|p1a: Palafin|[spread] p1a,p1b\n|-supereffective|p1b: Tornadus\n|-damage|p1a: Palafin|57\/100\n|-damage|p1b: Tornadus|4\/100\n|move|p1a: Palafin|Flip Turn|p2b: Indeedee\n|-damage|p2b: Indeedee|80\/100\n|\n|t:|1699924694\n|detailschange|p1a: Palafin|Palafin-Hero, F, shiny\n|switch|p1a: Roaring Moon|Roaring Moon|100\/100|[from] Flip Turn\n|-enditem|p1a: Roaring Moon|Booster Energy\n|-activate|p1a: Roaring Moon|ability: Protosynthesis|[fromitem]\n|-start|p1a: Roaring Moon|protosynthesisatk\n|move|p1b: Tornadus|Bleakwind Storm|p2a: Diancie|[spread] p2a\n|-miss|p1b: Tornadus|p2b: Indeedee\n|-resisted|p2a: Diancie\n|-damage|p2a: Diancie|87\/100\n|\n|upkeep\n|turn|3\n|\n|t:|1699924708\n|move|p2a: Diancie|Body Press|p1a: Roaring Moon\n|-supereffective|p1a: Roaring Moon\n|-damage|p1a: Roaring Moon|31\/100\n|move|p2b: Indeedee|Psychic|p1b: Tornadus\n|-damage|p1b: Tornadus|0 fnt\n|faint|p1b: Tornadus\n|move|p1a: Roaring Moon|Acrobatics|p2b: Indeedee\n|-damage|p2b: Indeedee|25\/100\n|\n|upkeep\n|\n|t:|1699924720\n|switch|p1b: Gholdengo|Gholdengo|100\/100\n|turn|4\n|\n|t:|1699924740\n|switch|p2a: Armarouge|Armarouge, F|100\/100\n|-terastallize|p1a: Roaring Moon|Flying\n|move|p2b: Indeedee|Follow Me|p2b: Indeedee\n|-singleturn|p2b: Indeedee|move: Follow Me\n|move|p1b: Gholdengo|Flash Cannon|p2b: Indeedee\n|-damage|p2b: Indeedee|0 fnt\n|faint|p2b: Indeedee\n|move|p1a: Roaring Moon|Acrobatics|p2a: Armarouge\n|-damage|p2a: Armarouge|21\/100\n|\n|-sideend|p1: Ravvenn98|move: Tailwind\n|upkeep\n|\n|t:|1699924759\n|switch|p2b: Diancie|Diancie|87\/100\n|turn|5\n|\n|t:|1699924783\n|move|p2b: Diancie|Diamond Storm|p1a: Roaring Moon|[spread] p1a,p1b\n|-supereffective|p1a: Roaring Moon\n|-resisted|p1b: Gholdengo\n|-damage|p1a: Roaring Moon|0 fnt\n|-damage|p1b: Gholdengo|83\/100\n|-boost|p2b: Diancie|def|2\n|faint|p1a: Roaring Moon\n|-end|p1a: Roaring Moon|Protosynthesis|[silent]\n|move|p2a: Armarouge|Expanding Force|p1b: Gholdengo\n|-resisted|p1b: Gholdengo\n|-damage|p1b: Gholdengo|39\/100\n|-damage|p2a: Armarouge|11\/100|[from] item: Life Orb\n|move|p1b: Gholdengo|Flash Cannon|p2b: Diancie\n|-supereffective|p2b: Diancie\n|-damage|p2b: Diancie|0 fnt\n|faint|p2b: Diancie\n|\n|-fieldend|move: Trick Room\n|-fieldend|move: Psychic Terrain\n|upkeep\n|\n|t:|1699924805\n|switch|p1a: Palafin|Palafin-Hero, F, shiny|57\/100\n|switch|p2b: Amoonguss|Amoonguss, M|100\/100\n|-activate|p1a: Palafin|ability: Zero to Hero\n|turn|6\n|\n|t:|1699924814\n|move|p2b: Amoonguss|Rage Powder|p2b: Amoonguss\n|-singleturn|p2b: Amoonguss|move: Rage Powder\n|move|p1a: Palafin|Jet Punch|p2b: Amoonguss\n|-resisted|p2b: Amoonguss\n|-damage|p2b: Amoonguss|80\/100\n|-enditem|p2b: Amoonguss|Eject Button\n|\n|t:|1699924823\n|switch|p2b: Ursaluna|Ursaluna, F|100\/100\n|move|p1b: Gholdengo|Psychic|p2b: Ursaluna\n|-damage|p2b: Ursaluna|72\/100\n|move|p2a: Armarouge|Trick Room|p2a: Armarouge\n|-fieldstart|move: Trick Room|[of] p2a: Armarouge\n|\n|-status|p2b: Ursaluna|brn|[from] item: Flame Orb\n|upkeep\n|turn|7\n|\n|t:|1699924846\n|-terastallize|p2b: Ursaluna|Ground\n|move|p2a: Armarouge|Protect|p2a: Armarouge\n|-singleturn|p2a: Armarouge|Protect\n|move|p1a: Palafin|Jet Punch|p2a: Armarouge\n|-activate|p2a: Armarouge|move: Protect\n|move|p2b: Ursaluna|Headlong Rush|p1a: Palafin\n|-damage|p1a: Palafin|0 fnt\n|-unboost|p2b: Ursaluna|def|1\n|-unboost|p2b: Ursaluna|spd|1\n|faint|p1a: Palafin\n|move|p1b: Gholdengo|Flash Cannon|p2b: Ursaluna\n|-damage|p2b: Ursaluna|13\/100 brn\n|\n|-damage|p2b: Ursaluna|7\/100 brn|[from] brn\n|upkeep\n|\n|t:|1699924858\n|switch|p1a: Tyranitar|Tyranitar, M, shiny|100\/100\n|-weather|Sandstorm|[from] ability: Sand Stream|[of] p1a: Tyranitar\n|turn|8\n|\n|t:|1699924871\n|move|p2b: Ursaluna|Headlong Rush|p1a: Tyranitar\n|-supereffective|p1a: Tyranitar\n|-damage|p1a: Tyranitar|0 fnt\n|-unboost|p2b: Ursaluna|def|1\n|-unboost|p2b: Ursaluna|spd|1\n|faint|p1a: Tyranitar\n|move|p2a: Armarouge|Armor Cannon|p1b: Gholdengo\n|-supereffective|p1b: Gholdengo\n|-damage|p1b: Gholdengo|0 fnt\n|-unboost|p2a: Armarouge|def|1\n|-unboost|p2a: Armarouge|spd|1\n|faint|p1b: Gholdengo\n|-damage|p2a: Armarouge|1\/100|[from] item: Life Orb\n|\n|-weather|Sandstorm|[upkeep]\n|-damage|p2a: Armarouge|0 fnt|[from] Sandstorm\n|faint|p2a: Armarouge\n|-damage|p2b: Ursaluna|1\/100 brn|[from] brn\n|upkeep\n|\n|t:|1699924897\n|switch|p2a: Iron Hands|Iron Hands|100\/100\n|switch|p1b: Houndstone|Houndstone, F|100\/100\n|turn|9\n|\n|t:|1699924916\n|move|p2b: Ursaluna|Headlong Rush|p1b: Houndstone\n|-damage|p1b: Houndstone|0 fnt\n|-unboost|p2b: Ursaluna|def|1\n|-unboost|p2b: Ursaluna|spd|1\n|faint|p1b: Houndstone\n|\n|win|abbabareal2\n|raw|Ravvenn98's rating: 1339 &rarr; <strong>1324<\/strong><br \/>(-15 for losing)\n|raw|abbabareal2's rating: 1428 &rarr; <strong>1443<\/strong><br \/>(+15 for winning)\n|l|\u2606Ravvenn98\n","uploadtime":1699924935,"views":14,"p1id":"ravvenn98","p2id":"abbabareal2","formatid":"gen9doublesou","rating":1324,"private":0,"password":""}