{"id":"gen9doublesou-1980880345","p1":"Who is luckier","p2":"cesar dios pokemon","format":"[Gen 9] Doubles OU","log":"|j|\u2606Who is luckier\n|j|\u2606cesar dios pokemon\n|inactive|Battle timer is ON: inactive players will automatically lose when time's up.\n|t:|1698845399\n|gametype|doubles\n|player|p1|Who is luckier|170|\n|player|p2|cesar dios pokemon|266|\n|teamsize|p1|2\n|teamsize|p2|2\n|gen|9\n|tier|[Gen 9] Doubles OU\n|rated|Tournament battle\n|rule|Species Clause: Limit one of each Pok\u00e9mon\n|rule|OHKO Clause: OHKO moves are banned\n|rule|Evasion Moves Clause: Evasion moves are banned\n|rule|Gravity Sleep Clause: The combination of sleep-inducing moves with imperfect accuracy and Gravity or Gigantamax Orbeetle are banned\n|rule|Endless Battle Clause: Forcing endless battles is banned\n|rule|HP Percentage Mod: HP is shown in percentages\n|clearpoke\n|poke|p1|Greavard, F|\n|poke|p1|Foongus, F|\n|poke|p2|Shellos, M|\n|poke|p2|Fuecoco, F|\n|teampreview\n|j|*Lady Monita \u263d\n|inactive|Who is luckier also wants the timer to be on.\n|j| Notluisg\n|\n|t:|1698845411\n|start\n|switch|p1a: Greavard|Greavard, F|100\/100\n|switch|p1b: Foongus|Foongus, F|100\/100\n|switch|p2a: Shellos|Shellos, M|100\/100\n|switch|p2b: Fuecoco|Fuecoco, F|100\/100\n|turn|1\n|\n|t:|1698845422\n|-terastallize|p1b: Foongus|Water\n|move|p2b: Fuecoco|Flamethrower|p1b: Foongus\n|-resisted|p1b: Foongus\n|-damage|p1b: Foongus|90\/100\n|move|p1a: Greavard|Yawn|p2b: Fuecoco\n|-start|p2b: Fuecoco|move: Yawn|[of] p1a: Greavard\n|move|p2a: Shellos|Yawn|p1b: Foongus\n|-start|p1b: Foongus|move: Yawn|[of] p2a: Shellos\n|move|p1b: Foongus|Spore|p2a: Shellos\n|-status|p2a: Shellos|slp|[from] move: Spore\n|\n|upkeep\n|turn|2\n|j| Calamarimar\n|j| Whammerist\n|\n|t:|1698845440\n|-terastallize|p2a: Shellos|Fire\n|move|p2b: Fuecoco|Yawn|p1a: Greavard\n|-start|p1a: Greavard|move: Yawn|[of] p2b: Fuecoco\n|cant|p2a: Shellos|slp\n|move|p1a: Greavard|Phantom Force||[still]\n|-prepare|p1a: Greavard|Phantom Force\n|move|p1b: Foongus|Pollen Puff|p2a: Shellos\n|-resisted|p2a: Shellos\n|-damage|p2a: Shellos|92\/100 slp\n|\n|-heal|p2a: Shellos|98\/100 slp|[from] item: Leftovers\n|-end|p2b: Fuecoco|move: Yawn|[silent]\n|-status|p2b: Fuecoco|slp\n|-end|p1b: Foongus|move: Yawn|[silent]\n|-status|p1b: Foongus|slp\n|upkeep\n|turn|3\n|c|\u2606cesar dios pokemon|Snap time\n|c|\u2606cesar dios pokemon|Again\n|\n|t:|1698845455\n|cant|p2b: Fuecoco|slp\n|cant|p2a: Shellos|slp\n|move|p1a: Greavard|Phantom Force|p2a: Shellos|[from]lockedmove\n|-damage|p2a: Shellos|45\/100 slp\n|cant|p1b: Foongus|slp\n|\n|-heal|p2a: Shellos|51\/100 slp|[from] item: Leftovers\n|-end|p1a: Greavard|move: Yawn|[silent]\n|-status|p1a: Greavard|slp\n|upkeep\n|turn|4\n|\n|t:|1698845464\n|-curestatus|p2b: Fuecoco|slp|[msg]\n|move|p2b: Fuecoco|Flamethrower|p1a: Greavard\n|-damage|p1a: Greavard|50\/100 slp\n|cant|p2a: Shellos|slp\n|cant|p1a: Greavard|slp\n|-curestatus|p1b: Foongus|slp|[msg]\n|move|p1b: Foongus|Toxic||[still]\n|-fail|p1b: Foongus\n|\n|-heal|p2a: Shellos|58\/100 slp|[from] item: Leftovers\n|upkeep\n|turn|5\n|\n|t:|1698845479\n|cant|p1a: Greavard|slp\n|move|p2b: Fuecoco|Flamethrower|p1a: Greavard\n|-damage|p1a: Greavard|0 fnt\n|faint|p1a: Greavard\n|-curestatus|p2a: Shellos|slp|[msg]\n|move|p2a: Shellos|Recover|p2a: Shellos\n|-heal|p2a: Shellos|100\/100\n|move|p1b: Foongus|Toxic|p2b: Fuecoco\n|-status|p2b: Fuecoco|tox\n|\n|-damage|p2b: Fuecoco|94\/100 tox|[from] psn\n|upkeep\n|turn|6\n|\n|t:|1698845491\n|move|p2b: Fuecoco|Encore|p1b: Foongus\n|-start|p1b: Foongus|Encore\n|move|p2a: Shellos|Yawn|p1b: Foongus\n|-start|p1b: Foongus|move: Yawn|[of] p2a: Shellos\n|move|p1b: Foongus|Toxic|p2b: Fuecoco\n|-fail|p2b: Fuecoco|tox\n|\n|-damage|p2b: Fuecoco|82\/100 tox|[from] psn\n|upkeep\n|turn|7\n|\n|t:|1698845498\n|move|p2b: Fuecoco|Flamethrower|p1b: Foongus\n|-resisted|p1b: Foongus\n|-damage|p1b: Foongus|80\/100\n|move|p2a: Shellos|Muddy Water|p1b: Foongus\n|-resisted|p1b: Foongus\n|-damage|p1b: Foongus|70\/100\n|move|p1b: Foongus|Toxic|p2a: Shellos\n|-status|p2a: Shellos|tox\n|\n|-damage|p2b: Fuecoco|63\/100 tox|[from] psn\n|-damage|p2a: Shellos|94\/100 tox|[from] psn\n|-end|p1b: Foongus|move: Yawn|[silent]\n|-status|p1b: Foongus|slp\n|upkeep\n|turn|8\n|\n|t:|1698845519\n|move|p2b: Fuecoco|Slack Off|p2b: Fuecoco\n|-heal|p2b: Fuecoco|100\/100 tox\n|move|p2a: Shellos|Muddy Water|p1b: Foongus\n|-resisted|p1b: Foongus\n|-damage|p1b: Foongus|61\/100 slp\n|-unboost|p1b: Foongus|accuracy|1\n|cant|p1b: Foongus|slp\n|\n|-heal|p2a: Shellos|100\/100 tox|[from] item: Leftovers\n|-damage|p2b: Fuecoco|76\/100 tox|[from] psn\n|-damage|p2a: Shellos|88\/100 tox|[from] psn\n|-end|p1b: Foongus|Encore\n|upkeep\n|turn|9\n|\n|t:|1698845527\n|move|p2b: Fuecoco|Flamethrower|p1b: Foongus\n|-resisted|p1b: Foongus\n|-damage|p1b: Foongus|52\/100 slp\n|move|p2a: Shellos|Muddy Water|p1b: Foongus\n|-resisted|p1b: Foongus\n|-crit|p1b: Foongus\n|-damage|p1b: Foongus|38\/100 slp\n|-unboost|p1b: Foongus|accuracy|1\n|-curestatus|p1b: Foongus|slp|[msg]\n|move|p1b: Foongus|Pollen Puff|p2b: Fuecoco\n|-resisted|p2b: Fuecoco\n|-damage|p2b: Fuecoco|63\/100 tox\n|\n|-heal|p2a: Shellos|94\/100 tox|[from] item: Leftovers\n|-damage|p2b: Fuecoco|32\/100 tox|[from] psn\n|-damage|p2a: Shellos|76\/100 tox|[from] psn\n|upkeep\n|turn|10\n|inactive|cesar dios pokemon has 120 seconds left.\n|\n|t:|1698845562\n|move|p2b: Fuecoco|Flamethrower|p1b: Foongus\n|-resisted|p1b: Foongus\n|-damage|p1b: Foongus|27\/100\n|move|p2a: Shellos|Muddy Water|p1b: Foongus\n|-resisted|p1b: Foongus\n|-damage|p1b: Foongus|19\/100\n|move|p1b: Foongus|Pollen Puff|p2a: Shellos\n|-resisted|p2a: Shellos\n|-damage|p2a: Shellos|67\/100 tox\n|\n|-heal|p2a: Shellos|73\/100 tox|[from] item: Leftovers\n|-damage|p2b: Fuecoco|0 fnt|[from] psn\n|faint|p2b: Fuecoco\n|-damage|p2a: Shellos|49\/100 tox|[from] psn\n|upkeep\n|turn|11\n|c|\u2606Who is luckier|This is too close\n|inactive|Who is luckier has 120 seconds left.\n|\n|t:|1698845595\n|move|p2a: Shellos|Muddy Water|p1b: Foongus\n|-resisted|p1b: Foongus\n|-damage|p1b: Foongus|10\/100\n|move|p1b: Foongus|Pollen Puff|p2a: Shellos\n|-resisted|p2a: Shellos\n|-damage|p2a: Shellos|40\/100 tox\n|\n|-heal|p2a: Shellos|46\/100 tox|[from] item: Leftovers\n|-damage|p2a: Shellos|15\/100 tox|[from] psn\n|upkeep\n|turn|12\n|\n|t:|1698845607\n|move|p1b: Foongus|Rage Powder|p1b: Foongus\n|-singleturn|p1b: Foongus|move: Rage Powder\n|move|p2a: Shellos|Muddy Water|p1b: Foongus\n|-resisted|p1b: Foongus\n|-damage|p1b: Foongus|0 fnt\n|faint|p1b: Foongus\n|\n|win|cesar dios pokemon\n|n|\u2606Who is luckier|whoisluckier\n|n|\u2606cesar dios pokemon|cesardiospokemon\n|n|*Lady Monita \u263d|ladymonita\n|n| Notluisg|notluisg\n|n| Calamarimar|calamarimar\n|n| Whammerist|whammerist\n","uploadtime":1698845608,"views":21,"p1id":"whoisluckier","p2id":"cesardiospokemon","formatid":"gen9doublesou","rating":0,"private":0,"password":""}