{"id":"gen9doublesou-1984962601","p1":"me am egg","p2":"Thehombre","format":"[Gen 9] Doubles OU","log":"|j|\u2606me am egg\n|j|\u2606Thehombre\n|t:|1699315276\n|gametype|doubles\n|player|p1|me am egg|169|1247\n|player|p2|Thehombre|1|1179\n|teamsize|p1|6\n|teamsize|p2|5\n|gen|9\n|tier|[Gen 9] Doubles OU\n|rated|\n|rule|Species Clause: Limit one of each Pok\u00e9mon\n|rule|OHKO Clause: OHKO moves are banned\n|rule|Evasion Moves Clause: Evasion moves are banned\n|rule|Gravity Sleep Clause: The combination of sleep-inducing moves with imperfect accuracy and Gravity or Gigantamax Orbeetle are banned\n|rule|Endless Battle Clause: Forcing endless battles is banned\n|rule|HP Percentage Mod: HP is shown in percentages\n|clearpoke\n|poke|p1|Farigiraf, M|\n|poke|p1|Goodra-Hisui, M|\n|poke|p1|Glimmora, M|\n|poke|p1|Diancie|\n|poke|p1|Cresselia, F|\n|poke|p1|Chien-Pao|\n|poke|p2|Copperajah, M|\n|poke|p2|Bronzong|\n|poke|p2|Armarouge, M|\n|poke|p2|Torkoal, M|\n|poke|p2|Dipplin, F|\n|teampreview\n|\n|t:|1699315283\n|start\n|switch|p1a: Diancie|Diancie|100\/100\n|switch|p1b: nono touch flower|Glimmora, M|100\/100\n|switch|p2a: Copperajah|Copperajah, M|100\/100\n|switch|p2b: Bronzong|Bronzong|100\/100\n|turn|1\n|inactive|Battle timer is ON: inactive players will automatically lose when time's up. (requested by Thehombre)\n|\n|t:|1699315313\n|-terastallize|p1a: Diancie|Rock\n|move|p1b: nono touch flower|Acid Armor|p1b: nono touch flower\n|-boost|p1b: nono touch flower|def|2\n|move|p1a: Diancie|Earth Power|p2a: Copperajah\n|-supereffective|p2a: Copperajah\n|-damage|p2a: Copperajah|45\/100\n|move|p2a: Copperajah|Curse|p2a: Copperajah\n|-unboost|p2a: Copperajah|spe|1\n|-boost|p2a: Copperajah|atk|1\n|-boost|p2a: Copperajah|def|1\n|move|p2b: Bronzong|Trick Room|p2b: Bronzong\n|-fieldstart|move: Trick Room|[of] p2b: Bronzong\n|\n|-heal|p2a: Copperajah|51\/100|[from] item: Leftovers\n|upkeep\n|turn|2\n|inactive|Thehombre has 120 seconds left.\n|\n|t:|1699315345\n|move|p2b: Bronzong|Iron Defense|p2b: Bronzong\n|-boost|p2b: Bronzong|def|2\n|move|p2a: Copperajah|Heavy Slam|p1b: nono touch flower\n|-supereffective|p1b: nono touch flower\n|-damage|p1b: nono touch flower|0 fnt\n|-activate|p1b: nono touch flower|ability: Toxic Debris\n|-sidestart|p2: Thehombre|move: Toxic Spikes\n|faint|p1b: nono touch flower\n|move|p1a: Diancie|Earth Power|p2a: Copperajah\n|-supereffective|p2a: Copperajah\n|-damage|p2a: Copperajah|0 fnt\n|faint|p2a: Copperajah\n|\n|upkeep\n|\n|t:|1699315366\n|switch|p2a: Torkoal|Torkoal, M|100\/100\n|switch|p1b: sheldon 2|Goodra-Hisui, M, shiny|100\/100\n|-status|p2a: Torkoal|psn\n|turn|3\n|\n|t:|1699315392\n|switch|p1a: barack obama|Farigiraf, M|100\/100\n|move|p2b: Bronzong|Iron Defense|p2b: Bronzong\n|-boost|p2b: Bronzong|def|2\n|move|p2a: Torkoal|Curse|p2a: Torkoal\n|-unboost|p2a: Torkoal|spe|1\n|-boost|p2a: Torkoal|atk|1\n|-boost|p2a: Torkoal|def|1\n|move|p1b: sheldon 2|Hydro Pump|p2a: Torkoal|[miss]\n|-miss|p1b: sheldon 2|p2a: Torkoal\n|\n|-damage|p2a: Torkoal|88\/100 psn|[from] psn\n|upkeep\n|turn|4\n|\n|t:|1699315408\n|move|p2a: Torkoal|Heat Crash|p1b: sheldon 2\n|-damage|p1b: sheldon 2|80\/100\n|move|p2b: Bronzong|Body Press|p1b: sheldon 2\n|-supereffective|p1b: sheldon 2\n|-damage|p1b: sheldon 2|0 fnt\n|faint|p1b: sheldon 2\n|move|p1a: barack obama|Twin Beam|p2b: Bronzong\n|-resisted|p2b: Bronzong\n|-damage|p2b: Bronzong|97\/100\n|-resisted|p2b: Bronzong\n|-damage|p2b: Bronzong|93\/100\n|-hitcount|p2b: Bronzong|2\n|-damage|p1a: barack obama|91\/100|[from] item: Life Orb\n|\n|-heal|p2a: Torkoal|94\/100 psn|[from] item: Leftovers\n|-heal|p2b: Bronzong|99\/100|[from] item: Leftovers\n|-damage|p2a: Torkoal|82\/100 psn|[from] psn\n|upkeep\n|\n|t:|1699315427\n|switch|p1b: Cresselia|Cresselia, F|100\/100\n|turn|5\n|\n|t:|1699315449\n|move|p2a: Torkoal|Body Press|p1a: barack obama\n|-damage|p1a: barack obama|51\/100\n|move|p2b: Bronzong|Body Press|p1a: barack obama\n|-damage|p1a: barack obama|0 fnt\n|faint|p1a: barack obama\n|move|p1b: Cresselia|Reflect|p1b: Cresselia\n|-sidestart|p1: me am egg|Reflect\n|\n|-heal|p2a: Torkoal|88\/100 psn|[from] item: Leftovers\n|-heal|p2b: Bronzong|100\/100|[from] item: Leftovers\n|-damage|p2a: Torkoal|76\/100 psn|[from] psn\n|-fieldend|move: Trick Room\n|upkeep\n|\n|t:|1699315460\n|switch|p1a: nono snow|Chien-Pao|100\/100\n|-ability|p1a: nono snow|Sword of Ruin\n|turn|6\n|\n|t:|1699315476\n|-terastallize|p2b: Bronzong|Steel\n|move|p1a: nono snow|Ruination|p2b: Bronzong\n|-damage|p2b: Bronzong|50\/100\n|move|p1b: Cresselia|Lunar Blessing||[still]|[spread] \n|-fail|p1b: Cresselia\n|move|p2a: Torkoal|Body Press|p1a: nono snow\n|-supereffective|p1a: nono snow\n|-damage|p1a: nono snow|0 fnt\n|faint|p1a: nono snow\n|move|p2b: Bronzong|Trick Room|p2b: Bronzong\n|-fieldstart|move: Trick Room|[of] p2b: Bronzong\n|\n|-heal|p2a: Torkoal|82\/100 psn|[from] item: Leftovers\n|-heal|p2b: Bronzong|57\/100|[from] item: Leftovers\n|-damage|p2a: Torkoal|70\/100 psn|[from] psn\n|upkeep\n|-message|me am egg forfeited.\n|\n|win|Thehombre\n|raw|me am egg's rating: 1247 &rarr; <strong>1217<\/strong><br \/>(-30 for losing)\n|raw|Thehombre's rating: 1179 &rarr; <strong>1209<\/strong><br \/>(+30 for winning)\n|l|\u2606me am egg\n","uploadtime":1699315494,"views":8,"p1id":"meamegg","p2id":"thehombre","formatid":"gen9doublesou","rating":1209,"private":0,"password":""}