{"id":"gen9doublesou-1983839250","p1":"suggondeese","p2":"BigSilverBilver","format":"[Gen 9] Doubles OU","log":"|j|\u2606suggondeese\n|j|\u2606BigSilverBilver\n|inactive|Battle timer is ON: inactive players will automatically lose when time's up.\n|t:|1699190013\n|gametype|doubles\n|player|p1|suggondeese|170|\n|player|p2|BigSilverBilver|crasherwake|\n|teamsize|p1|4\n|teamsize|p2|4\n|gen|9\n|tier|[Gen 9] Doubles OU\n|rated|Tournament battle\n|rule|Species Clause: Limit one of each Pok\u00e9mon\n|rule|OHKO Clause: OHKO moves are banned\n|rule|Evasion Moves Clause: Evasion moves are banned\n|rule|Gravity Sleep Clause: The combination of sleep-inducing moves with imperfect accuracy and Gravity or Gigantamax Orbeetle are banned\n|rule|Endless Battle Clause: Forcing endless battles is banned\n|rule|HP Percentage Mod: HP is shown in percentages\n|clearpoke\n|poke|p1|Hariyama, M|\n|poke|p1|Vullaby, F|\n|poke|p1|Gothitelle, F|\n|poke|p1|Qwilfish-Hisui, F|\n|poke|p2|Volcarona, M|\n|poke|p2|Krokorok, M|\n|poke|p2|Trevenant, M|\n|poke|p2|Misdreavus, M|\n|teampreview\n|j|*Lady Monita \u263d\n|c|\u2606suggondeese|You spant ages on ur team\n|\n|t:|1699190033\n|start\n|switch|p1a: Gothitelle|Gothitelle, F|100\/100\n|switch|p1b: Hariyama|Hariyama, M|100\/100\n|switch|p2a: Krokorok|Krokorok, M|100\/100\n|switch|p2b: Trevenant|Trevenant, M|100\/100\n|-ability|p2a: Krokorok|Intimidate|boost\n|-unboost|p1a: Gothitelle|atk|1\n|-ability|p1a: Gothitelle|Competitive|boost\n|-boost|p1a: Gothitelle|spa|2\n|-unboost|p1b: Hariyama|atk|1\n|turn|1\n|\n|t:|1699190053\n|move|p2a: Krokorok|Knock Off|p1a: Gothitelle\n|-supereffective|p1a: Gothitelle\n|-damage|p1a: Gothitelle|18\/100\n|-enditem|p1a: Gothitelle|Leftovers|[from] move: Knock Off|[of] p2a: Krokorok\n|move|p1a: Gothitelle|Future Sight|p2a: Krokorok\n|-start|p1a: Gothitelle|move: Future Sight\n|move|p2b: Trevenant|Leech Seed|p1b: Hariyama\n|-start|p1b: Hariyama|move: Leech Seed\n|move|p1b: Hariyama|Brick Break|p2a: Krokorok\n|-supereffective|p2a: Krokorok\n|-damage|p2a: Krokorok|28\/100\n|\n|-damage|p1b: Hariyama|88\/100|[from] Leech Seed|[of] p2b: Trevenant\n|-status|p1b: Hariyama|brn|[from] item: Flame Orb\n|upkeep\n|turn|2\n|inactive|suggondeese has 120 seconds left.\n|\n|t:|1699190093\n|move|p1a: Gothitelle|Protect|p1a: Gothitelle\n|-singleturn|p1a: Gothitelle|Protect\n|move|p2a: Krokorok|Earthquake|p1b: Hariyama|[spread] p2b,p1b\n|-activate|p1a: Gothitelle|move: Protect\n|-resisted|p2b: Trevenant\n|-damage|p2b: Trevenant|85\/100\n|-damage|p1b: Hariyama|56\/100 brn\n|move|p2b: Trevenant|Poltergeist|p1b: Hariyama|[miss]\n|-miss|p2b: Trevenant|p1b: Hariyama\n|move|p1b: Hariyama|Facade|p2a: Krokorok\n|-damage|p2a: Krokorok|0 fnt\n|faint|p2a: Krokorok\n|\n|-heal|p2b: Trevenant|91\/100|[from] item: Leftovers\n|-damage|p1b: Hariyama|44\/100 brn|[from] Leech Seed|[of] p2b: Trevenant\n|-heal|p2b: Trevenant|100\/100|[silent]\n|-damage|p1b: Hariyama|38\/100 brn|[from] brn\n|upkeep\n|\n|t:|1699190106\n|switch|p2a: Misdreavus|Misdreavus, M|100\/100\n|turn|3\n|inactive|suggondeese has 120 seconds left.\n|\n|t:|1699190137\n|switch|p1b: Vullaby|Vullaby, F|100\/100\n|move|p2a: Misdreavus|Dazzling Gleam|p1b: Vullaby|[spread] p1a,p1b\n|-supereffective|p1b: Vullaby\n|-damage|p1a: Gothitelle|3\/100\n|-damage|p1b: Vullaby|48\/100\n|move|p1a: Gothitelle|Future Sight|p2b: Trevenant\n|-start|p1a: Gothitelle|move: Future Sight\n|move|p2b: Trevenant|Horn Leech|p1a: Gothitelle\n|-damage|p1a: Gothitelle|0 fnt\n|faint|p1a: Gothitelle\n|\n|-end|p2a: Misdreavus|move: Future Sight\n|-damage|p2a: Misdreavus|46\/100\n|upkeep\n|\n|t:|1699190146\n|switch|p1a: Qwilfish|Qwilfish-Hisui, F|100\/100\n|-ability|p1a: Qwilfish|Intimidate|boost\n|-unboost|p2a: Misdreavus|atk|1\n|-unboost|p2b: Trevenant|atk|1\n|turn|4\n|\n|t:|1699190165\n|-terastallize|p1b: Vullaby|Flying\n|move|p2a: Misdreavus|Dazzling Gleam|p1b: Vullaby|[spread] p1a,p1b\n|-damage|p1a: Qwilfish|76\/100\n|-damage|p1b: Vullaby|24\/100\n|move|p1a: Qwilfish|Agility|p1a: Qwilfish\n|-boost|p1a: Qwilfish|spe|2\n|move|p1b: Vullaby|Air Slash|p2b: Trevenant\n|-supereffective|p2b: Trevenant\n|-damage|p2b: Trevenant|30\/100\n|move|p2b: Trevenant|Drain Punch|p1a: Qwilfish\n|-damage|p1a: Qwilfish|60\/100\n|-heal|p2b: Trevenant|36\/100|[from] drain|[of] p1a: Qwilfish\n|\n|-heal|p2b: Trevenant|42\/100|[from] item: Leftovers\n|upkeep\n|turn|5\n|\n|t:|1699190187\n|-terastallize|p2b: Trevenant|Steel\n|move|p1a: Qwilfish|Crunch|p2a: Misdreavus\n|-supereffective|p2a: Misdreavus\n|-damage|p2a: Misdreavus|0 fnt\n|faint|p2a: Misdreavus\n|move|p1b: Vullaby|Air Slash|p2b: Trevenant\n|-resisted|p2b: Trevenant\n|-damage|p2b: Trevenant|26\/100\n|move|p2b: Trevenant|Leech Seed|p1a: Qwilfish\n|-start|p1a: Qwilfish|move: Leech Seed\n|\n|-end|p2b: Trevenant|move: Future Sight\n|-resisted|p2b: Trevenant\n|-damage|p2b: Trevenant|0 fnt\n|faint|p2b: Trevenant\n|upkeep\n|\n|t:|1699190199\n|switch|p2a: Volcarona|Volcarona, M|100\/100\n|turn|6\n|\n|t:|1699190209\n|move|p1a: Qwilfish|Aqua Tail|p2a: Volcarona|[miss]\n|-miss|p1a: Qwilfish|p2a: Volcarona\n|move|p2a: Volcarona|Quiver Dance|p2a: Volcarona\n|-boost|p2a: Volcarona|spa|1\n|-boost|p2a: Volcarona|spd|1\n|-boost|p2a: Volcarona|spe|1\n|move|p1b: Vullaby|Air Slash|p2a: Volcarona\n|-supereffective|p2a: Volcarona\n|-damage|p2a: Volcarona|59\/100\n|\n|-heal|p2a: Volcarona|65\/100|[from] item: Leftovers\n|upkeep\n|turn|7\n|\n|t:|1699190220\n|move|p1a: Qwilfish|Aqua Tail|p2a: Volcarona|[miss]\n|-miss|p1a: Qwilfish|p2a: Volcarona\n|move|p2a: Volcarona|Flamethrower|p1a: Qwilfish\n|-damage|p1a: Qwilfish|0 fnt\n|faint|p1a: Qwilfish\n|move|p1b: Vullaby|Air Slash|p2a: Volcarona|[miss]\n|-miss|p1b: Vullaby|p2a: Volcarona\n|\n|-heal|p2a: Volcarona|72\/100|[from] item: Leftovers\n|upkeep\n|c|\u2606suggondeese|bro cursed luck\n|\n|t:|1699190232\n|switch|p1a: Hariyama|Hariyama, M|38\/100 brn\n|turn|8\n|\n|t:|1699190245\n|move|p2a: Volcarona|Flamethrower|p1a: Hariyama\n|-damage|p1a: Hariyama|0 fnt\n|faint|p1a: Hariyama\n|move|p1b: Vullaby|Air Slash|p2a: Volcarona|[miss]\n|-miss|p1b: Vullaby|p2a: Volcarona\n|\n|-heal|p2a: Volcarona|78\/100|[from] item: Leftovers\n|upkeep\n|turn|9\n|c|\u2606suggondeese|wtyh\n|c|\u2606BigSilverBilver|Bruh\n|\n|t:|1699190266\n|move|p2a: Volcarona|Flamethrower|p1b: Vullaby\n|-damage|p1b: Vullaby|0 fnt\n|faint|p1b: Vullaby\n|\n|win|BigSilverBilver\n|n|\u2606suggondeese|suggondeese\n|n|\u2606BigSilverBilver|bigsilverbilver\n|n|*Lady Monita \u263d|ladymonita\n|l|*Lady Monita \u263d\n|c|\u2606BigSilverBilver|Gg\n|c|\u2606suggondeese|gg\n|c|\u2606suggondeese|lmao\n|c|\u2606suggondeese|jammy\n|l|\u2606BigSilverBilver\n|j| SighofEnd\n","uploadtime":1699190445,"views":10,"p1id":"suggondeese","p2id":"bigsilverbilver","formatid":"gen9doublesou","rating":0,"private":0,"password":""}