{"id":"gen9doublesou-1997058209","p1":"OPieceOfHeroGhost","p2":"Almaxx","format":"[Gen 9] Doubles OU","log":"|j|\u2606OPieceOfHeroGhost\n|j|\u2606Almaxx\n|t:|1700760291\n|gametype|doubles\n|player|p1|OPieceOfHeroGhost|morty|1444\n|player|p2|Almaxx|1|1535\n|teamsize|p1|6\n|teamsize|p2|6\n|gen|9\n|tier|[Gen 9] Doubles OU\n|rated|\n|rule|Species Clause: Limit one of each Pok\u00e9mon\n|rule|OHKO Clause: OHKO moves are banned\n|rule|Evasion Moves Clause: Evasion moves are banned\n|rule|Gravity Sleep Clause: The combination of sleep-inducing moves with imperfect accuracy and Gravity or Gigantamax Orbeetle are banned\n|rule|Endless Battle Clause: Forcing endless battles is banned\n|rule|HP Percentage Mod: HP is shown in percentages\n|clearpoke\n|poke|p1|Tornadus, M|\n|poke|p1|Basculegion-F, F|\n|poke|p1|Ogerpon-Hearthflame, F|\n|poke|p1|Rillaboom, F|\n|poke|p1|Flutter Mane|\n|poke|p1|Chien-Pao|\n|poke|p2|Diancie, L99|\n|poke|p2|Flutter Mane|\n|poke|p2|Iron Hands|\n|poke|p2|Clefairy, M|\n|poke|p2|Landorus-Therian, M|\n|poke|p2|Moltres-Galar|\n|teampreview\n|\n|t:|1700760303\n|start\n|switch|p1a: \u6069\u91cc\u514b\u2022\u666e\u5947|Tornadus, M|100\/100\n|switch|p1b: \u9ed1\u9c7c\u62ac\u68fa|Basculegion-F, F|100\/100\n|switch|p2a: Diancie|Diancie, L99|100\/100\n|switch|p2b: Iron Hands|Iron Hands|100\/100\n|turn|1\n|\n|t:|1700760344\n|move|p2b: Iron Hands|Fake Out|p1a: \u6069\u91cc\u514b\u2022\u666e\u5947\n|-damage|p1a: \u6069\u91cc\u514b\u2022\u666e\u5947|86\/100\n|-damage|p2b: Iron Hands|84\/100|[from] item: Rocky Helmet|[of] p1a: \u6069\u91cc\u514b\u2022\u666e\u5947\n|cant|p1a: \u6069\u91cc\u514b\u2022\u666e\u5947|flinch\n|move|p1b: \u9ed1\u9c7c\u62ac\u68fa|Waterfall|p2a: Diancie\n|-supereffective|p2a: Diancie\n|-damage|p2a: Diancie|19\/100\n|-enditem|p2a: Diancie|Weakness Policy\n|-boost|p2a: Diancie|atk|2|[from] item: Weakness Policy\n|-boost|p2a: Diancie|spa|2|[from] item: Weakness Policy\n|move|p2a: Diancie|Trick Room|p2a: Diancie\n|-fieldstart|move: Trick Room|[of] p2a: Diancie\n|\n|upkeep\n|turn|2\n|\n|t:|1700760365\n|move|p1b: \u9ed1\u9c7c\u62ac\u68fa|Protect|p1b: \u9ed1\u9c7c\u62ac\u68fa\n|-singleturn|p1b: \u9ed1\u9c7c\u62ac\u68fa|Protect\n|move|p2a: Diancie|Diamond Storm|p1b: \u9ed1\u9c7c\u62ac\u68fa|[spread] p1a\n|-activate|p1b: \u9ed1\u9c7c\u62ac\u68fa|move: Protect\n|-supereffective|p1a: \u6069\u91cc\u514b\u2022\u666e\u5947\n|-crit|p1a: \u6069\u91cc\u514b\u2022\u666e\u5947\n|-damage|p1a: \u6069\u91cc\u514b\u2022\u666e\u5947|0 fnt\n|-boost|p2a: Diancie|def|2\n|faint|p1a: \u6069\u91cc\u514b\u2022\u666e\u5947\n|move|p2b: Iron Hands|Thunder Punch|p1b: \u9ed1\u9c7c\u62ac\u68fa\n|-activate|p1b: \u9ed1\u9c7c\u62ac\u68fa|move: Protect\n|\n|upkeep\n|\n|t:|1700760372\n|switch|p1a: \u7ed9\u4f60\u6765\u4e2a\u5927\u6bd4\u6597|Rillaboom, F|100\/100\n|-fieldstart|move: Grassy Terrain|[from] ability: Grassy Surge|[of] p1a: \u7ed9\u4f60\u6765\u4e2a\u5927\u6bd4\u6597\n|turn|3\n|\n|t:|1700760395\n|-terastallize|p1b: \u9ed1\u9c7c\u62ac\u68fa|Grass\n|move|p2a: Diancie|Protect|p2a: Diancie\n|-singleturn|p2a: Diancie|Protect\n|move|p1a: \u7ed9\u4f60\u6765\u4e2a\u5927\u6bd4\u6597|Fake Out|p2a: Diancie\n|-activate|p2a: Diancie|move: Protect\n|move|p2b: Iron Hands|Thunder Punch|p1b: \u9ed1\u9c7c\u62ac\u68fa\n|-resisted|p1b: \u9ed1\u9c7c\u62ac\u68fa\n|-damage|p1b: \u9ed1\u9c7c\u62ac\u68fa|76\/100\n|move|p1b: \u9ed1\u9c7c\u62ac\u68fa|Last Respects|p2b: Iron Hands\n|-damage|p2b: Iron Hands|60\/100\n|\n|-heal|p2a: Diancie|25\/100|[from] Grassy Terrain\n|-heal|p2b: Iron Hands|66\/100|[from] Grassy Terrain\n|-heal|p1b: \u9ed1\u9c7c\u62ac\u68fa|83\/100|[from] Grassy Terrain\n|upkeep\n|turn|4\n|\n|t:|1700760427\n|move|p1b: \u9ed1\u9c7c\u62ac\u68fa|Protect|p1b: \u9ed1\u9c7c\u62ac\u68fa\n|-singleturn|p1b: \u9ed1\u9c7c\u62ac\u68fa|Protect\n|move|p1a: \u7ed9\u4f60\u6765\u4e2a\u5927\u6bd4\u6597|Grassy Glide|p2a: Diancie\n|-supereffective|p2a: Diancie\n|-damage|p2a: Diancie|0 fnt\n|faint|p2a: Diancie\n|move|p2b: Iron Hands|Drain Punch|p1b: \u9ed1\u9c7c\u62ac\u68fa\n|-activate|p1b: \u9ed1\u9c7c\u62ac\u68fa|move: Protect\n|\n|-heal|p2b: Iron Hands|72\/100|[from] Grassy Terrain\n|-heal|p1b: \u9ed1\u9c7c\u62ac\u68fa|89\/100|[from] Grassy Terrain\n|upkeep\n|\n|t:|1700760433\n|switch|p2a: Clefairy|Clefairy, M|100\/100\n|turn|5\n|\n|t:|1700760449\n|switch|p1b: \u53d1\u59d0\u725b\u903c|Flutter Mane|100\/100\n|move|p2a: Clefairy|Helping Hand|p2b: Iron Hands\n|-singleturn|p2b: Iron Hands|Helping Hand|[of] p2a: Clefairy\n|move|p2b: Iron Hands|Drain Punch|p1b: \u53d1\u59d0\u725b\u903c\n|-immune|p1b: \u53d1\u59d0\u725b\u903c\n|move|p1a: \u7ed9\u4f60\u6765\u4e2a\u5927\u6bd4\u6597|U-turn|p2b: Iron Hands\n|-resisted|p2b: Iron Hands\n|-damage|p2b: Iron Hands|66\/100\n|\n|t:|1700760463\n|switch|p1a: \u68d2\u6253NTR|Ogerpon-Hearthflame, F|100\/100|[from] U-turn\n|-ability|p1a: \u68d2\u6253NTR|Mold Breaker\n|\n|-heal|p2b: Iron Hands|72\/100|[from] Grassy Terrain\n|-fieldend|move: Trick Room\n|upkeep\n|turn|6\n|\n|t:|1700760479\n|-end|p1b: \u53d1\u59d0\u725b\u903c|Protosynthesis|[silent]\n|switch|p1b: \u9ed1\u9c7c\u62ac\u68fa|Basculegion-F, F, tera:Grass|89\/100\n|move|p2a: Clefairy|Helping Hand|p2b: Iron Hands\n|-singleturn|p2b: Iron Hands|Helping Hand|[of] p2a: Clefairy\n|move|p1a: \u68d2\u6253NTR|Swords Dance|p1a: \u68d2\u6253NTR\n|-boost|p1a: \u68d2\u6253NTR|atk|2\n|move|p2b: Iron Hands|Thunder Punch|p1b: \u9ed1\u9c7c\u62ac\u68fa\n|-resisted|p1b: \u9ed1\u9c7c\u62ac\u68fa\n|-damage|p1b: \u9ed1\u9c7c\u62ac\u68fa|53\/100\n|\n|-heal|p1b: \u9ed1\u9c7c\u62ac\u68fa|59\/100|[from] Grassy Terrain\n|-heal|p2b: Iron Hands|79\/100|[from] Grassy Terrain\n|upkeep\n|turn|7\n|\n|t:|1700760509\n|move|p2a: Clefairy|Helping Hand|p2b: Iron Hands\n|-singleturn|p2b: Iron Hands|Helping Hand|[of] p2a: Clefairy\n|move|p1a: \u68d2\u6253NTR|Ivy Cudgel|p2a: Clefairy|[anim] Ivy Cudgel Fire\n|-damage|p2a: Clefairy|0 fnt\n|faint|p2a: Clefairy\n|move|p1b: \u9ed1\u9c7c\u62ac\u68fa|Waterfall|p2b: Iron Hands\n|-crit|p2b: Iron Hands\n|-damage|p2b: Iron Hands|44\/100\n|-enditem|p2b: Iron Hands|Sitrus Berry|[eat]\n|-heal|p2b: Iron Hands|68\/100|[from] item: Sitrus Berry\n|cant|p2b: Iron Hands|flinch\n|\n|-heal|p1b: \u9ed1\u9c7c\u62ac\u68fa|65\/100|[from] Grassy Terrain\n|-heal|p2b: Iron Hands|75\/100|[from] Grassy Terrain\n|-fieldend|move: Grassy Terrain\n|upkeep\n|\n|t:|1700760532\n|switch|p2a: Moltres|Moltres-Galar, shiny|100\/100\n|turn|8\n|\n|t:|1700760550\n|switch|p1b: \u7ed9\u4f60\u6765\u4e2a\u5927\u6bd4\u6597|Rillaboom, F|100\/100\n|-fieldstart|move: Grassy Terrain|[from] ability: Grassy Surge|[of] p1b: \u7ed9\u4f60\u6765\u4e2a\u5927\u6bd4\u6597\n|move|p1a: \u68d2\u6253NTR|Ivy Cudgel|p2b: Iron Hands|[anim] Ivy Cudgel Fire\n|-damage|p2b: Iron Hands|2\/100\n|move|p2a: Moltres|Fiery Wrath|p1a: \u68d2\u6253NTR|[spread] p1a,p1b\n|-crit|p1b: \u7ed9\u4f60\u6765\u4e2a\u5927\u6bd4\u6597\n|-damage|p1a: \u68d2\u6253NTR|77\/100\n|-damage|p1b: \u7ed9\u4f60\u6765\u4e2a\u5927\u6bd4\u6597|75\/100\n|move|p2b: Iron Hands|Drain Punch|p1a: \u68d2\u6253NTR\n|-damage|p1a: \u68d2\u6253NTR|30\/100\n|-heal|p2b: Iron Hands|18\/100|[from] drain|[of] p1a: \u68d2\u6253NTR\n|\n|-heal|p1a: \u68d2\u6253NTR|36\/100|[from] Grassy Terrain\n|-heal|p1b: \u7ed9\u4f60\u6765\u4e2a\u5927\u6bd4\u6597|81\/100|[from] Grassy Terrain\n|-heal|p2b: Iron Hands|24\/100|[from] Grassy Terrain\n|upkeep\n|turn|9\n|\n|t:|1700760574\n|-end|p2b: Iron Hands|Quark Drive|[silent]\n|switch|p2b: Landorus|Landorus-Therian, M|100\/100\n|-ability|p2b: Landorus|Intimidate|boost\n|-unboost|p1a: \u68d2\u6253NTR|atk|1\n|-unboost|p1b: \u7ed9\u4f60\u6765\u4e2a\u5927\u6bd4\u6597|atk|1\n|move|p1b: \u7ed9\u4f60\u6765\u4e2a\u5927\u6bd4\u6597|Fake Out|p2a: Moltres\n|-damage|p2a: Moltres|92\/100\n|move|p1a: \u68d2\u6253NTR|Ivy Cudgel|p2b: Landorus|[anim] Ivy Cudgel Fire\n|-damage|p2b: Landorus|12\/100\n|-enditem|p2b: Landorus|Sitrus Berry|[eat]\n|-heal|p2b: Landorus|37\/100|[from] item: Sitrus Berry\n|cant|p2a: Moltres|flinch\n|\n|-heal|p1a: \u68d2\u6253NTR|42\/100|[from] Grassy Terrain\n|-heal|p1b: \u7ed9\u4f60\u6765\u4e2a\u5927\u6bd4\u6597|88\/100|[from] Grassy Terrain\n|upkeep\n|turn|10\n|\n|t:|1700760595\n|move|p1a: \u68d2\u6253NTR|Grassy Glide|p2b: Landorus\n|-damage|p2b: Landorus|0 fnt\n|faint|p2b: Landorus\n|move|p1b: \u7ed9\u4f60\u6765\u4e2a\u5927\u6bd4\u6597|U-turn|p2a: Moltres\n|-damage|p2a: Moltres|78\/100\n|\n|t:|1700760602\n|switch|p1b: \u53d1\u59d0\u725b\u903c|Flutter Mane|100\/100|[from] U-turn\n|move|p2a: Moltres|Fiery Wrath|p1a: \u68d2\u6253NTR|[spread] p1a,p1b\n|-damage|p1a: \u68d2\u6253NTR|15\/100\n|-damage|p1b: \u53d1\u59d0\u725b\u903c|78\/100\n|\n|-heal|p1b: \u53d1\u59d0\u725b\u903c|84\/100|[from] Grassy Terrain\n|-heal|p1a: \u68d2\u6253NTR|21\/100|[from] Grassy Terrain\n|upkeep\n|\n|t:|1700760613\n|switch|p2b: Iron Hands|Iron Hands|24\/100\n|turn|11\n|\n|t:|1700760620\n|move|p1a: \u68d2\u6253NTR|Spiky Shield|p1a: \u68d2\u6253NTR\n|-singleturn|p1a: \u68d2\u6253NTR|move: Protect\n|move|p2b: Iron Hands|Fake Out|p1a: \u68d2\u6253NTR\n|-activate|p1a: \u68d2\u6253NTR|move: Protect\n|-damage|p2b: Iron Hands|12\/100|[from] Spiky Shield|[of] p1a: \u68d2\u6253NTR\n|move|p1b: \u53d1\u59d0\u725b\u903c|Dazzling Gleam|p2b: Iron Hands|[spread] p2a,p2b\n|-supereffective|p2a: Moltres\n|-supereffective|p2b: Iron Hands\n|-damage|p2a: Moltres|30\/100\n|-damage|p2b: Iron Hands|0 fnt\n|faint|p2b: Iron Hands\n|-end|p2b: Iron Hands|Quark Drive|[silent]\n|-ability|p2a: Moltres|Berserk|boost\n|-boost|p2a: Moltres|spa|1\n|move|p2a: Moltres|Fiery Wrath|p1a: \u68d2\u6253NTR|[spread] p1b\n|-activate|p1a: \u68d2\u6253NTR|move: Protect\n|-damage|p1b: \u53d1\u59d0\u725b\u903c|50\/100\n|\n|-heal|p1b: \u53d1\u59d0\u725b\u903c|56\/100|[from] Grassy Terrain\n|-heal|p1a: \u68d2\u6253NTR|27\/100|[from] Grassy Terrain\n|upkeep\n|\n|t:|1700760631\n|switch|p2b: Flutter Mane|Flutter Mane|100\/100\n|turn|12\n|\n|t:|1700760644\n|move|p1a: \u68d2\u6253NTR|Grassy Glide|p2b: Flutter Mane\n|-damage|p2b: Flutter Mane|18\/100\n|move|p1b: \u53d1\u59d0\u725b\u903c|Dazzling Gleam|p2a: Moltres|[spread] p2a,p2b\n|-supereffective|p2a: Moltres\n|-damage|p2a: Moltres|0 fnt\n|-damage|p2b: Flutter Mane|0 fnt\n|faint|p2a: Moltres\n|faint|p2b: Flutter Mane\n|-end|p2b: Flutter Mane|Protosynthesis|[silent]\n|\n|win|OPieceOfHeroGhost\n|raw|OPieceOfHeroGhost's rating: 1444 &rarr; <strong>1469<\/strong><br \/>(+25 for winning)\n|raw|Almaxx's rating: 1535 &rarr; <strong>1510<\/strong><br \/>(-25 for losing)\n|l|\u2606Almaxx\n","uploadtime":1700760659,"views":8,"p1id":"opieceofheroghost","p2id":"almaxx","formatid":"gen9doublesou","rating":1469,"private":0,"password":""}