{"id":"gen9doublesou-1998391556","p1":"Andblybb","p2":"Kuzwa","format":"[Gen 9] Doubles OU","log":"|j|\u2606Andblybb\n|j|\u2606Kuzwa\n|t:|1700937091\n|gametype|doubles\n|player|p1|Andblybb|1|1247\n|player|p2|Kuzwa|pokemonbreeder-gen4|1328\n|teamsize|p1|6\n|teamsize|p2|6\n|gen|9\n|tier|[Gen 9] Doubles OU\n|rated|\n|rule|Species Clause: Limit one of each Pok\u00e9mon\n|rule|OHKO Clause: OHKO moves are banned\n|rule|Evasion Moves Clause: Evasion moves are banned\n|rule|Gravity Sleep Clause: The combination of sleep-inducing moves with imperfect accuracy and Gravity or Gigantamax Orbeetle are banned\n|rule|Endless Battle Clause: Forcing endless battles is banned\n|rule|HP Percentage Mod: HP is shown in percentages\n|clearpoke\n|poke|p1|Hatterene, F|\n|poke|p1|Mimikyu, F|\n|poke|p1|Toxtricity, F|\n|poke|p1|Ninetales-Alola, F|\n|poke|p1|Conkeldurr, F|\n|poke|p1|Kingambit, F|\n|poke|p2|Chi-Yu|\n|poke|p2|Torkoal, M|\n|poke|p2|Glimmora, M|\n|poke|p2|Gallade, M|\n|poke|p2|Cinderace, M|\n|poke|p2|Gardevoir, F|\n|teampreview\n|\n|t:|1700937107\n|start\n|switch|p1a: Mimikyu|Mimikyu, F|100\/100\n|switch|p1b: Toxtricity|Toxtricity, F|100\/100\n|switch|p2a: Strega|Glimmora, M|100\/100\n|switch|p2b: Mortissed|Cinderace, M|100\/100\n|-item|p2a: Strega|Air Balloon\n|turn|1\n|inactive|Battle timer is ON: inactive players will automatically lose when time's up. (requested by Kuzwa)\n|\n|t:|1700937123\n|switch|p2b: Nyx|Gardevoir, F, shiny|100\/100\n|-terastallize|p1b: Toxtricity|Normal\n|move|p1a: Mimikyu|Swords Dance|p1a: Mimikyu\n|-boost|p1a: Mimikyu|atk|2\n|move|p2a: Strega|Sludge Wave|p1a: Mimikyu|[spread] p1a,p1b\n|-activate|p2b: Nyx|ability: Telepathy\n|-activate|p1a: Mimikyu|ability: Disguise\n|-damage|p1a: Mimikyu|100\/100\n|-damage|p1b: Toxtricity|53\/100\n|detailschange|p1a: Mimikyu|Mimikyu-Busted, F\n|-damage|p1a: Mimikyu|88\/100|[from] pokemon: Mimikyu-Busted\n|move|p1b: Toxtricity|Boomburst|p2a: Strega|[spread] p2a,p2b\n|-immune|p1a: Mimikyu\n|-resisted|p2a: Strega\n|-damage|p2a: Strega|58\/100\n|-damage|p2b: Nyx|34\/100\n|-enditem|p2a: Strega|Air Balloon\n|-enditem|p1b: Toxtricity|Throat Spray\n|-boost|p1b: Toxtricity|spa|1|[from] item: Throat Spray\n|\n|upkeep\n|turn|2\n|inactive|Andblybb has 120 seconds left.\n|\n|t:|1700937154\n|move|p1a: Mimikyu|Drain Punch|p2a: Strega\n|-damage|p2a: Strega|10\/100\n|-heal|p1a: Mimikyu|100\/100|[from] drain|[of] p2a: Strega\n|-activate|p2a: Strega|ability: Toxic Debris\n|-sidestart|p1: Andblybb|move: Toxic Spikes\n|move|p2a: Strega|Sludge Wave|p1a: Mimikyu|[spread] p1a,p1b\n|-activate|p2b: Nyx|ability: Telepathy\n|-damage|p1a: Mimikyu|56\/100\n|-damage|p1b: Toxtricity|7\/100\n|move|p1b: Toxtricity|Boomburst|p2a: Strega|[spread] p2a,p2b\n|-immune|p1a: Mimikyu\n|-resisted|p2a: Strega\n|-damage|p2a: Strega|0 fnt\n|-damage|p2b: Nyx|0 fnt\n|faint|p2a: Strega\n|faint|p2b: Nyx\n|\n|upkeep\n|\n|t:|1700937169\n|switch|p2a: Mortissed|Cinderace, M|100\/100\n|switch|p2b: Makoto Yuki|Gallade, M|100\/100\n|turn|3\n|\n|t:|1700937181\n|move|p2a: Mortissed|Pyro Ball|p1a: Mimikyu\n|-damage|p1a: Mimikyu|0 fnt\n|faint|p1a: Mimikyu\n|move|p1b: Toxtricity|Boomburst|p2b: Makoto Yuki|[spread] p2a,p2b\n|-enditem|p2a: Mortissed|Focus Sash\n|-damage|p2a: Mortissed|1\/100\n|-enditem|p2b: Makoto Yuki|Focus Sash\n|-damage|p2b: Makoto Yuki|1\/100\n|move|p2b: Makoto Yuki|Trick Room|p2b: Makoto Yuki\n|-fieldstart|move: Trick Room|[of] p2b: Makoto Yuki\n|\n|upkeep\n|\n|t:|1700937191\n|switch|p1a: Hatterene|Hatterene, F|100\/100\n|-status|p1a: Hatterene|psn\n|turn|4\n|\n|t:|1700937202\n|move|p1a: Hatterene|Psychic|p2b: Makoto Yuki\n|-damage|p2b: Makoto Yuki|0 fnt\n|faint|p2b: Makoto Yuki\n|move|p1b: Toxtricity|Overdrive|p2a: Mortissed\n|-damage|p2a: Mortissed|0 fnt\n|faint|p2a: Mortissed\n|\n|-damage|p1a: Hatterene|88\/100 psn|[from] psn\n|upkeep\n|\n|t:|1700937210\n|switch|p2b: Ryoji Mochizuki|Chi-Yu|100\/100\n|switch|p2a: Tortissed|Torkoal, M|100\/100\n|-weather|SunnyDay|[from] ability: Drought|[of] p2a: Tortissed\n|-ability|p2b: Ryoji Mochizuki|Beads of Ruin\n|turn|5\n|\n|t:|1700937225\n|switch|p1a: Ninetales|Ninetales-Alola, F|100\/100\n|-status|p1a: Ninetales|psn\n|-weather|Snow|[from] ability: Snow Warning|[of] p1a: Ninetales\n|-terastallize|p2b: Ryoji Mochizuki|Water\n|move|p2a: Tortissed|Eruption|p1b: Toxtricity|[spread] p1a,p1b\n|-supereffective|p1a: Ninetales\n|-damage|p1a: Ninetales|0 fnt\n|-damage|p1b: Toxtricity|0 fnt\n|faint|p1a: Ninetales\n|faint|p1b: Toxtricity\n|move|p2b: Ryoji Mochizuki|Nasty Plot|p2b: Ryoji Mochizuki\n|-boost|p2b: Ryoji Mochizuki|spa|2\n|\n|-weather|Snow|[upkeep]\n|upkeep\n|\n|t:|1700937238\n|switch|p1b: Hatterene|Hatterene, F|88\/100 psn\n|switch|p1a: Conkeldurr|Conkeldurr, F|100\/100\n|-status|p1a: Conkeldurr|psn\n|turn|6\n|\n|t:|1700937259\n|move|p1a: Conkeldurr|Wide Guard|p1a: Conkeldurr\n|-singleturn|p1a: Conkeldurr|Wide Guard\n|move|p2a: Tortissed|Eruption|p1b: Hatterene|[spread] \n|-activate|p1a: Conkeldurr|move: Wide Guard\n|-activate|p1b: Hatterene|move: Wide Guard\n|move|p1b: Hatterene|Nuzzle|p2b: Ryoji Mochizuki\n|-supereffective|p2b: Ryoji Mochizuki\n|-damage|p2b: Ryoji Mochizuki|85\/100\n|-status|p2b: Ryoji Mochizuki|par\n|move|p2b: Ryoji Mochizuki|Tera Blast|p1a: Conkeldurr|[anim] Tera Blast Water\n|-damage|p1a: Conkeldurr|0 fnt\n|faint|p1a: Conkeldurr\n|\n|-weather|Snow|[upkeep]\n|-heal|p1b: Hatterene|94\/100 psn|[from] item: Leftovers\n|-damage|p1b: Hatterene|82\/100 psn|[from] psn\n|upkeep\n|\n|t:|1700937272\n|switch|p1a: Kingambit|Kingambit, F|100\/100\n|turn|7\n|\n|t:|1700937282\n|move|p1a: Kingambit|Protect|p1a: Kingambit\n|-singleturn|p1a: Kingambit|Protect\n|move|p2a: Tortissed|Eruption|p1a: Kingambit|[spread] p1b\n|-activate|p1a: Kingambit|move: Protect\n|-damage|p1b: Hatterene|35\/100 psn\n|move|p1b: Hatterene|Psychic|p2b: Ryoji Mochizuki\n|-damage|p2b: Ryoji Mochizuki|36\/100 par\n|move|p2b: Ryoji Mochizuki|Lava Plume|p1a: Kingambit|[spread] p2a,p1b\n|-activate|p1a: Kingambit|move: Protect\n|-resisted|p2a: Tortissed\n|-damage|p2a: Tortissed|46\/100\n|-damage|p1b: Hatterene|0 fnt\n|faint|p1b: Hatterene\n|\n|-weather|Snow|[upkeep]\n|-fieldend|move: Trick Room\n|upkeep\n|turn|8\n|\n|t:|1700937299\n|move|p2b: Ryoji Mochizuki|Lava Plume|p1a: Kingambit|[spread] p2a,p1a\n|-resisted|p2a: Tortissed\n|-supereffective|p1a: Kingambit\n|-damage|p2a: Tortissed|0 fnt\n|-damage|p1a: Kingambit|0 fnt\n|faint|p2a: Tortissed\n|faint|p1a: Kingambit\n|\n|win|Kuzwa\n|raw|Andblybb's rating: 1247 &rarr; <strong>1228<\/strong><br \/>(-19 for losing)\n|raw|Kuzwa's rating: 1328 &rarr; <strong>1343<\/strong><br \/>(+15 for winning)\n","uploadtime":1700937305,"views":5,"p1id":"andblybb","p2id":"kuzwa","formatid":"gen9doublesou","rating":1228,"private":0,"password":""}