{"id":"gen9doublesou-1991489138","p1":"viinesmoke","p2":"L4luck","format":"[Gen 9] Doubles OU","log":"|j|\u2606viinesmoke\n|j|\u2606L4luck\n|t:|1700081600\n|gametype|doubles\n|player|p1|viinesmoke|volkner|1472\n|player|p2|L4luck|102|1534\n|teamsize|p1|6\n|teamsize|p2|6\n|gen|9\n|tier|[Gen 9] Doubles OU\n|rated|\n|rule|Species Clause: Limit one of each Pok\u00e9mon\n|rule|OHKO Clause: OHKO moves are banned\n|rule|Evasion Moves Clause: Evasion moves are banned\n|rule|Gravity Sleep Clause: The combination of sleep-inducing moves with imperfect accuracy and Gravity or Gigantamax Orbeetle are banned\n|rule|Endless Battle Clause: Forcing endless battles is banned\n|rule|HP Percentage Mod: HP is shown in percentages\n|clearpoke\n|poke|p1|Garchomp, M|\n|poke|p1|Tornadus, M|\n|poke|p1|Kingambit, F|\n|poke|p1|Chien-Pao|\n|poke|p1|Scizor, F|\n|poke|p1|Flutter Mane|\n|poke|p2|Tyranitar, M|\n|poke|p2|Gastrodon, F|\n|poke|p2|Gholdengo|\n|poke|p2|Ceruledge, M|\n|poke|p2|Scizor, F|\n|poke|p2|Iron Valiant|\n|teampreview\n|\n|t:|1700081613\n|start\n|switch|p1a: tiburoncin|Garchomp, M, shiny|100\/100\n|switch|p1b: budi|Tornadus, M, shiny|100\/100\n|switch|p2a: Gholdengo|Gholdengo|100\/100\n|switch|p2b: Scizor|Scizor, F|100\/100\n|turn|1\n|\n|t:|1700081619\n|move|p1b: budi|Tailwind|p1b: budi\n|-sidestart|p1: viinesmoke|move: Tailwind\n|move|p1a: tiburoncin|Swords Dance|p1a: tiburoncin\n|-boost|p1a: tiburoncin|atk|2\n|move|p2a: Gholdengo|Power Gem|p1b: budi\n|-supereffective|p1b: budi\n|-damage|p1b: budi|19\/100\n|move|p2b: Scizor|Bug Bite|p1a: tiburoncin\n|-damage|p1a: tiburoncin|46\/100\n|-enditem|p1a: tiburoncin|Lum Berry|[from] stealeat|[move] Bug Bite|[of] p2b: Scizor\n|-damage|p2b: Scizor|88\/100|[from] ability: Rough Skin|[of] p1a: tiburoncin\n|\n|upkeep\n|turn|2\n|\n|t:|1700081636\n|move|p2a: Gholdengo|Protect|p2a: Gholdengo\n|-singleturn|p2a: Gholdengo|Protect\n|move|p2b: Scizor|Bullet Punch|p1b: budi\n|-damage|p1b: budi|0 fnt\n|faint|p1b: budi\n|move|p1a: tiburoncin|Earthquake|p2b: Scizor|[spread] p2b\n|-activate|p2a: Gholdengo|move: Protect\n|-damage|p2b: Scizor|7\/100\n|\n|upkeep\n|\n|t:|1700081651\n|switch|p1b: Peligro|Flutter Mane|100\/100\n|-enditem|p1b: Peligro|Booster Energy\n|-activate|p1b: Peligro|ability: Protosynthesis|[fromitem]\n|-start|p1b: Peligro|protosynthesisspa\n|turn|3\n|\n|t:|1700081664\n|move|p1b: Peligro|Protect|p1b: Peligro\n|-singleturn|p1b: Peligro|Protect\n|move|p2b: Scizor|Protect|p2b: Scizor\n|-singleturn|p2b: Scizor|Protect\n|move|p1a: tiburoncin|Earthquake|p2b: Scizor|[spread] p2a\n|-activate|p1b: Peligro|move: Protect\n|-activate|p2b: Scizor|move: Protect\n|-supereffective|p2a: Gholdengo\n|-damage|p2a: Gholdengo|0 fnt\n|faint|p2a: Gholdengo\n|\n|upkeep\n|\n|t:|1700081677\n|switch|p2a: Gastrodon|Gastrodon, F|100\/100\n|turn|4\n|\n|t:|1700081684\n|move|p2b: Scizor|Bullet Punch|p1b: Peligro\n|-supereffective|p1b: Peligro\n|-damage|p1b: Peligro|0 fnt\n|faint|p1b: Peligro\n|-end|p1b: Peligro|Protosynthesis|[silent]\n|move|p1a: tiburoncin|Outrage|p2a: Gastrodon\n|-damage|p2a: Gastrodon|0 fnt\n|faint|p2a: Gastrodon\n|\n|-sideend|p1: viinesmoke|move: Tailwind\n|upkeep\n|\n|t:|1700081692\n|switch|p1b: DonCangrejo|Scizor, F|100\/100\n|switch|p2a: Iron Valiant|Iron Valiant|100\/100\n|turn|5\n|\n|t:|1700081706\n|move|p2a: Iron Valiant|Moonblast|p1a: tiburoncin\n|-supereffective|p1a: tiburoncin\n|-damage|p1a: tiburoncin|0 fnt\n|faint|p1a: tiburoncin\n|move|p1b: DonCangrejo|Tailwind|p1b: DonCangrejo\n|-sidestart|p1: viinesmoke|move: Tailwind\n|move|p2b: Scizor|Close Combat|p1b: DonCangrejo\n|-damage|p1b: DonCangrejo|41\/100\n|-unboost|p2b: Scizor|def|1\n|-unboost|p2b: Scizor|spd|1\n|\n|upkeep\n|\n|t:|1700081721\n|switch|p1a: King|Kingambit, F|100\/100\n|-item|p1a: King|Air Balloon\n|turn|6\n|\n|t:|1700081733\n|move|p1b: DonCangrejo|Bullet Punch|p2a: Iron Valiant\n|-supereffective|p2a: Iron Valiant\n|-damage|p2a: Iron Valiant|0 fnt\n|faint|p2a: Iron Valiant\n|-end|p2a: Iron Valiant|Quark Drive|[silent]\n|-damage|p1b: DonCangrejo|31\/100|[from] item: Life Orb\n|move|p2b: Scizor|Bullet Punch|p1b: DonCangrejo\n|-resisted|p1b: DonCangrejo\n|-damage|p1b: DonCangrejo|10\/100\n|move|p1a: King|Iron Head|p2b: Scizor\n|-resisted|p2b: Scizor\n|-damage|p2b: Scizor|0 fnt\n|faint|p2b: Scizor\n|\n|upkeep\n|\n|t:|1700081741\n|switch|p2a: Ceruledge|Ceruledge, M|100\/100\n|switch|p2b: Tyranitar|Tyranitar, M|100\/100\n|-weather|Sandstorm|[from] ability: Sand Stream|[of] p2b: Tyranitar\n|turn|7\n|\n|t:|1700081752\n|move|p2a: Ceruledge|Ally Switch|p2a: Ceruledge\n|swap|p2a: Ceruledge|1|[from] move: Ally Switch\n|move|p1b: DonCangrejo|Bullet Punch|p2b: Ceruledge\n|-resisted|p2b: Ceruledge\n|-damage|p2b: Ceruledge|70\/100\n|-damage|p1b: DonCangrejo|0 fnt|[from] item: Life Orb\n|faint|p1b: DonCangrejo\n|move|p1a: King|Sucker Punch|p2a: Tyranitar\n|-resisted|p2a: Tyranitar\n|-damage|p2a: Tyranitar|83\/100\n|move|p2a: Tyranitar|Fire Punch|p1a: King\n|-supereffective|p1a: King\n|-damage|p1a: King|56\/100\n|-enditem|p1a: King|Air Balloon\n|\n|-weather|Sandstorm|[upkeep]\n|-damage|p2b: Ceruledge|63\/100|[from] Sandstorm\n|upkeep\n|\n|t:|1700081765\n|switch|p1b: Chimuuelo|Chien-Pao|100\/100\n|-ability|p1b: Chimuuelo|Sword of Ruin\n|turn|8\n|\n|t:|1700081783\n|-terastallize|p2a: Tyranitar|Ghost\n|move|p1a: King|Sucker Punch|p2b: Ceruledge\n|-supereffective|p2b: Ceruledge\n|-damage|p2b: Ceruledge|0 fnt\n|faint|p2b: Ceruledge\n|move|p1b: Chimuuelo|Sacred Sword|p2a: Tyranitar\n|-immune|p2a: Tyranitar\n|move|p2a: Tyranitar|Stone Edge|p1b: Chimuuelo\n|-supereffective|p1b: Chimuuelo\n|-damage|p1b: Chimuuelo|0 fnt\n|faint|p1b: Chimuuelo\n|\n|-weather|Sandstorm|[upkeep]\n|-damage|p2a: Tyranitar|77\/100|[from] Sandstorm\n|-sideend|p1: viinesmoke|move: Tailwind\n|upkeep\n|turn|9\n|\n|t:|1700081801\n|move|p1a: King|Sucker Punch|p2a: Tyranitar\n|-supereffective|p2a: Tyranitar\n|-damage|p2a: Tyranitar|10\/100\n|move|p2a: Tyranitar|High Horsepower|p1a: King\n|-supereffective|p1a: King\n|-crit|p1a: King\n|-damage|p1a: King|0 fnt\n|faint|p1a: King\n|\n|win|L4luck\n|raw|viinesmoke's rating: 1472 &rarr; <strong>1456<\/strong><br \/>(-16 for losing)\n|raw|L4luck's rating: 1534 &rarr; <strong>1550<\/strong><br \/>(+16 for winning)\n|c|\u2606L4luck|gg\n|l|\u2606viinesmoke\n","uploadtime":1700081821,"views":18,"p1id":"viinesmoke","p2id":"l4luck","formatid":"gen9doublesou","rating":1456,"private":0,"password":""}