{"id":"gen9doublesou-1999881663","p1":"Calibudkillerx","p2":"FabioLunar","format":"[Gen 9] Doubles OU","log":"|j|\u2606Calibudkillerx\n|j|\u2606FabioLunar\n|t:|1701125877\n|gametype|doubles\n|player|p1|Calibudkillerx|youngster-gen4dp|1173\n|player|p2|FabioLunar|zinnia|1086\n|teamsize|p1|6\n|teamsize|p2|6\n|gen|9\n|tier|[Gen 9] Doubles OU\n|rated|\n|rule|Species Clause: Limit one of each Pok\u00e9mon\n|rule|OHKO Clause: OHKO moves are banned\n|rule|Evasion Moves Clause: Evasion moves are banned\n|rule|Gravity Sleep Clause: The combination of sleep-inducing moves with imperfect accuracy and Gravity or Gigantamax Orbeetle are banned\n|rule|Endless Battle Clause: Forcing endless battles is banned\n|rule|HP Percentage Mod: HP is shown in percentages\n|clearpoke\n|poke|p1|Haunter, M|\n|poke|p1|Tinkaton, F|\n|poke|p1|Goodra-Hisui, M|\n|poke|p1|Quaquaval, F|\n|poke|p1|Sinistcha|\n|poke|p1|Cinderace, M|\n|poke|p2|Uxie|\n|poke|p2|Oricorio-Pom-Pom, F|\n|poke|p2|Sylveon, F|\n|poke|p2|Grimmsnarl, M|\n|poke|p2|Indeedee-F, F|\n|poke|p2|Chi-Yu|\n|teampreview\n|inactive|Battle timer is ON: inactive players will automatically lose when time's up. (requested by Calibudkillerx)\n|\n|t:|1701125883\n|start\n|switch|p1a: Haunter|Haunter, M|100\/100\n|switch|p1b: Cinderace|Cinderace, M|100\/100\n|switch|p2a: Oricorio|Oricorio-Pom-Pom, F|100\/100\n|switch|p2b: Uxie|Uxie|100\/100\n|turn|1\n|\n|t:|1701125901\n|move|p1b: Cinderace|Pyro Ball|p2a: Oricorio\n|-crit|p2a: Oricorio\n|-enditem|p2a: Oricorio|Focus Sash\n|-damage|p2a: Oricorio|1\/100\n|move|p2b: Uxie|Skill Swap|p2a: Oricorio\n|-activate|p2b: Uxie|move: Skill Swap|||[of] p2a: Oricorio\n|move|p1a: Haunter|Nasty Plot|p1a: Haunter\n|-boost|p1a: Haunter|spa|2\n|move|p2a: Oricorio|Quiver Dance|p2a: Oricorio\n|-boost|p2a: Oricorio|spa|1\n|-boost|p2a: Oricorio|spd|1\n|-boost|p2a: Oricorio|spe|1\n|-activate|p2b: Uxie|ability: Dancer\n|move|p2b: Uxie|Quiver Dance|p2b: Uxie|[from]ability: Dancer\n|-boost|p2b: Uxie|spa|1\n|-boost|p2b: Uxie|spd|1\n|-boost|p2b: Uxie|spe|1\n|\n|upkeep\n|turn|2\n|\n|t:|1701125927\n|move|p1b: Cinderace|Sucker Punch|p2b: Uxie\n|-start|p1b: Cinderace|typechange|Dark|[from] ability: Libero\n|-supereffective|p2b: Uxie\n|-damage|p2b: Uxie|50\/100\n|move|p2b: Uxie|Stored Power|p1a: Haunter\n|-supereffective|p1a: Haunter\n|-damage|p1a: Haunter|0 fnt\n|faint|p1a: Haunter\n|move|p2a: Oricorio|Icy Wind|p1b: Cinderace\n|-damage|p1b: Cinderace|72\/100\n|-unboost|p1b: Cinderace|spe|1\n|\n|-heal|p2b: Uxie|56\/100|[from] item: Leftovers\n|upkeep\n|\n|t:|1701125942\n|switch|p1a: Tinkaton|Tinkaton, F|100\/100\n|turn|3\n|\n|t:|1701125953\n|move|p2a: Oricorio|Protect|p2a: Oricorio\n|-singleturn|p2a: Oricorio|Protect\n|move|p1b: Cinderace|Sucker Punch||[still]\n|-fail|p1b: Cinderace\n|move|p2b: Uxie|Draining Kiss|p1b: Cinderace\n|-supereffective|p1b: Cinderace\n|-damage|p1b: Cinderace|11\/100\n|-heal|p2b: Uxie|95\/100|[from] drain|[of] p1b: Cinderace\n|move|p1a: Tinkaton|Gigaton Hammer|p2b: Uxie\n|-damage|p2b: Uxie|47\/100\n|\n|-heal|p2b: Uxie|53\/100|[from] item: Leftovers\n|upkeep\n|turn|4\n|\n|t:|1701125969\n|move|p2b: Uxie|Protect|p2b: Uxie\n|-singleturn|p2b: Uxie|Protect\n|move|p1a: Tinkaton|Protect|p1a: Tinkaton\n|-singleturn|p1a: Tinkaton|Protect\n|move|p1b: Cinderace|Sucker Punch||[still]\n|-fail|p1b: Cinderace\n|move|p2a: Oricorio|Quiver Dance|p2a: Oricorio\n|-boost|p2a: Oricorio|spa|1\n|-boost|p2a: Oricorio|spd|1\n|-boost|p2a: Oricorio|spe|1\n|-activate|p2b: Uxie|ability: Dancer\n|move|p2b: Uxie|Quiver Dance|p2b: Uxie|[from]ability: Dancer\n|-boost|p2b: Uxie|spa|1\n|-boost|p2b: Uxie|spd|1\n|-boost|p2b: Uxie|spe|1\n|\n|-heal|p2b: Uxie|59\/100|[from] item: Leftovers\n|upkeep\n|turn|5\n|\n|t:|1701125991\n|move|p1b: Cinderace|Sucker Punch|p2b: Uxie\n|-supereffective|p2b: Uxie\n|-damage|p2b: Uxie|8\/100\n|move|p2b: Uxie|Draining Kiss|p1b: Cinderace\n|-supereffective|p1b: Cinderace\n|-damage|p1b: Cinderace|0 fnt\n|-heal|p2b: Uxie|14\/100|[from] drain|[of] p1b: Cinderace\n|faint|p1b: Cinderace\n|move|p2a: Oricorio|Quiver Dance|p2a: Oricorio\n|-boost|p2a: Oricorio|spa|1\n|-boost|p2a: Oricorio|spd|1\n|-boost|p2a: Oricorio|spe|1\n|-activate|p2b: Uxie|ability: Dancer\n|move|p2b: Uxie|Quiver Dance|p2b: Uxie|[from]ability: Dancer\n|-boost|p2b: Uxie|spa|1\n|-boost|p2b: Uxie|spd|1\n|-boost|p2b: Uxie|spe|1\n|move|p1a: Tinkaton|Gigaton Hammer|p2b: Uxie\n|-damage|p2b: Uxie|0 fnt\n|faint|p2b: Uxie\n|\n|upkeep\n|\n|t:|1701126013\n|switch|p1b: Sinistcha|Sinistcha|100\/100\n|switch|p2b: Sylveon|Sylveon, F|100\/100\n|turn|6\n|\n|t:|1701126039\n|move|p2a: Oricorio|Protect|p2a: Oricorio\n|-singleturn|p2a: Oricorio|Protect\n|move|p1b: Sinistcha|Protect|p1b: Sinistcha\n|-singleturn|p1b: Sinistcha|Protect\n|move|p1a: Tinkaton|Play Rough|p2a: Oricorio\n|-activate|p2a: Oricorio|move: Protect\n|move|p2b: Sylveon|Psych Up|p2a: Oricorio\n|-copyboost|p2b: Sylveon|p2a: Oricorio|[from] move: Psych Up\n|\n|upkeep\n|turn|7\n|\n|t:|1701126065\n|switch|p1b: Goodra|Goodra-Hisui, M, shiny|100\/100\n|-terastallize|p2b: Sylveon|Fairy\n|move|p2a: Oricorio|Revelation Dance|p1a: Tinkaton\n|-damage|p1a: Tinkaton|30\/100\n|move|p2b: Sylveon|Hyper Voice|p1a: Tinkaton|[spread] p1a,p1b\n|-resisted|p1a: Tinkaton\n|-damage|p1a: Tinkaton|0 fnt\n|-damage|p1b: Goodra|9\/100\n|faint|p1a: Tinkaton\n|-enditem|p2b: Sylveon|Throat Spray\n|-boost|p2b: Sylveon|spa|1|[from] item: Throat Spray\n|\n|-heal|p1b: Goodra|15\/100|[from] item: Leftovers\n|upkeep\n|\n|t:|1701126081\n|switch|p1a: Sinistcha|Sinistcha|100\/100\n|-heal|p1b: Goodra|40\/100|[from] ability: Hospitality|[of] p1a: Sinistcha\n|turn|8\n|\n|t:|1701126092\n|move|p2a: Oricorio|Protect|p2a: Oricorio\n|-singleturn|p2a: Oricorio|Protect\n|move|p2b: Sylveon|Hyper Voice|p1b: Goodra|[spread] p1a,p1b\n|-damage|p1a: Sinistcha|0 fnt\n|-damage|p1b: Goodra|0 fnt\n|faint|p1a: Sinistcha\n|faint|p1b: Goodra\n|\n|upkeep\n|\n|t:|1701126102\n|switch|p1b: Quaquaval|Quaquaval, F|100\/100\n|turn|9\n|c|\u2606FabioLunar|gg\n|\n|t:|1701126112\n|move|p2a: Oricorio|Revelation Dance|p1b: Quaquaval\n|-supereffective|p1b: Quaquaval\n|-damage|p1b: Quaquaval|0 fnt\n|faint|p1b: Quaquaval\n|\n|win|FabioLunar\n|raw|Calibudkillerx's rating: 1173 &rarr; <strong>1142<\/strong><br \/>(-31 for losing)\n|raw|FabioLunar's rating: 1086 &rarr; <strong>1120<\/strong><br \/>(+34 for winning)\n|l|\u2606Calibudkillerx\n","uploadtime":1701126121,"views":9,"p1id":"calibudkillerx","p2id":"fabiolunar","formatid":"gen9doublesou","rating":1120,"private":0,"password":""}