{"id":"gen9doublesou-1979343669","p1":"Gabri301","p2":"RaeMao","format":"[Gen 9] Doubles OU","log":"|j|\u2606Gabri301\n|j|\u2606RaeMao\n|t:|1698673407\n|gametype|doubles\n|player|p1|Gabri301|bugcatcher-gen4dp|1194\n|player|p2|RaeMao|n|1264\n|teamsize|p1|6\n|teamsize|p2|6\n|gen|9\n|tier|[Gen 9] Doubles OU\n|rated|\n|rule|Species Clause: Limit one of each Pok\u00e9mon\n|rule|OHKO Clause: OHKO moves are banned\n|rule|Evasion Moves Clause: Evasion moves are banned\n|rule|Gravity Sleep Clause: The combination of sleep-inducing moves with imperfect accuracy and Gravity or Gigantamax Orbeetle are banned\n|rule|Endless Battle Clause: Forcing endless battles is banned\n|rule|HP Percentage Mod: HP is shown in percentages\n|clearpoke\n|poke|p1|Clefairy, M|\n|poke|p1|Torterra, F|\n|poke|p1|Mudsdale, F|\n|poke|p1|Sinistcha-Masterpiece|\n|poke|p1|Grimmsnarl, M|\n|poke|p1|Skeledirge, F|\n|poke|p2|Tauros-Paldea-Blaze, M|\n|poke|p2|Flamigo, F|\n|poke|p2|Meowscarada, F|\n|poke|p2|Dragonite, F|\n|poke|p2|Flutter Mane|\n|poke|p2|Amoonguss, M|\n|teampreview\n|\n|t:|1698673433\n|start\n|switch|p1a: Clefairy|Clefairy, M|100\/100\n|switch|p1b: Skeledirge|Skeledirge, F|100\/100\n|switch|p2a: Dragonite|Dragonite, F|100\/100\n|switch|p2b: Tauros|Tauros-Paldea-Blaze, M|100\/100\n|turn|1\n|\n|t:|1698673453\n|switch|p2b: Amoonguss|Amoonguss, M|100\/100\n|move|p1a: Clefairy|Follow Me|p1a: Clefairy\n|-singleturn|p1a: Clefairy|move: Follow Me\n|move|p2a: Dragonite|Dragon Dance|p2a: Dragonite\n|-boost|p2a: Dragonite|atk|1\n|-boost|p2a: Dragonite|spe|1\n|move|p1b: Skeledirge|Torch Song|p2a: Dragonite\n|-resisted|p2a: Dragonite\n|-damage|p2a: Dragonite|93\/100\n|-boost|p1b: Skeledirge|spa|1\n|-enditem|p1b: Skeledirge|Throat Spray\n|-boost|p1b: Skeledirge|spa|1|[from] item: Throat Spray\n|\n|upkeep\n|turn|2\n|\n|t:|1698673470\n|move|p1a: Clefairy|Follow Me|p1a: Clefairy\n|-singleturn|p1a: Clefairy|move: Follow Me\n|move|p2a: Dragonite|Dragon Dance|p2a: Dragonite\n|-boost|p2a: Dragonite|atk|1\n|-boost|p2a: Dragonite|spe|1\n|move|p1b: Skeledirge|Heat Wave|p2b: Amoonguss|[spread] p2a,p2b\n|-resisted|p2a: Dragonite\n|-supereffective|p2b: Amoonguss\n|-damage|p2a: Dragonite|62\/100\n|-damage|p2b: Amoonguss|1\/100\n|-status|p2a: Dragonite|brn\n|move|p2b: Amoonguss|Spore|p1a: Clefairy\n|-status|p1a: Clefairy|slp|[from] move: Spore\n|\n|-heal|p2b: Amoonguss|7\/100|[from] item: Leftovers\n|-damage|p2a: Dragonite|56\/100 brn|[from] brn\n|upkeep\n|turn|3\n|\n|t:|1698673492\n|cant|p1a: Clefairy|slp\n|move|p2a: Dragonite|Dragon Dance|p2a: Dragonite\n|-boost|p2a: Dragonite|atk|1\n|-boost|p2a: Dragonite|spe|1\n|move|p1b: Skeledirge|Torch Song|p2b: Amoonguss\n|-supereffective|p2b: Amoonguss\n|-damage|p2b: Amoonguss|0 fnt\n|-boost|p1b: Skeledirge|spa|1\n|faint|p2b: Amoonguss\n|\n|-damage|p2a: Dragonite|50\/100 brn|[from] brn\n|upkeep\n|-enditem|p2a: Dragonite|Sitrus Berry|[eat]\n|-heal|p2a: Dragonite|74\/100 brn|[from] item: Sitrus Berry\n|\n|t:|1698673500\n|switch|p2b: Flamigo|Flamigo, F|100\/100\n|-copyboost|p2b: Flamigo|p2a: Dragonite|[from] ability: Costar\n|turn|4\n|\n|t:|1698673524\n|-terastallize|p2a: Dragonite|Normal\n|cant|p1a: Clefairy|slp\n|move|p2a: Dragonite|Extreme Speed|p1a: Clefairy\n|-damage|p1a: Clefairy|54\/100 slp\n|move|p2b: Flamigo|Liquidation|p1b: Skeledirge\n|-supereffective|p1b: Skeledirge\n|-damage|p1b: Skeledirge|65\/100\n|move|p1b: Skeledirge|Heat Wave|p2a: Dragonite|[spread] p2a,p2b\n|-damage|p2a: Dragonite|2\/100 brn\n|-damage|p2b: Flamigo|0 fnt\n|faint|p2b: Flamigo\n|\n|-damage|p2a: Dragonite|0 fnt|[from] brn\n|faint|p2a: Dragonite\n|upkeep\n|\n|t:|1698673540\n|switch|p2b: Tauros|Tauros-Paldea-Blaze, M|100\/100\n|switch|p2a: Meowscarada|Meowscarada, F|100\/100\n|turn|5\n|\n|t:|1698673553\n|-terastallize|p1b: Skeledirge|Fire\n|cant|p1a: Clefairy|slp\n|move|p2a: Meowscarada|Flower Trick|p2b: Tauros\n|-start|p2a: Meowscarada|typechange|Grass|[from] ability: Protean\n|-resisted|p2b: Tauros\n|-crit|p2b: Tauros\n|-damage|p2b: Tauros|73\/100\n|-setboost|p2b: Tauros|atk|6|[from] ability: Anger Point\n|move|p2b: Tauros|Flare Blitz|p1a: Clefairy\n|-damage|p1a: Clefairy|0 fnt\n|faint|p1a: Clefairy\n|-damage|p2b: Tauros|52\/100|[from] Recoil\n|move|p1b: Skeledirge|Shadow Ball|p2b: Tauros\n|-damage|p2b: Tauros|0 fnt\n|faint|p2b: Tauros\n|\n|upkeep\n|\n|t:|1698673571\n|switch|p2b: Flutter Mane|Flutter Mane|100\/100\n|switch|p1a: Sinistcha|Sinistcha-Masterpiece|100\/100\n|-heal|p1b: Skeledirge|90\/100|[from] ability: Hospitality|[of] p1a: Sinistcha\n|-enditem|p2b: Flutter Mane|Booster Energy\n|-activate|p2b: Flutter Mane|ability: Protosynthesis|[fromitem]\n|-start|p2b: Flutter Mane|protosynthesisspa\n|turn|6\n|-message|RaeMao forfeited.\n|\n|win|Gabri301\n|raw|Gabri301's rating: 1194 &rarr; <strong>1224<\/strong><br \/>(+30 for winning)\n|raw|RaeMao's rating: 1264 &rarr; <strong>1234<\/strong><br \/>(-30 for losing)\n|l|\u2606RaeMao\n","uploadtime":1698673584,"views":23,"p1id":"gabri301","p2id":"raemao","formatid":"gen9doublesou","rating":1224,"private":0,"password":""}