{"id":"gen9doublesou-1987464201","p1":"pyappa","p2":"MiseryCloudNoah","format":"[Gen 9] Doubles OU","log":"|j|\u2606pyappa\n|j|\u2606MiseryCloudNoah\n|t:|1699595726\n|gametype|doubles\n|player|p1|pyappa|1|1106\n|player|p2|MiseryCloudNoah|n|1051\n|teamsize|p1|6\n|teamsize|p2|6\n|gen|9\n|tier|[Gen 9] Doubles OU\n|rated|\n|rule|Species Clause: Limit one of each Pok\u00e9mon\n|rule|OHKO Clause: OHKO moves are banned\n|rule|Evasion Moves Clause: Evasion moves are banned\n|rule|Gravity Sleep Clause: The combination of sleep-inducing moves with imperfect accuracy and Gravity or Gigantamax Orbeetle are banned\n|rule|Endless Battle Clause: Forcing endless battles is banned\n|rule|HP Percentage Mod: HP is shown in percentages\n|clearpoke\n|poke|p1|Ursaluna, M|\n|poke|p1|Cresselia, F|\n|poke|p1|Hawlucha, F|\n|poke|p1|Fezandipiti, M|\n|poke|p1|Gholdengo|\n|poke|p1|Amoonguss, F|\n|poke|p2|Noctowl, F|\n|poke|p2|Okidogi, M|\n|poke|p2|Sandslash-Alola, F|\n|poke|p2|Talonflame, M|\n|poke|p2|Tsareena, F|\n|poke|p2|Glaceon, F|\n|teampreview\n|\n|t:|1699595747\n|start\n|switch|p1a: Ursaluna|Ursaluna, M|100\/100\n|switch|p1b: Fezandipiti|Fezandipiti, M|100\/100\n|switch|p2a: Glaceon|Glaceon, F, shiny|100\/100\n|switch|p2b: Talonflame|Talonflame, M, shiny|100\/100\n|-item|p1b: Fezandipiti|Air Balloon\n|turn|1\n|inactive|Battle timer is ON: inactive players will automatically lose when time's up. (requested by MiseryCloudNoah)\n|\n|t:|1699595759\n|move|p2b: Talonflame|Tailwind|p2b: Talonflame\n|-sidestart|p2: MiseryCloudNoah|move: Tailwind\n|move|p2a: Glaceon|Snowscape|p2a: Glaceon\n|-weather|Snow\n|move|p1b: Fezandipiti|Tailwind|p1b: Fezandipiti\n|-sidestart|p1: pyappa|move: Tailwind\n|move|p1a: Ursaluna|Rock Slide|p2b: Talonflame|[spread] p2a,p2b\n|-supereffective|p2a: Glaceon\n|-supereffective|p2b: Talonflame\n|-damage|p2a: Glaceon|66\/100\n|-damage|p2b: Talonflame|0 fnt\n|faint|p2b: Talonflame\n|\n|-weather|Snow|[upkeep]\n|-status|p1a: Ursaluna|brn|[from] item: Flame Orb\n|upkeep\n|\n|t:|1699595771\n|switch|p2b: Sandslash|Sandslash-Alola, F, shiny|100\/100\n|turn|2\n|\n|t:|1699595788\n|-terastallize|p2b: Sandslash|Ground\n|move|p2b: Sandslash|Ice Spinner|p1a: Ursaluna\n|-supereffective|p1a: Ursaluna\n|-crit|p1a: Ursaluna\n|-damage|p1a: Ursaluna|15\/100 brn\n|move|p1b: Fezandipiti|Poison Jab|p2a: Glaceon\n|-damage|p2a: Glaceon|44\/100\n|-status|p2a: Glaceon|psn\n|move|p2a: Glaceon|Freeze-Dry|p1a: Ursaluna\n|-supereffective|p1a: Ursaluna\n|-damage|p1a: Ursaluna|0 fnt\n|faint|p1a: Ursaluna\n|\n|-weather|Snow|[upkeep]\n|-damage|p2a: Glaceon|32\/100 psn|[from] psn\n|upkeep\n|inactive|pyappa has 120 seconds left.\n|\n|t:|1699595811\n|switch|p1a: Amoonguss|Amoonguss, F|100\/100\n|turn|3\n|inactive|pyappa has 120 seconds left.\n|inactive|MiseryCloudNoah has 120 seconds left.\n|inactive|MiseryCloudNoah has 90 seconds left.\n|\n|t:|1699595878\n|move|p2b: Sandslash|Iron Head|p1b: Fezandipiti\n|-supereffective|p1b: Fezandipiti\n|-damage|p1b: Fezandipiti|29\/100\n|-enditem|p1b: Fezandipiti|Air Balloon\n|cant|p1b: Fezandipiti|flinch\n|move|p2a: Glaceon|Freeze-Dry|p1b: Fezandipiti\n|-damage|p1b: Fezandipiti|0 fnt\n|faint|p1b: Fezandipiti\n|move|p1a: Amoonguss|Spore|p2b: Sandslash\n|-status|p2b: Sandslash|slp|[from] move: Spore\n|\n|-weather|Snow|[upkeep]\n|-damage|p2a: Glaceon|19\/100 psn|[from] psn\n|upkeep\n|inactive|pyappa has 120 seconds left.\n|\n|t:|1699595892\n|switch|p1b: Hawlucha|Hawlucha, F|100\/100\n|turn|4\n|\n|t:|1699595917\n|-terastallize|p1b: Hawlucha|Fighting\n|cant|p2b: Sandslash|slp\n|move|p1b: Hawlucha|Drain Punch|p2a: Glaceon\n|-supereffective|p2a: Glaceon\n|-damage|p2a: Glaceon|0 fnt\n|faint|p2a: Glaceon\n|move|p1a: Amoonguss|Giga Drain|p2b: Sandslash\n|-supereffective|p2b: Sandslash\n|-damage|p2b: Sandslash|40\/100 slp\n|\n|-weather|Snow|[upkeep]\n|-sideend|p1: pyappa|move: Tailwind\n|-sideend|p2: MiseryCloudNoah|move: Tailwind\n|upkeep\n|inactive|MiseryCloudNoah has 90 seconds left.\n|\n|t:|1699595928\n|switch|p2a: Okidogi|Okidogi, M|100\/100\n|turn|5\n|\n|t:|1699595937\n|-curestatus|p2b: Sandslash|slp|[msg]\n|move|p2b: Sandslash|Ice Spinner|p1b: Hawlucha\n|-damage|p1b: Hawlucha|44\/100\n|move|p1b: Hawlucha|Brave Bird|p2a: Okidogi\n|-supereffective|p2a: Okidogi\n|-damage|p2a: Okidogi|4\/100\n|-damage|p1b: Hawlucha|27\/100|[from] item: Rocky Helmet|[of] p2a: Okidogi\n|-damage|p1b: Hawlucha|0 fnt|[from] Recoil\n|faint|p1b: Hawlucha\n|move|p2a: Okidogi|Poison Fang|p1a: Amoonguss\n|-damage|p1a: Amoonguss|73\/100\n|move|p1a: Amoonguss|Giga Drain|p2b: Sandslash\n|-supereffective|p2b: Sandslash\n|-damage|p2b: Sandslash|0 fnt\n|-heal|p1a: Amoonguss|90\/100|[from] drain|[of] p2b: Sandslash\n|faint|p2b: Sandslash\n|\n|-weather|none\n|-heal|p1a: Amoonguss|96\/100|[from] item: Leftovers\n|upkeep\n|inactive|MiseryCloudNoah has 120 seconds left.\n|\n|t:|1699595960\n|switch|p1b: Cresselia|Cresselia, F|100\/100\n|switch|p2b: Noctowl|Noctowl, F, shiny|100\/100\n|turn|6\n|\n|t:|1699595976\n|move|p2a: Okidogi|Poison Fang|p1b: Cresselia\n|-damage|p1b: Cresselia|81\/100\n|-status|p1b: Cresselia|tox\n|move|p1b: Cresselia|Light Screen|p1b: Cresselia\n|-sidestart|p1: pyappa|move: Light Screen\n|move|p2b: Noctowl|Nasty Plot|p2b: Noctowl\n|-boost|p2b: Noctowl|spa|2\n|move|p1a: Amoonguss|Pollen Puff|p2a: Okidogi\n|-resisted|p2a: Okidogi\n|-damage|p2a: Okidogi|0 fnt\n|faint|p2a: Okidogi\n|\n|-heal|p1b: Cresselia|87\/100 tox|[from] item: Leftovers\n|-heal|p1a: Amoonguss|100\/100|[from] item: Leftovers\n|-damage|p1b: Cresselia|81\/100 tox|[from] psn\n|upkeep\n|inactive|MiseryCloudNoah has 120 seconds left.\n|\n|t:|1699595992\n|switch|p2a: Tsareena|Tsareena, F, shiny|100\/100\n|turn|7\n|\n|t:|1699596005\n|move|p2a: Tsareena|Acupressure|p2b: Noctowl\n|-boost|p2b: Noctowl|spa|2\n|move|p1b: Cresselia|Lunar Blessing|p1b: Cresselia|[spread] p1a,p1b\n|-heal|p1b: Cresselia|100\/100 tox\n|-curestatus|p1b: Cresselia|tox|[msg]\n|move|p2b: Noctowl|Heat Wave|p1b: Cresselia|[spread] p1a,p1b\n|-supereffective|p1a: Amoonguss\n|-crit|p1b: Cresselia\n|-damage|p1a: Amoonguss|29\/100\n|-damage|p1b: Cresselia|39\/100\n|-status|p1a: Amoonguss|brn\n|move|p1a: Amoonguss|Spore|p2b: Noctowl\n|-status|p2b: Noctowl|slp|[from] move: Spore\n|\n|-heal|p1b: Cresselia|45\/100|[from] item: Leftovers\n|-heal|p1a: Amoonguss|35\/100 brn|[from] item: Leftovers\n|-damage|p1a: Amoonguss|29\/100 brn|[from] brn\n|upkeep\n|turn|8\n|\n|t:|1699596032\n|move|p2a: Tsareena|Light Screen|p2a: Tsareena\n|-sidestart|p2: MiseryCloudNoah|move: Light Screen\n|move|p1b: Cresselia|Lunar Blessing|p1b: Cresselia|[spread] p1a,p1b\n|-heal|p1a: Amoonguss|54\/100 brn\n|-curestatus|p1a: Amoonguss|brn|[msg]\n|-heal|p1b: Cresselia|70\/100\n|cant|p2b: Noctowl|slp\n|move|p1a: Amoonguss|Pollen Puff|p2a: Tsareena\n|-supereffective|p2a: Tsareena\n|-damage|p2a: Tsareena|69\/100\n|\n|-heal|p1b: Cresselia|76\/100|[from] item: Leftovers\n|-heal|p1a: Amoonguss|60\/100|[from] item: Leftovers\n|upkeep\n|turn|9\n|\n|t:|1699596060\n|move|p2a: Tsareena|Acupressure|p2b: Noctowl\n|-boost|p2b: Noctowl|atk|2\n|move|p1b: Cresselia|Psychic|p2b: Noctowl\n|-damage|p2b: Noctowl|84\/100 slp\n|cant|p2b: Noctowl|slp\n|move|p1a: Amoonguss|Spore|p2a: Tsareena\n|-immune|p2a: Tsareena\n|\n|-heal|p1b: Cresselia|82\/100|[from] item: Leftovers\n|-heal|p1a: Amoonguss|66\/100|[from] item: Leftovers\n|upkeep\n|turn|10\n|\n|t:|1699596078\n|move|p2a: Tsareena|Acupressure|p2b: Noctowl\n|-boost|p2b: Noctowl|accuracy|2\n|move|p1b: Cresselia|Lunar Blessing|p1b: Cresselia|[spread] p1a,p1b\n|-heal|p1a: Amoonguss|91\/100\n|-heal|p1b: Cresselia|100\/100\n|-curestatus|p2b: Noctowl|slp|[msg]\n|move|p2b: Noctowl|Heat Wave|p1b: Cresselia|[spread] p1a,p1b\n|-supereffective|p1a: Amoonguss\n|-damage|p1a: Amoonguss|13\/100\n|-damage|p1b: Cresselia|75\/100\n|move|p1a: Amoonguss|Pollen Puff|p2a: Tsareena\n|-supereffective|p2a: Tsareena\n|-damage|p2a: Tsareena|39\/100\n|\n|-heal|p1b: Cresselia|81\/100|[from] item: Leftovers\n|-heal|p1a: Amoonguss|19\/100|[from] item: Leftovers\n|-sideend|p1: pyappa|move: Light Screen\n|upkeep\n|turn|11\n|\n|t:|1699596104\n|move|p2a: Tsareena|Acupressure|p2b: Noctowl\n|-boost|p2b: Noctowl|def|2\n|move|p1b: Cresselia|Psychic|p2a: Tsareena\n|-damage|p2a: Tsareena|16\/100\n|move|p2b: Noctowl|Heat Wave|p1b: Cresselia|[spread] p1a,p1b\n|-supereffective|p1a: Amoonguss\n|-crit|p1a: Amoonguss\n|-damage|p1a: Amoonguss|0 fnt\n|-damage|p1b: Cresselia|38\/100\n|faint|p1a: Amoonguss\n|\n|-heal|p1b: Cresselia|44\/100|[from] item: Leftovers\n|upkeep\n|inactive|pyappa has 120 seconds left.\n|\n|t:|1699596116\n|switch|p1a: Gholdengo|Gholdengo|100\/100\n|turn|12\n|\n|t:|1699596132\n|move|p2a: Tsareena|Acupressure|p2b: Noctowl\n|-boost|p2b: Noctowl|spa|2\n|move|p1a: Gholdengo|Thunderbolt|p2b: Noctowl\n|-supereffective|p2b: Noctowl\n|-damage|p2b: Noctowl|45\/100\n|move|p1b: Cresselia|Psychic|p2a: Tsareena\n|-damage|p2a: Tsareena|0 fnt\n|faint|p2a: Tsareena\n|move|p2b: Noctowl|Heat Wave|p1a: Gholdengo|[spread] p1a,p1b\n|-supereffective|p1a: Gholdengo\n|-damage|p1a: Gholdengo|0 fnt\n|-damage|p1b: Cresselia|0 fnt\n|faint|p1a: Gholdengo\n|faint|p1b: Cresselia\n|\n|win|MiseryCloudNoah\n|raw|pyappa's rating: 1106 &rarr; <strong>1077<\/strong><br \/>(-29 for losing)\n|raw|MiseryCloudNoah's rating: 1051 &rarr; <strong>1088<\/strong><br \/>(+37 for winning)\n|l|\u2606pyappa\n","uploadtime":1699596169,"views":22,"p1id":"pyappa","p2id":"miserycloudnoah","formatid":"gen9doublesou","rating":1077,"private":0,"password":""}