{"id":"gen9doublesou-1970706600","p1":"Ravvenn98","p2":"DonnyBoy766","format":"[Gen 9] Doubles OU","log":"|j|\u2606Ravvenn98\n|j|\u2606DonnyBoy766\n|t:|1697659860\n|gametype|doubles\n|player|p1|Ravvenn98|steven|1119\n|player|p2|DonnyBoy766|waiter-gen4|1051\n|teamsize|p1|6\n|teamsize|p2|6\n|gen|9\n|tier|[Gen 9] Doubles OU\n|rated|\n|rule|Species Clause: Limit one of each Pok\u00e9mon\n|rule|OHKO Clause: OHKO moves are banned\n|rule|Evasion Moves Clause: Evasion moves are banned\n|rule|Gravity Sleep Clause: The combination of sleep-inducing moves with imperfect accuracy and Gravity or Gigantamax Orbeetle are banned\n|rule|Endless Battle Clause: Forcing endless battles is banned\n|rule|HP Percentage Mod: HP is shown in percentages\n|clearpoke\n|poke|p1|Gholdengo|\n|poke|p1|Quagsire, M|\n|poke|p1|Dipplin, M|\n|poke|p1|Tornadus, M|\n|poke|p1|Chien-Pao|\n|poke|p1|Volcanion|\n|poke|p2|Pelipper, M|\n|poke|p2|Basculegion, M|\n|poke|p2|Thundurus-Therian, M|\n|poke|p2|Amoonguss, F|\n|poke|p2|Beartic, M|\n|poke|p2|Landorus-Therian, M|\n|teampreview\n|c|\u2606DonnyBoy766|I appreciate the use of dripplin lol\n|\n|t:|1697659888\n|start\n|switch|p1a: Quagsire|Quagsire, M|100\/100\n|switch|p1b: Tornadus|Tornadus, M|100\/100\n|switch|p2a: Funyun|Pelipper, M|100\/100\n|switch|p2b: Doritos|Thundurus-Therian, M, shiny|100\/100\n|-weather|RainDance|[from] ability: Drizzle|[of] p2a: Funyun\n|turn|1\n|c|\u2606Ravvenn98|Gotta try it out lol\n|\n|t:|1697659900\n|move|p1b: Tornadus|Swagger|p1a: Quagsire\n|-boost|p1a: Quagsire|atk|2\n|-start|p1a: Quagsire|confusion\n|-enditem|p1a: Quagsire|Lum Berry|[eat]\n|-end|p1a: Quagsire|confusion\n|move|p2b: Doritos|Wildbolt Storm|p1a: Quagsire|[spread] p1b\n|-immune|p1a: Quagsire\n|-supereffective|p1b: Tornadus\n|-damage|p1b: Tornadus|0 fnt\n|faint|p1b: Tornadus\n|move|p2a: Funyun|Tailwind|p2a: Funyun\n|-sidestart|p2: DonnyBoy766|move: Tailwind\n|move|p1a: Quagsire|Ice Punch|p2b: Doritos\n|-supereffective|p2b: Doritos\n|-damage|p2b: Doritos|0 fnt\n|faint|p2b: Doritos\n|\n|-weather|RainDance|[upkeep]\n|upkeep\n|\n|t:|1697659925\n|switch|p2b: Tostitos|Landorus-Therian, M|100\/100\n|switch|p1b: Gholdengo|Gholdengo|100\/100\n|-ability|p2b: Tostitos|Intimidate|boost\n|-unboost|p1a: Quagsire|atk|1\n|-unboost|p1b: Gholdengo|atk|1\n|turn|2\n|\n|t:|1697659949\n|-terastallize|p1b: Gholdengo|Flying\n|move|p2a: Funyun|Helping Hand|p2b: Tostitos\n|-singleturn|p2b: Tostitos|Helping Hand|[of] p2a: Funyun\n|move|p2b: Tostitos|Rock Slide|p1a: Quagsire|[spread] p1a,p1b\n|-resisted|p1a: Quagsire\n|-supereffective|p1b: Gholdengo\n|-damage|p1a: Quagsire|85\/100\n|-damage|p1b: Gholdengo|33\/100\n|move|p1b: Gholdengo|Nasty Plot|p1b: Gholdengo\n|-boost|p1b: Gholdengo|spa|2\n|move|p1a: Quagsire|Ice Punch|p2b: Tostitos\n|-supereffective|p2b: Tostitos\n|-crit|p2b: Tostitos\n|-damage|p2b: Tostitos|0 fnt\n|faint|p2b: Tostitos\n|\n|-weather|RainDance|[upkeep]\n|-heal|p1b: Gholdengo|39\/100|[from] item: Leftovers\n|upkeep\n|\n|t:|1697659971\n|switch|p2b: Ruffles|Amoonguss, F, shiny|100\/100\n|turn|3\n|\n|t:|1697659984\n|switch|p2a: Takis|Beartic, M, shiny|100\/100\n|move|p1b: Gholdengo|Tera Blast|p2b: Ruffles|[anim] Tera Blast Flying\n|-supereffective|p2b: Ruffles\n|-damage|p2b: Ruffles|0 fnt\n|faint|p2b: Ruffles\n|move|p1a: Quagsire|Earthquake|p2a: Takis|[spread] p2a\n|-immune|p1b: Gholdengo\n|-damage|p2a: Takis|36\/100\n|\n|-weather|RainDance|[upkeep]\n|-heal|p1b: Gholdengo|45\/100|[from] item: Leftovers\n|upkeep\n|\n|t:|1697659998\n|switch|p2b: Cheeto|Basculegion, M|100\/100\n|turn|4\n|\n|t:|1697660012\n|move|p2b: Cheeto|Last Respects|p1a: Quagsire\n|-damage|p1a: Quagsire|0 fnt\n|faint|p1a: Quagsire\n|-damage|p2b: Cheeto|91\/100|[from] item: Life Orb\n|move|p2a: Takis|Icicle Spear|p1b: Gholdengo\n|-supereffective|p1b: Gholdengo\n|-damage|p1b: Gholdengo|15\/100\n|-supereffective|p1b: Gholdengo\n|-damage|p1b: Gholdengo|0 fnt\n|faint|p1b: Gholdengo\n|-hitcount|p1: Gholdengo|2\n|\n|-weather|RainDance|[upkeep]\n|-sideend|p2: DonnyBoy766|move: Tailwind\n|upkeep\n|\n|t:|1697660035\n|switch|p1b: Volcanion|Volcanion|100\/100\n|switch|p1a: Chien-Pao|Chien-Pao|100\/100\n|-ability|p1a: Chien-Pao|Sword of Ruin\n|turn|5\n|\n|t:|1697660071\n|-terastallize|p2a: Takis|Fire\n|move|p2a: Takis|Protect|p2a: Takis\n|-singleturn|p2a: Takis|Protect\n|move|p1a: Chien-Pao|Sucker Punch|p2b: Cheeto\n|-supereffective|p2b: Cheeto\n|-damage|p2b: Cheeto|0 fnt\n|faint|p2b: Cheeto\n|move|p1b: Volcanion|Fire Blast|p2a: Takis\n|-activate|p2a: Takis|move: Protect\n|\n|-weather|none\n|upkeep\n|\n|t:|1697660083\n|switch|p2b: Funyun|Pelipper, M|100\/100\n|-weather|RainDance|[from] ability: Drizzle|[of] p2b: Funyun\n|turn|6\n|\n|t:|1697660100\n|move|p2a: Takis|Icicle Spear|p1a: Chien-Pao\n|-resisted|p1a: Chien-Pao\n|-damage|p1a: Chien-Pao|91\/100\n|-resisted|p1a: Chien-Pao\n|-damage|p1a: Chien-Pao|82\/100\n|-resisted|p1a: Chien-Pao\n|-damage|p1a: Chien-Pao|72\/100\n|-resisted|p1a: Chien-Pao\n|-damage|p1a: Chien-Pao|63\/100\n|-hitcount|p1a: Chien-Pao|4\n|move|p1a: Chien-Pao|Icicle Crash|p2b: Funyun\n|-damage|p2b: Funyun|23\/100\n|move|p2b: Funyun|Hurricane|p1b: Volcanion\n|-damage|p1b: Volcanion|49\/100\n|move|p1b: Volcanion|Weather Ball|p2a: Takis\n|-supereffective|p2a: Takis\n|-damage|p2a: Takis|0 fnt\n|faint|p2a: Takis\n|\n|-weather|RainDance|[upkeep]\n|upkeep\n|turn|7\n|\n|t:|1697660122\n|move|p1a: Chien-Pao|Sucker Punch|p2b: Funyun\n|-damage|p2b: Funyun|0 fnt\n|faint|p2b: Funyun\n|\n|win|Ravvenn98\n|raw|Ravvenn98's rating: 1119 &rarr; <strong>1139<\/strong><br \/>(+20 for winning)\n|raw|DonnyBoy766's rating: 1051 &rarr; <strong>1037<\/strong><br \/>(-14 for losing)\n|c|\u2606DonnyBoy766|gg\n|c|\u2606Ravvenn98|gg\n","uploadtime":1697660131,"views":19,"p1id":"ravvenn98","p2id":"donnyboy766","formatid":"gen9doublesou","rating":1037,"private":0,"password":""}