{"id":"gen9doublesou-1983382497","p1":"xHys","p2":"SMB","format":"[Gen 9] Doubles OU","log":"|j|\u2606xHys\n|j|\u2606SMB\n|t:|1699124273\n|gametype|doubles\n|player|p1|xHys|yellow|\n|player|p2|SMB|#dpl8ducks|\n|teamsize|p1|6\n|teamsize|p2|6\n|gen|9\n|tier|[Gen 9] Doubles OU\n|rule|Species Clause: Limit one of each Pok\u00e9mon\n|rule|OHKO Clause: OHKO moves are banned\n|rule|Evasion Moves Clause: Evasion moves are banned\n|rule|Gravity Sleep Clause: The combination of sleep-inducing moves with imperfect accuracy and Gravity or Gigantamax Orbeetle are banned\n|rule|Endless Battle Clause: Forcing endless battles is banned\n|rule|HP Percentage Mod: HP is shown in percentages\n|clearpoke\n|poke|p1|Tornadus, M|\n|poke|p1|Landorus-Therian, M|\n|poke|p1|Roaring Moon|\n|poke|p1|Flutter Mane|\n|poke|p1|Ogerpon-Wellspring, F|\n|poke|p1|Heatran, F|\n|poke|p2|Ogerpon-Wellspring, F|\n|poke|p2|Ursaluna, F|\n|poke|p2|Iron Hands|\n|poke|p2|Indeedee-F, F|\n|poke|p2|Flutter Mane|\n|poke|p2|Armarouge, F|\n|teampreview\n|c|\u2606SMB|glhf\n|j| a$ap regirock\n|c|\u2606xHys|u2\n|inactive|Battle timer is ON: inactive players will automatically lose when time's up. (requested by SMB)\n|j|+Arcticblast\n|j| Eragon11145\n|j| R4ye\n|j| juega persona\n|j|+ryo yamada2001\n|l| Eragon11145\n|j|@yuki \u266a\n|j| InkVG\n|j| smudgerox\n|j| Heerv\n|inactive|xHys has 270 seconds left.\n|l| smudgerox\n|j| Tenzai\n|inactive|xHys has 240 seconds left.\n|j| ratpacker\n|j| big pichu\n|\n|t:|1699124388\n|start\n|switch|p1a: Roaring Moon|Roaring Moon|100\/100\n|switch|p1b: Landorus|Landorus-Therian, M|100\/100\n|switch|p2a: Ogerpon|Ogerpon-Wellspring, F|100\/100\n|switch|p2b: Flutter Mane|Flutter Mane|100\/100\n|-ability|p1b: Landorus|Intimidate|boost\n|-unboost|p2a: Ogerpon|atk|1\n|-unboost|p2b: Flutter Mane|atk|1\n|turn|1\n|j|+daawesomedude1 (\n|l|+daawesomedude1 (\n|j|+Mizuhime\n|j| AIRedzone\n|l| InkVG\n|inactive|xHys has 270 seconds left.\n|inactive|SMB has 270 seconds left.\n|\n|t:|1699124420\n|switch|p1b: Heatran|Heatran, F|100\/100\n|-terastallize|p1a: Roaring Moon|Steel\n|move|p2a: Ogerpon|Follow Me|p2a: Ogerpon\n|-singleturn|p2a: Ogerpon|move: Follow Me\n|move|p1a: Roaring Moon|U-turn|p2a: Ogerpon\n|-supereffective|p2a: Ogerpon\n|-damage|p2a: Ogerpon|19\/100\n|j|+Frixel\n|inactive|xHys has 270 seconds left.\n|\n|t:|1699124433\n|-end|p1a: Roaring Moon|Protosynthesis|[silent]\n|switch|p1a: Tornadus|Tornadus, M|100\/100|[from] U-turn\n|move|p2b: Flutter Mane|Dazzling Gleam|p1a: Tornadus|[spread] p1a,p1b\n|-resisted|p1b: Heatran\n|-damage|p1a: Tornadus|48\/100\n|-damage|p1b: Heatran|90\/100\n|\n|upkeep\n|turn|2\n|inactive|xHys has 270 seconds left.\n|inactive|SMB has 270 seconds left.\n|\n|t:|1699124488\n|switch|p2a: Armarouge|Armarouge, F|100\/100\n|move|p1a: Tornadus|Tailwind|p1a: Tornadus\n|-sidestart|p1: xHys|move: Tailwind\n|move|p1b: Heatran|Heat Wave|p2b: Flutter Mane|[spread] p2b\n|-start|p2a: Armarouge|ability: Flash Fire\n|-damage|p2b: Flutter Mane|67\/100\n|move|p2b: Flutter Mane|Dazzling Gleam|p1b: Heatran|[spread] p1a,p1b\n|-resisted|p1b: Heatran\n|-damage|p1a: Tornadus|0 fnt\n|-damage|p1b: Heatran|81\/100\n|faint|p1a: Tornadus\n|\n|upkeep\n|l|+Frixel\n|\n|t:|1699124503\n|switch|p1a: Roaring Moon|Roaring Moon, tera:Steel|100\/100\n|turn|3\n|inactive|SMB has 270 seconds left.\n|inactive|xHys has 270 seconds left.\n|j|+Frixel\n|\n|t:|1699124516\n|-end|p2b: Flutter Mane|Protosynthesis|[silent]\n|switch|p2b: Ogerpon|Ogerpon-Wellspring, F|19\/100\n|move|p2a: Armarouge|Protect|p2a: Armarouge\n|-singleturn|p2a: Armarouge|Protect\n|move|p1a: Roaring Moon|Knock Off|p2a: Armarouge\n|-activate|p2a: Armarouge|move: Protect\n|move|p1b: Heatran|Earth Power|p2a: Armarouge\n|-activate|p2a: Armarouge|move: Protect\n|\n|upkeep\n|turn|4\n|j| Flying Beagle\n|inactive|SMB has 270 seconds left.\n|l| AIRedzone\n|inactive|xHys has 270 seconds left.\n|inactive|SMB has 240 seconds left.\n|j| Losconosciuto\n|\n|t:|1699124586\n|-end|p1a: Roaring Moon|Protosynthesis|[silent]\n|switch|p1a: Ogerpon|Ogerpon-Wellspring, F|100\/100\n|-terastallize|p2a: Armarouge|Psychic\n|move|p2b: Ogerpon|Follow Me|p2b: Ogerpon\n|-singleturn|p2b: Ogerpon|move: Follow Me\n|move|p1b: Heatran|Earth Power|p2b: Ogerpon\n|-resisted|p2b: Ogerpon\n|-damage|p2b: Ogerpon|2\/100\n|move|p2a: Armarouge|Trick Room|p2a: Armarouge\n|-fieldstart|move: Trick Room|[of] p2a: Armarouge\n|\n|upkeep\n|turn|5\n|j| frania \u2654\n|inactive|xHys has 270 seconds left.\n|\n|t:|1699124613\n|switch|p2b: Indeedee|Indeedee-F, F|100\/100\n|-fieldstart|move: Psychic Terrain|[from] ability: Psychic Surge|[of] p2b: Indeedee\n|move|p1b: Heatran|Protect|p1b: Heatran\n|-singleturn|p1b: Heatran|Protect\n|move|p1a: Ogerpon|Spiky Shield|p1a: Ogerpon\n|-singleturn|p1a: Ogerpon|move: Protect\n|move|p2a: Armarouge|Expanding Force|p1b: Heatran|[spread] \n|-activate|p1a: Ogerpon|move: Protect\n|-activate|p1b: Heatran|move: Protect\n|\n|-sideend|p1: xHys|move: Tailwind\n|upkeep\n|turn|6\n|inactive|SMB has 270 seconds left.\n|l|+Frixel\n|inactive|SMB has 240 seconds left.\n|\n|t:|1699124650\n|move|p2b: Indeedee|Follow Me|p2b: Indeedee\n|-singleturn|p2b: Indeedee|move: Follow Me\n|move|p2a: Armarouge|Expanding Force|p1b: Heatran|[spread] p1a,p1b\n|-resisted|p1b: Heatran\n|-damage|p1a: Ogerpon|0 fnt\n|-damage|p1b: Heatran|33\/100\n|faint|p1a: Ogerpon\n|move|p1b: Heatran|Flash Cannon|p2b: Indeedee\n|-damage|p2b: Indeedee|58\/100\n|\n|upkeep\n|j|+Frixel\n|inactive|xHys has 270 seconds left.\n|\n|t:|1699124669\n|switch|p1a: Flutter Mane|Flutter Mane|100\/100\n|-enditem|p1a: Flutter Mane|Booster Energy\n|-activate|p1a: Flutter Mane|ability: Protosynthesis|[fromitem]\n|-start|p1a: Flutter Mane|protosynthesisspe\n|turn|7\n|j| F3rrari450\n|inactive|SMB has 240 seconds left.\n|\n|t:|1699124718\n|move|p1b: Heatran|Protect|p1b: Heatran\n|-singleturn|p1b: Heatran|Protect\n|move|p1a: Flutter Mane|Protect|p1a: Flutter Mane\n|-singleturn|p1a: Flutter Mane|Protect\n|move|p2a: Armarouge|Expanding Force|p1a: Flutter Mane|[spread] \n|-activate|p1a: Flutter Mane|move: Protect\n|-activate|p1b: Heatran|move: Protect\n|move|p2b: Indeedee|Psychic|p1a: Flutter Mane\n|-activate|p1a: Flutter Mane|move: Protect\n|\n|upkeep\n|turn|8\n|inactive|xHys has 270 seconds left.\n|\n|t:|1699124754\n|-end|p1a: Flutter Mane|Protosynthesis|[silent]\n|switch|p1a: Roaring Moon|Roaring Moon, tera:Steel|100\/100\n|move|p2a: Armarouge|Expanding Force|p1b: Heatran|[spread] p1a,p1b\n|-resisted|p1a: Roaring Moon\n|-resisted|p1b: Heatran\n|-damage|p1a: Roaring Moon|55\/100\n|-damage|p1b: Heatran|0 fnt\n|faint|p1b: Heatran\n|move|p2b: Indeedee|Psychic|p1a: Roaring Moon\n|-resisted|p1a: Roaring Moon\n|-damage|p1a: Roaring Moon|37\/100\n|\n|-fieldend|move: Trick Room\n|upkeep\n|\n|t:|1699124760\n|switch|p1b: Flutter Mane|Flutter Mane|100\/100\n|turn|9\n|inactive|SMB has 270 seconds left.\n|inactive|xHys has 270 seconds left.\n|\n|t:|1699124786\n|move|p2b: Indeedee|Follow Me|p2b: Indeedee\n|-singleturn|p2b: Indeedee|move: Follow Me\n|move|p1b: Flutter Mane|Moonblast|p2b: Indeedee\n|-damage|p2b: Indeedee|12\/100\n|-enditem|p2b: Indeedee|Sitrus Berry|[eat]\n|-heal|p2b: Indeedee|37\/100|[from] item: Sitrus Berry\n|move|p1a: Roaring Moon|Knock Off|p2b: Indeedee\n|-supereffective|p2b: Indeedee\n|-damage|p2b: Indeedee|0 fnt\n|faint|p2b: Indeedee\n|move|p2a: Armarouge|Trick Room|p2a: Armarouge\n|-fieldstart|move: Trick Room|[of] p2a: Armarouge\n|\n|-fieldend|move: Psychic Terrain\n|upkeep\n|inactive|SMB has 240 seconds left.\n|l| Heerv\n|\n|t:|1699124815\n|switch|p2b: \ud83d\udc15|Ursaluna, F|100\/100\n|turn|10\n|j| Lemurro\n|inactive|SMB has 240 seconds left.\n|inactive|xHys has 270 seconds left.\n|\n|t:|1699124877\n|move|p2a: Armarouge|Protect|p2a: Armarouge\n|-singleturn|p2a: Armarouge|Protect\n|move|p1b: Flutter Mane|Protect|p1b: Flutter Mane\n|-singleturn|p1b: Flutter Mane|Protect\n|move|p2b: \ud83d\udc15|Headlong Rush|p1a: Roaring Moon\n|-supereffective|p1a: Roaring Moon\n|-crit|p1a: Roaring Moon\n|-damage|p1a: Roaring Moon|0 fnt\n|-unboost|p2b: \ud83d\udc15|def|1\n|-unboost|p2b: \ud83d\udc15|spd|1\n|faint|p1a: Roaring Moon\n|-end|p1a: Roaring Moon|Protosynthesis|[silent]\n|\n|-status|p2b: \ud83d\udc15|brn|[from] item: Flame Orb\n|upkeep\n|\n|t:|1699124882\n|switch|p1a: Landorus|Landorus-Therian, M|100\/100\n|-ability|p1a: Landorus|Intimidate|boost\n|-unboost|p2a: Armarouge|atk|1\n|-unboost|p2b: \ud83d\udc15|atk|1\n|turn|11\n|inactive|xHys has 270 seconds left.\n|inactive|SMB has 240 seconds left.\n|l| Losconosciuto\n|inactive|xHys has 240 seconds left.\n|inactive|SMB has 210 seconds left.\n|inactive|xHys has 210 seconds left.\n|\n|t:|1699124956\n|move|p2b: \ud83d\udc15|Headlong Rush|p1b: Flutter Mane\n|-damage|p1b: Flutter Mane|0 fnt\n|-unboost|p2b: \ud83d\udc15|def|1\n|-unboost|p2b: \ud83d\udc15|spd|1\n|faint|p1b: Flutter Mane\n|-end|p1b: Flutter Mane|Protosynthesis|[silent]\n|move|p2a: Armarouge|Armor Cannon|p1a: Landorus\n|-damage|p1a: Landorus|11\/100\n|-unboost|p2a: Armarouge|def|1\n|-unboost|p2a: Armarouge|spd|1\n|-enditem|p1a: Landorus|Sitrus Berry|[eat]\n|-heal|p1a: Landorus|36\/100|[from] item: Sitrus Berry\n|move|p1a: Landorus|U-turn|p2a: Armarouge\n|-supereffective|p2a: Armarouge\n|-damage|p2a: Armarouge|30\/100\n|\n|-damage|p2b: \ud83d\udc15|94\/100 brn|[from] brn\n|upkeep\n|turn|12\n|inactive|SMB has 210 seconds left.\n|c|\u2606xHys|gg\n|l| Lemurro\n|c|\u2606SMB|gg\n|l| a$ap regirock\n|\n|t:|1699124976\n|switch|p2b: Ogerpon|Ogerpon-Wellspring, F|2\/100\n|move|p2a: Armarouge|Armor Cannon|p1a: Landorus\n|-damage|p1a: Landorus|0 fnt\n|-unboost|p2a: Armarouge|def|1\n|-unboost|p2a: Armarouge|spd|1\n|faint|p1a: Landorus\n|\n|win|SMB\n|l|\u2606xHys\n","uploadtime":1699124990,"views":165,"p1id":"xhys","p2id":"smb","formatid":"gen9doublesou","rating":0,"private":0,"password":""}