{"id":"gen9doublesou-1991888678","p1":"ACM 06","p2":"OPieceOfHeroGhost","format":"[Gen 9] Doubles OU","log":"|j|\u2606ACM 06\n|j|\u2606OPieceOfHeroGhost\n|t:|1700134027\n|gametype|doubles\n|player|p1|ACM 06|veteran|1358\n|player|p2|OPieceOfHeroGhost|morty|1478\n|teamsize|p1|6\n|teamsize|p2|6\n|gen|9\n|tier|[Gen 9] Doubles OU\n|rated|\n|rule|Species Clause: Limit one of each Pok\u00e9mon\n|rule|OHKO Clause: OHKO moves are banned\n|rule|Evasion Moves Clause: Evasion moves are banned\n|rule|Gravity Sleep Clause: The combination of sleep-inducing moves with imperfect accuracy and Gravity or Gigantamax Orbeetle are banned\n|rule|Endless Battle Clause: Forcing endless battles is banned\n|rule|HP Percentage Mod: HP is shown in percentages\n|clearpoke\n|poke|p1|Ursaluna-Bloodmoon, M|\n|poke|p1|Armarouge, M|\n|poke|p1|Indeedee-F, F|\n|poke|p1|Torkoal, M|\n|poke|p1|Arcanine-Hisui, M|\n|poke|p1|Walking Wake|\n|poke|p2|Ting-Lu|\n|poke|p2|Cresselia, F|\n|poke|p2|Landorus-Therian, M|\n|poke|p2|Flutter Mane|\n|poke|p2|Iron Hands|\n|poke|p2|Sinistcha-Masterpiece|\n|teampreview\n|\n|t:|1700134037\n|start\n|switch|p1a: Armarouge|Armarouge, M|100\/100\n|switch|p1b: Indeedee|Indeedee-F, F|100\/100\n|switch|p2a: \u5a01\u5413No.2|Landorus-Therian, M|100\/100\n|switch|p2b: \u53d1\u59d0\u5929\u4e0b\u65e0\u654c|Flutter Mane|100\/100\n|-ability|p2a: \u5a01\u5413No.2|Intimidate|boost\n|-unboost|p1a: Armarouge|atk|1\n|-unboost|p1b: Indeedee|atk|1\n|-fieldstart|move: Psychic Terrain|[from] ability: Psychic Surge|[of] p1b: Indeedee\n|-enditem|p2b: \u53d1\u59d0\u5929\u4e0b\u65e0\u654c|Booster Energy\n|-activate|p2b: \u53d1\u59d0\u5929\u4e0b\u65e0\u654c|ability: Protosynthesis|[fromitem]\n|-start|p2b: \u53d1\u59d0\u5929\u4e0b\u65e0\u654c|protosynthesisspe\n|turn|1\n|inactive|Battle timer is ON: inactive players will automatically lose when time's up. (requested by ACM 06)\n|\n|t:|1700134055\n|move|p1b: Indeedee|Follow Me|p1b: Indeedee\n|-singleturn|p1b: Indeedee|move: Follow Me\n|move|p2b: \u53d1\u59d0\u5929\u4e0b\u65e0\u654c|Dazzling Gleam|p1b: Indeedee|[spread] p1a,p1b\n|-resisted|p1a: Armarouge\n|-damage|p1a: Armarouge|86\/100\n|-damage|p1b: Indeedee|74\/100\n|move|p2a: \u5a01\u5413No.2|U-turn|p1b: Indeedee\n|-supereffective|p1b: Indeedee\n|-damage|p1b: Indeedee|2\/100\n|\n|t:|1700134064\n|switch|p2a: \u5de7\u514b\u529b\u9762\u5305|Ting-Lu|100\/100|[from] U-turn\n|-ability|p2a: \u5de7\u514b\u529b\u9762\u5305|Vessel of Ruin\n|move|p1a: Armarouge|Trick Room|p1a: Armarouge\n|-fieldstart|move: Trick Room|[of] p1a: Armarouge\n|\n|-heal|p1a: Armarouge|92\/100|[from] item: Leftovers\n|upkeep\n|turn|2\n|\n|t:|1700134084\n|move|p2b: \u53d1\u59d0\u5929\u4e0b\u65e0\u654c|Protect|p2b: \u53d1\u59d0\u5929\u4e0b\u65e0\u654c\n|-singleturn|p2b: \u53d1\u59d0\u5929\u4e0b\u65e0\u654c|Protect\n|move|p1b: Indeedee|Follow Me|p1b: Indeedee\n|-singleturn|p1b: Indeedee|move: Follow Me\n|move|p2a: \u5de7\u514b\u529b\u9762\u5305|Earthquake|p1a: Armarouge|[spread] p1a,p1b\n|-activate|p2b: \u53d1\u59d0\u5929\u4e0b\u65e0\u654c|move: Protect\n|-supereffective|p1a: Armarouge\n|-damage|p1a: Armarouge|0 fnt\n|-damage|p1b: Indeedee|0 fnt\n|faint|p1a: Armarouge\n|faint|p1b: Indeedee\n|\n|upkeep\n|\n|t:|1700134095\n|switch|p1a: Ursaluna|Ursaluna-Bloodmoon, M|100\/100\n|switch|p1b: Torkoal|Torkoal, M|100\/100\n|-weather|SunnyDay|[from] ability: Drought|[of] p1b: Torkoal\n|turn|3\n|\n|t:|1700134105\n|-end|p2b: \u53d1\u59d0\u5929\u4e0b\u65e0\u654c|Protosynthesis|[silent]\n|switch|p2b: \u5a01\u5413No.2|Landorus-Therian, M|100\/100\n|-ability|p2b: \u5a01\u5413No.2|Intimidate|boost\n|-unboost|p1a: Ursaluna|atk|1\n|-unboost|p1b: Torkoal|atk|1\n|move|p1b: Torkoal|Eruption|p2a: \u5de7\u514b\u529b\u9762\u5305|[spread] p2a,p2b\n|-damage|p2a: \u5de7\u514b\u529b\u9762\u5305|60\/100\n|-damage|p2b: \u5a01\u5413No.2|37\/100\n|move|p2a: \u5de7\u514b\u529b\u9762\u5305|Earthquake|p1a: Ursaluna|[spread] p1a,p1b\n|-immune|p2b: \u5a01\u5413No.2\n|-supereffective|p1b: Torkoal\n|-damage|p1a: Ursaluna|64\/100\n|-damage|p1b: Torkoal|17\/100\n|move|p1a: Ursaluna|Blood Moon|p2a: \u5de7\u514b\u529b\u9762\u5305\n|-damage|p2a: \u5de7\u514b\u529b\u9762\u5305|16\/100\n|\n|-weather|SunnyDay|[upkeep]\n|-heal|p1b: Torkoal|23\/100|[from] item: Leftovers\n|upkeep\n|turn|4\n|inactive|ACM 06 has 120 seconds left.\n|inactive|OPieceOfHeroGhost has 120 seconds left.\n|\n|t:|1700134139\n|move|p1b: Torkoal|Eruption|p2a: \u5de7\u514b\u529b\u9762\u5305|[spread] p2a,p2b\n|-damage|p2a: \u5de7\u514b\u529b\u9762\u5305|8\/100\n|-damage|p2b: \u5a01\u5413No.2|21\/100\n|move|p2a: \u5de7\u514b\u529b\u9762\u5305|Earthquake|p1b: Torkoal|[spread] p1a,p1b\n|-immune|p2b: \u5a01\u5413No.2\n|-crit|p1a: Ursaluna\n|-supereffective|p1b: Torkoal\n|-damage|p1a: Ursaluna|10\/100\n|-damage|p1b: Torkoal|0 fnt\n|faint|p1b: Torkoal\n|move|p1a: Ursaluna|Hyper Voice|p2a: \u5de7\u514b\u529b\u9762\u5305|[spread] p2a,p2b\n|-damage|p2a: \u5de7\u514b\u529b\u9762\u5305|0 fnt\n|-damage|p2b: \u5a01\u5413No.2|0 fnt\n|faint|p2a: \u5de7\u514b\u529b\u9762\u5305\n|faint|p2b: \u5a01\u5413No.2\n|-enditem|p1a: Ursaluna|Throat Spray\n|-boost|p1a: Ursaluna|spa|1|[from] item: Throat Spray\n|\n|-weather|SunnyDay|[upkeep]\n|upkeep\n|\n|t:|1700134161\n|switch|p1b: Arcanine|Arcanine-Hisui, M|100\/100\n|switch|p2a: \u53d1\u59d0\u5929\u4e0b\u65e0\u654c|Flutter Mane|100\/100\n|switch|p2b: \u4f60\u62cd\u4e00\uff0c\u6211\u62cd\u4e8c\uff0c\u5438\u53d6\u62f3\u6765\u4e92\u76f8\u5438|Iron Hands|100\/100\n|-ability|p1b: Arcanine|Intimidate|boost\n|-unboost|p2a: \u53d1\u59d0\u5929\u4e0b\u65e0\u654c|atk|1\n|-unboost|p2b: \u4f60\u62cd\u4e00\uff0c\u6211\u62cd\u4e8c\uff0c\u5438\u53d6\u62f3\u6765\u4e92\u76f8\u5438|atk|1\n|-activate|p2a: \u53d1\u59d0\u5929\u4e0b\u65e0\u654c|ability: Protosynthesis\n|-start|p2a: \u53d1\u59d0\u5929\u4e0b\u65e0\u654c|protosynthesisspe\n|turn|5\n|\n|t:|1700134183\n|move|p2a: \u53d1\u59d0\u5929\u4e0b\u65e0\u654c|Protect|p2a: \u53d1\u59d0\u5929\u4e0b\u65e0\u654c\n|-singleturn|p2a: \u53d1\u59d0\u5929\u4e0b\u65e0\u654c|Protect\n|move|p2b: \u4f60\u62cd\u4e00\uff0c\u6211\u62cd\u4e8c\uff0c\u5438\u53d6\u62f3\u6765\u4e92\u76f8\u5438|Drain Punch|p1a: Ursaluna\n|-supereffective|p1a: Ursaluna\n|-damage|p1a: Ursaluna|0 fnt\n|faint|p1a: Ursaluna\n|move|p1b: Arcanine|Will-O-Wisp|p2b: \u4f60\u62cd\u4e00\uff0c\u6211\u62cd\u4e8c\uff0c\u5438\u53d6\u62f3\u6765\u4e92\u76f8\u5438\n|-status|p2b: \u4f60\u62cd\u4e00\uff0c\u6211\u62cd\u4e8c\uff0c\u5438\u53d6\u62f3\u6765\u4e92\u76f8\u5438|brn\n|\n|-weather|SunnyDay|[upkeep]\n|-damage|p2b: \u4f60\u62cd\u4e00\uff0c\u6211\u62cd\u4e8c\uff0c\u5438\u53d6\u62f3\u6765\u4e92\u76f8\u5438|94\/100 brn|[from] brn\n|-fieldend|move: Trick Room\n|upkeep\n|\n|t:|1700134193\n|switch|p1a: Walking Wake|Walking Wake|100\/100\n|-activate|p1a: Walking Wake|ability: Protosynthesis\n|-start|p1a: Walking Wake|protosynthesisspa\n|turn|6\n|\n|t:|1700134209\n|-terastallize|p2a: \u53d1\u59d0\u5929\u4e0b\u65e0\u654c|Fairy\n|-terastallize|p1a: Walking Wake|Water\n|move|p2a: \u53d1\u59d0\u5929\u4e0b\u65e0\u654c|Moonblast|p1a: Walking Wake\n|-damage|p1a: Walking Wake|31\/100\n|-unboost|p1a: Walking Wake|spa|1\n|move|p1a: Walking Wake|Hydro Steam|p2a: \u53d1\u59d0\u5929\u4e0b\u65e0\u654c\n|-damage|p2a: \u53d1\u59d0\u5929\u4e0b\u65e0\u654c|23\/100\n|move|p1b: Arcanine|Flare Blitz|p2b: \u4f60\u62cd\u4e00\uff0c\u6211\u62cd\u4e8c\uff0c\u5438\u53d6\u62f3\u6765\u4e92\u76f8\u5438\n|-damage|p2b: \u4f60\u62cd\u4e00\uff0c\u6211\u62cd\u4e8c\uff0c\u5438\u53d6\u62f3\u6765\u4e92\u76f8\u5438|28\/100 brn\n|-damage|p1b: Arcanine|74\/100|[from] Recoil\n|move|p2b: \u4f60\u62cd\u4e00\uff0c\u6211\u62cd\u4e8c\uff0c\u5438\u53d6\u62f3\u6765\u4e92\u76f8\u5438|Drain Punch|p1b: Arcanine\n|-supereffective|p1b: Arcanine\n|-damage|p1b: Arcanine|47\/100\n|-heal|p2b: \u4f60\u62cd\u4e00\uff0c\u6211\u62cd\u4e8c\uff0c\u5438\u53d6\u62f3\u6765\u4e92\u76f8\u5438|39\/100 brn|[from] drain|[of] p1b: Arcanine\n|\n|-weather|SunnyDay|[upkeep]\n|-heal|p1b: Arcanine|53\/100|[from] item: Leftovers\n|-damage|p2b: \u4f60\u62cd\u4e00\uff0c\u6211\u62cd\u4e8c\uff0c\u5438\u53d6\u62f3\u6765\u4e92\u76f8\u5438|33\/100 brn|[from] brn\n|upkeep\n|turn|7\n|\n|t:|1700134237\n|move|p2a: \u53d1\u59d0\u5929\u4e0b\u65e0\u654c|Moonblast|p1a: Walking Wake\n|-damage|p1a: Walking Wake|0 fnt\n|faint|p1a: Walking Wake\n|-end|p1a: Walking Wake|Protosynthesis|[silent]\n|move|p1b: Arcanine|Flare Blitz|p2a: \u53d1\u59d0\u5929\u4e0b\u65e0\u654c\n|-damage|p2a: \u53d1\u59d0\u5929\u4e0b\u65e0\u654c|0 fnt\n|faint|p2a: \u53d1\u59d0\u5929\u4e0b\u65e0\u654c\n|-end|p2a: \u53d1\u59d0\u5929\u4e0b\u65e0\u654c|Protosynthesis|[silent]\n|-damage|p1b: Arcanine|48\/100|[from] Recoil\n|move|p2b: \u4f60\u62cd\u4e00\uff0c\u6211\u62cd\u4e8c\uff0c\u5438\u53d6\u62f3\u6765\u4e92\u76f8\u5438|Drain Punch|p1b: Arcanine\n|-supereffective|p1b: Arcanine\n|-crit|p1b: Arcanine\n|-damage|p1b: Arcanine|0 fnt\n|-heal|p2b: \u4f60\u62cd\u4e00\uff0c\u6211\u62cd\u4e8c\uff0c\u5438\u53d6\u62f3\u6765\u4e92\u76f8\u5438|53\/100 brn|[from] drain|[of] p1b: Arcanine\n|faint|p1b: Arcanine\n|\n|win|OPieceOfHeroGhost\n|raw|ACM 06's rating: 1358 &rarr; <strong>1345<\/strong><br \/>(-13 for losing)\n|raw|OPieceOfHeroGhost's rating: 1478 &rarr; <strong>1491<\/strong><br \/>(+13 for winning)\n|l|\u2606ACM 06\n","uploadtime":1700134254,"views":12,"p1id":"acm06","p2id":"opieceofheroghost","formatid":"gen9doublesou","rating":1345,"private":0,"password":""}