{"id":"gen9doublesou-1986853026","p1":"DoerreKong","p2":"test 99 ou","format":"[Gen 9] Doubles OU","log":"|j|\u2606DoerreKong\n|j|\u2606test 99 ou\n|t:|1699534253\n|gametype|doubles\n|player|p1|DoerreKong|ltsurge|1673\n|player|p2|test 99 ou|lady|1647\n|teamsize|p1|6\n|teamsize|p2|6\n|gen|9\n|tier|[Gen 9] Doubles OU\n|rated|\n|rule|Species Clause: Limit one of each Pok\u00e9mon\n|rule|OHKO Clause: OHKO moves are banned\n|rule|Evasion Moves Clause: Evasion moves are banned\n|rule|Gravity Sleep Clause: The combination of sleep-inducing moves with imperfect accuracy and Gravity or Gigantamax Orbeetle are banned\n|rule|Endless Battle Clause: Forcing endless battles is banned\n|rule|HP Percentage Mod: HP is shown in percentages\n|clearpoke\n|poke|p1|Torkoal, M|\n|poke|p1|Cresselia, F|\n|poke|p1|Diancie|\n|poke|p1|Iron Hands|\n|poke|p1|Amoonguss, F|\n|poke|p1|Dragonite, F|\n|poke|p2|Tornadus, M|\n|poke|p2|Flutter Mane|\n|poke|p2|Landorus-Therian, M|\n|poke|p2|Chi-Yu|\n|poke|p2|Iron Hands|\n|poke|p2|Ursaluna-Bloodmoon, M|\n|teampreview\n|inactive|Battle timer is ON: inactive players will automatically lose when time's up. (requested by DoerreKong)\n|inactive|DoerreKong has 120 seconds left.\n|inactive|DoerreKong has 90 seconds left.\n|inactive|DoerreKong has 60 seconds left.\n|\n|t:|1699534361\n|start\n|switch|p1a: Iron Hands|Iron Hands|100\/100\n|switch|p1b: Diancie|Diancie|100\/100\n|switch|p2a: Iron Hands|Iron Hands|100\/100\n|switch|p2b: Ursaluna|Ursaluna-Bloodmoon, M|100\/100\n|turn|1\n|inactive|DoerreKong has 120 seconds left.\n|inactive|DoerreKong has 90 seconds left.\n|\n|t:|1699534418\n|move|p1b: Diancie|Protect|p1b: Diancie\n|-singleturn|p1b: Diancie|Protect\n|move|p2a: Iron Hands|Heavy Slam|p1b: Diancie\n|-activate|p1b: Diancie|move: Protect\n|move|p2b: Ursaluna|Blood Moon|p1b: Diancie\n|-activate|p1b: Diancie|move: Protect\n|move|p1a: Iron Hands|Iron Defense|p1a: Iron Hands\n|-boost|p1a: Iron Hands|def|2\n|\n|upkeep\n|turn|2\n|inactive|DoerreKong has 90 seconds left.\n|\n|t:|1699534449\n|switch|p1b: Cresselia|Cresselia, F|100\/100\n|-terastallize|p2b: Ursaluna|Fairy\n|move|p2a: Iron Hands|Close Combat|p1b: Cresselia\n|-resisted|p1b: Cresselia\n|-damage|p1b: Cresselia|78\/100\n|-unboost|p2a: Iron Hands|def|1\n|-unboost|p2a: Iron Hands|spd|1\n|move|p2b: Ursaluna|Earth Power|p1a: Iron Hands\n|-supereffective|p1a: Iron Hands\n|-damage|p1a: Iron Hands|23\/100\n|move|p1a: Iron Hands|Body Press|p2b: Ursaluna\n|-resisted|p2b: Ursaluna\n|-damage|p2b: Ursaluna|68\/100\n|\n|-heal|p1b: Cresselia|85\/100|[from] item: Leftovers\n|-heal|p1a: Iron Hands|29\/100|[from] item: Leftovers\n|upkeep\n|turn|3\n|inactive|DoerreKong has 90 seconds left.\n|\n|t:|1699534476\n|move|p2a: Iron Hands|Close Combat|p1a: Iron Hands\n|-damage|p1a: Iron Hands|11\/100\n|-unboost|p2a: Iron Hands|def|1\n|-unboost|p2a: Iron Hands|spd|1\n|move|p2b: Ursaluna|Blood Moon|p1b: Cresselia\n|-damage|p1b: Cresselia|38\/100\n|move|p1a: Iron Hands|Body Press|p2a: Iron Hands\n|-damage|p2a: Iron Hands|0 fnt\n|faint|p2a: Iron Hands\n|-end|p2a: Iron Hands|Quark Drive|[silent]\n|move|p1b: Cresselia|Trick Room|p1b: Cresselia\n|-fieldstart|move: Trick Room|[of] p1b: Cresselia\n|\n|-heal|p1a: Iron Hands|17\/100|[from] item: Leftovers\n|-heal|p1b: Cresselia|44\/100|[from] item: Leftovers\n|upkeep\n|inactive|test 99 ou has 120 seconds left.\n|\n|t:|1699534488\n|switch|p2a: Tornadus|Tornadus, M|100\/100\n|turn|4\n|\n|t:|1699534495\n|move|p2a: Tornadus|Protect|p2a: Tornadus\n|-singleturn|p2a: Tornadus|Protect\n|move|p2b: Ursaluna|Protect|p2b: Ursaluna\n|-singleturn|p2b: Ursaluna|Protect\n|move|p1a: Iron Hands|Thunder Punch|p2a: Tornadus\n|-activate|p2a: Tornadus|move: Protect\n|move|p1b: Cresselia|Calm Mind|p1b: Cresselia\n|-boost|p1b: Cresselia|spa|1\n|-boost|p1b: Cresselia|spd|1\n|\n|-heal|p1a: Iron Hands|24\/100|[from] item: Leftovers\n|-heal|p1b: Cresselia|50\/100|[from] item: Leftovers\n|upkeep\n|turn|5\n|\n|t:|1699534507\n|move|p2a: Tornadus|Taunt|p1b: Cresselia\n|-start|p1b: Cresselia|move: Taunt\n|move|p1a: Iron Hands|Thunder Punch|p2a: Tornadus\n|-supereffective|p2a: Tornadus\n|-damage|p2a: Tornadus|44\/100\n|cant|p1b: Cresselia|move: Taunt|Calm Mind\n|move|p2b: Ursaluna|Earth Power|p1a: Iron Hands\n|-supereffective|p1a: Iron Hands\n|-damage|p1a: Iron Hands|0 fnt\n|faint|p1a: Iron Hands\n|-end|p1a: Iron Hands|Quark Drive|[silent]\n|\n|-heal|p1b: Cresselia|57\/100|[from] item: Leftovers\n|upkeep\n|\n|t:|1699534513\n|switch|p1a: Torkoal|Torkoal, M|100\/100\n|-weather|SunnyDay|[from] ability: Drought|[of] p1a: Torkoal\n|turn|6\n|\n|t:|1699534520\n|move|p2a: Tornadus|Protect|p2a: Tornadus\n|-singleturn|p2a: Tornadus|Protect\n|move|p2b: Ursaluna|Protect|p2b: Ursaluna\n|-singleturn|p2b: Ursaluna|Protect\n|move|p1a: Torkoal|Eruption|p2b: Ursaluna|[spread] \n|-activate|p2a: Tornadus|move: Protect\n|-activate|p2b: Ursaluna|move: Protect\n|move|p1b: Cresselia|Stored Power|p2b: Ursaluna\n|-activate|p2b: Ursaluna|move: Protect\n|\n|-weather|SunnyDay|[upkeep]\n|-heal|p1b: Cresselia|63\/100|[from] item: Leftovers\n|upkeep\n|turn|7\n|\n|t:|1699534547\n|switch|p2b: Chi-Yu|Chi-Yu|100\/100\n|-ability|p2b: Chi-Yu|Beads of Ruin\n|move|p2a: Tornadus|Protect||[still]\n|-fail|p2a: Tornadus\n|move|p1a: Torkoal|Eruption|p2b: Chi-Yu|[spread] p2a,p2b\n|-resisted|p2b: Chi-Yu\n|-damage|p2a: Tornadus|0 fnt\n|-damage|p2b: Chi-Yu|58\/100\n|faint|p2a: Tornadus\n|move|p1b: Cresselia|Stored Power|p2b: Chi-Yu\n|-immune|p2b: Chi-Yu\n|\n|-weather|SunnyDay|[upkeep]\n|-heal|p1b: Cresselia|69\/100|[from] item: Leftovers\n|-end|p1b: Cresselia|move: Taunt\n|-fieldend|move: Trick Room\n|upkeep\n|inactive|test 99 ou has 120 seconds left.\n|\n|t:|1699534561\n|switch|p2a: Ursaluna|Ursaluna-Bloodmoon, M, tera:Fairy|68\/100\n|turn|8\n|\n|t:|1699534576\n|switch|p1a: Diancie|Diancie|100\/100\n|-terastallize|p1b: Cresselia|Normal\n|move|p2b: Chi-Yu|Snarl|p1a: Diancie|[spread] p1a,p1b\n|-resisted|p1a: Diancie\n|-damage|p1a: Diancie|83\/100\n|-damage|p1b: Cresselia|55\/100\n|-unboost|p1b: Cresselia|spa|1\n|move|p2a: Ursaluna|Blood Moon|p1b: Cresselia\n|-damage|p1b: Cresselia|8\/100\n|move|p1b: Cresselia|Trick Room|p1b: Cresselia\n|-fieldstart|move: Trick Room|[of] p1b: Cresselia\n|\n|-weather|SunnyDay|[upkeep]\n|-heal|p1b: Cresselia|14\/100|[from] item: Leftovers\n|upkeep\n|turn|9\n|\n|t:|1699534590\n|move|p2a: Ursaluna|Protect|p2a: Ursaluna\n|-singleturn|p2a: Ursaluna|Protect\n|move|p1a: Diancie|Diamond Storm|p2a: Ursaluna|[spread] p2b\n|-activate|p2a: Ursaluna|move: Protect\n|-supereffective|p2b: Chi-Yu\n|-damage|p2b: Chi-Yu|0 fnt\n|faint|p2b: Chi-Yu\n|move|p1b: Cresselia|Lunar Blessing|p1b: Cresselia|[spread] p1a,p1b\n|-heal|p1a: Diancie|100\/100\n|-heal|p1b: Cresselia|39\/100\n|\n|-weather|SunnyDay|[upkeep]\n|-heal|p1b: Cresselia|46\/100|[from] item: Leftovers\n|upkeep\n|\n|t:|1699534596\n|switch|p2b: Landorus|Landorus-Therian, M|100\/100\n|-ability|p2b: Landorus|Intimidate|boost\n|-fail|p1a: Diancie|unboost|[from] ability: Clear Body|[of] p1a: Diancie\n|-unboost|p1b: Cresselia|atk|1\n|turn|10\n|\n|t:|1699534607\n|move|p2b: Landorus|Protect|p2b: Landorus\n|-singleturn|p2b: Landorus|Protect\n|move|p1a: Diancie|Diamond Storm|p2b: Landorus|[spread] p2a\n|-activate|p2b: Landorus|move: Protect\n|-damage|p2a: Ursaluna|48\/100\n|-boost|p1a: Diancie|def|2\n|move|p1b: Cresselia|Calm Mind|p1b: Cresselia\n|-boost|p1b: Cresselia|spa|1\n|-boost|p1b: Cresselia|spd|1\n|move|p2a: Ursaluna|Blood Moon|p1b: Cresselia\n|-damage|p1b: Cresselia|20\/100\n|\n|-weather|none\n|-heal|p1b: Cresselia|26\/100|[from] item: Leftovers\n|upkeep\n|turn|11\n|\n|t:|1699534628\n|move|p2a: Ursaluna|Protect|p2a: Ursaluna\n|-singleturn|p2a: Ursaluna|Protect\n|move|p1a: Diancie|Diamond Storm|p2b: Landorus|[spread] p2b\n|-activate|p2a: Ursaluna|move: Protect\n|-damage|p2b: Landorus|74\/100\n|move|p1b: Cresselia|Calm Mind|p1b: Cresselia\n|-boost|p1b: Cresselia|spa|1\n|-boost|p1b: Cresselia|spd|1\n|move|p2b: Landorus|Stomping Tantrum|p1b: Cresselia\n|-immune|p1b: Cresselia|[from] ability: Levitate\n|\n|-heal|p1b: Cresselia|32\/100|[from] item: Leftovers\n|upkeep\n|turn|12\n|inactive|DoerreKong has 120 seconds left.\n|inactive|test 99 ou has 120 seconds left.\n|\n|t:|1699534671\n|move|p1a: Diancie|Diamond Storm|p2b: Landorus|[spread] p2a,p2b\n|-damage|p2a: Ursaluna|27\/100\n|-damage|p2b: Landorus|51\/100\n|move|p1b: Cresselia|Stored Power|p2b: Landorus\n|-damage|p2b: Landorus|0 fnt\n|faint|p2b: Landorus\n|move|p2a: Ursaluna|Blood Moon|p1b: Cresselia\n|-damage|p1b: Cresselia|12\/100\n|\n|-heal|p1b: Cresselia|18\/100|[from] item: Leftovers\n|-fieldend|move: Trick Room\n|upkeep\n|inactive|test 99 ou has 120 seconds left.\n|\n|t:|1699534677\n|switch|p2b: Flutter Mane|Flutter Mane|100\/100\n|-enditem|p2b: Flutter Mane|Booster Energy\n|-activate|p2b: Flutter Mane|ability: Protosynthesis|[fromitem]\n|-start|p2b: Flutter Mane|protosynthesisspa\n|turn|13\n|\n|t:|1699534689\n|move|p2b: Flutter Mane|Moonblast|p1b: Cresselia\n|-damage|p1b: Cresselia|4\/100\n|-unboost|p1b: Cresselia|spa|1\n|move|p2a: Ursaluna|Earth Power|p1a: Diancie\n|-supereffective|p1a: Diancie\n|-damage|p1a: Diancie|13\/100\n|-enditem|p1a: Diancie|Weakness Policy\n|-boost|p1a: Diancie|atk|2|[from] item: Weakness Policy\n|-boost|p1a: Diancie|spa|2|[from] item: Weakness Policy\n|move|p1b: Cresselia|Stored Power|p2a: Ursaluna\n|-damage|p2a: Ursaluna|0 fnt\n|faint|p2a: Ursaluna\n|move|p1a: Diancie|Trick Room|p1a: Diancie\n|-fieldstart|move: Trick Room|[of] p1a: Diancie\n|\n|-heal|p1b: Cresselia|11\/100|[from] item: Leftovers\n|upkeep\n|turn|14\n|\n|t:|1699534708\n|move|p1a: Diancie|Diamond Storm|p2b: Flutter Mane\n|-damage|p2b: Flutter Mane|0 fnt\n|-boost|p1a: Diancie|def|2\n|faint|p2b: Flutter Mane\n|-end|p2b: Flutter Mane|Protosynthesis|[silent]\n|\n|win|DoerreKong\n|raw|DoerreKong's rating: 1673 &rarr; <strong>1692<\/strong><br \/>(+19 for winning)\n|raw|test 99 ou's rating: 1647 &rarr; <strong>1628<\/strong><br \/>(-19 for losing)\n|l|\u2606test 99 ou\n","uploadtime":1699534713,"views":13,"p1id":"doerrekong","p2id":"test99ou","formatid":"gen9doublesou","rating":1628,"private":0,"password":""}