{"id":"gen9doublesou-1994307661","p1":"WellOfChina","p2":"AerBlaziken","format":"[Gen 9] Doubles OU","log":"|j|\u2606WellOfChina\n|j|\u2606AerBlaziken\n|t:|1700429408\n|gametype|doubles\n|player|p1|WellOfChina|sage|1333\n|player|p2|AerBlaziken|hexmaniac-gen6|1343\n|teamsize|p1|6\n|teamsize|p2|6\n|gen|9\n|tier|[Gen 9] Doubles OU\n|rated|\n|rule|Species Clause: Limit one of each Pok\u00e9mon\n|rule|OHKO Clause: OHKO moves are banned\n|rule|Evasion Moves Clause: Evasion moves are banned\n|rule|Gravity Sleep Clause: The combination of sleep-inducing moves with imperfect accuracy and Gravity or Gigantamax Orbeetle are banned\n|rule|Endless Battle Clause: Forcing endless battles is banned\n|rule|HP Percentage Mod: HP is shown in percentages\n|clearpoke\n|poke|p1|Regidrago|\n|poke|p1|Diancie|\n|poke|p1|Chien-Pao|\n|poke|p1|Hoopa-Unbound|\n|poke|p1|Farigiraf, F|\n|poke|p1|Gholdengo|\n|poke|p2|Magnezone|\n|poke|p2|Tinkaton, F|\n|poke|p2|Walking Wake|\n|poke|p2|Krookodile, M|\n|poke|p2|Ribombee, F|\n|poke|p2|Ceruledge, F|\n|teampreview\n|inactive|Battle timer is ON: inactive players will automatically lose when time's up. (requested by WellOfChina)\n|\n|t:|1700429424\n|start\n|switch|p1a: Diancie|Diancie, shiny|100\/100\n|switch|p1b: Chien-Pao|Chien-Pao|100\/100\n|switch|p2a: AC\/DC|Magnezone, shiny|100\/100\n|switch|p2b: #1 Hater|Tinkaton, F|100\/100\n|-ability|p1b: Chien-Pao|Sword of Ruin\n|-ability|p2b: #1 Hater|Mold Breaker\n|turn|1\n|inactive|WellOfChina has 120 seconds left.\n|\n|t:|1700429457\n|-terastallize|p1a: Diancie|Flying\n|move|p2b: #1 Hater|Fake Out|p1b: Chien-Pao\n|-damage|p1b: Chien-Pao|90\/100\n|cant|p1b: Chien-Pao|flinch\n|move|p2a: AC\/DC|Electroweb|p1b: Chien-Pao|[spread] p1a,p1b\n|-supereffective|p1a: Diancie\n|-damage|p1a: Diancie|75\/100\n|-damage|p1b: Chien-Pao|56\/100\n|-unboost|p1b: Chien-Pao|spe|1\n|move|p1a: Diancie|Body Press|p2a: AC\/DC\n|-supereffective|p2a: AC\/DC\n|-damage|p2a: AC\/DC|41\/100\n|\n|-heal|p2a: AC\/DC|47\/100|[from] item: Leftovers\n|upkeep\n|turn|2\n|\n|t:|1700429478\n|switch|p1a: Hoopa|Hoopa-Unbound|100\/100\n|move|p2b: #1 Hater|Stealth Rock|p1a: Hoopa\n|-sidestart|p1: WellOfChina|move: Stealth Rock\n|move|p1b: Chien-Pao|Brick Break|p2a: AC\/DC\n|-supereffective|p2a: AC\/DC\n|-damage|p2a: AC\/DC|0 fnt\n|faint|p2a: AC\/DC\n|\n|upkeep\n|inactive|AerBlaziken has 120 seconds left.\n|\n|t:|1700429500\n|switch|p2a: Charmy|Ribombee, F, shiny|100\/100\n|turn|3\n|\n|t:|1700429520\n|move|p2a: Charmy|Dazzling Gleam|p1b: Chien-Pao|[spread] p1a,p1b\n|-supereffective|p1a: Hoopa\n|-supereffective|p1b: Chien-Pao\n|-damage|p1a: Hoopa|66\/100\n|-damage|p1b: Chien-Pao|0 fnt\n|faint|p1b: Chien-Pao\n|move|p2b: #1 Hater|Thunder Wave|p1a: Hoopa\n|-status|p1a: Hoopa|par\n|move|p1a: Hoopa|Drain Punch|p2b: #1 Hater\n|-damage|p2b: #1 Hater|56\/100\n|-heal|p1a: Hoopa|91\/100 par|[from] drain|[of] p2b: #1 Hater\n|\n|upkeep\n|inactive|WellOfChina has 120 seconds left.\n|\n|t:|1700429542\n|switch|p1b: Diancie|Diancie, shiny, tera:Flying|75\/100\n|-damage|p1b: Diancie|50\/100|[from] Stealth Rock\n|-enditem|p1b: Diancie|Sitrus Berry|[eat]\n|-heal|p1b: Diancie|75\/100|[from] item: Sitrus Berry\n|turn|4\n|inactive|WellOfChina has 120 seconds left.\n|\n|t:|1700429568\n|switch|p2a: King K. Rool|Krookodile, M|100\/100\n|-ability|p2a: King K. Rool|Intimidate|boost\n|-unboost|p1a: Hoopa|atk|1\n|-fail|p1b: Diancie|unboost|[from] ability: Clear Body|[of] p1b: Diancie\n|switch|p1a: Farigiraf|Farigiraf, F|100\/100\n|-damage|p1a: Farigiraf|88\/100|[from] Stealth Rock\n|move|p2b: #1 Hater|Knock Off|p1a: Farigiraf\n|-supereffective|p1a: Farigiraf\n|-damage|p1a: Farigiraf|51\/100\n|-enditem|p1a: Farigiraf|Safety Goggles|[from] move: Knock Off|[of] p2b: #1 Hater\n|move|p1b: Diancie|Diamond Storm|p2b: #1 Hater|[spread] p2a,p2b\n|-resisted|p2a: King K. Rool\n|-resisted|p2b: #1 Hater\n|-crit|p2b: #1 Hater\n|-damage|p2a: King K. Rool|86\/100\n|-damage|p2b: #1 Hater|36\/100\n|\n|upkeep\n|turn|5\n|\n|t:|1700429594\n|move|p1a: Farigiraf|Protect|p1a: Farigiraf\n|-singleturn|p1a: Farigiraf|Protect\n|move|p2a: King K. Rool|Rock Slide|p1a: Farigiraf|[spread] \n|-activate|p1a: Farigiraf|move: Protect\n|-miss|p2a: King K. Rool|p1b: Diancie\n|move|p2b: #1 Hater|Knock Off|p1b: Diancie\n|-damage|p1b: Diancie|64\/100\n|move|p1b: Diancie|Trick Room|p1b: Diancie\n|-fieldstart|move: Trick Room|[of] p1b: Diancie\n|\n|upkeep\n|turn|6\n|\n|t:|1700429617\n|move|p1b: Diancie|Body Press|p2a: King K. Rool\n|-supereffective|p2a: King K. Rool\n|-damage|p2a: King K. Rool|23\/100\n|move|p1a: Farigiraf|Hyper Voice|p2b: #1 Hater|[spread] p2a,p2b\n|-resisted|p2b: #1 Hater\n|-damage|p2a: King K. Rool|0 fnt\n|-damage|p2b: #1 Hater|18\/100\n|faint|p2a: King K. Rool\n|move|p2b: #1 Hater|Thunder Wave|p1b: Diancie\n|-status|p1b: Diancie|par\n|\n|upkeep\n|inactive|AerBlaziken has 120 seconds left.\n|\n|t:|1700429647\n|switch|p2a: Evaptor|Walking Wake|100\/100\n|-enditem|p2a: Evaptor|Booster Energy\n|-activate|p2a: Evaptor|ability: Protosynthesis|[fromitem]\n|-start|p2a: Evaptor|protosynthesisspe\n|turn|7\n|\n|t:|1700429660\n|move|p2a: Evaptor|Protect|p2a: Evaptor\n|-singleturn|p2a: Evaptor|Protect\n|cant|p1b: Diancie|par\n|move|p1a: Farigiraf|Hyper Voice|p2a: Evaptor|[spread] p2b\n|-activate|p2a: Evaptor|move: Protect\n|-resisted|p2b: #1 Hater\n|-damage|p2b: #1 Hater|1\/100\n|move|p2b: #1 Hater|Thunder Wave|p1a: Farigiraf\n|-status|p1a: Farigiraf|par\n|\n|upkeep\n|turn|8\n|\n|t:|1700429682\n|cant|p1b: Diancie|par\n|move|p1a: Farigiraf|Hyper Voice|p2b: #1 Hater|[spread] p2a,p2b\n|-resisted|p2b: #1 Hater\n|-damage|p2a: Evaptor|61\/100\n|-damage|p2b: #1 Hater|0 fnt\n|faint|p2b: #1 Hater\n|move|p2a: Evaptor|Scald|p1b: Diancie\n|-damage|p1b: Diancie|37\/100 par\n|\n|upkeep\n|inactive|AerBlaziken has 120 seconds left.\n|\n|t:|1700429706\n|switch|p2b: Shez|Ceruledge, F|100\/100\n|turn|9\n|\n|t:|1700429725\n|-terastallize|p2b: Shez|Grass\n|move|p1b: Diancie|Diamond Storm|p2a: Evaptor|[spread] p2a,p2b\n|-damage|p2a: Evaptor|31\/100\n|-damage|p2b: Shez|72\/100\n|move|p1a: Farigiraf|Psyshock|p2b: Shez\n|-damage|p2b: Shez|31\/100\n|move|p2b: Shez|Bulk Up|p2b: Shez\n|-boost|p2b: Shez|atk|1\n|-boost|p2b: Shez|def|1\n|move|p2a: Evaptor|Dragon Pulse|p1a: Farigiraf\n|-damage|p1a: Farigiraf|8\/100 par\n|\n|-heal|p2b: Shez|37\/100|[from] item: Leftovers\n|-fieldend|move: Trick Room\n|upkeep\n|turn|10\n|\n|t:|1700429741\n|move|p2a: Evaptor|Scald|p1a: Farigiraf\n|-crit|p1a: Farigiraf\n|-damage|p1a: Farigiraf|0 fnt\n|faint|p1a: Farigiraf\n|move|p2b: Shez|Bitter Blade|p1b: Diancie\n|-damage|p1b: Diancie|0 fnt\n|-heal|p2b: Shez|53\/100|[from] drain|[of] p1b: Diancie\n|faint|p1b: Diancie\n|\n|-heal|p2b: Shez|59\/100|[from] item: Leftovers\n|upkeep\n|\n|t:|1700429756\n|switch|p1a: Regidrago|Regidrago|100\/100\n|switch|p1b: Gholdengo|Gholdengo|100\/100\n|-damage|p1b: Gholdengo|94\/100|[from] Stealth Rock\n|-damage|p1a: Regidrago|88\/100|[from] Stealth Rock\n|turn|11\n|\n|t:|1700429772\n|move|p2a: Evaptor|Dragon Pulse|p1a: Regidrago\n|-supereffective|p1a: Regidrago\n|-damage|p1a: Regidrago|3\/100\n|move|p2b: Shez|Bitter Blade|p1b: Gholdengo\n|-supereffective|p1b: Gholdengo\n|-damage|p1b: Gholdengo|0 fnt\n|-heal|p2b: Shez|100\/100|[from] drain|[of] p1b: Gholdengo\n|faint|p1b: Gholdengo\n|move|p1a: Regidrago|Dragon Energy|p2b: Shez|[spread] p2a,p2b\n|-supereffective|p2a: Evaptor\n|-damage|p2a: Evaptor|25\/100\n|-damage|p2b: Shez|98\/100\n|\n|-heal|p2b: Shez|100\/100|[from] item: Leftovers\n|upkeep\n|-message|WellOfChina forfeited.\n|\n|win|AerBlaziken\n|raw|WellOfChina's rating: 1333 &rarr; <strong>1314<\/strong><br \/>(-19 for losing)\n|raw|AerBlaziken's rating: 1343 &rarr; <strong>1362<\/strong><br \/>(+19 for winning)\n|l|\u2606WellOfChina\n","uploadtime":1700429789,"views":4,"p1id":"wellofchina","p2id":"aerblaziken","formatid":"gen9doublesou","rating":1314,"private":0,"password":""}