{"id":"gen9doublesou-1970053523","p1":"Zerokuroxy","p2":"Defense Wins","format":"[Gen 9] Doubles OU","log":"|j|\u2606Zerokuroxy\n|j|\u2606Defense Wins\n|t:|1697589353\n|gametype|doubles\n|player|p1|Zerokuroxy|gambler|1107\n|player|p2|Defense Wins|2|1109\n|teamsize|p1|6\n|teamsize|p2|6\n|gen|9\n|tier|[Gen 9] Doubles OU\n|rated|\n|rule|Species Clause: Limit one of each Pok\u00e9mon\n|rule|OHKO Clause: OHKO moves are banned\n|rule|Evasion Moves Clause: Evasion moves are banned\n|rule|Gravity Sleep Clause: The combination of sleep-inducing moves with imperfect accuracy and Gravity or Gigantamax Orbeetle are banned\n|rule|Endless Battle Clause: Forcing endless battles is banned\n|rule|HP Percentage Mod: HP is shown in percentages\n|clearpoke\n|poke|p1|Torkoal, F|\n|poke|p1|Indeedee-F, F|\n|poke|p1|Armarouge, F|\n|poke|p1|Ogerpon-Hearthflame, F|\n|poke|p1|Amoonguss, F|\n|poke|p1|Shiftry, F|\n|poke|p2|Clefable, F|\n|poke|p2|Volbeat, M|\n|poke|p2|Flutter Mane|\n|poke|p2|Greninja-*, M|\n|poke|p2|Walking Wake|\n|poke|p2|Pelipper, F|\n|teampreview\n|\n|t:|1697589392\n|start\n|switch|p1a: Armarouge|Armarouge, F|100\/100\n|switch|p1b: Shiftry|Shiftry, F|100\/100\n|switch|p2a: Walking Wake|Walking Wake|100\/100\n|switch|p2b: Pelipper|Pelipper, F|100\/100\n|-weather|RainDance|[from] ability: Drizzle|[of] p2b: Pelipper\n|-enditem|p2a: Walking Wake|Booster Energy\n|-activate|p2a: Walking Wake|ability: Protosynthesis|[fromitem]\n|-start|p2a: Walking Wake|protosynthesisspe\n|turn|1\n|inactive|Battle timer is ON: inactive players will automatically lose when time's up. (requested by Defense Wins)\n|\n|t:|1697589442\n|switch|p1b: Indeedee|Indeedee-F, F|100\/100\n|-fieldstart|move: Psychic Terrain|[from] ability: Psychic Surge|[of] p1b: Indeedee\n|move|p2a: Walking Wake|Hurricane|p1b: Indeedee\n|-crit|p1b: Indeedee\n|-damage|p1b: Indeedee|50\/100\n|move|p2b: Pelipper|Hydro Pump|p1a: Armarouge\n|-supereffective|p1a: Armarouge\n|-crit|p1a: Armarouge\n|-damage|p1a: Armarouge|0 fnt\n|faint|p1a: Armarouge\n|\n|-weather|RainDance|[upkeep]\n|-heal|p1b: Indeedee|56\/100|[from] item: Leftovers\n|upkeep\n|\n|t:|1697589460\n|switch|p1a: Torkoal|Torkoal, F|100\/100\n|-weather|SunnyDay|[from] ability: Drought|[of] p1a: Torkoal\n|turn|2\n|\n|t:|1697589470\n|switch|p1b: Shiftry|Shiftry, F|100\/100\n|move|p1a: Torkoal|Protect|p1a: Torkoal\n|-singleturn|p1a: Torkoal|Protect\n|move|p2b: Pelipper|Wide Guard|p2b: Pelipper\n|-singleturn|p2b: Pelipper|Wide Guard\n|move|p2a: Walking Wake|Surf|p1b: Shiftry|[spread] p1b\n|-activate|p2b: Pelipper|move: Wide Guard\n|-activate|p1a: Torkoal|move: Protect\n|-resisted|p1b: Shiftry\n|-damage|p1b: Shiftry|87\/100\n|\n|-weather|SunnyDay|[upkeep]\n|upkeep\n|turn|3\n|\n|t:|1697589496\n|switch|p1a: Amoonguss|Amoonguss, F|100\/100\n|move|p2b: Pelipper|Wide Guard|p2b: Pelipper\n|-singleturn|p2b: Pelipper|Wide Guard\n|move|p2a: Walking Wake|Hurricane|p1b: Shiftry|[miss]\n|-miss|p2a: Walking Wake|p1b: Shiftry\n|move|p1b: Shiftry|Solar Blade||[still]\n|-prepare|p1b: Shiftry|Solar Blade\n|-anim|p1b: Shiftry|Solar Blade|p2a: Walking Wake\n|-damage|p2a: Walking Wake|16\/100\n|-damage|p1b: Shiftry|77\/100|[from] item: Life Orb\n|\n|-weather|SunnyDay|[upkeep]\n|upkeep\n|turn|4\n|inactive|Zerokuroxy has 120 seconds left.\n|\n|t:|1697589529\n|-end|p2a: Walking Wake|Protosynthesis|[silent]\n|switch|p2a: Clefable|Clefable, F|100\/100\n|switch|p2b: Volbeat|Volbeat, M|100\/100\n|move|p1a: Amoonguss|Rage Powder|p1a: Amoonguss\n|-singleturn|p1a: Amoonguss|move: Rage Powder\n|move|p1b: Shiftry|Growth|p1b: Shiftry\n|-boost|p1b: Shiftry|atk|2\n|-boost|p1b: Shiftry|spa|2\n|\n|-weather|SunnyDay|[upkeep]\n|upkeep\n|turn|5\n|\n|t:|1697589547\n|move|p2a: Clefable|Follow Me|p2a: Clefable\n|-singleturn|p2a: Clefable|move: Follow Me\n|move|p1a: Amoonguss|Rage Powder|p1a: Amoonguss\n|-singleturn|p1a: Amoonguss|move: Rage Powder\n|move|p2b: Volbeat|Tail Glow|p2b: Volbeat\n|-boost|p2b: Volbeat|spa|3\n|move|p1b: Shiftry|Solar Blade||[still]\n|-prepare|p1b: Shiftry|Solar Blade\n|-anim|p1b: Shiftry|Solar Blade|p2a: Clefable\n|-damage|p2a: Clefable|0 fnt\n|faint|p2a: Clefable\n|-damage|p1b: Shiftry|67\/100|[from] item: Life Orb\n|\n|-weather|SunnyDay|[upkeep]\n|-fieldend|move: Psychic Terrain\n|upkeep\n|\n|t:|1697589560\n|switch|p2a: Greninja|Greninja, M|100\/100\n|turn|6\n|\n|t:|1697589569\n|switch|p2a: Pelipper|Pelipper, F|100\/100\n|-weather|RainDance|[from] ability: Drizzle|[of] p2a: Pelipper\n|move|p1a: Amoonguss|Rage Powder|p1a: Amoonguss\n|-singleturn|p1a: Amoonguss|move: Rage Powder\n|move|p2b: Volbeat|Baton Pass|p2b: Volbeat\n|\n|t:|1697589595\n|switch|p2b: Flutter Mane|Flutter Mane|100\/100|[from] Baton Pass\n|-enditem|p2b: Flutter Mane|Booster Energy\n|-activate|p2b: Flutter Mane|ability: Protosynthesis|[fromitem]\n|-start|p2b: Flutter Mane|protosynthesisspa\n|move|p1b: Shiftry|Solar Blade||[still]\n|-prepare|p1b: Shiftry|Solar Blade\n|\n|-weather|RainDance|[upkeep]\n|upkeep\n|turn|7\n|\n|t:|1697589607\n|switch|p1a: Torkoal|Torkoal, F|100\/100\n|-weather|SunnyDay|[from] ability: Drought|[of] p1a: Torkoal\n|move|p1b: Shiftry|Solar Blade|p2a: Pelipper|[from]lockedmove\n|-damage|p2a: Pelipper|0 fnt\n|faint|p2a: Pelipper\n|-damage|p1b: Shiftry|57\/100|[from] item: Life Orb\n|move|p2b: Flutter Mane|Dazzling Gleam|p1b: Shiftry|[spread] p1a,p1b\n|-resisted|p1a: Torkoal\n|-supereffective|p1b: Shiftry\n|-damage|p1a: Torkoal|28\/100\n|-damage|p1b: Shiftry|0 fnt\n|faint|p1b: Shiftry\n|\n|-weather|SunnyDay|[upkeep]\n|upkeep\n|\n|t:|1697589628\n|switch|p1b: Ogerpon|Ogerpon-Hearthflame, F|100\/100\n|switch|p2a: Volbeat|Volbeat, M|100\/100\n|-ability|p1b: Ogerpon|Mold Breaker\n|turn|8\n|\n|t:|1697589639\n|move|p1b: Ogerpon|Spiky Shield|p1b: Ogerpon\n|-singleturn|p1b: Ogerpon|move: Protect\n|move|p1a: Torkoal|Protect|p1a: Torkoal\n|-singleturn|p1a: Torkoal|Protect\n|move|p2a: Volbeat|Rain Dance|p2a: Volbeat\n|-weather|RainDance\n|move|p2b: Flutter Mane|Dazzling Gleam|p1b: Ogerpon|[spread] \n|-activate|p1a: Torkoal|move: Protect\n|-activate|p1b: Ogerpon|move: Protect\n|\n|-weather|RainDance|[upkeep]\n|upkeep\n|turn|9\n|\n|t:|1697589659\n|switch|p1b: Indeedee|Indeedee-F, F|56\/100\n|-fieldstart|move: Psychic Terrain|[from] ability: Psychic Surge|[of] p1b: Indeedee\n|switch|p1a: Amoonguss|Amoonguss, F|100\/100\n|move|p2a: Volbeat|Tail Glow|p2a: Volbeat\n|-boost|p2a: Volbeat|spa|3\n|move|p2b: Flutter Mane|Dazzling Gleam|p1b: Indeedee|[spread] p1a,p1b\n|-resisted|p1a: Amoonguss\n|-damage|p1a: Amoonguss|67\/100\n|-damage|p1b: Indeedee|0 fnt\n|faint|p1b: Indeedee\n|\n|-weather|RainDance|[upkeep]\n|-heal|p1a: Amoonguss|73\/100|[from] item: Black Sludge\n|upkeep\n|inactive|Zerokuroxy has 120 seconds left.\n|\n|t:|1697589676\n|switch|p1b: Torkoal|Torkoal, F|28\/100\n|-weather|SunnyDay|[from] ability: Drought|[of] p1b: Torkoal\n|turn|10\n|\n|t:|1697589684\n|move|p1a: Amoonguss|Rage Powder|p1a: Amoonguss\n|-singleturn|p1a: Amoonguss|move: Rage Powder\n|move|p2a: Volbeat|Baton Pass|p2a: Volbeat\n|\n|t:|1697589688\n|switch|p2a: Greninja|Greninja, M|100\/100|[from] Baton Pass\n|move|p2b: Flutter Mane|Dazzling Gleam|p1b: Torkoal|[spread] p1a,p1b\n|-resisted|p1a: Amoonguss\n|-resisted|p1b: Torkoal\n|-damage|p1a: Amoonguss|40\/100\n|-damage|p1b: Torkoal|0 fnt\n|faint|p1b: Torkoal\n|\n|-weather|SunnyDay|[upkeep]\n|-heal|p1a: Amoonguss|46\/100|[from] item: Black Sludge\n|upkeep\n|\n|t:|1697589700\n|switch|p1b: Ogerpon|Ogerpon-Hearthflame, F|100\/100\n|-ability|p1b: Ogerpon|Mold Breaker\n|turn|11\n|\n|t:|1697589719\n|-terastallize|p1b: Ogerpon|Fire\n|detailschange|p1b: Ogerpon|Ogerpon-Hearthflame-Tera, F, tera:Fire\n|-ability|p1b: Ogerpon|Embody Aspect (Hearthflame)|boost\n|-boost|p1b: Ogerpon|atk|1\n|move|p1a: Amoonguss|Rage Powder|p1a: Amoonguss\n|-singleturn|p1a: Amoonguss|move: Rage Powder\n|move|p2b: Flutter Mane|Dazzling Gleam|p1b: Ogerpon|[spread] p1a,p1b\n|-resisted|p1a: Amoonguss\n|-resisted|p1b: Ogerpon\n|-damage|p1a: Amoonguss|11\/100\n|-damage|p1b: Ogerpon|39\/100\n|move|p2a: Greninja|Icy Wind|p1a: Amoonguss|[spread] p1a,p1b\n|-supereffective|p1a: Amoonguss\n|-resisted|p1b: Ogerpon\n|-damage|p1a: Amoonguss|0 fnt\n|-damage|p1b: Ogerpon|22\/100\n|-unboost|p1b: Ogerpon|spe|1\n|faint|p1a: Amoonguss\n|-ability|p2a: Greninja|Battle Bond|boost\n|-boost|p2a: Greninja|atk|1\n|-boost|p2a: Greninja|spa|1\n|-boost|p2a: Greninja|spe|1\n|-activate|p2a: Greninja|ability: Battle Bond\n|move|p1b: Ogerpon|Ivy Cudgel|p2b: Flutter Mane\n|-damage|p2b: Flutter Mane|0 fnt\n|faint|p2b: Flutter Mane\n|-end|p2b: Flutter Mane|Protosynthesis|[silent]\n|\n|-weather|SunnyDay|[upkeep]\n|upkeep\n|inactive|Defense Wins has 120 seconds left.\n|\n|t:|1697589740\n|switch|p2b: Walking Wake|Walking Wake|16\/100\n|-activate|p2b: Walking Wake|ability: Protosynthesis\n|-start|p2b: Walking Wake|protosynthesisspe\n|turn|12\n|c|\u2606Defense Wins|gg\n|\n|t:|1697589751\n|move|p1b: Ogerpon|Spiky Shield|p1b: Ogerpon\n|-singleturn|p1b: Ogerpon|move: Protect\n|move|p2a: Greninja|Water Shuriken|p1b: Ogerpon\n|-activate|p1b: Ogerpon|move: Psychic Terrain\n|move|p2b: Walking Wake|Aqua Jet|p1b: Ogerpon\n|-activate|p1b: Ogerpon|move: Psychic Terrain\n|\n|-weather|SunnyDay|[upkeep]\n|upkeep\n|turn|13\n|\n|t:|1697589762\n|move|p2a: Greninja|Surf|p1b: Ogerpon|[spread] p2b,p1b\n|-resisted|p2b: Walking Wake\n|-supereffective|p1b: Ogerpon\n|-damage|p2b: Walking Wake|3\/100\n|-damage|p1b: Ogerpon|0 fnt\n|faint|p1b: Ogerpon\n|\n|win|Defense Wins\n|raw|Zerokuroxy's rating: 1107 &rarr; <strong>1082<\/strong><br \/>(-25 for losing)\n|raw|Defense Wins's rating: 1109 &rarr; <strong>1134<\/strong><br \/>(+25 for winning)\n|c|\u2606Zerokuroxy|gg\n","uploadtime":1697589773,"views":17,"p1id":"zerokuroxy","p2id":"defensewins","formatid":"gen9doublesou","rating":1082,"private":0,"password":""}