{"id":"gen9doublesou-1993116197","p1":"ELTranon","p2":"Kittyredheart","format":"[Gen 9] Doubles OU","log":"|j|\u2606ELTranon\n|j|\u2606Kittyredheart\n|t:|1700266661\n|gametype|doubles\n|player|p1|ELTranon|steven|1333\n|player|p2|Kittyredheart|elesa|1438\n|teamsize|p1|6\n|teamsize|p2|6\n|gen|9\n|tier|[Gen 9] Doubles OU\n|rated|\n|rule|Species Clause: Limit one of each Pok\u00e9mon\n|rule|OHKO Clause: OHKO moves are banned\n|rule|Evasion Moves Clause: Evasion moves are banned\n|rule|Gravity Sleep Clause: The combination of sleep-inducing moves with imperfect accuracy and Gravity or Gigantamax Orbeetle are banned\n|rule|Endless Battle Clause: Forcing endless battles is banned\n|rule|HP Percentage Mod: HP is shown in percentages\n|clearpoke\n|poke|p1|Grimmsnarl, M|\n|poke|p1|Flutter Mane|\n|poke|p1|Heatran, F|\n|poke|p1|Thundurus-Therian, M|\n|poke|p1|Charjabug, M|\n|poke|p1|Tornadus, M|\n|poke|p2|Milotic, F|\n|poke|p2|Grimmsnarl, M|\n|poke|p2|Jirachi|\n|poke|p2|Espathra, M|\n|poke|p2|Landorus-Therian, M|\n|poke|p2|Chien-Pao|\n|teampreview\n|inactive|Battle timer is ON: inactive players will automatically lose when time's up. (requested by Kittyredheart)\n|\n|t:|1700266670\n|start\n|switch|p1a: Tornadus|Tornadus, M|100\/100\n|switch|p1b: Flutter Mane|Flutter Mane|100\/100\n|switch|p2a: Chicky Wicky|Grimmsnarl, M, shiny|100\/100\n|switch|p2b: Iron Fangs|Chien-Pao|100\/100\n|-ability|p2b: Iron Fangs|Sword of Ruin\n|-enditem|p1b: Flutter Mane|Booster Energy\n|-activate|p1b: Flutter Mane|ability: Protosynthesis|[fromitem]\n|-start|p1b: Flutter Mane|protosynthesisspa\n|turn|1\n|\n|t:|1700266686\n|-terastallize|p1b: Flutter Mane|Fairy\n|move|p1a: Tornadus|Tailwind|p1a: Tornadus\n|-sidestart|p1: ELTranon|move: Tailwind\n|move|p2a: Chicky Wicky|Thunder Wave|p1b: Flutter Mane\n|-status|p1b: Flutter Mane|par\n|move|p1b: Flutter Mane|Dazzling Gleam|p2b: Iron Fangs|[spread] p2a,p2b\n|-supereffective|p2a: Chicky Wicky\n|-supereffective|p2b: Iron Fangs\n|-damage|p2a: Chicky Wicky|0 fnt\n|-damage|p2b: Iron Fangs|0 fnt\n|faint|p2a: Chicky Wicky\n|faint|p2b: Iron Fangs\n|\n|upkeep\n|\n|t:|1700266708\n|switch|p2b: Cloud Terra|Landorus-Therian, M|100\/100\n|switch|p2a: Iron Wish|Jirachi|100\/100\n|-ability|p2b: Cloud Terra|Intimidate|boost\n|-unboost|p1a: Tornadus|atk|1\n|-unboost|p1b: Flutter Mane|atk|1\n|turn|2\n|\n|t:|1700266721\n|switch|p1a: Charjabug|Charjabug, M|100\/100\n|move|p1b: Flutter Mane|Icy Wind|p2a: Iron Wish|[spread] p2a,p2b\n|-resisted|p2a: Iron Wish\n|-supereffective|p2b: Cloud Terra\n|-damage|p2a: Iron Wish|91\/100\n|-damage|p2b: Cloud Terra|0 fnt\n|-unboost|p2a: Iron Wish|spe|1\n|faint|p2b: Cloud Terra\n|move|p2a: Iron Wish|Cosmic Power|p2a: Iron Wish\n|-boost|p2a: Iron Wish|def|1\n|-boost|p2a: Iron Wish|spd|1\n|\n|-heal|p2a: Iron Wish|97\/100|[from] item: Leftovers\n|upkeep\n|\n|t:|1700266734\n|switch|p2b: Wig Snatcher|Espathra, M|100\/100\n|turn|3\n|\n|t:|1700266744\n|move|p2b: Wig Snatcher|Protect|p2b: Wig Snatcher\n|-singleturn|p2b: Wig Snatcher|Protect\n|move|p1b: Flutter Mane|Shadow Ball|p2a: Iron Wish\n|-supereffective|p2a: Iron Wish\n|-damage|p2a: Iron Wish|15\/100\n|move|p1a: Charjabug|Lunge|p2b: Wig Snatcher\n|-activate|p2b: Wig Snatcher|move: Protect\n|move|p2a: Iron Wish|Wish|p2a: Iron Wish\n|\n|-heal|p2a: Iron Wish|21\/100|[from] item: Leftovers\n|-ability|p2b: Wig Snatcher|Speed Boost|boost\n|-boost|p2b: Wig Snatcher|spe|1\n|upkeep\n|turn|4\n|\n|t:|1700266762\n|switch|p2b: Aqua Marine|Milotic, F|100\/100\n|-terastallize|p2a: Iron Wish|Dark\n|move|p1b: Flutter Mane|Shadow Ball|p2a: Iron Wish\n|-resisted|p2a: Iron Wish\n|-damage|p2a: Iron Wish|1\/100\n|move|p1a: Charjabug|Sticky Web|p2b: Aqua Marine\n|-sidestart|p2: Kittyredheart|move: Sticky Web\n|move|p2a: Iron Wish|Cosmic Power|p2a: Iron Wish\n|-boost|p2a: Iron Wish|def|1\n|-boost|p2a: Iron Wish|spd|1\n|\n|-heal|p2a: Iron Wish|51\/100|[from] move: Wish|[wisher] Iron Wish\n|-heal|p2a: Iron Wish|57\/100|[from] item: Leftovers\n|-sideend|p1: ELTranon|move: Tailwind\n|upkeep\n|turn|5\n|\n|t:|1700266785\n|move|p2b: Aqua Marine|Scald|p1a: Charjabug\n|-damage|p1a: Charjabug|79\/100\n|cant|p1b: Flutter Mane|par\n|move|p2a: Iron Wish|Wish|p2a: Iron Wish\n|move|p1a: Charjabug|Thunder Wave|p2b: Aqua Marine\n|-status|p2b: Aqua Marine|par\n|\n|-heal|p2a: Iron Wish|63\/100|[from] item: Leftovers\n|upkeep\n|turn|6\n|j| TheBiggestDork\n|l| TheBiggestDork\n|\n|t:|1700266800\n|switch|p2b: Wig Snatcher|Espathra, M|100\/100\n|-activate|p2b: Wig Snatcher|move: Sticky Web\n|-unboost|p2b: Wig Snatcher|spe|1\n|move|p1b: Flutter Mane|Dazzling Gleam|p2a: Iron Wish|[spread] p2a,p2b\n|-supereffective|p2a: Iron Wish\n|-damage|p2a: Iron Wish|5\/100\n|-damage|p2b: Wig Snatcher|4\/100\n|move|p2a: Iron Wish|Cosmic Power|p2a: Iron Wish\n|-boost|p2a: Iron Wish|def|1\n|-boost|p2a: Iron Wish|spd|1\n|move|p1a: Charjabug|Lunge|p2a: Iron Wish\n|-supereffective|p2a: Iron Wish\n|-damage|p2a: Iron Wish|0 fnt\n|faint|p2a: Iron Wish\n|\n|upkeep\n|\n|t:|1700266812\n|switch|p2a: Aqua Marine|Milotic, F|100\/100 par\n|-activate|p2a: Aqua Marine|move: Sticky Web\n|-unboost|p2a: Aqua Marine|spe|1\n|-ability|p2a: Aqua Marine|Competitive|boost\n|-boost|p2a: Aqua Marine|spa|2\n|turn|7\n|\n|t:|1700266825\n|move|p2b: Wig Snatcher|Protect|p2b: Wig Snatcher\n|-singleturn|p2b: Wig Snatcher|Protect\n|move|p1b: Flutter Mane|Shadow Ball|p2a: Aqua Marine\n|-damage|p2a: Aqua Marine|47\/100 par\n|move|p1a: Charjabug|Lunge|p2b: Wig Snatcher\n|-activate|p2b: Wig Snatcher|move: Protect\n|move|p2a: Aqua Marine|Scald|p1b: Flutter Mane\n|-damage|p1b: Flutter Mane|48\/100 par\n|\n|-ability|p2b: Wig Snatcher|Speed Boost|boost\n|-boost|p2b: Wig Snatcher|spe|1\n|upkeep\n|turn|8\n|\n|t:|1700266841\n|move|p2b: Wig Snatcher|Lumina Crash|p1b: Flutter Mane\n|-damage|p1b: Flutter Mane|10\/100 par\n|-unboost|p1b: Flutter Mane|spd|2\n|move|p1b: Flutter Mane|Dazzling Gleam|p2a: Aqua Marine|[spread] p2a,p2b\n|-damage|p2a: Aqua Marine|0 fnt\n|-damage|p2b: Wig Snatcher|0 fnt\n|faint|p2a: Aqua Marine\n|faint|p2b: Wig Snatcher\n|\n|win|ELTranon\n|raw|ELTranon's rating: 1333 &rarr; <strong>1359<\/strong><br \/>(+26 for winning)\n|raw|Kittyredheart's rating: 1438 &rarr; <strong>1412<\/strong><br \/>(-26 for losing)\n|l|\u2606Kittyredheart\n","uploadtime":1700266854,"views":7,"p1id":"eltranon","p2id":"kittyredheart","formatid":"gen9doublesou","rating":1359,"private":0,"password":""}