{"id":"gen9doublesou-2000003863","p1":"nahte","p2":"RLisanidiot","format":"[Gen 9] Doubles OU","log":"|j|\u2606nahte\n|j|\u2606RLisanidiot\n|t:|1701140012\n|gametype|doubles\n|player|p1|nahte|steven|1334\n|player|p2|RLisanidiot|unknownf|1268\n|teamsize|p1|6\n|teamsize|p2|6\n|gen|9\n|tier|[Gen 9] Doubles OU\n|rated|\n|rule|Species Clause: Limit one of each Pok\u00e9mon\n|rule|OHKO Clause: OHKO moves are banned\n|rule|Evasion Moves Clause: Evasion moves are banned\n|rule|Gravity Sleep Clause: The combination of sleep-inducing moves with imperfect accuracy and Gravity or Gigantamax Orbeetle are banned\n|rule|Endless Battle Clause: Forcing endless battles is banned\n|rule|HP Percentage Mod: HP is shown in percentages\n|clearpoke\n|poke|p1|Chi-Yu|\n|poke|p1|Regidrago|\n|poke|p1|Spectrier|\n|poke|p1|Sinistcha|\n|poke|p1|Ribombee, M|\n|poke|p1|Kleavor, F|\n|poke|p2|Ninetales-Alola, F|\n|poke|p2|Chien-Pao|\n|poke|p2|Flutter Mane|\n|poke|p2|Tornadus, M|\n|poke|p2|Pachirisu, M|\n|poke|p2|Landorus-Therian, M|\n|teampreview\n|inactive|Battle timer is ON: inactive players will automatically lose when time's up. (requested by RLisanidiot)\n|c|\u2606nahte|Good luck\n|\n|t:|1701140025\n|start\n|switch|p1a: Ribombee|Ribombee, M|100\/100\n|switch|p1b: Kleavor|Kleavor, F|100\/100\n|switch|p2a: Tornadus|Tornadus, M|100\/100\n|switch|p2b: Flutter Mane|Flutter Mane|100\/100\n|turn|1\n|\n|t:|1701140037\n|move|p2b: Flutter Mane|Moonblast|p1b: Kleavor\n|-damage|p1b: Kleavor|0 fnt\n|faint|p1b: Kleavor\n|move|p1a: Ribombee|Tailwind|p1a: Ribombee\n|-sidestart|p1: nahte|move: Tailwind\n|move|p2a: Tornadus|Bleakwind Storm|p1a: Ribombee|[miss]\n|-miss|p2a: Tornadus|p1a: Ribombee\n|\n|upkeep\n|c|\u2606nahte|wow, that killed? Surprised\n|\n|t:|1701140050\n|switch|p1b: Spectrier|Spectrier|100\/100\n|turn|2\n|\n|t:|1701140063\n|-end|p2b: Flutter Mane|Protosynthesis|[silent]\n|switch|p2b: Ninetales|Ninetales-Alola, F, shiny|100\/100\n|-weather|Snow|[from] ability: Snow Warning|[of] p2b: Ninetales\n|move|p1b: Spectrier|Protect|p1b: Spectrier\n|-singleturn|p1b: Spectrier|Protect\n|move|p2a: Tornadus|Taunt|p1a: Ribombee\n|-start|p1a: Ribombee|move: Taunt\n|move|p1a: Ribombee|Pounce|p2b: Ninetales\n|-resisted|p2b: Ninetales\n|-damage|p2b: Ninetales|96\/100\n|-unboost|p2b: Ninetales|spe|1\n|\n|-weather|Snow|[upkeep]\n|upkeep\n|turn|3\n|\n|t:|1701140076\n|switch|p1a: Sinistcha|Sinistcha|100\/100\n|move|p1b: Spectrier|Shadow Ball|p2b: Ninetales\n|-damage|p2b: Ninetales|42\/100\n|-damage|p1b: Spectrier|91\/100|[from] item: Life Orb\n|move|p2a: Tornadus|Bleakwind Storm|p1b: Spectrier|[spread] p1b\n|-miss|p2a: Tornadus|p1a: Sinistcha\n|-damage|p1b: Spectrier|54\/100\n|-unboost|p1b: Spectrier|spe|1\n|move|p2b: Ninetales|Aurora Veil|p2b: Ninetales\n|-sidestart|p2: RLisanidiot|move: Aurora Veil\n|\n|-weather|Snow|[upkeep]\n|upkeep\n|turn|4\n|\n|t:|1701140093\n|-terastallize|p1a: Sinistcha|Steel\n|move|p2a: Tornadus|Tailwind|p2a: Tornadus\n|-sidestart|p2: RLisanidiot|move: Tailwind\n|move|p1b: Spectrier|Shadow Ball|p2a: Tornadus\n|-damage|p2a: Tornadus|65\/100\n|-damage|p1b: Spectrier|44\/100|[from] item: Life Orb\n|move|p2b: Ninetales|Icy Wind|p1a: Sinistcha|[spread] p1a,p1b\n|-resisted|p1a: Sinistcha\n|-damage|p1a: Sinistcha|93\/100\n|-damage|p1b: Spectrier|30\/100\n|-unboost|p1a: Sinistcha|spe|1\n|-unboost|p1b: Spectrier|spe|1\n|move|p1a: Sinistcha|Nasty Plot|p1a: Sinistcha\n|-boost|p1a: Sinistcha|spa|2\n|\n|-weather|Snow|[upkeep]\n|-sideend|p1: nahte|move: Tailwind\n|upkeep\n|turn|5\n|\n|t:|1701140112\n|move|p2a: Tornadus|Bleakwind Storm|p1a: Sinistcha|[spread] p1a,p1b\n|-resisted|p1a: Sinistcha\n|-damage|p1a: Sinistcha|74\/100\n|-damage|p1b: Spectrier|0 fnt\n|faint|p1b: Spectrier\n|move|p2b: Ninetales|Confuse Ray|p1a: Sinistcha\n|-start|p1a: Sinistcha|confusion\n|-activate|p1a: Sinistcha|confusion\n|move|p1a: Sinistcha|Matcha Gotcha|p2b: Ninetales|[spread] p2a,p2b\n|-resisted|p2a: Tornadus\n|-crit|p2b: Ninetales\n|-damage|p2a: Tornadus|42\/100\n|-heal|p1a: Sinistcha|90\/100|[from] drain|[of] p2a: Tornadus\n|-damage|p2b: Ninetales|0 fnt\n|-heal|p1a: Sinistcha|100\/100|[from] drain|[of] p2b: Ninetales\n|faint|p2b: Ninetales\n|\n|-weather|Snow|[upkeep]\n|upkeep\n|\n|t:|1701140129\n|switch|p1b: Chi-Yu|Chi-Yu|100\/100\n|switch|p2b: Landorus|Landorus-Therian, M, shiny|100\/100\n|-ability|p2b: Landorus|Intimidate|boost\n|-unboost|p1a: Sinistcha|atk|1\n|-unboost|p1b: Chi-Yu|atk|1\n|-ability|p1b: Chi-Yu|Beads of Ruin\n|turn|6\n|\n|t:|1701140135\n|move|p2a: Tornadus|Rain Dance|p2a: Tornadus\n|-weather|RainDance\n|move|p2b: Landorus|Sandsear Storm|p1b: Chi-Yu|[spread] p1a,p1b\n|-supereffective|p1a: Sinistcha\n|-supereffective|p1b: Chi-Yu\n|-damage|p1a: Sinistcha|0 fnt\n|-damage|p1b: Chi-Yu|22\/100\n|faint|p1a: Sinistcha\n|move|p1b: Chi-Yu|Dark Pulse|p2a: Tornadus\n|-damage|p2a: Tornadus|0 fnt\n|faint|p2a: Tornadus\n|-damage|p1b: Chi-Yu|12\/100|[from] item: Life Orb\n|\n|-weather|RainDance|[upkeep]\n|upkeep\n|\n|t:|1701140147\n|switch|p2a: Flutter Mane|Flutter Mane|100\/100\n|switch|p1a: Ribombee|Ribombee, M|100\/100\n|turn|7\n|\n|t:|1701140152\n|move|p1b: Chi-Yu|Protect|p1b: Chi-Yu\n|-singleturn|p1b: Chi-Yu|Protect\n|move|p2a: Flutter Mane|Moonblast|p1a: Ribombee\n|-enditem|p1a: Ribombee|Focus Sash\n|-damage|p1a: Ribombee|1\/100\n|move|p2b: Landorus|Sandsear Storm|p1a: Ribombee|[spread] p1a\n|-activate|p1b: Chi-Yu|move: Protect\n|-resisted|p1a: Ribombee\n|-damage|p1a: Ribombee|0 fnt\n|faint|p1a: Ribombee\n|\n|-weather|RainDance|[upkeep]\n|-sideend|p2: RLisanidiot|move: Tailwind\n|upkeep\n|c|\u2606nahte|gg\n|c|\u2606nahte|I misplayed every turn I think...\n|-message|nahte forfeited.\n|\n|win|RLisanidiot\n|raw|nahte's rating: 1334 &rarr; <strong>1310<\/strong><br \/>(-24 for losing)\n|raw|RLisanidiot's rating: 1268 &rarr; <strong>1298<\/strong><br \/>(+30 for winning)\n|l|\u2606nahte\n","uploadtime":1701140169,"views":7,"p1id":"nahte","p2id":"rlisanidiot","formatid":"gen9doublesou","rating":1298,"private":0,"password":""}