{"id":"gen9doublesou-1995197928","p1":"A_bananajr","p2":"Meeewww615987","format":"[Gen 9] Doubles OU","log":"|j|\u203dA_bananajr\n|j|\u2606Meeewww615987\n|t:|1700533585\n|gametype|doubles\n|player|p1|A_bananajr|169|1087\n|player|p2|Meeewww615987|musician|1053\n|teamsize|p1|6\n|teamsize|p2|6\n|gen|9\n|tier|[Gen 9] Doubles OU\n|rated|\n|rule|Species Clause: Limit one of each Pok\u00e9mon\n|rule|OHKO Clause: OHKO moves are banned\n|rule|Evasion Moves Clause: Evasion moves are banned\n|rule|Gravity Sleep Clause: The combination of sleep-inducing moves with imperfect accuracy and Gravity or Gigantamax Orbeetle are banned\n|rule|Endless Battle Clause: Forcing endless battles is banned\n|rule|HP Percentage Mod: HP is shown in percentages\n|clearpoke\n|poke|p1|Oricorio-Pom-Pom, M|\n|poke|p1|Volcarona, F|\n|poke|p1|Maushold-Four|\n|poke|p1|Oranguru, F|\n|poke|p1|Bellibolt, M|\n|poke|p1|Volcanion|\n|poke|p2|Empoleon, M|\n|poke|p2|Ninetales-Alola, F|\n|poke|p2|Grimmsnarl, M|\n|poke|p2|Arcanine, M|\n|poke|p2|Gallade, M|\n|poke|p2|Rillaboom, F|\n|teampreview\n|\n|t:|1700533590\n|start\n|switch|p1a: Oricorio|Oricorio-Pom-Pom, M|100\/100\n|switch|p1b: Volcarona|Volcarona, F|100\/100\n|switch|p2a: Empoleon|Empoleon, M|100\/100\n|switch|p2b: Ninetales|Ninetales-Alola, F|100\/100\n|-weather|Snow|[from] ability: Snow Warning|[of] p2b: Ninetales\n|turn|1\n|\n|t:|1700533613\n|move|p2b: Ninetales|Aurora Veil|p2b: Ninetales\n|-sidestart|p2: Meeewww615987|move: Aurora Veil\n|move|p1b: Volcarona|Quiver Dance|p1b: Volcarona\n|-boost|p1b: Volcarona|spa|1\n|-boost|p1b: Volcarona|spd|1\n|-boost|p1b: Volcarona|spe|1\n|-activate|p1a: Oricorio|ability: Dancer\n|move|p1a: Oricorio|Quiver Dance|p1a: Oricorio|[from]ability: Dancer\n|-boost|p1a: Oricorio|spa|1\n|-boost|p1a: Oricorio|spd|1\n|-boost|p1a: Oricorio|spe|1\n|move|p1a: Oricorio|Quiver Dance|p1a: Oricorio\n|-boost|p1a: Oricorio|spa|1\n|-boost|p1a: Oricorio|spd|1\n|-boost|p1a: Oricorio|spe|1\n|move|p2a: Empoleon|Stealth Rock|p1b: Volcarona\n|-sidestart|p1: A_bananajr|move: Stealth Rock\n|\n|-weather|Snow|[upkeep]\n|upkeep\n|turn|2\n|\n|t:|1700533633\n|move|p1a: Oricorio|Quiver Dance|p1a: Oricorio\n|-boost|p1a: Oricorio|spa|1\n|-boost|p1a: Oricorio|spd|1\n|-boost|p1a: Oricorio|spe|1\n|move|p1b: Volcarona|Quiver Dance|p1b: Volcarona\n|-boost|p1b: Volcarona|spa|1\n|-boost|p1b: Volcarona|spd|1\n|-boost|p1b: Volcarona|spe|1\n|-activate|p1a: Oricorio|ability: Dancer\n|move|p1a: Oricorio|Quiver Dance|p1a: Oricorio|[from]ability: Dancer\n|-boost|p1a: Oricorio|spa|1\n|-boost|p1a: Oricorio|spd|1\n|-boost|p1a: Oricorio|spe|1\n|move|p2b: Ninetales|Blizzard|p1a: Oricorio|[spread] p1a,p1b\n|-supereffective|p1a: Oricorio\n|-resisted|p1b: Volcarona\n|-damage|p1a: Oricorio|73\/100\n|-damage|p1b: Volcarona|94\/100\n|-status|p1a: Oricorio|frz\n|move|p2a: Empoleon|Chilling Water|p1b: Volcarona\n|-supereffective|p1b: Volcarona\n|-damage|p1b: Volcarona|76\/100\n|-unboost|p1b: Volcarona|atk|1\n|\n|-weather|Snow|[upkeep]\n|-heal|p1a: Oricorio|80\/100 frz|[from] item: Leftovers\n|-heal|p1b: Volcarona|82\/100|[from] item: Leftovers\n|upkeep\n|turn|3\n|\n|t:|1700533662\n|-curestatus|p1a: Oricorio|frz|[msg]\n|move|p1a: Oricorio|Revelation Dance|p2b: Ninetales\n|-damage|p2b: Ninetales|4\/100\n|move|p1b: Volcarona|Fiery Dance|p2b: Ninetales\n|-supereffective|p2b: Ninetales\n|-damage|p2b: Ninetales|0 fnt\n|faint|p2b: Ninetales\n|-activate|p1a: Oricorio|ability: Dancer\n|move|p1a: Oricorio|Fiery Dance|p2a: Empoleon|[from]ability: Dancer\n|-damage|p2a: Empoleon|66\/100\n|-boost|p1a: Oricorio|spa|1\n|move|p2a: Empoleon|Icy Wind|p1a: Oricorio|[spread] p1a,p1b\n|-supereffective|p1a: Oricorio\n|-resisted|p1b: Volcarona\n|-damage|p1a: Oricorio|71\/100\n|-damage|p1b: Volcarona|80\/100\n|-unboost|p1a: Oricorio|spe|1\n|-unboost|p1b: Volcarona|spe|1\n|\n|-weather|Snow|[upkeep]\n|-heal|p1a: Oricorio|77\/100|[from] item: Leftovers\n|-heal|p1b: Volcarona|86\/100|[from] item: Leftovers\n|-heal|p2a: Empoleon|72\/100|[from] item: Leftovers\n|upkeep\n|\n|t:|1700533685\n|switch|p2b: Grimmsnarl|Grimmsnarl, M|100\/100\n|turn|4\n|\n|t:|1700533696\n|move|p2b: Grimmsnarl|Light Screen|p2b: Grimmsnarl\n|-sidestart|p2: Meeewww615987|move: Light Screen\n|move|p1a: Oricorio|Revelation Dance|p2a: Empoleon\n|-supereffective|p2a: Empoleon\n|-damage|p2a: Empoleon|0 fnt\n|faint|p2a: Empoleon\n|move|p1b: Volcarona|Fiery Dance|p2b: Grimmsnarl\n|-damage|p2b: Grimmsnarl|51\/100\n|-activate|p1a: Oricorio|ability: Dancer\n|move|p1a: Oricorio|Fiery Dance|p2b: Grimmsnarl|[from]ability: Dancer\n|-damage|p2b: Grimmsnarl|4\/100\n|\n|-weather|Snow|[upkeep]\n|-heal|p1a: Oricorio|83\/100|[from] item: Leftovers\n|-heal|p1b: Volcarona|92\/100|[from] item: Leftovers\n|-heal|p2b: Grimmsnarl|10\/100|[from] item: Leftovers\n|upkeep\n|\n|t:|1700533720\n|switch|p2a: Rillaboom|Rillaboom, F|100\/100\n|-fieldstart|move: Grassy Terrain|[from] ability: Grassy Surge|[of] p2a: Rillaboom\n|turn|5\n|\n|t:|1700533733\n|-terastallize|p2a: Rillaboom|Grass\n|move|p2a: Rillaboom|Grassy Glide|p1a: Oricorio\n|-resisted|p1a: Oricorio\n|-damage|p1a: Oricorio|38\/100\n|move|p2b: Grimmsnarl|Flatter|p1b: Volcarona\n|-boost|p1b: Volcarona|spa|1\n|-start|p1b: Volcarona|confusion\n|move|p1a: Oricorio|Revelation Dance|p2b: Grimmsnarl\n|-damage|p2b: Grimmsnarl|0 fnt\n|faint|p2b: Grimmsnarl\n|-activate|p1b: Volcarona|confusion\n|-damage|p1b: Volcarona|88\/100|[from] confusion\n|\n|-weather|none\n|-heal|p1a: Oricorio|44\/100|[from] item: Leftovers\n|-heal|p1b: Volcarona|94\/100|[from] Grassy Terrain\n|-heal|p1b: Volcarona|99\/100|[from] item: Leftovers\n|upkeep\n|\n|t:|1700533751\n|switch|p2b: Gallade|Gallade, M|100\/100\n|turn|6\n|\n|t:|1700533787\n|move|p2a: Rillaboom|Grassy Glide|p1a: Oricorio\n|-resisted|p1a: Oricorio\n|-damage|p1a: Oricorio|0 fnt\n|faint|p1a: Oricorio\n|-activate|p1b: Volcarona|confusion\n|-damage|p1b: Volcarona|96\/100|[from] confusion\n|move|p2b: Gallade|Psycho Cut|p1b: Volcarona\n|-damage|p1b: Volcarona|13\/100\n|-damage|p2b: Gallade|91\/100|[from] item: Life Orb\n|\n|-heal|p1b: Volcarona|19\/100|[from] Grassy Terrain\n|-heal|p1b: Volcarona|25\/100|[from] item: Leftovers\n|-heal|p2b: Gallade|97\/100|[from] Grassy Terrain\n|upkeep\n|\n|t:|1700533808\n|switch|p1a: Bellibolt|Bellibolt, M|100\/100\n|-damage|p1a: Bellibolt|88\/100|[from] Stealth Rock\n|turn|7\n|\n|t:|1700533818\n|-activate|p1b: Volcarona|confusion\n|move|p1b: Volcarona|Protect|p1b: Volcarona\n|-singleturn|p1b: Volcarona|Protect\n|move|p2a: Rillaboom|Grassy Glide|p1a: Bellibolt\n|-damage|p1a: Bellibolt|16\/100\n|-start|p1a: Bellibolt|Charge|Grassy Glide|[from] ability: Electromorphosis\n|move|p2b: Gallade|Psycho Cut|p1b: Volcarona\n|-activate|p1b: Volcarona|move: Protect\n|move|p1a: Bellibolt|Muddy Water|p2a: Rillaboom|[spread] p2a,p2b\n|-resisted|p2a: Rillaboom\n|-damage|p2a: Rillaboom|92\/100\n|-damage|p2b: Gallade|83\/100\n|\n|-heal|p1b: Volcarona|31\/100|[from] Grassy Terrain\n|-heal|p1b: Volcarona|37\/100|[from] item: Leftovers\n|-heal|p2a: Rillaboom|98\/100|[from] Grassy Terrain\n|-heal|p2b: Gallade|89\/100|[from] Grassy Terrain\n|-heal|p1a: Bellibolt|22\/100|[from] Grassy Terrain\n|-heal|p1a: Bellibolt|28\/100|[from] item: Leftovers\n|upkeep\n|turn|8\n|\n|t:|1700533843\n|move|p2a: Rillaboom|Grassy Glide|p1a: Bellibolt\n|-damage|p1a: Bellibolt|0 fnt\n|faint|p1a: Bellibolt\n|-end|p1b: Volcarona|confusion\n|move|p1b: Volcarona|Fiery Dance|p2a: Rillaboom\n|-supereffective|p2a: Rillaboom\n|-damage|p2a: Rillaboom|0 fnt\n|-boost|p1b: Volcarona|spa|1\n|faint|p2a: Rillaboom\n|move|p2b: Gallade|Psycho Cut|p1b: Volcarona\n|-damage|p1b: Volcarona|0 fnt\n|faint|p1b: Volcarona\n|-damage|p2b: Gallade|79\/100|[from] item: Life Orb\n|\n|-heal|p2b: Gallade|85\/100|[from] Grassy Terrain\n|-sideend|p2: Meeewww615987|move: Light Screen\n|-sideend|p2: Meeewww615987|move: Aurora Veil\n|upkeep\n|\n|t:|1700533863\n|switch|p2a: Arcanine|Arcanine, M|100\/100\n|switch|p1b: Oranguru|Oranguru, F|100\/100\n|switch|p1a: Maushold|Maushold-Four|100\/100\n|-damage|p1a: Maushold|88\/100|[from] Stealth Rock\n|-ability|p2a: Arcanine|Intimidate|boost\n|-unboost|p1a: Maushold|atk|1\n|-fail|p1b: Oranguru|unboost|Attack|[from] ability: Inner Focus|[of] p1b: Oranguru\n|-damage|p1b: Oranguru|88\/100|[from] Stealth Rock\n|turn|9\n|\n|t:|1700533898\n|move|p1a: Maushold|Population Bomb|p2a: Arcanine\n|-damage|p2a: Arcanine|94\/100\n|-damage|p2a: Arcanine|86\/100\n|-damage|p2a: Arcanine|80\/100\n|-damage|p2a: Arcanine|73\/100\n|-damage|p2a: Arcanine|66\/100\n|-damage|p2a: Arcanine|59\/100\n|-damage|p2a: Arcanine|52\/100\n|-damage|p2a: Arcanine|45\/100\n|-hitcount|p2a: Arcanine|8\n|move|p2a: Arcanine|Raging Fury|p1b: Oranguru\n|-damage|p1b: Oranguru|3\/100\n|move|p2b: Gallade|Drain Punch|p1a: Maushold\n|-supereffective|p1a: Maushold\n|-damage|p1a: Maushold|0 fnt\n|-heal|p2b: Gallade|100\/100|[from] drain|[of] p1a: Maushold\n|faint|p1a: Maushold\n|-damage|p2b: Gallade|91\/100|[from] item: Life Orb\n|move|p1b: Oranguru|Instruct|p1: Maushold|[notarget]\n|-fail|p1b: Oranguru\n|\n|-heal|p2a: Arcanine|52\/100|[from] Grassy Terrain\n|-heal|p2b: Gallade|97\/100|[from] Grassy Terrain\n|-heal|p1b: Oranguru|10\/100|[from] Grassy Terrain\n|-heal|p1b: Oranguru|16\/100|[from] item: Leftovers\n|-fieldend|move: Grassy Terrain\n|upkeep\n|\n|t:|1700533928\n|switch|p1a: Volcanion|Volcanion|100\/100\n|-damage|p1a: Volcanion|76\/100|[from] Stealth Rock\n|turn|10\n|c|\u2606Meeewww615987|I can\u2019t believe I might actually win this battle\n|\n|t:|1700533942\n|-terastallize|p1b: Oranguru|Normal\n|move|p2a: Arcanine|Raging Fury|p1b: Oranguru|[from]lockedmove\n|-damage|p1b: Oranguru|0 fnt\n|faint|p1b: Oranguru\n|move|p2b: Gallade|Psycho Cut|p1a: Volcanion\n|-damage|p1a: Volcanion|21\/100\n|-damage|p2b: Gallade|87\/100|[from] item: Life Orb\n|move|p1a: Volcanion|Body Press|p2b: Gallade\n|-resisted|p2b: Gallade\n|-damage|p2b: Gallade|50\/100\n|\n|upkeep\n|turn|11\n|\n|t:|1700533956\n|move|p2a: Arcanine|Raging Fury|p1a: Volcanion|[from]lockedmove\n|-resisted|p1a: Volcanion\n|-damage|p1a: Volcanion|6\/100\n|-start|p2a: Arcanine|confusion|[fatigue]\n|move|p2b: Gallade|Psycho Cut|p1a: Volcanion\n|-damage|p1a: Volcanion|0 fnt\n|faint|p1a: Volcanion\n|-damage|p2b: Gallade|40\/100|[from] item: Life Orb\n|\n|win|Meeewww615987\n|raw|A_bananajr's rating: 1087 &rarr; <strong>1062<\/strong><br \/>(-25 for losing)\n|raw|Meeewww615987's rating: 1053 &rarr; <strong>1088<\/strong><br \/>(+35 for winning)\n|l|\u203dA_bananajr\n","uploadtime":1700534615,"views":8,"p1id":"abananajr","p2id":"meeewww615987","formatid":"gen9doublesou","rating":1062,"private":0,"password":""}