{"id":"gen9doublesou-1977603509","p1":"Hzty","p2":"yisuspty","format":"[Gen 9] Doubles OU","log":"|j|\u2606Hzty\n|j|\u2606yisuspty\n|t:|1698431046\n|gametype|doubles\n|player|p1|Hzty|265|1318\n|player|p2|yisuspty|n|1384\n|teamsize|p1|6\n|teamsize|p2|6\n|gen|9\n|tier|[Gen 9] Doubles OU\n|rated|\n|rule|Species Clause: Limit one of each Pok\u00e9mon\n|rule|OHKO Clause: OHKO moves are banned\n|rule|Evasion Moves Clause: Evasion moves are banned\n|rule|Gravity Sleep Clause: The combination of sleep-inducing moves with imperfect accuracy and Gravity or Gigantamax Orbeetle are banned\n|rule|Endless Battle Clause: Forcing endless battles is banned\n|rule|HP Percentage Mod: HP is shown in percentages\n|clearpoke\n|poke|p1|Iron Hands|\n|poke|p1|Sinistcha|\n|poke|p1|Ursaluna-Bloodmoon, M|\n|poke|p1|Landorus-Therian, M|\n|poke|p1|Grimmsnarl, M|\n|poke|p1|Zapdos|\n|poke|p2|Basculegion-F, F|\n|poke|p2|Torkoal, F|\n|poke|p2|Armarouge, M|\n|poke|p2|Iron Bundle|\n|poke|p2|Indeedee-F, F|\n|poke|p2|Chien-Pao|\n|teampreview\n|inactive|Battle timer is ON: inactive players will automatically lose when time's up. (requested by yisuspty)\n|\n|t:|1698431084\n|start\n|switch|p1a: Zapdos|Zapdos|100\/100\n|switch|p1b: Grimmsnarl|Grimmsnarl, M|100\/100\n|switch|p2a: Iron Bundle|Iron Bundle|100\/100\n|switch|p2b: Chien-Pao|Chien-Pao|100\/100\n|-ability|p2b: Chien-Pao|Sword of Ruin\n|turn|1\n|inactive|yisuspty has 120 seconds left.\n|\n|t:|1698431114\n|-end|p2a: Iron Bundle|Quark Drive|[silent]\n|switch|p2a: Torkoal|Torkoal, F|100\/100\n|-weather|SunnyDay|[from] ability: Drought|[of] p2a: Torkoal\n|move|p1b: Grimmsnarl|Reflect|p1b: Grimmsnarl\n|-sidestart|p1: Hzty|Reflect\n|move|p2b: Chien-Pao|Ice Spinner|p1a: Zapdos\n|-supereffective|p1a: Zapdos\n|-damage|p1a: Zapdos|27\/100\n|-damage|p2b: Chien-Pao|84\/100|[from] item: Rocky Helmet|[of] p1a: Zapdos\n|-damage|p2b: Chien-Pao|74\/100|[from] item: Life Orb\n|move|p1a: Zapdos|Heat Wave|p2a: Torkoal|[spread] p2a,p2b\n|-resisted|p2a: Torkoal\n|-supereffective|p2b: Chien-Pao\n|-damage|p2a: Torkoal|78\/100\n|-damage|p2b: Chien-Pao|0 fnt\n|faint|p2b: Chien-Pao\n|\n|-weather|SunnyDay|[upkeep]\n|upkeep\n|inactive|yisuspty has 120 seconds left.\n|\n|t:|1698431130\n|switch|p2b: Basculegion|Basculegion-F, F|100\/100\n|turn|2\n|\n|t:|1698431138\n|move|p1b: Grimmsnarl|Light Screen|p1b: Grimmsnarl\n|-sidestart|p1: Hzty|move: Light Screen\n|move|p2b: Basculegion|Last Respects|p1b: Grimmsnarl\n|-resisted|p1b: Grimmsnarl\n|-damage|p1b: Grimmsnarl|82\/100\n|move|p1a: Zapdos|Roost|p1a: Zapdos\n|-heal|p1a: Zapdos|77\/100\n|-singleturn|p1a: Zapdos|move: Roost\n|move|p2a: Torkoal|Heat Wave|p1b: Grimmsnarl|[spread] p1a,p1b\n|-damage|p1a: Zapdos|35\/100\n|-damage|p1b: Grimmsnarl|37\/100\n|\n|-weather|SunnyDay|[upkeep]\n|upkeep\n|turn|3\n|\n|t:|1698431157\n|switch|p2b: Iron Bundle|Iron Bundle|100\/100\n|move|p1a: Zapdos|Thunderbolt|p2b: Iron Bundle\n|-supereffective|p2b: Iron Bundle\n|-enditem|p2b: Iron Bundle|Focus Sash\n|-damage|p2b: Iron Bundle|1\/100\n|move|p1b: Grimmsnarl|Spirit Break|p2a: Torkoal\n|-resisted|p2a: Torkoal\n|-damage|p2a: Torkoal|68\/100\n|-unboost|p2a: Torkoal|spa|1\n|move|p2a: Torkoal|Heat Wave|p1a: Zapdos|[spread] p1a,p1b\n|-damage|p1a: Zapdos|4\/100\n|-damage|p1b: Grimmsnarl|9\/100\n|-status|p1a: Zapdos|brn\n|\n|-weather|SunnyDay|[upkeep]\n|-damage|p1a: Zapdos|0 fnt|[from] brn\n|faint|p1a: Zapdos\n|upkeep\n|\n|t:|1698431174\n|switch|p1a: Landorus|Landorus-Therian, M|100\/100\n|-ability|p1a: Landorus|Intimidate|boost\n|-unboost|p2a: Torkoal|atk|1\n|-unboost|p2b: Iron Bundle|atk|1\n|turn|4\n|\n|t:|1698431181\n|move|p2b: Iron Bundle|Protect|p2b: Iron Bundle\n|-singleturn|p2b: Iron Bundle|Protect\n|move|p1b: Grimmsnarl|Parting Shot|p2b: Iron Bundle\n|-activate|p2b: Iron Bundle|move: Protect\n|move|p1a: Landorus|Rock Slide|p2a: Torkoal|[spread] \n|-activate|p2b: Iron Bundle|move: Protect\n|-miss|p1a: Landorus|p2a: Torkoal\n|move|p2a: Torkoal|Heat Wave|p1b: Grimmsnarl|[spread] p1a,p1b\n|-damage|p1a: Landorus|66\/100\n|-damage|p1b: Grimmsnarl|0 fnt\n|faint|p1b: Grimmsnarl\n|\n|-weather|SunnyDay|[upkeep]\n|upkeep\n|\n|t:|1698431195\n|switch|p1b: Sinistcha|Sinistcha|100\/100\n|-heal|p1a: Landorus|91\/100|[from] ability: Hospitality|[of] p1b: Sinistcha\n|turn|5\n|\n|t:|1698431209\n|switch|p2a: Armarouge|Armarouge, M|100\/100\n|-terastallize|p1b: Sinistcha|Fire\n|move|p2b: Iron Bundle|U-turn|p2a: Armarouge\n|-crit|p2a: Armarouge\n|-damage|p2a: Armarouge|80\/100\n|-ability|p2a: Armarouge|Weak Armor|boost\n|-unboost|p2a: Armarouge|def|1\n|-boost|p2a: Armarouge|spe|2\n|\n|t:|1698431218\n|-end|p2b: Iron Bundle|Quark Drive|[silent]\n|switch|p2b: Indeedee|Indeedee-F, F, shiny|100\/100|[from] U-turn\n|-fieldstart|move: Psychic Terrain|[from] ability: Psychic Surge|[of] p2b: Indeedee\n|move|p1a: Landorus|Rock Slide|p2a: Armarouge|[spread] p2a,p2b\n|-supereffective|p2a: Armarouge\n|-damage|p2a: Armarouge|4\/100\n|-damage|p2b: Indeedee|66\/100\n|-ability|p2a: Armarouge|Weak Armor|boost\n|-unboost|p2a: Armarouge|def|1\n|-boost|p2a: Armarouge|spe|2\n|-enditem|p2a: Armarouge|Weakness Policy\n|-boost|p2a: Armarouge|atk|2|[from] item: Weakness Policy\n|-boost|p2a: Armarouge|spa|2|[from] item: Weakness Policy\n|move|p1b: Sinistcha|Trick Room|p1b: Sinistcha\n|-fieldstart|move: Trick Room|[of] p1b: Sinistcha\n|\n|-weather|none\n|upkeep\n|turn|6\n|\n|t:|1698431245\n|move|p2b: Indeedee|Follow Me|p2b: Indeedee\n|-singleturn|p2b: Indeedee|move: Follow Me\n|move|p1b: Sinistcha|Matcha Gotcha|p2b: Indeedee|[spread] p2b\n|-miss|p1b: Sinistcha|p2a: Armarouge\n|-damage|p2b: Indeedee|39\/100\n|move|p1a: Landorus|Rock Slide|p2a: Armarouge|[spread] p2a\n|-miss|p1a: Landorus|p2b: Indeedee\n|-supereffective|p2a: Armarouge\n|-damage|p2a: Armarouge|0 fnt\n|faint|p2a: Armarouge\n|\n|upkeep\n|\n|t:|1698431253\n|switch|p2a: Torkoal|Torkoal, F|68\/100\n|-weather|SunnyDay|[from] ability: Drought|[of] p2a: Torkoal\n|turn|7\n|\n|t:|1698431265\n|-terastallize|p2a: Torkoal|Fire\n|move|p1b: Sinistcha|Rage Powder|p1b: Sinistcha\n|-singleturn|p1b: Sinistcha|move: Rage Powder\n|move|p2b: Indeedee|Follow Me|p2b: Indeedee\n|-singleturn|p2b: Indeedee|move: Follow Me\n|move|p2a: Torkoal|Heat Wave|p1a: Landorus|[spread] p1a,p1b\n|-resisted|p1b: Sinistcha\n|-damage|p1a: Landorus|20\/100\n|-damage|p1b: Sinistcha|74\/100\n|-enditem|p1a: Landorus|Aguav Berry|[eat]\n|-heal|p1a: Landorus|53\/100|[from] item: Aguav Berry\n|move|p1a: Landorus|Rock Slide|p2a: Torkoal|[spread] p2a,p2b\n|-supereffective|p2a: Torkoal\n|-damage|p2a: Torkoal|33\/100\n|-damage|p2b: Indeedee|10\/100\n|\n|-weather|SunnyDay|[upkeep]\n|upkeep\n|turn|8\n|\n|t:|1698431294\n|switch|p1a: Iron Hands|Iron Hands|100\/100\n|move|p2b: Indeedee|Follow Me|p2b: Indeedee\n|-singleturn|p2b: Indeedee|move: Follow Me\n|move|p2a: Torkoal|Heat Wave|p1a: Iron Hands|[spread] p1a,p1b\n|-resisted|p1b: Sinistcha\n|-damage|p1a: Iron Hands|69\/100\n|-damage|p1b: Sinistcha|45\/100\n|-enditem|p1b: Sinistcha|Sitrus Berry|[eat]\n|-heal|p1b: Sinistcha|70\/100|[from] item: Sitrus Berry\n|move|p1b: Sinistcha|Matcha Gotcha|p2b: Indeedee|[spread] p2a,p2b\n|-resisted|p2a: Torkoal\n|-damage|p2a: Torkoal|15\/100\n|-heal|p1b: Sinistcha|79\/100|[from] drain|[of] p2a: Torkoal\n|-damage|p2b: Indeedee|0 fnt\n|-heal|p1b: Sinistcha|84\/100|[from] drain|[of] p2b: Indeedee\n|faint|p2b: Indeedee\n|\n|-weather|SunnyDay|[upkeep]\n|-sideend|p1: Hzty|Reflect\n|upkeep\n|\n|t:|1698431309\n|switch|p2b: Iron Bundle|Iron Bundle|1\/100\n|turn|9\n|\n|t:|1698431334\n|move|p2b: Iron Bundle|Protect|p2b: Iron Bundle\n|-singleturn|p2b: Iron Bundle|Protect\n|move|p1a: Iron Hands|Fake Out|p2b: Iron Bundle\n|-activate|p2b: Iron Bundle|move: Psychic Terrain\n|move|p2a: Torkoal|Heat Wave|p1a: Iron Hands|[spread] p1a\n|-miss|p2a: Torkoal|p1b: Sinistcha\n|-damage|p1a: Iron Hands|37\/100\n|move|p1b: Sinistcha|Strength Sap|p2a: Torkoal\n|-unboost|p2a: Torkoal|atk|1\n|-heal|p1b: Sinistcha|100\/100\n|\n|-weather|SunnyDay|[upkeep]\n|-sideend|p1: Hzty|move: Light Screen\n|-fieldend|move: Trick Room\n|-fieldend|move: Psychic Terrain\n|upkeep\n|turn|10\n|\n|t:|1698431356\n|move|p2b: Iron Bundle|Blizzard|p1a: Iron Hands|[spread] p1a\n|-miss|p2b: Iron Bundle|p1b: Sinistcha\n|-damage|p1a: Iron Hands|17\/100\n|move|p1b: Sinistcha|Matcha Gotcha|p2b: Iron Bundle|[spread] p2a,p2b\n|-resisted|p2a: Torkoal\n|-supereffective|p2b: Iron Bundle\n|-damage|p2a: Torkoal|0 fnt\n|-damage|p2b: Iron Bundle|0 fnt\n|faint|p2a: Torkoal\n|faint|p2b: Iron Bundle\n|-end|p2b: Iron Bundle|Quark Drive|[silent]\n|move|p1a: Iron Hands|Drain Punch|p2: Torkoal|[notarget]\n|-fail|p1a: Iron Hands\n|\n|-weather|SunnyDay|[upkeep]\n|upkeep\n|\n|t:|1698431362\n|switch|p2b: Basculegion|Basculegion-F, F|100\/100\n|turn|11\n|\n|t:|1698431372\n|move|p2b: Basculegion|Last Respects|p1b: Sinistcha\n|-damage|p1b: Sinistcha|0 fnt\n|faint|p1b: Sinistcha\n|move|p1a: Iron Hands|Wild Charge|p2b: Basculegion\n|-supereffective|p2b: Basculegion\n|-damage|p2b: Basculegion|0 fnt\n|faint|p2b: Basculegion\n|-damage|p1a: Iron Hands|0 fnt|[from] Recoil\n|faint|p1a: Iron Hands\n|-end|p1a: Iron Hands|Quark Drive|[silent]\n|\n|win|Hzty\n|raw|Hzty's rating: 1318 &rarr; <strong>1342<\/strong><br \/>(+24 for winning)\n|raw|yisuspty's rating: 1384 &rarr; <strong>1360<\/strong><br \/>(-24 for losing)\n|l|\u2606yisuspty\n","uploadtime":1698431434,"views":11,"p1id":"hzty","p2id":"yisuspty","formatid":"gen9doublesou","rating":1342,"private":0,"password":""}