{"id":"gen9doublesou-1991159588","p1":"Crunchy Dave","p2":"vovicken","format":"[Gen 9] Doubles OU","log":"|j|\u2606Crunchy Dave\n|j|\u2606vovicken\n|t:|1700051725\n|gametype|doubles\n|player|p1|Crunchy Dave|swimmer-gen4dp|1303\n|player|p2|vovicken|266|1419\n|teamsize|p1|6\n|teamsize|p2|6\n|gen|9\n|tier|[Gen 9] Doubles OU\n|rated|\n|rule|Species Clause: Limit one of each Pok\u00e9mon\n|rule|OHKO Clause: OHKO moves are banned\n|rule|Evasion Moves Clause: Evasion moves are banned\n|rule|Gravity Sleep Clause: The combination of sleep-inducing moves with imperfect accuracy and Gravity or Gigantamax Orbeetle are banned\n|rule|Endless Battle Clause: Forcing endless battles is banned\n|rule|HP Percentage Mod: HP is shown in percentages\n|clearpoke\n|poke|p1|Chi-Yu|\n|poke|p1|Rillaboom, F|\n|poke|p1|Sneasler, M|\n|poke|p1|Sinistcha-Masterpiece|\n|poke|p1|Azumarill, M|\n|poke|p1|Ursaluna-Bloodmoon, M|\n|poke|p2|Indeedee-F, F|\n|poke|p2|Armarouge, F|\n|poke|p2|Torkoal, M|\n|poke|p2|Vikavolt, F|\n|poke|p2|Snorlax, M|\n|poke|p2|Cresselia, F|\n|teampreview\n|\n|t:|1700051743\n|start\n|switch|p1a: Sneasler|Sneasler, M|100\/100\n|switch|p1b: Rillaboom|Rillaboom, F|100\/100\n|switch|p2a: Snorlax|Snorlax, M|100\/100\n|switch|p2b: Cresselia|Cresselia, F|100\/100\n|-fieldstart|move: Grassy Terrain|[from] ability: Grassy Surge|[of] p1b: Rillaboom\n|-enditem|p1a: Sneasler|Grassy Seed\n|-boost|p1a: Sneasler|def|1|[from] item: Grassy Seed\n|turn|1\n|inactive|Battle timer is ON: inactive players will automatically lose when time's up. (requested by vovicken)\n|\n|t:|1700051779\n|-terastallize|p2a: Snorlax|Ghost\n|move|p1a: Sneasler|Fake Out|p2b: Cresselia\n|-damage|p2b: Cresselia|92\/100\n|move|p1b: Rillaboom|Knock Off|p2b: Cresselia\n|-supereffective|p2b: Cresselia\n|-damage|p2b: Cresselia|45\/100\n|-enditem|p2b: Cresselia|Sitrus Berry|[from] move: Knock Off|[of] p1b: Rillaboom\n|move|p2a: Snorlax|High Horsepower|p1a: Sneasler\n|-supereffective|p1a: Sneasler\n|-damage|p1a: Sneasler|0 fnt\n|faint|p1a: Sneasler\n|cant|p2b: Cresselia|flinch\n|\n|upkeep\n|\n|t:|1700051793\n|switch|p1a: Azumarill|Azumarill, M|100\/100\n|turn|2\n|\n|t:|1700051802\n|switch|p2a: Indeedee|Indeedee-F, F|100\/100\n|-fieldstart|move: Psychic Terrain|[from] ability: Psychic Surge|[of] p2a: Indeedee\n|move|p1b: Rillaboom|Knock Off|p2a: Indeedee\n|-supereffective|p2a: Indeedee\n|-crit|p2a: Indeedee\n|-enditem|p2a: Indeedee|Focus Sash\n|-damage|p2a: Indeedee|1\/100\n|move|p1a: Azumarill|Belly Drum|p1a: Azumarill\n|-damage|p1a: Azumarill|50\/100\n|-setboost|p1a: Azumarill|atk|6|[from] move: Belly Drum\n|-enditem|p1a: Azumarill|Sitrus Berry|[eat]\n|-heal|p1a: Azumarill|75\/100|[from] item: Sitrus Berry\n|move|p2b: Cresselia|Trick Room|p2b: Cresselia\n|-fieldstart|move: Trick Room|[of] p2b: Cresselia\n|\n|upkeep\n|turn|3\n|\n|t:|1700051830\n|switch|p1b: Sinistcha|Sinistcha-Masterpiece|100\/100\n|-heal|p1a: Azumarill|100\/100|[from] ability: Hospitality|[of] p1b: Sinistcha\n|move|p1a: Azumarill|Ice Spinner|p2b: Cresselia\n|-damage|p2b: Cresselia|0 fnt\n|-fieldend|move: Psychic Terrain\n|faint|p2b: Cresselia\n|move|p2a: Indeedee|Heal Pulse|p2: Cresselia|[notarget]\n|-fail|p2a: Indeedee\n|\n|upkeep\n|inactive|vovicken has 120 seconds left.\n|\n|t:|1700051843\n|switch|p2b: Torkoal|Torkoal, M|100\/100\n|-weather|SunnyDay|[from] ability: Drought|[of] p2b: Torkoal\n|turn|4\n|\n|t:|1700051860\n|switch|p1b: Rillaboom|Rillaboom, F|100\/100\n|-fieldstart|move: Grassy Terrain|[from] ability: Grassy Surge|[of] p1b: Rillaboom\n|move|p2a: Indeedee|Follow Me|p2a: Indeedee\n|-singleturn|p2a: Indeedee|move: Follow Me\n|move|p1a: Azumarill|Aqua Jet|p2a: Indeedee\n|-damage|p2a: Indeedee|0 fnt\n|faint|p2a: Indeedee\n|move|p2b: Torkoal|Eruption|p1a: Azumarill|[spread] p1a,p1b\n|-resisted|p1a: Azumarill\n|-supereffective|p1b: Rillaboom\n|-damage|p1a: Azumarill|54\/100\n|-damage|p1b: Rillaboom|0 fnt\n|faint|p1b: Rillaboom\n|\n|-weather|SunnyDay|[upkeep]\n|-heal|p1a: Azumarill|61\/100|[from] Grassy Terrain\n|upkeep\n|\n|t:|1700051885\n|switch|p2a: Vikavolt|Vikavolt, F|100\/100\n|switch|p1b: Ursaluna|Ursaluna-Bloodmoon, M|100\/100\n|turn|5\n|\n|t:|1700051896\n|move|p1a: Azumarill|Aqua Jet|p2b: Torkoal\n|-supereffective|p2b: Torkoal\n|-crit|p2b: Torkoal\n|-damage|p2b: Torkoal|0 fnt\n|faint|p2b: Torkoal\n|move|p2a: Vikavolt|Thunderbolt|p1a: Azumarill\n|-supereffective|p1a: Azumarill\n|-damage|p1a: Azumarill|0 fnt\n|faint|p1a: Azumarill\n|-damage|p2a: Vikavolt|91\/100|[from] item: Life Orb\n|move|p1b: Ursaluna|Hyper Voice|p2a: Vikavolt\n|-damage|p2a: Vikavolt|6\/100\n|-damage|p1b: Ursaluna|90\/100|[from] item: Life Orb\n|\n|-weather|SunnyDay|[upkeep]\n|-heal|p1b: Ursaluna|97\/100|[from] Grassy Terrain\n|upkeep\n|\n|t:|1700051914\n|switch|p2b: Snorlax|Snorlax, M, tera:Ghost|100\/100\n|switch|p1a: Chi-Yu|Chi-Yu|100\/100\n|-ability|p1a: Chi-Yu|Beads of Ruin\n|turn|6\n|\n|t:|1700051929\n|move|p2b: Snorlax|High Horsepower|p1a: Chi-Yu\n|-supereffective|p1a: Chi-Yu\n|-enditem|p1a: Chi-Yu|Focus Sash\n|-damage|p1a: Chi-Yu|1\/100\n|move|p2a: Vikavolt|Energy Ball|p1b: Ursaluna\n|-supereffective|p1b: Ursaluna\n|-damage|p1b: Ursaluna|0 fnt\n|faint|p1b: Ursaluna\n|-damage|p2a: Vikavolt|0 fnt|[from] item: Life Orb\n|faint|p2a: Vikavolt\n|move|p1a: Chi-Yu|Psychic|p2b: Snorlax\n|-damage|p2b: Snorlax|75\/100\n|\n|-weather|SunnyDay|[upkeep]\n|-heal|p2b: Snorlax|81\/100|[from] Grassy Terrain\n|-heal|p1a: Chi-Yu|7\/100|[from] Grassy Terrain\n|-fieldend|move: Trick Room\n|upkeep\n|\n|t:|1700051947\n|switch|p1b: Sinistcha|Sinistcha-Masterpiece|100\/100\n|switch|p2a: Armarouge|Armarouge, F|100\/100\n|-heal|p1a: Chi-Yu|32\/100|[from] ability: Hospitality|[of] p1b: Sinistcha\n|turn|7\n|\n|t:|1700051972\n|-terastallize|p1a: Chi-Yu|Dark\n|move|p1a: Chi-Yu|Ruination|p2b: Snorlax\n|-damage|p2b: Snorlax|41\/100\n|move|p1b: Sinistcha|Matcha Gotcha|p2a: Armarouge|[spread] p2a,p2b\n|-resisted|p2a: Armarouge\n|-crit|p2b: Snorlax\n|-damage|p2a: Armarouge|65\/100\n|-damage|p2b: Snorlax|0 fnt\n|faint|p2b: Snorlax\n|move|p2a: Armarouge|Heat Wave|p1b: Sinistcha|[spread] p1a,p1b\n|-supereffective|p1b: Sinistcha\n|-damage|p1a: Chi-Yu|0 fnt\n|-damage|p1b: Sinistcha|0 fnt\n|faint|p1a: Chi-Yu\n|faint|p1b: Sinistcha\n|\n|win|vovicken\n|raw|Crunchy Dave's rating: 1303 &rarr; <strong>1289<\/strong><br \/>(-14 for losing)\n|raw|vovicken's rating: 1419 &rarr; <strong>1433<\/strong><br \/>(+14 for winning)\n|c|\u2606Crunchy Dave|Gg\n","uploadtime":1700051993,"views":13,"p1id":"crunchydave","p2id":"vovicken","formatid":"gen9doublesou","rating":1289,"private":0,"password":""}