{"id":"gen9doublesou-1973124192","p1":"woopa boi","p2":"frfran","format":"[Gen 9] Doubles OU","log":"|j|\u2606woopa boi\n|j|\u2606frfran\n|t:|1697930322\n|gametype|doubles\n|player|p1|woopa boi|sabrina|1196\n|player|p2|frfran|skier|1260\n|teamsize|p1|6\n|teamsize|p2|6\n|gen|9\n|tier|[Gen 9] Doubles OU\n|rated|\n|rule|Species Clause: Limit one of each Pok\u00e9mon\n|rule|OHKO Clause: OHKO moves are banned\n|rule|Evasion Moves Clause: Evasion moves are banned\n|rule|Gravity Sleep Clause: The combination of sleep-inducing moves with imperfect accuracy and Gravity or Gigantamax Orbeetle are banned\n|rule|Endless Battle Clause: Forcing endless battles is banned\n|rule|HP Percentage Mod: HP is shown in percentages\n|clearpoke\n|poke|p1|Staraptor, M|\n|poke|p1|Gallade, M|\n|poke|p1|Dragonite, M|\n|poke|p1|Kingambit, M|\n|poke|p1|Sinistcha-Masterpiece|\n|poke|p1|Flutter Mane|\n|poke|p2|Roaring Moon|\n|poke|p2|Torkoal, F|\n|poke|p2|Lilligant, F|\n|poke|p2|Gholdengo|\n|poke|p2|Iron Bundle|\n|poke|p2|Murkrow, F|\n|teampreview\n|\n|t:|1697930339\n|start\n|switch|p1a: Staraptor|Staraptor, M|100\/100\n|switch|p1b: Gallade|Gallade, M|100\/100\n|switch|p2a: Gholdengo|Gholdengo|100\/100\n|switch|p2b: Iron Bundle|Iron Bundle|100\/100\n|-ability|p1a: Staraptor|Intimidate|boost\n|-unboost|p2a: Gholdengo|atk|1\n|-unboost|p2b: Iron Bundle|atk|1\n|-enditem|p2b: Iron Bundle|Booster Energy\n|-activate|p2b: Iron Bundle|ability: Quark Drive|[fromitem]\n|-start|p2b: Iron Bundle|quarkdrivespa\n|turn|1\n|\n|t:|1697930374\n|switch|p1a: Sinistcha|Sinistcha-Masterpiece|100\/100\n|move|p1b: Gallade|Knock Off|p2a: Gholdengo\n|-supereffective|p2a: Gholdengo\n|-damage|p2a: Gholdengo|24\/100\n|-enditem|p2a: Gholdengo|Life Orb|[from] move: Knock Off|[of] p1b: Gallade\n|move|p2b: Iron Bundle|Freeze-Dry|p1a: Sinistcha\n|-supereffective|p1a: Sinistcha\n|-damage|p1a: Sinistcha|0 fnt\n|faint|p1a: Sinistcha\n|move|p2a: Gholdengo|Shadow Ball|p1b: Gallade\n|-supereffective|p1b: Gallade\n|-damage|p1b: Gallade|1\/100\n|\n|upkeep\n|\n|t:|1697930388\n|switch|p1a: Staraptor|Staraptor, M|100\/100\n|-ability|p1a: Staraptor|Intimidate|boost\n|-unboost|p2a: Gholdengo|atk|1\n|-unboost|p2b: Iron Bundle|atk|1\n|turn|2\n|c|\u2606frfran|NAH\n|c|\u2606woopa boi|yes\n|c|\u2606frfran|clutch knock off\n|\n|t:|1697930407\n|move|p1b: Gallade|Knock Off|p2b: Iron Bundle\n|-damage|p2b: Iron Bundle|72\/100\n|move|p2b: Iron Bundle|Freeze-Dry|p1a: Staraptor\n|-supereffective|p1a: Staraptor\n|-damage|p1a: Staraptor|0 fnt\n|faint|p1a: Staraptor\n|move|p2a: Gholdengo|Make It Rain|p1b: Gallade\n|-damage|p1b: Gallade|0 fnt\n|-unboost|p2a: Gholdengo|spa|1\n|faint|p1b: Gallade\n|\n|upkeep\n|c|\u2606frfran|knocked off the life orb\n|c|\u2606woopa boi|ik\n|\n|t:|1697930421\n|switch|p1a: Dragonite|Dragonite, M|100\/100\n|switch|p1b: Flutter Mane|Flutter Mane|100\/100\n|-enditem|p1b: Flutter Mane|Booster Energy\n|-activate|p1b: Flutter Mane|ability: Protosynthesis|[fromitem]\n|-start|p1b: Flutter Mane|protosynthesisspe\n|turn|3\n|\n|t:|1697930443\n|move|p1b: Flutter Mane|Shadow Ball|p2a: Gholdengo\n|-supereffective|p2a: Gholdengo\n|-damage|p2a: Gholdengo|0 fnt\n|faint|p2a: Gholdengo\n|move|p2b: Iron Bundle|Freeze-Dry|p1a: Dragonite\n|-supereffective|p1a: Dragonite\n|-damage|p1a: Dragonite|0 fnt\n|faint|p1a: Dragonite\n|\n|upkeep\n|\n|t:|1697930453\n|switch|p2a: Murkrow|Murkrow, F, shiny|100\/100\n|switch|p1a: Kingambit|Kingambit, M|100\/100\n|turn|4\n|\n|t:|1697930465\n|move|p2a: Murkrow|Tailwind|p2a: Murkrow\n|-sidestart|p2: frfran|move: Tailwind\n|move|p2b: Iron Bundle|Hydro Pump|p1b: Flutter Mane\n|-damage|p1b: Flutter Mane|11\/100\n|move|p1b: Flutter Mane|Dazzling Gleam|p2a: Murkrow|[spread] p2a,p2b\n|-supereffective|p2a: Murkrow\n|-damage|p2a: Murkrow|17\/100\n|-damage|p2b: Iron Bundle|10\/100\n|move|p1a: Kingambit|Swords Dance|p1a: Kingambit\n|-boost|p1a: Kingambit|atk|2\n|\n|upkeep\n|turn|5\n|\n|t:|1697930483\n|move|p1b: Flutter Mane|Protect|p1b: Flutter Mane\n|-singleturn|p1b: Flutter Mane|Protect\n|move|p2a: Murkrow|Haze|p2a: Murkrow\n|-clearallboost\n|move|p1a: Kingambit|Sucker Punch|p2b: Iron Bundle\n|-damage|p2b: Iron Bundle|0 fnt\n|faint|p2b: Iron Bundle\n|-end|p2b: Iron Bundle|Quark Drive|[silent]\n|\n|upkeep\n|\n|t:|1697930493\n|switch|p2b: Roaring Moon|Roaring Moon|100\/100\n|turn|6\n|\n|t:|1697930503\n|move|p1a: Kingambit|Protect|p1a: Kingambit\n|-singleturn|p1a: Kingambit|Protect\n|move|p2a: Murkrow|Thunder Wave|p1b: Flutter Mane\n|-status|p1b: Flutter Mane|par\n|move|p2b: Roaring Moon|Earthquake|p1a: Kingambit|[spread] p1b\n|-activate|p1a: Kingambit|move: Protect\n|-immune|p2a: Murkrow\n|-damage|p1b: Flutter Mane|0 fnt\n|faint|p1b: Flutter Mane\n|-end|p1b: Flutter Mane|Protosynthesis|[silent]\n|-damage|p2b: Roaring Moon|91\/100|[from] item: Life Orb\n|\n|upkeep\n|turn|7\n|\n|t:|1697930530\n|switch|p2a: Torkoal|Torkoal, F, shiny|100\/100\n|-weather|SunnyDay|[from] ability: Drought|[of] p2a: Torkoal\n|-activate|p2b: Roaring Moon|ability: Protosynthesis\n|-start|p2b: Roaring Moon|protosynthesisatk\n|-terastallize|p1a: Kingambit|Dark\n|move|p1a: Kingambit|Sucker Punch|p2b: Roaring Moon\n|-resisted|p2b: Roaring Moon\n|-damage|p2b: Roaring Moon|46\/100\n|move|p2b: Roaring Moon|Earthquake|p1a: Kingambit|[spread] p2a,p1a\n|-supereffective|p2a: Torkoal\n|-damage|p2a: Torkoal|22\/100\n|-damage|p1a: Kingambit|63\/100\n|-damage|p2b: Roaring Moon|36\/100|[from] item: Life Orb\n|\n|-weather|SunnyDay|[upkeep]\n|-sideend|p2: frfran|move: Tailwind\n|upkeep\n|turn|8\n|\n|t:|1697930548\n|move|p1a: Kingambit|Protect|p1a: Kingambit\n|-singleturn|p1a: Kingambit|Protect\n|move|p2b: Roaring Moon|Dragon Claw|p1a: Kingambit\n|-activate|p1a: Kingambit|move: Protect\n|move|p2a: Torkoal|Body Press|p1a: Kingambit\n|-activate|p1a: Kingambit|move: Protect\n|\n|-weather|SunnyDay|[upkeep]\n|upkeep\n|turn|9\n|\n|t:|1697930555\n|move|p1a: Kingambit|Sucker Punch|p2b: Roaring Moon\n|-resisted|p2b: Roaring Moon\n|-damage|p2b: Roaring Moon|0 fnt\n|faint|p2b: Roaring Moon\n|-end|p2b: Roaring Moon|Protosynthesis|[silent]\n|move|p2a: Torkoal|Body Press|p1a: Kingambit\n|-supereffective|p1a: Kingambit\n|-crit|p1a: Kingambit\n|-damage|p1a: Kingambit|12\/100\n|\n|-weather|SunnyDay|[upkeep]\n|upkeep\n|\n|t:|1697930561\n|switch|p2b: Lilligant|Lilligant, F, shiny|100\/100\n|turn|10\n|\n|t:|1697930569\n|move|p1a: Kingambit|Protect|p1a: Kingambit\n|-singleturn|p1a: Kingambit|Protect\n|move|p2b: Lilligant|Encore|p1a: Kingambit\n|-activate|p1a: Kingambit|move: Protect\n|move|p2a: Torkoal|Curse|p2a: Torkoal\n|-unboost|p2a: Torkoal|spe|1\n|-boost|p2a: Torkoal|atk|1\n|-boost|p2a: Torkoal|def|1\n|\n|-weather|SunnyDay|[upkeep]\n|upkeep\n|turn|11\n|\n|t:|1697930581\n|move|p1a: Kingambit|Sucker Punch|p2a: Torkoal\n|-damage|p2a: Torkoal|0 fnt\n|faint|p2a: Torkoal\n|move|p2b: Lilligant|Encore|p1a: Kingambit\n|-start|p1a: Kingambit|Encore\n|\n|-weather|none\n|upkeep\n|\n|t:|1697930586\n|switch|p2a: Murkrow|Murkrow, F, shiny|17\/100\n|turn|12\n|c|\u2606woopa boi|gg\n|\n|t:|1697930593\n|move|p2a: Murkrow|Tailwind|p2a: Murkrow\n|-sidestart|p2: frfran|move: Tailwind\n|move|p1a: Kingambit|Sucker Punch||[still]\n|-fail|p1a: Kingambit\n|move|p2b: Lilligant|Pollen Puff|p2a: Murkrow\n|-heal|p2a: Murkrow|67\/100\n|\n|upkeep\n|turn|13\n|\n|t:|1697930606\n|move|p2a: Murkrow|Thunder Wave|p1a: Kingambit\n|-hint|Since gen 7, Dark is immune to Prankster moves.\n|-immune|p1a: Kingambit\n|move|p1a: Kingambit|Sucker Punch|p2b: Lilligant\n|-damage|p2b: Lilligant|2\/100\n|move|p2b: Lilligant|Pollen Puff|p2a: Murkrow\n|-heal|p2a: Murkrow|100\/100\n|\n|upkeep\n|turn|14\n|\n|t:|1697930626\n|move|p2a: Murkrow|Haze|p2a: Murkrow\n|-clearallboost\n|move|p1a: Kingambit|Sucker Punch||[still]\n|-fail|p1a: Kingambit\n|move|p2b: Lilligant|After You||[still]\n|-fail|p2b: Lilligant\n|\n|-end|p1a: Kingambit|Encore\n|upkeep\n|turn|15\n|\n|t:|1697930636\n|move|p1a: Kingambit|Protect|p1a: Kingambit\n|-singleturn|p1a: Kingambit|Protect\n|move|p2a: Murkrow|Tailwind||[still]\n|-fail|p2a: Murkrow\n|move|p2b: Lilligant|Pollen Puff|p1a: Kingambit\n|-activate|p1a: Kingambit|move: Protect\n|\n|-sideend|p2: frfran|move: Tailwind\n|upkeep\n|turn|16\n|\n|t:|1697930647\n|move|p2a: Murkrow|Thunder Wave|p1a: Kingambit\n|-hint|Since gen 7, Dark is immune to Prankster moves.\n|-immune|p1a: Kingambit\n|move|p1a: Kingambit|Sucker Punch||[still]\n|-fail|p1a: Kingambit\n|move|p2b: Lilligant|Encore||[still]\n|-fail|p2b: Lilligant\n|\n|upkeep\n|turn|17\n|\n|t:|1697930659\n|move|p2a: Murkrow|Tailwind|p2a: Murkrow\n|-sidestart|p2: frfran|move: Tailwind\n|move|p2b: Lilligant|After You||[still]\n|-fail|p2b: Lilligant\n|move|p1a: Kingambit|Kowtow Cleave|p2b: Lilligant\n|-damage|p2b: Lilligant|0 fnt\n|faint|p2b: Lilligant\n|\n|upkeep\n|turn|18\n|c|\u2606frfran|gg\n|c|\u2606woopa boi|gg\n|\n|t:|1697930672\n|-terastallize|p2a: Murkrow|Steel\n|move|p2a: Murkrow|Haze|p2a: Murkrow\n|-clearallboost\n|move|p1a: Kingambit|Kowtow Cleave|p2a: Murkrow\n|-damage|p2a: Murkrow|0 fnt\n|faint|p2a: Murkrow\n|\n|win|woopa boi\n|raw|woopa boi's rating: 1196 &rarr; <strong>1226<\/strong><br \/>(+30 for winning)\n|raw|frfran's rating: 1260 &rarr; <strong>1230<\/strong><br \/>(-30 for losing)\n|l|\u2606frfran\n","uploadtime":1697930697,"views":9,"p1id":"woopaboi","p2id":"frfran","formatid":"gen9doublesou","rating":1226,"private":0,"password":""}