{"id":"gen9doublesou-1989916876","p1":"AlyzanOverLORD","p2":"Korrokuma","format":"[Gen 9] Doubles OU","log":"|j|\u2606AlyzanOverLORD\n|j|\u2606Korrokuma\n|t:|1699906528\n|gametype|doubles\n|player|p1|AlyzanOverLORD|caitlin|1120\n|player|p2|Korrokuma|102|1108\n|teamsize|p1|6\n|teamsize|p2|6\n|gen|9\n|tier|[Gen 9] Doubles OU\n|rated|\n|rule|Species Clause: Limit one of each Pok\u00e9mon\n|rule|OHKO Clause: OHKO moves are banned\n|rule|Evasion Moves Clause: Evasion moves are banned\n|rule|Gravity Sleep Clause: The combination of sleep-inducing moves with imperfect accuracy and Gravity or Gigantamax Orbeetle are banned\n|rule|Endless Battle Clause: Forcing endless battles is banned\n|rule|HP Percentage Mod: HP is shown in percentages\n|clearpoke\n|poke|p1|Empoleon, M|\n|poke|p1|Gastrodon, F|\n|poke|p1|Gyarados, M|\n|poke|p1|Basculegion-F, F|\n|poke|p1|Cloyster, F|\n|poke|p1|Cramorant, F|\n|poke|p2|Iron Hands|\n|poke|p2|Snorlax, F|\n|poke|p2|Sinistcha|\n|poke|p2|Landorus-Therian, M|\n|poke|p2|Torkoal, M|\n|poke|p2|Clefairy, M|\n|teampreview\n|inactive|Battle timer is ON: inactive players will automatically lose when time's up. (requested by Korrokuma)\n|\n|t:|1699906545\n|start\n|switch|p1a: Gastrodon|Gastrodon, F|100\/100\n|switch|p1b: Cramorant|Cramorant, F|100\/100\n|switch|p2a: Clefairy|Clefairy, M|100\/100\n|switch|p2b: Sinistcha|Sinistcha|100\/100\n|turn|1\n|\n|t:|1699906558\n|move|p2a: Clefairy|Follow Me|p2a: Clefairy\n|-singleturn|p2a: Clefairy|move: Follow Me\n|move|p1b: Cramorant|Tailwind|p1b: Cramorant\n|-sidestart|p1: AlyzanOverLORD|move: Tailwind\n|move|p1a: Gastrodon|Muddy Water|p2b: Sinistcha|[spread] p2a,p2b\n|-resisted|p2b: Sinistcha\n|-damage|p2a: Clefairy|81\/100\n|-damage|p2b: Sinistcha|87\/100\n|-unboost|p2b: Sinistcha|accuracy|1\n|move|p2b: Sinistcha|Trick Room|p2b: Sinistcha\n|-fieldstart|move: Trick Room|[of] p2b: Sinistcha\n|\n|-heal|p2b: Sinistcha|94\/100|[from] item: Leftovers\n|upkeep\n|turn|2\n|\n|t:|1699906574\n|switch|p2b: Snorlax|Snorlax, F|100\/100\n|move|p2a: Clefairy|Protect|p2a: Clefairy\n|-singleturn|p2a: Clefairy|Protect\n|move|p1a: Gastrodon|Muddy Water|p2a: Clefairy|[spread] p2b\n|-activate|p2a: Clefairy|move: Protect\n|-damage|p2b: Snorlax|87\/100\n|move|p1b: Cramorant|Surf|p2a: Clefairy|[spread] p2b\n|-activate|p2a: Clefairy|move: Protect\n|-ability|p1a: Gastrodon|Storm Drain|boost\n|-boost|p1a: Gastrodon|spa|1\n|-formechange|p1b: Cramorant|Cramorant-Gulping|\n|-damage|p2b: Snorlax|78\/100\n|\n|upkeep\n|turn|3\n|\n|t:|1699906593\n|move|p2a: Clefairy|Follow Me|p2a: Clefairy\n|-singleturn|p2a: Clefairy|move: Follow Me\n|move|p2b: Snorlax|Belly Drum|p2b: Snorlax\n|-damage|p2b: Snorlax|28\/100\n|-setboost|p2b: Snorlax|atk|6|[from] move: Belly Drum\n|-enditem|p2b: Snorlax|Sitrus Berry|[eat]\n|-heal|p2b: Snorlax|53\/100|[from] item: Sitrus Berry\n|move|p1a: Gastrodon|Muddy Water|p2a: Clefairy|[spread] p2a\n|-miss|p1a: Gastrodon|p2b: Snorlax\n|-damage|p2a: Clefairy|51\/100\n|move|p1b: Cramorant|Surf|p2a: Clefairy|[spread] p2a,p2b\n|-ability|p1a: Gastrodon|Storm Drain|boost\n|-boost|p1a: Gastrodon|spa|1\n|-damage|p2a: Clefairy|40\/100\n|-damage|p2b: Snorlax|44\/100\n|\n|upkeep\n|turn|4\n|\n|t:|1699906616\n|move|p2b: Snorlax|Hammer Arm|p1a: Gastrodon\n|-damage|p1a: Gastrodon|0 fnt\n|-unboost|p2b: Snorlax|spe|1\n|faint|p1a: Gastrodon\n|move|p2a: Clefairy|Heal Pulse|p2b: Snorlax\n|-heal|p2b: Snorlax|94\/100\n|move|p1b: Cramorant|Surf|p2a: Clefairy|[spread] p2a,p2b\n|-damage|p2a: Clefairy|27\/100\n|-damage|p2b: Snorlax|85\/100\n|\n|-sideend|p1: AlyzanOverLORD|move: Tailwind\n|upkeep\n|\n|t:|1699906627\n|switch|p1a: Gyarados|Gyarados, M|100\/100\n|-ability|p1a: Gyarados|Intimidate|boost\n|-unboost|p2a: Clefairy|atk|1\n|-unboost|p2b: Snorlax|atk|1\n|turn|5\n|\n|t:|1699906655\n|switch|p2a: Iron Hands|Iron Hands|100\/100\n|move|p2b: Snorlax|Hammer Arm|p1b: Cramorant\n|-resisted|p1b: Cramorant\n|-enditem|p1b: Cramorant|Focus Sash\n|-damage|p1b: Cramorant|1\/100\n|-unboost|p2b: Snorlax|spe|1\n|-damage|p2b: Snorlax|60\/100|[from] ability: Gulp Missile|[of] p1b: Cramorant\n|-unboost|p2b: Snorlax|def|1\n|-formechange|p1b: Cramorant|Cramorant|\n|move|p1b: Cramorant|Tailwind|p1b: Cramorant\n|-sidestart|p1: AlyzanOverLORD|move: Tailwind\n|move|p1a: Gyarados|Scald|p2a: Iron Hands\n|-damage|p2a: Iron Hands|86\/100\n|\n|-fieldend|move: Trick Room\n|upkeep\n|turn|6\n|\n|t:|1699906682\n|move|p2a: Iron Hands|Fake Out|p1b: Cramorant\n|-damage|p1b: Cramorant|0 fnt\n|faint|p1b: Cramorant\n|move|p1a: Gyarados|Icy Wind|p2b: Snorlax|[spread] p2a,p2b\n|-damage|p2a: Iron Hands|80\/100\n|-damage|p2b: Snorlax|57\/100\n|-unboost|p2a: Iron Hands|spe|1\n|-unboost|p2b: Snorlax|spe|1\n|move|p2b: Snorlax|Hammer Arm|p1a: Gyarados|[miss]\n|-miss|p2b: Snorlax|p1a: Gyarados\n|\n|upkeep\n|inactive|AlyzanOverLORD has 120 seconds left.\n|\n|t:|1699906693\n|switch|p1b: Cloyster|Cloyster, F|100\/100\n|turn|7\n|\n|t:|1699906706\n|move|p1a: Gyarados|Icy Wind|p2a: Iron Hands|[spread] p2a,p2b\n|-damage|p2a: Iron Hands|74\/100\n|-damage|p2b: Snorlax|55\/100\n|-unboost|p2a: Iron Hands|spe|1\n|-unboost|p2b: Snorlax|spe|1\n|move|p1b: Cloyster|Poison Jab|p2b: Snorlax\n|-damage|p2b: Snorlax|22\/100\n|-status|p2b: Snorlax|psn\n|move|p2a: Iron Hands|Wild Charge|p1a: Gyarados\n|-supereffective|p1a: Gyarados\n|-damage|p1a: Gyarados|0 fnt\n|faint|p1a: Gyarados\n|-damage|p2a: Iron Hands|58\/100|[from] Recoil\n|move|p2b: Snorlax|Hammer Arm|p1b: Cloyster\n|-supereffective|p1b: Cloyster\n|-damage|p1b: Cloyster|0 fnt\n|-unboost|p2b: Snorlax|spe|1\n|faint|p1b: Cloyster\n|\n|-damage|p2b: Snorlax|10\/100 psn|[from] psn\n|upkeep\n|\n|t:|1699906717\n|switch|p1a: Empoleon|Empoleon, M, shiny|100\/100\n|switch|p1b: Basculegion|Basculegion-F, F|100\/100\n|turn|8\n|\n|t:|1699906743\n|-terastallize|p1b: Basculegion|Ghost\n|move|p1b: Basculegion|Last Respects|p2a: Iron Hands\n|-damage|p2a: Iron Hands|0 fnt\n|faint|p2a: Iron Hands\n|-end|p2a: Iron Hands|Quark Drive|[silent]\n|move|p1a: Empoleon|Air Slash|p2b: Snorlax\n|-damage|p2b: Snorlax|0 fnt\n|faint|p2b: Snorlax\n|-damage|p1a: Empoleon|91\/100|[from] item: Life Orb\n|\n|-sideend|p1: AlyzanOverLORD|move: Tailwind\n|upkeep\n|inactive|Korrokuma has 120 seconds left.\n|\n|t:|1699906756\n|switch|p2a: Sinistcha|Sinistcha|94\/100\n|switch|p2b: Landorus|Landorus-Therian, M|100\/100\n|-ability|p2b: Landorus|Intimidate|boost\n|-unboost|p1a: Empoleon|atk|1\n|-ability|p1a: Empoleon|Competitive|boost\n|-boost|p1a: Empoleon|spa|2\n|-unboost|p1b: Basculegion|atk|1\n|turn|9\n|\n|t:|1699906766\n|move|p1b: Basculegion|Last Respects|p2a: Sinistcha\n|-supereffective|p2a: Sinistcha\n|-damage|p2a: Sinistcha|0 fnt\n|faint|p2a: Sinistcha\n|move|p2b: Landorus|Bulldoze|p1b: Basculegion|[spread] p1a,p1b\n|-supereffective|p1a: Empoleon\n|-damage|p1a: Empoleon|42\/100\n|-damage|p1b: Basculegion|69\/100\n|-unboost|p1a: Empoleon|spe|1\n|-ability|p1a: Empoleon|Competitive|boost\n|-boost|p1a: Empoleon|spa|2\n|-unboost|p1b: Basculegion|spe|1\n|move|p1a: Empoleon|Ice Beam|p2b: Landorus\n|-supereffective|p2b: Landorus\n|-damage|p2b: Landorus|0 fnt\n|faint|p2b: Landorus\n|-damage|p1a: Empoleon|32\/100|[from] item: Life Orb\n|\n|upkeep\n|\n|t:|1699906780\n|switch|p2b: Clefairy|Clefairy, M|27\/100\n|switch|p2a: Torkoal|Torkoal, M|100\/100\n|-weather|SunnyDay|[from] ability: Drought|[of] p2a: Torkoal\n|turn|10\n|c|\u2606AlyzanOverLORD|gg?\n|\n|t:|1699906792\n|move|p2b: Clefairy|Follow Me|p2b: Clefairy\n|-singleturn|p2b: Clefairy|move: Follow Me\n|move|p1b: Basculegion|Last Respects|p2b: Clefairy\n|-damage|p2b: Clefairy|0 fnt\n|faint|p2b: Clefairy\n|move|p1a: Empoleon|Flash Cannon|p2a: Torkoal\n|-resisted|p2a: Torkoal\n|-enditem|p2a: Torkoal|Focus Sash\n|-damage|p2a: Torkoal|1\/100\n|-damage|p1a: Empoleon|22\/100|[from] item: Life Orb\n|move|p2a: Torkoal|Eruption|p1b: Basculegion|[spread] p1a,p1b\n|-crit|p1a: Empoleon\n|-damage|p1a: Empoleon|22\/100\n|-damage|p1b: Basculegion|68\/100\n|\n|-weather|SunnyDay|[upkeep]\n|upkeep\n|turn|11\n|c|\u2606AlyzanOverLORD|lmao\n|l|\u2606Korrokuma\n|inactive|Korrokuma disconnected and has a minute to reconnect!\n|player|p2|\n|c|\u2606AlyzanOverLORD|LMAO\n|c|\u2606AlyzanOverLORD|yeah you better leave\n|inactive|Korrokuma has 30 seconds to reconnect!\n|inactive|Korrokuma has 20 seconds to reconnect!\n|inactive|Korrokuma has 15 seconds to reconnect!\n|inactive|Korrokuma has 10 seconds to reconnect!\n|inactive|Korrokuma has 5 seconds to reconnect!\n|-message|Korrokuma lost due to inactivity.\n|\n|win|AlyzanOverLORD\n|raw|AlyzanOverLORD's rating: 1120 &rarr; <strong>1144<\/strong><br \/>(+24 for winning)\n|raw|Korrokuma's rating: 1108 &rarr; <strong>1084<\/strong><br \/>(-24 for losing)\n","uploadtime":1699906872,"views":7,"p1id":"alyzanoverlord","p2id":"korrokuma","formatid":"gen9doublesou","rating":1084,"private":0,"password":""}