{"id":"gen9doublesou-1997145258","p1":"Guy Oh","p2":"Cryptic_Brawler","format":"[Gen 9] Doubles OU","log":"|j|\u2606Guy Oh\n|j|\u2606Cryptic_Brawler\n|t:|1700769090\n|gametype|doubles\n|player|p1|Guy Oh|boarder|\n|player|p2|Cryptic_Brawler|ghetsis-gen5bw|\n|teamsize|p1|6\n|teamsize|p2|6\n|gen|9\n|tier|[Gen 9] Doubles OU\n|rule|Species Clause: Limit one of each Pok\u00e9mon\n|rule|OHKO Clause: OHKO moves are banned\n|rule|Evasion Moves Clause: Evasion moves are banned\n|rule|Gravity Sleep Clause: The combination of sleep-inducing moves with imperfect accuracy and Gravity or Gigantamax Orbeetle are banned\n|rule|Endless Battle Clause: Forcing endless battles is banned\n|rule|HP Percentage Mod: HP is shown in percentages\n|clearpoke\n|poke|p1|Amoonguss, F|\n|poke|p1|Gholdengo|\n|poke|p1|Iron Bundle|\n|poke|p1|Rillaboom, M|\n|poke|p1|Ninetales-Alola, M|\n|poke|p1|Iron Moth|\n|poke|p2|Espathra, F|\n|poke|p2|Ogerpon-Wellspring, F|\n|poke|p2|Roaring Moon|\n|poke|p2|Politoed, F|\n|poke|p2|Noivern, F|\n|poke|p2|Cinderace, F|\n|teampreview\n|j| sansbeatings\n|c| sansbeatings|bro used every ou pokemon\n|\n|t:|1700769106\n|start\n|switch|p1a: Gholdengo|Gholdengo|100\/100\n|switch|p1b: Amoonguss|Amoonguss, F|100\/100\n|switch|p2a: Ogerpon|Ogerpon-Wellspring, F|100\/100\n|switch|p2b: Espathra|Espathra, F|100\/100\n|turn|1\n|inactive|Battle timer is ON: inactive players will automatically lose when time's up. (requested by Cryptic_Brawler)\n|c| sansbeatings|big stall\n|c|\u2606Cryptic_Brawler|stop\n|\n|t:|1700769162\n|switch|p1b: Iron Bundle|Iron Bundle|100\/100\n|-enditem|p1b: Iron Bundle|Booster Energy\n|-activate|p1b: Iron Bundle|ability: Quark Drive|[fromitem]\n|-start|p1b: Iron Bundle|quarkdrivespe\n|move|p2a: Ogerpon|Follow Me|p2a: Ogerpon\n|-singleturn|p2a: Ogerpon|move: Follow Me\n|move|p2b: Espathra|Calm Mind|p2b: Espathra\n|-boost|p2b: Espathra|spa|1\n|-boost|p2b: Espathra|spd|1\n|move|p1a: Gholdengo|Shadow Ball|p2a: Ogerpon\n|-damage|p2a: Ogerpon|57\/100\n|\n|-ability|p2b: Espathra|Speed Boost|boost\n|-boost|p2b: Espathra|spe|1\n|upkeep\n|turn|2\n|c|\u2606Guy Oh|im thinking\n|c| sansbeatings|gholdengo amoonguss on the field\n|c| sansbeatings|what type of pokemon\n|c|\u2606Cryptic_Brawler|ikr\n|c|\u2606Cryptic_Brawler|silly ahh\n|c| sansbeatings|speed boost !??\n|c|\u2606Guy Oh|!weak ogerpon\n|c| Guy Oh|\/raw <div class=\"infobox\">Ogerpon (ignoring abilities):<br \/><span class=\"message-effect-weak\">Weaknesses<\/span>: Bug, Fire, Flying, Ice, Poison<br \/><span class=\"message-effect-resist\">Resistances<\/span>: Electric, Grass, Ground, Water<br \/><span class=\"message-effect-immune\">Immunities<\/span>: Powder moves<\/div>\n|c|\u2606Cryptic_Brawler|can you stop\n|inactive|Guy Oh has 270 seconds left.\n|c|\u2606Guy Oh|!weak espathra\n|c| Guy Oh|\/raw <div class=\"infobox\">Espathra (ignoring abilities):<br \/><span class=\"message-effect-weak\">Weaknesses<\/span>: Bug, Dark, Ghost<br \/><span class=\"message-effect-resist\">Resistances<\/span>: Fighting, Psychic<br \/><span class=\"message-effect-immune\">Immunities<\/span>: <font color=#999999>None<\/font><\/div>\n|c|\u2606Cryptic_Brawler|play the game for once\n|c|\u2606Cryptic_Brawler|oh my goodness\n|c|\u2606Cryptic_Brawler|its a base psychic type\n|\n|t:|1700769208\n|move|p2b: Espathra|Protect|p2b: Espathra\n|-singleturn|p2b: Espathra|Protect\n|move|p2a: Ogerpon|Spiky Shield|p2a: Ogerpon\n|-singleturn|p2a: Ogerpon|move: Protect\n|move|p1b: Iron Bundle|Ice Beam|p2a: Ogerpon\n|-activate|p2a: Ogerpon|move: Protect\n|move|p1a: Gholdengo|Make It Rain|p2b: Espathra|[spread] \n|-activate|p2a: Ogerpon|move: Protect\n|-activate|p2b: Espathra|move: Protect\n|\n|-ability|p2b: Espathra|Speed Boost|boost\n|-boost|p2b: Espathra|spe|1\n|upkeep\n|turn|3\n|c| sansbeatings|espathra better have 250 base stat total or somethig for it to be getting speed boost\n|inactive|Guy Oh has 270 seconds left.\n|c| sansbeatings|lololol make it rain\n|\n|t:|1700769225\n|move|p2a: Ogerpon|Follow Me|p2a: Ogerpon\n|-singleturn|p2a: Ogerpon|move: Follow Me\n|move|p2b: Espathra|Calm Mind|p2b: Espathra\n|-boost|p2b: Espathra|spa|1\n|-boost|p2b: Espathra|spd|1\n|move|p1b: Iron Bundle|Ice Beam|p2a: Ogerpon\n|-damage|p2a: Ogerpon|17\/100\n|move|p1a: Gholdengo|Make It Rain|p2b: Espathra|[spread] p2a,p2b\n|-resisted|p2a: Ogerpon\n|-damage|p2a: Ogerpon|0 fnt\n|-damage|p2b: Espathra|61\/100\n|-unboost|p1a: Gholdengo|spa|1\n|faint|p2a: Ogerpon\n|\n|-heal|p2b: Espathra|67\/100|[from] item: Leftovers\n|-ability|p2b: Espathra|Speed Boost|boost\n|-boost|p2b: Espathra|spe|1\n|upkeep\n|c|\u2606Cryptic_Brawler|goofy ahh move\n|\n|t:|1700769233\n|switch|p2a: Cinderace|Cinderace, F|100\/100\n|turn|4\n|c|\u2606Guy Oh|speed boost goofy as hell\n|\n|t:|1700769257\n|move|p2b: Espathra|Protect|p2b: Espathra\n|-singleturn|p2b: Espathra|Protect\n|move|p1b: Iron Bundle|Hydro Pump|p2a: Cinderace\n|-supereffective|p2a: Cinderace\n|-damage|p2a: Cinderace|0 fnt\n|faint|p2a: Cinderace\n|move|p1a: Gholdengo|Shadow Ball|p2b: Espathra\n|-activate|p2b: Espathra|move: Protect\n|\n|-heal|p2b: Espathra|73\/100|[from] item: Leftovers\n|-ability|p2b: Espathra|Speed Boost|boost\n|-boost|p2b: Espathra|spe|1\n|upkeep\n|c|\u2606Cryptic_Brawler|real\n|c|\u2606Cryptic_Brawler|alright bro what\n|c| sansbeatings|339 potential speed pokemon getting speedboost is kidna...\n|c|\u2606Cryptic_Brawler|how fast is he\n|c|\u2606Cryptic_Brawler|wtf\n|\n|t:|1700769270\n|switch|p2a: Roaring Moon|Roaring Moon|100\/100\n|-enditem|p2a: Roaring Moon|Booster Energy\n|-activate|p2a: Roaring Moon|ability: Protosynthesis|[fromitem]\n|-start|p2a: Roaring Moon|protosynthesisatk\n|turn|5\n|c|\u2606Guy Oh|!weak roaring moon\n|c| Guy Oh|\/raw <div class=\"infobox\">Roaring Moon (ignoring abilities):<br \/><span class=\"message-effect-weak\">Weaknesses<\/span>: Bug, Dragon, <b>Fairy<\/b>, Fighting, Ice<br \/><span class=\"message-effect-resist\">Resistances<\/span>: Dark, Electric, Fire, Ghost, Grass, Water<br \/><span class=\"message-effect-immune\">Immunities<\/span>: Psychic, Prankster<\/div>\n|c|\u2606Cryptic_Brawler|play the game\n|c|\u2606Cryptic_Brawler|good lord\n|c| sansbeatings|iron bundle speed goes up to 408 while roaring moon goes to 370\n|c| sansbeatings|intriguing\n|inactive|Guy Oh has 270 seconds left.\n|inactive|Cryptic_Brawler has 270 seconds left.\n|\n|t:|1700769311\n|move|p2b: Espathra|Stored Power|p1a: Gholdengo\n|-resisted|p1a: Gholdengo\n|-damage|p1a: Gholdengo|16\/100\n|-enditem|p1a: Gholdengo|Aguav Berry|[eat]\n|-heal|p1a: Gholdengo|50\/100|[from] item: Aguav Berry\n|move|p1b: Iron Bundle|Ice Beam|p2a: Roaring Moon\n|-supereffective|p2a: Roaring Moon\n|-damage|p2a: Roaring Moon|14\/100\n|move|p2a: Roaring Moon|Iron Head|p1b: Iron Bundle\n|-damage|p1b: Iron Bundle|51\/100\n|move|p1a: Gholdengo|Make It Rain|p2b: Espathra|[spread] p2a,p2b\n|-damage|p2a: Roaring Moon|0 fnt\n|-damage|p2b: Espathra|49\/100\n|-unboost|p1a: Gholdengo|spa|1\n|faint|p2a: Roaring Moon\n|-end|p2a: Roaring Moon|Protosynthesis|[silent]\n|\n|-heal|p2b: Espathra|55\/100|[from] item: Leftovers\n|-ability|p2b: Espathra|Speed Boost|boost\n|-boost|p2b: Espathra|spe|1\n|upkeep\n|c|\u2606Cryptic_Brawler|NNNNNOOOOOOO\n|c|\u2606Cryptic_Brawler|HOOOOOWWWWW\n|c|\u2606Cryptic_Brawler|this game bro\n|c|\u2606Cryptic_Brawler|im gonna cry\n|\n|t:|1700769331\n|switch|p2a: Politoed|Politoed, F|100\/100\n|-weather|RainDance|[from] ability: Drizzle|[of] p2a: Politoed\n|turn|6\n|inactive|Cryptic_Brawler has 270 seconds left.\n|c|\u2606Guy Oh|i shouldve brought trick room ursaluna\n|c| sansbeatings|espathra seems useless\n|c| sansbeatings|3 x speed 2 x special attack and cant one shot?\n|c|\u2606Cryptic_Brawler|put some respect\n|c|\u2606Cryptic_Brawler|on espathra\n|inactive|Guy Oh has 270 seconds left.\n|c|\u2606Guy Oh|y do u have drizzle\n|c|\u2606Guy Oh|on ur team\n|c|\u2606Guy Oh|disturbing\n|c| sansbeatings|tera water espathra hydro pump\n|inactive|Guy Oh has 240 seconds left.\n|\n|t:|1700769396\n|switch|p1a: Rillaboom|Rillaboom, M|100\/100\n|-fieldstart|move: Grassy Terrain|[from] ability: Grassy Surge|[of] p1a: Rillaboom\n|move|p1b: Iron Bundle|Protect|p1b: Iron Bundle\n|-singleturn|p1b: Iron Bundle|Protect\n|move|p2b: Espathra|Stored Power|p1b: Iron Bundle\n|-activate|p1b: Iron Bundle|move: Protect\n|move|p2a: Politoed|Earth Power|p1a: Rillaboom\n|-resisted|p1a: Rillaboom\n|-damage|p1a: Rillaboom|83\/100\n|\n|-weather|RainDance|[upkeep]\n|-heal|p2b: Espathra|62\/100|[from] Grassy Terrain\n|-heal|p2b: Espathra|68\/100|[from] item: Leftovers\n|-heal|p1b: Iron Bundle|57\/100|[from] Grassy Terrain\n|-heal|p1a: Rillaboom|89\/100|[from] Grassy Terrain\n|-ability|p2b: Espathra|Speed Boost|boost\n|-boost|p2b: Espathra|spe|1\n|upkeep\n|turn|7\n|c|\u2606Cryptic_Brawler|just wait\n|c|\u2606Cryptic_Brawler|brother\n|c|\u2606Cryptic_Brawler|whats your problem\n|inactive|Cryptic_Brawler has 270 seconds left.\n|inactive|Guy Oh has 240 seconds left.\n|c| sansbeatings|that espathra better kill all of izane's pokemon in one go with those stat boosts\n|\n|t:|1700769435\n|-terastallize|p2b: Espathra|Steel\n|move|p1a: Rillaboom|Grassy Glide|p2a: Politoed\n|-supereffective|p2a: Politoed\n|-damage|p2a: Politoed|0 fnt\n|faint|p2a: Politoed\n|move|p2b: Espathra|Stored Power|p1b: Iron Bundle\n|-damage|p1b: Iron Bundle|0 fnt\n|faint|p1b: Iron Bundle\n|-end|p1b: Iron Bundle|Quark Drive|[silent]\n|\n|-weather|RainDance|[upkeep]\n|-heal|p2b: Espathra|74\/100|[from] Grassy Terrain\n|-heal|p2b: Espathra|80\/100|[from] item: Leftovers\n|-heal|p1a: Rillaboom|95\/100|[from] Grassy Terrain\n|upkeep\n|inactive|Cryptic_Brawler has 270 seconds left.\n|c|\u2606Cryptic_Brawler|gahhhh\n|inactive|Guy Oh has 240 seconds left.\n|c|\u2606Cryptic_Brawler|my politoed\n|c|\u2606Guy Oh|thank god psychic is such an annoying type\u00b4\n|\n|t:|1700769455\n|switch|p1b: Iron Moth|Iron Moth|100\/100\n|switch|p2a: Noivern|Noivern, F|100\/100\n|-enditem|p1b: Iron Moth|Booster Energy\n|-activate|p1b: Iron Moth|ability: Quark Drive|[fromitem]\n|-start|p1b: Iron Moth|quarkdrivespa\n|turn|8\n|c| sansbeatings|tera steel flash cannon!?\n|inactive|Guy Oh has 240 seconds left.\n|c|\u2606Cryptic_Brawler|stored power bro\n|inactive|Cryptic_Brawler has 270 seconds left.\n|\n|t:|1700769477\n|-terastallize|p1b: Iron Moth|Fire\n|move|p2b: Espathra|Stored Power|p1b: Iron Moth\n|-damage|p1b: Iron Moth|0 fnt\n|faint|p1b: Iron Moth\n|-end|p1b: Iron Moth|Quark Drive|[silent]\n|move|p2a: Noivern|Hurricane|p1a: Rillaboom\n|-supereffective|p1a: Rillaboom\n|-damage|p1a: Rillaboom|0 fnt\n|faint|p1a: Rillaboom\n|\n|-weather|RainDance|[upkeep]\n|-heal|p2b: Espathra|86\/100|[from] Grassy Terrain\n|-heal|p2b: Espathra|92\/100|[from] item: Leftovers\n|upkeep\n|c|\u2606Cryptic_Brawler|IM COOKING\n|c|\u2606Guy Oh|WHAAAAT\n|c|\u2606Cryptic_Brawler|WAAAAIT\n|c|\u2606Cryptic_Brawler|WAIT\n|c| sansbeatings|WHAAAAT\n|c|\u2606Cryptic_Brawler|WAIT\n|c|\u2606Cryptic_Brawler|WAIT\n|c|\u2606Cryptic_Brawler|WAIT\n|c| sansbeatings|NO WAY\n|c|\u2606Guy Oh|WHAAAAAT\n|c|\u2606Cryptic_Brawler|NO WAY\n|c|\u2606Guy Oh|WHAAAAT\n|c|\u2606Cryptic_Brawler|NO WAY\n|c|\u2606Cryptic_Brawler|IT WORKS\n|c|\u2606Cryptic_Brawler|ITS OVER BRO\n|inactive|Guy Oh has 210 seconds left.\n|\n|t:|1700769515\n|switch|p1b: Gholdengo|Gholdengo|50\/100\n|switch|p1a: Amoonguss|Amoonguss, F|100\/100\n|turn|9\n|\n|t:|1700769526\n|move|p1b: Gholdengo|Protect|p1b: Gholdengo\n|-singleturn|p1b: Gholdengo|Protect\n|move|p2b: Espathra|Stored Power|p1b: Gholdengo\n|-activate|p1b: Gholdengo|move: Protect\n|move|p2a: Noivern|Tailwind|p2a: Noivern\n|-sidestart|p2: Cryptic_Brawler|move: Tailwind\n|move|p1a: Amoonguss|Spore|p2b: Espathra\n|-status|p2b: Espathra|slp|[from] move: Spore\n|\n|-weather|RainDance|[upkeep]\n|-heal|p2b: Espathra|98\/100 slp|[from] Grassy Terrain\n|-heal|p2b: Espathra|100\/100 slp|[from] item: Leftovers\n|-heal|p1b: Gholdengo|56\/100|[from] Grassy Terrain\n|upkeep\n|turn|10\n|inactive|Guy Oh has 240 seconds left.\n|c| sansbeatings|no way\n|c|\u2606Cryptic_Brawler|stop\n|c|\u2606Cryptic_Brawler|hurry hurry\n|c|\u2606Cryptic_Brawler|please\n|\n|t:|1700769558\n|cant|p2b: Espathra|slp\n|move|p2a: Noivern|Hurricane|p1a: Amoonguss\n|-supereffective|p1a: Amoonguss\n|-damage|p1a: Amoonguss|6\/100\n|move|p1b: Gholdengo|Shadow Ball|p2b: Espathra\n|-damage|p2b: Espathra|65\/100 slp\n|move|p1a: Amoonguss|Sludge Bomb|p2a: Noivern\n|-damage|p2a: Noivern|51\/100\n|\n|-weather|RainDance|[upkeep]\n|-heal|p2b: Espathra|71\/100 slp|[from] Grassy Terrain\n|-heal|p2b: Espathra|77\/100 slp|[from] item: Leftovers\n|-heal|p1b: Gholdengo|62\/100|[from] Grassy Terrain\n|-heal|p1a: Amoonguss|12\/100|[from] Grassy Terrain\n|-heal|p1a: Amoonguss|18\/100|[from] item: Leftovers\n|-fieldend|move: Grassy Terrain\n|upkeep\n|turn|11\n|\n|t:|1700769579\n|cant|p2b: Espathra|slp\n|move|p2a: Noivern|Boomburst|p1a: Amoonguss|[spread] p2b,p1a\n|-immune|p1b: Gholdengo\n|-resisted|p2b: Espathra\n|-damage|p2b: Espathra|65\/100 slp\n|-damage|p1a: Amoonguss|0 fnt\n|faint|p1a: Amoonguss\n|move|p1b: Gholdengo|Shadow Ball|p2b: Espathra\n|-damage|p2b: Espathra|32\/100 slp\n|\n|-weather|RainDance|[upkeep]\n|-heal|p2b: Espathra|38\/100 slp|[from] item: Leftovers\n|upkeep\n|c| sansbeatings|espathra went to sleep and will wake up to see nothing but destruction\n|c|\u2606Cryptic_Brawler|come on bro please\n|\n|t:|1700769591\n|switch|p1a: Ninetales|Ninetales-Alola, M|100\/100\n|-weather|Snow|[from] ability: Snow Warning|[of] p1a: Ninetales\n|turn|12\n|c|\u2606Cryptic_Brawler|let me live\n|\n|t:|1700769602\n|-curestatus|p2b: Espathra|slp|[msg]\n|move|p2b: Espathra|Stored Power|p1b: Gholdengo\n|-resisted|p1b: Gholdengo\n|-damage|p1b: Gholdengo|0 fnt\n|faint|p1b: Gholdengo\n|move|p2a: Noivern|Boomburst|p1a: Ninetales|[spread] p2b,p1a\n|-resisted|p2b: Espathra\n|-damage|p2b: Espathra|26\/100\n|-damage|p1a: Ninetales|66\/100\n|move|p1a: Ninetales|Blizzard|p2b: Espathra|[spread] p2a,p2b\n|-supereffective|p2a: Noivern\n|-resisted|p2b: Espathra\n|-damage|p2a: Noivern|0 fnt\n|-damage|p2b: Espathra|14\/100\n|faint|p2a: Noivern\n|\n|-weather|Snow|[upkeep]\n|-heal|p2b: Espathra|20\/100|[from] item: Leftovers\n|-sideend|p2: Cryptic_Brawler|move: Tailwind\n|upkeep\n|turn|13\n|c| sansbeatings|NO WAY\n|c|\u2606Cryptic_Brawler|YESESSSSS\n|c|\u2606Cryptic_Brawler|YEEEEEESSSSSS\n|c|\u2606Cryptic_Brawler|YTEEEEEEESESSS\n|c|\u2606Cryptic_Brawler|no\n|c| sansbeatings|SAVE THE SOUL SOCIETY ESPATHRA\n|c|\u2606Cryptic_Brawler|no way\n|c|\u2606Guy Oh|SO STUPID\n|inactive|Guy Oh has 240 seconds left.\n|\n|t:|1700769628\n|move|p2b: Espathra|Stored Power|p1a: Ninetales\n|-damage|p1a: Ninetales|0 fnt\n|faint|p1a: Ninetales\n|\n|win|Cryptic_Brawler\n|c|\u2606Cryptic_Brawler|IM THE BEEEEEESTTTTT\n|c| sansbeatings|LOLOLOL\n|c|\u2606Guy Oh|trash\n|c|\u2606Guy Oh|trash team\n|c|\u2606Guy Oh|trash\n","uploadtime":1700769639,"views":5,"p1id":"guyoh","p2id":"crypticbrawler","formatid":"gen9doublesou","rating":0,"private":0,"password":""}