{"id":"gen9doublesou-1984359619","p1":"dreamer_bro","p2":"DMartz64","format":"[Gen 9] Doubles OU","log":"|j|\u2606dreamer_bro\n|j|\u203dDMartz64\n|t:|1699249277\n|gametype|doubles\n|player|p1|dreamer_bro|steven|1175\n|player|p2|DMartz64|brock|1214\n|teamsize|p1|6\n|teamsize|p2|6\n|gen|9\n|tier|[Gen 9] Doubles OU\n|rated|\n|rule|Species Clause: Limit one of each Pok\u00e9mon\n|rule|OHKO Clause: OHKO moves are banned\n|rule|Evasion Moves Clause: Evasion moves are banned\n|rule|Gravity Sleep Clause: The combination of sleep-inducing moves with imperfect accuracy and Gravity or Gigantamax Orbeetle are banned\n|rule|Endless Battle Clause: Forcing endless battles is banned\n|rule|HP Percentage Mod: HP is shown in percentages\n|clearpoke\n|poke|p1|Pelipper, M|\n|poke|p1|Ludicolo, F|\n|poke|p1|Zapdos|\n|poke|p1|Ogerpon-Wellspring, F|\n|poke|p1|Poliwrath, F|\n|poke|p1|Barraskewda, M|\n|poke|p2|Garganacl, M|\n|poke|p2|Kleavor, M|\n|poke|p2|Tyranitar, M|\n|poke|p2|Arcanine-Hisui, F|\n|poke|p2|Coalossal, M|\n|poke|p2|Glimmora, F|\n|teampreview\n|inactive|Battle timer is ON: inactive players will automatically lose when time's up. (requested by dreamer_bro)\n|\n|t:|1699249296\n|start\n|switch|p1a: Brid|Pelipper, M|100\/100\n|switch|p1b: Forg|Poliwrath, F|100\/100\n|switch|p2a: Coalossal|Coalossal, M|100\/100\n|switch|p2b: Tyranitar|Tyranitar, M|100\/100\n|-weather|RainDance|[from] ability: Drizzle|[of] p1a: Brid\n|-weather|Sandstorm|[from] ability: Sand Stream|[of] p2b: Tyranitar\n|turn|1\n|\n|t:|1699249315\n|switch|p1a: Plunt|Ludicolo, F, shiny|100\/100\n|-terastallize|p2a: Coalossal|Grass\n|move|p1b: Forg|Liquidation|p2a: Coalossal\n|-resisted|p2a: Coalossal\n|-damage|p2a: Coalossal|81\/100\n|-ability|p2a: Coalossal|Steam Engine|boost\n|-boost|p2a: Coalossal|spe|6\n|-enditem|p2a: Coalossal|Absorb Bulb\n|-boost|p2a: Coalossal|spa|1|[from] item: Absorb Bulb\n|move|p2a: Coalossal|Tera Blast|p1b: Forg|[anim] Tera Blast Grass\n|-supereffective|p1b: Forg\n|-damage|p1b: Forg|22\/100\n|move|p2b: Tyranitar|Surf|p1b: Forg|[spread] p2a,p1a,p1b\n|-resisted|p2a: Coalossal\n|-resisted|p1a: Plunt\n|-resisted|p1b: Forg\n|-damage|p2a: Coalossal|75\/100\n|-damage|p1a: Plunt|99\/100\n|-damage|p1b: Forg|15\/100\n|\n|-weather|Sandstorm|[upkeep]\n|-damage|p2a: Coalossal|69\/100|[from] Sandstorm\n|-damage|p1b: Forg|8\/100|[from] Sandstorm\n|-damage|p1a: Plunt|93\/100|[from] Sandstorm\n|upkeep\n|turn|2\n|\n|t:|1699249339\n|switch|p1b: Brid|Pelipper, M|100\/100\n|-weather|RainDance|[from] ability: Drizzle|[of] p1b: Brid\n|move|p2a: Coalossal|Heat Wave|p1a: Plunt|[spread] p1a,p1b\n|-resisted|p1b: Brid\n|-damage|p1a: Plunt|83\/100\n|-damage|p1b: Brid|91\/100\n|move|p1a: Plunt|Brick Break|p2b: Tyranitar\n|-supereffective|p2b: Tyranitar\n|-damage|p2b: Tyranitar|41\/100\n|move|p2b: Tyranitar|Crunch|p1a: Plunt\n|-damage|p1a: Plunt|21\/100\n|-unboost|p1a: Plunt|def|1\n|\n|-weather|RainDance|[upkeep]\n|-heal|p1a: Plunt|27\/100|[from] ability: Rain Dish\n|-heal|p1b: Brid|97\/100|[from] item: Leftovers\n|upkeep\n|turn|3\n|\n|t:|1699249360\n|move|p2a: Coalossal|Power Gem|p1b: Brid\n|-supereffective|p1b: Brid\n|-damage|p1b: Brid|0 fnt\n|faint|p1b: Brid\n|move|p1a: Plunt|Brick Break|p2a: Coalossal\n|-damage|p2a: Coalossal|55\/100\n|move|p2b: Tyranitar|Crunch|p1a: Plunt\n|-damage|p1a: Plunt|0 fnt\n|faint|p1a: Plunt\n|\n|-weather|RainDance|[upkeep]\n|upkeep\n|\n|t:|1699249374\n|switch|p1a: Zoop|Zapdos|100\/100\n|switch|p1b: Sadge|Ogerpon-Wellspring, F|100\/100\n|-ability|p1a: Zoop|Pressure\n|turn|4\n|\n|t:|1699249388\n|move|p2a: Coalossal|Tera Blast|p1b: Sadge|[anim] Tera Blast Grass\n|-damage|p1b: Sadge|59\/100\n|move|p1b: Sadge|Stomping Tantrum|p2b: Tyranitar\n|-supereffective|p2b: Tyranitar\n|-damage|p2b: Tyranitar|0 fnt\n|faint|p2b: Tyranitar\n|move|p1a: Zoop|Ancient Power|p2a: Coalossal\n|-damage|p2a: Coalossal|32\/100\n|-damage|p1a: Zoop|91\/100|[from] item: Life Orb\n|\n|-weather|RainDance|[upkeep]\n|upkeep\n|inactive|DMartz64 has 120 seconds left.\n|\n|t:|1699249419\n|switch|p2b: Kleavor|Kleavor, M|100\/100\n|turn|5\n|\n|t:|1699249442\n|move|p2a: Coalossal|Tera Blast|p1b: Sadge|[anim] Tera Blast Grass\n|-damage|p1b: Sadge|20\/100\n|move|p2b: Kleavor|Stone Axe|p1a: Zoop\n|-supereffective|p1a: Zoop\n|-damage|p1a: Zoop|0 fnt\n|-sidestart|p1: dreamer_bro|move: Stealth Rock\n|faint|p1a: Zoop\n|move|p1b: Sadge|Ivy Cudgel|p2b: Kleavor\n|-supereffective|p2b: Kleavor\n|-damage|p2b: Kleavor|0 fnt\n|faint|p2b: Kleavor\n|\n|-weather|RainDance|[upkeep]\n|upkeep\n|\n|t:|1699249463\n|switch|p1a: Fsh|Barraskewda, M|100\/100\n|switch|p2b: Arcanine|Arcanine-Hisui, F|100\/100\n|-damage|p1a: Fsh|88\/100|[from] Stealth Rock\n|turn|6\n|\n|t:|1699249472\n|move|p1a: Fsh|Poison Jab|p2a: Coalossal\n|-supereffective|p2a: Coalossal\n|-damage|p2a: Coalossal|0 fnt\n|faint|p2a: Coalossal\n|move|p1b: Sadge|Ivy Cudgel|p2b: Arcanine\n|-supereffective|p2b: Arcanine\n|-damage|p2b: Arcanine|0 fnt\n|faint|p2b: Arcanine\n|\n|-weather|none\n|upkeep\n|\n|t:|1699249482\n|switch|p2b: Garganacl|Garganacl, M|100\/100\n|switch|p2a: Glimmora|Glimmora, F|100\/100\n|turn|7\n|\n|t:|1699249490\n|switch|p1a: Forg|Poliwrath, F|8\/100\n|-damage|p1a: Forg|2\/100|[from] Stealth Rock\n|move|p1b: Sadge|Ivy Cudgel|p2b: Garganacl\n|-supereffective|p2b: Garganacl\n|-damage|p2b: Garganacl|23\/100\n|move|p2a: Glimmora|Energy Ball|p1a: Forg\n|-supereffective|p1a: Forg\n|-damage|p1a: Forg|0 fnt\n|faint|p1a: Forg\n|move|p2b: Garganacl|Body Press|p1b: Sadge\n|-damage|p1b: Sadge|0 fnt\n|faint|p1b: Sadge\n|\n|upkeep\n|\n|t:|1699249498\n|switch|p1b: Fsh|Barraskewda, M|88\/100\n|-damage|p1b: Fsh|76\/100|[from] Stealth Rock\n|turn|8\n|\n|t:|1699249510\n|move|p1b: Fsh|Liquidation|p2b: Garganacl\n|-supereffective|p2b: Garganacl\n|-crit|p2b: Garganacl\n|-damage|p2b: Garganacl|0 fnt\n|faint|p2b: Garganacl\n|move|p2a: Glimmora|Energy Ball|p1b: Fsh\n|-supereffective|p1b: Fsh\n|-damage|p1b: Fsh|0 fnt\n|faint|p1b: Fsh\n|\n|win|DMartz64\n|raw|dreamer_bro's rating: 1175 &rarr; <strong>1153<\/strong><br \/>(-22 for losing)\n|raw|DMartz64's rating: 1214 &rarr; <strong>1236<\/strong><br \/>(+22 for winning)\n|l|\u2606dreamer_bro\n","uploadtime":1699249572,"views":27,"p1id":"dreamerbro","p2id":"dmartz64","formatid":"gen9doublesou","rating":1153,"private":0,"password":""}