{"id":"gen9doublesou-1974910662","p1":"wsjlyr","p2":"Roitelet","format":"[Gen 9] Doubles OU","log":"|j|\u2606wsjlyr\n|j|\u2606Roitelet\n|t:|1698143472\n|gametype|doubles\n|player|p1|wsjlyr|lucas|1089\n|player|p2|Roitelet|birdkeeper-gen4dp|1088\n|teamsize|p1|6\n|teamsize|p2|6\n|gen|9\n|tier|[Gen 9] Doubles OU\n|rated|\n|rule|Species Clause: Limit one of each Pok\u00e9mon\n|rule|OHKO Clause: OHKO moves are banned\n|rule|Evasion Moves Clause: Evasion moves are banned\n|rule|Gravity Sleep Clause: The combination of sleep-inducing moves with imperfect accuracy and Gravity or Gigantamax Orbeetle are banned\n|rule|Endless Battle Clause: Forcing endless battles is banned\n|rule|HP Percentage Mod: HP is shown in percentages\n|clearpoke\n|poke|p1|Landorus-Therian, M|\n|poke|p1|Arcanine, M|\n|poke|p1|Salamence, F|\n|poke|p1|Overqwil, M|\n|poke|p1|Chansey, F|\n|poke|p1|Glimmora, M|\n|poke|p2|Indeedee-F, F|\n|poke|p2|Armarouge, M|\n|poke|p2|Tyranitar, F|\n|poke|p2|Hatterene, F|\n|poke|p2|Iron Hands|\n|poke|p2|Oranguru, M|\n|teampreview\n|inactive|Battle timer is ON: inactive players will automatically lose when time's up. (requested by wsjlyr)\n|\n|t:|1698143483\n|start\n|switch|p1a: Salamence|Salamence, F|100\/100\n|switch|p1b: Chansey|Chansey, F|100\/100\n|switch|p2a: Hatterene|Hatterene, F|100\/100\n|switch|p2b: Iron Hands|Iron Hands|100\/100\n|turn|1\n|\n|t:|1698143501\n|move|p2b: Iron Hands|Fake Out|p1a: Salamence\n|-damage|p1a: Salamence|81\/100\n|cant|p1a: Salamence|flinch\n|move|p1b: Chansey|Seismic Toss|p2b: Iron Hands\n|-damage|p2b: Iron Hands|81\/100\n|move|p2a: Hatterene|Trick Room|p2a: Hatterene\n|-fieldstart|move: Trick Room|[of] p2a: Hatterene\n|\n|upkeep\n|turn|2\n|\n|t:|1698143518\n|switch|p1b: Overqwil|Overqwil, M|100\/100\n|-ability|p1b: Overqwil|Intimidate|boost\n|-unboost|p2a: Hatterene|atk|1\n|-unboost|p2b: Iron Hands|atk|1\n|switch|p1a: Arcanine|Arcanine, M|100\/100\n|-ability|p1a: Arcanine|Intimidate|boost\n|-unboost|p2a: Hatterene|atk|1\n|-unboost|p2b: Iron Hands|atk|1\n|move|p2a: Hatterene|Dazzling Gleam|p1a: Arcanine|[spread] p1a,p1b\n|-resisted|p1a: Arcanine\n|-damage|p1a: Arcanine|83\/100\n|-damage|p1b: Overqwil|47\/100\n|move|p2b: Iron Hands|Brick Break|p1b: Overqwil\n|-damage|p1b: Overqwil|23\/100\n|\n|-heal|p1a: Arcanine|89\/100|[from] item: Leftovers\n|upkeep\n|turn|3\n|\n|t:|1698143535\n|switch|p1a: Landorus|Landorus-Therian, M|100\/100\n|-ability|p1a: Landorus|Intimidate|boost\n|-unboost|p2a: Hatterene|atk|1\n|-unboost|p2b: Iron Hands|atk|1\n|switch|p1b: Chansey|Chansey, F|100\/100\n|move|p2a: Hatterene|Dazzling Gleam|p1a: Landorus|[spread] p1a,p1b\n|-damage|p1a: Landorus|63\/100\n|-damage|p1b: Chansey|90\/100\n|move|p2b: Iron Hands|Close Combat|p1a: Landorus\n|-resisted|p1a: Landorus\n|-damage|p1a: Landorus|50\/100\n|-unboost|p2b: Iron Hands|def|1\n|-unboost|p2b: Iron Hands|spd|1\n|-damage|p2b: Iron Hands|64\/100|[from] item: Rocky Helmet|[of] p1a: Landorus\n|\n|upkeep\n|turn|4\n|\n|t:|1698143559\n|switch|p1b: Arcanine|Arcanine, M|89\/100\n|-ability|p1b: Arcanine|Intimidate|boost\n|-unboost|p2a: Hatterene|atk|1\n|-unboost|p2b: Iron Hands|atk|1\n|move|p1a: Landorus|Protect|p1a: Landorus\n|-singleturn|p1a: Landorus|Protect\n|move|p2a: Hatterene|Psychic|p1a: Landorus\n|-activate|p1a: Landorus|move: Protect\n|move|p2b: Iron Hands|Close Combat|p1b: Arcanine\n|-damage|p1b: Arcanine|66\/100\n|-unboost|p2b: Iron Hands|def|1\n|-unboost|p2b: Iron Hands|spd|1\n|\n|-heal|p1b: Arcanine|72\/100|[from] item: Leftovers\n|upkeep\n|turn|5\n|\n|t:|1698143578\n|-end|p2b: Iron Hands|Quark Drive|[silent]\n|switch|p2b: Tyranitar|Tyranitar, F|100\/100\n|-weather|Sandstorm|[from] ability: Sand Stream|[of] p2b: Tyranitar\n|switch|p1a: Glimmora|Glimmora, M|100\/100\n|move|p2a: Hatterene|Dazzling Gleam|p1b: Arcanine|[spread] p1a,p1b\n|-resisted|p1a: Glimmora\n|-resisted|p1b: Arcanine\n|-damage|p1a: Glimmora|83\/100\n|-damage|p1b: Arcanine|53\/100\n|move|p1b: Arcanine|Flare Blitz|p2b: Tyranitar\n|-resisted|p2b: Tyranitar\n|-damage|p2b: Tyranitar|79\/100\n|-damage|p1b: Arcanine|45\/100|[from] Recoil\n|\n|-weather|Sandstorm|[upkeep]\n|-damage|p2a: Hatterene|95\/100|[from] Sandstorm\n|-damage|p1b: Arcanine|39\/100|[from] Sandstorm\n|-heal|p1b: Arcanine|45\/100|[from] item: Leftovers\n|-fieldend|move: Trick Room\n|upkeep\n|turn|6\n|inactive|Roitelet has 120 seconds left.\n|\n|t:|1698143609\n|switch|p1b: Landorus|Landorus-Therian, M|50\/100\n|-ability|p1b: Landorus|Intimidate|boost\n|-unboost|p2a: Hatterene|atk|1\n|-unboost|p2b: Tyranitar|atk|1\n|move|p1a: Glimmora|Mortal Spin|p2a: Hatterene|[spread] p2a,p2b\n|-supereffective|p2a: Hatterene\n|-resisted|p2b: Tyranitar\n|-damage|p2a: Hatterene|83\/100\n|-damage|p2b: Tyranitar|77\/100\n|-status|p2b: Tyranitar|psn\n|-enditem|p2b: Tyranitar|Lum Berry|[eat]\n|-curestatus|p2b: Tyranitar|psn|[msg]\n|move|p2b: Tyranitar|Rock Slide|p1a: Glimmora|[spread] p1a,p1b\n|-damage|p1a: Glimmora|58\/100\n|-damage|p1b: Landorus|30\/100\n|-activate|p1a: Glimmora|ability: Toxic Debris\n|-sidestart|p2: Roitelet|move: Toxic Spikes\n|move|p2a: Hatterene|Trick Room|p2a: Hatterene\n|-fieldstart|move: Trick Room|[of] p2a: Hatterene\n|\n|-weather|Sandstorm|[upkeep]\n|-damage|p2a: Hatterene|77\/100|[from] Sandstorm\n|upkeep\n|turn|7\n|\n|t:|1698143632\n|move|p1b: Landorus|Protect|p1b: Landorus\n|-singleturn|p1b: Landorus|Protect\n|move|p2a: Hatterene|Dazzling Gleam|p1b: Landorus|[spread] p1a\n|-activate|p1b: Landorus|move: Protect\n|-resisted|p1a: Glimmora\n|-damage|p1a: Glimmora|41\/100\n|move|p2b: Tyranitar|Knock Off|p1b: Landorus\n|-activate|p1b: Landorus|move: Protect\n|move|p1a: Glimmora|Mortal Spin|p2b: Tyranitar|[spread] p2a,p2b\n|-supereffective|p2a: Hatterene\n|-resisted|p2b: Tyranitar\n|-damage|p2a: Hatterene|65\/100\n|-damage|p2b: Tyranitar|75\/100\n|-status|p2b: Tyranitar|psn\n|\n|-weather|Sandstorm|[upkeep]\n|-damage|p2a: Hatterene|59\/100|[from] Sandstorm\n|-damage|p2b: Tyranitar|63\/100 psn|[from] psn\n|upkeep\n|turn|8\n|\n|t:|1698143659\n|switch|p1b: Chansey|Chansey, F|90\/100\n|move|p2a: Hatterene|Psychic|p1a: Glimmora\n|-supereffective|p1a: Glimmora\n|-damage|p1a: Glimmora|0 fnt\n|faint|p1a: Glimmora\n|move|p2b: Tyranitar|Ice Punch|p1b: Chansey\n|-damage|p1b: Chansey|78\/100\n|\n|-weather|Sandstorm|[upkeep]\n|-damage|p2a: Hatterene|53\/100|[from] Sandstorm\n|-damage|p1b: Chansey|71\/100|[from] Sandstorm\n|-damage|p2b: Tyranitar|50\/100 psn|[from] psn\n|upkeep\n|inactive|wsjlyr has 120 seconds left.\n|\n|t:|1698143674\n|switch|p1a: Landorus|Landorus-Therian, M|30\/100\n|-ability|p1a: Landorus|Intimidate|boost\n|-unboost|p2a: Hatterene|atk|1\n|-unboost|p2b: Tyranitar|atk|1\n|turn|9\n|\n|t:|1698143685\n|move|p2a: Hatterene|Psychic|p1b: Chansey\n|-damage|p1b: Chansey|56\/100\n|move|p2b: Tyranitar|Ice Punch|p1a: Landorus\n|-supereffective|p1a: Landorus\n|-damage|p1a: Landorus|0 fnt\n|-damage|p2b: Tyranitar|34\/100 psn|[from] item: Rocky Helmet|[of] p1a: Landorus\n|faint|p1a: Landorus\n|move|p1b: Chansey|Seismic Toss|p2a: Hatterene\n|-damage|p2a: Hatterene|22\/100\n|\n|-weather|none\n|-damage|p2b: Tyranitar|22\/100 psn|[from] psn\n|upkeep\n|\n|t:|1698143702\n|switch|p1a: Salamence|Salamence, F|81\/100\n|turn|10\n|\n|t:|1698143721\n|switch|p1b: Overqwil|Overqwil, M|23\/100\n|-ability|p1b: Overqwil|Intimidate|boost\n|-unboost|p2a: Hatterene|atk|0\n|-unboost|p2b: Tyranitar|atk|1\n|-terastallize|p1a: Salamence|Steel\n|move|p2a: Hatterene|Dazzling Gleam|p1b: Overqwil|[spread] p1a,p1b\n|-resisted|p1a: Salamence\n|-crit|p1a: Salamence\n|-damage|p1a: Salamence|49\/100\n|-damage|p1b: Overqwil|0 fnt\n|faint|p1b: Overqwil\n|move|p2b: Tyranitar|Rock Slide|p1a: Salamence\n|-resisted|p1a: Salamence\n|-damage|p1a: Salamence|38\/100\n|cant|p1a: Salamence|flinch\n|\n|-damage|p2b: Tyranitar|9\/100 psn|[from] psn\n|-fieldend|move: Trick Room\n|upkeep\n|\n|t:|1698143740\n|switch|p1b: Arcanine|Arcanine, M|45\/100\n|-ability|p1b: Arcanine|Intimidate|boost\n|-unboost|p2a: Hatterene|atk|0\n|-unboost|p2b: Tyranitar|atk|1\n|turn|11\n|\n|t:|1698143756\n|move|p1a: Salamence|Earthquake|p2b: Tyranitar|[spread] p1b,p2a,p2b\n|-supereffective|p1b: Arcanine\n|-supereffective|p2b: Tyranitar\n|-crit|p2b: Tyranitar\n|-damage|p1b: Arcanine|0 fnt\n|-damage|p2a: Hatterene|0 fnt\n|-damage|p2b: Tyranitar|0 fnt\n|faint|p1b: Arcanine\n|faint|p2a: Hatterene\n|faint|p2b: Tyranitar\n|-ability|p1a: Salamence|Moxie|boost\n|-boost|p1a: Salamence|atk|3\n|\n|upkeep\n|\n|t:|1698143762\n|switch|p1b: Chansey|Chansey, F|56\/100\n|switch|p2b: Armarouge|Armarouge, M|100\/100\n|switch|p2a: Indeedee|Indeedee-F, F|100\/100\n|-status|p2a: Indeedee|psn\n|-fieldstart|move: Psychic Terrain|[from] ability: Psychic Surge|[of] p2a: Indeedee\n|-enditem|p2a: Indeedee|Psychic Seed\n|-boost|p2a: Indeedee|spd|1|[from] item: Psychic Seed\n|-status|p2b: Armarouge|psn\n|turn|12\n|\n|t:|1698143777\n|move|p2a: Indeedee|Follow Me|p2a: Indeedee\n|-singleturn|p2a: Indeedee|move: Follow Me\n|move|p1a: Salamence|Earthquake|p2a: Indeedee|[spread] p1b,p2a,p2b\n|-supereffective|p2b: Armarouge\n|-crit|p2b: Armarouge\n|-damage|p1b: Chansey|6\/100\n|-damage|p2a: Indeedee|0 fnt\n|-damage|p2b: Armarouge|0 fnt\n|faint|p2a: Indeedee\n|faint|p2b: Armarouge\n|-ability|p1a: Salamence|Moxie|boost\n|-boost|p1a: Salamence|atk|2\n|move|p1b: Chansey|Seismic Toss|p2: Indeedee|[notarget]\n|-fail|p1b: Chansey\n|\n|upkeep\n|\n|t:|1698143786\n|switch|p2a: Iron Hands|Iron Hands|64\/100\n|switch|p2b: Oranguru|Oranguru, M|100\/100\n|-status|p2b: Oranguru|psn\n|-status|p2a: Iron Hands|psn\n|turn|13\n|\n|t:|1698143797\n|move|p2a: Iron Hands|Fake Out|p1a: Salamence\n|-activate|p1a: Salamence|move: Psychic Terrain\n|move|p1a: Salamence|Earthquake|p2b: Oranguru|[spread] p1b,p2a,p2b\n|-supereffective|p2a: Iron Hands\n|-damage|p1b: Chansey|0 fnt\n|-damage|p2a: Iron Hands|0 fnt\n|-damage|p2b: Oranguru|23\/100 psn\n|faint|p1b: Chansey\n|faint|p2a: Iron Hands\n|-end|p2a: Iron Hands|Quark Drive|[silent]\n|-ability|p1a: Salamence|Moxie|boost\n|-boost|p1a: Salamence|atk|1\n|move|p2b: Oranguru|Trick Room|p2b: Oranguru\n|-fieldstart|move: Trick Room|[of] p2b: Oranguru\n|\n|-damage|p2b: Oranguru|11\/100 psn|[from] psn\n|upkeep\n|turn|14\n|\n|t:|1698143808\n|move|p2b: Oranguru|Psychic|p1a: Salamence\n|-resisted|p1a: Salamence\n|-damage|p1a: Salamence|15\/100\n|move|p1a: Salamence|Earthquake|p2b: Oranguru\n|-damage|p2b: Oranguru|0 fnt\n|faint|p2b: Oranguru\n|\n|win|wsjlyr\n|raw|wsjlyr's rating: 1089 &rarr; <strong>1116<\/strong><br \/>(+27 for winning)\n|raw|Roitelet's rating: 1088 &rarr; <strong>1065<\/strong><br \/>(-23 for losing)\n|l|\u2606Roitelet\n|l|\u2606wsjlyr\n|j|\u2606wsjlyr\n|player|p1|wsjlyr|lucas\n","uploadtime":1698143900,"views":31,"p1id":"wsjlyr","p2id":"roitelet","formatid":"gen9doublesou","rating":1065,"private":0,"password":""}