{"id":"gen9doublesou-1970838829","p1":"SXD2002","p2":"Howlpup13","format":"[Gen 9] Doubles OU","log":"|j|\u2606SXD2002\n|j|\u2606Howlpup13\n|t:|1697672395\n|gametype|doubles\n|player|p1|SXD2002|silver-masters|1066\n|player|p2|Howlpup13|169|1066\n|teamsize|p1|4\n|teamsize|p2|6\n|gen|9\n|tier|[Gen 9] Doubles OU\n|rated|\n|rule|Species Clause: Limit one of each Pok\u00e9mon\n|rule|OHKO Clause: OHKO moves are banned\n|rule|Evasion Moves Clause: Evasion moves are banned\n|rule|Gravity Sleep Clause: The combination of sleep-inducing moves with imperfect accuracy and Gravity or Gigantamax Orbeetle are banned\n|rule|Endless Battle Clause: Forcing endless battles is banned\n|rule|HP Percentage Mod: HP is shown in percentages\n|clearpoke\n|poke|p1|Lurantis, F|\n|poke|p1|Murkrow, M|\n|poke|p1|Grimmsnarl, M|\n|poke|p1|Clefairy, F|\n|poke|p2|Volbeat, M|\n|poke|p2|Golduck, M|\n|poke|p2|Vaporeon, F|\n|poke|p2|Politoed, M|\n|poke|p2|Volcanion|\n|poke|p2|Indeedee-F, F|\n|teampreview\n|inactive|Battle timer is ON: inactive players will automatically lose when time's up. (requested by SXD2002)\n|\n|t:|1697672418\n|start\n|switch|p1a: Grimmsnarl|Grimmsnarl, M|100\/100\n|switch|p1b: Lurantis|Lurantis, F|100\/100\n|switch|p2a: Vaporeon|Vaporeon, F|100\/100\n|switch|p2b: Politoed|Politoed, M|100\/100\n|turn|1\n|\n|t:|1697672430\n|-terastallize|p1b: Lurantis|Steel\n|move|p1a: Grimmsnarl|Fake Tears|p1b: Lurantis\n|-boost|p1b: Lurantis|spd|2\n|move|p2b: Politoed|Rain Dance|p2b: Politoed\n|-weather|RainDance\n|move|p2a: Vaporeon|Surf|p1b: Lurantis|[spread] p1a,p1b\n|-immune|p2b: Politoed|[from] ability: Water Absorb\n|-damage|p1a: Grimmsnarl|64\/100\n|-damage|p1b: Lurantis|81\/100\n|move|p1b: Lurantis|Leaf Storm|p2b: Politoed|[miss]\n|-miss|p1b: Lurantis|p2b: Politoed\n|\n|-weather|RainDance|[upkeep]\n|-heal|p1a: Grimmsnarl|71\/100|[from] item: Leftovers\n|-heal|p1b: Lurantis|87\/100|[from] item: Leftovers\n|upkeep\n|turn|2\n|\n|t:|1697672456\n|-terastallize|p2a: Vaporeon|Water\n|move|p1a: Grimmsnarl|Fake Tears|p1b: Lurantis\n|-boost|p1b: Lurantis|spd|2\n|move|p2b: Politoed|Surf|p1a: Grimmsnarl|[spread] p1a,p1b\n|-immune|p2a: Vaporeon|[from] ability: Water Absorb\n|-damage|p1a: Grimmsnarl|38\/100\n|-damage|p1b: Lurantis|74\/100\n|move|p2a: Vaporeon|Surf|p1a: Grimmsnarl|[spread] p1a,p1b\n|-immune|p2b: Politoed|[from] ability: Water Absorb\n|-damage|p1a: Grimmsnarl|0 fnt\n|-damage|p1b: Lurantis|55\/100\n|faint|p1a: Grimmsnarl\n|move|p1b: Lurantis|Leaf Storm|p2a: Vaporeon|[miss]\n|-miss|p1b: Lurantis|p2a: Vaporeon\n|\n|-weather|RainDance|[upkeep]\n|-heal|p1b: Lurantis|61\/100|[from] item: Leftovers\n|upkeep\n|\n|t:|1697672474\n|switch|p1a: Murkrow|Murkrow, M|100\/100\n|turn|3\n|\n|t:|1697672489\n|move|p1a: Murkrow|Thunder Wave|p2a: Vaporeon\n|-status|p2a: Vaporeon|par\n|move|p2b: Politoed|Surf|p1a: Murkrow|[spread] p1a,p1b\n|-immune|p2a: Vaporeon|[from] ability: Water Absorb\n|-damage|p1a: Murkrow|62\/100\n|-damage|p1b: Lurantis|50\/100\n|move|p1b: Lurantis|Leaf Storm|p2a: Vaporeon\n|-supereffective|p2a: Vaporeon\n|-damage|p2a: Vaporeon|63\/100 par\n|-boost|p1b: Lurantis|spa|2\n|move|p2a: Vaporeon|Surf|p1b: Lurantis|[spread] p1a,p1b\n|-immune|p2b: Politoed|[from] ability: Water Absorb\n|-damage|p1a: Murkrow|9\/100\n|-damage|p1b: Lurantis|31\/100\n|\n|-weather|RainDance|[upkeep]\n|-heal|p1b: Lurantis|37\/100|[from] item: Leftovers\n|upkeep\n|turn|4\n|\n|t:|1697672511\n|move|p1b: Lurantis|Protect|p1b: Lurantis\n|-singleturn|p1b: Lurantis|Protect\n|move|p1a: Murkrow|Thunder Wave|p2b: Politoed|[miss]\n|-miss|p1a: Murkrow|p2b: Politoed\n|move|p2b: Politoed|Surf|p1a: Murkrow|[spread] p1a\n|-activate|p1b: Lurantis|move: Protect\n|-heal|p2a: Vaporeon|88\/100 par|[from] ability: Water Absorb|[of] p2b: Politoed\n|-damage|p1a: Murkrow|0 fnt\n|faint|p1a: Murkrow\n|move|p2a: Vaporeon|Surf|p1b: Lurantis|[spread] \n|-activate|p1b: Lurantis|move: Protect\n|-immune|p2b: Politoed|[from] ability: Water Absorb\n|\n|-weather|RainDance|[upkeep]\n|-heal|p1b: Lurantis|44\/100|[from] item: Leftovers\n|upkeep\n|\n|t:|1697672516\n|switch|p1a: Clefairy|Clefairy, F|100\/100\n|turn|5\n|\n|t:|1697672531\n|move|p2b: Politoed|Surf|p1a: Clefairy|[spread] p1a,p1b\n|-heal|p2a: Vaporeon|100\/100 par|[from] ability: Water Absorb|[of] p2b: Politoed\n|-damage|p1a: Clefairy|74\/100\n|-damage|p1b: Lurantis|35\/100\n|move|p1b: Lurantis|Leaf Storm|p2a: Vaporeon\n|-supereffective|p2a: Vaporeon\n|-damage|p2a: Vaporeon|29\/100 par\n|-boost|p1b: Lurantis|spa|2\n|move|p1a: Clefairy|Life Dew|p1a: Clefairy|[spread] p1a,p1b\n|-heal|p1a: Clefairy|99\/100\n|-heal|p1b: Lurantis|60\/100\n|move|p2a: Vaporeon|Surf|p1b: Lurantis|[spread] p1a,p1b\n|-immune|p2b: Politoed|[from] ability: Water Absorb\n|-damage|p1a: Clefairy|57\/100\n|-damage|p1b: Lurantis|48\/100\n|\n|-weather|none\n|-heal|p1b: Lurantis|54\/100|[from] item: Leftovers\n|upkeep\n|turn|6\n|\n|t:|1697672559\n|move|p2b: Politoed|Rain Dance|p2b: Politoed\n|-weather|RainDance\n|move|p1b: Lurantis|Leaf Storm|p2b: Politoed\n|-supereffective|p2b: Politoed\n|-damage|p2b: Politoed|0 fnt\n|-boost|p1b: Lurantis|spa|2\n|faint|p2b: Politoed\n|move|p1a: Clefairy|Life Dew|p1a: Clefairy|[spread] p1a,p1b\n|-heal|p1a: Clefairy|82\/100\n|-heal|p1b: Lurantis|79\/100\n|move|p2a: Vaporeon|Surf|p1b: Lurantis|[spread] p1a,p1b\n|-damage|p1a: Clefairy|39\/100\n|-damage|p1b: Lurantis|67\/100\n|\n|-weather|RainDance|[upkeep]\n|-heal|p1b: Lurantis|73\/100|[from] item: Leftovers\n|upkeep\n|inactive|Howlpup13 has 120 seconds left.\n|\n|t:|1697672577\n|switch|p2b: Volbeat|Volbeat, M|100\/100\n|turn|7\n|\n|t:|1697672586\n|move|p2b: Volbeat|Tail Glow|p2b: Volbeat\n|-boost|p2b: Volbeat|spa|3\n|move|p1b: Lurantis|Leaf Storm|p2a: Vaporeon\n|-supereffective|p2a: Vaporeon\n|-crit|p2a: Vaporeon\n|-damage|p2a: Vaporeon|0 fnt\n|faint|p2a: Vaporeon\n|move|p1a: Clefairy|Life Dew|p1a: Clefairy|[spread] p1a,p1b\n|-heal|p1a: Clefairy|64\/100\n|-heal|p1b: Lurantis|98\/100\n|\n|-weather|RainDance|[upkeep]\n|-heal|p1b: Lurantis|100\/100|[from] item: Leftovers\n|upkeep\n|\n|t:|1697672599\n|switch|p2a: Indeedee|Indeedee-F, F|100\/100\n|-fieldstart|move: Psychic Terrain|[from] ability: Psychic Surge|[of] p2a: Indeedee\n|turn|8\n|\n|t:|1697672606\n|move|p1a: Clefairy|Follow Me|p1a: Clefairy\n|-singleturn|p1a: Clefairy|move: Follow Me\n|move|p2a: Indeedee|Psych Up|p1a: Clefairy\n|-copyboost|p2a: Indeedee|p1a: Clefairy|[from] move: Psych Up\n|move|p2b: Volbeat|Baton Pass|p2b: Volbeat\n|\n|t:|1697672612\n|switch|p2b: Volcanion|Volcanion|100\/100|[from] Baton Pass\n|move|p1b: Lurantis|Pollen Puff|p2a: Indeedee\n|-supereffective|p2a: Indeedee\n|-enditem|p2a: Indeedee|Focus Sash\n|-damage|p2a: Indeedee|1\/100\n|\n|-weather|RainDance|[upkeep]\n|upkeep\n|turn|9\n|\n|t:|1697672635\n|move|p1a: Clefairy|Follow Me|p1a: Clefairy\n|-singleturn|p1a: Clefairy|move: Follow Me\n|move|p2a: Indeedee|Dazzling Gleam|p1b: Lurantis|[spread] p1a,p1b\n|-resisted|p1b: Lurantis\n|-damage|p1a: Clefairy|54\/100\n|-damage|p1b: Lurantis|99\/100\n|move|p2b: Volcanion|Earth Power|p1a: Clefairy\n|-damage|p1a: Clefairy|4\/100\n|move|p1b: Lurantis|Leaf Storm|p2b: Volcanion\n|-damage|p2b: Volcanion|0 fnt\n|faint|p2b: Volcanion\n|\n|-weather|RainDance|[upkeep]\n|-heal|p1b: Lurantis|100\/100|[from] item: Leftovers\n|upkeep\n|\n|t:|1697672650\n|switch|p2b: Golduck|Golduck, M|100\/100\n|turn|10\n|\n|t:|1697672664\n|move|p1a: Clefairy|Protect|p1a: Clefairy\n|-singleturn|p1a: Clefairy|Protect\n|move|p2b: Golduck|Psych Up|p1b: Lurantis\n|-copyboost|p2b: Golduck|p1b: Lurantis|[from] move: Psych Up\n|move|p2a: Indeedee|Dazzling Gleam|p1b: Lurantis|[spread] p1b\n|-activate|p1a: Clefairy|move: Protect\n|-resisted|p1b: Lurantis\n|-damage|p1b: Lurantis|99\/100\n|move|p1b: Lurantis|Leaf Storm|p2b: Golduck\n|-supereffective|p2b: Golduck\n|-enditem|p2b: Golduck|Focus Sash\n|-damage|p2b: Golduck|1\/100\n|\n|-weather|none\n|-heal|p1b: Lurantis|100\/100|[from] item: Leftovers\n|upkeep\n|turn|11\n|\n|t:|1697672688\n|move|p1a: Clefairy|Follow Me|p1a: Clefairy\n|-singleturn|p1a: Clefairy|move: Follow Me\n|move|p2a: Indeedee|Dazzling Gleam|p1a: Clefairy|[spread] p1a,p1b\n|-resisted|p1b: Lurantis\n|-damage|p1a: Clefairy|0 fnt\n|-damage|p1b: Lurantis|99\/100\n|faint|p1a: Clefairy\n|move|p2b: Golduck|Surf|p1b: Lurantis|[spread] p2a,p1b\n|-damage|p2a: Indeedee|0 fnt\n|-damage|p1b: Lurantis|70\/100\n|faint|p2a: Indeedee\n|move|p1b: Lurantis|Pollen Puff|p2b: Golduck\n|-damage|p2b: Golduck|0 fnt\n|faint|p2b: Golduck\n|\n|-heal|p1b: Lurantis|76\/100|[from] item: Leftovers\n|upkeep\n|inactive|Howlpup13 has 120 seconds left.\n|\n|t:|1697672705\n|switch|p2b: Volbeat|Volbeat, M|100\/100\n|turn|12\n|\n|t:|1697672711\n|move|p2b: Volbeat|Bug Buzz|p1b: Lurantis\n|-resisted|p1b: Lurantis\n|-damage|p1b: Lurantis|74\/100\n|move|p1b: Lurantis|Pollen Puff|p2b: Volbeat\n|-damage|p2b: Volbeat|34\/100\n|\n|-heal|p1b: Lurantis|80\/100|[from] item: Leftovers\n|-fieldend|move: Psychic Terrain\n|upkeep\n|turn|13\n|c|\u2606SXD2002|gg\n|\n|t:|1697672722\n|move|p2b: Volbeat|Dazzling Gleam|p1b: Lurantis\n|-resisted|p1b: Lurantis\n|-damage|p1b: Lurantis|79\/100\n|move|p1b: Lurantis|Pollen Puff|p2b: Volbeat\n|-damage|p2b: Volbeat|0 fnt\n|faint|p2b: Volbeat\n|\n|win|SXD2002\n|raw|SXD2002's rating: 1066 &rarr; <strong>1096<\/strong><br \/>(+30 for winning)\n|raw|Howlpup13's rating: 1066 &rarr; <strong>1046<\/strong><br \/>(-20 for losing)\n|l|\u2606Howlpup13\n","uploadtime":1697672731,"views":11,"p1id":"sxd2002","p2id":"howlpup13","formatid":"gen9doublesou","rating":1046,"private":0,"password":""}