{"id":"gen9doublesou-1978573962","p1":"Thehombre","p2":"DatGroove","format":"[Gen 9] Doubles OU","log":"|j|\u2606Thehombre\n|j|\u2606DatGroove\n|t:|1698558583\n|gametype|doubles\n|player|p1|Thehombre|102|1132\n|player|p2|DatGroove|barry|1176\n|teamsize|p1|6\n|teamsize|p2|6\n|gen|9\n|tier|[Gen 9] Doubles OU\n|rated|\n|rule|Species Clause: Limit one of each Pok\u00e9mon\n|rule|OHKO Clause: OHKO moves are banned\n|rule|Evasion Moves Clause: Evasion moves are banned\n|rule|Gravity Sleep Clause: The combination of sleep-inducing moves with imperfect accuracy and Gravity or Gigantamax Orbeetle are banned\n|rule|Endless Battle Clause: Forcing endless battles is banned\n|rule|HP Percentage Mod: HP is shown in percentages\n|clearpoke\n|poke|p1|Maushold-Four|\n|poke|p1|Sableye, F|\n|poke|p1|Sinistcha-Masterpiece|\n|poke|p1|Garganacl, F|\n|poke|p1|Clefairy, F|\n|poke|p1|Dusclops, M|\n|poke|p2|Ninetales-Alola, F|\n|poke|p2|Palafin, F|\n|poke|p2|Flutter Mane|\n|poke|p2|Armarouge, M|\n|poke|p2|Chien-Pao|\n|poke|p2|Indeedee-F, F|\n|teampreview\n|inactive|Battle timer is ON: inactive players will automatically lose when time's up. (requested by Thehombre)\n|\n|t:|1698558595\n|start\n|switch|p1a: Maushold|Maushold-Four|100\/100\n|switch|p1b: Sableye|Sableye, F|100\/100\n|switch|p2a: Ninetales|Ninetales-Alola, F|100\/100\n|switch|p2b: Palafin|Palafin, F|100\/100\n|-weather|Snow|[from] ability: Snow Warning|[of] p2a: Ninetales\n|turn|1\n|\n|t:|1698558613\n|move|p1b: Sableye|Taunt|p2a: Ninetales\n|-start|p2a: Ninetales|move: Taunt\n|move|p1a: Maushold|Tidy Up|p1a: Maushold\n|-boost|p1a: Maushold|atk|1\n|-boost|p1a: Maushold|spe|1\n|cant|p2a: Ninetales|move: Taunt|Aurora Veil\n|move|p2b: Palafin|Flip Turn|p1a: Maushold\n|-damage|p1a: Maushold|59\/100\n|\n|t:|1698558625\n|detailschange|p2b: Palafin|Palafin-Hero, F\n|switch|p2b: Armarouge|Armarouge, M|100\/100|[from] Flip Turn\n|\n|-weather|Snow|[upkeep]\n|upkeep\n|turn|2\n|inactive|DatGroove has 120 seconds left.\n|\n|t:|1698558657\n|move|p1b: Sableye|Taunt|p2b: Armarouge\n|-start|p2b: Armarouge|move: Taunt\n|move|p1a: Maushold|Population Bomb|p2a: Ninetales\n|-damage|p2a: Ninetales|82\/100\n|-damage|p2a: Ninetales|63\/100\n|-damage|p2a: Ninetales|41\/100\n|-damage|p2a: Ninetales|20\/100\n|-damage|p2a: Ninetales|0 fnt\n|faint|p2a: Ninetales\n|-hitcount|p2: Ninetales|5\n|cant|p2b: Armarouge|move: Taunt|Will-O-Wisp\n|\n|-weather|Snow|[upkeep]\n|upkeep\n|inactive|DatGroove has 120 seconds left.\n|\n|t:|1698558675\n|switch|p2a: Chien-Pao|Chien-Pao|100\/100\n|-ability|p2a: Chien-Pao|Sword of Ruin\n|turn|3\n|\n|t:|1698558689\n|switch|p2b: Palafin|Palafin-Hero, F|100\/100\n|-activate|p2b: Palafin|ability: Zero to Hero\n|-terastallize|p2a: Chien-Pao|Fighting\n|move|p1a: Maushold|Protect|p1a: Maushold\n|-singleturn|p1a: Maushold|Protect\n|move|p1b: Sableye|Gravity|p1b: Sableye\n|-fieldstart|move: Gravity\n|move|p2a: Chien-Pao|Sacred Sword|p1b: Sableye\n|-immune|p1b: Sableye\n|\n|-weather|Snow|[upkeep]\n|upkeep\n|turn|4\n|\n|t:|1698558709\n|move|p1b: Sableye|Will-O-Wisp|p2b: Palafin\n|-status|p2b: Palafin|brn\n|move|p1a: Maushold|Population Bomb|p2a: Chien-Pao\n|-damage|p2a: Chien-Pao|74\/100\n|-damage|p2a: Chien-Pao|48\/100\n|-damage|p2a: Chien-Pao|19\/100\n|-damage|p2a: Chien-Pao|0 fnt\n|faint|p2a: Chien-Pao\n|-hitcount|p2: Chien-Pao|4\n|move|p2b: Palafin|Wave Crash|p1b: Sableye\n|-damage|p1b: Sableye|42\/100\n|-damage|p2b: Palafin|83\/100 brn|[from] Recoil\n|\n|-weather|Snow|[upkeep]\n|-heal|p1b: Sableye|48\/100|[from] item: Leftovers\n|-damage|p2b: Palafin|77\/100 brn|[from] brn\n|upkeep\n|inactive|DatGroove has 120 seconds left.\n|\n|t:|1698558741\n|switch|p2a: Indeedee|Indeedee-F, F|100\/100\n|-fieldstart|move: Psychic Terrain|[from] ability: Psychic Surge|[of] p2a: Indeedee\n|turn|5\n|\n|t:|1698558754\n|move|p1a: Maushold|Population Bomb|p2b: Palafin\n|-damage|p2b: Palafin|55\/100 brn\n|-damage|p2b: Palafin|34\/100 brn\n|-damage|p2b: Palafin|15\/100 brn\n|-damage|p2b: Palafin|0 fnt\n|faint|p2b: Palafin\n|-hitcount|p2: Palafin|4\n|move|p2a: Indeedee|Heal Pulse|p2: Palafin|[notarget]\n|-fail|p2a: Indeedee\n|move|p1b: Sableye|Foul Play|p2a: Indeedee\n|-supereffective|p2a: Indeedee\n|-damage|p2a: Indeedee|47\/100\n|-enditem|p2a: Indeedee|Sitrus Berry|[eat]\n|-heal|p2a: Indeedee|72\/100|[from] item: Sitrus Berry\n|\n|-weather|none\n|-heal|p1b: Sableye|54\/100|[from] item: Leftovers\n|upkeep\n|-message|DatGroove forfeited.\n|\n|win|Thehombre\n|raw|Thehombre's rating: 1132 &rarr; <strong>1160<\/strong><br \/>(+28 for winning)\n|raw|DatGroove's rating: 1176 &rarr; <strong>1148<\/strong><br \/>(-28 for losing)\n|l|\u2606DatGroove\n","uploadtime":1698558774,"views":22,"p1id":"thehombre","p2id":"datgroove","formatid":"gen9doublesou","rating":1148,"private":0,"password":""}