{"id":"gen9doublesou-1985898166","p1":"gbutters19","p2":"Civ9977","format":"[Gen 9] Doubles OU","log":"|j|\u2606gbutters19\n|j|\u2606Civ9977\n|t:|1699419324\n|gametype|doubles\n|player|p1|gbutters19|chef|\n|player|p2|Civ9977|265|\n|teamsize|p1|6\n|teamsize|p2|6\n|gen|9\n|tier|[Gen 9] Doubles OU\n|rule|Species Clause: Limit one of each Pok\u00e9mon\n|rule|OHKO Clause: OHKO moves are banned\n|rule|Evasion Moves Clause: Evasion moves are banned\n|rule|Gravity Sleep Clause: The combination of sleep-inducing moves with imperfect accuracy and Gravity or Gigantamax Orbeetle are banned\n|rule|Endless Battle Clause: Forcing endless battles is banned\n|rule|HP Percentage Mod: HP is shown in percentages\n|clearpoke\n|poke|p1|Dusclops, F|\n|poke|p1|Iron Hands|\n|poke|p1|Cresselia, F|\n|poke|p1|Landorus-Therian, M|\n|poke|p1|Sylveon, F|\n|poke|p1|Chesnaught, M|\n|poke|p2|Ursaluna-Bloodmoon, M|\n|poke|p2|Gholdengo|\n|poke|p2|Articuno-Galar|\n|poke|p2|Weezing-Galar, F|\n|poke|p2|Spiritomb, F|\n|poke|p2|Ting-Lu|\n|teampreview\n|c|\u2606gbutters19|glhf!\n|\n|t:|1699419354\n|start\n|switch|p1a: Landorus|Landorus-Therian, M, shiny|100\/100\n|switch|p1b: Sylveon|Sylveon, F, shiny|100\/100\n|switch|p2a: Pompous Butler|Articuno-Galar, shiny|100\/100\n|switch|p2b: Gasious Clay|Weezing-Galar, F, shiny|100\/100\n|-ability|p2b: Gasious Clay|Neutralizing Gas\n|-block|p1b: Sylveon|item: Ability Shield\n|turn|1\n|\n|t:|1699419378\n|switch|p1b: Cresselia|Cresselia, F|100\/100\n|move|p1a: Landorus|Stomping Tantrum|p2b: Gasious Clay\n|-supereffective|p2b: Gasious Clay\n|-damage|p2b: Gasious Clay|30\/100\n|move|p2b: Gasious Clay|Sludge Bomb|p1b: Cresselia\n|-damage|p1b: Cresselia|85\/100\n|move|p2a: Pompous Butler|Trick Room|p2a: Pompous Butler\n|-fieldstart|move: Trick Room|[of] p2a: Pompous Butler\n|\n|-heal|p2b: Gasious Clay|36\/100|[from] item: Black Sludge\n|upkeep\n|turn|2\n|\n|t:|1699419409\n|-end|p2b: Gasious Clay|ability: Neutralizing Gas\n|-ability|p1a: Landorus|Intimidate|boost\n|-unboost|p2a: Pompous Butler|atk|1\n|-ability|p2a: Pompous Butler|Competitive|boost\n|-boost|p2a: Pompous Butler|spa|2\n|-unboost|p2b: Gasious Clay|atk|1\n|switch|p2b: Rainman|Ting-Lu|100\/100\n|-ability|p2b: Rainman|Vessel of Ruin\n|move|p1b: Cresselia|Ally Switch|p1b: Cresselia\n|swap|p1b: Cresselia|0|[from] move: Ally Switch\n|move|p2a: Pompous Butler|Reflect|p2a: Pompous Butler\n|-sidestart|p2: Civ9977|Reflect\n|move|p1b: Landorus|Stomping Tantrum|p2b: Rainman\n|-damage|p2b: Rainman|83\/100\n|\n|-heal|p2b: Rainman|90\/100|[from] item: Leftovers\n|upkeep\n|turn|3\n|\n|t:|1699419448\n|switch|p1b: Iron Hands|Iron Hands, shiny|100\/100\n|move|p2b: Rainman|Ruination|p1b: Iron Hands\n|-damage|p1b: Iron Hands|50\/100\n|move|p1a: Cresselia|Moonblast|p2b: Rainman\n|-supereffective|p2b: Rainman\n|-damage|p2b: Rainman|72\/100\n|-unboost|p2b: Rainman|spa|1\n|move|p2a: Pompous Butler|Freezing Glare|p1b: Iron Hands\n|-supereffective|p1b: Iron Hands\n|-damage|p1b: Iron Hands|0 fnt\n|faint|p1b: Iron Hands\n|-end|p1b: Iron Hands|Quark Drive|[silent]\n|\n|-heal|p2b: Rainman|78\/100|[from] item: Leftovers\n|upkeep\n|\n|t:|1699419464\n|switch|p1b: Sylveon|Sylveon, F, shiny|100\/100\n|turn|4\n|\n|t:|1699419492\n|move|p2b: Rainman|Rock Slide|p1a: Cresselia|[spread] p1a,p1b\n|-crit|p1b: Sylveon\n|-damage|p1a: Cresselia|74\/100\n|-damage|p1b: Sylveon|70\/100\n|move|p1b: Sylveon|Hyper Voice|p2b: Rainman|[spread] p2a,p2b\n|-supereffective|p2b: Rainman\n|-damage|p2a: Pompous Butler|74\/100\n|-damage|p2b: Rainman|38\/100\n|move|p1a: Cresselia|Lunar Blessing|p1a: Cresselia|[spread] p1a,p1b\n|-heal|p1a: Cresselia|99\/100\n|-heal|p1b: Sylveon|95\/100\n|move|p2a: Pompous Butler|Air Slash|p1a: Cresselia\n|-damage|p1a: Cresselia|73\/100\n|\n|-heal|p2b: Rainman|44\/100|[from] item: Leftovers\n|upkeep\n|turn|5\n|\n|t:|1699419518\n|move|p1b: Sylveon|Protect|p1b: Sylveon\n|-singleturn|p1b: Sylveon|Protect\n|move|p2b: Rainman|Ruination|p1a: Cresselia\n|-damage|p1a: Cresselia|37\/100\n|move|p1a: Cresselia|Lunar Blessing|p1a: Cresselia|[spread] p1a,p1b\n|-heal|p1a: Cresselia|62\/100\n|-heal|p1b: Sylveon|100\/100\n|move|p2a: Pompous Butler|Freezing Glare|p1a: Cresselia\n|-resisted|p1a: Cresselia\n|-damage|p1a: Cresselia|44\/100\n|\n|-heal|p2b: Rainman|50\/100|[from] item: Leftovers\n|-fieldend|move: Trick Room\n|upkeep\n|turn|6\n|\n|t:|1699419542\n|move|p2a: Pompous Butler|Freezing Glare|p1a: Cresselia\n|-resisted|p1a: Cresselia\n|-damage|p1a: Cresselia|28\/100\n|move|p1a: Cresselia|Lunar Blessing|p1a: Cresselia|[spread] p1a,p1b\n|-heal|p1a: Cresselia|53\/100\n|move|p1b: Sylveon|Hyper Voice|p2a: Pompous Butler|[spread] p2a,p2b\n|-supereffective|p2b: Rainman\n|-damage|p2a: Pompous Butler|48\/100\n|-damage|p2b: Rainman|8\/100\n|move|p2b: Rainman|Whirlwind|p1a: Cresselia\n|drag|p1a: Dusclops|Dusclops, F, shiny|100\/100\n|-item|p2a: Pompous Butler|Mental Herb|[from] ability: Frisk|[of] p1a: Dusclops|[identify]\n|-item|p2b: Rainman|Leftovers|[from] ability: Frisk|[of] p1a: Dusclops|[identify]\n|\n|-heal|p2b: Rainman|15\/100|[from] item: Leftovers\n|-sideend|p2: Civ9977|Reflect\n|upkeep\n|turn|7\n|j| ff4fan\n|c| ff4fan|o\/\n|c|\u2606gbutters19|o\/\n|\n|t:|1699419577\n|move|p2a: Pompous Butler|Air Slash|p1a: Dusclops\n|-crit|p1a: Dusclops\n|-damage|p1a: Dusclops|53\/100\n|move|p1b: Sylveon|Hyper Voice|p2b: Rainman|[spread] p2a,p2b\n|-supereffective|p2b: Rainman\n|-damage|p2a: Pompous Butler|21\/100\n|-damage|p2b: Rainman|0 fnt\n|faint|p2b: Rainman\n|move|p1a: Dusclops|Night Shade|p2a: Pompous Butler\n|-damage|p2a: Pompous Butler|0 fnt\n|faint|p2a: Pompous Butler\n|\n|upkeep\n|\n|t:|1699419591\n|switch|p2a: Forbidden Soup|Spiritomb, F, shiny|100\/100\n|switch|p2b: Menage A Beat|Gholdengo|100\/100\n|turn|8\n|\n|t:|1699419609\n|move|p1b: Sylveon|Protect|p1b: Sylveon\n|-singleturn|p1b: Sylveon|Protect\n|move|p2b: Menage A Beat|Make It Rain|p1a: Dusclops|[spread] p1a\n|-activate|p1b: Sylveon|move: Protect\n|-damage|p1a: Dusclops|5\/100\n|-unboost|p2b: Menage A Beat|spa|1\n|move|p1a: Dusclops|Pain Split|p2a: Forbidden Soup\n|-sethp|p2a: Forbidden Soup|52\/100|[from] move: Pain Split|[silent]\n|-sethp|p1a: Dusclops|70\/100|[from] move: Pain Split\n|move|p2a: Forbidden Soup|Trick Room|p2a: Forbidden Soup\n|-fieldstart|move: Trick Room|[of] p2a: Forbidden Soup\n|\n|upkeep\n|turn|9\n|\n|t:|1699419631\n|-terastallize|p1b: Sylveon|Fire\n|move|p1a: Dusclops|Pain Split|p2b: Menage A Beat\n|-immune|p2b: Menage A Beat|[from] ability: Good as Gold\n|move|p2a: Forbidden Soup|Taunt|p1a: Dusclops\n|-start|p1a: Dusclops|move: Taunt\n|move|p1b: Sylveon|Tera Blast|p2b: Menage A Beat|[anim] Tera Blast Fire\n|-supereffective|p2b: Menage A Beat\n|-damage|p2b: Menage A Beat|22\/100\n|move|p2b: Menage A Beat|Make It Rain|p1b: Sylveon|[spread] p1a,p1b\n|-resisted|p1b: Sylveon\n|-damage|p1a: Dusclops|35\/100\n|-damage|p1b: Sylveon|83\/100\n|-unboost|p2b: Menage A Beat|spa|1\n|\n|upkeep\n|turn|10\n|\n|t:|1699419665\n|switch|p1a: Chesnaught|Chesnaught, M|100\/100\n|switch|p2b: BearMoon-BloodMoon|Ursaluna-Bloodmoon, M|100\/100\n|move|p2a: Forbidden Soup|Will-O-Wisp|p1b: Sylveon\n|-immune|p1b: Sylveon\n|move|p1b: Sylveon|Hyper Voice|p2a: Forbidden Soup|[spread] p2a,p2b\n|-supereffective|p2a: Forbidden Soup\n|-damage|p2a: Forbidden Soup|0 fnt\n|-damage|p2b: BearMoon-BloodMoon|54\/100\n|faint|p2a: Forbidden Soup\n|\n|upkeep\n|\n|t:|1699419682\n|switch|p2a: Menage A Beat|Gholdengo|22\/100\n|turn|11\n|\n|t:|1699419704\n|move|p1b: Sylveon|Protect|p1b: Sylveon\n|-singleturn|p1b: Sylveon|Protect\n|move|p2b: BearMoon-BloodMoon|Hyper Voice|p1b: Sylveon|[spread] p1a\n|-activate|p1b: Sylveon|move: Protect\n|-damage|p1a: Chesnaught|47\/100\n|-damage|p2b: BearMoon-BloodMoon|44\/100|[from] item: Life Orb\n|move|p1a: Chesnaught|Knock Off|p2b: BearMoon-BloodMoon\n|-damage|p2b: BearMoon-BloodMoon|28\/100\n|-enditem|p2b: BearMoon-BloodMoon|Life Orb|[from] move: Knock Off|[of] p1a: Chesnaught\n|move|p2a: Menage A Beat|Shadow Ball|p1b: Sylveon\n|-activate|p1b: Sylveon|move: Protect\n|\n|-heal|p1a: Chesnaught|53\/100|[from] item: Leftovers\n|upkeep\n|turn|12\n|\n|t:|1699419722\n|move|p1a: Chesnaught|Wide Guard|p1a: Chesnaught\n|-singleturn|p1a: Chesnaught|Wide Guard\n|move|p2b: BearMoon-BloodMoon|Hyper Voice|p1b: Sylveon|[spread] \n|-activate|p1a: Chesnaught|move: Wide Guard\n|-activate|p1b: Sylveon|move: Wide Guard\n|move|p1b: Sylveon|Hyper Voice|p2b: BearMoon-BloodMoon|[spread] p2a,p2b\n|-resisted|p2a: Menage A Beat\n|-damage|p2a: Menage A Beat|1\/100\n|-damage|p2b: BearMoon-BloodMoon|0 fnt\n|faint|p2b: BearMoon-BloodMoon\n|move|p2a: Menage A Beat|Shadow Ball|p1b: Sylveon\n|-damage|p1b: Sylveon|36\/100\n|\n|-heal|p1a: Chesnaught|59\/100|[from] item: Leftovers\n|-fieldend|move: Trick Room\n|upkeep\n|\n|t:|1699419726\n|switch|p2b: Gasious Clay|Weezing-Galar, F, shiny|36\/100\n|-ability|p2b: Gasious Clay|Neutralizing Gas\n|-block|p1b: Sylveon|item: Ability Shield\n|turn|13\n|\n|t:|1699419758\n|move|p1b: Sylveon|Quick Attack|p2a: Menage A Beat\n|-resisted|p2a: Menage A Beat\n|-damage|p2a: Menage A Beat|0 fnt\n|faint|p2a: Menage A Beat\n|move|p1a: Chesnaught|Leech Seed|p2b: Gasious Clay\n|-start|p2b: Gasious Clay|move: Leech Seed\n|move|p2b: Gasious Clay|Dazzling Gleam|p1a: Chesnaught|[spread] p1a,p1b\n|-supereffective|p1a: Chesnaught\n|-resisted|p1b: Sylveon\n|-damage|p1a: Chesnaught|21\/100\n|-damage|p1b: Sylveon|29\/100\n|\n|-heal|p1a: Chesnaught|27\/100|[from] item: Leftovers\n|-heal|p2b: Gasious Clay|42\/100|[from] item: Black Sludge\n|-damage|p2b: Gasious Clay|30\/100|[from] Leech Seed|[of] p1a: Chesnaught\n|-heal|p1a: Chesnaught|38\/100|[silent]\n|upkeep\n|turn|14\n|\n|t:|1699419773\n|move|p1a: Chesnaught|Wide Guard|p1a: Chesnaught\n|-singleturn|p1a: Chesnaught|Wide Guard\n|move|p1b: Sylveon|Tera Blast|p2b: Gasious Clay|[anim] Tera Blast Fire\n|-damage|p2b: Gasious Clay|0 fnt\n|faint|p2b: Gasious Clay\n|-end|p2b: Gasious Clay|ability: Neutralizing Gas\n|\n|win|gbutters19\n|c|\u2606gbutters19|gg!\n|c| ff4fan|gg\n|c|\u2606Civ9977|Gg!  I forget wide guard is a thing haha\n|l|\u2606Civ9977\n|l| ff4fan\n|c|\u2606gbutters19|dude your team is scary af... 4 of my remaining 5 are almost dead lol\n","uploadtime":1699419851,"views":29,"p1id":"gbutters19","p2id":"civ9977","formatid":"gen9doublesou","rating":0,"private":0,"password":""}