{"id":"gen9doublesou-1971582218","p1":"Feraligatrfan7","p2":"retnas11","format":"[Gen 9] Doubles OU","log":"|j|\u2606Feraligatrfan7\n|j|\u2606retnas11\n|inactive|Battle timer is ON: inactive players will automatically lose when time's up.\n|t:|1697750427\n|gametype|doubles\n|player|p1|Feraligatrfan7|pokemaniac|\n|player|p2|retnas11|swimmer|\n|teamsize|p1|6\n|teamsize|p2|6\n|gen|9\n|tier|[Gen 9] Doubles OU\n|rated|Tournament battle\n|rule|Species Clause: Limit one of each Pok\u00e9mon\n|rule|OHKO Clause: OHKO moves are banned\n|rule|Evasion Moves Clause: Evasion moves are banned\n|rule|Gravity Sleep Clause: The combination of sleep-inducing moves with imperfect accuracy and Gravity or Gigantamax Orbeetle are banned\n|rule|Endless Battle Clause: Forcing endless battles is banned\n|rule|HP Percentage Mod: HP is shown in percentages\n|clearpoke\n|poke|p1|Chandelure, M|\n|poke|p1|Houndstone, M|\n|poke|p1|Lycanroc-Dusk, F|\n|poke|p1|Furret, F|\n|poke|p1|Chesnaught, M|\n|poke|p1|Clodsire, M|\n|poke|p2|Gogoat, M|\n|poke|p2|Mabosstiff, F|\n|poke|p2|Espathra, M|\n|poke|p2|Bronzong|\n|poke|p2|Cinderace, M|\n|poke|p2|Dusknoir, M|\n|teampreview\n|j|*Lady Monita \u263d\n|c|\u2606retnas11|Glhf\n|c|\u2606Feraligatrfan7|you too\n|\n|t:|1697750445\n|start\n|switch|p1a: Furret|Furret, F|100\/100\n|switch|p1b: Lycanroc|Lycanroc-Dusk, F|100\/100\n|switch|p2a: Bronzong|Bronzong|100\/100\n|switch|p2b: Espathra|Espathra, M|100\/100\n|-item|p2a: Bronzong|Light Clay|[from] ability: Frisk|[of] p1a: Furret|[identify]\n|-item|p2b: Espathra|Choice Scarf|[from] ability: Frisk|[of] p1a: Furret|[identify]\n|turn|1\n|\n|t:|1697750467\n|move|p2b: Espathra|Trick|p1b: Lycanroc\n|-activate|p2b: Espathra|move: Trick|[of] p1b: Lycanroc\n|-item|p1b: Lycanroc|Choice Scarf|[from] move: Trick\n|-item|p2b: Espathra|Focus Sash|[from] move: Trick\n|move|p1b: Lycanroc|Rock Slide|p2a: Bronzong|[spread] p2a,p2b\n|-resisted|p2a: Bronzong\n|-damage|p2a: Bronzong|86\/100\n|-damage|p2b: Espathra|63\/100\n|move|p1a: Furret|Knock Off|p2a: Bronzong\n|-supereffective|p2a: Bronzong\n|-damage|p2a: Bronzong|40\/100\n|-enditem|p2a: Bronzong|Light Clay|[from] move: Knock Off|[of] p1a: Furret\n|cant|p2a: Bronzong|flinch\n|\n|-ability|p2b: Espathra|Speed Boost|boost\n|-boost|p2b: Espathra|spe|1\n|upkeep\n|turn|2\n|j| Multimonmaster1\n|j| Mezziegamer\n|\n|t:|1697750488\n|switch|p2b: Gogoat|Gogoat, M|100\/100\n|move|p1b: Lycanroc|Rock Slide|p2a: Bronzong|[spread] p2a,p2b\n|-resisted|p2a: Bronzong\n|-damage|p2a: Bronzong|27\/100\n|-damage|p2b: Gogoat|68\/100\n|move|p1a: Furret|Knock Off|p2a: Bronzong\n|-supereffective|p2a: Bronzong\n|-damage|p2a: Bronzong|0 fnt\n|faint|p2a: Bronzong\n|\n|-heal|p2b: Gogoat|74\/100|[from] item: Leftovers\n|upkeep\n|\n|t:|1697750498\n|switch|p2a: Mabosstiff|Mabosstiff, F|100\/100\n|-ability|p2a: Mabosstiff|Intimidate|boost\n|-unboost|p1a: Furret|atk|1\n|-unboost|p1b: Lycanroc|atk|1\n|turn|3\n|\n|t:|1697750505\n|switch|p2a: Dusknoir|Dusknoir, M|100\/100\n|-ability|p2a: Dusknoir|Pressure\n|move|p1b: Lycanroc|Rock Slide|p2b: Gogoat|[spread] p2a,p2b\n|-damage|p2a: Dusknoir|84\/100\n|-damage|p2b: Gogoat|53\/100\n|move|p1a: Furret|Knock Off|p2b: Gogoat\n|-damage|p2b: Gogoat|34\/100\n|-enditem|p2b: Gogoat|Leftovers|[from] move: Knock Off|[of] p1a: Furret\n|move|p2b: Gogoat|Horn Leech|p1b: Lycanroc\n|-supereffective|p1b: Lycanroc\n|-damage|p1b: Lycanroc|0 fnt\n|-heal|p2b: Gogoat|66\/100|[from] drain|[of] p1b: Lycanroc\n|faint|p1b: Lycanroc\n|\n|-heal|p2a: Dusknoir|90\/100|[from] item: Leftovers\n|upkeep\n|\n|t:|1697750523\n|switch|p1b: Chesnaught|Chesnaught, M|100\/100\n|turn|4\n|\n|t:|1697750539\n|move|p1a: Furret|Body Slam|p2b: Gogoat\n|-damage|p2b: Gogoat|40\/100\n|-status|p2b: Gogoat|par\n|move|p1b: Chesnaught|Knock Off|p2a: Dusknoir\n|-supereffective|p2a: Dusknoir\n|-damage|p2a: Dusknoir|28\/100\n|-enditem|p2a: Dusknoir|Leftovers|[from] move: Knock Off|[of] p1b: Chesnaught\n|move|p2a: Dusknoir|Taunt|p1b: Chesnaught\n|-start|p1b: Chesnaught|move: Taunt\n|move|p2b: Gogoat|Bulk Up|p2b: Gogoat\n|-boost|p2b: Gogoat|atk|1\n|-boost|p2b: Gogoat|def|1\n|\n|upkeep\n|turn|5\n|\n|t:|1697750559\n|move|p1a: Furret|Body Slam|p2b: Gogoat\n|-damage|p2b: Gogoat|23\/100 par\n|move|p1b: Chesnaught|Knock Off|p2a: Dusknoir\n|-supereffective|p2a: Dusknoir\n|-damage|p2a: Dusknoir|0 fnt\n|faint|p2a: Dusknoir\n|move|p2b: Gogoat|Horn Leech|p1a: Furret\n|-damage|p1a: Furret|18\/100\n|-heal|p2b: Gogoat|51\/100 par|[from] drain|[of] p1a: Furret\n|\n|-heal|p1a: Furret|24\/100|[from] item: Leftovers\n|upkeep\n|\n|t:|1697750562\n|switch|p2a: Espathra|Espathra, M|63\/100\n|turn|6\n|j| bupz\n|\n|t:|1697750586\n|move|p2a: Espathra|Protect|p2a: Espathra\n|-singleturn|p2a: Espathra|Protect\n|move|p1a: Furret|Knock Off|p2a: Espathra\n|-activate|p2a: Espathra|move: Protect\n|move|p1b: Chesnaught|Drain Punch|p2b: Gogoat\n|-damage|p2b: Gogoat|24\/100 par\n|move|p2b: Gogoat|Horn Leech|p1a: Furret\n|-damage|p1a: Furret|0 fnt\n|-heal|p2b: Gogoat|32\/100 par|[from] drain|[of] p1a: Furret\n|faint|p1a: Furret\n|\n|-ability|p2a: Espathra|Speed Boost|boost\n|-boost|p2a: Espathra|spe|1\n|upkeep\n|\n|t:|1697750599\n|switch|p1a: Chandelure|Chandelure, M|100\/100\n|turn|7\n|\n|t:|1697750619\n|move|p2a: Espathra|Lumina Crash|p1b: Chesnaught\n|-supereffective|p1b: Chesnaught\n|-damage|p1b: Chesnaught|18\/100\n|-unboost|p1b: Chesnaught|spd|2\n|move|p1a: Chandelure|Shadow Ball|p2a: Espathra\n|-supereffective|p2a: Espathra\n|-damage|p2a: Espathra|0 fnt\n|faint|p2a: Espathra\n|-damage|p1a: Chandelure|91\/100|[from] item: Life Orb\n|move|p1b: Chesnaught|Drain Punch|p2b: Gogoat\n|-damage|p2b: Gogoat|2\/100 par\n|-heal|p1b: Chesnaught|40\/100|[from] drain|[of] p2b: Gogoat\n|move|p2b: Gogoat|Rock Slide|p1b: Chesnaught|[spread] p1a,p1b\n|-supereffective|p1a: Chandelure\n|-resisted|p1b: Chesnaught\n|-damage|p1a: Chandelure|18\/100\n|-damage|p1b: Chesnaught|27\/100\n|\n|-heal|p1b: Chesnaught|33\/100|[from] item: Leftovers\n|-end|p1b: Chesnaught|move: Taunt\n|upkeep\n|j| dommydiaz\n|\n|t:|1697750629\n|switch|p2a: Cinderace|Cinderace, M|100\/100\n|turn|8\n|\n|t:|1697750646\n|move|p2a: Cinderace|Pyro Ball|p1b: Chesnaught\n|-immune|p1b: Chesnaught|[from] ability: Bulletproof\n|move|p1a: Chandelure|Shadow Ball|p2a: Cinderace\n|-damage|p2a: Cinderace|7\/100\n|-damage|p1a: Chandelure|8\/100|[from] item: Life Orb\n|move|p1b: Chesnaught|Drain Punch|p2b: Gogoat\n|-damage|p2b: Gogoat|0 fnt\n|-heal|p1b: Chesnaught|34\/100|[from] drain|[of] p2b: Gogoat\n|faint|p2b: Gogoat\n|\n|-heal|p1b: Chesnaught|40\/100|[from] item: Leftovers\n|upkeep\n|\n|t:|1697750650\n|switch|p2b: Mabosstiff|Mabosstiff, F|100\/100\n|-ability|p2b: Mabosstiff|Intimidate|boost\n|-unboost|p1a: Chandelure|atk|1\n|-unboost|p1b: Chesnaught|atk|1\n|turn|9\n|\n|t:|1697750671\n|move|p2a: Cinderace|High Jump Kick|p1b: Chesnaught\n|-start|p2a: Cinderace|typechange|Fighting|[from] ability: Libero\n|-damage|p1b: Chesnaught|0 fnt\n|faint|p1b: Chesnaught\n|move|p2b: Mabosstiff|Crunch|p1a: Chandelure\n|-supereffective|p1a: Chandelure\n|-damage|p1a: Chandelure|0 fnt\n|-status|p2b: Mabosstiff|brn|[from] ability: Flame Body|[of] p1a: Chandelure\n|faint|p1a: Chandelure\n|\n|-damage|p2b: Mabosstiff|95\/100 brn|[from] brn\n|upkeep\n|\n|t:|1697750682\n|switch|p1a: Houndstone|Houndstone, M|100\/100\n|switch|p1b: Clodsire|Clodsire, M|100\/100\n|turn|10\n|\n|t:|1697750703\n|-terastallize|p2a: Cinderace|Fire\n|move|p1a: Houndstone|Shadow Sneak|p2a: Cinderace\n|-damage|p2a: Cinderace|0 fnt\n|faint|p2a: Cinderace\n|move|p2b: Mabosstiff|Crunch|p1a: Houndstone\n|-supereffective|p1a: Houndstone\n|-damage|p1a: Houndstone|66\/100\n|move|p1b: Clodsire|Poison Jab|p2b: Mabosstiff\n|-damage|p2b: Mabosstiff|53\/100 brn\n|\n|-heal|p1a: Houndstone|72\/100|[from] item: Leftovers\n|-damage|p2b: Mabosstiff|47\/100 brn|[from] brn\n|upkeep\n|turn|11\n|c|\u2606Feraligatrfan7|gg\n|\n|t:|1697750722\n|move|p2b: Mabosstiff|Crunch|p1a: Houndstone\n|-supereffective|p1a: Houndstone\n|-damage|p1a: Houndstone|37\/100\n|move|p1a: Houndstone|Last Respects|p2b: Mabosstiff\n|-resisted|p2b: Mabosstiff\n|-damage|p2b: Mabosstiff|0 fnt\n|faint|p2b: Mabosstiff\n|\n|win|Feraligatrfan7\n|n|\u2606Feraligatrfan7|feraligatrfan7\n|n|\u2606retnas11|retnas11\n|n|*Lady Monita \u263d|ladymonita\n|n| Multimonmaster1|multimonmaster1\n|n| Mezziegamer|mezziegamer\n|n| bupz|bupz\n|n| dommydiaz|dommydiaz\n","uploadtime":1697750723,"views":7,"p1id":"feraligatrfan7","p2id":"retnas11","formatid":"gen9doublesou","rating":0,"private":0,"password":""}