{"id":"gen9doublesou-1975638110","p1":"freezethefrog","p2":"SXD2002","format":"[Gen 9] Doubles OU","log":"|j|\u2606freezethefrog\n|j|\u2606SXD2002\n|t:|1698217381\n|gametype|doubles\n|player|p1|freezethefrog|fisherman-gen4|1063\n|player|p2|SXD2002|silver-masters|1097\n|teamsize|p1|6\n|teamsize|p2|6\n|gen|9\n|tier|[Gen 9] Doubles OU\n|rated|\n|rule|Species Clause: Limit one of each Pok\u00e9mon\n|rule|OHKO Clause: OHKO moves are banned\n|rule|Evasion Moves Clause: Evasion moves are banned\n|rule|Gravity Sleep Clause: The combination of sleep-inducing moves with imperfect accuracy and Gravity or Gigantamax Orbeetle are banned\n|rule|Endless Battle Clause: Forcing endless battles is banned\n|rule|HP Percentage Mod: HP is shown in percentages\n|clearpoke\n|poke|p1|Lumineon, F|\n|poke|p1|Bellibolt, F|\n|poke|p1|Charizard, M|\n|poke|p1|Wo-Chien|\n|poke|p1|Murkrow, F|\n|poke|p1|Pelipper, M|\n|poke|p2|Lurantis, F|\n|poke|p2|Murkrow, M|\n|poke|p2|Grimmsnarl, M|\n|poke|p2|Clefairy, M|\n|poke|p2|Talonflame, F|\n|poke|p2|Espeon, F|\n|teampreview\n|inactive|Battle timer is ON: inactive players will automatically lose when time's up. (requested by SXD2002)\n|\n|t:|1698217395\n|start\n|switch|p1a: Lumierre|Lumineon, F|100\/100\n|switch|p1b: Wawa|Bellibolt, F|100\/100\n|switch|p2a: Grimmsnarl|Grimmsnarl, M|100\/100\n|switch|p2b: Lurantis|Lurantis, F|100\/100\n|turn|1\n|\n|t:|1698217407\n|-terastallize|p2b: Lurantis|Steel\n|move|p2a: Grimmsnarl|Fake Tears|p2b: Lurantis\n|-boost|p2b: Lurantis|spd|2\n|move|p1a: Lumierre|Soak|p2b: Lurantis\n|-fail|p2b: Lurantis\n|move|p1b: Wawa|Thunderbolt|p2b: Lurantis\n|-crit|p2b: Lurantis\n|-damage|p2b: Lurantis|65\/100\n|move|p2b: Lurantis|Leaf Storm|p1a: Lumierre\n|-supereffective|p1a: Lumierre\n|-damage|p1a: Lumierre|23\/100\n|-boost|p2b: Lurantis|spa|2\n|\n|-heal|p1a: Lumierre|29\/100|[from] item: Leftovers\n|-heal|p2b: Lurantis|71\/100|[from] item: Leftovers\n|upkeep\n|turn|2\n|\n|t:|1698217429\n|move|p2a: Grimmsnarl|Fake Tears|p2b: Lurantis\n|-boost|p2b: Lurantis|spd|2\n|move|p1a: Lumierre|Tailwind|p1a: Lumierre\n|-sidestart|p1: freezethefrog|move: Tailwind\n|move|p1b: Wawa|Chilling Water|p1a: Lumierre\n|-activate|p1a: Lumierre|ability: Storm Drain\n|-ability|p1a: Lumierre|Storm Drain|boost\n|-boost|p1a: Lumierre|spa|1\n|move|p2b: Lurantis|Superpower|p1a: Lumierre\n|-damage|p1a: Lumierre|0 fnt\n|-boost|p2b: Lurantis|atk|1\n|-boost|p2b: Lurantis|def|1\n|faint|p1a: Lumierre\n|\n|-heal|p2b: Lurantis|77\/100|[from] item: Leftovers\n|upkeep\n|\n|t:|1698217443\n|switch|p1a: Nerissa|Murkrow, F|100\/100\n|turn|3\n|\n|t:|1698217453\n|move|p1a: Nerissa|Haze|p1a: Nerissa\n|-clearallboost\n|move|p1b: Wawa|Chilling Water|p2b: Lurantis\n|-damage|p2b: Lurantis|68\/100\n|-boost|p2b: Lurantis|atk|1\n|move|p2a: Grimmsnarl|Dazzling Gleam|p1a: Nerissa|[spread] p1a,p1b\n|-supereffective|p1a: Nerissa\n|-damage|p1a: Nerissa|65\/100\n|-damage|p1b: Wawa|85\/100\n|-start|p1b: Wawa|Charge|Dazzling Gleam|[from] ability: Electromorphosis\n|move|p2b: Lurantis|Superpower|p1a: Nerissa\n|-damage|p1a: Nerissa|2\/100\n|-boost|p2b: Lurantis|atk|1\n|-boost|p2b: Lurantis|def|1\n|\n|-heal|p2b: Lurantis|74\/100|[from] item: Leftovers\n|upkeep\n|turn|4\n|\n|t:|1698217472\n|move|p2b: Lurantis|Protect|p2b: Lurantis\n|-singleturn|p2b: Lurantis|Protect\n|move|p1a: Nerissa|Haze|p1a: Nerissa\n|-clearallboost\n|move|p1b: Wawa|Thunderbolt|p2b: Lurantis\n|-activate|p2b: Lurantis|move: Protect\n|-end|p1b: Wawa|Charge|[silent]\n|move|p2a: Grimmsnarl|Dazzling Gleam|p1a: Nerissa|[spread] p1a,p1b\n|-supereffective|p1a: Nerissa\n|-damage|p1a: Nerissa|0 fnt\n|-damage|p1b: Wawa|68\/100\n|-start|p1b: Wawa|Charge|Dazzling Gleam|[from] ability: Electromorphosis\n|faint|p1a: Nerissa\n|\n|-heal|p2b: Lurantis|80\/100|[from] item: Leftovers\n|upkeep\n|inactive|freezethefrog has 120 seconds left.\n|\n|t:|1698217493\n|switch|p1a: Blake Snail|Wo-Chien|100\/100\n|-ability|p1a: Blake Snail|Tablets of Ruin\n|turn|5\n|\n|t:|1698217501\n|-terastallize|p1a: Blake Snail|Ghost\n|move|p2a: Grimmsnarl|Fake Tears|p2b: Lurantis\n|-boost|p2b: Lurantis|spd|2\n|move|p1a: Blake Snail|Leech Seed|p2b: Lurantis|[miss]\n|-miss|p1a: Blake Snail|p2b: Lurantis\n|move|p1b: Wawa|Thunderbolt|p2b: Lurantis\n|-damage|p2b: Lurantis|57\/100\n|-end|p1b: Wawa|Charge|[silent]\n|move|p2b: Lurantis|Leaf Storm|p1b: Wawa\n|-damage|p1b: Wawa|36\/100\n|-boost|p2b: Lurantis|spa|2\n|-start|p1b: Wawa|Charge|Leaf Storm|[from] ability: Electromorphosis\n|\n|-heal|p2b: Lurantis|63\/100|[from] item: Leftovers\n|-sideend|p1: freezethefrog|move: Tailwind\n|upkeep\n|turn|6\n|\n|t:|1698217517\n|move|p2b: Lurantis|Protect|p2b: Lurantis\n|-singleturn|p2b: Lurantis|Protect\n|move|p2a: Grimmsnarl|Parting Shot|p1a: Blake Snail\n|-unboost|p1a: Blake Snail|atk|1\n|-unboost|p1a: Blake Snail|spa|1\n|\n|t:|1698217523\n|switch|p2a: Talonflame|Talonflame, F|100\/100|[from] Parting Shot\n|move|p1a: Blake Snail|Leech Seed|p2b: Lurantis\n|-activate|p2b: Lurantis|move: Protect\n|move|p1b: Wawa|Slack Off|p1b: Wawa\n|-heal|p1b: Wawa|86\/100\n|\n|-heal|p2b: Lurantis|69\/100|[from] item: Leftovers\n|upkeep\n|turn|7\n|\n|t:|1698217539\n|move|p2a: Talonflame|Defog|p2b: Lurantis\n|-boost|p2b: Lurantis|evasion|1\n|move|p1a: Blake Snail|Leech Seed|p2b: Lurantis\n|-start|p2b: Lurantis|move: Leech Seed\n|move|p1b: Wawa|Thunderbolt|p2a: Talonflame\n|-supereffective|p2a: Talonflame\n|-damage|p2a: Talonflame|0 fnt\n|faint|p2a: Talonflame\n|-end|p1b: Wawa|Charge|[silent]\n|move|p2b: Lurantis|Leaf Storm|p1b: Wawa\n|-damage|p1b: Wawa|24\/100\n|-boost|p2b: Lurantis|spa|2\n|-start|p1b: Wawa|Charge|Leaf Storm|[from] ability: Electromorphosis\n|\n|-heal|p2b: Lurantis|75\/100|[from] item: Leftovers\n|-damage|p2b: Lurantis|63\/100|[from] Leech Seed|[of] p1a: Blake Snail\n|upkeep\n|\n|t:|1698217556\n|switch|p2a: Murkrow|Murkrow, M|100\/100\n|turn|8\n|\n|t:|1698217575\n|move|p1a: Blake Snail|Protect|p1a: Blake Snail\n|-singleturn|p1a: Blake Snail|Protect\n|move|p2a: Murkrow|Snarl|p1a: Blake Snail|[spread] p1b\n|-activate|p1a: Blake Snail|move: Protect\n|-damage|p1b: Wawa|13\/100\n|-unboost|p1b: Wawa|spa|1\n|-start|p1b: Wawa|Charge|Snarl|[from] ability: Electromorphosis\n|move|p1b: Wawa|Thunderbolt|p2a: Murkrow\n|-supereffective|p2a: Murkrow\n|-damage|p2a: Murkrow|37\/100\n|-end|p1b: Wawa|Charge|[silent]\n|move|p2b: Lurantis|Superpower|p1b: Wawa\n|-damage|p1b: Wawa|0 fnt\n|-boost|p2b: Lurantis|atk|1\n|-boost|p2b: Lurantis|def|1\n|-damage|p2b: Lurantis|47\/100|[from] item: Rocky Helmet|[of] p1b: Wawa\n|faint|p1b: Wawa\n|\n|-heal|p2b: Lurantis|53\/100|[from] item: Leftovers\n|-damage|p2b: Lurantis|40\/100|[from] Leech Seed|[of] p1a: Blake Snail\n|upkeep\n|\n|t:|1698217595\n|switch|p1b: Zippo|Charizard, M, shiny|100\/100\n|turn|9\n|\n|t:|1698217608\n|move|p2b: Lurantis|Protect|p2b: Lurantis\n|-singleturn|p2b: Lurantis|Protect\n|move|p2a: Murkrow|Thunder Wave|p1b: Zippo\n|-status|p1b: Zippo|par\n|move|p1a: Blake Snail|Leech Seed|p2a: Murkrow\n|-start|p2a: Murkrow|move: Leech Seed\n|move|p1b: Zippo|Flamethrower|p2b: Lurantis\n|-activate|p2b: Lurantis|move: Protect\n|\n|-heal|p2b: Lurantis|47\/100|[from] item: Leftovers\n|-damage|p2a: Murkrow|24\/100|[from] Leech Seed|[of] p1a: Blake Snail\n|-damage|p2b: Lurantis|34\/100|[from] Leech Seed|[of] p1a: Blake Snail\n|upkeep\n|turn|10\n|\n|t:|1698217631\n|move|p2a: Murkrow|Snarl|p1a: Blake Snail|[spread] p1a,p1b\n|-supereffective|p1a: Blake Snail\n|-damage|p1a: Blake Snail|83\/100\n|-damage|p1b: Zippo|83\/100 par\n|-unboost|p1a: Blake Snail|spa|1\n|-unboost|p1b: Zippo|spa|1\n|move|p1a: Blake Snail|Giga Drain|p2b: Lurantis\n|-resisted|p2b: Lurantis\n|-damage|p2b: Lurantis|32\/100\n|-heal|p1a: Blake Snail|84\/100|[from] drain|[of] p2b: Lurantis\n|move|p1b: Zippo|Flamethrower|p2b: Lurantis|[miss]\n|-miss|p1b: Zippo|p2b: Lurantis\n|move|p2b: Lurantis|Superpower|p1b: Zippo\n|-resisted|p1b: Zippo\n|-damage|p1b: Zippo|61\/100 par\n|-boost|p2b: Lurantis|atk|1\n|-boost|p2b: Lurantis|def|1\n|\n|-heal|p2b: Lurantis|38\/100|[from] item: Leftovers\n|-damage|p2a: Murkrow|12\/100|[from] Leech Seed|[of] p1a: Blake Snail\n|-heal|p1a: Blake Snail|100\/100|[silent]\n|-damage|p2b: Lurantis|26\/100|[from] Leech Seed|[of] p1a: Blake Snail\n|upkeep\n|turn|11\n|inactive|freezethefrog has 120 seconds left.\n|\n|t:|1698217676\n|switch|p2a: Espeon|Espeon, F|100\/100\n|move|p2b: Lurantis|Protect|p2b: Lurantis\n|-singleturn|p2b: Lurantis|Protect\n|move|p1a: Blake Snail|Giga Drain|p2a: Espeon\n|-damage|p2a: Espeon|85\/100\n|move|p1b: Zippo|Air Slash|p2a: Espeon\n|-damage|p2a: Espeon|54\/100\n|\n|-heal|p2a: Espeon|60\/100|[from] item: Leftovers\n|-heal|p2b: Lurantis|32\/100|[from] item: Leftovers\n|-damage|p2b: Lurantis|20\/100|[from] Leech Seed|[of] p1a: Blake Snail\n|upkeep\n|turn|12\n|inactive|freezethefrog has 120 seconds left.\n|\n|t:|1698217699\n|move|p2a: Espeon|Psych Up|p2b: Lurantis\n|-copyboost|p2a: Espeon|p2b: Lurantis|[from] move: Psych Up\n|move|p1a: Blake Snail|Ingrain|p1a: Blake Snail\n|-start|p1a: Blake Snail|move: Ingrain\n|move|p1b: Zippo|Flamethrower|p2b: Lurantis|[miss]\n|-miss|p1b: Zippo|p2b: Lurantis\n|move|p2b: Lurantis|Leech Life|p1a: Blake Snail\n|-resisted|p1a: Blake Snail\n|-damage|p1a: Blake Snail|89\/100\n|-heal|p2b: Lurantis|25\/100|[from] drain|[of] p1a: Blake Snail\n|\n|-heal|p2a: Espeon|65\/100|[from] item: Leftovers\n|-heal|p2b: Lurantis|31\/100|[from] item: Leftovers\n|-heal|p1a: Blake Snail|97\/100|[from] Ingrain\n|-damage|p2b: Lurantis|19\/100|[from] Leech Seed|[of] p1a: Blake Snail\n|-heal|p1a: Blake Snail|100\/100|[silent]\n|upkeep\n|turn|13\n|inactive|freezethefrog has 120 seconds left.\n|\n|t:|1698217728\n|move|p2a: Espeon|Stored Power|p1b: Zippo\n|-damage|p1b: Zippo|0 fnt\n|faint|p1b: Zippo\n|move|p1a: Blake Snail|Giga Drain|p2a: Espeon\n|-damage|p2a: Espeon|58\/100\n|move|p2b: Lurantis|Leaf Storm|p1a: Blake Snail\n|-damage|p1a: Blake Snail|22\/100\n|-boost|p2b: Lurantis|spa|2\n|\n|-heal|p2a: Espeon|64\/100|[from] item: Leftovers\n|-heal|p2b: Lurantis|25\/100|[from] item: Leftovers\n|-heal|p1a: Blake Snail|30\/100|[from] Ingrain\n|-damage|p2b: Lurantis|13\/100|[from] Leech Seed|[of] p1a: Blake Snail\n|-heal|p1a: Blake Snail|48\/100|[silent]\n|upkeep\n|inactive|freezethefrog has 120 seconds left.\n|\n|t:|1698217748\n|switch|p1b: Big Pecks|Pelipper, M|100\/100\n|-weather|RainDance|[from] ability: Drizzle|[of] p1b: Big Pecks\n|turn|14\n|\n|t:|1698217759\n|move|p1a: Blake Snail|Protect|p1a: Blake Snail\n|-singleturn|p1a: Blake Snail|Protect\n|move|p2a: Espeon|Draining Kiss|p1b: Big Pecks\n|-damage|p1b: Big Pecks|22\/100\n|-heal|p2a: Espeon|100\/100|[from] drain|[of] p1b: Big Pecks\n|move|p1b: Big Pecks|Hurricane|p2b: Lurantis\n|-resisted|p2b: Lurantis\n|-damage|p2b: Lurantis|6\/100\n|move|p2b: Lurantis|Leaf Storm|p1a: Blake Snail\n|-activate|p1a: Blake Snail|move: Protect\n|\n|-weather|RainDance|[upkeep]\n|-heal|p2b: Lurantis|12\/100|[from] item: Leftovers\n|-heal|p1a: Blake Snail|56\/100|[from] Ingrain\n|-damage|p2b: Lurantis|0 fnt|[from] Leech Seed|[of] p1a: Blake Snail\n|-heal|p1a: Blake Snail|72\/100|[silent]\n|faint|p2b: Lurantis\n|upkeep\n|\n|t:|1698217771\n|switch|p2b: Grimmsnarl|Grimmsnarl, M|100\/100\n|turn|15\n|\n|t:|1698217785\n|move|p2b: Grimmsnarl|Fake Tears|p1a: Blake Snail\n|-unboost|p1a: Blake Snail|spd|2\n|move|p2a: Espeon|Stored Power|p1a: Blake Snail\n|-damage|p1a: Blake Snail|0 fnt\n|faint|p1a: Blake Snail\n|move|p1b: Big Pecks|Icy Wind|p2a: Espeon|[spread] p2a,p2b\n|-damage|p2a: Espeon|94\/100\n|-damage|p2b: Grimmsnarl|94\/100\n|-unboost|p2a: Espeon|spe|1\n|-unboost|p2b: Grimmsnarl|spe|1\n|\n|-weather|RainDance|[upkeep]\n|-heal|p2a: Espeon|99\/100|[from] item: Leftovers\n|-heal|p2b: Grimmsnarl|99\/100|[from] item: Leftovers\n|upkeep\n|turn|16\n|\n|t:|1698217801\n|move|p2b: Grimmsnarl|Scary Face|p1b: Big Pecks\n|-unboost|p1b: Big Pecks|spe|2\n|move|p2a: Espeon|Stored Power|p1b: Big Pecks\n|-damage|p1b: Big Pecks|0 fnt\n|faint|p1b: Big Pecks\n|\n|win|SXD2002\n|raw|freezethefrog's rating: 1063 &rarr; <strong>1045<\/strong><br \/>(-18 for losing)\n|raw|SXD2002's rating: 1097 &rarr; <strong>1120<\/strong><br \/>(+23 for winning)\n|l|\u2606freezethefrog\n","uploadtime":1698217815,"views":19,"p1id":"freezethefrog","p2id":"sxd2002","formatid":"gen9doublesou","rating":1045,"private":0,"password":""}