{"id":"gen9doublesou-1972924340","p1":"Akikirai","p2":"jonlurvsatan","format":"[Gen 9] Doubles OU","log":"|j|\u2606Akikirai\n|j|\u2606jonlurvsatan\n|t:|1697909391\n|gametype|doubles\n|player|p1|Akikirai|dawn|1174\n|player|p2|jonlurvsatan|ethan|1232\n|teamsize|p1|6\n|teamsize|p2|6\n|gen|9\n|tier|[Gen 9] Doubles OU\n|rated|\n|rule|Species Clause: Limit one of each Pok\u00e9mon\n|rule|OHKO Clause: OHKO moves are banned\n|rule|Evasion Moves Clause: Evasion moves are banned\n|rule|Gravity Sleep Clause: The combination of sleep-inducing moves with imperfect accuracy and Gravity or Gigantamax Orbeetle are banned\n|rule|Endless Battle Clause: Forcing endless battles is banned\n|rule|HP Percentage Mod: HP is shown in percentages\n|clearpoke\n|poke|p1|Mienshao, F|\n|poke|p1|Brambleghast, M|\n|poke|p1|Tornadus, M|\n|poke|p1|Flutter Mane|\n|poke|p1|Roaring Moon|\n|poke|p1|Chi-Yu|\n|poke|p2|Great Tusk|\n|poke|p2|Gliscor, M|\n|poke|p2|Flutter Mane|\n|poke|p2|Kingambit, F|\n|poke|p2|Alomomola, M|\n|poke|p2|Dragonite, M|\n|teampreview\n|inactive|Battle timer is ON: inactive players will automatically lose when time's up. (requested by jonlurvsatan)\n|inactive|jonlurvsatan has 120 seconds left.\n|\n|t:|1697909422\n|start\n|switch|p1a: Flutter Mane|Flutter Mane, shiny|100\/100\n|switch|p1b: Mienshao|Mienshao, F, shiny|100\/100\n|switch|p2a: Alomomola|Alomomola, M|100\/100\n|switch|p2b: Gliscor|Gliscor, M|100\/100\n|turn|1\n|\n|t:|1697909444\n|move|p1b: Mienshao|Fake Out|p2b: Gliscor\n|-damage|p2b: Gliscor|92\/100\n|move|p1a: Flutter Mane|Dazzling Gleam|p2b: Gliscor|[spread] p2a,p2b\n|-damage|p2a: Alomomola|56\/100\n|-damage|p2b: Gliscor|38\/100\n|-enditem|p2a: Alomomola|Red Card|[of] p1a: Flutter Mane\n|-end|p1a: Flutter Mane|Protosynthesis|[silent]\n|drag|p1a: Chi-Yu|Chi-Yu|100\/100\n|-ability|p1a: Chi-Yu|Beads of Ruin\n|cant|p2b: Gliscor|flinch\n|move|p2a: Alomomola|Scald|p1b: Mienshao\n|-damage|p1b: Mienshao|68\/100\n|-status|p1b: Mienshao|brn\n|\n|-damage|p1b: Mienshao|62\/100 brn|[from] brn\n|-status|p2b: Gliscor|tox|[from] item: Toxic Orb\n|upkeep\n|turn|2\n|inactive|jonlurvsatan has 120 seconds left.\n|\n|t:|1697909487\n|move|p1a: Chi-Yu|Snarl|p2a: Alomomola|[spread] p2a,p2b\n|-damage|p2a: Alomomola|27\/100\n|-damage|p2b: Gliscor|2\/100 tox\n|-unboost|p2a: Alomomola|spa|1\n|-unboost|p2b: Gliscor|spa|1\n|move|p1b: Mienshao|Close Combat|p2a: Alomomola\n|-damage|p2a: Alomomola|9\/100\n|-unboost|p1b: Mienshao|def|1\n|-unboost|p1b: Mienshao|spd|1\n|-enditem|p1b: Mienshao|Eject Pack\n|inactive|Akikirai has 120 seconds left.\n|\n|t:|1697909501\n|switch|p1b: Roaring Moon|Roaring Moon, shiny|100\/100\n|-enditem|p1b: Roaring Moon|Booster Energy\n|-activate|p1b: Roaring Moon|ability: Protosynthesis|[fromitem]\n|-start|p1b: Roaring Moon|protosynthesisatk\n|move|p2b: Gliscor|Toxic|p1a: Chi-Yu\n|-status|p1a: Chi-Yu|tox\n|move|p2a: Alomomola|Scald|p1a: Chi-Yu\n|-supereffective|p1a: Chi-Yu\n|-damage|p1a: Chi-Yu|81\/100 tox\n|\n|-damage|p1a: Chi-Yu|75\/100 tox|[from] psn\n|-heal|p2b: Gliscor|15\/100 tox|[from] ability: Poison Heal\n|upkeep\n|turn|3\n|\n|t:|1697909520\n|move|p1b: Roaring Moon|Protect|p1b: Roaring Moon\n|-singleturn|p1b: Roaring Moon|Protect\n|move|p1a: Chi-Yu|Snarl|p2a: Alomomola|[spread] p2a,p2b\n|-damage|p2a: Alomomola|0 fnt\n|-damage|p2b: Gliscor|0 fnt\n|faint|p2a: Alomomola\n|faint|p2b: Gliscor\n|\n|-damage|p1a: Chi-Yu|63\/100 tox|[from] psn\n|upkeep\n|inactive|jonlurvsatan has 120 seconds left.\n|\n|t:|1697909533\n|switch|p2b: Flutter Mane|Flutter Mane|100\/100\n|switch|p2a: Great Tusk|Great Tusk|100\/100\n|-enditem|p2a: Great Tusk|Booster Energy\n|-activate|p2a: Great Tusk|ability: Protosynthesis|[fromitem]\n|-start|p2a: Great Tusk|protosynthesisatk\n|turn|4\n|\n|t:|1697909560\n|-terastallize|p1b: Roaring Moon|Ground\n|move|p1a: Chi-Yu|Snarl|p2b: Flutter Mane|[spread] p2a,p2b\n|-resisted|p2a: Great Tusk\n|-damage|p2a: Great Tusk|78\/100\n|-damage|p2b: Flutter Mane|72\/100\n|-unboost|p2a: Great Tusk|spa|1\n|-unboost|p2b: Flutter Mane|spa|1\n|move|p2b: Flutter Mane|Dazzling Gleam|p1a: Chi-Yu|[spread] p1a,p1b\n|-damage|p1a: Chi-Yu|24\/100 tox\n|-damage|p1b: Roaring Moon|63\/100\n|move|p2a: Great Tusk|Close Combat|p1a: Chi-Yu\n|-supereffective|p1a: Chi-Yu\n|-damage|p1a: Chi-Yu|0 fnt\n|-unboost|p2a: Great Tusk|def|1\n|-unboost|p2a: Great Tusk|spd|1\n|faint|p1a: Chi-Yu\n|move|p1b: Roaring Moon|Stomping Tantrum|p2a: Great Tusk\n|-damage|p2a: Great Tusk|17\/100\n|\n|upkeep\n|inactive|Akikirai has 120 seconds left.\n|\n|t:|1697909586\n|switch|p1a: Flutter Mane|Flutter Mane, shiny|100\/100\n|turn|5\n|inactive|Akikirai has 120 seconds left.\n|\n|t:|1697909607\n|move|p1b: Roaring Moon|Protect|p1b: Roaring Moon\n|-singleturn|p1b: Roaring Moon|Protect\n|move|p2b: Flutter Mane|Dazzling Gleam|p1b: Roaring Moon|[spread] p1a\n|-activate|p1b: Roaring Moon|move: Protect\n|-damage|p1a: Flutter Mane|70\/100\n|move|p1a: Flutter Mane|Shadow Ball|p2b: Flutter Mane\n|-supereffective|p2b: Flutter Mane\n|-damage|p2b: Flutter Mane|0 fnt\n|faint|p2b: Flutter Mane\n|-end|p2b: Flutter Mane|Protosynthesis|[silent]\n|move|p2a: Great Tusk|Ice Spinner|p1b: Roaring Moon\n|-activate|p1b: Roaring Moon|move: Protect\n|\n|upkeep\n|-message|jonlurvsatan forfeited.\n|\n|win|Akikirai\n|raw|Akikirai's rating: 1174 &rarr; <strong>1203<\/strong><br \/>(+29 for winning)\n|raw|jonlurvsatan's rating: 1232 &rarr; <strong>1203<\/strong><br \/>(-29 for losing)\n|l|\u2606jonlurvsatan\n","uploadtime":1697909632,"views":21,"p1id":"akikirai","p2id":"jonlurvsatan","formatid":"gen9doublesou","rating":1203,"private":0,"password":""}