{"id":"gen9doublesou-1969106323","p1":"lawliet03","p2":"codyreborn","format":"[Gen 9] Doubles OU","log":"|j|\u2606lawliet03\n|j|\u2606codyreborn\n|t:|1697490545\n|gametype|doubles\n|player|p1|lawliet03|red|1330\n|player|p2|codyreborn|pokemaniac|1315\n|teamsize|p1|6\n|teamsize|p2|6\n|gen|9\n|tier|[Gen 9] Doubles OU\n|rated|\n|rule|Species Clause: Limit one of each Pok\u00e9mon\n|rule|OHKO Clause: OHKO moves are banned\n|rule|Evasion Moves Clause: Evasion moves are banned\n|rule|Gravity Sleep Clause: The combination of sleep-inducing moves with imperfect accuracy and Gravity or Gigantamax Orbeetle are banned\n|rule|Endless Battle Clause: Forcing endless battles is banned\n|rule|HP Percentage Mod: HP is shown in percentages\n|clearpoke\n|poke|p1|Kingambit, M|\n|poke|p1|Torkoal, F|\n|poke|p1|Sinistcha-Masterpiece|\n|poke|p1|Grimmsnarl, M|\n|poke|p1|Cresselia, F|\n|poke|p1|Iron Hands|\n|poke|p2|Raichu, M|\n|poke|p2|Sylveon, M|\n|poke|p2|Heatran, M|\n|poke|p2|Dragapult, M|\n|poke|p2|Scizor, M|\n|poke|p2|Milotic, F|\n|teampreview\n|\n|t:|1697490555\n|start\n|switch|p1a: Grimmsnarl|Grimmsnarl, M|100\/100\n|switch|p1b: Cresselia|Cresselia, F|100\/100\n|switch|p2a: Milotic|Milotic, F, shiny|100\/100\n|switch|p2b: Heatran|Heatran, M, shiny|100\/100\n|turn|1\n|\n|t:|1697490572\n|move|p1a: Grimmsnarl|Light Screen|p1a: Grimmsnarl\n|-sidestart|p1: lawliet03|move: Light Screen\n|move|p2b: Heatran|Taunt|p1b: Cresselia\n|-start|p1b: Cresselia|move: Taunt\n|move|p2a: Milotic|Attract|p1a: Grimmsnarl\n|-start|p1a: Grimmsnarl|Attract\n|cant|p1b: Cresselia|move: Taunt|Trick Room\n|\n|-status|p2a: Milotic|brn|[from] item: Flame Orb\n|upkeep\n|turn|2\n|\n|t:|1697490604\n|move|p2b: Heatran|Magma Storm|p1b: Cresselia\n|-damage|p1b: Cresselia|82\/100\n|-activate|p1b: Cresselia|move: Magma Storm|[of] p2b: Heatran\n|move|p2a: Milotic|Scald|p1b: Cresselia\n|-damage|p1b: Cresselia|69\/100\n|move|p1b: Cresselia|Moonblast|p2a: Milotic\n|-damage|p2a: Milotic|89\/100 brn\n|-unboost|p2a: Milotic|spa|1\n|-activate|p1a: Grimmsnarl|move: Attract|[of] p2a: Milotic\n|cant|p1a: Grimmsnarl|Attract\n|\n|-heal|p1b: Cresselia|75\/100|[from] item: Leftovers\n|-damage|p2a: Milotic|83\/100 brn|[from] brn\n|-damage|p1b: Cresselia|63\/100|[from] move: Magma Storm|[partiallytrapped]\n|upkeep\n|turn|3\n|\n|t:|1697490626\n|-activate|p1a: Grimmsnarl|move: Attract|[of] p2a: Milotic\n|cant|p1a: Grimmsnarl|Attract\n|move|p2b: Heatran|Magma Storm|p1a: Grimmsnarl\n|-damage|p1a: Grimmsnarl|68\/100\n|-activate|p1a: Grimmsnarl|move: Magma Storm|[of] p2b: Heatran\n|move|p2a: Milotic|Scald|p1b: Cresselia\n|-damage|p1b: Cresselia|54\/100\n|move|p1b: Cresselia|Moonblast|p2b: Heatran\n|-resisted|p2b: Heatran\n|-damage|p2b: Heatran|98\/100\n|\n|-heal|p2b: Heatran|100\/100|[from] item: Leftovers\n|-heal|p1b: Cresselia|60\/100|[from] item: Leftovers\n|-damage|p2a: Milotic|77\/100 brn|[from] brn\n|-damage|p1b: Cresselia|48\/100|[from] move: Magma Storm|[partiallytrapped]\n|-damage|p1a: Grimmsnarl|56\/100|[from] move: Magma Storm|[partiallytrapped]\n|-end|p1b: Cresselia|move: Taunt\n|upkeep\n|turn|4\n|\n|t:|1697490650\n|-activate|p1a: Grimmsnarl|move: Attract|[of] p2a: Milotic\n|move|p1a: Grimmsnarl|Parting Shot|p2b: Heatran\n|-unboost|p2b: Heatran|atk|1\n|-unboost|p2b: Heatran|spa|1\n|\n|t:|1697490660\n|switch|p1a: Sinistcha|Sinistcha-Masterpiece|100\/100|[from] Parting Shot\n|-heal|p1b: Cresselia|73\/100|[from] ability: Hospitality|[of] p1a: Sinistcha\n|move|p2b: Heatran|Taunt|p1b: Cresselia\n|-start|p1b: Cresselia|move: Taunt\n|move|p2a: Milotic|Scald|p1a: Sinistcha\n|-resisted|p1a: Sinistcha\n|-crit|p1a: Sinistcha\n|-damage|p1a: Sinistcha|75\/100\n|cant|p1b: Cresselia|move: Taunt|Lunar Blessing\n|\n|-heal|p1b: Cresselia|79\/100|[from] item: Leftovers\n|-damage|p2a: Milotic|71\/100 brn|[from] brn\n|-damage|p1b: Cresselia|66\/100|[from] move: Magma Storm|[partiallytrapped]\n|upkeep\n|turn|5\n|\n|t:|1697490695\n|move|p2b: Heatran|Magma Storm|p1a: Sinistcha\n|-supereffective|p1a: Sinistcha\n|-damage|p1a: Sinistcha|33\/100\n|-activate|p1a: Sinistcha|move: Magma Storm|[of] p2b: Heatran\n|move|p2a: Milotic|Scald|p1a: Sinistcha\n|-resisted|p1a: Sinistcha\n|-damage|p1a: Sinistcha|26\/100\n|-status|p1a: Sinistcha|brn\n|move|p1b: Cresselia|Moonblast|p2b: Heatran\n|-resisted|p2b: Heatran\n|-damage|p2b: Heatran|98\/100\n|move|p1a: Sinistcha|Trick Room|p1a: Sinistcha\n|-fieldstart|move: Trick Room|[of] p1a: Sinistcha\n|\n|-heal|p1b: Cresselia|73\/100|[from] item: Leftovers\n|-heal|p2b: Heatran|100\/100|[from] item: Leftovers\n|-damage|p1a: Sinistcha|20\/100 brn|[from] brn\n|-damage|p2a: Milotic|65\/100 brn|[from] brn\n|-damage|p1a: Sinistcha|7\/100 brn|[from] move: Magma Storm|[partiallytrapped]\n|-damage|p1b: Cresselia|60\/100|[from] move: Magma Storm|[partiallytrapped]\n|upkeep\n|-enditem|p1a: Sinistcha|Aguav Berry|[eat]\n|-heal|p1a: Sinistcha|40\/100 brn|[from] item: Aguav Berry\n|turn|6\n|\n|t:|1697490739\n|switch|p1a: Torkoal|Torkoal, F|100\/100\n|-weather|SunnyDay|[from] ability: Drought|[of] p1a: Torkoal\n|move|p1b: Cresselia|Moonblast|p2a: Milotic\n|-damage|p2a: Milotic|53\/100 brn\n|move|p2a: Milotic|Ice Beam|p1a: Torkoal\n|-resisted|p1a: Torkoal\n|-damage|p1a: Torkoal|94\/100\n|move|p2b: Heatran|Magma Storm|p1a: Torkoal|[miss]\n|-miss|p2b: Heatran|p1a: Torkoal\n|\n|-weather|SunnyDay|[upkeep]\n|-heal|p1b: Cresselia|66\/100|[from] item: Leftovers\n|-damage|p2a: Milotic|47\/100 brn|[from] brn\n|-end|p1b: Cresselia|Magma Storm|[partiallytrapped]\n|-end|p1b: Cresselia|move: Taunt\n|upkeep\n|turn|7\n|\n|t:|1697490767\n|switch|p1b: Grimmsnarl|Grimmsnarl, M|56\/100\n|move|p1a: Torkoal|Earth Power|p2b: Heatran\n|-supereffective|p2b: Heatran\n|-damage|p2b: Heatran|0 fnt\n|faint|p2b: Heatran\n|move|p2a: Milotic|Recover|p2a: Milotic\n|-heal|p2a: Milotic|97\/100 brn\n|\n|-weather|SunnyDay|[upkeep]\n|-damage|p2a: Milotic|91\/100 brn|[from] brn\n|upkeep\n|\n|t:|1697490777\n|switch|p2b: Raichu|Raichu, M, shiny|100\/100\n|-item|p2b: Raichu|Air Balloon\n|turn|8\n|\n|t:|1697490795\n|switch|p1a: Cresselia|Cresselia, F|66\/100\n|move|p1b: Grimmsnarl|Parting Shot|p2b: Raichu\n|-unboost|p2b: Raichu|atk|1\n|-unboost|p2b: Raichu|spa|1\n|\n|t:|1697490801\n|switch|p1b: Sinistcha|Sinistcha-Masterpiece|40\/100 brn|[from] Parting Shot\n|-heal|p1a: Cresselia|91\/100|[from] ability: Hospitality|[of] p1b: Sinistcha\n|move|p2a: Milotic|Attract|p1b: Sinistcha\n|-immune|p1b: Sinistcha\n|move|p2b: Raichu|Nuzzle|p1a: Cresselia\n|-damage|p1a: Cresselia|89\/100\n|-status|p1a: Cresselia|par\n|\n|-weather|SunnyDay|[upkeep]\n|-heal|p1a: Cresselia|95\/100 par|[from] item: Leftovers\n|-damage|p1b: Sinistcha|34\/100 brn|[from] brn\n|-damage|p2a: Milotic|85\/100 brn|[from] brn\n|-sideend|p1: lawliet03|move: Light Screen\n|upkeep\n|turn|9\n|\n|t:|1697490820\n|move|p1a: Cresselia|Lunar Blessing|p1a: Cresselia|[spread] p1a,p1b\n|-heal|p1a: Cresselia|100\/100 par\n|-curestatus|p1a: Cresselia|par|[msg]\n|-heal|p1b: Sinistcha|59\/100 brn\n|-curestatus|p1b: Sinistcha|brn|[msg]\n|move|p1b: Sinistcha|Calm Mind|p1b: Sinistcha\n|-boost|p1b: Sinistcha|spa|1\n|-boost|p1b: Sinistcha|spd|1\n|move|p2a: Milotic|Ice Beam|p1b: Sinistcha\n|-supereffective|p1b: Sinistcha\n|-damage|p1b: Sinistcha|35\/100\n|move|p2b: Raichu|Thunderbolt|p1b: Sinistcha\n|-resisted|p1b: Sinistcha\n|-damage|p1b: Sinistcha|24\/100\n|\n|-weather|SunnyDay|[upkeep]\n|-damage|p2a: Milotic|79\/100 brn|[from] brn\n|-fieldend|move: Trick Room\n|upkeep\n|turn|10\n|\n|t:|1697490848\n|move|p2b: Raichu|Nuzzle|p1b: Sinistcha\n|-resisted|p1b: Sinistcha\n|-damage|p1b: Sinistcha|23\/100\n|-status|p1b: Sinistcha|par\n|move|p2a: Milotic|Ice Beam|p1b: Sinistcha\n|-supereffective|p1b: Sinistcha\n|-damage|p1b: Sinistcha|3\/100 par\n|move|p1a: Cresselia|Lunar Blessing|p1a: Cresselia|[spread] p1a,p1b\n|-heal|p1b: Sinistcha|27\/100 par\n|-curestatus|p1b: Sinistcha|par|[msg]\n|move|p1b: Sinistcha|Matcha Gotcha|p2a: Milotic|[spread] p2a,p2b\n|-supereffective|p2a: Milotic\n|-damage|p2a: Milotic|38\/100 brn\n|-heal|p1b: Sinistcha|51\/100|[from] drain|[of] p2a: Milotic\n|-damage|p2b: Raichu|46\/100\n|-heal|p1b: Sinistcha|71\/100|[from] drain|[of] p2b: Raichu\n|-status|p2b: Raichu|brn\n|-enditem|p2b: Raichu|Air Balloon\n|\n|-weather|none\n|-damage|p2b: Raichu|40\/100 brn|[from] brn\n|-damage|p2a: Milotic|32\/100 brn|[from] brn\n|upkeep\n|turn|11\n|c|\u2606codyreborn|sucha cringe mon, holy shit\n|\n|t:|1697490872\n|move|p2b: Raichu|Nuzzle|p1a: Cresselia\n|-damage|p1a: Cresselia|99\/100\n|-status|p1a: Cresselia|par\n|move|p2a: Milotic|Recover|p2a: Milotic\n|-heal|p2a: Milotic|82\/100 brn\n|move|p1b: Sinistcha|Matcha Gotcha|p2b: Raichu|[spread] p2a,p2b\n|-supereffective|p2a: Milotic\n|-damage|p2a: Milotic|34\/100 brn\n|-heal|p1b: Sinistcha|98\/100|[from] drain|[of] p2a: Milotic\n|-damage|p2b: Raichu|0 fnt\n|-heal|p1b: Sinistcha|100\/100|[from] drain|[of] p2b: Raichu\n|faint|p2b: Raichu\n|cant|p1a: Cresselia|par\n|\n|-heal|p1a: Cresselia|100\/100 par|[from] item: Leftovers\n|-damage|p2a: Milotic|28\/100 brn|[from] brn\n|upkeep\n|\n|t:|1697490896\n|switch|p2b: Scizor|Scizor, M, shiny|100\/100\n|turn|12\n|\n|t:|1697490910\n|move|p2b: Scizor|Swords Dance|p2b: Scizor\n|-boost|p2b: Scizor|atk|2\n|move|p2a: Milotic|Ice Beam|p1b: Sinistcha\n|-supereffective|p1b: Sinistcha\n|-damage|p1b: Sinistcha|78\/100\n|-status|p1b: Sinistcha|frz\n|cant|p1b: Sinistcha|frz\n|move|p1a: Cresselia|Trick Room|p1a: Cresselia\n|-fieldstart|move: Trick Room|[of] p1a: Cresselia\n|\n|-damage|p2a: Milotic|22\/100 brn|[from] brn\n|upkeep\n|turn|13\n|\n|t:|1697490942\n|switch|p1a: Torkoal|Torkoal, F|94\/100\n|-weather|SunnyDay|[from] ability: Drought|[of] p1a: Torkoal\n|-curestatus|p1b: Sinistcha|frz|[from] move: Matcha Gotcha\n|move|p1b: Sinistcha|Matcha Gotcha|p2b: Scizor|[spread] p2a,p2b\n|-supereffective|p2a: Milotic\n|-resisted|p2b: Scizor\n|-damage|p2a: Milotic|0 fnt\n|-heal|p1b: Sinistcha|90\/100|[from] drain|[of] p2a: Milotic\n|-damage|p2b: Scizor|88\/100\n|-heal|p1b: Sinistcha|95\/100|[from] drain|[of] p2b: Scizor\n|faint|p2a: Milotic\n|move|p2b: Scizor|Swords Dance|p2b: Scizor\n|-boost|p2b: Scizor|atk|2\n|\n|-weather|SunnyDay|[upkeep]\n|upkeep\n|\n|t:|1697490958\n|switch|p2a: Sylveon|Sylveon, M, shiny|100\/100\n|turn|14\n|\n|t:|1697490969\n|-terastallize|p1a: Torkoal|Fire\n|-terastallize|p2b: Scizor|Fire\n|move|p2b: Scizor|Bullet Punch|p1b: Sinistcha\n|-damage|p1b: Sinistcha|10\/100\n|-damage|p2b: Scizor|78\/100|[from] item: Life Orb\n|move|p1a: Torkoal|Eruption|p2b: Scizor|[spread] p2a,p2b\n|-resisted|p2b: Scizor\n|-damage|p2a: Sylveon|12\/100\n|-damage|p2b: Scizor|0 fnt\n|faint|p2b: Scizor\n|move|p1b: Sinistcha|Shadow Ball|p2a: Sylveon\n|-damage|p2a: Sylveon|0 fnt\n|faint|p2a: Sylveon\n|\n|-weather|SunnyDay|[upkeep]\n|upkeep\n|c|\u2606lawliet03|gg\n|c|\u2606codyreborn|Won with a single mon\n|n|!codyreborn|codyreborn\n|-message|codyreborn forfeited.\n|\n|win|lawliet03\n|raw|lawliet03's rating: 1330 &rarr; <strong>1349<\/strong><br \/>(+19 for winning)\n|raw|codyreborn's rating: 1315 &rarr; <strong>1296<\/strong><br \/>(-19 for losing)\n|l|!codyreborn\n","uploadtime":1697490996,"views":19,"p1id":"lawliet03","p2id":"codyreborn","formatid":"gen9doublesou","rating":1296,"private":0,"password":""}