{"id":"gen9doublesou-1991810741","p1":"Ositoguapo15","p2":"ChazDwag","format":"[Gen 9] Doubles OU","log":"|j|\u2606Ositoguapo15\n|j|\u2606ChazDwag\n|t:|1700121598\n|gametype|doubles\n|player|p1|Ositoguapo15|acetrainer-gen4dp|1217\n|player|p2|ChazDwag|blackbelt|1131\n|teamsize|p1|6\n|teamsize|p2|6\n|gen|9\n|tier|[Gen 9] Doubles OU\n|rated|\n|rule|Species Clause: Limit one of each Pok\u00e9mon\n|rule|OHKO Clause: OHKO moves are banned\n|rule|Evasion Moves Clause: Evasion moves are banned\n|rule|Gravity Sleep Clause: The combination of sleep-inducing moves with imperfect accuracy and Gravity or Gigantamax Orbeetle are banned\n|rule|Endless Battle Clause: Forcing endless battles is banned\n|rule|HP Percentage Mod: HP is shown in percentages\n|clearpoke\n|poke|p1|Hatterene, F|\n|poke|p1|Murkrow, F|\n|poke|p1|Torkoal, F|\n|poke|p1|Sinistcha-Masterpiece|\n|poke|p1|Arboliva, F|\n|poke|p1|Lilligant-Hisui, F|\n|poke|p2|Dondozo, F|\n|poke|p2|Iron Hands|\n|poke|p2|Golem-Alola, F|\n|poke|p2|Maushold-Four|\n|poke|p2|Rabsca, M|\n|poke|p2|Sinistcha|\n|teampreview\n|inactive|Battle timer is ON: inactive players will automatically lose when time's up. (requested by ChazDwag)\n|\n|t:|1700121613\n|start\n|switch|p1a: Hatterene|Hatterene, F|100\/100\n|switch|p1b: Murkrow|Murkrow, F|100\/100\n|switch|p2a: Golem|Golem-Alola, F|100\/100\n|switch|p2b: Rabsca|Rabsca, M|100\/100\n|turn|1\n|\n|t:|1700121642\n|-terastallize|p2b: Rabsca|Dark\n|move|p2a: Golem|Protect|p2a: Golem\n|-singleturn|p2a: Golem|Protect\n|move|p1b: Murkrow|Feather Dance|p2a: Golem\n|-activate|p2a: Golem|move: Protect\n|move|p2b: Rabsca|Trick Room|p2b: Rabsca\n|-fieldstart|move: Trick Room|[of] p2b: Rabsca\n|move|p1a: Hatterene|Trick Room|p1a: Hatterene\n|-fieldend|move: Trick Room\n|\n|upkeep\n|turn|2\n|inactive|Ositoguapo15 has 120 seconds left.\n|\n|t:|1700121687\n|switch|p1b: Arboliva|Arboliva, F|100\/100\n|switch|p1a: Torkoal|Torkoal, F|100\/100\n|-weather|SunnyDay|[from] ability: Drought|[of] p1a: Torkoal\n|move|p2a: Golem|Explosion|p1b: Arboliva|[spread] p1a,p1b\n|-activate|p2b: Rabsca|ability: Telepathy\n|-resisted|p1b: Arboliva\n|-damage|p1a: Torkoal|0 fnt\n|-damage|p1b: Arboliva|28\/100\n|faint|p2a: Golem\n|faint|p1a: Torkoal\n|move|p2b: Rabsca|Trick Room|p2b: Rabsca\n|-fieldstart|move: Trick Room|[of] p2b: Rabsca\n|\n|-weather|SunnyDay|[upkeep]\n|upkeep\n|inactive|Ositoguapo15 has 120 seconds left.\n|\n|t:|1700121711\n|switch|p1a: Sinistcha|Sinistcha-Masterpiece|100\/100\n|switch|p2a: Iron Hands|Iron Hands|100\/100\n|-heal|p1b: Arboliva|53\/100|[from] ability: Hospitality|[of] p1a: Sinistcha\n|turn|3\n|\n|t:|1700121728\n|switch|p1a: Hatterene|Hatterene, F|100\/100\n|move|p1b: Arboliva|Protect|p1b: Arboliva\n|-singleturn|p1b: Arboliva|Protect\n|move|p2a: Iron Hands|Fake Out|p1b: Arboliva\n|-activate|p1b: Arboliva|move: Protect\n|move|p2b: Rabsca|Revival Blessing|p2b: Rabsca\n|-enditem|p2b: Rabsca|Leppa Berry|[eat]\n|-activate|p2b: Rabsca|item: Leppa Berry|Revival Blessing|[consumed]\n|\n|t:|1700121733\n|-heal|p2: Golem|50\/100|[from] move: Revival Blessing\n|\n|-weather|SunnyDay|[upkeep]\n|upkeep\n|turn|4\n|\n|t:|1700121756\n|switch|p2b: Golem|Golem-Alola, F|50\/100\n|move|p1a: Hatterene|Dazzling Gleam|p2b: Golem|[spread] p2a,p2b\n|-supereffective|p2a: Iron Hands\n|-crit|p2a: Iron Hands\n|-damage|p2a: Iron Hands|8\/100\n|-damage|p2b: Golem|0 fnt\n|-enditem|p2a: Iron Hands|Sitrus Berry|[eat]\n|-heal|p2a: Iron Hands|33\/100|[from] item: Sitrus Berry\n|faint|p2b: Golem\n|move|p1b: Arboliva|Energy Ball|p2a: Iron Hands\n|-damage|p2a: Iron Hands|0 fnt\n|faint|p2a: Iron Hands\n|-end|p2a: Iron Hands|Quark Drive|[silent]\n|\n|-weather|SunnyDay|[upkeep]\n|upkeep\n|\n|t:|1700121774\n|switch|p2b: Rabsca|Rabsca, M, tera:Dark|100\/100\n|switch|p2a: Dondozo|Dondozo, F|100\/100\n|turn|5\n|\n|t:|1700121789\n|move|p2a: Dondozo|Protect|p2a: Dondozo\n|-singleturn|p2a: Dondozo|Protect\n|move|p1a: Hatterene|Dazzling Gleam|p2b: Rabsca|[spread] p2b\n|-activate|p2a: Dondozo|move: Protect\n|-supereffective|p2b: Rabsca\n|-damage|p2b: Rabsca|37\/100\n|move|p1b: Arboliva|Energy Ball|p2a: Dondozo\n|-activate|p2a: Dondozo|move: Protect\n|move|p2b: Rabsca|Revival Blessing|p2b: Rabsca\n|\n|t:|1700121797\n|-heal|p2: Golem|50\/100|[from] move: Revival Blessing\n|\n|-weather|SunnyDay|[upkeep]\n|upkeep\n|turn|6\n|\n|t:|1700121824\n|move|p2b: Rabsca|Protect|p2b: Rabsca\n|-singleturn|p2b: Rabsca|Protect\n|move|p1a: Hatterene|Dazzling Gleam|p2a: Dondozo|[spread] p2a\n|-activate|p2b: Rabsca|move: Protect\n|-damage|p2a: Dondozo|67\/100\n|move|p1b: Arboliva|Hyper Voice|p2b: Rabsca|[spread] p2a\n|-activate|p2b: Rabsca|move: Protect\n|-damage|p2a: Dondozo|35\/100\n|move|p2a: Dondozo|Wave Crash|p1a: Hatterene\n|-damage|p1a: Hatterene|78\/100\n|-damage|p2a: Dondozo|30\/100|[from] Recoil\n|\n|-weather|none\n|-heal|p2a: Dondozo|36\/100|[from] item: Leftovers\n|-fieldend|move: Trick Room\n|upkeep\n|turn|7\n|inactive|Ositoguapo15 has 120 seconds left.\n|\n|t:|1700121863\n|move|p2b: Rabsca|Psychic|p1b: Arboliva\n|-damage|p1b: Arboliva|24\/100\n|-enditem|p1b: Arboliva|Starf Berry|[eat]\n|-boost|p1b: Arboliva|spe|2|[from] item: Starf Berry\n|move|p1b: Arboliva|Hyper Voice|p2b: Rabsca|[spread] p2a,p2b\n|-damage|p2a: Dondozo|2\/100\n|-damage|p2b: Rabsca|5\/100\n|move|p2a: Dondozo|Wave Crash|p1a: Hatterene\n|-damage|p1a: Hatterene|32\/100\n|-damage|p2a: Dondozo|0 fnt|[from] Recoil\n|faint|p2a: Dondozo\n|move|p1a: Hatterene|Dazzling Gleam|p2b: Rabsca\n|-supereffective|p2b: Rabsca\n|-damage|p2b: Rabsca|0 fnt\n|faint|p2b: Rabsca\n|\n|upkeep\n|inactive|ChazDwag has 120 seconds left.\n|\n|t:|1700121888\n|switch|p2b: Sinistcha|Sinistcha|100\/100\n|switch|p2a: Maushold|Maushold-Four|100\/100\n|turn|8\n|\n|t:|1700121899\n|switch|p1a: Sinistcha|Sinistcha-Masterpiece|100\/100\n|-heal|p1b: Arboliva|49\/100|[from] ability: Hospitality|[of] p1a: Sinistcha\n|move|p1b: Arboliva|Protect|p1b: Arboliva\n|-singleturn|p1b: Arboliva|Protect\n|move|p2a: Maushold|Follow Me|p2a: Maushold\n|-singleturn|p2a: Maushold|move: Follow Me\n|move|p2b: Sinistcha|Nasty Plot|p2b: Sinistcha\n|-boost|p2b: Sinistcha|spa|2\n|\n|-item|p1b: Arboliva|Starf Berry|[from] ability: Harvest\n|upkeep\n|turn|9\n|\n|t:|1700121928\n|move|p2a: Maushold|Follow Me|p2a: Maushold\n|-singleturn|p2a: Maushold|move: Follow Me\n|move|p1b: Arboliva|Energy Ball|p2a: Maushold\n|-damage|p2a: Maushold|30\/100\n|move|p2b: Sinistcha|Nasty Plot|p2b: Sinistcha\n|-boost|p2b: Sinistcha|spa|2\n|move|p1a: Sinistcha|Trick Room|p1a: Sinistcha\n|-fieldstart|move: Trick Room|[of] p1a: Sinistcha\n|\n|upkeep\n|turn|10\n|\n|t:|1700121949\n|switch|p1b: Hatterene|Hatterene, F|32\/100\n|move|p1a: Sinistcha|Matcha Gotcha|p2a: Maushold|[spread] p2a,p2b\n|-resisted|p2b: Sinistcha\n|-damage|p2a: Maushold|0 fnt\n|-damage|p2b: Sinistcha|87\/100\n|faint|p2a: Maushold\n|move|p2b: Sinistcha|Matcha Gotcha|p1b: Hatterene|[spread] p1a\n|-miss|p2b: Sinistcha|p1b: Hatterene\n|-resisted|p1a: Sinistcha\n|-damage|p1a: Sinistcha|61\/100\n|-heal|p2b: Sinistcha|100\/100|[from] drain|[of] p1a: Sinistcha\n|\n|upkeep\n|\n|t:|1700121960\n|switch|p2a: Golem|Golem-Alola, F|50\/100\n|turn|11\n|\n|t:|1700121971\n|move|p2a: Golem|Wide Guard|p2a: Golem\n|-singleturn|p2a: Golem|Wide Guard\n|move|p1b: Hatterene|Mystical Fire|p2b: Sinistcha\n|-supereffective|p2b: Sinistcha\n|-damage|p2b: Sinistcha|29\/100\n|-unboost|p2b: Sinistcha|spa|1\n|move|p1a: Sinistcha|Matcha Gotcha|p2b: Sinistcha|[spread] \n|-activate|p2a: Golem|move: Wide Guard\n|-activate|p2b: Sinistcha|move: Wide Guard\n|move|p2b: Sinistcha|Matcha Gotcha|p1b: Hatterene|[spread] p1a,p1b\n|-resisted|p1a: Sinistcha\n|-damage|p1a: Sinistcha|23\/100\n|-heal|p2b: Sinistcha|48\/100|[from] drain|[of] p1a: Sinistcha\n|-damage|p1b: Hatterene|0 fnt\n|-heal|p2b: Sinistcha|61\/100|[from] drain|[of] p1b: Hatterene\n|faint|p1b: Hatterene\n|\n|upkeep\n|\n|t:|1700121994\n|switch|p1b: Murkrow|Murkrow, F|100\/100\n|turn|12\n|\n|t:|1700122004\n|move|p1b: Murkrow|Quash|p2a: Golem\n|-activate|p2a: Golem|move: Quash\n|move|p1a: Sinistcha|Matcha Gotcha|p2b: Sinistcha|[spread] p2a,p2b\n|-supereffective|p2a: Golem\n|-resisted|p2b: Sinistcha\n|-damage|p2a: Golem|0 fnt\n|-heal|p1a: Sinistcha|46\/100|[from] drain|[of] p2a: Golem\n|-damage|p2b: Sinistcha|44\/100\n|-heal|p1a: Sinistcha|55\/100|[from] drain|[of] p2b: Sinistcha\n|-status|p2b: Sinistcha|brn\n|faint|p2a: Golem\n|move|p2b: Sinistcha|Matcha Gotcha|p1a: Sinistcha|[spread] p1a,p1b\n|-resisted|p1a: Sinistcha\n|-resisted|p1b: Murkrow\n|-damage|p1a: Sinistcha|17\/100\n|-heal|p2b: Sinistcha|62\/100 brn|[from] drain|[of] p1a: Sinistcha\n|-damage|p1b: Murkrow|73\/100\n|-heal|p2b: Sinistcha|75\/100 brn|[from] drain|[of] p1b: Murkrow\n|-status|p1a: Sinistcha|brn\n|-status|p1b: Murkrow|brn\n|\n|-damage|p2b: Sinistcha|69\/100 brn|[from] brn\n|-damage|p1a: Sinistcha|11\/100 brn|[from] brn\n|-damage|p1b: Murkrow|67\/100 brn|[from] brn\n|upkeep\n|turn|13\n|\n|t:|1700122032\n|move|p2b: Sinistcha|Protect|p2b: Sinistcha\n|-singleturn|p2b: Sinistcha|Protect\n|move|p1b: Murkrow|Quash|p2b: Sinistcha\n|-activate|p2b: Sinistcha|move: Protect\n|move|p1a: Sinistcha|Shadow Ball|p2b: Sinistcha\n|-activate|p2b: Sinistcha|move: Protect\n|\n|-damage|p1a: Sinistcha|5\/100 brn|[from] brn\n|-damage|p2b: Sinistcha|63\/100 brn|[from] brn\n|-damage|p1b: Murkrow|61\/100 brn|[from] brn\n|-fieldend|move: Trick Room\n|upkeep\n|turn|14\n|\n|t:|1700122063\n|move|p2b: Sinistcha|Protect|p2b: Sinistcha\n|-singleturn|p2b: Sinistcha|Protect\n|move|p1b: Murkrow|Tailwind|p1b: Murkrow\n|-sidestart|p1: Ositoguapo15|move: Tailwind\n|move|p1a: Sinistcha|Shadow Ball|p2b: Sinistcha\n|-activate|p2b: Sinistcha|move: Protect\n|\n|-damage|p1b: Murkrow|55\/100 brn|[from] brn\n|-damage|p1a: Sinistcha|0 fnt|[from] brn\n|faint|p1a: Sinistcha\n|-damage|p2b: Sinistcha|57\/100 brn|[from] brn\n|upkeep\n|\n|t:|1700122076\n|switch|p1a: Lilligant|Lilligant-Hisui, F|100\/100\n|turn|15\n|\n|t:|1700122085\n|move|p1a: Lilligant|Ice Spinner|p2b: Sinistcha\n|-supereffective|p2b: Sinistcha\n|-crit|p2b: Sinistcha\n|-damage|p2b: Sinistcha|3\/100 brn\n|move|p1b: Murkrow|Brave Bird|p2b: Sinistcha\n|-supereffective|p2b: Sinistcha\n|-damage|p2b: Sinistcha|0 fnt\n|faint|p2b: Sinistcha\n|-damage|p1b: Murkrow|54\/100 brn|[from] Recoil\n|\n|win|Ositoguapo15\n|raw|Ositoguapo15's rating: 1217 &rarr; <strong>1236<\/strong><br \/>(+19 for winning)\n|raw|ChazDwag's rating: 1131 &rarr; <strong>1112<\/strong><br \/>(-19 for losing)\n|c|\u2606Ositoguapo15|Gg\n|l|\u2606ChazDwag\n","uploadtime":1700122099,"views":12,"p1id":"ositoguapo15","p2id":"chazdwag","formatid":"gen9doublesou","rating":1112,"private":0,"password":""}