{"id":"gen9doublesou-1968591696","p1":"Fukino","p2":"Dididu","format":"[Gen 9] Doubles OU","log":"|j|\u203dFukino\n|j|\u2606Dididu\n|t:|1697438840\n|gametype|doubles\n|player|p1|Fukino|102|1000\n|player|p2|Dididu|maid|1000\n|teamsize|p1|6\n|teamsize|p2|6\n|gen|9\n|tier|[Gen 9] Doubles OU\n|rated|\n|rule|Species Clause: Limit one of each Pok\u00e9mon\n|rule|OHKO Clause: OHKO moves are banned\n|rule|Evasion Moves Clause: Evasion moves are banned\n|rule|Gravity Sleep Clause: The combination of sleep-inducing moves with imperfect accuracy and Gravity or Gigantamax Orbeetle are banned\n|rule|Endless Battle Clause: Forcing endless battles is banned\n|rule|HP Percentage Mod: HP is shown in percentages\n|clearpoke\n|poke|p1|Cinderace, F|\n|poke|p1|Roaring Moon|\n|poke|p1|Gliscor, F|\n|poke|p1|Chansey, F|\n|poke|p1|Samurott-Hisui, F|\n|poke|p1|Great Tusk|\n|poke|p2|Snorlax, M|\n|poke|p2|Bronzong|\n|poke|p2|Medicham, M|\n|poke|p2|Gastrodon-East, F|\n|poke|p2|Dragonair, M|\n|poke|p2|Mew|\n|teampreview\n|inactive|Battle timer is ON: inactive players will automatically lose when time's up. (requested by Dididu)\n|\n|t:|1697438859\n|start\n|switch|p1a: Chansey|Chansey, F|100\/100\n|switch|p1b: Cinderace|Cinderace, F|100\/100\n|switch|p2a: Bronzong|Bronzong|100\/100\n|switch|p2b: Medicham|Medicham, M|100\/100\n|turn|1\n|\n|t:|1697438878\n|move|p2b: Medicham|Fake Out|p1b: Cinderace\n|-damage|p1b: Cinderace|74\/100\n|cant|p1b: Cinderace|flinch\n|move|p1a: Chansey|Sunny Day|p1a: Chansey\n|-weather|SunnyDay\n|move|p2a: Bronzong|Trick Room|p2a: Bronzong\n|-fieldstart|move: Trick Room|[of] p2a: Bronzong\n|\n|-weather|SunnyDay|[upkeep]\n|upkeep\n|turn|2\n|\n|t:|1697438902\n|move|p2a: Bronzong|Stealth Rock|p1a: Chansey\n|-sidestart|p1: Fukino|move: Stealth Rock\n|move|p1a: Chansey|Life Dew||[still]|[spread] p1a,p1b\n|-fail|p1a: Chansey|heal\n|-heal|p1b: Cinderace|99\/100\n|move|p2b: Medicham|Drain Punch|p1a: Chansey\n|-supereffective|p1a: Chansey\n|-damage|p1a: Chansey|2\/100\n|move|p1b: Cinderace|Fire Punch|p2a: Bronzong\n|-supereffective|p2a: Bronzong\n|-damage|p2a: Bronzong|43\/100\n|\n|-weather|SunnyDay|[upkeep]\n|-heal|p2a: Bronzong|49\/100|[from] item: Leftovers\n|upkeep\n|turn|3\n|\n|t:|1697438920\n|move|p2a: Bronzong|Rock Slide|p1a: Chansey|[spread] p1a,p1b\n|-supereffective|p1b: Cinderace\n|-damage|p1a: Chansey|0 fnt\n|-damage|p1b: Cinderace|67\/100\n|faint|p1a: Chansey\n|move|p2b: Medicham|Drain Punch|p1b: Cinderace\n|-crit|p1b: Cinderace\n|-damage|p1b: Cinderace|0 fnt\n|faint|p1b: Cinderace\n|\n|-weather|SunnyDay|[upkeep]\n|-heal|p2a: Bronzong|55\/100|[from] item: Leftovers\n|upkeep\n|\n|t:|1697438940\n|switch|p1a: Gliscor|Gliscor, F|100\/100\n|switch|p1b: Great Tusk|Great Tusk, shiny|100\/100\n|-damage|p1b: Great Tusk|98\/100|[from] Stealth Rock\n|-activate|p1b: Great Tusk|ability: Protosynthesis\n|-start|p1b: Great Tusk|protosynthesisatk\n|-damage|p1a: Gliscor|88\/100|[from] Stealth Rock\n|turn|4\n|\n|t:|1697438958\n|move|p2a: Bronzong|Confuse Ray|p1b: Great Tusk\n|-start|p1b: Great Tusk|confusion\n|move|p2b: Medicham|Ice Punch|p1a: Gliscor\n|-supereffective|p1a: Gliscor\n|-damage|p1a: Gliscor|0 fnt\n|faint|p1a: Gliscor\n|-activate|p1b: Great Tusk|confusion\n|move|p1b: Great Tusk|Ice Spinner|p2a: Bronzong\n|-resisted|p2a: Bronzong\n|-damage|p2a: Bronzong|42\/100\n|\n|-weather|SunnyDay|[upkeep]\n|-heal|p2a: Bronzong|48\/100|[from] item: Leftovers\n|upkeep\n|\n|t:|1697438972\n|switch|p1a: Samurott|Samurott-Hisui, F, shiny|100\/100\n|-damage|p1a: Samurott|88\/100|[from] Stealth Rock\n|turn|5\n|\n|t:|1697438986\n|move|p1a: Samurott|Aqua Jet|p2b: Medicham\n|-damage|p2b: Medicham|85\/100\n|move|p2a: Bronzong|Rock Slide|p1b: Great Tusk|[spread] p1a,p1b\n|-resisted|p1b: Great Tusk\n|-damage|p1a: Samurott|72\/100\n|-damage|p1b: Great Tusk|96\/100\n|move|p2b: Medicham|Drain Punch|p1a: Samurott\n|-supereffective|p1a: Samurott\n|-damage|p1a: Samurott|0 fnt\n|-heal|p2b: Medicham|100\/100|[from] drain|[of] p1a: Samurott\n|faint|p1a: Samurott\n|cant|p1b: Great Tusk|flinch\n|\n|-weather|none\n|-end|p1b: Great Tusk|Protosynthesis\n|-heal|p2a: Bronzong|54\/100|[from] item: Leftovers\n|-fieldend|move: Trick Room\n|upkeep\n|\n|t:|1697439001\n|switch|p1a: Roaring Moon|Roaring Moon, shiny|100\/100\n|-damage|p1a: Roaring Moon|88\/100|[from] Stealth Rock\n|turn|6\n|\n|t:|1697439021\n|move|p1a: Roaring Moon|Flamethrower|p2a: Bronzong\n|-supereffective|p2a: Bronzong\n|-crit|p2a: Bronzong\n|-damage|p2a: Bronzong|33\/100\n|-damage|p1a: Roaring Moon|78\/100|[from] item: Life Orb\n|-end|p1b: Great Tusk|confusion\n|move|p1b: Great Tusk|Brick Break|p2a: Bronzong\n|-damage|p2a: Bronzong|1\/100\n|move|p2b: Medicham|Drain Punch|p1a: Roaring Moon\n|-supereffective|p1a: Roaring Moon\n|-damage|p1a: Roaring Moon|0 fnt\n|faint|p1a: Roaring Moon\n|-end|p1a: Roaring Moon|Protosynthesis|[silent]\n|move|p2a: Bronzong|Trick Room|p2a: Bronzong\n|-fieldstart|move: Trick Room|[of] p2a: Bronzong\n|\n|-heal|p2a: Bronzong|8\/100|[from] item: Leftovers\n|upkeep\n|turn|7\n|-message|Fukino forfeited.\n|\n|win|Dididu\n|raw|Fukino's rating: 1000 &rarr; <strong>1000<\/strong><br \/>(+0 for losing)\n|raw|Dididu's rating: 1000 &rarr; <strong>1040<\/strong><br \/>(+40 for winning)\n|l|\u203dFukino\n|l|\u2606Dididu\n","uploadtime":1697439587,"views":20,"p1id":"fukino","p2id":"dididu","formatid":"gen9doublesou","rating":1000,"private":0,"password":""}