{"id":"gen9doublesou-1991738568","p1":"CAUTl0US","p2":"Ballzgoingdown","format":"[Gen 9] Doubles OU","log":"|j|\u2606CAUTl0US\n|j|\u2606Ballzgoingdown\n|t:|1700109142\n|gametype|doubles\n|player|p1|CAUTl0US|artist-gen4|1092\n|player|p2|Ballzgoingdown|shadowtriad|1000\n|teamsize|p1|6\n|teamsize|p2|6\n|gen|9\n|tier|[Gen 9] Doubles OU\n|rated|\n|rule|Species Clause: Limit one of each Pok\u00e9mon\n|rule|OHKO Clause: OHKO moves are banned\n|rule|Evasion Moves Clause: Evasion moves are banned\n|rule|Gravity Sleep Clause: The combination of sleep-inducing moves with imperfect accuracy and Gravity or Gigantamax Orbeetle are banned\n|rule|Endless Battle Clause: Forcing endless battles is banned\n|rule|HP Percentage Mod: HP is shown in percentages\n|clearpoke\n|poke|p1|Cryogonal|\n|poke|p1|Victreebel, F|\n|poke|p1|Sableye, F|\n|poke|p1|Dugtrio, M|\n|poke|p1|Infernape, M|\n|poke|p1|Chansey, F|\n|poke|p2|Chi-Yu|\n|poke|p2|Flutter Mane|\n|poke|p2|Landorus-Therian, M|\n|poke|p2|Tornadus, M|\n|poke|p2|Torkoal, M|\n|poke|p2|Lilligant-Hisui, F|\n|teampreview\n|inactive|Battle timer is ON: inactive players will automatically lose when time's up. (requested by Ballzgoingdown)\n|\n|t:|1700109159\n|start\n|switch|p1a: head|Victreebel, F|100\/100\n|switch|p1b: monkeefer|Infernape, M|100\/100\n|switch|p2a: Torkoal|Torkoal, M|100\/100\n|switch|p2b: Tornadus|Tornadus, M|100\/100\n|-weather|SunnyDay|[from] ability: Drought|[of] p2a: Torkoal\n|turn|1\n|inactive|CAUTl0US has 120 seconds left.\n|\n|t:|1700109193\n|move|p1b: monkeefer|Fake Out|p2a: Torkoal\n|-damage|p2a: Torkoal|90\/100\n|-damage|p1b: monkeefer|91\/100|[from] item: Life Orb\n|move|p2b: Tornadus|Tailwind|p2b: Tornadus\n|-sidestart|p2: Ballzgoingdown|move: Tailwind\n|move|p1a: head|Sludge Bomb|p2b: Tornadus\n|-damage|p2b: Tornadus|72\/100\n|cant|p2a: Torkoal|flinch\n|\n|-weather|SunnyDay|[upkeep]\n|-heal|p2b: Tornadus|78\/100|[from] item: Leftovers\n|-heal|p2a: Torkoal|96\/100|[from] item: Leftovers\n|upkeep\n|turn|2\n|\n|t:|1700109222\n|-terastallize|p1a: head|Water\n|move|p2b: Tornadus|Air Slash|p1b: monkeefer\n|-supereffective|p1b: monkeefer\n|-damage|p1b: monkeefer|0 fnt\n|faint|p1b: monkeefer\n|move|p1a: head|Trailblaze|p2a: Torkoal\n|-resisted|p2a: Torkoal\n|-damage|p2a: Torkoal|89\/100\n|-boost|p1a: head|spe|1\n|move|p2a: Torkoal|Will-O-Wisp|p1a: head\n|-status|p1a: head|brn\n|\n|-weather|SunnyDay|[upkeep]\n|-heal|p2b: Tornadus|85\/100|[from] item: Leftovers\n|-heal|p2a: Torkoal|96\/100|[from] item: Leftovers\n|-damage|p1a: head|94\/100 brn|[from] brn\n|upkeep\n|inactive|CAUTl0US has 120 seconds left.\n|\n|t:|1700109238\n|switch|p1b: shapow|Dugtrio, M|100\/100\n|turn|3\n|\n|t:|1700109259\n|move|p1b: shapow|Rock Slide|p2a: Torkoal|[spread] p2b\n|-miss|p1b: shapow|p2a: Torkoal\n|-supereffective|p2b: Tornadus\n|-damage|p2b: Tornadus|40\/100\n|move|p2b: Tornadus|Chilling Water|p1b: shapow\n|-supereffective|p1b: shapow\n|-damage|p1b: shapow|66\/100\n|-unboost|p1b: shapow|atk|1\n|move|p1a: head|Sludge Bomb|p2b: Tornadus\n|-damage|p2b: Tornadus|10\/100\n|move|p2a: Torkoal|Stealth Rock|p1a: head\n|-sidestart|p1: CAUTl0US|move: Stealth Rock\n|\n|-weather|SunnyDay|[upkeep]\n|-heal|p2b: Tornadus|17\/100|[from] item: Leftovers\n|-heal|p2a: Torkoal|100\/100|[from] item: Leftovers\n|-damage|p1a: head|88\/100 brn|[from] brn\n|upkeep\n|turn|4\n|\n|t:|1700109282\n|switch|p2b: Landorus|Landorus-Therian, M|100\/100\n|-ability|p2b: Landorus|Intimidate|boost\n|-unboost|p1a: head|atk|1\n|-unboost|p1b: shapow|atk|1\n|move|p1b: shapow|Rock Slide|p2b: Landorus|[spread] p2a,p2b\n|-supereffective|p2a: Torkoal\n|-damage|p2a: Torkoal|88\/100\n|-damage|p2b: Landorus|90\/100\n|move|p1a: head|Trailblaze|p2a: Torkoal\n|-resisted|p2a: Torkoal\n|-damage|p2a: Torkoal|86\/100\n|-boost|p1a: head|spe|1\n|move|p2a: Torkoal|Flamethrower|p1a: head\n|-resisted|p1a: head\n|-damage|p1a: head|69\/100 brn\n|\n|-weather|SunnyDay|[upkeep]\n|-heal|p2a: Torkoal|92\/100|[from] item: Leftovers\n|-damage|p1a: head|63\/100 brn|[from] brn\n|-sideend|p2: Ballzgoingdown|move: Tailwind\n|upkeep\n|turn|5\n|inactive|CAUTl0US has 120 seconds left.\n|inactive|Ballzgoingdown has 120 seconds left.\n|\n|t:|1700109315\n|switch|p1b: umph|Chansey, F|100\/100\n|-damage|p1b: umph|88\/100|[from] Stealth Rock\n|switch|p2b: Tornadus|Tornadus, M|17\/100\n|move|p1a: head|Strength Sap|p2b: Tornadus\n|-unboost|p2b: Tornadus|atk|1\n|-heal|p1a: head|100\/100 brn\n|move|p2a: Torkoal|Flamethrower|p1b: umph\n|-damage|p1b: umph|77\/100\n|\n|-weather|none\n|-heal|p2b: Tornadus|23\/100|[from] item: Leftovers\n|-heal|p2a: Torkoal|98\/100|[from] item: Leftovers\n|-damage|p1a: head|94\/100 brn|[from] brn\n|upkeep\n|turn|6\n|inactive|Ballzgoingdown has 120 seconds left.\n|\n|t:|1700109341\n|move|p2b: Tornadus|Tailwind|p2b: Tornadus\n|-sidestart|p2: Ballzgoingdown|move: Tailwind\n|move|p1a: head|Sludge Bomb|p2b: Tornadus\n|-damage|p2b: Tornadus|0 fnt\n|faint|p2b: Tornadus\n|move|p2a: Torkoal|Will-O-Wisp|p1b: umph\n|-status|p1b: umph|brn\n|move|p1b: umph|Heal Bell|p1b: umph\n|-activate|p1b: umph|move: Heal Bell\n|-curestatus|p1a: head|brn|[msg]\n|-curestatus|p1b: umph|brn|[msg]\n|\n|-heal|p2a: Torkoal|100\/100|[from] item: Leftovers\n|upkeep\n|\n|t:|1700109345\n|switch|p2b: Flutter Mane|Flutter Mane|100\/100\n|turn|7\n|\n|t:|1700109366\n|move|p1a: head|Sucker Punch|p2b: Flutter Mane\n|-damage|p2b: Flutter Mane|81\/100\n|move|p2b: Flutter Mane|Thunderbolt|p1a: head\n|-supereffective|p1a: head\n|-damage|p1a: head|10\/100\n|-enditem|p1a: head|Salac Berry|[eat]\n|-boost|p1a: head|spe|1|[from] item: Salac Berry\n|move|p2a: Torkoal|Will-O-Wisp|p1a: head|[miss]\n|-miss|p2a: Torkoal|p1a: head\n|move|p1b: umph|Body Slam|p2a: Torkoal\n|-damage|p2a: Torkoal|96\/100\n|\n|-heal|p2a: Torkoal|100\/100|[from] item: Leftovers\n|upkeep\n|turn|8\n|\n|t:|1700109387\n|move|p2b: Flutter Mane|Thunderbolt|p1a: head\n|-supereffective|p1a: head\n|-damage|p1a: head|0 fnt\n|faint|p1a: head\n|move|p2a: Torkoal|Flamethrower|p1b: umph\n|-damage|p1b: umph|69\/100\n|move|p1b: umph|Body Slam|p2a: Torkoal\n|-damage|p2a: Torkoal|96\/100\n|-status|p2a: Torkoal|par\n|\n|-heal|p2a: Torkoal|100\/100 par|[from] item: Leftovers\n|upkeep\n|inactive|CAUTl0US has 120 seconds left.\n|\n|t:|1700109403\n|switch|p1a: shapow|Dugtrio, M|66\/100\n|-damage|p1a: shapow|59\/100|[from] Stealth Rock\n|turn|9\n|\n|t:|1700109415\n|-end|p2b: Flutter Mane|Protosynthesis|[silent]\n|switch|p2b: Landorus|Landorus-Therian, M|90\/100\n|-ability|p2b: Landorus|Intimidate|boost\n|-unboost|p1a: shapow|atk|1\n|-unboost|p1b: umph|atk|1\n|move|p1a: shapow|Night Slash|p2b: Landorus\n|-damage|p2b: Landorus|74\/100\n|move|p1b: umph|Heal Pulse|p1a: shapow\n|-heal|p1a: shapow|100\/100\n|move|p2a: Torkoal|Will-O-Wisp|p1a: shapow\n|-status|p1a: shapow|brn\n|\n|-damage|p1a: shapow|94\/100 brn|[from] brn\n|-sideend|p2: Ballzgoingdown|move: Tailwind\n|upkeep\n|turn|10\n|\n|t:|1700109434\n|switch|p1a: TatlTailStrnglr|Cryogonal|100\/100\n|-damage|p1a: TatlTailStrnglr|76\/100|[from] Stealth Rock\n|move|p2b: Landorus|Stomping Tantrum|p1a: TatlTailStrnglr\n|-immune|p1a: TatlTailStrnglr|[from] ability: Levitate\n|move|p1b: umph|Heal Bell|p1b: umph\n|-activate|p1b: umph|move: Heal Bell\n|-curestatus|p1: shapow|brn|[msg]\n|move|p2a: Torkoal|Rapid Spin|p1b: umph\n|-damage|p1b: umph|62\/100\n|-boost|p2a: Torkoal|spe|1\n|\n|upkeep\n|turn|11\n|inactive|CAUTl0US has 120 seconds left.\n|\n|t:|1700109486\n|switch|p2b: Flutter Mane|Flutter Mane|81\/100\n|move|p1a: TatlTailStrnglr|Chilling Water|p2b: Flutter Mane\n|-damage|p2b: Flutter Mane|66\/100\n|-unboost|p2b: Flutter Mane|atk|1\n|move|p1b: umph|Heal Pulse|p1a: TatlTailStrnglr\n|-heal|p1a: TatlTailStrnglr|100\/100\n|move|p2a: Torkoal|Flamethrower|p1a: TatlTailStrnglr\n|-supereffective|p1a: TatlTailStrnglr\n|-damage|p1a: TatlTailStrnglr|74\/100\n|\n|upkeep\n|turn|12\n|inactive|CAUTl0US has 120 seconds left.\n|inactive|Ballzgoingdown has 120 seconds left.\n|inactive|Ballzgoingdown has 90 seconds left.\n|\n|t:|1700109549\n|move|p2b: Flutter Mane|Mystical Fire|p1a: TatlTailStrnglr\n|-supereffective|p1a: TatlTailStrnglr\n|-damage|p1a: TatlTailStrnglr|35\/100\n|-unboost|p1a: TatlTailStrnglr|spa|1\n|move|p1a: TatlTailStrnglr|Chilling Water|p2a: Torkoal\n|-supereffective|p2a: Torkoal\n|-damage|p2a: Torkoal|82\/100 par\n|-unboost|p2a: Torkoal|atk|1\n|move|p1b: umph|Heal Pulse|p1a: TatlTailStrnglr\n|-heal|p1a: TatlTailStrnglr|85\/100\n|move|p2a: Torkoal|Flamethrower|p1a: TatlTailStrnglr\n|-supereffective|p1a: TatlTailStrnglr\n|-damage|p1a: TatlTailStrnglr|58\/100\n|\n|-heal|p2a: Torkoal|89\/100 par|[from] item: Leftovers\n|upkeep\n|turn|13\n|inactive|CAUTl0US has 120 seconds left.\n|\n|t:|1700109571\n|move|p2b: Flutter Mane|Mystical Fire|p1a: TatlTailStrnglr\n|-supereffective|p1a: TatlTailStrnglr\n|-damage|p1a: TatlTailStrnglr|20\/100\n|-unboost|p1a: TatlTailStrnglr|spa|1\n|move|p1a: TatlTailStrnglr|Rapid Spin|p2a: Torkoal\n|-damage|p2a: Torkoal|84\/100 par\n|-boost|p1a: TatlTailStrnglr|spe|1\n|-sideend|p1: CAUTl0US|Stealth Rock|[from] move: Rapid Spin|[of] p1a: TatlTailStrnglr\n|move|p1b: umph|Heal Pulse|p1a: TatlTailStrnglr\n|-heal|p1a: TatlTailStrnglr|70\/100\n|move|p2a: Torkoal|Flamethrower|p1a: TatlTailStrnglr\n|-supereffective|p1a: TatlTailStrnglr\n|-damage|p1a: TatlTailStrnglr|40\/100\n|\n|-heal|p2a: Torkoal|90\/100 par|[from] item: Leftovers\n|upkeep\n|turn|14\n|inactive|Ballzgoingdown has 120 seconds left.\n|inactive|CAUTl0US has 120 seconds left.\n|\n|t:|1700109593\n|move|p2b: Flutter Mane|Mystical Fire|p1a: TatlTailStrnglr\n|-supereffective|p1a: TatlTailStrnglr\n|-crit|p1a: TatlTailStrnglr\n|-damage|p1a: TatlTailStrnglr|0 fnt\n|faint|p1a: TatlTailStrnglr\n|move|p1b: umph|Heal Pulse|p1: TatlTailStrnglr|[notarget]\n|-fail|p1b: umph\n|move|p2a: Torkoal|Flamethrower|p1b: umph\n|-damage|p1b: umph|54\/100\n|-status|p1b: umph|brn\n|\n|-heal|p2a: Torkoal|96\/100 par|[from] item: Leftovers\n|-damage|p1b: umph|48\/100 brn|[from] brn\n|upkeep\n|inactive|CAUTl0US has 120 seconds left.\n|\n|t:|1700109605\n|switch|p1a: twerp|Sableye, F|100\/100\n|turn|15\n|\n|t:|1700109625\n|switch|p2a: Chi-Yu|Chi-Yu|100\/100\n|-ability|p2a: Chi-Yu|Beads of Ruin\n|move|p2b: Flutter Mane|Mystical Fire|p1b: umph\n|-crit|p1b: umph\n|-damage|p1b: umph|27\/100 brn\n|-unboost|p1b: umph|spa|1\n|move|p1a: twerp|Foul Play|p2b: Flutter Mane\n|-damage|p2b: Flutter Mane|49\/100\n|move|p1b: umph|Soft-Boiled|p1b: umph\n|-heal|p1b: umph|77\/100 brn\n|\n|-damage|p1b: umph|71\/100 brn|[from] brn\n|upkeep\n|turn|16\n|inactive|CAUTl0US has 120 seconds left.\n|\n|t:|1700109656\n|-end|p2b: Flutter Mane|Protosynthesis|[silent]\n|switch|p2b: Torkoal|Torkoal, M|96\/100 par\n|-weather|SunnyDay|[from] ability: Drought|[of] p2b: Torkoal\n|move|p2a: Chi-Yu|Overheat|p1a: twerp\n|-damage|p1a: twerp|0 fnt\n|-unboost|p2a: Chi-Yu|spa|2\n|faint|p1a: twerp\n|move|p1b: umph|Heal Pulse|p1: twerp|[notarget]\n|-fail|p1b: umph\n|\n|-weather|SunnyDay|[upkeep]\n|-heal|p2b: Torkoal|100\/100 par|[from] item: Leftovers\n|-damage|p1b: umph|65\/100 brn|[from] brn\n|upkeep\n|inactive|CAUTl0US has 120 seconds left.\n|\n|t:|1700109668\n|switch|p1a: shapow|Dugtrio, M|94\/100\n|turn|17\n|\n|t:|1700109684\n|move|p1a: shapow|Earthquake|p2b: Torkoal|[spread] p1b,p2a,p2b\n|-supereffective|p2a: Chi-Yu\n|-supereffective|p2b: Torkoal\n|-damage|p1b: umph|44\/100 brn\n|-damage|p2a: Chi-Yu|2\/100\n|-damage|p2b: Torkoal|49\/100 par\n|move|p2a: Chi-Yu|Overheat|p1a: shapow\n|-damage|p1a: shapow|0 fnt\n|-unboost|p2a: Chi-Yu|spa|2\n|faint|p1a: shapow\n|move|p1b: umph|Body Slam|p2a: Chi-Yu\n|-damage|p2a: Chi-Yu|0 fnt\n|faint|p2a: Chi-Yu\n|move|p2b: Torkoal|Flamethrower|p1b: umph\n|-damage|p1b: umph|33\/100 brn\n|\n|-weather|SunnyDay|[upkeep]\n|-heal|p2b: Torkoal|55\/100 par|[from] item: Leftovers\n|-damage|p1b: umph|27\/100 brn|[from] brn\n|upkeep\n|\n|t:|1700109694\n|switch|p2a: Lilligant|Lilligant-Hisui, F|100\/100\n|turn|18\n|-message|CAUTl0US forfeited.\n|\n|win|Ballzgoingdown\n|raw|CAUTl0US's rating: 1092 &rarr; <strong>1062<\/strong><br \/>(-30 for losing)\n|raw|Ballzgoingdown's rating: 1000 &rarr; <strong>1050<\/strong><br \/>(+50 for winning)\n|l|\u2606CAUTl0US\n","uploadtime":1700109699,"views":6,"p1id":"cautl0us","p2id":"ballzgoingdown","formatid":"gen9doublesou","rating":1050,"private":0,"password":""}