{"id":"gen9doublesou-1991566273","p1":"random927372935","p2":"Bannedagainlol","format":"[Gen 9] Doubles OU","log":"|j|\u2606random927372935\n|j|\u2606Bannedagainlol\n|t:|1700089049\n|gametype|doubles\n|player|p1|random927372935|youngster-gen4dp|1057\n|player|p2|Bannedagainlol|rocketgruntf|1074\n|teamsize|p1|6\n|teamsize|p2|6\n|gen|9\n|tier|[Gen 9] Doubles OU\n|rated|\n|rule|Species Clause: Limit one of each Pok\u00e9mon\n|rule|OHKO Clause: OHKO moves are banned\n|rule|Evasion Moves Clause: Evasion moves are banned\n|rule|Gravity Sleep Clause: The combination of sleep-inducing moves with imperfect accuracy and Gravity or Gigantamax Orbeetle are banned\n|rule|Endless Battle Clause: Forcing endless battles is banned\n|rule|HP Percentage Mod: HP is shown in percentages\n|clearpoke\n|poke|p1|Corviknight, F|\n|poke|p1|Chandelure, F|\n|poke|p1|Blissey, F|\n|poke|p1|Dragonite, M|\n|poke|p1|Great Tusk|\n|poke|p1|Magnezone|\n|poke|p2|Shiftry, M|\n|poke|p2|Roaring Moon|\n|poke|p2|Pelipper, M|\n|poke|p2|Brambleghast, F|\n|poke|p2|Kilowattrel, M|\n|poke|p2|Wattrel, M|\n|teampreview\n|\n|t:|1700089060\n|start\n|switch|p1a: Chandelure|Chandelure, F, shiny|100\/100\n|switch|p1b: Great Tusk|Great Tusk|100\/100\n|switch|p2a: Kilowattrel|Kilowattrel, M|100\/100\n|switch|p2b: Roaring Moon|Roaring Moon|100\/100\n|-enditem|p2b: Roaring Moon|Booster Energy\n|-activate|p2b: Roaring Moon|ability: Protosynthesis|[fromitem]\n|-start|p2b: Roaring Moon|protosynthesisatk\n|-enditem|p1b: Great Tusk|Booster Energy\n|-activate|p1b: Great Tusk|ability: Protosynthesis|[fromitem]\n|-start|p1b: Great Tusk|protosynthesisatk\n|turn|1\n|\n|t:|1700089092\n|switch|p1a: Blissey|Blissey, F|100\/100\n|-terastallize|p2a: Kilowattrel|Ground\n|move|p2a: Kilowattrel|Tera Blast|p1a: Blissey|[anim] Tera Blast Ground\n|-damage|p1a: Blissey|81\/100\n|move|p2b: Roaring Moon|Tailwind|p2b: Roaring Moon\n|-sidestart|p2: Bannedagainlol|move: Tailwind\n|-start|p2a: Kilowattrel|Charge|Tailwind|[from] ability: Wind Power\n|move|p1b: Great Tusk|Smack Down|p2a: Kilowattrel\n|-resisted|p2a: Kilowattrel\n|-damage|p2a: Kilowattrel|82\/100\n|\n|-heal|p1a: Blissey|88\/100|[from] item: Leftovers\n|upkeep\n|turn|2\n|\n|t:|1700089115\n|switch|p2a: Brambleghast|Brambleghast, F|100\/100\n|-ability|p2a: Brambleghast|Wind Rider|boost\n|-boost|p2a: Brambleghast|atk|1\n|move|p2b: Roaring Moon|Acrobatics|p1a: Blissey\n|-damage|p1a: Blissey|34\/100\n|move|p1b: Great Tusk|Smack Down|p2a: Brambleghast\n|-damage|p2a: Brambleghast|63\/100\n|move|p1a: Blissey|Ice Beam|p2b: Roaring Moon\n|-supereffective|p2b: Roaring Moon\n|-damage|p2b: Roaring Moon|64\/100\n|\n|-heal|p1a: Blissey|40\/100|[from] item: Leftovers\n|upkeep\n|turn|3\n|\n|t:|1700089139\n|move|p2b: Roaring Moon|Acrobatics|p1a: Blissey\n|-damage|p1a: Blissey|0 fnt\n|faint|p1a: Blissey\n|move|p2a: Brambleghast|Power Whip|p1b: Great Tusk\n|-supereffective|p1b: Great Tusk\n|-damage|p1b: Great Tusk|0 fnt\n|faint|p1b: Great Tusk\n|-end|p1b: Great Tusk|Protosynthesis|[silent]\n|\n|upkeep\n|\n|t:|1700089147\n|switch|p1b: Magnezone|Magnezone, shiny|100\/100\n|switch|p1a: Dragonite|Dragonite, M|100\/100\n|turn|4\n|\n|t:|1700089157\n|move|p2b: Roaring Moon|Acrobatics|p1a: Dragonite\n|-damage|p1a: Dragonite|42\/100\n|move|p2a: Brambleghast|Rollout|p1a: Dragonite\n|-supereffective|p1a: Dragonite\n|-damage|p1a: Dragonite|14\/100\n|move|p1a: Dragonite|Dragon Pulse|p2b: Roaring Moon\n|-supereffective|p2b: Roaring Moon\n|-damage|p2b: Roaring Moon|0 fnt\n|faint|p2b: Roaring Moon\n|-end|p2b: Roaring Moon|Protosynthesis|[silent]\n|-damage|p1a: Dragonite|4\/100|[from] item: Life Orb\n|move|p1b: Magnezone|Tri Attack|p2a: Brambleghast\n|-immune|p2a: Brambleghast\n|\n|-sideend|p2: Bannedagainlol|move: Tailwind\n|upkeep\n|\n|t:|1700089196\n|switch|p2b: Pelipper|Pelipper, M|100\/100\n|-weather|RainDance|[from] ability: Drizzle|[of] p2b: Pelipper\n|turn|5\n|\n|t:|1700089209\n|switch|p2b: Kilowattrel|Kilowattrel, M, tera:Ground|82\/100\n|move|p2a: Brambleghast|Rollout|p1a: Dragonite|[from]lockedmove\n|-supereffective|p1a: Dragonite\n|-crit|p1a: Dragonite\n|-damage|p1a: Dragonite|0 fnt\n|faint|p1a: Dragonite\n|move|p1b: Magnezone|Thunder|p2b: Kilowattrel\n|-immune|p2b: Kilowattrel\n|\n|-weather|RainDance|[upkeep]\n|upkeep\n|\n|t:|1700089218\n|switch|p1a: Chandelure|Chandelure, F, shiny|100\/100\n|turn|6\n|\n|t:|1700089235\n|-terastallize|p1a: Chandelure|Flying\n|move|p2b: Kilowattrel|Tera Blast|p1b: Magnezone|[anim] Tera Blast Ground\n|-supereffective|p1b: Magnezone\n|-damage|p1b: Magnezone|0 fnt\n|faint|p1b: Magnezone\n|move|p2a: Brambleghast|Rollout|p1a: Chandelure|[from]lockedmove\n|-supereffective|p1a: Chandelure\n|-damage|p1a: Chandelure|0 fnt\n|faint|p1a: Chandelure\n|\n|-weather|RainDance|[upkeep]\n|upkeep\n|\n|t:|1700089240\n|switch|p1a: Corviknight|Corviknight, F, shiny|100\/100\n|turn|7\n|\n|t:|1700089252\n|switch|p2b: Wattrel|Wattrel, M|100\/100\n|move|p2a: Brambleghast|Rollout|p1a: Corviknight|[from]lockedmove\n|-damage|p1a: Corviknight|5\/100\n|move|p1a: Corviknight|Iron Head|p2b: Wattrel\n|-resisted|p2b: Wattrel\n|-damage|p2b: Wattrel|69\/100\n|\n|-weather|RainDance|[upkeep]\n|upkeep\n|turn|8\n|\n|t:|1700089267\n|move|p2a: Brambleghast|Rollout|p1a: Corviknight|[from]lockedmove\n|-damage|p1a: Corviknight|0 fnt\n|faint|p1a: Corviknight\n|\n|win|Bannedagainlol\n|raw|random927372935's rating: 1057 &rarr; <strong>1039<\/strong><br \/>(-18 for losing)\n|raw|Bannedagainlol's rating: 1074 &rarr; <strong>1101<\/strong><br \/>(+27 for winning)\n","uploadtime":1700089276,"views":5,"p1id":"random927372935","p2id":"bannedagainlol","formatid":"gen9doublesou","rating":1039,"private":0,"password":""}