{"id":"gen9doublesou-1990466616","p1":"rakno3","p2":"smexydevvi","format":"[Gen 9] Doubles OU","log":"|j|\u203drakno3\n|j|\u2606smexydevvi\n|t:|1699973612\n|gametype|doubles\n|player|p1|rakno3|266|1068\n|player|p2|smexydevvi|cynthia-gen4|1184\n|teamsize|p1|6\n|teamsize|p2|6\n|gen|9\n|tier|[Gen 9] Doubles OU\n|rated|\n|rule|Species Clause: Limit one of each Pok\u00e9mon\n|rule|OHKO Clause: OHKO moves are banned\n|rule|Evasion Moves Clause: Evasion moves are banned\n|rule|Gravity Sleep Clause: The combination of sleep-inducing moves with imperfect accuracy and Gravity or Gigantamax Orbeetle are banned\n|rule|Endless Battle Clause: Forcing endless battles is banned\n|rule|HP Percentage Mod: HP is shown in percentages\n|clearpoke\n|poke|p1|Ursaluna, F|\n|poke|p1|Iron Bundle|\n|poke|p1|Sinistcha|\n|poke|p1|Palafin, F|\n|poke|p1|Ogerpon-Hearthflame, F|\n|poke|p1|Heatran, M|\n|poke|p2|Glimmora, F|\n|poke|p2|Grafaiai, F|\n|poke|p2|Vaporeon, F|\n|poke|p2|Hatterene, F|\n|poke|p2|Overqwil, F|\n|poke|p2|Typhlosion, F|\n|teampreview\n|\n|t:|1699973617\n|start\n|switch|p1a: Ursaluna|Ursaluna, F, shiny|100\/100\n|switch|p1b: Iron Bundle|Iron Bundle, shiny|100\/100\n|switch|p2a: Grafaiai|Grafaiai, F|100\/100\n|switch|p2b: Typhlosion|Typhlosion, F|100\/100\n|turn|1\n|\n|t:|1699973637\n|switch|p2b: Vaporeon|Vaporeon, F|100\/100\n|-terastallize|p1a: Ursaluna|Ghost\n|move|p2a: Grafaiai|Switcheroo|p1a: Ursaluna\n|-activate|p2a: Grafaiai|move: Trick|[of] p1a: Ursaluna\n|-item|p1a: Ursaluna|Iron Ball|[from] move: Switcheroo\n|-item|p2a: Grafaiai|Weakness Policy|[from] move: Switcheroo\n|move|p1b: Iron Bundle|Fling|p1a: Ursaluna\n|-supereffective|p1a: Ursaluna\n|-damage|p1a: Ursaluna|91\/100\n|-status|p1a: Ursaluna|brn\n|-enditem|p1b: Iron Bundle|Flame Orb|[from] move: Fling\n|move|p1a: Ursaluna|Facade|p2b: Vaporeon\n|-damage|p2b: Vaporeon|0 fnt\n|faint|p2b: Vaporeon\n|\n|-damage|p1a: Ursaluna|85\/100 brn|[from] brn\n|upkeep\n|\n|t:|1699973660\n|switch|p2b: Overqwil|Overqwil, F|100\/100\n|-ability|p2b: Overqwil|Intimidate|boost\n|-unboost|p1a: Ursaluna|atk|1\n|-unboost|p1b: Iron Bundle|atk|1\n|turn|2\n|\n|t:|1699973680\n|switch|p2b: Glimmora|Glimmora, F|100\/100\n|move|p2a: Grafaiai|Parting Shot|p1a: Ursaluna\n|-unboost|p1a: Ursaluna|atk|1\n|-unboost|p1a: Ursaluna|spa|1\n|\n|t:|1699973685\n|switch|p2a: Overqwil|Overqwil, F|100\/100|[from] Parting Shot\n|-ability|p2a: Overqwil|Intimidate|boost\n|-unboost|p1a: Ursaluna|atk|1\n|-unboost|p1b: Iron Bundle|atk|1\n|move|p1b: Iron Bundle|Acrobatics|p2a: Overqwil\n|-damage|p2a: Overqwil|88\/100\n|move|p1a: Ursaluna|Earthquake|p2a: Overqwil|[spread] p1b,p2a,p2b\n|-supereffective|p2a: Overqwil\n|-supereffective|p2b: Glimmora\n|-enditem|p2b: Glimmora|Shuca Berry|[eat]\n|-enditem|p2b: Glimmora|Shuca Berry|[weaken]\n|-damage|p1b: Iron Bundle|68\/100\n|-damage|p2a: Overqwil|27\/100\n|-damage|p2b: Glimmora|46\/100\n|-activate|p2b: Glimmora|ability: Toxic Debris\n|-sidestart|p1: rakno3|move: Toxic Spikes\n|\n|-damage|p1a: Ursaluna|79\/100 brn|[from] brn\n|upkeep\n|turn|3\n|\n|t:|1699973723\n|switch|p1a: Heatran|Heatran, M, shiny|100\/100\n|-item|p1a: Heatran|Air Balloon\n|move|p1b: Iron Bundle|Hydro Pump|p2b: Glimmora|[miss]\n|-miss|p1b: Iron Bundle|p2b: Glimmora\n|move|p2b: Glimmora|Toxic|p1b: Iron Bundle\n|-status|p1b: Iron Bundle|tox\n|move|p2a: Overqwil|Barb Barrage|p1b: Iron Bundle\n|-damage|p1b: Iron Bundle|0 fnt\n|faint|p1b: Iron Bundle\n|-end|p1b: Iron Bundle|Quark Drive|[silent]\n|-heal|p2a: Overqwil|34\/100|[from] item: Shell Bell|[of] p1: Iron Bundle\n|\n|upkeep\n|\n|t:|1699973737\n|switch|p1b: Palafin|Palafin, F|100\/100\n|-status|p1b: Palafin|psn\n|turn|4\n|\n|t:|1699973752\n|move|p2b: Glimmora|Spiky Shield|p2b: Glimmora\n|-singleturn|p2b: Glimmora|move: Protect\n|move|p1b: Palafin|Flip Turn|p2a: Overqwil\n|-damage|p2a: Overqwil|0 fnt\n|faint|p2a: Overqwil\n|\n|t:|1699973760\n|detailschange|p1b: Palafin|Palafin-Hero, F\n|switch|p1b: Ursaluna|Ursaluna, F, shiny, tera:Ghost|79\/100 brn|[from] Flip Turn\n|move|p1a: Heatran|Earth Power|p2b: Glimmora\n|-activate|p2b: Glimmora|move: Protect\n|\n|-damage|p1b: Ursaluna|73\/100 brn|[from] brn\n|upkeep\n|\n|t:|1699973774\n|switch|p2a: Grafaiai|Grafaiai, F|100\/100\n|turn|5\n|\n|t:|1699973788\n|move|p2a: Grafaiai|Switcheroo|p1a: Heatran\n|-activate|p2a: Grafaiai|move: Trick|[of] p1a: Heatran\n|-item|p1a: Heatran|Weakness Policy|[from] move: Switcheroo\n|-item|p2a: Grafaiai|Air Balloon\n|-item|p2a: Grafaiai|Air Balloon|[from] move: Switcheroo\n|move|p2b: Glimmora|Toxic Spikes|p1a: Heatran\n|-sidestart|p1: rakno3|move: Toxic Spikes\n|move|p1a: Heatran|Flash Cannon|p2b: Glimmora\n|-supereffective|p2b: Glimmora\n|-damage|p2b: Glimmora|0 fnt\n|faint|p2b: Glimmora\n|move|p1b: Ursaluna|Earthquake|p2a: Grafaiai|[spread] p1a\n|-immune|p2a: Grafaiai\n|-supereffective|p1a: Heatran\n|-damage|p1a: Heatran|0 fnt\n|faint|p1a: Heatran\n|\n|-damage|p1b: Ursaluna|67\/100 brn|[from] brn\n|upkeep\n|\n|t:|1699973811\n|switch|p2b: Hatterene|Hatterene, F|100\/100\n|switch|p1a: Ogerpon|Ogerpon-Hearthflame, F|100\/100\n|-status|p1a: Ogerpon|tox\n|-ability|p1a: Ogerpon|Mold Breaker\n|turn|6\n|\n|t:|1699973830\n|move|p1a: Ogerpon|Ivy Cudgel|p2b: Hatterene|[anim] Ivy Cudgel Fire\n|-damage|p2b: Hatterene|39\/100\n|move|p2a: Grafaiai|Gunk Shot|p1a: Ogerpon\n|-supereffective|p1a: Ogerpon\n|-damage|p1a: Ogerpon|0 fnt\n|faint|p1a: Ogerpon\n|move|p2b: Hatterene|Giga Drain|p1b: Ursaluna\n|-damage|p1b: Ursaluna|39\/100 brn\n|-heal|p2b: Hatterene|59\/100|[from] drain|[of] p1b: Ursaluna\n|move|p1b: Ursaluna|Facade|p2a: Grafaiai\n|-damage|p2a: Grafaiai|0 fnt\n|-enditem|p2a: Grafaiai|Air Balloon\n|faint|p2a: Grafaiai\n|\n|-damage|p1b: Ursaluna|33\/100 brn|[from] brn\n|upkeep\n|\n|t:|1699973846\n|switch|p1a: Palafin|Palafin-Hero, F|100\/100 psn\n|switch|p2a: Typhlosion|Typhlosion, F|100\/100\n|-activate|p1a: Palafin|ability: Zero to Hero\n|turn|7\n|\n|t:|1699973865\n|-terastallize|p2a: Typhlosion|Grass\n|move|p1a: Palafin|Jet Punch|p2a: Typhlosion\n|-resisted|p2a: Typhlosion\n|-damage|p2a: Typhlosion|60\/100\n|move|p2a: Typhlosion|Eruption|p1a: Palafin|[spread] p1a,p1b\n|-resisted|p1a: Palafin\n|-damage|p1a: Palafin|74\/100 psn\n|-damage|p1b: Ursaluna|0 fnt\n|faint|p1b: Ursaluna\n|move|p2b: Hatterene|Giga Drain|p1a: Palafin\n|-supereffective|p1a: Palafin\n|-damage|p1a: Palafin|5\/100 psn\n|-heal|p2b: Hatterene|96\/100|[from] drain|[of] p1a: Palafin\n|\n|-damage|p1a: Palafin|0 fnt|[from] psn\n|faint|p1a: Palafin\n|upkeep\n|\n|t:|1699973881\n|switch|p1b: Sinistcha|Sinistcha, shiny|100\/100\n|-status|p1b: Sinistcha|tox\n|turn|8\n|\n|t:|1699973897\n|move|p2a: Typhlosion|Eruption|p1b: Sinistcha\n|-supereffective|p1b: Sinistcha\n|-damage|p1b: Sinistcha|0 fnt\n|faint|p1b: Sinistcha\n|\n|win|smexydevvi\n|raw|rakno3's rating: 1068 &rarr; <strong>1054<\/strong><br \/>(-14 for losing)\n|raw|smexydevvi's rating: 1184 &rarr; <strong>1201<\/strong><br \/>(+17 for winning)\n|l|\u203drakno3\n","uploadtime":1699973904,"views":4,"p1id":"rakno3","p2id":"smexydevvi","formatid":"gen9doublesou","rating":1054,"private":0,"password":""}