{"id":"gen9doublesou-1977331047","p1":"abi558","p2":"MiseryCloudNoah","format":"[Gen 9] Doubles OU","log":"|j|\u2606abi558\n|j|\u2606MiseryCloudNoah\n|t:|1698406060\n|gametype|doubles\n|player|p1|abi558|101|\n|player|p2|MiseryCloudNoah|169|\n|teamsize|p1|6\n|teamsize|p2|6\n|gen|9\n|tier|[Gen 9] Doubles OU\n|rule|Species Clause: Limit one of each Pok\u00e9mon\n|rule|OHKO Clause: OHKO moves are banned\n|rule|Evasion Moves Clause: Evasion moves are banned\n|rule|Gravity Sleep Clause: The combination of sleep-inducing moves with imperfect accuracy and Gravity or Gigantamax Orbeetle are banned\n|rule|Endless Battle Clause: Forcing endless battles is banned\n|rule|HP Percentage Mod: HP is shown in percentages\n|clearpoke\n|poke|p1|Gastrodon, M|\n|poke|p1|Lumineon, M|\n|poke|p1|Quagsire, M|\n|poke|p1|Breloom, F|\n|poke|p1|Murkrow, M|\n|poke|p1|Frosmoth, F|\n|poke|p2|Garganacl, F|\n|poke|p2|Dragonite, M|\n|poke|p2|Sneasler, M|\n|poke|p2|Jirachi|\n|poke|p2|Cinderace, F|\n|poke|p2|Mandibuzz, F|\n|teampreview\n|\n|t:|1698406085\n|start\n|switch|p1a: Giggity|Quagsire, M, shiny|100\/100\n|switch|p1b: Shaiapouf|Frosmoth, F, shiny|100\/100\n|switch|p2a: Nebulous|Dragonite, M, shiny|100\/100\n|switch|p2b: LankyMF|Sneasler, M|100\/100\n|turn|1\n|\n|t:|1698406118\n|-terastallize|p2a: Nebulous|Normal\n|move|p2b: LankyMF|Fake Out|p1b: Shaiapouf\n|-enditem|p2b: LankyMF|Normal Gem|[from] gem\n|-damage|p1b: Shaiapouf|78\/100\n|move|p2a: Nebulous|Extreme Speed|p1b: Shaiapouf\n|-damage|p1b: Shaiapouf|22\/100\n|cant|p1b: Shaiapouf|flinch\n|move|p1a: Giggity|Curse|p1a: Giggity\n|-unboost|p1a: Giggity|spe|1\n|-boost|p1a: Giggity|atk|1\n|-boost|p1a: Giggity|def|1\n|\n|upkeep\n|turn|2\n|\n|t:|1698406139\n|move|p2a: Nebulous|Extreme Speed|p1b: Shaiapouf\n|-damage|p1b: Shaiapouf|0 fnt\n|faint|p1b: Shaiapouf\n|move|p2b: LankyMF|Acrobatics|p1a: Giggity\n|-damage|p1a: Giggity|77\/100\n|move|p1a: Giggity|Curse|p1a: Giggity\n|-unboost|p1a: Giggity|spe|1\n|-boost|p1a: Giggity|atk|1\n|-boost|p1a: Giggity|def|1\n|\n|-heal|p1a: Giggity|83\/100|[from] item: Leftovers\n|upkeep\n|\n|t:|1698406156\n|switch|p1b: Lumos|Lumineon, M, shiny|100\/100\n|turn|3\n|\n|t:|1698406196\n|move|p2a: Nebulous|Extreme Speed|p1a: Giggity\n|-damage|p1a: Giggity|62\/100\n|move|p2b: LankyMF|Acrobatics|p1a: Giggity\n|-damage|p1a: Giggity|42\/100\n|move|p1b: Lumos|Icy Wind|p2b: LankyMF|[spread] p2a,p2b\n|-damage|p2a: Nebulous|95\/100\n|-damage|p2b: LankyMF|86\/100\n|-unboost|p2a: Nebulous|spe|1\n|-unboost|p2b: LankyMF|spe|1\n|move|p1a: Giggity|Liquidation|p1b: Lumos\n|-activate|p1b: Lumos|ability: Storm Drain\n|-ability|p1b: Lumos|Storm Drain|boost\n|-boost|p1b: Lumos|spa|1\n|\n|-heal|p2a: Nebulous|100\/100|[from] item: Leftovers\n|-heal|p1a: Giggity|48\/100|[from] item: Leftovers\n|upkeep\n|turn|4\n|\n|t:|1698406230\n|move|p2a: Nebulous|Extreme Speed|p1a: Giggity\n|-damage|p1a: Giggity|27\/100\n|move|p2b: LankyMF|Acrobatics|p1a: Giggity\n|-damage|p1a: Giggity|9\/100\n|move|p1b: Lumos|Icy Wind|p2b: LankyMF|[spread] p2a,p2b\n|-damage|p2a: Nebulous|92\/100\n|-damage|p2b: LankyMF|62\/100\n|-unboost|p2a: Nebulous|spe|1\n|-unboost|p2b: LankyMF|spe|1\n|move|p1a: Giggity|Curse|p1a: Giggity\n|-unboost|p1a: Giggity|spe|1\n|-boost|p1a: Giggity|atk|1\n|-boost|p1a: Giggity|def|1\n|\n|-heal|p2a: Nebulous|98\/100|[from] item: Leftovers\n|-heal|p1a: Giggity|15\/100|[from] item: Leftovers\n|upkeep\n|turn|5\n|\n|t:|1698406252\n|move|p2a: Nebulous|Protect|p2a: Nebulous\n|-singleturn|p2a: Nebulous|Protect\n|move|p2b: LankyMF|Acrobatics|p1a: Giggity\n|-damage|p1a: Giggity|0 fnt\n|faint|p1a: Giggity\n|move|p1b: Lumos|Icy Wind|p2a: Nebulous|[spread] p2b\n|-activate|p2a: Nebulous|move: Protect\n|-damage|p2b: LankyMF|38\/100\n|-unboost|p2b: LankyMF|spe|1\n|\n|-heal|p2a: Nebulous|100\/100|[from] item: Leftovers\n|upkeep\n|\n|t:|1698406266\n|switch|p1a: Moisty|Gastrodon, M|100\/100\n|turn|6\n|\n|t:|1698406282\n|move|p2b: LankyMF|Protect|p2b: LankyMF\n|-singleturn|p2b: LankyMF|Protect\n|move|p1b: Lumos|Icy Wind|p2a: Nebulous|[spread] p2a\n|-activate|p2b: LankyMF|move: Protect\n|-damage|p2a: Nebulous|92\/100\n|-unboost|p2a: Nebulous|spe|1\n|move|p1a: Moisty|Surf|p2b: LankyMF|[spread] p2a\n|-activate|p2b: LankyMF|move: Protect\n|-ability|p1b: Lumos|Storm Drain|boost\n|-boost|p1b: Lumos|spa|1\n|-damage|p2a: Nebulous|69\/100\n|move|p2a: Nebulous|Dragon Dance|p2a: Nebulous\n|-boost|p2a: Nebulous|atk|1\n|-boost|p2a: Nebulous|spe|1\n|\n|-heal|p2a: Nebulous|75\/100|[from] item: Leftovers\n|upkeep\n|turn|7\n|\n|t:|1698406311\n|move|p2a: Nebulous|Extreme Speed|p1b: Lumos\n|-damage|p1b: Lumos|31\/100\n|move|p2b: LankyMF|Acrobatics|p1b: Lumos\n|-damage|p1b: Lumos|0 fnt\n|faint|p1b: Lumos\n|move|p1a: Moisty|Muddy Water|p2a: Nebulous|[spread] p2a,p2b\n|-damage|p2a: Nebulous|51\/100\n|-damage|p2b: LankyMF|7\/100\n|\n|-heal|p2a: Nebulous|57\/100|[from] item: Leftovers\n|upkeep\n|\n|t:|1698406328\n|switch|p1b: Peepee head|Breloom, F, shiny|100\/100\n|turn|8\n|\n|t:|1698406336\n|move|p2a: Nebulous|Extreme Speed|p1b: Peepee head\n|-damage|p1b: Peepee head|0 fnt\n|faint|p1b: Peepee head\n|move|p2b: LankyMF|Acrobatics|p1a: Moisty\n|-damage|p1a: Moisty|68\/100\n|move|p1a: Moisty|Muddy Water|p2a: Nebulous|[spread] p2b\n|-miss|p1a: Moisty|p2a: Nebulous\n|-damage|p2b: LankyMF|0 fnt\n|faint|p2b: LankyMF\n|\n|-heal|p2a: Nebulous|63\/100|[from] item: Leftovers\n|upkeep\n|\n|t:|1698406349\n|switch|p2b: Scorch|Cinderace, F|100\/100\n|switch|p1b: Oh Bloody Ell|Murkrow, M, shiny|100\/100\n|turn|9\n|\n|t:|1698406359\n|move|p2a: Nebulous|Extreme Speed|p1a: Moisty\n|-damage|p1a: Moisty|15\/100\n|move|p1b: Oh Bloody Ell|Haze|p1b: Oh Bloody Ell\n|-clearallboost\n|move|p2b: Scorch|Giga Impact|p1b: Oh Bloody Ell\n|-start|p2b: Scorch|typechange|Normal|[from] ability: Libero\n|-damage|p1b: Oh Bloody Ell|15\/100\n|-mustrecharge|p2b: Scorch\n|-damage|p2b: Scorch|91\/100|[from] item: Life Orb\n|move|p1a: Moisty|Muddy Water|p2a: Nebulous|[spread] p2a,p2b\n|-damage|p2a: Nebulous|38\/100\n|-damage|p2b: Scorch|56\/100\n|-unboost|p2b: Scorch|accuracy|1\n|\n|-heal|p2a: Nebulous|44\/100|[from] item: Leftovers\n|upkeep\n|turn|10\n|\n|t:|1698406380\n|move|p2a: Nebulous|Extreme Speed|p1a: Moisty\n|-damage|p1a: Moisty|0 fnt\n|faint|p1a: Moisty\n|move|p1b: Oh Bloody Ell|Thunder Wave|p2a: Nebulous\n|-status|p2a: Nebulous|par\n|cant|p2b: Scorch|recharge\n|\n|-heal|p2a: Nebulous|50\/100 par|[from] item: Leftovers\n|upkeep\n|turn|11\n|\n|t:|1698406394\n|move|p1b: Oh Bloody Ell|Thunder Wave|p2b: Scorch\n|-status|p2b: Scorch|par\n|move|p2b: Scorch|Pyro Ball|p1b: Oh Bloody Ell\n|-damage|p1b: Oh Bloody Ell|0 fnt\n|faint|p1b: Oh Bloody Ell\n|-damage|p2b: Scorch|47\/100 par|[from] item: Life Orb\n|\n|win|MiseryCloudNoah\n|l|\u2606MiseryCloudNoah\n","uploadtime":1698408423,"views":23,"p1id":"abi558","p2id":"miserycloudnoah","formatid":"gen9doublesou","rating":0,"private":0,"password":""}