{"id":"gen9doublesou-1967974823","p1":"Coneydub","p2":"yh146","format":"[Gen 9] Doubles OU","log":"|html|<div class=\"broadcast-blue\"><strong>[Gen 9] Doubles OU is currently suspecting Basculegion & Flutter Mane! For information on how to participate check out the <a href=\"https:\/\/www.smogon.com\/forums\/threads\/np-sv-dou-stage-8-double-trouble.3729153\/\">suspect thread<\/a>.<\/strong><\/div>\n|j|\u2606Coneydub\n|j|\u2606yh146\n|t:|1697368154\n|gametype|doubles\n|player|p1|Coneydub|n|1309\n|player|p2|yh146|169|1400\n|teamsize|p1|6\n|teamsize|p2|6\n|gen|9\n|tier|[Gen 9] Doubles OU\n|rated|\n|rule|Species Clause: Limit one of each Pok\u00e9mon\n|rule|OHKO Clause: OHKO moves are banned\n|rule|Evasion Moves Clause: Evasion moves are banned\n|rule|Gravity Sleep Clause: The combination of sleep-inducing moves with imperfect accuracy and Gravity or Gigantamax Orbeetle are banned\n|rule|Endless Battle Clause: Forcing endless battles is banned\n|rule|HP Percentage Mod: HP is shown in percentages\n|clearpoke\n|poke|p1|Sneasler, F|\n|poke|p1|Ninetales-Alola, M|\n|poke|p1|Heatran, M|\n|poke|p1|Cetitan, F|\n|poke|p1|Sinistcha|\n|poke|p1|Rillaboom, M|\n|poke|p2|Ursaluna-Bloodmoon, M|\n|poke|p2|Bruxish, F|\n|poke|p2|Oranguru, F|\n|poke|p2|Torkoal, F|\n|poke|p2|Maushold-Four|\n|poke|p2|Regidrago|\n|teampreview\n|inactive|Battle timer is ON: inactive players will automatically lose when time's up. (requested by Coneydub)\n|\n|t:|1697368176\n|start\n|switch|p1a: Rillaboom|Rillaboom, M|100\/100\n|switch|p1b: Ninetales|Ninetales-Alola, M|100\/100\n|switch|p2a: Maushold|Maushold-Four|100\/100\n|switch|p2b: Bruxish|Bruxish, F|100\/100\n|-weather|Snow|[from] ability: Snow Warning|[of] p1b: Ninetales\n|-fieldstart|move: Grassy Terrain|[from] ability: Grassy Surge|[of] p1a: Rillaboom\n|turn|1\n|c|\u2606Coneydub|!dt dazzling\n|raw|<ul class=\"utilichart\"><li class=\"result\"><span class=\"col namecol\"><a href=\"https:\/\/dex.pokemonshowdown.com\/abilities\/dazzling\">Dazzling<\/a><\/span> <span class=\"col abilitydesccol\">This Pokemon and its allies are protected from opposing priority moves.<\/span> <\/li><li style=\"clear:both\"><\/li><\/ul>\n|raw|<font size=\"1\"><font color=\"#686868\">Gen:<\/font> 7&nbsp;|&ThickSpace;&#10003; Ignored by Mold Breaker<\/font>\n\n|inactive|Coneydub has 120 seconds left.\n|\n|t:|1697368215\n|move|p1b: Ninetales|Aurora Veil|p1b: Ninetales\n|-sidestart|p1: Coneydub|move: Aurora Veil\n|move|p1a: Rillaboom|Knock Off|p2b: Bruxish\n|-supereffective|p2b: Bruxish\n|-damage|p2b: Bruxish|10\/100\n|-enditem|p2b: Bruxish|Power Band|[from] move: Knock Off|[of] p1a: Rillaboom\n|move|p2a: Maushold|Population Bomb|p1b: Ninetales\n|-damage|p1b: Ninetales|94\/100\n|-damage|p1b: Ninetales|87\/100\n|-damage|p1b: Ninetales|80\/100\n|-crit|p1b: Ninetales\n|-damage|p1b: Ninetales|64\/100\n|-damage|p1b: Ninetales|58\/100\n|-damage|p1b: Ninetales|51\/100\n|-damage|p1b: Ninetales|44\/100\n|-damage|p1b: Ninetales|38\/100\n|-damage|p1b: Ninetales|31\/100\n|-damage|p1b: Ninetales|23\/100\n|-hitcount|p1b: Ninetales|10\n|move|p2b: Bruxish|Trick Room|p2b: Bruxish\n|-fieldstart|move: Trick Room|[of] p2b: Bruxish\n|\n|-weather|Snow|[upkeep]\n|-heal|p2b: Bruxish|17\/100|[from] Grassy Terrain\n|-heal|p1b: Ninetales|29\/100|[from] Grassy Terrain\n|upkeep\n|turn|2\n|inactive|Coneydub has 120 seconds left.\n|inactive|yh146 has 120 seconds left.\n|\n|t:|1697368250\n|switch|p1b: Heatran|Heatran, M|100\/100\n|move|p2b: Bruxish|Light Screen|p2b: Bruxish\n|-sidestart|p2: yh146|move: Light Screen\n|move|p2a: Maushold|U-turn|p1a: Rillaboom\n|-supereffective|p1a: Rillaboom\n|-damage|p1a: Rillaboom|71\/100\n|\n|t:|1697368268\n|switch|p2a: Regidrago|Regidrago|100\/100|[from] U-turn\n|move|p1a: Rillaboom|U-turn|p2b: Bruxish\n|-supereffective|p2b: Bruxish\n|-crit|p2b: Bruxish\n|-damage|p2b: Bruxish|0 fnt\n|faint|p2b: Bruxish\n|inactive|Coneydub has 120 seconds left.\n|\n|t:|1697368277\n|switch|p1a: Sneasler|Sneasler, F|100\/100|[from] U-turn\n|\n|-weather|Snow|[upkeep]\n|upkeep\n|\n|t:|1697368286\n|switch|p2b: Oranguru|Oranguru, F|100\/100\n|turn|3\n|l|\u2606Coneydub\n|inactive|Coneydub disconnected and has a minute to reconnect!\n|player|p1|\n|inactive|Coneydub has 30 seconds to reconnect!\n|j|\u2606Coneydub\n|inactive|Coneydub reconnected and has 105 seconds left.\n|player|p1|Coneydub|n\n|\n|t:|1697368340\n|move|p1a: Sneasler|Fake Out|p2a: Regidrago\n|-damage|p2a: Regidrago|89\/100\n|-status|p2a: Regidrago|psn|[from] ability: Poison Touch|[of] p1a: Sneasler\n|cant|p2a: Regidrago|flinch\n|move|p2b: Oranguru|Instruct||[still]\n|-fail|p2b: Oranguru\n|move|p1b: Heatran|Heat Wave|p2b: Oranguru|[spread] p2a,p2b\n|-resisted|p2a: Regidrago\n|-damage|p2a: Regidrago|77\/100 psn\n|-damage|p2b: Oranguru|83\/100\n|-status|p2b: Oranguru|brn\n|\n|-weather|Snow|[upkeep]\n|-heal|p2a: Regidrago|83\/100 psn|[from] Grassy Terrain\n|-heal|p2b: Oranguru|89\/100 brn|[from] Grassy Terrain\n|-damage|p2a: Regidrago|71\/100 psn|[from] psn\n|-damage|p2b: Oranguru|83\/100 brn|[from] brn\n|upkeep\n|turn|4\n|inactive|Coneydub has 120 seconds left.\n|\n|t:|1697368363\n|switch|p1b: Ninetales|Ninetales-Alola, M|29\/100\n|move|p2a: Regidrago|Dragon Energy|p1a: Sneasler|[spread] p1a\n|-immune|p1b: Ninetales\n|-damage|p1a: Sneasler|63\/100\n|move|p2b: Oranguru|Instruct|p2a: Regidrago\n|-singleturn|p2a: Regidrago|move: Instruct|[of] p2b: Oranguru\n|move|p2a: Regidrago|Dragon Energy|p1a: Sneasler|[spread] p1a\n|-immune|p1b: Ninetales\n|-crit|p1a: Sneasler\n|-damage|p1a: Sneasler|0 fnt\n|faint|p1a: Sneasler\n|\n|-weather|Snow|[upkeep]\n|-heal|p2a: Regidrago|77\/100 psn|[from] Grassy Terrain\n|-heal|p2b: Oranguru|89\/100 brn|[from] Grassy Terrain\n|-heal|p1b: Ninetales|35\/100|[from] Grassy Terrain\n|-damage|p2a: Regidrago|65\/100 psn|[from] psn\n|-damage|p2b: Oranguru|83\/100 brn|[from] brn\n|upkeep\n|\n|t:|1697368379\n|switch|p1a: Sinistcha|Sinistcha|100\/100\n|-heal|p1b: Ninetales|60\/100|[from] ability: Hospitality|[of] p1a: Sinistcha\n|turn|5\n|inactive|Coneydub has 90 seconds left.\n|inactive|yh146 has 120 seconds left.\n|inactive|Coneydub has 60 seconds left.\n|\n|t:|1697368440\n|move|p2a: Regidrago|Draco Meteor|p1a: Sinistcha\n|-damage|p1a: Sinistcha|26\/100\n|-unboost|p2a: Regidrago|spa|2\n|move|p2b: Oranguru|Taunt|p1b: Ninetales\n|-start|p1b: Ninetales|move: Taunt\n|move|p1a: Sinistcha|Matcha Gotcha|p2b: Oranguru|[spread] p2a\n|-miss|p1a: Sinistcha|p2b: Oranguru\n|-resisted|p2a: Regidrago\n|-damage|p2a: Regidrago|53\/100 psn\n|-heal|p1a: Sinistcha|36\/100|[from] drain|[of] p2a: Regidrago\n|move|p1b: Ninetales|Moonblast|p2a: Regidrago\n|-supereffective|p2a: Regidrago\n|-damage|p2a: Regidrago|20\/100 psn\n|\n|-weather|none\n|-heal|p2a: Regidrago|26\/100 psn|[from] Grassy Terrain\n|-heal|p2b: Oranguru|89\/100 brn|[from] Grassy Terrain\n|-heal|p1a: Sinistcha|42\/100|[from] Grassy Terrain\n|-heal|p1b: Ninetales|66\/100|[from] Grassy Terrain\n|-damage|p2a: Regidrago|14\/100 psn|[from] psn\n|-damage|p2b: Oranguru|83\/100 brn|[from] brn\n|-fieldend|move: Trick Room\n|-fieldend|move: Grassy Terrain\n|upkeep\n|turn|6\n|inactive|yh146 has 120 seconds left.\n|\n|t:|1697368470\n|switch|p1a: Rillaboom|Rillaboom, M|71\/100\n|-fieldstart|move: Grassy Terrain|[from] ability: Grassy Surge|[of] p1a: Rillaboom\n|move|p2a: Regidrago|Protect|p2a: Regidrago\n|-singleturn|p2a: Regidrago|Protect\n|move|p1b: Ninetales|Moonblast|p2a: Regidrago\n|-activate|p2a: Regidrago|move: Protect\n|move|p2b: Oranguru|Trick Room|p2b: Oranguru\n|-fieldstart|move: Trick Room|[of] p2b: Oranguru\n|\n|-heal|p2a: Regidrago|20\/100 psn|[from] Grassy Terrain\n|-heal|p2b: Oranguru|89\/100 brn|[from] Grassy Terrain\n|-heal|p1a: Rillaboom|77\/100|[from] Grassy Terrain\n|-heal|p1b: Ninetales|72\/100|[from] Grassy Terrain\n|-damage|p2a: Regidrago|8\/100 psn|[from] psn\n|-damage|p2b: Oranguru|83\/100 brn|[from] brn\n|-sideend|p2: yh146|move: Light Screen\n|upkeep\n|turn|7\n|inactive|yh146 has 120 seconds left.\n|inactive|yh146 has 90 seconds left.\n|\n|t:|1697368516\n|switch|p1b: Cetitan|Cetitan, F|100\/100\n|move|p2a: Regidrago|Protect||[still]\n|-fail|p2a: Regidrago\n|move|p1a: Rillaboom|Fake Out|p2a: Regidrago\n|-damage|p2a: Regidrago|0 fnt\n|faint|p2a: Regidrago\n|move|p2b: Oranguru|Encore|p1a: Rillaboom\n|-start|p1a: Rillaboom|Encore\n|\n|-heal|p2b: Oranguru|89\/100 brn|[from] Grassy Terrain\n|-heal|p1a: Rillaboom|83\/100|[from] Grassy Terrain\n|-damage|p2b: Oranguru|83\/100 brn|[from] brn\n|upkeep\n|\n|t:|1697368531\n|switch|p2a: Torkoal|Torkoal, F|100\/100\n|-weather|SunnyDay|[from] ability: Drought|[of] p2a: Torkoal\n|turn|8\n|inactive|Coneydub has 90 seconds left.\n|inactive|yh146 has 90 seconds left.\n|\n|t:|1697368552\n|switch|p1a: Heatran|Heatran, M|100\/100\n|-terastallize|p1b: Cetitan|Water\n|move|p2a: Torkoal|Earth Power|p1a: Heatran\n|-supereffective|p1a: Heatran\n|-damage|p1a: Heatran|45\/100\n|move|p2b: Oranguru|Instruct|p2a: Torkoal\n|-singleturn|p2a: Torkoal|move: Instruct|[of] p2b: Oranguru\n|move|p2a: Torkoal|Earth Power|p1a: Heatran\n|-supereffective|p1a: Heatran\n|-damage|p1a: Heatran|0 fnt\n|faint|p1a: Heatran\n|move|p1b: Cetitan|Belly Drum|p1b: Cetitan\n|-damage|p1b: Cetitan|50\/100\n|-setboost|p1b: Cetitan|atk|6|[from] move: Belly Drum\n|-enditem|p1b: Cetitan|Sitrus Berry|[eat]\n|-heal|p1b: Cetitan|75\/100|[from] item: Sitrus Berry\n|\n|-weather|SunnyDay|[upkeep]\n|-heal|p2b: Oranguru|89\/100 brn|[from] Grassy Terrain\n|-heal|p1b: Cetitan|82\/100|[from] Grassy Terrain\n|-damage|p2b: Oranguru|83\/100 brn|[from] brn\n|-sideend|p1: Coneydub|move: Aurora Veil\n|upkeep\n|\n|t:|1697368570\n|switch|p1a: Sinistcha|Sinistcha|42\/100\n|-heal|p1b: Cetitan|100\/100|[from] ability: Hospitality|[of] p1a: Sinistcha\n|turn|9\n|inactive|Coneydub has 90 seconds left.\n|inactive|yh146 has 90 seconds left.\n|\n|t:|1697368590\n|switch|p1a: Ninetales|Ninetales-Alola, M|72\/100\n|-weather|Snow|[from] ability: Snow Warning|[of] p1a: Ninetales\n|move|p2a: Torkoal|Eruption|p1a: Ninetales|[spread] p1a,p1b\n|-supereffective|p1a: Ninetales\n|-resisted|p1b: Cetitan\n|-damage|p1a: Ninetales|0 fnt\n|-damage|p1b: Cetitan|67\/100\n|faint|p1a: Ninetales\n|move|p2b: Oranguru|Encore|p1b: Cetitan\n|-start|p1b: Cetitan|Encore\n|move|p1b: Cetitan|Belly Drum||[still]\n|-fail|p1b: Cetitan\n|\n|-weather|Snow|[upkeep]\n|-heal|p2b: Oranguru|89\/100 brn|[from] Grassy Terrain\n|-heal|p1b: Cetitan|73\/100|[from] Grassy Terrain\n|-damage|p2b: Oranguru|83\/100 brn|[from] brn\n|upkeep\n|inactive|Coneydub has 90 seconds left.\n|-message|Coneydub forfeited.\n|\n|win|yh146\n|raw|Coneydub's rating: 1309 &rarr; <strong>1294<\/strong><br \/>(-15 for losing)\n|raw|yh146's rating: 1400 &rarr; <strong>1415<\/strong><br \/>(+15 for winning)\n|l|\u2606Coneydub\n","uploadtime":1697368614,"views":15,"p1id":"coneydub","p2id":"yh146","formatid":"gen9doublesou","rating":1294,"private":0,"password":""}