{"id":"gen9doublesou-1991907113","p1":"Pointbreak1","p2":"maffetikplays","format":"[Gen 9] Doubles OU","log":"|j|\u2606Pointbreak1\n|j|\u2606maffetikplays\n|t:|1700136583\n|gametype|doubles\n|player|p1|Pointbreak1|169|1090\n|player|p2|maffetikplays|roxie|1139\n|teamsize|p1|6\n|teamsize|p2|6\n|gen|9\n|tier|[Gen 9] Doubles OU\n|rated|\n|rule|Species Clause: Limit one of each Pok\u00e9mon\n|rule|OHKO Clause: OHKO moves are banned\n|rule|Evasion Moves Clause: Evasion moves are banned\n|rule|Gravity Sleep Clause: The combination of sleep-inducing moves with imperfect accuracy and Gravity or Gigantamax Orbeetle are banned\n|rule|Endless Battle Clause: Forcing endless battles is banned\n|rule|HP Percentage Mod: HP is shown in percentages\n|clearpoke\n|poke|p1|Ceruledge, M|\n|poke|p1|Sableye, M|\n|poke|p1|Iron Bundle|\n|poke|p1|Amoonguss, F|\n|poke|p1|Dragonite, M|\n|poke|p1|Flutter Mane|\n|poke|p2|Armarouge, F|\n|poke|p2|Indeedee-F, F|\n|poke|p2|Dachsbun, F|\n|poke|p2|Ninetales-Alola, M|\n|poke|p2|Landorus-Therian, M|\n|poke|p2|Ogerpon-Wellspring, F|\n|teampreview\n|inactive|Battle timer is ON: inactive players will automatically lose when time's up. (requested by maffetikplays)\n|\n|t:|1700136589\n|start\n|switch|p1a: Ceruledge|Ceruledge, M|100\/100\n|switch|p1b: Sableye|Sableye, M, shiny|100\/100\n|switch|p2a: Armarouge|Armarouge, F|100\/100\n|switch|p2b: Indeedee|Indeedee-F, F|100\/100\n|-fieldstart|move: Psychic Terrain|[from] ability: Psychic Surge|[of] p2b: Indeedee\n|turn|1\n|\n|t:|1700136607\n|move|p2b: Indeedee|Follow Me|p2b: Indeedee\n|-singleturn|p2b: Indeedee|move: Follow Me\n|move|p1b: Sableye|Reflect|p1b: Sableye\n|-sidestart|p1: Pointbreak1|Reflect\n|move|p1a: Ceruledge|Bulk Up|p1a: Ceruledge\n|-boost|p1a: Ceruledge|atk|1\n|-boost|p1a: Ceruledge|def|1\n|move|p2a: Armarouge|Trick Room|p2a: Armarouge\n|-fieldstart|move: Trick Room|[of] p2a: Armarouge\n|\n|upkeep\n|turn|2\n|\n|t:|1700136623\n|-terastallize|p1a: Ceruledge|Steel\n|move|p2b: Indeedee|Follow Me|p2b: Indeedee\n|-singleturn|p2b: Indeedee|move: Follow Me\n|move|p1b: Sableye|Disable|p2b: Indeedee\n|-activate|p2b: Indeedee|move: Psychic Terrain\n|move|p2a: Armarouge|Expanding Force|p1a: Ceruledge|[spread] p1a\n|-immune|p1b: Sableye\n|-resisted|p1a: Ceruledge\n|-damage|p1a: Ceruledge|63\/100\n|-damage|p2a: Armarouge|91\/100|[from] item: Life Orb\n|move|p1a: Ceruledge|Bulk Up|p1a: Ceruledge\n|-boost|p1a: Ceruledge|atk|1\n|-boost|p1a: Ceruledge|def|1\n|\n|-heal|p1a: Ceruledge|69\/100|[from] item: Leftovers\n|upkeep\n|turn|3\n|inactive|Pointbreak1 has 120 seconds left.\n|\n|t:|1700136655\n|move|p2a: Armarouge|Protect|p2a: Armarouge\n|-singleturn|p2a: Armarouge|Protect\n|move|p1b: Sableye|Light Screen|p1b: Sableye\n|-sidestart|p1: Pointbreak1|move: Light Screen\n|move|p1a: Ceruledge|Shadow Sneak|p2a: Armarouge\n|-activate|p2a: Armarouge|move: Psychic Terrain\n|move|p2b: Indeedee|Psychic|p1a: Ceruledge\n|-resisted|p1a: Ceruledge\n|-damage|p1a: Ceruledge|59\/100\n|\n|-heal|p1a: Ceruledge|65\/100|[from] item: Leftovers\n|upkeep\n|turn|4\n|\n|t:|1700136676\n|move|p2b: Indeedee|Follow Me|p2b: Indeedee\n|-singleturn|p2b: Indeedee|move: Follow Me\n|move|p1b: Sableye|Encore|p2b: Indeedee\n|-activate|p2b: Indeedee|move: Psychic Terrain\n|move|p2a: Armarouge|Expanding Force|p1b: Sableye|[spread] p1a\n|-immune|p1b: Sableye\n|-resisted|p1a: Ceruledge\n|-damage|p1a: Ceruledge|41\/100\n|-damage|p2a: Armarouge|81\/100|[from] item: Life Orb\n|move|p1a: Ceruledge|Bitter Blade|p2b: Indeedee\n|-damage|p2b: Indeedee|17\/100\n|-heal|p1a: Ceruledge|81\/100|[from] drain|[of] p2b: Indeedee\n|\n|-heal|p1a: Ceruledge|88\/100|[from] item: Leftovers\n|upkeep\n|turn|5\n|inactive|Pointbreak1 has 120 seconds left.\n|inactive|maffetikplays has 120 seconds left.\n|-message|maffetikplays forfeited.\n|\n|win|Pointbreak1\n|raw|Pointbreak1's rating: 1090 &rarr; <strong>1120<\/strong><br \/>(+30 for winning)\n|raw|maffetikplays's rating: 1139 &rarr; <strong>1110<\/strong><br \/>(-29 for losing)\n|l|\u2606maffetikplays\n","uploadtime":1700136715,"views":6,"p1id":"pointbreak1","p2id":"maffetikplays","formatid":"gen9doublesou","rating":1110,"private":0,"password":""}