{"id":"gen9doublesou-1993446569","p1":"tiiim48","p2":"z0gre","format":"[Gen 9] Doubles OU","log":"|j|\u2606tiiim48\n|j|\u2606z0gre\n|t:|1700318973\n|gametype|doubles\n|player|p1|tiiim48|swimmerf|1473\n|player|p2|z0gre|2|1511\n|teamsize|p1|6\n|teamsize|p2|6\n|gen|9\n|tier|[Gen 9] Doubles OU\n|rated|\n|rule|Species Clause: Limit one of each Pok\u00e9mon\n|rule|OHKO Clause: OHKO moves are banned\n|rule|Evasion Moves Clause: Evasion moves are banned\n|rule|Gravity Sleep Clause: The combination of sleep-inducing moves with imperfect accuracy and Gravity or Gigantamax Orbeetle are banned\n|rule|Endless Battle Clause: Forcing endless battles is banned\n|rule|HP Percentage Mod: HP is shown in percentages\n|clearpoke\n|poke|p1|Ninetales-Alola, M|\n|poke|p1|Armarouge, M|\n|poke|p1|Flamigo, F|\n|poke|p1|Tornadus, M|\n|poke|p1|Iron Bundle|\n|poke|p1|Indeedee-F, F|\n|poke|p2|Tyranitar, M|\n|poke|p2|Glimmora, F|\n|poke|p2|Diancie|\n|poke|p2|Garganacl, M|\n|poke|p2|Houndstone, F|\n|poke|p2|Ogerpon-Cornerstone, F|\n|teampreview\n|inactive|Battle timer is ON: inactive players will automatically lose when time's up. (requested by z0gre)\n|\n|t:|1700318985\n|start\n|switch|p1a: Princess|Armarouge, M, shiny|100\/100\n|switch|p1b: Speed queen|Tornadus, M, shiny|100\/100\n|switch|p2a: Diancie|Diancie, shiny|100\/100\n|switch|p2b: Glimmora|Glimmora, F, shiny|100\/100\n|turn|1\n|\n|t:|1700318996\n|move|p1a: Princess|Protect|p1a: Princess\n|-singleturn|p1a: Princess|Protect\n|move|p1b: Speed queen|Taunt|p2a: Diancie\n|-start|p2a: Diancie|move: Taunt\n|move|p2b: Glimmora|Earth Power|p1a: Princess\n|-activate|p1a: Princess|move: Protect\n|move|p2a: Diancie|Diamond Storm|p1b: Speed queen|[spread] p1b\n|-activate|p1a: Princess|move: Protect\n|-supereffective|p1b: Speed queen\n|-damage|p1b: Speed queen|16\/100\n|-boost|p2a: Diancie|def|2\n|\n|upkeep\n|turn|2\n|\n|t:|1700319013\n|-terastallize|p1a: Princess|Psychic\n|move|p1b: Speed queen|U-turn|p1a: Princess\n|-supereffective|p1a: Princess\n|-damage|p1a: Princess|68\/100\n|-ability|p1a: Princess|Weak Armor|boost\n|-unboost|p1a: Princess|def|1\n|-boost|p1a: Princess|spe|2\n|-enditem|p1a: Princess|Weakness Policy\n|-boost|p1a: Princess|atk|2|[from] item: Weakness Policy\n|-boost|p1a: Princess|spa|2|[from] item: Weakness Policy\n|\n|t:|1700319020\n|switch|p1b: Follow me :3|Indeedee-F, F, shiny|100\/100|[from] U-turn\n|-fieldstart|move: Psychic Terrain|[from] ability: Psychic Surge|[of] p1b: Follow me :3\n|move|p1a: Princess|Expanding Force|p2b: Glimmora|[spread] p2a,p2b\n|-supereffective|p2b: Glimmora\n|-damage|p2a: Diancie|7\/100\n|-enditem|p2b: Glimmora|Focus Sash\n|-damage|p2b: Glimmora|1\/100\n|move|p2b: Glimmora|Toxic Spikes|p1a: Princess\n|-sidestart|p1: tiiim48|move: Toxic Spikes\n|move|p2a: Diancie|Diamond Storm|p1b: Follow me :3|[spread] p1a,p1b\n|-damage|p1a: Princess|29\/100\n|-damage|p1b: Follow me :3|78\/100\n|-boost|p2a: Diancie|def|2\n|-ability|p1a: Princess|Weak Armor|boost\n|-unboost|p1a: Princess|def|1\n|-boost|p1a: Princess|spe|2\n|\n|upkeep\n|turn|3\n|\n|t:|1700319046\n|move|p1b: Follow me :3|Helping Hand|p1a: Princess\n|-singleturn|p1a: Princess|Helping Hand|[of] p1b: Follow me :3\n|move|p1a: Princess|Expanding Force|p2b: Glimmora|[spread] p2a,p2b\n|-supereffective|p2b: Glimmora\n|-damage|p2a: Diancie|0 fnt\n|-damage|p2b: Glimmora|0 fnt\n|faint|p2a: Diancie\n|faint|p2b: Glimmora\n|\n|upkeep\n|inactive|z0gre has 120 seconds left.\n|\n|t:|1700319065\n|switch|p2b: Ogerpon|Ogerpon-Cornerstone, F|100\/100\n|switch|p2a: Garganacl|Garganacl, M, shiny|100\/100\n|turn|4\n|\n|t:|1700319071\n|move|p2a: Garganacl|Wide Guard|p2a: Garganacl\n|-singleturn|p2a: Garganacl|Wide Guard\n|move|p1b: Follow me :3|Follow Me|p1b: Follow me :3\n|-singleturn|p1b: Follow me :3|move: Follow Me\n|move|p1a: Princess|Expanding Force|p2b: Ogerpon|[spread] \n|-activate|p2a: Garganacl|move: Wide Guard\n|-activate|p2b: Ogerpon|move: Wide Guard\n|move|p2b: Ogerpon|Ivy Cudgel|p1b: Follow me :3|[anim] Ivy Cudgel Rock\n|-damage|p1b: Follow me :3|20\/100\n|\n|upkeep\n|turn|5\n|\n|t:|1700319086\n|move|p2a: Garganacl|Wide Guard|p2a: Garganacl\n|-singleturn|p2a: Garganacl|Wide Guard\n|move|p1b: Follow me :3|Follow Me|p1b: Follow me :3\n|-singleturn|p1b: Follow me :3|move: Follow Me\n|move|p1a: Princess|Aura Sphere|p2a: Garganacl\n|-supereffective|p2a: Garganacl\n|-damage|p2a: Garganacl|27\/100\n|move|p2b: Ogerpon|Ivy Cudgel|p1b: Follow me :3|[anim] Ivy Cudgel Rock\n|-damage|p1b: Follow me :3|0 fnt\n|faint|p1b: Follow me :3\n|\n|-heal|p2a: Garganacl|33\/100|[from] item: Leftovers\n|upkeep\n|\n|t:|1700319099\n|switch|p1b: Mogus|Flamigo, F, shiny|100\/100\n|-copyboost|p1b: Mogus|p1a: Princess|[from] ability: Costar\n|turn|6\n|\n|t:|1700319106\n|move|p1a: Princess|Aura Sphere|p2a: Garganacl\n|-supereffective|p2a: Garganacl\n|-damage|p2a: Garganacl|0 fnt\n|faint|p2a: Garganacl\n|move|p1b: Mogus|Double Kick|p2b: Ogerpon\n|-supereffective|p2b: Ogerpon\n|-ability|p2b: Ogerpon|Sturdy\n|-damage|p2b: Ogerpon|1\/100\n|-supereffective|p2b: Ogerpon\n|-damage|p2b: Ogerpon|0 fnt\n|faint|p2b: Ogerpon\n|-hitcount|p2: Ogerpon|2\n|\n|upkeep\n|\n|t:|1700319117\n|switch|p2b: Houndstone|Houndstone, F, shiny|100\/100\n|switch|p2a: Tyranitar|Tyranitar, M, shiny|100\/100\n|-weather|Sandstorm|[from] ability: Sand Stream|[of] p2a: Tyranitar\n|turn|7\n|\n|t:|1700319132\n|-terastallize|p2b: Houndstone|Ghost\n|move|p1a: Princess|Expanding Force|p2b: Houndstone|[spread] p2b\n|-immune|p2a: Tyranitar\n|-damage|p2b: Houndstone|0 fnt\n|faint|p2b: Houndstone\n|move|p1b: Mogus|Double Kick|p2a: Tyranitar\n|-supereffective|p2a: Tyranitar\n|-crit|p2a: Tyranitar\n|-damage|p2a: Tyranitar|0 fnt\n|faint|p2a: Tyranitar\n|-hitcount|p2: Tyranitar|1\n|\n|win|tiiim48\n|raw|tiiim48's rating: 1473 &rarr; <strong>1495<\/strong><br \/>(+22 for winning)\n|raw|z0gre's rating: 1511 &rarr; <strong>1489<\/strong><br \/>(-22 for losing)\n|l|\u2606z0gre\n|l|\u2606tiiim48\n","uploadtime":1700319150,"views":19,"p1id":"tiiim48","p2id":"z0gre","formatid":"gen9doublesou","rating":1489,"private":0,"password":""}