{"id":"gen9doublesou-1973962610","p1":"joecheve13","p2":"slimeree","format":"[Gen 9] Doubles OU","log":"|j|\u2606joecheve13\n|j|\u2606slimeree\n|t:|1698033564\n|gametype|doubles\n|player|p1|joecheve13|battlegirl-gen4|1404\n|player|p2|slimeree|dawn|1466\n|teamsize|p1|6\n|teamsize|p2|6\n|gen|9\n|tier|[Gen 9] Doubles OU\n|rated|\n|rule|Species Clause: Limit one of each Pok\u00e9mon\n|rule|OHKO Clause: OHKO moves are banned\n|rule|Evasion Moves Clause: Evasion moves are banned\n|rule|Gravity Sleep Clause: The combination of sleep-inducing moves with imperfect accuracy and Gravity or Gigantamax Orbeetle are banned\n|rule|Endless Battle Clause: Forcing endless battles is banned\n|rule|HP Percentage Mod: HP is shown in percentages\n|clearpoke\n|poke|p1|Pelipper, M|\n|poke|p1|Tornadus, M|\n|poke|p1|Tinkaton, F|\n|poke|p1|Landorus, M|\n|poke|p1|Cresselia, F|\n|poke|p1|Dragonite, M|\n|poke|p2|Ninetales-Alola, M|\n|poke|p2|Arcanine-Hisui, M|\n|poke|p2|Sinistcha-Masterpiece|\n|poke|p2|Iron Hands|\n|poke|p2|Flutter Mane|\n|poke|p2|Landorus, M|\n|teampreview\n|\n|t:|1698033591\n|start\n|switch|p1a: Tornadus|Tornadus, M|100\/100\n|switch|p1b: Tinkaton|Tinkaton, F|100\/100\n|switch|p2a: Sinistcha|Sinistcha-Masterpiece, shiny|100\/100\n|switch|p2b: Flutter Mane|Flutter Mane|100\/100\n|-enditem|p2b: Flutter Mane|Booster Energy\n|-activate|p2b: Flutter Mane|ability: Protosynthesis|[fromitem]\n|-start|p2b: Flutter Mane|protosynthesisspa\n|turn|1\n|inactive|Battle timer is ON: inactive players will automatically lose when time's up. (requested by slimeree)\n|\n|t:|1698033610\n|move|p2b: Flutter Mane|Protect|p2b: Flutter Mane\n|-singleturn|p2b: Flutter Mane|Protect\n|move|p1a: Tornadus|Swagger|p1b: Tinkaton\n|-boost|p1b: Tinkaton|atk|2\n|-immune|p1b: Tinkaton|confusion|[from] ability: Own Tempo\n|move|p1b: Tinkaton|Gigaton Hammer|p2b: Flutter Mane\n|-activate|p2b: Flutter Mane|move: Protect\n|move|p2a: Sinistcha|Trick Room|p2a: Sinistcha\n|-fieldstart|move: Trick Room|[of] p2a: Sinistcha\n|\n|upkeep\n|turn|2\n|inactive|slimeree has 120 seconds left.\n|\n|t:|1698033659\n|move|p2a: Sinistcha|Rage Powder|p2a: Sinistcha\n|-singleturn|p2a: Sinistcha|move: Rage Powder\n|move|p1a: Tornadus|Swagger|p2a: Sinistcha\n|-boost|p2a: Sinistcha|atk|2\n|-start|p2a: Sinistcha|confusion\n|move|p1b: Tinkaton|Knock Off|p2a: Sinistcha\n|-supereffective|p2a: Sinistcha\n|-damage|p2a: Sinistcha|32\/100\n|-damage|p1b: Tinkaton|84\/100|[from] item: Rocky Helmet|[of] p2a: Sinistcha\n|-enditem|p2a: Sinistcha|Rocky Helmet|[from] move: Knock Off|[of] p1b: Tinkaton\n|move|p2b: Flutter Mane|Shadow Ball|p1b: Tinkaton\n|-damage|p1b: Tinkaton|45\/100\n|-unboost|p1b: Tinkaton|spd|1\n|\n|upkeep\n|turn|3\n|inactive|slimeree has 120 seconds left.\n|\n|t:|1698033684\n|move|p2b: Flutter Mane|Protect|p2b: Flutter Mane\n|-singleturn|p2b: Flutter Mane|Protect\n|-activate|p2a: Sinistcha|confusion\n|move|p2a: Sinistcha|Strength Sap|p1b: Tinkaton\n|-unboost|p1b: Tinkaton|atk|1\n|-heal|p2a: Sinistcha|100\/100\n|move|p1b: Tinkaton|Gigaton Hammer|p2b: Flutter Mane\n|-activate|p2b: Flutter Mane|move: Protect\n|move|p1a: Tornadus|Bleakwind Storm|p2b: Flutter Mane|[spread] p2a\n|-activate|p2b: Flutter Mane|move: Protect\n|-supereffective|p2a: Sinistcha\n|-damage|p2a: Sinistcha|16\/100\n|\n|upkeep\n|turn|4\n|inactive|slimeree has 120 seconds left.\n|inactive|slimeree has 90 seconds left.\n|\n|t:|1698033741\n|move|p1a: Tornadus|Taunt|p2a: Sinistcha\n|-start|p2a: Sinistcha|move: Taunt\n|cant|p2a: Sinistcha|move: Taunt|Strength Sap\n|move|p1b: Tinkaton|Knock Off|p2b: Flutter Mane\n|-damage|p2b: Flutter Mane|59\/100\n|move|p2b: Flutter Mane|Shadow Ball|p1b: Tinkaton\n|-damage|p1b: Tinkaton|0 fnt\n|faint|p1b: Tinkaton\n|\n|upkeep\n|inactive|joecheve13 has 120 seconds left.\n|\n|t:|1698033754\n|switch|p1b: Pelipper|Pelipper, M|100\/100\n|-weather|RainDance|[from] ability: Drizzle|[of] p1b: Pelipper\n|turn|5\n|inactive|slimeree has 90 seconds left.\n|\n|t:|1698033775\n|switch|p2a: Ninetales|Ninetales-Alola, M|100\/100\n|-weather|Snow|[from] ability: Snow Warning|[of] p2a: Ninetales\n|move|p1b: Pelipper|Protect|p1b: Pelipper\n|-singleturn|p1b: Pelipper|Protect\n|move|p1a: Tornadus|Bleakwind Storm|p2b: Flutter Mane|[spread] p2a,p2b\n|-damage|p2a: Ninetales|50\/100\n|-damage|p2b: Flutter Mane|12\/100\n|move|p2b: Flutter Mane|Dazzling Gleam|p1b: Pelipper|[spread] p1a\n|-activate|p1b: Pelipper|move: Protect\n|-damage|p1a: Tornadus|47\/100\n|\n|-weather|Snow|[upkeep]\n|-fieldend|move: Trick Room\n|upkeep\n|turn|6\n|inactive|slimeree has 90 seconds left.\n|inactive|slimeree has 60 seconds left.\n|\n|t:|1698033838\n|-end|p2b: Flutter Mane|Protosynthesis|[silent]\n|switch|p2b: Iron Hands|Iron Hands|100\/100\n|move|p1b: Pelipper|Wide Guard|p1b: Pelipper\n|-singleturn|p1b: Pelipper|Wide Guard\n|move|p1a: Tornadus|Taunt|p2a: Ninetales\n|-start|p2a: Ninetales|move: Taunt\n|cant|p2a: Ninetales|move: Taunt|Aurora Veil\n|\n|-weather|Snow|[upkeep]\n|upkeep\n|turn|7\n|inactive|slimeree has 60 seconds left.\n|\n|t:|1698033861\n|move|p2b: Iron Hands|Fake Out|p1a: Tornadus\n|-damage|p1a: Tornadus|26\/100\n|cant|p1a: Tornadus|flinch\n|move|p2a: Ninetales|Blizzard|p1b: Pelipper|[spread] p1a,p1b\n|-supereffective|p1a: Tornadus\n|-damage|p1a: Tornadus|0 fnt\n|-damage|p1b: Pelipper|71\/100\n|-status|p1b: Pelipper|frz\n|faint|p1a: Tornadus\n|-curestatus|p1b: Pelipper|frz|[msg]\n|move|p1b: Pelipper|Hurricane|p2b: Iron Hands|[miss]\n|-miss|p1b: Pelipper|p2b: Iron Hands\n|\n|-weather|Snow|[upkeep]\n|upkeep\n|\n|t:|1698033878\n|switch|p1a: Landorus|Landorus, M|100\/100\n|turn|8\n|\n|t:|1698033902\n|switch|p1b: Cresselia|Cresselia, F|100\/100\n|-terastallize|p2b: Iron Hands|Water\n|move|p1a: Landorus|Protect|p1a: Landorus\n|-singleturn|p1a: Landorus|Protect\n|move|p2a: Ninetales|Blizzard|p1b: Cresselia|[spread] p1b\n|-activate|p1a: Landorus|move: Protect\n|-damage|p1b: Cresselia|82\/100\n|move|p2b: Iron Hands|Wild Charge|p1a: Landorus\n|-activate|p1a: Landorus|move: Protect\n|\n|-weather|Snow|[upkeep]\n|-heal|p1b: Cresselia|88\/100|[from] item: Leftovers\n|-end|p2a: Ninetales|move: Taunt\n|upkeep\n|turn|9\n|inactive|slimeree has 90 seconds left.\n|inactive|slimeree has 60 seconds left.\n|\n|t:|1698033944\n|switch|p1b: Pelipper|Pelipper, M|71\/100\n|-weather|RainDance|[from] ability: Drizzle|[of] p1b: Pelipper\n|move|p2a: Ninetales|Aurora Veil||[still]\n|-fail|p2a: Ninetales\n|move|p1a: Landorus|Sandsear Storm|p2b: Iron Hands|[spread] p2a,p2b\n|-damage|p2a: Ninetales|0 fnt\n|-damage|p2b: Iron Hands|67\/100\n|faint|p2a: Ninetales\n|move|p2b: Iron Hands|Wild Charge|p1a: Landorus\n|-immune|p1a: Landorus\n|\n|-weather|RainDance|[upkeep]\n|upkeep\n|\n|t:|1698033971\n|switch|p2a: Flutter Mane|Flutter Mane|12\/100\n|turn|10\n|\n|t:|1698033984\n|move|p1b: Pelipper|Protect|p1b: Pelipper\n|-singleturn|p1b: Pelipper|Protect\n|move|p2a: Flutter Mane|Moonblast|p1a: Landorus\n|-damage|p1a: Landorus|24\/100\n|-unboost|p1a: Landorus|spa|1\n|move|p1a: Landorus|Sandsear Storm|p2a: Flutter Mane|[spread] p2a,p2b\n|-damage|p2a: Flutter Mane|0 fnt\n|-damage|p2b: Iron Hands|47\/100\n|faint|p2a: Flutter Mane\n|-end|p2a: Flutter Mane|Protosynthesis|[silent]\n|move|p2b: Iron Hands|Heavy Slam|p1a: Landorus\n|-damage|p1a: Landorus|0 fnt\n|faint|p1a: Landorus\n|\n|-weather|RainDance|[upkeep]\n|upkeep\n|inactive|slimeree has 60 seconds left.\n|\n|t:|1698034009\n|switch|p2a: Sinistcha|Sinistcha-Masterpiece, shiny|16\/100\n|switch|p1a: Dragonite|Dragonite, M|100\/100\n|-heal|p2b: Iron Hands|72\/100|[from] ability: Hospitality|[of] p2a: Sinistcha\n|turn|11\n|inactive|slimeree has 60 seconds left.\n|\n|t:|1698034056\n|switch|p2a: Arcanine|Arcanine-Hisui, M, shiny|100\/100\n|-ability|p2a: Arcanine|Intimidate|boost\n|-unboost|p1a: Dragonite|atk|1\n|-unboost|p1b: Pelipper|atk|1\n|move|p1a: Dragonite|Ice Spinner|p2a: Arcanine\n|-resisted|p2a: Arcanine\n|-damage|p2a: Arcanine|89\/100\n|move|p1b: Pelipper|Chilling Water|p2b: Iron Hands\n|-resisted|p2b: Iron Hands\n|-damage|p2b: Iron Hands|63\/100\n|-unboost|p2b: Iron Hands|atk|1\n|move|p2b: Iron Hands|Wild Charge|p1b: Pelipper\n|-supereffective|p1b: Pelipper\n|-damage|p1b: Pelipper|0 fnt\n|faint|p1b: Pelipper\n|-damage|p2b: Iron Hands|52\/100|[from] Recoil\n|\n|-weather|RainDance|[upkeep]\n|upkeep\n|inactive|joecheve13 has 120 seconds left.\n|\n|t:|1698034076\n|switch|p1b: Cresselia|Cresselia, F|88\/100\n|turn|12\n|inactive|slimeree has 60 seconds left.\n|\n|t:|1698034115\n|switch|p2a: Sinistcha|Sinistcha-Masterpiece, shiny|16\/100\n|-heal|p2b: Iron Hands|76\/100|[from] ability: Hospitality|[of] p2a: Sinistcha\n|-end|p2b: Iron Hands|Quark Drive|[silent]\n|switch|p2b: Landorus|Landorus, M|100\/100\n|move|p1b: Cresselia|Calm Mind|p1b: Cresselia\n|-boost|p1b: Cresselia|spa|1\n|-boost|p1b: Cresselia|spd|1\n|move|p1a: Dragonite|Brick Break|p2a: Sinistcha\n|-immune|p2a: Sinistcha\n|\n|-weather|RainDance|[upkeep]\n|-heal|p1b: Cresselia|94\/100|[from] item: Leftovers\n|upkeep\n|turn|13\n|\n|t:|1698034141\n|-terastallize|p1a: Dragonite|Normal\n|move|p1a: Dragonite|Extreme Speed|p2b: Landorus\n|-damage|p2b: Landorus|67\/100\n|move|p2b: Landorus|Nasty Plot|p2b: Landorus\n|-boost|p2b: Landorus|spa|2\n|move|p1b: Cresselia|Psychic|p2a: Sinistcha\n|-damage|p2a: Sinistcha|0 fnt\n|faint|p2a: Sinistcha\n|\n|-weather|RainDance|[upkeep]\n|-heal|p1b: Cresselia|99\/100|[from] item: Leftovers\n|upkeep\n|inactive|slimeree has 30 seconds left.\n|inactive|slimeree has 20 seconds left.\n|inactive|slimeree has 15 seconds left.\n|\n|t:|1698034169\n|switch|p2a: Iron Hands|Iron Hands, tera:Water|76\/100\n|turn|14\n|inactive|slimeree has 30 seconds left.\n|\n|t:|1698034182\n|move|p2a: Iron Hands|Fake Out|p1a: Dragonite\n|-damage|p1a: Dragonite|94\/100\n|cant|p1a: Dragonite|flinch\n|move|p2b: Landorus|Sandsear Storm|p1b: Cresselia|[spread] p1a\n|-immune|p1b: Cresselia|[from] ability: Levitate\n|-damage|p1a: Dragonite|0 fnt\n|faint|p1a: Dragonite\n|move|p1b: Cresselia|Psychic|p2b: Landorus\n|-damage|p2b: Landorus|27\/100\n|\n|-weather|RainDance|[upkeep]\n|-heal|p1b: Cresselia|100\/100|[from] item: Leftovers\n|upkeep\n|turn|15\n|-message|joecheve13 forfeited.\n|\n|win|slimeree\n|raw|joecheve13's rating: 1404 &rarr; <strong>1388<\/strong><br \/>(-16 for losing)\n|raw|slimeree's rating: 1466 &rarr; <strong>1482<\/strong><br \/>(+16 for winning)\n|l|\u2606joecheve13\n","uploadtime":1698034206,"views":25,"p1id":"joecheve13","p2id":"slimeree","formatid":"gen9doublesou","rating":1388,"private":0,"password":""}