{"id":"gen9doublesou-1977712311","p1":"Kongojongo","p2":"Artmis03","format":"[Gen 9] Doubles OU","log":"|j|\u2606Kongojongo\n|j|\u2606Artmis03\n|t:|1698441193\n|gametype|doubles\n|player|p1|Kongojongo|harlequin|1124\n|player|p2|Artmis03|richboy|1075\n|teamsize|p1|6\n|teamsize|p2|6\n|gen|9\n|tier|[Gen 9] Doubles OU\n|rated|\n|rule|Species Clause: Limit one of each Pok\u00e9mon\n|rule|OHKO Clause: OHKO moves are banned\n|rule|Evasion Moves Clause: Evasion moves are banned\n|rule|Gravity Sleep Clause: The combination of sleep-inducing moves with imperfect accuracy and Gravity or Gigantamax Orbeetle are banned\n|rule|Endless Battle Clause: Forcing endless battles is banned\n|rule|HP Percentage Mod: HP is shown in percentages\n|clearpoke\n|poke|p1|Ogerpon-Hearthflame, F|\n|poke|p1|Ursaluna-Bloodmoon, M|\n|poke|p1|Cramorant, F|\n|poke|p1|Gastrodon-East, M|\n|poke|p1|Iron Hands|\n|poke|p1|Toxapex, F|\n|poke|p2|Amoonguss, F|\n|poke|p2|Diancie|\n|poke|p2|Farigiraf, F|\n|poke|p2|Grimmsnarl, M|\n|poke|p2|Heatran, M|\n|poke|p2|Gholdengo|\n|teampreview\n|c|\u2606Artmis03|gl hf\n|c|\u2606Kongojongo|gl hf! :]\n|\n|t:|1698441232\n|start\n|switch|p1a: >:(|Ogerpon-Hearthflame, F|100\/100\n|switch|p1b: Slappems|Iron Hands|100\/100\n|switch|p2a: Farigiraf|Farigiraf, F|100\/100\n|switch|p2b: Grimmsnarl|Grimmsnarl, M|100\/100\n|-ability|p1a: >:(|Mold Breaker\n|-enditem|p1b: Slappems|Booster Energy\n|-activate|p1b: Slappems|ability: Quark Drive|[fromitem]\n|-start|p1b: Slappems|quarkdriveatk\n|turn|1\n|\n|t:|1698441251\n|move|p2b: Grimmsnarl|Reflect|p2b: Grimmsnarl\n|-sidestart|p2: Artmis03|Reflect\n|move|p1a: >:(|Swords Dance|p1a: >:(\n|-boost|p1a: >:(|atk|2\n|move|p1b: Slappems|Heavy Slam|p2b: Grimmsnarl\n|-supereffective|p2b: Grimmsnarl\n|-damage|p2b: Grimmsnarl|11\/100\n|move|p2a: Farigiraf|Future Sight|p1a: >:(\n|-start|p2a: Farigiraf|move: Future Sight\n|\n|upkeep\n|turn|2\n|inactive|Battle timer is ON: inactive players will automatically lose when time's up. (requested by Artmis03)\n|\n|t:|1698441315\n|-end|p1b: Slappems|Quark Drive|[silent]\n|switch|p1b: Red Velvet|Toxapex, F, shiny|100\/100\n|move|p2b: Grimmsnarl|Parting Shot|p1a: >:(\n|-unboost|p1a: >:(|atk|1\n|-unboost|p1a: >:(|spa|1\n|\n|t:|1698441322\n|switch|p2b: Amoonguss|Amoonguss, F|100\/100|[from] Parting Shot\n|move|p1a: >:(|Ivy Cudgel|p2a: Farigiraf\n|-damage|p2a: Farigiraf|52\/100\n|move|p2a: Farigiraf|Future Sight|p1b: Red Velvet\n|-start|p2a: Farigiraf|move: Future Sight\n|\n|-heal|p2a: Farigiraf|58\/100|[from] item: Leftovers\n|upkeep\n|turn|3\n|\n|t:|1698441348\n|switch|p1b: Slappems|Iron Hands|100\/100\n|switch|p2b: Heatran|Heatran, M|100\/100\n|-item|p2b: Heatran|Air Balloon\n|-terastallize|p1a: >:(|Fire\n|detailschange|p1a: >:(|Ogerpon-Hearthflame-Tera, F, tera:Fire\n|-ability|p1a: >:(|Embody Aspect (Hearthflame)|boost\n|-boost|p1a: >:(|atk|1\n|move|p1a: >:(|Ivy Cudgel|p2b: Heatran\n|-start|p2b: Heatran|ability: Flash Fire\n|move|p2a: Farigiraf|Thunder Wave|p1a: >:(\n|-status|p1a: >:(|par\n|\n|-end|p1a: >:(|move: Future Sight\n|-damage|p1a: >:(|34\/100 par\n|-heal|p2a: Farigiraf|64\/100|[from] item: Leftovers\n|upkeep\n|turn|4\n|inactive|Kongojongo has 120 seconds left.\n|\n|t:|1698441386\n|switch|p1a: Surfin Bird|Cramorant, F|100\/100\n|move|p1b: Slappems|Fake Out||[still]\n|cant|p2a: Farigiraf|ability: Armor Tail|Fake Out|[of] p1b: Slappems\n|move|p2a: Farigiraf|Ally Switch|p2a: Farigiraf\n|swap|p2a: Farigiraf|1|[from] move: Ally Switch\n|move|p2a: Heatran|Will-O-Wisp|p1b: Slappems\n|-status|p1b: Slappems|brn\n|\n|-end|p1b: Slappems|move: Future Sight\n|-supereffective|p1b: Slappems\n|-damage|p1b: Slappems|0 fnt\n|faint|p1b: Slappems\n|-end|p1b: Slappems|Quark Drive|[silent]\n|-heal|p2b: Farigiraf|70\/100|[from] item: Leftovers\n|upkeep\n|c|\u2606Kongojongo|FUCK I FORGOT ABOUT ARMOR TAIL LOL\n|\n|t:|1698441411\n|switch|p1b: Blumby|Gastrodon-East, M|100\/100\n|turn|5\n|inactive|Kongojongo has 120 seconds left.\n|\n|t:|1698441428\n|move|p1a: Surfin Bird|Surf|p2a: Heatran|[spread] p2a,p2b\n|-ability|p1b: Blumby|Storm Drain|boost\n|-boost|p1b: Blumby|spa|1\n|-formechange|p1a: Surfin Bird|Cramorant-Gulping|\n|-supereffective|p2a: Heatran\n|-damage|p2a: Heatran|66\/100\n|-damage|p2b: Farigiraf|42\/100\n|-enditem|p2a: Heatran|Air Balloon\n|move|p2a: Heatran|Will-O-Wisp|p1a: Surfin Bird|[miss]\n|-miss|p2a: Heatran|p1a: Surfin Bird\n|move|p2b: Farigiraf|Future Sight|p1b: Blumby\n|-start|p2b: Farigiraf|move: Future Sight\n|move|p1b: Blumby|Chilling Water|p2a: Heatran\n|-supereffective|p2a: Heatran\n|-damage|p2a: Heatran|32\/100\n|-unboost|p2a: Heatran|atk|1\n|\n|-heal|p2b: Farigiraf|48\/100|[from] item: Leftovers\n|upkeep\n|turn|6\n|inactive|Kongojongo has 120 seconds left.\n|\n|t:|1698441458\n|-end|p2a: Heatran|ability: Flash Fire|[silent]\n|switch|p2a: Amoonguss|Amoonguss, F|100\/100\n|switch|p2b: Gholdengo|Gholdengo|100\/100\n|move|p1a: Surfin Bird|Surf|p2a: Amoonguss|[spread] p2a,p2b\n|-ability|p1b: Blumby|Storm Drain|boost\n|-boost|p1b: Blumby|spa|1\n|-resisted|p2a: Amoonguss\n|-damage|p2a: Amoonguss|92\/100\n|-damage|p2b: Gholdengo|69\/100\n|move|p1b: Blumby|Earth Power|p2a: Amoonguss\n|-damage|p2a: Amoonguss|54\/100\n|\n|upkeep\n|turn|7\n|\n|t:|1698441478\n|move|p2b: Gholdengo|Make It Rain|p1a: Surfin Bird|[spread] p1a,p1b\n|-resisted|p1a: Surfin Bird\n|-resisted|p1b: Blumby\n|-damage|p1a: Surfin Bird|70\/100\n|-damage|p1b: Blumby|76\/100\n|-unboost|p2b: Gholdengo|spa|1\n|-damage|p2b: Gholdengo|44\/100|[from] ability: Gulp Missile|[of] p1a: Surfin Bird\n|-unboost|p2b: Gholdengo|def|1\n|-formechange|p1a: Surfin Bird|Cramorant|\n|-damage|p2b: Gholdengo|34\/100|[from] item: Life Orb\n|move|p1a: Surfin Bird|Surf|p2b: Gholdengo|[spread] p2a,p2b\n|-ability|p1b: Blumby|Storm Drain|boost\n|-boost|p1b: Blumby|spa|1\n|-formechange|p1a: Surfin Bird|Cramorant-Gulping|\n|-resisted|p2a: Amoonguss\n|-damage|p2a: Amoonguss|45\/100\n|-damage|p2b: Gholdengo|5\/100\n|move|p1b: Blumby|Earth Power|p2b: Gholdengo\n|-supereffective|p2b: Gholdengo\n|-damage|p2b: Gholdengo|0 fnt\n|faint|p2b: Gholdengo\n|move|p2a: Amoonguss|Spore|p1b: Blumby\n|-status|p1b: Blumby|slp|[from] move: Spore\n|\n|-end|p1b: Blumby|move: Future Sight\n|-damage|p1b: Blumby|27\/100 slp\n|-heal|p1b: Blumby|33\/100 slp|[from] item: Leftovers\n|upkeep\n|\n|t:|1698441484\n|switch|p2b: Grimmsnarl|Grimmsnarl, M|11\/100\n|turn|8\n|\n|t:|1698441504\n|move|p2b: Grimmsnarl|Light Screen|p2b: Grimmsnarl\n|-sidestart|p2: Artmis03|move: Light Screen\n|move|p1a: Surfin Bird|Surf|p2b: Grimmsnarl|[spread] p2a,p2b\n|-ability|p1b: Blumby|Storm Drain|boost\n|-boost|p1b: Blumby|spa|1\n|-resisted|p2a: Amoonguss\n|-damage|p2a: Amoonguss|40\/100\n|-damage|p2b: Grimmsnarl|0 fnt\n|faint|p2b: Grimmsnarl\n|cant|p1b: Blumby|slp\n|move|p2a: Amoonguss|Spore|p1a: Surfin Bird\n|-status|p1a: Surfin Bird|slp|[from] move: Spore\n|\n|-heal|p1b: Blumby|39\/100 slp|[from] item: Leftovers\n|-sideend|p2: Artmis03|Reflect\n|upkeep\n|\n|t:|1698441516\n|switch|p2b: Farigiraf|Farigiraf, F|48\/100\n|turn|9\n|\n|t:|1698441524\n|cant|p1a: Surfin Bird|slp\n|move|p2b: Farigiraf|Hyper Voice|p1a: Surfin Bird|[spread] p1a,p1b\n|-damage|p1a: Surfin Bird|36\/100 slp\n|-damage|p1b: Blumby|12\/100 slp\n|-damage|p2b: Farigiraf|23\/100|[from] ability: Gulp Missile|[of] p1a: Surfin Bird\n|-unboost|p2b: Farigiraf|def|1\n|-formechange|p1a: Surfin Bird|Cramorant|\n|-curestatus|p1b: Blumby|slp|[msg]\n|move|p1b: Blumby|Earth Power|p2a: Amoonguss\n|-damage|p2a: Amoonguss|0 fnt\n|faint|p2a: Amoonguss\n|\n|-heal|p2b: Farigiraf|29\/100|[from] item: Leftovers\n|-heal|p1b: Blumby|18\/100|[from] item: Leftovers\n|upkeep\n|\n|t:|1698441540\n|switch|p2a: Heatran|Heatran, M|32\/100\n|turn|10\n|\n|t:|1698441547\n|-curestatus|p1a: Surfin Bird|slp|[msg]\n|move|p1a: Surfin Bird|Surf|p2a: Heatran|[spread] p2a,p2b\n|-ability|p1b: Blumby|Storm Drain|boost\n|-boost|p1b: Blumby|spa|1\n|-formechange|p1a: Surfin Bird|Cramorant-Gorging|\n|-supereffective|p2a: Heatran\n|-damage|p2a: Heatran|12\/100\n|-damage|p2b: Farigiraf|11\/100\n|move|p2a: Heatran|Heat Wave|p1b: Blumby|[spread] p1a\n|-miss|p2a: Heatran|p1b: Blumby\n|-resisted|p1a: Surfin Bird\n|-damage|p1a: Surfin Bird|21\/100\n|-damage|p2a: Heatran|0 fnt|[from] ability: Gulp Missile|[of] p1a: Surfin Bird\n|-formechange|p1a: Surfin Bird|Cramorant|\n|faint|p2a: Heatran\n|move|p2b: Farigiraf|Hyper Voice|p1b: Blumby|[spread] p1a,p1b\n|-damage|p1a: Surfin Bird|0 fnt\n|-damage|p1b: Blumby|0 fnt\n|faint|p1a: Surfin Bird\n|faint|p1b: Blumby\n|\n|-heal|p2b: Farigiraf|17\/100|[from] item: Leftovers\n|upkeep\n|\n|t:|1698441569\n|switch|p1a: Har har har har|Ursaluna-Bloodmoon, M|100\/100\n|switch|p2a: Diancie|Diancie|100\/100\n|switch|p1b: Red Velvet|Toxapex, F, shiny|100\/100\n|turn|11\n|\n|t:|1698441593\n|move|p1a: Har har har har|Blood Moon|p2b: Farigiraf\n|-damage|p2b: Farigiraf|0 fnt\n|faint|p2b: Farigiraf\n|move|p1b: Red Velvet|Acid Spray|p2a: Diancie\n|-damage|p2a: Diancie|96\/100\n|move|p2a: Diancie|Flash Cannon|p1b: Red Velvet\n|-resisted|p1b: Red Velvet\n|-damage|p1b: Red Velvet|88\/100\n|\n|-heal|p2a: Diancie|100\/100|[from] item: Leftovers\n|upkeep\n|turn|12\n|\n|t:|1698441606\n|switch|p1a: >:(|Ogerpon-Hearthflame-Tera, F, tera:Fire|34\/100 par\n|-ability|p1a: >:(|Embody Aspect (Hearthflame)|boost\n|-boost|p1a: >:(|atk|1\n|move|p1b: Red Velvet|Acid Spray|p2a: Diancie\n|-damage|p2a: Diancie|95\/100\n|move|p2a: Diancie|Diamond Storm|p1a: >:(|[spread] p1a,p1b\n|-supereffective|p1a: >:(\n|-damage|p1a: >:(|0 fnt\n|-damage|p1b: Red Velvet|64\/100\n|faint|p1a: >:(\n|\n|-heal|p2a: Diancie|100\/100|[from] item: Leftovers\n|upkeep\n|\n|t:|1698441618\n|switch|p1a: Har har har har|Ursaluna-Bloodmoon, M|100\/100\n|turn|13\n|\n|t:|1698441634\n|move|p1a: Har har har har|Blood Moon|p2a: Diancie\n|-resisted|p2a: Diancie\n|-damage|p2a: Diancie|77\/100\n|move|p1b: Red Velvet|Liquidation|p2a: Diancie\n|-supereffective|p2a: Diancie\n|-damage|p2a: Diancie|46\/100\n|move|p2a: Diancie|Dazzling Gleam|p1a: Har har har har|[spread] p1a,p1b\n|-resisted|p1b: Red Velvet\n|-damage|p1a: Har har har har|69\/100\n|-damage|p1b: Red Velvet|49\/100\n|-enditem|p1b: Red Velvet|Sitrus Berry|[eat]\n|-heal|p1b: Red Velvet|74\/100|[from] item: Sitrus Berry\n|\n|-heal|p2a: Diancie|52\/100|[from] item: Leftovers\n|upkeep\n|turn|14\n|\n|t:|1698441648\n|-activate|p1a: Har har har har|move: Struggle\n|move|p1a: Har har har har|Struggle|p2a: Diancie\n|-damage|p2a: Diancie|46\/100\n|-damage|p1a: Har har har har|44\/100|[from] recoil\n|move|p1b: Red Velvet|Liquidation|p2a: Diancie\n|-supereffective|p2a: Diancie\n|-damage|p2a: Diancie|14\/100\n|move|p2a: Diancie|Dazzling Gleam|p1b: Red Velvet|[spread] p1a,p1b\n|-resisted|p1b: Red Velvet\n|-damage|p1a: Har har har har|15\/100\n|-damage|p1b: Red Velvet|61\/100\n|\n|-heal|p2a: Diancie|20\/100|[from] item: Leftovers\n|upkeep\n|turn|15\n|\n|t:|1698441661\n|move|p1a: Har har har har|Blood Moon|p2a: Diancie\n|-resisted|p2a: Diancie\n|-damage|p2a: Diancie|0 fnt\n|faint|p2a: Diancie\n|\n|win|Kongojongo\n|raw|Kongojongo's rating: 1124 &rarr; <strong>1145<\/strong><br \/>(+21 for winning)\n|raw|Artmis03's rating: 1075 &rarr; <strong>1057<\/strong><br \/>(-18 for losing)\n|c|\u2606Artmis03|gg\n|l|\u2606Artmis03\n|c|\u2606Kongojongo|gg!\n","uploadtime":1698441670,"views":24,"p1id":"kongojongo","p2id":"artmis03","formatid":"gen9doublesou","rating":1057,"private":0,"password":""}