{"id":"gen9doublesou-1991746399","p1":"Kgooll543","p2":"sngm1104s","format":"[Gen 9] Doubles OU","log":"|j|\u2606Kgooll543\n|j|\u2606sngm1104s\n|t:|1700110283\n|gametype|doubles\n|player|p1|Kgooll543|unknown|1239\n|player|p2|sngm1104s|dawn-gen4pt|1200\n|teamsize|p1|6\n|teamsize|p2|6\n|gen|9\n|tier|[Gen 9] Doubles OU\n|rated|\n|rule|Species Clause: Limit one of each Pok\u00e9mon\n|rule|OHKO Clause: OHKO moves are banned\n|rule|Evasion Moves Clause: Evasion moves are banned\n|rule|Gravity Sleep Clause: The combination of sleep-inducing moves with imperfect accuracy and Gravity or Gigantamax Orbeetle are banned\n|rule|Endless Battle Clause: Forcing endless battles is banned\n|rule|HP Percentage Mod: HP is shown in percentages\n|clearpoke\n|poke|p1|Rillaboom, F|\n|poke|p1|Iron Bundle|\n|poke|p1|Armarouge, M|\n|poke|p1|Gholdengo|\n|poke|p1|Landorus-Therian, M|\n|poke|p1|Salamence, F|\n|poke|p2|Iron Bundle|\n|poke|p2|Ninetales-Alola, F|\n|poke|p2|Iron Hands|\n|poke|p2|Sinistcha-Masterpiece|\n|poke|p2|Arcanine-Hisui, F|\n|poke|p2|Ursaluna-Bloodmoon, M|\n|teampreview\n|inactive|Battle timer is ON: inactive players will automatically lose when time's up. (requested by Kgooll543)\n|\n|t:|1700110292\n|start\n|switch|p1a: Salamence|Salamence, F|100\/100\n|switch|p1b: Rillaboom|Rillaboom, F|100\/100\n|switch|p2a: Iron Bundle|Iron Bundle|100\/100\n|switch|p2b: Arcanine|Arcanine-Hisui, F|100\/100\n|-ability|p2b: Arcanine|Intimidate|boost\n|-unboost|p1a: Salamence|atk|1\n|-unboost|p1b: Rillaboom|atk|1\n|-fieldstart|move: Grassy Terrain|[from] ability: Grassy Surge|[of] p1b: Rillaboom\n|-enditem|p2a: Iron Bundle|Booster Energy\n|-activate|p2a: Iron Bundle|ability: Quark Drive|[fromitem]\n|-start|p2a: Iron Bundle|quarkdrivespe\n|turn|1\n|\n|t:|1700110314\n|-terastallize|p1a: Salamence|Steel\n|move|p2a: Iron Bundle|Protect|p2a: Iron Bundle\n|-singleturn|p2a: Iron Bundle|Protect\n|move|p1b: Rillaboom|Fake Out|p2a: Iron Bundle\n|-activate|p2a: Iron Bundle|move: Protect\n|move|p1a: Salamence|Iron Head|p2a: Iron Bundle\n|-activate|p2a: Iron Bundle|move: Protect\n|move|p2b: Arcanine|Rock Slide|p1a: Salamence|[spread] p1b\n|-miss|p2b: Arcanine|p1a: Salamence\n|-damage|p1b: Rillaboom|61\/100\n|\n|-heal|p1b: Rillaboom|67\/100|[from] Grassy Terrain\n|upkeep\n|turn|2\n|inactive|Kgooll543 has 120 seconds left.\n|inactive|sngm1104s has 120 seconds left.\n|\n|t:|1700110345\n|-end|p2a: Iron Bundle|Quark Drive|[silent]\n|switch|p2a: Sinistcha|Sinistcha-Masterpiece|100\/100\n|switch|p1a: Landorus|Landorus-Therian, M|100\/100\n|-ability|p1a: Landorus|Intimidate|boost\n|-unboost|p2a: Sinistcha|atk|1\n|-unboost|p2b: Arcanine|atk|1\n|switch|p2b: Ninetales|Ninetales-Alola, F|100\/100\n|-weather|Snow|[from] ability: Snow Warning|[of] p2b: Ninetales\n|move|p1b: Rillaboom|Grassy Glide|p2a: Sinistcha\n|-resisted|p2a: Sinistcha\n|-damage|p2a: Sinistcha|92\/100\n|-damage|p1b: Rillaboom|51\/100|[from] item: Rocky Helmet|[of] p2a: Sinistcha\n|\n|-weather|Snow|[upkeep]\n|-heal|p1b: Rillaboom|57\/100|[from] Grassy Terrain\n|-heal|p2a: Sinistcha|98\/100|[from] Grassy Terrain\n|upkeep\n|turn|3\n|inactive|Kgooll543 has 120 seconds left.\n|\n|t:|1700110372\n|move|p1a: Landorus|Rock Slide|p2a: Sinistcha|[spread] p2b\n|-miss|p1a: Landorus|p2a: Sinistcha\n|-supereffective|p2b: Ninetales\n|-damage|p2b: Ninetales|55\/100\n|move|p2b: Ninetales|Aurora Veil|p2b: Ninetales\n|-sidestart|p2: sngm1104s|move: Aurora Veil\n|move|p1b: Rillaboom|Knock Off|p2b: Ninetales\n|-resisted|p2b: Ninetales\n|-damage|p2b: Ninetales|48\/100\n|-enditem|p2b: Ninetales|Light Clay|[from] move: Knock Off|[of] p1b: Rillaboom\n|move|p2a: Sinistcha|Matcha Gotcha|p1b: Rillaboom|[spread] p1a,p1b\n|-resisted|p1b: Rillaboom\n|-damage|p1a: Landorus|59\/100\n|-heal|p2a: Sinistcha|100\/100|[from] drain|[of] p1a: Landorus\n|-damage|p1b: Rillaboom|45\/100\n|\n|-weather|Snow|[upkeep]\n|-heal|p2b: Ninetales|53\/100|[from] Grassy Terrain\n|-heal|p1b: Rillaboom|51\/100|[from] Grassy Terrain\n|upkeep\n|turn|4\n|inactive|Kgooll543 has 120 seconds left.\n|inactive|sngm1104s has 120 seconds left.\n|\n|t:|1700110407\n|switch|p1a: Gholdengo|Gholdengo|100\/100\n|switch|p2a: Iron Hands|Iron Hands|100\/100\n|move|p2b: Ninetales|Blizzard|p1b: Rillaboom|[spread] p1a,p1b\n|-resisted|p1a: Gholdengo\n|-supereffective|p1b: Rillaboom\n|-damage|p1a: Gholdengo|88\/100\n|-damage|p1b: Rillaboom|1\/100\n|-status|p1b: Rillaboom|frz\n|-curestatus|p1b: Rillaboom|frz|[msg]\n|move|p1b: Rillaboom|U-turn|p2a: Iron Hands\n|-resisted|p2a: Iron Hands\n|-damage|p2a: Iron Hands|97\/100\n|\n|t:|1700110423\n|switch|p1b: Salamence|Salamence, F, tera:Steel|100\/100|[from] U-turn\n|\n|-weather|Snow|[upkeep]\n|-heal|p2b: Ninetales|59\/100|[from] Grassy Terrain\n|-heal|p1a: Gholdengo|94\/100|[from] Grassy Terrain\n|-heal|p1a: Gholdengo|99\/100|[from] item: Leftovers\n|-heal|p2a: Iron Hands|100\/100|[from] Grassy Terrain\n|upkeep\n|turn|5\n|inactive|Kgooll543 has 120 seconds left.\n|\n|t:|1700110445\n|switch|p2b: Arcanine|Arcanine-Hisui, F|100\/100\n|-ability|p2b: Arcanine|Intimidate|boost\n|-unboost|p1a: Gholdengo|atk|1\n|-unboost|p1b: Salamence|atk|1\n|move|p1b: Salamence|Iron Head|p2b: Arcanine\n|-damage|p2b: Arcanine|75\/100\n|move|p1a: Gholdengo|Nasty Plot|p1a: Gholdengo\n|-boost|p1a: Gholdengo|spa|2\n|move|p2a: Iron Hands|Swords Dance|p2a: Iron Hands\n|-boost|p2a: Iron Hands|atk|2\n|\n|-weather|Snow|[upkeep]\n|-heal|p2b: Arcanine|81\/100|[from] Grassy Terrain\n|-heal|p1a: Gholdengo|100\/100|[from] Grassy Terrain\n|-fieldend|move: Grassy Terrain\n|upkeep\n|turn|6\n|inactive|Kgooll543 has 120 seconds left.\n|\n|t:|1700110472\n|move|p1b: Salamence|Iron Head|p2b: Arcanine\n|-damage|p2b: Arcanine|55\/100\n|move|p2b: Arcanine|Flare Blitz|p1a: Gholdengo\n|-supereffective|p1a: Gholdengo\n|-damage|p1a: Gholdengo|0 fnt\n|faint|p1a: Gholdengo\n|-damage|p2b: Arcanine|18\/100|[from] Recoil\n|move|p2a: Iron Hands|Drain Punch|p1b: Salamence\n|-supereffective|p1b: Salamence\n|-damage|p1b: Salamence|0 fnt\n|faint|p1b: Salamence\n|\n|-weather|none\n|upkeep\n|\n|t:|1700110489\n|switch|p1b: Armarouge|Armarouge, M|100\/100\n|switch|p1a: Iron Bundle|Iron Bundle|100\/100\n|turn|7\n|inactive|Kgooll543 has 120 seconds left.\n|\n|t:|1700110509\n|switch|p2b: Ninetales|Ninetales-Alola, F|59\/100\n|-weather|Snow|[from] ability: Snow Warning|[of] p2b: Ninetales\n|move|p1b: Armarouge|Endure|p1b: Armarouge\n|-singleturn|p1b: Armarouge|move: Endure\n|move|p1a: Iron Bundle|Flip Turn|p1b: Armarouge\n|-supereffective|p1b: Armarouge\n|-damage|p1b: Armarouge|70\/100\n|-ability|p1b: Armarouge|Weak Armor|boost\n|-unboost|p1b: Armarouge|def|1\n|-boost|p1b: Armarouge|spe|2\n|-enditem|p1b: Armarouge|Weakness Policy\n|-boost|p1b: Armarouge|atk|2|[from] item: Weakness Policy\n|-boost|p1b: Armarouge|spa|2|[from] item: Weakness Policy\n|\n|t:|1700110524\n|-end|p1a: Iron Bundle|Quark Drive|[silent]\n|switch|p1a: Rillaboom|Rillaboom, F|1\/100|[from] Flip Turn\n|-fieldstart|move: Grassy Terrain|[from] ability: Grassy Surge|[of] p1a: Rillaboom\n|move|p2a: Iron Hands|Drain Punch|p1a: Rillaboom\n|-damage|p1a: Rillaboom|0 fnt\n|faint|p1a: Rillaboom\n|\n|-weather|Snow|[upkeep]\n|-heal|p1b: Armarouge|76\/100|[from] Grassy Terrain\n|-heal|p2b: Ninetales|65\/100|[from] Grassy Terrain\n|upkeep\n|\n|t:|1700110538\n|switch|p1a: Landorus|Landorus-Therian, M|59\/100\n|-ability|p1a: Landorus|Intimidate|boost\n|-unboost|p2a: Iron Hands|atk|1\n|-unboost|p2b: Ninetales|atk|1\n|turn|8\n|\n|t:|1700110552\n|move|p1b: Armarouge|Heat Wave|p2a: Iron Hands|[spread] p2a\n|-miss|p1b: Armarouge|p2b: Ninetales\n|-damage|p2a: Iron Hands|63\/100\n|move|p1a: Landorus|Stomping Tantrum|p2a: Iron Hands\n|-supereffective|p2a: Iron Hands\n|-damage|p2a: Iron Hands|24\/100\n|move|p2b: Ninetales|Blizzard|p1a: Landorus|[spread] p1a,p1b\n|-supereffective|p1a: Landorus\n|-resisted|p1b: Armarouge\n|-damage|p1a: Landorus|0 fnt\n|-damage|p1b: Armarouge|56\/100\n|faint|p1a: Landorus\n|move|p2a: Iron Hands|Wild Charge|p1b: Armarouge\n|-damage|p1b: Armarouge|0 fnt\n|faint|p1b: Armarouge\n|-damage|p2a: Iron Hands|16\/100|[from] Recoil\n|\n|-weather|Snow|[upkeep]\n|-heal|p2b: Ninetales|71\/100|[from] Grassy Terrain\n|-heal|p2a: Iron Hands|22\/100|[from] Grassy Terrain\n|-heal|p2a: Iron Hands|28\/100|[from] item: Leftovers\n|upkeep\n|-message|Kgooll543 forfeited.\n|\n|win|sngm1104s\n|raw|Kgooll543's rating: 1239 &rarr; <strong>1211<\/strong><br \/>(-28 for losing)\n|raw|sngm1104s's rating: 1200 &rarr; <strong>1228<\/strong><br \/>(+28 for winning)\n|l|\u2606Kgooll543\n","uploadtime":1700110571,"views":11,"p1id":"kgooll543","p2id":"sngm1104s","formatid":"gen9doublesou","rating":1211,"private":0,"password":""}