{"id":"gen9doublesou-1969790465","p1":"Rungy","p2":"ASM Gen 3 Crusader","format":"[Gen 9] Doubles OU","log":"|j|\u2606Rungy\n|j|\u2606ASM Gen 3 Crusader\n|t:|1697565616\n|gametype|doubles\n|player|p1|Rungy|gambler|1135\n|player|p2|ASM Gen 3 Crusader|alder|1207\n|teamsize|p1|6\n|teamsize|p2|6\n|gen|9\n|tier|[Gen 9] Doubles OU\n|rated|\n|rule|Species Clause: Limit one of each Pok\u00e9mon\n|rule|OHKO Clause: OHKO moves are banned\n|rule|Evasion Moves Clause: Evasion moves are banned\n|rule|Gravity Sleep Clause: The combination of sleep-inducing moves with imperfect accuracy and Gravity or Gigantamax Orbeetle are banned\n|rule|Endless Battle Clause: Forcing endless battles is banned\n|rule|HP Percentage Mod: HP is shown in percentages\n|clearpoke\n|poke|p1|Weezing-Galar, F|\n|poke|p1|Eelektross, F|\n|poke|p1|Gastrodon-East, F|\n|poke|p1|Volcarona, F|\n|poke|p1|Sinistcha|\n|poke|p1|Farigiraf, F|\n|poke|p2|Ursaluna-Bloodmoon, M|\n|poke|p2|Ogerpon-Hearthflame, F|\n|poke|p2|Dragapult, M|\n|poke|p2|Dragonite, M|\n|poke|p2|Kingambit, M|\n|poke|p2|Clefairy, F|\n|teampreview\n|inactive|Battle timer is ON: inactive players will automatically lose when time's up. (requested by ASM Gen 3 Crusader)\n|c|\u2606Rungy|glhf!\n|c|\u2606ASM Gen 3 Crusader|Glhf\n|inactive|ASM Gen 3 Crusader has 120 seconds left.\n|\n|t:|1697565663\n|start\n|switch|p1a: Asthma|Weezing-Galar, F|100\/100\n|switch|p1b: Longfish|Eelektross, F|100\/100\n|switch|p2a: Dragonite|Dragonite, M|100\/100\n|switch|p2b: Clefairy|Clefairy, F|100\/100\n|-fieldstart|move: Misty Terrain|[from] ability: Misty Surge|[of] p1a: Asthma\n|turn|1\n|\n|t:|1697565683\n|-terastallize|p2a: Dragonite|Normal\n|move|p2a: Dragonite|Extreme Speed|p1b: Longfish\n|-damage|p1b: Longfish|9\/100\n|move|p2b: Clefairy|Follow Me|p2b: Clefairy\n|-singleturn|p2b: Clefairy|move: Follow Me\n|move|p1b: Longfish|Coil|p1b: Longfish\n|-boost|p1b: Longfish|atk|1\n|-boost|p1b: Longfish|def|1\n|-boost|p1b: Longfish|accuracy|1\n|move|p1a: Asthma|Strange Steam|p2b: Clefairy\n|-damage|p2b: Clefairy|74\/100\n|\n|upkeep\n|turn|2\n|\n|t:|1697565711\n|switch|p1b: KRATOM|Sinistcha|100\/100\n|move|p2a: Dragonite|Extreme Speed|p1b: KRATOM\n|-immune|p1b: KRATOM\n|move|p1a: Asthma|Shadow Ball|p2b: Clefairy\n|-damage|p2b: Clefairy|59\/100\n|move|p2b: Clefairy|Stealth Rock|p1b: KRATOM\n|-sidestart|p1: Rungy|move: Stealth Rock\n|\n|upkeep\n|turn|3\n|\n|t:|1697565727\n|switch|p1a: Reticulated|Farigiraf, F|100\/100\n|-damage|p1a: Reticulated|88\/100|[from] Stealth Rock\n|move|p2b: Clefairy|Protect|p2b: Clefairy\n|-singleturn|p2b: Clefairy|Protect\n|move|p2a: Dragonite|Extreme Speed||[still]\n|cant|p1a: Reticulated|ability: Armor Tail|Extreme Speed|[of] p2a: Dragonite\n|move|p1b: KRATOM|Strength Sap|p2a: Dragonite\n|-unboost|p2a: Dragonite|atk|1\n|\n|upkeep\n|turn|4\n|inactive|ASM Gen 3 Crusader has 120 seconds left.\n|\n|t:|1697565774\n|switch|p2a: Dragapult|Dragapult, M|100\/100\n|move|p2b: Clefairy|Follow Me|p2b: Clefairy\n|-singleturn|p2b: Clefairy|move: Follow Me\n|move|p1a: Reticulated|Dazzling Gleam|p2a: Dragapult|[spread] p2a,p2b\n|-supereffective|p2a: Dragapult\n|-damage|p2a: Dragapult|61\/100\n|-damage|p2b: Clefairy|46\/100\n|move|p1b: KRATOM|Matcha Gotcha|p2b: Clefairy|[spread] p2a,p2b\n|-resisted|p2a: Dragapult\n|-damage|p2a: Dragapult|44\/100\n|-damage|p2b: Clefairy|24\/100\n|\n|upkeep\n|turn|5\n|inactive|ASM Gen 3 Crusader has 120 seconds left.\n|\n|t:|1697565805\n|switch|p1b: Khan|Gastrodon-East, F|100\/100\n|-damage|p1b: Khan|94\/100|[from] Stealth Rock\n|move|p2b: Clefairy|Protect|p2b: Clefairy\n|-singleturn|p2b: Clefairy|Protect\n|move|p2a: Dragapult|Phantom Force||[still]\n|-prepare|p2a: Dragapult|Phantom Force\n|move|p1a: Reticulated|Dazzling Gleam|p2b: Clefairy|[spread] \n|-miss|p1a: Reticulated|p2a: Dragapult\n|-activate|p2b: Clefairy|move: Protect\n|\n|upkeep\n|turn|6\n|inactive|ASM Gen 3 Crusader has 120 seconds left.\n|\n|t:|1697565827\n|move|p2b: Clefairy|Follow Me|p2b: Clefairy\n|-singleturn|p2b: Clefairy|move: Follow Me\n|move|p2a: Dragapult|Phantom Force|p1b: Khan|[from]lockedmove\n|-damage|p1b: Khan|38\/100\n|move|p1a: Reticulated|Nasty Plot|p1a: Reticulated\n|-boost|p1a: Reticulated|spa|2\n|move|p1b: Khan|Sludge Bomb|p2b: Clefairy\n|-supereffective|p2b: Clefairy\n|-damage|p2b: Clefairy|0 fnt\n|faint|p2b: Clefairy\n|\n|upkeep\n|\n|t:|1697565848\n|switch|p2b: Kingambit|Kingambit, M|100\/100\n|-activate|p2b: Kingambit|ability: Supreme Overlord\n|-start|p2b: Kingambit|fallen1|[silent]\n|turn|7\n|\n|t:|1697565874\n|switch|p1a: KRATOM|Sinistcha|100\/100\n|-damage|p1a: KRATOM|88\/100|[from] Stealth Rock\n|-heal|p1b: Khan|63\/100|[from] ability: Hospitality|[of] p1a: KRATOM\n|move|p2b: Kingambit|Sucker Punch||[still]\n|-fail|p2b: Kingambit\n|move|p2a: Dragapult|Phantom Force||[still]\n|-prepare|p2a: Dragapult|Phantom Force\n|move|p1b: Khan|Earth Power|p2b: Kingambit\n|-supereffective|p2b: Kingambit\n|-damage|p2b: Kingambit|24\/100\n|\n|upkeep\n|turn|8\n|\n|t:|1697565893\n|switch|p1a: Reticulated|Farigiraf, F|88\/100\n|-damage|p1a: Reticulated|76\/100|[from] Stealth Rock\n|move|p2b: Kingambit|Sucker Punch||[still]\n|cant|p1a: Reticulated|ability: Armor Tail|Sucker Punch|[of] p2b: Kingambit\n|move|p2a: Dragapult|Phantom Force|p1b: Khan|[from]lockedmove\n|-damage|p1b: Khan|12\/100\n|move|p1b: Khan|Ice Beam|p2a: Dragapult\n|-supereffective|p2a: Dragapult\n|-damage|p2a: Dragapult|0 fnt\n|faint|p2a: Dragapult\n|\n|-fieldend|Misty Terrain\n|upkeep\n|inactive|ASM Gen 3 Crusader has 120 seconds left.\n|\n|t:|1697565917\n|switch|p2a: Dragonite|Dragonite, M, tera:Normal|100\/100\n|turn|9\n|\n|t:|1697565930\n|move|p1a: Reticulated|Hyper Voice|p2b: Kingambit|[spread] p2a,p2b\n|-resisted|p2b: Kingambit\n|-damage|p2a: Dragonite|87\/100\n|-damage|p2b: Kingambit|8\/100\n|-enditem|p1a: Reticulated|Throat Spray\n|-boost|p1a: Reticulated|spa|1|[from] item: Throat Spray\n|move|p2a: Dragonite|Ice Spinner|p1b: Khan\n|-damage|p1b: Khan|0 fnt\n|faint|p1b: Khan\n|move|p2b: Kingambit|Kowtow Cleave|p1a: Reticulated\n|-supereffective|p1a: Reticulated\n|-damage|p1a: Reticulated|0 fnt\n|faint|p1a: Reticulated\n|-damage|p2b: Kingambit|0 fnt|[from] item: Life Orb\n|faint|p2b: Kingambit\n|-end|p2b: Kingambit|fallen1|[silent]\n|\n|upkeep\n|\n|t:|1697565960\n|switch|p1a: Asthma|Weezing-Galar, F|100\/100\n|switch|p2b: Ogerpon|Ogerpon-Hearthflame, F|100\/100\n|switch|p1b: Calamity|Volcarona, F|100\/100\n|-damage|p1b: Calamity|51\/100|[from] Stealth Rock\n|-ability|p2b: Ogerpon|Mold Breaker\n|-damage|p1a: Asthma|88\/100|[from] Stealth Rock\n|-fieldstart|move: Misty Terrain|[from] ability: Misty Surge|[of] p1a: Asthma\n|turn|10\n|\n|t:|1697565980\n|switch|p2a: Bear|Ursaluna-Bloodmoon, M|100\/100\n|-terastallize|p1a: Asthma|Ghost\n|move|p1b: Calamity|Tailwind|p1b: Calamity\n|-sidestart|p1: Rungy|move: Tailwind\n|move|p2b: Ogerpon|Ivy Cudgel|p1a: Asthma\n|-damage|p1a: Asthma|35\/100\n|move|p1a: Asthma|Strange Steam|p2a: Bear\n|-damage|p2a: Bear|56\/100\n|\n|upkeep\n|turn|11\n|\n|t:|1697565998\n|switch|p1a: KRATOM|Sinistcha|88\/100\n|-damage|p1a: KRATOM|76\/100|[from] Stealth Rock\n|-heal|p1b: Calamity|75\/100|[from] ability: Hospitality|[of] p1a: KRATOM\n|move|p1b: Calamity|Giga Drain|p2a: Bear\n|-supereffective|p2a: Bear\n|-damage|p2a: Bear|0 fnt\n|-heal|p1b: Calamity|100\/100|[from] drain|[of] p2a: Bear\n|faint|p2a: Bear\n|move|p2b: Ogerpon|Knock Off|p1a: KRATOM\n|-supereffective|p1a: KRATOM\n|-damage|p1a: KRATOM|0 fnt\n|-enditem|p1a: KRATOM|Big Root|[from] move: Knock Off|[of] p2b: Ogerpon\n|faint|p1a: KRATOM\n|\n|upkeep\n|\n|t:|1697566014\n|switch|p1a: Longfish|Eelektross, F|9\/100\n|switch|p2a: Dragonite|Dragonite, M, tera:Normal|87\/100\n|-damage|p1a: Longfish|0 fnt|[from] Stealth Rock\n|faint|p1a: Longfish\n|\n|t:|1697566020\n|switch|p1a: Asthma|Weezing-Galar, F, tera:Ghost|35\/100\n|-damage|p1a: Asthma|23\/100|[from] Stealth Rock\n|turn|12\n|\n|t:|1697566035\n|move|p2a: Dragonite|Extreme Speed|p1b: Calamity\n|-damage|p1b: Calamity|0 fnt\n|faint|p1b: Calamity\n|move|p2b: Ogerpon|Knock Off|p1a: Asthma\n|-supereffective|p1a: Asthma\n|-damage|p1a: Asthma|0 fnt\n|-enditem|p1a: Asthma|Terrain Extender|[from] move: Knock Off|[of] p2b: Ogerpon\n|faint|p1a: Asthma\n|\n|win|ASM Gen 3 Crusader\n|raw|Rungy's rating: 1135 &rarr; <strong>1115<\/strong><br \/>(-20 for losing)\n|raw|ASM Gen 3 Crusader's rating: 1207 &rarr; <strong>1227<\/strong><br \/>(+20 for winning)\n|c|\u2606Rungy|gg\n|c|\u2606ASM Gen 3 Crusader|GG\n","uploadtime":1697566051,"views":15,"p1id":"rungy","p2id":"asmgen3crusader","formatid":"gen9doublesou","rating":1115,"private":0,"password":""}