{"id":"gen9doublesou-1977737210","p1":"ChunkFilipi","p2":"RogueLax","format":"[Gen 9] Doubles OU","log":"|j|\u2606ChunkFilipi\n|j|\u2606RogueLax\n|t:|1698443788\n|gametype|doubles\n|player|p1|ChunkFilipi|101|1376\n|player|p2|RogueLax|pokemaniac|1462\n|teamsize|p1|6\n|teamsize|p2|6\n|gen|9\n|tier|[Gen 9] Doubles OU\n|rated|\n|rule|Species Clause: Limit one of each Pok\u00e9mon\n|rule|OHKO Clause: OHKO moves are banned\n|rule|Evasion Moves Clause: Evasion moves are banned\n|rule|Gravity Sleep Clause: The combination of sleep-inducing moves with imperfect accuracy and Gravity or Gigantamax Orbeetle are banned\n|rule|Endless Battle Clause: Forcing endless battles is banned\n|rule|HP Percentage Mod: HP is shown in percentages\n|clearpoke\n|poke|p1|Garganacl, M|\n|poke|p1|Gliscor, F|\n|poke|p1|Iron Hands|\n|poke|p1|Toxapex, F|\n|poke|p1|Sinistcha|\n|poke|p1|Slowbro, M|\n|poke|p2|Iron Hands|\n|poke|p2|Slowking-Galar, F|\n|poke|p2|Ogerpon-Wellspring, F|\n|poke|p2|Tornadus, M|\n|poke|p2|Gholdengo|\n|poke|p2|Landorus-Therian, M|\n|teampreview\n|inactive|Battle timer is ON: inactive players will automatically lose when time's up. (requested by RogueLax)\n|\n|t:|1698443802\n|start\n|switch|p1a: Garganacl|Garganacl, M|100\/100\n|switch|p1b: Toxapex|Toxapex, F|100\/100\n|switch|p2a: Tornadus|Tornadus, M, shiny|100\/100\n|switch|p2b: Landorus|Landorus-Therian, M|100\/100\n|-ability|p2b: Landorus|Intimidate|boost\n|-unboost|p1a: Garganacl|atk|1\n|-unboost|p1b: Toxapex|atk|1\n|turn|1\n|\n|t:|1698443817\n|-terastallize|p1a: Garganacl|Poison\n|move|p2a: Tornadus|Tailwind|p2a: Tornadus\n|-sidestart|p2: RogueLax|move: Tailwind\n|move|p2b: Landorus|Earthquake|p1b: Toxapex|[spread] p1a,p1b\n|-immune|p2a: Tornadus\n|-supereffective|p1a: Garganacl\n|-supereffective|p1b: Toxapex\n|-damage|p1a: Garganacl|44\/100\n|-damage|p1b: Toxapex|30\/100\n|move|p1b: Toxapex|Toxic Spikes|p2a: Tornadus\n|-sidestart|p2: RogueLax|move: Toxic Spikes\n|move|p1a: Garganacl|Salt Cure|p2b: Landorus\n|-damage|p2b: Landorus|92\/100\n|-start|p2b: Landorus|Salt Cure\n|\n|-heal|p1a: Garganacl|50\/100|[from] item: Leftovers\n|-heal|p1b: Toxapex|36\/100|[from] item: Black Sludge\n|-damage|p2b: Landorus|79\/100|[from] Salt Cure\n|upkeep\n|turn|2\n|\n|t:|1698443838\n|switch|p1b: Gliscor|Gliscor, F|100\/100\n|switch|p1a: Sinistcha|Sinistcha|100\/100\n|move|p2a: Tornadus|Rain Dance|p2a: Tornadus\n|-weather|RainDance\n|move|p2b: Landorus|Earthquake|p1a: Sinistcha|[spread] p1a\n|-immune|p2a: Tornadus\n|-immune|p1b: Gliscor\n|-resisted|p1a: Sinistcha\n|-damage|p1a: Sinistcha|84\/100\n|\n|-weather|RainDance|[upkeep]\n|-heal|p1a: Sinistcha|90\/100|[from] item: Leftovers\n|-damage|p2b: Landorus|67\/100|[from] Salt Cure\n|-status|p1b: Gliscor|tox|[from] item: Toxic Orb\n|upkeep\n|turn|3\n|\n|t:|1698443866\n|move|p1a: Sinistcha|Protect|p1a: Sinistcha\n|-singleturn|p1a: Sinistcha|Protect\n|move|p2a: Tornadus|Bleakwind Storm|p1b: Gliscor|[spread] p1b\n|-activate|p1a: Sinistcha|move: Protect\n|-damage|p1b: Gliscor|50\/100 tox\n|move|p2b: Landorus|Rock Slide|p1a: Sinistcha|[spread] p1b\n|-activate|p1a: Sinistcha|move: Protect\n|-damage|p1b: Gliscor|35\/100 tox\n|move|p1b: Gliscor|Toxic Spikes|p2a: Tornadus\n|-sidestart|p2: RogueLax|move: Toxic Spikes\n|\n|-weather|RainDance|[upkeep]\n|-heal|p1a: Sinistcha|96\/100|[from] item: Leftovers\n|-heal|p1b: Gliscor|48\/100 tox|[from] ability: Poison Heal\n|-damage|p2b: Landorus|55\/100|[from] Salt Cure\n|upkeep\n|turn|4\n|\n|t:|1698443888\n|switch|p1a: Iron Hands|Iron Hands|100\/100\n|move|p1b: Gliscor|Protect|p1b: Gliscor\n|-singleturn|p1b: Gliscor|Protect\n|move|p2a: Tornadus|Bleakwind Storm|p1b: Gliscor|[spread] p1a\n|-activate|p1b: Gliscor|move: Protect\n|-damage|p1a: Iron Hands|75\/100\n|move|p2b: Landorus|Rock Slide|p1a: Iron Hands|[spread] p1a\n|-activate|p1b: Gliscor|move: Protect\n|-resisted|p1a: Iron Hands\n|-damage|p1a: Iron Hands|67\/100\n|\n|-weather|RainDance|[upkeep]\n|-heal|p1b: Gliscor|60\/100 tox|[from] ability: Poison Heal\n|-damage|p2b: Landorus|43\/100|[from] Salt Cure\n|-sideend|p2: RogueLax|move: Tailwind\n|upkeep\n|turn|5\n|\n|t:|1698443909\n|move|p1a: Iron Hands|Fake Out|p2b: Landorus\n|-damage|p2b: Landorus|28\/100\n|move|p2a: Tornadus|Tailwind|p2a: Tornadus\n|-sidestart|p2: RogueLax|move: Tailwind\n|cant|p2b: Landorus|flinch\n|move|p1b: Gliscor|Knock Off|p2a: Tornadus\n|-damage|p2a: Tornadus|75\/100\n|-enditem|p2a: Tornadus|Damp Rock|[from] move: Knock Off|[of] p1b: Gliscor\n|\n|-weather|RainDance|[upkeep]\n|-heal|p1b: Gliscor|73\/100 tox|[from] ability: Poison Heal\n|-damage|p2b: Landorus|16\/100|[from] Salt Cure\n|upkeep\n|turn|6\n|\n|t:|1698443934\n|-end|p1a: Iron Hands|Quark Drive|[silent]\n|switch|p1a: Sinistcha|Sinistcha|96\/100\n|-heal|p1b: Gliscor|97\/100 tox|[from] ability: Hospitality|[of] p1a: Sinistcha\n|move|p2a: Tornadus|Bleakwind Storm|p1b: Gliscor|[spread] p1a,p1b\n|-supereffective|p1a: Sinistcha\n|-damage|p1a: Sinistcha|0 fnt\n|-damage|p1b: Gliscor|47\/100 tox\n|-unboost|p1b: Gliscor|spe|1\n|faint|p1a: Sinistcha\n|move|p2b: Landorus|Earthquake|p1b: Gliscor|[spread] \n|-immune|p2a: Tornadus\n|-immune|p1b: Gliscor\n|move|p1b: Gliscor|Knock Off|p2b: Landorus\n|-damage|p2b: Landorus|0 fnt\n|-enditem|p2b: Landorus|Assault Vest|[from] move: Knock Off|[of] p1b: Gliscor\n|faint|p2b: Landorus\n|\n|-weather|RainDance|[upkeep]\n|-heal|p1b: Gliscor|60\/100 tox|[from] ability: Poison Heal\n|upkeep\n|\n|t:|1698443953\n|switch|p2b: Slowking|Slowking-Galar, F|100\/100\n|switch|p1a: Iron Hands|Iron Hands|67\/100\n|-sideend|p2: RogueLax|move: Toxic Spikes|[of] p2b: Slowking\n|turn|7\n|\n|t:|1698443970\n|switch|p2a: Gholdengo|Gholdengo|100\/100\n|move|p1b: Gliscor|Protect|p1b: Gliscor\n|-singleturn|p1b: Gliscor|Protect\n|move|p2b: Slowking|Chilling Water|p1b: Gliscor\n|-activate|p1b: Gliscor|move: Protect\n|move|p1a: Iron Hands|Thunder Punch|p2a: Gholdengo\n|-damage|p2a: Gholdengo|57\/100\n|\n|-weather|RainDance|[upkeep]\n|-heal|p1b: Gliscor|72\/100 tox|[from] ability: Poison Heal\n|upkeep\n|turn|8\n|\n|t:|1698443992\n|switch|p1b: Toxapex|Toxapex, F|69\/100\n|move|p2a: Gholdengo|Dazzling Gleam|p1b: Toxapex|[spread] p1a,p1b\n|-supereffective|p1a: Iron Hands\n|-resisted|p1b: Toxapex\n|-damage|p1a: Iron Hands|23\/100\n|-damage|p1b: Toxapex|57\/100\n|move|p2b: Slowking|Chilling Water|p1b: Toxapex\n|-resisted|p1b: Toxapex\n|-damage|p1b: Toxapex|48\/100\n|-unboost|p1b: Toxapex|atk|1\n|move|p1a: Iron Hands|Wild Charge|p2a: Gholdengo\n|-damage|p2a: Gholdengo|3\/100\n|-damage|p1a: Iron Hands|15\/100|[from] Recoil\n|\n|-weather|RainDance|[upkeep]\n|-heal|p1b: Toxapex|54\/100|[from] item: Black Sludge\n|-sideend|p2: RogueLax|move: Tailwind\n|upkeep\n|turn|9\n|inactive|ChunkFilipi has 120 seconds left.\n|\n|t:|1698444037\n|move|p2a: Gholdengo|Dazzling Gleam|p1a: Iron Hands|[spread] p1a,p1b\n|-supereffective|p1a: Iron Hands\n|-resisted|p1b: Toxapex\n|-damage|p1a: Iron Hands|0 fnt\n|-damage|p1b: Toxapex|42\/100\n|faint|p1a: Iron Hands\n|-end|p1a: Iron Hands|Quark Drive|[silent]\n|move|p1b: Toxapex|Lunge|p2a: Gholdengo\n|-resisted|p2a: Gholdengo\n|-damage|p2a: Gholdengo|1\/100\n|-unboost|p2a: Gholdengo|atk|1\n|move|p2b: Slowking|Psychic|p1b: Toxapex\n|-supereffective|p1b: Toxapex\n|-damage|p1b: Toxapex|0 fnt\n|faint|p1b: Toxapex\n|\n|-weather|none\n|upkeep\n|-message|ChunkFilipi forfeited.\n|\n|win|RogueLax\n|raw|ChunkFilipi's rating: 1376 &rarr; <strong>1361<\/strong><br \/>(-15 for losing)\n|raw|RogueLax's rating: 1462 &rarr; <strong>1477<\/strong><br \/>(+15 for winning)\n","uploadtime":1698444053,"views":22,"p1id":"chunkfilipi","p2id":"roguelax","formatid":"gen9doublesou","rating":1361,"private":0,"password":""}