{"id":"gen9doublesou-1999843260","p1":"Queenmodine16","p2":"silverhawkhiba123","format":"[Gen 9] Doubles OU","log":"|j|\u2606Queenmodine16\n|j|\u203dsilverhawkhiba123\n|t:|1701121954\n|gametype|doubles\n|player|p1|Queenmodine16|266|1076\n|player|p2|silverhawkhiba123|cynthia|1000\n|teamsize|p1|6\n|teamsize|p2|6\n|gen|9\n|tier|[Gen 9] Doubles OU\n|rated|\n|rule|Species Clause: Limit one of each Pok\u00e9mon\n|rule|OHKO Clause: OHKO moves are banned\n|rule|Evasion Moves Clause: Evasion moves are banned\n|rule|Gravity Sleep Clause: The combination of sleep-inducing moves with imperfect accuracy and Gravity or Gigantamax Orbeetle are banned\n|rule|Endless Battle Clause: Forcing endless battles is banned\n|rule|HP Percentage Mod: HP is shown in percentages\n|clearpoke\n|poke|p1|Gliscor, M|\n|poke|p1|Hariyama, M|\n|poke|p1|Dragapult, M|\n|poke|p1|Gyarados, M|\n|poke|p1|Grimmsnarl, M|\n|poke|p1|Ludicolo, M|\n|poke|p2|Armarouge, M|\n|poke|p2|Indeedee-F, F|\n|poke|p2|Meowscarada, M|\n|poke|p2|Gholdengo|\n|poke|p2|Great Tusk|\n|poke|p2|Tornadus, M|\n|teampreview\n|\n|t:|1701121970\n|start\n|switch|p1a: Ludicolo|Ludicolo, M|100\/100\n|switch|p1b: Grimmsnarl|Grimmsnarl, M|100\/100\n|switch|p2a: Armarouge|Armarouge, M|100\/100\n|switch|p2b: Indeedee|Indeedee-F, F|100\/100\n|-fieldstart|move: Psychic Terrain|[from] ability: Psychic Surge|[of] p2b: Indeedee\n|-enditem|p2b: Indeedee|Psychic Seed\n|-boost|p2b: Indeedee|spd|1|[from] item: Psychic Seed\n|turn|1\n|c|\u2606Queenmodine16|Oh great, this strat\n|\n|t:|1701121989\n|move|p1b: Grimmsnarl|Fake Out|p2a: Armarouge\n|-activate|p2a: Armarouge|move: Psychic Terrain\n|move|p2b: Indeedee|Follow Me|p2b: Indeedee\n|-singleturn|p2b: Indeedee|move: Follow Me\n|move|p1a: Ludicolo|Hydro Pump|p2b: Indeedee|[miss]\n|-miss|p1a: Ludicolo|p2b: Indeedee\n|move|p2a: Armarouge|Trick Room|p2a: Armarouge\n|-fieldstart|move: Trick Room|[of] p2a: Armarouge\n|\n|upkeep\n|turn|2\n|\n|t:|1701122006\n|move|p2a: Armarouge|Wide Guard|p2a: Armarouge\n|-singleturn|p2a: Armarouge|Wide Guard\n|move|p1b: Grimmsnarl|Bulk Up|p1b: Grimmsnarl\n|-boost|p1b: Grimmsnarl|atk|1\n|-boost|p1b: Grimmsnarl|def|1\n|move|p1a: Ludicolo|Hydro Pump|p2a: Armarouge|[miss]\n|-miss|p1a: Ludicolo|p2a: Armarouge\n|move|p2b: Indeedee|Dazzling Gleam|p1b: Grimmsnarl|[spread] p1a,p1b\n|-supereffective|p1b: Grimmsnarl\n|-damage|p1a: Ludicolo|91\/100\n|-damage|p1b: Grimmsnarl|72\/100\n|\n|upkeep\n|turn|3\n|\n|t:|1701122025\n|-terastallize|p2a: Armarouge|Grass\n|move|p1b: Grimmsnarl|False Surrender|p2a: Armarouge\n|-damage|p2a: Armarouge|46\/100\n|move|p1a: Ludicolo|Hydro Pump|p2a: Armarouge\n|-resisted|p2a: Armarouge\n|-damage|p2a: Armarouge|17\/100\n|move|p2a: Armarouge|Armor Cannon|p1a: Ludicolo\n|-damage|p1a: Ludicolo|29\/100\n|-unboost|p2a: Armarouge|def|1\n|-unboost|p2a: Armarouge|spd|1\n|-damage|p2a: Armarouge|7\/100|[from] item: Life Orb\n|move|p2b: Indeedee|Dazzling Gleam|p1a: Ludicolo|[spread] p1a,p1b\n|-supereffective|p1b: Grimmsnarl\n|-crit|p1b: Grimmsnarl\n|-damage|p1a: Ludicolo|20\/100\n|-damage|p1b: Grimmsnarl|25\/100\n|\n|upkeep\n|turn|4\n|\n|t:|1701122046\n|move|p2b: Indeedee|Protect|p2b: Indeedee\n|-singleturn|p2b: Indeedee|Protect\n|move|p1b: Grimmsnarl|Drain Punch|p2a: Armarouge\n|-damage|p2a: Armarouge|0 fnt\n|-heal|p1b: Grimmsnarl|28\/100|[from] drain|[of] p2a: Armarouge\n|faint|p2a: Armarouge\n|move|p1a: Ludicolo|Ice Beam|p2b: Indeedee\n|-activate|p2b: Indeedee|move: Protect\n|\n|upkeep\n|\n|t:|1701122057\n|switch|p2a: Meowscarada|Meowscarada, M|100\/100\n|turn|5\n|\n|t:|1701122065\n|move|p2a: Meowscarada|Sucker Punch|p1a: Ludicolo\n|-activate|p1a: Ludicolo|move: Psychic Terrain\n|move|p1b: Grimmsnarl|Drain Punch|p2a: Meowscarada\n|-supereffective|p2a: Meowscarada\n|-damage|p2a: Meowscarada|0 fnt\n|-heal|p1b: Grimmsnarl|66\/100|[from] drain|[of] p2a: Meowscarada\n|faint|p2a: Meowscarada\n|move|p1a: Ludicolo|Ice Beam|p2b: Indeedee\n|-damage|p2b: Indeedee|87\/100\n|move|p2b: Indeedee|Dazzling Gleam|p1a: Ludicolo|[spread] p1a,p1b\n|-crit|p1a: Ludicolo\n|-supereffective|p1b: Grimmsnarl\n|-damage|p1a: Ludicolo|5\/100\n|-damage|p1b: Grimmsnarl|35\/100\n|\n|-fieldend|move: Trick Room\n|-fieldend|move: Psychic Terrain\n|upkeep\n|\n|t:|1701122080\n|switch|p2a: Gholdengo|Gholdengo|100\/100\n|turn|6\n|\n|t:|1701122089\n|move|p2b: Indeedee|Follow Me|p2b: Indeedee\n|-singleturn|p2b: Indeedee|move: Follow Me\n|move|p2a: Gholdengo|Nasty Plot|p2a: Gholdengo\n|-boost|p2a: Gholdengo|spa|2\n|move|p1a: Ludicolo|Giga Drain|p2b: Indeedee\n|-damage|p2b: Indeedee|72\/100\n|-heal|p1a: Ludicolo|13\/100|[from] drain|[of] p2b: Indeedee\n|move|p1b: Grimmsnarl|False Surrender|p2b: Indeedee\n|-supereffective|p2b: Indeedee\n|-damage|p2b: Indeedee|0 fnt\n|faint|p2b: Indeedee\n|\n|upkeep\n|\n|t:|1701122100\n|switch|p2b: Tornadus|Tornadus, M|100\/100\n|turn|7\n|\n|t:|1701122110\n|move|p2b: Tornadus|Tailwind|p2b: Tornadus\n|-sidestart|p2: silverhawkhiba123|move: Tailwind\n|move|p2a: Gholdengo|Make It Rain|p1a: Ludicolo|[spread] p1a,p1b\n|-resisted|p1a: Ludicolo\n|-supereffective|p1b: Grimmsnarl\n|-damage|p1a: Ludicolo|0 fnt\n|-damage|p1b: Grimmsnarl|0 fnt\n|-unboost|p2a: Gholdengo|spa|1\n|faint|p1a: Ludicolo\n|faint|p1b: Grimmsnarl\n|\n|upkeep\n|\n|t:|1701122120\n|switch|p1a: Hariyama|Hariyama, M|100\/100\n|switch|p1b: Dragapult|Dragapult, M|100\/100\n|turn|8\n|\n|t:|1701122145\n|move|p1a: Hariyama|Fake Out|p2b: Tornadus\n|-damage|p2b: Tornadus|81\/100\n|move|p2a: Gholdengo|Make It Rain|p1b: Dragapult|[spread] p1a,p1b\n|-damage|p1a: Hariyama|18\/100\n|-damage|p1b: Dragapult|23\/100\n|-unboost|p2a: Gholdengo|spa|1\n|move|p2b: Tornadus|Bleakwind Storm|p1b: Dragapult|[spread] p1a,p1b\n|-supereffective|p1a: Hariyama\n|-damage|p1a: Hariyama|0 fnt\n|-damage|p1b: Dragapult|0 fnt\n|faint|p1a: Hariyama\n|faint|p1b: Dragapult\n|\n|upkeep\n|\n|t:|1701122159\n|switch|p1b: Gliscor|Gliscor, M|100\/100\n|switch|p1a: Gyarados|Gyarados, M|100\/100\n|turn|9\n|\n|t:|1701122169\n|move|p1b: Gliscor|Protect|p1b: Gliscor\n|-singleturn|p1b: Gliscor|Protect\n|move|p2a: Gholdengo|Make It Rain|p1b: Gliscor|[spread] p1a\n|-activate|p1b: Gliscor|move: Protect\n|-resisted|p1a: Gyarados\n|-damage|p1a: Gyarados|69\/100\n|-unboost|p2a: Gholdengo|spa|1\n|move|p2b: Tornadus|Bleakwind Storm|p1b: Gliscor|[spread] \n|-activate|p1b: Gliscor|move: Protect\n|-miss|p2b: Tornadus|p1a: Gyarados\n|move|p1a: Gyarados|Waterfall|p2b: Tornadus\n|-damage|p2b: Tornadus|28\/100\n|\n|-status|p1b: Gliscor|tox|[from] item: Toxic Orb\n|upkeep\n|turn|10\n|\n|t:|1701122196\n|move|p2a: Gholdengo|Shadow Ball|p1a: Gyarados\n|-damage|p1a: Gyarados|37\/100\n|move|p2b: Tornadus|Bleakwind Storm|p1b: Gliscor|[spread] p1a,p1b\n|-crit|p1a: Gyarados\n|-damage|p1a: Gyarados|0 fnt\n|-damage|p1b: Gliscor|68\/100 tox\n|-unboost|p1b: Gliscor|spe|1\n|faint|p1a: Gyarados\n|move|p1b: Gliscor|Earthquake|p2b: Tornadus|[spread] p2a\n|-immune|p2b: Tornadus\n|-supereffective|p2a: Gholdengo\n|-damage|p2a: Gholdengo|33\/100\n|\n|-heal|p1b: Gliscor|81\/100 tox|[from] ability: Poison Heal\n|-sideend|p2: silverhawkhiba123|move: Tailwind\n|upkeep\n|turn|11\n|\n|t:|1701122218\n|move|p2a: Gholdengo|Make It Rain|p1b: Gliscor\n|-damage|p1b: Gliscor|27\/100 tox\n|-unboost|p2a: Gholdengo|spa|1\n|move|p2b: Tornadus|Bleakwind Storm|p1b: Gliscor\n|-damage|p1b: Gliscor|0 fnt\n|faint|p1b: Gliscor\n|\n|win|silverhawkhiba123\n|raw|Queenmodine16's rating: 1076 &rarr; <strong>1050<\/strong><br \/>(-26 for losing)\n|raw|silverhawkhiba123's rating: 1000 &rarr; <strong>1049<\/strong><br \/>(+49 for winning)\n|l|\u2606Queenmodine16\n","uploadtime":1701122231,"views":14,"p1id":"queenmodine16","p2id":"silverhawkhiba123","formatid":"gen9doublesou","rating":1049,"private":0,"password":""}