{"id":"gen9doublesou-1970716260","p1":"pjc93","p2":"Ravvenn98","format":"[Gen 9] Doubles OU","log":"|j|\u2606pjc93\n|j|\u2606Ravvenn98\n|t:|1697660683\n|gametype|doubles\n|player|p1|pjc93|170|1239\n|player|p2|Ravvenn98|steven|1169\n|teamsize|p1|6\n|teamsize|p2|6\n|gen|9\n|tier|[Gen 9] Doubles OU\n|rated|\n|rule|Species Clause: Limit one of each Pok\u00e9mon\n|rule|OHKO Clause: OHKO moves are banned\n|rule|Evasion Moves Clause: Evasion moves are banned\n|rule|Gravity Sleep Clause: The combination of sleep-inducing moves with imperfect accuracy and Gravity or Gigantamax Orbeetle are banned\n|rule|Endless Battle Clause: Forcing endless battles is banned\n|rule|HP Percentage Mod: HP is shown in percentages\n|clearpoke\n|poke|p1|Ursaluna-Bloodmoon, M|\n|poke|p1|Sinistcha|\n|poke|p1|Tornadus, M|\n|poke|p1|Chi-Yu|\n|poke|p1|Walking Wake|\n|poke|p1|Torkoal, M|\n|poke|p2|Gholdengo|\n|poke|p2|Quagsire, F|\n|poke|p2|Dipplin, M|\n|poke|p2|Tornadus, M|\n|poke|p2|Chien-Pao|\n|poke|p2|Volcanion|\n|teampreview\n|\n|t:|1697660717\n|start\n|switch|p1a: Walking Wake|Walking Wake|100\/100\n|switch|p1b: Tornadus|Tornadus, M|100\/100\n|switch|p2a: Quagsire|Quagsire, F|100\/100\n|switch|p2b: Tornadus|Tornadus, M|100\/100\n|turn|1\n|\n|t:|1697660746\n|move|p1b: Tornadus|Sunny Day|p1b: Tornadus\n|-weather|SunnyDay\n|-activate|p1a: Walking Wake|ability: Protosynthesis\n|-start|p1a: Walking Wake|protosynthesisspa\n|move|p2b: Tornadus|Swagger|p2a: Quagsire\n|-boost|p2a: Quagsire|atk|2\n|-start|p2a: Quagsire|confusion\n|-enditem|p2a: Quagsire|Lum Berry|[eat]\n|-end|p2a: Quagsire|confusion\n|move|p1a: Walking Wake|Draco Meteor|p2a: Quagsire\n|-damage|p2a: Quagsire|0 fnt\n|-unboost|p1a: Walking Wake|spa|2\n|faint|p2a: Quagsire\n|\n|-weather|SunnyDay|[upkeep]\n|upkeep\n|\n|t:|1697660762\n|switch|p2a: Dipplin|Dipplin, M|100\/100\n|-ability|p2a: Dipplin|Supersweet Syrup\n|-ability|p2a: Dipplin|Supersweet Syrup|boost\n|-unboost|p1a: Walking Wake|evasion|1\n|-unboost|p1b: Tornadus|evasion|1\n|turn|2\n|\n|t:|1697660777\n|-end|p1a: Walking Wake|Protosynthesis|[silent]\n|switch|p1a: Ursaluna|Ursaluna-Bloodmoon, M|100\/100\n|move|p1b: Tornadus|Tailwind|p1b: Tornadus\n|-sidestart|p1: pjc93|move: Tailwind\n|move|p2b: Tornadus|Bleakwind Storm|p1a: Ursaluna|[spread] p1a,p1b\n|-damage|p1a: Ursaluna|75\/100\n|-damage|p1b: Tornadus|68\/100\n|move|p2a: Dipplin|Dragon Pulse|p1a: Ursaluna\n|-damage|p1a: Ursaluna|45\/100\n|\n|-weather|SunnyDay|[upkeep]\n|upkeep\n|turn|3\n|\n|t:|1697660798\n|move|p1b: Tornadus|Icy Wind|p2a: Dipplin|[spread] p2a,p2b\n|-supereffective|p2a: Dipplin\n|-supereffective|p2b: Tornadus\n|-damage|p2a: Dipplin|70\/100\n|-damage|p2b: Tornadus|80\/100\n|-unboost|p2a: Dipplin|spe|1\n|-unboost|p2b: Tornadus|spe|1\n|-enditem|p2b: Tornadus|Eject Button\n|\n|t:|1697660808\n|switch|p2b: Gholdengo|Gholdengo|100\/100\n|move|p1a: Ursaluna|Blood Moon|p2b: Gholdengo\n|-resisted|p2b: Gholdengo\n|-damage|p2b: Gholdengo|50\/100\n|move|p2a: Dipplin|Giga Drain|p1a: Ursaluna\n|-supereffective|p1a: Ursaluna\n|-damage|p1a: Ursaluna|0 fnt\n|-heal|p2a: Dipplin|96\/100|[from] drain|[of] p1a: Ursaluna\n|faint|p1a: Ursaluna\n|\n|-weather|SunnyDay|[upkeep]\n|-heal|p2b: Gholdengo|56\/100|[from] item: Leftovers\n|upkeep\n|\n|t:|1697660823\n|switch|p1a: Walking Wake|Walking Wake|100\/100\n|-activate|p1a: Walking Wake|ability: Protosynthesis\n|-start|p1a: Walking Wake|protosynthesisspa\n|turn|4\n|\n|t:|1697660841\n|-terastallize|p2a: Dipplin|Grass\n|move|p1a: Walking Wake|Flamethrower|p2b: Gholdengo\n|-supereffective|p2b: Gholdengo\n|-damage|p2b: Gholdengo|0 fnt\n|faint|p2b: Gholdengo\n|move|p1b: Tornadus|Icy Wind|p2a: Dipplin\n|-supereffective|p2a: Dipplin\n|-damage|p2a: Dipplin|75\/100\n|-unboost|p2a: Dipplin|spe|1\n|move|p2a: Dipplin|Dragon Pulse|p1a: Walking Wake\n|-supereffective|p1a: Walking Wake\n|-damage|p1a: Walking Wake|40\/100\n|\n|-weather|SunnyDay|[upkeep]\n|upkeep\n|\n|t:|1697660854\n|switch|p2b: Tornadus|Tornadus, M|80\/100\n|turn|5\n|\n|t:|1697660873\n|move|p1a: Walking Wake|Draco Meteor|p2b: Tornadus\n|-damage|p2b: Tornadus|0 fnt\n|-unboost|p1a: Walking Wake|spa|2\n|faint|p2b: Tornadus\n|move|p1b: Tornadus|Icy Wind|p2a: Dipplin\n|-supereffective|p2a: Dipplin\n|-damage|p2a: Dipplin|56\/100\n|-unboost|p2a: Dipplin|spe|1\n|move|p2a: Dipplin|Dragon Pulse|p1a: Walking Wake\n|-supereffective|p1a: Walking Wake\n|-damage|p1a: Walking Wake|0 fnt\n|faint|p1a: Walking Wake\n|-end|p1a: Walking Wake|Protosynthesis|[silent]\n|\n|-weather|none\n|-sideend|p1: pjc93|move: Tailwind\n|upkeep\n|\n|t:|1697660892\n|switch|p1a: Chi-Yu|Chi-Yu|100\/100\n|switch|p2b: Chien-Pao|Chien-Pao|100\/100\n|-ability|p2b: Chien-Pao|Sword of Ruin\n|-ability|p1a: Chi-Yu|Beads of Ruin\n|turn|6\n|\n|t:|1697660904\n|switch|p2a: Volcanion|Volcanion|100\/100\n|-terastallize|p1a: Chi-Yu|Fire\n|move|p1b: Tornadus|Tailwind|p1b: Tornadus\n|-sidestart|p1: pjc93|move: Tailwind\n|move|p1a: Chi-Yu|Heat Wave|p2b: Chien-Pao|[spread] p2a,p2b\n|-resisted|p2a: Volcanion\n|-supereffective|p2b: Chien-Pao\n|-damage|p2a: Volcanion|85\/100\n|-enditem|p2b: Chien-Pao|Focus Sash\n|-damage|p2b: Chien-Pao|1\/100\n|move|p2b: Chien-Pao|Icicle Crash|p1b: Tornadus\n|-supereffective|p1b: Tornadus\n|-damage|p1b: Tornadus|0 fnt\n|faint|p1b: Tornadus\n|\n|upkeep\n|\n|t:|1697660923\n|switch|p1b: Torkoal|Torkoal, M|100\/100\n|-weather|SunnyDay|[from] ability: Drought|[of] p1b: Torkoal\n|turn|7\n|\n|t:|1697660940\n|move|p2b: Chien-Pao|Sucker Punch|p1a: Chi-Yu\n|-damage|p1a: Chi-Yu|20\/100\n|move|p1a: Chi-Yu|Heat Wave|p2a: Volcanion|[spread] p2a\n|-miss|p1a: Chi-Yu|p2b: Chien-Pao\n|-resisted|p2a: Volcanion\n|-damage|p2a: Volcanion|57\/100\n|move|p2a: Volcanion|Hydro Pump|p1a: Chi-Yu\n|-supereffective|p1a: Chi-Yu\n|-damage|p1a: Chi-Yu|0 fnt\n|faint|p1a: Chi-Yu\n|move|p1b: Torkoal|Stealth Rock|p2b: Chien-Pao\n|-sidestart|p2: Ravvenn98|move: Stealth Rock\n|\n|-weather|SunnyDay|[upkeep]\n|upkeep\n|\n|t:|1697660955\n|switch|p1a: Sinistcha|Sinistcha|100\/100\n|turn|8\n|\n|t:|1697660967\n|move|p1a: Sinistcha|Nasty Plot|p1a: Sinistcha\n|-boost|p1a: Sinistcha|spa|2\n|move|p2b: Chien-Pao|Acrobatics|p1a: Sinistcha\n|-supereffective|p1a: Sinistcha\n|-damage|p1a: Sinistcha|0 fnt\n|faint|p1a: Sinistcha\n|move|p2a: Volcanion|Hydro Pump|p1b: Torkoal\n|-supereffective|p1b: Torkoal\n|-damage|p1b: Torkoal|43\/100\n|move|p1b: Torkoal|Rapid Spin|p2b: Chien-Pao\n|-damage|p2b: Chien-Pao|0 fnt\n|-boost|p1b: Torkoal|spe|1\n|faint|p2b: Chien-Pao\n|\n|-weather|SunnyDay|[upkeep]\n|upkeep\n|\n|t:|1697660978\n|switch|p2b: Dipplin|Dipplin, M, tera:Grass|56\/100\n|-damage|p2b: Dipplin|44\/100|[from] Stealth Rock\n|turn|9\n|\n|t:|1697660988\n|move|p2b: Dipplin|Protect|p2b: Dipplin\n|-singleturn|p2b: Dipplin|Protect\n|move|p1b: Torkoal|Body Press|p2b: Dipplin\n|-activate|p2b: Dipplin|move: Protect\n|move|p2a: Volcanion|Hydro Pump|p1b: Torkoal\n|-supereffective|p1b: Torkoal\n|-damage|p1b: Torkoal|0 fnt\n|faint|p1b: Torkoal\n|\n|win|Ravvenn98\n|raw|pjc93's rating: 1239 &rarr; <strong>1209<\/strong><br \/>(-30 for losing)\n|raw|Ravvenn98's rating: 1169 &rarr; <strong>1199<\/strong><br \/>(+30 for winning)\n|l|\u2606pjc93\n|c|\u2606Ravvenn98|gg\n","uploadtime":1697661004,"views":16,"p1id":"pjc93","p2id":"ravvenn98","formatid":"gen9doublesou","rating":1199,"private":0,"password":""}