{"id":"gen9doublesou-1980374482","p1":"LeaderBelle","p2":"miltonrxngell","format":"[Gen 9] Doubles OU","log":"|j|\u2606LeaderBelle\n|j|\u2606miltonrxngell\n|t:|1698779408\n|gametype|doubles\n|player|p1|LeaderBelle|candice|1191\n|player|p2|miltonrxngell|dawn-gen4pt|1100\n|teamsize|p1|6\n|teamsize|p2|6\n|gen|9\n|tier|[Gen 9] Doubles OU\n|rated|\n|rule|Species Clause: Limit one of each Pok\u00e9mon\n|rule|OHKO Clause: OHKO moves are banned\n|rule|Evasion Moves Clause: Evasion moves are banned\n|rule|Gravity Sleep Clause: The combination of sleep-inducing moves with imperfect accuracy and Gravity or Gigantamax Orbeetle are banned\n|rule|Endless Battle Clause: Forcing endless battles is banned\n|rule|HP Percentage Mod: HP is shown in percentages\n|clearpoke\n|poke|p1|Ursaluna, F|\n|poke|p1|Clefairy, M|\n|poke|p1|Furret, M|\n|poke|p1|Tornadus, M|\n|poke|p1|Lurantis, M|\n|poke|p1|Chien-Pao|\n|poke|p2|Ninetales-Alola, F|\n|poke|p2|Kilowattrel, M|\n|poke|p2|Leavanny, F|\n|poke|p2|Mamoswine, M|\n|poke|p2|Ceruledge, M|\n|poke|p2|Milotic, F|\n|teampreview\n|c|\u2606LeaderBelle|Glhf\n|\n|t:|1698779507\n|start\n|switch|p1a: Booga|Ursaluna, F|100\/100\n|switch|p1b: Mr. Avatar|Tornadus, M|100\/100\n|switch|p2a: Ninetales|Ninetales-Alola, F, shiny|100\/100\n|switch|p2b: Kilowattrel|Kilowattrel, M, shiny|100\/100\n|-weather|Snow|[from] ability: Snow Warning|[of] p2a: Ninetales\n|turn|1\n|\n|t:|1698779563\n|move|p1b: Mr. Avatar|Taunt|p2a: Ninetales\n|-start|p2a: Ninetales|move: Taunt\n|move|p2b: Kilowattrel|Tailwind|p2b: Kilowattrel\n|-sidestart|p2: miltonrxngell|move: Tailwind\n|-start|p2b: Kilowattrel|Charge|Tailwind|[from] ability: Wind Power\n|move|p2a: Ninetales|Blizzard|p1b: Mr. Avatar|[spread] p1a,p1b\n|-supereffective|p1a: Booga\n|-supereffective|p1b: Mr. Avatar\n|-damage|p1a: Booga|32\/100\n|-damage|p1b: Mr. Avatar|42\/100\n|move|p1a: Booga|Trailblaze|p2b: Kilowattrel\n|-resisted|p2b: Kilowattrel\n|-damage|p2b: Kilowattrel|84\/100\n|-boost|p1a: Booga|spe|1\n|\n|-weather|Snow|[upkeep]\n|-status|p1a: Booga|brn|[from] item: Flame Orb\n|upkeep\n|turn|2\n|\n|t:|1698779592\n|switch|p2a: Milotic|Milotic, F, shiny|100\/100\n|move|p1b: Mr. Avatar|Tailwind|p1b: Mr. Avatar\n|-sidestart|p1: LeaderBelle|move: Tailwind\n|move|p2b: Kilowattrel|Electro Ball|p1b: Mr. Avatar\n|-supereffective|p1b: Mr. Avatar\n|-damage|p1b: Mr. Avatar|0 fnt\n|faint|p1b: Mr. Avatar\n|-end|p2b: Kilowattrel|Charge|[silent]\n|move|p1a: Booga|Facade|p2b: Kilowattrel\n|-damage|p2b: Kilowattrel|0 fnt\n|faint|p2b: Kilowattrel\n|\n|-weather|Snow|[upkeep]\n|-damage|p1a: Booga|25\/100 brn|[from] brn\n|-status|p2a: Milotic|brn|[from] item: Flame Orb\n|upkeep\n|\n|t:|1698779613\n|switch|p2b: Ninetales|Ninetales-Alola, F, shiny|100\/100\n|switch|p1b: Boots|Furret, M, shiny|100\/100\n|turn|3\n|\n|t:|1698779624\n|move|p2b: Ninetales|Aurora Veil|p2b: Ninetales\n|-sidestart|p2: miltonrxngell|move: Aurora Veil\n|move|p1a: Booga|Facade|p2b: Ninetales\n|-damage|p2b: Ninetales|29\/100\n|move|p1b: Boots|Tidy Up|p1b: Boots\n|-boost|p1b: Boots|atk|1\n|-boost|p1b: Boots|spe|1\n|move|p2a: Milotic|Scald|p1a: Booga\n|-supereffective|p1a: Booga\n|-damage|p1a: Booga|0 fnt\n|faint|p1a: Booga\n|\n|-weather|Snow|[upkeep]\n|-damage|p2a: Milotic|94\/100 brn|[from] brn\n|upkeep\n|\n|t:|1698779640\n|switch|p1a: Treble|Clefairy, M|100\/100\n|turn|4\n|\n|t:|1698779662\n|move|p1a: Treble|Follow Me|p1a: Treble\n|-singleturn|p1a: Treble|move: Follow Me\n|move|p1b: Boots|Tidy Up|p1b: Boots\n|-boost|p1b: Boots|atk|1\n|-boost|p1b: Boots|spe|1\n|move|p2b: Ninetales|Blizzard|p1a: Treble|[spread] p1a,p1b\n|-damage|p1a: Treble|73\/100\n|-damage|p1b: Boots|59\/100\n|move|p2a: Milotic|Haze|p2a: Milotic\n|-clearallboost\n|\n|-weather|Snow|[upkeep]\n|-damage|p2a: Milotic|88\/100 brn|[from] brn\n|-sideend|p2: miltonrxngell|move: Tailwind\n|upkeep\n|turn|5\n|\n|t:|1698779682\n|move|p1a: Treble|Helping Hand|p1b: Boots\n|-singleturn|p1b: Boots|Helping Hand|[of] p1a: Treble\n|move|p1b: Boots|Last Resort|p2b: Ninetales\n|-damage|p2b: Ninetales|0 fnt\n|faint|p2b: Ninetales\n|move|p2a: Milotic|Icy Wind|p1b: Boots|[spread] p1a,p1b\n|-damage|p1a: Treble|62\/100\n|-damage|p1b: Boots|43\/100\n|-unboost|p1a: Treble|spe|1\n|-unboost|p1b: Boots|spe|1\n|\n|-weather|none\n|-damage|p2a: Milotic|82\/100 brn|[from] brn\n|-sideend|p1: LeaderBelle|move: Tailwind\n|upkeep\n|\n|t:|1698779698\n|switch|p2b: Ceruledge|Ceruledge, M|100\/100\n|turn|6\n|\n|t:|1698779709\n|move|p2b: Ceruledge|Bitter Blade|p1a: Treble\n|-damage|p1a: Treble|19\/100\n|-damage|p2b: Ceruledge|91\/100|[from] item: Life Orb\n|move|p1b: Boots|Last Resort|p2a: Milotic\n|-damage|p2a: Milotic|59\/100 brn\n|move|p2a: Milotic|Icy Wind|p1a: Treble|[spread] p1a,p1b\n|-damage|p1a: Treble|6\/100\n|-damage|p1b: Boots|27\/100\n|-unboost|p1a: Treble|spe|1\n|-unboost|p1b: Boots|spe|1\n|move|p1a: Treble|Wish|p1a: Treble\n|\n|-damage|p2a: Milotic|53\/100 brn|[from] brn\n|upkeep\n|turn|7\n|\n|t:|1698779738\n|move|p1a: Treble|Protect|p1a: Treble\n|-singleturn|p1a: Treble|Protect\n|move|p2b: Ceruledge|Bitter Blade|p1b: Boots\n|-damage|p1b: Boots|0 fnt\n|-heal|p2b: Ceruledge|100\/100|[from] drain|[of] p1b: Boots\n|faint|p1b: Boots\n|-damage|p2b: Ceruledge|91\/100|[from] item: Life Orb\n|move|p2a: Milotic|Icy Wind|p1a: Treble\n|-activate|p1a: Treble|move: Protect\n|\n|-heal|p1a: Treble|56\/100|[from] move: Wish|[wisher] Treble\n|-damage|p2a: Milotic|47\/100 brn|[from] brn\n|upkeep\n|\n|t:|1698779756\n|switch|p1b: Warsaw|Lurantis, M, shiny|100\/100\n|turn|8\n|\n|t:|1698779771\n|move|p1a: Treble|Follow Me|p1a: Treble\n|-singleturn|p1a: Treble|move: Follow Me\n|move|p2b: Ceruledge|Bitter Blade|p1a: Treble\n|-crit|p1a: Treble\n|-damage|p1a: Treble|0 fnt\n|-heal|p2b: Ceruledge|100\/100|[from] drain|[of] p1a: Treble\n|faint|p1a: Treble\n|-damage|p2b: Ceruledge|91\/100|[from] item: Life Orb\n|move|p1b: Warsaw|Knock Off|p2b: Ceruledge\n|-supereffective|p2b: Ceruledge\n|-damage|p2b: Ceruledge|36\/100\n|-enditem|p2b: Ceruledge|Life Orb|[from] move: Knock Off|[of] p1b: Warsaw\n|move|p2a: Milotic|Icy Wind|p1b: Warsaw\n|-supereffective|p1b: Warsaw\n|-damage|p1b: Warsaw|72\/100\n|-boost|p1b: Warsaw|spe|1\n|\n|-damage|p2a: Milotic|41\/100 brn|[from] brn\n|upkeep\n|c|\u2606LeaderBelle|Thanks bro\n|\n|t:|1698779793\n|switch|p1a: Chien-Pao|Chien-Pao|100\/100\n|-ability|p1a: Chien-Pao|Sword of Ruin\n|turn|9\n|\n|t:|1698779826\n|-terastallize|p1b: Warsaw|Fighting\n|move|p1a: Chien-Pao|Crunch|p2b: Ceruledge\n|-supereffective|p2b: Ceruledge\n|-damage|p2b: Ceruledge|0 fnt\n|faint|p2b: Ceruledge\n|move|p1b: Warsaw|Superpower|p2a: Milotic\n|-damage|p2a: Milotic|13\/100 brn\n|-boost|p1b: Warsaw|atk|1\n|-boost|p1b: Warsaw|def|1\n|move|p2a: Milotic|Haze|p2a: Milotic\n|-clearallboost\n|\n|-damage|p2a: Milotic|7\/100 brn|[from] brn\n|upkeep\n|\n|t:|1698779852\n|switch|p2b: Mamoswine|Mamoswine, M|100\/100\n|turn|10\n|\n|t:|1698779873\n|-terastallize|p2b: Mamoswine|Dragon\n|move|p2b: Mamoswine|Ice Shard|p1a: Chien-Pao\n|-resisted|p1a: Chien-Pao\n|-damage|p1a: Chien-Pao|85\/100\n|move|p1a: Chien-Pao|Brick Break|p2b: Mamoswine\n|-sideend|p2: miltonrxngell|move: Aurora Veil\n|-damage|p2b: Mamoswine|61\/100\n|move|p1b: Warsaw|Superpower|p2a: Milotic\n|-damage|p2a: Milotic|0 fnt\n|-boost|p1b: Warsaw|atk|1\n|-boost|p1b: Warsaw|def|1\n|faint|p2a: Milotic\n|\n|upkeep\n|inactive|Battle timer is ON: inactive players will automatically lose when time's up. (requested by LeaderBelle)\n|\n|t:|1698779940\n|switch|p2a: Leavanny|Leavanny, F, shiny|100\/100\n|turn|11\n|\n|t:|1698779962\n|move|p1a: Chien-Pao|Crunch|p2a: Leavanny\n|-damage|p2a: Leavanny|24\/100\n|move|p2a: Leavanny|X-Scissor|p1a: Chien-Pao\n|-supereffective|p1a: Chien-Pao\n|-damage|p1a: Chien-Pao|0 fnt\n|faint|p1a: Chien-Pao\n|move|p2b: Mamoswine|Earthquake|p1b: Warsaw|[spread] p2a,p1b\n|-resisted|p2a: Leavanny\n|-damage|p2a: Leavanny|10\/100\n|-damage|p1b: Warsaw|36\/100\n|move|p1b: Warsaw|Superpower|p2b: Mamoswine\n|-damage|p2b: Mamoswine|0 fnt\n|-boost|p1b: Warsaw|atk|1\n|-boost|p1b: Warsaw|def|1\n|faint|p2b: Mamoswine\n|\n|upkeep\n|turn|12\n|\n|t:|1698779984\n|move|p2a: Leavanny|X-Scissor|p1b: Warsaw\n|-resisted|p1b: Warsaw\n|-damage|p1b: Warsaw|25\/100\n|move|p1b: Warsaw|Superpower|p2a: Leavanny\n|-resisted|p2a: Leavanny\n|-damage|p2a: Leavanny|0 fnt\n|-boost|p1b: Warsaw|atk|1\n|-boost|p1b: Warsaw|def|1\n|faint|p2a: Leavanny\n|\n|win|LeaderBelle\n|raw|LeaderBelle's rating: 1191 &rarr; <strong>1210<\/strong><br \/>(+19 for winning)\n|raw|miltonrxngell's rating: 1100 &rarr; <strong>1081<\/strong><br \/>(-19 for losing)\n|c|\u2606LeaderBelle|Gg\n|l|\u2606miltonrxngell\n","uploadtime":1698779996,"views":12,"p1id":"leaderbelle","p2id":"miltonrxngell","formatid":"gen9doublesou","rating":1081,"private":0,"password":""}