{"id":"gen9doublesou-1974117101","p1":"saucy_099","p2":"OsitoGuapo15","format":"[Gen 9] Doubles OU","log":"|j|\u2606saucy_099\n|j|\u2606OsitoGuapo15\n|t:|1698058191\n|gametype|doubles\n|player|p1|saucy_099|rosa|1420\n|player|p2|OsitoGuapo15|acetrainer-gen4dp|1323\n|teamsize|p1|6\n|teamsize|p2|6\n|gen|9\n|tier|[Gen 9] Doubles OU\n|rated|\n|rule|Species Clause: Limit one of each Pok\u00e9mon\n|rule|OHKO Clause: OHKO moves are banned\n|rule|Evasion Moves Clause: Evasion moves are banned\n|rule|Gravity Sleep Clause: The combination of sleep-inducing moves with imperfect accuracy and Gravity or Gigantamax Orbeetle are banned\n|rule|Endless Battle Clause: Forcing endless battles is banned\n|rule|HP Percentage Mod: HP is shown in percentages\n|clearpoke\n|poke|p1|Cresselia, F|\n|poke|p1|Baxcalibur, M|\n|poke|p1|Chi-Yu|\n|poke|p1|Sinistcha|\n|poke|p1|Grimmsnarl, M|\n|poke|p1|Diancie|\n|poke|p2|Hatterene, F|\n|poke|p2|Sableye, M|\n|poke|p2|Torkoal, F|\n|poke|p2|Sinistcha-Masterpiece|\n|poke|p2|Arboliva, M|\n|poke|p2|Lilligant-Hisui, F|\n|teampreview\n|inactive|Battle timer is ON: inactive players will automatically lose when time's up. (requested by saucy_099)\n|inactive|saucy_099 has 120 seconds left.\n|\n|t:|1698058232\n|start\n|switch|p1a: Diancie|Diancie|100\/100\n|switch|p1b: Grimmsnarl|Grimmsnarl, M|100\/100\n|switch|p2a: Hatterene|Hatterene, F|100\/100\n|switch|p2b: Sableye|Sableye, M|100\/100\n|turn|1\n|c|\u2606OsitoGuapo15|Im experimenting lol dont judge me\n|inactive|OsitoGuapo15 has 120 seconds left.\n|\n|t:|1698058275\n|move|p1b: Grimmsnarl|Fake Out|p2a: Hatterene\n|-damage|p2a: Hatterene|87\/100\n|move|p2b: Sableye|Fake Out|p1a: Diancie\n|-resisted|p1a: Diancie\n|-damage|p1a: Diancie|98\/100\n|cant|p1a: Diancie|flinch\n|move|p2a: Hatterene|Dazzling Gleam|p1a: Diancie|[spread] p1a,p1b\n|-supereffective|p1b: Grimmsnarl\n|-damage|p1a: Diancie|71\/100\n|-damage|p1b: Grimmsnarl|36\/100\n|-enditem|p1b: Grimmsnarl|Sitrus Berry|[eat]\n|-heal|p1b: Grimmsnarl|61\/100|[from] item: Sitrus Berry\n|\n|upkeep\n|turn|2\n|inactive|OsitoGuapo15 has 120 seconds left.\n|inactive|saucy_099 has 120 seconds left.\n|inactive|OsitoGuapo15 has 90 seconds left.\n|\n|t:|1698058326\n|switch|p2b: Arboliva|Arboliva, M|100\/100\n|move|p1b: Grimmsnarl|Light Screen|p1b: Grimmsnarl\n|-sidestart|p1: saucy_099|move: Light Screen\n|move|p1a: Diancie|Diamond Storm|p2b: Arboliva|[spread] p2a,p2b\n|-damage|p2a: Hatterene|47\/100\n|-damage|p2b: Arboliva|67\/100\n|move|p2a: Hatterene|Trick Room|p2a: Hatterene\n|-fieldstart|move: Trick Room|[of] p2a: Hatterene\n|\n|upkeep\n|turn|3\n|inactive|saucy_099 has 120 seconds left.\n|inactive|OsitoGuapo15 has 90 seconds left.\n|\n|t:|1698058367\n|-terastallize|p1a: Diancie|Grass\n|move|p1b: Grimmsnarl|Parting Shot|p2b: Arboliva\n|-unboost|p2b: Arboliva|atk|1\n|-unboost|p2b: Arboliva|spa|1\n|\n|t:|1698058380\n|switch|p1b: Sinistcha|Sinistcha|100\/100|[from] Parting Shot\n|-heal|p1a: Diancie|96\/100|[from] ability: Hospitality|[of] p1b: Sinistcha\n|move|p1a: Diancie|Diamond Storm|p2b: Arboliva|[spread] p2b\n|-miss|p1a: Diancie|p2a: Hatterene\n|-damage|p2b: Arboliva|30\/100\n|-boost|p1a: Diancie|def|2\n|move|p2a: Hatterene|Dazzling Gleam|p1b: Sinistcha|[spread] p1a,p1b\n|-crit|p1a: Diancie\n|-damage|p1a: Diancie|57\/100\n|-damage|p1b: Sinistcha|76\/100\n|move|p2b: Arboliva|Energy Ball|p1b: Sinistcha\n|-resisted|p1b: Sinistcha\n|-damage|p1b: Sinistcha|63\/100\n|-unboost|p1b: Sinistcha|spd|1\n|\n|-heal|p1b: Sinistcha|69\/100|[from] item: Leftovers\n|upkeep\n|turn|4\n|inactive|OsitoGuapo15 has 90 seconds left.\n|\n|t:|1698058409\n|move|p2b: Arboliva|Protect|p2b: Arboliva\n|-singleturn|p2b: Arboliva|Protect\n|move|p1a: Diancie|Diamond Storm|p2a: Hatterene|[spread] p2a\n|-activate|p2b: Arboliva|move: Protect\n|-damage|p2a: Hatterene|9\/100\n|-boost|p1a: Diancie|def|2\n|move|p2a: Hatterene|Mystical Fire|p1b: Sinistcha\n|-supereffective|p1b: Sinistcha\n|-damage|p1b: Sinistcha|0 fnt\n|faint|p1b: Sinistcha\n|\n|upkeep\n|inactive|saucy_099 has 90 seconds left.\n|\n|t:|1698058443\n|switch|p1b: Grimmsnarl|Grimmsnarl, M|61\/100\n|turn|5\n|\n|t:|1698058457\n|move|p1b: Grimmsnarl|Fake Out|p2b: Arboliva\n|-damage|p2b: Arboliva|20\/100\n|-enditem|p2b: Arboliva|Starf Berry|[eat]\n|-boost|p2b: Arboliva|def|2|[from] item: Starf Berry\n|move|p1a: Diancie|Diamond Storm|p2b: Arboliva|[spread] p2a\n|-miss|p1a: Diancie|p2b: Arboliva\n|-damage|p2a: Hatterene|0 fnt\n|-boost|p1a: Diancie|def|2\n|faint|p2a: Hatterene\n|cant|p2b: Arboliva|flinch\n|\n|-item|p2b: Arboliva|Starf Berry|[from] ability: Harvest\n|upkeep\n|-enditem|p2b: Arboliva|Starf Berry|[eat]\n|-boost|p2b: Arboliva|spa|2|[from] item: Starf Berry\n|inactive|OsitoGuapo15 has 90 seconds left.\n|\n|t:|1698058480\n|switch|p2a: Sinistcha|Sinistcha-Masterpiece|100\/100\n|-heal|p2b: Arboliva|45\/100|[from] ability: Hospitality|[of] p2a: Sinistcha\n|turn|6\n|inactive|saucy_099 has 120 seconds left.\n|inactive|OsitoGuapo15 has 90 seconds left.\n|\n|t:|1698058515\n|move|p2b: Arboliva|Protect|p2b: Arboliva\n|-singleturn|p2b: Arboliva|Protect\n|move|p1b: Grimmsnarl|Parting Shot|p2b: Arboliva\n|-activate|p2b: Arboliva|move: Protect\n|move|p1a: Diancie|Body Press|p2b: Arboliva\n|-activate|p2b: Arboliva|move: Protect\n|move|p2a: Sinistcha|Hex|p1a: Diancie\n|-damage|p1a: Diancie|39\/100\n|\n|-sideend|p1: saucy_099|move: Light Screen\n|-fieldend|move: Trick Room\n|-item|p2b: Arboliva|Starf Berry|[from] ability: Harvest\n|upkeep\n|turn|7\n|inactive|OsitoGuapo15 has 90 seconds left.\n|inactive|saucy_099 has 120 seconds left.\n|inactive|OsitoGuapo15 has 60 seconds left.\n|\n|t:|1698058574\n|move|p1a: Diancie|Protect|p1a: Diancie\n|-singleturn|p1a: Diancie|Protect\n|move|p1b: Grimmsnarl|Parting Shot|p2a: Sinistcha\n|-unboost|p2a: Sinistcha|atk|1\n|-unboost|p2a: Sinistcha|spa|1\n|\n|t:|1698058579\n|switch|p1b: Chi-Yu|Chi-Yu|100\/100|[from] Parting Shot\n|-ability|p1b: Chi-Yu|Beads of Ruin\n|move|p2a: Sinistcha|Hex|p1a: Diancie\n|-activate|p1a: Diancie|move: Protect\n|move|p2b: Arboliva|Hyper Voice|p1a: Diancie|[spread] p1b\n|-activate|p1a: Diancie|move: Protect\n|-damage|p1b: Chi-Yu|40\/100\n|\n|upkeep\n|turn|8\n|inactive|OsitoGuapo15 has 60 seconds left.\n|c|\u2606saucy_099|wrong chi yu\n|inactive|saucy_099 has 90 seconds left.\n|inactive|OsitoGuapo15 has 30 seconds left.\n|\n|t:|1698058631\n|switch|p1a: BAX PRE CHANGE|Baxcalibur, M|100\/100\n|-terastallize|p2b: Arboliva|Fire\n|move|p1b: Chi-Yu|Lava Plume|p2a: Sinistcha|[spread] p1a,p2a,p2b\n|-supereffective|p2a: Sinistcha\n|-resisted|p2b: Arboliva\n|-damage|p1a: BAX PRE CHANGE|73\/100\n|-damage|p2a: Sinistcha|0 fnt\n|-damage|p2b: Arboliva|19\/100\n|-ability|p1a: BAX PRE CHANGE|Thermal Exchange|boost\n|-boost|p1a: BAX PRE CHANGE|atk|1\n|-enditem|p2b: Arboliva|Starf Berry|[eat]\n|-boost|p2b: Arboliva|spa|2|[from] item: Starf Berry\n|faint|p2a: Sinistcha\n|-damage|p1b: Chi-Yu|30\/100|[from] item: Life Orb\n|move|p2b: Arboliva|Hyper Voice|p1b: Chi-Yu|[spread] p1a,p1b\n|-damage|p1a: BAX PRE CHANGE|17\/100\n|-damage|p1b: Chi-Yu|0 fnt\n|faint|p1b: Chi-Yu\n|\n|upkeep\n|inactive|saucy_099 has 90 seconds left.\n|inactive|OsitoGuapo15 has 30 seconds left.\n|inactive|OsitoGuapo15 has 20 seconds left.\n|\n|t:|1698058671\n|switch|p1b: Grimmsnarl|Grimmsnarl, M|61\/100\n|switch|p2a: Lilligant|Lilligant-Hisui, F|100\/100\n|turn|9\n|inactive|saucy_099 has 90 seconds left.\n|\n|t:|1698058685\n|move|p1b: Grimmsnarl|Fake Out|p2a: Lilligant\n|-damage|p2a: Lilligant|84\/100\n|cant|p2a: Lilligant|flinch\n|move|p1a: BAX PRE CHANGE|Icicle Crash|p2a: Lilligant\n|-supereffective|p2a: Lilligant\n|-damage|p2a: Lilligant|0 fnt\n|faint|p2a: Lilligant\n|move|p2b: Arboliva|Hyper Voice|p1b: Grimmsnarl|[spread] p1a,p1b\n|-damage|p1a: BAX PRE CHANGE|0 fnt\n|-damage|p1b: Grimmsnarl|0 fnt\n|faint|p1a: BAX PRE CHANGE\n|faint|p1b: Grimmsnarl\n|\n|-item|p2b: Arboliva|Starf Berry|[from] ability: Harvest\n|upkeep\n|-enditem|p2b: Arboliva|Starf Berry|[eat]\n|-boost|p2b: Arboliva|def|2|[from] item: Starf Berry\n|\n|t:|1698058703\n|switch|p2a: Sableye|Sableye, M|100\/100\n|switch|p1a: Cresselia|Cresselia, F|100\/100\n|switch|p1b: Diancie|Diancie, tera:Grass|39\/100\n|turn|10\n|inactive|saucy_099 has 120 seconds left.\n|inactive|OsitoGuapo15 has 60 seconds left.\n|\n|t:|1698058718\n|move|p1b: Diancie|Protect|p1b: Diancie\n|-singleturn|p1b: Diancie|Protect\n|move|p2a: Sableye|Fake Out|p1a: Cresselia\n|-damage|p1a: Cresselia|96\/100\n|-damage|p2a: Sableye|84\/100|[from] item: Rocky Helmet|[of] p1a: Cresselia\n|move|p2b: Arboliva|Hyper Voice|p1b: Diancie|[spread] p1a\n|-activate|p1b: Diancie|move: Protect\n|-damage|p1a: Cresselia|45\/100\n|cant|p1a: Cresselia|flinch\n|\n|-item|p2b: Arboliva|Starf Berry|[from] ability: Harvest\n|upkeep\n|-enditem|p2b: Arboliva|Starf Berry|[eat]\n|-boost|p2b: Arboliva|def|2|[from] item: Starf Berry\n|turn|11\n|inactive|saucy_099 has 120 seconds left.\n|inactive|OsitoGuapo15 has 60 seconds left.\n|inactive|saucy_099 has 90 seconds left.\n|l|\u2606OsitoGuapo15\n|inactive|OsitoGuapo15 disconnected and has a minute to reconnect!\n|player|p2|\n|j|\u2606OsitoGuapo15\n|inactive|OsitoGuapo15 reconnected.\n|player|p2|OsitoGuapo15|acetrainer-gen4dp\n|\n|t:|1698058779\n|move|p2a: Sableye|Quash|p1a: Cresselia\n|-activate|p1a: Cresselia|move: Quash\n|move|p2b: Arboliva|Hyper Voice|p1a: Cresselia|[spread] p1a,p1b\n|-damage|p1a: Cresselia|0 fnt\n|-damage|p1b: Diancie|0 fnt\n|faint|p1a: Cresselia\n|faint|p1b: Diancie\n|\n|win|OsitoGuapo15\n|raw|saucy_099's rating: 1420 &rarr; <strong>1395<\/strong><br \/>(-25 for losing)\n|raw|OsitoGuapo15's rating: 1323 &rarr; <strong>1348<\/strong><br \/>(+25 for winning)\n|c|\u2606OsitoGuapo15|Ggs\n|l|\u2606saucy_099\n","uploadtime":1698058801,"views":19,"p1id":"saucy099","p2id":"ositoguapo15","formatid":"gen9doublesou","rating":1348,"private":0,"password":""}