{"id":"gen9doublesou-1983901151","p1":"c9c.store","p2":"DoerreKong","format":"[Gen 9] Doubles OU","log":"|j|\u2606c9c.store\n|j|\u2606DoerreKong\n|t:|1699197920\n|gametype|doubles\n|player|p1|c9c.store|170|1536\n|player|p2|DoerreKong|ltsurge|1658\n|teamsize|p1|6\n|teamsize|p2|6\n|gen|9\n|tier|[Gen 9] Doubles OU\n|rated|\n|rule|Species Clause: Limit one of each Pok\u00e9mon\n|rule|OHKO Clause: OHKO moves are banned\n|rule|Evasion Moves Clause: Evasion moves are banned\n|rule|Gravity Sleep Clause: The combination of sleep-inducing moves with imperfect accuracy and Gravity or Gigantamax Orbeetle are banned\n|rule|Endless Battle Clause: Forcing endless battles is banned\n|rule|HP Percentage Mod: HP is shown in percentages\n|clearpoke\n|poke|p1|Indeedee-F, F|\n|poke|p1|Lilligant-Hisui, F|\n|poke|p1|Torkoal, F|\n|poke|p1|Thundurus, M|\n|poke|p1|Enamorus, F|\n|poke|p1|Roaring Moon|\n|poke|p2|Torkoal, M|\n|poke|p2|Cresselia, F|\n|poke|p2|Diancie|\n|poke|p2|Iron Hands|\n|poke|p2|Amoonguss, M|\n|poke|p2|Dragonite, M|\n|teampreview\n|inactive|Battle timer is ON: inactive players will automatically lose when time's up. (requested by DoerreKong)\n|\n|t:|1699197932\n|start\n|switch|p1a: Torkoal|Torkoal, F|100\/100\n|switch|p1b: Lilligant|Lilligant-Hisui, F|100\/100\n|switch|p2a: Iron Hands|Iron Hands|100\/100\n|switch|p2b: Cresselia|Cresselia, F|100\/100\n|-weather|SunnyDay|[from] ability: Drought|[of] p1a: Torkoal\n|turn|1\n|\n|t:|1699197942\n|switch|p1a: Indeedee|Indeedee-F, F|100\/100\n|-fieldstart|move: Psychic Terrain|[from] ability: Psychic Surge|[of] p1a: Indeedee\n|move|p2a: Iron Hands|Fake Out|p1a: Indeedee\n|-activate|p1a: Indeedee|move: Psychic Terrain\n|move|p1b: Lilligant|Sleep Powder|p2b: Cresselia\n|-status|p2b: Cresselia|slp|[from] move: Sleep Powder\n|cant|p2b: Cresselia|slp\n|\n|-weather|SunnyDay|[upkeep]\n|upkeep\n|turn|2\n|\n|t:|1699197971\n|-end|p2a: Iron Hands|Quark Drive|[silent]\n|switch|p2a: Diancie|Diancie|100\/100\n|move|p1b: Lilligant|Sleep Powder|p2a: Diancie|[miss]\n|-miss|p1b: Lilligant|p2a: Diancie\n|move|p1a: Indeedee|Psychic|p2a: Diancie\n|-damage|p2a: Diancie|69\/100\n|cant|p2b: Cresselia|slp\n|\n|-weather|SunnyDay|[upkeep]\n|upkeep\n|turn|3\n|\n|t:|1699197988\n|switch|p1a: Torkoal|Torkoal, F|100\/100\n|move|p1b: Lilligant|Sleep Powder|p2a: Diancie\n|-status|p2a: Diancie|slp|[from] move: Sleep Powder\n|cant|p2b: Cresselia|slp\n|cant|p2a: Diancie|slp\n|\n|-weather|SunnyDay|[upkeep]\n|upkeep\n|turn|4\n|\n|t:|1699198008\n|move|p1b: Lilligant|Solar Blade||[still]\n|-prepare|p1b: Lilligant|Solar Blade\n|-anim|p1b: Lilligant|Solar Blade|p2a: Diancie\n|-supereffective|p2a: Diancie\n|-damage|p2a: Diancie|0 fnt\n|faint|p2a: Diancie\n|-curestatus|p2b: Cresselia|slp|[msg]\n|move|p2b: Cresselia|Lunar Blessing||[still]\n|-fail|p2b: Cresselia\n|move|p1a: Torkoal|Eruption|p2b: Cresselia\n|-damage|p2b: Cresselia|50\/100\n|\n|-weather|SunnyDay|[upkeep]\n|-heal|p2b: Cresselia|56\/100|[from] item: Leftovers\n|upkeep\n|\n|t:|1699198015\n|switch|p2a: Dragonite|Dragonite, M|100\/100\n|turn|5\n|\n|t:|1699198027\n|move|p1b: Lilligant|Sleep Powder|p2b: Cresselia\n|-status|p2b: Cresselia|slp|[from] move: Sleep Powder\n|move|p2a: Dragonite|Earthquake|p1b: Lilligant|[spread] p1a,p1b\n|-immune|p2b: Cresselia|[from] ability: Levitate\n|-supereffective|p1a: Torkoal\n|-resisted|p1b: Lilligant\n|-damage|p1a: Torkoal|36\/100\n|-damage|p1b: Lilligant|67\/100\n|cant|p2b: Cresselia|slp\n|move|p1a: Torkoal|Eruption|p2b: Cresselia|[spread] p2a,p2b\n|-resisted|p2a: Dragonite\n|-damage|p2a: Dragonite|95\/100\n|-damage|p2b: Cresselia|43\/100 slp\n|\n|-weather|SunnyDay|[upkeep]\n|-heal|p2b: Cresselia|50\/100 slp|[from] item: Leftovers\n|upkeep\n|turn|6\n|\n|t:|1699198042\n|move|p1b: Lilligant|Sleep Powder|p2a: Dragonite|[miss]\n|-miss|p1b: Lilligant|p2a: Dragonite\n|move|p2a: Dragonite|Earthquake|p1b: Lilligant|[spread] p1a,p1b\n|-immune|p2b: Cresselia|[from] ability: Levitate\n|-supereffective|p1a: Torkoal\n|-resisted|p1b: Lilligant\n|-damage|p1a: Torkoal|0 fnt\n|-damage|p1b: Lilligant|34\/100\n|faint|p1a: Torkoal\n|cant|p2b: Cresselia|slp\n|\n|-weather|SunnyDay|[upkeep]\n|-heal|p2b: Cresselia|56\/100 slp|[from] item: Leftovers\n|upkeep\n|\n|t:|1699198048\n|switch|p1a: Enamorus|Enamorus, F|100\/100\n|turn|7\n|\n|t:|1699198064\n|switch|p2a: Amoonguss|Amoonguss, M|100\/100\n|-terastallize|p1a: Enamorus|Fairy\n|move|p1b: Lilligant|Sleep Powder|p2a: Amoonguss\n|-immune|p2a: Amoonguss\n|move|p1a: Enamorus|Dazzling Gleam|p2b: Cresselia|[spread] p2a,p2b\n|-resisted|p2a: Amoonguss\n|-crit|p2b: Cresselia\n|-damage|p2a: Amoonguss|84\/100\n|-damage|p2b: Cresselia|24\/100 slp\n|cant|p2b: Cresselia|slp\n|\n|-weather|SunnyDay|[upkeep]\n|-heal|p2b: Cresselia|31\/100 slp|[from] item: Leftovers\n|upkeep\n|turn|8\n|\n|t:|1699198080\n|move|p1b: Lilligant|Solar Blade||[still]\n|-prepare|p1b: Lilligant|Solar Blade\n|-anim|p1b: Lilligant|Solar Blade|p2b: Cresselia\n|-damage|p2b: Cresselia|0 fnt\n|faint|p2b: Cresselia\n|move|p1a: Enamorus|Mystical Fire|p2a: Amoonguss\n|-supereffective|p2a: Amoonguss\n|-damage|p2a: Amoonguss|29\/100\n|-unboost|p2a: Amoonguss|spa|1\n|move|p2a: Amoonguss|Spore|p1a: Enamorus\n|-status|p1a: Enamorus|slp|[from] move: Spore\n|\n|-weather|none\n|-fieldend|move: Psychic Terrain\n|upkeep\n|\n|t:|1699198088\n|switch|p2b: Dragonite|Dragonite, M|95\/100\n|turn|9\n|\n|t:|1699198098\n|switch|p1a: Indeedee|Indeedee-F, F|100\/100\n|-fieldstart|move: Psychic Terrain|[from] ability: Psychic Surge|[of] p1a: Indeedee\n|switch|p2a: Iron Hands|Iron Hands|100\/100\n|move|p1b: Lilligant|Sleep Powder|p2b: Dragonite|[miss]\n|-miss|p1b: Lilligant|p2b: Dragonite\n|move|p2b: Dragonite|Ice Spinner|p1b: Lilligant\n|-supereffective|p1b: Lilligant\n|-crit|p1b: Lilligant\n|-damage|p1b: Lilligant|0 fnt\n|-fieldend|move: Psychic Terrain\n|faint|p1b: Lilligant\n|\n|upkeep\n|\n|t:|1699198116\n|switch|p1b: Roaring Moon|Roaring Moon|100\/100\n|turn|10\n|\n|t:|1699198134\n|switch|p1a: Enamorus|Enamorus, F, tera:Fairy|100\/100 slp\n|move|p2a: Iron Hands|Fake Out|p1b: Roaring Moon\n|-damage|p1b: Roaring Moon|84\/100\n|cant|p1b: Roaring Moon|flinch\n|move|p2b: Dragonite|Ice Spinner|p1b: Roaring Moon\n|-supereffective|p1b: Roaring Moon\n|-damage|p1b: Roaring Moon|0 fnt\n|faint|p1b: Roaring Moon\n|-end|p1b: Roaring Moon|Protosynthesis|[silent]\n|\n|upkeep\n|\n|t:|1699198145\n|switch|p1b: Indeedee|Indeedee-F, F|100\/100\n|-fieldstart|move: Psychic Terrain|[from] ability: Psychic Surge|[of] p1b: Indeedee\n|turn|11\n|\n|t:|1699198153\n|-terastallize|p2a: Iron Hands|Steel\n|move|p1b: Indeedee|Protect|p1b: Indeedee\n|-singleturn|p1b: Indeedee|Protect\n|cant|p1a: Enamorus|slp\n|move|p2b: Dragonite|Ice Spinner|p1a: Enamorus\n|-damage|p1a: Enamorus|20\/100 slp\n|-fieldend|move: Psychic Terrain\n|move|p2a: Iron Hands|Iron Defense|p2a: Iron Hands\n|-boost|p2a: Iron Hands|def|2\n|\n|upkeep\n|turn|12\n|\n|t:|1699198172\n|switch|p1b: Thundurus|Thundurus, M|100\/100\n|cant|p1a: Enamorus|slp\n|move|p2b: Dragonite|Ice Spinner|p1a: Enamorus\n|-damage|p1a: Enamorus|0 fnt\n|faint|p1a: Enamorus\n|move|p2a: Iron Hands|Body Press|p1b: Thundurus\n|-resisted|p1b: Thundurus\n|-damage|p1b: Thundurus|41\/100\n|\n|upkeep\n|\n|t:|1699198178\n|switch|p1a: Indeedee|Indeedee-F, F|100\/100\n|-fieldstart|move: Psychic Terrain|[from] ability: Psychic Surge|[of] p1a: Indeedee\n|turn|13\n|\n|t:|1699198185\n|move|p1a: Indeedee|Follow Me|p1a: Indeedee\n|-singleturn|p1a: Indeedee|move: Follow Me\n|move|p1b: Thundurus|Thunder Wave|p2b: Dragonite\n|-status|p2b: Dragonite|par\n|move|p2b: Dragonite|Ice Spinner|p1a: Indeedee\n|-damage|p1a: Indeedee|57\/100\n|-fieldend|move: Psychic Terrain\n|move|p2a: Iron Hands|Body Press|p1a: Indeedee\n|-damage|p1a: Indeedee|0 fnt\n|faint|p1a: Indeedee\n|\n|upkeep\n|turn|14\n|\n|t:|1699198204\n|move|p1b: Thundurus|Thunder Wave|p2a: Iron Hands\n|-status|p2a: Iron Hands|par\n|move|p2b: Dragonite|Ice Spinner|p1b: Thundurus\n|-supereffective|p1b: Thundurus\n|-damage|p1b: Thundurus|0 fnt\n|faint|p1b: Thundurus\n|\n|win|DoerreKong\n|raw|c9c.store's rating: 1536 &rarr; <strong>1523<\/strong><br \/>(-13 for losing)\n|raw|DoerreKong's rating: 1658 &rarr; <strong>1671<\/strong><br \/>(+13 for winning)\n|l|\u2606c9c.store\n","uploadtime":1699198211,"views":7,"p1id":"c9cstore","p2id":"doerrekong","formatid":"gen9doublesou","rating":1523,"private":0,"password":""}