{"id":"gen9doublesou-1981511481","p1":"XX_MSI_AniMal_XX","p2":"EPIC555","format":"[Gen 9] Doubles OU","log":"|j|\u2606XX_MSI_AniMal_XX\n|j|\u2606EPIC555\n|t:|1698909684\n|gametype|doubles\n|player|p1|XX_MSI_AniMal_XX|burglar|1137\n|player|p2|EPIC555|red|1040\n|teamsize|p1|6\n|teamsize|p2|6\n|gen|9\n|tier|[Gen 9] Doubles OU\n|rated|\n|rule|Species Clause: Limit one of each Pok\u00e9mon\n|rule|OHKO Clause: OHKO moves are banned\n|rule|Evasion Moves Clause: Evasion moves are banned\n|rule|Gravity Sleep Clause: The combination of sleep-inducing moves with imperfect accuracy and Gravity or Gigantamax Orbeetle are banned\n|rule|Endless Battle Clause: Forcing endless battles is banned\n|rule|HP Percentage Mod: HP is shown in percentages\n|clearpoke\n|poke|p1|Garchomp, F|\n|poke|p1|Grimmsnarl, M|\n|poke|p1|Sneasler, M|\n|poke|p1|Clefable, M|\n|poke|p1|Empoleon, M|\n|poke|p1|Arcanine-Hisui, M|\n|poke|p2|Hydreigon, F|\n|poke|p2|Amoonguss, F|\n|poke|p2|Sylveon, M|\n|poke|p2|Arcanine, M|\n|poke|p2|Gallade, M|\n|poke|p2|Gholdengo|\n|teampreview\n|\n|t:|1698909702\n|start\n|switch|p1a: Sneasler|Sneasler, M, shiny|100\/100\n|switch|p1b: Clefable|Clefable, M|100\/100\n|switch|p2a: Amoonguss|Amoonguss, F|100\/100\n|switch|p2b: Hydreigon|Hydreigon, F|100\/100\n|turn|1\n|\n|t:|1698909735\n|move|p2b: Hydreigon|Protect|p2b: Hydreigon\n|-singleturn|p2b: Hydreigon|Protect\n|move|p1a: Sneasler|Fake Out|p2a: Amoonguss\n|-damage|p2a: Amoonguss|83\/100\n|move|p1b: Clefable|Calm Mind|p1b: Clefable\n|-boost|p1b: Clefable|spa|1\n|-boost|p1b: Clefable|spd|1\n|cant|p2a: Amoonguss|flinch\n|\n|-heal|p2a: Amoonguss|89\/100|[from] item: Leftovers\n|upkeep\n|turn|2\n|\n|t:|1698909779\n|-terastallize|p2b: Hydreigon|Dark\n|move|p1a: Sneasler|Hone Claws|p1a: Sneasler\n|-boost|p1a: Sneasler|atk|1\n|-boost|p1a: Sneasler|accuracy|1\n|move|p2b: Hydreigon|Heat Wave|p1a: Sneasler|[spread] p1a,p1b\n|-crit|p1a: Sneasler\n|-damage|p1a: Sneasler|49\/100\n|-damage|p1b: Clefable|86\/100\n|move|p1b: Clefable|Draining Kiss|p2b: Hydreigon\n|-supereffective|p2b: Hydreigon\n|-damage|p2b: Hydreigon|43\/100\n|-heal|p1b: Clefable|100\/100|[from] drain|[of] p2b: Hydreigon\n|move|p2a: Amoonguss|Spore|p1b: Clefable\n|-status|p1b: Clefable|slp|[from] move: Spore\n|\n|-heal|p2a: Amoonguss|95\/100|[from] item: Leftovers\n|upkeep\n|turn|3\n|\n|t:|1698909823\n|move|p2b: Hydreigon|Protect|p2b: Hydreigon\n|-singleturn|p2b: Hydreigon|Protect\n|move|p1a: Sneasler|Night Slash|p2a: Amoonguss\n|-damage|p2a: Amoonguss|50\/100\n|cant|p1b: Clefable|slp\n|move|p2a: Amoonguss|Pollen Puff|p2b: Hydreigon\n|-activate|p2b: Hydreigon|move: Protect\n|\n|-heal|p2a: Amoonguss|57\/100|[from] item: Leftovers\n|upkeep\n|turn|4\n|\n|t:|1698909842\n|move|p1a: Sneasler|Night Slash|p2a: Amoonguss\n|-damage|p2a: Amoonguss|15\/100\n|-status|p1a: Sneasler|slp|[from] ability: Effect Spore|[of] p2a: Amoonguss\n|move|p2b: Hydreigon|Heat Wave|p1b: Clefable|[spread] p1a,p1b\n|-damage|p1a: Sneasler|16\/100 slp\n|-damage|p1b: Clefable|86\/100 slp\n|-enditem|p1a: Sneasler|Aguav Berry|[eat]\n|-heal|p1a: Sneasler|50\/100 slp|[from] item: Aguav Berry\n|-curestatus|p1b: Clefable|slp|[msg]\n|move|p1b: Clefable|Life Dew|p1b: Clefable|[spread] p1a,p1b\n|-heal|p1a: Sneasler|75\/100 slp\n|-heal|p1b: Clefable|100\/100\n|move|p2a: Amoonguss|Pollen Puff|p2b: Hydreigon\n|-heal|p2b: Hydreigon|93\/100\n|\n|-heal|p2a: Amoonguss|21\/100|[from] item: Leftovers\n|upkeep\n|turn|5\n|inactive|Battle timer is ON: inactive players will automatically lose when time's up. (requested by EPIC555)\n|\n|t:|1698909893\n|switch|p2a: Sylveon|Sylveon, M|100\/100\n|cant|p1a: Sneasler|slp\n|move|p2b: Hydreigon|Draco Meteor|p1a: Sneasler\n|-damage|p1a: Sneasler|0 fnt\n|-unboost|p2b: Hydreigon|spa|2\n|faint|p1a: Sneasler\n|move|p1b: Clefable|Calm Mind|p1b: Clefable\n|-boost|p1b: Clefable|spa|1\n|-boost|p1b: Clefable|spd|1\n|\n|upkeep\n|inactive|XX_MSI_AniMal_XX has 120 seconds left.\n|\n|t:|1698909924\n|switch|p1a: Empoleon|Empoleon, M|100\/100\n|turn|6\n|\n|t:|1698909939\n|move|p2b: Hydreigon|Protect|p2b: Hydreigon\n|-singleturn|p2b: Hydreigon|Protect\n|move|p2a: Sylveon|Protect|p2a: Sylveon\n|-singleturn|p2a: Sylveon|Protect\n|move|p1b: Clefable|Calm Mind|p1b: Clefable\n|-boost|p1b: Clefable|spa|1\n|-boost|p1b: Clefable|spd|1\n|move|p1a: Empoleon|Yawn|p2b: Hydreigon\n|-activate|p2b: Hydreigon|move: Protect\n|\n|upkeep\n|turn|7\n|\n|t:|1698909967\n|move|p2a: Sylveon|Helping Hand|p2b: Hydreigon\n|-singleturn|p2b: Hydreigon|Helping Hand|[of] p2a: Sylveon\n|move|p2b: Hydreigon|Draco Meteor|p1a: Empoleon\n|-resisted|p1a: Empoleon\n|-damage|p1a: Empoleon|84\/100\n|-unboost|p2b: Hydreigon|spa|2\n|move|p1a: Empoleon|Yawn|p2a: Sylveon\n|-start|p2a: Sylveon|move: Yawn|[of] p1a: Empoleon\n|move|p1b: Clefable|Draining Kiss|p2b: Hydreigon\n|-supereffective|p2b: Hydreigon\n|-damage|p2b: Hydreigon|0 fnt\n|faint|p2b: Hydreigon\n|\n|upkeep\n|inactive|EPIC555 has 120 seconds left.\n|\n|t:|1698909981\n|switch|p2b: Gallade|Gallade, M|100\/100\n|turn|8\n|\n|t:|1698910005\n|move|p2a: Sylveon|Helping Hand|p2b: Gallade\n|-singleturn|p2b: Gallade|Helping Hand|[of] p2a: Sylveon\n|move|p1b: Clefable|Protect|p1b: Clefable\n|-singleturn|p1b: Clefable|Protect\n|move|p2b: Gallade|Poison Jab|p1b: Clefable\n|-activate|p1b: Clefable|move: Protect\n|move|p1a: Empoleon|Surf|p2b: Gallade|[spread] p2a,p2b\n|-activate|p1b: Clefable|move: Protect\n|-damage|p2a: Sylveon|88\/100\n|-damage|p2b: Gallade|72\/100\n|\n|-end|p2a: Sylveon|move: Yawn|[silent]\n|-status|p2a: Sylveon|slp\n|upkeep\n|turn|9\n|\n|t:|1698910030\n|switch|p1b: Garchomp|Garchomp, F|100\/100\n|cant|p2a: Sylveon|slp\n|move|p2b: Gallade|Sacred Sword|p1a: Empoleon\n|-supereffective|p1a: Empoleon\n|-damage|p1a: Empoleon|0 fnt\n|faint|p1a: Empoleon\n|\n|upkeep\n|inactive|XX_MSI_AniMal_XX has 120 seconds left.\n|\n|t:|1698910064\n|switch|p1a: Grimmsnarl|Grimmsnarl, M|100\/100\n|turn|10\n|inactive|XX_MSI_AniMal_XX has 120 seconds left.\n|inactive|EPIC555 has 120 seconds left.\n|\n|t:|1698910095\n|switch|p2a: Amoonguss|Amoonguss, F|21\/100\n|move|p2b: Gallade|Protect|p2b: Gallade\n|-singleturn|p2b: Gallade|Protect\n|move|p1a: Grimmsnarl|Fake Out|p2b: Gallade\n|-activate|p2b: Gallade|move: Protect\n|move|p1b: Garchomp|Iron Head|p2a: Amoonguss\n|-damage|p2a: Amoonguss|0 fnt\n|faint|p2a: Amoonguss\n|\n|upkeep\n|inactive|EPIC555 has 120 seconds left.\n|\n|t:|1698910109\n|switch|p2a: Gholdengo|Gholdengo|100\/100\n|turn|11\n|inactive|XX_MSI_AniMal_XX has 120 seconds left.\n|inactive|EPIC555 has 120 seconds left.\n|\n|t:|1698910154\n|move|p1b: Garchomp|Protect|p1b: Garchomp\n|-singleturn|p1b: Garchomp|Protect\n|move|p2a: Gholdengo|Make It Rain|p1a: Grimmsnarl|[spread] p1a\n|-activate|p1b: Garchomp|move: Protect\n|-supereffective|p1a: Grimmsnarl\n|-damage|p1a: Grimmsnarl|0 fnt\n|-unboost|p2a: Gholdengo|spa|1\n|faint|p1a: Grimmsnarl\n|move|p2b: Gallade|Poison Jab|p1b: Garchomp\n|-activate|p1b: Garchomp|move: Protect\n|\n|upkeep\n|inactive|XX_MSI_AniMal_XX has 90 seconds left.\n|\n|t:|1698910174\n|switch|p1a: Arcanine|Arcanine-Hisui, M|100\/100\n|-ability|p1a: Arcanine|Intimidate|boost\n|-unboost|p2a: Gholdengo|atk|1\n|-unboost|p2b: Gallade|atk|1\n|turn|12\n|inactive|EPIC555 has 120 seconds left.\n|\n|t:|1698910212\n|move|p1b: Garchomp|Poison Jab|p2b: Gallade\n|-damage|p2b: Gallade|24\/100\n|-status|p2b: Gallade|psn\n|-enditem|p2b: Gallade|Figy Berry|[eat]\n|-heal|p2b: Gallade|57\/100 psn|[from] item: Figy Berry\n|move|p1a: Arcanine|Snarl|p2a: Gholdengo|[spread] p2a,p2b\n|-supereffective|p2a: Gholdengo\n|-damage|p2a: Gholdengo|76\/100\n|-damage|p2b: Gallade|43\/100 psn\n|-unboost|p2a: Gholdengo|spa|1\n|-unboost|p2b: Gallade|spa|1\n|move|p2a: Gholdengo|Thunder|p1a: Arcanine\n|-damage|p1a: Arcanine|76\/100\n|-status|p1a: Arcanine|par\n|move|p2b: Gallade|Sacred Sword|p1a: Arcanine\n|-supereffective|p1a: Arcanine\n|-damage|p1a: Arcanine|0 fnt\n|faint|p1a: Arcanine\n|\n|-damage|p2b: Gallade|31\/100 psn|[from] psn\n|upkeep\n|inactive|XX_MSI_AniMal_XX has 90 seconds left.\n|\n|t:|1698910234\n|switch|p1a: Clefable|Clefable, M|100\/100\n|turn|13\n|\n|t:|1698910257\n|move|p2b: Gallade|Protect|p2b: Gallade\n|-singleturn|p2b: Gallade|Protect\n|move|p1a: Clefable|Protect|p1a: Clefable\n|-singleturn|p1a: Clefable|Protect\n|move|p1b: Garchomp|Earthquake|p2b: Gallade|[spread] p2a\n|-activate|p1a: Clefable|move: Protect\n|-activate|p2b: Gallade|move: Protect\n|-supereffective|p2a: Gholdengo\n|-damage|p2a: Gholdengo|0 fnt\n|faint|p2a: Gholdengo\n|\n|-damage|p2b: Gallade|19\/100 psn|[from] psn\n|upkeep\n|inactive|EPIC555 has 120 seconds left.\n|\n|t:|1698910278\n|switch|p2a: Arcanine|Arcanine, M|100\/100\n|-ability|p2a: Arcanine|Intimidate|boost\n|-unboost|p1a: Clefable|atk|1\n|-unboost|p1b: Garchomp|atk|1\n|turn|14\n|inactive|XX_MSI_AniMal_XX has 120 seconds left.\n|\n|t:|1698910305\n|move|p1b: Garchomp|Poison Jab|p2a: Arcanine\n|-damage|p2a: Arcanine|78\/100\n|move|p2a: Arcanine|Play Rough|p1b: Garchomp\n|-supereffective|p1b: Garchomp\n|-damage|p1b: Garchomp|30\/100\n|-damage|p2a: Arcanine|66\/100|[from] ability: Rough Skin|[of] p1b: Garchomp\n|-damage|p2a: Arcanine|49\/100|[from] item: Rocky Helmet|[of] p1b: Garchomp\n|-damage|p2a: Arcanine|39\/100|[from] item: Life Orb\n|move|p2b: Gallade|Poison Jab|p1a: Clefable\n|-supereffective|p1a: Clefable\n|-damage|p1a: Clefable|73\/100\n|move|p1a: Clefable|Calm Mind|p1a: Clefable\n|-boost|p1a: Clefable|spa|1\n|-boost|p1a: Clefable|spd|1\n|\n|-heal|p1a: Clefable|79\/100|[from] item: Leftovers\n|-damage|p2b: Gallade|7\/100 psn|[from] psn\n|upkeep\n|turn|15\n|inactive|XX_MSI_AniMal_XX has 120 seconds left.\n|inactive|EPIC555 has 120 seconds left.\n|\n|t:|1698910341\n|move|p1b: Garchomp|Protect|p1b: Garchomp\n|-singleturn|p1b: Garchomp|Protect\n|move|p2a: Arcanine|Extreme Speed|p1b: Garchomp\n|-activate|p1b: Garchomp|move: Protect\n|move|p2b: Gallade|Sacred Sword|p1a: Clefable\n|-resisted|p1a: Clefable\n|-damage|p1a: Clefable|62\/100\n|move|p1a: Clefable|Calm Mind|p1a: Clefable\n|-boost|p1a: Clefable|spa|1\n|-boost|p1a: Clefable|spd|1\n|\n|-heal|p1a: Clefable|68\/100|[from] item: Leftovers\n|-damage|p2b: Gallade|0 fnt|[from] psn\n|faint|p2b: Gallade\n|upkeep\n|\n|t:|1698910346\n|switch|p2b: Sylveon|Sylveon, M|88\/100 slp\n|turn|16\n|\n|t:|1698910366\n|move|p2a: Arcanine|Extreme Speed|p1b: Garchomp\n|-damage|p1b: Garchomp|0 fnt\n|-damage|p2a: Arcanine|27\/100|[from] ability: Rough Skin|[of] p1b: Garchomp\n|-damage|p2a: Arcanine|10\/100|[from] item: Rocky Helmet|[of] p1b: Garchomp\n|faint|p1b: Garchomp\n|-damage|p2a: Arcanine|0 fnt|[from] item: Life Orb\n|faint|p2a: Arcanine\n|move|p1a: Clefable|Life Dew|p1a: Clefable\n|-heal|p1a: Clefable|93\/100\n|-curestatus|p2b: Sylveon|slp|[msg]\n|move|p2b: Sylveon|Hyper Voice|p1a: Clefable\n|-damage|p1a: Clefable|82\/100\n|\n|-heal|p1a: Clefable|88\/100|[from] item: Leftovers\n|upkeep\n|turn|17\n|\n|t:|1698910385\n|move|p2b: Sylveon|Protect|p2b: Sylveon\n|-singleturn|p2b: Sylveon|Protect\n|move|p1a: Clefable|Calm Mind|p1a: Clefable\n|-boost|p1a: Clefable|spa|1\n|-boost|p1a: Clefable|spd|1\n|\n|-heal|p1a: Clefable|94\/100|[from] item: Leftovers\n|upkeep\n|turn|18\n|\n|t:|1698910396\n|move|p2b: Sylveon|Wish|p2b: Sylveon\n|move|p1a: Clefable|Draining Kiss|p2b: Sylveon\n|-damage|p2b: Sylveon|68\/100\n|-heal|p1a: Clefable|100\/100|[from] drain|[of] p2b: Sylveon\n|\n|upkeep\n|turn|19\n|\n|t:|1698910409\n|move|p1a: Clefable|Calm Mind|p1a: Clefable\n|-boost|p1a: Clefable|spa|1\n|-boost|p1a: Clefable|spd|1\n|move|p2b: Sylveon|Hyper Voice|p1a: Clefable\n|-damage|p1a: Clefable|93\/100\n|\n|-heal|p2b: Sylveon|100\/100|[from] move: Wish|[wisher] Sylveon\n|-heal|p1a: Clefable|99\/100|[from] item: Leftovers\n|upkeep\n|turn|20\n|\n|t:|1698910420\n|move|p2b: Sylveon|Hyper Voice|p1a: Clefable\n|-damage|p1a: Clefable|92\/100\n|move|p1a: Clefable|Calm Mind|p1a: Clefable\n|-boost|p1a: Clefable|spa|1\n|-boost|p1a: Clefable|spd|1\n|\n|-heal|p1a: Clefable|98\/100|[from] item: Leftovers\n|upkeep\n|turn|21\n|c|\u2606EPIC555|Plz give up\n|\n|t:|1698910434\n|move|p2b: Sylveon|Hyper Voice|p1a: Clefable\n|-damage|p1a: Clefable|92\/100\n|move|p1a: Clefable|Calm Mind|p1a: Clefable\n|-boost|p1a: Clefable|spa|1\n|-boost|p1a: Clefable|spd|1\n|\n|-heal|p1a: Clefable|98\/100|[from] item: Leftovers\n|upkeep\n|turn|22\n|\n|t:|1698910453\n|-terastallize|p1a: Clefable|Fairy\n|move|p1a: Clefable|Draining Kiss|p2b: Sylveon\n|-damage|p2b: Sylveon|44\/100\n|-heal|p1a: Clefable|100\/100|[from] drain|[of] p2b: Sylveon\n|move|p2b: Sylveon|Wish|p2b: Sylveon\n|\n|upkeep\n|turn|23\n|\n|t:|1698910464\n|move|p2b: Sylveon|Protect|p2b: Sylveon\n|-singleturn|p2b: Sylveon|Protect\n|move|p1a: Clefable|Draining Kiss|p2b: Sylveon\n|-activate|p2b: Sylveon|move: Protect\n|\n|-heal|p2b: Sylveon|94\/100|[from] move: Wish|[wisher] Sylveon\n|upkeep\n|turn|24\n|\n|t:|1698910478\n|move|p2b: Sylveon|Hyper Voice|p1a: Clefable\n|-damage|p1a: Clefable|95\/100\n|move|p1a: Clefable|Draining Kiss|p2b: Sylveon\n|-damage|p2b: Sylveon|40\/100\n|-heal|p1a: Clefable|100\/100|[from] drain|[of] p2b: Sylveon\n|\n|upkeep\n|turn|25\n|\n|t:|1698910489\n|move|p2b: Sylveon|Protect|p2b: Sylveon\n|-singleturn|p2b: Sylveon|Protect\n|move|p1a: Clefable|Draining Kiss|p2b: Sylveon\n|-activate|p2b: Sylveon|move: Protect\n|\n|upkeep\n|turn|26\n|\n|t:|1698910498\n|move|p1a: Clefable|Draining Kiss|p2b: Sylveon\n|-damage|p2b: Sylveon|0 fnt\n|faint|p2b: Sylveon\n|\n|win|XX_MSI_AniMal_XX\n|raw|XX_MSI_AniMal_XX's rating: 1137 &rarr; <strong>1155<\/strong><br \/>(+18 for winning)\n|raw|EPIC555's rating: 1040 &rarr; <strong>1028<\/strong><br \/>(-12 for losing)\n|l|\u2606EPIC555\n","uploadtime":1698910504,"views":19,"p1id":"xxmsianimalxx","p2id":"epic555","formatid":"gen9doublesou","rating":1028,"private":0,"password":""}