{"id":"gen9doublesou-1986122846","p1":"LennyTheLing","p2":"UY QUE RICO PAPI","format":"[Gen 9] Doubles OU","log":"|j|\u2606LennyTheLing\n|j|\u2606UY QUE RICO PAPI\n|t:|1699452391\n|gametype|doubles\n|player|p1|LennyTheLing|265|1341\n|player|p2|UY QUE RICO PAPI|102|1339\n|teamsize|p1|6\n|teamsize|p2|6\n|gen|9\n|tier|[Gen 9] Doubles OU\n|rated|\n|rule|Species Clause: Limit one of each Pok\u00e9mon\n|rule|OHKO Clause: OHKO moves are banned\n|rule|Evasion Moves Clause: Evasion moves are banned\n|rule|Gravity Sleep Clause: The combination of sleep-inducing moves with imperfect accuracy and Gravity or Gigantamax Orbeetle are banned\n|rule|Endless Battle Clause: Forcing endless battles is banned\n|rule|HP Percentage Mod: HP is shown in percentages\n|clearpoke\n|poke|p1|Meowscarada, F|\n|poke|p1|Rillaboom, M|\n|poke|p1|Cyclizar, F|\n|poke|p1|Gholdengo|\n|poke|p1|Tyranitar, M|\n|poke|p1|Arcanine, M|\n|poke|p2|Trevenant, M|\n|poke|p2|Sableye, M|\n|poke|p2|Garganacl, F|\n|poke|p2|Ting-Lu|\n|poke|p2|Sinistcha|\n|poke|p2|Scream Tail|\n|teampreview\n|inactive|Battle timer is ON: inactive players will automatically lose when time's up. (requested by UY QUE RICO PAPI)\n|\n|t:|1699452420\n|start\n|switch|p1a: Rillaboom|Rillaboom, M, shiny|100\/100\n|switch|p1b: Cyclizar|Cyclizar, F|100\/100\n|switch|p2a: Sableye|Sableye, M|100\/100\n|switch|p2b: Scream Tail|Scream Tail|100\/100\n|-fieldstart|move: Grassy Terrain|[from] ability: Grassy Surge|[of] p1a: Rillaboom\n|turn|1\n|\n|t:|1699452444\n|move|p1a: Rillaboom|Fake Out|p2a: Sableye\n|-immune|p2a: Sableye\n|move|p2a: Sableye|Taunt|p1b: Cyclizar\n|-start|p1b: Cyclizar|move: Taunt\n|cant|p1b: Cyclizar|move: Taunt|Shed Tail\n|move|p2b: Scream Tail|Stealth Rock|p1b: Cyclizar\n|-sidestart|p1: LennyTheLing|move: Stealth Rock\n|\n|upkeep\n|turn|2\n|\n|t:|1699452469\n|move|p2a: Sableye|Reflect|p2a: Sableye\n|-sidestart|p2: UY QUE RICO PAPI|Reflect\n|move|p1b: Cyclizar|U-turn|p2a: Sableye\n|-damage|p2a: Sableye|81\/100\n|\n|t:|1699452479\n|switch|p1b: Arcanine|Arcanine, M, shiny|100\/100|[from] U-turn\n|-damage|p1b: Arcanine|75\/100|[from] Stealth Rock\n|-ability|p1b: Arcanine|Intimidate|boost\n|-unboost|p2a: Sableye|atk|1\n|-unboost|p2b: Scream Tail|atk|1\n|move|p2b: Scream Tail|Encore|p1a: Rillaboom\n|-start|p1a: Rillaboom|Encore\n|move|p1a: Rillaboom|Fake Out||[still]\n|-hint|Fake Out only works on your first turn out.\n|-fail|p1a: Rillaboom\n|\n|-heal|p1b: Arcanine|82\/100|[from] Grassy Terrain\n|-heal|p2a: Sableye|87\/100|[from] Grassy Terrain\n|upkeep\n|turn|3\n|\n|t:|1699452505\n|switch|p1a: Gholdengo|Gholdengo|100\/100\n|-damage|p1a: Gholdengo|94\/100|[from] Stealth Rock\n|move|p2a: Sableye|Light Screen|p2a: Sableye\n|-sidestart|p2: UY QUE RICO PAPI|move: Light Screen\n|move|p2b: Scream Tail|Amnesia|p2b: Scream Tail\n|-boost|p2b: Scream Tail|spd|2\n|move|p1b: Arcanine|Will-O-Wisp|p2a: Sableye|[miss]\n|-miss|p1b: Arcanine|p2a: Sableye\n|\n|-heal|p1b: Arcanine|88\/100|[from] Grassy Terrain\n|-heal|p1a: Gholdengo|100\/100|[from] Grassy Terrain\n|-heal|p2a: Sableye|93\/100|[from] Grassy Terrain\n|upkeep\n|turn|4\n|inactive|UY QUE RICO PAPI has 120 seconds left.\n|\n|t:|1699452545\n|switch|p2a: Ting-Lu|Ting-Lu|100\/100\n|-ability|p2a: Ting-Lu|Vessel of Ruin\n|-terastallize|p1a: Gholdengo|Steel\n|move|p1b: Arcanine|Extreme Speed|p2b: Scream Tail\n|-damage|p2b: Scream Tail|93\/100\n|move|p2b: Scream Tail|Baton Pass|p2b: Scream Tail\n|inactive|UY QUE RICO PAPI has 90 seconds left.\n|\n|t:|1699452571\n|-end|p2b: Scream Tail|Protosynthesis|[silent]\n|switch|p2b: Garganacl|Garganacl, F|100\/100|[from] Baton Pass\n|move|p1a: Gholdengo|Make It Rain|p2a: Ting-Lu|[spread] p2a,p2b\n|-supereffective|p2b: Garganacl\n|-damage|p2a: Ting-Lu|67\/100\n|-damage|p2b: Garganacl|62\/100\n|-unboost|p1a: Gholdengo|spa|1\n|\n|-heal|p1b: Arcanine|94\/100|[from] Grassy Terrain\n|-heal|p2a: Ting-Lu|73\/100|[from] Grassy Terrain\n|-heal|p2a: Ting-Lu|79\/100|[from] item: Leftovers\n|-heal|p2b: Garganacl|68\/100|[from] Grassy Terrain\n|upkeep\n|turn|5\n|inactive|UY QUE RICO PAPI has 90 seconds left.\n|\n|t:|1699452598\n|switch|p1a: Tyranitar|Tyranitar, M, shiny|100\/100\n|-damage|p1a: Tyranitar|88\/100|[from] Stealth Rock\n|-weather|Sandstorm|[from] ability: Sand Stream|[of] p1a: Tyranitar\n|move|p1b: Arcanine|Protect|p1b: Arcanine\n|-singleturn|p1b: Arcanine|Protect\n|move|p2a: Ting-Lu|Spikes|p1a: Tyranitar\n|-sidestart|p1: LennyTheLing|Spikes\n|move|p2b: Garganacl|Curse|p2b: Garganacl\n|-unboost|p2b: Garganacl|spe|1\n|-boost|p2b: Garganacl|atk|1\n|-boost|p2b: Garganacl|def|1\n|\n|-weather|Sandstorm|[upkeep]\n|-heal|p1b: Arcanine|99\/100|[from] Grassy Terrain\n|-heal|p1a: Tyranitar|94\/100|[from] Grassy Terrain\n|-heal|p2a: Ting-Lu|86\/100|[from] Grassy Terrain\n|-heal|p2a: Ting-Lu|92\/100|[from] item: Leftovers\n|-heal|p2b: Garganacl|74\/100|[from] Grassy Terrain\n|-fieldend|move: Grassy Terrain\n|upkeep\n|turn|6\n|inactive|UY QUE RICO PAPI has 90 seconds left.\n|inactive|LennyTheLing has 120 seconds left.\n|\n|t:|1699452636\n|move|p1b: Arcanine|Will-O-Wisp|p2a: Ting-Lu|[miss]\n|-miss|p1b: Arcanine|p2a: Ting-Lu\n|move|p1a: Tyranitar|Knock Off|p2a: Ting-Lu\n|-resisted|p2a: Ting-Lu\n|-damage|p2a: Ting-Lu|86\/100\n|-enditem|p2a: Ting-Lu|Leftovers|[from] move: Knock Off|[of] p1a: Tyranitar\n|move|p2a: Ting-Lu|Spikes|p1a: Tyranitar\n|-sidestart|p1: LennyTheLing|Spikes\n|move|p2b: Garganacl|Recover|p2b: Garganacl\n|-heal|p2b: Garganacl|100\/100\n|\n|-weather|Sandstorm|[upkeep]\n|upkeep\n|turn|7\n|inactive|LennyTheLing has 120 seconds left.\n|\n|t:|1699452669\n|move|p1b: Arcanine|Will-O-Wisp|p2a: Ting-Lu\n|-status|p2a: Ting-Lu|brn\n|move|p2a: Ting-Lu|Spikes|p1b: Arcanine\n|-sidestart|p1: LennyTheLing|Spikes\n|move|p2b: Garganacl|Curse|p2b: Garganacl\n|-unboost|p2b: Garganacl|spe|1\n|-boost|p2b: Garganacl|atk|1\n|-boost|p2b: Garganacl|def|1\n|move|p1a: Tyranitar|Avalanche|p2a: Ting-Lu\n|-supereffective|p2a: Ting-Lu\n|-damage|p2a: Ting-Lu|77\/100 brn\n|\n|-weather|Sandstorm|[upkeep]\n|-damage|p2a: Ting-Lu|70\/100 brn|[from] brn\n|upkeep\n|turn|8\n|inactive|UY QUE RICO PAPI has 120 seconds left.\n|\n|t:|1699452701\n|switch|p1a: Rillaboom|Rillaboom, M, shiny|100\/100\n|-damage|p1a: Rillaboom|88\/100|[from] Stealth Rock\n|-damage|p1a: Rillaboom|63\/100|[from] Spikes\n|-fieldstart|move: Grassy Terrain|[from] ability: Grassy Surge|[of] p1a: Rillaboom\n|move|p1b: Arcanine|Protect|p1b: Arcanine\n|-singleturn|p1b: Arcanine|Protect\n|move|p2a: Ting-Lu|Mean Look|p1b: Arcanine\n|-activate|p1b: Arcanine|trapped\n|move|p2b: Garganacl|Salt Cure|p1b: Arcanine\n|-activate|p1b: Arcanine|move: Protect\n|\n|-weather|Sandstorm|[upkeep]\n|-damage|p1a: Rillaboom|57\/100|[from] Sandstorm\n|-heal|p1b: Arcanine|100\/100|[from] Grassy Terrain\n|-heal|p1a: Rillaboom|63\/100|[from] Grassy Terrain\n|-heal|p2a: Ting-Lu|77\/100 brn|[from] Grassy Terrain\n|-damage|p2a: Ting-Lu|70\/100 brn|[from] brn\n|upkeep\n|turn|9\n|inactive|LennyTheLing has 120 seconds left.\n|inactive|LennyTheLing has 90 seconds left.\n|\n|t:|1699452775\n|-terastallize|p2b: Garganacl|Ghost\n|move|p2a: Ting-Lu|Protect|p2a: Ting-Lu\n|-singleturn|p2a: Ting-Lu|Protect\n|move|p1a: Rillaboom|Fake Out|p2b: Garganacl\n|-immune|p2b: Garganacl\n|move|p1b: Arcanine|Extreme Speed|p2a: Ting-Lu\n|-activate|p2a: Ting-Lu|move: Protect\n|move|p2b: Garganacl|Salt Cure|p1b: Arcanine\n|-supereffective|p1b: Arcanine\n|-damage|p1b: Arcanine|59\/100\n|-start|p1b: Arcanine|Salt Cure\n|\n|-weather|none\n|-heal|p1b: Arcanine|65\/100|[from] Grassy Terrain\n|-heal|p1a: Rillaboom|69\/100|[from] Grassy Terrain\n|-heal|p2a: Ting-Lu|77\/100 brn|[from] Grassy Terrain\n|-damage|p2a: Ting-Lu|70\/100 brn|[from] brn\n|-damage|p1b: Arcanine|53\/100|[from] Salt Cure\n|-sideend|p2: UY QUE RICO PAPI|Reflect\n|upkeep\n|turn|10\n|inactive|UY QUE RICO PAPI has 120 seconds left.\n|inactive|LennyTheLing has 90 seconds left.\n|\n|t:|1699452810\n|move|p1b: Arcanine|Protect|p1b: Arcanine\n|-singleturn|p1b: Arcanine|Protect\n|move|p1a: Rillaboom|Knock Off|p2b: Garganacl\n|-supereffective|p2b: Garganacl\n|-damage|p2b: Garganacl|85\/100\n|-enditem|p2b: Garganacl|Sitrus Berry|[from] move: Knock Off|[of] p1a: Rillaboom\n|move|p2b: Garganacl|Curse|p1a: Rillaboom\n|-start|p1a: Rillaboom|Curse|[of] p2b: Garganacl\n|-damage|p2b: Garganacl|35\/100\n|move|p2a: Ting-Lu|Whirlwind|p1a: Rillaboom\n|drag|p1a: Meowscarada|Meowscarada, F, shiny|100\/100\n|-damage|p1a: Meowscarada|88\/100|[from] Stealth Rock\n|-damage|p1a: Meowscarada|63\/100|[from] Spikes\n|\n|-heal|p1a: Meowscarada|70\/100|[from] Grassy Terrain\n|-heal|p1b: Arcanine|59\/100|[from] Grassy Terrain\n|-heal|p2a: Ting-Lu|77\/100 brn|[from] Grassy Terrain\n|-heal|p2b: Garganacl|41\/100|[from] Grassy Terrain\n|-damage|p2a: Ting-Lu|70\/100 brn|[from] brn\n|-damage|p1b: Arcanine|47\/100|[from] Salt Cure\n|-sideend|p2: UY QUE RICO PAPI|move: Light Screen\n|upkeep\n|turn|11\n|inactive|LennyTheLing has 90 seconds left.\n|l|\u2606LennyTheLing\n|inactive|LennyTheLing disconnected and has a minute to reconnect!\n|player|p1|\n|j|\u2606LennyTheLing\n|inactive|LennyTheLing reconnected and has 60 seconds left.\n|player|p1|LennyTheLing|265\n|\n|t:|1699452865\n|switch|p2a: Sinistcha|Sinistcha|100\/100\n|-heal|p2b: Garganacl|66\/100|[from] ability: Hospitality|[of] p2a: Sinistcha\n|move|p1a: Meowscarada|Flower Trick|p2a: Sinistcha\n|-start|p1a: Meowscarada|typechange|Grass|[from] ability: Protean\n|-resisted|p2a: Sinistcha\n|-crit|p2a: Sinistcha\n|-damage|p2a: Sinistcha|72\/100\n|-damage|p1a: Meowscarada|60\/100|[from] item: Life Orb\n|move|p1b: Arcanine|Flare Blitz|p2b: Garganacl\n|-crit|p2b: Garganacl\n|-damage|p2b: Garganacl|26\/100\n|-damage|p1b: Arcanine|33\/100|[from] Recoil\n|move|p2b: Garganacl|Recover|p2b: Garganacl\n|-heal|p2b: Garganacl|76\/100\n|\n|-heal|p1a: Meowscarada|66\/100|[from] Grassy Terrain\n|-heal|p1b: Arcanine|39\/100|[from] Grassy Terrain\n|-heal|p2a: Sinistcha|79\/100|[from] Grassy Terrain\n|-heal|p2a: Sinistcha|85\/100|[from] item: Leftovers\n|-heal|p2b: Garganacl|82\/100|[from] Grassy Terrain\n|-damage|p1b: Arcanine|26\/100|[from] Salt Cure\n|upkeep\n|turn|12\n|inactive|LennyTheLing has 60 seconds left.\n|inactive|UY QUE RICO PAPI has 90 seconds left.\n|\n|t:|1699452903\n|switch|p1a: Cyclizar|Cyclizar, F|100\/100\n|-damage|p1a: Cyclizar|88\/100|[from] Stealth Rock\n|-damage|p1a: Cyclizar|63\/100|[from] Spikes\n|move|p2a: Sinistcha|Rage Powder|p2a: Sinistcha\n|-singleturn|p2a: Sinistcha|move: Rage Powder\n|move|p1b: Arcanine|Flare Blitz|p2a: Sinistcha\n|-supereffective|p2a: Sinistcha\n|-damage|p2a: Sinistcha|18\/100\n|-damage|p1b: Arcanine|6\/100|[from] Recoil\n|move|p2b: Garganacl|Salt Cure|p1a: Cyclizar\n|-damage|p1a: Cyclizar|26\/100\n|-start|p1a: Cyclizar|Salt Cure\n|\n|-heal|p1a: Cyclizar|32\/100|[from] Grassy Terrain\n|-heal|p1b: Arcanine|12\/100|[from] Grassy Terrain\n|-heal|p2a: Sinistcha|24\/100|[from] Grassy Terrain\n|-heal|p2a: Sinistcha|30\/100|[from] item: Leftovers\n|-heal|p2b: Garganacl|88\/100|[from] Grassy Terrain\n|-damage|p1a: Cyclizar|20\/100|[from] Salt Cure\n|-damage|p1b: Arcanine|0 fnt|[from] Salt Cure\n|faint|p1b: Arcanine\n|-fieldend|move: Grassy Terrain\n|upkeep\n|inactive|LennyTheLing has 30 seconds left.\n|\n|t:|1699452932\n|switch|p1b: Meowscarada|Meowscarada, F, shiny|66\/100\n|-damage|p1b: Meowscarada|54\/100|[from] Stealth Rock\n|-damage|p1b: Meowscarada|29\/100|[from] Spikes\n|turn|13\n|\n|t:|1699452951\n|move|p2a: Sinistcha|Rage Powder|p2a: Sinistcha\n|-singleturn|p2a: Sinistcha|move: Rage Powder\n|move|p1a: Cyclizar|U-turn|p2a: Sinistcha\n|-damage|p2a: Sinistcha|16\/100\n|\n|t:|1699452956\n|switch|p1a: Gholdengo|Gholdengo, tera:Steel|100\/100|[from] U-turn\n|-damage|p1a: Gholdengo|94\/100|[from] Stealth Rock\n|-damage|p1a: Gholdengo|70\/100|[from] Spikes\n|move|p1b: Meowscarada|Foul Play|p2b: Garganacl\n|-start|p1b: Meowscarada|typechange|Dark|[from] ability: Protean\n|-supereffective|p2b: Garganacl\n|-crit|p2b: Garganacl\n|-damage|p2b: Garganacl|0 fnt\n|faint|p2b: Garganacl\n|-damage|p1b: Meowscarada|19\/100|[from] item: Life Orb\n|\n|-heal|p2a: Sinistcha|22\/100|[from] item: Leftovers\n|upkeep\n|inactive|UY QUE RICO PAPI has 90 seconds left.\n|\n|t:|1699452989\n|switch|p2b: Sableye|Sableye, M|93\/100\n|turn|14\n|inactive|LennyTheLing has 60 seconds left.\n|\n|t:|1699453014\n|switch|p2a: Ting-Lu|Ting-Lu|70\/100 brn\n|-ability|p2a: Ting-Lu|Vessel of Ruin\n|move|p2b: Sableye|Light Screen|p2b: Sableye\n|-sidestart|p2: UY QUE RICO PAPI|move: Light Screen\n|move|p1b: Meowscarada|Foul Play|p2a: Ting-Lu\n|-resisted|p2a: Ting-Lu\n|-damage|p2a: Ting-Lu|63\/100 brn\n|-damage|p1b: Meowscarada|9\/100|[from] item: Life Orb\n|move|p1a: Gholdengo|Shadow Ball|p2b: Sableye\n|-damage|p2b: Sableye|61\/100\n|\n|-damage|p2a: Ting-Lu|57\/100 brn|[from] brn\n|upkeep\n|turn|15\n|inactive|UY QUE RICO PAPI has 120 seconds left.\n|inactive|LennyTheLing has 60 seconds left.\n|\n|t:|1699453035\n|move|p2a: Ting-Lu|Protect|p2a: Ting-Lu\n|-singleturn|p2a: Ting-Lu|Protect\n|move|p2b: Sableye|Reflect|p2b: Sableye\n|-sidestart|p2: UY QUE RICO PAPI|Reflect\n|move|p1b: Meowscarada|Play Rough|p2a: Ting-Lu\n|-activate|p2a: Ting-Lu|move: Protect\n|move|p1a: Gholdengo|Shadow Ball|p2b: Sableye\n|-damage|p2b: Sableye|27\/100\n|\n|-damage|p2a: Ting-Lu|50\/100 brn|[from] brn\n|upkeep\n|turn|16\n|inactive|UY QUE RICO PAPI has 120 seconds left.\n|\n|t:|1699453054\n|switch|p2b: Sinistcha|Sinistcha|22\/100\n|-heal|p2a: Ting-Lu|75\/100 brn|[from] ability: Hospitality|[of] p2b: Sinistcha\n|move|p1b: Meowscarada|Play Rough|p2a: Ting-Lu\n|-supereffective|p2a: Ting-Lu\n|-damage|p2a: Ting-Lu|56\/100 brn\n|-damage|p1b: Meowscarada|0 fnt|[from] item: Life Orb\n|faint|p1b: Meowscarada\n|move|p1a: Gholdengo|Shadow Ball|p2b: Sinistcha\n|-supereffective|p2b: Sinistcha\n|-damage|p2b: Sinistcha|0 fnt\n|faint|p2b: Sinistcha\n|move|p2a: Ting-Lu|Whirlwind|p1a: Gholdengo\n|-immune|p1a: Gholdengo|[from] ability: Good as Gold\n|\n|-damage|p2a: Ting-Lu|50\/100 brn|[from] brn\n|upkeep\n|inactive|LennyTheLing has 90 seconds left.\n|inactive|UY QUE RICO PAPI has 120 seconds left.\n|\n|t:|1699453086\n|switch|p1b: Cyclizar|Cyclizar, F|53\/100\n|switch|p2b: Scream Tail|Scream Tail|93\/100\n|-damage|p1b: Cyclizar|41\/100|[from] Stealth Rock\n|-damage|p1b: Cyclizar|16\/100|[from] Spikes\n|turn|17\n|inactive|LennyTheLing has 90 seconds left.\n|\n|t:|1699453098\n|move|p1b: Cyclizar|U-turn|p2a: Ting-Lu\n|-supereffective|p2a: Ting-Lu\n|-damage|p2a: Ting-Lu|39\/100 brn\n|\n|t:|1699453102\n|switch|p1b: Rillaboom|Rillaboom, M, shiny|69\/100|[from] U-turn\n|-damage|p1b: Rillaboom|57\/100|[from] Stealth Rock\n|-damage|p1b: Rillaboom|32\/100|[from] Spikes\n|-fieldstart|move: Grassy Terrain|[from] ability: Grassy Surge|[of] p1b: Rillaboom\n|move|p2b: Scream Tail|Amnesia|p2b: Scream Tail\n|-boost|p2b: Scream Tail|spd|2\n|move|p1a: Gholdengo|Shadow Ball|p2b: Scream Tail\n|-supereffective|p2b: Scream Tail\n|-damage|p2b: Scream Tail|71\/100\n|move|p2a: Ting-Lu|Whirlwind|p1b: Rillaboom\n|drag|p1b: Cyclizar|Cyclizar, F|49\/100\n|-damage|p1b: Cyclizar|37\/100|[from] Stealth Rock\n|-damage|p1b: Cyclizar|12\/100|[from] Spikes\n|\n|-heal|p1b: Cyclizar|18\/100|[from] Grassy Terrain\n|-heal|p2b: Scream Tail|77\/100|[from] Grassy Terrain\n|-heal|p1a: Gholdengo|76\/100|[from] Grassy Terrain\n|-heal|p2a: Ting-Lu|45\/100 brn|[from] Grassy Terrain\n|-damage|p2a: Ting-Lu|39\/100 brn|[from] brn\n|upkeep\n|turn|18\n|inactive|LennyTheLing has 90 seconds left.\n|inactive|UY QUE RICO PAPI has 120 seconds left.\n|\n|t:|1699453133\n|move|p1b: Cyclizar|U-turn|p2a: Ting-Lu\n|-supereffective|p2a: Ting-Lu\n|-damage|p2a: Ting-Lu|28\/100 brn\n|\n|t:|1699453136\n|switch|p1b: Tyranitar|Tyranitar, M, shiny|94\/100|[from] U-turn\n|-damage|p1b: Tyranitar|82\/100|[from] Stealth Rock\n|-damage|p1b: Tyranitar|57\/100|[from] Spikes\n|-weather|Sandstorm|[from] ability: Sand Stream|[of] p1b: Tyranitar\n|move|p2b: Scream Tail|Amnesia|p2b: Scream Tail\n|-boost|p2b: Scream Tail|spd|2\n|move|p1a: Gholdengo|Shadow Ball|p2b: Scream Tail\n|-supereffective|p2b: Scream Tail\n|-damage|p2b: Scream Tail|62\/100\n|move|p2a: Ting-Lu|Whirlwind|p1b: Tyranitar\n|drag|p1b: Rillaboom|Rillaboom, M, shiny|32\/100\n|-damage|p1b: Rillaboom|19\/100|[from] Stealth Rock\n|-damage|p1b: Rillaboom|0 fnt|[from] Spikes\n|faint|p1b: Rillaboom\n|\n|-weather|Sandstorm|[upkeep]\n|-damage|p2b: Scream Tail|56\/100|[from] Sandstorm\n|-heal|p2b: Scream Tail|62\/100|[from] Grassy Terrain\n|-heal|p1a: Gholdengo|82\/100|[from] Grassy Terrain\n|-heal|p2a: Ting-Lu|34\/100 brn|[from] Grassy Terrain\n|-damage|p2a: Ting-Lu|28\/100 brn|[from] brn\n|upkeep\n|inactive|LennyTheLing has 90 seconds left.\n|\n|t:|1699453166\n|switch|p1b: Cyclizar|Cyclizar, F|51\/100\n|-damage|p1b: Cyclizar|39\/100|[from] Stealth Rock\n|-damage|p1b: Cyclizar|14\/100|[from] Spikes\n|turn|19\n|inactive|LennyTheLing has 90 seconds left.\n|\n|t:|1699453179\n|move|p2a: Ting-Lu|Protect|p2a: Ting-Lu\n|-singleturn|p2a: Ting-Lu|Protect\n|move|p1b: Cyclizar|U-turn|p2a: Ting-Lu\n|-activate|p2a: Ting-Lu|move: Protect\n|move|p2b: Scream Tail|Baton Pass|p2b: Scream Tail\n|\n|t:|1699453192\n|-end|p2b: Scream Tail|Protosynthesis|[silent]\n|switch|p2b: Trevenant|Trevenant, M|100\/100|[from] Baton Pass\n|move|p1a: Gholdengo|Shadow Ball|p2b: Trevenant\n|-supereffective|p2b: Trevenant\n|-damage|p2b: Trevenant|78\/100\n|\n|-weather|Sandstorm|[upkeep]\n|-damage|p1b: Cyclizar|8\/100|[from] Sandstorm\n|-damage|p2b: Trevenant|72\/100|[from] Sandstorm\n|-heal|p1b: Cyclizar|14\/100|[from] Grassy Terrain\n|-heal|p1a: Gholdengo|88\/100|[from] Grassy Terrain\n|-heal|p2b: Trevenant|78\/100|[from] Grassy Terrain\n|-heal|p2a: Ting-Lu|34\/100 brn|[from] Grassy Terrain\n|-damage|p2a: Ting-Lu|28\/100 brn|[from] brn\n|upkeep\n|turn|20\n|inactive|UY QUE RICO PAPI has 120 seconds left.\n|\n|t:|1699453226\n|move|p1b: Cyclizar|U-turn|p2b: Trevenant\n|-damage|p2b: Trevenant|67\/100\n|inactive|LennyTheLing has 90 seconds left.\n|\n|t:|1699453240\n|switch|p1b: Tyranitar|Tyranitar, M, shiny|57\/100|[from] U-turn\n|-damage|p1b: Tyranitar|44\/100|[from] Stealth Rock\n|-damage|p1b: Tyranitar|19\/100|[from] Spikes\n|move|p1a: Gholdengo|Shadow Ball|p2b: Trevenant\n|-supereffective|p2b: Trevenant\n|-damage|p2b: Trevenant|44\/100\n|-enditem|p2b: Trevenant|Sitrus Berry|[eat]\n|-heal|p2b: Trevenant|69\/100|[from] item: Sitrus Berry\n|move|p2b: Trevenant|Leech Seed|p1b: Tyranitar\n|-start|p1b: Tyranitar|move: Leech Seed\n|move|p2a: Ting-Lu|Whirlwind|p1b: Tyranitar\n|drag|p1b: Cyclizar|Cyclizar, F|47\/100\n|-damage|p1b: Cyclizar|35\/100|[from] Stealth Rock\n|-damage|p1b: Cyclizar|10\/100|[from] Spikes\n|\n|-weather|Sandstorm|[upkeep]\n|-damage|p1b: Cyclizar|4\/100|[from] Sandstorm\n|-damage|p2b: Trevenant|63\/100|[from] Sandstorm\n|-heal|p1b: Cyclizar|10\/100|[from] Grassy Terrain\n|-heal|p1a: Gholdengo|94\/100|[from] Grassy Terrain\n|-heal|p2b: Trevenant|69\/100|[from] Grassy Terrain\n|-heal|p2a: Ting-Lu|34\/100 brn|[from] Grassy Terrain\n|-damage|p2a: Ting-Lu|28\/100 brn|[from] brn\n|upkeep\n|turn|21\n|inactive|LennyTheLing has 90 seconds left.\n|inactive|UY QUE RICO PAPI has 120 seconds left.\n|\n|t:|1699453271\n|move|p1b: Cyclizar|U-turn|p2b: Trevenant\n|-damage|p2b: Trevenant|60\/100\n|\n|t:|1699453274\n|switch|p1b: Tyranitar|Tyranitar, M, shiny|19\/100|[from] U-turn\n|-damage|p1b: Tyranitar|7\/100|[from] Stealth Rock\n|-damage|p1b: Tyranitar|0 fnt|[from] Spikes\n|faint|p1b: Tyranitar\n|move|p1a: Gholdengo|Shadow Ball|p2a: Ting-Lu\n|-resisted|p2a: Ting-Lu\n|-damage|p2a: Ting-Lu|15\/100 brn\n|-unboost|p2a: Ting-Lu|spd|1\n|move|p2b: Trevenant|Curse|p1a: Gholdengo\n|-immune|p1a: Gholdengo|[from] ability: Good as Gold\n|move|p2a: Ting-Lu|Whirlwind|p1a: Gholdengo\n|-immune|p1a: Gholdengo|[from] ability: Good as Gold\n|\n|-weather|Sandstorm|[upkeep]\n|-damage|p2b: Trevenant|53\/100|[from] Sandstorm\n|-heal|p1a: Gholdengo|99\/100|[from] Grassy Terrain\n|-heal|p2b: Trevenant|60\/100|[from] Grassy Terrain\n|-heal|p2a: Ting-Lu|21\/100 brn|[from] Grassy Terrain\n|-damage|p2a: Ting-Lu|15\/100 brn|[from] brn\n|-sideend|p2: UY QUE RICO PAPI|move: Light Screen\n|-fieldend|move: Grassy Terrain\n|-item|p2b: Trevenant|Sitrus Berry|[from] ability: Harvest\n|upkeep\n|inactive|LennyTheLing has 90 seconds left.\n|\n|t:|1699453297\n|switch|p1b: Cyclizar|Cyclizar, F|43\/100\n|-damage|p1b: Cyclizar|31\/100|[from] Stealth Rock\n|-damage|p1b: Cyclizar|6\/100|[from] Spikes\n|turn|22\n|\n|t:|1699453326\n|switch|p2a: Scream Tail|Scream Tail|62\/100\n|move|p2b: Trevenant|Protect|p2b: Trevenant\n|-singleturn|p2b: Trevenant|Protect\n|move|p1b: Cyclizar|U-turn|p2a: Scream Tail\n|-damage|p2a: Scream Tail|55\/100\n|move|p1a: Gholdengo|Shadow Ball|p2a: Scream Tail\n|-supereffective|p2a: Scream Tail\n|-damage|p2a: Scream Tail|0 fnt\n|faint|p2a: Scream Tail\n|-end|p2a: Scream Tail|Protosynthesis|[silent]\n|\n|-weather|none\n|-sideend|p2: UY QUE RICO PAPI|Reflect\n|upkeep\n|inactive|UY QUE RICO PAPI has 120 seconds left.\n|\n|t:|1699453338\n|switch|p2a: Sableye|Sableye, M|27\/100\n|turn|23\n|inactive|LennyTheLing has 120 seconds left.\n|\n|t:|1699453348\n|move|p2a: Sableye|Light Screen|p2a: Sableye\n|-sidestart|p2: UY QUE RICO PAPI|move: Light Screen\n|move|p1b: Cyclizar|U-turn|p2a: Sableye\n|-damage|p2a: Sableye|0 fnt\n|faint|p2a: Sableye\n|move|p1a: Gholdengo|Shadow Ball|p2b: Trevenant\n|-supereffective|p2b: Trevenant\n|-damage|p2b: Trevenant|32\/100\n|-unboost|p2b: Trevenant|spd|1\n|-enditem|p2b: Trevenant|Sitrus Berry|[eat]\n|-heal|p2b: Trevenant|56\/100|[from] item: Sitrus Berry\n|move|p2b: Trevenant|Leech Seed|p1b: Cyclizar\n|-start|p1b: Cyclizar|move: Leech Seed\n|\n|-damage|p1b: Cyclizar|0 fnt|[from] Leech Seed|[of] p2b: Trevenant\n|-heal|p2b: Trevenant|61\/100|[silent]\n|faint|p1b: Cyclizar\n|-item|p2b: Trevenant|Sitrus Berry|[from] ability: Harvest\n|upkeep\n|\n|t:|1699453364\n|switch|p2a: Ting-Lu|Ting-Lu|15\/100 brn\n|-ability|p2a: Ting-Lu|Vessel of Ruin\n|turn|24\n|j| saucy_099\n|\n|t:|1699453374\n|move|p2b: Trevenant|Protect|p2b: Trevenant\n|-singleturn|p2b: Trevenant|Protect\n|move|p2a: Ting-Lu|Protect|p2a: Ting-Lu\n|-singleturn|p2a: Ting-Lu|Protect\n|move|p1a: Gholdengo|Shadow Ball|p2a: Ting-Lu\n|-activate|p2a: Ting-Lu|move: Protect\n|\n|-damage|p2a: Ting-Lu|9\/100 brn|[from] brn\n|upkeep\n|turn|25\n|c|\u2606LennyTheLing|gg\n|c|\u2606LennyTheLing|gg\n|\n|t:|1699453386\n|move|p2a: Ting-Lu|Protect||[still]\n|-fail|p2a: Ting-Lu\n|move|p1a: Gholdengo|Shadow Ball|p2a: Ting-Lu\n|-resisted|p2a: Ting-Lu\n|-damage|p2a: Ting-Lu|0 fnt\n|faint|p2a: Ting-Lu\n|move|p2b: Trevenant|Substitute|p2b: Trevenant\n|-start|p2b: Trevenant|Substitute\n|-damage|p2b: Trevenant|36\/100\n|-enditem|p2b: Trevenant|Sitrus Berry|[eat]\n|-heal|p2b: Trevenant|61\/100|[from] item: Sitrus Berry\n|\n|upkeep\n|turn|26\n|\n|t:|1699453399\n|move|p2b: Trevenant|Protect|p2b: Trevenant\n|-singleturn|p2b: Trevenant|Protect\n|move|p1a: Gholdengo|Shadow Ball|p2b: Trevenant\n|-activate|p2b: Trevenant|move: Protect\n|\n|upkeep\n|turn|27\n|\n|t:|1699453408\n|move|p1a: Gholdengo|Shadow Ball|p2b: Trevenant\n|-supereffective|p2b: Trevenant\n|-end|p2b: Trevenant|Substitute\n|move|p2b: Trevenant|Substitute|p2b: Trevenant\n|-start|p2b: Trevenant|Substitute\n|-damage|p2b: Trevenant|36\/100\n|\n|-item|p2b: Trevenant|Sitrus Berry|[from] ability: Harvest\n|upkeep\n|-enditem|p2b: Trevenant|Sitrus Berry|[eat]\n|-heal|p2b: Trevenant|61\/100|[from] item: Sitrus Berry\n|turn|28\n|\n|t:|1699453420\n|move|p2b: Trevenant|Protect|p2b: Trevenant\n|-singleturn|p2b: Trevenant|Protect\n|move|p1a: Gholdengo|Shadow Ball|p2b: Trevenant\n|-activate|p2b: Trevenant|move: Protect\n|\n|-item|p2b: Trevenant|Sitrus Berry|[from] ability: Harvest\n|upkeep\n|turn|29\n|\n|t:|1699453429\n|move|p1a: Gholdengo|Shadow Ball|p2b: Trevenant\n|-supereffective|p2b: Trevenant\n|-end|p2b: Trevenant|Substitute\n|move|p2b: Trevenant|Substitute|p2b: Trevenant\n|-start|p2b: Trevenant|Substitute\n|-damage|p2b: Trevenant|36\/100\n|-enditem|p2b: Trevenant|Sitrus Berry|[eat]\n|-heal|p2b: Trevenant|61\/100|[from] item: Sitrus Berry\n|\n|-item|p2b: Trevenant|Sitrus Berry|[from] ability: Harvest\n|upkeep\n|turn|30\n|\n|t:|1699453443\n|move|p2b: Trevenant|Protect|p2b: Trevenant\n|-singleturn|p2b: Trevenant|Protect\n|move|p1a: Gholdengo|Shadow Ball|p2b: Trevenant\n|-activate|p2b: Trevenant|move: Protect\n|\n|-sideend|p2: UY QUE RICO PAPI|move: Light Screen\n|upkeep\n|turn|31\n|\n|t:|1699453451\n|move|p1a: Gholdengo|Shadow Ball|p2b: Trevenant\n|-supereffective|p2b: Trevenant\n|-end|p2b: Trevenant|Substitute\n|move|p2b: Trevenant|Substitute|p2b: Trevenant\n|-start|p2b: Trevenant|Substitute\n|-damage|p2b: Trevenant|36\/100\n|-enditem|p2b: Trevenant|Sitrus Berry|[eat]\n|-heal|p2b: Trevenant|61\/100|[from] item: Sitrus Berry\n|\n|-item|p2b: Trevenant|Sitrus Berry|[from] ability: Harvest\n|upkeep\n|turn|32\n|\n|t:|1699453463\n|move|p2b: Trevenant|Protect|p2b: Trevenant\n|-singleturn|p2b: Trevenant|Protect\n|move|p1a: Gholdengo|Shadow Ball|p2b: Trevenant\n|-activate|p2b: Trevenant|move: Protect\n|\n|upkeep\n|turn|33\n|c|\u2606LennyTheLing|holy loop\n|c|\u2606LennyTheLing|wp\n|\n|t:|1699453476\n|move|p1a: Gholdengo|Shadow Ball|p2b: Trevenant\n|-supereffective|p2b: Trevenant\n|-end|p2b: Trevenant|Substitute\n|move|p2b: Trevenant|Substitute|p2b: Trevenant\n|-start|p2b: Trevenant|Substitute\n|-damage|p2b: Trevenant|36\/100\n|-enditem|p2b: Trevenant|Sitrus Berry|[eat]\n|-heal|p2b: Trevenant|61\/100|[from] item: Sitrus Berry\n|\n|-item|p2b: Trevenant|Sitrus Berry|[from] ability: Harvest\n|upkeep\n|turn|34\n|\n|t:|1699453488\n|move|p2b: Trevenant|Protect|p2b: Trevenant\n|-singleturn|p2b: Trevenant|Protect\n|move|p1a: Gholdengo|Shadow Ball|p2b: Trevenant\n|-activate|p2b: Trevenant|move: Protect\n|\n|upkeep\n|turn|35\n|\n|t:|1699453495\n|move|p1a: Gholdengo|Shadow Ball|p2b: Trevenant\n|-supereffective|p2b: Trevenant\n|-end|p2b: Trevenant|Substitute\n|move|p2b: Trevenant|Substitute|p2b: Trevenant\n|-start|p2b: Trevenant|Substitute\n|-damage|p2b: Trevenant|36\/100\n|-enditem|p2b: Trevenant|Sitrus Berry|[eat]\n|-heal|p2b: Trevenant|61\/100|[from] item: Sitrus Berry\n|\n|upkeep\n|turn|36\n|\n|t:|1699453506\n|move|p2b: Trevenant|Protect|p2b: Trevenant\n|-singleturn|p2b: Trevenant|Protect\n|move|p1a: Gholdengo|Shadow Ball|p2b: Trevenant\n|-activate|p2b: Trevenant|move: Protect\n|\n|upkeep\n|turn|37\n|\n|t:|1699453516\n|move|p1a: Gholdengo|Shadow Ball|p2b: Trevenant\n|-supereffective|p2b: Trevenant\n|-end|p2b: Trevenant|Substitute\n|move|p2b: Trevenant|Substitute|p2b: Trevenant\n|-start|p2b: Trevenant|Substitute\n|-damage|p2b: Trevenant|36\/100\n|\n|-item|p2b: Trevenant|Sitrus Berry|[from] ability: Harvest\n|upkeep\n|-enditem|p2b: Trevenant|Sitrus Berry|[eat]\n|-heal|p2b: Trevenant|61\/100|[from] item: Sitrus Berry\n|turn|38\n|\n|t:|1699453526\n|move|p2b: Trevenant|Protect|p2b: Trevenant\n|-singleturn|p2b: Trevenant|Protect\n|-activate|p1a: Gholdengo|move: Struggle\n|move|p1a: Gholdengo|Struggle|p2b: Trevenant\n|-activate|p2b: Trevenant|move: Protect\n|\n|-item|p2b: Trevenant|Sitrus Berry|[from] ability: Harvest\n|upkeep\n|turn|39\n|\n|t:|1699453537\n|-activate|p1a: Gholdengo|move: Struggle\n|move|p1a: Gholdengo|Struggle|p2b: Trevenant\n|-activate|p2b: Trevenant|move: Substitute|[damage]\n|-damage|p1a: Gholdengo|74\/100|[from] recoil\n|move|p2b: Trevenant|Substitute|p2b: Trevenant\n|-fail|p2b: Trevenant|move: Substitute\n|\n|upkeep\n|turn|40\n|\n|t:|1699453544\n|-activate|p1a: Gholdengo|move: Struggle\n|move|p1a: Gholdengo|Struggle|p2b: Trevenant\n|-activate|p2b: Trevenant|move: Substitute|[damage]\n|-damage|p1a: Gholdengo|49\/100|[from] recoil\n|move|p2b: Trevenant|Substitute|p2b: Trevenant\n|-fail|p2b: Trevenant|move: Substitute\n|\n|upkeep\n|turn|41\n|\n|t:|1699453552\n|-activate|p1a: Gholdengo|move: Struggle\n|move|p1a: Gholdengo|Struggle|p2b: Trevenant\n|-activate|p2b: Trevenant|move: Substitute|[damage]\n|-damage|p1a: Gholdengo|24\/100|[from] recoil\n|move|p2b: Trevenant|Substitute|p2b: Trevenant\n|-fail|p2b: Trevenant|move: Substitute\n|\n|upkeep\n|turn|42\n|\n|t:|1699453559\n|-activate|p1a: Gholdengo|move: Struggle\n|move|p1a: Gholdengo|Struggle|p2b: Trevenant\n|-activate|p2b: Trevenant|move: Substitute|[damage]\n|-damage|p1a: Gholdengo|0 fnt|[from] recoil\n|faint|p1a: Gholdengo\n|\n|win|UY QUE RICO PAPI\n|raw|LennyTheLing's rating: 1341 &rarr; <strong>1321<\/strong><br \/>(-20 for losing)\n|raw|UY QUE RICO PAPI's rating: 1339 &rarr; <strong>1359<\/strong><br \/>(+20 for winning)\n|l|\u2606LennyTheLing\n","uploadtime":1699453572,"views":8,"p1id":"lennytheling","p2id":"uyquericopapi","formatid":"gen9doublesou","rating":1321,"private":0,"password":""}