{"id":"gen9doublesou-1998849864","p1":"DonulTrum","p2":"zKalaxe","format":"[Gen 9] Doubles OU","log":"|j|\u2606DonulTrum\n|j|\u2606zKalaxe\n|t:|1701002883\n|gametype|doubles\n|player|p1|DonulTrum|169|1487\n|player|p2|zKalaxe|n|1771\n|teamsize|p1|6\n|teamsize|p2|6\n|gen|9\n|tier|[Gen 9] Doubles OU\n|rated|\n|rule|Species Clause: Limit one of each Pok\u00e9mon\n|rule|OHKO Clause: OHKO moves are banned\n|rule|Evasion Moves Clause: Evasion moves are banned\n|rule|Gravity Sleep Clause: The combination of sleep-inducing moves with imperfect accuracy and Gravity or Gigantamax Orbeetle are banned\n|rule|Endless Battle Clause: Forcing endless battles is banned\n|rule|HP Percentage Mod: HP is shown in percentages\n|clearpoke\n|poke|p1|Ursaluna, F|\n|poke|p1|Oranguru, F|\n|poke|p1|Grimmsnarl, M|\n|poke|p1|Scream Tail|\n|poke|p1|Medicham, M|\n|poke|p1|Slaking, F|\n|poke|p2|Iron Hands|\n|poke|p2|Roaring Moon|\n|poke|p2|Landorus-Therian, M|\n|poke|p2|Heatran, F|\n|poke|p2|Flutter Mane|\n|poke|p2|Rillaboom, M|\n|teampreview\n|inactive|Battle timer is ON: inactive players will automatically lose when time's up. (requested by DonulTrum)\n|\n|t:|1701002913\n|start\n|switch|p1a: Scream Tail|Scream Tail|100\/100\n|switch|p1b: Grimmsnarl|Grimmsnarl, M|100\/100\n|switch|p2a: Landorus|Landorus-Therian, M|100\/100\n|switch|p2b: Iron Hands|Iron Hands|100\/100\n|-ability|p2a: Landorus|Intimidate|boost\n|-unboost|p1a: Scream Tail|atk|1\n|-unboost|p1b: Grimmsnarl|atk|1\n|-enditem|p1a: Scream Tail|Booster Energy\n|-activate|p1a: Scream Tail|ability: Protosynthesis|[fromitem]\n|-start|p1a: Scream Tail|protosynthesisspe\n|turn|1\n|inactive|DonulTrum has 120 seconds left.\n|\n|t:|1701002970\n|move|p2b: Iron Hands|Fake Out|p1b: Grimmsnarl\n|-damage|p1b: Grimmsnarl|82\/100\n|cant|p1b: Grimmsnarl|flinch\n|move|p1a: Scream Tail|Stealth Rock|p2b: Iron Hands\n|-sidestart|p2: zKalaxe|move: Stealth Rock\n|move|p2a: Landorus|Stealth Rock|p1b: Grimmsnarl\n|-sidestart|p1: DonulTrum|move: Stealth Rock\n|\n|upkeep\n|turn|2\n|\n|t:|1701002991\n|switch|p2a: Heatran|Heatran, F|100\/100\n|-damage|p2a: Heatran|88\/100|[from] Stealth Rock\n|-end|p2b: Iron Hands|Quark Drive|[silent]\n|switch|p2b: Rillaboom|Rillaboom, M|100\/100\n|-damage|p2b: Rillaboom|88\/100|[from] Stealth Rock\n|-fieldstart|move: Grassy Terrain|[from] ability: Grassy Surge|[of] p2b: Rillaboom\n|move|p1b: Grimmsnarl|Reflect|p1b: Grimmsnarl\n|-sidestart|p1: DonulTrum|Reflect\n|move|p1a: Scream Tail|Encore||[still]\n|-fail|p1a: Scream Tail\n|\n|-heal|p2a: Heatran|94\/100|[from] Grassy Terrain\n|-heal|p2a: Heatran|100\/100|[from] item: Leftovers\n|-heal|p2b: Rillaboom|94\/100|[from] Grassy Terrain\n|-heal|p1b: Grimmsnarl|88\/100|[from] Grassy Terrain\n|upkeep\n|turn|3\n|inactive|zKalaxe has 120 seconds left.\n|\n|t:|1701003034\n|move|p1b: Grimmsnarl|Light Screen|p1b: Grimmsnarl\n|-sidestart|p1: DonulTrum|move: Light Screen\n|move|p2a: Heatran|Heat Wave|p1a: Scream Tail|[spread] p1a,p1b\n|-damage|p1a: Scream Tail|83\/100\n|-damage|p1b: Grimmsnarl|62\/100\n|-status|p1b: Grimmsnarl|brn\n|move|p2b: Rillaboom|U-turn|p1b: Grimmsnarl\n|-damage|p1b: Grimmsnarl|43\/100 brn\n|\n|t:|1701003043\n|switch|p2b: Iron Hands|Iron Hands|100\/100|[from] U-turn\n|-damage|p2b: Iron Hands|94\/100|[from] Stealth Rock\n|move|p1a: Scream Tail|Trick Room|p1a: Scream Tail\n|-fieldstart|move: Trick Room|[of] p1a: Scream Tail\n|\n|-heal|p2b: Iron Hands|100\/100|[from] Grassy Terrain\n|-heal|p1b: Grimmsnarl|49\/100 brn|[from] Grassy Terrain\n|-heal|p1a: Scream Tail|89\/100|[from] Grassy Terrain\n|-damage|p1b: Grimmsnarl|43\/100 brn|[from] brn\n|upkeep\n|turn|4\n|inactive|zKalaxe has 120 seconds left.\n|\n|t:|1701003065\n|switch|p1b: Oranguru|Oranguru, F|100\/100\n|-damage|p1b: Oranguru|88\/100|[from] Stealth Rock\n|-end|p1a: Scream Tail|Protosynthesis|[silent]\n|switch|p1a: Ursaluna|Ursaluna, F|100\/100\n|-damage|p1a: Ursaluna|94\/100|[from] Stealth Rock\n|move|p2b: Iron Hands|Fake Out|p1b: Oranguru\n|-damage|p1b: Oranguru|78\/100\n|move|p2a: Heatran|Heat Wave|p1a: Ursaluna|[spread] p1b\n|-miss|p2a: Heatran|p1a: Ursaluna\n|-damage|p1b: Oranguru|63\/100\n|\n|-heal|p1a: Ursaluna|100\/100|[from] Grassy Terrain\n|-heal|p1b: Oranguru|69\/100|[from] Grassy Terrain\n|-status|p1a: Ursaluna|brn|[from] item: Flame Orb\n|upkeep\n|turn|5\n|\n|t:|1701003088\n|switch|p2a: Landorus|Landorus-Therian, M|100\/100\n|-damage|p2a: Landorus|88\/100|[from] Stealth Rock\n|-ability|p2a: Landorus|Intimidate|boost\n|-unboost|p1a: Ursaluna|atk|1\n|-unboost|p1b: Oranguru|atk|1\n|move|p1a: Ursaluna|Earthquake|p2b: Iron Hands|[spread] p2b\n|-activate|p1b: Oranguru|ability: Telepathy\n|-immune|p2a: Landorus\n|-supereffective|p2b: Iron Hands\n|-damage|p2b: Iron Hands|68\/100\n|move|p2b: Iron Hands|Drain Punch|p1a: Ursaluna\n|-supereffective|p1a: Ursaluna\n|-damage|p1a: Ursaluna|59\/100 brn\n|-heal|p2b: Iron Hands|90\/100|[from] drain|[of] p1a: Ursaluna\n|move|p1b: Oranguru|Instruct|p1a: Ursaluna\n|-singleturn|p1a: Ursaluna|move: Instruct|[of] p1b: Oranguru\n|move|p1a: Ursaluna|Earthquake|p2b: Iron Hands|[spread] p2b\n|-activate|p1b: Oranguru|ability: Telepathy\n|-immune|p2a: Landorus\n|-supereffective|p2b: Iron Hands\n|-crit|p2b: Iron Hands\n|-damage|p2b: Iron Hands|13\/100\n|\n|-heal|p1a: Ursaluna|65\/100 brn|[from] Grassy Terrain\n|-heal|p2b: Iron Hands|19\/100|[from] Grassy Terrain\n|-heal|p1b: Oranguru|75\/100|[from] Grassy Terrain\n|-damage|p1a: Ursaluna|59\/100 brn|[from] brn\n|upkeep\n|turn|6\n|inactive|zKalaxe has 120 seconds left.\n|\n|t:|1701003126\n|move|p1a: Ursaluna|Facade|p2b: Iron Hands\n|-damage|p2b: Iron Hands|0 fnt\n|faint|p2b: Iron Hands\n|-end|p2b: Iron Hands|Quark Drive|[silent]\n|move|p1b: Oranguru|Instruct|p1a: Ursaluna\n|-singleturn|p1a: Ursaluna|move: Instruct|[of] p1b: Oranguru\n|move|p1a: Ursaluna|Facade|p2a: Landorus\n|-damage|p2a: Landorus|14\/100\n|-enditem|p2a: Landorus|Sitrus Berry|[eat]\n|-heal|p2a: Landorus|39\/100|[from] item: Sitrus Berry\n|move|p2a: Landorus|Stomping Tantrum|p1a: Ursaluna\n|-damage|p1a: Ursaluna|39\/100 brn\n|\n|-heal|p1a: Ursaluna|45\/100 brn|[from] Grassy Terrain\n|-heal|p1b: Oranguru|81\/100|[from] Grassy Terrain\n|-damage|p1a: Ursaluna|39\/100 brn|[from] brn\n|-fieldend|move: Grassy Terrain\n|upkeep\n|\n|t:|1701003148\n|switch|p2b: Rillaboom|Rillaboom, M|94\/100\n|-damage|p2b: Rillaboom|82\/100|[from] Stealth Rock\n|-fieldstart|move: Grassy Terrain|[from] ability: Grassy Surge|[of] p2b: Rillaboom\n|turn|7\n|inactive|zKalaxe has 120 seconds left.\n|\n|t:|1701003157\n|switch|p1a: Grimmsnarl|Grimmsnarl, M|43\/100 brn\n|-damage|p1a: Grimmsnarl|30\/100 brn|[from] Stealth Rock\n|move|p2b: Rillaboom|Fake Out|p1a: Grimmsnarl\n|-damage|p1a: Grimmsnarl|19\/100 brn\n|move|p1b: Oranguru|Yawn|p2b: Rillaboom\n|-start|p2b: Rillaboom|move: Yawn|[of] p1b: Oranguru\n|move|p2a: Landorus|U-turn|p1b: Oranguru\n|-supereffective|p1b: Oranguru\n|-damage|p1b: Oranguru|42\/100\n|inactive|zKalaxe has 120 seconds left.\n|\n|t:|1701003169\n|switch|p2a: Flutter Mane|Flutter Mane|100\/100|[from] U-turn\n|-damage|p2a: Flutter Mane|88\/100|[from] Stealth Rock\n|\n|-heal|p1b: Oranguru|48\/100|[from] Grassy Terrain\n|-heal|p1a: Grimmsnarl|25\/100 brn|[from] Grassy Terrain\n|-heal|p2b: Rillaboom|88\/100|[from] Grassy Terrain\n|-heal|p2a: Flutter Mane|94\/100|[from] Grassy Terrain\n|-damage|p1a: Grimmsnarl|19\/100 brn|[from] brn\n|-fieldend|move: Trick Room\n|upkeep\n|turn|8\n|\n|t:|1701003191\n|-terastallize|p2a: Flutter Mane|Fairy\n|move|p2a: Flutter Mane|Dazzling Gleam|p1a: Grimmsnarl|[spread] p1a,p1b\n|-supereffective|p1a: Grimmsnarl\n|-damage|p1a: Grimmsnarl|0 fnt\n|-damage|p1b: Oranguru|29\/100\n|faint|p1a: Grimmsnarl\n|-damage|p2a: Flutter Mane|84\/100|[from] item: Life Orb\n|move|p2b: Rillaboom|U-turn|p1b: Oranguru\n|-supereffective|p1b: Oranguru\n|-damage|p1b: Oranguru|0 fnt\n|faint|p1b: Oranguru\n|inactive|zKalaxe has 120 seconds left.\n|\n|t:|1701003215\n|switch|p2b: Roaring Moon|Roaring Moon|100\/100|[from] U-turn\n|-damage|p2b: Roaring Moon|88\/100|[from] Stealth Rock\n|-enditem|p2b: Roaring Moon|Booster Energy\n|-activate|p2b: Roaring Moon|ability: Protosynthesis|[fromitem]\n|-start|p2b: Roaring Moon|protosynthesisatk\n|\n|-heal|p2a: Flutter Mane|90\/100|[from] Grassy Terrain\n|-heal|p2b: Roaring Moon|94\/100|[from] Grassy Terrain\n|upkeep\n|\n|t:|1701003220\n|switch|p1a: Scream Tail|Scream Tail|89\/100\n|switch|p1b: Ursaluna|Ursaluna, F|39\/100 brn\n|-damage|p1a: Scream Tail|76\/100|[from] Stealth Rock\n|-damage|p1b: Ursaluna|33\/100 brn|[from] Stealth Rock\n|turn|9\n|\n|t:|1701003241\n|-end|p2b: Roaring Moon|Protosynthesis|[silent]\n|switch|p2b: Heatran|Heatran, F|100\/100\n|-damage|p2b: Heatran|88\/100|[from] Stealth Rock\n|move|p1b: Ursaluna|Protect|p1b: Ursaluna\n|-singleturn|p1b: Ursaluna|Protect\n|move|p2a: Flutter Mane|Moonblast|p1b: Ursaluna\n|-activate|p1b: Ursaluna|move: Protect\n|move|p1a: Scream Tail|Trick Room|p1a: Scream Tail\n|-fieldstart|move: Trick Room|[of] p1a: Scream Tail\n|\n|-heal|p1b: Ursaluna|39\/100 brn|[from] Grassy Terrain\n|-heal|p2b: Heatran|94\/100|[from] Grassy Terrain\n|-heal|p2b: Heatran|100\/100|[from] item: Leftovers\n|-heal|p1a: Scream Tail|83\/100|[from] Grassy Terrain\n|-heal|p2a: Flutter Mane|96\/100|[from] Grassy Terrain\n|-damage|p1b: Ursaluna|33\/100 brn|[from] brn\n|-sideend|p1: DonulTrum|Reflect\n|upkeep\n|turn|10\n|inactive|DonulTrum has 120 seconds left.\n|\n|t:|1701003290\n|switch|p2b: Landorus|Landorus-Therian, M|39\/100\n|-damage|p2b: Landorus|27\/100|[from] Stealth Rock\n|-ability|p2b: Landorus|Intimidate|boost\n|-unboost|p1a: Scream Tail|atk|1\n|-unboost|p1b: Ursaluna|atk|1\n|move|p2a: Flutter Mane|Protect|p2a: Flutter Mane\n|-singleturn|p2a: Flutter Mane|Protect\n|move|p1b: Ursaluna|Facade|p2a: Flutter Mane\n|-activate|p2a: Flutter Mane|move: Protect\n|move|p1a: Scream Tail|Disable||[still]\n|-fail|p1a: Scream Tail\n|\n|-heal|p1b: Ursaluna|39\/100 brn|[from] Grassy Terrain\n|-heal|p1a: Scream Tail|89\/100|[from] Grassy Terrain\n|-heal|p2a: Flutter Mane|100\/100|[from] Grassy Terrain\n|-damage|p1b: Ursaluna|33\/100 brn|[from] brn\n|-sideend|p1: DonulTrum|move: Light Screen\n|upkeep\n|turn|11\n|\n|t:|1701003319\n|-end|p2a: Flutter Mane|Protosynthesis|[silent]\n|switch|p2a: Heatran|Heatran, F|100\/100\n|-damage|p2a: Heatran|88\/100|[from] Stealth Rock\n|move|p1b: Ursaluna|Facade|p2b: Landorus\n|-damage|p2b: Landorus|0 fnt\n|faint|p2b: Landorus\n|move|p1a: Scream Tail|Encore||[still]\n|-fail|p1a: Scream Tail\n|\n|-heal|p1b: Ursaluna|39\/100 brn|[from] Grassy Terrain\n|-heal|p2a: Heatran|94\/100|[from] Grassy Terrain\n|-heal|p2a: Heatran|100\/100|[from] item: Leftovers\n|-heal|p1a: Scream Tail|95\/100|[from] Grassy Terrain\n|-damage|p1b: Ursaluna|33\/100 brn|[from] brn\n|-fieldend|move: Grassy Terrain\n|upkeep\n|inactive|zKalaxe has 120 seconds left.\n|\n|t:|1701003336\n|switch|p2b: Rillaboom|Rillaboom, M|88\/100\n|-damage|p2b: Rillaboom|76\/100|[from] Stealth Rock\n|-fieldstart|move: Grassy Terrain|[from] ability: Grassy Surge|[of] p2b: Rillaboom\n|turn|12\n|\n|t:|1701003344\n|move|p1b: Ursaluna|Protect|p1b: Ursaluna\n|-singleturn|p1b: Ursaluna|Protect\n|move|p2b: Rillaboom|Fake Out|p1b: Ursaluna\n|-activate|p1b: Ursaluna|move: Protect\n|move|p2a: Heatran|Heat Wave|p1b: Ursaluna|[spread] p1a\n|-activate|p1b: Ursaluna|move: Protect\n|-crit|p1a: Scream Tail\n|-damage|p1a: Scream Tail|58\/100\n|move|p1a: Scream Tail|Encore|p2b: Rillaboom\n|-start|p2b: Rillaboom|Encore\n|\n|-heal|p1b: Ursaluna|39\/100 brn|[from] Grassy Terrain\n|-heal|p2b: Rillaboom|82\/100|[from] Grassy Terrain\n|-heal|p1a: Scream Tail|64\/100|[from] Grassy Terrain\n|-damage|p1b: Ursaluna|33\/100 brn|[from] brn\n|upkeep\n|turn|13\n|\n|t:|1701003359\n|switch|p2b: Roaring Moon|Roaring Moon|94\/100\n|-damage|p2b: Roaring Moon|82\/100|[from] Stealth Rock\n|move|p2a: Heatran|Protect|p2a: Heatran\n|-singleturn|p2a: Heatran|Protect\n|move|p1b: Ursaluna|Facade|p2b: Roaring Moon\n|-damage|p2b: Roaring Moon|0 fnt\n|faint|p2b: Roaring Moon\n|-end|p2b: Roaring Moon|Protosynthesis|[silent]\n|move|p1a: Scream Tail|Disable|p2a: Heatran\n|-activate|p2a: Heatran|move: Protect\n|\n|-heal|p1b: Ursaluna|39\/100 brn|[from] Grassy Terrain\n|-heal|p1a: Scream Tail|70\/100|[from] Grassy Terrain\n|-damage|p1b: Ursaluna|33\/100 brn|[from] brn\n|-fieldend|move: Trick Room\n|upkeep\n|\n|t:|1701003372\n|switch|p2b: Rillaboom|Rillaboom, M|82\/100\n|-damage|p2b: Rillaboom|70\/100|[from] Stealth Rock\n|turn|14\n|\n|t:|1701003389\n|move|p1b: Ursaluna|Protect|p1b: Ursaluna\n|-singleturn|p1b: Ursaluna|Protect\n|move|p2b: Rillaboom|Fake Out|p1a: Scream Tail\n|-damage|p1a: Scream Tail|60\/100\n|cant|p1a: Scream Tail|flinch\n|move|p2a: Heatran|Heat Wave|p1a: Scream Tail|[spread] p1a\n|-activate|p1b: Ursaluna|move: Protect\n|-damage|p1a: Scream Tail|37\/100\n|\n|-heal|p1a: Scream Tail|43\/100|[from] Grassy Terrain\n|-heal|p2b: Rillaboom|76\/100|[from] Grassy Terrain\n|-heal|p1b: Ursaluna|39\/100 brn|[from] Grassy Terrain\n|-damage|p1b: Ursaluna|33\/100 brn|[from] brn\n|upkeep\n|turn|15\n|\n|t:|1701003413\n|move|p2a: Heatran|Protect|p2a: Heatran\n|-singleturn|p2a: Heatran|Protect\n|move|p2b: Rillaboom|Wood Hammer|p1a: Scream Tail\n|-damage|p1a: Scream Tail|0 fnt\n|faint|p1a: Scream Tail\n|-end|p1a: Scream Tail|Protosynthesis|[silent]\n|-damage|p2b: Rillaboom|61\/100|[from] Recoil\n|move|p1b: Ursaluna|Facade|p2b: Rillaboom\n|-damage|p2b: Rillaboom|0 fnt\n|faint|p2b: Rillaboom\n|\n|-heal|p1b: Ursaluna|39\/100 brn|[from] Grassy Terrain\n|-damage|p1b: Ursaluna|33\/100 brn|[from] brn\n|upkeep\n|\n|t:|1701003429\n|switch|p1a: Medicham|Medicham, M|100\/100\n|switch|p2b: Flutter Mane|Flutter Mane, tera:Fairy|100\/100\n|-damage|p2b: Flutter Mane|88\/100|[from] Stealth Rock\n|-damage|p1a: Medicham|94\/100|[from] Stealth Rock\n|turn|16\n|\n|t:|1701003442\n|move|p2b: Flutter Mane|Protect|p2b: Flutter Mane\n|-singleturn|p2b: Flutter Mane|Protect\n|move|p1a: Medicham|Fake Out|p2b: Flutter Mane\n|-activate|p2b: Flutter Mane|move: Protect\n|move|p2a: Heatran|Will-O-Wisp|p1a: Medicham\n|-status|p1a: Medicham|brn\n|move|p1b: Ursaluna|Facade|p2b: Flutter Mane\n|-activate|p2b: Flutter Mane|move: Protect\n|\n|-heal|p2b: Flutter Mane|94\/100|[from] Grassy Terrain\n|-heal|p1a: Medicham|100\/100 brn|[from] Grassy Terrain\n|-heal|p1b: Ursaluna|39\/100 brn|[from] Grassy Terrain\n|-damage|p1a: Medicham|94\/100 brn|[from] brn\n|-damage|p1b: Ursaluna|33\/100 brn|[from] brn\n|-fieldend|move: Grassy Terrain\n|upkeep\n|turn|17\n|\n|t:|1701003464\n|switch|p1a: Slaking|Slaking, F|100\/100\n|-damage|p1a: Slaking|88\/100|[from] Stealth Rock\n|move|p2b: Flutter Mane|Dazzling Gleam|p1b: Ursaluna|[spread] p1a,p1b\n|-damage|p1a: Slaking|44\/100\n|-damage|p1b: Ursaluna|0 fnt\n|faint|p1b: Ursaluna\n|-damage|p2b: Flutter Mane|84\/100|[from] item: Life Orb\n|move|p2a: Heatran|Earth Power|p1a: Slaking\n|-damage|p1a: Slaking|15\/100\n|\n|-heal|p1a: Slaking|21\/100|[from] item: Leftovers\n|upkeep\n|\n|t:|1701003467\n|switch|p1b: Medicham|Medicham, M|94\/100 brn\n|-damage|p1b: Medicham|88\/100 brn|[from] Stealth Rock\n|turn|18\n|\n|t:|1701003480\n|move|p1b: Medicham|Fake Out|p2b: Flutter Mane\n|-damage|p2b: Flutter Mane|71\/100\n|cant|p2b: Flutter Mane|flinch\n|move|p2a: Heatran|Will-O-Wisp|p1a: Slaking\n|-status|p1a: Slaking|brn\n|move|p1a: Slaking|Drain Punch|p2a: Heatran\n|-supereffective|p2a: Heatran\n|-damage|p2a: Heatran|70\/100\n|-heal|p1a: Slaking|32\/100 brn|[from] drain|[of] p2a: Heatran\n|\n|-heal|p2a: Heatran|76\/100|[from] item: Leftovers\n|-heal|p1a: Slaking|38\/100 brn|[from] item: Leftovers\n|-damage|p1b: Medicham|82\/100 brn|[from] brn\n|-damage|p1a: Slaking|32\/100 brn|[from] brn\n|upkeep\n|turn|19\n|\n|t:|1701003496\n|move|p2b: Flutter Mane|Dazzling Gleam|p1a: Slaking|[spread] p1a,p1b\n|-supereffective|p1b: Medicham\n|-damage|p1a: Slaking|0 fnt\n|-damage|p1b: Medicham|0 fnt\n|faint|p1a: Slaking\n|faint|p1b: Medicham\n|-damage|p2b: Flutter Mane|62\/100|[from] item: Life Orb\n|\n|win|zKalaxe\n|raw|DonulTrum's rating: 1487 &rarr; <strong>1480<\/strong><br \/>(-7 for losing)\n|raw|zKalaxe's rating: 1771 &rarr; <strong>1778<\/strong><br \/>(+7 for winning)\n|l|\u2606DonulTrum\n|c|\u2606zKalaxe|gg\n","uploadtime":1701003512,"views":8,"p1id":"donultrum","p2id":"zkalaxe","formatid":"gen9doublesou","rating":1480,"private":0,"password":""}