{"id":"gen9doublesou-1969149660","p1":"Sharald","p2":"NILS0DA","format":"[Gen 9] Doubles OU","log":"|j|\u2606Sharald\n|j|\u2606NILS0DA\n|t:|1697494573\n|gametype|doubles\n|player|p1|Sharald|169|1011\n|player|p2|NILS0DA|depotagent|1129\n|teamsize|p1|6\n|teamsize|p2|6\n|gen|9\n|tier|[Gen 9] Doubles OU\n|rated|\n|rule|Species Clause: Limit one of each Pok\u00e9mon\n|rule|OHKO Clause: OHKO moves are banned\n|rule|Evasion Moves Clause: Evasion moves are banned\n|rule|Gravity Sleep Clause: The combination of sleep-inducing moves with imperfect accuracy and Gravity or Gigantamax Orbeetle are banned\n|rule|Endless Battle Clause: Forcing endless battles is banned\n|rule|HP Percentage Mod: HP is shown in percentages\n|clearpoke\n|poke|p1|Chi-Yu|\n|poke|p1|Sinistcha|\n|poke|p1|Azumarill, M|\n|poke|p1|Flutter Mane|\n|poke|p1|Gholdengo|\n|poke|p1|Dragalge, M|\n|poke|p2|Samurott-Hisui, M|\n|poke|p2|Vaporeon, F|\n|poke|p2|Basculegion-F, F|\n|poke|p2|Milotic, F|\n|poke|p2|Empoleon, M|\n|poke|p2|Quagsire, M|\n|teampreview\n|\n|t:|1697494599\n|start\n|switch|p1a: Dragalge|Dragalge, M|100\/100\n|switch|p1b: Azumarill|Azumarill, M|100\/100\n|switch|p2a: Samurott|Samurott-Hisui, M|100\/100\n|switch|p2b: Milotic|Milotic, F|100\/100\n|turn|1\n|\n|t:|1697494626\n|move|p2a: Samurott|Ceaseless Edge|p1a: Dragalge\n|-damage|p1a: Dragalge|58\/100\n|-sidestart|p1: Sharald|Spikes\n|move|p2b: Milotic|Coil|p2b: Milotic\n|-boost|p2b: Milotic|atk|1\n|-boost|p2b: Milotic|def|1\n|-boost|p2b: Milotic|accuracy|1\n|move|p1b: Azumarill|Body Slam|p2a: Samurott\n|-damage|p2a: Samurott|70\/100\n|move|p1a: Dragalge|Toxic Spikes|p2b: Milotic\n|-sidestart|p2: NILS0DA|move: Toxic Spikes\n|\n|-heal|p1a: Dragalge|64\/100|[from] item: Leftovers\n|upkeep\n|turn|2\n|\n|t:|1697494644\n|move|p2a: Samurott|Ceaseless Edge|p1b: Azumarill|[miss]\n|-miss|p2a: Samurott|p1b: Azumarill\n|move|p2b: Milotic|Blizzard|p1a: Dragalge|[spread] p1a,p1b\n|-supereffective|p1a: Dragalge\n|-resisted|p1b: Azumarill\n|-damage|p1a: Dragalge|32\/100\n|-damage|p1b: Azumarill|94\/100\n|-status|p1a: Dragalge|frz\n|move|p1b: Azumarill|Body Slam|p2a: Samurott\n|-damage|p2a: Samurott|43\/100\n|-curestatus|p1a: Dragalge|frz|[msg]\n|move|p1a: Dragalge|Haze|p1a: Dragalge\n|-clearallboost\n|\n|-heal|p1a: Dragalge|38\/100|[from] item: Leftovers\n|upkeep\n|turn|3\n|\n|t:|1697494664\n|move|p1a: Dragalge|Protect|p1a: Dragalge\n|-singleturn|p1a: Dragalge|Protect\n|move|p2a: Samurott|Ceaseless Edge|p1b: Azumarill\n|-resisted|p1b: Azumarill\n|-damage|p1b: Azumarill|76\/100\n|-sidestart|p1: Sharald|Spikes\n|move|p2b: Milotic|Coil|p2b: Milotic\n|-boost|p2b: Milotic|atk|1\n|-boost|p2b: Milotic|def|1\n|-boost|p2b: Milotic|accuracy|1\n|move|p1b: Azumarill|Body Slam|p2a: Samurott\n|-damage|p2a: Samurott|12\/100\n|-status|p2a: Samurott|par\n|\n|-heal|p1a: Dragalge|44\/100|[from] item: Leftovers\n|upkeep\n|turn|4\n|\n|t:|1697494685\n|move|p2b: Milotic|Blizzard|p1a: Dragalge|[spread] p1a,p1b\n|-supereffective|p1a: Dragalge\n|-resisted|p1b: Azumarill\n|-damage|p1a: Dragalge|13\/100\n|-damage|p1b: Azumarill|70\/100\n|cant|p2a: Samurott|par\n|move|p1b: Azumarill|Body Slam|p2a: Samurott\n|-damage|p2a: Samurott|0 fnt\n|faint|p2a: Samurott\n|move|p1a: Dragalge|Haze|p1a: Dragalge\n|-clearallboost\n|\n|-heal|p1a: Dragalge|19\/100|[from] item: Leftovers\n|upkeep\n|\n|t:|1697494705\n|switch|p2a: Quagsire|Quagsire, M|100\/100\n|-status|p2a: Quagsire|psn\n|turn|5\n|\n|t:|1697494726\n|move|p1a: Dragalge|Protect|p1a: Dragalge\n|-singleturn|p1a: Dragalge|Protect\n|move|p2b: Milotic|Blizzard|p1b: Azumarill|[spread] p1b\n|-activate|p1a: Dragalge|move: Protect\n|-resisted|p1b: Azumarill\n|-damage|p1b: Azumarill|64\/100\n|move|p1b: Azumarill|Body Slam|p2b: Milotic\n|-damage|p2b: Milotic|78\/100\n|move|p2a: Quagsire|Surf|p1a: Dragalge|[spread] p2b,p1b\n|-activate|p1a: Dragalge|move: Protect\n|-resisted|p2b: Milotic\n|-resisted|p1b: Azumarill\n|-damage|p2b: Milotic|68\/100\n|-damage|p1b: Azumarill|51\/100\n|\n|-heal|p2b: Milotic|74\/100|[from] item: Leftovers\n|-heal|p1a: Dragalge|25\/100|[from] item: Leftovers\n|-damage|p2a: Quagsire|88\/100 psn|[from] psn\n|upkeep\n|turn|6\n|\n|t:|1697494751\n|move|p2b: Milotic|Coil|p2b: Milotic\n|-boost|p2b: Milotic|atk|1\n|-boost|p2b: Milotic|def|1\n|-boost|p2b: Milotic|accuracy|1\n|move|p1b: Azumarill|Body Slam|p2a: Quagsire\n|-damage|p2a: Quagsire|64\/100 psn\n|move|p1a: Dragalge|Toxic Spikes|p2b: Milotic\n|-sidestart|p2: NILS0DA|move: Toxic Spikes\n|move|p2a: Quagsire|Surf|p1a: Dragalge|[spread] p2b,p1a,p1b\n|-resisted|p2b: Milotic\n|-resisted|p1a: Dragalge\n|-resisted|p1b: Azumarill\n|-damage|p2b: Milotic|65\/100\n|-damage|p1a: Dragalge|16\/100\n|-damage|p1b: Azumarill|39\/100\n|\n|-heal|p2b: Milotic|71\/100|[from] item: Leftovers\n|-heal|p1a: Dragalge|22\/100|[from] item: Leftovers\n|-damage|p2a: Quagsire|52\/100 psn|[from] psn\n|upkeep\n|turn|7\n|\n|t:|1697494778\n|move|p2b: Milotic|Blizzard|p1a: Dragalge|[spread] p1a,p1b\n|-supereffective|p1a: Dragalge\n|-resisted|p1b: Azumarill\n|-damage|p1a: Dragalge|0 fnt\n|-damage|p1b: Azumarill|33\/100\n|faint|p1a: Dragalge\n|move|p1b: Azumarill|Body Slam|p2b: Milotic\n|-damage|p2b: Milotic|56\/100\n|move|p2a: Quagsire|Surf|p1b: Azumarill|[spread] p2b,p1b\n|-resisted|p2b: Milotic\n|-resisted|p1b: Azumarill\n|-damage|p2b: Milotic|47\/100\n|-damage|p1b: Azumarill|20\/100\n|\n|-heal|p2b: Milotic|53\/100|[from] item: Leftovers\n|-damage|p2a: Quagsire|39\/100 psn|[from] psn\n|upkeep\n|\n|t:|1697494797\n|switch|p1a: Flutter Mane|Flutter Mane|100\/100\n|-damage|p1a: Flutter Mane|84\/100|[from] Spikes\n|turn|8\n|\n|t:|1697494806\n|move|p1a: Flutter Mane|Sunny Day|p1a: Flutter Mane\n|-weather|SunnyDay\n|-activate|p1a: Flutter Mane|ability: Protosynthesis\n|-start|p1a: Flutter Mane|protosynthesisspa\n|move|p2b: Milotic|Hydro Pump|p1a: Flutter Mane\n|-damage|p1a: Flutter Mane|58\/100\n|move|p1b: Azumarill|Body Slam|p2b: Milotic\n|-damage|p2b: Milotic|38\/100\n|move|p2a: Quagsire|Surf|p1a: Flutter Mane|[spread] p2b,p1a,p1b\n|-resisted|p2b: Milotic\n|-resisted|p1b: Azumarill\n|-damage|p2b: Milotic|33\/100\n|-damage|p1a: Flutter Mane|45\/100\n|-damage|p1b: Azumarill|13\/100\n|\n|-weather|SunnyDay|[upkeep]\n|-heal|p1a: Flutter Mane|50\/100|[from] item: Leftovers\n|-heal|p2b: Milotic|39\/100|[from] item: Leftovers\n|-damage|p2a: Quagsire|27\/100 psn|[from] psn\n|upkeep\n|turn|9\n|\n|t:|1697494833\n|move|p1a: Flutter Mane|Dazzling Gleam|p2a: Quagsire|[spread] p2a,p2b\n|-damage|p2a: Quagsire|0 fnt\n|-damage|p2b: Milotic|7\/100\n|faint|p2a: Quagsire\n|move|p2b: Milotic|Blizzard|p1a: Flutter Mane|[spread] p1a,p1b\n|-resisted|p1b: Azumarill\n|-damage|p1a: Flutter Mane|26\/100\n|-damage|p1b: Azumarill|8\/100\n|move|p1b: Azumarill|Body Slam|p2b: Milotic\n|-damage|p2b: Milotic|0 fnt\n|faint|p2b: Milotic\n|\n|-weather|SunnyDay|[upkeep]\n|-heal|p1a: Flutter Mane|32\/100|[from] item: Leftovers\n|upkeep\n|\n|t:|1697494849\n|switch|p2b: Basculegion|Basculegion-F, F|100\/100\n|switch|p2a: Vaporeon|Vaporeon, F|100\/100\n|-status|p2b: Basculegion|tox\n|-status|p2a: Vaporeon|tox\n|turn|10\n|\n|t:|1697494866\n|switch|p2b: Empoleon|Empoleon, M|100\/100\n|move|p1a: Flutter Mane|Phantom Force||[still]\n|-prepare|p1a: Flutter Mane|Phantom Force\n|move|p2a: Vaporeon|Shadow Ball|p1a: Flutter Mane|[miss]\n|-miss|p2a: Vaporeon|p1a: Flutter Mane\n|move|p1b: Azumarill|Body Slam|p2a: Vaporeon\n|-damage|p2a: Vaporeon|75\/100 tox\n|\n|-weather|SunnyDay|[upkeep]\n|-heal|p1a: Flutter Mane|38\/100|[from] item: Leftovers\n|-damage|p2a: Vaporeon|69\/100 tox|[from] psn\n|upkeep\n|turn|11\n|\n|t:|1697494888\n|move|p1a: Flutter Mane|Phantom Force|p2b: Empoleon|[from]lockedmove\n|-damage|p2b: Empoleon|85\/100\n|move|p2a: Vaporeon|Shadow Ball|p1a: Flutter Mane\n|-supereffective|p1a: Flutter Mane\n|-damage|p1a: Flutter Mane|0 fnt\n|faint|p1a: Flutter Mane\n|-end|p1a: Flutter Mane|Protosynthesis|[silent]\n|move|p2b: Empoleon|Aqua Ring|p2b: Empoleon\n|-start|p2b: Empoleon|Aqua Ring\n|move|p1b: Azumarill|Body Slam|p2b: Empoleon\n|-resisted|p2b: Empoleon\n|-damage|p2b: Empoleon|72\/100\n|-status|p2b: Empoleon|par\n|\n|-weather|SunnyDay|[upkeep]\n|-heal|p2b: Empoleon|78\/100 par|[from] item: Leftovers\n|-heal|p2b: Empoleon|85\/100 par|[from] Aqua Ring\n|-damage|p2a: Vaporeon|56\/100 tox|[from] psn\n|upkeep\n|\n|t:|1697494909\n|switch|p1a: Chi-Yu|Chi-Yu|100\/100\n|-damage|p1a: Chi-Yu|84\/100|[from] Spikes\n|-ability|p1a: Chi-Yu|Beads of Ruin\n|turn|12\n|\n|t:|1697494944\n|switch|p2a: Basculegion|Basculegion-F, F|100\/100 tox\n|-terastallize|p2b: Empoleon|Water\n|move|p1a: Chi-Yu|Heat Wave|p2a: Basculegion|[spread] p2a,p2b\n|-resisted|p2a: Basculegion\n|-resisted|p2b: Empoleon\n|-damage|p2a: Basculegion|66\/100 tox\n|-damage|p2b: Empoleon|39\/100 par\n|move|p1b: Azumarill|Body Slam|p2a: Basculegion\n|-immune|p2a: Basculegion\n|move|p2b: Empoleon|Surf|p1a: Chi-Yu|[spread] p2a,p1a,p1b\n|-resisted|p2a: Basculegion\n|-supereffective|p1a: Chi-Yu\n|-resisted|p1b: Azumarill\n|-damage|p2a: Basculegion|57\/100 tox\n|-damage|p1a: Chi-Yu|41\/100\n|-damage|p1b: Azumarill|0 fnt\n|faint|p1b: Azumarill\n|\n|-weather|none\n|-heal|p2b: Empoleon|45\/100 par|[from] item: Leftovers\n|-heal|p2b: Empoleon|51\/100 par|[from] Aqua Ring\n|-damage|p2a: Basculegion|51\/100 tox|[from] psn\n|upkeep\n|\n|t:|1697494966\n|switch|p1b: Sinistcha|Sinistcha|100\/100\n|-damage|p1b: Sinistcha|84\/100|[from] Spikes\n|turn|13\n|\n|t:|1697494979\n|move|p1a: Chi-Yu|Heat Wave|p2a: Basculegion|[spread] p2a,p2b\n|-resisted|p2a: Basculegion\n|-resisted|p2b: Empoleon\n|-damage|p2a: Basculegion|25\/100 tox\n|-damage|p2b: Empoleon|19\/100 par\n|move|p2a: Basculegion|Last Respects|p1b: Sinistcha\n|-supereffective|p1b: Sinistcha\n|-damage|p1b: Sinistcha|0 fnt\n|faint|p1b: Sinistcha\n|move|p2b: Empoleon|Ice Beam|p1a: Chi-Yu\n|-resisted|p1a: Chi-Yu\n|-damage|p1a: Chi-Yu|27\/100\n|-status|p1a: Chi-Yu|frz\n|\n|-heal|p2b: Empoleon|25\/100 par|[from] item: Leftovers\n|-heal|p2b: Empoleon|31\/100 par|[from] Aqua Ring\n|-damage|p2a: Basculegion|13\/100 tox|[from] psn\n|upkeep\n|\n|t:|1697494996\n|switch|p1b: Gholdengo|Gholdengo|100\/100\n|-damage|p1b: Gholdengo|84\/100|[from] Spikes\n|turn|14\n|\n|t:|1697495017\n|cant|p1a: Chi-Yu|frz\n|move|p1b: Gholdengo|Shadow Ball|p2a: Basculegion\n|-supereffective|p2a: Basculegion\n|-damage|p2a: Basculegion|0 fnt\n|faint|p2a: Basculegion\n|move|p2b: Empoleon|Surf|p1a: Chi-Yu|[spread] p1a,p1b\n|-supereffective|p1a: Chi-Yu\n|-damage|p1a: Chi-Yu|0 fnt\n|-damage|p1b: Gholdengo|43\/100\n|faint|p1a: Chi-Yu\n|\n|-heal|p2b: Empoleon|38\/100 par|[from] item: Leftovers\n|-heal|p2b: Empoleon|44\/100 par|[from] Aqua Ring\n|upkeep\n|\n|t:|1697495031\n|switch|p2a: Vaporeon|Vaporeon, F|56\/100 tox\n|turn|15\n|\n|t:|1697495039\n|move|p1b: Gholdengo|Make It Rain|p2b: Empoleon|[spread] p2a,p2b\n|-resisted|p2a: Vaporeon\n|-resisted|p2b: Empoleon\n|-crit|p2b: Empoleon\n|-damage|p2a: Vaporeon|39\/100 tox\n|-damage|p2b: Empoleon|16\/100 par\n|-unboost|p1b: Gholdengo|spa|1\n|move|p2a: Vaporeon|Shadow Ball|p1b: Gholdengo\n|-supereffective|p1b: Gholdengo\n|-damage|p1b: Gholdengo|0 fnt\n|faint|p1b: Gholdengo\n|\n|win|NILS0DA\n|raw|Sharald's rating: 1011 &rarr; <strong>1003<\/strong><br \/>(-8 for losing)\n|raw|NILS0DA's rating: 1129 &rarr; <strong>1146<\/strong><br \/>(+17 for winning)\n|l|\u2606Sharald\n","uploadtime":1697495067,"views":27,"p1id":"sharald","p2id":"nils0da","formatid":"gen9doublesou","rating":1003,"private":0,"password":""}