{"id":"gen9doublesou-1972057304","p1":"json.f","p2":"chzmunky","format":"[Gen 9] Doubles OU","log":"|j|\u2606json.f\n|j|\u2606chzmunky\n|t:|1697809162\n|gametype|doubles\n|player|p1|json.f|guitarist-gen4|1098\n|player|p2|chzmunky|plasmagrunt|1125\n|teamsize|p1|6\n|teamsize|p2|6\n|gen|9\n|tier|[Gen 9] Doubles OU\n|rated|\n|rule|Species Clause: Limit one of each Pok\u00e9mon\n|rule|OHKO Clause: OHKO moves are banned\n|rule|Evasion Moves Clause: Evasion moves are banned\n|rule|Gravity Sleep Clause: The combination of sleep-inducing moves with imperfect accuracy and Gravity or Gigantamax Orbeetle are banned\n|rule|Endless Battle Clause: Forcing endless battles is banned\n|rule|HP Percentage Mod: HP is shown in percentages\n|clearpoke\n|poke|p1|Milotic, M|\n|poke|p1|Slowbro-Galar, M|\n|poke|p1|Tinkaton, F|\n|poke|p1|Thundurus, M|\n|poke|p1|Grimmsnarl, M|\n|poke|p1|Heatran, M|\n|poke|p2|Amoonguss, F|\n|poke|p2|Maushold-Four|\n|poke|p2|Volcanion|\n|poke|p2|Walking Wake|\n|poke|p2|Great Tusk|\n|poke|p2|Ogerpon-Hearthflame, F|\n|teampreview\n|\n|t:|1697809190\n|start\n|switch|p1a: Slowbro|Slowbro-Galar, M|100\/100\n|switch|p1b: Tinkaton|Tinkaton, F|100\/100\n|switch|p2a: Amoonguss|Amoonguss, F, shiny|100\/100\n|switch|p2b: Walking Wake|Walking Wake|100\/100\n|turn|1\n|\n|t:|1697809234\n|-end|p2b: Walking Wake|Protosynthesis|[silent]\n|switch|p2b: Great Tusk|Great Tusk|100\/100\n|move|p1b: Tinkaton|Fake Out|p2a: Amoonguss\n|-damage|p2a: Amoonguss|93\/100\n|cant|p2a: Amoonguss|flinch\n|move|p1a: Slowbro|Trick Room|p1a: Slowbro\n|-fieldstart|move: Trick Room|[of] p1a: Slowbro\n|\n|upkeep\n|turn|2\n|inactive|Battle timer is ON: inactive players will automatically lose when time's up. (requested by chzmunky)\n|\n|t:|1697809289\n|switch|p1a: Milotic|Milotic, M|100\/100\n|switch|p1b: Heatran|Heatran, M|100\/100\n|move|p2a: Amoonguss|Sunny Day|p2a: Amoonguss\n|-weather|SunnyDay\n|-activate|p2b: Great Tusk|ability: Protosynthesis\n|-start|p2b: Great Tusk|protosynthesisatk\n|move|p2b: Great Tusk|Headlong Rush|p1a: Milotic\n|-damage|p1a: Milotic|43\/100\n|-unboost|p2b: Great Tusk|def|1\n|-unboost|p2b: Great Tusk|spd|1\n|\n|-weather|SunnyDay|[upkeep]\n|upkeep\n|turn|3\n|inactive|chzmunky has 120 seconds left.\n|\n|t:|1697809319\n|switch|p2a: Walking Wake|Walking Wake|100\/100\n|-activate|p2a: Walking Wake|ability: Protosynthesis\n|-start|p2a: Walking Wake|protosynthesisspe\n|move|p1b: Heatran|Heat Wave|p2a: Walking Wake|[spread] p2a,p2b\n|-resisted|p2a: Walking Wake\n|-damage|p2a: Walking Wake|82\/100\n|-damage|p2b: Great Tusk|34\/100\n|-status|p2b: Great Tusk|brn\n|move|p1a: Milotic|Recover|p1a: Milotic\n|-heal|p1a: Milotic|93\/100\n|move|p2b: Great Tusk|Rapid Spin|p1a: Milotic\n|-damage|p1a: Milotic|86\/100\n|-boost|p2b: Great Tusk|spe|1\n|\n|-weather|SunnyDay|[upkeep]\n|-damage|p2b: Great Tusk|28\/100 brn|[from] brn\n|upkeep\n|turn|4\n|inactive|json.f has 120 seconds left.\n|\n|t:|1697809359\n|-end|p2b: Great Tusk|Protosynthesis|[silent]\n|switch|p2b: Ogerpon|Ogerpon-Hearthflame, F|100\/100\n|-ability|p2b: Ogerpon|Mold Breaker\n|move|p1b: Heatran|Dragon Pulse|p2a: Walking Wake\n|-supereffective|p2a: Walking Wake\n|-damage|p2a: Walking Wake|12\/100\n|move|p1a: Milotic|Coil|p1a: Milotic\n|-boost|p1a: Milotic|atk|1\n|-boost|p1a: Milotic|def|1\n|-boost|p1a: Milotic|accuracy|1\n|move|p2a: Walking Wake|Hydro Steam|p1b: Heatran\n|-supereffective|p1b: Heatran\n|-damage|p1b: Heatran|32\/100\n|\n|-weather|SunnyDay|[upkeep]\n|upkeep\n|turn|5\n|inactive|json.f has 120 seconds left.\n|\n|t:|1697809384\n|-terastallize|p2b: Ogerpon|Fire\n|detailschange|p2b: Ogerpon|Ogerpon-Hearthflame-Tera, F, tera:Fire\n|-ability|p2b: Ogerpon|Embody Aspect (Hearthflame)|boost\n|-boost|p2b: Ogerpon|atk|1\n|move|p2a: Walking Wake|Protect|p2a: Walking Wake\n|-singleturn|p2a: Walking Wake|Protect\n|move|p1b: Heatran|Heat Wave|p2a: Walking Wake|[spread] p2b\n|-activate|p2a: Walking Wake|move: Protect\n|-resisted|p2b: Ogerpon\n|-damage|p2b: Ogerpon|68\/100\n|move|p1a: Milotic|Hypnosis|p2b: Ogerpon\n|-status|p2b: Ogerpon|slp|[from] move: Hypnosis\n|cant|p2b: Ogerpon|slp\n|\n|-weather|SunnyDay|[upkeep]\n|-fieldend|move: Trick Room\n|upkeep\n|turn|6\n|inactive|json.f has 120 seconds left.\n|\n|t:|1697809424\n|switch|p1b: Thundurus|Thundurus, M|100\/100\n|move|p2a: Walking Wake|Hydro Steam|p1b: Thundurus\n|-damage|p1b: Thundurus|29\/100\n|cant|p2b: Ogerpon|slp\n|move|p1a: Milotic|Hypnosis|p2a: Walking Wake\n|-status|p2a: Walking Wake|slp|[from] move: Hypnosis\n|\n|-weather|SunnyDay|[upkeep]\n|upkeep\n|turn|7\n|inactive|json.f has 120 seconds left.\n|\n|t:|1697809450\n|-end|p2a: Walking Wake|Protosynthesis|[silent]\n|switch|p2a: Maushold|Maushold-Four|100\/100\n|switch|p2b: Great Tusk|Great Tusk|28\/100 brn\n|-activate|p2b: Great Tusk|ability: Protosynthesis\n|-start|p2b: Great Tusk|protosynthesisatk\n|move|p1b: Thundurus|Thunderbolt|p2a: Maushold\n|-damage|p2a: Maushold|46\/100\n|move|p1a: Milotic|Aqua Tail|p2a: Maushold\n|-damage|p2a: Maushold|26\/100\n|\n|-weather|SunnyDay|[upkeep]\n|-damage|p2b: Great Tusk|22\/100 brn|[from] brn\n|upkeep\n|turn|8\n|inactive|json.f has 120 seconds left.\n|\n|t:|1697809474\n|move|p2a: Maushold|Population Bomb|p1a: Milotic\n|-damage|p1a: Milotic|81\/100\n|-damage|p1a: Milotic|77\/100\n|-damage|p1a: Milotic|73\/100\n|-damage|p1a: Milotic|68\/100\n|-damage|p1a: Milotic|63\/100\n|-damage|p1a: Milotic|59\/100\n|-damage|p1a: Milotic|54\/100\n|-damage|p1a: Milotic|50\/100\n|-damage|p1a: Milotic|45\/100\n|-damage|p1a: Milotic|41\/100\n|-hitcount|p1a: Milotic|10\n|move|p1b: Thundurus|Volt Switch|p2a: Maushold\n|-damage|p2a: Maushold|0 fnt\n|faint|p2a: Maushold\n|\n|t:|1697809494\n|switch|p1b: Tinkaton|Tinkaton, F|100\/100|[from] Volt Switch\n|move|p2b: Great Tusk|Ice Spinner|p1b: Tinkaton\n|-resisted|p1b: Tinkaton\n|-damage|p1b: Tinkaton|90\/100\n|move|p1a: Milotic|Aqua Tail|p2b: Great Tusk\n|-supereffective|p2b: Great Tusk\n|-damage|p2b: Great Tusk|1\/100 brn\n|\n|-weather|SunnyDay|[upkeep]\n|-damage|p2b: Great Tusk|0 fnt|[from] brn\n|faint|p2b: Great Tusk\n|-end|p2b: Great Tusk|Protosynthesis|[silent]\n|upkeep\n|\n|t:|1697809511\n|switch|p2a: Walking Wake|Walking Wake|12\/100 slp\n|switch|p2b: Volcanion|Volcanion|100\/100\n|-activate|p2a: Walking Wake|ability: Protosynthesis\n|-start|p2a: Walking Wake|protosynthesisspe\n|turn|9\n|inactive|json.f has 120 seconds left.\n|\n|t:|1697809532\n|move|p1b: Tinkaton|Fake Out|p2b: Volcanion\n|-damage|p2b: Volcanion|93\/100\n|cant|p2a: Walking Wake|slp\n|move|p1a: Milotic|Recover|p1a: Milotic\n|-heal|p1a: Milotic|91\/100\n|cant|p2b: Volcanion|flinch\n|\n|-weather|none\n|-end|p2a: Walking Wake|Protosynthesis\n|upkeep\n|turn|10\n|inactive|json.f has 120 seconds left.\n|\n|t:|1697809559\n|cant|p2a: Walking Wake|slp\n|move|p1b: Tinkaton|Gigaton Hammer|p2b: Volcanion\n|-resisted|p2b: Volcanion\n|-damage|p2b: Volcanion|81\/100\n|move|p1a: Milotic|Hypnosis|p2b: Volcanion\n|-status|p2b: Volcanion|slp|[from] move: Hypnosis\n|cant|p2b: Volcanion|slp\n|\n|upkeep\n|turn|11\n|\n|t:|1697809576\n|switch|p1b: Grimmsnarl|Grimmsnarl, M|100\/100\n|cant|p2a: Walking Wake|slp\n|move|p1a: Milotic|Aqua Tail|p2a: Walking Wake\n|-resisted|p2a: Walking Wake\n|-damage|p2a: Walking Wake|3\/100 slp\n|-curestatus|p2b: Volcanion|slp|[msg]\n|move|p2b: Volcanion|Flamethrower|p1b: Grimmsnarl\n|-damage|p1b: Grimmsnarl|63\/100\n|\n|upkeep\n|turn|12\n|\n|t:|1697809601\n|move|p1b: Grimmsnarl|Fake Out|p2b: Volcanion\n|-damage|p2b: Volcanion|73\/100\n|-curestatus|p2a: Walking Wake|slp|[msg]\n|move|p2a: Walking Wake|Hydro Steam|p1b: Grimmsnarl\n|-damage|p1b: Grimmsnarl|31\/100\n|move|p1a: Milotic|Hypnosis|p2b: Volcanion\n|-status|p2b: Volcanion|slp|[from] move: Hypnosis\n|cant|p2b: Volcanion|slp\n|\n|upkeep\n|turn|13\n|\n|t:|1697809622\n|move|p1b: Grimmsnarl|Sucker Punch|p2a: Walking Wake\n|-damage|p2a: Walking Wake|0 fnt\n|faint|p2a: Walking Wake\n|-end|p2a: Walking Wake|Protosynthesis|[silent]\n|move|p1a: Milotic|Aqua Tail|p2b: Volcanion\n|-heal|p2b: Volcanion|98\/100 slp|[from] ability: Water Absorb|[of] p1a: Milotic\n|cant|p2b: Volcanion|slp\n|\n|upkeep\n|\n|t:|1697809630\n|switch|p2a: Amoonguss|Amoonguss, F, shiny|100\/100\n|turn|14\n|\n|t:|1697809649\n|move|p1b: Grimmsnarl|Parting Shot|p2b: Volcanion\n|-unboost|p2b: Volcanion|atk|1\n|-unboost|p2b: Volcanion|spa|1\n|\n|t:|1697809660\n|switch|p1b: Slowbro|Slowbro-Galar, M|100\/100|[from] Parting Shot\n|move|p1a: Milotic|Aqua Tail|p2a: Amoonguss\n|-resisted|p2a: Amoonguss\n|-damage|p2a: Amoonguss|87\/100\n|-curestatus|p2b: Volcanion|slp|[msg]\n|move|p2b: Volcanion|Earth Power|p1b: Slowbro\n|-supereffective|p1b: Slowbro\n|-damage|p1b: Slowbro|55\/100\n|-enditem|p1b: Slowbro|Weakness Policy\n|-boost|p1b: Slowbro|atk|2|[from] item: Weakness Policy\n|-boost|p1b: Slowbro|spa|2|[from] item: Weakness Policy\n|move|p2a: Amoonguss|Spore|p1a: Milotic\n|-status|p1a: Milotic|slp|[from] move: Spore\n|\n|upkeep\n|turn|15\n|\n|t:|1697809687\n|cant|p1a: Milotic|slp\n|move|p2b: Volcanion|Sludge Bomb|p1a: Milotic\n|-damage|p1a: Milotic|77\/100 slp\n|move|p2a: Amoonguss|Spore|p1b: Slowbro\n|-status|p1b: Slowbro|slp|[from] move: Spore\n|cant|p1b: Slowbro|slp\n|\n|upkeep\n|turn|16\n|\n|t:|1697809704\n|switch|p2b: Ogerpon|Ogerpon-Hearthflame-Tera, F, tera:Fire|68\/100 slp\n|-ability|p2b: Ogerpon|Embody Aspect (Hearthflame)|boost\n|-boost|p2b: Ogerpon|atk|1\n|-curestatus|p1a: Milotic|slp|[msg]\n|move|p1a: Milotic|Aqua Tail|p2b: Ogerpon\n|-supereffective|p2b: Ogerpon\n|-damage|p2b: Ogerpon|0 fnt\n|faint|p2b: Ogerpon\n|move|p2a: Amoonguss|Pollen Puff|p2: Ogerpon|[notarget]\n|-fail|p2a: Amoonguss\n|cant|p1b: Slowbro|slp\n|\n|upkeep\n|\n|t:|1697809716\n|switch|p2b: Volcanion|Volcanion|98\/100\n|turn|17\n|-activate|p1b: Slowbro|ability: Quick Draw\n|\n|t:|1697809724\n|-curestatus|p1b: Slowbro|slp|[msg]\n|move|p1b: Slowbro|Shell Side Arm|p2b: Volcanion|[anim] Shell Side Arm Special\n|-damage|p2b: Volcanion|55\/100\n|-hint|Special Shell Side Arm\n|move|p1a: Milotic|Aqua Tail|p2b: Volcanion\n|-heal|p2b: Volcanion|80\/100|[from] ability: Water Absorb|[of] p1a: Milotic\n|move|p2b: Volcanion|Earth Power|p1b: Slowbro\n|-supereffective|p1b: Slowbro\n|-damage|p1b: Slowbro|0 fnt\n|faint|p1b: Slowbro\n|move|p2a: Amoonguss|Spore|p1a: Milotic\n|-status|p1a: Milotic|slp|[from] move: Spore\n|\n|upkeep\n|\n|t:|1697809749\n|switch|p1b: Thundurus|Thundurus, M|29\/100\n|turn|18\n|\n|t:|1697809777\n|move|p1b: Thundurus|Taunt|p2a: Amoonguss\n|-start|p2a: Amoonguss|move: Taunt\n|cant|p1a: Milotic|slp\n|move|p2b: Volcanion|Sludge Bomb|p1b: Thundurus\n|-damage|p1b: Thundurus|0 fnt\n|faint|p1b: Thundurus\n|cant|p2a: Amoonguss|move: Taunt|Spore\n|\n|upkeep\n|\n|t:|1697809791\n|switch|p1b: Grimmsnarl|Grimmsnarl, M|31\/100\n|turn|19\n|\n|t:|1697809800\n|move|p1b: Grimmsnarl|Fake Out|p2b: Volcanion\n|-damage|p2b: Volcanion|70\/100\n|-curestatus|p1a: Milotic|slp|[msg]\n|move|p1a: Milotic|Aqua Tail|p2a: Amoonguss\n|-resisted|p2a: Amoonguss\n|-damage|p2a: Amoonguss|75\/100\n|cant|p2b: Volcanion|flinch\n|move|p2a: Amoonguss|Pollen Puff|p1a: Milotic\n|-damage|p1a: Milotic|64\/100\n|\n|upkeep\n|turn|20\n|\n|t:|1697809821\n|move|p1b: Grimmsnarl|Sucker Punch|p2a: Amoonguss\n|-damage|p2a: Amoonguss|52\/100\n|move|p1a: Milotic|Hypnosis|p2b: Volcanion\n|-status|p2b: Volcanion|slp|[from] move: Hypnosis\n|cant|p2b: Volcanion|slp\n|move|p2a: Amoonguss|Pollen Puff|p1b: Grimmsnarl\n|-damage|p1b: Grimmsnarl|18\/100\n|\n|-end|p2a: Amoonguss|move: Taunt\n|upkeep\n|turn|21\n|inactive|chzmunky has 120 seconds left.\n|\n|t:|1697809852\n|switch|p1b: Tinkaton|Tinkaton, F|90\/100\n|move|p1a: Milotic|Aqua Tail|p2a: Amoonguss\n|-resisted|p2a: Amoonguss\n|-damage|p2a: Amoonguss|40\/100\n|cant|p2b: Volcanion|slp\n|move|p2a: Amoonguss|Pollen Puff|p1b: Tinkaton\n|-resisted|p1b: Tinkaton\n|-damage|p1b: Tinkaton|87\/100\n|\n|upkeep\n|turn|22\n|\n|t:|1697809872\n|move|p1b: Tinkaton|Play Rough|p2a: Amoonguss\n|-resisted|p2a: Amoonguss\n|-damage|p2a: Amoonguss|28\/100\n|move|p1a: Milotic|Aqua Tail|p2a: Amoonguss\n|-resisted|p2a: Amoonguss\n|-damage|p2a: Amoonguss|16\/100\n|-curestatus|p2b: Volcanion|slp|[msg]\n|move|p2b: Volcanion|Flamethrower|p1b: Tinkaton\n|-supereffective|p1b: Tinkaton\n|-damage|p1b: Tinkaton|15\/100\n|move|p2a: Amoonguss|Spore|p1a: Milotic\n|-status|p1a: Milotic|slp|[from] move: Spore\n|\n|upkeep\n|turn|23\n|\n|t:|1697809896\n|move|p1b: Tinkaton|Brutal Swing|p2a: Amoonguss|[spread] p1a,p2a,p2b\n|-damage|p1a: Milotic|61\/100 slp\n|-damage|p2a: Amoonguss|6\/100\n|-damage|p2b: Volcanion|61\/100\n|cant|p1a: Milotic|slp\n|move|p2b: Volcanion|Flamethrower|p1b: Tinkaton\n|-supereffective|p1b: Tinkaton\n|-damage|p1b: Tinkaton|0 fnt\n|faint|p1b: Tinkaton\n|move|p2a: Amoonguss|Pollen Puff|p1a: Milotic\n|-damage|p1a: Milotic|48\/100 slp\n|\n|upkeep\n|inactive|json.f has 120 seconds left.\n|\n|t:|1697809913\n|switch|p1b: Grimmsnarl|Grimmsnarl, M|18\/100\n|turn|24\n|j| hoxue12354\n|inactive|chzmunky has 120 seconds left.\n|\n|t:|1697809949\n|move|p1b: Grimmsnarl|Fake Out|p2a: Amoonguss\n|-damage|p2a: Amoonguss|0 fnt\n|faint|p2a: Amoonguss\n|-curestatus|p1a: Milotic|slp|[msg]\n|move|p1a: Milotic|Aqua Tail|p2b: Volcanion\n|-heal|p2b: Volcanion|86\/100|[from] ability: Water Absorb|[of] p1a: Milotic\n|move|p2b: Volcanion|Sludge Bomb|p1b: Grimmsnarl\n|-supereffective|p1b: Grimmsnarl\n|-damage|p1b: Grimmsnarl|0 fnt\n|faint|p1b: Grimmsnarl\n|\n|upkeep\n|l| hoxue12354\n|\n|t:|1697809963\n|switch|p1b: Heatran|Heatran, M|32\/100\n|turn|25\n|\n|t:|1697809991\n|move|p1a: Milotic|Hypnosis|p2b: Volcanion|[miss]\n|-miss|p1a: Milotic|p2b: Volcanion\n|move|p2b: Volcanion|Steam Eruption|p1b: Heatran\n|-supereffective|p1b: Heatran\n|-damage|p1b: Heatran|0 fnt\n|faint|p1b: Heatran\n|\n|upkeep\n|turn|26\n|\n|t:|1697810002\n|move|p1a: Milotic|Hypnosis|p2b: Volcanion\n|-status|p2b: Volcanion|slp|[from] move: Hypnosis\n|cant|p2b: Volcanion|slp\n|\n|upkeep\n|turn|27\n|\n|t:|1697810013\n|move|p1a: Milotic|Recover|p1a: Milotic\n|-heal|p1a: Milotic|98\/100\n|cant|p2b: Volcanion|slp\n|\n|upkeep\n|turn|28\n|\n|t:|1697810026\n|move|p1a: Milotic|Coil|p1a: Milotic\n|-boost|p1a: Milotic|atk|1\n|-boost|p1a: Milotic|def|1\n|-boost|p1a: Milotic|accuracy|1\n|-curestatus|p2b: Volcanion|slp|[msg]\n|move|p2b: Volcanion|Earth Power|p1a: Milotic\n|-damage|p1a: Milotic|74\/100\n|\n|upkeep\n|turn|29\n|\n|t:|1697810039\n|move|p1a: Milotic|Aqua Tail|p2b: Volcanion\n|-heal|p2b: Volcanion|100\/100|[from] ability: Water Absorb|[of] p1a: Milotic\n|move|p2b: Volcanion|Sludge Bomb|p1a: Milotic\n|-damage|p1a: Milotic|53\/100\n|\n|upkeep\n|turn|30\n|\n|t:|1697810048\n|move|p1a: Milotic|Recover|p1a: Milotic\n|-heal|p1a: Milotic|100\/100\n|move|p2b: Volcanion|Steam Eruption|p1a: Milotic\n|-resisted|p1a: Milotic\n|-damage|p1a: Milotic|78\/100\n|-status|p1a: Milotic|brn\n|\n|-damage|p1a: Milotic|72\/100 brn|[from] brn\n|upkeep\n|turn|31\n|\n|t:|1697810060\n|move|p1a: Milotic|Aqua Tail|p2b: Volcanion\n|-immune|p2b: Volcanion|[from] ability: Water Absorb\n|move|p2b: Volcanion|Sludge Bomb|p1a: Milotic\n|-damage|p1a: Milotic|47\/100 brn\n|\n|-damage|p1a: Milotic|41\/100 brn|[from] brn\n|upkeep\n|turn|32\n|\n|t:|1697810073\n|move|p1a: Milotic|Recover|p1a: Milotic\n|-heal|p1a: Milotic|91\/100 brn\n|move|p2b: Volcanion|Sludge Bomb|p1a: Milotic\n|-damage|p1a: Milotic|66\/100 brn\n|\n|-damage|p1a: Milotic|60\/100 brn|[from] brn\n|upkeep\n|turn|33\n|\n|t:|1697810082\n|move|p1a: Milotic|Recover|p1a: Milotic\n|-heal|p1a: Milotic|100\/100 brn\n|move|p2b: Volcanion|Sludge Bomb|p1a: Milotic\n|-damage|p1a: Milotic|78\/100 brn\n|\n|-damage|p1a: Milotic|72\/100 brn|[from] brn\n|upkeep\n|turn|34\n|\n|t:|1697810093\n|move|p1a: Milotic|Aqua Tail|p2b: Volcanion\n|-immune|p2b: Volcanion|[from] ability: Water Absorb\n|move|p2b: Volcanion|Sludge Bomb|p1a: Milotic\n|-damage|p1a: Milotic|47\/100 brn\n|\n|-damage|p1a: Milotic|41\/100 brn|[from] brn\n|upkeep\n|turn|35\n|\n|t:|1697810102\n|move|p1a: Milotic|Recover|p1a: Milotic\n|-heal|p1a: Milotic|91\/100 brn\n|move|p2b: Volcanion|Earth Power|p1a: Milotic\n|-damage|p1a: Milotic|69\/100 brn\n|\n|-damage|p1a: Milotic|62\/100 brn|[from] brn\n|upkeep\n|turn|36\n|\n|t:|1697810118\n|move|p1a: Milotic|Aqua Tail|p2b: Volcanion\n|-immune|p2b: Volcanion|[from] ability: Water Absorb\n|move|p2b: Volcanion|Earth Power|p1a: Milotic\n|-damage|p1a: Milotic|39\/100 brn\n|\n|-damage|p1a: Milotic|33\/100 brn|[from] brn\n|upkeep\n|turn|37\n|\n|t:|1697810128\n|move|p1a: Milotic|Recover|p1a: Milotic\n|-heal|p1a: Milotic|83\/100 brn\n|move|p2b: Volcanion|Earth Power|p1a: Milotic\n|-damage|p1a: Milotic|60\/100 brn\n|\n|-damage|p1a: Milotic|54\/100 brn|[from] brn\n|upkeep\n|turn|38\n|\n|t:|1697810139\n|move|p1a: Milotic|Aqua Tail|p2b: Volcanion\n|-immune|p2b: Volcanion|[from] ability: Water Absorb\n|move|p2b: Volcanion|Earth Power|p1a: Milotic\n|-damage|p1a: Milotic|31\/100 brn\n|\n|-damage|p1a: Milotic|25\/100 brn|[from] brn\n|upkeep\n|turn|39\n|\n|t:|1697810152\n|move|p1a: Milotic|Hypnosis|p2b: Volcanion\n|-status|p2b: Volcanion|slp|[from] move: Hypnosis\n|cant|p2b: Volcanion|slp\n|\n|-damage|p1a: Milotic|19\/100 brn|[from] brn\n|upkeep\n|turn|40\n|\n|t:|1697810162\n|move|p1a: Milotic|Coil|p1a: Milotic\n|-boost|p1a: Milotic|atk|1\n|-boost|p1a: Milotic|def|1\n|-boost|p1a: Milotic|accuracy|1\n|cant|p2b: Volcanion|slp\n|\n|-damage|p1a: Milotic|12\/100 brn|[from] brn\n|upkeep\n|turn|41\n|\n|t:|1697810173\n|move|p1a: Milotic|Hypnosis|p2b: Volcanion\n|-fail|p2b: Volcanion|slp\n|cant|p2b: Volcanion|slp\n|\n|-damage|p1a: Milotic|6\/100 brn|[from] brn\n|upkeep\n|turn|42\n|-message|json.f forfeited.\n|\n|win|chzmunky\n|raw|json.f's rating: 1098 &rarr; <strong>1075<\/strong><br \/>(-23 for losing)\n|raw|chzmunky's rating: 1125 &rarr; <strong>1148<\/strong><br \/>(+23 for winning)\n|l|\u2606json.f\n","uploadtime":1697810190,"views":12,"p1id":"jsonf","p2id":"chzmunky","formatid":"gen9doublesou","rating":1075,"private":0,"password":""}