{"id":"gen9doublesou-1971452903","p1":"matheusescouto","p2":"Aquaticphantom","format":"[Gen 9] Doubles OU","log":"|j|\u2606matheusescouto\n|j|\u2606Aquaticphantom\n|t:|1697739652\n|gametype|doubles\n|player|p1|matheusescouto|wattson|1140\n|player|p2|Aquaticphantom|fantina|1271\n|teamsize|p1|6\n|teamsize|p2|6\n|gen|9\n|tier|[Gen 9] Doubles OU\n|rated|\n|rule|Species Clause: Limit one of each Pok\u00e9mon\n|rule|OHKO Clause: OHKO moves are banned\n|rule|Evasion Moves Clause: Evasion moves are banned\n|rule|Gravity Sleep Clause: The combination of sleep-inducing moves with imperfect accuracy and Gravity or Gigantamax Orbeetle are banned\n|rule|Endless Battle Clause: Forcing endless battles is banned\n|rule|HP Percentage Mod: HP is shown in percentages\n|clearpoke\n|poke|p1|Garchomp, M|\n|poke|p1|Skeledirge, F|\n|poke|p1|Gholdengo|\n|poke|p1|Greninja-*, F|\n|poke|p1|Zapdos-Galar|\n|poke|p1|Glimmora, F|\n|poke|p2|Glimmora, F|\n|poke|p2|Espeon, F|\n|poke|p2|Gastrodon-East, M|\n|poke|p2|Meowscarada, M|\n|poke|p2|Ceruledge, F|\n|poke|p2|Kilowattrel, M|\n|teampreview\n|inactive|Battle timer is ON: inactive players will automatically lose when time's up. (requested by matheusescouto)\n|\n|t:|1697739670\n|start\n|switch|p1a: Glimmora|Glimmora, F|100\/100\n|switch|p1b: Skeledirge|Skeledirge, F|100\/100\n|switch|p2a: Crystal|Glimmora, F|100\/100\n|switch|p2b: Sylvie|Espeon, F|100\/100\n|turn|1\n|inactive|matheusescouto has 120 seconds left.\n|\n|t:|1697739710\n|move|p2b: Sylvie|Shadow Ball|p1b: Skeledirge\n|-supereffective|p1b: Skeledirge\n|-damage|p1b: Skeledirge|47\/100\n|move|p2a: Crystal|Power Gem|p1b: Skeledirge\n|-supereffective|p1b: Skeledirge\n|-damage|p1b: Skeledirge|0 fnt\n|faint|p1b: Skeledirge\n|move|p1a: Glimmora|Mortal Spin|p2b: Sylvie|[spread] p2a,p2b\n|-resisted|p2a: Crystal\n|-damage|p2a: Crystal|99\/100\n|-damage|p2b: Sylvie|93\/100\n|-status|p2b: Sylvie|psn\n|-damage|p1a: Glimmora|84\/100|[from] item: Rocky Helmet|[of] p2a: Crystal\n|-activate|p2a: Crystal|ability: Toxic Debris\n|-sidestart|p1: matheusescouto|move: Toxic Spikes\n|-sideend|p1: matheusescouto|Toxic Spikes|[from] move: Mortal Spin|[of] p1a: Glimmora\n|\n|-damage|p2b: Sylvie|81\/100 psn|[from] psn\n|upkeep\n|inactive|matheusescouto has 90 seconds left.\n|\n|t:|1697739742\n|switch|p1b: Greninja|Greninja, F|100\/100\n|turn|2\n|\n|t:|1697739757\n|switch|p2b: Sponge|Gastrodon-East, M|100\/100\n|move|p1b: Greninja|Hydro Pump|p2b: Sponge\n|-activate|p2b: Sponge|ability: Storm Drain\n|-ability|p2b: Sponge|Storm Drain|boost\n|-boost|p2b: Sponge|spa|1\n|move|p2a: Crystal|Power Gem|p1a: Glimmora\n|-damage|p1a: Glimmora|28\/100\n|move|p1a: Glimmora|Stealth Rock|p2a: Crystal\n|-sidestart|p2: Aquaticphantom|move: Stealth Rock\n|\n|upkeep\n|turn|3\n|inactive|matheusescouto has 120 seconds left.\n|inactive|Aquaticphantom has 120 seconds left.\n|\n|t:|1697739788\n|switch|p1b: Gholdengo|Gholdengo|100\/100\n|move|p1a: Glimmora|Mortal Spin|p2b: Sponge|[spread] p2a,p2b\n|-resisted|p2a: Crystal\n|-resisted|p2b: Sponge\n|-damage|p2a: Crystal|98\/100\n|-damage|p2b: Sponge|98\/100\n|-status|p2b: Sponge|psn\n|-damage|p1a: Glimmora|12\/100|[from] item: Rocky Helmet|[of] p2a: Crystal\n|-activate|p2a: Crystal|ability: Toxic Debris\n|-sidestart|p1: matheusescouto|move: Toxic Spikes\n|-sideend|p1: matheusescouto|Toxic Spikes|[from] move: Mortal Spin|[of] p1a: Glimmora\n|move|p2a: Crystal|Power Gem|p1b: Gholdengo\n|-resisted|p1b: Gholdengo\n|-damage|p1b: Gholdengo|76\/100\n|move|p2b: Sponge|Earth Power|p1a: Glimmora\n|-supereffective|p1a: Glimmora\n|-damage|p1a: Glimmora|0 fnt\n|faint|p1a: Glimmora\n|\n|-damage|p2b: Sponge|85\/100 psn|[from] psn\n|upkeep\n|inactive|matheusescouto has 90 seconds left.\n|\n|t:|1697739818\n|switch|p1a: Zapdos|Zapdos-Galar|100\/100\n|turn|4\n|inactive|Aquaticphantom has 120 seconds left.\n|\n|t:|1697739850\n|move|p1a: Zapdos|Brave Bird|p2b: Sponge\n|-damage|p2b: Sponge|0 fnt\n|faint|p2b: Sponge\n|-damage|p1a: Zapdos|63\/100|[from] Recoil\n|move|p2a: Crystal|Power Gem|p1a: Zapdos\n|-damage|p1a: Zapdos|12\/100\n|move|p1b: Gholdengo|Nasty Plot|p1b: Gholdengo\n|-boost|p1b: Gholdengo|spa|2\n|\n|upkeep\n|\n|t:|1697739854\n|switch|p2b: Dreyar|Kilowattrel, M|100\/100\n|turn|5\n|inactive|matheusescouto has 120 seconds left.\n|\n|t:|1697739878\n|move|p2a: Crystal|Spiky Shield|p2a: Crystal\n|-singleturn|p2a: Crystal|move: Protect\n|move|p2b: Dreyar|Discharge|p1a: Zapdos|[spread] p1a,p1b\n|-activate|p2a: Crystal|move: Protect\n|-supereffective|p1a: Zapdos\n|-crit|p1a: Zapdos\n|-damage|p1a: Zapdos|0 fnt\n|-damage|p1b: Gholdengo|43\/100\n|faint|p1a: Zapdos\n|move|p1b: Gholdengo|Make It Rain|p2b: Dreyar|[spread] p2b\n|-activate|p2a: Crystal|move: Protect\n|-resisted|p2b: Dreyar\n|-damage|p2b: Dreyar|9\/100\n|-unboost|p1b: Gholdengo|spa|1\n|\n|upkeep\n|\n|t:|1697739895\n|switch|p1a: Greninja|Greninja, F|100\/100\n|turn|6\n|inactive|matheusescouto has 120 seconds left.\n|inactive|matheusescouto has 90 seconds left.\n|\n|t:|1697739931\n|move|p2b: Dreyar|Tailwind|p2b: Dreyar\n|-sidestart|p2: Aquaticphantom|move: Tailwind\n|move|p2a: Crystal|Sludge Wave|p1b: Gholdengo|[spread] p2b,p1a\n|-immune|p1b: Gholdengo\n|-damage|p2b: Dreyar|0 fnt\n|-damage|p1a: Greninja|44\/100\n|faint|p2b: Dreyar\n|move|p1a: Greninja|U-turn|p2a: Crystal\n|-resisted|p2a: Crystal\n|-damage|p2a: Crystal|89\/100\n|-damage|p1a: Greninja|27\/100|[from] item: Rocky Helmet|[of] p2a: Crystal\n|-activate|p2a: Crystal|ability: Toxic Debris\n|-sidestart|p1: matheusescouto|move: Toxic Spikes\n|inactive|matheusescouto has 90 seconds left.\n|\n|t:|1697739949\n|switch|p1a: Garchomp|Garchomp, M|100\/100|[from] U-turn\n|-status|p1a: Garchomp|psn\n|move|p1b: Gholdengo|Make It Rain|p2a: Crystal\n|-supereffective|p2a: Crystal\n|-damage|p2a: Crystal|0 fnt\n|-unboost|p1b: Gholdengo|spa|1\n|faint|p2a: Crystal\n|\n|-damage|p1a: Garchomp|88\/100 psn|[from] psn\n|upkeep\n|inactive|Aquaticphantom has 120 seconds left.\n|\n|t:|1697739996\n|switch|p2b: Sylvie|Espeon, F|81\/100 psn\n|switch|p2a: Cat n Hat|Meowscarada, M|100\/100\n|-damage|p2b: Sylvie|68\/100 psn|[from] Stealth Rock\n|-damage|p2a: Cat n Hat|88\/100|[from] Stealth Rock\n|turn|7\n|inactive|matheusescouto has 90 seconds left.\n|\n|t:|1697740021\n|-terastallize|p2b: Sylvie|Fairy\n|move|p2b: Sylvie|Dazzling Gleam|p1b: Gholdengo|[spread] p1a,p1b\n|-supereffective|p1a: Garchomp\n|-resisted|p1b: Gholdengo\n|-damage|p1a: Garchomp|21\/100 psn\n|-damage|p1b: Gholdengo|24\/100\n|move|p2a: Cat n Hat|Knock Off|p1b: Gholdengo\n|-start|p2a: Cat n Hat|typechange|Dark|[from] ability: Protean\n|-supereffective|p1b: Gholdengo\n|-damage|p1b: Gholdengo|0 fnt\n|-enditem|p1b: Gholdengo|Covert Cloak|[from] move: Knock Off|[of] p2a: Cat n Hat\n|faint|p1b: Gholdengo\n|move|p1a: Garchomp|Earthquake|p2b: Sylvie|[spread] p2a,p2b\n|-damage|p2a: Cat n Hat|12\/100\n|-damage|p2b: Sylvie|0 fnt\n|faint|p2b: Sylvie\n|-damage|p1a: Garchomp|11\/100 psn|[from] item: Life Orb\n|\n|-damage|p1a: Garchomp|0 fnt|[from] psn\n|faint|p1a: Garchomp\n|upkeep\n|inactive|Aquaticphantom has 120 seconds left.\n|\n|t:|1697740046\n|switch|p2b: Knightwalker|Ceruledge, F|100\/100\n|switch|p1b: Greninja|Greninja, F|27\/100\n|-damage|p2b: Knightwalker|76\/100|[from] Stealth Rock\n|-status|p1b: Greninja|psn\n|turn|8\n|\n|t:|1697740067\n|move|p2a: Cat n Hat|Flower Trick|p1b: Greninja\n|-supereffective|p1b: Greninja\n|-crit|p1b: Greninja\n|-damage|p1b: Greninja|0 fnt\n|faint|p1b: Greninja\n|\n|win|Aquaticphantom\n|raw|matheusescouto's rating: 1140 &rarr; <strong>1124<\/strong><br \/>(-16 for losing)\n|raw|Aquaticphantom's rating: 1271 &rarr; <strong>1287<\/strong><br \/>(+16 for winning)\n","uploadtime":1697740071,"views":11,"p1id":"matheusescouto","p2id":"aquaticphantom","formatid":"gen9doublesou","rating":1124,"private":0,"password":""}