{"id":"gen9doublesou-1998462600","p1":"SkeletonPee","p2":"CertifiedRainman","format":"[Gen 9] Doubles OU","log":"|j|\u2606SkeletonPee\n|j|\u2606CertifiedRainman\n|t:|1700945054\n|gametype|doubles\n|player|p1|SkeletonPee|rocketgruntf|1330\n|player|p2|CertifiedRainman|rood|1334\n|teamsize|p1|6\n|teamsize|p2|6\n|gen|9\n|tier|[Gen 9] Doubles OU\n|rated|\n|rule|Species Clause: Limit one of each Pok\u00e9mon\n|rule|OHKO Clause: OHKO moves are banned\n|rule|Evasion Moves Clause: Evasion moves are banned\n|rule|Gravity Sleep Clause: The combination of sleep-inducing moves with imperfect accuracy and Gravity or Gigantamax Orbeetle are banned\n|rule|Endless Battle Clause: Forcing endless battles is banned\n|rule|HP Percentage Mod: HP is shown in percentages\n|clearpoke\n|poke|p1|Landorus, M|\n|poke|p1|Flutter Mane|\n|poke|p1|Thundurus-Therian, M|\n|poke|p1|Ursaluna, F|\n|poke|p1|Kingambit, F|\n|poke|p1|Tornadus, M|\n|poke|p2|Chien-Pao|\n|poke|p2|Iron Hands|\n|poke|p2|Diancie|\n|poke|p2|Indeedee-F, F|\n|poke|p2|Armarouge, M|\n|poke|p2|Kingambit, M|\n|teampreview\n|inactive|Battle timer is ON: inactive players will automatically lose when time's up. (requested by SkeletonPee)\n|\n|t:|1700945071\n|start\n|switch|p1a: OG|Landorus, M|100\/100\n|switch|p1b: J. Cole|Thundurus-Therian, M|100\/100\n|switch|p2a: Iron Hands|Iron Hands|100\/100\n|switch|p2b: Chien-Pao|Chien-Pao|100\/100\n|-ability|p2b: Chien-Pao|Sword of Ruin\n|turn|1\n|\n|t:|1700945083\n|switch|p1a: Suzette|Kingambit, F, shiny|100\/100\n|move|p2a: Iron Hands|Fake Out|p1a: Suzette\n|-resisted|p1a: Suzette\n|-damage|p1a: Suzette|94\/100\n|move|p2b: Chien-Pao|Throat Chop|p1a: Suzette\n|-resisted|p1a: Suzette\n|-damage|p1a: Suzette|74\/100\n|-start|p1a: Suzette|Throat Chop|[silent]\n|move|p1b: J. Cole|Psychic|p2a: Iron Hands\n|-supereffective|p2a: Iron Hands\n|-crit|p2a: Iron Hands\n|-damage|p2a: Iron Hands|11\/100\n|\n|upkeep\n|turn|2\n|\n|t:|1700945099\n|move|p1a: Suzette|Protect|p1a: Suzette\n|-singleturn|p1a: Suzette|Protect\n|move|p2b: Chien-Pao|Sacred Sword|p1a: Suzette\n|-activate|p1a: Suzette|move: Protect\n|move|p1b: J. Cole|Psychic|p2a: Iron Hands\n|-supereffective|p2a: Iron Hands\n|-damage|p2a: Iron Hands|0 fnt\n|faint|p2a: Iron Hands\n|-end|p2a: Iron Hands|Quark Drive|[silent]\n|\n|-end|p1a: Suzette|Throat Chop|[silent]\n|upkeep\n|\n|t:|1700945110\n|switch|p2a: Diancie|Diancie|100\/100\n|turn|3\n|inactive|SkeletonPee has 120 seconds left.\n|\n|t:|1700945153\n|switch|p1b: Luna|Ursaluna, F, shiny|100\/100\n|-end|p1a: Suzette|fallenundefined|[silent]\n|switch|p1a: Hermes|Tornadus, M|100\/100\n|-terastallize|p2a: Diancie|Steel\n|move|p2b: Chien-Pao|Sacred Sword|p1a: Hermes\n|-resisted|p1a: Hermes\n|-damage|p1a: Hermes|80\/100\n|move|p2a: Diancie|Diamond Storm|p1b: Luna|[spread] p1a,p1b\n|-supereffective|p1a: Hermes\n|-resisted|p1b: Luna\n|-damage|p1a: Hermes|0 fnt\n|-damage|p1b: Luna|77\/100\n|-boost|p2a: Diancie|def|2\n|faint|p1a: Hermes\n|\n|-status|p1b: Luna|brn|[from] item: Flame Orb\n|upkeep\n|inactive|SkeletonPee has 90 seconds left.\n|\n|t:|1700945178\n|switch|p1a: Gucci Mane|Flutter Mane|100\/100\n|turn|4\n|inactive|SkeletonPee has 90 seconds left.\n|inactive|CertifiedRainman has 120 seconds left.\n|\n|t:|1700945209\n|-terastallize|p1b: Luna|Water\n|move|p2b: Chien-Pao|Ice Shard|p1b: Luna\n|-resisted|p1b: Luna\n|-damage|p1b: Luna|66\/100 brn\n|move|p1a: Gucci Mane|Moonblast|p2b: Chien-Pao\n|-supereffective|p2b: Chien-Pao\n|-enditem|p2b: Chien-Pao|Focus Sash\n|-damage|p2b: Chien-Pao|1\/100\n|move|p2a: Diancie|Diamond Storm|p1b: Luna|[spread] p1a,p1b\n|-damage|p1a: Gucci Mane|0 fnt\n|-damage|p1b: Luna|15\/100 brn\n|-boost|p2a: Diancie|def|2\n|faint|p1a: Gucci Mane\n|-end|p1a: Gucci Mane|Protosynthesis|[silent]\n|move|p1b: Luna|Drain Punch|p2a: Diancie\n|-supereffective|p2a: Diancie\n|-damage|p2a: Diancie|63\/100\n|-heal|p1b: Luna|24\/100 brn|[from] drain|[of] p2a: Diancie\n|\n|-damage|p1b: Luna|18\/100 brn|[from] brn\n|upkeep\n|\n|t:|1700945229\n|switch|p1a: J. Cole|Thundurus-Therian, M|100\/100\n|turn|5\n|inactive|SkeletonPee has 90 seconds left.\n|inactive|CertifiedRainman has 120 seconds left.\n|\n|t:|1700945270\n|move|p2b: Chien-Pao|Ice Shard|p1a: J. Cole\n|-supereffective|p1a: J. Cole\n|-damage|p1a: J. Cole|12\/100\n|move|p1a: J. Cole|Discharge|p2a: Diancie|[spread] p1b,p2a,p2b\n|-supereffective|p1b: Luna\n|-damage|p1b: Luna|0 fnt\n|-damage|p2a: Diancie|12\/100\n|-damage|p2b: Chien-Pao|0 fnt\n|-status|p2a: Diancie|par\n|faint|p1b: Luna\n|faint|p2b: Chien-Pao\n|cant|p2a: Diancie|par\n|\n|upkeep\n|\n|t:|1700945280\n|switch|p2b: Armarouge|Armarouge, M|100\/100\n|switch|p1b: OG|Landorus, M|100\/100\n|turn|6\n|inactive|SkeletonPee has 120 seconds left.\n|\n|t:|1700945305\n|move|p1a: J. Cole|Discharge|p2b: Armarouge|[spread] p2a,p2b\n|-immune|p1b: OG\n|-damage|p2a: Diancie|0 fnt\n|-damage|p2b: Armarouge|50\/100\n|faint|p2a: Diancie\n|move|p1b: OG|Crunch|p2b: Armarouge\n|-supereffective|p2b: Armarouge\n|-damage|p2b: Armarouge|0 fnt\n|faint|p2b: Armarouge\n|\n|upkeep\n|\n|t:|1700945313\n|switch|p2b: Kingambit|Kingambit, M|100\/100\n|switch|p2a: Indeedee|Indeedee-F, F|100\/100\n|-fieldstart|move: Psychic Terrain|[from] ability: Psychic Surge|[of] p2a: Indeedee\n|-activate|p2b: Kingambit|ability: Supreme Overlord\n|-start|p2b: Kingambit|fallen4|[silent]\n|turn|7\n|c|\u2606SkeletonPee|Yummy\n|\n|t:|1700945334\n|move|p1a: J. Cole|Discharge|p2b: Kingambit|[spread] p2a,p2b\n|-immune|p1b: OG\n|-damage|p2a: Indeedee|44\/100\n|-damage|p2b: Kingambit|50\/100\n|-status|p2a: Indeedee|par\n|move|p1b: OG|Brick Break|p2b: Kingambit\n|-supereffective|p2b: Kingambit\n|-damage|p2b: Kingambit|0 fnt\n|faint|p2b: Kingambit\n|-end|p2b: Kingambit|fallen4|[silent]\n|-damage|p1b: OG|90\/100|[from] item: Life Orb\n|move|p2a: Indeedee|Draining Kiss|p1a: J. Cole\n|-damage|p1a: J. Cole|0 fnt\n|-heal|p2a: Indeedee|51\/100 par|[from] drain|[of] p1a: J. Cole\n|faint|p1a: J. Cole\n|\n|-heal|p2a: Indeedee|57\/100 par|[from] item: Leftovers\n|upkeep\n|\n|t:|1700945344\n|switch|p1a: Suzette|Kingambit, F, shiny|74\/100\n|-activate|p1a: Suzette|ability: Supreme Overlord\n|-start|p1a: Suzette|fallen4|[silent]\n|turn|8\n|c|\u2606SkeletonPee|GG wp\n|inactive|CertifiedRainman has 120 seconds left.\n|inactive|CertifiedRainman has 90 seconds left.\n|\n|t:|1700945428\n|move|p2a: Indeedee|Protect|p2a: Indeedee\n|-singleturn|p2a: Indeedee|Protect\n|move|p1b: OG|Crunch|p2a: Indeedee\n|-activate|p2a: Indeedee|move: Protect\n|move|p1a: Suzette|Kowtow Cleave|p2a: Indeedee\n|-activate|p2a: Indeedee|move: Protect\n|\n|-heal|p2a: Indeedee|63\/100 par|[from] item: Leftovers\n|upkeep\n|turn|9\n|\n|t:|1700945436\n|move|p1a: Suzette|Sucker Punch|p2a: Indeedee\n|-activate|p2a: Indeedee|move: Psychic Terrain\n|move|p1b: OG|Crunch|p2a: Indeedee\n|-supereffective|p2a: Indeedee\n|-damage|p2a: Indeedee|0 fnt\n|faint|p2a: Indeedee\n|\n|win|SkeletonPee\n|raw|SkeletonPee's rating: 1330 &rarr; <strong>1350<\/strong><br \/>(+20 for winning)\n|raw|CertifiedRainman's rating: 1334 &rarr; <strong>1314<\/strong><br \/>(-20 for losing)\n|l|\u2606CertifiedRainman\n","uploadtime":1700945451,"views":7,"p1id":"skeletonpee","p2id":"certifiedrainman","formatid":"gen9doublesou","rating":1314,"private":0,"password":""}