{"id":"gen9doublesou-1983156650","p1":"rillaballing","p2":"Froster2345678","format":"[Gen 9] Doubles OU","log":"|j|\u2606rillaballing\n|j|\u2606Froster2345678\n|t:|1699097551\n|gametype|doubles\n|player|p1|rillaballing|266|1456\n|player|p2|Froster2345678|swimmerf-gen3|1508\n|teamsize|p1|6\n|teamsize|p2|6\n|gen|9\n|tier|[Gen 9] Doubles OU\n|rated|\n|rule|Species Clause: Limit one of each Pok\u00e9mon\n|rule|OHKO Clause: OHKO moves are banned\n|rule|Evasion Moves Clause: Evasion moves are banned\n|rule|Gravity Sleep Clause: The combination of sleep-inducing moves with imperfect accuracy and Gravity or Gigantamax Orbeetle are banned\n|rule|Endless Battle Clause: Forcing endless battles is banned\n|rule|HP Percentage Mod: HP is shown in percentages\n|clearpoke\n|poke|p1|Tornadus, M|\n|poke|p1|Iron Hands|\n|poke|p1|Rillaboom, M|\n|poke|p1|Flutter Mane|\n|poke|p1|Ogerpon-Hearthflame, F|\n|poke|p1|Heatran, M|\n|poke|p2|Ogerpon, F|\n|poke|p2|Sinistcha|\n|poke|p2|Kommo-o, M|\n|poke|p2|Clefairy, M|\n|poke|p2|Iron Hands|\n|poke|p2|Flutter Mane|\n|teampreview\n|inactive|Battle timer is ON: inactive players will automatically lose when time's up. (requested by Froster2345678)\n|\n|t:|1699097564\n|start\n|switch|p1a: Tornadus|Tornadus, M|100\/100\n|switch|p1b: Flutter Mane|Flutter Mane|100\/100\n|switch|p2a: Ogerpon|Ogerpon, F|100\/100\n|switch|p2b: Iron Hands|Iron Hands|100\/100\n|turn|1\n|\n|t:|1699097580\n|-terastallize|p1b: Flutter Mane|Fairy\n|-terastallize|p2a: Ogerpon|Grass\n|detailschange|p2a: Ogerpon|Ogerpon-Teal-Tera, F, tera:Grass\n|-ability|p2a: Ogerpon|Embody Aspect (Teal)|boost\n|-boost|p2a: Ogerpon|spe|1\n|move|p1a: Tornadus|Sunny Day|p1a: Tornadus\n|-weather|SunnyDay\n|-activate|p1b: Flutter Mane|ability: Protosynthesis\n|-start|p1b: Flutter Mane|protosynthesisspa\n|move|p2a: Ogerpon|Ivy Cudgel|p1b: Flutter Mane\n|-damage|p1b: Flutter Mane|0 fnt\n|faint|p1b: Flutter Mane\n|-end|p1b: Flutter Mane|Protosynthesis|[silent]\n|move|p2b: Iron Hands|Wild Charge|p1a: Tornadus\n|-supereffective|p1a: Tornadus\n|-damage|p1a: Tornadus|0 fnt\n|faint|p1a: Tornadus\n|-damage|p2b: Iron Hands|80\/100|[from] Recoil\n|\n|-weather|SunnyDay|[upkeep]\n|upkeep\n|\n|t:|1699097596\n|switch|p1b: Ogerpon|Ogerpon-Hearthflame, F|100\/100\n|switch|p1a: Heatran|Heatran, M|100\/100\n|-ability|p1b: Ogerpon|Mold Breaker\n|turn|2\n|\n|t:|1699097612\n|move|p2a: Ogerpon|Stomping Tantrum|p1a: Heatran\n|-supereffective|p1a: Heatran\n|-damage|p1a: Heatran|11\/100\n|move|p1b: Ogerpon|Substitute|p1b: Ogerpon\n|-start|p1b: Ogerpon|Substitute\n|-damage|p1b: Ogerpon|76\/100\n|move|p1a: Heatran|Heat Wave|p2b: Iron Hands|[spread] p2a,p2b\n|-supereffective|p2a: Ogerpon\n|-enditem|p2a: Ogerpon|Focus Sash\n|-damage|p2a: Ogerpon|1\/100\n|-damage|p2b: Iron Hands|51\/100\n|move|p2b: Iron Hands|Drain Punch|p1b: Ogerpon\n|-end|p1b: Ogerpon|Substitute\n|-heal|p2b: Iron Hands|60\/100|[from] drain|[of] p1b: Ogerpon\n|\n|-weather|SunnyDay|[upkeep]\n|upkeep\n|turn|3\n|j| Normal Kid Jimmi\n|\n|t:|1699097636\n|move|p1b: Ogerpon|Spiky Shield|p1b: Ogerpon\n|-singleturn|p1b: Ogerpon|move: Protect\n|move|p2a: Ogerpon|Stomping Tantrum|p1b: Ogerpon\n|-activate|p1b: Ogerpon|move: Protect\n|-damage|p2a: Ogerpon|0 fnt|[from] Spiky Shield|[of] p1b: Ogerpon\n|faint|p2a: Ogerpon\n|move|p1a: Heatran|Heat Wave|p2b: Iron Hands\n|-damage|p2b: Iron Hands|19\/100\n|move|p2b: Iron Hands|Drain Punch|p1a: Heatran\n|-supereffective|p1a: Heatran\n|-damage|p1a: Heatran|0 fnt\n|-heal|p2b: Iron Hands|24\/100|[from] drain|[of] p1a: Heatran\n|faint|p1a: Heatran\n|\n|-weather|SunnyDay|[upkeep]\n|upkeep\n|\n|t:|1699097654\n|switch|p2a: Flutter Mane|Flutter Mane|100\/100\n|switch|p1a: Rillaboom|Rillaboom, M|100\/100\n|-activate|p2a: Flutter Mane|ability: Protosynthesis\n|-start|p2a: Flutter Mane|protosynthesisspe\n|-fieldstart|move: Grassy Terrain|[from] ability: Grassy Surge|[of] p1a: Rillaboom\n|turn|4\n|\n|t:|1699097666\n|move|p1a: Rillaboom|Grassy Glide|p2a: Flutter Mane\n|-damage|p2a: Flutter Mane|49\/100\n|move|p2a: Flutter Mane|Shadow Ball|p1b: Ogerpon\n|-damage|p1b: Ogerpon|16\/100\n|-unboost|p1b: Ogerpon|spd|1\n|move|p1b: Ogerpon|Ivy Cudgel|p2b: Iron Hands\n|-damage|p2b: Iron Hands|0 fnt\n|faint|p2b: Iron Hands\n|-end|p2b: Iron Hands|Quark Drive|[silent]\n|\n|-weather|SunnyDay|[upkeep]\n|-heal|p2a: Flutter Mane|55\/100|[from] Grassy Terrain\n|-heal|p1b: Ogerpon|22\/100|[from] Grassy Terrain\n|upkeep\n|l| Normal Kid Jimmi\n|\n|t:|1699097683\n|switch|p2b: Clefairy|Clefairy, M|100\/100\n|turn|5\n|\n|t:|1699097692\n|move|p1b: Ogerpon|Spiky Shield|p1b: Ogerpon\n|-singleturn|p1b: Ogerpon|move: Protect\n|move|p2b: Clefairy|Follow Me|p2b: Clefairy\n|-singleturn|p2b: Clefairy|move: Follow Me\n|move|p1a: Rillaboom|Grassy Glide|p2b: Clefairy\n|-damage|p2b: Clefairy|67\/100\n|move|p2a: Flutter Mane|Shadow Ball|p1a: Rillaboom\n|-damage|p1a: Rillaboom|56\/100\n|\n|-weather|none\n|-end|p2a: Flutter Mane|Protosynthesis\n|-heal|p2a: Flutter Mane|62\/100|[from] Grassy Terrain\n|-heal|p1b: Ogerpon|28\/100|[from] Grassy Terrain\n|-heal|p1a: Rillaboom|63\/100|[from] Grassy Terrain\n|-heal|p2b: Clefairy|73\/100|[from] Grassy Terrain\n|upkeep\n|turn|6\n|\n|t:|1699097712\n|move|p2b: Clefairy|Follow Me|p2b: Clefairy\n|-singleturn|p2b: Clefairy|move: Follow Me\n|move|p1a: Rillaboom|Grassy Glide|p2b: Clefairy\n|-damage|p2b: Clefairy|37\/100\n|move|p2a: Flutter Mane|Shadow Ball|p1b: Ogerpon\n|-damage|p1b: Ogerpon|0 fnt\n|faint|p1b: Ogerpon\n|\n|-heal|p2a: Flutter Mane|68\/100|[from] Grassy Terrain\n|-heal|p1a: Rillaboom|69\/100|[from] Grassy Terrain\n|-heal|p2b: Clefairy|44\/100|[from] Grassy Terrain\n|upkeep\n|\n|t:|1699097720\n|switch|p1b: Iron Hands|Iron Hands|100\/100\n|turn|7\n|\n|t:|1699097737\n|move|p1a: Rillaboom|Grassy Glide|p2b: Clefairy\n|-damage|p2b: Clefairy|7\/100\n|move|p2a: Flutter Mane|Shadow Ball|p1a: Rillaboom\n|-damage|p1a: Rillaboom|25\/100\n|move|p1b: Iron Hands|Swords Dance|p1b: Iron Hands\n|-boost|p1b: Iron Hands|atk|2\n|move|p2b: Clefairy|Icy Wind|p1a: Rillaboom|[spread] p1a,p1b\n|-supereffective|p1a: Rillaboom\n|-damage|p1a: Rillaboom|15\/100\n|-damage|p1b: Iron Hands|96\/100\n|-unboost|p1a: Rillaboom|spe|1\n|-unboost|p1b: Iron Hands|spe|1\n|\n|-heal|p2a: Flutter Mane|74\/100|[from] Grassy Terrain\n|-heal|p1a: Rillaboom|21\/100|[from] Grassy Terrain\n|-heal|p1b: Iron Hands|100\/100|[from] Grassy Terrain\n|-heal|p2b: Clefairy|14\/100|[from] Grassy Terrain\n|upkeep\n|turn|8\n|\n|t:|1699097766\n|move|p1a: Rillaboom|Grassy Glide|p2b: Clefairy\n|-damage|p2b: Clefairy|0 fnt\n|faint|p2b: Clefairy\n|move|p2a: Flutter Mane|Shadow Ball|p1b: Iron Hands\n|-damage|p1b: Iron Hands|62\/100\n|move|p1b: Iron Hands|Fire Punch|p2a: Flutter Mane\n|-damage|p2a: Flutter Mane|0 fnt\n|faint|p2a: Flutter Mane\n|-end|p2a: Flutter Mane|Protosynthesis|[silent]\n|\n|-heal|p1a: Rillaboom|27\/100|[from] Grassy Terrain\n|-heal|p1b: Iron Hands|68\/100|[from] Grassy Terrain\n|-fieldend|move: Grassy Terrain\n|upkeep\n|inactive|Froster2345678 has 120 seconds left.\n|\n|t:|1699097782\n|switch|p2a: Sinistcha|Sinistcha|100\/100\n|switch|p2b: Kommo-o|Kommo-o, M|100\/100\n|turn|9\n|\n|t:|1699097794\n|move|p2a: Sinistcha|Rage Powder|p2a: Sinistcha\n|-singleturn|p2a: Sinistcha|move: Rage Powder\n|move|p2b: Kommo-o|Clangorous Soul|p2b: Kommo-o\n|-boost|p2b: Kommo-o|atk|1\n|-boost|p2b: Kommo-o|def|1\n|-boost|p2b: Kommo-o|spa|1\n|-boost|p2b: Kommo-o|spd|1\n|-boost|p2b: Kommo-o|spe|1\n|-damage|p2b: Kommo-o|68\/100\n|-enditem|p2b: Kommo-o|Throat Spray\n|-boost|p2b: Kommo-o|spa|1|[from] item: Throat Spray\n|move|p1a: Rillaboom|U-turn|p2a: Sinistcha\n|-damage|p2a: Sinistcha|78\/100\n|move|p1b: Iron Hands|Drain Punch|p2a: Sinistcha\n|-immune|p2a: Sinistcha\n|\n|upkeep\n|turn|10\n|\n|t:|1699097812\n|move|p2a: Sinistcha|Rage Powder|p2a: Sinistcha\n|-singleturn|p2a: Sinistcha|move: Rage Powder\n|move|p2b: Kommo-o|Clangorous Soul|p2b: Kommo-o\n|-boost|p2b: Kommo-o|atk|1\n|-boost|p2b: Kommo-o|def|1\n|-boost|p2b: Kommo-o|spa|1\n|-boost|p2b: Kommo-o|spd|1\n|-boost|p2b: Kommo-o|spe|1\n|-damage|p2b: Kommo-o|35\/100\n|move|p1a: Rillaboom|Grassy Glide|p2b: Kommo-o\n|-resisted|p2b: Kommo-o\n|-damage|p2b: Kommo-o|28\/100\n|move|p1b: Iron Hands|Fire Punch|p2a: Sinistcha\n|-supereffective|p2a: Sinistcha\n|-damage|p2a: Sinistcha|0 fnt\n|faint|p2a: Sinistcha\n|\n|upkeep\n|turn|11\n|\n|t:|1699097830\n|move|p2b: Kommo-o|Clanging Scales|p1a: Rillaboom|[spread] p1a,p1b\n|-damage|p1a: Rillaboom|0 fnt\n|-damage|p1b: Iron Hands|0 fnt\n|faint|p1a: Rillaboom\n|faint|p1b: Iron Hands\n|-end|p1b: Iron Hands|Quark Drive|[silent]\n|\n|win|Froster2345678\n|raw|rillaballing's rating: 1456 &rarr; <strong>1439<\/strong><br \/>(-17 for losing)\n|raw|Froster2345678's rating: 1508 &rarr; <strong>1525<\/strong><br \/>(+17 for winning)\n|l|\u2606rillaballing\n","uploadtime":1699097838,"views":17,"p1id":"rillaballing","p2id":"froster2345678","formatid":"gen9doublesou","rating":1439,"private":0,"password":""}