{"id":"gen9doublesou-1987240030","p1":"mikeyuwu","p2":"SennoRikyo","format":"[Gen 9] Doubles OU","log":"|j|\u2606mikeyuwu\n|j|\u2606SennoRikyo\n|t:|1699568434\n|gametype|doubles\n|player|p1|mikeyuwu|psychic-gen4|1301\n|player|p2|SennoRikyo|2|1417\n|teamsize|p1|6\n|teamsize|p2|6\n|gen|9\n|tier|[Gen 9] Doubles OU\n|rated|\n|rule|Species Clause: Limit one of each Pok\u00e9mon\n|rule|OHKO Clause: OHKO moves are banned\n|rule|Evasion Moves Clause: Evasion moves are banned\n|rule|Gravity Sleep Clause: The combination of sleep-inducing moves with imperfect accuracy and Gravity or Gigantamax Orbeetle are banned\n|rule|Endless Battle Clause: Forcing endless battles is banned\n|rule|HP Percentage Mod: HP is shown in percentages\n|clearpoke\n|poke|p1|Garchomp, M|\n|poke|p1|Tyranitar, F|\n|poke|p1|Vaporeon, F|\n|poke|p1|Toxicroak, M|\n|poke|p1|Pelipper, F|\n|poke|p1|Abomasnow, M|\n|poke|p2|Grimmsnarl, M|\n|poke|p2|Sinistcha|\n|poke|p2|Arcanine-Hisui, F|\n|poke|p2|Iron Hands|\n|poke|p2|Ogerpon-Wellspring, F|\n|poke|p2|Moltres-Galar|\n|teampreview\n|\n|t:|1699568447\n|start\n|switch|p1a: Extra Spicy|Garchomp, M|100\/100\n|switch|p1b: Cold Shoulder|Abomasnow, M, shiny|100\/100\n|switch|p2a: Iron Hands|Iron Hands|100\/100\n|switch|p2b: Grimmsnarl|Grimmsnarl, M|100\/100\n|-weather|Snow|[from] ability: Snow Warning|[of] p1b: Cold Shoulder\n|turn|1\n|\n|t:|1699568469\n|move|p2a: Iron Hands|Fake Out|p1a: Extra Spicy\n|-damage|p1a: Extra Spicy|92\/100\n|-damage|p2a: Iron Hands|88\/100|[from] ability: Rough Skin|[of] p1a: Extra Spicy\n|-damage|p2a: Iron Hands|72\/100|[from] item: Rocky Helmet|[of] p1a: Extra Spicy\n|move|p2b: Grimmsnarl|Reflect|p2b: Grimmsnarl\n|-sidestart|p2: SennoRikyo|Reflect\n|cant|p1a: Extra Spicy|flinch\n|move|p1b: Cold Shoulder|Blizzard|p2b: Grimmsnarl|[spread] p2a,p2b\n|-crit|p2a: Iron Hands\n|-damage|p2a: Iron Hands|51\/100\n|-damage|p2b: Grimmsnarl|76\/100\n|\n|-weather|Snow|[upkeep]\n|upkeep\n|turn|2\n|\n|t:|1699568485\n|move|p2b: Grimmsnarl|Light Screen|p2b: Grimmsnarl\n|-sidestart|p2: SennoRikyo|move: Light Screen\n|move|p1a: Extra Spicy|Brick Break|p2b: Grimmsnarl\n|-sideend|p2: SennoRikyo|Reflect\n|-sideend|p2: SennoRikyo|move: Light Screen\n|-damage|p2b: Grimmsnarl|53\/100\n|move|p1b: Cold Shoulder|Blizzard|p2b: Grimmsnarl|[spread] p2a,p2b\n|-damage|p2a: Iron Hands|35\/100\n|-damage|p2b: Grimmsnarl|26\/100\n|move|p2a: Iron Hands|Drain Punch|p1a: Extra Spicy\n|-damage|p1a: Extra Spicy|67\/100\n|-heal|p2a: Iron Hands|46\/100|[from] drain|[of] p1a: Extra Spicy\n|-damage|p2a: Iron Hands|34\/100|[from] ability: Rough Skin|[of] p1a: Extra Spicy\n|-damage|p2a: Iron Hands|17\/100|[from] item: Rocky Helmet|[of] p1a: Extra Spicy\n|\n|-weather|Snow|[upkeep]\n|upkeep\n|turn|3\n|\n|t:|1699568505\n|move|p2b: Grimmsnarl|Parting Shot|p1a: Extra Spicy\n|-unboost|p1a: Extra Spicy|atk|1\n|-unboost|p1a: Extra Spicy|spa|1\n|\n|t:|1699568509\n|switch|p2b: Arcanine|Arcanine-Hisui, F|100\/100|[from] Parting Shot\n|-ability|p2b: Arcanine|Intimidate|boost\n|-unboost|p1a: Extra Spicy|atk|1\n|-unboost|p1b: Cold Shoulder|atk|1\n|move|p1a: Extra Spicy|Earthquake|p2a: Iron Hands|[spread] p1b,p2a,p2b\n|-resisted|p1b: Cold Shoulder\n|-supereffective|p2a: Iron Hands\n|-supereffective|p2b: Arcanine\n|-damage|p1b: Cold Shoulder|95\/100\n|-damage|p2a: Iron Hands|0 fnt\n|-damage|p2b: Arcanine|38\/100\n|faint|p2a: Iron Hands\n|-end|p2a: Iron Hands|Quark Drive|[silent]\n|move|p1b: Cold Shoulder|Blizzard|p2b: Arcanine\n|-resisted|p2b: Arcanine\n|-damage|p2b: Arcanine|20\/100\n|-status|p2b: Arcanine|frz\n|\n|-weather|Snow|[upkeep]\n|upkeep\n|\n|t:|1699568524\n|switch|p2a: Moltres|Moltres-Galar|100\/100\n|turn|4\n|\n|t:|1699568532\n|-terastallize|p2a: Moltres|Poison\n|move|p1a: Extra Spicy|Liquidation|p2b: Arcanine\n|-supereffective|p2b: Arcanine\n|-damage|p2b: Arcanine|0 fnt\n|faint|p2b: Arcanine\n|move|p2a: Moltres|Nasty Plot|p2a: Moltres\n|-boost|p2a: Moltres|spa|2\n|move|p1b: Cold Shoulder|Blizzard|p2a: Moltres\n|-damage|p2a: Moltres|71\/100\n|\n|-weather|Snow|[upkeep]\n|upkeep\n|\n|t:|1699568546\n|switch|p2b: Ogerpon|Ogerpon-Wellspring, F|100\/100\n|turn|5\n|\n|t:|1699568557\n|switch|p1a: OTLHPM|Toxicroak, M|100\/100\n|move|p2b: Ogerpon|Leech Seed|p1a: OTLHPM\n|-start|p1a: OTLHPM|move: Leech Seed\n|move|p2a: Moltres|Fiery Wrath|p1b: Cold Shoulder|[spread] p1a,p1b\n|-resisted|p1a: OTLHPM\n|-damage|p1a: OTLHPM|68\/100\n|-damage|p1b: Cold Shoulder|38\/100\n|move|p1b: Cold Shoulder|Blizzard|p2b: Ogerpon|[spread] p2a,p2b\n|-damage|p2a: Moltres|50\/100\n|-damage|p2b: Ogerpon|74\/100\n|-ability|p2a: Moltres|Berserk|boost\n|-boost|p2a: Moltres|spa|1\n|-enditem|p2a: Moltres|Sitrus Berry|[eat]\n|-heal|p2a: Moltres|75\/100|[from] item: Sitrus Berry\n|\n|-weather|none\n|-heal|p1a: OTLHPM|75\/100|[from] item: Black Sludge\n|-damage|p1a: OTLHPM|62\/100|[from] Leech Seed|[of] p2b: Ogerpon\n|-heal|p2b: Ogerpon|86\/100|[silent]\n|upkeep\n|turn|6\n|\n|t:|1699568579\n|switch|p1b: ThcrThnSnkr|Tyranitar, F|100\/100\n|-weather|Sandstorm|[from] ability: Sand Stream|[of] p1b: ThcrThnSnkr\n|move|p2b: Ogerpon|Ivy Cudgel|p1b: ThcrThnSnkr\n|-supereffective|p1b: ThcrThnSnkr\n|-damage|p1b: ThcrThnSnkr|0 fnt\n|faint|p1b: ThcrThnSnkr\n|move|p2a: Moltres|Fiery Wrath|p1a: OTLHPM\n|-resisted|p1a: OTLHPM\n|-damage|p1a: OTLHPM|10\/100\n|move|p1a: OTLHPM|Poison Jab|p2b: Ogerpon\n|-supereffective|p2b: Ogerpon\n|-damage|p2b: Ogerpon|2\/100\n|\n|-weather|Sandstorm|[upkeep]\n|-damage|p2b: Ogerpon|0 fnt|[from] Sandstorm\n|-damage|p2a: Moltres|69\/100|[from] Sandstorm\n|-damage|p1a: OTLHPM|4\/100|[from] Sandstorm\n|faint|p2b: Ogerpon\n|-heal|p1a: OTLHPM|10\/100|[from] item: Black Sludge\n|upkeep\n|\n|t:|1699568596\n|switch|p2b: Grimmsnarl|Grimmsnarl, M|26\/100\n|switch|p1b: Harmacy|Vaporeon, F|100\/100\n|turn|7\n|\n|t:|1699568609\n|move|p2a: Moltres|Protect|p2a: Moltres\n|-singleturn|p2a: Moltres|Protect\n|move|p2b: Grimmsnarl|Parting Shot|p1a: OTLHPM\n|-unboost|p1a: OTLHPM|atk|1\n|-unboost|p1a: OTLHPM|spa|1\n|\n|t:|1699568615\n|switch|p2b: Sinistcha|Sinistcha|100\/100|[from] Parting Shot\n|-heal|p2a: Moltres|94\/100|[from] ability: Hospitality|[of] p2b: Sinistcha\n|move|p1a: OTLHPM|Poison Jab|p2b: Sinistcha\n|-damage|p2b: Sinistcha|80\/100\n|-damage|p1a: OTLHPM|0 fnt|[from] item: Rocky Helmet|[of] p2b: Sinistcha\n|faint|p1a: OTLHPM\n|move|p1b: Harmacy|Icy Wind|p2b: Sinistcha|[spread] p2b\n|-activate|p2a: Moltres|move: Protect\n|-supereffective|p2b: Sinistcha\n|-damage|p2b: Sinistcha|59\/100\n|-unboost|p2b: Sinistcha|spe|1\n|\n|-weather|Sandstorm|[upkeep]\n|-damage|p2a: Moltres|88\/100|[from] Sandstorm\n|-damage|p1b: Harmacy|94\/100|[from] Sandstorm\n|-damage|p2b: Sinistcha|53\/100|[from] Sandstorm\n|-heal|p1b: Harmacy|100\/100|[from] item: Leftovers\n|upkeep\n|\n|t:|1699568632\n|switch|p1a: Weather War|Pelipper, F|100\/100\n|-weather|RainDance|[from] ability: Drizzle|[of] p1a: Weather War\n|turn|8\n|\n|t:|1699568646\n|move|p2a: Moltres|Fiery Wrath|p1a: Weather War|[spread] p1a,p1b\n|-damage|p1a: Weather War|4\/100\n|-damage|p1b: Harmacy|46\/100\n|move|p1a: Weather War|Hurricane|p2b: Sinistcha\n|-supereffective|p2b: Sinistcha\n|-damage|p2b: Sinistcha|0 fnt\n|faint|p2b: Sinistcha\n|move|p1b: Harmacy|Icy Wind|p2a: Moltres\n|-damage|p2a: Moltres|77\/100\n|-unboost|p2a: Moltres|spe|1\n|\n|-weather|RainDance|[upkeep]\n|-heal|p1b: Harmacy|52\/100|[from] item: Leftovers\n|upkeep\n|\n|t:|1699568686\n|switch|p2b: Grimmsnarl|Grimmsnarl, M|26\/100\n|turn|9\n|\n|t:|1699568694\n|move|p2b: Grimmsnarl|Parting Shot|p1b: Harmacy\n|-unboost|p1b: Harmacy|atk|1\n|-unboost|p1b: Harmacy|spa|1\n|move|p1a: Weather War|Hurricane|p2a: Moltres\n|-damage|p2a: Moltres|52\/100\n|move|p1b: Harmacy|Copycat|p1b: Harmacy\n|move|p1b: Harmacy|Hurricane|p2a: Moltres|[from]move: Copycat\n|-damage|p2a: Moltres|40\/100\n|-start|p2a: Moltres|confusion\n|-ability|p2a: Moltres|Berserk|boost\n|-boost|p2a: Moltres|spa|1\n|-activate|p2a: Moltres|confusion\n|-damage|p2a: Moltres|35\/100|[from] confusion\n|\n|-weather|RainDance|[upkeep]\n|-heal|p1b: Harmacy|58\/100|[from] item: Leftovers\n|upkeep\n|turn|10\n|\n|t:|1699568714\n|move|p2b: Grimmsnarl|Light Screen|p2b: Grimmsnarl\n|-sidestart|p2: SennoRikyo|move: Light Screen\n|move|p1a: Weather War|Hurricane|p2a: Moltres\n|-damage|p2a: Moltres|16\/100\n|move|p1b: Harmacy|Icy Wind|p2a: Moltres|[spread] p2a,p2b\n|-damage|p2a: Moltres|13\/100\n|-damage|p2b: Grimmsnarl|22\/100\n|-unboost|p2a: Moltres|spe|1\n|-unboost|p2b: Grimmsnarl|spe|1\n|-activate|p2a: Moltres|confusion\n|move|p2a: Moltres|Fiery Wrath|p1b: Harmacy|[spread] p1a,p1b\n|-damage|p1a: Weather War|0 fnt\n|-damage|p1b: Harmacy|0 fnt\n|faint|p1a: Weather War\n|faint|p1b: Harmacy\n|\n|-weather|RainDance|[upkeep]\n|upkeep\n|\n|t:|1699568722\n|switch|p1a: Extra Spicy|Garchomp, M|67\/100\n|switch|p1b: Cold Shoulder|Abomasnow, M, shiny|38\/100\n|-weather|Snow|[from] ability: Snow Warning|[of] p1b: Cold Shoulder\n|turn|11\n|\n|t:|1699568734\n|-activate|p2a: Moltres|confusion\n|-damage|p2a: Moltres|8\/100|[from] confusion\n|move|p2b: Grimmsnarl|Parting Shot|p1a: Extra Spicy\n|-unboost|p1a: Extra Spicy|atk|1\n|-unboost|p1a: Extra Spicy|spa|1\n|move|p1a: Extra Spicy|Brick Break|p2b: Grimmsnarl\n|-sideend|p2: SennoRikyo|move: Light Screen\n|-damage|p2b: Grimmsnarl|7\/100\n|move|p1b: Cold Shoulder|Blizzard|p2a: Moltres|[spread] p2a,p2b\n|-damage|p2a: Moltres|0 fnt\n|-damage|p2b: Grimmsnarl|0 fnt\n|faint|p2a: Moltres\n|faint|p2b: Grimmsnarl\n|\n|win|mikeyuwu\n|raw|mikeyuwu's rating: 1301 &rarr; <strong>1327<\/strong><br \/>(+26 for winning)\n|raw|SennoRikyo's rating: 1417 &rarr; <strong>1391<\/strong><br \/>(-26 for losing)\n|l|\u2606SennoRikyo\n|c|\u2606mikeyuwu|Ggs\n","uploadtime":1699568754,"views":7,"p1id":"mikeyuwu","p2id":"sennorikyo","formatid":"gen9doublesou","rating":1327,"private":0,"password":""}