{"id":"gen9doublesou-1969365813","p1":"sebastiangoca","p2":"Leblades123","format":"[Gen 9] Doubles OU","log":"|j|\u2606sebastiangoca\n|j|\u2606Leblades123\n|t:|1697520186\n|gametype|doubles\n|player|p1|sebastiangoca|fisherman-gen4|1000\n|player|p2|Leblades123|scientist-gen4|1077\n|teamsize|p1|6\n|teamsize|p2|6\n|gen|9\n|tier|[Gen 9] Doubles OU\n|rated|\n|rule|Species Clause: Limit one of each Pok\u00e9mon\n|rule|OHKO Clause: OHKO moves are banned\n|rule|Evasion Moves Clause: Evasion moves are banned\n|rule|Gravity Sleep Clause: The combination of sleep-inducing moves with imperfect accuracy and Gravity or Gigantamax Orbeetle are banned\n|rule|Endless Battle Clause: Forcing endless battles is banned\n|rule|HP Percentage Mod: HP is shown in percentages\n|clearpoke\n|poke|p1|Hatterene, F|\n|poke|p1|Empoleon, M|\n|poke|p1|Snorlax, M|\n|poke|p1|Corviknight, F|\n|poke|p1|Bronzong|\n|poke|p1|Amoonguss, M|\n|poke|p2|Snorlax, M|\n|poke|p2|Clefairy, F|\n|poke|p2|Empoleon, F|\n|poke|p2|Sneasler, M|\n|poke|p2|Moltres-Galar|\n|poke|p2|Rillaboom, M|\n|teampreview\n|\n|t:|1697520201\n|start\n|switch|p1a: Snorlax|Snorlax, M|100\/100\n|switch|p1b: Bronzong|Bronzong|100\/100\n|switch|p2a: Rillaboom|Rillaboom, M|100\/100\n|switch|p2b: Moltres|Moltres-Galar|100\/100\n|-fieldstart|move: Grassy Terrain|[from] ability: Grassy Surge|[of] p2a: Rillaboom\n|-enditem|p2a: Rillaboom|Grassy Seed\n|-boost|p2a: Rillaboom|def|1|[from] item: Grassy Seed\n|turn|1\n|\n|t:|1697520220\n|move|p2a: Rillaboom|Fake Out|p1b: Bronzong\n|-resisted|p1b: Bronzong\n|-damage|p1b: Bronzong|94\/100\n|move|p2b: Moltres|Fiery Wrath|p1a: Snorlax|[spread] p1a,p1b\n|-supereffective|p1b: Bronzong\n|-damage|p1a: Snorlax|80\/100\n|-damage|p1b: Bronzong|32\/100\n|move|p1a: Snorlax|Curse|p1a: Snorlax\n|-unboost|p1a: Snorlax|spe|1\n|-boost|p1a: Snorlax|atk|1\n|-boost|p1a: Snorlax|def|1\n|cant|p1b: Bronzong|flinch\n|\n|-heal|p1a: Snorlax|86\/100|[from] Grassy Terrain\n|upkeep\n|turn|2\n|inactive|Battle timer is ON: inactive players will automatically lose when time's up. (requested by Leblades123)\n|\n|t:|1697520242\n|move|p2a: Rillaboom|Grassy Glide|p1b: Bronzong\n|-resisted|p1b: Bronzong\n|-damage|p1b: Bronzong|13\/100\n|move|p2b: Moltres|Fiery Wrath|p1b: Bronzong|[spread] p1a,p1b\n|-supereffective|p1b: Bronzong\n|-damage|p1a: Snorlax|67\/100\n|-damage|p1b: Bronzong|0 fnt\n|faint|p1b: Bronzong\n|move|p1a: Snorlax|Curse|p1a: Snorlax\n|-unboost|p1a: Snorlax|spe|1\n|-boost|p1a: Snorlax|atk|1\n|-boost|p1a: Snorlax|def|1\n|\n|-heal|p1a: Snorlax|73\/100|[from] Grassy Terrain\n|upkeep\n|\n|t:|1697520258\n|switch|p1b: Amoonguss|Amoonguss, M|100\/100\n|turn|3\n|\n|t:|1697520275\n|move|p2b: Moltres|Fiery Wrath|p1b: Amoonguss|[spread] p1a,p1b\n|-damage|p1a: Snorlax|53\/100\n|-damage|p1b: Amoonguss|60\/100\n|move|p2a: Rillaboom|Drum Beating|p1a: Snorlax\n|-damage|p1a: Snorlax|29\/100\n|-unboost|p1a: Snorlax|spe|1\n|move|p1b: Amoonguss|Spore|p2b: Moltres\n|-status|p2b: Moltres|slp|[from] move: Spore\n|move|p1a: Snorlax|Curse|p1a: Snorlax\n|-unboost|p1a: Snorlax|spe|1\n|-boost|p1a: Snorlax|atk|1\n|-boost|p1a: Snorlax|def|1\n|\n|-heal|p1b: Amoonguss|66\/100|[from] Grassy Terrain\n|-heal|p1a: Snorlax|35\/100|[from] Grassy Terrain\n|upkeep\n|turn|4\n|\n|t:|1697520305\n|cant|p2b: Moltres|slp\n|move|p2a: Rillaboom|Drum Beating|p1a: Snorlax\n|-damage|p1a: Snorlax|17\/100\n|-unboost|p1a: Snorlax|spe|1\n|-enditem|p1a: Snorlax|Aguav Berry|[eat]\n|-heal|p1a: Snorlax|50\/100|[from] item: Aguav Berry\n|move|p1b: Amoonguss|Toxic|p2a: Rillaboom\n|-status|p2a: Rillaboom|tox\n|move|p1a: Snorlax|Rest|p1a: Snorlax\n|-status|p1a: Snorlax|slp|[from] move: Rest\n|-heal|p1a: Snorlax|100\/100 slp|[silent]\n|\n|-heal|p1b: Amoonguss|72\/100|[from] Grassy Terrain\n|-damage|p2a: Rillaboom|94\/100 tox|[from] psn\n|upkeep\n|turn|5\n|\n|t:|1697520328\n|cant|p2b: Moltres|slp\n|move|p2a: Rillaboom|High Horsepower|p1b: Amoonguss\n|-damage|p1b: Amoonguss|32\/100\n|move|p1b: Amoonguss|Hex|p2a: Rillaboom\n|-damage|p2a: Rillaboom|53\/100 tox\n|cant|p1a: Snorlax|slp\n|move|p1a: Snorlax|Sleep Talk|p1a: Snorlax\n|move|p1a: Snorlax|Rest||[from]move: Sleep Talk|[still]\n|-fail|p1a: Snorlax\n|\n|-heal|p2a: Rillaboom|59\/100 tox|[from] Grassy Terrain\n|-heal|p1b: Amoonguss|38\/100|[from] Grassy Terrain\n|-damage|p2a: Rillaboom|47\/100 tox|[from] psn\n|-fieldend|move: Grassy Terrain\n|upkeep\n|turn|6\n|\n|t:|1697520351\n|-terastallize|p2b: Moltres|Dark\n|cant|p2b: Moltres|slp\n|move|p2a: Rillaboom|High Horsepower|p1b: Amoonguss\n|-damage|p1b: Amoonguss|1\/100\n|-enditem|p1b: Amoonguss|Aguav Berry|[eat]\n|-heal|p1b: Amoonguss|35\/100|[from] item: Aguav Berry\n|move|p1b: Amoonguss|Hex|p2a: Rillaboom\n|-damage|p2a: Rillaboom|1\/100 tox\n|cant|p1a: Snorlax|slp\n|move|p1a: Snorlax|Sleep Talk|p1a: Snorlax\n|move|p1a: Snorlax|Counter||[from]move: Sleep Talk|[still]\n|-fail|p1a: Snorlax\n|\n|-damage|p2a: Rillaboom|0 fnt|[from] psn\n|faint|p2a: Rillaboom\n|upkeep\n|\n|t:|1697520369\n|switch|p2a: Empoleon|Empoleon, F|100\/100\n|turn|7\n|\n|t:|1697520384\n|-curestatus|p2b: Moltres|slp|[msg]\n|move|p2b: Moltres|Fiery Wrath|p1a: Snorlax|[spread] p1a,p1b\n|-damage|p1a: Snorlax|73\/100 slp\n|-damage|p1b: Amoonguss|0 fnt\n|faint|p1b: Amoonguss\n|move|p2a: Empoleon|Blizzard|p1a: Snorlax\n|-damage|p1a: Snorlax|64\/100 slp\n|-curestatus|p1a: Snorlax|slp|[msg]\n|move|p1a: Snorlax|Sleep Talk||[still]\n|-fail|p1a: Snorlax\n|\n|upkeep\n|\n|t:|1697520397\n|switch|p1b: Hatterene|Hatterene, F|100\/100\n|-ability|p1b: Hatterene|Anticipation\n|-item|p1b: Hatterene|Air Balloon\n|turn|8\n|\n|t:|1697520418\n|move|p2b: Moltres|Fiery Wrath|p1a: Snorlax|[spread] p1a,p1b\n|-damage|p1a: Snorlax|37\/100\n|-damage|p1b: Hatterene|45\/100\n|-enditem|p1b: Hatterene|Air Balloon\n|move|p2a: Empoleon|Flash Cannon|p1a: Snorlax\n|-damage|p1a: Snorlax|17\/100\n|move|p1b: Hatterene|Hyper Beam|p2b: Moltres\n|-damage|p2b: Moltres|58\/100\n|-mustrecharge|p1b: Hatterene\n|move|p1a: Snorlax|Sleep Talk||[still]\n|-fail|p1a: Snorlax\n|\n|upkeep\n|turn|9\n|\n|t:|1697520438\n|move|p2a: Empoleon|Vacuum Wave|p1a: Snorlax\n|-supereffective|p1a: Snorlax\n|-damage|p1a: Snorlax|4\/100\n|move|p2b: Moltres|Fiery Wrath|p1a: Snorlax|[spread] p1a,p1b\n|-damage|p1a: Snorlax|0 fnt\n|-damage|p1b: Hatterene|0 fnt\n|faint|p1a: Snorlax\n|faint|p1b: Hatterene\n|\n|upkeep\n|-message|sebastiangoca forfeited.\n|\n|win|Leblades123\n|raw|sebastiangoca's rating: 1000 &rarr; <strong>1000<\/strong><br \/>(+0 for losing)\n|raw|Leblades123's rating: 1077 &rarr; <strong>1099<\/strong><br \/>(+22 for winning)\n|l|\u2606sebastiangoca\n","uploadtime":1697520459,"views":20,"p1id":"sebastiangoca","p2id":"leblades123","formatid":"gen9doublesou","rating":1000,"private":0,"password":""}