{"id":"gen9doublesou-1992081877","p1":"cherryhead","p2":"Foilfred","format":"[Gen 9] Doubles OU","log":"|j|\u2606cherryhead\n|j|\u2606Foilfred\n|t:|1700153544\n|gametype|doubles\n|player|p1|cherryhead|unknown|1000\n|player|p2|Foilfred|gardenia|1112\n|teamsize|p1|6\n|teamsize|p2|6\n|gen|9\n|tier|[Gen 9] Doubles OU\n|rated|\n|rule|Species Clause: Limit one of each Pok\u00e9mon\n|rule|OHKO Clause: OHKO moves are banned\n|rule|Evasion Moves Clause: Evasion moves are banned\n|rule|Gravity Sleep Clause: The combination of sleep-inducing moves with imperfect accuracy and Gravity or Gigantamax Orbeetle are banned\n|rule|Endless Battle Clause: Forcing endless battles is banned\n|rule|HP Percentage Mod: HP is shown in percentages\n|clearpoke\n|poke|p1|Gliscor, M|\n|poke|p1|Dragapult, F|\n|poke|p1|Tyranitar, M|\n|poke|p1|Gastrodon, F|\n|poke|p1|Indeedee-F, F|\n|poke|p1|Eelektross, F|\n|poke|p2|Orthworm, F|\n|poke|p2|Ting-Lu|\n|poke|p2|Glimmora, M|\n|poke|p2|Sinistcha|\n|poke|p2|Staraptor, F|\n|poke|p2|Gyarados, F|\n|teampreview\n|inactive|Battle timer is ON: inactive players will automatically lose when time's up. (requested by cherryhead)\n|\n|t:|1700153569\n|start\n|switch|p1a: Gliscor|Gliscor, M, shiny|100\/100\n|switch|p1b: Indeedee|Indeedee-F, F, shiny|100\/100\n|switch|p2a: Glimmora|Glimmora, M|100\/100\n|switch|p2b: Staraptor|Staraptor, F|100\/100\n|-ability|p2b: Staraptor|Intimidate|boost\n|-unboost|p1a: Gliscor|atk|1\n|-fail|p1b: Indeedee|unboost|Attack|[from] ability: Own Tempo|[of] p1b: Indeedee\n|turn|1\n|inactive|Foilfred has 120 seconds left.\n|\n|t:|1700153600\n|move|p1b: Indeedee|Follow Me|p1b: Indeedee\n|-singleturn|p1b: Indeedee|move: Follow Me\n|move|p2b: Staraptor|U-turn|p1b: Indeedee\n|-supereffective|p1b: Indeedee\n|-damage|p1b: Indeedee|53\/100\n|inactive|Foilfred has 120 seconds left.\n|\n|t:|1700153605\n|switch|p2b: Orthworm|Orthworm, F|100\/100|[from] U-turn\n|move|p1a: Gliscor|Toxic Spikes|p2b: Orthworm\n|-sidestart|p2: Foilfred|move: Toxic Spikes\n|move|p2a: Glimmora|Sludge Bomb|p1b: Indeedee\n|-damage|p1b: Indeedee|18\/100\n|\n|-status|p1a: Gliscor|tox|[from] item: Toxic Orb\n|upkeep\n|turn|2\n|\n|t:|1700153623\n|move|p1a: Gliscor|Stealth Rock|p2a: Glimmora\n|-sidestart|p2: Foilfred|move: Stealth Rock\n|move|p2a: Glimmora|Mortal Spin|p1a: Gliscor|[spread] p1a,p1b\n|-resisted|p1a: Gliscor\n|-damage|p1a: Gliscor|99\/100 tox\n|-damage|p1b: Indeedee|13\/100\n|-status|p1b: Indeedee|psn\n|-sideend|p2: Foilfred|Toxic Spikes|[from] move: Mortal Spin|[of] p2a: Glimmora\n|-sideend|p2: Foilfred|Stealth Rock|[from] move: Mortal Spin|[of] p2a: Glimmora\n|move|p1b: Indeedee|Rest|p1b: Indeedee\n|-status|p1b: Indeedee|slp|[from] move: Rest\n|-heal|p1b: Indeedee|100\/100 slp|[silent]\n|-enditem|p1b: Indeedee|Chesto Berry|[eat]\n|-curestatus|p1b: Indeedee|slp|[msg]\n|move|p2b: Orthworm|Iron Defense|p2b: Orthworm\n|-boost|p2b: Orthworm|def|2\n|\n|-heal|p1a: Gliscor|100\/100 tox|[from] ability: Poison Heal\n|upkeep\n|turn|3\n|inactive|cherryhead has 120 seconds left.\n|inactive|Foilfred has 120 seconds left.\n|\n|t:|1700153661\n|switch|p1a: Eelektross|Eelektross, F|100\/100\n|switch|p1b: Tyranitar|Tyranitar, M, shiny|100\/100\n|-weather|Sandstorm|[from] ability: Sand Stream|[of] p1b: Tyranitar\n|move|p2a: Glimmora|Spiky Shield|p2a: Glimmora\n|-singleturn|p2a: Glimmora|move: Protect\n|move|p2b: Orthworm|Iron Defense|p2b: Orthworm\n|-boost|p2b: Orthworm|def|2\n|\n|-weather|Sandstorm|[upkeep]\n|-damage|p1a: Eelektross|94\/100|[from] Sandstorm\n|upkeep\n|turn|4\n|\n|t:|1700153684\n|move|p2a: Glimmora|Mortal Spin|p1a: Eelektross|[spread] p1a,p1b\n|-resisted|p1b: Tyranitar\n|-crit|p1b: Tyranitar\n|-damage|p1a: Eelektross|89\/100\n|-damage|p1b: Tyranitar|98\/100\n|-status|p1a: Eelektross|psn\n|-status|p1b: Tyranitar|psn\n|move|p1a: Eelektross|Thunderbolt|p2b: Orthworm\n|-damage|p2b: Orthworm|61\/100\n|move|p2b: Orthworm|Wrap|p1a: Eelektross\n|-damage|p1a: Eelektross|85\/100 psn\n|-activate|p1a: Eelektross|move: Wrap|[of] p2b: Orthworm\n|move|p1b: Tyranitar|Hydro Pump|p2a: Glimmora\n|-supereffective|p2a: Glimmora\n|-damage|p2a: Glimmora|63\/100\n|\n|-weather|Sandstorm|[upkeep]\n|-damage|p1a: Eelektross|79\/100 psn|[from] Sandstorm\n|-heal|p2a: Glimmora|69\/100|[from] item: Leftovers\n|-heal|p2b: Orthworm|67\/100|[from] item: Leftovers\n|-damage|p1a: Eelektross|67\/100 psn|[from] psn\n|-damage|p1b: Tyranitar|86\/100 psn|[from] psn\n|-damage|p1a: Eelektross|54\/100 psn|[from] move: Wrap|[partiallytrapped]\n|upkeep\n|turn|5\n|inactive|Foilfred has 120 seconds left.\n|\n|t:|1700153718\n|switch|p2a: Staraptor|Staraptor, F|100\/100\n|-ability|p2a: Staraptor|Intimidate|boost\n|-unboost|p1a: Eelektross|atk|1\n|-unboost|p1b: Tyranitar|atk|1\n|move|p2b: Orthworm|Protect|p2b: Orthworm\n|-singleturn|p2b: Orthworm|Protect\n|move|p1a: Eelektross|Dragon Pulse|p2b: Orthworm\n|-activate|p2b: Orthworm|move: Protect\n|move|p1b: Tyranitar|Hydro Pump|p2a: Staraptor\n|-damage|p2a: Staraptor|61\/100\n|\n|-weather|Sandstorm|[upkeep]\n|-damage|p2a: Staraptor|55\/100|[from] Sandstorm\n|-damage|p1a: Eelektross|48\/100 psn|[from] Sandstorm\n|-heal|p2b: Orthworm|73\/100|[from] item: Leftovers\n|-damage|p1a: Eelektross|35\/100 psn|[from] psn\n|-damage|p1b: Tyranitar|74\/100 psn|[from] psn\n|-damage|p1a: Eelektross|23\/100 psn|[from] move: Wrap|[partiallytrapped]\n|upkeep\n|turn|6\n|\n|t:|1700153738\n|move|p2a: Staraptor|Close Combat|p1a: Eelektross\n|-damage|p1a: Eelektross|0 fnt\n|-unboost|p2a: Staraptor|def|1\n|-unboost|p2a: Staraptor|spd|1\n|faint|p1a: Eelektross\n|move|p2b: Orthworm|Body Press|p1b: Tyranitar\n|-supereffective|p1b: Tyranitar\n|-damage|p1b: Tyranitar|0 fnt\n|faint|p1b: Tyranitar\n|\n|-weather|Sandstorm|[upkeep]\n|-damage|p2a: Staraptor|48\/100|[from] Sandstorm\n|-heal|p2b: Orthworm|80\/100|[from] item: Leftovers\n|upkeep\n|\n|t:|1700153755\n|switch|p1a: Gastrodon|Gastrodon, F, shiny|100\/100\n|switch|p1b: Indeedee|Indeedee-F, F, shiny|100\/100\n|turn|7\n|\n|t:|1700153765\n|switch|p2a: Glimmora|Glimmora, M|69\/100\n|move|p1b: Indeedee|Follow Me|p1b: Indeedee\n|-singleturn|p1b: Indeedee|move: Follow Me\n|move|p2b: Orthworm|Iron Defense|p2b: Orthworm\n|-boost|p2b: Orthworm|def|2\n|move|p1a: Gastrodon|Blizzard|p2b: Orthworm|[spread] p2b\n|-miss|p1a: Gastrodon|p2a: Glimmora\n|-resisted|p2b: Orthworm\n|-damage|p2b: Orthworm|68\/100\n|\n|-weather|none\n|-heal|p2a: Glimmora|76\/100|[from] item: Leftovers\n|-heal|p2b: Orthworm|74\/100|[from] item: Leftovers\n|upkeep\n|turn|8\n|\n|t:|1700153785\n|move|p2a: Glimmora|Mortal Spin|p1b: Indeedee|[spread] p1a,p1b\n|-resisted|p1a: Gastrodon\n|-damage|p1a: Gastrodon|98\/100\n|-damage|p1b: Indeedee|96\/100\n|-status|p1a: Gastrodon|psn\n|-status|p1b: Indeedee|psn\n|move|p1b: Indeedee|Draining Kiss|p2b: Orthworm\n|-resisted|p2b: Orthworm\n|-damage|p2b: Orthworm|69\/100\n|-heal|p1b: Indeedee|99\/100 psn|[from] drain|[of] p2b: Orthworm\n|move|p2b: Orthworm|Body Press|p2a: Glimmora\n|-damage|p2a: Glimmora|3\/100\n|-activate|p2a: Glimmora|ability: Toxic Debris\n|-sidestart|p1: cherryhead|move: Toxic Spikes\n|move|p1a: Gastrodon|Chilling Water|p2a: Glimmora\n|-supereffective|p2a: Glimmora\n|-damage|p2a: Glimmora|0 fnt\n|faint|p2a: Glimmora\n|\n|-heal|p2b: Orthworm|75\/100|[from] item: Leftovers\n|-heal|p1a: Gastrodon|100\/100 psn|[from] item: Leftovers\n|-damage|p1b: Indeedee|88\/100 psn|[from] psn\n|-damage|p1a: Gastrodon|88\/100 psn|[from] psn\n|upkeep\n|\n|t:|1700153805\n|switch|p2a: Sinistcha|Sinistcha|100\/100\n|-heal|p2b: Orthworm|99\/100|[from] ability: Hospitality|[of] p2a: Sinistcha\n|turn|9\n|l|\u2606cherryhead\n|inactive|cherryhead disconnected and has a minute to reconnect!\n|player|p1|\n|inactive|cherryhead has 30 seconds to reconnect!\n|inactive|cherryhead has 20 seconds to reconnect!\n|inactive|cherryhead has 15 seconds to reconnect!\n|inactive|cherryhead has 10 seconds to reconnect!\n|inactive|cherryhead has 5 seconds to reconnect!\n|-message|cherryhead lost due to inactivity.\n|\n|win|Foilfred\n|raw|cherryhead's rating: 1000 &rarr; <strong>1000<\/strong><br \/>(+0 for losing)\n|raw|Foilfred's rating: 1112 &rarr; <strong>1129<\/strong><br \/>(+17 for winning)\n|player|p2|Foilfred|gardenia\n","uploadtime":1700154951,"views":6,"p1id":"cherryhead","p2id":"foilfred","formatid":"gen9doublesou","rating":1000,"private":0,"password":""}