{"id":"gen9doublesou-1975005729","p1":"Hdjdhdhshsv","p2":"Iceygold","format":"[Gen 9] Doubles OU","log":"|j|\u2606Hdjdhdhshsv\n|j|\u203dIceygold\n|t:|1698154230\n|gametype|doubles\n|player|p1|Hdjdhdhshsv|marshal|1000\n|player|p2|Iceygold|170|1005\n|teamsize|p1|6\n|teamsize|p2|6\n|gen|9\n|tier|[Gen 9] Doubles OU\n|rated|\n|rule|Species Clause: Limit one of each Pok\u00e9mon\n|rule|OHKO Clause: OHKO moves are banned\n|rule|Evasion Moves Clause: Evasion moves are banned\n|rule|Gravity Sleep Clause: The combination of sleep-inducing moves with imperfect accuracy and Gravity or Gigantamax Orbeetle are banned\n|rule|Endless Battle Clause: Forcing endless battles is banned\n|rule|HP Percentage Mod: HP is shown in percentages\n|clearpoke\n|poke|p1|Slowbro-Galar, M|\n|poke|p1|Sneasler, M|\n|poke|p1|Samurott-Hisui, M|\n|poke|p1|Mamoswine, M|\n|poke|p1|Arcanine-Hisui, M|\n|poke|p1|Hariyama, M|\n|poke|p2|Cinderace, F|\n|poke|p2|Empoleon, F|\n|poke|p2|Dudunsparce-*, F|\n|poke|p2|Rillaboom, F|\n|poke|p2|Typhlosion-Hisui, M|\n|poke|p2|Samurott-Hisui, M|\n|teampreview\n|\n|t:|1698154238\n|start\n|switch|p1a: Hariyama|Hariyama, M|100\/100\n|switch|p1b: Prince|Sneasler, M, shiny|100\/100\n|switch|p2a: Cinderace|Cinderace, F|100\/100\n|switch|p2b: Empoleon|Empoleon, F|100\/100\n|turn|1\n|\n|t:|1698154256\n|move|p1a: Hariyama|Fake Out|p2a: Cinderace\n|-damage|p2a: Cinderace|85\/100\n|move|p2b: Empoleon|Aqua Jet|p1b: Prince\n|-damage|p1b: Prince|80\/100\n|move|p1b: Prince|Close Combat|p2b: Empoleon\n|-supereffective|p2b: Empoleon\n|-damage|p2b: Empoleon|0 fnt\n|-unboost|p1b: Prince|def|1\n|-unboost|p1b: Prince|spd|1\n|faint|p2b: Empoleon\n|cant|p2a: Cinderace|flinch\n|\n|-heal|p2a: Cinderace|91\/100|[from] item: Leftovers\n|upkeep\n|\n|t:|1698154260\n|switch|p2b: Samurott|Samurott-Hisui, M|100\/100\n|turn|2\n|\n|t:|1698154291\n|switch|p1b: Samurott|Samurott-Hisui, M|100\/100\n|move|p2a: Cinderace|Bulk Up|p2a: Cinderace\n|-start|p2a: Cinderace|typechange|Fighting|[from] ability: Libero\n|-boost|p2a: Cinderace|atk|1\n|-boost|p2a: Cinderace|def|1\n|move|p2b: Samurott|Ceaseless Edge|p1a: Hariyama\n|-resisted|p1a: Hariyama\n|-damage|p1a: Hariyama|80\/100\n|-sidestart|p1: Hdjdhdhshsv|Spikes\n|move|p1a: Hariyama|Cross Chop|p2b: Samurott\n|-supereffective|p2b: Samurott\n|-damage|p2b: Samurott|0 fnt\n|faint|p2b: Samurott\n|\n|-heal|p2a: Cinderace|97\/100|[from] item: Leftovers\n|upkeep\n|\n|t:|1698154296\n|switch|p2b: Rillaboom|Rillaboom, F|100\/100\n|-fieldstart|move: Grassy Terrain|[from] ability: Grassy Surge|[of] p2b: Rillaboom\n|turn|3\n|\n|t:|1698154324\n|switch|p1b: Charger|Arcanine-Hisui, M, shiny|100\/100\n|-damage|p1b: Charger|88\/100|[from] Spikes\n|move|p2a: Cinderace|Fire Pledge|p1a: Hariyama\n|-waiting|p2a: Cinderace|p2b: Rillaboom\n|move|p2b: Rillaboom|Grass Pledge|p1b: Charger|[from]move: Fire Pledge\n|-combine\n|-resisted|p1b: Charger\n|-damage|p1b: Charger|77\/100\n|-sidestart|p1: Hdjdhdhshsv|Fire Pledge\n|move|p1a: Hariyama|Cross Chop|p2b: Rillaboom\n|-damage|p2b: Rillaboom|44\/100\n|\n|-heal|p2a: Cinderace|100\/100|[from] Grassy Terrain\n|-heal|p1b: Charger|83\/100|[from] Grassy Terrain\n|-heal|p2b: Rillaboom|50\/100|[from] Grassy Terrain\n|-damage|p1a: Hariyama|67\/100|[from] Fire Pledge\n|-heal|p1a: Hariyama|73\/100|[from] Grassy Terrain\n|upkeep\n|turn|4\n|\n|t:|1698154355\n|move|p1b: Charger|Extreme Speed|p2a: Cinderace\n|-damage|p2a: Cinderace|67\/100\n|move|p2a: Cinderace|Baton Pass|p2a: Cinderace\n|\n|t:|1698154358\n|switch|p2a: Dudunsparce|Dudunsparce-Three-Segment, F|100\/100|[from] Baton Pass\n|move|p2b: Rillaboom|Acrobatics|p1a: Hariyama\n|-supereffective|p1a: Hariyama\n|-damage|p1a: Hariyama|36\/100\n|move|p1a: Hariyama|Cross Chop|p2b: Rillaboom\n|-damage|p2b: Rillaboom|1\/100\n|-enditem|p2b: Rillaboom|Figy Berry|[eat]\n|-heal|p2b: Rillaboom|35\/100|[from] item: Figy Berry\n|\n|-heal|p1b: Charger|89\/100|[from] Grassy Terrain\n|-heal|p2b: Rillaboom|41\/100|[from] Grassy Terrain\n|-damage|p1a: Hariyama|24\/100|[from] Fire Pledge\n|-heal|p1a: Hariyama|30\/100|[from] Grassy Terrain\n|upkeep\n|turn|5\n|\n|t:|1698154381\n|move|p1b: Charger|Extreme Speed|p2b: Rillaboom\n|-damage|p2b: Rillaboom|4\/100\n|move|p2b: Rillaboom|Acrobatics|p1a: Hariyama\n|-supereffective|p1a: Hariyama\n|-damage|p1a: Hariyama|0 fnt\n|faint|p1a: Hariyama\n|move|p2a: Dudunsparce|Ancient Power|p1b: Charger\n|-supereffective|p1b: Charger\n|-crit|p1b: Charger\n|-damage|p1b: Charger|20\/100\n|-boost|p2a: Dudunsparce|atk|1\n|-boost|p2a: Dudunsparce|def|1\n|-boost|p2a: Dudunsparce|spa|1\n|-boost|p2a: Dudunsparce|spd|1\n|-boost|p2a: Dudunsparce|spe|1\n|-damage|p2a: Dudunsparce|90\/100|[from] item: Life Orb\n|\n|-heal|p1b: Charger|26\/100|[from] Grassy Terrain\n|-heal|p2a: Dudunsparce|97\/100|[from] Grassy Terrain\n|-heal|p2b: Rillaboom|10\/100|[from] Grassy Terrain\n|upkeep\n|\n|t:|1698154393\n|switch|p1a: Bro-Cannon|Slowbro-Galar, M|100\/100\n|-damage|p1a: Bro-Cannon|88\/100|[from] Spikes\n|turn|6\n|-activate|p1a: Bro-Cannon|item: Quick Claw\n|\n|t:|1698154431\n|move|p1b: Charger|Extreme Speed|p2b: Rillaboom\n|-crit|p2b: Rillaboom\n|-damage|p2b: Rillaboom|0 fnt\n|faint|p2b: Rillaboom\n|move|p1a: Bro-Cannon|Nasty Plot|p1a: Bro-Cannon\n|-boost|p1a: Bro-Cannon|spa|2\n|move|p2a: Dudunsparce|Ancient Power|p1b: Charger\n|-supereffective|p1b: Charger\n|-damage|p1b: Charger|0 fnt\n|-boost|p2a: Dudunsparce|atk|1\n|-boost|p2a: Dudunsparce|def|1\n|-boost|p2a: Dudunsparce|spa|1\n|-boost|p2a: Dudunsparce|spd|1\n|-boost|p2a: Dudunsparce|spe|1\n|faint|p1b: Charger\n|-damage|p2a: Dudunsparce|87\/100|[from] item: Life Orb\n|\n|-heal|p2a: Dudunsparce|93\/100|[from] Grassy Terrain\n|-damage|p1a: Bro-Cannon|76\/100|[from] Fire Pledge\n|-heal|p1a: Bro-Cannon|82\/100|[from] Grassy Terrain\n|-sideend|p1: Hdjdhdhshsv|Fire Pledge\n|upkeep\n|\n|t:|1698154447\n|switch|p1b: Prince|Sneasler, M, shiny|80\/100\n|switch|p2b: Cinderace|Cinderace, F|67\/100\n|-damage|p1b: Prince|68\/100|[from] Spikes\n|turn|7\n|\n|t:|1698154466\n|move|p1b: Prince|Fake Out|p2a: Dudunsparce\n|-damage|p2a: Dudunsparce|87\/100\n|move|p2b: Cinderace|Shadow Ball|p1a: Bro-Cannon\n|-start|p2b: Cinderace|typechange|Ghost|[from] ability: Libero\n|-supereffective|p1a: Bro-Cannon\n|-damage|p1a: Bro-Cannon|27\/100\n|cant|p2a: Dudunsparce|flinch\n|move|p1a: Bro-Cannon|Psychic|p2b: Cinderace\n|-damage|p2b: Cinderace|0 fnt\n|faint|p2b: Cinderace\n|\n|-heal|p1b: Prince|74\/100|[from] Grassy Terrain\n|-heal|p2a: Dudunsparce|93\/100|[from] Grassy Terrain\n|-heal|p1a: Bro-Cannon|33\/100|[from] Grassy Terrain\n|-fieldend|move: Grassy Terrain\n|upkeep\n|\n|t:|1698154468\n|switch|p2b: Typhlosion|Typhlosion-Hisui, M|100\/100\n|-item|p1a: Bro-Cannon|Quick Claw|[from] ability: Frisk|[of] p2b: Typhlosion|[identify]\n|-item|p1b: Prince|Focus Sash|[from] ability: Frisk|[of] p2b: Typhlosion|[identify]\n|turn|8\n|\n|t:|1698154503\n|move|p1b: Prince|Close Combat|p2a: Dudunsparce\n|-supereffective|p2a: Dudunsparce\n|-damage|p2a: Dudunsparce|39\/100\n|-unboost|p1b: Prince|def|1\n|-unboost|p1b: Prince|spd|1\n|move|p2a: Dudunsparce|Hex|p1a: Bro-Cannon\n|-supereffective|p1a: Bro-Cannon\n|-damage|p1a: Bro-Cannon|0 fnt\n|faint|p1a: Bro-Cannon\n|-damage|p2a: Dudunsparce|29\/100|[from] item: Life Orb\n|move|p2b: Typhlosion|Fire Pledge|p1b: Prince\n|-damage|p1b: Prince|0 fnt\n|faint|p1b: Prince\n|\n|upkeep\n|\n|t:|1698154512\n|switch|p1b: Samurott|Samurott-Hisui, M|100\/100\n|switch|p1a: Mamoswine|Mamoswine, M|100\/100\n|-damage|p1a: Mamoswine|88\/100|[from] Spikes\n|-damage|p1b: Samurott|88\/100|[from] Spikes\n|turn|9\n|\n|t:|1698154542\n|-terastallize|p2a: Dudunsparce|Normal\n|move|p1b: Samurott|Sucker Punch|p2b: Typhlosion\n|-supereffective|p2b: Typhlosion\n|-crit|p2b: Typhlosion\n|-damage|p2b: Typhlosion|0 fnt\n|faint|p2b: Typhlosion\n|move|p2a: Dudunsparce|Ancient Power|p1a: Mamoswine\n|-damage|p1a: Mamoswine|43\/100\n|-damage|p2a: Dudunsparce|19\/100|[from] item: Life Orb\n|move|p1a: Mamoswine|Icicle Crash|p2a: Dudunsparce\n|-damage|p2a: Dudunsparce|0 fnt\n|faint|p2a: Dudunsparce\n|-damage|p1a: Mamoswine|33\/100|[from] item: Life Orb\n|\n|win|Hdjdhdhshsv\n|raw|Hdjdhdhshsv's rating: 1000 &rarr; <strong>1041<\/strong><br \/>(+41 for winning)\n|raw|Iceygold's rating: 1005 &rarr; <strong>1000<\/strong><br \/>(-5 for losing)\n|l|\u2606Hdjdhdhshsv\n","uploadtime":1698154562,"views":21,"p1id":"hdjdhdhshsv","p2id":"iceygold","formatid":"gen9doublesou","rating":1000,"private":0,"password":""}