{"id":"gen9doublesou-1984827593","p1":"Shellfire214K","p2":"Kingnick0825","format":"[Gen 9] Doubles OU","log":"|j|\u2606Shellfire214K\n|j|\u2606Kingnick0825\n|t:|1699302379\n|gametype|doubles\n|player|p1|Shellfire214K|hilda-masters|1378\n|player|p2|Kingnick0825|steven|1399\n|teamsize|p1|6\n|teamsize|p2|6\n|gen|9\n|tier|[Gen 9] Doubles OU\n|rated|\n|rule|Species Clause: Limit one of each Pok\u00e9mon\n|rule|OHKO Clause: OHKO moves are banned\n|rule|Evasion Moves Clause: Evasion moves are banned\n|rule|Gravity Sleep Clause: The combination of sleep-inducing moves with imperfect accuracy and Gravity or Gigantamax Orbeetle are banned\n|rule|Endless Battle Clause: Forcing endless battles is banned\n|rule|HP Percentage Mod: HP is shown in percentages\n|clearpoke\n|poke|p1|Torkoal, F|\n|poke|p1|Walking Wake|\n|poke|p1|Flutter Mane|\n|poke|p1|Chi-Yu|\n|poke|p1|Roaring Moon|\n|poke|p1|Great Tusk|\n|poke|p2|Chi-Yu|\n|poke|p2|Quaquaval, M|\n|poke|p2|Roaring Moon|\n|poke|p2|Clodsire, M|\n|poke|p2|Iron Valiant|\n|poke|p2|Rotom-Fan|\n|teampreview\n|inactive|Battle timer is ON: inactive players will automatically lose when time's up. (requested by Kingnick0825)\n|\n|t:|1699302406\n|start\n|switch|p1a: Torkringe|Torkoal, F|100\/100\n|switch|p1b: Walking Wack|Walking Wake|100\/100\n|switch|p2a: Clodsire|Clodsire, M|100\/100\n|switch|p2b: Rotom|Rotom-Fan|100\/100\n|-weather|SunnyDay|[from] ability: Drought|[of] p1a: Torkringe\n|-activate|p1b: Walking Wack|ability: Protosynthesis\n|-start|p1b: Walking Wack|protosynthesisspe\n|turn|1\n|\n|t:|1699302415\n|move|p1b: Walking Wack|Hydro Steam|p2a: Clodsire\n|-immune|p2a: Clodsire|[from] ability: Water Absorb\n|move|p2b: Rotom|Discharge|p1a: Torkringe|[spread] p1a,p1b\n|-immune|p2a: Clodsire\n|-damage|p1a: Torkringe|67\/100\n|-damage|p1b: Walking Wack|68\/100\n|-status|p1b: Walking Wack|par\n|move|p2a: Clodsire|Earthquake|p1a: Torkringe|[spread] p1a,p1b\n|-immune|p2b: Rotom\n|-supereffective|p1a: Torkringe\n|-damage|p1a: Torkringe|28\/100\n|-damage|p1b: Walking Wack|37\/100 par\n|move|p1a: Torkringe|Eruption|p2b: Rotom|[spread] p2a,p2b\n|-crit|p2b: Rotom\n|-damage|p2a: Clodsire|85\/100\n|-damage|p2b: Rotom|63\/100\n|\n|-weather|SunnyDay|[upkeep]\n|-heal|p2b: Rotom|69\/100|[from] item: Leftovers\n|upkeep\n|turn|2\n|\n|t:|1699302445\n|switch|p1a: Great Husk|Great Tusk|100\/100\n|-activate|p1a: Great Husk|ability: Protosynthesis\n|-start|p1a: Great Husk|protosynthesisatk\n|move|p2b: Rotom|Discharge|p1a: Great Husk|[spread] p1b\n|-immune|p2a: Clodsire\n|-immune|p1a: Great Husk\n|-damage|p1b: Walking Wack|4\/100 par\n|cant|p1b: Walking Wack|par\n|move|p2a: Clodsire|Earthquake|p1a: Great Husk|[spread] p1a,p1b\n|-immune|p2b: Rotom\n|-damage|p1a: Great Husk|81\/100\n|-damage|p1b: Walking Wack|0 fnt\n|faint|p1b: Walking Wack\n|-end|p1b: Walking Wack|Protosynthesis|[silent]\n|\n|-weather|SunnyDay|[upkeep]\n|-heal|p2b: Rotom|76\/100|[from] item: Leftovers\n|upkeep\n|\n|t:|1699302458\n|switch|p1b: Cheeze-Yu|Chi-Yu|100\/100\n|-ability|p1b: Cheeze-Yu|Beads of Ruin\n|turn|3\n|\n|t:|1699302470\n|switch|p2a: Quaquaval|Quaquaval, M|100\/100\n|move|p1b: Cheeze-Yu|Snarl|p2b: Rotom|[spread] p2a,p2b\n|-resisted|p2a: Quaquaval\n|-damage|p2a: Quaquaval|86\/100\n|-damage|p2b: Rotom|37\/100\n|-unboost|p2a: Quaquaval|spa|1\n|-unboost|p2b: Rotom|spa|1\n|move|p2b: Rotom|Air Slash|p1a: Great Husk\n|-supereffective|p1a: Great Husk\n|-damage|p1a: Great Husk|38\/100\n|move|p1a: Great Husk|Headlong Rush|p2a: Quaquaval\n|-damage|p2a: Quaquaval|19\/100\n|-unboost|p1a: Great Husk|def|1\n|-unboost|p1a: Great Husk|spd|1\n|\n|-weather|SunnyDay|[upkeep]\n|-heal|p2b: Rotom|43\/100|[from] item: Leftovers\n|upkeep\n|turn|4\n|\n|t:|1699302497\n|move|p2b: Rotom|Protect|p2b: Rotom\n|-singleturn|p2b: Rotom|Protect\n|move|p1b: Cheeze-Yu|Snarl|p2b: Rotom|[spread] p2a\n|-activate|p2b: Rotom|move: Protect\n|-resisted|p2a: Quaquaval\n|-damage|p2a: Quaquaval|4\/100\n|-unboost|p2a: Quaquaval|spa|1\n|move|p1a: Great Husk|Knock Off|p2a: Quaquaval\n|-resisted|p2a: Quaquaval\n|-damage|p2a: Quaquaval|0 fnt\n|-enditem|p2a: Quaquaval|Heavy-Duty Boots|[from] move: Knock Off|[of] p1a: Great Husk\n|faint|p2a: Quaquaval\n|\n|-weather|SunnyDay|[upkeep]\n|-heal|p2b: Rotom|49\/100|[from] item: Leftovers\n|upkeep\n|inactive|Kingnick0825 has 120 seconds left.\n|\n|t:|1699302513\n|switch|p2a: Clodsire|Clodsire, M|85\/100\n|turn|5\n|\n|t:|1699302519\n|move|p1b: Cheeze-Yu|Snarl|p2b: Rotom|[spread] p2a,p2b\n|-damage|p2a: Clodsire|59\/100\n|-damage|p2b: Rotom|10\/100\n|-unboost|p2a: Clodsire|spa|1\n|-unboost|p2b: Rotom|spa|1\n|move|p2b: Rotom|Air Slash|p1a: Great Husk\n|-supereffective|p1a: Great Husk\n|-damage|p1a: Great Husk|0 fnt\n|faint|p1a: Great Husk\n|-end|p1a: Great Husk|Protosynthesis|[silent]\n|move|p2a: Clodsire|Earthquake|p1b: Cheeze-Yu|[spread] p1b\n|-immune|p2b: Rotom\n|-supereffective|p1b: Cheeze-Yu\n|-damage|p1b: Cheeze-Yu|14\/100\n|\n|-weather|SunnyDay|[upkeep]\n|-heal|p2b: Rotom|16\/100|[from] item: Leftovers\n|upkeep\n|\n|t:|1699302534\n|switch|p1a: Gutter Mane|Flutter Mane|100\/100\n|-activate|p1a: Gutter Mane|ability: Protosynthesis\n|-start|p1a: Gutter Mane|protosynthesisspe\n|turn|6\n|\n|t:|1699302543\n|move|p1a: Gutter Mane|Shadow Ball|p2a: Clodsire\n|-damage|p2a: Clodsire|3\/100\n|-enditem|p2a: Clodsire|Aguav Berry|[eat]\n|-heal|p2a: Clodsire|37\/100|[from] item: Aguav Berry\n|-damage|p1a: Gutter Mane|91\/100|[from] item: Life Orb\n|move|p1b: Cheeze-Yu|Snarl|p2a: Clodsire|[spread] p2a,p2b\n|-crit|p2a: Clodsire\n|-damage|p2a: Clodsire|1\/100\n|-damage|p2b: Rotom|0 fnt\n|-unboost|p2a: Clodsire|spa|1\n|faint|p2b: Rotom\n|move|p2a: Clodsire|Poison Jab|p1a: Gutter Mane\n|-damage|p1a: Gutter Mane|50\/100\n|-status|p1a: Gutter Mane|psn\n|\n|-weather|SunnyDay|[upkeep]\n|-damage|p1a: Gutter Mane|38\/100 psn|[from] psn\n|upkeep\n|\n|t:|1699302558\n|switch|p2b: Chi-Yu|Chi-Yu|100\/100\n|-ability|p2b: Chi-Yu|Beads of Ruin\n|turn|7\n|\n|t:|1699302565\n|move|p2b: Chi-Yu|Protect|p2b: Chi-Yu\n|-singleturn|p2b: Chi-Yu|Protect\n|move|p1a: Gutter Mane|Moonblast|p2b: Chi-Yu\n|-activate|p2b: Chi-Yu|move: Protect\n|move|p1b: Cheeze-Yu|Snarl|p2a: Clodsire|[spread] p2a\n|-activate|p2b: Chi-Yu|move: Protect\n|-crit|p2a: Clodsire\n|-damage|p2a: Clodsire|0 fnt\n|faint|p2a: Clodsire\n|\n|-weather|SunnyDay|[upkeep]\n|-damage|p1a: Gutter Mane|25\/100 psn|[from] psn\n|upkeep\n|l|\u2606Shellfire214K\n|inactive|Shellfire214K disconnected and has a minute to reconnect!\n|player|p1|\n|\n|t:|1699302594\n|switch|p2a: Roaring Moon|Roaring Moon|100\/100\n|-activate|p2a: Roaring Moon|ability: Protosynthesis\n|-start|p2a: Roaring Moon|protosynthesisspe\n|turn|8\n|inactive|Shellfire214K has 30 seconds to reconnect!\n|j|\u2606Shellfire214K\n|inactive|Shellfire214K reconnected and has 115 seconds left.\n|player|p1|Shellfire214K|hilda-masters\n|\n|t:|1699302638\n|-terastallize|p2a: Roaring Moon|Fairy\n|move|p1a: Gutter Mane|Dazzling Gleam|p2a: Roaring Moon|[spread] p2a,p2b\n|-damage|p2a: Roaring Moon|63\/100\n|-damage|p2b: Chi-Yu|57\/100\n|-damage|p1a: Gutter Mane|16\/100 psn|[from] item: Life Orb\n|move|p1b: Cheeze-Yu|Snarl|p2b: Chi-Yu|[spread] p2a,p2b\n|-resisted|p2a: Roaring Moon\n|-resisted|p2b: Chi-Yu\n|-damage|p2a: Roaring Moon|49\/100\n|-damage|p2b: Chi-Yu|45\/100\n|-unboost|p2a: Roaring Moon|spa|1\n|-unboost|p2b: Chi-Yu|spa|1\n|move|p2a: Roaring Moon|Iron Head|p1a: Gutter Mane\n|-supereffective|p1a: Gutter Mane\n|-damage|p1a: Gutter Mane|0 fnt\n|faint|p1a: Gutter Mane\n|-end|p1a: Gutter Mane|Protosynthesis|[silent]\n|move|p2b: Chi-Yu|Dark Pulse|p1b: Cheeze-Yu\n|-resisted|p1b: Cheeze-Yu\n|-damage|p1b: Cheeze-Yu|0 fnt\n|faint|p1b: Cheeze-Yu\n|\n|-weather|none\n|-end|p2a: Roaring Moon|Protosynthesis\n|-heal|p2b: Chi-Yu|51\/100|[from] item: Leftovers\n|upkeep\n|-enditem|p2a: Roaring Moon|Booster Energy\n|-activate|p2a: Roaring Moon|ability: Protosynthesis|[fromitem]\n|-start|p2a: Roaring Moon|protosynthesisspe\n|\n|t:|1699302650\n|switch|p1a: Snoring Moon|Roaring Moon|100\/100\n|switch|p1b: Torkringe|Torkoal, F|28\/100\n|-weather|SunnyDay|[from] ability: Drought|[of] p1b: Torkringe\n|-activate|p1a: Snoring Moon|ability: Protosynthesis\n|-start|p1a: Snoring Moon|protosynthesisatk\n|turn|9\n|inactive|Shellfire214K has 120 seconds left.\n|\n|t:|1699302673\n|-terastallize|p1a: Snoring Moon|Steel\n|move|p2a: Roaring Moon|Dragon Claw|p1a: Snoring Moon\n|-resisted|p1a: Snoring Moon\n|-damage|p1a: Snoring Moon|77\/100\n|move|p1a: Snoring Moon|Iron Head|p2a: Roaring Moon\n|-supereffective|p2a: Roaring Moon\n|-damage|p2a: Roaring Moon|0 fnt\n|faint|p2a: Roaring Moon\n|-end|p2a: Roaring Moon|Protosynthesis|[silent]\n|move|p2b: Chi-Yu|Heat Wave|p1b: Torkringe|[spread] p1b\n|-miss|p2b: Chi-Yu|p1a: Snoring Moon\n|-resisted|p1b: Torkringe\n|-damage|p1b: Torkringe|0 fnt\n|faint|p1b: Torkringe\n|\n|-weather|SunnyDay|[upkeep]\n|-heal|p2b: Chi-Yu|57\/100|[from] item: Leftovers\n|upkeep\n|\n|t:|1699302676\n|switch|p2a: Iron Valiant|Iron Valiant|100\/100\n|turn|10\n|\n|t:|1699302694\n|move|p1a: Snoring Moon|Dragon Claw|p2b: Chi-Yu\n|-damage|p2b: Chi-Yu|0 fnt\n|faint|p2b: Chi-Yu\n|move|p2a: Iron Valiant|Aura Sphere|p1a: Snoring Moon\n|-supereffective|p1a: Snoring Moon\n|-damage|p1a: Snoring Moon|30\/100\n|\n|-weather|SunnyDay|[upkeep]\n|upkeep\n|turn|11\n|\n|t:|1699302710\n|move|p1a: Snoring Moon|Iron Head|p2a: Iron Valiant\n|-supereffective|p2a: Iron Valiant\n|-damage|p2a: Iron Valiant|0 fnt\n|faint|p2a: Iron Valiant\n|-end|p2a: Iron Valiant|Quark Drive|[silent]\n|\n|win|Shellfire214K\n|raw|Shellfire214K's rating: 1378 &rarr; <strong>1399<\/strong><br \/>(+21 for winning)\n|raw|Kingnick0825's rating: 1399 &rarr; <strong>1378<\/strong><br \/>(-21 for losing)\n|l|\u2606Kingnick0825\n","uploadtime":1699302722,"views":13,"p1id":"shellfire214k","p2id":"kingnick0825","formatid":"gen9doublesou","rating":1378,"private":0,"password":""}