{"id":"gen9doublesou-1979922847","p1":"MopisEdibles","p2":"HEAVY-DUTY B0OTY","format":"[Gen 9] Doubles OU","log":"|j|\u2606MopisEdibles\n|j|\u2606HEAVY-DUTY B0OTY\n|inactive|Battle timer is ON: inactive players will automatically lose when time's up.\n|t:|1698730061\n|gametype|doubles\n|player|p1|MopisEdibles|flannery|\n|player|p2|HEAVY-DUTY B0OTY|swimmerf-gen6|\n|teamsize|p1|6\n|teamsize|p2|6\n|gen|9\n|tier|[Gen 9] Doubles OU\n|rated|Tournament battle\n|rule|Species Clause: Limit one of each Pok\u00e9mon\n|rule|OHKO Clause: OHKO moves are banned\n|rule|Evasion Moves Clause: Evasion moves are banned\n|rule|Gravity Sleep Clause: The combination of sleep-inducing moves with imperfect accuracy and Gravity or Gigantamax Orbeetle are banned\n|rule|Endless Battle Clause: Forcing endless battles is banned\n|rule|HP Percentage Mod: HP is shown in percentages\n|clearpoke\n|poke|p1|Girafarig, F|\n|poke|p1|Deerling, M|\n|poke|p1|Dudunsparce-*, F|\n|poke|p1|Gardevoir, M|\n|poke|p1|Pelipper, F|\n|poke|p1|Toxapex, F|\n|poke|p2|Weavile, F|\n|poke|p2|Silicobra, M|\n|poke|p2|Sandslash, M|\n|poke|p2|Empoleon, F|\n|poke|p2|Cacturne, F|\n|poke|p2|Noctowl, M|\n|teampreview\n|j|*Lady Monita \u263d\n|\n|t:|1698730079\n|start\n|switch|p1a: Pelipper|Pelipper, F|100\/100\n|switch|p1b: Toxapex|Toxapex, F|100\/100\n|switch|p2a: Weavile|Weavile, F|100\/100\n|switch|p2b: Silicobra|Silicobra, M|100\/100\n|-weather|RainDance|[from] ability: Drizzle|[of] p1a: Pelipper\n|turn|1\n|\n|t:|1698730093\n|move|p2a: Weavile|Fake Out|p1a: Pelipper\n|-damage|p1a: Pelipper|82\/100\n|cant|p1a: Pelipper|flinch\n|move|p2b: Silicobra|Stealth Rock|p1a: Pelipper\n|-sidestart|p1: MopisEdibles|move: Stealth Rock\n|move|p1b: Toxapex|Toxic Spikes|p2a: Weavile\n|-sidestart|p2: HEAVY-DUTY B0OTY|move: Toxic Spikes\n|\n|-weather|RainDance|[upkeep]\n|upkeep\n|turn|2\n|\n|t:|1698730119\n|move|p2a: Weavile|Knock Off|p1b: Toxapex\n|-damage|p1b: Toxapex|66\/100\n|-enditem|p1b: Toxapex|Leftovers|[from] move: Knock Off|[of] p2a: Weavile\n|move|p1a: Pelipper|Surf|p2b: Silicobra|[spread] p1b,p2a,p2b\n|-resisted|p1b: Toxapex\n|-supereffective|p2b: Silicobra\n|-damage|p1b: Toxapex|37\/100\n|-damage|p2a: Weavile|1\/100\n|-damage|p2b: Silicobra|0 fnt\n|-weather|Sandstorm|[from] ability: Sand Spit|[of] p2b: Silicobra\n|faint|p2b: Silicobra\n|move|p1b: Toxapex|Toxic Spikes|p2a: Weavile\n|-sidestart|p2: HEAVY-DUTY B0OTY|move: Toxic Spikes\n|\n|-weather|Sandstorm|[upkeep]\n|-damage|p2a: Weavile|0 fnt|[from] Sandstorm\n|-damage|p1a: Pelipper|76\/100|[from] Sandstorm\n|-damage|p1b: Toxapex|31\/100|[from] Sandstorm\n|faint|p2a: Weavile\n|upkeep\n|inactive|HEAVY-DUTY B0OTY has 120 seconds left.\n|inactive|HEAVY-DUTY B0OTY has 90 seconds left.\n|\n|t:|1698730167\n|switch|p2a: Sandslash|Sandslash, M|100\/100\n|switch|p2b: Noctowl|Noctowl, M|100\/100\n|-status|p2a: Sandslash|tox\n|turn|3\n|\n|t:|1698730175\n|move|p2a: Sandslash|Rock Slide|p1a: Pelipper|[spread] p1a,p1b\n|-supereffective|p1a: Pelipper\n|-damage|p1a: Pelipper|14\/100\n|-damage|p1b: Toxapex|15\/100\n|-damage|p2a: Sandslash|91\/100 tox|[from] item: Life Orb\n|cant|p1a: Pelipper|flinch\n|move|p2b: Noctowl|Defog|p1a: Pelipper\n|-unboost|p1a: Pelipper|evasion|1\n|-sideend|p1: MopisEdibles|Stealth Rock|[from] move: Defog|[of] p2b: Noctowl\n|-sideend|p2: HEAVY-DUTY B0OTY|Toxic Spikes|[from] move: Defog|[of] p2b: Noctowl\n|move|p1b: Toxapex|Recover|p1b: Toxapex\n|-heal|p1b: Toxapex|65\/100\n|\n|-weather|Sandstorm|[upkeep]\n|-damage|p1a: Pelipper|8\/100|[from] Sandstorm\n|-damage|p2b: Noctowl|94\/100|[from] Sandstorm\n|-damage|p1b: Toxapex|59\/100|[from] Sandstorm\n|-damage|p2a: Sandslash|84\/100 tox|[from] psn\n|upkeep\n|turn|4\n|\n|t:|1698730185\n|move|p2a: Sandslash|Earthquake|p1a: Pelipper|[spread] p1b\n|-immune|p2b: Noctowl\n|-immune|p1a: Pelipper\n|-supereffective|p1b: Toxapex\n|-damage|p1b: Toxapex|5\/100\n|-damage|p2a: Sandslash|74\/100 tox|[from] item: Life Orb\n|move|p1a: Pelipper|Surf|p2b: Noctowl|[spread] p1b,p2a,p2b\n|-resisted|p1b: Toxapex\n|-supereffective|p2a: Sandslash\n|-damage|p1b: Toxapex|0 fnt\n|-damage|p2a: Sandslash|0 fnt\n|-damage|p2b: Noctowl|65\/100\n|faint|p1b: Toxapex\n|faint|p2a: Sandslash\n|move|p2b: Noctowl|Hyper Voice|p1a: Pelipper\n|-damage|p1a: Pelipper|0 fnt\n|faint|p1a: Pelipper\n|\n|-weather|Sandstorm|[upkeep]\n|-damage|p2b: Noctowl|59\/100|[from] Sandstorm\n|upkeep\n|\n|t:|1698730208\n|switch|p1a: Girafarig|Girafarig, F, shiny|100\/100\n|switch|p2a: Cacturne|Cacturne, F|100\/100\n|switch|p1b: Deerling|Deerling, M|100\/100\n|turn|5\n|\n|t:|1698730226\n|move|p1a: Girafarig|Dazzling Gleam|p2b: Noctowl|[spread] p2b\n|-miss|p1a: Girafarig|p2a: Cacturne\n|-damage|p2b: Noctowl|47\/100\n|move|p1b: Deerling|Headbutt|p2b: Noctowl\n|-damage|p2b: Noctowl|24\/100\n|move|p2a: Cacturne|Knock Off|p1a: Girafarig\n|-supereffective|p1a: Girafarig\n|-damage|p1a: Girafarig|0 fnt\n|-enditem|p1a: Girafarig|Eviolite|[from] move: Knock Off|[of] p2a: Cacturne\n|faint|p1a: Girafarig\n|move|p2b: Noctowl|Hyper Voice|p1b: Deerling\n|-damage|p1b: Deerling|61\/100\n|\n|-weather|Sandstorm|[upkeep]\n|-damage|p1b: Deerling|55\/100|[from] Sandstorm\n|-damage|p2b: Noctowl|18\/100|[from] Sandstorm\n|upkeep\n|\n|t:|1698730233\n|switch|p1a: Gardevoir|Gardevoir, M|100\/100\n|-ability|p1a: Gardevoir|Sand Veil|[from] ability: Trace|[of] p2a: Cacturne\n|turn|6\n|\n|t:|1698730249\n|-terastallize|p2a: Cacturne|Rock\n|move|p1a: Gardevoir|Moonblast|p2a: Cacturne\n|-damage|p2a: Cacturne|38\/100\n|move|p1b: Deerling|Headbutt|p2a: Cacturne\n|-resisted|p2a: Cacturne\n|-damage|p2a: Cacturne|23\/100\n|move|p2a: Cacturne|Seed Bomb|p1a: Gardevoir\n|-damage|p1a: Gardevoir|32\/100\n|move|p2b: Noctowl|Air Cutter|p1b: Deerling|[spread] p1a,p1b\n|-supereffective|p1b: Deerling\n|-damage|p1a: Gardevoir|17\/100\n|-damage|p1b: Deerling|16\/100\n|\n|-weather|none\n|upkeep\n|turn|7\n|j| BlastedBus\n|\n|t:|1698730265\n|move|p2a: Cacturne|Sucker Punch|p1a: Gardevoir\n|-damage|p1a: Gardevoir|0 fnt\n|faint|p1a: Gardevoir\n|move|p1b: Deerling|Headbutt|p2b: Noctowl\n|-damage|p2b: Noctowl|0 fnt\n|faint|p2b: Noctowl\n|\n|upkeep\n|\n|t:|1698730268\n|switch|p1a: Dudunsparce|Dudunsparce, F|100\/100\n|switch|p2b: Empoleon|Empoleon, F|100\/100\n|turn|8\n|\n|t:|1698730286\n|move|p1b: Deerling|Thunder Wave|p2b: Empoleon\n|-status|p2b: Empoleon|par\n|move|p2a: Cacturne|Drain Punch|p1a: Dudunsparce\n|-supereffective|p1a: Dudunsparce\n|-damage|p1a: Dudunsparce|57\/100\n|-heal|p2a: Cacturne|58\/100|[from] drain|[of] p1a: Dudunsparce\n|move|p1a: Dudunsparce|Earthquake|p2a: Cacturne|[spread] p1b,p2a,p2b\n|-resisted|p1b: Deerling\n|-supereffective|p2a: Cacturne\n|-supereffective|p2b: Empoleon\n|-damage|p1b: Deerling|6\/100\n|-damage|p2a: Cacturne|0 fnt\n|-damage|p2b: Empoleon|65\/100 par\n|faint|p2a: Cacturne\n|cant|p2b: Empoleon|par\n|\n|-heal|p1a: Dudunsparce|63\/100|[from] item: Leftovers\n|-heal|p2b: Empoleon|71\/100 par|[from] item: Leftovers\n|upkeep\n|turn|9\n|\n|t:|1698730305\n|move|p2b: Empoleon|Protect|p2b: Empoleon\n|-singleturn|p2b: Empoleon|Protect\n|move|p1b: Deerling|Synthesis|p1b: Deerling\n|-heal|p1b: Deerling|56\/100\n|move|p1a: Dudunsparce|Earthquake|p2b: Empoleon|[spread] p1b\n|-activate|p2b: Empoleon|move: Protect\n|-resisted|p1b: Deerling\n|-damage|p1b: Deerling|47\/100\n|\n|-heal|p1a: Dudunsparce|70\/100|[from] item: Leftovers\n|-heal|p2b: Empoleon|77\/100 par|[from] item: Leftovers\n|upkeep\n|turn|10\n|\n|t:|1698730312\n|move|p1b: Deerling|Synthesis|p1b: Deerling\n|-heal|p1b: Deerling|97\/100\n|move|p1a: Dudunsparce|Earthquake|p2b: Empoleon|[spread] p1b,p2b\n|-resisted|p1b: Deerling\n|-supereffective|p2b: Empoleon\n|-damage|p1b: Deerling|87\/100\n|-damage|p2b: Empoleon|43\/100 par\n|move|p2b: Empoleon|Icy Wind|p1a: Dudunsparce|[spread] p1a,p1b\n|-supereffective|p1b: Deerling\n|-crit|p1b: Deerling\n|-damage|p1a: Dudunsparce|62\/100\n|-damage|p1b: Deerling|42\/100\n|-unboost|p1a: Dudunsparce|spe|1\n|-unboost|p1b: Deerling|spe|1\n|\n|-heal|p1a: Dudunsparce|69\/100|[from] item: Leftovers\n|-heal|p2b: Empoleon|49\/100 par|[from] item: Leftovers\n|upkeep\n|turn|11\n|\n|t:|1698730318\n|move|p2b: Empoleon|Protect|p2b: Empoleon\n|-singleturn|p2b: Empoleon|Protect\n|move|p1b: Deerling|Synthesis|p1b: Deerling\n|-heal|p1b: Deerling|92\/100\n|move|p1a: Dudunsparce|Earthquake|p2b: Empoleon|[spread] p1b\n|-activate|p2b: Empoleon|move: Protect\n|-resisted|p1b: Deerling\n|-damage|p1b: Deerling|82\/100\n|\n|-heal|p1a: Dudunsparce|75\/100|[from] item: Leftovers\n|-heal|p2b: Empoleon|55\/100 par|[from] item: Leftovers\n|upkeep\n|turn|12\n|\n|t:|1698730322\n|move|p1b: Deerling|Synthesis|p1b: Deerling\n|-heal|p1b: Deerling|100\/100\n|move|p1a: Dudunsparce|Earthquake|p2b: Empoleon|[spread] p1b,p2b\n|-resisted|p1b: Deerling\n|-supereffective|p2b: Empoleon\n|-damage|p1b: Deerling|91\/100\n|-damage|p2b: Empoleon|18\/100 par\n|cant|p2b: Empoleon|par\n|\n|-heal|p1a: Dudunsparce|81\/100|[from] item: Leftovers\n|-heal|p2b: Empoleon|24\/100 par|[from] item: Leftovers\n|upkeep\n|turn|13\n|\n|t:|1698730329\n|move|p2b: Empoleon|Protect|p2b: Empoleon\n|-singleturn|p2b: Empoleon|Protect\n|move|p1b: Deerling|Headbutt|p2b: Empoleon\n|-activate|p2b: Empoleon|move: Protect\n|move|p1a: Dudunsparce|Roost|p1a: Dudunsparce\n|-heal|p1a: Dudunsparce|100\/100\n|-singleturn|p1a: Dudunsparce|move: Roost\n|\n|-heal|p2b: Empoleon|31\/100 par|[from] item: Leftovers\n|upkeep\n|turn|14\n|\n|t:|1698730333\n|move|p1b: Deerling|Headbutt|p2b: Empoleon\n|-resisted|p2b: Empoleon\n|-damage|p2b: Empoleon|23\/100 par\n|move|p1a: Dudunsparce|Earthquake|p2b: Empoleon|[spread] p1b,p2b\n|-resisted|p1b: Deerling\n|-supereffective|p2b: Empoleon\n|-damage|p1b: Deerling|82\/100\n|-damage|p2b: Empoleon|0 fnt\n|faint|p2b: Empoleon\n|\n|win|MopisEdibles\n|n|\u2606MopisEdibles|mopisedibles\n|n|\u2606HEAVY-DUTY B0OTY|heavydutyb0oty\n|n|*Lady Monita \u263d|ladymonita\n|n| BlastedBus|blastedbus\n","uploadtime":1698730334,"views":15,"p1id":"mopisedibles","p2id":"heavydutyb0oty","formatid":"gen9doublesou","rating":0,"private":0,"password":""}