{"id":"gen9doublesou-1987433042","p1":"Thehombre","p2":"Bu#w31z3r","format":"[Gen 9] Doubles OU","log":"|j|\u2606Thehombre\n|j|\u2606Bu#w31z3r\n|t:|1699590811\n|gametype|doubles\n|player|p1|Thehombre|266|1223\n|player|p2|Bu#w31z3r|fisherman-gen4|1194\n|teamsize|p1|6\n|teamsize|p2|6\n|gen|9\n|tier|[Gen 9] Doubles OU\n|rated|\n|rule|Species Clause: Limit one of each Pok\u00e9mon\n|rule|OHKO Clause: OHKO moves are banned\n|rule|Evasion Moves Clause: Evasion moves are banned\n|rule|Gravity Sleep Clause: The combination of sleep-inducing moves with imperfect accuracy and Gravity or Gigantamax Orbeetle are banned\n|rule|Endless Battle Clause: Forcing endless battles is banned\n|rule|HP Percentage Mod: HP is shown in percentages\n|clearpoke\n|poke|p1|Mew|\n|poke|p1|Corviknight, F|\n|poke|p1|Enamorus, F|\n|poke|p1|Illumise, F|\n|poke|p1|Maushold-Four|\n|poke|p1|Rotom|\n|poke|p2|Clefable, F|\n|poke|p2|Scizor, F|\n|poke|p2|Overqwil, M|\n|poke|p2|Gastrodon, M|\n|poke|p2|Infernape, F|\n|poke|p2|Electrode-Hisui|\n|teampreview\n|inactive|Battle timer is ON: inactive players will automatically lose when time's up. (requested by Thehombre)\n|\n|t:|1699590829\n|start\n|switch|p1a: Corviknight|Corviknight, F|100\/100\n|switch|p1b: Illumise|Illumise, F|100\/100\n|switch|p2a: Overqwil|Overqwil, M|100\/100\n|switch|p2b: Gastrodon|Gastrodon, M|100\/100\n|-ability|p2a: Overqwil|Intimidate|boost\n|-ability|p1a: Corviknight|Mirror Armor\n|-unboost|p2a: Overqwil|atk|1\n|-unboost|p1b: Illumise|atk|1\n|turn|1\n|\n|t:|1699590848\n|move|p1b: Illumise|Struggle Bug|p2a: Overqwil|[spread] p2a,p2b\n|-damage|p2a: Overqwil|86\/100\n|-damage|p2b: Gastrodon|91\/100\n|-unboost|p2a: Overqwil|spa|1\n|-unboost|p2b: Gastrodon|spa|1\n|move|p2a: Overqwil|Toxic Spikes|p1a: Corviknight\n|-sidestart|p1: Thehombre|move: Toxic Spikes\n|move|p1a: Corviknight|Agility|p1a: Corviknight\n|-boost|p1a: Corviknight|spe|2\n|move|p2b: Gastrodon|Hydro Pump|p1b: Illumise\n|-damage|p1b: Illumise|62\/100\n|\n|-heal|p1b: Illumise|68\/100|[from] item: Leftovers\n|-heal|p2a: Overqwil|92\/100|[from] item: Black Sludge\n|-heal|p2b: Gastrodon|97\/100|[from] item: Leftovers\n|upkeep\n|turn|2\n|\n|t:|1699590871\n|switch|p2a: Infernape|Infernape, F|100\/100\n|switch|p2b: Scizor|Scizor, F|100\/100\n|move|p1a: Corviknight|Bulk Up|p1a: Corviknight\n|-boost|p1a: Corviknight|atk|1\n|-boost|p1a: Corviknight|def|1\n|move|p1b: Illumise|Struggle Bug|p2a: Infernape|[spread] p2a,p2b\n|-resisted|p2a: Infernape\n|-crit|p2a: Infernape\n|-resisted|p2b: Scizor\n|-damage|p2a: Infernape|95\/100\n|-damage|p2b: Scizor|94\/100\n|-unboost|p2a: Infernape|spa|1\n|-unboost|p2b: Scizor|spa|1\n|\n|-heal|p1b: Illumise|74\/100|[from] item: Leftovers\n|-heal|p2b: Scizor|100\/100|[from] item: Leftovers\n|upkeep\n|turn|3\n|\n|t:|1699590885\n|move|p1b: Illumise|Charm|p2b: Scizor\n|-unboost|p2b: Scizor|atk|2\n|move|p1a: Corviknight|Drill Peck|p2a: Infernape\n|-supereffective|p2a: Infernape\n|-damage|p2a: Infernape|0 fnt\n|faint|p2a: Infernape\n|move|p2b: Scizor|Swords Dance|p2b: Scizor\n|-boost|p2b: Scizor|atk|2\n|\n|-heal|p1b: Illumise|80\/100|[from] item: Leftovers\n|upkeep\n|\n|t:|1699590891\n|switch|p2a: Electrode|Electrode-Hisui|100\/100\n|turn|4\n|\n|t:|1699590903\n|move|p1b: Illumise|Charm|p2b: Scizor\n|-unboost|p2b: Scizor|atk|2\n|move|p1a: Corviknight|Power Trip|p2a: Electrode\n|-damage|p2a: Electrode|20\/100\n|-status|p1a: Corviknight|par|[from] ability: Static|[of] p2a: Electrode\n|move|p2a: Electrode|Thunderbolt|p1a: Corviknight\n|-supereffective|p1a: Corviknight\n|-crit|p1a: Corviknight\n|-damage|p1a: Corviknight|0 fnt\n|faint|p1a: Corviknight\n|-damage|p2a: Electrode|10\/100|[from] item: Life Orb\n|move|p2b: Scizor|Swords Dance|p2b: Scizor\n|-boost|p2b: Scizor|atk|2\n|\n|-heal|p1b: Illumise|86\/100|[from] item: Leftovers\n|upkeep\n|\n|t:|1699590915\n|switch|p1a: Mew|Mew|100\/100\n|-status|p1a: Mew|psn\n|turn|5\n|\n|t:|1699590932\n|move|p1b: Illumise|Thunder Wave|p2b: Scizor\n|-status|p2b: Scizor|par\n|move|p2a: Electrode|Volt Switch|p1b: Illumise\n|-damage|p1b: Illumise|47\/100\n|-damage|p2a: Electrode|0 fnt|[from] item: Life Orb\n|faint|p2a: Electrode\n|move|p1a: Mew|Transform|p2b: Scizor\n|-transform|p1a: Mew|p2b: Scizor\n|move|p2b: Scizor|Pounce|p1a: Mew\n|-resisted|p1a: Mew\n|-damage|p1a: Mew|83\/100 psn\n|-unboost|p1a: Mew|spe|1\n|\n|-heal|p1b: Illumise|53\/100|[from] item: Leftovers\n|-heal|p1a: Mew|89\/100 psn|[from] item: Leftovers\n|-damage|p1a: Mew|77\/100 psn|[from] psn\n|upkeep\n|inactive|Bu#w31z3r has 120 seconds left.\n|\n|t:|1699590955\n|switch|p2a: Overqwil|Overqwil, M|92\/100\n|-ability|p2a: Overqwil|Intimidate|boost\n|-unboost|p1a: Mew|atk|1\n|-unboost|p1b: Illumise|atk|1\n|turn|6\n|\n|t:|1699590968\n|move|p1b: Illumise|Charm|p2b: Scizor\n|-unboost|p2b: Scizor|atk|2\n|move|p2a: Overqwil|Gunk Shot|p1b: Illumise|[miss]\n|-miss|p2a: Overqwil|p1b: Illumise\n|move|p1a: Mew|Swords Dance|p1a: Mew\n|-boost|p1a: Mew|atk|2\n|move|p2b: Scizor|Swords Dance|p2b: Scizor\n|-boost|p2b: Scizor|atk|2\n|\n|-heal|p1b: Illumise|59\/100|[from] item: Leftovers\n|-heal|p2a: Overqwil|98\/100|[from] item: Black Sludge\n|-heal|p1a: Mew|83\/100 psn|[from] item: Leftovers\n|-damage|p1a: Mew|70\/100 psn|[from] psn\n|upkeep\n|turn|7\n|\n|t:|1699590987\n|move|p1b: Illumise|Charm|p2b: Scizor\n|-unboost|p2b: Scizor|atk|2\n|move|p2a: Overqwil|Gunk Shot|p1b: Illumise\n|-damage|p1b: Illumise|0 fnt\n|faint|p1b: Illumise\n|move|p1a: Mew|Pounce|p2a: Overqwil\n|-damage|p2a: Overqwil|24\/100\n|-unboost|p2a: Overqwil|spe|1\n|move|p2b: Scizor|Brick Break|p1a: Mew\n|-damage|p1a: Mew|58\/100 psn\n|\n|-heal|p2a: Overqwil|30\/100|[from] item: Black Sludge\n|-heal|p1a: Mew|64\/100 psn|[from] item: Leftovers\n|-damage|p1a: Mew|52\/100 psn|[from] psn\n|upkeep\n|\n|t:|1699590999\n|switch|p1b: Enamorus|Enamorus, F|100\/100\n|turn|8\n|\n|t:|1699591013\n|switch|p2b: Clefable|Clefable, F|100\/100\n|move|p1a: Mew|Bullet Punch|p2a: Overqwil\n|-damage|p2a: Overqwil|0 fnt\n|faint|p2a: Overqwil\n|move|p1b: Enamorus|Superpower|p2b: Clefable\n|-resisted|p2b: Clefable\n|-damage|p2b: Clefable|83\/100\n|-boost|p1b: Enamorus|atk|1\n|-boost|p1b: Enamorus|def|1\n|\n|-heal|p1a: Mew|58\/100 psn|[from] item: Leftovers\n|-damage|p1a: Mew|45\/100 psn|[from] psn\n|upkeep\n|\n|t:|1699591027\n|switch|p2a: Gastrodon|Gastrodon, M|97\/100\n|turn|9\n|\n|t:|1699591033\n|move|p1a: Mew|Bullet Punch|p2b: Clefable\n|-supereffective|p2b: Clefable\n|-damage|p2b: Clefable|0 fnt\n|faint|p2b: Clefable\n|move|p1b: Enamorus|Sludge Bomb|p2a: Gastrodon\n|-resisted|p2a: Gastrodon\n|-damage|p2a: Gastrodon|83\/100\n|move|p2a: Gastrodon|Clear Smog|p1b: Enamorus\n|-supereffective|p1b: Enamorus\n|-damage|p1b: Enamorus|57\/100\n|-clearboost|p1b: Enamorus\n|\n|-heal|p1b: Enamorus|63\/100|[from] item: Leftovers\n|-heal|p2a: Gastrodon|89\/100|[from] item: Leftovers\n|-heal|p1a: Mew|52\/100 psn|[from] item: Leftovers\n|-damage|p1a: Mew|39\/100 psn|[from] psn\n|upkeep\n|-message|Bu#w31z3r forfeited.\n|\n|win|Thehombre\n|raw|Thehombre's rating: 1223 &rarr; <strong>1246<\/strong><br \/>(+23 for winning)\n|raw|Bu#w31z3r's rating: 1194 &rarr; <strong>1171<\/strong><br \/>(-23 for losing)\n|l|\u2606Bu#w31z3r\n","uploadtime":1699591039,"views":8,"p1id":"thehombre","p2id":"buw31z3r","formatid":"gen9doublesou","rating":1171,"private":0,"password":""}