{"id":"gen9doublesou-1995498416","p1":"Kiky14","p2":"RainTeamSupremacy","format":"[Gen 9] Doubles OU","log":"|j|\u2606Kiky14\n|j|\u2606RainTeamSupremacy\n|t:|1700577293\n|gametype|doubles\n|player|p1|Kiky14|hilda-wonderlauncher|1520\n|player|p2|RainTeamSupremacy|hilbert-wonderlauncher|1460\n|teamsize|p1|6\n|teamsize|p2|6\n|gen|9\n|tier|[Gen 9] Doubles OU\n|rated|\n|rule|Species Clause: Limit one of each Pok\u00e9mon\n|rule|OHKO Clause: OHKO moves are banned\n|rule|Evasion Moves Clause: Evasion moves are banned\n|rule|Gravity Sleep Clause: The combination of sleep-inducing moves with imperfect accuracy and Gravity or Gigantamax Orbeetle are banned\n|rule|Endless Battle Clause: Forcing endless battles is banned\n|rule|HP Percentage Mod: HP is shown in percentages\n|clearpoke\n|poke|p1|Sinistcha|\n|poke|p1|Moltres-Galar|\n|poke|p1|Arcanine-Hisui, M|\n|poke|p1|Ogerpon-Wellspring, F|\n|poke|p1|Klefki, F|\n|poke|p1|Okidogi, M|\n|poke|p2|Pelipper, M|\n|poke|p2|Ludicolo, F|\n|poke|p2|Barraskewda, M|\n|poke|p2|Inteleon, M|\n|poke|p2|Ogerpon-Wellspring, F|\n|poke|p2|Thundurus-Therian, M|\n|teampreview\n|\n|t:|1700577345\n|start\n|switch|p1a: Klefki|Klefki, F|100\/100\n|switch|p1b: Moltres|Moltres-Galar|100\/100\n|switch|p2a: Pelipper|Pelipper, M|100\/100\n|switch|p2b: Thundurus|Thundurus-Therian, M|100\/100\n|-weather|RainDance|[from] ability: Drizzle|[of] p2a: Pelipper\n|turn|1\n|\n|t:|1700577360\n|move|p1a: Klefki|Light Screen|p1a: Klefki\n|-sidestart|p1: Kiky14|move: Light Screen\n|move|p2b: Thundurus|Wildbolt Storm|p1b: Moltres|[spread] p1a,p1b\n|-supereffective|p1b: Moltres\n|-damage|p1a: Klefki|62\/100\n|-damage|p1b: Moltres|59\/100\n|-enditem|p1b: Moltres|Weakness Policy\n|-boost|p1b: Moltres|atk|2|[from] item: Weakness Policy\n|-boost|p1b: Moltres|spa|2|[from] item: Weakness Policy\n|move|p1b: Moltres|Agility|p1b: Moltres\n|-boost|p1b: Moltres|spe|2\n|move|p2a: Pelipper|Weather Ball|p1b: Moltres\n|-damage|p1b: Moltres|33\/100\n|-ability|p1b: Moltres|Berserk|boost\n|-boost|p1b: Moltres|spa|1\n|\n|-weather|RainDance|[upkeep]\n|upkeep\n|turn|2\n|\n|t:|1700577382\n|switch|p1a: Sinistcha|Sinistcha|100\/100\n|-heal|p1b: Moltres|58\/100|[from] ability: Hospitality|[of] p1a: Sinistcha\n|-terastallize|p1b: Moltres|Dark\n|move|p2a: Pelipper|Wide Guard|p2a: Pelipper\n|-singleturn|p2a: Pelipper|Wide Guard\n|move|p1b: Moltres|Fiery Wrath|p2a: Pelipper|[spread] \n|-activate|p2a: Pelipper|move: Wide Guard\n|-activate|p2b: Thundurus|move: Wide Guard\n|move|p2b: Thundurus|Wildbolt Storm|p1a: Sinistcha|[spread] p1a,p1b\n|-resisted|p1a: Sinistcha\n|-damage|p1a: Sinistcha|85\/100\n|-damage|p1b: Moltres|35\/100\n|-ability|p1b: Moltres|Berserk|boost\n|-boost|p1b: Moltres|spa|1\n|\n|-weather|RainDance|[upkeep]\n|-heal|p1a: Sinistcha|91\/100|[from] item: Leftovers\n|upkeep\n|turn|3\n|\n|t:|1700577417\n|switch|p1a: Klefki|Klefki, F|62\/100\n|move|p2a: Pelipper|Wide Guard|p2a: Pelipper\n|-singleturn|p2a: Pelipper|Wide Guard\n|move|p1b: Moltres|Air Slash|p2a: Pelipper\n|-damage|p2a: Pelipper|0 fnt\n|faint|p2a: Pelipper\n|move|p2b: Thundurus|Wildbolt Storm|p1a: Klefki|[spread] p1a,p1b\n|-damage|p1a: Klefki|24\/100\n|-damage|p1b: Moltres|12\/100\n|\n|-weather|RainDance|[upkeep]\n|upkeep\n|\n|t:|1700577441\n|switch|p2a: Ogerpon|Ogerpon-Wellspring, F|100\/100\n|turn|4\n|\n|t:|1700577455\n|move|p2a: Ogerpon|Spiky Shield|p2a: Ogerpon\n|-singleturn|p2a: Ogerpon|move: Protect\n|move|p1a: Klefki|Thunder Wave|p2a: Ogerpon\n|-activate|p2a: Ogerpon|move: Protect\n|move|p1b: Moltres|Fiery Wrath|p2a: Ogerpon|[spread] p2b\n|-activate|p2a: Ogerpon|move: Protect\n|-damage|p2b: Thundurus|0 fnt\n|faint|p2b: Thundurus\n|\n|-weather|RainDance|[upkeep]\n|upkeep\n|\n|t:|1700577473\n|switch|p2b: Barraskewda|Barraskewda, M|100\/100\n|turn|5\n|\n|t:|1700577489\n|switch|p1a: Sinistcha|Sinistcha|91\/100\n|-heal|p1b: Moltres|37\/100|[from] ability: Hospitality|[of] p1a: Sinistcha\n|move|p1b: Moltres|Protect|p1b: Moltres\n|-singleturn|p1b: Moltres|Protect\n|move|p2b: Barraskewda|Liquidation|p1b: Moltres\n|-activate|p1b: Moltres|move: Protect\n|move|p2a: Ogerpon|Ivy Cudgel|p1a: Sinistcha|[anim] Ivy Cudgel Water\n|-resisted|p1a: Sinistcha\n|-damage|p1a: Sinistcha|57\/100\n|\n|-weather|RainDance|[upkeep]\n|-heal|p1a: Sinistcha|63\/100|[from] item: Leftovers\n|upkeep\n|turn|6\n|\n|t:|1700577509\n|move|p1a: Sinistcha|Rage Powder|p1a: Sinistcha\n|-singleturn|p1a: Sinistcha|move: Rage Powder\n|move|p2b: Barraskewda|Close Combat|p1a: Sinistcha\n|-immune|p1a: Sinistcha\n|move|p1b: Moltres|Fiery Wrath|p2a: Ogerpon|[spread] p2a,p2b\n|-damage|p2a: Ogerpon|0 fnt\n|-enditem|p2b: Barraskewda|Focus Sash\n|-damage|p2b: Barraskewda|1\/100\n|faint|p2a: Ogerpon\n|\n|-weather|RainDance|[upkeep]\n|-heal|p1a: Sinistcha|69\/100|[from] item: Leftovers\n|upkeep\n|\n|t:|1700577516\n|switch|p2a: Inteleon|Inteleon, M|100\/100\n|turn|7\n|inactive|Battle timer is ON: inactive players will automatically lose when time's up. (requested by Kiky14)\n|inactive|RainTeamSupremacy has 120 seconds left.\n|c|\u2606Kiky14|No te rindas\n|\n|t:|1700577596\n|move|p1a: Sinistcha|Rage Powder|p1a: Sinistcha\n|-singleturn|p1a: Sinistcha|move: Rage Powder\n|move|p2b: Barraskewda|Psychic Fangs|p1a: Sinistcha\n|-sideend|p1: Kiky14|move: Light Screen\n|-damage|p1a: Sinistcha|43\/100\n|move|p1b: Moltres|Fiery Wrath|p2b: Barraskewda|[spread] p2a,p2b\n|-damage|p2a: Inteleon|0 fnt\n|-damage|p2b: Barraskewda|0 fnt\n|faint|p2a: Inteleon\n|faint|p2b: Barraskewda\n|\n|-weather|RainDance|[upkeep]\n|-heal|p1a: Sinistcha|49\/100|[from] item: Leftovers\n|upkeep\n|\n|t:|1700577612\n|switch|p2b: Ludicolo|Ludicolo, F|100\/100\n|turn|8\n|\n|t:|1700577622\n|move|p1b: Moltres|Air Slash|p2b: Ludicolo\n|-supereffective|p2b: Ludicolo\n|-damage|p2b: Ludicolo|0 fnt\n|faint|p2b: Ludicolo\n|\n|win|Kiky14\n|raw|Kiky14's rating: 1520 &rarr; <strong>1537<\/strong><br \/>(+17 for winning)\n|raw|RainTeamSupremacy's rating: 1460 &rarr; <strong>1443<\/strong><br \/>(-17 for losing)\n|c|\u2606Kiky14|Gg\n|c|\u2606RainTeamSupremacy|gg\n|l|\u2606RainTeamSupremacy\n","uploadtime":1700577651,"views":4,"p1id":"kiky14","p2id":"rainteamsupremacy","formatid":"gen9doublesou","rating":1443,"private":0,"password":""}