{"id":"gen9doublesou-1991466779","p1":"Makion","p2":"Nobel102","format":"[Gen 9] Doubles OU","log":"|j|\u2606Makion\n|j|\u2606Nobel102\n|t:|1700079606\n|gametype|doubles\n|player|p1|Makion|170|1224\n|player|p2|Nobel102|zinnia|1358\n|teamsize|p1|6\n|teamsize|p2|6\n|gen|9\n|tier|[Gen 9] Doubles OU\n|rated|\n|rule|Species Clause: Limit one of each Pok\u00e9mon\n|rule|OHKO Clause: OHKO moves are banned\n|rule|Evasion Moves Clause: Evasion moves are banned\n|rule|Gravity Sleep Clause: The combination of sleep-inducing moves with imperfect accuracy and Gravity or Gigantamax Orbeetle are banned\n|rule|Endless Battle Clause: Forcing endless battles is banned\n|rule|HP Percentage Mod: HP is shown in percentages\n|clearpoke\n|poke|p1|Indeedee-F, F|\n|poke|p1|Meowscarada, F|\n|poke|p1|Armarouge, M|\n|poke|p1|Pelipper, F|\n|poke|p1|Iron Bundle|\n|poke|p1|Kingambit, F|\n|poke|p2|Iron Hands|\n|poke|p2|Tornadus, M|\n|poke|p2|Chi-Yu|\n|poke|p2|Torkoal, M|\n|poke|p2|Golem-Alola, F|\n|poke|p2|Mimikyu, F|\n|teampreview\n|inactive|Battle timer is ON: inactive players will automatically lose when time's up. (requested by Nobel102)\n|\n|t:|1700079618\n|start\n|switch|p1a: Iron Bundle|Iron Bundle|100\/100\n|switch|p1b: Armarouge|Armarouge, M|100\/100\n|switch|p2a: Golem|Golem-Alola, F|100\/100\n|switch|p2b: Mimikyu|Mimikyu, F|100\/100\n|turn|1\n|\n|t:|1700079637\n|move|p1a: Iron Bundle|Flip Turn|p1b: Armarouge\n|-supereffective|p1b: Armarouge\n|-damage|p1b: Armarouge|69\/100\n|-ability|p1b: Armarouge|Weak Armor|boost\n|-unboost|p1b: Armarouge|def|1\n|-boost|p1b: Armarouge|spe|2\n|-enditem|p1b: Armarouge|Weakness Policy\n|-boost|p1b: Armarouge|atk|2|[from] item: Weakness Policy\n|-boost|p1b: Armarouge|spa|2|[from] item: Weakness Policy\n|c|\u2606Nobel102|oh dear\n|\n|t:|1700079647\n|-end|p1a: Iron Bundle|Quark Drive|[silent]\n|switch|p1a: Indeedee|Indeedee-F, F|100\/100|[from] Flip Turn\n|-fieldstart|move: Psychic Terrain|[from] ability: Psychic Surge|[of] p1a: Indeedee\n|move|p1b: Armarouge|Expanding Force|p2b: Mimikyu|[spread] p2a,p2b\n|-damage|p2a: Golem|0 fnt\n|-activate|p2b: Mimikyu|ability: Disguise\n|-damage|p2b: Mimikyu|100\/100\n|detailschange|p2b: Mimikyu|Mimikyu-Busted, F\n|-damage|p2b: Mimikyu|88\/100|[from] pokemon: Mimikyu-Busted\n|faint|p2a: Golem\n|move|p2b: Mimikyu|Trick Room|p2b: Mimikyu\n|-fieldstart|move: Trick Room|[of] p2b: Mimikyu\n|\n|upkeep\n|\n|t:|1700079663\n|switch|p2a: Torkoal|Torkoal, M|100\/100\n|-weather|SunnyDay|[from] ability: Drought|[of] p2a: Torkoal\n|turn|2\n|\n|t:|1700079670\n|switch|p2b: Chi-Yu|Chi-Yu|100\/100\n|-ability|p2b: Chi-Yu|Beads of Ruin\n|move|p1b: Armarouge|Wide Guard|p1b: Armarouge\n|-singleturn|p1b: Armarouge|Wide Guard\n|move|p2a: Torkoal|Earth Power|p1b: Armarouge\n|-supereffective|p1b: Armarouge\n|-damage|p1b: Armarouge|0 fnt\n|faint|p1b: Armarouge\n|-damage|p2a: Torkoal|91\/100|[from] item: Life Orb\n|move|p1a: Indeedee|Trick Room|p1a: Indeedee\n|-fieldend|move: Trick Room\n|\n|-weather|SunnyDay|[upkeep]\n|upkeep\n|\n|t:|1700079687\n|switch|p1b: Pelipper|Pelipper, F|100\/100\n|-weather|RainDance|[from] ability: Drizzle|[of] p1b: Pelipper\n|turn|3\n|\n|t:|1700079703\n|switch|p1a: Meowscarada|Meowscarada, F|100\/100\n|switch|p2b: Tornadus|Tornadus, M|100\/100\n|switch|p2a: Mimikyu|Mimikyu-Busted, F|88\/100\n|move|p1b: Pelipper|Hydro Pump|p2b: Tornadus\n|-damage|p2b: Tornadus|0 fnt\n|faint|p2b: Tornadus\n|\n|-weather|RainDance|[upkeep]\n|upkeep\n|\n|t:|1700079713\n|switch|p2b: Iron Hands|Iron Hands|100\/100\n|turn|4\n|\n|t:|1700079740\n|move|p1a: Meowscarada|Dark Pulse|p2a: Mimikyu\n|-damage|p2a: Mimikyu|56\/100\n|move|p1b: Pelipper|Hydro Pump|p2a: Mimikyu\n|-crit|p2a: Mimikyu\n|-damage|p2a: Mimikyu|0 fnt\n|faint|p2a: Mimikyu\n|move|p2b: Iron Hands|Drain Punch|p1a: Meowscarada\n|-supereffective|p1a: Meowscarada\n|-enditem|p1a: Meowscarada|Focus Sash\n|-damage|p1a: Meowscarada|1\/100\n|\n|-weather|RainDance|[upkeep]\n|upkeep\n|\n|t:|1700079752\n|switch|p2a: Torkoal|Torkoal, M|91\/100\n|-weather|SunnyDay|[from] ability: Drought|[of] p2a: Torkoal\n|turn|5\n|\n|t:|1700079765\n|switch|p1a: Indeedee|Indeedee-F, F|100\/100\n|move|p1b: Pelipper|U-turn|p2a: Torkoal\n|-resisted|p2a: Torkoal\n|-damage|p2a: Torkoal|87\/100\n|\n|t:|1700079776\n|switch|p1b: Meowscarada|Meowscarada, F|1\/100|[from] U-turn\n|move|p2b: Iron Hands|Belly Drum|p2b: Iron Hands\n|-damage|p2b: Iron Hands|50\/100\n|-setboost|p2b: Iron Hands|atk|6|[from] move: Belly Drum\n|move|p2a: Torkoal|Eruption|p1a: Indeedee|[spread] p1a,p1b\n|-supereffective|p1b: Meowscarada\n|-damage|p1a: Indeedee|46\/100\n|-damage|p1b: Meowscarada|0 fnt\n|faint|p1b: Meowscarada\n|-damage|p2a: Torkoal|78\/100|[from] item: Life Orb\n|\n|-weather|SunnyDay|[upkeep]\n|-heal|p2b: Iron Hands|57\/100|[from] item: Leftovers\n|-fieldend|move: Psychic Terrain\n|upkeep\n|inactive|Makion has 120 seconds left.\n|\n|t:|1700079797\n|switch|p1b: Pelipper|Pelipper, F|100\/100\n|-weather|RainDance|[from] ability: Drizzle|[of] p1b: Pelipper\n|turn|6\n|c|\u2606Nobel102|fucked ass set up i have rn\n|\n|t:|1700079809\n|switch|p2a: Chi-Yu|Chi-Yu|100\/100\n|-ability|p2a: Chi-Yu|Beads of Ruin\n|move|p1b: Pelipper|U-turn|p2b: Iron Hands\n|-resisted|p2b: Iron Hands\n|-damage|p2b: Iron Hands|54\/100\n|\n|t:|1700079817\n|switch|p1b: Kingambit|Kingambit, F|100\/100|[from] U-turn\n|-activate|p1b: Kingambit|ability: Supreme Overlord\n|-start|p1b: Kingambit|fallen2|[silent]\n|move|p2b: Iron Hands|Drain Punch|p1b: Kingambit\n|-supereffective|p1b: Kingambit\n|-damage|p1b: Kingambit|0 fnt\n|-heal|p2b: Iron Hands|93\/100|[from] drain|[of] p1b: Kingambit\n|faint|p1b: Kingambit\n|-end|p1b: Kingambit|fallen2|[silent]\n|move|p1a: Indeedee|Psychic|p2b: Iron Hands\n|-supereffective|p2b: Iron Hands\n|-damage|p2b: Iron Hands|15\/100\n|\n|-weather|RainDance|[upkeep]\n|-heal|p2b: Iron Hands|21\/100|[from] item: Leftovers\n|upkeep\n|\n|t:|1700079834\n|switch|p1b: Iron Bundle|Iron Bundle|100\/100\n|turn|7\n|\n|t:|1700079847\n|move|p1a: Indeedee|Follow Me|p1a: Indeedee\n|-singleturn|p1a: Indeedee|move: Follow Me\n|move|p1b: Iron Bundle|Hydro Pump|p2a: Chi-Yu\n|-supereffective|p2a: Chi-Yu\n|-damage|p2a: Chi-Yu|0 fnt\n|faint|p2a: Chi-Yu\n|move|p2b: Iron Hands|Drain Punch|p1a: Indeedee\n|-damage|p1a: Indeedee|0 fnt\n|-heal|p2b: Iron Hands|36\/100|[from] drain|[of] p1a: Indeedee\n|faint|p1a: Indeedee\n|\n|-weather|RainDance|[upkeep]\n|-heal|p2b: Iron Hands|43\/100|[from] item: Leftovers\n|upkeep\n|\n|t:|1700079862\n|switch|p1a: Pelipper|Pelipper, F|100\/100\n|switch|p2a: Torkoal|Torkoal, M|78\/100\n|-weather|SunnyDay|[from] ability: Drought|[of] p2a: Torkoal\n|turn|8\n|\n|t:|1700079885\n|move|p1b: Iron Bundle|Hydro Pump|p2b: Iron Hands\n|-damage|p2b: Iron Hands|17\/100\n|move|p1a: Pelipper|Hurricane|p2b: Iron Hands\n|-damage|p2b: Iron Hands|0 fnt\n|faint|p2b: Iron Hands\n|-end|p2b: Iron Hands|Quark Drive|[silent]\n|move|p2a: Torkoal|Eruption|p1b: Iron Bundle|[spread] p1a,p1b\n|-resisted|p1a: Pelipper\n|-damage|p1a: Pelipper|35\/100\n|-damage|p1b: Iron Bundle|0 fnt\n|faint|p1b: Iron Bundle\n|-end|p1b: Iron Bundle|Quark Drive|[silent]\n|-damage|p2a: Torkoal|68\/100|[from] item: Life Orb\n|\n|-weather|SunnyDay|[upkeep]\n|upkeep\n|turn|9\n|c|\u2606Nobel102|gg\n|\n|t:|1700079902\n|-terastallize|p1a: Pelipper|Water\n|-terastallize|p2a: Torkoal|Fire\n|move|p1a: Pelipper|Hydro Pump|p2a: Torkoal\n|-supereffective|p2a: Torkoal\n|-damage|p2a: Torkoal|0 fnt\n|faint|p2a: Torkoal\n|\n|win|Makion\n|raw|Makion's rating: 1224 &rarr; <strong>1258<\/strong><br \/>(+34 for winning)\n|raw|Nobel102's rating: 1358 &rarr; <strong>1331<\/strong><br \/>(-27 for losing)\n","uploadtime":1700079799,"views":7,"p1id":"makion","p2id":"nobel102","formatid":"gen9doublesou","rating":1258,"private":0,"password":""}