{"id":"gen9doublesou-1987946509","p1":"Ravvenn98","p2":"elpape","format":"[Gen 9] Doubles OU","log":"|j|\u2606Ravvenn98\n|j|\u2606elpape\n|t:|1699651924\n|gametype|doubles\n|player|p1|Ravvenn98|clair|1436\n|player|p2|elpape|ltsurge|1520\n|teamsize|p1|6\n|teamsize|p2|6\n|gen|9\n|tier|[Gen 9] Doubles OU\n|rated|\n|rule|Species Clause: Limit one of each Pok\u00e9mon\n|rule|OHKO Clause: OHKO moves are banned\n|rule|Evasion Moves Clause: Evasion moves are banned\n|rule|Gravity Sleep Clause: The combination of sleep-inducing moves with imperfect accuracy and Gravity or Gigantamax Orbeetle are banned\n|rule|Endless Battle Clause: Forcing endless battles is banned\n|rule|HP Percentage Mod: HP is shown in percentages\n|clearpoke\n|poke|p1|Houndstone, M|\n|poke|p1|Tyranitar, M|\n|poke|p1|Gholdengo|\n|poke|p1|Kingambit, F|\n|poke|p1|Roaring Moon|\n|poke|p1|Tornadus, M|\n|poke|p2|Ogerpon-Hearthflame, F|\n|poke|p2|Torkoal, F|\n|poke|p2|Cresselia, F|\n|poke|p2|Kommo-o, M|\n|poke|p2|Rillaboom, M|\n|poke|p2|Diancie|\n|teampreview\n|inactive|Battle timer is ON: inactive players will automatically lose when time's up. (requested by elpape)\n|\n|t:|1699651950\n|start\n|switch|p1a: Roaring Moon|Roaring Moon|100\/100\n|switch|p1b: Tornadus|Tornadus, M, shiny|100\/100\n|switch|p2a: Diancie|Diancie|100\/100\n|switch|p2b: Ogerpon|Ogerpon-Hearthflame, F|100\/100\n|-ability|p2b: Ogerpon|Mold Breaker\n|-enditem|p1a: Roaring Moon|Booster Energy\n|-activate|p1a: Roaring Moon|ability: Protosynthesis|[fromitem]\n|-start|p1a: Roaring Moon|protosynthesisatk\n|turn|1\n|\n|t:|1699651959\n|-terastallize|p1a: Roaring Moon|Flying\n|move|p1b: Tornadus|Tailwind|p1b: Tornadus\n|-sidestart|p1: Ravvenn98|move: Tailwind\n|move|p1a: Roaring Moon|Acrobatics|p2b: Ogerpon\n|-supereffective|p2b: Ogerpon\n|-damage|p2b: Ogerpon|0 fnt\n|faint|p2b: Ogerpon\n|move|p2a: Diancie|Body Press|p1a: Roaring Moon\n|-resisted|p1a: Roaring Moon\n|-damage|p1a: Roaring Moon|79\/100\n|\n|upkeep\n|\n|t:|1699651972\n|switch|p2b: Torkoal|Torkoal, F|100\/100\n|-weather|SunnyDay|[from] ability: Drought|[of] p2b: Torkoal\n|turn|2\n|\n|t:|1699651979\n|move|p1a: Roaring Moon|Acrobatics|p2b: Torkoal\n|-damage|p2b: Torkoal|35\/100\n|move|p1b: Tornadus|Bleakwind Storm|p2a: Diancie|[spread] p2a,p2b\n|-resisted|p2a: Diancie\n|-damage|p2a: Diancie|86\/100\n|-damage|p2b: Torkoal|0 fnt\n|faint|p2b: Torkoal\n|move|p2a: Diancie|Iron Defense|p2a: Diancie\n|-boost|p2a: Diancie|def|2\n|\n|-weather|SunnyDay|[upkeep]\n|-heal|p2a: Diancie|92\/100|[from] item: Leftovers\n|upkeep\n|\n|t:|1699651995\n|switch|p2b: Kommo-o|Kommo-o, M|100\/100\n|turn|3\n|\n|t:|1699652002\n|move|p2b: Kommo-o|Protect|p2b: Kommo-o\n|-singleturn|p2b: Kommo-o|Protect\n|move|p1a: Roaring Moon|Acrobatics|p2b: Kommo-o\n|-activate|p2b: Kommo-o|move: Protect\n|move|p1b: Tornadus|Bleakwind Storm|p2a: Diancie|[spread] p2a\n|-activate|p2b: Kommo-o|move: Protect\n|-resisted|p2a: Diancie\n|-damage|p2a: Diancie|77\/100\n|move|p2a: Diancie|Amnesia|p2a: Diancie\n|-boost|p2a: Diancie|spd|2\n|\n|-weather|SunnyDay|[upkeep]\n|-heal|p2a: Diancie|84\/100|[from] item: Leftovers\n|upkeep\n|turn|4\n|\n|t:|1699652014\n|switch|p2b: Rillaboom|Rillaboom, M, shiny|100\/100\n|-fieldstart|move: Grassy Terrain|[from] ability: Grassy Surge|[of] p2b: Rillaboom\n|move|p1a: Roaring Moon|Acrobatics|p2b: Rillaboom\n|-supereffective|p2b: Rillaboom\n|-damage|p2b: Rillaboom|0 fnt\n|faint|p2b: Rillaboom\n|move|p1b: Tornadus|Bleakwind Storm|p2a: Diancie\n|-resisted|p2a: Diancie\n|-damage|p2a: Diancie|73\/100\n|move|p2a: Diancie|Amnesia|p2a: Diancie\n|-boost|p2a: Diancie|spd|2\n|\n|-weather|SunnyDay|[upkeep]\n|-heal|p2a: Diancie|79\/100|[from] Grassy Terrain\n|-heal|p2a: Diancie|85\/100|[from] item: Leftovers\n|-sideend|p1: Ravvenn98|move: Tailwind\n|upkeep\n|\n|t:|1699652024\n|switch|p2b: Cresselia|Cresselia, F|100\/100\n|turn|5\n|\n|t:|1699652030\n|move|p2b: Cresselia|Ally Switch|p2b: Cresselia\n|swap|p2b: Cresselia|0|[from] move: Ally Switch\n|move|p1b: Tornadus|Tailwind|p1b: Tornadus\n|-sidestart|p1: Ravvenn98|move: Tailwind\n|move|p1a: Roaring Moon|Crunch|p2b: Diancie\n|-resisted|p2b: Diancie\n|-damage|p2b: Diancie|75\/100\n|move|p2b: Diancie|Iron Defense|p2b: Diancie\n|-boost|p2b: Diancie|def|2\n|\n|-weather|SunnyDay|[upkeep]\n|-heal|p2b: Diancie|81\/100|[from] Grassy Terrain\n|-heal|p2b: Diancie|87\/100|[from] item: Leftovers\n|upkeep\n|turn|6\n|\n|t:|1699652049\n|move|p2a: Cresselia|Ally Switch||[still]\n|-fail|p2a: Cresselia\n|move|p1a: Roaring Moon|Crunch|p2a: Cresselia\n|-supereffective|p2a: Cresselia\n|-damage|p2a: Cresselia|17\/100\n|-unboost|p2a: Cresselia|def|1\n|move|p1b: Tornadus|Bleakwind Storm|p2b: Diancie|[spread] p2a,p2b\n|-resisted|p2b: Diancie\n|-damage|p2a: Cresselia|0 fnt\n|-damage|p2b: Diancie|82\/100\n|faint|p2a: Cresselia\n|move|p2b: Diancie|Iron Defense|p2b: Diancie\n|-boost|p2b: Diancie|def|2\n|\n|-weather|SunnyDay|[upkeep]\n|-heal|p2b: Diancie|88\/100|[from] Grassy Terrain\n|-heal|p2b: Diancie|94\/100|[from] item: Leftovers\n|upkeep\n|\n|t:|1699652052\n|switch|p2a: Kommo-o|Kommo-o, M|100\/100\n|turn|7\n|\n|t:|1699652060\n|move|p2a: Kommo-o|Protect|p2a: Kommo-o\n|-singleturn|p2a: Kommo-o|Protect\n|move|p1a: Roaring Moon|Acrobatics|p2a: Kommo-o\n|-activate|p2a: Kommo-o|move: Protect\n|move|p1b: Tornadus|Bleakwind Storm|p2b: Diancie|[spread] p2b\n|-activate|p2a: Kommo-o|move: Protect\n|-resisted|p2b: Diancie\n|-damage|p2b: Diancie|89\/100\n|move|p2b: Diancie|Body Press|p1a: Roaring Moon\n|-resisted|p1a: Roaring Moon\n|-damage|p1a: Roaring Moon|0 fnt\n|faint|p1a: Roaring Moon\n|-end|p1a: Roaring Moon|Protosynthesis|[silent]\n|\n|-weather|SunnyDay|[upkeep]\n|-heal|p2b: Diancie|95\/100|[from] Grassy Terrain\n|-heal|p2b: Diancie|100\/100|[from] item: Leftovers\n|upkeep\n|\n|t:|1699652063\n|switch|p1a: Gholdengo|Gholdengo|100\/100\n|turn|8\n|\n|t:|1699652074\n|-terastallize|p2a: Kommo-o|Steel\n|move|p1b: Tornadus|Bleakwind Storm|p2a: Kommo-o|[spread] p2a,p2b\n|-resisted|p2a: Kommo-o\n|-resisted|p2b: Diancie\n|-damage|p2a: Kommo-o|81\/100\n|-damage|p2b: Diancie|96\/100\n|-unboost|p2a: Kommo-o|spe|1\n|move|p1a: Gholdengo|Flash Cannon|p2b: Diancie\n|-supereffective|p2b: Diancie\n|-damage|p2b: Diancie|46\/100\n|move|p2a: Kommo-o|Clangorous Soul|p2a: Kommo-o\n|-boost|p2a: Kommo-o|atk|1\n|-boost|p2a: Kommo-o|def|1\n|-boost|p2a: Kommo-o|spa|1\n|-boost|p2a: Kommo-o|spd|1\n|-boost|p2a: Kommo-o|spe|1\n|-damage|p2a: Kommo-o|48\/100\n|move|p2b: Diancie|Body Press|p1b: Tornadus\n|-resisted|p1b: Tornadus\n|-damage|p1b: Tornadus|1\/100\n|\n|-weather|SunnyDay|[upkeep]\n|-heal|p2a: Kommo-o|55\/100|[from] Grassy Terrain\n|-heal|p2a: Kommo-o|61\/100|[from] item: Leftovers\n|-heal|p2b: Diancie|52\/100|[from] Grassy Terrain\n|-heal|p2b: Diancie|58\/100|[from] item: Leftovers\n|-sideend|p1: Ravvenn98|move: Tailwind\n|upkeep\n|turn|9\n|\n|t:|1699652101\n|move|p1b: Tornadus|Tailwind|p1b: Tornadus\n|-sidestart|p1: Ravvenn98|move: Tailwind\n|move|p1a: Gholdengo|Flash Cannon|p2b: Diancie\n|-supereffective|p2b: Diancie\n|-damage|p2b: Diancie|12\/100\n|move|p2a: Kommo-o|Ice Punch|p1a: Gholdengo\n|-resisted|p1a: Gholdengo\n|-damage|p1a: Gholdengo|79\/100\n|move|p2b: Diancie|Amnesia|p2b: Diancie\n|-boost|p2b: Diancie|spd|2\n|\n|-weather|none\n|-heal|p1a: Gholdengo|85\/100|[from] Grassy Terrain\n|-heal|p2a: Kommo-o|67\/100|[from] Grassy Terrain\n|-heal|p2a: Kommo-o|73\/100|[from] item: Leftovers\n|-heal|p2b: Diancie|18\/100|[from] Grassy Terrain\n|-heal|p2b: Diancie|24\/100|[from] item: Leftovers\n|upkeep\n|turn|10\n|\n|t:|1699652113\n|move|p1b: Tornadus|Bleakwind Storm|p2a: Kommo-o|[spread] p2a,p2b\n|-resisted|p2a: Kommo-o\n|-resisted|p2b: Diancie\n|-damage|p2a: Kommo-o|61\/100\n|-damage|p2b: Diancie|20\/100\n|move|p1a: Gholdengo|Flash Cannon|p2b: Diancie\n|-supereffective|p2b: Diancie\n|-damage|p2b: Diancie|0 fnt\n|faint|p2b: Diancie\n|move|p2a: Kommo-o|Clangorous Soul|p2a: Kommo-o\n|-boost|p2a: Kommo-o|atk|1\n|-boost|p2a: Kommo-o|def|1\n|-boost|p2a: Kommo-o|spa|1\n|-boost|p2a: Kommo-o|spd|1\n|-boost|p2a: Kommo-o|spe|1\n|-damage|p2a: Kommo-o|28\/100\n|\n|-heal|p1a: Gholdengo|91\/100|[from] Grassy Terrain\n|-heal|p2a: Kommo-o|35\/100|[from] Grassy Terrain\n|-heal|p2a: Kommo-o|41\/100|[from] item: Leftovers\n|upkeep\n|turn|11\n|\n|t:|1699652125\n|move|p2a: Kommo-o|Protect|p2a: Kommo-o\n|-singleturn|p2a: Kommo-o|Protect\n|move|p1b: Tornadus|Bleakwind Storm|p2a: Kommo-o\n|-activate|p2a: Kommo-o|move: Protect\n|move|p1a: Gholdengo|Shadow Ball|p2a: Kommo-o\n|-activate|p2a: Kommo-o|move: Protect\n|\n|-heal|p1a: Gholdengo|97\/100|[from] Grassy Terrain\n|-heal|p2a: Kommo-o|47\/100|[from] Grassy Terrain\n|-heal|p2a: Kommo-o|53\/100|[from] item: Leftovers\n|-fieldend|move: Grassy Terrain\n|upkeep\n|turn|12\n|\n|t:|1699652130\n|move|p1b: Tornadus|Bleakwind Storm|p2a: Kommo-o\n|-resisted|p2a: Kommo-o\n|-damage|p2a: Kommo-o|40\/100\n|move|p1a: Gholdengo|Shadow Ball|p2a: Kommo-o\n|-damage|p2a: Kommo-o|15\/100\n|-unboost|p2a: Kommo-o|spd|1\n|move|p2a: Kommo-o|Drain Punch|p1b: Tornadus\n|-resisted|p1b: Tornadus\n|-damage|p1b: Tornadus|0 fnt\n|-heal|p2a: Kommo-o|16\/100|[from] drain|[of] p1b: Tornadus\n|faint|p1b: Tornadus\n|\n|-heal|p2a: Kommo-o|22\/100|[from] item: Leftovers\n|-sideend|p1: Ravvenn98|move: Tailwind\n|upkeep\n|\n|t:|1699652138\n|switch|p1b: Kingambit|Kingambit, F|100\/100\n|-activate|p1b: Kingambit|ability: Supreme Overlord\n|-start|p1b: Kingambit|fallen2|[silent]\n|turn|13\n|\n|t:|1699652142\n|move|p1b: Kingambit|Sucker Punch|p2a: Kommo-o\n|-crit|p2a: Kommo-o\n|-damage|p2a: Kommo-o|0 fnt\n|faint|p2a: Kommo-o\n|\n|win|Ravvenn98\n|raw|Ravvenn98's rating: 1436 &rarr; <strong>1461<\/strong><br \/>(+25 for winning)\n|raw|elpape's rating: 1520 &rarr; <strong>1495<\/strong><br \/>(-25 for losing)\n","uploadtime":1699652151,"views":8,"p1id":"ravvenn98","p2id":"elpape","formatid":"gen9doublesou","rating":1461,"private":0,"password":""}