{"id":"gen9doublesou-1997668587","p1":"voltiix","p2":"MajorBowman","format":"[Gen 9] Doubles OU","log":"|j|\u2606voltiix\n|j|\u2606MajorBowman\n|t:|1700839709\n|gametype|doubles\n|player|p1|voltiix|#lcwlblueeyeswhitebagons|\n|player|p2|MajorBowman|#majorbowman|\n|teamsize|p1|6\n|teamsize|p2|6\n|gen|9\n|tier|[Gen 9] Doubles OU\n|rule|Species Clause: Limit one of each Pok\u00e9mon\n|rule|OHKO Clause: OHKO moves are banned\n|rule|Evasion Moves Clause: Evasion moves are banned\n|rule|Gravity Sleep Clause: The combination of sleep-inducing moves with imperfect accuracy and Gravity or Gigantamax Orbeetle are banned\n|rule|Endless Battle Clause: Forcing endless battles is banned\n|rule|HP Percentage Mod: HP is shown in percentages\n|clearpoke\n|poke|p1|Landorus-Therian, M|\n|poke|p1|Cresselia, F|\n|poke|p1|Iron Hands|\n|poke|p1|Glastrier|\n|poke|p1|Flutter Mane|\n|poke|p1|Ogerpon-Hearthflame, F|\n|poke|p2|Arcanine-Hisui, M|\n|poke|p2|Rillaboom, F|\n|poke|p2|Tornadus, M|\n|poke|p2|Ogerpon-Wellspring, F|\n|poke|p2|Chien-Pao|\n|poke|p2|Gholdengo|\n|teampreview\n|c|\u2606voltiix|hf\n|c|\u2606MajorBowman|you too\n|c|\u2606MajorBowman|can you do \/publicroom\n|c|\u2606voltiix|oops\n|c|\u2606voltiix|\/log voltiix made this room public.\n|c|\u2606voltiix|done\n|c|\u2606MajorBowman|ty\n|j|+talkingtree\n|j| a spiffy spaceman\n|j| vive emilie\n|j| Givrix\n|j| frania\n|\n|t:|1700839878\n|start\n|switch|p1a: Landorus|Landorus-Therian, M|100\/100\n|switch|p1b: Iron Hands|Iron Hands|100\/100\n|switch|p2a: Tornadus|Tornadus, M|100\/100\n|switch|p2b: Gholdengo|Gholdengo|100\/100\n|-ability|p1a: Landorus|Intimidate|boost\n|-unboost|p2a: Tornadus|atk|1\n|-unboost|p2b: Gholdengo|atk|1\n|turn|1\n|c| frania|gl king\n|j| Doug Gimmighoul\n|j| qsns\n|inactive|Battle timer is ON: inactive players will automatically lose when time's up. (requested by MajorBowman)\n|l| qsns\n|inactive|voltiix has 270 seconds left.\n|\n|t:|1700840007\n|-terastallize|p2b: Gholdengo|Steel\n|move|p2a: Tornadus|Tailwind|p2a: Tornadus\n|-sidestart|p2: MajorBowman|move: Tailwind\n|move|p2b: Gholdengo|Make It Rain|p1b: Iron Hands|[spread] p1a,p1b\n|-resisted|p1b: Iron Hands\n|-damage|p1a: Landorus|0 fnt\n|-damage|p1b: Iron Hands|75\/100\n|-unboost|p2b: Gholdengo|spa|1\n|faint|p1a: Landorus\n|move|p1b: Iron Hands|Wild Charge|p2a: Tornadus\n|-supereffective|p2a: Tornadus\n|-damage|p2a: Tornadus|1\/100\n|-damage|p1b: Iron Hands|55\/100|[from] Recoil\n|\n|upkeep\n|\n|t:|1700840022\n|switch|p1a: Cresselia|Cresselia, F|100\/100\n|turn|2\n|\n|t:|1700840042\n|switch|p2b: Rillaboom|Rillaboom, F|100\/100\n|-fieldstart|move: Grassy Terrain|[from] ability: Grassy Surge|[of] p2b: Rillaboom\n|move|p2a: Tornadus|Taunt|p1a: Cresselia\n|-start|p1a: Cresselia|move: Taunt\n|-enditem|p1a: Cresselia|Mental Herb\n|-end|p1a: Cresselia|move: Taunt\n|move|p1b: Iron Hands|Close Combat|p2b: Rillaboom\n|-damage|p2b: Rillaboom|35\/100\n|-unboost|p1b: Iron Hands|def|1\n|-unboost|p1b: Iron Hands|spd|1\n|move|p1a: Cresselia|Trick Room|p1a: Cresselia\n|-fieldstart|move: Trick Room|[of] p1a: Cresselia\n|\n|-heal|p1b: Iron Hands|62\/100|[from] Grassy Terrain\n|-heal|p2b: Rillaboom|41\/100|[from] Grassy Terrain\n|upkeep\n|turn|3\n|inactive|voltiix has 270 seconds left.\n|inactive|MajorBowman has 270 seconds left.\n|inactive|voltiix has 240 seconds left.\n|j| big pichu\n|\n|t:|1700840105\n|-end|p1b: Iron Hands|Quark Drive|[silent]\n|switch|p1b: Glastrier|Glastrier|100\/100\n|switch|p2b: Arcanine|Arcanine-Hisui, M|100\/100\n|-ability|p2b: Arcanine|Intimidate|boost\n|-unboost|p1a: Cresselia|atk|1\n|-fail|p1b: Glastrier|unboost|[from] item: Clear Amulet|[of] p1b: Glastrier\n|move|p2a: Tornadus|Rain Dance|p2a: Tornadus\n|-weather|RainDance\n|move|p1a: Cresselia|Ice Beam|p2b: Arcanine\n|-resisted|p2b: Arcanine\n|-damage|p2b: Arcanine|92\/100\n|\n|-weather|RainDance|[upkeep]\n|-heal|p2b: Arcanine|98\/100|[from] Grassy Terrain\n|upkeep\n|turn|4\n|j| qsns\n|inactive|MajorBowman has 270 seconds left.\n|inactive|voltiix has 240 seconds left.\n|\n|t:|1700840131\n|switch|p2a: Gholdengo|Gholdengo, tera:Steel|100\/100\n|switch|p2b: Rillaboom|Rillaboom, F|41\/100\n|move|p1b: Glastrier|High Horsepower|p2b: Rillaboom\n|-resisted|p2b: Rillaboom\n|-damage|p2b: Rillaboom|26\/100\n|move|p1a: Cresselia|Ice Beam|p2a: Gholdengo\n|-resisted|p2a: Gholdengo\n|-damage|p2a: Gholdengo|92\/100\n|\n|-weather|RainDance|[upkeep]\n|-heal|p2b: Rillaboom|32\/100|[from] Grassy Terrain\n|-heal|p2a: Gholdengo|98\/100|[from] Grassy Terrain\n|-sideend|p2: MajorBowman|move: Tailwind\n|upkeep\n|turn|5\n|l| qsns\n|inactive|voltiix has 240 seconds left.\n|inactive|MajorBowman has 270 seconds left.\n|inactive|voltiix has 210 seconds left.\n|inactive|voltiix has 180 seconds left.\n|inactive|voltiix has 150 seconds left.\n|\n|t:|1700840247\n|-terastallize|p1b: Glastrier|Ghost\n|move|p1a: Cresselia|Helping Hand|p1b: Glastrier\n|-singleturn|p1b: Glastrier|Helping Hand|[of] p1a: Cresselia\n|move|p2b: Rillaboom|Fake Out|p1a: Cresselia\n|-damage|p1a: Cresselia|92\/100\n|move|p1b: Glastrier|High Horsepower|p2a: Gholdengo\n|-supereffective|p2a: Gholdengo\n|-damage|p2a: Gholdengo|0 fnt\n|faint|p2a: Gholdengo\n|-ability|p1b: Glastrier|Chilling Neigh|boost\n|-boost|p1b: Glastrier|atk|1\n|\n|-weather|RainDance|[upkeep]\n|-heal|p2b: Rillaboom|38\/100|[from] Grassy Terrain\n|upkeep\n|inactive|MajorBowman has 270 seconds left.\n|\n|t:|1700840257\n|switch|p2a: Chien-Pao|Chien-Pao|100\/100\n|-ability|p2a: Chien-Pao|Sword of Ruin\n|turn|6\n|inactive|voltiix has 150 seconds left.\n|inactive|MajorBowman has 270 seconds left.\n|inactive|voltiix has 120 seconds left.\n|\n|t:|1700840327\n|switch|p1a: Ogerpon|Ogerpon-Hearthflame, F|100\/100\n|-ability|p1a: Ogerpon|Mold Breaker\n|switch|p2b: Arcanine|Arcanine-Hisui, M|98\/100\n|-ability|p2b: Arcanine|Intimidate|boost\n|-unboost|p1a: Ogerpon|atk|1\n|-fail|p1b: Glastrier|unboost|[from] item: Clear Amulet|[of] p1b: Glastrier\n|move|p2a: Chien-Pao|Sucker Punch||[still]\n|-fail|p2a: Chien-Pao\n|move|p1b: Glastrier|Swords Dance|p1b: Glastrier\n|-boost|p1b: Glastrier|atk|2\n|\n|-weather|RainDance|[upkeep]\n|-heal|p2b: Arcanine|100\/100|[from] Grassy Terrain\n|-fieldend|move: Trick Room\n|-fieldend|move: Grassy Terrain\n|upkeep\n|turn|7\n|j| The JRL\n|inactive|voltiix has 120 seconds left.\n|\n|t:|1700840353\n|move|p1a: Ogerpon|Follow Me|p1a: Ogerpon\n|-singleturn|p1a: Ogerpon|move: Follow Me\n|move|p2a: Chien-Pao|Sucker Punch||[still]\n|-fail|p2a: Chien-Pao\n|move|p2b: Arcanine|Rock Slide|p1b: Glastrier|[spread] p1a,p1b\n|-supereffective|p1a: Ogerpon\n|-damage|p1a: Ogerpon|44\/100\n|-damage|p1b: Glastrier|80\/100\n|move|p1b: Glastrier|High Horsepower|p2b: Arcanine\n|-supereffective|p2b: Arcanine\n|-damage|p2b: Arcanine|0 fnt\n|faint|p2b: Arcanine\n|-ability|p1b: Glastrier|Chilling Neigh|boost\n|-boost|p1b: Glastrier|atk|1\n|\n|-weather|none\n|upkeep\n|inactive|MajorBowman has 240 seconds left.\n|\n|t:|1700840371\n|switch|p2b: Ogerpon|Ogerpon-Wellspring, F|100\/100\n|turn|8\n|inactive|MajorBowman has 240 seconds left.\n|\n|t:|1700840395\n|move|p1a: Ogerpon|Follow Me|p1a: Ogerpon\n|-singleturn|p1a: Ogerpon|move: Follow Me\n|move|p2a: Chien-Pao|Icicle Crash|p1a: Ogerpon|[miss]\n|-miss|p2a: Chien-Pao|p1a: Ogerpon\n|move|p2b: Ogerpon|Swords Dance|p2b: Ogerpon\n|-boost|p2b: Ogerpon|atk|2\n|move|p1b: Glastrier|Icicle Crash|p2b: Ogerpon\n|-damage|p2b: Ogerpon|0 fnt\n|faint|p2b: Ogerpon\n|-ability|p1b: Glastrier|Chilling Neigh|boost\n|-boost|p1b: Glastrier|atk|1\n|\n|upkeep\n|inactive|MajorBowman has 240 seconds left.\n|\n|t:|1700840411\n|switch|p2b: Tornadus|Tornadus, M|1\/100\n|turn|9\n|inactive|voltiix has 150 seconds left.\n|inactive|voltiix has 120 seconds left.\n|inactive|voltiix has 90 seconds left.\n|\n|t:|1700840496\n|move|p1a: Ogerpon|Follow Me|p1a: Ogerpon\n|-singleturn|p1a: Ogerpon|move: Follow Me\n|move|p2a: Chien-Pao|Sucker Punch||[still]\n|-fail|p2a: Chien-Pao\n|move|p2b: Tornadus|Bleakwind Storm|p1b: Glastrier|[spread] p1a,p1b\n|-supereffective|p1a: Ogerpon\n|-damage|p1a: Ogerpon|0 fnt\n|-damage|p1b: Glastrier|61\/100\n|faint|p1a: Ogerpon\n|move|p1b: Glastrier|High Horsepower|p2a: Chien-Pao\n|-damage|p2a: Chien-Pao|0 fnt\n|faint|p2a: Chien-Pao\n|-ability|p1b: Glastrier|Chilling Neigh|boost\n|-boost|p1b: Glastrier|atk|1\n|\n|upkeep\n|inactive|voltiix has 90 seconds left.\n|inactive|MajorBowman has 270 seconds left.\n|\n|t:|1700840514\n|switch|p2a: Rillaboom|Rillaboom, F|38\/100\n|switch|p1a: Flutter Mane|Flutter Mane|100\/100\n|-fieldstart|move: Grassy Terrain|[from] ability: Grassy Surge|[of] p2a: Rillaboom\n|-enditem|p1a: Flutter Mane|Booster Energy\n|-activate|p1a: Flutter Mane|ability: Protosynthesis|[fromitem]\n|-start|p1a: Flutter Mane|protosynthesisspe\n|turn|10\n|\n|t:|1700840526\n|move|p2b: Tornadus|Tailwind|p2b: Tornadus\n|-sidestart|p2: MajorBowman|move: Tailwind\n|move|p1a: Flutter Mane|Moonblast|p2b: Tornadus\n|-damage|p2b: Tornadus|0 fnt\n|faint|p2b: Tornadus\n|move|p2a: Rillaboom|Wood Hammer|p1b: Glastrier\n|-damage|p1b: Glastrier|0 fnt\n|faint|p1b: Glastrier\n|-damage|p2a: Rillaboom|18\/100|[from] Recoil\n|\n|-heal|p2a: Rillaboom|24\/100|[from] Grassy Terrain\n|upkeep\n|l| Doug Gimmighoul\n|\n|t:|1700840534\n|switch|p1b: Iron Hands|Iron Hands|62\/100\n|turn|11\n|inactive|voltiix has 120 seconds left.\n|\n|t:|1700840539\n|move|p2a: Rillaboom|Fake Out||[still]\n|-hint|Fake Out only works on your first turn out.\n|-fail|p2a: Rillaboom\n|move|p1a: Flutter Mane|Moonblast|p2a: Rillaboom\n|-damage|p2a: Rillaboom|0 fnt\n|faint|p2a: Rillaboom\n|\n|win|voltiix\n|c|\u2606voltiix|gg\n|c|\u2606MajorBowman|gg\n|l| The JRL\n|j|+Frixel\n|l| a spiffy spaceman\n","uploadtime":1700840550,"views":62,"p1id":"voltiix","p2id":"majorbowman","formatid":"gen9doublesou","rating":0,"private":0,"password":""}