{"id":"gen9doublesou-1983630741","p1":"moomoomilkers00","p2":"garref","format":"[Gen 9] Doubles OU","log":"|j|\u2606moomoomilkers00\n|j|\u2606garref\n|t:|1699151560\n|gametype|doubles\n|player|p1|moomoomilkers00|169|1377\n|player|p2|garref|169|1280\n|teamsize|p1|6\n|teamsize|p2|6\n|gen|9\n|tier|[Gen 9] Doubles OU\n|rated|\n|rule|Species Clause: Limit one of each Pok\u00e9mon\n|rule|OHKO Clause: OHKO moves are banned\n|rule|Evasion Moves Clause: Evasion moves are banned\n|rule|Gravity Sleep Clause: The combination of sleep-inducing moves with imperfect accuracy and Gravity or Gigantamax Orbeetle are banned\n|rule|Endless Battle Clause: Forcing endless battles is banned\n|rule|HP Percentage Mod: HP is shown in percentages\n|clearpoke\n|poke|p1|Munkidori, M|\n|poke|p1|Arcanine-Hisui, M|\n|poke|p1|Moltres-Galar|\n|poke|p1|Milotic, F|\n|poke|p1|Sinistcha-Masterpiece|\n|poke|p1|Grimmsnarl, M|\n|poke|p2|Empoleon, M|\n|poke|p2|Garganacl, F|\n|poke|p2|Tornadus, M|\n|poke|p2|Cresselia, F|\n|poke|p2|Dragapult, M|\n|poke|p2|Heatran, F|\n|teampreview\n|inactive|Battle timer is ON: inactive players will automatically lose when time's up. (requested by moomoomilkers00)\n|\n|t:|1699151584\n|start\n|switch|p1a: Munkidori|Munkidori, M|100\/100\n|switch|p1b: Moltres|Moltres-Galar, shiny|100\/100\n|switch|p2a: Heatran|Heatran, F|100\/100\n|switch|p2b: Tornadus|Tornadus, M|100\/100\n|turn|1\n|\n|t:|1699151606\n|move|p1a: Munkidori|Fake Out|p2a: Heatran\n|-resisted|p2a: Heatran\n|-damage|p2a: Heatran|98\/100\n|move|p2b: Tornadus|Tailwind|p2b: Tornadus\n|-sidestart|p2: garref|move: Tailwind\n|cant|p2a: Heatran|flinch\n|move|p1b: Moltres|Nasty Plot|p1b: Moltres\n|-boost|p1b: Moltres|spa|2\n|\n|upkeep\n|turn|2\n|\n|t:|1699151627\n|move|p1b: Moltres|Protect|p1b: Moltres\n|-singleturn|p1b: Moltres|Protect\n|move|p2b: Tornadus|Taunt|p1b: Moltres\n|-activate|p1b: Moltres|move: Protect\n|move|p2a: Heatran|Magma Storm|p1b: Moltres\n|-activate|p1b: Moltres|move: Protect\n|move|p1a: Munkidori|Sludge Wave|p2b: Tornadus|[spread] p2b\n|-activate|p1b: Moltres|move: Protect\n|-immune|p2a: Heatran\n|-damage|p2b: Tornadus|70\/100\n|\n|upkeep\n|turn|3\n|inactive|moomoomilkers00 has 120 seconds left.\n|\n|t:|1699151670\n|-terastallize|p1b: Moltres|Dark\n|move|p2b: Tornadus|Taunt|p1b: Moltres\n|-hint|Since gen 7, Dark is immune to Prankster moves.\n|-immune|p1b: Moltres\n|move|p2a: Heatran|Magma Storm|p1b: Moltres\n|-damage|p1b: Moltres|56\/100\n|-activate|p1b: Moltres|move: Magma Storm|[of] p2a: Heatran\n|move|p1a: Munkidori|Psychic|p2a: Heatran\n|-resisted|p2a: Heatran\n|-damage|p2a: Heatran|78\/100\n|move|p1b: Moltres|Fiery Wrath|p2a: Heatran|[spread] p2a,p2b\n|-damage|p2a: Heatran|5\/100\n|-damage|p2b: Tornadus|4\/100\n|\n|-damage|p1b: Moltres|44\/100|[from] move: Magma Storm|[partiallytrapped]\n|upkeep\n|-enditem|p1b: Moltres|Sitrus Berry|[eat]\n|-heal|p1b: Moltres|69\/100|[from] item: Sitrus Berry\n|turn|4\n|inactive|moomoomilkers00 has 120 seconds left.\n|\n|t:|1699151695\n|switch|p1a: Sinistcha|Sinistcha-Masterpiece|100\/100\n|-heal|p1b: Moltres|94\/100|[from] ability: Hospitality|[of] p1a: Sinistcha\n|move|p1b: Moltres|Protect|p1b: Moltres\n|-singleturn|p1b: Moltres|Protect\n|move|p2b: Tornadus|Bleakwind Storm|p1a: Sinistcha|[spread] p1a\n|-activate|p1b: Moltres|move: Protect\n|-supereffective|p1a: Sinistcha\n|-damage|p1a: Sinistcha|39\/100\n|move|p2a: Heatran|Earth Power|p1a: Sinistcha\n|-resisted|p1a: Sinistcha\n|-damage|p1a: Sinistcha|21\/100\n|\n|-damage|p1b: Moltres|81\/100|[from] move: Magma Storm|[partiallytrapped]\n|-sideend|p2: garref|move: Tailwind\n|upkeep\n|turn|5\n|inactive|moomoomilkers00 has 120 seconds left.\n|\n|t:|1699151718\n|move|p2b: Tornadus|Tailwind|p2b: Tornadus\n|-sidestart|p2: garref|move: Tailwind\n|move|p2a: Heatran|Flash Cannon|p1b: Moltres\n|-damage|p1b: Moltres|44\/100\n|-ability|p1b: Moltres|Berserk|boost\n|-boost|p1b: Moltres|spa|1\n|move|p1b: Moltres|Fiery Wrath|p2b: Tornadus|[spread] p2a,p2b\n|-damage|p2a: Heatran|0 fnt\n|-damage|p2b: Tornadus|0 fnt\n|faint|p2a: Heatran\n|faint|p2b: Tornadus\n|move|p1a: Sinistcha|Trick Room|p1a: Sinistcha\n|-fieldstart|move: Trick Room|[of] p1a: Sinistcha\n|\n|-end|p1b: Moltres|Magma Storm|[partiallytrapped]|[silent]\n|upkeep\n|inactive|garref has 120 seconds left.\n|\n|t:|1699151738\n|switch|p2a: Cresselia|Cresselia, F|100\/100\n|switch|p2b: Garganacl|Garganacl, F|100\/100\n|turn|6\n|inactive|moomoomilkers00 has 120 seconds left.\n|\n|t:|1699151765\n|-terastallize|p2b: Garganacl|Electric\n|move|p1b: Moltres|Protect|p1b: Moltres\n|-singleturn|p1b: Moltres|Protect\n|move|p2a: Cresselia|Protect|p2a: Cresselia\n|-singleturn|p2a: Cresselia|Protect\n|move|p1a: Sinistcha|Life Dew|p1a: Sinistcha|[spread] p1a,p1b\n|-heal|p1a: Sinistcha|46\/100\n|-heal|p1b: Moltres|70\/100\n|move|p2b: Garganacl|Salt Cure|p1b: Moltres\n|-activate|p1b: Moltres|move: Protect\n|\n|upkeep\n|turn|7\n|\n|t:|1699151784\n|move|p2a: Cresselia|Helping Hand|p2b: Garganacl\n|-singleturn|p2b: Garganacl|Helping Hand|[of] p2a: Cresselia\n|move|p1a: Sinistcha|Rage Powder|p1a: Sinistcha\n|-singleturn|p1a: Sinistcha|move: Rage Powder\n|move|p2b: Garganacl|Salt Cure|p1a: Sinistcha\n|-damage|p1a: Sinistcha|29\/100\n|-start|p1a: Sinistcha|Salt Cure\n|move|p1b: Moltres|Fiery Wrath|p2b: Garganacl|[spread] p2a,p2b\n|-supereffective|p2a: Cresselia\n|-damage|p2a: Cresselia|0 fnt\n|-damage|p2b: Garganacl|28\/100\n|faint|p2a: Cresselia\n|\n|-heal|p2b: Garganacl|34\/100|[from] item: Leftovers\n|-damage|p1a: Sinistcha|16\/100|[from] Salt Cure\n|upkeep\n|inactive|garref has 120 seconds left.\n|\n|t:|1699151811\n|switch|p2a: Dragapult|Dragapult, M|100\/100\n|turn|8\n|inactive|garref has 120 seconds left.\n|inactive|moomoomilkers00 has 120 seconds left.\n|\n|t:|1699151843\n|move|p1b: Moltres|Protect|p1b: Moltres\n|-singleturn|p1b: Moltres|Protect\n|move|p1a: Sinistcha|Matcha Gotcha|p2b: Garganacl|[spread] p2a,p2b\n|-resisted|p2a: Dragapult\n|-damage|p2a: Dragapult|83\/100\n|-heal|p1a: Sinistcha|24\/100|[from] drain|[of] p2a: Dragapult\n|-damage|p2b: Garganacl|18\/100\n|-heal|p1a: Sinistcha|34\/100|[from] drain|[of] p2b: Garganacl\n|-status|p2a: Dragapult|brn\n|move|p2b: Garganacl|Salt Cure|p1b: Moltres\n|-activate|p1b: Moltres|move: Protect\n|move|p2a: Dragapult|Phantom Force||[still]\n|-prepare|p2a: Dragapult|Phantom Force\n|-enditem|p2a: Dragapult|Power Herb\n|-anim|p2a: Dragapult|Phantom Force|p1b: Moltres\n|-activate|p1b: Moltres|move: Phantom Force|[broken]\n|-resisted|p1b: Moltres\n|-damage|p1b: Moltres|58\/100\n|\n|-heal|p2b: Garganacl|24\/100|[from] item: Leftovers\n|-damage|p2a: Dragapult|77\/100 brn|[from] brn\n|-damage|p1a: Sinistcha|21\/100|[from] Salt Cure\n|-sideend|p2: garref|move: Tailwind\n|upkeep\n|turn|9\n|inactive|garref has 120 seconds left.\n|\n|t:|1699151871\n|move|p2b: Garganacl|Salt Cure|p1b: Moltres\n|-damage|p1b: Moltres|45\/100\n|-start|p1b: Moltres|Salt Cure\n|-ability|p1b: Moltres|Berserk|boost\n|-boost|p1b: Moltres|spa|1\n|move|p1a: Sinistcha|Life Dew|p1a: Sinistcha|[spread] p1a,p1b\n|-heal|p1a: Sinistcha|46\/100\n|-heal|p1b: Moltres|70\/100\n|move|p1b: Moltres|Fiery Wrath|p2b: Garganacl|[spread] p2a,p2b\n|-supereffective|p2a: Dragapult\n|-damage|p2a: Dragapult|0 fnt\n|-damage|p2b: Garganacl|0 fnt\n|faint|p2a: Dragapult\n|faint|p2b: Garganacl\n|\n|-damage|p1a: Sinistcha|34\/100|[from] Salt Cure\n|-damage|p1b: Moltres|58\/100|[from] Salt Cure\n|-fieldend|move: Trick Room\n|upkeep\n|-message|garref forfeited.\n|\n|win|moomoomilkers00\n|raw|moomoomilkers00's rating: 1377 &rarr; <strong>1392<\/strong><br \/>(+15 for winning)\n|raw|garref's rating: 1280 &rarr; <strong>1262<\/strong><br \/>(-18 for losing)\n|l|\u2606garref\n","uploadtime":1699151901,"views":17,"p1id":"moomoomilkers00","p2id":"garref","formatid":"gen9doublesou","rating":1262,"private":0,"password":""}