{"id":"gen9doublesou-1990950684","p1":"Jackziezzz","p2":"ubbbber","format":"[Gen 9] Doubles OU","log":"|j|\u2606Jackziezzz\n|j|\u2606ubbbber\n|t:|1700018837\n|gametype|doubles\n|player|p1|Jackziezzz|1|1096\n|player|p2|ubbbber|n|1197\n|teamsize|p1|6\n|teamsize|p2|6\n|gen|9\n|tier|[Gen 9] Doubles OU\n|rated|\n|rule|Species Clause: Limit one of each Pok\u00e9mon\n|rule|OHKO Clause: OHKO moves are banned\n|rule|Evasion Moves Clause: Evasion moves are banned\n|rule|Gravity Sleep Clause: The combination of sleep-inducing moves with imperfect accuracy and Gravity or Gigantamax Orbeetle are banned\n|rule|Endless Battle Clause: Forcing endless battles is banned\n|rule|HP Percentage Mod: HP is shown in percentages\n|clearpoke\n|poke|p1|Ogerpon-Wellspring, F|\n|poke|p1|Landorus-Therian, M|\n|poke|p1|Regieleki|\n|poke|p1|Typhlosion-Hisui, M|\n|poke|p1|Clefairy, M|\n|poke|p1|Kingambit, M|\n|poke|p2|Arcanine, F|\n|poke|p2|Tornadus, M|\n|poke|p2|Palafin, M|\n|poke|p2|Clefairy, M|\n|poke|p2|Rillaboom, M|\n|poke|p2|Kommo-o, F|\n|teampreview\n|\n|t:|1700018854\n|start\n|switch|p1a: Regieleki|Regieleki|100\/100\n|switch|p1b: Typhlosion|Typhlosion-Hisui, M|100\/100\n|switch|p2a: Palafin|Palafin, M|100\/100\n|switch|p2b: Clefairy|Clefairy, M|100\/100\n|-item|p2a: Palafin|Choice Band|[from] ability: Frisk|[of] p1b: Typhlosion|[identify]\n|-item|p2b: Clefairy|Leftovers|[from] ability: Frisk|[of] p1b: Typhlosion|[identify]\n|turn|1\n|\n|t:|1700018877\n|detailschange|p2a: Palafin|Palafin-Hero, M\n|switch|p2a: Arcanine|Arcanine, F|100\/100\n|-ability|p2a: Arcanine|Intimidate|boost\n|-unboost|p1a: Regieleki|atk|1\n|-unboost|p1b: Typhlosion|atk|1\n|move|p2b: Clefairy|Protect|p2b: Clefairy\n|-singleturn|p2b: Clefairy|Protect\n|move|p1a: Regieleki|Thunderbolt|p2a: Arcanine\n|-damage|p2a: Arcanine|70\/100\n|move|p1b: Typhlosion|Eruption|p2a: Arcanine|[spread] p2a\n|-activate|p2b: Clefairy|move: Protect\n|-resisted|p2a: Arcanine\n|-damage|p2a: Arcanine|55\/100\n|\n|upkeep\n|turn|2\n|\n|t:|1700018894\n|move|p2b: Clefairy|Follow Me|p2b: Clefairy\n|-singleturn|p2b: Clefairy|move: Follow Me\n|move|p1a: Regieleki|Electroweb|p2a: Arcanine|[spread] p2a,p2b\n|-damage|p2a: Arcanine|43\/100\n|-damage|p2b: Clefairy|80\/100\n|-unboost|p2a: Arcanine|spe|1\n|-unboost|p2b: Clefairy|spe|1\n|-enditem|p2a: Arcanine|Sitrus Berry|[eat]\n|-heal|p2a: Arcanine|67\/100|[from] item: Sitrus Berry\n|move|p1b: Typhlosion|Eruption|p2a: Arcanine|[spread] p2a,p2b\n|-resisted|p2a: Arcanine\n|-damage|p2a: Arcanine|52\/100\n|-damage|p2b: Clefairy|32\/100\n|move|p2a: Arcanine|Snarl|p1b: Typhlosion|[spread] p1a,p1b\n|-supereffective|p1b: Typhlosion\n|-damage|p1a: Regieleki|81\/100\n|-damage|p1b: Typhlosion|76\/100\n|-unboost|p1a: Regieleki|spa|1\n|-unboost|p1b: Typhlosion|spa|1\n|\n|-heal|p2b: Clefairy|38\/100|[from] item: Leftovers\n|upkeep\n|turn|3\n|\n|t:|1700018910\n|move|p1a: Regieleki|Thunderbolt|p2a: Arcanine\n|-damage|p2a: Arcanine|34\/100\n|move|p1b: Typhlosion|Eruption|p2b: Clefairy|[spread] p2a,p2b\n|-resisted|p2a: Arcanine\n|-damage|p2a: Arcanine|26\/100\n|-damage|p2b: Clefairy|13\/100\n|move|p2a: Arcanine|Snarl|p1a: Regieleki|[spread] p1a,p1b\n|-supereffective|p1b: Typhlosion\n|-damage|p1a: Regieleki|63\/100\n|-damage|p1b: Typhlosion|48\/100\n|-unboost|p1a: Regieleki|spa|1\n|-unboost|p1b: Typhlosion|spa|1\n|move|p2b: Clefairy|Heal Pulse|p2a: Arcanine\n|-heal|p2a: Arcanine|76\/100\n|\n|-heal|p2b: Clefairy|19\/100|[from] item: Leftovers\n|upkeep\n|turn|4\n|\n|t:|1700018936\n|switch|p1b: Landorus|Landorus-Therian, M|100\/100\n|-ability|p1b: Landorus|Intimidate|boost\n|-unboost|p2a: Arcanine|atk|1\n|-unboost|p2b: Clefairy|atk|1\n|switch|p2b: Kommo-o|Kommo-o, F|100\/100\n|move|p1a: Regieleki|Protect|p1a: Regieleki\n|-singleturn|p1a: Regieleki|Protect\n|move|p2a: Arcanine|Snarl|p1a: Regieleki|[spread] p1b\n|-activate|p1a: Regieleki|move: Protect\n|-damage|p1b: Landorus|91\/100\n|-unboost|p1b: Landorus|spa|1\n|\n|upkeep\n|turn|5\n|\n|t:|1700018963\n|switch|p2a: Rillaboom|Rillaboom, M|100\/100\n|-fieldstart|move: Grassy Terrain|[from] ability: Grassy Surge|[of] p2a: Rillaboom\n|-terastallize|p1a: Regieleki|Ice\n|-terastallize|p2b: Kommo-o|Steel\n|move|p1a: Regieleki|Tera Blast|p2b: Kommo-o|[anim] Tera Blast Ice\n|-resisted|p2b: Kommo-o\n|-damage|p2b: Kommo-o|95\/100\n|move|p1b: Landorus|Stomping Tantrum|p2a: Rillaboom\n|-resisted|p2a: Rillaboom\n|-damage|p2a: Rillaboom|77\/100\n|move|p2b: Kommo-o|Iron Defense|p2b: Kommo-o\n|-boost|p2b: Kommo-o|def|2\n|\n|-heal|p1a: Regieleki|69\/100|[from] Grassy Terrain\n|-heal|p2a: Rillaboom|83\/100|[from] Grassy Terrain\n|-heal|p2b: Kommo-o|100\/100|[from] Grassy Terrain\n|upkeep\n|turn|6\n|\n|t:|1700018985\n|switch|p1b: Typhlosion|Typhlosion-Hisui, M|48\/100\n|-item|p2a: Rillaboom|Assault Vest|[from] ability: Frisk|[of] p1b: Typhlosion|[identify]\n|-item|p2b: Kommo-o|Leftovers|[from] ability: Frisk|[of] p1b: Typhlosion|[identify]\n|move|p2a: Rillaboom|Fake Out|p1b: Typhlosion\n|-immune|p1b: Typhlosion\n|move|p1a: Regieleki|Tera Blast|p2a: Rillaboom|[anim] Tera Blast Ice\n|-supereffective|p2a: Rillaboom\n|-damage|p2a: Rillaboom|49\/100\n|move|p2b: Kommo-o|Iron Defense|p2b: Kommo-o\n|-boost|p2b: Kommo-o|def|2\n|\n|-heal|p1a: Regieleki|75\/100|[from] Grassy Terrain\n|-heal|p1b: Typhlosion|54\/100|[from] Grassy Terrain\n|-heal|p2a: Rillaboom|56\/100|[from] Grassy Terrain\n|upkeep\n|turn|7\n|\n|t:|1700019012\n|switch|p2a: Clefairy|Clefairy, M|19\/100\n|move|p1a: Regieleki|Protect|p1a: Regieleki\n|-singleturn|p1a: Regieleki|Protect\n|move|p1b: Typhlosion|Eruption|p2a: Clefairy|[spread] p2a,p2b\n|-supereffective|p2b: Kommo-o\n|-damage|p2a: Clefairy|0 fnt\n|-damage|p2b: Kommo-o|71\/100\n|faint|p2a: Clefairy\n|move|p2b: Kommo-o|Iron Defense|p2b: Kommo-o\n|-boost|p2b: Kommo-o|def|2\n|\n|-heal|p1a: Regieleki|81\/100|[from] Grassy Terrain\n|-heal|p1b: Typhlosion|60\/100|[from] Grassy Terrain\n|-heal|p2b: Kommo-o|77\/100|[from] Grassy Terrain\n|-heal|p2b: Kommo-o|83\/100|[from] item: Leftovers\n|upkeep\n|\n|t:|1700019022\n|switch|p2a: Tornadus|Tornadus, M|100\/100\n|turn|8\n|\n|t:|1700019035\n|move|p2a: Tornadus|Rain Dance|p2a: Tornadus\n|-weather|RainDance\n|move|p1a: Regieleki|Thunderbolt|p2a: Tornadus\n|-supereffective|p2a: Tornadus\n|-crit|p2a: Tornadus\n|-damage|p2a: Tornadus|0 fnt\n|faint|p2a: Tornadus\n|move|p1b: Typhlosion|Eruption|p2b: Kommo-o\n|-supereffective|p2b: Kommo-o\n|-damage|p2b: Kommo-o|56\/100\n|move|p2b: Kommo-o|Body Press|p1a: Regieleki\n|-supereffective|p1a: Regieleki\n|-damage|p1a: Regieleki|0 fnt\n|faint|p1a: Regieleki\n|\n|-weather|RainDance|[upkeep]\n|-heal|p1b: Typhlosion|66\/100|[from] Grassy Terrain\n|-heal|p2b: Kommo-o|62\/100|[from] Grassy Terrain\n|-heal|p2b: Kommo-o|68\/100|[from] item: Leftovers\n|upkeep\n|\n|t:|1700019062\n|switch|p1a: Ogerpon|Ogerpon-Wellspring, F|100\/100\n|switch|p2a: Palafin|Palafin-Hero, M|100\/100\n|-activate|p2a: Palafin|ability: Zero to Hero\n|turn|9\n|\n|t:|1700019080\n|move|p2a: Palafin|Jet Punch|p1b: Typhlosion\n|-supereffective|p1b: Typhlosion\n|-damage|p1b: Typhlosion|0 fnt\n|faint|p1b: Typhlosion\n|move|p1a: Ogerpon|Horn Leech|p2a: Palafin\n|-supereffective|p2a: Palafin\n|-damage|p2a: Palafin|0 fnt\n|faint|p2a: Palafin\n|move|p2b: Kommo-o|Body Press|p1a: Ogerpon\n|-damage|p1a: Ogerpon|0 fnt\n|faint|p1a: Ogerpon\n|\n|-weather|RainDance|[upkeep]\n|-heal|p2b: Kommo-o|74\/100|[from] Grassy Terrain\n|-heal|p2b: Kommo-o|80\/100|[from] item: Leftovers\n|-fieldend|move: Grassy Terrain\n|upkeep\n|\n|t:|1700019107\n|switch|p1a: Landorus|Landorus-Therian, M|91\/100\n|switch|p2a: Rillaboom|Rillaboom, M|56\/100\n|switch|p1b: Clefairy|Clefairy, M, shiny|100\/100\n|-fieldstart|move: Grassy Terrain|[from] ability: Grassy Surge|[of] p2a: Rillaboom\n|-ability|p1a: Landorus|Intimidate|boost\n|-unboost|p2a: Rillaboom|atk|1\n|-unboost|p2b: Kommo-o|atk|1\n|turn|10\n|\n|t:|1700019130\n|move|p2a: Rillaboom|Fake Out|p1b: Clefairy\n|-damage|p1b: Clefairy|92\/100\n|cant|p1b: Clefairy|flinch\n|move|p1a: Landorus|Stomping Tantrum|p2b: Kommo-o\n|-supereffective|p2b: Kommo-o\n|-damage|p2b: Kommo-o|62\/100\n|move|p2b: Kommo-o|Body Press|p1a: Landorus\n|-resisted|p1a: Landorus\n|-damage|p1a: Landorus|48\/100\n|-enditem|p1a: Landorus|Sitrus Berry|[eat]\n|-heal|p1a: Landorus|73\/100|[from] item: Sitrus Berry\n|\n|-weather|RainDance|[upkeep]\n|-heal|p2a: Rillaboom|62\/100|[from] Grassy Terrain\n|-heal|p2b: Kommo-o|68\/100|[from] Grassy Terrain\n|-heal|p2b: Kommo-o|74\/100|[from] item: Leftovers\n|-heal|p1b: Clefairy|98\/100|[from] Grassy Terrain\n|upkeep\n|turn|11\n|\n|t:|1700019150\n|switch|p2a: Arcanine|Arcanine, F|76\/100\n|-ability|p2a: Arcanine|Intimidate|boost\n|-unboost|p1a: Landorus|atk|1\n|-unboost|p1b: Clefairy|atk|1\n|move|p2b: Kommo-o|Protect|p2b: Kommo-o\n|-singleturn|p2b: Kommo-o|Protect\n|move|p1a: Landorus|Stomping Tantrum|p2b: Kommo-o\n|-activate|p2b: Kommo-o|move: Protect\n|move|p1b: Clefairy|Heal Pulse|p1a: Landorus\n|-heal|p1a: Landorus|100\/100\n|\n|-weather|RainDance|[upkeep]\n|-heal|p2a: Arcanine|82\/100|[from] Grassy Terrain\n|-heal|p2b: Kommo-o|80\/100|[from] Grassy Terrain\n|-heal|p2b: Kommo-o|87\/100|[from] item: Leftovers\n|-heal|p1b: Clefairy|100\/100|[from] Grassy Terrain\n|upkeep\n|turn|12\n|\n|t:|1700019170\n|move|p2a: Arcanine|Helping Hand|p2b: Kommo-o\n|-singleturn|p2b: Kommo-o|Helping Hand|[of] p2a: Arcanine\n|move|p1b: Clefairy|Helping Hand|p1a: Landorus\n|-singleturn|p1a: Landorus|Helping Hand|[of] p1b: Clefairy\n|move|p1a: Landorus|Stomping Tantrum|p2b: Kommo-o\n|-supereffective|p2b: Kommo-o\n|-damage|p2b: Kommo-o|70\/100\n|move|p2b: Kommo-o|Body Press|p1a: Landorus\n|-resisted|p1a: Landorus\n|-damage|p1a: Landorus|29\/100\n|\n|-weather|none\n|-heal|p2a: Arcanine|88\/100|[from] Grassy Terrain\n|-heal|p2b: Kommo-o|76\/100|[from] Grassy Terrain\n|-heal|p2b: Kommo-o|82\/100|[from] item: Leftovers\n|upkeep\n|turn|13\n|\n|t:|1700019188\n|move|p2a: Arcanine|Helping Hand|p2b: Kommo-o\n|-singleturn|p2b: Kommo-o|Helping Hand|[of] p2a: Arcanine\n|move|p1b: Clefairy|Follow Me|p1b: Clefairy\n|-singleturn|p1b: Clefairy|move: Follow Me\n|move|p1a: Landorus|Stomping Tantrum|p2a: Arcanine\n|-supereffective|p2a: Arcanine\n|-damage|p2a: Arcanine|16\/100\n|move|p2b: Kommo-o|Body Press|p1b: Clefairy\n|-resisted|p1b: Clefairy\n|-damage|p1b: Clefairy|4\/100\n|\n|-heal|p2a: Arcanine|22\/100|[from] Grassy Terrain\n|-heal|p2b: Kommo-o|88\/100|[from] Grassy Terrain\n|-heal|p2b: Kommo-o|95\/100|[from] item: Leftovers\n|-heal|p1b: Clefairy|10\/100|[from] Grassy Terrain\n|upkeep\n|turn|14\n|\n|t:|1700019215\n|switch|p2a: Rillaboom|Rillaboom, M|62\/100\n|move|p1a: Landorus|Stomping Tantrum|p2a: Rillaboom\n|-resisted|p2a: Rillaboom\n|-damage|p2a: Rillaboom|47\/100\n|move|p2b: Kommo-o|Body Press|p1a: Landorus\n|-resisted|p1a: Landorus\n|-damage|p1a: Landorus|0 fnt\n|faint|p1a: Landorus\n|move|p1b: Clefairy|Heal Pulse|p1: Landorus|[notarget]\n|-fail|p1b: Clefairy\n|\n|-heal|p2a: Rillaboom|54\/100|[from] Grassy Terrain\n|-heal|p2b: Kommo-o|100\/100|[from] Grassy Terrain\n|-heal|p1b: Clefairy|16\/100|[from] Grassy Terrain\n|-fieldend|move: Grassy Terrain\n|upkeep\n|\n|t:|1700019222\n|switch|p1a: Kingambit|Kingambit, M|100\/100\n|-activate|p1a: Kingambit|ability: Supreme Overlord\n|-start|p1a: Kingambit|fallen4|[silent]\n|turn|15\n|\n|t:|1700019245\n|move|p2a: Rillaboom|Fake Out|p1a: Kingambit\n|-resisted|p1a: Kingambit\n|-damage|p1a: Kingambit|97\/100\n|move|p1b: Clefairy|Follow Me|p1b: Clefairy\n|-singleturn|p1b: Clefairy|move: Follow Me\n|cant|p1a: Kingambit|flinch\n|move|p2b: Kommo-o|Body Press|p1b: Clefairy\n|-resisted|p1b: Clefairy\n|-damage|p1b: Clefairy|0 fnt\n|faint|p1b: Clefairy\n|\n|upkeep\n|turn|16\n|\n|t:|1700019257\n|move|p1a: Kingambit|Sucker Punch|p2b: Kommo-o\n|-damage|p2b: Kommo-o|88\/100\n|move|p2a: Rillaboom|U-turn|p1a: Kingambit\n|-damage|p1a: Kingambit|81\/100\n|\n|t:|1700019262\n|switch|p2a: Arcanine|Arcanine, F|22\/100|[from] U-turn\n|-ability|p2a: Arcanine|Intimidate|boost\n|-unboost|p1a: Kingambit|atk|1\n|move|p2b: Kommo-o|Body Press|p1a: Kingambit\n|-supereffective|p1a: Kingambit\n|-damage|p1a: Kingambit|0 fnt\n|faint|p1a: Kingambit\n|-end|p1a: Kingambit|fallen4|[silent]\n|\n|win|ubbbber\n|raw|Jackziezzz's rating: 1096 &rarr; <strong>1078<\/strong><br \/>(-18 for losing)\n|raw|ubbbber's rating: 1197 &rarr; <strong>1215<\/strong><br \/>(+18 for winning)\n|l|\u2606Jackziezzz\n","uploadtime":1700019280,"views":6,"p1id":"jackziezzz","p2id":"ubbbber","formatid":"gen9doublesou","rating":1078,"private":0,"password":""}