{"id":"gen9doublesou-1984102161","p1":"Fnfbdududbfjfuff","p2":"Fisticutz","format":"[Gen 9] Doubles OU","log":"|j|\u2606Fnfbdududbfjfuff\n|j|\u2606Fisticutz\n|t:|1699218868\n|gametype|doubles\n|player|p1|Fnfbdududbfjfuff|265|1155\n|player|p2|Fisticutz|steven|1000\n|teamsize|p1|6\n|teamsize|p2|6\n|gen|9\n|tier|[Gen 9] Doubles OU\n|rated|\n|rule|Species Clause: Limit one of each Pok\u00e9mon\n|rule|OHKO Clause: OHKO moves are banned\n|rule|Evasion Moves Clause: Evasion moves are banned\n|rule|Gravity Sleep Clause: The combination of sleep-inducing moves with imperfect accuracy and Gravity or Gigantamax Orbeetle are banned\n|rule|Endless Battle Clause: Forcing endless battles is banned\n|rule|HP Percentage Mod: HP is shown in percentages\n|clearpoke\n|poke|p1|Iron Hands|\n|poke|p1|Rillaboom, F|\n|poke|p1|Weezing, F|\n|poke|p1|Tornadus, M|\n|poke|p1|Kingambit, M|\n|poke|p1|Ogerpon-Wellspring, F|\n|poke|p2|Baxcalibur, M|\n|poke|p2|Indeedee-F, F|\n|poke|p2|Flutter Mane|\n|poke|p2|Ninetales-Alola, M|\n|poke|p2|Ogerpon-Wellspring, F|\n|poke|p2|Great Tusk|\n|teampreview\n|\n|t:|1699218907\n|start\n|switch|p1a: Tornadus|Tornadus, M|100\/100\n|switch|p1b: Iron Hands|Iron Hands|100\/100\n|switch|p2a: Baxcalibur|Baxcalibur, M|100\/100\n|switch|p2b: Indeedee|Indeedee-F, F|100\/100\n|turn|1\n|\n|t:|1699218927\n|move|p2b: Indeedee|Fake Out|p1b: Iron Hands\n|-damage|p1b: Iron Hands|94\/100\n|cant|p1b: Iron Hands|flinch\n|move|p1a: Tornadus|Tailwind|p1a: Tornadus\n|-sidestart|p1: Fnfbdududbfjfuff|move: Tailwind\n|move|p2a: Baxcalibur|Icicle Spear|p1a: Tornadus\n|-supereffective|p1a: Tornadus\n|-damage|p1a: Tornadus|52\/100\n|-supereffective|p1a: Tornadus\n|-damage|p1a: Tornadus|6\/100\n|-supereffective|p1a: Tornadus\n|-damage|p1a: Tornadus|0 fnt\n|faint|p1a: Tornadus\n|-hitcount|p1: Tornadus|3\n|\n|upkeep\n|\n|t:|1699218951\n|switch|p1a: Ogerpon|Ogerpon-Wellspring, F|100\/100\n|turn|2\n|\n|t:|1699218992\n|-terastallize|p1a: Ogerpon|Water\n|detailschange|p1a: Ogerpon|Ogerpon-Wellspring-Tera, F, tera:Water\n|-ability|p1a: Ogerpon|Embody Aspect (Wellspring)|boost\n|-boost|p1a: Ogerpon|spd|1\n|-terastallize|p2a: Baxcalibur|Poison\n|move|p2b: Indeedee|Helping Hand|p2a: Baxcalibur\n|-singleturn|p2a: Baxcalibur|Helping Hand|[of] p2b: Indeedee\n|move|p1a: Ogerpon|Encore|p2b: Indeedee\n|-start|p2b: Indeedee|Encore\n|move|p2a: Baxcalibur|Tera Blast|p1a: Ogerpon|[anim] Tera Blast Poison\n|-damage|p1a: Ogerpon|6\/100\n|move|p1b: Iron Hands|Close Combat|p2a: Baxcalibur\n|-resisted|p2a: Baxcalibur\n|-damage|p2a: Baxcalibur|69\/100\n|-unboost|p1b: Iron Hands|def|1\n|-unboost|p1b: Iron Hands|spd|1\n|\n|upkeep\n|turn|3\n|\n|t:|1699219040\n|-end|p1b: Iron Hands|Quark Drive|[silent]\n|switch|p1b: Kingambit|Kingambit, M|100\/100\n|move|p2b: Indeedee|Helping Hand|p2a: Baxcalibur\n|-singleturn|p2a: Baxcalibur|Helping Hand|[of] p2b: Indeedee\n|move|p1a: Ogerpon|Ivy Cudgel|p2a: Baxcalibur\n|-damage|p2a: Baxcalibur|0 fnt\n|faint|p2a: Baxcalibur\n|\n|upkeep\n|\n|t:|1699219059\n|switch|p2a: Flutter Mane|Flutter Mane|100\/100\n|turn|4\n|\n|t:|1699219082\n|move|p2b: Indeedee|Helping Hand|p2a: Flutter Mane\n|-singleturn|p2a: Flutter Mane|Helping Hand|[of] p2b: Indeedee\n|move|p1a: Ogerpon|Ivy Cudgel|p2a: Flutter Mane\n|-enditem|p2a: Flutter Mane|Focus Sash\n|-damage|p2a: Flutter Mane|1\/100\n|move|p2a: Flutter Mane|Dazzling Gleam|p1a: Ogerpon|[spread] p1a,p1b\n|-damage|p1a: Ogerpon|0 fnt\n|-damage|p1b: Kingambit|50\/100\n|faint|p1a: Ogerpon\n|move|p1b: Kingambit|Kowtow Cleave|p2b: Indeedee\n|-supereffective|p2b: Indeedee\n|-damage|p2b: Indeedee|0 fnt\n|-damage|p1b: Kingambit|33\/100|[from] item: Rocky Helmet|[of] p2b: Indeedee\n|faint|p2b: Indeedee\n|\n|-sideend|p1: Fnfbdududbfjfuff|move: Tailwind\n|upkeep\n|\n|t:|1699219097\n|switch|p1a: Rillaboom|Rillaboom, F|100\/100\n|switch|p2b: Ninetales|Ninetales-Alola, M, shiny|100\/100\n|-weather|Snow|[from] ability: Snow Warning|[of] p2b: Ninetales\n|-fieldstart|move: Grassy Terrain|[from] ability: Grassy Surge|[of] p1a: Rillaboom\n|turn|5\n|\n|t:|1699219119\n|move|p1a: Rillaboom|Fake Out|p2b: Ninetales\n|-damage|p2b: Ninetales|89\/100\n|move|p1b: Kingambit|Sucker Punch|p2a: Flutter Mane\n|-damage|p2a: Flutter Mane|0 fnt\n|faint|p2a: Flutter Mane\n|-end|p2a: Flutter Mane|Protosynthesis|[silent]\n|cant|p2b: Ninetales|flinch\n|\n|-weather|Snow|[upkeep]\n|-heal|p2b: Ninetales|95\/100|[from] Grassy Terrain\n|-heal|p1b: Kingambit|40\/100|[from] Grassy Terrain\n|upkeep\n|\n|t:|1699219130\n|switch|p2a: Great Tusk|Great Tusk|100\/100\n|-enditem|p2a: Great Tusk|Booster Energy\n|-activate|p2a: Great Tusk|ability: Protosynthesis|[fromitem]\n|-start|p2a: Great Tusk|protosynthesisatk\n|turn|6\n|\n|t:|1699219161\n|move|p2b: Ninetales|Protect|p2b: Ninetales\n|-singleturn|p2b: Ninetales|Protect\n|move|p1a: Rillaboom|Grassy Glide|p2a: Great Tusk\n|-supereffective|p2a: Great Tusk\n|-damage|p2a: Great Tusk|53\/100\n|move|p1b: Kingambit|Sucker Punch|p2a: Great Tusk\n|-resisted|p2a: Great Tusk\n|-damage|p2a: Great Tusk|34\/100\n|move|p2a: Great Tusk|Headlong Rush|p1b: Kingambit\n|-supereffective|p1b: Kingambit\n|-crit|p1b: Kingambit\n|-damage|p1b: Kingambit|0 fnt\n|-unboost|p2a: Great Tusk|def|1\n|-unboost|p2a: Great Tusk|spd|1\n|faint|p1b: Kingambit\n|\n|-weather|Snow|[upkeep]\n|-heal|p2b: Ninetales|100\/100|[from] Grassy Terrain\n|-heal|p2a: Great Tusk|40\/100|[from] Grassy Terrain\n|upkeep\n|\n|t:|1699219174\n|switch|p1b: Iron Hands|Iron Hands|94\/100\n|turn|7\n|\n|t:|1699219197\n|move|p1b: Iron Hands|Fake Out|p2b: Ninetales\n|-damage|p2b: Ninetales|87\/100\n|move|p1a: Rillaboom|Grassy Glide|p2a: Great Tusk\n|-supereffective|p2a: Great Tusk\n|-damage|p2a: Great Tusk|0 fnt\n|faint|p2a: Great Tusk\n|-end|p2a: Great Tusk|Protosynthesis|[silent]\n|cant|p2b: Ninetales|flinch\n|\n|-weather|Snow|[upkeep]\n|-heal|p2b: Ninetales|93\/100|[from] Grassy Terrain\n|-heal|p1b: Iron Hands|100\/100|[from] Grassy Terrain\n|upkeep\n|\n|t:|1699219208\n|switch|p2a: Ogerpon|Ogerpon-Wellspring, F|100\/100\n|turn|8\n|\n|t:|1699219278\n|move|p2a: Ogerpon|Spiky Shield|p2a: Ogerpon\n|-singleturn|p2a: Ogerpon|move: Protect\n|move|p2b: Ninetales|Aurora Veil|p2b: Ninetales\n|-sidestart|p2: Fisticutz|move: Aurora Veil\n|move|p1a: Rillaboom|Wood Hammer|p2a: Ogerpon\n|-activate|p2a: Ogerpon|move: Protect\n|-damage|p1a: Rillaboom|88\/100|[from] Spiky Shield|[of] p2a: Ogerpon\n|move|p1b: Iron Hands|Close Combat|p2a: Ogerpon\n|-activate|p2a: Ogerpon|move: Protect\n|-damage|p1b: Iron Hands|88\/100|[from] Spiky Shield|[of] p2a: Ogerpon\n|\n|-weather|Snow|[upkeep]\n|-heal|p2b: Ninetales|99\/100|[from] Grassy Terrain\n|-heal|p1a: Rillaboom|94\/100|[from] Grassy Terrain\n|-heal|p1b: Iron Hands|94\/100|[from] Grassy Terrain\n|upkeep\n|turn|9\n|\n|t:|1699219313\n|switch|p1a: Weezing|Weezing, F, shiny|100\/100\n|-ability|p1a: Weezing|Neutralizing Gas\n|move|p2a: Ogerpon|Wood Hammer|p1b: Iron Hands\n|-damage|p1b: Iron Hands|35\/100\n|-damage|p2a: Ogerpon|70\/100|[from] Recoil\n|move|p2b: Ninetales|Freeze-Dry|p1a: Weezing\n|-damage|p1a: Weezing|71\/100\n|move|p1b: Iron Hands|Close Combat|p2a: Ogerpon\n|-damage|p2a: Ogerpon|13\/100\n|-unboost|p1b: Iron Hands|def|1\n|-unboost|p1b: Iron Hands|spd|1\n|\n|-weather|none\n|-heal|p2a: Ogerpon|19\/100|[from] Grassy Terrain\n|-heal|p2b: Ninetales|100\/100|[from] Grassy Terrain\n|-heal|p1a: Weezing|77\/100|[from] Grassy Terrain\n|-heal|p1a: Weezing|83\/100|[from] item: Leftovers\n|-heal|p1b: Iron Hands|41\/100|[from] Grassy Terrain\n|-fieldend|move: Grassy Terrain\n|upkeep\n|turn|10\n|\n|t:|1699219345\n|move|p2a: Ogerpon|Ivy Cudgel|p1b: Iron Hands\n|-damage|p1b: Iron Hands|0 fnt\n|faint|p1b: Iron Hands\n|-end|p1b: Iron Hands|Quark Drive|[silent]\n|move|p2b: Ninetales|Freeze-Dry|p1a: Weezing\n|-damage|p1a: Weezing|55\/100\n|move|p1a: Weezing|Heat Wave|p2a: Ogerpon|[spread] p2a,p2b\n|-supereffective|p2b: Ninetales\n|-damage|p2a: Ogerpon|7\/100\n|-damage|p2b: Ninetales|80\/100\n|\n|-heal|p1a: Weezing|61\/100|[from] item: Leftovers\n|upkeep\n|\n|t:|1699219348\n|switch|p1b: Rillaboom|Rillaboom, F|94\/100\n|turn|11\n|\n|t:|1699219368\n|move|p2a: Ogerpon|Spiky Shield|p2a: Ogerpon\n|-singleturn|p2a: Ogerpon|move: Protect\n|move|p1b: Rillaboom|Fake Out|p2a: Ogerpon\n|-activate|p2a: Ogerpon|move: Protect\n|-damage|p1b: Rillaboom|82\/100|[from] Spiky Shield|[of] p2a: Ogerpon\n|move|p2b: Ninetales|Freeze-Dry|p1b: Rillaboom\n|-supereffective|p1b: Rillaboom\n|-damage|p1b: Rillaboom|52\/100\n|move|p1a: Weezing|Body Slam|p2b: Ninetales\n|-damage|p2b: Ninetales|66\/100\n|\n|-heal|p1a: Weezing|67\/100|[from] item: Leftovers\n|upkeep\n|turn|12\n|\n|t:|1699219387\n|move|p2a: Ogerpon|Knock Off|p1b: Rillaboom\n|-damage|p1b: Rillaboom|19\/100\n|-enditem|p1b: Rillaboom|Assault Vest|[from] move: Knock Off|[of] p2a: Ogerpon\n|move|p2b: Ninetales|Freeze-Dry|p1b: Rillaboom\n|-supereffective|p1b: Rillaboom\n|-damage|p1b: Rillaboom|0 fnt\n|faint|p1b: Rillaboom\n|move|p1a: Weezing|Heat Wave|p2a: Ogerpon|[spread] p2a,p2b\n|-supereffective|p2b: Ninetales\n|-damage|p2a: Ogerpon|0 fnt\n|-damage|p2b: Ninetales|45\/100\n|faint|p2a: Ogerpon\n|\n|-heal|p1a: Weezing|73\/100|[from] item: Leftovers\n|upkeep\n|turn|13\n|\n|t:|1699219403\n|move|p2b: Ninetales|Protect|p2b: Ninetales\n|-singleturn|p2b: Ninetales|Protect\n|move|p1a: Weezing|Heat Wave|p2b: Ninetales\n|-activate|p2b: Ninetales|move: Protect\n|\n|-heal|p1a: Weezing|79\/100|[from] item: Leftovers\n|upkeep\n|turn|14\n|\n|t:|1699219421\n|move|p2b: Ninetales|Freeze-Dry|p1a: Weezing\n|-damage|p1a: Weezing|47\/100\n|move|p1a: Weezing|Body Slam|p2b: Ninetales\n|-damage|p2b: Ninetales|29\/100\n|-status|p2b: Ninetales|par\n|\n|-heal|p1a: Weezing|53\/100|[from] item: Leftovers\n|upkeep\n|turn|15\n|\n|t:|1699219434\n|move|p2b: Ninetales|Freeze-Dry|p1a: Weezing\n|-damage|p1a: Weezing|24\/100\n|move|p1a: Weezing|Heat Wave|p2b: Ninetales\n|-supereffective|p2b: Ninetales\n|-damage|p2b: Ninetales|4\/100 par\n|\n|-heal|p1a: Weezing|30\/100|[from] item: Leftovers\n|-sideend|p2: Fisticutz|move: Aurora Veil\n|upkeep\n|turn|16\n|\n|t:|1699219447\n|move|p2b: Ninetales|Protect|p2b: Ninetales\n|-singleturn|p2b: Ninetales|Protect\n|move|p1a: Weezing|Protect||[still]\n|-fail|p1a: Weezing\n|\n|-heal|p1a: Weezing|36\/100|[from] item: Leftovers\n|upkeep\n|turn|17\n|\n|t:|1699219457\n|move|p2b: Ninetales|Freeze-Dry|p1a: Weezing\n|-damage|p1a: Weezing|6\/100\n|-status|p1a: Weezing|frz\n|cant|p1a: Weezing|frz\n|\n|-heal|p1a: Weezing|12\/100 frz|[from] item: Leftovers\n|upkeep\n|turn|18\n|c|\u2606Fnfbdududbfjfuff|damn\n|c|\u2606Fisticutz|OMG\n|c|\u2606Fisticutz|SORRY\n|c|\u2606Fnfbdududbfjfuff|it's not your fault\n|c|\u2606Fisticutz|tho it was a great match\n|c|\u2606Fnfbdududbfjfuff|i just need 2nd turn unfreeze and a para\n|\n|t:|1699219497\n|move|p2b: Ninetales|Freeze-Dry|p1a: Weezing\n|-damage|p1a: Weezing|0 fnt\n|faint|p1a: Weezing\n|-end|p1a: Weezing|ability: Neutralizing Gas\n|-weather|Snow|[from] ability: Snow Warning|[of] p2b: Ninetales\n|\n|win|Fisticutz\n|raw|Fnfbdududbfjfuff's rating: 1155 &rarr; <strong>1120<\/strong><br \/>(-35 for losing)\n|raw|Fisticutz's rating: 1000 &rarr; <strong>1057<\/strong><br \/>(+57 for winning)\n|c|\u2606Fnfbdududbfjfuff|gg\n|c|\u2606Fisticutz|gg\n|l|\u2606Fnfbdududbfjfuff\n|c|\u2606Fisticutz|nice kingambit\n","uploadtime":1699219548,"views":28,"p1id":"fnfbdududbfjfuff","p2id":"fisticutz","formatid":"gen9doublesou","rating":1057,"private":0,"password":""}