{"id":"gen9doublesou-1997756949","p1":"Vestora","p2":"brax","format":"[Gen 9] Doubles OU","log":"|j|\u2606Vestora\n|j|\u2606brax\n|t:|1700849395\n|gametype|doubles\n|player|p1|Vestora|102|1401\n|player|p2|brax|acetrainerf-gen4dp|1414\n|teamsize|p1|6\n|teamsize|p2|6\n|gen|9\n|tier|[Gen 9] Doubles OU\n|rated|\n|rule|Species Clause: Limit one of each Pok\u00e9mon\n|rule|OHKO Clause: OHKO moves are banned\n|rule|Evasion Moves Clause: Evasion moves are banned\n|rule|Gravity Sleep Clause: The combination of sleep-inducing moves with imperfect accuracy and Gravity or Gigantamax Orbeetle are banned\n|rule|Endless Battle Clause: Forcing endless battles is banned\n|rule|HP Percentage Mod: HP is shown in percentages\n|clearpoke\n|poke|p1|Cresselia, F|\n|poke|p1|Ursaluna, M|\n|poke|p1|Grimmsnarl, M|\n|poke|p1|Heatran, M|\n|poke|p1|Flutter Mane|\n|poke|p1|Iron Hands|\n|poke|p2|Ampharos, F|\n|poke|p2|Persian, M|\n|poke|p2|Dragonite, F|\n|poke|p2|Weavile, F|\n|poke|p2|Arcanine, F|\n|poke|p2|Scyther, M|\n|teampreview\n|\n|t:|1700849424\n|start\n|switch|p1a: Iron Hands|Iron Hands|100\/100\n|switch|p1b: Heatran|Heatran, M, shiny|100\/100\n|switch|p2a: Rogue|Persian, M|100\/100\n|switch|p2b: Princess|Weavile, F|100\/100\n|-item|p1a: Iron Hands|Air Balloon\n|turn|1\n|\n|t:|1700849443\n|move|p2a: Rogue|Fake Out|p1a: Iron Hands\n|-damage|p1a: Iron Hands|80\/100\n|-enditem|p1a: Iron Hands|Air Balloon\n|-damage|p2a: Rogue|91\/100|[from] item: Life Orb\n|cant|p1a: Iron Hands|flinch\n|move|p2b: Princess|Knock Off|p1b: Heatran\n|-damage|p1b: Heatran|52\/100\n|-enditem|p1b: Heatran|Assault Vest|[from] move: Knock Off|[of] p2b: Princess\n|move|p1b: Heatran|Heat Wave|p2b: Princess|[spread] p2a,p2b\n|-supereffective|p2b: Princess\n|-damage|p2a: Rogue|13\/100\n|-enditem|p2b: Princess|Focus Sash\n|-damage|p2b: Princess|1\/100\n|\n|upkeep\n|turn|2\n|inactive|Battle timer is ON: inactive players will automatically lose when time's up. (requested by Vestora)\n|\n|t:|1700849478\n|switch|p2a: Alexandria|Dragonite, F|100\/100\n|switch|p2b: Gretta|Arcanine, F|100\/100\n|-ability|p2b: Gretta|Intimidate|boost\n|-unboost|p1a: Iron Hands|atk|1\n|-unboost|p1b: Heatran|atk|1\n|move|p1b: Heatran|Heat Wave|p2a: Alexandria|[spread] p2a,p2b\n|-resisted|p2a: Alexandria\n|-resisted|p2b: Gretta\n|-damage|p2a: Alexandria|92\/100\n|-damage|p2b: Gretta|80\/100\n|move|p1a: Iron Hands|Swords Dance|p1a: Iron Hands\n|-boost|p1a: Iron Hands|atk|2\n|\n|upkeep\n|turn|3\n|\n|t:|1700849494\n|move|p2b: Gretta|Will-O-Wisp|p1a: Iron Hands\n|-status|p1a: Iron Hands|brn\n|move|p2a: Alexandria|Roost|p2a: Alexandria\n|-heal|p2a: Alexandria|100\/100\n|-singleturn|p2a: Alexandria|move: Roost\n|move|p1b: Heatran|Heat Wave|p2b: Gretta|[spread] p2a,p2b\n|-resisted|p2a: Alexandria\n|-resisted|p2b: Gretta\n|-damage|p2a: Alexandria|92\/100\n|-damage|p2b: Gretta|59\/100\n|move|p1a: Iron Hands|Wild Charge|p2a: Alexandria\n|-resisted|p2a: Alexandria\n|-damage|p2a: Alexandria|74\/100\n|-damage|p1a: Iron Hands|77\/100 brn|[from] Recoil\n|\n|-damage|p1a: Iron Hands|70\/100 brn|[from] brn\n|upkeep\n|turn|4\n|inactive|brax has 120 seconds left.\n|\n|t:|1700849524\n|switch|p2b: Rogue|Persian, M|13\/100\n|move|p2a: Alexandria|Roost|p2a: Alexandria\n|-heal|p2a: Alexandria|100\/100\n|-singleturn|p2a: Alexandria|move: Roost\n|move|p1b: Heatran|Earth Power|p2b: Rogue\n|-damage|p2b: Rogue|0 fnt\n|faint|p2b: Rogue\n|move|p1a: Iron Hands|Drain Punch|p2a: Alexandria\n|-damage|p2a: Alexandria|86\/100\n|-heal|p1a: Iron Hands|77\/100 brn|[from] drain|[of] p2a: Alexandria\n|\n|-damage|p1a: Iron Hands|71\/100 brn|[from] brn\n|upkeep\n|inactive|brax has 120 seconds left.\n|\n|t:|1700849541\n|switch|p2b: Widow|Scyther, M|100\/100\n|turn|5\n|\n|t:|1700849555\n|move|p2a: Alexandria|Extreme Speed|p1a: Iron Hands\n|-damage|p1a: Iron Hands|48\/100 brn\n|move|p2b: Widow|Close Combat|p1b: Heatran\n|-supereffective|p1b: Heatran\n|-damage|p1b: Heatran|0 fnt\n|-unboost|p2b: Widow|def|1\n|-unboost|p2b: Widow|spd|1\n|faint|p1b: Heatran\n|move|p1a: Iron Hands|Wild Charge|p2b: Widow\n|-supereffective|p2b: Widow\n|-damage|p2b: Widow|0 fnt\n|faint|p2b: Widow\n|-damage|p1a: Iron Hands|32\/100 brn|[from] Recoil\n|\n|-damage|p1a: Iron Hands|26\/100 brn|[from] brn\n|upkeep\n|\n|t:|1700849573\n|switch|p2b: Gretta|Arcanine, F|59\/100\n|switch|p1b: Grimmsnarl|Grimmsnarl, M, shiny|100\/100\n|-ability|p2b: Gretta|Intimidate|boost\n|-unboost|p1a: Iron Hands|atk|1\n|-unboost|p1b: Grimmsnarl|atk|1\n|turn|6\n|\n|t:|1700849586\n|-end|p1a: Iron Hands|Quark Drive|[silent]\n|switch|p1a: Cresselia|Cresselia, F, shiny|100\/100\n|move|p1b: Grimmsnarl|Reflect|p1b: Grimmsnarl\n|-sidestart|p1: Vestora|Reflect\n|move|p2b: Gretta|Morning Sun|p2b: Gretta\n|-heal|p2b: Gretta|100\/100\n|move|p2a: Alexandria|Iron Head|p1b: Grimmsnarl\n|-supereffective|p1b: Grimmsnarl\n|-damage|p1b: Grimmsnarl|46\/100\n|\n|upkeep\n|turn|7\n|\n|t:|1700849607\n|switch|p2b: Mary|Ampharos, F|100\/100\n|move|p1b: Grimmsnarl|Light Screen|p1b: Grimmsnarl\n|-sidestart|p1: Vestora|move: Light Screen\n|move|p2a: Alexandria|Iron Head|p1b: Grimmsnarl\n|-supereffective|p1b: Grimmsnarl\n|-crit|p1b: Grimmsnarl\n|-damage|p1b: Grimmsnarl|0 fnt\n|faint|p1b: Grimmsnarl\n|move|p1a: Cresselia|Trick Room|p1a: Cresselia\n|-fieldstart|move: Trick Room|[of] p1a: Cresselia\n|\n|upkeep\n|\n|t:|1700849618\n|switch|p1b: Ursaluna|Ursaluna, M, shiny|100\/100\n|turn|8\n|\n|t:|1700849626\n|move|p1b: Ursaluna|Earthquake|p2b: Mary|[spread] p2b\n|-immune|p1a: Cresselia|[from] ability: Levitate\n|-immune|p2a: Alexandria\n|-supereffective|p2b: Mary\n|-damage|p2b: Mary|24\/100\n|move|p2b: Mary|Cotton Guard|p2b: Mary\n|-boost|p2b: Mary|def|3\n|move|p1a: Cresselia|Moonblast|p2a: Alexandria\n|-supereffective|p2a: Alexandria\n|-damage|p2a: Alexandria|57\/100\n|-enditem|p2a: Alexandria|Weakness Policy\n|-boost|p2a: Alexandria|atk|2|[from] item: Weakness Policy\n|-boost|p2a: Alexandria|spa|2|[from] item: Weakness Policy\n|move|p2a: Alexandria|Roost|p2a: Alexandria\n|-heal|p2a: Alexandria|100\/100\n|-singleturn|p2a: Alexandria|move: Roost\n|\n|-heal|p2b: Mary|30\/100|[from] item: Leftovers\n|upkeep\n|turn|9\n|\n|t:|1700849649\n|-terastallize|p2b: Mary|Fairy\n|move|p1b: Ursaluna|Earthquake|p2a: Alexandria|[spread] p2b\n|-immune|p1a: Cresselia|[from] ability: Levitate\n|-immune|p2a: Alexandria\n|-damage|p2b: Mary|15\/100\n|move|p2b: Mary|Dazzling Gleam|p1a: Cresselia|[spread] p1a,p1b\n|-damage|p1a: Cresselia|90\/100\n|-damage|p1b: Ursaluna|85\/100\n|move|p1a: Cresselia|Moonblast|p2a: Alexandria\n|-supereffective|p2a: Alexandria\n|-damage|p2a: Alexandria|84\/100\n|move|p2a: Alexandria|Outrage|p1b: Ursaluna\n|-damage|p1b: Ursaluna|22\/100\n|\n|-heal|p1b: Ursaluna|28\/100|[from] item: Leftovers\n|-heal|p2b: Mary|21\/100|[from] item: Leftovers\n|upkeep\n|turn|10\n|j| Ran Kob\n|\n|t:|1700849675\n|move|p1b: Ursaluna|Body Slam|p2b: Mary\n|-crit|p2b: Mary\n|-damage|p2b: Mary|0 fnt\n|faint|p2b: Mary\n|move|p1a: Cresselia|Moonblast|p2a: Alexandria\n|-supereffective|p2a: Alexandria\n|-damage|p2a: Alexandria|56\/100\n|-unboost|p2a: Alexandria|spa|1\n|move|p2a: Alexandria|Outrage|p1b: Ursaluna|[from]lockedmove\n|-damage|p1b: Ursaluna|0 fnt\n|faint|p1b: Ursaluna\n|-start|p2a: Alexandria|confusion|[fatigue]\n|\n|upkeep\n|\n|t:|1700849692\n|switch|p1b: Iron Hands|Iron Hands|26\/100 brn\n|switch|p2b: Gretta|Arcanine, F|100\/100\n|-ability|p2b: Gretta|Intimidate|boost\n|-unboost|p1a: Cresselia|atk|1\n|-unboost|p1b: Iron Hands|atk|1\n|turn|11\n|\n|t:|1700849706\n|move|p1b: Iron Hands|Wild Charge|p2a: Alexandria\n|-damage|p2a: Alexandria|41\/100\n|-damage|p1b: Iron Hands|23\/100 brn|[from] Recoil\n|move|p1a: Cresselia|Moonblast|p2a: Alexandria\n|-supereffective|p2a: Alexandria\n|-damage|p2a: Alexandria|7\/100\n|-activate|p2a: Alexandria|confusion\n|move|p2a: Alexandria|Roost|p2a: Alexandria\n|-heal|p2a: Alexandria|57\/100\n|-singleturn|p2a: Alexandria|move: Roost\n|move|p2b: Gretta|Will-O-Wisp|p1b: Iron Hands\n|-fail|p1b: Iron Hands|brn\n|\n|-damage|p1b: Iron Hands|17\/100 brn|[from] brn\n|-fieldend|move: Trick Room\n|upkeep\n|turn|12\n|inactive|brax has 120 seconds left.\n|\n|t:|1700849738\n|move|p2b: Gretta|Extreme Speed|p1b: Iron Hands\n|-damage|p1b: Iron Hands|8\/100 brn\n|-end|p2a: Alexandria|confusion\n|move|p2a: Alexandria|Roost|p2a: Alexandria\n|-heal|p2a: Alexandria|100\/100\n|-singleturn|p2a: Alexandria|move: Roost\n|move|p1a: Cresselia|Moonblast|p2a: Alexandria\n|-supereffective|p2a: Alexandria\n|-damage|p2a: Alexandria|86\/100\n|move|p1b: Iron Hands|Wild Charge|p2a: Alexandria\n|-resisted|p2a: Alexandria\n|-damage|p2a: Alexandria|78\/100\n|-damage|p1b: Iron Hands|6\/100 brn|[from] Recoil\n|\n|-damage|p1b: Iron Hands|0 fnt|[from] brn\n|faint|p1b: Iron Hands\n|-end|p1b: Iron Hands|Quark Drive|[silent]\n|upkeep\n|inactive|Vestora has 120 seconds left.\n|\n|t:|1700849755\n|switch|p1b: Flutter Mane|Flutter Mane|100\/100\n|-enditem|p1b: Flutter Mane|Booster Energy\n|-activate|p1b: Flutter Mane|ability: Protosynthesis|[fromitem]\n|-start|p1b: Flutter Mane|protosynthesisspe\n|turn|13\n|l| Ran Kob\n|\n|t:|1700849775\n|move|p1a: Cresselia|Helping Hand|p1b: Flutter Mane\n|-singleturn|p1b: Flutter Mane|Helping Hand|[of] p1a: Cresselia\n|move|p1b: Flutter Mane|Moonblast|p2a: Alexandria\n|-supereffective|p2a: Alexandria\n|-damage|p2a: Alexandria|0 fnt\n|faint|p2a: Alexandria\n|move|p2b: Gretta|Raging Fury|p1b: Flutter Mane\n|-damage|p1b: Flutter Mane|56\/100\n|\n|-sideend|p1: Vestora|Reflect\n|upkeep\n|\n|t:|1700849786\n|switch|p2a: Princess|Weavile, F|1\/100\n|turn|14\n|\n|t:|1700849797\n|move|p2a: Princess|Ice Shard|p1b: Flutter Mane\n|-damage|p1b: Flutter Mane|27\/100\n|move|p1b: Flutter Mane|Dazzling Gleam|p2b: Gretta|[spread] p2a,p2b\n|-supereffective|p2a: Princess\n|-resisted|p2b: Gretta\n|-damage|p2a: Princess|0 fnt\n|-damage|p2b: Gretta|86\/100\n|faint|p2a: Princess\n|move|p2b: Gretta|Raging Fury|p1b: Flutter Mane|[from]lockedmove\n|-damage|p1b: Flutter Mane|0 fnt\n|faint|p1b: Flutter Mane\n|-end|p1b: Flutter Mane|Protosynthesis|[silent]\n|-start|p2b: Gretta|confusion|[fatigue]\n|move|p1a: Cresselia|Lunar Blessing|p1a: Cresselia\n|-heal|p1a: Cresselia|100\/100\n|\n|-sideend|p1: Vestora|move: Light Screen\n|upkeep\n|turn|15\n|\n|t:|1700849817\n|-activate|p2b: Gretta|confusion\n|-damage|p2b: Gretta|79\/100|[from] confusion\n|move|p1a: Cresselia|Moonblast|p2b: Gretta\n|-resisted|p2b: Gretta\n|-damage|p2b: Gretta|70\/100\n|-unboost|p2b: Gretta|spa|1\n|\n|upkeep\n|turn|16\n|\n|t:|1700849825\n|-activate|p2b: Gretta|confusion\n|move|p2b: Gretta|Will-O-Wisp|p1a: Cresselia\n|-status|p1a: Cresselia|brn\n|move|p1a: Cresselia|Moonblast|p2b: Gretta\n|-resisted|p2b: Gretta\n|-damage|p2b: Gretta|60\/100\n|-unboost|p2b: Gretta|spa|1\n|\n|-damage|p1a: Cresselia|94\/100 brn|[from] brn\n|upkeep\n|turn|17\n|\n|t:|1700849836\n|-end|p2b: Gretta|confusion\n|move|p2b: Gretta|Morning Sun|p2b: Gretta\n|-heal|p2b: Gretta|100\/100\n|move|p1a: Cresselia|Moonblast|p2b: Gretta\n|-resisted|p2b: Gretta\n|-damage|p2b: Gretta|91\/100\n|\n|-damage|p1a: Cresselia|88\/100 brn|[from] brn\n|upkeep\n|turn|18\n|-message|Vestora forfeited.\n|\n|win|brax\n|raw|Vestora's rating: 1401 &rarr; <strong>1382<\/strong><br \/>(-19 for losing)\n|raw|brax's rating: 1414 &rarr; <strong>1433<\/strong><br \/>(+19 for winning)\n|l|\u2606Vestora\n","uploadtime":1700849853,"views":2,"p1id":"vestora","p2id":"brax","formatid":"gen9doublesou","rating":1382,"private":0,"password":""}