{"id":"gen9doublesou-1993186106","p1":"Drainville","p2":"glasses15","format":"[Gen 9] Doubles OU","log":"|j|\u2606Drainville\n|j|\u2606glasses15\n|t:|1700275361\n|gametype|doubles\n|player|p1|Drainville|steven|1203\n|player|p2|glasses15|scientistf|1212\n|teamsize|p1|6\n|teamsize|p2|6\n|gen|9\n|tier|[Gen 9] Doubles OU\n|rated|\n|rule|Species Clause: Limit one of each Pok\u00e9mon\n|rule|OHKO Clause: OHKO moves are banned\n|rule|Evasion Moves Clause: Evasion moves are banned\n|rule|Gravity Sleep Clause: The combination of sleep-inducing moves with imperfect accuracy and Gravity or Gigantamax Orbeetle are banned\n|rule|Endless Battle Clause: Forcing endless battles is banned\n|rule|HP Percentage Mod: HP is shown in percentages\n|clearpoke\n|poke|p1|Landorus-Therian, M|\n|poke|p1|Kingambit, F|\n|poke|p1|Ting-Lu|\n|poke|p1|Heatran, M|\n|poke|p1|Iron Hands|\n|poke|p1|Grimmsnarl, M|\n|poke|p2|Sableye, M|\n|poke|p2|Flapple, M|\n|poke|p2|Maushold|\n|poke|p2|Lycanroc-Dusk, F|\n|poke|p2|Farigiraf, M|\n|poke|p2|Heracross, M|\n|teampreview\n|inactive|Battle timer is ON: inactive players will automatically lose when time's up. (requested by glasses15)\n|c|\u2606glasses15|glhf\n|\n|t:|1700275377\n|start\n|switch|p1a: Landorus|Landorus-Therian, M|100\/100\n|switch|p1b: Iron Hands|Iron Hands|100\/100\n|switch|p2a: Farigiraf|Farigiraf, M|100\/100\n|switch|p2b: Lycanroc|Lycanroc-Dusk, F|100\/100\n|-ability|p1a: Landorus|Intimidate|boost\n|-unboost|p2a: Farigiraf|atk|1\n|-unboost|p2b: Lycanroc|atk|1\n|turn|1\n|\n|t:|1700275393\n|move|p2b: Lycanroc|Protect|p2b: Lycanroc\n|-singleturn|p2b: Lycanroc|Protect\n|move|p1a: Landorus|U-turn|p2a: Farigiraf\n|-supereffective|p2a: Farigiraf\n|-crit|p2a: Farigiraf\n|-damage|p2a: Farigiraf|15\/100\n|-enditem|p2a: Farigiraf|Sitrus Berry|[eat]\n|-heal|p2a: Farigiraf|40\/100|[from] item: Sitrus Berry\n|c|\u2606glasses15|ow\n|inactive|Drainville has 120 seconds left.\n|\n|t:|1700275420\n|switch|p1a: Heatran|Heatran, M|100\/100|[from] U-turn\n|move|p2a: Farigiraf|Gravity|p2a: Farigiraf\n|-fieldstart|move: Gravity\n|move|p1b: Iron Hands|Drain Punch|p2b: Lycanroc\n|-activate|p2b: Lycanroc|move: Protect\n|\n|upkeep\n|turn|2\n|c|\u2606Drainville|l\n|c|\u2606glasses15|what\n|\n|t:|1700275444\n|switch|p2a: Sableye|Sableye, M|100\/100\n|move|p2b: Lycanroc|Rock Slide|p1b: Iron Hands|[spread] p1a,p1b\n|-resisted|p1b: Iron Hands\n|-damage|p1a: Heatran|83\/100\n|-damage|p1b: Iron Hands|94\/100\n|move|p1a: Heatran|Magma Storm|p2a: Sableye\n|-damage|p2a: Sableye|2\/100\n|-activate|p2a: Sableye|move: Magma Storm|[of] p1a: Heatran\n|move|p1b: Iron Hands|Drain Punch|p2b: Lycanroc\n|-supereffective|p2b: Lycanroc\n|-enditem|p2b: Lycanroc|Focus Sash\n|-damage|p2b: Lycanroc|1\/100\n|-heal|p1b: Iron Hands|100\/100|[from] drain|[of] p2b: Lycanroc\n|\n|-heal|p1a: Heatran|89\/100|[from] item: Leftovers\n|-damage|p2a: Sableye|0 fnt|[from] move: Magma Storm|[partiallytrapped]\n|faint|p2a: Sableye\n|upkeep\n|\n|t:|1700275452\n|switch|p2a: Maushold|Maushold|100\/100\n|turn|3\n|\n|t:|1700275473\n|move|p2a: Maushold|Population Bomb|p1b: Iron Hands\n|-damage|p1b: Iron Hands|90\/100\n|-damage|p1b: Iron Hands|79\/100\n|-damage|p1b: Iron Hands|66\/100\n|-damage|p1b: Iron Hands|55\/100\n|-damage|p1b: Iron Hands|43\/100\n|-damage|p1b: Iron Hands|31\/100\n|-damage|p1b: Iron Hands|18\/100\n|-damage|p1b: Iron Hands|7\/100\n|-damage|p1b: Iron Hands|0 fnt\n|faint|p1b: Iron Hands\n|-end|p1b: Iron Hands|Quark Drive|[silent]\n|-hitcount|p1: Iron Hands|9\n|move|p2b: Lycanroc|Endeavor|p1a: Heatran\n|-damage|p1a: Heatran|1\/100\n|move|p1a: Heatran|Earth Power|p2b: Lycanroc\n|-supereffective|p2b: Lycanroc\n|-damage|p2b: Lycanroc|0 fnt\n|faint|p2b: Lycanroc\n|\n|-heal|p1a: Heatran|7\/100|[from] item: Leftovers\n|upkeep\n|c|\u2606glasses15|lol\n|\n|t:|1700275494\n|switch|p2b: Heracross|Heracross, M|100\/100\n|switch|p1b: Grimmsnarl|Grimmsnarl, M|100\/100\n|turn|4\n|\n|t:|1700275508\n|move|p1b: Grimmsnarl|Reflect|p1b: Grimmsnarl\n|-sidestart|p1: Drainville|Reflect\n|move|p2a: Maushold|Population Bomb|p1a: Heatran\n|-resisted|p1a: Heatran\n|-damage|p1a: Heatran|2\/100\n|-resisted|p1a: Heatran\n|-damage|p1a: Heatran|0 fnt\n|faint|p1a: Heatran\n|-hitcount|p1: Heatran|2\n|move|p2b: Heracross|Brick Break|p1b: Grimmsnarl\n|-sideend|p1: Drainville|Reflect\n|-damage|p1b: Grimmsnarl|51\/100\n|\n|-status|p2b: Heracross|brn|[from] item: Flame Orb\n|upkeep\n|\n|t:|1700275522\n|switch|p1a: Landorus|Landorus-Therian, M|100\/100\n|-ability|p1a: Landorus|Intimidate|boost\n|-unboost|p2a: Maushold|atk|1\n|-unboost|p2b: Heracross|atk|1\n|turn|5\n|\n|t:|1700275532\n|move|p1b: Grimmsnarl|Parting Shot|p2b: Heracross\n|-unboost|p2b: Heracross|atk|1\n|-unboost|p2b: Heracross|spa|1\n|\n|t:|1700275536\n|switch|p1b: Ting-Lu|Ting-Lu|100\/100|[from] Parting Shot\n|-ability|p1b: Ting-Lu|Vessel of Ruin\n|move|p1a: Landorus|Stone Edge|p2b: Heracross\n|-damage|p2b: Heracross|51\/100 brn\n|move|p2a: Maushold|Population Bomb|p1a: Landorus\n|-damage|p1a: Landorus|88\/100\n|-damage|p1a: Landorus|76\/100\n|-damage|p1a: Landorus|64\/100\n|-damage|p1a: Landorus|49\/100\n|-damage|p1a: Landorus|37\/100\n|-damage|p1a: Landorus|23\/100\n|-damage|p1a: Landorus|10\/100\n|-damage|p1a: Landorus|0 fnt\n|faint|p1a: Landorus\n|-hitcount|p1: Landorus|8\n|move|p2b: Heracross|Megahorn|p1b: Ting-Lu\n|-supereffective|p1b: Ting-Lu\n|-damage|p1b: Ting-Lu|49\/100\n|-damage|p2b: Heracross|34\/100 brn|[from] item: Rocky Helmet|[of] p1b: Ting-Lu\n|\n|-damage|p2b: Heracross|28\/100 brn|[from] brn\n|-fieldend|move: Gravity\n|upkeep\n|\n|t:|1700275559\n|switch|p1a: Kingambit|Kingambit, F|100\/100\n|-activate|p1a: Kingambit|ability: Supreme Overlord\n|-start|p1a: Kingambit|fallen3|[silent]\n|turn|6\n|\n|t:|1700275576\n|switch|p2a: Farigiraf|Farigiraf, M|40\/100\n|move|p2b: Heracross|Brick Break|p1a: Kingambit\n|-supereffective|p1a: Kingambit\n|-damage|p1a: Kingambit|0 fnt\n|faint|p1a: Kingambit\n|-end|p1a: Kingambit|fallen3|[silent]\n|move|p1b: Ting-Lu|Ruination|p2a: Farigiraf\n|-damage|p2a: Farigiraf|20\/100\n|\n|-damage|p2b: Heracross|22\/100 brn|[from] brn\n|upkeep\n|\n|t:|1700275586\n|switch|p1a: Grimmsnarl|Grimmsnarl, M|51\/100\n|turn|7\n|\n|t:|1700275603\n|switch|p2a: Flapple|Flapple, M|100\/100\n|move|p2b: Heracross|Brick Break|p1a: Grimmsnarl\n|-damage|p1a: Grimmsnarl|15\/100\n|move|p1a: Grimmsnarl|Spirit Break|p2b: Heracross\n|-supereffective|p2b: Heracross\n|-damage|p2b: Heracross|0 fnt\n|faint|p2b: Heracross\n|move|p1b: Ting-Lu|Throat Chop|p2a: Flapple\n|-damage|p2a: Flapple|46\/100\n|-start|p2a: Flapple|Throat Chop|[silent]\n|\n|upkeep\n|\n|t:|1700275609\n|switch|p2b: Maushold|Maushold|100\/100\n|turn|8\n|\n|t:|1700275623\n|move|p2a: Flapple|Grav Apple|p1b: Ting-Lu\n|-supereffective|p1b: Ting-Lu\n|-damage|p1b: Ting-Lu|0 fnt\n|faint|p1b: Ting-Lu\n|move|p2b: Maushold|Population Bomb|p1a: Grimmsnarl\n|-damage|p1a: Grimmsnarl|0 fnt\n|faint|p1a: Grimmsnarl\n|-hitcount|p1: Grimmsnarl|1\n|\n|win|glasses15\n|raw|Drainville's rating: 1203 &rarr; <strong>1179<\/strong><br \/>(-24 for losing)\n|raw|glasses15's rating: 1212 &rarr; <strong>1236<\/strong><br \/>(+24 for winning)\n|c|\u2606glasses15|gg\n|l|\u2606Drainville\n","uploadtime":1700275655,"views":65,"p1id":"drainville","p2id":"glasses15","formatid":"gen9doublesou","rating":1179,"private":0,"password":""}