{"id":"gen9doublesou-1998679237","p1":"vvuu","p2":"bruhschetta","format":"[Gen 9] Doubles OU","log":"|j|\u2606vvuu\n|j|\u2606bruhschetta\n|t:|1700971457\n|gametype|doubles\n|player|p1|vvuu|pokemonbreederf-gen6xy|1498\n|player|p2|bruhschetta|psychicf-gen4|1524\n|teamsize|p1|6\n|teamsize|p2|6\n|gen|9\n|tier|[Gen 9] Doubles OU\n|rated|\n|rule|Species Clause: Limit one of each Pok\u00e9mon\n|rule|OHKO Clause: OHKO moves are banned\n|rule|Evasion Moves Clause: Evasion moves are banned\n|rule|Gravity Sleep Clause: The combination of sleep-inducing moves with imperfect accuracy and Gravity or Gigantamax Orbeetle are banned\n|rule|Endless Battle Clause: Forcing endless battles is banned\n|rule|HP Percentage Mod: HP is shown in percentages\n|clearpoke\n|poke|p1|Grimmsnarl, M|\n|poke|p1|Garganacl, F|\n|poke|p1|Goodra-Hisui, M|\n|poke|p1|Skeledirge, M|\n|poke|p1|Sinistcha|\n|poke|p1|Qwilfish-Hisui, F|\n|poke|p2|Ting-Lu|\n|poke|p2|Heatran, M|\n|poke|p2|Sinistcha|\n|poke|p2|Palafin, F|\n|poke|p2|Rillaboom, M|\n|poke|p2|Diancie|\n|teampreview\n|\n|t:|1700971535\n|start\n|switch|p1a: Grimmsnarl|Grimmsnarl, M, shiny|100\/100\n|switch|p1b: Goodra|Goodra-Hisui, M|100\/100\n|switch|p2a: Palafin|Palafin, F|100\/100\n|switch|p2b: Sinistcha|Sinistcha|100\/100\n|turn|1\n|l|\u2606bruhschetta\n|player|p2|\n|inactive|Battle timer is ON: inactive players will automatically lose when time's up. (requested by vvuu)\n|inactiveoff|Battle timer is now OFF.\n|j|\u2606bruhschetta\n|player|p2|bruhschetta|psychicf-gen4\n|\n|t:|1700971568\n|detailschange|p2a: Palafin|Palafin-Hero, F\n|switch|p2a: Heatran|Heatran, M|100\/100\n|move|p1a: Grimmsnarl|Reflect|p1a: Grimmsnarl\n|-sidestart|p1: vvuu|Reflect\n|move|p2b: Sinistcha|Matcha Gotcha|p1a: Grimmsnarl|[spread] p1a\n|-ability|p1b: Goodra|Sap Sipper|boost\n|-boost|p1b: Goodra|atk|1\n|-damage|p1a: Grimmsnarl|77\/100\n|move|p1b: Goodra|Shelter|p1b: Goodra\n|-boost|p1b: Goodra|def|2\n|\n|upkeep\n|turn|2\n|j| eadeon\n|\n|t:|1700971646\n|switch|p2b: Palafin|Palafin-Hero, F|100\/100\n|-activate|p2b: Palafin|ability: Zero to Hero\n|move|p1a: Grimmsnarl|Light Screen|p1a: Grimmsnarl\n|-sidestart|p1: vvuu|move: Light Screen\n|move|p2a: Heatran|Earth Power|p1b: Goodra\n|-supereffective|p1b: Goodra\n|-damage|p1b: Goodra|75\/100\n|move|p1b: Goodra|Muddy Water|p2b: Palafin|[spread] p2a,p2b\n|-supereffective|p2a: Heatran\n|-resisted|p2b: Palafin\n|-damage|p2a: Heatran|81\/100\n|-damage|p2b: Palafin|94\/100\n|-unboost|p2b: Palafin|accuracy|1\n|\n|-heal|p2b: Palafin|100\/100|[from] item: Leftovers\n|-heal|p1b: Goodra|81\/100|[from] item: Leftovers\n|upkeep\n|turn|3\n|\n|t:|1700971668\n|switch|p2b: Rillaboom|Rillaboom, M|100\/100\n|-fieldstart|move: Grassy Terrain|[from] ability: Grassy Surge|[of] p2b: Rillaboom\n|-terastallize|p1b: Goodra|Water\n|move|p1a: Grimmsnarl|Parting Shot|p2b: Rillaboom\n|-unboost|p2b: Rillaboom|atk|1\n|-unboost|p2b: Rillaboom|spa|1\n|\n|t:|1700971686\n|switch|p1a: Garganacl|Garganacl, F|100\/100|[from] Parting Shot\n|move|p2a: Heatran|Earth Power|p1b: Goodra\n|-damage|p1b: Goodra|69\/100\n|move|p1b: Goodra|Shelter|p1b: Goodra\n|-boost|p1b: Goodra|def|2\n|\n|-heal|p2a: Heatran|87\/100|[from] Grassy Terrain\n|-heal|p1b: Goodra|75\/100|[from] Grassy Terrain\n|-heal|p1b: Goodra|81\/100|[from] item: Leftovers\n|upkeep\n|turn|4\n|\n|t:|1700971698\n|-terastallize|p2a: Heatran|Grass\n|move|p2b: Rillaboom|Wood Hammer|p1b: Goodra\n|-ability|p1b: Goodra|Sap Sipper|boost\n|-boost|p1b: Goodra|atk|1\n|move|p2a: Heatran|Tera Blast|p1b: Goodra|[anim] Tera Blast Grass\n|-ability|p1b: Goodra|Sap Sipper|boost\n|-boost|p1b: Goodra|atk|1\n|move|p1b: Goodra|Body Press|p2a: Heatran\n|-damage|p2a: Heatran|44\/100\n|move|p1a: Garganacl|Iron Defense|p1a: Garganacl\n|-boost|p1a: Garganacl|def|2\n|\n|-heal|p2a: Heatran|50\/100|[from] Grassy Terrain\n|-heal|p1b: Goodra|87\/100|[from] Grassy Terrain\n|-heal|p1b: Goodra|93\/100|[from] item: Leftovers\n|upkeep\n|turn|5\n|c|\u2606bruhschetta|I FORGOT\n|\n|t:|1700971718\n|move|p2b: Rillaboom|U-turn|p1a: Garganacl\n|-damage|p1a: Garganacl|97\/100\n|\n|t:|1700971730\n|switch|p2b: Palafin|Palafin-Hero, F|100\/100|[from] U-turn\n|move|p2a: Heatran|Tera Blast|p1a: Garganacl|[anim] Tera Blast Grass\n|-supereffective|p1a: Garganacl\n|-damage|p1a: Garganacl|42\/100\n|move|p1b: Goodra|Body Press|p2a: Heatran\n|-damage|p2a: Heatran|5\/100\n|move|p1a: Garganacl|Recover|p1a: Garganacl\n|-heal|p1a: Garganacl|92\/100\n|\n|-heal|p2a: Heatran|11\/100|[from] Grassy Terrain\n|-heal|p1b: Goodra|99\/100|[from] Grassy Terrain\n|-heal|p1b: Goodra|100\/100|[from] item: Leftovers\n|-heal|p1a: Garganacl|99\/100|[from] Grassy Terrain\n|-heal|p1a: Garganacl|100\/100|[from] item: Leftovers\n|-sideend|p1: vvuu|Reflect\n|upkeep\n|turn|6\n|c|\u2606bruhschetta|gg\n|-message|bruhschetta forfeited.\n|\n|win|vvuu\n|raw|vvuu's rating: 1498 &rarr; <strong>1519<\/strong><br \/>(+21 for winning)\n|raw|bruhschetta's rating: 1524 &rarr; <strong>1503<\/strong><br \/>(-21 for losing)\n|l|\u2606bruhschetta\n","uploadtime":1700971748,"views":18,"p1id":"vvuu","p2id":"bruhschetta","formatid":"gen9doublesou","rating":1503,"private":0,"password":""}