{"id":"gen9doublesou-1971682693","p1":"Champion's Melody","p2":"Surrender now fool","format":"[Gen 9] Doubles OU","log":"|j|\u2606Champion's Melody\n|j|\u2606Surrender now fool\n|t:|1697760685\n|gametype|doubles\n|player|p1|Champion's Melody|cynthia|1069\n|player|p2|Surrender now fool|giovanni|1000\n|teamsize|p1|6\n|teamsize|p2|6\n|gen|9\n|tier|[Gen 9] Doubles OU\n|rated|\n|rule|Species Clause: Limit one of each Pok\u00e9mon\n|rule|OHKO Clause: OHKO moves are banned\n|rule|Evasion Moves Clause: Evasion moves are banned\n|rule|Gravity Sleep Clause: The combination of sleep-inducing moves with imperfect accuracy and Gravity or Gigantamax Orbeetle are banned\n|rule|Endless Battle Clause: Forcing endless battles is banned\n|rule|HP Percentage Mod: HP is shown in percentages\n|clearpoke\n|poke|p1|Lurantis, M|\n|poke|p1|Clefable, F|\n|poke|p1|Oranguru, F|\n|poke|p1|Slaking, F|\n|poke|p1|Weezing-Galar, M|\n|poke|p1|Kommo-o, M|\n|poke|p2|Raichu-Alola, F|\n|poke|p2|Regieleki|\n|poke|p2|Kingambit, M|\n|poke|p2|Diancie|\n|poke|p2|Azumarill, M|\n|poke|p2|Ribombee, M|\n|teampreview\n|inactive|Battle timer is ON: inactive players will automatically lose when time's up. (requested by Surrender now fool)\n|inactive|Champion's Melody also wants the timer to be on.\n|\n|t:|1697760702\n|start\n|switch|p1a: Clefable|Clefable, F|100\/100\n|switch|p1b: Kommo-o|Kommo-o, M|100\/100\n|switch|p2a: Diancie|Diancie, shiny|100\/100\n|switch|p2b: Regieleki|Regieleki, shiny|100\/100\n|turn|1\n|c|\u2606Surrender now fool|glhf\n|\n|t:|1697760718\n|move|p2b: Regieleki|Electric Terrain|p2b: Regieleki\n|-fieldstart|move: Electric Terrain\n|move|p1b: Kommo-o|Clangorous Soul|p1b: Kommo-o\n|-boost|p1b: Kommo-o|atk|1\n|-boost|p1b: Kommo-o|def|1\n|-boost|p1b: Kommo-o|spa|1\n|-boost|p1b: Kommo-o|spd|1\n|-boost|p1b: Kommo-o|spe|1\n|-damage|p1b: Kommo-o|68\/100\n|move|p1a: Clefable|Cosmic Power|p1a: Clefable\n|-boost|p1a: Clefable|def|1\n|-boost|p1a: Clefable|spd|1\n|move|p2a: Diancie|Stealth Rock|p1b: Kommo-o\n|-sidestart|p1: Champion's Melody|move: Stealth Rock\n|\n|upkeep\n|turn|2\n|\n|t:|1697760747\n|move|p1a: Clefable|Follow Me|p1a: Clefable\n|-singleturn|p1a: Clefable|move: Follow Me\n|move|p2b: Regieleki|Thunder Cage|p1a: Clefable\n|-damage|p1a: Clefable|69\/100\n|-activate|p1a: Clefable|move: Thunder Cage|[of] p2b: Regieleki\n|move|p1b: Kommo-o|Clangorous Soul|p1b: Kommo-o\n|-boost|p1b: Kommo-o|atk|1\n|-boost|p1b: Kommo-o|def|1\n|-boost|p1b: Kommo-o|spa|1\n|-boost|p1b: Kommo-o|spd|1\n|-boost|p1b: Kommo-o|spe|1\n|-damage|p1b: Kommo-o|35\/100\n|move|p2a: Diancie|Spikes|p1a: Clefable\n|-sidestart|p1: Champion's Melody|Spikes\n|\n|-heal|p1a: Clefable|75\/100|[from] item: Leftovers\n|upkeep\n|turn|3\n|\n|t:|1697760775\n|move|p2b: Regieleki|Thunder Cage|p1b: Kommo-o\n|-resisted|p1b: Kommo-o\n|-damage|p1b: Kommo-o|19\/100\n|-activate|p1b: Kommo-o|move: Thunder Cage|[of] p2b: Regieleki\n|move|p1b: Kommo-o|Rest||[still]\n|-activate|p1b: Kommo-o|move: Electric Terrain\n|-fail|p1b: Kommo-o\n|move|p1a: Clefable|Cosmic Power|p1a: Clefable\n|-boost|p1a: Clefable|def|1\n|-boost|p1a: Clefable|spd|1\n|move|p2a: Diancie|Play Rough|p1b: Kommo-o\n|-supereffective|p1b: Kommo-o\n|-damage|p1b: Kommo-o|0 fnt\n|faint|p1b: Kommo-o\n|\n|-heal|p1a: Clefable|81\/100|[from] item: Leftovers\n|upkeep\n|inactive|Champion's Melody has 120 seconds left.\n|\n|t:|1697760789\n|switch|p1b: Oranguru|Oranguru, F|100\/100\n|-damage|p1b: Oranguru|88\/100|[from] Stealth Rock\n|-damage|p1b: Oranguru|75\/100|[from] Spikes\n|turn|4\n|\n|t:|1697760803\n|move|p2b: Regieleki|Thunder Cage|p1b: Oranguru\n|-damage|p1b: Oranguru|35\/100\n|-activate|p1b: Oranguru|move: Thunder Cage|[of] p2b: Regieleki\n|move|p1a: Clefable|Cosmic Power|p1a: Clefable\n|-boost|p1a: Clefable|def|1\n|-boost|p1a: Clefable|spd|1\n|move|p1b: Oranguru|Psych Up|p1a: Clefable\n|-copyboost|p1b: Oranguru|p1a: Clefable|[from] move: Psych Up\n|move|p2a: Diancie|Spikes|p1b: Oranguru\n|-sidestart|p1: Champion's Melody|Spikes\n|\n|-heal|p1a: Clefable|87\/100|[from] item: Leftovers\n|-heal|p1b: Oranguru|41\/100|[from] item: Leftovers\n|-damage|p1b: Oranguru|28\/100|[from] move: Thunder Cage|[partiallytrapped]\n|upkeep\n|turn|5\n|\n|t:|1697760829\n|move|p1a: Clefable|Follow Me|p1a: Clefable\n|-singleturn|p1a: Clefable|move: Follow Me\n|move|p2b: Regieleki|Thunder Cage|p1a: Clefable\n|-damage|p1a: Clefable|69\/100\n|move|p1b: Oranguru|Foul Play|p2b: Regieleki\n|-damage|p2b: Regieleki|67\/100\n|move|p2a: Diancie|Spikes|p1b: Oranguru\n|-sidestart|p1: Champion's Melody|Spikes\n|\n|-heal|p1b: Oranguru|35\/100|[from] item: Leftovers\n|-heal|p1a: Clefable|75\/100|[from] item: Leftovers\n|-damage|p1b: Oranguru|22\/100|[from] move: Thunder Cage|[partiallytrapped]\n|-fieldend|move: Electric Terrain\n|upkeep\n|turn|6\n|\n|t:|1697760848\n|move|p2b: Regieleki|Thunder Cage|p1a: Clefable\n|-damage|p1a: Clefable|61\/100\n|move|p1b: Oranguru|Future Sight|p2a: Diancie\n|-start|p1b: Oranguru|move: Future Sight\n|move|p1a: Clefable|Cosmic Power|p1a: Clefable\n|-boost|p1a: Clefable|def|1\n|-boost|p1a: Clefable|spd|1\n|move|p2a: Diancie|Diamond Storm|p1b: Oranguru|[spread] p1b\n|-miss|p2a: Diancie|p1a: Clefable\n|-crit|p1b: Oranguru\n|-damage|p1b: Oranguru|0 fnt\n|-boost|p2a: Diancie|def|2\n|faint|p1b: Oranguru\n|\n|-heal|p1a: Clefable|67\/100|[from] item: Leftovers\n|-end|p1a: Clefable|Thunder Cage|[partiallytrapped]\n|upkeep\n|\n|t:|1697760862\n|switch|p1b: Lurantis|Lurantis, M|100\/100\n|-damage|p1b: Lurantis|88\/100|[from] Stealth Rock\n|-damage|p1b: Lurantis|63\/100|[from] Spikes\n|turn|7\n|\n|t:|1697760870\n|move|p1a: Clefable|Follow Me|p1a: Clefable\n|-singleturn|p1a: Clefable|move: Follow Me\n|move|p2b: Regieleki|Electric Terrain|p2b: Regieleki\n|-fieldstart|move: Electric Terrain\n|move|p2a: Diancie|Diamond Storm|p1a: Clefable|[spread] p1a,p1b\n|-damage|p1a: Clefable|57\/100\n|-damage|p1b: Lurantis|37\/100\n|move|p1b: Lurantis|Leaf Storm|p2a: Diancie\n|-supereffective|p2a: Diancie\n|-damage|p2a: Diancie|19\/100\n|-boost|p1b: Lurantis|spa|2\n|\n|-heal|p1a: Clefable|63\/100|[from] item: Leftovers\n|upkeep\n|turn|8\n|\n|t:|1697760894\n|move|p1a: Clefable|Follow Me|p1a: Clefable\n|-singleturn|p1a: Clefable|move: Follow Me\n|move|p2b: Regieleki|Thunder Cage|p1a: Clefable\n|-damage|p1a: Clefable|48\/100\n|-activate|p1a: Clefable|move: Thunder Cage|[of] p2b: Regieleki\n|move|p2a: Diancie|Diamond Storm|p1a: Clefable|[spread] p1a,p1b\n|-damage|p1a: Clefable|38\/100\n|-damage|p1b: Lurantis|11\/100\n|move|p1b: Lurantis|Leaf Storm|p2a: Diancie\n|-supereffective|p2a: Diancie\n|-damage|p2a: Diancie|0 fnt\n|-boost|p1b: Lurantis|spa|2\n|faint|p2a: Diancie\n|\n|-hint|Future Sight did not hit because the target is fainted.\n|-heal|p1a: Clefable|44\/100|[from] item: Leftovers\n|upkeep\n|inactive|Surrender now fool has 120 seconds left.\n|\n|t:|1697760915\n|switch|p2a: Raichu|Raichu-Alola, F, shiny|100\/100\n|turn|9\n|\n|t:|1697760928\n|move|p1a: Clefable|Follow Me|p1a: Clefable\n|-singleturn|p1a: Clefable|move: Follow Me\n|move|p2a: Raichu|Tera Blast|p1a: Clefable\n|-crit|p1a: Clefable\n|-damage|p1a: Clefable|13\/100\n|-damage|p2a: Raichu|91\/100|[from] item: Life Orb\n|move|p2b: Regieleki|Thunder Cage|p1a: Clefable\n|-damage|p1a: Clefable|0 fnt\n|faint|p1a: Clefable\n|move|p1b: Lurantis|Superpower|p2b: Regieleki\n|-damage|p2b: Regieleki|0 fnt\n|-boost|p1b: Lurantis|atk|1\n|-boost|p1b: Lurantis|def|1\n|faint|p2b: Regieleki\n|\n|upkeep\n|\n|t:|1697760947\n|switch|p2b: Azumarill|Azumarill, M, shiny|100\/100\n|switch|p1a: Weezing|Weezing-Galar, M|100\/100\n|-ability|p1a: Weezing|Neutralizing Gas\n|-damage|p1a: Weezing|88\/100|[from] Stealth Rock\n|-damage|p1a: Weezing|63\/100|[from] Spikes\n|turn|10\n|\n|t:|1697760965\n|-terastallize|p2a: Raichu|Ice\n|-terastallize|p1b: Lurantis|Bug\n|move|p2b: Azumarill|Aqua Jet|p1b: Lurantis\n|-damage|p1b: Lurantis|3\/100\n|move|p2a: Raichu|Nasty Plot|p2a: Raichu\n|-boost|p2a: Raichu|spa|2\n|move|p1a: Weezing|Gunk Shot|p2b: Azumarill|[miss]\n|-miss|p1a: Weezing|p2b: Azumarill\n|move|p1b: Lurantis|Leech Life|p2a: Raichu\n|-damage|p2a: Raichu|0 fnt\n|-heal|p1b: Lurantis|38\/100|[from] drain|[of] p2a: Raichu\n|faint|p2a: Raichu\n|\n|upkeep\n|\n|t:|1697760979\n|switch|p2a: Ribombee|Ribombee, M, shiny|100\/100\n|turn|11\n|\n|t:|1697760992\n|move|p2a: Ribombee|Skill Swap|p2b: Azumarill\n|-activate|p2a: Ribombee|move: Skill Swap|||[of] p2b: Azumarill\n|move|p1a: Weezing|Gunk Shot|p2a: Ribombee\n|-supereffective|p2a: Ribombee\n|-damage|p2a: Ribombee|0 fnt\n|faint|p2a: Ribombee\n|move|p2b: Azumarill|Ice Spinner|p1b: Lurantis\n|-damage|p1b: Lurantis|26\/100\n|-fieldend|move: Electric Terrain\n|move|p1b: Lurantis|Ingrain|p1b: Lurantis\n|-start|p1b: Lurantis|move: Ingrain\n|\n|-heal|p1b: Lurantis|33\/100|[from] Ingrain\n|upkeep\n|\n|t:|1697760999\n|switch|p2a: Kingambit|Kingambit, M, shiny|100\/100\n|turn|12\n|\n|t:|1697761015\n|move|p1a: Weezing|Gunk Shot|p2b: Azumarill\n|-supereffective|p2b: Azumarill\n|-damage|p2b: Azumarill|0 fnt\n|faint|p2b: Azumarill\n|move|p2a: Kingambit|Iron Head|p1b: Lurantis\n|-damage|p1b: Lurantis|0 fnt\n|faint|p1b: Lurantis\n|-damage|p2a: Kingambit|91\/100|[from] item: Life Orb\n|\n|upkeep\n|-message|Surrender now fool forfeited.\n|\n|win|Champion's Melody\n|raw|Champion&apos;s Melody's rating: 1069 &rarr; <strong>1093<\/strong><br \/>(+24 for winning)\n|raw|Surrender now fool's rating: 1000 &rarr; <strong>1000<\/strong><br \/>(+0 for losing)\n|l|\u2606Surrender now fool\n","uploadtime":1697761026,"views":16,"p1id":"championsmelody","p2id":"surrendernowfool","formatid":"gen9doublesou","rating":1000,"private":0,"password":""}