{"id":"gen9doublesou-1992179174","p1":"Tranquilskink","p2":"Spearowl","format":"[Gen 9] Doubles OU","log":"|j|\u2606Tranquilskink\n|j|\u2606Spearowl\n|t:|1700161563\n|gametype|doubles\n|player|p1|Tranquilskink|265|1490\n|player|p2|Spearowl|170|1427\n|teamsize|p1|6\n|teamsize|p2|6\n|gen|9\n|tier|[Gen 9] Doubles OU\n|rated|\n|rule|Species Clause: Limit one of each Pok\u00e9mon\n|rule|OHKO Clause: OHKO moves are banned\n|rule|Evasion Moves Clause: Evasion moves are banned\n|rule|Gravity Sleep Clause: The combination of sleep-inducing moves with imperfect accuracy and Gravity or Gigantamax Orbeetle are banned\n|rule|Endless Battle Clause: Forcing endless battles is banned\n|rule|HP Percentage Mod: HP is shown in percentages\n|clearpoke\n|poke|p1|Moltres-Galar|\n|poke|p1|Arcanine-Hisui, M|\n|poke|p1|Munkidori, M|\n|poke|p1|Sinistcha|\n|poke|p1|Grimmsnarl, M|\n|poke|p1|Milotic, F|\n|poke|p2|Dipplin, M|\n|poke|p2|Iron Bundle|\n|poke|p2|Chi-Yu|\n|poke|p2|Torkoal, M|\n|poke|p2|Chien-Pao|\n|poke|p2|Flutter Mane|\n|teampreview\n|inactive|Battle timer is ON: inactive players will automatically lose when time's up. (requested by Spearowl)\n|\n|t:|1700161577\n|start\n|switch|p1a: Grimmsnarl|Grimmsnarl, M|100\/100\n|switch|p1b: Munkidori|Munkidori, M|100\/100\n|switch|p2a: Dipplin|Dipplin, M|100\/100\n|switch|p2b: Iron Bundle|Iron Bundle|100\/100\n|-item|p2a: Dipplin|Eviolite|[from] ability: Frisk|[of] p1b: Munkidori|[identify]\n|-item|p2b: Iron Bundle|Booster Energy|[from] ability: Frisk|[of] p1b: Munkidori|[identify]\n|-ability|p2a: Dipplin|Supersweet Syrup\n|-ability|p2a: Dipplin|Supersweet Syrup|boost\n|-unboost|p1a: Grimmsnarl|evasion|1\n|-unboost|p1b: Munkidori|evasion|1\n|-enditem|p2b: Iron Bundle|Booster Energy\n|-activate|p2b: Iron Bundle|ability: Quark Drive|[fromitem]\n|-start|p2b: Iron Bundle|quarkdrivespa\n|turn|1\n|\n|t:|1700161601\n|move|p2a: Dipplin|Protect|p2a: Dipplin\n|-singleturn|p2a: Dipplin|Protect\n|move|p1b: Munkidori|Fake Out|p2b: Iron Bundle\n|-damage|p2b: Iron Bundle|93\/100\n|move|p1a: Grimmsnarl|Light Screen|p1a: Grimmsnarl\n|-sidestart|p1: Tranquilskink|move: Light Screen\n|cant|p2b: Iron Bundle|flinch\n|\n|upkeep\n|turn|2\n|\n|t:|1700161617\n|move|p1a: Grimmsnarl|Parting Shot|p2b: Iron Bundle\n|-unboost|p2b: Iron Bundle|atk|1\n|-unboost|p2b: Iron Bundle|spa|1\n|\n|t:|1700161623\n|switch|p1a: Arcanine|Arcanine-Hisui, M|100\/100|[from] Parting Shot\n|-ability|p1a: Arcanine|Intimidate|boost\n|-unboost|p2a: Dipplin|atk|1\n|-unboost|p2b: Iron Bundle|atk|1\n|move|p2b: Iron Bundle|Blizzard|p1a: Arcanine|[spread] p1a,p1b\n|-resisted|p1a: Arcanine\n|-damage|p1a: Arcanine|92\/100\n|-damage|p1b: Munkidori|69\/100\n|move|p1b: Munkidori|Sludge Bomb|p2a: Dipplin\n|-supereffective|p2a: Dipplin\n|-damage|p2a: Dipplin|46\/100\n|move|p2a: Dipplin|Syrup Bomb|p1b: Munkidori\n|-resisted|p1b: Munkidori\n|-damage|p1b: Munkidori|59\/100\n|-start|p1b: Munkidori|Syrup Bomb\n|\n|-unboost|p1b: Munkidori|spe|1\n|upkeep\n|turn|3\n|\n|t:|1700161652\n|-terastallize|p1a: Arcanine|Fairy\n|move|p2b: Iron Bundle|Hydro Pump|p1a: Arcanine\n|-damage|p1a: Arcanine|67\/100\n|move|p1a: Arcanine|Rock Slide|p2a: Dipplin|[spread] p2a,p2b\n|-supereffective|p2b: Iron Bundle\n|-damage|p2a: Dipplin|28\/100\n|-damage|p2b: Iron Bundle|21\/100\n|move|p1b: Munkidori|Sludge Bomb|p2a: Dipplin\n|-supereffective|p2a: Dipplin\n|-damage|p2a: Dipplin|0 fnt\n|faint|p2a: Dipplin\n|\n|-unboost|p1b: Munkidori|spe|1\n|upkeep\n|\n|t:|1700161658\n|switch|p2a: Torkoal|Torkoal, M|100\/100\n|-weather|SunnyDay|[from] ability: Drought|[of] p2a: Torkoal\n|turn|4\n|\n|t:|1700161676\n|move|p2b: Iron Bundle|Icy Wind|p1b: Munkidori|[spread] p1a,p1b\n|-damage|p1a: Arcanine|57\/100\n|-damage|p1b: Munkidori|44\/100\n|-unboost|p1a: Arcanine|spe|1\n|-unboost|p1b: Munkidori|spe|1\n|move|p1a: Arcanine|Rock Slide|p2b: Iron Bundle|[spread] p2a,p2b\n|-supereffective|p2a: Torkoal\n|-supereffective|p2b: Iron Bundle\n|-damage|p2a: Torkoal|57\/100\n|-damage|p2b: Iron Bundle|0 fnt\n|faint|p2b: Iron Bundle\n|-end|p2b: Iron Bundle|Quark Drive|[silent]\n|move|p1b: Munkidori|Parting Shot|p2a: Torkoal\n|-unboost|p2a: Torkoal|atk|1\n|-unboost|p2a: Torkoal|spa|1\n|inactive|Tranquilskink has 120 seconds left.\n|\n|t:|1700161703\n|switch|p1b: Milotic|Milotic, F|100\/100|[from] Parting Shot\n|move|p2a: Torkoal|Yawn|p1a: Arcanine\n|-start|p1a: Arcanine|move: Yawn|[of] p2a: Torkoal\n|\n|-weather|SunnyDay|[upkeep]\n|upkeep\n|\n|t:|1700161708\n|switch|p2b: Flutter Mane|Flutter Mane, shiny|100\/100\n|-activate|p2b: Flutter Mane|ability: Protosynthesis\n|-start|p2b: Flutter Mane|protosynthesisspe\n|turn|5\n|\n|t:|1700161731\n|switch|p1a: Grimmsnarl|Grimmsnarl, M|100\/100\n|move|p2b: Flutter Mane|Dazzling Gleam|p1b: Milotic|[spread] p1a,p1b\n|-supereffective|p1a: Grimmsnarl\n|-damage|p1a: Grimmsnarl|41\/100\n|-damage|p1b: Milotic|78\/100\n|move|p1b: Milotic|Hypnosis|p2b: Flutter Mane|[miss]\n|-miss|p1b: Milotic|p2b: Flutter Mane\n|move|p2a: Torkoal|Yawn|p1b: Milotic\n|-start|p1b: Milotic|move: Yawn|[of] p2a: Torkoal\n|\n|-weather|SunnyDay|[upkeep]\n|upkeep\n|turn|6\n|\n|t:|1700161751\n|switch|p1b: Munkidori|Munkidori, M|44\/100\n|-item|p2a: Torkoal|Heat Rock|[from] ability: Frisk|[of] p1b: Munkidori|[identify]\n|-item|p2b: Flutter Mane|Choice Specs|[from] ability: Frisk|[of] p1b: Munkidori|[identify]\n|move|p1a: Grimmsnarl|Parting Shot|p2b: Flutter Mane\n|-unboost|p2b: Flutter Mane|atk|1\n|-unboost|p2b: Flutter Mane|spa|1\n|inactive|Tranquilskink has 120 seconds left.\n|\n|t:|1700161768\n|switch|p1a: Arcanine|Arcanine-Hisui, M, tera:Fairy|57\/100|[from] Parting Shot\n|-ability|p1a: Arcanine|Intimidate|boost\n|-unboost|p2a: Torkoal|atk|1\n|-unboost|p2b: Flutter Mane|atk|1\n|move|p2b: Flutter Mane|Dazzling Gleam|p1b: Munkidori|[spread] p1a,p1b\n|-resisted|p1b: Munkidori\n|-damage|p1a: Arcanine|40\/100\n|-damage|p1b: Munkidori|31\/100\n|move|p2a: Torkoal|Yawn|p1a: Arcanine\n|-start|p1a: Arcanine|move: Yawn|[of] p2a: Torkoal\n|\n|-weather|SunnyDay|[upkeep]\n|upkeep\n|turn|7\n|inactive|Tranquilskink has 120 seconds left.\n|\n|t:|1700161797\n|-end|p2b: Flutter Mane|Protosynthesis|[silent]\n|switch|p2b: Chien-Pao|Chien-Pao|100\/100\n|-ability|p2b: Chien-Pao|Sword of Ruin\n|move|p1b: Munkidori|Fake Out|p2a: Torkoal\n|-damage|p2a: Torkoal|50\/100\n|move|p1a: Arcanine|Rock Slide|p2a: Torkoal|[spread] p2a,p2b\n|-supereffective|p2a: Torkoal\n|-supereffective|p2b: Chien-Pao\n|-damage|p2a: Torkoal|0 fnt\n|-damage|p2b: Chien-Pao|24\/100\n|faint|p2a: Torkoal\n|\n|-weather|SunnyDay|[upkeep]\n|-end|p1a: Arcanine|move: Yawn|[silent]\n|-status|p1a: Arcanine|slp\n|upkeep\n|\n|t:|1700161802\n|switch|p2a: Chi-Yu|Chi-Yu|100\/100\n|-ability|p2a: Chi-Yu|Beads of Ruin\n|turn|8\n|\n|t:|1700161824\n|-terastallize|p2a: Chi-Yu|Fire\n|cant|p1a: Arcanine|slp\n|move|p2a: Chi-Yu|Heat Wave|p1b: Munkidori|[spread] p1a,p1b\n|-damage|p1a: Arcanine|0 fnt\n|-damage|p1b: Munkidori|0 fnt\n|faint|p1a: Arcanine\n|faint|p1b: Munkidori\n|move|p2b: Chien-Pao|Crunch|p1: Arcanine|[notarget]\n|-fail|p2b: Chien-Pao\n|\n|-weather|SunnyDay|[upkeep]\n|-sideend|p1: Tranquilskink|move: Light Screen\n|upkeep\n|inactive|Tranquilskink has 120 seconds left.\n|\n|t:|1700161840\n|switch|p1b: Milotic|Milotic, F|78\/100\n|switch|p1a: Grimmsnarl|Grimmsnarl, M|41\/100\n|turn|9\n|\n|t:|1700161859\n|move|p1a: Grimmsnarl|Light Screen|p1a: Grimmsnarl\n|-sidestart|p1: Tranquilskink|move: Light Screen\n|move|p2a: Chi-Yu|Heat Wave|p1a: Grimmsnarl|[spread] p1a,p1b\n|-resisted|p1b: Milotic\n|-damage|p1a: Grimmsnarl|0 fnt\n|-damage|p1b: Milotic|51\/100\n|faint|p1a: Grimmsnarl\n|move|p2b: Chien-Pao|Sacred Sword|p1b: Milotic\n|-damage|p1b: Milotic|0 fnt\n|faint|p1b: Milotic\n|-damage|p2b: Chien-Pao|14\/100|[from] item: Life Orb\n|\n|-weather|SunnyDay|[upkeep]\n|upkeep\n|\n|t:|1700161873\n|switch|p1b: Sinistcha|Sinistcha|100\/100\n|switch|p1a: Moltres|Moltres-Galar|100\/100\n|turn|10\n|\n|t:|1700161893\n|move|p2a: Chi-Yu|Heat Wave|p1b: Sinistcha|[spread] p1a,p1b\n|-supereffective|p1b: Sinistcha\n|-damage|p1a: Moltres|54\/100\n|-damage|p1b: Sinistcha|0 fnt\n|faint|p1b: Sinistcha\n|move|p2b: Chien-Pao|Ice Spinner|p1a: Moltres\n|-supereffective|p1a: Moltres\n|-damage|p1a: Moltres|0 fnt\n|faint|p1a: Moltres\n|-damage|p2b: Chien-Pao|4\/100|[from] item: Life Orb\n|\n|win|Spearowl\n|raw|Tranquilskink's rating: 1490 &rarr; <strong>1466<\/strong><br \/>(-24 for losing)\n|raw|Spearowl's rating: 1427 &rarr; <strong>1451<\/strong><br \/>(+24 for winning)\n|l|\u2606Tranquilskink\n","uploadtime":1700162067,"views":6,"p1id":"tranquilskink","p2id":"spearowl","formatid":"gen9doublesou","rating":1451,"private":0,"password":""}