{"id":"gen9doublesou-1974512109","p1":"newplayerbenice","p2":"Pohja","format":"[Gen 9] Doubles OU","log":"|j|\u2606newplayerbenice\n|j|\u2606Pohja\n|t:|1698093153\n|gametype|doubles\n|player|p1|newplayerbenice|265|1010\n|player|p2|Pohja|liza|1013\n|teamsize|p1|6\n|teamsize|p2|6\n|gen|9\n|tier|[Gen 9] Doubles OU\n|rated|\n|rule|Species Clause: Limit one of each Pok\u00e9mon\n|rule|OHKO Clause: OHKO moves are banned\n|rule|Evasion Moves Clause: Evasion moves are banned\n|rule|Gravity Sleep Clause: The combination of sleep-inducing moves with imperfect accuracy and Gravity or Gigantamax Orbeetle are banned\n|rule|Endless Battle Clause: Forcing endless battles is banned\n|rule|HP Percentage Mod: HP is shown in percentages\n|clearpoke\n|poke|p1|Gyarados, F|\n|poke|p1|Tornadus, M|\n|poke|p1|Iron Hands|\n|poke|p1|Orthworm, F|\n|poke|p1|Tauros-Paldea-Blaze, M|\n|poke|p1|Oranguru, M|\n|poke|p2|Noctowl, F|\n|poke|p2|Glimmora, F|\n|poke|p2|Blissey, F|\n|poke|p2|Clefable, M|\n|poke|p2|Clefairy, F|\n|poke|p2|Dragonite, F|\n|teampreview\n|inactive|Battle timer is ON: inactive players will automatically lose when time's up. (requested by Pohja)\n|\n|t:|1698093173\n|start\n|switch|p1a: Tornadus|Tornadus, M, shiny|100\/100\n|switch|p1b: Orthworm|Orthworm, F|100\/100\n|switch|p2a: Glimmora|Glimmora, F|100\/100\n|switch|p2b: Blissey|Blissey, F|100\/100\n|turn|1\n|\n|t:|1698093184\n|move|p1a: Tornadus|Tailwind|p1a: Tornadus\n|-sidestart|p1: newplayerbenice|move: Tailwind\n|move|p1b: Orthworm|Shed Tail|p1b: Orthworm\n|-start|p1b: Orthworm|Substitute|[from] move: Shed Tail\n|-damage|p1b: Orthworm|50\/100\n|-enditem|p1b: Orthworm|Sitrus Berry|[eat]\n|-heal|p1b: Orthworm|75\/100|[from] item: Sitrus Berry\n|\n|t:|1698093208\n|switch|p1b: Gyarados|Gyarados, F|100\/100|[from] Shed Tail\n|-ability|p1b: Gyarados|Intimidate|boost\n|-unboost|p2a: Glimmora|atk|1\n|-unboost|p2b: Blissey|atk|1\n|move|p2a: Glimmora|Stealth Rock|p1b: Gyarados\n|-sidestart|p1: newplayerbenice|move: Stealth Rock\n|move|p2b: Blissey|Heal Pulse|p2a: Glimmora\n|-fail|p2a: Glimmora|heal\n|\n|upkeep\n|turn|2\n|\n|t:|1698093232\n|move|p1a: Tornadus|U-turn|p2b: Blissey\n|-damage|p2b: Blissey|87\/100\n|\n|t:|1698093242\n|switch|p1a: Oranguru|Oranguru, M|100\/100|[from] U-turn\n|-damage|p1a: Oranguru|88\/100|[from] Stealth Rock\n|move|p1b: Gyarados|Dragon Dance|p1b: Gyarados\n|-boost|p1b: Gyarados|atk|1\n|-boost|p1b: Gyarados|spe|1\n|move|p2a: Glimmora|Stealth Rock||[still]\n|-fail|p2a: Glimmora\n|move|p2b: Blissey|Heal Pulse|p2a: Glimmora\n|-fail|p2a: Glimmora|heal\n|\n|-heal|p2b: Blissey|94\/100|[from] item: Leftovers\n|upkeep\n|turn|3\n|\n|t:|1698093260\n|move|p1b: Gyarados|Dragon Dance|p1b: Gyarados\n|-boost|p1b: Gyarados|atk|1\n|-boost|p1b: Gyarados|spe|1\n|move|p1a: Oranguru|Instruct|p1b: Gyarados\n|-singleturn|p1b: Gyarados|move: Instruct|[of] p1a: Oranguru\n|move|p1b: Gyarados|Dragon Dance|p1b: Gyarados\n|-boost|p1b: Gyarados|atk|1\n|-boost|p1b: Gyarados|spe|1\n|move|p2a: Glimmora|Spikes|p1a: Oranguru\n|-sidestart|p1: newplayerbenice|Spikes\n|move|p2b: Blissey|Heal Pulse|p2a: Glimmora\n|-fail|p2a: Glimmora|heal\n|\n|-heal|p2b: Blissey|99\/100|[from] item: Leftovers\n|upkeep\n|turn|4\n|\n|t:|1698093285\n|move|p1b: Gyarados|Earthquake|p2b: Blissey|[spread] p2a,p2b\n|-activate|p1a: Oranguru|ability: Telepathy\n|-supereffective|p2a: Glimmora\n|-crit|p2b: Blissey\n|-damage|p2a: Glimmora|0 fnt\n|-damage|p2b: Blissey|13\/100\n|-activate|p2a: Glimmora|ability: Toxic Debris\n|-sidestart|p1: newplayerbenice|move: Toxic Spikes\n|faint|p2a: Glimmora\n|move|p1a: Oranguru|Instruct|p1b: Gyarados\n|-singleturn|p1b: Gyarados|move: Instruct|[of] p1a: Oranguru\n|move|p1b: Gyarados|Earthquake|p2b: Blissey|[spread] p2b\n|-activate|p1a: Oranguru|ability: Telepathy\n|-damage|p2b: Blissey|0 fnt\n|faint|p2b: Blissey\n|\n|-sideend|p1: newplayerbenice|move: Tailwind\n|upkeep\n|\n|t:|1698093298\n|switch|p2a: Noctowl|Noctowl, F|100\/100\n|switch|p2b: Dragonite|Dragonite, F|100\/100\n|turn|5\n|\n|t:|1698093316\n|move|p1b: Gyarados|Lash Out|p2a: Noctowl\n|-damage|p2a: Noctowl|0 fnt\n|faint|p2a: Noctowl\n|move|p1a: Oranguru|Instruct|p1b: Gyarados\n|-singleturn|p1b: Gyarados|move: Instruct|[of] p1a: Oranguru\n|move|p1b: Gyarados|Lash Out|p2b: Dragonite\n|-damage|p2b: Dragonite|59\/100\n|move|p2b: Dragonite|Dragon Tail|p1b: Gyarados\n|-end|p1b: Gyarados|Substitute\n|\n|upkeep\n|\n|t:|1698093330\n|switch|p2a: Clefairy|Clefairy, F|100\/100\n|turn|6\n|\n|t:|1698093340\n|move|p2a: Clefairy|Follow Me|p2a: Clefairy\n|-singleturn|p2a: Clefairy|move: Follow Me\n|move|p1b: Gyarados|Waterfall|p2a: Clefairy\n|-enditem|p2a: Clefairy|Focus Sash\n|-damage|p2a: Clefairy|1\/100\n|move|p1a: Oranguru|Instruct|p2a: Clefairy\n|-singleturn|p2a: Clefairy|move: Instruct|[of] p1a: Oranguru\n|cant|p2a: Clefairy|flinch\n|move|p2b: Dragonite|Dragon Tail|p1b: Gyarados\n|-damage|p1b: Gyarados|52\/100\n|drag|p1b: Orthworm|Orthworm, F|75\/100\n|-damage|p1b: Orthworm|69\/100|[from] Stealth Rock\n|-damage|p1b: Orthworm|57\/100|[from] Spikes\n|\n|upkeep\n|turn|7\n|\n|t:|1698093362\n|move|p2a: Clefairy|Follow Me|p2a: Clefairy\n|-singleturn|p2a: Clefairy|move: Follow Me\n|move|p1b: Orthworm|Shed Tail|p1b: Orthworm\n|-start|p1b: Orthworm|Substitute|[from] move: Shed Tail\n|-damage|p1b: Orthworm|7\/100\n|\n|t:|1698093368\n|switch|p1b: Iron Hands|Iron Hands|100\/100|[from] Shed Tail\n|-damage|p1b: Iron Hands|94\/100|[from] Stealth Rock\n|-damage|p1b: Iron Hands|82\/100|[from] Spikes\n|-status|p1b: Iron Hands|psn\n|move|p2b: Dragonite|Dragon Tail|p1b: Iron Hands\n|-end|p1b: Iron Hands|Substitute\n|move|p1a: Oranguru|Trick Room|p1a: Oranguru\n|-fieldstart|move: Trick Room|[of] p1a: Oranguru\n|\n|-damage|p1b: Iron Hands|70\/100 psn|[from] psn\n|upkeep\n|turn|8\n|\n|t:|1698093388\n|move|p2a: Clefairy|Follow Me|p2a: Clefairy\n|-singleturn|p2a: Clefairy|move: Follow Me\n|move|p1a: Oranguru|Psychic|p2a: Clefairy\n|-damage|p2a: Clefairy|0 fnt\n|faint|p2a: Clefairy\n|move|p1b: Iron Hands|Belly Drum|p1b: Iron Hands\n|-damage|p1b: Iron Hands|20\/100 psn\n|-setboost|p1b: Iron Hands|atk|6|[from] move: Belly Drum\n|-enditem|p1b: Iron Hands|Sitrus Berry|[eat]\n|-heal|p1b: Iron Hands|45\/100 psn|[from] item: Sitrus Berry\n|move|p2b: Dragonite|Dragon Tail|p1b: Iron Hands\n|-damage|p1b: Iron Hands|19\/100 psn\n|-end|p1b: Iron Hands|Quark Drive|[silent]\n|drag|p1b: Orthworm|Orthworm, F|7\/100\n|-damage|p1b: Orthworm|1\/100|[from] Stealth Rock\n|-damage|p1b: Orthworm|0 fnt|[from] Spikes\n|faint|p1b: Orthworm\n|\n|upkeep\n|\n|t:|1698093407\n|switch|p2a: Clefable|Clefable, M|100\/100\n|switch|p1b: Tornadus|Tornadus, M, shiny|100\/100\n|-damage|p1b: Tornadus|76\/100|[from] Stealth Rock\n|turn|9\n|\n|t:|1698093418\n|move|p1a: Oranguru|Psychic|p2b: Dragonite\n|-damage|p2b: Dragonite|30\/100\n|move|p2a: Clefable|Metronome|p2a: Clefable\n|move|p2a: Clefable|Shift Gear|p2a: Clefable|[from]move: Metronome\n|-boost|p2a: Clefable|spe|2\n|-boost|p2a: Clefable|atk|1\n|move|p1b: Tornadus|Bleakwind Storm|p2a: Clefable|[spread] p2a\n|-miss|p1b: Tornadus|p2b: Dragonite\n|-damage|p2a: Clefable|64\/100\n|-unboost|p2a: Clefable|spe|1\n|move|p2b: Dragonite|Dragon Tail|p1b: Tornadus\n|-damage|p1b: Tornadus|28\/100\n|drag|p1b: Tauros|Tauros-Paldea-Blaze, M|100\/100\n|-damage|p1b: Tauros|88\/100|[from] Stealth Rock\n|-damage|p1b: Tauros|76\/100|[from] Spikes\n|-status|p1b: Tauros|psn\n|-ability|p1b: Tauros|Intimidate|boost\n|-unboost|p2a: Clefable|atk|1\n|-unboost|p2b: Dragonite|atk|1\n|\n|-damage|p1b: Tauros|63\/100 psn|[from] psn\n|upkeep\n|turn|10\n|\n|t:|1698093444\n|move|p2a: Clefable|Follow Me|p2a: Clefable\n|-singleturn|p2a: Clefable|move: Follow Me\n|move|p1a: Oranguru|Psychic|p2a: Clefable\n|-damage|p2a: Clefable|36\/100\n|move|p1b: Tauros|Flare Blitz|p2a: Clefable\n|-damage|p2a: Clefable|0 fnt\n|faint|p2a: Clefable\n|-damage|p1b: Tauros|49\/100 psn|[from] Recoil\n|move|p2b: Dragonite|Dragon Tail|p1b: Tauros\n|-damage|p1b: Tauros|24\/100 psn\n|drag|p1b: Iron Hands|Iron Hands|19\/100 psn\n|-damage|p1b: Iron Hands|13\/100 psn|[from] Stealth Rock\n|-damage|p1b: Iron Hands|0 fnt|[from] Spikes\n|faint|p1b: Iron Hands\n|-end|p1b: Iron Hands|Quark Drive|[silent]\n|\n|upkeep\n|\n|t:|1698093454\n|switch|p1b: Tornadus|Tornadus, M, shiny|28\/100\n|-damage|p1b: Tornadus|4\/100|[from] Stealth Rock\n|turn|11\n|\n|t:|1698093481\n|move|p1a: Oranguru|Psychic|p2b: Dragonite\n|-damage|p2b: Dragonite|0 fnt\n|faint|p2b: Dragonite\n|\n|win|newplayerbenice\n|raw|newplayerbenice's rating: 1010 &rarr; <strong>1049<\/strong><br \/>(+39 for winning)\n|raw|Pohja's rating: 1013 &rarr; <strong>1001<\/strong><br \/>(-12 for losing)\n","uploadtime":1698093487,"views":13,"p1id":"newplayerbenice","p2id":"pohja","formatid":"gen9doublesou","rating":1001,"private":0,"password":""}