{"id":"gen9doublesou-1969705327","p1":"mikeyuwu","p2":"ScarlettNights","format":"[Gen 9] Doubles OU","log":"|j|\u2606mikeyuwu\n|j|\u2606ScarlettNights\n|t:|1697559105\n|gametype|doubles\n|player|p1|mikeyuwu|psychic-gen4|1310\n|player|p2|ScarlettNights|wallace|1363\n|teamsize|p1|6\n|teamsize|p2|6\n|gen|9\n|tier|[Gen 9] Doubles OU\n|rated|\n|rule|Species Clause: Limit one of each Pok\u00e9mon\n|rule|OHKO Clause: OHKO moves are banned\n|rule|Evasion Moves Clause: Evasion moves are banned\n|rule|Gravity Sleep Clause: The combination of sleep-inducing moves with imperfect accuracy and Gravity or Gigantamax Orbeetle are banned\n|rule|Endless Battle Clause: Forcing endless battles is banned\n|rule|HP Percentage Mod: HP is shown in percentages\n|clearpoke\n|poke|p1|Garchomp, M|\n|poke|p1|Tyranitar, F|\n|poke|p1|Vaporeon, F|\n|poke|p1|Toxicroak, M|\n|poke|p1|Pelipper, F|\n|poke|p1|Abomasnow, M|\n|poke|p2|Brute Bonnet|\n|poke|p2|Indeedee-F, F|\n|poke|p2|Torkoal, M|\n|poke|p2|Walking Wake|\n|poke|p2|Chien-Pao|\n|poke|p2|Ribombee, F|\n|teampreview\n|inactive|Battle timer is ON: inactive players will automatically lose when time's up. (requested by ScarlettNights)\n|\n|t:|1697559109\n|start\n|switch|p1a: OTLHPM|Toxicroak, M|100\/100\n|switch|p1b: Harmacy|Vaporeon, F|100\/100\n|switch|p2a: Brute Bonnet|Brute Bonnet|100\/100\n|switch|p2b: Ribombee|Ribombee, F|100\/100\n|turn|1\n|\n|t:|1697559118\n|switch|p1b: Weather War|Pelipper, F|100\/100\n|-weather|RainDance|[from] ability: Drizzle|[of] p1b: Weather War\n|move|p2a: Brute Bonnet|Protect|p2a: Brute Bonnet\n|-singleturn|p2a: Brute Bonnet|Protect\n|move|p2b: Ribombee|Sticky Web|p1b: Weather War\n|-sidestart|p1: mikeyuwu|move: Sticky Web\n|move|p1a: OTLHPM|Poison Jab|p2b: Ribombee\n|-supereffective|p2b: Ribombee\n|-damage|p2b: Ribombee|0 fnt\n|faint|p2b: Ribombee\n|\n|-weather|RainDance|[upkeep]\n|upkeep\n|\n|t:|1697559135\n|switch|p2b: Torkoal|Torkoal, M|100\/100\n|-weather|SunnyDay|[from] ability: Drought|[of] p2b: Torkoal\n|-activate|p2a: Brute Bonnet|ability: Protosynthesis\n|-start|p2a: Brute Bonnet|protosynthesisatk\n|turn|2\n|\n|t:|1697559150\n|switch|p1a: ThcrThnSnkr|Tyranitar, F|100\/100\n|-activate|p1a: ThcrThnSnkr|move: Sticky Web\n|-unboost|p1a: ThcrThnSnkr|spe|1\n|-weather|Sandstorm|[from] ability: Sand Stream|[of] p1a: ThcrThnSnkr\n|-end|p2a: Brute Bonnet|Protosynthesis\n|move|p1b: Weather War|Chilling Water|p2b: Torkoal\n|-supereffective|p2b: Torkoal\n|-damage|p2b: Torkoal|63\/100\n|-unboost|p2b: Torkoal|atk|1\n|move|p2a: Brute Bonnet|Crunch|p1b: Weather War\n|-damage|p1b: Weather War|68\/100\n|-unboost|p1b: Weather War|def|1\n|move|p2b: Torkoal|Heat Wave|p1b: Weather War|[spread] p1a,p1b\n|-resisted|p1a: ThcrThnSnkr\n|-resisted|p1b: Weather War\n|-damage|p1a: ThcrThnSnkr|97\/100\n|-damage|p1b: Weather War|52\/100\n|\n|-weather|Sandstorm|[upkeep]\n|-damage|p1b: Weather War|45\/100|[from] Sandstorm\n|-damage|p2a: Brute Bonnet|94\/100|[from] Sandstorm\n|-damage|p2b: Torkoal|57\/100|[from] Sandstorm\n|-heal|p2b: Torkoal|63\/100|[from] item: Leftovers\n|upkeep\n|turn|3\n|\n|t:|1697559168\n|switch|p1b: Extra Spicy|Garchomp, M|100\/100\n|-activate|p1b: Extra Spicy|move: Sticky Web\n|-unboost|p1b: Extra Spicy|spe|1\n|move|p2a: Brute Bonnet|Seed Bomb|p1a: ThcrThnSnkr\n|-supereffective|p1a: ThcrThnSnkr\n|-damage|p1a: ThcrThnSnkr|21\/100\n|move|p1a: ThcrThnSnkr|Rock Slide|p2a: Brute Bonnet|[spread] p2a,p2b\n|-supereffective|p2b: Torkoal\n|-damage|p2a: Brute Bonnet|77\/100\n|-damage|p2b: Torkoal|35\/100\n|move|p2b: Torkoal|Stealth Rock|p1a: ThcrThnSnkr\n|-sidestart|p1: mikeyuwu|move: Stealth Rock\n|\n|-weather|Sandstorm|[upkeep]\n|-damage|p2a: Brute Bonnet|71\/100|[from] Sandstorm\n|-damage|p2b: Torkoal|28\/100|[from] Sandstorm\n|-heal|p2b: Torkoal|35\/100|[from] item: Leftovers\n|upkeep\n|turn|4\n|\n|t:|1697559184\n|switch|p1a: OTLHPM|Toxicroak, M|100\/100\n|-activate|p1a: OTLHPM|move: Sticky Web\n|-unboost|p1a: OTLHPM|spe|1\n|-damage|p1a: OTLHPM|94\/100|[from] Stealth Rock\n|move|p1b: Extra Spicy|Poison Jab|p2a: Brute Bonnet\n|-supereffective|p2a: Brute Bonnet\n|-damage|p2a: Brute Bonnet|36\/100\n|-enditem|p2a: Brute Bonnet|Weakness Policy\n|-boost|p2a: Brute Bonnet|atk|2|[from] item: Weakness Policy\n|-boost|p2a: Brute Bonnet|spa|2|[from] item: Weakness Policy\n|move|p2a: Brute Bonnet|Seed Bomb|p1a: OTLHPM\n|-resisted|p1a: OTLHPM\n|-damage|p1a: OTLHPM|35\/100\n|move|p2b: Torkoal|Heat Wave|p1a: OTLHPM|[spread] p1a,p1b\n|-resisted|p1b: Extra Spicy\n|-damage|p1a: OTLHPM|2\/100\n|-damage|p1b: Extra Spicy|91\/100\n|\n|-weather|Sandstorm|[upkeep]\n|-damage|p2a: Brute Bonnet|30\/100|[from] Sandstorm\n|-damage|p1a: OTLHPM|0 fnt|[from] Sandstorm\n|-damage|p2b: Torkoal|28\/100|[from] Sandstorm\n|faint|p1a: OTLHPM\n|-heal|p2b: Torkoal|35\/100|[from] item: Leftovers\n|upkeep\n|\n|t:|1697559199\n|switch|p1a: Cold Shoulder|Abomasnow, M, shiny|100\/100\n|-activate|p1a: Cold Shoulder|move: Sticky Web\n|-unboost|p1a: Cold Shoulder|spe|1\n|-damage|p1a: Cold Shoulder|76\/100|[from] Stealth Rock\n|-weather|Snow|[from] ability: Snow Warning|[of] p1a: Cold Shoulder\n|turn|5\n|\n|t:|1697559216\n|move|p2a: Brute Bonnet|Protect|p2a: Brute Bonnet\n|-singleturn|p2a: Brute Bonnet|Protect\n|move|p1b: Extra Spicy|Earthquake|p2a: Brute Bonnet|[spread] p1a,p2b\n|-activate|p2a: Brute Bonnet|move: Protect\n|-resisted|p1a: Cold Shoulder\n|-supereffective|p2b: Torkoal\n|-damage|p1a: Cold Shoulder|67\/100\n|-damage|p2b: Torkoal|0 fnt\n|faint|p2b: Torkoal\n|move|p1a: Cold Shoulder|Blizzard|p2a: Brute Bonnet\n|-activate|p2a: Brute Bonnet|move: Protect\n|\n|-weather|Snow|[upkeep]\n|upkeep\n|\n|t:|1697559228\n|switch|p2b: Chien-Pao|Chien-Pao|100\/100\n|-ability|p2b: Chien-Pao|Sword of Ruin\n|turn|6\n|\n|t:|1697559238\n|-terastallize|p1b: Extra Spicy|Steel\n|move|p2b: Chien-Pao|Ice Spinner|p1b: Extra Spicy\n|-resisted|p1b: Extra Spicy\n|-damage|p1b: Extra Spicy|76\/100\n|-damage|p2b: Chien-Pao|88\/100|[from] ability: Rough Skin|[of] p1b: Extra Spicy\n|-damage|p2b: Chien-Pao|72\/100|[from] item: Rocky Helmet|[of] p1b: Extra Spicy\n|move|p1b: Extra Spicy|Brick Break|p2b: Chien-Pao\n|-supereffective|p2b: Chien-Pao\n|-damage|p2b: Chien-Pao|0 fnt\n|faint|p2b: Chien-Pao\n|move|p2a: Brute Bonnet|Crunch|p1a: Cold Shoulder\n|-damage|p1a: Cold Shoulder|17\/100\n|move|p1a: Cold Shoulder|Blizzard|p2a: Brute Bonnet\n|-supereffective|p2a: Brute Bonnet\n|-damage|p2a: Brute Bonnet|0 fnt\n|faint|p2a: Brute Bonnet\n|-end|p2a: Brute Bonnet|Protosynthesis|[silent]\n|\n|-weather|Snow|[upkeep]\n|upkeep\n|\n|t:|1697559252\n|switch|p2b: Walking Wake|Walking Wake|100\/100\n|switch|p2a: Indeedee|Indeedee-F, F|100\/100\n|-fieldstart|move: Psychic Terrain|[from] ability: Psychic Surge|[of] p2a: Indeedee\n|turn|7\n|\n|t:|1697559263\n|move|p2b: Walking Wake|Weather Ball|p1b: Extra Spicy\n|-resisted|p1b: Extra Spicy\n|-damage|p1b: Extra Spicy|60\/100\n|move|p2a: Indeedee|Dazzling Gleam|p1b: Extra Spicy|[spread] p1a,p1b\n|-resisted|p1b: Extra Spicy\n|-damage|p1a: Cold Shoulder|1\/100\n|-damage|p1b: Extra Spicy|54\/100\n|move|p1b: Extra Spicy|Liquidation|p2b: Walking Wake\n|-resisted|p2b: Walking Wake\n|-damage|p2b: Walking Wake|93\/100\n|move|p1a: Cold Shoulder|Leech Seed|p2b: Walking Wake\n|-start|p2b: Walking Wake|move: Leech Seed\n|\n|-weather|Snow|[upkeep]\n|-damage|p2b: Walking Wake|81\/100|[from] Leech Seed|[of] p1a: Cold Shoulder\n|-heal|p1a: Cold Shoulder|13\/100|[silent]\n|upkeep\n|turn|8\n|\n|t:|1697559279\n|switch|p1a: Harmacy|Vaporeon, F|100\/100\n|-activate|p1a: Harmacy|move: Sticky Web\n|-unboost|p1a: Harmacy|spe|1\n|-damage|p1a: Harmacy|88\/100|[from] Stealth Rock\n|move|p2b: Walking Wake|Weather Ball|p1b: Extra Spicy\n|-resisted|p1b: Extra Spicy\n|-damage|p1b: Extra Spicy|39\/100\n|move|p2a: Indeedee|Dazzling Gleam|p1a: Harmacy|[spread] p1a,p1b\n|-resisted|p1b: Extra Spicy\n|-damage|p1a: Harmacy|78\/100\n|-damage|p1b: Extra Spicy|33\/100\n|move|p1b: Extra Spicy|Poison Jab|p2a: Indeedee\n|-damage|p2a: Indeedee|69\/100\n|-enditem|p2a: Indeedee|Red Card|[of] p1b: Extra Spicy\n|drag|p1b: Cold Shoulder|Abomasnow, M, shiny|13\/100\n|-activate|p1b: Cold Shoulder|move: Sticky Web\n|-unboost|p1b: Cold Shoulder|spe|1\n|-damage|p1b: Cold Shoulder|0 fnt|[from] Stealth Rock\n|faint|p1b: Cold Shoulder\n|\n|-weather|Snow|[upkeep]\n|-heal|p1a: Harmacy|84\/100|[from] item: Leftovers\n|-damage|p2b: Walking Wake|69\/100|[from] Leech Seed|[of] p1a: Harmacy\n|-heal|p1a: Harmacy|93\/100|[silent]\n|upkeep\n|\n|t:|1697559289\n|switch|p1b: Weather War|Pelipper, F|45\/100\n|-weather|RainDance|[from] ability: Drizzle|[of] p1b: Weather War\n|turn|9\n|\n|t:|1697559294\n|move|p2b: Walking Wake|Weather Ball|p1b: Weather War\n|-resisted|p1b: Weather War\n|-damage|p1b: Weather War|0 fnt\n|faint|p1b: Weather War\n|move|p2a: Indeedee|Dazzling Gleam|p1a: Harmacy\n|-damage|p1a: Harmacy|80\/100\n|move|p1a: Harmacy|Wish|p1a: Harmacy\n|\n|-weather|RainDance|[upkeep]\n|-heal|p1a: Harmacy|86\/100|[from] item: Leftovers\n|-damage|p2b: Walking Wake|56\/100|[from] Leech Seed|[of] p1a: Harmacy\n|-heal|p1a: Harmacy|95\/100|[silent]\n|upkeep\n|\n|t:|1697559298\n|switch|p1b: Extra Spicy|Garchomp, M, tera:Steel|33\/100\n|-activate|p1b: Extra Spicy|move: Sticky Web\n|-unboost|p1b: Extra Spicy|spe|1\n|-damage|p1b: Extra Spicy|26\/100|[from] Stealth Rock\n|turn|10\n|\n|t:|1697559302\n|switch|p1a: ThcrThnSnkr|Tyranitar, F|21\/100\n|-activate|p1a: ThcrThnSnkr|move: Sticky Web\n|-unboost|p1a: ThcrThnSnkr|spe|1\n|-damage|p1a: ThcrThnSnkr|9\/100|[from] Stealth Rock\n|-weather|Sandstorm|[from] ability: Sand Stream|[of] p1a: ThcrThnSnkr\n|move|p2b: Walking Wake|Weather Ball|p1b: Extra Spicy\n|-resisted|p1b: Extra Spicy\n|-damage|p1b: Extra Spicy|10\/100\n|move|p2a: Indeedee|Dazzling Gleam|p1b: Extra Spicy|[spread] p1a,p1b\n|-supereffective|p1a: ThcrThnSnkr\n|-resisted|p1b: Extra Spicy\n|-damage|p1a: ThcrThnSnkr|2\/100\n|-damage|p1b: Extra Spicy|3\/100\n|move|p1b: Extra Spicy|Poison Jab|p2b: Walking Wake\n|-damage|p2b: Walking Wake|31\/100\n|\n|-weather|Sandstorm|[upkeep]\n|-damage|p2b: Walking Wake|25\/100|[from] Sandstorm\n|-damage|p2a: Indeedee|63\/100|[from] Sandstorm\n|-heal|p1a: ThcrThnSnkr|65\/100|[from] move: Wish|[wisher] Harmacy\n|-damage|p2b: Walking Wake|13\/100|[from] Leech Seed|[of] p1a: ThcrThnSnkr\n|-heal|p1a: ThcrThnSnkr|77\/100|[silent]\n|upkeep\n|turn|11\n|\n|t:|1697559328\n|switch|p1b: Harmacy|Vaporeon, F|95\/100\n|-activate|p1b: Harmacy|move: Sticky Web\n|-unboost|p1b: Harmacy|spe|1\n|-damage|p1b: Harmacy|82\/100|[from] Stealth Rock\n|move|p2b: Walking Wake|Weather Ball|p1a: ThcrThnSnkr\n|-damage|p1a: ThcrThnSnkr|67\/100\n|move|p2a: Indeedee|Dazzling Gleam|p1a: ThcrThnSnkr|[spread] p1a,p1b\n|-supereffective|p1a: ThcrThnSnkr\n|-damage|p1a: ThcrThnSnkr|58\/100\n|-damage|p1b: Harmacy|71\/100\n|move|p1a: ThcrThnSnkr|Knock Off|p2a: Indeedee\n|-supereffective|p2a: Indeedee\n|-damage|p2a: Indeedee|0 fnt\n|faint|p2a: Indeedee\n|\n|-weather|Sandstorm|[upkeep]\n|-damage|p2b: Walking Wake|6\/100|[from] Sandstorm\n|-damage|p1b: Harmacy|65\/100|[from] Sandstorm\n|-heal|p1b: Harmacy|71\/100|[from] item: Leftovers\n|-damage|p2b: Walking Wake|0 fnt|[from] Leech Seed|[of] p1a: ThcrThnSnkr\n|-heal|p1a: ThcrThnSnkr|64\/100|[silent]\n|faint|p2b: Walking Wake\n|-end|p2b: Walking Wake|Protosynthesis|[silent]\n|\n|win|mikeyuwu\n|upkeep\n|raw|mikeyuwu's rating: 1310 &rarr; <strong>1333<\/strong><br \/>(+23 for winning)\n|raw|ScarlettNights's rating: 1363 &rarr; <strong>1340<\/strong><br \/>(-23 for losing)\n|l|\u2606ScarlettNights\n","uploadtime":1697559357,"views":16,"p1id":"mikeyuwu","p2id":"scarlettnights","formatid":"gen9doublesou","rating":1333,"private":0,"password":""}