{"id":"gen9doublesou-1970606632","p1":"Pasq24","p2":"brassshark","format":"[Gen 9] Doubles OU","log":"|j|\u2606Pasq24\n|j|\u2606brassshark\n|t:|1697651952\n|gametype|doubles\n|player|p1|Pasq24|red|1097\n|player|p2|brassshark|2|1167\n|teamsize|p1|6\n|teamsize|p2|6\n|gen|9\n|tier|[Gen 9] Doubles OU\n|rated|\n|rule|Species Clause: Limit one of each Pok\u00e9mon\n|rule|OHKO Clause: OHKO moves are banned\n|rule|Evasion Moves Clause: Evasion moves are banned\n|rule|Gravity Sleep Clause: The combination of sleep-inducing moves with imperfect accuracy and Gravity or Gigantamax Orbeetle are banned\n|rule|Endless Battle Clause: Forcing endless battles is banned\n|rule|HP Percentage Mod: HP is shown in percentages\n|clearpoke\n|poke|p1|Pelipper, M|\n|poke|p1|Chien-Pao|\n|poke|p1|Grimmsnarl, M|\n|poke|p1|Walking Wake|\n|poke|p1|Scizor, M|\n|poke|p1|Thundurus, M|\n|poke|p2|Scream Tail|\n|poke|p2|Tinkaton, F|\n|poke|p2|Zoroark-Hisui, F|\n|poke|p2|Kleavor, M|\n|poke|p2|Lokix, M|\n|poke|p2|Magnezone|\n|teampreview\n|inactive|Battle timer is ON: inactive players will automatically lose when time's up. (requested by Pasq24)\n|l|\u2606brassshark\n|inactive|brassshark disconnected and has a minute to reconnect!\n|player|p2|\n|j|\u2606brassshark\n|inactive|brassshark reconnected and has 115 seconds left.\n|player|p2|brassshark|2\n|\n|t:|1697652011\n|start\n|switch|p1a: Pelipper|Pelipper, M|100\/100\n|switch|p1b: Grimmsnarl|Grimmsnarl, M|100\/100\n|switch|p2a: Magnezone|Magnezone|100\/100\n|switch|p2b: Kleavor|Kleavor, M|100\/100\n|-item|p2a: Magnezone|Air Balloon\n|-weather|RainDance|[from] ability: Drizzle|[of] p1a: Pelipper\n|turn|1\n|\n|t:|1697652038\n|switch|p1a: Scizor|Scizor, M|100\/100\n|move|p1b: Grimmsnarl|Light Screen|p1b: Grimmsnarl\n|-sidestart|p1: Pasq24|move: Light Screen\n|move|p2b: Kleavor|Stone Axe|p1a: Scizor|[miss]\n|-miss|p2b: Kleavor|p1a: Scizor\n|move|p2a: Magnezone|Sludge Bomb|p1b: Grimmsnarl\n|-supereffective|p1b: Grimmsnarl\n|-damage|p1b: Grimmsnarl|68\/100\n|\n|-weather|RainDance|[upkeep]\n|upkeep\n|turn|2\n|\n|t:|1697652056\n|move|p1b: Grimmsnarl|Reflect|p1b: Grimmsnarl\n|-sidestart|p1: Pasq24|Reflect\n|move|p2b: Kleavor|Stone Axe|p1b: Grimmsnarl\n|-damage|p1b: Grimmsnarl|24\/100\n|-sidestart|p1: Pasq24|move: Stealth Rock\n|move|p2a: Magnezone|Flamethrower|p1a: Scizor\n|-supereffective|p1a: Scizor\n|-damage|p1a: Scizor|52\/100\n|move|p1a: Scizor|Swords Dance|p1a: Scizor\n|-boost|p1a: Scizor|atk|2\n|\n|-weather|RainDance|[upkeep]\n|upkeep\n|turn|3\n|inactive|Pasq24 has 120 seconds left.\n|\n|t:|1697652094\n|switch|p2b: Tinkaton|Tinkaton, F|100\/100\n|-ability|p2b: Tinkaton|Mold Breaker\n|move|p2a: Magnezone|Flamethrower|p1a: Scizor\n|-supereffective|p1a: Scizor\n|-damage|p1a: Scizor|4\/100\n|move|p1a: Scizor|Close Combat|p2a: Magnezone\n|-immune|p2a: Magnezone\n|move|p1b: Grimmsnarl|False Surrender|p2a: Magnezone\n|-supereffective|p2a: Magnezone\n|-damage|p2a: Magnezone|0 fnt\n|replace|p2a: Zoroark|Zoroark-Hisui, F\n|-end|p2a: Zoroark|Illusion\n|-enditem|p2a: Zoroark|Air Balloon\n|faint|p2a: Zoroark\n|\n|-weather|RainDance|[upkeep]\n|upkeep\n|inactive|brassshark has 120 seconds left.\n|\n|t:|1697652122\n|switch|p2a: Lokix|Lokix, M|100\/100\n|turn|4\n|inactive|Pasq24 has 120 seconds left.\n|\n|t:|1697652165\n|move|p2b: Tinkaton|Fake Out|p1a: Scizor\n|-resisted|p1a: Scizor\n|-damage|p1a: Scizor|1\/100\n|move|p2a: Lokix|First Impression|p1b: Grimmsnarl\n|-damage|p1b: Grimmsnarl|0 fnt\n|faint|p1b: Grimmsnarl\n|cant|p1a: Scizor|flinch\n|\n|-weather|RainDance|[upkeep]\n|upkeep\n|\n|t:|1697652178\n|switch|p1b: Chien-Pao|Chien-Pao|100\/100\n|-damage|p1b: Chien-Pao|76\/100|[from] Stealth Rock\n|-ability|p1b: Chien-Pao|Sword of Ruin\n|turn|5\n|inactive|Pasq24 has 120 seconds left.\n|\n|t:|1697652192\n|switch|p2b: Magnezone|Magnezone|100\/100\n|move|p1a: Scizor|Bullet Punch|p2b: Magnezone\n|-resisted|p2b: Magnezone\n|-damage|p2b: Magnezone|80\/100\n|move|p1b: Chien-Pao|Sacred Sword|p2a: Lokix\n|-damage|p2a: Lokix|46\/100\n|move|p2a: Lokix|U-turn|p1b: Chien-Pao\n|-supereffective|p1b: Chien-Pao\n|-damage|p1b: Chien-Pao|16\/100\n|\n|t:|1697652204\n|switch|p2a: Tinkaton|Tinkaton, F|100\/100|[from] U-turn\n|-ability|p2a: Tinkaton|Mold Breaker\n|\n|-weather|RainDance|[upkeep]\n|upkeep\n|turn|6\n|\n|t:|1697652217\n|move|p2a: Tinkaton|Fake Out|p1a: Scizor\n|-resisted|p1a: Scizor\n|-damage|p1a: Scizor|0 fnt\n|faint|p1a: Scizor\n|move|p1b: Chien-Pao|Sacred Sword|p2b: Magnezone\n|-supereffective|p2b: Magnezone\n|-damage|p2b: Magnezone|4\/100\n|move|p2b: Magnezone|Volt Switch|p1b: Chien-Pao\n|-damage|p1b: Chien-Pao|0 fnt\n|faint|p1b: Chien-Pao\n|-message|Pasq24 forfeited.\n|\n|win|brassshark\n|raw|Pasq24's rating: 1097 &rarr; <strong>1077<\/strong><br \/>(-20 for losing)\n|raw|brassshark's rating: 1167 &rarr; <strong>1187<\/strong><br \/>(+20 for winning)\n|l|\u2606Pasq24\n","uploadtime":1697652239,"views":14,"p1id":"pasq24","p2id":"brassshark","formatid":"gen9doublesou","rating":1077,"private":0,"password":""}