{"id":"gen9doublesou-1984045906","p1":"balloongrapes","p2":"Pee boi happy","format":"[Gen 9] Doubles OU","log":"|j|\u2606balloongrapes\n|j|\u2606Pee boi happy\n|t:|1699213108\n|gametype|doubles\n|player|p1|balloongrapes|170|1203\n|player|p2|Pee boi happy|101|1216\n|teamsize|p1|6\n|teamsize|p2|6\n|gen|9\n|tier|[Gen 9] Doubles OU\n|rated|\n|rule|Species Clause: Limit one of each Pok\u00e9mon\n|rule|OHKO Clause: OHKO moves are banned\n|rule|Evasion Moves Clause: Evasion moves are banned\n|rule|Gravity Sleep Clause: The combination of sleep-inducing moves with imperfect accuracy and Gravity or Gigantamax Orbeetle are banned\n|rule|Endless Battle Clause: Forcing endless battles is banned\n|rule|HP Percentage Mod: HP is shown in percentages\n|clearpoke\n|poke|p1|Maushold-Four|\n|poke|p1|Roaring Moon|\n|poke|p1|Klefki, F|\n|poke|p1|Talonflame, M|\n|poke|p1|Ceruledge, M|\n|poke|p1|Rabsca, M|\n|poke|p2|Thundurus-Therian, M|\n|poke|p2|Garchomp, M|\n|poke|p2|Sinistcha-Masterpiece|\n|poke|p2|Kommo-o, M|\n|poke|p2|Clefairy, F|\n|poke|p2|Flutter Mane|\n|teampreview\n|inactive|Battle timer is ON: inactive players will automatically lose when time's up. (requested by balloongrapes)\n|\n|t:|1699213133\n|start\n|switch|p1a: Talonflame|Talonflame, M|100\/100\n|switch|p1b: Ceruledge|Ceruledge, M|100\/100\n|switch|p2a: Garchomp|Garchomp, M|100\/100\n|switch|p2b: Thundurus|Thundurus-Therian, M|100\/100\n|turn|1\n|\n|t:|1699213159\n|switch|p1b: Rabsca|Rabsca, M|100\/100\n|move|p1a: Talonflame|Tailwind|p1a: Talonflame\n|-sidestart|p1: balloongrapes|move: Tailwind\n|move|p2a: Garchomp|Earthquake|p1a: Talonflame|[spread] p1b\n|-immune|p2b: Thundurus\n|-immune|p1a: Talonflame\n|-resisted|p1b: Rabsca\n|-damage|p1b: Rabsca|79\/100\n|move|p2b: Thundurus|Discharge|p1a: Talonflame|[spread] p1a,p1b\n|-immune|p2a: Garchomp\n|-supereffective|p1a: Talonflame\n|-crit|p1a: Talonflame\n|-damage|p1a: Talonflame|0 fnt\n|-damage|p1b: Rabsca|46\/100\n|faint|p1a: Talonflame\n|\n|upkeep\n|inactive|balloongrapes has 120 seconds left.\n|\n|t:|1699213177\n|switch|p1a: Roaring Moon|Roaring Moon|100\/100\n|turn|2\n|\n|t:|1699213203\n|switch|p2a: Flutter Mane|Flutter Mane|100\/100\n|move|p1a: Roaring Moon|Rock Slide|p2a: Flutter Mane|[spread] p2a,p2b\n|-supereffective|p2b: Thundurus\n|-damage|p2a: Flutter Mane|53\/100\n|-damage|p2b: Thundurus|35\/100\n|move|p2b: Thundurus|Sludge Bomb|p1a: Roaring Moon\n|-damage|p1a: Roaring Moon|68\/100\n|-status|p1a: Roaring Moon|psn\n|move|p1b: Rabsca|Psychic|p2a: Flutter Mane\n|-damage|p2a: Flutter Mane|4\/100\n|\n|-heal|p2b: Thundurus|41\/100|[from] item: Leftovers\n|-damage|p1a: Roaring Moon|56\/100 psn|[from] psn\n|upkeep\n|turn|3\n|\n|t:|1699213230\n|-end|p2a: Flutter Mane|Protosynthesis|[silent]\n|switch|p2a: Garchomp|Garchomp, M|100\/100\n|move|p1a: Roaring Moon|Rock Slide|p2b: Thundurus|[spread] p2a,p2b\n|-resisted|p2a: Garchomp\n|-supereffective|p2b: Thundurus\n|-crit|p2b: Thundurus\n|-damage|p2a: Garchomp|89\/100\n|-damage|p2b: Thundurus|0 fnt\n|faint|p2b: Thundurus\n|move|p1b: Rabsca|Revival Blessing|p1b: Rabsca\n|-enditem|p1b: Rabsca|Leppa Berry|[eat]\n|-activate|p1b: Rabsca|item: Leppa Berry|Revival Blessing|[consumed]\n|\n|t:|1699213234\n|-heal|p1: Talonflame|50\/100|[from] move: Revival Blessing\n|\n|-damage|p1a: Roaring Moon|43\/100 psn|[from] psn\n|upkeep\n|\n|t:|1699213243\n|switch|p2b: Clefairy|Clefairy, F|100\/100\n|turn|4\n|\n|t:|1699213268\n|-end|p1a: Roaring Moon|Protosynthesis|[silent]\n|switch|p1a: Klefki|Klefki, F|100\/100\n|-terastallize|p2a: Garchomp|Steel\n|move|p2b: Clefairy|Helping Hand|p2a: Garchomp\n|-singleturn|p2a: Garchomp|Helping Hand|[of] p2b: Clefairy\n|move|p2a: Garchomp|Earthquake|p1a: Klefki|[spread] p2b,p1a,p1b\n|-supereffective|p1a: Klefki\n|-resisted|p1b: Rabsca\n|-damage|p2b: Clefairy|30\/100\n|-damage|p1a: Klefki|0 fnt\n|-damage|p1b: Rabsca|12\/100\n|faint|p1a: Klefki\n|move|p1b: Rabsca|Psychic|p2a: Garchomp\n|-resisted|p2a: Garchomp\n|-damage|p2a: Garchomp|69\/100\n|\n|-sideend|p1: balloongrapes|move: Tailwind\n|upkeep\n|inactive|balloongrapes has 120 seconds left.\n|\n|t:|1699213284\n|switch|p1a: Talonflame|Talonflame, M|50\/100\n|turn|5\n|\n|t:|1699213303\n|move|p2b: Clefairy|Follow Me|p2b: Clefairy\n|-singleturn|p2b: Clefairy|move: Follow Me\n|move|p1a: Talonflame|Tailwind|p1a: Talonflame\n|-sidestart|p1: balloongrapes|move: Tailwind\n|move|p2a: Garchomp|Liquidation|p1a: Talonflame\n|-supereffective|p1a: Talonflame\n|-damage|p1a: Talonflame|0 fnt\n|faint|p1a: Talonflame\n|move|p1b: Rabsca|Revival Blessing|p1b: Rabsca\n|\n|t:|1699213311\n|-heal|p1: Klefki|50\/100|[from] move: Revival Blessing\n|\n|upkeep\n|\n|t:|1699213319\n|switch|p1a: Klefki|Klefki, F|50\/100\n|turn|6\n|\n|t:|1699213328\n|move|p2b: Clefairy|Protect|p2b: Clefairy\n|-singleturn|p2b: Clefairy|Protect\n|move|p1a: Klefki|Reflect|p1a: Klefki\n|-sidestart|p1: balloongrapes|Reflect\n|move|p2a: Garchomp|Earthquake|p1b: Rabsca|[spread] p1a,p1b\n|-activate|p2b: Clefairy|move: Protect\n|-supereffective|p1a: Klefki\n|-resisted|p1b: Rabsca\n|-damage|p1a: Klefki|0 fnt\n|-damage|p1b: Rabsca|0 fnt\n|faint|p1a: Klefki\n|faint|p1b: Rabsca\n|\n|upkeep\n|\n|t:|1699213340\n|switch|p1a: Roaring Moon|Roaring Moon|43\/100 psn\n|switch|p1b: Maushold|Maushold-Four|100\/100\n|turn|7\n|\n|t:|1699213363\n|move|p1b: Maushold|Follow Me|p1b: Maushold\n|-singleturn|p1b: Maushold|move: Follow Me\n|move|p1a: Roaring Moon|Earthquake|p2a: Garchomp|[spread] p1b,p2a,p2b\n|-supereffective|p2a: Garchomp\n|-damage|p1b: Maushold|75\/100\n|-damage|p2a: Garchomp|23\/100\n|-damage|p2b: Clefairy|0 fnt\n|faint|p2b: Clefairy\n|move|p2a: Garchomp|Dragon Claw|p1b: Maushold\n|-damage|p1b: Maushold|41\/100\n|\n|-damage|p1a: Roaring Moon|31\/100 psn|[from] psn\n|upkeep\n|\n|t:|1699213375\n|switch|p2b: Sinistcha|Sinistcha-Masterpiece|100\/100\n|-heal|p2a: Garchomp|48\/100|[from] ability: Hospitality|[of] p2b: Sinistcha\n|turn|8\n|\n|t:|1699213387\n|move|p1a: Roaring Moon|Earthquake|p2b: Sinistcha|[spread] p1b,p2a,p2b\n|-supereffective|p2a: Garchomp\n|-resisted|p2b: Sinistcha\n|-damage|p1b: Maushold|18\/100\n|-damage|p2a: Garchomp|0 fnt\n|-damage|p2b: Sinistcha|91\/100\n|faint|p2a: Garchomp\n|move|p1b: Maushold|Population Bomb|p2b: Sinistcha\n|-immune|p2b: Sinistcha\n|move|p2b: Sinistcha|Life Dew|p2b: Sinistcha\n|-heal|p2b: Sinistcha|100\/100\n|\n|-damage|p1a: Roaring Moon|19\/100 psn|[from] psn\n|-sideend|p1: balloongrapes|move: Tailwind\n|upkeep\n|\n|t:|1699213392\n|switch|p2a: Flutter Mane|Flutter Mane|4\/100\n|turn|9\n|\n|t:|1699213409\n|-end|p1a: Roaring Moon|Protosynthesis|[silent]\n|switch|p1a: Ceruledge|Ceruledge, M|100\/100\n|move|p2a: Flutter Mane|Dazzling Gleam|p1a: Ceruledge|[spread] p1a,p1b\n|-resisted|p1a: Ceruledge\n|-damage|p1a: Ceruledge|81\/100\n|-damage|p1b: Maushold|0 fnt\n|faint|p1b: Maushold\n|move|p2b: Sinistcha|Life Dew||[still]|[spread] p2a,p2b\n|-heal|p2a: Flutter Mane|29\/100\n|-fail|p2b: Sinistcha|heal\n|\n|upkeep\n|\n|t:|1699213418\n|switch|p1b: Roaring Moon|Roaring Moon|19\/100 psn\n|turn|10\n|inactive|balloongrapes has 120 seconds left.\n|\n|t:|1699213455\n|move|p1b: Roaring Moon|Rock Slide|p2a: Flutter Mane|[spread] p2a,p2b\n|-damage|p2a: Flutter Mane|0 fnt\n|-damage|p2b: Sinistcha|86\/100\n|faint|p2a: Flutter Mane\n|-end|p2a: Flutter Mane|Protosynthesis|[silent]\n|move|p1a: Ceruledge|Bitter Blade|p2b: Sinistcha\n|-supereffective|p2b: Sinistcha\n|-damage|p2b: Sinistcha|18\/100\n|-heal|p1a: Ceruledge|100\/100|[from] drain|[of] p2b: Sinistcha\n|move|p2b: Sinistcha|Night Shade|p1a: Ceruledge\n|-damage|p1a: Ceruledge|69\/100\n|\n|-heal|p2b: Sinistcha|24\/100|[from] item: Leftovers\n|-damage|p1b: Roaring Moon|6\/100 psn|[from] psn\n|upkeep\n|\n|t:|1699213458\n|switch|p2a: Kommo-o|Kommo-o, M|100\/100\n|turn|11\n|inactive|balloongrapes has 120 seconds left.\n|\n|t:|1699213486\n|-terastallize|p1a: Ceruledge|Electric\n|move|p1b: Roaring Moon|Rock Slide|p2a: Kommo-o|[spread] p2a,p2b\n|-resisted|p2a: Kommo-o\n|-crit|p2a: Kommo-o\n|-damage|p2a: Kommo-o|84\/100\n|-damage|p2b: Sinistcha|10\/100\n|move|p2a: Kommo-o|Clanging Scales|p1a: Ceruledge|[spread] p1a,p1b\n|-supereffective|p1b: Roaring Moon\n|-damage|p1a: Ceruledge|28\/100\n|-damage|p1b: Roaring Moon|0 fnt\n|faint|p1b: Roaring Moon\n|-end|p1b: Roaring Moon|Protosynthesis|[silent]\n|-unboost|p2a: Kommo-o|def|1\n|-enditem|p2a: Kommo-o|Throat Spray\n|-boost|p2a: Kommo-o|spa|1|[from] item: Throat Spray\n|move|p1a: Ceruledge|Bitter Blade|p2a: Kommo-o\n|-resisted|p2a: Kommo-o\n|-damage|p2a: Kommo-o|50\/100\n|-heal|p1a: Ceruledge|48\/100|[from] drain|[of] p2a: Kommo-o\n|cant|p2b: Sinistcha|flinch\n|\n|-heal|p2b: Sinistcha|16\/100|[from] item: Leftovers\n|upkeep\n|turn|12\n|inactive|balloongrapes has 120 seconds left.\n|\n|t:|1699213529\n|move|p2a: Kommo-o|Clanging Scales|p1a: Ceruledge\n|-damage|p1a: Ceruledge|0 fnt\n|faint|p1a: Ceruledge\n|\n|win|Pee boi happy\n|raw|balloongrapes's rating: 1203 &rarr; <strong>1179<\/strong><br \/>(-24 for losing)\n|raw|Pee boi happy's rating: 1216 &rarr; <strong>1240<\/strong><br \/>(+24 for winning)\n|l|\u2606balloongrapes\n","uploadtime":1699213533,"views":8,"p1id":"balloongrapes","p2id":"peeboihappy","formatid":"gen9doublesou","rating":1179,"private":0,"password":""}