{"id":"gen9doublesou-1984261244","p1":"Realgoodrafan","p2":"mikeyuwu","format":"[Gen 9] Doubles OU","log":"|j|\u2606Realgoodrafan\n|j|\u2606mikeyuwu\n|t:|1699236212\n|gametype|doubles\n|player|p1|Realgoodrafan|266|1326\n|player|p2|mikeyuwu|psychic-gen4|1383\n|teamsize|p1|6\n|teamsize|p2|6\n|gen|9\n|tier|[Gen 9] Doubles OU\n|rated|\n|rule|Species Clause: Limit one of each Pok\u00e9mon\n|rule|OHKO Clause: OHKO moves are banned\n|rule|Evasion Moves Clause: Evasion moves are banned\n|rule|Gravity Sleep Clause: The combination of sleep-inducing moves with imperfect accuracy and Gravity or Gigantamax Orbeetle are banned\n|rule|Endless Battle Clause: Forcing endless battles is banned\n|rule|HP Percentage Mod: HP is shown in percentages\n|clearpoke\n|poke|p1|Goodra-Hisui, M|\n|poke|p1|Great Tusk|\n|poke|p1|Amoonguss, M|\n|poke|p1|Chien-Pao|\n|poke|p1|Glimmora, M|\n|poke|p1|Palafin, M|\n|poke|p2|Garchomp, M|\n|poke|p2|Tyranitar, F|\n|poke|p2|Vaporeon, F|\n|poke|p2|Toxicroak, M|\n|poke|p2|Pelipper, F|\n|poke|p2|Abomasnow, M|\n|teampreview\n|\n|t:|1699236222\n|start\n|switch|p1a: Glimmora|Glimmora, M|100\/100\n|switch|p1b: Palafin|Palafin, M|100\/100\n|switch|p2a: OTLHPM|Toxicroak, M|100\/100\n|switch|p2b: Harmacy|Vaporeon, F|100\/100\n|turn|1\n|inactive|Battle timer is ON: inactive players will automatically lose when time's up. (requested by Realgoodrafan)\n|\n|t:|1699236238\n|detailschange|p1b: Palafin|Palafin-Hero, M\n|switch|p1b: Great Tusk|Great Tusk|100\/100\n|switch|p2a: Weather War|Pelipper, F|100\/100\n|-weather|RainDance|[from] ability: Drizzle|[of] p2a: Weather War\n|move|p1a: Glimmora|Stealth Rock|p2b: Harmacy\n|-sidestart|p2: mikeyuwu|move: Stealth Rock\n|move|p2b: Harmacy|Weather Ball|p1a: Glimmora\n|-supereffective|p1a: Glimmora\n|-enditem|p1a: Glimmora|Focus Sash\n|-damage|p1a: Glimmora|1\/100\n|\n|-weather|RainDance|[upkeep]\n|upkeep\n|turn|2\n|\n|t:|1699236266\n|switch|p2a: OTLHPM|Toxicroak, M|100\/100\n|-damage|p2a: OTLHPM|94\/100|[from] Stealth Rock\n|move|p1a: Glimmora|Mortal Spin|p2a: OTLHPM|[spread] p2a,p2b\n|-resisted|p2a: OTLHPM\n|-damage|p2a: OTLHPM|91\/100\n|-damage|p2b: Harmacy|97\/100\n|-status|p2b: Harmacy|psn\n|move|p1b: Great Tusk|Close Combat|p2b: Harmacy\n|-damage|p2b: Harmacy|58\/100 psn\n|-unboost|p1b: Great Tusk|def|1\n|-unboost|p1b: Great Tusk|spd|1\n|move|p2b: Harmacy|Icy Wind|p1b: Great Tusk|[spread] p1a,p1b\n|-supereffective|p1b: Great Tusk\n|-damage|p1a: Glimmora|0 fnt\n|-damage|p1b: Great Tusk|76\/100\n|-unboost|p1b: Great Tusk|spe|1\n|faint|p1a: Glimmora\n|\n|-weather|RainDance|[upkeep]\n|-heal|p2a: OTLHPM|100\/100|[from] ability: Dry Skin\n|-activate|p2b: Harmacy|ability: Hydration\n|-curestatus|p2b: Harmacy|psn|[msg]\n|-heal|p2b: Harmacy|64\/100|[from] item: Leftovers\n|upkeep\n|inactive|Realgoodrafan has 120 seconds left.\n|\n|t:|1699236299\n|switch|p1a: Palafin|Palafin-Hero, M|100\/100\n|-activate|p1a: Palafin|ability: Zero to Hero\n|turn|3\n|inactive|Realgoodrafan has 120 seconds left.\n|\n|t:|1699236309\n|switch|p2a: Cold Shoulder|Abomasnow, M, shiny|100\/100\n|-damage|p2a: Cold Shoulder|76\/100|[from] Stealth Rock\n|-weather|Snow|[from] ability: Snow Warning|[of] p2a: Cold Shoulder\n|-end|p1b: Great Tusk|Protosynthesis|[silent]\n|switch|p1b: Amoonguss|Amoonguss, M|100\/100\n|move|p1a: Palafin|Drain Punch|p2a: Cold Shoulder\n|-supereffective|p2a: Cold Shoulder\n|-damage|p2a: Cold Shoulder|21\/100\n|move|p2b: Harmacy|Icy Wind|p1b: Amoonguss|[spread] p1a,p1b\n|-resisted|p1a: Palafin\n|-supereffective|p1b: Amoonguss\n|-damage|p1a: Palafin|95\/100\n|-damage|p1b: Amoonguss|83\/100\n|-unboost|p1a: Palafin|spe|1\n|-unboost|p1b: Amoonguss|spe|1\n|\n|-weather|Snow|[upkeep]\n|-heal|p2b: Harmacy|70\/100|[from] item: Leftovers\n|upkeep\n|turn|4\n|inactive|Realgoodrafan has 120 seconds left.\n|\n|t:|1699236342\n|switch|p1a: Great Tusk|Great Tusk|76\/100\n|move|p2a: Cold Shoulder|Giga Drain|p1a: Great Tusk\n|-supereffective|p1a: Great Tusk\n|-damage|p1a: Great Tusk|37\/100\n|-heal|p2a: Cold Shoulder|41\/100|[from] drain|[of] p1a: Great Tusk\n|move|p2b: Harmacy|Weather Ball|p1b: Amoonguss\n|-supereffective|p1b: Amoonguss\n|-damage|p1b: Amoonguss|45\/100\n|-enditem|p1b: Amoonguss|Sitrus Berry|[eat]\n|-heal|p1b: Amoonguss|70\/100|[from] item: Sitrus Berry\n|move|p1b: Amoonguss|Spore|p2b: Harmacy\n|-status|p2b: Harmacy|slp|[from] move: Spore\n|\n|-weather|Snow|[upkeep]\n|-heal|p2b: Harmacy|77\/100 slp|[from] item: Leftovers\n|upkeep\n|turn|5\n|inactive|Realgoodrafan has 120 seconds left.\n|\n|t:|1699236362\n|-end|p1a: Great Tusk|Protosynthesis|[silent]\n|switch|p1a: Palafin|Palafin-Hero, M|95\/100\n|switch|p2a: Weather War|Pelipper, F|100\/100\n|-weather|RainDance|[from] ability: Drizzle|[of] p2a: Weather War\n|move|p1b: Amoonguss|Rage Powder|p1b: Amoonguss\n|-singleturn|p1b: Amoonguss|move: Rage Powder\n|cant|p2b: Harmacy|slp\n|\n|-weather|RainDance|[upkeep]\n|-activate|p2b: Harmacy|ability: Hydration\n|-curestatus|p2b: Harmacy|slp|[msg]\n|-heal|p2b: Harmacy|83\/100|[from] item: Leftovers\n|upkeep\n|turn|6\n|inactive|Realgoodrafan has 120 seconds left.\n|\n|t:|1699236395\n|-terastallize|p1a: Palafin|Water\n|move|p1a: Palafin|Wave Crash|p2b: Harmacy\n|-resisted|p2b: Harmacy\n|-damage|p2b: Harmacy|0 fnt\n|faint|p2b: Harmacy\n|-damage|p1a: Palafin|58\/100|[from] Recoil\n|move|p2a: Weather War|Hurricane|p1b: Amoonguss\n|-supereffective|p1b: Amoonguss\n|-damage|p1b: Amoonguss|8\/100\n|-start|p1b: Amoonguss|confusion\n|-activate|p1b: Amoonguss|confusion\n|-damage|p1b: Amoonguss|3\/100|[from] confusion\n|\n|-weather|RainDance|[upkeep]\n|upkeep\n|\n|t:|1699236402\n|switch|p2b: OTLHPM|Toxicroak, M|100\/100\n|-damage|p2b: OTLHPM|94\/100|[from] Stealth Rock\n|turn|7\n|\n|t:|1699236422\n|switch|p1a: Great Tusk|Great Tusk|37\/100\n|switch|p1b: Goodra|Goodra-Hisui, M|100\/100\n|move|p2b: OTLHPM|Drain Punch|p1a: Great Tusk\n|-damage|p1a: Great Tusk|9\/100\n|-heal|p2b: OTLHPM|100\/100|[from] drain|[of] p1a: Great Tusk\n|move|p2a: Weather War|Hurricane|p1b: Goodra\n|-resisted|p1b: Goodra\n|-damage|p1b: Goodra|89\/100\n|-start|p1b: Goodra|confusion\n|\n|-weather|RainDance|[upkeep]\n|-heal|p1b: Goodra|95\/100|[from] item: Leftovers\n|upkeep\n|turn|8\n|inactive|Realgoodrafan has 120 seconds left.\n|\n|t:|1699236462\n|-end|p1a: Great Tusk|Protosynthesis|[silent]\n|switch|p1a: Palafin|Palafin-Hero, M, tera:Water|58\/100\n|switch|p2b: Extra Spicy|Garchomp, M|100\/100\n|-damage|p2b: Extra Spicy|94\/100|[from] Stealth Rock\n|move|p2a: Weather War|Chilling Water|p1a: Palafin\n|-resisted|p1a: Palafin\n|-damage|p1a: Palafin|44\/100\n|-unboost|p1a: Palafin|atk|1\n|-activate|p1b: Goodra|confusion\n|-damage|p1b: Goodra|88\/100|[from] confusion\n|\n|-weather|RainDance|[upkeep]\n|-heal|p1b: Goodra|94\/100|[from] item: Leftovers\n|upkeep\n|turn|9\n|inactive|Realgoodrafan has 120 seconds left.\n|\n|t:|1699236502\n|switch|p1a: Great Tusk|Great Tusk|9\/100\n|switch|p1b: Amoonguss|Amoonguss, M|36\/100\n|move|p2b: Extra Spicy|Earthquake|p1a: Great Tusk|[spread] p1a,p1b\n|-immune|p2a: Weather War\n|-damage|p1a: Great Tusk|0 fnt\n|-damage|p1b: Amoonguss|9\/100\n|faint|p1a: Great Tusk\n|-end|p1a: Great Tusk|Protosynthesis|[silent]\n|move|p2a: Weather War|Chilling Water|p1b: Amoonguss\n|-resisted|p1b: Amoonguss\n|-damage|p1b: Amoonguss|0 fnt\n|faint|p1b: Amoonguss\n|\n|-weather|none\n|upkeep\n|inactive|Realgoodrafan has 90 seconds left.\n|\n|t:|1699236525\n|switch|p1a: Chien-Pao|Chien-Pao|100\/100\n|switch|p1b: Goodra|Goodra-Hisui, M|94\/100\n|-ability|p1a: Chien-Pao|Sword of Ruin\n|turn|10\n|\n|t:|1699236535\n|-terastallize|p2b: Extra Spicy|Steel\n|move|p1a: Chien-Pao|Ice Spinner|p2b: Extra Spicy\n|-resisted|p2b: Extra Spicy\n|-damage|p2b: Extra Spicy|75\/100\n|-damage|p1a: Chien-Pao|88\/100|[from] ability: Rough Skin|[of] p2b: Extra Spicy\n|-damage|p1a: Chien-Pao|72\/100|[from] item: Rocky Helmet|[of] p2b: Extra Spicy\n|-damage|p1a: Chien-Pao|62\/100|[from] item: Life Orb\n|move|p2b: Extra Spicy|Brick Break|p1a: Chien-Pao\n|-supereffective|p1a: Chien-Pao\n|-damage|p1a: Chien-Pao|0 fnt\n|faint|p1a: Chien-Pao\n|move|p2a: Weather War|Chilling Water|p1b: Goodra\n|-resisted|p1b: Goodra\n|-damage|p1b: Goodra|89\/100\n|-unboost|p1b: Goodra|atk|1\n|move|p1b: Goodra|Acid Armor|p1b: Goodra\n|-boost|p1b: Goodra|def|2\n|\n|-heal|p1b: Goodra|95\/100|[from] item: Leftovers\n|upkeep\n|inactive|Realgoodrafan has 90 seconds left.\n|\n|t:|1699236556\n|switch|p1a: Palafin|Palafin-Hero, M, tera:Water|44\/100\n|turn|11\n|\n|t:|1699236564\n|move|p1a: Palafin|Drain Punch|p2b: Extra Spicy\n|-supereffective|p2b: Extra Spicy\n|-damage|p2b: Extra Spicy|15\/100\n|-heal|p1a: Palafin|81\/100|[from] drain|[of] p2b: Extra Spicy\n|-damage|p1a: Palafin|69\/100|[from] ability: Rough Skin|[of] p2b: Extra Spicy\n|-damage|p1a: Palafin|52\/100|[from] item: Rocky Helmet|[of] p2b: Extra Spicy\n|move|p2b: Extra Spicy|Poison Jab|p1a: Palafin\n|-damage|p1a: Palafin|27\/100\n|-status|p1a: Palafin|psn\n|move|p2a: Weather War|Soak|p1b: Goodra\n|-start|p1b: Goodra|typechange|Water\n|move|p1b: Goodra|Life Dew|p1b: Goodra|[spread] p1a,p1b\n|-heal|p1a: Palafin|52\/100 psn\n|-heal|p1b: Goodra|100\/100\n|\n|-damage|p1a: Palafin|40\/100 psn|[from] psn\n|upkeep\n|turn|12\n|inactive|Realgoodrafan has 120 seconds left.\n|\n|t:|1699236589\n|switch|p2b: OTLHPM|Toxicroak, M|100\/100\n|-damage|p2b: OTLHPM|94\/100|[from] Stealth Rock\n|move|p1a: Palafin|Drain Punch|p2b: OTLHPM\n|-resisted|p2b: OTLHPM\n|-damage|p2b: OTLHPM|57\/100\n|-heal|p1a: Palafin|59\/100 psn|[from] drain|[of] p2b: OTLHPM\n|move|p2a: Weather War|Chilling Water|p1a: Palafin\n|-resisted|p1a: Palafin\n|-damage|p1a: Palafin|49\/100 psn\n|-unboost|p1a: Palafin|atk|1\n|move|p1b: Goodra|Life Dew||[still]|[spread] p1a,p1b\n|-heal|p1a: Palafin|74\/100 psn\n|-fail|p1b: Goodra|heal\n|\n|-heal|p2b: OTLHPM|63\/100|[from] item: Black Sludge\n|-damage|p1a: Palafin|61\/100 psn|[from] psn\n|upkeep\n|turn|13\n|inactive|Realgoodrafan has 120 seconds left.\n|\n|t:|1699236610\n|switch|p2a: Extra Spicy|Garchomp, M, tera:Steel|15\/100\n|-damage|p2a: Extra Spicy|8\/100|[from] Stealth Rock\n|move|p1a: Palafin|Drain Punch|p2b: OTLHPM\n|-resisted|p2b: OTLHPM\n|-damage|p2b: OTLHPM|40\/100\n|-heal|p1a: Palafin|73\/100 psn|[from] drain|[of] p2b: OTLHPM\n|move|p2b: OTLHPM|Drain Punch|p1a: Palafin\n|-damage|p1a: Palafin|37\/100 psn\n|-heal|p2b: OTLHPM|58\/100|[from] drain|[of] p1a: Palafin\n|move|p1b: Goodra|Acid Armor|p1b: Goodra\n|-boost|p1b: Goodra|def|2\n|\n|-heal|p2b: OTLHPM|64\/100|[from] item: Black Sludge\n|-damage|p1a: Palafin|25\/100 psn|[from] psn\n|upkeep\n|turn|14\n|\n|t:|1699236630\n|move|p1a: Palafin|Drain Punch|p2a: Extra Spicy\n|-supereffective|p2a: Extra Spicy\n|-damage|p2a: Extra Spicy|0 fnt\n|-heal|p1a: Palafin|30\/100 psn|[from] drain|[of] p2a: Extra Spicy\n|-damage|p1a: Palafin|18\/100 psn|[from] ability: Rough Skin|[of] p2a: Extra Spicy\n|-damage|p1a: Palafin|1\/100 psn|[from] item: Rocky Helmet|[of] p2a: Extra Spicy\n|faint|p2a: Extra Spicy\n|move|p2b: OTLHPM|Poison Jab|p1a: Palafin\n|-damage|p1a: Palafin|0 fnt\n|faint|p1a: Palafin\n|move|p1b: Goodra|Acid Armor|p1b: Goodra\n|-boost|p1b: Goodra|def|2\n|\n|-heal|p2b: OTLHPM|71\/100|[from] item: Black Sludge\n|upkeep\n|\n|t:|1699236643\n|switch|p2a: Cold Shoulder|Abomasnow, M, shiny|41\/100\n|-damage|p2a: Cold Shoulder|16\/100|[from] Stealth Rock\n|-weather|Snow|[from] ability: Snow Warning|[of] p2a: Cold Shoulder\n|turn|15\n|\n|t:|1699236654\n|move|p2b: OTLHPM|Poison Jab|p1b: Goodra\n|-damage|p1b: Goodra|93\/100\n|move|p2a: Cold Shoulder|Blizzard|p1b: Goodra\n|-resisted|p1b: Goodra\n|-damage|p1b: Goodra|79\/100\n|move|p1b: Goodra|Body Press|p2a: Cold Shoulder\n|-supereffective|p2a: Cold Shoulder\n|-damage|p2a: Cold Shoulder|0 fnt\n|faint|p2a: Cold Shoulder\n|\n|-weather|Snow|[upkeep]\n|-heal|p2b: OTLHPM|77\/100|[from] item: Black Sludge\n|-heal|p1b: Goodra|85\/100|[from] item: Leftovers\n|upkeep\n|\n|t:|1699236661\n|switch|p2a: ThcrThnSnkr|Tyranitar, F|100\/100\n|-damage|p2a: ThcrThnSnkr|88\/100|[from] Stealth Rock\n|-weather|Sandstorm|[from] ability: Sand Stream|[of] p2a: ThcrThnSnkr\n|turn|16\n|\n|t:|1699236674\n|move|p2b: OTLHPM|Poison Jab|p1b: Goodra\n|-damage|p1b: Goodra|78\/100\n|move|p2a: ThcrThnSnkr|Knock Off|p1b: Goodra\n|-damage|p1b: Goodra|70\/100\n|-enditem|p1b: Goodra|Leftovers|[from] move: Knock Off|[of] p2a: ThcrThnSnkr\n|move|p1b: Goodra|Body Press|p2a: ThcrThnSnkr\n|-supereffective|p2a: ThcrThnSnkr\n|-damage|p2a: ThcrThnSnkr|0 fnt\n|faint|p2a: ThcrThnSnkr\n|\n|-weather|Sandstorm|[upkeep]\n|-damage|p2b: OTLHPM|71\/100|[from] Sandstorm\n|-damage|p1b: Goodra|64\/100|[from] Sandstorm\n|-heal|p2b: OTLHPM|77\/100|[from] item: Black Sludge\n|upkeep\n|\n|t:|1699236683\n|switch|p2a: Weather War|Pelipper, F|100\/100\n|-weather|RainDance|[from] ability: Drizzle|[of] p2a: Weather War\n|turn|17\n|\n|t:|1699236697\n|move|p2b: OTLHPM|Poison Jab|p1b: Goodra\n|-damage|p1b: Goodra|56\/100\n|-status|p1b: Goodra|psn\n|move|p2a: Weather War|Hurricane|p1b: Goodra\n|-damage|p1b: Goodra|31\/100 psn\n|move|p1b: Goodra|Body Press|p2b: OTLHPM\n|-resisted|p2b: OTLHPM\n|-damage|p2b: OTLHPM|10\/100\n|\n|-weather|RainDance|[upkeep]\n|-heal|p2b: OTLHPM|22\/100|[from] ability: Dry Skin\n|-heal|p2b: OTLHPM|28\/100|[from] item: Black Sludge\n|-damage|p1b: Goodra|18\/100 psn|[from] psn\n|upkeep\n|turn|18\n|\n|t:|1699236713\n|move|p2b: OTLHPM|Drain Punch|p1b: Goodra\n|-damage|p1b: Goodra|11\/100 psn\n|-heal|p2b: OTLHPM|32\/100|[from] drain|[of] p1b: Goodra\n|move|p2a: Weather War|Chilling Water|p2b: OTLHPM\n|-heal|p2b: OTLHPM|57\/100|[from] ability: Dry Skin|[of] p2a: Weather War\n|move|p1b: Goodra|Life Dew|p1b: Goodra\n|-heal|p1b: Goodra|36\/100 psn\n|\n|-weather|RainDance|[upkeep]\n|-heal|p2b: OTLHPM|70\/100|[from] ability: Dry Skin\n|-heal|p2b: OTLHPM|76\/100|[from] item: Black Sludge\n|-damage|p1b: Goodra|24\/100 psn|[from] psn\n|upkeep\n|turn|19\n|\n|t:|1699236728\n|move|p2b: OTLHPM|Poison Jab|p1b: Goodra\n|-damage|p1b: Goodra|16\/100 psn\n|move|p2a: Weather War|Hurricane|p1b: Goodra\n|-damage|p1b: Goodra|0 fnt\n|faint|p1b: Goodra\n|\n|win|mikeyuwu\n|raw|Realgoodrafan's rating: 1326 &rarr; <strong>1309<\/strong><br \/>(-17 for losing)\n|raw|mikeyuwu's rating: 1383 &rarr; <strong>1400<\/strong><br \/>(+17 for winning)\n|l|\u2606Realgoodrafan\n","uploadtime":1699236741,"views":7,"p1id":"realgoodrafan","p2id":"mikeyuwu","formatid":"gen9doublesou","rating":1309,"private":0,"password":""}