{"id":"gen9doublesou-1972773429","p1":"3yearoldtoddler","p2":"GeniusAtStuff","format":"[Gen 9] Doubles OU","log":"|j|\u26063yearoldtoddler\n|j|\u2606GeniusAtStuff\n|t:|1697893056\n|gametype|doubles\n|player|p1|3yearoldtoddler|preschooler|1000\n|player|p2|GeniusAtStuff|266|1038\n|teamsize|p1|6\n|teamsize|p2|6\n|gen|9\n|tier|[Gen 9] Doubles OU\n|rated|\n|rule|Species Clause: Limit one of each Pok\u00e9mon\n|rule|OHKO Clause: OHKO moves are banned\n|rule|Evasion Moves Clause: Evasion moves are banned\n|rule|Gravity Sleep Clause: The combination of sleep-inducing moves with imperfect accuracy and Gravity or Gigantamax Orbeetle are banned\n|rule|Endless Battle Clause: Forcing endless battles is banned\n|rule|HP Percentage Mod: HP is shown in percentages\n|clearpoke\n|poke|p1|Basculin-White-Striped, F|\n|poke|p1|Rabsca, M|\n|poke|p1|Tropius, F|\n|poke|p1|Dudunsparce-*, F|\n|poke|p1|Furret, F|\n|poke|p1|Pawmot, M|\n|poke|p2|Oricorio-Pom-Pom, M|\n|poke|p2|Cresselia, F|\n|poke|p2|Milotic, F|\n|poke|p2|Volcarona, F|\n|poke|p2|Lilligant-Hisui, F|\n|poke|p2|Goodra-Hisui, M|\n|teampreview\n|\n|t:|1697893066\n|start\n|switch|p1a: Tropius|Tropius, F|100\/100\n|switch|p1b: Dudunsparce|Dudunsparce-Three-Segment, F, shiny|100\/100\n|switch|p2a: Oricorio|Oricorio-Pom-Pom, M, shiny|100\/100\n|switch|p2b: Cresselia|Cresselia, F, shiny|100\/100\n|turn|1\n|inactive|Battle timer is ON: inactive players will automatically lose when time's up. (requested by GeniusAtStuff)\n|l|\u26063yearoldtoddler\n|inactive|3yearoldtoddler disconnected and has a minute to reconnect!\n|player|p1|\n|j|\u26063yearoldtoddler\n|inactive|3yearoldtoddler reconnected and has 140 seconds left.\n|player|p1|3yearoldtoddler|preschooler\n|\n|t:|1697893111\n|move|p2a: Oricorio|Icy Wind|p1b: Dudunsparce|[spread] p1a,p1b\n|-supereffective|p1a: Tropius\n|-damage|p1a: Tropius|49\/100\n|-damage|p1b: Dudunsparce|89\/100\n|-unboost|p1a: Tropius|spe|1\n|-unboost|p1b: Dudunsparce|spe|1\n|move|p2b: Cresselia|Skill Swap|p2a: Oricorio\n|-activate|p2b: Cresselia|move: Skill Swap|||[of] p2a: Oricorio\n|move|p1a: Tropius|Dragon Dance|p1a: Tropius\n|-boost|p1a: Tropius|atk|1\n|-boost|p1a: Tropius|spe|1\n|-enditem|p2b: Cresselia|Mirror Herb\n|-boost|p2b: Cresselia|atk|1|[from] item: Mirror Herb\n|-boost|p2b: Cresselia|spe|1|[from] item: Mirror Herb\n|-activate|p2b: Cresselia|ability: Dancer\n|move|p2b: Cresselia|Dragon Dance|p2b: Cresselia|[from]ability: Dancer\n|-boost|p2b: Cresselia|atk|1\n|-boost|p2b: Cresselia|spe|1\n|move|p1b: Dudunsparce|Blizzard|p2a: Oricorio|[spread] p2b\n|-miss|p1b: Dudunsparce|p2a: Oricorio\n|-damage|p2b: Cresselia|90\/100\n|\n|upkeep\n|turn|2\n|inactive|3yearoldtoddler has 120 seconds left.\n|inactive|GeniusAtStuff has 120 seconds left.\n|\n|t:|1697893147\n|-terastallize|p1a: Tropius|Steel\n|move|p2b: Cresselia|Stored Power|p1a: Tropius\n|-resisted|p1a: Tropius\n|-damage|p1a: Tropius|33\/100\n|move|p2a: Oricorio|Quiver Dance|p2a: Oricorio\n|-boost|p2a: Oricorio|spa|1\n|-boost|p2a: Oricorio|spd|1\n|-boost|p2a: Oricorio|spe|1\n|-activate|p2b: Cresselia|ability: Dancer\n|move|p2b: Cresselia|Quiver Dance|p2b: Cresselia|[from]ability: Dancer\n|-boost|p2b: Cresselia|spa|1\n|-boost|p2b: Cresselia|spd|1\n|-boost|p2b: Cresselia|spe|1\n|move|p1a: Tropius|Rest|p1a: Tropius\n|-status|p1a: Tropius|slp|[from] move: Rest\n|-heal|p1a: Tropius|100\/100 slp|[silent]\n|-enditem|p1a: Tropius|Chesto Berry|[eat]\n|-curestatus|p1a: Tropius|slp|[msg]\n|move|p1b: Dudunsparce|Sunny Day|p1b: Dudunsparce\n|-weather|SunnyDay\n|\n|-weather|SunnyDay|[upkeep]\n|-item|p1a: Tropius|Chesto Berry|[from] ability: Harvest\n|upkeep\n|turn|3\n|inactive|GeniusAtStuff has 120 seconds left.\n|inactive|3yearoldtoddler has 120 seconds left.\n|\n|t:|1697893195\n|switch|p2a: Goodra|Goodra-Hisui, M, shiny|100\/100\n|move|p2b: Cresselia|Skill Swap|p2a: Goodra\n|-activate|p2b: Cresselia|move: Skill Swap|||[of] p2a: Goodra\n|move|p1a: Tropius|Dragon Dance|p1a: Tropius\n|-boost|p1a: Tropius|atk|1\n|-boost|p1a: Tropius|spe|1\n|-activate|p2a: Goodra|ability: Dancer\n|move|p2a: Goodra|Dragon Dance|p2a: Goodra|[from]ability: Dancer\n|-boost|p2a: Goodra|atk|1\n|-boost|p2a: Goodra|spe|1\n|move|p1b: Dudunsparce|Blizzard|p2b: Cresselia|[spread] p2a,p2b\n|-damage|p2a: Goodra|89\/100\n|-damage|p2b: Cresselia|84\/100\n|\n|-weather|SunnyDay|[upkeep]\n|-heal|p2a: Goodra|95\/100|[from] item: Leftovers\n|upkeep\n|turn|4\n|inactive|3yearoldtoddler has 120 seconds left.\n|inactive|GeniusAtStuff has 90 seconds left.\n|\n|t:|1697893226\n|switch|p1b: Rabsca|Rabsca, M|100\/100\n|move|p2b: Cresselia|Stored Power|p1b: Rabsca\n|-resisted|p1b: Rabsca\n|-damage|p1b: Rabsca|78\/100\n|move|p1a: Tropius|Leaf Blade|p2b: Cresselia\n|-damage|p2b: Cresselia|42\/100\n|move|p2a: Goodra|Shelter|p2a: Goodra\n|-boost|p2a: Goodra|def|2\n|\n|-weather|SunnyDay|[upkeep]\n|-heal|p2a: Goodra|100\/100|[from] item: Leftovers\n|upkeep\n|turn|5\n|inactive|3yearoldtoddler has 120 seconds left.\n|\n|t:|1697893248\n|move|p2b: Cresselia|Lunar Blessing|p2b: Cresselia|[spread] p2a,p2b\n|-heal|p2b: Cresselia|67\/100\n|move|p1a: Tropius|Leaf Blade|p2b: Cresselia\n|-damage|p2b: Cresselia|29\/100\n|move|p2a: Goodra|Body Press|p1a: Tropius\n|-supereffective|p1a: Tropius\n|-damage|p1a: Tropius|0 fnt\n|faint|p1a: Tropius\n|move|p1b: Rabsca|Skill Swap|p1: Tropius|[notarget]\n|-fail|p1b: Rabsca\n|\n|-weather|SunnyDay|[upkeep]\n|upkeep\n|\n|t:|1697893263\n|switch|p1a: Furret|Furret, F, shiny|100\/100\n|-item|p2a: Goodra|Leftovers|[from] ability: Frisk|[of] p1a: Furret|[identify]\n|turn|6\n|inactive|GeniusAtStuff has 120 seconds left.\n|\n|t:|1697893283\n|switch|p2b: Lilligant|Lilligant-Hisui, F, shiny|100\/100\n|move|p1a: Furret|Follow Me|p1a: Furret\n|-singleturn|p1a: Furret|move: Follow Me\n|move|p2a: Goodra|Body Press|p1a: Furret\n|-supereffective|p1a: Furret\n|-damage|p1a: Furret|0 fnt\n|faint|p1a: Furret\n|move|p1b: Rabsca|Revival Blessing|p1b: Rabsca\n|-enditem|p1b: Rabsca|Leppa Berry|[eat]\n|-activate|p1b: Rabsca|item: Leppa Berry|Revival Blessing|[consumed]\n|\n|t:|1697893293\n|-heal|p1: Tropius|50\/100|[from] move: Revival Blessing\n|\n|-weather|SunnyDay|[upkeep]\n|upkeep\n|\n|t:|1697893299\n|switch|p1a: Tropius|Tropius, F|50\/100\n|turn|7\n|inactive|GeniusAtStuff has 120 seconds left.\n|l|\u2606GeniusAtStuff\n|inactive|GeniusAtStuff disconnected and has a minute to reconnect!\n|player|p2|\n|j|\u2606GeniusAtStuff\n|inactive|GeniusAtStuff reconnected and has 100 seconds left.\n|player|p2|GeniusAtStuff|266\n|inactive|GeniusAtStuff has 90 seconds left.\n|\n|t:|1697893364\n|move|p2b: Lilligant|Victory Dance|p2b: Lilligant\n|-boost|p2b: Lilligant|atk|1\n|-boost|p2b: Lilligant|def|1\n|-boost|p2b: Lilligant|spe|1\n|-activate|p2a: Goodra|ability: Dancer\n|move|p2a: Goodra|Victory Dance|p2a: Goodra|[from]ability: Dancer\n|-boost|p2a: Goodra|atk|1\n|-boost|p2a: Goodra|def|1\n|-boost|p2a: Goodra|spe|1\n|move|p2a: Goodra|Heavy Slam|p1b: Rabsca\n|-damage|p1b: Rabsca|0 fnt\n|faint|p1b: Rabsca\n|move|p1a: Tropius|Rest|p1a: Tropius\n|-status|p1a: Tropius|slp|[from] move: Rest\n|-heal|p1a: Tropius|100\/100 slp|[silent]\n|-enditem|p1a: Tropius|Chesto Berry|[eat]\n|-curestatus|p1a: Tropius|slp|[msg]\n|\n|-weather|SunnyDay|[upkeep]\n|-item|p1a: Tropius|Chesto Berry|[from] ability: Harvest\n|upkeep\n|-message|3yearoldtoddler forfeited.\n|\n|win|GeniusAtStuff\n|raw|3yearoldtoddler's rating: 1000 &rarr; <strong>1000<\/strong><br \/>(+0 for losing)\n|raw|GeniusAtStuff's rating: 1038 &rarr; <strong>1069<\/strong><br \/>(+31 for winning)\n|l|\u26063yearoldtoddler\n","uploadtime":1697893391,"views":10,"p1id":"3yearoldtoddler","p2id":"geniusatstuff","formatid":"gen9doublesou","rating":1000,"private":0,"password":""}