{"id":"gen9doublesou-1994024099","p1":"wonhosbazingas","p2":"GabrielCanto","format":"[Gen 9] Doubles OU","log":"|j|\u2606wonhosbazingas\n|j|\u2606GabrielCanto\n|t:|1700395529\n|gametype|doubles\n|player|p1|wonhosbazingas|kimonogirl|1401\n|player|p2|GabrielCanto|hilda-wonderlauncher|1388\n|teamsize|p1|6\n|teamsize|p2|6\n|gen|9\n|tier|[Gen 9] Doubles OU\n|rated|\n|rule|Species Clause: Limit one of each Pok\u00e9mon\n|rule|OHKO Clause: OHKO moves are banned\n|rule|Evasion Moves Clause: Evasion moves are banned\n|rule|Gravity Sleep Clause: The combination of sleep-inducing moves with imperfect accuracy and Gravity or Gigantamax Orbeetle are banned\n|rule|Endless Battle Clause: Forcing endless battles is banned\n|rule|HP Percentage Mod: HP is shown in percentages\n|clearpoke\n|poke|p1|Maushold-Four|\n|poke|p1|Azumarill, F|\n|poke|p1|Espeon, F|\n|poke|p1|Tsareena, F|\n|poke|p1|Sylveon, F|\n|poke|p1|Dragonite, F|\n|poke|p2|Chien-Pao|\n|poke|p2|Oricorio-Pom-Pom, F|\n|poke|p2|Iron Moth|\n|poke|p2|Dragapult, M|\n|poke|p2|Grimmsnarl, M|\n|poke|p2|Quaquaval, M|\n|teampreview\n|inactive|Battle timer is ON: inactive players will automatically lose when time's up. (requested by GabrielCanto)\n|\n|t:|1700395543\n|start\n|switch|p1a: Maushold|Maushold-Four|100\/100\n|switch|p1b: Dragonite|Dragonite, F|100\/100\n|switch|p2a: Oricorio|Oricorio-Pom-Pom, F|100\/100\n|switch|p2b: Grimmsnarl|Grimmsnarl, M|100\/100\n|turn|1\n|\n|t:|1700395562\n|-terastallize|p1b: Dragonite|Normal\n|move|p2b: Grimmsnarl|Fake Out|p1b: Dragonite\n|-damage|p1b: Dragonite|94\/100\n|cant|p1b: Dragonite|flinch\n|move|p1a: Maushold|Population Bomb|p2a: Oricorio|[miss]\n|-miss|p1a: Maushold|p2a: Oricorio\n|move|p2a: Oricorio|Tailwind|p2a: Oricorio\n|-sidestart|p2: GabrielCanto|move: Tailwind\n|\n|upkeep\n|turn|2\n|c|\u2606wonhosbazingas|wut\n|c|\u2606wonhosbazingas|that had 99% accuracy\n|inactive|wonhosbazingas has 120 seconds left.\n|\n|t:|1700395599\n|move|p1b: Dragonite|Extreme Speed|p2b: Grimmsnarl\n|-damage|p2b: Grimmsnarl|43\/100\n|move|p2b: Grimmsnarl|Reflect|p2b: Grimmsnarl\n|-sidestart|p2: GabrielCanto|Reflect\n|move|p2a: Oricorio|Revelation Dance|p1b: Dragonite\n|-damage|p1b: Dragonite|52\/100\n|move|p1a: Maushold|Population Bomb|p2a: Oricorio\n|-damage|p2a: Oricorio|90\/100\n|-damage|p2a: Oricorio|78\/100\n|-damage|p2a: Oricorio|66\/100\n|-damage|p2a: Oricorio|55\/100\n|-damage|p2a: Oricorio|44\/100\n|-enditem|p2a: Oricorio|Sitrus Berry|[eat]\n|-heal|p2a: Oricorio|69\/100|[from] item: Sitrus Berry\n|-damage|p2a: Oricorio|57\/100\n|-damage|p2a: Oricorio|44\/100\n|-damage|p2a: Oricorio|34\/100\n|-damage|p2a: Oricorio|22\/100\n|-damage|p2a: Oricorio|10\/100\n|-hitcount|p2a: Oricorio|10\n|\n|upkeep\n|turn|3\n|inactive|wonhosbazingas has 120 seconds left.\n|\n|t:|1700395628\n|move|p1b: Dragonite|Extreme Speed|p2b: Grimmsnarl\n|-damage|p2b: Grimmsnarl|4\/100\n|move|p2b: Grimmsnarl|Light Screen|p2b: Grimmsnarl\n|-sidestart|p2: GabrielCanto|move: Light Screen\n|move|p2a: Oricorio|Revelation Dance|p1a: Maushold\n|-damage|p1a: Maushold|40\/100\n|move|p1a: Maushold|Population Bomb|p2a: Oricorio\n|-damage|p2a: Oricorio|0 fnt\n|faint|p2a: Oricorio\n|-hitcount|p2: Oricorio|1\n|\n|upkeep\n|\n|t:|1700395645\n|switch|p2a: Dragapult|Dragapult, M|100\/100\n|turn|4\n|\n|t:|1700395653\n|move|p1b: Dragonite|Extreme Speed|p2b: Grimmsnarl\n|-damage|p2b: Grimmsnarl|0 fnt\n|faint|p2b: Grimmsnarl\n|move|p2a: Dragapult|Dragon Dance|p2a: Dragapult\n|-boost|p2a: Dragapult|atk|1\n|-boost|p2a: Dragapult|spe|1\n|move|p1a: Maushold|Bite|p2a: Dragapult\n|-supereffective|p2a: Dragapult\n|-damage|p2a: Dragapult|59\/100\n|\n|-sideend|p2: GabrielCanto|move: Tailwind\n|upkeep\n|\n|t:|1700395661\n|switch|p2b: Chien-Pao|Chien-Pao|100\/100\n|-ability|p2b: Chien-Pao|Sword of Ruin\n|turn|5\n|\n|t:|1700395669\n|-terastallize|p2b: Chien-Pao|Ghost\n|move|p1a: Maushold|Helping Hand|p1b: Dragonite\n|-singleturn|p1b: Dragonite|Helping Hand|[of] p1a: Maushold\n|move|p1b: Dragonite|Extreme Speed|p2b: Chien-Pao\n|-immune|p2b: Chien-Pao\n|move|p2a: Dragapult|Dragon Darts|p1a: Maushold\n|-damage|p1a: Maushold|0 fnt\n|-anim|p2a: Dragapult|Dragon Darts|p1b: Dragonite\n|-damage|p1b: Dragonite|0 fnt\n|faint|p1a: Maushold\n|faint|p1b: Dragonite\n|-damage|p2a: Dragapult|49\/100|[from] item: Life Orb\n|move|p2b: Chien-Pao|Swords Dance|p2b: Chien-Pao\n|-boost|p2b: Chien-Pao|atk|2\n|\n|upkeep\n|\n|t:|1700395688\n|switch|p1a: Sylveon|Sylveon, F|100\/100\n|switch|p1b: Tsareena|Tsareena, F|100\/100\n|turn|6\n|\n|t:|1700395698\n|move|p2a: Dragapult|Dragon Darts|p1b: Tsareena\n|-damage|p1b: Tsareena|9\/100\n|-anim|p2a: Dragapult|Dragon Darts|p1b: Tsareena\n|-damage|p1b: Tsareena|0 fnt\n|faint|p1b: Tsareena\n|-damage|p2a: Dragapult|39\/100|[from] item: Life Orb\n|move|p2b: Chien-Pao|Ice Spinner|p1a: Sylveon\n|-damage|p1a: Sylveon|0 fnt\n|faint|p1a: Sylveon\n|\n|upkeep\n|\n|t:|1700395709\n|switch|p1b: Azumarill|Azumarill, F|100\/100\n|switch|p1a: Espeon|Espeon, F|100\/100\n|turn|7\n|\n|t:|1700395715\n|move|p1b: Azumarill|Aqua Jet|p2a: Dragapult\n|-resisted|p2a: Dragapult\n|-damage|p2a: Dragapult|23\/100\n|move|p2a: Dragapult|Dragon Darts|p1a: Espeon\n|-damage|p1a: Espeon|0 fnt\n|faint|p1a: Espeon\n|-damage|p2a: Dragapult|13\/100|[from] item: Life Orb\n|move|p2b: Chien-Pao|Ice Spinner|p1b: Azumarill\n|-resisted|p1b: Azumarill\n|-damage|p1b: Azumarill|46\/100\n|-enditem|p1b: Azumarill|Sitrus Berry|[eat]\n|-heal|p1b: Azumarill|71\/100|[from] item: Sitrus Berry\n|\n|upkeep\n|turn|8\n|\n|t:|1700395727\n|move|p2a: Dragapult|Protect|p2a: Dragapult\n|-singleturn|p2a: Dragapult|Protect\n|move|p1b: Azumarill|Aqua Jet|p2a: Dragapult\n|-activate|p2a: Dragapult|move: Protect\n|move|p2b: Chien-Pao|Ice Spinner|p1b: Azumarill\n|-resisted|p1b: Azumarill\n|-damage|p1b: Azumarill|10\/100\n|\n|upkeep\n|turn|9\n|-message|wonhosbazingas forfeited.\n|\n|win|GabrielCanto\n|raw|wonhosbazingas's rating: 1401 &rarr; <strong>1380<\/strong><br \/>(-21 for losing)\n|raw|GabrielCanto's rating: 1388 &rarr; <strong>1409<\/strong><br \/>(+21 for winning)\n|l|\u2606wonhosbazingas\n","uploadtime":1700395740,"views":11,"p1id":"wonhosbazingas","p2id":"gabrielcanto","formatid":"gen9doublesou","rating":1380,"private":0,"password":""}