{"id":"gen9doublesou-1977699947","p1":"wingwingy55","p2":"DAXdotMP3","format":"[Gen 9] Doubles OU","log":"|j|\u2606wingwingy55\n|j|\u2606DAXdotMP3\n|t:|1698439946\n|gametype|doubles\n|player|p1|wingwingy55|preschooler|1162\n|player|p2|DAXdotMP3|biker|1156\n|teamsize|p1|6\n|teamsize|p2|6\n|gen|9\n|tier|[Gen 9] Doubles OU\n|rated|\n|rule|Species Clause: Limit one of each Pok\u00e9mon\n|rule|OHKO Clause: OHKO moves are banned\n|rule|Evasion Moves Clause: Evasion moves are banned\n|rule|Gravity Sleep Clause: The combination of sleep-inducing moves with imperfect accuracy and Gravity or Gigantamax Orbeetle are banned\n|rule|Endless Battle Clause: Forcing endless battles is banned\n|rule|HP Percentage Mod: HP is shown in percentages\n|clearpoke\n|poke|p1|Sinistcha-Masterpiece|\n|poke|p1|Kingambit, F|\n|poke|p1|Chi-Yu|\n|poke|p1|Iron Hands|\n|poke|p1|Cresselia, F|\n|poke|p1|Ursaluna-Bloodmoon, M|\n|poke|p2|Ursaluna-Bloodmoon, M|\n|poke|p2|Oranguru, F|\n|poke|p2|Skeledirge, M|\n|poke|p2|Samurott-Hisui, M|\n|poke|p2|Rillaboom, F|\n|poke|p2|Okidogi, M|\n|teampreview\n|\n|t:|1698439995\n|start\n|switch|p1a: Kingambit|Kingambit, F|100\/100\n|switch|p1b: Iron Hands|Iron Hands|100\/100\n|switch|p2a: Ursaluna|Ursaluna-Bloodmoon, M|100\/100\n|switch|p2b: Oranguru|Oranguru, F|100\/100\n|turn|1\n|\n|t:|1698440035\n|move|p1b: Iron Hands|Fake Out|p2a: Ursaluna\n|-damage|p2a: Ursaluna|92\/100\n|move|p2b: Oranguru|Instruct||[still]\n|-fail|p2b: Oranguru\n|cant|p2a: Ursaluna|flinch\n|move|p1a: Kingambit|Swords Dance|p1a: Kingambit\n|-boost|p1a: Kingambit|atk|2\n|\n|-heal|p2a: Ursaluna|98\/100|[from] item: Leftovers\n|upkeep\n|turn|2\n|\n|t:|1698440048\n|move|p2b: Oranguru|Instruct||[still]\n|-fail|p2b: Oranguru\n|move|p2a: Ursaluna|Blood Moon|p1a: Kingambit\n|-resisted|p1a: Kingambit\n|-damage|p1a: Kingambit|61\/100\n|move|p1b: Iron Hands|Drain Punch|p2a: Ursaluna\n|-supereffective|p2a: Ursaluna\n|-damage|p2a: Ursaluna|46\/100\n|move|p1a: Kingambit|Kowtow Cleave|p2b: Oranguru\n|-supereffective|p2b: Oranguru\n|-damage|p2b: Oranguru|0 fnt\n|faint|p2b: Oranguru\n|\n|-heal|p2a: Ursaluna|52\/100|[from] item: Leftovers\n|upkeep\n|\n|t:|1698440055\n|switch|p2b: Rillaboom|Rillaboom, F|100\/100\n|-fieldstart|move: Grassy Terrain|[from] ability: Grassy Surge|[of] p2b: Rillaboom\n|turn|3\n|\n|t:|1698440068\n|move|p1a: Kingambit|Protect|p1a: Kingambit\n|-singleturn|p1a: Kingambit|Protect\n|move|p2b: Rillaboom|Brick Break|p1a: Kingambit\n|-activate|p1a: Kingambit|move: Protect\n|move|p2a: Ursaluna|Moonblast|p1b: Iron Hands\n|-supereffective|p1b: Iron Hands\n|-damage|p1b: Iron Hands|63\/100\n|move|p1b: Iron Hands|Drain Punch|p2a: Ursaluna\n|-supereffective|p2a: Ursaluna\n|-damage|p2a: Ursaluna|0 fnt\n|-heal|p1b: Iron Hands|86\/100|[from] drain|[of] p2a: Ursaluna\n|faint|p2a: Ursaluna\n|\n|-heal|p1b: Iron Hands|92\/100|[from] Grassy Terrain\n|-heal|p1a: Kingambit|67\/100|[from] Grassy Terrain\n|upkeep\n|\n|t:|1698440081\n|switch|p2a: Skeledirge|Skeledirge, M|100\/100\n|turn|4\n|\n|t:|1698440095\n|switch|p2b: Samurott|Samurott-Hisui, M, shiny|100\/100\n|-end|p1b: Iron Hands|Quark Drive|[silent]\n|switch|p1b: Cresselia|Cresselia, F|100\/100\n|-terastallize|p1a: Kingambit|Ghost\n|move|p2a: Skeledirge|Torch Song|p1a: Kingambit\n|-damage|p1a: Kingambit|32\/100\n|-boost|p2a: Skeledirge|spa|1\n|move|p1a: Kingambit|Kowtow Cleave|p2a: Skeledirge\n|-supereffective|p2a: Skeledirge\n|-damage|p2a: Skeledirge|26\/100\n|\n|-heal|p2a: Skeledirge|32\/100|[from] Grassy Terrain\n|-heal|p1a: Kingambit|39\/100|[from] Grassy Terrain\n|upkeep\n|turn|5\n|\n|t:|1698440121\n|-terastallize|p2a: Skeledirge|Normal\n|move|p1a: Kingambit|Protect|p1a: Kingambit\n|-singleturn|p1a: Kingambit|Protect\n|move|p2b: Samurott|Knock Off|p1b: Cresselia\n|-supereffective|p1b: Cresselia\n|-damage|p1b: Cresselia|42\/100\n|-enditem|p1b: Cresselia|Mental Herb|[from] move: Knock Off|[of] p2b: Samurott\n|move|p2a: Skeledirge|Torch Song|p1a: Kingambit\n|-activate|p1a: Kingambit|move: Protect\n|move|p1b: Cresselia|Trick Room|p1b: Cresselia\n|-fieldstart|move: Trick Room|[of] p1b: Cresselia\n|-enditem|p1a: Kingambit|Room Service\n|-unboost|p1a: Kingambit|spe|1|[from] item: Room Service\n|\n|-heal|p1a: Kingambit|45\/100|[from] Grassy Terrain\n|-heal|p2a: Skeledirge|38\/100|[from] Grassy Terrain\n|upkeep\n|turn|6\n|\n|t:|1698440150\n|move|p1b: Cresselia|Ally Switch|p1b: Cresselia\n|swap|p1b: Cresselia|0|[from] move: Ally Switch\n|move|p1b: Kingambit|Kowtow Cleave|p2a: Skeledirge\n|-damage|p2a: Skeledirge|3\/100\n|-enditem|p2a: Skeledirge|Iapapa Berry|[eat]\n|-heal|p2a: Skeledirge|36\/100|[from] item: Iapapa Berry\n|move|p2a: Skeledirge|Torch Song|p1b: Kingambit\n|-damage|p1b: Kingambit|0 fnt\n|-boost|p2a: Skeledirge|spa|1\n|faint|p1b: Kingambit\n|move|p2b: Samurott|Knock Off|p1a: Cresselia\n|-supereffective|p1a: Cresselia\n|-damage|p1a: Cresselia|5\/100\n|\n|-heal|p2a: Skeledirge|42\/100|[from] Grassy Terrain\n|upkeep\n|\n|t:|1698440165\n|switch|p1b: Iron Hands|Iron Hands|92\/100\n|turn|7\n|\n|t:|1698440189\n|move|p1b: Iron Hands|Fake Out|p2b: Samurott\n|-damage|p2b: Samurott|84\/100\n|move|p2a: Skeledirge|Earth Power|p1b: Iron Hands\n|-supereffective|p1b: Iron Hands\n|-damage|p1b: Iron Hands|33\/100\n|move|p1a: Cresselia|Moonblast|p2a: Skeledirge\n|-damage|p2a: Skeledirge|21\/100\n|cant|p2b: Samurott|flinch\n|\n|-heal|p1b: Iron Hands|40\/100|[from] Grassy Terrain\n|-heal|p2a: Skeledirge|27\/100|[from] Grassy Terrain\n|-heal|p2b: Samurott|91\/100|[from] Grassy Terrain\n|-fieldend|move: Grassy Terrain\n|upkeep\n|turn|8\n|\n|t:|1698440216\n|move|p1b: Iron Hands|Drain Punch|p2b: Samurott\n|-supereffective|p2b: Samurott\n|-damage|p2b: Samurott|0 fnt\n|-heal|p1b: Iron Hands|69\/100|[from] drain|[of] p2b: Samurott\n|faint|p2b: Samurott\n|move|p2a: Skeledirge|Earth Power|p1b: Iron Hands\n|-supereffective|p1b: Iron Hands\n|-damage|p1b: Iron Hands|15\/100\n|move|p1a: Cresselia|Lunar Blessing|p1a: Cresselia|[spread] p1a,p1b\n|-heal|p1a: Cresselia|30\/100\n|-heal|p1b: Iron Hands|40\/100\n|\n|upkeep\n|\n|t:|1698440233\n|switch|p2b: Rillaboom|Rillaboom, F|100\/100\n|-fieldstart|move: Grassy Terrain|[from] ability: Grassy Surge|[of] p2b: Rillaboom\n|turn|9\n|\n|t:|1698440268\n|move|p1a: Cresselia|Ally Switch|p1a: Cresselia\n|swap|p1a: Cresselia|1|[from] move: Ally Switch\n|move|p2b: Rillaboom|Grassy Glide|p1a: Iron Hands\n|-damage|p1a: Iron Hands|5\/100\n|move|p1a: Iron Hands|Drain Punch|p2a: Skeledirge\n|-supereffective|p2a: Skeledirge\n|-damage|p2a: Skeledirge|0 fnt\n|-heal|p1a: Iron Hands|16\/100|[from] drain|[of] p2a: Skeledirge\n|faint|p2a: Skeledirge\n|\n|-heal|p1a: Iron Hands|22\/100|[from] Grassy Terrain\n|-fieldend|move: Trick Room\n|upkeep\n|\n|t:|1698440284\n|switch|p2a: Gren|Okidogi, M|100\/100\n|turn|10\n|\n|t:|1698440302\n|move|p2b: Rillaboom|Grassy Glide|p1b: Cresselia\n|-damage|p1b: Cresselia|0 fnt\n|faint|p1b: Cresselia\n|move|p2a: Gren|Thunder Punch|p1a: Iron Hands\n|-resisted|p1a: Iron Hands\n|-crit|p1a: Iron Hands\n|-damage|p1a: Iron Hands|10\/100\n|move|p1a: Iron Hands|Drain Punch|p2b: Rillaboom\n|-crit|p2b: Rillaboom\n|-damage|p2b: Rillaboom|40\/100\n|-heal|p1a: Iron Hands|31\/100|[from] drain|[of] p2b: Rillaboom\n|\n|-heal|p2b: Rillaboom|46\/100|[from] Grassy Terrain\n|-heal|p1a: Iron Hands|37\/100|[from] Grassy Terrain\n|upkeep\n|\n|t:|1698440314\n|switch|p1b: Chi-Yu|Chi-Yu|100\/100\n|-ability|p1b: Chi-Yu|Beads of Ruin\n|turn|11\n|\n|t:|1698440327\n|move|p2b: Rillaboom|Grassy Glide|p1a: Iron Hands\n|-damage|p1a: Iron Hands|0 fnt\n|faint|p1a: Iron Hands\n|-end|p1a: Iron Hands|Quark Drive|[silent]\n|move|p1b: Chi-Yu|Overheat|p2a: Gren\n|-damage|p2a: Gren|0 fnt\n|-unboost|p1b: Chi-Yu|spa|2\n|faint|p2a: Gren\n|\n|-heal|p2b: Rillaboom|52\/100|[from] Grassy Terrain\n|upkeep\n|\n|t:|1698440343\n|switch|p1a: Ursaluna|Ursaluna-Bloodmoon, M|100\/100\n|turn|12\n|\n|t:|1698440348\n|move|p2b: Rillaboom|Grassy Glide|p1a: Ursaluna\n|-supereffective|p1a: Ursaluna\n|-damage|p1a: Ursaluna|22\/100\n|move|p1b: Chi-Yu|Overheat|p2b: Rillaboom\n|-supereffective|p2b: Rillaboom\n|-damage|p2b: Rillaboom|0 fnt\n|-unboost|p1b: Chi-Yu|spa|2\n|faint|p2b: Rillaboom\n|\n|win|wingwingy55\n|raw|wingwingy55's rating: 1162 &rarr; <strong>1187<\/strong><br \/>(+25 for winning)\n|raw|DAXdotMP3's rating: 1156 &rarr; <strong>1131<\/strong><br \/>(-25 for losing)\n|l|\u2606DAXdotMP3\n","uploadtime":1698440377,"views":22,"p1id":"wingwingy55","p2id":"daxdotmp3","formatid":"gen9doublesou","rating":1131,"private":0,"password":""}