{"id":"gen9doublesou-1992801005","p1":"Deathbang","p2":"Cheesethe","format":"[Gen 9] Doubles OU","log":"|j|\u2606Deathbang\n|j|\u2606Cheesethe\n|t:|1700236609\n|gametype|doubles\n|player|p1|Deathbang|swimmerf-gen4|1203\n|player|p2|Cheesethe|169|1142\n|teamsize|p1|6\n|teamsize|p2|6\n|gen|9\n|tier|[Gen 9] Doubles OU\n|rated|\n|rule|Species Clause: Limit one of each Pok\u00e9mon\n|rule|OHKO Clause: OHKO moves are banned\n|rule|Evasion Moves Clause: Evasion moves are banned\n|rule|Gravity Sleep Clause: The combination of sleep-inducing moves with imperfect accuracy and Gravity or Gigantamax Orbeetle are banned\n|rule|Endless Battle Clause: Forcing endless battles is banned\n|rule|HP Percentage Mod: HP is shown in percentages\n|clearpoke\n|poke|p1|Meowscarada, M|\n|poke|p1|Skeledirge, F|\n|poke|p1|Glimmora, F|\n|poke|p1|Gholdengo|\n|poke|p1|Sinistcha-Masterpiece|\n|poke|p1|Ursaluna-Bloodmoon, M|\n|poke|p2|Rillaboom, M|\n|poke|p2|Ursaluna, F|\n|poke|p2|Cresselia, F|\n|poke|p2|Volcanion|\n|poke|p2|Flutter Mane|\n|poke|p2|Kleavor, M|\n|teampreview\n|inactive|Battle timer is ON: inactive players will automatically lose when time's up. (requested by Cheesethe)\n|\n|t:|1700236622\n|start\n|switch|p1a: Meowscarada|Meowscarada, M|100\/100\n|switch|p1b: Skeledirge|Skeledirge, F|100\/100\n|switch|p2a: Rillaboom|Rillaboom, M|100\/100\n|switch|p2b: Cresselia|Cresselia, F|100\/100\n|-fieldstart|move: Grassy Terrain|[from] ability: Grassy Surge|[of] p2a: Rillaboom\n|turn|1\n|\n|t:|1700236631\n|move|p2a: Rillaboom|Fake Out|p1a: Meowscarada\n|-damage|p1a: Meowscarada|76\/100\n|cant|p1a: Meowscarada|flinch\n|move|p1b: Skeledirge|Fire Pledge|p2a: Rillaboom\n|-supereffective|p2a: Rillaboom\n|-damage|p2a: Rillaboom|35\/100\n|move|p2b: Cresselia|Trick Room|p2b: Cresselia\n|-fieldstart|move: Trick Room|[of] p2b: Cresselia\n|\n|-heal|p2a: Rillaboom|41\/100|[from] Grassy Terrain\n|-heal|p1a: Meowscarada|82\/100|[from] Grassy Terrain\n|upkeep\n|turn|2\n|\n|t:|1700236652\n|move|p2b: Cresselia|Ally Switch|p2b: Cresselia\n|swap|p2b: Cresselia|0|[from] move: Ally Switch\n|move|p1b: Skeledirge|Fire Pledge|p2a: Cresselia\n|-waiting|p1b: Skeledirge|p1a: Meowscarada\n|move|p1a: Meowscarada|Grass Pledge|p2b: Rillaboom|[from]move: Fire Pledge\n|-start|p1a: Meowscarada|typechange|Fire|[from] ability: Protean\n|-combine\n|-supereffective|p2b: Rillaboom\n|-damage|p2b: Rillaboom|0 fnt\n|-sidestart|p2: Cheesethe|Fire Pledge\n|faint|p2b: Rillaboom\n|\n|-damage|p2a: Cresselia|88\/100|[from] Fire Pledge\n|-heal|p1a: Meowscarada|88\/100|[from] Grassy Terrain\n|upkeep\n|\n|t:|1700236664\n|switch|p2b: Ursaluna|Ursaluna, F|100\/100\n|turn|3\n|inactive|Deathbang has 120 seconds left.\n|\n|t:|1700236699\n|switch|p1a: Sinistcha|Sinistcha-Masterpiece|100\/100\n|move|p2b: Ursaluna|Headlong Rush|p1b: Skeledirge\n|-supereffective|p1b: Skeledirge\n|-damage|p1b: Skeledirge|0 fnt\n|-unboost|p2b: Ursaluna|def|1\n|-unboost|p2b: Ursaluna|spd|1\n|faint|p1b: Skeledirge\n|move|p2a: Cresselia|Psychic|p1a: Sinistcha\n|-damage|p1a: Sinistcha|72\/100\n|\n|-damage|p2b: Ursaluna|88\/100|[from] Fire Pledge\n|-heal|p2b: Ursaluna|94\/100|[from] Grassy Terrain\n|-damage|p2a: Cresselia|76\/100|[from] Fire Pledge\n|-heal|p1a: Sinistcha|78\/100|[from] Grassy Terrain\n|-status|p2b: Ursaluna|brn|[from] item: Flame Orb\n|upkeep\n|inactive|Deathbang has 120 seconds left.\n|\n|t:|1700236708\n|switch|p1b: Ursaluna|Ursaluna-Bloodmoon, M|100\/100\n|turn|4\n|\n|t:|1700236720\n|-terastallize|p2b: Ursaluna|Normal\n|move|p2a: Cresselia|Ally Switch|p2a: Cresselia\n|swap|p2a: Cresselia|1|[from] move: Ally Switch\n|move|p1a: Sinistcha|Rage Powder|p1a: Sinistcha\n|-singleturn|p1a: Sinistcha|move: Rage Powder\n|move|p2a: Ursaluna|Facade|p1a: Sinistcha\n|-immune|p1a: Sinistcha\n|move|p1b: Ursaluna|Blood Moon|p2a: Ursaluna\n|-damage|p2a: Ursaluna|0 fnt\n|faint|p2a: Ursaluna\n|\n|-damage|p2b: Cresselia|63\/100|[from] Fire Pledge\n|-heal|p1a: Sinistcha|84\/100|[from] Grassy Terrain\n|upkeep\n|\n|t:|1700236731\n|switch|p2a: Volcanion|Volcanion|100\/100\n|turn|5\n|\n|t:|1700236753\n|move|p2b: Cresselia|Ally Switch|p2b: Cresselia\n|swap|p2b: Cresselia|0|[from] move: Ally Switch\n|move|p1b: Ursaluna|Earth Power|p2b: Volcanion\n|-supereffective|p2b: Volcanion\n|-damage|p2b: Volcanion|34\/100\n|move|p2b: Volcanion|Heat Wave|p1a: Sinistcha|[spread] p1a,p1b\n|-supereffective|p1a: Sinistcha\n|-damage|p1a: Sinistcha|0 fnt\n|-damage|p1b: Ursaluna|52\/100\n|faint|p1a: Sinistcha\n|\n|-heal|p1b: Ursaluna|58\/100|[from] Grassy Terrain\n|-heal|p1b: Ursaluna|64\/100|[from] item: Leftovers\n|-damage|p2a: Cresselia|51\/100|[from] Fire Pledge\n|-heal|p2b: Volcanion|40\/100|[from] Grassy Terrain\n|-sideend|p2: Cheesethe|Fire Pledge\n|-fieldend|move: Trick Room\n|-fieldend|move: Grassy Terrain\n|upkeep\n|\n|t:|1700236766\n|switch|p1a: Meowscarada|Meowscarada, M|88\/100\n|turn|6\n|\n|t:|1700236782\n|move|p1a: Meowscarada|Knock Off|p2a: Cresselia\n|-start|p1a: Meowscarada|typechange|Dark|[from] ability: Protean\n|-supereffective|p2a: Cresselia\n|-damage|p2a: Cresselia|0 fnt\n|-enditem|p2a: Cresselia|Safety Goggles|[from] move: Knock Off|[of] p1a: Meowscarada\n|faint|p2a: Cresselia\n|move|p2b: Volcanion|Steam Eruption|p1b: Ursaluna\n|-supereffective|p1b: Ursaluna\n|-damage|p1b: Ursaluna|0 fnt\n|faint|p1b: Ursaluna\n|\n|upkeep\n|\n|t:|1700236792\n|switch|p2a: Flutter Mane|Flutter Mane|100\/100\n|switch|p1b: Glimmora|Glimmora, F|100\/100\n|turn|7\n|\n|t:|1700236803\n|switch|p1a: Gholdengo|Gholdengo|100\/100\n|move|p1b: Glimmora|Sludge Wave|p2a: Flutter Mane|[spread] p2a,p2b\n|-immune|p1a: Gholdengo\n|-damage|p2a: Flutter Mane|67\/100\n|-damage|p2b: Volcanion|16\/100\n|move|p2a: Flutter Mane|Moonblast|p1a: Gholdengo\n|-resisted|p1a: Gholdengo\n|-damage|p1a: Gholdengo|63\/100\n|move|p2b: Volcanion|Steam Eruption|p1b: Glimmora\n|-supereffective|p1b: Glimmora\n|-damage|p1b: Glimmora|0 fnt\n|faint|p1b: Glimmora\n|\n|upkeep\n|\n|t:|1700236815\n|switch|p1b: Meowscarada|Meowscarada, M|88\/100\n|turn|8\n|\n|t:|1700236825\n|move|p1a: Gholdengo|Make It Rain|p2b: Volcanion|[spread] p2a,p2b\n|-supereffective|p2a: Flutter Mane\n|-resisted|p2b: Volcanion\n|-damage|p2a: Flutter Mane|0 fnt\n|-damage|p2b: Volcanion|8\/100\n|-unboost|p1a: Gholdengo|spa|1\n|faint|p2a: Flutter Mane\n|-end|p2a: Flutter Mane|Protosynthesis|[silent]\n|move|p1b: Meowscarada|Brick Break|p2b: Volcanion\n|-start|p1b: Meowscarada|typechange|Fighting|[from] ability: Protean\n|-damage|p2b: Volcanion|0 fnt\n|faint|p2b: Volcanion\n|\n|upkeep\n|\n|t:|1700236836\n|switch|p2b: Kleavor|Kleavor, M|100\/100\n|turn|9\n|\n|t:|1700236843\n|move|p1a: Gholdengo|Make It Rain|p2b: Kleavor\n|-supereffective|p2b: Kleavor\n|-damage|p2b: Kleavor|0 fnt\n|-unboost|p1a: Gholdengo|spa|1\n|faint|p2b: Kleavor\n|\n|win|Deathbang\n|raw|Deathbang's rating: 1203 &rarr; <strong>1224<\/strong><br \/>(+21 for winning)\n|raw|Cheesethe's rating: 1142 &rarr; <strong>1121<\/strong><br \/>(-21 for losing)\n|c|\u2606Deathbang|Gg\n","uploadtime":1700236859,"views":5,"p1id":"deathbang","p2id":"cheesethe","formatid":"gen9doublesou","rating":1121,"private":0,"password":""}