{"id":"gen9doublesou-1970467319","p1":"plkoml","p2":"TTVsusWinter","format":"[Gen 9] Doubles OU","log":"|j|\u2606plkoml\n|j|\u2606TTVsusWinter\n|t:|1697641280\n|gametype|doubles\n|player|p1|plkoml|169|1000\n|player|p2|TTVsusWinter|carmine-festival|1049\n|teamsize|p1|6\n|teamsize|p2|6\n|gen|9\n|tier|[Gen 9] Doubles OU\n|rated|\n|rule|Species Clause: Limit one of each Pok\u00e9mon\n|rule|OHKO Clause: OHKO moves are banned\n|rule|Evasion Moves Clause: Evasion moves are banned\n|rule|Gravity Sleep Clause: The combination of sleep-inducing moves with imperfect accuracy and Gravity or Gigantamax Orbeetle are banned\n|rule|Endless Battle Clause: Forcing endless battles is banned\n|rule|HP Percentage Mod: HP is shown in percentages\n|clearpoke\n|poke|p1|Muk-Alola, F|\n|poke|p1|Oricorio, F|\n|poke|p1|Dragonite, M|\n|poke|p1|Volcarona, F|\n|poke|p1|Quaquaval, M|\n|poke|p1|Lilligant-Hisui, F|\n|poke|p2|Glimmora, M|\n|poke|p2|Zapdos-Galar|\n|poke|p2|Lokix, F|\n|poke|p2|Alomomola, M|\n|poke|p2|Scream Tail|\n|poke|p2|Ninetales, M|\n|teampreview\n|inactive|Battle timer is ON: inactive players will automatically lose when time's up. (requested by TTVsusWinter)\n|\n|t:|1697641308\n|start\n|switch|p1a: Immortal|Oricorio, F|100\/100\n|switch|p1b: spelt backwards|Muk-Alola, F|100\/100\n|switch|p2a: Glimmora|Glimmora, M|100\/100\n|switch|p2b: Zapdos|Zapdos-Galar|100\/100\n|turn|1\n|\n|t:|1697641323\n|move|p1b: spelt backwards|Protect|p1b: spelt backwards\n|-singleturn|p1b: spelt backwards|Protect\n|move|p2b: Zapdos|Tailwind|p2b: Zapdos\n|-sidestart|p2: TTVsusWinter|move: Tailwind\n|move|p2a: Glimmora|Stealth Rock|p1b: spelt backwards\n|-sidestart|p1: plkoml|move: Stealth Rock\n|move|p1a: Immortal|Tailwind|p1a: Immortal\n|-sidestart|p1: plkoml|move: Tailwind\n|\n|upkeep\n|turn|2\n|inactive|TTVsusWinter has 120 seconds left.\n|\n|t:|1697641369\n|move|p2b: Zapdos|Close Combat|p1b: spelt backwards\n|-damage|p1b: spelt backwards|30\/100\n|-unboost|p2b: Zapdos|def|1\n|-unboost|p2b: Zapdos|spd|1\n|move|p1a: Immortal|Icy Wind|p2b: Zapdos|[spread] p2a\n|-miss|p1a: Immortal|p2b: Zapdos\n|-damage|p2a: Glimmora|88\/100\n|-unboost|p2a: Glimmora|spe|1\n|move|p1b: spelt backwards|Substitute|p1b: spelt backwards\n|-start|p1b: spelt backwards|Substitute\n|-damage|p1b: spelt backwards|5\/100\n|move|p2a: Glimmora|Spikes|p1a: Immortal\n|-sidestart|p1: plkoml|Spikes\n|\n|-heal|p1b: spelt backwards|11\/100|[from] item: Black Sludge\n|-heal|p2a: Glimmora|94\/100|[from] item: Black Sludge\n|upkeep\n|turn|3\n|inactive|TTVsusWinter has 120 seconds left.\n|inactive|TTVsusWinter has 90 seconds left.\n|\n|t:|1697641411\n|switch|p2b: Ninetales|Ninetales, M|100\/100\n|-weather|SunnyDay|[from] ability: Drought|[of] p2b: Ninetales\n|move|p1b: spelt backwards|Protect|p1b: spelt backwards\n|-singleturn|p1b: spelt backwards|Protect\n|move|p1a: Immortal|Air Cutter|p2a: Glimmora|[spread] p2a,p2b\n|-resisted|p2a: Glimmora\n|-damage|p2a: Glimmora|83\/100\n|-damage|p2b: Ninetales|80\/100\n|move|p2a: Glimmora|Spikes|p1a: Immortal\n|-sidestart|p1: plkoml|Spikes\n|\n|-weather|SunnyDay|[upkeep]\n|-heal|p1b: spelt backwards|17\/100|[from] item: Black Sludge\n|-heal|p2a: Glimmora|90\/100|[from] item: Black Sludge\n|upkeep\n|turn|4\n|inactive|TTVsusWinter has 90 seconds left.\n|\n|t:|1697641455\n|move|p1a: Immortal|Icy Wind|p2b: Ninetales|[spread] p2a,p2b\n|-resisted|p2b: Ninetales\n|-damage|p2a: Glimmora|76\/100\n|-damage|p2b: Ninetales|73\/100\n|-unboost|p2a: Glimmora|spe|1\n|-unboost|p2b: Ninetales|spe|1\n|move|p1b: spelt backwards|Rock Slide|p2b: Ninetales|[spread] p2a\n|-miss|p1b: spelt backwards|p2b: Ninetales\n|-damage|p2a: Glimmora|60\/100\n|-activate|p2a: Glimmora|ability: Toxic Debris\n|-sidestart|p1: plkoml|move: Toxic Spikes\n|move|p2b: Ninetales|Weather Ball|p1b: spelt backwards\n|-end|p1b: spelt backwards|Substitute\n|move|p2a: Glimmora|Spikes|p1a: Immortal\n|-sidestart|p1: plkoml|Spikes\n|\n|-weather|SunnyDay|[upkeep]\n|-heal|p1b: spelt backwards|24\/100|[from] item: Black Sludge\n|-heal|p2a: Glimmora|66\/100|[from] item: Black Sludge\n|-sideend|p1: plkoml|move: Tailwind\n|-sideend|p2: TTVsusWinter|move: Tailwind\n|upkeep\n|turn|5\n|inactive|TTVsusWinter has 90 seconds left.\n|inactive|plkoml has 120 seconds left.\n|\n|t:|1697641503\n|move|p1b: spelt backwards|Protect|p1b: spelt backwards\n|-singleturn|p1b: spelt backwards|Protect\n|move|p1a: Immortal|Tailwind|p1a: Immortal\n|-sidestart|p1: plkoml|move: Tailwind\n|move|p2b: Ninetales|Weather Ball|p1b: spelt backwards\n|-activate|p1b: spelt backwards|move: Protect\n|move|p2a: Glimmora|Mortal Spin|p1b: spelt backwards|[spread] p1a\n|-activate|p1b: spelt backwards|move: Protect\n|-damage|p1a: Immortal|93\/100\n|-status|p1a: Immortal|psn\n|\n|-weather|SunnyDay|[upkeep]\n|-heal|p1b: spelt backwards|30\/100|[from] item: Black Sludge\n|-heal|p2a: Glimmora|72\/100|[from] item: Black Sludge\n|-damage|p1a: Immortal|81\/100 psn|[from] psn\n|upkeep\n|turn|6\n|inactive|plkoml has 120 seconds left.\n|\n|t:|1697641522\n|move|p1a: Immortal|Icy Wind|p2b: Ninetales|[spread] p2a,p2b\n|-resisted|p2b: Ninetales\n|-damage|p2a: Glimmora|58\/100\n|-damage|p2b: Ninetales|67\/100\n|-unboost|p2a: Glimmora|spe|1\n|-unboost|p2b: Ninetales|spe|1\n|move|p1b: spelt backwards|Substitute|p1b: spelt backwards\n|-start|p1b: spelt backwards|Substitute\n|-damage|p1b: spelt backwards|5\/100\n|move|p2b: Ninetales|Weather Ball|p1b: spelt backwards\n|-end|p1b: spelt backwards|Substitute\n|move|p2a: Glimmora|Mortal Spin|p1b: spelt backwards|[spread] p1a,p1b\n|-resisted|p1b: spelt backwards\n|-damage|p1a: Immortal|73\/100 psn\n|-damage|p1b: spelt backwards|2\/100\n|\n|-weather|SunnyDay|[upkeep]\n|-heal|p1b: spelt backwards|8\/100|[from] item: Black Sludge\n|-heal|p2a: Glimmora|64\/100|[from] item: Black Sludge\n|-damage|p1a: Immortal|61\/100 psn|[from] psn\n|upkeep\n|turn|7\n|inactive|TTVsusWinter has 90 seconds left.\n|\n|t:|1697641550\n|move|p1b: spelt backwards|Protect|p1b: spelt backwards\n|-singleturn|p1b: spelt backwards|Protect\n|move|p1a: Immortal|Revelation Dance|p2b: Ninetales\n|-resisted|p2b: Ninetales\n|-damage|p2b: Ninetales|34\/100\n|move|p2b: Ninetales|Weather Ball|p1a: Immortal\n|-resisted|p1a: Immortal\n|-damage|p1a: Immortal|14\/100 psn\n|move|p2a: Glimmora|Mortal Spin|p1a: Immortal|[spread] p1a\n|-activate|p1b: spelt backwards|move: Protect\n|-damage|p1a: Immortal|6\/100 psn\n|\n|-weather|none\n|-heal|p1b: spelt backwards|14\/100|[from] item: Black Sludge\n|-heal|p2a: Glimmora|70\/100|[from] item: Black Sludge\n|-damage|p1a: Immortal|0 fnt|[from] psn\n|faint|p1a: Immortal\n|-ability|p1b: spelt backwards|Dancer|[from] ability: Power of Alchemy|[of] p1a: Immortal\n|upkeep\n|inactive|plkoml has 120 seconds left.\n|\n|t:|1697641564\n|switch|p1a: Quaquaval|Quaquaval, M|100\/100\n|-damage|p1a: Quaquaval|94\/100|[from] Stealth Rock\n|-damage|p1a: Quaquaval|70\/100|[from] Spikes\n|-status|p1a: Quaquaval|psn\n|turn|8\n|inactive|TTVsusWinter has 90 seconds left.\n|\n|t:|1697641595\n|move|p2a: Glimmora|Spiky Shield|p2a: Glimmora\n|-singleturn|p2a: Glimmora|move: Protect\n|move|p1a: Quaquaval|Aqua Step|p2b: Ninetales\n|-supereffective|p2b: Ninetales\n|-damage|p2b: Ninetales|0 fnt\n|-boost|p1a: Quaquaval|spe|1\n|faint|p2b: Ninetales\n|-ability|p1a: Quaquaval|Moxie|boost\n|-boost|p1a: Quaquaval|atk|1\n|-activate|p1b: spelt backwards|ability: Dancer\n|move|p1b: spelt backwards|Aqua Step|p2a: Glimmora|[from]ability: Dancer\n|-activate|p2a: Glimmora|move: Protect\n|-damage|p1b: spelt backwards|2\/100|[from] Spiky Shield|[of] p2a: Glimmora\n|move|p1b: spelt backwards|Knock Off|p2a: Glimmora\n|-activate|p2a: Glimmora|move: Protect\n|-damage|p1b: spelt backwards|0 fnt|[from] Spiky Shield|[of] p2a: Glimmora\n|faint|p1b: spelt backwards\n|\n|-heal|p2a: Glimmora|77\/100|[from] item: Black Sludge\n|-damage|p1a: Quaquaval|57\/100 psn|[from] psn\n|-sideend|p1: plkoml|move: Tailwind\n|upkeep\n|inactive|TTVsusWinter has 90 seconds left.\n|\n|t:|1697641635\n|switch|p2b: Zapdos|Zapdos-Galar|100\/100\n|switch|p1b: Lilligant|Lilligant-Hisui, F|100\/100\n|-damage|p1b: Lilligant|94\/100|[from] Stealth Rock\n|-damage|p1b: Lilligant|70\/100|[from] Spikes\n|-status|p1b: Lilligant|psn\n|turn|9\n|inactive|TTVsusWinter has 90 seconds left.\n|\n|t:|1697641659\n|switch|p2a: Alomomola|Alomomola, M|100\/100\n|move|p1a: Quaquaval|Feather Dance|p2b: Zapdos\n|-unboost|p2b: Zapdos|atk|2\n|-ability|p2b: Zapdos|Defiant|boost\n|-boost|p2b: Zapdos|atk|2\n|move|p1b: Lilligant|Victory Dance|p1b: Lilligant\n|-boost|p1b: Lilligant|atk|1\n|-boost|p1b: Lilligant|def|1\n|-boost|p1b: Lilligant|spe|1\n|move|p2b: Zapdos|Brave Bird|p1a: Quaquaval\n|-supereffective|p1a: Quaquaval\n|-damage|p1a: Quaquaval|0 fnt\n|faint|p1a: Quaquaval\n|-damage|p2b: Zapdos|82\/100|[from] Recoil\n|\n|-damage|p1b: Lilligant|57\/100 psn|[from] psn\n|upkeep\n|\n|t:|1697641666\n|switch|p1a: Porunga|Dragonite, M, shiny|100\/100\n|-damage|p1a: Porunga|76\/100|[from] Stealth Rock\n|turn|10\n|inactive|TTVsusWinter has 90 seconds left.\n|\n|t:|1697641686\n|move|p1b: Lilligant|Poison Jab|p2b: Zapdos\n|-damage|p2b: Zapdos|20\/100\n|-status|p2b: Zapdos|psn\n|move|p2b: Zapdos|Brave Bird|p1b: Lilligant\n|-supereffective|p1b: Lilligant\n|-damage|p1b: Lilligant|0 fnt\n|faint|p1b: Lilligant\n|-damage|p2b: Zapdos|4\/100 psn|[from] Recoil\n|move|p1a: Porunga|Dragon Dance|p1a: Porunga\n|-boost|p1a: Porunga|atk|1\n|-boost|p1a: Porunga|spe|1\n|move|p2a: Alomomola|Scald|p1a: Porunga\n|-resisted|p1a: Porunga\n|-damage|p1a: Porunga|69\/100\n|\n|-heal|p1a: Porunga|75\/100|[from] item: Leftovers\n|-damage|p2b: Zapdos|0 fnt|[from] psn\n|faint|p2b: Zapdos\n|upkeep\n|inactive|TTVsusWinter has 90 seconds left.\n|\n|t:|1697641716\n|switch|p1b: Volcarona|Volcarona, F|100\/100\n|switch|p2b: Scream Tail|Scream Tail|100\/100\n|turn|11\n|\n|t:|1697641738\n|-terastallize|p1b: Volcarona|Steel\n|move|p1a: Porunga|Rock Slide|p2b: Scream Tail|[spread] p2a,p2b\n|-damage|p2a: Alomomola|83\/100\n|-damage|p2b: Scream Tail|74\/100\n|move|p1b: Volcarona|Quiver Dance|p1b: Volcarona\n|-boost|p1b: Volcarona|spa|1\n|-boost|p1b: Volcarona|spd|1\n|-boost|p1b: Volcarona|spe|1\n|cant|p2a: Alomomola|flinch\n|cant|p2b: Scream Tail|flinch\n|\n|-heal|p1a: Porunga|81\/100|[from] item: Leftovers\n|-heal|p2b: Scream Tail|81\/100|[from] item: Leftovers\n|-heal|p2a: Alomomola|90\/100|[from] item: Leftovers\n|upkeep\n|turn|12\n|\n|t:|1697641767\n|move|p1b: Volcarona|Quiver Dance|p1b: Volcarona\n|-boost|p1b: Volcarona|spa|1\n|-boost|p1b: Volcarona|spd|1\n|-boost|p1b: Volcarona|spe|1\n|move|p1a: Porunga|Rock Slide|p2a: Alomomola|[spread] p2a,p2b\n|-damage|p2a: Alomomola|73\/100\n|-damage|p2b: Scream Tail|54\/100\n|move|p2a: Alomomola|Scald|p1a: Porunga\n|-resisted|p1a: Porunga\n|-damage|p1a: Porunga|74\/100\n|move|p2b: Scream Tail|Trick Room|p2b: Scream Tail\n|-fieldstart|move: Trick Room|[of] p2b: Scream Tail\n|\n|-heal|p2a: Alomomola|79\/100|[from] item: Leftovers\n|-heal|p2b: Scream Tail|60\/100|[from] item: Leftovers\n|-heal|p1a: Porunga|81\/100|[from] item: Leftovers\n|upkeep\n|turn|13\n|\n|t:|1697641788\n|move|p1a: Porunga|Extreme Speed|p2b: Scream Tail\n|-damage|p2b: Scream Tail|23\/100\n|move|p2a: Alomomola|Scald|p1a: Porunga\n|-resisted|p1a: Porunga\n|-damage|p1a: Porunga|73\/100\n|move|p2b: Scream Tail|Encore|p1b: Volcarona\n|-start|p1b: Volcarona|Encore\n|move|p1b: Volcarona|Quiver Dance|p1b: Volcarona\n|-boost|p1b: Volcarona|spa|1\n|-boost|p1b: Volcarona|spd|1\n|-boost|p1b: Volcarona|spe|1\n|\n|-heal|p2a: Alomomola|85\/100|[from] item: Leftovers\n|-heal|p2b: Scream Tail|29\/100|[from] item: Leftovers\n|-heal|p1a: Porunga|79\/100|[from] item: Leftovers\n|upkeep\n|turn|14\n|inactive|TTVsusWinter has 120 seconds left.\n|\n|t:|1697641813\n|move|p1a: Porunga|Extreme Speed|p2b: Scream Tail\n|-damage|p2b: Scream Tail|0 fnt\n|faint|p2b: Scream Tail\n|-end|p2b: Scream Tail|Protosynthesis|[silent]\n|move|p2a: Alomomola|Scald|p1a: Porunga\n|-resisted|p1a: Porunga\n|-damage|p1a: Porunga|72\/100\n|move|p1b: Volcarona|Quiver Dance|p1b: Volcarona\n|-boost|p1b: Volcarona|spa|1\n|-boost|p1b: Volcarona|spd|1\n|-boost|p1b: Volcarona|spe|1\n|\n|-heal|p2a: Alomomola|91\/100|[from] item: Leftovers\n|-heal|p1a: Porunga|78\/100|[from] item: Leftovers\n|upkeep\n|inactive|TTVsusWinter has 90 seconds left.\n|\n|t:|1697641839\n|switch|p2b: Lokix|Lokix, F|100\/100\n|turn|15\n|\n|t:|1697641860\n|move|p2a: Alomomola|Scald|p1a: Porunga\n|-resisted|p1a: Porunga\n|-damage|p1a: Porunga|71\/100\n|move|p2b: Lokix|Axe Kick|p1b: Volcarona\n|-supereffective|p1b: Volcarona\n|-damage|p1b: Volcarona|0 fnt\n|faint|p1b: Volcarona\n|move|p1a: Porunga|Rock Slide|p2a: Alomomola|[spread] p2a\n|-miss|p1a: Porunga|p2b: Lokix\n|-damage|p2a: Alomomola|75\/100\n|\n|-heal|p2a: Alomomola|82\/100|[from] item: Leftovers\n|-heal|p1a: Porunga|77\/100|[from] item: Leftovers\n|upkeep\n|turn|16\n|inactive|TTVsusWinter has 90 seconds left.\n|\n|t:|1697641911\n|move|p2a: Alomomola|Scald|p1a: Porunga\n|-resisted|p1a: Porunga\n|-damage|p1a: Porunga|70\/100\n|move|p2b: Lokix|Knock Off|p1a: Porunga\n|-damage|p1a: Porunga|25\/100\n|-enditem|p1a: Porunga|Leftovers|[from] move: Knock Off|[of] p2b: Lokix\n|move|p1a: Porunga|Rock Slide|p2b: Lokix|[spread] p2a,p2b\n|-supereffective|p2b: Lokix\n|-damage|p2a: Alomomola|65\/100\n|-damage|p2b: Lokix|9\/100\n|\n|-heal|p2a: Alomomola|71\/100|[from] item: Leftovers\n|-fieldend|move: Trick Room\n|upkeep\n|turn|17\n|inactive|TTVsusWinter has 90 seconds left.\n|\n|t:|1697641929\n|switch|p2b: Glimmora|Glimmora, M|77\/100\n|move|p1a: Porunga|Rock Slide|p2a: Alomomola|[spread] p2a,p2b\n|-damage|p2a: Alomomola|53\/100\n|-damage|p2b: Glimmora|41\/100\n|-activate|p2b: Glimmora|ability: Toxic Debris\n|-sidestart|p1: plkoml|move: Toxic Spikes\n|move|p2a: Alomomola|Scald|p1a: Porunga\n|-resisted|p1a: Porunga\n|-damage|p1a: Porunga|19\/100\n|\n|-heal|p2b: Glimmora|47\/100|[from] item: Black Sludge\n|-heal|p2a: Alomomola|60\/100|[from] item: Leftovers\n|upkeep\n|turn|18\n|inactive|TTVsusWinter has 90 seconds left.\n|\n|t:|1697641948\n|move|p1a: Porunga|Rock Slide|p2a: Alomomola|[spread] p2a,p2b\n|-damage|p2a: Alomomola|42\/100\n|-damage|p2b: Glimmora|12\/100\n|move|p2b: Glimmora|Mortal Spin|p1a: Porunga\n|-damage|p1a: Porunga|11\/100\n|-status|p1a: Porunga|psn\n|move|p2a: Alomomola|Wish|p2a: Alomomola\n|\n|-heal|p2b: Glimmora|18\/100|[from] item: Black Sludge\n|-heal|p2a: Alomomola|48\/100|[from] item: Leftovers\n|-damage|p1a: Porunga|0 fnt|[from] psn\n|faint|p1a: Porunga\n|\n|win|TTVsusWinter\n|upkeep\n|raw|plkoml's rating: 1000 &rarr; <strong>1000<\/strong><br \/>(+0 for losing)\n|raw|TTVsusWinter's rating: 1049 &rarr; <strong>1077<\/strong><br \/>(+28 for winning)\n|l|\u2606plkoml\n","uploadtime":1697641970,"views":6,"p1id":"plkoml","p2id":"ttvsuswinter","formatid":"gen9doublesou","rating":1000,"private":0,"password":""}