{"id":"gen9doublesou-1974982457","p1":"Pikablaster","p2":"ItsACritt","format":"[Gen 9] Doubles OU","log":"|j|\u2606Pikablaster\n|j|\u2606ItsACritt\n|t:|1698151995\n|gametype|doubles\n|player|p1|Pikablaster|170|1130\n|player|p2|ItsACritt|flannery-gen6|1290\n|teamsize|p1|6\n|teamsize|p2|6\n|gen|9\n|tier|[Gen 9] Doubles OU\n|rated|\n|rule|Species Clause: Limit one of each Pok\u00e9mon\n|rule|OHKO Clause: OHKO moves are banned\n|rule|Evasion Moves Clause: Evasion moves are banned\n|rule|Gravity Sleep Clause: The combination of sleep-inducing moves with imperfect accuracy and Gravity or Gigantamax Orbeetle are banned\n|rule|Endless Battle Clause: Forcing endless battles is banned\n|rule|HP Percentage Mod: HP is shown in percentages\n|clearpoke\n|poke|p1|Chi-Yu|\n|poke|p1|Regieleki|\n|poke|p1|Diancie|\n|poke|p1|Glastrier|\n|poke|p1|Skeledirge, F|\n|poke|p1|Amoonguss, M|\n|poke|p2|Ninetales, F|\n|poke|p2|Lilligant-Hisui, F|\n|poke|p2|Tyranitar, M|\n|poke|p2|Arcanine-Hisui, M|\n|poke|p2|Enamorus, F|\n|poke|p2|Houndstone, M|\n|teampreview\n|inactive|Battle timer is ON: inactive players will automatically lose when time's up. (requested by ItsACritt)\n|inactive|Pikablaster also wants the timer to be on.\n|\n|t:|1698152008\n|start\n|switch|p1a: Diancie|Diancie, shiny|100\/100\n|switch|p1b: Amoonguss|Amoonguss, M, shiny|100\/100\n|switch|p2a: Celestia|Ninetales, F, shiny|100\/100\n|switch|p2b: She|Lilligant-Hisui, F, shiny|100\/100\n|-weather|SunnyDay|[from] ability: Drought|[of] p2a: Celestia\n|turn|1\n|\n|t:|1698152032\n|move|p2b: She|Solar Blade||[still]\n|-prepare|p2b: She|Solar Blade\n|-anim|p2b: She|Solar Blade|p1a: Diancie\n|-supereffective|p1a: Diancie\n|-damage|p1a: Diancie|5\/100\n|-enditem|p1a: Diancie|Aguav Berry|[eat]\n|-heal|p1a: Diancie|38\/100|[from] item: Aguav Berry\n|move|p2a: Celestia|Overheat|p1b: Amoonguss\n|-supereffective|p1b: Amoonguss\n|-damage|p1b: Amoonguss|0 fnt\n|-unboost|p2a: Celestia|spa|2\n|-enditem|p2a: Celestia|Eject Pack\n|faint|p1b: Amoonguss\n|\n|t:|1698152048\n|switch|p2a: Comet|Arcanine-Hisui, M, shiny|100\/100\n|-ability|p2a: Comet|Intimidate|boost\n|-fail|p1a: Diancie|unboost|[from] ability: Clear Body|[of] p1a: Diancie\n|move|p1a: Diancie|Trick Room|p1a: Diancie\n|-fieldstart|move: Trick Room|[of] p1a: Diancie\n|\n|-weather|SunnyDay|[upkeep]\n|upkeep\n|\n|t:|1698152057\n|switch|p1b: Skeledirge|Skeledirge, F, shiny|100\/100\n|turn|2\n|\n|t:|1698152071\n|move|p2b: She|Protect|p2b: She\n|-singleturn|p2b: She|Protect\n|move|p1a: Diancie|Diamond Storm|p2a: Comet|[spread] p2a\n|-activate|p2b: She|move: Protect\n|-supereffective|p2a: Comet\n|-damage|p2a: Comet|40\/100\n|-boost|p1a: Diancie|def|2\n|move|p1b: Skeledirge|Torch Song|p2b: She\n|-activate|p2b: She|move: Protect\n|move|p2a: Comet|Rock Slide|p1a: Diancie|[spread] p1a,p1b\n|-supereffective|p1b: Skeledirge\n|-damage|p1a: Diancie|28\/100\n|-damage|p1b: Skeledirge|65\/100\n|\n|-weather|SunnyDay|[upkeep]\n|upkeep\n|turn|3\n|inactive|Pikablaster has 120 seconds left.\n|\n|t:|1698152117\n|switch|p2a: Reptar|Tyranitar, M|100\/100\n|-weather|Sandstorm|[from] ability: Sand Stream|[of] p2a: Reptar\n|move|p1a: Diancie|Diamond Storm|p2a: Reptar|[spread] p2a,p2b\n|-crit|p2a: Reptar\n|-resisted|p2b: She\n|-damage|p2a: Reptar|71\/100\n|-damage|p2b: She|79\/100\n|move|p1b: Skeledirge|Torch Song|p2b: She\n|-supereffective|p2b: She\n|-damage|p2b: She|0 fnt\n|-boost|p1b: Skeledirge|spa|1\n|faint|p2b: She\n|-enditem|p1b: Skeledirge|Throat Spray\n|-boost|p1b: Skeledirge|spa|1|[from] item: Throat Spray\n|\n|-weather|Sandstorm|[upkeep]\n|-damage|p1b: Skeledirge|59\/100|[from] Sandstorm\n|upkeep\n|inactive|ItsACritt has 120 seconds left.\n|\n|t:|1698152145\n|switch|p2b: Comet|Arcanine-Hisui, M, shiny|40\/100\n|-ability|p2b: Comet|Intimidate|boost\n|-fail|p1a: Diancie|unboost|[from] ability: Clear Body|[of] p1a: Diancie\n|-unboost|p1b: Skeledirge|atk|1\n|turn|4\n|inactive|ItsACritt has 120 seconds left.\n|inactive|Pikablaster has 120 seconds left.\n|\n|t:|1698152170\n|move|p2b: Comet|Protect|p2b: Comet\n|-singleturn|p2b: Comet|Protect\n|move|p1a: Diancie|Diamond Storm|p2b: Comet|[spread] p2a\n|-activate|p2b: Comet|move: Protect\n|-damage|p2a: Reptar|50\/100\n|move|p2a: Reptar|Rock Slide|p1b: Skeledirge|[spread] p1a,p1b\n|-supereffective|p1b: Skeledirge\n|-damage|p1a: Diancie|15\/100\n|-damage|p1b: Skeledirge|23\/100\n|move|p1b: Skeledirge|Torch Song|p2a: Reptar\n|-resisted|p2a: Reptar\n|-damage|p2a: Reptar|38\/100\n|-boost|p1b: Skeledirge|spa|1\n|\n|-weather|Sandstorm|[upkeep]\n|-damage|p1b: Skeledirge|17\/100|[from] Sandstorm\n|upkeep\n|turn|5\n|inactive|Pikablaster has 120 seconds left.\n|\n|t:|1698152190\n|-terastallize|p1b: Skeledirge|Ghost\n|move|p2b: Comet|Extreme Speed|p1a: Diancie\n|-resisted|p1a: Diancie\n|-damage|p1a: Diancie|10\/100\n|move|p1a: Diancie|Diamond Storm|p2a: Reptar|[spread] p2a,p2b\n|-supereffective|p2b: Comet\n|-damage|p2a: Reptar|17\/100\n|-damage|p2b: Comet|0 fnt\n|faint|p2b: Comet\n|move|p2a: Reptar|Rock Slide|p1b: Skeledirge|[spread] p1a,p1b\n|-damage|p1a: Diancie|0 fnt\n|-damage|p1b: Skeledirge|0 fnt\n|faint|p1a: Diancie\n|faint|p1b: Skeledirge\n|\n|-weather|Sandstorm|[upkeep]\n|-fieldend|move: Trick Room\n|upkeep\n|\n|t:|1698152214\n|switch|p2b: Night Guard|Houndstone, M|100\/100\n|switch|p1b: Chi-Yu|Chi-Yu|100\/100\n|switch|p1a: Regieleki|Regieleki, shiny|100\/100\n|-ability|p1b: Chi-Yu|Beads of Ruin\n|turn|6\n|\n|t:|1698152233\n|move|p1a: Regieleki|Thunder Cage|p2b: Night Guard\n|-damage|p2b: Night Guard|30\/100\n|-activate|p2b: Night Guard|move: Thunder Cage|[of] p1a: Regieleki\n|move|p2b: Night Guard|Last Respects|p1a: Regieleki\n|-damage|p1a: Regieleki|0 fnt\n|faint|p1a: Regieleki\n|move|p1b: Chi-Yu|Heat Wave|p2a: Reptar|[spread] p2a,p2b\n|-resisted|p2a: Reptar\n|-damage|p2a: Reptar|7\/100\n|-damage|p2b: Night Guard|0 fnt\n|faint|p2b: Night Guard\n|move|p2a: Reptar|Rock Slide|p1b: Chi-Yu\n|-supereffective|p1b: Chi-Yu\n|-damage|p1b: Chi-Yu|0 fnt\n|faint|p1b: Chi-Yu\n|\n|-weather|Sandstorm|[upkeep]\n|upkeep\n|\n|t:|1698152252\n|switch|p1a: Glastrier|Glastrier|100\/100\n|switch|p2b: Celestia|Ninetales, F, shiny|100\/100\n|-weather|SunnyDay|[from] ability: Drought|[of] p2b: Celestia\n|turn|7\n|\n|t:|1698152274\n|move|p2b: Celestia|Weather Ball|p1a: Glastrier\n|-supereffective|p1a: Glastrier\n|-crit|p1a: Glastrier\n|-damage|p1a: Glastrier|0 fnt\n|faint|p1a: Glastrier\n|\n|win|ItsACritt\n|raw|Pikablaster's rating: 1130 &rarr; <strong>1116<\/strong><br \/>(-14 for losing)\n|raw|ItsACritt's rating: 1290 &rarr; <strong>1304<\/strong><br \/>(+14 for winning)\n|l|\u2606Pikablaster\n|j|\u2606Pikablaster\n|player|p1|Pikablaster|170\n|l|\u2606Pikablaster\n|player|p1|\n","uploadtime":1698152575,"views":17,"p1id":"pikablaster","p2id":"itsacritt","formatid":"gen9doublesou","rating":1116,"private":0,"password":""}