{"id":"gen9doublesou-1990707933","p1":"Blue Syrius","p2":"Maskey62","format":"[Gen 9] Doubles OU","log":"|j|\u2606Blue Syrius\n|j|\u2606Maskey62\n|t:|1699993589\n|gametype|doubles\n|player|p1|Blue Syrius|youngster-gen4dp|1067\n|player|p2|Maskey62|1|1013\n|teamsize|p1|6\n|teamsize|p2|6\n|gen|9\n|tier|[Gen 9] Doubles OU\n|rated|\n|rule|Species Clause: Limit one of each Pok\u00e9mon\n|rule|OHKO Clause: OHKO moves are banned\n|rule|Evasion Moves Clause: Evasion moves are banned\n|rule|Gravity Sleep Clause: The combination of sleep-inducing moves with imperfect accuracy and Gravity or Gigantamax Orbeetle are banned\n|rule|Endless Battle Clause: Forcing endless battles is banned\n|rule|HP Percentage Mod: HP is shown in percentages\n|clearpoke\n|poke|p1|Ninetales-Alola, F|\n|poke|p1|Munkidori, M|\n|poke|p1|Slowking-Galar, F|\n|poke|p1|Flutter Mane|\n|poke|p1|Roaring Moon|\n|poke|p1|Maushold|\n|poke|p2|Lucario, M|\n|poke|p2|Vaporeon, M|\n|poke|p2|Gyarados, F|\n|poke|p2|Spidops, F|\n|poke|p2|Mabosstiff, F|\n|poke|p2|Hatterene, F|\n|teampreview\n|\n|t:|1699993608\n|start\n|switch|p1a: Maushold|Maushold|100\/100\n|switch|p1b: Munkidori|Munkidori, M|100\/100\n|switch|p2a: YEET|Spidops, F|100\/100\n|switch|p2b: Btd|Hatterene, F|100\/100\n|turn|1\n|inactive|Battle timer is ON: inactive players will automatically lose when time's up. (requested by Blue Syrius)\n|\n|t:|1699993625\n|move|p1b: Munkidori|Fake Out|p2a: YEET\n|-damage|p2a: YEET|94\/100\n|-status|p2a: YEET|tox|[from] ability: Toxic Chain|[of] p1b: Munkidori\n|move|p1a: Maushold|Fake Tears|p2b: Btd\n|-unboost|p2b: Btd|spd|2\n|cant|p2a: YEET|flinch\n|move|p2b: Btd|Trick Room|p2b: Btd\n|-fieldstart|move: Trick Room|[of] p2b: Btd\n|\n|-activate|p2b: Btd|ability: Healer\n|-curestatus|p2a: YEET|tox|[msg]\n|upkeep\n|turn|2\n|inactive|Maskey62 has 120 seconds left.\n|\n|t:|1699993657\n|move|p2b: Btd|Light Screen|p2b: Btd\n|-sidestart|p2: Maskey62|move: Light Screen\n|move|p1b: Munkidori|Psyshock|p2a: YEET\n|-damage|p2a: YEET|70\/100\n|-status|p2a: YEET|tox|[from] ability: Toxic Chain|[of] p1b: Munkidori\n|move|p1a: Maushold|Population Bomb|p2a: YEET\n|-damage|p2a: YEET|66\/100 tox\n|-damage|p2a: YEET|61\/100 tox\n|-damage|p2a: YEET|56\/100 tox\n|-damage|p2a: YEET|52\/100 tox\n|-damage|p2a: YEET|47\/100 tox\n|-damage|p2a: YEET|42\/100 tox\n|-hitcount|p2a: YEET|6\n|move|p2a: YEET|Circle Throw|p1a: Maushold\n|-supereffective|p1a: Maushold\n|-damage|p1a: Maushold|71\/100\n|drag|p1a: Roaring Moon|Roaring Moon|100\/100\n|-enditem|p1a: Roaring Moon|Booster Energy\n|-activate|p1a: Roaring Moon|ability: Protosynthesis|[fromitem]\n|-start|p1a: Roaring Moon|protosynthesisatk\n|\n|-activate|p2b: Btd|ability: Healer\n|-curestatus|p2a: YEET|tox|[msg]\n|upkeep\n|turn|3\n|inactive|Maskey62 has 120 seconds left.\n|inactive|Blue Syrius has 120 seconds left.\n|\n|t:|1699993696\n|move|p2b: Btd|Mystical Fire|p1b: Munkidori\n|-damage|p1b: Munkidori|75\/100\n|-unboost|p1b: Munkidori|spa|1\n|move|p1b: Munkidori|Psyshock|p2a: YEET\n|-damage|p2a: YEET|27\/100\n|move|p1a: Roaring Moon|Acrobatics|p2a: YEET\n|-supereffective|p2a: YEET\n|-damage|p2a: YEET|0 fnt\n|faint|p2a: YEET\n|\n|upkeep\n|\n|t:|1699993710\n|switch|p2a: Bonk|Lucario, M|100\/100\n|turn|4\n|inactive|Maskey62 has 120 seconds left.\n|\n|t:|1699993748\n|-terastallize|p1a: Roaring Moon|Flying\n|move|p2b: Btd|Mystical Fire|p1b: Munkidori\n|-damage|p1b: Munkidori|46\/100\n|-unboost|p1b: Munkidori|spa|1\n|-enditem|p1b: Munkidori|Sitrus Berry|[eat]\n|-heal|p1b: Munkidori|71\/100|[from] item: Sitrus Berry\n|move|p1b: Munkidori|Parting Shot|p2a: Bonk\n|-unboost|p2a: Bonk|atk|1\n|-unboost|p2a: Bonk|spa|1\n|inactive|Blue Syrius has 120 seconds left.\n|\n|t:|1699993762\n|switch|p1b: Slowking|Slowking-Galar, F, shiny|100\/100|[from] Parting Shot\n|move|p1a: Roaring Moon|Acrobatics|p2a: Bonk\n|-damage|p2a: Bonk|0 fnt\n|faint|p2a: Bonk\n|\n|upkeep\n|inactive|Maskey62 has 90 seconds left.\n|\n|t:|1699993799\n|switch|p2a: Arvout|Mabosstiff, F|100\/100\n|turn|5\n|inactive|Maskey62 has 90 seconds left.\n|\n|t:|1699993827\n|move|p2b: Btd|Mystical Fire|p1b: Slowking\n|-damage|p1b: Slowking|86\/100\n|-unboost|p1b: Slowking|spa|1\n|move|p1b: Slowking|Yawn|p2a: Arvout\n|-start|p2a: Arvout|move: Yawn|[of] p1b: Slowking\n|move|p2a: Arvout|Crunch|p1b: Slowking\n|-supereffective|p1b: Slowking\n|-damage|p1b: Slowking|0 fnt\n|faint|p1b: Slowking\n|move|p1a: Roaring Moon|Knock Off|p2b: Btd\n|-damage|p2b: Btd|23\/100\n|-enditem|p2b: Btd|Light Clay|[from] move: Knock Off|[of] p1a: Roaring Moon\n|\n|-fieldend|move: Trick Room\n|upkeep\n|inactive|Blue Syrius has 120 seconds left.\n|\n|t:|1699993857\n|switch|p1b: Flutter Mane|Flutter Mane|100\/100\n|-enditem|p1b: Flutter Mane|Booster Energy\n|-activate|p1b: Flutter Mane|ability: Protosynthesis|[fromitem]\n|-start|p1b: Flutter Mane|protosynthesisspa\n|turn|6\n|inactive|Blue Syrius has 120 seconds left.\n|\n|t:|1699993876\n|switch|p2a: Racoon puddle|Vaporeon, M, shiny|100\/100\n|move|p1a: Roaring Moon|Knock Off|p2b: Btd\n|-damage|p2b: Btd|0 fnt\n|faint|p2b: Btd\n|move|p1b: Flutter Mane|Dazzling Gleam|p2a: Racoon puddle\n|-damage|p2a: Racoon puddle|66\/100\n|\n|-heal|p2a: Racoon puddle|73\/100|[from] item: Leftovers\n|upkeep\n|\n|t:|1699993886\n|switch|p2b: Lore|Gyarados, F, shiny|100\/100\n|-ability|p2b: Lore|Intimidate|boost\n|-unboost|p1a: Roaring Moon|atk|1\n|-unboost|p1b: Flutter Mane|atk|1\n|turn|7\n|inactive|Blue Syrius has 120 seconds left.\n|\n|t:|1699993927\n|move|p1a: Roaring Moon|Rock Slide|p2b: Lore|[spread] p2a,p2b\n|-supereffective|p2b: Lore\n|-damage|p2a: Racoon puddle|61\/100\n|-damage|p2b: Lore|56\/100\n|move|p1b: Flutter Mane|Shadow Ball|p2b: Lore\n|-damage|p2b: Lore|33\/100\n|-unboost|p2b: Lore|spd|1\n|move|p2a: Racoon puddle|Aqua Ring|p2a: Racoon puddle\n|-start|p2a: Racoon puddle|Aqua Ring\n|move|p2b: Lore|Dragon Tail|p1a: Roaring Moon\n|-damage|p1a: Roaring Moon|71\/100\n|-end|p1a: Roaring Moon|Protosynthesis|[silent]\n|drag|p1a: Ninetales|Ninetales-Alola, F, shiny|100\/100\n|-weather|Snow|[from] ability: Snow Warning|[of] p1a: Ninetales\n|\n|-weather|Snow|[upkeep]\n|-heal|p2a: Racoon puddle|67\/100|[from] item: Leftovers\n|-heal|p2a: Racoon puddle|73\/100|[from] Aqua Ring\n|upkeep\n|turn|8\n|inactive|Blue Syrius has 120 seconds left.\n|inactive|Maskey62 has 90 seconds left.\n|\n|t:|1699993984\n|move|p1b: Flutter Mane|Shadow Ball|p2b: Lore\n|-damage|p2b: Lore|0 fnt\n|faint|p2b: Lore\n|move|p1a: Ninetales|Encore|p2a: Racoon puddle\n|-start|p2a: Racoon puddle|Encore\n|move|p2a: Racoon puddle|Aqua Ring||[still]\n|-fail|p2a: Racoon puddle\n|\n|-weather|Snow|[upkeep]\n|-heal|p2a: Racoon puddle|79\/100|[from] item: Leftovers\n|-heal|p2a: Racoon puddle|86\/100|[from] Aqua Ring\n|upkeep\n|inactive|Maskey62 has 60 seconds left.\n|\n|t:|1699993995\n|switch|p2b: Arvout|Mabosstiff, F|100\/100\n|turn|9\n|inactive|Blue Syrius has 120 seconds left.\n|\n|t:|1699994013\n|move|p1b: Flutter Mane|Protect|p1b: Flutter Mane\n|-singleturn|p1b: Flutter Mane|Protect\n|move|p1a: Ninetales|Dazzling Gleam|p2a: Racoon puddle|[spread] p2a,p2b\n|-supereffective|p2b: Arvout\n|-damage|p2a: Racoon puddle|74\/100\n|-damage|p2b: Arvout|55\/100\n|move|p2b: Arvout|Crunch|p1b: Flutter Mane\n|-activate|p1b: Flutter Mane|move: Protect\n|move|p2a: Racoon puddle|Aqua Ring||[still]\n|-fail|p2a: Racoon puddle\n|\n|-weather|Snow|[upkeep]\n|-heal|p2a: Racoon puddle|81\/100|[from] item: Leftovers\n|-heal|p2a: Racoon puddle|87\/100|[from] Aqua Ring\n|-sideend|p2: Maskey62|move: Light Screen\n|upkeep\n|turn|10\n|inactive|Maskey62 has 90 seconds left.\n|inactive|Blue Syrius has 120 seconds left.\n|\n|t:|1699994036\n|move|p1b: Flutter Mane|Dazzling Gleam|p2a: Racoon puddle|[spread] p2a,p2b\n|-supereffective|p2b: Arvout\n|-damage|p2a: Racoon puddle|51\/100\n|-damage|p2b: Arvout|0 fnt\n|faint|p2b: Arvout\n|move|p1a: Ninetales|Aurora Veil|p1a: Ninetales\n|-sidestart|p1: Blue Syrius|move: Aurora Veil\n|move|p2a: Racoon puddle|Aqua Ring||[still]\n|-fail|p2a: Racoon puddle\n|\n|-weather|Snow|[upkeep]\n|-heal|p2a: Racoon puddle|58\/100|[from] item: Leftovers\n|-heal|p2a: Racoon puddle|64\/100|[from] Aqua Ring\n|-end|p2a: Racoon puddle|Encore\n|upkeep\n|turn|11\n|inactive|Maskey62 has 90 seconds left.\n|c|\u2606Blue Syrius|gg\n|\n|t:|1699994064\n|move|p1b: Flutter Mane|Shadow Ball|p2a: Racoon puddle\n|-damage|p2a: Racoon puddle|15\/100\n|move|p1a: Ninetales|Dazzling Gleam|p2a: Racoon puddle\n|-damage|p2a: Racoon puddle|0 fnt\n|faint|p2a: Racoon puddle\n|\n|win|Blue Syrius\n|raw|Blue Syrius's rating: 1067 &rarr; <strong>1092<\/strong><br \/>(+25 for winning)\n|raw|Maskey62's rating: 1013 &rarr; <strong>1003<\/strong><br \/>(-10 for losing)\n|c|\u2606Maskey62|gg\n|l|\u2606Maskey62\n","uploadtime":1699994131,"views":5,"p1id":"bluesyrius","p2id":"maskey62","formatid":"gen9doublesou","rating":1003,"private":0,"password":""}