{"id":"gen9doublesou-1983643770","p1":"Sol Itanita","p2":"FemboyLemonPop","format":"[Gen 9] Doubles OU","log":"|j|\u2606Sol Itanita\n|j|\u2606FemboyLemonPop\n|t:|1699153141\n|gametype|doubles\n|player|p1|Sol Itanita|doubleteam|1121\n|player|p2|FemboyLemonPop|penny|1242\n|teamsize|p1|6\n|teamsize|p2|6\n|gen|9\n|tier|[Gen 9] Doubles OU\n|rated|\n|rule|Species Clause: Limit one of each Pok\u00e9mon\n|rule|OHKO Clause: OHKO moves are banned\n|rule|Evasion Moves Clause: Evasion moves are banned\n|rule|Gravity Sleep Clause: The combination of sleep-inducing moves with imperfect accuracy and Gravity or Gigantamax Orbeetle are banned\n|rule|Endless Battle Clause: Forcing endless battles is banned\n|rule|HP Percentage Mod: HP is shown in percentages\n|clearpoke\n|poke|p1|Meowscarada, F|\n|poke|p1|Skeledirge, M|\n|poke|p1|Tyranitar, M|\n|poke|p1|Trevenant, M|\n|poke|p1|Heatran, F|\n|poke|p1|Wo-Chien|\n|poke|p2|Armarouge, F|\n|poke|p2|Indeedee-F, F|\n|poke|p2|Ursaluna-Bloodmoon, M|\n|poke|p2|Amoonguss, M|\n|poke|p2|Flutter Mane|\n|poke|p2|Meowscarada, M|\n|teampreview\n|inactive|Battle timer is ON: inactive players will automatically lose when time's up. (requested by Sol Itanita)\n|\n|t:|1699153148\n|start\n|switch|p1a: Meowscarada|Meowscarada, F, shiny|100\/100\n|switch|p1b: Skeledirge|Skeledirge, M|100\/100\n|switch|p2a: Armarouge|Armarouge, F|100\/100\n|switch|p2b: Indeedee|Indeedee-F, F|100\/100\n|-fieldstart|move: Psychic Terrain|[from] ability: Psychic Surge|[of] p2b: Indeedee\n|turn|1\n|\n|t:|1699153167\n|move|p2a: Armarouge|Protect|p2a: Armarouge\n|-singleturn|p2a: Armarouge|Protect\n|move|p1a: Meowscarada|Grass Pledge|p2a: Armarouge\n|-waiting|p1a: Meowscarada|p1b: Skeledirge\n|move|p1b: Skeledirge|Fire Pledge|p2a: Armarouge|[from]move: Grass Pledge\n|-activate|p2a: Armarouge|move: Protect\n|move|p2b: Indeedee|Trick Room|p2b: Indeedee\n|-fieldstart|move: Trick Room|[of] p2b: Indeedee\n|\n|upkeep\n|turn|2\n|\n|t:|1699153190\n|move|p2b: Indeedee|Follow Me|p2b: Indeedee\n|-singleturn|p2b: Indeedee|move: Follow Me\n|move|p1b: Skeledirge|Fire Pledge|p2b: Indeedee\n|-waiting|p1b: Skeledirge|p1a: Meowscarada\n|move|p1a: Meowscarada|Grass Pledge|p2b: Indeedee|[from]move: Fire Pledge\n|-start|p1a: Meowscarada|typechange|Fire|[from] ability: Protean\n|-combine\n|-damage|p2b: Indeedee|48\/100\n|-sidestart|p2: FemboyLemonPop|Fire Pledge\n|-enditem|p2b: Indeedee|Sitrus Berry|[eat]\n|-heal|p2b: Indeedee|73\/100|[from] item: Sitrus Berry\n|move|p2a: Armarouge|Armor Cannon|p1a: Meowscarada\n|-resisted|p1a: Meowscarada\n|-damage|p1a: Meowscarada|29\/100\n|-unboost|p2a: Armarouge|def|1\n|-unboost|p2a: Armarouge|spd|1\n|-damage|p2a: Armarouge|91\/100|[from] item: Life Orb\n|\n|-damage|p2b: Indeedee|60\/100|[from] Fire Pledge\n|upkeep\n|turn|3\n|\n|t:|1699153216\n|switch|p1b: Heatran|Heatran, F|100\/100\n|switch|p1a: Tyranitar|Tyranitar, M|100\/100\n|-weather|Sandstorm|[from] ability: Sand Stream|[of] p1a: Tyranitar\n|move|p2b: Indeedee|Helping Hand|p2a: Armarouge\n|-singleturn|p2a: Armarouge|Helping Hand|[of] p2b: Indeedee\n|move|p2a: Armarouge|Expanding Force|p1a: Tyranitar|[spread] p1b\n|-immune|p1a: Tyranitar\n|-resisted|p1b: Heatran\n|-damage|p1b: Heatran|48\/100\n|-damage|p2a: Armarouge|81\/100|[from] item: Life Orb\n|\n|-weather|Sandstorm|[upkeep]\n|-damage|p2a: Armarouge|75\/100|[from] Sandstorm\n|-damage|p2b: Indeedee|54\/100|[from] Sandstorm\n|-heal|p1b: Heatran|54\/100|[from] item: Leftovers\n|-damage|p2b: Indeedee|42\/100|[from] Fire Pledge\n|upkeep\n|turn|4\n|\n|t:|1699153241\n|move|p2b: Indeedee|Helping Hand|p2a: Armarouge\n|-singleturn|p2a: Armarouge|Helping Hand|[of] p2b: Indeedee\n|move|p1b: Heatran|Protect|p1b: Heatran\n|-singleturn|p1b: Heatran|Protect\n|move|p1a: Tyranitar|Rock Slide|p2a: Armarouge|[spread] p2a,p2b\n|-supereffective|p2a: Armarouge\n|-damage|p2a: Armarouge|6\/100\n|-damage|p2b: Indeedee|17\/100\n|move|p2a: Armarouge|Armor Cannon|p1a: Tyranitar\n|-resisted|p1a: Tyranitar\n|-damage|p1a: Tyranitar|75\/100\n|-unboost|p2a: Armarouge|def|1\n|-unboost|p2a: Armarouge|spd|1\n|-damage|p2a: Armarouge|0 fnt|[from] item: Life Orb\n|faint|p2a: Armarouge\n|\n|-weather|Sandstorm|[upkeep]\n|-damage|p2b: Indeedee|11\/100|[from] Sandstorm\n|-heal|p1b: Heatran|60\/100|[from] item: Leftovers\n|-damage|p2b: Indeedee|0 fnt|[from] Fire Pledge\n|faint|p2b: Indeedee\n|upkeep\n|\n|t:|1699153255\n|switch|p2a: Flutter Mane|Flutter Mane|100\/100\n|switch|p2b: Amoonguss|Amoonguss, M|100\/100\n|turn|5\n|\n|t:|1699153269\n|move|p2a: Flutter Mane|Protect|p2a: Flutter Mane\n|-singleturn|p2a: Flutter Mane|Protect\n|move|p2b: Amoonguss|Pollen Puff|p1a: Tyranitar\n|-supereffective|p1a: Tyranitar\n|-damage|p1a: Tyranitar|61\/100\n|move|p1a: Tyranitar|Thunder Wave|p2a: Flutter Mane\n|-activate|p2a: Flutter Mane|move: Protect\n|move|p1b: Heatran|Magma Storm|p2b: Amoonguss\n|-supereffective|p2b: Amoonguss\n|-damage|p2b: Amoonguss|39\/100\n|-activate|p2b: Amoonguss|move: Magma Storm|[of] p1b: Heatran\n|\n|-weather|Sandstorm|[upkeep]\n|-damage|p2b: Amoonguss|33\/100|[from] Sandstorm\n|-damage|p2a: Flutter Mane|94\/100|[from] Sandstorm\n|-damage|p2b: Amoonguss|20\/100|[from] Fire Pledge\n|-heal|p2b: Amoonguss|26\/100|[from] item: Black Sludge\n|-heal|p1b: Heatran|66\/100|[from] item: Leftovers\n|-damage|p2a: Flutter Mane|82\/100|[from] Fire Pledge\n|-damage|p2b: Amoonguss|14\/100|[from] move: Magma Storm|[partiallytrapped]\n|-sideend|p2: FemboyLemonPop|Fire Pledge\n|-fieldend|move: Trick Room\n|-fieldend|move: Psychic Terrain\n|upkeep\n|turn|6\n|\n|t:|1699153293\n|move|p2a: Flutter Mane|Moonblast|p1a: Tyranitar\n|-supereffective|p1a: Tyranitar\n|-damage|p1a: Tyranitar|29\/100\n|move|p1b: Heatran|Heat Wave|p2b: Amoonguss|[spread] p2a,p2b\n|-supereffective|p2b: Amoonguss\n|-damage|p2a: Flutter Mane|61\/100\n|-damage|p2b: Amoonguss|0 fnt\n|-status|p2a: Flutter Mane|brn\n|faint|p2b: Amoonguss\n|move|p1a: Tyranitar|Stealth Rock|p2a: Flutter Mane\n|-sidestart|p2: FemboyLemonPop|move: Stealth Rock\n|\n|-weather|Sandstorm|[upkeep]\n|-damage|p2a: Flutter Mane|55\/100 brn|[from] Sandstorm\n|-heal|p1b: Heatran|73\/100|[from] item: Leftovers\n|-damage|p2a: Flutter Mane|49\/100 brn|[from] brn\n|upkeep\n|\n|t:|1699153303\n|switch|p2b: Ursaluna|Ursaluna-Bloodmoon, M|100\/100\n|-damage|p2b: Ursaluna|94\/100|[from] Stealth Rock\n|turn|7\n|\n|t:|1699153314\n|move|p1b: Heatran|Protect|p1b: Heatran\n|-singleturn|p1b: Heatran|Protect\n|move|p1a: Tyranitar|Protect|p1a: Tyranitar\n|-singleturn|p1a: Tyranitar|Protect\n|move|p2b: Ursaluna|Earth Power|p1b: Heatran\n|-activate|p1b: Heatran|move: Protect\n|move|p2a: Flutter Mane|Trick Room|p2a: Flutter Mane\n|-fieldstart|move: Trick Room|[of] p2a: Flutter Mane\n|\n|-weather|Sandstorm|[upkeep]\n|-damage|p2a: Flutter Mane|43\/100 brn|[from] Sandstorm\n|-heal|p2b: Ursaluna|100\/100|[from] item: Leftovers\n|-heal|p1b: Heatran|79\/100|[from] item: Leftovers\n|-damage|p2a: Flutter Mane|36\/100 brn|[from] brn\n|upkeep\n|turn|8\n|\n|t:|1699153329\n|move|p1a: Tyranitar|Rock Slide|p2a: Flutter Mane|[spread] p2a,p2b\n|-resisted|p2b: Ursaluna\n|-damage|p2a: Flutter Mane|0 fnt\n|-damage|p2b: Ursaluna|92\/100\n|faint|p2a: Flutter Mane\n|-end|p2a: Flutter Mane|Protosynthesis|[silent]\n|move|p2b: Ursaluna|Earth Power|p1b: Heatran\n|-supereffective|p1b: Heatran\n|-damage|p1b: Heatran|0 fnt\n|faint|p1b: Heatran\n|\n|-weather|Sandstorm|[upkeep]\n|-heal|p2b: Ursaluna|98\/100|[from] item: Leftovers\n|upkeep\n|\n|t:|1699153337\n|switch|p1b: Wo-Chien|Wo-Chien|100\/100\n|switch|p2a: Meowscarada|Meowscarada, M|100\/100\n|-ability|p1b: Wo-Chien|Tablets of Ruin\n|-damage|p2a: Meowscarada|88\/100|[from] Stealth Rock\n|turn|9\n|\n|t:|1699153347\n|move|p1a: Tyranitar|Rock Slide|p2b: Ursaluna|[spread] p2a,p2b\n|-resisted|p2b: Ursaluna\n|-damage|p2a: Meowscarada|59\/100\n|-damage|p2b: Ursaluna|91\/100\n|move|p1b: Wo-Chien|Pollen Puff|p1a: Tyranitar\n|-heal|p1a: Tyranitar|79\/100\n|move|p2b: Ursaluna|Earth Power|p1a: Tyranitar\n|-supereffective|p1a: Tyranitar\n|-damage|p1a: Tyranitar|35\/100\n|move|p2a: Meowscarada|Play Rough|p1b: Wo-Chien\n|-start|p2a: Meowscarada|typechange|Fairy|[from] ability: Protean\n|-supereffective|p1b: Wo-Chien\n|-damage|p1b: Wo-Chien|62\/100\n|-unboost|p1b: Wo-Chien|atk|1\n|-damage|p2a: Meowscarada|43\/100|[from] item: Rocky Helmet|[of] p1b: Wo-Chien\n|\n|-weather|Sandstorm|[upkeep]\n|-damage|p1b: Wo-Chien|56\/100|[from] Sandstorm\n|-damage|p2a: Meowscarada|37\/100|[from] Sandstorm\n|-heal|p2b: Ursaluna|97\/100|[from] item: Leftovers\n|upkeep\n|turn|10\n|\n|t:|1699153365\n|move|p1a: Tyranitar|Rock Slide|p2b: Ursaluna|[spread] p2a\n|-miss|p1a: Tyranitar|p2b: Ursaluna\n|-damage|p2a: Meowscarada|6\/100\n|move|p1b: Wo-Chien|Pollen Puff|p1a: Tyranitar\n|-heal|p1a: Tyranitar|85\/100\n|move|p2b: Ursaluna|Earth Power|p1a: Tyranitar\n|-supereffective|p1a: Tyranitar\n|-damage|p1a: Tyranitar|38\/100\n|cant|p2a: Meowscarada|flinch\n|\n|-weather|none\n|-heal|p2b: Ursaluna|100\/100|[from] item: Leftovers\n|upkeep\n|turn|11\n|\n|t:|1699153381\n|move|p1a: Tyranitar|Rock Slide|p2a: Meowscarada|[spread] p2b\n|-miss|p1a: Tyranitar|p2a: Meowscarada\n|-resisted|p2b: Ursaluna\n|-damage|p2b: Ursaluna|94\/100\n|move|p1b: Wo-Chien|Pollen Puff|p1a: Tyranitar\n|-heal|p1a: Tyranitar|88\/100\n|move|p2b: Ursaluna|Blood Moon|p1b: Wo-Chien\n|-damage|p1b: Wo-Chien|0 fnt\n|faint|p1b: Wo-Chien\n|move|p2a: Meowscarada|Play Rough|p1a: Tyranitar\n|-supereffective|p1a: Tyranitar\n|-crit|p1a: Tyranitar\n|-damage|p1a: Tyranitar|0 fnt\n|faint|p1a: Tyranitar\n|\n|-heal|p2b: Ursaluna|99\/100|[from] item: Leftovers\n|-fieldend|move: Trick Room\n|upkeep\n|\n|t:|1699153395\n|switch|p1b: Skeledirge|Skeledirge, M|100\/100\n|switch|p1a: Meowscarada|Meowscarada, F, shiny|29\/100\n|turn|12\n|\n|t:|1699153408\n|move|p1a: Meowscarada|Grass Pledge|p2b: Ursaluna\n|-waiting|p1a: Meowscarada|p1b: Skeledirge\n|move|p1b: Skeledirge|Fire Pledge|p2b: Ursaluna|[from]move: Grass Pledge\n|-combine\n|-damage|p2b: Ursaluna|32\/100\n|-sidestart|p2: FemboyLemonPop|Fire Pledge\n|move|p2a: Meowscarada|Play Rough|p1a: Meowscarada|[miss]\n|-miss|p2a: Meowscarada|p1a: Meowscarada\n|move|p2b: Ursaluna|Earth Power|p1b: Skeledirge\n|-supereffective|p1b: Skeledirge\n|-damage|p1b: Skeledirge|0 fnt\n|faint|p1b: Skeledirge\n|\n|-damage|p2a: Meowscarada|0 fnt|[from] Fire Pledge\n|faint|p2a: Meowscarada\n|-damage|p2b: Ursaluna|20\/100|[from] Fire Pledge\n|-heal|p2b: Ursaluna|26\/100|[from] item: Leftovers\n|upkeep\n|\n|t:|1699153417\n|switch|p1b: Trevenant|Trevenant, M|100\/100\n|turn|13\n|\n|t:|1699153427\n|-terastallize|p2b: Ursaluna|Normal\n|move|p1a: Meowscarada|Ally Switch|p1a: Meowscarada\n|-start|p1a: Meowscarada|typechange|Psychic|[from] ability: Protean\n|swap|p1a: Meowscarada|1|[from] move: Ally Switch\n|move|p2b: Ursaluna|Moonlight|p2b: Ursaluna\n|-heal|p2b: Ursaluna|76\/100\n|move|p1a: Trevenant|Leech Seed|p2b: Ursaluna\n|-start|p2b: Ursaluna|move: Leech Seed\n|\n|-damage|p2b: Ursaluna|63\/100|[from] Fire Pledge\n|-heal|p2b: Ursaluna|69\/100|[from] item: Leftovers\n|-damage|p2b: Ursaluna|57\/100|[from] Leech Seed|[of] p1a: Trevenant\n|upkeep\n|turn|14\n|\n|t:|1699153441\n|move|p1b: Meowscarada|Grass Pledge|p2b: Ursaluna\n|-damage|p2b: Ursaluna|34\/100\n|move|p2b: Ursaluna|Earth Power|p1b: Meowscarada\n|-damage|p1b: Meowscarada|0 fnt\n|faint|p1b: Meowscarada\n|move|p1a: Trevenant|Disable|p2b: Ursaluna\n|-start|p2b: Ursaluna|Disable|Earth Power\n|\n|-damage|p2b: Ursaluna|22\/100|[from] Fire Pledge\n|-heal|p2b: Ursaluna|28\/100|[from] item: Leftovers\n|-damage|p2b: Ursaluna|16\/100|[from] Leech Seed|[of] p1a: Trevenant\n|upkeep\n|turn|15\n|\n|t:|1699153454\n|move|p2b: Ursaluna|Moonlight|p2b: Ursaluna\n|-heal|p2b: Ursaluna|66\/100\n|move|p1a: Trevenant|Skill Swap|p2b: Ursaluna\n|-activate|p1a: Trevenant|move: Skill Swap|Mind's Eye|Natural Cure|[of] p2b: Ursaluna\n|\n|-damage|p2b: Ursaluna|53\/100|[from] Fire Pledge\n|-heal|p2b: Ursaluna|59\/100|[from] item: Leftovers\n|-damage|p2b: Ursaluna|47\/100|[from] Leech Seed|[of] p1a: Trevenant\n|-sideend|p2: FemboyLemonPop|Fire Pledge\n|upkeep\n|turn|16\n|\n|t:|1699153467\n|move|p2b: Ursaluna|Moonlight|p2b: Ursaluna\n|-heal|p2b: Ursaluna|97\/100\n|move|p1a: Trevenant|Trick Room|p1a: Trevenant\n|-fieldstart|move: Trick Room|[of] p1a: Trevenant\n|\n|-heal|p2b: Ursaluna|100\/100|[from] item: Leftovers\n|-damage|p2b: Ursaluna|88\/100|[from] Leech Seed|[of] p1a: Trevenant\n|upkeep\n|turn|17\n|\n|t:|1699153472\n|move|p2b: Ursaluna|Calm Mind|p2b: Ursaluna\n|-boost|p2b: Ursaluna|spa|1\n|-boost|p2b: Ursaluna|spd|1\n|move|p1a: Trevenant|Trick Room|p1a: Trevenant\n|-fieldend|move: Trick Room\n|\n|-heal|p2b: Ursaluna|94\/100|[from] item: Leftovers\n|-damage|p2b: Ursaluna|82\/100|[from] Leech Seed|[of] p1a: Trevenant\n|upkeep\n|turn|18\n|-message|Sol Itanita forfeited.\n|\n|win|FemboyLemonPop\n|raw|Sol Itanita's rating: 1121 &rarr; <strong>1104<\/strong><br \/>(-17 for losing)\n|raw|FemboyLemonPop's rating: 1242 &rarr; <strong>1259<\/strong><br \/>(+17 for winning)\n|l|\u2606Sol Itanita\n","uploadtime":1699153492,"views":24,"p1id":"solitanita","p2id":"femboylemonpop","formatid":"gen9doublesou","rating":1104,"private":0,"password":""}