{"id":"gen9doublesou-1982392402","p1":"Normal Kid Jimmi","p2":"Martijntje03","format":"[Gen 9] Doubles OU","log":"|j|\u2606Normal Kid Jimmi\n|j|\u2606Martijntje03\n|inactive|Battle timer is ON: inactive players will automatically lose when time's up.\n|t:|1699008898\n|gametype|doubles\n|player|p1|Normal Kid Jimmi|policeman-gen4|\n|player|p2|Martijntje03|266|\n|teamsize|p1|6\n|teamsize|p2|6\n|gen|9\n|tier|[Gen 9] Doubles OU\n|rated|Tournament battle\n|rule|Species Clause: Limit one of each Pok\u00e9mon\n|rule|OHKO Clause: OHKO moves are banned\n|rule|Evasion Moves Clause: Evasion moves are banned\n|rule|Gravity Sleep Clause: The combination of sleep-inducing moves with imperfect accuracy and Gravity or Gigantamax Orbeetle are banned\n|rule|Endless Battle Clause: Forcing endless battles is banned\n|rule|HP Percentage Mod: HP is shown in percentages\n|clearpoke\n|poke|p1|Indeedee-F, F|\n|poke|p1|Ninetales-Alola, F|\n|poke|p1|Iron Bundle|\n|poke|p1|Armarouge, M|\n|poke|p1|Hoopa-Unbound|\n|poke|p1|Sinistcha|\n|poke|p2|Rillaboom, F|\n|poke|p2|Ursaluna, F|\n|poke|p2|Cresselia, F|\n|poke|p2|Volcanion|\n|poke|p2|Flutter Mane|\n|poke|p2|Kleavor, M|\n|teampreview\n|j|*Lady Monita \u263d\n|j| BB-8-NU\n|inactive|Normal Kid Jimmi has 120 seconds left.\n|\n|t:|1699008936\n|start\n|switch|p1a: Hoopa|Hoopa-Unbound|100\/100\n|switch|p1b: Iron Bundle|Iron Bundle|100\/100\n|switch|p2a: Cresselia|Cresselia, F|100\/100\n|switch|p2b: Kleavor|Kleavor, M|100\/100\n|turn|1\n|\n|t:|1699008962\n|move|p2a: Cresselia|Ally Switch|p2a: Cresselia\n|swap|p2a: Cresselia|1|[from] move: Ally Switch\n|move|p2a: Kleavor|U-turn|p1a: Hoopa\n|-supereffective|p1a: Hoopa\n|-damage|p1a: Hoopa|0 fnt\n|faint|p1a: Hoopa\n|\n|t:|1699008969\n|switch|p2a: Rillaboom|Rillaboom, F|100\/100|[from] U-turn\n|-fieldstart|move: Grassy Terrain|[from] ability: Grassy Surge|[of] p2a: Rillaboom\n|move|p1b: Iron Bundle|Flip Turn|p2a: Rillaboom\n|-resisted|p2a: Rillaboom\n|-damage|p2a: Rillaboom|93\/100\n|\n|t:|1699008974\n|-end|p1b: Iron Bundle|Quark Drive|[silent]\n|switch|p1b: Indeedee|Indeedee-F, F|100\/100|[from] Flip Turn\n|-fieldstart|move: Psychic Terrain|[from] ability: Psychic Surge|[of] p1b: Indeedee\n|\n|upkeep\n|\n|t:|1699008989\n|switch|p1a: Iron Bundle|Iron Bundle|100\/100\n|turn|2\n|j| Rodriguo\n|\n|t:|1699008999\n|switch|p1b: Ninetales|Ninetales-Alola, F|100\/100\n|-weather|Snow|[from] ability: Snow Warning|[of] p1b: Ninetales\n|move|p1a: Iron Bundle|Blizzard|p2a: Rillaboom|[spread] p2a,p2b\n|-supereffective|p2a: Rillaboom\n|-damage|p2a: Rillaboom|4\/100\n|-damage|p2b: Cresselia|66\/100\n|move|p2a: Rillaboom|Wood Hammer|p1a: Iron Bundle\n|-supereffective|p1a: Iron Bundle\n|-crit|p1a: Iron Bundle\n|-damage|p1a: Iron Bundle|0 fnt\n|faint|p1a: Iron Bundle\n|-end|p1a: Iron Bundle|Quark Drive|[silent]\n|-damage|p2a: Rillaboom|0 fnt|[from] Recoil\n|faint|p2a: Rillaboom\n|move|p2b: Cresselia|Trick Room|p2b: Cresselia\n|-fieldstart|move: Trick Room|[of] p2b: Cresselia\n|\n|-weather|Snow|[upkeep]\n|upkeep\n|j| TopHatODDISH\n|\n|t:|1699009013\n|switch|p2a: Ursaluna|Ursaluna, F|100\/100\n|switch|p1a: Sinistcha|Sinistcha|100\/100\n|turn|3\n|\n|t:|1699009037\n|switch|p2b: Volcanion|Volcanion|100\/100\n|-terastallize|p2a: Ursaluna|Normal\n|move|p2a: Ursaluna|Swords Dance|p2a: Ursaluna\n|-boost|p2a: Ursaluna|atk|2\n|move|p1b: Ninetales|Blizzard|p2b: Volcanion|[spread] p2a,p2b\n|-resisted|p2b: Volcanion\n|-damage|p2a: Ursaluna|76\/100\n|-damage|p2b: Volcanion|95\/100\n|move|p1a: Sinistcha|Trick Room|p1a: Sinistcha\n|-fieldend|move: Trick Room\n|\n|-weather|Snow|[upkeep]\n|-status|p2a: Ursaluna|brn|[from] item: Flame Orb\n|upkeep\n|turn|4\n|\n|t:|1699009049\n|move|p1b: Ninetales|Blizzard|p2a: Ursaluna|[spread] p2a,p2b\n|-resisted|p2b: Volcanion\n|-damage|p2a: Ursaluna|52\/100 brn\n|-damage|p2b: Volcanion|90\/100\n|move|p2b: Volcanion|Heat Wave|p1a: Sinistcha|[spread] p1a,p1b\n|-supereffective|p1a: Sinistcha\n|-crit|p1a: Sinistcha\n|-supereffective|p1b: Ninetales\n|-enditem|p1a: Sinistcha|Focus Sash\n|-damage|p1a: Sinistcha|1\/100\n|-damage|p1b: Ninetales|12\/100\n|move|p1a: Sinistcha|Matcha Gotcha|p2b: Volcanion|[spread] p2a\n|-miss|p1a: Sinistcha|p2b: Volcanion\n|-damage|p2a: Ursaluna|35\/100 brn\n|-heal|p1a: Sinistcha|11\/100|[from] drain|[of] p2a: Ursaluna\n|move|p2a: Ursaluna|Facade|p1b: Ninetales\n|-damage|p1b: Ninetales|0 fnt\n|faint|p1b: Ninetales\n|\n|-weather|Snow|[upkeep]\n|-damage|p2a: Ursaluna|29\/100 brn|[from] brn\n|upkeep\n|\n|t:|1699009062\n|switch|p1b: Armarouge|Armarouge, M|100\/100\n|turn|5\n|j| ElPrincipeMilito\n|l| Rodriguo\n|j| nodogsaleystaylate\n|\n|t:|1699009079\n|switch|p1a: Indeedee|Indeedee-F, F|100\/100\n|-terastallize|p1b: Armarouge|Psychic\n|move|p2a: Ursaluna|Protect|p2a: Ursaluna\n|-singleturn|p2a: Ursaluna|Protect\n|move|p1b: Armarouge|Expanding Force|p2a: Ursaluna|[spread] p2b\n|-activate|p2a: Ursaluna|move: Protect\n|-damage|p2b: Volcanion|35\/100\n|move|p2b: Volcanion|Steam Eruption|p1b: Armarouge\n|-damage|p1b: Armarouge|27\/100\n|\n|-weather|Snow|[upkeep]\n|-damage|p2a: Ursaluna|23\/100 brn|[from] brn\n|upkeep\n|turn|6\n|\n|t:|1699009097\n|switch|p1a: Sinistcha|Sinistcha|11\/100\n|-heal|p1b: Armarouge|52\/100|[from] ability: Hospitality|[of] p1a: Sinistcha\n|move|p1b: Armarouge|Expanding Force|p2b: Volcanion|[spread] p2a,p2b\n|-damage|p2a: Ursaluna|0 fnt\n|-damage|p2b: Volcanion|0 fnt\n|faint|p2a: Ursaluna\n|faint|p2b: Volcanion\n|\n|-weather|Snow|[upkeep]\n|upkeep\n|\n|t:|1699009109\n|switch|p2b: Flutter Mane|Flutter Mane|100\/100\n|switch|p2a: Kleavor|Kleavor, M|100\/100\n|turn|7\n|\n|t:|1699009134\n|switch|p1a: Indeedee|Indeedee-F, F|100\/100\n|move|p2a: Kleavor|X-Scissor|p1b: Armarouge\n|-supereffective|p1b: Armarouge\n|-damage|p1b: Armarouge|0 fnt\n|faint|p1b: Armarouge\n|move|p2b: Flutter Mane|Dazzling Gleam|p1a: Indeedee\n|-damage|p1a: Indeedee|44\/100\n|\n|-weather|Snow|[upkeep]\n|upkeep\n|c|\u2606Normal Kid Jimmi|gg\n|-message|Normal Kid Jimmi forfeited.\n|\n|win|Martijntje03\n|n|\u2606Normal Kid Jimmi|normalkidjimmi\n|n|\u2606Martijntje03|martijntje03\n|n|*Lady Monita \u263d|ladymonita\n|n| BB-8-NU|bb8nu\n|n| TopHatODDISH|tophatoddish\n|n| ElPrincipeMilito|elprincipemilito\n|n| nodogsaleystaylate|nodogsaleystaylate\n|l|*Lady Monita \u263d\n|l|\u2606Normal Kid Jimmi\n|c|\u2606Martijntje03|ggs\n|l| BB-8-NU\n|l| TopHatODDISH\n|l|\u2606Martijntje03\n","uploadtime":1699009181,"views":20,"p1id":"normalkidjimmi","p2id":"martijntje03","formatid":"gen9doublesou","rating":0,"private":0,"password":""}