{"id":"gen9doublesou-1977987962","p1":"Gen1victoryroad","p2":"Sjk2828","format":"[Gen 9] Doubles OU","log":"|j|\u2606Gen1victoryroad\n|j|\u2606Sjk2828\n|t:|1698479243\n|gametype|doubles\n|player|p1|Gen1victoryroad|170|1082\n|player|p2|Sjk2828|265|1071\n|teamsize|p1|6\n|teamsize|p2|6\n|gen|9\n|tier|[Gen 9] Doubles OU\n|rated|\n|rule|Species Clause: Limit one of each Pok\u00e9mon\n|rule|OHKO Clause: OHKO moves are banned\n|rule|Evasion Moves Clause: Evasion moves are banned\n|rule|Gravity Sleep Clause: The combination of sleep-inducing moves with imperfect accuracy and Gravity or Gigantamax Orbeetle are banned\n|rule|Endless Battle Clause: Forcing endless battles is banned\n|rule|HP Percentage Mod: HP is shown in percentages\n|clearpoke\n|poke|p1|Baxcalibur, F|\n|poke|p1|Torkoal, F|\n|poke|p1|Walking Wake|\n|poke|p1|Gholdengo|\n|poke|p1|Amoonguss, M|\n|poke|p1|Rillaboom, M|\n|poke|p2|Blissey, F|\n|poke|p2|Kingambit, F|\n|poke|p2|Zapdos|\n|poke|p2|Dragapult, M|\n|poke|p2|Oricorio-Pom-Pom, M|\n|poke|p2|Volcarona, M|\n|teampreview\n|\n|t:|1698479247\n|start\n|switch|p1a: Rillaboom|Rillaboom, M|100\/100\n|switch|p1b: Walking Wake|Walking Wake|100\/100\n|switch|p2a: Volcarona|Volcarona, M|100\/100\n|switch|p2b: Oricorio|Oricorio-Pom-Pom, M|100\/100\n|-fieldstart|move: Grassy Terrain|[from] ability: Grassy Surge|[of] p1a: Rillaboom\n|turn|1\n|\n|t:|1698479259\n|move|p1a: Rillaboom|Fake Out|p2b: Oricorio\n|-damage|p2b: Oricorio|76\/100\n|move|p1b: Walking Wake|Hydro Steam|p2a: Volcarona\n|-supereffective|p2a: Volcarona\n|-damage|p2a: Volcarona|0 fnt\n|faint|p2a: Volcarona\n|cant|p2b: Oricorio|flinch\n|\n|upkeep\n|\n|t:|1698479269\n|switch|p2a: Zapdos|Zapdos|100\/100\n|turn|2\n|\n|t:|1698479291\n|-end|p1b: Walking Wake|Protosynthesis|[silent]\n|switch|p1b: Torkoal|Torkoal, F|100\/100\n|-weather|SunnyDay|[from] ability: Drought|[of] p1b: Torkoal\n|-terastallize|p2b: Oricorio|Electric\n|move|p2b: Oricorio|Revelation Dance|p1b: Torkoal\n|-damage|p1b: Torkoal|29\/100\n|move|p2a: Zapdos|Hurricane|p1a: Rillaboom|[miss]\n|-miss|p2a: Zapdos|p1a: Rillaboom\n|move|p1a: Rillaboom|Knock Off|p2a: Zapdos\n|-damage|p2a: Zapdos|77\/100\n|-status|p1a: Rillaboom|par|[from] ability: Static|[of] p2a: Zapdos\n|\n|-weather|SunnyDay|[upkeep]\n|-heal|p2b: Oricorio|82\/100|[from] Grassy Terrain\n|-heal|p1b: Torkoal|35\/100|[from] Grassy Terrain\n|upkeep\n|turn|3\n|\n|t:|1698479329\n|move|p1b: Torkoal|Protect|p1b: Torkoal\n|-singleturn|p1b: Torkoal|Protect\n|move|p1a: Rillaboom|Grassy Glide|p2b: Oricorio\n|-damage|p2b: Oricorio|23\/100\n|move|p2b: Oricorio|Tera Blast|p1b: Torkoal|[anim] Tera Blast Electric\n|-activate|p1b: Torkoal|move: Protect\n|move|p2a: Zapdos|Hurricane|p1a: Rillaboom|[miss]\n|-miss|p2a: Zapdos|p1a: Rillaboom\n|\n|-weather|SunnyDay|[upkeep]\n|-heal|p2b: Oricorio|30\/100|[from] Grassy Terrain\n|-heal|p1b: Torkoal|42\/100|[from] Grassy Terrain\n|upkeep\n|turn|4\n|\n|t:|1698479352\n|switch|p1b: Gholdengo|Gholdengo|100\/100\n|move|p1a: Rillaboom|Grassy Glide|p2b: Oricorio\n|-damage|p2b: Oricorio|0 fnt\n|faint|p2b: Oricorio\n|move|p2a: Zapdos|Hurricane|p1a: Rillaboom|[miss]\n|-miss|p2a: Zapdos|p1a: Rillaboom\n|\n|-weather|SunnyDay|[upkeep]\n|upkeep\n|\n|t:|1698479361\n|switch|p2b: Dragapult|Dragapult, M|100\/100\n|turn|5\n|\n|t:|1698479372\n|-terastallize|p1b: Gholdengo|Flying\n|move|p2b: Dragapult|Dragon Dance|p2b: Dragapult\n|-boost|p2b: Dragapult|atk|1\n|-boost|p2b: Dragapult|spe|1\n|move|p2a: Zapdos|Hurricane|p1a: Rillaboom\n|-supereffective|p1a: Rillaboom\n|-damage|p1a: Rillaboom|11\/100 par\n|move|p1b: Gholdengo|Shadow Ball|p2b: Dragapult\n|-supereffective|p2b: Dragapult\n|-damage|p2b: Dragapult|0 fnt\n|faint|p2b: Dragapult\n|move|p1a: Rillaboom|Knock Off|p2a: Zapdos\n|-damage|p2a: Zapdos|51\/100\n|\n|-weather|SunnyDay|[upkeep]\n|-heal|p1a: Rillaboom|18\/100 par|[from] Grassy Terrain\n|-fieldend|move: Grassy Terrain\n|upkeep\n|\n|t:|1698479387\n|switch|p2b: Kingambit|Kingambit, F|100\/100\n|turn|6\n|\n|t:|1698479409\n|switch|p1a: Amoonguss|Amoonguss, M|100\/100\n|move|p2a: Zapdos|Roost|p2a: Zapdos\n|-heal|p2a: Zapdos|100\/100\n|-singleturn|p2a: Zapdos|move: Roost\n|move|p1b: Gholdengo|Shadow Ball|p2a: Zapdos\n|-damage|p2a: Zapdos|52\/100\n|move|p2b: Kingambit|Swords Dance|p2b: Kingambit\n|-boost|p2b: Kingambit|atk|2\n|\n|-weather|SunnyDay|[upkeep]\n|upkeep\n|turn|7\n|\n|t:|1698479435\n|move|p2a: Zapdos|Detect|p2a: Zapdos\n|-singleturn|p2a: Zapdos|Protect\n|move|p1b: Gholdengo|Shadow Ball|p2a: Zapdos\n|-activate|p2a: Zapdos|move: Protect\n|move|p2b: Kingambit|Iron Head|p1a: Amoonguss\n|-crit|p1a: Amoonguss\n|-damage|p1a: Amoonguss|0 fnt\n|faint|p1a: Amoonguss\n|\n|-weather|SunnyDay|[upkeep]\n|upkeep\n|\n|t:|1698479458\n|switch|p1a: Rillaboom|Rillaboom, M|18\/100 par\n|-fieldstart|move: Grassy Terrain|[from] ability: Grassy Surge|[of] p1a: Rillaboom\n|turn|8\n|\n|t:|1698479466\n|move|p1a: Rillaboom|Fake Out|p2b: Kingambit\n|-resisted|p2b: Kingambit\n|-damage|p2b: Kingambit|95\/100\n|move|p2a: Zapdos|Discharge|p1b: Gholdengo|[spread] p2b,p1a,p1b\n|-resisted|p1a: Rillaboom\n|-supereffective|p1b: Gholdengo\n|-damage|p2b: Kingambit|64\/100\n|-damage|p1a: Rillaboom|5\/100 par\n|-damage|p1b: Gholdengo|38\/100\n|-status|p1b: Gholdengo|par\n|cant|p2b: Kingambit|flinch\n|move|p1b: Gholdengo|Shadow Ball|p2a: Zapdos\n|-damage|p2a: Zapdos|4\/100\n|\n|-weather|SunnyDay|[upkeep]\n|-heal|p2b: Kingambit|70\/100|[from] Grassy Terrain\n|-heal|p1a: Rillaboom|11\/100 par|[from] Grassy Terrain\n|-heal|p1b: Gholdengo|44\/100 par|[from] item: Leftovers\n|upkeep\n|turn|9\n|\n|t:|1698479488\n|move|p1a: Rillaboom|Grassy Glide|p2a: Zapdos\n|-resisted|p2a: Zapdos\n|-damage|p2a: Zapdos|0 fnt\n|faint|p2a: Zapdos\n|move|p2b: Kingambit|Swords Dance|p2b: Kingambit\n|-boost|p2b: Kingambit|atk|2\n|move|p1b: Gholdengo|Thunderbolt|p2b: Kingambit\n|-damage|p2b: Kingambit|38\/100\n|\n|-weather|none\n|-heal|p2b: Kingambit|45\/100|[from] Grassy Terrain\n|-heal|p1a: Rillaboom|17\/100 par|[from] Grassy Terrain\n|-heal|p1b: Gholdengo|50\/100 par|[from] item: Leftovers\n|upkeep\n|\n|t:|1698479502\n|switch|p2a: Blissey|Blissey, F|100\/100\n|turn|10\n|\n|t:|1698479510\n|move|p2b: Kingambit|Sucker Punch|p1a: Rillaboom\n|-damage|p1a: Rillaboom|0 fnt\n|faint|p1a: Rillaboom\n|move|p2a: Blissey|Substitute|p2a: Blissey\n|-start|p2a: Blissey|Substitute\n|-damage|p2a: Blissey|76\/100\n|cant|p1b: Gholdengo|par\n|\n|-heal|p2a: Blissey|82\/100|[from] Grassy Terrain\n|-heal|p2a: Blissey|88\/100|[from] item: Leftovers\n|-heal|p2b: Kingambit|51\/100|[from] Grassy Terrain\n|-heal|p1b: Gholdengo|56\/100 par|[from] item: Leftovers\n|upkeep\n|\n|t:|1698479522\n|switch|p1a: Torkoal|Torkoal, F|42\/100\n|-weather|SunnyDay|[from] ability: Drought|[of] p1a: Torkoal\n|turn|11\n|\n|t:|1698479529\n|move|p2b: Kingambit|Sucker Punch||[still]\n|-fail|p2b: Kingambit\n|move|p2a: Blissey|Calm Mind|p2a: Blissey\n|-boost|p2a: Blissey|spa|1\n|-boost|p2a: Blissey|spd|1\n|move|p1b: Gholdengo|Thunderbolt|p2b: Kingambit\n|-damage|p2b: Kingambit|19\/100\n|move|p1a: Torkoal|Yawn|p2b: Kingambit\n|-start|p2b: Kingambit|move: Yawn|[of] p1a: Torkoal\n|\n|-weather|SunnyDay|[upkeep]\n|-heal|p2a: Blissey|94\/100|[from] Grassy Terrain\n|-heal|p2a: Blissey|99\/100|[from] item: Leftovers\n|-heal|p2b: Kingambit|25\/100|[from] Grassy Terrain\n|-heal|p1b: Gholdengo|62\/100 par|[from] item: Leftovers\n|-heal|p1a: Torkoal|48\/100|[from] Grassy Terrain\n|upkeep\n|turn|12\n|\n|t:|1698479554\n|move|p2b: Kingambit|Sucker Punch|p1b: Gholdengo\n|-damage|p1b: Gholdengo|0 fnt\n|faint|p1b: Gholdengo\n|move|p2a: Blissey|Calm Mind|p2a: Blissey\n|-boost|p2a: Blissey|spa|1\n|-boost|p2a: Blissey|spd|1\n|move|p1a: Torkoal|Lava Plume|p2b: Kingambit|[spread] p2a,p2b\n|-activate|p2a: Blissey|move: Substitute|[damage]\n|-supereffective|p2b: Kingambit\n|-damage|p2b: Kingambit|0 fnt\n|faint|p2b: Kingambit\n|\n|-weather|SunnyDay|[upkeep]\n|-heal|p2a: Blissey|100\/100|[from] Grassy Terrain\n|-heal|p1a: Torkoal|54\/100|[from] Grassy Terrain\n|-fieldend|move: Grassy Terrain\n|upkeep\n|\n|t:|1698479567\n|switch|p1b: Baxcalibur|Baxcalibur, F|100\/100\n|turn|13\n|\n|t:|1698479574\n|move|p1a: Torkoal|Helping Hand|p1b: Baxcalibur\n|-singleturn|p1b: Baxcalibur|Helping Hand|[of] p1a: Torkoal\n|move|p1b: Baxcalibur|Icicle Spear|p2a: Blissey\n|-end|p2a: Blissey|Substitute\n|-damage|p2a: Blissey|59\/100\n|-damage|p2a: Blissey|18\/100\n|-damage|p2a: Blissey|0 fnt\n|faint|p2a: Blissey\n|-hitcount|p2: Blissey|4\n|\n|win|Gen1victoryroad\n|raw|Gen1victoryroad's rating: 1082 &rarr; <strong>1109<\/strong><br \/>(+27 for winning)\n|raw|Sjk2828's rating: 1071 &rarr; <strong>1051<\/strong><br \/>(-20 for losing)\n","uploadtime":1698479584,"views":19,"p1id":"gen1victoryroad","p2id":"sjk2828","formatid":"gen9doublesou","rating":1051,"private":0,"password":""}