{"id":"gen9doublesou-1989453797","p1":"FoolGroucho","p2":"aster1717","format":"[Gen 9] Doubles OU","log":"|j|\u2606FoolGroucho\n|j|\u2606aster1717\n|t:|1699852859\n|gametype|doubles\n|player|p1|FoolGroucho|janitor|1461\n|player|p2|aster1717|102|1442\n|teamsize|p1|6\n|teamsize|p2|6\n|gen|9\n|tier|[Gen 9] Doubles OU\n|rated|\n|rule|Species Clause: Limit one of each Pok\u00e9mon\n|rule|OHKO Clause: OHKO moves are banned\n|rule|Evasion Moves Clause: Evasion moves are banned\n|rule|Gravity Sleep Clause: The combination of sleep-inducing moves with imperfect accuracy and Gravity or Gigantamax Orbeetle are banned\n|rule|Endless Battle Clause: Forcing endless battles is banned\n|rule|HP Percentage Mod: HP is shown in percentages\n|clearpoke\n|poke|p1|Sableye, F|\n|poke|p1|Rillaboom, F|\n|poke|p1|Torkoal, F|\n|poke|p1|Ceruledge, M|\n|poke|p1|Lilligant-Hisui, F|\n|poke|p1|Dragonite, F|\n|poke|p2|Ogerpon-Hearthflame, F|\n|poke|p2|Fezandipiti, M|\n|poke|p2|Chien-Pao|\n|poke|p2|Rillaboom, M|\n|poke|p2|Moltres|\n|poke|p2|Goodra-Hisui, M|\n|teampreview\n|inactive|Battle timer is ON: inactive players will automatically lose when time's up. (requested by FoolGroucho)\n|\n|t:|1699852878\n|start\n|switch|p1a: Sableye|Sableye, F|100\/100\n|switch|p1b: Ceruledge|Ceruledge, M|100\/100\n|switch|p2a: Fezandipiti|Fezandipiti, M|100\/100\n|switch|p2b: Goodra|Goodra-Hisui, M|100\/100\n|turn|1\n|\n|t:|1699852889\n|move|p1a: Sableye|Light Screen|p1a: Sableye\n|-sidestart|p1: FoolGroucho|move: Light Screen\n|move|p2a: Fezandipiti|Icy Wind|p1a: Sableye|[spread] p1a,p1b\n|-resisted|p1b: Ceruledge\n|-damage|p1a: Sableye|95\/100\n|-damage|p1b: Ceruledge|99\/100\n|-unboost|p1a: Sableye|spe|1\n|-status|p1b: Ceruledge|tox|[from] ability: Toxic Chain|[of] p2a: Fezandipiti\n|move|p1b: Ceruledge|Swords Dance|p1b: Ceruledge\n|-boost|p1b: Ceruledge|atk|2\n|move|p2b: Goodra|Acid Armor|p2b: Goodra\n|-boost|p2b: Goodra|def|2\n|\n|-damage|p1b: Ceruledge|92\/100 tox|[from] psn\n|upkeep\n|turn|2\n|\n|t:|1699852908\n|move|p1a: Sableye|Encore|p2b: Goodra\n|-start|p2b: Goodra|Encore\n|move|p2a: Fezandipiti|Taunt|p1a: Sableye\n|-start|p1a: Sableye|move: Taunt\n|move|p1b: Ceruledge|Bitter Blade|p2a: Fezandipiti\n|-crit|p2a: Fezandipiti\n|-damage|p2a: Fezandipiti|0 fnt\n|-heal|p1b: Ceruledge|100\/100 tox|[from] drain|[of] p2a: Fezandipiti\n|faint|p2a: Fezandipiti\n|move|p2b: Goodra|Acid Armor|p2b: Goodra\n|-boost|p2b: Goodra|def|2\n|\n|-damage|p1b: Ceruledge|88\/100 tox|[from] psn\n|upkeep\n|\n|t:|1699852920\n|switch|p2a: Moltres|Moltres, shiny|100\/100\n|turn|3\n|\n|t:|1699852939\n|switch|p1a: Rillaboom|Rillaboom, F|100\/100\n|-fieldstart|move: Grassy Terrain|[from] ability: Grassy Surge|[of] p1a: Rillaboom\n|move|p2a: Moltres|Roost||[still]\n|-fail|p2a: Moltres|heal\n|move|p1b: Ceruledge|Bitter Blade|p2a: Moltres\n|-resisted|p2a: Moltres\n|-damage|p2a: Moltres|51\/100\n|-heal|p1b: Ceruledge|100\/100 tox|[from] drain|[of] p2a: Moltres\n|-damage|p1b: Ceruledge|84\/100 tox|[from] item: Rocky Helmet|[of] p2a: Moltres\n|move|p2b: Goodra|Acid Armor|p2b: Goodra\n|-boost|p2b: Goodra|def|2\n|\n|-heal|p1b: Ceruledge|90\/100 tox|[from] Grassy Terrain\n|-damage|p1b: Ceruledge|71\/100 tox|[from] psn\n|upkeep\n|turn|4\n|\n|t:|1699852955\n|switch|p1a: Sableye|Sableye, F|95\/100\n|move|p1b: Ceruledge|Shadow Sneak|p2a: Moltres\n|-damage|p2a: Moltres|7\/100\n|-damage|p1b: Ceruledge|55\/100 tox|[from] item: Rocky Helmet|[of] p2a: Moltres\n|move|p2a: Moltres|Roost|p2a: Moltres\n|-heal|p2a: Moltres|57\/100\n|-singleturn|p2a: Moltres|move: Roost\n|move|p2b: Goodra|Acid Armor|p2b: Goodra\n|-boost|p2b: Goodra|def|0\n|\n|-heal|p2a: Moltres|63\/100|[from] Grassy Terrain\n|-heal|p1b: Ceruledge|61\/100 tox|[from] Grassy Terrain\n|-heal|p1a: Sableye|100\/100|[from] Grassy Terrain\n|-damage|p1b: Ceruledge|36\/100 tox|[from] psn\n|-end|p2b: Goodra|Encore\n|upkeep\n|turn|5\n|\n|t:|1699852980\n|switch|p1b: Dragonite|Dragonite, F|100\/100\n|move|p2b: Goodra|Protect|p2b: Goodra\n|-singleturn|p2b: Goodra|Protect\n|move|p1a: Sableye|Encore|p2b: Goodra\n|-activate|p2b: Goodra|move: Protect\n|move|p2a: Moltres|Roost|p2a: Moltres\n|-heal|p2a: Moltres|100\/100\n|-singleturn|p2a: Moltres|move: Roost\n|\n|upkeep\n|turn|6\n|\n|t:|1699852997\n|-terastallize|p1b: Dragonite|Normal\n|move|p1b: Dragonite|Extreme Speed|p2a: Moltres\n|-damage|p2a: Moltres|27\/100\n|-damage|p1b: Dragonite|84\/100|[from] item: Rocky Helmet|[of] p2a: Moltres\n|move|p1a: Sableye|Encore|p2b: Goodra\n|-start|p2b: Goodra|Encore\n|move|p2a: Moltres|Heat Wave|p1a: Sableye|[spread] p1a,p1b\n|-crit|p1b: Dragonite\n|-damage|p1a: Sableye|76\/100\n|-damage|p1b: Dragonite|41\/100\n|move|p2b: Goodra|Protect||[still]\n|-fail|p2b: Goodra\n|\n|-heal|p1b: Dragonite|47\/100|[from] Grassy Terrain\n|-heal|p1a: Sableye|83\/100|[from] Grassy Terrain\n|upkeep\n|turn|7\n|\n|t:|1699853024\n|switch|p2a: Rillaboom|Rillaboom, M, shiny|100\/100\n|move|p2b: Goodra|Protect|p2b: Goodra\n|-singleturn|p2b: Goodra|Protect\n|move|p1b: Dragonite|Extreme Speed|p2a: Rillaboom\n|-damage|p2a: Rillaboom|37\/100\n|move|p1a: Sableye|Disable|p2b: Goodra\n|-activate|p2b: Goodra|move: Protect\n|\n|-heal|p1b: Dragonite|53\/100|[from] Grassy Terrain\n|-heal|p2a: Rillaboom|44\/100|[from] Grassy Terrain\n|-heal|p1a: Sableye|89\/100|[from] Grassy Terrain\n|-fieldend|move: Grassy Terrain\n|upkeep\n|turn|8\n|\n|t:|1699853035\n|switch|p1b: Ceruledge|Ceruledge, M|36\/100 tox\n|move|p2b: Goodra|Protect||[still]\n|-fail|p2b: Goodra\n|move|p2a: Rillaboom|Fake Out|p1b: Ceruledge\n|-immune|p1b: Ceruledge\n|move|p1a: Sableye|Disable|p2b: Goodra\n|-start|p2b: Goodra|Disable|Protect\n|\n|-damage|p1b: Ceruledge|30\/100 tox|[from] psn\n|-end|p2b: Goodra|Encore\n|-sideend|p1: FoolGroucho|move: Light Screen\n|upkeep\n|turn|9\n|\n|t:|1699853052\n|move|p1a: Sableye|Encore|p2b: Goodra\n|-start|p2b: Goodra|Encore\n|move|p1b: Ceruledge|Bitter Blade|p2a: Rillaboom\n|-supereffective|p2a: Rillaboom\n|-crit|p2a: Rillaboom\n|-damage|p2a: Rillaboom|0 fnt\n|-heal|p1b: Ceruledge|54\/100 tox|[from] drain|[of] p2a: Rillaboom\n|faint|p2a: Rillaboom\n|cant|p2b: Goodra|Disable|Protect\n|\n|-damage|p1b: Ceruledge|42\/100 tox|[from] psn\n|upkeep\n|\n|t:|1699853069\n|switch|p2a: Chien-Pao|Chien-Pao|100\/100\n|-ability|p2a: Chien-Pao|Sword of Ruin\n|turn|10\n|\n|t:|1699853090\n|move|p1a: Sableye|Reflect|p1a: Sableye\n|-sidestart|p1: FoolGroucho|Reflect\n|move|p2a: Chien-Pao|Crunch|p1b: Ceruledge\n|-supereffective|p1b: Ceruledge\n|-damage|p1b: Ceruledge|0 fnt\n|faint|p1b: Ceruledge\n|-activate|p2b: Goodra|move: Struggle\n|move|p2b: Goodra|Struggle|p1a: Sableye\n|-damage|p1a: Sableye|79\/100\n|-damage|p2b: Goodra|75\/100|[from] recoil\n|\n|-heal|p2b: Goodra|82\/100|[from] item: Leftovers\n|upkeep\n|\n|t:|1699853098\n|switch|p1b: Lilligant|Lilligant-Hisui, F|100\/100\n|turn|11\n|\n|t:|1699853110\n|move|p1a: Sableye|Light Screen|p1a: Sableye\n|-sidestart|p1: FoolGroucho|move: Light Screen\n|move|p2a: Chien-Pao|Icicle Crash|p1b: Lilligant\n|-supereffective|p1b: Lilligant\n|-enditem|p1b: Lilligant|Focus Sash\n|-damage|p1b: Lilligant|1\/100\n|cant|p1b: Lilligant|flinch\n|-activate|p2b: Goodra|move: Struggle\n|move|p2b: Goodra|Struggle|p1a: Sableye\n|-damage|p1a: Sableye|70\/100\n|-damage|p2b: Goodra|57\/100|[from] recoil\n|\n|-heal|p2b: Goodra|63\/100|[from] item: Leftovers\n|-end|p2b: Goodra|Encore\n|upkeep\n|turn|12\n|\n|t:|1699853130\n|switch|p1b: Rillaboom|Rillaboom, F|100\/100\n|-fieldstart|move: Grassy Terrain|[from] ability: Grassy Surge|[of] p1b: Rillaboom\n|move|p1a: Sableye|Encore||[still]\n|-fail|p1a: Sableye\n|move|p2a: Chien-Pao|Crunch|p1b: Rillaboom\n|-damage|p1b: Rillaboom|60\/100\n|move|p2b: Goodra|Life Dew||[still]|[spread] p2a,p2b\n|-fail|p2a: Chien-Pao|heal\n|-heal|p2b: Goodra|88\/100\n|\n|-heal|p1b: Rillaboom|66\/100|[from] Grassy Terrain\n|-heal|p2b: Goodra|94\/100|[from] Grassy Terrain\n|-heal|p2b: Goodra|99\/100|[from] item: Leftovers\n|-heal|p1a: Sableye|76\/100|[from] Grassy Terrain\n|-end|p2b: Goodra|Disable\n|upkeep\n|turn|13\n|\n|t:|1699853148\n|move|p1a: Sableye|Encore|p2b: Goodra\n|-start|p2b: Goodra|Encore\n|move|p2a: Chien-Pao|Icicle Crash|p1b: Rillaboom\n|-supereffective|p1b: Rillaboom\n|-damage|p1b: Rillaboom|0 fnt\n|faint|p1b: Rillaboom\n|move|p2b: Goodra|Life Dew||[still]|[spread] p2a,p2b\n|-fail|p2a: Chien-Pao|heal\n|-heal|p2b: Goodra|100\/100\n|\n|-heal|p1a: Sableye|82\/100|[from] Grassy Terrain\n|upkeep\n|-message|FoolGroucho forfeited.\n|\n|win|aster1717\n|raw|FoolGroucho's rating: 1461 &rarr; <strong>1440<\/strong><br \/>(-21 for losing)\n|raw|aster1717's rating: 1442 &rarr; <strong>1463<\/strong><br \/>(+21 for winning)\n|l|\u2606FoolGroucho\n","uploadtime":1699853165,"views":11,"p1id":"foolgroucho","p2id":"aster1717","formatid":"gen9doublesou","rating":1440,"private":0,"password":""}