{"id":"gen9doublesou-1996669606","p1":"Light kitten","p2":"misty0911","format":"[Gen 9] Doubles OU","log":"|j|\u2606Light kitten\n|j|\u2606misty0911\n|t:|1700707544\n|gametype|doubles\n|player|p1|Light kitten|170|1217\n|player|p2|misty0911|misty|1330\n|teamsize|p1|6\n|teamsize|p2|6\n|gen|9\n|tier|[Gen 9] Doubles OU\n|rated|\n|rule|Species Clause: Limit one of each Pok\u00e9mon\n|rule|OHKO Clause: OHKO moves are banned\n|rule|Evasion Moves Clause: Evasion moves are banned\n|rule|Gravity Sleep Clause: The combination of sleep-inducing moves with imperfect accuracy and Gravity or Gigantamax Orbeetle are banned\n|rule|Endless Battle Clause: Forcing endless battles is banned\n|rule|HP Percentage Mod: HP is shown in percentages\n|clearpoke\n|poke|p1|Scovillain, F|\n|poke|p1|Torkoal, M|\n|poke|p1|Ninetales, F|\n|poke|p1|Ogerpon-Hearthflame, F|\n|poke|p1|Charizard, F|\n|poke|p1|Chi-Yu|\n|poke|p2|Politoed, F|\n|poke|p2|Ludicolo, M|\n|poke|p2|Poliwrath, M|\n|poke|p2|Gastrodon-East, F|\n|poke|p2|Pelipper, M|\n|poke|p2|Ogerpon-Wellspring, F|\n|teampreview\n|\n|t:|1700707553\n|start\n|switch|p1a: Scovillain|Scovillain, F|100\/100\n|switch|p1b: Torkoal|Torkoal, M|100\/100\n|switch|p2a: Ludicolo|Ludicolo, M|100\/100\n|switch|p2b: Gastrodon|Gastrodon-East, F|100\/100\n|-weather|SunnyDay|[from] ability: Drought|[of] p1b: Torkoal\n|turn|1\n|\n|t:|1700707570\n|switch|p2b: Politoed|Politoed, F|100\/100\n|-weather|RainDance|[from] ability: Drizzle|[of] p2b: Politoed\n|move|p1a: Scovillain|Protect|p1a: Scovillain\n|-singleturn|p1a: Scovillain|Protect\n|move|p1b: Torkoal|Protect|p1b: Torkoal\n|-singleturn|p1b: Torkoal|Protect\n|move|p2a: Ludicolo|Fake Out|p1a: Scovillain\n|-activate|p1a: Scovillain|move: Protect\n|\n|-weather|RainDance|[upkeep]\n|-ability|p1a: Scovillain|Moody|boost\n|-boost|p1a: Scovillain|spd|2\n|-unboost|p1a: Scovillain|atk|1\n|upkeep\n|turn|2\n|\n|t:|1700707596\n|switch|p2b: Pelipper|Pelipper, M|100\/100\n|switch|p1b: Ninetales|Ninetales, F|100\/100\n|-weather|SunnyDay|[from] ability: Drought|[of] p1b: Ninetales\n|move|p2a: Ludicolo|Surf|p1a: Scovillain|[spread] p2b,p1a,p1b\n|-resisted|p2b: Pelipper\n|-crit|p1a: Scovillain\n|-supereffective|p1b: Ninetales\n|-damage|p2b: Pelipper|87\/100\n|-damage|p1a: Scovillain|57\/100\n|-damage|p1b: Ninetales|53\/100\n|-enditem|p2b: Pelipper|Luminous Moss\n|-boost|p2b: Pelipper|spd|1|[from] item: Luminous Moss\n|-damage|p2a: Ludicolo|91\/100|[from] item: Life Orb\n|move|p1a: Scovillain|Energy Ball|p2b: Pelipper\n|-damage|p2b: Pelipper|41\/100\n|\n|-weather|SunnyDay|[upkeep]\n|-heal|p1a: Scovillain|63\/100|[from] item: Leftovers\n|-ability|p1a: Scovillain|Moody|boost\n|-boost|p1a: Scovillain|def|2\n|-unboost|p1a: Scovillain|spd|1\n|upkeep\n|turn|3\n|\n|t:|1700707643\n|move|p1b: Ninetales|Protect|p1b: Ninetales\n|-singleturn|p1b: Ninetales|Protect\n|move|p1a: Scovillain|Protect|p1a: Scovillain\n|-singleturn|p1a: Scovillain|Protect\n|move|p2a: Ludicolo|Surf|p1a: Scovillain|[spread] p2b\n|-activate|p1a: Scovillain|move: Protect\n|-activate|p1b: Ninetales|move: Protect\n|-resisted|p2b: Pelipper\n|-damage|p2b: Pelipper|33\/100\n|-damage|p2a: Ludicolo|81\/100|[from] item: Life Orb\n|move|p2b: Pelipper|Tailwind|p2b: Pelipper\n|-sidestart|p2: misty0911|move: Tailwind\n|\n|-weather|SunnyDay|[upkeep]\n|-heal|p1a: Scovillain|69\/100|[from] item: Leftovers\n|-ability|p1a: Scovillain|Moody|boost\n|-boost|p1a: Scovillain|spa|2\n|-unboost|p1a: Scovillain|atk|1\n|upkeep\n|turn|4\n|\n|t:|1700707668\n|switch|p1b: Ogerpon|Ogerpon-Hearthflame, F|100\/100\n|-ability|p1b: Ogerpon|Mold Breaker\n|move|p2a: Ludicolo|Surf|p1a: Scovillain|[spread] p2b,p1a,p1b\n|-resisted|p2b: Pelipper\n|-crit|p2b: Pelipper\n|-damage|p2b: Pelipper|13\/100\n|-damage|p1a: Scovillain|51\/100\n|-damage|p1b: Ogerpon|77\/100\n|-damage|p2a: Ludicolo|71\/100|[from] item: Life Orb\n|move|p2b: Pelipper|Surf|p1a: Scovillain|[spread] p2a,p1a,p1b\n|-resisted|p2a: Ludicolo\n|-damage|p2a: Ludicolo|67\/100\n|-damage|p1a: Scovillain|41\/100\n|-damage|p1b: Ogerpon|63\/100\n|move|p1a: Scovillain|Energy Ball|p2b: Pelipper\n|-damage|p2b: Pelipper|0 fnt\n|faint|p2b: Pelipper\n|\n|-weather|SunnyDay|[upkeep]\n|-heal|p1a: Scovillain|47\/100|[from] item: Leftovers\n|-ability|p1a: Scovillain|Moody|boost\n|-boost|p1a: Scovillain|def|2\n|-unboost|p1a: Scovillain|spd|1\n|upkeep\n|\n|t:|1700707689\n|switch|p2b: Politoed|Politoed, F|100\/100\n|-weather|RainDance|[from] ability: Drizzle|[of] p2b: Politoed\n|turn|5\n|\n|t:|1700707696\n|switch|p2b: Gastrodon|Gastrodon-East, F|100\/100\n|switch|p1b: Torkoal|Torkoal, M|100\/100\n|-weather|SunnyDay|[from] ability: Drought|[of] p1b: Torkoal\n|move|p1a: Scovillain|Protect|p1a: Scovillain\n|-singleturn|p1a: Scovillain|Protect\n|move|p2a: Ludicolo|Surf|p1a: Scovillain|[spread] p1b\n|-activate|p1a: Scovillain|move: Protect\n|-ability|p2b: Gastrodon|Storm Drain|boost\n|-boost|p2b: Gastrodon|spa|1\n|-supereffective|p1b: Torkoal\n|-damage|p1b: Torkoal|46\/100\n|-damage|p2a: Ludicolo|57\/100|[from] item: Life Orb\n|\n|-weather|SunnyDay|[upkeep]\n|-heal|p1a: Scovillain|53\/100|[from] item: Leftovers\n|-ability|p1a: Scovillain|Moody|boost\n|-boost|p1a: Scovillain|spe|2\n|-unboost|p1a: Scovillain|spd|1\n|upkeep\n|turn|6\n|\n|t:|1700707723\n|-terastallize|p2b: Gastrodon|Grass\n|move|p2a: Ludicolo|Surf|p1b: Torkoal|[spread] p1a,p1b\n|-ability|p2b: Gastrodon|Storm Drain|boost\n|-boost|p2b: Gastrodon|spa|1\n|-supereffective|p1b: Torkoal\n|-damage|p1a: Scovillain|14\/100\n|-damage|p1b: Torkoal|0 fnt\n|faint|p1b: Torkoal\n|-damage|p2a: Ludicolo|47\/100|[from] item: Life Orb\n|move|p1a: Scovillain|Energy Ball|p2b: Gastrodon\n|-resisted|p2b: Gastrodon\n|-damage|p2b: Gastrodon|73\/100\n|move|p2b: Gastrodon|Surf|p1a: Scovillain|[spread] p2a,p1a\n|-resisted|p2a: Ludicolo\n|-damage|p2a: Ludicolo|39\/100\n|-damage|p1a: Scovillain|0 fnt\n|faint|p1a: Scovillain\n|\n|-weather|SunnyDay|[upkeep]\n|-sideend|p2: misty0911|move: Tailwind\n|upkeep\n|\n|t:|1700707742\n|switch|p1a: Charizard|Charizard, F|100\/100\n|switch|p1b: Ogerpon|Ogerpon-Hearthflame, F|63\/100\n|-ability|p1b: Ogerpon|Mold Breaker\n|turn|7\n|\n|t:|1700707760\n|switch|p2a: Politoed|Politoed, F|100\/100\n|-weather|RainDance|[from] ability: Drizzle|[of] p2a: Politoed\n|move|p1b: Ogerpon|Ivy Cudgel|p2a: Politoed|[anim] Ivy Cudgel Fire\n|-resisted|p2a: Politoed\n|-damage|p2a: Politoed|83\/100\n|move|p1a: Charizard|Heat Wave|p2a: Politoed|[spread] p2a,p2b\n|-resisted|p2a: Politoed\n|-supereffective|p2b: Gastrodon\n|-damage|p2a: Politoed|74\/100\n|-damage|p2b: Gastrodon|48\/100\n|-damage|p1a: Charizard|91\/100|[from] item: Life Orb\n|move|p2b: Gastrodon|Surf|p1b: Ogerpon|[spread] p2a,p1a,p1b\n|-resisted|p2a: Politoed\n|-supereffective|p1a: Charizard\n|-damage|p2a: Politoed|36\/100\n|-damage|p1a: Charizard|0 fnt\n|-damage|p1b: Ogerpon|0 fnt\n|-enditem|p2a: Politoed|Absorb Bulb\n|-boost|p2a: Politoed|spa|1|[from] item: Absorb Bulb\n|faint|p1a: Charizard\n|faint|p1b: Ogerpon\n|\n|-weather|RainDance|[upkeep]\n|upkeep\n|\n|t:|1700707781\n|switch|p1b: Chi-Yu|Chi-Yu|100\/100\n|switch|p1a: Ninetales|Ninetales, F|53\/100\n|-ability|p1b: Chi-Yu|Beads of Ruin\n|-weather|SunnyDay|[from] ability: Drought|[of] p1a: Ninetales\n|turn|8\n|\n|t:|1700707798\n|switch|p2a: Poliwrath|Poliwrath, M|100\/100\n|move|p1a: Ninetales|Solar Beam||[still]\n|-prepare|p1a: Ninetales|Solar Beam\n|-anim|p1a: Ninetales|Solar Beam|p2a: Poliwrath\n|-supereffective|p2a: Poliwrath\n|-damage|p2a: Poliwrath|0 fnt\n|faint|p2a: Poliwrath\n|move|p1b: Chi-Yu|Heat Wave|p2b: Gastrodon\n|-supereffective|p2b: Gastrodon\n|-damage|p2b: Gastrodon|0 fnt\n|faint|p2b: Gastrodon\n|\n|-weather|SunnyDay|[upkeep]\n|upkeep\n|\n|t:|1700707811\n|switch|p2a: Ludicolo|Ludicolo, M|39\/100\n|switch|p2b: Politoed|Politoed, F|36\/100\n|-weather|RainDance|[from] ability: Drizzle|[of] p2b: Politoed\n|turn|9\n|\n|t:|1700707820\n|move|p2b: Politoed|Helping Hand|p2a: Ludicolo\n|-singleturn|p2a: Ludicolo|Helping Hand|[of] p2b: Politoed\n|move|p2a: Ludicolo|Surf|p1b: Chi-Yu|[spread] p2b,p1a,p1b\n|-resisted|p2b: Politoed\n|-supereffective|p1a: Ninetales\n|-supereffective|p1b: Chi-Yu\n|-damage|p2b: Politoed|0 fnt\n|-damage|p1a: Ninetales|0 fnt\n|-damage|p1b: Chi-Yu|0 fnt\n|faint|p2b: Politoed\n|faint|p1a: Ninetales\n|faint|p1b: Chi-Yu\n|-damage|p2a: Ludicolo|29\/100|[from] item: Life Orb\n|\n|win|misty0911\n|raw|Light kitten's rating: 1217 &rarr; <strong>1200<\/strong><br \/>(-17 for losing)\n|raw|misty0911's rating: 1330 &rarr; <strong>1344<\/strong><br \/>(+14 for winning)\n|c|\u2606misty0911|gg\n|c|\u2606Light kitten|Gg\n|c|\u2606misty0911|nicr weather changes\n|c|\u2606Light kitten|You too\n","uploadtime":1700707849,"views":10,"p1id":"lightkitten","p2id":"misty0911","formatid":"gen9doublesou","rating":1200,"private":0,"password":""}