{"id":"gen9doublesou-1997570113","p1":"Xiaobifuu","p2":"OPieceOfHeroGhost","format":"[Gen 9] Doubles OU","log":"|j|\u2606Xiaobifuu\n|j|\u2606OPieceOfHeroGhost\n|t:|1700827033\n|gametype|doubles\n|player|p1|Xiaobifuu|102|1492\n|player|p2|OPieceOfHeroGhost|morty|1432\n|teamsize|p1|6\n|teamsize|p2|6\n|gen|9\n|tier|[Gen 9] Doubles OU\n|rated|\n|rule|Species Clause: Limit one of each Pok\u00e9mon\n|rule|OHKO Clause: OHKO moves are banned\n|rule|Evasion Moves Clause: Evasion moves are banned\n|rule|Gravity Sleep Clause: The combination of sleep-inducing moves with imperfect accuracy and Gravity or Gigantamax Orbeetle are banned\n|rule|Endless Battle Clause: Forcing endless battles is banned\n|rule|HP Percentage Mod: HP is shown in percentages\n|clearpoke\n|poke|p1|Iron Hands|\n|poke|p1|Chien-Pao|\n|poke|p1|Dragonite, M|\n|poke|p1|Flutter Mane|\n|poke|p1|Glimmora, F|\n|poke|p1|Tauros-Paldea-Aqua, M|\n|poke|p2|Gholdengo|\n|poke|p2|Flutter Mane|\n|poke|p2|Landorus-Therian, M|\n|poke|p2|Clefairy, F|\n|poke|p2|Rillaboom, F|\n|poke|p2|Ogerpon-Wellspring, F|\n|teampreview\n|\n|t:|1700827039\n|start\n|switch|p1a: Glimmora|Glimmora, F|100\/100\n|switch|p1b: Tauros|Tauros-Paldea-Aqua, M|100\/100\n|switch|p2a: \u989d\u554a\uff01\u6dd8\u91d1\u6f6e\uff5e\uff5e|Gholdengo|100\/100\n|switch|p2b: \u7ed9\u5927\u5bb6\u732e\u6b4c\u4e00\u66f2\u554a|Flutter Mane|100\/100\n|-ability|p1b: Tauros|Intimidate|boost\n|-unboost|p2a: \u989d\u554a\uff01\u6dd8\u91d1\u6f6e\uff5e\uff5e|atk|1\n|-unboost|p2b: \u7ed9\u5927\u5bb6\u732e\u6b4c\u4e00\u66f2\u554a|atk|1\n|turn|1\n|\n|t:|1700827063\n|move|p1b: Tauros|Protect|p1b: Tauros\n|-singleturn|p1b: Tauros|Protect\n|move|p2b: \u7ed9\u5927\u5bb6\u732e\u6b4c\u4e00\u66f2\u554a|Perish Song|p2b: \u7ed9\u5927\u5bb6\u732e\u6b4c\u4e00\u66f2\u554a\n|-start|p1a: Glimmora|perish3|[silent]\n|-start|p1b: Tauros|perish3|[silent]\n|-immune|p2a: \u989d\u554a\uff01\u6dd8\u91d1\u6f6e\uff5e\uff5e|[from] ability: Good as Gold\n|-start|p2b: \u7ed9\u5927\u5bb6\u732e\u6b4c\u4e00\u66f2\u554a|perish3|[silent]\n|-fieldactivate|move: Perish Song\n|move|p1a: Glimmora|Earth Power|p2a: \u989d\u554a\uff01\u6dd8\u91d1\u6f6e\uff5e\uff5e\n|-supereffective|p2a: \u989d\u554a\uff01\u6dd8\u91d1\u6f6e\uff5e\uff5e\n|-damage|p2a: \u989d\u554a\uff01\u6dd8\u91d1\u6f6e\uff5e\uff5e|31\/100\n|move|p2a: \u989d\u554a\uff01\u6dd8\u91d1\u6f6e\uff5e\uff5e|Nasty Plot|p2a: \u989d\u554a\uff01\u6dd8\u91d1\u6f6e\uff5e\uff5e\n|-boost|p2a: \u989d\u554a\uff01\u6dd8\u91d1\u6f6e\uff5e\uff5e|spa|2\n|\n|-heal|p2a: \u989d\u554a\uff01\u6dd8\u91d1\u6f6e\uff5e\uff5e|37\/100|[from] item: Leftovers\n|-start|p2b: \u7ed9\u5927\u5bb6\u732e\u6b4c\u4e00\u66f2\u554a|perish3\n|-start|p1b: Tauros|perish3\n|-start|p1a: Glimmora|perish3\n|upkeep\n|turn|2\n|\n|t:|1700827085\n|move|p2a: \u989d\u554a\uff01\u6dd8\u91d1\u6f6e\uff5e\uff5e|Protect|p2a: \u989d\u554a\uff01\u6dd8\u91d1\u6f6e\uff5e\uff5e\n|-singleturn|p2a: \u989d\u554a\uff01\u6dd8\u91d1\u6f6e\uff5e\uff5e|Protect\n|move|p2b: \u7ed9\u5927\u5bb6\u732e\u6b4c\u4e00\u66f2\u554a|Icy Wind|p1a: Glimmora|[spread] p1a,p1b\n|-resisted|p1b: Tauros\n|-damage|p1a: Glimmora|80\/100\n|-damage|p1b: Tauros|89\/100\n|-unboost|p1a: Glimmora|spe|1\n|-unboost|p1b: Tauros|spe|1\n|move|p1b: Tauros|Raging Bull|p2b: \u7ed9\u5927\u5bb6\u732e\u6b4c\u4e00\u66f2\u554a\n|-enditem|p2b: \u7ed9\u5927\u5bb6\u732e\u6b4c\u4e00\u66f2\u554a|Focus Sash\n|-damage|p2b: \u7ed9\u5927\u5bb6\u732e\u6b4c\u4e00\u66f2\u554a|1\/100\n|-damage|p1b: Tauros|79\/100|[from] item: Life Orb\n|move|p1a: Glimmora|Earth Power|p2a: \u989d\u554a\uff01\u6dd8\u91d1\u6f6e\uff5e\uff5e\n|-activate|p2a: \u989d\u554a\uff01\u6dd8\u91d1\u6f6e\uff5e\uff5e|move: Protect\n|\n|-heal|p2a: \u989d\u554a\uff01\u6dd8\u91d1\u6f6e\uff5e\uff5e|43\/100|[from] item: Leftovers\n|-start|p2b: \u7ed9\u5927\u5bb6\u732e\u6b4c\u4e00\u66f2\u554a|perish2\n|-start|p1b: Tauros|perish2\n|-start|p1a: Glimmora|perish2\n|upkeep\n|turn|3\n|j| DjShinySilver\n|\n|t:|1700827118\n|-end|p2b: \u7ed9\u5927\u5bb6\u732e\u6b4c\u4e00\u66f2\u554a|Protosynthesis|[silent]\n|switch|p2b: \u624b\u5de5\u803f|Rillaboom, F|100\/100\n|-fieldstart|move: Grassy Terrain|[from] ability: Grassy Surge|[of] p2b: \u624b\u5de5\u803f\n|move|p1b: Tauros|Aqua Jet|p2b: \u624b\u5de5\u803f\n|-resisted|p2b: \u624b\u5de5\u803f\n|-damage|p2b: \u624b\u5de5\u803f|90\/100\n|-damage|p1b: Tauros|69\/100|[from] item: Life Orb\n|move|p2a: \u989d\u554a\uff01\u6dd8\u91d1\u6f6e\uff5e\uff5e|Make It Rain|p1b: Tauros|[spread] p1a,p1b\n|-supereffective|p1a: Glimmora\n|-resisted|p1b: Tauros\n|-damage|p1a: Glimmora|0 fnt\n|-damage|p1b: Tauros|8\/100\n|-unboost|p2a: \u989d\u554a\uff01\u6dd8\u91d1\u6f6e\uff5e\uff5e|spa|1\n|faint|p1a: Glimmora\n|\n|-heal|p2b: \u624b\u5de5\u803f|96\/100|[from] Grassy Terrain\n|-heal|p1b: Tauros|15\/100|[from] Grassy Terrain\n|-heal|p2a: \u989d\u554a\uff01\u6dd8\u91d1\u6f6e\uff5e\uff5e|50\/100|[from] Grassy Terrain\n|-heal|p2a: \u989d\u554a\uff01\u6dd8\u91d1\u6f6e\uff5e\uff5e|56\/100|[from] item: Leftovers\n|-start|p1b: Tauros|perish1\n|upkeep\n|\n|t:|1700827151\n|switch|p1a: Flutter Mane|Flutter Mane|100\/100\n|-enditem|p1a: Flutter Mane|Booster Energy\n|-activate|p1a: Flutter Mane|ability: Protosynthesis|[fromitem]\n|-start|p1a: Flutter Mane|protosynthesisspa\n|turn|4\n|\n|t:|1700827161\n|switch|p1b: Dragonite|Dragonite, M|100\/100\n|move|p2a: \u989d\u554a\uff01\u6dd8\u91d1\u6f6e\uff5e\uff5e|Protect|p2a: \u989d\u554a\uff01\u6dd8\u91d1\u6f6e\uff5e\uff5e\n|-singleturn|p2a: \u989d\u554a\uff01\u6dd8\u91d1\u6f6e\uff5e\uff5e|Protect\n|move|p2b: \u624b\u5de5\u803f|Grassy Glide|p1a: Flutter Mane\n|-damage|p1a: Flutter Mane|49\/100\n|move|p1a: Flutter Mane|Shadow Ball|p2a: \u989d\u554a\uff01\u6dd8\u91d1\u6f6e\uff5e\uff5e\n|-activate|p2a: \u989d\u554a\uff01\u6dd8\u91d1\u6f6e\uff5e\uff5e|move: Protect\n|\n|-heal|p1a: Flutter Mane|56\/100|[from] Grassy Terrain\n|-heal|p2b: \u624b\u5de5\u803f|100\/100|[from] Grassy Terrain\n|-heal|p2a: \u989d\u554a\uff01\u6dd8\u91d1\u6f6e\uff5e\uff5e|62\/100|[from] Grassy Terrain\n|-heal|p2a: \u989d\u554a\uff01\u6dd8\u91d1\u6f6e\uff5e\uff5e|68\/100|[from] item: Leftovers\n|upkeep\n|turn|5\n|\n|t:|1700827192\n|switch|p2a: \u522b\u770b\u4f60\u5988\u770b\u6211\u561b|Clefairy, F|100\/100\n|move|p1a: Flutter Mane|Shadow Ball|p2a: \u522b\u770b\u4f60\u5988\u770b\u6211\u561b\n|-damage|p2a: \u522b\u770b\u4f60\u5988\u770b\u6211\u561b|48\/100\n|move|p2b: \u624b\u5de5\u803f|U-turn|p1a: Flutter Mane\n|-resisted|p1a: Flutter Mane\n|-damage|p1a: Flutter Mane|47\/100\n|\n|t:|1700827207\n|switch|p2b: \u7ed9\u5927\u5bb6\u732e\u6b4c\u4e00\u66f2\u554a|Flutter Mane|1\/100|[from] U-turn\n|move|p1b: Dragonite|Dragon Claw|p2b: \u7ed9\u5927\u5bb6\u732e\u6b4c\u4e00\u66f2\u554a\n|-immune|p2b: \u7ed9\u5927\u5bb6\u732e\u6b4c\u4e00\u66f2\u554a\n|\n|-heal|p2b: \u7ed9\u5927\u5bb6\u732e\u6b4c\u4e00\u66f2\u554a|7\/100|[from] Grassy Terrain\n|-heal|p1a: Flutter Mane|53\/100|[from] Grassy Terrain\n|-heal|p2a: \u522b\u770b\u4f60\u5988\u770b\u6211\u561b|54\/100|[from] Grassy Terrain\n|upkeep\n|turn|6\n|\n|t:|1700827224\n|-terastallize|p1b: Dragonite|Normal\n|move|p1a: Flutter Mane|Protect|p1a: Flutter Mane\n|-singleturn|p1a: Flutter Mane|Protect\n|move|p2a: \u522b\u770b\u4f60\u5988\u770b\u6211\u561b|Follow Me|p2a: \u522b\u770b\u4f60\u5988\u770b\u6211\u561b\n|-singleturn|p2a: \u522b\u770b\u4f60\u5988\u770b\u6211\u561b|move: Follow Me\n|move|p2b: \u7ed9\u5927\u5bb6\u732e\u6b4c\u4e00\u66f2\u554a|Moonblast|p1a: Flutter Mane\n|-activate|p1a: Flutter Mane|move: Protect\n|move|p1b: Dragonite|Iron Head|p2a: \u522b\u770b\u4f60\u5988\u770b\u6211\u561b\n|-supereffective|p2a: \u522b\u770b\u4f60\u5988\u770b\u6211\u561b\n|-damage|p2a: \u522b\u770b\u4f60\u5988\u770b\u6211\u561b|10\/100\n|\n|-heal|p2b: \u7ed9\u5927\u5bb6\u732e\u6b4c\u4e00\u66f2\u554a|13\/100|[from] Grassy Terrain\n|-heal|p1a: Flutter Mane|60\/100|[from] Grassy Terrain\n|-heal|p2a: \u522b\u770b\u4f60\u5988\u770b\u6211\u561b|16\/100|[from] Grassy Terrain\n|upkeep\n|turn|7\n|\n|t:|1700827251\n|move|p1b: Dragonite|Extreme Speed|p2a: \u522b\u770b\u4f60\u5988\u770b\u6211\u561b\n|-damage|p2a: \u522b\u770b\u4f60\u5988\u770b\u6211\u561b|0 fnt\n|faint|p2a: \u522b\u770b\u4f60\u5988\u770b\u6211\u561b\n|move|p2b: \u7ed9\u5927\u5bb6\u732e\u6b4c\u4e00\u66f2\u554a|Perish Song|p2b: \u7ed9\u5927\u5bb6\u732e\u6b4c\u4e00\u66f2\u554a\n|-start|p1a: Flutter Mane|perish3|[silent]\n|-start|p1b: Dragonite|perish3|[silent]\n|-start|p2b: \u7ed9\u5927\u5bb6\u732e\u6b4c\u4e00\u66f2\u554a|perish3|[silent]\n|-fieldactivate|move: Perish Song\n|move|p1a: Flutter Mane|Shadow Ball|p2b: \u7ed9\u5927\u5bb6\u732e\u6b4c\u4e00\u66f2\u554a\n|-supereffective|p2b: \u7ed9\u5927\u5bb6\u732e\u6b4c\u4e00\u66f2\u554a\n|-damage|p2b: \u7ed9\u5927\u5bb6\u732e\u6b4c\u4e00\u66f2\u554a|0 fnt\n|faint|p2b: \u7ed9\u5927\u5bb6\u732e\u6b4c\u4e00\u66f2\u554a\n|-end|p2b: \u7ed9\u5927\u5bb6\u732e\u6b4c\u4e00\u66f2\u554a|Protosynthesis|[silent]\n|\n|-heal|p1a: Flutter Mane|66\/100|[from] Grassy Terrain\n|-start|p1a: Flutter Mane|perish3\n|-start|p1b: Dragonite|perish3\n|-fieldend|move: Grassy Terrain\n|upkeep\n|\n|t:|1700827260\n|switch|p2b: \u624b\u5de5\u803f|Rillaboom, F|100\/100\n|switch|p2a: \u989d\u554a\uff01\u6dd8\u91d1\u6f6e\uff5e\uff5e|Gholdengo|68\/100\n|-fieldstart|move: Grassy Terrain|[from] ability: Grassy Surge|[of] p2b: \u624b\u5de5\u803f\n|turn|8\n|\n|t:|1700827281\n|move|p2a: \u989d\u554a\uff01\u6dd8\u91d1\u6f6e\uff5e\uff5e|Protect|p2a: \u989d\u554a\uff01\u6dd8\u91d1\u6f6e\uff5e\uff5e\n|-singleturn|p2a: \u989d\u554a\uff01\u6dd8\u91d1\u6f6e\uff5e\uff5e|Protect\n|move|p1b: Dragonite|Extreme Speed|p2b: \u624b\u5de5\u803f\n|-damage|p2b: \u624b\u5de5\u803f|60\/100\n|move|p2b: \u624b\u5de5\u803f|Grassy Glide|p1a: Flutter Mane\n|-crit|p1a: Flutter Mane\n|-damage|p1a: Flutter Mane|0 fnt\n|faint|p1a: Flutter Mane\n|-end|p1a: Flutter Mane|Protosynthesis|[silent]\n|\n|-heal|p2b: \u624b\u5de5\u803f|66\/100|[from] Grassy Terrain\n|-heal|p2a: \u989d\u554a\uff01\u6dd8\u91d1\u6f6e\uff5e\uff5e|75\/100|[from] Grassy Terrain\n|-heal|p2a: \u989d\u554a\uff01\u6dd8\u91d1\u6f6e\uff5e\uff5e|81\/100|[from] item: Leftovers\n|-start|p1b: Dragonite|perish2\n|upkeep\n|j| hxyhaoshuai\n|\n|t:|1700827299\n|switch|p1a: Iron Hands|Iron Hands|100\/100\n|turn|9\n|\n|t:|1700827309\n|switch|p2b: \u76d6\u8bfa\u8d5b\u514b\u7279|Landorus-Therian, M|100\/100\n|-ability|p2b: \u76d6\u8bfa\u8d5b\u514b\u7279|Intimidate|boost\n|-unboost|p1a: Iron Hands|atk|1\n|-unboost|p1b: Dragonite|atk|1\n|switch|p1b: Tauros|Tauros-Paldea-Aqua, M|15\/100\n|-ability|p1b: Tauros|Intimidate|boost\n|-unboost|p2a: \u989d\u554a\uff01\u6dd8\u91d1\u6f6e\uff5e\uff5e|atk|1\n|-unboost|p2b: \u76d6\u8bfa\u8d5b\u514b\u7279|atk|1\n|move|p2a: \u989d\u554a\uff01\u6dd8\u91d1\u6f6e\uff5e\uff5e|Nasty Plot|p2a: \u989d\u554a\uff01\u6dd8\u91d1\u6f6e\uff5e\uff5e\n|-boost|p2a: \u989d\u554a\uff01\u6dd8\u91d1\u6f6e\uff5e\uff5e|spa|2\n|move|p1a: Iron Hands|Drain Punch|p2b: \u76d6\u8bfa\u8d5b\u514b\u7279\n|-resisted|p2b: \u76d6\u8bfa\u8d5b\u514b\u7279\n|-damage|p2b: \u76d6\u8bfa\u8d5b\u514b\u7279|83\/100\n|\n|-heal|p1b: Tauros|21\/100|[from] Grassy Terrain\n|-heal|p2a: \u989d\u554a\uff01\u6dd8\u91d1\u6f6e\uff5e\uff5e|87\/100|[from] Grassy Terrain\n|-heal|p2a: \u989d\u554a\uff01\u6dd8\u91d1\u6f6e\uff5e\uff5e|93\/100|[from] item: Leftovers\n|upkeep\n|turn|10\n|\n|t:|1700827336\n|move|p2b: \u76d6\u8bfa\u8d5b\u514b\u7279|U-turn|p1b: Tauros\n|-resisted|p1b: Tauros\n|-damage|p1b: Tauros|10\/100\n|\n|t:|1700827346\n|switch|p2b: \u5454\uff01_______.\uff08149\u5206\uff09|Ogerpon-Wellspring, F|100\/100|[from] U-turn\n|move|p1b: Tauros|Raging Bull|p2b: \u5454\uff01_______.\uff08149\u5206\uff09\n|-immune|p2b: \u5454\uff01_______.\uff08149\u5206\uff09|[from] ability: Water Absorb\n|move|p2a: \u989d\u554a\uff01\u6dd8\u91d1\u6f6e\uff5e\uff5e|Nasty Plot|p2a: \u989d\u554a\uff01\u6dd8\u91d1\u6f6e\uff5e\uff5e\n|-boost|p2a: \u989d\u554a\uff01\u6dd8\u91d1\u6f6e\uff5e\uff5e|spa|2\n|move|p1a: Iron Hands|Wild Charge|p2a: \u989d\u554a\uff01\u6dd8\u91d1\u6f6e\uff5e\uff5e\n|-damage|p2a: \u989d\u554a\uff01\u6dd8\u91d1\u6f6e\uff5e\uff5e|67\/100\n|-damage|p1a: Iron Hands|96\/100|[from] Recoil\n|\n|-heal|p1b: Tauros|16\/100|[from] Grassy Terrain\n|-heal|p2a: \u989d\u554a\uff01\u6dd8\u91d1\u6f6e\uff5e\uff5e|73\/100|[from] Grassy Terrain\n|-heal|p2a: \u989d\u554a\uff01\u6dd8\u91d1\u6f6e\uff5e\uff5e|80\/100|[from] item: Leftovers\n|-heal|p1a: Iron Hands|100\/100|[from] Grassy Terrain\n|upkeep\n|turn|11\n|l| hxyhaoshuai\n|\n|t:|1700827377\n|move|p2b: \u5454\uff01_______.\uff08149\u5206\uff09|Grassy Glide|p1b: Tauros\n|-supereffective|p1b: Tauros\n|-damage|p1b: Tauros|0 fnt\n|faint|p1b: Tauros\n|move|p2a: \u989d\u554a\uff01\u6dd8\u91d1\u6f6e\uff5e\uff5e|Nasty Plot|p2a: \u989d\u554a\uff01\u6dd8\u91d1\u6f6e\uff5e\uff5e\n|-boost|p2a: \u989d\u554a\uff01\u6dd8\u91d1\u6f6e\uff5e\uff5e|spa|2\n|move|p1a: Iron Hands|Drain Punch|p2b: \u5454\uff01_______.\uff08149\u5206\uff09\n|-damage|p2b: \u5454\uff01_______.\uff08149\u5206\uff09|71\/100\n|\n|-heal|p2b: \u5454\uff01_______.\uff08149\u5206\uff09|77\/100|[from] Grassy Terrain\n|-heal|p2a: \u989d\u554a\uff01\u6dd8\u91d1\u6f6e\uff5e\uff5e|86\/100|[from] Grassy Terrain\n|-heal|p2a: \u989d\u554a\uff01\u6dd8\u91d1\u6f6e\uff5e\uff5e|92\/100|[from] item: Leftovers\n|upkeep\n|\n|t:|1700827399\n|switch|p1b: Chien-Pao|Chien-Pao|100\/100\n|-ability|p1b: Chien-Pao|Sword of Ruin\n|turn|12\n|\n|t:|1700827419\n|move|p2a: \u989d\u554a\uff01\u6dd8\u91d1\u6f6e\uff5e\uff5e|Protect|p2a: \u989d\u554a\uff01\u6dd8\u91d1\u6f6e\uff5e\uff5e\n|-singleturn|p2a: \u989d\u554a\uff01\u6dd8\u91d1\u6f6e\uff5e\uff5e|Protect\n|move|p1b: Chien-Pao|Sucker Punch||[still]\n|-fail|p1b: Chien-Pao\n|move|p2b: \u5454\uff01_______.\uff08149\u5206\uff09|Ivy Cudgel|p1b: Chien-Pao|[anim] Ivy Cudgel Water\n|-damage|p1b: Chien-Pao|28\/100\n|move|p1a: Iron Hands|Heavy Slam|p2b: \u5454\uff01_______.\uff08149\u5206\uff09\n|-resisted|p2b: \u5454\uff01_______.\uff08149\u5206\uff09\n|-damage|p2b: \u5454\uff01_______.\uff08149\u5206\uff09|59\/100\n|\n|-heal|p1b: Chien-Pao|34\/100|[from] Grassy Terrain\n|-heal|p2b: \u5454\uff01_______.\uff08149\u5206\uff09|65\/100|[from] Grassy Terrain\n|-heal|p2a: \u989d\u554a\uff01\u6dd8\u91d1\u6f6e\uff5e\uff5e|98\/100|[from] Grassy Terrain\n|-heal|p2a: \u989d\u554a\uff01\u6dd8\u91d1\u6f6e\uff5e\uff5e|100\/100|[from] item: Leftovers\n|-fieldend|move: Grassy Terrain\n|upkeep\n|turn|13\n|l| DjShinySilver\n|\n|t:|1700827444\n|switch|p1b: Dragonite|Dragonite, M, tera:Normal|100\/100\n|-terastallize|p2a: \u989d\u554a\uff01\u6dd8\u91d1\u6f6e\uff5e\uff5e|Flying\n|move|p2b: \u5454\uff01_______.\uff08149\u5206\uff09|Ivy Cudgel|p1a: Iron Hands|[anim] Ivy Cudgel Water\n|-damage|p1a: Iron Hands|65\/100\n|move|p2a: \u989d\u554a\uff01\u6dd8\u91d1\u6f6e\uff5e\uff5e|Make It Rain|p1b: Dragonite|[spread] p1a,p1b\n|-resisted|p1a: Iron Hands\n|-damage|p1a: Iron Hands|15\/100\n|-damage|p1b: Dragonite|55\/100\n|-unboost|p2a: \u989d\u554a\uff01\u6dd8\u91d1\u6f6e\uff5e\uff5e|spa|1\n|move|p1a: Iron Hands|Drain Punch|p2b: \u5454\uff01_______.\uff08149\u5206\uff09\n|-damage|p2b: \u5454\uff01_______.\uff08149\u5206\uff09|39\/100\n|-heal|p1a: Iron Hands|24\/100|[from] drain|[of] p2b: \u5454\uff01_______.\uff08149\u5206\uff09\n|\n|upkeep\n|turn|14\n|\n|t:|1700827497\n|switch|p2b: \u624b\u5de5\u803f|Rillaboom, F|66\/100\n|-fieldstart|move: Grassy Terrain|[from] ability: Grassy Surge|[of] p2b: \u624b\u5de5\u803f\n|move|p1b: Dragonite|Extreme Speed|p2b: \u624b\u5de5\u803f\n|-damage|p2b: \u624b\u5de5\u803f|22\/100\n|move|p2a: \u989d\u554a\uff01\u6dd8\u91d1\u6f6e\uff5e\uff5e|Make It Rain|p1b: Dragonite|[spread] p1a,p1b\n|-resisted|p1a: Iron Hands\n|-damage|p1a: Iron Hands|0 fnt\n|-damage|p1b: Dragonite|0 fnt\n|-unboost|p2a: \u989d\u554a\uff01\u6dd8\u91d1\u6f6e\uff5e\uff5e|spa|1\n|faint|p1a: Iron Hands\n|-end|p1a: Iron Hands|Quark Drive|[silent]\n|faint|p1b: Dragonite\n|\n|-heal|p2b: \u624b\u5de5\u803f|28\/100|[from] Grassy Terrain\n|upkeep\n|-message|Xiaobifuu forfeited.\n|\n|win|OPieceOfHeroGhost\n|raw|Xiaobifuu's rating: 1492 &rarr; <strong>1469<\/strong><br \/>(-23 for losing)\n|raw|OPieceOfHeroGhost's rating: 1432 &rarr; <strong>1455<\/strong><br \/>(+23 for winning)\n|l|\u2606Xiaobifuu\n","uploadtime":1700827522,"views":8,"p1id":"xiaobifuu","p2id":"opieceofheroghost","formatid":"gen9doublesou","rating":1455,"private":0,"password":""}