{"id":"gen9doublesou-1968459519","p1":"taco6snowboarder","p2":"Dave Tempest","format":"[Gen 9] Doubles OU","log":"|j|\u2606taco6snowboarder\n|j|\u2606Dave Tempest\n|t:|1697420849\n|gametype|doubles\n|player|p1|taco6snowboarder|boarder|1684\n|player|p2|Dave Tempest|gambler|1753\n|teamsize|p1|6\n|teamsize|p2|6\n|gen|9\n|tier|[Gen 9] Doubles OU\n|rated|\n|rule|Species Clause: Limit one of each Pok\u00e9mon\n|rule|OHKO Clause: OHKO moves are banned\n|rule|Evasion Moves Clause: Evasion moves are banned\n|rule|Gravity Sleep Clause: The combination of sleep-inducing moves with imperfect accuracy and Gravity or Gigantamax Orbeetle are banned\n|rule|Endless Battle Clause: Forcing endless battles is banned\n|rule|HP Percentage Mod: HP is shown in percentages\n|clearpoke\n|poke|p1|Pelipper, M|\n|poke|p1|Ludicolo, M|\n|poke|p1|Politoed, M|\n|poke|p1|Barraskewda, M|\n|poke|p1|Basculegion, M|\n|poke|p1|Floatzel, F|\n|poke|p2|Chien-Pao|\n|poke|p2|Amoonguss, M|\n|poke|p2|Arcanine, F|\n|poke|p2|Palafin, M|\n|poke|p2|Tornadus, M|\n|poke|p2|Garchomp, M|\n|teampreview\n|inactive|Battle timer is ON: inactive players will automatically lose when time's up. (requested by Dave Tempest)\n|inactive|Dave Tempest has 120 seconds left.\n|\n|t:|1697420890\n|start\n|switch|p1a: Pelipper|Pelipper, M|100\/100\n|switch|p1b: Ludicolo|Ludicolo, M|100\/100\n|switch|p2a: Tornadus|Tornadus, M|100\/100\n|switch|p2b: Palafin|Palafin, M|100\/100\n|-weather|RainDance|[from] ability: Drizzle|[of] p1a: Pelipper\n|turn|1\n|inactive|Dave Tempest has 120 seconds left.\n|\n|t:|1697420933\n|detailschange|p2b: Palafin|Palafin-Hero, M\n|switch|p2b: Amoonguss|Amoonguss, M|100\/100\n|move|p2a: Tornadus|Protect|p2a: Tornadus\n|-singleturn|p2a: Tornadus|Protect\n|move|p1b: Ludicolo|Fake Out|p2a: Tornadus\n|-activate|p2a: Tornadus|move: Protect\n|move|p1a: Pelipper|Weather Ball|p2a: Tornadus\n|-activate|p2a: Tornadus|move: Protect\n|\n|-weather|RainDance|[upkeep]\n|upkeep\n|turn|2\n|inactive|Dave Tempest has 120 seconds left.\n|\n|t:|1697420950\n|move|p1b: Ludicolo|Ice Beam|p2b: Amoonguss\n|-supereffective|p2b: Amoonguss\n|-damage|p2b: Amoonguss|51\/100\n|-damage|p1b: Ludicolo|91\/100|[from] item: Life Orb\n|move|p2a: Tornadus|Bleakwind Storm|p1b: Ludicolo|[spread] p1a,p1b\n|-crit|p1a: Pelipper\n|-supereffective|p1b: Ludicolo\n|-enditem|p1a: Pelipper|Focus Sash\n|-damage|p1a: Pelipper|1\/100\n|-damage|p1b: Ludicolo|1\/100\n|-unboost|p1b: Ludicolo|spe|1\n|move|p1a: Pelipper|Hurricane|p2b: Amoonguss\n|-supereffective|p2b: Amoonguss\n|-damage|p2b: Amoonguss|0 fnt\n|faint|p2b: Amoonguss\n|\n|-weather|RainDance|[upkeep]\n|upkeep\n|inactive|Dave Tempest has 120 seconds left.\n|\n|t:|1697420975\n|switch|p2b: Palafin|Palafin-Hero, M|100\/100\n|-activate|p2b: Palafin|ability: Zero to Hero\n|turn|3\n|\n|t:|1697420984\n|move|p1a: Pelipper|Protect|p1a: Pelipper\n|-singleturn|p1a: Pelipper|Protect\n|move|p2b: Palafin|Jet Punch|p1b: Ludicolo\n|-resisted|p1b: Ludicolo\n|-damage|p1b: Ludicolo|0 fnt\n|faint|p1b: Ludicolo\n|move|p2a: Tornadus|Tera Blast|p1a: Pelipper\n|-activate|p1a: Pelipper|move: Protect\n|\n|-weather|RainDance|[upkeep]\n|upkeep\n|\n|t:|1697420994\n|switch|p1b: Floatzel|Floatzel, F|100\/100\n|turn|4\n|inactive|Dave Tempest has 120 seconds left.\n|\n|t:|1697421037\n|switch|p2a: Garchomp|Garchomp, M|100\/100\n|move|p1b: Floatzel|Protect|p1b: Floatzel\n|-singleturn|p1b: Floatzel|Protect\n|move|p1a: Pelipper|Hurricane|p2b: Palafin\n|-damage|p2b: Palafin|69\/100\n|move|p2b: Palafin|Drain Punch|p1b: Floatzel\n|-activate|p1b: Floatzel|move: Protect\n|\n|-weather|RainDance|[upkeep]\n|upkeep\n|turn|5\n|inactive|Dave Tempest has 120 seconds left.\n|\n|t:|1697421070\n|move|p2b: Palafin|Jet Punch|p1a: Pelipper\n|-resisted|p1a: Pelipper\n|-damage|p1a: Pelipper|0 fnt\n|faint|p1a: Pelipper\n|move|p1b: Floatzel|Ice Spinner|p2a: Garchomp\n|-supereffective|p2a: Garchomp\n|-damage|p2a: Garchomp|6\/100\n|-damage|p1b: Floatzel|88\/100|[from] ability: Rough Skin|[of] p2a: Garchomp\n|-damage|p1b: Floatzel|71\/100|[from] item: Rocky Helmet|[of] p2a: Garchomp\n|-damage|p1b: Floatzel|61\/100|[from] item: Life Orb\n|move|p2a: Garchomp|Stealth Rock|p1b: Floatzel\n|-sidestart|p1: taco6snowboarder|move: Stealth Rock\n|\n|-weather|none\n|upkeep\n|inactive|taco6snowboarder has 120 seconds left.\n|\n|t:|1697421083\n|switch|p1a: Politoed|Politoed, M|100\/100\n|-damage|p1a: Politoed|88\/100|[from] Stealth Rock\n|-weather|RainDance|[from] ability: Drizzle|[of] p1a: Politoed\n|turn|6\n|inactive|Dave Tempest has 120 seconds left.\n|\n|t:|1697421114\n|move|p1b: Floatzel|Wave Crash|p2b: Palafin\n|-resisted|p2b: Palafin\n|-damage|p2b: Palafin|18\/100\n|-damage|p1b: Floatzel|41\/100|[from] Recoil\n|-damage|p1b: Floatzel|31\/100|[from] item: Life Orb\n|move|p2a: Garchomp|Stomping Tantrum|p1b: Floatzel\n|-damage|p1b: Floatzel|0 fnt\n|faint|p1b: Floatzel\n|move|p2b: Palafin|Drain Punch|p1a: Politoed\n|-damage|p1a: Politoed|53\/100\n|-heal|p2b: Palafin|36\/100|[from] drain|[of] p1a: Politoed\n|move|p1a: Politoed|Ice Beam|p2a: Garchomp\n|-supereffective|p2a: Garchomp\n|-damage|p2a: Garchomp|0 fnt\n|faint|p2a: Garchomp\n|\n|-weather|RainDance|[upkeep]\n|upkeep\n|inactive|Dave Tempest has 120 seconds left.\n|\n|t:|1697421135\n|switch|p1b: Basculegion|Basculegion, M|100\/100\n|switch|p2a: Arcanine|Arcanine, F|100\/100\n|-damage|p1b: Basculegion|88\/100|[from] Stealth Rock\n|-ability|p2a: Arcanine|Intimidate|boost\n|-unboost|p1a: Politoed|atk|1\n|-unboost|p1b: Basculegion|atk|1\n|turn|7\n|inactive|Dave Tempest has 120 seconds left.\n|\n|t:|1697421175\n|switch|p2a: Tornadus|Tornadus, M|100\/100\n|move|p1b: Basculegion|Last Respects|p2a: Tornadus\n|-damage|p2a: Tornadus|0 fnt\n|faint|p2a: Tornadus\n|-damage|p1b: Basculegion|78\/100|[from] item: Life Orb\n|move|p2b: Palafin|Drain Punch|p1a: Politoed\n|-damage|p1a: Politoed|15\/100\n|-heal|p2b: Palafin|55\/100|[from] drain|[of] p1a: Politoed\n|move|p1a: Politoed|Weather Ball|p2b: Palafin\n|-resisted|p2b: Palafin\n|-damage|p2b: Palafin|35\/100\n|\n|-weather|RainDance|[upkeep]\n|upkeep\n|inactive|Dave Tempest has 90 seconds left.\n|\n|t:|1697421196\n|switch|p2a: Chien-Pao|Chien-Pao|100\/100\n|-ability|p2a: Chien-Pao|Sword of Ruin\n|turn|8\n|inactive|Dave Tempest has 90 seconds left.\n|\n|t:|1697421241\n|-terastallize|p1b: Basculegion|Dark\n|move|p2b: Palafin|Jet Punch|p1a: Politoed\n|-resisted|p1a: Politoed\n|-damage|p1a: Politoed|0 fnt\n|faint|p1a: Politoed\n|move|p1b: Basculegion|Last Respects|p2b: Palafin\n|-damage|p2b: Palafin|0 fnt\n|faint|p2b: Palafin\n|-damage|p1b: Basculegion|68\/100|[from] item: Life Orb\n|move|p2a: Chien-Pao|Throat Chop|p1b: Basculegion\n|-resisted|p1b: Basculegion\n|-damage|p1b: Basculegion|37\/100\n|-start|p1b: Basculegion|Throat Chop|[silent]\n|\n|-weather|RainDance|[upkeep]\n|upkeep\n|\n|t:|1697421256\n|switch|p2b: Arcanine|Arcanine, F|100\/100\n|switch|p1a: Barraskewda|Barraskewda, M|100\/100\n|-damage|p1a: Barraskewda|88\/100|[from] Stealth Rock\n|-ability|p2b: Arcanine|Intimidate|boost\n|-unboost|p1a: Barraskewda|atk|1\n|-unboost|p1b: Basculegion|atk|1\n|turn|9\n|inactive|Dave Tempest has 90 seconds left.\n|\n|t:|1697421296\n|move|p1b: Basculegion|Protect|p1b: Basculegion\n|-singleturn|p1b: Basculegion|Protect\n|move|p2a: Chien-Pao|Protect|p2a: Chien-Pao\n|-singleturn|p2a: Chien-Pao|Protect\n|move|p2b: Arcanine|Protect|p2b: Arcanine\n|-singleturn|p2b: Arcanine|Protect\n|move|p1a: Barraskewda|Liquidation|p2b: Arcanine\n|-activate|p2b: Arcanine|move: Protect\n|\n|-weather|RainDance|[upkeep]\n|-end|p1b: Basculegion|Throat Chop|[silent]\n|upkeep\n|turn|10\n|inactive|Dave Tempest has 90 seconds left.\n|\n|t:|1697421324\n|-terastallize|p2b: Arcanine|Grass\n|move|p2b: Arcanine|Extreme Speed|p1b: Basculegion\n|-damage|p1b: Basculegion|0 fnt\n|faint|p1b: Basculegion\n|move|p1a: Barraskewda|Close Combat|p2a: Chien-Pao\n|-supereffective|p2a: Chien-Pao\n|-enditem|p2a: Chien-Pao|Focus Sash\n|-damage|p2a: Chien-Pao|1\/100\n|-unboost|p1a: Barraskewda|def|1\n|-unboost|p1a: Barraskewda|spd|1\n|move|p2a: Chien-Pao|Throat Chop|p1a: Barraskewda\n|-damage|p1a: Barraskewda|0 fnt\n|faint|p1a: Barraskewda\n|\n|win|Dave Tempest\n|raw|taco6snowboarder's rating: 1684 &rarr; <strong>1668<\/strong><br \/>(-16 for losing)\n|raw|Dave Tempest's rating: 1753 &rarr; <strong>1769<\/strong><br \/>(+16 for winning)\n|l|\u2606taco6snowboarder\n","uploadtime":1697421702,"views":8,"p1id":"taco6snowboarder","p2id":"davetempest","formatid":"gen9doublesou","rating":1668,"private":0,"password":""}