{"id":"gen9doublesou-1970967302","p1":"hugetree","p2":"SXD2002","format":"[Gen 9] Doubles OU","log":"|j|\u2606hugetree\n|j|\u2606SXD2002\n|t:|1697686215\n|gametype|doubles\n|player|p1|hugetree|266|1045\n|player|p2|SXD2002|silver-masters|1092\n|teamsize|p1|6\n|teamsize|p2|4\n|gen|9\n|tier|[Gen 9] Doubles OU\n|rated|\n|rule|Species Clause: Limit one of each Pok\u00e9mon\n|rule|OHKO Clause: OHKO moves are banned\n|rule|Evasion Moves Clause: Evasion moves are banned\n|rule|Gravity Sleep Clause: The combination of sleep-inducing moves with imperfect accuracy and Gravity or Gigantamax Orbeetle are banned\n|rule|Endless Battle Clause: Forcing endless battles is banned\n|rule|HP Percentage Mod: HP is shown in percentages\n|clearpoke\n|poke|p1|Palafin, F|\n|poke|p1|Delphox, M|\n|poke|p1|Meowscarada, M|\n|poke|p1|Jirachi|\n|poke|p1|Roaring Moon|\n|poke|p1|Greninja-*, M|\n|poke|p2|Lurantis, F|\n|poke|p2|Murkrow, M|\n|poke|p2|Grimmsnarl, M|\n|poke|p2|Clefairy, F|\n|teampreview\n|inactive|Battle timer is ON: inactive players will automatically lose when time's up. (requested by SXD2002)\n|\n|t:|1697686221\n|start\n|switch|p1a: Delphox|Delphox, M, shiny|100\/100\n|switch|p1b: Jirachi|Jirachi, shiny|100\/100\n|switch|p2a: Grimmsnarl|Grimmsnarl, M|100\/100\n|switch|p2b: Lurantis|Lurantis, F|100\/100\n|turn|1\n|\n|t:|1697686241\n|-terastallize|p2b: Lurantis|Steel\n|move|p2a: Grimmsnarl|Fake Tears|p2b: Lurantis\n|-boost|p2b: Lurantis|spd|2\n|move|p1a: Delphox|Psychic Terrain|p1a: Delphox\n|-fieldstart|move: Psychic Terrain\n|move|p1b: Jirachi|Dazzling Gleam|p2a: Grimmsnarl|[spread] p2a,p2b\n|-supereffective|p2a: Grimmsnarl\n|-resisted|p2b: Lurantis\n|-damage|p2a: Grimmsnarl|80\/100\n|-damage|p2b: Lurantis|98\/100\n|move|p2b: Lurantis|Leaf Storm|p1a: Delphox\n|-resisted|p1a: Delphox\n|-damage|p1a: Delphox|84\/100\n|-boost|p2b: Lurantis|spa|2\n|\n|-heal|p2a: Grimmsnarl|86\/100|[from] item: Leftovers\n|-heal|p2b: Lurantis|100\/100|[from] item: Leftovers\n|upkeep\n|turn|2\n|\n|t:|1697686261\n|move|p2a: Grimmsnarl|Fake Tears|p2b: Lurantis\n|-boost|p2b: Lurantis|spd|2\n|move|p1a: Delphox|Encore|p2a: Grimmsnarl\n|-start|p2a: Grimmsnarl|Encore\n|move|p1b: Jirachi|Stealth Rock|p2a: Grimmsnarl\n|-sidestart|p2: SXD2002|move: Stealth Rock\n|move|p2b: Lurantis|Leaf Storm|p1a: Delphox\n|-resisted|p1a: Delphox\n|-damage|p1a: Delphox|47\/100\n|-boost|p2b: Lurantis|spa|2\n|\n|-heal|p2a: Grimmsnarl|92\/100|[from] item: Leftovers\n|upkeep\n|turn|3\n|\n|t:|1697686279\n|move|p2a: Grimmsnarl|Fake Tears|p2b: Lurantis\n|-boost|p2b: Lurantis|spd|2\n|move|p1a: Delphox|Heat Wave|p2b: Lurantis|[spread] p2a,p2b\n|-crit|p2a: Grimmsnarl\n|-supereffective|p2b: Lurantis\n|-damage|p2a: Grimmsnarl|63\/100\n|-damage|p2b: Lurantis|89\/100\n|-status|p2a: Grimmsnarl|brn\n|-item|p1a: Delphox|Leftovers|[from] ability: Magician|[of] p2b: Lurantis\n|move|p1b: Jirachi|Life Dew||[still]|[spread] p1a,p1b\n|-heal|p1a: Delphox|72\/100\n|-fail|p1b: Jirachi|heal\n|move|p2b: Lurantis|Leaf Storm|p1a: Delphox\n|-resisted|p1a: Delphox\n|-damage|p1a: Delphox|19\/100\n|-boost|p2b: Lurantis|spa|2\n|\n|-heal|p1a: Delphox|25\/100|[from] item: Leftovers\n|-heal|p2a: Grimmsnarl|69\/100 brn|[from] item: Leftovers\n|-damage|p2a: Grimmsnarl|63\/100 brn|[from] brn\n|upkeep\n|turn|4\n|inactive|hugetree has 120 seconds left.\n|\n|t:|1697686309\n|move|p2a: Grimmsnarl|Fake Tears|p1b: Jirachi\n|-activate|p1b: Jirachi|move: Psychic Terrain\n|move|p1a: Delphox|Thunder Punch|p2b: Lurantis\n|-damage|p2b: Lurantis|74\/100\n|-status|p2b: Lurantis|par\n|move|p1b: Jirachi|U-turn|p2b: Lurantis\n|-resisted|p2b: Lurantis\n|-damage|p2b: Lurantis|67\/100 par\n|inactive|hugetree has 120 seconds left.\n|\n|t:|1697686321\n|switch|p1b: Palafin|Palafin, F, shiny|100\/100|[from] U-turn\n|move|p2b: Lurantis|Leaf Storm|p1b: Palafin\n|-supereffective|p1b: Palafin\n|-damage|p1b: Palafin|0 fnt\n|faint|p1b: Palafin\n|\n|-heal|p1a: Delphox|31\/100|[from] item: Leftovers\n|-heal|p2a: Grimmsnarl|69\/100 brn|[from] item: Leftovers\n|-damage|p2a: Grimmsnarl|63\/100 brn|[from] brn\n|upkeep\n|c|\u2606SXD2002|ppppredict\n|\n|t:|1697686336\n|switch|p1b: Roaring Moon|Roaring Moon, shiny|100\/100\n|-enditem|p1b: Roaring Moon|Booster Energy\n|-activate|p1b: Roaring Moon|ability: Protosynthesis|[fromitem]\n|-start|p1b: Roaring Moon|protosynthesisatk\n|turn|5\n|\n|t:|1697686347\n|move|p2a: Grimmsnarl|Fake Tears|p1b: Roaring Moon\n|-activate|p1b: Roaring Moon|move: Psychic Terrain\n|move|p1b: Roaring Moon|Tailwind|p1b: Roaring Moon\n|-sidestart|p1: hugetree|move: Tailwind\n|move|p1a: Delphox|Heat Wave|p2b: Lurantis|[spread] p2a,p2b\n|-supereffective|p2b: Lurantis\n|-damage|p2a: Grimmsnarl|43\/100 brn\n|-damage|p2b: Lurantis|56\/100 par\n|cant|p2b: Lurantis|par\n|\n|-heal|p1a: Delphox|38\/100|[from] item: Leftovers\n|-heal|p2a: Grimmsnarl|49\/100 brn|[from] item: Leftovers\n|-damage|p2a: Grimmsnarl|43\/100 brn|[from] brn\n|-end|p2a: Grimmsnarl|Encore\n|-fieldend|move: Psychic Terrain\n|upkeep\n|turn|6\n|\n|t:|1697686367\n|move|p2a: Grimmsnarl|Scary Face|p2b: Lurantis\n|-boost|p2b: Lurantis|spe|2\n|move|p1b: Roaring Moon|Rock Slide|p2a: Grimmsnarl|[spread] p2a,p2b\n|-resisted|p2b: Lurantis\n|-damage|p2a: Grimmsnarl|10\/100 brn\n|-damage|p2b: Lurantis|42\/100 par\n|move|p1a: Delphox|Encore|p2a: Grimmsnarl\n|-start|p2a: Grimmsnarl|Encore\n|move|p2b: Lurantis|Pollen Puff|p1b: Roaring Moon\n|-supereffective|p1b: Roaring Moon\n|-damage|p1b: Roaring Moon|0 fnt\n|faint|p1b: Roaring Moon\n|-end|p1b: Roaring Moon|Protosynthesis|[silent]\n|\n|-heal|p1a: Delphox|44\/100|[from] item: Leftovers\n|-heal|p2a: Grimmsnarl|16\/100 brn|[from] item: Leftovers\n|-damage|p2a: Grimmsnarl|10\/100 brn|[from] brn\n|upkeep\n|inactive|hugetree has 120 seconds left.\n|\n|t:|1697686385\n|switch|p1b: Greninja|Greninja, M, shiny|100\/100\n|turn|7\n|\n|t:|1697686393\n|move|p2a: Grimmsnarl|Scary Face|p2b: Lurantis\n|-boost|p2b: Lurantis|spe|2\n|move|p1b: Greninja|Ice Beam|p2b: Lurantis\n|-start|p1b: Greninja|typechange|Ice|[from] ability: Protean\n|-resisted|p2b: Lurantis\n|-damage|p2b: Lurantis|39\/100 par\n|move|p1a: Delphox|Thunder Punch|p2a: Grimmsnarl\n|-damage|p2a: Grimmsnarl|0 fnt\n|faint|p2a: Grimmsnarl\n|cant|p2b: Lurantis|par\n|\n|-heal|p1a: Delphox|50\/100|[from] item: Leftovers\n|upkeep\n|\n|t:|1697686411\n|switch|p2a: Clefairy|Clefairy, F|100\/100\n|-damage|p2a: Clefairy|88\/100|[from] Stealth Rock\n|turn|8\n|\n|t:|1697686422\n|move|p2a: Clefairy|Follow Me|p2a: Clefairy\n|-singleturn|p2a: Clefairy|move: Follow Me\n|move|p1b: Greninja|Night Slash|p2a: Clefairy\n|-resisted|p2a: Clefairy\n|-damage|p2a: Clefairy|77\/100\n|move|p1a: Delphox|Heat Wave|p2a: Clefairy|[spread] p2a,p2b\n|-supereffective|p2b: Lurantis\n|-damage|p2a: Clefairy|61\/100\n|-damage|p2b: Lurantis|31\/100 par\n|move|p2b: Lurantis|Superpower|p1b: Greninja\n|-supereffective|p1b: Greninja\n|-damage|p1b: Greninja|0 fnt\n|-boost|p2b: Lurantis|atk|1\n|-boost|p2b: Lurantis|def|1\n|faint|p1b: Greninja\n|\n|-heal|p1a: Delphox|56\/100|[from] item: Leftovers\n|-sideend|p1: hugetree|move: Tailwind\n|upkeep\n|\n|t:|1697686438\n|switch|p1b: Jirachi|Jirachi, shiny|100\/100\n|turn|9\n|\n|t:|1697686448\n|move|p2b: Lurantis|Protect|p2b: Lurantis\n|-singleturn|p2b: Lurantis|Protect\n|move|p1a: Delphox|Heat Wave|p2a: Clefairy|[spread] p2a\n|-activate|p2b: Lurantis|move: Protect\n|-damage|p2a: Clefairy|44\/100\n|move|p1b: Jirachi|Dazzling Gleam|p2a: Clefairy|[spread] p2a\n|-activate|p2b: Lurantis|move: Protect\n|-damage|p2a: Clefairy|35\/100\n|move|p2a: Clefairy|Life Dew|p2a: Clefairy|[spread] p2a,p2b\n|-heal|p2a: Clefairy|60\/100\n|-heal|p2b: Lurantis|56\/100 par\n|\n|-heal|p1a: Delphox|62\/100|[from] item: Leftovers\n|upkeep\n|turn|10\n|\n|t:|1697686471\n|move|p1a: Delphox|Encore|p2b: Lurantis\n|-start|p2b: Lurantis|Encore\n|move|p1b: Jirachi|U-turn|p2b: Lurantis\n|-resisted|p2b: Lurantis\n|-damage|p2b: Lurantis|52\/100 par\n|\n|t:|1697686476\n|switch|p1b: Meowscarada|Meowscarada, M|100\/100|[from] U-turn\n|move|p2b: Lurantis|Protect|p2b: Lurantis\n|-singleturn|p2b: Lurantis|Protect\n|move|p2a: Clefairy|Life Dew|p2a: Clefairy|[spread] p2a,p2b\n|-heal|p2a: Clefairy|85\/100\n|-heal|p2b: Lurantis|77\/100 par\n|\n|-heal|p1a: Delphox|69\/100|[from] item: Leftovers\n|upkeep\n|turn|11\n|\n|t:|1697686492\n|move|p2b: Lurantis|Protect||[still]\n|-fail|p2b: Lurantis\n|move|p1b: Meowscarada|Sucker Punch||[still]\n|-fail|p1b: Meowscarada\n|move|p1a: Delphox|Psychic Terrain|p1a: Delphox\n|-fieldstart|move: Psychic Terrain\n|move|p2a: Clefairy|Life Dew|p2a: Clefairy|[spread] p2a,p2b\n|-heal|p2a: Clefairy|100\/100\n|-heal|p2b: Lurantis|100\/100 par\n|\n|-heal|p1a: Delphox|75\/100|[from] item: Leftovers\n|upkeep\n|turn|12\n|\n|t:|1697686511\n|cant|p2b: Lurantis|par\n|move|p1b: Meowscarada|Pollen Puff|p2b: Lurantis\n|-start|p1b: Meowscarada|typechange|Bug|[from] ability: Protean\n|-resisted|p2b: Lurantis\n|-damage|p2b: Lurantis|99\/100 par\n|move|p1a: Delphox|Heat Wave|p2a: Clefairy|[spread] p2a,p2b\n|-supereffective|p2b: Lurantis\n|-damage|p2a: Clefairy|84\/100\n|-damage|p2b: Lurantis|91\/100 par\n|move|p2a: Clefairy|Life Dew|p2a: Clefairy|[spread] p2a,p2b\n|-heal|p2a: Clefairy|100\/100\n|-heal|p2b: Lurantis|100\/100 par\n|\n|-heal|p1a: Delphox|81\/100|[from] item: Leftovers\n|-end|p2b: Lurantis|Encore\n|upkeep\n|turn|13\n|\n|t:|1697686535\n|switch|p2a: Murkrow|Murkrow, M|100\/100\n|-damage|p2a: Murkrow|76\/100|[from] Stealth Rock\n|move|p2b: Lurantis|Protect|p2b: Lurantis\n|-singleturn|p2b: Lurantis|Protect\n|move|p1b: Meowscarada|Sucker Punch||[still]\n|-fail|p1b: Meowscarada\n|move|p1a: Delphox|Encore||[still]\n|-fail|p1a: Delphox\n|\n|-heal|p1a: Delphox|87\/100|[from] item: Leftovers\n|upkeep\n|turn|14\n|\n|t:|1697686551\n|move|p2a: Murkrow|Thunder Wave|p1a: Delphox\n|-activate|p1a: Delphox|move: Psychic Terrain\n|move|p1b: Meowscarada|Flower Trick|p2a: Murkrow\n|-resisted|p2a: Murkrow\n|-crit|p2a: Murkrow\n|-damage|p2a: Murkrow|52\/100\n|move|p1a: Delphox|Thunder Punch|p2a: Murkrow\n|-supereffective|p2a: Murkrow\n|-damage|p2a: Murkrow|18\/100\n|move|p2b: Lurantis|Pollen Puff|p1a: Delphox\n|-damage|p1a: Delphox|19\/100\n|\n|-heal|p1a: Delphox|26\/100|[from] item: Leftovers\n|upkeep\n|turn|15\n|\n|t:|1697686574\n|move|p1b: Meowscarada|Ally Switch|p1b: Meowscarada\n|swap|p1b: Meowscarada|0|[from] move: Ally Switch\n|move|p1b: Delphox|Thunder Punch|p2a: Murkrow\n|-supereffective|p2a: Murkrow\n|-damage|p2a: Murkrow|0 fnt\n|faint|p2a: Murkrow\n|move|p2b: Lurantis|Pollen Puff|p2: Murkrow|[notarget]\n|-fail|p2b: Lurantis\n|\n|-heal|p1b: Delphox|32\/100|[from] item: Leftovers\n|-fieldend|move: Psychic Terrain\n|upkeep\n|\n|t:|1697686582\n|switch|p2a: Clefairy|Clefairy, F|100\/100\n|-damage|p2a: Clefairy|88\/100|[from] Stealth Rock\n|turn|16\n|\n|t:|1697686590\n|move|p2a: Clefairy|Helping Hand|p2b: Lurantis\n|-singleturn|p2b: Lurantis|Helping Hand|[of] p2a: Clefairy\n|move|p1a: Meowscarada|Sucker Punch||[still]\n|-fail|p1a: Meowscarada\n|move|p1b: Delphox|Heat Wave|p2b: Lurantis|[spread] p2b\n|-miss|p1b: Delphox|p2a: Clefairy\n|-supereffective|p2b: Lurantis\n|-damage|p2b: Lurantis|92\/100 par\n|move|p2b: Lurantis|Pollen Puff|p1b: Delphox\n|-damage|p1b: Delphox|0 fnt\n|faint|p1b: Delphox\n|\n|upkeep\n|\n|t:|1697686602\n|switch|p1b: Jirachi|Jirachi, shiny|100\/100\n|turn|17\n|\n|t:|1697686612\n|move|p1a: Meowscarada|Flower Trick|p2a: Clefairy\n|-crit|p2a: Clefairy\n|-damage|p2a: Clefairy|49\/100\n|move|p1b: Jirachi|Dazzling Gleam|p2a: Clefairy|[spread] p2a,p2b\n|-resisted|p2b: Lurantis\n|-damage|p2a: Clefairy|41\/100\n|-damage|p2b: Lurantis|91\/100 par\n|move|p2b: Lurantis|Superpower|p1b: Jirachi\n|-damage|p1b: Jirachi|67\/100\n|-boost|p2b: Lurantis|atk|1\n|-boost|p2b: Lurantis|def|1\n|move|p2a: Clefairy|Life Dew|p2a: Clefairy|[spread] p2a,p2b\n|-heal|p2a: Clefairy|66\/100\n|-heal|p2b: Lurantis|100\/100 par\n|\n|upkeep\n|turn|18\n|\n|t:|1697686633\n|move|p1a: Meowscarada|Flower Trick|p2a: Clefairy\n|-crit|p2a: Clefairy\n|-damage|p2a: Clefairy|30\/100\n|move|p1b: Jirachi|Dazzling Gleam|p2a: Clefairy|[spread] p2a,p2b\n|-resisted|p2b: Lurantis\n|-damage|p2a: Clefairy|21\/100\n|-damage|p2b: Lurantis|99\/100 par\n|move|p2b: Lurantis|Superpower|p1b: Jirachi\n|-damage|p1b: Jirachi|22\/100\n|-boost|p2b: Lurantis|atk|1\n|-boost|p2b: Lurantis|def|1\n|move|p2a: Clefairy|Life Dew|p2a: Clefairy|[spread] p2a,p2b\n|-heal|p2a: Clefairy|46\/100\n|-heal|p2b: Lurantis|100\/100 par\n|\n|upkeep\n|turn|19\n|\n|t:|1697686651\n|move|p2a: Clefairy|Protect|p2a: Clefairy\n|-singleturn|p2a: Clefairy|Protect\n|move|p1a: Meowscarada|Flower Trick|p2a: Clefairy\n|-activate|p2a: Clefairy|move: Protect\n|move|p1b: Jirachi|Life Dew||[still]|[spread] p1a,p1b\n|-fail|p1a: Meowscarada|heal\n|-heal|p1b: Jirachi|47\/100\n|move|p2b: Lurantis|Superpower|p1b: Jirachi\n|-damage|p1b: Jirachi|0 fnt\n|-boost|p2b: Lurantis|atk|1\n|-boost|p2b: Lurantis|def|1\n|faint|p1b: Jirachi\n|\n|upkeep\n|turn|20\n|\n|t:|1697686669\n|move|p2a: Clefairy|Helping Hand|p2b: Lurantis\n|-singleturn|p2b: Lurantis|Helping Hand|[of] p2a: Clefairy\n|move|p1a: Meowscarada|Flower Trick|p2a: Clefairy\n|-crit|p2a: Clefairy\n|-damage|p2a: Clefairy|9\/100\n|move|p2b: Lurantis|Superpower|p1a: Meowscarada\n|-resisted|p1a: Meowscarada\n|-damage|p1a: Meowscarada|0 fnt\n|-boost|p2b: Lurantis|atk|1\n|-boost|p2b: Lurantis|def|1\n|faint|p1a: Meowscarada\n|\n|win|SXD2002\n|raw|hugetree's rating: 1045 &rarr; <strong>1031<\/strong><br \/>(-14 for losing)\n|raw|SXD2002's rating: 1092 &rarr; <strong>1115<\/strong><br \/>(+23 for winning)\n|c|\u2606SXD2002|gg\n","uploadtime":1697686681,"views":10,"p1id":"hugetree","p2id":"sxd2002","formatid":"gen9doublesou","rating":1031,"private":0,"password":""}