{"id":"gen9doublesou-1999882491","p1":"codyreborn","p2":"bazineer","format":"[Gen 9] Doubles OU","log":"|j|\u2606codyreborn\n|j|\u2606bazineer\n|t:|1701125970\n|gametype|doubles\n|player|p1|codyreborn|pokemaniac|1346\n|player|p2|bazineer|boarder|1444\n|teamsize|p1|6\n|teamsize|p2|6\n|gen|9\n|tier|[Gen 9] Doubles OU\n|rated|\n|rule|Species Clause: Limit one of each Pok\u00e9mon\n|rule|OHKO Clause: OHKO moves are banned\n|rule|Evasion Moves Clause: Evasion moves are banned\n|rule|Gravity Sleep Clause: The combination of sleep-inducing moves with imperfect accuracy and Gravity or Gigantamax Orbeetle are banned\n|rule|Endless Battle Clause: Forcing endless battles is banned\n|rule|HP Percentage Mod: HP is shown in percentages\n|clearpoke\n|poke|p1|Milotic, F|\n|poke|p1|Heatran, M|\n|poke|p1|Dragapult, M|\n|poke|p1|Zapdos|\n|poke|p1|Rillaboom, M|\n|poke|p1|Kingambit, M|\n|poke|p2|Tyranitar, M|\n|poke|p2|Iron Hands|\n|poke|p2|Iron Bundle|\n|poke|p2|Arcanine, F|\n|poke|p2|Flutter Mane|\n|poke|p2|Landorus, M|\n|teampreview\n|inactive|Battle timer is ON: inactive players will automatically lose when time's up. (requested by bazineer)\n|\n|t:|1701125981\n|start\n|switch|p1a: Kingambit|Kingambit, M, shiny|100\/100\n|switch|p1b: Rillaboom|Rillaboom, M, shiny|100\/100\n|switch|p2a: Landorus|Landorus, M|100\/100\n|switch|p2b: Tyranitar|Tyranitar, M|100\/100\n|-fieldstart|move: Grassy Terrain|[from] ability: Grassy Surge|[of] p1b: Rillaboom\n|-weather|Sandstorm|[from] ability: Sand Stream|[of] p2b: Tyranitar\n|turn|1\n|\n|t:|1701126002\n|-terastallize|p1a: Kingambit|Dark\n|move|p1b: Rillaboom|Fake Out|p2a: Landorus\n|-damage|p2a: Landorus|87\/100\n|cant|p2a: Landorus|flinch\n|move|p2b: Tyranitar|Rock Slide|p1b: Rillaboom|[spread] p1a,p1b\n|-damage|p1a: Kingambit|82\/100\n|-damage|p1b: Rillaboom|77\/100\n|cant|p1a: Kingambit|flinch\n|\n|-weather|Sandstorm|[upkeep]\n|-damage|p1b: Rillaboom|71\/100|[from] Sandstorm\n|-damage|p1a: Kingambit|75\/100|[from] Sandstorm\n|-heal|p2a: Landorus|93\/100|[from] item: Leftovers\n|-heal|p1b: Rillaboom|77\/100|[from] Grassy Terrain\n|-heal|p1a: Kingambit|82\/100|[from] Grassy Terrain\n|upkeep\n|turn|2\n|\n|t:|1701126023\n|move|p2a: Landorus|Sandsear Storm|p1b: Rillaboom|[spread] p1a,p1b\n|-resisted|p1b: Rillaboom\n|-damage|p1a: Kingambit|46\/100\n|-damage|p1b: Rillaboom|65\/100\n|move|p1b: Rillaboom|Wood Hammer|p2b: Tyranitar\n|-supereffective|p2b: Tyranitar\n|-damage|p2b: Tyranitar|2\/100\n|-damage|p1b: Rillaboom|32\/100|[from] Recoil\n|move|p2b: Tyranitar|Rock Slide|p1b: Rillaboom|[spread] p1a,p1b\n|-damage|p1a: Kingambit|27\/100\n|-damage|p1b: Rillaboom|10\/100\n|cant|p1a: Kingambit|flinch\n|\n|-weather|Sandstorm|[upkeep]\n|-damage|p1b: Rillaboom|4\/100|[from] Sandstorm\n|-damage|p1a: Kingambit|21\/100|[from] Sandstorm\n|-heal|p2a: Landorus|99\/100|[from] item: Leftovers\n|-heal|p1b: Rillaboom|10\/100|[from] Grassy Terrain\n|-heal|p2b: Tyranitar|8\/100|[from] Grassy Terrain\n|-heal|p1a: Kingambit|27\/100|[from] Grassy Terrain\n|upkeep\n|turn|3\n|c|\u2606codyreborn|such luck\n|c|\u2606codyreborn|who did you pay\n|inactive|bazineer has 120 seconds left.\n|\n|t:|1701126053\n|move|p1a: Kingambit|Sucker Punch|p2b: Tyranitar\n|-resisted|p2b: Tyranitar\n|-damage|p2b: Tyranitar|0 fnt\n|faint|p2b: Tyranitar\n|move|p2a: Landorus|Sandsear Storm|p1b: Rillaboom|[spread] p1a,p1b\n|-resisted|p1b: Rillaboom\n|-damage|p1a: Kingambit|0 fnt\n|-damage|p1b: Rillaboom|0 fnt\n|faint|p1a: Kingambit\n|faint|p1b: Rillaboom\n|\n|-weather|Sandstorm|[upkeep]\n|-heal|p2a: Landorus|100\/100|[from] item: Leftovers\n|upkeep\n|\n|t:|1701126066\n|switch|p1b: Milotic|Milotic, F, shiny|100\/100\n|switch|p2b: Iron Bundle|Iron Bundle|100\/100\n|switch|p1a: Heatran|Heatran, M, shiny|100\/100\n|-enditem|p2b: Iron Bundle|Booster Energy\n|-activate|p2b: Iron Bundle|ability: Quark Drive|[fromitem]\n|-start|p2b: Iron Bundle|quarkdrivespa\n|turn|4\n|\n|t:|1701126078\n|move|p2a: Landorus|Sandsear Storm|p1a: Heatran|[spread] p1a,p1b\n|-supereffective|p1a: Heatran\n|-damage|p1a: Heatran|25\/100\n|-damage|p1b: Milotic|78\/100\n|move|p2b: Iron Bundle|Freeze-Dry|p1b: Milotic\n|-supereffective|p1b: Milotic\n|-damage|p1b: Milotic|21\/100\n|move|p1a: Heatran|Heat Wave|p2b: Iron Bundle|[spread] p2a,p2b\n|-damage|p2a: Landorus|64\/100\n|-damage|p2b: Iron Bundle|42\/100\n|move|p1b: Milotic|Icy Wind|p2b: Iron Bundle|[spread] p2a,p2b\n|-supereffective|p2a: Landorus\n|-resisted|p2b: Iron Bundle\n|-damage|p2a: Landorus|25\/100\n|-damage|p2b: Iron Bundle|38\/100\n|-unboost|p2a: Landorus|spe|1\n|-unboost|p2b: Iron Bundle|spe|1\n|\n|-weather|Sandstorm|[upkeep]\n|-damage|p2b: Iron Bundle|32\/100|[from] Sandstorm\n|-damage|p1b: Milotic|15\/100|[from] Sandstorm\n|-heal|p2b: Iron Bundle|38\/100|[from] Grassy Terrain\n|-heal|p2a: Landorus|32\/100|[from] item: Leftovers\n|-heal|p1a: Heatran|31\/100|[from] Grassy Terrain\n|-heal|p1b: Milotic|21\/100|[from] Grassy Terrain\n|-status|p1b: Milotic|brn|[from] item: Flame Orb\n|upkeep\n|turn|5\n|\n|t:|1701126099\n|move|p2b: Iron Bundle|Freeze-Dry|p1b: Milotic\n|-supereffective|p1b: Milotic\n|-damage|p1b: Milotic|0 fnt\n|faint|p1b: Milotic\n|move|p2a: Landorus|Sandsear Storm|p1a: Heatran\n|-supereffective|p1a: Heatran\n|-damage|p1a: Heatran|0 fnt\n|faint|p1a: Heatran\n|\n|-weather|none\n|-heal|p2b: Iron Bundle|44\/100|[from] Grassy Terrain\n|-heal|p2a: Landorus|38\/100|[from] item: Leftovers\n|-fieldend|move: Grassy Terrain\n|upkeep\n|c|\u2606codyreborn|unreal luck\n|c|\u2606codyreborn|suck a cock\n|-message|codyreborn forfeited.\n|\n|win|bazineer\n|raw|codyreborn's rating: 1346 &rarr; <strong>1331<\/strong><br \/>(-15 for losing)\n|raw|bazineer's rating: 1444 &rarr; <strong>1459<\/strong><br \/>(+15 for winning)\n|l|\u2606codyreborn\n","uploadtime":1701126111,"views":7,"p1id":"codyreborn","p2id":"bazineer","formatid":"gen9doublesou","rating":1331,"private":0,"password":""}