{"id":"gen9doublesou-1989747543","p1":"12henery12","p2":"little timmy 2013","format":"[Gen 9] Doubles OU","log":"|j|\u260612henery12\n|j|\u2606little timmy 2013\n|t:|1699892333\n|gametype|doubles\n|player|p1|12henery12|265|1108\n|player|p2|little timmy 2013|linebacker|1217\n|teamsize|p1|6\n|teamsize|p2|6\n|gen|9\n|tier|[Gen 9] Doubles OU\n|rated|\n|rule|Species Clause: Limit one of each Pok\u00e9mon\n|rule|OHKO Clause: OHKO moves are banned\n|rule|Evasion Moves Clause: Evasion moves are banned\n|rule|Gravity Sleep Clause: The combination of sleep-inducing moves with imperfect accuracy and Gravity or Gigantamax Orbeetle are banned\n|rule|Endless Battle Clause: Forcing endless battles is banned\n|rule|HP Percentage Mod: HP is shown in percentages\n|clearpoke\n|poke|p1|Greninja-*, F|\n|poke|p1|Ribombee, F|\n|poke|p1|Enamorus, F|\n|poke|p1|Armarouge, M|\n|poke|p1|Hatterene, F|\n|poke|p1|Iron Valiant|\n|poke|p2|Armarouge, F|\n|poke|p2|Ogerpon-Wellspring, F|\n|poke|p2|Sinistcha-Masterpiece|\n|poke|p2|Garchomp, F|\n|poke|p2|Hawlucha, M|\n|poke|p2|Clefairy, F|\n|teampreview\n|\n|t:|1699892354\n|start\n|switch|p1a: Greninja|Greninja, F|100\/100\n|switch|p1b: Ribombee|Ribombee, F|100\/100\n|switch|p2a: Hawlucha|Hawlucha, M|100\/100\n|switch|p2b: Clefairy|Clefairy, F|100\/100\n|turn|1\n|inactive|Battle timer is ON: inactive players will automatically lose when time's up. (requested by little timmy 2013)\n|\n|t:|1699892379\n|move|p2b: Clefairy|Follow Me|p2b: Clefairy\n|-singleturn|p2b: Clefairy|move: Follow Me\n|move|p1b: Ribombee|Sticky Web|p2a: Hawlucha\n|-sidestart|p2: little timmy 2013|move: Sticky Web\n|move|p1a: Greninja|Spikes|p2b: Clefairy\n|-sidestart|p2: little timmy 2013|Spikes\n|move|p2a: Hawlucha|Close Combat|p1a: Greninja\n|-supereffective|p1a: Greninja\n|-enditem|p1a: Greninja|Focus Sash\n|-damage|p1a: Greninja|1\/100\n|-unboost|p2a: Hawlucha|def|1\n|-unboost|p2a: Hawlucha|spd|1\n|-enditem|p2a: Hawlucha|White Herb\n|-clearnegativeboost|p2a: Hawlucha|[silent]\n|\n|upkeep\n|turn|2\n|inactive|12henery12 has 120 seconds left.\n|\n|t:|1699892416\n|switch|p1b: Enamorus|Enamorus, F|100\/100\n|switch|p1a: Hatterene|Hatterene, F|100\/100\n|move|p2a: Hawlucha|Acrobatics|p1b: Enamorus\n|-crit|p1b: Enamorus\n|-damage|p1b: Enamorus|0 fnt\n|faint|p1b: Enamorus\n|move|p2b: Clefairy|Chilling Water|p1a: Hatterene\n|-damage|p1a: Hatterene|95\/100\n|-unboost|p1a: Hatterene|atk|1\n|\n|upkeep\n|\n|t:|1699892432\n|switch|p1b: Armarouge|Armarouge, M|100\/100\n|turn|3\n|inactive|12henery12 has 120 seconds left.\n|\n|t:|1699892459\n|switch|p2a: Ogerpon|Ogerpon-Wellspring, F|100\/100\n|-activate|p2a: Ogerpon|move: Sticky Web\n|-unboost|p2a: Ogerpon|spe|1\n|-damage|p2a: Ogerpon|88\/100|[from] Spikes\n|-terastallize|p1b: Armarouge|Psychic\n|move|p2b: Clefairy|Protect|p2b: Clefairy\n|-singleturn|p2b: Clefairy|Protect\n|move|p1b: Armarouge|Calm Mind|p1b: Armarouge\n|-boost|p1b: Armarouge|spa|1\n|-boost|p1b: Armarouge|spd|1\n|move|p1a: Hatterene|Psychic Terrain|p1a: Hatterene\n|-fieldstart|move: Psychic Terrain\n|\n|upkeep\n|turn|4\n|inactive|12henery12 has 120 seconds left.\n|inactive|little timmy 2013 has 120 seconds left.\n|\n|t:|1699892498\n|move|p2b: Clefairy|Protect||[still]\n|-fail|p2b: Clefairy\n|move|p2a: Ogerpon|Ivy Cudgel|p1b: Armarouge\n|-damage|p1b: Armarouge|47\/100\n|-ability|p1b: Armarouge|Weak Armor|boost\n|-unboost|p1b: Armarouge|def|1\n|-boost|p1b: Armarouge|spe|2\n|move|p1b: Armarouge|Expanding Force|p2b: Clefairy|[spread] p2a,p2b\n|-damage|p2a: Ogerpon|0 fnt\n|-damage|p2b: Clefairy|17\/100\n|faint|p2a: Ogerpon\n|move|p1a: Hatterene|Light Screen|p1a: Hatterene\n|-sidestart|p1: 12henery12|move: Light Screen\n|\n|upkeep\n|\n|t:|1699892521\n|switch|p2a: Armarouge|Armarouge, F|100\/100\n|-activate|p2a: Armarouge|move: Sticky Web\n|-unboost|p2a: Armarouge|spe|1\n|-damage|p2a: Armarouge|88\/100|[from] Spikes\n|turn|5\n|inactive|12henery12 has 120 seconds left.\n|inactive|little timmy 2013 has 120 seconds left.\n|\n|t:|1699892543\n|move|p1b: Armarouge|Expanding Force|p2a: Armarouge|[spread] p2a,p2b\n|-resisted|p2a: Armarouge\n|-damage|p2a: Armarouge|23\/100\n|-damage|p2b: Clefairy|0 fnt\n|faint|p2b: Clefairy\n|move|p2a: Armarouge|Armor Cannon|p1b: Armarouge\n|-damage|p1b: Armarouge|10\/100\n|-unboost|p2a: Armarouge|def|1\n|-unboost|p2a: Armarouge|spd|1\n|-damage|p2a: Armarouge|13\/100|[from] item: Life Orb\n|move|p1a: Hatterene|Reflect|p1a: Hatterene\n|-sidestart|p1: 12henery12|Reflect\n|\n|upkeep\n|\n|t:|1699892556\n|switch|p2b: Sinistcha|Sinistcha-Masterpiece|100\/100\n|-activate|p2b: Sinistcha|move: Sticky Web\n|-unboost|p2b: Sinistcha|spe|1\n|-damage|p2b: Sinistcha|88\/100|[from] Spikes\n|-heal|p2a: Armarouge|37\/100|[from] ability: Hospitality|[of] p2b: Sinistcha\n|turn|6\n|inactive|little timmy 2013 has 120 seconds left.\n|inactive|12henery12 has 120 seconds left.\n|\n|t:|1699892573\n|switch|p1a: Iron Valiant|Iron Valiant|100\/100\n|-enditem|p1a: Iron Valiant|Booster Energy\n|-activate|p1a: Iron Valiant|ability: Quark Drive|[fromitem]\n|-start|p1a: Iron Valiant|quarkdrivespe\n|move|p1b: Armarouge|Expanding Force|p2b: Sinistcha|[spread] p2a,p2b\n|-resisted|p2a: Armarouge\n|-damage|p2a: Armarouge|0 fnt\n|-damage|p2b: Sinistcha|0 fnt\n|faint|p2a: Armarouge\n|faint|p2b: Sinistcha\n|\n|upkeep\n|inactive|little timmy 2013 has 120 seconds left.\n|\n|t:|1699892585\n|switch|p2a: Garchomp|Garchomp, F|100\/100\n|switch|p2b: Hawlucha|Hawlucha, M|100\/100\n|-activate|p2a: Garchomp|move: Sticky Web\n|-unboost|p2a: Garchomp|spe|1\n|-damage|p2a: Garchomp|88\/100|[from] Spikes\n|turn|7\n|inactive|little timmy 2013 has 120 seconds left.\n|\n|t:|1699892612\n|move|p1a: Iron Valiant|Moonblast|p2a: Garchomp\n|-supereffective|p2a: Garchomp\n|-damage|p2a: Garchomp|0 fnt\n|faint|p2a: Garchomp\n|move|p2b: Hawlucha|Acrobatics|p1b: Armarouge\n|-damage|p1b: Armarouge|0 fnt\n|faint|p1b: Armarouge\n|\n|-fieldend|move: Psychic Terrain\n|upkeep\n|\n|t:|1699892622\n|switch|p1b: Hatterene|Hatterene, F|95\/100\n|turn|8\n|\n|t:|1699892629\n|move|p1a: Iron Valiant|Thunderbolt|p2b: Hawlucha\n|-supereffective|p2b: Hawlucha\n|-damage|p2b: Hawlucha|0 fnt\n|faint|p2b: Hawlucha\n|\n|win|12henery12\n|raw|12henery12's rating: 1108 &rarr; <strong>1141<\/strong><br \/>(+33 for winning)\n|raw|little timmy 2013's rating: 1217 &rarr; <strong>1184<\/strong><br \/>(-33 for losing)\n|l|\u2606little timmy 2013\n","uploadtime":1699892675,"views":29,"p1id":"12henery12","p2id":"littletimmy2013","formatid":"gen9doublesou","rating":1141,"private":0,"password":""}