{"id":"gen9doublesou-1978608600","p1":"Metal Jester","p2":"ArveyBkz","format":"[Gen 9] Doubles OU","log":"|j|\u2606Metal Jester\n|j|\u2606ArveyBkz\n|t:|1698565859\n|gametype|doubles\n|player|p1|Metal Jester|guitarist|1248\n|player|p2|ArveyBkz|benga|1139\n|teamsize|p1|6\n|teamsize|p2|6\n|gen|9\n|tier|[Gen 9] Doubles OU\n|rated|\n|rule|Species Clause: Limit one of each Pok\u00e9mon\n|rule|OHKO Clause: OHKO moves are banned\n|rule|Evasion Moves Clause: Evasion moves are banned\n|rule|Gravity Sleep Clause: The combination of sleep-inducing moves with imperfect accuracy and Gravity or Gigantamax Orbeetle are banned\n|rule|Endless Battle Clause: Forcing endless battles is banned\n|rule|HP Percentage Mod: HP is shown in percentages\n|clearpoke\n|poke|p1|Tornadus, M|\n|poke|p1|Stonjourner, M|\n|poke|p1|Flutter Mane|\n|poke|p1|Iron Hands|\n|poke|p1|Landorus-Therian, M|\n|poke|p1|Goodra-Hisui, M|\n|poke|p2|Tornadus, M|\n|poke|p2|Ogerpon-Wellspring, F|\n|poke|p2|Gliscor, M|\n|poke|p2|Dipplin, F|\n|poke|p2|Empoleon, M|\n|poke|p2|Manaphy|\n|teampreview\n|inactive|Battle timer is ON: inactive players will automatically lose when time's up. (requested by Metal Jester)\n|\n|t:|1698565877\n|start\n|switch|p1a: Tornadus|Tornadus, M|100\/100\n|switch|p1b: Iron Hands|Iron Hands|100\/100\n|switch|p2a: Tornadus|Tornadus, M, shiny|100\/100\n|switch|p2b: Gliscor|Gliscor, M, shiny|100\/100\n|turn|1\n|\n|t:|1698565906\n|switch|p2a: Empoleon|Empoleon, M, shiny|100\/100\n|move|p1b: Iron Hands|Fake Out|p2b: Gliscor\n|-damage|p2b: Gliscor|85\/100\n|move|p1a: Tornadus|Taunt|p2a: Empoleon\n|-start|p2a: Empoleon|move: Taunt\n|cant|p2b: Gliscor|flinch\n|\n|-status|p2b: Gliscor|tox|[from] item: Toxic Orb\n|upkeep\n|turn|2\n|\n|t:|1698565924\n|switch|p2a: Tornadus|Tornadus, M, shiny|100\/100\n|move|p1a: Tornadus|Tailwind|p1a: Tornadus\n|-sidestart|p1: Metal Jester|move: Tailwind\n|move|p1b: Iron Hands|Ice Punch|p2b: Gliscor\n|-supereffective|p2b: Gliscor\n|-damage|p2b: Gliscor|0 fnt\n|faint|p2b: Gliscor\n|\n|upkeep\n|inactive|ArveyBkz has 120 seconds left.\n|\n|t:|1698565947\n|switch|p2b: Dipplin|Dipplin, F, shiny|100\/100\n|-ability|p2b: Dipplin|Supersweet Syrup\n|-ability|p2b: Dipplin|Supersweet Syrup|boost\n|-unboost|p1a: Tornadus|evasion|1\n|-unboost|p1b: Iron Hands|evasion|1\n|turn|3\n|\n|t:|1698565969\n|-terastallize|p2b: Dipplin|Steel\n|move|p1a: Tornadus|Taunt|p2a: Tornadus\n|-start|p2a: Tornadus|move: Taunt\n|cant|p2a: Tornadus|move: Taunt|Tailwind\n|move|p1b: Iron Hands|Ice Punch|p2b: Dipplin\n|-resisted|p2b: Dipplin\n|-damage|p2b: Dipplin|91\/100\n|move|p2b: Dipplin|Syrup Bomb|p1b: Iron Hands\n|-damage|p1b: Iron Hands|83\/100\n|-start|p1b: Iron Hands|Syrup Bomb\n|\n|-unboost|p1b: Iron Hands|spe|1\n|upkeep\n|turn|4\n|\n|t:|1698565991\n|switch|p2a: Ogerpon|Ogerpon-Wellspring, F|100\/100\n|move|p1a: Tornadus|Heat Wave|p2b: Dipplin|[spread] p2a,p2b\n|-supereffective|p2b: Dipplin\n|-damage|p2a: Ogerpon|74\/100\n|-damage|p2b: Dipplin|56\/100\n|-status|p2b: Dipplin|brn\n|move|p1b: Iron Hands|Wild Charge|p2a: Ogerpon\n|-damage|p2a: Ogerpon|7\/100\n|-damage|p1b: Iron Hands|73\/100|[from] Recoil\n|move|p2b: Dipplin|Infestation|p1b: Iron Hands\n|-resisted|p1b: Iron Hands\n|-damage|p1b: Iron Hands|71\/100\n|-activate|p1b: Iron Hands|move: Infestation|[of] p2b: Dipplin\n|\n|-damage|p2b: Dipplin|50\/100 brn|[from] brn\n|-damage|p1b: Iron Hands|59\/100|[from] move: Infestation|[partiallytrapped]\n|-unboost|p1b: Iron Hands|spe|1\n|upkeep\n|turn|5\n|\n|t:|1698566010\n|move|p2a: Ogerpon|Spiky Shield|p2a: Ogerpon\n|-singleturn|p2a: Ogerpon|move: Protect\n|move|p1a: Tornadus|Heat Wave|p2a: Ogerpon|[spread] p2b\n|-activate|p2a: Ogerpon|move: Protect\n|-supereffective|p2b: Dipplin\n|-damage|p2b: Dipplin|10\/100 brn\n|move|p1b: Iron Hands|Wild Charge|p2b: Dipplin\n|-crit|p2b: Dipplin\n|-damage|p2b: Dipplin|0 fnt\n|faint|p2b: Dipplin\n|-damage|p1b: Iron Hands|57\/100|[from] Recoil\n|\n|-end|p1b: Iron Hands|Infestation|[partiallytrapped]|[silent]\n|-unboost|p1b: Iron Hands|spe|1\n|-sideend|p1: Metal Jester|move: Tailwind\n|upkeep\n|inactive|ArveyBkz has 120 seconds left.\n|\n|t:|1698566034\n|switch|p2b: Tornadus|Tornadus, M, shiny|100\/100\n|turn|6\n|\n|t:|1698566050\n|move|p2a: Ogerpon|Follow Me|p2a: Ogerpon\n|-singleturn|p2a: Ogerpon|move: Follow Me\n|move|p1a: Tornadus|Taunt|p2a: Ogerpon\n|-start|p2a: Ogerpon|move: Taunt\n|move|p2b: Tornadus|Taunt|p1a: Tornadus\n|-start|p1a: Tornadus|move: Taunt\n|move|p1b: Iron Hands|Wild Charge|p2a: Ogerpon\n|-damage|p2a: Ogerpon|0 fnt\n|faint|p2a: Ogerpon\n|-damage|p1b: Iron Hands|56\/100|[from] Recoil\n|\n|-end|p1b: Iron Hands|Syrup Bomb|[silent]\n|upkeep\n|\n|t:|1698566064\n|switch|p2a: Manaphy|Manaphy, shiny|100\/100\n|turn|7\n|\n|t:|1698566079\n|move|p2b: Tornadus|Tailwind|p2b: Tornadus\n|-sidestart|p2: ArveyBkz|move: Tailwind\n|move|p2a: Manaphy|Grass Knot|p1b: Iron Hands\n|-damage|p1b: Iron Hands|29\/100\n|-damage|p2a: Manaphy|91\/100|[from] item: Life Orb\n|move|p1a: Tornadus|Bleakwind Storm|p2b: Tornadus|[spread] p2a,p2b\n|-damage|p2a: Manaphy|53\/100\n|-damage|p2b: Tornadus|56\/100\n|-unboost|p2b: Tornadus|spe|1\n|move|p1b: Iron Hands|Wild Charge|p2b: Tornadus\n|-supereffective|p2b: Tornadus\n|-damage|p2b: Tornadus|0 fnt\n|faint|p2b: Tornadus\n|-damage|p1b: Iron Hands|21\/100|[from] Recoil\n|\n|upkeep\n|\n|t:|1698566094\n|switch|p2b: Empoleon|Empoleon, M, shiny|100\/100\n|turn|8\n|\n|t:|1698566105\n|move|p2a: Manaphy|Grass Knot|p1b: Iron Hands\n|-damage|p1b: Iron Hands|0 fnt\n|faint|p1b: Iron Hands\n|-end|p1b: Iron Hands|Quark Drive|[silent]\n|-damage|p2a: Manaphy|43\/100|[from] item: Life Orb\n|move|p1a: Tornadus|Bleakwind Storm|p2a: Manaphy|[spread] p2a,p2b\n|-resisted|p2b: Empoleon\n|-damage|p2a: Manaphy|10\/100\n|-damage|p2b: Empoleon|82\/100\n|-unboost|p2b: Empoleon|spe|1\n|move|p2b: Empoleon|Ice Beam|p1a: Tornadus\n|-supereffective|p1a: Tornadus\n|-damage|p1a: Tornadus|0 fnt\n|faint|p1a: Tornadus\n|-damage|p2b: Empoleon|72\/100|[from] item: Life Orb\n|\n|upkeep\n|\n|t:|1698566117\n|switch|p1a: Goodra|Goodra-Hisui, M|100\/100\n|switch|p1b: Flutter Mane|Flutter Mane|100\/100\n|turn|9\n|inactive|ArveyBkz has 120 seconds left.\n|\n|t:|1698566157\n|-terastallize|p1a: Goodra|Water\n|move|p2a: Manaphy|Ice Beam|p1a: Goodra\n|-resisted|p1a: Goodra\n|-damage|p1a: Goodra|90\/100\n|-status|p1a: Goodra|frz\n|-damage|p2a: Manaphy|0 fnt|[from] item: Life Orb\n|faint|p2a: Manaphy\n|move|p1b: Flutter Mane|Shadow Ball|p2b: Empoleon\n|-damage|p2b: Empoleon|7\/100\n|move|p2b: Empoleon|Hydro Pump|p1b: Flutter Mane\n|-damage|p1b: Flutter Mane|0 fnt\n|faint|p1b: Flutter Mane\n|-end|p1b: Flutter Mane|Protosynthesis|[silent]\n|-damage|p2b: Empoleon|0 fnt|[from] item: Life Orb\n|faint|p2b: Empoleon\n|\n|win|Metal Jester\n|raw|Metal Jester's rating: 1248 &rarr; <strong>1265<\/strong><br \/>(+17 for winning)\n|raw|ArveyBkz's rating: 1139 &rarr; <strong>1122<\/strong><br \/>(-17 for losing)\n","uploadtime":1698566173,"views":19,"p1id":"metaljester","p2id":"arveybkz","formatid":"gen9doublesou","rating":1122,"private":0,"password":""}