{"id":"gen9doublesou-1990385904","p1":"MonkeyLover227","p2":"milituga","format":"[Gen 9] Doubles OU","log":"|j|\u2606MonkeyLover227\n|j|\u2606milituga\n|t:|1699965348\n|gametype|doubles\n|player|p1|MonkeyLover227|benga|1314\n|player|p2|milituga|oichi-conquest|1317\n|teamsize|p1|6\n|teamsize|p2|6\n|gen|9\n|tier|[Gen 9] Doubles OU\n|rated|\n|rule|Species Clause: Limit one of each Pok\u00e9mon\n|rule|OHKO Clause: OHKO moves are banned\n|rule|Evasion Moves Clause: Evasion moves are banned\n|rule|Gravity Sleep Clause: The combination of sleep-inducing moves with imperfect accuracy and Gravity or Gigantamax Orbeetle are banned\n|rule|Endless Battle Clause: Forcing endless battles is banned\n|rule|HP Percentage Mod: HP is shown in percentages\n|clearpoke\n|poke|p1|Samurott-Hisui, M|\n|poke|p1|Ursaluna-Bloodmoon, M|\n|poke|p1|Cresselia, F|\n|poke|p1|Glimmora, F|\n|poke|p1|Kingambit, F|\n|poke|p1|Flutter Mane|\n|poke|p2|Kommo-o, M|\n|poke|p2|Sinistcha|\n|poke|p2|Iron Hands|\n|poke|p2|Landorus-Therian, M|\n|poke|p2|Ursaluna, M|\n|poke|p2|Maushold-Four|\n|teampreview\n|inactive|Battle timer is ON: inactive players will automatically lose when time's up. (requested by MonkeyLover227)\n|\n|t:|1699965362\n|start\n|switch|p1a: Cresselia|Cresselia, F|100\/100\n|switch|p1b: Glimmora|Glimmora, F|100\/100\n|switch|p2a: Kommo-o|Kommo-o, M|100\/100\n|switch|p2b: Iron Hands|Iron Hands|100\/100\n|turn|1\n|\n|t:|1699965383\n|move|p2b: Iron Hands|Fake Out|p1a: Cresselia\n|-damage|p1a: Cresselia|89\/100\n|move|p1b: Glimmora|Stealth Rock|p2a: Kommo-o\n|-sidestart|p2: milituga|move: Stealth Rock\n|move|p2a: Kommo-o|Clangorous Soul|p2a: Kommo-o\n|-boost|p2a: Kommo-o|atk|1\n|-boost|p2a: Kommo-o|def|1\n|-boost|p2a: Kommo-o|spa|1\n|-boost|p2a: Kommo-o|spd|1\n|-boost|p2a: Kommo-o|spe|1\n|-damage|p2a: Kommo-o|68\/100\n|-enditem|p2a: Kommo-o|Throat Spray\n|-boost|p2a: Kommo-o|spa|1|[from] item: Throat Spray\n|cant|p1a: Cresselia|flinch\n|\n|-heal|p1a: Cresselia|95\/100|[from] item: Leftovers\n|upkeep\n|turn|2\n|inactive|MonkeyLover227 has 120 seconds left.\n|\n|t:|1699965421\n|-end|p2b: Iron Hands|Quark Drive|[silent]\n|switch|p2b: Sinistcha|Sinistcha|100\/100\n|-damage|p2b: Sinistcha|88\/100|[from] Stealth Rock\n|-heal|p2a: Kommo-o|92\/100|[from] ability: Hospitality|[of] p2b: Sinistcha\n|move|p2a: Kommo-o|Clanging Scales|p1a: Cresselia|[spread] p1a,p1b\n|-damage|p1a: Cresselia|49\/100\n|-damage|p1b: Glimmora|19\/100\n|-unboost|p2a: Kommo-o|def|1\n|move|p1b: Glimmora|Mortal Spin|p2b: Sinistcha|[spread] p2a,p2b\n|-damage|p2a: Kommo-o|88\/100\n|-damage|p2b: Sinistcha|85\/100\n|-status|p2a: Kommo-o|psn\n|-status|p2b: Sinistcha|psn\n|move|p1a: Cresselia|Trick Room|p1a: Cresselia\n|-fieldstart|move: Trick Room|[of] p1a: Cresselia\n|\n|-heal|p1a: Cresselia|55\/100|[from] item: Leftovers\n|-heal|p2b: Sinistcha|91\/100 psn|[from] item: Leftovers\n|-damage|p2b: Sinistcha|78\/100 psn|[from] psn\n|-damage|p2a: Kommo-o|75\/100 psn|[from] psn\n|upkeep\n|turn|3\n|inactive|MonkeyLover227 has 120 seconds left.\n|\n|t:|1699965442\n|switch|p1b: Ursaluna|Ursaluna-Bloodmoon, M|100\/100\n|move|p2a: Kommo-o|Protect|p2a: Kommo-o\n|-singleturn|p2a: Kommo-o|Protect\n|move|p1a: Cresselia|Lunar Blessing|p1a: Cresselia|[spread] p1a,p1b\n|-heal|p1a: Cresselia|80\/100\n|move|p2b: Sinistcha|Trick Room|p2b: Sinistcha\n|-fieldend|move: Trick Room\n|\n|-heal|p2b: Sinistcha|84\/100 psn|[from] item: Leftovers\n|-heal|p1a: Cresselia|86\/100|[from] item: Leftovers\n|-damage|p2a: Kommo-o|63\/100 psn|[from] psn\n|-damage|p2b: Sinistcha|72\/100 psn|[from] psn\n|upkeep\n|turn|4\n|\n|t:|1699965460\n|move|p2a: Kommo-o|Clanging Scales|p1a: Cresselia|[spread] p1a,p1b\n|-damage|p1a: Cresselia|41\/100\n|-damage|p1b: Ursaluna|26\/100\n|-unboost|p2a: Kommo-o|def|1\n|move|p1b: Ursaluna|Earth Power|p2a: Kommo-o\n|-damage|p2a: Kommo-o|23\/100 psn\n|move|p2b: Sinistcha|Trick Room|p2b: Sinistcha\n|-fieldstart|move: Trick Room|[of] p2b: Sinistcha\n|move|p1a: Cresselia|Trick Room|p1a: Cresselia\n|-fieldend|move: Trick Room\n|\n|-heal|p2b: Sinistcha|78\/100 psn|[from] item: Leftovers\n|-heal|p1a: Cresselia|47\/100|[from] item: Leftovers\n|-heal|p1b: Ursaluna|32\/100|[from] item: Leftovers\n|-damage|p2a: Kommo-o|10\/100 psn|[from] psn\n|-damage|p2b: Sinistcha|66\/100 psn|[from] psn\n|upkeep\n|turn|5\n|-message|MonkeyLover227 forfeited.\n|\n|win|milituga\n|raw|MonkeyLover227's rating: 1314 &rarr; <strong>1294<\/strong><br \/>(-20 for losing)\n|raw|milituga's rating: 1317 &rarr; <strong>1337<\/strong><br \/>(+20 for winning)\n|l|\u2606MonkeyLover227\n","uploadtime":1699965503,"views":14,"p1id":"monkeylover227","p2id":"milituga","formatid":"gen9doublesou","rating":1294,"private":0,"password":""}