{"id":"gen9doublesou-1986104704","p1":"vovicken","p2":"mikeyuwu","format":"[Gen 9] Doubles OU","log":"|j|\u2606vovicken\n|j|\u2606mikeyuwu\n|t:|1699450550\n|gametype|doubles\n|player|p1|vovicken|hilbert|1439\n|player|p2|mikeyuwu|psychic-gen4|1271\n|teamsize|p1|6\n|teamsize|p2|6\n|gen|9\n|tier|[Gen 9] Doubles OU\n|rated|\n|rule|Species Clause: Limit one of each Pok\u00e9mon\n|rule|OHKO Clause: OHKO moves are banned\n|rule|Evasion Moves Clause: Evasion moves are banned\n|rule|Gravity Sleep Clause: The combination of sleep-inducing moves with imperfect accuracy and Gravity or Gigantamax Orbeetle are banned\n|rule|Endless Battle Clause: Forcing endless battles is banned\n|rule|HP Percentage Mod: HP is shown in percentages\n|clearpoke\n|poke|p1|Indeedee-F, F|\n|poke|p1|Armarouge, F|\n|poke|p1|Torkoal, F|\n|poke|p1|Vikavolt, M|\n|poke|p1|Snorlax, F|\n|poke|p1|Cresselia, F|\n|poke|p2|Garchomp, M|\n|poke|p2|Tyranitar, F|\n|poke|p2|Vaporeon, F|\n|poke|p2|Toxicroak, M|\n|poke|p2|Pelipper, F|\n|poke|p2|Abomasnow, M|\n|teampreview\n|\n|t:|1699450553\n|start\n|switch|p1a: Indeedee|Indeedee-F, F|100\/100\n|switch|p1b: Armarouge|Armarouge, F|100\/100\n|switch|p2a: OTLHPM|Toxicroak, M|100\/100\n|switch|p2b: Harmacy|Vaporeon, F|100\/100\n|-fieldstart|move: Psychic Terrain|[from] ability: Psychic Surge|[of] p1a: Indeedee\n|turn|1\n|\n|t:|1699450575\n|switch|p2b: ThcrThnSnkr|Tyranitar, F|100\/100\n|-weather|Sandstorm|[from] ability: Sand Stream|[of] p2b: ThcrThnSnkr\n|-terastallize|p2a: OTLHPM|Dark\n|move|p1a: Indeedee|Follow Me|p1a: Indeedee\n|-singleturn|p1a: Indeedee|move: Follow Me\n|move|p2a: OTLHPM|Poison Jab|p1a: Indeedee\n|-damage|p1a: Indeedee|60\/100\n|move|p1b: Armarouge|Expanding Force|p2a: OTLHPM|[spread] \n|-immune|p2a: OTLHPM\n|-immune|p2b: ThcrThnSnkr\n|\n|-weather|Sandstorm|[upkeep]\n|-damage|p1a: Indeedee|54\/100|[from] Sandstorm\n|-damage|p2a: OTLHPM|94\/100|[from] Sandstorm\n|-damage|p1b: Armarouge|94\/100|[from] Sandstorm\n|-damage|p2a: OTLHPM|82\/100|[from] item: Black Sludge\n|upkeep\n|turn|2\n|\n|t:|1699450598\n|switch|p2a: Harmacy|Vaporeon, F|100\/100\n|move|p1a: Indeedee|Follow Me|p1a: Indeedee\n|-singleturn|p1a: Indeedee|move: Follow Me\n|move|p2b: ThcrThnSnkr|Knock Off|p1a: Indeedee\n|-supereffective|p1a: Indeedee\n|-damage|p1a: Indeedee|0 fnt\n|-enditem|p1a: Indeedee|Focus Sash|[from] move: Knock Off|[of] p2b: ThcrThnSnkr\n|faint|p1a: Indeedee\n|move|p1b: Armarouge|Trick Room|p1b: Armarouge\n|-fieldstart|move: Trick Room|[of] p1b: Armarouge\n|\n|-weather|Sandstorm|[upkeep]\n|-damage|p1b: Armarouge|88\/100|[from] Sandstorm\n|-damage|p2a: Harmacy|94\/100|[from] Sandstorm\n|-heal|p2a: Harmacy|100\/100|[from] item: Leftovers\n|upkeep\n|\n|t:|1699450622\n|switch|p1a: Torkoal|Torkoal, F|100\/100\n|-weather|SunnyDay|[from] ability: Drought|[of] p1a: Torkoal\n|turn|3\n|\n|t:|1699450630\n|switch|p2b: Weather War|Pelipper, F|100\/100\n|-weather|RainDance|[from] ability: Drizzle|[of] p2b: Weather War\n|-terastallize|p1a: Torkoal|Fire\n|move|p1a: Torkoal|Lava Plume|p2a: Harmacy|[spread] p2a,p2b\n|-start|p1b: Armarouge|ability: Flash Fire\n|-resisted|p2a: Harmacy\n|-resisted|p2b: Weather War\n|-damage|p2a: Harmacy|93\/100\n|-damage|p2b: Weather War|86\/100\n|move|p1b: Armarouge|Heat Wave|p2a: Harmacy|[spread] p2a,p2b\n|-resisted|p2a: Harmacy\n|-resisted|p2b: Weather War\n|-damage|p2a: Harmacy|82\/100\n|-damage|p2b: Weather War|64\/100\n|move|p2a: Harmacy|Weather Ball|p1b: Armarouge\n|-supereffective|p1b: Armarouge\n|-damage|p1b: Armarouge|0 fnt\n|faint|p1b: Armarouge\n|\n|-weather|RainDance|[upkeep]\n|-heal|p2a: Harmacy|88\/100|[from] item: Leftovers\n|upkeep\n|\n|t:|1699450657\n|switch|p1b: Cresselia|Cresselia, F|100\/100\n|turn|4\n|\n|t:|1699450665\n|switch|p1a: Snorlax|Snorlax, F|100\/100\n|move|p1b: Cresselia|Calm Mind|p1b: Cresselia\n|-boost|p1b: Cresselia|spa|1\n|-boost|p1b: Cresselia|spd|1\n|move|p2a: Harmacy|Weather Ball|p1a: Snorlax\n|-damage|p1a: Snorlax|63\/100\n|move|p2b: Weather War|Chilling Water|p1b: Cresselia\n|-damage|p1b: Cresselia|89\/100\n|-unboost|p1b: Cresselia|atk|1\n|\n|-weather|RainDance|[upkeep]\n|-heal|p2a: Harmacy|94\/100|[from] item: Leftovers\n|upkeep\n|turn|5\n|\n|t:|1699450692\n|switch|p2b: Extra Spicy|Garchomp, M|100\/100\n|move|p1a: Snorlax|Facade|p2a: Harmacy\n|-damage|p2a: Harmacy|53\/100\n|move|p1b: Cresselia|Lunar Blessing|p1b: Cresselia|[spread] p1a,p1b\n|-heal|p1a: Snorlax|88\/100\n|-heal|p1b: Cresselia|100\/100\n|move|p2a: Harmacy|Copycat|p2a: Harmacy\n|move|p2a: Harmacy|Lunar Blessing|p2a: Harmacy|[from]move: Copycat|[spread] p2a,p2b\n|-heal|p2a: Harmacy|78\/100\n|\n|-weather|RainDance|[upkeep]\n|-heal|p2a: Harmacy|85\/100|[from] item: Leftovers\n|-fieldend|move: Psychic Terrain\n|upkeep\n|turn|6\n|\n|t:|1699450714\n|move|p1a: Snorlax|Facade|p2b: Extra Spicy\n|-damage|p2b: Extra Spicy|65\/100\n|-damage|p1a: Snorlax|75\/100|[from] ability: Rough Skin|[of] p2b: Extra Spicy\n|-damage|p1a: Snorlax|59\/100|[from] item: Rocky Helmet|[of] p2b: Extra Spicy\n|move|p1b: Cresselia|Psychic|p2b: Extra Spicy\n|-damage|p2b: Extra Spicy|32\/100\n|move|p2a: Harmacy|Copycat|p2a: Harmacy\n|move|p2a: Harmacy|Psychic|p1a: Snorlax|[from]move: Copycat\n|-damage|p1a: Snorlax|43\/100\n|move|p2b: Extra Spicy|Liquidation|p1a: Snorlax\n|-damage|p1a: Snorlax|15\/100\n|\n|-weather|RainDance|[upkeep]\n|-heal|p2a: Harmacy|91\/100|[from] item: Leftovers\n|-fieldend|move: Trick Room\n|upkeep\n|turn|7\n|\n|t:|1699450736\n|move|p2b: Extra Spicy|Brick Break|p1a: Snorlax\n|-supereffective|p1a: Snorlax\n|-damage|p1a: Snorlax|0 fnt\n|faint|p1a: Snorlax\n|move|p2a: Harmacy|Wish|p2a: Harmacy\n|move|p1b: Cresselia|Trick Room|p1b: Cresselia\n|-fieldstart|move: Trick Room|[of] p1b: Cresselia\n|\n|-weather|none\n|-heal|p2a: Harmacy|97\/100|[from] item: Leftovers\n|upkeep\n|\n|t:|1699450746\n|switch|p1a: Torkoal|Torkoal, F, tera:Fire|100\/100\n|-weather|SunnyDay|[from] ability: Drought|[of] p1a: Torkoal\n|turn|8\n|\n|t:|1699450754\n|switch|p2a: Weather War|Pelipper, F|64\/100\n|-weather|RainDance|[from] ability: Drizzle|[of] p2a: Weather War\n|switch|p2b: ThcrThnSnkr|Tyranitar, F|100\/100\n|-weather|Sandstorm|[from] ability: Sand Stream|[of] p2b: ThcrThnSnkr\n|move|p1a: Torkoal|Eruption|p2b: ThcrThnSnkr|[spread] p2a,p2b\n|-resisted|p2a: Weather War\n|-resisted|p2b: ThcrThnSnkr\n|-damage|p2a: Weather War|10\/100\n|-damage|p2b: ThcrThnSnkr|89\/100\n|move|p1b: Cresselia|Psychic|p2a: Weather War\n|-damage|p2a: Weather War|0 fnt\n|faint|p2a: Weather War\n|\n|-weather|Sandstorm|[upkeep]\n|-damage|p1a: Torkoal|94\/100|[from] Sandstorm\n|-damage|p1b: Cresselia|94\/100|[from] Sandstorm\n|upkeep\n|\n|t:|1699450770\n|switch|p2a: Harmacy|Vaporeon, F|97\/100\n|turn|9\n|\n|t:|1699450787\n|switch|p1a: Vikavolt|Vikavolt, M|100\/100\n|move|p1b: Cresselia|Psychic|p2a: Harmacy\n|-crit|p2a: Harmacy\n|-damage|p2a: Harmacy|54\/100\n|-unboost|p2a: Harmacy|spd|1\n|move|p2a: Harmacy|Weather Ball|p1a: Vikavolt\n|-supereffective|p1a: Vikavolt\n|-damage|p1a: Vikavolt|40\/100\n|move|p2b: ThcrThnSnkr|Knock Off|p1b: Cresselia\n|-supereffective|p1b: Cresselia\n|-damage|p1b: Cresselia|51\/100\n|-enditem|p1b: Cresselia|Sitrus Berry|[from] move: Knock Off|[of] p2b: ThcrThnSnkr\n|\n|-weather|Sandstorm|[upkeep]\n|-damage|p1a: Vikavolt|34\/100|[from] Sandstorm\n|-damage|p1b: Cresselia|45\/100|[from] Sandstorm\n|-damage|p2a: Harmacy|48\/100|[from] Sandstorm\n|-heal|p2a: Harmacy|54\/100|[from] item: Leftovers\n|upkeep\n|turn|10\n|\n|t:|1699450811\n|switch|p2a: Extra Spicy|Garchomp, M|32\/100\n|move|p1a: Vikavolt|Bug Buzz|p2b: ThcrThnSnkr\n|-supereffective|p2b: ThcrThnSnkr\n|-damage|p2b: ThcrThnSnkr|44\/100\n|-damage|p1a: Vikavolt|24\/100|[from] item: Life Orb\n|move|p1b: Cresselia|Psychic|p2a: Extra Spicy\n|-damage|p2a: Extra Spicy|0 fnt\n|faint|p2a: Extra Spicy\n|move|p2b: ThcrThnSnkr|Rock Slide|p1b: Cresselia|[spread] p1a,p1b\n|-supereffective|p1a: Vikavolt\n|-damage|p1a: Vikavolt|0 fnt\n|-damage|p1b: Cresselia|32\/100\n|faint|p1a: Vikavolt\n|\n|-weather|Sandstorm|[upkeep]\n|-damage|p1b: Cresselia|26\/100|[from] Sandstorm\n|upkeep\n|\n|t:|1699450829\n|switch|p1a: Torkoal|Torkoal, F, tera:Fire|94\/100\n|switch|p2a: Harmacy|Vaporeon, F|54\/100\n|-weather|SunnyDay|[from] ability: Drought|[of] p1a: Torkoal\n|turn|11\n|\n|t:|1699450840\n|switch|p2b: OTLHPM|Toxicroak, M, tera:Dark|82\/100\n|move|p1a: Torkoal|Eruption|p2a: Harmacy|[spread] p2a,p2b\n|-resisted|p2a: Harmacy\n|-damage|p2a: Harmacy|10\/100\n|-damage|p2b: OTLHPM|0 fnt\n|faint|p2b: OTLHPM\n|move|p1b: Cresselia|Calm Mind|p1b: Cresselia\n|-boost|p1b: Cresselia|spa|1\n|-boost|p1b: Cresselia|spd|1\n|move|p2a: Harmacy|Wish|p2a: Harmacy\n|\n|-weather|SunnyDay|[upkeep]\n|-heal|p2a: Harmacy|16\/100|[from] item: Leftovers\n|-fieldend|move: Trick Room\n|upkeep\n|\n|t:|1699450844\n|switch|p2b: ThcrThnSnkr|Tyranitar, F|44\/100\n|-weather|Sandstorm|[from] ability: Sand Stream|[of] p2b: ThcrThnSnkr\n|turn|12\n|c|\u2606mikeyuwu|Gg\n|\n|t:|1699450862\n|move|p2b: ThcrThnSnkr|Rock Slide|p1b: Cresselia|[spread] p1a,p1b\n|-supereffective|p1a: Torkoal\n|-damage|p1a: Torkoal|55\/100\n|-damage|p1b: Cresselia|12\/100\n|move|p2a: Harmacy|Copycat|p2a: Harmacy\n|move|p2a: Harmacy|Rock Slide|p1a: Torkoal|[from]move: Copycat|[spread] p1b\n|-miss|p2a: Harmacy|p1a: Torkoal\n|-damage|p1b: Cresselia|8\/100\n|cant|p1b: Cresselia|flinch\n|cant|p1a: Torkoal|flinch\n|\n|-weather|Sandstorm|[upkeep]\n|-damage|p2a: Harmacy|10\/100|[from] Sandstorm\n|-damage|p1b: Cresselia|2\/100|[from] Sandstorm\n|-damage|p1a: Torkoal|49\/100|[from] Sandstorm\n|-heal|p2a: Harmacy|59\/100|[from] move: Wish|[wisher] Harmacy\n|-heal|p2a: Harmacy|66\/100|[from] item: Leftovers\n|upkeep\n|turn|13\n|\n|t:|1699450886\n|move|p2b: ThcrThnSnkr|Knock Off|p1b: Cresselia\n|-supereffective|p1b: Cresselia\n|-damage|p1b: Cresselia|0 fnt\n|faint|p1b: Cresselia\n|move|p2a: Harmacy|Weather Ball|p1a: Torkoal\n|-supereffective|p1a: Torkoal\n|-damage|p1a: Torkoal|0 fnt\n|faint|p1a: Torkoal\n|\n|win|mikeyuwu\n|raw|vovicken's rating: 1439 &rarr; <strong>1410<\/strong><br \/>(-29 for losing)\n|raw|mikeyuwu's rating: 1271 &rarr; <strong>1307<\/strong><br \/>(+36 for winning)\n|l|\u2606vovicken\n","uploadtime":1699450921,"views":25,"p1id":"vovicken","p2id":"mikeyuwu","formatid":"gen9doublesou","rating":1307,"private":0,"password":""}