{"id":"gen9doublesou-1970103360","p1":"jpop21","p2":"MetaBonker69","format":"[Gen 9] Doubles OU","log":"|j|\u2606jpop21\n|j|\u2606MetaBonker69\n|t:|1697594513\n|gametype|doubles\n|player|p1|jpop21|102|1053\n|player|p2|MetaBonker69|169|1040\n|teamsize|p1|6\n|teamsize|p2|6\n|gen|9\n|tier|[Gen 9] Doubles OU\n|rated|\n|rule|Species Clause: Limit one of each Pok\u00e9mon\n|rule|OHKO Clause: OHKO moves are banned\n|rule|Evasion Moves Clause: Evasion moves are banned\n|rule|Gravity Sleep Clause: The combination of sleep-inducing moves with imperfect accuracy and Gravity or Gigantamax Orbeetle are banned\n|rule|Endless Battle Clause: Forcing endless battles is banned\n|rule|HP Percentage Mod: HP is shown in percentages\n|clearpoke\n|poke|p1|Iron Hands|\n|poke|p1|Ting-Lu|\n|poke|p1|Clefable, F|\n|poke|p1|Amoonguss, M|\n|poke|p1|Hawlucha, M|\n|poke|p1|Skeledirge, M|\n|poke|p2|Kricketune, M|\n|poke|p2|Ariados, M|\n|poke|p2|Crawdaunt, M|\n|poke|p2|Lurantis, F|\n|poke|p2|Masquerain, M|\n|poke|p2|Arboliva, M|\n|teampreview\n|\n|t:|1697594530\n|start\n|switch|p1a: Clefable|Clefable, F|100\/100\n|switch|p1b: Iron Hands|Iron Hands|100\/100\n|switch|p2a: Speeder|Ariados, M, shiny|100\/100\n|switch|p2b: Melon|Masquerain, M, shiny|100\/100\n|-ability|p2b: Melon|Intimidate|boost\n|-unboost|p1a: Clefable|atk|1\n|-unboost|p1b: Iron Hands|atk|1\n|-enditem|p1b: Iron Hands|Booster Energy\n|-activate|p1b: Iron Hands|ability: Quark Drive|[fromitem]\n|-start|p1b: Iron Hands|quarkdriveatk\n|turn|1\n|\n|t:|1697594547\n|move|p2b: Melon|Tailwind|p2b: Melon\n|-sidestart|p2: MetaBonker69|move: Tailwind\n|move|p2a: Speeder|Agility|p2a: Speeder\n|-boost|p2a: Speeder|spe|2\n|move|p1a: Clefable|Light Screen|p1a: Clefable\n|-sidestart|p1: jpop21|move: Light Screen\n|move|p1b: Iron Hands|Belly Drum|p1b: Iron Hands\n|-damage|p1b: Iron Hands|51\/100\n|-setboost|p1b: Iron Hands|atk|6|[from] move: Belly Drum\n|\n|upkeep\n|turn|2\n|\n|t:|1697594575\n|switch|p1a: Ting-Lu|Ting-Lu|100\/100\n|-ability|p1a: Ting-Lu|Vessel of Ruin\n|move|p1b: Iron Hands|Protect|p1b: Iron Hands\n|-singleturn|p1b: Iron Hands|Protect\n|move|p2b: Melon|Air Slash|p1b: Iron Hands\n|-activate|p1b: Iron Hands|move: Protect\n|move|p2a: Speeder|Toxic Thread|p1b: Iron Hands\n|-activate|p1b: Iron Hands|move: Protect\n|\n|upkeep\n|turn|3\n|\n|t:|1697594595\n|move|p1b: Iron Hands|Protect|p1b: Iron Hands\n|-singleturn|p1b: Iron Hands|Protect\n|move|p2b: Melon|Icy Wind|p1b: Iron Hands|[spread] \n|-activate|p1b: Iron Hands|move: Protect\n|-miss|p2b: Melon|p1a: Ting-Lu\n|move|p2a: Speeder|Toxic Thread|p1b: Iron Hands\n|-activate|p1b: Iron Hands|move: Protect\n|move|p1a: Ting-Lu|Stealth Rock|p2a: Speeder\n|-sidestart|p2: MetaBonker69|move: Stealth Rock\n|\n|upkeep\n|turn|4\n|\n|t:|1697594623\n|-end|p1b: Iron Hands|Quark Drive|[silent]\n|switch|p1b: Hawlucha|Hawlucha, M|100\/100\n|-ability|p1b: Hawlucha|Mold Breaker\n|switch|p1a: Amoonguss|Amoonguss, M|100\/100\n|move|p2b: Melon|Icy Wind|p1b: Hawlucha|[spread] p1a,p1b\n|-supereffective|p1a: Amoonguss\n|-supereffective|p1b: Hawlucha\n|-damage|p1a: Amoonguss|92\/100\n|-damage|p1b: Hawlucha|79\/100\n|-unboost|p1a: Amoonguss|spe|1\n|-unboost|p1b: Hawlucha|spe|1\n|move|p2a: Speeder|Toxic Thread|p1b: Hawlucha\n|-unboost|p1b: Hawlucha|spe|1\n|-status|p1b: Hawlucha|psn\n|\n|-damage|p1b: Hawlucha|66\/100 psn|[from] psn\n|-sideend|p2: MetaBonker69|move: Tailwind\n|upkeep\n|turn|5\n|\n|t:|1697594661\n|move|p2b: Melon|Air Slash|p1a: Amoonguss\n|-supereffective|p1a: Amoonguss\n|-damage|p1a: Amoonguss|72\/100\n|move|p2a: Speeder|Acid Spray|p1a: Amoonguss\n|-damage|p1a: Amoonguss|68\/100\n|-unboost|p1a: Amoonguss|spd|2\n|move|p1b: Hawlucha|Fire Punch|p2b: Melon\n|-supereffective|p2b: Melon\n|-damage|p2b: Melon|43\/100\n|cant|p1a: Amoonguss|flinch\n|\n|-damage|p1b: Hawlucha|54\/100 psn|[from] psn\n|-sideend|p1: jpop21|move: Light Screen\n|upkeep\n|turn|6\n|\n|t:|1697594687\n|move|p2b: Melon|Air Slash|p1a: Amoonguss\n|-supereffective|p1a: Amoonguss\n|-crit|p1a: Amoonguss\n|-damage|p1a: Amoonguss|0 fnt\n|faint|p1a: Amoonguss\n|move|p2a: Speeder|Disable|p1b: Hawlucha\n|-start|p1b: Hawlucha|Disable|Fire Punch\n|cant|p1b: Hawlucha|Disable|Fire Punch\n|\n|-damage|p1b: Hawlucha|42\/100 psn|[from] psn\n|upkeep\n|\n|t:|1697594699\n|switch|p1a: Ting-Lu|Ting-Lu|100\/100\n|-ability|p1a: Ting-Lu|Vessel of Ruin\n|turn|7\n|\n|t:|1697594722\n|move|p2b: Melon|Icy Wind|p1a: Ting-Lu|[spread] p1a,p1b\n|-supereffective|p1a: Ting-Lu\n|-supereffective|p1b: Hawlucha\n|-crit|p1b: Hawlucha\n|-damage|p1a: Ting-Lu|90\/100\n|-damage|p1b: Hawlucha|4\/100 psn\n|-unboost|p1a: Ting-Lu|spe|1\n|-unboost|p1b: Hawlucha|spe|1\n|move|p2a: Speeder|Toxic Thread|p1a: Ting-Lu\n|-unboost|p1a: Ting-Lu|spe|1\n|-status|p1a: Ting-Lu|psn\n|move|p1b: Hawlucha|Brick Break|p2a: Speeder\n|-resisted|p2a: Speeder\n|-crit|p2a: Speeder\n|-damage|p2a: Speeder|90\/100\n|move|p1a: Ting-Lu|Stealth Rock||[still]\n|-fail|p1a: Ting-Lu\n|\n|-heal|p1a: Ting-Lu|96\/100 psn|[from] item: Leftovers\n|-damage|p1b: Hawlucha|0 fnt|[from] psn\n|faint|p1b: Hawlucha\n|-damage|p1a: Ting-Lu|83\/100 psn|[from] psn\n|upkeep\n|\n|t:|1697594745\n|switch|p1b: Clefable|Clefable, F|100\/100\n|turn|8\n|\n|t:|1697594756\n|move|p2b: Melon|Air Slash|p1a: Ting-Lu\n|-damage|p1a: Ting-Lu|66\/100 psn\n|move|p2a: Speeder|Toxic Thread|p1b: Clefable\n|-unboost|p1b: Clefable|spe|1\n|-status|p1b: Clefable|psn\n|move|p1b: Clefable|Light Screen|p1b: Clefable\n|-sidestart|p1: jpop21|move: Light Screen\n|move|p1a: Ting-Lu|Stomping Tantrum|p2a: Speeder\n|-damage|p2a: Speeder|41\/100\n|\n|-heal|p1a: Ting-Lu|73\/100 psn|[from] item: Leftovers\n|-damage|p1b: Clefable|88\/100 psn|[from] psn\n|-damage|p1a: Ting-Lu|60\/100 psn|[from] psn\n|upkeep\n|turn|9\n|\n|t:|1697594786\n|move|p2b: Melon|Lunge|p1a: Ting-Lu\n|-supereffective|p1a: Ting-Lu\n|-damage|p1a: Ting-Lu|46\/100 psn\n|-unboost|p1a: Ting-Lu|atk|1\n|move|p2a: Speeder|Acid Spray|p1b: Clefable\n|-supereffective|p1b: Clefable\n|-damage|p1b: Clefable|82\/100 psn\n|-unboost|p1b: Clefable|spd|2\n|move|p1b: Clefable|Encore|p2a: Speeder\n|-start|p2a: Speeder|Encore\n|move|p1a: Ting-Lu|Stomping Tantrum|p2a: Speeder\n|-damage|p2a: Speeder|24\/100\n|\n|-heal|p1b: Clefable|88\/100 psn|[from] item: Leftovers\n|-heal|p1a: Ting-Lu|52\/100 psn|[from] item: Leftovers\n|-damage|p1b: Clefable|76\/100 psn|[from] psn\n|-damage|p1a: Ting-Lu|40\/100 psn|[from] psn\n|upkeep\n|turn|10\n|\n|t:|1697594820\n|move|p2b: Melon|Air Slash|p1a: Ting-Lu\n|-damage|p1a: Ting-Lu|30\/100 psn\n|move|p2a: Speeder|Acid Spray|p1b: Clefable\n|-supereffective|p1b: Clefable\n|-damage|p1b: Clefable|63\/100 psn\n|-unboost|p1b: Clefable|spd|2\n|move|p1b: Clefable|Healing Wish|p1b: Clefable\n|faint|p1b: Clefable\n|move|p1a: Ting-Lu|Body Press|p2a: Speeder\n|-resisted|p2a: Speeder\n|-damage|p2a: Speeder|18\/100\n|\n|-heal|p1a: Ting-Lu|36\/100 psn|[from] item: Leftovers\n|-damage|p1a: Ting-Lu|24\/100 psn|[from] psn\n|upkeep\n|\n|t:|1697594833\n|switch|p1b: Iron Hands|Iron Hands|51\/100\n|-heal|p1b: Iron Hands|100\/100|[from] move: Healing Wish\n|turn|11\n|\n|t:|1697594845\n|move|p1a: Ting-Lu|Protect|p1a: Ting-Lu\n|-singleturn|p1a: Ting-Lu|Protect\n|move|p2b: Melon|Icy Wind|p1b: Iron Hands|[spread] p1b\n|-activate|p1a: Ting-Lu|move: Protect\n|-damage|p1b: Iron Hands|96\/100\n|-unboost|p1b: Iron Hands|spe|1\n|move|p2a: Speeder|Acid Spray|p1b: Iron Hands\n|-damage|p1b: Iron Hands|92\/100\n|-unboost|p1b: Iron Hands|spd|2\n|move|p1b: Iron Hands|Drain Punch|p2a: Speeder\n|-resisted|p2a: Speeder\n|-damage|p2a: Speeder|7\/100\n|-heal|p1b: Iron Hands|96\/100|[from] drain|[of] p2a: Speeder\n|\n|-heal|p1a: Ting-Lu|30\/100 psn|[from] item: Leftovers\n|-damage|p1a: Ting-Lu|18\/100 psn|[from] psn\n|upkeep\n|turn|12\n|\n|t:|1697594874\n|move|p2b: Melon|Air Slash|p1b: Iron Hands\n|-damage|p1b: Iron Hands|73\/100\n|move|p2a: Speeder|Acid Spray|p1b: Iron Hands\n|-damage|p1b: Iron Hands|64\/100\n|-unboost|p1b: Iron Hands|spd|2\n|move|p1b: Iron Hands|Drain Punch|p2b: Melon\n|-resisted|p2b: Melon\n|-damage|p2b: Melon|25\/100\n|-heal|p1b: Iron Hands|69\/100|[from] drain|[of] p2b: Melon\n|move|p1a: Ting-Lu|Body Press|p2a: Speeder\n|-resisted|p2a: Speeder\n|-damage|p2a: Speeder|0 fnt\n|faint|p2a: Speeder\n|\n|-heal|p1a: Ting-Lu|24\/100 psn|[from] item: Leftovers\n|-damage|p1a: Ting-Lu|12\/100 psn|[from] psn\n|-sideend|p1: jpop21|move: Light Screen\n|upkeep\n|\n|t:|1697594890\n|switch|p2a: Moisture|Lurantis, F|100\/100\n|-damage|p2a: Moisture|88\/100|[from] Stealth Rock\n|turn|13\n|\n|t:|1697594910\n|move|p2b: Melon|Tailwind|p2b: Melon\n|-sidestart|p2: MetaBonker69|move: Tailwind\n|move|p2a: Moisture|Leaf Storm|p1b: Iron Hands\n|-damage|p1b: Iron Hands|0 fnt\n|-boost|p2a: Moisture|spa|2\n|faint|p1b: Iron Hands\n|-end|p1b: Iron Hands|Quark Drive|[silent]\n|move|p1a: Ting-Lu|Stomping Tantrum|p2a: Moisture\n|-resisted|p2a: Moisture\n|-damage|p2a: Moisture|79\/100\n|\n|-heal|p1a: Ting-Lu|18\/100 psn|[from] item: Leftovers\n|-damage|p1a: Ting-Lu|5\/100 psn|[from] psn\n|upkeep\n|\n|t:|1697594920\n|switch|p1b: Skeledirge|Skeledirge, M|100\/100\n|turn|14\n|\n|t:|1697594935\n|-terastallize|p2a: Moisture|Water\n|move|p2b: Melon|Icy Wind|p1b: Skeledirge|[spread] p1a,p1b\n|-supereffective|p1a: Ting-Lu\n|-resisted|p1b: Skeledirge\n|-damage|p1a: Ting-Lu|0 fnt\n|-damage|p1b: Skeledirge|98\/100\n|-unboost|p1b: Skeledirge|spe|1\n|faint|p1a: Ting-Lu\n|move|p2a: Moisture|Tera Blast|p1b: Skeledirge|[anim] Tera Blast Water\n|-supereffective|p1b: Skeledirge\n|-damage|p1b: Skeledirge|54\/100\n|move|p1b: Skeledirge|Torch Song|p2a: Moisture\n|-resisted|p2a: Moisture\n|-damage|p2a: Moisture|56\/100\n|-boost|p1b: Skeledirge|spa|1\n|-damage|p1b: Skeledirge|44\/100|[from] item: Life Orb\n|\n|upkeep\n|turn|15\n|\n|t:|1697594968\n|-terastallize|p1b: Skeledirge|Ghost\n|move|p2b: Melon|Air Slash|p1b: Skeledirge\n|-damage|p1b: Skeledirge|24\/100\n|move|p2a: Moisture|Tera Blast|p1b: Skeledirge|[anim] Tera Blast Water\n|-damage|p1b: Skeledirge|0 fnt\n|faint|p1b: Skeledirge\n|\n|win|MetaBonker69\n|raw|jpop21's rating: 1053 &rarr; <strong>1034<\/strong><br \/>(-19 for losing)\n|raw|MetaBonker69's rating: 1040 &rarr; <strong>1075<\/strong><br \/>(+35 for winning)\n|c|\u2606MetaBonker69|gg\n","uploadtime":1697594982,"views":13,"p1id":"jpop21","p2id":"metabonker69","formatid":"gen9doublesou","rating":1034,"private":0,"password":""}