{"id":"gen9doublesou-1994404795","p1":"Zulneily","p2":"THE 1 BROCK","format":"[Gen 9] Doubles OU","log":"|j|\u2606Zulneily\n|j|\u2606THE 1 BROCK\n|t:|1700440144\n|gametype|doubles\n|player|p1|Zulneily|hilda-wonderlauncher|1000\n|player|p2|THE 1 BROCK|brock|1052\n|teamsize|p1|6\n|teamsize|p2|6\n|gen|9\n|tier|[Gen 9] Doubles OU\n|rated|\n|rule|Species Clause: Limit one of each Pok\u00e9mon\n|rule|OHKO Clause: OHKO moves are banned\n|rule|Evasion Moves Clause: Evasion moves are banned\n|rule|Gravity Sleep Clause: The combination of sleep-inducing moves with imperfect accuracy and Gravity or Gigantamax Orbeetle are banned\n|rule|Endless Battle Clause: Forcing endless battles is banned\n|rule|HP Percentage Mod: HP is shown in percentages\n|clearpoke\n|poke|p1|Sinistcha|\n|poke|p1|Moltres-Galar|\n|poke|p1|Arcanine-Hisui, M|\n|poke|p1|Ogerpon-Wellspring, F|\n|poke|p1|Klefki, F|\n|poke|p1|Okidogi, M|\n|poke|p2|Golem-Alola, F|\n|poke|p2|Rabsca, F|\n|poke|p2|Dondozo, F|\n|poke|p2|Iron Hands|\n|poke|p2|Maushold-Four|\n|poke|p2|Sinistcha-Masterpiece|\n|teampreview\n|\n|t:|1700440161\n|start\n|switch|p1a: Arcanine|Arcanine-Hisui, M|100\/100\n|switch|p1b: Klefki|Klefki, F|100\/100\n|switch|p2a: Rabsca|Rabsca, F|100\/100\n|switch|p2b: Iron Hands|Iron Hands|100\/100\n|-ability|p1a: Arcanine|Intimidate|boost\n|-unboost|p2a: Rabsca|atk|1\n|-unboost|p2b: Iron Hands|atk|1\n|turn|1\n|\n|t:|1700440172\n|move|p2b: Iron Hands|Fake Out|p1b: Klefki\n|-resisted|p1b: Klefki\n|-damage|p1b: Klefki|95\/100\n|cant|p1b: Klefki|flinch\n|move|p1a: Arcanine|Rock Slide|p2a: Rabsca|[spread] p2a\n|-miss|p1a: Arcanine|p2b: Iron Hands\n|-supereffective|p2a: Rabsca\n|-damage|p2a: Rabsca|46\/100\n|move|p2a: Rabsca|Trick Room|p2a: Rabsca\n|-fieldstart|move: Trick Room|[of] p2a: Rabsca\n|\n|upkeep\n|turn|2\n|\n|t:|1700440190\n|switch|p1a: Sinistcha|Sinistcha|100\/100\n|-heal|p1b: Klefki|100\/100|[from] ability: Hospitality|[of] p1a: Sinistcha\n|move|p2a: Rabsca|Protect|p2a: Rabsca\n|-singleturn|p2a: Rabsca|Protect\n|move|p1b: Klefki|Reflect|p1b: Klefki\n|-sidestart|p1: Zulneily|Reflect\n|move|p2b: Iron Hands|Electric Terrain|p2b: Iron Hands\n|-fieldstart|move: Electric Terrain\n|-activate|p2b: Iron Hands|ability: Quark Drive\n|-start|p2b: Iron Hands|quarkdriveatk\n|\n|upkeep\n|turn|3\n|\n|t:|1700440221\n|-end|p2b: Iron Hands|Quark Drive|[silent]\n|switch|p2b: Golem|Golem-Alola, F|100\/100\n|-terastallize|p2a: Rabsca|Dark\n|move|p1b: Klefki|Light Screen|p1b: Klefki\n|-sidestart|p1: Zulneily|move: Light Screen\n|move|p2a: Rabsca|Psychic|p1a: Sinistcha\n|-damage|p1a: Sinistcha|74\/100\n|move|p1a: Sinistcha|Strength Sap|p2b: Golem\n|-unboost|p2b: Golem|atk|1\n|-heal|p1a: Sinistcha|100\/100\n|\n|upkeep\n|turn|4\n|inactive|Battle timer is ON: inactive players will automatically lose when time's up. (requested by THE 1 BROCK)\n|\n|t:|1700440251\n|move|p1a: Sinistcha|Protect|p1a: Sinistcha\n|-singleturn|p1a: Sinistcha|Protect\n|move|p2b: Golem|Explosion|p1a: Sinistcha|[spread] p1b\n|-activate|p1a: Sinistcha|move: Protect\n|-activate|p2a: Rabsca|ability: Telepathy\n|-damage|p1b: Klefki|19\/100\n|faint|p2b: Golem\n|move|p2a: Rabsca|Revival Blessing|p2a: Rabsca\n|-enditem|p2a: Rabsca|Leppa Berry|[eat]\n|-activate|p2a: Rabsca|item: Leppa Berry|Revival Blessing|[consumed]\n|\n|t:|1700440261\n|-heal|p2: Golem|50\/100|[from] move: Revival Blessing\n|switch|p2b: Golem|Golem-Alola, F|50\/100\n|move|p1b: Klefki|Dazzling Gleam|p2b: Golem|[spread] p2a,p2b\n|-supereffective|p2a: Rabsca\n|-damage|p2a: Rabsca|23\/100\n|-damage|p2b: Golem|32\/100\n|\n|upkeep\n|turn|5\n|\n|t:|1700440283\n|switch|p1b: Arcanine|Arcanine-Hisui, M|100\/100\n|-ability|p1b: Arcanine|Intimidate|boost\n|-unboost|p2a: Rabsca|atk|1\n|-unboost|p2b: Golem|atk|1\n|move|p2a: Rabsca|Psychic|p1a: Sinistcha\n|-damage|p1a: Sinistcha|77\/100\n|move|p2b: Golem|Explosion|p1b: Arcanine|[spread] p1a,p1b\n|-activate|p2a: Rabsca|ability: Telepathy\n|-resisted|p1a: Sinistcha\n|-damage|p1a: Sinistcha|44\/100\n|-damage|p1b: Arcanine|0 fnt\n|faint|p2b: Golem\n|faint|p1b: Arcanine\n|move|p1a: Sinistcha|Matcha Gotcha|p2a: Rabsca\n|-damage|p2a: Rabsca|0 fnt\n|-heal|p1a: Sinistcha|55\/100|[from] drain|[of] p2a: Rabsca\n|faint|p2a: Rabsca\n|\n|-heal|p1a: Sinistcha|61\/100|[from] item: Leftovers\n|-fieldend|move: Trick Room\n|upkeep\n|\n|t:|1700440309\n|switch|p1b: Ogerpon|Ogerpon-Wellspring, F|100\/100\n|switch|p2b: Maushold|Maushold-Four|100\/100\n|switch|p2a: Iron Hands|Iron Hands|100\/100\n|-activate|p2a: Iron Hands|ability: Quark Drive\n|-start|p2a: Iron Hands|quarkdriveatk\n|turn|6\n|\n|t:|1700440322\n|move|p1b: Ogerpon|Spiky Shield|p1b: Ogerpon\n|-singleturn|p1b: Ogerpon|move: Protect\n|move|p2a: Iron Hands|Fake Out|p1b: Ogerpon\n|-activate|p1b: Ogerpon|move: Protect\n|-damage|p2a: Iron Hands|88\/100|[from] Spiky Shield|[of] p1b: Ogerpon\n|move|p2b: Maushold|U-turn|p1a: Sinistcha\n|-damage|p1a: Sinistcha|55\/100\n|\n|t:|1700440331\n|switch|p2b: Dondozo|Dondozo, F|100\/100|[from] U-turn\n|move|p1a: Sinistcha|Matcha Gotcha|p2b: Dondozo|[spread] p2a,p2b\n|-supereffective|p2b: Dondozo\n|-damage|p2a: Iron Hands|66\/100\n|-heal|p1a: Sinistcha|72\/100|[from] drain|[of] p2a: Iron Hands\n|-damage|p2b: Dondozo|58\/100\n|-heal|p1a: Sinistcha|100\/100|[from] drain|[of] p2b: Dondozo\n|\n|-heal|p2b: Dondozo|64\/100|[from] item: Leftovers\n|-fieldend|move: Electric Terrain\n|-end|p2a: Iron Hands|Quark Drive\n|upkeep\n|turn|7\n|\n|t:|1700440357\n|move|p1b: Ogerpon|Wood Hammer|p2b: Dondozo\n|-supereffective|p2b: Dondozo\n|-damage|p2b: Dondozo|11\/100\n|-damage|p1b: Ogerpon|71\/100|[from] Recoil\n|move|p1a: Sinistcha|Strength Sap|p2a: Iron Hands\n|-unboost|p2a: Iron Hands|atk|1\n|move|p2a: Iron Hands|Wild Charge|p1b: Ogerpon\n|-damage|p1b: Ogerpon|46\/100\n|-damage|p2a: Iron Hands|62\/100|[from] Recoil\n|move|p2b: Dondozo|Yawn|p1a: Sinistcha\n|-start|p1a: Sinistcha|move: Yawn|[of] p2b: Dondozo\n|\n|-heal|p2b: Dondozo|17\/100|[from] item: Leftovers\n|upkeep\n|turn|8\n|inactive|Zulneily has 120 seconds left.\n|\n|t:|1700440395\n|switch|p1b: Klefki|Klefki, F|19\/100\n|move|p1a: Sinistcha|Matcha Gotcha|p2b: Dondozo|[spread] p2a,p2b\n|-supereffective|p2b: Dondozo\n|-damage|p2a: Iron Hands|42\/100\n|-damage|p2b: Dondozo|0 fnt\n|-enditem|p2a: Iron Hands|Sitrus Berry|[eat]\n|-heal|p2a: Iron Hands|67\/100|[from] item: Sitrus Berry\n|faint|p2b: Dondozo\n|move|p2a: Iron Hands|Wild Charge|p1b: Klefki\n|-damage|p1b: Klefki|0 fnt\n|faint|p1b: Klefki\n|-damage|p2a: Iron Hands|64\/100|[from] Recoil\n|\n|-end|p1a: Sinistcha|move: Yawn|[silent]\n|-status|p1a: Sinistcha|slp\n|upkeep\n|\n|t:|1700440413\n|switch|p1b: Okidogi|Okidogi, M|100\/100\n|switch|p2b: Sinistcha|Sinistcha-Masterpiece|100\/100\n|-heal|p2a: Iron Hands|89\/100|[from] ability: Hospitality|[of] p2b: Sinistcha\n|turn|9\n|\n|t:|1700440432\n|move|p1b: Okidogi|Knock Off|p2b: Sinistcha\n|-supereffective|p2b: Sinistcha\n|-damage|p2b: Sinistcha|41\/100\n|-enditem|p2b: Sinistcha|Mental Herb|[from] move: Knock Off|[of] p1b: Okidogi\n|-damage|p1b: Okidogi|90\/100|[from] item: Life Orb\n|cant|p1a: Sinistcha|slp\n|move|p2a: Iron Hands|Drain Punch|p1b: Okidogi\n|-resisted|p1b: Okidogi\n|-damage|p1b: Okidogi|83\/100\n|-heal|p2a: Iron Hands|92\/100|[from] drain|[of] p1b: Okidogi\n|move|p2b: Sinistcha|Trick Room|p2b: Sinistcha\n|-fieldstart|move: Trick Room|[of] p2b: Sinistcha\n|\n|-sideend|p1: Zulneily|Reflect\n|upkeep\n|turn|10\n|\n|t:|1700440454\n|move|p2a: Iron Hands|Wild Charge|p1b: Okidogi\n|-damage|p1b: Okidogi|53\/100\n|-damage|p2a: Iron Hands|86\/100|[from] Recoil\n|move|p2b: Sinistcha|Matcha Gotcha|p1a: Sinistcha|[spread] p1a,p1b\n|-resisted|p1a: Sinistcha\n|-resisted|p1b: Okidogi\n|-damage|p1a: Sinistcha|92\/100 slp\n|-heal|p2b: Sinistcha|46\/100|[from] drain|[of] p1a: Sinistcha\n|-damage|p1b: Okidogi|47\/100\n|-heal|p2b: Sinistcha|49\/100|[from] drain|[of] p1b: Okidogi\n|-curestatus|p1a: Sinistcha|slp|[msg]\n|move|p1a: Sinistcha|Strength Sap|p2a: Iron Hands\n|-unboost|p2a: Iron Hands|atk|1\n|-heal|p1a: Sinistcha|100\/100\n|move|p1b: Okidogi|Poison Jab|p2b: Sinistcha\n|-crit|p2b: Sinistcha\n|-damage|p2b: Sinistcha|0 fnt\n|faint|p2b: Sinistcha\n|-damage|p1b: Okidogi|37\/100|[from] item: Life Orb\n|\n|-sideend|p1: Zulneily|move: Light Screen\n|upkeep\n|inactive|THE 1 BROCK has 120 seconds left.\n|l|\u2606THE 1 BROCK\n|inactive|THE 1 BROCK disconnected and has a minute to reconnect!\n|player|p2|\n|inactive|THE 1 BROCK has 30 seconds to reconnect!\n|inactive|THE 1 BROCK has 20 seconds to reconnect!\n|inactive|THE 1 BROCK has 15 seconds to reconnect!\n|inactive|THE 1 BROCK has 10 seconds to reconnect!\n|inactive|THE 1 BROCK has 5 seconds to reconnect!\n|-message|THE 1 BROCK lost due to inactivity.\n|\n|win|Zulneily\n|raw|Zulneily's rating: 1000 &rarr; <strong>1046<\/strong><br \/>(+46 for winning)\n|raw|THE 1 BROCK's rating: 1052 &rarr; <strong>1032<\/strong><br \/>(-20 for losing)\n","uploadtime":1700440542,"views":3,"p1id":"zulneily","p2id":"the1brock","formatid":"gen9doublesou","rating":1032,"private":0,"password":""}