{"id":"gen9doublesou-1981670617","p1":"Monkechunk07","p2":"kuroboss","format":"[Gen 9] Doubles OU","log":"|j|\u2606Monkechunk07\n|j|\u203dkuroboss\n|t:|1698932221\n|gametype|doubles\n|player|p1|Monkechunk07|caitlin|1000\n|player|p2|kuroboss|265|1000\n|teamsize|p1|6\n|teamsize|p2|6\n|gen|9\n|tier|[Gen 9] Doubles OU\n|rated|\n|rule|Species Clause: Limit one of each Pok\u00e9mon\n|rule|OHKO Clause: OHKO moves are banned\n|rule|Evasion Moves Clause: Evasion moves are banned\n|rule|Gravity Sleep Clause: The combination of sleep-inducing moves with imperfect accuracy and Gravity or Gigantamax Orbeetle are banned\n|rule|Endless Battle Clause: Forcing endless battles is banned\n|rule|HP Percentage Mod: HP is shown in percentages\n|clearpoke\n|poke|p1|Cinderace, M|\n|poke|p1|Empoleon, F|\n|poke|p1|Tornadus, M|\n|poke|p1|Rillaboom, M|\n|poke|p1|Flutter Mane|\n|poke|p1|Dudunsparce-*, M|\n|poke|p2|Manaphy|\n|poke|p2|Chi-Yu|\n|poke|p2|Rillaboom, F|\n|poke|p2|Gengar, F|\n|poke|p2|Clefairy, M|\n|poke|p2|Arboliva, F|\n|teampreview\n|inactive|Battle timer is ON: inactive players will automatically lose when time's up. (requested by Monkechunk07)\n|\n|t:|1698932237\n|start\n|switch|p1a: Cinderace|Cinderace, M|100\/100\n|switch|p1b: Empoleon|Empoleon, F|100\/100\n|switch|p2a: Arboliva|Arboliva, F|100\/100\n|switch|p2b: Chi-Yu|Chi-Yu|100\/100\n|-ability|p2b: Chi-Yu|Beads of Ruin\n|turn|1\n|\n|t:|1698932253\n|move|p1a: Cinderace|Fire Pledge|p2a: Arboliva\n|-waiting|p1a: Cinderace|p1b: Empoleon\n|move|p1b: Empoleon|Water Pledge|p2b: Chi-Yu|[from]move: Fire Pledge\n|-combine\n|-supereffective|p2b: Chi-Yu\n|-enditem|p2b: Chi-Yu|Focus Sash\n|-damage|p2b: Chi-Yu|1\/100\n|-sidestart|p1: Monkechunk07|Water Pledge\n|-damage|p1b: Empoleon|91\/100|[from] item: Life Orb\n|move|p2b: Chi-Yu|Heat Wave|p1a: Cinderace|[spread] p1a\n|-miss|p2b: Chi-Yu|p1b: Empoleon\n|-resisted|p1a: Cinderace\n|-damage|p1a: Cinderace|62\/100\n|move|p2a: Arboliva|Leech Seed|p1b: Empoleon\n|-start|p1b: Empoleon|move: Leech Seed\n|\n|-damage|p1b: Empoleon|78\/100|[from] Leech Seed|[of] p2a: Arboliva\n|upkeep\n|turn|2\n|\n|t:|1698932279\n|switch|p1a: Dudunsparce|Dudunsparce-Three-Segment, M|100\/100\n|move|p2b: Chi-Yu|Dark Pulse|p1b: Empoleon\n|-damage|p1b: Empoleon|37\/100\n|move|p1b: Empoleon|Flip Turn|p2b: Chi-Yu\n|-supereffective|p2b: Chi-Yu\n|-damage|p2b: Chi-Yu|0 fnt\n|faint|p2b: Chi-Yu\n|-damage|p1b: Empoleon|27\/100|[from] item: Life Orb\n|inactive|Monkechunk07 has 120 seconds left.\n|\n|t:|1698932295\n|switch|p1b: Tornadus|Tornadus, M|100\/100|[from] Flip Turn\n|move|p2a: Arboliva|Leech Seed|p1a: Dudunsparce\n|-start|p1a: Dudunsparce|move: Leech Seed\n|\n|-damage|p1a: Dudunsparce|88\/100|[from] Leech Seed|[of] p2a: Arboliva\n|upkeep\n|\n|t:|1698932306\n|switch|p2b: Rillaboom|Rillaboom, F|100\/100\n|-fieldstart|move: Grassy Terrain|[from] ability: Grassy Surge|[of] p2b: Rillaboom\n|turn|3\n|\n|t:|1698932318\n|move|p1b: Tornadus|Tailwind|p1b: Tornadus\n|-sidestart|p1: Monkechunk07|move: Tailwind\n|move|p2b: Rillaboom|Grassy Glide|p1b: Tornadus\n|-resisted|p1b: Tornadus\n|-damage|p1b: Tornadus|77\/100\n|move|p1a: Dudunsparce|Ancient Power|p2b: Rillaboom\n|-damage|p2b: Rillaboom|86\/100\n|-boost|p1a: Dudunsparce|atk|1\n|-boost|p1a: Dudunsparce|def|1\n|-boost|p1a: Dudunsparce|spa|1\n|-boost|p1a: Dudunsparce|spd|1\n|-boost|p1a: Dudunsparce|spe|1\n|move|p2a: Arboliva|Leech Seed|p1b: Tornadus\n|-start|p1b: Tornadus|move: Leech Seed\n|\n|-heal|p1a: Dudunsparce|94\/100|[from] Grassy Terrain\n|-heal|p1a: Dudunsparce|100\/100|[from] item: Leftovers\n|-heal|p2b: Rillaboom|92\/100|[from] Grassy Terrain\n|-heal|p2b: Rillaboom|99\/100|[from] item: Leftovers\n|-damage|p1b: Tornadus|65\/100|[from] Leech Seed|[of] p2a: Arboliva\n|-damage|p1a: Dudunsparce|88\/100|[from] Leech Seed|[of] p2a: Arboliva\n|upkeep\n|turn|4\n|\n|t:|1698932348\n|-terastallize|p2a: Arboliva|Fairy\n|move|p2b: Rillaboom|Grassy Glide|p1a: Dudunsparce\n|-damage|p1a: Dudunsparce|72\/100\n|move|p1b: Tornadus|Bleakwind Storm|p2b: Rillaboom|[spread] p2a,p2b\n|-supereffective|p2b: Rillaboom\n|-damage|p2a: Arboliva|80\/100\n|-damage|p2b: Rillaboom|32\/100\n|-unboost|p2a: Arboliva|spe|1\n|-unboost|p2b: Rillaboom|spe|1\n|move|p1a: Dudunsparce|Ancient Power|p2b: Rillaboom\n|-damage|p2b: Rillaboom|11\/100\n|move|p2a: Arboliva|Dazzling Gleam|p1a: Dudunsparce|[spread] p1a,p1b\n|-damage|p1a: Dudunsparce|54\/100\n|-damage|p1b: Tornadus|46\/100\n|\n|-heal|p1a: Dudunsparce|61\/100|[from] Grassy Terrain\n|-heal|p1a: Dudunsparce|67\/100|[from] item: Leftovers\n|-heal|p2b: Rillaboom|17\/100|[from] Grassy Terrain\n|-heal|p2b: Rillaboom|23\/100|[from] item: Leftovers\n|-heal|p2a: Arboliva|86\/100|[from] Grassy Terrain\n|-damage|p1b: Tornadus|34\/100|[from] Leech Seed|[of] p2a: Arboliva\n|-heal|p2a: Arboliva|99\/100|[silent]\n|-damage|p1a: Dudunsparce|54\/100|[from] Leech Seed|[of] p2a: Arboliva\n|-heal|p2a: Arboliva|100\/100|[silent]\n|-sideend|p1: Monkechunk07|Water Pledge\n|upkeep\n|turn|5\n|inactive|Monkechunk07 has 120 seconds left.\n|\n|t:|1698932378\n|switch|p1b: Rillaboom|Rillaboom, M|100\/100\n|move|p2b: Rillaboom|Grassy Glide|p1b: Rillaboom\n|-resisted|p1b: Rillaboom\n|-damage|p1b: Rillaboom|80\/100\n|move|p1a: Dudunsparce|Ancient Power|p2b: Rillaboom\n|-damage|p2b: Rillaboom|1\/100\n|move|p2a: Arboliva|Dazzling Gleam|p1b: Rillaboom|[spread] p1a,p1b\n|-damage|p1a: Dudunsparce|39\/100\n|-damage|p1b: Rillaboom|41\/100\n|\n|-heal|p1b: Rillaboom|47\/100|[from] Grassy Terrain\n|-heal|p1a: Dudunsparce|45\/100|[from] Grassy Terrain\n|-heal|p1a: Dudunsparce|52\/100|[from] item: Leftovers\n|-heal|p2b: Rillaboom|7\/100|[from] Grassy Terrain\n|-heal|p2b: Rillaboom|14\/100|[from] item: Leftovers\n|-damage|p1a: Dudunsparce|39\/100|[from] Leech Seed|[of] p2a: Arboliva\n|upkeep\n|turn|6\n|inactive|Monkechunk07 has 120 seconds left.\n|\n|t:|1698932405\n|move|p2b: Rillaboom|Protect|p2b: Rillaboom\n|-singleturn|p2b: Rillaboom|Protect\n|move|p1b: Rillaboom|Grassy Glide|p2b: Rillaboom\n|-activate|p2b: Rillaboom|move: Protect\n|move|p1a: Dudunsparce|Ancient Power|p2b: Rillaboom\n|-activate|p2b: Rillaboom|move: Protect\n|move|p2a: Arboliva|Dazzling Gleam|p1b: Rillaboom|[spread] p1a,p1b\n|-damage|p1a: Dudunsparce|23\/100\n|-damage|p1b: Rillaboom|10\/100\n|\n|-heal|p1b: Rillaboom|16\/100|[from] Grassy Terrain\n|-heal|p1a: Dudunsparce|29\/100|[from] Grassy Terrain\n|-heal|p1a: Dudunsparce|35\/100|[from] item: Leftovers\n|-heal|p2b: Rillaboom|20\/100|[from] Grassy Terrain\n|-heal|p2b: Rillaboom|26\/100|[from] item: Leftovers\n|-damage|p1a: Dudunsparce|23\/100|[from] Leech Seed|[of] p2a: Arboliva\n|-sideend|p1: Monkechunk07|move: Tailwind\n|upkeep\n|turn|7\n|inactive|Monkechunk07 has 120 seconds left.\n|\n|t:|1698932432\n|move|p2b: Rillaboom|Grassy Glide|p1b: Rillaboom\n|-resisted|p1b: Rillaboom\n|-damage|p1b: Rillaboom|0 fnt\n|faint|p1b: Rillaboom\n|move|p1a: Dudunsparce|Baton Pass|p1a: Dudunsparce\n|inactive|Monkechunk07 has 120 seconds left.\n|\n|t:|1698932440\n|switch|p1a: Flutter Mane|Flutter Mane|100\/100|[from] Baton Pass\n|-enditem|p1a: Flutter Mane|Booster Energy\n|-activate|p1a: Flutter Mane|ability: Protosynthesis|[fromitem]\n|-start|p1a: Flutter Mane|protosynthesisspe\n|move|p2a: Arboliva|Dazzling Gleam|p1a: Flutter Mane\n|-damage|p1a: Flutter Mane|77\/100\n|\n|-heal|p1a: Flutter Mane|83\/100|[from] Grassy Terrain\n|-heal|p2b: Rillaboom|32\/100|[from] Grassy Terrain\n|-heal|p2b: Rillaboom|38\/100|[from] item: Leftovers\n|-damage|p1a: Flutter Mane|71\/100|[from] Leech Seed|[of] p2a: Arboliva\n|-fieldend|move: Grassy Terrain\n|upkeep\n|inactive|Monkechunk07 has 120 seconds left.\n|\n|t:|1698932453\n|switch|p1b: Cinderace|Cinderace, M|62\/100\n|turn|8\n|\n|t:|1698932463\n|move|p1a: Flutter Mane|Shadow Ball|p2a: Arboliva\n|-damage|p2a: Arboliva|60\/100\n|-unboost|p2a: Arboliva|spd|1\n|move|p1b: Cinderace|Fire Pledge|p2b: Rillaboom\n|-supereffective|p2b: Rillaboom\n|-damage|p2b: Rillaboom|0 fnt\n|faint|p2b: Rillaboom\n|-damage|p1b: Cinderace|52\/100|[from] item: Life Orb\n|move|p2a: Arboliva|Leech Seed|p1b: Cinderace\n|-start|p1b: Cinderace|move: Leech Seed\n|\n|-damage|p1a: Flutter Mane|59\/100|[from] Leech Seed|[of] p2a: Arboliva\n|-heal|p2a: Arboliva|69\/100|[silent]\n|-damage|p1b: Cinderace|39\/100|[from] Leech Seed|[of] p2a: Arboliva\n|-heal|p2a: Arboliva|79\/100|[silent]\n|upkeep\n|\n|t:|1698932471\n|switch|p2b: Gengar|Gengar, F|100\/100\n|turn|9\n|\n|t:|1698932489\n|move|p2a: Arboliva|Protect|p2a: Arboliva\n|-singleturn|p2a: Arboliva|Protect\n|move|p1a: Flutter Mane|Shadow Ball|p2b: Gengar\n|-supereffective|p2b: Gengar\n|-damage|p2b: Gengar|0 fnt\n|-start|p1a: Flutter Mane|Disable|Shadow Ball|[from] ability: Cursed Body|[of] p2b: Gengar\n|faint|p2b: Gengar\n|move|p1b: Cinderace|High Jump Kick|p2a: Arboliva\n|-start|p1b: Cinderace|typechange|Fighting|[from] ability: Libero\n|-activate|p2a: Arboliva|move: Protect\n|-damage|p1b: Cinderace|0 fnt|[from] highjumpkick\n|faint|p1b: Cinderace\n|\n|-damage|p1a: Flutter Mane|46\/100|[from] Leech Seed|[of] p2a: Arboliva\n|-heal|p2a: Arboliva|88\/100|[silent]\n|upkeep\n|\n|t:|1698932504\n|switch|p1b: Empoleon|Empoleon, F|27\/100\n|switch|p2b: Manaphy|Manaphy|100\/100\n|turn|10\n|\n|t:|1698932525\n|move|p1a: Flutter Mane|Moonblast|p2b: Manaphy\n|-damage|p2b: Manaphy|44\/100\n|move|p2b: Manaphy|Tail Glow|p2b: Manaphy\n|-boost|p2b: Manaphy|spa|3\n|move|p1b: Empoleon|Water Pledge|p2a: Arboliva\n|-damage|p2a: Arboliva|50\/100\n|-enditem|p2a: Arboliva|Sitrus Berry|[eat]\n|-heal|p2a: Arboliva|75\/100|[from] item: Sitrus Berry\n|-damage|p1b: Empoleon|17\/100|[from] item: Life Orb\n|move|p2a: Arboliva|Leech Seed|p1b: Empoleon\n|-start|p1b: Empoleon|move: Leech Seed\n|\n|-damage|p1a: Flutter Mane|34\/100|[from] Leech Seed|[of] p2a: Arboliva\n|-heal|p2a: Arboliva|84\/100|[silent]\n|-damage|p1b: Empoleon|5\/100|[from] Leech Seed|[of] p2a: Arboliva\n|-heal|p2a: Arboliva|97\/100|[silent]\n|-item|p2a: Arboliva|Sitrus Berry|[from] ability: Harvest\n|upkeep\n|turn|11\n|\n|t:|1698932548\n|move|p1a: Flutter Mane|Dazzling Gleam|p2a: Arboliva|[spread] p2a,p2b\n|-damage|p2a: Arboliva|50\/100\n|-damage|p2b: Manaphy|11\/100\n|-enditem|p2a: Arboliva|Sitrus Berry|[eat]\n|-heal|p2a: Arboliva|75\/100|[from] item: Sitrus Berry\n|move|p2b: Manaphy|Stored Power|p1a: Flutter Mane\n|-damage|p1a: Flutter Mane|0 fnt\n|faint|p1a: Flutter Mane\n|-end|p1a: Flutter Mane|Protosynthesis|[silent]\n|move|p1b: Empoleon|Flip Turn|p2b: Manaphy\n|-resisted|p2b: Manaphy\n|-damage|p2b: Manaphy|0 fnt\n|faint|p2b: Manaphy\n|-damage|p1b: Empoleon|0 fnt|[from] item: Life Orb\n|faint|p1b: Empoleon\n|move|p2a: Arboliva|Dazzling Gleam|p1: Flutter Mane|[notarget]\n|-fail|p2a: Arboliva\n|\n|-item|p2a: Arboliva|Sitrus Berry|[from] ability: Harvest\n|upkeep\n|-message|Monkechunk07 forfeited.\n|\n|win|kuroboss\n|raw|Monkechunk07's rating: 1000 &rarr; <strong>1000<\/strong><br \/>(+0 for losing)\n|raw|kuroboss's rating: 1000 &rarr; <strong>1040<\/strong><br \/>(+40 for winning)\n|l|\u2606Monkechunk07\n","uploadtime":1698932580,"views":21,"p1id":"monkechunk07","p2id":"kuroboss","formatid":"gen9doublesou","rating":1000,"private":0,"password":""}