{"id":"gen9doublesou-1979832494","p1":"bananaszn","p2":"11120052bety","format":"[Gen 9] Doubles OU","log":"|j|\u2606bananaszn\n|j|\u260611120052bety\n|t:|1698717924\n|gametype|doubles\n|player|p1|bananaszn|brycen|1252\n|player|p2|11120052bety|hilbert|1399\n|teamsize|p1|6\n|teamsize|p2|6\n|gen|9\n|tier|[Gen 9] Doubles OU\n|rated|\n|rule|Species Clause: Limit one of each Pok\u00e9mon\n|rule|OHKO Clause: OHKO moves are banned\n|rule|Evasion Moves Clause: Evasion moves are banned\n|rule|Gravity Sleep Clause: The combination of sleep-inducing moves with imperfect accuracy and Gravity or Gigantamax Orbeetle are banned\n|rule|Endless Battle Clause: Forcing endless battles is banned\n|rule|HP Percentage Mod: HP is shown in percentages\n|clearpoke\n|poke|p1|Avalugg, M|\n|poke|p1|Grimmsnarl, M|\n|poke|p1|Cresselia, F|\n|poke|p1|Farigiraf, M|\n|poke|p1|Chi-Yu|\n|poke|p1|Diancie|\n|poke|p2|Gothitelle, M|\n|poke|p2|Flutter Mane|\n|poke|p2|Chi-Yu|\n|poke|p2|Torkoal, M|\n|poke|p2|Iron Hands|\n|poke|p2|Lilligant, F|\n|teampreview\n|\n|t:|1698717939\n|start\n|switch|p1a: Grimmsnarl|Grimmsnarl, M|100\/100\n|switch|p1b: Avalugg|Avalugg, M|100\/100\n|switch|p2a: Flutter Mane|Flutter Mane|100\/100\n|switch|p2b: Chi-Yu|Chi-Yu|100\/100\n|-ability|p2b: Chi-Yu|Beads of Ruin\n|turn|1\n|\n|t:|1698717956\n|-terastallize|p1b: Avalugg|Rock\n|move|p1a: Grimmsnarl|Swagger|p1b: Avalugg\n|-boost|p1b: Avalugg|atk|2\n|-immune|p1b: Avalugg|confusion|[from] ability: Own Tempo\n|move|p2b: Chi-Yu|Heat Wave|p1a: Grimmsnarl|[spread] p1a,p1b\n|-resisted|p1b: Avalugg\n|-damage|p1a: Grimmsnarl|65\/100\n|-damage|p1b: Avalugg|60\/100\n|move|p2a: Flutter Mane|Moonblast|p1a: Grimmsnarl\n|-supereffective|p1a: Grimmsnarl\n|-damage|p1a: Grimmsnarl|0 fnt\n|faint|p1a: Grimmsnarl\n|-damage|p2a: Flutter Mane|91\/100|[from] item: Life Orb\n|move|p1b: Avalugg|Earthquake|p2a: Flutter Mane|[spread] p2a,p2b\n|-supereffective|p2b: Chi-Yu\n|-damage|p2a: Flutter Mane|0 fnt\n|-damage|p2b: Chi-Yu|0 fnt\n|faint|p2a: Flutter Mane\n|-end|p2a: Flutter Mane|Protosynthesis|[silent]\n|faint|p2b: Chi-Yu\n|\n|upkeep\n|\n|t:|1698718006\n|switch|p2a: Lilligant|Lilligant, F|100\/100\n|switch|p2b: Iron Hands|Iron Hands|100\/100\n|switch|p1a: Cresselia|Cresselia, F, shiny|100\/100\n|turn|2\n|\n|t:|1698718019\n|move|p1b: Avalugg|Protect|p1b: Avalugg\n|-singleturn|p1b: Avalugg|Protect\n|move|p2b: Iron Hands|Fake Out|p1a: Cresselia\n|-damage|p1a: Cresselia|90\/100\n|move|p2a: Lilligant|Leaf Storm|p1b: Avalugg\n|-activate|p1b: Avalugg|move: Protect\n|cant|p1a: Cresselia|flinch\n|\n|upkeep\n|turn|3\n|\n|t:|1698718053\n|move|p1b: Avalugg|Protect|p1b: Avalugg\n|-singleturn|p1b: Avalugg|Protect\n|move|p2a: Lilligant|Leaf Storm|p1b: Avalugg\n|-activate|p1b: Avalugg|move: Protect\n|move|p2b: Iron Hands|Wild Charge|p1b: Avalugg\n|-activate|p1b: Avalugg|move: Protect\n|move|p1a: Cresselia|Trick Room|p1a: Cresselia\n|-fieldstart|move: Trick Room|[of] p1a: Cresselia\n|\n|upkeep\n|turn|4\n|c|\u2606bananaszn|RAHHH\n|c|\u2606bananaszn|LETS FUCKING GO\n|\n|t:|1698718081\n|switch|p2a: Gothitelle|Gothitelle, M|100\/100\n|-item|p1a: Cresselia|Figy Berry|[from] ability: Frisk|[of] p2a: Gothitelle|[identify]\n|-item|p1b: Avalugg|Loaded Dice|[from] ability: Frisk|[of] p2a: Gothitelle|[identify]\n|move|p1b: Avalugg|Icicle Spear|p2a: Gothitelle\n|-damage|p2a: Gothitelle|80\/100\n|-damage|p2a: Gothitelle|60\/100\n|-damage|p2a: Gothitelle|39\/100\n|-enditem|p2a: Gothitelle|Sitrus Berry|[eat]\n|-heal|p2a: Gothitelle|64\/100|[from] item: Sitrus Berry\n|-damage|p2a: Gothitelle|44\/100\n|-hitcount|p2a: Gothitelle|4\n|move|p2b: Iron Hands|Drain Punch|p1b: Avalugg\n|-supereffective|p1b: Avalugg\n|-damage|p1b: Avalugg|13\/100\n|move|p1a: Cresselia|Psychic|p2b: Iron Hands\n|-supereffective|p2b: Iron Hands\n|-damage|p2b: Iron Hands|75\/100\n|\n|upkeep\n|turn|5\n|\n|t:|1698718109\n|move|p1b: Avalugg|Protect|p1b: Avalugg\n|-singleturn|p1b: Avalugg|Protect\n|move|p2a: Gothitelle|Fake Out|p1b: Avalugg\n|-activate|p1b: Avalugg|move: Protect\n|move|p2b: Iron Hands|Drain Punch|p1b: Avalugg\n|-activate|p1b: Avalugg|move: Protect\n|move|p1a: Cresselia|Lunar Blessing|p1a: Cresselia|[spread] p1a,p1b\n|-heal|p1a: Cresselia|100\/100\n|-heal|p1b: Avalugg|38\/100\n|\n|upkeep\n|turn|6\n|inactive|Battle timer is ON: inactive players will automatically lose when time's up. (requested by 11120052bety)\n|\n|t:|1698718126\n|move|p1b: Avalugg|Earthquake|p2b: Iron Hands|[spread] p2a,p2b\n|-immune|p1a: Cresselia|[from] ability: Levitate\n|-supereffective|p2b: Iron Hands\n|-damage|p2a: Gothitelle|6\/100\n|-damage|p2b: Iron Hands|0 fnt\n|faint|p2b: Iron Hands\n|-end|p2b: Iron Hands|Quark Drive|[silent]\n|move|p1a: Cresselia|Lunar Blessing|p1a: Cresselia|[spread] p1a,p1b\n|-heal|p1b: Avalugg|63\/100\n|move|p2a: Gothitelle|Hypnosis|p1a: Cresselia|[miss]\n|-miss|p2a: Gothitelle|p1a: Cresselia\n|\n|upkeep\n|\n|t:|1698718139\n|switch|p2b: Torkoal|Torkoal, M|100\/100\n|-weather|SunnyDay|[from] ability: Drought|[of] p2b: Torkoal\n|turn|7\n|\n|t:|1698718154\n|move|p2b: Torkoal|Earth Power|p1b: Avalugg\n|-supereffective|p1b: Avalugg\n|-damage|p1b: Avalugg|0 fnt\n|faint|p1b: Avalugg\n|move|p1a: Cresselia|Lunar Blessing||[still]\n|-fail|p1a: Cresselia\n|move|p2a: Gothitelle|Hypnosis|p1a: Cresselia\n|-status|p1a: Cresselia|slp|[from] move: Hypnosis\n|\n|-weather|SunnyDay|[upkeep]\n|-fieldend|move: Trick Room\n|upkeep\n|\n|t:|1698718167\n|switch|p1b: Diancie|Diancie|100\/100\n|turn|8\n|\n|t:|1698718178\n|cant|p1a: Cresselia|slp\n|move|p2a: Gothitelle|Hypnosis|p1b: Diancie\n|-status|p1b: Diancie|slp|[from] move: Hypnosis\n|cant|p1b: Diancie|slp\n|move|p2b: Torkoal|Earth Power|p1b: Diancie\n|-supereffective|p1b: Diancie\n|-damage|p1b: Diancie|59\/100 slp\n|-enditem|p1b: Diancie|Weakness Policy\n|-boost|p1b: Diancie|atk|2|[from] item: Weakness Policy\n|-boost|p1b: Diancie|spa|2|[from] item: Weakness Policy\n|\n|-weather|SunnyDay|[upkeep]\n|upkeep\n|turn|9\n|\n|t:|1698718195\n|switch|p2a: Lilligant|Lilligant, F|100\/100\n|cant|p1a: Cresselia|slp\n|cant|p1b: Diancie|slp\n|move|p2b: Torkoal|Eruption|p1a: Cresselia|[spread] p1a,p1b\n|-resisted|p1b: Diancie\n|-damage|p1a: Cresselia|55\/100 slp\n|-damage|p1b: Diancie|28\/100 slp\n|\n|-weather|SunnyDay|[upkeep]\n|upkeep\n|turn|10\n|\n|t:|1698718217\n|-curestatus|p1a: Cresselia|slp|[msg]\n|move|p1a: Cresselia|Protect|p1a: Cresselia\n|-singleturn|p1a: Cresselia|Protect\n|-curestatus|p1b: Diancie|slp|[msg]\n|move|p1b: Diancie|Protect|p1b: Diancie\n|-singleturn|p1b: Diancie|Protect\n|move|p2a: Lilligant|Pollen Puff|p1a: Cresselia\n|-activate|p1a: Cresselia|move: Protect\n|move|p2b: Torkoal|Eruption|p1b: Diancie|[spread] \n|-activate|p1a: Cresselia|move: Protect\n|-activate|p1b: Diancie|move: Protect\n|\n|-weather|SunnyDay|[upkeep]\n|upkeep\n|turn|11\n|\n|t:|1698718239\n|move|p2a: Lilligant|After You|p2b: Torkoal\n|-activate|p2b: Torkoal|move: After You\n|move|p2b: Torkoal|Eruption|p1b: Diancie|[spread] p1a,p1b\n|-resisted|p1b: Diancie\n|-damage|p1a: Cresselia|15\/100\n|-damage|p1b: Diancie|0 fnt\n|-enditem|p1a: Cresselia|Figy Berry|[eat]\n|-heal|p1a: Cresselia|48\/100|[from] item: Figy Berry\n|faint|p1b: Diancie\n|move|p1a: Cresselia|Lunar Blessing|p1a: Cresselia\n|-heal|p1a: Cresselia|73\/100\n|\n|-weather|none\n|upkeep\n|\n|t:|1698718251\n|switch|p1b: Chi-Yu|Chi-Yu|100\/100\n|-ability|p1b: Chi-Yu|Beads of Ruin\n|turn|12\n|\n|t:|1698718273\n|switch|p2a: Gothitelle|Gothitelle, M|6\/100\n|-item|p1b: Chi-Yu|Choice Specs|[from] ability: Frisk|[of] p2a: Gothitelle|[identify]\n|move|p1a: Cresselia|Protect|p1a: Cresselia\n|-singleturn|p1a: Cresselia|Protect\n|move|p2b: Torkoal|Protect|p2b: Torkoal\n|-singleturn|p2b: Torkoal|Protect\n|move|p1b: Chi-Yu|Heat Wave|p2a: Gothitelle|[spread] p2a\n|-activate|p2b: Torkoal|move: Protect\n|-damage|p2a: Gothitelle|0 fnt\n|faint|p2a: Gothitelle\n|\n|upkeep\n|-message|11120052bety forfeited.\n|\n|win|bananaszn\n|raw|bananaszn's rating: 1252 &rarr; <strong>1287<\/strong><br \/>(+35 for winning)\n|raw|11120052bety's rating: 1399 &rarr; <strong>1371<\/strong><br \/>(-28 for losing)\n|l|\u260611120052bety\n","uploadtime":1698718318,"views":27,"p1id":"bananaszn","p2id":"11120052bety","formatid":"gen9doublesou","rating":1287,"private":0,"password":""}