{"id":"gen9doublesou-1980177514","p1":"magicgril","p2":"days until","format":"[Gen 9] Doubles OU","log":"|j|\u2606magicgril\n|j|\u2606days until\n|t:|1698763963\n|gametype|doubles\n|player|p1|magicgril|rosa-masters|1459\n|player|p2|days until|baker|1394\n|teamsize|p1|6\n|teamsize|p2|6\n|gen|9\n|tier|[Gen 9] Doubles OU\n|rated|\n|rule|Species Clause: Limit one of each Pok\u00e9mon\n|rule|OHKO Clause: OHKO moves are banned\n|rule|Evasion Moves Clause: Evasion moves are banned\n|rule|Gravity Sleep Clause: The combination of sleep-inducing moves with imperfect accuracy and Gravity or Gigantamax Orbeetle are banned\n|rule|Endless Battle Clause: Forcing endless battles is banned\n|rule|HP Percentage Mod: HP is shown in percentages\n|clearpoke\n|poke|p1|Tornadus, M|\n|poke|p1|Chi-Yu|\n|poke|p1|Indeedee-F, F|\n|poke|p1|Armarouge, F|\n|poke|p1|Chien-Pao|\n|poke|p1|Ogerpon-Hearthflame, F|\n|poke|p2|Landorus-Therian, M|\n|poke|p2|Farigiraf, M|\n|poke|p2|Clefairy, F|\n|poke|p2|Ogerpon-Hearthflame, F|\n|poke|p2|Ursaluna-Bloodmoon, M|\n|poke|p2|Okidogi, M|\n|teampreview\n|inactive|Battle timer is ON: inactive players will automatically lose when time's up. (requested by days until)\n|inactive|days until has 120 seconds left.\n|\n|t:|1698763999\n|start\n|switch|p1a: Tornadus|Tornadus, M|100\/100\n|switch|p1b: Chi-Yu|Chi-Yu|100\/100\n|switch|p2a: Farigiraf|Farigiraf, M|100\/100\n|switch|p2b: Ogerpon|Ogerpon-Hearthflame, F|100\/100\n|-ability|p2b: Ogerpon|Mold Breaker\n|-ability|p1b: Chi-Yu|Beads of Ruin\n|turn|1\n|\n|t:|1698764012\n|-terastallize|p2a: Farigiraf|Fire\n|move|p1a: Tornadus|Bleakwind Storm|p2a: Farigiraf|[spread] p2a\n|-miss|p1a: Tornadus|p2b: Ogerpon\n|-damage|p2a: Farigiraf|50\/100\n|-enditem|p2a: Farigiraf|Sitrus Berry|[eat]\n|-heal|p2a: Farigiraf|74\/100|[from] item: Sitrus Berry\n|move|p2b: Ogerpon|Ivy Cudgel|p1a: Tornadus\n|-damage|p1a: Tornadus|18\/100\n|move|p1b: Chi-Yu|Heat Wave|p2b: Ogerpon|[spread] p2a,p2b\n|-resisted|p2a: Farigiraf\n|-damage|p2a: Farigiraf|44\/100\n|-damage|p2b: Ogerpon|31\/100\n|-damage|p1b: Chi-Yu|91\/100|[from] item: Life Orb\n|move|p2a: Farigiraf|Trick Room|p2a: Farigiraf\n|-fieldstart|move: Trick Room|[of] p2a: Farigiraf\n|\n|upkeep\n|turn|2\n|\n|t:|1698764030\n|move|p2a: Farigiraf|Psychic|p1a: Tornadus\n|-damage|p1a: Tornadus|0 fnt\n|faint|p1a: Tornadus\n|move|p1b: Chi-Yu|Heat Wave|p2b: Ogerpon|[spread] p2a,p2b\n|-resisted|p2a: Farigiraf\n|-damage|p2a: Farigiraf|15\/100\n|-damage|p2b: Ogerpon|0 fnt\n|faint|p2b: Ogerpon\n|-damage|p1b: Chi-Yu|81\/100|[from] item: Life Orb\n|\n|upkeep\n|\n|t:|1698764037\n|switch|p2b: Ursaluna|Ursaluna-Bloodmoon, M|100\/100\n|switch|p1a: Indeedee|Indeedee-F, F|100\/100\n|-fieldstart|move: Psychic Terrain|[from] ability: Psychic Surge|[of] p1a: Indeedee\n|turn|3\n|\n|t:|1698764052\n|switch|p1b: Ogerpon|Ogerpon-Hearthflame, F|100\/100\n|-ability|p1b: Ogerpon|Mold Breaker\n|move|p2b: Ursaluna|Blood Moon|p1a: Indeedee\n|-damage|p1a: Indeedee|0 fnt\n|faint|p1a: Indeedee\n|-damage|p2b: Ursaluna|91\/100|[from] item: Life Orb\n|move|p2a: Farigiraf|Dazzling Gleam|p1b: Ogerpon\n|-resisted|p1b: Ogerpon\n|-damage|p1b: Ogerpon|86\/100\n|\n|upkeep\n|\n|t:|1698764064\n|switch|p1a: Chien-Pao|Chien-Pao|100\/100\n|-ability|p1a: Chien-Pao|Sword of Ruin\n|turn|4\n|\n|t:|1698764079\n|-terastallize|p1b: Ogerpon|Fire\n|detailschange|p1b: Ogerpon|Ogerpon-Hearthflame-Tera, F, tera:Fire\n|-ability|p1b: Ogerpon|Embody Aspect (Hearthflame)|boost\n|-boost|p1b: Ogerpon|atk|1\n|move|p2b: Ursaluna|Earth Power|p1b: Ogerpon\n|-supereffective|p1b: Ogerpon\n|-damage|p1b: Ogerpon|0 fnt\n|faint|p1b: Ogerpon\n|-damage|p2b: Ursaluna|81\/100|[from] item: Life Orb\n|move|p2a: Farigiraf|Dazzling Gleam|p1a: Chien-Pao\n|-supereffective|p1a: Chien-Pao\n|-damage|p1a: Chien-Pao|25\/100\n|move|p1a: Chien-Pao|Ice Spinner|p2b: Ursaluna\n|-supereffective|p2b: Ursaluna\n|-damage|p2b: Ursaluna|15\/100\n|-fieldend|move: Psychic Terrain\n|\n|upkeep\n|\n|t:|1698764091\n|switch|p1b: Armarouge|Armarouge, F|100\/100\n|turn|5\n|\n|t:|1698764108\n|move|p2b: Ursaluna|Blood Moon|p1b: Armarouge\n|-damage|p1b: Armarouge|0 fnt\n|faint|p1b: Armarouge\n|-damage|p2b: Ursaluna|5\/100|[from] item: Life Orb\n|move|p2a: Farigiraf|Dazzling Gleam|p1a: Chien-Pao\n|-supereffective|p1a: Chien-Pao\n|-damage|p1a: Chien-Pao|0 fnt\n|faint|p1a: Chien-Pao\n|\n|-fieldend|move: Trick Room\n|upkeep\n|inactive|magicgril has 120 seconds left.\n|-message|magicgril forfeited.\n|\n|win|days until\n|raw|magicgril's rating: 1459 &rarr; <strong>1435<\/strong><br \/>(-24 for losing)\n|raw|days until's rating: 1394 &rarr; <strong>1418<\/strong><br \/>(+24 for winning)\n","uploadtime":1698764142,"views":20,"p1id":"magicgril","p2id":"daysuntil","formatid":"gen9doublesou","rating":1418,"private":0,"password":""}