{"id":"gen9doublesou-1986309829","p1":"Boltundover","p2":"tingo_the_cat","format":"[Gen 9] Doubles OU","log":"|j|\u2606Boltundover\n|j|\u2606tingo_the_cat\n|t:|1699468168\n|gametype|doubles\n|player|p1|Boltundover|rollerskaterf|1000\n|player|p2|tingo_the_cat|preschooler|1071\n|teamsize|p1|6\n|teamsize|p2|6\n|gen|9\n|tier|[Gen 9] Doubles OU\n|rated|\n|rule|Species Clause: Limit one of each Pok\u00e9mon\n|rule|OHKO Clause: OHKO moves are banned\n|rule|Evasion Moves Clause: Evasion moves are banned\n|rule|Gravity Sleep Clause: The combination of sleep-inducing moves with imperfect accuracy and Gravity or Gigantamax Orbeetle are banned\n|rule|Endless Battle Clause: Forcing endless battles is banned\n|rule|HP Percentage Mod: HP is shown in percentages\n|clearpoke\n|poke|p1|Trevenant, M|\n|poke|p1|Chesnaught, M|\n|poke|p1|Indeedee-F, F|\n|poke|p1|Snorlax, F|\n|poke|p1|Torkoal, F|\n|poke|p1|Oranguru, M|\n|poke|p2|Inteleon, F|\n|poke|p2|Sandy Shocks|\n|poke|p2|Ogerpon-Wellspring, F|\n|poke|p2|Samurott-Hisui, F|\n|poke|p2|Gliscor, F|\n|poke|p2|Corviknight, F|\n|teampreview\n|\n|t:|1699468181\n|start\n|switch|p1a: Indeedee|Indeedee-F, F|100\/100\n|switch|p1b: Chesnaught|Chesnaught, M|100\/100\n|switch|p2a: Inteleon|Inteleon, F|100\/100\n|switch|p2b: Sandy Shocks|Sandy Shocks|100\/100\n|-fieldstart|move: Psychic Terrain|[from] ability: Psychic Surge|[of] p1a: Indeedee\n|turn|1\n|\n|t:|1699468197\n|move|p1a: Indeedee|Follow Me|p1a: Indeedee\n|-singleturn|p1a: Indeedee|move: Follow Me\n|move|p2a: Inteleon|Soak|p1a: Indeedee\n|-start|p1a: Indeedee|typechange|Water\n|move|p2b: Sandy Shocks|Thunderbolt|p1a: Indeedee\n|-supereffective|p1a: Indeedee\n|-damage|p1a: Indeedee|0 fnt\n|faint|p1a: Indeedee\n|-damage|p2b: Sandy Shocks|91\/100|[from] item: Life Orb\n|move|p1b: Chesnaught|Belly Drum|p1b: Chesnaught\n|-damage|p1b: Chesnaught|50\/100\n|-setboost|p1b: Chesnaught|atk|6|[from] move: Belly Drum\n|\n|upkeep\n|\n|t:|1699468207\n|switch|p1a: Trevenant|Trevenant, M|100\/100\n|turn|2\n|\n|t:|1699468220\n|move|p1b: Chesnaught|Endure|p1b: Chesnaught\n|-singleturn|p1b: Chesnaught|move: Endure\n|move|p2a: Inteleon|Soak|p1b: Chesnaught\n|-start|p1b: Chesnaught|typechange|Water\n|move|p2b: Sandy Shocks|Thunderbolt|p1b: Chesnaught\n|-supereffective|p1b: Chesnaught\n|-activate|p1b: Chesnaught|move: Endure\n|-damage|p1b: Chesnaught|1\/100\n|-damage|p2b: Sandy Shocks|81\/100|[from] item: Life Orb\n|move|p1a: Trevenant|Skill Swap|p1b: Chesnaught\n|-activate|p1a: Trevenant|move: Skill Swap|||[of] p1b: Chesnaught\n|\n|upkeep\n|turn|3\n|-enditem|p1b: Chesnaught|Custap Berry|[eat]\n|-activate|p1b: Chesnaught|item: Custap Berry|[consumed]\n|\n|t:|1699468246\n|switch|p1a: Torkoal|Torkoal, F|100\/100\n|-weather|SunnyDay|[from] ability: Drought|[of] p1a: Torkoal\n|-activate|p2b: Sandy Shocks|ability: Protosynthesis\n|-start|p2b: Sandy Shocks|protosynthesisspa\n|-terastallize|p1b: Chesnaught|Rock\n|move|p1b: Chesnaught|Rock Slide|p2b: Sandy Shocks|[spread] p2a,p2b\n|-resisted|p2b: Sandy Shocks\n|-damage|p2a: Inteleon|0 fnt\n|-damage|p2b: Sandy Shocks|17\/100\n|faint|p2a: Inteleon\n|move|p2b: Sandy Shocks|Thunderbolt|p1a: Torkoal\n|-damage|p1a: Torkoal|16\/100\n|-enditem|p1a: Torkoal|Eject Button\n|-damage|p2b: Sandy Shocks|7\/100|[from] item: Life Orb\n|\n|t:|1699468268\n|switch|p1a: Oranguru|Oranguru, M|100\/100\n|\n|-weather|SunnyDay|[upkeep]\n|-item|p1b: Chesnaught|Custap Berry|[from] ability: Harvest\n|upkeep\n|\n|t:|1699468274\n|switch|p2a: Ogerpon|Ogerpon-Wellspring, F|100\/100\n|turn|4\n|-enditem|p1b: Chesnaught|Custap Berry|[eat]\n|-activate|p1b: Chesnaught|item: Custap Berry|[consumed]\n|\n|t:|1699468299\n|move|p1b: Chesnaught|Rock Slide|p2b: Sandy Shocks|[spread] p2b\n|-miss|p1b: Chesnaught|p2a: Ogerpon\n|-resisted|p2b: Sandy Shocks\n|-damage|p2b: Sandy Shocks|0 fnt\n|faint|p2b: Sandy Shocks\n|-end|p2b: Sandy Shocks|Protosynthesis|[silent]\n|move|p2a: Ogerpon|Knock Off|p1a: Oranguru\n|-supereffective|p1a: Oranguru\n|-damage|p1a: Oranguru|14\/100\n|-enditem|p1a: Oranguru|Room Service|[from] move: Knock Off|[of] p2a: Ogerpon\n|move|p1a: Oranguru|Trick Room|p1a: Oranguru\n|-fieldstart|move: Trick Room|[of] p1a: Oranguru\n|\n|-weather|SunnyDay|[upkeep]\n|-item|p1b: Chesnaught|Custap Berry|[from] ability: Harvest\n|upkeep\n|\n|t:|1699468314\n|switch|p2b: Gliscor|Gliscor, F|100\/100\n|turn|5\n|-enditem|p1b: Chesnaught|Custap Berry|[eat]\n|-activate|p1b: Chesnaught|item: Custap Berry|[consumed]\n|\n|t:|1699468330\n|-terastallize|p2b: Gliscor|Ground\n|move|p1b: Chesnaught|Rock Slide|p2b: Gliscor|[spread] p2a,p2b\n|-resisted|p2b: Gliscor\n|-damage|p2a: Ogerpon|0 fnt\n|-damage|p2b: Gliscor|49\/100\n|faint|p2a: Ogerpon\n|move|p1a: Oranguru|Instruct|p1b: Chesnaught\n|-singleturn|p1b: Chesnaught|move: Instruct|[of] p1a: Oranguru\n|move|p1b: Chesnaught|Rock Slide|p2b: Gliscor\n|-resisted|p2b: Gliscor\n|-damage|p2b: Gliscor|0 fnt\n|faint|p2b: Gliscor\n|\n|-weather|SunnyDay|[upkeep]\n|-item|p1b: Chesnaught|Custap Berry|[from] ability: Harvest\n|upkeep\n|\n|t:|1699468344\n|switch|p2b: Samurott|Samurott-Hisui, F|100\/100\n|switch|p2a: Corviknight|Corviknight, F|100\/100\n|turn|6\n|-enditem|p1b: Chesnaught|Custap Berry|[eat]\n|-activate|p1b: Chesnaught|item: Custap Berry|[consumed]\n|\n|t:|1699468358\n|move|p1b: Chesnaught|Reversal|p2a: Corviknight\n|-damage|p2a: Corviknight|0 fnt\n|faint|p2a: Corviknight\n|move|p1a: Oranguru|Instruct|p1b: Chesnaught\n|-singleturn|p1b: Chesnaught|move: Instruct|[of] p1a: Oranguru\n|move|p1b: Chesnaught|Reversal|p2b: Samurott\n|-supereffective|p2b: Samurott\n|-damage|p2b: Samurott|0 fnt\n|faint|p2b: Samurott\n|\n|win|Boltundover\n|raw|Boltundover's rating: 1000 &rarr; <strong>1048<\/strong><br \/>(+48 for winning)\n|raw|tingo_the_cat's rating: 1071 &rarr; <strong>1046<\/strong><br \/>(-25 for losing)\n|l|\u2606tingo_the_cat\n","uploadtime":1699468372,"views":10,"p1id":"boltundover","p2id":"tingothecat","formatid":"gen9doublesou","rating":1046,"private":0,"password":""}