{"id":"gen9doublesou-1979451110","p1":"foursidedtriangle","p2":"miirzaa","format":"[Gen 9] Doubles OU","log":"|j|\u2606foursidedtriangle\n|j|\u2606miirzaa\n|t:|1698683710\n|gametype|doubles\n|player|p1|foursidedtriangle|lucas|1147\n|player|p2|miirzaa|jupiter|1213\n|teamsize|p1|6\n|teamsize|p2|6\n|gen|9\n|tier|[Gen 9] Doubles OU\n|rated|\n|rule|Species Clause: Limit one of each Pok\u00e9mon\n|rule|OHKO Clause: OHKO moves are banned\n|rule|Evasion Moves Clause: Evasion moves are banned\n|rule|Gravity Sleep Clause: The combination of sleep-inducing moves with imperfect accuracy and Gravity or Gigantamax Orbeetle are banned\n|rule|Endless Battle Clause: Forcing endless battles is banned\n|rule|HP Percentage Mod: HP is shown in percentages\n|clearpoke\n|poke|p1|Rillaboom, F|\n|poke|p1|Ursaluna, M|\n|poke|p1|Cresselia, F|\n|poke|p1|Volcanion|\n|poke|p1|Flutter Mane|\n|poke|p1|Kleavor, F|\n|poke|p2|Roaring Moon|\n|poke|p2|Armarouge, M|\n|poke|p2|Indeedee-F, F|\n|poke|p2|Ogerpon-Wellspring, F|\n|poke|p2|Okidogi, M|\n|poke|p2|Diancie|\n|teampreview\n|inactive|Battle timer is ON: inactive players will automatically lose when time's up. (requested by miirzaa)\n|inactive|miirzaa has 120 seconds left.\n|inactive|foursidedtriangle has 120 seconds left.\n|inactive|miirzaa has 90 seconds left.\n|\n|t:|1698683785\n|start\n|switch|p1a: Kleavor|Kleavor, F|100\/100\n|switch|p1b: Volcanion|Volcanion|100\/100\n|switch|p2a: Okidogi|Okidogi, M|100\/100\n|switch|p2b: Ogerpon|Ogerpon-Wellspring, F|100\/100\n|turn|1\n|inactive|miirzaa has 120 seconds left.\n|inactive|miirzaa has 90 seconds left.\n|\n|t:|1698683858\n|move|p2b: Ogerpon|Spiky Shield|p2b: Ogerpon\n|-singleturn|p2b: Ogerpon|move: Protect\n|move|p2a: Okidogi|Protect|p2a: Okidogi\n|-singleturn|p2a: Okidogi|Protect\n|move|p1a: Kleavor|U-turn|p2b: Ogerpon\n|-activate|p2b: Ogerpon|move: Protect\n|-damage|p1a: Kleavor|88\/100|[from] Spiky Shield|[of] p2b: Ogerpon\n|move|p1b: Volcanion|Steam Eruption|p2a: Okidogi\n|-activate|p2a: Okidogi|move: Protect\n|\n|upkeep\n|turn|2\n|inactive|miirzaa has 90 seconds left.\n|\n|t:|1698683890\n|move|p1a: Kleavor|U-turn|p2b: Ogerpon\n|-supereffective|p2b: Ogerpon\n|-damage|p2b: Ogerpon|25\/100\n|\n|t:|1698683894\n|switch|p1a: Cresselia|Cresselia, F|100\/100|[from] U-turn\n|move|p2b: Ogerpon|U-turn|p1a: Cresselia\n|-supereffective|p1a: Cresselia\n|-damage|p1a: Cresselia|66\/100\n|\n|t:|1698683899\n|switch|p2b: Indeedee|Indeedee-F, F|100\/100|[from] U-turn\n|-fieldstart|move: Psychic Terrain|[from] ability: Psychic Surge|[of] p2b: Indeedee\n|-enditem|p2a: Okidogi|Psychic Seed\n|-boost|p2a: Okidogi|spd|1|[from] item: Psychic Seed\n|move|p2a: Okidogi|Bulk Up|p2a: Okidogi\n|-boost|p2a: Okidogi|atk|1\n|-boost|p2a: Okidogi|def|1\n|move|p1b: Volcanion|Sludge Bomb|p2b: Indeedee\n|-damage|p2b: Indeedee|73\/100\n|\n|upkeep\n|turn|3\n|inactive|miirzaa has 90 seconds left.\n|inactive|miirzaa has 60 seconds left.\n|inactive|miirzaa has 30 seconds left.\n|\n|t:|1698683989\n|-terastallize|p2a: Okidogi|Water\n|move|p2b: Indeedee|Follow Me|p2b: Indeedee\n|-singleturn|p2b: Indeedee|move: Follow Me\n|move|p2a: Okidogi|Bulk Up|p2a: Okidogi\n|-boost|p2a: Okidogi|atk|1\n|-boost|p2a: Okidogi|def|1\n|move|p1b: Volcanion|Steam Eruption|p2b: Indeedee\n|-damage|p2b: Indeedee|18\/100\n|move|p1a: Cresselia|Psychic|p2b: Indeedee\n|-resisted|p2b: Indeedee\n|-damage|p2b: Indeedee|7\/100\n|\n|upkeep\n|turn|4\n|inactive|miirzaa has 30 seconds left.\n|\n|t:|1698684019\n|switch|p2b: Roaring Moon|Roaring Moon|100\/100\n|-enditem|p2b: Roaring Moon|Booster Energy\n|-activate|p2b: Roaring Moon|ability: Protosynthesis|[fromitem]\n|-start|p2b: Roaring Moon|protosynthesisspe\n|move|p1b: Volcanion|Heat Wave|p2a: Okidogi|[spread] p2a,p2b\n|-resisted|p2a: Okidogi\n|-resisted|p2b: Roaring Moon\n|-damage|p2a: Okidogi|89\/100\n|-damage|p2b: Roaring Moon|80\/100\n|move|p2a: Okidogi|Gunk Shot|p1b: Volcanion\n|-damage|p1b: Volcanion|13\/100\n|move|p1a: Cresselia|Psychic|p2a: Okidogi\n|-damage|p2a: Okidogi|75\/100\n|\n|upkeep\n|turn|5\n|inactive|foursidedtriangle has 120 seconds left.\n|\n|t:|1698684065\n|move|p2b: Roaring Moon|Knock Off|p1a: Cresselia\n|-supereffective|p1a: Cresselia\n|-damage|p1a: Cresselia|3\/100\n|-enditem|p1a: Cresselia|Safety Goggles|[from] move: Knock Off|[of] p2b: Roaring Moon\n|move|p1b: Volcanion|Sludge Bomb|p2a: Okidogi\n|-damage|p2a: Okidogi|57\/100\n|move|p2a: Okidogi|Drain Punch|p1b: Volcanion\n|-damage|p1b: Volcanion|0 fnt\n|-heal|p2a: Okidogi|63\/100|[from] drain|[of] p1b: Volcanion\n|faint|p1b: Volcanion\n|move|p1a: Cresselia|Trick Room|p1a: Cresselia\n|-fieldstart|move: Trick Room|[of] p1a: Cresselia\n|\n|upkeep\n|inactive|foursidedtriangle has 90 seconds left.\n|\n|t:|1698684091\n|switch|p1b: Ursaluna|Ursaluna, M|100\/100\n|turn|6\n|inactive|miirzaa has 60 seconds left.\n|\n|t:|1698684124\n|switch|p1a: Rillaboom|Rillaboom, F|100\/100\n|-fieldstart|move: Grassy Terrain|[from] ability: Grassy Surge|[of] p1a: Rillaboom\n|move|p1b: Ursaluna|Protect|p1b: Ursaluna\n|-singleturn|p1b: Ursaluna|Protect\n|move|p2a: Okidogi|Drain Punch|p1b: Ursaluna\n|-activate|p1b: Ursaluna|move: Protect\n|move|p2b: Roaring Moon|Knock Off|p1a: Rillaboom\n|-damage|p1a: Rillaboom|53\/100\n|-enditem|p1a: Rillaboom|Assault Vest|[from] move: Knock Off|[of] p2b: Roaring Moon\n|\n|-heal|p2a: Okidogi|69\/100|[from] Grassy Terrain\n|-heal|p1a: Rillaboom|59\/100|[from] Grassy Terrain\n|-heal|p2b: Roaring Moon|86\/100|[from] Grassy Terrain\n|-status|p1b: Ursaluna|brn|[from] item: Flame Orb\n|upkeep\n|turn|7\n|inactive|foursidedtriangle has 120 seconds left.\n|inactive|miirzaa has 60 seconds left.\n|\n|t:|1698684164\n|move|p2a: Okidogi|Protect|p2a: Okidogi\n|-singleturn|p2a: Okidogi|Protect\n|move|p1b: Ursaluna|Swords Dance|p1b: Ursaluna\n|-boost|p1b: Ursaluna|atk|2\n|move|p1a: Rillaboom|U-turn|p2b: Roaring Moon\n|-supereffective|p2b: Roaring Moon\n|-damage|p2b: Roaring Moon|20\/100\n|\n|t:|1698684171\n|switch|p1a: Cresselia|Cresselia, F|3\/100|[from] U-turn\n|move|p2b: Roaring Moon|Acrobatics|p1a: Cresselia\n|-damage|p1a: Cresselia|0 fnt\n|faint|p1a: Cresselia\n|\n|-heal|p2a: Okidogi|75\/100|[from] Grassy Terrain\n|-heal|p2b: Roaring Moon|26\/100|[from] Grassy Terrain\n|-damage|p1b: Ursaluna|94\/100 brn|[from] brn\n|upkeep\n|\n|t:|1698684178\n|switch|p1a: Rillaboom|Rillaboom, F|59\/100\n|turn|8\n|inactive|foursidedtriangle has 120 seconds left.\n|inactive|miirzaa has 60 seconds left.\n|\n|t:|1698684223\n|switch|p2a: Ogerpon|Ogerpon-Wellspring, F|25\/100\n|-terastallize|p1b: Ursaluna|Normal\n|move|p2b: Roaring Moon|Protect|p2b: Roaring Moon\n|-singleturn|p2b: Roaring Moon|Protect\n|move|p1b: Ursaluna|Facade|p2a: Ogerpon\n|-damage|p2a: Ogerpon|0 fnt\n|faint|p2a: Ogerpon\n|move|p1a: Rillaboom|U-turn|p2b: Roaring Moon\n|-activate|p2b: Roaring Moon|move: Protect\n|\n|-heal|p1b: Ursaluna|100\/100 brn|[from] Grassy Terrain\n|-heal|p1a: Rillaboom|65\/100|[from] Grassy Terrain\n|-heal|p2b: Roaring Moon|32\/100|[from] Grassy Terrain\n|-damage|p1b: Ursaluna|94\/100 brn|[from] brn\n|upkeep\n|inactive|miirzaa has 30 seconds left.\n|\n|t:|1698684240\n|switch|p2a: Armarouge|Armarouge, M|100\/100\n|turn|9\n|\n|t:|1698684250\n|move|p2a: Armarouge|Protect|p2a: Armarouge\n|-singleturn|p2a: Armarouge|Protect\n|move|p1b: Ursaluna|Facade|p2b: Roaring Moon\n|-damage|p2b: Roaring Moon|0 fnt\n|faint|p2b: Roaring Moon\n|-end|p2b: Roaring Moon|Protosynthesis|[silent]\n|move|p1a: Rillaboom|U-turn|p2a: Armarouge\n|-activate|p2a: Armarouge|move: Protect\n|\n|-heal|p1b: Ursaluna|100\/100 brn|[from] Grassy Terrain\n|-heal|p1a: Rillaboom|71\/100|[from] Grassy Terrain\n|-damage|p1b: Ursaluna|94\/100 brn|[from] brn\n|-fieldend|move: Trick Room\n|upkeep\n|\n|t:|1698684256\n|switch|p2b: Indeedee|Indeedee-F, F|7\/100\n|-fieldstart|move: Psychic Terrain|[from] ability: Psychic Surge|[of] p2b: Indeedee\n|turn|10\n|inactive|miirzaa has 60 seconds left.\n|\n|t:|1698684278\n|switch|p2b: Okidogi|Okidogi, M, tera:Water|75\/100\n|move|p2a: Armarouge|Expanding Force|p1b: Ursaluna|[spread] p1a,p1b\n|-damage|p1a: Rillaboom|0 fnt\n|-damage|p1b: Ursaluna|30\/100 brn\n|faint|p1a: Rillaboom\n|-damage|p2a: Armarouge|91\/100|[from] item: Life Orb\n|move|p1b: Ursaluna|Facade|p2a: Armarouge\n|-damage|p2a: Armarouge|0 fnt\n|faint|p2a: Armarouge\n|\n|-damage|p1b: Ursaluna|24\/100 brn|[from] brn\n|upkeep\n|c|\u2606foursidedtriangle|specs?\n|\n|t:|1698684304\n|switch|p2a: Diancie|Diancie|100\/100\n|switch|p1a: Flutter Mane|Flutter Mane|100\/100\n|turn|11\n|inactive|miirzaa has 90 seconds left.\n|\n|t:|1698684332\n|move|p2b: Okidogi|Protect|p2b: Okidogi\n|-singleturn|p2b: Okidogi|Protect\n|move|p1a: Flutter Mane|Moonblast|p2b: Okidogi\n|-activate|p2b: Okidogi|move: Protect\n|move|p1b: Ursaluna|Headlong Rush|p2a: Diancie\n|-supereffective|p2a: Diancie\n|-damage|p2a: Diancie|0 fnt\n|-unboost|p1b: Ursaluna|def|1\n|-unboost|p1b: Ursaluna|spd|1\n|faint|p2a: Diancie\n|\n|-damage|p1b: Ursaluna|18\/100 brn|[from] brn\n|upkeep\n|\n|t:|1698684339\n|switch|p2a: Indeedee|Indeedee-F, F|7\/100\n|turn|12\n|inactive|miirzaa has 90 seconds left.\n|\n|t:|1698684348\n|move|p1a: Flutter Mane|Moonblast|p2b: Okidogi\n|-damage|p2b: Okidogi|26\/100\n|move|p2a: Indeedee|Psychic|p1b: Ursaluna\n|-damage|p1b: Ursaluna|0 fnt\n|faint|p1b: Ursaluna\n|move|p2b: Okidogi|Gunk Shot|p1a: Flutter Mane\n|-damage|p1a: Flutter Mane|17\/100\n|\n|upkeep\n|\n|t:|1698684352\n|switch|p1b: Kleavor|Kleavor, F|88\/100\n|turn|13\n|\n|t:|1698684361\n|move|p2b: Okidogi|Protect|p2b: Okidogi\n|-singleturn|p2b: Okidogi|Protect\n|move|p2a: Indeedee|Follow Me|p2a: Indeedee\n|-singleturn|p2a: Indeedee|move: Follow Me\n|move|p1b: Kleavor|X-Scissor|p2a: Indeedee\n|-supereffective|p2a: Indeedee\n|-damage|p2a: Indeedee|0 fnt\n|faint|p2a: Indeedee\n|move|p1a: Flutter Mane|Moonblast|p2b: Okidogi\n|-activate|p2b: Okidogi|move: Protect\n|\n|upkeep\n|turn|14\n|\n|t:|1698684367\n|move|p1b: Kleavor|X-Scissor|p2b: Okidogi\n|-damage|p2b: Okidogi|0 fnt\n|faint|p2b: Okidogi\n|\n|win|foursidedtriangle\n|raw|foursidedtriangle's rating: 1147 &rarr; <strong>1177<\/strong><br \/>(+30 for winning)\n|raw|miirzaa's rating: 1213 &rarr; <strong>1183<\/strong><br \/>(-30 for losing)\n","uploadtime":1698684372,"views":24,"p1id":"foursidedtriangle","p2id":"miirzaa","formatid":"gen9doublesou","rating":1177,"private":0,"password":""}