{"id":"gen9doublesou-1990370947","p1":"evilsoul12","p2":"Arattzzy","format":"[Gen 9] Doubles OU","log":"|j|\u2606evilsoul12\n|j|\u2606Arattzzy\n|t:|1699963462\n|gametype|doubles\n|player|p1|evilsoul12|hilbert-wonderlauncher|1186\n|player|p2|Arattzzy|266|1038\n|teamsize|p1|6\n|teamsize|p2|6\n|gen|9\n|tier|[Gen 9] Doubles OU\n|rated|\n|rule|Species Clause: Limit one of each Pok\u00e9mon\n|rule|OHKO Clause: OHKO moves are banned\n|rule|Evasion Moves Clause: Evasion moves are banned\n|rule|Gravity Sleep Clause: The combination of sleep-inducing moves with imperfect accuracy and Gravity or Gigantamax Orbeetle are banned\n|rule|Endless Battle Clause: Forcing endless battles is banned\n|rule|HP Percentage Mod: HP is shown in percentages\n|clearpoke\n|poke|p1|Torkoal, M|\n|poke|p1|Walking Wake|\n|poke|p1|Kingambit, M|\n|poke|p1|Dragonite, F|\n|poke|p1|Maushold-Four|\n|poke|p1|Chien-Pao|\n|poke|p2|Torkoal, M|\n|poke|p2|Scizor, M|\n|poke|p2|Roaring Moon|\n|poke|p2|Houndstone, F|\n|poke|p2|Sinistcha|\n|poke|p2|Flutter Mane|\n|teampreview\n|\n|t:|1699963500\n|start\n|switch|p1a: Torkoal|Torkoal, M|100\/100\n|switch|p1b: Walking Wake|Walking Wake|100\/100\n|switch|p2a: Torkoal|Torkoal, M, shiny|100\/100\n|switch|p2b: Fisdreavus|Flutter Mane|100\/100\n|-weather|SunnyDay|[from] ability: Drought|[of] p1a: Torkoal\n|-activate|p2b: Fisdreavus|ability: Protosynthesis\n|-start|p2b: Fisdreavus|protosynthesisspe\n|-activate|p1b: Walking Wake|ability: Protosynthesis\n|-start|p1b: Walking Wake|protosynthesisspa\n|turn|1\n|\n|t:|1699963554\n|-terastallize|p1b: Walking Wake|Water\n|move|p2a: Torkoal|Helping Hand|p2b: Fisdreavus\n|-singleturn|p2b: Fisdreavus|Helping Hand|[of] p2a: Torkoal\n|move|p2b: Fisdreavus|Dazzling Gleam|p1b: Walking Wake|[spread] p1a,p1b\n|-resisted|p1a: Torkoal\n|-damage|p1a: Torkoal|50\/100\n|-damage|p1b: Walking Wake|32\/100\n|move|p1b: Walking Wake|Hydro Steam|p2b: Fisdreavus\n|-damage|p2b: Fisdreavus|0 fnt\n|faint|p2b: Fisdreavus\n|-end|p2b: Fisdreavus|Protosynthesis|[silent]\n|move|p1a: Torkoal|Earth Power|p2a: Torkoal\n|-supereffective|p2a: Torkoal\n|-damage|p2a: Torkoal|40\/100\n|-enditem|p2a: Torkoal|Eject Button\n|\n|t:|1699963567\n|switch|p2a: Sinistcha|Sinistcha|100\/100\n|\n|-weather|SunnyDay|[upkeep]\n|upkeep\n|\n|t:|1699963571\n|switch|p2b: Houndstone|Houndstone, F|100\/100\n|turn|2\n|\n|t:|1699963582\n|move|p1b: Walking Wake|Hydro Steam|p2a: Sinistcha\n|-resisted|p2a: Sinistcha\n|-damage|p2a: Sinistcha|7\/100\n|-enditem|p2a: Sinistcha|Eject Button\n|\n|t:|1699963593\n|switch|p2a: Scizor|Scizor, M, shiny|100\/100\n|move|p2b: Houndstone|Last Respects|p1a: Torkoal\n|-damage|p1a: Torkoal|5\/100\n|move|p1a: Torkoal|Eruption|p2b: Houndstone|[spread] p2a,p2b\n|-supereffective|p2a: Scizor\n|-damage|p2a: Scizor|87\/100\n|-damage|p2b: Houndstone|94\/100\n|-enditem|p2b: Houndstone|Eject Button\n|\n|t:|1699963601\n|switch|p2b: Torkoal|Torkoal, M, shiny|40\/100\n|\n|-weather|SunnyDay|[upkeep]\n|upkeep\n|turn|3\n|\n|t:|1699963613\n|move|p2b: Torkoal|Helping Hand|p2a: Scizor\n|-singleturn|p2a: Scizor|Helping Hand|[of] p2b: Torkoal\n|move|p2a: Scizor|Bullet Punch|p1b: Walking Wake\n|-resisted|p1b: Walking Wake\n|-damage|p1b: Walking Wake|0 fnt\n|faint|p1b: Walking Wake\n|-end|p1b: Walking Wake|Protosynthesis|[silent]\n|move|p1a: Torkoal|Eruption|p2a: Scizor|[spread] p2a,p2b\n|-supereffective|p2a: Scizor\n|-resisted|p2b: Torkoal\n|-damage|p2a: Scizor|74\/100\n|-damage|p2b: Torkoal|38\/100\n|\n|-weather|SunnyDay|[upkeep]\n|upkeep\n|\n|t:|1699963633\n|switch|p1b: Dragonite|Dragonite, F|100\/100\n|turn|4\n|\n|t:|1699963648\n|switch|p2a: Sinistcha|Sinistcha|7\/100\n|-heal|p2b: Torkoal|63\/100|[from] ability: Hospitality|[of] p2a: Sinistcha\n|move|p1a: Torkoal|Protect|p1a: Torkoal\n|-singleturn|p1a: Torkoal|Protect\n|move|p1b: Dragonite|Aqua Jet|p2b: Torkoal\n|-supereffective|p2b: Torkoal\n|-damage|p2b: Torkoal|55\/100\n|move|p2b: Torkoal|Yawn|p1b: Dragonite\n|-start|p1b: Dragonite|move: Yawn|[of] p2b: Torkoal\n|\n|-weather|SunnyDay|[upkeep]\n|upkeep\n|turn|5\n|\n|t:|1699963671\n|move|p2a: Sinistcha|Protect|p2a: Sinistcha\n|-singleturn|p2a: Sinistcha|Protect\n|move|p1b: Dragonite|Aqua Jet|p2a: Sinistcha\n|-activate|p2a: Sinistcha|move: Protect\n|move|p1a: Torkoal|Earth Power|p2b: Torkoal\n|-supereffective|p2b: Torkoal\n|-damage|p2b: Torkoal|0 fnt\n|faint|p2b: Torkoal\n|\n|-weather|SunnyDay|[upkeep]\n|-end|p1b: Dragonite|move: Yawn|[silent]\n|-status|p1b: Dragonite|slp\n|upkeep\n|\n|t:|1699963686\n|switch|p2b: Scizor|Scizor, M, shiny|74\/100\n|turn|6\n|\n|t:|1699963695\n|cant|p1b: Dragonite|slp\n|move|p2b: Scizor|Bullet Punch|p1a: Torkoal\n|-resisted|p1a: Torkoal\n|-damage|p1a: Torkoal|0 fnt\n|faint|p1a: Torkoal\n|move|p2a: Sinistcha|Matcha Gotcha|p1b: Dragonite\n|-resisted|p1b: Dragonite\n|-damage|p1b: Dragonite|95\/100 slp\n|-heal|p2a: Sinistcha|10\/100|[from] drain|[of] p1b: Dragonite\n|\n|-weather|SunnyDay|[upkeep]\n|upkeep\n|\n|t:|1699963706\n|switch|p1a: Chien-Pao|Chien-Pao|100\/100\n|-ability|p1a: Chien-Pao|Sword of Ruin\n|turn|7\n|\n|t:|1699963781\n|move|p2a: Sinistcha|Protect|p2a: Sinistcha\n|-singleturn|p2a: Sinistcha|Protect\n|move|p2b: Scizor|Bullet Punch|p1a: Chien-Pao\n|-supereffective|p1a: Chien-Pao\n|-enditem|p1a: Chien-Pao|Focus Sash\n|-damage|p1a: Chien-Pao|1\/100\n|move|p1a: Chien-Pao|Ice Spinner|p2a: Sinistcha\n|-activate|p2a: Sinistcha|move: Protect\n|cant|p1b: Dragonite|slp\n|\n|-weather|SunnyDay|[upkeep]\n|upkeep\n|turn|8\n|\n|t:|1699963825\n|cant|p1b: Dragonite|slp\n|move|p2b: Scizor|Bullet Punch|p1a: Chien-Pao\n|-supereffective|p1a: Chien-Pao\n|-damage|p1a: Chien-Pao|0 fnt\n|faint|p1a: Chien-Pao\n|move|p2a: Sinistcha|Matcha Gotcha|p1b: Dragonite\n|-resisted|p1b: Dragonite\n|-damage|p1b: Dragonite|84\/100 slp\n|-heal|p2a: Sinistcha|15\/100|[from] drain|[of] p1b: Dragonite\n|\n|-weather|none\n|upkeep\n|\n|t:|1699963838\n|switch|p1a: Kingambit|Kingambit, M|100\/100\n|-activate|p1a: Kingambit|ability: Supreme Overlord\n|-start|p1a: Kingambit|fallen3|[silent]\n|turn|9\n|\n|t:|1699963853\n|move|p2a: Sinistcha|Protect|p2a: Sinistcha\n|-singleturn|p2a: Sinistcha|Protect\n|-curestatus|p1b: Dragonite|slp|[msg]\n|move|p1b: Dragonite|Aqua Jet|p2a: Sinistcha\n|-activate|p2a: Sinistcha|move: Protect\n|move|p2b: Scizor|Bullet Punch|p1b: Dragonite\n|-damage|p1b: Dragonite|32\/100\n|-enditem|p1b: Dragonite|Sitrus Berry|[eat]\n|-heal|p1b: Dragonite|57\/100|[from] item: Sitrus Berry\n|move|p1a: Kingambit|Kowtow Cleave|p2b: Scizor\n|-damage|p2b: Scizor|2\/100\n|\n|upkeep\n|turn|10\n|\n|t:|1699963871\n|switch|p2a: Houndstone|Houndstone, F|94\/100\n|move|p1b: Dragonite|Aqua Jet|p2b: Scizor\n|-damage|p2b: Scizor|0 fnt\n|faint|p2b: Scizor\n|move|p1a: Kingambit|Kowtow Cleave|p2a: Houndstone\n|-supereffective|p2a: Houndstone\n|-damage|p2a: Houndstone|20\/100\n|\n|upkeep\n|\n|t:|1699963878\n|switch|p2b: Sinistcha|Sinistcha|15\/100\n|-heal|p2a: Houndstone|45\/100|[from] ability: Hospitality|[of] p2b: Sinistcha\n|turn|11\n|\n|t:|1699963893\n|move|p2b: Sinistcha|Protect|p2b: Sinistcha\n|-singleturn|p2b: Sinistcha|Protect\n|move|p1b: Dragonite|Aqua Jet|p2b: Sinistcha\n|-activate|p2b: Sinistcha|move: Protect\n|move|p2a: Houndstone|Shadow Sneak|p1b: Dragonite\n|-crit|p1b: Dragonite\n|-damage|p1b: Dragonite|26\/100\n|move|p1a: Kingambit|Kowtow Cleave|p2a: Houndstone\n|-supereffective|p2a: Houndstone\n|-damage|p2a: Houndstone|0 fnt\n|faint|p2a: Houndstone\n|\n|upkeep\n|\n|t:|1699963904\n|switch|p2a: Dalamance|Roaring Moon|100\/100\n|-enditem|p2a: Dalamance|Booster Energy\n|-activate|p2a: Dalamance|ability: Protosynthesis|[fromitem]\n|-start|p2a: Dalamance|protosynthesisatk\n|turn|12\n|\n|t:|1699963917\n|move|p2b: Sinistcha|Rage Powder|p2b: Sinistcha\n|-singleturn|p2b: Sinistcha|move: Rage Powder\n|move|p1a: Kingambit|Sucker Punch||[still]\n|-fail|p1a: Kingambit\n|move|p2a: Dalamance|Knock Off|p1b: Dragonite\n|-damage|p1b: Dragonite|0 fnt\n|faint|p1b: Dragonite\n|\n|upkeep\n|\n|t:|1699963928\n|switch|p1b: Maushold|Maushold-Four|100\/100\n|turn|13\n|\n|t:|1699963955\n|move|p2b: Sinistcha|Protect|p2b: Sinistcha\n|-singleturn|p2b: Sinistcha|Protect\n|move|p2a: Dalamance|Knock Off|p1a: Kingambit\n|-resisted|p1a: Kingambit\n|-damage|p1a: Kingambit|83\/100\n|-enditem|p1a: Kingambit|Assault Vest|[from] move: Knock Off|[of] p2a: Dalamance\n|move|p1b: Maushold|Population Bomb|p2b: Sinistcha\n|-activate|p2b: Sinistcha|move: Protect\n|move|p1a: Kingambit|Kowtow Cleave|p2a: Dalamance\n|-resisted|p2a: Dalamance\n|-damage|p2a: Dalamance|62\/100\n|\n|upkeep\n|turn|14\n|\n|t:|1699963981\n|move|p2b: Sinistcha|Rage Powder|p2b: Sinistcha\n|-singleturn|p2b: Sinistcha|move: Rage Powder\n|move|p2a: Dalamance|Knock Off|p1b: Maushold\n|-damage|p1b: Maushold|50\/100\n|move|p1b: Maushold|Population Bomb|p2b: Sinistcha\n|-immune|p2b: Sinistcha\n|move|p1a: Kingambit|Kowtow Cleave|p2b: Sinistcha\n|-supereffective|p2b: Sinistcha\n|-damage|p2b: Sinistcha|0 fnt\n|faint|p2b: Sinistcha\n|\n|upkeep\n|turn|15\n|\n|t:|1699964002\n|move|p1b: Maushold|Follow Me|p1b: Maushold\n|-singleturn|p1b: Maushold|move: Follow Me\n|move|p2a: Dalamance|Acrobatics|p1b: Maushold\n|-damage|p1b: Maushold|0 fnt\n|faint|p1b: Maushold\n|move|p1a: Kingambit|Kowtow Cleave|p2a: Dalamance\n|-resisted|p2a: Dalamance\n|-damage|p2a: Dalamance|22\/100\n|\n|upkeep\n|turn|16\n|\n|t:|1699964014\n|move|p2a: Dalamance|Protect|p2a: Dalamance\n|-singleturn|p2a: Dalamance|Protect\n|move|p1a: Kingambit|Kowtow Cleave|p2a: Dalamance\n|-activate|p2a: Dalamance|move: Protect\n|\n|upkeep\n|turn|17\n|\n|t:|1699964067\n|-terastallize|p2a: Dalamance|Dragon\n|move|p2a: Dalamance|Acrobatics|p1a: Kingambit\n|-resisted|p1a: Kingambit\n|-damage|p1a: Kingambit|66\/100\n|move|p1a: Kingambit|Kowtow Cleave|p2a: Dalamance\n|-damage|p2a: Dalamance|0 fnt\n|faint|p2a: Dalamance\n|-end|p2a: Dalamance|Protosynthesis|[silent]\n|\n|win|evilsoul12\n|raw|evilsoul12's rating: 1186 &rarr; <strong>1201<\/strong><br \/>(+15 for winning)\n|raw|Arattzzy's rating: 1038 &rarr; <strong>1029<\/strong><br \/>(-9 for losing)\n|l|\u2606Arattzzy\n","uploadtime":1699964084,"views":4,"p1id":"evilsoul12","p2id":"arattzzy","formatid":"gen9doublesou","rating":1029,"private":0,"password":""}