{"id":"gen9doublesou-1988065433","p1":"JonGrace","p2":"Slimthickens","format":"[Gen 9] Doubles OU","log":"|j|\u2606JonGrace\n|j|\u2606Slimthickens\n|t:|1699665306\n|gametype|doubles\n|player|p1|JonGrace|cameraman|1214\n|player|p2|Slimthickens|102|1175\n|teamsize|p1|6\n|teamsize|p2|6\n|gen|9\n|tier|[Gen 9] Doubles OU\n|rated|\n|rule|Species Clause: Limit one of each Pok\u00e9mon\n|rule|OHKO Clause: OHKO moves are banned\n|rule|Evasion Moves Clause: Evasion moves are banned\n|rule|Gravity Sleep Clause: The combination of sleep-inducing moves with imperfect accuracy and Gravity or Gigantamax Orbeetle are banned\n|rule|Endless Battle Clause: Forcing endless battles is banned\n|rule|HP Percentage Mod: HP is shown in percentages\n|clearpoke\n|poke|p1|Muk-Alola, F|\n|poke|p1|Sableye, M|\n|poke|p1|Goodra, F|\n|poke|p1|Gastrodon, F|\n|poke|p1|Milotic, F|\n|poke|p1|Overqwil, M|\n|poke|p2|Landorus-Therian, M|\n|poke|p2|Ninetales, F|\n|poke|p2|Ceruledge, M|\n|poke|p2|Iron Bundle|\n|poke|p2|Chi-Yu|\n|poke|p2|Wo-Chien|\n|teampreview\n|inactive|Battle timer is ON: inactive players will automatically lose when time's up. (requested by Slimthickens)\n|inactive|JonGrace also wants the timer to be on.\n|\n|t:|1699665327\n|start\n|switch|p1a: Sableye|Sableye, M|100\/100\n|switch|p1b: Goodra|Goodra, F|100\/100\n|switch|p2a: Ninetales|Ninetales, F|100\/100\n|switch|p2b: Chi-Yu|Chi-Yu|100\/100\n|-weather|SunnyDay|[from] ability: Drought|[of] p2a: Ninetales\n|-ability|p2b: Chi-Yu|Beads of Ruin\n|turn|1\n|\n|t:|1699665346\n|-terastallize|p2b: Chi-Yu|Ghost\n|move|p1a: Sableye|Fake Out|p2b: Chi-Yu\n|-immune|p2b: Chi-Yu\n|move|p2a: Ninetales|Heat Wave|p1b: Goodra|[spread] p1a,p1b\n|-resisted|p1b: Goodra\n|-damage|p1a: Sableye|22\/100\n|-damage|p1b: Goodra|80\/100\n|move|p2b: Chi-Yu|Heat Wave|p1a: Sableye|[spread] p1a,p1b\n|-resisted|p1b: Goodra\n|-damage|p1a: Sableye|0 fnt\n|-damage|p1b: Goodra|33\/100\n|-enditem|p1b: Goodra|Sitrus Berry|[eat]\n|-heal|p1b: Goodra|58\/100|[from] item: Sitrus Berry\n|faint|p1a: Sableye\n|move|p1b: Goodra|Thunderbolt|p2b: Chi-Yu\n|-damage|p2b: Chi-Yu|70\/100\n|-status|p2b: Chi-Yu|par\n|\n|-weather|SunnyDay|[upkeep]\n|upkeep\n|inactive|JonGrace has 120 seconds left.\n|\n|t:|1699665367\n|switch|p1a: Overqwil|Overqwil, M|100\/100\n|-ability|p1a: Overqwil|Intimidate|boost\n|-unboost|p2a: Ninetales|atk|1\n|-unboost|p2b: Chi-Yu|atk|1\n|turn|2\n|c|\u2606Slimthickens|Nice luck\n|\n|t:|1699665383\n|switch|p2a: Ouch|Landorus-Therian, M, shiny|100\/100\n|-ability|p2a: Ouch|Intimidate|boost\n|-unboost|p1a: Overqwil|atk|1\n|-unboost|p1b: Goodra|atk|1\n|move|p1a: Overqwil|Waterfall|p2b: Chi-Yu\n|-damage|p2b: Chi-Yu|55\/100 par\n|move|p1b: Goodra|Life Dew||[still]|[spread] p1a,p1b\n|-fail|p1a: Overqwil|heal\n|-heal|p1b: Goodra|82\/100\n|cant|p2b: Chi-Yu|par\n|\n|-weather|SunnyDay|[upkeep]\n|upkeep\n|turn|3\n|\n|t:|1699665404\n|move|p2a: Ouch|Rock Slide|p1a: Overqwil|[spread] p1a,p1b\n|-damage|p1a: Overqwil|70\/100\n|-damage|p1b: Goodra|54\/100\n|move|p1a: Overqwil|Crunch|p2b: Chi-Yu\n|-supereffective|p2b: Chi-Yu\n|-damage|p2b: Chi-Yu|0 fnt\n|faint|p2b: Chi-Yu\n|cant|p1b: Goodra|flinch\n|\n|-weather|SunnyDay|[upkeep]\n|upkeep\n|\n|t:|1699665411\n|switch|p2b: Ceruledge|Ceruledge, M|100\/100\n|turn|4\n|\n|t:|1699665430\n|switch|p2b: Wo-Chien|Wo-Chien|100\/100\n|-ability|p2b: Wo-Chien|Tablets of Ruin\n|switch|p1a: Gastrodon|Gastrodon, F|100\/100\n|move|p2a: Ouch|Rock Slide|p1b: Goodra|[spread] p1a,p1b\n|-resisted|p1a: Gastrodon\n|-damage|p1a: Gastrodon|90\/100\n|-damage|p1b: Goodra|33\/100\n|move|p1b: Goodra|Life Dew|p1b: Goodra|[spread] p1b\n|-ability|p1a: Gastrodon|Storm Drain|boost\n|-boost|p1a: Gastrodon|spa|1\n|-heal|p1b: Goodra|58\/100\n|\n|-weather|SunnyDay|[upkeep]\n|upkeep\n|turn|5\n|\n|t:|1699665454\n|-terastallize|p1a: Gastrodon|Fire\n|move|p2a: Ouch|Rock Slide|p1b: Goodra|[spread] p1a,p1b\n|-supereffective|p1a: Gastrodon\n|-damage|p1a: Gastrodon|48\/100\n|-damage|p1b: Goodra|34\/100\n|move|p1b: Goodra|Life Dew|p1b: Goodra|[spread] p1b\n|-ability|p1a: Gastrodon|Storm Drain|boost\n|-boost|p1a: Gastrodon|spa|1\n|-heal|p1b: Goodra|59\/100\n|move|p2b: Wo-Chien|Growth|p2b: Wo-Chien\n|-boost|p2b: Wo-Chien|atk|2\n|-boost|p2b: Wo-Chien|spa|2\n|move|p1a: Gastrodon|Ice Beam|p2a: Ouch\n|-supereffective|p2a: Ouch\n|-damage|p2a: Ouch|0 fnt\n|faint|p2a: Ouch\n|\n|-weather|none\n|upkeep\n|inactive|Slimthickens has 120 seconds left.\n|c|\u2606Slimthickens|Literally no flinches on three moves\n|c|\u2606Slimthickens|yet you get paralyze on thunder\n|c|\u2606Slimthickens|no\n|c|\u2606Slimthickens|hope your kids stop breathing in their sleep\n|inactive|Slimthickens has 90 seconds left.\n|c|\u2606JonGrace|Jajaja\n|c|\u2606JonGrace|I know. I suck\n|c|\u2606Slimthickens|Not finishing against luck trash like you\n|inactive|Slimthickens has 60 seconds left.\n|n|!Slimthickens|slimthickens\n|c|\u2606JonGrace|Finish me\n|inactive|Slimthickens has 30 seconds left.\n|c|\u2606JonGrace|Do iiiit\n|inactive|Slimthickens has 20 seconds left.\n|inactive|Slimthickens has 15 seconds left.\n|inactive|Slimthickens has 10 seconds left.\n|inactive|Slimthickens has 5 seconds left.\n|c|\u2606JonGrace|Damn youuuu\n|-message|Slimthickens lost due to inactivity.\n|\n|win|JonGrace\n|raw|JonGrace's rating: 1214 &rarr; <strong>1235<\/strong><br \/>(+21 for winning)\n|raw|Slimthickens's rating: 1152 &rarr; <strong>1131<\/strong><br \/>(-21 for losing)\n","uploadtime":1699665540,"views":9,"p1id":"jongrace","p2id":"slimthickens","formatid":"gen9doublesou","rating":1131,"private":0,"password":""}