{"id":"gen9doublesou-2000352170","p1":"L3V14TH4N1303","p2":"RowdyYak","format":"[Gen 9] Doubles OU","log":"|j|\u2606L3V14TH4N1303\n|j|\u2606RowdyYak\n|t:|1701187506\n|gametype|doubles\n|player|p1|L3V14TH4N1303|ghetsis|1274\n|player|p2|RowdyYak|benga|1243\n|teamsize|p1|6\n|teamsize|p2|6\n|gen|9\n|tier|[Gen 9] Doubles OU\n|rated|\n|rule|Species Clause: Limit one of each Pok\u00e9mon\n|rule|OHKO Clause: OHKO moves are banned\n|rule|Evasion Moves Clause: Evasion moves are banned\n|rule|Gravity Sleep Clause: The combination of sleep-inducing moves with imperfect accuracy and Gravity or Gigantamax Orbeetle are banned\n|rule|Endless Battle Clause: Forcing endless battles is banned\n|rule|HP Percentage Mod: HP is shown in percentages\n|clearpoke\n|poke|p1|Palafin, F|\n|poke|p1|Arcanine, F|\n|poke|p1|Amoonguss, F|\n|poke|p1|Flutter Mane|\n|poke|p1|Garganacl, F|\n|poke|p1|Cresselia, F|\n|poke|p2|Ursaluna, M|\n|poke|p2|Farigiraf, F|\n|poke|p2|Torkoal, F|\n|poke|p2|Dondozo, M|\n|poke|p2|Iron Hands|\n|poke|p2|Sinistcha|\n|teampreview\n|\n|t:|1701187531\n|start\n|switch|p1a: Amoonguss|Amoonguss, F|100\/100\n|switch|p1b: Cresselia|Cresselia, F|100\/100\n|switch|p2a: Farigiraf|Farigiraf, F|100\/100\n|switch|p2b: Ursaluna|Ursaluna, M|100\/100\n|turn|1\n|\n|t:|1701187549\n|switch|p2b: Torkoal|Torkoal, F|100\/100\n|move|p1b: Cresselia|Psyshock|p2b: Torkoal\n|-damage|p2b: Torkoal|83\/100\n|move|p1a: Amoonguss|Spore|p2a: Farigiraf\n|-status|p2a: Farigiraf|slp|[from] move: Spore\n|cant|p2a: Farigiraf|slp\n|\n|upkeep\n|turn|2\n|\n|t:|1701187568\n|switch|p1b: Palafin|Palafin, F|100\/100\n|move|p1a: Amoonguss|Spore|p2b: Torkoal\n|-status|p2b: Torkoal|slp|[from] move: Spore\n|cant|p2b: Torkoal|slp\n|cant|p2a: Farigiraf|slp\n|\n|upkeep\n|turn|3\n|\n|t:|1701187584\n|switch|p2b: Iron Hands|Iron Hands|100\/100\n|move|p1b: Palafin|Wave Crash|p2b: Iron Hands\n|-damage|p2b: Iron Hands|76\/100\n|-damage|p1b: Palafin|88\/100|[from] Recoil\n|move|p1a: Amoonguss|Pollen Puff|p2a: Farigiraf\n|-supereffective|p2a: Farigiraf\n|-damage|p2a: Farigiraf|68\/100 slp\n|-curestatus|p2a: Farigiraf|slp|[msg]\n|move|p2a: Farigiraf|Trick Room|p2a: Farigiraf\n|-fieldstart|move: Trick Room|[of] p2a: Farigiraf\n|\n|upkeep\n|turn|4\n|\n|t:|1701187604\n|switch|p2a: Ursaluna|Ursaluna, M|100\/100\n|move|p2b: Iron Hands|Fake Out|p1a: Amoonguss\n|-damage|p1a: Amoonguss|87\/100\n|cant|p1a: Amoonguss|flinch\n|move|p1b: Palafin|Flip Turn|p2b: Iron Hands\n|-damage|p2b: Iron Hands|63\/100\n|\n|t:|1701187613\n|detailschange|p1b: Palafin|Palafin-Hero, F\n|switch|p1b: Arcanine|Arcanine, F|100\/100|[from] Flip Turn\n|-ability|p1b: Arcanine|Intimidate|boost\n|-unboost|p2a: Ursaluna|atk|1\n|-unboost|p2b: Iron Hands|atk|1\n|\n|-heal|p1a: Amoonguss|94\/100|[from] item: Leftovers\n|-status|p2a: Ursaluna|brn|[from] item: Flame Orb\n|upkeep\n|turn|5\n|\n|t:|1701187644\n|switch|p1b: Palafin|Palafin-Hero, F|88\/100\n|-activate|p1b: Palafin|ability: Zero to Hero\n|move|p1a: Amoonguss|Spore|p2b: Iron Hands\n|-status|p2b: Iron Hands|slp|[from] move: Spore\n|move|p2a: Ursaluna|Facade|p1a: Amoonguss\n|-damage|p1a: Amoonguss|26\/100\n|cant|p2b: Iron Hands|slp\n|\n|-heal|p1a: Amoonguss|32\/100|[from] item: Leftovers\n|-damage|p2a: Ursaluna|94\/100 brn|[from] brn\n|upkeep\n|turn|6\n|\n|t:|1701187667\n|switch|p1a: Cresselia|Cresselia, F|100\/100\n|move|p2a: Ursaluna|Facade|p1a: Cresselia\n|-damage|p1a: Cresselia|39\/100\n|-enditem|p1a: Cresselia|Sitrus Berry|[eat]\n|-heal|p1a: Cresselia|64\/100|[from] item: Sitrus Berry\n|-curestatus|p2b: Iron Hands|slp|[msg]\n|move|p2b: Iron Hands|Wild Charge|p1b: Palafin\n|-supereffective|p1b: Palafin\n|-damage|p1b: Palafin|22\/100\n|-damage|p2b: Iron Hands|52\/100|[from] Recoil\n|move|p1b: Palafin|Wave Crash|p2a: Ursaluna\n|-supereffective|p2a: Ursaluna\n|-damage|p2a: Ursaluna|0 fnt\n|faint|p2a: Ursaluna\n|-damage|p1b: Palafin|0 fnt|[from] Recoil\n|faint|p1b: Palafin\n|\n|upkeep\n|\n|t:|1701187687\n|switch|p2a: Sinistcha|Sinistcha|100\/100\n|switch|p1b: Garganacl|Garganacl, F|100\/100\n|-heal|p2b: Iron Hands|77\/100|[from] ability: Hospitality|[of] p2a: Sinistcha\n|turn|7\n|\n|t:|1701187699\n|move|p1a: Cresselia|Ally Switch|p1a: Cresselia\n|swap|p1a: Cresselia|1|[from] move: Ally Switch\n|move|p1a: Garganacl|Salt Cure|p2a: Sinistcha\n|-crit|p2a: Sinistcha\n|-damage|p2a: Sinistcha|81\/100\n|-start|p2a: Sinistcha|Salt Cure\n|move|p2b: Iron Hands|Close Combat|p1b: Cresselia\n|-resisted|p1b: Cresselia\n|-damage|p1b: Cresselia|49\/100\n|-unboost|p2b: Iron Hands|def|1\n|-unboost|p2b: Iron Hands|spd|1\n|move|p2a: Sinistcha|Matcha Gotcha|p1b: Cresselia|[spread] p1a,p1b\n|-supereffective|p1a: Garganacl\n|-damage|p1a: Garganacl|47\/100\n|-heal|p2a: Sinistcha|100\/100|[from] drain|[of] p1a: Garganacl\n|-damage|p1b: Cresselia|36\/100\n|\n|-heal|p1a: Garganacl|53\/100|[from] item: Leftovers\n|-damage|p2a: Sinistcha|88\/100|[from] Salt Cure\n|-fieldend|move: Trick Room\n|upkeep\n|turn|8\n|\n|t:|1701187719\n|switch|p1b: Amoonguss|Amoonguss, F|65\/100\n|move|p1a: Garganacl|Protect|p1a: Garganacl\n|-singleturn|p1a: Garganacl|Protect\n|move|p2b: Iron Hands|Close Combat|p1a: Garganacl\n|-activate|p1a: Garganacl|move: Protect\n|move|p2a: Sinistcha|Trick Room|p2a: Sinistcha\n|-fieldstart|move: Trick Room|[of] p2a: Sinistcha\n|\n|-heal|p1b: Amoonguss|71\/100|[from] item: Leftovers\n|-heal|p1a: Garganacl|59\/100|[from] item: Leftovers\n|-damage|p2a: Sinistcha|76\/100|[from] Salt Cure\n|upkeep\n|turn|9\n|\n|t:|1701187746\n|switch|p1a: Arcanine|Arcanine, F|100\/100\n|-ability|p1a: Arcanine|Intimidate|boost\n|-unboost|p2a: Sinistcha|atk|1\n|-unboost|p2b: Iron Hands|atk|1\n|move|p1b: Amoonguss|Spore|p2b: Iron Hands\n|-status|p2b: Iron Hands|slp|[from] move: Spore\n|cant|p2b: Iron Hands|slp\n|move|p2a: Sinistcha|Matcha Gotcha|p1b: Amoonguss|[spread] p1b\n|-miss|p2a: Sinistcha|p1a: Arcanine\n|-resisted|p1b: Amoonguss\n|-damage|p1b: Amoonguss|66\/100\n|-heal|p2a: Sinistcha|79\/100|[from] drain|[of] p1b: Amoonguss\n|\n|-heal|p1b: Amoonguss|72\/100|[from] item: Leftovers\n|-damage|p2a: Sinistcha|67\/100|[from] Salt Cure\n|upkeep\n|turn|10\n|\n|t:|1701187766\n|switch|p2a: Dondozo|Dondozo, M|100\/100\n|move|p1b: Amoonguss|Pollen Puff|p2a: Dondozo\n|-damage|p2a: Dondozo|86\/100\n|-curestatus|p2b: Iron Hands|slp|[msg]\n|move|p2b: Iron Hands|Ice Punch|p1b: Amoonguss\n|-supereffective|p1b: Amoonguss\n|-damage|p1b: Amoonguss|48\/100\n|move|p1a: Arcanine|Flare Blitz|p2a: Dondozo\n|-resisted|p2a: Dondozo\n|-damage|p2a: Dondozo|71\/100\n|-damage|p1a: Arcanine|95\/100|[from] Recoil\n|\n|-heal|p1b: Amoonguss|54\/100|[from] item: Leftovers\n|-heal|p1a: Arcanine|100\/100|[from] item: Leftovers\n|upkeep\n|turn|11\n|\n|t:|1701187793\n|-end|p2b: Iron Hands|Quark Drive|[silent]\n|switch|p2b: Torkoal|Torkoal, F|83\/100 slp\n|move|p1a: Arcanine|Protect|p1a: Arcanine\n|-singleturn|p1a: Arcanine|Protect\n|move|p1b: Amoonguss|Spore|p2a: Dondozo\n|-status|p2a: Dondozo|slp|[from] move: Spore\n|cant|p2a: Dondozo|slp\n|\n|-heal|p1b: Amoonguss|60\/100|[from] item: Leftovers\n|upkeep\n|turn|12\n|\n|t:|1701187815\n|switch|p1b: Garganacl|Garganacl, F|59\/100\n|switch|p1a: Flutter Mane|Flutter Mane|100\/100\n|-curestatus|p2b: Torkoal|slp|[msg]\n|move|p2b: Torkoal|Earth Power|p1a: Flutter Mane\n|-crit|p1a: Flutter Mane\n|-damage|p1a: Flutter Mane|63\/100\n|cant|p2a: Dondozo|slp\n|\n|-heal|p1b: Garganacl|66\/100|[from] item: Leftovers\n|-fieldend|move: Trick Room\n|upkeep\n|turn|13\n|\n|t:|1701187838\n|move|p1a: Flutter Mane|Moonblast|p2a: Dondozo\n|-damage|p2a: Dondozo|8\/100 slp\n|-enditem|p2a: Dondozo|Figy Berry|[eat]\n|-heal|p2a: Dondozo|41\/100 slp|[from] item: Figy Berry\n|move|p1b: Garganacl|Salt Cure|p2a: Dondozo\n|-damage|p2a: Dondozo|32\/100 slp\n|-start|p2a: Dondozo|Salt Cure\n|cant|p2a: Dondozo|slp\n|move|p2b: Torkoal|Earth Power|p1b: Garganacl\n|-supereffective|p1b: Garganacl\n|-damage|p1b: Garganacl|23\/100\n|\n|-heal|p1b: Garganacl|29\/100|[from] item: Leftovers\n|-damage|p2a: Dondozo|7\/100 slp|[from] Salt Cure\n|upkeep\n|turn|14\n|\n|t:|1701187858\n|move|p1a: Flutter Mane|Moonblast|p2a: Dondozo\n|-damage|p2a: Dondozo|0 fnt\n|faint|p2a: Dondozo\n|move|p1b: Garganacl|Recover|p1b: Garganacl\n|-heal|p1b: Garganacl|79\/100\n|move|p2b: Torkoal|Earth Power|p1b: Garganacl\n|-supereffective|p1b: Garganacl\n|-damage|p1b: Garganacl|39\/100\n|\n|-heal|p1b: Garganacl|45\/100|[from] item: Leftovers\n|upkeep\n|c|\u2606RowdyYak|such a f u cking p    uss y\n|n|\u203dRowdyYak|rowdyyak\n|\n|t:|1701187894\n|switch|p2a: Iron Hands|Iron Hands|77\/100\n|turn|15\n|l|\u203dRowdyYak\n|player|p2|\n|\n|t:|1701187944\n|move|p2a: Iron Hands|Fake Out|p1a: Flutter Mane\n|-immune|p1a: Flutter Mane\n|move|p1a: Flutter Mane|Moonblast|p2a: Iron Hands\n|-supereffective|p2a: Iron Hands\n|-damage|p2a: Iron Hands|0 fnt\n|faint|p2a: Iron Hands\n|-end|p2a: Iron Hands|Quark Drive|[silent]\n|move|p1b: Garganacl|Recover|p1b: Garganacl\n|-heal|p1b: Garganacl|95\/100\n|move|p2b: Torkoal|Earth Power|p1b: Garganacl\n|-supereffective|p1b: Garganacl\n|-damage|p1b: Garganacl|53\/100\n|\n|-heal|p1b: Garganacl|59\/100|[from] item: Leftovers\n|upkeep\n|c|\u2606L3V14TH4N1303|rich coming from a guy who's losing 5-3\n|inactive|Battle timer is ON: inactive players will automatically lose when time's up. (requested by L3V14TH4N1303)\n|inactive|RowdyYak has 30 seconds to reconnect!\n|inactive|RowdyYak has 20 seconds to reconnect!\n|inactive|RowdyYak has 15 seconds to reconnect!\n|inactive|RowdyYak has 10 seconds to reconnect!\n|inactive|RowdyYak has 5 seconds to reconnect!\n|-message|RowdyYak lost due to inactivity.\n|\n|win|L3V14TH4N1303\n|raw|L3V14TH4N1303's rating: 1274 &rarr; <strong>1297<\/strong><br \/>(+23 for winning)\n|raw|RowdyYak's rating: 1243 &rarr; <strong>1220<\/strong><br \/>(-23 for losing)\n","uploadtime":1701187878,"views":4,"p1id":"l3v14th4n1303","p2id":"rowdyyak","formatid":"gen9doublesou","rating":1220,"private":0,"password":""}