{"id":"gen9doublesou-1986781116","p1":"Hatakashi28","p2":"UnseeableRias","format":"[Gen 9] Doubles OU","log":"|j|\u2606Hatakashi28\n|j|\u2606UnseeableRias\n|t:|1699524223\n|gametype|doubles\n|player|p1|Hatakashi28|iris-gen5bw2|1070\n|player|p2|UnseeableRias|caitlin|1172\n|teamsize|p1|6\n|teamsize|p2|6\n|gen|9\n|tier|[Gen 9] Doubles OU\n|rated|\n|rule|Species Clause: Limit one of each Pok\u00e9mon\n|rule|OHKO Clause: OHKO moves are banned\n|rule|Evasion Moves Clause: Evasion moves are banned\n|rule|Gravity Sleep Clause: The combination of sleep-inducing moves with imperfect accuracy and Gravity or Gigantamax Orbeetle are banned\n|rule|Endless Battle Clause: Forcing endless battles is banned\n|rule|HP Percentage Mod: HP is shown in percentages\n|clearpoke\n|poke|p1|Zapdos|\n|poke|p1|Dusknoir, F|\n|poke|p1|Pikachu, F|\n|poke|p1|Landorus-Therian, M|\n|poke|p1|Jirachi|\n|poke|p1|Corviknight, M|\n|poke|p2|Chi-Yu|\n|poke|p2|Glimmora, F|\n|poke|p2|Iron Hands|\n|poke|p2|Ogerpon-Hearthflame, F|\n|poke|p2|Iron Bundle|\n|poke|p2|Landorus-Therian, M|\n|teampreview\n|inactive|Battle timer is ON: inactive players will automatically lose when time's up. (requested by UnseeableRias)\n|\n|t:|1699524242\n|start\n|switch|p1a: Landorus|Landorus-Therian, M|100\/100\n|switch|p1b: Zapdos|Zapdos|100\/100\n|switch|p2a: Chi-Yu|Chi-Yu|100\/100\n|switch|p2b: Iron Bundle|Iron Bundle, shiny|100\/100\n|-ability|p1a: Landorus|Intimidate|boost\n|-unboost|p2a: Chi-Yu|atk|1\n|-unboost|p2b: Iron Bundle|atk|1\n|-ability|p2a: Chi-Yu|Beads of Ruin\n|-ability|p1b: Zapdos|Pressure\n|turn|1\n|\n|t:|1699524269\n|-terastallize|p2b: Iron Bundle|Ice\n|move|p2b: Iron Bundle|Freeze-Dry|p1a: Landorus\n|-supereffective|p1a: Landorus\n|-damage|p1a: Landorus|0 fnt\n|faint|p1a: Landorus\n|move|p2a: Chi-Yu|Dark Pulse|p1b: Zapdos\n|-damage|p1b: Zapdos|50\/100\n|move|p1b: Zapdos|Discharge|p2a: Chi-Yu|[spread] p2a,p2b\n|-damage|p2a: Chi-Yu|70\/100\n|-damage|p2b: Iron Bundle|28\/100\n|-status|p2a: Chi-Yu|par\n|\n|-heal|p1b: Zapdos|57\/100|[from] item: Leftovers\n|-heal|p2a: Chi-Yu|76\/100 par|[from] item: Leftovers\n|upkeep\n|inactive|Hatakashi28 has 120 seconds left.\n|c|\u2606UnseeableRias|io would've switched landorus...\n|inactive|Hatakashi28 has 90 seconds left.\n|\n|t:|1699524311\n|switch|p1a: Pikachu|Pikachu, F|100\/100\n|turn|2\n|\n|t:|1699524326\n|move|p1a: Pikachu|Fake Out|p2b: Iron Bundle\n|-damage|p2b: Iron Bundle|6\/100\n|cant|p2b: Iron Bundle|flinch\n|move|p1b: Zapdos|Roost|p1b: Zapdos\n|-heal|p1b: Zapdos|100\/100\n|-singleturn|p1b: Zapdos|move: Roost\n|move|p2a: Chi-Yu|Dark Pulse|p1a: Pikachu\n|-damage|p1a: Pikachu|0 fnt\n|faint|p1a: Pikachu\n|\n|-heal|p2a: Chi-Yu|82\/100 par|[from] item: Leftovers\n|upkeep\n|inactive|Hatakashi28 has 90 seconds left.\n|c|\u2606UnseeableRias|damn thats tough\n|\n|t:|1699524352\n|switch|p1a: Dusknoir|Dusknoir, F|100\/100\n|-ability|p1a: Dusknoir|Pressure\n|turn|3\n|inactive|Hatakashi28 has 90 seconds left.\n|inactive|UnseeableRias has 120 seconds left.\n|\n|t:|1699524383\n|move|p1a: Dusknoir|Protect|p1a: Dusknoir\n|-singleturn|p1a: Dusknoir|Protect\n|move|p2b: Iron Bundle|Freeze-Dry|p1b: Zapdos\n|-supereffective|p1b: Zapdos\n|-damage|p1b: Zapdos|0 fnt\n|faint|p1b: Zapdos\n|move|p2a: Chi-Yu|Dark Pulse|p1a: Dusknoir\n|-activate|p1a: Dusknoir|move: Protect\n|\n|-heal|p2a: Chi-Yu|88\/100 par|[from] item: Leftovers\n|upkeep\n|inactive|Hatakashi28 has 90 seconds left.\n|c|\u2606UnseeableRias|iron bundle go brrrr\n|c|\u2606Hatakashi28|Low ladder brr\n|inactive|Hatakashi28 has 60 seconds left.\n|\n|t:|1699524424\n|switch|p1b: Corviknight|Corviknight, M|100\/100\n|-ability|p1b: Corviknight|Pressure\n|turn|4\n|c|\u2606UnseeableRias|yet your getting swept by it\n|c|\u2606UnseeableRias|xD\n|c|\u2606UnseeableRias|mad coz dog sht\n|inactive|Hatakashi28 has 60 seconds left.\n|\n|t:|1699524448\n|-terastallize|p1b: Corviknight|Dark\n|move|p2b: Iron Bundle|Freeze-Dry|p1b: Corviknight\n|-damage|p1b: Corviknight|38\/100\n|move|p1b: Corviknight|Agility|p1b: Corviknight\n|-boost|p1b: Corviknight|spe|2\n|move|p2a: Chi-Yu|Dark Pulse|p1a: Dusknoir\n|-supereffective|p1a: Dusknoir\n|-damage|p1a: Dusknoir|2\/100\n|move|p1a: Dusknoir|Icy Wind|p2a: Chi-Yu|[spread] p2a,p2b\n|-resisted|p2a: Chi-Yu\n|-resisted|p2b: Iron Bundle\n|-damage|p2a: Chi-Yu|84\/100 par\n|-damage|p2b: Iron Bundle|0 fnt\n|-unboost|p2a: Chi-Yu|spe|1\n|faint|p2b: Iron Bundle\n|-end|p2b: Iron Bundle|Quark Drive|[silent]\n|\n|-heal|p1b: Corviknight|45\/100|[from] item: Leftovers\n|-heal|p1a: Dusknoir|8\/100|[from] item: Leftovers\n|-heal|p2a: Chi-Yu|90\/100 par|[from] item: Leftovers\n|upkeep\n|\n|t:|1699524453\n|switch|p2b: Iron Hands|Iron Hands|100\/100\n|turn|5\n|\n|t:|1699524466\n|move|p1b: Corviknight|Roost|p1b: Corviknight\n|-heal|p1b: Corviknight|95\/100\n|move|p2b: Iron Hands|Volt Switch|p1b: Corviknight\n|-damage|p1b: Corviknight|77\/100\n|\n|t:|1699524474\n|-end|p2b: Iron Hands|Quark Drive|[silent]\n|switch|p2b: Glimmora|Glimmora, F|100\/100|[from] Volt Switch\n|move|p1a: Dusknoir|Will-O-Wisp|p2b: Glimmora\n|-status|p2b: Glimmora|brn\n|cant|p2a: Chi-Yu|par\n|\n|-heal|p1b: Corviknight|84\/100|[from] item: Leftovers\n|-heal|p1a: Dusknoir|14\/100|[from] item: Leftovers\n|-heal|p2a: Chi-Yu|97\/100 par|[from] item: Leftovers\n|-damage|p2b: Glimmora|94\/100 brn|[from] brn\n|upkeep\n|turn|6\n|inactive|Hatakashi28 has 90 seconds left.\n|\n|t:|1699524498\n|move|p1a: Dusknoir|Protect|p1a: Dusknoir\n|-singleturn|p1a: Dusknoir|Protect\n|move|p1b: Corviknight|Bulk Up|p1b: Corviknight\n|-boost|p1b: Corviknight|atk|1\n|-boost|p1b: Corviknight|def|1\n|move|p2b: Glimmora|Power Gem|p1b: Corviknight\n|-damage|p1b: Corviknight|28\/100\n|move|p2a: Chi-Yu|Crunch|p1a: Dusknoir\n|-activate|p1a: Dusknoir|move: Protect\n|\n|-heal|p1b: Corviknight|34\/100|[from] item: Leftovers\n|-heal|p1a: Dusknoir|20\/100|[from] item: Leftovers\n|-heal|p2a: Chi-Yu|100\/100 par|[from] item: Leftovers\n|-damage|p2b: Glimmora|88\/100 brn|[from] brn\n|upkeep\n|turn|7\n|\n|t:|1699524517\n|move|p1b: Corviknight|Roost|p1b: Corviknight\n|-heal|p1b: Corviknight|84\/100\n|move|p2b: Glimmora|Power Gem|p1b: Corviknight\n|-damage|p1b: Corviknight|29\/100\n|move|p1a: Dusknoir|Icy Wind|p2b: Glimmora|[spread] p2a,p2b\n|-resisted|p2a: Chi-Yu\n|-damage|p2a: Chi-Yu|97\/100 par\n|-damage|p2b: Glimmora|81\/100 brn\n|-unboost|p2a: Chi-Yu|spe|1\n|-unboost|p2b: Glimmora|spe|1\n|cant|p2a: Chi-Yu|par\n|\n|-heal|p1b: Corviknight|35\/100|[from] item: Leftovers\n|-heal|p1a: Dusknoir|26\/100|[from] item: Leftovers\n|-heal|p2a: Chi-Yu|100\/100 par|[from] item: Leftovers\n|-damage|p2b: Glimmora|75\/100 brn|[from] brn\n|upkeep\n|turn|8\n|inactive|Hatakashi28 has 120 seconds left.\n|\n|t:|1699524544\n|switch|p2a: Iron Hands|Iron Hands|100\/100\n|move|p1b: Corviknight|Roost|p1b: Corviknight\n|-heal|p1b: Corviknight|85\/100\n|move|p2b: Glimmora|Power Gem|p1b: Corviknight\n|-damage|p1b: Corviknight|36\/100\n|move|p1a: Dusknoir|Icy Wind|p2b: Glimmora|[spread] p2a,p2b\n|-crit|p2b: Glimmora\n|-damage|p2a: Iron Hands|96\/100\n|-damage|p2b: Glimmora|68\/100 brn\n|-unboost|p2a: Iron Hands|spe|1\n|-unboost|p2b: Glimmora|spe|1\n|\n|-heal|p1b: Corviknight|43\/100|[from] item: Leftovers\n|-heal|p1a: Dusknoir|32\/100|[from] item: Leftovers\n|-damage|p2b: Glimmora|62\/100 brn|[from] brn\n|upkeep\n|turn|9\n|inactive|Hatakashi28 has 120 seconds left.\n|\n|t:|1699524559\n|move|p1b: Corviknight|Roost|p1b: Corviknight\n|-heal|p1b: Corviknight|93\/100\n|move|p1a: Dusknoir|Will-O-Wisp|p2a: Iron Hands\n|-status|p2a: Iron Hands|brn\n|move|p2b: Glimmora|Power Gem|p1b: Corviknight\n|-damage|p1b: Corviknight|45\/100\n|move|p2a: Iron Hands|Drain Punch|p1b: Corviknight\n|-supereffective|p1b: Corviknight\n|-damage|p1b: Corviknight|19\/100\n|-heal|p2a: Iron Hands|100\/100 brn|[from] drain|[of] p1b: Corviknight\n|\n|-heal|p1b: Corviknight|25\/100|[from] item: Leftovers\n|-heal|p1a: Dusknoir|39\/100|[from] item: Leftovers\n|-damage|p2b: Glimmora|55\/100 brn|[from] brn\n|-damage|p2a: Iron Hands|94\/100 brn|[from] brn\n|upkeep\n|turn|10\n|inactive|Hatakashi28 has 120 seconds left.\n|\n|t:|1699524581\n|move|p1b: Corviknight|Roost|p1b: Corviknight\n|-heal|p1b: Corviknight|75\/100\n|move|p1a: Dusknoir|Icy Wind|p2a: Iron Hands|[spread] p2a,p2b\n|-damage|p2a: Iron Hands|90\/100 brn\n|-damage|p2b: Glimmora|51\/100 brn\n|-unboost|p2a: Iron Hands|spe|1\n|-unboost|p2b: Glimmora|spe|1\n|move|p2b: Glimmora|Power Gem|p1a: Dusknoir\n|-damage|p1a: Dusknoir|2\/100\n|move|p2a: Iron Hands|Close Combat|p1b: Corviknight\n|-supereffective|p1b: Corviknight\n|-damage|p1b: Corviknight|32\/100\n|-unboost|p2a: Iron Hands|def|1\n|-unboost|p2a: Iron Hands|spd|1\n|\n|-heal|p1b: Corviknight|39\/100|[from] item: Leftovers\n|-heal|p1a: Dusknoir|8\/100|[from] item: Leftovers\n|-damage|p2b: Glimmora|45\/100 brn|[from] brn\n|-damage|p2a: Iron Hands|84\/100 brn|[from] brn\n|upkeep\n|turn|11\n|\n|t:|1699524597\n|-end|p2a: Iron Hands|Quark Drive|[silent]\n|switch|p2a: Ogerpon|Ogerpon-Hearthflame, F|100\/100\n|-ability|p2a: Ogerpon|Mold Breaker\n|move|p1a: Dusknoir|Protect|p1a: Dusknoir\n|-singleturn|p1a: Dusknoir|Protect\n|move|p1b: Corviknight|Roost|p1b: Corviknight\n|-heal|p1b: Corviknight|89\/100\n|move|p2b: Glimmora|Power Gem|p1a: Dusknoir\n|-activate|p1a: Dusknoir|move: Protect\n|\n|-heal|p1b: Corviknight|95\/100|[from] item: Leftovers\n|-heal|p1a: Dusknoir|14\/100|[from] item: Leftovers\n|-damage|p2b: Glimmora|38\/100 brn|[from] brn\n|upkeep\n|turn|12\n|\n|t:|1699524622\n|move|p1b: Corviknight|Bulk Up|p1b: Corviknight\n|-boost|p1b: Corviknight|atk|1\n|-boost|p1b: Corviknight|def|1\n|move|p2a: Ogerpon|Swords Dance|p2a: Ogerpon\n|-boost|p2a: Ogerpon|atk|2\n|move|p1a: Dusknoir|Icy Wind|p2a: Ogerpon|[spread] p2a,p2b\n|-damage|p2a: Ogerpon|94\/100\n|-damage|p2b: Glimmora|33\/100 brn\n|-unboost|p2a: Ogerpon|spe|1\n|-unboost|p2b: Glimmora|spe|1\n|move|p2b: Glimmora|Gunk Shot|p1b: Corviknight\n|-damage|p1b: Corviknight|90\/100\n|\n|-heal|p1b: Corviknight|96\/100|[from] item: Leftovers\n|-heal|p1a: Dusknoir|20\/100|[from] item: Leftovers\n|-damage|p2b: Glimmora|27\/100 brn|[from] brn\n|upkeep\n|turn|13\n|\n|t:|1699524638\n|move|p1b: Corviknight|Power Trip|p2a: Ogerpon\n|-damage|p2a: Ogerpon|0 fnt\n|faint|p2a: Ogerpon\n|move|p1a: Dusknoir|Icy Wind|p2b: Glimmora\n|-damage|p2b: Glimmora|20\/100 brn\n|-unboost|p2b: Glimmora|spe|1\n|move|p2b: Glimmora|Power Gem|p1b: Corviknight\n|-damage|p1b: Corviknight|53\/100\n|\n|-heal|p1b: Corviknight|59\/100|[from] item: Leftovers\n|-heal|p1a: Dusknoir|26\/100|[from] item: Leftovers\n|-damage|p2b: Glimmora|14\/100 brn|[from] brn\n|upkeep\n|\n|t:|1699524647\n|switch|p2a: Landorus|Landorus-Therian, M, shiny|100\/100\n|-ability|p2a: Landorus|Intimidate|boost\n|-unboost|p1a: Dusknoir|atk|1\n|-unboost|p1b: Corviknight|atk|1\n|turn|14\n|\n|t:|1699524662\n|move|p1b: Corviknight|Roost|p1b: Corviknight\n|-heal|p1b: Corviknight|100\/100\n|move|p2a: Landorus|Earthquake|p1b: Corviknight|[spread] p2b,p1a,p1b\n|-supereffective|p2b: Glimmora\n|-damage|p2b: Glimmora|0 fnt\n|-damage|p1a: Dusknoir|0 fnt\n|-damage|p1b: Corviknight|83\/100\n|-activate|p2b: Glimmora|ability: Toxic Debris\n|-sidestart|p1: Hatakashi28|move: Toxic Spikes\n|faint|p2b: Glimmora\n|faint|p1a: Dusknoir\n|-damage|p2a: Landorus|91\/100|[from] item: Life Orb\n|\n|-heal|p1b: Corviknight|89\/100|[from] item: Leftovers\n|upkeep\n|\n|t:|1699524673\n|switch|p2b: Chi-Yu|Chi-Yu|100\/100 par\n|switch|p1a: Jirachi|Jirachi|100\/100\n|-ability|p2b: Chi-Yu|Beads of Ruin\n|turn|15\n|inactive|Hatakashi28 has 120 seconds left.\n|\n|t:|1699524707\n|move|p1b: Corviknight|Power Trip|p2a: Landorus\n|-damage|p2a: Landorus|24\/100\n|move|p1a: Jirachi|Cosmic Power|p1a: Jirachi\n|-boost|p1a: Jirachi|def|1\n|-boost|p1a: Jirachi|spd|1\n|move|p2a: Landorus|Earthquake|p1b: Corviknight|[spread] p2b,p1a,p1b\n|-supereffective|p2b: Chi-Yu\n|-supereffective|p1a: Jirachi\n|-damage|p2b: Chi-Yu|0 fnt\n|-damage|p1a: Jirachi|45\/100\n|-damage|p1b: Corviknight|68\/100\n|-enditem|p1a: Jirachi|Weakness Policy\n|-boost|p1a: Jirachi|atk|2|[from] item: Weakness Policy\n|-boost|p1a: Jirachi|spa|2|[from] item: Weakness Policy\n|faint|p2b: Chi-Yu\n|-damage|p2a: Landorus|14\/100|[from] item: Life Orb\n|\n|-heal|p1b: Corviknight|75\/100|[from] item: Leftovers\n|upkeep\n|\n|t:|1699524721\n|switch|p2b: Iron Hands|Iron Hands|84\/100 brn\n|turn|16\n|\n|t:|1699524736\n|move|p2a: Landorus|Protect|p2a: Landorus\n|-singleturn|p2a: Landorus|Protect\n|move|p1b: Corviknight|Power Trip|p2a: Landorus\n|-activate|p2a: Landorus|move: Protect\n|move|p1a: Jirachi|Stored Power|p2b: Iron Hands\n|-supereffective|p2b: Iron Hands\n|-damage|p2b: Iron Hands|0 fnt\n|faint|p2b: Iron Hands\n|-end|p2b: Iron Hands|Quark Drive|[silent]\n|\n|-heal|p1b: Corviknight|81\/100|[from] item: Leftovers\n|upkeep\n|turn|17\n|c|\u2606Hatakashi28|Brrr\n|c|\u2606UnseeableRias|you play over used unoriginal strats you stole from yt\n|c|\u2606UnseeableRias|xD\n|c|\u2606UnseeableRias|dog shit player\n|-message|UnseeableRias forfeited.\n|\n|win|Hatakashi28\n|raw|Hatakashi28's rating: 1070 &rarr; <strong>1108<\/strong><br \/>(+38 for winning)\n|raw|UnseeableRias's rating: 1172 &rarr; <strong>1140<\/strong><br \/>(-32 for losing)\n|l|\u2606UnseeableRias\n","uploadtime":1699524827,"views":23,"p1id":"hatakashi28","p2id":"unseeablerias","formatid":"gen9doublesou","rating":1108,"private":0,"password":""}