{"id":"gen9doublesou-1969263575","p1":"GDAbotto","p2":"charizardisnice","format":"[Gen 9] Doubles OU","log":"|j|\u2606GDAbotto\n|j|\u2606charizardisnice\n|t:|1697507485\n|gametype|doubles\n|player|p1|GDAbotto|caitlin|\n|player|p2|charizardisnice|2|\n|teamsize|p1|6\n|teamsize|p2|6\n|gen|9\n|tier|[Gen 9] Doubles OU\n|rule|Species Clause: Limit one of each Pok\u00e9mon\n|rule|OHKO Clause: OHKO moves are banned\n|rule|Evasion Moves Clause: Evasion moves are banned\n|rule|Gravity Sleep Clause: The combination of sleep-inducing moves with imperfect accuracy and Gravity or Gigantamax Orbeetle are banned\n|rule|Endless Battle Clause: Forcing endless battles is banned\n|rule|HP Percentage Mod: HP is shown in percentages\n|clearpoke\n|poke|p1|Chi-Yu|\n|poke|p1|Diancie|\n|poke|p1|Iron Hands|\n|poke|p1|Samurott-Hisui, F|\n|poke|p1|Dragonite, F|\n|poke|p1|Mew|\n|poke|p2|Tornadus, M|\n|poke|p2|Sylveon, F|\n|poke|p2|Amoonguss, F|\n|poke|p2|Lilligant-Hisui, F|\n|poke|p2|Volcanion|\n|poke|p2|Palafin, F|\n|teampreview\n|inactive|Battle timer is ON: inactive players will automatically lose when time's up. (requested by charizardisnice)\n|\n|t:|1697507511\n|start\n|switch|p1a: Mewone|Mew, shiny|100\/100\n|switch|p1b: shuck|Dragonite, F|100\/100\n|switch|p2a: Tornadus|Tornadus, M|100\/100\n|switch|p2b: Sun Dancer|Lilligant-Hisui, F, shiny|100\/100\n|turn|1\n|inactive|GDAbotto has 270 seconds left.\n|inactive|charizardisnice has 270 seconds left.\n|\n|t:|1697507558\n|move|p2b: Sun Dancer|Protect|p2b: Sun Dancer\n|-singleturn|p2b: Sun Dancer|Protect\n|move|p2a: Tornadus|Tailwind|p2a: Tornadus\n|-sidestart|p2: charizardisnice|move: Tailwind\n|move|p1b: shuck|Thunder Punch|p2a: Tornadus\n|-supereffective|p2a: Tornadus\n|-damage|p2a: Tornadus|27\/100\n|-status|p2a: Tornadus|par\n|move|p1a: Mewone|Trick Room|p1a: Mewone\n|-fieldstart|move: Trick Room|[of] p1a: Mewone\n|\n|upkeep\n|turn|2\n|inactive|charizardisnice has 270 seconds left.\n|inactive|GDAbotto has 270 seconds left.\n|inactive|charizardisnice has 240 seconds left.\n|inactive|GDAbotto has 240 seconds left.\n|inactive|GDAbotto has 210 seconds left.\n|\n|t:|1697507667\n|switch|p1a: Mr Hands|Iron Hands|100\/100\n|switch|p2a: Among Sus|Amoonguss, F, shiny|100\/100\n|switch|p2b: Palafin|Palafin, F|100\/100\n|move|p1b: shuck|Thunder Punch|p2a: Among Sus\n|-resisted|p2a: Among Sus\n|-damage|p2a: Among Sus|87\/100\n|\n|upkeep\n|turn|3\n|inactive|GDAbotto has 210 seconds left.\n|inactive|charizardisnice has 240 seconds left.\n|\n|t:|1697507702\n|detailschange|p2b: Palafin|Palafin-Hero, F\n|switch|p2b: Sun Dancer|Lilligant-Hisui, F, shiny|100\/100\n|move|p1a: Mr Hands|Fake Out|p2a: Among Sus\n|-damage|p2a: Among Sus|68\/100\n|move|p1b: shuck|Thunder Punch|p2b: Sun Dancer\n|-resisted|p2b: Sun Dancer\n|-damage|p2b: Sun Dancer|81\/100\n|cant|p2a: Among Sus|flinch\n|\n|upkeep\n|turn|4\n|inactive|GDAbotto has 210 seconds left.\n|inactive|charizardisnice has 240 seconds left.\n|\n|t:|1697507741\n|switch|p1b: i love phishing|Chi-Yu|100\/100\n|-ability|p1b: i love phishing|Beads of Ruin\n|-end|p1a: Mr Hands|Quark Drive|[silent]\n|switch|p1a: Mewone|Mew, shiny|100\/100\n|move|p2b: Sun Dancer|Protect|p2b: Sun Dancer\n|-singleturn|p2b: Sun Dancer|Protect\n|move|p2a: Among Sus|Spore|p1a: Mewone\n|-status|p1a: Mewone|slp|[from] move: Spore\n|\n|-sideend|p2: charizardisnice|move: Tailwind\n|upkeep\n|turn|5\n|inactive|GDAbotto has 180 seconds left.\n|\n|t:|1697507781\n|switch|p1b: shuck|Dragonite, F|100\/100\n|move|p2a: Among Sus|Rain Dance|p2a: Among Sus\n|-weather|RainDance\n|cant|p1a: Mewone|slp\n|move|p2b: Sun Dancer|Close Combat|p1b: shuck\n|-resisted|p1b: shuck\n|-damage|p1b: shuck|85\/100\n|-unboost|p2b: Sun Dancer|def|1\n|-unboost|p2b: Sun Dancer|spd|1\n|\n|-weather|RainDance|[upkeep]\n|-fieldend|move: Trick Room\n|upkeep\n|turn|6\n|inactive|charizardisnice has 240 seconds left.\n|\n|t:|1697507832\n|switch|p2b: Sylveon|Sylveon, F, shiny|100\/100\n|move|p1b: shuck|Extreme Speed|p2b: Sylveon\n|-damage|p2b: Sylveon|58\/100\n|cant|p1a: Mewone|slp\n|move|p2a: Among Sus|Spore|p1b: shuck\n|-status|p1b: shuck|slp|[from] move: Spore\n|\n|-weather|RainDance|[upkeep]\n|upkeep\n|turn|7\n|inactive|charizardisnice has 240 seconds left.\n|\n|t:|1697507850\n|-terastallize|p2b: Sylveon|Fairy\n|move|p2b: Sylveon|Hyper Voice|p1a: Mewone|[spread] p1a,p1b\n|-supereffective|p1b: shuck\n|-damage|p1a: Mewone|39\/100 slp\n|-damage|p1b: shuck|0 fnt\n|faint|p1b: shuck\n|cant|p1a: Mewone|slp\n|move|p2a: Among Sus|Pollen Puff|p2b: Sylveon\n|-heal|p2b: Sylveon|100\/100\n|\n|-weather|RainDance|[upkeep]\n|upkeep\n|\n|t:|1697507866\n|switch|p1b: Mr Hands|Iron Hands|100\/100\n|turn|8\n|inactive|GDAbotto has 180 seconds left.\n|inactive|charizardisnice has 240 seconds left.\n|inactive|charizardisnice has 210 seconds left.\n|\n|t:|1697507927\n|-terastallize|p1b: Mr Hands|Flying\n|move|p1b: Mr Hands|Fake Out|p2a: Among Sus\n|-damage|p2a: Among Sus|50\/100\n|-enditem|p2a: Among Sus|Sitrus Berry|[eat]\n|-heal|p2a: Among Sus|75\/100|[from] item: Sitrus Berry\n|move|p2b: Sylveon|Hyper Voice|p1b: Mr Hands|[spread] p1a,p1b\n|-damage|p1a: Mewone|0 fnt\n|-damage|p1b: Mr Hands|50\/100\n|faint|p1a: Mewone\n|cant|p2a: Among Sus|flinch\n|\n|-weather|RainDance|[upkeep]\n|-heal|p1b: Mr Hands|57\/100|[from] item: Leftovers\n|upkeep\n|\n|t:|1697507940\n|switch|p1a: hell yeah|Samurott-Hisui, F|100\/100\n|turn|9\n|inactive|GDAbotto has 180 seconds left.\n|\n|t:|1697507963\n|move|p2a: Among Sus|Rage Powder|p2a: Among Sus\n|-singleturn|p2a: Among Sus|move: Rage Powder\n|move|p1a: hell yeah|Aqua Cutter|p2a: Among Sus\n|-resisted|p2a: Among Sus\n|-damage|p2a: Among Sus|34\/100\n|move|p2b: Sylveon|Hyper Voice|p1a: hell yeah|[spread] p1a,p1b\n|-supereffective|p1a: hell yeah\n|-enditem|p1a: hell yeah|Focus Sash\n|-damage|p1a: hell yeah|1\/100\n|-damage|p1b: Mr Hands|9\/100\n|move|p1b: Mr Hands|Rock Slide|p2b: Sylveon|[spread] p2a,p2b\n|-crit|p2b: Sylveon\n|-damage|p2a: Among Sus|11\/100\n|-damage|p2b: Sylveon|47\/100\n|\n|-weather|none\n|-heal|p1b: Mr Hands|16\/100|[from] item: Leftovers\n|upkeep\n|turn|10\n|inactive|charizardisnice has 240 seconds left.\n|inactive|GDAbotto has 180 seconds left.\n|inactive|charizardisnice has 210 seconds left.\n|\n|t:|1697508005\n|move|p2b: Sylveon|Quick Attack|p1a: hell yeah\n|-supereffective|p1a: hell yeah\n|-damage|p1a: hell yeah|0 fnt\n|faint|p1a: hell yeah\n|move|p1b: Mr Hands|Rock Slide|p2a: Among Sus|[spread] p2a,p2b\n|-damage|p2a: Among Sus|0 fnt\n|-damage|p2b: Sylveon|14\/100\n|faint|p2a: Among Sus\n|\n|-heal|p1b: Mr Hands|22\/100|[from] item: Leftovers\n|upkeep\n|\n|t:|1697508018\n|switch|p1a: i love phishing|Chi-Yu|100\/100\n|switch|p2a: Tornadus|Tornadus, M|27\/100 par\n|-ability|p1a: i love phishing|Beads of Ruin\n|turn|11\n|inactive|charizardisnice has 240 seconds left.\n|\n|t:|1697508040\n|move|p2a: Tornadus|Tailwind|p2a: Tornadus\n|-sidestart|p2: charizardisnice|move: Tailwind\n|move|p2b: Sylveon|Hyper Voice|p1a: i love phishing|[spread] p1a,p1b\n|-damage|p1a: i love phishing|31\/100\n|-damage|p1b: Mr Hands|0 fnt\n|faint|p1b: Mr Hands\n|-end|p1b: Mr Hands|Quark Drive|[silent]\n|move|p1a: i love phishing|Flamethrower|p2b: Sylveon\n|-damage|p2b: Sylveon|0 fnt\n|faint|p2b: Sylveon\n|\n|upkeep\n|inactive|GDAbotto has 210 seconds left.\n|inactive|charizardisnice has 240 seconds left.\n|\n|t:|1697508078\n|switch|p2b: Palafin|Palafin-Hero, F|100\/100\n|switch|p1b: would|Diancie|100\/100\n|-activate|p2b: Palafin|ability: Zero to Hero\n|turn|12\n|inactive|charizardisnice has 240 seconds left.\n|\n|t:|1697508100\n|move|p2b: Palafin|Jet Punch|p1b: would\n|-supereffective|p1b: would\n|-damage|p1b: would|0 fnt\n|faint|p1b: would\n|cant|p2a: Tornadus|par\n|move|p1a: i love phishing|Flamethrower|p2a: Tornadus\n|-damage|p2a: Tornadus|0 fnt\n|faint|p2a: Tornadus\n|\n|upkeep\n|\n|t:|1697508107\n|switch|p2a: ring with legs|Volcanion|100\/100\n|turn|13\n|-message|GDAbotto forfeited.\n|\n|win|charizardisnice\n|l|\u2606GDAbotto\n","uploadtime":1697508114,"views":9,"p1id":"gdabotto","p2id":"charizardisnice","formatid":"gen9doublesou","rating":0,"private":0,"password":""}