{"id":"gen9doublesou-1993040472","p1":"its-sam87","p2":"steelowtf","format":"[Gen 9] Doubles OU","log":"|j|\u2606its-sam87\n|j|\u2606steelowtf\n|t:|1700258216\n|gametype|doubles\n|player|p1|its-sam87|acetrainer-gen2|\n|player|p2|steelowtf|steven-gen6|\n|teamsize|p1|6\n|teamsize|p2|6\n|gen|9\n|tier|[Gen 9] Doubles OU\n|rule|Species Clause: Limit one of each Pok\u00e9mon\n|rule|OHKO Clause: OHKO moves are banned\n|rule|Evasion Moves Clause: Evasion moves are banned\n|rule|Gravity Sleep Clause: The combination of sleep-inducing moves with imperfect accuracy and Gravity or Gigantamax Orbeetle are banned\n|rule|Endless Battle Clause: Forcing endless battles is banned\n|rule|HP Percentage Mod: HP is shown in percentages\n|clearpoke\n|poke|p1|Tornadus, M|\n|poke|p1|Amoonguss, M|\n|poke|p1|Basculegion-F, F|\n|poke|p1|Pelipper, F|\n|poke|p1|Palafin, M|\n|poke|p1|Regieleki|\n|poke|p2|Landorus, M|\n|poke|p2|Pelipper, F|\n|poke|p2|Palafin, F|\n|poke|p2|Sableye, F|\n|poke|p2|Walking Wake|\n|poke|p2|Zapdos|\n|teampreview\n|inactive|Battle timer is ON: inactive players will automatically lose when time's up. (requested by its-sam87)\n|inactive|steelowtf also wants the timer to be on.\n|\n|t:|1700258236\n|start\n|switch|p1a: Amoonguss|Amoonguss, M|100\/100\n|switch|p1b: Palafin|Palafin, M|100\/100\n|switch|p2a: Walking Wake|Walking Wake|100\/100\n|switch|p2b: Palafin|Palafin, F|100\/100\n|-enditem|p2a: Walking Wake|Booster Energy\n|-activate|p2a: Walking Wake|ability: Protosynthesis|[fromitem]\n|-start|p2a: Walking Wake|protosynthesisspa\n|turn|1\n|\n|t:|1700258255\n|detailschange|p2b: Palafin|Palafin-Hero, F\n|switch|p2b: Pelipper|Pelipper, F|100\/100\n|-weather|RainDance|[from] ability: Drizzle|[of] p2b: Pelipper\n|detailschange|p1b: Palafin|Palafin-Hero, M\n|switch|p1b: Regieleki|Regieleki, shiny|100\/100\n|move|p1a: Amoonguss|Protect|p1a: Amoonguss\n|-singleturn|p1a: Amoonguss|Protect\n|move|p2a: Walking Wake|Substitute|p2a: Walking Wake\n|-start|p2a: Walking Wake|Substitute\n|-damage|p2a: Walking Wake|76\/100\n|\n|-weather|RainDance|[upkeep]\n|upkeep\n|turn|2\n|inactive|steelowtf has 270 seconds left.\n|\n|t:|1700258291\n|move|p1b: Regieleki|Volt Switch|p2a: Walking Wake\n|-end|p2a: Walking Wake|Substitute\n|\n|t:|1700258300\n|switch|p1b: Pelipper|Pelipper, F, shiny|100\/100|[from] Volt Switch\n|move|p2a: Walking Wake|Hurricane|p1a: Amoonguss\n|-supereffective|p1a: Amoonguss\n|-crit|p1a: Amoonguss\n|-damage|p1a: Amoonguss|0 fnt\n|faint|p1a: Amoonguss\n|move|p2b: Pelipper|Tailwind|p2b: Pelipper\n|-sidestart|p2: steelowtf|move: Tailwind\n|\n|-weather|RainDance|[upkeep]\n|upkeep\n|\n|t:|1700258313\n|switch|p1a: Tornadus|Tornadus, M, shiny|100\/100\n|turn|3\n|\n|t:|1700258326\n|move|p1a: Tornadus|Taunt|p2a: Walking Wake\n|-start|p2a: Walking Wake|move: Taunt\n|move|p2a: Walking Wake|Hydro Steam|p1a: Tornadus\n|-damage|p1a: Tornadus|14\/100\n|move|p2b: Pelipper|Hurricane|p1b: Pelipper\n|-damage|p1b: Pelipper|53\/100\n|-start|p1b: Pelipper|confusion\n|-activate|p1b: Pelipper|confusion\n|move|p1b: Pelipper|U-turn|p2b: Pelipper\n|-resisted|p2b: Pelipper\n|-damage|p2b: Pelipper|97\/100\n|-enditem|p2b: Pelipper|Eject Button\n|\n|t:|1700258339\n|switch|p2b: Palafin|Palafin-Hero, F|100\/100\n|-activate|p2b: Palafin|ability: Zero to Hero\n|\n|-weather|RainDance|[upkeep]\n|upkeep\n|turn|4\n|c|\u2606its-sam87|whoa\n|c|\u2606steelowtf|yeah eject button stops u turn\n|inactive|its-sam87 has 270 seconds left.\n|c|\u2606its-sam87|good to know\n|\n|t:|1700258395\n|move|p2b: Palafin|Jet Punch|p1a: Tornadus\n|-damage|p1a: Tornadus|0 fnt\n|faint|p1a: Tornadus\n|move|p2a: Walking Wake|Hurricane|p1b: Pelipper\n|-damage|p1b: Pelipper|0 fnt\n|faint|p1b: Pelipper\n|\n|-weather|RainDance|[upkeep]\n|upkeep\n|\n|t:|1700258402\n|switch|p1a: Basculegion|Basculegion-F, F|100\/100\n|switch|p1b: Palafin|Palafin-Hero, M|100\/100\n|-activate|p1b: Palafin|ability: Zero to Hero\n|turn|5\n|\n|t:|1700258421\n|move|p2a: Walking Wake|Draco Meteor|p1a: Basculegion\n|-damage|p1a: Basculegion|1\/100\n|-unboost|p2a: Walking Wake|spa|2\n|move|p1a: Basculegion|Last Respects|p2a: Walking Wake\n|-damage|p2a: Walking Wake|0 fnt\n|faint|p2a: Walking Wake\n|-end|p2a: Walking Wake|Protosynthesis|[silent]\n|move|p2b: Palafin|Bulk Up|p2b: Palafin\n|-boost|p2b: Palafin|atk|1\n|-boost|p2b: Palafin|def|1\n|move|p1b: Palafin|Wave Crash|p2b: Palafin\n|-resisted|p2b: Palafin\n|-damage|p2b: Palafin|49\/100\n|-enditem|p2b: Palafin|Sitrus Berry|[eat]\n|-heal|p2b: Palafin|74\/100|[from] item: Sitrus Berry\n|-damage|p1b: Palafin|84\/100|[from] Recoil\n|\n|-weather|none\n|-sideend|p2: steelowtf|move: Tailwind\n|upkeep\n|inactive|steelowtf has 270 seconds left.\n|\n|t:|1700258452\n|switch|p2a: Zapdos|Zapdos|100\/100\n|turn|6\n|c|\u2606its-sam87|think this is ggs\n|c|\u2606its-sam87|ur rlly good\n|c|\u2606steelowtf|ty\n|c|\u2606steelowtf|u2\n|\n|t:|1700258465\n|move|p2a: Zapdos|U-turn|p1a: Basculegion\n|-resisted|p1a: Basculegion\n|-damage|p1a: Basculegion|0 fnt\n|faint|p1a: Basculegion\n|\n|t:|1700258470\n|switch|p2a: Sableye|Sableye, F|100\/100|[from] U-turn\n|move|p1b: Palafin|Wave Crash|p2b: Palafin\n|-resisted|p2b: Palafin\n|-damage|p2b: Palafin|40\/100\n|-damage|p1b: Palafin|74\/100|[from] Recoil\n|move|p2b: Palafin|Drain Punch|p1b: Palafin\n|-damage|p1b: Palafin|33\/100\n|-heal|p2b: Palafin|61\/100|[from] drain|[of] p1b: Palafin\n|\n|upkeep\n|c|\u2606its-sam87|can i friend u for future practice?\n|\n|t:|1700258494\n|switch|p1a: Regieleki|Regieleki, shiny|100\/100\n|turn|7\n|\n|t:|1700258505\n|move|p2b: Palafin|Jet Punch|p1a: Regieleki\n|-damage|p1a: Regieleki|0 fnt\n|faint|p1a: Regieleki\n|move|p2a: Sableye|Will-O-Wisp|p1b: Palafin|[miss]\n|-miss|p2a: Sableye|p1b: Palafin\n|move|p1b: Palafin|Wave Crash|p2a: Sableye\n|-damage|p2a: Sableye|0 fnt\n|faint|p2a: Sableye\n|-damage|p1b: Palafin|8\/100|[from] Recoil\n|\n|upkeep\n|c|\u2606steelowtf|sure i dont mind\n|c|\u2606its-sam87|gg btw\n|\n|t:|1700258516\n|switch|p2a: Landorus|Landorus, M, shiny|100\/100\n|turn|8\n|c|\u2606steelowtf|gg\n|\n|t:|1700258530\n|move|p2b: Palafin|Jet Punch|p1b: Palafin\n|-resisted|p1b: Palafin\n|-damage|p1b: Palafin|0 fnt\n|faint|p1b: Palafin\n|\n|win|steelowtf\n|l|\u2606its-sam87\n","uploadtime":1700258540,"views":43,"p1id":"itssam87","p2id":"steelowtf","formatid":"gen9doublesou","rating":0,"private":0,"password":""}