{"id":"gen9doublesou-1988415407","p1":"GentlemanTorchick","p2":"baotranle","format":"[Gen 9] Doubles OU","log":"|j|\u2606GentlemanTorchick\n|j|\u2606baotranle\n|t:|1699720468\n|gametype|doubles\n|player|p1|GentlemanTorchick|101|1203\n|player|p2|baotranle|102|1316\n|teamsize|p1|6\n|teamsize|p2|6\n|gen|9\n|tier|[Gen 9] Doubles OU\n|rated|\n|rule|Species Clause: Limit one of each Pok\u00e9mon\n|rule|OHKO Clause: OHKO moves are banned\n|rule|Evasion Moves Clause: Evasion moves are banned\n|rule|Gravity Sleep Clause: The combination of sleep-inducing moves with imperfect accuracy and Gravity or Gigantamax Orbeetle are banned\n|rule|Endless Battle Clause: Forcing endless battles is banned\n|rule|HP Percentage Mod: HP is shown in percentages\n|clearpoke\n|poke|p1|Brute Bonnet|\n|poke|p1|Slowking, F|\n|poke|p1|Tornadus, M|\n|poke|p1|Gholdengo|\n|poke|p1|Kingambit, M|\n|poke|p1|Snorlax, F|\n|poke|p2|Alomomola, F|\n|poke|p2|Toxapex, F|\n|poke|p2|Garganacl, F|\n|poke|p2|Clodsire, M|\n|poke|p2|Blissey, F|\n|poke|p2|Heatran, M|\n|teampreview\n|inactive|Battle timer is ON: inactive players will automatically lose when time's up. (requested by baotranle)\n|\n|t:|1699720495\n|start\n|switch|p1a: Emo Amogus|Brute Bonnet|100\/100\n|switch|p1b: Tornadus|Tornadus, M|100\/100\n|switch|p2a: Alomomola|Alomomola, F|100\/100\n|switch|p2b: Garganacl|Garganacl, F|100\/100\n|turn|1\n|\n|t:|1699720523\n|-terastallize|p2b: Garganacl|Ghost\n|move|p1b: Tornadus|Taunt|p2a: Alomomola\n|-start|p2a: Alomomola|move: Taunt\n|move|p1a: Emo Amogus|Spore|p2b: Garganacl\n|-immune|p2b: Garganacl|[from] ability: Purifying Salt\n|move|p2a: Alomomola|Whirlpool|p1b: Tornadus\n|-damage|p1b: Tornadus|94\/100\n|-activate|p1b: Tornadus|move: Whirlpool|[of] p2a: Alomomola\n|move|p2b: Garganacl|Salt Cure|p1b: Tornadus\n|-supereffective|p1b: Tornadus\n|-damage|p1b: Tornadus|53\/100\n|-start|p1b: Tornadus|Salt Cure\n|\n|-damage|p1b: Tornadus|41\/100|[from] Salt Cure\n|-damage|p1b: Tornadus|29\/100|[from] move: Whirlpool|[partiallytrapped]\n|upkeep\n|turn|2\n|inactive|GentlemanTorchick has 120 seconds left.\n|inactive|baotranle has 120 seconds left.\n|\n|t:|1699720556\n|move|p2b: Garganacl|Protect|p2b: Garganacl\n|-singleturn|p2b: Garganacl|Protect\n|move|p1a: Emo Amogus|Spore|p2a: Alomomola\n|-status|p2a: Alomomola|slp|[from] move: Spore\n|move|p1b: Tornadus|Bleakwind Storm|p2b: Garganacl|[spread] \n|-activate|p2b: Garganacl|move: Protect\n|-miss|p1b: Tornadus|p2a: Alomomola\n|cant|p2a: Alomomola|slp\n|\n|-damage|p1b: Tornadus|16\/100|[from] move: Whirlpool|[partiallytrapped]\n|-damage|p1b: Tornadus|4\/100|[from] Salt Cure\n|upkeep\n|turn|3\n|\n|t:|1699720579\n|-end|p1a: Emo Amogus|Protosynthesis|[silent]\n|switch|p1a: Cheesestring|Gholdengo|100\/100\n|move|p1b: Tornadus|Bleakwind Storm|p2b: Garganacl|[spread] p2a,p2b\n|-damage|p2a: Alomomola|49\/100 slp\n|-damage|p2b: Garganacl|64\/100\n|-unboost|p2b: Garganacl|spe|1\n|-curestatus|p2a: Alomomola|slp|[msg]\n|move|p2a: Alomomola|Whirlpool|p1a: Cheesestring\n|-damage|p1a: Cheesestring|95\/100\n|-activate|p1a: Cheesestring|move: Whirlpool|[of] p2a: Alomomola\n|move|p2b: Garganacl|Salt Cure|p1a: Cheesestring\n|-resisted|p1a: Cheesestring\n|-damage|p1a: Cheesestring|89\/100\n|-start|p1a: Cheesestring|Salt Cure\n|\n|-damage|p1b: Tornadus|0 fnt|[from] move: Whirlpool|[partiallytrapped]\n|faint|p1b: Tornadus\n|-damage|p1a: Cheesestring|77\/100|[from] move: Whirlpool|[partiallytrapped]\n|-damage|p1a: Cheesestring|52\/100|[from] Salt Cure\n|-end|p2a: Alomomola|move: Taunt\n|upkeep\n|inactive|GentlemanTorchick has 120 seconds left.\n|\n|t:|1699720604\n|switch|p1b: Old guy|Kingambit, M|100\/100\n|-activate|p1b: Old guy|ability: Supreme Overlord\n|-start|p1b: Old guy|fallen1|[silent]\n|turn|4\n|inactive|GentlemanTorchick has 120 seconds left.\n|\n|t:|1699720623\n|move|p2a: Alomomola|Protect|p2a: Alomomola\n|-singleturn|p2a: Alomomola|Protect\n|move|p2b: Garganacl|Protect|p2b: Garganacl\n|-singleturn|p2b: Garganacl|Protect\n|move|p1a: Cheesestring|Thunderbolt|p2a: Alomomola\n|-activate|p2a: Alomomola|move: Protect\n|move|p1b: Old guy|Swords Dance|p1b: Old guy\n|-boost|p1b: Old guy|atk|2\n|\n|-damage|p1a: Cheesestring|40\/100|[from] move: Whirlpool|[partiallytrapped]\n|-damage|p1a: Cheesestring|15\/100|[from] Salt Cure\n|upkeep\n|-enditem|p1a: Cheesestring|Salac Berry|[eat]\n|-boost|p1a: Cheesestring|spe|1|[from] item: Salac Berry\n|turn|5\n|inactive|GentlemanTorchick has 120 seconds left.\n|\n|t:|1699720648\n|switch|p2a: Clodsire|Clodsire, M|100\/100\n|move|p1a: Cheesestring|Thunderbolt|p2a: Clodsire\n|-immune|p2a: Clodsire\n|move|p1b: Old guy|Kowtow Cleave|p2b: Garganacl\n|-supereffective|p2b: Garganacl\n|-damage|p2b: Garganacl|0 fnt\n|-damage|p1b: Old guy|84\/100|[from] item: Rocky Helmet|[of] p2b: Garganacl\n|faint|p2b: Garganacl\n|\n|-end|p1a: Cheesestring|Whirlpool|[partiallytrapped]|[silent]\n|-damage|p1a: Cheesestring|0 fnt|[from] Salt Cure\n|faint|p1a: Cheesestring\n|upkeep\n|\n|t:|1699720665\n|switch|p1a: Emo Amogus|Brute Bonnet|100\/100\n|switch|p2b: Heatran|Heatran, M|100\/100\n|-item|p2b: Heatran|Air Balloon\n|turn|6\n|\n|t:|1699720683\n|-terastallize|p1b: Old guy|Fairy\n|move|p2b: Heatran|Protect|p2b: Heatran\n|-singleturn|p2b: Heatran|Protect\n|move|p1a: Emo Amogus|Spore|p2b: Heatran\n|-activate|p2b: Heatran|move: Protect\n|move|p1b: Old guy|Iron Head|p2a: Clodsire\n|-damage|p2a: Clodsire|47\/100\n|move|p2a: Clodsire|Earthquake|p1b: Old guy|[spread] p1a,p1b\n|-activate|p2b: Heatran|move: Protect\n|-resisted|p1a: Emo Amogus\n|-damage|p1a: Emo Amogus|94\/100\n|-damage|p1b: Old guy|68\/100\n|\n|-heal|p2a: Clodsire|54\/100|[from] item: Black Sludge\n|upkeep\n|turn|7\n|inactive|baotranle has 120 seconds left.\n|\n|t:|1699720714\n|move|p1a: Emo Amogus|Spore|p2b: Heatran\n|-status|p2b: Heatran|slp|[from] move: Spore\n|cant|p2b: Heatran|slp\n|move|p1b: Old guy|Iron Head|p2a: Clodsire\n|-crit|p2a: Clodsire\n|-damage|p2a: Clodsire|0 fnt\n|faint|p2a: Clodsire\n|\n|upkeep\n|inactive|baotranle has 120 seconds left.\n|\n|t:|1699720723\n|switch|p2a: Toxapex|Toxapex, F|100\/100\n|turn|8\n|\n|t:|1699720737\n|move|p1a: Emo Amogus|Spore|p2a: Toxapex\n|-status|p2a: Toxapex|slp|[from] move: Spore\n|cant|p2b: Heatran|slp\n|move|p1b: Old guy|Kowtow Cleave|p2b: Heatran\n|-damage|p2b: Heatran|0 fnt\n|-enditem|p2b: Heatran|Air Balloon\n|faint|p2b: Heatran\n|cant|p2a: Toxapex|slp\n|\n|upkeep\n|\n|t:|1699720748\n|switch|p2b: Alomomola|Alomomola, F|83\/100\n|turn|9\n|\n|t:|1699720757\n|move|p2b: Alomomola|Protect|p2b: Alomomola\n|-singleturn|p2b: Alomomola|Protect\n|move|p1a: Emo Amogus|Spore|p2b: Alomomola\n|-activate|p2b: Alomomola|move: Protect\n|move|p1b: Old guy|Iron Head|p2a: Toxapex\n|-resisted|p2a: Toxapex\n|-damage|p2a: Toxapex|62\/100 slp\n|cant|p2a: Toxapex|slp\n|\n|-heal|p2a: Toxapex|68\/100 slp|[from] item: Leftovers\n|upkeep\n|turn|10\n|\n|t:|1699720781\n|move|p1a: Emo Amogus|Spore|p2b: Alomomola\n|-status|p2b: Alomomola|slp|[from] move: Spore\n|cant|p2b: Alomomola|slp\n|move|p1b: Old guy|Swords Dance|p1b: Old guy\n|-boost|p1b: Old guy|atk|2\n|-curestatus|p2a: Toxapex|slp|[msg]\n|move|p2a: Toxapex|Toxic|p1b: Old guy\n|-status|p1b: Old guy|tox\n|\n|-heal|p2a: Toxapex|75\/100|[from] item: Leftovers\n|-damage|p1b: Old guy|62\/100 tox|[from] psn\n|upkeep\n|turn|11\n|\n|t:|1699720799\n|cant|p2b: Alomomola|slp\n|move|p2a: Toxapex|Baneful Bunker|p2a: Toxapex\n|-singleturn|p2a: Toxapex|move: Protect\n|move|p1a: Emo Amogus|Spore|p2a: Toxapex\n|-activate|p2a: Toxapex|move: Protect\n|move|p1b: Old guy|Iron Head|p2a: Toxapex\n|-activate|p2a: Toxapex|move: Protect\n|\n|-heal|p2a: Toxapex|81\/100|[from] item: Leftovers\n|-damage|p1b: Old guy|49\/100 tox|[from] psn\n|upkeep\n|turn|12\n|\n|t:|1699720825\n|move|p1a: Emo Amogus|Spore|p2a: Toxapex\n|-status|p2a: Toxapex|slp|[from] move: Spore\n|cant|p2b: Alomomola|slp\n|move|p1b: Old guy|Iron Head|p2a: Toxapex\n|-resisted|p2a: Toxapex\n|-damage|p2a: Toxapex|25\/100 slp\n|cant|p2a: Toxapex|slp\n|\n|-heal|p2a: Toxapex|31\/100 slp|[from] item: Leftovers\n|-damage|p1b: Old guy|31\/100 tox|[from] psn\n|upkeep\n|turn|13\n|\n|t:|1699720846\n|switch|p2a: Blissey|Blissey, F|100\/100\n|-curestatus|p2b: Alomomola|slp|[msg]\n|move|p2b: Alomomola|Protect|p2b: Alomomola\n|-singleturn|p2b: Alomomola|Protect\n|move|p1a: Emo Amogus|Spore|p2b: Alomomola\n|-activate|p2b: Alomomola|move: Protect\n|move|p1b: Old guy|Iron Head|p2a: Blissey\n|-damage|p2a: Blissey|0 fnt\n|faint|p2a: Blissey\n|\n|-damage|p1b: Old guy|6\/100 tox|[from] psn\n|upkeep\n|\n|t:|1699720859\n|switch|p2a: Toxapex|Toxapex, F|64\/100 slp\n|turn|14\n|\n|t:|1699720873\n|cant|p2a: Toxapex|slp\n|move|p1a: Emo Amogus|Spore|p2b: Alomomola\n|-status|p2b: Alomomola|slp|[from] move: Spore\n|cant|p2b: Alomomola|slp\n|move|p1b: Old guy|Iron Head|p2a: Toxapex\n|-resisted|p2a: Toxapex\n|-damage|p2a: Toxapex|7\/100 slp\n|\n|-heal|p2a: Toxapex|13\/100 slp|[from] item: Leftovers\n|-damage|p1b: Old guy|0 fnt|[from] psn\n|faint|p1b: Old guy\n|-end|p1b: Old guy|fallen1|[silent]\n|upkeep\n|\n|t:|1699720890\n|switch|p1b: :D|Slowking, F|100\/100\n|turn|15\n|\n|t:|1699720899\n|cant|p2a: Toxapex|slp\n|move|p1a: Emo Amogus|Spore|p2a: Toxapex\n|-fail|p2a: Toxapex|slp\n|cant|p2b: Alomomola|slp\n|move|p1b: :D|Calm Mind|p1b: :D\n|-boost|p1b: :D|spa|1\n|-boost|p1b: :D|spd|1\n|\n|-heal|p2a: Toxapex|20\/100 slp|[from] item: Leftovers\n|upkeep\n|turn|16\n|\n|t:|1699720915\n|move|p1a: Emo Amogus|Spore|p2a: Toxapex\n|-fail|p2a: Toxapex|slp\n|-curestatus|p2b: Alomomola|slp|[msg]\n|move|p2b: Alomomola|Whirlpool|p1b: :D\n|-resisted|p1b: :D\n|-damage|p1b: :D|99\/100\n|-activate|p1b: :D|move: Whirlpool|[of] p2b: Alomomola\n|-curestatus|p2a: Toxapex|slp|[msg]\n|move|p2a: Toxapex|Haze|p2a: Toxapex\n|-clearallboost\n|move|p1b: :D|Stored Power|p2a: Toxapex\n|-supereffective|p2a: Toxapex\n|-damage|p2a: Toxapex|10\/100\n|\n|-heal|p2a: Toxapex|16\/100|[from] item: Leftovers\n|-heal|p1b: :D|100\/100|[from] item: Leftovers\n|-damage|p1b: :D|88\/100|[from] move: Whirlpool|[partiallytrapped]\n|upkeep\n|turn|17\n|\n|t:|1699720943\n|move|p1a: Emo Amogus|Spore|p2a: Toxapex\n|-status|p2a: Toxapex|slp|[from] move: Spore\n|move|p2b: Alomomola|Whirlpool|p1a: Emo Amogus\n|-resisted|p1a: Emo Amogus\n|-damage|p1a: Emo Amogus|91\/100\n|-activate|p1a: Emo Amogus|move: Whirlpool|[of] p2b: Alomomola\n|cant|p2a: Toxapex|slp\n|move|p1b: :D|Calm Mind|p1b: :D\n|-boost|p1b: :D|spa|1\n|-boost|p1b: :D|spd|1\n|\n|-heal|p2a: Toxapex|22\/100 slp|[from] item: Leftovers\n|-heal|p1b: :D|94\/100|[from] item: Leftovers\n|-damage|p1a: Emo Amogus|78\/100|[from] move: Whirlpool|[partiallytrapped]\n|-damage|p1b: :D|82\/100|[from] move: Whirlpool|[partiallytrapped]\n|upkeep\n|turn|18\n|\n|t:|1699720963\n|move|p1a: Emo Amogus|Spore|p2b: Alomomola\n|-status|p2b: Alomomola|slp|[from] move: Spore\n|cant|p2b: Alomomola|slp\n|cant|p2a: Toxapex|slp\n|move|p1b: :D|Stored Power|p2a: Toxapex\n|-supereffective|p2a: Toxapex\n|-damage|p2a: Toxapex|0 fnt\n|faint|p2a: Toxapex\n|\n|-heal|p1b: :D|88\/100|[from] item: Leftovers\n|-damage|p1a: Emo Amogus|66\/100|[from] move: Whirlpool|[partiallytrapped]\n|-damage|p1b: :D|75\/100|[from] move: Whirlpool|[partiallytrapped]\n|upkeep\n|turn|19\n|\n|t:|1699720990\n|move|p1a: Emo Amogus|Spore|p2b: Alomomola\n|-fail|p2b: Alomomola|slp\n|cant|p2b: Alomomola|slp\n|move|p1b: :D|Calm Mind|p1b: :D\n|-boost|p1b: :D|spa|1\n|-boost|p1b: :D|spd|1\n|\n|-heal|p1b: :D|81\/100|[from] item: Leftovers\n|-damage|p1a: Emo Amogus|53\/100|[from] move: Whirlpool|[partiallytrapped]\n|-damage|p1b: :D|69\/100|[from] move: Whirlpool|[partiallytrapped]\n|upkeep\n|turn|20\n|\n|t:|1699721008\n|move|p1a: Emo Amogus|Spore|p2b: Alomomola\n|-fail|p2b: Alomomola|slp\n|cant|p2b: Alomomola|slp\n|move|p1b: :D|Calm Mind|p1b: :D\n|-boost|p1b: :D|spa|1\n|-boost|p1b: :D|spd|1\n|\n|-heal|p1b: :D|75\/100|[from] item: Leftovers\n|-damage|p1a: Emo Amogus|41\/100|[from] move: Whirlpool|[partiallytrapped]\n|-end|p1b: :D|Whirlpool|[partiallytrapped]\n|upkeep\n|turn|21\n|\n|t:|1699721024\n|move|p1a: Emo Amogus|Spore|p2b: Alomomola\n|-fail|p2b: Alomomola|slp\n|-curestatus|p2b: Alomomola|slp|[msg]\n|move|p2b: Alomomola|Wish|p2b: Alomomola\n|move|p1b: :D|Stored Power|p2b: Alomomola\n|-damage|p2b: Alomomola|0 fnt\n|faint|p2b: Alomomola\n|\n|win|GentlemanTorchick\n|raw|GentlemanTorchick's rating: 1203 &rarr; <strong>1236<\/strong><br \/>(+33 for winning)\n|raw|baotranle's rating: 1316 &rarr; <strong>1290<\/strong><br \/>(-26 for losing)\n|l|\u2606baotranle\n","uploadtime":1699721036,"views":24,"p1id":"gentlemantorchick","p2id":"baotranle","formatid":"gen9doublesou","rating":1236,"private":0,"password":""}