{"id":"gen9doublesou-2000260414","p1":"Soymir","p2":"Darkmani","format":"[Gen 9] Doubles OU","log":"|j|\u2606Soymir\n|j|\u2606Darkmani\n|t:|1701178712\n|gametype|doubles\n|player|p1|Soymir|265|1214\n|player|p2|Darkmani|170|1247\n|teamsize|p1|6\n|teamsize|p2|6\n|gen|9\n|tier|[Gen 9] Doubles OU\n|rated|\n|rule|Species Clause: Limit one of each Pok\u00e9mon\n|rule|OHKO Clause: OHKO moves are banned\n|rule|Evasion Moves Clause: Evasion moves are banned\n|rule|Gravity Sleep Clause: The combination of sleep-inducing moves with imperfect accuracy and Gravity or Gigantamax Orbeetle are banned\n|rule|Endless Battle Clause: Forcing endless battles is banned\n|rule|HP Percentage Mod: HP is shown in percentages\n|clearpoke\n|poke|p1|Dugtrio, F|\n|poke|p1|Muk-Alola, M|\n|poke|p1|Scream Tail|\n|poke|p1|Landorus-Therian, M|\n|poke|p1|Clefable, M|\n|poke|p1|Garganacl, F|\n|poke|p2|Palafin, M|\n|poke|p2|Coalossal, M|\n|poke|p2|Flamigo, F|\n|poke|p2|Indeedee-F, F|\n|poke|p2|Cyclizar, F|\n|poke|p2|Gholdengo|\n|teampreview\n|\n|t:|1701178720\n|start\n|switch|p1a: Dugtrio|Dugtrio, F, shiny|100\/100\n|switch|p1b: Scream Tail|Scream Tail|100\/100\n|switch|p2a: Coalossal|Coalossal, M|100\/100\n|switch|p2b: Palafin|Palafin, M|100\/100\n|turn|1\n|\n|t:|1701178764\n|-end|p1b: Scream Tail|Protosynthesis|[silent]\n|switch|p1b: Muk|Muk-Alola, M|100\/100\n|-terastallize|p2a: Coalossal|Ground\n|move|p2b: Palafin|Jet Punch|p2a: Coalossal\n|-supereffective|p2a: Coalossal\n|-damage|p2a: Coalossal|79\/100\n|-ability|p2a: Coalossal|Steam Engine|boost\n|-boost|p2a: Coalossal|spe|6\n|-enditem|p2a: Coalossal|Weakness Policy\n|-boost|p2a: Coalossal|atk|2|[from] item: Weakness Policy\n|-boost|p2a: Coalossal|spa|2|[from] item: Weakness Policy\n|move|p1a: Dugtrio|Memento|p2a: Coalossal\n|-unboost|p2a: Coalossal|atk|2\n|-unboost|p2a: Coalossal|spa|2\n|faint|p1a: Dugtrio\n|-ability|p1b: Muk|Arena Trap|[from] ability: Power of Alchemy|[of] p1a: Dugtrio\n|move|p2a: Coalossal|Rock Slide|p1b: Muk\n|-damage|p1b: Muk|82\/100\n|\n|upkeep\n|\n|t:|1701178792\n|switch|p1a: Scream Tail|Scream Tail|100\/100\n|turn|2\n|\n|t:|1701178805\n|move|p1b: Muk|Protect|p1b: Muk\n|-singleturn|p1b: Muk|Protect\n|move|p2b: Palafin|Jet Punch|p1a: Scream Tail\n|-damage|p1a: Scream Tail|87\/100\n|move|p2a: Coalossal|Earthquake|p1a: Scream Tail|[spread] p2b,p1a\n|-activate|p1b: Muk|move: Protect\n|-damage|p2b: Palafin|73\/100\n|-damage|p1a: Scream Tail|74\/100\n|move|p1a: Scream Tail|Noble Roar|p2a: Coalossal\n|-unboost|p2a: Coalossal|atk|1\n|-unboost|p2a: Coalossal|spa|1\n|\n|upkeep\n|turn|3\n|\n|t:|1701178820\n|-end|p1a: Scream Tail|Protosynthesis|[silent]\n|switch|p1a: Landorus|Landorus-Therian, M|100\/100\n|-ability|p1a: Landorus|Intimidate|boost\n|-unboost|p2a: Coalossal|atk|1\n|-unboost|p2b: Palafin|atk|1\n|move|p2b: Palafin|Jet Punch|p1a: Landorus\n|-supereffective|p1a: Landorus\n|-damage|p1a: Landorus|66\/100\n|move|p2a: Coalossal|Earthquake|p1a: Landorus|[spread] p2b,p1b\n|-immune|p1a: Landorus\n|-supereffective|p1b: Muk\n|-damage|p2b: Palafin|58\/100\n|-damage|p1b: Muk|65\/100\n|move|p1b: Muk|Acid Armor|p1b: Muk\n|-boost|p1b: Muk|def|2\n|\n|upkeep\n|turn|4\n|\n|t:|1701178838\n|switch|p1a: Clefable|Clefable, M|100\/100\n|move|p1b: Muk|Protect|p1b: Muk\n|-singleturn|p1b: Muk|Protect\n|move|p2b: Palafin|Jet Punch|p1a: Clefable\n|-damage|p1a: Clefable|88\/100\n|move|p2a: Coalossal|Earthquake|p1b: Muk|[spread] p2b,p1a\n|-activate|p1b: Muk|move: Protect\n|-damage|p2b: Palafin|44\/100\n|-damage|p1a: Clefable|77\/100\n|\n|-status|p1a: Clefable|brn|[from] item: Flame Orb\n|upkeep\n|turn|5\n|\n|t:|1701178851\n|move|p2b: Palafin|Jet Punch|p1a: Clefable\n|-damage|p1a: Clefable|65\/100 brn\n|move|p2a: Coalossal|Earthquake|p1b: Muk|[spread] p2b,p1a,p1b\n|-supereffective|p1b: Muk\n|-damage|p2b: Palafin|30\/100\n|-damage|p1a: Clefable|55\/100 brn\n|-damage|p1b: Muk|57\/100\n|move|p1a: Clefable|Trick|p2a: Coalossal\n|-activate|p1a: Clefable|move: Trick|[of] p2a: Coalossal\n|-item|p2a: Coalossal|Flame Orb|[from] move: Trick\n|-enditem|p1a: Clefable|Flame Orb|[silent]|[from] move: Trick\n|move|p1b: Muk|Acid Armor|p1b: Muk\n|-boost|p1b: Muk|def|2\n|\n|-status|p2a: Coalossal|brn|[from] item: Flame Orb\n|upkeep\n|turn|6\n|inactive|Battle timer is ON: inactive players will automatically lose when time's up. (requested by Darkmani)\n|\n|t:|1701178871\n|move|p2b: Palafin|Jet Punch|p1a: Clefable\n|-damage|p1a: Clefable|41\/100 brn\n|move|p2a: Coalossal|Earthquake|p1b: Muk|[spread] p2b,p1a,p1b\n|-supereffective|p1b: Muk\n|-damage|p2b: Palafin|23\/100\n|-damage|p1a: Clefable|36\/100 brn\n|-damage|p1b: Muk|54\/100\n|move|p1a: Clefable|Heal Pulse|p2b: Palafin\n|-heal|p2b: Palafin|73\/100\n|move|p1b: Muk|Acid Armor|p1b: Muk\n|-boost|p1b: Muk|def|2\n|\n|-damage|p2a: Coalossal|73\/100 brn|[from] brn\n|upkeep\n|turn|7\n|\n|t:|1701178886\n|move|p2b: Palafin|Jet Punch|p1a: Clefable\n|-damage|p1a: Clefable|24\/100 brn\n|move|p2a: Coalossal|Rock Slide|p1a: Clefable|[spread] p1a,p1b\n|-damage|p1a: Clefable|20\/100 brn\n|-damage|p1b: Muk|53\/100\n|cant|p1a: Clefable|flinch\n|move|p1b: Muk|Knock Off|p2b: Palafin\n|-damage|p2b: Palafin|29\/100\n|-enditem|p2b: Palafin|Choice Scarf|[from] move: Knock Off|[of] p1b: Muk\n|\n|-damage|p2a: Coalossal|67\/100 brn|[from] brn\n|upkeep\n|turn|8\n|\n|t:|1701178902\n|switch|p1a: Landorus|Landorus-Therian, M|66\/100\n|-ability|p1a: Landorus|Intimidate|boost\n|-unboost|p2a: Coalossal|atk|1\n|-unboost|p2b: Palafin|atk|1\n|move|p2b: Palafin|Jet Punch|p1a: Landorus\n|-supereffective|p1a: Landorus\n|-damage|p1a: Landorus|42\/100\n|move|p2a: Coalossal|Rock Slide|p1b: Muk|[spread] p1a,p1b\n|-damage|p1a: Landorus|37\/100\n|-damage|p1b: Muk|53\/100\n|move|p1b: Muk|Knock Off|p2b: Palafin\n|-damage|p2b: Palafin|0 fnt\n|faint|p2b: Palafin\n|\n|-damage|p2a: Coalossal|61\/100 brn|[from] brn\n|upkeep\n|\n|t:|1701178910\n|switch|p2b: Cyclizar|Cyclizar, F|100\/100\n|turn|9\n|\n|t:|1701178925\n|switch|p1a: Garganacl|Garganacl, F|100\/100\n|move|p2a: Coalossal|Rock Slide|p1a: Garganacl|[spread] p1a,p1b\n|-damage|p1a: Garganacl|99\/100\n|-damage|p1b: Muk|52\/100\n|move|p2b: Cyclizar|Taunt|p1b: Muk\n|-start|p1b: Muk|move: Taunt\n|cant|p1b: Muk|flinch\n|\n|-heal|p1a: Garganacl|100\/100|[from] item: Leftovers\n|-damage|p2a: Coalossal|55\/100 brn|[from] brn\n|upkeep\n|turn|10\n|\n|t:|1701178949\n|move|p2a: Coalossal|Rock Slide|p1b: Muk|[spread] p1a,p1b\n|-damage|p1a: Garganacl|99\/100\n|-damage|p1b: Muk|52\/100\n|move|p2b: Cyclizar|Knock Off|p1a: Garganacl\n|-damage|p1a: Garganacl|87\/100\n|-enditem|p1a: Garganacl|Leftovers|[from] move: Knock Off|[of] p2b: Cyclizar\n|cant|p1b: Muk|flinch\n|cant|p1a: Garganacl|flinch\n|\n|-damage|p2a: Coalossal|48\/100 brn|[from] brn\n|upkeep\n|turn|11\n|\n|t:|1701178965\n|move|p2a: Coalossal|Protect|p2a: Coalossal\n|-singleturn|p2a: Coalossal|Protect\n|move|p2b: Cyclizar|Taunt|p1a: Garganacl\n|-start|p1a: Garganacl|move: Taunt\n|move|p1b: Muk|Knock Off|p2b: Cyclizar\n|-crit|p2b: Cyclizar\n|-damage|p2b: Cyclizar|32\/100\n|-enditem|p2b: Cyclizar|Aguav Berry|[from] move: Knock Off|[of] p1b: Muk\n|move|p1a: Garganacl|Salt Cure|p2b: Cyclizar\n|-damage|p2b: Cyclizar|13\/100\n|-start|p2b: Cyclizar|Salt Cure\n|\n|-damage|p2a: Coalossal|42\/100 brn|[from] brn\n|-damage|p2b: Cyclizar|0 fnt|[from] Salt Cure\n|faint|p2b: Cyclizar\n|-end|p1b: Muk|move: Taunt\n|upkeep\n|\n|t:|1701178973\n|switch|p2b: Gholdengo|Gholdengo|100\/100\n|-item|p2b: Gholdengo|Air Balloon\n|turn|12\n|\n|t:|1701178992\n|move|p1b: Muk|Protect|p1b: Muk\n|-singleturn|p1b: Muk|Protect\n|move|p2a: Coalossal|Rock Slide|p1a: Garganacl|[spread] p1a\n|-activate|p1b: Muk|move: Protect\n|-damage|p1a: Garganacl|86\/100\n|move|p2b: Gholdengo|Make It Rain|p1a: Garganacl|[spread] p1a\n|-activate|p1b: Muk|move: Protect\n|-supereffective|p1a: Garganacl\n|-damage|p1a: Garganacl|7\/100\n|-unboost|p2b: Gholdengo|spa|1\n|move|p1a: Garganacl|Salt Cure|p2b: Gholdengo\n|-resisted|p2b: Gholdengo\n|-damage|p2b: Gholdengo|93\/100\n|-start|p2b: Gholdengo|Salt Cure\n|-enditem|p2b: Gholdengo|Air Balloon\n|\n|-damage|p2a: Coalossal|36\/100 brn|[from] brn\n|-damage|p2b: Gholdengo|68\/100|[from] Salt Cure\n|upkeep\n|turn|13\n|\n|t:|1701179021\n|move|p2a: Coalossal|Rock Slide|p1a: Garganacl|[spread] p1a,p1b\n|-damage|p1a: Garganacl|5\/100\n|-damage|p1b: Muk|51\/100\n|move|p2b: Gholdengo|Nasty Plot|p2b: Gholdengo\n|-boost|p2b: Gholdengo|spa|2\n|move|p1b: Muk|Rest|p1b: Muk\n|-status|p1b: Muk|slp|[from] move: Rest\n|-heal|p1b: Muk|100\/100 slp|[silent]\n|-enditem|p1b: Muk|Chesto Berry|[eat]\n|-curestatus|p1b: Muk|slp|[msg]\n|move|p1a: Garganacl|Salt Cure|p2b: Gholdengo\n|-resisted|p2b: Gholdengo\n|-damage|p2b: Gholdengo|61\/100\n|\n|-damage|p2a: Coalossal|30\/100 brn|[from] brn\n|-damage|p2b: Gholdengo|36\/100|[from] Salt Cure\n|-end|p1a: Garganacl|move: Taunt\n|upkeep\n|turn|14\n|\n|t:|1701179051\n|move|p2a: Coalossal|Rock Slide|p1a: Garganacl|[spread] p1a,p1b\n|-damage|p1a: Garganacl|4\/100\n|-damage|p1b: Muk|99\/100\n|move|p2b: Gholdengo|Recover|p2b: Gholdengo\n|-heal|p2b: Gholdengo|86\/100\n|move|p1b: Muk|Knock Off|p2b: Gholdengo\n|-supereffective|p2b: Gholdengo\n|-damage|p2b: Gholdengo|46\/100\n|cant|p1a: Garganacl|flinch\n|\n|-damage|p2a: Coalossal|24\/100 brn|[from] brn\n|-damage|p2b: Gholdengo|21\/100|[from] Salt Cure\n|upkeep\n|turn|15\n|\n|t:|1701179068\n|move|p2a: Coalossal|Rock Slide|p1b: Muk|[spread] p1a,p1b\n|-damage|p1a: Garganacl|2\/100\n|-damage|p1b: Muk|99\/100\n|move|p2b: Gholdengo|Make It Rain|p1b: Muk|[spread] p1a,p1b\n|-supereffective|p1a: Garganacl\n|-damage|p1a: Garganacl|0 fnt\n|-damage|p1b: Muk|44\/100\n|-unboost|p2b: Gholdengo|spa|1\n|faint|p1a: Garganacl\n|cant|p1b: Muk|flinch\n|\n|-damage|p2a: Coalossal|18\/100 brn|[from] brn\n|-damage|p2b: Gholdengo|0 fnt|[from] Salt Cure\n|faint|p2b: Gholdengo\n|upkeep\n|\n|t:|1701179093\n|switch|p2b: Flamigo|Flamigo, F|100\/100\n|switch|p1a: Clefable|Clefable, M|20\/100 brn\n|-copyboost|p2b: Flamigo|p2a: Coalossal|[from] ability: Costar\n|-enditem|p2b: Flamigo|White Herb\n|-clearnegativeboost|p2b: Flamigo|[silent]\n|turn|16\n|\n|t:|1701179117\n|move|p2b: Flamigo|Brave Bird|p1b: Muk\n|-damage|p1b: Muk|31\/100\n|-damage|p2b: Flamigo|95\/100|[from] Recoil\n|move|p2a: Coalossal|Rock Slide|p1a: Clefable|[spread] p1a,p1b\n|-damage|p1a: Clefable|17\/100 brn\n|-damage|p1b: Muk|31\/100\n|move|p1a: Clefable|Heal Pulse|p1b: Muk\n|-heal|p1b: Muk|81\/100\n|move|p1b: Muk|Knock Off|p2b: Flamigo\n|-resisted|p2b: Flamigo\n|-damage|p2b: Flamigo|79\/100\n|\n|-damage|p2a: Coalossal|12\/100 brn|[from] brn\n|upkeep\n|turn|17\n|\n|t:|1701179143\n|move|p2b: Flamigo|Brave Bird|p1a: Clefable\n|-damage|p1a: Clefable|0 fnt\n|faint|p1a: Clefable\n|-damage|p2b: Flamigo|73\/100|[from] Recoil\n|move|p2a: Coalossal|Rock Slide|p1b: Muk\n|-damage|p1b: Muk|80\/100\n|cant|p1b: Muk|flinch\n|\n|-damage|p2a: Coalossal|5\/100 brn|[from] brn\n|upkeep\n|inactive|Soymir has 120 seconds left.\n|\n|t:|1701179155\n|switch|p1a: Landorus|Landorus-Therian, M|37\/100\n|-ability|p1a: Landorus|Intimidate|boost\n|-unboost|p2a: Coalossal|atk|1\n|-unboost|p2b: Flamigo|atk|1\n|turn|18\n|\n|t:|1701179171\n|move|p2b: Flamigo|Detect|p2b: Flamigo\n|-singleturn|p2b: Flamigo|Protect\n|move|p2a: Coalossal|Rock Slide|p1a: Landorus|[spread] p1a,p1b\n|-damage|p1a: Landorus|34\/100\n|-damage|p1b: Muk|80\/100\n|move|p1a: Landorus|Rock Slide|p2a: Coalossal|[spread] \n|-activate|p2b: Flamigo|move: Protect\n|-miss|p1a: Landorus|p2a: Coalossal\n|-enditem|p1a: Landorus|Blunder Policy\n|-boost|p1a: Landorus|spe|2\n|cant|p1b: Muk|flinch\n|\n|-damage|p2a: Coalossal|0 fnt|[from] brn\n|faint|p2a: Coalossal\n|upkeep\n|\n|t:|1701179178\n|switch|p2a: Indeedee|Indeedee-F, F|100\/100\n|turn|19\n|inactive|Darkmani has 120 seconds left.\n|\n|t:|1701179210\n|switch|p1a: Scream Tail|Scream Tail|74\/100\n|move|p1b: Muk|Protect|p1b: Muk\n|-singleturn|p1b: Muk|Protect\n|move|p2b: Flamigo|Close Combat|p1a: Scream Tail\n|-resisted|p1a: Scream Tail\n|-damage|p1a: Scream Tail|68\/100\n|-unboost|p2b: Flamigo|def|1\n|-unboost|p2b: Flamigo|spd|1\n|move|p2a: Indeedee|Psych Up|p2b: Flamigo\n|-copyboost|p2a: Indeedee|p2b: Flamigo|[from] move: Psych Up\n|\n|upkeep\n|turn|20\n|\n|t:|1701179229\n|move|p2b: Flamigo|Detect|p2b: Flamigo\n|-singleturn|p2b: Flamigo|Protect\n|move|p2a: Indeedee|Stored Power|p1b: Muk\n|-immune|p1b: Muk\n|move|p1a: Scream Tail|Perish Song|p1a: Scream Tail\n|-start|p1a: Scream Tail|perish3|[silent]\n|-start|p1b: Muk|perish3|[silent]\n|-start|p2a: Indeedee|perish3|[silent]\n|-start|p2b: Flamigo|perish3|[silent]\n|-fieldactivate|move: Perish Song\n|move|p1b: Muk|Knock Off|p1a: Scream Tail\n|-damage|p1a: Scream Tail|45\/100\n|-enditem|p1a: Scream Tail|Mental Herb|[from] move: Knock Off|[of] p1b: Muk\n|\n|-start|p2b: Flamigo|perish3\n|-start|p2a: Indeedee|perish3\n|-start|p1a: Scream Tail|perish3\n|-start|p1b: Muk|perish3\n|upkeep\n|turn|21\n|c|\u2606Soymir|gg\n|\n|t:|1701179250\n|move|p1a: Scream Tail|Protect|p1a: Scream Tail\n|-singleturn|p1a: Scream Tail|Protect\n|move|p1b: Muk|Protect|p1b: Muk\n|-singleturn|p1b: Muk|Protect\n|move|p2b: Flamigo|Brave Bird|p1a: Scream Tail\n|-activate|p1a: Scream Tail|move: Protect\n|move|p2a: Indeedee|Stored Power|p1b: Muk\n|-activate|p1b: Muk|move: Protect\n|\n|-start|p2b: Flamigo|perish2\n|-start|p2a: Indeedee|perish2\n|-start|p1a: Scream Tail|perish2\n|-start|p1b: Muk|perish2\n|upkeep\n|turn|22\n|\n|t:|1701179269\n|-end|p1a: Scream Tail|Protosynthesis|[silent]\n|switch|p1a: Landorus|Landorus-Therian, M|34\/100\n|-ability|p1a: Landorus|Intimidate|boost\n|-fail|p2a: Indeedee|unboost|Attack|[from] ability: Own Tempo|[of] p2a: Indeedee\n|-unboost|p2b: Flamigo|atk|1\n|move|p2b: Flamigo|Brave Bird|p1a: Landorus\n|-damage|p1a: Landorus|0 fnt\n|faint|p1a: Landorus\n|-damage|p2b: Flamigo|61\/100|[from] Recoil\n|move|p2a: Indeedee|Stored Power|p1b: Muk\n|-immune|p1b: Muk\n|move|p1b: Muk|Rest|p1b: Muk\n|-status|p1b: Muk|slp|[from] move: Rest\n|-heal|p1b: Muk|100\/100 slp|[silent]\n|\n|-start|p2b: Flamigo|perish1\n|-start|p2a: Indeedee|perish1\n|-start|p1b: Muk|perish1\n|upkeep\n|\n|t:|1701179287\n|switch|p1a: Scream Tail|Scream Tail|45\/100\n|turn|23\n|\n|t:|1701179305\n|move|p2b: Flamigo|Brave Bird|p1a: Scream Tail\n|-damage|p1a: Scream Tail|26\/100\n|-damage|p2b: Flamigo|52\/100|[from] Recoil\n|move|p2a: Indeedee|Stored Power|p1a: Scream Tail\n|-resisted|p1a: Scream Tail\n|-damage|p1a: Scream Tail|12\/100\n|move|p1a: Scream Tail|Encore|p1b: Muk\n|-start|p1b: Muk|Encore\n|cant|p1b: Muk|slp\n|\n|-start|p2b: Flamigo|perish0\n|-start|p2a: Indeedee|perish0\n|-start|p1b: Muk|perish0\n|upkeep\n|faint|p2b: Flamigo\n|faint|p2a: Indeedee\n|faint|p1b: Muk\n|\n|win|Soymir\n|raw|Soymir's rating: 1214 &rarr; <strong>1241<\/strong><br \/>(+27 for winning)\n|raw|Darkmani's rating: 1247 &rarr; <strong>1220<\/strong><br \/>(-27 for losing)\n|c|\u2606Darkmani|gg\n|c|\u2606Soymir|gg\n|l|\u2606Darkmani\n","uploadtime":1701179332,"views":4,"p1id":"soymir","p2id":"darkmani","formatid":"gen9doublesou","rating":1220,"private":0,"password":""}