{"id":"gen9doublesou-1985281226","p1":"MasterKeef90","p2":"somedudethethird","format":"[Gen 9] Doubles OU","log":"|j|\u203dMasterKeef90\n|j|\u2606somedudethethird\n|t:|1699359560\n|gametype|doubles\n|player|p1|MasterKeef90|proton|1365\n|player|p2|somedudethethird|colress|1443\n|teamsize|p1|6\n|teamsize|p2|6\n|gen|9\n|tier|[Gen 9] Doubles OU\n|rated|\n|rule|Species Clause: Limit one of each Pok\u00e9mon\n|rule|OHKO Clause: OHKO moves are banned\n|rule|Evasion Moves Clause: Evasion moves are banned\n|rule|Gravity Sleep Clause: The combination of sleep-inducing moves with imperfect accuracy and Gravity or Gigantamax Orbeetle are banned\n|rule|Endless Battle Clause: Forcing endless battles is banned\n|rule|HP Percentage Mod: HP is shown in percentages\n|clearpoke\n|poke|p1|Gurdurr, M|\n|poke|p1|Overqwil, M|\n|poke|p1|Yanmega, F|\n|poke|p1|Gastrodon-East, M|\n|poke|p1|Ceruledge, F|\n|poke|p1|Barraskewda, F|\n|poke|p2|Ting-Lu|\n|poke|p2|Flutter Mane|\n|poke|p2|Kingambit, F|\n|poke|p2|Ogerpon-Hearthflame, F|\n|poke|p2|Tornadus, M|\n|poke|p2|Ursaluna-Bloodmoon, M|\n|teampreview\n|inactive|Battle timer is ON: inactive players will automatically lose when time's up. (requested by somedudethethird)\n|\n|t:|1699359578\n|start\n|switch|p1a: Overqwil|Overqwil, M|100\/100\n|switch|p1b: Gastrodon|Gastrodon-East, M, shiny|100\/100\n|switch|p2a: Cocaine freddy|Ursaluna-Bloodmoon, M|100\/100\n|switch|p2b: Ugly|Tornadus, M|100\/100\n|-ability|p1a: Overqwil|Intimidate|boost\n|-unboost|p2a: Cocaine freddy|atk|1\n|-unboost|p2b: Ugly|atk|1\n|turn|1\n|\n|t:|1699359588\n|move|p2b: Ugly|Tailwind|p2b: Ugly\n|-sidestart|p2: somedudethethird|move: Tailwind\n|move|p2a: Cocaine freddy|Earth Power|p1a: Overqwil\n|-supereffective|p1a: Overqwil\n|-damage|p1a: Overqwil|0 fnt\n|faint|p1a: Overqwil\n|move|p1b: Gastrodon|Blizzard|p2b: Ugly|[spread] p2b\n|-miss|p1b: Gastrodon|p2a: Cocaine freddy\n|-supereffective|p2b: Ugly\n|-crit|p2b: Ugly\n|-damage|p2b: Ugly|29\/100\n|\n|upkeep\n|\n|t:|1699359599\n|switch|p1a: Yanmega|Yanmega, F, shiny|100\/100\n|turn|2\n|\n|t:|1699359603\n|move|p2b: Ugly|Protect|p2b: Ugly\n|-singleturn|p2b: Ugly|Protect\n|move|p1a: Yanmega|Protect|p1a: Yanmega\n|-singleturn|p1a: Yanmega|Protect\n|move|p2a: Cocaine freddy|Blood Moon|p1a: Yanmega\n|-activate|p1a: Yanmega|move: Protect\n|move|p1b: Gastrodon|Blizzard|p2a: Cocaine freddy|[spread] p2a\n|-activate|p2b: Ugly|move: Protect\n|-supereffective|p2a: Cocaine freddy\n|-damage|p2a: Cocaine freddy|46\/100\n|\n|-heal|p2a: Cocaine freddy|52\/100|[from] item: Leftovers\n|-ability|p1a: Yanmega|Speed Boost|boost\n|-boost|p1a: Yanmega|spe|1\n|upkeep\n|turn|3\n|\n|t:|1699359623\n|move|p2b: Ugly|Bleakwind Storm|p1b: Gastrodon|[spread] p1a\n|-miss|p2b: Ugly|p1b: Gastrodon\n|-supereffective|p1a: Yanmega\n|-damage|p1a: Yanmega|0 fnt\n|faint|p1a: Yanmega\n|move|p2a: Cocaine freddy|Calm Mind|p2a: Cocaine freddy\n|-boost|p2a: Cocaine freddy|spa|1\n|-boost|p2a: Cocaine freddy|spd|1\n|move|p1b: Gastrodon|Blizzard|p2a: Cocaine freddy|[spread] p2a,p2b\n|-supereffective|p2a: Cocaine freddy\n|-supereffective|p2b: Ugly\n|-damage|p2a: Cocaine freddy|15\/100\n|-damage|p2b: Ugly|0 fnt\n|faint|p2b: Ugly\n|\n|-heal|p2a: Cocaine freddy|21\/100|[from] item: Leftovers\n|upkeep\n|\n|t:|1699359641\n|switch|p2b: Boo!|Flutter Mane|100\/100\n|switch|p1a: Ceruledge|Ceruledge, F, shiny|100\/100\n|-enditem|p2b: Boo!|Booster Energy\n|-activate|p2b: Boo!|ability: Protosynthesis|[fromitem]\n|-start|p2b: Boo!|protosynthesisspe\n|turn|4\n|\n|t:|1699359649\n|move|p2b: Boo!|Protect|p2b: Boo!\n|-singleturn|p2b: Boo!|Protect\n|move|p2a: Cocaine freddy|Blood Moon|p1b: Gastrodon\n|-damage|p1b: Gastrodon|0 fnt\n|faint|p1b: Gastrodon\n|move|p1a: Ceruledge|Phantom Force||[still]\n|-prepare|p1a: Ceruledge|Phantom Force\n|\n|-heal|p2a: Cocaine freddy|27\/100|[from] item: Leftovers\n|-sideend|p2: somedudethethird|move: Tailwind\n|upkeep\n|\n|t:|1699359655\n|switch|p1b: Barraskewda|Barraskewda, F, shiny|100\/100\n|turn|5\n|\n|t:|1699359664\n|-end|p2b: Boo!|Protosynthesis|[silent]\n|switch|p2b: Just lean|Kingambit, F, shiny|100\/100\n|move|p1b: Barraskewda|Flip Turn|p2a: Cocaine freddy\n|-supereffective|p2a: Cocaine freddy\n|-damage|p2a: Cocaine freddy|0 fnt\n|faint|p2a: Cocaine freddy\n|\n|t:|1699359671\n|switch|p1b: Gurdurr|Gurdurr, M, shiny|100\/100|[from] Flip Turn\n|move|p1a: Ceruledge|Phantom Force|p2b: Just lean|[from]lockedmove\n|-resisted|p2b: Just lean\n|-damage|p2b: Just lean|86\/100\n|\n|upkeep\n|\n|t:|1699359677\n|switch|p2a: Boo!|Flutter Mane|100\/100\n|turn|6\n|\n|t:|1699359684\n|move|p1b: Gurdurr|Wide Guard|p1b: Gurdurr\n|-singleturn|p1b: Gurdurr|Wide Guard\n|move|p2b: Just lean|Sucker Punch|p1a: Ceruledge\n|-supereffective|p1a: Ceruledge\n|-damage|p1a: Ceruledge|12\/100\n|move|p2a: Boo!|Moonblast|p1b: Gurdurr\n|-supereffective|p1b: Gurdurr\n|-damage|p1b: Gurdurr|16\/100\n|move|p1a: Ceruledge|Phantom Force||[still]\n|-prepare|p1a: Ceruledge|Phantom Force\n|\n|upkeep\n|turn|7\n|\n|t:|1699359710\n|-end|p2a: Boo!|Protosynthesis|[silent]\n|switch|p2a: Moo gaming|Ting-Lu|100\/100\n|-ability|p2a: Moo gaming|Vessel of Ruin\n|move|p1a: Ceruledge|Phantom Force|p2a: Moo gaming|[from]lockedmove\n|-resisted|p2a: Moo gaming\n|-damage|p2a: Moo gaming|89\/100\n|move|p2b: Just lean|Kowtow Cleave|p1b: Gurdurr\n|-resisted|p1b: Gurdurr\n|-damage|p1b: Gurdurr|0 fnt\n|faint|p1b: Gurdurr\n|\n|upkeep\n|\n|t:|1699359719\n|switch|p1b: Barraskewda|Barraskewda, F, shiny|100\/100\n|turn|8\n|\n|t:|1699359733\n|-terastallize|p1b: Barraskewda|Steel\n|move|p2b: Just lean|Sucker Punch|p1a: Ceruledge\n|-supereffective|p1a: Ceruledge\n|-damage|p1a: Ceruledge|0 fnt\n|faint|p1a: Ceruledge\n|move|p1b: Barraskewda|Tera Blast|p2a: Moo gaming|[anim] Tera Blast Steel\n|-damage|p2a: Moo gaming|58\/100\n|move|p2a: Moo gaming|Throat Chop|p1b: Barraskewda\n|-damage|p1b: Barraskewda|30\/100\n|-start|p1b: Barraskewda|Throat Chop|[silent]\n|\n|upkeep\n|turn|9\n|-message|MasterKeef90 forfeited.\n|\n|win|somedudethethird\n|raw|MasterKeef90's rating: 1365 &rarr; <strong>1349<\/strong><br \/>(-16 for losing)\n|raw|somedudethethird's rating: 1443 &rarr; <strong>1459<\/strong><br \/>(+16 for winning)\n","uploadtime":1699359743,"views":10,"p1id":"masterkeef90","p2id":"somedudethethird","formatid":"gen9doublesou","rating":1349,"private":0,"password":""}