{"id":"gen9doublesou-1989264117","p1":"Tenzai","p2":"staraptor44","format":"[Gen 9] Doubles OU","log":"|j|\u2606Tenzai\n|j|\u2606staraptor44\n|t:|1699829503\n|gametype|doubles\n|player|p1|Tenzai|#scl3spartans|\n|player|p2|staraptor44|veteran-gen4|\n|teamsize|p1|6\n|teamsize|p2|6\n|gen|9\n|tier|[Gen 9] Doubles OU\n|rule|Species Clause: Limit one of each Pok\u00e9mon\n|rule|OHKO Clause: OHKO moves are banned\n|rule|Evasion Moves Clause: Evasion moves are banned\n|rule|Gravity Sleep Clause: The combination of sleep-inducing moves with imperfect accuracy and Gravity or Gigantamax Orbeetle are banned\n|rule|Endless Battle Clause: Forcing endless battles is banned\n|rule|HP Percentage Mod: HP is shown in percentages\n|clearpoke\n|poke|p1|Grimmsnarl, M|\n|poke|p1|Chi-Yu|\n|poke|p1|Spectrier|\n|poke|p1|Rillaboom, F|\n|poke|p1|Ogerpon-Wellspring, F|\n|poke|p1|Landorus-Therian, M|\n|poke|p2|Iron Hands|\n|poke|p2|Snorlax, F|\n|poke|p2|Kommo-o, F|\n|poke|p2|Clefairy, F|\n|poke|p2|Landorus-Therian, M|\n|poke|p2|Sinistcha|\n|teampreview\n|j| Sirwings\n|j| Flying Beagle\n|j| seraphz\n|j| FrostPixel\n|\n|t:|1699829611\n|start\n|switch|p1a: Grimmsnarl|Grimmsnarl, M|100\/100\n|switch|p1b: Spectrier|Spectrier|100\/100\n|switch|p2a: Snorlax|Snorlax, F|100\/100\n|switch|p2b: Clefairy|Clefairy, F|100\/100\n|turn|1\n|c| FrostPixel|VAMOS NICCO\n|j| eric versus\u30c4\n|\n|t:|1699829631\n|move|p1a: Grimmsnarl|Fake Out|p2a: Snorlax\n|-damage|p2a: Snorlax|95\/100\n|move|p2b: Clefairy|Follow Me|p2b: Clefairy\n|-singleturn|p2b: Clefairy|move: Follow Me\n|move|p1b: Spectrier|Nasty Plot|p1b: Spectrier\n|-boost|p1b: Spectrier|spa|2\n|cant|p2a: Snorlax|flinch\n|\n|upkeep\n|turn|2\n|l| eric versus\u30c4\n|j| eric versus\u30c4\n|j| SMB\n|\n|t:|1699829689\n|move|p2b: Clefairy|Protect|p2b: Clefairy\n|-singleturn|p2b: Clefairy|Protect\n|move|p1a: Grimmsnarl|Reflect|p1a: Grimmsnarl\n|-sidestart|p1: Tenzai|Reflect\n|move|p1b: Spectrier|Nasty Plot|p1b: Spectrier\n|-boost|p1b: Spectrier|spa|2\n|move|p2a: Snorlax|Belly Drum|p2a: Snorlax\n|-damage|p2a: Snorlax|45\/100\n|-setboost|p2a: Snorlax|atk|6|[from] move: Belly Drum\n|-enditem|p2a: Snorlax|Sitrus Berry|[eat]\n|-heal|p2a: Snorlax|70\/100|[from] item: Sitrus Berry\n|\n|upkeep\n|turn|3\n|\n|t:|1699829708\n|move|p1b: Spectrier|Protect|p1b: Spectrier\n|-singleturn|p1b: Spectrier|Protect\n|move|p2b: Clefairy|Follow Me|p2b: Clefairy\n|-singleturn|p2b: Clefairy|move: Follow Me\n|move|p1a: Grimmsnarl|Parting Shot|p2b: Clefairy\n|-unboost|p2b: Clefairy|atk|1\n|-unboost|p2b: Clefairy|spa|1\n|\n|t:|1699829717\n|switch|p1a: Rillaboom|Rillaboom, F|100\/100|[from] Parting Shot\n|-fieldstart|move: Grassy Terrain|[from] ability: Grassy Surge|[of] p1a: Rillaboom\n|-enditem|p1b: Spectrier|Grassy Seed\n|-boost|p1b: Spectrier|def|1|[from] item: Grassy Seed\n|move|p2a: Snorlax|High Horsepower|p1b: Spectrier\n|-activate|p1b: Spectrier|move: Protect\n|\n|-heal|p2a: Snorlax|76\/100|[from] Grassy Terrain\n|upkeep\n|turn|4\n|j| siras\n|j| frania\n|\n|t:|1699829774\n|move|p2a: Snorlax|Protect|p2a: Snorlax\n|-singleturn|p2a: Snorlax|Protect\n|move|p2b: Clefairy|Protect|p2b: Clefairy\n|-singleturn|p2b: Clefairy|Protect\n|move|p1a: Rillaboom|Fake Out|p2a: Snorlax\n|-activate|p2a: Snorlax|move: Protect\n|move|p1b: Spectrier|Shadow Ball|p2b: Clefairy\n|-activate|p2b: Clefairy|move: Protect\n|\n|-heal|p2a: Snorlax|82\/100|[from] Grassy Terrain\n|upkeep\n|turn|5\n|\n|t:|1699829807\n|move|p2b: Clefairy|Follow Me|p2b: Clefairy\n|-singleturn|p2b: Clefairy|move: Follow Me\n|move|p1b: Spectrier|Shadow Ball|p2b: Clefairy\n|-damage|p2b: Clefairy|1\/100\n|move|p1a: Rillaboom|Wood Hammer|p2b: Clefairy\n|-damage|p2b: Clefairy|0 fnt\n|faint|p2b: Clefairy\n|-damage|p1a: Rillaboom|99\/100|[from] Recoil\n|move|p2a: Snorlax|High Horsepower|p1b: Spectrier\n|-damage|p1b: Spectrier|23\/100\n|\n|-heal|p1b: Spectrier|29\/100|[from] Grassy Terrain\n|-heal|p1a: Rillaboom|100\/100|[from] Grassy Terrain\n|-heal|p2a: Snorlax|88\/100|[from] Grassy Terrain\n|upkeep\n|\n|t:|1699829820\n|switch|p2b: Landorus|Landorus-Therian, M|100\/100\n|-ability|p2b: Landorus|Intimidate|boost\n|-unboost|p1a: Rillaboom|atk|1\n|-unboost|p1b: Spectrier|atk|1\n|turn|6\n|\n|t:|1699829859\n|switch|p1a: Landorus|Landorus-Therian, M|100\/100\n|-ability|p1a: Landorus|Intimidate|boost\n|-unboost|p2a: Snorlax|atk|1\n|-unboost|p2b: Landorus|atk|1\n|-terastallize|p1b: Spectrier|Fairy\n|move|p2b: Landorus|Stomping Tantrum|p1b: Spectrier\n|-damage|p1b: Spectrier|10\/100\n|move|p1b: Spectrier|Draining Kiss|p2b: Landorus\n|-damage|p2b: Landorus|0 fnt\n|-heal|p1b: Spectrier|75\/100|[from] drain|[of] p2b: Landorus\n|faint|p2b: Landorus\n|-ability|p1b: Spectrier|Grim Neigh|boost\n|-boost|p1b: Spectrier|spa|1\n|move|p2a: Snorlax|Body Slam|p1a: Landorus\n|-damage|p1a: Landorus|0 fnt\n|faint|p1a: Landorus\n|\n|-heal|p1b: Spectrier|81\/100|[from] Grassy Terrain\n|-heal|p2a: Snorlax|94\/100|[from] Grassy Terrain\n|upkeep\n|\n|t:|1699829881\n|switch|p2b: Iron Hands|Iron Hands|100\/100\n|switch|p1a: Grimmsnarl|Grimmsnarl, M|100\/100\n|turn|7\n|\n|t:|1699829899\n|move|p2b: Iron Hands|Fake Out|p1a: Grimmsnarl\n|-damage|p1a: Grimmsnarl|91\/100\n|cant|p1a: Grimmsnarl|flinch\n|move|p1b: Spectrier|Draining Kiss|p2b: Iron Hands\n|-supereffective|p2b: Iron Hands\n|-damage|p2b: Iron Hands|0 fnt\n|-heal|p1b: Spectrier|100\/100|[from] drain|[of] p2b: Iron Hands\n|faint|p2b: Iron Hands\n|-end|p2b: Iron Hands|Quark Drive|[silent]\n|-ability|p1b: Spectrier|Grim Neigh|boost\n|-boost|p1b: Spectrier|spa|1\n|move|p2a: Snorlax|Body Slam|p1a: Grimmsnarl\n|-damage|p1a: Grimmsnarl|0 fnt\n|faint|p1a: Grimmsnarl\n|\n|-heal|p2a: Snorlax|99\/100|[from] Grassy Terrain\n|-fieldend|move: Grassy Terrain\n|upkeep\n|\n|t:|1699829917\n|switch|p2b: Sinistcha|Sinistcha|100\/100\n|switch|p1a: Rillaboom|Rillaboom, F|100\/100\n|-fieldstart|move: Grassy Terrain|[from] ability: Grassy Surge|[of] p1a: Rillaboom\n|-heal|p2a: Snorlax|100\/100|[from] ability: Hospitality|[of] p2b: Sinistcha\n|turn|8\n|l|\u2606staraptor44\n|player|p2|\n|j|\u2606staraptor44\n|player|p2|staraptor44|veteran-gen4\n|j|+Frixel\n|l| seraphz\n|\n|t:|1699829984\n|move|p2a: Snorlax|Protect|p2a: Snorlax\n|-singleturn|p2a: Snorlax|Protect\n|move|p1b: Spectrier|Draining Kiss|p2a: Snorlax\n|-activate|p2a: Snorlax|move: Protect\n|move|p1a: Rillaboom|Wood Hammer|p2a: Snorlax\n|-activate|p2a: Snorlax|move: Protect\n|move|p2b: Sinistcha|Trick Room|p2b: Sinistcha\n|-fieldstart|move: Trick Room|[of] p2b: Sinistcha\n|\n|upkeep\n|turn|9\n|\n|t:|1699830034\n|move|p2a: Snorlax|Body Slam|p1b: Spectrier\n|-damage|p1b: Spectrier|20\/100\n|move|p2b: Sinistcha|Matcha Gotcha|p1b: Spectrier|[spread] p1a,p1b\n|-resisted|p1a: Rillaboom\n|-damage|p1a: Rillaboom|91\/100\n|-damage|p1b: Spectrier|0 fnt\n|faint|p1b: Spectrier\n|move|p1a: Rillaboom|Wood Hammer|p2a: Snorlax\n|-damage|p2a: Snorlax|42\/100\n|-damage|p1a: Rillaboom|69\/100|[from] Recoil\n|\n|-heal|p2a: Snorlax|49\/100|[from] Grassy Terrain\n|-heal|p1a: Rillaboom|75\/100|[from] Grassy Terrain\n|-sideend|p1: Tenzai|Reflect\n|upkeep\n|\n|t:|1699830044\n|switch|p1b: Ogerpon|Ogerpon-Wellspring, F|100\/100\n|turn|10\n|\n|t:|1699830067\n|move|p2a: Snorlax|Protect|p2a: Snorlax\n|-singleturn|p2a: Snorlax|Protect\n|move|p1a: Rillaboom|Grassy Glide|p2a: Snorlax\n|-activate|p2a: Snorlax|move: Protect\n|move|p2b: Sinistcha|Matcha Gotcha|p1b: Ogerpon|[spread] p1a,p1b\n|-resisted|p1a: Rillaboom\n|-damage|p1a: Rillaboom|64\/100\n|-damage|p1b: Ogerpon|69\/100\n|-status|p1a: Rillaboom|brn\n|move|p1b: Ogerpon|Power Whip|p2a: Snorlax\n|-activate|p2a: Snorlax|move: Protect\n|\n|-heal|p2a: Snorlax|55\/100|[from] Grassy Terrain\n|-heal|p1a: Rillaboom|71\/100 brn|[from] Grassy Terrain\n|-heal|p1b: Ogerpon|75\/100|[from] Grassy Terrain\n|-damage|p1a: Rillaboom|64\/100 brn|[from] brn\n|upkeep\n|turn|11\n|l|\u2606staraptor44\n|player|p2|\n|j|\u2606staraptor44\n|player|p2|staraptor44|veteran-gen4\n|inactive|Battle timer is ON: inactive players will automatically lose when time's up. (requested by Tenzai)\n|\n|t:|1699830125\n|move|p2a: Snorlax|Body Slam|p1b: Ogerpon\n|-damage|p1b: Ogerpon|0 fnt\n|faint|p1b: Ogerpon\n|move|p2b: Sinistcha|Strength Sap|p1a: Rillaboom\n|-unboost|p1a: Rillaboom|atk|1\n|move|p1a: Rillaboom|U-turn|p2a: Snorlax\n|-damage|p2a: Snorlax|49\/100\n|\n|t:|1699830132\n|switch|p1a: Chi-Yu|Chi-Yu|100\/100|[from] U-turn\n|-ability|p1a: Chi-Yu|Beads of Ruin\n|-enditem|p1a: Chi-Yu|Grassy Seed\n|-boost|p1a: Chi-Yu|def|1|[from] item: Grassy Seed\n|\n|-heal|p2a: Snorlax|55\/100|[from] Grassy Terrain\n|upkeep\n|\n|t:|1699830133\n|switch|p1b: Rillaboom|Rillaboom, F|64\/100 brn\n|turn|12\n|\n|t:|1699830150\n|-terastallize|p2b: Sinistcha|Fire\n|move|p1b: Rillaboom|Fake Out|p2a: Snorlax\n|-damage|p2a: Snorlax|50\/100\n|cant|p2a: Snorlax|flinch\n|move|p2b: Sinistcha|Matcha Gotcha|p1a: Chi-Yu|[spread] p1a\n|-miss|p2b: Sinistcha|p1b: Rillaboom\n|-resisted|p1a: Chi-Yu\n|-damage|p1a: Chi-Yu|86\/100\n|move|p1a: Chi-Yu|Nasty Plot|p1a: Chi-Yu\n|-boost|p1a: Chi-Yu|spa|2\n|\n|-heal|p2a: Snorlax|56\/100|[from] Grassy Terrain\n|-heal|p1b: Rillaboom|71\/100 brn|[from] Grassy Terrain\n|-heal|p1a: Chi-Yu|93\/100|[from] Grassy Terrain\n|-damage|p1b: Rillaboom|64\/100 brn|[from] brn\n|-fieldend|move: Trick Room\n|-fieldend|move: Grassy Terrain\n|upkeep\n|turn|13\n|j| RiloBR\n|\n|t:|1699830172\n|move|p2b: Sinistcha|Rage Powder|p2b: Sinistcha\n|-singleturn|p2b: Sinistcha|move: Rage Powder\n|move|p1a: Chi-Yu|Dark Pulse|p2b: Sinistcha\n|-damage|p2b: Sinistcha|0 fnt\n|faint|p2b: Sinistcha\n|move|p1b: Rillaboom|Wood Hammer|p2a: Snorlax\n|-damage|p2a: Snorlax|34\/100\n|-damage|p1b: Rillaboom|56\/100 brn|[from] Recoil\n|move|p2a: Snorlax|Body Slam|p1a: Chi-Yu\n|-damage|p1a: Chi-Yu|0 fnt\n|faint|p1a: Chi-Yu\n|\n|-damage|p1b: Rillaboom|50\/100 brn|[from] brn\n|upkeep\n|\n|t:|1699830175\n|switch|p2b: Kommo-o|Kommo-o, F|100\/100\n|turn|14\n|-message|Tenzai forfeited.\n|\n|win|staraptor44\n|c|\u2606Tenzai|gg\n|l| SMB\n|l| RiloBR\n|player|p2|staraptor44|veteran-gen4\n|c|\u2606staraptor44|gg\n|l| eric versus\u30c4\n|l| Sirwings\n|l| siras\n","uploadtime":1699830305,"views":85,"p1id":"tenzai","p2id":"staraptor44","formatid":"gen9doublesou","rating":0,"private":0,"password":""}