{"id":"gen9doublesou-1999479960","p1":"Bang Jiii","p2":"Cryptic_Brawler","format":"[Gen 9] Doubles OU","log":"|j|\u2606Bang Jiii\n|j|\u203dCryptic_Brawler\n|t:|1701086872\n|gametype|doubles\n|player|p1|Bang Jiii|aaron|1203\n|player|p2|Cryptic_Brawler|ghetsis-gen5bw|1126\n|teamsize|p1|6\n|teamsize|p2|6\n|gen|9\n|tier|[Gen 9] Doubles OU\n|rated|\n|rule|Species Clause: Limit one of each Pok\u00e9mon\n|rule|OHKO Clause: OHKO moves are banned\n|rule|Evasion Moves Clause: Evasion moves are banned\n|rule|Gravity Sleep Clause: The combination of sleep-inducing moves with imperfect accuracy and Gravity or Gigantamax Orbeetle are banned\n|rule|Endless Battle Clause: Forcing endless battles is banned\n|rule|HP Percentage Mod: HP is shown in percentages\n|clearpoke\n|poke|p1|Scream Tail|\n|poke|p1|Ogerpon-Wellspring, F|\n|poke|p1|Chi-Yu|\n|poke|p1|Abomasnow, F|\n|poke|p1|Walking Wake|\n|poke|p1|Tinkaton, F|\n|poke|p2|Meowscarada, F|\n|poke|p2|Krookodile, M|\n|poke|p2|Milotic, F|\n|poke|p2|Iron Valiant|\n|poke|p2|Gliscor, F|\n|poke|p2|Dragapult, M|\n|teampreview\n|inactive|Battle timer is ON: inactive players will automatically lose when time's up. (requested by Bang Jiii)\n|\n|t:|1701086891\n|start\n|switch|p1a: Scream Tail|Scream Tail|100\/100\n|switch|p1b: Walking Wake|Walking Wake|100\/100\n|switch|p2a: Meowscarada|Meowscarada, F|100\/100\n|switch|p2b: Krookodile|Krookodile, M|100\/100\n|-enditem|p1b: Walking Wake|Booster Energy\n|-activate|p1b: Walking Wake|ability: Protosynthesis|[fromitem]\n|-start|p1b: Walking Wake|protosynthesisspa\n|-enditem|p1a: Scream Tail|Booster Energy\n|-activate|p1a: Scream Tail|ability: Protosynthesis|[fromitem]\n|-start|p1a: Scream Tail|protosynthesisspd\n|turn|1\n|\n|t:|1701086912\n|-terastallize|p2b: Krookodile|Steel\n|move|p2a: Meowscarada|Flower Trick|p2b: Krookodile\n|-start|p2a: Meowscarada|typechange|Grass|[from] ability: Protean\n|-resisted|p2b: Krookodile\n|-crit|p2b: Krookodile\n|-damage|p2b: Krookodile|72\/100\n|-setboost|p2b: Krookodile|atk|6|[from] ability: Anger Point\n|move|p1b: Walking Wake|Flamethrower|p2a: Meowscarada\n|-supereffective|p2a: Meowscarada\n|-enditem|p2a: Meowscarada|Focus Sash\n|-damage|p2a: Meowscarada|1\/100\n|move|p2b: Krookodile|Earthquake|p1a: Scream Tail|[spread] p2a,p1a,p1b\n|-resisted|p2a: Meowscarada\n|-damage|p2a: Meowscarada|0 fnt\n|-damage|p1a: Scream Tail|0 fnt\n|-damage|p1b: Walking Wake|0 fnt\n|faint|p2a: Meowscarada\n|faint|p1a: Scream Tail\n|-end|p1a: Scream Tail|Protosynthesis|[silent]\n|faint|p1b: Walking Wake\n|-end|p1b: Walking Wake|Protosynthesis|[silent]\n|\n|upkeep\n|inactive|Cryptic_Brawler has 120 seconds left.\n|\n|t:|1701086965\n|switch|p2a: Milotic|Milotic, F|100\/100\n|switch|p1b: Tinkaton|Tinkaton, F|100\/100\n|switch|p1a: Chi-Yu|Chi-Yu|100\/100\n|-ability|p1a: Chi-Yu|Beads of Ruin\n|turn|2\n|inactive|Cryptic_Brawler has 120 seconds left.\n|\n|t:|1701086988\n|move|p1b: Tinkaton|Fake Out|p2b: Krookodile\n|-resisted|p2b: Krookodile\n|-damage|p2b: Krookodile|65\/100\n|cant|p2b: Krookodile|flinch\n|move|p1a: Chi-Yu|Heat Wave|p2a: Milotic|[spread] p2a\n|-miss|p1a: Chi-Yu|p2b: Krookodile\n|-resisted|p2a: Milotic\n|-damage|p2a: Milotic|79\/100\n|move|p2a: Milotic|Icy Wind|p1a: Chi-Yu|[spread] p1a,p1b\n|-resisted|p1a: Chi-Yu\n|-resisted|p1b: Tinkaton\n|-damage|p1a: Chi-Yu|95\/100\n|-damage|p1b: Tinkaton|95\/100\n|-unboost|p1a: Chi-Yu|spe|1\n|-unboost|p1b: Tinkaton|spe|1\n|\n|-status|p2a: Milotic|brn|[from] item: Flame Orb\n|upkeep\n|turn|3\n|\n|t:|1701087018\n|move|p1a: Chi-Yu|Protect|p1a: Chi-Yu\n|-singleturn|p1a: Chi-Yu|Protect\n|move|p1b: Tinkaton|Protect|p1b: Tinkaton\n|-singleturn|p1b: Tinkaton|Protect\n|move|p2b: Krookodile|Earthquake|p1a: Chi-Yu|[spread] p2a\n|-activate|p1a: Chi-Yu|move: Protect\n|-activate|p1b: Tinkaton|move: Protect\n|-damage|p2a: Milotic|14\/100 brn\n|move|p2a: Milotic|Icy Wind|p1b: Tinkaton|[spread] \n|-activate|p1a: Chi-Yu|move: Protect\n|-activate|p1b: Tinkaton|move: Protect\n|\n|-damage|p2a: Milotic|8\/100 brn|[from] brn\n|upkeep\n|turn|4\n|inactive|Bang Jiii has 120 seconds left.\n|\n|t:|1701087062\n|switch|p1a: Abomasnow|Abomasnow, F|100\/100\n|-weather|Snow|[from] ability: Snow Warning|[of] p1a: Abomasnow\n|move|p2b: Krookodile|Earthquake|p1b: Tinkaton|[spread] p2a,p1a,p1b\n|-resisted|p1a: Abomasnow\n|-supereffective|p1b: Tinkaton\n|-damage|p2a: Milotic|0 fnt\n|-damage|p1a: Abomasnow|43\/100\n|-damage|p1b: Tinkaton|0 fnt\n|faint|p2a: Milotic\n|faint|p1b: Tinkaton\n|\n|-weather|Snow|[upkeep]\n|upkeep\n|inactive|Cryptic_Brawler has 120 seconds left.\n|\n|t:|1701087095\n|switch|p1b: Ogerpon|Ogerpon-Wellspring, F|100\/100\n|switch|p2a: Iron Valiant|Iron Valiant|100\/100\n|-enditem|p2a: Iron Valiant|Booster Energy\n|-activate|p2a: Iron Valiant|ability: Quark Drive|[fromitem]\n|-start|p2a: Iron Valiant|quarkdrivespe\n|turn|5\n|inactive|Cryptic_Brawler has 120 seconds left.\n|\n|t:|1701087129\n|move|p1b: Ogerpon|Spiky Shield|p1b: Ogerpon\n|-singleturn|p1b: Ogerpon|move: Protect\n|move|p2a: Iron Valiant|Thunder Punch|p1b: Ogerpon\n|-activate|p1b: Ogerpon|move: Protect\n|-damage|p2a: Iron Valiant|88\/100|[from] Spiky Shield|[of] p1b: Ogerpon\n|move|p2b: Krookodile|Earthquake|p1a: Abomasnow|[spread] p2a,p1a\n|-activate|p1b: Ogerpon|move: Protect\n|-resisted|p1a: Abomasnow\n|-damage|p2a: Iron Valiant|0 fnt\n|-damage|p1a: Abomasnow|0 fnt\n|faint|p2a: Iron Valiant\n|-end|p2a: Iron Valiant|Quark Drive|[silent]\n|faint|p1a: Abomasnow\n|\n|-weather|Snow|[upkeep]\n|upkeep\n|\n|t:|1701087145\n|switch|p2a: Dragapult|Dragapult, M|100\/100\n|switch|p1a: Chi-Yu|Chi-Yu|95\/100\n|-ability|p1a: Chi-Yu|Beads of Ruin\n|turn|6\n|inactive|Bang Jiii has 120 seconds left.\n|inactive|Cryptic_Brawler has 120 seconds left.\n|\n|t:|1701087183\n|-terastallize|p1a: Chi-Yu|Dark\n|move|p2a: Dragapult|Dragon Claw|p1b: Ogerpon\n|-damage|p1b: Ogerpon|43\/100\n|-damage|p2a: Dragapult|91\/100|[from] item: Life Orb\n|move|p2b: Krookodile|Close Combat|p1a: Chi-Yu\n|-supereffective|p1a: Chi-Yu\n|-damage|p1a: Chi-Yu|0 fnt\n|-unboost|p2b: Krookodile|def|1\n|-unboost|p2b: Krookodile|spd|1\n|faint|p1a: Chi-Yu\n|move|p1b: Ogerpon|Counter|p2a: Dragapult\n|-immune|p2a: Dragapult\n|\n|-weather|Snow|[upkeep]\n|upkeep\n|turn|7\n|\n|t:|1701087202\n|move|p2a: Dragapult|Sucker Punch|p1b: Ogerpon\n|-damage|p1b: Ogerpon|6\/100\n|-damage|p2a: Dragapult|81\/100|[from] item: Life Orb\n|move|p2b: Krookodile|Crunch|p1b: Ogerpon\n|-damage|p1b: Ogerpon|0 fnt\n|faint|p1b: Ogerpon\n|\n|win|Cryptic_Brawler\n|raw|Bang Jiii's rating: 1203 &rarr; <strong>1173<\/strong><br \/>(-30 for losing)\n|raw|Cryptic_Brawler's rating: 1126 &rarr; <strong>1156<\/strong><br \/>(+30 for winning)\n","uploadtime":1701087210,"views":11,"p1id":"bangjiii","p2id":"crypticbrawler","formatid":"gen9doublesou","rating":1156,"private":0,"password":""}