{"id":"gen9doublesou-1969075153","p1":"TwistedWinds","p2":"Javiers16","format":"[Gen 9] Doubles OU","log":"|j|\u2606TwistedWinds\n|j|\u2606Javiers16\n|t:|1697487849\n|gametype|doubles\n|player|p1|TwistedWinds|backpacker|1168\n|player|p2|Javiers16|170|1192\n|teamsize|p1|6\n|teamsize|p2|6\n|gen|9\n|tier|[Gen 9] Doubles OU\n|rated|\n|rule|Species Clause: Limit one of each Pok\u00e9mon\n|rule|OHKO Clause: OHKO moves are banned\n|rule|Evasion Moves Clause: Evasion moves are banned\n|rule|Gravity Sleep Clause: The combination of sleep-inducing moves with imperfect accuracy and Gravity or Gigantamax Orbeetle are banned\n|rule|Endless Battle Clause: Forcing endless battles is banned\n|rule|HP Percentage Mod: HP is shown in percentages\n|clearpoke\n|poke|p1|Inteleon, M|\n|poke|p1|Cinderace, M|\n|poke|p1|Dunsparce, M|\n|poke|p1|Jirachi|\n|poke|p1|Weezing-Galar, M|\n|poke|p1|Clefairy, F|\n|poke|p2|Garchomp, F|\n|poke|p2|Gyarados, F|\n|poke|p2|Arcanine, F|\n|poke|p2|Amoonguss, F|\n|poke|p2|Gardevoir, M|\n|poke|p2|Iron Hands|\n|teampreview\n|\n|t:|1697487859\n|start\n|switch|p1a: Inteleon|Inteleon, M|100\/100\n|switch|p1b: Cinderace|Cinderace, M|100\/100\n|switch|p2a: Iron Hands|Iron Hands|100\/100\n|switch|p2b: Gardevoir|Gardevoir, M|100\/100\n|-ability|p2b: Gardevoir|Sniper|[from] ability: Trace|[of] p1a: Inteleon\n|turn|1\n|\n|t:|1697487871\n|move|p2a: Iron Hands|Fake Out|p1a: Inteleon\n|-damage|p1a: Inteleon|75\/100\n|cant|p1a: Inteleon|flinch\n|move|p1b: Cinderace|Fire Pledge|p2b: Gardevoir\n|-damage|p2b: Gardevoir|80\/100\n|move|p2b: Gardevoir|Psychic|p1b: Cinderace\n|-damage|p1b: Cinderace|11\/100\n|-unboost|p1b: Cinderace|spd|1\n|-enditem|p1b: Cinderace|Eject Button\n|-damage|p2b: Gardevoir|70\/100|[from] item: Life Orb\n|\n|t:|1697487884\n|switch|p1b: Jirachi|Jirachi|100\/100\n|\n|upkeep\n|turn|2\n|\n|t:|1697487894\n|move|p1b: Jirachi|Iron Head|p2b: Gardevoir\n|-supereffective|p2b: Gardevoir\n|-damage|p2b: Gardevoir|0 fnt\n|faint|p2b: Gardevoir\n|move|p1a: Inteleon|Icy Wind|p2a: Iron Hands\n|-damage|p2a: Iron Hands|83\/100\n|-unboost|p2a: Iron Hands|spe|1\n|move|p2a: Iron Hands|Thunder Punch|p1a: Inteleon\n|-supereffective|p1a: Inteleon\n|-damage|p1a: Inteleon|0 fnt\n|faint|p1a: Inteleon\n|\n|-heal|p2a: Iron Hands|89\/100|[from] item: Leftovers\n|upkeep\n|\n|t:|1697487907\n|switch|p1a: Dunsparce|Dunsparce, M|100\/100\n|switch|p2b: Gyarados|Gyarados, F|100\/100\n|-ability|p2b: Gyarados|Intimidate|boost\n|-unboost|p1a: Dunsparce|atk|1\n|-unboost|p1b: Jirachi|atk|1\n|turn|3\n|\n|t:|1697487920\n|switch|p1b: Weezing|Weezing-Galar, M|100\/100\n|-ability|p1b: Weezing|Neutralizing Gas\n|move|p2b: Gyarados|Dragon Dance|p2b: Gyarados\n|-boost|p2b: Gyarados|atk|1\n|-boost|p2b: Gyarados|spe|1\n|move|p1a: Dunsparce|Ancient Power|p2b: Gyarados\n|-supereffective|p2b: Gyarados\n|-damage|p2b: Gyarados|81\/100\n|move|p2a: Iron Hands|Iron Head|p1b: Weezing\n|-supereffective|p1b: Weezing\n|-damage|p1b: Weezing|47\/100\n|\n|-heal|p2b: Gyarados|87\/100|[from] item: Leftovers\n|-heal|p1b: Weezing|53\/100|[from] item: Leftovers\n|-heal|p2a: Iron Hands|96\/100|[from] item: Leftovers\n|upkeep\n|turn|4\n|\n|t:|1697487940\n|-end|p1b: Weezing|ability: Neutralizing Gas\n|-ability|p2b: Gyarados|Intimidate|boost\n|-unboost|p1a: Dunsparce|atk|1\n|-unboost|p1b: Weezing|atk|1\n|switch|p1b: Clefairy|Clefairy, F|100\/100\n|move|p2b: Gyarados|Waterfall|p1b: Clefairy\n|-damage|p1b: Clefairy|38\/100\n|move|p1a: Dunsparce|Ancient Power|p2b: Gyarados\n|-supereffective|p2b: Gyarados\n|-damage|p2b: Gyarados|65\/100\n|-boost|p1a: Dunsparce|atk|1\n|-boost|p1a: Dunsparce|def|1\n|-boost|p1a: Dunsparce|spa|1\n|-boost|p1a: Dunsparce|spd|1\n|-boost|p1a: Dunsparce|spe|1\n|move|p2a: Iron Hands|Iron Head|p1b: Clefairy\n|-supereffective|p1b: Clefairy\n|-damage|p1b: Clefairy|0 fnt\n|faint|p1b: Clefairy\n|\n|-heal|p2b: Gyarados|71\/100|[from] item: Leftovers\n|-heal|p2a: Iron Hands|100\/100|[from] item: Leftovers\n|upkeep\n|\n|t:|1697487959\n|switch|p1b: Jirachi|Jirachi|100\/100\n|turn|5\n|\n|t:|1697487974\n|-terastallize|p1a: Dunsparce|Steel\n|move|p1b: Jirachi|Body Slam|p2b: Gyarados\n|-damage|p2b: Gyarados|39\/100\n|move|p2b: Gyarados|Crunch|p1b: Jirachi\n|-supereffective|p1b: Jirachi\n|-damage|p1b: Jirachi|8\/100\n|-unboost|p1b: Jirachi|def|1\n|move|p1a: Dunsparce|Ancient Power|p2b: Gyarados\n|-supereffective|p2b: Gyarados\n|-damage|p2b: Gyarados|8\/100\n|move|p2a: Iron Hands|Thunder Punch|p1b: Jirachi\n|-damage|p1b: Jirachi|0 fnt\n|faint|p1b: Jirachi\n|\n|-heal|p2b: Gyarados|14\/100|[from] item: Leftovers\n|upkeep\n|\n|t:|1697487991\n|switch|p1b: Cinderace|Cinderace, M|11\/100\n|turn|6\n|\n|t:|1697487999\n|move|p2b: Gyarados|Waterfall|p1b: Cinderace\n|-supereffective|p1b: Cinderace\n|-damage|p1b: Cinderace|0 fnt\n|faint|p1b: Cinderace\n|move|p1a: Dunsparce|Ancient Power|p2b: Gyarados\n|-supereffective|p2b: Gyarados\n|-damage|p2b: Gyarados|0 fnt\n|faint|p2b: Gyarados\n|move|p2a: Iron Hands|Fire Punch|p1a: Dunsparce\n|-supereffective|p1a: Dunsparce\n|-damage|p1a: Dunsparce|69\/100\n|\n|upkeep\n|\n|t:|1697488010\n|switch|p1b: Weezing|Weezing-Galar, M|53\/100\n|switch|p2b: Arcanine|Arcanine, F|100\/100\n|-ability|p1b: Weezing|Neutralizing Gas\n|turn|7\n|\n|t:|1697488021\n|move|p2b: Arcanine|Wild Charge|p1b: Weezing\n|-damage|p1b: Weezing|29\/100\n|-damage|p2b: Arcanine|96\/100|[from] Recoil\n|move|p1a: Dunsparce|Ancient Power|p2b: Arcanine\n|-supereffective|p2b: Arcanine\n|-damage|p2b: Arcanine|67\/100\n|-boost|p1a: Dunsparce|atk|1\n|-boost|p1a: Dunsparce|def|1\n|-boost|p1a: Dunsparce|spa|1\n|-boost|p1a: Dunsparce|spd|1\n|-boost|p1a: Dunsparce|spe|1\n|move|p1b: Weezing|Pain Split|p2a: Iron Hands\n|-sethp|p2a: Iron Hands|58\/100|[from] move: Pain Split|[silent]\n|-sethp|p1b: Weezing|100\/100|[from] move: Pain Split\n|move|p2a: Iron Hands|Iron Head|p1b: Weezing\n|-supereffective|p1b: Weezing\n|-damage|p1b: Weezing|47\/100\n|\n|-heal|p1b: Weezing|53\/100|[from] item: Leftovers\n|-heal|p2a: Iron Hands|64\/100|[from] item: Leftovers\n|upkeep\n|turn|8\n|\n|t:|1697488047\n|move|p1a: Dunsparce|Ancient Power|p2b: Arcanine\n|-supereffective|p2b: Arcanine\n|-damage|p2b: Arcanine|28\/100\n|move|p2b: Arcanine|Wild Charge|p1b: Weezing\n|-damage|p1b: Weezing|29\/100\n|-damage|p2b: Arcanine|23\/100|[from] Recoil\n|move|p1b: Weezing|Pain Split|p2a: Iron Hands\n|-sethp|p2a: Iron Hands|40\/100|[from] move: Pain Split|[silent]\n|-sethp|p1b: Weezing|75\/100|[from] move: Pain Split\n|move|p2a: Iron Hands|Iron Head|p1b: Weezing\n|-supereffective|p1b: Weezing\n|-damage|p1b: Weezing|19\/100\n|\n|-heal|p1b: Weezing|25\/100|[from] item: Leftovers\n|-heal|p2a: Iron Hands|46\/100|[from] item: Leftovers\n|upkeep\n|turn|9\n|\n|t:|1697488065\n|move|p2b: Arcanine|Extreme Speed|p1b: Weezing\n|-damage|p1b: Weezing|3\/100\n|move|p1a: Dunsparce|Ancient Power|p2b: Arcanine\n|-supereffective|p2b: Arcanine\n|-damage|p2b: Arcanine|0 fnt\n|faint|p2b: Arcanine\n|move|p1b: Weezing|Strange Steam|p2a: Iron Hands\n|-supereffective|p2a: Iron Hands\n|-damage|p2a: Iron Hands|0 fnt\n|faint|p2a: Iron Hands\n|-end|p2a: Iron Hands|Quark Drive|[silent]\n|\n|-heal|p1b: Weezing|9\/100|[from] item: Leftovers\n|upkeep\n|\n|t:|1697488077\n|switch|p2b: Garchomp|Garchomp, F|100\/100\n|switch|p2a: Amoonguss|Amoonguss, F|100\/100\n|turn|10\n|\n|t:|1697488089\n|move|p2b: Garchomp|Dragon Claw|p1b: Weezing\n|-immune|p1b: Weezing\n|move|p1a: Dunsparce|Body Slam|p2a: Amoonguss\n|-damage|p2a: Amoonguss|64\/100\n|-status|p2a: Amoonguss|par\n|move|p1b: Weezing|Memento|p2b: Garchomp\n|-unboost|p2b: Garchomp|atk|2\n|-unboost|p2b: Garchomp|spa|2\n|faint|p1b: Weezing\n|-end|p1b: Weezing|ability: Neutralizing Gas\n|move|p2a: Amoonguss|Giga Drain|p1a: Dunsparce\n|-resisted|p1a: Dunsparce\n|-damage|p1a: Dunsparce|64\/100\n|-heal|p2a: Amoonguss|66\/100 par|[from] drain|[of] p1a: Dunsparce\n|\n|-heal|p2a: Amoonguss|72\/100 par|[from] item: Black Sludge\n|upkeep\n|turn|11\n|\n|t:|1697488113\n|-terastallize|p2b: Garchomp|Fairy\n|move|p2b: Garchomp|Swords Dance|p2b: Garchomp\n|-boost|p2b: Garchomp|atk|2\n|move|p1a: Dunsparce|Ancient Power|p2b: Garchomp\n|-damage|p2b: Garchomp|81\/100\n|move|p2a: Amoonguss|Toxic|p1a: Dunsparce\n|-immune|p1a: Dunsparce\n|\n|-heal|p2b: Garchomp|87\/100|[from] item: Leftovers\n|-heal|p2a: Amoonguss|78\/100 par|[from] item: Black Sludge\n|upkeep\n|turn|12\n|\n|t:|1697488127\n|move|p2b: Garchomp|Swords Dance|p2b: Garchomp\n|-boost|p2b: Garchomp|atk|2\n|move|p1a: Dunsparce|Body Slam|p2b: Garchomp\n|-damage|p2b: Garchomp|52\/100\n|move|p2a: Amoonguss|Giga Drain|p1a: Dunsparce\n|-resisted|p1a: Dunsparce\n|-damage|p1a: Dunsparce|60\/100\n|-heal|p2a: Amoonguss|80\/100 par|[from] drain|[of] p1a: Dunsparce\n|\n|-heal|p2b: Garchomp|58\/100|[from] item: Leftovers\n|-heal|p2a: Amoonguss|86\/100 par|[from] item: Black Sludge\n|upkeep\n|turn|13\n|\n|t:|1697488145\n|move|p2b: Garchomp|Dragon Claw|p1a: Dunsparce\n|-resisted|p1a: Dunsparce\n|-crit|p1a: Dunsparce\n|-damage|p1a: Dunsparce|8\/100\n|move|p1a: Dunsparce|Body Slam|p2b: Garchomp\n|-damage|p2b: Garchomp|24\/100\n|-status|p2b: Garchomp|par\n|move|p2a: Amoonguss|Giga Drain|p1a: Dunsparce\n|-resisted|p1a: Dunsparce\n|-damage|p1a: Dunsparce|4\/100\n|-heal|p2a: Amoonguss|88\/100 par|[from] drain|[of] p1a: Dunsparce\n|\n|-heal|p2b: Garchomp|30\/100 par|[from] item: Leftovers\n|-heal|p2a: Amoonguss|94\/100 par|[from] item: Black Sludge\n|upkeep\n|turn|14\n|\n|t:|1697488162\n|move|p1a: Dunsparce|Roost|p1a: Dunsparce\n|-heal|p1a: Dunsparce|54\/100\n|move|p2b: Garchomp|Dragon Claw|p1a: Dunsparce\n|-resisted|p1a: Dunsparce\n|-damage|p1a: Dunsparce|37\/100\n|cant|p2a: Amoonguss|par\n|\n|-heal|p2b: Garchomp|37\/100 par|[from] item: Leftovers\n|-heal|p2a: Amoonguss|100\/100 par|[from] item: Black Sludge\n|upkeep\n|turn|15\n|\n|t:|1697488174\n|move|p2a: Amoonguss|Protect|p2a: Amoonguss\n|-singleturn|p2a: Amoonguss|Protect\n|move|p1a: Dunsparce|Roost|p1a: Dunsparce\n|-heal|p1a: Dunsparce|87\/100\n|cant|p2b: Garchomp|par\n|\n|-heal|p2b: Garchomp|43\/100 par|[from] item: Leftovers\n|upkeep\n|turn|16\n|\n|t:|1697488188\n|move|p1a: Dunsparce|Body Slam|p2b: Garchomp\n|-damage|p2b: Garchomp|10\/100 par\n|move|p2b: Garchomp|Dragon Claw|p1a: Dunsparce\n|-resisted|p1a: Dunsparce\n|-damage|p1a: Dunsparce|71\/100\n|cant|p2a: Amoonguss|par\n|\n|-heal|p2b: Garchomp|16\/100 par|[from] item: Leftovers\n|upkeep\n|turn|17\n|\n|t:|1697488201\n|move|p2a: Amoonguss|Protect|p2a: Amoonguss\n|-singleturn|p2a: Amoonguss|Protect\n|move|p1a: Dunsparce|Body Slam|p2b: Garchomp\n|-damage|p2b: Garchomp|0 fnt\n|faint|p2b: Garchomp\n|\n|upkeep\n|turn|18\n|\n|t:|1697488209\n|move|p1a: Dunsparce|Body Slam|p2a: Amoonguss\n|-damage|p2a: Amoonguss|65\/100 par\n|move|p2a: Amoonguss|Spore|p1a: Dunsparce\n|-status|p1a: Dunsparce|slp|[from] move: Spore\n|\n|-heal|p2a: Amoonguss|71\/100 par|[from] item: Black Sludge\n|upkeep\n|turn|19\n|\n|t:|1697488217\n|cant|p1a: Dunsparce|slp\n|move|p2a: Amoonguss|Giga Drain|p1a: Dunsparce\n|-resisted|p1a: Dunsparce\n|-damage|p1a: Dunsparce|67\/100 slp\n|-heal|p2a: Amoonguss|73\/100 par|[from] drain|[of] p1a: Dunsparce\n|\n|-heal|p2a: Amoonguss|79\/100 par|[from] item: Black Sludge\n|upkeep\n|turn|20\n|\n|t:|1697488226\n|cant|p1a: Dunsparce|slp\n|cant|p2a: Amoonguss|par\n|\n|-heal|p2a: Amoonguss|85\/100 par|[from] item: Black Sludge\n|upkeep\n|turn|21\n|\n|t:|1697488233\n|cant|p1a: Dunsparce|slp\n|move|p2a: Amoonguss|Giga Drain|p1a: Dunsparce\n|-resisted|p1a: Dunsparce\n|-crit|p1a: Dunsparce\n|-damage|p1a: Dunsparce|53\/100 slp\n|-heal|p2a: Amoonguss|91\/100 par|[from] drain|[of] p1a: Dunsparce\n|\n|-heal|p2a: Amoonguss|97\/100 par|[from] item: Black Sludge\n|upkeep\n|turn|22\n|\n|t:|1697488242\n|-curestatus|p1a: Dunsparce|slp|[msg]\n|move|p1a: Dunsparce|Body Slam|p2a: Amoonguss\n|-damage|p2a: Amoonguss|61\/100 par\n|move|p2a: Amoonguss|Giga Drain|p1a: Dunsparce\n|-resisted|p1a: Dunsparce\n|-damage|p1a: Dunsparce|49\/100\n|-heal|p2a: Amoonguss|63\/100 par|[from] drain|[of] p1a: Dunsparce\n|\n|-heal|p2a: Amoonguss|69\/100 par|[from] item: Black Sludge\n|upkeep\n|turn|23\n|\n|t:|1697488253\n|move|p1a: Dunsparce|Body Slam|p2a: Amoonguss\n|-damage|p2a: Amoonguss|34\/100 par\n|cant|p2a: Amoonguss|par\n|\n|-heal|p2a: Amoonguss|41\/100 par|[from] item: Black Sludge\n|upkeep\n|turn|24\n|\n|t:|1697488260\n|move|p1a: Dunsparce|Body Slam|p2a: Amoonguss\n|-damage|p2a: Amoonguss|7\/100 par\n|-status|p1a: Dunsparce|slp|[from] ability: Effect Spore|[of] p2a: Amoonguss\n|move|p2a: Amoonguss|Spore|p1a: Dunsparce\n|-fail|p1a: Dunsparce|slp\n|\n|-heal|p2a: Amoonguss|13\/100 par|[from] item: Black Sludge\n|upkeep\n|turn|25\n|\n|t:|1697488270\n|cant|p1a: Dunsparce|slp\n|move|p2a: Amoonguss|Giga Drain|p1a: Dunsparce\n|-resisted|p1a: Dunsparce\n|-damage|p1a: Dunsparce|44\/100 slp\n|-heal|p2a: Amoonguss|16\/100 par|[from] drain|[of] p1a: Dunsparce\n|\n|-heal|p2a: Amoonguss|22\/100 par|[from] item: Black Sludge\n|upkeep\n|turn|26\n|\n|t:|1697488282\n|-curestatus|p1a: Dunsparce|slp|[msg]\n|move|p1a: Dunsparce|Body Slam|p2a: Amoonguss\n|-damage|p2a: Amoonguss|0 fnt\n|faint|p2a: Amoonguss\n|\n|win|TwistedWinds\n|raw|TwistedWinds's rating: 1168 &rarr; <strong>1195<\/strong><br \/>(+27 for winning)\n|raw|Javiers16's rating: 1192 &rarr; <strong>1165<\/strong><br \/>(-27 for losing)\n|l|\u2606Javiers16\n","uploadtime":1697488290,"views":68,"p1id":"twistedwinds","p2id":"javiers16","formatid":"gen9doublesou","rating":1165,"private":0,"password":""}