{"id":"gen9doublesou-1995845670","p1":"its-sam87","p2":"carambolo","format":"[Gen 9] Doubles OU","log":"|j|\u2606its-sam87\n|j|\u2606carambolo\n|t:|1700609011\n|gametype|doubles\n|player|p1|its-sam87|acetrainer-gen2|1539\n|player|p2|carambolo|2|1495\n|teamsize|p1|6\n|teamsize|p2|6\n|gen|9\n|tier|[Gen 9] Doubles OU\n|rated|\n|rule|Species Clause: Limit one of each Pok\u00e9mon\n|rule|OHKO Clause: OHKO moves are banned\n|rule|Evasion Moves Clause: Evasion moves are banned\n|rule|Gravity Sleep Clause: The combination of sleep-inducing moves with imperfect accuracy and Gravity or Gigantamax Orbeetle are banned\n|rule|Endless Battle Clause: Forcing endless battles is banned\n|rule|HP Percentage Mod: HP is shown in percentages\n|clearpoke\n|poke|p1|Tornadus, M|\n|poke|p1|Amoonguss, M|\n|poke|p1|Basculegion-F, F|\n|poke|p1|Pelipper, M|\n|poke|p1|Palafin, M|\n|poke|p1|Regieleki|\n|poke|p2|Spiritomb, M|\n|poke|p2|Gastrodon, M|\n|poke|p2|Kingambit, M|\n|poke|p2|Hatterene, F|\n|poke|p2|Armarouge, F|\n|poke|p2|Kommo-o, F|\n|teampreview\n|inactive|Battle timer is ON: inactive players will automatically lose when time's up. (requested by its-sam87)\n|c|\u2606its-sam87|gl hf\n|\n|t:|1700609024\n|start\n|switch|p1a: Tornadus|Tornadus, M, shiny|100\/100\n|switch|p1b: Palafin|Palafin, M|100\/100\n|switch|p2a: Spektro|Spiritomb, M|100\/100\n|switch|p2b: Gre\u00f1as|Hatterene, F|100\/100\n|-ability|p2a: Spektro|Pressure\n|turn|1\n|inactive|its-sam87 has 120 seconds left.\n|c|\u2606carambolo|Khe\n|\n|t:|1700609061\n|detailschange|p1b: Palafin|Palafin-Hero, M\n|switch|p1b: Amoonguss|Amoonguss, M, shiny|100\/100\n|switch|p2b: Trujo|Gastrodon, M|100\/100\n|move|p1a: Tornadus|Taunt|p2a: Spektro\n|-hint|Since gen 7, Dark is immune to Prankster moves.\n|-immune|p2a: Spektro\n|move|p2a: Spektro|Will-O-Wisp|p1b: Amoonguss\n|-status|p1b: Amoonguss|brn\n|\n|-damage|p1b: Amoonguss|94\/100 brn|[from] brn\n|upkeep\n|turn|2\n|\n|t:|1700609081\n|switch|p2b: Kommo-o|Kommo-o, F|100\/100\n|move|p1a: Tornadus|Bleakwind Storm|p2a: Spektro|[spread] p2b\n|-miss|p1a: Tornadus|p2a: Spektro\n|-supereffective|p2b: Kommo-o\n|-damage|p2b: Kommo-o|32\/100\n|-unboost|p2b: Kommo-o|spe|1\n|-enditem|p2b: Kommo-o|Sitrus Berry|[eat]\n|-heal|p2b: Kommo-o|57\/100|[from] item: Sitrus Berry\n|move|p2a: Spektro|Snarl|p1a: Tornadus|[spread] p1a,p1b\n|-damage|p1a: Tornadus|85\/100\n|-damage|p1b: Amoonguss|83\/100 brn\n|-unboost|p1b: Amoonguss|spa|1\n|move|p1b: Amoonguss|Spore|p2a: Spektro\n|-status|p2a: Spektro|slp|[from] move: Spore\n|\n|-damage|p1b: Amoonguss|77\/100 brn|[from] brn\n|upkeep\n|turn|3\n|inactive|carambolo has 120 seconds left.\n|\n|t:|1700609122\n|switch|p1b: Palafin|Palafin-Hero, M|100\/100\n|-activate|p1b: Palafin|ability: Zero to Hero\n|move|p1a: Tornadus|Bleakwind Storm|p2b: Kommo-o|[spread] p2a,p2b\n|-supereffective|p2b: Kommo-o\n|-damage|p2a: Spektro|70\/100 slp\n|-damage|p2b: Kommo-o|0 fnt\n|faint|p2b: Kommo-o\n|cant|p2a: Spektro|slp\n|\n|-heal|p2a: Spektro|76\/100 slp|[from] item: Leftovers\n|upkeep\n|\n|t:|1700609142\n|switch|p2b: Trujo|Gastrodon, M|100\/100\n|turn|4\n|inactive|carambolo has 120 seconds left.\n|\n|t:|1700609164\n|move|p1a: Tornadus|Bleakwind Storm|p2b: Trujo|[spread] p2a,p2b\n|-crit|p2b: Trujo\n|-damage|p2a: Spektro|48\/100 slp\n|-damage|p2b: Trujo|54\/100\n|move|p1b: Palafin|Drain Punch|p2b: Trujo\n|-damage|p2b: Trujo|3\/100\n|move|p2b: Trujo|Muddy Water|p1b: Palafin|[spread] p1a\n|-miss|p2b: Trujo|p1b: Palafin\n|-damage|p1a: Tornadus|48\/100\n|-heal|p2b: Trujo|7\/100|[from] item: Shell Bell|[of] p1b: Palafin\n|-curestatus|p2a: Spektro|slp|[msg]\n|move|p2a: Spektro|Will-O-Wisp|p1b: Palafin\n|-status|p1b: Palafin|brn\n|\n|-heal|p2a: Spektro|54\/100|[from] item: Leftovers\n|-damage|p1b: Palafin|94\/100 brn|[from] brn\n|upkeep\n|turn|5\n|inactive|carambolo has 120 seconds left.\n|\n|t:|1700609189\n|switch|p2b: Gre\u00f1as|Hatterene, F|100\/100\n|move|p1a: Tornadus|Bleakwind Storm|p2a: Spektro|[spread] p2a\n|-miss|p1a: Tornadus|p2b: Gre\u00f1as\n|-crit|p2a: Spektro\n|-damage|p2a: Spektro|9\/100\n|-unboost|p2a: Spektro|spe|1\n|move|p1b: Palafin|Drain Punch|p2b: Gre\u00f1as\n|-resisted|p2b: Gre\u00f1as\n|-damage|p2b: Gre\u00f1as|95\/100\n|-heal|p1b: Palafin|97\/100 brn|[from] drain|[of] p2b: Gre\u00f1as\n|move|p2a: Spektro|Trick Room|p2a: Spektro\n|-fieldstart|move: Trick Room|[of] p2a: Spektro\n|\n|-heal|p2a: Spektro|15\/100|[from] item: Leftovers\n|-damage|p1b: Palafin|91\/100 brn|[from] brn\n|upkeep\n|turn|6\n|inactive|carambolo has 120 seconds left.\n|\n|t:|1700609213\n|move|p2a: Spektro|Hex|p1b: Palafin\n|-damage|p1b: Palafin|48\/100 brn\n|move|p2b: Gre\u00f1as|Dazzling Gleam|p1a: Tornadus|[spread] p1a,p1b\n|-damage|p1a: Tornadus|10\/100\n|-damage|p1b: Palafin|19\/100 brn\n|move|p1b: Palafin|Drain Punch|p2b: Gre\u00f1as\n|-resisted|p2b: Gre\u00f1as\n|-damage|p2b: Gre\u00f1as|89\/100\n|-heal|p1b: Palafin|22\/100 brn|[from] drain|[of] p2b: Gre\u00f1as\n|move|p1a: Tornadus|Bleakwind Storm|p2a: Spektro|[spread] p2a,p2b\n|-damage|p2a: Spektro|0 fnt\n|-damage|p2b: Gre\u00f1as|57\/100\n|faint|p2a: Spektro\n|\n|-damage|p1b: Palafin|15\/100 brn|[from] brn\n|upkeep\n|\n|t:|1700609232\n|switch|p2a: Trujo|Gastrodon, M|7\/100\n|turn|7\n|inactive|carambolo has 120 seconds left.\n|\n|t:|1700609238\n|move|p2b: Gre\u00f1as|Life Dew|p2b: Gre\u00f1as|[spread] p2b\n|-ability|p2a: Trujo|Storm Drain|boost\n|-boost|p2a: Trujo|spa|1\n|-heal|p2b: Gre\u00f1as|82\/100\n|move|p2a: Trujo|Muddy Water|p1b: Palafin|[spread] p1a,p1b\n|-resisted|p1b: Palafin\n|-damage|p1a: Tornadus|0 fnt\n|-damage|p1b: Palafin|0 fnt\n|faint|p1a: Tornadus\n|faint|p1b: Palafin\n|-heal|p2a: Trujo|10\/100|[from] item: Shell Bell|[of] p1: Palafin\n|\n|upkeep\n|inactive|its-sam87 has 120 seconds left.\n|\n|t:|1700609272\n|switch|p1b: Basculegion|Basculegion-F, F|100\/100\n|switch|p1a: Amoonguss|Amoonguss, M, shiny|100\/100 brn\n|turn|8\n|inactive|carambolo has 120 seconds left.\n|\n|t:|1700609306\n|switch|p2a: Braza|Armarouge, F|100\/100\n|move|p1b: Basculegion|Protect|p1b: Basculegion\n|-singleturn|p1b: Basculegion|Protect\n|move|p2b: Gre\u00f1as|Psychic|p1a: Amoonguss\n|-supereffective|p1a: Amoonguss\n|-damage|p1a: Amoonguss|21\/100 brn\n|move|p1a: Amoonguss|Spore|p2a: Braza\n|-status|p2a: Braza|slp|[from] move: Spore\n|\n|-damage|p1a: Amoonguss|15\/100 brn|[from] brn\n|upkeep\n|turn|9\n|inactive|its-sam87 has 120 seconds left.\n|\n|t:|1700609340\n|move|p1a: Amoonguss|Rage Powder|p1a: Amoonguss\n|-singleturn|p1a: Amoonguss|move: Rage Powder\n|move|p2b: Gre\u00f1as|Psychic|p1a: Amoonguss\n|-supereffective|p1a: Amoonguss\n|-damage|p1a: Amoonguss|0 fnt\n|faint|p1a: Amoonguss\n|cant|p2a: Braza|slp\n|move|p1b: Basculegion|Last Respects|p2a: Braza\n|-supereffective|p2a: Braza\n|-damage|p2a: Braza|0 fnt\n|faint|p2a: Braza\n|\n|-fieldend|move: Trick Room\n|upkeep\n|\n|t:|1700609355\n|switch|p2a: Bigotes|Kingambit, M|100\/100\n|switch|p1a: Regieleki|Regieleki, shiny|100\/100\n|turn|10\n|\n|t:|1700609366\n|switch|p1b: Pelipper|Pelipper, M, shiny|100\/100\n|-weather|RainDance|[from] ability: Drizzle|[of] p1b: Pelipper\n|switch|p2b: Trujo|Gastrodon, M|10\/100\n|move|p2a: Bigotes|Sucker Punch||[still]\n|-fail|p2a: Bigotes\n|move|p1a: Regieleki|Thunder|p2b: Trujo\n|-immune|p2b: Trujo\n|\n|-weather|RainDance|[upkeep]\n|upkeep\n|turn|11\n|\n|t:|1700609390\n|switch|p2b: Gre\u00f1as|Hatterene, F|82\/100\n|move|p1b: Pelipper|Helping Hand|p1a: Regieleki\n|-singleturn|p1a: Regieleki|Helping Hand|[of] p1b: Pelipper\n|move|p1a: Regieleki|Thunder|p2a: Bigotes\n|-damage|p2a: Bigotes|16\/100\n|-status|p2a: Bigotes|par\n|move|p2a: Bigotes|Kowtow Cleave|p1a: Regieleki\n|-damage|p1a: Regieleki|0 fnt\n|faint|p1a: Regieleki\n|\n|-weather|RainDance|[upkeep]\n|-activate|p2b: Gre\u00f1as|ability: Healer\n|-curestatus|p2a: Bigotes|par|[msg]\n|upkeep\n|\n|t:|1700609405\n|switch|p1a: Basculegion|Basculegion-F, F|100\/100\n|turn|12\n|\n|t:|1700609425\n|switch|p2a: Trujo|Gastrodon, M|10\/100\n|-terastallize|p1a: Basculegion|Ghost\n|move|p1a: Basculegion|Last Respects|p2b: Gre\u00f1as\n|-supereffective|p2b: Gre\u00f1as\n|-damage|p2b: Gre\u00f1as|0 fnt\n|faint|p2b: Gre\u00f1as\n|move|p1b: Pelipper|Hydro Pump|p2a: Trujo\n|-ability|p2a: Trujo|Storm Drain|boost\n|-boost|p2a: Trujo|spa|1\n|\n|-weather|RainDance|[upkeep]\n|upkeep\n|\n|t:|1700609435\n|switch|p2b: Bigotes|Kingambit, M|16\/100\n|turn|13\n|\n|t:|1700609446\n|move|p2b: Bigotes|Sucker Punch|p1a: Basculegion\n|-supereffective|p1a: Basculegion\n|-damage|p1a: Basculegion|0 fnt\n|faint|p1a: Basculegion\n|move|p1b: Pelipper|U-turn|p2b: Bigotes\n|-damage|p2b: Bigotes|10\/100\n|move|p2a: Trujo|Recover|p2a: Trujo\n|-heal|p2a: Trujo|60\/100\n|\n|-weather|RainDance|[upkeep]\n|upkeep\n|turn|14\n|\n|t:|1700609463\n|move|p2b: Bigotes|Sucker Punch|p1b: Pelipper\n|-damage|p1b: Pelipper|71\/100\n|move|p1b: Pelipper|U-turn|p2b: Bigotes\n|-damage|p2b: Bigotes|4\/100\n|move|p2a: Trujo|Recover|p2a: Trujo\n|-heal|p2a: Trujo|100\/100\n|\n|-weather|RainDance|[upkeep]\n|upkeep\n|turn|15\n|c|\u2606its-sam87|gg\n|-message|its-sam87 forfeited.\n|\n|win|carambolo\n|raw|its-sam87's rating: 1539 &rarr; <strong>1516<\/strong><br \/>(-23 for losing)\n|raw|carambolo's rating: 1495 &rarr; <strong>1518<\/strong><br \/>(+23 for winning)\n|l|\u2606its-sam87\n","uploadtime":1700609498,"views":5,"p1id":"itssam87","p2id":"carambolo","formatid":"gen9doublesou","rating":1516,"private":0,"password":""}