{"id":"gen9doublesou-1988899798","p1":"Bloodpython654","p2":"DCT!Nightmare","format":"[Gen 9] Doubles OU","log":"|j|\u2606Bloodpython654\n|j|\u2606DCT!Nightmare\n|t:|1699783925\n|gametype|doubles\n|player|p1|Bloodpython654|fisherman|1177\n|player|p2|DCT!Nightmare|1|1116\n|teamsize|p1|6\n|teamsize|p2|6\n|gen|9\n|tier|[Gen 9] Doubles OU\n|rated|\n|rule|Species Clause: Limit one of each Pok\u00e9mon\n|rule|OHKO Clause: OHKO moves are banned\n|rule|Evasion Moves Clause: Evasion moves are banned\n|rule|Gravity Sleep Clause: The combination of sleep-inducing moves with imperfect accuracy and Gravity or Gigantamax Orbeetle are banned\n|rule|Endless Battle Clause: Forcing endless battles is banned\n|rule|HP Percentage Mod: HP is shown in percentages\n|clearpoke\n|poke|p1|Chi-Yu|\n|poke|p1|Flutter Mane|\n|poke|p1|Ogerpon-Hearthflame, F|\n|poke|p1|Chien-Pao|\n|poke|p1|Thundurus, M|\n|poke|p1|Enamorus, F|\n|poke|p2|Flutter Mane|\n|poke|p2|Iron Hands|\n|poke|p2|Palafin, F|\n|poke|p2|Dragonite, M|\n|poke|p2|Amoonguss, F|\n|poke|p2|Oranguru, F|\n|teampreview\n|inactive|Battle timer is ON: inactive players will automatically lose when time's up. (requested by Bloodpython654)\n|\n|t:|1699783933\n|start\n|switch|p1a: Thundurus|Thundurus, M|100\/100\n|switch|p1b: Enamorus|Enamorus, F|100\/100\n|switch|p2a: Amoonguss|Amoonguss, F|100\/100\n|switch|p2b: Dragonite|Dragonite, M|100\/100\n|turn|1\n|\n|t:|1699783956\n|move|p2a: Amoonguss|Rage Powder|p2a: Amoonguss\n|-singleturn|p2a: Amoonguss|move: Rage Powder\n|move|p1a: Thundurus|Eerie Impulse|p2a: Amoonguss\n|-unboost|p2a: Amoonguss|spa|2\n|move|p1b: Enamorus|Springtide Storm|p2b: Dragonite|[spread] p2a,p2b\n|-resisted|p2a: Amoonguss\n|-supereffective|p2b: Dragonite\n|-damage|p2a: Amoonguss|87\/100\n|-damage|p2b: Dragonite|13\/100\n|move|p2b: Dragonite|Dragon Dance|p2b: Dragonite\n|-boost|p2b: Dragonite|atk|1\n|-boost|p2b: Dragonite|spe|1\n|\n|-heal|p2a: Amoonguss|93\/100|[from] item: Leftovers\n|upkeep\n|turn|2\n|inactive|Bloodpython654 has 120 seconds left.\n|\n|t:|1699783986\n|move|p2b: Dragonite|Extreme Speed|p1a: Thundurus\n|-damage|p1a: Thundurus|47\/100\n|-enditem|p1a: Thundurus|Sitrus Berry|[eat]\n|-heal|p1a: Thundurus|71\/100|[from] item: Sitrus Berry\n|move|p1a: Thundurus|Thunder Wave|p2b: Dragonite\n|-status|p2b: Dragonite|par\n|move|p1b: Enamorus|Draining Kiss|p2b: Dragonite\n|-supereffective|p2b: Dragonite\n|-damage|p2b: Dragonite|0 fnt\n|faint|p2b: Dragonite\n|move|p2a: Amoonguss|Spore|p1a: Thundurus\n|-status|p1a: Thundurus|slp|[from] move: Spore\n|\n|-heal|p2a: Amoonguss|99\/100|[from] item: Leftovers\n|upkeep\n|inactive|DCT!Nightmare has 120 seconds left.\n|\n|t:|1699784008\n|switch|p2b: Iron Hands|Iron Hands|100\/100\n|-enditem|p2b: Iron Hands|Booster Energy\n|-activate|p2b: Iron Hands|ability: Quark Drive|[fromitem]\n|-start|p2b: Iron Hands|quarkdriveatk\n|turn|3\n|\n|t:|1699784020\n|move|p2b: Iron Hands|Fake Out|p1b: Enamorus\n|-damage|p1b: Enamorus|64\/100\n|cant|p1a: Thundurus|slp\n|cant|p1b: Enamorus|flinch\n|move|p2a: Amoonguss|Spore|p1b: Enamorus\n|-status|p1b: Enamorus|slp|[from] move: Spore\n|\n|-heal|p2a: Amoonguss|100\/100|[from] item: Leftovers\n|upkeep\n|turn|4\n|inactive|Bloodpython654 has 120 seconds left.\n|\n|t:|1699784055\n|move|p2a: Amoonguss|Rage Powder|p2a: Amoonguss\n|-singleturn|p2a: Amoonguss|move: Rage Powder\n|-curestatus|p1a: Thundurus|slp|[msg]\n|move|p1a: Thundurus|Scary Face|p2a: Amoonguss\n|-unboost|p2a: Amoonguss|spe|2\n|cant|p1b: Enamorus|slp\n|move|p2b: Iron Hands|Thunder Punch|p1b: Enamorus\n|-supereffective|p1b: Enamorus\n|-damage|p1b: Enamorus|0 fnt\n|faint|p1b: Enamorus\n|\n|upkeep\n|\n|t:|1699784076\n|switch|p1b: Ogerpon|Ogerpon-Hearthflame, F|100\/100\n|-ability|p1b: Ogerpon|Mold Breaker\n|turn|5\n|inactive|Bloodpython654 has 120 seconds left.\n|\n|t:|1699784094\n|switch|p2a: Palafin|Palafin, F|100\/100\n|move|p1a: Thundurus|Scary Face|p2b: Iron Hands\n|-unboost|p2b: Iron Hands|spe|2\n|move|p1b: Ogerpon|Ivy Cudgel|p2a: Palafin\n|-resisted|p2a: Palafin\n|-damage|p2a: Palafin|67\/100\n|move|p2b: Iron Hands|Ice Punch|p1a: Thundurus\n|-supereffective|p1a: Thundurus\n|-damage|p1a: Thundurus|0 fnt\n|faint|p1a: Thundurus\n|\n|upkeep\n|\n|t:|1699784110\n|switch|p1a: Flutter Mane|Flutter Mane|100\/100\n|turn|6\n|inactive|Bloodpython654 has 120 seconds left.\n|\n|t:|1699784129\n|-end|p2b: Iron Hands|Quark Drive|[silent]\n|switch|p2b: Amoonguss|Amoonguss, F|100\/100\n|-terastallize|p1b: Ogerpon|Fire\n|detailschange|p1b: Ogerpon|Ogerpon-Hearthflame-Tera, F, tera:Fire\n|-ability|p1b: Ogerpon|Embody Aspect (Hearthflame)|boost\n|-boost|p1b: Ogerpon|atk|1\n|move|p1b: Ogerpon|Ivy Cudgel|p2b: Amoonguss\n|-supereffective|p2b: Amoonguss\n|-damage|p2b: Amoonguss|0 fnt\n|faint|p2b: Amoonguss\n|move|p1a: Flutter Mane|Shadow Ball|p2a: Palafin\n|-damage|p2a: Palafin|0 fnt\n|faint|p2a: Palafin\n|\n|upkeep\n|\n|t:|1699784149\n|switch|p2a: Flutter Mane|Flutter Mane|100\/100\n|switch|p2b: Oranguru|Oranguru, F|100\/100\n|turn|7\n|inactive|DCT!Nightmare has 120 seconds left.\n|\n|t:|1699784180\n|-terastallize|p2a: Flutter Mane|Fairy\n|move|p2a: Flutter Mane|Dazzling Gleam|p1a: Flutter Mane|[spread] p1a,p1b\n|-resisted|p1b: Ogerpon\n|-damage|p1a: Flutter Mane|36\/100\n|-damage|p1b: Ogerpon|70\/100\n|-damage|p2a: Flutter Mane|91\/100|[from] item: Life Orb\n|move|p1b: Ogerpon|Ivy Cudgel|p2b: Oranguru\n|-crit|p2b: Oranguru\n|-damage|p2b: Oranguru|0 fnt\n|faint|p2b: Oranguru\n|move|p1a: Flutter Mane|Shadow Ball|p2a: Flutter Mane\n|-damage|p2a: Flutter Mane|12\/100\n|-unboost|p2a: Flutter Mane|spd|1\n|\n|upkeep\n|inactive|DCT!Nightmare has 120 seconds left.\n|\n|t:|1699784195\n|switch|p2b: Iron Hands|Iron Hands|100\/100\n|turn|8\n|inactive|DCT!Nightmare has 120 seconds left.\n|\n|t:|1699784215\n|move|p2b: Iron Hands|Fake Out|p1b: Ogerpon\n|-damage|p1b: Ogerpon|53\/100\n|move|p2a: Flutter Mane|Shadow Ball|p1a: Flutter Mane\n|-supereffective|p1a: Flutter Mane\n|-damage|p1a: Flutter Mane|0 fnt\n|faint|p1a: Flutter Mane\n|-end|p1a: Flutter Mane|Protosynthesis|[silent]\n|-damage|p2a: Flutter Mane|2\/100|[from] item: Life Orb\n|cant|p1b: Ogerpon|flinch\n|\n|upkeep\n|\n|t:|1699784224\n|switch|p1a: Chien-Pao|Chien-Pao|100\/100\n|-ability|p1a: Chien-Pao|Sword of Ruin\n|turn|9\n|\n|t:|1699784240\n|move|p2a: Flutter Mane|Draining Kiss|p1a: Chien-Pao\n|-supereffective|p1a: Chien-Pao\n|-damage|p1a: Chien-Pao|0 fnt\n|-heal|p2a: Flutter Mane|92\/100|[from] drain|[of] p1a: Chien-Pao\n|faint|p1a: Chien-Pao\n|-damage|p2a: Flutter Mane|82\/100|[from] item: Life Orb\n|move|p1b: Ogerpon|Ivy Cudgel|p2a: Flutter Mane\n|-damage|p2a: Flutter Mane|0 fnt\n|faint|p2a: Flutter Mane\n|-end|p2a: Flutter Mane|Protosynthesis|[silent]\n|move|p2b: Iron Hands|Drain Punch|p1b: Ogerpon\n|-damage|p1b: Ogerpon|3\/100\n|\n|upkeep\n|\n|t:|1699784250\n|switch|p1a: Chi-Yu|Chi-Yu|100\/100\n|-ability|p1a: Chi-Yu|Beads of Ruin\n|turn|10\n|c|\u2606Bloodpython654|Ur ded\n|\n|t:|1699784262\n|move|p1b: Ogerpon|Sunny Day|p1b: Ogerpon\n|-weather|SunnyDay\n|move|p1a: Chi-Yu|Lava Plume|p2b: Iron Hands|[spread] p1b,p2b\n|-resisted|p1b: Ogerpon\n|-damage|p1b: Ogerpon|0 fnt\n|-damage|p2b: Iron Hands|15\/100\n|faint|p1b: Ogerpon\n|move|p2b: Iron Hands|Drain Punch|p1a: Chi-Yu\n|-supereffective|p1a: Chi-Yu\n|-crit|p1a: Chi-Yu\n|-damage|p1a: Chi-Yu|0 fnt\n|-heal|p2b: Iron Hands|39\/100|[from] drain|[of] p1a: Chi-Yu\n|faint|p1a: Chi-Yu\n|\n|win|DCT!Nightmare\n|raw|Bloodpython654's rating: 1156 &rarr; <strong>1128<\/strong><br \/>(-28 for losing)\n|raw|DCT!Nightmare's rating: 1116 &rarr; <strong>1144<\/strong><br \/>(+28 for winning)\n|l|\u2606Bloodpython654\n|c|\u2606DCT!Nightmare|Yes bro I'm ded\n|c|\u2606DCT!Nightmare|But sadly you're dead\n","uploadtime":1699784306,"views":13,"p1id":"bloodpython654","p2id":"dctnightmare","formatid":"gen9doublesou","rating":1128,"private":0,"password":""}