{"id":"gen9doublesou-1993503246","p1":"S733LH34R7","p2":"trialteam98","format":"[Gen 9] Doubles OU","log":"|j|\u2606S733LH34R7\n|j|\u2606trialteam98\n|t:|1700325578\n|gametype|doubles\n|player|p1|S733LH34R7|drayden|1075\n|player|p2|trialteam98|lady-gen4|1146\n|teamsize|p1|6\n|teamsize|p2|6\n|gen|9\n|tier|[Gen 9] Doubles OU\n|rated|\n|rule|Species Clause: Limit one of each Pok\u00e9mon\n|rule|OHKO Clause: OHKO moves are banned\n|rule|Evasion Moves Clause: Evasion moves are banned\n|rule|Gravity Sleep Clause: The combination of sleep-inducing moves with imperfect accuracy and Gravity or Gigantamax Orbeetle are banned\n|rule|Endless Battle Clause: Forcing endless battles is banned\n|rule|HP Percentage Mod: HP is shown in percentages\n|clearpoke\n|poke|p1|Haxorus, M|\n|poke|p1|Dragonite, F|\n|poke|p1|Garchomp, M|\n|poke|p1|Regidrago|\n|poke|p1|Hydreigon, M|\n|poke|p1|Goodra-Hisui, F|\n|poke|p2|Armarouge, M|\n|poke|p2|Ceruledge, F|\n|poke|p2|Iron Valiant|\n|poke|p2|Indeedee-F, F|\n|poke|p2|Torkoal, F|\n|poke|p2|Roaring Moon|\n|teampreview\n|inactive|Battle timer is ON: inactive players will automatically lose when time's up. (requested by S733LH34R7)\n|\n|t:|1700325596\n|start\n|switch|p1a: Dragonite|Dragonite, F|100\/100\n|switch|p1b: Goodra|Goodra-Hisui, F|100\/100\n|switch|p2a: Torkoal|Torkoal, F|100\/100\n|switch|p2b: Roaring Moon|Roaring Moon|100\/100\n|-weather|SunnyDay|[from] ability: Drought|[of] p2a: Torkoal\n|-activate|p2b: Roaring Moon|ability: Protosynthesis\n|-start|p2b: Roaring Moon|protosynthesisatk\n|turn|1\n|\n|t:|1700325615\n|-terastallize|p1a: Dragonite|Rock\n|move|p2b: Roaring Moon|Iron Head|p1a: Dragonite\n|-supereffective|p1a: Dragonite\n|-damage|p1a: Dragonite|38\/100\n|-enditem|p1a: Dragonite|Weakness Policy\n|-boost|p1a: Dragonite|atk|2|[from] item: Weakness Policy\n|-boost|p1a: Dragonite|spa|2|[from] item: Weakness Policy\n|-damage|p2b: Roaring Moon|91\/100|[from] item: Life Orb\n|move|p1a: Dragonite|Agility|p1a: Dragonite\n|-boost|p1a: Dragonite|spe|2\n|move|p2a: Torkoal|Earth Power|p1b: Goodra\n|-supereffective|p1b: Goodra\n|-damage|p1b: Goodra|73\/100\n|move|p1b: Goodra|Surf|p2a: Torkoal|[spread] p1a,p2a,p2b\n|-supereffective|p1a: Dragonite\n|-supereffective|p2a: Torkoal\n|-resisted|p2b: Roaring Moon\n|-damage|p1a: Dragonite|19\/100\n|-damage|p2a: Torkoal|75\/100\n|-damage|p2b: Roaring Moon|87\/100\n|\n|-weather|SunnyDay|[upkeep]\n|-heal|p1b: Goodra|79\/100|[from] item: Leftovers\n|upkeep\n|turn|2\n|\n|t:|1700325640\n|move|p1a: Dragonite|Rock Slide|p2b: Roaring Moon|[spread] p2a,p2b\n|-supereffective|p2a: Torkoal\n|-damage|p2a: Torkoal|0 fnt\n|-damage|p2b: Roaring Moon|0 fnt\n|faint|p2a: Torkoal\n|faint|p2b: Roaring Moon\n|-end|p2b: Roaring Moon|Protosynthesis|[silent]\n|move|p1b: Goodra|Life Dew|p1b: Goodra|[spread] p1a,p1b\n|-heal|p1a: Dragonite|44\/100\n|-heal|p1b: Goodra|100\/100\n|\n|-weather|SunnyDay|[upkeep]\n|upkeep\n|\n|t:|1700325653\n|switch|p2b: Iron Valiant|Iron Valiant|100\/100\n|switch|p2a: Indeedee|Indeedee-F, F|100\/100\n|-fieldstart|move: Psychic Terrain|[from] ability: Psychic Surge|[of] p2a: Indeedee\n|turn|3\n|\n|t:|1700325663\n|move|p2a: Indeedee|Follow Me|p2a: Indeedee\n|-singleturn|p2a: Indeedee|move: Follow Me\n|move|p1a: Dragonite|Rock Slide|p2b: Iron Valiant|[spread] p2a,p2b\n|-resisted|p2b: Iron Valiant\n|-damage|p2a: Indeedee|0 fnt\n|-damage|p2b: Iron Valiant|57\/100\n|faint|p2a: Indeedee\n|move|p2b: Iron Valiant|Drain Punch|p1a: Dragonite\n|-supereffective|p1a: Dragonite\n|-damage|p1a: Dragonite|0 fnt\n|-heal|p2b: Iron Valiant|81\/100|[from] drain|[of] p1a: Dragonite\n|faint|p1a: Dragonite\n|-damage|p2b: Iron Valiant|71\/100|[from] item: Life Orb\n|move|p1b: Goodra|Life Dew||[still]\n|-fail|p1b: Goodra|heal\n|\n|-weather|SunnyDay|[upkeep]\n|upkeep\n|\n|t:|1700325688\n|switch|p2a: Armarouge|Armarouge, M|100\/100\n|switch|p1a: Garchomp|Garchomp, M|100\/100\n|turn|4\n|\n|t:|1700325706\n|move|p2b: Iron Valiant|Ice Punch|p1a: Garchomp\n|-supereffective|p1a: Garchomp\n|-damage|p1a: Garchomp|0 fnt\n|-damage|p2b: Iron Valiant|59\/100|[from] ability: Rough Skin|[of] p1a: Garchomp\n|faint|p1a: Garchomp\n|-damage|p2b: Iron Valiant|49\/100|[from] item: Life Orb\n|move|p2a: Armarouge|Dark Pulse|p1b: Goodra\n|-damage|p1b: Goodra|85\/100\n|move|p1b: Goodra|Flash Cannon|p2b: Iron Valiant\n|-supereffective|p2b: Iron Valiant\n|-damage|p2b: Iron Valiant|0 fnt\n|faint|p2b: Iron Valiant\n|-end|p2b: Iron Valiant|Quark Drive|[silent]\n|\n|-weather|SunnyDay|[upkeep]\n|-heal|p1b: Goodra|91\/100|[from] item: Leftovers\n|upkeep\n|\n|t:|1700325729\n|switch|p2b: Ceruledge|Ceruledge, F|100\/100\n|switch|p1a: Regidrago|Regidrago|100\/100\n|turn|5\n|\n|t:|1700325744\n|move|p2b: Ceruledge|Dragon Claw|p1a: Regidrago\n|-supereffective|p1a: Regidrago\n|-damage|p1a: Regidrago|44\/100\n|move|p1a: Regidrago|Dragon Energy|p2b: Ceruledge|[spread] p2a,p2b\n|-damage|p2a: Armarouge|64\/100\n|-damage|p2b: Ceruledge|58\/100\n|move|p2a: Armarouge|Astonish|p2b: Ceruledge\n|-supereffective|p2b: Ceruledge\n|-damage|p2b: Ceruledge|46\/100\n|-ability|p2b: Ceruledge|Weak Armor|boost\n|-unboost|p2b: Ceruledge|def|1\n|-boost|p2b: Ceruledge|spe|2\n|-enditem|p2b: Ceruledge|Weakness Policy\n|-boost|p2b: Ceruledge|atk|2|[from] item: Weakness Policy\n|-boost|p2b: Ceruledge|spa|2|[from] item: Weakness Policy\n|move|p1b: Goodra|Acid Spray|p2a: Armarouge\n|-damage|p2a: Armarouge|54\/100\n|-unboost|p2a: Armarouge|spd|2\n|\n|-weather|SunnyDay|[upkeep]\n|-heal|p1a: Regidrago|50\/100|[from] item: Leftovers\n|-heal|p1b: Goodra|97\/100|[from] item: Leftovers\n|upkeep\n|turn|6\n|inactive|S733LH34R7 has 120 seconds left.\n|\n|t:|1700325779\n|move|p2b: Ceruledge|Dragon Claw|p1a: Regidrago\n|-supereffective|p1a: Regidrago\n|-damage|p1a: Regidrago|0 fnt\n|faint|p1a: Regidrago\n|move|p2a: Armarouge|Dark Pulse|p1b: Goodra\n|-damage|p1b: Goodra|82\/100\n|move|p1b: Goodra|Life Dew|p1b: Goodra\n|-heal|p1b: Goodra|100\/100\n|\n|-weather|SunnyDay|[upkeep]\n|upkeep\n|inactive|S733LH34R7 has 120 seconds left.\n|\n|t:|1700325795\n|switch|p1a: Haxorus|Haxorus, M, shiny|100\/100\n|-ability|p1a: Haxorus|Mold Breaker\n|turn|7\n|\n|t:|1700325806\n|move|p2b: Ceruledge|Dragon Claw|p1a: Haxorus\n|-supereffective|p1a: Haxorus\n|-damage|p1a: Haxorus|0 fnt\n|faint|p1a: Haxorus\n|move|p2a: Armarouge|Dark Pulse|p1b: Goodra\n|-damage|p1b: Goodra|85\/100\n|move|p1b: Goodra|Life Dew|p1b: Goodra\n|-heal|p1b: Goodra|100\/100\n|\n|-weather|SunnyDay|[upkeep]\n|upkeep\n|inactive|S733LH34R7 has 120 seconds left.\n|\n|t:|1700325819\n|switch|p1a: Hydreigon|Hydreigon, M|100\/100\n|turn|8\n|\n|t:|1700325830\n|move|p2b: Ceruledge|Dragon Claw|p1a: Hydreigon\n|-supereffective|p1a: Hydreigon\n|-damage|p1a: Hydreigon|0 fnt\n|faint|p1a: Hydreigon\n|move|p2a: Armarouge|Dark Pulse|p1b: Goodra\n|-damage|p1b: Goodra|85\/100\n|move|p1b: Goodra|Life Dew|p1b: Goodra\n|-heal|p1b: Goodra|100\/100\n|\n|-weather|none\n|upkeep\n|turn|9\n|\n|t:|1700325844\n|move|p2b: Ceruledge|Bitter Blade|p1b: Goodra\n|-damage|p1b: Goodra|22\/100\n|-heal|p2b: Ceruledge|95\/100|[from] drain|[of] p1b: Goodra\n|move|p2a: Armarouge|Dark Pulse|p1b: Goodra\n|-damage|p1b: Goodra|8\/100\n|move|p1b: Goodra|Surf|p2b: Ceruledge|[spread] p2a,p2b\n|-supereffective|p2a: Armarouge\n|-supereffective|p2b: Ceruledge\n|-damage|p2a: Armarouge|0 fnt\n|-damage|p2b: Ceruledge|57\/100\n|faint|p2a: Armarouge\n|\n|-heal|p1b: Goodra|14\/100|[from] item: Leftovers\n|upkeep\n|turn|10\n|\n|t:|1700325873\n|move|p2b: Ceruledge|Bitter Blade|p1b: Goodra\n|-damage|p1b: Goodra|0 fnt\n|-heal|p2b: Ceruledge|65\/100|[from] drain|[of] p1b: Goodra\n|faint|p1b: Goodra\n|\n|win|trialteam98\n|raw|S733LH34R7's rating: 1075 &rarr; <strong>1058<\/strong><br \/>(-17 for losing)\n|raw|trialteam98's rating: 1146 &rarr; <strong>1166<\/strong><br \/>(+20 for winning)\n|l|\u2606S733LH34R7\n","uploadtime":1700325889,"views":7,"p1id":"s733lh34r7","p2id":"trialteam98","formatid":"gen9doublesou","rating":1058,"private":0,"password":""}