{"id":"gen9doublesou-1979278203","p1":"mahameloplatano","p2":"Yankiken","format":"[Gen 9] Doubles OU","log":"|j|\u2606mahameloplatano\n|j|\u2606Yankiken\n|t:|1698665385\n|gametype|doubles\n|player|p1|mahameloplatano|1|1433\n|player|p2|Yankiken|lady-gen4|1716\n|teamsize|p1|6\n|teamsize|p2|6\n|gen|9\n|tier|[Gen 9] Doubles OU\n|rated|\n|rule|Species Clause: Limit one of each Pok\u00e9mon\n|rule|OHKO Clause: OHKO moves are banned\n|rule|Evasion Moves Clause: Evasion moves are banned\n|rule|Gravity Sleep Clause: The combination of sleep-inducing moves with imperfect accuracy and Gravity or Gigantamax Orbeetle are banned\n|rule|Endless Battle Clause: Forcing endless battles is banned\n|rule|HP Percentage Mod: HP is shown in percentages\n|clearpoke\n|poke|p1|Glimmora, F|\n|poke|p1|Cresselia, F|\n|poke|p1|Landorus-Therian, M|\n|poke|p1|Tyranitar, M|\n|poke|p1|Meowscarada, M|\n|poke|p1|Diancie|\n|poke|p2|Flutter Mane|\n|poke|p2|Chi-Yu|\n|poke|p2|Torkoal, M|\n|poke|p2|Iron Hands|\n|poke|p2|Lilligant-Hisui, F|\n|poke|p2|Ogerpon-Cornerstone, F|\n|teampreview\n|inactive|Battle timer is ON: inactive players will automatically lose when time's up. (requested by mahameloplatano)\n|inactive|Yankiken has 120 seconds left.\n|\n|t:|1698665420\n|start\n|switch|p1a: Meowscarada|Meowscarada, M|100\/100\n|switch|p1b: Landorus|Landorus-Therian, M|100\/100\n|switch|p2a: Flutter Mane|Flutter Mane|100\/100\n|switch|p2b: Torkoal|Torkoal, M|100\/100\n|-ability|p1b: Landorus|Intimidate|boost\n|-unboost|p2a: Flutter Mane|atk|1\n|-unboost|p2b: Torkoal|atk|1\n|-weather|SunnyDay|[from] ability: Drought|[of] p2b: Torkoal\n|-activate|p2a: Flutter Mane|ability: Protosynthesis\n|-start|p2a: Flutter Mane|protosynthesisspe\n|turn|1\n|\n|t:|1698665437\n|switch|p1a: Tyranitar|Tyranitar, M|100\/100\n|-weather|Sandstorm|[from] ability: Sand Stream|[of] p1a: Tyranitar\n|-end|p2a: Flutter Mane|Protosynthesis\n|move|p2a: Flutter Mane|Protect|p2a: Flutter Mane\n|-singleturn|p2a: Flutter Mane|Protect\n|move|p1b: Landorus|Rock Slide|p2b: Torkoal|[spread] p2b\n|-activate|p2a: Flutter Mane|move: Protect\n|-supereffective|p2b: Torkoal\n|-damage|p2b: Torkoal|71\/100\n|move|p2b: Torkoal|Heat Wave|p1b: Landorus|[spread] p1a,p1b\n|-resisted|p1a: Tyranitar\n|-damage|p1a: Tyranitar|93\/100\n|-damage|p1b: Landorus|69\/100\n|\n|-weather|Sandstorm|[upkeep]\n|-damage|p2a: Flutter Mane|95\/100|[from] Sandstorm\n|-damage|p2b: Torkoal|65\/100|[from] Sandstorm\n|upkeep\n|turn|2\n|\n|t:|1698665464\n|switch|p1a: Cresselia|Cresselia, F|100\/100\n|switch|p2b: Iron Hands|Iron Hands|100\/100\n|-terastallize|p1b: Landorus|Ground\n|move|p2a: Flutter Mane|Moonblast|p1b: Landorus\n|-damage|p1b: Landorus|8\/100\n|-damage|p2a: Flutter Mane|85\/100|[from] item: Life Orb\n|move|p1b: Landorus|Earthquake|p2b: Iron Hands|[spread] p2a,p2b\n|-immune|p1a: Cresselia|[from] ability: Levitate\n|-supereffective|p2b: Iron Hands\n|-damage|p2a: Flutter Mane|0 fnt\n|-damage|p2b: Iron Hands|15\/100\n|faint|p2a: Flutter Mane\n|-end|p2a: Flutter Mane|Protosynthesis|[silent]\n|\n|-weather|Sandstorm|[upkeep]\n|-damage|p2b: Iron Hands|9\/100|[from] Sandstorm\n|upkeep\n|inactive|Yankiken has 120 seconds left.\n|\n|t:|1698665491\n|switch|p2a: Chi-Yu|Chi-Yu|100\/100\n|-ability|p2a: Chi-Yu|Beads of Ruin\n|turn|3\n|inactive|Yankiken has 120 seconds left.\n|\n|t:|1698665517\n|switch|p1b: Glimmora|Glimmora, F|100\/100\n|move|p2a: Chi-Yu|Heat Wave|p1a: Cresselia|[spread] p1a\n|-miss|p2a: Chi-Yu|p1b: Glimmora\n|-damage|p1a: Cresselia|65\/100\n|move|p1a: Cresselia|Thunderbolt|p2b: Iron Hands\n|-resisted|p2b: Iron Hands\n|-damage|p2b: Iron Hands|0 fnt\n|faint|p2b: Iron Hands\n|-end|p2b: Iron Hands|Quark Drive|[silent]\n|\n|-weather|Sandstorm|[upkeep]\n|-damage|p2a: Chi-Yu|95\/100|[from] Sandstorm\n|upkeep\n|\n|t:|1698665530\n|switch|p2b: Lilligant|Lilligant-Hisui, F|100\/100\n|turn|4\n|\n|t:|1698665542\n|switch|p1a: Landorus|Landorus-Therian, M, tera:Ground|8\/100\n|-ability|p1a: Landorus|Intimidate|boost\n|-unboost|p2a: Chi-Yu|atk|1\n|-unboost|p2b: Lilligant|atk|1\n|move|p2a: Chi-Yu|Heat Wave|p1a: Landorus|[spread] p1a,p1b\n|-resisted|p1b: Glimmora\n|-damage|p1a: Landorus|0 fnt\n|-damage|p1b: Glimmora|89\/100\n|faint|p1a: Landorus\n|move|p2b: Lilligant|Sleep Powder|p1b: Glimmora\n|-status|p1b: Glimmora|slp|[from] move: Sleep Powder\n|cant|p1b: Glimmora|slp\n|\n|-weather|Sandstorm|[upkeep]\n|-damage|p2a: Chi-Yu|89\/100|[from] Sandstorm\n|-damage|p2b: Lilligant|94\/100|[from] Sandstorm\n|upkeep\n|\n|t:|1698665556\n|switch|p1a: Meowscarada|Meowscarada, M|100\/100\n|turn|5\n|\n|t:|1698665583\n|switch|p2a: Torkoal|Torkoal, M|65\/100\n|-weather|SunnyDay|[from] ability: Drought|[of] p2a: Torkoal\n|switch|p1b: Diancie|Diancie|100\/100\n|move|p2b: Lilligant|Close Combat|p1a: Meowscarada\n|-supereffective|p1a: Meowscarada\n|-damage|p1a: Meowscarada|0 fnt\n|-unboost|p2b: Lilligant|def|1\n|-unboost|p2b: Lilligant|spd|1\n|faint|p1a: Meowscarada\n|\n|-weather|SunnyDay|[upkeep]\n|upkeep\n|inactive|mahameloplatano has 120 seconds left.\n|\n|t:|1698665605\n|switch|p1a: Cresselia|Cresselia, F|65\/100\n|turn|6\n|\n|t:|1698665615\n|move|p2b: Lilligant|Solar Blade||[still]\n|-prepare|p2b: Lilligant|Solar Blade\n|-anim|p2b: Lilligant|Solar Blade|p1b: Diancie\n|-supereffective|p1b: Diancie\n|-damage|p1b: Diancie|40\/100\n|move|p1a: Cresselia|Lunar Blessing|p1a: Cresselia|[spread] p1a,p1b\n|-heal|p1a: Cresselia|90\/100\n|-heal|p1b: Diancie|66\/100\n|move|p1b: Diancie|Diamond Storm|p2a: Torkoal|[spread] p2a,p2b\n|-supereffective|p2a: Torkoal\n|-resisted|p2b: Lilligant\n|-damage|p2a: Torkoal|16\/100\n|-damage|p2b: Lilligant|52\/100\n|move|p2a: Torkoal|Heat Wave|p1a: Cresselia|[spread] p1a,p1b\n|-resisted|p1b: Diancie\n|-damage|p1a: Cresselia|52\/100\n|-damage|p1b: Diancie|51\/100\n|\n|-weather|SunnyDay|[upkeep]\n|upkeep\n|turn|7\n|inactive|Yankiken has 120 seconds left.\n|\n|t:|1698665666\n|switch|p2a: Ogerpon|Ogerpon-Cornerstone, F|100\/100\n|move|p2b: Lilligant|Close Combat|p1a: Cresselia\n|-resisted|p1a: Cresselia\n|-damage|p1a: Cresselia|39\/100\n|-unboost|p2b: Lilligant|def|1\n|-unboost|p2b: Lilligant|spd|1\n|move|p1a: Cresselia|Lunar Blessing|p1a: Cresselia|[spread] p1a,p1b\n|-heal|p1a: Cresselia|64\/100\n|-heal|p1b: Diancie|76\/100\n|move|p1b: Diancie|Diamond Storm|p2a: Ogerpon|[spread] p2a,p2b\n|-resisted|p2b: Lilligant\n|-damage|p2a: Ogerpon|57\/100\n|-damage|p2b: Lilligant|0 fnt\n|faint|p2b: Lilligant\n|\n|-weather|SunnyDay|[upkeep]\n|upkeep\n|\n|t:|1698665671\n|switch|p2b: Chi-Yu|Chi-Yu|89\/100\n|-ability|p2b: Chi-Yu|Beads of Ruin\n|turn|8\n|\n|t:|1698665694\n|switch|p1a: Glimmora|Glimmora, F|89\/100 slp\n|move|p2b: Chi-Yu|Dark Pulse|p1a: Glimmora\n|-damage|p1a: Glimmora|53\/100 slp\n|move|p2a: Ogerpon|Power Whip|p1b: Diancie\n|-supereffective|p1b: Diancie\n|-damage|p1b: Diancie|0 fnt\n|faint|p1b: Diancie\n|\n|-weather|SunnyDay|[upkeep]\n|upkeep\n|\n|t:|1698665707\n|switch|p1b: Tyranitar|Tyranitar, M|93\/100\n|-weather|Sandstorm|[from] ability: Sand Stream|[of] p1b: Tyranitar\n|turn|9\n|\n|t:|1698665723\n|switch|p2b: Torkoal|Torkoal, M|16\/100\n|-weather|SunnyDay|[from] ability: Drought|[of] p2b: Torkoal\n|switch|p1b: Cresselia|Cresselia, F|64\/100\n|-terastallize|p2a: Ogerpon|Rock\n|detailschange|p2a: Ogerpon|Ogerpon-Cornerstone-Tera, F, tera:Rock\n|-ability|p2a: Ogerpon|Embody Aspect (Cornerstone)|boost\n|-boost|p2a: Ogerpon|def|1\n|move|p2a: Ogerpon|Power Whip|p1b: Cresselia\n|-damage|p1b: Cresselia|13\/100\n|-curestatus|p1a: Glimmora|slp|[msg]\n|move|p1a: Glimmora|Power Gem|p2b: Torkoal\n|-supereffective|p2b: Torkoal\n|-damage|p2b: Torkoal|0 fnt\n|faint|p2b: Torkoal\n|\n|-weather|SunnyDay|[upkeep]\n|upkeep\n|\n|t:|1698665727\n|switch|p2b: Chi-Yu|Chi-Yu|89\/100\n|-ability|p2b: Chi-Yu|Beads of Ruin\n|turn|10\n|\n|t:|1698665745\n|switch|p1b: Tyranitar|Tyranitar, M|93\/100\n|-weather|Sandstorm|[from] ability: Sand Stream|[of] p1b: Tyranitar\n|move|p2b: Chi-Yu|Dark Pulse|p1b: Tyranitar\n|-resisted|p1b: Tyranitar\n|-damage|p1b: Tyranitar|83\/100\n|move|p2a: Ogerpon|Ivy Cudgel|p1a: Glimmora\n|-damage|p1a: Glimmora|0 fnt\n|-activate|p1a: Glimmora|ability: Toxic Debris\n|-sidestart|p2: Yankiken|move: Toxic Spikes\n|faint|p1a: Glimmora\n|\n|-weather|Sandstorm|[upkeep]\n|-damage|p2b: Chi-Yu|83\/100|[from] Sandstorm\n|upkeep\n|\n|t:|1698665758\n|switch|p1a: Cresselia|Cresselia, F|13\/100\n|turn|11\n|\n|t:|1698665764\n|move|p2b: Chi-Yu|Dark Pulse|p1a: Cresselia\n|-supereffective|p1a: Cresselia\n|-damage|p1a: Cresselia|0 fnt\n|faint|p1a: Cresselia\n|move|p2a: Ogerpon|Power Whip|p1b: Tyranitar\n|-supereffective|p1b: Tyranitar\n|-damage|p1b: Tyranitar|0 fnt\n|faint|p1b: Tyranitar\n|\n|win|Yankiken\n|raw|mahameloplatano's rating: 1433 &rarr; <strong>1426<\/strong><br \/>(-7 for losing)\n|raw|Yankiken's rating: 1716 &rarr; <strong>1723<\/strong><br \/>(+7 for winning)\n|l|\u2606mahameloplatano\n","uploadtime":1698665772,"views":31,"p1id":"mahameloplatano","p2id":"yankiken","formatid":"gen9doublesou","rating":1426,"private":0,"password":""}