{"id":"gen9doublesou-1998006659","p1":"Kittyredheart","p2":"Elite.4.Challenger","format":"[Gen 9] Doubles OU","log":"|j|\u2606Kittyredheart\n|j|\u2606Elite.4.Challenger\n|t:|1700878134\n|gametype|doubles\n|player|p1|Kittyredheart|elesa|1384\n|player|p2|Elite.4.Challenger|rocker-gen3|1264\n|teamsize|p1|6\n|teamsize|p2|6\n|gen|9\n|tier|[Gen 9] Doubles OU\n|rated|\n|rule|Species Clause: Limit one of each Pok\u00e9mon\n|rule|OHKO Clause: OHKO moves are banned\n|rule|Evasion Moves Clause: Evasion moves are banned\n|rule|Gravity Sleep Clause: The combination of sleep-inducing moves with imperfect accuracy and Gravity or Gigantamax Orbeetle are banned\n|rule|Endless Battle Clause: Forcing endless battles is banned\n|rule|HP Percentage Mod: HP is shown in percentages\n|clearpoke\n|poke|p1|Chien-Pao|\n|poke|p1|Milotic, M|\n|poke|p1|Grimmsnarl, M|\n|poke|p1|Jirachi|\n|poke|p1|Landorus-Therian, M|\n|poke|p1|Ninetales-Alola, M|\n|poke|p2|Tornadus, M|\n|poke|p2|Dragapult, F|\n|poke|p2|Goodra-Hisui, M|\n|poke|p2|Basculegion-F, F|\n|poke|p2|Politoed, F|\n|poke|p2|Toxicroak, M|\n|teampreview\n|inactive|Battle timer is ON: inactive players will automatically lose when time's up. (requested by Kittyredheart)\n|\n|t:|1700878151\n|start\n|switch|p1a: Chicky Wicky|Grimmsnarl, M, shiny|100\/100\n|switch|p1b: Iron Fangs|Chien-Pao|100\/100\n|switch|p2a: Dragapult|Dragapult, F|100\/100\n|switch|p2b: Basculegion|Basculegion-F, F|100\/100\n|-ability|p1b: Iron Fangs|Sword of Ruin\n|turn|1\n|inactive|Elite.4.Challenger has 120 seconds left.\n|\n|t:|1700878199\n|switch|p1b: Cloud Terra|Landorus-Therian, M|100\/100\n|-ability|p1b: Cloud Terra|Intimidate|boost\n|-fail|p2a: Dragapult|unboost|[from] ability: Clear Body|[of] p2a: Dragapult\n|-unboost|p2b: Basculegion|atk|1\n|switch|p2b: Goodra|Goodra-Hisui, M|100\/100\n|move|p1a: Chicky Wicky|Thunder Wave|p2b: Goodra\n|-status|p2b: Goodra|par\n|move|p2a: Dragapult|U-turn|p1a: Chicky Wicky\n|-damage|p1a: Chicky Wicky|75\/100\n|inactive|Elite.4.Challenger has 90 seconds left.\n|\n|t:|1700878229\n|switch|p2a: Tornadus|Tornadus, M|100\/100|[from] U-turn\n|\n|upkeep\n|turn|2\n|\n|t:|1700878234\n|move|p2a: Tornadus|Tailwind|p2a: Tornadus\n|-sidestart|p2: Elite.4.Challenger|move: Tailwind\n|move|p1a: Chicky Wicky|Thunder Wave|p2a: Tornadus\n|-status|p2a: Tornadus|par\n|move|p1b: Cloud Terra|Stealth Rock|p2a: Tornadus\n|-sidestart|p2: Elite.4.Challenger|move: Stealth Rock\n|move|p2b: Goodra|Acid Armor|p2b: Goodra\n|-boost|p2b: Goodra|def|2\n|\n|upkeep\n|turn|3\n|inactive|Elite.4.Challenger has 120 seconds left.\n|\n|t:|1700878255\n|move|p1a: Chicky Wicky|Parting Shot|p2b: Goodra\n|-unboost|p2b: Goodra|atk|1\n|-unboost|p2b: Goodra|spa|1\n|\n|t:|1700878261\n|switch|p1a: Iron North|Ninetales-Alola, M|100\/100|[from] Parting Shot\n|-weather|Snow|[from] ability: Snow Warning|[of] p1a: Iron North\n|cant|p2a: Tornadus|par\n|move|p1b: Cloud Terra|Rock Slide|p2a: Tornadus|[spread] p2a,p2b\n|-supereffective|p2a: Tornadus\n|-resisted|p2b: Goodra\n|-damage|p2a: Tornadus|24\/100 par\n|-damage|p2b: Goodra|97\/100 par\n|cant|p2b: Goodra|flinch\n|\n|-weather|Snow|[upkeep]\n|upkeep\n|turn|4\n|\n|t:|1700878286\n|switch|p2a: Politoed|Politoed, F|100\/100\n|-damage|p2a: Politoed|88\/100|[from] Stealth Rock\n|-weather|RainDance|[from] ability: Drizzle|[of] p2a: Politoed\n|move|p1a: Iron North|Aurora Veil||[still]\n|-fail|p1a: Iron North\n|move|p1b: Cloud Terra|Rock Slide|p2b: Goodra|[spread] p2a,p2b\n|-resisted|p2b: Goodra\n|-damage|p2a: Politoed|62\/100\n|-damage|p2b: Goodra|93\/100 par\n|-enditem|p2a: Politoed|Eject Button\n|inactive|Elite.4.Challenger has 120 seconds left.\n|\n|t:|1700878304\n|switch|p2a: Tornadus|Tornadus, M|24\/100 par\n|-damage|p2a: Tornadus|0 fnt|[from] Stealth Rock\n|faint|p2a: Tornadus\n|move|p2b: Goodra|Heavy Slam|p1a: Iron North\n|-supereffective|p1a: Iron North\n|-damage|p1a: Iron North|0 fnt\n|faint|p1a: Iron North\n|\n|-weather|RainDance|[upkeep]\n|upkeep\n|inactive|Elite.4.Challenger has 120 seconds left.\n|\n|t:|1700878329\n|switch|p1a: Chicky Wicky|Grimmsnarl, M, shiny|75\/100\n|switch|p2a: Basculegion|Basculegion-F, F|100\/100\n|-damage|p2a: Basculegion|88\/100|[from] Stealth Rock\n|turn|5\n|\n|t:|1700878338\n|switch|p1b: Aqua Marine|Milotic, M|100\/100\n|move|p1a: Chicky Wicky|Thunder Wave|p2a: Basculegion\n|-status|p2a: Basculegion|par\n|move|p2a: Basculegion|Surf|p1b: Aqua Marine|[spread] p2b,p1a,p1b\n|-resisted|p2b: Goodra\n|-resisted|p1b: Aqua Marine\n|-damage|p2b: Goodra|71\/100 par\n|-damage|p1a: Chicky Wicky|12\/100\n|-damage|p1b: Aqua Marine|79\/100\n|move|p2b: Goodra|Heavy Slam|p1a: Chicky Wicky\n|-supereffective|p1a: Chicky Wicky\n|-damage|p1a: Chicky Wicky|0 fnt\n|faint|p1a: Chicky Wicky\n|\n|-weather|RainDance|[upkeep]\n|-sideend|p2: Elite.4.Challenger|move: Tailwind\n|upkeep\n|\n|t:|1700878353\n|switch|p1a: Cloud Terra|Landorus-Therian, M|100\/100\n|-ability|p1a: Cloud Terra|Intimidate|boost\n|-unboost|p2a: Basculegion|atk|1\n|-unboost|p2b: Goodra|atk|1\n|turn|6\n|\n|t:|1700878369\n|move|p2a: Basculegion|Surf|p1b: Aqua Marine|[spread] p2b,p1a,p1b\n|-resisted|p2b: Goodra\n|-supereffective|p1a: Cloud Terra\n|-resisted|p1b: Aqua Marine\n|-damage|p2b: Goodra|49\/100 par\n|-damage|p1a: Cloud Terra|0 fnt\n|-damage|p1b: Aqua Marine|56\/100\n|faint|p1a: Cloud Terra\n|move|p1b: Aqua Marine|Coil|p1b: Aqua Marine\n|-boost|p1b: Aqua Marine|atk|1\n|-boost|p1b: Aqua Marine|def|1\n|-boost|p1b: Aqua Marine|accuracy|1\n|move|p2b: Goodra|Dragon Tail|p1b: Aqua Marine\n|-damage|p1b: Aqua Marine|49\/100\n|drag|p1b: Iron Fangs|Chien-Pao|100\/100\n|-ability|p1b: Iron Fangs|Sword of Ruin\n|\n|-weather|RainDance|[upkeep]\n|upkeep\n|\n|t:|1700878381\n|switch|p1a: Aqua Marine|Milotic, M|49\/100\n|turn|7\n|\n|t:|1700878398\n|move|p1b: Iron Fangs|Throat Chop|p2a: Basculegion\n|-supereffective|p2a: Basculegion\n|-damage|p2a: Basculegion|0 fnt\n|faint|p2a: Basculegion\n|move|p1a: Aqua Marine|Coil|p1a: Aqua Marine\n|-boost|p1a: Aqua Marine|atk|1\n|-boost|p1a: Aqua Marine|def|1\n|-boost|p1a: Aqua Marine|accuracy|1\n|move|p2b: Goodra|Heavy Slam|p1b: Iron Fangs\n|-supereffective|p1b: Iron Fangs\n|-damage|p1b: Iron Fangs|73\/100\n|\n|-weather|RainDance|[upkeep]\n|upkeep\n|\n|t:|1700878414\n|switch|p2a: Toxicroak|Toxicroak, M, shiny|100\/100\n|-damage|p2a: Toxicroak|94\/100|[from] Stealth Rock\n|turn|8\n|inactive|Elite.4.Challenger has 120 seconds left.\n|\n|t:|1700878467\n|-terastallize|p1a: Aqua Marine|Fairy\n|move|p2a: Toxicroak|Fake Out|p1a: Aqua Marine\n|-damage|p1a: Aqua Marine|35\/100\n|-damage|p2a: Toxicroak|85\/100|[from] item: Life Orb\n|move|p1b: Iron Fangs|Throat Chop|p2b: Goodra\n|-damage|p2b: Goodra|19\/100 par\n|-start|p2b: Goodra|Throat Chop|[silent]\n|-enditem|p2b: Goodra|Iapapa Berry|[eat]\n|-heal|p2b: Goodra|52\/100 par|[from] item: Iapapa Berry\n|cant|p1a: Aqua Marine|flinch\n|cant|p2b: Goodra|par\n|\n|-weather|none\n|upkeep\n|turn|9\n|inactive|Elite.4.Challenger has 120 seconds left.\n|inactive|Kittyredheart has 120 seconds left.\n|\n|t:|1700878499\n|switch|p2b: Politoed|Politoed, F|62\/100\n|-damage|p2b: Politoed|49\/100|[from] Stealth Rock\n|-weather|RainDance|[from] ability: Drizzle|[of] p2b: Politoed\n|move|p1b: Iron Fangs|Throat Chop|p2a: Toxicroak\n|-resisted|p2a: Toxicroak\n|-damage|p2a: Toxicroak|27\/100\n|-start|p2a: Toxicroak|Throat Chop|[silent]\n|move|p2a: Toxicroak|Close Combat|p1b: Iron Fangs\n|-supereffective|p1b: Iron Fangs\n|-damage|p1b: Iron Fangs|0 fnt\n|-unboost|p2a: Toxicroak|def|1\n|-unboost|p2a: Toxicroak|spd|1\n|faint|p1b: Iron Fangs\n|-damage|p2a: Toxicroak|18\/100|[from] item: Life Orb\n|move|p1a: Aqua Marine|Rest|p1a: Aqua Marine\n|-status|p1a: Aqua Marine|slp|[from] move: Rest\n|-heal|p1a: Aqua Marine|100\/100 slp|[silent]\n|-enditem|p1a: Aqua Marine|Chesto Berry|[eat]\n|-curestatus|p1a: Aqua Marine|slp|[msg]\n|\n|-weather|RainDance|[upkeep]\n|-heal|p2a: Toxicroak|30\/100|[from] ability: Dry Skin\n|upkeep\n|inactive|Kittyredheart has 120 seconds left.\n|\n|t:|1700878509\n|switch|p1b: Iron Wish|Jirachi|100\/100\n|turn|10\n|inactive|Elite.4.Challenger has 120 seconds left.\n|inactive|Elite.4.Challenger has 90 seconds left.\n|inactive|Elite.4.Challenger has 60 seconds left.\n|\n|t:|1700878592\n|switch|p2a: Goodra|Goodra-Hisui, M|52\/100 par\n|-damage|p2a: Goodra|46\/100 par|[from] Stealth Rock\n|move|p1b: Iron Wish|Stored Power|p2a: Goodra\n|-resisted|p2a: Goodra\n|-crit|p2a: Goodra\n|-damage|p2a: Goodra|43\/100 par\n|move|p1a: Aqua Marine|Coil|p1a: Aqua Marine\n|-boost|p1a: Aqua Marine|atk|1\n|-boost|p1a: Aqua Marine|def|1\n|-boost|p1a: Aqua Marine|accuracy|1\n|move|p2b: Politoed|Icy Wind|p1a: Aqua Marine|[spread] p1b\n|-miss|p2b: Politoed|p1a: Aqua Marine\n|-resisted|p1b: Iron Wish\n|-damage|p1b: Iron Wish|97\/100\n|-unboost|p1b: Iron Wish|spe|1\n|\n|-weather|RainDance|[upkeep]\n|-heal|p1b: Iron Wish|100\/100|[from] item: Leftovers\n|upkeep\n|turn|11\n|inactive|Elite.4.Challenger has 60 seconds left.\n|\n|t:|1700878619\n|move|p1a: Aqua Marine|Scald|p2a: Goodra\n|-resisted|p2a: Goodra\n|-damage|p2a: Goodra|30\/100 par\n|move|p2b: Politoed|Icy Wind|p1b: Iron Wish|[spread] p1a\n|-miss|p2b: Politoed|p1b: Iron Wish\n|-damage|p1a: Aqua Marine|94\/100\n|-unboost|p1a: Aqua Marine|spe|1\n|-ability|p1a: Aqua Marine|Competitive|boost\n|-boost|p1a: Aqua Marine|spa|2\n|move|p1b: Iron Wish|Fire Punch|p2a: Goodra\n|-damage|p2a: Goodra|24\/100 par\n|move|p2a: Goodra|Dragon Tail|p1a: Aqua Marine\n|-immune|p1a: Aqua Marine\n|\n|-weather|RainDance|[upkeep]\n|upkeep\n|turn|12\n|inactive|Elite.4.Challenger has 60 seconds left.\n|\n|t:|1700878642\n|move|p2b: Politoed|Icy Wind|p1b: Iron Wish|[spread] p1a,p1b\n|-resisted|p1b: Iron Wish\n|-damage|p1a: Aqua Marine|88\/100\n|-damage|p1b: Iron Wish|98\/100\n|-unboost|p1a: Aqua Marine|spe|1\n|-ability|p1a: Aqua Marine|Competitive|boost\n|-boost|p1a: Aqua Marine|spa|2\n|-unboost|p1b: Iron Wish|spe|1\n|move|p1b: Iron Wish|Cosmic Power|p1b: Iron Wish\n|-boost|p1b: Iron Wish|def|1\n|-boost|p1b: Iron Wish|spd|1\n|move|p1a: Aqua Marine|Scald|p2a: Goodra\n|-resisted|p2a: Goodra\n|-damage|p2a: Goodra|0 fnt\n|faint|p2a: Goodra\n|\n|-weather|RainDance|[upkeep]\n|-heal|p1b: Iron Wish|100\/100|[from] item: Leftovers\n|upkeep\n|inactive|Elite.4.Challenger has 60 seconds left.\n|\n|t:|1700878661\n|switch|p2a: Toxicroak|Toxicroak, M, shiny|30\/100\n|-damage|p2a: Toxicroak|24\/100|[from] Stealth Rock\n|turn|13\n|inactive|Elite.4.Challenger has 60 seconds left.\n|\n|t:|1700878691\n|move|p2a: Toxicroak|Poison Jab|p1a: Aqua Marine\n|-supereffective|p1a: Aqua Marine\n|-damage|p1a: Aqua Marine|36\/100\n|-status|p1a: Aqua Marine|psn\n|-damage|p2a: Toxicroak|14\/100|[from] item: Life Orb\n|move|p2b: Politoed|Surf|p1a: Aqua Marine|[spread] p1a,p1b\n|-heal|p2a: Toxicroak|39\/100|[from] ability: Dry Skin|[of] p2b: Politoed\n|-damage|p1a: Aqua Marine|13\/100 psn\n|-damage|p1b: Iron Wish|85\/100\n|move|p1b: Iron Wish|Cosmic Power|p1b: Iron Wish\n|-boost|p1b: Iron Wish|def|1\n|-boost|p1b: Iron Wish|spd|1\n|move|p1a: Aqua Marine|Hypnosis|p2a: Toxicroak\n|-status|p2a: Toxicroak|slp|[from] move: Hypnosis\n|\n|-weather|none\n|-heal|p1b: Iron Wish|91\/100|[from] item: Leftovers\n|-damage|p1a: Aqua Marine|1\/100 psn|[from] psn\n|upkeep\n|turn|14\n|inactive|Elite.4.Challenger has 60 seconds left.\n|\n|t:|1700878716\n|cant|p2a: Toxicroak|slp\n|move|p2b: Politoed|Surf|p1a: Aqua Marine|[spread] p1a,p1b\n|-heal|p2a: Toxicroak|64\/100 slp|[from] ability: Dry Skin|[of] p2b: Politoed\n|-damage|p1a: Aqua Marine|0 fnt\n|-damage|p1b: Iron Wish|84\/100\n|faint|p1a: Aqua Marine\n|move|p1b: Iron Wish|Stored Power|p2a: Toxicroak\n|-supereffective|p2a: Toxicroak\n|-damage|p2a: Toxicroak|0 fnt\n|faint|p2a: Toxicroak\n|\n|-heal|p1b: Iron Wish|90\/100|[from] item: Leftovers\n|upkeep\n|\n|t:|1700878732\n|switch|p2a: Dragapult|Dragapult, F|100\/100\n|-damage|p2a: Dragapult|88\/100|[from] Stealth Rock\n|turn|15\n|inactive|Elite.4.Challenger has 60 seconds left.\n|\n|t:|1700878753\n|move|p2a: Dragapult|Phantom Force||[still]\n|-prepare|p2a: Dragapult|Phantom Force\n|move|p2b: Politoed|Surf|p1b: Iron Wish|[spread] p1b\n|-miss|p2b: Politoed|p2a: Dragapult\n|-damage|p1b: Iron Wish|81\/100\n|move|p1b: Iron Wish|Wish|p1b: Iron Wish\n|\n|-heal|p1b: Iron Wish|87\/100|[from] item: Leftovers\n|upkeep\n|turn|16\n|inactive|Elite.4.Challenger has 60 seconds left.\n|\n|t:|1700878764\n|move|p2b: Politoed|Helping Hand|p2a: Dragapult\n|-singleturn|p2a: Dragapult|Helping Hand|[of] p2b: Politoed\n|move|p2a: Dragapult|Phantom Force|p1b: Iron Wish|[from]lockedmove\n|-supereffective|p1b: Iron Wish\n|-damage|p1b: Iron Wish|29\/100\n|move|p1b: Iron Wish|Cosmic Power|p1b: Iron Wish\n|-boost|p1b: Iron Wish|def|1\n|-boost|p1b: Iron Wish|spd|1\n|\n|-heal|p1b: Iron Wish|79\/100|[from] move: Wish|[wisher] Iron Wish\n|-heal|p1b: Iron Wish|85\/100|[from] item: Leftovers\n|upkeep\n|turn|17\n|\n|t:|1700878777\n|move|p2a: Dragapult|Phantom Force||[still]\n|-prepare|p2a: Dragapult|Phantom Force\n|move|p2b: Politoed|Surf|p1b: Iron Wish|[spread] p1b\n|-miss|p2b: Politoed|p2a: Dragapult\n|-damage|p1b: Iron Wish|79\/100\n|move|p1b: Iron Wish|Wish|p1b: Iron Wish\n|\n|-heal|p1b: Iron Wish|85\/100|[from] item: Leftovers\n|upkeep\n|turn|18\n|inactive|Elite.4.Challenger has 90 seconds left.\n|\n|t:|1700878787\n|move|p2b: Politoed|Helping Hand|p2a: Dragapult\n|-singleturn|p2a: Dragapult|Helping Hand|[of] p2b: Politoed\n|move|p2a: Dragapult|Phantom Force|p1b: Iron Wish|[from]lockedmove\n|-supereffective|p1b: Iron Wish\n|-damage|p1b: Iron Wish|37\/100\n|move|p1b: Iron Wish|Cosmic Power|p1b: Iron Wish\n|-boost|p1b: Iron Wish|def|1\n|-boost|p1b: Iron Wish|spd|1\n|\n|-heal|p1b: Iron Wish|87\/100|[from] move: Wish|[wisher] Iron Wish\n|-heal|p1b: Iron Wish|93\/100|[from] item: Leftovers\n|upkeep\n|turn|19\n|inactive|Elite.4.Challenger has 90 seconds left.\n|\n|t:|1700878815\n|move|p2a: Dragapult|Phantom Force||[still]\n|-prepare|p2a: Dragapult|Phantom Force\n|move|p2b: Politoed|Surf|p1b: Iron Wish|[spread] p1b\n|-miss|p2b: Politoed|p2a: Dragapult\n|-damage|p1b: Iron Wish|88\/100\n|move|p1b: Iron Wish|Wish|p1b: Iron Wish\n|\n|-heal|p1b: Iron Wish|94\/100|[from] item: Leftovers\n|upkeep\n|turn|20\n|\n|t:|1700878822\n|move|p2b: Politoed|Helping Hand|p2a: Dragapult\n|-singleturn|p2a: Dragapult|Helping Hand|[of] p2b: Politoed\n|move|p2a: Dragapult|Phantom Force|p1b: Iron Wish|[from]lockedmove\n|-supereffective|p1b: Iron Wish\n|-damage|p1b: Iron Wish|53\/100\n|move|p1b: Iron Wish|Cosmic Power|p1b: Iron Wish\n|-boost|p1b: Iron Wish|def|1\n|-boost|p1b: Iron Wish|spd|1\n|\n|-heal|p1b: Iron Wish|100\/100|[from] move: Wish|[wisher] Iron Wish\n|upkeep\n|turn|21\n|\n|t:|1700878833\n|move|p2a: Dragapult|Phantom Force||[still]\n|-prepare|p2a: Dragapult|Phantom Force\n|move|p2b: Politoed|Surf|p1b: Iron Wish|[spread] p1b\n|-miss|p2b: Politoed|p2a: Dragapult\n|-damage|p1b: Iron Wish|95\/100\n|move|p1b: Iron Wish|Wish|p1b: Iron Wish\n|\n|-heal|p1b: Iron Wish|100\/100|[from] item: Leftovers\n|upkeep\n|turn|22\n|\n|t:|1700878842\n|move|p2b: Politoed|Helping Hand|p2a: Dragapult\n|-singleturn|p2a: Dragapult|Helping Hand|[of] p2b: Politoed\n|move|p2a: Dragapult|Phantom Force|p1b: Iron Wish|[from]lockedmove\n|-supereffective|p1b: Iron Wish\n|-crit|p1b: Iron Wish\n|-damage|p1b: Iron Wish|0 fnt\n|faint|p1b: Iron Wish\n|\n|win|Elite.4.Challenger\n|raw|Kittyredheart's rating: 1384 &rarr; <strong>1357<\/strong><br \/>(-27 for losing)\n|raw|Elite.4.Challenger's rating: 1264 &rarr; <strong>1297<\/strong><br \/>(+33 for winning)\n|l|\u2606Kittyredheart\n","uploadtime":1700878904,"views":11,"p1id":"kittyredheart","p2id":"elite4challenger","formatid":"gen9doublesou","rating":1297,"private":0,"password":""}