{"id":"gen9doublesou-1991907032","p1":"Blue Syrius","p2":"edeconti03","format":"[Gen 9] Doubles OU","log":"|j|\u2606Blue Syrius\n|j|\u2606edeconti03\n|t:|1700136571\n|gametype|doubles\n|player|p1|Blue Syrius|ninjaboy|1349\n|player|p2|edeconti03|bugcatcher-gen4dp|1257\n|teamsize|p1|6\n|teamsize|p2|6\n|gen|9\n|tier|[Gen 9] Doubles OU\n|rated|\n|rule|Species Clause: Limit one of each Pok\u00e9mon\n|rule|OHKO Clause: OHKO moves are banned\n|rule|Evasion Moves Clause: Evasion moves are banned\n|rule|Gravity Sleep Clause: The combination of sleep-inducing moves with imperfect accuracy and Gravity or Gigantamax Orbeetle are banned\n|rule|Endless Battle Clause: Forcing endless battles is banned\n|rule|HP Percentage Mod: HP is shown in percentages\n|clearpoke\n|poke|p1|Sableye, F|\n|poke|p1|Chien-Pao|\n|poke|p1|Garchomp, M|\n|poke|p1|Tornadus, M|\n|poke|p1|Flutter Mane|\n|poke|p1|Chi-Yu|\n|poke|p2|Hatterene, F|\n|poke|p2|Indeedee-F, F|\n|poke|p2|Brute Bonnet|\n|poke|p2|Ursaluna, F|\n|poke|p2|Gardevoir, F|\n|poke|p2|Slowbro, F|\n|teampreview\n|inactive|Battle timer is ON: inactive players will automatically lose when time's up. (requested by edeconti03)\n|\n|t:|1700136576\n|start\n|switch|p1a: Psyshock|Flutter Mane|100\/100\n|switch|p1b: Protect|Chi-Yu|100\/100\n|switch|p2a: Seed enjoyer|Hatterene, F|100\/100\n|switch|p2b: Step sis|Indeedee-F, F|100\/100\n|-ability|p1b: Protect|Beads of Ruin\n|-fieldstart|move: Psychic Terrain|[from] ability: Psychic Surge|[of] p2b: Step sis\n|-enditem|p2a: Seed enjoyer|Psychic Seed\n|-boost|p2a: Seed enjoyer|spd|1|[from] item: Psychic Seed\n|-enditem|p1a: Psyshock|Booster Energy\n|-activate|p1a: Psyshock|ability: Protosynthesis|[fromitem]\n|-start|p1a: Psyshock|protosynthesisspa\n|turn|1\n|\n|t:|1700136602\n|move|p1b: Protect|Snarl|p2b: Step sis|[spread] p2a,p2b\n|-supereffective|p2b: Step sis\n|-damage|p2a: Seed enjoyer|80\/100\n|-damage|p2b: Step sis|44\/100\n|-unboost|p2a: Seed enjoyer|spa|1\n|-unboost|p2b: Step sis|spa|1\n|move|p1a: Psyshock|Shadow Ball|p2a: Seed enjoyer\n|-supereffective|p2a: Seed enjoyer\n|-damage|p2a: Seed enjoyer|0 fnt\n|faint|p2a: Seed enjoyer\n|move|p2b: Step sis|Shadow Ball|p1a: Psyshock\n|-supereffective|p1a: Psyshock\n|-damage|p1a: Psyshock|56\/100\n|\n|upkeep\n|\n|t:|1700136615\n|switch|p2a: Acoustic|Slowbro, F|100\/100\n|turn|2\n|\n|t:|1700136627\n|-terastallize|p1a: Psyshock|Dark\n|-terastallize|p2a: Acoustic|Fairy\n|move|p1b: Protect|Snarl|p2a: Acoustic|[spread] p2a,p2b\n|-resisted|p2a: Acoustic\n|-crit|p2a: Acoustic\n|-supereffective|p2b: Step sis\n|-damage|p2a: Acoustic|77\/100\n|-damage|p2b: Step sis|0 fnt\n|-unboost|p2a: Acoustic|spa|1\n|faint|p2b: Step sis\n|move|p1a: Psyshock|Shadow Ball|p2a: Acoustic\n|-damage|p2a: Acoustic|0 fnt\n|faint|p2a: Acoustic\n|\n|upkeep\n|\n|t:|1700136641\n|switch|p2b: Mommy|Gardevoir, F|100\/100\n|switch|p2a: Fun Guy|Brute Bonnet|100\/100\n|-ability|p2b: Mommy|Beads of Ruin\n|-ability|p2b: Mommy|Beads of Ruin|[from] ability: Trace|[of] p1b: Protect\n|-enditem|p2a: Fun Guy|Booster Energy\n|-activate|p2a: Fun Guy|ability: Protosynthesis|[fromitem]\n|-start|p2a: Fun Guy|protosynthesisatk\n|turn|3\n|\n|t:|1700136663\n|switch|p1b: Will-O-Wisp|Sableye, F, shiny|100\/100\n|move|p1a: Psyshock|Protect|p1a: Psyshock\n|-singleturn|p1a: Psyshock|Protect\n|move|p2b: Mommy|Dazzling Gleam|p1a: Psyshock|[spread] p1b\n|-activate|p1a: Psyshock|move: Protect\n|-supereffective|p1b: Will-O-Wisp\n|-damage|p1b: Will-O-Wisp|0 fnt\n|faint|p1b: Will-O-Wisp\n|-damage|p2b: Mommy|90\/100|[from] item: Life Orb\n|move|p2a: Fun Guy|Close Combat|p1a: Psyshock\n|-activate|p1a: Psyshock|move: Protect\n|\n|upkeep\n|\n|t:|1700136676\n|switch|p1b: Protect|Chi-Yu|100\/100\n|-ability|p1b: Protect|Beads of Ruin\n|turn|4\n|\n|t:|1700136697\n|move|p1b: Protect|Heat Wave|p2b: Mommy|[spread] p2b\n|-miss|p1b: Protect|p2a: Fun Guy\n|-damage|p2b: Mommy|58\/100\n|move|p1a: Psyshock|Shadow Ball|p2b: Mommy\n|-supereffective|p2b: Mommy\n|-damage|p2b: Mommy|0 fnt\n|faint|p2b: Mommy\n|move|p2a: Fun Guy|Close Combat|p1a: Psyshock\n|-supereffective|p1a: Psyshock\n|-damage|p1a: Psyshock|0 fnt\n|-unboost|p2a: Fun Guy|def|1\n|-unboost|p2a: Fun Guy|spd|1\n|faint|p1a: Psyshock\n|-end|p1a: Psyshock|Protosynthesis|[silent]\n|\n|upkeep\n|\n|t:|1700136712\n|switch|p1a: Swords Dance|Chien-Pao|100\/100\n|switch|p2b: Winnie|Ursaluna, F|100\/100\n|-ability|p1a: Swords Dance|Sword of Ruin\n|turn|5\n|\n|t:|1700136731\n|move|p1b: Protect|Heat Wave|p2b: Winnie|[spread] p2a,p2b\n|-supereffective|p2a: Fun Guy\n|-crit|p2b: Winnie\n|-damage|p2a: Fun Guy|0 fnt\n|-damage|p2b: Winnie|36\/100\n|faint|p2a: Fun Guy\n|-end|p2a: Fun Guy|Protosynthesis|[silent]\n|move|p1a: Swords Dance|Sacred Sword|p2b: Winnie\n|-supereffective|p2b: Winnie\n|-damage|p2b: Winnie|0 fnt\n|faint|p2b: Winnie\n|\n|win|Blue Syrius\n|raw|Blue Syrius's rating: 1349 &rarr; <strong>1364<\/strong><br \/>(+15 for winning)\n|raw|edeconti03's rating: 1257 &rarr; <strong>1238<\/strong><br \/>(-19 for losing)\n|l|\u2606edeconti03\n","uploadtime":1700136743,"views":6,"p1id":"bluesyrius","p2id":"edeconti03","formatid":"gen9doublesou","rating":1238,"private":0,"password":""}