{"id":"gen9doublesou-1973681592","p1":"Nwolc","p2":"Kurs8it","format":"[Gen 9] Doubles OU","log":"|j|\u2606Nwolc\n|j|\u2606Kurs8it\n|t:|1698002862\n|gametype|doubles\n|player|p1|Nwolc|erika|1239\n|player|p2|Kurs8it|102|1209\n|teamsize|p1|6\n|teamsize|p2|6\n|gen|9\n|tier|[Gen 9] Doubles OU\n|rated|\n|rule|Species Clause: Limit one of each Pok\u00e9mon\n|rule|OHKO Clause: OHKO moves are banned\n|rule|Evasion Moves Clause: Evasion moves are banned\n|rule|Gravity Sleep Clause: The combination of sleep-inducing moves with imperfect accuracy and Gravity or Gigantamax Orbeetle are banned\n|rule|Endless Battle Clause: Forcing endless battles is banned\n|rule|HP Percentage Mod: HP is shown in percentages\n|clearpoke\n|poke|p1|Ogerpon-Hearthflame, F|\n|poke|p1|Lilligant-Hisui, F|\n|poke|p1|Torkoal, M|\n|poke|p1|Thundurus, M|\n|poke|p1|Flutter Mane|\n|poke|p1|Landorus-Therian, M|\n|poke|p2|Vaporeon, M|\n|poke|p2|Hariyama, M|\n|poke|p2|Gastrodon, M|\n|poke|p2|Goodra-Hisui, M|\n|poke|p2|Dragapult, F|\n|poke|p2|Toxicroak, M|\n|teampreview\n|inactive|Battle timer is ON: inactive players will automatically lose when time's up. (requested by Kurs8it)\n|\n|t:|1698002872\n|start\n|switch|p1a: Koji|Lilligant-Hisui, F|100\/100\n|switch|p1b: Cowbit|Torkoal, M|100\/100\n|switch|p2a: Dragapult|Dragapult, F|100\/100\n|switch|p2b: Goodra|Goodra-Hisui, M|100\/100\n|-weather|SunnyDay|[from] ability: Drought|[of] p1b: Cowbit\n|turn|1\n|c|\u2606Nwolc|glhf\n|\n|t:|1698002893\n|move|p1a: Koji|After You|p1b: Cowbit\n|-activate|p1b: Cowbit|move: After You\n|move|p1b: Cowbit|Eruption|p2b: Goodra|[spread] p2a,p2b\n|-resisted|p2a: Dragapult\n|-damage|p2a: Dragapult|42\/100\n|-damage|p2b: Goodra|59\/100\n|move|p2a: Dragapult|Fire Blast|p1a: Koji|[miss]\n|-miss|p2a: Dragapult|p1a: Koji\n|move|p2b: Goodra|Dragon Tail|p1b: Cowbit\n|-damage|p1b: Cowbit|85\/100\n|drag|p1b: Level4|Thundurus, M, shiny|100\/100\n|\n|-weather|SunnyDay|[upkeep]\n|upkeep\n|turn|2\n|inactive|Nwolc has 120 seconds left.\n|inactive|Kurs8it has 120 seconds left.\n|\n|t:|1698002939\n|move|p1a: Koji|Solar Blade||[still]\n|-prepare|p1a: Koji|Solar Blade\n|-anim|p1a: Koji|Solar Blade|p2a: Dragapult\n|-resisted|p2a: Dragapult\n|-damage|p2a: Dragapult|0 fnt\n|faint|p2a: Dragapult\n|move|p1b: Level4|Thunderbolt|p2b: Goodra\n|-resisted|p2b: Goodra\n|-damage|p2b: Goodra|52\/100\n|move|p2b: Goodra|Dragon Tail|p1a: Koji\n|-damage|p1a: Koji|70\/100\n|drag|p1a: Gum|Ogerpon-Hearthflame, F|100\/100\n|-ability|p1a: Gum|Mold Breaker\n|\n|-weather|SunnyDay|[upkeep]\n|upkeep\n|inactive|Kurs8it has 120 seconds left.\n|\n|t:|1698002950\n|switch|p2a: Toxicroak|Toxicroak, M|100\/100\n|turn|3\n|\n|t:|1698002965\n|move|p1b: Level4|Thunder Wave|p2a: Toxicroak\n|-status|p2a: Toxicroak|par\n|move|p1a: Gum|Ivy Cudgel|p2b: Goodra\n|-damage|p2b: Goodra|0 fnt\n|faint|p2b: Goodra\n|cant|p2a: Toxicroak|par\n|\n|-weather|SunnyDay|[upkeep]\n|-damage|p2a: Toxicroak|88\/100 par|[from] ability: Dry Skin|[of] p2a: Toxicroak\n|upkeep\n|\n|t:|1698002973\n|switch|p2b: Gastrodon|Gastrodon, M|100\/100\n|turn|4\n|\n|t:|1698002980\n|move|p1a: Gum|Wood Hammer|p2b: Gastrodon\n|-supereffective|p2b: Gastrodon\n|-damage|p2b: Gastrodon|0 fnt\n|faint|p2b: Gastrodon\n|-damage|p1a: Gum|61\/100|[from] Recoil\n|move|p1b: Level4|Thunderbolt|p2a: Toxicroak\n|-damage|p2a: Toxicroak|45\/100 par\n|-enditem|p2a: Toxicroak|Sitrus Berry|[eat]\n|-heal|p2a: Toxicroak|70\/100 par|[from] item: Sitrus Berry\n|move|p2a: Toxicroak|Gunk Shot|p1a: Gum\n|-supereffective|p1a: Gum\n|-damage|p1a: Gum|0 fnt\n|faint|p1a: Gum\n|\n|-weather|SunnyDay|[upkeep]\n|-damage|p2a: Toxicroak|58\/100 par|[from] ability: Dry Skin|[of] p2a: Toxicroak\n|upkeep\n|\n|t:|1698002997\n|switch|p1a: Koji|Lilligant-Hisui, F|70\/100\n|switch|p2b: Hariyama|Hariyama, M, shiny|100\/100\n|turn|5\n|\n|t:|1698003007\n|move|p1b: Level4|Thunder Wave|p2b: Hariyama\n|-status|p2b: Hariyama|par\n|move|p1a: Koji|Solar Blade||[still]\n|-prepare|p1a: Koji|Solar Blade\n|-anim|p1a: Koji|Solar Blade|p2b: Hariyama\n|-damage|p2b: Hariyama|46\/100 par\n|-enditem|p2b: Hariyama|Sitrus Berry|[eat]\n|-heal|p2b: Hariyama|71\/100 par|[from] item: Sitrus Berry\n|move|p2a: Toxicroak|Gunk Shot|p1a: Koji\n|-supereffective|p1a: Koji\n|-damage|p1a: Koji|0 fnt\n|faint|p1a: Koji\n|move|p2b: Hariyama|Belly Drum|p2b: Hariyama\n|-damage|p2b: Hariyama|21\/100 par\n|-setboost|p2b: Hariyama|atk|6|[from] move: Belly Drum\n|\n|-weather|none\n|upkeep\n|\n|t:|1698003019\n|switch|p1a: Star|Flutter Mane|100\/100\n|turn|6\n|\n|t:|1698003028\n|-terastallize|p1a: Star|Fairy\n|move|p1b: Level4|Sunny Day|p1b: Level4\n|-weather|SunnyDay\n|-activate|p1a: Star|ability: Protosynthesis\n|-start|p1a: Star|protosynthesisspe\n|move|p2a: Toxicroak|Sucker Punch|p1a: Star\n|-resisted|p1a: Star\n|-damage|p1a: Star|82\/100\n|move|p2b: Hariyama|Bullet Punch|p1a: Star\n|-supereffective|p1a: Star\n|-damage|p1a: Star|0 fnt\n|faint|p1a: Star\n|-end|p1a: Star|Protosynthesis|[silent]\n|\n|-weather|SunnyDay|[upkeep]\n|-damage|p2a: Toxicroak|45\/100 par|[from] ability: Dry Skin|[of] p2a: Toxicroak\n|upkeep\n|\n|t:|1698003040\n|switch|p1a: Athena|Landorus-Therian, M|100\/100\n|-ability|p1a: Athena|Intimidate|boost\n|-unboost|p2a: Toxicroak|atk|1\n|-unboost|p2b: Hariyama|atk|1\n|turn|7\n|\n|t:|1698003048\n|-terastallize|p2b: Hariyama|Steel\n|move|p2a: Toxicroak|Sucker Punch|p1a: Athena\n|-damage|p1a: Athena|89\/100\n|move|p2b: Hariyama|Bullet Punch|p1a: Athena\n|-damage|p1a: Athena|0 fnt\n|faint|p1a: Athena\n|move|p1b: Level4|Thunderbolt|p2a: Toxicroak\n|-damage|p2a: Toxicroak|7\/100 par\n|\n|-weather|SunnyDay|[upkeep]\n|-damage|p2a: Toxicroak|0 fnt|[from] ability: Dry Skin|[of] p2a: Toxicroak\n|faint|p2a: Toxicroak\n|upkeep\n|\n|t:|1698003057\n|switch|p1a: Cowbit|Torkoal, M|85\/100\n|switch|p2a: Vaporeon|Vaporeon, M|100\/100\n|turn|8\n|\n|t:|1698003065\n|move|p2b: Hariyama|Bullet Punch|p1a: Cowbit\n|-resisted|p1a: Cowbit\n|-damage|p1a: Cowbit|46\/100\n|move|p1b: Level4|Thunderbolt|p2a: Vaporeon\n|-supereffective|p2a: Vaporeon\n|-damage|p2a: Vaporeon|47\/100\n|move|p2a: Vaporeon|Surf|p1a: Cowbit|[spread] p2b,p1a,p1b\n|-supereffective|p1a: Cowbit\n|-crit|p1b: Level4\n|-damage|p2b: Hariyama|6\/100 par\n|-damage|p1a: Cowbit|8\/100\n|-damage|p1b: Level4|80\/100\n|move|p1a: Cowbit|Flamethrower|p2b: Hariyama\n|-supereffective|p2b: Hariyama\n|-damage|p2b: Hariyama|0 fnt\n|faint|p2b: Hariyama\n|\n|-weather|SunnyDay|[upkeep]\n|-heal|p2a: Vaporeon|53\/100|[from] item: Leftovers\n|upkeep\n|turn|9\n|\n|t:|1698003080\n|move|p1a: Cowbit|Helping Hand|p1b: Level4\n|-singleturn|p1b: Level4|Helping Hand|[of] p1a: Cowbit\n|move|p1b: Level4|Thunderbolt|p2a: Vaporeon\n|-supereffective|p2a: Vaporeon\n|-damage|p2a: Vaporeon|0 fnt\n|faint|p2a: Vaporeon\n|\n|win|Nwolc\n|raw|Nwolc's rating: 1239 &rarr; <strong>1262<\/strong><br \/>(+23 for winning)\n|raw|Kurs8it's rating: 1209 &rarr; <strong>1186<\/strong><br \/>(-23 for losing)\n|l|\u2606Kurs8it\n|c|\u2606Nwolc|GG\n","uploadtime":1698003440,"views":13,"p1id":"nwolc","p2id":"kurs8it","formatid":"gen9doublesou","rating":1186,"private":0,"password":""}