{"id":"gen9doublesou-1994155667","p1":"Remy savage","p2":"Ylli12345678910","format":"[Gen 9] Doubles OU","log":"|j|\u2606Remy savage\n|j|\u2606Ylli12345678910\n|t:|1700413335\n|gametype|doubles\n|player|p1|Remy savage|lusamine-nihilego|1128\n|player|p2|Ylli12345678910|lucas|1142\n|teamsize|p1|6\n|teamsize|p2|6\n|gen|9\n|tier|[Gen 9] Doubles OU\n|rated|\n|rule|Species Clause: Limit one of each Pok\u00e9mon\n|rule|OHKO Clause: OHKO moves are banned\n|rule|Evasion Moves Clause: Evasion moves are banned\n|rule|Gravity Sleep Clause: The combination of sleep-inducing moves with imperfect accuracy and Gravity or Gigantamax Orbeetle are banned\n|rule|Endless Battle Clause: Forcing endless battles is banned\n|rule|HP Percentage Mod: HP is shown in percentages\n|clearpoke\n|poke|p1|Ogerpon-Hearthflame, F|\n|poke|p1|Brute Bonnet|\n|poke|p1|Slither Wing|\n|poke|p1|Torkoal, F|\n|poke|p1|Volcanion|\n|poke|p1|Chandelure, M|\n|poke|p2|Dipplin, F|\n|poke|p2|Iron Bundle|\n|poke|p2|Chi-Yu|\n|poke|p2|Farigiraf, M|\n|poke|p2|Landorus-Therian, M|\n|poke|p2|Iron Hands|\n|teampreview\n|inactive|Battle timer is ON: inactive players will automatically lose when time's up. (requested by Remy savage)\n|\n|t:|1700413345\n|start\n|switch|p1a: Torkoal|Torkoal, F|100\/100\n|switch|p1b: Chandelure|Chandelure, M|100\/100\n|switch|p2a: Iron Bundle|Iron Bundle|100\/100\n|switch|p2b: Farigiraf|Farigiraf, M|100\/100\n|-weather|SunnyDay|[from] ability: Drought|[of] p1a: Torkoal\n|-enditem|p2a: Iron Bundle|Booster Energy\n|-activate|p2a: Iron Bundle|ability: Quark Drive|[fromitem]\n|-start|p2a: Iron Bundle|quarkdrivespe\n|turn|1\n|\n|t:|1700413370\n|-terastallize|p1b: Chandelure|Grass\n|move|p2a: Iron Bundle|Hydro Pump|p1b: Chandelure\n|-resisted|p1b: Chandelure\n|-damage|p1b: Chandelure|81\/100\n|move|p1b: Chandelure|Heat Wave|p2a: Iron Bundle|[spread] p2a,p2b\n|-damage|p2a: Iron Bundle|0 fnt\n|-damage|p2b: Farigiraf|36\/100\n|-enditem|p2b: Farigiraf|Sitrus Berry|[eat]\n|-heal|p2b: Farigiraf|61\/100|[from] item: Sitrus Berry\n|faint|p2a: Iron Bundle\n|-end|p2a: Iron Bundle|Quark Drive|[silent]\n|move|p2b: Farigiraf|Thunder Wave|p1a: Torkoal\n|-status|p1a: Torkoal|par\n|move|p1a: Torkoal|Lava Plume|p2b: Farigiraf|[spread] p2b\n|-start|p1b: Chandelure|ability: Flash Fire\n|-damage|p2b: Farigiraf|34\/100\n|-status|p2b: Farigiraf|brn\n|\n|-weather|SunnyDay|[upkeep]\n|-damage|p2b: Farigiraf|28\/100 brn|[from] brn\n|upkeep\n|\n|t:|1700413377\n|switch|p2a: Iron Hands|Iron Hands|100\/100\n|turn|2\n|\n|t:|1700413397\n|cant|p1a: Torkoal|par\n|move|p2a: Iron Hands|Fake Out|p1a: Torkoal\n|-damage|p1a: Torkoal|88\/100 par\n|move|p1b: Chandelure|Heat Wave|p2b: Farigiraf|[spread] p2a,p2b\n|-damage|p2a: Iron Hands|21\/100\n|-damage|p2b: Farigiraf|0 fnt\n|faint|p2b: Farigiraf\n|\n|-weather|SunnyDay|[upkeep]\n|upkeep\n|\n|t:|1700413408\n|switch|p2b: Landorus|Landorus-Therian, M|100\/100\n|-ability|p2b: Landorus|Intimidate|boost\n|-unboost|p1a: Torkoal|atk|1\n|-unboost|p1b: Chandelure|atk|1\n|turn|3\n|\n|t:|1700413423\n|move|p1a: Torkoal|Helping Hand|p1b: Chandelure\n|-singleturn|p1b: Chandelure|Helping Hand|[of] p1a: Torkoal\n|move|p1b: Chandelure|Heat Wave|p2b: Landorus|[spread] p2a,p2b\n|-damage|p2a: Iron Hands|0 fnt\n|-damage|p2b: Landorus|0 fnt\n|faint|p2a: Iron Hands\n|-end|p2a: Iron Hands|Quark Drive|[silent]\n|faint|p2b: Landorus\n|\n|-weather|SunnyDay|[upkeep]\n|upkeep\n|\n|t:|1700413429\n|switch|p2b: Chi-Yu|Chi-Yu|100\/100\n|switch|p2a: Drip|Dipplin, F|100\/100\n|-ability|p2b: Chi-Yu|Beads of Ruin\n|-ability|p2a: Drip|Supersweet Syrup\n|-ability|p2a: Drip|Supersweet Syrup|boost\n|-unboost|p1a: Torkoal|evasion|1\n|-unboost|p1b: Chandelure|evasion|1\n|turn|4\n|\n|t:|1700413451\n|move|p1a: Torkoal|Helping Hand|p1b: Chandelure\n|-singleturn|p1b: Chandelure|Helping Hand|[of] p1a: Torkoal\n|move|p2b: Chi-Yu|Heat Wave|p1b: Chandelure|[spread] p1a\n|-immune|p1b: Chandelure|[from] ability: Flash Fire\n|-resisted|p1a: Torkoal\n|-crit|p1a: Torkoal\n|-damage|p1a: Torkoal|10\/100 par\n|move|p1b: Chandelure|Heat Wave|p2b: Chi-Yu|[spread] p2a,p2b\n|-crit|p2a: Drip\n|-resisted|p2b: Chi-Yu\n|-damage|p2a: Drip|0 fnt\n|-enditem|p2b: Chi-Yu|Focus Sash\n|-damage|p2b: Chi-Yu|1\/100\n|faint|p2a: Drip\n|\n|-weather|SunnyDay|[upkeep]\n|upkeep\n|turn|5\n|j| Communautary Team\n|l| Communautary Team\n|\n|t:|1700413473\n|move|p2b: Chi-Yu|Protect|p2b: Chi-Yu\n|-singleturn|p2b: Chi-Yu|Protect\n|move|p1b: Chandelure|Heat Wave|p2b: Chi-Yu\n|-activate|p2b: Chi-Yu|move: Protect\n|move|p1a: Torkoal|Rapid Spin|p2b: Chi-Yu\n|-activate|p2b: Chi-Yu|move: Protect\n|\n|-weather|SunnyDay|[upkeep]\n|upkeep\n|turn|6\n|\n|t:|1700413502\n|move|p2b: Chi-Yu|Dark Pulse|p1b: Chandelure\n|-damage|p1b: Chandelure|6\/100\n|cant|p1b: Chandelure|flinch\n|cant|p1a: Torkoal|par\n|\n|-weather|SunnyDay|[upkeep]\n|upkeep\n|turn|7\n|inactive|Ylli12345678910 has 120 seconds left.\n|l|\u2606Ylli12345678910\n|inactive|Ylli12345678910 disconnected and has a minute to reconnect!\n|player|p2|\n|inactive|Ylli12345678910 has 30 seconds to reconnect!\n|inactive|Ylli12345678910 has 20 seconds to reconnect!\n|inactive|Ylli12345678910 has 15 seconds to reconnect!\n|inactive|Ylli12345678910 has 10 seconds to reconnect!\n|inactive|Ylli12345678910 has 5 seconds to reconnect!\n|-message|Ylli12345678910 lost due to inactivity.\n|\n|win|Remy savage\n|raw|Remy savage's rating: 1128 &rarr; <strong>1154<\/strong><br \/>(+26 for winning)\n|raw|Ylli12345678910's rating: 1142 &rarr; <strong>1116<\/strong><br \/>(-26 for losing)\n","uploadtime":1700413604,"views":10,"p1id":"remysavage","p2id":"ylli12345678910","formatid":"gen9doublesou","rating":1116,"private":0,"password":""}