{"id":"gen9doublesou-1997840163","p1":"cluckin' cynthia","p2":"Jtsmith86","format":"[Gen 9] Doubles OU","log":"|j|\u2606cluckin' cynthia\n|j|\u2606Jtsmith86\n|t:|1700858428\n|gametype|doubles\n|player|p1|cluckin' cynthia|cynthia|1022\n|player|p2|Jtsmith86|ethan|1102\n|teamsize|p1|6\n|teamsize|p2|6\n|gen|9\n|tier|[Gen 9] Doubles OU\n|rated|\n|rule|Species Clause: Limit one of each Pok\u00e9mon\n|rule|OHKO Clause: OHKO moves are banned\n|rule|Evasion Moves Clause: Evasion moves are banned\n|rule|Gravity Sleep Clause: The combination of sleep-inducing moves with imperfect accuracy and Gravity or Gigantamax Orbeetle are banned\n|rule|Endless Battle Clause: Forcing endless battles is banned\n|rule|HP Percentage Mod: HP is shown in percentages\n|clearpoke\n|poke|p1|Iron Hands|\n|poke|p1|Maushold|\n|poke|p1|Dondozo, M|\n|poke|p1|Landorus-Therian, M|\n|poke|p1|Ogerpon-Wellspring, F|\n|poke|p1|Hoopa-Unbound|\n|poke|p2|Wo-Chien|\n|poke|p2|Skeledirge, F|\n|poke|p2|Clefairy, M|\n|poke|p2|Glimmora, M|\n|poke|p2|Blissey, F|\n|poke|p2|Sinistcha|\n|teampreview\n|\n|t:|1700858448\n|start\n|switch|p1a: uhh!!!!|Dondozo, M|100\/100\n|switch|p1b: bulky boi!|Iron Hands|100\/100\n|switch|p2a: Wo-Chien|Wo-Chien|100\/100\n|switch|p2b: Clefairy|Clefairy, M, shiny|100\/100\n|-ability|p2a: Wo-Chien|Tablets of Ruin\n|turn|1\n|\n|t:|1700858483\n|move|p2b: Clefairy|Follow Me|p2b: Clefairy\n|-singleturn|p2b: Clefairy|move: Follow Me\n|move|p2a: Wo-Chien|Leech Seed|p1b: bulky boi!\n|-start|p1b: bulky boi!|move: Leech Seed\n|move|p1b: bulky boi!|Drain Punch|p2b: Clefairy\n|-resisted|p2b: Clefairy\n|-damage|p2b: Clefairy|82\/100\n|move|p1a: uhh!!!!|Heavy Slam|p2b: Clefairy\n|-supereffective|p2b: Clefairy\n|-damage|p2b: Clefairy|23\/100\n|\n|-damage|p1b: bulky boi!|88\/100|[from] Leech Seed|[of] p2a: Wo-Chien\n|upkeep\n|turn|2\n|\n|t:|1700858504\n|move|p1a: uhh!!!!|Protect|p1a: uhh!!!!\n|-singleturn|p1a: uhh!!!!|Protect\n|move|p2a: Wo-Chien|Reflect|p2a: Wo-Chien\n|-sidestart|p2: Jtsmith86|Reflect\n|move|p1b: bulky boi!|Drain Punch|p2a: Wo-Chien\n|-supereffective|p2a: Wo-Chien\n|-damage|p2a: Wo-Chien|74\/100\n|-heal|p1b: bulky boi!|98\/100|[from] drain|[of] p2a: Wo-Chien\n|move|p2b: Clefairy|Life Dew|p2b: Clefairy|[spread] p2a,p2b\n|-heal|p2a: Wo-Chien|99\/100\n|-heal|p2b: Clefairy|48\/100\n|\n|-damage|p1b: bulky boi!|86\/100|[from] Leech Seed|[of] p2a: Wo-Chien\n|-heal|p2a: Wo-Chien|100\/100|[silent]\n|upkeep\n|turn|3\n|\n|t:|1700858526\n|move|p2a: Wo-Chien|Leech Seed|p1a: uhh!!!!\n|-start|p1a: uhh!!!!|move: Leech Seed\n|move|p1b: bulky boi!|Drain Punch|p2a: Wo-Chien\n|-supereffective|p2a: Wo-Chien\n|-damage|p2a: Wo-Chien|72\/100\n|-heal|p1b: bulky boi!|96\/100|[from] drain|[of] p2a: Wo-Chien\n|move|p1a: uhh!!!!|Heavy Slam|p2b: Clefairy\n|-supereffective|p2b: Clefairy\n|-damage|p2b: Clefairy|8\/100\n|move|p2b: Clefairy|Life Dew|p2b: Clefairy|[spread] p2a,p2b\n|-heal|p2a: Wo-Chien|98\/100\n|-heal|p2b: Clefairy|33\/100\n|\n|-damage|p1b: bulky boi!|84\/100|[from] Leech Seed|[of] p2a: Wo-Chien\n|-heal|p2a: Wo-Chien|100\/100|[silent]\n|-damage|p1a: uhh!!!!|88\/100|[from] Leech Seed|[of] p2a: Wo-Chien\n|upkeep\n|turn|4\n|c|\u2606cluckin' cynthia|Fjck u tbh\n|inactive|Battle timer is ON: inactive players will automatically lose when time's up. (requested by Jtsmith86)\n|\n|t:|1700858570\n|switch|p2b: Glimmora|Glimmora, M, shiny|100\/100\n|move|p2a: Wo-Chien|Knock Off|p1a: uhh!!!!\n|-damage|p1a: uhh!!!!|71\/100\n|-enditem|p1a: uhh!!!!|Focus Sash|[from] move: Knock Off|[of] p2a: Wo-Chien\n|move|p1b: bulky boi!|Drain Punch|p2b: Glimmora\n|-damage|p2b: Glimmora|79\/100\n|-heal|p1b: bulky boi!|91\/100|[from] drain|[of] p2b: Glimmora\n|-activate|p2b: Glimmora|ability: Toxic Debris\n|-sidestart|p1: cluckin' cynthia|move: Toxic Spikes\n|move|p1a: uhh!!!!|Heavy Slam|p2b: Glimmora\n|-supereffective|p2b: Glimmora\n|-damage|p2b: Glimmora|48\/100\n|-activate|p2b: Glimmora|ability: Toxic Debris\n|-sidestart|p1: cluckin' cynthia|move: Toxic Spikes\n|\n|-heal|p2b: Glimmora|54\/100|[from] item: Black Sludge\n|-damage|p1b: bulky boi!|79\/100|[from] Leech Seed|[of] p2a: Wo-Chien\n|-damage|p1a: uhh!!!!|58\/100|[from] Leech Seed|[of] p2a: Wo-Chien\n|upkeep\n|turn|5\n|c|\u2606Jtsmith86|What did I do\n|c|\u2606cluckin' cynthia|Idk its just overpowered to je\n|c|\u2606cluckin' cynthia|mr\n|c|\u2606cluckin' cynthia|meee\n|c|\u2606cluckin' cynthia|*\n|c|\u2606cluckin' cynthia|sorray\n|inactive|cluckin' cynthia has 120 seconds left.\n|\n|t:|1700858603\n|move|p2b: Glimmora|Mortal Spin|p1b: bulky boi!|[spread] p1a,p1b\n|-damage|p1a: uhh!!!!|56\/100\n|-damage|p1b: bulky boi!|77\/100\n|-status|p1a: uhh!!!!|psn\n|-status|p1b: bulky boi!|psn\n|move|p2a: Wo-Chien|Knock Off|p1b: bulky boi!\n|-resisted|p1b: bulky boi!\n|-damage|p1b: bulky boi!|69\/100 psn\n|-enditem|p1b: bulky boi!|Assault Vest|[from] move: Knock Off|[of] p2a: Wo-Chien\n|move|p1b: bulky boi!|Thunder Punch|p2b: Glimmora\n|-damage|p2b: Glimmora|33\/100\n|move|p1a: uhh!!!!|Wave Crash|p2a: Wo-Chien\n|-resisted|p2a: Wo-Chien\n|-damage|p2a: Wo-Chien|89\/100\n|-damage|p1a: uhh!!!!|53\/100 psn|[from] Recoil\n|\n|-heal|p2b: Glimmora|39\/100|[from] item: Black Sludge\n|-damage|p1b: bulky boi!|56\/100 psn|[from] Leech Seed|[of] p2a: Wo-Chien\n|-heal|p2a: Wo-Chien|100\/100|[silent]\n|-damage|p1a: uhh!!!!|41\/100 psn|[from] Leech Seed|[of] p2a: Wo-Chien\n|-damage|p1b: bulky boi!|44\/100 psn|[from] psn\n|-damage|p1a: uhh!!!!|29\/100 psn|[from] psn\n|upkeep\n|turn|6\n|-message|cluckin' cynthia forfeited.\n|\n|win|Jtsmith86\n|raw|cluckin&apos; cynthia's rating: 1022 &rarr; <strong>1012<\/strong><br \/>(-10 for losing)\n|raw|Jtsmith86's rating: 1102 &rarr; <strong>1121<\/strong><br \/>(+19 for winning)\n|l|\u2606cluckin' cynthia\n|c|\u2606Jtsmith86|Do you like my team\n","uploadtime":1700858648,"views":21,"p1id":"cluckincynthia","p2id":"jtsmith86","formatid":"gen9doublesou","rating":1012,"private":0,"password":""}