{"id":"gen9doublesou-2000109874","p1":"electronut","p2":"kupkoko","format":"[Gen 9] Doubles OU","log":"|j|\u2606electronut\n|j|\u2606kupkoko\n|t:|1701156600\n|gametype|doubles\n|player|p1|electronut|cynthia-gen4|1196\n|player|p2|kupkoko|hoopster|1264\n|teamsize|p1|6\n|teamsize|p2|6\n|gen|9\n|tier|[Gen 9] Doubles OU\n|rated|\n|rule|Species Clause: Limit one of each Pok\u00e9mon\n|rule|OHKO Clause: OHKO moves are banned\n|rule|Evasion Moves Clause: Evasion moves are banned\n|rule|Gravity Sleep Clause: The combination of sleep-inducing moves with imperfect accuracy and Gravity or Gigantamax Orbeetle are banned\n|rule|Endless Battle Clause: Forcing endless battles is banned\n|rule|HP Percentage Mod: HP is shown in percentages\n|clearpoke\n|poke|p1|Ogerpon-Wellspring, F|\n|poke|p1|Flutter Mane|\n|poke|p1|Gliscor, F|\n|poke|p1|Iron Hands|\n|poke|p1|Hydreigon, M|\n|poke|p1|Heatran, M|\n|poke|p2|Sinistcha|\n|poke|p2|Pelipper, M|\n|poke|p2|Volcanion|\n|poke|p2|Tornadus, M|\n|poke|p2|Ogerpon-Wellspring, F|\n|poke|p2|Empoleon, M|\n|teampreview\n|\n|t:|1701156631\n|start\n|switch|p1a: Hydreigon|Hydreigon, M|100\/100\n|switch|p1b: Heatran|Heatran, M|100\/100\n|switch|p2a: Pelipper|Pelipper, M|100\/100\n|switch|p2b: Tornadus|Tornadus, M|100\/100\n|-weather|RainDance|[from] ability: Drizzle|[of] p2a: Pelipper\n|turn|1\n|\n|t:|1701156658\n|switch|p2a: Volcanion|Volcanion|100\/100\n|move|p2b: Tornadus|Tailwind|p2b: Tornadus\n|-sidestart|p2: kupkoko|move: Tailwind\n|move|p1a: Hydreigon|Tailwind|p1a: Hydreigon\n|-sidestart|p1: electronut|move: Tailwind\n|move|p1b: Heatran|Heat Wave|p2a: Volcanion|[spread] p2a,p2b\n|-resisted|p2a: Volcanion\n|-damage|p2a: Volcanion|97\/100\n|-damage|p2b: Tornadus|70\/100\n|-status|p2b: Tornadus|brn\n|\n|-weather|RainDance|[upkeep]\n|-heal|p2b: Tornadus|76\/100 brn|[from] item: Leftovers\n|-damage|p2b: Tornadus|70\/100 brn|[from] brn\n|upkeep\n|turn|2\n|\n|t:|1701156681\n|move|p2b: Tornadus|Taunt|p1b: Heatran\n|-start|p1b: Heatran|move: Taunt\n|move|p1a: Hydreigon|Draco Meteor|p2a: Volcanion\n|-damage|p2a: Volcanion|26\/100\n|-unboost|p1a: Hydreigon|spa|2\n|-damage|p1a: Hydreigon|91\/100|[from] item: Life Orb\n|move|p2a: Volcanion|Earth Power|p1b: Heatran\n|-supereffective|p1b: Heatran\n|-enditem|p1b: Heatran|Shuca Berry|[eat]\n|-enditem|p1b: Heatran|Shuca Berry|[weaken]\n|-damage|p1b: Heatran|46\/100\n|move|p1b: Heatran|Earth Power|p2a: Volcanion\n|-supereffective|p2a: Volcanion\n|-damage|p2a: Volcanion|0 fnt\n|faint|p2a: Volcanion\n|\n|-weather|RainDance|[upkeep]\n|-heal|p2b: Tornadus|76\/100 brn|[from] item: Leftovers\n|-damage|p2b: Tornadus|70\/100 brn|[from] brn\n|upkeep\n|\n|t:|1701156702\n|switch|p2a: Sinistcha|Sinistcha|100\/100\n|-heal|p2b: Tornadus|95\/100 brn|[from] ability: Hospitality|[of] p2a: Sinistcha\n|turn|3\n|\n|t:|1701156743\n|switch|p1a: Gliscor|Gliscor, F|100\/100\n|switch|p2a: Ogerpon|Ogerpon-Wellspring, F|100\/100\n|move|p2b: Tornadus|Bleakwind Storm|p1b: Heatran|[spread] p1a,p1b\n|-resisted|p1b: Heatran\n|-damage|p1a: Gliscor|46\/100\n|-damage|p1b: Heatran|28\/100\n|-unboost|p1b: Heatran|spe|1\n|move|p1b: Heatran|Heat Wave|p2a: Ogerpon|[spread] p2a,p2b\n|-damage|p2a: Ogerpon|77\/100\n|-damage|p2b: Tornadus|69\/100 brn\n|-status|p2a: Ogerpon|brn\n|\n|-weather|RainDance|[upkeep]\n|-heal|p2b: Tornadus|75\/100 brn|[from] item: Leftovers\n|-damage|p2b: Tornadus|69\/100 brn|[from] brn\n|-damage|p2a: Ogerpon|71\/100 brn|[from] brn\n|-status|p1a: Gliscor|tox|[from] item: Toxic Orb\n|upkeep\n|turn|4\n|\n|t:|1701156776\n|switch|p2b: Pelipper|Pelipper, M|100\/100\n|move|p1a: Gliscor|Protect|p1a: Gliscor\n|-singleturn|p1a: Gliscor|Protect\n|move|p2a: Ogerpon|Swords Dance|p2a: Ogerpon\n|-boost|p2a: Ogerpon|atk|2\n|move|p1b: Heatran|Heat Wave|p2a: Ogerpon|[spread] p2a,p2b\n|-resisted|p2b: Pelipper\n|-damage|p2a: Ogerpon|48\/100 brn\n|-damage|p2b: Pelipper|86\/100\n|\n|-weather|RainDance|[upkeep]\n|-heal|p1a: Gliscor|58\/100 tox|[from] ability: Poison Heal\n|-damage|p2a: Ogerpon|42\/100 brn|[from] brn\n|-end|p1b: Heatran|move: Taunt\n|-sideend|p1: electronut|move: Tailwind\n|-sideend|p2: kupkoko|move: Tailwind\n|upkeep\n|turn|5\n|\n|t:|1701156805\n|move|p2a: Ogerpon|Ivy Cudgel|p1a: Gliscor|[anim] Ivy Cudgel Water\n|-supereffective|p1a: Gliscor\n|-damage|p1a: Gliscor|0 fnt\n|faint|p1a: Gliscor\n|move|p2b: Pelipper|Surf|p1b: Heatran|[spread] p1b\n|-heal|p2a: Ogerpon|67\/100 brn|[from] ability: Water Absorb|[of] p2b: Pelipper\n|-supereffective|p1b: Heatran\n|-damage|p1b: Heatran|0 fnt\n|faint|p1b: Heatran\n|\n|-weather|RainDance|[upkeep]\n|-damage|p2a: Ogerpon|61\/100 brn|[from] brn\n|upkeep\n|\n|t:|1701156819\n|switch|p1a: Hydreigon|Hydreigon, M|91\/100\n|switch|p1b: Iron Hands|Iron Hands|100\/100\n|turn|6\n|\n|t:|1701156839\n|switch|p2b: Sinistcha|Sinistcha|100\/100\n|-heal|p2a: Ogerpon|86\/100 brn|[from] ability: Hospitality|[of] p2b: Sinistcha\n|move|p2a: Ogerpon|Spiky Shield|p2a: Ogerpon\n|-singleturn|p2a: Ogerpon|move: Protect\n|move|p1b: Iron Hands|Fake Out|p2a: Ogerpon\n|-activate|p2a: Ogerpon|move: Protect\n|-damage|p1b: Iron Hands|88\/100|[from] Spiky Shield|[of] p2a: Ogerpon\n|move|p1a: Hydreigon|Tailwind|p1a: Hydreigon\n|-sidestart|p1: electronut|move: Tailwind\n|\n|-weather|RainDance|[upkeep]\n|-damage|p2a: Ogerpon|80\/100 brn|[from] brn\n|upkeep\n|turn|7\n|\n|t:|1701156870\n|move|p2b: Sinistcha|Rage Powder|p2b: Sinistcha\n|-singleturn|p2b: Sinistcha|move: Rage Powder\n|move|p1a: Hydreigon|Draco Meteor|p2b: Sinistcha\n|-damage|p2b: Sinistcha|14\/100\n|-unboost|p1a: Hydreigon|spa|2\n|-enditem|p2b: Sinistcha|Sitrus Berry|[eat]\n|-heal|p2b: Sinistcha|39\/100|[from] item: Sitrus Berry\n|-damage|p1a: Hydreigon|81\/100|[from] item: Life Orb\n|move|p2a: Ogerpon|Ivy Cudgel|p1b: Iron Hands|[anim] Ivy Cudgel Water\n|-crit|p1b: Iron Hands\n|-damage|p1b: Iron Hands|0 fnt\n|faint|p1b: Iron Hands\n|-end|p1b: Iron Hands|Quark Drive|[silent]\n|\n|-weather|RainDance|[upkeep]\n|-damage|p2a: Ogerpon|74\/100 brn|[from] brn\n|upkeep\n|\n|t:|1701156884\n|switch|p1b: Ogerpon|Ogerpon-Wellspring, F|100\/100\n|turn|8\n|-message|electronut forfeited.\n|\n|win|kupkoko\n|raw|electronut's rating: 1196 &rarr; <strong>1176<\/strong><br \/>(-20 for losing)\n|raw|kupkoko's rating: 1264 &rarr; <strong>1284<\/strong><br \/>(+20 for winning)\n|l|\u2606electronut\n","uploadtime":1701156913,"views":7,"p1id":"electronut","p2id":"kupkoko","formatid":"gen9doublesou","rating":1176,"private":0,"password":""}