{"id":"gen9doublesou-2000454241","p1":"quagyquag","p2":"demondemonbreath","format":"[Gen 9] Doubles OU","log":"|j|\u2606quagyquag\n|j|\u2606demondemonbreath\n|t:|1701196173\n|gametype|doubles\n|player|p1|quagyquag|flannery|1064\n|player|p2|demondemonbreath|pokekid|1137\n|teamsize|p1|6\n|teamsize|p2|6\n|gen|9\n|tier|[Gen 9] Doubles OU\n|rated|\n|rule|Species Clause: Limit one of each Pok\u00e9mon\n|rule|OHKO Clause: OHKO moves are banned\n|rule|Evasion Moves Clause: Evasion moves are banned\n|rule|Gravity Sleep Clause: The combination of sleep-inducing moves with imperfect accuracy and Gravity or Gigantamax Orbeetle are banned\n|rule|Endless Battle Clause: Forcing endless battles is banned\n|rule|HP Percentage Mod: HP is shown in percentages\n|clearpoke\n|poke|p1|Pelipper, M|\n|poke|p1|Tornadus, M|\n|poke|p1|Floatzel, F|\n|poke|p1|Ogerpon-Wellspring, F|\n|poke|p1|Walking Wake|\n|poke|p1|Murkrow, F|\n|poke|p2|Regidrago|\n|poke|p2|Sinistcha-Masterpiece|\n|poke|p2|Volcanion|\n|poke|p2|Landorus-Therian, M|\n|poke|p2|Grimmsnarl, M|\n|poke|p2|Tornadus, M|\n|teampreview\n|inactive|Battle timer is ON: inactive players will automatically lose when time's up. (requested by quagyquag)\n|\n|t:|1701196233\n|start\n|switch|p1a: Tornadus|Tornadus, M|100\/100\n|switch|p1b: Ogerpon|Ogerpon-Wellspring, F|100\/100\n|switch|p2a: Regidrago|Regidrago|100\/100\n|switch|p2b: Tornadus|Tornadus, M|100\/100\n|turn|1\n|\n|t:|1701196246\n|move|p1b: Ogerpon|Spiky Shield|p1b: Ogerpon\n|-singleturn|p1b: Ogerpon|move: Protect\n|move|p1a: Tornadus|Taunt|p2b: Tornadus\n|-start|p2b: Tornadus|move: Taunt\n|cant|p2b: Tornadus|move: Taunt|Tailwind\n|move|p2a: Regidrago|Dragon Energy|p1b: Ogerpon|[spread] p1a\n|-activate|p1b: Ogerpon|move: Protect\n|-damage|p1a: Tornadus|23\/100\n|\n|upkeep\n|turn|2\n|\n|t:|1701196264\n|move|p1a: Tornadus|Rain Dance|p1a: Tornadus\n|-weather|RainDance\n|move|p2a: Regidrago|Dragon Energy|p1a: Tornadus|[spread] p1a,p1b\n|-damage|p1a: Tornadus|0 fnt\n|-damage|p1b: Ogerpon|17\/100\n|faint|p1a: Tornadus\n|move|p1b: Ogerpon|Ivy Cudgel|p2b: Tornadus|[anim] Ivy Cudgel Water\n|-damage|p2b: Tornadus|0 fnt\n|faint|p2b: Tornadus\n|\n|-weather|RainDance|[upkeep]\n|upkeep\n|\n|t:|1701196280\n|switch|p1a: Walking Wake|Walking Wake|100\/100\n|switch|p2b: Grimmsnarl|Grimmsnarl, M|100\/100\n|-enditem|p1a: Walking Wake|Booster Energy\n|-activate|p1a: Walking Wake|ability: Protosynthesis|[fromitem]\n|-start|p1a: Walking Wake|protosynthesisspe\n|turn|3\n|inactive|quagyquag has 120 seconds left.\n|\n|t:|1701196338\n|move|p2b: Grimmsnarl|Fake Out|p1a: Walking Wake\n|-damage|p1a: Walking Wake|89\/100\n|cant|p1a: Walking Wake|flinch\n|move|p2a: Regidrago|Dragon Energy|p1b: Ogerpon|[spread] p1a,p1b\n|-supereffective|p1a: Walking Wake\n|-damage|p1a: Walking Wake|0 fnt\n|-damage|p1b: Ogerpon|0 fnt\n|faint|p1a: Walking Wake\n|-end|p1a: Walking Wake|Protosynthesis|[silent]\n|faint|p1b: Ogerpon\n|\n|-weather|RainDance|[upkeep]\n|upkeep\n|inactive|quagyquag has 90 seconds left.\n|\n|t:|1701196356\n|switch|p1b: Murkrow|Murkrow, F|100\/100\n|switch|p1a: Floatzel|Floatzel, F|100\/100\n|turn|4\n|\n|t:|1701196370\n|-terastallize|p1a: Floatzel|Water\n|move|p2b: Grimmsnarl|Reflect|p2b: Grimmsnarl\n|-sidestart|p2: demondemonbreath|Reflect\n|move|p1a: Floatzel|Wave Crash|p2a: Regidrago\n|-resisted|p2a: Regidrago\n|-damage|p2a: Regidrago|33\/100\n|-damage|p1a: Floatzel|62\/100|[from] Recoil\n|move|p2a: Regidrago|Dragon Energy|p1b: Murkrow|[spread] p1a,p1b\n|-crit|p1b: Murkrow\n|-damage|p1a: Floatzel|20\/100\n|-damage|p1b: Murkrow|60\/100\n|move|p1b: Murkrow|Whirlwind|p2b: Grimmsnarl\n|-hint|Since gen 7, Dark is immune to Prankster moves.\n|-immune|p2b: Grimmsnarl\n|\n|-weather|RainDance|[upkeep]\n|-heal|p1b: Murkrow|67\/100|[from] item: Leftovers\n|upkeep\n|turn|5\n|inactive|quagyquag has 120 seconds left.\n|\n|t:|1701196397\n|switch|p2a: Volcanion|Volcanion|100\/100\n|move|p1b: Murkrow|Protect|p1b: Murkrow\n|-singleturn|p1b: Murkrow|Protect\n|move|p2b: Grimmsnarl|Light Screen|p2b: Grimmsnarl\n|-sidestart|p2: demondemonbreath|move: Light Screen\n|move|p1a: Floatzel|Wave Crash|p2a: Volcanion\n|-immune|p2a: Volcanion|[from] ability: Water Absorb\n|\n|-weather|RainDance|[upkeep]\n|-heal|p1b: Murkrow|73\/100|[from] item: Leftovers\n|upkeep\n|turn|6\n|inactive|quagyquag has 120 seconds left.\n|\n|t:|1701196417\n|switch|p2b: Regidrago|Regidrago|33\/100\n|move|p1b: Murkrow|Thunder Wave|p2a: Volcanion\n|-status|p2a: Volcanion|par\n|move|p1a: Floatzel|Wave Crash|p2b: Regidrago\n|-resisted|p2b: Regidrago\n|-damage|p2b: Regidrago|0 fnt\n|faint|p2b: Regidrago\n|-damage|p1a: Floatzel|1\/100|[from] Recoil\n|cant|p2a: Volcanion|par\n|\n|-weather|none\n|-heal|p1b: Murkrow|79\/100|[from] item: Leftovers\n|upkeep\n|\n|t:|1701196432\n|switch|p2b: Grimmsnarl|Grimmsnarl, M|100\/100\n|turn|7\n|inactive|quagyquag has 120 seconds left.\n|\n|t:|1701196456\n|switch|p1a: Pelipper|Pelipper, M|100\/100\n|-weather|RainDance|[from] ability: Drizzle|[of] p1a: Pelipper\n|move|p2b: Grimmsnarl|Fake Out|p1a: Pelipper\n|-damage|p1a: Pelipper|92\/100\n|move|p1b: Murkrow|Thunder Wave|p2b: Grimmsnarl\n|-hint|Since gen 7, Dark is immune to Prankster moves.\n|-immune|p2b: Grimmsnarl\n|cant|p2a: Volcanion|par\n|\n|-weather|RainDance|[upkeep]\n|-heal|p1b: Murkrow|85\/100|[from] item: Leftovers\n|upkeep\n|turn|8\n|inactive|quagyquag has 120 seconds left.\n|\n|t:|1701196487\n|switch|p2b: Sinistcha|Sinistcha-Masterpiece|100\/100\n|move|p1b: Murkrow|Protect|p1b: Murkrow\n|-singleturn|p1b: Murkrow|Protect\n|move|p1a: Pelipper|Hurricane|p2b: Sinistcha\n|-supereffective|p2b: Sinistcha\n|-damage|p2b: Sinistcha|47\/100\n|-start|p2b: Sinistcha|confusion\n|cant|p2a: Volcanion|par\n|\n|-weather|RainDance|[upkeep]\n|-heal|p1b: Murkrow|91\/100|[from] item: Leftovers\n|upkeep\n|turn|9\n|inactive|quagyquag has 120 seconds left.\n|\n|t:|1701196511\n|switch|p1b: Floatzel|Floatzel, F, tera:Water|1\/100\n|-activate|p2b: Sinistcha|confusion\n|move|p2b: Sinistcha|Matcha Gotcha|p1b: Floatzel|[spread] p1a,p1b\n|-supereffective|p1b: Floatzel\n|-damage|p1a: Pelipper|56\/100\n|-heal|p2b: Sinistcha|64\/100|[from] drain|[of] p1a: Pelipper\n|-damage|p1b: Floatzel|0 fnt\n|-heal|p2b: Sinistcha|65\/100|[from] drain|[of] p1b: Floatzel\n|faint|p1b: Floatzel\n|move|p1a: Pelipper|U-turn|p2b: Sinistcha\n|-damage|p2b: Sinistcha|61\/100\n|inactive|quagyquag has 120 seconds left.\n|\n|t:|1701196518\n|switch|p1a: Murkrow|Murkrow, F|91\/100|[from] U-turn\n|cant|p2a: Volcanion|par\n|\n|-weather|RainDance|[upkeep]\n|-heal|p1a: Murkrow|97\/100|[from] item: Leftovers\n|upkeep\n|inactive|quagyquag has 120 seconds left.\n|\n|t:|1701196530\n|switch|p1b: Pelipper|Pelipper, M|56\/100\n|turn|10\n|\n|t:|1701196546\n|-end|p2b: Sinistcha|confusion\n|move|p2b: Sinistcha|Rage Powder|p2b: Sinistcha\n|-singleturn|p2b: Sinistcha|move: Rage Powder\n|move|p1a: Murkrow|Thunder Wave|p2b: Sinistcha\n|-status|p2b: Sinistcha|par\n|move|p1b: Pelipper|Hurricane|p2b: Sinistcha\n|-supereffective|p2b: Sinistcha\n|-crit|p2b: Sinistcha\n|-damage|p2b: Sinistcha|0 fnt\n|faint|p2b: Sinistcha\n|cant|p2a: Volcanion|par\n|\n|-weather|RainDance|[upkeep]\n|-heal|p1a: Murkrow|100\/100|[from] item: Leftovers\n|upkeep\n|\n|t:|1701196559\n|switch|p2b: Landorus|Landorus-Therian, M|100\/100\n|-ability|p2b: Landorus|Intimidate|boost\n|-unboost|p1a: Murkrow|atk|1\n|-unboost|p1b: Pelipper|atk|1\n|turn|11\n|inactive|quagyquag has 120 seconds left.\n|\n|t:|1701196610\n|move|p2b: Landorus|Tera Blast|p1b: Pelipper\n|-damage|p1b: Pelipper|31\/100\n|move|p1b: Pelipper|Ice Beam|p2b: Landorus\n|-supereffective|p2b: Landorus\n|-damage|p2b: Landorus|35\/100\n|move|p2a: Volcanion|Steam Eruption|p1a: Murkrow|[miss]\n|-miss|p2a: Volcanion|p1a: Murkrow\n|move|p1a: Murkrow|Whirlwind|p2b: Landorus\n|drag|p2b: Grimmsnarl|Grimmsnarl, M|100\/100\n|\n|-weather|RainDance|[upkeep]\n|-sideend|p2: demondemonbreath|Reflect\n|upkeep\n|turn|12\n|inactive|quagyquag has 120 seconds left.\n|inactive|demondemonbreath has 120 seconds left.\n|\n|t:|1701196640\n|move|p2b: Grimmsnarl|Fake Out|p1b: Pelipper\n|-damage|p1b: Pelipper|21\/100\n|cant|p1b: Pelipper|flinch\n|move|p2a: Volcanion|Steam Eruption|p1a: Murkrow\n|-damage|p1a: Murkrow|0 fnt\n|faint|p1a: Murkrow\n|\n|-weather|RainDance|[upkeep]\n|-sideend|p2: demondemonbreath|move: Light Screen\n|upkeep\n|turn|13\n|inactive|quagyquag has 120 seconds left.\n|\n|t:|1701196655\n|switch|p2b: Landorus|Landorus-Therian, M|35\/100\n|-ability|p2b: Landorus|Intimidate|boost\n|-unboost|p1b: Pelipper|atk|1\n|move|p1b: Pelipper|Hydro Pump|p2b: Landorus|[miss]\n|-miss|p1b: Pelipper|p2b: Landorus\n|move|p2a: Volcanion|Steam Eruption|p1b: Pelipper\n|-resisted|p1b: Pelipper\n|-damage|p1b: Pelipper|0 fnt\n|faint|p1b: Pelipper\n|\n|win|demondemonbreath\n|raw|quagyquag's rating: 1064 &rarr; <strong>1048<\/strong><br \/>(-16 for losing)\n|raw|demondemonbreath's rating: 1137 &rarr; <strong>1157<\/strong><br \/>(+20 for winning)\n|c|\u2606demondemonbreath|finally\n|l|\u2606quagyquag\n","uploadtime":1701196667,"views":3,"p1id":"quagyquag","p2id":"demondemonbreath","formatid":"gen9doublesou","rating":1048,"private":0,"password":""}