{"id":"gen9doublesou-1999829005","p1":"MattCol","p2":"gonegeb","format":"[Gen 9] Doubles OU","log":"|j|\u2606MattCol\n|j|\u2606gonegeb\n|t:|1701120577\n|gametype|doubles\n|player|p1|MattCol|170|\n|player|p2|gonegeb|alain|\n|teamsize|p1|6\n|teamsize|p2|6\n|gen|9\n|tier|[Gen 9] Doubles OU\n|rule|Species Clause: Limit one of each Pok\u00e9mon\n|rule|OHKO Clause: OHKO moves are banned\n|rule|Evasion Moves Clause: Evasion moves are banned\n|rule|Gravity Sleep Clause: The combination of sleep-inducing moves with imperfect accuracy and Gravity or Gigantamax Orbeetle are banned\n|rule|Endless Battle Clause: Forcing endless battles is banned\n|rule|HP Percentage Mod: HP is shown in percentages\n|clearpoke\n|poke|p1|Quaquaval, F|\n|poke|p1|Baxcalibur, M|\n|poke|p1|Cinderace, F|\n|poke|p1|Slowbro-Galar, F|\n|poke|p1|Cacturne, M|\n|poke|p1|Ditto|\n|poke|p2|Lucario, M|\n|poke|p2|Umbreon, M|\n|poke|p2|Arcanine, F|\n|poke|p2|Maushold|\n|poke|p2|Ceruledge, M|\n|poke|p2|Torkoal, M|\n|teampreview\n|\n|t:|1701120591\n|start\n|switch|p1a: Cinderace|Cinderace, F|100\/100\n|switch|p1b: Slowbro|Slowbro-Galar, F|100\/100\n|switch|p2a: Ceruledge|Ceruledge, M, shiny|100\/100\n|switch|p2b: Torkoal|Torkoal, M, shiny|100\/100\n|-weather|SunnyDay|[from] ability: Drought|[of] p2b: Torkoal\n|turn|1\n|\n|t:|1701120618\n|switch|p1b: Ditto|Ditto|100\/100\n|-transform|p1b: Ditto|p2a: Ceruledge|[from] ability: Imposter\n|move|p1a: Cinderace|Taunt|p2a: Ceruledge\n|-start|p1a: Cinderace|typechange|Dark|[from] ability: Libero\n|-start|p2a: Ceruledge|move: Taunt\n|cant|p2a: Ceruledge|move: Taunt|Bulk Up\n|move|p2b: Torkoal|Lava Plume|p1b: Ditto|[spread] p1a\n|-start|p2a: Ceruledge|ability: Flash Fire\n|-start|p1b: Ditto|ability: Flash Fire\n|-damage|p1a: Cinderace|42\/100\n|\n|-weather|SunnyDay|[upkeep]\n|upkeep\n|turn|2\n|\n|t:|1701120647\n|-end|p2a: Ceruledge|ability: Flash Fire|[silent]\n|switch|p2a: Arcanine|Arcanine, F, shiny|100\/100\n|-ability|p2a: Arcanine|Intimidate|boost\n|-unboost|p1a: Cinderace|atk|1\n|-unboost|p1b: Ditto|atk|1\n|move|p1b: Ditto|Shadow Sneak|p2a: Arcanine\n|-damage|p2a: Arcanine|91\/100\n|move|p1a: Cinderace|U-turn|p2a: Arcanine\n|-resisted|p2a: Arcanine\n|-damage|p2a: Arcanine|85\/100\n|\n|t:|1701120657\n|switch|p1a: Slowbro|Slowbro-Galar, F|100\/100|[from] U-turn\n|move|p2b: Torkoal|Earth Power|p1b: Ditto\n|-supereffective|p1b: Ditto\n|-damage|p1b: Ditto|60\/100\n|-unboost|p1b: Ditto|spd|1\n|\n|-weather|SunnyDay|[upkeep]\n|upkeep\n|turn|3\n|\n|t:|1701120686\n|-end|p1b: Ditto|ability: Flash Fire|[silent]\n|switch|p1b: Cinderace|Cinderace, F|42\/100\n|switch|p2a: Umbreon|Umbreon, M, shiny|100\/100\n|switch|p2b: Ceruledge|Ceruledge, M, shiny|100\/100\n|move|p1a: Slowbro|Nasty Plot|p1a: Slowbro\n|-boost|p1a: Slowbro|spa|2\n|\n|-weather|SunnyDay|[upkeep]\n|upkeep\n|turn|4\n|\n|t:|1701120715\n|move|p2a: Umbreon|Protect|p2a: Umbreon\n|-singleturn|p2a: Umbreon|Protect\n|move|p1b: Cinderace|U-turn|p2a: Umbreon\n|-start|p1b: Cinderace|typechange|Bug|[from] ability: Libero\n|-activate|p2a: Umbreon|move: Protect\n|move|p2b: Ceruledge|Bitter Blade|p1a: Slowbro\n|-damage|p1a: Slowbro|52\/100\n|move|p1a: Slowbro|Shell Side Arm|p2a: Umbreon|[anim] Shell Side Arm Special\n|-activate|p2a: Umbreon|move: Protect\n|\n|-weather|SunnyDay|[upkeep]\n|upkeep\n|turn|5\n|-activate|p1a: Slowbro|ability: Quick Draw\n|\n|t:|1701120756\n|move|p1a: Slowbro|Shell Side Arm|p2a: Umbreon|[anim] Shell Side Arm Special\n|-damage|p2a: Umbreon|50\/100\n|-hint|Special Shell Side Arm\n|-status|p2a: Umbreon|psn\n|move|p1b: Cinderace|U-turn|p2a: Umbreon\n|-supereffective|p2a: Umbreon\n|-damage|p2a: Umbreon|9\/100 psn\n|\n|t:|1701120771\n|switch|p1b: Quaquaval|Quaquaval, F|100\/100|[from] U-turn\n|move|p2b: Ceruledge|Bitter Blade|p1a: Slowbro\n|-damage|p1a: Slowbro|0 fnt\n|faint|p1a: Slowbro\n|move|p2a: Umbreon|Toxic|p1b: Quaquaval\n|-status|p1b: Quaquaval|tox\n|\n|-weather|none\n|-heal|p2a: Umbreon|15\/100 psn|[from] item: Leftovers\n|-damage|p1b: Quaquaval|94\/100 tox|[from] psn\n|-damage|p2a: Umbreon|3\/100 psn|[from] psn\n|upkeep\n|\n|t:|1701120793\n|switch|p1a: Cacturne|Cacturne, M|100\/100\n|turn|6\n|\n|t:|1701120804\n|switch|p2b: Arcanine|Arcanine, F, shiny|85\/100\n|-ability|p2b: Arcanine|Intimidate|boost\n|-unboost|p1a: Cacturne|atk|1\n|-unboost|p1b: Quaquaval|atk|1\n|switch|p2a: Torkoal|Torkoal, M, shiny|100\/100\n|-weather|SunnyDay|[from] ability: Drought|[of] p2a: Torkoal\n|-terastallize|p1a: Cacturne|Water\n|move|p1b: Quaquaval|Bulk Up|p1b: Quaquaval\n|-boost|p1b: Quaquaval|atk|1\n|-boost|p1b: Quaquaval|def|1\n|move|p1a: Cacturne|Swords Dance|p1a: Cacturne\n|-boost|p1a: Cacturne|atk|2\n|\n|-weather|SunnyDay|[upkeep]\n|-heal|p1b: Quaquaval|100\/100 tox|[from] item: Leftovers\n|-damage|p1b: Quaquaval|88\/100 tox|[from] psn\n|upkeep\n|turn|7\n|\n|t:|1701120830\n|switch|p2a: Maushold|Maushold|100\/100\n|move|p1a: Cacturne|Helping Hand|p1b: Quaquaval\n|-singleturn|p1b: Quaquaval|Helping Hand|[of] p1a: Cacturne\n|move|p1b: Quaquaval|Aqua Step|p2b: Arcanine\n|-supereffective|p2b: Arcanine\n|-damage|p2b: Arcanine|33\/100\n|-boost|p1b: Quaquaval|spe|1\n|move|p2b: Arcanine|Will-O-Wisp|p1a: Cacturne|[miss]\n|-miss|p2b: Arcanine|p1a: Cacturne\n|\n|-weather|SunnyDay|[upkeep]\n|-heal|p1b: Quaquaval|94\/100 tox|[from] item: Leftovers\n|-damage|p1b: Quaquaval|76\/100 tox|[from] psn\n|upkeep\n|turn|8\n|\n|t:|1701120875\n|switch|p2b: Torkoal|Torkoal, M, shiny|100\/100\n|move|p1b: Quaquaval|Taunt|p2a: Maushold\n|-start|p2a: Maushold|move: Taunt\n|cant|p2a: Maushold|move: Taunt|Taunt\n|move|p1a: Cacturne|Swords Dance|p1a: Cacturne\n|-boost|p1a: Cacturne|atk|2\n|\n|-weather|SunnyDay|[upkeep]\n|-heal|p1b: Quaquaval|82\/100 tox|[from] item: Leftovers\n|-damage|p1b: Quaquaval|58\/100 tox|[from] psn\n|upkeep\n|turn|9\n|\n|t:|1701120902\n|switch|p2a: Arcanine|Arcanine, F, shiny|33\/100\n|-ability|p2a: Arcanine|Intimidate|boost\n|-unboost|p1a: Cacturne|atk|1\n|-unboost|p1b: Quaquaval|atk|1\n|move|p1a: Cacturne|Sucker Punch|p2b: Torkoal\n|-damage|p2b: Torkoal|49\/100\n|move|p1b: Quaquaval|Aqua Step|p2b: Torkoal\n|-supereffective|p2b: Torkoal\n|-damage|p2b: Torkoal|31\/100\n|-boost|p1b: Quaquaval|spe|1\n|move|p2b: Torkoal|Lava Plume|p1a: Cacturne|[spread] p2a,p1a,p1b\n|-resisted|p2a: Arcanine\n|-resisted|p1a: Cacturne\n|-resisted|p1b: Quaquaval\n|-damage|p2a: Arcanine|14\/100\n|-damage|p1a: Cacturne|70\/100\n|-damage|p1b: Quaquaval|33\/100 tox\n|\n|-weather|SunnyDay|[upkeep]\n|-heal|p1b: Quaquaval|39\/100 tox|[from] item: Leftovers\n|-damage|p1b: Quaquaval|8\/100 tox|[from] psn\n|upkeep\n|turn|10\n|\n|t:|1701120972\n|move|p2b: Torkoal|Protect|p2b: Torkoal\n|-singleturn|p2b: Torkoal|Protect\n|move|p1a: Cacturne|Sucker Punch||[still]\n|-fail|p1a: Cacturne\n|move|p1b: Quaquaval|Aqua Step|p2a: Arcanine\n|-supereffective|p2a: Arcanine\n|-damage|p2a: Arcanine|0 fnt\n|-boost|p1b: Quaquaval|spe|1\n|faint|p2a: Arcanine\n|-ability|p1b: Quaquaval|Moxie|boost\n|-boost|p1b: Quaquaval|atk|1\n|\n|-weather|none\n|-heal|p1b: Quaquaval|14\/100 tox|[from] item: Leftovers\n|-damage|p1b: Quaquaval|0 fnt|[from] psn\n|faint|p1b: Quaquaval\n|upkeep\n|\n|t:|1701121031\n|switch|p1b: Baxcalibur|Baxcalibur, M|100\/100\n|switch|p2a: Umbreon|Umbreon, M, shiny|3\/100 psn\n|turn|11\n|\n|t:|1701121059\n|switch|p2b: Maushold|Maushold|100\/100\n|move|p1b: Baxcalibur|Protect|p1b: Baxcalibur\n|-singleturn|p1b: Baxcalibur|Protect\n|move|p1a: Cacturne|Sucker Punch||[still]\n|-fail|p1a: Cacturne\n|move|p2a: Umbreon|Wish|p2a: Umbreon\n|\n|-heal|p2a: Umbreon|9\/100 psn|[from] item: Leftovers\n|-damage|p2a: Umbreon|0 fnt|[from] psn\n|faint|p2a: Umbreon\n|upkeep\n|l|\u2606MattCol\n|player|p1|\n|j|\u2606MattCol\n|player|p1|MattCol|170\n|l|\u2606MattCol\n|player|p1|\n|j|\u2606MattCol\n|player|p1|MattCol|170\n|l|\u2606MattCol\n|player|p1|\n|\n|t:|1701121399\n|switch|p2a: Lucario|Lucario, M|100\/100\n|turn|12\n|j|\u2606MattCol\n|player|p1|MattCol|170\n|l|\u2606gonegeb\n|player|p2|\n|j|\u2606gonegeb\n|player|p2|gonegeb|alain\n|\n|t:|1701121536\n|move|p1b: Baxcalibur|Protect|p1b: Baxcalibur\n|-singleturn|p1b: Baxcalibur|Protect\n|move|p1a: Cacturne|Sucker Punch|p2a: Lucario\n|-resisted|p2a: Lucario\n|-damage|p2a: Lucario|46\/100\n|-ability|p2a: Lucario|Justified|boost\n|-boost|p2a: Lucario|atk|1\n|move|p2b: Maushold|Beat Up|p2a: Lucario\n|-resisted|p2a: Lucario\n|-damage|p2a: Lucario|43\/100\n|-ability|p2a: Lucario|Justified|boost\n|-boost|p2a: Lucario|atk|1\n|-resisted|p2a: Lucario\n|-damage|p2a: Lucario|41\/100\n|-ability|p2a: Lucario|Justified|boost\n|-boost|p2a: Lucario|atk|1\n|-resisted|p2a: Lucario\n|-damage|p2a: Lucario|39\/100\n|-ability|p2a: Lucario|Justified|boost\n|-boost|p2a: Lucario|atk|1\n|-resisted|p2a: Lucario\n|-damage|p2a: Lucario|37\/100\n|-ability|p2a: Lucario|Justified|boost\n|-boost|p2a: Lucario|atk|1\n|-hitcount|p2a: Lucario|4\n|move|p2a: Lucario|Drain Punch|p1b: Baxcalibur\n|-activate|p1b: Baxcalibur|move: Protect\n|\n|-heal|p2a: Lucario|100\/100|[from] move: Wish|[wisher] Umbreon\n|upkeep\n|turn|13\n|\n|t:|1701121631\n|switch|p1b: Ditto|Ditto|60\/100\n|-transform|p1b: Ditto|p2a: Lucario|[from] ability: Imposter\n|move|p2b: Maushold|Follow Me|p2b: Maushold\n|-singleturn|p2b: Maushold|move: Follow Me\n|move|p1a: Cacturne|Sucker Punch||[still]\n|-fail|p1a: Cacturne\n|move|p2a: Lucario|Drain Punch|p1b: Ditto\n|-supereffective|p1b: Ditto\n|-damage|p1b: Ditto|0 fnt\n|faint|p1b: Ditto\n|\n|upkeep\n|c|\u2606gonegeb|joverino cluccino\n|c|\u2606gonegeb|coluccino pardon me\n|l|\u2606MattCol\n|player|p1|\n|j|\u2606MattCol\n|player|p1|MattCol|170\n|\n|t:|1701121708\n|switch|p1b: Cinderace|Cinderace, F|42\/100\n|turn|14\n|\n|t:|1701121730\n|-terastallize|p2a: Lucario|Normal\n|move|p2b: Maushold|Follow Me|p2b: Maushold\n|-singleturn|p2b: Maushold|move: Follow Me\n|move|p2a: Lucario|Extreme Speed|p1b: Cinderace\n|-damage|p1b: Cinderace|0 fnt\n|faint|p1b: Cinderace\n|move|p1a: Cacturne|Sucker Punch||[still]\n|-fail|p1a: Cacturne\n|\n|upkeep\n|l|\u2606MattCol\n|player|p1|\n|j|\u2606MattCol\n|player|p1|MattCol|170\n|\n|t:|1701121769\n|switch|p1b: Baxcalibur|Baxcalibur, M|100\/100\n|turn|15\n|\n|t:|1701121810\n|move|p1a: Cacturne|Helping Hand|p1b: Baxcalibur\n|-singleturn|p1b: Baxcalibur|Helping Hand|[of] p1a: Cacturne\n|move|p2b: Maushold|Follow Me|p2b: Maushold\n|-singleturn|p2b: Maushold|move: Follow Me\n|move|p2a: Lucario|Drain Punch|p1b: Baxcalibur\n|-supereffective|p1b: Baxcalibur\n|-damage|p1b: Baxcalibur|0 fnt\n|faint|p1b: Baxcalibur\n|\n|upkeep\n|turn|16\n|\n|t:|1701121832\n|move|p2a: Lucario|Protect|p2a: Lucario\n|-singleturn|p2a: Lucario|Protect\n|move|p1a: Cacturne|Sucker Punch||[still]\n|-fail|p1a: Cacturne\n|move|p2b: Maushold|Encore|p1a: Cacturne\n|-start|p1a: Cacturne|Encore\n|\n|upkeep\n|turn|17\n|l|\u2606gonegeb\n|player|p2|\n|c|\u2606MattCol|Meta ass team smh\n|c|\u2606MattCol|Get ready for anti grn\n|c|\u2606MattCol|geb\n|j|\u2606gonegeb\n|player|p2|gonegeb|alain\n|-message|MattCol forfeited.\n|\n|win|gonegeb\n|l|\u2606MattCol\n","uploadtime":1701121943,"views":12,"p1id":"mattcol","p2id":"gonegeb","formatid":"gen9doublesou","rating":0,"private":0,"password":""}