{"id":"gen9doublesou-1988890047","p1":"Geniusatstuff","p2":"Souj","format":"[Gen 9] Doubles OU","log":"|j|\u2606Geniusatstuff\n|j|\u2606Souj\n|t:|1699781993\n|gametype|doubles\n|player|p1|Geniusatstuff|266|1192\n|player|p2|Souj|nate|1347\n|teamsize|p1|6\n|teamsize|p2|6\n|gen|9\n|tier|[Gen 9] Doubles OU\n|rated|\n|rule|Species Clause: Limit one of each Pok\u00e9mon\n|rule|OHKO Clause: OHKO moves are banned\n|rule|Evasion Moves Clause: Evasion moves are banned\n|rule|Gravity Sleep Clause: The combination of sleep-inducing moves with imperfect accuracy and Gravity or Gigantamax Orbeetle are banned\n|rule|Endless Battle Clause: Forcing endless battles is banned\n|rule|HP Percentage Mod: HP is shown in percentages\n|clearpoke\n|poke|p1|Baxcalibur, M|\n|poke|p1|Milotic, F|\n|poke|p1|Oricorio-Pom-Pom, M|\n|poke|p1|Flamigo, F|\n|poke|p1|Volcarona, F|\n|poke|p1|Wyrdeer, F|\n|poke|p2|Meowscarada, F|\n|poke|p2|Garganacl, M|\n|poke|p2|Ceruledge, M|\n|poke|p2|Kilowattrel, M|\n|poke|p2|Tinkaton, F|\n|poke|p2|Gholdengo|\n|teampreview\n|inactive|Battle timer is ON: inactive players will automatically lose when time's up. (requested by Souj)\n|inactive|Geniusatstuff has 120 seconds left.\n|\n|t:|1699782044\n|start\n|switch|p1a: Oricorio|Oricorio-Pom-Pom, M, shiny|100\/100\n|switch|p1b: Wyrdeer|Wyrdeer, F, shiny|100\/100\n|switch|p2a: Kilowattrel|Kilowattrel, M|100\/100\n|switch|p2b: Tinkaton|Tinkaton, F|100\/100\n|-ability|p2b: Tinkaton|Mold Breaker\n|-ability|p1b: Wyrdeer|Intimidate|boost\n|-unboost|p2a: Kilowattrel|atk|1\n|-unboost|p2b: Tinkaton|atk|1\n|turn|1\n|\n|t:|1699782063\n|move|p2a: Kilowattrel|Tailwind|p2a: Kilowattrel\n|-sidestart|p2: Souj|move: Tailwind\n|move|p2b: Tinkaton|Thunder Wave|p1b: Wyrdeer\n|-status|p1b: Wyrdeer|par\n|-enditem|p1b: Wyrdeer|Lum Berry|[eat]\n|-curestatus|p1b: Wyrdeer|par|[msg]\n|move|p1a: Oricorio|Tailwind|p1a: Oricorio\n|-sidestart|p1: Geniusatstuff|move: Tailwind\n|move|p1b: Wyrdeer|Skill Swap|p1a: Oricorio\n|-activate|p1b: Wyrdeer|move: Skill Swap|||[of] p1a: Oricorio\n|-ability|p1a: Oricorio|Intimidate|boost\n|-unboost|p2a: Kilowattrel|atk|1\n|-unboost|p2b: Tinkaton|atk|1\n|\n|upkeep\n|turn|2\n|inactive|Geniusatstuff has 120 seconds left.\n|\n|t:|1699782096\n|move|p2a: Kilowattrel|Air Slash|p1b: Wyrdeer\n|-damage|p1b: Wyrdeer|70\/100\n|move|p2b: Tinkaton|Encore|p1b: Wyrdeer\n|-start|p1b: Wyrdeer|Encore\n|move|p1a: Oricorio|Quiver Dance|p1a: Oricorio\n|-boost|p1a: Oricorio|spa|1\n|-boost|p1a: Oricorio|spd|1\n|-boost|p1a: Oricorio|spe|1\n|-activate|p1b: Wyrdeer|ability: Dancer\n|move|p1b: Wyrdeer|Quiver Dance|p1b: Wyrdeer|[from]ability: Dancer\n|-boost|p1b: Wyrdeer|spa|1\n|-boost|p1b: Wyrdeer|spd|1\n|-boost|p1b: Wyrdeer|spe|1\n|move|p1b: Wyrdeer|Skill Swap|p2a: Kilowattrel\n|-activate|p1b: Wyrdeer|move: Skill Swap|Volt Absorb|Dancer|[of] p2a: Kilowattrel\n|\n|upkeep\n|turn|3\n|inactive|Geniusatstuff has 120 seconds left.\n|inactive|Souj has 120 seconds left.\n|\n|t:|1699782133\n|move|p1a: Oricorio|Protect|p1a: Oricorio\n|-singleturn|p1a: Oricorio|Protect\n|move|p2a: Kilowattrel|Thunderbolt|p1a: Oricorio\n|-activate|p1a: Oricorio|move: Protect\n|move|p2b: Tinkaton|Encore|p1a: Oricorio\n|-activate|p1a: Oricorio|move: Protect\n|move|p1b: Wyrdeer|Skill Swap|p2a: Kilowattrel\n|-activate|p1b: Wyrdeer|move: Skill Swap|Dancer|Volt Absorb|[of] p2a: Kilowattrel\n|\n|upkeep\n|turn|4\n|inactive|Geniusatstuff has 120 seconds left.\n|\n|t:|1699782157\n|switch|p1a: Milotic|Milotic, F, shiny|100\/100\n|switch|p2b: Garganacl|Garganacl, M|100\/100\n|move|p2a: Kilowattrel|Air Slash|p1b: Wyrdeer\n|-damage|p1b: Wyrdeer|47\/100\n|move|p1b: Wyrdeer|Skill Swap|p1a: Milotic\n|-activate|p1b: Wyrdeer|move: Skill Swap|||[of] p1a: Milotic\n|\n|-end|p1b: Wyrdeer|Encore\n|-sideend|p2: Souj|move: Tailwind\n|-sideend|p1: Geniusatstuff|move: Tailwind\n|upkeep\n|turn|5\n|inactive|Geniusatstuff has 120 seconds left.\n|\n|t:|1699782180\n|-terastallize|p1a: Milotic|Steel\n|-terastallize|p2b: Garganacl|Ghost\n|move|p2a: Kilowattrel|Tailwind|p2a: Kilowattrel\n|-sidestart|p2: Souj|move: Tailwind\n|move|p1b: Wyrdeer|Stored Power|p2a: Kilowattrel\n|-damage|p2a: Kilowattrel|21\/100\n|move|p2b: Garganacl|Salt Cure|p1a: Milotic\n|-resisted|p1a: Milotic\n|-damage|p1a: Milotic|94\/100\n|-start|p1a: Milotic|Salt Cure\n|move|p1a: Milotic|Coil|p1a: Milotic\n|-boost|p1a: Milotic|atk|1\n|-boost|p1a: Milotic|def|1\n|-boost|p1a: Milotic|accuracy|1\n|\n|-heal|p1a: Milotic|99\/100|[from] item: Leftovers\n|-damage|p1a: Milotic|75\/100|[from] Salt Cure\n|upkeep\n|turn|6\n|inactive|Geniusatstuff has 120 seconds left.\n|\n|t:|1699782219\n|move|p2a: Kilowattrel|Endeavor|p1a: Milotic\n|-damage|p1a: Milotic|17\/100\n|move|p1b: Wyrdeer|Stored Power|p2a: Kilowattrel\n|-crit|p2a: Kilowattrel\n|-damage|p2a: Kilowattrel|0 fnt\n|faint|p2a: Kilowattrel\n|move|p2b: Garganacl|Salt Cure|p1b: Wyrdeer\n|-damage|p1b: Wyrdeer|36\/100\n|-start|p1b: Wyrdeer|Salt Cure\n|move|p1a: Milotic|Blizzard|p2b: Garganacl\n|-damage|p2b: Garganacl|76\/100\n|\n|-heal|p1a: Milotic|23\/100|[from] item: Leftovers\n|-damage|p1b: Wyrdeer|24\/100|[from] Salt Cure\n|-damage|p1a: Milotic|0 fnt|[from] Salt Cure\n|faint|p1a: Milotic\n|upkeep\n|inactive|Geniusatstuff has 120 seconds left.\n|\n|t:|1699782247\n|switch|p2a: Tinkaton|Tinkaton, F|100\/100\n|switch|p1a: Oricorio|Oricorio-Pom-Pom, M, shiny|100\/100\n|-ability|p2a: Tinkaton|Mold Breaker\n|turn|7\n|\n|t:|1699782259\n|move|p1a: Oricorio|Protect|p1a: Oricorio\n|-singleturn|p1a: Oricorio|Protect\n|move|p2a: Tinkaton|Gigaton Hammer|p1b: Wyrdeer\n|-crit|p1b: Wyrdeer\n|-damage|p1b: Wyrdeer|0 fnt\n|faint|p1b: Wyrdeer\n|move|p2b: Garganacl|Recover|p2b: Garganacl\n|-heal|p2b: Garganacl|100\/100\n|\n|upkeep\n|inactive|Geniusatstuff has 120 seconds left.\n|\n|t:|1699782273\n|switch|p1b: Volcarona|Volcarona, F, shiny|100\/100\n|turn|8\n|\n|t:|1699782281\n|move|p2b: Garganacl|Wide Guard|p2b: Garganacl\n|-singleturn|p2b: Garganacl|Wide Guard\n|move|p2a: Tinkaton|Encore|p1a: Oricorio\n|-start|p1a: Oricorio|Encore\n|move|p1b: Volcarona|Quiver Dance|p1b: Volcarona\n|-boost|p1b: Volcarona|spa|1\n|-boost|p1b: Volcarona|spd|1\n|-boost|p1b: Volcarona|spe|1\n|-activate|p1a: Oricorio|ability: Dancer\n|move|p1a: Oricorio|Quiver Dance|p1a: Oricorio|[from]ability: Dancer\n|-boost|p1a: Oricorio|spa|1\n|-boost|p1a: Oricorio|spd|1\n|-boost|p1a: Oricorio|spe|1\n|move|p1a: Oricorio|Protect||[still]\n|-fail|p1a: Oricorio\n|\n|-sideend|p2: Souj|move: Tailwind\n|upkeep\n|turn|9\n|\n|t:|1699782304\n|move|p1a: Oricorio|Protect|p1a: Oricorio\n|-singleturn|p1a: Oricorio|Protect\n|move|p1b: Volcarona|Fiery Dance|p2a: Tinkaton\n|-supereffective|p2a: Tinkaton\n|-damage|p2a: Tinkaton|0 fnt\n|faint|p2a: Tinkaton\n|-activate|p1a: Oricorio|ability: Dancer\n|move|p1a: Oricorio|Fiery Dance|p2b: Garganacl|[from]ability: Dancer\n|-damage|p2b: Garganacl|69\/100\n|move|p2b: Garganacl|Rock Slide|p1b: Volcarona|[spread] p1b\n|-activate|p1a: Oricorio|move: Protect\n|-supereffective|p1b: Volcarona\n|-damage|p1b: Volcarona|0 fnt\n|faint|p1b: Volcarona\n|\n|upkeep\n|\n|t:|1699782331\n|switch|p1b: Flamigo|Flamigo, F, shiny|100\/100\n|switch|p2a: Ceruledge|Ceruledge, M|100\/100\n|-copyboost|p1b: Flamigo|p1a: Oricorio|[from] ability: Costar\n|turn|10\n|\n|t:|1699782357\n|move|p1a: Oricorio|Protect|p1a: Oricorio\n|-singleturn|p1a: Oricorio|Protect\n|move|p1b: Flamigo|Throat Chop|p2a: Ceruledge\n|-supereffective|p2a: Ceruledge\n|-damage|p2a: Ceruledge|0 fnt\n|faint|p2a: Ceruledge\n|-damage|p1b: Flamigo|91\/100|[from] item: Life Orb\n|move|p2b: Garganacl|Rock Slide|p1b: Flamigo|[spread] \n|-activate|p1a: Oricorio|move: Protect\n|-miss|p2b: Garganacl|p1b: Flamigo\n|\n|-end|p1a: Oricorio|Encore\n|upkeep\n|\n|t:|1699782364\n|switch|p2a: Gholdengo|Gholdengo|100\/100\n|-item|p2a: Gholdengo|Air Balloon\n|turn|11\n|\n|t:|1699782385\n|move|p2a: Gholdengo|Protect|p2a: Gholdengo\n|-singleturn|p2a: Gholdengo|Protect\n|move|p1a: Oricorio|Quiver Dance|p1a: Oricorio\n|-boost|p1a: Oricorio|spa|1\n|-boost|p1a: Oricorio|spd|1\n|-boost|p1a: Oricorio|spe|1\n|move|p1b: Flamigo|Throat Chop|p2a: Gholdengo\n|-activate|p2a: Gholdengo|move: Protect\n|move|p2b: Garganacl|Salt Cure|p1b: Flamigo\n|-damage|p1b: Flamigo|72\/100\n|-start|p1b: Flamigo|Salt Cure\n|\n|-damage|p1b: Flamigo|60\/100|[from] Salt Cure\n|upkeep\n|turn|12\n|\n|t:|1699782422\n|move|p1a: Oricorio|Tailwind|p1a: Oricorio\n|-sidestart|p1: Geniusatstuff|move: Tailwind\n|move|p1b: Flamigo|Throat Chop|p2a: Gholdengo\n|-supereffective|p2a: Gholdengo\n|-damage|p2a: Gholdengo|24\/100\n|-start|p2a: Gholdengo|Throat Chop|[silent]\n|-enditem|p2a: Gholdengo|Air Balloon\n|-damage|p1b: Flamigo|50\/100|[from] item: Life Orb\n|move|p2a: Gholdengo|Make It Rain|p1b: Flamigo|[spread] p1a,p1b\n|-resisted|p1a: Oricorio\n|-damage|p1a: Oricorio|83\/100\n|-damage|p1b: Flamigo|0 fnt\n|-unboost|p2a: Gholdengo|spa|1\n|faint|p1b: Flamigo\n|move|p2b: Garganacl|Salt Cure|p1a: Oricorio\n|-supereffective|p1a: Oricorio\n|-damage|p1a: Oricorio|35\/100\n|-start|p1a: Oricorio|Salt Cure\n|\n|-damage|p1a: Oricorio|23\/100|[from] Salt Cure\n|upkeep\n|inactive|Geniusatstuff has 120 seconds left.\n|\n|t:|1699782444\n|switch|p1b: Baxcalibur|Baxcalibur, M, shiny|100\/100\n|turn|13\n|\n|t:|1699782455\n|move|p1b: Baxcalibur|Protect|p1b: Baxcalibur\n|-singleturn|p1b: Baxcalibur|Protect\n|move|p2a: Gholdengo|Protect|p2a: Gholdengo\n|-singleturn|p2a: Gholdengo|Protect\n|move|p1a: Oricorio|Revelation Dance|p2b: Garganacl\n|-damage|p2b: Garganacl|0 fnt\n|faint|p2b: Garganacl\n|\n|-damage|p1a: Oricorio|10\/100|[from] Salt Cure\n|-end|p2a: Gholdengo|Throat Chop|[silent]\n|upkeep\n|\n|t:|1699782462\n|switch|p2b: Meowscarada|Meowscarada, F|100\/100\n|turn|14\n|\n|t:|1699782478\n|move|p2b: Meowscarada|Sucker Punch||[still]\n|-fail|p2b: Meowscarada\n|move|p1a: Oricorio|Revelation Dance|p2a: Gholdengo\n|-damage|p2a: Gholdengo|0 fnt\n|faint|p2a: Gholdengo\n|move|p1b: Baxcalibur|Dragon Dance|p1b: Baxcalibur\n|-boost|p1b: Baxcalibur|atk|1\n|-boost|p1b: Baxcalibur|spe|1\n|-activate|p1a: Oricorio|ability: Dancer\n|move|p1a: Oricorio|Dragon Dance|p1a: Oricorio|[from]ability: Dancer\n|-boost|p1a: Oricorio|atk|1\n|-boost|p1a: Oricorio|spe|1\n|\n|-damage|p1a: Oricorio|0 fnt|[from] Salt Cure\n|faint|p1a: Oricorio\n|upkeep\n|turn|15\n|c|\u2606Souj|gg\n|\n|t:|1699782500\n|move|p1b: Baxcalibur|Icicle Spear|p2b: Meowscarada\n|-supereffective|p2b: Meowscarada\n|-damage|p2b: Meowscarada|38\/100\n|-supereffective|p2b: Meowscarada\n|-damage|p2b: Meowscarada|0 fnt\n|faint|p2b: Meowscarada\n|-hitcount|p2: Meowscarada|2\n|\n|win|Geniusatstuff\n|raw|Geniusatstuff's rating: 1192 &rarr; <strong>1227<\/strong><br \/>(+35 for winning)\n|raw|Souj's rating: 1347 &rarr; <strong>1319<\/strong><br \/>(-28 for losing)\n|l|\u2606Souj\n","uploadtime":1699782511,"views":22,"p1id":"geniusatstuff","p2id":"souj","formatid":"gen9doublesou","rating":1227,"private":0,"password":""}