{"id":"gen9doublesou-1986527887","p1":"AIRedzone","p2":"Toxigen","format":"[Gen 9] Doubles OU","log":"|j|\u2606AIRedzone\n|j|\u2606Toxigen\n|t:|1699488409\n|gametype|doubles\n|player|p1|AIRedzone|#dwcopiii|\n|player|p2|Toxigen|#dpl9spectralthieves|\n|teamsize|p1|6\n|teamsize|p2|6\n|gen|9\n|tier|[Gen 9] Doubles OU\n|rule|Species Clause: Limit one of each Pok\u00e9mon\n|rule|OHKO Clause: OHKO moves are banned\n|rule|Evasion Moves Clause: Evasion moves are banned\n|rule|Gravity Sleep Clause: The combination of sleep-inducing moves with imperfect accuracy and Gravity or Gigantamax Orbeetle are banned\n|rule|Endless Battle Clause: Forcing endless battles is banned\n|rule|HP Percentage Mod: HP is shown in percentages\n|clearpoke\n|poke|p1|Kommo-o, F|\n|poke|p1|Chi-Yu|\n|poke|p1|Ogerpon-Wellspring, F|\n|poke|p1|Tornadus, M|\n|poke|p1|Iron Hands|\n|poke|p1|Gholdengo|\n|poke|p2|Glimmora, F|\n|poke|p2|Landorus-Therian, M|\n|poke|p2|Flutter Mane|\n|poke|p2|Heatran, F|\n|poke|p2|Rillaboom, F|\n|poke|p2|Ogerpon-Hearthflame, F|\n|teampreview\n|inactive|Battle timer is ON: inactive players will automatically lose when time's up. (requested by Toxigen)\n|c|\u2606Toxigen|hf\n|j| F3rrari450\n|j| eragon11145\n|j| MADARAAAA\n|c|\u2606AIRedzone|you too\n|c|\u2606Toxigen|ready to get embarassed\n|c|\u2606Toxigen|(me)\n|j| AndreyVGC\n|j| Losconosciuto\n|inactive|AIRedzone has 270 seconds left.\n|inactive|Toxigen has 270 seconds left.\n|j| Ninja\n|j| Lunarr\n|c|\u2606AIRedzone|dawg my stomach is on fire and im falling asleep\n|c|\u2606AIRedzone|you got this dw\n|j| Ciro Napoli\n|j| GuitarheroVGC\n|c| eragon11145|average douer\n|j|+paolode99\n|j| Rapid Spin Vettel\n|j| Entrocefalo\n|j| Toxinalpaca\n|j|+zoe\n|c|\u2606Toxigen|the dou experience\n|j| sanjaydas\n|j| NinjaSnapple\n|inactive|AIRedzone has 240 seconds left.\n|inactive|Toxigen has 240 seconds left.\n|c| Ciro Napoli|We toxigen\n|c|\u2606Toxigen|listening to free bird\n|c| Toxinalpaca|A normal day in dou:\n|j| kunal2\n|j| Amaranth\n|inactive|AIRedzone has 210 seconds left.\n|inactive|Toxigen has 210 seconds left.\n|j| Chris Letters\n|j| R4ye\n|n| ratpacker|chrisletters\n|c| Toxinalpaca|Chris letter?!\n|inactive|AIRedzone has 180 seconds left.\n|l|+zoe\n|\n|t:|1699488545\n|start\n|switch|p1a: Jhalak Dikhla Ja|Iron Hands|100\/100\n|switch|p1b: Hookah Bar|Kommo-o, F|100\/100\n|switch|p2a: Glimmora|Glimmora, F|100\/100\n|switch|p2b: Rillaboom|Rillaboom, F|100\/100\n|-fieldstart|move: Grassy Terrain|[from] ability: Grassy Surge|[of] p2b: Rillaboom\n|turn|1\n|inactive|AIRedzone has 240 seconds left.\n|\n|t:|1699488569\n|move|p2b: Rillaboom|Fake Out|p1b: Hookah Bar\n|-damage|p1b: Hookah Bar|91\/100\n|move|p1a: Jhalak Dikhla Ja|Fake Out|p2a: Glimmora\n|-resisted|p2a: Glimmora\n|-crit|p2a: Glimmora\n|-damage|p2a: Glimmora|91\/100\n|-activate|p2a: Glimmora|ability: Toxic Debris\n|-sidestart|p1: AIRedzone|move: Toxic Spikes\n|cant|p2a: Glimmora|flinch\n|cant|p1b: Hookah Bar|flinch\n|\n|-heal|p2a: Glimmora|97\/100|[from] Grassy Terrain\n|-heal|p1b: Hookah Bar|97\/100|[from] Grassy Terrain\n|-heal|p1b: Hookah Bar|100\/100|[from] item: Leftovers\n|upkeep\n|turn|2\n|inactive|AIRedzone has 240 seconds left.\n|inactive|Toxigen has 270 seconds left.\n|j| Smudge\n|\n|t:|1699488600\n|move|p2a: Glimmora|Stealth Rock|p1a: Jhalak Dikhla Ja\n|-sidestart|p1: AIRedzone|move: Stealth Rock\n|move|p2b: Rillaboom|U-turn|p1b: Hookah Bar\n|-resisted|p1b: Hookah Bar\n|-damage|p1b: Hookah Bar|92\/100\n|\n|t:|1699488605\n|switch|p2b: Flutter Mane|Flutter Mane|100\/100|[from] U-turn\n|move|p1b: Hookah Bar|Iron Defense|p1b: Hookah Bar\n|-boost|p1b: Hookah Bar|def|2\n|move|p1a: Jhalak Dikhla Ja|Heavy Slam|p2a: Glimmora\n|-supereffective|p2a: Glimmora\n|-damage|p2a: Glimmora|16\/100\n|-activate|p2a: Glimmora|ability: Toxic Debris\n|-sidestart|p1: AIRedzone|move: Toxic Spikes\n|-enditem|p2a: Glimmora|Sitrus Berry|[eat]\n|-heal|p2a: Glimmora|41\/100|[from] item: Sitrus Berry\n|\n|-heal|p2a: Glimmora|47\/100|[from] Grassy Terrain\n|-heal|p1b: Hookah Bar|98\/100|[from] Grassy Terrain\n|-heal|p1b: Hookah Bar|100\/100|[from] item: Leftovers\n|upkeep\n|turn|3\n|inactive|AIRedzone has 240 seconds left.\n|inactive|Toxigen has 270 seconds left.\n|inactive|AIRedzone has 210 seconds left.\n|j| tyo\n|\n|t:|1699488681\n|-end|p2b: Flutter Mane|Protosynthesis|[silent]\n|switch|p2b: Landorus|Landorus-Therian, M|100\/100\n|-ability|p2b: Landorus|Intimidate|boost\n|-unboost|p1a: Jhalak Dikhla Ja|atk|1\n|-unboost|p1b: Hookah Bar|atk|1\n|move|p1b: Hookah Bar|Protect|p1b: Hookah Bar\n|-singleturn|p1b: Hookah Bar|Protect\n|move|p2a: Glimmora|Mortal Spin|p1b: Hookah Bar|[spread] p1a\n|-activate|p1b: Hookah Bar|move: Protect\n|-damage|p1a: Jhalak Dikhla Ja|97\/100\n|-status|p1a: Jhalak Dikhla Ja|psn\n|move|p1a: Jhalak Dikhla Ja|Heavy Slam|p2a: Glimmora\n|-supereffective|p2a: Glimmora\n|-damage|p2a: Glimmora|0 fnt\n|faint|p2a: Glimmora\n|\n|-heal|p1a: Jhalak Dikhla Ja|100\/100 psn|[from] Grassy Terrain\n|-damage|p1a: Jhalak Dikhla Ja|88\/100 psn|[from] psn\n|upkeep\n|j| Feyette\n|inactive|Toxigen has 240 seconds left.\n|inactive|Toxigen has 210 seconds left.\n|inactive|Toxigen has 180 seconds left.\n|l| R4ye\n|j| R4ye\n|\n|t:|1699488769\n|switch|p2a: Flutter Mane|Flutter Mane|100\/100\n|turn|4\n|inactive|Toxigen has 180 seconds left.\n|inactive|AIRedzone has 210 seconds left.\n|inactive|Toxigen has 150 seconds left.\n|inactive|AIRedzone has 180 seconds left.\n|l| R4ye\n|j| R4ye\n|inactive|AIRedzone has 150 seconds left.\n|j| Chihiro Watanuki\n|inactive|AIRedzone has 120 seconds left.\n|inactive|Toxigen has 120 seconds left.\n|l| R4ye\n|\n|t:|1699488893\n|switch|p1b: Aashiq Banaya|Ogerpon-Wellspring, F|100\/100\n|-status|p1b: Aashiq Banaya|tox\n|-damage|p1b: Aashiq Banaya|88\/100 tox|[from] Stealth Rock\n|move|p2b: Landorus|U-turn|p1a: Jhalak Dikhla Ja\n|-resisted|p1a: Jhalak Dikhla Ja\n|-damage|p1a: Jhalak Dikhla Ja|80\/100 psn\n|j| R4ye\n|\n|t:|1699488900\n|switch|p2b: Rillaboom|Rillaboom, F|100\/100|[from] U-turn\n|move|p2a: Flutter Mane|Dazzling Gleam|p1a: Jhalak Dikhla Ja|[spread] p1a,p1b\n|-supereffective|p1a: Jhalak Dikhla Ja\n|-damage|p1a: Jhalak Dikhla Ja|40\/100 psn\n|-damage|p1b: Aashiq Banaya|51\/100 tox\n|move|p1a: Jhalak Dikhla Ja|Heavy Slam|p2a: Flutter Mane\n|-supereffective|p2a: Flutter Mane\n|-damage|p2a: Flutter Mane|0 fnt\n|faint|p2a: Flutter Mane\n|-end|p2a: Flutter Mane|Protosynthesis|[silent]\n|\n|-heal|p1b: Aashiq Banaya|57\/100 tox|[from] Grassy Terrain\n|-heal|p1a: Jhalak Dikhla Ja|46\/100 psn|[from] Grassy Terrain\n|-damage|p1b: Aashiq Banaya|51\/100 tox|[from] psn\n|-damage|p1a: Jhalak Dikhla Ja|33\/100 psn|[from] psn\n|upkeep\n|\n|t:|1699488915\n|switch|p2a: Ogerpon|Ogerpon-Hearthflame, F|100\/100\n|-ability|p2a: Ogerpon|Mold Breaker\n|turn|5\n|inactive|Toxigen has 120 seconds left.\n|l| Toxinalpaca\n|inactive|AIRedzone has 120 seconds left.\n|\n|t:|1699488946\n|-end|p1a: Jhalak Dikhla Ja|Quark Drive|[silent]\n|switch|p1a: Hookah Bar|Kommo-o, F|100\/100\n|-status|p1a: Hookah Bar|tox\n|-damage|p1a: Hookah Bar|94\/100 tox|[from] Stealth Rock\n|move|p2b: Rillaboom|Fake Out|p1b: Aashiq Banaya\n|-damage|p1b: Aashiq Banaya|38\/100 tox\n|move|p2a: Ogerpon|Swords Dance|p2a: Ogerpon\n|-boost|p2a: Ogerpon|atk|2\n|cant|p1b: Aashiq Banaya|flinch\n|\n|-heal|p1b: Aashiq Banaya|44\/100 tox|[from] Grassy Terrain\n|-heal|p1a: Hookah Bar|100\/100 tox|[from] Grassy Terrain\n|-damage|p1b: Aashiq Banaya|32\/100 tox|[from] psn\n|-damage|p1a: Hookah Bar|94\/100 tox|[from] psn\n|-fieldend|move: Grassy Terrain\n|upkeep\n|turn|6\n|inactive|Toxigen has 120 seconds left.\n|inactive|AIRedzone has 120 seconds left.\n|\n|t:|1699488983\n|move|p2a: Ogerpon|Spiky Shield|p2a: Ogerpon\n|-singleturn|p2a: Ogerpon|move: Protect\n|move|p1b: Aashiq Banaya|Ivy Cudgel|p2b: Rillaboom\n|-resisted|p2b: Rillaboom\n|-damage|p2b: Rillaboom|74\/100\n|move|p2b: Rillaboom|U-turn|p1b: Aashiq Banaya\n|-supereffective|p1b: Aashiq Banaya\n|-damage|p1b: Aashiq Banaya|0 fnt\n|faint|p1b: Aashiq Banaya\n|j|+zee\n|\n|t:|1699488987\n|switch|p2b: Heatran|Heatran, F|100\/100|[from] U-turn\n|move|p1a: Hookah Bar|Iron Defense|p1a: Hookah Bar\n|-boost|p1a: Hookah Bar|def|2\n|\n|-heal|p1a: Hookah Bar|100\/100 tox|[from] item: Leftovers\n|-damage|p1a: Hookah Bar|88\/100 tox|[from] psn\n|upkeep\n|\n|t:|1699488998\n|switch|p1b: Zara Jhoom Jhoom|Tornadus, M|100\/100\n|-damage|p1b: Zara Jhoom Jhoom|76\/100|[from] Stealth Rock\n|turn|7\n|inactive|AIRedzone has 120 seconds left.\n|inactive|Toxigen has 120 seconds left.\n|inactive|AIRedzone has 90 seconds left.\n|inactive|Toxigen has 90 seconds left.\n|inactive|AIRedzone has 60 seconds left.\n|\n|t:|1699489090\n|-terastallize|p2b: Heatran|Fairy\n|move|p1a: Hookah Bar|Protect|p1a: Hookah Bar\n|-singleturn|p1a: Hookah Bar|Protect\n|move|p1b: Zara Jhoom Jhoom|Tailwind|p1b: Zara Jhoom Jhoom\n|-sidestart|p1: AIRedzone|move: Tailwind\n|move|p2b: Heatran|Earth Power|p1a: Hookah Bar\n|-activate|p1a: Hookah Bar|move: Protect\n|move|p2a: Ogerpon|Ivy Cudgel|p1b: Zara Jhoom Jhoom\n|-damage|p1b: Zara Jhoom Jhoom|0 fnt\n|faint|p1b: Zara Jhoom Jhoom\n|\n|-heal|p1a: Hookah Bar|94\/100 tox|[from] item: Leftovers\n|-damage|p1a: Hookah Bar|75\/100 tox|[from] psn\n|upkeep\n|\n|t:|1699489103\n|switch|p1b: Jhalak Dikhla Ja|Iron Hands|33\/100 psn\n|-damage|p1b: Jhalak Dikhla Ja|27\/100 psn|[from] Stealth Rock\n|turn|8\n|inactive|AIRedzone has 60 seconds left.\n|inactive|Toxigen has 90 seconds left.\n|\n|t:|1699489134\n|move|p1b: Jhalak Dikhla Ja|Fake Out|p2a: Ogerpon\n|-damage|p2a: Ogerpon|86\/100\n|move|p1a: Hookah Bar|Iron Head|p2b: Heatran\n|-supereffective|p2b: Heatran\n|-damage|p2b: Heatran|63\/100\n|move|p2b: Heatran|Earth Power|p1a: Hookah Bar\n|-damage|p1a: Hookah Bar|54\/100 tox\n|cant|p2a: Ogerpon|flinch\n|\n|-heal|p1a: Hookah Bar|60\/100 tox|[from] item: Leftovers\n|-heal|p2b: Heatran|69\/100|[from] item: Leftovers\n|-damage|p1a: Hookah Bar|35\/100 tox|[from] psn\n|-damage|p1b: Jhalak Dikhla Ja|15\/100 psn|[from] psn\n|upkeep\n|turn|9\n|inactive|Toxigen has 90 seconds left.\n|l| Chihiro Watanuki\n|inactive|AIRedzone has 60 seconds left.\n|j| Chihiro Watanuki\n|inactive|Toxigen has 60 seconds left.\n|j| EternalSnowman\n|\n|t:|1699489189\n|move|p2b: Heatran|Protect|p2b: Heatran\n|-singleturn|p2b: Heatran|Protect\n|move|p2a: Ogerpon|Spiky Shield|p2a: Ogerpon\n|-singleturn|p2a: Ogerpon|move: Protect\n|move|p1a: Hookah Bar|Body Press|p2a: Ogerpon\n|-activate|p2a: Ogerpon|move: Protect\n|-damage|p1a: Hookah Bar|22\/100 tox|[from] Spiky Shield|[of] p2a: Ogerpon\n|move|p1b: Jhalak Dikhla Ja|Wild Charge|p2b: Heatran\n|-activate|p2b: Heatran|move: Protect\n|\n|-heal|p1a: Hookah Bar|29\/100 tox|[from] item: Leftovers\n|-heal|p2b: Heatran|75\/100|[from] item: Leftovers\n|-damage|p1a: Hookah Bar|0 fnt|[from] psn\n|faint|p1a: Hookah Bar\n|-damage|p1b: Jhalak Dikhla Ja|2\/100 psn|[from] psn\n|upkeep\n|\n|t:|1699489197\n|switch|p1a: Tera Surroor|Gholdengo|100\/100\n|-damage|p1a: Tera Surroor|94\/100|[from] Stealth Rock\n|turn|10\n|inactive|AIRedzone has 60 seconds left.\n|inactive|Toxigen has 60 seconds left.\n|l| Ciro Napoli\n|inactive|AIRedzone has 30 seconds left.\n|inactive|AIRedzone has 20 seconds left.\n|inactive|Toxigen has 30 seconds left.\n|\n|t:|1699489254\n|switch|p2b: Rillaboom|Rillaboom, F|74\/100\n|-fieldstart|move: Grassy Terrain|[from] ability: Grassy Surge|[of] p2b: Rillaboom\n|-terastallize|p1a: Tera Surroor|Dragon\n|move|p2a: Ogerpon|Grassy Glide|p1a: Tera Surroor\n|-resisted|p1a: Tera Surroor\n|-damage|p1a: Tera Surroor|52\/100\n|move|p1a: Tera Surroor|Nasty Plot|p1a: Tera Surroor\n|-boost|p1a: Tera Surroor|spa|2\n|move|p1b: Jhalak Dikhla Ja|Drain Punch|p2a: Ogerpon\n|-damage|p2a: Ogerpon|40\/100\n|-heal|p1b: Jhalak Dikhla Ja|19\/100 psn|[from] drain|[of] p2a: Ogerpon\n|\n|-heal|p1a: Tera Surroor|58\/100|[from] Grassy Terrain\n|-heal|p1b: Jhalak Dikhla Ja|26\/100 psn|[from] Grassy Terrain\n|-heal|p2a: Ogerpon|46\/100|[from] Grassy Terrain\n|-heal|p2b: Rillaboom|80\/100|[from] Grassy Terrain\n|-damage|p1b: Jhalak Dikhla Ja|13\/100 psn|[from] psn\n|-sideend|p1: AIRedzone|move: Tailwind\n|upkeep\n|turn|11\n|j| xHys\n|inactive|Toxigen has 30 seconds left.\n|inactive|Toxigen has 20 seconds left.\n|inactive|Toxigen has 15 seconds left.\n|inactive|Toxigen has 10 seconds left.\n|\n|t:|1699489303\n|move|p1a: Tera Surroor|Protect|p1a: Tera Surroor\n|-singleturn|p1a: Tera Surroor|Protect\n|move|p2b: Rillaboom|Fake Out|p1b: Jhalak Dikhla Ja\n|-damage|p1b: Jhalak Dikhla Ja|2\/100 psn\n|move|p2a: Ogerpon|Grassy Glide|p1a: Tera Surroor\n|-activate|p1a: Tera Surroor|move: Protect\n|cant|p1b: Jhalak Dikhla Ja|flinch\n|\n|-heal|p2a: Ogerpon|52\/100|[from] Grassy Terrain\n|-heal|p1a: Tera Surroor|65\/100|[from] Grassy Terrain\n|-heal|p2b: Rillaboom|86\/100|[from] Grassy Terrain\n|-heal|p1b: Jhalak Dikhla Ja|8\/100 psn|[from] Grassy Terrain\n|-damage|p1b: Jhalak Dikhla Ja|0 fnt|[from] psn\n|faint|p1b: Jhalak Dikhla Ja\n|-end|p1b: Jhalak Dikhla Ja|Quark Drive|[silent]\n|upkeep\n|inactive|Toxigen has 15 seconds left this turn.\n|l| Ninja\n|\n|t:|1699489309\n|switch|p1b: Tandoori Nights|Chi-Yu|100\/100\n|-status|p1b: Tandoori Nights|tox\n|-damage|p1b: Tandoori Nights|76\/100 tox|[from] Stealth Rock\n|-ability|p1b: Tandoori Nights|Beads of Ruin\n|turn|12\n|inactive|Toxigen has 30 seconds left.\n|inactive|Toxigen has 20 seconds left.\n|inactive|AIRedzone has 30 seconds left.\n|\n|t:|1699489345\n|move|p2a: Ogerpon|Grassy Glide|p1a: Tera Surroor\n|-resisted|p1a: Tera Surroor\n|-damage|p1a: Tera Surroor|24\/100\n|move|p2b: Rillaboom|Grassy Glide|p1a: Tera Surroor\n|-resisted|p1a: Tera Surroor\n|-damage|p1a: Tera Surroor|7\/100\n|move|p1b: Tandoori Nights|Dark Pulse|p2a: Ogerpon\n|-damage|p2a: Ogerpon|0 fnt\n|faint|p2a: Ogerpon\n|move|p1a: Tera Surroor|Make It Rain|p2b: Rillaboom\n|-damage|p2b: Rillaboom|0 fnt\n|-unboost|p1a: Tera Surroor|spa|1\n|faint|p2b: Rillaboom\n|\n|-heal|p1b: Tandoori Nights|82\/100 tox|[from] Grassy Terrain\n|-heal|p1a: Tera Surroor|13\/100|[from] Grassy Terrain\n|-damage|p1b: Tandoori Nights|76\/100 tox|[from] psn\n|upkeep\n|inactive|AIRedzone has 30 seconds left this turn.\n|inactive|Toxigen has 25 seconds left this turn.\n|inactive|Toxigen has 20 seconds left.\n|inactive|Toxigen has 15 seconds left.\n|\n|t:|1699489355\n|switch|p2a: Landorus|Landorus-Therian, M|100\/100\n|switch|p2b: Heatran|Heatran, F, tera:Fairy|75\/100\n|-ability|p2a: Landorus|Intimidate|boost\n|-unboost|p1a: Tera Surroor|atk|1\n|-unboost|p1b: Tandoori Nights|atk|1\n|turn|13\n|inactive|Toxigen has 30 seconds left.\n|inactive|Toxigen has 20 seconds left.\n|inactive|Toxigen has 15 seconds left.\n|inactive|Toxigen has 10 seconds left.\n|\n|t:|1699489389\n|move|p1b: Tandoori Nights|Dark Pulse|p2a: Landorus\n|-damage|p2a: Landorus|26\/100\n|move|p2a: Landorus|Rock Slide|p1b: Tandoori Nights|[spread] p1a,p1b\n|-supereffective|p1b: Tandoori Nights\n|-damage|p1a: Tera Surroor|0 fnt\n|-damage|p1b: Tandoori Nights|9\/100 tox\n|faint|p1a: Tera Surroor\n|move|p2b: Heatran|Earth Power|p1b: Tandoori Nights\n|-supereffective|p1b: Tandoori Nights\n|-damage|p1b: Tandoori Nights|0 fnt\n|faint|p1b: Tandoori Nights\n|\n|win|Toxigen\n|inactive|Toxigen has 15 seconds left this turn.\n|c|\u2606Toxigen|gg\n|c|\u2606AIRedzone|ggwp\n|l| R4ye\n|l| eragon11145\n|l| kunal2\n|l| NinjaSnapple\n|l| tyo\n|l| AndreyVGC\n|l|+paolode99\n|j| eragon11145\n|l| GuitarheroVGC\n|l| Rapid Spin Vettel\n|l|\u2606AIRedzone\n|j| AndreyVGC\n|l| AndreyVGC\n|j|\u2606AIRedzone\n|player|p1|AIRedzone|#dwcopiii\n|l| ratpacker\n|l| Entrocefalo\n|l| F3rrari450\n|l| sanjaydas\n|l| Chihiro Watanuki\n|j|+ryo yamada2001\n|l|+ryo yamada2001\n|l| Lunarr\n|j| Schister\n|j|+daawesomedude1 (\n|l|+daawesomedude1 (\n|j| Enzonana\n","uploadtime":1699490091,"views":305,"p1id":"airedzone","p2id":"toxigen","formatid":"gen9doublesou","rating":0,"private":0,"password":""}