{"id":"gen9doublesou-1981184942","p1":"papi de quatro","p2":"OnlyDestroyer60","format":"[Gen 9] Doubles OU","log":"|j|\u2606papi de quatro\n|j|\u2606OnlyDestroyer60\n|t:|1698870570\n|gametype|doubles\n|player|p1|papi de quatro|266|1218\n|player|p2|OnlyDestroyer60|170|1115\n|teamsize|p1|6\n|teamsize|p2|6\n|gen|9\n|tier|[Gen 9] Doubles OU\n|rated|\n|rule|Species Clause: Limit one of each Pok\u00e9mon\n|rule|OHKO Clause: OHKO moves are banned\n|rule|Evasion Moves Clause: Evasion moves are banned\n|rule|Gravity Sleep Clause: The combination of sleep-inducing moves with imperfect accuracy and Gravity or Gigantamax Orbeetle are banned\n|rule|Endless Battle Clause: Forcing endless battles is banned\n|rule|HP Percentage Mod: HP is shown in percentages\n|clearpoke\n|poke|p1|Sinistcha-Masterpiece|\n|poke|p1|Hatterene, F|\n|poke|p1|Ursaluna, M|\n|poke|p1|Mimikyu, M|\n|poke|p1|Kingambit, F|\n|poke|p1|Farigiraf, M|\n|poke|p2|Oricorio-Pom-Pom, M|\n|poke|p2|Volcarona, M|\n|poke|p2|Altaria, F|\n|poke|p2|Great Tusk|\n|poke|p2|Ninetales, M|\n|poke|p2|Diancie|\n|teampreview\n|\n|t:|1698870598\n|start\n|switch|p1a: Hatterene|Hatterene, F|100\/100\n|switch|p1b: Ursaluna|Ursaluna, M|100\/100\n|switch|p2a: Oricorio|Oricorio-Pom-Pom, M|100\/100\n|switch|p2b: Volcarona|Volcarona, M|100\/100\n|turn|1\n|\n|t:|1698870616\n|move|p2b: Volcarona|Quiver Dance|p2b: Volcarona\n|-boost|p2b: Volcarona|spa|1\n|-boost|p2b: Volcarona|spd|1\n|-boost|p2b: Volcarona|spe|1\n|-activate|p2a: Oricorio|ability: Dancer\n|move|p2a: Oricorio|Quiver Dance|p2a: Oricorio|[from]ability: Dancer\n|-boost|p2a: Oricorio|spa|1\n|-boost|p2a: Oricorio|spd|1\n|-boost|p2a: Oricorio|spe|1\n|move|p2a: Oricorio|Quiver Dance|p2a: Oricorio\n|-boost|p2a: Oricorio|spa|1\n|-boost|p2a: Oricorio|spd|1\n|-boost|p2a: Oricorio|spe|1\n|move|p1b: Ursaluna|Headlong Rush|p2b: Volcarona\n|-enditem|p2b: Volcarona|Focus Sash\n|-damage|p2b: Volcarona|1\/100\n|-unboost|p1b: Ursaluna|def|1\n|-unboost|p1b: Ursaluna|spd|1\n|move|p1a: Hatterene|Trick Room|p1a: Hatterene\n|-fieldstart|move: Trick Room|[of] p1a: Hatterene\n|\n|-status|p1b: Ursaluna|brn|[from] item: Flame Orb\n|upkeep\n|turn|2\n|\n|t:|1698870652\n|move|p2b: Volcarona|Protect|p2b: Volcarona\n|-singleturn|p2b: Volcarona|Protect\n|move|p1a: Hatterene|Psyshock|p2a: Oricorio\n|-damage|p2a: Oricorio|32\/100\n|move|p1b: Ursaluna|Ice Punch|p2b: Volcarona\n|-activate|p2b: Volcarona|move: Protect\n|move|p2a: Oricorio|Revelation Dance|p1a: Hatterene\n|-damage|p1a: Hatterene|5\/100\n|-damage|p2a: Oricorio|22\/100|[from] item: Life Orb\n|\n|-heal|p1a: Hatterene|11\/100|[from] item: Leftovers\n|-damage|p1b: Ursaluna|94\/100 brn|[from] brn\n|upkeep\n|turn|3\n|\n|t:|1698870674\n|switch|p2b: Ninetales|Ninetales, M|100\/100\n|-weather|SunnyDay|[from] ability: Drought|[of] p2b: Ninetales\n|move|p2a: Oricorio|Protect|p2a: Oricorio\n|-singleturn|p2a: Oricorio|Protect\n|move|p1a: Hatterene|Draining Kiss|p2a: Oricorio\n|-activate|p2a: Oricorio|move: Protect\n|move|p1b: Ursaluna|Ice Punch|p2b: Ninetales\n|-resisted|p2b: Ninetales\n|-damage|p2b: Ninetales|67\/100\n|\n|-weather|SunnyDay|[upkeep]\n|-heal|p1a: Hatterene|17\/100|[from] item: Leftovers\n|-damage|p1b: Ursaluna|88\/100 brn|[from] brn\n|upkeep\n|turn|4\n|\n|t:|1698870701\n|switch|p2b: Diancie|Diancie|100\/100\n|switch|p2a: Volcarona|Volcarona, M|1\/100\n|move|p1a: Hatterene|Draining Kiss|p2a: Volcarona\n|-resisted|p2a: Volcarona\n|-damage|p2a: Volcarona|0 fnt\n|-heal|p1a: Hatterene|17\/100|[from] drain|[of] p2a: Volcarona\n|faint|p2a: Volcarona\n|move|p1b: Ursaluna|Facade|p2b: Diancie\n|-resisted|p2b: Diancie\n|-damage|p2b: Diancie|44\/100\n|-damage|p1b: Ursaluna|71\/100 brn|[from] item: Rocky Helmet|[of] p2b: Diancie\n|\n|-weather|SunnyDay|[upkeep]\n|-heal|p1a: Hatterene|23\/100|[from] item: Leftovers\n|-damage|p1b: Ursaluna|65\/100 brn|[from] brn\n|upkeep\n|\n|t:|1698870720\n|switch|p2a: Altaria|Altaria, F|100\/100\n|turn|5\n|\n|t:|1698870728\n|move|p1a: Hatterene|Draining Kiss|p2a: Altaria\n|-supereffective|p2a: Altaria\n|-damage|p2a: Altaria|58\/100\n|-heal|p1a: Hatterene|59\/100|[from] drain|[of] p2a: Altaria\n|move|p2b: Diancie|Diamond Storm|p1b: Ursaluna|[spread] p1a,p1b\n|-resisted|p1b: Ursaluna\n|-damage|p1a: Hatterene|16\/100\n|-damage|p1b: Ursaluna|46\/100 brn\n|-boost|p2b: Diancie|def|2\n|move|p1b: Ursaluna|Drain Punch|p2b: Diancie\n|-damage|p2b: Diancie|24\/100\n|-heal|p1b: Ursaluna|51\/100 brn|[from] drain|[of] p2b: Diancie\n|-damage|p1b: Ursaluna|35\/100 brn|[from] item: Rocky Helmet|[of] p2b: Diancie\n|move|p2a: Altaria|Brave Bird|p1b: Ursaluna\n|-damage|p1b: Ursaluna|1\/100 brn\n|-damage|p2a: Altaria|43\/100|[from] Recoil\n|\n|-weather|SunnyDay|[upkeep]\n|-heal|p1a: Hatterene|22\/100|[from] item: Leftovers\n|-heal|p2a: Altaria|49\/100|[from] item: Leftovers\n|-damage|p1b: Ursaluna|0 fnt|[from] brn\n|faint|p1b: Ursaluna\n|-fieldend|move: Trick Room\n|upkeep\n|\n|t:|1698870750\n|switch|p1b: Sinistcha|Sinistcha-Masterpiece|100\/100\n|-heal|p1a: Hatterene|47\/100|[from] ability: Hospitality|[of] p1b: Sinistcha\n|turn|6\n|\n|t:|1698870762\n|move|p2a: Altaria|Roost|p2a: Altaria\n|-heal|p2a: Altaria|99\/100\n|-singleturn|p2a: Altaria|move: Roost\n|move|p1b: Sinistcha|Matcha Gotcha|p2b: Diancie|[spread] p2b\n|-miss|p1b: Sinistcha|p2a: Altaria\n|-supereffective|p2b: Diancie\n|-damage|p2b: Diancie|0 fnt\n|faint|p2b: Diancie\n|move|p1a: Hatterene|Draining Kiss|p2a: Altaria\n|-supereffective|p2a: Altaria\n|-damage|p2a: Altaria|62\/100\n|-heal|p1a: Hatterene|78\/100|[from] drain|[of] p2a: Altaria\n|\n|-weather|SunnyDay|[upkeep]\n|-heal|p2a: Altaria|68\/100|[from] item: Leftovers\n|-heal|p1a: Hatterene|84\/100|[from] item: Leftovers\n|upkeep\n|\n|t:|1698870778\n|switch|p2b: Great Tusk|Great Tusk|100\/100\n|-activate|p2b: Great Tusk|ability: Protosynthesis\n|-start|p2b: Great Tusk|protosynthesisatk\n|turn|7\n|\n|t:|1698870795\n|move|p2b: Great Tusk|Ice Spinner|p1a: Hatterene\n|-damage|p1a: Hatterene|46\/100\n|move|p2a: Altaria|Brave Bird|p1b: Sinistcha\n|-supereffective|p1b: Sinistcha\n|-damage|p1b: Sinistcha|47\/100\n|-enditem|p1b: Sinistcha|Sitrus Berry|[eat]\n|-heal|p1b: Sinistcha|72\/100|[from] item: Sitrus Berry\n|-damage|p2a: Altaria|50\/100|[from] Recoil\n|move|p1b: Sinistcha|Matcha Gotcha|p2b: Great Tusk|[spread] p2a,p2b\n|-resisted|p2a: Altaria\n|-supereffective|p2b: Great Tusk\n|-damage|p2a: Altaria|45\/100\n|-heal|p1b: Sinistcha|74\/100|[from] drain|[of] p2a: Altaria\n|-damage|p2b: Great Tusk|5\/100\n|-heal|p1b: Sinistcha|100\/100|[from] drain|[of] p2b: Great Tusk\n|move|p1a: Hatterene|Trick Room|p1a: Hatterene\n|-fieldstart|move: Trick Room|[of] p1a: Hatterene\n|\n|-weather|none\n|-end|p2b: Great Tusk|Protosynthesis\n|-heal|p1a: Hatterene|52\/100|[from] item: Leftovers\n|-heal|p2a: Altaria|52\/100|[from] item: Leftovers\n|-heal|p2b: Great Tusk|11\/100|[from] item: Leftovers\n|upkeep\n|turn|8\n|-message|OnlyDestroyer60 forfeited.\n|\n|win|papi de quatro\n|raw|papi de quatro's rating: 1218 &rarr; <strong>1236<\/strong><br \/>(+18 for winning)\n|raw|OnlyDestroyer60's rating: 1115 &rarr; <strong>1097<\/strong><br \/>(-18 for losing)\n|l|\u2606OnlyDestroyer60\n","uploadtime":1698870824,"views":21,"p1id":"papidequatro","p2id":"onlydestroyer60","formatid":"gen9doublesou","rating":1097,"private":0,"password":""}