{"id":"gen9doublesou-1994419850","p1":"JTSmith86","p2":"rjhypers","format":"[Gen 9] Doubles OU","log":"|j|\u2606JTSmith86\n|j|\u2606rjhypers\n|t:|1700441878\n|gametype|doubles\n|player|p1|JTSmith86|ethan|1026\n|player|p2|rjhypers|102|1060\n|teamsize|p1|6\n|teamsize|p2|6\n|gen|9\n|tier|[Gen 9] Doubles OU\n|rated|\n|rule|Species Clause: Limit one of each Pok\u00e9mon\n|rule|OHKO Clause: OHKO moves are banned\n|rule|Evasion Moves Clause: Evasion moves are banned\n|rule|Gravity Sleep Clause: The combination of sleep-inducing moves with imperfect accuracy and Gravity or Gigantamax Orbeetle are banned\n|rule|Endless Battle Clause: Forcing endless battles is banned\n|rule|HP Percentage Mod: HP is shown in percentages\n|clearpoke\n|poke|p1|Sudowoodo, M|\n|poke|p1|Umbreon, M|\n|poke|p1|Clefairy, F|\n|poke|p1|Kingambit, M|\n|poke|p1|Zapdos|\n|poke|p1|Politoed, M|\n|poke|p2|Kleavor, M|\n|poke|p2|Kommo-o, M|\n|poke|p2|Sinistcha|\n|poke|p2|Arbok, M|\n|poke|p2|Heatran, F|\n|poke|p2|Tornadus, M|\n|teampreview\n|\n|t:|1700441897\n|start\n|switch|p1a: Sudowoodo|Sudowoodo, M, shiny|100\/100\n|switch|p1b: Clefairy|Clefairy, F, shiny|100\/100\n|switch|p2a: Kleavor|Kleavor, M|100\/100\n|switch|p2b: Tornadus|Tornadus, M|100\/100\n|turn|1\n|inactive|Battle timer is ON: inactive players will automatically lose when time's up. (requested by rjhypers)\n|\n|t:|1700441925\n|-terastallize|p1a: Sudowoodo|Fighting\n|move|p2b: Tornadus|Tailwind|p2b: Tornadus\n|-sidestart|p2: rjhypers|move: Tailwind\n|move|p2a: Kleavor|Fury Cutter|p1b: Clefairy\n|-resisted|p1b: Clefairy\n|-damage|p1b: Clefairy|88\/100\n|move|p1a: Sudowoodo|Drain Punch|p2a: Kleavor\n|-damage|p2a: Kleavor|51\/100\n|move|p1b: Clefairy|Life Dew||[still]|[spread] p1a,p1b\n|-fail|p1a: Sudowoodo|heal\n|-heal|p1b: Clefairy|100\/100\n|\n|upkeep\n|turn|2\n|\n|t:|1700441954\n|move|p2b: Tornadus|Air Slash|p1a: Sudowoodo\n|-supereffective|p1a: Sudowoodo\n|-ability|p1a: Sudowoodo|Sturdy\n|-damage|p1a: Sudowoodo|1\/100\n|move|p2a: Kleavor|Fury Cutter|p1b: Clefairy\n|-resisted|p1b: Clefairy\n|-damage|p1b: Clefairy|71\/100\n|cant|p1a: Sudowoodo|flinch\n|move|p1b: Clefairy|Cosmic Power|p1b: Clefairy\n|-boost|p1b: Clefairy|def|1\n|-boost|p1b: Clefairy|spd|1\n|\n|upkeep\n|turn|3\n|\n|t:|1700441979\n|switch|p2b: Sinistcha|Sinistcha|100\/100\n|-heal|p2a: Kleavor|76\/100|[from] ability: Hospitality|[of] p2b: Sinistcha\n|move|p1a: Sudowoodo|Sucker Punch||[still]\n|-fail|p1a: Sudowoodo\n|move|p2a: Kleavor|Fury Cutter|p1a: Sudowoodo\n|-resisted|p1a: Sudowoodo\n|-damage|p1a: Sudowoodo|0 fnt\n|faint|p1a: Sudowoodo\n|move|p1b: Clefairy|Cosmic Power|p1b: Clefairy\n|-boost|p1b: Clefairy|def|1\n|-boost|p1b: Clefairy|spd|1\n|\n|upkeep\n|inactive|JTSmith86 has 120 seconds left.\n|\n|t:|1700442000\n|switch|p1a: Umbreon|Umbreon, M, shiny|100\/100\n|turn|4\n|\n|t:|1700442015\n|switch|p2b: Tornadus|Tornadus, M|100\/100\n|move|p2a: Kleavor|Fury Cutter|p1b: Clefairy\n|-resisted|p1b: Clefairy\n|-damage|p1b: Clefairy|28\/100\n|move|p1a: Umbreon|Yawn|p2a: Kleavor\n|-start|p2a: Kleavor|move: Yawn|[of] p1a: Umbreon\n|move|p1b: Clefairy|Life Dew||[still]|[spread] p1a,p1b\n|-fail|p1a: Umbreon|heal\n|-heal|p1b: Clefairy|53\/100\n|\n|-sideend|p2: rjhypers|move: Tailwind\n|upkeep\n|turn|5\n|inactive|JTSmith86 has 120 seconds left.\n|\n|t:|1700442045\n|move|p2b: Tornadus|Tailwind|p2b: Tornadus\n|-sidestart|p2: rjhypers|move: Tailwind\n|move|p2a: Kleavor|Fury Cutter|p1b: Clefairy\n|-resisted|p1b: Clefairy\n|-damage|p1b: Clefairy|3\/100\n|move|p1a: Umbreon|Hyper Voice|p2b: Tornadus|[spread] p2a,p2b\n|-resisted|p2a: Kleavor\n|-damage|p2a: Kleavor|65\/100\n|-damage|p2b: Tornadus|79\/100\n|move|p1b: Clefairy|Life Dew||[still]|[spread] p1a,p1b\n|-fail|p1a: Umbreon|heal\n|-heal|p1b: Clefairy|28\/100\n|\n|-end|p2a: Kleavor|move: Yawn|[silent]\n|-status|p2a: Kleavor|slp\n|upkeep\n|turn|6\n|\n|t:|1700442070\n|move|p2b: Tornadus|Heat Wave|p1b: Clefairy|[spread] p1a,p1b\n|-damage|p1a: Umbreon|88\/100\n|-damage|p1b: Clefairy|19\/100\n|cant|p2a: Kleavor|slp\n|move|p1a: Umbreon|Yawn|p2b: Tornadus\n|-start|p2b: Tornadus|move: Yawn|[of] p1a: Umbreon\n|move|p1b: Clefairy|Life Dew|p1b: Clefairy|[spread] p1a,p1b\n|-heal|p1a: Umbreon|100\/100\n|-heal|p1b: Clefairy|44\/100\n|\n|upkeep\n|turn|7\n|inactive|rjhypers has 120 seconds left.\n|\n|t:|1700442105\n|move|p2b: Tornadus|Nasty Plot|p2b: Tornadus\n|-boost|p2b: Tornadus|spa|2\n|cant|p2a: Kleavor|slp\n|move|p1a: Umbreon|Hyper Voice|p2b: Tornadus|[spread] p2a,p2b\n|-resisted|p2a: Kleavor\n|-damage|p2a: Kleavor|53\/100 slp\n|-damage|p2b: Tornadus|59\/100\n|move|p1b: Clefairy|Life Dew||[still]|[spread] p1a,p1b\n|-fail|p1a: Umbreon|heal\n|-heal|p1b: Clefairy|69\/100\n|\n|-end|p2b: Tornadus|move: Yawn|[silent]\n|-status|p2b: Tornadus|slp\n|upkeep\n|turn|8\n|\n|t:|1700442128\n|cant|p2b: Tornadus|slp\n|-curestatus|p2a: Kleavor|slp|[msg]\n|move|p2a: Kleavor|Fury Cutter|p1a: Umbreon\n|-supereffective|p1a: Umbreon\n|-damage|p1a: Umbreon|62\/100\n|move|p1a: Umbreon|Dark Pulse|p2b: Tornadus\n|-damage|p2b: Tornadus|20\/100 slp\n|move|p1b: Clefairy|Cosmic Power|p1b: Clefairy\n|-boost|p1b: Clefairy|def|1\n|-boost|p1b: Clefairy|spd|1\n|\n|-heal|p1a: Umbreon|68\/100|[from] item: Leftovers\n|-sideend|p2: rjhypers|move: Tailwind\n|upkeep\n|turn|9\n|\n|t:|1700442148\n|cant|p2b: Tornadus|slp\n|move|p2a: Kleavor|Fury Cutter|p1a: Umbreon\n|-supereffective|p1a: Umbreon\n|-damage|p1a: Umbreon|0 fnt\n|faint|p1a: Umbreon\n|move|p1b: Clefairy|Life Dew|p1b: Clefairy\n|-heal|p1b: Clefairy|94\/100\n|\n|upkeep\n|\n|t:|1700442160\n|switch|p1a: Kingambit|Kingambit, M, shiny|100\/100\n|turn|10\n|\n|t:|1700442174\n|-curestatus|p2b: Tornadus|slp|[msg]\n|move|p2b: Tornadus|Tailwind|p2b: Tornadus\n|-sidestart|p2: rjhypers|move: Tailwind\n|move|p2a: Kleavor|Fury Cutter|p1a: Kingambit\n|-damage|p1a: Kingambit|11\/100\n|move|p1a: Kingambit|Iron Head|p2a: Kleavor\n|-supereffective|p2a: Kleavor\n|-damage|p2a: Kleavor|0 fnt\n|faint|p2a: Kleavor\n|move|p1b: Clefairy|Cosmic Power|p1b: Clefairy\n|-boost|p1b: Clefairy|def|1\n|-boost|p1b: Clefairy|spd|1\n|\n|upkeep\n|\n|t:|1700442195\n|switch|p2a: Kommo-o|Kommo-o, M|100\/100\n|turn|11\n|\n|t:|1700442209\n|move|p1b: Clefairy|Follow Me|p1b: Clefairy\n|-singleturn|p1b: Clefairy|move: Follow Me\n|move|p2b: Tornadus|Air Slash|p1b: Clefairy\n|-damage|p1b: Clefairy|72\/100\n|move|p2a: Kommo-o|Flamethrower|p1b: Clefairy\n|-damage|p1b: Clefairy|64\/100\n|move|p1a: Kingambit|Brick Break|p2a: Kommo-o\n|-damage|p2a: Kommo-o|72\/100\n|\n|upkeep\n|turn|12\n|\n|t:|1700442224\n|move|p2b: Tornadus|Nasty Plot|p2b: Tornadus\n|-boost|p2b: Tornadus|spa|2\n|move|p2a: Kommo-o|Clangorous Soul|p2a: Kommo-o\n|-boost|p2a: Kommo-o|atk|1\n|-boost|p2a: Kommo-o|def|1\n|-boost|p2a: Kommo-o|spa|1\n|-boost|p2a: Kommo-o|spd|1\n|-boost|p2a: Kommo-o|spe|1\n|-damage|p2a: Kommo-o|39\/100\n|-enditem|p2a: Kommo-o|Throat Spray\n|-boost|p2a: Kommo-o|spa|1|[from] item: Throat Spray\n|move|p1a: Kingambit|Swords Dance|p1a: Kingambit\n|-boost|p1a: Kingambit|atk|2\n|move|p1b: Clefairy|Life Dew|p1b: Clefairy|[spread] p1a,p1b\n|-heal|p1a: Kingambit|36\/100\n|-heal|p1b: Clefairy|89\/100\n|\n|upkeep\n|turn|13\n|\n|t:|1700442250\n|switch|p2b: Sinistcha|Sinistcha|100\/100\n|-heal|p2a: Kommo-o|63\/100|[from] ability: Hospitality|[of] p2b: Sinistcha\n|move|p1b: Clefairy|Follow Me|p1b: Clefairy\n|-singleturn|p1b: Clefairy|move: Follow Me\n|move|p2a: Kommo-o|Flamethrower|p1b: Clefairy\n|-damage|p1b: Clefairy|75\/100\n|move|p1a: Kingambit|Brick Break|p2a: Kommo-o\n|-damage|p2a: Kommo-o|27\/100\n|\n|-sideend|p2: rjhypers|move: Tailwind\n|upkeep\n|turn|14\n|\n|t:|1700442276\n|move|p1b: Clefairy|Follow Me|p1b: Clefairy\n|-singleturn|p1b: Clefairy|move: Follow Me\n|move|p2a: Kommo-o|Flamethrower|p1b: Clefairy\n|-damage|p1b: Clefairy|60\/100\n|move|p2b: Sinistcha|Strength Sap|p1b: Clefairy\n|-unboost|p1b: Clefairy|atk|1\n|move|p1a: Kingambit|Brick Break|p2a: Kommo-o\n|-damage|p2a: Kommo-o|0 fnt\n|faint|p2a: Kommo-o\n|\n|upkeep\n|inactive|rjhypers has 120 seconds left.\n|\n|t:|1700442288\n|switch|p2a: Arbok|Arbok, M|100\/100\n|-ability|p2a: Arbok|Intimidate|boost\n|-unboost|p1a: Kingambit|atk|1\n|-ability|p1a: Kingambit|Defiant|boost\n|-boost|p1a: Kingambit|atk|2\n|-unboost|p1b: Clefairy|atk|1\n|turn|15\n|\n|t:|1700442308\n|switch|p2b: Tornadus|Tornadus, M|20\/100\n|move|p2a: Arbok|Bulldoze|p1b: Clefairy|[spread] p1a,p1b\n|-immune|p2b: Tornadus\n|-supereffective|p1a: Kingambit\n|-damage|p1a: Kingambit|23\/100\n|-damage|p1b: Clefairy|56\/100\n|-unboost|p1a: Kingambit|spe|1\n|-ability|p1a: Kingambit|Defiant|boost\n|-boost|p1a: Kingambit|atk|2\n|-unboost|p1b: Clefairy|spe|1\n|move|p1a: Kingambit|Kowtow Cleave|p2b: Tornadus\n|-damage|p2b: Tornadus|0 fnt\n|faint|p2b: Tornadus\n|move|p1b: Clefairy|Life Dew|p1b: Clefairy|[spread] p1a,p1b\n|-heal|p1a: Kingambit|48\/100\n|-heal|p1b: Clefairy|81\/100\n|\n|upkeep\n|-message|rjhypers forfeited.\n|\n|win|JTSmith86\n|raw|JTSmith86's rating: 1026 &rarr; <strong>1066<\/strong><br \/>(+40 for winning)\n|raw|rjhypers's rating: 1060 &rarr; <strong>1039<\/strong><br \/>(-21 for losing)\n|l|\u2606rjhypers\n","uploadtime":1700442336,"views":21,"p1id":"jtsmith86","p2id":"rjhypers","formatid":"gen9doublesou","rating":1039,"private":0,"password":""}