{"id":"gen9doublesou-1971982082","p1":"Daskhiel02","p2":"YA3ARMANII","format":"[Gen 9] Doubles OU","log":"|j|\u2606Daskhiel02\n|j|\u2606YA3ARMANII\n|t:|1697801043\n|gametype|doubles\n|player|p1|Daskhiel02|266|1208\n|player|p2|YA3ARMANII|skier|1312\n|teamsize|p1|6\n|teamsize|p2|6\n|gen|9\n|tier|[Gen 9] Doubles OU\n|rated|\n|rule|Species Clause: Limit one of each Pok\u00e9mon\n|rule|OHKO Clause: OHKO moves are banned\n|rule|Evasion Moves Clause: Evasion moves are banned\n|rule|Gravity Sleep Clause: The combination of sleep-inducing moves with imperfect accuracy and Gravity or Gigantamax Orbeetle are banned\n|rule|Endless Battle Clause: Forcing endless battles is banned\n|rule|HP Percentage Mod: HP is shown in percentages\n|clearpoke\n|poke|p1|Indeedee-F, F|\n|poke|p1|Arcanine, F|\n|poke|p1|Noivern, F|\n|poke|p1|Sinistcha|\n|poke|p1|Ceruledge, F|\n|poke|p1|Kommo-o, M|\n|poke|p2|Ogerpon-Hearthflame, F|\n|poke|p2|Torkoal, F|\n|poke|p2|Walking Wake|\n|poke|p2|Chi-Yu|\n|poke|p2|Amoonguss, M|\n|poke|p2|Rillaboom, M|\n|teampreview\n|inactive|Battle timer is ON: inactive players will automatically lose when time's up. (requested by YA3ARMANII)\n|inactive|YA3ARMANII has 120 seconds left.\n|\n|t:|1697801083\n|start\n|switch|p1a: Ceruledge|Ceruledge, F|100\/100\n|switch|p1b: Noivern|Noivern, F|100\/100\n|switch|p2a: Rillaboom|Rillaboom, M, shiny|100\/100\n|switch|p2b: Amoonguss|Amoonguss, M|100\/100\n|-fieldstart|move: Grassy Terrain|[from] ability: Grassy Surge|[of] p2a: Rillaboom\n|turn|1\n|\n|t:|1697801107\n|move|p1b: Noivern|Protect|p1b: Noivern\n|-singleturn|p1b: Noivern|Protect\n|move|p2a: Rillaboom|Fake Out|p1b: Noivern\n|-activate|p1b: Noivern|move: Protect\n|move|p1a: Ceruledge|Ally Switch|p1a: Ceruledge\n|swap|p1a: Ceruledge|1|[from] move: Ally Switch\n|move|p2b: Amoonguss|Spore|p1a: Noivern\n|-activate|p1a: Noivern|move: Protect\n|\n|upkeep\n|turn|2\n|inactive|YA3ARMANII has 120 seconds left.\n|\n|t:|1697801144\n|-terastallize|p1a: Noivern|Normal\n|move|p1b: Ceruledge|Vacuum Wave|p1a: Noivern\n|-supereffective|p1a: Noivern\n|-damage|p1a: Noivern|85\/100\n|-enditem|p1a: Noivern|Weakness Policy\n|-boost|p1a: Noivern|atk|2|[from] item: Weakness Policy\n|-boost|p1a: Noivern|spa|2|[from] item: Weakness Policy\n|-damage|p1b: Ceruledge|91\/100|[from] item: Life Orb\n|move|p1a: Noivern|Hurricane|p2b: Amoonguss|[miss]\n|-miss|p1a: Noivern|p2b: Amoonguss\n|move|p2a: Rillaboom|U-turn|p1a: Noivern\n|-damage|p1a: Noivern|49\/100\n|\n|t:|1697801160\n|switch|p2a: Walking Wake|Walking Wake|100\/100|[from] U-turn\n|move|p2b: Amoonguss|Spore|p1b: Ceruledge\n|-status|p1b: Ceruledge|slp|[from] move: Spore\n|\n|-heal|p1a: Noivern|55\/100|[from] Grassy Terrain\n|-heal|p1b: Ceruledge|97\/100 slp|[from] Grassy Terrain\n|upkeep\n|turn|3\n|inactive|YA3ARMANII has 120 seconds left.\n|\n|t:|1697801195\n|switch|p1b: Sinistcha|Sinistcha|100\/100\n|-heal|p1a: Noivern|80\/100|[from] ability: Hospitality|[of] p1b: Sinistcha\n|switch|p2b: Torkoal|Torkoal, F|100\/100\n|-weather|SunnyDay|[from] ability: Drought|[of] p2b: Torkoal\n|-activate|p2a: Walking Wake|ability: Protosynthesis\n|-start|p2a: Walking Wake|protosynthesisspe\n|-terastallize|p2a: Walking Wake|Poison\n|move|p2a: Walking Wake|Hydro Steam|p1a: Noivern\n|-damage|p1a: Noivern|0 fnt\n|faint|p1a: Noivern\n|\n|-weather|SunnyDay|[upkeep]\n|upkeep\n|\n|t:|1697801213\n|switch|p1a: Indeedee|Indeedee-F, F|100\/100\n|-fieldstart|move: Psychic Terrain|[from] ability: Psychic Surge|[of] p1a: Indeedee\n|turn|4\n|inactive|YA3ARMANII has 120 seconds left.\n|\n|t:|1697801233\n|switch|p1b: Kommo-o|Kommo-o, M|100\/100\n|switch|p2b: Rillaboom|Rillaboom, M, shiny|100\/100\n|-fieldstart|move: Grassy Terrain|[from] ability: Grassy Surge|[of] p2b: Rillaboom\n|move|p1a: Indeedee|Follow Me|p1a: Indeedee\n|-singleturn|p1a: Indeedee|move: Follow Me\n|move|p2a: Walking Wake|Weather Ball|p1a: Indeedee\n|-damage|p1a: Indeedee|53\/100\n|\n|-weather|SunnyDay|[upkeep]\n|-heal|p1a: Indeedee|59\/100|[from] Grassy Terrain\n|upkeep\n|turn|5\n|inactive|YA3ARMANII has 120 seconds left.\n|inactive|YA3ARMANII has 90 seconds left.\n|\n|t:|1697801279\n|switch|p1b: Arcanine|Arcanine, F, shiny|100\/100\n|-ability|p1b: Arcanine|Intimidate|boost\n|-unboost|p2a: Walking Wake|atk|1\n|-unboost|p2b: Rillaboom|atk|1\n|move|p2b: Rillaboom|Fake Out|p1a: Indeedee\n|-crit|p1a: Indeedee\n|-damage|p1a: Indeedee|36\/100\n|-enditem|p1a: Indeedee|Sitrus Berry|[eat]\n|-heal|p1a: Indeedee|61\/100|[from] item: Sitrus Berry\n|cant|p1a: Indeedee|flinch\n|move|p2a: Walking Wake|Dragon Pulse|p1b: Arcanine\n|-damage|p1b: Arcanine|50\/100\n|\n|-weather|SunnyDay|[upkeep]\n|-heal|p1b: Arcanine|56\/100|[from] Grassy Terrain\n|-heal|p1a: Indeedee|67\/100|[from] Grassy Terrain\n|upkeep\n|turn|6\n|inactive|YA3ARMANII has 90 seconds left.\n|inactive|Daskhiel02 has 120 seconds left.\n|\n|t:|1697801314\n|switch|p2b: Torkoal|Torkoal, F|100\/100\n|move|p2a: Walking Wake|Hydro Steam|p1b: Arcanine\n|-supereffective|p1b: Arcanine\n|-damage|p1b: Arcanine|0 fnt\n|faint|p1b: Arcanine\n|move|p1a: Indeedee|Psychic|p2a: Walking Wake\n|-supereffective|p2a: Walking Wake\n|-damage|p2a: Walking Wake|33\/100\n|\n|-weather|SunnyDay|[upkeep]\n|-heal|p2a: Walking Wake|39\/100|[from] Grassy Terrain\n|-heal|p2a: Walking Wake|45\/100|[from] item: Leftovers\n|-heal|p1a: Indeedee|73\/100|[from] Grassy Terrain\n|upkeep\n|inactive|Daskhiel02 has 120 seconds left.\n|\n|t:|1697801321\n|switch|p1b: Kommo-o|Kommo-o, M|100\/100\n|turn|7\n|\n|t:|1697801336\n|move|p1a: Indeedee|Follow Me|p1a: Indeedee\n|-singleturn|p1a: Indeedee|move: Follow Me\n|move|p2a: Walking Wake|Dragon Pulse|p1a: Indeedee\n|-damage|p1a: Indeedee|32\/100\n|move|p1b: Kommo-o|Clangorous Soul|p1b: Kommo-o\n|-boost|p1b: Kommo-o|atk|1\n|-boost|p1b: Kommo-o|def|1\n|-boost|p1b: Kommo-o|spa|1\n|-boost|p1b: Kommo-o|spd|1\n|-boost|p1b: Kommo-o|spe|1\n|-damage|p1b: Kommo-o|68\/100\n|-enditem|p1b: Kommo-o|Throat Spray\n|-boost|p1b: Kommo-o|spa|1|[from] item: Throat Spray\n|move|p2b: Torkoal|Will-O-Wisp|p1a: Indeedee\n|-status|p1a: Indeedee|brn\n|\n|-weather|SunnyDay|[upkeep]\n|-heal|p2a: Walking Wake|51\/100|[from] Grassy Terrain\n|-heal|p2a: Walking Wake|57\/100|[from] item: Leftovers\n|-heal|p1b: Kommo-o|74\/100|[from] Grassy Terrain\n|-heal|p1a: Indeedee|39\/100 brn|[from] Grassy Terrain\n|-damage|p1a: Indeedee|32\/100 brn|[from] brn\n|upkeep\n|turn|8\n|inactive|YA3ARMANII has 120 seconds left.\n|inactive|Daskhiel02 has 120 seconds left.\n|\n|t:|1697801368\n|move|p1a: Indeedee|Follow Me|p1a: Indeedee\n|-singleturn|p1a: Indeedee|move: Follow Me\n|move|p2a: Walking Wake|Hydro Steam|p1a: Indeedee\n|-damage|p1a: Indeedee|0 fnt\n|faint|p1a: Indeedee\n|move|p1b: Kommo-o|Clanging Scales|p2a: Walking Wake|[spread] p2a,p2b\n|-damage|p2a: Walking Wake|0 fnt\n|-damage|p2b: Torkoal|40\/100\n|faint|p2a: Walking Wake\n|-end|p2a: Walking Wake|Protosynthesis|[silent]\n|-unboost|p1b: Kommo-o|def|1\n|move|p2b: Torkoal|Will-O-Wisp|p1b: Kommo-o\n|-status|p1b: Kommo-o|brn\n|\n|-weather|SunnyDay|[upkeep]\n|-heal|p1b: Kommo-o|80\/100 brn|[from] Grassy Terrain\n|-heal|p2b: Torkoal|46\/100|[from] Grassy Terrain\n|-damage|p1b: Kommo-o|74\/100 brn|[from] brn\n|-fieldend|move: Grassy Terrain\n|upkeep\n|inactive|YA3ARMANII has 90 seconds left.\n|\n|t:|1697801400\n|switch|p2a: Rillaboom|Rillaboom, M, shiny|100\/100\n|switch|p1a: Sinistcha|Sinistcha|100\/100\n|-fieldstart|move: Grassy Terrain|[from] ability: Grassy Surge|[of] p2a: Rillaboom\n|-heal|p1b: Kommo-o|98\/100 brn|[from] ability: Hospitality|[of] p1a: Sinistcha\n|turn|9\n|\n|t:|1697801419\n|switch|p1a: Ceruledge|Ceruledge, F|97\/100 slp\n|move|p1b: Kommo-o|Protect|p1b: Kommo-o\n|-singleturn|p1b: Kommo-o|Protect\n|move|p2a: Rillaboom|Fake Out|p1b: Kommo-o\n|-activate|p1b: Kommo-o|move: Protect\n|move|p2b: Torkoal|Clear Smog|p1b: Kommo-o\n|-activate|p1b: Kommo-o|move: Protect\n|\n|-weather|SunnyDay|[upkeep]\n|-heal|p1b: Kommo-o|100\/100 brn|[from] Grassy Terrain\n|-heal|p1a: Ceruledge|100\/100 slp|[from] Grassy Terrain\n|-heal|p2b: Torkoal|52\/100|[from] Grassy Terrain\n|-damage|p1b: Kommo-o|94\/100 brn|[from] brn\n|upkeep\n|turn|10\n|inactive|YA3ARMANII has 120 seconds left.\n|\n|t:|1697801434\n|move|p2a: Rillaboom|Protect|p2a: Rillaboom\n|-singleturn|p2a: Rillaboom|Protect\n|move|p1b: Kommo-o|Clanging Scales|p2b: Torkoal|[spread] p2b\n|-activate|p2a: Rillaboom|move: Protect\n|-damage|p2b: Torkoal|0 fnt\n|faint|p2b: Torkoal\n|-unboost|p1b: Kommo-o|def|1\n|cant|p1a: Ceruledge|slp\n|\n|-weather|none\n|-heal|p1b: Kommo-o|100\/100 brn|[from] Grassy Terrain\n|-damage|p1b: Kommo-o|94\/100 brn|[from] brn\n|upkeep\n|\n|t:|1697801452\n|switch|p2b: Chi-Yu|Chi-Yu|100\/100\n|-ability|p2b: Chi-Yu|Beads of Ruin\n|turn|11\n|inactive|YA3ARMANII has 120 seconds left.\n|inactive|Daskhiel02 has 120 seconds left.\n|\n|t:|1697801492\n|cant|p1a: Ceruledge|slp\n|move|p2a: Rillaboom|Grassy Glide|p1b: Kommo-o\n|-resisted|p1b: Kommo-o\n|-damage|p1b: Kommo-o|60\/100 brn\n|move|p1b: Kommo-o|Clanging Scales|p2b: Chi-Yu|[spread] p2a,p2b\n|-damage|p2a: Rillaboom|2\/100\n|-damage|p2b: Chi-Yu|13\/100\n|-unboost|p1b: Kommo-o|def|1\n|move|p2b: Chi-Yu|Dark Pulse|p1a: Ceruledge\n|-supereffective|p1a: Ceruledge\n|-damage|p1a: Ceruledge|0 fnt\n|faint|p1a: Ceruledge\n|\n|-heal|p1b: Kommo-o|66\/100 brn|[from] Grassy Terrain\n|-heal|p2b: Chi-Yu|19\/100|[from] Grassy Terrain\n|-heal|p2a: Rillaboom|8\/100|[from] Grassy Terrain\n|-damage|p1b: Kommo-o|60\/100 brn|[from] brn\n|upkeep\n|\n|t:|1697801501\n|switch|p1a: Sinistcha|Sinistcha|100\/100\n|-heal|p1b: Kommo-o|85\/100 brn|[from] ability: Hospitality|[of] p1a: Sinistcha\n|turn|12\n|\n|t:|1697801526\n|move|p2a: Rillaboom|Grassy Glide|p1b: Kommo-o\n|-resisted|p1b: Kommo-o\n|-damage|p1b: Kommo-o|39\/100 brn\n|move|p1b: Kommo-o|Clanging Scales|p2b: Chi-Yu|[spread] p2a,p2b\n|-damage|p2a: Rillaboom|0 fnt\n|-damage|p2b: Chi-Yu|0 fnt\n|faint|p2a: Rillaboom\n|faint|p2b: Chi-Yu\n|-unboost|p1b: Kommo-o|def|1\n|move|p1a: Sinistcha|Shadow Ball|p2: Rillaboom|[notarget]\n|-fail|p1a: Sinistcha\n|\n|-heal|p1b: Kommo-o|45\/100 brn|[from] Grassy Terrain\n|-damage|p1b: Kommo-o|39\/100 brn|[from] brn\n|upkeep\n|inactive|YA3ARMANII has 120 seconds left.\n|\n|t:|1697801536\n|switch|p2b: Ogerpon|Ogerpon-Hearthflame, F|100\/100\n|switch|p2a: Amoonguss|Amoonguss, M|100\/100\n|-ability|p2b: Ogerpon|Mold Breaker\n|turn|13\n|\n|t:|1697801554\n|move|p1b: Kommo-o|Protect|p1b: Kommo-o\n|-singleturn|p1b: Kommo-o|Protect\n|move|p2b: Ogerpon|Ivy Cudgel|p1b: Kommo-o\n|-activate|p1b: Kommo-o|move: Protect\n|move|p1a: Sinistcha|Shadow Ball|p2b: Ogerpon\n|-damage|p2b: Ogerpon|50\/100\n|move|p2a: Amoonguss|Pollen Puff|p2b: Ogerpon\n|-heal|p2b: Ogerpon|99\/100\n|\n|-heal|p1b: Kommo-o|45\/100 brn|[from] Grassy Terrain\n|-heal|p2b: Ogerpon|100\/100|[from] Grassy Terrain\n|-damage|p1b: Kommo-o|39\/100 brn|[from] brn\n|-fieldend|move: Grassy Terrain\n|upkeep\n|turn|14\n|inactive|YA3ARMANII has 120 seconds left.\n|\n|t:|1697801591\n|move|p2a: Amoonguss|Rage Powder|p2a: Amoonguss\n|-singleturn|p2a: Amoonguss|move: Rage Powder\n|move|p1b: Kommo-o|Clanging Scales|p2a: Amoonguss|[spread] p2a,p2b\n|-damage|p2a: Amoonguss|40\/100\n|-damage|p2b: Ogerpon|20\/100\n|-unboost|p1b: Kommo-o|def|1\n|move|p2b: Ogerpon|Ivy Cudgel|p1b: Kommo-o\n|-resisted|p1b: Kommo-o\n|-damage|p1b: Kommo-o|0 fnt\n|faint|p1b: Kommo-o\n|move|p1a: Sinistcha|Shadow Ball|p2b: Ogerpon\n|-damage|p2b: Ogerpon|0 fnt\n|faint|p2b: Ogerpon\n|\n|upkeep\n|turn|15\n|\n|t:|1697801605\n|move|p1a: Sinistcha|Shadow Ball|p2a: Amoonguss\n|-damage|p2a: Amoonguss|7\/100\n|move|p2a: Amoonguss|Pollen Puff|p1a: Sinistcha\n|-damage|p1a: Sinistcha|86\/100\n|\n|upkeep\n|turn|16\n|c|\u2606Daskhiel02|Well played!\n|-message|YA3ARMANII forfeited.\n|\n|win|Daskhiel02\n|raw|Daskhiel02's rating: 1208 &rarr; <strong>1240<\/strong><br \/>(+32 for winning)\n|raw|YA3ARMANII's rating: 1312 &rarr; <strong>1286<\/strong><br \/>(-26 for losing)\n|c|\u2606YA3ARMANII|Gg\n|c|\u2606Daskhiel02|gg o\/\n","uploadtime":1697801632,"views":14,"p1id":"daskhiel02","p2id":"ya3armanii","formatid":"gen9doublesou","rating":1240,"private":0,"password":""}