{"id":"gen9doublesou-1998544932","p1":"AdamSandlerCult","p2":"Jamesthethinker","format":"[Gen 9] Doubles OU","log":"|j|\u2606AdamSandlerCult\n|j|\u2606Jamesthethinker\n|t:|1700954546\n|gametype|doubles\n|player|p1|AdamSandlerCult|102|\n|player|p2|Jamesthethinker|pokemonranger|\n|teamsize|p1|6\n|teamsize|p2|6\n|gen|9\n|tier|[Gen 9] Doubles OU\n|rule|Species Clause: Limit one of each Pok\u00e9mon\n|rule|OHKO Clause: OHKO moves are banned\n|rule|Evasion Moves Clause: Evasion moves are banned\n|rule|Gravity Sleep Clause: The combination of sleep-inducing moves with imperfect accuracy and Gravity or Gigantamax Orbeetle are banned\n|rule|Endless Battle Clause: Forcing endless battles is banned\n|rule|HP Percentage Mod: HP is shown in percentages\n|clearpoke\n|poke|p1|Grimmsnarl, M|\n|poke|p1|Dragapult, F|\n|poke|p1|Tyranitar, M|\n|poke|p1|Corviknight, F|\n|poke|p1|Volcanion|\n|poke|p1|Heracross, M|\n|poke|p2|Farigiraf, M|\n|poke|p2|Empoleon, M|\n|poke|p2|Oricorio, M|\n|poke|p2|Jolteon, M|\n|poke|p2|Ursaring, M|\n|poke|p2|Jirachi|\n|teampreview\n|\n|t:|1700954570\n|start\n|switch|p1a: Grimgrrrrrr|Grimmsnarl, M|100\/100\n|switch|p1b: God-Fkn-Zilla|Tyranitar, M|100\/100\n|switch|p2a: Ursaring|Ursaring, M|100\/100\n|switch|p2b: Oricorio|Oricorio, M|100\/100\n|-ability|p1b: God-Fkn-Zilla|Unnerve\n|turn|1\n|\n|t:|1700954595\n|move|p1a: Grimgrrrrrr|Reflect|p1a: Grimgrrrrrr\n|-sidestart|p1: AdamSandlerCult|Reflect\n|move|p2b: Oricorio|Fly||[still]\n|-prepare|p2b: Oricorio|Fly\n|move|p2a: Ursaring|Bulldoze|p1a: Grimgrrrrrr|[spread] p1a,p1b\n|-miss|p2a: Ursaring|p2b: Oricorio\n|-supereffective|p1b: God-Fkn-Zilla\n|-damage|p1a: Grimgrrrrrr|93\/100\n|-damage|p1b: God-Fkn-Zilla|87\/100\n|-unboost|p1a: Grimgrrrrrr|spe|1\n|-unboost|p1b: God-Fkn-Zilla|spe|1\n|move|p1b: God-Fkn-Zilla|Stone Edge|p2b: Oricorio|[miss]\n|-miss|p1b: God-Fkn-Zilla|p2b: Oricorio\n|\n|upkeep\n|turn|2\n|\n|t:|1700954619\n|move|p1a: Grimgrrrrrr|Light Screen|p1a: Grimgrrrrrr\n|-sidestart|p1: AdamSandlerCult|move: Light Screen\n|move|p2b: Oricorio|Fly|p1a: Grimgrrrrrr|[from]lockedmove\n|-damage|p1a: Grimgrrrrrr|80\/100\n|move|p2a: Ursaring|Ice Punch|p1a: Grimgrrrrrr\n|-damage|p1a: Grimgrrrrrr|67\/100\n|move|p1b: God-Fkn-Zilla|Low Kick|p2a: Ursaring\n|-supereffective|p2a: Ursaring\n|-damage|p2a: Ursaring|10\/100\n|\n|-heal|p2a: Ursaring|17\/100|[from] item: Leftovers\n|upkeep\n|turn|3\n|\n|t:|1700954639\n|move|p2b: Oricorio|Quiver Dance|p2b: Oricorio\n|-boost|p2b: Oricorio|spa|1\n|-boost|p2b: Oricorio|spd|1\n|-boost|p2b: Oricorio|spe|1\n|move|p2a: Ursaring|Rest|p2a: Ursaring\n|-status|p2a: Ursaring|slp|[from] move: Rest\n|-heal|p2a: Ursaring|100\/100 slp|[silent]\n|move|p1b: God-Fkn-Zilla|Low Kick|p2a: Ursaring\n|-supereffective|p2a: Ursaring\n|-damage|p2a: Ursaring|5\/100 slp\n|move|p1a: Grimgrrrrrr|Spirit Break|p2b: Oricorio\n|-resisted|p2b: Oricorio\n|-damage|p2b: Oricorio|83\/100\n|\n|-heal|p2a: Ursaring|11\/100 slp|[from] item: Leftovers\n|upkeep\n|turn|4\n|\n|t:|1700954668\n|move|p2b: Oricorio|Tailwind|p2b: Oricorio\n|-sidestart|p2: Jamesthethinker|move: Tailwind\n|cant|p2a: Ursaring|slp\n|move|p2a: Ursaring|Sleep Talk|p2a: Ursaring\n|move|p2a: Ursaring|Ice Punch|p1b: God-Fkn-Zilla|[from]move: Sleep Talk\n|-damage|p1b: God-Fkn-Zilla|67\/100\n|move|p1b: God-Fkn-Zilla|Low Kick|p2a: Ursaring\n|-supereffective|p2a: Ursaring\n|-damage|p2a: Ursaring|0 fnt\n|faint|p2a: Ursaring\n|move|p1a: Grimgrrrrrr|Spirit Break|p2b: Oricorio\n|-resisted|p2b: Oricorio\n|-damage|p2b: Oricorio|64\/100\n|\n|upkeep\n|\n|t:|1700954684\n|switch|p2a: Jolteon|Jolteon, M|100\/100\n|turn|5\n|\n|t:|1700954713\n|move|p1a: Grimgrrrrrr|Reflect||[still]\n|-fail|p1a: Grimgrrrrrr\n|move|p2b: Oricorio|Fly||[still]\n|-prepare|p2b: Oricorio|Fly\n|move|p2a: Jolteon|Volt Switch|p1a: Grimgrrrrrr\n|-crit|p1a: Grimgrrrrrr\n|-damage|p1a: Grimgrrrrrr|21\/100\n|\n|t:|1700954722\n|switch|p2a: Farigiraf|Farigiraf, M|100\/100|[from] Volt Switch\n|move|p1b: God-Fkn-Zilla|Stone Edge|p2a: Farigiraf\n|-damage|p2a: Farigiraf|41\/100\n|\n|-heal|p2a: Farigiraf|47\/100|[from] item: Leftovers\n|upkeep\n|turn|6\n|\n|t:|1700954739\n|move|p2a: Farigiraf|Protect|p2a: Farigiraf\n|-singleturn|p2a: Farigiraf|Protect\n|move|p2b: Oricorio|Fly|p1b: God-Fkn-Zilla|[from]lockedmove|[miss]\n|-miss|p2b: Oricorio|p1b: God-Fkn-Zilla\n|move|p1b: God-Fkn-Zilla|Knock Off|p2a: Farigiraf\n|-activate|p2a: Farigiraf|move: Protect\n|move|p1a: Grimgrrrrrr|Spirit Break|p2a: Farigiraf\n|-activate|p2a: Farigiraf|move: Protect\n|\n|-heal|p2a: Farigiraf|53\/100|[from] item: Leftovers\n|upkeep\n|turn|7\n|\n|t:|1700954766\n|move|p1a: Grimgrrrrrr|Taunt|p2a: Farigiraf\n|-start|p2a: Farigiraf|move: Taunt\n|move|p2b: Oricorio|Dual Wingbeat|p1a: Grimgrrrrrr\n|-damage|p1a: Grimgrrrrrr|14\/100\n|-damage|p1a: Grimgrrrrrr|8\/100\n|-hitcount|p1a: Grimgrrrrrr|2\n|move|p2a: Farigiraf|Dazzling Gleam|p1b: God-Fkn-Zilla|[spread] p1a,p1b\n|-supereffective|p1a: Grimgrrrrrr\n|-supereffective|p1b: God-Fkn-Zilla\n|-damage|p1a: Grimgrrrrrr|0 fnt\n|-damage|p1b: God-Fkn-Zilla|57\/100\n|faint|p1a: Grimgrrrrrr\n|move|p1b: God-Fkn-Zilla|Knock Off|p2a: Farigiraf\n|-supereffective|p2a: Farigiraf\n|-damage|p2a: Farigiraf|0 fnt\n|-enditem|p2a: Farigiraf|Leftovers|[from] move: Knock Off|[of] p1b: God-Fkn-Zilla\n|faint|p2a: Farigiraf\n|\n|-sideend|p2: Jamesthethinker|move: Tailwind\n|upkeep\n|\n|t:|1700954797\n|switch|p1a: Dame Corvi|Corviknight, F|100\/100\n|switch|p2a: Jolteon|Jolteon, M|100\/100\n|turn|8\n|\n|t:|1700954821\n|-terastallize|p2b: Oricorio|Fire\n|-terastallize|p1a: Dame Corvi|Dragon\n|move|p2b: Oricorio|Fly||[still]\n|-prepare|p2b: Oricorio|Fly\n|move|p2a: Jolteon|Double Kick|p1b: God-Fkn-Zilla\n|-supereffective|p1b: God-Fkn-Zilla\n|-damage|p1b: God-Fkn-Zilla|45\/100\n|-supereffective|p1b: God-Fkn-Zilla\n|-damage|p1b: God-Fkn-Zilla|33\/100\n|-hitcount|p1b: God-Fkn-Zilla|2\n|move|p1a: Dame Corvi|Brave Bird|p2b: Oricorio|[miss]\n|-miss|p1a: Dame Corvi|p2b: Oricorio\n|move|p1b: God-Fkn-Zilla|Stone Edge|p2b: Oricorio|[miss]\n|-miss|p1b: God-Fkn-Zilla|p2b: Oricorio\n|\n|-sideend|p1: AdamSandlerCult|Reflect\n|upkeep\n|turn|9\n|\n|t:|1700954842\n|move|p2b: Oricorio|Fly|p1a: Dame Corvi|[from]lockedmove\n|-damage|p1a: Dame Corvi|87\/100\n|move|p2a: Jolteon|Thunderbolt|p1a: Dame Corvi\n|-resisted|p1a: Dame Corvi\n|-damage|p1a: Dame Corvi|75\/100\n|move|p1a: Dame Corvi|Brave Bird|p2b: Oricorio\n|-damage|p2b: Oricorio|13\/100\n|-damage|p1a: Dame Corvi|62\/100|[from] Recoil\n|move|p1b: God-Fkn-Zilla|Earthquake|p2a: Jolteon|[spread] p1a,p2a,p2b\n|-supereffective|p2a: Jolteon\n|-supereffective|p2b: Oricorio\n|-damage|p1a: Dame Corvi|43\/100\n|-damage|p2a: Jolteon|19\/100\n|-damage|p2b: Oricorio|0 fnt\n|faint|p2b: Oricorio\n|\n|-heal|p1a: Dame Corvi|49\/100|[from] item: Leftovers\n|-sideend|p1: AdamSandlerCult|move: Light Screen\n|upkeep\n|\n|t:|1700954860\n|switch|p2b: Jirachi|Jirachi|100\/100\n|turn|10\n|\n|t:|1700954879\n|move|p2a: Jolteon|Volt Switch|p1b: God-Fkn-Zilla\n|-damage|p1b: God-Fkn-Zilla|15\/100\n|\n|t:|1700954885\n|switch|p2a: Empoleon|Empoleon, M|100\/100|[from] Volt Switch\n|move|p2b: Jirachi|Wish|p2b: Jirachi\n|move|p1a: Dame Corvi|Roost|p1a: Dame Corvi\n|-heal|p1a: Dame Corvi|99\/100\n|move|p1b: God-Fkn-Zilla|Earthquake|p2b: Jirachi|[spread] p1a,p2a,p2b\n|-supereffective|p2a: Empoleon\n|-supereffective|p2b: Jirachi\n|-damage|p1a: Dame Corvi|81\/100\n|-damage|p2a: Empoleon|43\/100\n|-damage|p2b: Jirachi|53\/100\n|\n|-heal|p1a: Dame Corvi|87\/100|[from] item: Leftovers\n|upkeep\n|turn|11\n|\n|t:|1700954907\n|move|p2b: Jirachi|Zen Headbutt|p1a: Dame Corvi\n|-damage|p1a: Dame Corvi|70\/100\n|move|p2a: Empoleon|Surf|p1b: God-Fkn-Zilla|[spread] p2b,p1a,p1b\n|-resisted|p1a: Dame Corvi\n|-supereffective|p1b: God-Fkn-Zilla\n|-damage|p2b: Jirachi|30\/100\n|-damage|p1a: Dame Corvi|57\/100\n|-damage|p1b: God-Fkn-Zilla|0 fnt\n|faint|p1b: God-Fkn-Zilla\n|cant|p1a: Dame Corvi|flinch\n|\n|-heal|p2b: Jirachi|79\/100|[from] move: Wish|[wisher] Jirachi\n|-heal|p1a: Dame Corvi|63\/100|[from] item: Leftovers\n|upkeep\n|\n|t:|1700954925\n|switch|p1b: Battle-Bug|Heracross, M|100\/100\n|turn|12\n|\n|t:|1700954941\n|move|p2b: Jirachi|Flash Cannon|p1b: Battle-Bug\n|-damage|p1b: Battle-Bug|76\/100\n|-unboost|p1b: Battle-Bug|spd|1\n|move|p1b: Battle-Bug|Close Combat|p2a: Empoleon\n|-supereffective|p2a: Empoleon\n|-crit|p2a: Empoleon\n|-damage|p2a: Empoleon|0 fnt\n|-unboost|p1b: Battle-Bug|def|1\n|-unboost|p1b: Battle-Bug|spd|1\n|faint|p2a: Empoleon\n|move|p1a: Dame Corvi|Iron Head|p2b: Jirachi\n|-resisted|p2b: Jirachi\n|-damage|p2b: Jirachi|70\/100\n|\n|-heal|p1a: Dame Corvi|70\/100|[from] item: Leftovers\n|-status|p1b: Battle-Bug|brn|[from] item: Flame Orb\n|upkeep\n|\n|t:|1700954955\n|switch|p2a: Jolteon|Jolteon, M|19\/100\n|turn|13\n|\n|t:|1700954974\n|move|p2a: Jolteon|Yawn|p1a: Dame Corvi\n|-start|p1a: Dame Corvi|move: Yawn|[of] p2a: Jolteon\n|move|p2b: Jirachi|Zen Headbutt|p1b: Battle-Bug|[miss]\n|-miss|p2b: Jirachi|p1b: Battle-Bug\n|move|p1b: Battle-Bug|Close Combat|p2b: Jirachi\n|-damage|p2b: Jirachi|0 fnt\n|-unboost|p1b: Battle-Bug|def|1\n|-unboost|p1b: Battle-Bug|spd|1\n|faint|p2b: Jirachi\n|move|p1a: Dame Corvi|Brave Bird|p2a: Jolteon\n|-resisted|p2a: Jolteon\n|-damage|p2a: Jolteon|0 fnt\n|faint|p2a: Jolteon\n|-damage|p1a: Dame Corvi|65\/100|[from] Recoil\n|\n|win|AdamSandlerCult\n","uploadtime":1700954993,"views":31,"p1id":"adamsandlercult","p2id":"jamesthethinker","formatid":"gen9doublesou","rating":0,"private":0,"password":""}