{"id":"gen9doublesou-1995067360","p1":"HEAVY-DUTY B0OTY","p2":"DumDieCutie","format":"[Gen 9] Doubles OU","log":"|j|\u2606HEAVY-DUTY B0OTY\n|j|\u2606DumDieCutie\n|inactive|Battle timer is ON: inactive players will automatically lose when time's up.\n|t:|1700518987\n|gametype|doubles\n|player|p1|HEAVY-DUTY B0OTY|swimmerf-gen6|\n|player|p2|DumDieCutie|mira|\n|teamsize|p1|6\n|teamsize|p2|6\n|gen|9\n|tier|[Gen 9] Doubles OU\n|rated|Tournament battle\n|rule|Species Clause: Limit one of each Pok\u00e9mon\n|rule|OHKO Clause: OHKO moves are banned\n|rule|Evasion Moves Clause: Evasion moves are banned\n|rule|Gravity Sleep Clause: The combination of sleep-inducing moves with imperfect accuracy and Gravity or Gigantamax Orbeetle are banned\n|rule|Endless Battle Clause: Forcing endless battles is banned\n|rule|HP Percentage Mod: HP is shown in percentages\n|clearpoke\n|poke|p1|Greavard, F|\n|poke|p1|Phantump, F|\n|poke|p1|Larvesta, F|\n|poke|p1|Pawniard, M|\n|poke|p1|Fidough, M|\n|poke|p1|Timburr, F|\n|poke|p2|Munchlax, M|\n|poke|p2|Rolycoly, F|\n|poke|p2|Turtwig, F|\n|poke|p2|Scorbunny, F|\n|poke|p2|Shinx, M|\n|poke|p2|Mismagius, M|\n|teampreview\n|j|*Lady Monita \u2746\n|c|\u2606DumDieCutie|glhf\n|c|\u2606HEAVY-DUTY B0OTY|hf\n|j| Zoroark_Fanboy\n|j| Yeet259\n|\n|t:|1700519001\n|start\n|switch|p1a: Pawniard|Pawniard, M|100\/100\n|switch|p1b: Phantump|Phantump, F, shiny|100\/100\n|switch|p2a: Rolycoly|Rolycoly, F|100\/100\n|switch|p2b: Mismagius|Mismagius, M|100\/100\n|-item|p2a: Rolycoly|Eviolite|[from] ability: Frisk|[of] p1b: Phantump|[identify]\n|-item|p2b: Mismagius|Assault Vest|[from] ability: Frisk|[of] p1b: Phantump|[identify]\n|turn|1\n|\n|t:|1700519028\n|switch|p2b: Shinx|Shinx, M|100\/100\n|-ability|p2b: Shinx|Intimidate|boost\n|-unboost|p1a: Pawniard|atk|1\n|-ability|p1a: Pawniard|Defiant|boost\n|-boost|p1a: Pawniard|atk|2\n|-unboost|p1b: Phantump|atk|1\n|move|p1b: Phantump|Protect|p1b: Phantump\n|-singleturn|p1b: Phantump|Protect\n|move|p1a: Pawniard|Iron Head|p2a: Rolycoly\n|-supereffective|p2a: Rolycoly\n|-damage|p2a: Rolycoly|0 fnt\n|faint|p2a: Rolycoly\n|\n|upkeep\n|\n|t:|1700519044\n|switch|p2a: Scorbunny|Scorbunny, F|100\/100\n|turn|2\n|c|\u2606DumDieCutie|Forgot he does that OtL\n|inactive|HEAVY-DUTY B0OTY has 120 seconds left.\n|\n|t:|1700519083\n|switch|p1b: Fidough|Fidough, M|100\/100\n|-terastallize|p1a: Pawniard|Fairy\n|move|p2a: Scorbunny|Flame Charge|p1a: Pawniard\n|-damage|p1a: Pawniard|64\/100\n|-boost|p2a: Scorbunny|spe|1\n|move|p1a: Pawniard|Thief|p2a: Scorbunny\n|-damage|p2a: Scorbunny|33\/100\n|-enditem|p2a: Scorbunny|Eviolite|[silent]|[from] move: Thief|[of] p1a: Pawniard\n|-item|p1a: Pawniard|Eviolite|[from] move: Thief|[of] p2a: Scorbunny\n|move|p2b: Shinx|Thunder Wave|p1b: Fidough\n|-status|p1b: Fidough|par\n|\n|upkeep\n|turn|3\n|inactive|HEAVY-DUTY B0OTY has 120 seconds left.\n|inactive|DumDieCutie has 120 seconds left.\n|\n|t:|1700519125\n|switch|p2b: Turtwig|Turtwig, F|100\/100\n|move|p1a: Pawniard|Sucker Punch|p2a: Scorbunny\n|-damage|p2a: Scorbunny|0 fnt\n|faint|p2a: Scorbunny\n|cant|p1b: Fidough|par\n|\n|upkeep\n|inactive|DumDieCutie has 90 seconds left.\n|j| BigSilverBilver\n|\n|t:|1700519172\n|switch|p2a: Munchlax|Munchlax, M|100\/100\n|turn|4\n|j| Gen70\n|inactive|DumDieCutie has 90 seconds left.\n|\n|t:|1700519186\n|move|p1a: Pawniard|Iron Head|p2b: Turtwig\n|-damage|p2b: Turtwig|10\/100\n|move|p2b: Turtwig|Iron Head|p1a: Pawniard\n|-supereffective|p1a: Pawniard\n|-damage|p1a: Pawniard|7\/100\n|move|p1b: Fidough|Howl|p1b: Fidough|[spread] p1a,p1b\n|-boost|p1a: Pawniard|atk|1\n|-boost|p1b: Fidough|atk|1\n|move|p2a: Munchlax|Curse|p2a: Munchlax\n|-unboost|p2a: Munchlax|spe|1\n|-boost|p2a: Munchlax|atk|1\n|-boost|p2a: Munchlax|def|1\n|\n|upkeep\n|turn|5\n|\n|t:|1700519208\n|move|p1a: Pawniard|Iron Head|p2a: Munchlax\n|-damage|p2a: Munchlax|59\/100\n|move|p2b: Turtwig|Iron Head|p1b: Fidough\n|-supereffective|p1b: Fidough\n|-damage|p1b: Fidough|71\/100 par\n|move|p1b: Fidough|Play Rough|p2a: Munchlax\n|-damage|p2a: Munchlax|40\/100\n|cant|p2a: Munchlax|flinch\n|\n|upkeep\n|turn|6\n|j| arnavgupta\n|\n|t:|1700519222\n|move|p1a: Pawniard|Iron Head|p2a: Munchlax\n|-damage|p2a: Munchlax|0 fnt\n|faint|p2a: Munchlax\n|move|p2b: Turtwig|Iron Head|p1a: Pawniard\n|-supereffective|p1a: Pawniard\n|-damage|p1a: Pawniard|0 fnt\n|faint|p1a: Pawniard\n|move|p1b: Fidough|Play Rough|p2b: Turtwig\n|-damage|p2b: Turtwig|0 fnt\n|faint|p2b: Turtwig\n|\n|upkeep\n|l| Zoroark_Fanboy\n|\n|t:|1700519246\n|switch|p1a: Phantump|Phantump, F, shiny|100\/100\n|switch|p2b: Mismagius|Mismagius, M|100\/100\n|switch|p2a: Shinx|Shinx, M|100\/100\n|-ability|p2a: Shinx|Intimidate|boost\n|-unboost|p1a: Phantump|atk|1\n|-fail|p1b: Fidough|unboost|Attack|[from] ability: Own Tempo|[of] p1b: Fidough\n|-item|p2a: Shinx|Focus Sash|[from] ability: Frisk|[of] p1a: Phantump|[identify]\n|-item|p2b: Mismagius|Assault Vest|[from] ability: Frisk|[of] p1a: Phantump|[identify]\n|turn|7\n|j| Dark Void Traveler\n|\n|t:|1700519271\n|move|p1a: Phantump|Protect|p1a: Phantump\n|-singleturn|p1a: Phantump|Protect\n|move|p2b: Mismagius|Shadow Ball|p1a: Phantump\n|-activate|p1a: Phantump|move: Protect\n|move|p2a: Shinx|Wild Charge|p1b: Fidough\n|-damage|p1b: Fidough|45\/100 par\n|-damage|p2a: Shinx|94\/100|[from] Recoil\n|move|p1b: Fidough|Play Rough|p2b: Mismagius\n|-damage|p2b: Mismagius|48\/100\n|-unboost|p2b: Mismagius|atk|1\n|\n|upkeep\n|turn|8\n|\n|t:|1700519290\n|move|p2b: Mismagius|Shadow Ball|p1a: Phantump\n|-supereffective|p1a: Phantump\n|-damage|p1a: Phantump|23\/100\n|move|p2a: Shinx|Wild Charge|p1b: Fidough\n|-damage|p1b: Fidough|21\/100 par\n|-damage|p2a: Shinx|89\/100|[from] Recoil\n|move|p1a: Phantump|Night Shade|p2b: Mismagius\n|-damage|p2b: Mismagius|10\/100\n|move|p1b: Fidough|Play Rough|p2b: Mismagius\n|-damage|p2b: Mismagius|0 fnt\n|faint|p2b: Mismagius\n|\n|upkeep\n|turn|9\n|c|\u2606HEAVY-DUTY B0OTY|phew\n|\n|t:|1700519311\n|move|p2a: Shinx|Wild Charge|p1b: Fidough\n|-damage|p1b: Fidough|0 fnt\n|faint|p1b: Fidough\n|-damage|p2a: Shinx|84\/100|[from] Recoil\n|move|p1a: Phantump|Leech Seed|p2a: Shinx\n|-start|p2a: Shinx|move: Leech Seed\n|\n|-damage|p2a: Shinx|72\/100|[from] Leech Seed|[of] p1a: Phantump\n|-heal|p1a: Phantump|36\/100|[silent]\n|upkeep\n|\n|t:|1700519317\n|switch|p1b: Greavard|Greavard, F|100\/100\n|turn|10\n|c|\u2606DumDieCutie|The flinch really came to the worst time :(\n|c|\u2606DumDieCutie|(Munchlax)\n|c|\u2606HEAVY-DUTY B0OTY|yeah\n|c|\u2606DumDieCutie|gg wp\n|inactive|DumDieCutie has 120 seconds left.\n|l| Dark Void Traveler\n|c|\u2606HEAVY-DUTY B0OTY|gg\n|l| BigSilverBilver\n|\n|t:|1700519353\n|move|p1a: Phantump|Protect|p1a: Phantump\n|-singleturn|p1a: Phantump|Protect\n|move|p2a: Shinx|Wild Charge|p1a: Phantump\n|-activate|p1a: Phantump|move: Protect\n|move|p1b: Greavard|Yawn|p2a: Shinx\n|-start|p2a: Shinx|move: Yawn|[of] p1b: Greavard\n|\n|-damage|p2a: Shinx|59\/100|[from] Leech Seed|[of] p1a: Phantump\n|-heal|p1a: Phantump|48\/100|[silent]\n|upkeep\n|turn|11\n|-message|DumDieCutie forfeited.\n|\n|win|HEAVY-DUTY B0OTY\n|n|\u2606HEAVY-DUTY B0OTY|heavydutyb0oty\n|n|\u2606DumDieCutie|dumdiecutie\n|n|*Lady Monita \u2746|ladymonita\n|n| Yeet259|yeet259\n|n| Gen70|gen70\n|n| arnavgupta|arnavgupta\n","uploadtime":1700519360,"views":3,"p1id":"heavydutyb0oty","p2id":"dumdiecutie","formatid":"gen9doublesou","rating":0,"private":0,"password":""}