{"id":"gen9doublesou-1998350665","p1":"OPieceOfHeroGhost","p2":"OrtShukWorth","format":"[Gen 9] Doubles OU","log":"|j|\u2606OPieceOfHeroGhost\n|j|\u2606OrtShukWorth\n|t:|1700932546\n|gametype|doubles\n|player|p1|OPieceOfHeroGhost|morty|1462\n|player|p2|OrtShukWorth|101|1504\n|teamsize|p1|6\n|teamsize|p2|6\n|gen|9\n|tier|[Gen 9] Doubles OU\n|rated|\n|rule|Species Clause: Limit one of each Pok\u00e9mon\n|rule|OHKO Clause: OHKO moves are banned\n|rule|Evasion Moves Clause: Evasion moves are banned\n|rule|Gravity Sleep Clause: The combination of sleep-inducing moves with imperfect accuracy and Gravity or Gigantamax Orbeetle are banned\n|rule|Endless Battle Clause: Forcing endless battles is banned\n|rule|HP Percentage Mod: HP is shown in percentages\n|clearpoke\n|poke|p1|Heatran, F|\n|poke|p1|Rillaboom, M|\n|poke|p1|Flutter Mane|\n|poke|p1|Chien-Pao|\n|poke|p1|Iron Hands|\n|poke|p1|Landorus-Therian, M|\n|poke|p2|Spoink, F|\n|poke|p2|Haunter, F|\n|poke|p2|Spiritomb, F|\n|poke|p2|Sinistcha-Masterpiece|\n|poke|p2|Tornadus-Therian, M|\n|poke|p2|Lokix, F|\n|teampreview\n|j| Snowfeather090\n|l| Snowfeather090\n|\n|t:|1700932581\n|start\n|switch|p1a: \u4f60\u62cd\u4e94\uff0c\u6211\u62cd\u516d\uff0c\u51fb\u638c\u5947\u88ad\u754f\u4e2a\u7f29|Iron Hands|100\/100\n|switch|p1b: \u989d\u554a\uff01\u8150\u8680\u80c6\u6c41\uff01|Heatran, F|100\/100\n|switch|p2a: Spoink|Spoink, F|100\/100\n|switch|p2b: Spiritomb|Spiritomb, F, shiny|100\/100\n|turn|1\n|c|\u2606OPieceOfHeroGhost|triking\n|\n|t:|1700932613\n|move|p1a: \u4f60\u62cd\u4e94\uff0c\u6211\u62cd\u516d\uff0c\u51fb\u638c\u5947\u88ad\u754f\u4e2a\u7f29|Fake Out|p2a: Spoink\n|-damage|p2a: Spoink|67\/100\n|move|p1b: \u989d\u554a\uff01\u8150\u8680\u80c6\u6c41\uff01|Heat Wave|p2b: Spiritomb|[spread] p2a,p2b\n|-crit|p2a: Spoink\n|-damage|p2a: Spoink|40\/100\n|-damage|p2b: Spiritomb|69\/100\n|cant|p2a: Spoink|flinch\n|move|p2b: Spiritomb|Substitute|p2b: Spiritomb\n|-start|p2b: Spiritomb|Substitute\n|-damage|p2b: Spiritomb|44\/100\n|\n|-heal|p2b: Spiritomb|50\/100|[from] item: Leftovers\n|upkeep\n|turn|2\n|\n|t:|1700932636\n|move|p1b: \u989d\u554a\uff01\u8150\u8680\u80c6\u6c41\uff01|Heat Wave|p2a: Spoink|[spread] p2a,p2b\n|-end|p2b: Spiritomb|Substitute\n|-damage|p2a: Spoink|21\/100\n|move|p2a: Spoink|Light Screen|p2a: Spoink\n|-sidestart|p2: OrtShukWorth|move: Light Screen\n|move|p1a: \u4f60\u62cd\u4e94\uff0c\u6211\u62cd\u516d\uff0c\u51fb\u638c\u5947\u88ad\u754f\u4e2a\u7f29|Volt Switch|p2a: Spoink\n|-damage|p2a: Spoink|13\/100\n|\n|t:|1700932655\n|-end|p1a: \u4f60\u62cd\u4e94\uff0c\u6211\u62cd\u516d\uff0c\u51fb\u638c\u5947\u88ad\u754f\u4e2a\u7f29|Quark Drive|[silent]\n|switch|p1a: \u571f\u732b\u8e29\u6211|Landorus-Therian, M|100\/100|[from] Volt Switch\n|-ability|p1a: \u571f\u732b\u8e29\u6211|Intimidate|boost\n|-unboost|p2a: Spoink|atk|1\n|-unboost|p2b: Spiritomb|atk|1\n|move|p2b: Spiritomb|Will-O-Wisp|p1a: \u571f\u732b\u8e29\u6211\n|-status|p1a: \u571f\u732b\u8e29\u6211|brn\n|\n|-heal|p2b: Spiritomb|56\/100|[from] item: Leftovers\n|-damage|p1a: \u571f\u732b\u8e29\u6211|94\/100 brn|[from] brn\n|upkeep\n|turn|3\n|\n|t:|1700932680\n|move|p1a: \u571f\u732b\u8e29\u6211|U-turn|p2a: Spoink\n|-supereffective|p2a: Spoink\n|-damage|p2a: Spoink|0 fnt\n|faint|p2a: Spoink\n|\n|t:|1700932699\n|switch|p1a: \u62cd\u6253\u7329|Rillaboom, M|100\/100|[from] U-turn\n|-fieldstart|move: Grassy Terrain|[from] ability: Grassy Surge|[of] p1a: \u62cd\u6253\u7329\n|move|p1b: \u989d\u554a\uff01\u8150\u8680\u80c6\u6c41\uff01|Heat Wave|p2b: Spiritomb\n|-damage|p2b: Spiritomb|31\/100\n|move|p2b: Spiritomb|Hex|p1a: \u62cd\u6253\u7329\n|-damage|p1a: \u62cd\u6253\u7329|80\/100\n|\n|-heal|p1a: \u62cd\u6253\u7329|86\/100|[from] Grassy Terrain\n|-heal|p2b: Spiritomb|37\/100|[from] Grassy Terrain\n|-heal|p2b: Spiritomb|43\/100|[from] item: Leftovers\n|upkeep\n|\n|t:|1700932723\n|switch|p2a: Tornadus|Tornadus-Therian, M|100\/100\n|turn|4\n|\n|t:|1700932745\n|switch|p2b: Haunter|Haunter, F|100\/100\n|move|p1b: \u989d\u554a\uff01\u8150\u8680\u80c6\u6c41\uff01|Protect|p1b: \u989d\u554a\uff01\u8150\u8680\u80c6\u6c41\uff01\n|-singleturn|p1b: \u989d\u554a\uff01\u8150\u8680\u80c6\u6c41\uff01|Protect\n|move|p2a: Tornadus|Hurricane|p1a: \u62cd\u6253\u7329\n|-supereffective|p1a: \u62cd\u6253\u7329\n|-damage|p1a: \u62cd\u6253\u7329|0 fnt\n|faint|p1a: \u62cd\u6253\u7329\n|-damage|p2a: Tornadus|91\/100|[from] item: Life Orb\n|\n|upkeep\n|\n|t:|1700932756\n|switch|p1a: \u571f\u732b\u8e29\u6211|Landorus-Therian, M|94\/100 brn\n|-ability|p1a: \u571f\u732b\u8e29\u6211|Intimidate|boost\n|-unboost|p2a: Tornadus|atk|1\n|-unboost|p2b: Haunter|atk|1\n|turn|5\n|\n|t:|1700932780\n|switch|p2a: Spiritomb|Spiritomb, F, shiny|43\/100\n|switch|p1b: \u4f60\u62cd\u4e94\uff0c\u6211\u62cd\u516d\uff0c\u51fb\u638c\u5947\u88ad\u754f\u4e2a\u7f29|Iron Hands|100\/100\n|move|p2b: Haunter|Trick|p1b: \u4f60\u62cd\u4e94\uff0c\u6211\u62cd\u516d\uff0c\u51fb\u638c\u5947\u88ad\u754f\u4e2a\u7f29\n|-activate|p2b: Haunter|move: Trick|[of] p1b: \u4f60\u62cd\u4e94\uff0c\u6211\u62cd\u516d\uff0c\u51fb\u638c\u5947\u88ad\u754f\u4e2a\u7f29\n|-item|p1b: \u4f60\u62cd\u4e94\uff0c\u6211\u62cd\u516d\uff0c\u51fb\u638c\u5947\u88ad\u754f\u4e2a\u7f29|Choice Scarf|[from] move: Trick\n|-item|p2b: Haunter|Assault Vest|[from] move: Trick\n|move|p1a: \u571f\u732b\u8e29\u6211|Rock Slide|p2b: Haunter|[spread] p2a,p2b\n|-damage|p2a: Spiritomb|32\/100\n|-damage|p2b: Haunter|72\/100\n|\n|-heal|p2a: Spiritomb|38\/100|[from] Grassy Terrain\n|-heal|p2a: Spiritomb|44\/100|[from] item: Leftovers\n|-damage|p1a: \u571f\u732b\u8e29\u6211|88\/100 brn|[from] brn\n|upkeep\n|turn|6\n|\n|t:|1700932804\n|move|p1a: \u571f\u732b\u8e29\u6211|Rock Slide|p2b: Haunter|[spread] p2a,p2b\n|-damage|p2a: Spiritomb|33\/100\n|-damage|p2b: Haunter|42\/100\n|move|p2b: Haunter|Giga Drain|p1a: \u571f\u732b\u8e29\u6211\n|-damage|p1a: \u571f\u732b\u8e29\u6211|61\/100 brn\n|-heal|p2b: Haunter|62\/100|[from] drain|[of] p1a: \u571f\u732b\u8e29\u6211\n|move|p1b: \u4f60\u62cd\u4e94\uff0c\u6211\u62cd\u516d\uff0c\u51fb\u638c\u5947\u88ad\u754f\u4e2a\u7f29|Volt Switch|p2a: Spiritomb\n|-damage|p2a: Spiritomb|26\/100\n|\n|t:|1700932820\n|-end|p1b: \u4f60\u62cd\u4e94\uff0c\u6211\u62cd\u516d\uff0c\u51fb\u638c\u5947\u88ad\u754f\u4e2a\u7f29|Quark Drive|[silent]\n|switch|p1b: \u989d\u554a\uff01\u8150\u8680\u80c6\u6c41\uff01|Heatran, F|100\/100|[from] Volt Switch\n|cant|p2a: Spiritomb|flinch\n|\n|-heal|p2a: Spiritomb|32\/100|[from] Grassy Terrain\n|-heal|p2a: Spiritomb|38\/100|[from] item: Leftovers\n|-damage|p1a: \u571f\u732b\u8e29\u6211|55\/100 brn|[from] brn\n|upkeep\n|turn|7\n|\n|t:|1700932864\n|move|p1a: \u571f\u732b\u8e29\u6211|Rock Slide|p2a: Spiritomb|[spread] p2a,p2b\n|-damage|p2a: Spiritomb|26\/100\n|-damage|p2b: Haunter|33\/100\n|move|p2b: Haunter|Giga Drain|p1a: \u571f\u732b\u8e29\u6211\n|-damage|p1a: \u571f\u732b\u8e29\u6211|29\/100 brn\n|-heal|p2b: Haunter|53\/100|[from] drain|[of] p1a: \u571f\u732b\u8e29\u6211\n|move|p1b: \u989d\u554a\uff01\u8150\u8680\u80c6\u6c41\uff01|Earth Power|p2a: Spiritomb\n|-damage|p2a: Spiritomb|7\/100\n|cant|p2a: Spiritomb|flinch\n|\n|-heal|p2a: Spiritomb|13\/100|[from] Grassy Terrain\n|-heal|p2a: Spiritomb|19\/100|[from] item: Leftovers\n|-damage|p1a: \u571f\u732b\u8e29\u6211|23\/100 brn|[from] brn\n|-fieldend|move: Grassy Terrain\n|upkeep\n|turn|8\n|\n|t:|1700932899\n|switch|p1a: \u4f60\u62cd\u4e94\uff0c\u6211\u62cd\u516d\uff0c\u51fb\u638c\u5947\u88ad\u754f\u4e2a\u7f29|Iron Hands|100\/100\n|switch|p2a: Tornadus|Tornadus-Therian, M|100\/100\n|move|p2b: Haunter|Giga Drain|p1a: \u4f60\u62cd\u4e94\uff0c\u6211\u62cd\u516d\uff0c\u51fb\u638c\u5947\u88ad\u754f\u4e2a\u7f29\n|-damage|p1a: \u4f60\u62cd\u4e94\uff0c\u6211\u62cd\u516d\uff0c\u51fb\u638c\u5947\u88ad\u754f\u4e2a\u7f29|84\/100\n|-heal|p2b: Haunter|70\/100|[from] drain|[of] p1a: \u4f60\u62cd\u4e94\uff0c\u6211\u62cd\u516d\uff0c\u51fb\u638c\u5947\u88ad\u754f\u4e2a\u7f29\n|move|p1b: \u989d\u554a\uff01\u8150\u8680\u80c6\u6c41\uff01|Heat Wave|p2b: Haunter|[spread] p2a,p2b\n|-damage|p2a: Tornadus|68\/100\n|-damage|p2b: Haunter|25\/100\n|-status|p2a: Tornadus|brn\n|\n|-damage|p2a: Tornadus|62\/100 brn|[from] brn\n|upkeep\n|turn|9\n|\n|t:|1700932921\n|switch|p2a: Lokix|Lokix, F|100\/100\n|move|p2b: Haunter|Giga Drain|p1a: \u4f60\u62cd\u4e94\uff0c\u6211\u62cd\u516d\uff0c\u51fb\u638c\u5947\u88ad\u754f\u4e2a\u7f29\n|-damage|p1a: \u4f60\u62cd\u4e94\uff0c\u6211\u62cd\u516d\uff0c\u51fb\u638c\u5947\u88ad\u754f\u4e2a\u7f29|67\/100\n|-heal|p2b: Haunter|42\/100|[from] drain|[of] p1a: \u4f60\u62cd\u4e94\uff0c\u6211\u62cd\u516d\uff0c\u51fb\u638c\u5947\u88ad\u754f\u4e2a\u7f29\n|move|p1a: \u4f60\u62cd\u4e94\uff0c\u6211\u62cd\u516d\uff0c\u51fb\u638c\u5947\u88ad\u754f\u4e2a\u7f29|Volt Switch|p2a: Lokix\n|-damage|p2a: Lokix|88\/100\n|\n|t:|1700932934\n|-end|p1a: \u4f60\u62cd\u4e94\uff0c\u6211\u62cd\u516d\uff0c\u51fb\u638c\u5947\u88ad\u754f\u4e2a\u7f29|Quark Drive|[silent]\n|switch|p1a: ku\ud83d\udcb0\u70ae|Chien-Pao|100\/100|[from] Volt Switch\n|-ability|p1a: ku\ud83d\udcb0\u70ae|Sword of Ruin\n|move|p1b: \u989d\u554a\uff01\u8150\u8680\u80c6\u6c41\uff01|Heat Wave|p2b: Haunter|[spread] p2a,p2b\n|-supereffective|p2a: Lokix\n|-damage|p2a: Lokix|18\/100\n|-damage|p2b: Haunter|0 fnt\n|faint|p2b: Haunter\n|\n|-sideend|p2: OrtShukWorth|move: Light Screen\n|upkeep\n|\n|t:|1700932946\n|switch|p2b: Sinistcha|Sinistcha-Masterpiece|100\/100\n|-heal|p2a: Lokix|43\/100|[from] ability: Hospitality|[of] p2b: Sinistcha\n|turn|10\n|\n|t:|1700932957\n|move|p1a: ku\ud83d\udcb0\u70ae|Protect|p1a: ku\ud83d\udcb0\u70ae\n|-singleturn|p1a: ku\ud83d\udcb0\u70ae|Protect\n|move|p2a: Lokix|First Impression|p1a: ku\ud83d\udcb0\u70ae\n|-activate|p1a: ku\ud83d\udcb0\u70ae|move: Protect\n|move|p1b: \u989d\u554a\uff01\u8150\u8680\u80c6\u6c41\uff01|Heat Wave|p2a: Lokix|[spread] p2a,p2b\n|-supereffective|p2a: Lokix\n|-supereffective|p2b: Sinistcha\n|-damage|p2a: Lokix|0 fnt\n|-damage|p2b: Sinistcha|3\/100\n|-enditem|p2b: Sinistcha|Sitrus Berry|[eat]\n|-heal|p2b: Sinistcha|28\/100|[from] item: Sitrus Berry\n|faint|p2a: Lokix\n|move|p2b: Sinistcha|Scald|p1b: \u989d\u554a\uff01\u8150\u8680\u80c6\u6c41\uff01\n|-supereffective|p1b: \u989d\u554a\uff01\u8150\u8680\u80c6\u6c41\uff01\n|-damage|p1b: \u989d\u554a\uff01\u8150\u8680\u80c6\u6c41\uff01|62\/100\n|\n|-heal|p1b: \u989d\u554a\uff01\u8150\u8680\u80c6\u6c41\uff01|69\/100|[from] item: Leftovers\n|upkeep\n|-message|OrtShukWorth forfeited.\n|\n|win|OPieceOfHeroGhost\n|raw|OPieceOfHeroGhost's rating: 1462 &rarr; <strong>1484<\/strong><br \/>(+22 for winning)\n|raw|OrtShukWorth's rating: 1504 &rarr; <strong>1482<\/strong><br \/>(-22 for losing)\n|l|\u2606OrtShukWorth\n","uploadtime":1700932982,"views":0,"p1id":"opieceofheroghost","p2id":"ortshukworth","formatid":"gen9doublesou","rating":1482,"private":0,"password":""}