{"id":"gen9doublesou-1970645444","p1":"ILikeDinosaur","p2":"snitker","format":"[Gen 9] Doubles OU","log":"|j|\u2606ILikeDinosaur\n|j|\u2606snitker\n|t:|1697654931\n|gametype|doubles\n|player|p1|ILikeDinosaur|maid|1226\n|player|p2|snitker|2|1301\n|teamsize|p1|6\n|teamsize|p2|6\n|gen|9\n|tier|[Gen 9] Doubles OU\n|rated|\n|rule|Species Clause: Limit one of each Pok\u00e9mon\n|rule|OHKO Clause: OHKO moves are banned\n|rule|Evasion Moves Clause: Evasion moves are banned\n|rule|Gravity Sleep Clause: The combination of sleep-inducing moves with imperfect accuracy and Gravity or Gigantamax Orbeetle are banned\n|rule|Endless Battle Clause: Forcing endless battles is banned\n|rule|HP Percentage Mod: HP is shown in percentages\n|clearpoke\n|poke|p1|Tyranitar, M|\n|poke|p1|Flutter Mane|\n|poke|p1|Sinistcha-Masterpiece|\n|poke|p1|Ursaluna-Bloodmoon, M|\n|poke|p1|Baxcalibur, M|\n|poke|p1|Cramorant, F|\n|poke|p2|Iron Bundle|\n|poke|p2|Iron Hands|\n|poke|p2|Amoonguss, M|\n|poke|p2|Flutter Mane|\n|poke|p2|Landorus-Therian, M|\n|poke|p2|Ogerpon-Hearthflame, F|\n|teampreview\n|inactive|Battle timer is ON: inactive players will automatically lose when time's up. (requested by snitker)\n|\n|t:|1697654940\n|start\n|switch|p1a: I\u2019m gonna hurt you|Flutter Mane, shiny|100\/100\n|switch|p1b: Baxcalibur|Baxcalibur, M, shiny|100\/100\n|switch|p2a: Iron Bundle|Iron Bundle|100\/100\n|switch|p2b: Iron Hands|Iron Hands|100\/100\n|-enditem|p2a: Iron Bundle|Booster Energy\n|-activate|p2a: Iron Bundle|ability: Quark Drive|[fromitem]\n|-start|p2a: Iron Bundle|quarkdrivespe\n|-enditem|p1a: I\u2019m gonna hurt you|Booster Energy\n|-activate|p1a: I\u2019m gonna hurt you|ability: Protosynthesis|[fromitem]\n|-start|p1a: I\u2019m gonna hurt you|protosynthesisspa\n|-enditem|p2b: Iron Hands|Booster Energy\n|-activate|p2b: Iron Hands|ability: Quark Drive|[fromitem]\n|-start|p2b: Iron Hands|quarkdriveatk\n|turn|1\n|\n|t:|1697654965\n|move|p2b: Iron Hands|Fake Out|p1b: Baxcalibur\n|-damage|p1b: Baxcalibur|83\/100\n|move|p2a: Iron Bundle|Icy Wind|p1a: I\u2019m gonna hurt you|[spread] p1a,p1b\n|-damage|p1a: I\u2019m gonna hurt you|80\/100\n|-damage|p1b: Baxcalibur|63\/100\n|-unboost|p1a: I\u2019m gonna hurt you|spe|1\n|-unboost|p1b: Baxcalibur|spe|1\n|move|p1a: I\u2019m gonna hurt you|Dazzling Gleam|p2a: Iron Bundle|[spread] p2a,p2b\n|-supereffective|p2b: Iron Hands\n|-damage|p2a: Iron Bundle|26\/100\n|-damage|p2b: Iron Hands|32\/100\n|cant|p1b: Baxcalibur|flinch\n|\n|upkeep\n|turn|2\n|\n|t:|1697654991\n|-end|p2b: Iron Hands|Quark Drive|[silent]\n|switch|p2b: Amoonguss|Amoonguss, M|100\/100\n|move|p1b: Baxcalibur|Ice Shard|p2a: Iron Bundle\n|-resisted|p2a: Iron Bundle\n|-damage|p2a: Iron Bundle|20\/100\n|move|p2a: Iron Bundle|Hydro Pump|p1a: I\u2019m gonna hurt you\n|-damage|p1a: I\u2019m gonna hurt you|22\/100\n|move|p1a: I\u2019m gonna hurt you|Dazzling Gleam|p2b: Amoonguss|[spread] p2a,p2b\n|-resisted|p2b: Amoonguss\n|-damage|p2a: Iron Bundle|0 fnt\n|-damage|p2b: Amoonguss|80\/100\n|faint|p2a: Iron Bundle\n|-end|p2a: Iron Bundle|Quark Drive|[silent]\n|\n|upkeep\n|inactive|snitker has 120 seconds left.\n|\n|t:|1697655007\n|switch|p2a: Landorus|Landorus-Therian, M|100\/100\n|-ability|p2a: Landorus|Intimidate|boost\n|-unboost|p1a: I\u2019m gonna hurt you|atk|1\n|-unboost|p1b: Baxcalibur|atk|1\n|turn|3\n|\n|t:|1697655018\n|switch|p1b: Icup|Sinistcha-Masterpiece, shiny|100\/100\n|-heal|p1a: I\u2019m gonna hurt you|47\/100|[from] ability: Hospitality|[of] p1b: Icup\n|move|p2a: Landorus|Rock Slide|p1a: I\u2019m gonna hurt you|[spread] p1a,p1b\n|-crit|p1b: Icup\n|-damage|p1a: I\u2019m gonna hurt you|5\/100\n|-damage|p1b: Icup|78\/100\n|move|p1a: I\u2019m gonna hurt you|Icy Wind|p2b: Amoonguss|[spread] p2a,p2b\n|-supereffective|p2a: Landorus\n|-supereffective|p2b: Amoonguss\n|-damage|p2a: Landorus|5\/100\n|-damage|p2b: Amoonguss|46\/100\n|-unboost|p2a: Landorus|spe|1\n|-unboost|p2b: Amoonguss|spe|1\n|-enditem|p2b: Amoonguss|Sitrus Berry|[eat]\n|-heal|p2b: Amoonguss|71\/100|[from] item: Sitrus Berry\n|move|p2b: Amoonguss|Spore|p1b: Icup\n|-immune|p1b: Icup\n|\n|-heal|p1b: Icup|84\/100|[from] item: Leftovers\n|upkeep\n|turn|4\n|\n|t:|1697655041\n|move|p2a: Landorus|Rock Slide|p1b: Icup|[spread] p1a,p1b\n|-damage|p1a: I\u2019m gonna hurt you|0 fnt\n|-damage|p1b: Icup|68\/100\n|faint|p1a: I\u2019m gonna hurt you\n|-end|p1a: I\u2019m gonna hurt you|Protosynthesis|[silent]\n|cant|p1b: Icup|flinch\n|move|p2b: Amoonguss|Clear Smog|p1b: Icup\n|-damage|p1b: Icup|49\/100\n|-clearboost|p1b: Icup\n|\n|-heal|p1b: Icup|55\/100|[from] item: Leftovers\n|upkeep\n|inactive|ILikeDinosaur has 120 seconds left.\n|\n|t:|1697655056\n|switch|p1a: Baxcalibur|Baxcalibur, M, shiny|63\/100\n|turn|5\n|inactive|ILikeDinosaur has 120 seconds left.\n|\n|t:|1697655087\n|switch|p2a: Iron Hands|Iron Hands|32\/100\n|switch|p1b: Goofy ahh bird|Cramorant, F|100\/100\n|-terastallize|p2b: Amoonguss|Water\n|move|p1a: Baxcalibur|Ice Shard|p2a: Iron Hands\n|-damage|p2a: Iron Hands|15\/100\n|move|p2b: Amoonguss|Spore|p1a: Baxcalibur\n|-status|p1a: Baxcalibur|slp|[from] move: Spore\n|\n|upkeep\n|turn|6\n|inactive|ILikeDinosaur has 120 seconds left.\n|\n|t:|1697655110\n|move|p2a: Iron Hands|Fake Out|p1b: Goofy ahh bird\n|-crit|p1b: Goofy ahh bird\n|-damage|p1b: Goofy ahh bird|59\/100\n|cant|p1a: Baxcalibur|slp\n|cant|p1b: Goofy ahh bird|flinch\n|move|p2b: Amoonguss|Pollen Puff|p2a: Iron Hands\n|-heal|p2a: Iron Hands|65\/100\n|\n|upkeep\n|turn|7\n|\n|t:|1697655129\n|cant|p1a: Baxcalibur|slp\n|move|p1b: Goofy ahh bird|Hurricane|p2b: Amoonguss\n|-damage|p2b: Amoonguss|20\/100\n|-damage|p1b: Goofy ahh bird|49\/100|[from] item: Life Orb\n|move|p2a: Iron Hands|Drain Punch|p1a: Baxcalibur\n|-supereffective|p1a: Baxcalibur\n|-damage|p1a: Baxcalibur|0 fnt\n|-heal|p2a: Iron Hands|90\/100|[from] drain|[of] p1a: Baxcalibur\n|faint|p1a: Baxcalibur\n|move|p2b: Amoonguss|Spore|p1b: Goofy ahh bird\n|-status|p1b: Goofy ahh bird|slp|[from] move: Spore\n|\n|upkeep\n|inactive|ILikeDinosaur has 120 seconds left.\n|\n|t:|1697655144\n|switch|p1a: Icup|Sinistcha-Masterpiece, shiny|55\/100\n|-heal|p1b: Goofy ahh bird|73\/100 slp|[from] ability: Hospitality|[of] p1a: Icup\n|turn|8\n|\n|t:|1697655164\n|switch|p2b: Landorus|Landorus-Therian, M|5\/100\n|-ability|p2b: Landorus|Intimidate|boost\n|-unboost|p1a: Icup|atk|1\n|-unboost|p1b: Goofy ahh bird|atk|1\n|cant|p1b: Goofy ahh bird|slp\n|move|p2a: Iron Hands|Heavy Slam|p1a: Icup\n|-damage|p1a: Icup|20\/100\n|move|p1a: Icup|Trick Room|p1a: Icup\n|-fieldstart|move: Trick Room|[of] p1a: Icup\n|\n|-heal|p1a: Icup|27\/100|[from] item: Leftovers\n|upkeep\n|turn|9\n|\n|t:|1697655177\n|switch|p1b: The goat|Tyranitar, M, shiny|100\/100\n|-weather|Sandstorm|[from] ability: Sand Stream|[of] p1b: The goat\n|switch|p2b: Amoonguss|Amoonguss, M, tera:Water|54\/100\n|move|p1a: Icup|Matcha Gotcha|p2a: Iron Hands|[spread] p2a,p2b\n|-supereffective|p2b: Amoonguss\n|-damage|p2a: Iron Hands|71\/100\n|-heal|p1a: Icup|39\/100|[from] drain|[of] p2a: Iron Hands\n|-damage|p2b: Amoonguss|10\/100\n|-heal|p1a: Icup|66\/100|[from] drain|[of] p2b: Amoonguss\n|-status|p2b: Amoonguss|brn\n|move|p2a: Iron Hands|Heavy Slam|p1a: Icup\n|-crit|p1a: Icup\n|-damage|p1a: Icup|15\/100\n|\n|-weather|Sandstorm|[upkeep]\n|-damage|p2b: Amoonguss|4\/100 brn|[from] Sandstorm\n|-damage|p1a: Icup|9\/100|[from] Sandstorm\n|-damage|p2a: Iron Hands|65\/100|[from] Sandstorm\n|-heal|p1a: Icup|15\/100|[from] item: Leftovers\n|-damage|p2b: Amoonguss|0 fnt|[from] brn\n|faint|p2b: Amoonguss\n|upkeep\n|\n|t:|1697655195\n|switch|p2b: Landorus|Landorus-Therian, M|5\/100\n|-ability|p2b: Landorus|Intimidate|boost\n|-unboost|p1a: Icup|atk|1\n|-unboost|p1b: The goat|atk|1\n|turn|10\n|\n|t:|1697655213\n|switch|p2b: Flutter Mane|Flutter Mane|100\/100\n|-terastallize|p1b: The goat|Ghost\n|move|p1b: The goat|Earthquake|p2a: Iron Hands|[spread] p1a,p2a,p2b\n|-resisted|p1a: Icup\n|-supereffective|p2a: Iron Hands\n|-damage|p1a: Icup|7\/100\n|-damage|p2a: Iron Hands|41\/100\n|-damage|p2b: Flutter Mane|69\/100\n|move|p1a: Icup|Matcha Gotcha|p2b: Flutter Mane|[spread] p2a,p2b\n|-damage|p2a: Iron Hands|21\/100\n|-heal|p1a: Icup|20\/100|[from] drain|[of] p2a: Iron Hands\n|-damage|p2b: Flutter Mane|45\/100\n|-heal|p1a: Icup|30\/100|[from] drain|[of] p2b: Flutter Mane\n|move|p2a: Iron Hands|Drain Punch|p1b: The goat\n|-immune|p1b: The goat\n|\n|-weather|Sandstorm|[upkeep]\n|-damage|p1a: Icup|24\/100|[from] Sandstorm\n|-damage|p1b: The goat|94\/100|[from] Sandstorm\n|-damage|p2a: Iron Hands|15\/100|[from] Sandstorm\n|-damage|p2b: Flutter Mane|39\/100|[from] Sandstorm\n|-heal|p1b: The goat|100\/100|[from] item: Leftovers\n|-heal|p1a: Icup|30\/100|[from] item: Leftovers\n|upkeep\n|turn|11\n|\n|t:|1697655237\n|switch|p1a: Har har harhar har|Ursaluna-Bloodmoon, M|100\/100\n|-end|p2a: Iron Hands|Quark Drive|[silent]\n|switch|p2a: Landorus|Landorus-Therian, M|5\/100\n|-ability|p2a: Landorus|Intimidate|boost\n|-unboost|p1a: Har har harhar har|atk|1\n|-unboost|p1b: The goat|atk|1\n|move|p1b: The goat|Earthquake|p2b: Flutter Mane|[spread] p1a,p2b\n|-immune|p2a: Landorus\n|-damage|p1a: Har har harhar har|91\/100\n|-damage|p2b: Flutter Mane|16\/100\n|move|p2b: Flutter Mane|Dazzling Gleam|p1b: The goat|[spread] p1a,p1b\n|-damage|p1a: Har har harhar har|59\/100\n|-damage|p1b: The goat|62\/100\n|\n|-weather|Sandstorm|[upkeep]\n|-damage|p1b: The goat|56\/100|[from] Sandstorm\n|-damage|p2b: Flutter Mane|10\/100|[from] Sandstorm\n|-heal|p1b: The goat|62\/100|[from] item: Leftovers\n|upkeep\n|turn|12\n|inactive|ILikeDinosaur has 120 seconds left.\n|\n|t:|1697655268\n|switch|p2a: Iron Hands|Iron Hands|15\/100\n|move|p1a: Har har harhar har|Body Press|p2a: Iron Hands\n|-damage|p2a: Iron Hands|2\/100\n|move|p1b: The goat|Knock Off|p2b: Flutter Mane\n|-damage|p2b: Flutter Mane|0 fnt\n|-enditem|p2b: Flutter Mane|Choice Specs|[from] move: Knock Off|[of] p1b: The goat\n|faint|p2b: Flutter Mane\n|-end|p2b: Flutter Mane|Protosynthesis|[silent]\n|\n|-weather|Sandstorm|[upkeep]\n|-damage|p1b: The goat|56\/100|[from] Sandstorm\n|-damage|p2a: Iron Hands|0 fnt|[from] Sandstorm\n|faint|p2a: Iron Hands\n|-end|p2a: Iron Hands|Quark Drive|[silent]\n|-heal|p1b: The goat|62\/100|[from] item: Leftovers\n|-fieldend|move: Trick Room\n|upkeep\n|\n|t:|1697655279\n|switch|p2b: Ogerpon|Ogerpon-Hearthflame, F|100\/100\n|switch|p2a: Landorus|Landorus-Therian, M|5\/100\n|-ability|p2a: Landorus|Intimidate|boost\n|-unboost|p1a: Har har harhar har|atk|1\n|-unboost|p1b: The goat|atk|1\n|-ability|p2b: Ogerpon|Mold Breaker\n|turn|13\n|inactive|ILikeDinosaur has 120 seconds left.\n|\n|t:|1697655321\n|move|p2a: Landorus|Rock Slide|p1b: The goat|[spread] p1a,p1b\n|-resisted|p1a: Har har harhar har\n|-damage|p1a: Har har harhar har|53\/100\n|-damage|p1b: The goat|47\/100\n|move|p2b: Ogerpon|Horn Leech|p1a: Har har harhar har\n|-supereffective|p1a: Har har harhar har\n|-damage|p1a: Har har harhar har|0 fnt\n|faint|p1a: Har har harhar har\n|move|p1b: The goat|Knock Off|p2a: Landorus\n|-damage|p2a: Landorus|0 fnt\n|-enditem|p2a: Landorus|Choice Scarf|[from] move: Knock Off|[of] p1b: The goat\n|faint|p2a: Landorus\n|\n|-weather|none\n|-heal|p1b: The goat|53\/100|[from] item: Leftovers\n|upkeep\n|\n|t:|1697655334\n|switch|p1a: Goofy ahh bird|Cramorant, F|73\/100 slp\n|turn|14\n|\n|t:|1697655347\n|switch|p1b: Icup|Sinistcha-Masterpiece, shiny|30\/100\n|-heal|p1a: Goofy ahh bird|98\/100 slp|[from] ability: Hospitality|[of] p1b: Icup\n|move|p2b: Ogerpon|Ivy Cudgel|p1b: Icup\n|-supereffective|p1b: Icup\n|-damage|p1b: Icup|0 fnt\n|faint|p1b: Icup\n|cant|p1a: Goofy ahh bird|slp\n|\n|upkeep\n|\n|t:|1697655355\n|switch|p1b: The goat|Tyranitar, M, shiny, tera:Ghost|53\/100\n|-weather|Sandstorm|[from] ability: Sand Stream|[of] p1b: The goat\n|turn|15\n|\n|t:|1697655363\n|move|p2b: Ogerpon|Ivy Cudgel|p1b: The goat\n|-crit|p1b: The goat\n|-damage|p1b: The goat|0 fnt\n|faint|p1b: The goat\n|cant|p1a: Goofy ahh bird|slp\n|\n|-weather|Sandstorm|[upkeep]\n|-damage|p2b: Ogerpon|94\/100|[from] Sandstorm\n|-damage|p1a: Goofy ahh bird|92\/100 slp|[from] Sandstorm\n|upkeep\n|turn|16\n|\n|t:|1697655374\n|move|p2b: Ogerpon|Horn Leech|p1a: Goofy ahh bird\n|-damage|p1a: Goofy ahh bird|5\/100 slp\n|-heal|p2b: Ogerpon|100\/100|[from] drain|[of] p1a: Goofy ahh bird\n|-curestatus|p1a: Goofy ahh bird|slp|[msg]\n|move|p1a: Goofy ahh bird|Hurricane|p2b: Ogerpon|[miss]\n|-miss|p1a: Goofy ahh bird|p2b: Ogerpon\n|\n|-weather|Sandstorm|[upkeep]\n|-damage|p2b: Ogerpon|94\/100|[from] Sandstorm\n|-damage|p1a: Goofy ahh bird|0 fnt|[from] Sandstorm\n|faint|p1a: Goofy ahh bird\n|\n|win|snitker\n|upkeep\n|raw|ILikeDinosaur's rating: 1226 &rarr; <strong>1206<\/strong><br \/>(-20 for losing)\n|raw|snitker's rating: 1301 &rarr; <strong>1317<\/strong><br \/>(+16 for winning)\n|l|\u2606ILikeDinosaur\n","uploadtime":1697655393,"views":9,"p1id":"ilikedinosaur","p2id":"snitker","formatid":"gen9doublesou","rating":1206,"private":0,"password":""}