{"id":"gen9doublesou-1977100908","p1":"Goesyome","p2":"Eva92","format":"[Gen 9] Doubles OU","log":"|j|\u2606Goesyome\n|j|\u2606Eva92\n|t:|1698371613\n|gametype|doubles\n|player|p1|Goesyome|bugcatcher-gen4dp|1147\n|player|p2|Eva92|bellelba|1147\n|teamsize|p1|6\n|teamsize|p2|6\n|gen|9\n|tier|[Gen 9] Doubles OU\n|rated|\n|rule|Species Clause: Limit one of each Pok\u00e9mon\n|rule|OHKO Clause: OHKO moves are banned\n|rule|Evasion Moves Clause: Evasion moves are banned\n|rule|Gravity Sleep Clause: The combination of sleep-inducing moves with imperfect accuracy and Gravity or Gigantamax Orbeetle are banned\n|rule|Endless Battle Clause: Forcing endless battles is banned\n|rule|HP Percentage Mod: HP is shown in percentages\n|clearpoke\n|poke|p1|Kingambit, M|\n|poke|p1|Cresselia, F|\n|poke|p1|Iron Bundle|\n|poke|p1|Tornadus, M|\n|poke|p1|Ogerpon-Hearthflame, F|\n|poke|p1|Sinistcha-Masterpiece|\n|poke|p2|Ogerpon-Wellspring, F|\n|poke|p2|Sinistcha|\n|poke|p2|Cresselia, F|\n|poke|p2|Heatran, M|\n|poke|p2|Flutter Mane|\n|poke|p2|Grimmsnarl, M|\n|teampreview\n|\n|t:|1698371639\n|start\n|switch|p1a: Stephen King|Kingambit, M|100\/100\n|switch|p1b: Luna|Cresselia, F, shiny|100\/100\n|switch|p2a: Grimmsnarl|Grimmsnarl, M|100\/100\n|switch|p2b: Heatran|Heatran, M|100\/100\n|turn|1\n|\n|t:|1698371660\n|move|p1b: Luna|Helping Hand|p1a: Stephen King\n|-singleturn|p1a: Stephen King|Helping Hand|[of] p1b: Luna\n|move|p2a: Grimmsnarl|Fake Out|p1b: Luna\n|-damage|p1b: Luna|94\/100\n|move|p2b: Heatran|Earth Power|p1a: Stephen King\n|-supereffective|p1a: Stephen King\n|-damage|p1a: Stephen King|34\/100\n|move|p1a: Stephen King|Iron Head|p2a: Grimmsnarl\n|-supereffective|p2a: Grimmsnarl\n|-crit|p2a: Grimmsnarl\n|-damage|p2a: Grimmsnarl|0 fnt\n|faint|p2a: Grimmsnarl\n|\n|-heal|p1b: Luna|99\/100|[from] item: Leftovers\n|upkeep\n|inactive|Battle timer is ON: inactive players will automatically lose when time's up. (requested by Eva92)\n|\n|t:|1698371680\n|switch|p2a: Ogerpon|Ogerpon-Wellspring, F|100\/100\n|turn|2\n|inactive|Goesyome has 120 seconds left.\n|\n|t:|1698371711\n|-terastallize|p1a: Stephen King|Flying\n|move|p2a: Ogerpon|Swords Dance|p2a: Ogerpon\n|-boost|p2a: Ogerpon|atk|2\n|move|p1b: Luna|Lunar Blessing|p1b: Luna|[spread] p1a,p1b\n|-heal|p1a: Stephen King|59\/100\n|-heal|p1b: Luna|100\/100\n|move|p2b: Heatran|Earth Power|p1a: Stephen King\n|-immune|p1a: Stephen King\n|move|p1a: Stephen King|Tera Blast|p2a: Ogerpon|[anim] Tera Blast Flying\n|-supereffective|p2a: Ogerpon\n|-crit|p2a: Ogerpon\n|-damage|p2a: Ogerpon|0 fnt\n|faint|p2a: Ogerpon\n|\n|upkeep\n|inactive|Eva92 has 120 seconds left.\n|\n|t:|1698371741\n|switch|p2a: Cresselia|Cresselia, F|100\/100\n|turn|3\n|\n|t:|1698371759\n|switch|p2b: Sinistcha|Sinistcha|100\/100\n|move|p1b: Luna|Helping Hand|p1a: Stephen King\n|-singleturn|p1a: Stephen King|Helping Hand|[of] p1b: Luna\n|move|p2a: Cresselia|Ally Switch|p2a: Cresselia\n|swap|p2a: Cresselia|1|[from] move: Ally Switch\n|move|p1a: Stephen King|Kowtow Cleave|p2a: Sinistcha\n|-supereffective|p2a: Sinistcha\n|-damage|p2a: Sinistcha|0 fnt\n|faint|p2a: Sinistcha\n|\n|upkeep\n|\n|t:|1698371771\n|switch|p2a: Heatran|Heatran, M|100\/100\n|turn|4\n|\n|t:|1698371791\n|switch|p2b: Flutter Mane|Flutter Mane|100\/100\n|-enditem|p2b: Flutter Mane|Booster Energy\n|-activate|p2b: Flutter Mane|ability: Protosynthesis|[fromitem]\n|-start|p2b: Flutter Mane|protosynthesisspe\n|move|p1b: Luna|Lunar Blessing|p1b: Luna|[spread] p1a,p1b\n|-heal|p1a: Stephen King|83\/100\n|move|p2a: Heatran|Heat Wave|p1b: Luna|[spread] p1a,p1b\n|-damage|p1a: Stephen King|48\/100\n|-damage|p1b: Luna|63\/100\n|move|p1a: Stephen King|Kowtow Cleave|p2a: Heatran\n|-crit|p2a: Heatran\n|-damage|p2a: Heatran|42\/100\n|\n|-heal|p1b: Luna|69\/100|[from] item: Leftovers\n|upkeep\n|turn|5\n|inactive|Goesyome has 120 seconds left.\n|\n|t:|1698371825\n|-terastallize|p2b: Flutter Mane|Ghost\n|move|p1b: Luna|Helping Hand|p1a: Stephen King\n|-singleturn|p1a: Stephen King|Helping Hand|[of] p1b: Luna\n|move|p1a: Stephen King|Sucker Punch|p2b: Flutter Mane\n|-supereffective|p2b: Flutter Mane\n|-damage|p2b: Flutter Mane|0 fnt\n|faint|p2b: Flutter Mane\n|-end|p2b: Flutter Mane|Protosynthesis|[silent]\n|move|p2a: Heatran|Heat Wave|p1a: Stephen King|[spread] p1a\n|-miss|p2a: Heatran|p1b: Luna\n|-damage|p1a: Stephen King|14\/100\n|\n|-heal|p1b: Luna|75\/100|[from] item: Leftovers\n|upkeep\n|-message|Eva92 forfeited.\n|\n|win|Goesyome\n|raw|Goesyome's rating: 1147 &rarr; <strong>1172<\/strong><br \/>(+25 for winning)\n|raw|Eva92's rating: 1147 &rarr; <strong>1122<\/strong><br \/>(-25 for losing)\n|l|\u2606Eva92\n","uploadtime":1698371844,"views":10,"p1id":"goesyome","p2id":"eva92","formatid":"gen9doublesou","rating":1122,"private":0,"password":""}