{"id":"gen9doublesou-1970787530","p1":"Meru nwn","p2":"miltonrxngell","format":"[Gen 9] Doubles OU","log":"|j|\u2606Meru nwn\n|j|\u2606miltonrxngell\n|t:|1697667170\n|gametype|doubles\n|player|p1|Meru nwn|swimmerf|1085\n|player|p2|miltonrxngell|dawn-gen4pt|1191\n|teamsize|p1|6\n|teamsize|p2|6\n|gen|9\n|tier|[Gen 9] Doubles OU\n|rated|\n|rule|Species Clause: Limit one of each Pok\u00e9mon\n|rule|OHKO Clause: OHKO moves are banned\n|rule|Evasion Moves Clause: Evasion moves are banned\n|rule|Gravity Sleep Clause: The combination of sleep-inducing moves with imperfect accuracy and Gravity or Gigantamax Orbeetle are banned\n|rule|Endless Battle Clause: Forcing endless battles is banned\n|rule|HP Percentage Mod: HP is shown in percentages\n|clearpoke\n|poke|p1|Rotom-Heat|\n|poke|p1|Revavroom, F|\n|poke|p1|Greninja-*, F|\n|poke|p1|Gliscor, F|\n|poke|p1|Maushold-Four|\n|poke|p1|Volcarona, M|\n|poke|p2|Ninetales-Alola, F|\n|poke|p2|Kilowattrel, M|\n|poke|p2|Leavanny, F|\n|poke|p2|Mamoswine, M|\n|poke|p2|Chandelure, M|\n|poke|p2|Milotic, F|\n|teampreview\n|c|\u2606Meru nwn|glhf\n|\n|t:|1697667203\n|start\n|switch|p1a: Revavroom|Revavroom, F|100\/100\n|switch|p1b: Gliscor|Gliscor, F|100\/100\n|switch|p2a: Ninetales|Ninetales-Alola, F, shiny|100\/100\n|switch|p2b: Kilowattrel|Kilowattrel, M, shiny|100\/100\n|-weather|Snow|[from] ability: Snow Warning|[of] p2a: Ninetales\n|turn|1\n|\n|t:|1697667233\n|switch|p1b: Maushold|Maushold-Four|100\/100\n|move|p2b: Kilowattrel|Tailwind|p2b: Kilowattrel\n|-sidestart|p2: miltonrxngell|move: Tailwind\n|-start|p2b: Kilowattrel|Charge|Tailwind|[from] ability: Wind Power\n|move|p2a: Ninetales|Aurora Veil|p2a: Ninetales\n|-sidestart|p2: miltonrxngell|move: Aurora Veil\n|move|p1a: Revavroom|Shift Gear|p1a: Revavroom\n|-boost|p1a: Revavroom|spe|2\n|-boost|p1a: Revavroom|atk|1\n|\n|-weather|Snow|[upkeep]\n|upkeep\n|turn|2\n|\n|t:|1697667249\n|move|p1b: Maushold|Follow Me|p1b: Maushold\n|-singleturn|p1b: Maushold|move: Follow Me\n|move|p2b: Kilowattrel|Electro Ball|p1b: Maushold\n|-damage|p1b: Maushold|11\/100\n|-enditem|p1b: Maushold|Sitrus Berry|[eat]\n|-heal|p1b: Maushold|36\/100|[from] item: Sitrus Berry\n|-end|p2b: Kilowattrel|Charge|[silent]\n|move|p2a: Ninetales|Blizzard|p1a: Revavroom|[spread] p1a,p1b\n|-resisted|p1a: Revavroom\n|-crit|p1b: Maushold\n|-damage|p1a: Revavroom|88\/100\n|-damage|p1b: Maushold|0 fnt\n|faint|p1b: Maushold\n|move|p1a: Revavroom|Shift Gear|p1a: Revavroom\n|-boost|p1a: Revavroom|spe|2\n|-boost|p1a: Revavroom|atk|1\n|\n|-weather|Snow|[upkeep]\n|upkeep\n|\n|t:|1697667262\n|switch|p1b: Volcarona|Volcarona, M|100\/100\n|turn|3\n|\n|t:|1697667270\n|move|p2b: Kilowattrel|Volt Switch|p1b: Volcarona\n|-damage|p1b: Volcarona|74\/100\n|\n|t:|1697667274\n|switch|p2b: Chandelure|Chandelure, M, shiny|100\/100|[from] Volt Switch\n|move|p1a: Revavroom|Shift Gear|p1a: Revavroom\n|-boost|p1a: Revavroom|spe|2\n|-boost|p1a: Revavroom|atk|1\n|move|p2a: Ninetales|Blizzard|p1b: Volcarona|[spread] p1a,p1b\n|-resisted|p1a: Revavroom\n|-resisted|p1b: Volcarona\n|-damage|p1a: Revavroom|73\/100\n|-damage|p1b: Volcarona|61\/100\n|move|p1b: Volcarona|Tailwind|p1b: Volcarona\n|-sidestart|p1: Meru nwn|move: Tailwind\n|\n|-weather|Snow|[upkeep]\n|-heal|p1b: Volcarona|67\/100|[from] item: Leftovers\n|upkeep\n|turn|4\n|\n|t:|1697667307\n|-terastallize|p2b: Chandelure|Grass\n|move|p1b: Volcarona|Rage Powder|p1b: Volcarona\n|-singleturn|p1b: Volcarona|move: Rage Powder\n|move|p1a: Revavroom|Iron Head|p2a: Ninetales\n|-supereffective|p2a: Ninetales\n|-damage|p2a: Ninetales|0 fnt\n|faint|p2a: Ninetales\n|move|p2b: Chandelure|Heat Wave|p1a: Revavroom|[spread] p1a,p1b\n|-supereffective|p1a: Revavroom\n|-damage|p1a: Revavroom|0 fnt\n|-damage|p1b: Volcarona|31\/100\n|faint|p1a: Revavroom\n|\n|-weather|Snow|[upkeep]\n|-heal|p1b: Volcarona|37\/100|[from] item: Leftovers\n|-sideend|p2: miltonrxngell|move: Tailwind\n|upkeep\n|\n|t:|1697667326\n|switch|p2a: Leavanny|Leavanny, F, shiny|100\/100\n|switch|p1a: Rotom|Rotom-Heat|100\/100\n|turn|5\n|\n|t:|1697667342\n|switch|p2a: Milotic|Milotic, F, shiny|100\/100\n|move|p1a: Rotom|Volt Switch|p2b: Chandelure\n|-resisted|p2b: Chandelure\n|-damage|p2b: Chandelure|87\/100\n|\n|t:|1697667349\n|switch|p1a: Gliscor|Gliscor, F|100\/100|[from] Volt Switch\n|move|p1b: Volcarona|Overheat|p2a: Milotic\n|-resisted|p2a: Milotic\n|-damage|p2a: Milotic|88\/100\n|-unboost|p1b: Volcarona|spa|2\n|move|p2b: Chandelure|Shadow Ball|p1b: Volcarona\n|-damage|p1b: Volcarona|0 fnt\n|faint|p1b: Volcarona\n|\n|-weather|none\n|-heal|p2b: Chandelure|93\/100|[from] item: Leftovers\n|-status|p1a: Gliscor|tox|[from] item: Toxic Orb\n|-status|p2a: Milotic|brn|[from] item: Flame Orb\n|upkeep\n|\n|t:|1697667364\n|switch|p1b: Greninja|Greninja, F|100\/100\n|turn|6\n|\n|t:|1697667377\n|move|p1b: Greninja|Ice Beam|p2b: Chandelure\n|-start|p1b: Greninja|typechange|Ice|[from] ability: Protean\n|-supereffective|p2b: Chandelure\n|-damage|p2b: Chandelure|5\/100\n|move|p1a: Gliscor|Earthquake|p2a: Milotic|[spread] p1b,p2a,p2b\n|-resisted|p2b: Chandelure\n|-damage|p1b: Greninja|55\/100\n|-damage|p2a: Milotic|80\/100 brn\n|-damage|p2b: Chandelure|0 fnt\n|faint|p2b: Chandelure\n|move|p2a: Milotic|Icy Wind|p1b: Greninja|[spread] p1a,p1b\n|-supereffective|p1a: Gliscor\n|-resisted|p1b: Greninja\n|-damage|p1a: Gliscor|62\/100 tox\n|-damage|p1b: Greninja|48\/100\n|-unboost|p1a: Gliscor|spe|1\n|-unboost|p1b: Greninja|spe|1\n|\n|-heal|p1a: Gliscor|74\/100 tox|[from] ability: Poison Heal\n|-damage|p2a: Milotic|74\/100 brn|[from] brn\n|-sideend|p1: Meru nwn|move: Tailwind\n|upkeep\n|\n|t:|1697667394\n|switch|p2b: Leavanny|Leavanny, F, shiny|100\/100\n|turn|7\n|\n|t:|1697667417\n|switch|p1b: Rotom|Rotom-Heat|100\/100\n|move|p2b: Leavanny|Leaf Blade|p1b: Rotom\n|-resisted|p1b: Rotom\n|-damage|p1b: Rotom|81\/100\n|move|p2a: Milotic|Icy Wind|p1b: Rotom|[spread] p1a,p1b\n|-supereffective|p1a: Gliscor\n|-resisted|p1b: Rotom\n|-damage|p1a: Gliscor|39\/100 tox\n|-damage|p1b: Rotom|77\/100\n|-unboost|p1a: Gliscor|spe|1\n|-unboost|p1b: Rotom|spe|1\n|move|p1a: Gliscor|Fire Fang|p2b: Leavanny\n|-supereffective|p2b: Leavanny\n|-damage|p2b: Leavanny|44\/100\n|\n|-heal|p1a: Gliscor|51\/100 tox|[from] ability: Poison Heal\n|-damage|p2a: Milotic|68\/100 brn|[from] brn\n|upkeep\n|turn|8\n|\n|t:|1697667446\n|move|p2b: Leavanny|Sticky Web|p1b: Rotom\n|-sidestart|p1: Meru nwn|move: Sticky Web\n|move|p2a: Milotic|Icy Wind|p1b: Rotom|[spread] p1a,p1b\n|-supereffective|p1a: Gliscor\n|-resisted|p1b: Rotom\n|-damage|p1a: Gliscor|13\/100 tox\n|-damage|p1b: Rotom|74\/100\n|-unboost|p1a: Gliscor|spe|1\n|-unboost|p1b: Rotom|spe|1\n|move|p1b: Rotom|Thunderbolt|p2a: Milotic\n|-supereffective|p2a: Milotic\n|-damage|p2a: Milotic|32\/100 brn\n|move|p1a: Gliscor|Fire Fang|p2b: Leavanny\n|-supereffective|p2b: Leavanny\n|-damage|p2b: Leavanny|0 fnt\n|faint|p2b: Leavanny\n|\n|-heal|p1a: Gliscor|25\/100 tox|[from] ability: Poison Heal\n|-damage|p2a: Milotic|26\/100 brn|[from] brn\n|-sideend|p2: miltonrxngell|move: Aurora Veil\n|upkeep\n|\n|t:|1697667462\n|switch|p2b: Mamoswine|Mamoswine, M|100\/100\n|turn|9\n|\n|t:|1697667475\n|move|p2b: Mamoswine|Ice Shard|p1a: Gliscor\n|-supereffective|p1a: Gliscor\n|-damage|p1a: Gliscor|0 fnt\n|faint|p1a: Gliscor\n|move|p2a: Milotic|Scald|p1b: Rotom\n|-supereffective|p1b: Rotom\n|-damage|p1b: Rotom|35\/100\n|move|p1b: Rotom|Thunderbolt|p2a: Milotic\n|-supereffective|p2a: Milotic\n|-damage|p2a: Milotic|0 fnt\n|faint|p2a: Milotic\n|\n|upkeep\n|\n|t:|1697667486\n|switch|p1a: Greninja|Greninja, F|48\/100\n|switch|p2a: Kilowattrel|Kilowattrel, M, shiny|100\/100\n|-activate|p1a: Greninja|move: Sticky Web\n|-unboost|p1a: Greninja|spe|1\n|turn|10\n|\n|t:|1697667506\n|move|p2b: Mamoswine|Ice Shard|p1b: Rotom\n|-resisted|p1b: Rotom\n|-damage|p1b: Rotom|24\/100\n|move|p2a: Kilowattrel|Electro Ball|p1a: Greninja\n|-supereffective|p1a: Greninja\n|-damage|p1a: Greninja|0 fnt\n|faint|p1a: Greninja\n|move|p1b: Rotom|Dark Pulse|p2b: Mamoswine\n|-damage|p2b: Mamoswine|81\/100\n|\n|upkeep\n|turn|11\n|\n|t:|1697667519\n|-terastallize|p1b: Rotom|Ground\n|move|p2a: Kilowattrel|Electro Ball|p1b: Rotom\n|-immune|p1b: Rotom\n|move|p2b: Mamoswine|Icicle Crash|p1b: Rotom\n|-supereffective|p1b: Rotom\n|-damage|p1b: Rotom|0 fnt\n|faint|p1b: Rotom\n|\n|win|miltonrxngell\n|raw|Meru nwn's rating: 1085 &rarr; <strong>1069<\/strong><br \/>(-16 for losing)\n|raw|miltonrxngell's rating: 1191 &rarr; <strong>1209<\/strong><br \/>(+18 for winning)\n|l|\u2606miltonrxngell\n|j| Zorei Kaitlyn\n","uploadtime":1697667544,"views":13,"p1id":"merunwn","p2id":"miltonrxngell","formatid":"gen9doublesou","rating":1069,"private":0,"password":""}