{"id":"gen9doublesou-1981505228","p1":"lingmoyuan","p2":"Ghastlypixie","format":"[Gen 9] Doubles OU","log":"|j|\u2606lingmoyuan\n|j|\u2606Ghastlypixie\n|t:|1698908459\n|gametype|doubles\n|player|p1|lingmoyuan|170|1384\n|player|p2|Ghastlypixie|plasmagruntf|1477\n|teamsize|p1|6\n|teamsize|p2|6\n|gen|9\n|tier|[Gen 9] Doubles OU\n|rated|\n|rule|Species Clause: Limit one of each Pok\u00e9mon\n|rule|OHKO Clause: OHKO moves are banned\n|rule|Evasion Moves Clause: Evasion moves are banned\n|rule|Gravity Sleep Clause: The combination of sleep-inducing moves with imperfect accuracy and Gravity or Gigantamax Orbeetle are banned\n|rule|Endless Battle Clause: Forcing endless battles is banned\n|rule|HP Percentage Mod: HP is shown in percentages\n|clearpoke\n|poke|p1|Dragonite, M|\n|poke|p1|Amoonguss, M|\n|poke|p1|Torkoal, F|\n|poke|p1|Walking Wake|\n|poke|p1|Chien-Pao|\n|poke|p1|Flutter Mane|\n|poke|p2|Flutter Mane|\n|poke|p2|Tornadus, M|\n|poke|p2|Ogerpon-Wellspring, F|\n|poke|p2|Chien-Pao|\n|poke|p2|Iron Hands|\n|poke|p2|Heatran, F|\n|teampreview\n|inactive|Battle timer is ON: inactive players will automatically lose when time's up. (requested by Ghastlypixie)\n|\n|t:|1698908470\n|start\n|switch|p1a: Chien-Pao|Chien-Pao|100\/100\n|switch|p1b: \u7239|Dragonite, M|100\/100\n|switch|p2a: Tornadus|Tornadus, M|100\/100\n|switch|p2b: Heatran|Heatran, F|100\/100\n|-ability|p1a: Chien-Pao|Sword of Ruin\n|turn|1\n|\n|t:|1698908493\n|switch|p2a: Iron Hands|Iron Hands|100\/100\n|move|p1a: Chien-Pao|Sacred Sword|p2b: Heatran\n|-supereffective|p2b: Heatran\n|-damage|p2b: Heatran|39\/100\n|move|p1b: \u7239|Ice Spinner|p2a: Iron Hands\n|-damage|p2a: Iron Hands|60\/100\n|move|p2b: Heatran|Heat Wave|p1a: Chien-Pao|[spread] p1a,p1b\n|-supereffective|p1a: Chien-Pao\n|-resisted|p1b: \u7239\n|-enditem|p1a: Chien-Pao|Focus Sash\n|-damage|p1a: Chien-Pao|1\/100\n|-damage|p1b: \u7239|81\/100\n|\n|-heal|p2b: Heatran|45\/100|[from] item: Leftovers\n|upkeep\n|turn|2\n|inactive|lingmoyuan has 120 seconds left.\n|inactive|Ghastlypixie has 120 seconds left.\n|\n|t:|1698908546\n|-terastallize|p2b: Heatran|Fairy\n|move|p1a: Chien-Pao|Protect|p1a: Chien-Pao\n|-singleturn|p1a: Chien-Pao|Protect\n|move|p2a: Iron Hands|Fake Out|p1a: Chien-Pao\n|-activate|p1a: Chien-Pao|move: Protect\n|move|p1b: \u7239|Ice Spinner|p2a: Iron Hands\n|-damage|p2a: Iron Hands|24\/100\n|move|p2b: Heatran|Flash Cannon|p1b: \u7239\n|-damage|p1b: \u7239|34\/100\n|\n|-heal|p2b: Heatran|51\/100|[from] item: Leftovers\n|upkeep\n|turn|3\n|inactive|lingmoyuan has 120 seconds left.\n|inactive|lingmoyuan has 90 seconds left.\n|\n|t:|1698908583\n|move|p1a: Chien-Pao|Icicle Crash|p2b: Heatran\n|-damage|p2b: Heatran|6\/100\n|move|p1b: \u7239|Ice Spinner|p2a: Iron Hands\n|-damage|p2a: Iron Hands|0 fnt\n|faint|p2a: Iron Hands\n|-end|p2a: Iron Hands|Quark Drive|[silent]\n|move|p2b: Heatran|Flash Cannon|p1a: Chien-Pao\n|-supereffective|p1a: Chien-Pao\n|-damage|p1a: Chien-Pao|0 fnt\n|faint|p1a: Chien-Pao\n|\n|-heal|p2b: Heatran|12\/100|[from] item: Leftovers\n|upkeep\n|\n|t:|1698908604\n|switch|p1a: Walking Wake|Walking Wake|100\/100\n|switch|p2a: Flutter Mane|Flutter Mane|100\/100\n|turn|4\n|inactive|lingmoyuan has 90 seconds left.\n|\n|t:|1698908642\n|switch|p1b: Amoonguss|Amoonguss, M, shiny|100\/100\n|-terastallize|p1a: Walking Wake|Water\n|move|p2b: Heatran|Protect|p2b: Heatran\n|-singleturn|p2b: Heatran|Protect\n|move|p2a: Flutter Mane|Dazzling Gleam|p1b: Amoonguss|[spread] p1a,p1b\n|-resisted|p1b: Amoonguss\n|-damage|p1a: Walking Wake|48\/100\n|-damage|p1b: Amoonguss|76\/100\n|move|p1a: Walking Wake|Hydro Steam|p2b: Heatran\n|-activate|p2b: Heatran|move: Protect\n|\n|-heal|p2b: Heatran|19\/100|[from] item: Leftovers\n|-heal|p1b: Amoonguss|83\/100|[from] item: Black Sludge\n|upkeep\n|turn|5\n|inactive|lingmoyuan has 90 seconds left.\n|inactive|lingmoyuan has 60 seconds left.\n|\n|t:|1698908701\n|-end|p1a: Walking Wake|Protosynthesis|[silent]\n|switch|p1a: Torkoal|Torkoal, F|100\/100\n|-weather|SunnyDay|[from] ability: Drought|[of] p1a: Torkoal\n|-activate|p2a: Flutter Mane|ability: Protosynthesis\n|-start|p2a: Flutter Mane|protosynthesisspe\n|move|p2a: Flutter Mane|Dazzling Gleam|p1a: Torkoal|[spread] p1a,p1b\n|-resisted|p1a: Torkoal\n|-resisted|p1b: Amoonguss\n|-damage|p1a: Torkoal|79\/100\n|-damage|p1b: Amoonguss|59\/100\n|move|p2b: Heatran|Heat Wave|p1b: Amoonguss|[spread] p1a,p1b\n|-resisted|p1a: Torkoal\n|-supereffective|p1b: Amoonguss\n|-damage|p1a: Torkoal|51\/100\n|-damage|p1b: Amoonguss|0 fnt\n|faint|p1b: Amoonguss\n|\n|-weather|SunnyDay|[upkeep]\n|-heal|p2b: Heatran|25\/100|[from] item: Leftovers\n|upkeep\n|\n|t:|1698908719\n|switch|p1b: Flutter Mane|Flutter Mane|100\/100\n|-activate|p1b: Flutter Mane|ability: Protosynthesis\n|-start|p1b: Flutter Mane|protosynthesisspe\n|turn|6\n|inactive|lingmoyuan has 60 seconds left.\n|\n|t:|1698908734\n|move|p2b: Heatran|Protect|p2b: Heatran\n|-singleturn|p2b: Heatran|Protect\n|move|p2a: Flutter Mane|Dazzling Gleam|p1b: Flutter Mane|[spread] p1a,p1b\n|-resisted|p1a: Torkoal\n|-crit|p1b: Flutter Mane\n|-damage|p1a: Torkoal|30\/100\n|-damage|p1b: Flutter Mane|20\/100\n|-enditem|p1a: Torkoal|Sitrus Berry|[eat]\n|-heal|p1a: Torkoal|55\/100|[from] item: Sitrus Berry\n|move|p1b: Flutter Mane|Shadow Ball|p2a: Flutter Mane\n|-supereffective|p2a: Flutter Mane\n|-damage|p2a: Flutter Mane|0 fnt\n|faint|p2a: Flutter Mane\n|-end|p2a: Flutter Mane|Protosynthesis|[silent]\n|-damage|p1b: Flutter Mane|10\/100|[from] item: Life Orb\n|move|p1a: Torkoal|Fire Blast|p2b: Heatran\n|-activate|p2b: Heatran|move: Protect\n|\n|-weather|SunnyDay|[upkeep]\n|-heal|p2b: Heatran|31\/100|[from] item: Leftovers\n|upkeep\n|\n|t:|1698908752\n|switch|p2a: Tornadus|Tornadus, M|100\/100\n|turn|7\n|\n|t:|1698908781\n|move|p2a: Tornadus|Tailwind|p2a: Tornadus\n|-sidestart|p2: Ghastlypixie|move: Tailwind\n|move|p1b: Flutter Mane|Thunderbolt|p2a: Tornadus\n|-supereffective|p2a: Tornadus\n|-damage|p2a: Tornadus|32\/100\n|-damage|p1b: Flutter Mane|0 fnt|[from] item: Life Orb\n|faint|p1b: Flutter Mane\n|-end|p1b: Flutter Mane|Protosynthesis|[silent]\n|move|p2b: Heatran|Heat Wave|p1a: Torkoal\n|-resisted|p1a: Torkoal\n|-damage|p1a: Torkoal|17\/100\n|move|p1a: Torkoal|Fire Blast|p2b: Heatran\n|-start|p2b: Heatran|ability: Flash Fire\n|\n|-weather|SunnyDay|[upkeep]\n|-heal|p2b: Heatran|37\/100|[from] item: Leftovers\n|upkeep\n|inactive|lingmoyuan has 60 seconds left.\n|\n|t:|1698908799\n|switch|p1b: \u7239|Dragonite, M|34\/100\n|turn|8\n|\n|t:|1698908808\n|move|p1b: \u7239|Extreme Speed|p2b: Heatran\n|-damage|p2b: Heatran|0 fnt\n|faint|p2b: Heatran\n|move|p2a: Tornadus|Bleakwind Storm|p1a: Torkoal|[spread] p1a,p1b\n|-damage|p1a: Torkoal|0 fnt\n|-damage|p1b: \u7239|1\/100\n|faint|p1a: Torkoal\n|\n|-weather|SunnyDay|[upkeep]\n|upkeep\n|inactive|lingmoyuan has 90 seconds left.\n|\n|t:|1698908819\n|switch|p2b: Ogerpon|Ogerpon-Wellspring, F|100\/100\n|switch|p1a: Walking Wake|Walking Wake, tera:Water|48\/100\n|-activate|p1a: Walking Wake|ability: Protosynthesis\n|-start|p1a: Walking Wake|protosynthesisspa\n|turn|9\n|inactive|lingmoyuan has 90 seconds left.\n|\n|t:|1698908847\n|move|p2b: Ogerpon|Spiky Shield|p2b: Ogerpon\n|-singleturn|p2b: Ogerpon|move: Protect\n|move|p1b: \u7239|Extreme Speed|p2a: Tornadus\n|-damage|p2a: Tornadus|0 fnt\n|faint|p2a: Tornadus\n|move|p1a: Walking Wake|Dragon Pulse|p2b: Ogerpon\n|-activate|p2b: Ogerpon|move: Protect\n|\n|-weather|none\n|-end|p1a: Walking Wake|Protosynthesis\n|upkeep\n|\n|t:|1698908856\n|switch|p2a: Chien-Pao|Chien-Pao|100\/100\n|-ability|p2a: Chien-Pao|Sword of Ruin\n|turn|10\n|\n|t:|1698908866\n|move|p2a: Chien-Pao|Protect|p2a: Chien-Pao\n|-singleturn|p2a: Chien-Pao|Protect\n|move|p1b: \u7239|Extreme Speed|p2a: Chien-Pao\n|-activate|p2a: Chien-Pao|move: Protect\n|move|p2b: Ogerpon|Horn Leech|p1a: Walking Wake\n|-supereffective|p1a: Walking Wake\n|-damage|p1a: Walking Wake|0 fnt\n|faint|p1a: Walking Wake\n|-end|p1a: Walking Wake|Protosynthesis|[silent]\n|\n|-sideend|p2: Ghastlypixie|move: Tailwind\n|upkeep\n|turn|11\n|-message|lingmoyuan forfeited.\n|\n|win|Ghastlypixie\n|raw|lingmoyuan's rating: 1384 &rarr; <strong>1369<\/strong><br \/>(-15 for losing)\n|raw|Ghastlypixie's rating: 1477 &rarr; <strong>1492<\/strong><br \/>(+15 for winning)\n|l|\u2606lingmoyuan\n","uploadtime":1698908882,"views":22,"p1id":"lingmoyuan","p2id":"ghastlypixie","formatid":"gen9doublesou","rating":1369,"private":0,"password":""}