{"id":"gen9doublesou-1974528327","p1":"Howfalcons","p2":"taco6snowboarder","format":"[Gen 9] Doubles OU","log":"|j|\u2606Howfalcons\n|j|\u2606taco6snowboarder\n|t:|1698094514\n|gametype|doubles\n|player|p1|Howfalcons|clown|1682\n|player|p2|taco6snowboarder|boarder|1830\n|teamsize|p1|6\n|teamsize|p2|6\n|gen|9\n|tier|[Gen 9] Doubles OU\n|rated|\n|rule|Species Clause: Limit one of each Pok\u00e9mon\n|rule|OHKO Clause: OHKO moves are banned\n|rule|Evasion Moves Clause: Evasion moves are banned\n|rule|Gravity Sleep Clause: The combination of sleep-inducing moves with imperfect accuracy and Gravity or Gigantamax Orbeetle are banned\n|rule|Endless Battle Clause: Forcing endless battles is banned\n|rule|HP Percentage Mod: HP is shown in percentages\n|clearpoke\n|poke|p1|Grimmsnarl, M|\n|poke|p1|Palafin, F|\n|poke|p1|Iron Hands|\n|poke|p1|Cresselia, F|\n|poke|p1|Rillaboom, F|\n|poke|p1|Heatran, F|\n|poke|p2|Pelipper, M|\n|poke|p2|Politoed, F|\n|poke|p2|Barraskewda, M|\n|poke|p2|Ludicolo, M|\n|poke|p2|Basculegion-F, F|\n|poke|p2|Bruxish, F|\n|teampreview\n|inactive|Battle timer is ON: inactive players will automatically lose when time's up. (requested by taco6snowboarder)\n|\n|t:|1698094526\n|start\n|switch|p1a: Billygoats Gruff|Grimmsnarl, M, shiny|100\/100\n|switch|p1b: Dolph Lundgren|Palafin, F|100\/100\n|switch|p2a: Pelipper|Pelipper, M|100\/100\n|switch|p2b: Ludicolo|Ludicolo, M|100\/100\n|-weather|RainDance|[from] ability: Drizzle|[of] p2a: Pelipper\n|turn|1\n|\n|t:|1698094541\n|detailschange|p1b: Dolph Lundgren|Palafin-Hero, F\n|switch|p1b: Duck and Cover|Cresselia, F|100\/100\n|move|p2b: Ludicolo|Fake Out|p1a: Billygoats Gruff\n|-damage|p1a: Billygoats Gruff|92\/100\n|-damage|p2b: Ludicolo|91\/100|[from] item: Life Orb\n|cant|p1a: Billygoats Gruff|flinch\n|move|p2a: Pelipper|Weather Ball|p1a: Billygoats Gruff\n|-damage|p1a: Billygoats Gruff|24\/100\n|\n|-weather|RainDance|[upkeep]\n|upkeep\n|turn|2\n|\n|t:|1698094560\n|move|p1a: Billygoats Gruff|Light Screen|p1a: Billygoats Gruff\n|-sidestart|p1: Howfalcons|move: Light Screen\n|move|p2b: Ludicolo|Weather Ball|p1b: Duck and Cover\n|-damage|p1b: Duck and Cover|67\/100\n|-damage|p2b: Ludicolo|81\/100|[from] item: Life Orb\n|move|p2a: Pelipper|Weather Ball|p1a: Billygoats Gruff\n|-damage|p1a: Billygoats Gruff|0 fnt\n|faint|p1a: Billygoats Gruff\n|move|p1b: Duck and Cover|Calm Mind|p1b: Duck and Cover\n|-boost|p1b: Duck and Cover|spa|1\n|-boost|p1b: Duck and Cover|spd|1\n|\n|-weather|RainDance|[upkeep]\n|upkeep\n|\n|t:|1698094573\n|switch|p1a: Sweet Science|Iron Hands|100\/100\n|turn|3\n|\n|t:|1698094585\n|switch|p2a: Bruxish|Bruxish, F|100\/100\n|move|p2b: Ludicolo|Weather Ball|p1b: Duck and Cover\n|-damage|p1b: Duck and Cover|44\/100\n|-damage|p2b: Ludicolo|71\/100|[from] item: Life Orb\n|move|p1a: Sweet Science|Swords Dance|p1a: Sweet Science\n|-boost|p1a: Sweet Science|atk|2\n|move|p1b: Duck and Cover|Trick Room|p1b: Duck and Cover\n|-fieldstart|move: Trick Room|[of] p1b: Duck and Cover\n|\n|-weather|RainDance|[upkeep]\n|upkeep\n|turn|4\n|\n|t:|1698094605\n|move|p2a: Bruxish|Protect|p2a: Bruxish\n|-singleturn|p2a: Bruxish|Protect\n|move|p1a: Sweet Science|Thunder Punch|p2a: Bruxish\n|-activate|p2a: Bruxish|move: Protect\n|move|p1b: Duck and Cover|Lunar Blessing|p1b: Duck and Cover|[spread] p1a,p1b\n|-heal|p1b: Duck and Cover|69\/100\n|move|p2b: Ludicolo|Weather Ball|p1b: Duck and Cover\n|-damage|p1b: Duck and Cover|48\/100\n|-damage|p2b: Ludicolo|61\/100|[from] item: Life Orb\n|\n|-weather|RainDance|[upkeep]\n|upkeep\n|turn|5\n|\n|t:|1698094625\n|switch|p2a: Barraskewda|Barraskewda, M|100\/100\n|move|p1a: Sweet Science|Thunder Punch|p2a: Barraskewda\n|-supereffective|p2a: Barraskewda\n|-enditem|p2a: Barraskewda|Focus Sash\n|-damage|p2a: Barraskewda|1\/100\n|move|p1b: Duck and Cover|Lunar Blessing|p1b: Duck and Cover|[spread] p1a,p1b\n|-heal|p1b: Duck and Cover|73\/100\n|move|p2b: Ludicolo|Weather Ball|p1b: Duck and Cover\n|-damage|p1b: Duck and Cover|48\/100\n|-damage|p2b: Ludicolo|51\/100|[from] item: Life Orb\n|\n|-weather|none\n|upkeep\n|turn|6\n|\n|t:|1698094649\n|switch|p2b: Pelipper|Pelipper, M|100\/100\n|-weather|RainDance|[from] ability: Drizzle|[of] p2b: Pelipper\n|move|p1a: Sweet Science|Thunder Punch|p2b: Pelipper\n|-supereffective|p2b: Pelipper\n|-enditem|p2b: Pelipper|Focus Sash\n|-damage|p2b: Pelipper|1\/100\n|move|p1b: Duck and Cover|Psychic|p2a: Barraskewda\n|-damage|p2a: Barraskewda|0 fnt\n|faint|p2a: Barraskewda\n|\n|-weather|RainDance|[upkeep]\n|upkeep\n|inactive|taco6snowboarder has 120 seconds left.\n|\n|t:|1698094665\n|switch|p2a: Ludicolo|Ludicolo, M|51\/100\n|turn|7\n|inactive|taco6snowboarder has 120 seconds left.\n|\n|t:|1698094699\n|move|p2a: Ludicolo|Fake Out|p1b: Duck and Cover\n|-damage|p1b: Duck and Cover|44\/100\n|-damage|p2a: Ludicolo|41\/100|[from] item: Life Orb\n|move|p1a: Sweet Science|Thunder Punch|p2a: Ludicolo\n|-damage|p2a: Ludicolo|0 fnt\n|faint|p2a: Ludicolo\n|cant|p1b: Duck and Cover|flinch\n|move|p2b: Pelipper|Weather Ball|p1b: Duck and Cover\n|-damage|p1b: Duck and Cover|25\/100\n|\n|-weather|RainDance|[upkeep]\n|-fieldend|move: Trick Room\n|upkeep\n|inactive|taco6snowboarder has 120 seconds left.\n|\n|t:|1698094716\n|switch|p2a: Basculegion|Basculegion-F, F|100\/100\n|turn|8\n|\n|t:|1698094726\n|-terastallize|p2a: Basculegion|Dark\n|move|p1a: Sweet Science|Protect|p1a: Sweet Science\n|-singleturn|p1a: Sweet Science|Protect\n|move|p2a: Basculegion|Last Respects|p1b: Duck and Cover\n|-supereffective|p1b: Duck and Cover\n|-crit|p1b: Duck and Cover\n|-damage|p1b: Duck and Cover|0 fnt\n|faint|p1b: Duck and Cover\n|-damage|p2a: Basculegion|91\/100|[from] item: Life Orb\n|move|p2b: Pelipper|Weather Ball|p1a: Sweet Science\n|-activate|p1a: Sweet Science|move: Protect\n|\n|-weather|RainDance|[upkeep]\n|upkeep\n|\n|t:|1698094741\n|switch|p1b: Return to Monke|Rillaboom, F|100\/100\n|-fieldstart|move: Grassy Terrain|[from] ability: Grassy Surge|[of] p1b: Return to Monke\n|turn|9\n|\n|t:|1698094757\n|switch|p2b: Bruxish|Bruxish, F|100\/100\n|move|p1b: Return to Monke|Fake Out||[still]\n|cant|p2b: Bruxish|ability: Dazzling|Fake Out|[of] p1b: Return to Monke\n|move|p2a: Basculegion|Last Respects|p1b: Return to Monke\n|-damage|p1b: Return to Monke|36\/100\n|-damage|p2a: Basculegion|81\/100|[from] item: Life Orb\n|move|p1a: Sweet Science|Thunder Punch|p2b: Bruxish\n|-supereffective|p2b: Bruxish\n|-damage|p2b: Bruxish|0 fnt\n|faint|p2b: Bruxish\n|\n|-weather|RainDance|[upkeep]\n|-heal|p2a: Basculegion|87\/100|[from] Grassy Terrain\n|-heal|p1b: Return to Monke|43\/100|[from] Grassy Terrain\n|-sideend|p1: Howfalcons|move: Light Screen\n|upkeep\n|\n|t:|1698094776\n|switch|p2b: Pelipper|Pelipper, M|1\/100\n|turn|10\n|\n|t:|1698094789\n|switch|p1b: Froggetabout it|Heatran, F|100\/100\n|move|p2b: Pelipper|Protect|p2b: Pelipper\n|-singleturn|p2b: Pelipper|Protect\n|move|p1a: Sweet Science|Protect|p1a: Sweet Science\n|-singleturn|p1a: Sweet Science|Protect\n|move|p2a: Basculegion|Last Respects|p1a: Sweet Science\n|-activate|p1a: Sweet Science|move: Protect\n|\n|-weather|none\n|-heal|p2a: Basculegion|93\/100|[from] Grassy Terrain\n|upkeep\n|turn|11\n|\n|t:|1698094813\n|move|p2a: Basculegion|Last Respects|p1a: Sweet Science\n|-damage|p1a: Sweet Science|34\/100\n|-damage|p2a: Basculegion|83\/100|[from] item: Life Orb\n|move|p2b: Pelipper|Hurricane|p1a: Sweet Science|[miss]\n|-miss|p2b: Pelipper|p1a: Sweet Science\n|move|p1b: Froggetabout it|Flash Cannon|p2a: Basculegion\n|-damage|p2a: Basculegion|31\/100\n|move|p1a: Sweet Science|Drain Punch|p2a: Basculegion\n|-supereffective|p2a: Basculegion\n|-damage|p2a: Basculegion|0 fnt\n|-heal|p1a: Sweet Science|47\/100|[from] drain|[of] p2a: Basculegion\n|faint|p2a: Basculegion\n|\n|-heal|p1a: Sweet Science|53\/100|[from] Grassy Terrain\n|-heal|p1a: Sweet Science|60\/100|[from] item: Leftovers\n|upkeep\n|\n|t:|1698094833\n|switch|p2a: Politoed|Politoed, F|100\/100\n|-weather|RainDance|[from] ability: Drizzle|[of] p2a: Politoed\n|turn|12\n|-message|taco6snowboarder forfeited.\n|\n|win|Howfalcons\n|raw|Howfalcons's rating: 1682 &rarr; <strong>1710<\/strong><br \/>(+28 for winning)\n|raw|taco6snowboarder's rating: 1830 &rarr; <strong>1802<\/strong><br \/>(-28 for losing)\n|l|\u2606taco6snowboarder\n","uploadtime":1698094880,"views":18,"p1id":"howfalcons","p2id":"taco6snowboarder","formatid":"gen9doublesou","rating":1710,"private":0,"password":""}