{"id":"gen9doublesou-1976936136","p1":"Zente77","p2":"SXD2002","format":"[Gen 9] Doubles OU","log":"|j|\u2606Zente77\n|j|\u2606SXD2002\n|t:|1698353981\n|gametype|doubles\n|player|p1|Zente77|preschooler|1101\n|player|p2|SXD2002|silver-masters|1165\n|teamsize|p1|2\n|teamsize|p2|6\n|gen|9\n|tier|[Gen 9] Doubles OU\n|rated|\n|rule|Species Clause: Limit one of each Pok\u00e9mon\n|rule|OHKO Clause: OHKO moves are banned\n|rule|Evasion Moves Clause: Evasion moves are banned\n|rule|Gravity Sleep Clause: The combination of sleep-inducing moves with imperfect accuracy and Gravity or Gigantamax Orbeetle are banned\n|rule|Endless Battle Clause: Forcing endless battles is banned\n|rule|HP Percentage Mod: HP is shown in percentages\n|clearpoke\n|poke|p1|Bellibolt, M|\n|poke|p1|Oranguru, M|\n|poke|p2|Lurantis, M|\n|poke|p2|Murkrow, F|\n|poke|p2|Grimmsnarl, M|\n|poke|p2|Clefairy, M|\n|poke|p2|Talonflame, M|\n|poke|p2|Espeon, M|\n|teampreview\n|inactive|Battle timer is ON: inactive players will automatically lose when time's up. (requested by Zente77)\n|\n|t:|1698353988\n|start\n|switch|p1a: Bellibolt|Bellibolt, M|100\/100\n|switch|p1b: Oranguru|Oranguru, M|100\/100\n|switch|p2a: Talonflame|Talonflame, M|100\/100\n|switch|p2b: Lurantis|Lurantis, M|100\/100\n|turn|1\n|\n|t:|1698353999\n|move|p1a: Bellibolt|Protect|p1a: Bellibolt\n|-singleturn|p1a: Bellibolt|Protect\n|move|p2a: Talonflame|Defog|p2b: Lurantis\n|-boost|p2b: Lurantis|evasion|1\n|move|p2b: Lurantis|Leaf Storm|p1b: Oranguru\n|-damage|p1b: Oranguru|76\/100\n|-boost|p2b: Lurantis|spa|2\n|move|p1b: Oranguru|Trick Room|p1b: Oranguru\n|-fieldstart|move: Trick Room|[of] p1b: Oranguru\n|\n|-heal|p1b: Oranguru|82\/100|[from] item: Leftovers\n|upkeep\n|turn|2\n|\n|t:|1698354016\n|-terastallize|p1a: Bellibolt|Electric\n|move|p2a: Talonflame|Defog|p2b: Lurantis\n|-boost|p2b: Lurantis|evasion|1\n|move|p2b: Lurantis|Leaf Storm|p1b: Oranguru\n|-damage|p1b: Oranguru|36\/100\n|-boost|p2b: Lurantis|spa|2\n|move|p1b: Oranguru|Earthquake|p2b: Lurantis|[spread] p1a,p2b\n|-immune|p2a: Talonflame\n|-supereffective|p1a: Bellibolt\n|-resisted|p2b: Lurantis\n|-damage|p1a: Bellibolt|81\/100\n|-damage|p2b: Lurantis|94\/100\n|-start|p1a: Bellibolt|Charge|Earthquake|[from] ability: Electromorphosis\n|-enditem|p1a: Bellibolt|Weakness Policy\n|-boost|p1a: Bellibolt|atk|2|[from] item: Weakness Policy\n|-boost|p1a: Bellibolt|spa|2|[from] item: Weakness Policy\n|move|p1a: Bellibolt|Discharge|p2a: Talonflame|[spread] p2a,p2b\n|-activate|p1b: Oranguru|ability: Telepathy\n|-supereffective|p2a: Talonflame\n|-resisted|p2b: Lurantis\n|-damage|p2a: Talonflame|0 fnt\n|-damage|p2b: Lurantis|34\/100\n|faint|p2a: Talonflame\n|-end|p1a: Bellibolt|Charge|[silent]\n|\n|-heal|p2b: Lurantis|40\/100|[from] item: Leftovers\n|-heal|p1b: Oranguru|42\/100|[from] item: Leftovers\n|upkeep\n|inactive|SXD2002 has 120 seconds left.\n|\n|t:|1698354054\n|switch|p2a: Clefairy|Clefairy, M|100\/100\n|turn|3\n|\n|t:|1698354061\n|move|p2b: Lurantis|Protect|p2b: Lurantis\n|-singleturn|p2b: Lurantis|Protect\n|move|p2a: Clefairy|Life Dew||[still]|[spread] p2a,p2b\n|-fail|p2a: Clefairy|heal\n|-heal|p2b: Lurantis|66\/100\n|move|p1b: Oranguru|Instruct|p1a: Bellibolt\n|-singleturn|p1a: Bellibolt|move: Instruct|[of] p1b: Oranguru\n|move|p1a: Bellibolt|Discharge|p2a: Clefairy|[spread] p2a\n|-activate|p2b: Lurantis|move: Protect\n|-activate|p1b: Oranguru|ability: Telepathy\n|-damage|p2a: Clefairy|54\/100\n|move|p1a: Bellibolt|Discharge|p2a: Clefairy|[spread] p2a\n|-activate|p2b: Lurantis|move: Protect\n|-activate|p1b: Oranguru|ability: Telepathy\n|-damage|p2a: Clefairy|10\/100\n|\n|-heal|p2b: Lurantis|72\/100|[from] item: Leftovers\n|-heal|p1b: Oranguru|48\/100|[from] item: Leftovers\n|upkeep\n|turn|4\n|\n|t:|1698354089\n|move|p2a: Clefairy|Helping Hand|p2b: Lurantis\n|-singleturn|p2b: Lurantis|Helping Hand|[of] p2a: Clefairy\n|move|p2b: Lurantis|Leaf Storm|p1b: Oranguru\n|-damage|p1b: Oranguru|0 fnt\n|-boost|p2b: Lurantis|spa|2\n|faint|p1b: Oranguru\n|move|p1a: Bellibolt|Parabolic Charge|p2b: Lurantis|[spread] p2a,p2b\n|-resisted|p2b: Lurantis\n|-damage|p2a: Clefairy|0 fnt\n|-heal|p1a: Bellibolt|85\/100|[from] drain|[of] p2a: Clefairy\n|-damage|p2b: Lurantis|54\/100\n|-heal|p1a: Bellibolt|92\/100|[from] drain|[of] p2b: Lurantis\n|faint|p2a: Clefairy\n|\n|-heal|p2b: Lurantis|60\/100|[from] item: Leftovers\n|upkeep\n|inactive|SXD2002 has 120 seconds left.\n|\n|t:|1698354107\n|switch|p2a: Espeon|Espeon, M|100\/100\n|turn|5\n|\n|t:|1698354112\n|move|p2b: Lurantis|Protect|p2b: Lurantis\n|-singleturn|p2b: Lurantis|Protect\n|move|p1a: Bellibolt|Discharge|p2a: Espeon|[spread] p2a\n|-activate|p2b: Lurantis|move: Protect\n|-damage|p2a: Espeon|0 fnt\n|faint|p2a: Espeon\n|\n|-heal|p2b: Lurantis|66\/100|[from] item: Leftovers\n|-fieldend|move: Trick Room\n|upkeep\n|\n|t:|1698354125\n|switch|p2a: Grimmsnarl|Grimmsnarl, M|100\/100\n|turn|6\n|\n|t:|1698354131\n|move|p2a: Grimmsnarl|Fake Tears|p2b: Lurantis\n|-boost|p2b: Lurantis|spd|2\n|move|p1a: Bellibolt|Discharge|p2b: Lurantis|[spread] p2a\n|-miss|p1a: Bellibolt|p2b: Lurantis\n|-damage|p2a: Grimmsnarl|39\/100\n|move|p2b: Lurantis|Leaf Storm|p1a: Bellibolt\n|-damage|p1a: Bellibolt|0 fnt\n|faint|p1a: Bellibolt\n|\n|win|SXD2002\n|raw|Zente77's rating: 1101 &rarr; <strong>1081<\/strong><br \/>(-20 for losing)\n|raw|SXD2002's rating: 1165 &rarr; <strong>1185<\/strong><br \/>(+20 for winning)\n|c|\u2606SXD2002|gg\n|l|\u2606Zente77\n","uploadtime":1698354142,"views":21,"p1id":"zente77","p2id":"sxd2002","formatid":"gen9doublesou","rating":1081,"private":0,"password":""}