{"id":"gen9doublesou-1975545680","p1":"Korotele","p2":"Critian Caceorte","format":"[Gen 9] Doubles OU","log":"|j|\u2606Korotele\n|j|\u2606Critian Caceorte\n|t:|1698203161\n|gametype|doubles\n|player|p1|Korotele|101|1014\n|player|p2|Critian Caceorte|265|1027\n|teamsize|p1|6\n|teamsize|p2|6\n|gen|9\n|tier|[Gen 9] Doubles OU\n|rated|\n|rule|Species Clause: Limit one of each Pok\u00e9mon\n|rule|OHKO Clause: OHKO moves are banned\n|rule|Evasion Moves Clause: Evasion moves are banned\n|rule|Gravity Sleep Clause: The combination of sleep-inducing moves with imperfect accuracy and Gravity or Gigantamax Orbeetle are banned\n|rule|Endless Battle Clause: Forcing endless battles is banned\n|rule|HP Percentage Mod: HP is shown in percentages\n|clearpoke\n|poke|p1|Gliscor, F|\n|poke|p1|Talonflame, M|\n|poke|p1|Sneasler, F|\n|poke|p1|Hawlucha, M|\n|poke|p1|Rillaboom, M|\n|poke|p1|Oranguru, F|\n|poke|p2|Tyranitar, F|\n|poke|p2|Arcanine-Hisui, F|\n|poke|p2|Drednaw, F|\n|poke|p2|Coalossal, M|\n|poke|p2|Garganacl, F|\n|poke|p2|Avalugg-Hisui, F|\n|teampreview\n|\n|t:|1698203174\n|start\n|switch|p1a: Rillaboom|Rillaboom, M|100\/100\n|switch|p1b: Hawlucha|Hawlucha, M|100\/100\n|switch|p2a: Drednaw|Drednaw, F|100\/100\n|switch|p2b: Coalossal|Coalossal, M|100\/100\n|-fieldstart|move: Grassy Terrain|[from] ability: Grassy Surge|[of] p1a: Rillaboom\n|-enditem|p1b: Hawlucha|Grassy Seed\n|-boost|p1b: Hawlucha|def|1|[from] item: Grassy Seed\n|turn|1\n|\n|t:|1698203194\n|move|p1a: Rillaboom|Grassy Glide|p2a: Drednaw\n|-supereffective|p2a: Drednaw\n|-damage|p2a: Drednaw|0 fnt\n|faint|p2a: Drednaw\n|move|p1b: Hawlucha|Close Combat|p2b: Coalossal\n|-supereffective|p2b: Coalossal\n|-damage|p2b: Coalossal|24\/100\n|-unboost|p1b: Hawlucha|def|1\n|-unboost|p1b: Hawlucha|spd|1\n|-enditem|p2b: Coalossal|Weakness Policy\n|-boost|p2b: Coalossal|atk|2|[from] item: Weakness Policy\n|-boost|p2b: Coalossal|spa|2|[from] item: Weakness Policy\n|move|p2b: Coalossal|Heat Wave|p1a: Rillaboom|[spread] p1a,p1b\n|-supereffective|p1a: Rillaboom\n|-damage|p1a: Rillaboom|5\/100\n|-damage|p1b: Hawlucha|3\/100\n|\n|-heal|p1a: Rillaboom|12\/100|[from] Grassy Terrain\n|-heal|p1a: Rillaboom|18\/100|[from] item: Leftovers\n|-heal|p2b: Coalossal|30\/100|[from] Grassy Terrain\n|upkeep\n|\n|t:|1698203215\n|switch|p2a: Arcanine|Arcanine-Hisui, F|100\/100\n|turn|2\n|\n|t:|1698203229\n|move|p1b: Hawlucha|Close Combat|p2b: Coalossal\n|-supereffective|p2b: Coalossal\n|-damage|p2b: Coalossal|0 fnt\n|-unboost|p1b: Hawlucha|def|1\n|-unboost|p1b: Hawlucha|spd|1\n|faint|p2b: Coalossal\n|move|p2a: Arcanine|Flare Blitz|p1a: Rillaboom\n|-supereffective|p1a: Rillaboom\n|-damage|p1a: Rillaboom|0 fnt\n|faint|p1a: Rillaboom\n|-damage|p2a: Arcanine|91\/100|[from] item: Life Orb\n|\n|-heal|p2a: Arcanine|97\/100|[from] Grassy Terrain\n|upkeep\n|\n|t:|1698203244\n|switch|p1a: Gliscor|Gliscor, F|100\/100\n|switch|p2b: Tyranitar|Tyranitar, F|100\/100\n|-weather|Sandstorm|[from] ability: Sand Stream|[of] p2b: Tyranitar\n|turn|3\n|\n|t:|1698203270\n|move|p1a: Gliscor|Protect|p1a: Gliscor\n|-singleturn|p1a: Gliscor|Protect\n|move|p1b: Hawlucha|Close Combat|p2b: Tyranitar\n|-supereffective|p2b: Tyranitar\n|-damage|p2b: Tyranitar|0 fnt\n|-unboost|p1b: Hawlucha|def|1\n|-unboost|p1b: Hawlucha|spd|1\n|faint|p2b: Tyranitar\n|move|p2a: Arcanine|Wild Charge|p1b: Hawlucha\n|-supereffective|p1b: Hawlucha\n|-damage|p1b: Hawlucha|0 fnt\n|faint|p1b: Hawlucha\n|-damage|p2a: Arcanine|87\/100|[from] item: Life Orb\n|\n|-weather|Sandstorm|[upkeep]\n|-heal|p2a: Arcanine|93\/100|[from] Grassy Terrain\n|-status|p1a: Gliscor|tox|[from] item: Toxic Orb\n|upkeep\n|\n|t:|1698203288\n|switch|p1b: Oranguru|Oranguru, F|100\/100\n|switch|p2b: Avalugg|Avalugg-Hisui, F|100\/100\n|turn|4\n|\n|t:|1698203301\n|-terastallize|p1a: Gliscor|Ground\n|move|p2a: Arcanine|Flare Blitz|p1b: Oranguru\n|-damage|p1b: Oranguru|30\/100\n|-damage|p2a: Arcanine|83\/100|[from] item: Life Orb\n|move|p1a: Gliscor|Earthquake|p2a: Arcanine|[spread] p2a,p2b\n|-activate|p1b: Oranguru|ability: Telepathy\n|-supereffective|p2a: Arcanine\n|-supereffective|p2b: Avalugg\n|-damage|p2a: Arcanine|0 fnt\n|-damage|p2b: Avalugg|85\/100\n|faint|p2a: Arcanine\n|move|p1b: Oranguru|Instruct|p1a: Gliscor\n|-singleturn|p1a: Gliscor|move: Instruct|[of] p1b: Oranguru\n|move|p1a: Gliscor|Earthquake|p2b: Avalugg|[spread] p2b\n|-activate|p1b: Oranguru|ability: Telepathy\n|-supereffective|p2b: Avalugg\n|-damage|p2b: Avalugg|68\/100\n|move|p2b: Avalugg|Ice Fang|p1a: Gliscor\n|-supereffective|p1a: Gliscor\n|-damage|p1a: Gliscor|43\/100 tox\n|\n|-weather|Sandstorm|[upkeep]\n|-damage|p1b: Oranguru|24\/100|[from] Sandstorm\n|-heal|p1a: Gliscor|49\/100 tox|[from] Grassy Terrain\n|-heal|p1b: Oranguru|30\/100|[from] Grassy Terrain\n|-heal|p1b: Oranguru|36\/100|[from] item: Leftovers\n|-heal|p2b: Avalugg|74\/100|[from] Grassy Terrain\n|-heal|p1a: Gliscor|62\/100 tox|[from] ability: Poison Heal\n|upkeep\n|\n|t:|1698203327\n|switch|p2a: Garganacl|Garganacl, F|100\/100\n|turn|5\n|\n|t:|1698203346\n|move|p1a: Gliscor|Knock Off|p2a: Garganacl\n|-damage|p2a: Garganacl|88\/100\n|-enditem|p2a: Garganacl|Leftovers|[from] move: Knock Off|[of] p1a: Gliscor\n|move|p1b: Oranguru|Encore||[still]\n|-fail|p1b: Oranguru\n|move|p2b: Avalugg|Ice Fang|p1a: Gliscor\n|-supereffective|p1a: Gliscor\n|-damage|p1a: Gliscor|7\/100 tox\n|move|p2a: Garganacl|Salt Cure|p1a: Gliscor\n|-resisted|p1a: Gliscor\n|-damage|p1a: Gliscor|2\/100 tox\n|-start|p1a: Gliscor|Salt Cure\n|\n|-weather|Sandstorm|[upkeep]\n|-damage|p1b: Oranguru|30\/100|[from] Sandstorm\n|-heal|p1a: Gliscor|9\/100 tox|[from] Grassy Terrain\n|-heal|p1b: Oranguru|36\/100|[from] Grassy Terrain\n|-heal|p1b: Oranguru|42\/100|[from] item: Leftovers\n|-heal|p2b: Avalugg|80\/100|[from] Grassy Terrain\n|-heal|p2a: Garganacl|94\/100|[from] Grassy Terrain\n|-heal|p1a: Gliscor|21\/100 tox|[from] ability: Poison Heal\n|-damage|p1a: Gliscor|9\/100 tox|[from] Salt Cure\n|-fieldend|move: Grassy Terrain\n|upkeep\n|turn|6\n|\n|t:|1698203373\n|move|p1b: Oranguru|Protect|p1b: Oranguru\n|-singleturn|p1b: Oranguru|Protect\n|move|p1a: Gliscor|Knock Off|p2b: Avalugg\n|-damage|p2b: Avalugg|71\/100\n|-enditem|p2b: Avalugg|Expert Belt|[from] move: Knock Off|[of] p1a: Gliscor\n|move|p2b: Avalugg|Ice Fang|p1a: Gliscor\n|-supereffective|p1a: Gliscor\n|-damage|p1a: Gliscor|0 fnt\n|faint|p1a: Gliscor\n|move|p2a: Garganacl|Salt Cure|p1b: Oranguru\n|-activate|p1b: Oranguru|move: Protect\n|\n|-weather|Sandstorm|[upkeep]\n|-damage|p1b: Oranguru|36\/100|[from] Sandstorm\n|-heal|p1b: Oranguru|42\/100|[from] item: Leftovers\n|upkeep\n|\n|t:|1698203381\n|switch|p1a: Talonflame|Talonflame, M|100\/100\n|turn|7\n|\n|t:|1698203397\n|switch|p1b: Sneasler|Sneasler, F|100\/100\n|move|p1a: Talonflame|Tailwind|p1a: Talonflame\n|-sidestart|p1: Korotele|move: Tailwind\n|move|p2b: Avalugg|Crunch|p1a: Talonflame\n|-damage|p1a: Talonflame|60\/100\n|move|p2a: Garganacl|Salt Cure|p1a: Talonflame\n|-supereffective|p1a: Talonflame\n|-damage|p1a: Talonflame|0 fnt\n|faint|p1a: Talonflame\n|\n|-weather|Sandstorm|[upkeep]\n|-damage|p1b: Sneasler|95\/100|[from] Sandstorm\n|upkeep\n|\n|t:|1698203409\n|switch|p1a: Oranguru|Oranguru, F|42\/100\n|turn|8\n|\n|t:|1698203431\n|move|p1b: Sneasler|Close Combat|p2a: Garganacl\n|-supereffective|p2a: Garganacl\n|-damage|p2a: Garganacl|3\/100\n|-unboost|p1b: Sneasler|def|1\n|-unboost|p1b: Sneasler|spd|1\n|-damage|p1b: Sneasler|85\/100|[from] item: Life Orb\n|move|p1a: Oranguru|Instruct|p1b: Sneasler\n|-singleturn|p1b: Sneasler|move: Instruct|[of] p1a: Oranguru\n|move|p1b: Sneasler|Close Combat|p2a: Garganacl\n|-supereffective|p2a: Garganacl\n|-damage|p2a: Garganacl|0 fnt\n|-unboost|p1b: Sneasler|def|1\n|-unboost|p1b: Sneasler|spd|1\n|faint|p2a: Garganacl\n|-damage|p1b: Sneasler|75\/100|[from] item: Life Orb\n|move|p2b: Avalugg|Heavy Slam|p1b: Sneasler\n|-damage|p1b: Sneasler|0 fnt\n|faint|p1b: Sneasler\n|\n|-weather|Sandstorm|[upkeep]\n|-damage|p1a: Oranguru|36\/100|[from] Sandstorm\n|-heal|p1a: Oranguru|42\/100|[from] item: Leftovers\n|upkeep\n|turn|9\n|\n|t:|1698203453\n|move|p1a: Oranguru|Encore|p2b: Avalugg\n|-start|p2b: Avalugg|Encore\n|move|p2b: Avalugg|Heavy Slam|p1a: Oranguru\n|-damage|p1a: Oranguru|19\/100\n|\n|-weather|Sandstorm|[upkeep]\n|-damage|p1a: Oranguru|13\/100|[from] Sandstorm\n|-heal|p1a: Oranguru|19\/100|[from] item: Leftovers\n|upkeep\n|turn|10\n|\n|t:|1698203462\n|move|p1a: Oranguru|Instruct|p2b: Avalugg\n|-singleturn|p2b: Avalugg|move: Instruct|[of] p1a: Oranguru\n|move|p2b: Avalugg|Heavy Slam|p1a: Oranguru\n|-damage|p1a: Oranguru|0 fnt\n|faint|p1a: Oranguru\n|\n|win|Critian Caceorte\n|raw|Korotele's rating: 1014 &rarr; <strong>1002<\/strong><br \/>(-12 for losing)\n|raw|Critian Caceorte's rating: 1027 &rarr; <strong>1062<\/strong><br \/>(+35 for winning)\n|l|\u2606Korotele\n|c|\u2606Critian Caceorte|gg\n","uploadtime":1698203476,"views":18,"p1id":"korotele","p2id":"critiancaceorte","formatid":"gen9doublesou","rating":1002,"private":0,"password":""}