{"id":"gen9doublesou-1996625955","p1":"NightShadeTanooki","p2":"RLisanidiot","format":"[Gen 9] Doubles OU","log":"|j|\u2606NightShadeTanooki\n|j|\u2606RLisanidiot\n|t:|1700702191\n|gametype|doubles\n|player|p1|NightShadeTanooki|guitarist|1312\n|player|p2|RLisanidiot|unknownf|1328\n|teamsize|p1|6\n|teamsize|p2|6\n|gen|9\n|tier|[Gen 9] Doubles OU\n|rated|\n|rule|Species Clause: Limit one of each Pok\u00e9mon\n|rule|OHKO Clause: OHKO moves are banned\n|rule|Evasion Moves Clause: Evasion moves are banned\n|rule|Gravity Sleep Clause: The combination of sleep-inducing moves with imperfect accuracy and Gravity or Gigantamax Orbeetle are banned\n|rule|Endless Battle Clause: Forcing endless battles is banned\n|rule|HP Percentage Mod: HP is shown in percentages\n|clearpoke\n|poke|p1|Tinkaton, F|\n|poke|p1|Milotic, M|\n|poke|p1|Dragapult, M|\n|poke|p1|Farigiraf, F|\n|poke|p1|Corviknight, M|\n|poke|p1|Braviary-Hisui, M|\n|poke|p2|Ninetales-Alola, F|\n|poke|p2|Chien-Pao|\n|poke|p2|Flutter Mane|\n|poke|p2|Tornadus, M|\n|poke|p2|Pachirisu, M|\n|poke|p2|Landorus-Therian, M|\n|teampreview\n|inactive|Battle timer is ON: inactive players will automatically lose when time's up. (requested by RLisanidiot)\n|inactive|NightShadeTanooki has 120 seconds left.\n|\n|t:|1700702242\n|start\n|switch|p1a: Tinkaton|Tinkaton, F|100\/100\n|switch|p1b: Dragapult|Dragapult, M, shiny|100\/100\n|switch|p2a: Pachirisu|Pachirisu, M|100\/100\n|switch|p2b: Landorus|Landorus-Therian, M, shiny|100\/100\n|-ability|p2b: Landorus|Intimidate|boost\n|-fail|p1a: Tinkaton|unboost|Attack|[from] ability: Own Tempo|[of] p1a: Tinkaton\n|-unboost|p1b: Dragapult|atk|1\n|turn|1\n|\n|t:|1700702264\n|move|p1a: Tinkaton|Fake Out|p2b: Landorus\n|-damage|p2b: Landorus|88\/100\n|cant|p2b: Landorus|flinch\n|move|p1b: Dragapult|Fire Blast|p2a: Pachirisu\n|-damage|p2a: Pachirisu|47\/100\n|-enditem|p2a: Pachirisu|Sitrus Berry|[eat]\n|-heal|p2a: Pachirisu|72\/100|[from] item: Sitrus Berry\n|move|p2a: Pachirisu|Nuzzle|p1a: Tinkaton\n|-damage|p1a: Tinkaton|95\/100\n|-status|p1a: Tinkaton|par\n|\n|upkeep\n|turn|2\n|\n|t:|1700702281\n|switch|p1a: Corviknight|Corviknight, M, shiny|100\/100\n|move|p2b: Landorus|U-turn|p1b: Dragapult\n|-resisted|p1b: Dragapult\n|-damage|p1b: Dragapult|86\/100\n|\n|t:|1700702287\n|switch|p2b: Ninetales|Ninetales-Alola, F, shiny|100\/100|[from] U-turn\n|-weather|Snow|[from] ability: Snow Warning|[of] p2b: Ninetales\n|move|p1b: Dragapult|Fire Blast|p2a: Pachirisu\n|-damage|p2a: Pachirisu|19\/100\n|move|p2a: Pachirisu|Nuzzle|p1b: Dragapult\n|-resisted|p1b: Dragapult\n|-damage|p1b: Dragapult|83\/100\n|-status|p1b: Dragapult|par\n|\n|-weather|Snow|[upkeep]\n|upkeep\n|turn|3\n|\n|t:|1700702310\n|switch|p1b: Farigiraf|Farigiraf, F, shiny|100\/100\n|move|p2b: Ninetales|Aurora Veil|p2b: Ninetales\n|-sidestart|p2: RLisanidiot|move: Aurora Veil\n|move|p2a: Pachirisu|Nuzzle|p1a: Corviknight\n|-supereffective|p1a: Corviknight\n|-damage|p1a: Corviknight|93\/100\n|-status|p1a: Corviknight|par\n|move|p1a: Corviknight|Iron Head|p2b: Ninetales\n|-supereffective|p2b: Ninetales\n|-damage|p2b: Ninetales|30\/100\n|\n|-weather|Snow|[upkeep]\n|upkeep\n|turn|4\n|-activate|p1a: Corviknight|item: Quick Claw\n|\n|t:|1700702331\n|cant|p1a: Corviknight|par\n|move|p2b: Ninetales|Confuse Ray|p1a: Corviknight\n|-start|p1a: Corviknight|confusion\n|move|p2a: Pachirisu|Nuzzle|p1b: Farigiraf\n|-damage|p1b: Farigiraf|97\/100\n|-status|p1b: Farigiraf|par\n|move|p1b: Farigiraf|Psychic|p2b: Ninetales\n|-damage|p2b: Ninetales|0 fnt\n|faint|p2b: Ninetales\n|\n|-weather|Snow|[upkeep]\n|upkeep\n|\n|t:|1700702344\n|switch|p2b: Chien-Pao|Chien-Pao|100\/100\n|-ability|p2b: Chien-Pao|Sword of Ruin\n|turn|5\n|\n|t:|1700702352\n|switch|p1b: Tinkaton|Tinkaton, F|95\/100 par\n|-terastallize|p2b: Chien-Pao|Electric\n|move|p2b: Chien-Pao|Tera Blast|p1a: Corviknight|[anim] Tera Blast Electric\n|-supereffective|p1a: Corviknight\n|-damage|p1a: Corviknight|0 fnt\n|faint|p1a: Corviknight\n|move|p2a: Pachirisu|U-turn|p1b: Tinkaton\n|-resisted|p1b: Tinkaton\n|-damage|p1b: Tinkaton|91\/100 par\n|\n|t:|1700702368\n|switch|p2a: Flutter Mane|Flutter Mane|100\/100|[from] U-turn\n|\n|-weather|Snow|[upkeep]\n|upkeep\n|\n|t:|1700702373\n|switch|p1a: Farigiraf|Farigiraf, F, shiny|97\/100 par\n|turn|6\n|\n|t:|1700702397\n|cant|p1b: Tinkaton|par\n|move|p2a: Flutter Mane|Hex|p1b: Tinkaton\n|-damage|p1b: Tinkaton|7\/100 par\n|move|p2b: Chien-Pao|Tera Blast|p1a: Farigiraf|[anim] Tera Blast Electric\n|-damage|p1a: Farigiraf|49\/100 par\n|cant|p1a: Farigiraf|par\n|\n|-weather|none\n|upkeep\n|turn|7\n|\n|t:|1700702416\n|move|p2a: Flutter Mane|Hex|p1b: Tinkaton\n|-damage|p1b: Tinkaton|0 fnt\n|faint|p1b: Tinkaton\n|move|p2b: Chien-Pao|Tera Blast|p1a: Farigiraf|[anim] Tera Blast Electric\n|-damage|p1a: Farigiraf|0 fnt\n|faint|p1a: Farigiraf\n|\n|upkeep\n|\n|t:|1700702428\n|switch|p1b: Milotic|Milotic, M, shiny|100\/100\n|switch|p1a: Braviary|Braviary-Hisui, M, shiny|100\/100\n|turn|8\n|\n|t:|1700702448\n|-end|p2a: Flutter Mane|Protosynthesis|[silent]\n|switch|p2a: Pachirisu|Pachirisu, M|19\/100\n|move|p2b: Chien-Pao|Tera Blast|p1b: Milotic|[anim] Tera Blast Electric\n|-supereffective|p1b: Milotic\n|-damage|p1b: Milotic|0 fnt\n|faint|p1b: Milotic\n|move|p1a: Braviary|Heat Wave|p2b: Chien-Pao|[spread] p2a\n|-miss|p1a: Braviary|p2b: Chien-Pao\n|-crit|p2a: Pachirisu\n|-damage|p2a: Pachirisu|0 fnt\n|faint|p2a: Pachirisu\n|\n|upkeep\n|\n|t:|1700702460\n|switch|p2a: Tornadus|Tornadus, M|100\/100\n|switch|p1b: Dragapult|Dragapult, M, shiny|83\/100 par\n|turn|9\n|\n|t:|1700702487\n|-terastallize|p1b: Dragapult|Fairy\n|move|p2a: Tornadus|Tailwind|p2a: Tornadus\n|-sidestart|p2: RLisanidiot|move: Tailwind\n|move|p2b: Chien-Pao|Tera Blast|p1a: Braviary|[anim] Tera Blast Electric\n|-supereffective|p1a: Braviary\n|-damage|p1a: Braviary|0 fnt\n|faint|p1a: Braviary\n|move|p1b: Dragapult|Fire Blast|p2b: Chien-Pao\n|-damage|p2b: Chien-Pao|59\/100\n|\n|upkeep\n|turn|10\n|\n|t:|1700702502\n|move|p2b: Chien-Pao|Ice Spinner|p1b: Dragapult\n|-damage|p1b: Dragapult|11\/100 par\n|move|p2a: Tornadus|Bleakwind Storm|p1b: Dragapult|[miss]\n|-miss|p2a: Tornadus|p1b: Dragapult\n|move|p1b: Dragapult|Fire Blast|p2b: Chien-Pao|[miss]\n|-miss|p1b: Dragapult|p2b: Chien-Pao\n|\n|-sideend|p2: RLisanidiot|move: Aurora Veil\n|upkeep\n|turn|11\n|\n|t:|1700702523\n|move|p2b: Chien-Pao|Sucker Punch|p1b: Dragapult\n|-resisted|p1b: Dragapult\n|-damage|p1b: Dragapult|0 fnt\n|faint|p1b: Dragapult\n|\n|win|RLisanidiot\n|raw|NightShadeTanooki's rating: 1312 &rarr; <strong>1293<\/strong><br \/>(-19 for losing)\n|raw|RLisanidiot's rating: 1328 &rarr; <strong>1347<\/strong><br \/>(+19 for winning)\n|l|\u2606NightShadeTanooki\n","uploadtime":1700702536,"views":11,"p1id":"nightshadetanooki","p2id":"rlisanidiot","formatid":"gen9doublesou","rating":1293,"private":0,"password":""}