{"id":"gen9doublesou-1976369976","p1":"kledm333","p2":"balloongrapes","format":"[Gen 9] Doubles OU","log":"|j|\u2606kledm333\n|j|\u2606balloongrapes\n|t:|1698292373\n|gametype|doubles\n|player|p1|kledm333|misty-gen1rb|1160\n|player|p2|balloongrapes|boarder|1165\n|teamsize|p1|6\n|teamsize|p2|6\n|gen|9\n|tier|[Gen 9] Doubles OU\n|rated|\n|rule|Species Clause: Limit one of each Pok\u00e9mon\n|rule|OHKO Clause: OHKO moves are banned\n|rule|Evasion Moves Clause: Evasion moves are banned\n|rule|Gravity Sleep Clause: The combination of sleep-inducing moves with imperfect accuracy and Gravity or Gigantamax Orbeetle are banned\n|rule|Endless Battle Clause: Forcing endless battles is banned\n|rule|HP Percentage Mod: HP is shown in percentages\n|clearpoke\n|poke|p1|Mimikyu, F|\n|poke|p1|Garganacl, M|\n|poke|p1|Iron Hands|\n|poke|p1|Roaring Moon|\n|poke|p1|Amoonguss, M|\n|poke|p1|Iron Bundle|\n|poke|p2|Maushold-Four|\n|poke|p2|Roaring Moon|\n|poke|p2|Talonflame, M|\n|poke|p2|Ceruledge, M|\n|poke|p2|Rabsca, F|\n|poke|p2|Klefki, F|\n|teampreview\n|inactive|Battle timer is ON: inactive players will automatically lose when time's up. (requested by balloongrapes)\n|\n|t:|1698292389\n|start\n|switch|p1a: Garganacl|Garganacl, M|100\/100\n|switch|p1b: Iron Hands|Iron Hands|100\/100\n|switch|p2a: Talonflame|Talonflame, M|100\/100\n|switch|p2b: Ceruledge|Ceruledge, M|100\/100\n|turn|1\n|\n|t:|1698292398\n|-terastallize|p2b: Ceruledge|Electric\n|-terastallize|p1a: Garganacl|Ghost\n|move|p2a: Talonflame|Tailwind|p2a: Talonflame\n|-sidestart|p2: balloongrapes|move: Tailwind\n|move|p2b: Ceruledge|Swords Dance|p2b: Ceruledge\n|-boost|p2b: Ceruledge|atk|2\n|move|p1b: Iron Hands|Wild Charge|p2b: Ceruledge\n|-resisted|p2b: Ceruledge\n|-damage|p2b: Ceruledge|69\/100\n|-damage|p1b: Iron Hands|95\/100|[from] Recoil\n|move|p1a: Garganacl|Salt Cure|p2b: Ceruledge\n|-damage|p2b: Ceruledge|52\/100\n|-start|p2b: Ceruledge|Salt Cure\n|\n|-damage|p2b: Ceruledge|40\/100|[from] Salt Cure\n|upkeep\n|turn|2\n|\n|t:|1698292424\n|switch|p2a: Maushold|Maushold-Four|100\/100\n|move|p1a: Garganacl|Protect|p1a: Garganacl\n|-singleturn|p1a: Garganacl|Protect\n|move|p2b: Ceruledge|Bitter Blade|p1a: Garganacl\n|-activate|p1a: Garganacl|move: Protect\n|move|p1b: Iron Hands|Volt Switch|p2b: Ceruledge\n|-resisted|p2b: Ceruledge\n|-damage|p2b: Ceruledge|35\/100\n|\n|t:|1698292435\n|-end|p1b: Iron Hands|Quark Drive|[silent]\n|switch|p1b: Mimikyu|Mimikyu, F|100\/100|[from] Volt Switch\n|\n|-damage|p2b: Ceruledge|23\/100|[from] Salt Cure\n|upkeep\n|turn|3\n|\n|t:|1698292451\n|move|p2a: Maushold|Follow Me|p2a: Maushold\n|-singleturn|p2a: Maushold|move: Follow Me\n|move|p1b: Mimikyu|Shadow Sneak|p2a: Maushold\n|-immune|p2a: Maushold\n|move|p2b: Ceruledge|Bitter Blade|p1a: Garganacl\n|-damage|p1a: Garganacl|47\/100\n|-heal|p2b: Ceruledge|67\/100|[from] drain|[of] p1a: Garganacl\n|move|p1a: Garganacl|Salt Cure|p2a: Maushold\n|-damage|p2a: Maushold|82\/100\n|-start|p2a: Maushold|Salt Cure\n|\n|-heal|p1a: Garganacl|53\/100|[from] item: Leftovers\n|-damage|p2a: Maushold|70\/100|[from] Salt Cure\n|-damage|p2b: Ceruledge|55\/100|[from] Salt Cure\n|upkeep\n|turn|4\n|\n|t:|1698292471\n|switch|p1b: Iron Hands|Iron Hands|95\/100\n|move|p1a: Garganacl|Protect|p1a: Garganacl\n|-singleturn|p1a: Garganacl|Protect\n|move|p2a: Maushold|Encore||[still]\n|-fail|p2a: Maushold\n|move|p2b: Ceruledge|Bitter Blade|p1a: Garganacl\n|-activate|p1a: Garganacl|move: Protect\n|\n|-heal|p1a: Garganacl|59\/100|[from] item: Leftovers\n|-damage|p2a: Maushold|57\/100|[from] Salt Cure\n|-damage|p2b: Ceruledge|42\/100|[from] Salt Cure\n|-sideend|p2: balloongrapes|move: Tailwind\n|upkeep\n|turn|5\n|\n|t:|1698292491\n|switch|p1a: Mimikyu|Mimikyu, F|100\/100\n|move|p2a: Maushold|Encore||[still]\n|-fail|p2a: Maushold\n|move|p2b: Ceruledge|Bitter Blade|p1b: Iron Hands\n|-damage|p1b: Iron Hands|36\/100\n|-heal|p2b: Ceruledge|99\/100|[from] drain|[of] p1b: Iron Hands\n|move|p1b: Iron Hands|Volt Switch|p2b: Ceruledge\n|-resisted|p2b: Ceruledge\n|-damage|p2b: Ceruledge|94\/100\n|\n|t:|1698292510\n|-end|p1b: Iron Hands|Quark Drive|[silent]\n|switch|p1b: Roaring Moon|Roaring Moon|100\/100|[from] Volt Switch\n|-enditem|p1b: Roaring Moon|Booster Energy\n|-activate|p1b: Roaring Moon|ability: Protosynthesis|[fromitem]\n|-start|p1b: Roaring Moon|protosynthesisatk\n|\n|-damage|p2a: Maushold|45\/100|[from] Salt Cure\n|-damage|p2b: Ceruledge|82\/100|[from] Salt Cure\n|upkeep\n|turn|6\n|inactive|balloongrapes has 120 seconds left.\n|\n|t:|1698292553\n|move|p2a: Maushold|Follow Me|p2a: Maushold\n|-singleturn|p2a: Maushold|move: Follow Me\n|move|p1b: Roaring Moon|Throat Chop|p2a: Maushold\n|-damage|p2a: Maushold|0 fnt\n|faint|p2a: Maushold\n|move|p1a: Mimikyu|Curse|p2b: Ceruledge\n|-start|p2b: Ceruledge|Curse|[of] p1a: Mimikyu\n|-damage|p1a: Mimikyu|50\/100\n|move|p2b: Ceruledge|Bitter Blade|p1a: Mimikyu\n|-activate|p1a: Mimikyu|ability: Disguise\n|-damage|p1a: Mimikyu|50\/100\n|detailschange|p1a: Mimikyu|Mimikyu-Busted, F\n|-damage|p1a: Mimikyu|38\/100|[from] pokemon: Mimikyu-Busted\n|\n|-damage|p2b: Ceruledge|57\/100|[from] Curse\n|-damage|p2b: Ceruledge|45\/100|[from] Salt Cure\n|upkeep\n|\n|t:|1698292566\n|switch|p2a: Roaring Moon|Roaring Moon|100\/100\n|turn|7\n|\n|t:|1698292580\n|move|p2a: Roaring Moon|Dragon Claw|p1b: Roaring Moon\n|-supereffective|p1b: Roaring Moon\n|-damage|p1b: Roaring Moon|0 fnt\n|faint|p1b: Roaring Moon\n|-end|p1b: Roaring Moon|Protosynthesis|[silent]\n|move|p1a: Mimikyu|Play Rough|p2a: Roaring Moon\n|-supereffective|p2a: Roaring Moon\n|-damage|p2a: Roaring Moon|0 fnt\n|faint|p2a: Roaring Moon\n|-end|p2a: Roaring Moon|Protosynthesis|[silent]\n|-damage|p1a: Mimikyu|28\/100|[from] item: Life Orb\n|move|p2b: Ceruledge|Bitter Blade|p1a: Mimikyu\n|-damage|p1a: Mimikyu|0 fnt\n|-heal|p2b: Ceruledge|60\/100|[from] drain|[of] p1a: Mimikyu\n|faint|p1a: Mimikyu\n|\n|-damage|p2b: Ceruledge|35\/100|[from] Curse\n|-damage|p2b: Ceruledge|23\/100|[from] Salt Cure\n|upkeep\n|inactive|balloongrapes has 120 seconds left.\n|\n|t:|1698292621\n|switch|p1b: Garganacl|Garganacl, M, tera:Ghost|59\/100\n|switch|p2a: Talonflame|Talonflame, M|100\/100\n|switch|p1a: Iron Hands|Iron Hands|36\/100\n|turn|8\n|\n|t:|1698292636\n|move|p1a: Iron Hands|Fake Out|p2b: Ceruledge\n|-damage|p2b: Ceruledge|4\/100\n|move|p2a: Talonflame|Tailwind|p2a: Talonflame\n|-sidestart|p2: balloongrapes|move: Tailwind\n|cant|p2b: Ceruledge|flinch\n|move|p1b: Garganacl|Recover|p1b: Garganacl\n|-heal|p1b: Garganacl|100\/100\n|\n|-damage|p2b: Ceruledge|0 fnt|[from] Curse\n|faint|p2b: Ceruledge\n|upkeep\n|inactive|balloongrapes has 120 seconds left.\n|\n|t:|1698292648\n|switch|p2b: Rabsca|Rabsca, F|100\/100\n|turn|9\n|\n|t:|1698292658\n|move|p2a: Talonflame|Air Slash|p1a: Iron Hands\n|-damage|p1a: Iron Hands|25\/100\n|move|p2b: Rabsca|Psychic|p1a: Iron Hands\n|-supereffective|p1a: Iron Hands\n|-damage|p1a: Iron Hands|0 fnt\n|faint|p1a: Iron Hands\n|-end|p1a: Iron Hands|Quark Drive|[silent]\n|move|p1b: Garganacl|Salt Cure|p2b: Rabsca\n|-supereffective|p2b: Rabsca\n|-damage|p2b: Rabsca|68\/100\n|-start|p2b: Rabsca|Salt Cure\n|\n|-damage|p2b: Rabsca|55\/100|[from] Salt Cure\n|upkeep\n|\n|t:|1698292670\n|switch|p1a: Iron Bundle|Iron Bundle|100\/100\n|turn|10\n|\n|t:|1698292680\n|move|p1a: Iron Bundle|Protect|p1a: Iron Bundle\n|-singleturn|p1a: Iron Bundle|Protect\n|move|p2a: Talonflame|Air Slash|p1a: Iron Bundle\n|-activate|p1a: Iron Bundle|move: Protect\n|move|p2b: Rabsca|Revival Blessing|p2b: Rabsca\n|-enditem|p2b: Rabsca|Leppa Berry|[eat]\n|-activate|p2b: Rabsca|item: Leppa Berry|Revival Blessing|[consumed]\n|\n|t:|1698292689\n|-heal|p2: Roaring Moon|50\/100|[from] move: Revival Blessing\n|move|p1b: Garganacl|Salt Cure|p2b: Rabsca\n|-supereffective|p2b: Rabsca\n|-damage|p2b: Rabsca|23\/100\n|\n|-damage|p2b: Rabsca|10\/100|[from] Salt Cure\n|upkeep\n|turn|11\n|\n|t:|1698292699\n|-end|p1a: Iron Bundle|Quark Drive|[silent]\n|switch|p1a: Amoonguss|Amoonguss, M|100\/100\n|move|p2a: Talonflame|Air Slash|p1a: Amoonguss\n|-supereffective|p1a: Amoonguss\n|-damage|p1a: Amoonguss|69\/100\n|move|p2b: Rabsca|Revival Blessing|p2b: Rabsca\n|\n|t:|1698292707\n|-heal|p2: Ceruledge|50\/100|[from] move: Revival Blessing\n|move|p1b: Garganacl|Salt Cure|p2a: Talonflame\n|-supereffective|p2a: Talonflame\n|-damage|p2a: Talonflame|40\/100\n|-start|p2a: Talonflame|Salt Cure\n|-enditem|p2a: Talonflame|Red Card|[of] p1b: Garganacl\n|drag|p1b: Iron Bundle|Iron Bundle|100\/100\n|\n|-damage|p2a: Talonflame|28\/100|[from] Salt Cure\n|-damage|p2b: Rabsca|0 fnt|[from] Salt Cure\n|faint|p2b: Rabsca\n|-sideend|p2: balloongrapes|move: Tailwind\n|upkeep\n|c|\u2606balloongrapes|gg\n|\n|t:|1698292731\n|switch|p2b: Klefki|Klefki, F|100\/100\n|turn|12\n|\n|t:|1698292737\n|-end|p1b: Iron Bundle|Quark Drive|[silent]\n|switch|p1b: Garganacl|Garganacl, M, tera:Ghost|100\/100\n|move|p2b: Klefki|Sunny Day|p2b: Klefki\n|-weather|SunnyDay\n|move|p2a: Talonflame|Flamethrower|p1a: Amoonguss\n|-supereffective|p1a: Amoonguss\n|-damage|p1a: Amoonguss|9\/100\n|move|p1a: Amoonguss|Spore|p2b: Klefki\n|-status|p2b: Klefki|slp|[from] move: Spore\n|\n|-weather|SunnyDay|[upkeep]\n|-damage|p2a: Talonflame|15\/100|[from] Salt Cure\n|upkeep\n|turn|13\n|\n|t:|1698292751\n|move|p1a: Amoonguss|Protect|p1a: Amoonguss\n|-singleturn|p1a: Amoonguss|Protect\n|cant|p2b: Klefki|slp\n|move|p2a: Talonflame|Flamethrower|p1a: Amoonguss\n|-activate|p1a: Amoonguss|move: Protect\n|move|p1b: Garganacl|Salt Cure|p2b: Klefki\n|-resisted|p2b: Klefki\n|-damage|p2b: Klefki|92\/100 slp\n|-start|p2b: Klefki|Salt Cure\n|\n|-weather|SunnyDay|[upkeep]\n|-damage|p2a: Talonflame|3\/100|[from] Salt Cure\n|-damage|p2b: Klefki|67\/100 slp|[from] Salt Cure\n|upkeep\n|turn|14\n|c|\u2606balloongrapes|why do you keep switching\n|c|\u2606balloongrapes|horrible strategy\n|\n|t:|1698292768\n|move|p1a: Amoonguss|Protect||[still]\n|-fail|p1a: Amoonguss\n|-curestatus|p2b: Klefki|slp|[msg]\n|move|p2b: Klefki|Reflect|p2b: Klefki\n|-sidestart|p2: balloongrapes|Reflect\n|move|p2a: Talonflame|Flamethrower|p1a: Amoonguss\n|-supereffective|p1a: Amoonguss\n|-damage|p1a: Amoonguss|0 fnt\n|faint|p1a: Amoonguss\n|move|p1b: Garganacl|Salt Cure|p2b: Klefki\n|-resisted|p2b: Klefki\n|-damage|p2b: Klefki|63\/100\n|\n|-weather|SunnyDay|[upkeep]\n|-damage|p2a: Talonflame|0 fnt|[from] Salt Cure\n|faint|p2a: Talonflame\n|-damage|p2b: Klefki|38\/100|[from] Salt Cure\n|upkeep\n|c|\u2606kledm333|Oh, switching is bad?\n|c|\u2606balloongrapes|yes lol\n|inactive|balloongrapes has 120 seconds left.\n|\n|t:|1698292802\n|switch|p2a: Roaring Moon|Roaring Moon|50\/100\n|switch|p1a: Iron Bundle|Iron Bundle|100\/100\n|-activate|p2a: Roaring Moon|ability: Protosynthesis\n|-start|p2a: Roaring Moon|protosynthesisatk\n|turn|15\n|\n|t:|1698292812\n|move|p2b: Klefki|Light Screen|p2b: Klefki\n|-sidestart|p2: balloongrapes|move: Light Screen\n|move|p2a: Roaring Moon|Rock Slide|p1b: Garganacl|[spread] p1a,p1b\n|-supereffective|p1a: Iron Bundle\n|-damage|p1a: Iron Bundle|26\/100\n|-damage|p1b: Garganacl|84\/100\n|cant|p1a: Iron Bundle|flinch\n|move|p1b: Garganacl|Salt Cure|p2a: Roaring Moon\n|-damage|p2a: Roaring Moon|39\/100\n|-start|p2a: Roaring Moon|Salt Cure\n|\n|-weather|SunnyDay|[upkeep]\n|-heal|p1b: Garganacl|90\/100|[from] item: Leftovers\n|-damage|p2a: Roaring Moon|26\/100|[from] Salt Cure\n|-damage|p2b: Klefki|13\/100|[from] Salt Cure\n|upkeep\n|turn|16\n|c|\u2606balloongrapes|oof\n|c|\u2606balloongrapes|tough\n|inactive|balloongrapes has 120 seconds left.\n|\n|t:|1698292843\n|-end|p2a: Roaring Moon|Protosynthesis|[silent]\n|switch|p2a: Ceruledge|Ceruledge, M|50\/100\n|move|p1a: Iron Bundle|Protect|p1a: Iron Bundle\n|-singleturn|p1a: Iron Bundle|Protect\n|move|p2b: Klefki|Steel Beam|p1b: Garganacl\n|-damage|p1b: Garganacl|53\/100\n|-damage|p2b: Klefki|0 fnt|[from] steelbeam\n|faint|p2b: Klefki\n|move|p1b: Garganacl|Salt Cure|p2a: Ceruledge\n|-supereffective|p2a: Ceruledge\n|-damage|p2a: Ceruledge|29\/100\n|-start|p2a: Ceruledge|Salt Cure\n|\n|-weather|none\n|-heal|p1b: Garganacl|59\/100|[from] item: Leftovers\n|-damage|p2a: Ceruledge|17\/100|[from] Salt Cure\n|upkeep\n|c|\u2606balloongrapes|gg\n|inactive|balloongrapes has 120 seconds left.\n|\n|t:|1698292853\n|switch|p2b: Roaring Moon|Roaring Moon|26\/100\n|turn|17\n|\n|t:|1698292863\n|move|p2b: Roaring Moon|Rock Slide|p1a: Iron Bundle|[spread] p1a,p1b\n|-supereffective|p1a: Iron Bundle\n|-damage|p1a: Iron Bundle|0 fnt\n|-damage|p1b: Garganacl|46\/100\n|faint|p1a: Iron Bundle\n|-end|p1a: Iron Bundle|Quark Drive|[silent]\n|move|p2a: Ceruledge|Poltergeist|p1b: Garganacl\n|-activate|p1b: Garganacl|move: Poltergeist|Leftovers\n|-supereffective|p1b: Garganacl\n|-damage|p1b: Garganacl|10\/100\n|move|p1b: Garganacl|Recover|p1b: Garganacl\n|-heal|p1b: Garganacl|60\/100\n|\n|-heal|p1b: Garganacl|66\/100|[from] item: Leftovers\n|-damage|p2a: Ceruledge|5\/100|[from] Salt Cure\n|upkeep\n|turn|18\n|c|\u2606kledm333|Good game\n|inactive|balloongrapes has 120 seconds left.\n|\n|t:|1698292902\n|move|p1b: Garganacl|Protect|p1b: Garganacl\n|-singleturn|p1b: Garganacl|Protect\n|move|p2b: Roaring Moon|Rock Slide|p1b: Garganacl\n|-activate|p1b: Garganacl|move: Protect\n|move|p2a: Ceruledge|Bitter Blade|p2b: Roaring Moon\n|-resisted|p2b: Roaring Moon\n|-damage|p2b: Roaring Moon|6\/100\n|-heal|p2a: Ceruledge|19\/100|[from] drain|[of] p2b: Roaring Moon\n|\n|-heal|p1b: Garganacl|73\/100|[from] item: Leftovers\n|-damage|p2a: Ceruledge|7\/100|[from] Salt Cure\n|upkeep\n|turn|19\n|\n|t:|1698292922\n|move|p1b: Garganacl|Protect||[still]\n|-fail|p1b: Garganacl\n|move|p2b: Roaring Moon|Rock Slide|p1b: Garganacl\n|-damage|p1b: Garganacl|53\/100\n|move|p2a: Ceruledge|Bitter Blade|p1b: Garganacl\n|-damage|p1b: Garganacl|24\/100\n|-heal|p2a: Ceruledge|32\/100|[from] drain|[of] p1b: Garganacl\n|\n|-heal|p1b: Garganacl|30\/100|[from] item: Leftovers\n|-damage|p2a: Ceruledge|20\/100|[from] Salt Cure\n|upkeep\n|turn|20\n|\n|t:|1698292935\n|move|p1b: Garganacl|Protect|p1b: Garganacl\n|-singleturn|p1b: Garganacl|Protect\n|move|p2b: Roaring Moon|Rock Slide|p1b: Garganacl\n|-activate|p1b: Garganacl|move: Protect\n|move|p2a: Ceruledge|Swords Dance|p2a: Ceruledge\n|-boost|p2a: Ceruledge|atk|2\n|\n|-heal|p1b: Garganacl|36\/100|[from] item: Leftovers\n|-damage|p2a: Ceruledge|7\/100|[from] Salt Cure\n|upkeep\n|turn|21\n|\n|t:|1698292942\n|move|p1b: Garganacl|Protect||[still]\n|-fail|p1b: Garganacl\n|move|p2b: Roaring Moon|Rock Slide|p1b: Garganacl\n|-damage|p1b: Garganacl|18\/100\n|move|p2a: Ceruledge|Bitter Blade|p1b: Garganacl\n|-damage|p1b: Garganacl|0 fnt\n|-heal|p2a: Ceruledge|22\/100|[from] drain|[of] p1b: Garganacl\n|faint|p1b: Garganacl\n|\n|win|balloongrapes\n|raw|kledm333's rating: 1143 &rarr; <strong>1120<\/strong><br \/>(-23 for losing)\n|raw|balloongrapes's rating: 1165 &rarr; <strong>1188<\/strong><br \/>(+23 for winning)\n|c|\u2606balloongrapes|get flucked\n|c|\u2606balloongrapes|gg\n|c|\u2606balloongrapes|\ud83e\udd21\ud83e\udd21\ud83e\udd21\ud83e\udd23\n","uploadtime":1698292994,"views":25,"p1id":"kledm333","p2id":"balloongrapes","formatid":"gen9doublesou","rating":1120,"private":0,"password":""}