{"id":"gen9doublesou-1994004352","p1":"maffetikplays","p2":"Hagumeme","format":"[Gen 9] Doubles OU","log":"|j|\u2606maffetikplays\n|j|\u2606Hagumeme\n|t:|1700391895\n|gametype|doubles\n|player|p1|maffetikplays|roxie|1129\n|player|p2|Hagumeme|mira|1088\n|teamsize|p1|6\n|teamsize|p2|6\n|gen|9\n|tier|[Gen 9] Doubles OU\n|rated|\n|rule|Species Clause: Limit one of each Pok\u00e9mon\n|rule|OHKO Clause: OHKO moves are banned\n|rule|Evasion Moves Clause: Evasion moves are banned\n|rule|Gravity Sleep Clause: The combination of sleep-inducing moves with imperfect accuracy and Gravity or Gigantamax Orbeetle are banned\n|rule|Endless Battle Clause: Forcing endless battles is banned\n|rule|HP Percentage Mod: HP is shown in percentages\n|clearpoke\n|poke|p1|Armarouge, M|\n|poke|p1|Indeedee-F, F|\n|poke|p1|Dachsbun, F|\n|poke|p1|Ninetales-Alola, F|\n|poke|p1|Landorus-Therian, M|\n|poke|p1|Ogerpon-Wellspring, F|\n|poke|p2|Indeedee-F, F|\n|poke|p2|Torkoal, F|\n|poke|p2|Shiftry, M|\n|poke|p2|Landorus-Therian, M|\n|poke|p2|Sinistcha|\n|poke|p2|Palafin, M|\n|teampreview\n|inactive|Battle timer is ON: inactive players will automatically lose when time's up. (requested by maffetikplays)\n|\n|t:|1700391908\n|start\n|switch|p1a: Armarouge|Armarouge, M|100\/100\n|switch|p1b: Indeedee|Indeedee-F, F|100\/100\n|switch|p2a: Shiftry|Shiftry, M|100\/100\n|switch|p2b: Palafin|Palafin, M|100\/100\n|-fieldstart|move: Psychic Terrain|[from] ability: Psychic Surge|[of] p1b: Indeedee\n|turn|1\n|\n|t:|1700391920\n|detailschange|p2b: Palafin|Palafin-Hero, M\n|switch|p2b: Indeedee|Indeedee-F, F|100\/100\n|move|p1a: Armarouge|Protect|p1a: Armarouge\n|-singleturn|p1a: Armarouge|Protect\n|move|p2a: Shiftry|Knock Off|p1a: Armarouge\n|-activate|p1a: Armarouge|move: Protect\n|move|p1b: Indeedee|Trick Room|p1b: Indeedee\n|-fieldstart|move: Trick Room|[of] p1b: Indeedee\n|\n|upkeep\n|turn|2\n|\n|t:|1700391937\n|switch|p1b: Dachsbun|Dachsbun, F|100\/100\n|-terastallize|p1a: Armarouge|Grass\n|move|p2b: Indeedee|Helping Hand|p2a: Shiftry\n|-singleturn|p2a: Shiftry|Helping Hand|[of] p2b: Indeedee\n|move|p1a: Armarouge|Lava Plume|p2a: Shiftry|[spread] p2a,p2b\n|-ability|p1b: Dachsbun|Well-Baked Body|boost\n|-boost|p1b: Dachsbun|def|2\n|-supereffective|p2a: Shiftry\n|-damage|p2a: Shiftry|0 fnt\n|-damage|p2b: Indeedee|66\/100\n|-status|p2b: Indeedee|brn\n|faint|p2a: Shiftry\n|-damage|p1a: Armarouge|91\/100|[from] item: Life Orb\n|\n|-damage|p2b: Indeedee|60\/100 brn|[from] brn\n|upkeep\n|\n|t:|1700391951\n|switch|p2a: Torkoal|Torkoal, F|100\/100\n|-weather|SunnyDay|[from] ability: Drought|[of] p2a: Torkoal\n|turn|3\n|\n|t:|1700391960\n|switch|p1a: Ninetales|Ninetales-Alola, F|100\/100\n|-weather|Snow|[from] ability: Snow Warning|[of] p1a: Ninetales\n|move|p1b: Dachsbun|Protect|p1b: Dachsbun\n|-singleturn|p1b: Dachsbun|Protect\n|move|p2a: Torkoal|Eruption|p1a: Ninetales|[spread] p1a\n|-activate|p1b: Dachsbun|move: Protect\n|-supereffective|p1a: Ninetales\n|-damage|p1a: Ninetales|0 fnt\n|faint|p1a: Ninetales\n|move|p2b: Indeedee|Psychic|p1b: Dachsbun\n|-activate|p1b: Dachsbun|move: Protect\n|\n|-weather|Snow|[upkeep]\n|-damage|p2b: Indeedee|54\/100 brn|[from] brn\n|upkeep\n|\n|t:|1700391971\n|switch|p1a: Armarouge|Armarouge, M, tera:Grass|91\/100\n|turn|4\n|\n|t:|1700391990\n|move|p2a: Torkoal|Protect|p2a: Torkoal\n|-singleturn|p2a: Torkoal|Protect\n|move|p1a: Armarouge|Lava Plume|p2a: Torkoal|[spread] p2b\n|-activate|p2a: Torkoal|move: Protect\n|-ability|p1b: Dachsbun|Well-Baked Body|boost\n|-boost|p1b: Dachsbun|def|2\n|-damage|p2b: Indeedee|18\/100 brn\n|-damage|p1a: Armarouge|81\/100|[from] item: Life Orb\n|move|p2b: Indeedee|Psychic|p1b: Dachsbun\n|-damage|p1b: Dachsbun|54\/100\n|move|p1b: Dachsbun|Body Press|p2a: Torkoal\n|-activate|p2a: Torkoal|move: Protect\n|\n|-weather|Snow|[upkeep]\n|-heal|p1b: Dachsbun|60\/100|[from] item: Leftovers\n|-damage|p2b: Indeedee|12\/100 brn|[from] brn\n|upkeep\n|turn|5\n|\n|t:|1700392004\n|move|p2a: Torkoal|Eruption|p1b: Dachsbun|[spread] \n|-start|p1a: Armarouge|ability: Flash Fire\n|-ability|p1b: Dachsbun|Well-Baked Body|boost\n|-boost|p1b: Dachsbun|def|2\n|move|p1a: Armarouge|Lava Plume|p2b: Indeedee|[spread] p2a,p2b\n|-immune|p1b: Dachsbun|[from] ability: Well-Baked Body\n|-resisted|p2a: Torkoal\n|-crit|p2a: Torkoal\n|-damage|p2a: Torkoal|31\/100\n|-damage|p2b: Indeedee|0 fnt\n|faint|p2b: Indeedee\n|-damage|p1a: Armarouge|71\/100|[from] item: Life Orb\n|move|p1b: Dachsbun|Body Press|p2a: Torkoal\n|-damage|p2a: Torkoal|0 fnt\n|faint|p2a: Torkoal\n|\n|-weather|Snow|[upkeep]\n|-heal|p1b: Dachsbun|66\/100|[from] item: Leftovers\n|-fieldend|move: Trick Room\n|-fieldend|move: Psychic Terrain\n|upkeep\n|\n|t:|1700392014\n|switch|p2b: Sinistcha|Sinistcha|100\/100\n|switch|p2a: Landorus|Landorus-Therian, M|100\/100\n|-ability|p2a: Landorus|Intimidate|boost\n|-unboost|p1a: Armarouge|atk|1\n|-unboost|p1b: Dachsbun|atk|1\n|turn|6\n|\n|t:|1700392026\n|-end|p1a: Armarouge|ability: Flash Fire|[silent]\n|switch|p1a: Indeedee|Indeedee-F, F|100\/100\n|-fieldstart|move: Psychic Terrain|[from] ability: Psychic Surge|[of] p1a: Indeedee\n|-terastallize|p2a: Landorus|Flying\n|move|p1b: Dachsbun|Protect|p1b: Dachsbun\n|-singleturn|p1b: Dachsbun|Protect\n|move|p2a: Landorus|Tera Blast|p1a: Indeedee|[anim] Tera Blast Flying\n|-damage|p1a: Indeedee|32\/100\n|move|p2b: Sinistcha|Matcha Gotcha|p1a: Indeedee|[spread] \n|-activate|p1b: Dachsbun|move: Protect\n|-miss|p2b: Sinistcha|p1a: Indeedee\n|\n|-weather|Snow|[upkeep]\n|-heal|p1b: Dachsbun|72\/100|[from] item: Leftovers\n|upkeep\n|turn|7\n|\n|t:|1700392049\n|move|p1a: Indeedee|Follow Me|p1a: Indeedee\n|-singleturn|p1a: Indeedee|move: Follow Me\n|move|p2a: Landorus|Tera Blast|p1a: Indeedee|[anim] Tera Blast Flying\n|-damage|p1a: Indeedee|0 fnt\n|faint|p1a: Indeedee\n|move|p1b: Dachsbun|Body Press|p2a: Landorus\n|-resisted|p2a: Landorus\n|-damage|p2a: Landorus|49\/100\n|move|p2b: Sinistcha|Matcha Gotcha|p1b: Dachsbun\n|-damage|p1b: Dachsbun|29\/100\n|-status|p1b: Dachsbun|brn\n|\n|-weather|none\n|-heal|p1b: Dachsbun|35\/100 brn|[from] item: Leftovers\n|-damage|p1b: Dachsbun|29\/100 brn|[from] brn\n|upkeep\n|inactive|maffetikplays has 120 seconds left.\n|\n|t:|1700392064\n|switch|p1a: Landorus|Landorus-Therian, M|100\/100\n|-ability|p1a: Landorus|Intimidate|boost\n|-unboost|p2a: Landorus|atk|1\n|-unboost|p2b: Sinistcha|atk|1\n|turn|8\n|\n|t:|1700392076\n|move|p1b: Dachsbun|Protect|p1b: Dachsbun\n|-singleturn|p1b: Dachsbun|Protect\n|move|p1a: Landorus|Rock Slide|p2a: Landorus|[spread] p2a,p2b\n|-supereffective|p2a: Landorus\n|-damage|p2a: Landorus|5\/100\n|-damage|p2b: Sinistcha|80\/100\n|move|p2a: Landorus|U-turn|p1a: Landorus\n|-resisted|p1a: Landorus\n|-damage|p1a: Landorus|90\/100\n|\n|t:|1700392085\n|switch|p2a: Palafin|Palafin-Hero, M|100\/100|[from] U-turn\n|-activate|p2a: Palafin|ability: Zero to Hero\n|cant|p2b: Sinistcha|flinch\n|\n|-heal|p1b: Dachsbun|35\/100 brn|[from] item: Leftovers\n|-heal|p2b: Sinistcha|86\/100|[from] item: Leftovers\n|-damage|p1b: Dachsbun|29\/100 brn|[from] brn\n|upkeep\n|turn|9\n|\n|t:|1700392098\n|switch|p1a: Ogerpon|Ogerpon-Wellspring, F|100\/100\n|move|p2a: Palafin|Protect|p2a: Palafin\n|-singleturn|p2a: Palafin|Protect\n|move|p1b: Dachsbun|Body Press|p2a: Palafin\n|-activate|p2a: Palafin|move: Protect\n|move|p2b: Sinistcha|Matcha Gotcha|p1b: Dachsbun|[spread] p1a,p1b\n|-damage|p1a: Ogerpon|77\/100\n|-heal|p2b: Sinistcha|98\/100|[from] drain|[of] p1a: Ogerpon\n|-damage|p1b: Dachsbun|0 fnt\n|-heal|p2b: Sinistcha|100\/100|[from] drain|[of] p1b: Dachsbun\n|-status|p1a: Ogerpon|brn\n|faint|p1b: Dachsbun\n|\n|-damage|p1a: Ogerpon|70\/100 brn|[from] brn\n|upkeep\n|\n|t:|1700392106\n|switch|p1b: Armarouge|Armarouge, M, tera:Grass|71\/100\n|turn|10\n|\n|t:|1700392123\n|switch|p2a: Landorus|Landorus-Therian, M, tera:Flying|5\/100\n|-ability|p2a: Landorus|Intimidate|boost\n|-unboost|p1a: Ogerpon|atk|1\n|-unboost|p1b: Armarouge|atk|1\n|move|p1a: Ogerpon|Spiky Shield|p1a: Ogerpon\n|-singleturn|p1a: Ogerpon|move: Protect\n|move|p1b: Armarouge|Protect|p1b: Armarouge\n|-singleturn|p1b: Armarouge|Protect\n|move|p2b: Sinistcha|Hex|p1a: Ogerpon\n|-activate|p1a: Ogerpon|move: Protect\n|\n|-damage|p1a: Ogerpon|64\/100 brn|[from] brn\n|-fieldend|move: Psychic Terrain\n|upkeep\n|turn|11\n|\n|t:|1700392137\n|move|p1a: Ogerpon|Swords Dance|p1a: Ogerpon\n|-boost|p1a: Ogerpon|atk|2\n|move|p2a: Landorus|Stomping Tantrum|p1b: Armarouge\n|-resisted|p1b: Armarouge\n|-damage|p1b: Armarouge|52\/100\n|move|p2b: Sinistcha|Hex|p1a: Ogerpon\n|-damage|p1a: Ogerpon|16\/100 brn\n|move|p1b: Armarouge|Expanding Force|p2a: Landorus\n|-damage|p2a: Landorus|0 fnt\n|faint|p2a: Landorus\n|-damage|p1b: Armarouge|42\/100|[from] item: Life Orb\n|\n|-damage|p1a: Ogerpon|10\/100 brn|[from] brn\n|upkeep\n|\n|t:|1700392145\n|switch|p2a: Palafin|Palafin-Hero, M|100\/100\n|turn|12\n|\n|t:|1700392165\n|move|p2a: Palafin|Jet Punch|p1a: Ogerpon\n|-heal|p1a: Ogerpon|35\/100 brn|[from] ability: Water Absorb|[of] p2a: Palafin\n|move|p1a: Ogerpon|Horn Leech|p2a: Palafin\n|-supereffective|p2a: Palafin\n|-damage|p2a: Palafin|39\/100\n|-heal|p1a: Ogerpon|69\/100 brn|[from] drain|[of] p2a: Palafin\n|move|p2b: Sinistcha|Hex|p1b: Armarouge\n|-damage|p1b: Armarouge|12\/100\n|move|p1b: Armarouge|Lava Plume|p2a: Palafin|[spread] p1a,p2a,p2b\n|-resisted|p2a: Palafin\n|-supereffective|p2b: Sinistcha\n|-damage|p1a: Ogerpon|30\/100 brn\n|-damage|p2a: Palafin|24\/100\n|-damage|p2b: Sinistcha|35\/100\n|-damage|p1b: Armarouge|2\/100|[from] item: Life Orb\n|\n|-heal|p2a: Palafin|30\/100|[from] item: Leftovers\n|-heal|p2b: Sinistcha|41\/100|[from] item: Leftovers\n|-damage|p1a: Ogerpon|24\/100 brn|[from] brn\n|upkeep\n|turn|13\n|\n|t:|1700392183\n|move|p2a: Palafin|Jet Punch|p1b: Armarouge\n|-resisted|p1b: Armarouge\n|-damage|p1b: Armarouge|0 fnt\n|faint|p1b: Armarouge\n|move|p1a: Ogerpon|Horn Leech|p2a: Palafin\n|-supereffective|p2a: Palafin\n|-damage|p2a: Palafin|0 fnt\n|-heal|p1a: Ogerpon|40\/100 brn|[from] drain|[of] p2a: Palafin\n|faint|p2a: Palafin\n|move|p2b: Sinistcha|Matcha Gotcha|p1a: Ogerpon\n|-damage|p1a: Ogerpon|7\/100 brn\n|-heal|p2b: Sinistcha|59\/100|[from] drain|[of] p1a: Ogerpon\n|\n|-heal|p2b: Sinistcha|65\/100|[from] item: Leftovers\n|-damage|p1a: Ogerpon|1\/100 brn|[from] brn\n|upkeep\n|\n|t:|1700392186\n|switch|p1b: Landorus|Landorus-Therian, M|90\/100\n|-ability|p1b: Landorus|Intimidate|boost\n|-unboost|p2b: Sinistcha|atk|1\n|turn|14\n|\n|t:|1700392199\n|move|p1b: Landorus|Rock Slide|p2b: Sinistcha\n|-damage|p2b: Sinistcha|36\/100\n|move|p1a: Ogerpon|Horn Leech|p2b: Sinistcha\n|-resisted|p2b: Sinistcha\n|-damage|p2b: Sinistcha|19\/100\n|-heal|p1a: Ogerpon|9\/100 brn|[from] drain|[of] p2b: Sinistcha\n|move|p2b: Sinistcha|Matcha Gotcha|p1a: Ogerpon|[spread] p1a,p1b\n|-damage|p1a: Ogerpon|0 fnt\n|-heal|p2b: Sinistcha|24\/100|[from] drain|[of] p1a: Ogerpon\n|-damage|p1b: Landorus|58\/100\n|-heal|p2b: Sinistcha|39\/100|[from] drain|[of] p1b: Landorus\n|faint|p1a: Ogerpon\n|\n|-heal|p2b: Sinistcha|45\/100|[from] item: Leftovers\n|upkeep\n|turn|15\n|\n|t:|1700392215\n|move|p1b: Landorus|Rock Slide|p2b: Sinistcha|[miss]\n|-miss|p1b: Landorus|p2b: Sinistcha\n|move|p2b: Sinistcha|Matcha Gotcha|p1b: Landorus|[miss]\n|-miss|p2b: Sinistcha|p1b: Landorus\n|\n|-heal|p2b: Sinistcha|51\/100|[from] item: Leftovers\n|upkeep\n|turn|16\n|\n|t:|1700392222\n|move|p1b: Landorus|Rock Slide|p2b: Sinistcha\n|-damage|p2b: Sinistcha|22\/100\n|move|p2b: Sinistcha|Matcha Gotcha|p1b: Landorus\n|-damage|p1b: Landorus|19\/100\n|-heal|p2b: Sinistcha|40\/100|[from] drain|[of] p1b: Landorus\n|\n|-heal|p2b: Sinistcha|46\/100|[from] item: Leftovers\n|upkeep\n|turn|17\n|\n|t:|1700392231\n|move|p1b: Landorus|Rock Slide|p2b: Sinistcha\n|-damage|p2b: Sinistcha|19\/100\n|cant|p2b: Sinistcha|flinch\n|\n|-heal|p2b: Sinistcha|25\/100|[from] item: Leftovers\n|upkeep\n|turn|18\n|\n|t:|1700392237\n|move|p1b: Landorus|Rock Slide|p2b: Sinistcha\n|-damage|p2b: Sinistcha|0 fnt\n|faint|p2b: Sinistcha\n|\n|win|maffetikplays\n|raw|maffetikplays's rating: 1129 &rarr; <strong>1151<\/strong><br \/>(+22 for winning)\n|raw|Hagumeme's rating: 1088 &rarr; <strong>1068<\/strong><br \/>(-20 for losing)\n","uploadtime":1700392242,"views":22,"p1id":"maffetikplays","p2id":"hagumeme","formatid":"gen9doublesou","rating":1068,"private":0,"password":""}