{"id":"gen9doublesou-1975396650","p1":"JackSilver777","p2":"Osiolo","format":"[Gen 9] Doubles OU","log":"|j|\u2606JackSilver777\n|j|\u2606Osiolo\n|t:|1698186828\n|gametype|doubles\n|player|p1|JackSilver777|rosa|1047\n|player|p2|Osiolo|shauntal|1063\n|teamsize|p1|6\n|teamsize|p2|6\n|gen|9\n|tier|[Gen 9] Doubles OU\n|rated|\n|rule|Species Clause: Limit one of each Pok\u00e9mon\n|rule|OHKO Clause: OHKO moves are banned\n|rule|Evasion Moves Clause: Evasion moves are banned\n|rule|Gravity Sleep Clause: The combination of sleep-inducing moves with imperfect accuracy and Gravity or Gigantamax Orbeetle are banned\n|rule|Endless Battle Clause: Forcing endless battles is banned\n|rule|HP Percentage Mod: HP is shown in percentages\n|clearpoke\n|poke|p1|Goodra-Hisui, F|\n|poke|p1|Cinderace, M|\n|poke|p1|Amoonguss, F|\n|poke|p1|Tornadus, M|\n|poke|p1|Sandslash-Alola, M|\n|poke|p1|Ninetales-Alola, F|\n|poke|p2|Ninetales-Alola, F|\n|poke|p2|Cetitan, F|\n|poke|p2|Ogerpon-Wellspring, F|\n|poke|p2|Rillaboom, F|\n|poke|p2|Dipplin, M|\n|poke|p2|Arcanine-Hisui, F|\n|teampreview\n|inactive|Battle timer is ON: inactive players will automatically lose when time's up. (requested by JackSilver777)\n|inactive|Osiolo also wants the timer to be on.\n|\n|t:|1698186851\n|start\n|switch|p1a: Amoonguss|Amoonguss, F|100\/100\n|switch|p1b: Sandslash|Sandslash-Alola, M|100\/100\n|switch|p2a: Arcanine|Arcanine-Hisui, F|100\/100\n|switch|p2b: Ogerpon|Ogerpon-Wellspring, F|100\/100\n|turn|1\n|inactive|JackSilver777 has 120 seconds left.\n|\n|t:|1698186888\n|switch|p1b: Ninetales|Ninetales-Alola, F|100\/100\n|-weather|Snow|[from] ability: Snow Warning|[of] p1b: Ninetales\n|move|p2b: Ogerpon|Spiky Shield|p2b: Ogerpon\n|-singleturn|p2b: Ogerpon|move: Protect\n|move|p2a: Arcanine|Flare Blitz|p1a: Amoonguss\n|-supereffective|p1a: Amoonguss\n|-damage|p1a: Amoonguss|0 fnt\n|faint|p1a: Amoonguss\n|-damage|p2a: Arcanine|91\/100|[from] item: Life Orb\n|\n|-weather|Snow|[upkeep]\n|upkeep\n|\n|t:|1698186912\n|switch|p1a: Sandslash|Sandslash-Alola, M|100\/100\n|turn|2\n|inactive|JackSilver777 has 120 seconds left.\n|\n|t:|1698186927\n|switch|p2b: Dipplin|Dipplin, M|100\/100\n|-ability|p2b: Dipplin|Supersweet Syrup\n|-ability|p2b: Dipplin|Supersweet Syrup|boost\n|-unboost|p1a: Sandslash|evasion|1\n|-unboost|p1b: Ninetales|evasion|1\n|-singleturn|p1a: Sandslash|move: Focus Punch\n|move|p1b: Ninetales|Aurora Veil|p1b: Ninetales\n|-sidestart|p1: JackSilver777|move: Aurora Veil\n|move|p2a: Arcanine|Head Smash|p1b: Ninetales\n|-supereffective|p1b: Ninetales\n|-damage|p1b: Ninetales|0 fnt\n|faint|p1b: Ninetales\n|-damage|p2a: Arcanine|81\/100|[from] item: Life Orb\n|move|p1a: Sandslash|Focus Punch|p2a: Arcanine\n|-supereffective|p2a: Arcanine\n|-damage|p2a: Arcanine|0 fnt\n|faint|p2a: Arcanine\n|\n|-weather|Snow|[upkeep]\n|upkeep\n|inactive|JackSilver777 has 120 seconds left.\n|inactive|Osiolo has 120 seconds left.\n|\n|t:|1698186958\n|switch|p1b: Tornadus|Tornadus, M|100\/100\n|switch|p2a: Cetitan|Cetitan, F|100\/100\n|turn|3\n|\n|t:|1698186979\n|move|p1b: Tornadus|Tailwind|p1b: Tornadus\n|-sidestart|p1: JackSilver777|move: Tailwind\n|move|p1a: Sandslash|Icicle Crash|p2b: Dipplin\n|-supereffective|p2b: Dipplin\n|-damage|p2b: Dipplin|17\/100\n|move|p2a: Cetitan|Belly Drum|p2a: Cetitan\n|-damage|p2a: Cetitan|50\/100\n|-setboost|p2a: Cetitan|atk|6|[from] move: Belly Drum\n|-enditem|p2a: Cetitan|Sitrus Berry|[eat]\n|-heal|p2a: Cetitan|75\/100|[from] item: Sitrus Berry\n|move|p2b: Dipplin|Syrup Bomb|p1a: Sandslash\n|-resisted|p1a: Sandslash\n|-damage|p1a: Sandslash|93\/100\n|-start|p1a: Sandslash|Syrup Bomb\n|\n|-weather|Snow|[upkeep]\n|-unboost|p1a: Sandslash|spe|1\n|upkeep\n|turn|4\n|inactive|JackSilver777 has 120 seconds left.\n|inactive|Osiolo has 120 seconds left.\n|inactive|JackSilver777 has 90 seconds left.\n|\n|t:|1698187045\n|move|p1a: Sandslash|Iron Head|p2a: Cetitan\n|-supereffective|p2a: Cetitan\n|-damage|p2a: Cetitan|29\/100\n|move|p1b: Tornadus|Foul Play|p2a: Cetitan\n|-damage|p2a: Cetitan|0 fnt\n|faint|p2a: Cetitan\n|move|p2b: Dipplin|Recover|p2b: Dipplin\n|-heal|p2b: Dipplin|67\/100\n|\n|-weather|Snow|[upkeep]\n|-unboost|p1a: Sandslash|spe|1\n|upkeep\n|\n|t:|1698187055\n|switch|p2a: Rillaboom|Rillaboom, F|100\/100\n|-fieldstart|move: Grassy Terrain|[from] ability: Grassy Surge|[of] p2a: Rillaboom\n|turn|5\n|inactive|Osiolo has 120 seconds left.\n|\n|t:|1698187069\n|move|p1b: Tornadus|Icy Wind|p2b: Dipplin|[spread] p2a,p2b\n|-supereffective|p2a: Rillaboom\n|-supereffective|p2b: Dipplin\n|-damage|p2a: Rillaboom|68\/100\n|-damage|p2b: Dipplin|41\/100\n|-unboost|p2a: Rillaboom|spe|1\n|-unboost|p2b: Dipplin|spe|1\n|move|p1a: Sandslash|Icicle Crash|p2a: Rillaboom\n|-supereffective|p2a: Rillaboom\n|-damage|p2a: Rillaboom|0 fnt\n|faint|p2a: Rillaboom\n|move|p2b: Dipplin|Pollen Puff|p2: Rillaboom|[notarget]\n|-fail|p2b: Dipplin\n|\n|-weather|none\n|-heal|p1a: Sandslash|99\/100|[from] Grassy Terrain\n|-heal|p2b: Dipplin|47\/100|[from] Grassy Terrain\n|-unboost|p1a: Sandslash|spe|1\n|upkeep\n|inactive|Osiolo has 120 seconds left.\n|\n|t:|1698187074\n|switch|p2a: Ogerpon|Ogerpon-Wellspring, F|100\/100\n|turn|6\n|inactive|JackSilver777 has 120 seconds left.\n|\n|t:|1698187097\n|move|p1b: Tornadus|Icy Wind|p2a: Ogerpon|[spread] p2a,p2b\n|-supereffective|p2b: Dipplin\n|-damage|p2a: Ogerpon|87\/100\n|-damage|p2b: Dipplin|22\/100\n|-unboost|p2a: Ogerpon|spe|1\n|-unboost|p2b: Dipplin|spe|1\n|move|p2a: Ogerpon|Ivy Cudgel|p1b: Tornadus\n|-crit|p1b: Tornadus\n|-damage|p1b: Tornadus|5\/100\n|move|p1a: Sandslash|Icicle Crash|p2b: Dipplin\n|-supereffective|p2b: Dipplin\n|-damage|p2b: Dipplin|0 fnt\n|faint|p2b: Dipplin\n|\n|-heal|p1b: Tornadus|11\/100|[from] item: Leftovers\n|-heal|p2a: Ogerpon|93\/100|[from] Grassy Terrain\n|-heal|p1a: Sandslash|100\/100|[from] Grassy Terrain\n|-end|p1a: Sandslash|Syrup Bomb|[silent]\n|-sideend|p1: JackSilver777|move: Tailwind\n|-sideend|p1: JackSilver777|move: Aurora Veil\n|upkeep\n|\n|t:|1698187110\n|switch|p2b: Ninetales|Ninetales-Alola, F|100\/100\n|-weather|Snow|[from] ability: Snow Warning|[of] p2b: Ninetales\n|turn|7\n|c|\u2606JackSilver777|GGs\n|inactive|JackSilver777 has 120 seconds left.\n|\n|t:|1698187140\n|move|p2a: Ogerpon|Spiky Shield|p2a: Ogerpon\n|-singleturn|p2a: Ogerpon|move: Protect\n|move|p1b: Tornadus|Tailwind|p1b: Tornadus\n|-sidestart|p1: JackSilver777|move: Tailwind\n|move|p1a: Sandslash|Iron Head|p2b: Ninetales\n|-supereffective|p2b: Ninetales\n|-damage|p2b: Ninetales|0 fnt\n|faint|p2b: Ninetales\n|\n|-weather|Snow|[upkeep]\n|-heal|p1b: Tornadus|17\/100|[from] item: Leftovers\n|-heal|p2a: Ogerpon|99\/100|[from] Grassy Terrain\n|upkeep\n|turn|8\n|l|\u2606Osiolo\n|inactive|Osiolo disconnected and has a minute to reconnect!\n|player|p2|\n|inactive|Osiolo has 30 seconds to reconnect!\n|inactive|Osiolo has 20 seconds to reconnect!\n|inactive|Osiolo has 15 seconds to reconnect!\n|inactive|Osiolo has 10 seconds to reconnect!\n|inactive|Osiolo has 5 seconds to reconnect!\n|-message|Osiolo lost due to inactivity.\n|\n|win|JackSilver777\n|raw|JackSilver777's rating: 1047 &rarr; <strong>1081<\/strong><br \/>(+34 for winning)\n|raw|Osiolo's rating: 1063 &rarr; <strong>1043<\/strong><br \/>(-20 for losing)\n","uploadtime":1698187259,"views":9,"p1id":"jacksilver777","p2id":"osiolo","formatid":"gen9doublesou","rating":1043,"private":0,"password":""}