{"id":"gen9doublesou-1975840846","p1":"baneberrie","p2":"gervature","format":"[Gen 9] Doubles OU","log":"|j|\u203dbaneberrie\n|j|\u2606gervature\n|t:|1698242924\n|gametype|doubles\n|player|p1|baneberrie|acetrainerf|1106\n|player|p2|gervature|psychic-gen4|1199\n|teamsize|p1|6\n|teamsize|p2|6\n|gen|9\n|tier|[Gen 9] Doubles OU\n|rated|\n|rule|Species Clause: Limit one of each Pok\u00e9mon\n|rule|OHKO Clause: OHKO moves are banned\n|rule|Evasion Moves Clause: Evasion moves are banned\n|rule|Gravity Sleep Clause: The combination of sleep-inducing moves with imperfect accuracy and Gravity or Gigantamax Orbeetle are banned\n|rule|Endless Battle Clause: Forcing endless battles is banned\n|rule|HP Percentage Mod: HP is shown in percentages\n|clearpoke\n|poke|p1|Torkoal, M|\n|poke|p1|Leafeon, F|\n|poke|p1|Great Tusk|\n|poke|p1|Amoonguss, M|\n|poke|p1|Heatran, F|\n|poke|p1|Landorus-Therian, M|\n|poke|p2|Garganacl, M|\n|poke|p2|Glimmora, F|\n|poke|p2|Iron Thorns|\n|poke|p2|Tyranitar, M|\n|poke|p2|Klawf, M|\n|poke|p2|Drednaw, M|\n|teampreview\n|inactive|Battle timer is ON: inactive players will automatically lose when time's up. (requested by baneberrie)\n|\n|t:|1698242939\n|start\n|switch|p1a: Torkoal|Torkoal, M|100\/100\n|switch|p1b: Landorus|Landorus-Therian, M|100\/100\n|switch|p2a: Doug|Tyranitar, M|100\/100\n|switch|p2b: Robo-Doug|Iron Thorns|100\/100\n|-ability|p1b: Landorus|Intimidate|boost\n|-unboost|p2a: Doug|atk|1\n|-unboost|p2b: Robo-Doug|atk|1\n|-weather|Sandstorm|[from] ability: Sand Stream|[of] p2a: Doug\n|-weather|SunnyDay|[from] ability: Drought|[of] p1a: Torkoal\n|turn|1\n|inactive|gervature has 120 seconds left.\n|\n|t:|1698242970\n|switch|p2a: Homeboy|Klawf, M|100\/100\n|switch|p1a: Great Tusk|Great Tusk|100\/100\n|-activate|p1a: Great Tusk|ability: Protosynthesis\n|-start|p1a: Great Tusk|protosynthesisatk\n|-terastallize|p2b: Robo-Doug|Flying\n|move|p1b: Landorus|Sandsear Storm|p2a: Homeboy|[spread] p2a\n|-immune|p2b: Robo-Doug\n|-supereffective|p2a: Homeboy\n|-enditem|p2a: Homeboy|Focus Sash\n|-damage|p2a: Homeboy|1\/100\n|-ability|p2a: Homeboy|Anger Shell|boost\n|-boost|p2a: Homeboy|atk|1\n|-boost|p2a: Homeboy|spa|1\n|-boost|p2a: Homeboy|spe|1\n|-unboost|p2a: Homeboy|def|1\n|-unboost|p2a: Homeboy|spd|1\n|move|p2b: Robo-Doug|Dragon Dance|p2b: Robo-Doug\n|-boost|p2b: Robo-Doug|atk|1\n|-boost|p2b: Robo-Doug|spe|1\n|\n|-weather|SunnyDay|[upkeep]\n|upkeep\n|turn|2\n|inactive|gervature has 120 seconds left.\n|inactive|baneberrie has 120 seconds left.\n|\n|t:|1698243012\n|switch|p1b: Amoonguss|Amoonguss, M|100\/100\n|move|p2a: Homeboy|Crabhammer|p1a: Great Tusk\n|-supereffective|p1a: Great Tusk\n|-damage|p1a: Great Tusk|68\/100\n|move|p2b: Robo-Doug|Ice Punch|p1b: Amoonguss\n|-supereffective|p1b: Amoonguss\n|-damage|p1b: Amoonguss|25\/100\n|-damage|p2b: Robo-Doug|84\/100|[from] item: Rocky Helmet|[of] p1b: Amoonguss\n|-damage|p2b: Robo-Doug|74\/100|[from] item: Life Orb\n|move|p1a: Great Tusk|Rapid Spin|p2a: Homeboy\n|-resisted|p2a: Homeboy\n|-damage|p2a: Homeboy|0 fnt\n|-boost|p1a: Great Tusk|spe|1\n|faint|p2a: Homeboy\n|\n|-weather|SunnyDay|[upkeep]\n|upkeep\n|\n|t:|1698243030\n|switch|p2a: Salt Golem|Garganacl, M|100\/100\n|turn|3\n|\n|t:|1698243041\n|switch|p1b: Landorus|Landorus-Therian, M|100\/100\n|-ability|p1b: Landorus|Intimidate|boost\n|-unboost|p2a: Salt Golem|atk|1\n|-unboost|p2b: Robo-Doug|atk|1\n|move|p1a: Great Tusk|Close Combat|p2a: Salt Golem\n|-supereffective|p2a: Salt Golem\n|-damage|p2a: Salt Golem|0 fnt\n|-unboost|p1a: Great Tusk|def|1\n|-unboost|p1a: Great Tusk|spd|1\n|-damage|p1a: Great Tusk|52\/100|[from] item: Rocky Helmet|[of] p2a: Salt Golem\n|faint|p2a: Salt Golem\n|move|p2b: Robo-Doug|Ice Punch|p1b: Landorus\n|-supereffective|p1b: Landorus\n|-damage|p1b: Landorus|0 fnt\n|faint|p1b: Landorus\n|-damage|p2b: Robo-Doug|64\/100|[from] item: Life Orb\n|\n|-weather|SunnyDay|[upkeep]\n|upkeep\n|\n|t:|1698243058\n|switch|p1b: Torkoal|Torkoal, M|100\/100\n|switch|p2a: Doug|Tyranitar, M|100\/100\n|-weather|Sandstorm|[from] ability: Sand Stream|[of] p2a: Doug\n|-end|p1a: Great Tusk|Protosynthesis\n|-weather|SunnyDay|[from] ability: Drought|[of] p1b: Torkoal\n|-activate|p1a: Great Tusk|ability: Protosynthesis\n|-start|p1a: Great Tusk|protosynthesisspe\n|turn|4\n|\n|t:|1698243077\n|move|p1b: Torkoal|Protect|p1b: Torkoal\n|-singleturn|p1b: Torkoal|Protect\n|move|p1a: Great Tusk|Knock Off|p2b: Robo-Doug\n|-damage|p2b: Robo-Doug|31\/100\n|-enditem|p2b: Robo-Doug|Life Orb|[from] move: Knock Off|[of] p1a: Great Tusk\n|move|p2b: Robo-Doug|Ice Punch|p1a: Great Tusk\n|-supereffective|p1a: Great Tusk\n|-damage|p1a: Great Tusk|9\/100\n|move|p2a: Doug|Earthquake|p1a: Great Tusk|[spread] p1a\n|-activate|p1b: Torkoal|move: Protect\n|-immune|p2b: Robo-Doug\n|-damage|p1a: Great Tusk|0 fnt\n|faint|p1a: Great Tusk\n|-end|p1a: Great Tusk|Protosynthesis|[silent]\n|\n|-weather|SunnyDay|[upkeep]\n|upkeep\n|\n|t:|1698243094\n|switch|p1a: Leafeon|Leafeon, F|100\/100\n|turn|5\n|\n|t:|1698243114\n|move|p1a: Leafeon|Leaf Blade|p2a: Doug\n|-supereffective|p2a: Doug\n|-damage|p2a: Doug|4\/100\n|-damage|p1a: Leafeon|91\/100|[from] item: Life Orb\n|move|p2b: Robo-Doug|Stone Edge|p1b: Torkoal\n|-supereffective|p1b: Torkoal\n|-damage|p1b: Torkoal|46\/100\n|move|p2a: Doug|Fire Punch|p1a: Leafeon\n|-supereffective|p1a: Leafeon\n|-damage|p1a: Leafeon|0 fnt\n|faint|p1a: Leafeon\n|move|p1b: Torkoal|Heat Wave|p2a: Doug|[spread] p2b\n|-miss|p1b: Torkoal|p2a: Doug\n|-damage|p2b: Robo-Doug|0 fnt\n|faint|p2b: Robo-Doug\n|-end|p2b: Robo-Doug|Quark Drive|[silent]\n|\n|-weather|SunnyDay|[upkeep]\n|-heal|p2a: Doug|10\/100|[from] item: Leftovers\n|upkeep\n|inactive|gervature has 120 seconds left.\n|\n|t:|1698243167\n|switch|p1a: Amoonguss|Amoonguss, M|58\/100\n|switch|p2b: Spoiky|Glimmora, F|100\/100\n|-item|p2b: Spoiky|Air Balloon\n|turn|6\n|inactive|gervature has 120 seconds left.\n|\n|t:|1698243183\n|move|p2b: Spoiky|Sludge Wave|p1b: Torkoal|[spread] p2a,p1a,p1b\n|-resisted|p2a: Doug\n|-damage|p2a: Doug|0 fnt\n|-damage|p1a: Amoonguss|25\/100\n|-damage|p1b: Torkoal|0 fnt\n|faint|p2a: Doug\n|faint|p1b: Torkoal\n|move|p1a: Amoonguss|Spore|p2b: Spoiky\n|-status|p2b: Spoiky|slp|[from] move: Spore\n|\n|-weather|SunnyDay|[upkeep]\n|upkeep\n|inactive|gervature has 120 seconds left.\n|inactive|gervature has 90 seconds left.\n|\n|t:|1698243239\n|switch|p2a: Nomnom|Drednaw, M|100\/100\n|switch|p1b: Heatran|Heatran, F|100\/100\n|-item|p1b: Heatran|Air Balloon\n|turn|7\n|\n|t:|1698243262\n|cant|p2b: Spoiky|slp\n|move|p2a: Nomnom|Shell Smash|p2a: Nomnom\n|-unboost|p2a: Nomnom|def|1\n|-unboost|p2a: Nomnom|spd|1\n|-boost|p2a: Nomnom|atk|2\n|-boost|p2a: Nomnom|spa|2\n|-boost|p2a: Nomnom|spe|2\n|move|p1b: Heatran|Magma Storm|p2a: Nomnom\n|-resisted|p2a: Nomnom\n|-damage|p2a: Nomnom|58\/100\n|-activate|p2a: Nomnom|move: Magma Storm|[of] p1b: Heatran\n|move|p1a: Amoonguss|Spore|p2a: Nomnom\n|-status|p2a: Nomnom|slp|[from] move: Spore\n|\n|-weather|SunnyDay|[upkeep]\n|-damage|p2a: Nomnom|46\/100 slp|[from] move: Magma Storm|[partiallytrapped]\n|upkeep\n|turn|8\n|inactive|gervature has 120 seconds left.\n|\n|t:|1698243289\n|cant|p2a: Nomnom|slp\n|cant|p2b: Spoiky|slp\n|move|p1b: Heatran|Magma Storm|p2b: Spoiky\n|-resisted|p2b: Spoiky\n|-damage|p2b: Spoiky|47\/100 slp\n|-activate|p2b: Spoiky|move: Magma Storm|[of] p1b: Heatran\n|-enditem|p2b: Spoiky|Air Balloon\n|move|p1a: Amoonguss|Pollen Puff|p2b: Spoiky\n|-resisted|p2b: Spoiky\n|-damage|p2b: Spoiky|35\/100 slp\n|\n|-weather|SunnyDay|[upkeep]\n|-damage|p2a: Nomnom|33\/100 slp|[from] move: Magma Storm|[partiallytrapped]\n|-damage|p2b: Spoiky|23\/100 slp|[from] move: Magma Storm|[partiallytrapped]\n|upkeep\n|turn|9\n|\n|t:|1698243315\n|move|p1a: Amoonguss|Rage Powder|p1a: Amoonguss\n|-singleturn|p1a: Amoonguss|move: Rage Powder\n|-curestatus|p2a: Nomnom|slp|[msg]\n|move|p2a: Nomnom|Liquidation|p1a: Amoonguss\n|-resisted|p1a: Amoonguss\n|-damage|p1a: Amoonguss|8\/100\n|-unboost|p1a: Amoonguss|def|1\n|-damage|p2a: Nomnom|17\/100|[from] item: Rocky Helmet|[of] p1a: Amoonguss\n|cant|p2b: Spoiky|slp\n|move|p1b: Heatran|Magma Storm|p2a: Nomnom\n|-resisted|p2a: Nomnom\n|-damage|p2a: Nomnom|0 fnt\n|faint|p2a: Nomnom\n|\n|-weather|SunnyDay|[upkeep]\n|-damage|p2b: Spoiky|11\/100 slp|[from] move: Magma Storm|[partiallytrapped]\n|upkeep\n|turn|10\n|c|\u2606gervature|gg\n|\n|t:|1698243337\n|-curestatus|p2b: Spoiky|slp|[msg]\n|move|p2b: Spoiky|Dazzling Gleam|p1b: Heatran|[spread] p1a,p1b\n|-resisted|p1a: Amoonguss\n|-resisted|p1b: Heatran\n|-damage|p1a: Amoonguss|0 fnt\n|-damage|p1b: Heatran|96\/100\n|-enditem|p1b: Heatran|Air Balloon\n|faint|p1a: Amoonguss\n|move|p1b: Heatran|Heat Crash|p2b: Spoiky\n|-resisted|p2b: Spoiky\n|-damage|p2b: Spoiky|0 fnt\n|-activate|p2b: Spoiky|ability: Toxic Debris\n|-sidestart|p1: baneberrie|move: Toxic Spikes\n|faint|p2b: Spoiky\n|\n|win|baneberrie\n|raw|baneberrie's rating: 1106 &rarr; <strong>1138<\/strong><br \/>(+32 for winning)\n|raw|gervature's rating: 1199 &rarr; <strong>1167<\/strong><br \/>(-32 for losing)\n|l|\u2606gervature\n","uploadtime":1698243352,"views":17,"p1id":"baneberrie","p2id":"gervature","formatid":"gen9doublesou","rating":1138,"private":0,"password":""}