{"id":"gen9doublesou-1994212843","p1":"AerBlaziken","p2":"Rainydayrobber521","format":"[Gen 9] Doubles OU","log":"|j|\u2606AerBlaziken\n|j|\u2606Rainydayrobber521\n|t:|1700419547\n|gametype|doubles\n|player|p1|AerBlaziken|hexmaniac-gen6|1319\n|player|p2|Rainydayrobber521|burglar|1392\n|teamsize|p1|6\n|teamsize|p2|6\n|gen|9\n|tier|[Gen 9] Doubles OU\n|rated|\n|rule|Species Clause: Limit one of each Pok\u00e9mon\n|rule|OHKO Clause: OHKO moves are banned\n|rule|Evasion Moves Clause: Evasion moves are banned\n|rule|Gravity Sleep Clause: The combination of sleep-inducing moves with imperfect accuracy and Gravity or Gigantamax Orbeetle are banned\n|rule|Endless Battle Clause: Forcing endless battles is banned\n|rule|HP Percentage Mod: HP is shown in percentages\n|clearpoke\n|poke|p1|Magnezone|\n|poke|p1|Tinkaton, F|\n|poke|p1|Walking Wake|\n|poke|p1|Krookodile, M|\n|poke|p1|Ribombee, F|\n|poke|p1|Ceruledge, F|\n|poke|p2|Grimmsnarl, M|\n|poke|p2|Farigiraf, F|\n|poke|p2|Rotom-Wash|\n|poke|p2|Basculegion-F, F|\n|poke|p2|Politoed, M|\n|poke|p2|Landorus-Therian, M|\n|teampreview\n|\n|t:|1700419552\n|start\n|switch|p1a: AC\/DC|Magnezone, shiny|100\/100\n|switch|p1b: #1 Hater|Tinkaton, F|100\/100\n|switch|p2a: Politoed|Politoed, M|100\/100\n|switch|p2b: Landorus|Landorus-Therian, M|100\/100\n|-ability|p2b: Landorus|Intimidate|boost\n|-unboost|p1a: AC\/DC|atk|1\n|-unboost|p1b: #1 Hater|atk|1\n|-ability|p1b: #1 Hater|Mold Breaker\n|-weather|RainDance|[from] ability: Drizzle|[of] p2a: Politoed\n|turn|1\n|\n|t:|1700419562\n|move|p1b: #1 Hater|Fake Out|p2b: Landorus\n|-damage|p2b: Landorus|94\/100\n|cant|p2b: Landorus|flinch\n|move|p2a: Politoed|Hypnosis|p1b: #1 Hater\n|-status|p1b: #1 Hater|slp|[from] move: Hypnosis\n|move|p1a: AC\/DC|Volt Switch|p2a: Politoed\n|-supereffective|p2a: Politoed\n|-damage|p2a: Politoed|40\/100\n|\n|t:|1700419605\n|switch|p1a: Evaptor|Walking Wake|100\/100|[from] Volt Switch\n|-enditem|p1a: Evaptor|Booster Energy\n|-activate|p1a: Evaptor|ability: Protosynthesis|[fromitem]\n|-start|p1a: Evaptor|protosynthesisspe\n|\n|-weather|RainDance|[upkeep]\n|upkeep\n|turn|2\n|\n|t:|1700419613\n|move|p1a: Evaptor|Protect|p1a: Evaptor\n|-singleturn|p1a: Evaptor|Protect\n|move|p2b: Landorus|Sandsear Storm|p1b: #1 Hater|[spread] p1b\n|-activate|p1a: Evaptor|move: Protect\n|-supereffective|p1b: #1 Hater\n|-damage|p1b: #1 Hater|50\/100 slp\n|cant|p1b: #1 Hater|slp\n|move|p2a: Politoed|Hypnosis|p1a: Evaptor\n|-activate|p1a: Evaptor|move: Protect\n|\n|-weather|RainDance|[upkeep]\n|upkeep\n|turn|3\n|\n|t:|1700419628\n|move|p1a: Evaptor|Dragon Pulse|p2a: Politoed\n|-damage|p2a: Politoed|1\/100\n|move|p2b: Landorus|Sandsear Storm|p1b: #1 Hater|[spread] p1a,p1b\n|-supereffective|p1b: #1 Hater\n|-damage|p1a: Evaptor|72\/100\n|-damage|p1b: #1 Hater|0 fnt\n|-status|p1a: Evaptor|brn\n|faint|p1b: #1 Hater\n|move|p2a: Politoed|Hypnosis|p1a: Evaptor|[miss]\n|-miss|p2a: Politoed|p1a: Evaptor\n|\n|-weather|RainDance|[upkeep]\n|-damage|p1a: Evaptor|65\/100 brn|[from] brn\n|upkeep\n|c|\u2606Rainydayrobber521|Aww\n|\n|t:|1700419647\n|switch|p1b: King K. Rool|Krookodile, M|100\/100\n|-ability|p1b: King K. Rool|Intimidate|boost\n|-unboost|p2a: Politoed|atk|1\n|-unboost|p2b: Landorus|atk|1\n|turn|4\n|\n|t:|1700419655\n|move|p1a: Evaptor|Scald|p2b: Landorus\n|-supereffective|p2b: Landorus\n|-damage|p2b: Landorus|0 fnt\n|faint|p2b: Landorus\n|move|p1b: King K. Rool|Crunch|p2a: Politoed\n|-damage|p2a: Politoed|0 fnt\n|faint|p2a: Politoed\n|\n|-weather|RainDance|[upkeep]\n|-damage|p1a: Evaptor|59\/100 brn|[from] brn\n|upkeep\n|\n|t:|1700419660\n|switch|p2b: Sous chef|Farigiraf, F|100\/100\n|switch|p2a: Bartender|Grimmsnarl, M|100\/100\n|turn|5\n|\n|t:|1700419672\n|-terastallize|p2b: Sous chef|Ground\n|move|p2a: Bartender|Fake Out|p1a: Evaptor\n|-damage|p1a: Evaptor|43\/100 brn\n|cant|p1a: Evaptor|flinch\n|move|p1b: King K. Rool|Crunch|p2b: Sous chef\n|-crit|p2b: Sous chef\n|-damage|p2b: Sous chef|42\/100\n|-unboost|p2b: Sous chef|def|1\n|move|p2b: Sous chef|Trick Room|p2b: Sous chef\n|-fieldstart|move: Trick Room|[of] p2b: Sous chef\n|\n|-weather|none\n|-damage|p1a: Evaptor|37\/100 brn|[from] brn\n|upkeep\n|turn|6\n|\n|t:|1700419723\n|move|p2b: Sous chef|Hyper Voice|p1a: Evaptor|[spread] p1a,p1b\n|-damage|p1a: Evaptor|0 fnt\n|-damage|p1b: King K. Rool|72\/100\n|faint|p1a: Evaptor\n|-end|p1a: Evaptor|Protosynthesis|[silent]\n|-enditem|p2b: Sous chef|Throat Spray\n|-boost|p2b: Sous chef|spa|1|[from] item: Throat Spray\n|move|p2a: Bartender|Spirit Break|p1b: King K. Rool\n|-supereffective|p1b: King K. Rool\n|-damage|p1b: King K. Rool|0 fnt\n|faint|p1b: King K. Rool\n|\n|upkeep\n|\n|t:|1700419739\n|switch|p1b: Shez|Ceruledge, F|100\/100\n|switch|p1a: AC\/DC|Magnezone, shiny|100\/100\n|turn|7\n|\n|t:|1700419758\n|-terastallize|p1b: Shez|Grass\n|move|p2b: Sous chef|Tera Blast|p1b: Shez|[anim] Tera Blast Ground\n|-resisted|p1b: Shez\n|-damage|p1b: Shez|70\/100\n|move|p2a: Bartender|Spirit Break|p1a: AC\/DC\n|-resisted|p1a: AC\/DC\n|-damage|p1a: AC\/DC|84\/100\n|-unboost|p1a: AC\/DC|spa|1\n|move|p1a: AC\/DC|Steel Beam|p2a: Bartender\n|-supereffective|p2a: Bartender\n|-crit|p2a: Bartender\n|-damage|p2a: Bartender|0 fnt\n|-damage|p1a: AC\/DC|34\/100|[from] steelbeam\n|faint|p2a: Bartender\n|move|p1b: Shez|Bulk Up|p1b: Shez\n|-boost|p1b: Shez|atk|1\n|-boost|p1b: Shez|def|1\n|\n|-heal|p1a: AC\/DC|40\/100|[from] item: Leftovers\n|-heal|p1b: Shez|76\/100|[from] item: Leftovers\n|upkeep\n|\n|t:|1700419772\n|switch|p2a: Rotom|Rotom-Wash|100\/100\n|turn|8\n|\n|t:|1700419788\n|move|p2a: Rotom|Protect|p2a: Rotom\n|-singleturn|p2a: Rotom|Protect\n|move|p2b: Sous chef|Twin Beam|p1b: Shez\n|-damage|p1b: Shez|46\/100\n|-damage|p1b: Shez|17\/100\n|-hitcount|p1b: Shez|2\n|move|p1a: AC\/DC|Volt Switch|p2a: Rotom\n|-activate|p2a: Rotom|move: Protect\n|move|p1b: Shez|Bitter Blade|p2b: Sous chef\n|-damage|p2b: Sous chef|0 fnt\n|-heal|p1b: Shez|45\/100|[from] drain|[of] p2b: Sous chef\n|faint|p2b: Sous chef\n|\n|-heal|p1a: AC\/DC|46\/100|[from] item: Leftovers\n|-heal|p1b: Shez|51\/100|[from] item: Leftovers\n|upkeep\n|\n|t:|1700419795\n|switch|p2b: Basculegion|Basculegion-F, F|100\/100\n|turn|9\n|\n|t:|1700419820\n|move|p1a: AC\/DC|Electroweb|p2a: Rotom|[spread] p2a,p2b\n|-supereffective|p2b: Basculegion\n|-damage|p2a: Rotom|83\/100\n|-damage|p2b: Basculegion|71\/100\n|-unboost|p2a: Rotom|spe|1\n|-unboost|p2b: Basculegion|spe|1\n|move|p2a: Rotom|Discharge|p1b: Shez|[spread] p2b,p1a,p1b\n|-supereffective|p2b: Basculegion\n|-resisted|p1a: AC\/DC\n|-resisted|p1b: Shez\n|-damage|p2b: Basculegion|9\/100\n|-damage|p1a: AC\/DC|35\/100\n|-damage|p1b: Shez|37\/100\n|-status|p1b: Shez|par\n|cant|p1b: Shez|par\n|move|p2b: Basculegion|Last Respects|p1b: Shez\n|-crit|p1b: Shez\n|-damage|p1b: Shez|0 fnt\n|faint|p1b: Shez\n|\n|-heal|p1a: AC\/DC|41\/100|[from] item: Leftovers\n|-fieldend|move: Trick Room\n|upkeep\n|\n|t:|1700419836\n|switch|p1b: Charmy|Ribombee, F, shiny|100\/100\n|turn|10\n|\n|t:|1700419848\n|move|p1b: Charmy|Dazzling Gleam|p2b: Basculegion|[spread] p2a,p2b\n|-crit|p2b: Basculegion\n|-damage|p2a: Rotom|54\/100\n|-damage|p2b: Basculegion|0 fnt\n|faint|p2b: Basculegion\n|move|p2a: Rotom|Discharge|p1b: Charmy|[spread] p1a,p1b\n|-resisted|p1a: AC\/DC\n|-damage|p1a: AC\/DC|29\/100\n|-damage|p1b: Charmy|60\/100\n|move|p1a: AC\/DC|Volt Switch|p2a: Rotom\n|-damage|p2a: Rotom|24\/100\n|\n|-heal|p1a: AC\/DC|35\/100|[from] item: Leftovers\n|upkeep\n|turn|11\n|\n|t:|1700419861\n|move|p1b: Charmy|Dazzling Gleam|p2a: Rotom\n|-damage|p2a: Rotom|0 fnt\n|faint|p2a: Rotom\n|\n|win|AerBlaziken\n|raw|AerBlaziken's rating: 1319 &rarr; <strong>1343<\/strong><br \/>(+24 for winning)\n|raw|Rainydayrobber521's rating: 1392 &rarr; <strong>1368<\/strong><br \/>(-24 for losing)\n","uploadtime":1700419868,"views":5,"p1id":"aerblaziken","p2id":"rainydayrobber521","formatid":"gen9doublesou","rating":1343,"private":0,"password":""}