{"id":"gen9doublesou-1993322163","p1":"Lucariogaming02","p2":"Shotiss","format":"[Gen 9] Doubles OU","log":"|j|\u2606Lucariogaming02\n|j|\u2606Shotiss\n|t:|1700298023\n|gametype|doubles\n|player|p1|Lucariogaming02|riley|1266\n|player|p2|Shotiss|1|1175\n|teamsize|p1|6\n|teamsize|p2|6\n|gen|9\n|tier|[Gen 9] Doubles OU\n|rated|\n|rule|Species Clause: Limit one of each Pok\u00e9mon\n|rule|OHKO Clause: OHKO moves are banned\n|rule|Evasion Moves Clause: Evasion moves are banned\n|rule|Gravity Sleep Clause: The combination of sleep-inducing moves with imperfect accuracy and Gravity or Gigantamax Orbeetle are banned\n|rule|Endless Battle Clause: Forcing endless battles is banned\n|rule|HP Percentage Mod: HP is shown in percentages\n|clearpoke\n|poke|p1|Rillaboom, M|\n|poke|p1|Thundurus-Therian, M|\n|poke|p1|Chien-Pao|\n|poke|p1|Landorus-Therian, M|\n|poke|p1|Iron Bundle|\n|poke|p1|Tornadus, M|\n|poke|p2|Jolteon, F|\n|poke|p2|Kilowattrel, M|\n|poke|p2|Iron Treads|\n|poke|p2|Bellibolt, F|\n|poke|p2|Pincurchin, F|\n|poke|p2|Chandelure, M|\n|teampreview\n|inactive|Battle timer is ON: inactive players will automatically lose when time's up. (requested by Lucariogaming02)\n|\n|t:|1700298042\n|start\n|switch|p1a: Landorus|Landorus-Therian, M, shiny|100\/100\n|switch|p1b: Chien-Pao|Chien-Pao|100\/100\n|switch|p2a: Jolteon|Jolteon, F|100\/100\n|switch|p2b: Kilowattrel|Kilowattrel, M|100\/100\n|-ability|p1b: Chien-Pao|Sword of Ruin\n|-ability|p1a: Landorus|Intimidate|boost\n|-unboost|p2a: Jolteon|atk|1\n|-unboost|p2b: Kilowattrel|atk|1\n|turn|1\n|inactive|Shotiss has 120 seconds left.\n|\n|t:|1700298079\n|-terastallize|p2a: Jolteon|Ice\n|move|p1b: Chien-Pao|Ice Spinner|p2b: Kilowattrel\n|-supereffective|p2b: Kilowattrel\n|-damage|p2b: Kilowattrel|0 fnt\n|faint|p2b: Kilowattrel\n|move|p2a: Jolteon|Tera Blast|p1a: Landorus|[anim] Tera Blast Ice\n|-supereffective|p1a: Landorus\n|-damage|p1a: Landorus|0 fnt\n|faint|p1a: Landorus\n|-damage|p2a: Jolteon|91\/100|[from] item: Life Orb\n|\n|upkeep\n|inactive|Shotiss has 120 seconds left.\n|\n|t:|1700298108\n|switch|p2b: Iron Treads|Iron Treads|100\/100\n|switch|p1a: Thundurus|Thundurus-Therian, M|100\/100\n|turn|2\n|inactive|Lucariogaming02 has 120 seconds left.\n|\n|t:|1700298141\n|switch|p1b: Rillaboom|Rillaboom, M|100\/100\n|-fieldstart|move: Grassy Terrain|[from] ability: Grassy Surge|[of] p1b: Rillaboom\n|-terastallize|p1a: Thundurus|Poison\n|move|p2a: Jolteon|Tera Blast|p1a: Thundurus|[anim] Tera Blast Ice\n|-damage|p1a: Thundurus|56\/100\n|-damage|p2a: Jolteon|81\/100|[from] item: Life Orb\n|move|p1a: Thundurus|Focus Blast|p2b: Iron Treads\n|-supereffective|p2b: Iron Treads\n|-damage|p2b: Iron Treads|0 fnt\n|faint|p2b: Iron Treads\n|-end|p2b: Iron Treads|Quark Drive|[silent]\n|\n|-heal|p2a: Jolteon|86\/100|[from] Grassy Terrain\n|-heal|p1a: Thundurus|62\/100|[from] Grassy Terrain\n|upkeep\n|inactive|Shotiss has 120 seconds left.\n|\n|t:|1700298178\n|switch|p2b: Bellibolt|Bellibolt, F|100\/100\n|turn|3\n|\n|t:|1700298191\n|move|p1b: Rillaboom|Fake Out|p2a: Jolteon\n|-damage|p2a: Jolteon|60\/100\n|cant|p2a: Jolteon|flinch\n|move|p2b: Bellibolt|Discharge|p1b: Rillaboom|[spread] p1b\n|-heal|p2a: Jolteon|84\/100|[from] ability: Volt Absorb|[of] p2b: Bellibolt\n|-heal|p1a: Thundurus|87\/100|[from] ability: Volt Absorb|[of] p2b: Bellibolt\n|-resisted|p1b: Rillaboom\n|-damage|p1b: Rillaboom|86\/100\n|move|p1a: Thundurus|U-turn|p2a: Jolteon\n|-damage|p2a: Jolteon|54\/100\n|\n|t:|1700298209\n|switch|p1a: Chien-Pao|Chien-Pao|100\/100|[from] U-turn\n|-ability|p1a: Chien-Pao|Sword of Ruin\n|\n|-heal|p2a: Jolteon|60\/100|[from] Grassy Terrain\n|-heal|p1b: Rillaboom|93\/100|[from] Grassy Terrain\n|upkeep\n|turn|4\n|\n|t:|1700298223\n|move|p1a: Chien-Pao|Sacred Sword|p2a: Jolteon\n|-supereffective|p2a: Jolteon\n|-damage|p2a: Jolteon|0 fnt\n|faint|p2a: Jolteon\n|move|p2b: Bellibolt|Discharge|p1a: Chien-Pao|[spread] p1a,p1b\n|-resisted|p1b: Rillaboom\n|-damage|p1a: Chien-Pao|55\/100\n|-damage|p1b: Rillaboom|77\/100\n|-status|p1a: Chien-Pao|par\n|move|p1b: Rillaboom|Bulk Up|p1b: Rillaboom\n|-boost|p1b: Rillaboom|atk|1\n|-boost|p1b: Rillaboom|def|1\n|\n|-heal|p1b: Rillaboom|83\/100|[from] Grassy Terrain\n|-heal|p1a: Chien-Pao|61\/100 par|[from] Grassy Terrain\n|upkeep\n|\n|t:|1700298243\n|switch|p2a: Chandelure|Chandelure, M|100\/100\n|turn|5\n|\n|t:|1700298264\n|switch|p1a: Thundurus|Thundurus-Therian, M, tera:Poison|87\/100\n|move|p1b: Rillaboom|Grassy Glide|p2a: Chandelure\n|-resisted|p2a: Chandelure\n|-damage|p2a: Chandelure|59\/100\n|move|p2b: Bellibolt|Discharge|p1b: Rillaboom|[spread] p2a,p1b\n|-heal|p1a: Thundurus|100\/100|[from] ability: Volt Absorb|[of] p2b: Bellibolt\n|-resisted|p1b: Rillaboom\n|-damage|p2a: Chandelure|19\/100\n|-damage|p1b: Rillaboom|69\/100\n|-status|p2a: Chandelure|par\n|move|p2a: Chandelure|Heat Wave|p1a: Thundurus|[spread] p1a,p1b\n|-supereffective|p1b: Rillaboom\n|-damage|p1a: Thundurus|62\/100\n|-damage|p1b: Rillaboom|0 fnt\n|faint|p1b: Rillaboom\n|\n|-heal|p1a: Thundurus|68\/100|[from] Grassy Terrain\n|-heal|p2a: Chandelure|25\/100 par|[from] Grassy Terrain\n|upkeep\n|\n|t:|1700298274\n|switch|p1b: Chien-Pao|Chien-Pao|61\/100 par\n|-ability|p1b: Chien-Pao|Sword of Ruin\n|turn|6\n|\n|t:|1700298288\n|move|p2b: Bellibolt|Discharge|p1a: Thundurus|[spread] p2a,p1b\n|-heal|p1a: Thundurus|93\/100|[from] ability: Volt Absorb|[of] p2b: Bellibolt\n|-damage|p2a: Chandelure|0 fnt\n|-damage|p1b: Chien-Pao|19\/100 par\n|faint|p2a: Chandelure\n|move|p1a: Thundurus|Sludge Bomb|p2b: Bellibolt\n|-damage|p2b: Bellibolt|40\/100\n|-start|p2b: Bellibolt|Charge|Sludge Bomb|[from] ability: Electromorphosis\n|move|p1b: Chien-Pao|Crunch|p2b: Bellibolt\n|-damage|p2b: Bellibolt|0 fnt\n|faint|p2b: Bellibolt\n|\n|-heal|p1a: Thundurus|99\/100|[from] Grassy Terrain\n|-heal|p1b: Chien-Pao|25\/100 par|[from] Grassy Terrain\n|-fieldend|move: Grassy Terrain\n|upkeep\n|\n|t:|1700298296\n|switch|p2b: Pincurchin|Pincurchin, F|100\/100\n|-item|p2b: Pincurchin|Air Balloon\n|turn|7\n|\n|t:|1700298312\n|move|p1a: Thundurus|Sludge Bomb|p2b: Pincurchin\n|-damage|p2b: Pincurchin|30\/100\n|-enditem|p2b: Pincurchin|Air Balloon\n|move|p1b: Chien-Pao|Crunch|p2b: Pincurchin\n|-damage|p2b: Pincurchin|0 fnt\n|faint|p2b: Pincurchin\n|\n|win|Lucariogaming02\n|raw|Lucariogaming02's rating: 1266 &rarr; <strong>1285<\/strong><br \/>(+19 for winning)\n|raw|Shotiss's rating: 1175 &rarr; <strong>1156<\/strong><br \/>(-19 for losing)\n|l|\u2606Shotiss\n","uploadtime":1700298326,"views":21,"p1id":"lucariogaming02","p2id":"shotiss","formatid":"gen9doublesou","rating":1156,"private":0,"password":""}