{"id":"gen9doublesou-1982849455","p1":"tiiim48","p2":"12123434a","format":"[Gen 9] Doubles OU","log":"|j|\u2606tiiim48\n|j|\u260612123434a\n|t:|1699051050\n|gametype|doubles\n|player|p1|tiiim48|swimmerf|1510\n|player|p2|12123434a|twins-gen4dp|1499\n|teamsize|p1|6\n|teamsize|p2|6\n|gen|9\n|tier|[Gen 9] Doubles OU\n|rated|\n|rule|Species Clause: Limit one of each Pok\u00e9mon\n|rule|OHKO Clause: OHKO moves are banned\n|rule|Evasion Moves Clause: Evasion moves are banned\n|rule|Gravity Sleep Clause: The combination of sleep-inducing moves with imperfect accuracy and Gravity or Gigantamax Orbeetle are banned\n|rule|Endless Battle Clause: Forcing endless battles is banned\n|rule|HP Percentage Mod: HP is shown in percentages\n|clearpoke\n|poke|p1|Armarouge, M|\n|poke|p1|Flamigo, M|\n|poke|p1|Indeedee-F, F|\n|poke|p1|Golem-Alola, M|\n|poke|p1|Weavile, F|\n|poke|p1|Enamorus, F|\n|poke|p2|Torkoal, F|\n|poke|p2|Chi-Yu|\n|poke|p2|Ribombee, M|\n|poke|p2|Iron Moth|\n|poke|p2|Heatran, F|\n|poke|p2|Roaring Moon|\n|teampreview\n|inactive|Battle timer is ON: inactive players will automatically lose when time's up. (requested by 12123434a)\n|\n|t:|1699051062\n|start\n|switch|p1a: TRICK ROOM!!|Indeedee-F, F, shiny|100\/100\n|switch|p1b: Stealth rox :p|Golem-Alola, M, shiny|100\/100\n|switch|p2a: Ribombee|Ribombee, M|100\/100\n|switch|p2b: Heatran|Heatran, F|100\/100\n|-fieldstart|move: Psychic Terrain|[from] ability: Psychic Surge|[of] p1a: TRICK ROOM!!\n|-item|p2b: Heatran|Air Balloon\n|turn|1\n|inactive|12123434a has 120 seconds left.\n|\n|t:|1699051096\n|move|p1a: TRICK ROOM!!|Follow Me|p1a: TRICK ROOM!!\n|-singleturn|p1a: TRICK ROOM!!|move: Follow Me\n|move|p2a: Ribombee|Stun Spore|p1a: TRICK ROOM!!|[miss]\n|-miss|p2a: Ribombee|p1a: TRICK ROOM!!\n|move|p2b: Heatran|Earth Power|p1a: TRICK ROOM!!\n|-damage|p1a: TRICK ROOM!!|60\/100\n|move|p1b: Stealth rox :p|Explosion|p2a: Ribombee|[spread] p1a,p2a,p2b\n|-damage|p1a: TRICK ROOM!!|0 fnt\n|-enditem|p2a: Ribombee|Focus Sash\n|-damage|p2a: Ribombee|1\/100\n|-damage|p2b: Heatran|0 fnt\n|-enditem|p2b: Heatran|Air Balloon\n|faint|p1b: Stealth rox :p\n|faint|p1a: TRICK ROOM!!\n|faint|p2b: Heatran\n|\n|upkeep\n|c|\u260612123434a|Zamn thr names\n|inactive|12123434a has 120 seconds left.\n|\n|t:|1699051125\n|switch|p1a: Thunder wave|Armarouge, M, shiny|100\/100\n|switch|p2b: Torkoal|Torkoal, F|100\/100\n|switch|p1b: SWEEP SWOOP|Weavile, F, shiny|100\/100\n|-weather|SunnyDay|[from] ability: Drought|[of] p2b: Torkoal\n|turn|2\n|c|\u260612123434a|Ik exactly what ur doing\n|\n|t:|1699051144\n|move|p1b: SWEEP SWOOP|Beat Up|p2a: Ribombee\n|-resisted|p2a: Ribombee\n|-damage|p2a: Ribombee|0 fnt\n|faint|p2a: Ribombee\n|-hitcount|p2: Ribombee|1\n|move|p1a: Thunder wave|Expanding Force|p2b: Torkoal\n|-damage|p2b: Torkoal|25\/100\n|move|p2b: Torkoal|Heat Wave|p1a: Thunder wave|[spread] p1a,p1b\n|-resisted|p1a: Thunder wave\n|-supereffective|p1b: SWEEP SWOOP\n|-crit|p1b: SWEEP SWOOP\n|-damage|p1a: Thunder wave|77\/100\n|-damage|p1b: SWEEP SWOOP|0 fnt\n|faint|p1b: SWEEP SWOOP\n|\n|-weather|SunnyDay|[upkeep]\n|upkeep\n|c|\u260612123434a|Nvm\n|\n|t:|1699051156\n|switch|p1b: Enamorus|Enamorus, F, shiny|100\/100\n|switch|p2a: Iron Moth|Iron Moth|100\/100\n|-enditem|p2a: Iron Moth|Booster Energy\n|-activate|p2a: Iron Moth|ability: Quark Drive|[fromitem]\n|-start|p2a: Iron Moth|quarkdrivespa\n|turn|3\n|\n|t:|1699051166\n|switch|p2b: Chi-Yu|Chi-Yu|100\/100\n|-ability|p2b: Chi-Yu|Beads of Ruin\n|move|p1b: Enamorus|Superpower|p2b: Chi-Yu\n|-supereffective|p2b: Chi-Yu\n|-damage|p2b: Chi-Yu|0 fnt\n|-boost|p1b: Enamorus|atk|1\n|-boost|p1b: Enamorus|def|1\n|faint|p2b: Chi-Yu\n|move|p2a: Iron Moth|Sludge Wave|p1b: Enamorus|[spread] p1a,p1b\n|-supereffective|p1b: Enamorus\n|-crit|p1b: Enamorus\n|-damage|p1a: Thunder wave|9\/100\n|-damage|p1b: Enamorus|0 fnt\n|faint|p1b: Enamorus\n|move|p1a: Thunder wave|Expanding Force|p2a: Iron Moth\n|-supereffective|p2a: Iron Moth\n|-damage|p2a: Iron Moth|0 fnt\n|faint|p2a: Iron Moth\n|-end|p2a: Iron Moth|Quark Drive|[silent]\n|\n|-weather|SunnyDay|[upkeep]\n|upkeep\n|inactive|12123434a has 120 seconds left.\n|c|\u260612123434a|How tf did he live\n|\n|t:|1699051199\n|switch|p2a: Roaring Moon|Roaring Moon|100\/100\n|switch|p2b: Torkoal|Torkoal, F|25\/100\n|switch|p1b: Flamigo|Flamigo, M, shiny|100\/100\n|-activate|p2a: Roaring Moon|ability: Protosynthesis\n|-start|p2a: Roaring Moon|protosynthesisatk\n|-copyboost|p1b: Flamigo|p1a: Thunder wave|[from] ability: Costar\n|turn|4\n|inactive|12123434a has 120 seconds left.\n|inactive|12123434a has 90 seconds left.\n|\n|t:|1699051265\n|move|p2a: Roaring Moon|Crunch|p1a: Thunder wave\n|-supereffective|p1a: Thunder wave\n|-damage|p1a: Thunder wave|0 fnt\n|faint|p1a: Thunder wave\n|move|p1b: Flamigo|Close Combat|p2a: Roaring Moon\n|-supereffective|p2a: Roaring Moon\n|-damage|p2a: Roaring Moon|0 fnt\n|-unboost|p1b: Flamigo|def|1\n|-unboost|p1b: Flamigo|spd|1\n|faint|p2a: Roaring Moon\n|-end|p2a: Roaring Moon|Protosynthesis|[silent]\n|move|p2b: Torkoal|Heat Wave|p1b: Flamigo\n|-damage|p1b: Flamigo|11\/100\n|\n|-weather|SunnyDay|[upkeep]\n|upkeep\n|turn|5\n|inactive|12123434a has 90 seconds left.\n|inactive|12123434a has 60 seconds left.\n|inactive|12123434a has 30 seconds left.\n|\n|t:|1699051349\n|-terastallize|p1b: Flamigo|Flying\n|move|p1b: Flamigo|Close Combat|p2b: Torkoal\n|-damage|p2b: Torkoal|0 fnt\n|-unboost|p1b: Flamigo|def|1\n|-unboost|p1b: Flamigo|spd|1\n|faint|p2b: Torkoal\n|\n|win|tiiim48\n|inactive|12123434a has 30 seconds left this turn.\n|raw|tiiim48's rating: 1510 &rarr; <strong>1529<\/strong><br \/>(+19 for winning)\n|raw|12123434a's rating: 1499 &rarr; <strong>1480<\/strong><br \/>(-19 for losing)\n|c|\u260612123434a|Bro did bros Pok\u00e9mon casually lives two veery strong attacks\n","uploadtime":1699051512,"views":16,"p1id":"tiiim48","p2id":"12123434a","formatid":"gen9doublesou","rating":1480,"private":0,"password":""}