{"id":"gen9doublesou-1978437147","p1":"predito","p2":"sslluuggyy","format":"[Gen 9] Doubles OU","log":"|j|\u2606predito\n|j|\u2606sslluuggyy\n|t:|1698538828\n|gametype|doubles\n|player|p1|predito|harlequin|1018\n|player|p2|sslluuggyy|169|1000\n|teamsize|p1|6\n|teamsize|p2|6\n|gen|9\n|tier|[Gen 9] Doubles OU\n|rated|\n|rule|Species Clause: Limit one of each Pok\u00e9mon\n|rule|OHKO Clause: OHKO moves are banned\n|rule|Evasion Moves Clause: Evasion moves are banned\n|rule|Gravity Sleep Clause: The combination of sleep-inducing moves with imperfect accuracy and Gravity or Gigantamax Orbeetle are banned\n|rule|Endless Battle Clause: Forcing endless battles is banned\n|rule|HP Percentage Mod: HP is shown in percentages\n|clearpoke\n|poke|p1|Sinistcha|\n|poke|p1|Indeedee-F, F|\n|poke|p1|Armarouge, M|\n|poke|p1|Goodra-Hisui, F|\n|poke|p1|Iron Hands|\n|poke|p1|Grimmsnarl, M|\n|poke|p2|Grimmsnarl, M|\n|poke|p2|Gastrodon-East, F|\n|poke|p2|Chandelure, M|\n|poke|p2|Arbok, F|\n|poke|p2|Kommo-o, M|\n|poke|p2|Klawf, F|\n|teampreview\n|\n|t:|1698538843\n|start\n|switch|p1a: Indeedee|Indeedee-F, F|100\/100\n|switch|p1b: Grimmsnarl|Grimmsnarl, M|100\/100\n|switch|p2a: Klawf|Klawf, F|100\/100\n|switch|p2b: Arbok|Arbok, F|100\/100\n|-ability|p2b: Arbok|Intimidate|boost\n|-unboost|p1a: Indeedee|atk|1\n|-unboost|p1b: Grimmsnarl|atk|1\n|-fieldstart|move: Psychic Terrain|[from] ability: Psychic Surge|[of] p1a: Indeedee\n|turn|1\n|\n|t:|1698538869\n|move|p1b: Grimmsnarl|Fake Out|p2a: Klawf\n|-activate|p2a: Klawf|move: Psychic Terrain\n|move|p2b: Arbok|Toxic|p1b: Grimmsnarl\n|-status|p1b: Grimmsnarl|tox\n|move|p2a: Klawf|Stealth Rock|p1b: Grimmsnarl\n|-sidestart|p1: predito|move: Stealth Rock\n|move|p1a: Indeedee|Trick Room|p1a: Indeedee\n|-fieldstart|move: Trick Room|[of] p1a: Indeedee\n|\n|-damage|p1b: Grimmsnarl|94\/100 tox|[from] psn\n|upkeep\n|turn|2\n|\n|t:|1698538887\n|move|p1a: Indeedee|Helping Hand|p1b: Grimmsnarl\n|-singleturn|p1b: Grimmsnarl|Helping Hand|[of] p1a: Indeedee\n|move|p1b: Grimmsnarl|Dazzling Gleam|p2a: Klawf|[spread] p2a,p2b\n|-resisted|p2b: Arbok\n|-crit|p2b: Arbok\n|-damage|p2a: Klawf|60\/100\n|-damage|p2b: Arbok|71\/100\n|move|p2a: Klawf|Shadow Claw|p1b: Grimmsnarl\n|-resisted|p1b: Grimmsnarl\n|-damage|p1b: Grimmsnarl|84\/100 tox\n|move|p2b: Arbok|Ice Fang|p1b: Grimmsnarl\n|-damage|p1b: Grimmsnarl|67\/100 tox\n|\n|-heal|p1b: Grimmsnarl|73\/100 tox|[from] item: Leftovers\n|-heal|p2b: Arbok|77\/100|[from] item: Black Sludge\n|-damage|p1b: Grimmsnarl|61\/100 tox|[from] psn\n|upkeep\n|turn|3\n|\n|t:|1698538919\n|move|p1b: Grimmsnarl|Dazzling Gleam|p2b: Arbok|[spread] p2a,p2b\n|-resisted|p2b: Arbok\n|-damage|p2a: Klawf|31\/100\n|-damage|p2b: Arbok|64\/100\n|-ability|p2a: Klawf|Anger Shell|boost\n|-boost|p2a: Klawf|atk|1\n|-boost|p2a: Klawf|spa|1\n|-boost|p2a: Klawf|spe|1\n|-unboost|p2a: Klawf|def|1\n|-unboost|p2a: Klawf|spd|1\n|move|p1a: Indeedee|Dazzling Gleam|p2a: Klawf|[spread] p2a,p2b\n|-resisted|p2b: Arbok\n|-damage|p2a: Klawf|3\/100\n|-damage|p2b: Arbok|55\/100\n|move|p2b: Arbok|Knock Off|p1b: Grimmsnarl\n|-resisted|p1b: Grimmsnarl\n|-damage|p1b: Grimmsnarl|54\/100 tox\n|-enditem|p1b: Grimmsnarl|Leftovers|[from] move: Knock Off|[of] p2b: Arbok\n|move|p2a: Klawf|Power Gem|p1b: Grimmsnarl\n|-damage|p1b: Grimmsnarl|29\/100 tox\n|\n|-heal|p2b: Arbok|61\/100|[from] item: Black Sludge\n|-damage|p1b: Grimmsnarl|11\/100 tox|[from] psn\n|upkeep\n|turn|4\n|\n|t:|1698538947\n|move|p1b: Grimmsnarl|False Surrender|p2b: Arbok\n|-damage|p2b: Arbok|11\/100\n|move|p1a: Indeedee|Heal Pulse|p1b: Grimmsnarl\n|-heal|p1b: Grimmsnarl|61\/100 tox\n|move|p2b: Arbok|Toxic|p1a: Indeedee\n|-status|p1a: Indeedee|tox\n|move|p2a: Klawf|Stealth Rock||[still]\n|-fail|p2a: Klawf\n|\n|-heal|p2b: Arbok|17\/100|[from] item: Black Sludge\n|-damage|p1b: Grimmsnarl|37\/100 tox|[from] psn\n|-damage|p1a: Indeedee|94\/100 tox|[from] psn\n|upkeep\n|turn|5\n|\n|t:|1698538969\n|move|p1b: Grimmsnarl|Dazzling Gleam|p2a: Klawf|[spread] p2a,p2b\n|-resisted|p2b: Arbok\n|-damage|p2a: Klawf|0 fnt\n|-damage|p2b: Arbok|4\/100\n|faint|p2a: Klawf\n|move|p1a: Indeedee|Heal Pulse|p1b: Grimmsnarl\n|-heal|p1b: Grimmsnarl|87\/100 tox\n|move|p2b: Arbok|Knock Off|p1a: Indeedee\n|-supereffective|p1a: Indeedee\n|-damage|p1a: Indeedee|28\/100 tox\n|-enditem|p1a: Indeedee|Aguav Berry|[from] move: Knock Off|[of] p2b: Arbok\n|\n|-heal|p2b: Arbok|10\/100|[from] item: Black Sludge\n|-damage|p1b: Grimmsnarl|56\/100 tox|[from] psn\n|-damage|p1a: Indeedee|16\/100 tox|[from] psn\n|-fieldend|move: Trick Room\n|-fieldend|move: Psychic Terrain\n|upkeep\n|\n|t:|1698538985\n|switch|p2a: Grimmsnarl|Grimmsnarl, M|100\/100\n|turn|6\n|\n|t:|1698539013\n|move|p2b: Arbok|Knock Off|p1a: Indeedee\n|-supereffective|p1a: Indeedee\n|-damage|p1a: Indeedee|0 fnt\n|faint|p1a: Indeedee\n|move|p2a: Grimmsnarl|Low Kick|p1b: Grimmsnarl\n|-damage|p1b: Grimmsnarl|19\/100 tox\n|move|p1b: Grimmsnarl|Dazzling Gleam|p2b: Arbok|[spread] p2a,p2b\n|-supereffective|p2a: Grimmsnarl\n|-resisted|p2b: Arbok\n|-damage|p2a: Grimmsnarl|56\/100\n|-damage|p2b: Arbok|0 fnt\n|faint|p2b: Arbok\n|\n|-damage|p1b: Grimmsnarl|0 fnt|[from] psn\n|faint|p1b: Grimmsnarl\n|upkeep\n|\n|t:|1698539032\n|switch|p2b: Gastrodon|Gastrodon-East, F|100\/100\n|switch|p1a: Sinistcha|Sinistcha|100\/100\n|switch|p1b: Goodra|Goodra-Hisui, F|100\/100\n|-damage|p1a: Sinistcha|88\/100|[from] Stealth Rock\n|-damage|p1b: Goodra|94\/100|[from] Stealth Rock\n|turn|7\n|\n|t:|1698539050\n|move|p2b: Gastrodon|Blizzard|p1a: Sinistcha|[spread] p1a\n|-miss|p2b: Gastrodon|p1b: Goodra\n|-supereffective|p1a: Sinistcha\n|-damage|p1a: Sinistcha|40\/100\n|move|p2a: Grimmsnarl|Spirit Break|p1b: Goodra\n|-damage|p1b: Goodra|54\/100\n|-unboost|p1b: Goodra|spa|1\n|-damage|p2a: Grimmsnarl|40\/100|[from] item: Rocky Helmet|[of] p1b: Goodra\n|-heal|p2a: Grimmsnarl|45\/100|[from] item: Shell Bell|[of] p1b: Goodra\n|move|p1a: Sinistcha|Stun Spore|p2a: Grimmsnarl\n|-status|p2a: Grimmsnarl|par\n|move|p1b: Goodra|Body Press|p2b: Gastrodon\n|-damage|p2b: Gastrodon|76\/100\n|\n|upkeep\n|turn|8\n|\n|t:|1698539072\n|move|p2b: Gastrodon|Blizzard|p1b: Goodra|[spread] p1b\n|-miss|p2b: Gastrodon|p1a: Sinistcha\n|-damage|p1b: Goodra|44\/100\n|move|p1a: Sinistcha|Matcha Gotcha|p2a: Grimmsnarl|[spread] p2b\n|-miss|p1a: Sinistcha|p2a: Grimmsnarl\n|-supereffective|p2b: Gastrodon\n|-damage|p2b: Gastrodon|0 fnt\n|-heal|p1a: Sinistcha|79\/100|[from] drain|[of] p2b: Gastrodon\n|faint|p2b: Gastrodon\n|move|p1b: Goodra|Gyro Ball|p2a: Grimmsnarl\n|-supereffective|p2a: Grimmsnarl\n|-damage|p2a: Grimmsnarl|25\/100 par\n|move|p2a: Grimmsnarl|Spirit Break|p1b: Goodra\n|-damage|p1b: Goodra|8\/100\n|-unboost|p1b: Goodra|spa|1\n|-damage|p2a: Grimmsnarl|8\/100 par|[from] item: Rocky Helmet|[of] p1b: Goodra\n|-heal|p2a: Grimmsnarl|13\/100 par|[from] item: Shell Bell|[of] p1b: Goodra\n|\n|upkeep\n|\n|t:|1698539090\n|switch|p2b: Chandelure|Chandelure, M|100\/100\n|turn|9\n|\n|t:|1698539112\n|move|p2b: Chandelure|Fire Blast|p1b: Goodra\n|-damage|p1b: Goodra|0 fnt\n|faint|p1b: Goodra\n|move|p1a: Sinistcha|Matcha Gotcha|p2b: Chandelure|[spread] p2a,p2b\n|-resisted|p2b: Chandelure\n|-damage|p2a: Grimmsnarl|0 fnt\n|-heal|p1a: Sinistcha|85\/100|[from] drain|[of] p2a: Grimmsnarl\n|-damage|p2b: Chandelure|87\/100\n|-heal|p1a: Sinistcha|90\/100|[from] drain|[of] p2b: Chandelure\n|faint|p2a: Grimmsnarl\n|\n|upkeep\n|\n|t:|1698539131\n|switch|p2a: Kommo-o|Kommo-o, M|100\/100\n|switch|p1b: Armarouge|Armarouge, M|100\/100\n|-damage|p1b: Armarouge|76\/100|[from] Stealth Rock\n|turn|10\n|\n|t:|1698539141\n|move|p1b: Armarouge|Protect|p1b: Armarouge\n|-singleturn|p1b: Armarouge|Protect\n|move|p2b: Chandelure|Fire Blast|p1a: Sinistcha\n|-supereffective|p1a: Sinistcha\n|-damage|p1a: Sinistcha|0 fnt\n|faint|p1a: Sinistcha\n|move|p2a: Kommo-o|Stomping Tantrum|p1b: Armarouge\n|-activate|p1b: Armarouge|move: Protect\n|\n|upkeep\n|\n|t:|1698539151\n|switch|p1a: Iron Hands|Iron Hands|100\/100\n|-damage|p1a: Iron Hands|94\/100|[from] Stealth Rock\n|-enditem|p1a: Iron Hands|Booster Energy\n|-activate|p1a: Iron Hands|ability: Quark Drive|[fromitem]\n|-start|p1a: Iron Hands|quarkdriveatk\n|turn|11\n|\n|t:|1698539175\n|-terastallize|p1a: Iron Hands|Flying\n|move|p2b: Chandelure|Will-O-Wisp|p1a: Iron Hands\n|-status|p1a: Iron Hands|brn\n|move|p2a: Kommo-o|Stomping Tantrum|p1a: Iron Hands\n|-immune|p1a: Iron Hands\n|move|p1b: Armarouge|Armor Cannon|p2b: Chandelure\n|-start|p2b: Chandelure|ability: Flash Fire\n|move|p1a: Iron Hands|Play Rough|p2a: Kommo-o\n|-supereffective|p2a: Kommo-o\n|-damage|p2a: Kommo-o|27\/100\n|\n|-damage|p1a: Iron Hands|88\/100 brn|[from] brn\n|upkeep\n|turn|12\n|\n|t:|1698539199\n|move|p2b: Chandelure|Taunt|p1a: Iron Hands\n|-start|p1a: Iron Hands|move: Taunt\n|move|p2a: Kommo-o|Clanging Scales|p1b: Armarouge|[spread] p1a,p1b\n|-damage|p1a: Iron Hands|62\/100 brn\n|-damage|p1b: Armarouge|46\/100\n|-enditem|p1b: Armarouge|Sitrus Berry|[eat]\n|-heal|p1b: Armarouge|71\/100|[from] item: Sitrus Berry\n|-unboost|p2a: Kommo-o|def|1\n|move|p1b: Armarouge|Expanding Force|p2a: Kommo-o\n|-supereffective|p2a: Kommo-o\n|-damage|p2a: Kommo-o|0 fnt\n|faint|p2a: Kommo-o\n|move|p1a: Iron Hands|Play Rough|p2b: Chandelure|[miss]\n|-miss|p1a: Iron Hands|p2b: Chandelure\n|\n|-damage|p1a: Iron Hands|56\/100 brn|[from] brn\n|upkeep\n|turn|13\n|\n|t:|1698539224\n|move|p2b: Chandelure|Fire Blast|p1a: Iron Hands\n|-damage|p1a: Iron Hands|0 fnt\n|faint|p1a: Iron Hands\n|-end|p1a: Iron Hands|Quark Drive|[silent]\n|move|p1b: Armarouge|Expanding Force|p2b: Chandelure\n|-damage|p2b: Chandelure|35\/100\n|\n|upkeep\n|turn|14\n|\n|t:|1698539238\n|move|p1b: Armarouge|Protect|p1b: Armarouge\n|-singleturn|p1b: Armarouge|Protect\n|move|p2b: Chandelure|Fire Blast|p1b: Armarouge\n|-activate|p1b: Armarouge|move: Protect\n|\n|upkeep\n|turn|15\n|\n|t:|1698539246\n|move|p2b: Chandelure|Protect|p2b: Chandelure\n|-singleturn|p2b: Chandelure|Protect\n|move|p1b: Armarouge|Expanding Force|p2b: Chandelure\n|-activate|p2b: Chandelure|move: Protect\n|\n|upkeep\n|turn|16\n|\n|t:|1698539253\n|move|p2b: Chandelure|Taunt|p1b: Armarouge\n|-start|p1b: Armarouge|move: Taunt\n|move|p1b: Armarouge|Expanding Force|p2b: Chandelure\n|-damage|p2b: Chandelure|0 fnt\n|faint|p2b: Chandelure\n|\n|win|predito\n|raw|predito's rating: 1018 &rarr; <strong>1053<\/strong><br \/>(+35 for winning)\n|raw|sslluuggyy's rating: 1000 &rarr; <strong>1000<\/strong><br \/>(+0 for losing)\n|c|\u2606sslluuggyy|gg\n","uploadtime":1698539264,"views":18,"p1id":"predito","p2id":"sslluuggyy","formatid":"gen9doublesou","rating":1000,"private":0,"password":""}