{"id":"gen9doublesou-1999191684","p1":"bodhidelbarrio","p2":"hauj255555","format":"[Gen 9] Doubles OU","log":"|j|\u2606bodhidelbarrio\n|j|\u2606hauj255555\n|t:|1701043555\n|gametype|doubles\n|player|p1|bodhidelbarrio|pokemonbreeder-gen4|1130\n|player|p2|hauj255555|2|1091\n|teamsize|p1|6\n|teamsize|p2|6\n|gen|9\n|tier|[Gen 9] Doubles OU\n|rated|\n|rule|Species Clause: Limit one of each Pok\u00e9mon\n|rule|OHKO Clause: OHKO moves are banned\n|rule|Evasion Moves Clause: Evasion moves are banned\n|rule|Gravity Sleep Clause: The combination of sleep-inducing moves with imperfect accuracy and Gravity or Gigantamax Orbeetle are banned\n|rule|Endless Battle Clause: Forcing endless battles is banned\n|rule|HP Percentage Mod: HP is shown in percentages\n|clearpoke\n|poke|p1|Iron Hands|\n|poke|p1|Torkoal, M|\n|poke|p1|Cresselia, F|\n|poke|p1|Walking Wake|\n|poke|p1|Arboliva, M|\n|poke|p1|Toxapex, M|\n|poke|p2|Gholdengo|\n|poke|p2|Dragonite, M|\n|poke|p2|Ninetales-Alola, M|\n|poke|p2|Armarouge, M|\n|poke|p2|Palafin, M|\n|poke|p2|Indeedee-F, F|\n|teampreview\n|\n|t:|1701043568\n|start\n|switch|p1a: Cresselia|Cresselia, F|100\/100\n|switch|p1b: Iron Hands|Iron Hands|100\/100\n|switch|p2a: shark?|Palafin, M, shiny|100\/100\n|switch|p2b: man#2?|Armarouge, M, shiny|100\/100\n|-enditem|p1b: Iron Hands|Booster Energy\n|-activate|p1b: Iron Hands|ability: Quark Drive|[fromitem]\n|-start|p1b: Iron Hands|quarkdriveatk\n|turn|1\n|\n|t:|1701043588\n|move|p2a: shark?|Flip Turn|p2b: man#2?\n|-supereffective|p2b: man#2?\n|-damage|p2b: man#2?|70\/100\n|-ability|p2b: man#2?|Weak Armor|boost\n|-unboost|p2b: man#2?|def|1\n|-boost|p2b: man#2?|spe|2\n|-enditem|p2b: man#2?|Weakness Policy\n|-boost|p2b: man#2?|atk|2|[from] item: Weakness Policy\n|-boost|p2b: man#2?|spa|2|[from] item: Weakness Policy\n|\n|t:|1701043597\n|detailschange|p2a: shark?|Palafin-Hero, M, shiny\n|switch|p2a: Indeedee|Indeedee-F, F, shiny|100\/100|[from] Flip Turn\n|-fieldstart|move: Psychic Terrain|[from] ability: Psychic Surge|[of] p2a: Indeedee\n|move|p2b: man#2?|Expanding Force|p1a: Cresselia|[spread] p1a,p1b\n|-resisted|p1a: Cresselia\n|-supereffective|p1b: Iron Hands\n|-damage|p1a: Cresselia|67\/100\n|-damage|p1b: Iron Hands|0 fnt\n|faint|p1b: Iron Hands\n|-end|p1b: Iron Hands|Quark Drive|[silent]\n|move|p1a: Cresselia|Trick Room|p1a: Cresselia\n|-fieldstart|move: Trick Room|[of] p1a: Cresselia\n|\n|upkeep\n|\n|t:|1701043611\n|switch|p1b: Arboliva|Arboliva, M|100\/100\n|turn|2\n|\n|t:|1701043622\n|move|p1a: Cresselia|Helping Hand|p1b: Arboliva\n|-singleturn|p1b: Arboliva|Helping Hand|[of] p1a: Cresselia\n|move|p2a: Indeedee|Helping Hand|p2b: man#2?\n|-singleturn|p2b: man#2?|Helping Hand|[of] p2a: Indeedee\n|move|p1b: Arboliva|Leech Seed|p2b: man#2?\n|-start|p2b: man#2?|move: Leech Seed\n|move|p2b: man#2?|Expanding Force|p1a: Cresselia|[spread] p1a,p1b\n|-resisted|p1a: Cresselia\n|-damage|p1a: Cresselia|20\/100\n|-damage|p1b: Arboliva|0 fnt\n|faint|p1b: Arboliva\n|\n|upkeep\n|\n|t:|1701043635\n|switch|p1b: Walking Wake|Walking Wake|100\/100\n|turn|3\n|\n|t:|1701043643\n|move|p2a: Indeedee|Helping Hand|p2b: man#2?\n|-singleturn|p2b: man#2?|Helping Hand|[of] p2a: Indeedee\n|move|p1a: Cresselia|Lunar Blessing|p1a: Cresselia|[spread] p1a,p1b\n|-heal|p1a: Cresselia|45\/100\n|move|p1b: Walking Wake|Hydro Steam|p2b: man#2?\n|-supereffective|p2b: man#2?\n|-damage|p2b: man#2?|0 fnt\n|faint|p2b: man#2?\n|-damage|p1b: Walking Wake|91\/100|[from] item: Life Orb\n|\n|upkeep\n|\n|t:|1701043656\n|switch|p2b: wolf?|Ninetales-Alola, M, shiny|100\/100\n|-weather|Snow|[from] ability: Snow Warning|[of] p2b: wolf?\n|turn|4\n|\n|t:|1701043672\n|switch|p1a: Tatewari|Torkoal, M|100\/100\n|-weather|SunnyDay|[from] ability: Drought|[of] p1a: Tatewari\n|-activate|p1b: Walking Wake|ability: Protosynthesis\n|-start|p1b: Walking Wake|protosynthesisspa\n|switch|p2b: shark?|Palafin-Hero, M, shiny|100\/100\n|-activate|p2b: shark?|ability: Zero to Hero\n|-terastallize|p2a: Indeedee|Fairy\n|move|p2a: Indeedee|Dazzling Gleam|p1a: Tatewari|[spread] p1a,p1b\n|-resisted|p1a: Tatewari\n|-supereffective|p1b: Walking Wake\n|-damage|p1a: Tatewari|86\/100\n|-damage|p1b: Walking Wake|37\/100\n|move|p1b: Walking Wake|Hydro Steam|p2a: Indeedee\n|-damage|p2a: Indeedee|1\/100\n|-damage|p1b: Walking Wake|27\/100|[from] item: Life Orb\n|\n|-weather|SunnyDay|[upkeep]\n|-heal|p2a: Indeedee|7\/100|[from] item: Leftovers\n|upkeep\n|turn|5\n|\n|t:|1701043699\n|-terastallize|p1a: Tatewari|Fire\n|move|p1a: Tatewari|Heat Wave|p2a: Indeedee|[spread] p2a,p2b\n|-resisted|p2b: shark?\n|-damage|p2a: Indeedee|0 fnt\n|-damage|p2b: shark?|58\/100\n|faint|p2a: Indeedee\n|move|p2b: shark?|Wave Crash|p1a: Tatewari\n|-supereffective|p1a: Tatewari\n|-crit|p1a: Tatewari\n|-damage|p1a: Tatewari|21\/100\n|-damage|p2b: shark?|40\/100|[from] Recoil\n|move|p1b: Walking Wake|Hydro Steam|p2b: shark?\n|-resisted|p2b: shark?\n|-damage|p2b: shark?|0 fnt\n|faint|p2b: shark?\n|-damage|p1b: Walking Wake|18\/100|[from] item: Life Orb\n|\n|-weather|SunnyDay|[upkeep]\n|-fieldend|move: Trick Room\n|-fieldend|move: Psychic Terrain\n|upkeep\n|\n|t:|1701043718\n|switch|p2b: wolf?|Ninetales-Alola, M, shiny|100\/100\n|switch|p2a: bird?|Dragonite, M, shiny|100\/100\n|-weather|Snow|[from] ability: Snow Warning|[of] p2b: wolf?\n|-end|p1b: Walking Wake|Protosynthesis\n|turn|6\n|\n|t:|1701043731\n|switch|p1a: Cresselia|Cresselia, F|45\/100\n|move|p2a: bird?|Extreme Speed|p1a: Cresselia\n|-damage|p1a: Cresselia|11\/100\n|move|p1b: Walking Wake|Weather Ball|p2a: bird?\n|-supereffective|p2a: bird?\n|-damage|p2a: bird?|0 fnt\n|faint|p2a: bird?\n|-damage|p1b: Walking Wake|8\/100|[from] item: Life Orb\n|move|p2b: wolf?|Blizzard|p1a: Cresselia|[spread] p1a,p1b\n|-damage|p1a: Cresselia|0 fnt\n|-damage|p1b: Walking Wake|0 fnt\n|faint|p1a: Cresselia\n|faint|p1b: Walking Wake\n|-end|p1b: Walking Wake|Protosynthesis|[silent]\n|\n|-weather|Snow|[upkeep]\n|upkeep\n|\n|t:|1701043748\n|switch|p1b: Toxapex|Toxapex, M|100\/100\n|switch|p2a: man?|Gholdengo, shiny|100\/100\n|switch|p1a: Tatewari|Torkoal, M, tera:Fire|21\/100\n|-weather|SunnyDay|[from] ability: Drought|[of] p1a: Tatewari\n|turn|7\n|\n|t:|1701043760\n|move|p2a: man?|Dazzling Gleam|p1a: Tatewari|[spread] p1a,p1b\n|-resisted|p1a: Tatewari\n|-resisted|p1b: Toxapex\n|-damage|p1a: Tatewari|1\/100\n|-damage|p1b: Toxapex|90\/100\n|-damage|p2a: man?|91\/100|[from] item: Life Orb\n|move|p2b: wolf?|Blizzard|p1b: Toxapex|[spread] p1a,p1b\n|-resisted|p1a: Tatewari\n|-resisted|p1b: Toxapex\n|-crit|p1b: Toxapex\n|-damage|p1a: Tatewari|0 fnt\n|-damage|p1b: Toxapex|61\/100\n|faint|p1a: Tatewari\n|move|p1b: Toxapex|Infestation|p2a: man?\n|-resisted|p2a: man?\n|-damage|p2a: man?|90\/100\n|-activate|p2a: man?|move: Infestation|[of] p1b: Toxapex\n|\n|-weather|SunnyDay|[upkeep]\n|-damage|p2a: man?|74\/100|[from] move: Infestation|[partiallytrapped]\n|upkeep\n|turn|8\n|\n|t:|1701043786\n|move|p1b: Toxapex|Baneful Bunker|p1b: Toxapex\n|-singleturn|p1b: Toxapex|move: Protect\n|move|p2a: man?|Make It Rain|p1b: Toxapex\n|-activate|p1b: Toxapex|move: Protect\n|move|p2b: wolf?|Blizzard|p1b: Toxapex\n|-activate|p1b: Toxapex|move: Protect\n|\n|-weather|SunnyDay|[upkeep]\n|-damage|p2a: man?|57\/100|[from] move: Infestation|[partiallytrapped]\n|upkeep\n|turn|9\n|\n|t:|1701043805\n|move|p1b: Toxapex|Wide Guard|p1b: Toxapex\n|-singleturn|p1b: Toxapex|Wide Guard\n|move|p2a: man?|Make It Rain|p1b: Toxapex\n|-activate|p1b: Toxapex|move: Wide Guard\n|move|p2b: wolf?|Blizzard|p1b: Toxapex\n|-activate|p1b: Toxapex|move: Wide Guard\n|\n|-weather|SunnyDay|[upkeep]\n|-damage|p2a: man?|40\/100|[from] move: Infestation|[partiallytrapped]\n|upkeep\n|turn|10\n|\n|t:|1701043820\n|move|p2a: man?|Nasty Plot|p2a: man?\n|-boost|p2a: man?|spa|2\n|move|p2b: wolf?|Blizzard|p1b: Toxapex\n|-resisted|p1b: Toxapex\n|-damage|p1b: Toxapex|37\/100\n|move|p1b: Toxapex|Toxic|p2b: wolf?\n|-status|p2b: wolf?|tox\n|\n|-weather|SunnyDay|[upkeep]\n|-damage|p2b: wolf?|94\/100 tox|[from] psn\n|-damage|p2a: man?|24\/100|[from] move: Infestation|[partiallytrapped]\n|upkeep\n|turn|11\n|\n|t:|1701043845\n|move|p1b: Toxapex|Wide Guard|p1b: Toxapex\n|-singleturn|p1b: Toxapex|Wide Guard\n|move|p2a: man?|Make It Rain|p1b: Toxapex\n|-activate|p1b: Toxapex|move: Wide Guard\n|move|p2b: wolf?|Blizzard|p1b: Toxapex\n|-activate|p1b: Toxapex|move: Wide Guard\n|\n|-weather|none\n|-damage|p2b: wolf?|82\/100 tox|[from] psn\n|-end|p2a: man?|Infestation|[partiallytrapped]\n|upkeep\n|turn|12\n|\n|t:|1701043861\n|move|p1b: Toxapex|Wide Guard|p1b: Toxapex\n|-singleturn|p1b: Toxapex|Wide Guard\n|move|p2a: man?|Make It Rain|p1b: Toxapex\n|-activate|p1b: Toxapex|move: Wide Guard\n|move|p2b: wolf?|Blizzard|p1b: Toxapex\n|-activate|p1b: Toxapex|move: Wide Guard\n|\n|-damage|p2b: wolf?|64\/100 tox|[from] psn\n|upkeep\n|turn|13\n|inactive|Battle timer is ON: inactive players will automatically lose when time's up. (requested by bodhidelbarrio)\n|\n|t:|1701043887\n|move|p1b: Toxapex|Wide Guard|p1b: Toxapex\n|-singleturn|p1b: Toxapex|Wide Guard\n|move|p2a: man?|Make It Rain|p1b: Toxapex\n|-activate|p1b: Toxapex|move: Wide Guard\n|move|p2b: wolf?|Blizzard|p1b: Toxapex\n|-activate|p1b: Toxapex|move: Wide Guard\n|\n|-damage|p2b: wolf?|40\/100 tox|[from] psn\n|upkeep\n|turn|14\n|\n|t:|1701043900\n|move|p1b: Toxapex|Wide Guard|p1b: Toxapex\n|-singleturn|p1b: Toxapex|Wide Guard\n|move|p2a: man?|Dazzling Gleam|p1b: Toxapex\n|-activate|p1b: Toxapex|move: Wide Guard\n|-activate|p2b: wolf?|move: Struggle\n|move|p2b: wolf?|Struggle|p1b: Toxapex\n|-damage|p1b: Toxapex|32\/100\n|-damage|p2b: wolf?|15\/100 tox|[from] recoil\n|\n|-damage|p2b: wolf?|0 fnt|[from] psn\n|faint|p2b: wolf?\n|upkeep\n|turn|15\n|\n|t:|1701043923\n|move|p1b: Toxapex|Wide Guard|p1b: Toxapex\n|-singleturn|p1b: Toxapex|Wide Guard\n|move|p2a: man?|Make It Rain|p1b: Toxapex\n|-activate|p1b: Toxapex|move: Wide Guard\n|\n|upkeep\n|turn|16\n|\n|t:|1701043930\n|move|p1b: Toxapex|Wide Guard|p1b: Toxapex\n|-singleturn|p1b: Toxapex|Wide Guard\n|move|p2a: man?|Dazzling Gleam|p1b: Toxapex\n|-activate|p1b: Toxapex|move: Wide Guard\n|\n|upkeep\n|turn|17\n|\n|t:|1701043935\n|move|p1b: Toxapex|Wide Guard|p1b: Toxapex\n|-singleturn|p1b: Toxapex|Wide Guard\n|move|p2a: man?|Dazzling Gleam|p1b: Toxapex\n|-activate|p1b: Toxapex|move: Wide Guard\n|\n|upkeep\n|turn|18\n|c|\u2606hauj255555|i won\n|c|\u2606hauj255555|i have more pp\n|\n|t:|1701043947\n|move|p1b: Toxapex|Wide Guard|p1b: Toxapex\n|-singleturn|p1b: Toxapex|Wide Guard\n|move|p2a: man?|Dazzling Gleam|p1b: Toxapex\n|-activate|p1b: Toxapex|move: Wide Guard\n|\n|upkeep\n|turn|19\n|c|\u2606bodhidelbarrio|ok\n|\n|t:|1701043953\n|move|p1b: Toxapex|Wide Guard|p1b: Toxapex\n|-singleturn|p1b: Toxapex|Wide Guard\n|move|p2a: man?|Dazzling Gleam|p1b: Toxapex\n|-activate|p1b: Toxapex|move: Wide Guard\n|\n|upkeep\n|turn|20\n|c|\u2606bodhidelbarrio|im clicking fast\n|\n|t:|1701043964\n|move|p1b: Toxapex|Wide Guard|p1b: Toxapex\n|-singleturn|p1b: Toxapex|Wide Guard\n|move|p2a: man?|Dazzling Gleam|p1b: Toxapex\n|-activate|p1b: Toxapex|move: Wide Guard\n|\n|upkeep\n|turn|21\n|\n|t:|1701043969\n|move|p1b: Toxapex|Wide Guard|p1b: Toxapex\n|-singleturn|p1b: Toxapex|Wide Guard\n|move|p2a: man?|Dazzling Gleam|p1b: Toxapex\n|-activate|p1b: Toxapex|move: Wide Guard\n|\n|upkeep\n|turn|22\n|\n|t:|1701043976\n|move|p2a: man?|Dazzling Gleam|p1b: Toxapex\n|-resisted|p1b: Toxapex\n|-damage|p1b: Toxapex|4\/100\n|-damage|p2a: man?|14\/100|[from] item: Life Orb\n|move|p1b: Toxapex|Infestation|p2a: man?\n|-resisted|p2a: man?\n|-crit|p2a: man?\n|-damage|p2a: man?|13\/100\n|-activate|p2a: man?|move: Infestation|[of] p1b: Toxapex\n|\n|-damage|p2a: man?|0 fnt|[from] move: Infestation|[partiallytrapped]\n|faint|p2a: man?\n|\n|win|bodhidelbarrio\n|upkeep\n|raw|bodhidelbarrio's rating: 1130 &rarr; <strong>1152<\/strong><br \/>(+22 for winning)\n|raw|hauj255555's rating: 1091 &rarr; <strong>1070<\/strong><br \/>(-21 for losing)\n|c|\u2606bodhidelbarrio|ez\n|c|\u2606hauj255555|NAH\n|l|\u2606hauj255555\n","uploadtime":1701044006,"views":13,"p1id":"bodhidelbarrio","p2id":"hauj255555","formatid":"gen9doublesou","rating":1070,"private":0,"password":""}