{"id":"gen9doublesou-1974407940","p1":"days until","p2":"cotesmcgotes","format":"[Gen 9] Doubles OU","log":"|j|\u2606days until\n|j|\u2606cotesmcgotes\n|t:|1698084569\n|gametype|doubles\n|player|p1|days until|volkner|1538\n|player|p2|cotesmcgotes|flannery|1420\n|teamsize|p1|6\n|teamsize|p2|6\n|gen|9\n|tier|[Gen 9] Doubles OU\n|rated|\n|rule|Species Clause: Limit one of each Pok\u00e9mon\n|rule|OHKO Clause: OHKO moves are banned\n|rule|Evasion Moves Clause: Evasion moves are banned\n|rule|Gravity Sleep Clause: The combination of sleep-inducing moves with imperfect accuracy and Gravity or Gigantamax Orbeetle are banned\n|rule|Endless Battle Clause: Forcing endless battles is banned\n|rule|HP Percentage Mod: HP is shown in percentages\n|clearpoke\n|poke|p1|Kommo-o, F|\n|poke|p1|Tyranitar, M|\n|poke|p1|Rillaboom, F|\n|poke|p1|Flutter Mane|\n|poke|p1|Arcanine-Hisui, F|\n|poke|p1|Iron Bundle|\n|poke|p2|Cresselia, F|\n|poke|p2|Manaphy|\n|poke|p2|Okidogi, M|\n|poke|p2|Sinistcha-Masterpiece|\n|poke|p2|Ogerpon-Hearthflame, F|\n|poke|p2|Roaring Moon|\n|teampreview\n|inactive|Battle timer is ON: inactive players will automatically lose when time's up. (requested by days until)\n|\n|t:|1698084577\n|start\n|switch|p1a: Kommo-o|Kommo-o, F|100\/100\n|switch|p1b: Rillaboom|Rillaboom, F|100\/100\n|switch|p2a: Cresselia|Cresselia, F|100\/100\n|switch|p2b: Manaphy|Manaphy|100\/100\n|-fieldstart|move: Grassy Terrain|[from] ability: Grassy Surge|[of] p1b: Rillaboom\n|turn|1\n|inactive|days until has 120 seconds left.\n|\n|t:|1698084610\n|-terastallize|p2b: Manaphy|Electric\n|move|p1b: Rillaboom|Grassy Glide|p2b: Manaphy\n|-damage|p2b: Manaphy|56\/100\n|move|p2b: Manaphy|Tail Glow|p2b: Manaphy\n|-boost|p2b: Manaphy|spa|3\n|move|p1a: Kommo-o|Iron Defense|p1a: Kommo-o\n|-boost|p1a: Kommo-o|def|2\n|move|p2a: Cresselia|Skill Swap|p2b: Manaphy\n|-activate|p2a: Cresselia|move: Skill Swap|||[of] p2b: Manaphy\n|\n|-heal|p2b: Manaphy|63\/100|[from] item: Leftovers\n|upkeep\n|turn|2\n|inactive|days until has 120 seconds left.\n|\n|t:|1698084637\n|move|p2b: Manaphy|Stored Power|p1a: Kommo-o\n|-supereffective|p1a: Kommo-o\n|-damage|p1a: Kommo-o|0 fnt\n|faint|p1a: Kommo-o\n|move|p1b: Rillaboom|Taunt|p2a: Cresselia\n|-start|p2a: Cresselia|move: Taunt\n|cant|p2a: Cresselia|move: Taunt|Lunar Blessing\n|\n|-heal|p2b: Manaphy|69\/100|[from] item: Leftovers\n|upkeep\n|inactive|days until has 120 seconds left.\n|\n|t:|1698084652\n|switch|p1a: Tyranitar|Tyranitar, M|100\/100\n|-weather|Sandstorm|[from] ability: Sand Stream|[of] p1a: Tyranitar\n|turn|3\n|\n|t:|1698084674\n|switch|p2a: Okidogi|Okidogi, M|100\/100\n|move|p1b: Rillaboom|Grassy Glide|p2b: Manaphy\n|-damage|p2b: Manaphy|31\/100\n|move|p2b: Manaphy|Scald|p1a: Tyranitar\n|-supereffective|p1a: Tyranitar\n|-damage|p1a: Tyranitar|15\/100\n|-status|p1a: Tyranitar|brn\n|move|p1a: Tyranitar|Rock Slide|p2a: Okidogi|[spread] p2a,p2b\n|-resisted|p2a: Okidogi\n|-damage|p2a: Okidogi|93\/100\n|-damage|p2b: Manaphy|18\/100\n|\n|-weather|Sandstorm|[upkeep]\n|-damage|p2a: Okidogi|87\/100|[from] Sandstorm\n|-damage|p2b: Manaphy|12\/100|[from] Sandstorm\n|-damage|p1b: Rillaboom|94\/100|[from] Sandstorm\n|-heal|p2a: Okidogi|93\/100|[from] Grassy Terrain\n|-heal|p2b: Manaphy|18\/100|[from] item: Leftovers\n|-heal|p1a: Tyranitar|21\/100 brn|[from] Grassy Terrain\n|-heal|p1b: Rillaboom|100\/100|[from] Grassy Terrain\n|-damage|p1a: Tyranitar|15\/100 brn|[from] brn\n|upkeep\n|turn|4\n|\n|t:|1698084702\n|switch|p2a: Sinistcha|Sinistcha-Masterpiece|100\/100\n|-heal|p2b: Manaphy|43\/100|[from] ability: Hospitality|[of] p2a: Sinistcha\n|move|p1b: Rillaboom|Grassy Glide|p2b: Manaphy\n|-damage|p2b: Manaphy|5\/100\n|move|p2b: Manaphy|Stored Power|p1b: Rillaboom\n|-damage|p1b: Rillaboom|29\/100\n|move|p1a: Tyranitar|Rock Slide|p2a: Sinistcha|[spread] p2a,p2b\n|-damage|p2a: Sinistcha|86\/100\n|-damage|p2b: Manaphy|0 fnt\n|faint|p2b: Manaphy\n|\n|-weather|Sandstorm|[upkeep]\n|-damage|p1b: Rillaboom|23\/100|[from] Sandstorm\n|-damage|p2a: Sinistcha|80\/100|[from] Sandstorm\n|-heal|p1a: Tyranitar|21\/100 brn|[from] Grassy Terrain\n|-heal|p1b: Rillaboom|29\/100|[from] Grassy Terrain\n|-heal|p2a: Sinistcha|86\/100|[from] Grassy Terrain\n|-damage|p1a: Tyranitar|15\/100 brn|[from] brn\n|upkeep\n|inactive|cotesmcgotes has 120 seconds left.\n|\n|t:|1698084722\n|switch|p2b: Ogerpon|Ogerpon-Hearthflame, F|100\/100\n|-ability|p2b: Ogerpon|Mold Breaker\n|turn|5\n|\n|t:|1698084732\n|move|p2b: Ogerpon|Spiky Shield|p2b: Ogerpon\n|-singleturn|p2b: Ogerpon|move: Protect\n|move|p1a: Tyranitar|Knock Off|p2a: Sinistcha\n|-supereffective|p2a: Sinistcha\n|-damage|p2a: Sinistcha|30\/100\n|-enditem|p2a: Sinistcha|Clear Amulet|[from] move: Knock Off|[of] p1a: Tyranitar\n|move|p1b: Rillaboom|Taunt|p2b: Ogerpon\n|-activate|p2b: Ogerpon|move: Protect\n|move|p2a: Sinistcha|Matcha Gotcha|p1b: Rillaboom|[spread] p1a,p1b\n|-supereffective|p1a: Tyranitar\n|-resisted|p1b: Rillaboom\n|-damage|p1a: Tyranitar|0 fnt\n|-heal|p2a: Sinistcha|37\/100|[from] drain|[of] p1a: Tyranitar\n|-damage|p1b: Rillaboom|5\/100\n|-heal|p2a: Sinistcha|51\/100|[from] drain|[of] p1b: Rillaboom\n|faint|p1a: Tyranitar\n|\n|-weather|Sandstorm|[upkeep]\n|-damage|p2b: Ogerpon|95\/100|[from] Sandstorm\n|-damage|p1b: Rillaboom|0 fnt|[from] Sandstorm\n|-damage|p2a: Sinistcha|45\/100|[from] Sandstorm\n|faint|p1b: Rillaboom\n|-heal|p2b: Ogerpon|100\/100|[from] Grassy Terrain\n|-heal|p2a: Sinistcha|51\/100|[from] Grassy Terrain\n|-fieldend|move: Grassy Terrain\n|upkeep\n|\n|t:|1698084738\n|switch|p1a: Flutter Mane|Flutter Mane|100\/100\n|switch|p1b: Iron Bundle|Iron Bundle|100\/100\n|-enditem|p1b: Iron Bundle|Booster Energy\n|-activate|p1b: Iron Bundle|ability: Quark Drive|[fromitem]\n|-start|p1b: Iron Bundle|quarkdrivespe\n|turn|6\n|inactive|cotesmcgotes has 120 seconds left.\n|\n|t:|1698084769\n|move|p2a: Sinistcha|Rage Powder|p2a: Sinistcha\n|-singleturn|p2a: Sinistcha|move: Rage Powder\n|move|p1b: Iron Bundle|Hydro Pump|p2a: Sinistcha\n|-resisted|p2a: Sinistcha\n|-damage|p2a: Sinistcha|18\/100\n|move|p1a: Flutter Mane|Shadow Ball|p2a: Sinistcha\n|-supereffective|p2a: Sinistcha\n|-damage|p2a: Sinistcha|0 fnt\n|faint|p2a: Sinistcha\n|move|p2b: Ogerpon|Horn Leech|p1b: Iron Bundle\n|-supereffective|p1b: Iron Bundle\n|-damage|p1b: Iron Bundle|0 fnt\n|faint|p1b: Iron Bundle\n|-end|p1b: Iron Bundle|Quark Drive|[silent]\n|\n|-weather|Sandstorm|[upkeep]\n|-damage|p1a: Flutter Mane|95\/100|[from] Sandstorm\n|-damage|p2b: Ogerpon|95\/100|[from] Sandstorm\n|upkeep\n|inactive|cotesmcgotes has 120 seconds left.\n|\n|t:|1698084802\n|switch|p1b: Arcanine|Arcanine-Hisui, F|100\/100\n|switch|p2a: Cresselia|Cresselia, F|100\/100\n|-ability|p1b: Arcanine|Intimidate|boost\n|-unboost|p2a: Cresselia|atk|1\n|-unboost|p2b: Ogerpon|atk|1\n|turn|7\n|\n|t:|1698084812\n|-terastallize|p1b: Arcanine|Water\n|move|p2b: Ogerpon|Spiky Shield|p2b: Ogerpon\n|-singleturn|p2b: Ogerpon|move: Protect\n|move|p1a: Flutter Mane|Shadow Ball|p2a: Cresselia\n|-supereffective|p2a: Cresselia\n|-damage|p2a: Cresselia|41\/100\n|move|p1b: Arcanine|Rock Slide|p2b: Ogerpon|[spread] p2a\n|-activate|p2b: Ogerpon|move: Protect\n|-damage|p2a: Cresselia|25\/100\n|move|p2a: Cresselia|Icy Wind|p1a: Flutter Mane|[spread] p1a,p1b\n|-resisted|p1b: Arcanine\n|-damage|p1a: Flutter Mane|88\/100\n|-damage|p1b: Arcanine|96\/100\n|-unboost|p1a: Flutter Mane|spe|1\n|-unboost|p1b: Arcanine|spe|1\n|\n|-weather|none\n|upkeep\n|turn|8\n|inactive|cotesmcgotes has 120 seconds left.\n|\n|t:|1698084842\n|move|p2b: Ogerpon|Horn Leech|p1b: Arcanine\n|-supereffective|p1b: Arcanine\n|-damage|p1b: Arcanine|33\/100\n|-heal|p2b: Ogerpon|100\/100|[from] drain|[of] p1b: Arcanine\n|-enditem|p1b: Arcanine|Sitrus Berry|[eat]\n|-heal|p1b: Arcanine|58\/100|[from] item: Sitrus Berry\n|move|p1a: Flutter Mane|Shadow Ball|p2a: Cresselia\n|-supereffective|p2a: Cresselia\n|-damage|p2a: Cresselia|0 fnt\n|faint|p2a: Cresselia\n|move|p1b: Arcanine|Rock Slide|p2b: Ogerpon\n|-supereffective|p2b: Ogerpon\n|-damage|p2b: Ogerpon|27\/100\n|\n|upkeep\n|inactive|cotesmcgotes has 120 seconds left.\n|\n|t:|1698084859\n|switch|p2a: Roaring Moon|Roaring Moon|100\/100\n|-enditem|p2a: Roaring Moon|Booster Energy\n|-activate|p2a: Roaring Moon|ability: Protosynthesis|[fromitem]\n|-start|p2a: Roaring Moon|protosynthesisatk\n|turn|9\n|\n|t:|1698084866\n|move|p2b: Ogerpon|Horn Leech|p1b: Arcanine\n|-supereffective|p1b: Arcanine\n|-damage|p1b: Arcanine|0 fnt\n|-heal|p2b: Ogerpon|64\/100|[from] drain|[of] p1b: Arcanine\n|faint|p1b: Arcanine\n|move|p2a: Roaring Moon|Iron Head|p1a: Flutter Mane\n|-supereffective|p1a: Flutter Mane\n|-damage|p1a: Flutter Mane|0 fnt\n|faint|p1a: Flutter Mane\n|-end|p1a: Flutter Mane|Protosynthesis|[silent]\n|\n|win|cotesmcgotes\n|raw|days until's rating: 1538 &rarr; <strong>1511<\/strong><br \/>(-27 for losing)\n|raw|cotesmcgotes's rating: 1420 &rarr; <strong>1447<\/strong><br \/>(+27 for winning)\n|l|\u2606days until\n","uploadtime":1698084880,"views":11,"p1id":"daysuntil","p2id":"cotesmcgotes","formatid":"gen9doublesou","rating":1447,"private":0,"password":""}