{"id":"gen9doublesou-1995512931","p1":"Lucariogaming02","p2":"MeowMeow33","format":"[Gen 9] Doubles OU","log":"|j|\u2606Lucariogaming02\n|j|\u2606MeowMeow33\n|t:|1700578658\n|gametype|doubles\n|player|p1|Lucariogaming02|riley|1387\n|player|p2|MeowMeow33|iris-gen5bw2|1473\n|teamsize|p1|6\n|teamsize|p2|6\n|gen|9\n|tier|[Gen 9] Doubles OU\n|rated|\n|rule|Species Clause: Limit one of each Pok\u00e9mon\n|rule|OHKO Clause: OHKO moves are banned\n|rule|Evasion Moves Clause: Evasion moves are banned\n|rule|Gravity Sleep Clause: The combination of sleep-inducing moves with imperfect accuracy and Gravity or Gigantamax Orbeetle are banned\n|rule|Endless Battle Clause: Forcing endless battles is banned\n|rule|HP Percentage Mod: HP is shown in percentages\n|clearpoke\n|poke|p1|Rillaboom, M|\n|poke|p1|Thundurus-Therian, M|\n|poke|p1|Chien-Pao|\n|poke|p1|Landorus-Therian, M|\n|poke|p1|Iron Bundle|\n|poke|p1|Tornadus, M|\n|poke|p2|Milotic, F|\n|poke|p2|Diancie|\n|poke|p2|Tyranitar, F|\n|poke|p2|Flutter Mane|\n|poke|p2|Landorus-Therian, M|\n|poke|p2|Cresselia, F|\n|teampreview\n|inactive|Battle timer is ON: inactive players will automatically lose when time's up. (requested by Lucariogaming02)\n|inactive|MeowMeow33 has 120 seconds left.\n|\n|t:|1700578689\n|start\n|switch|p1a: Thundurus|Thundurus-Therian, M|100\/100\n|switch|p1b: Iron Bundle|Iron Bundle|100\/100\n|switch|p2a: Dulce|Diancie|100\/100\n|switch|p2b: spike|Tyranitar, F|100\/100\n|-weather|Sandstorm|[from] ability: Sand Stream|[of] p2b: spike\n|-enditem|p1b: Iron Bundle|Booster Energy\n|-activate|p1b: Iron Bundle|ability: Quark Drive|[fromitem]\n|-start|p1b: Iron Bundle|quarkdrivespe\n|turn|1\n|\n|t:|1700578703\n|-terastallize|p1b: Iron Bundle|Fairy\n|-terastallize|p2a: Dulce|Flying\n|move|p1b: Iron Bundle|Hydro Pump|p2a: Dulce\n|-damage|p2a: Dulce|77\/100\n|move|p1a: Thundurus|Focus Blast|p2b: spike\n|-supereffective|p2b: spike\n|-damage|p2b: spike|0 fnt\n|faint|p2b: spike\n|move|p2a: Dulce|Diamond Storm|p1b: Iron Bundle|[spread] p1a,p1b\n|-supereffective|p1a: Thundurus\n|-damage|p1a: Thundurus|20\/100\n|-damage|p1b: Iron Bundle|68\/100\n|-boost|p2a: Dulce|def|2\n|\n|-weather|Sandstorm|[upkeep]\n|-damage|p1b: Iron Bundle|62\/100|[from] Sandstorm\n|-damage|p1a: Thundurus|14\/100|[from] Sandstorm\n|-damage|p2a: Dulce|71\/100|[from] Sandstorm\n|upkeep\n|\n|t:|1700578717\n|switch|p2b: Pyra|Cresselia, F|100\/100\n|turn|2\n|\n|t:|1700578727\n|move|p1b: Iron Bundle|Freeze-Dry|p2a: Dulce\n|-supereffective|p2a: Dulce\n|-crit|p2a: Dulce\n|-damage|p2a: Dulce|30\/100\n|move|p1a: Thundurus|U-turn|p2b: Pyra\n|-supereffective|p2b: Pyra\n|-damage|p2b: Pyra|82\/100\n|\n|t:|1700578734\n|switch|p1a: Chien-Pao|Chien-Pao|100\/100|[from] U-turn\n|-ability|p1a: Chien-Pao|Sword of Ruin\n|move|p2a: Dulce|Diamond Storm|p1b: Iron Bundle|[spread] p1a,p1b\n|-supereffective|p1a: Chien-Pao\n|-damage|p1a: Chien-Pao|35\/100\n|-damage|p1b: Iron Bundle|24\/100\n|move|p2b: Pyra|Trick Room|p2b: Pyra\n|-fieldstart|move: Trick Room|[of] p2b: Pyra\n|\n|-weather|Sandstorm|[upkeep]\n|-damage|p2a: Dulce|24\/100|[from] Sandstorm\n|-damage|p2b: Pyra|76\/100|[from] Sandstorm\n|-damage|p1a: Chien-Pao|29\/100|[from] Sandstorm\n|-damage|p1b: Iron Bundle|18\/100|[from] Sandstorm\n|upkeep\n|turn|3\n|\n|t:|1700578748\n|move|p2a: Dulce|Body Press|p1a: Chien-Pao\n|-supereffective|p1a: Chien-Pao\n|-damage|p1a: Chien-Pao|0 fnt\n|faint|p1a: Chien-Pao\n|move|p2b: Pyra|Lunar Blessing|p2b: Pyra|[spread] p2a,p2b\n|-heal|p2a: Dulce|49\/100\n|-heal|p2b: Pyra|100\/100\n|move|p1b: Iron Bundle|Blizzard|p2b: Pyra|[spread] p2a,p2b\n|-supereffective|p2a: Dulce\n|-damage|p2a: Dulce|15\/100\n|-damage|p2b: Pyra|77\/100\n|-status|p2a: Dulce|frz\n|-status|p2b: Pyra|frz\n|\n|-weather|Sandstorm|[upkeep]\n|-damage|p2a: Dulce|9\/100 frz|[from] Sandstorm\n|-damage|p2b: Pyra|71\/100 frz|[from] Sandstorm\n|-damage|p1b: Iron Bundle|12\/100|[from] Sandstorm\n|upkeep\n|\n|t:|1700578763\n|switch|p1a: Rillaboom|Rillaboom, M|100\/100\n|-fieldstart|move: Grassy Terrain|[from] ability: Grassy Surge|[of] p1a: Rillaboom\n|turn|4\n|c|\u2606MeowMeow33|NO WAYYY\n|c|\u2606MeowMeow33|l\n|c|\u2606MeowMeow33|AHYHHHHHHHHhghghhghghgjfhfhdfbjugrhedbfrejfvbgfdnrhejrdfigvnlafk rwih;efsdj\n|c|\u2606MeowMeow33|]l[\n|\n|t:|1700578775\n|move|p1a: Rillaboom|Fake Out|p2b: Pyra\n|-damage|p2b: Pyra|60\/100 frz\n|cant|p2a: Dulce|frz\n|cant|p2b: Pyra|frz\n|move|p1b: Iron Bundle|Blizzard|p2a: Dulce|[spread] \n|-miss|p1b: Iron Bundle|p2a: Dulce\n|-miss|p1b: Iron Bundle|p2b: Pyra\n|\n|-weather|Sandstorm|[upkeep]\n|-damage|p2a: Dulce|2\/100 frz|[from] Sandstorm\n|-damage|p2b: Pyra|54\/100 frz|[from] Sandstorm\n|-damage|p1a: Rillaboom|94\/100|[from] Sandstorm\n|-damage|p1b: Iron Bundle|6\/100|[from] Sandstorm\n|-heal|p1a: Rillaboom|100\/100|[from] Grassy Terrain\n|-heal|p1b: Iron Bundle|12\/100|[from] Grassy Terrain\n|upkeep\n|turn|5\n|c|\u2606Lucariogaming02|That was unexpected\n|c|\u2606Lucariogaming02|Amd then a double miss\n|c|\u2606Lucariogaming02|Ofc\n|inactive|Lucariogaming02 has 120 seconds left.\n|\n|t:|1700578811\n|move|p1a: Rillaboom|Grassy Glide|p2b: Pyra\n|-damage|p2b: Pyra|26\/100 frz\n|cant|p2a: Dulce|frz\n|cant|p2b: Pyra|frz\n|move|p1b: Iron Bundle|Blizzard|p2b: Pyra|[spread] p2b\n|-miss|p1b: Iron Bundle|p2a: Dulce\n|-damage|p2b: Pyra|0 fnt\n|faint|p2b: Pyra\n|\n|-weather|none\n|-heal|p1b: Iron Bundle|18\/100|[from] Grassy Terrain\n|upkeep\n|c|\u2606MeowMeow33|with no snow either\n|inactive|MeowMeow33 has 120 seconds left.\n|\n|t:|1700578842\n|switch|p2b: ooga booga|Landorus-Therian, M|100\/100\n|-ability|p2b: ooga booga|Intimidate|boost\n|-unboost|p1a: Rillaboom|atk|1\n|-unboost|p1b: Iron Bundle|atk|1\n|turn|6\n|inactive|MeowMeow33 has 120 seconds left.\n|\n|t:|1700578856\n|move|p1a: Rillaboom|Grassy Glide|p2b: ooga booga\n|-damage|p2b: ooga booga|74\/100\n|cant|p2a: Dulce|frz\n|move|p2b: ooga booga|U-turn|p1a: Rillaboom\n|-supereffective|p1a: Rillaboom\n|-damage|p1a: Rillaboom|45\/100\n|-enditem|p1a: Rillaboom|Sitrus Berry|[eat]\n|-heal|p1a: Rillaboom|70\/100|[from] item: Sitrus Berry\n|inactive|MeowMeow33 has 120 seconds left.\n|\n|t:|1700578869\n|switch|p2b: mythra|Flutter Mane|100\/100|[from] U-turn\n|move|p1b: Iron Bundle|Blizzard|p2a: Dulce|[spread] p2a,p2b\n|-supereffective|p2a: Dulce\n|-damage|p2a: Dulce|0 fnt\n|-damage|p2b: mythra|56\/100\n|faint|p2a: Dulce\n|\n|-heal|p1a: Rillaboom|76\/100|[from] Grassy Terrain\n|-heal|p2b: mythra|62\/100|[from] Grassy Terrain\n|-heal|p1b: Iron Bundle|24\/100|[from] Grassy Terrain\n|-fieldend|move: Trick Room\n|upkeep\n|\n|t:|1700578874\n|switch|p2a: ooga booga|Landorus-Therian, M|74\/100\n|-ability|p2a: ooga booga|Intimidate|boost\n|-unboost|p1a: Rillaboom|atk|1\n|-unboost|p1b: Iron Bundle|atk|1\n|turn|7\n|c|\u2606Lucariogaming02|1\/100 chance for the double freeze and 49\/100 chance for the double hit\n|c|\u2606Lucariogaming02|Wow\n|\n|t:|1700578904\n|switch|p1a: Landorus|Landorus-Therian, M, shiny|100\/100\n|-ability|p1a: Landorus|Intimidate|boost\n|-fail|p2a: ooga booga|unboost|[from] item: Clear Amulet|[of] p2a: ooga booga\n|-unboost|p2b: mythra|atk|1\n|move|p1b: Iron Bundle|Blizzard|p2a: ooga booga|[spread] p2a,p2b\n|-supereffective|p2a: ooga booga\n|-damage|p2a: ooga booga|0 fnt\n|-damage|p2b: mythra|20\/100\n|faint|p2a: ooga booga\n|move|p2b: mythra|Shadow Ball|p1b: Iron Bundle\n|-damage|p1b: Iron Bundle|0 fnt\n|faint|p1b: Iron Bundle\n|-end|p1b: Iron Bundle|Quark Drive|[silent]\n|\n|-heal|p2b: mythra|26\/100|[from] Grassy Terrain\n|upkeep\n|\n|t:|1700578916\n|switch|p1b: Tornadus|Tornadus, M|100\/100\n|switch|p2a: Lucy|Milotic, F|100\/100\n|turn|8\n|\n|t:|1700578931\n|move|p1b: Tornadus|Tailwind|p1b: Tornadus\n|-sidestart|p1: Lucariogaming02|move: Tailwind\n|move|p1a: Landorus|Rock Slide|p2a: Lucy|[spread] p2a,p2b\n|-damage|p2a: Lucy|65\/100\n|-damage|p2b: mythra|0 fnt\n|faint|p2b: mythra\n|-end|p2b: mythra|Protosynthesis|[silent]\n|-damage|p1a: Landorus|90\/100|[from] item: Life Orb\n|cant|p2a: Lucy|flinch\n|\n|-heal|p2a: Lucy|71\/100|[from] Grassy Terrain\n|-heal|p2a: Lucy|77\/100|[from] item: Leftovers\n|-fieldend|move: Grassy Terrain\n|upkeep\n|turn|9\n|-message|MeowMeow33 forfeited.\n|\n|win|Lucariogaming02\n|raw|Lucariogaming02's rating: 1387 &rarr; <strong>1412<\/strong><br \/>(+25 for winning)\n|raw|MeowMeow33's rating: 1473 &rarr; <strong>1448<\/strong><br \/>(-25 for losing)\n|l|\u2606MeowMeow33\n","uploadtime":1700579024,"views":25,"p1id":"lucariogaming02","p2id":"meowmeow33","formatid":"gen9doublesou","rating":1412,"private":0,"password":""}