{"id":"gen9doublesou-1998264573","p1":"sanswithagun","p2":"mapext","format":"[Gen 9] Doubles OU","log":"|j|\u2606sanswithagun\n|j|\u2606mapext\n|t:|1700921926\n|gametype|doubles\n|player|p1|sanswithagun|101|1388\n|player|p2|mapext|266|1229\n|teamsize|p1|6\n|teamsize|p2|6\n|gen|9\n|tier|[Gen 9] Doubles OU\n|rated|\n|rule|Species Clause: Limit one of each Pok\u00e9mon\n|rule|OHKO Clause: OHKO moves are banned\n|rule|Evasion Moves Clause: Evasion moves are banned\n|rule|Gravity Sleep Clause: The combination of sleep-inducing moves with imperfect accuracy and Gravity or Gigantamax Orbeetle are banned\n|rule|Endless Battle Clause: Forcing endless battles is banned\n|rule|HP Percentage Mod: HP is shown in percentages\n|clearpoke\n|poke|p1|Tyranitar, F|\n|poke|p1|Ting-Lu|\n|poke|p1|Houndstone, F|\n|poke|p1|Diancie|\n|poke|p1|Landorus, M|\n|poke|p1|Gholdengo|\n|poke|p2|Chien-Pao|\n|poke|p2|Toxapex, M|\n|poke|p2|Basculegion-F, F|\n|poke|p2|Dragonite, F|\n|poke|p2|Great Tusk|\n|poke|p2|Amoonguss, F|\n|teampreview\n|inactive|Battle timer is ON: inactive players will automatically lose when time's up. (requested by mapext)\n|\n|t:|1700921934\n|start\n|switch|p1a: bigman|Tyranitar, F|100\/100\n|switch|p1b: Diancie|Diancie|100\/100\n|switch|p2a: Chien-Pao|Chien-Pao|100\/100\n|switch|p2b: Dragonite|Dragonite, F|100\/100\n|-ability|p2a: Chien-Pao|Sword of Ruin\n|-weather|Sandstorm|[from] ability: Sand Stream|[of] p1a: bigman\n|turn|1\n|\n|t:|1700921946\n|switch|p1a: Gholdengo|Gholdengo|100\/100\n|move|p2b: Dragonite|Extreme Speed|p1b: Diancie\n|-resisted|p1b: Diancie\n|-damage|p1b: Diancie|83\/100\n|move|p2a: Chien-Pao|Sacred Sword|p1b: Diancie\n|-damage|p1b: Diancie|41\/100\n|move|p1b: Diancie|Diamond Storm|p2a: Chien-Pao|[spread] p2a,p2b\n|-supereffective|p2a: Chien-Pao\n|-supereffective|p2b: Dragonite\n|-damage|p2a: Chien-Pao|16\/100\n|-damage|p2b: Dragonite|64\/100\n|-boost|p1b: Diancie|def|2\n|\n|-weather|Sandstorm|[upkeep]\n|-damage|p2a: Chien-Pao|10\/100|[from] Sandstorm\n|-damage|p2b: Dragonite|58\/100|[from] Sandstorm\n|upkeep\n|turn|2\n|\n|t:|1700921969\n|switch|p2a: Great Tusk|Great Tusk|100\/100\n|-enditem|p2a: Great Tusk|Booster Energy\n|-activate|p2a: Great Tusk|ability: Protosynthesis|[fromitem]\n|-start|p2a: Great Tusk|protosynthesisatk\n|switch|p2b: Toxapex|Toxapex, M|100\/100\n|move|p1a: Gholdengo|Make It Rain|p2a: Great Tusk|[spread] p2a,p2b\n|-resisted|p2b: Toxapex\n|-crit|p2b: Toxapex\n|-damage|p2a: Great Tusk|41\/100\n|-damage|p2b: Toxapex|69\/100\n|-unboost|p1a: Gholdengo|spa|1\n|move|p1b: Diancie|Diamond Storm|p2b: Toxapex|[spread] p2a,p2b\n|-resisted|p2a: Great Tusk\n|-crit|p2a: Great Tusk\n|-damage|p2a: Great Tusk|31\/100\n|-damage|p2b: Toxapex|43\/100\n|-boost|p1b: Diancie|def|2\n|\n|-weather|Sandstorm|[upkeep]\n|-damage|p2b: Toxapex|36\/100|[from] Sandstorm\n|-heal|p2b: Toxapex|43\/100|[from] item: Leftovers\n|upkeep\n|turn|3\n|\n|t:|1700921993\n|move|p2b: Toxapex|Baneful Bunker|p2b: Toxapex\n|-singleturn|p2b: Toxapex|move: Protect\n|move|p2a: Great Tusk|Knock Off|p1a: Gholdengo\n|-supereffective|p1a: Gholdengo\n|-damage|p1a: Gholdengo|30\/100\n|-enditem|p1a: Gholdengo|Leftovers|[from] move: Knock Off|[of] p2a: Great Tusk\n|move|p1a: Gholdengo|Thunderbolt|p2b: Toxapex\n|-activate|p2b: Toxapex|move: Protect\n|move|p1b: Diancie|Play Rough|p2a: Great Tusk\n|-supereffective|p2a: Great Tusk\n|-crit|p2a: Great Tusk\n|-damage|p2a: Great Tusk|0 fnt\n|faint|p2a: Great Tusk\n|-end|p2a: Great Tusk|Protosynthesis|[silent]\n|\n|-weather|Sandstorm|[upkeep]\n|-damage|p2b: Toxapex|36\/100|[from] Sandstorm\n|-heal|p2b: Toxapex|43\/100|[from] item: Leftovers\n|upkeep\n|inactive|mapext has 120 seconds left.\n|\n|t:|1700922011\n|switch|p2a: Dragonite|Dragonite, F|58\/100\n|turn|4\n|\n|t:|1700922018\n|move|p1a: Gholdengo|Thunderbolt|p2b: Toxapex\n|-supereffective|p2b: Toxapex\n|-damage|p2b: Toxapex|5\/100\n|move|p2a: Dragonite|Fire Punch|p1a: Gholdengo\n|-supereffective|p1a: Gholdengo\n|-damage|p1a: Gholdengo|0 fnt\n|faint|p1a: Gholdengo\n|move|p2b: Toxapex|Sludge Bomb|p1b: Diancie\n|-damage|p1b: Diancie|34\/100\n|move|p1b: Diancie|Diamond Storm|p2a: Dragonite|[spread] p2a,p2b\n|-supereffective|p2a: Dragonite\n|-damage|p2a: Dragonite|4\/100\n|-damage|p2b: Toxapex|0 fnt\n|-boost|p1b: Diancie|def|2\n|faint|p2b: Toxapex\n|\n|-weather|Sandstorm|[upkeep]\n|-damage|p2a: Dragonite|0 fnt|[from] Sandstorm\n|faint|p2a: Dragonite\n|upkeep\n|\n|t:|1700922045\n|switch|p1a: Landorus|Landorus, M, shiny|100\/100\n|switch|p2a: Amoonguss|Amoonguss, F|100\/100\n|switch|p2b: Chien-Pao|Chien-Pao|10\/100\n|-ability|p2b: Chien-Pao|Sword of Ruin\n|turn|5\n|\n|t:|1700922058\n|move|p1a: Landorus|Rock Slide|p2a: Amoonguss|[spread] p2a,p2b\n|-supereffective|p2b: Chien-Pao\n|-damage|p2a: Amoonguss|72\/100\n|-damage|p2b: Chien-Pao|0 fnt\n|faint|p2b: Chien-Pao\n|move|p2a: Amoonguss|Sludge Bomb|p1b: Diancie\n|-crit|p1b: Diancie\n|-damage|p1b: Diancie|20\/100\n|move|p1b: Diancie|Diamond Storm|p2a: Amoonguss\n|-damage|p2a: Amoonguss|31\/100\n|\n|-weather|Sandstorm|[upkeep]\n|-damage|p2a: Amoonguss|25\/100|[from] Sandstorm\n|-heal|p2a: Amoonguss|31\/100|[from] item: Leftovers\n|upkeep\n|\n|t:|1700922072\n|switch|p2b: Basculegion|Basculegion-F, F|100\/100\n|turn|6\n|\n|t:|1700922083\n|move|p1a: Landorus|Rock Slide|p2a: Amoonguss|[spread] p2a,p2b\n|-crit|p2b: Basculegion\n|-damage|p2a: Amoonguss|9\/100\n|-damage|p2b: Basculegion|57\/100\n|cant|p2b: Basculegion|flinch\n|move|p2a: Amoonguss|Spore|p1b: Diancie\n|-status|p1b: Diancie|slp|[from] move: Spore\n|cant|p1b: Diancie|slp\n|\n|-weather|Sandstorm|[upkeep]\n|-damage|p2b: Basculegion|51\/100|[from] Sandstorm\n|-damage|p2a: Amoonguss|2\/100|[from] Sandstorm\n|-heal|p2a: Amoonguss|9\/100|[from] item: Leftovers\n|upkeep\n|turn|7\n|inactive|mapext has 120 seconds left.\n|\n|t:|1700922126\n|move|p1a: Landorus|Rock Slide|p2b: Basculegion|[spread] p2a,p2b\n|-damage|p2a: Amoonguss|0 fnt\n|-damage|p2b: Basculegion|23\/100\n|faint|p2a: Amoonguss\n|move|p2b: Basculegion|Last Respects|p1a: Landorus\n|-damage|p1a: Landorus|0 fnt\n|faint|p1a: Landorus\n|cant|p1b: Diancie|slp\n|\n|-weather|Sandstorm|[upkeep]\n|-damage|p2b: Basculegion|17\/100|[from] Sandstorm\n|upkeep\n|\n|t:|1700922137\n|switch|p1a: Houndstone|Houndstone, F|100\/100\n|turn|8\n|\n|t:|1700922148\n|move|p1a: Houndstone|Last Respects|p2b: Basculegion\n|-supereffective|p2b: Basculegion\n|-damage|p2b: Basculegion|0 fnt\n|faint|p2b: Basculegion\n|\n|win|sanswithagun\n|raw|sanswithagun's rating: 1388 &rarr; <strong>1399<\/strong><br \/>(+11 for winning)\n|raw|mapext's rating: 1229 &rarr; <strong>1215<\/strong><br \/>(-14 for losing)\n","uploadtime":1700922156,"views":3,"p1id":"sanswithagun","p2id":"mapext","formatid":"gen9doublesou","rating":1215,"private":0,"password":""}