{"id":"gen9doublesou-1986591348","p1":"Redzone92","p2":"UwU_Kingz","format":"[Gen 9] Doubles OU","log":"|j|\u2606Redzone92\n|j|\u2606UwU_Kingz\n|t:|1699495473\n|gametype|doubles\n|player|p1|Redzone92|alder|\n|player|p2|UwU_Kingz|170|\n|teamsize|p1|6\n|teamsize|p2|6\n|gen|9\n|tier|[Gen 9] Doubles OU\n|rule|Species Clause: Limit one of each Pok\u00e9mon\n|rule|OHKO Clause: OHKO moves are banned\n|rule|Evasion Moves Clause: Evasion moves are banned\n|rule|Gravity Sleep Clause: The combination of sleep-inducing moves with imperfect accuracy and Gravity or Gigantamax Orbeetle are banned\n|rule|Endless Battle Clause: Forcing endless battles is banned\n|rule|HP Percentage Mod: HP is shown in percentages\n|clearpoke\n|poke|p1|Farigiraf, F|\n|poke|p1|Landorus-Therian, M|\n|poke|p1|Diancie|\n|poke|p1|Iron Moth|\n|poke|p1|Hydreigon, F|\n|poke|p1|Kleavor, M|\n|poke|p2|Landorus, M|\n|poke|p2|Mesprit|\n|poke|p2|Hatterene, F|\n|poke|p2|Iron Hands|\n|poke|p2|Samurott-Hisui, M|\n|poke|p2|Arcanine-Hisui, M|\n|teampreview\n|j| klaylton\n|\n|t:|1699495480\n|start\n|switch|p1a: Pete|Hydreigon, F|100\/100\n|switch|p1b: Rufus|Landorus-Therian, M|100\/100\n|switch|p2a: Iron Hands|Iron Hands|100\/100\n|switch|p2b: Mesprit|Mesprit|100\/100\n|-ability|p1b: Rufus|Intimidate|boost\n|-unboost|p2a: Iron Hands|atk|1\n|-unboost|p2b: Mesprit|atk|1\n|turn|1\n|j| StephenStone1130\n|\n|t:|1699495512\n|-end|p2a: Iron Hands|Quark Drive|[silent]\n|switch|p2a: Fluffy|Arcanine-Hisui, M, shiny|100\/100\n|move|p1a: Pete|Earth Power|p2a: Fluffy\n|-supereffective|p2a: Fluffy\n|-damage|p2a: Fluffy|0 fnt\n|faint|p2a: Fluffy\n|move|p1b: Rufus|Earthquake|p2b: Mesprit|[spread] \n|-immune|p1a: Pete|[from] ability: Levitate\n|-immune|p2b: Mesprit|[from] ability: Levitate\n|move|p2b: Mesprit|Ice Beam|p1b: Rufus\n|-supereffective|p1b: Rufus\n|-damage|p1b: Rufus|0 fnt\n|faint|p1b: Rufus\n|\n|upkeep\n|\n|t:|1699495529\n|switch|p2a: Landorus|Landorus, M|100\/100\n|switch|p1b: Edward|Kleavor, M, shiny|100\/100\n|turn|2\n|j| Kevin Dickey12\n|\n|t:|1699495547\n|move|p1b: Edward|Protect|p1b: Edward\n|-singleturn|p1b: Edward|Protect\n|move|p1a: Pete|Surf|p2b: Mesprit|[spread] p2a,p2b\n|-activate|p1b: Edward|move: Protect\n|-supereffective|p2a: Landorus\n|-damage|p2a: Landorus|46\/100\n|-damage|p2b: Mesprit|78\/100\n|move|p2a: Landorus|Earth Power|p1b: Edward\n|-activate|p1b: Edward|move: Protect\n|move|p2b: Mesprit|Ice Beam|p1a: Pete\n|-supereffective|p1a: Pete\n|-damage|p1a: Pete|14\/100\n|\n|upkeep\n|turn|3\n|\n|t:|1699495568\n|move|p1a: Pete|Dragon Pulse|p2b: Mesprit\n|-damage|p2b: Mesprit|36\/100\n|move|p2a: Landorus|Earth Power|p1b: Edward\n|-damage|p1b: Edward|0 fnt\n|faint|p1b: Edward\n|move|p2b: Mesprit|Ice Beam|p1a: Pete\n|-supereffective|p1a: Pete\n|-damage|p1a: Pete|0 fnt\n|faint|p1a: Pete\n|\n|upkeep\n|\n|t:|1699495583\n|switch|p1a: Martty|Farigiraf, F|100\/100\n|switch|p1b: cyborg mothra|Iron Moth, shiny|100\/100\n|-enditem|p1b: cyborg mothra|Booster Energy\n|-activate|p1b: cyborg mothra|ability: Quark Drive|[fromitem]\n|-start|p1b: cyborg mothra|quarkdrivespa\n|turn|4\n|\n|t:|1699495607\n|-terastallize|p1b: cyborg mothra|Bug\n|move|p1b: cyborg mothra|Fiery Dance|p2a: Landorus\n|-damage|p2a: Landorus|0 fnt\n|faint|p2a: Landorus\n|move|p2b: Mesprit|Psychic|p1b: cyborg mothra\n|-damage|p1b: cyborg mothra|51\/100\n|move|p1a: Martty|Dazzling Gleam|p2b: Mesprit\n|-damage|p2b: Mesprit|10\/100\n|\n|upkeep\n|\n|t:|1699495619\n|switch|p2a: Iron Hands|Iron Hands|100\/100\n|turn|5\n|\n|t:|1699495637\n|move|p1b: cyborg mothra|Bug Buzz|p2b: Mesprit\n|-supereffective|p2b: Mesprit\n|-damage|p2b: Mesprit|0 fnt\n|faint|p2b: Mesprit\n|move|p2a: Iron Hands|Earthquake|p1b: cyborg mothra|[spread] p1a,p1b\n|-resisted|p1b: cyborg mothra\n|-damage|p1a: Martty|72\/100\n|-damage|p1b: cyborg mothra|30\/100\n|move|p1a: Martty|Dazzling Gleam|p2a: Iron Hands\n|-supereffective|p2a: Iron Hands\n|-damage|p2a: Iron Hands|72\/100\n|\n|upkeep\n|\n|t:|1699495650\n|switch|p2b: Samurott|Samurott-Hisui, M, shiny|100\/100\n|turn|6\n|\n|t:|1699495663\n|move|p1b: cyborg mothra|Bug Buzz|p2b: Samurott\n|-supereffective|p2b: Samurott\n|-enditem|p2b: Samurott|Focus Sash\n|-damage|p2b: Samurott|1\/100\n|-unboost|p2b: Samurott|spd|1\n|move|p2b: Samurott|Aqua Cutter|p1b: cyborg mothra\n|-damage|p1b: cyborg mothra|0 fnt\n|faint|p1b: cyborg mothra\n|-end|p1b: cyborg mothra|Quark Drive|[silent]\n|move|p2a: Iron Hands|Brick Break|p1a: Martty\n|-damage|p1a: Martty|32\/100\n|-enditem|p1a: Martty|Sitrus Berry|[eat]\n|-heal|p1a: Martty|57\/100|[from] item: Sitrus Berry\n|move|p1a: Martty|Dazzling Gleam|p2a: Iron Hands|[spread] p2a,p2b\n|-supereffective|p2a: Iron Hands\n|-supereffective|p2b: Samurott\n|-damage|p2a: Iron Hands|49\/100\n|-damage|p2b: Samurott|0 fnt\n|faint|p2b: Samurott\n|\n|upkeep\n|\n|t:|1699495683\n|switch|p1b: Tiana|Diancie, shiny|100\/100\n|switch|p2b: Hatterene|Hatterene, F|100\/100\n|turn|7\n|\n|t:|1699495725\n|move|p2a: Iron Hands|Fire Punch|p1a: Martty\n|-damage|p1a: Martty|26\/100\n|-status|p1a: Martty|brn\n|move|p1a: Martty|Dazzling Gleam|p2a: Iron Hands|[spread] p2a,p2b\n|-supereffective|p2a: Iron Hands\n|-damage|p2a: Iron Hands|25\/100\n|-damage|p2b: Hatterene|79\/100\n|move|p1b: Tiana|Diamond Storm|p2a: Iron Hands|[spread] p2a,p2b\n|-resisted|p2a: Iron Hands\n|-damage|p2a: Iron Hands|16\/100\n|-damage|p2b: Hatterene|48\/100\n|move|p2b: Hatterene|Shadow Ball|p1b: Tiana\n|-damage|p1b: Tiana|77\/100\n|\n|-heal|p2b: Hatterene|54\/100|[from] item: Leftovers\n|-heal|p1b: Tiana|83\/100|[from] item: Leftovers\n|-damage|p1a: Martty|20\/100 brn|[from] brn\n|-activate|p1a: Martty|ability: Cud Chew\n|-enditem|p1a: Martty|Sitrus Berry|[eat]\n|-heal|p1a: Martty|45\/100 brn|[from] item: Sitrus Berry\n|upkeep\n|turn|8\n|\n|t:|1699495763\n|move|p2a: Iron Hands|Fire Punch|p1a: Martty\n|-damage|p1a: Martty|16\/100 brn\n|move|p1a: Martty|Shadow Ball|p2b: Hatterene\n|-supereffective|p2b: Hatterene\n|-damage|p2b: Hatterene|0 fnt\n|faint|p2b: Hatterene\n|move|p1b: Tiana|Body Press|p2a: Iron Hands\n|-damage|p2a: Iron Hands|0 fnt\n|faint|p2a: Iron Hands\n|-end|p2a: Iron Hands|Quark Drive|[silent]\n|\n|win|Redzone92\n|l| klaylton\n|l|\u2606UwU_Kingz\n|l|\u2606Redzone92\n","uploadtime":1699495781,"views":33,"p1id":"redzone92","p2id":"uwukingz","formatid":"gen9doublesou","rating":0,"private":0,"password":""}