{"id":"gen9doublesou-1972350086","p1":"Geniusatstuff","p2":"Kisakiwonderlife","format":"[Gen 9] Doubles OU","log":"|j|\u2606Geniusatstuff\n|j|\u2606Kisakiwonderlife\n|t:|1697833809\n|gametype|doubles\n|player|p1|Geniusatstuff|266|1080\n|player|p2|Kisakiwonderlife|lass-gen8|1066\n|teamsize|p1|6\n|teamsize|p2|6\n|gen|9\n|tier|[Gen 9] Doubles OU\n|rated|\n|rule|Species Clause: Limit one of each Pok\u00e9mon\n|rule|OHKO Clause: OHKO moves are banned\n|rule|Evasion Moves Clause: Evasion moves are banned\n|rule|Gravity Sleep Clause: The combination of sleep-inducing moves with imperfect accuracy and Gravity or Gigantamax Orbeetle are banned\n|rule|Endless Battle Clause: Forcing endless battles is banned\n|rule|HP Percentage Mod: HP is shown in percentages\n|clearpoke\n|poke|p1|Oricorio-Pom-Pom, M|\n|poke|p1|Cresselia, F|\n|poke|p1|Milotic, M|\n|poke|p1|Volcarona, M|\n|poke|p1|Lilligant-Hisui, F|\n|poke|p1|Goodra-Hisui, M|\n|poke|p2|Tornadus, M|\n|poke|p2|Goodra-Hisui, F|\n|poke|p2|Garganacl, M|\n|poke|p2|Farigiraf, F|\n|poke|p2|Flutter Mane|\n|poke|p2|Fezandipiti, M|\n|teampreview\n|inactive|Battle timer is ON: inactive players will automatically lose when time's up. (requested by Kisakiwonderlife)\n|\n|t:|1697833828\n|start\n|switch|p1a: Oricorio|Oricorio-Pom-Pom, M, shiny|100\/100\n|switch|p1b: Cresselia|Cresselia, F, shiny|100\/100\n|switch|p2a: Fezandipiti|Fezandipiti, M|100\/100\n|switch|p2b: Garganacl|Garganacl, M|100\/100\n|turn|1\n|\n|t:|1697833853\n|move|p2a: Fezandipiti|Icy Wind|p1b: Cresselia|[spread] p1a,p1b\n|-supereffective|p1a: Oricorio\n|-damage|p1a: Oricorio|79\/100\n|-damage|p1b: Cresselia|97\/100\n|-unboost|p1a: Oricorio|spe|1\n|-unboost|p1b: Cresselia|spe|1\n|-status|p1b: Cresselia|tox|[from] ability: Toxic Chain|[of] p2a: Fezandipiti\n|move|p1a: Oricorio|Icy Wind|p2b: Garganacl|[spread] p2a\n|-miss|p1a: Oricorio|p2b: Garganacl\n|-damage|p2a: Fezandipiti|90\/100\n|move|p1b: Cresselia|Skill Swap|p1a: Oricorio\n|-activate|p1b: Cresselia|move: Skill Swap|||[of] p1a: Oricorio\n|move|p2b: Garganacl|Stealth Rock|p1a: Oricorio\n|-sidestart|p1: Geniusatstuff|move: Stealth Rock\n|\n|-damage|p1b: Cresselia|91\/100 tox|[from] psn\n|upkeep\n|turn|2\n|\n|t:|1697833875\n|move|p2b: Garganacl|Wide Guard|p2b: Garganacl\n|-singleturn|p2b: Garganacl|Wide Guard\n|move|p2a: Fezandipiti|Swords Dance|p2a: Fezandipiti\n|-boost|p2a: Fezandipiti|atk|2\n|-enditem|p1b: Cresselia|Mirror Herb\n|-boost|p1b: Cresselia|atk|2|[from] item: Mirror Herb\n|-activate|p1b: Cresselia|ability: Dancer\n|move|p1b: Cresselia|Swords Dance|p1b: Cresselia|[from]ability: Dancer\n|-boost|p1b: Cresselia|atk|2\n|move|p1a: Oricorio|Quiver Dance|p1a: Oricorio\n|-boost|p1a: Oricorio|spa|1\n|-boost|p1a: Oricorio|spd|1\n|-boost|p1a: Oricorio|spe|1\n|-activate|p1b: Cresselia|ability: Dancer\n|move|p1b: Cresselia|Quiver Dance|p1b: Cresselia|[from]ability: Dancer\n|-boost|p1b: Cresselia|spa|1\n|-boost|p1b: Cresselia|spd|1\n|-boost|p1b: Cresselia|spe|1\n|move|p1b: Cresselia|Lunar Blessing|p1b: Cresselia|[spread] p1a,p1b\n|-heal|p1a: Oricorio|100\/100\n|-heal|p1b: Cresselia|100\/100 tox\n|-curestatus|p1b: Cresselia|tox|[msg]\n|\n|upkeep\n|turn|3\n|inactive|Geniusatstuff has 120 seconds left.\n|\n|t:|1697833905\n|move|p2a: Fezandipiti|Icy Wind|p1a: Oricorio|[spread] p1a,p1b\n|-supereffective|p1a: Oricorio\n|-damage|p1a: Oricorio|87\/100\n|-damage|p1b: Cresselia|98\/100\n|-unboost|p1a: Oricorio|spe|1\n|-unboost|p1b: Cresselia|spe|1\n|move|p1a: Oricorio|Quiver Dance|p1a: Oricorio\n|-boost|p1a: Oricorio|spa|1\n|-boost|p1a: Oricorio|spd|1\n|-boost|p1a: Oricorio|spe|1\n|-activate|p1b: Cresselia|ability: Dancer\n|move|p1b: Cresselia|Quiver Dance|p1b: Cresselia|[from]ability: Dancer\n|-boost|p1b: Cresselia|spa|1\n|-boost|p1b: Cresselia|spd|1\n|-boost|p1b: Cresselia|spe|1\n|move|p1b: Cresselia|Stored Power|p2a: Fezandipiti\n|-supereffective|p2a: Fezandipiti\n|-damage|p2a: Fezandipiti|0 fnt\n|faint|p2a: Fezandipiti\n|move|p2b: Garganacl|Salt Cure|p1b: Cresselia\n|-damage|p1b: Cresselia|89\/100\n|-start|p1b: Cresselia|Salt Cure\n|\n|-damage|p1b: Cresselia|77\/100|[from] Salt Cure\n|upkeep\n|inactive|Kisakiwonderlife has 120 seconds left.\n|\n|t:|1697833928\n|switch|p2a: Goodra|Goodra-Hisui, F|100\/100\n|turn|4\n|\n|t:|1697833948\n|switch|p1a: Milotic|Milotic, M, shiny|100\/100\n|-damage|p1a: Milotic|88\/100|[from] Stealth Rock\n|move|p2a: Goodra|Protect|p2a: Goodra\n|-singleturn|p2a: Goodra|Protect\n|move|p1b: Cresselia|Skill Swap|p1a: Milotic\n|-activate|p1b: Cresselia|move: Skill Swap|||[of] p1a: Milotic\n|move|p2b: Garganacl|Salt Cure|p1a: Milotic\n|-damage|p1a: Milotic|76\/100\n|-start|p1a: Milotic|Salt Cure\n|\n|-damage|p1b: Cresselia|64\/100|[from] Salt Cure\n|-damage|p1a: Milotic|52\/100|[from] Salt Cure\n|upkeep\n|turn|5\n|\n|t:|1697833971\n|move|p2b: Garganacl|Wide Guard|p2b: Garganacl\n|-singleturn|p2b: Garganacl|Wide Guard\n|move|p1b: Cresselia|Lunar Blessing|p1b: Cresselia|[spread] p1a,p1b\n|-heal|p1a: Milotic|77\/100\n|-heal|p1b: Cresselia|89\/100\n|move|p1a: Milotic|Coil|p1a: Milotic\n|-boost|p1a: Milotic|atk|1\n|-boost|p1a: Milotic|def|1\n|-boost|p1a: Milotic|accuracy|1\n|move|p2a: Goodra|Shelter|p2a: Goodra\n|-boost|p2a: Goodra|def|2\n|\n|-damage|p1b: Cresselia|77\/100|[from] Salt Cure\n|-damage|p1a: Milotic|52\/100|[from] Salt Cure\n|upkeep\n|turn|6\n|\n|t:|1697833999\n|move|p1b: Cresselia|Lunar Blessing|p1b: Cresselia|[spread] p1a,p1b\n|-heal|p1a: Milotic|77\/100\n|-heal|p1b: Cresselia|100\/100\n|move|p1a: Milotic|Hypnosis|p2a: Goodra\n|-status|p2a: Goodra|slp|[from] move: Hypnosis\n|cant|p2a: Goodra|slp\n|move|p2b: Garganacl|Salt Cure|p1a: Milotic\n|-damage|p1a: Milotic|68\/100\n|\n|-damage|p1b: Cresselia|88\/100|[from] Salt Cure\n|-damage|p1a: Milotic|44\/100|[from] Salt Cure\n|upkeep\n|-enditem|p1a: Milotic|Sitrus Berry|[eat]\n|-heal|p1a: Milotic|68\/100|[from] item: Sitrus Berry\n|turn|7\n|\n|t:|1697834024\n|move|p1b: Cresselia|Stored Power|p2b: Garganacl\n|-damage|p2b: Garganacl|33\/100\n|move|p1a: Milotic|Scald|p2b: Garganacl\n|-supereffective|p2b: Garganacl\n|-damage|p2b: Garganacl|0 fnt\n|faint|p2b: Garganacl\n|cant|p2a: Goodra|slp\n|\n|-damage|p1b: Cresselia|76\/100|[from] Salt Cure\n|-damage|p1a: Milotic|44\/100|[from] Salt Cure\n|upkeep\n|\n|t:|1697834038\n|switch|p2b: Flutter Mane|Flutter Mane|100\/100\n|-enditem|p2b: Flutter Mane|Booster Energy\n|-activate|p2b: Flutter Mane|ability: Protosynthesis|[fromitem]\n|-start|p2b: Flutter Mane|protosynthesisspe\n|turn|8\n|\n|t:|1697834057\n|move|p2b: Flutter Mane|Shadow Ball|p1a: Milotic\n|-damage|p1a: Milotic|10\/100\n|move|p1b: Cresselia|Lunar Blessing|p1b: Cresselia|[spread] p1a,p1b\n|-heal|p1a: Milotic|35\/100\n|-heal|p1b: Cresselia|100\/100\n|move|p1a: Milotic|Hypnosis|p2b: Flutter Mane\n|-status|p2b: Flutter Mane|slp|[from] move: Hypnosis\n|-curestatus|p2a: Goodra|slp|[msg]\n|move|p2a: Goodra|Shelter|p2a: Goodra\n|-boost|p2a: Goodra|def|2\n|\n|-damage|p1b: Cresselia|88\/100|[from] Salt Cure\n|-damage|p1a: Milotic|10\/100|[from] Salt Cure\n|upkeep\n|turn|9\n|\n|t:|1697834080\n|cant|p2b: Flutter Mane|slp\n|move|p1b: Cresselia|Skill Swap|p1a: Milotic\n|-activate|p1b: Cresselia|move: Skill Swap|||[of] p1a: Milotic\n|move|p2a: Goodra|Body Press|p1a: Milotic\n|-damage|p1a: Milotic|0 fnt\n|faint|p1a: Milotic\n|\n|-damage|p1b: Cresselia|76\/100|[from] Salt Cure\n|upkeep\n|inactive|Geniusatstuff has 120 seconds left.\n|\n|t:|1697834106\n|switch|p1a: Oricorio|Oricorio-Pom-Pom, M, shiny|87\/100\n|-damage|p1a: Oricorio|62\/100|[from] Stealth Rock\n|turn|10\n|inactive|Geniusatstuff has 120 seconds left.\n|\n|t:|1697834123\n|-terastallize|p1a: Oricorio|Ground\n|cant|p2b: Flutter Mane|slp\n|move|p1a: Oricorio|Revelation Dance|p2a: Goodra\n|-supereffective|p2a: Goodra\n|-damage|p2a: Goodra|52\/100\n|-activate|p1b: Cresselia|ability: Dancer\n|move|p1b: Cresselia|Revelation Dance|p2a: Goodra|[from]ability: Dancer\n|-resisted|p2a: Goodra\n|-damage|p2a: Goodra|37\/100\n|move|p1b: Cresselia|Stored Power|p2a: Goodra\n|-resisted|p2a: Goodra\n|-damage|p2a: Goodra|7\/100\n|move|p2a: Goodra|Flash Cannon|p1b: Cresselia\n|-damage|p1b: Cresselia|66\/100\n|\n|-damage|p1b: Cresselia|54\/100|[from] Salt Cure\n|upkeep\n|turn|11\n|inactive|Geniusatstuff has 120 seconds left.\n|\n|t:|1697834152\n|-curestatus|p2b: Flutter Mane|slp|[msg]\n|move|p2b: Flutter Mane|Icy Wind|p1b: Cresselia|[spread] p1a,p1b\n|-supereffective|p1a: Oricorio\n|-damage|p1a: Oricorio|17\/100\n|-damage|p1b: Cresselia|49\/100\n|-unboost|p1a: Oricorio|spe|1\n|-unboost|p1b: Cresselia|spe|1\n|move|p1a: Oricorio|Quiver Dance|p1a: Oricorio\n|-boost|p1a: Oricorio|spa|1\n|-boost|p1a: Oricorio|spd|1\n|-boost|p1a: Oricorio|spe|1\n|-activate|p1b: Cresselia|ability: Dancer\n|move|p1b: Cresselia|Quiver Dance|p1b: Cresselia|[from]ability: Dancer\n|-boost|p1b: Cresselia|spa|1\n|-boost|p1b: Cresselia|spd|1\n|-boost|p1b: Cresselia|spe|1\n|move|p1b: Cresselia|Dazzling Gleam|p2a: Goodra|[spread] p2a,p2b\n|-damage|p2a: Goodra|0 fnt\n|-damage|p2b: Flutter Mane|72\/100\n|faint|p2a: Goodra\n|\n|-damage|p1b: Cresselia|37\/100|[from] Salt Cure\n|upkeep\n|inactive|Kisakiwonderlife has 120 seconds left.\n|\n|t:|1697834166\n|switch|p2a: Farigiraf|Farigiraf, F|100\/100\n|turn|12\n|\n|t:|1697834180\n|move|p1a: Oricorio|Protect|p1a: Oricorio\n|-singleturn|p1a: Oricorio|Protect\n|move|p2b: Flutter Mane|Icy Wind|p1a: Oricorio|[spread] p1b\n|-activate|p1a: Oricorio|move: Protect\n|-damage|p1b: Cresselia|33\/100\n|-unboost|p1b: Cresselia|spe|1\n|move|p2a: Farigiraf|Nasty Plot|p2a: Farigiraf\n|-boost|p2a: Farigiraf|spa|2\n|move|p1b: Cresselia|Lunar Blessing|p1b: Cresselia|[spread] p1a,p1b\n|-heal|p1a: Oricorio|42\/100\n|-heal|p1b: Cresselia|58\/100\n|\n|-damage|p1b: Cresselia|46\/100|[from] Salt Cure\n|upkeep\n|turn|13\n|\n|t:|1697834207\n|move|p2b: Flutter Mane|Icy Wind|p1a: Oricorio|[spread] p1a,p1b\n|-supereffective|p1a: Oricorio\n|-damage|p1a: Oricorio|9\/100\n|-damage|p1b: Cresselia|42\/100\n|-unboost|p1a: Oricorio|spe|1\n|-unboost|p1b: Cresselia|spe|1\n|move|p1a: Oricorio|Quiver Dance|p1a: Oricorio\n|-boost|p1a: Oricorio|spa|1\n|-boost|p1a: Oricorio|spd|1\n|-boost|p1a: Oricorio|spe|1\n|-activate|p1b: Cresselia|ability: Dancer\n|move|p1b: Cresselia|Quiver Dance|p1b: Cresselia|[from]ability: Dancer\n|-boost|p1b: Cresselia|spa|1\n|-boost|p1b: Cresselia|spd|1\n|-boost|p1b: Cresselia|spe|1\n|move|p2a: Farigiraf|Nasty Plot|p2a: Farigiraf\n|-boost|p2a: Farigiraf|spa|2\n|move|p1b: Cresselia|Stored Power|p2a: Farigiraf\n|-resisted|p2a: Farigiraf\n|-crit|p2a: Farigiraf\n|-damage|p2a: Farigiraf|0 fnt\n|faint|p2a: Farigiraf\n|\n|-damage|p1b: Cresselia|30\/100|[from] Salt Cure\n|upkeep\n|\n|t:|1697834219\n|switch|p2a: Tornadus|Tornadus, M|100\/100\n|turn|14\n|\n|t:|1697834240\n|move|p2a: Tornadus|Nasty Plot|p2a: Tornadus\n|-boost|p2a: Tornadus|spa|2\n|move|p2b: Flutter Mane|Shadow Ball|p1b: Cresselia\n|-supereffective|p1b: Cresselia\n|-damage|p1b: Cresselia|10\/100\n|move|p1a: Oricorio|Quiver Dance|p1a: Oricorio\n|-boost|p1a: Oricorio|spa|1\n|-boost|p1a: Oricorio|spd|1\n|-boost|p1a: Oricorio|spe|1\n|-activate|p1b: Cresselia|ability: Dancer\n|move|p1b: Cresselia|Quiver Dance|p1b: Cresselia|[from]ability: Dancer\n|-boost|p1b: Cresselia|spa|1\n|-boost|p1b: Cresselia|spd|1\n|-boost|p1b: Cresselia|spe|1\n|move|p1b: Cresselia|Stored Power|p2a: Tornadus\n|-damage|p2a: Tornadus|0 fnt\n|faint|p2a: Tornadus\n|\n|-damage|p1b: Cresselia|0 fnt|[from] Salt Cure\n|faint|p1b: Cresselia\n|upkeep\n|inactive|Geniusatstuff has 120 seconds left.\n|\n|t:|1697834265\n|switch|p1b: Goodra|Goodra-Hisui, M, shiny|100\/100\n|-damage|p1b: Goodra|95\/100|[from] Stealth Rock\n|turn|15\n|\n|t:|1697834274\n|move|p2b: Flutter Mane|Icy Wind|p1b: Goodra|[spread] p1a\n|-miss|p2b: Flutter Mane|p1b: Goodra\n|-supereffective|p1a: Oricorio\n|-damage|p1a: Oricorio|0 fnt\n|faint|p1a: Oricorio\n|move|p1b: Goodra|Heavy Slam|p2b: Flutter Mane\n|-supereffective|p2b: Flutter Mane\n|-damage|p2b: Flutter Mane|0 fnt\n|faint|p2b: Flutter Mane\n|-end|p2b: Flutter Mane|Protosynthesis|[silent]\n|\n|win|Geniusatstuff\n|raw|Geniusatstuff's rating: 1080 &rarr; <strong>1107<\/strong><br \/>(+27 for winning)\n|raw|Kisakiwonderlife's rating: 1066 &rarr; <strong>1047<\/strong><br \/>(-19 for losing)\n|l|\u2606Kisakiwonderlife\n","uploadtime":1697834288,"views":16,"p1id":"geniusatstuff","p2id":"kisakiwonderlife","formatid":"gen9doublesou","rating":1047,"private":0,"password":""}