{"id":"gen9doublesou-1994405424","p1":"Thatbluebaby","p2":"GiveDRUpls234","format":"[Gen 9] Doubles OU","log":"|j|\u2606Thatbluebaby\n|j|\u2606GiveDRUpls234\n|t:|1700440214\n|gametype|doubles\n|player|p1|Thatbluebaby|steven|1094\n|player|p2|GiveDRUpls234|cynthia|1163\n|teamsize|p1|6\n|teamsize|p2|6\n|gen|9\n|tier|[Gen 9] Doubles OU\n|rated|\n|rule|Species Clause: Limit one of each Pok\u00e9mon\n|rule|OHKO Clause: OHKO moves are banned\n|rule|Evasion Moves Clause: Evasion moves are banned\n|rule|Gravity Sleep Clause: The combination of sleep-inducing moves with imperfect accuracy and Gravity or Gigantamax Orbeetle are banned\n|rule|Endless Battle Clause: Forcing endless battles is banned\n|rule|HP Percentage Mod: HP is shown in percentages\n|clearpoke\n|poke|p1|Golem-Alola, M|\n|poke|p1|Gholdengo|\n|poke|p1|Iron Hands|\n|poke|p1|Landorus-Therian, M|\n|poke|p1|Amoonguss, M|\n|poke|p1|Ogerpon-Hearthflame, F|\n|poke|p2|Rillaboom, M|\n|poke|p2|Sinistcha-Masterpiece|\n|poke|p2|Ursaluna-Bloodmoon, M|\n|poke|p2|Iron Hands|\n|poke|p2|Farigiraf, F|\n|poke|p2|Arcanine, M|\n|teampreview\n|inactive|Battle timer is ON: inactive players will automatically lose when time's up. (requested by GiveDRUpls234)\n|\n|t:|1700440226\n|start\n|switch|p1a: Golem|Golem-Alola, M|100\/100\n|switch|p1b: Landorus|Landorus-Therian, M|100\/100\n|switch|p2a: Rillaboom|Rillaboom, M|100\/100\n|switch|p2b: Ursaluna|Ursaluna-Bloodmoon, M|100\/100\n|-ability|p1b: Landorus|Intimidate|boost\n|-unboost|p2a: Rillaboom|atk|1\n|-unboost|p2b: Ursaluna|atk|1\n|-fieldstart|move: Grassy Terrain|[from] ability: Grassy Surge|[of] p2a: Rillaboom\n|turn|1\n|inactive|Thatbluebaby has 120 seconds left.\n|\n|t:|1700440261\n|move|p2a: Rillaboom|Fake Out|p1b: Landorus\n|-damage|p1b: Landorus|92\/100\n|cant|p1b: Landorus|flinch\n|move|p1a: Golem|Stealth Rock|p2a: Rillaboom\n|-sidestart|p2: GiveDRUpls234|move: Stealth Rock\n|move|p2b: Ursaluna|Earth Power|p1a: Golem\n|-supereffective|p1a: Golem\n|-enditem|p1a: Golem|Focus Sash\n|-damage|p1a: Golem|1\/100\n|-unboost|p1a: Golem|spd|1\n|-damage|p2b: Ursaluna|90\/100|[from] item: Life Orb\n|\n|-heal|p1a: Golem|7\/100|[from] Grassy Terrain\n|-heal|p2b: Ursaluna|97\/100|[from] Grassy Terrain\n|upkeep\n|turn|2\n|\n|t:|1700440282\n|switch|p2a: Iron Hands|Iron Hands|100\/100\n|-damage|p2a: Iron Hands|94\/100|[from] Stealth Rock\n|move|p1a: Golem|Protect|p1a: Golem\n|-singleturn|p1a: Golem|Protect\n|move|p1b: Landorus|U-turn|p2a: Iron Hands\n|-resisted|p2a: Iron Hands\n|-damage|p2a: Iron Hands|88\/100\n|inactive|Thatbluebaby has 120 seconds left.\n|\n|t:|1700440300\n|switch|p1b: Iron Hands|Iron Hands|100\/100|[from] U-turn\n|-enditem|p1b: Iron Hands|Booster Energy\n|-activate|p1b: Iron Hands|ability: Quark Drive|[fromitem]\n|-start|p1b: Iron Hands|quarkdriveatk\n|move|p2b: Ursaluna|Hyper Voice|p1b: Iron Hands|[spread] p1b\n|-activate|p1a: Golem|move: Protect\n|-damage|p1b: Iron Hands|55\/100\n|-damage|p2b: Ursaluna|87\/100|[from] item: Life Orb\n|\n|-heal|p1b: Iron Hands|62\/100|[from] Grassy Terrain\n|-heal|p1a: Golem|13\/100|[from] Grassy Terrain\n|-heal|p2a: Iron Hands|94\/100|[from] Grassy Terrain\n|-heal|p2b: Ursaluna|93\/100|[from] Grassy Terrain\n|upkeep\n|turn|3\n|inactive|Thatbluebaby has 120 seconds left.\n|inactive|GiveDRUpls234 has 120 seconds left.\n|\n|t:|1700440349\n|switch|p2b: Arcanine|Arcanine, M|100\/100\n|-damage|p2b: Arcanine|75\/100|[from] Stealth Rock\n|-ability|p2b: Arcanine|Intimidate|boost\n|-unboost|p1a: Golem|atk|1\n|-unboost|p1b: Iron Hands|atk|1\n|move|p1b: Iron Hands|Fake Out|p2a: Iron Hands\n|-damage|p2a: Iron Hands|86\/100\n|move|p1a: Golem|Volt Switch|p2a: Iron Hands\n|-resisted|p2a: Iron Hands\n|-damage|p2a: Iron Hands|80\/100\n|\n|t:|1700440363\n|switch|p1a: Landorus|Landorus-Therian, M|92\/100|[from] Volt Switch\n|-ability|p1a: Landorus|Intimidate|boost\n|-unboost|p2a: Iron Hands|atk|1\n|-unboost|p2b: Arcanine|atk|1\n|cant|p2a: Iron Hands|flinch\n|\n|-heal|p2b: Arcanine|82\/100|[from] Grassy Terrain\n|-heal|p1b: Iron Hands|68\/100|[from] Grassy Terrain\n|-heal|p2a: Iron Hands|86\/100|[from] Grassy Terrain\n|upkeep\n|turn|4\n|inactive|Thatbluebaby has 120 seconds left.\n|\n|t:|1700440379\n|move|p2b: Arcanine|Will-O-Wisp|p1a: Landorus\n|-status|p1a: Landorus|brn\n|move|p1a: Landorus|Earth Power|p2a: Iron Hands\n|-supereffective|p2a: Iron Hands\n|-damage|p2a: Iron Hands|24\/100\n|-enditem|p2a: Iron Hands|Sitrus Berry|[eat]\n|-heal|p2a: Iron Hands|49\/100|[from] item: Sitrus Berry\n|move|p1b: Iron Hands|Drain Punch|p2a: Iron Hands\n|-damage|p2a: Iron Hands|25\/100\n|-heal|p1b: Iron Hands|80\/100|[from] drain|[of] p2a: Iron Hands\n|move|p2a: Iron Hands|Swords Dance|p2a: Iron Hands\n|-boost|p2a: Iron Hands|atk|2\n|\n|-heal|p2b: Arcanine|88\/100|[from] Grassy Terrain\n|-heal|p1b: Iron Hands|86\/100|[from] Grassy Terrain\n|-heal|p2a: Iron Hands|32\/100|[from] Grassy Terrain\n|-damage|p1a: Landorus|86\/100 brn|[from] brn\n|upkeep\n|turn|5\n|inactive|Thatbluebaby has 120 seconds left.\n|\n|t:|1700440407\n|move|p2a: Iron Hands|Protect|p2a: Iron Hands\n|-singleturn|p2a: Iron Hands|Protect\n|move|p2b: Arcanine|Will-O-Wisp|p1b: Iron Hands|[miss]\n|-miss|p2b: Arcanine|p1b: Iron Hands\n|move|p1a: Landorus|Earth Power|p2a: Iron Hands\n|-activate|p2a: Iron Hands|move: Protect\n|move|p1b: Iron Hands|Belly Drum|p1b: Iron Hands\n|-damage|p1b: Iron Hands|36\/100\n|-setboost|p1b: Iron Hands|atk|6|[from] move: Belly Drum\n|\n|-heal|p2b: Arcanine|94\/100|[from] Grassy Terrain\n|-heal|p1b: Iron Hands|42\/100|[from] Grassy Terrain\n|-heal|p2a: Iron Hands|38\/100|[from] Grassy Terrain\n|-damage|p1a: Landorus|80\/100 brn|[from] brn\n|-fieldend|move: Grassy Terrain\n|upkeep\n|turn|6\n|\n|t:|1700440430\n|move|p2b: Arcanine|Will-O-Wisp|p1b: Iron Hands|[miss]\n|-miss|p2b: Arcanine|p1b: Iron Hands\n|move|p1a: Landorus|Earth Power|p2a: Iron Hands\n|-supereffective|p2a: Iron Hands\n|-damage|p2a: Iron Hands|0 fnt\n|faint|p2a: Iron Hands\n|-end|p2a: Iron Hands|Quark Drive|[silent]\n|move|p1b: Iron Hands|Drain Punch|p2b: Arcanine\n|-crit|p2b: Arcanine\n|-damage|p2b: Arcanine|0 fnt\n|-heal|p1b: Iron Hands|77\/100|[from] drain|[of] p2b: Arcanine\n|faint|p2b: Arcanine\n|\n|-damage|p1a: Landorus|74\/100 brn|[from] brn\n|upkeep\n|\n|t:|1700440446\n|switch|p2b: Sinistcha|Sinistcha-Masterpiece|100\/100\n|switch|p2a: Rillaboom|Rillaboom, M|100\/100\n|-damage|p2a: Rillaboom|88\/100|[from] Stealth Rock\n|-fieldstart|move: Grassy Terrain|[from] ability: Grassy Surge|[of] p2a: Rillaboom\n|-damage|p2b: Sinistcha|88\/100|[from] Stealth Rock\n|-heal|p2a: Rillaboom|100\/100|[from] ability: Hospitality|[of] p2b: Sinistcha\n|turn|7\n|\n|t:|1700440466\n|move|p2a: Rillaboom|Fake Out|p1b: Iron Hands\n|-crit|p1b: Iron Hands\n|-damage|p1b: Iron Hands|66\/100\n|move|p1a: Landorus|U-turn|p2b: Sinistcha\n|-damage|p2b: Sinistcha|78\/100\n|\n|t:|1700440475\n|switch|p1a: Ogerpon|Ogerpon-Hearthflame, F|100\/100|[from] U-turn\n|-ability|p1a: Ogerpon|Mold Breaker\n|move|p2b: Sinistcha|Matcha Gotcha|p1a: Ogerpon|[spread] p1b\n|-miss|p2b: Sinistcha|p1a: Ogerpon\n|-damage|p1b: Iron Hands|38\/100\n|-heal|p2b: Sinistcha|98\/100|[from] drain|[of] p1b: Iron Hands\n|-status|p1b: Iron Hands|brn\n|cant|p1b: Iron Hands|flinch\n|\n|-heal|p2b: Sinistcha|100\/100|[from] Grassy Terrain\n|-heal|p1b: Iron Hands|44\/100 brn|[from] Grassy Terrain\n|-damage|p1b: Iron Hands|38\/100 brn|[from] brn\n|upkeep\n|turn|8\n|l|\u2606Thatbluebaby\n|inactive|Thatbluebaby disconnected and has a minute to reconnect!\n|player|p1|\n|j|\u2606Thatbluebaby\n|inactive|Thatbluebaby reconnected and has 115 seconds left.\n|player|p1|Thatbluebaby|steven\n|\n|t:|1700440520\n|-terastallize|p2a: Rillaboom|Fire\n|move|p1a: Ogerpon|Knock Off|p2b: Sinistcha\n|-supereffective|p2b: Sinistcha\n|-damage|p2b: Sinistcha|26\/100\n|-enditem|p2b: Sinistcha|Leftovers|[from] move: Knock Off|[of] p1a: Ogerpon\n|move|p2a: Rillaboom|High Horsepower|p1b: Iron Hands\n|-supereffective|p1b: Iron Hands\n|-damage|p1b: Iron Hands|2\/100 brn\n|move|p1b: Iron Hands|Drain Punch|p2a: Rillaboom\n|-damage|p2a: Rillaboom|8\/100\n|-heal|p1b: Iron Hands|39\/100 brn|[from] drain|[of] p2a: Rillaboom\n|move|p2b: Sinistcha|Trick Room|p2b: Sinistcha\n|-fieldstart|move: Trick Room|[of] p2b: Sinistcha\n|\n|-heal|p1b: Iron Hands|45\/100 brn|[from] Grassy Terrain\n|-heal|p2b: Sinistcha|32\/100|[from] Grassy Terrain\n|-heal|p2a: Rillaboom|14\/100|[from] Grassy Terrain\n|-damage|p1b: Iron Hands|39\/100 brn|[from] brn\n|upkeep\n|turn|9\n|inactive|Thatbluebaby has 120 seconds left.\n|inactive|GiveDRUpls234 has 120 seconds left.\n|\n|t:|1700440552\n|switch|p2a: Farigiraf|Farigiraf, F|100\/100\n|-damage|p2a: Farigiraf|88\/100|[from] Stealth Rock\n|move|p1b: Iron Hands|Drain Punch|p2a: Farigiraf\n|-damage|p2a: Farigiraf|0 fnt\n|-heal|p1b: Iron Hands|77\/100 brn|[from] drain|[of] p2a: Farigiraf\n|faint|p2a: Farigiraf\n|move|p2b: Sinistcha|Strength Sap|p1b: Iron Hands\n|-unboost|p1b: Iron Hands|atk|1\n|-heal|p2b: Sinistcha|100\/100\n|move|p1a: Ogerpon|Ivy Cudgel|p2b: Sinistcha|[anim] Ivy Cudgel Fire\n|-supereffective|p2b: Sinistcha\n|-damage|p2b: Sinistcha|0 fnt\n|faint|p2b: Sinistcha\n|\n|-heal|p1b: Iron Hands|83\/100 brn|[from] Grassy Terrain\n|-damage|p1b: Iron Hands|77\/100 brn|[from] brn\n|upkeep\n|inactive|GiveDRUpls234 has 120 seconds left.\n|\n|t:|1700440566\n|switch|p2a: Rillaboom|Rillaboom, M, tera:Fire|14\/100\n|switch|p2b: Ursaluna|Ursaluna-Bloodmoon, M|93\/100\n|-damage|p2b: Ursaluna|87\/100|[from] Stealth Rock\n|-damage|p2a: Rillaboom|0 fnt|[from] Stealth Rock\n|faint|p2a: Rillaboom\n|turn|10\n|inactive|Thatbluebaby has 120 seconds left.\n|-message|GiveDRUpls234 forfeited.\n|\n|win|Thatbluebaby\n|raw|Thatbluebaby's rating: 1094 &rarr; <strong>1125<\/strong><br \/>(+31 for winning)\n|raw|GiveDRUpls234's rating: 1163 &rarr; <strong>1133<\/strong><br \/>(-30 for losing)\n|l|\u2606GiveDRUpls234\n","uploadtime":1700440599,"views":4,"p1id":"thatbluebaby","p2id":"givedrupls234","formatid":"gen9doublesou","rating":1125,"private":0,"password":""}