{"id":"gen9doublesou-1991192918","p1":"Kondroid","p2":"Wiilyam","format":"[Gen 9] Doubles OU","log":"|j|\u2606Kondroid\n|j|\u2606Wiilyam\n|t:|1700055650\n|gametype|doubles\n|player|p1|Kondroid|hilbert-wonderlauncher|1133\n|player|p2|Wiilyam|ingo|1139\n|teamsize|p1|6\n|teamsize|p2|6\n|gen|9\n|tier|[Gen 9] Doubles OU\n|rated|\n|rule|Species Clause: Limit one of each Pok\u00e9mon\n|rule|OHKO Clause: OHKO moves are banned\n|rule|Evasion Moves Clause: Evasion moves are banned\n|rule|Gravity Sleep Clause: The combination of sleep-inducing moves with imperfect accuracy and Gravity or Gigantamax Orbeetle are banned\n|rule|Endless Battle Clause: Forcing endless battles is banned\n|rule|HP Percentage Mod: HP is shown in percentages\n|clearpoke\n|poke|p1|Baxcalibur, F|\n|poke|p1|Ninetales-Alola, F|\n|poke|p1|Sinistcha|\n|poke|p1|Goodra-Hisui, F|\n|poke|p1|Zapdos|\n|poke|p1|Ogerpon-Hearthflame, F|\n|poke|p2|Regidrago|\n|poke|p2|Sinistcha-Masterpiece|\n|poke|p2|Murkrow, F|\n|poke|p2|Tornadus, M|\n|poke|p2|Grimmsnarl, M|\n|poke|p2|Cresselia, F|\n|teampreview\n|inactive|Battle timer is ON: inactive players will automatically lose when time's up. (requested by Kondroid)\n|inactive|Wiilyam has 120 seconds left.\n|\n|t:|1700055695\n|start\n|switch|p1a: Goodra|Goodra-Hisui, F|100\/100\n|switch|p1b: Zapdos|Zapdos|100\/100\n|switch|p2a: Sinistcha|Sinistcha-Masterpiece|100\/100\n|switch|p2b: Grimmsnarl|Grimmsnarl, M|100\/100\n|turn|1\n|\n|t:|1700055721\n|move|p2b: Grimmsnarl|Fake Tears|p1b: Zapdos\n|-unboost|p1b: Zapdos|spd|2\n|move|p1b: Zapdos|Tailwind|p1b: Zapdos\n|-sidestart|p1: Kondroid|move: Tailwind\n|move|p1a: Goodra|Flash Cannon|p2a: Sinistcha\n|-damage|p2a: Sinistcha|49\/100\n|move|p2a: Sinistcha|Shadow Ball|p1b: Zapdos\n|-damage|p1b: Zapdos|4\/100\n|\n|upkeep\n|turn|2\n|inactive|Kondroid has 120 seconds left.\n|inactive|Wiilyam has 120 seconds left.\n|\n|t:|1700055776\n|move|p2b: Grimmsnarl|Parting Shot|p1a: Goodra\n|-unboost|p1a: Goodra|atk|1\n|-unboost|p1a: Goodra|spa|1\n|inactive|Wiilyam has 90 seconds left.\n|\n|t:|1700055790\n|switch|p2b: Tornadus|Tornadus, M|100\/100|[from] Parting Shot\n|move|p1b: Zapdos|Heat Wave|p2a: Sinistcha|[spread] p2a,p2b\n|-supereffective|p2a: Sinistcha\n|-damage|p2a: Sinistcha|0 fnt\n|-damage|p2b: Tornadus|71\/100\n|-status|p2b: Tornadus|brn\n|faint|p2a: Sinistcha\n|move|p1a: Goodra|Blizzard|p2b: Tornadus|[miss]\n|-miss|p1a: Goodra|p2b: Tornadus\n|\n|-damage|p2b: Tornadus|65\/100 brn|[from] brn\n|upkeep\n|inactive|Wiilyam has 90 seconds left.\n|\n|t:|1700055805\n|switch|p2a: Regidrago|Regidrago|100\/100\n|turn|3\n|\n|t:|1700055814\n|switch|p1b: Ninetales|Ninetales-Alola, F|100\/100\n|-weather|Snow|[from] ability: Snow Warning|[of] p1b: Ninetales\n|move|p2b: Tornadus|Tailwind|p2b: Tornadus\n|-sidestart|p2: Wiilyam|move: Tailwind\n|move|p2a: Regidrago|Dragon Energy|p1b: Ninetales|[spread] p1a\n|-immune|p1b: Ninetales\n|-damage|p1a: Goodra|49\/100\n|move|p1a: Goodra|Blizzard|p2a: Regidrago|[spread] p2a,p2b\n|-supereffective|p2a: Regidrago\n|-supereffective|p2b: Tornadus\n|-damage|p2a: Regidrago|58\/100\n|-damage|p2b: Tornadus|23\/100 brn\n|-status|p2a: Regidrago|frz\n|\n|-weather|Snow|[upkeep]\n|-damage|p2b: Tornadus|17\/100 brn|[from] brn\n|upkeep\n|turn|4\n|inactive|Wiilyam has 120 seconds left.\n|\n|t:|1700055846\n|switch|p2a: Grimmsnarl|Grimmsnarl, M|100\/100\n|move|p2b: Tornadus|Taunt|p1b: Ninetales\n|-start|p1b: Ninetales|move: Taunt\n|cant|p1b: Ninetales|move: Taunt|Aurora Veil\n|move|p1a: Goodra|Blizzard|p2a: Grimmsnarl|[spread] p2a,p2b\n|-supereffective|p2b: Tornadus\n|-damage|p2a: Grimmsnarl|84\/100\n|-damage|p2b: Tornadus|0 fnt\n|faint|p2b: Tornadus\n|\n|-weather|Snow|[upkeep]\n|-sideend|p1: Kondroid|move: Tailwind\n|upkeep\n|inactive|Wiilyam has 90 seconds left.\n|\n|t:|1700055863\n|switch|p2b: Murkrow|Murkrow, F|100\/100\n|turn|5\n|\n|t:|1700055878\n|switch|p1b: Sinistcha|Sinistcha|100\/100\n|-heal|p1a: Goodra|74\/100|[from] ability: Hospitality|[of] p1b: Sinistcha\n|switch|p1a: Zapdos|Zapdos|4\/100\n|move|p2a: Grimmsnarl|Fake Out|p1a: Zapdos\n|-damage|p1a: Zapdos|0 fnt\n|-damage|p2a: Grimmsnarl|67\/100|[from] item: Rocky Helmet|[of] p1a: Zapdos\n|-status|p2a: Grimmsnarl|par|[from] ability: Static|[of] p1a: Zapdos\n|faint|p1a: Zapdos\n|move|p2b: Murkrow|Sunny Day|p2b: Murkrow\n|-weather|SunnyDay\n|\n|-weather|SunnyDay|[upkeep]\n|upkeep\n|\n|t:|1700055894\n|switch|p1a: Ninetales|Ninetales-Alola, F|100\/100\n|-weather|Snow|[from] ability: Snow Warning|[of] p1a: Ninetales\n|turn|6\n|inactive|Wiilyam has 120 seconds left.\n|\n|t:|1700055909\n|move|p2b: Murkrow|Sunny Day|p2b: Murkrow\n|-weather|SunnyDay\n|move|p2a: Grimmsnarl|Fake Tears|p1a: Ninetales\n|-unboost|p1a: Ninetales|spd|2\n|move|p1a: Ninetales|Aurora Veil||[still]\n|-fail|p1a: Ninetales\n|move|p1b: Sinistcha|Matcha Gotcha|p2a: Grimmsnarl|[spread] p2a,p2b\n|-resisted|p2b: Murkrow\n|-damage|p2a: Grimmsnarl|37\/100 par\n|-damage|p2b: Murkrow|76\/100\n|-enditem|p2a: Grimmsnarl|Sitrus Berry|[eat]\n|-heal|p2a: Grimmsnarl|62\/100 par|[from] item: Sitrus Berry\n|\n|-weather|SunnyDay|[upkeep]\n|-sideend|p2: Wiilyam|move: Tailwind\n|upkeep\n|turn|7\n|inactive|Wiilyam has 120 seconds left.\n|inactive|Kondroid has 120 seconds left.\n|\n|t:|1700055940\n|switch|p1a: Ogerpon|Ogerpon-Hearthflame, F|100\/100\n|-ability|p1a: Ogerpon|Mold Breaker\n|move|p1b: Sinistcha|Rage Powder|p1b: Sinistcha\n|-singleturn|p1b: Sinistcha|move: Rage Powder\n|move|p2b: Murkrow|Thunder Wave|p1b: Sinistcha|[miss]\n|-miss|p2b: Murkrow|p1b: Sinistcha\n|move|p2a: Grimmsnarl|Parting Shot|p1b: Sinistcha\n|-unboost|p1b: Sinistcha|atk|1\n|-unboost|p1b: Sinistcha|spa|1\n|inactive|Wiilyam has 120 seconds left.\n|\n|t:|1700055955\n|switch|p2a: Cresselia|Cresselia, F|100\/100|[from] Parting Shot\n|\n|-weather|SunnyDay|[upkeep]\n|upkeep\n|turn|8\n|inactive|Wiilyam has 120 seconds left.\n|\n|t:|1700055981\n|switch|p1b: Goodra|Goodra-Hisui, F|74\/100\n|move|p2b: Murkrow|Protect|p2b: Murkrow\n|-singleturn|p2b: Murkrow|Protect\n|move|p2a: Cresselia|Protect|p2a: Cresselia\n|-singleturn|p2a: Cresselia|Protect\n|move|p1a: Ogerpon|Ivy Cudgel|p2a: Cresselia|[anim] Ivy Cudgel Fire\n|-activate|p2a: Cresselia|move: Protect\n|\n|-weather|SunnyDay|[upkeep]\n|upkeep\n|turn|9\n|inactive|Wiilyam has 120 seconds left.\n|\n|t:|1700056020\n|move|p2b: Murkrow|Thunder Wave|p1a: Ogerpon\n|-status|p1a: Ogerpon|par\n|move|p2a: Cresselia|Lunar Dance|p2a: Cresselia\n|faint|p2a: Cresselia\n|move|p1a: Ogerpon|Ivy Cudgel|p2b: Murkrow|[anim] Ivy Cudgel Fire\n|-damage|p2b: Murkrow|0 fnt\n|faint|p2b: Murkrow\n|move|p1b: Goodra|Draco Meteor|p2: Cresselia|[notarget]\n|-fail|p1b: Goodra\n|\n|-weather|SunnyDay|[upkeep]\n|upkeep\n|\n|t:|1700056036\n|switch|p2a: Regidrago|Regidrago|58\/100 frz\n|switch|p2b: Grimmsnarl|Grimmsnarl, M|62\/100 par\n|-heal|p2a: Regidrago|100\/100|[from] move: Lunar Dance\n|turn|10\n|inactive|Wiilyam has 120 seconds left.\n|\n|t:|1700056065\n|-terastallize|p2a: Regidrago|Dragon\n|move|p2b: Grimmsnarl|Fake Out|p1b: Goodra\n|-resisted|p1b: Goodra\n|-damage|p1b: Goodra|69\/100\n|move|p1a: Ogerpon|Follow Me|p1a: Ogerpon\n|-singleturn|p1a: Ogerpon|move: Follow Me\n|move|p2a: Regidrago|Dragon Energy|p1b: Goodra|[spread] p1a,p1b\n|-damage|p1a: Ogerpon|0 fnt\n|-damage|p1b: Goodra|8\/100\n|faint|p1a: Ogerpon\n|cant|p1b: Goodra|flinch\n|\n|-weather|none\n|upkeep\n|\n|t:|1700056081\n|switch|p1a: Ninetales|Ninetales-Alola, F|100\/100\n|-weather|Snow|[from] ability: Snow Warning|[of] p1a: Ninetales\n|turn|11\n|inactive|Wiilyam has 120 seconds left.\n|-message|Wiilyam forfeited.\n|\n|win|Kondroid\n|raw|Kondroid's rating: 1133 &rarr; <strong>1158<\/strong><br \/>(+25 for winning)\n|raw|Wiilyam's rating: 1139 &rarr; <strong>1114<\/strong><br \/>(-25 for losing)\n|l|\u2606Wiilyam\n","uploadtime":1700056109,"views":14,"p1id":"kondroid","p2id":"wiilyam","formatid":"gen9doublesou","rating":1114,"private":0,"password":""}