{"id":"gen9doublesou-1996233551","p1":"RocketsViability","p2":"HydroMonk","format":"[Gen 9] Doubles OU","log":"|j|\u2606RocketsViability\n|j|\u2606HydroMonk\n|t:|1700662216\n|gametype|doubles\n|player|p1|RocketsViability|102|1213\n|player|p2|HydroMonk|ghetsis|1271\n|teamsize|p1|6\n|teamsize|p2|6\n|gen|9\n|tier|[Gen 9] Doubles OU\n|rated|\n|rule|Species Clause: Limit one of each Pok\u00e9mon\n|rule|OHKO Clause: OHKO moves are banned\n|rule|Evasion Moves Clause: Evasion moves are banned\n|rule|Gravity Sleep Clause: The combination of sleep-inducing moves with imperfect accuracy and Gravity or Gigantamax Orbeetle are banned\n|rule|Endless Battle Clause: Forcing endless battles is banned\n|rule|HP Percentage Mod: HP is shown in percentages\n|clearpoke\n|poke|p1|Ninetales-Alola, M|\n|poke|p1|Trevenant, M|\n|poke|p1|Goodra-Hisui, F|\n|poke|p1|Sandslash-Alola, M|\n|poke|p1|Houndoom, F|\n|poke|p1|Empoleon, M|\n|poke|p2|Kingambit, M|\n|poke|p2|Houndstone, M|\n|poke|p2|Ursaluna-Bloodmoon, M|\n|poke|p2|Arcanine-Hisui, F|\n|poke|p2|Sinistcha|\n|poke|p2|Farigiraf, M|\n|teampreview\n|\n|t:|1700662244\n|start\n|switch|p1a: Trevenant|Trevenant, M|100\/100\n|switch|p1b: Houndoom|Houndoom, F|100\/100\n|switch|p2a: Farigiraf|Farigiraf, M|100\/100\n|switch|p2b: Ursaluna|Ursaluna-Bloodmoon, M|100\/100\n|turn|1\n|inactive|Battle timer is ON: inactive players will automatically lose when time's up. (requested by RocketsViability)\n|\n|t:|1700662287\n|-terastallize|p1b: Houndoom|Dark\n|move|p2a: Farigiraf|Ally Switch|p2a: Farigiraf\n|swap|p2a: Farigiraf|1|[from] move: Ally Switch\n|move|p1b: Houndoom|Trailblaze|p2b: Farigiraf\n|-crit|p2b: Farigiraf\n|-damage|p2b: Farigiraf|77\/100\n|-boost|p1b: Houndoom|spe|1\n|-damage|p1b: Houndoom|91\/100|[from] item: Life Orb\n|move|p1a: Trevenant|Toxic|p2a: Ursaluna\n|-status|p2a: Ursaluna|tox\n|move|p2a: Ursaluna|Blood Moon|p1a: Trevenant\n|-damage|p1a: Trevenant|24\/100\n|-enditem|p1a: Trevenant|Sitrus Berry|[eat]\n|-heal|p1a: Trevenant|49\/100|[from] item: Sitrus Berry\n|-damage|p2a: Ursaluna|91\/100 tox|[from] item: Life Orb\n|\n|-damage|p2a: Ursaluna|84\/100 tox|[from] psn\n|-item|p1a: Trevenant|Sitrus Berry|[from] ability: Harvest\n|upkeep\n|-enditem|p1a: Trevenant|Sitrus Berry|[eat]\n|-heal|p1a: Trevenant|74\/100|[from] item: Sitrus Berry\n|turn|2\n|inactive|HydroMonk has 120 seconds left.\n|\n|t:|1700662324\n|move|p1a: Trevenant|Ally Switch|p1a: Trevenant\n|swap|p1a: Trevenant|1|[from] move: Ally Switch\n|move|p1a: Houndoom|Trailblaze|p2a: Ursaluna\n|-supereffective|p2a: Ursaluna\n|-damage|p2a: Ursaluna|56\/100 tox\n|-boost|p1a: Houndoom|spe|1\n|-damage|p1a: Houndoom|81\/100|[from] item: Life Orb\n|move|p2a: Ursaluna|Moonblast|p1b: Trevenant\n|-damage|p1b: Trevenant|40\/100\n|-unboost|p1b: Trevenant|spa|1\n|-damage|p2a: Ursaluna|46\/100 tox|[from] item: Life Orb\n|move|p2b: Farigiraf|Trick Room|p2b: Farigiraf\n|-fieldstart|move: Trick Room|[of] p2b: Farigiraf\n|\n|-damage|p2a: Ursaluna|34\/100 tox|[from] psn\n|-item|p1b: Trevenant|Sitrus Berry|[from] ability: Harvest\n|upkeep\n|-enditem|p1b: Trevenant|Sitrus Berry|[eat]\n|-heal|p1b: Trevenant|65\/100|[from] item: Sitrus Berry\n|turn|3\n|inactive|HydroMonk has 120 seconds left.\n|inactive|RocketsViability has 120 seconds left.\n|\n|t:|1700662356\n|switch|p1b: Empoleon|Empoleon, M|100\/100\n|switch|p1a: Goodra|Goodra-Hisui, F|100\/100\n|move|p2b: Farigiraf|Helping Hand|p2a: Ursaluna\n|-singleturn|p2a: Ursaluna|Helping Hand|[of] p2b: Farigiraf\n|move|p2a: Ursaluna|Blood Moon|p1a: Goodra\n|-resisted|p1a: Goodra\n|-damage|p1a: Goodra|46\/100\n|-damage|p2a: Ursaluna|24\/100 tox|[from] item: Life Orb\n|\n|-damage|p2a: Ursaluna|5\/100 tox|[from] psn\n|upkeep\n|turn|4\n|inactive|HydroMonk has 120 seconds left.\n|\n|t:|1700662380\n|move|p1a: Goodra|Protect|p1a: Goodra\n|-singleturn|p1a: Goodra|Protect\n|move|p1b: Empoleon|Protect|p1b: Empoleon\n|-singleturn|p1b: Empoleon|Protect\n|move|p2b: Farigiraf|Ally Switch|p2b: Farigiraf\n|swap|p2b: Farigiraf|0|[from] move: Ally Switch\n|move|p2b: Ursaluna|Earth Power|p1b: Empoleon\n|-activate|p1b: Empoleon|move: Protect\n|\n|-damage|p2b: Ursaluna|0 fnt|[from] psn\n|faint|p2b: Ursaluna\n|upkeep\n|inactive|HydroMonk has 90 seconds left.\n|\n|t:|1700662412\n|switch|p2b: Arcanine|Arcanine-Hisui, F|100\/100\n|-ability|p2b: Arcanine|Intimidate|boost\n|-unboost|p1a: Goodra|atk|1\n|-unboost|p1b: Empoleon|atk|1\n|-ability|p1b: Empoleon|Competitive|boost\n|-boost|p1b: Empoleon|spa|2\n|turn|5\n|inactive|RocketsViability has 120 seconds left.\n|\n|t:|1700662442\n|switch|p1a: Houndoom|Houndoom, F, tera:Dark|81\/100\n|-terastallize|p2b: Arcanine|Grass\n|move|p2a: Farigiraf|Helping Hand|p2b: Arcanine\n|-singleturn|p2b: Arcanine|Helping Hand|[of] p2a: Farigiraf\n|move|p1b: Empoleon|Hydro Pump|p2b: Arcanine|[miss]\n|-miss|p1b: Empoleon|p2b: Arcanine\n|move|p2b: Arcanine|Flare Blitz|p1b: Empoleon\n|-damage|p1b: Empoleon|7\/100\n|-damage|p2b: Arcanine|66\/100|[from] Recoil\n|\n|-heal|p1b: Empoleon|13\/100|[from] item: Leftovers\n|upkeep\n|turn|6\n|inactive|HydroMonk has 90 seconds left.\n|\n|t:|1700662475\n|move|p1b: Empoleon|Protect|p1b: Empoleon\n|-singleturn|p1b: Empoleon|Protect\n|move|p2b: Arcanine|Protect|p2b: Arcanine\n|-singleturn|p2b: Arcanine|Protect\n|move|p2a: Farigiraf|Hyper Voice|p1b: Empoleon|[spread] p1a\n|-activate|p1b: Empoleon|move: Protect\n|-damage|p1a: Houndoom|40\/100\n|move|p1a: Houndoom|Flare Blitz|p2b: Arcanine\n|-activate|p2b: Arcanine|move: Protect\n|\n|-heal|p1b: Empoleon|19\/100|[from] item: Leftovers\n|-fieldend|move: Trick Room\n|upkeep\n|turn|7\n|\n|t:|1700662502\n|switch|p1a: Ninetales|Ninetales-Alola, M|100\/100\n|-weather|Snow|[from] ability: Snow Warning|[of] p1a: Ninetales\n|move|p2a: Farigiraf|Ally Switch|p2a: Farigiraf\n|swap|p2a: Farigiraf|1|[from] move: Ally Switch\n|move|p2a: Arcanine|Rock Slide|p1a: Ninetales|[spread] p1a,p1b\n|-supereffective|p1a: Ninetales\n|-resisted|p1b: Empoleon\n|-damage|p1a: Ninetales|35\/100\n|-damage|p1b: Empoleon|6\/100\n|cant|p1b: Empoleon|flinch\n|\n|-weather|Snow|[upkeep]\n|-heal|p1b: Empoleon|12\/100|[from] item: Leftovers\n|upkeep\n|turn|8\n|\n|t:|1700662524\n|move|p2b: Farigiraf|Helping Hand|p2a: Arcanine\n|-singleturn|p2a: Arcanine|Helping Hand|[of] p2b: Farigiraf\n|move|p1a: Ninetales|Aurora Veil|p1a: Ninetales\n|-sidestart|p1: RocketsViability|move: Aurora Veil\n|move|p2a: Arcanine|Rock Slide|p1a: Ninetales|[spread] p1a\n|-miss|p2a: Arcanine|p1b: Empoleon\n|-supereffective|p1a: Ninetales\n|-damage|p1a: Ninetales|0 fnt\n|faint|p1a: Ninetales\n|move|p1b: Empoleon|Blizzard|p2b: Farigiraf|[spread] p2a,p2b\n|-supereffective|p2a: Arcanine\n|-damage|p2a: Arcanine|0 fnt\n|-damage|p2b: Farigiraf|26\/100\n|-enditem|p2b: Farigiraf|Sitrus Berry|[eat]\n|-heal|p2b: Farigiraf|51\/100|[from] item: Sitrus Berry\n|faint|p2a: Arcanine\n|\n|-weather|Snow|[upkeep]\n|-heal|p1b: Empoleon|18\/100|[from] item: Leftovers\n|upkeep\n|inactive|HydroMonk has 120 seconds left.\n|\n|t:|1700662552\n|switch|p1a: Goodra|Goodra-Hisui, F|46\/100\n|switch|p2a: Houndstone|Houndstone, M|100\/100\n|turn|9\n|inactive|HydroMonk has 120 seconds left.\n|\n|t:|1700662578\n|move|p1a: Goodra|Blizzard|p2a: Houndstone|[spread] p2a,p2b\n|-damage|p2a: Houndstone|70\/100\n|-damage|p2b: Farigiraf|24\/100\n|move|p1b: Empoleon|Blizzard|p2a: Houndstone|[spread] p2a,p2b\n|-damage|p2a: Houndstone|6\/100\n|-damage|p2b: Farigiraf|0 fnt\n|faint|p2b: Farigiraf\n|move|p2a: Houndstone|Last Respects|p1b: Empoleon\n|-damage|p1b: Empoleon|0 fnt\n|faint|p1b: Empoleon\n|\n|-weather|Snow|[upkeep]\n|-heal|p2a: Houndstone|12\/100|[from] item: Leftovers\n|upkeep\n|inactive|HydroMonk has 120 seconds left.\n|\n|t:|1700662593\n|switch|p1b: Sandslash|Sandslash-Alola, M|100\/100\n|switch|p2b: Sinistcha|Sinistcha|100\/100\n|-heal|p2a: Houndstone|37\/100|[from] ability: Hospitality|[of] p2b: Sinistcha\n|turn|10\n|\n|t:|1700662610\n|move|p2a: Houndstone|Ally Switch|p2a: Houndstone\n|swap|p2a: Houndstone|1|[from] move: Ally Switch\n|move|p1b: Sandslash|Ice Shard|p2b: Houndstone\n|-damage|p2b: Houndstone|20\/100\n|move|p2a: Sinistcha|Strength Sap|p1b: Sandslash|[miss]\n|-miss|p2a: Sinistcha|p1b: Sandslash\n|move|p1a: Goodra|Blizzard|p2b: Houndstone|[spread] p2a,p2b\n|-supereffective|p2a: Sinistcha\n|-crit|p2a: Sinistcha\n|-crit|p2b: Houndstone\n|-damage|p2a: Sinistcha|0 fnt\n|-damage|p2b: Houndstone|0 fnt\n|faint|p2a: Sinistcha\n|faint|p2b: Houndstone\n|\n|-weather|Snow|[upkeep]\n|upkeep\n|inactive|HydroMonk has 120 seconds left.\n|\n|t:|1700662628\n|switch|p2a: Kingambit|Kingambit, M|100\/100\n|turn|11\n|\n|t:|1700662639\n|move|p2a: Kingambit|Sucker Punch|p1b: Sandslash\n|-damage|p1b: Sandslash|82\/100\n|move|p1b: Sandslash|Knock Off|p2a: Kingambit\n|-resisted|p2a: Kingambit\n|-damage|p2a: Kingambit|88\/100\n|-enditem|p2a: Kingambit|Black Glasses|[from] move: Knock Off|[of] p1b: Sandslash\n|move|p1a: Goodra|Flamethrower|p2a: Kingambit\n|-supereffective|p2a: Kingambit\n|-crit|p2a: Kingambit\n|-damage|p2a: Kingambit|0 fnt\n|faint|p2a: Kingambit\n|\n|win|RocketsViability\n|raw|RocketsViability's rating: 1213 &rarr; <strong>1242<\/strong><br \/>(+29 for winning)\n|raw|HydroMonk's rating: 1271 &rarr; <strong>1242<\/strong><br \/>(-29 for losing)\n|c|\u2606RocketsViability|defiant?\n","uploadtime":1700662653,"views":5,"p1id":"rocketsviability","p2id":"hydromonk","formatid":"gen9doublesou","rating":1242,"private":0,"password":""}