{"id":"gen9doublesou-1970837015","p1":"GDMaster1045","p2":"Pazz The Puzzled","format":"[Gen 9] Doubles OU","log":"|j|\u2606GDMaster1045\n|j|\u2606Pazz The Puzzled\n|t:|1697672199\n|gametype|doubles\n|player|p1|GDMaster1045|lance|1000\n|player|p2|Pazz The Puzzled|unknown|1082\n|teamsize|p1|6\n|teamsize|p2|6\n|gen|9\n|tier|[Gen 9] Doubles OU\n|rated|\n|rule|Species Clause: Limit one of each Pok\u00e9mon\n|rule|OHKO Clause: OHKO moves are banned\n|rule|Evasion Moves Clause: Evasion moves are banned\n|rule|Gravity Sleep Clause: The combination of sleep-inducing moves with imperfect accuracy and Gravity or Gigantamax Orbeetle are banned\n|rule|Endless Battle Clause: Forcing endless battles is banned\n|rule|HP Percentage Mod: HP is shown in percentages\n|clearpoke\n|poke|p1|Flamigo, F|\n|poke|p1|Krookodile, M|\n|poke|p1|Meowscarada, M|\n|poke|p1|Heatran, M|\n|poke|p1|Walking Wake|\n|poke|p1|Vikavolt, M|\n|poke|p2|Oricorio-Pom-Pom, M|\n|poke|p2|Volcarona, F|\n|poke|p2|Pelipper, M|\n|poke|p2|Palafin, M|\n|poke|p2|Bellibolt, F|\n|poke|p2|Oranguru, M|\n|teampreview\n|\n|t:|1697672209\n|start\n|switch|p1a: Krookodile|Krookodile, M|100\/100\n|switch|p1b: Meowscarada|Meowscarada, M|100\/100\n|switch|p2a: Bellibolt|Bellibolt, F|100\/100\n|switch|p2b: Oranguru|Oranguru, M|100\/100\n|turn|1\n|inactive|Battle timer is ON: inactive players will automatically lose when time's up. (requested by GDMaster1045)\n|\n|t:|1697672234\n|-terastallize|p1a: Krookodile|Fire\n|move|p1b: Meowscarada|U-turn|p1a: Krookodile\n|-resisted|p1a: Krookodile\n|-damage|p1a: Krookodile|90\/100\n|\n|t:|1697672238\n|switch|p1b: Flamigo|Flamigo, F|100\/100|[from] U-turn\n|-copyboost|p1b: Flamigo|p1a: Krookodile|[from] ability: Costar\n|move|p1a: Krookodile|Earthquake|p2b: Oranguru|[spread] p2a,p2b\n|-immune|p1b: Flamigo\n|-supereffective|p2a: Bellibolt\n|-damage|p2a: Bellibolt|34\/100\n|-damage|p2b: Oranguru|72\/100\n|-start|p2a: Bellibolt|Charge|Earthquake|[from] ability: Electromorphosis\n|move|p2b: Oranguru|Instruct||[still]\n|-fail|p2b: Oranguru\n|move|p2a: Bellibolt|Chilling Water|p1a: Krookodile\n|-supereffective|p1a: Krookodile\n|-damage|p1a: Krookodile|39\/100\n|-unboost|p1a: Krookodile|atk|1\n|-damage|p2a: Bellibolt|24\/100|[from] item: Life Orb\n|\n|-heal|p2b: Oranguru|78\/100|[from] item: Leftovers\n|upkeep\n|turn|2\n|\n|t:|1697672265\n|move|p2a: Bellibolt|Protect|p2a: Bellibolt\n|-singleturn|p2a: Bellibolt|Protect\n|move|p1a: Krookodile|Earthquake|p2b: Oranguru|[spread] p2b\n|-activate|p2a: Bellibolt|move: Protect\n|-immune|p1b: Flamigo\n|-damage|p2b: Oranguru|59\/100\n|move|p1b: Flamigo|U-turn|p2b: Oranguru\n|-supereffective|p2b: Oranguru\n|-damage|p2b: Oranguru|24\/100\n|inactive|GDMaster1045 has 120 seconds left.\n|\n|t:|1697672276\n|switch|p1b: Meowscarada|Meowscarada, M|100\/100|[from] U-turn\n|move|p2b: Oranguru|Trick Room|p2b: Oranguru\n|-fieldstart|move: Trick Room|[of] p2b: Oranguru\n|\n|-heal|p2b: Oranguru|31\/100|[from] item: Leftovers\n|upkeep\n|turn|3\n|\n|t:|1697672289\n|move|p1a: Krookodile|Protect|p1a: Krookodile\n|-singleturn|p1a: Krookodile|Protect\n|move|p2a: Bellibolt|Parabolic Charge|p1a: Krookodile|[spread] p1b\n|-activate|p1a: Krookodile|move: Protect\n|-activate|p2b: Oranguru|ability: Telepathy\n|-resisted|p1b: Meowscarada\n|-crit|p1b: Meowscarada\n|-damage|p1b: Meowscarada|41\/100\n|-heal|p2a: Bellibolt|48\/100|[from] drain|[of] p1b: Meowscarada\n|-damage|p2a: Bellibolt|38\/100|[from] item: Life Orb\n|-end|p2a: Bellibolt|Charge|[silent]\n|move|p2b: Oranguru|Instruct|p2a: Bellibolt\n|-singleturn|p2a: Bellibolt|move: Instruct|[of] p2b: Oranguru\n|move|p2a: Bellibolt|Parabolic Charge|p1b: Meowscarada|[spread] p1b\n|-activate|p1a: Krookodile|move: Protect\n|-activate|p2b: Oranguru|ability: Telepathy\n|-resisted|p1b: Meowscarada\n|-damage|p1b: Meowscarada|21\/100\n|-heal|p2a: Bellibolt|46\/100|[from] drain|[of] p1b: Meowscarada\n|-damage|p2a: Bellibolt|36\/100|[from] item: Life Orb\n|move|p1b: Meowscarada|Pollen Puff|p1a: Krookodile\n|-activate|p1a: Krookodile|move: Protect\n|\n|-heal|p2b: Oranguru|37\/100|[from] item: Leftovers\n|-heal|p1b: Meowscarada|27\/100|[from] item: Leftovers\n|upkeep\n|turn|4\n|inactive|GDMaster1045 has 120 seconds left.\n|inactive|Pazz The Puzzled has 120 seconds left.\n|\n|t:|1697672327\n|switch|p2b: Palafin|Palafin, M|100\/100\n|move|p2a: Bellibolt|Protect|p2a: Bellibolt\n|-singleturn|p2a: Bellibolt|Protect\n|move|p1a: Krookodile|Earthquake|p2b: Palafin|[spread] p1b,p2b\n|-activate|p2a: Bellibolt|move: Protect\n|-resisted|p1b: Meowscarada\n|-damage|p1b: Meowscarada|7\/100\n|-damage|p2b: Palafin|79\/100\n|move|p1b: Meowscarada|U-turn|p2b: Palafin\n|-damage|p2b: Palafin|64\/100\n|inactive|GDMaster1045 has 120 seconds left.\n|\n|t:|1697672343\n|switch|p1b: Vikavolt|Vikavolt, M, shiny|100\/100|[from] U-turn\n|\n|upkeep\n|turn|5\n|inactive|GDMaster1045 has 120 seconds left.\n|\n|t:|1697672361\n|move|p1b: Vikavolt|Thunderbolt|p2b: Palafin\n|-supereffective|p2b: Palafin\n|-damage|p2b: Palafin|0 fnt\n|faint|p2b: Palafin\n|move|p2a: Bellibolt|Discharge|p1b: Vikavolt|[spread] p1a,p1b\n|-resisted|p1b: Vikavolt\n|-damage|p1a: Krookodile|0 fnt\n|-damage|p1b: Vikavolt|79\/100\n|faint|p1a: Krookodile\n|-damage|p2a: Bellibolt|26\/100|[from] item: Life Orb\n|\n|-heal|p1b: Vikavolt|85\/100|[from] item: Leftovers\n|upkeep\n|\n|t:|1697672376\n|switch|p2b: Oranguru|Oranguru, M|37\/100\n|switch|p1a: Walking Wake|Walking Wake|100\/100\n|turn|6\n|\n|t:|1697672398\n|move|p1b: Vikavolt|Bug Buzz|p2b: Oranguru\n|-supereffective|p2b: Oranguru\n|-damage|p2b: Oranguru|0 fnt\n|faint|p2b: Oranguru\n|move|p2a: Bellibolt|Parabolic Charge|p1a: Walking Wake|[spread] p1a,p1b\n|-resisted|p1b: Vikavolt\n|-damage|p1a: Walking Wake|68\/100\n|-heal|p2a: Bellibolt|40\/100|[from] drain|[of] p1a: Walking Wake\n|-damage|p1b: Vikavolt|70\/100\n|-heal|p2a: Bellibolt|48\/100|[from] drain|[of] p1b: Vikavolt\n|-damage|p2a: Bellibolt|38\/100|[from] item: Life Orb\n|move|p1a: Walking Wake|Sunny Day|p1a: Walking Wake\n|-weather|SunnyDay\n|-activate|p1a: Walking Wake|ability: Protosynthesis\n|-start|p1a: Walking Wake|protosynthesisspa\n|\n|-weather|SunnyDay|[upkeep]\n|-heal|p1b: Vikavolt|76\/100|[from] item: Leftovers\n|-fieldend|move: Trick Room\n|upkeep\n|\n|t:|1697672417\n|switch|p2b: Pelipper|Pelipper, M|100\/100\n|-weather|RainDance|[from] ability: Drizzle|[of] p2b: Pelipper\n|-end|p1a: Walking Wake|Protosynthesis\n|turn|7\n|\n|t:|1697672439\n|move|p1a: Walking Wake|Dragon Pulse|p2a: Bellibolt\n|-damage|p2a: Bellibolt|0 fnt\n|faint|p2a: Bellibolt\n|move|p2b: Pelipper|Acrobatics|p1a: Walking Wake\n|-damage|p1a: Walking Wake|43\/100\n|move|p1b: Vikavolt|Thunderbolt|p2b: Pelipper\n|-supereffective|p2b: Pelipper\n|-damage|p2b: Pelipper|0 fnt\n|faint|p2b: Pelipper\n|\n|-weather|RainDance|[upkeep]\n|-heal|p1b: Vikavolt|82\/100|[from] item: Leftovers\n|upkeep\n|\n|t:|1697672451\n|switch|p2b: Volcarona|Volcarona, F|100\/100\n|switch|p2a: Oricorio|Oricorio-Pom-Pom, M|100\/100\n|turn|8\n|\n|t:|1697672472\n|move|p1a: Walking Wake|Sunny Day|p1a: Walking Wake\n|-weather|SunnyDay\n|-activate|p1a: Walking Wake|ability: Protosynthesis\n|-start|p1a: Walking Wake|protosynthesisspa\n|move|p2b: Volcarona|Quiver Dance|p2b: Volcarona\n|-boost|p2b: Volcarona|spa|1\n|-boost|p2b: Volcarona|spd|1\n|-boost|p2b: Volcarona|spe|1\n|-activate|p2a: Oricorio|ability: Dancer\n|move|p2a: Oricorio|Quiver Dance|p2a: Oricorio|[from]ability: Dancer\n|-boost|p2a: Oricorio|spa|1\n|-boost|p2a: Oricorio|spd|1\n|-boost|p2a: Oricorio|spe|1\n|move|p2a: Oricorio|Quiver Dance|p2a: Oricorio\n|-boost|p2a: Oricorio|spa|1\n|-boost|p2a: Oricorio|spd|1\n|-boost|p2a: Oricorio|spe|1\n|move|p1b: Vikavolt|Volt Switch|p2b: Volcarona\n|-damage|p2b: Volcarona|72\/100\n|inactive|GDMaster1045 has 120 seconds left.\n|\n|t:|1697672488\n|switch|p1b: Flamigo|Flamigo, F|100\/100|[from] Volt Switch\n|-copyboost|p1b: Flamigo|p1a: Walking Wake|[from] ability: Costar\n|\n|-weather|SunnyDay|[upkeep]\n|upkeep\n|turn|9\n|\n|t:|1697672511\n|move|p1b: Flamigo|Protect|p1b: Flamigo\n|-singleturn|p1b: Flamigo|Protect\n|move|p2a: Oricorio|Revelation Dance|p1a: Walking Wake\n|-damage|p1a: Walking Wake|0 fnt\n|faint|p1a: Walking Wake\n|-end|p1a: Walking Wake|Protosynthesis|[silent]\n|move|p2b: Volcarona|Fiery Dance|p1b: Flamigo\n|-activate|p1b: Flamigo|move: Protect\n|\n|-weather|SunnyDay|[upkeep]\n|upkeep\n|inactive|GDMaster1045 has 120 seconds left.\n|\n|t:|1697672524\n|switch|p1a: Heatran|Heatran, M|100\/100\n|turn|10\n|\n|t:|1697672546\n|move|p2a: Oricorio|Revelation Dance|p1a: Heatran\n|-damage|p1a: Heatran|33\/100\n|move|p2b: Volcarona|Fiery Dance|p1b: Flamigo\n|-damage|p1b: Flamigo|0 fnt\n|faint|p1b: Flamigo\n|-activate|p2a: Oricorio|ability: Dancer\n|move|p2a: Oricorio|Fiery Dance|p1a: Heatran|[from]ability: Dancer\n|-start|p1a: Heatran|ability: Flash Fire\n|move|p1a: Heatran|Heat Wave|p2b: Volcarona|[spread] p2a,p2b\n|-damage|p2a: Oricorio|23\/100\n|-damage|p2b: Volcarona|5\/100\n|\n|-weather|SunnyDay|[upkeep]\n|-heal|p1a: Heatran|40\/100|[from] item: Leftovers\n|upkeep\n|inactive|GDMaster1045 has 120 seconds left.\n|\n|t:|1697672562\n|switch|p1b: Vikavolt|Vikavolt, M, shiny|82\/100\n|turn|11\n|\n|t:|1697672570\n|move|p1a: Heatran|Protect|p1a: Heatran\n|-singleturn|p1a: Heatran|Protect\n|move|p1b: Vikavolt|Protect|p1b: Vikavolt\n|-singleturn|p1b: Vikavolt|Protect\n|move|p2a: Oricorio|Revelation Dance|p1a: Heatran\n|-activate|p1a: Heatran|move: Protect\n|move|p2b: Volcarona|Fiery Dance|p1b: Vikavolt\n|-activate|p1b: Vikavolt|move: Protect\n|\n|-weather|SunnyDay|[upkeep]\n|-heal|p1a: Heatran|46\/100|[from] item: Leftovers\n|-heal|p1b: Vikavolt|88\/100|[from] item: Leftovers\n|upkeep\n|turn|12\n|\n|t:|1697672593\n|move|p2a: Oricorio|Revelation Dance|p1a: Heatran\n|-damage|p1a: Heatran|0 fnt\n|faint|p1a: Heatran\n|move|p2b: Volcarona|Fiery Dance|p1b: Vikavolt\n|-supereffective|p1b: Vikavolt\n|-damage|p1b: Vikavolt|0 fnt\n|-boost|p2b: Volcarona|spa|1\n|faint|p1b: Vikavolt\n|-activate|p2a: Oricorio|ability: Dancer\n|move|p2a: Oricorio|Fiery Dance|p1: Heatran|[from]ability: Dancer|[notarget]\n|-fail|p2a: Oricorio\n|\n|-weather|SunnyDay|[upkeep]\n|upkeep\n|inactive|GDMaster1045 has 120 seconds left.\n|\n|t:|1697672611\n|switch|p1a: Meowscarada|Meowscarada, M|7\/100\n|turn|13\n|\n|t:|1697672622\n|move|p2a: Oricorio|Revelation Dance|p1a: Meowscarada\n|-resisted|p1a: Meowscarada\n|-damage|p1a: Meowscarada|0 fnt\n|faint|p1a: Meowscarada\n|\n|win|Pazz The Puzzled\n|raw|GDMaster1045's rating: 1000 &rarr; <strong>1000<\/strong><br \/>(+0 for losing)\n|raw|Pazz The Puzzled's rating: 1082 &rarr; <strong>1103<\/strong><br \/>(+21 for winning)\n|l|\u2606GDMaster1045\n|c|\u2606Pazz The Puzzled|ggs\n","uploadtime":1697672635,"views":14,"p1id":"gdmaster1045","p2id":"pazzthepuzzled","formatid":"gen9doublesou","rating":1000,"private":0,"password":""}