{"id":"gen9doublesou-1981483360","p1":"powqutfan","p2":"XX_MSI_AniMal_XX","format":"[Gen 9] Doubles OU","log":"|j|\u2606powqutfan\n|j|\u2606XX_MSI_AniMal_XX\n|t:|1698904204\n|gametype|doubles\n|player|p1|powqutfan|n|1064\n|player|p2|XX_MSI_AniMal_XX|burglar|1114\n|teamsize|p1|5\n|teamsize|p2|6\n|gen|9\n|tier|[Gen 9] Doubles OU\n|rated|\n|rule|Species Clause: Limit one of each Pok\u00e9mon\n|rule|OHKO Clause: OHKO moves are banned\n|rule|Evasion Moves Clause: Evasion moves are banned\n|rule|Gravity Sleep Clause: The combination of sleep-inducing moves with imperfect accuracy and Gravity or Gigantamax Orbeetle are banned\n|rule|Endless Battle Clause: Forcing endless battles is banned\n|rule|HP Percentage Mod: HP is shown in percentages\n|clearpoke\n|poke|p1|Ceruledge, F|\n|poke|p1|Gallade, M|\n|poke|p1|Finneon, F|\n|poke|p1|Chi-Yu|\n|poke|p1|Toxtricity-Low-Key, F|\n|poke|p2|Dragapult, F|\n|poke|p2|Gliscor, M|\n|poke|p2|Hatterene, F|\n|poke|p2|Volcarona, F|\n|poke|p2|Tinkaton, F|\n|poke|p2|Flutter Mane|\n|teampreview\n|inactive|Battle timer is ON: inactive players will automatically lose when time's up. (requested by powqutfan)\n|\n|t:|1698904219\n|start\n|switch|p1a: Voidranger|Ceruledge, F, shiny|100\/100\n|switch|p1b: Chi-Yu|Chi-Yu|100\/100\n|switch|p2a: Tinkaton|Tinkaton, F|100\/100\n|switch|p2b: Dragapult|Dragapult, F|100\/100\n|-ability|p1b: Chi-Yu|Beads of Ruin\n|turn|1\n|inactive|XX_MSI_AniMal_XX has 120 seconds left.\n|\n|t:|1698904251\n|move|p2a: Tinkaton|Fake Out|p1b: Chi-Yu\n|-damage|p1b: Chi-Yu|85\/100\n|move|p2b: Dragapult|Dragon Dance|p2b: Dragapult\n|-boost|p2b: Dragapult|atk|1\n|-boost|p2b: Dragapult|spe|1\n|cant|p1b: Chi-Yu|flinch\n|move|p1a: Voidranger|Bitter Blade|p2a: Tinkaton\n|-supereffective|p2a: Tinkaton\n|-damage|p2a: Tinkaton|0 fnt\n|faint|p2a: Tinkaton\n|-damage|p1a: Voidranger|91\/100|[from] item: Life Orb\n|\n|upkeep\n|inactive|XX_MSI_AniMal_XX has 120 seconds left.\n|inactive|XX_MSI_AniMal_XX has 90 seconds left.\n|\n|t:|1698904300\n|switch|p2a: Flutter Mane|Flutter Mane, shiny|100\/100\n|turn|2\n|inactive|XX_MSI_AniMal_XX has 90 seconds left.\n|\n|t:|1698904324\n|-terastallize|p1a: Voidranger|Grass\n|move|p2b: Dragapult|Baton Pass|p2b: Dragapult\n|\n|t:|1698904330\n|switch|p2b: Volcarona|Volcarona, F|100\/100|[from] Baton Pass\n|move|p2a: Flutter Mane|Shadow Ball|p1a: Voidranger\n|-damage|p1a: Voidranger|26\/100\n|-unboost|p1a: Voidranger|spd|1\n|move|p1b: Chi-Yu|Lava Plume|p2b: Volcarona|[spread] p2a,p2b\n|-start|p1a: Voidranger|ability: Flash Fire\n|-damage|p2a: Flutter Mane|57\/100\n|-damage|p2b: Volcarona|55\/100\n|move|p1a: Voidranger|Swords Dance|p1a: Voidranger\n|-boost|p1a: Voidranger|atk|2\n|\n|upkeep\n|turn|3\n|inactive|XX_MSI_AniMal_XX has 90 seconds left.\n|\n|t:|1698904369\n|move|p2b: Volcarona|Air Slash|p1a: Voidranger\n|-supereffective|p1a: Voidranger\n|-damage|p1a: Voidranger|0 fnt\n|faint|p1a: Voidranger\n|move|p2a: Flutter Mane|Pain Split|p1b: Chi-Yu\n|-sethp|p1b: Chi-Yu|71\/100|[from] move: Pain Split|[silent]\n|-sethp|p2a: Flutter Mane|71\/100|[from] move: Pain Split\n|move|p1b: Chi-Yu|Sunny Day|p1b: Chi-Yu\n|-weather|SunnyDay\n|-activate|p2a: Flutter Mane|ability: Protosynthesis\n|-start|p2a: Flutter Mane|protosynthesisspe\n|\n|-weather|SunnyDay|[upkeep]\n|upkeep\n|\n|t:|1698904380\n|switch|p1a: Feesh|Finneon, F, shiny|100\/100\n|turn|4\n|inactive|XX_MSI_AniMal_XX has 90 seconds left.\n|\n|t:|1698904406\n|move|p2a: Flutter Mane|Draining Kiss|p1b: Chi-Yu\n|-damage|p1b: Chi-Yu|38\/100\n|-heal|p2a: Flutter Mane|95\/100|[from] drain|[of] p1b: Chi-Yu\n|move|p2b: Volcarona|Bug Buzz|p1a: Feesh\n|-damage|p1a: Feesh|47\/100\n|move|p1b: Chi-Yu|Lava Plume|p2a: Flutter Mane|[spread] p1a,p2a,p2b\n|-resisted|p1a: Feesh\n|-crit|p1a: Feesh\n|-damage|p1a: Feesh|9\/100\n|-damage|p2a: Flutter Mane|30\/100\n|-damage|p2b: Volcarona|0 fnt\n|faint|p2b: Volcarona\n|move|p1a: Feesh|Tailwind|p1a: Feesh\n|-sidestart|p1: powqutfan|move: Tailwind\n|\n|-weather|SunnyDay|[upkeep]\n|upkeep\n|\n|t:|1698904429\n|switch|p2b: Hatterene|Hatterene, F|100\/100\n|turn|5\n|\n|t:|1698904443\n|move|p1b: Chi-Yu|Flamethrower|p2b: Hatterene\n|-damage|p2b: Hatterene|0 fnt\n|faint|p2b: Hatterene\n|move|p2a: Flutter Mane|Draining Kiss|p1b: Chi-Yu\n|-damage|p1b: Chi-Yu|4\/100\n|-heal|p2a: Flutter Mane|55\/100|[from] drain|[of] p1b: Chi-Yu\n|move|p1a: Feesh|Rest|p1a: Feesh\n|-status|p1a: Feesh|slp|[from] move: Rest\n|-heal|p1a: Feesh|100\/100 slp|[silent]\n|\n|-weather|SunnyDay|[upkeep]\n|upkeep\n|inactive|XX_MSI_AniMal_XX has 60 seconds left.\n|\n|t:|1698904471\n|switch|p2b: Gliscor|Gliscor, M|100\/100\n|turn|6\n|\n|t:|1698904486\n|switch|p1b: Mega Gallade|Gallade, M, shiny|100\/100\n|move|p2b: Gliscor|Protect|p2b: Gliscor\n|-singleturn|p2b: Gliscor|Protect\n|move|p2a: Flutter Mane|Pain Split|p1a: Feesh\n|-sethp|p1a: Feesh|73\/100 slp|[from] move: Pain Split|[silent]\n|-sethp|p2a: Flutter Mane|88\/100|[from] move: Pain Split\n|cant|p1a: Feesh|slp\n|move|p1a: Feesh|Sleep Talk|p1a: Feesh\n|move|p1a: Feesh|Tailwind||[from]move: Sleep Talk|[still]\n|-fail|p1a: Feesh\n|\n|-weather|SunnyDay|[upkeep]\n|-status|p2b: Gliscor|tox|[from] item: Toxic Orb\n|upkeep\n|turn|7\n|inactive|XX_MSI_AniMal_XX has 90 seconds left.\n|inactive|XX_MSI_AniMal_XX has 60 seconds left.\n|\n|t:|1698904536\n|-terastallize|p2b: Gliscor|Dark\n|move|p2a: Flutter Mane|Draining Kiss|p1b: Mega Gallade\n|-supereffective|p1b: Mega Gallade\n|-damage|p1b: Mega Gallade|44\/100\n|-heal|p2a: Flutter Mane|100\/100|[from] drain|[of] p1b: Mega Gallade\n|move|p1b: Mega Gallade|Sacred Sword|p2b: Gliscor\n|-supereffective|p2b: Gliscor\n|-damage|p2b: Gliscor|0 fnt\n|faint|p2b: Gliscor\n|cant|p1a: Feesh|slp\n|move|p1a: Feesh|Sleep Talk|p1a: Feesh\n|move|p1a: Feesh|Tailwind||[from]move: Sleep Talk|[still]\n|-fail|p1a: Feesh\n|\n|-weather|SunnyDay|[upkeep]\n|-heal|p1b: Mega Gallade|50\/100|[from] item: Leftovers\n|-sideend|p1: powqutfan|move: Tailwind\n|upkeep\n|\n|t:|1698904555\n|switch|p2b: Dragapult|Dragapult, F|100\/100\n|turn|8\n|\n|t:|1698904568\n|-curestatus|p1a: Feesh|slp|[msg]\n|move|p1a: Feesh|Helping Hand|p1b: Mega Gallade\n|-singleturn|p1b: Mega Gallade|Helping Hand|[of] p1a: Feesh\n|move|p2a: Flutter Mane|Draining Kiss|p1b: Mega Gallade\n|-supereffective|p1b: Mega Gallade\n|-damage|p1b: Mega Gallade|0 fnt\n|faint|p1b: Mega Gallade\n|move|p2b: Dragapult|Dragon Dance|p2b: Dragapult\n|-boost|p2b: Dragapult|atk|1\n|-boost|p2b: Dragapult|spe|1\n|\n|-weather|SunnyDay|[upkeep]\n|upkeep\n|\n|t:|1698904579\n|switch|p1b: Serval|Toxtricity-Low-Key, F|100\/100\n|turn|9\n|l|\u2606XX_MSI_AniMal_XX\n|inactive|XX_MSI_AniMal_XX disconnected and has a minute to reconnect!\n|player|p2|\n|j|\u2606XX_MSI_AniMal_XX\n|inactive|XX_MSI_AniMal_XX reconnected and has 75 seconds left.\n|player|p2|XX_MSI_AniMal_XX|burglar\n|inactive|XX_MSI_AniMal_XX has 60 seconds left.\n|\n|t:|1698904608\n|move|p1a: Feesh|Helping Hand|p1b: Serval\n|-singleturn|p1b: Serval|Helping Hand|[of] p1a: Feesh\n|move|p2a: Flutter Mane|Thunderbolt|p1a: Feesh\n|-supereffective|p1a: Feesh\n|-crit|p1a: Feesh\n|-damage|p1a: Feesh|6\/100\n|move|p2b: Dragapult|Dragon Darts|p1b: Serval\n|-damage|p1b: Serval|46\/100\n|-anim|p2b: Dragapult|Dragon Darts|p1a: Feesh\n|-damage|p1a: Feesh|0 fnt\n|faint|p1a: Feesh\n|move|p1b: Serval|Overdrive|p2b: Dragapult|[spread] p2a,p2b\n|-resisted|p2b: Dragapult\n|-damage|p2a: Flutter Mane|42\/100\n|-damage|p2b: Dragapult|57\/100\n|\n|-weather|SunnyDay|[upkeep]\n|upkeep\n|\n|t:|1698904622\n|switch|p1a: Chi-Yu|Chi-Yu|4\/100\n|-ability|p1a: Chi-Yu|Beads of Ruin\n|turn|10\n|\n|t:|1698904638\n|move|p2a: Flutter Mane|Draining Kiss|p1a: Chi-Yu\n|-damage|p1a: Chi-Yu|0 fnt\n|-heal|p2a: Flutter Mane|45\/100|[from] drain|[of] p1a: Chi-Yu\n|faint|p1a: Chi-Yu\n|move|p2b: Dragapult|Dragon Darts|p1b: Serval\n|-damage|p1b: Serval|0 fnt\n|faint|p1b: Serval\n|\n|win|XX_MSI_AniMal_XX\n|raw|powqutfan's rating: 1064 &rarr; <strong>1047<\/strong><br \/>(-17 for losing)\n|raw|XX_MSI_AniMal_XX's rating: 1114 &rarr; <strong>1135<\/strong><br \/>(+21 for winning)\n|c|\u2606powqutfan|gg!\n","uploadtime":1698904650,"views":19,"p1id":"powqutfan","p2id":"xxmsianimalxx","formatid":"gen9doublesou","rating":1047,"private":0,"password":""}