{"id":"gen9doublesou-1979367754","p1":"ManicManwith","p2":"Nikkidk","format":"[Gen 9] Doubles OU","log":"|j|\u2606ManicManwith\n|j|\u2606Nikkidk\n|t:|1698677020\n|gametype|doubles\n|player|p1|ManicManwith|tate-masters|1221\n|player|p2|Nikkidk|n|1189\n|teamsize|p1|6\n|teamsize|p2|6\n|gen|9\n|tier|[Gen 9] Doubles OU\n|rated|\n|rule|Species Clause: Limit one of each Pok\u00e9mon\n|rule|OHKO Clause: OHKO moves are banned\n|rule|Evasion Moves Clause: Evasion moves are banned\n|rule|Gravity Sleep Clause: The combination of sleep-inducing moves with imperfect accuracy and Gravity or Gigantamax Orbeetle are banned\n|rule|Endless Battle Clause: Forcing endless battles is banned\n|rule|HP Percentage Mod: HP is shown in percentages\n|clearpoke\n|poke|p1|Oricorio-Pom-Pom, F|\n|poke|p1|Volcarona, F|\n|poke|p1|Armarouge, M|\n|poke|p1|Palafin, F|\n|poke|p1|Dragonite, M|\n|poke|p1|Flutter Mane|\n|poke|p2|Roaring Moon|\n|poke|p2|Iron Hands|\n|poke|p2|Rillaboom, M|\n|poke|p2|Kingambit, F|\n|poke|p2|Dragonite, M|\n|poke|p2|Iron Moth|\n|teampreview\n|inactive|Battle timer is ON: inactive players will automatically lose when time's up. (requested by Nikkidk)\n|\n|t:|1698677026\n|start\n|switch|p1a: Oricorio|Oricorio-Pom-Pom, F, shiny|100\/100\n|switch|p1b: Volcarona|Volcarona, F|100\/100\n|switch|p2a: Dragonite|Dragonite, M, shiny|100\/100\n|switch|p2b: Iron Hands|Iron Hands, shiny|100\/100\n|turn|1\n|\n|t:|1698677055\n|-terastallize|p2a: Dragonite|Normal\n|move|p2b: Iron Hands|Fake Out|p1a: Oricorio\n|-damage|p1a: Oricorio|81\/100\n|move|p2a: Dragonite|Extreme Speed|p1b: Volcarona\n|-crit|p1b: Volcarona\n|-damage|p1b: Volcarona|0 fnt\n|faint|p1b: Volcarona\n|cant|p1a: Oricorio|flinch\n|\n|-heal|p1a: Oricorio|87\/100|[from] item: Leftovers\n|upkeep\n|inactive|ManicManwith has 120 seconds left.\n|\n|t:|1698677077\n|switch|p1b: Flutter Mane|Flutter Mane|100\/100\n|-enditem|p1b: Flutter Mane|Booster Energy\n|-activate|p1b: Flutter Mane|ability: Protosynthesis|[fromitem]\n|-start|p1b: Flutter Mane|protosynthesisspa\n|turn|2\n|\n|t:|1698677088\n|move|p2a: Dragonite|Extreme Speed|p1a: Oricorio\n|-damage|p1a: Oricorio|16\/100\n|move|p1b: Flutter Mane|Dazzling Gleam|p2a: Dragonite|[spread] p2a,p2b\n|-supereffective|p2b: Iron Hands\n|-damage|p2a: Dragonite|77\/100\n|-damage|p2b: Iron Hands|44\/100\n|move|p1a: Oricorio|Tailwind|p1a: Oricorio\n|-sidestart|p1: ManicManwith|move: Tailwind\n|move|p2b: Iron Hands|Heavy Slam|p1b: Flutter Mane\n|-supereffective|p1b: Flutter Mane\n|-damage|p1b: Flutter Mane|0 fnt\n|faint|p1b: Flutter Mane\n|-end|p1b: Flutter Mane|Protosynthesis|[silent]\n|\n|-heal|p1a: Oricorio|22\/100|[from] item: Leftovers\n|-heal|p2a: Dragonite|84\/100|[from] item: Leftovers\n|-heal|p2b: Iron Hands|50\/100|[from] item: Leftovers\n|upkeep\n|\n|t:|1698677100\n|switch|p1b: Dragonite|Dragonite, M|100\/100\n|turn|3\n|\n|t:|1698677120\n|move|p2a: Dragonite|Extreme Speed|p1b: Dragonite\n|-damage|p1b: Dragonite|75\/100\n|move|p1a: Oricorio|Revelation Dance|p2a: Dragonite\n|-damage|p2a: Dragonite|39\/100\n|move|p1b: Dragonite|Dragon Dance|p1b: Dragonite\n|-boost|p1b: Dragonite|atk|1\n|-boost|p1b: Dragonite|spe|1\n|-activate|p1a: Oricorio|ability: Dancer\n|move|p1a: Oricorio|Dragon Dance|p1a: Oricorio|[from]ability: Dancer\n|-boost|p1a: Oricorio|atk|1\n|-boost|p1a: Oricorio|spe|1\n|move|p2b: Iron Hands|Wild Charge|p1b: Dragonite\n|-damage|p1b: Dragonite|19\/100\n|-damage|p2b: Iron Hands|42\/100|[from] Recoil\n|\n|-heal|p1a: Oricorio|29\/100|[from] item: Leftovers\n|-heal|p2a: Dragonite|45\/100|[from] item: Leftovers\n|-heal|p2b: Iron Hands|48\/100|[from] item: Leftovers\n|upkeep\n|turn|4\n|\n|t:|1698677150\n|move|p1a: Oricorio|Protect|p1a: Oricorio\n|-singleturn|p1a: Oricorio|Protect\n|move|p2a: Dragonite|Extreme Speed|p1b: Dragonite\n|-damage|p1b: Dragonite|0 fnt\n|faint|p1b: Dragonite\n|move|p2b: Iron Hands|Wild Charge|p1a: Oricorio\n|-activate|p1a: Oricorio|move: Protect\n|\n|-heal|p1a: Oricorio|35\/100|[from] item: Leftovers\n|-heal|p2a: Dragonite|51\/100|[from] item: Leftovers\n|-heal|p2b: Iron Hands|54\/100|[from] item: Leftovers\n|upkeep\n|\n|t:|1698677158\n|switch|p1b: Palafin|Palafin, F|100\/100\n|turn|5\n|\n|t:|1698677174\n|move|p2a: Dragonite|Extreme Speed|p1a: Oricorio\n|-damage|p1a: Oricorio|0 fnt\n|faint|p1a: Oricorio\n|move|p1b: Palafin|Flip Turn|p2a: Dragonite\n|-damage|p2a: Dragonite|15\/100\n|\n|t:|1698677178\n|detailschange|p1b: Palafin|Palafin-Hero, F\n|switch|p1b: Armarouge|Armarouge, M|100\/100|[from] Flip Turn\n|move|p2b: Iron Hands|Wild Charge|p1b: Armarouge\n|-damage|p1b: Armarouge|55\/100\n|-ability|p1b: Armarouge|Weak Armor|boost\n|-unboost|p1b: Armarouge|def|1\n|-boost|p1b: Armarouge|spe|2\n|-damage|p2b: Iron Hands|47\/100|[from] Recoil\n|\n|-heal|p2a: Dragonite|21\/100|[from] item: Leftovers\n|-heal|p2b: Iron Hands|53\/100|[from] item: Leftovers\n|-sideend|p1: ManicManwith|move: Tailwind\n|upkeep\n|\n|t:|1698677180\n|switch|p1a: Palafin|Palafin-Hero, F|100\/100\n|-activate|p1a: Palafin|ability: Zero to Hero\n|turn|6\n|\n|t:|1698677210\n|move|p2a: Dragonite|Extreme Speed|p1b: Armarouge\n|-damage|p1b: Armarouge|0 fnt\n|faint|p1b: Armarouge\n|move|p1a: Palafin|Jet Punch|p2a: Dragonite\n|-damage|p2a: Dragonite|0 fnt\n|faint|p2a: Dragonite\n|move|p2b: Iron Hands|Wild Charge|p1a: Palafin\n|-supereffective|p1a: Palafin\n|-damage|p1a: Palafin|17\/100\n|-damage|p2b: Iron Hands|40\/100|[from] Recoil\n|\n|-heal|p2b: Iron Hands|46\/100|[from] item: Leftovers\n|upkeep\n|\n|t:|1698677223\n|switch|p2a: Rillaboom|Rillaboom, M, shiny|100\/100\n|-fieldstart|move: Grassy Terrain|[from] ability: Grassy Surge|[of] p2a: Rillaboom\n|turn|7\n|\n|t:|1698677229\n|move|p2a: Rillaboom|Fake Out|p1a: Palafin\n|-damage|p1a: Palafin|2\/100\n|cant|p1a: Palafin|flinch\n|move|p2b: Iron Hands|Wild Charge|p1a: Palafin\n|-supereffective|p1a: Palafin\n|-damage|p1a: Palafin|0 fnt\n|faint|p1a: Palafin\n|-damage|p2b: Iron Hands|45\/100|[from] Recoil\n|\n|win|Nikkidk\n|raw|ManicManwith's rating: 1221 &rarr; <strong>1194<\/strong><br \/>(-27 for losing)\n|raw|Nikkidk's rating: 1189 &rarr; <strong>1216<\/strong><br \/>(+27 for winning)\n|l|\u2606ManicManwith\n","uploadtime":1698677241,"views":15,"p1id":"manicmanwith","p2id":"nikkidk","formatid":"gen9doublesou","rating":1194,"private":0,"password":""}