{"id":"gen9doublesou-1991108812","p1":"AlphaAcount","p2":"GamiToki.","format":"[Gen 9] Doubles OU","log":"|j|\u2606AlphaAcount\n|j|\u2606GamiToki.\n|t:|1700044245\n|gametype|doubles\n|player|p1|AlphaAcount|benga|1392\n|player|p2|GamiToki.|acetrainer|1423\n|teamsize|p1|6\n|teamsize|p2|6\n|gen|9\n|tier|[Gen 9] Doubles OU\n|rated|\n|rule|Species Clause: Limit one of each Pok\u00e9mon\n|rule|OHKO Clause: OHKO moves are banned\n|rule|Evasion Moves Clause: Evasion moves are banned\n|rule|Gravity Sleep Clause: The combination of sleep-inducing moves with imperfect accuracy and Gravity or Gigantamax Orbeetle are banned\n|rule|Endless Battle Clause: Forcing endless battles is banned\n|rule|HP Percentage Mod: HP is shown in percentages\n|clearpoke\n|poke|p1|Diancie|\n|poke|p1|Flutter Mane|\n|poke|p1|Ursaluna-Bloodmoon, M|\n|poke|p1|Basculegion-F, F|\n|poke|p1|Regidrago|\n|poke|p1|Tornadus, M|\n|poke|p2|Thundurus, M|\n|poke|p2|Landorus, M|\n|poke|p2|Clefairy, M|\n|poke|p2|Crawdaunt, F|\n|poke|p2|Manaphy|\n|poke|p2|Goodra, M|\n|teampreview\n|inactive|Battle timer is ON: inactive players will automatically lose when time's up. (requested by GamiToki.)\n|\n|t:|1700044273\n|start\n|switch|p1a: Tornado king|Tornadus, M, shiny|100\/100\n|switch|p1b: Charizard face|Regidrago, shiny|100\/100\n|switch|p2a: Thundurus|Thundurus, M|100\/100\n|switch|p2b: Crawdaunt|Crawdaunt, F|100\/100\n|turn|1\n|\n|t:|1700044298\n|switch|p2b: Clefairy|Clefairy, M|100\/100\n|-terastallize|p1b: Charizard face|Dragon\n|move|p1a: Tornado king|Taunt|p2a: Thundurus\n|-start|p2a: Thundurus|move: Taunt\n|cant|p2a: Thundurus|move: Taunt|Eerie Impulse\n|move|p1b: Charizard face|Dragon Energy|p2a: Thundurus|[spread] p2a\n|-immune|p2b: Clefairy\n|-damage|p2a: Thundurus|0 fnt\n|faint|p2a: Thundurus\n|\n|upkeep\n|\n|t:|1700044316\n|switch|p2a: Goodra|Goodra, M|100\/100\n|turn|2\n|\n|t:|1700044326\n|-terastallize|p2a: Goodra|Fairy\n|move|p1a: Tornado king|Tailwind|p1a: Tornado king\n|-sidestart|p1: AlphaAcount|move: Tailwind\n|move|p1b: Charizard face|Dragon Energy|p2b: Clefairy|[spread] \n|-immune|p2a: Goodra\n|-immune|p2b: Clefairy\n|move|p2a: Goodra|Ice Beam|p1a: Tornado king\n|-supereffective|p1a: Tornado king\n|-damage|p1a: Tornado king|40\/100\n|move|p2b: Clefairy|Stealth Rock|p1b: Charizard face\n|-sidestart|p1: AlphaAcount|move: Stealth Rock\n|\n|upkeep\n|turn|3\n|inactive|AlphaAcount has 120 seconds left.\n|\n|t:|1700044357\n|switch|p1a: BLOOD|Ursaluna-Bloodmoon, M|100\/100\n|-damage|p1a: BLOOD|94\/100|[from] Stealth Rock\n|switch|p1b: CUTE|Flutter Mane, shiny|100\/100\n|-damage|p1b: CUTE|88\/100|[from] Stealth Rock\n|-enditem|p1b: CUTE|Booster Energy\n|-activate|p1b: CUTE|ability: Protosynthesis|[fromitem]\n|-start|p1b: CUTE|protosynthesisspa\n|move|p2a: Goodra|Ice Beam|p1a: BLOOD\n|-supereffective|p1a: BLOOD\n|-damage|p1a: BLOOD|36\/100\n|move|p2b: Clefairy|Knock Off|p1b: CUTE\n|-damage|p1b: CUTE|71\/100\n|\n|upkeep\n|turn|4\n|inactive|AlphaAcount has 120 seconds left.\n|\n|t:|1700044383\n|move|p2b: Clefairy|Follow Me|p2b: Clefairy\n|-singleturn|p2b: Clefairy|move: Follow Me\n|move|p1b: CUTE|Mystical Fire|p2b: Clefairy\n|-damage|p2b: Clefairy|74\/100\n|-unboost|p2b: Clefairy|spa|1\n|move|p1a: BLOOD|Hyper Voice|p2a: Goodra|[spread] p2a,p2b\n|-damage|p2a: Goodra|85\/100\n|-damage|p2b: Clefairy|48\/100\n|-enditem|p1a: BLOOD|Throat Spray\n|-boost|p1a: BLOOD|spa|1|[from] item: Throat Spray\n|move|p2a: Goodra|Ice Beam|p1a: BLOOD\n|-supereffective|p1a: BLOOD\n|-damage|p1a: BLOOD|0 fnt\n|faint|p1a: BLOOD\n|\n|-heal|p2a: Goodra|91\/100|[from] item: Leftovers\n|upkeep\n|inactive|AlphaAcount has 120 seconds left.\n|\n|t:|1700044407\n|switch|p1a: Ring|Diancie, shiny|100\/100\n|-damage|p1a: Ring|88\/100|[from] Stealth Rock\n|turn|5\n|\n|t:|1700044418\n|move|p1b: CUTE|Shadow Ball|p2a: Goodra\n|-damage|p2a: Goodra|66\/100\n|-unboost|p2a: Goodra|spd|1\n|move|p1a: Ring|Diamond Storm|p2b: Clefairy|[spread] p2a,p2b\n|-damage|p2a: Goodra|47\/100\n|-damage|p2b: Clefairy|25\/100\n|-boost|p1a: Ring|def|2\n|move|p2a: Goodra|Toxic|p1a: Ring\n|-status|p1a: Ring|tox\n|move|p2b: Clefairy|Life Dew|p2b: Clefairy|[spread] p2a,p2b\n|-heal|p2a: Goodra|72\/100\n|-heal|p2b: Clefairy|50\/100\n|\n|-heal|p2a: Goodra|79\/100|[from] item: Leftovers\n|-damage|p1a: Ring|82\/100 tox|[from] psn\n|-sideend|p1: AlphaAcount|move: Tailwind\n|upkeep\n|turn|6\n|inactive|AlphaAcount has 120 seconds left.\n|inactive|GamiToki. has 120 seconds left.\n|inactive|AlphaAcount has 90 seconds left.\n|inactive|AlphaAcount has 60 seconds left.\n|\n|t:|1700044535\n|move|p1b: CUTE|Dazzling Gleam|p2a: Goodra|[spread] p2a,p2b\n|-damage|p2a: Goodra|50\/100\n|-damage|p2b: Clefairy|16\/100\n|move|p1a: Ring|Diamond Storm|p2b: Clefairy|[spread] p2a,p2b\n|-damage|p2a: Goodra|34\/100\n|-damage|p2b: Clefairy|0 fnt\n|-boost|p1a: Ring|def|2\n|faint|p2b: Clefairy\n|move|p2a: Goodra|Toxic|p1b: CUTE\n|-status|p1b: CUTE|tox\n|\n|-heal|p2a: Goodra|40\/100|[from] item: Leftovers\n|-damage|p1b: CUTE|65\/100 tox|[from] psn\n|-damage|p1a: Ring|70\/100 tox|[from] psn\n|upkeep\n|\n|t:|1700044564\n|switch|p2b: Landorus|Landorus, M|100\/100\n|turn|7\n|inactive|AlphaAcount has 60 seconds left.\n|\n|t:|1700044579\n|switch|p2a: Manaphy|Manaphy|100\/100\n|move|p1b: CUTE|Wish|p1b: CUTE\n|move|p2b: Landorus|Sandsear Storm|p1b: CUTE|[spread] p1a,p1b\n|-supereffective|p1a: Ring\n|-crit|p1b: CUTE\n|-damage|p1a: Ring|0 fnt\n|-damage|p1b: CUTE|0 fnt\n|faint|p1a: Ring\n|faint|p1b: CUTE\n|-end|p1b: CUTE|Protosynthesis|[silent]\n|\n|upkeep\n|\n|t:|1700044590\n|switch|p1b: Charizard face|Regidrago, shiny, tera:Dragon|100\/100\n|switch|p1a: Tornado king|Tornadus, M, shiny|40\/100\n|-damage|p1a: Tornado king|16\/100|[from] Stealth Rock\n|-damage|p1b: Charizard face|88\/100|[from] Stealth Rock\n|turn|8\n|\n|t:|1700044607\n|move|p1a: Tornado king|Tailwind|p1a: Tornado king\n|-sidestart|p1: AlphaAcount|move: Tailwind\n|move|p1b: Charizard face|Dragon Energy|p2b: Landorus|[spread] p2a,p2b\n|-damage|p2a: Manaphy|13\/100\n|-damage|p2b: Landorus|6\/100\n|move|p2b: Landorus|Psychic|p1a: Tornado king\n|-damage|p1a: Tornado king|0 fnt\n|faint|p1a: Tornado king\n|move|p2a: Manaphy|Dazzling Gleam|p1b: Charizard face\n|-supereffective|p1b: Charizard face\n|-damage|p1b: Charizard face|49\/100\n|\n|-heal|p1b: Charizard face|72\/100|[from] move: Wish|[wisher] CUTE\n|-heal|p2a: Manaphy|19\/100|[from] item: Leftovers\n|upkeep\n|inactive|AlphaAcount has 60 seconds left.\n|\n|t:|1700044639\n|switch|p1a: FISH|Basculegion-F, F, shiny|100\/100\n|-damage|p1a: FISH|88\/100|[from] Stealth Rock\n|turn|9\n|\n|t:|1700044652\n|move|p1a: FISH|Last Respects|p2a: Manaphy\n|-damage|p2a: Manaphy|0 fnt\n|faint|p2a: Manaphy\n|move|p1b: Charizard face|Dragon Energy|p2b: Landorus\n|-damage|p2b: Landorus|0 fnt\n|faint|p2b: Landorus\n|\n|upkeep\n|\n|t:|1700044663\n|switch|p2b: Crawdaunt|Crawdaunt, F|100\/100\n|switch|p2a: Goodra|Goodra, M, tera:Fairy|40\/100\n|turn|10\n|inactive|AlphaAcount has 90 seconds left.\n|\n|t:|1700044679\n|move|p1a: FISH|Last Respects|p2a: Goodra\n|-damage|p2a: Goodra|0 fnt\n|faint|p2a: Goodra\n|move|p1b: Charizard face|Dragon Energy|p2b: Crawdaunt\n|-damage|p2b: Crawdaunt|0 fnt\n|faint|p2b: Crawdaunt\n|\n|win|AlphaAcount\n|raw|AlphaAcount's rating: 1392 &rarr; <strong>1414<\/strong><br \/>(+22 for winning)\n|raw|GamiToki.'s rating: 1423 &rarr; <strong>1401<\/strong><br \/>(-22 for losing)\n|l|\u2606AlphaAcount\n","uploadtime":1700044690,"views":6,"p1id":"alphaacount","p2id":"gamitoki","formatid":"gen9doublesou","rating":1401,"private":0,"password":""}