{"id":"gen9doublesou-1974476226","p1":"ChimeBliss","p2":"Love and Ashes","format":"[Gen 9] Doubles OU","log":"|j|\u2606ChimeBliss\n|j|\u2606Love and Ashes\n|t:|1698090135\n|gametype|doubles\n|player|p1|ChimeBliss|dawn-gen4pt|1325\n|player|p2|Love and Ashes|rosa|1239\n|teamsize|p1|6\n|teamsize|p2|6\n|gen|9\n|tier|[Gen 9] Doubles OU\n|rated|\n|rule|Species Clause: Limit one of each Pok\u00e9mon\n|rule|OHKO Clause: OHKO moves are banned\n|rule|Evasion Moves Clause: Evasion moves are banned\n|rule|Gravity Sleep Clause: The combination of sleep-inducing moves with imperfect accuracy and Gravity or Gigantamax Orbeetle are banned\n|rule|Endless Battle Clause: Forcing endless battles is banned\n|rule|HP Percentage Mod: HP is shown in percentages\n|clearpoke\n|poke|p1|Chien-Pao|\n|poke|p1|Tornadus, M|\n|poke|p1|Dragonite, M|\n|poke|p1|Chi-Yu|\n|poke|p1|Flutter Mane|\n|poke|p1|Landorus, M|\n|poke|p2|Breloom, F|\n|poke|p2|Donphan, F|\n|poke|p2|Regieleki|\n|poke|p2|Arcanine, F|\n|poke|p2|Gyarados, M|\n|poke|p2|Skeledirge, F|\n|teampreview\n|inactive|Battle timer is ON: inactive players will automatically lose when time's up. (requested by ChimeBliss)\n|\n|t:|1698090148\n|start\n|switch|p1a: Tornadus|Tornadus, M|100\/100\n|switch|p1b: Landorus|Landorus, M|100\/100\n|switch|p2a: Regieleki|Regieleki|100\/100\n|switch|p2b: Breloom|Breloom, F|100\/100\n|turn|1\n|inactive|ChimeBliss has 120 seconds left.\n|\n|t:|1698090181\n|move|p1a: Tornadus|Tailwind|p1a: Tornadus\n|-sidestart|p1: ChimeBliss|move: Tailwind\n|move|p1b: Landorus|Earth Power|p2a: Regieleki\n|-supereffective|p2a: Regieleki\n|-enditem|p2a: Regieleki|Focus Sash\n|-damage|p2a: Regieleki|1\/100\n|move|p2a: Regieleki|Electroweb|p1a: Tornadus|[spread] p1a\n|-immune|p1b: Landorus\n|-supereffective|p1a: Tornadus\n|-damage|p1a: Tornadus|36\/100\n|-unboost|p1a: Tornadus|spe|1\n|move|p2b: Breloom|Spore|p1a: Tornadus\n|-status|p1a: Tornadus|slp|[from] move: Spore\n|\n|upkeep\n|turn|2\n|inactive|ChimeBliss has 120 seconds left.\n|\n|t:|1698090207\n|switch|p2a: Gyarados|Gyarados, M|100\/100\n|-ability|p2a: Gyarados|Intimidate|boost\n|-unboost|p1a: Tornadus|atk|1\n|-unboost|p1b: Landorus|atk|1\n|cant|p1a: Tornadus|slp\n|move|p1b: Landorus|Sandsear Storm|p2b: Breloom|[spread] \n|-immune|p2a: Gyarados\n|-miss|p1b: Landorus|p2b: Breloom\n|move|p2b: Breloom|Spore|p1b: Landorus\n|-status|p1b: Landorus|slp|[from] move: Spore\n|\n|upkeep\n|turn|3\n|\n|t:|1698090228\n|switch|p1b: Dragonite|Dragonite, M, shiny|100\/100\n|cant|p1a: Tornadus|slp\n|move|p2a: Gyarados|Waterfall|p1a: Tornadus\n|-damage|p1a: Tornadus|0 fnt\n|faint|p1a: Tornadus\n|move|p2b: Breloom|Bullet Seed|p1b: Dragonite\n|-resisted|p1b: Dragonite\n|-damage|p1b: Dragonite|96\/100\n|-resisted|p1b: Dragonite\n|-damage|p1b: Dragonite|92\/100\n|-resisted|p1b: Dragonite\n|-damage|p1b: Dragonite|86\/100\n|-hitcount|p1b: Dragonite|3\n|\n|upkeep\n|\n|t:|1698090237\n|switch|p1a: Chien-Pao|Chien-Pao|100\/100\n|-ability|p1a: Chien-Pao|Sword of Ruin\n|turn|4\n|\n|t:|1698090251\n|move|p1a: Chien-Pao|Protect|p1a: Chien-Pao\n|-singleturn|p1a: Chien-Pao|Protect\n|move|p2b: Breloom|Mach Punch|p1a: Chien-Pao\n|-activate|p1a: Chien-Pao|move: Protect\n|move|p1b: Dragonite|Ice Spinner|p2b: Breloom\n|-supereffective|p2b: Breloom\n|-enditem|p2b: Breloom|Focus Sash\n|-damage|p2b: Breloom|1\/100\n|move|p2a: Gyarados|Thunder Wave|p1b: Dragonite\n|-status|p1b: Dragonite|par\n|\n|-sideend|p1: ChimeBliss|move: Tailwind\n|upkeep\n|turn|5\n|\n|t:|1698090268\n|move|p1a: Chien-Pao|Sucker Punch|p2b: Breloom\n|-resisted|p2b: Breloom\n|-damage|p2b: Breloom|0 fnt\n|faint|p2b: Breloom\n|move|p2a: Gyarados|Ice Fang|p1b: Dragonite\n|-supereffective|p1b: Dragonite\n|-damage|p1b: Dragonite|0 fnt\n|faint|p1b: Dragonite\n|\n|upkeep\n|\n|t:|1698090285\n|switch|p2b: Arcanine|Arcanine, F|100\/100\n|switch|p1b: Flutter Mane|Flutter Mane|100\/100\n|-ability|p2b: Arcanine|Intimidate|boost\n|-unboost|p1a: Chien-Pao|atk|1\n|-unboost|p1b: Flutter Mane|atk|1\n|turn|6\n|\n|t:|1698090306\n|move|p1b: Flutter Mane|Moonblast|p2a: Gyarados\n|-damage|p2a: Gyarados|24\/100\n|-enditem|p2a: Gyarados|Sitrus Berry|[eat]\n|-heal|p2a: Gyarados|49\/100|[from] item: Sitrus Berry\n|move|p1a: Chien-Pao|Ice Spinner|p2a: Gyarados\n|-damage|p2a: Gyarados|6\/100\n|move|p2b: Arcanine|Heat Wave|p1b: Flutter Mane|[spread] p1a,p1b\n|-supereffective|p1a: Chien-Pao\n|-enditem|p1a: Chien-Pao|Focus Sash\n|-damage|p1a: Chien-Pao|1\/100\n|-damage|p1b: Flutter Mane|70\/100\n|-status|p1b: Flutter Mane|brn\n|move|p2a: Gyarados|Thunder Wave|p1b: Flutter Mane|[miss]\n|-miss|p2a: Gyarados|p1b: Flutter Mane\n|\n|-damage|p1b: Flutter Mane|64\/100 brn|[from] brn\n|upkeep\n|turn|7\n|\n|t:|1698090332\n|move|p2b: Arcanine|Extreme Speed|p1a: Chien-Pao\n|-damage|p1a: Chien-Pao|0 fnt\n|faint|p1a: Chien-Pao\n|move|p1b: Flutter Mane|Moonblast|p2a: Gyarados\n|-crit|p2a: Gyarados\n|-damage|p2a: Gyarados|0 fnt\n|faint|p2a: Gyarados\n|\n|-damage|p1b: Flutter Mane|58\/100 brn|[from] brn\n|upkeep\n|\n|t:|1698090346\n|switch|p1a: Landorus|Landorus, M|100\/100 slp\n|switch|p2a: Regieleki|Regieleki|1\/100\n|turn|8\n|\n|t:|1698090365\n|-terastallize|p1a: Landorus|Water\n|move|p2a: Regieleki|Volt Switch|p1b: Flutter Mane\n|-damage|p1b: Flutter Mane|10\/100 brn\n|-message|ChimeBliss forfeited.\n|\n|win|Love and Ashes\n|raw|ChimeBliss's rating: 1325 &rarr; <strong>1300<\/strong><br \/>(-25 for losing)\n|raw|Love and Ashes's rating: 1239 &rarr; <strong>1270<\/strong><br \/>(+31 for winning)\n","uploadtime":1698090377,"views":12,"p1id":"chimebliss","p2id":"loveandashes","formatid":"gen9doublesou","rating":1270,"private":0,"password":""}