{"id":"gen9doublesou-1969615090","p1":"ChildishMamba","p2":"lunarlith","format":"[Gen 9] Doubles OU","log":"|j|\u2606ChildishMamba\n|j|\u2606lunarlith\n|t:|1697552087\n|gametype|doubles\n|player|p1|ChildishMamba|170|1074\n|player|p2|lunarlith|clair|1173\n|teamsize|p1|6\n|teamsize|p2|6\n|gen|9\n|tier|[Gen 9] Doubles OU\n|rated|\n|rule|Species Clause: Limit one of each Pok\u00e9mon\n|rule|OHKO Clause: OHKO moves are banned\n|rule|Evasion Moves Clause: Evasion moves are banned\n|rule|Gravity Sleep Clause: The combination of sleep-inducing moves with imperfect accuracy and Gravity or Gigantamax Orbeetle are banned\n|rule|Endless Battle Clause: Forcing endless battles is banned\n|rule|HP Percentage Mod: HP is shown in percentages\n|clearpoke\n|poke|p1|Milotic, M|\n|poke|p1|Ninetales-Alola, F|\n|poke|p1|Chi-Yu|\n|poke|p1|Arcanine-Hisui, M|\n|poke|p1|Sinistcha|\n|poke|p1|Iron Hands|\n|poke|p2|Amoonguss, F|\n|poke|p2|Slowking-Galar, M|\n|poke|p2|Iron Hands|\n|poke|p2|Kingambit, F|\n|poke|p2|Diancie|\n|poke|p2|Goodra-Hisui, F|\n|teampreview\n|inactive|Battle timer is ON: inactive players will automatically lose when time's up. (requested by lunarlith)\n|\n|t:|1697552093\n|start\n|switch|p1a: Milotic|Milotic, M, shiny|100\/100\n|switch|p1b: Ninetales|Ninetales-Alola, F, shiny|100\/100\n|switch|p2a: emo|Slowking-Galar, M|100\/100\n|switch|p2b: Goodra|Goodra-Hisui, F|100\/100\n|-weather|Snow|[from] ability: Snow Warning|[of] p1b: Ninetales\n|turn|1\n|\n|t:|1697552113\n|move|p1b: Ninetales|Aurora Veil|p1b: Ninetales\n|-sidestart|p1: ChildishMamba|move: Aurora Veil\n|move|p1a: Milotic|Scald|p2b: Goodra\n|-resisted|p2b: Goodra\n|-damage|p2b: Goodra|94\/100\n|move|p2b: Goodra|Curse|p2b: Goodra\n|-unboost|p2b: Goodra|spe|1\n|-boost|p2b: Goodra|atk|1\n|-boost|p2b: Goodra|def|1\n|move|p2a: emo|Trick Room|p2a: emo\n|-fieldstart|move: Trick Room|[of] p2a: emo\n|\n|-weather|Snow|[upkeep]\n|-heal|p2b: Goodra|99\/100|[from] item: Leftovers\n|upkeep\n|turn|2\n|\n|t:|1697552137\n|switch|p1a: Chi-Yu|Chi-Yu|100\/100\n|-ability|p1a: Chi-Yu|Beads of Ruin\n|switch|p1b: Sinistcha|Sinistcha, shiny|100\/100\n|move|p2b: Goodra|Curse|p2b: Goodra\n|-unboost|p2b: Goodra|spe|1\n|-boost|p2b: Goodra|atk|1\n|-boost|p2b: Goodra|def|1\n|move|p2a: emo|Toxic|p1b: Sinistcha\n|-status|p1b: Sinistcha|tox\n|\n|-weather|Snow|[upkeep]\n|-heal|p2b: Goodra|100\/100|[from] item: Leftovers\n|-damage|p1b: Sinistcha|94\/100 tox|[from] psn\n|upkeep\n|turn|3\n|inactive|lunarlith has 120 seconds left.\n|\n|t:|1697552173\n|move|p2b: Goodra|Body Press|p1a: Chi-Yu\n|-supereffective|p1a: Chi-Yu\n|-damage|p1a: Chi-Yu|24\/100\n|move|p2a: emo|Eerie Spell|p1b: Sinistcha\n|-damage|p1b: Sinistcha|64\/100 tox\n|move|p1a: Chi-Yu|Snarl|p2b: Goodra|[spread] p2a,p2b\n|-supereffective|p2a: emo\n|-damage|p2a: emo|58\/100\n|-damage|p2b: Goodra|82\/100\n|-unboost|p2a: emo|spa|1\n|-unboost|p2b: Goodra|spa|1\n|-damage|p1a: Chi-Yu|14\/100|[from] item: Life Orb\n|move|p1b: Sinistcha|Trick Room|p1b: Sinistcha\n|-fieldend|move: Trick Room\n|\n|-weather|Snow|[upkeep]\n|-heal|p2a: emo|64\/100|[from] item: Leftovers\n|-heal|p2b: Goodra|88\/100|[from] item: Leftovers\n|-damage|p1b: Sinistcha|52\/100 tox|[from] psn\n|upkeep\n|turn|4\n|inactive|lunarlith has 120 seconds left.\n|inactive|ChildishMamba has 120 seconds left.\n|\n|t:|1697552205\n|move|p1a: Chi-Yu|Dark Pulse|p2a: emo\n|-supereffective|p2a: emo\n|-damage|p2a: emo|0 fnt\n|faint|p2a: emo\n|-damage|p1a: Chi-Yu|4\/100|[from] item: Life Orb\n|move|p1b: Sinistcha|Strength Sap|p2b: Goodra\n|-unboost|p2b: Goodra|atk|1\n|-heal|p1b: Sinistcha|100\/100 tox\n|move|p2b: Goodra|Curse|p2b: Goodra\n|-unboost|p2b: Goodra|spe|1\n|-boost|p2b: Goodra|atk|1\n|-boost|p2b: Goodra|def|1\n|\n|-weather|Snow|[upkeep]\n|-heal|p2b: Goodra|94\/100|[from] item: Leftovers\n|-damage|p1b: Sinistcha|82\/100 tox|[from] psn\n|upkeep\n|\n|t:|1697552223\n|switch|p2a: Diancie|Diancie|100\/100\n|turn|5\n|\n|t:|1697552239\n|move|p2b: Goodra|Protect|p2b: Goodra\n|-singleturn|p2b: Goodra|Protect\n|move|p1a: Chi-Yu|Heat Wave|p2b: Goodra|[spread] \n|-activate|p2b: Goodra|move: Protect\n|-miss|p1a: Chi-Yu|p2a: Diancie\n|move|p1b: Sinistcha|Matcha Gotcha|p2b: Goodra|[spread] p2a\n|-activate|p2b: Goodra|move: Protect\n|-supereffective|p2a: Diancie\n|-damage|p2a: Diancie|45\/100\n|-heal|p1b: Sinistcha|100\/100 tox|[from] drain|[of] p2a: Diancie\n|move|p2a: Diancie|Trick Room|p2a: Diancie\n|-fieldstart|move: Trick Room|[of] p2a: Diancie\n|\n|-weather|none\n|-heal|p2b: Goodra|99\/100|[from] item: Leftovers\n|-heal|p2a: Diancie|51\/100|[from] item: Leftovers\n|-damage|p1b: Sinistcha|76\/100 tox|[from] psn\n|upkeep\n|turn|6\n|inactive|lunarlith has 120 seconds left.\n|\n|t:|1697552270\n|switch|p2a: brian hands|Iron Hands|100\/100\n|move|p1a: Chi-Yu|Protect|p1a: Chi-Yu\n|-singleturn|p1a: Chi-Yu|Protect\n|move|p2b: Goodra|Curse|p2b: Goodra\n|-unboost|p2b: Goodra|spe|1\n|-boost|p2b: Goodra|atk|1\n|-boost|p2b: Goodra|def|1\n|move|p1b: Sinistcha|Trick Room|p1b: Sinistcha\n|-fieldend|move: Trick Room\n|\n|-heal|p2b: Goodra|100\/100|[from] item: Leftovers\n|-damage|p1b: Sinistcha|46\/100 tox|[from] psn\n|upkeep\n|-enditem|p1b: Sinistcha|Sitrus Berry|[eat]\n|-heal|p1b: Sinistcha|71\/100 tox|[from] item: Sitrus Berry\n|turn|7\n|inactive|lunarlith has 120 seconds left.\n|inactive|ChildishMamba has 120 seconds left.\n|\n|t:|1697552310\n|-terastallize|p1a: Chi-Yu|Ghost\n|move|p2a: brian hands|Fake Out|p1a: Chi-Yu\n|-immune|p1a: Chi-Yu\n|move|p1a: Chi-Yu|Heat Wave|p2b: Goodra|[spread] p2a,p2b\n|-damage|p2a: brian hands|63\/100\n|-damage|p2b: Goodra|66\/100\n|-damage|p1a: Chi-Yu|0 fnt|[from] item: Life Orb\n|faint|p1a: Chi-Yu\n|move|p1b: Sinistcha|Matcha Gotcha|p2b: Goodra|[spread] p2a,p2b\n|-resisted|p2b: Goodra\n|-crit|p2b: Goodra\n|-damage|p2a: brian hands|49\/100\n|-heal|p1b: Sinistcha|81\/100 tox|[from] drain|[of] p2a: brian hands\n|-damage|p2b: Goodra|61\/100\n|-heal|p1b: Sinistcha|83\/100 tox|[from] drain|[of] p2b: Goodra\n|move|p2b: Goodra|Gyro Ball|p1b: Sinistcha\n|-damage|p1b: Sinistcha|52\/100 tox\n|\n|-heal|p2b: Goodra|67\/100|[from] item: Leftovers\n|-damage|p1b: Sinistcha|15\/100 tox|[from] psn\n|upkeep\n|\n|t:|1697552333\n|switch|p1a: Arcanine|Arcanine-Hisui, M|100\/100\n|turn|8\n|\n|t:|1697552348\n|-end|p2a: brian hands|Quark Drive|[silent]\n|switch|p2a: Diancie|Diancie|51\/100\n|move|p1a: Arcanine|Will-O-Wisp|p2b: Goodra\n|-status|p2b: Goodra|brn\n|move|p1b: Sinistcha|Strength Sap|p2a: Diancie\n|-fail|p2a: Diancie|unboost|[from] ability: Clear Body|[of] p2a: Diancie\n|-heal|p1b: Sinistcha|87\/100 tox\n|move|p2b: Goodra|Body Press|p1a: Arcanine\n|-supereffective|p1a: Arcanine\n|-damage|p1a: Arcanine|55\/100\n|\n|-heal|p2a: Diancie|57\/100|[from] item: Leftovers\n|-heal|p2b: Goodra|73\/100 brn|[from] item: Leftovers\n|-damage|p1b: Sinistcha|44\/100 tox|[from] psn\n|-damage|p2b: Goodra|67\/100 brn|[from] brn\n|-sideend|p1: ChildishMamba|move: Aurora Veil\n|upkeep\n|turn|9\n|inactive|ChildishMamba has 120 seconds left.\n|\n|t:|1697552389\n|switch|p1a: Iron Hands|Iron Hands, shiny|100\/100\n|move|p1b: Sinistcha|Strength Sap|p2b: Goodra\n|-unboost|p2b: Goodra|atk|1\n|-heal|p1b: Sinistcha|100\/100 tox\n|move|p2b: Goodra|Body Press|p1a: Iron Hands\n|-crit|p1a: Iron Hands\n|-damage|p1a: Iron Hands|75\/100\n|move|p2a: Diancie|Trick Room|p2a: Diancie\n|-fieldstart|move: Trick Room|[of] p2a: Diancie\n|\n|-heal|p2b: Goodra|73\/100 brn|[from] item: Leftovers\n|-heal|p2a: Diancie|63\/100|[from] item: Leftovers\n|-damage|p1b: Sinistcha|52\/100 tox|[from] psn\n|-damage|p2b: Goodra|67\/100 brn|[from] brn\n|upkeep\n|turn|10\n|inactive|ChildishMamba has 90 seconds left.\n|\n|t:|1697552423\n|move|p2b: Goodra|Gyro Ball|p1b: Sinistcha\n|-damage|p1b: Sinistcha|33\/100 tox\n|move|p1a: Iron Hands|Drain Punch|p2b: Goodra\n|-supereffective|p2b: Goodra\n|-damage|p2b: Goodra|36\/100 brn\n|-heal|p1a: Iron Hands|87\/100|[from] drain|[of] p2b: Goodra\n|-ability|p2b: Goodra|Gooey\n|-unboost|p1a: Iron Hands|spe|1\n|move|p2a: Diancie|Diamond Storm|p1b: Sinistcha|[spread] p1a,p1b\n|-resisted|p1a: Iron Hands\n|-damage|p1a: Iron Hands|79\/100\n|-damage|p1b: Sinistcha|16\/100 tox\n|move|p1b: Sinistcha|Strength Sap|p2b: Goodra\n|-unboost|p2b: Goodra|atk|1\n|-heal|p1b: Sinistcha|100\/100 tox\n|\n|-heal|p2b: Goodra|42\/100 brn|[from] item: Leftovers\n|-heal|p2a: Diancie|69\/100|[from] item: Leftovers\n|-damage|p1b: Sinistcha|46\/100 tox|[from] psn\n|-damage|p2b: Goodra|36\/100 brn|[from] brn\n|upkeep\n|turn|11\n|inactive|ChildishMamba has 90 seconds left.\n|inactive|lunarlith has 120 seconds left.\n|\n|t:|1697552471\n|switch|p2b: sus|Amoonguss, F|100\/100\n|switch|p1b: Milotic|Milotic, M, shiny|100\/100\n|move|p1a: Iron Hands|Drain Punch|p2b: sus\n|-resisted|p2b: sus\n|-damage|p2b: sus|75\/100\n|-heal|p1a: Iron Hands|90\/100|[from] drain|[of] p2b: sus\n|-damage|p1a: Iron Hands|73\/100|[from] item: Rocky Helmet|[of] p2b: sus\n|move|p2a: Diancie|Diamond Storm|p1b: Milotic|[spread] p1a,p1b\n|-resisted|p1a: Iron Hands\n|-crit|p1a: Iron Hands\n|-damage|p1a: Iron Hands|60\/100\n|-damage|p1b: Milotic|82\/100\n|-boost|p2a: Diancie|def|2\n|\n|-heal|p2a: Diancie|75\/100|[from] item: Leftovers\n|upkeep\n|turn|12\n|inactive|lunarlith has 120 seconds left.\n|inactive|ChildishMamba has 90 seconds left.\n|\n|t:|1697552505\n|-end|p1a: Iron Hands|Quark Drive|[silent]\n|switch|p1a: Ninetales|Ninetales-Alola, F, shiny|100\/100\n|-weather|Snow|[from] ability: Snow Warning|[of] p1a: Ninetales\n|move|p2b: sus|Spore|p1b: Milotic\n|-status|p1b: Milotic|slp|[from] move: Spore\n|move|p2a: Diancie|Body Press|p1a: Ninetales\n|-damage|p1a: Ninetales|48\/100\n|cant|p1b: Milotic|slp\n|\n|-weather|Snow|[upkeep]\n|-heal|p2a: Diancie|81\/100|[from] item: Leftovers\n|upkeep\n|turn|13\n|inactive|lunarlith has 120 seconds left.\n|inactive|ChildishMamba has 90 seconds left.\n|\n|t:|1697552544\n|switch|p1a: Iron Hands|Iron Hands, shiny|60\/100\n|move|p2b: sus|Spore|p1a: Iron Hands\n|-status|p1a: Iron Hands|slp|[from] move: Spore\n|move|p2a: Diancie|Diamond Storm|p1a: Iron Hands|[spread] p1a,p1b\n|-resisted|p1a: Iron Hands\n|-damage|p1a: Iron Hands|52\/100 slp\n|-damage|p1b: Milotic|63\/100 slp\n|cant|p1b: Milotic|slp\n|\n|-weather|Snow|[upkeep]\n|-heal|p2a: Diancie|87\/100|[from] item: Leftovers\n|-fieldend|move: Trick Room\n|upkeep\n|turn|14\n|inactive|ChildishMamba has 90 seconds left.\n|inactive|lunarlith has 120 seconds left.\n|\n|t:|1697552571\n|cant|p1a: Iron Hands|slp\n|move|p2b: sus|Rage Powder|p2b: sus\n|-singleturn|p2b: sus|move: Rage Powder\n|-curestatus|p1b: Milotic|slp|[msg]\n|move|p1b: Milotic|Scald|p2b: sus\n|-resisted|p2b: sus\n|-damage|p2b: sus|65\/100\n|move|p2a: Diancie|Trick Room|p2a: Diancie\n|-fieldstart|move: Trick Room|[of] p2a: Diancie\n|\n|-weather|Snow|[upkeep]\n|-heal|p2a: Diancie|93\/100|[from] item: Leftovers\n|upkeep\n|turn|15\n|inactive|ChildishMamba has 90 seconds left.\n|inactive|lunarlith has 120 seconds left.\n|\n|t:|1697552596\n|move|p2b: sus|Spore|p1b: Milotic\n|-status|p1b: Milotic|slp|[from] move: Spore\n|cant|p1a: Iron Hands|slp\n|move|p2a: Diancie|Body Press|p1a: Iron Hands\n|-damage|p1a: Iron Hands|12\/100 slp\n|cant|p1b: Milotic|slp\n|\n|-weather|Snow|[upkeep]\n|-heal|p2a: Diancie|99\/100|[from] item: Leftovers\n|upkeep\n|turn|16\n|inactive|ChildishMamba has 90 seconds left.\n|j| klaylton\n|inactive|lunarlith has 120 seconds left.\n|\n|t:|1697552619\n|switch|p2b: brian hands|Iron Hands|49\/100\n|-curestatus|p1a: Iron Hands|slp|[msg]\n|move|p1a: Iron Hands|Drain Punch|p2a: Diancie\n|-damage|p2a: Diancie|85\/100\n|-heal|p1a: Iron Hands|16\/100|[from] drain|[of] p2a: Diancie\n|move|p2a: Diancie|Diamond Storm|p1a: Iron Hands|[spread] p1a,p1b\n|-resisted|p1a: Iron Hands\n|-damage|p1a: Iron Hands|7\/100\n|-damage|p1b: Milotic|43\/100 slp\n|cant|p1b: Milotic|slp\n|\n|-weather|none\n|-heal|p2a: Diancie|91\/100|[from] item: Leftovers\n|upkeep\n|turn|17\n|inactive|ChildishMamba has 90 seconds left.\n|inactive|lunarlith has 120 seconds left.\n|\n|t:|1697552641\n|move|p1a: Iron Hands|Drain Punch|p2b: brian hands\n|-damage|p2b: brian hands|20\/100\n|-heal|p1a: Iron Hands|21\/100|[from] drain|[of] p2b: brian hands\n|move|p2b: brian hands|Wild Charge|p1b: Milotic\n|-supereffective|p1b: Milotic\n|-damage|p1b: Milotic|0 fnt\n|faint|p1b: Milotic\n|-damage|p2b: brian hands|12\/100|[from] Recoil\n|move|p2a: Diancie|Body Press|p1a: Iron Hands\n|-crit|p1a: Iron Hands\n|-damage|p1a: Iron Hands|0 fnt\n|faint|p1a: Iron Hands\n|-end|p1a: Iron Hands|Quark Drive|[silent]\n|\n|-heal|p2a: Diancie|97\/100|[from] item: Leftovers\n|upkeep\n|\n|t:|1697552662\n|switch|p1a: Sinistcha|Sinistcha, shiny|46\/100 tox\n|switch|p1b: Arcanine|Arcanine-Hisui, M|55\/100\n|-heal|p1b: Arcanine|80\/100|[from] ability: Hospitality|[of] p1a: Sinistcha\n|turn|18\n|inactive|ChildishMamba has 90 seconds left.\n|\n|t:|1697552682\n|move|p2b: brian hands|Wild Charge|p1a: Sinistcha\n|-resisted|p1a: Sinistcha\n|-damage|p1a: Sinistcha|28\/100 tox\n|-damage|p2b: brian hands|9\/100|[from] Recoil\n|move|p2a: Diancie|Body Press|p1b: Arcanine\n|-supereffective|p1b: Arcanine\n|-damage|p1b: Arcanine|0 fnt\n|faint|p1b: Arcanine\n|move|p1a: Sinistcha|Trick Room|p1a: Sinistcha\n|-fieldend|move: Trick Room\n|\n|-heal|p2a: Diancie|100\/100|[from] item: Leftovers\n|-damage|p1a: Sinistcha|22\/100 tox|[from] psn\n|upkeep\n|\n|t:|1697552695\n|switch|p1b: Ninetales|Ninetales-Alola, F, shiny|48\/100\n|-weather|Snow|[from] ability: Snow Warning|[of] p1b: Ninetales\n|turn|19\n|\n|t:|1697552705\n|move|p1a: Sinistcha|Rage Powder|p1a: Sinistcha\n|-singleturn|p1a: Sinistcha|move: Rage Powder\n|move|p1b: Ninetales|Blizzard|p2b: brian hands|[spread] p2a,p2b\n|-damage|p2a: Diancie|82\/100\n|-damage|p2b: brian hands|0 fnt\n|-status|p2a: Diancie|frz\n|faint|p2b: brian hands\n|-end|p2b: brian hands|Quark Drive|[silent]\n|-curestatus|p2a: Diancie|frz|[msg]\n|move|p2a: Diancie|Trick Room|p2a: Diancie\n|-fieldstart|move: Trick Room|[of] p2a: Diancie\n|\n|-weather|Snow|[upkeep]\n|-heal|p2a: Diancie|88\/100|[from] item: Leftovers\n|-damage|p1a: Sinistcha|10\/100 tox|[from] psn\n|upkeep\n|\n|t:|1697552724\n|switch|p2b: Goodra|Goodra-Hisui, F|36\/100 brn\n|turn|20\n|inactive|ChildishMamba has 120 seconds left.\n|\n|t:|1697552737\n|move|p2b: Goodra|Gyro Ball|p1a: Sinistcha\n|-damage|p1a: Sinistcha|7\/100 tox\n|move|p2a: Diancie|Body Press|p1b: Ninetales\n|-damage|p1b: Ninetales|0 fnt\n|faint|p1b: Ninetales\n|move|p1a: Sinistcha|Strength Sap|p2b: Goodra\n|-unboost|p2b: Goodra|atk|1\n|-heal|p1a: Sinistcha|75\/100 tox\n|\n|-weather|Snow|[upkeep]\n|-heal|p2b: Goodra|42\/100 brn|[from] item: Leftovers\n|-heal|p2a: Diancie|94\/100|[from] item: Leftovers\n|-damage|p1a: Sinistcha|57\/100 tox|[from] psn\n|-damage|p2b: Goodra|36\/100 brn|[from] brn\n|upkeep\n|turn|21\n|\n|t:|1697552760\n|move|p2b: Goodra|Gyro Ball|p1a: Sinistcha\n|-damage|p1a: Sinistcha|55\/100 tox\n|move|p2a: Diancie|Diamond Storm|p1a: Sinistcha\n|-damage|p1a: Sinistcha|29\/100 tox\n|move|p1a: Sinistcha|Matcha Gotcha|p2b: Goodra|[spread] p2a,p2b\n|-supereffective|p2a: Diancie\n|-resisted|p2b: Goodra\n|-damage|p2a: Diancie|52\/100\n|-heal|p1a: Sinistcha|47\/100 tox|[from] drain|[of] p2a: Diancie\n|-damage|p2b: Goodra|33\/100 brn\n|-heal|p1a: Sinistcha|48\/100 tox|[from] drain|[of] p2b: Goodra\n|\n|-weather|Snow|[upkeep]\n|-heal|p2b: Goodra|39\/100 brn|[from] item: Leftovers\n|-heal|p2a: Diancie|58\/100|[from] item: Leftovers\n|-damage|p1a: Sinistcha|24\/100 tox|[from] psn\n|-damage|p2b: Goodra|33\/100 brn|[from] brn\n|upkeep\n|turn|22\n|\n|t:|1697552786\n|switch|p2a: sus|Amoonguss, F|65\/100\n|move|p2b: Goodra|Protect|p2b: Goodra\n|-singleturn|p2b: Goodra|Protect\n|move|p1a: Sinistcha|Matcha Gotcha|p2a: sus|[spread] p2a\n|-activate|p2b: Goodra|move: Protect\n|-resisted|p2a: sus\n|-damage|p2a: sus|61\/100\n|-heal|p1a: Sinistcha|27\/100 tox|[from] drain|[of] p2a: sus\n|\n|-weather|Snow|[upkeep]\n|-heal|p2b: Goodra|39\/100 brn|[from] item: Leftovers\n|-damage|p1a: Sinistcha|0 fnt|[from] psn\n|faint|p1a: Sinistcha\n|\n|win|lunarlith\n|upkeep\n|raw|ChildishMamba's rating: 1074 &rarr; <strong>1059<\/strong><br \/>(-15 for losing)\n|raw|lunarlith's rating: 1173 &rarr; <strong>1191<\/strong><br \/>(+18 for winning)\n","uploadtime":1697552810,"views":20,"p1id":"childishmamba","p2id":"lunarlith","formatid":"gen9doublesou","rating":1059,"private":0,"password":""}