{"id":"gen9doublesou-1995382691","p1":"csgoAFK","p2":"lvcinda","format":"[Gen 9] Doubles OU","log":"|j|\u2606csgoAFK\n|j|\u2606lvcinda\n|inactive|Battle timer is ON: inactive players will automatically lose when time's up.\n|t:|1700563209\n|gametype|doubles\n|player|p1|csgoAFK|steven|\n|player|p2|lvcinda|cynthia-anime2|\n|teamsize|p1|6\n|teamsize|p2|6\n|gen|9\n|tier|[Gen 9] Doubles OU\n|rated|Tournament battle\n|rule|Species Clause: Limit one of each Pok\u00e9mon\n|rule|OHKO Clause: OHKO moves are banned\n|rule|Evasion Moves Clause: Evasion moves are banned\n|rule|Gravity Sleep Clause: The combination of sleep-inducing moves with imperfect accuracy and Gravity or Gigantamax Orbeetle are banned\n|rule|Endless Battle Clause: Forcing endless battles is banned\n|rule|HP Percentage Mod: HP is shown in percentages\n|clearpoke\n|poke|p1|Sylveon, F|\n|poke|p1|Arboliva, F|\n|poke|p1|Barraskewda, M|\n|poke|p1|Goodra-Hisui, M|\n|poke|p1|Sinistcha-Masterpiece|\n|poke|p1|Skuntank, F|\n|poke|p2|Gumshoos, F|\n|poke|p2|Lokix, M|\n|poke|p2|Palafin, F|\n|poke|p2|Meowscarada, M|\n|poke|p2|Girafarig, F|\n|poke|p2|Mandibuzz, F|\n|teampreview\n|j|*Lady Monita \u2746\n|j| Pushpit\n|c|\u2606csgoAFK|hf\n|\n|t:|1700563238\n|start\n|switch|p1a: Goodra|Goodra-Hisui, M|100\/100\n|switch|p1b: Skuntank|Skuntank, F|100\/100\n|switch|p2a: Palafin|Palafin, F|100\/100\n|switch|p2b: Lokix|Lokix, M|100\/100\n|turn|1\n|j| Gyarikkuho\n|l| Pushpit\n|\n|t:|1700563265\n|move|p2b: Lokix|First Impression|p1b: Skuntank\n|-damage|p1b: Skuntank|28\/100\n|-damage|p2b: Lokix|91\/100|[from] item: Life Orb\n|move|p1b: Skuntank|Toxic Spikes|p2b: Lokix\n|-sidestart|p2: lvcinda|move: Toxic Spikes\n|move|p2a: Palafin|Flip Turn|p1a: Goodra\n|-resisted|p1a: Goodra\n|-damage|p1a: Goodra|92\/100\n|\n|t:|1700563278\n|detailschange|p2a: Palafin|Palafin-Hero, F\n|switch|p2a: Mandibuzz|Mandibuzz, F|100\/100|[from] Flip Turn\n|move|p1a: Goodra|Acid Armor|p1a: Goodra\n|-boost|p1a: Goodra|def|2\n|\n|-heal|p1b: Skuntank|34\/100|[from] item: Black Sludge\n|-heal|p1a: Goodra|99\/100|[from] item: Leftovers\n|upkeep\n|turn|2\n|inactive|csgoAFK has 120 seconds left.\n|\n|t:|1700563311\n|move|p1b: Skuntank|Protect|p1b: Skuntank\n|-singleturn|p1b: Skuntank|Protect\n|move|p2b: Lokix|Leech Life|p1b: Skuntank\n|-activate|p1b: Skuntank|move: Protect\n|move|p2a: Mandibuzz|Knock Off|p1a: Goodra\n|-damage|p1a: Goodra|91\/100\n|-enditem|p1a: Goodra|Leftovers|[from] move: Knock Off|[of] p2a: Mandibuzz\n|move|p1a: Goodra|Body Press|p2b: Lokix\n|-damage|p2b: Lokix|11\/100\n|\n|-heal|p1b: Skuntank|40\/100|[from] item: Black Sludge\n|upkeep\n|turn|3\n|\n|t:|1700563331\n|move|p2b: Lokix|Leech Life|p1b: Skuntank\n|-crit|p1b: Skuntank\n|-damage|p1b: Skuntank|0 fnt\n|-heal|p2b: Lokix|35\/100|[from] drain|[of] p1b: Skuntank\n|-damage|p2b: Lokix|11\/100|[from] ability: Aftermath|[of] p1b: Skuntank\n|faint|p1b: Skuntank\n|-damage|p2b: Lokix|1\/100|[from] item: Life Orb\n|move|p2a: Mandibuzz|Tailwind|p2a: Mandibuzz\n|-sidestart|p2: lvcinda|move: Tailwind\n|move|p1a: Goodra|Body Press|p2b: Lokix\n|-damage|p2b: Lokix|0 fnt\n|faint|p2b: Lokix\n|\n|upkeep\n|\n|t:|1700563350\n|switch|p2b: Meowscarada|Meowscarada, M|100\/100\n|switch|p1b: Sylveon|Sylveon, F|100\/100\n|-status|p2b: Meowscarada|psn\n|turn|4\n|\n|t:|1700563366\n|-terastallize|p1b: Sylveon|Fairy\n|move|p2b: Meowscarada|U-turn|p1a: Goodra\n|-start|p2b: Meowscarada|typechange|Bug|[from] ability: Protean\n|-resisted|p1a: Goodra\n|-damage|p1a: Goodra|82\/100\n|\n|t:|1700563371\n|switch|p2b: Girafarig|Girafarig, F|100\/100|[from] U-turn\n|-status|p2b: Girafarig|psn\n|move|p2a: Mandibuzz|Toxic|p1b: Sylveon\n|-status|p1b: Sylveon|tox\n|move|p1b: Sylveon|Hyper Voice|p2a: Mandibuzz|[spread] p2a,p2b\n|-supereffective|p2a: Mandibuzz\n|-damage|p2a: Mandibuzz|0 fnt\n|-damage|p2b: Girafarig|24\/100 psn\n|faint|p2a: Mandibuzz\n|move|p1a: Goodra|Body Press|p2b: Girafarig\n|-damage|p2b: Girafarig|0 fnt\n|faint|p2b: Girafarig\n|\n|-damage|p1b: Sylveon|94\/100 tox|[from] psn\n|upkeep\n|\n|t:|1700563384\n|switch|p2b: Meowscarada|Meowscarada, M|100\/100 psn\n|switch|p2a: Gumshoos|Gumshoos, F|100\/100\n|-status|p2a: Gumshoos|psn\n|turn|5\n|\n|t:|1700563400\n|move|p2b: Meowscarada|Flower Trick|p1b: Sylveon\n|-start|p2b: Meowscarada|typechange|Grass|[from] ability: Protean\n|-crit|p1b: Sylveon\n|-damage|p1b: Sylveon|8\/100 tox\n|move|p2a: Gumshoos|Facade|p1b: Sylveon\n|-damage|p1b: Sylveon|0 fnt\n|faint|p1b: Sylveon\n|move|p1a: Goodra|Body Press|p2b: Meowscarada\n|-damage|p2b: Meowscarada|25\/100 psn\n|\n|-damage|p2b: Meowscarada|13\/100 psn|[from] psn\n|-damage|p2a: Gumshoos|88\/100 psn|[from] psn\n|upkeep\n|inactive|csgoAFK has 120 seconds left.\n|\n|t:|1700563426\n|switch|p1b: Barraskewda|Barraskewda, M|100\/100\n|turn|6\n|\n|t:|1700563436\n|move|p2b: Meowscarada|Flower Trick|p1b: Barraskewda\n|-supereffective|p1b: Barraskewda\n|-crit|p1b: Barraskewda\n|-damage|p1b: Barraskewda|0 fnt\n|faint|p1b: Barraskewda\n|move|p2a: Gumshoos|Facade|p1a: Goodra\n|-resisted|p1a: Goodra\n|-damage|p1a: Goodra|58\/100\n|move|p1a: Goodra|Body Press|p2b: Meowscarada\n|-damage|p2b: Meowscarada|0 fnt\n|faint|p2b: Meowscarada\n|\n|-damage|p2a: Gumshoos|76\/100 psn|[from] psn\n|-sideend|p2: lvcinda|move: Tailwind\n|upkeep\n|\n|t:|1700563446\n|switch|p1b: Sinistcha|Sinistcha-Masterpiece|100\/100\n|switch|p2b: Palafin|Palafin-Hero, F|100\/100\n|-status|p2b: Palafin|psn\n|-activate|p2b: Palafin|ability: Zero to Hero\n|turn|7\n|\n|t:|1700563460\n|-terastallize|p2b: Palafin|Fighting\n|move|p2b: Palafin|Drain Punch|p1a: Goodra\n|-supereffective|p1a: Goodra\n|-damage|p1a: Goodra|20\/100\n|move|p1b: Sinistcha|Matcha Gotcha|p2b: Palafin|[spread] p2a,p2b\n|-crit|p2a: Gumshoos\n|-damage|p2a: Gumshoos|23\/100 psn\n|-damage|p2b: Palafin|77\/100 psn\n|move|p1a: Goodra|Body Press|p2b: Palafin\n|-damage|p2b: Palafin|30\/100 psn\n|move|p2a: Gumshoos|Facade|p1a: Goodra\n|-resisted|p1a: Goodra\n|-damage|p1a: Goodra|0 fnt\n|faint|p1a: Goodra\n|\n|-heal|p2b: Palafin|36\/100 psn|[from] item: Leftovers\n|-damage|p2b: Palafin|24\/100 psn|[from] psn\n|-damage|p2a: Gumshoos|11\/100 psn|[from] psn\n|upkeep\n|\n|t:|1700563462\n|switch|p1a: Arboliva|Arboliva, F|100\/100\n|turn|8\n|\n|t:|1700563473\n|move|p1a: Arboliva|Helping Hand|p1b: Sinistcha\n|-singleturn|p1b: Sinistcha|Helping Hand|[of] p1a: Arboliva\n|move|p2b: Palafin|Drain Punch|p1a: Arboliva\n|-supereffective|p1a: Arboliva\n|-damage|p1a: Arboliva|0 fnt\n|-heal|p2b: Palafin|68\/100 psn|[from] drain|[of] p1a: Arboliva\n|faint|p1a: Arboliva\n|move|p1b: Sinistcha|Matcha Gotcha|p2b: Palafin|[spread] p2a,p2b\n|-crit|p2b: Palafin\n|-damage|p2a: Gumshoos|0 fnt\n|-damage|p2b: Palafin|11\/100 psn\n|faint|p2a: Gumshoos\n|\n|-heal|p2b: Palafin|17\/100 psn|[from] item: Leftovers\n|-damage|p2b: Palafin|5\/100 psn|[from] psn\n|upkeep\n|turn|9\n|\n|t:|1700563482\n|move|p2b: Palafin|Jet Punch|p1b: Sinistcha\n|-resisted|p1b: Sinistcha\n|-damage|p1b: Sinistcha|84\/100\n|move|p1b: Sinistcha|Shadow Ball|p2b: Palafin\n|-damage|p2b: Palafin|0 fnt\n|faint|p2b: Palafin\n|\n|win|csgoAFK\n|n|\u2606csgoAFK|csgoafk\n|n|\u2606lvcinda|lvcinda\n|n|*Lady Monita \u2746|ladymonita\n|n| Gyarikkuho|gyarikkuho\n","uploadtime":1700563483,"views":7,"p1id":"csgoafk","p2id":"lvcinda","formatid":"gen9doublesou","rating":0,"private":0,"password":""}