{"id":"gen9doublesou-1967818233","p1":"temmeboi","p2":"saf_276","format":"[Gen 9] Doubles OU","log":"|html|<div class=\"broadcast-blue\"><strong>[Gen 9] Doubles OU is currently suspecting Basculegion & Flutter Mane! For information on how to participate check out the <a href=\"https:\/\/www.smogon.com\/forums\/threads\/np-sv-dou-stage-8-double-trouble.3729153\/\">suspect thread<\/a>.<\/strong><\/div>\n|j|\u2606temmeboi\n|j|\u2606saf_276\n|t:|1697342241\n|gametype|doubles\n|player|p1|temmeboi|2|1169\n|player|p2|saf_276|lance|1162\n|teamsize|p1|6\n|teamsize|p2|6\n|gen|9\n|tier|[Gen 9] Doubles OU\n|rated|\n|rule|Species Clause: Limit one of each Pok\u00e9mon\n|rule|OHKO Clause: OHKO moves are banned\n|rule|Evasion Moves Clause: Evasion moves are banned\n|rule|Gravity Sleep Clause: The combination of sleep-inducing moves with imperfect accuracy and Gravity or Gigantamax Orbeetle are banned\n|rule|Endless Battle Clause: Forcing endless battles is banned\n|rule|HP Percentage Mod: HP is shown in percentages\n|clearpoke\n|poke|p1|Ogerpon-Cornerstone, F|\n|poke|p1|Arboliva, F|\n|poke|p1|Gholdengo|\n|poke|p1|Baxcalibur, F|\n|poke|p1|Torkoal, M|\n|poke|p1|Cinderace, M|\n|poke|p2|Garchomp, F|\n|poke|p2|Dragapult, F|\n|poke|p2|Baxcalibur, M|\n|poke|p2|Roaring Moon|\n|poke|p2|Walking Wake|\n|poke|p2|Dragonite, M|\n|teampreview\n|inactive|Battle timer is ON: inactive players will automatically lose when time's up. (requested by temmeboi)\n|\n|t:|1697342259\n|start\n|switch|p1a: Torkoal|Torkoal, M|100\/100\n|switch|p1b: Cinderace|Cinderace, M|100\/100\n|switch|p2a: Garchomp|Garchomp, F, shiny|100\/100\n|switch|p2b: Dragonite|Dragonite, M, shiny|100\/100\n|-weather|SunnyDay|[from] ability: Drought|[of] p1a: Torkoal\n|turn|1\n|\n|t:|1697342272\n|move|p1b: Cinderace|Bulk Up|p1b: Cinderace\n|-start|p1b: Cinderace|typechange|Fighting|[from] ability: Libero\n|-boost|p1b: Cinderace|atk|1\n|-boost|p1b: Cinderace|def|1\n|move|p2a: Garchomp|Spikes|p1a: Torkoal\n|-sidestart|p1: temmeboi|Spikes\n|move|p2b: Dragonite|Dragon Dance|p2b: Dragonite\n|-boost|p2b: Dragonite|atk|1\n|-boost|p2b: Dragonite|spe|1\n|move|p1a: Torkoal|Eruption|p2b: Dragonite|[spread] p2a,p2b\n|-resisted|p2a: Garchomp\n|-resisted|p2b: Dragonite\n|-damage|p2a: Garchomp|60\/100\n|-damage|p2b: Dragonite|84\/100\n|\n|-weather|SunnyDay|[upkeep]\n|upkeep\n|turn|2\n|\n|t:|1697342295\n|move|p2b: Dragonite|Extreme Speed|p1b: Cinderace\n|-damage|p1b: Cinderace|52\/100\n|move|p1b: Cinderace|Sucker Punch|p2a: Garchomp\n|-damage|p2a: Garchomp|25\/100\n|-damage|p1b: Cinderace|40\/100|[from] ability: Rough Skin|[of] p2a: Garchomp\n|move|p2a: Garchomp|Earthquake|p1b: Cinderace|[spread] p1a,p1b\n|-immune|p2b: Dragonite\n|-supereffective|p1a: Torkoal\n|-damage|p1a: Torkoal|34\/100\n|-damage|p1b: Cinderace|0 fnt\n|faint|p1b: Cinderace\n|-damage|p2a: Garchomp|15\/100|[from] item: Life Orb\n|move|p1a: Torkoal|Clear Smog|p2b: Dragonite\n|-damage|p2b: Dragonite|68\/100\n|-clearboost|p2b: Dragonite\n|\n|-weather|SunnyDay|[upkeep]\n|upkeep\n|inactive|temmeboi has 120 seconds left.\n|\n|t:|1697342314\n|switch|p1b: Gholdengo|Gholdengo|100\/100\n|-damage|p1b: Gholdengo|88\/100|[from] Spikes\n|turn|3\n|inactive|temmeboi has 120 seconds left.\n|\n|t:|1697342339\n|move|p2b: Dragonite|Extreme Speed|p1a: Torkoal\n|-damage|p1a: Torkoal|11\/100\n|-enditem|p1a: Torkoal|Aguav Berry|[eat]\n|-heal|p1a: Torkoal|44\/100|[from] item: Aguav Berry\n|move|p2a: Garchomp|Fire Blast|p1b: Gholdengo\n|-supereffective|p1b: Gholdengo\n|-damage|p1b: Gholdengo|0 fnt\n|faint|p1b: Gholdengo\n|-damage|p2a: Garchomp|5\/100|[from] item: Life Orb\n|move|p1a: Torkoal|Overheat|p2a: Garchomp\n|-resisted|p2a: Garchomp\n|-damage|p2a: Garchomp|0 fnt\n|-unboost|p1a: Torkoal|spa|2\n|faint|p2a: Garchomp\n|\n|-weather|SunnyDay|[upkeep]\n|upkeep\n|\n|t:|1697342355\n|switch|p2a: Walking Wake|Walking Wake|100\/100\n|switch|p1b: Arboliva|Arboliva, F|100\/100\n|-activate|p2a: Walking Wake|ability: Protosynthesis\n|-start|p2a: Walking Wake|protosynthesisspa\n|-damage|p1b: Arboliva|88\/100|[from] Spikes\n|turn|4\n|\n|t:|1697342385\n|move|p2b: Dragonite|Extreme Speed|p1b: Arboliva\n|-damage|p1b: Arboliva|57\/100\n|-fieldstart|move: Grassy Terrain|[from] ability: Seed Sower|[of] p1b: Arboliva\n|move|p2a: Walking Wake|Hydro Pump|p1a: Torkoal\n|-supereffective|p1a: Torkoal\n|-damage|p1a: Torkoal|0 fnt\n|faint|p1a: Torkoal\n|move|p1b: Arboliva|Pollen Puff|p1: Torkoal|[notarget]\n|-fail|p1b: Arboliva\n|\n|-weather|SunnyDay|[upkeep]\n|-heal|p1b: Arboliva|63\/100|[from] Grassy Terrain\n|-heal|p1b: Arboliva|69\/100|[from] item: Leftovers\n|upkeep\n|\n|t:|1697342393\n|switch|p1a: Ogerpon|Ogerpon-Cornerstone, F|100\/100\n|-damage|p1a: Ogerpon|88\/100|[from] Spikes\n|turn|5\n|\n|t:|1697342419\n|-end|p2a: Walking Wake|Protosynthesis|[silent]\n|switch|p2a: Baxcalibur|Baxcalibur, M, shiny|100\/100\n|-terastallize|p1a: Ogerpon|Rock\n|detailschange|p1a: Ogerpon|Ogerpon-Cornerstone-Tera, F, tera:Rock\n|-ability|p1a: Ogerpon|Embody Aspect (Cornerstone)|boost\n|-boost|p1a: Ogerpon|def|1\n|move|p1a: Ogerpon|Ivy Cudgel|p2a: Baxcalibur\n|-supereffective|p2a: Baxcalibur\n|-damage|p2a: Baxcalibur|0 fnt\n|faint|p2a: Baxcalibur\n|move|p2b: Dragonite|Earthquake|p1a: Ogerpon|[spread] p1a,p1b\n|-supereffective|p1a: Ogerpon\n|-resisted|p1b: Arboliva\n|-damage|p1a: Ogerpon|62\/100\n|-damage|p1b: Arboliva|62\/100\n|move|p1b: Arboliva|Reflect|p1b: Arboliva\n|-sidestart|p1: temmeboi|Reflect\n|\n|-weather|none\n|-heal|p1a: Ogerpon|68\/100|[from] Grassy Terrain\n|-heal|p1b: Arboliva|68\/100|[from] Grassy Terrain\n|-heal|p1b: Arboliva|74\/100|[from] item: Leftovers\n|upkeep\n|inactive|saf_276 has 120 seconds left.\n|\n|t:|1697342444\n|switch|p2a: Dragapult|Dragapult, F, shiny|100\/100\n|turn|6\n|\n|t:|1697342462\n|move|p1b: Arboliva|Helping Hand|p1a: Ogerpon\n|-singleturn|p1a: Ogerpon|Helping Hand|[of] p1b: Arboliva\n|move|p2a: Dragapult|Light Screen|p2a: Dragapult\n|-sidestart|p2: saf_276|move: Light Screen\n|move|p1a: Ogerpon|Horn Leech|p2b: Dragonite\n|-resisted|p2b: Dragonite\n|-damage|p2b: Dragonite|46\/100\n|-heal|p1a: Ogerpon|81\/100|[from] drain|[of] p2b: Dragonite\n|move|p2b: Dragonite|Roost|p2b: Dragonite\n|-heal|p2b: Dragonite|96\/100\n|-singleturn|p2b: Dragonite|move: Roost\n|\n|-heal|p1a: Ogerpon|87\/100|[from] Grassy Terrain\n|-heal|p2b: Dragonite|100\/100|[from] Grassy Terrain\n|-heal|p1b: Arboliva|80\/100|[from] Grassy Terrain\n|-heal|p1b: Arboliva|86\/100|[from] item: Leftovers\n|upkeep\n|turn|7\n|\n|t:|1697342487\n|move|p1b: Arboliva|Helping Hand|p1a: Ogerpon\n|-singleturn|p1a: Ogerpon|Helping Hand|[of] p1b: Arboliva\n|move|p2b: Dragonite|Extreme Speed|p1a: Ogerpon\n|-resisted|p1a: Ogerpon\n|-damage|p1a: Ogerpon|77\/100\n|move|p2a: Dragapult|Dragon Darts|p1b: Arboliva\n|-damage|p1b: Arboliva|73\/100\n|-anim|p2a: Dragapult|Dragon Darts|p1a: Ogerpon\n|-damage|p1a: Ogerpon|66\/100\n|move|p1a: Ogerpon|Ivy Cudgel|p2b: Dragonite\n|-supereffective|p2b: Dragonite\n|-damage|p2b: Dragonite|0 fnt\n|faint|p2b: Dragonite\n|\n|-heal|p1a: Ogerpon|72\/100|[from] Grassy Terrain\n|-heal|p1b: Arboliva|79\/100|[from] Grassy Terrain\n|-heal|p1b: Arboliva|85\/100|[from] item: Leftovers\n|upkeep\n|inactive|saf_276 has 120 seconds left.\n|\n|t:|1697342502\n|switch|p2b: Roaring Moon|Roaring Moon|100\/100\n|-enditem|p2b: Roaring Moon|Booster Energy\n|-activate|p2b: Roaring Moon|ability: Protosynthesis|[fromitem]\n|-start|p2b: Roaring Moon|protosynthesisatk\n|turn|8\n|\n|t:|1697342520\n|move|p2a: Dragapult|Reflect|p2a: Dragapult\n|-sidestart|p2: saf_276|Reflect\n|move|p2b: Roaring Moon|Draco Meteor|p1a: Ogerpon\n|-damage|p1a: Ogerpon|43\/100\n|-unboost|p2b: Roaring Moon|spa|2\n|move|p1a: Ogerpon|Swords Dance|p1a: Ogerpon\n|-boost|p1a: Ogerpon|atk|2\n|move|p1b: Arboliva|Light Screen|p1b: Arboliva\n|-sidestart|p1: temmeboi|move: Light Screen\n|\n|-heal|p1a: Ogerpon|49\/100|[from] Grassy Terrain\n|-heal|p1b: Arboliva|91\/100|[from] Grassy Terrain\n|-heal|p1b: Arboliva|97\/100|[from] item: Leftovers\n|-fieldend|move: Grassy Terrain\n|upkeep\n|turn|9\n|l|\u2606temmeboi\n|inactive|temmeboi disconnected and has a minute to reconnect!\n|player|p1|\n|j|\u2606temmeboi\n|inactive|temmeboi reconnected and has 115 seconds left.\n|player|p1|temmeboi|2\n|inactive|temmeboi has 90 seconds left.\n|\n|t:|1697342592\n|move|p2a: Dragapult|Dragon Darts|p1a: Ogerpon\n|-crit|p1a: Ogerpon\n|-damage|p1a: Ogerpon|11\/100\n|-anim|p2a: Dragapult|Dragon Darts|p1b: Arboliva\n|-damage|p1b: Arboliva|83\/100\n|-fieldstart|move: Grassy Terrain|[from] ability: Seed Sower|[of] p1b: Arboliva\n|move|p2b: Roaring Moon|Hurricane|p1a: Ogerpon|[miss]\n|-miss|p2b: Roaring Moon|p1a: Ogerpon\n|move|p1a: Ogerpon|Ivy Cudgel|p2a: Dragapult\n|-damage|p2a: Dragapult|0 fnt\n|-start|p1a: Ogerpon|Disable|Ivy Cudgel|[from] ability: Cursed Body|[of] p2a: Dragapult\n|faint|p2a: Dragapult\n|move|p1b: Arboliva|Pollen Puff|p1a: Ogerpon\n|-heal|p1a: Ogerpon|61\/100\n|\n|-heal|p1a: Ogerpon|67\/100|[from] Grassy Terrain\n|-heal|p1b: Arboliva|89\/100|[from] Grassy Terrain\n|-heal|p1b: Arboliva|95\/100|[from] item: Leftovers\n|-sideend|p1: temmeboi|Reflect\n|upkeep\n|inactive|saf_276 has 120 seconds left.\n|\n|t:|1697342612\n|switch|p2a: Walking Wake|Walking Wake|100\/100\n|-enditem|p2a: Walking Wake|Booster Energy\n|-activate|p2a: Walking Wake|ability: Protosynthesis|[fromitem]\n|-start|p2a: Walking Wake|protosynthesisspa\n|turn|10\n|inactive|saf_276 has 120 seconds left.\n|\n|t:|1697342644\n|-terastallize|p2a: Walking Wake|Dragon\n|move|p1b: Arboliva|Helping Hand|p1a: Ogerpon\n|-singleturn|p1a: Ogerpon|Helping Hand|[of] p1b: Arboliva\n|move|p2b: Roaring Moon|Earthquake|p1a: Ogerpon|[spread] p2a,p1a,p1b\n|-supereffective|p1a: Ogerpon\n|-crit|p1a: Ogerpon\n|-resisted|p1b: Arboliva\n|-damage|p2a: Walking Wake|89\/100\n|-damage|p1a: Ogerpon|0 fnt\n|-damage|p1b: Arboliva|86\/100\n|faint|p1a: Ogerpon\n|move|p2a: Walking Wake|Flamethrower|p1b: Arboliva\n|-supereffective|p1b: Arboliva\n|-damage|p1b: Arboliva|51\/100\n|\n|-heal|p2a: Walking Wake|95\/100|[from] Grassy Terrain\n|-heal|p1b: Arboliva|57\/100|[from] Grassy Terrain\n|-heal|p1b: Arboliva|63\/100|[from] item: Leftovers\n|upkeep\n|\n|t:|1697342656\n|switch|p1a: Baxcalibur|Baxcalibur, F|100\/100\n|-damage|p1a: Baxcalibur|88\/100|[from] Spikes\n|turn|11\n|\n|t:|1697342673\n|move|p2b: Roaring Moon|Earthquake|p1a: Baxcalibur|[spread] p2a,p1a,p1b\n|-resisted|p1b: Arboliva\n|-damage|p2a: Walking Wake|84\/100\n|-damage|p1a: Baxcalibur|70\/100\n|-damage|p1b: Arboliva|54\/100\n|move|p2a: Walking Wake|Flamethrower|p1a: Baxcalibur\n|-damage|p1a: Baxcalibur|37\/100\n|-ability|p1a: Baxcalibur|Thermal Exchange|boost\n|-boost|p1a: Baxcalibur|atk|1\n|move|p1a: Baxcalibur|Dragon Dance|p1a: Baxcalibur\n|-boost|p1a: Baxcalibur|atk|1\n|-boost|p1a: Baxcalibur|spe|1\n|move|p1b: Arboliva|Reflect|p1b: Arboliva\n|-sidestart|p1: temmeboi|Reflect\n|\n|-heal|p1a: Baxcalibur|43\/100|[from] Grassy Terrain\n|-heal|p2a: Walking Wake|90\/100|[from] Grassy Terrain\n|-heal|p1b: Arboliva|60\/100|[from] Grassy Terrain\n|-heal|p1b: Arboliva|66\/100|[from] item: Leftovers\n|upkeep\n|turn|12\n|inactive|temmeboi has 120 seconds left.\n|inactive|saf_276 has 120 seconds left.\n|\n|t:|1697342705\n|move|p1a: Baxcalibur|Icicle Spear|p2a: Walking Wake\n|-supereffective|p2a: Walking Wake\n|-damage|p2a: Walking Wake|48\/100\n|-supereffective|p2a: Walking Wake\n|-damage|p2a: Walking Wake|10\/100\n|-supereffective|p2a: Walking Wake\n|-damage|p2a: Walking Wake|0 fnt\n|faint|p2a: Walking Wake\n|-end|p2a: Walking Wake|Protosynthesis|[silent]\n|-hitcount|p2: Walking Wake|3\n|move|p2b: Roaring Moon|Draco Meteor|p1a: Baxcalibur\n|-supereffective|p1a: Baxcalibur\n|-damage|p1a: Baxcalibur|24\/100\n|-unboost|p2b: Roaring Moon|spa|2\n|move|p1b: Arboliva|Pollen Puff|p1a: Baxcalibur\n|-heal|p1a: Baxcalibur|74\/100\n|\n|-heal|p1a: Baxcalibur|80\/100|[from] Grassy Terrain\n|-heal|p1b: Arboliva|72\/100|[from] Grassy Terrain\n|-heal|p1b: Arboliva|79\/100|[from] item: Leftovers\n|-sideend|p1: temmeboi|move: Light Screen\n|upkeep\n|turn|13\n|\n|t:|1697342725\n|move|p1b: Arboliva|Helping Hand|p1a: Baxcalibur\n|-singleturn|p1a: Baxcalibur|Helping Hand|[of] p1b: Arboliva\n|move|p1a: Baxcalibur|Icicle Spear|p2b: Roaring Moon\n|-supereffective|p2b: Roaring Moon\n|-damage|p2b: Roaring Moon|28\/100\n|-supereffective|p2b: Roaring Moon\n|-damage|p2b: Roaring Moon|0 fnt\n|faint|p2b: Roaring Moon\n|-end|p2b: Roaring Moon|Protosynthesis|[silent]\n|-hitcount|p2: Roaring Moon|2\n|\n|win|temmeboi\n|raw|temmeboi's rating: 1169 &rarr; <strong>1193<\/strong><br \/>(+24 for winning)\n|raw|saf_276's rating: 1162 &rarr; <strong>1138<\/strong><br \/>(-24 for losing)\n|l|\u2606saf_276\n","uploadtime":1697342748,"views":15,"p1id":"temmeboi","p2id":"saf276","formatid":"gen9doublesou","rating":1138,"private":0,"password":""}