{"id":"gen9doublesou-2000525842","p1":"pablo ruiz pikachu","p2":"solidgoldcrayon","format":"[Gen 9] Doubles OU","log":"|j|\u2606pablo ruiz pikachu\n|j|\u2606solidgoldcrayon\n|t:|1701202248\n|gametype|doubles\n|player|p1|pablo ruiz pikachu|artist|1225\n|player|p2|solidgoldcrayon|volkner|1254\n|teamsize|p1|6\n|teamsize|p2|6\n|gen|9\n|tier|[Gen 9] Doubles OU\n|rated|\n|rule|Species Clause: Limit one of each Pok\u00e9mon\n|rule|OHKO Clause: OHKO moves are banned\n|rule|Evasion Moves Clause: Evasion moves are banned\n|rule|Gravity Sleep Clause: The combination of sleep-inducing moves with imperfect accuracy and Gravity or Gigantamax Orbeetle are banned\n|rule|Endless Battle Clause: Forcing endless battles is banned\n|rule|HP Percentage Mod: HP is shown in percentages\n|clearpoke\n|poke|p1|Lucario, M|\n|poke|p1|Weavile, M|\n|poke|p1|Sinistcha-Masterpiece|\n|poke|p1|Garganacl, F|\n|poke|p1|Flutter Mane|\n|poke|p1|Grimmsnarl, M|\n|poke|p2|Weezing, F|\n|poke|p2|Landorus-Therian, M|\n|poke|p2|Roaring Moon|\n|poke|p2|Ogerpon-Wellspring, F|\n|poke|p2|Iron Hands|\n|poke|p2|Flutter Mane|\n|teampreview\n|inactive|Battle timer is ON: inactive players will automatically lose when time's up. (requested by pablo ruiz pikachu)\n|\n|t:|1701202259\n|start\n|switch|p1a: macario|Lucario, M|100\/100\n|switch|p1b: el palizas|Weavile, M|100\/100\n|switch|p2a: Weezing|Weezing, F, shiny|100\/100\n|switch|p2b: Roaring Moon|Roaring Moon|100\/100\n|-ability|p2a: Weezing|Neutralizing Gas\n|-enditem|p2b: Roaring Moon|Booster Energy\n|-activate|p2b: Roaring Moon|ability: Protosynthesis|[fromitem]\n|-start|p2b: Roaring Moon|protosynthesisspe\n|turn|1\n|inactive|solidgoldcrayon has 120 seconds left.\n|\n|t:|1701202290\n|move|p1a: macario|Bullet Punch|p2a: Weezing\n|-damage|p2a: Weezing|84\/100\n|move|p2b: Roaring Moon|Tailwind|p2b: Roaring Moon\n|-sidestart|p2: solidgoldcrayon|move: Tailwind\n|move|p1b: el palizas|Ice Spinner|p2b: Roaring Moon\n|-supereffective|p2b: Roaring Moon\n|-crit|p2b: Roaring Moon\n|-damage|p2b: Roaring Moon|0 fnt\n|faint|p2b: Roaring Moon\n|-end|p2b: Roaring Moon|Protosynthesis|[silent]\n|move|p2a: Weezing|Will-O-Wisp|p1a: macario|[miss]\n|-miss|p2a: Weezing|p1a: macario\n|\n|upkeep\n|inactive|solidgoldcrayon has 120 seconds left.\n|\n|t:|1701202301\n|switch|p2b: Landorus|Landorus-Therian, M|100\/100\n|turn|2\n|\n|t:|1701202315\n|move|p2b: Landorus|Stomping Tantrum|p1a: macario\n|-supereffective|p1a: macario\n|-damage|p1a: macario|0 fnt\n|faint|p1a: macario\n|move|p1b: el palizas|Ice Spinner|p2b: Landorus\n|-supereffective|p2b: Landorus\n|-damage|p2b: Landorus|0 fnt\n|faint|p2b: Landorus\n|move|p2a: Weezing|Will-O-Wisp|p1b: el palizas|[miss]\n|-miss|p2a: Weezing|p1b: el palizas\n|\n|upkeep\n|\n|t:|1701202326\n|switch|p2b: Iron Hands|Iron Hands|100\/100\n|switch|p1a: molestio|Grimmsnarl, M, shiny|100\/100\n|turn|3\n|\n|t:|1701202344\n|move|p1b: el palizas|Ice Spinner|p2a: Weezing\n|-damage|p2a: Weezing|52\/100\n|move|p2a: Weezing|Taunt|p1a: molestio\n|-start|p1a: molestio|move: Taunt\n|move|p2b: Iron Hands|Drain Punch|p1b: el palizas\n|-supereffective|p1b: el palizas\n|-damage|p1b: el palizas|0 fnt\n|-damage|p2b: Iron Hands|84\/100|[from] item: Rocky Helmet|[of] p1b: el palizas\n|faint|p1b: el palizas\n|cant|p1a: molestio|move: Taunt|Taunt\n|\n|upkeep\n|\n|t:|1701202358\n|switch|p1b: melenaleteo|Flutter Mane|100\/100\n|turn|4\n|\n|t:|1701202372\n|switch|p1a: nacha la matcha|Sinistcha-Masterpiece|100\/100\n|-terastallize|p2b: Iron Hands|Water\n|move|p2a: Weezing|Protect|p2a: Weezing\n|-singleturn|p2a: Weezing|Protect\n|move|p1b: melenaleteo|Taunt|p2a: Weezing\n|-activate|p2a: Weezing|move: Protect\n|move|p2b: Iron Hands|Heavy Slam|p1b: melenaleteo\n|-supereffective|p1b: melenaleteo\n|-enditem|p1b: melenaleteo|Focus Sash\n|-damage|p1b: melenaleteo|1\/100\n|\n|-sideend|p2: solidgoldcrayon|move: Tailwind\n|upkeep\n|turn|5\n|\n|t:|1701202395\n|move|p1b: melenaleteo|Taunt|p2a: Weezing\n|-start|p2a: Weezing|move: Taunt\n|move|p1a: nacha la matcha|Calm Mind|p1a: nacha la matcha\n|-boost|p1a: nacha la matcha|spa|1\n|-boost|p1a: nacha la matcha|spd|1\n|move|p2a: Weezing|Sludge Bomb|p1b: melenaleteo\n|-damage|p1b: melenaleteo|0 fnt\n|faint|p1b: melenaleteo\n|-end|p1b: melenaleteo|Protosynthesis|[silent]\n|move|p2b: Iron Hands|Heavy Slam|p1a: nacha la matcha\n|-damage|p1a: nacha la matcha|68\/100\n|\n|-heal|p1a: nacha la matcha|74\/100|[from] item: Leftovers\n|upkeep\n|\n|t:|1701202411\n|switch|p1b: hada de la sal|Garganacl, F|100\/100\n|turn|6\n|\n|t:|1701202419\n|move|p1a: nacha la matcha|Matcha Gotcha|p2a: Weezing|[spread] p2a,p2b\n|-resisted|p2a: Weezing\n|-supereffective|p2b: Iron Hands\n|-damage|p2a: Weezing|35\/100\n|-heal|p1a: nacha la matcha|83\/100|[from] drain|[of] p2a: Weezing\n|-damage|p2b: Iron Hands|38\/100\n|-heal|p1a: nacha la matcha|100\/100|[from] drain|[of] p2b: Iron Hands\n|-enditem|p2a: Weezing|Sitrus Berry|[eat]\n|-heal|p2a: Weezing|60\/100|[from] item: Sitrus Berry\n|move|p2a: Weezing|Sludge Bomb|p1a: nacha la matcha\n|-damage|p1a: nacha la matcha|79\/100\n|-status|p1a: nacha la matcha|psn\n|move|p2b: Iron Hands|Heavy Slam|p1b: hada de la sal\n|-supereffective|p1b: hada de la sal\n|-damage|p1b: hada de la sal|84\/100\n|move|p1b: hada de la sal|Curse|p1b: hada de la sal\n|-unboost|p1b: hada de la sal|spe|1\n|-boost|p1b: hada de la sal|atk|1\n|-boost|p1b: hada de la sal|def|1\n|\n|-heal|p1a: nacha la matcha|85\/100 psn|[from] item: Leftovers\n|-heal|p1b: hada de la sal|90\/100|[from] item: Leftovers\n|-damage|p1a: nacha la matcha|73\/100 psn|[from] psn\n|upkeep\n|turn|7\n|inactive|pablo ruiz pikachu has 120 seconds left.\n|inactive|solidgoldcrayon has 120 seconds left.\n|\n|t:|1701202454\n|move|p1a: nacha la matcha|Matcha Gotcha|p2a: Weezing|[spread] p2a,p2b\n|-resisted|p2a: Weezing\n|-supereffective|p2b: Iron Hands\n|-damage|p2a: Weezing|44\/100\n|-heal|p1a: nacha la matcha|81\/100 psn|[from] drain|[of] p2a: Weezing\n|-damage|p2b: Iron Hands|0 fnt\n|-heal|p1a: nacha la matcha|100\/100 psn|[from] drain|[of] p2b: Iron Hands\n|faint|p2b: Iron Hands\n|-end|p2b: Iron Hands|Quark Drive|[silent]\n|move|p2a: Weezing|Sludge Bomb|p1a: nacha la matcha\n|-damage|p1a: nacha la matcha|80\/100 psn\n|move|p1b: hada de la sal|Curse|p1b: hada de la sal\n|-unboost|p1b: hada de la sal|spe|1\n|-boost|p1b: hada de la sal|atk|1\n|-boost|p1b: hada de la sal|def|1\n|\n|-heal|p1a: nacha la matcha|86\/100 psn|[from] item: Leftovers\n|-heal|p1b: hada de la sal|97\/100|[from] item: Leftovers\n|-damage|p1a: nacha la matcha|74\/100 psn|[from] psn\n|-end|p2a: Weezing|move: Taunt\n|upkeep\n|inactive|solidgoldcrayon has 120 seconds left.\n|\n|t:|1701202474\n|switch|p2b: Ogerpon|Ogerpon-Wellspring, F|100\/100\n|turn|8\n|\n|t:|1701202486\n|move|p2b: Ogerpon|Ivy Cudgel|p1b: hada de la sal|[anim] Ivy Cudgel Water\n|-supereffective|p1b: hada de la sal\n|-damage|p1b: hada de la sal|65\/100\n|move|p1a: nacha la matcha|Strength Sap|p2b: Ogerpon\n|-unboost|p2b: Ogerpon|atk|1\n|-heal|p1a: nacha la matcha|100\/100 psn\n|move|p2a: Weezing|Will-O-Wisp|p1b: hada de la sal\n|-status|p1b: hada de la sal|brn\n|move|p1b: hada de la sal|Salt Cure|p2a: Weezing\n|-damage|p2a: Weezing|33\/100\n|-start|p2a: Weezing|Salt Cure\n|\n|-heal|p1b: hada de la sal|71\/100 brn|[from] item: Leftovers\n|-damage|p1a: nacha la matcha|88\/100 psn|[from] psn\n|-damage|p1b: hada de la sal|65\/100 brn|[from] brn\n|-damage|p2a: Weezing|20\/100|[from] Salt Cure\n|upkeep\n|turn|9\n|\n|t:|1701202515\n|-terastallize|p1b: hada de la sal|Fairy\n|move|p2b: Ogerpon|Horn Leech|p1b: hada de la sal\n|-damage|p1b: hada de la sal|56\/100 brn\n|move|p1a: nacha la matcha|Matcha Gotcha|p2a: Weezing|[spread] p2a,p2b\n|-resisted|p2a: Weezing\n|-crit|p2b: Ogerpon\n|-damage|p2a: Weezing|3\/100\n|-heal|p1a: nacha la matcha|96\/100 psn|[from] drain|[of] p2a: Weezing\n|-damage|p2b: Ogerpon|32\/100\n|-heal|p1a: nacha la matcha|100\/100 psn|[from] drain|[of] p2b: Ogerpon\n|move|p2a: Weezing|Sludge Bomb|p1a: nacha la matcha\n|-damage|p1a: nacha la matcha|77\/100 psn\n|move|p1b: hada de la sal|Recover|p1b: hada de la sal\n|-heal|p1b: hada de la sal|100\/100 brn\n|\n|-heal|p1a: nacha la matcha|83\/100 psn|[from] item: Leftovers\n|-damage|p1a: nacha la matcha|71\/100 psn|[from] psn\n|-damage|p1b: hada de la sal|94\/100 brn|[from] brn\n|-damage|p2a: Weezing|0 fnt|[from] Salt Cure\n|faint|p2a: Weezing\n|-end|p2a: Weezing|ability: Neutralizing Gas\n|upkeep\n|inactive|solidgoldcrayon has 120 seconds left.\n|\n|t:|1701202537\n|switch|p2a: Flutter Mane|Flutter Mane|100\/100\n|turn|10\n|\n|t:|1701202549\n|move|p2b: Ogerpon|Spiky Shield|p2b: Ogerpon\n|-singleturn|p2b: Ogerpon|move: Protect\n|move|p2a: Flutter Mane|Dazzling Gleam|p1a: nacha la matcha|[spread] p1a,p1b\n|-damage|p1a: nacha la matcha|33\/100 psn\n|-damage|p1b: hada de la sal|56\/100 brn\n|move|p1a: nacha la matcha|Matcha Gotcha|p2a: Flutter Mane|[spread] p2a\n|-activate|p2b: Ogerpon|move: Protect\n|-damage|p2a: Flutter Mane|63\/100\n|-heal|p1a: nacha la matcha|46\/100 psn|[from] drain|[of] p2a: Flutter Mane\n|-status|p2a: Flutter Mane|brn\n|move|p1b: hada de la sal|Salt Cure|p2a: Flutter Mane\n|-damage|p2a: Flutter Mane|34\/100 brn\n|-start|p2a: Flutter Mane|Salt Cure\n|\n|-heal|p1a: nacha la matcha|52\/100 psn|[from] item: Leftovers\n|-heal|p1b: hada de la sal|62\/100 brn|[from] item: Leftovers\n|-damage|p1a: nacha la matcha|40\/100 psn|[from] psn\n|-damage|p2a: Flutter Mane|28\/100 brn|[from] brn\n|-damage|p1b: hada de la sal|56\/100 brn|[from] brn\n|-damage|p2a: Flutter Mane|16\/100 brn|[from] Salt Cure\n|upkeep\n|turn|11\n|\n|t:|1701202577\n|move|p2a: Flutter Mane|Dazzling Gleam|p1a: nacha la matcha|[spread] p1a,p1b\n|-damage|p1a: nacha la matcha|3\/100 psn\n|-damage|p1b: hada de la sal|13\/100 brn\n|move|p2b: Ogerpon|Ivy Cudgel|p1a: nacha la matcha|[anim] Ivy Cudgel Water\n|-resisted|p1a: nacha la matcha\n|-damage|p1a: nacha la matcha|0 fnt\n|faint|p1a: nacha la matcha\n|move|p1b: hada de la sal|Recover|p1b: hada de la sal\n|-heal|p1b: hada de la sal|63\/100 brn\n|\n|-heal|p1b: hada de la sal|70\/100 brn|[from] item: Leftovers\n|-damage|p2a: Flutter Mane|10\/100 brn|[from] brn\n|-damage|p1b: hada de la sal|63\/100 brn|[from] brn\n|-damage|p2a: Flutter Mane|0 fnt|[from] Salt Cure\n|faint|p2a: Flutter Mane\n|-end|p2a: Flutter Mane|Protosynthesis|[silent]\n|upkeep\n|inactive|pablo ruiz pikachu has 120 seconds left.\n|\n|t:|1701202594\n|switch|p1a: molestio|Grimmsnarl, M, shiny|100\/100\n|turn|12\n|-message|solidgoldcrayon forfeited.\n|\n|win|pablo ruiz pikachu\n|raw|pablo ruiz pikachu's rating: 1207 &rarr; <strong>1235<\/strong><br \/>(+28 for winning)\n|raw|solidgoldcrayon's rating: 1254 &rarr; <strong>1226<\/strong><br \/>(-28 for losing)\n|l|\u2606solidgoldcrayon\n","uploadtime":1701202613,"views":3,"p1id":"pabloruizpikachu","p2id":"solidgoldcrayon","formatid":"gen9doublesou","rating":1226,"private":0,"password":""}