{"id":"gen9doublesou-1985859500","p1":"Smudge","p2":"Zerotti","format":"[Gen 9] Doubles OU","log":"|j|\u2606Smudge\n|j|\u2606Zerotti\n|t:|1699414180\n|gametype|doubles\n|player|p1|Smudge|#dwcopiii|\n|player|p2|Zerotti|gladion|\n|teamsize|p1|6\n|teamsize|p2|6\n|gen|9\n|tier|[Gen 9] Doubles OU\n|rule|Species Clause: Limit one of each Pok\u00e9mon\n|rule|OHKO Clause: OHKO moves are banned\n|rule|Evasion Moves Clause: Evasion moves are banned\n|rule|Gravity Sleep Clause: The combination of sleep-inducing moves with imperfect accuracy and Gravity or Gigantamax Orbeetle are banned\n|rule|Endless Battle Clause: Forcing endless battles is banned\n|rule|HP Percentage Mod: HP is shown in percentages\n|clearpoke\n|poke|p1|Tornadus, M|\n|poke|p1|Ogerpon-Wellspring, F|\n|poke|p1|Indeedee-F, F|\n|poke|p1|Landorus-Therian, M|\n|poke|p1|Flutter Mane|\n|poke|p1|Kommo-o, M|\n|poke|p2|Baxcalibur, F|\n|poke|p2|Heatran, F|\n|poke|p2|Ogerpon-Wellspring, F|\n|poke|p2|Landorus-Therian, M|\n|poke|p2|Ninetales-Alola, M|\n|poke|p2|Iron Hands|\n|teampreview\n|inactive|Battle timer is ON: inactive players will automatically lose when time's up. (requested by Smudge)\n|inactive|Zerotti also wants the timer to be on.\n|j|+edgar\n|j| AIRedzone\n|j|+ryo yamada2001\n|j|+Arcticblast\n|j| Cholena\n|j| AlouetteEnna\n|inactive|Smudge has 270 seconds left.\n|inactive|Zerotti has 270 seconds left.\n|j| eragon11145\n|j| Toxinalpaca\n|j| KeanuVGC\n|j| R4ye\n|j| LC Enjoyer Fan\n|raw|<div class=\"broadcast-red\"><strong>Moderated chat was set to \u2606!<\/strong><br \/>Only users of rank \u2606 and higher can talk.<\/div>\n|c|\u2606Smudge|glhf\n|inactive|Smudge has 240 seconds left.\n|inactive|Zerotti has 240 seconds left.\n|inactive|Smudge has 210 seconds left.\n|inactive|Zerotti has 210 seconds left.\n|inactive|Smudge has 180 seconds left.\n|\n|t:|1699414321\n|start\n|switch|p1a: Tornadus|Tornadus, M|100\/100\n|switch|p1b: Landorus|Landorus-Therian, M|100\/100\n|switch|p2a: Ninetales|Ninetales-Alola, M|100\/100\n|switch|p2b: Baxcalibur|Baxcalibur, F|100\/100\n|-ability|p1b: Landorus|Intimidate|boost\n|-unboost|p2a: Ninetales|atk|1\n|-unboost|p2b: Baxcalibur|atk|1\n|-weather|Snow|[from] ability: Snow Warning|[of] p2a: Ninetales\n|turn|1\n|inactive|Smudge has 240 seconds left.\n|inactive|Zerotti has 270 seconds left.\n|\n|t:|1699414362\n|move|p1a: Tornadus|Taunt|p2a: Ninetales\n|-start|p2a: Ninetales|move: Taunt\n|move|p1b: Landorus|Rock Slide|p2b: Baxcalibur|[spread] p2a,p2b\n|-supereffective|p2a: Ninetales\n|-supereffective|p2b: Baxcalibur\n|-damage|p2a: Ninetales|64\/100\n|-damage|p2b: Baxcalibur|72\/100\n|move|p2a: Ninetales|Blizzard|p1b: Landorus|[spread] p1a,p1b\n|-supereffective|p1a: Tornadus\n|-supereffective|p1b: Landorus\n|-damage|p1a: Tornadus|46\/100\n|-damage|p1b: Landorus|0 fnt\n|faint|p1b: Landorus\n|cant|p2b: Baxcalibur|flinch\n|\n|-weather|Snow|[upkeep]\n|-heal|p2b: Baxcalibur|78\/100|[from] ability: Ice Body\n|upkeep\n|inactive|Smudge has 210 seconds left.\n|\n|t:|1699414375\n|switch|p1b: Kommo-o|Kommo-o, M|100\/100\n|turn|2\n|inactive|Zerotti has 270 seconds left.\n|\n|t:|1699414403\n|switch|p2b: Iron Hands|Iron Hands|100\/100\n|-terastallize|p1b: Kommo-o|Steel\n|move|p1a: Tornadus|Tailwind|p1a: Tornadus\n|-sidestart|p1: Smudge|move: Tailwind\n|move|p1b: Kommo-o|Iron Defense|p1b: Kommo-o\n|-boost|p1b: Kommo-o|def|2\n|move|p2a: Ninetales|Blizzard|p1b: Kommo-o|[spread] p1a,p1b\n|-supereffective|p1a: Tornadus\n|-resisted|p1b: Kommo-o\n|-damage|p1a: Tornadus|0 fnt\n|-damage|p1b: Kommo-o|91\/100\n|faint|p1a: Tornadus\n|\n|-weather|Snow|[upkeep]\n|-heal|p1b: Kommo-o|97\/100|[from] item: Leftovers\n|upkeep\n|inactive|Smudge has 210 seconds left.\n|\n|t:|1699414414\n|switch|p1a: Flutter Mane|Flutter Mane|100\/100\n|turn|3\n|inactive|Zerotti has 270 seconds left.\n|inactive|Smudge has 210 seconds left.\n|inactive|Zerotti has 240 seconds left.\n|\n|t:|1699414467\n|switch|p2a: Landorus|Landorus-Therian, M|100\/100\n|-ability|p2a: Landorus|Intimidate|boost\n|-unboost|p1a: Flutter Mane|atk|1\n|-unboost|p1b: Kommo-o|atk|1\n|move|p1b: Kommo-o|Protect|p1b: Kommo-o\n|-singleturn|p1b: Kommo-o|Protect\n|move|p1a: Flutter Mane|Moonblast|p2b: Iron Hands\n|-supereffective|p2b: Iron Hands\n|-damage|p2b: Iron Hands|33\/100\n|-unboost|p2b: Iron Hands|spa|1\n|move|p2b: Iron Hands|Heavy Slam|p1a: Flutter Mane\n|-supereffective|p1a: Flutter Mane\n|-damage|p1a: Flutter Mane|0 fnt\n|faint|p1a: Flutter Mane\n|-end|p1a: Flutter Mane|Protosynthesis|[silent]\n|\n|-weather|Snow|[upkeep]\n|-heal|p1b: Kommo-o|100\/100|[from] item: Leftovers\n|upkeep\n|\n|t:|1699414481\n|switch|p1a: Ogerpon|Ogerpon-Wellspring, F|100\/100\n|turn|4\n|inactive|Zerotti has 240 seconds left.\n|inactive|Smudge has 180 seconds left.\n|\n|t:|1699414521\n|switch|p2a: Baxcalibur|Baxcalibur, F|78\/100\n|move|p1a: Ogerpon|Ivy Cudgel|p2a: Baxcalibur\n|-resisted|p2a: Baxcalibur\n|-crit|p2a: Baxcalibur\n|-damage|p2a: Baxcalibur|55\/100\n|move|p1b: Kommo-o|Body Press|p2a: Baxcalibur\n|-supereffective|p2a: Baxcalibur\n|-damage|p2a: Baxcalibur|0 fnt\n|faint|p2a: Baxcalibur\n|move|p2b: Iron Hands|Close Combat|p1b: Kommo-o\n|-supereffective|p1b: Kommo-o\n|-damage|p1b: Kommo-o|58\/100\n|-unboost|p2b: Iron Hands|def|1\n|-unboost|p2b: Iron Hands|spd|1\n|\n|-weather|Snow|[upkeep]\n|-heal|p1b: Kommo-o|64\/100|[from] item: Leftovers\n|upkeep\n|inactive|Zerotti has 210 seconds left.\n|inactive|Zerotti has 180 seconds left.\n|\n|t:|1699414594\n|switch|p2a: Ogerpon|Ogerpon-Wellspring, F|100\/100\n|turn|5\n|\n|t:|1699414609\n|move|p2a: Ogerpon|Spiky Shield|p2a: Ogerpon\n|-singleturn|p2a: Ogerpon|move: Protect\n|move|p1a: Ogerpon|Swords Dance|p1a: Ogerpon\n|-boost|p1a: Ogerpon|atk|2\n|move|p1b: Kommo-o|Iron Defense|p1b: Kommo-o\n|-boost|p1b: Kommo-o|def|2\n|move|p2b: Iron Hands|Close Combat|p1a: Ogerpon\n|-damage|p1a: Ogerpon|35\/100\n|-unboost|p2b: Iron Hands|def|1\n|-unboost|p2b: Iron Hands|spd|1\n|\n|-weather|none\n|-heal|p1b: Kommo-o|70\/100|[from] item: Leftovers\n|-sideend|p1: Smudge|move: Tailwind\n|upkeep\n|turn|6\n|inactive|Zerotti has 180 seconds left.\n|\n|t:|1699414642\n|move|p1a: Ogerpon|Horn Leech|p2a: Ogerpon\n|-damage|p2a: Ogerpon|14\/100\n|-heal|p1a: Ogerpon|84\/100|[from] drain|[of] p2a: Ogerpon\n|move|p2a: Ogerpon|Horn Leech|p1a: Ogerpon\n|-damage|p1a: Ogerpon|35\/100\n|-heal|p2a: Ogerpon|36\/100|[from] drain|[of] p1a: Ogerpon\n|move|p1b: Kommo-o|Body Press|p2b: Iron Hands\n|-damage|p2b: Iron Hands|0 fnt\n|faint|p2b: Iron Hands\n|-end|p2b: Iron Hands|Quark Drive|[silent]\n|\n|-heal|p1b: Kommo-o|76\/100|[from] item: Leftovers\n|upkeep\n|\n|t:|1699414667\n|switch|p2b: Landorus|Landorus-Therian, M|100\/100\n|-ability|p2b: Landorus|Intimidate|boost\n|-unboost|p1a: Ogerpon|atk|1\n|-unboost|p1b: Kommo-o|atk|1\n|turn|7\n|inactive|Smudge has 240 seconds left.\n|inactive|Smudge has 210 seconds left.\n|inactive|Smudge has 180 seconds left.\n|\n|t:|1699414737\n|move|p1a: Ogerpon|Spiky Shield|p1a: Ogerpon\n|-singleturn|p1a: Ogerpon|move: Protect\n|move|p2b: Landorus|Brick Break|p1a: Ogerpon\n|-activate|p1a: Ogerpon|move: Protect\n|-damage|p2b: Landorus|88\/100|[from] Spiky Shield|[of] p1a: Ogerpon\n|move|p2a: Ogerpon|Horn Leech|p1a: Ogerpon\n|-activate|p1a: Ogerpon|move: Protect\n|-damage|p2a: Ogerpon|23\/100|[from] Spiky Shield|[of] p1a: Ogerpon\n|move|p1b: Kommo-o|Body Press|p2b: Landorus\n|-resisted|p2b: Landorus\n|-damage|p2b: Landorus|26\/100\n|\n|-heal|p1b: Kommo-o|82\/100|[from] item: Leftovers\n|upkeep\n|turn|8\n|\n|t:|1699414752\n|switch|p1a: Indeedee|Indeedee-F, F, shiny|100\/100\n|-fieldstart|move: Psychic Terrain|[from] ability: Psychic Surge|[of] p1a: Indeedee\n|move|p2b: Landorus|Brick Break|p1a: Indeedee\n|-damage|p1a: Indeedee|72\/100\n|move|p2a: Ogerpon|Horn Leech|p1a: Indeedee\n|-damage|p1a: Indeedee|30\/100\n|-heal|p2a: Ogerpon|42\/100|[from] drain|[of] p1a: Indeedee\n|move|p1b: Kommo-o|Body Press|p2b: Landorus\n|-resisted|p2b: Landorus\n|-damage|p2b: Landorus|0 fnt\n|faint|p2b: Landorus\n|\n|-heal|p1b: Kommo-o|89\/100|[from] item: Leftovers\n|upkeep\n|inactive|Zerotti has 180 seconds left.\n|\n|t:|1699414762\n|switch|p2b: Heatran|Heatran, F|100\/100\n|turn|9\n|inactive|Smudge has 210 seconds left.\n|inactive|Smudge has 180 seconds left.\n|\n|t:|1699414817\n|-terastallize|p2b: Heatran|Fairy\n|move|p2a: Ogerpon|Spiky Shield|p2a: Ogerpon\n|-singleturn|p2a: Ogerpon|move: Protect\n|move|p1b: Kommo-o|Body Press|p2b: Heatran\n|-resisted|p2b: Heatran\n|-damage|p2b: Heatran|40\/100\n|move|p1a: Indeedee|Psychic|p2a: Ogerpon\n|-activate|p2a: Ogerpon|move: Protect\n|move|p2b: Heatran|Heat Wave|p1a: Indeedee|[spread] p1a,p1b\n|-supereffective|p1b: Kommo-o\n|-damage|p1a: Indeedee|0 fnt\n|-damage|p1b: Kommo-o|23\/100\n|-status|p1b: Kommo-o|brn\n|faint|p1a: Indeedee\n|\n|-heal|p1b: Kommo-o|29\/100 brn|[from] item: Leftovers\n|-heal|p2b: Heatran|46\/100|[from] item: Leftovers\n|-damage|p1b: Kommo-o|23\/100 brn|[from] brn\n|upkeep\n|\n|t:|1699414834\n|switch|p1a: Ogerpon|Ogerpon-Wellspring, F|35\/100\n|turn|10\n|inactive|Smudge has 180 seconds left.\n|inactive|Zerotti has 210 seconds left.\n|inactive|Zerotti has 180 seconds left.\n|inactive|Zerotti has 150 seconds left.\n|inactive|Smudge has 150 seconds left.\n|inactive|Zerotti has 120 seconds left.\n|inactive|Smudge has 120 seconds left.\n|inactive|Zerotti has 90 seconds left.\n|\n|t:|1699414975\n|move|p2b: Heatran|Protect|p2b: Heatran\n|-singleturn|p2b: Heatran|Protect\n|move|p1a: Ogerpon|Horn Leech|p2a: Ogerpon\n|-damage|p2a: Ogerpon|0 fnt\n|-heal|p1a: Ogerpon|58\/100|[from] drain|[of] p2a: Ogerpon\n|faint|p2a: Ogerpon\n|move|p1b: Kommo-o|Body Press|p2b: Heatran\n|-activate|p2b: Heatran|move: Protect\n|\n|-heal|p1b: Kommo-o|29\/100 brn|[from] item: Leftovers\n|-heal|p2b: Heatran|52\/100|[from] item: Leftovers\n|-damage|p1b: Kommo-o|23\/100 brn|[from] brn\n|upkeep\n|inactive|Zerotti has 90 seconds left.\n|\n|t:|1699414983\n|switch|p2a: Ninetales|Ninetales-Alola, M|64\/100\n|-weather|Snow|[from] ability: Snow Warning|[of] p2a: Ninetales\n|turn|11\n|inactive|Smudge has 120 seconds left.\n|inactive|Zerotti has 90 seconds left.\n|\n|t:|1699415016\n|move|p2a: Ninetales|Blizzard|p1a: Ogerpon|[spread] p1a,p1b\n|-resisted|p1b: Kommo-o\n|-damage|p1a: Ogerpon|31\/100\n|-damage|p1b: Kommo-o|12\/100 brn\n|move|p1a: Ogerpon|Ivy Cudgel|p2b: Heatran\n|-damage|p2b: Heatran|0 fnt\n|faint|p2b: Heatran\n|move|p1b: Kommo-o|Body Press|p2a: Ninetales\n|-damage|p2a: Ninetales|11\/100\n|\n|-weather|Snow|[upkeep]\n|-heal|p1b: Kommo-o|18\/100 brn|[from] item: Leftovers\n|-damage|p1b: Kommo-o|12\/100 brn|[from] brn\n|upkeep\n|turn|12\n|inactive|Smudge has 120 seconds left.\n|\n|t:|1699415033\n|move|p2a: Ninetales|Blizzard|p1a: Ogerpon|[spread] p1a,p1b\n|-resisted|p1b: Kommo-o\n|-damage|p1a: Ogerpon|7\/100\n|-damage|p1b: Kommo-o|2\/100 brn\n|move|p1a: Ogerpon|Ivy Cudgel|p2a: Ninetales\n|-damage|p2a: Ninetales|0 fnt\n|faint|p2a: Ninetales\n|\n|win|Smudge\n|c|\u2606Smudge|gg\n|c|\u2606Zerotti|gg\n","uploadtime":1699415041,"views":140,"p1id":"smudge","p2id":"zerotti","formatid":"gen9doublesou","rating":0,"private":0,"password":""}