{"id":"gen9doublesou-1992028651","p1":"Blue Syrius","p2":"mynamewest","format":"[Gen 9] Doubles OU","log":"|j|\u2606Blue Syrius\n|j|\u2606mynamewest\n|t:|1700149046\n|gametype|doubles\n|player|p1|Blue Syrius|ninjaboy|1429\n|player|p2|mynamewest|wallace|1342\n|teamsize|p1|6\n|teamsize|p2|6\n|gen|9\n|tier|[Gen 9] Doubles OU\n|rated|\n|rule|Species Clause: Limit one of each Pok\u00e9mon\n|rule|OHKO Clause: OHKO moves are banned\n|rule|Evasion Moves Clause: Evasion moves are banned\n|rule|Gravity Sleep Clause: The combination of sleep-inducing moves with imperfect accuracy and Gravity or Gigantamax Orbeetle are banned\n|rule|Endless Battle Clause: Forcing endless battles is banned\n|rule|HP Percentage Mod: HP is shown in percentages\n|clearpoke\n|poke|p1|Farigiraf, F|\n|poke|p1|Chien-Pao|\n|poke|p1|Garchomp, M|\n|poke|p1|Tornadus, M|\n|poke|p1|Flutter Mane|\n|poke|p1|Chi-Yu|\n|poke|p2|Garganacl, M|\n|poke|p2|Iron Hands|\n|poke|p2|Kingambit, F|\n|poke|p2|Flutter Mane|\n|poke|p2|Dragonite, M|\n|poke|p2|Sinistcha-Masterpiece|\n|teampreview\n|inactive|Battle timer is ON: inactive players will automatically lose when time's up. (requested by mynamewest)\n|\n|t:|1700149068\n|start\n|switch|p1a: Stealth Rock|Garchomp, M|100\/100\n|switch|p1b: Nasty Plot|Tornadus, M|100\/100\n|switch|p2a: Flutter Mane|Flutter Mane|100\/100\n|switch|p2b: Kingambit|Kingambit, F|100\/100\n|-enditem|p2a: Flutter Mane|Booster Energy\n|-activate|p2a: Flutter Mane|ability: Protosynthesis|[fromitem]\n|-start|p2a: Flutter Mane|protosynthesisspe\n|turn|1\n|c|\u2606mynamewest|you made the nicknames the first move you use?\n|inactive|mynamewest has 120 seconds left.\n|c|\u2606Blue Syrius|perhaps xD\n|\n|t:|1700149108\n|-terastallize|p1a: Stealth Rock|Steel\n|move|p2a: Flutter Mane|Thunderbolt|p1b: Nasty Plot\n|-supereffective|p1b: Nasty Plot\n|-damage|p1b: Nasty Plot|11\/100\n|move|p1b: Nasty Plot|Heat Wave|p2a: Flutter Mane|[spread] p2a,p2b\n|-supereffective|p2b: Kingambit\n|-damage|p2a: Flutter Mane|75\/100\n|-damage|p2b: Kingambit|69\/100\n|move|p1a: Stealth Rock|Swords Dance|p1a: Stealth Rock\n|-boost|p1a: Stealth Rock|atk|2\n|move|p2b: Kingambit|Kowtow Cleave|p1a: Stealth Rock\n|-damage|p1a: Stealth Rock|56\/100\n|-damage|p2b: Kingambit|56\/100|[from] ability: Rough Skin|[of] p1a: Stealth Rock\n|\n|upkeep\n|turn|2\n|c|\u2606mynamewest|not quite ig\n|\n|t:|1700149128\n|move|p1b: Nasty Plot|Tailwind|p1b: Nasty Plot\n|-sidestart|p1: Blue Syrius|move: Tailwind\n|move|p2b: Kingambit|Sucker Punch|p1a: Stealth Rock\n|-damage|p1a: Stealth Rock|24\/100\n|-damage|p2b: Kingambit|44\/100|[from] ability: Rough Skin|[of] p1a: Stealth Rock\n|move|p2a: Flutter Mane|Dazzling Gleam|p1b: Nasty Plot|[spread] p1a,p1b\n|-resisted|p1a: Stealth Rock\n|-damage|p1a: Stealth Rock|8\/100\n|-damage|p1b: Nasty Plot|0 fnt\n|faint|p1b: Nasty Plot\n|move|p1a: Stealth Rock|Earthquake|p2b: Kingambit|[spread] p2a,p2b\n|-supereffective|p2b: Kingambit\n|-damage|p2a: Flutter Mane|0 fnt\n|-damage|p2b: Kingambit|0 fnt\n|faint|p2a: Flutter Mane\n|-end|p2a: Flutter Mane|Protosynthesis|[silent]\n|faint|p2b: Kingambit\n|\n|upkeep\n|\n|t:|1700149144\n|switch|p2a: Dragonite|Dragonite, M|100\/100\n|switch|p1b: Swords Dance|Chien-Pao|100\/100\n|switch|p2b: Iron Hands|Iron Hands|100\/100\n|-ability|p1b: Swords Dance|Sword of Ruin\n|-enditem|p2b: Iron Hands|Booster Energy\n|-activate|p2b: Iron Hands|ability: Quark Drive|[fromitem]\n|-start|p2b: Iron Hands|quarkdriveatk\n|turn|3\n|\n|t:|1700149155\n|switch|p1b: Trick Room|Farigiraf, F|100\/100\n|move|p2b: Iron Hands|Fake Out||[still]\n|cant|p1b: Trick Room|ability: Armor Tail|Fake Out|[of] p2b: Iron Hands\n|move|p2a: Dragonite|Extreme Speed||[still]\n|cant|p1b: Trick Room|ability: Armor Tail|Extreme Speed|[of] p2a: Dragonite\n|move|p1a: Stealth Rock|Rock Slide|p2a: Dragonite|[spread] p2a\n|-miss|p1a: Stealth Rock|p2b: Iron Hands\n|-supereffective|p2a: Dragonite\n|-damage|p2a: Dragonite|53\/100\n|-enditem|p2a: Dragonite|Weakness Policy\n|-boost|p2a: Dragonite|atk|2|[from] item: Weakness Policy\n|-boost|p2a: Dragonite|spa|2|[from] item: Weakness Policy\n|\n|upkeep\n|turn|4\n|c|\u2606mynamewest|wow\n|c|\u2606mynamewest|good switch\n|c|\u2606Blue Syrius|ty\n|\n|t:|1700149181\n|move|p1a: Stealth Rock|Rock Slide|p2b: Iron Hands|[spread] p2a,p2b\n|-supereffective|p2a: Dragonite\n|-resisted|p2b: Iron Hands\n|-damage|p2a: Dragonite|0 fnt\n|-damage|p2b: Iron Hands|87\/100\n|faint|p2a: Dragonite\n|move|p1b: Trick Room|Hyper Voice|p2b: Iron Hands\n|-crit|p2b: Iron Hands\n|-damage|p2b: Iron Hands|29\/100\n|cant|p2b: Iron Hands|flinch\n|\n|upkeep\n|inactive|mynamewest has 120 seconds left.\n|\n|t:|1700149193\n|switch|p2a: Sinistcha|Sinistcha-Masterpiece|100\/100\n|-heal|p2b: Iron Hands|54\/100|[from] ability: Hospitality|[of] p2a: Sinistcha\n|turn|5\n|\n|t:|1700149212\n|switch|p1b: Swords Dance|Chien-Pao|100\/100\n|-ability|p1b: Swords Dance|Sword of Ruin\n|move|p1a: Stealth Rock|Rock Slide|p2b: Iron Hands|[spread] p2a,p2b\n|-resisted|p2b: Iron Hands\n|-damage|p2a: Sinistcha|42\/100\n|-damage|p2b: Iron Hands|34\/100\n|cant|p2a: Sinistcha|flinch\n|move|p2b: Iron Hands|Drain Punch|p1b: Swords Dance\n|-supereffective|p1b: Swords Dance\n|-crit|p1b: Swords Dance\n|-enditem|p1b: Swords Dance|Focus Sash\n|-damage|p1b: Swords Dance|1\/100\n|-heal|p2b: Iron Hands|64\/100|[from] drain|[of] p1b: Swords Dance\n|\n|-sideend|p1: Blue Syrius|move: Tailwind\n|upkeep\n|turn|6\n|inactive|mynamewest has 120 seconds left.\n|\n|t:|1700149246\n|-terastallize|p2b: Iron Hands|Fighting\n|move|p1b: Swords Dance|Ice Spinner|p2a: Sinistcha\n|-supereffective|p2a: Sinistcha\n|-damage|p2a: Sinistcha|0 fnt\n|faint|p2a: Sinistcha\n|move|p1a: Stealth Rock|Earthquake|p2b: Iron Hands|[spread] p1b,p2b\n|-damage|p1b: Swords Dance|0 fnt\n|-damage|p2b: Iron Hands|0 fnt\n|faint|p1b: Swords Dance\n|faint|p2b: Iron Hands\n|-end|p2b: Iron Hands|Quark Drive|[silent]\n|\n|upkeep\n|\n|t:|1700149256\n|switch|p1b: Trick Room|Farigiraf, F|100\/100\n|switch|p2a: Garganacl|Garganacl, M|100\/100\n|turn|7\n|\n|t:|1700149265\n|move|p1a: Stealth Rock|Iron Head|p2a: Garganacl\n|-supereffective|p2a: Garganacl\n|-damage|p2a: Garganacl|4\/100\n|move|p1b: Trick Room|Hyper Voice|p2a: Garganacl\n|-resisted|p2a: Garganacl\n|-damage|p2a: Garganacl|0 fnt\n|faint|p2a: Garganacl\n|\n|win|Blue Syrius\n|raw|Blue Syrius's rating: 1429 &rarr; <strong>1444<\/strong><br \/>(+15 for winning)\n|raw|mynamewest's rating: 1342 &rarr; <strong>1327<\/strong><br \/>(-15 for losing)\n|c|\u2606Blue Syrius|gg\n|c|\u2606mynamewest|gg\n","uploadtime":1700149274,"views":5,"p1id":"bluesyrius","p2id":"mynamewest","formatid":"gen9doublesou","rating":1327,"private":0,"password":""}