{"id":"gen9doublesou-1990243513","p1":"Tente","p2":"Cristaldu41","format":"[Gen 9] Doubles OU","log":"|j|\u2606Tente\n|j|\u2606Cristaldu41\n|t:|1699943358\n|gametype|doubles\n|player|p1|Tente|burglar|1415\n|player|p2|Cristaldu41|palmer|1494\n|teamsize|p1|6\n|teamsize|p2|6\n|gen|9\n|tier|[Gen 9] Doubles OU\n|rated|\n|rule|Species Clause: Limit one of each Pok\u00e9mon\n|rule|OHKO Clause: OHKO moves are banned\n|rule|Evasion Moves Clause: Evasion moves are banned\n|rule|Gravity Sleep Clause: The combination of sleep-inducing moves with imperfect accuracy and Gravity or Gigantamax Orbeetle are banned\n|rule|Endless Battle Clause: Forcing endless battles is banned\n|rule|HP Percentage Mod: HP is shown in percentages\n|clearpoke\n|poke|p1|Probopass, M|\n|poke|p1|Hatterene, F|\n|poke|p1|Slowking-Galar, M|\n|poke|p1|Indeedee-F, F|\n|poke|p1|Golem, F|\n|poke|p1|Tyranitar, F|\n|poke|p2|Chien-Pao|\n|poke|p2|Flutter Mane|\n|poke|p2|Tornadus, M|\n|poke|p2|Dragonite, M|\n|poke|p2|Kingambit, F|\n|poke|p2|Sinistcha-Masterpiece|\n|teampreview\n|c|\u2606Tente|gl\n|\n|t:|1699943385\n|start\n|switch|p1a: Laila|Indeedee-F, F|100\/100\n|switch|p1b: Michael|Hatterene, F|100\/100\n|switch|p2a: Tornadus|Tornadus, M|100\/100\n|switch|p2b: Kingambit|Kingambit, F|100\/100\n|-fieldstart|move: Psychic Terrain|[from] ability: Psychic Surge|[of] p1a: Laila\n|turn|1\n|\n|t:|1699943418\n|-terastallize|p1b: Michael|Fire\n|move|p2a: Tornadus|Bleakwind Storm|p1b: Michael|[spread] p1a,p1b\n|-damage|p1a: Laila|53\/100\n|-damage|p1b: Michael|61\/100\n|move|p2b: Kingambit|Iron Head|p1b: Michael\n|-resisted|p1b: Michael\n|-damage|p1b: Michael|33\/100\n|-enditem|p1b: Michael|Sitrus Berry|[eat]\n|-heal|p1b: Michael|57\/100|[from] item: Sitrus Berry\n|cant|p1b: Michael|flinch\n|move|p1a: Laila|Trick Room|p1a: Laila\n|-fieldstart|move: Trick Room|[of] p1a: Laila\n|\n|upkeep\n|turn|2\n|j| don pingu\n|\n|t:|1699943437\n|move|p1b: Michael|Mystical Fire|p2b: Kingambit\n|-supereffective|p2b: Kingambit\n|-damage|p2b: Kingambit|0 fnt\n|faint|p2b: Kingambit\n|-end|p2b: Kingambit|fallenundefined|[silent]\n|move|p1a: Laila|Dazzling Gleam|p2a: Tornadus\n|-damage|p2a: Tornadus|77\/100\n|move|p2a: Tornadus|Bleakwind Storm|p1b: Michael|[spread] p1a,p1b\n|-crit|p1a: Laila\n|-damage|p1a: Laila|0 fnt\n|-damage|p1b: Michael|19\/100\n|faint|p1a: Laila\n|\n|upkeep\n|\n|t:|1699943452\n|switch|p1a: Nat|Golem, F|100\/100\n|switch|p2b: Dragonite|Dragonite, M|100\/100\n|turn|3\n|\n|t:|1699943460\n|move|p1b: Michael|Dazzling Gleam|p2b: Dragonite|[spread] p2a,p2b\n|-supereffective|p2b: Dragonite\n|-damage|p2a: Tornadus|43\/100\n|-damage|p2b: Dragonite|65\/100\n|move|p1a: Nat|Rock Slide|p2b: Dragonite|[spread] p2b\n|-miss|p1a: Nat|p2a: Tornadus\n|-supereffective|p2b: Dragonite\n|-damage|p2b: Dragonite|4\/100\n|move|p2a: Tornadus|Bleakwind Storm|p1b: Michael|[spread] p1a,p1b\n|-resisted|p1a: Nat\n|-damage|p1a: Nat|69\/100\n|-damage|p1b: Michael|0 fnt\n|faint|p1b: Michael\n|move|p2b: Dragonite|Stomping Tantrum|p1a: Nat\n|-supereffective|p1a: Nat\n|-damage|p1a: Nat|0 fnt\n|faint|p1a: Nat\n|\n|upkeep\n|inactive|Battle timer is ON: inactive players will automatically lose when time's up. (requested by Cristaldu41)\n|\n|t:|1699943536\n|switch|p1b: Vince Royal|Probopass, M|100\/100\n|switch|p1a: Bebe Fridgers|Tyranitar, F|100\/100\n|-item|p1b: Vince Royal|Air Balloon\n|-weather|Sandstorm|[from] ability: Sand Stream|[of] p1a: Bebe Fridgers\n|turn|4\n|\n|t:|1699943551\n|move|p2a: Tornadus|Protect|p2a: Tornadus\n|-singleturn|p2a: Tornadus|Protect\n|move|p1b: Vince Royal|Volt Switch|p2b: Dragonite\n|-damage|p2b: Dragonite|0 fnt\n|faint|p2b: Dragonite\n|\n|t:|1699943558\n|switch|p1b: Dolly Sr.|Slowking-Galar, M|100\/100|[from] Volt Switch\n|move|p1a: Bebe Fridgers|Rock Slide|p2a: Tornadus\n|-activate|p2a: Tornadus|move: Protect\n|\n|-weather|Sandstorm|[upkeep]\n|-damage|p1b: Dolly Sr.|94\/100|[from] Sandstorm\n|-damage|p2a: Tornadus|37\/100|[from] Sandstorm\n|upkeep\n|\n|t:|1699943565\n|switch|p2b: Chien-Pao|Chien-Pao|100\/100\n|-ability|p2b: Chien-Pao|Sword of Ruin\n|turn|5\n|\n|t:|1699943592\n|move|p1b: Dolly Sr.|Psychic|p2a: Tornadus\n|-damage|p2a: Tornadus|0 fnt\n|faint|p2a: Tornadus\n|move|p1a: Bebe Fridgers|Rock Slide|p2b: Chien-Pao\n|-supereffective|p2b: Chien-Pao\n|-crit|p2b: Chien-Pao\n|-enditem|p2b: Chien-Pao|Focus Sash\n|-damage|p2b: Chien-Pao|1\/100\n|cant|p2b: Chien-Pao|flinch\n|\n|-weather|Sandstorm|[upkeep]\n|-damage|p1b: Dolly Sr.|88\/100|[from] Sandstorm\n|-damage|p2b: Chien-Pao|0 fnt|[from] Sandstorm\n|faint|p2b: Chien-Pao\n|-fieldend|move: Trick Room\n|-fieldend|move: Psychic Terrain\n|upkeep\n|\n|t:|1699943604\n|switch|p2b: Sinistcha|Sinistcha-Masterpiece|100\/100\n|switch|p2a: Flutter Mane|Flutter Mane|100\/100\n|turn|6\n|\n|t:|1699943624\n|-terastallize|p2a: Flutter Mane|Fairy\n|move|p2a: Flutter Mane|Shadow Ball|p1b: Dolly Sr.\n|-supereffective|p1b: Dolly Sr.\n|-damage|p1b: Dolly Sr.|0 fnt\n|faint|p1b: Dolly Sr.\n|move|p2b: Sinistcha|Matcha Gotcha|p1a: Bebe Fridgers\n|-supereffective|p1a: Bebe Fridgers\n|-crit|p1a: Bebe Fridgers\n|-damage|p1a: Bebe Fridgers|65\/100\n|move|p1a: Bebe Fridgers|Heavy Slam|p2a: Flutter Mane\n|-supereffective|p2a: Flutter Mane\n|-damage|p2a: Flutter Mane|0 fnt\n|faint|p2a: Flutter Mane\n|-end|p2a: Flutter Mane|Protosynthesis|[silent]\n|\n|-weather|Sandstorm|[upkeep]\n|-damage|p2b: Sinistcha|94\/100|[from] Sandstorm\n|-heal|p2b: Sinistcha|100\/100|[from] item: Leftovers\n|upkeep\n|\n|t:|1699943638\n|switch|p1b: Vince Royal|Probopass, M|100\/100\n|-item|p1b: Vince Royal|Air Balloon\n|turn|7\n|\n|t:|1699943642\n|move|p1b: Vince Royal|Helping Hand|p1a: Bebe Fridgers\n|-singleturn|p1a: Bebe Fridgers|Helping Hand|[of] p1b: Vince Royal\n|move|p2b: Sinistcha|Matcha Gotcha|p1a: Bebe Fridgers|[spread] p1a,p1b\n|-supereffective|p1a: Bebe Fridgers\n|-damage|p1a: Bebe Fridgers|44\/100\n|-damage|p1b: Vince Royal|88\/100\n|-status|p1a: Bebe Fridgers|brn\n|-status|p1b: Vince Royal|brn\n|-enditem|p1b: Vince Royal|Air Balloon\n|move|p1a: Bebe Fridgers|Knock Off|p2b: Sinistcha\n|-supereffective|p2b: Sinistcha\n|-damage|p2b: Sinistcha|40\/100\n|-enditem|p2b: Sinistcha|Leftovers|[from] move: Knock Off|[of] p1a: Bebe Fridgers\n|\n|-weather|Sandstorm|[upkeep]\n|-damage|p2b: Sinistcha|33\/100|[from] Sandstorm\n|-damage|p1a: Bebe Fridgers|38\/100 brn|[from] brn\n|-damage|p1b: Vince Royal|81\/100 brn|[from] brn\n|upkeep\n|turn|8\n|\n|t:|1699943662\n|move|p1b: Vince Royal|Helping Hand|p1a: Bebe Fridgers\n|-singleturn|p1a: Bebe Fridgers|Helping Hand|[of] p1b: Vince Royal\n|move|p2b: Sinistcha|Strength Sap|p1a: Bebe Fridgers\n|-unboost|p1a: Bebe Fridgers|atk|1\n|-heal|p2b: Sinistcha|100\/100\n|move|p1a: Bebe Fridgers|Knock Off|p2b: Sinistcha\n|-supereffective|p2b: Sinistcha\n|-damage|p2b: Sinistcha|76\/100\n|\n|-weather|none\n|-damage|p1a: Bebe Fridgers|32\/100 brn|[from] brn\n|-damage|p1b: Vince Royal|75\/100 brn|[from] brn\n|upkeep\n|turn|9\n|c|\u2606Tente|woah if you actually win\n|inactive|Tente has 120 seconds left.\n|\n|t:|1699943701\n|move|p1b: Vince Royal|Helping Hand|p1a: Bebe Fridgers\n|-singleturn|p1a: Bebe Fridgers|Helping Hand|[of] p1b: Vince Royal\n|move|p2b: Sinistcha|Matcha Gotcha|p1a: Bebe Fridgers|[spread] p1a\n|-miss|p2b: Sinistcha|p1b: Vince Royal\n|-supereffective|p1a: Bebe Fridgers\n|-damage|p1a: Bebe Fridgers|3\/100 brn\n|-heal|p2b: Sinistcha|93\/100|[from] drain|[of] p1a: Bebe Fridgers\n|move|p1a: Bebe Fridgers|Knock Off|p2b: Sinistcha\n|-supereffective|p2b: Sinistcha\n|-damage|p2b: Sinistcha|68\/100\n|\n|-damage|p1a: Bebe Fridgers|0 fnt|[from] brn\n|faint|p1a: Bebe Fridgers\n|-damage|p1b: Vince Royal|69\/100 brn|[from] brn\n|upkeep\n|turn|10\n|\n|t:|1699943718\n|move|p2b: Sinistcha|Scald|p1b: Vince Royal\n|-supereffective|p1b: Vince Royal\n|-damage|p1b: Vince Royal|35\/100 brn\n|move|p1b: Vince Royal|Volt Switch|p2b: Sinistcha\n|-resisted|p2b: Sinistcha\n|-damage|p2b: Sinistcha|61\/100\n|\n|-damage|p1b: Vince Royal|29\/100 brn|[from] brn\n|upkeep\n|turn|11\n|c|\u2606Tente|gg\n|c|\u2606Tente|impressive\n|\n|t:|1699943727\n|move|p2b: Sinistcha|Scald|p1b: Vince Royal\n|-supereffective|p1b: Vince Royal\n|-damage|p1b: Vince Royal|0 fnt\n|faint|p1b: Vince Royal\n|\n|win|Cristaldu41\n|raw|Tente's rating: 1415 &rarr; <strong>1399<\/strong><br \/>(-16 for losing)\n|raw|Cristaldu41's rating: 1494 &rarr; <strong>1510<\/strong><br \/>(+16 for winning)\n|l|\u2606Tente\n|l|\u2606Cristaldu41\n|j|\u2606Cristaldu41\n|player|p2|Cristaldu41|palmer\n|l| don pingu\n|c|\u2606Cristaldu41|Gg thx\n","uploadtime":1699943747,"views":7,"p1id":"tente","p2id":"cristaldu41","formatid":"gen9doublesou","rating":1399,"private":0,"password":""}