{"id":"gen9doublesou-1995534628","p1":"yovotopn","p2":"JTSmith86","format":"[Gen 9] Doubles OU","log":"|j|\u2606yovotopn\n|j|\u2606JTSmith86\n|t:|1700580651\n|gametype|doubles\n|player|p1|yovotopn|2|1099\n|player|p2|JTSmith86|ethan|1134\n|teamsize|p1|6\n|teamsize|p2|6\n|gen|9\n|tier|[Gen 9] Doubles OU\n|rated|\n|rule|Species Clause: Limit one of each Pok\u00e9mon\n|rule|OHKO Clause: OHKO moves are banned\n|rule|Evasion Moves Clause: Evasion moves are banned\n|rule|Gravity Sleep Clause: The combination of sleep-inducing moves with imperfect accuracy and Gravity or Gigantamax Orbeetle are banned\n|rule|Endless Battle Clause: Forcing endless battles is banned\n|rule|HP Percentage Mod: HP is shown in percentages\n|clearpoke\n|poke|p1|Magneton|\n|poke|p1|Garchomp, F|\n|poke|p1|Gliscor, F|\n|poke|p1|Arcanine, F|\n|poke|p1|Politoed, F|\n|poke|p1|Clefable, F|\n|poke|p2|Umbreon, F|\n|poke|p2|Clefairy, M|\n|poke|p2|Wo-Chien|\n|poke|p2|Appletun, M|\n|poke|p2|Heatran, M|\n|poke|p2|Weezing-Galar, M|\n|teampreview\n|inactive|Battle timer is ON: inactive players will automatically lose when time's up. (requested by yovotopn)\n|\n|t:|1700580669\n|start\n|switch|p1a: Garchomp|Garchomp, F|100\/100\n|switch|p1b: Clefable|Clefable, F|100\/100\n|switch|p2a: Wo-Chien|Wo-Chien|100\/100\n|switch|p2b: Clefairy|Clefairy, M, shiny|100\/100\n|-ability|p2a: Wo-Chien|Tablets of Ruin\n|turn|1\n|\n|t:|1700580687\n|switch|p1a: Arcanine|Arcanine, F|100\/100\n|-ability|p1a: Arcanine|Intimidate|boost\n|-unboost|p2a: Wo-Chien|atk|1\n|-unboost|p2b: Clefairy|atk|1\n|move|p2a: Wo-Chien|Reflect|p2a: Wo-Chien\n|-sidestart|p2: JTSmith86|Reflect\n|move|p1b: Clefable|Moonblast|p2a: Wo-Chien\n|-supereffective|p2a: Wo-Chien\n|-damage|p2a: Wo-Chien|72\/100\n|-unboost|p2a: Wo-Chien|spa|1\n|move|p2b: Clefairy|Cosmic Power|p2b: Clefairy\n|-boost|p2b: Clefairy|def|1\n|-boost|p2b: Clefairy|spd|1\n|\n|upkeep\n|turn|2\n|inactive|yovotopn has 120 seconds left.\n|-activate|p1a: Arcanine|item: Quick Claw\n|\n|t:|1700580733\n|move|p1b: Clefable|Follow Me|p1b: Clefable\n|-singleturn|p1b: Clefable|move: Follow Me\n|move|p1a: Arcanine|Flamethrower|p2a: Wo-Chien\n|-supereffective|p2a: Wo-Chien\n|-damage|p2a: Wo-Chien|40\/100\n|move|p2a: Wo-Chien|Knock Off|p1b: Clefable\n|-resisted|p1b: Clefable\n|-damage|p1b: Clefable|91\/100\n|-enditem|p1b: Clefable|Leftovers|[from] move: Knock Off|[of] p2a: Wo-Chien\n|move|p2b: Clefairy|Life Dew||[still]|[spread] p2a,p2b\n|-heal|p2a: Wo-Chien|65\/100\n|-fail|p2b: Clefairy|heal\n|\n|upkeep\n|turn|3\n|inactive|yovotopn has 120 seconds left.\n|inactive|JTSmith86 has 120 seconds left.\n|inactive|yovotopn has 90 seconds left.\n|\n|t:|1700580780\n|move|p1a: Arcanine|Flare Blitz|p2b: Clefairy\n|-damage|p2b: Clefairy|87\/100\n|-damage|p1a: Arcanine|96\/100|[from] Recoil\n|move|p2a: Wo-Chien|Leech Seed|p1b: Clefable\n|-start|p1b: Clefable|move: Leech Seed\n|move|p1b: Clefable|Cosmic Power|p1b: Clefable\n|-boost|p1b: Clefable|def|1\n|-boost|p1b: Clefable|spd|1\n|move|p2b: Clefairy|Life Dew|p2b: Clefairy|[spread] p2a,p2b\n|-heal|p2a: Wo-Chien|90\/100\n|-heal|p2b: Clefairy|100\/100\n|\n|upkeep\n|turn|4\n|inactive|JTSmith86 has 120 seconds left.\n|inactive|yovotopn has 90 seconds left.\n|\n|t:|1700580808\n|switch|p1a: Garchomp|Garchomp, F|100\/100\n|move|p1b: Clefable|Follow Me|p1b: Clefable\n|-singleturn|p1b: Clefable|move: Follow Me\n|move|p2a: Wo-Chien|Light Screen|p2a: Wo-Chien\n|-sidestart|p2: JTSmith86|move: Light Screen\n|move|p2b: Clefairy|Cosmic Power|p2b: Clefairy\n|-boost|p2b: Clefairy|def|1\n|-boost|p2b: Clefairy|spd|1\n|\n|upkeep\n|turn|5\n|\n|t:|1700580824\n|-terastallize|p1a: Garchomp|Steel\n|move|p1a: Garchomp|Swords Dance|p1a: Garchomp\n|-boost|p1a: Garchomp|atk|2\n|move|p2a: Wo-Chien|Leech Seed|p1a: Garchomp\n|-start|p1a: Garchomp|move: Leech Seed\n|move|p1b: Clefable|Cosmic Power|p1b: Clefable\n|-boost|p1b: Clefable|def|1\n|-boost|p1b: Clefable|spd|1\n|move|p2b: Clefairy|Cosmic Power|p2b: Clefairy\n|-boost|p2b: Clefairy|def|1\n|-boost|p2b: Clefairy|spd|1\n|\n|-damage|p1a: Garchomp|88\/100|[from] Leech Seed|[of] p2a: Wo-Chien\n|-heal|p2a: Wo-Chien|100\/100|[silent]\n|-sideend|p2: JTSmith86|Reflect\n|upkeep\n|turn|6\n|inactive|yovotopn has 120 seconds left.\n|inactive|JTSmith86 has 120 seconds left.\n|\n|t:|1700580867\n|move|p1a: Garchomp|Rock Slide|p2b: Clefairy|[spread] p2a,p2b\n|-damage|p2a: Wo-Chien|80\/100\n|-damage|p2b: Clefairy|89\/100\n|move|p2a: Wo-Chien|Reflect|p2a: Wo-Chien\n|-sidestart|p2: JTSmith86|Reflect\n|move|p1b: Clefable|Cosmic Power|p1b: Clefable\n|-boost|p1b: Clefable|def|1\n|-boost|p1b: Clefable|spd|1\n|cant|p2b: Clefairy|flinch\n|\n|-damage|p1a: Garchomp|76\/100|[from] Leech Seed|[of] p2a: Wo-Chien\n|-heal|p2a: Wo-Chien|92\/100|[silent]\n|upkeep\n|turn|7\n|inactive|JTSmith86 has 120 seconds left.\n|\n|t:|1700580888\n|move|p1a: Garchomp|Rock Slide|p2a: Wo-Chien|[spread] p2a,p2b\n|-damage|p2a: Wo-Chien|80\/100\n|-damage|p2b: Clefairy|83\/100\n|move|p2a: Wo-Chien|Knock Off|p1a: Garchomp\n|-damage|p1a: Garchomp|57\/100\n|-damage|p2a: Wo-Chien|67\/100|[from] ability: Rough Skin|[of] p1a: Garchomp\n|-enditem|p1a: Garchomp|Yache Berry|[from] move: Knock Off|[of] p2a: Wo-Chien\n|move|p1b: Clefable|Cosmic Power|p1b: Clefable\n|-boost|p1b: Clefable|def|1\n|-boost|p1b: Clefable|spd|1\n|move|p2b: Clefairy|Cosmic Power|p2b: Clefairy\n|-boost|p2b: Clefairy|def|1\n|-boost|p2b: Clefairy|spd|1\n|\n|-damage|p1a: Garchomp|45\/100|[from] Leech Seed|[of] p2a: Wo-Chien\n|-heal|p2a: Wo-Chien|79\/100|[silent]\n|upkeep\n|turn|8\n|inactive|JTSmith86 has 120 seconds left.\n|\n|t:|1700580927\n|move|p1b: Clefable|Follow Me|p1b: Clefable\n|-singleturn|p1b: Clefable|move: Follow Me\n|move|p1a: Garchomp|Dragon Claw|p2a: Wo-Chien\n|-damage|p2a: Wo-Chien|54\/100\n|move|p2a: Wo-Chien|Knock Off|p1b: Clefable\n|-resisted|p1b: Clefable\n|-damage|p1b: Clefable|88\/100\n|move|p2b: Clefairy|Life Dew|p2b: Clefairy|[spread] p2a,p2b\n|-heal|p2a: Wo-Chien|79\/100\n|-heal|p2b: Clefairy|100\/100\n|\n|-damage|p1a: Garchomp|33\/100|[from] Leech Seed|[of] p2a: Wo-Chien\n|-heal|p2a: Wo-Chien|91\/100|[silent]\n|-sideend|p2: JTSmith86|move: Light Screen\n|upkeep\n|turn|9\n|inactive|JTSmith86 has 120 seconds left.\n|\n|t:|1700580948\n|move|p2b: Clefairy|Follow Me|p2b: Clefairy\n|-singleturn|p2b: Clefairy|move: Follow Me\n|move|p1a: Garchomp|Rock Slide|p2a: Wo-Chien|[spread] p2a,p2b\n|-damage|p2a: Wo-Chien|76\/100\n|-damage|p2b: Clefairy|94\/100\n|move|p2a: Wo-Chien|Knock Off|p1b: Clefable\n|-resisted|p1b: Clefable\n|-damage|p1b: Clefable|86\/100\n|move|p1b: Clefable|Cosmic Power|p1b: Clefable\n|-boost|p1b: Clefable|def|1\n|-boost|p1b: Clefable|spd|1\n|\n|-damage|p1a: Garchomp|20\/100|[from] Leech Seed|[of] p2a: Wo-Chien\n|-heal|p2a: Wo-Chien|88\/100|[silent]\n|upkeep\n|turn|10\n|inactive|JTSmith86 has 120 seconds left.\n|\n|t:|1700580970\n|move|p1a: Garchomp|Rock Slide|p2a: Wo-Chien|[spread] p2a,p2b\n|-damage|p2a: Wo-Chien|76\/100\n|-damage|p2b: Clefairy|88\/100\n|cant|p2a: Wo-Chien|flinch\n|move|p1b: Clefable|Cosmic Power|p1b: Clefable\n|-boost|p1b: Clefable|def|1\n|-boost|p1b: Clefable|spd|1\n|move|p2b: Clefairy|Cosmic Power|p2b: Clefairy\n|-boost|p2b: Clefairy|def|1\n|-boost|p2b: Clefairy|spd|1\n|\n|-damage|p1a: Garchomp|8\/100|[from] Leech Seed|[of] p2a: Wo-Chien\n|-heal|p2a: Wo-Chien|88\/100|[silent]\n|-sideend|p2: JTSmith86|Reflect\n|upkeep\n|turn|11\n|inactive|JTSmith86 has 120 seconds left.\n|\n|t:|1700580993\n|move|p1a: Garchomp|Rock Slide|p2a: Wo-Chien|[spread] p2a,p2b\n|-damage|p2a: Wo-Chien|69\/100\n|-damage|p2b: Clefairy|81\/100\n|move|p2a: Wo-Chien|Reflect|p2a: Wo-Chien\n|-sidestart|p2: JTSmith86|Reflect\n|move|p1b: Clefable|Cosmic Power|p1b: Clefable\n|-boost|p1b: Clefable|def|0\n|-boost|p1b: Clefable|spd|0\n|move|p2b: Clefairy|Cosmic Power|p2b: Clefairy\n|-boost|p2b: Clefairy|def|1\n|-boost|p2b: Clefairy|spd|1\n|\n|-damage|p1a: Garchomp|0 fnt|[from] Leech Seed|[of] p2a: Wo-Chien\n|-heal|p2a: Wo-Chien|76\/100|[silent]\n|faint|p1a: Garchomp\n|upkeep\n|inactive|yovotopn has 120 seconds left.\n|\n|t:|1700581013\n|switch|p1a: Arcanine|Arcanine, F|96\/100\n|-ability|p1a: Arcanine|Intimidate|boost\n|-unboost|p2a: Wo-Chien|atk|1\n|-unboost|p2b: Clefairy|atk|1\n|turn|12\n|\n|t:|1700581029\n|switch|p1a: Gliscor|Gliscor, F|100\/100\n|move|p1b: Clefable|Follow Me|p1b: Clefable\n|-singleturn|p1b: Clefable|move: Follow Me\n|move|p2b: Clefairy|Follow Me|p2b: Clefairy\n|-singleturn|p2b: Clefairy|move: Follow Me\n|move|p2a: Wo-Chien|Knock Off|p1b: Clefable\n|-resisted|p1b: Clefable\n|-damage|p1b: Clefable|85\/100\n|\n|-status|p1a: Gliscor|tox|[from] item: Toxic Orb\n|upkeep\n|turn|13\n|\n|t:|1700581047\n|switch|p1a: Arcanine|Arcanine, F|96\/100\n|-ability|p1a: Arcanine|Intimidate|boost\n|-unboost|p2a: Wo-Chien|atk|1\n|-unboost|p2b: Clefairy|atk|1\n|move|p2a: Wo-Chien|Leech Seed|p1a: Arcanine\n|-start|p1a: Arcanine|move: Leech Seed\n|move|p1b: Clefable|Cosmic Power|p1b: Clefable\n|-boost|p1b: Clefable|def|0\n|-boost|p1b: Clefable|spd|0\n|move|p2b: Clefairy|Life Dew|p2b: Clefairy|[spread] p2a,p2b\n|-heal|p2a: Wo-Chien|100\/100\n|-heal|p2b: Clefairy|100\/100\n|\n|-damage|p1a: Arcanine|83\/100|[from] Leech Seed|[of] p2a: Wo-Chien\n|upkeep\n|turn|14\n|\n|t:|1700581076\n|switch|p1a: Gliscor|Gliscor, F|100\/100 tox\n|move|p1b: Clefable|Follow Me|p1b: Clefable\n|-singleturn|p1b: Clefable|move: Follow Me\n|move|p2b: Clefairy|Follow Me|p2b: Clefairy\n|-singleturn|p2b: Clefairy|move: Follow Me\n|move|p2a: Wo-Chien|Light Screen|p2a: Wo-Chien\n|-sidestart|p2: JTSmith86|move: Light Screen\n|\n|upkeep\n|turn|15\n|\n|t:|1700581094\n|switch|p1a: Arcanine|Arcanine, F|83\/100\n|-ability|p1a: Arcanine|Intimidate|boost\n|-unboost|p2a: Wo-Chien|atk|1\n|-unboost|p2b: Clefairy|atk|1\n|move|p1b: Clefable|Follow Me|p1b: Clefable\n|-singleturn|p1b: Clefable|move: Follow Me\n|move|p2b: Clefairy|Follow Me|p2b: Clefairy\n|-singleturn|p2b: Clefairy|move: Follow Me\n|move|p2a: Wo-Chien|Knock Off|p1b: Clefable\n|-resisted|p1b: Clefable\n|-crit|p1b: Clefable\n|-damage|p1b: Clefable|70\/100\n|\n|-sideend|p2: JTSmith86|Reflect\n|upkeep\n|turn|16\n|\n|t:|1700581113\n|switch|p1a: Gliscor|Gliscor, F|100\/100 tox\n|move|p1b: Clefable|Follow Me|p1b: Clefable\n|-singleturn|p1b: Clefable|move: Follow Me\n|move|p2b: Clefairy|Follow Me|p2b: Clefairy\n|-singleturn|p2b: Clefairy|move: Follow Me\n|move|p2a: Wo-Chien|Reflect|p2a: Wo-Chien\n|-sidestart|p2: JTSmith86|Reflect\n|\n|upkeep\n|turn|17\n|\n|t:|1700581143\n|switch|p1a: Arcanine|Arcanine, F|83\/100\n|-ability|p1a: Arcanine|Intimidate|boost\n|-unboost|p2a: Wo-Chien|atk|1\n|-unboost|p2b: Clefairy|atk|1\n|switch|p2a: Appletun|Appletun, M|100\/100\n|move|p1b: Clefable|Follow Me|p1b: Clefable\n|-singleturn|p1b: Clefable|move: Follow Me\n|move|p2b: Clefairy|Life Dew||[still]|[still]|[spread] \n|-fail|p2a: Appletun|heal\n|-fail|p2b: Clefairy|heal\n|\n|upkeep\n|turn|18\n|\n|t:|1700581163\n|move|p1b: Clefable|Follow Me|p1b: Clefable\n|-singleturn|p1b: Clefable|move: Follow Me\n|move|p2b: Clefairy|Follow Me|p2b: Clefairy\n|-singleturn|p2b: Clefairy|move: Follow Me\n|move|p1a: Arcanine|Flare Blitz|p2b: Clefairy\n|-damage|p2b: Clefairy|93\/100\n|-damage|p1a: Arcanine|81\/100|[from] Recoil\n|move|p2a: Appletun|Apple Acid|p1b: Clefable\n|-crit|p1b: Clefable\n|-damage|p1b: Clefable|36\/100\n|-unboost|p1b: Clefable|spd|1\n|\n|-sideend|p2: JTSmith86|move: Light Screen\n|upkeep\n|turn|19\n|\n|t:|1700581181\n|move|p1b: Clefable|Follow Me|p1b: Clefable\n|-singleturn|p1b: Clefable|move: Follow Me\n|move|p2b: Clefairy|Follow Me|p2b: Clefairy\n|-singleturn|p2b: Clefairy|move: Follow Me\n|move|p1a: Arcanine|Flamethrower|p2b: Clefairy\n|-damage|p2b: Clefairy|85\/100\n|move|p2a: Appletun|Apple Acid|p1b: Clefable\n|-damage|p1b: Clefable|30\/100\n|-unboost|p1b: Clefable|spd|1\n|\n|upkeep\n|turn|20\n|\n|t:|1700581202\n|switch|p1a: poli|Politoed, F|100\/100\n|move|p1b: Clefable|Follow Me|p1b: Clefable\n|-singleturn|p1b: Clefable|move: Follow Me\n|move|p2b: Clefairy|Follow Me|p2b: Clefairy\n|-singleturn|p2b: Clefairy|move: Follow Me\n|move|p2a: Appletun|Apple Acid|p1b: Clefable\n|-crit|p1b: Clefable\n|-damage|p1b: Clefable|0 fnt\n|faint|p1b: Clefable\n|\n|-sideend|p2: JTSmith86|Reflect\n|upkeep\n|c|\u2606JTSmith86|We playing stall now\ud83d\ude02\n|\n|t:|1700581213\n|switch|p1b: Arcanine|Arcanine, F|81\/100\n|-ability|p1b: Arcanine|Intimidate|boost\n|-unboost|p2a: Appletun|atk|1\n|-unboost|p2b: Clefairy|atk|1\n|turn|21\n|\n|t:|1700581237\n|move|p1b: Arcanine|Flare Blitz|p2b: Clefairy\n|-damage|p2b: Clefairy|75\/100\n|-damage|p1b: Arcanine|77\/100|[from] Recoil\n|move|p1a: poli|Haze|p1a: poli\n|-clearallboost\n|move|p2b: Clefairy|Life Dew||[still]|[spread] p2a,p2b\n|-fail|p2a: Appletun|heal\n|-heal|p2b: Clefairy|99\/100\n|move|p2a: Appletun|Leech Seed|p1b: Arcanine\n|-start|p1b: Arcanine|move: Leech Seed\n|\n|-damage|p1b: Arcanine|64\/100|[from] Leech Seed|[of] p2a: Appletun\n|upkeep\n|turn|22\n|\n|t:|1700581255\n|switch|p2b: Wo-Chien|Wo-Chien|100\/100\n|-ability|p2b: Wo-Chien|Tablets of Ruin\n|move|p1b: Arcanine|Flare Blitz|p2b: Wo-Chien\n|-supereffective|p2b: Wo-Chien\n|-damage|p2b: Wo-Chien|42\/100\n|-status|p2b: Wo-Chien|brn\n|-damage|p1b: Arcanine|42\/100|[from] Recoil\n|move|p1a: poli|Ice Beam|p2a: Appletun\n|-supereffective|p2a: Appletun\n|-damage|p2a: Appletun|28\/100\n|move|p2a: Appletun|Leech Seed|p1a: poli\n|-start|p1a: poli|move: Leech Seed\n|\n|-damage|p1b: Arcanine|29\/100|[from] Leech Seed|[of] p2a: Appletun\n|-heal|p2a: Appletun|37\/100|[silent]\n|-damage|p1a: poli|88\/100|[from] Leech Seed|[of] p2a: Appletun\n|-heal|p2a: Appletun|47\/100|[silent]\n|-damage|p2b: Wo-Chien|36\/100 brn|[from] brn\n|upkeep\n|turn|23\n|\n|t:|1700581282\n|switch|p2b: Heatran|Heatran, M, shiny|100\/100\n|switch|p2a: Clefairy|Clefairy, M, shiny|99\/100\n|move|p1b: Arcanine|Flare Blitz|p2b: Heatran\n|-start|p2b: Heatran|ability: Flash Fire\n|move|p1a: poli|Ice Beam|p2a: Clefairy\n|-damage|p2a: Clefairy|78\/100\n|\n|-heal|p1a: poli|94\/100|[from] item: Leftovers\n|-damage|p1b: Arcanine|17\/100|[from] Leech Seed|[of] p2a: Clefairy\n|-heal|p2a: Clefairy|90\/100|[silent]\n|-damage|p1a: poli|82\/100|[from] Leech Seed|[of] p2a: Clefairy\n|-heal|p2a: Clefairy|100\/100|[silent]\n|upkeep\n|turn|24\n|\n|t:|1700581311\n|switch|p1b: Magneton|Magneton|100\/100\n|switch|p1a: Gliscor|Gliscor, F|100\/100 tox\n|-terastallize|p2b: Heatran|Grass\n|move|p2b: Heatran|Tera Blast|p1a: Gliscor|[anim] Tera Blast Grass\n|-damage|p1a: Gliscor|50\/100 tox\n|move|p2a: Clefairy|Cosmic Power|p2a: Clefairy\n|-boost|p2a: Clefairy|def|1\n|-boost|p2a: Clefairy|spd|1\n|\n|-heal|p1a: Gliscor|63\/100 tox|[from] ability: Poison Heal\n|upkeep\n|turn|25\n|\n|t:|1700581330\n|switch|p1b: Arcanine|Arcanine, F|17\/100\n|-ability|p1b: Arcanine|Intimidate|boost\n|-unboost|p2a: Clefairy|atk|1\n|-unboost|p2b: Heatran|atk|1\n|switch|p1a: poli|Politoed, F|82\/100\n|move|p2b: Heatran|Flamethrower|p1b: Arcanine\n|-resisted|p1b: Arcanine\n|-damage|p1b: Arcanine|0 fnt\n|faint|p1b: Arcanine\n|move|p2a: Clefairy|Cosmic Power|p2a: Clefairy\n|-boost|p2a: Clefairy|def|1\n|-boost|p2a: Clefairy|spd|1\n|\n|-heal|p1a: poli|88\/100|[from] item: Leftovers\n|upkeep\n|\n|t:|1700581346\n|switch|p1b: Gliscor|Gliscor, F|63\/100 tox\n|turn|26\n|\n|t:|1700581366\n|move|p1b: Gliscor|Taunt|p2a: Clefairy\n|-start|p2a: Clefairy|move: Taunt\n|move|p2b: Heatran|Tera Blast|p1a: poli|[anim] Tera Blast Grass\n|-supereffective|p1a: poli\n|-damage|p1a: poli|21\/100\n|move|p1a: poli|Surf|p2b: Heatran|[spread] p1b,p2a,p2b\n|-supereffective|p1b: Gliscor\n|-resisted|p2b: Heatran\n|-damage|p1b: Gliscor|0 fnt\n|-damage|p2a: Clefairy|89\/100\n|-damage|p2b: Heatran|95\/100\n|faint|p1b: Gliscor\n|cant|p2a: Clefairy|move: Taunt|Life Dew\n|\n|-heal|p1a: poli|27\/100|[from] item: Leftovers\n|upkeep\n|-message|yovotopn forfeited.\n|\n|win|JTSmith86\n|raw|yovotopn's rating: 1099 &rarr; <strong>1077<\/strong><br \/>(-22 for losing)\n|raw|JTSmith86's rating: 1134 &rarr; <strong>1156<\/strong><br \/>(+22 for winning)\n|l|\u2606yovotopn\n|c|\u2606JTSmith86|Good game\n","uploadtime":1700581393,"views":5,"p1id":"yovotopn","p2id":"jtsmith86","formatid":"gen9doublesou","rating":1077,"private":0,"password":""}