{"id":"gen9doublesou-1990473206","p1":"Blue Syrius","p2":"willowowo","format":"[Gen 9] Doubles OU","log":"|j|\u2606Blue Syrius\n|j|\u2606willowowo\n|t:|1699974220\n|gametype|doubles\n|player|p1|Blue Syrius|youngster-gen4dp|1132\n|player|p2|willowowo|skierf-gen4dp|1090\n|teamsize|p1|6\n|teamsize|p2|6\n|gen|9\n|tier|[Gen 9] Doubles OU\n|rated|\n|rule|Species Clause: Limit one of each Pok\u00e9mon\n|rule|OHKO Clause: OHKO moves are banned\n|rule|Evasion Moves Clause: Evasion moves are banned\n|rule|Gravity Sleep Clause: The combination of sleep-inducing moves with imperfect accuracy and Gravity or Gigantamax Orbeetle are banned\n|rule|Endless Battle Clause: Forcing endless battles is banned\n|rule|HP Percentage Mod: HP is shown in percentages\n|clearpoke\n|poke|p1|Espathra, F|\n|poke|p1|Flutter Mane|\n|poke|p1|Arcanine-Hisui, M|\n|poke|p1|Slowking-Galar, F|\n|poke|p1|Toxapex, F|\n|poke|p1|Oranguru, M|\n|poke|p2|Gastrodon, M|\n|poke|p2|Noivern, F|\n|poke|p2|Mimikyu, M|\n|poke|p2|Flutter Mane|\n|poke|p2|Diancie|\n|poke|p2|Vivillon, F|\n|teampreview\n|\n|t:|1699974235\n|start\n|switch|p1a: Espathra|Espathra, F|100\/100\n|switch|p1b: Oranguru|Oranguru, M|100\/100\n|switch|p2a: silliest|Mimikyu, M|100\/100\n|switch|p2b: taste the powder|Vivillon, F|100\/100\n|turn|1\n|inactive|Battle timer is ON: inactive players will automatically lose when time's up. (requested by Blue Syrius)\n|\n|t:|1699974249\n|move|p1a: Espathra|Skill Swap|p1b: Oranguru\n|-activate|p1a: Espathra|move: Skill Swap|||[of] p1b: Oranguru\n|move|p2a: silliest|Substitute|p2a: silliest\n|-start|p2a: silliest|Substitute\n|-damage|p2a: silliest|76\/100\n|move|p2b: taste the powder|Tailwind|p2b: taste the powder\n|-sidestart|p2: willowowo|move: Tailwind\n|move|p1b: Oranguru|Nasty Plot|p1b: Oranguru\n|-boost|p1b: Oranguru|spa|2\n|\n|-ability|p1b: Oranguru|Speed Boost|boost\n|-boost|p1b: Oranguru|spe|1\n|upkeep\n|turn|2\n|\n|t:|1699974271\n|move|p1b: Oranguru|Protect|p1b: Oranguru\n|-singleturn|p1b: Oranguru|Protect\n|move|p2a: silliest|Bulk Up|p2a: silliest\n|-boost|p2a: silliest|atk|1\n|-boost|p2a: silliest|def|1\n|move|p2b: taste the powder|Sleep Powder|p1b: Oranguru\n|-activate|p1b: Oranguru|move: Protect\n|move|p1a: Espathra|Lumina Crash|p2b: taste the powder\n|-crit|p2b: taste the powder\n|-damage|p2b: taste the powder|30\/100\n|-unboost|p2b: taste the powder|spd|2\n|\n|-ability|p1b: Oranguru|Speed Boost|boost\n|-boost|p1b: Oranguru|spe|1\n|upkeep\n|turn|3\n|\n|t:|1699974296\n|move|p1a: Espathra|Ally Switch|p1a: Espathra\n|swap|p1a: Espathra|1|[from] move: Ally Switch\n|move|p2a: silliest|Bulk Up|p2a: silliest\n|-boost|p2a: silliest|atk|1\n|-boost|p2a: silliest|def|1\n|move|p2b: taste the powder|Sleep Powder|p1b: Espathra\n|-status|p1b: Espathra|slp|[from] move: Sleep Powder\n|move|p1a: Oranguru|Hyper Voice|p2a: silliest|[spread] p2b\n|-immune|p2a: silliest\n|-damage|p2b: taste the powder|0 fnt\n|faint|p2b: taste the powder\n|\n|-ability|p1a: Oranguru|Speed Boost|boost\n|-boost|p1a: Oranguru|spe|1\n|upkeep\n|inactive|willowowo has 120 seconds left.\n|\n|t:|1699974322\n|switch|p2b: balls of steel|Diancie|100\/100\n|turn|4\n|\n|t:|1699974335\n|switch|p1b: Toxapex|Toxapex, F|100\/100\n|move|p1a: Oranguru|Protect|p1a: Oranguru\n|-singleturn|p1a: Oranguru|Protect\n|move|p2a: silliest|Bulk Up|p2a: silliest\n|-boost|p2a: silliest|atk|1\n|-boost|p2a: silliest|def|1\n|move|p2b: balls of steel|Diamond Storm|p1a: Oranguru|[spread] p1b\n|-activate|p1a: Oranguru|move: Protect\n|-damage|p1b: Toxapex|82\/100\n|-boost|p2b: balls of steel|def|2\n|\n|-sideend|p2: willowowo|move: Tailwind\n|-ability|p1a: Oranguru|Speed Boost|boost\n|-boost|p1a: Oranguru|spe|1\n|upkeep\n|turn|5\n|inactive|willowowo has 120 seconds left.\n|\n|t:|1699974378\n|switch|p2b: drain it gerald|Gastrodon, M|100\/100\n|move|p1b: Toxapex|Wide Guard|p1b: Toxapex\n|-singleturn|p1b: Toxapex|Wide Guard\n|move|p1a: Oranguru|Stored Power|p2b: drain it gerald\n|-damage|p2b: drain it gerald|0 fnt\n|faint|p2b: drain it gerald\n|move|p2a: silliest|Drain Punch|p1a: Oranguru\n|-damage|p1a: Oranguru|50\/100\n|-heal|p2a: silliest|100\/100|[from] drain|[of] p1a: Oranguru\n|-enditem|p1a: Oranguru|Sitrus Berry|[eat]\n|-heal|p1a: Oranguru|75\/100|[from] item: Sitrus Berry\n|\n|-ability|p1a: Oranguru|Speed Boost|boost\n|-boost|p1a: Oranguru|spe|1\n|upkeep\n|\n|t:|1699974400\n|switch|p2b: batman|Noivern, F|100\/100\n|turn|6\n|\n|t:|1699974426\n|move|p1a: Oranguru|Protect|p1a: Oranguru\n|-singleturn|p1a: Oranguru|Protect\n|move|p2a: silliest|Drain Punch|p1a: Oranguru\n|-activate|p1a: Oranguru|move: Protect\n|move|p2b: batman|Acrobatics|p1b: Toxapex\n|-damage|p1b: Toxapex|56\/100\n|move|p1b: Toxapex|Acid Spray|p2b: batman\n|-damage|p2b: batman|88\/100\n|-unboost|p2b: batman|spd|2\n|\n|-ability|p1a: Oranguru|Speed Boost|boost\n|-boost|p1a: Oranguru|spe|1\n|upkeep\n|turn|7\n|\n|t:|1699974452\n|move|p1a: Oranguru|Hyper Voice|p2b: batman|[spread] p2b\n|-immune|p2a: silliest\n|-damage|p2b: batman|0 fnt\n|faint|p2b: batman\n|move|p2a: silliest|Drain Punch|p1a: Oranguru\n|-damage|p1a: Oranguru|22\/100\n|move|p1b: Toxapex|Chilling Water|p2a: silliest\n|-activate|p2a: silliest|move: Substitute|[damage]\n|\n|upkeep\n|\n|t:|1699974464\n|switch|p2b: balls of steel|Diancie|100\/100\n|turn|8\n|\n|t:|1699974476\n|move|p1a: Oranguru|Stored Power|p2a: silliest\n|-end|p2a: silliest|Substitute\n|move|p2a: silliest|Drain Punch|p1a: Oranguru\n|-damage|p1a: Oranguru|0 fnt\n|faint|p1a: Oranguru\n|move|p2b: balls of steel|Diamond Storm|p1b: Toxapex\n|-damage|p1b: Toxapex|29\/100\n|-enditem|p1b: Toxapex|Sitrus Berry|[eat]\n|-heal|p1b: Toxapex|53\/100|[from] item: Sitrus Berry\n|move|p1b: Toxapex|Haze|p1b: Toxapex\n|-clearallboost\n|\n|upkeep\n|inactive|Blue Syrius has 120 seconds left.\n|\n|t:|1699974502\n|switch|p1a: Flutter Mane|Flutter Mane|100\/100\n|-enditem|p1a: Flutter Mane|Booster Energy\n|-activate|p1a: Flutter Mane|ability: Protosynthesis|[fromitem]\n|-start|p1a: Flutter Mane|protosynthesisspa\n|turn|9\n|\n|t:|1699974526\n|move|p1a: Flutter Mane|Dazzling Gleam|p2b: balls of steel|[spread] p2a,p2b\n|-activate|p2a: silliest|ability: Disguise\n|-damage|p2a: silliest|100\/100\n|-damage|p2b: balls of steel|61\/100\n|detailschange|p2a: silliest|Mimikyu-Busted, M\n|-damage|p2a: silliest|88\/100|[from] pokemon: Mimikyu-Busted\n|move|p2a: silliest|Drain Punch|p1b: Toxapex\n|-resisted|p1b: Toxapex\n|-crit|p1b: Toxapex\n|-damage|p1b: Toxapex|45\/100\n|-heal|p2a: silliest|93\/100|[from] drain|[of] p1b: Toxapex\n|move|p2b: balls of steel|Diamond Storm|p1a: Flutter Mane|[spread] p1a,p1b\n|-damage|p1a: Flutter Mane|37\/100\n|-damage|p1b: Toxapex|26\/100\n|-boost|p2b: balls of steel|def|2\n|move|p1b: Toxapex|Acid Spray|p2a: silliest\n|-crit|p2a: silliest\n|-damage|p2a: silliest|78\/100\n|-unboost|p2a: silliest|spd|2\n|\n|-heal|p2b: balls of steel|67\/100|[from] item: Leftovers\n|upkeep\n|turn|10\n|inactive|willowowo has 120 seconds left.\n|inactive|willowowo has 90 seconds left.\n|\n|t:|1699974589\n|move|p1b: Toxapex|Wide Guard|p1b: Toxapex\n|-singleturn|p1b: Toxapex|Wide Guard\n|move|p1a: Flutter Mane|Shadow Ball|p2a: silliest\n|-supereffective|p2a: silliest\n|-damage|p2a: silliest|0 fnt\n|faint|p2a: silliest\n|move|p2b: balls of steel|Diamond Storm|p1b: Toxapex|[spread] \n|-activate|p1a: Flutter Mane|move: Wide Guard\n|-activate|p1b: Toxapex|move: Wide Guard\n|\n|-heal|p2b: balls of steel|73\/100|[from] item: Leftovers\n|upkeep\n|inactive|willowowo has 90 seconds left.\n|\n|t:|1699974602\n|switch|p2a: booterfly|Flutter Mane|100\/100\n|-enditem|p2a: booterfly|Booster Energy\n|-activate|p2a: booterfly|ability: Protosynthesis|[fromitem]\n|-start|p2a: booterfly|protosynthesisspa\n|turn|11\n|\n|t:|1699974612\n|move|p1a: Flutter Mane|Protect|p1a: Flutter Mane\n|-singleturn|p1a: Flutter Mane|Protect\n|move|p2a: booterfly|Shadow Ball|p1a: Flutter Mane\n|-activate|p1a: Flutter Mane|move: Protect\n|move|p2b: balls of steel|Diamond Storm|p1a: Flutter Mane|[spread] p1b\n|-activate|p1a: Flutter Mane|move: Protect\n|-damage|p1b: Toxapex|5\/100\n|-boost|p2b: balls of steel|def|2\n|move|p1b: Toxapex|Acid Spray|p2a: booterfly\n|-damage|p2a: booterfly|92\/100\n|-unboost|p2a: booterfly|spd|2\n|\n|-heal|p2b: balls of steel|79\/100|[from] item: Leftovers\n|upkeep\n|turn|12\n|inactive|willowowo has 120 seconds left.\n|\n|t:|1699974631\n|move|p1b: Toxapex|Wide Guard|p1b: Toxapex\n|-singleturn|p1b: Toxapex|Wide Guard\n|move|p1a: Flutter Mane|Shadow Ball|p2a: booterfly\n|-supereffective|p2a: booterfly\n|-damage|p2a: booterfly|0 fnt\n|faint|p2a: booterfly\n|-end|p2a: booterfly|Protosynthesis|[silent]\n|move|p2b: balls of steel|Diamond Storm|p1b: Toxapex|[spread] \n|-activate|p1a: Flutter Mane|move: Wide Guard\n|-activate|p1b: Toxapex|move: Wide Guard\n|\n|-heal|p2b: balls of steel|86\/100|[from] item: Leftovers\n|upkeep\n|turn|13\n|inactive|willowowo has 120 seconds left.\n|\n|t:|1699974665\n|move|p1b: Toxapex|Wide Guard|p1b: Toxapex\n|-singleturn|p1b: Toxapex|Wide Guard\n|move|p1a: Flutter Mane|Shadow Ball|p2b: balls of steel\n|-damage|p2b: balls of steel|36\/100\n|move|p2b: balls of steel|Diamond Storm|p1a: Flutter Mane|[spread] \n|-activate|p1a: Flutter Mane|move: Wide Guard\n|-activate|p1b: Toxapex|move: Wide Guard\n|\n|-heal|p2b: balls of steel|42\/100|[from] item: Leftovers\n|upkeep\n|turn|14\n|\n|t:|1699974679\n|move|p1b: Toxapex|Wide Guard|p1b: Toxapex\n|-singleturn|p1b: Toxapex|Wide Guard\n|move|p1a: Flutter Mane|Shadow Ball|p2b: balls of steel\n|-damage|p2b: balls of steel|0 fnt\n|faint|p2b: balls of steel\n|\n|win|Blue Syrius\n|raw|Blue Syrius's rating: 1132 &rarr; <strong>1154<\/strong><br \/>(+22 for winning)\n|raw|willowowo's rating: 1090 &rarr; <strong>1069<\/strong><br \/>(-21 for losing)\n|l|\u2606willowowo\n","uploadtime":1699974763,"views":4,"p1id":"bluesyrius","p2id":"willowowo","formatid":"gen9doublesou","rating":1069,"private":0,"password":""}