{"id":"gen9doublesou-1988351809","p1":"mikeyuwu","p2":"tggdd","format":"[Gen 9] Doubles OU","log":"|j|\u2606mikeyuwu\n|j|\u2606tggdd\n|t:|1699712640\n|gametype|doubles\n|player|p1|mikeyuwu|psychic-gen4|1224\n|player|p2|tggdd|265|1187\n|teamsize|p1|6\n|teamsize|p2|6\n|gen|9\n|tier|[Gen 9] Doubles OU\n|rated|\n|rule|Species Clause: Limit one of each Pok\u00e9mon\n|rule|OHKO Clause: OHKO moves are banned\n|rule|Evasion Moves Clause: Evasion moves are banned\n|rule|Gravity Sleep Clause: The combination of sleep-inducing moves with imperfect accuracy and Gravity or Gigantamax Orbeetle are banned\n|rule|Endless Battle Clause: Forcing endless battles is banned\n|rule|HP Percentage Mod: HP is shown in percentages\n|clearpoke\n|poke|p1|Garchomp, M|\n|poke|p1|Tyranitar, F|\n|poke|p1|Vaporeon, F|\n|poke|p1|Toxicroak, M|\n|poke|p1|Pelipper, F|\n|poke|p1|Abomasnow, M|\n|poke|p2|Cinderace, F|\n|poke|p2|Gyarados, M|\n|poke|p2|Baxcalibur, M|\n|poke|p2|Iron Valiant|\n|poke|p2|Ogerpon-Hearthflame, F|\n|poke|p2|Sandy Shocks|\n|teampreview\n|\n|t:|1699712652\n|start\n|switch|p1a: OTLHPM|Toxicroak, M|100\/100\n|switch|p1b: Cold Shoulder|Abomasnow, M, shiny|100\/100\n|switch|p2a: Cinderace|Cinderace, F|100\/100\n|switch|p2b: Baxcalibur|Baxcalibur, M|100\/100\n|-weather|Snow|[from] ability: Snow Warning|[of] p1b: Cold Shoulder\n|turn|1\n|\n|t:|1699712678\n|switch|p1b: Weather War|Pelipper, F|100\/100\n|-weather|RainDance|[from] ability: Drizzle|[of] p1b: Weather War\n|move|p2a: Cinderace|Swords Dance|p2a: Cinderace\n|-start|p2a: Cinderace|typechange|Normal|[from] ability: Libero\n|-boost|p2a: Cinderace|atk|2\n|move|p2b: Baxcalibur|Dragon Dance|p2b: Baxcalibur\n|-boost|p2b: Baxcalibur|atk|1\n|-boost|p2b: Baxcalibur|spe|1\n|move|p1a: OTLHPM|Drain Punch|p2b: Baxcalibur\n|-supereffective|p2b: Baxcalibur\n|-damage|p2b: Baxcalibur|22\/100\n|\n|-weather|RainDance|[upkeep]\n|-heal|p2b: Baxcalibur|29\/100|[from] item: Leftovers\n|upkeep\n|turn|2\n|\n|t:|1699712706\n|move|p2b: Baxcalibur|Dragon Claw|p1a: OTLHPM\n|-damage|p1a: OTLHPM|10\/100\n|move|p2a: Cinderace|Trailblaze|p1b: Weather War\n|-damage|p1b: Weather War|75\/100\n|-boost|p2a: Cinderace|spe|1\n|move|p1a: OTLHPM|Earthquake|p2a: Cinderace|[spread] p2a,p2b\n|-immune|p1b: Weather War\n|-damage|p2a: Cinderace|63\/100\n|-damage|p2b: Baxcalibur|2\/100\n|move|p1b: Weather War|Hurricane|p2a: Cinderace\n|-damage|p2a: Cinderace|9\/100\n|\n|-weather|RainDance|[upkeep]\n|-heal|p1a: OTLHPM|22\/100|[from] ability: Dry Skin\n|-heal|p2b: Baxcalibur|8\/100|[from] item: Leftovers\n|-heal|p1a: OTLHPM|28\/100|[from] item: Black Sludge\n|upkeep\n|turn|3\n|\n|t:|1699712722\n|switch|p1a: Extra Spicy|Garchomp, M|100\/100\n|move|p2a: Cinderace|Baton Pass|p2a: Cinderace\n|\n|t:|1699712727\n|switch|p2a: Gyarados|Gyarados, M|100\/100|[from] Baton Pass\n|-ability|p2a: Gyarados|Intimidate|boost\n|-unboost|p1a: Extra Spicy|atk|1\n|-unboost|p1b: Weather War|atk|1\n|move|p2b: Baxcalibur|Dragon Claw|p1a: Extra Spicy\n|-supereffective|p1a: Extra Spicy\n|-damage|p1a: Extra Spicy|19\/100\n|-damage|p2b: Baxcalibur|0 fnt|[from] ability: Rough Skin|[of] p1a: Extra Spicy\n|faint|p2b: Baxcalibur\n|move|p1b: Weather War|Hurricane|p2a: Gyarados\n|-damage|p2a: Gyarados|62\/100\n|\n|-weather|RainDance|[upkeep]\n|upkeep\n|\n|t:|1699712742\n|switch|p2b: Iron Valiant|Iron Valiant|100\/100\n|-enditem|p2b: Iron Valiant|Booster Energy\n|-activate|p2b: Iron Valiant|ability: Quark Drive|[fromitem]\n|-start|p2b: Iron Valiant|quarkdrivespe\n|turn|4\n|\n|t:|1699712754\n|switch|p1a: OTLHPM|Toxicroak, M|28\/100\n|move|p2b: Iron Valiant|Swords Dance|p2b: Iron Valiant\n|-boost|p2b: Iron Valiant|atk|2\n|move|p2a: Gyarados|Waterfall|p1a: OTLHPM\n|-heal|p1a: OTLHPM|53\/100|[from] ability: Dry Skin|[of] p2a: Gyarados\n|move|p1b: Weather War|Hurricane|p2b: Iron Valiant\n|-supereffective|p2b: Iron Valiant\n|-damage|p2b: Iron Valiant|0 fnt\n|faint|p2b: Iron Valiant\n|-end|p2b: Iron Valiant|Quark Drive|[silent]\n|\n|-weather|RainDance|[upkeep]\n|-heal|p1a: OTLHPM|66\/100|[from] ability: Dry Skin\n|-heal|p1a: OTLHPM|72\/100|[from] item: Black Sludge\n|upkeep\n|\n|t:|1699712767\n|switch|p2b: Sandy Shocks|Sandy Shocks|100\/100\n|-enditem|p2b: Sandy Shocks|Booster Energy\n|-activate|p2b: Sandy Shocks|ability: Protosynthesis|[fromitem]\n|-start|p2b: Sandy Shocks|protosynthesisspa\n|turn|5\n|\n|t:|1699712778\n|switch|p1b: Cold Shoulder|Abomasnow, M, shiny|100\/100\n|-weather|Snow|[from] ability: Snow Warning|[of] p1b: Cold Shoulder\n|move|p2a: Gyarados|Earthquake|p1a: OTLHPM|[spread] p2b,p1a,p1b\n|-supereffective|p2b: Sandy Shocks\n|-supereffective|p1a: OTLHPM\n|-resisted|p1b: Cold Shoulder\n|-damage|p2b: Sandy Shocks|0 fnt\n|-damage|p1a: OTLHPM|0 fnt\n|-damage|p1b: Cold Shoulder|85\/100\n|faint|p2b: Sandy Shocks\n|-end|p2b: Sandy Shocks|Protosynthesis|[silent]\n|faint|p1a: OTLHPM\n|\n|-weather|Snow|[upkeep]\n|upkeep\n|\n|t:|1699712788\n|switch|p2b: Ogerpon|Ogerpon-Hearthflame, F|100\/100\n|switch|p1a: Harmacy|Vaporeon, F|100\/100\n|-ability|p2b: Ogerpon|Mold Breaker\n|turn|6\n|\n|t:|1699712799\n|switch|p1b: Weather War|Pelipper, F|75\/100\n|-weather|RainDance|[from] ability: Drizzle|[of] p1b: Weather War\n|move|p2a: Gyarados|Dragon Dance|p2a: Gyarados\n|-boost|p2a: Gyarados|atk|1\n|-boost|p2a: Gyarados|spe|1\n|move|p2b: Ogerpon|Horn Leech|p1a: Harmacy\n|-supereffective|p1a: Harmacy\n|-damage|p1a: Harmacy|40\/100\n|move|p1a: Harmacy|Weather Ball|p2b: Ogerpon\n|-damage|p2b: Ogerpon|30\/100\n|\n|-weather|RainDance|[upkeep]\n|-heal|p1a: Harmacy|47\/100|[from] item: Leftovers\n|upkeep\n|turn|7\n|\n|t:|1699712821\n|switch|p1a: Extra Spicy|Garchomp, M|19\/100\n|move|p2a: Gyarados|Dragon Dance|p2a: Gyarados\n|-boost|p2a: Gyarados|atk|1\n|-boost|p2a: Gyarados|spe|1\n|move|p2b: Ogerpon|Horn Leech|p1a: Extra Spicy\n|-damage|p1a: Extra Spicy|0 fnt\n|-heal|p2b: Ogerpon|42\/100|[from] drain|[of] p1a: Extra Spicy\n|-damage|p2b: Ogerpon|30\/100|[from] ability: Rough Skin|[of] p1a: Extra Spicy\n|-damage|p2b: Ogerpon|13\/100|[from] item: Rocky Helmet|[of] p1a: Extra Spicy\n|faint|p1a: Extra Spicy\n|move|p1b: Weather War|Hurricane|p2b: Ogerpon\n|-supereffective|p2b: Ogerpon\n|-damage|p2b: Ogerpon|0 fnt\n|faint|p2b: Ogerpon\n|\n|-weather|RainDance|[upkeep]\n|upkeep\n|\n|t:|1699712835\n|switch|p2b: Cinderace|Cinderace, F|9\/100\n|switch|p1a: Harmacy|Vaporeon, F|47\/100\n|turn|8\n|\n|t:|1699712848\n|move|p2a: Gyarados|Dragon Dance|p2a: Gyarados\n|-boost|p2a: Gyarados|atk|1\n|-boost|p2a: Gyarados|spe|1\n|move|p2b: Cinderace|Trailblaze|p1a: Harmacy\n|-start|p2b: Cinderace|typechange|Grass|[from] ability: Libero\n|-supereffective|p1a: Harmacy\n|-damage|p1a: Harmacy|10\/100\n|-boost|p2b: Cinderace|spe|1\n|move|p1b: Weather War|Hurricane|p2a: Gyarados\n|-damage|p2a: Gyarados|24\/100\n|-start|p2a: Gyarados|confusion\n|move|p1a: Harmacy|Weather Ball|p2b: Cinderace\n|-resisted|p2b: Cinderace\n|-damage|p2b: Cinderace|0 fnt\n|faint|p2b: Cinderace\n|\n|-weather|RainDance|[upkeep]\n|-heal|p1a: Harmacy|16\/100|[from] item: Leftovers\n|upkeep\n|turn|9\n|\n|t:|1699712869\n|-activate|p2a: Gyarados|confusion\n|-damage|p2a: Gyarados|0 fnt|[from] confusion\n|faint|p2a: Gyarados\n|\n|win|mikeyuwu\n|raw|mikeyuwu's rating: 1224 &rarr; <strong>1246<\/strong><br \/>(+22 for winning)\n|raw|tggdd's rating: 1187 &rarr; <strong>1165<\/strong><br \/>(-22 for losing)\n|l|\u2606tggdd\n","uploadtime":1699712878,"views":10,"p1id":"mikeyuwu","p2id":"tggdd","formatid":"gen9doublesou","rating":1165,"private":0,"password":""}