{"id":"gen9doublesou-1983878101","p1":"plantshrine","p2":"nyx47747","format":"[Gen 9] Doubles OU","log":"|j|\u2606plantshrine\n|j|\u2606nyx47747\n|t:|1699195200\n|gametype|doubles\n|player|p1|plantshrine|gardenia|1368\n|player|p2|nyx47747|roxie|1445\n|teamsize|p1|6\n|teamsize|p2|6\n|gen|9\n|tier|[Gen 9] Doubles OU\n|rated|\n|rule|Species Clause: Limit one of each Pok\u00e9mon\n|rule|OHKO Clause: OHKO moves are banned\n|rule|Evasion Moves Clause: Evasion moves are banned\n|rule|Gravity Sleep Clause: The combination of sleep-inducing moves with imperfect accuracy and Gravity or Gigantamax Orbeetle are banned\n|rule|Endless Battle Clause: Forcing endless battles is banned\n|rule|HP Percentage Mod: HP is shown in percentages\n|clearpoke\n|poke|p1|Poliwrath, M|\n|poke|p1|Grimmsnarl, M|\n|poke|p1|Sinistcha-Masterpiece|\n|poke|p1|Murkrow, M|\n|poke|p1|Chien-Pao|\n|poke|p1|Farigiraf, F|\n|poke|p2|Iron Hands|\n|poke|p2|Flutter Mane|\n|poke|p2|Landorus-Therian, M|\n|poke|p2|Roaring Moon|\n|poke|p2|Tornadus, M|\n|poke|p2|Ogerpon-Wellspring, F|\n|teampreview\n|inactive|Battle timer is ON: inactive players will automatically lose when time's up. (requested by nyx47747)\n|\n|t:|1699195213\n|start\n|switch|p1a: Murkrow|Murkrow, M|100\/100\n|switch|p1b: Grimmsnarl|Grimmsnarl, M, shiny|100\/100\n|switch|p2a: Landorus|Landorus-Therian, M|100\/100\n|switch|p2b: Tornadus|Tornadus, M|100\/100\n|-ability|p2a: Landorus|Intimidate|boost\n|-unboost|p1a: Murkrow|atk|1\n|-unboost|p1b: Grimmsnarl|atk|1\n|turn|1\n|\n|t:|1699195239\n|move|p2b: Tornadus|Tailwind|p2b: Tornadus\n|-sidestart|p2: nyx47747|move: Tailwind\n|move|p1a: Murkrow|Feather Dance|p2a: Landorus\n|-unboost|p2a: Landorus|atk|2\n|move|p1b: Grimmsnarl|Reflect|p1b: Grimmsnarl\n|-sidestart|p1: plantshrine|Reflect\n|move|p2a: Landorus|Rock Slide|p1a: Murkrow|[spread] p1a,p1b\n|-supereffective|p1a: Murkrow\n|-damage|p1a: Murkrow|79\/100\n|-damage|p1b: Grimmsnarl|92\/100\n|-damage|p2a: Landorus|91\/100|[from] item: Life Orb\n|\n|upkeep\n|turn|2\n|\n|t:|1699195266\n|move|p1a: Murkrow|Thunder Wave|p2b: Tornadus\n|-status|p2b: Tornadus|par\n|move|p1b: Grimmsnarl|Light Screen|p1b: Grimmsnarl\n|-sidestart|p1: plantshrine|move: Light Screen\n|move|p2a: Landorus|U-turn|p1b: Grimmsnarl\n|-damage|p1b: Grimmsnarl|80\/100\n|-damage|p2a: Landorus|81\/100|[from] item: Life Orb\n|\n|t:|1699195276\n|switch|p2a: Roaring Moon|Roaring Moon|100\/100|[from] U-turn\n|-enditem|p2a: Roaring Moon|Booster Energy\n|-activate|p2a: Roaring Moon|ability: Protosynthesis|[fromitem]\n|-start|p2a: Roaring Moon|protosynthesisatk\n|cant|p2b: Tornadus|par\n|\n|upkeep\n|turn|3\n|\n|t:|1699195299\n|move|p1a: Murkrow|Tailwind|p1a: Murkrow\n|-sidestart|p1: plantshrine|move: Tailwind\n|move|p2a: Roaring Moon|Dragon Dance|p2a: Roaring Moon\n|-boost|p2a: Roaring Moon|atk|1\n|-boost|p2a: Roaring Moon|spe|1\n|move|p2b: Tornadus|Bleakwind Storm|p1b: Grimmsnarl|[spread] p1a,p1b\n|-crit|p1a: Murkrow\n|-damage|p1a: Murkrow|4\/100\n|-damage|p1b: Grimmsnarl|49\/100\n|-unboost|p1a: Murkrow|spe|1\n|-damage|p2b: Tornadus|91\/100 par|[from] item: Life Orb\n|move|p1b: Grimmsnarl|Spirit Break|p2a: Roaring Moon\n|-supereffective|p2a: Roaring Moon\n|-damage|p2a: Roaring Moon|0 fnt\n|faint|p2a: Roaring Moon\n|-end|p2a: Roaring Moon|Protosynthesis|[silent]\n|\n|upkeep\n|\n|t:|1699195305\n|switch|p2a: Flutter Mane|Flutter Mane|100\/100\n|-enditem|p2a: Flutter Mane|Booster Energy\n|-activate|p2a: Flutter Mane|ability: Protosynthesis|[fromitem]\n|-start|p2a: Flutter Mane|protosynthesisspe\n|turn|4\n|\n|t:|1699195323\n|move|p2a: Flutter Mane|Protect|p2a: Flutter Mane\n|-singleturn|p2a: Flutter Mane|Protect\n|move|p1b: Grimmsnarl|Parting Shot|p2a: Flutter Mane\n|-activate|p2a: Flutter Mane|move: Protect\n|move|p1a: Murkrow|Thunder Wave|p2a: Flutter Mane\n|-activate|p2a: Flutter Mane|move: Protect\n|move|p2b: Tornadus|Icy Wind|p1a: Murkrow|[spread] p1a,p1b\n|-supereffective|p1a: Murkrow\n|-damage|p1a: Murkrow|0 fnt\n|-damage|p1b: Grimmsnarl|37\/100\n|-unboost|p1b: Grimmsnarl|spe|1\n|faint|p1a: Murkrow\n|-damage|p2b: Tornadus|81\/100 par|[from] item: Life Orb\n|\n|-sideend|p2: nyx47747|move: Tailwind\n|upkeep\n|\n|t:|1699195342\n|switch|p1a: Poliwrath|Poliwrath, M, shiny|100\/100\n|turn|5\n|\n|t:|1699195364\n|switch|p2b: Ogerpon|Ogerpon-Wellspring, F|100\/100\n|-terastallize|p1a: Poliwrath|Electric\n|move|p1b: Grimmsnarl|Parting Shot|p2a: Flutter Mane\n|-unboost|p2a: Flutter Mane|atk|1\n|-unboost|p2a: Flutter Mane|spa|1\n|\n|t:|1699195383\n|switch|p1b: Chien-Pao|Chien-Pao|100\/100|[from] Parting Shot\n|-ability|p1b: Chien-Pao|Sword of Ruin\n|move|p2a: Flutter Mane|Dazzling Gleam|p1a: Poliwrath|[spread] p1a,p1b\n|-supereffective|p1b: Chien-Pao\n|-damage|p1a: Poliwrath|85\/100\n|-damage|p1b: Chien-Pao|57\/100\n|move|p1a: Poliwrath|Belly Drum|p1a: Poliwrath\n|-damage|p1a: Poliwrath|35\/100\n|-setboost|p1a: Poliwrath|atk|6|[from] move: Belly Drum\n|-enditem|p1a: Poliwrath|Sitrus Berry|[eat]\n|-heal|p1a: Poliwrath|60\/100|[from] item: Sitrus Berry\n|\n|upkeep\n|turn|6\n|\n|t:|1699195408\n|switch|p2b: Landorus|Landorus-Therian, M|81\/100\n|-ability|p2b: Landorus|Intimidate|boost\n|-unboost|p1a: Poliwrath|atk|1\n|-unboost|p1b: Chien-Pao|atk|1\n|-terastallize|p2a: Flutter Mane|Fairy\n|move|p1b: Chien-Pao|Crunch|p2a: Flutter Mane\n|-resisted|p2a: Flutter Mane\n|-damage|p2a: Flutter Mane|47\/100\n|-unboost|p2a: Flutter Mane|def|1\n|-damage|p1b: Chien-Pao|47\/100|[from] item: Life Orb\n|move|p2a: Flutter Mane|Dazzling Gleam|p1a: Poliwrath|[spread] p1a,p1b\n|-supereffective|p1b: Chien-Pao\n|-damage|p1a: Poliwrath|41\/100\n|-damage|p1b: Chien-Pao|0 fnt\n|faint|p1b: Chien-Pao\n|move|p1a: Poliwrath|Drain Punch|p2b: Landorus\n|-resisted|p2b: Landorus\n|-damage|p2b: Landorus|15\/100\n|-heal|p1a: Poliwrath|74\/100|[from] drain|[of] p2b: Landorus\n|\n|-sideend|p1: plantshrine|move: Tailwind\n|upkeep\n|inactive|plantshrine has 120 seconds left.\n|\n|t:|1699195432\n|switch|p1b: Grimmsnarl|Grimmsnarl, M, shiny|37\/100\n|turn|7\n|\n|t:|1699195450\n|move|p1b: Grimmsnarl|Parting Shot|p2a: Flutter Mane\n|-unboost|p2a: Flutter Mane|atk|1\n|-unboost|p2a: Flutter Mane|spa|1\n|\n|t:|1699195455\n|switch|p1b: Sinistcha|Sinistcha-Masterpiece, shiny|100\/100|[from] Parting Shot\n|-heal|p1a: Poliwrath|99\/100|[from] ability: Hospitality|[of] p1b: Sinistcha\n|move|p2a: Flutter Mane|Dazzling Gleam|p1a: Poliwrath|[spread] p1a,p1b\n|-damage|p1a: Poliwrath|83\/100\n|-damage|p1b: Sinistcha|84\/100\n|move|p2b: Landorus|Stomping Tantrum|p1a: Poliwrath\n|-supereffective|p1a: Poliwrath\n|-damage|p1a: Poliwrath|1\/100\n|-damage|p2b: Landorus|5\/100|[from] item: Life Orb\n|move|p1a: Poliwrath|Drain Punch|p2b: Landorus\n|-resisted|p2b: Landorus\n|-damage|p2b: Landorus|0 fnt\n|-heal|p1a: Poliwrath|4\/100|[from] drain|[of] p2b: Landorus\n|faint|p2b: Landorus\n|\n|upkeep\n|\n|t:|1699195467\n|switch|p2b: Iron Hands|Iron Hands|100\/100\n|turn|8\n|\n|t:|1699195481\n|switch|p1b: Farigiraf|Farigiraf, F|100\/100\n|move|p2b: Iron Hands|Fake Out||[still]\n|cant|p1b: Farigiraf|ability: Armor Tail|Fake Out|[of] p2b: Iron Hands\n|move|p2a: Flutter Mane|Shadow Ball|p1b: Farigiraf\n|-immune|p1b: Farigiraf\n|move|p1a: Poliwrath|Drain Punch|p2b: Iron Hands\n|-damage|p2b: Iron Hands|31\/100\n|-heal|p1a: Poliwrath|60\/100|[from] drain|[of] p2b: Iron Hands\n|\n|-heal|p2b: Iron Hands|37\/100|[from] item: Leftovers\n|-sideend|p1: plantshrine|Reflect\n|upkeep\n|turn|9\n|\n|t:|1699195503\n|-end|p2a: Flutter Mane|Protosynthesis|[silent]\n|switch|p2a: Tornadus|Tornadus, M|81\/100 par\n|move|p1a: Poliwrath|Drain Punch|p2b: Iron Hands\n|-damage|p2b: Iron Hands|0 fnt\n|-heal|p1a: Poliwrath|89\/100|[from] drain|[of] p2b: Iron Hands\n|faint|p2b: Iron Hands\n|-end|p2b: Iron Hands|Quark Drive|[silent]\n|move|p1b: Farigiraf|Trick Room|p1b: Farigiraf\n|-fieldstart|move: Trick Room|[of] p1b: Farigiraf\n|\n|-sideend|p1: plantshrine|move: Light Screen\n|upkeep\n|-message|nyx47747 forfeited.\n|\n|win|plantshrine\n|raw|plantshrine's rating: 1368 &rarr; <strong>1392<\/strong><br \/>(+24 for winning)\n|raw|nyx47747's rating: 1445 &rarr; <strong>1421<\/strong><br \/>(-24 for losing)\n|l|\u2606nyx47747\n","uploadtime":1699195745,"views":14,"p1id":"plantshrine","p2id":"nyx47747","formatid":"gen9doublesou","rating":1392,"private":0,"password":""}