{"id":"gen9doublesou-1978373702","p1":"Zazashing","p2":"Critian Caceorte","format":"[Gen 9] Doubles OU","log":"|j|\u2606Zazashing\n|j|\u2606Critian Caceorte\n|t:|1698530841\n|gametype|doubles\n|player|p1|Zazashing|101|1016\n|player|p2|Critian Caceorte|265|1107\n|teamsize|p1|6\n|teamsize|p2|6\n|gen|9\n|tier|[Gen 9] Doubles OU\n|rated|\n|rule|Species Clause: Limit one of each Pok\u00e9mon\n|rule|OHKO Clause: OHKO moves are banned\n|rule|Evasion Moves Clause: Evasion moves are banned\n|rule|Gravity Sleep Clause: The combination of sleep-inducing moves with imperfect accuracy and Gravity or Gigantamax Orbeetle are banned\n|rule|Endless Battle Clause: Forcing endless battles is banned\n|rule|HP Percentage Mod: HP is shown in percentages\n|clearpoke\n|poke|p1|Lucario, M|\n|poke|p1|Maushold-Four|\n|poke|p1|Palafin, M|\n|poke|p1|Okidogi, M|\n|poke|p1|Amoonguss, M|\n|poke|p1|Spewpa, M|\n|poke|p2|Bisharp, F|\n|poke|p2|Brute Bonnet|\n|poke|p2|Mandibuzz, F|\n|poke|p2|Muk-Alola, M|\n|poke|p2|Persian-Alola, M|\n|poke|p2|Samurott-Hisui, M|\n|teampreview\n|inactive|Battle timer is ON: inactive players will automatically lose when time's up. (requested by Zazashing)\n|\n|t:|1698530865\n|start\n|switch|p1a: Fortnite man|Lucario, M|100\/100\n|switch|p1b: Maushold|Maushold-Four|100\/100\n|switch|p2a: Bisharp|Bisharp, F|100\/100\n|switch|p2b: Mandibuzz|Mandibuzz, F|100\/100\n|turn|1\n|\n|t:|1698530881\n|move|p1b: Maushold|Beat Up|p1a: Fortnite man\n|-resisted|p1a: Fortnite man\n|-damage|p1a: Fortnite man|95\/100\n|-ability|p1a: Fortnite man|Justified|boost\n|-boost|p1a: Fortnite man|atk|1\n|-resisted|p1a: Fortnite man\n|-damage|p1a: Fortnite man|92\/100\n|-ability|p1a: Fortnite man|Justified|boost\n|-boost|p1a: Fortnite man|atk|1\n|-resisted|p1a: Fortnite man\n|-damage|p1a: Fortnite man|88\/100\n|-ability|p1a: Fortnite man|Justified|boost\n|-boost|p1a: Fortnite man|atk|1\n|-resisted|p1a: Fortnite man\n|-damage|p1a: Fortnite man|83\/100\n|-ability|p1a: Fortnite man|Justified|boost\n|-boost|p1a: Fortnite man|atk|1\n|-resisted|p1a: Fortnite man\n|-damage|p1a: Fortnite man|80\/100\n|-ability|p1a: Fortnite man|Justified|boost\n|-boost|p1a: Fortnite man|atk|1\n|-resisted|p1a: Fortnite man\n|-damage|p1a: Fortnite man|77\/100\n|-ability|p1a: Fortnite man|Justified|boost\n|-boost|p1a: Fortnite man|atk|1\n|-hitcount|p1a: Fortnite man|6\n|move|p1a: Fortnite man|Close Combat|p2a: Bisharp\n|-supereffective|p2a: Bisharp\n|-damage|p2a: Bisharp|0 fnt\n|-unboost|p1a: Fortnite man|def|1\n|-unboost|p1a: Fortnite man|spd|1\n|faint|p2a: Bisharp\n|move|p2b: Mandibuzz|Taunt|p1a: Fortnite man\n|-start|p1a: Fortnite man|move: Taunt\n|\n|upkeep\n|inactive|Critian Caceorte has 120 seconds left.\n|\n|t:|1698530912\n|switch|p2a: Persian|Persian-Alola, M|100\/100\n|turn|2\n|\n|t:|1698530942\n|switch|p1b: Amoonguss|Amoonguss, M|100\/100\n|move|p2a: Persian|Fake Out|p1a: Fortnite man\n|-resisted|p1a: Fortnite man\n|-damage|p1a: Fortnite man|70\/100\n|cant|p1a: Fortnite man|flinch\n|move|p2b: Mandibuzz|Foul Play|p1a: Fortnite man\n|-resisted|p1a: Fortnite man\n|-damage|p1a: Fortnite man|0 fnt\n|faint|p1a: Fortnite man\n|\n|upkeep\n|inactive|Zazashing has 120 seconds left.\n|\n|t:|1698530955\n|switch|p1a: Palafin|Palafin, M|100\/100\n|turn|3\n|l|\u2606Zazashing\n|inactive|Zazashing disconnected and has a minute to reconnect!\n|player|p1|\n|inactive|Zazashing has 30 seconds to reconnect!\n|j|\u2606Zazashing\n|inactive|Zazashing reconnected and has 95 seconds left.\n|player|p1|Zazashing|101\n|inactive|Zazashing has 90 seconds left.\n|\n|t:|1698531013\n|move|p1b: Amoonguss|Rage Powder|p1b: Amoonguss\n|-singleturn|p1b: Amoonguss|move: Rage Powder\n|move|p2a: Persian|Thunder Wave|p1b: Amoonguss\n|-status|p1b: Amoonguss|par\n|move|p1a: Palafin|Flip Turn|p2b: Mandibuzz\n|-damage|p2b: Mandibuzz|85\/100\n|inactive|Zazashing has 90 seconds left.\n|\n|t:|1698531027\n|detailschange|p1a: Palafin|Palafin-Hero, M\n|switch|p1a: Maushold|Maushold-Four|100\/100|[from] Flip Turn\n|move|p2b: Mandibuzz|Taunt|p1b: Amoonguss\n|-start|p1b: Amoonguss|move: Taunt\n|\n|-heal|p2b: Mandibuzz|91\/100|[from] item: Leftovers\n|upkeep\n|turn|4\n|inactive|Zazashing has 90 seconds left.\n|\n|t:|1698531047\n|move|p1a: Maushold|Population Bomb|p2b: Mandibuzz\n|-damage|p2b: Mandibuzz|83\/100\n|-damage|p2b: Mandibuzz|74\/100\n|-damage|p2b: Mandibuzz|65\/100\n|-damage|p2b: Mandibuzz|57\/100\n|-damage|p2b: Mandibuzz|49\/100\n|-damage|p2b: Mandibuzz|40\/100\n|-damage|p2b: Mandibuzz|31\/100\n|-damage|p2b: Mandibuzz|22\/100\n|-damage|p2b: Mandibuzz|14\/100\n|-damage|p2b: Mandibuzz|5\/100\n|-hitcount|p2b: Mandibuzz|10\n|move|p2a: Persian|Parting Shot|p1a: Maushold\n|-unboost|p1a: Maushold|atk|1\n|-unboost|p1a: Maushold|spa|1\n|inactive|Critian Caceorte has 120 seconds left.\n|\n|t:|1698531068\n|switch|p2a: Muk|Muk-Alola, M|100\/100|[from] Parting Shot\n|move|p2b: Mandibuzz|Tailwind|p2b: Mandibuzz\n|-sidestart|p2: Critian Caceorte|move: Tailwind\n|move|p1b: Amoonguss|Pollen Puff|p1a: Maushold\n|-immune|p1a: Maushold\n|\n|-heal|p2b: Mandibuzz|11\/100|[from] item: Leftovers\n|upkeep\n|turn|5\n|\n|t:|1698531089\n|move|p2b: Mandibuzz|Foul Play|p1a: Maushold\n|-damage|p1a: Maushold|62\/100\n|move|p1a: Maushold|Population Bomb|p2b: Mandibuzz\n|-damage|p2b: Mandibuzz|6\/100\n|-damage|p2b: Mandibuzz|0 fnt\n|faint|p2b: Mandibuzz\n|-ability|p2a: Muk|Overcoat|[from] ability: Power of Alchemy|[of] p2b: Mandibuzz\n|-hitcount|p2: Mandibuzz|2\n|move|p2a: Muk|Brick Break|p1a: Maushold\n|-supereffective|p1a: Maushold\n|-crit|p1a: Maushold\n|-damage|p1a: Maushold|0 fnt\n|faint|p1a: Maushold\n|move|p1b: Amoonguss|Pollen Puff|p2a: Muk\n|-damage|p2a: Muk|93\/100\n|\n|upkeep\n|inactive|Zazashing has 120 seconds left.\n|\n|t:|1698531108\n|switch|p1a: Palafin|Palafin-Hero, M|100\/100\n|switch|p2b: Brute Bonnet|Brute Bonnet|100\/100\n|-activate|p1a: Palafin|ability: Zero to Hero\n|-enditem|p2b: Brute Bonnet|Booster Energy\n|-activate|p2b: Brute Bonnet|ability: Protosynthesis|[fromitem]\n|-start|p2b: Brute Bonnet|protosynthesisdef\n|turn|6\n|inactive|Zazashing has 120 seconds left.\n|\n|t:|1698531137\n|move|p1a: Palafin|Close Combat|p2b: Brute Bonnet\n|-supereffective|p2b: Brute Bonnet\n|-damage|p2b: Brute Bonnet|56\/100\n|-unboost|p1a: Palafin|def|1\n|-unboost|p1a: Palafin|spd|1\n|move|p2b: Brute Bonnet|Spore|p1a: Palafin\n|-status|p1a: Palafin|slp|[from] move: Spore\n|move|p2a: Muk|Fire Punch|p1b: Amoonguss\n|-supereffective|p1b: Amoonguss\n|-damage|p1b: Amoonguss|61\/100 par\n|move|p1b: Amoonguss|Pollen Puff|p1a: Palafin\n|-immune|p1a: Palafin\n|\n|-heal|p1b: Amoonguss|67\/100 par|[from] item: Leftovers\n|-end|p1b: Amoonguss|move: Taunt\n|upkeep\n|turn|7\n|inactive|Zazashing has 120 seconds left.\n|\n|t:|1698531162\n|move|p1b: Amoonguss|Rage Powder|p1b: Amoonguss\n|-singleturn|p1b: Amoonguss|move: Rage Powder\n|cant|p1a: Palafin|slp\n|move|p2b: Brute Bonnet|Taunt|p1b: Amoonguss\n|-start|p1b: Amoonguss|move: Taunt\n|move|p2a: Muk|Knock Off|p1b: Amoonguss\n|-crit|p1b: Amoonguss\n|-damage|p1b: Amoonguss|16\/100 par\n|-enditem|p1b: Amoonguss|Leftovers|[from] move: Knock Off|[of] p2a: Muk\n|\n|-sideend|p2: Critian Caceorte|move: Tailwind\n|upkeep\n|turn|8\n|\n|t:|1698531190\n|-curestatus|p1a: Palafin|slp|[msg]\n|move|p1a: Palafin|Close Combat|p2a: Muk\n|-damage|p2a: Muk|39\/100\n|-unboost|p1a: Palafin|def|1\n|-unboost|p1a: Palafin|spd|1\n|move|p2b: Brute Bonnet|Body Press|p1b: Amoonguss\n|-resisted|p1b: Amoonguss\n|-damage|p1b: Amoonguss|4\/100 par\n|move|p2a: Muk|Knock Off|p1a: Palafin\n|-damage|p1a: Palafin|28\/100\n|-enditem|p1a: Palafin|Focus Sash|[from] move: Knock Off|[of] p2a: Muk\n|move|p1b: Amoonguss|Pollen Puff|p1a: Palafin\n|-heal|p1a: Palafin|78\/100\n|\n|upkeep\n|turn|9\n|\n|t:|1698531212\n|move|p1a: Palafin|Close Combat|p2a: Muk\n|-damage|p2a: Muk|0 fnt\n|-unboost|p1a: Palafin|def|1\n|-unboost|p1a: Palafin|spd|1\n|faint|p2a: Muk\n|move|p2b: Brute Bonnet|Spore|p1a: Palafin\n|-status|p1a: Palafin|slp|[from] move: Spore\n|move|p1b: Amoonguss|Pollen Puff|p1a: Palafin\n|-heal|p1a: Palafin|100\/100 slp\n|\n|upkeep\n|inactive|Critian Caceorte has 120 seconds left.\n|\n|t:|1698531231\n|switch|p2a: Samurott|Samurott-Hisui, M|100\/100\n|turn|10\n|\n|t:|1698531249\n|cant|p1a: Palafin|slp\n|move|p2a: Samurott|Ceaseless Edge|p1a: Palafin\n|-damage|p1a: Palafin|0 fnt\n|-sidestart|p1: Zazashing|Spikes\n|faint|p1a: Palafin\n|move|p2b: Brute Bonnet|Body Press|p1b: Amoonguss\n|-resisted|p1b: Amoonguss\n|-damage|p1b: Amoonguss|0 fnt\n|faint|p1b: Amoonguss\n|\n|upkeep\n|\n|t:|1698531260\n|switch|p1a: Okidogi|Okidogi, M|100\/100\n|switch|p1b: Spewpa|Spewpa, M|100\/100\n|-damage|p1a: Okidogi|88\/100|[from] Spikes\n|-damage|p1b: Spewpa|88\/100|[from] Spikes\n|turn|11\n|\n|t:|1698531283\n|-terastallize|p2a: Samurott|Water\n|move|p1b: Spewpa|Rage Powder|p1b: Spewpa\n|-singleturn|p1b: Spewpa|move: Rage Powder\n|move|p1a: Okidogi|Drain Punch|p2b: Brute Bonnet\n|-supereffective|p2b: Brute Bonnet\n|-damage|p2b: Brute Bonnet|0 fnt\n|-heal|p1a: Okidogi|100\/100|[from] drain|[of] p2b: Brute Bonnet\n|faint|p2b: Brute Bonnet\n|-end|p2b: Brute Bonnet|Protosynthesis|[silent]\n|move|p2a: Samurott|Aqua Cutter|p1b: Spewpa\n|-damage|p1b: Spewpa|39\/100\n|\n|upkeep\n|\n|t:|1698531295\n|switch|p2b: Persian|Persian-Alola, M|100\/100\n|turn|12\n|\n|t:|1698531304\n|move|p2b: Persian|Fake Out|p1a: Okidogi\n|-damage|p1a: Okidogi|96\/100\n|move|p1b: Spewpa|Rage Powder|p1b: Spewpa\n|-singleturn|p1b: Spewpa|move: Rage Powder\n|cant|p1a: Okidogi|flinch\n|move|p2a: Samurott|Aqua Cutter|p1b: Spewpa\n|-damage|p1b: Spewpa|0 fnt\n|faint|p1b: Spewpa\n|\n|upkeep\n|turn|13\n|\n|t:|1698531330\n|move|p2b: Persian|Thunder Wave|p1a: Okidogi\n|-status|p1a: Okidogi|par\n|move|p2a: Samurott|Sacred Sword|p1a: Okidogi\n|-resisted|p1a: Okidogi\n|-damage|p1a: Okidogi|78\/100 par\n|move|p1a: Okidogi|Drain Punch|p2b: Persian\n|-supereffective|p2b: Persian\n|-damage|p2b: Persian|30\/100\n|-heal|p1a: Okidogi|100\/100 par|[from] drain|[of] p2b: Persian\n|\n|upkeep\n|turn|14\n|\n|t:|1698531345\n|move|p2b: Persian|Foul Play|p1a: Okidogi\n|-resisted|p1a: Okidogi\n|-damage|p1a: Okidogi|76\/100 par\n|move|p2a: Samurott|Aqua Cutter|p1a: Okidogi\n|-damage|p1a: Okidogi|13\/100 par\n|move|p1a: Okidogi|Drain Punch|p2b: Persian\n|-supereffective|p2b: Persian\n|-damage|p2b: Persian|0 fnt\n|-heal|p1a: Okidogi|25\/100 par|[from] drain|[of] p2b: Persian\n|faint|p2b: Persian\n|\n|upkeep\n|turn|15\n|\n|t:|1698531360\n|-terastallize|p1a: Okidogi|Poison\n|move|p2a: Samurott|Aqua Cutter|p1a: Okidogi\n|-damage|p1a: Okidogi|0 fnt\n|faint|p1a: Okidogi\n|\n|win|Critian Caceorte\n|raw|Zazashing's rating: 1016 &rarr; <strong>1007<\/strong><br \/>(-9 for losing)\n|raw|Critian Caceorte's rating: 1107 &rarr; <strong>1126<\/strong><br \/>(+19 for winning)\n|l|\u2606Zazashing\n|c|\u2606Critian Caceorte|gg\n","uploadtime":1698531370,"views":21,"p1id":"zazashing","p2id":"critiancaceorte","formatid":"gen9doublesou","rating":1007,"private":0,"password":""}