{"id":"gen9doublesou-1979780617","p1":"Kuzwa","p2":"pignitewaggy","format":"[Gen 9] Doubles OU","log":"|j|\u2606Kuzwa\n|j|\u2606pignitewaggy\n|t:|1698712539\n|gametype|doubles\n|player|p1|Kuzwa|cheren-gen5bw2|1141\n|player|p2|pignitewaggy|bellelba|1203\n|teamsize|p1|6\n|teamsize|p2|6\n|gen|9\n|tier|[Gen 9] Doubles OU\n|rated|\n|rule|Species Clause: Limit one of each Pok\u00e9mon\n|rule|OHKO Clause: OHKO moves are banned\n|rule|Evasion Moves Clause: Evasion moves are banned\n|rule|Gravity Sleep Clause: The combination of sleep-inducing moves with imperfect accuracy and Gravity or Gigantamax Orbeetle are banned\n|rule|Endless Battle Clause: Forcing endless battles is banned\n|rule|HP Percentage Mod: HP is shown in percentages\n|clearpoke\n|poke|p1|Sinistcha-Masterpiece|\n|poke|p1|Gallade, M|\n|poke|p1|Heatran, M|\n|poke|p1|Ogerpon-Wellspring, F|\n|poke|p1|Indeedee-F, F|\n|poke|p1|Kingambit, M|\n|poke|p2|Ogerpon-Wellspring, F|\n|poke|p2|Thundurus-Therian, M|\n|poke|p2|Sinistcha|\n|poke|p2|Raichu, F|\n|poke|p2|Pincurchin, M|\n|poke|p2|Golem-Alola, M|\n|teampreview\n|\n|t:|1698712548\n|start\n|switch|p1a: Geeb|Indeedee-F, F|100\/100\n|switch|p1b: Goliath|Kingambit, M, shiny|100\/100\n|switch|p2a: Golem|Golem-Alola, M|100\/100\n|switch|p2b: Raichu|Raichu, F|100\/100\n|turn|1\n|\n|t:|1698712560\n|move|p2b: Raichu|Protect|p2b: Raichu\n|-singleturn|p2b: Raichu|Protect\n|move|p1a: Geeb|Follow Me|p1a: Geeb\n|-singleturn|p1a: Geeb|move: Follow Me\n|move|p1b: Goliath|Swords Dance|p1b: Goliath\n|-boost|p1b: Goliath|atk|2\n|move|p2a: Golem|Explosion|p1b: Goliath|[spread] p1a,p1b\n|-activate|p2b: Raichu|move: Protect\n|-damage|p1a: Geeb|0 fnt\n|-enditem|p1b: Goliath|Focus Sash\n|-damage|p1b: Goliath|1\/100\n|faint|p2a: Golem\n|faint|p1a: Geeb\n|\n|upkeep\n|\n|t:|1698712575\n|switch|p1a: Monster|Sinistcha-Masterpiece|100\/100\n|switch|p2a: Thundurus|Thundurus-Therian, M, shiny|100\/100\n|-heal|p1b: Goliath|26\/100|[from] ability: Hospitality|[of] p1a: Monster\n|turn|2\n|\n|t:|1698712594\n|-terastallize|p2b: Raichu|Ice\n|move|p1b: Goliath|Sucker Punch|p2a: Thundurus\n|-damage|p2a: Thundurus|0 fnt\n|faint|p2a: Thundurus\n|move|p2b: Raichu|Tera Blast|p1a: Monster|[anim] Tera Blast Ice\n|-supereffective|p1a: Monster\n|-damage|p1a: Monster|17\/100\n|move|p1a: Monster|Matcha Gotcha|p2b: Raichu|[miss]\n|-miss|p1a: Monster|p2b: Raichu\n|\n|upkeep\n|\n|t:|1698712605\n|switch|p2a: Ogerpon|Ogerpon-Wellspring, F|100\/100\n|turn|3\n|\n|t:|1698712623\n|move|p2a: Ogerpon|Ivy Cudgel|p1b: Goliath\n|-damage|p1b: Goliath|0 fnt\n|faint|p1b: Goliath\n|-end|p1b: Goliath|fallenundefined|[silent]\n|move|p2b: Raichu|Tera Blast|p1a: Monster|[anim] Tera Blast Ice\n|-supereffective|p1a: Monster\n|-damage|p1a: Monster|0 fnt\n|faint|p1a: Monster\n|\n|upkeep\n|\n|t:|1698712631\n|switch|p1a: E-Gone|Ogerpon-Wellspring, F|100\/100\n|switch|p1b: Core|Heatran, M|100\/100\n|-item|p1b: Core|Air Balloon\n|turn|4\n|\n|t:|1698712658\n|move|p1a: E-Gone|Follow Me|p1a: E-Gone\n|-singleturn|p1a: E-Gone|move: Follow Me\n|move|p2a: Ogerpon|Ivy Cudgel|p1a: E-Gone\n|-immune|p1a: E-Gone|[from] ability: Water Absorb\n|move|p2b: Raichu|Tera Blast|p1a: E-Gone|[anim] Tera Blast Ice\n|-damage|p1a: E-Gone|64\/100\n|move|p1b: Core|Magma Storm|p2b: Raichu\n|-supereffective|p2b: Raichu\n|-damage|p2b: Raichu|0 fnt\n|faint|p2b: Raichu\n|\n|upkeep\n|\n|t:|1698712665\n|switch|p2b: Pincurchin|Pincurchin, M|100\/100\n|turn|5\n|\n|t:|1698712677\n|move|p1a: E-Gone|Horn Leech|p2a: Ogerpon\n|-damage|p2a: Ogerpon|41\/100\n|-heal|p1a: E-Gone|93\/100|[from] drain|[of] p2a: Ogerpon\n|move|p2a: Ogerpon|Wood Hammer|p1a: E-Gone\n|-damage|p1a: E-Gone|0 fnt\n|faint|p1a: E-Gone\n|-damage|p2a: Ogerpon|11\/100|[from] Recoil\n|move|p1b: Core|Magma Storm|p2a: Ogerpon\n|-damage|p2a: Ogerpon|0 fnt\n|faint|p2a: Ogerpon\n|move|p2b: Pincurchin|Tera Blast|p1b: Core\n|-resisted|p1b: Core\n|-damage|p1b: Core|87\/100\n|-enditem|p1b: Core|Air Balloon\n|-damage|p2b: Pincurchin|90\/100|[from] item: Life Orb\n|\n|upkeep\n|-message|pignitewaggy forfeited.\n|\n|win|Kuzwa\n|raw|Kuzwa's rating: 1141 &rarr; <strong>1170<\/strong><br \/>(+29 for winning)\n|raw|pignitewaggy's rating: 1203 &rarr; <strong>1174<\/strong><br \/>(-29 for losing)\n|l|\u2606pignitewaggy\n","uploadtime":1698712688,"views":18,"p1id":"kuzwa","p2id":"pignitewaggy","formatid":"gen9doublesou","rating":1170,"private":0,"password":""}