{"id":"gen9doublesou-1979423376","p1":"Floxi","p2":"Prorookie101","format":"[Gen 9] Doubles OU","log":"|j|\u2606Floxi\n|j|\u2606Prorookie101\n|t:|1698681493\n|gametype|doubles\n|player|p1|Floxi|170|1038\n|player|p2|Prorookie101|drayden|1063\n|teamsize|p1|6\n|teamsize|p2|6\n|gen|9\n|tier|[Gen 9] Doubles OU\n|rated|\n|rule|Species Clause: Limit one of each Pok\u00e9mon\n|rule|OHKO Clause: OHKO moves are banned\n|rule|Evasion Moves Clause: Evasion moves are banned\n|rule|Gravity Sleep Clause: The combination of sleep-inducing moves with imperfect accuracy and Gravity or Gigantamax Orbeetle are banned\n|rule|Endless Battle Clause: Forcing endless battles is banned\n|rule|HP Percentage Mod: HP is shown in percentages\n|clearpoke\n|poke|p1|Maushold-Four|\n|poke|p1|Torkoal, M|\n|poke|p1|Skeledirge, M|\n|poke|p1|Lycanroc-Dusk, M|\n|poke|p1|Munkidori, M|\n|poke|p1|Volcanion|\n|poke|p2|Kommo-o, M|\n|poke|p2|Ceruledge, M|\n|poke|p2|Amoonguss, F|\n|poke|p2|Flutter Mane|\n|poke|p2|Glimmora, F|\n|poke|p2|Clefairy, M|\n|teampreview\n|\n|t:|1698681510\n|start\n|switch|p1a: Torkoal|Torkoal, M|100\/100\n|switch|p1b: Volcanion|Volcanion|100\/100\n|switch|p2a: Glimmora|Glimmora, F|100\/100\n|switch|p2b: Ceruledge|Ceruledge, M|100\/100\n|-item|p1b: Volcanion|Air Balloon\n|-weather|SunnyDay|[from] ability: Drought|[of] p1a: Torkoal\n|turn|1\n|\n|t:|1698681543\n|move|p2a: Glimmora|Stealth Rock|p1b: Volcanion\n|-sidestart|p1: Floxi|move: Stealth Rock\n|move|p2b: Ceruledge|Swords Dance|p2b: Ceruledge\n|-boost|p2b: Ceruledge|atk|2\n|move|p1b: Volcanion|Will-O-Wisp|p2a: Glimmora\n|-status|p2a: Glimmora|brn\n|move|p1a: Torkoal|Earthquake|p2a: Glimmora|[spread] p2a,p2b\n|-immune|p1b: Volcanion\n|-supereffective|p2a: Glimmora\n|-supereffective|p2b: Ceruledge\n|-damage|p2a: Glimmora|42\/100 brn\n|-damage|p2b: Ceruledge|53\/100\n|-activate|p2a: Glimmora|ability: Toxic Debris\n|-sidestart|p1: Floxi|move: Toxic Spikes\n|-ability|p2b: Ceruledge|Weak Armor|boost\n|-unboost|p2b: Ceruledge|def|1\n|-boost|p2b: Ceruledge|spe|2\n|\n|-weather|SunnyDay|[upkeep]\n|-damage|p2a: Glimmora|36\/100 brn|[from] brn\n|upkeep\n|turn|2\n|\n|t:|1698681580\n|move|p2b: Ceruledge|Shadow Claw|p1a: Torkoal\n|-damage|p1a: Torkoal|59\/100\n|move|p2a: Glimmora|Spikes|p1a: Torkoal\n|-sidestart|p1: Floxi|Spikes\n|move|p1b: Volcanion|Liquidation|p2b: Ceruledge\n|-supereffective|p2b: Ceruledge\n|-damage|p2b: Ceruledge|0 fnt\n|faint|p2b: Ceruledge\n|move|p1a: Torkoal|Gyro Ball|p2a: Glimmora\n|-supereffective|p2a: Glimmora\n|-damage|p2a: Glimmora|0 fnt\n|-damage|p1a: Torkoal|43\/100|[from] item: Rocky Helmet|[of] p2a: Glimmora\n|-activate|p2a: Glimmora|ability: Toxic Debris\n|-sidestart|p1: Floxi|move: Toxic Spikes\n|faint|p2a: Glimmora\n|\n|-weather|SunnyDay|[upkeep]\n|upkeep\n|\n|t:|1698681599\n|switch|p2a: Kommo-o|Kommo-o, M|100\/100\n|switch|p2b: Flutter Mane|Flutter Mane|100\/100\n|-activate|p2b: Flutter Mane|ability: Protosynthesis\n|-start|p2b: Flutter Mane|protosynthesisspe\n|turn|3\n|\n|t:|1698681624\n|move|p2b: Flutter Mane|Fake Tears|p1b: Volcanion\n|-unboost|p1b: Volcanion|spd|2\n|move|p2a: Kommo-o|Clangorous Soul|p2a: Kommo-o\n|-boost|p2a: Kommo-o|atk|1\n|-boost|p2a: Kommo-o|def|1\n|-boost|p2a: Kommo-o|spa|1\n|-boost|p2a: Kommo-o|spd|1\n|-boost|p2a: Kommo-o|spe|1\n|-damage|p2a: Kommo-o|68\/100\n|-enditem|p2a: Kommo-o|Throat Spray\n|-boost|p2a: Kommo-o|spa|1|[from] item: Throat Spray\n|move|p1b: Volcanion|Will-O-Wisp|p2a: Kommo-o\n|-status|p2a: Kommo-o|brn\n|move|p1a: Torkoal|Earthquake|p2a: Kommo-o|[spread] p2a,p2b\n|-immune|p1b: Volcanion\n|-damage|p2a: Kommo-o|58\/100 brn\n|-damage|p2b: Flutter Mane|67\/100\n|\n|-weather|SunnyDay|[upkeep]\n|-damage|p2a: Kommo-o|52\/100 brn|[from] brn\n|upkeep\n|turn|4\n|\n|t:|1698681654\n|move|p2b: Flutter Mane|Dazzling Gleam|p1b: Volcanion|[spread] p1a,p1b\n|-resisted|p1a: Torkoal\n|-resisted|p1b: Volcanion\n|-damage|p1a: Torkoal|22\/100\n|-damage|p1b: Volcanion|78\/100\n|-enditem|p1b: Volcanion|Air Balloon\n|move|p2a: Kommo-o|Clanging Scales|p1b: Volcanion|[spread] p1a,p1b\n|-damage|p1a: Torkoal|0 fnt\n|-damage|p1b: Volcanion|0 fnt\n|faint|p1a: Torkoal\n|faint|p1b: Volcanion\n|-unboost|p2a: Kommo-o|def|1\n|\n|-weather|SunnyDay|[upkeep]\n|-damage|p2a: Kommo-o|46\/100 brn|[from] brn\n|upkeep\n|\n|t:|1698681668\n|switch|p1b: Maushold|Maushold-Four|100\/100\n|switch|p1a: Skeledirge|Skeledirge, M|100\/100\n|-damage|p1b: Maushold|88\/100|[from] Stealth Rock\n|-status|p1b: Maushold|tox\n|-damage|p1b: Maushold|76\/100 tox|[from] Spikes\n|-damage|p1a: Skeledirge|76\/100|[from] Stealth Rock\n|-status|p1a: Skeledirge|tox\n|-damage|p1a: Skeledirge|63\/100 tox|[from] Spikes\n|turn|5\n|\n|t:|1698681685\n|-terastallize|p2b: Flutter Mane|Fairy\n|move|p1b: Maushold|Follow Me|p1b: Maushold\n|-singleturn|p1b: Maushold|move: Follow Me\n|move|p2b: Flutter Mane|Dazzling Gleam|p1a: Skeledirge|[spread] p1a,p1b\n|-resisted|p1a: Skeledirge\n|-damage|p1a: Skeledirge|45\/100 tox\n|-damage|p1b: Maushold|17\/100 tox\n|move|p2a: Kommo-o|Clanging Scales|p1b: Maushold|[spread] p1a,p1b\n|-damage|p1a: Skeledirge|16\/100 tox\n|-damage|p1b: Maushold|0 fnt\n|faint|p1b: Maushold\n|-unboost|p2a: Kommo-o|def|1\n|move|p1a: Skeledirge|Fire Blast|p2a: Kommo-o\n|-resisted|p2a: Kommo-o\n|-damage|p2a: Kommo-o|0 fnt\n|faint|p2a: Kommo-o\n|\n|-weather|SunnyDay|[upkeep]\n|-damage|p1a: Skeledirge|10\/100 tox|[from] psn\n|upkeep\n|\n|t:|1698681704\n|switch|p1b: Lycanroc|Lycanroc-Dusk, M, shiny|100\/100\n|switch|p2a: Amoonguss|Amoonguss, F|100\/100\n|-damage|p1b: Lycanroc|88\/100|[from] Stealth Rock\n|-status|p1b: Lycanroc|tox\n|-damage|p1b: Lycanroc|76\/100 tox|[from] Spikes\n|turn|6\n|\n|t:|1698681760\n|move|p2b: Flutter Mane|Dazzling Gleam|p1b: Lycanroc|[spread] p1a,p1b\n|-resisted|p1a: Skeledirge\n|-damage|p1a: Skeledirge|0 fnt\n|-damage|p1b: Lycanroc|9\/100 tox\n|faint|p1a: Skeledirge\n|move|p1b: Lycanroc|Stone Edge|p2b: Flutter Mane\n|-damage|p2b: Flutter Mane|0 fnt\n|faint|p2b: Flutter Mane\n|-end|p2b: Flutter Mane|Protosynthesis|[silent]\n|move|p2a: Amoonguss|Pollen Puff|p2: Flutter Mane|[notarget]\n|-fail|p2a: Amoonguss\n|\n|-weather|SunnyDay|[upkeep]\n|-damage|p1b: Lycanroc|3\/100 tox|[from] psn\n|upkeep\n|\n|t:|1698681772\n|switch|p2b: Clefairy|Clefairy, M|100\/100\n|switch|p1a: Munkidori|Munkidori, M|100\/100\n|-damage|p1a: Munkidori|88\/100|[from] Stealth Rock\n|-sideend|p1: Floxi|move: Toxic Spikes|[of] p1a: Munkidori\n|-damage|p1a: Munkidori|76\/100|[from] Spikes\n|turn|7\n|\n|t:|1698681808\n|move|p2b: Clefairy|Follow Me|p2b: Clefairy\n|-singleturn|p2b: Clefairy|move: Follow Me\n|move|p1b: Lycanroc|Close Combat|p2b: Clefairy\n|-resisted|p2b: Clefairy\n|-damage|p2b: Clefairy|62\/100\n|-unboost|p1b: Lycanroc|def|1\n|-unboost|p1b: Lycanroc|spd|1\n|move|p1a: Munkidori|Sludge Bomb|p2b: Clefairy\n|-supereffective|p2b: Clefairy\n|-damage|p2b: Clefairy|0 fnt\n|faint|p2b: Clefairy\n|move|p2a: Amoonguss|Spore|p1a: Munkidori\n|-status|p1a: Munkidori|slp|[from] move: Spore\n|\n|-weather|SunnyDay|[upkeep]\n|-damage|p1b: Lycanroc|0 fnt|[from] psn\n|faint|p1b: Lycanroc\n|upkeep\n|turn|8\n|\n|t:|1698681824\n|-terastallize|p1a: Munkidori|Poison\n|cant|p1a: Munkidori|slp\n|move|p2a: Amoonguss|Hex|p1a: Munkidori\n|-damage|p1a: Munkidori|29\/100 slp\n|\n|-weather|none\n|upkeep\n|turn|9\n|\n|t:|1698681832\n|cant|p1a: Munkidori|slp\n|move|p2a: Amoonguss|Hex|p1a: Munkidori\n|-damage|p1a: Munkidori|0 fnt\n|faint|p1a: Munkidori\n|\n|win|Prorookie101\n|raw|Floxi's rating: 1038 &rarr; <strong>1023<\/strong><br \/>(-15 for losing)\n|raw|Prorookie101's rating: 1063 &rarr; <strong>1091<\/strong><br \/>(+28 for winning)\n|l|\u2606Floxi\n","uploadtime":1698681844,"views":20,"p1id":"floxi","p2id":"prorookie101","formatid":"gen9doublesou","rating":1023,"private":0,"password":""}