{"id":"gen9doublesou-1979288593","p1":"Use Guard Specs","p2":"cobaya fighter","format":"[Gen 9] Doubles OU","log":"|j|\u2606Use Guard Specs\n|j|\u2606cobaya fighter\n|inactive|Battle timer is ON: inactive players will automatically lose when time's up.\n|t:|1698666876\n|gametype|doubles\n|player|p1|Use Guard Specs|scientist-gen4dp|\n|player|p2|cobaya fighter|2|\n|teamsize|p1|6\n|teamsize|p2|6\n|gen|9\n|tier|[Gen 9] Doubles OU\n|rated|Tournament battle\n|rule|Species Clause: Limit one of each Pok\u00e9mon\n|rule|OHKO Clause: OHKO moves are banned\n|rule|Evasion Moves Clause: Evasion moves are banned\n|rule|Gravity Sleep Clause: The combination of sleep-inducing moves with imperfect accuracy and Gravity or Gigantamax Orbeetle are banned\n|rule|Endless Battle Clause: Forcing endless battles is banned\n|rule|HP Percentage Mod: HP is shown in percentages\n|clearpoke\n|poke|p1|Voltorb-Hisui|\n|poke|p1|Clauncher, F|\n|poke|p1|Milotic, F|\n|poke|p1|Diglett-Alola, M|\n|poke|p1|Crabrawler, F|\n|poke|p1|Deino, F|\n|poke|p2|Flabe\u0301be\u0301, F|\n|poke|p2|Chandelure, F|\n|poke|p2|Mudbray, F|\n|poke|p2|Silicobra, M|\n|poke|p2|Crocalor, F|\n|poke|p2|Buizel, F|\n|teampreview\n|j|*Lady Monita \u263d\n|\n|t:|1698666888\n|start\n|switch|p1a: Diglett|Diglett-Alola, M|100\/100\n|switch|p1b: Voltorb|Voltorb-Hisui|100\/100\n|switch|p2a: Flabe\u0301be\u0301|Flabe\u0301be\u0301, F|100\/100\n|switch|p2b: Crocalor|Crocalor, F|100\/100\n|turn|1\n|\n|t:|1698666903\n|move|p1a: Diglett|Stealth Rock|p2b: Crocalor\n|-sidestart|p2: cobaya fighter|move: Stealth Rock\n|move|p1b: Voltorb|Leech Seed|p2b: Crocalor\n|-start|p2b: Crocalor|move: Leech Seed\n|move|p2b: Crocalor|Heat Wave|p1a: Diglett|[spread] p1a,p1b\n|-supereffective|p1a: Diglett\n|-supereffective|p1b: Voltorb\n|-enditem|p1a: Diglett|Focus Sash\n|-damage|p1a: Diglett|1\/100\n|-damage|p1b: Voltorb|60\/100\n|-status|p1b: Voltorb|brn\n|move|p2a: Flabe\u0301be\u0301|Sunny Day|p2a: Flabe\u0301be\u0301\n|-weather|SunnyDay\n|\n|-weather|SunnyDay|[upkeep]\n|-damage|p2b: Crocalor|88\/100|[from] Leech Seed|[of] p1b: Voltorb\n|-heal|p1b: Voltorb|76\/100 brn|[silent]\n|-damage|p1b: Voltorb|70\/100 brn|[from] brn\n|upkeep\n|turn|2\n|\n|t:|1698666932\n|move|p2a: Flabe\u0301be\u0301|Helping Hand|p2b: Crocalor\n|-singleturn|p2b: Crocalor|Helping Hand|[of] p2a: Flabe\u0301be\u0301\n|move|p1a: Diglett|Rock Slide|p2a: Flabe\u0301be\u0301|[spread] p2a\n|-miss|p1a: Diglett|p2b: Crocalor\n|-crit|p2a: Flabe\u0301be\u0301\n|-damage|p2a: Flabe\u0301be\u0301|59\/100\n|move|p1b: Voltorb|Leech Seed|p2a: Flabe\u0301be\u0301\n|-start|p2a: Flabe\u0301be\u0301|move: Leech Seed\n|move|p2b: Crocalor|Heat Wave|p1a: Diglett|[spread] p1a\n|-miss|p2b: Crocalor|p1b: Voltorb\n|-supereffective|p1a: Diglett\n|-damage|p1a: Diglett|0 fnt\n|faint|p1a: Diglett\n|\n|-weather|SunnyDay|[upkeep]\n|-damage|p2b: Crocalor|76\/100|[from] Leech Seed|[of] p1b: Voltorb\n|-heal|p1b: Voltorb|86\/100 brn|[silent]\n|-damage|p2a: Flabe\u0301be\u0301|47\/100|[from] Leech Seed|[of] p1b: Voltorb\n|-heal|p1b: Voltorb|99\/100 brn|[silent]\n|-damage|p1b: Voltorb|93\/100 brn|[from] brn\n|upkeep\n|inactive|Use Guard Specs has 120 seconds left.\n|\n|t:|1698666953\n|switch|p1a: Clauncher|Clauncher, F|100\/100\n|turn|3\n|inactive|cobaya fighter has 120 seconds left.\n|\n|t:|1698666990\n|move|p2a: Flabe\u0301be\u0301|Helping Hand|p2b: Crocalor\n|-singleturn|p2b: Crocalor|Helping Hand|[of] p2a: Flabe\u0301be\u0301\n|move|p1b: Voltorb|Thunderbolt|p2b: Crocalor\n|-damage|p2b: Crocalor|57\/100\n|move|p2b: Crocalor|Heat Wave|p1b: Voltorb|[spread] p1a,p1b\n|-resisted|p1a: Clauncher\n|-supereffective|p1b: Voltorb\n|-damage|p1a: Clauncher|74\/100\n|-damage|p1b: Voltorb|8\/100 brn\n|move|p1a: Clauncher|Dark Pulse|p2b: Crocalor\n|-damage|p2b: Crocalor|32\/100\n|\n|-weather|SunnyDay|[upkeep]\n|-damage|p2b: Crocalor|20\/100|[from] Leech Seed|[of] p1b: Voltorb\n|-heal|p1b: Voltorb|23\/100 brn|[silent]\n|-damage|p2a: Flabe\u0301be\u0301|34\/100|[from] Leech Seed|[of] p1b: Voltorb\n|-heal|p1b: Voltorb|36\/100 brn|[silent]\n|-damage|p1b: Voltorb|30\/100 brn|[from] brn\n|upkeep\n|turn|4\n|\n|t:|1698667018\n|move|p1b: Voltorb|Thunderbolt|p2b: Crocalor\n|-damage|p2b: Crocalor|1\/100\n|move|p2b: Crocalor|Heat Wave|p1b: Voltorb|[spread] p1a,p1b\n|-resisted|p1a: Clauncher\n|-supereffective|p1b: Voltorb\n|-damage|p1a: Clauncher|55\/100\n|-damage|p1b: Voltorb|0 fnt\n|faint|p1b: Voltorb\n|move|p1a: Clauncher|Dark Pulse|p2b: Crocalor\n|-damage|p2b: Crocalor|0 fnt\n|faint|p2b: Crocalor\n|move|p2a: Flabe\u0301be\u0301|Dazzling Gleam|p1a: Clauncher\n|-damage|p1a: Clauncher|34\/100\n|\n|-weather|SunnyDay|[upkeep]\n|upkeep\n|\n|t:|1698667041\n|switch|p1b: Crabrawler|Crabrawler, F|100\/100\n|switch|p2b: Chandelure|Chandelure, F|100\/100\n|-damage|p2b: Chandelure|76\/100|[from] Stealth Rock\n|turn|5\n|\n|t:|1698667052\n|-terastallize|p2b: Chandelure|Fire\n|move|p2a: Flabe\u0301be\u0301|Helping Hand|p2b: Chandelure\n|-singleturn|p2b: Chandelure|Helping Hand|[of] p2a: Flabe\u0301be\u0301\n|move|p1b: Crabrawler|Protect|p1b: Crabrawler\n|-singleturn|p1b: Crabrawler|Protect\n|move|p2b: Chandelure|Heat Wave|p1a: Clauncher|[spread] p1a\n|-activate|p1b: Crabrawler|move: Protect\n|-resisted|p1a: Clauncher\n|-damage|p1a: Clauncher|0 fnt\n|faint|p1a: Clauncher\n|\n|-weather|none\n|-damage|p2a: Flabe\u0301be\u0301|22\/100|[from] Leech Seed|[of] p1b: Crabrawler\n|upkeep\n|\n|t:|1698667061\n|switch|p1a: Milotic|Milotic, F|100\/100\n|turn|6\n|\n|t:|1698667071\n|-terastallize|p1a: Milotic|Dragon\n|move|p2a: Flabe\u0301be\u0301|Helping Hand|p2b: Chandelure\n|-singleturn|p2b: Chandelure|Helping Hand|[of] p2a: Flabe\u0301be\u0301\n|move|p2b: Chandelure|Energy Ball|p1a: Milotic\n|-resisted|p1a: Milotic\n|-damage|p1a: Milotic|82\/100\n|move|p1a: Milotic|Scald|p2b: Chandelure\n|-supereffective|p2b: Chandelure\n|-damage|p2b: Chandelure|0 fnt\n|faint|p2b: Chandelure\n|move|p1b: Crabrawler|Thunder Punch|p2a: Flabe\u0301be\u0301\n|-damage|p2a: Flabe\u0301be\u0301|0 fnt\n|faint|p2a: Flabe\u0301be\u0301\n|\n|-heal|p1a: Milotic|89\/100|[from] item: Leftovers\n|upkeep\n|\n|t:|1698667086\n|switch|p2b: Buizel|Buizel, F, shiny|100\/100\n|switch|p2a: Silicobra|Silicobra, M|100\/100\n|-damage|p2b: Buizel|88\/100|[from] Stealth Rock\n|-damage|p2a: Silicobra|94\/100|[from] Stealth Rock\n|turn|7\n|\n|t:|1698667103\n|move|p2b: Buizel|Ice Spinner|p1a: Milotic\n|-supereffective|p1a: Milotic\n|-damage|p1a: Milotic|25\/100\n|move|p1a: Milotic|Scald|p2a: Silicobra\n|-supereffective|p2a: Silicobra\n|-damage|p2a: Silicobra|3\/100\n|-status|p2a: Silicobra|brn\n|move|p1b: Crabrawler|Thunder Punch|p2b: Buizel\n|-supereffective|p2b: Buizel\n|-damage|p2b: Buizel|0 fnt\n|faint|p2b: Buizel\n|move|p2a: Silicobra|Glare|p1a: Milotic\n|-status|p1a: Milotic|par\n|\n|-heal|p1a: Milotic|31\/100 par|[from] item: Leftovers\n|-damage|p2a: Silicobra|0 fnt|[from] brn\n|faint|p2a: Silicobra\n|upkeep\n|\n|t:|1698667115\n|switch|p2b: Mudbray|Mudbray, F|100\/100\n|-damage|p2b: Mudbray|94\/100|[from] Stealth Rock\n|turn|8\n|\n|t:|1698667124\n|move|p1b: Crabrawler|Bulk Up|p1b: Crabrawler\n|-boost|p1b: Crabrawler|atk|1\n|-boost|p1b: Crabrawler|def|1\n|move|p2b: Mudbray|Earthquake|p1b: Crabrawler|[spread] p1a,p1b\n|-damage|p1a: Milotic|0 fnt\n|-damage|p1b: Crabrawler|70\/100\n|faint|p1a: Milotic\n|\n|upkeep\n|\n|t:|1698667132\n|switch|p1a: Deino|Deino, F|100\/100\n|turn|9\n|\n|t:|1698667139\n|move|p1b: Crabrawler|Bulk Up|p1b: Crabrawler\n|-boost|p1b: Crabrawler|atk|1\n|-boost|p1b: Crabrawler|def|1\n|move|p2b: Mudbray|Close Combat|p1a: Deino\n|-supereffective|p1a: Deino\n|-damage|p1a: Deino|0 fnt\n|-unboost|p2b: Mudbray|def|1\n|-unboost|p2b: Mudbray|spd|1\n|faint|p1a: Deino\n|\n|upkeep\n|turn|10\n|\n|t:|1698667151\n|move|p1b: Crabrawler|Drain Punch|p2b: Mudbray\n|-crit|p2b: Mudbray\n|-damage|p2b: Mudbray|0 fnt\n|-heal|p1b: Crabrawler|100\/100|[from] drain|[of] p2b: Mudbray\n|faint|p2b: Mudbray\n|\n|win|Use Guard Specs\n|n|\u2606Use Guard Specs|useguardspecs\n|n|\u2606cobaya fighter|cobayafighter\n|n|*Lady Monita \u263d|ladymonita\n","uploadtime":1698667152,"views":27,"p1id":"useguardspecs","p2id":"cobayafighter","formatid":"gen9doublesou","rating":0,"private":0,"password":""}