{"id":"gen9doublesou-1986706468","p1":"Mait27","p2":"lvBreakfast","format":"[Gen 9] Doubles OU","log":"|j|\u2606Mait27\n|j|\u2606lvBreakfast\n|t:|1699511234\n|gametype|doubles\n|player|p1|Mait27|burglar|1479\n|player|p2|lvBreakfast|sabi|1384\n|teamsize|p1|6\n|teamsize|p2|6\n|gen|9\n|tier|[Gen 9] Doubles OU\n|rated|\n|rule|Species Clause: Limit one of each Pok\u00e9mon\n|rule|OHKO Clause: OHKO moves are banned\n|rule|Evasion Moves Clause: Evasion moves are banned\n|rule|Gravity Sleep Clause: The combination of sleep-inducing moves with imperfect accuracy and Gravity or Gigantamax Orbeetle are banned\n|rule|Endless Battle Clause: Forcing endless battles is banned\n|rule|HP Percentage Mod: HP is shown in percentages\n|clearpoke\n|poke|p1|Baxcalibur, F|\n|poke|p1|Torkoal, M|\n|poke|p1|Walking Wake|\n|poke|p1|Gholdengo|\n|poke|p1|Amoonguss, F|\n|poke|p1|Rillaboom, F|\n|poke|p2|Oricorio-Pom-Pom, F|\n|poke|p2|Kommo-o, M|\n|poke|p2|Meowscarada, F|\n|poke|p2|Espeon, M|\n|poke|p2|Klefki, F|\n|poke|p2|Florges-Yellow, F|\n|teampreview\n|inactive|Battle timer is ON: inactive players will automatically lose when time's up. (requested by lvBreakfast)\n|inactive|lvBreakfast has 120 seconds left.\n|\n|t:|1699511267\n|start\n|switch|p1a: Rillaboom|Rillaboom, F|100\/100\n|switch|p1b: Walking Wake|Walking Wake|100\/100\n|switch|p2a: Kommo-o|Kommo-o, M, shiny|100\/100\n|switch|p2b: Oricorio|Oricorio-Pom-Pom, F|100\/100\n|-fieldstart|move: Grassy Terrain|[from] ability: Grassy Surge|[of] p1a: Rillaboom\n|turn|1\n|inactive|Mait27 has 120 seconds left.\n|\n|t:|1699511311\n|-terastallize|p1b: Walking Wake|Fairy\n|move|p2a: Kommo-o|Protect|p2a: Kommo-o\n|-singleturn|p2a: Kommo-o|Protect\n|move|p1a: Rillaboom|Fake Out|p2b: Oricorio\n|-crit|p2b: Oricorio\n|-damage|p2b: Oricorio|74\/100\n|move|p1b: Walking Wake|Tera Blast|p2a: Kommo-o|[anim] Tera Blast Fairy\n|-activate|p2a: Kommo-o|move: Protect\n|cant|p2b: Oricorio|flinch\n|\n|upkeep\n|turn|2\n|inactive|Mait27 has 120 seconds left.\n|\n|t:|1699511332\n|-terastallize|p2a: Kommo-o|Steel\n|move|p1b: Walking Wake|Tera Blast|p2b: Oricorio|[anim] Tera Blast Fairy\n|-damage|p2b: Oricorio|1\/100\n|-enditem|p2b: Oricorio|Iapapa Berry|[eat]\n|-heal|p2b: Oricorio|34\/100|[from] item: Iapapa Berry\n|move|p2a: Kommo-o|Clangorous Soul|p2a: Kommo-o\n|-boost|p2a: Kommo-o|atk|1\n|-boost|p2a: Kommo-o|def|1\n|-boost|p2a: Kommo-o|spa|1\n|-boost|p2a: Kommo-o|spd|1\n|-boost|p2a: Kommo-o|spe|1\n|-damage|p2a: Kommo-o|68\/100\n|-activate|p2b: Oricorio|ability: Dancer\n|move|p2b: Oricorio|Clangorous Soul|p2b: Oricorio|[from]ability: Dancer\n|-boost|p2b: Oricorio|atk|1\n|-boost|p2b: Oricorio|def|1\n|-boost|p2b: Oricorio|spa|1\n|-boost|p2b: Oricorio|spd|1\n|-boost|p2b: Oricorio|spe|1\n|-damage|p2b: Oricorio|1\/100\n|move|p2b: Oricorio|Feather Dance|p1a: Rillaboom\n|-unboost|p1a: Rillaboom|atk|2\n|move|p1a: Rillaboom|U-turn|p2a: Kommo-o\n|-resisted|p2a: Kommo-o\n|-damage|p2a: Kommo-o|64\/100\n|inactive|Mait27 has 120 seconds left.\n|inactive|Mait27 has 90 seconds left.\n|\n|t:|1699511378\n|switch|p1a: Amoonguss|Amoonguss, F|100\/100|[from] U-turn\n|\n|-heal|p2a: Kommo-o|70\/100|[from] Grassy Terrain\n|upkeep\n|turn|3\n|inactive|Mait27 has 90 seconds left.\n|\n|t:|1699511396\n|-end|p1b: Walking Wake|Protosynthesis|[silent]\n|switch|p1b: Torkoal|Torkoal, M|100\/100\n|-weather|SunnyDay|[from] ability: Drought|[of] p1b: Torkoal\n|move|p1a: Amoonguss|Rage Powder|p1a: Amoonguss\n|-singleturn|p1a: Amoonguss|move: Rage Powder\n|move|p2a: Kommo-o|Iron Head|p1b: Torkoal\n|-resisted|p1b: Torkoal\n|-damage|p1b: Torkoal|87\/100\n|move|p2b: Oricorio|Baton Pass|p2b: Oricorio\n|\n|t:|1699511407\n|switch|p2b: Klefki|Klefki, F, shiny|100\/100|[from] Baton Pass\n|\n|-weather|SunnyDay|[upkeep]\n|-heal|p2a: Kommo-o|76\/100|[from] Grassy Terrain\n|-heal|p1b: Torkoal|94\/100|[from] Grassy Terrain\n|upkeep\n|turn|4\n|\n|t:|1699511419\n|move|p2b: Klefki|Calm Mind|p2b: Klefki\n|-boost|p2b: Klefki|spa|1\n|-boost|p2b: Klefki|spd|1\n|move|p2a: Kommo-o|Drain Punch|p1b: Torkoal\n|-damage|p1b: Torkoal|69\/100\n|-heal|p2a: Kommo-o|90\/100|[from] drain|[of] p1b: Torkoal\n|move|p1a: Amoonguss|Spore|p2b: Klefki\n|-status|p2b: Klefki|slp|[from] move: Spore\n|move|p1b: Torkoal|Lava Plume|p2b: Klefki|[spread] p1a,p2a,p2b\n|-supereffective|p1a: Amoonguss\n|-supereffective|p2a: Kommo-o\n|-supereffective|p2b: Klefki\n|-damage|p1a: Amoonguss|67\/100\n|-damage|p2a: Kommo-o|60\/100\n|-damage|p2b: Klefki|68\/100 slp\n|-status|p2a: Kommo-o|brn\n|\n|-weather|SunnyDay|[upkeep]\n|-heal|p2a: Kommo-o|66\/100 brn|[from] Grassy Terrain\n|-heal|p2b: Klefki|74\/100 slp|[from] Grassy Terrain\n|-heal|p2b: Klefki|80\/100 slp|[from] item: Leftovers\n|-heal|p1a: Amoonguss|73\/100|[from] Grassy Terrain\n|-heal|p1b: Torkoal|75\/100|[from] Grassy Terrain\n|-damage|p2a: Kommo-o|60\/100 brn|[from] brn\n|upkeep\n|turn|5\n|inactive|Mait27 has 120 seconds left.\n|\n|t:|1699511456\n|switch|p1a: Baxcalibur|Baxcalibur, F|100\/100\n|switch|p1b: Walking Wake|Walking Wake, tera:Fairy|100\/100\n|-activate|p1b: Walking Wake|ability: Protosynthesis\n|-start|p1b: Walking Wake|protosynthesisspe\n|cant|p2b: Klefki|slp\n|move|p2a: Kommo-o|Drain Punch|p1b: Walking Wake\n|-resisted|p1b: Walking Wake\n|-damage|p1b: Walking Wake|90\/100\n|-heal|p2a: Kommo-o|66\/100 brn|[from] drain|[of] p1b: Walking Wake\n|\n|-weather|SunnyDay|[upkeep]\n|-heal|p1b: Walking Wake|96\/100|[from] Grassy Terrain\n|-heal|p2a: Kommo-o|72\/100 brn|[from] Grassy Terrain\n|-heal|p2b: Klefki|86\/100 slp|[from] Grassy Terrain\n|-heal|p2b: Klefki|92\/100 slp|[from] item: Leftovers\n|-damage|p2a: Kommo-o|66\/100 brn|[from] brn\n|-fieldend|move: Grassy Terrain\n|upkeep\n|turn|6\n|inactive|Mait27 has 120 seconds left.\n|\n|t:|1699511486\n|cant|p2b: Klefki|slp\n|move|p1b: Walking Wake|Flamethrower|p2b: Klefki\n|-supereffective|p2b: Klefki\n|-damage|p2b: Klefki|19\/100 slp\n|move|p2a: Kommo-o|Iron Head|p1b: Walking Wake\n|-supereffective|p1b: Walking Wake\n|-damage|p1b: Walking Wake|44\/100\n|move|p1a: Baxcalibur|Dragon Dance|p1a: Baxcalibur\n|-boost|p1a: Baxcalibur|atk|1\n|-boost|p1a: Baxcalibur|spe|1\n|\n|-weather|SunnyDay|[upkeep]\n|-heal|p2b: Klefki|25\/100 slp|[from] item: Leftovers\n|-damage|p2a: Kommo-o|60\/100 brn|[from] brn\n|upkeep\n|turn|7\n|inactive|Mait27 has 120 seconds left.\n|\n|t:|1699511508\n|cant|p2b: Klefki|slp\n|move|p1b: Walking Wake|Flamethrower|p2a: Kommo-o\n|-supereffective|p2a: Kommo-o\n|-damage|p2a: Kommo-o|0 fnt\n|faint|p2a: Kommo-o\n|move|p1a: Baxcalibur|Icicle Spear|p2b: Klefki\n|-resisted|p2b: Klefki\n|-crit|p2b: Klefki\n|-damage|p2b: Klefki|11\/100 slp\n|-resisted|p2b: Klefki\n|-damage|p2b: Klefki|5\/100 slp\n|-resisted|p2b: Klefki\n|-damage|p2b: Klefki|0 fnt\n|faint|p2b: Klefki\n|-hitcount|p2: Klefki|3\n|\n|-weather|SunnyDay|[upkeep]\n|upkeep\n|\n|t:|1699511519\n|switch|p2a: Florges|Florges-Yellow, F|100\/100\n|switch|p2b: Oricorio|Oricorio-Pom-Pom, F|1\/100\n|turn|8\n|inactive|Mait27 has 120 seconds left.\n|\n|t:|1699511539\n|move|p1b: Walking Wake|Flamethrower|p2b: Oricorio\n|-damage|p2b: Oricorio|0 fnt\n|faint|p2b: Oricorio\n|move|p1a: Baxcalibur|Icicle Spear|p2a: Florges\n|-damage|p2a: Florges|77\/100\n|-damage|p2a: Florges|53\/100\n|-damage|p2a: Florges|31\/100\n|-damage|p2a: Florges|9\/100\n|-enditem|p2a: Florges|Aguav Berry|[eat]\n|-heal|p2a: Florges|43\/100|[from] item: Aguav Berry\n|-hitcount|p2a: Florges|4\n|move|p2a: Florges|Dazzling Gleam|p1b: Walking Wake|[spread] p1a,p1b\n|-supereffective|p1a: Baxcalibur\n|-damage|p1a: Baxcalibur|47\/100\n|-damage|p1b: Walking Wake|15\/100\n|\n|-weather|SunnyDay|[upkeep]\n|upkeep\n|\n|t:|1699511559\n|switch|p2b: Espeon|Espeon, M, shiny|100\/100\n|turn|9\n|\n|t:|1699511564\n|-end|p1b: Walking Wake|Protosynthesis|[silent]\n|switch|p1b: Rillaboom|Rillaboom, F|100\/100\n|-fieldstart|move: Grassy Terrain|[from] ability: Grassy Surge|[of] p1b: Rillaboom\n|move|p1a: Baxcalibur|Protect|p1a: Baxcalibur\n|-singleturn|p1a: Baxcalibur|Protect\n|move|p2b: Espeon|Draining Kiss|p1a: Baxcalibur\n|-activate|p1a: Baxcalibur|move: Protect\n|move|p2a: Florges|Dazzling Gleam|p1b: Rillaboom|[spread] p1b\n|-activate|p1a: Baxcalibur|move: Protect\n|-damage|p1b: Rillaboom|79\/100\n|\n|-weather|SunnyDay|[upkeep]\n|-heal|p1a: Baxcalibur|53\/100|[from] Grassy Terrain\n|-heal|p1b: Rillaboom|86\/100|[from] Grassy Terrain\n|-heal|p2a: Florges|49\/100|[from] Grassy Terrain\n|upkeep\n|turn|10\n|\n|t:|1699511588\n|move|p1b: Rillaboom|Grassy Glide|p2a: Florges\n|-damage|p2a: Florges|2\/100\n|move|p1a: Baxcalibur|Icicle Spear|p2b: Espeon\n|-damage|p2b: Espeon|66\/100\n|-damage|p2b: Espeon|34\/100\n|-damage|p2b: Espeon|4\/100\n|-enditem|p2b: Espeon|Aguav Berry|[eat]\n|-heal|p2b: Espeon|37\/100|[from] item: Aguav Berry\n|-damage|p2b: Espeon|8\/100\n|-damage|p2b: Espeon|0 fnt\n|faint|p2b: Espeon\n|-hitcount|p2: Espeon|5\n|move|p2a: Florges|Dazzling Gleam|p1a: Baxcalibur|[spread] p1a,p1b\n|-supereffective|p1a: Baxcalibur\n|-damage|p1a: Baxcalibur|0 fnt\n|-damage|p1b: Rillaboom|66\/100\n|faint|p1a: Baxcalibur\n|\n|-weather|none\n|-heal|p1b: Rillaboom|72\/100|[from] Grassy Terrain\n|-heal|p2a: Florges|8\/100|[from] Grassy Terrain\n|upkeep\n|\n|t:|1699511612\n|switch|p2b: Meowscarada|Meowscarada, F, shiny|100\/100\n|switch|p1a: Torkoal|Torkoal, M|75\/100\n|-weather|SunnyDay|[from] ability: Drought|[of] p1a: Torkoal\n|turn|11\n|\n|t:|1699511623\n|move|p1b: Rillaboom|Grassy Glide|p2a: Florges\n|-damage|p2a: Florges|0 fnt\n|faint|p2a: Florges\n|move|p2b: Meowscarada|Knock Off|p1a: Torkoal\n|-damage|p1a: Torkoal|51\/100\n|-enditem|p1a: Torkoal|Heat Rock|[from] move: Knock Off|[of] p2b: Meowscarada\n|move|p1a: Torkoal|Yawn|p2b: Meowscarada\n|-start|p2b: Meowscarada|move: Yawn|[of] p1a: Torkoal\n|\n|-weather|SunnyDay|[upkeep]\n|-heal|p1b: Rillaboom|78\/100|[from] Grassy Terrain\n|-heal|p1a: Torkoal|57\/100|[from] Grassy Terrain\n|upkeep\n|turn|12\n|-message|lvBreakfast forfeited.\n|\n|win|Mait27\n|raw|Mait27's rating: 1479 &rarr; <strong>1494<\/strong><br \/>(+15 for winning)\n|raw|lvBreakfast's rating: 1384 &rarr; <strong>1369<\/strong><br \/>(-15 for losing)\n|l|\u2606lvBreakfast\n","uploadtime":1699511644,"views":21,"p1id":"mait27","p2id":"lvbreakfast","formatid":"gen9doublesou","rating":1369,"private":0,"password":""}