{"id":"gen9doublesou-1998077912","p1":"dj nuh uh","p2":"HEAVY-DUTY B0OTY","format":"[Gen 9] Doubles OU","log":"|j|\u2606dj nuh uh\n|j|\u2606HEAVY-DUTY B0OTY\n|inactive|Battle timer is ON: inactive players will automatically lose when time's up.\n|t:|1700887732\n|gametype|doubles\n|player|p1|dj nuh uh|2|\n|player|p2|HEAVY-DUTY B0OTY|swimmerf-gen6|\n|teamsize|p1|6\n|teamsize|p2|6\n|gen|9\n|tier|[Gen 9] Doubles OU\n|rated|Tournament battle\n|rule|Species Clause: Limit one of each Pok\u00e9mon\n|rule|OHKO Clause: OHKO moves are banned\n|rule|Evasion Moves Clause: Evasion moves are banned\n|rule|Gravity Sleep Clause: The combination of sleep-inducing moves with imperfect accuracy and Gravity or Gigantamax Orbeetle are banned\n|rule|Endless Battle Clause: Forcing endless battles is banned\n|rule|HP Percentage Mod: HP is shown in percentages\n|clearpoke\n|poke|p1|Rabsca, F|\n|poke|p1|Gligar, M|\n|poke|p1|Silicobra, F|\n|poke|p1|Chimchar, M|\n|poke|p1|Fuecoco, M|\n|poke|p1|Drakloak, F|\n|poke|p2|Duskull, F|\n|poke|p2|Hippopotas, M|\n|poke|p2|Hatenna, F|\n|poke|p2|Espathra, M|\n|poke|p2|Litleo, M|\n|poke|p2|Frosmoth, F|\n|teampreview\n|j|*Lady Monita \u2746\n|c|\u2606dj nuh uh|glhf\n|c|\u2606HEAVY-DUTY B0OTY|hf\n|\n|t:|1700887747\n|start\n|switch|p1a: Silicobra|Silicobra, F|100\/100\n|switch|p1b: Gligar|Gligar, M|100\/100\n|switch|p2a: Hatenna|Hatenna, F|100\/100\n|switch|p2b: Hippopotas|Hippopotas, M|100\/100\n|-weather|Sandstorm|[from] ability: Sand Stream|[of] p2b: Hippopotas\n|turn|1\n|j| crystalcryptid\n|\n|t:|1700887764\n|move|p1b: Gligar|Crunch|p2a: Hatenna\n|-supereffective|p2a: Hatenna\n|-damage|p2a: Hatenna|53\/100\n|move|p1a: Silicobra|Earthquake|p2a: Hatenna|[spread] p2a,p2b\n|-immune|p1b: Gligar\n|-damage|p2a: Hatenna|28\/100\n|-damage|p2b: Hippopotas|79\/100\n|move|p2a: Hatenna|Psychic|p1b: Gligar\n|-damage|p1b: Gligar|69\/100\n|-unboost|p1b: Gligar|spd|1\n|move|p2b: Hippopotas|Stealth Rock|p1b: Gligar\n|-sidestart|p1: dj nuh uh|move: Stealth Rock\n|\n|-weather|Sandstorm|[upkeep]\n|-damage|p2a: Hatenna|21\/100|[from] Sandstorm\n|upkeep\n|turn|2\n|\n|t:|1700887780\n|move|p1b: Gligar|Crunch|p2a: Hatenna\n|-supereffective|p2a: Hatenna\n|-crit|p2a: Hatenna\n|-damage|p2a: Hatenna|0 fnt\n|faint|p2a: Hatenna\n|move|p1a: Silicobra|Earthquake|p2b: Hippopotas|[spread] p2b\n|-immune|p1b: Gligar\n|-damage|p2b: Hippopotas|56\/100\n|move|p2b: Hippopotas|Slack Off|p2b: Hippopotas\n|-heal|p2b: Hippopotas|100\/100\n|\n|-weather|Sandstorm|[upkeep]\n|upkeep\n|\n|t:|1700887784\n|switch|p2a: Frosmoth|Frosmoth, F|100\/100\n|turn|3\n|\n|t:|1700887796\n|switch|p2b: Litleo|Litleo, M|100\/100\n|-ability|p2b: Litleo|Unnerve\n|move|p1b: Gligar|Crunch|p2b: Litleo\n|-damage|p2b: Litleo|56\/100\n|move|p2a: Frosmoth|Blizzard|p1b: Gligar|[spread] p1a,p1b\n|-supereffective|p1a: Silicobra\n|-supereffective|p1b: Gligar\n|-damage|p1a: Silicobra|0 fnt\n|-damage|p1b: Gligar|0 fnt\n|faint|p1a: Silicobra\n|faint|p1b: Gligar\n|\n|-weather|Sandstorm|[upkeep]\n|-damage|p2b: Litleo|50\/100|[from] Sandstorm\n|-damage|p2a: Frosmoth|94\/100|[from] Sandstorm\n|upkeep\n|c|\u2606dj nuh uh|ouch\n|c|\u2606HEAVY-DUTY B0OTY|ye\n|\n|t:|1700887813\n|switch|p1b: Rabsca|Rabsca, F|100\/100\n|switch|p1a: Fuecoco|Fuecoco, M|100\/100\n|-damage|p1b: Rabsca|76\/100|[from] Stealth Rock\n|-damage|p1a: Fuecoco|76\/100|[from] Stealth Rock\n|turn|4\n|inactive|HEAVY-DUTY B0OTY has 120 seconds left.\n|\n|t:|1700887847\n|move|p2b: Litleo|Hyper Voice|p1a: Fuecoco|[spread] p1a,p1b\n|-damage|p1a: Fuecoco|29\/100\n|-damage|p1b: Rabsca|52\/100\n|move|p2a: Frosmoth|Bug Buzz|p1b: Rabsca\n|-supereffective|p1b: Rabsca\n|-damage|p1b: Rabsca|0 fnt\n|faint|p1b: Rabsca\n|move|p1a: Fuecoco|Heat Wave|p2b: Litleo|[spread] p2a,p2b\n|-supereffective|p2a: Frosmoth\n|-resisted|p2b: Litleo\n|-damage|p2a: Frosmoth|51\/100\n|-damage|p2b: Litleo|31\/100\n|\n|-weather|Sandstorm|[upkeep]\n|-damage|p2b: Litleo|25\/100|[from] Sandstorm\n|-damage|p2a: Frosmoth|45\/100|[from] Sandstorm\n|-damage|p1a: Fuecoco|22\/100|[from] Sandstorm\n|-heal|p1a: Fuecoco|29\/100|[from] item: Leftovers\n|upkeep\n|c|\u2606dj nuh uh|dunno why but i sense that hatenna is the only thing i will kill\n|\n|t:|1700887861\n|switch|p1b: Chimchar|Chimchar, M|100\/100\n|-damage|p1b: Chimchar|76\/100|[from] Stealth Rock\n|turn|5\n|c|\u2606dj nuh uh|i see why\n|\n|t:|1700887880\n|move|p1b: Chimchar|Fake Out|p2b: Litleo\n|-crit|p2b: Litleo\n|-damage|p2b: Litleo|2\/100\n|-damage|p1b: Chimchar|66\/100|[from] item: Life Orb\n|cant|p2b: Litleo|flinch\n|move|p2a: Frosmoth|Blizzard|p1a: Fuecoco|[spread] p1a\n|-miss|p2a: Frosmoth|p1b: Chimchar\n|-resisted|p1a: Fuecoco\n|-damage|p1a: Fuecoco|0 fnt\n|faint|p1a: Fuecoco\n|\n|-weather|none\n|upkeep\n|\n|t:|1700887893\n|switch|p1a: Drakloak|Drakloak, F|100\/100\n|-damage|p1a: Drakloak|88\/100|[from] Stealth Rock\n|turn|6\n|\n|t:|1700887902\n|move|p1a: Drakloak|Phantom Force||[still]\n|-prepare|p1a: Drakloak|Phantom Force\n|move|p2b: Litleo|Hyper Voice|p1b: Chimchar|[spread] p1b\n|-miss|p2b: Litleo|p1a: Drakloak\n|-damage|p1b: Chimchar|0 fnt\n|faint|p1b: Chimchar\n|move|p2a: Frosmoth|Blizzard|p1a: Drakloak|[miss]\n|-miss|p2a: Frosmoth|p1a: Drakloak\n|\n|upkeep\n|turn|7\n|c|\u2606dj nuh uh|oh\n|\n|t:|1700887913\n|move|p1a: Drakloak|Phantom Force|p2a: Frosmoth|[from]lockedmove\n|-damage|p2a: Frosmoth|0 fnt\n|faint|p2a: Frosmoth\n|move|p2b: Litleo|Hyper Voice|p1a: Drakloak\n|-immune|p1a: Drakloak\n|\n|upkeep\n|\n|t:|1700887920\n|switch|p2a: Hippopotas|Hippopotas, M|100\/100\n|-weather|Sandstorm|[from] ability: Sand Stream|[of] p2a: Hippopotas\n|turn|8\n|c|\u2606dj nuh uh|even if i can kill the rest\n|\n|t:|1700887928\n|move|p1a: Drakloak|Phantom Force||[still]\n|-prepare|p1a: Drakloak|Phantom Force\n|move|p2b: Litleo|Hyper Voice|p1a: Drakloak|[miss]\n|-miss|p2b: Litleo|p1a: Drakloak\n|move|p2a: Hippopotas|High Horsepower|p1a: Drakloak|[miss]\n|-miss|p2a: Hippopotas|p1a: Drakloak\n|\n|-weather|Sandstorm|[upkeep]\n|-damage|p1a: Drakloak|82\/100|[from] Sandstorm\n|-damage|p2b: Litleo|0 fnt|[from] Sandstorm\n|faint|p2b: Litleo\n|upkeep\n|c|\u2606dj nuh uh|i cant hit litleo\n|c|\u2606dj nuh uh|oh????\n|\n|t:|1700887946\n|switch|p2b: Duskull|Duskull, F|100\/100\n|-item|p1a: Drakloak|Choice Band|[from] ability: Frisk|[of] p2b: Duskull|[identify]\n|turn|9\n|c|\u2606dj nuh uh|maybe???\n|c|\u2606dj nuh uh|oh shoot\n|c|\u2606HEAVY-DUTY B0OTY|gg\n|c| crystalcryptid|I'm sorry the comedic timing of that was perfect\n|\n|t:|1700887957\n|move|p1a: Drakloak|Phantom Force|p2a: Hippopotas|[from]lockedmove\n|-damage|p2a: Hippopotas|61\/100\n|move|p2a: Hippopotas|High Horsepower|p1a: Drakloak\n|-damage|p1a: Drakloak|33\/100\n|move|p2b: Duskull|Night Shade|p1a: Drakloak\n|-damage|p1a: Drakloak|0 fnt\n|faint|p1a: Drakloak\n|\n|win|HEAVY-DUTY B0OTY\n|n|\u2606dj nuh uh|djnuhuh\n|n|\u2606HEAVY-DUTY B0OTY|heavydutyb0oty\n|n|*Lady Monita \u2746|ladymonita\n|n| crystalcryptid|crystalcryptid\n","uploadtime":1700887958,"views":5,"p1id":"djnuhuh","p2id":"heavydutyb0oty","formatid":"gen9doublesou","rating":0,"private":0,"password":""}