{"id":"gen9doublesou-1971567359","p1":"lilrichiee","p2":"karnotics","format":"[Gen 9] Doubles OU","log":"|j|\u2606lilrichiee\n|j|\u2606karnotics\n|t:|1697749064\n|gametype|doubles\n|player|p1|lilrichiee|parasollady|1138\n|player|p2|karnotics|gambler|1022\n|teamsize|p1|6\n|teamsize|p2|6\n|gen|9\n|tier|[Gen 9] Doubles OU\n|rated|\n|rule|Species Clause: Limit one of each Pok\u00e9mon\n|rule|OHKO Clause: OHKO moves are banned\n|rule|Evasion Moves Clause: Evasion moves are banned\n|rule|Gravity Sleep Clause: The combination of sleep-inducing moves with imperfect accuracy and Gravity or Gigantamax Orbeetle are banned\n|rule|Endless Battle Clause: Forcing endless battles is banned\n|rule|HP Percentage Mod: HP is shown in percentages\n|clearpoke\n|poke|p1|Pelipper, F|\n|poke|p1|Kilowattrel, M|\n|poke|p1|Floatzel, F|\n|poke|p1|Amoonguss, F|\n|poke|p1|Kingambit, F|\n|poke|p1|Meowscarada, F|\n|poke|p2|Slaking, F|\n|poke|p2|Weezing-Galar, M|\n|poke|p2|Grimmsnarl, M|\n|poke|p2|Glimmora, M|\n|poke|p2|Indeedee-F, F|\n|poke|p2|Enamorus-Therian, F|\n|teampreview\n|\n|t:|1697749071\n|start\n|switch|p1a: Pelipper|Pelipper, F, shiny|100\/100\n|switch|p1b: Kilowattrel|Kilowattrel, M, shiny|100\/100\n|switch|p2a: Grimmsnarl|Grimmsnarl, M|100\/100\n|switch|p2b: Glimmora|Glimmora, M|100\/100\n|-weather|RainDance|[from] ability: Drizzle|[of] p1a: Pelipper\n|turn|1\n|\n|t:|1697749117\n|-terastallize|p1b: Kilowattrel|Water\n|move|p2a: Grimmsnarl|Light Screen|p2a: Grimmsnarl\n|-sidestart|p2: karnotics|move: Light Screen\n|move|p1b: Kilowattrel|Weather Ball|p2b: Glimmora\n|-supereffective|p2b: Glimmora\n|-enditem|p2b: Glimmora|Focus Sash\n|-damage|p2b: Glimmora|1\/100\n|move|p2b: Glimmora|Stealth Rock|p1a: Pelipper\n|-sidestart|p1: lilrichiee|move: Stealth Rock\n|move|p1a: Pelipper|Tailwind|p1a: Pelipper\n|-sidestart|p1: lilrichiee|move: Tailwind\n|\n|-weather|RainDance|[upkeep]\n|upkeep\n|turn|2\n|\n|t:|1697749148\n|move|p2a: Grimmsnarl|Reflect|p2a: Grimmsnarl\n|-sidestart|p2: karnotics|Reflect\n|move|p1b: Kilowattrel|Thunder|p2a: Grimmsnarl\n|-damage|p2a: Grimmsnarl|75\/100\n|move|p1a: Pelipper|Liquidation|p2b: Glimmora\n|-supereffective|p2b: Glimmora\n|-damage|p2b: Glimmora|0 fnt\n|-activate|p2b: Glimmora|ability: Toxic Debris\n|-sidestart|p1: lilrichiee|move: Toxic Spikes\n|faint|p2b: Glimmora\n|\n|-weather|RainDance|[upkeep]\n|upkeep\n|\n|t:|1697749154\n|switch|p2b: Weezing|Weezing-Galar, M|100\/100\n|-ability|p2b: Weezing|Neutralizing Gas\n|turn|3\n|\n|t:|1697749177\n|move|p2b: Weezing|Protect|p2b: Weezing\n|-singleturn|p2b: Weezing|Protect\n|move|p1b: Kilowattrel|Hurricane|p2a: Grimmsnarl\n|-damage|p2a: Grimmsnarl|47\/100\n|move|p1a: Pelipper|Hurricane|p2a: Grimmsnarl\n|-damage|p2a: Grimmsnarl|25\/100\n|move|p2a: Grimmsnarl|Parting Shot|p1b: Kilowattrel\n|-unboost|p1b: Kilowattrel|atk|1\n|-unboost|p1b: Kilowattrel|spa|1\n|\n|t:|1697749188\n|switch|p2a: Slaking|Slaking, F|100\/100|[from] Parting Shot\n|\n|-weather|RainDance|[upkeep]\n|upkeep\n|turn|4\n|\n|t:|1697749223\n|move|p1b: Kilowattrel|Thunder|p2b: Weezing\n|-damage|p2b: Weezing|75\/100\n|-status|p2b: Weezing|par\n|move|p1a: Pelipper|Liquidation|p2b: Weezing\n|-damage|p2b: Weezing|65\/100 par\n|move|p2a: Slaking|Drain Punch|p1b: Kilowattrel\n|-damage|p1b: Kilowattrel|48\/100\n|cant|p2b: Weezing|par\n|\n|-weather|RainDance|[upkeep]\n|-heal|p2b: Weezing|71\/100 par|[from] item: Leftovers\n|-sideend|p1: lilrichiee|move: Tailwind\n|upkeep\n|turn|5\n|\n|t:|1697749259\n|move|p2b: Weezing|Protect|p2b: Weezing\n|-singleturn|p2b: Weezing|Protect\n|move|p1b: Kilowattrel|Volt Switch|p2b: Weezing\n|-activate|p2b: Weezing|move: Protect\n|move|p2a: Slaking|Drain Punch|p1b: Kilowattrel\n|-damage|p1b: Kilowattrel|0 fnt\n|faint|p1b: Kilowattrel\n|move|p1a: Pelipper|Hurricane|p2b: Weezing\n|-activate|p2b: Weezing|move: Protect\n|\n|-weather|RainDance|[upkeep]\n|-heal|p2b: Weezing|77\/100 par|[from] item: Leftovers\n|upkeep\n|\n|t:|1697749272\n|switch|p1b: Floatzel|Floatzel, F, shiny|100\/100\n|-damage|p1b: Floatzel|88\/100|[from] Stealth Rock\n|-status|p1b: Floatzel|psn\n|turn|6\n|\n|t:|1697749287\n|move|p1b: Floatzel|Ice Spinner|p2b: Weezing\n|-damage|p2b: Weezing|64\/100 par\n|-damage|p1b: Floatzel|78\/100 psn|[from] item: Life Orb\n|move|p2a: Slaking|Drain Punch|p1b: Floatzel\n|-damage|p1b: Floatzel|20\/100 psn\n|move|p1a: Pelipper|Hurricane|p2b: Weezing\n|-damage|p2b: Weezing|30\/100 par\n|move|p2b: Weezing|Aromatic Mist|p2a: Slaking\n|-boost|p2a: Slaking|spd|1\n|\n|-weather|RainDance|[upkeep]\n|-heal|p2b: Weezing|36\/100 par|[from] item: Leftovers\n|-damage|p1b: Floatzel|8\/100 psn|[from] psn\n|upkeep\n|turn|7\n|\n|t:|1697749323\n|move|p2b: Weezing|Protect|p2b: Weezing\n|-singleturn|p2b: Weezing|Protect\n|move|p1b: Floatzel|Brick Break|p2a: Slaking\n|-sideend|p2: karnotics|Reflect\n|-sideend|p2: karnotics|move: Light Screen\n|-supereffective|p2a: Slaking\n|-damage|p2a: Slaking|60\/100\n|-damage|p1b: Floatzel|0 fnt|[from] item: Life Orb\n|faint|p1b: Floatzel\n|move|p2a: Slaking|Body Slam|p1a: Pelipper\n|-damage|p1a: Pelipper|48\/100\n|move|p1a: Pelipper|Hurricane|p2b: Weezing\n|-activate|p2b: Weezing|move: Protect\n|\n|-weather|RainDance|[upkeep]\n|-heal|p2b: Weezing|42\/100 par|[from] item: Leftovers\n|upkeep\n|\n|t:|1697749340\n|switch|p1b: Kingambit|Kingambit, F|100\/100\n|-damage|p1b: Kingambit|94\/100|[from] Stealth Rock\n|turn|8\n|\n|t:|1697749368\n|switch|p2a: Enamorus|Enamorus-Therian, F|100\/100\n|-end|p2b: Weezing|ability: Neutralizing Gas\n|switch|p2b: Grimmsnarl|Grimmsnarl, M|25\/100\n|move|p1a: Pelipper|Hurricane|p2b: Grimmsnarl\n|-damage|p2b: Grimmsnarl|0 fnt\n|faint|p2b: Grimmsnarl\n|move|p1b: Kingambit|Low Kick|p2a: Enamorus\n|-resisted|p2a: Enamorus\n|-damage|p2a: Enamorus|95\/100\n|\n|-weather|none\n|upkeep\n|\n|t:|1697749377\n|switch|p2b: Indeedee|Indeedee-F, F|100\/100\n|-fieldstart|move: Psychic Terrain|[from] ability: Psychic Surge|[of] p2b: Indeedee\n|turn|9\n|\n|t:|1697749407\n|move|p2b: Indeedee|Healing Wish|p2b: Indeedee\n|faint|p2b: Indeedee\n|move|p1a: Pelipper|Tailwind|p1a: Pelipper\n|-sidestart|p1: lilrichiee|move: Tailwind\n|move|p1b: Kingambit|Kowtow Cleave|p2a: Enamorus\n|-resisted|p2a: Enamorus\n|-damage|p2a: Enamorus|73\/100\n|move|p2a: Enamorus|Healing Wish|p2a: Enamorus\n|faint|p2a: Enamorus\n|\n|upkeep\n|\n|t:|1697749420\n|switch|p2b: Weezing|Weezing-Galar, M|42\/100 par\n|switch|p2a: Slaking|Slaking, F|60\/100\n|-ability|p2b: Weezing|Neutralizing Gas\n|-heal|p2a: Slaking|100\/100|[from] move: Healing Wish\n|-heal|p2b: Weezing|100\/100|[from] move: Healing Wish\n|turn|10\n|\n|t:|1697749434\n|move|p2b: Weezing|Protect|p2b: Weezing\n|-singleturn|p2b: Weezing|Protect\n|move|p1a: Pelipper|Hurricane|p2a: Slaking|[miss]\n|-miss|p1a: Pelipper|p2a: Slaking\n|move|p1b: Kingambit|Low Kick|p2a: Slaking\n|-supereffective|p2a: Slaking\n|-damage|p2a: Slaking|42\/100\n|move|p2a: Slaking|Drain Punch|p1b: Kingambit\n|-supereffective|p1b: Kingambit\n|-damage|p1b: Kingambit|0 fnt\n|-heal|p2a: Slaking|82\/100|[from] drain|[of] p1b: Kingambit\n|faint|p1b: Kingambit\n|\n|upkeep\n|\n|t:|1697749448\n|switch|p1b: Meowscarada|Meowscarada, F|100\/100\n|-damage|p1b: Meowscarada|88\/100|[from] Stealth Rock\n|-status|p1b: Meowscarada|psn\n|turn|11\n|\n|t:|1697749462\n|move|p1b: Meowscarada|Low Kick|p2a: Slaking\n|-supereffective|p2a: Slaking\n|-damage|p2a: Slaking|29\/100\n|move|p1a: Pelipper|Liquidation|p2a: Slaking\n|-damage|p2a: Slaking|18\/100\n|move|p2a: Slaking|Drain Punch|p1b: Meowscarada\n|-supereffective|p1b: Meowscarada\n|-damage|p1b: Meowscarada|0 fnt\n|-heal|p2a: Slaking|47\/100|[from] drain|[of] p1b: Meowscarada\n|faint|p1b: Meowscarada\n|move|p2b: Weezing|Strange Steam|p1a: Pelipper\n|-damage|p1a: Pelipper|17\/100\n|\n|upkeep\n|\n|t:|1697749475\n|switch|p1b: Amoonguss|Amoonguss, F|100\/100\n|-damage|p1b: Amoonguss|88\/100|[from] Stealth Rock\n|-sideend|p1: lilrichiee|move: Toxic Spikes|[of] p1b: Amoonguss\n|turn|12\n|\n|t:|1697749515\n|move|p1a: Pelipper|Hurricane|p2a: Slaking\n|-damage|p2a: Slaking|20\/100\n|move|p2a: Slaking|Body Slam|p1b: Amoonguss\n|-damage|p1b: Amoonguss|45\/100\n|-damage|p2a: Slaking|3\/100|[from] item: Rocky Helmet|[of] p1b: Amoonguss\n|move|p1b: Amoonguss|Spore|p2a: Slaking\n|-status|p2a: Slaking|slp|[from] move: Spore\n|move|p2b: Weezing|Strange Steam|p1a: Pelipper\n|-damage|p1a: Pelipper|0 fnt\n|faint|p1a: Pelipper\n|\n|-sideend|p1: lilrichiee|move: Tailwind\n|upkeep\n|turn|13\n|\n|t:|1697749551\n|cant|p2a: Slaking|slp\n|move|p2b: Weezing|Will-O-Wisp|p1b: Amoonguss\n|-status|p1b: Amoonguss|brn\n|move|p1b: Amoonguss|Spore|p2b: Weezing\n|-status|p2b: Weezing|slp|[from] move: Spore\n|\n|-damage|p1b: Amoonguss|39\/100 brn|[from] brn\n|-fieldend|move: Psychic Terrain\n|upkeep\n|turn|14\n|\n|t:|1697749561\n|cant|p2b: Weezing|slp\n|cant|p2a: Slaking|slp\n|move|p1b: Amoonguss|Pollen Puff|p2a: Slaking\n|-damage|p2a: Slaking|0 fnt\n|faint|p2a: Slaking\n|\n|-damage|p1b: Amoonguss|33\/100 brn|[from] brn\n|upkeep\n|turn|15\n|\n|t:|1697749583\n|-curestatus|p2b: Weezing|slp|[msg]\n|move|p2b: Weezing|Protect|p2b: Weezing\n|-singleturn|p2b: Weezing|Protect\n|move|p1b: Amoonguss|Pollen Puff|p2b: Weezing\n|-activate|p2b: Weezing|move: Protect\n|\n|-damage|p1b: Amoonguss|27\/100 brn|[from] brn\n|upkeep\n|turn|16\n|\n|t:|1697749594\n|move|p2b: Weezing|Strange Steam|p1b: Amoonguss\n|-resisted|p1b: Amoonguss\n|-damage|p1b: Amoonguss|15\/100 brn\n|move|p1b: Amoonguss|Spore|p2b: Weezing\n|-status|p2b: Weezing|slp|[from] move: Spore\n|\n|-damage|p1b: Amoonguss|9\/100 brn|[from] brn\n|upkeep\n|turn|17\n|c|\u2606karnotics|gg\n|\n|t:|1697749602\n|cant|p2b: Weezing|slp\n|move|p1b: Amoonguss|Pollen Puff|p2b: Weezing\n|-resisted|p2b: Weezing\n|-damage|p2b: Weezing|95\/100 slp\n|\n|-heal|p2b: Weezing|100\/100 slp|[from] item: Leftovers\n|-damage|p1b: Amoonguss|3\/100 brn|[from] brn\n|upkeep\n|turn|18\n|\n|t:|1697749620\n|cant|p2b: Weezing|slp\n|move|p1b: Amoonguss|Pollen Puff|p2b: Weezing\n|-resisted|p2b: Weezing\n|-damage|p2b: Weezing|94\/100 slp\n|\n|-heal|p2b: Weezing|99\/100 slp|[from] item: Leftovers\n|-damage|p1b: Amoonguss|0 fnt|[from] brn\n|faint|p1b: Amoonguss\n|\n|win|karnotics\n|upkeep\n|raw|lilrichiee's rating: 1138 &rarr; <strong>1105<\/strong><br \/>(-33 for losing)\n|raw|karnotics's rating: 1022 &rarr; <strong>1071<\/strong><br \/>(+49 for winning)\n","uploadtime":1697749626,"views":15,"p1id":"lilrichiee","p2id":"karnotics","formatid":"gen9doublesou","rating":1071,"private":0,"password":""}