{"id":"gen9doublesou-1971858637","p1":"GTRSoLNeo","p2":"skullatech","format":"[Gen 9] Doubles OU","log":"|j|\u2606GTRSoLNeo\n|j|\u2606skullatech\n|t:|1697782650\n|gametype|doubles\n|player|p1|GTRSoLNeo|rocketgrunt|\n|player|p2|skullatech|bellelba|\n|teamsize|p1|6\n|teamsize|p2|6\n|gen|9\n|tier|[Gen 9] Doubles OU\n|rule|Species Clause: Limit one of each Pok\u00e9mon\n|rule|OHKO Clause: OHKO moves are banned\n|rule|Evasion Moves Clause: Evasion moves are banned\n|rule|Gravity Sleep Clause: The combination of sleep-inducing moves with imperfect accuracy and Gravity or Gigantamax Orbeetle are banned\n|rule|Endless Battle Clause: Forcing endless battles is banned\n|rule|HP Percentage Mod: HP is shown in percentages\n|clearpoke\n|poke|p1|Bisharp, F|\n|poke|p1|Gothitelle, F|\n|poke|p1|Gardevoir, F|\n|poke|p1|Eelektross, M|\n|poke|p1|Slowbro, M|\n|poke|p1|Clodsire, F|\n|poke|p2|Gholdengo|\n|poke|p2|Clefable, F|\n|poke|p2|Palafin, M|\n|poke|p2|Arbok, F|\n|poke|p2|Scizor, M|\n|poke|p2|Gliscor, M|\n|teampreview\n|\n|t:|1697782662\n|start\n|switch|p1a: Coconut Ranger|Bisharp, F|100\/100\n|switch|p1b: The Bomb|Clodsire, F|100\/100\n|switch|p2a: Kill|Clefable, F, shiny|100\/100\n|switch|p2b: Viper|Arbok, F, shiny|100\/100\n|-ability|p2b: Viper|Intimidate|boost\n|-unboost|p1a: Coconut Ranger|atk|1\n|-ability|p1a: Coconut Ranger|Defiant|boost\n|-boost|p1a: Coconut Ranger|atk|2\n|-unboost|p1b: The Bomb|atk|1\n|turn|1\n|\n|t:|1697782694\n|-terastallize|p2b: Viper|Ground\n|move|p1a: Coconut Ranger|Sucker Punch|p2b: Viper\n|-damage|p2b: Viper|19\/100\n|move|p2b: Viper|Earthquake|p1a: Coconut Ranger|[spread] p2a,p1a,p1b\n|-supereffective|p1a: Coconut Ranger\n|-supereffective|p1b: The Bomb\n|-damage|p2a: Kill|67\/100\n|-damage|p1a: Coconut Ranger|16\/100\n|-damage|p1b: The Bomb|30\/100\n|move|p2a: Kill|Cosmic Power|p2a: Kill\n|-boost|p2a: Kill|def|1\n|-boost|p2a: Kill|spd|1\n|move|p1b: The Bomb|Toxic|p2a: Kill\n|-status|p2a: Kill|tox\n|\n|-heal|p2a: Kill|73\/100 tox|[from] item: Leftovers\n|-heal|p1b: The Bomb|36\/100|[from] item: Leftovers\n|-damage|p2a: Kill|67\/100 tox|[from] psn\n|upkeep\n|turn|2\n|inactive|Battle timer is ON: inactive players will automatically lose when time's up. (requested by skullatech)\n|\n|t:|1697782727\n|move|p2a: Kill|Follow Me|p2a: Kill\n|-singleturn|p2a: Kill|move: Follow Me\n|move|p1a: Coconut Ranger|Foul Play|p2a: Kill\n|-resisted|p2a: Kill\n|-damage|p2a: Kill|58\/100 tox\n|move|p2b: Viper|Earthquake|p1b: The Bomb|[spread] p2a,p1a,p1b\n|-supereffective|p1a: Coconut Ranger\n|-supereffective|p1b: The Bomb\n|-damage|p2a: Kill|39\/100 tox\n|-damage|p1a: Coconut Ranger|0 fnt\n|-damage|p1b: The Bomb|0 fnt\n|faint|p1a: Coconut Ranger\n|faint|p1b: The Bomb\n|\n|-heal|p2a: Kill|45\/100 tox|[from] item: Leftovers\n|-damage|p2a: Kill|33\/100 tox|[from] psn\n|upkeep\n|\n|t:|1697782743\n|switch|p1a: Sleepyhead|Slowbro, M|100\/100\n|switch|p1b: Pizza Boy|Gardevoir, F|100\/100\n|-ability|p1b: Pizza Boy|Intimidate|boost\n|-unboost|p2a: Kill|atk|1\n|-unboost|p2b: Viper|atk|1\n|-ability|p1b: Pizza Boy|Intimidate|[from] ability: Trace|[of] p2b: Viper\n|turn|3\n|\n|t:|1697782762\n|move|p1b: Pizza Boy|Disable|p2a: Kill\n|-start|p2a: Kill|Disable|Follow Me\n|move|p2b: Viper|Knock Off|p1b: Pizza Boy\n|-damage|p1b: Pizza Boy|66\/100\n|-enditem|p1b: Pizza Boy|Babiri Berry|[from] move: Knock Off|[of] p2b: Viper\n|move|p2a: Kill|Life Dew|p2a: Kill|[spread] p2a,p2b\n|-heal|p2a: Kill|58\/100 tox\n|-heal|p2b: Viper|44\/100\n|move|p1a: Sleepyhead|Liquidation|p2b: Viper\n|-supereffective|p2b: Viper\n|-damage|p2b: Viper|0 fnt\n|faint|p2b: Viper\n|\n|-heal|p2a: Kill|64\/100 tox|[from] item: Leftovers\n|-damage|p2a: Kill|46\/100 tox|[from] psn\n|upkeep\n|\n|t:|1697782778\n|switch|p2b: Neos|Palafin, M|100\/100\n|turn|4\n|\n|t:|1697782789\n|move|p2b: Neos|Flip Turn|p1b: Pizza Boy\n|-damage|p1b: Pizza Boy|10\/100\n|-damage|p2b: Neos|91\/100|[from] item: Life Orb\n|\n|t:|1697782795\n|detailschange|p2b: Neos|Palafin-Hero, M\n|switch|p2b: Dagger Dan|Scizor, M, shiny|100\/100|[from] Flip Turn\n|move|p1b: Pizza Boy|Psychic|p2b: Dagger Dan\n|-resisted|p2b: Dagger Dan\n|-damage|p2b: Dagger Dan|72\/100\n|move|p2a: Kill|Life Dew|p2a: Kill|[spread] p2a,p2b\n|-heal|p2a: Kill|71\/100 tox\n|-heal|p2b: Dagger Dan|97\/100\n|move|p1a: Sleepyhead|Psyshock|p2a: Kill\n|-crit|p2a: Kill\n|-damage|p2a: Kill|31\/100 tox\n|\n|-heal|p2a: Kill|37\/100 tox|[from] item: Leftovers\n|-damage|p2a: Kill|13\/100 tox|[from] psn\n|upkeep\n|turn|5\n|\n|t:|1697782818\n|move|p1b: Pizza Boy|Will-O-Wisp|p2b: Dagger Dan\n|-status|p2b: Dagger Dan|brn\n|move|p2b: Dagger Dan|U-turn|p1a: Sleepyhead\n|-supereffective|p1a: Sleepyhead\n|-damage|p1a: Sleepyhead|49\/100\n|\n|t:|1697782823\n|switch|p2b: Neos|Palafin-Hero, M|91\/100|[from] U-turn\n|-activate|p2b: Neos|ability: Zero to Hero\n|move|p2a: Kill|Stored Power|p1b: Pizza Boy\n|-resisted|p1b: Pizza Boy\n|-damage|p1b: Pizza Boy|2\/100\n|move|p1a: Sleepyhead|Iron Defense|p1a: Sleepyhead\n|-boost|p1a: Sleepyhead|def|2\n|\n|-heal|p2a: Kill|19\/100 tox|[from] item: Leftovers\n|-damage|p2a: Kill|0 fnt|[from] psn\n|faint|p2a: Kill\n|upkeep\n|\n|t:|1697782836\n|switch|p2a: Dagger Dan|Scizor, M, shiny|97\/100 brn\n|turn|6\n|\n|t:|1697782853\n|move|p2a: Dagger Dan|Bullet Punch|p1b: Pizza Boy\n|-supereffective|p1b: Pizza Boy\n|-damage|p1b: Pizza Boy|0 fnt\n|faint|p1b: Pizza Boy\n|move|p2b: Neos|Wave Crash|p1a: Sleepyhead\n|-resisted|p1a: Sleepyhead\n|-damage|p1a: Sleepyhead|30\/100\n|-damage|p2b: Neos|83\/100|[from] Recoil\n|-damage|p2b: Neos|73\/100|[from] item: Life Orb\n|move|p1a: Sleepyhead|Slack Off|p1a: Sleepyhead\n|-heal|p1a: Sleepyhead|80\/100\n|\n|-damage|p2a: Dagger Dan|91\/100 brn|[from] brn\n|upkeep\n|\n|t:|1697782867\n|switch|p1b: Doncamatic|Eelektross, M|100\/100\n|turn|7\n|\n|t:|1697782882\n|move|p2a: Dagger Dan|Bullet Punch|p1b: Doncamatic\n|-resisted|p1b: Doncamatic\n|-damage|p1b: Doncamatic|85\/100\n|move|p2b: Neos|Wave Crash|p1b: Doncamatic\n|-damage|p1b: Doncamatic|0 fnt\n|faint|p1b: Doncamatic\n|-damage|p2b: Neos|42\/100|[from] Recoil\n|-damage|p2b: Neos|32\/100|[from] item: Life Orb\n|move|p1a: Sleepyhead|Psyshock|p2b: Neos\n|-damage|p2b: Neos|4\/100\n|\n|-damage|p2a: Dagger Dan|85\/100 brn|[from] brn\n|upkeep\n|\n|t:|1697782895\n|switch|p1b: Eye Candy|Gothitelle, F|100\/100\n|turn|8\n|\n|t:|1697782910\n|move|p2a: Dagger Dan|Bullet Punch|p1b: Eye Candy\n|-damage|p1b: Eye Candy|73\/100\n|move|p2b: Neos|Wave Crash|p1b: Eye Candy\n|-damage|p1b: Eye Candy|0 fnt\n|faint|p1b: Eye Candy\n|-damage|p2b: Neos|0 fnt|[from] Recoil\n|faint|p2b: Neos\n|move|p1a: Sleepyhead|Psyshock|p2a: Dagger Dan\n|-resisted|p2a: Dagger Dan\n|-damage|p2a: Dagger Dan|70\/100 brn\n|\n|-damage|p2a: Dagger Dan|64\/100 brn|[from] brn\n|upkeep\n|\n|t:|1697782921\n|switch|p2b: Goldie|Gholdengo|100\/100\n|turn|9\n|\n|t:|1697782930\n|move|p2a: Dagger Dan|Bullet Punch|p1a: Sleepyhead\n|-resisted|p1a: Sleepyhead\n|-damage|p1a: Sleepyhead|75\/100\n|move|p2b: Goldie|Nasty Plot|p2b: Goldie\n|-boost|p2b: Goldie|spa|2\n|move|p1a: Sleepyhead|Liquidation|p2b: Goldie\n|-damage|p2b: Goldie|82\/100\n|\n|-heal|p2b: Goldie|88\/100|[from] item: Leftovers\n|-damage|p2a: Dagger Dan|58\/100 brn|[from] brn\n|upkeep\n|turn|10\n|\n|t:|1697782943\n|move|p2a: Dagger Dan|Bullet Punch|p1a: Sleepyhead\n|-resisted|p1a: Sleepyhead\n|-damage|p1a: Sleepyhead|70\/100\n|move|p2b: Goldie|Shadow Ball|p1a: Sleepyhead\n|-supereffective|p1a: Sleepyhead\n|-enditem|p1a: Sleepyhead|Kasib Berry|[eat]\n|-enditem|p1a: Sleepyhead|Kasib Berry|[weaken]\n|-damage|p1a: Sleepyhead|4\/100\n|move|p1a: Sleepyhead|Iron Defense|p1a: Sleepyhead\n|-boost|p1a: Sleepyhead|def|2\n|\n|-heal|p2b: Goldie|94\/100|[from] item: Leftovers\n|-damage|p2a: Dagger Dan|52\/100 brn|[from] brn\n|upkeep\n|turn|11\n|\n|t:|1697782961\n|move|p2a: Dagger Dan|Bullet Punch|p1a: Sleepyhead\n|-resisted|p1a: Sleepyhead\n|-damage|p1a: Sleepyhead|0 fnt\n|faint|p1a: Sleepyhead\n|\n|win|skullatech\n|l|\u2606GTRSoLNeo\n","uploadtime":1697782967,"views":24,"p1id":"gtrsolneo","p2id":"skullatech","formatid":"gen9doublesou","rating":0,"private":0,"password":""}