{"id":"gen9doublesou-1974659515","p1":"Jhonbula","p2":"pigvar","format":"[Gen 9] Doubles OU","log":"|j|\u2606Jhonbula\n|j|\u2606pigvar\n|t:|1698107596\n|gametype|doubles\n|player|p1|Jhonbula|102|\n|player|p2|pigvar|mira|\n|teamsize|p1|6\n|teamsize|p2|6\n|gen|9\n|tier|[Gen 9] Doubles OU\n|rule|Species Clause: Limit one of each Pok\u00e9mon\n|rule|OHKO Clause: OHKO moves are banned\n|rule|Evasion Moves Clause: Evasion moves are banned\n|rule|Gravity Sleep Clause: The combination of sleep-inducing moves with imperfect accuracy and Gravity or Gigantamax Orbeetle are banned\n|rule|Endless Battle Clause: Forcing endless battles is banned\n|rule|HP Percentage Mod: HP is shown in percentages\n|clearpoke\n|poke|p1|Dragapult, M|\n|poke|p1|Krookodile, F|\n|poke|p1|Gyarados, M|\n|poke|p1|Sylveon, F|\n|poke|p1|Iron Hands|\n|poke|p1|Gholdengo|\n|poke|p2|Palafin, M|\n|poke|p2|Spectrier|\n|poke|p2|Chien-Pao|\n|poke|p2|Gardevoir, M|\n|poke|p2|Meowscarada, M|\n|poke|p2|Salazzle, F|\n|teampreview\n|\n|t:|1698107623\n|start\n|switch|p1a: Sylveon|Sylveon, F|100\/100\n|switch|p1b: Iron Hands|Iron Hands|100\/100\n|switch|p2a: Also smash|Meowscarada, M|100\/100\n|switch|p2b: Palafin|Palafin, M|100\/100\n|turn|1\n|\n|t:|1698107647\n|detailschange|p2b: Palafin|Palafin-Hero, M\n|switch|p2b: Also Also Smash|Salazzle, F|100\/100\n|-item|p2b: Also Also Smash|Air Balloon\n|move|p1b: Iron Hands|Fake Out|p2b: Also Also Smash\n|-damage|p2b: Also Also Smash|74\/100\n|-enditem|p2b: Also Also Smash|Air Balloon\n|move|p2a: Also smash|Spikes|p1b: Iron Hands\n|-start|p2a: Also smash|typechange|Ground|[from] ability: Protean\n|-sidestart|p1: Jhonbula|Spikes\n|move|p1a: Sylveon|Hyper Voice|p2b: Also Also Smash|[spread] p2a,p2b\n|-resisted|p2b: Also Also Smash\n|-damage|p2a: Also smash|19\/100\n|-damage|p2b: Also Also Smash|51\/100\n|\n|upkeep\n|turn|2\n|\n|t:|1698107710\n|switch|p2a: Edgy Horse|Spectrier|100\/100\n|move|p2b: Also Also Smash|Fake Out|p1b: Iron Hands\n|-damage|p1b: Iron Hands|97\/100\n|move|p1a: Sylveon|Hyper Voice|p2b: Also Also Smash|[spread] p2a,p2b\n|-resisted|p2b: Also Also Smash\n|-damage|p2a: Edgy Horse|34\/100\n|-damage|p2b: Also Also Smash|26\/100\n|cant|p1b: Iron Hands|flinch\n|\n|upkeep\n|turn|3\n|\n|t:|1698107751\n|switch|p2a: Also smash|Meowscarada, M|19\/100\n|switch|p1a: Gholdengo|Gholdengo|100\/100\n|-damage|p1a: Gholdengo|88\/100|[from] Spikes\n|move|p2b: Also Also Smash|Toxic|p1b: Iron Hands\n|-status|p1b: Iron Hands|tox\n|move|p1b: Iron Hands|Rock Slide|p2b: Also Also Smash|[spread] p2a,p2b\n|-supereffective|p2b: Also Also Smash\n|-damage|p2a: Also smash|0 fnt\n|-damage|p2b: Also Also Smash|0 fnt\n|faint|p2a: Also smash\n|faint|p2b: Also Also Smash\n|\n|-damage|p1b: Iron Hands|91\/100 tox|[from] psn\n|upkeep\n|\n|t:|1698107786\n|switch|p2a: Smash|Gardevoir, M|100\/100\n|switch|p2b: Edgy Horse|Spectrier|34\/100\n|-ability|p2a: Smash|Good as Gold|[from] ability: Trace|[of] p1a: Gholdengo\n|turn|4\n|\n|t:|1698107829\n|switch|p1a: Gyarados|Gyarados, M|100\/100\n|-ability|p1a: Gyarados|Intimidate|boost\n|-unboost|p2a: Smash|atk|1\n|-unboost|p2b: Edgy Horse|atk|1\n|move|p2b: Edgy Horse|Shadow Ball|p1a: Gyarados\n|-damage|p1a: Gyarados|70\/100\n|move|p2a: Smash|Moonblast|p1b: Iron Hands\n|-supereffective|p1b: Iron Hands\n|-crit|p1b: Iron Hands\n|-damage|p1b: Iron Hands|0 fnt\n|faint|p1b: Iron Hands\n|-end|p1b: Iron Hands|Quark Drive|[silent]\n|\n|-heal|p1a: Gyarados|76\/100|[from] item: Leftovers\n|upkeep\n|\n|t:|1698107841\n|switch|p1b: Krookodile|Krookodile, F|100\/100\n|-damage|p1b: Krookodile|88\/100|[from] Spikes\n|turn|5\n|\n|t:|1698107867\n|switch|p2b: Palafin|Palafin-Hero, M|100\/100\n|-activate|p2b: Palafin|ability: Zero to Hero\n|move|p1a: Gyarados|Helping Hand|p1b: Krookodile\n|-singleturn|p1b: Krookodile|Helping Hand|[of] p1a: Gyarados\n|move|p1b: Krookodile|Earthquake|p2a: Smash|[spread] p2a,p2b\n|-immune|p1a: Gyarados\n|-damage|p2a: Smash|21\/100\n|-damage|p2b: Palafin|47\/100\n|move|p2a: Smash|Moonblast|p1b: Krookodile\n|-supereffective|p1b: Krookodile\n|-damage|p1b: Krookodile|0 fnt\n|faint|p1b: Krookodile\n|\n|-heal|p1a: Gyarados|82\/100|[from] item: Leftovers\n|upkeep\n|\n|t:|1698107880\n|switch|p1b: Dragapult|Dragapult, M|100\/100\n|-damage|p1b: Dragapult|88\/100|[from] Spikes\n|turn|6\n|\n|t:|1698107911\n|-terastallize|p1b: Dragapult|Steel\n|move|p1a: Gyarados|Protect|p1a: Gyarados\n|-singleturn|p1a: Gyarados|Protect\n|move|p2b: Palafin|Jet Punch|p1b: Dragapult\n|-damage|p1b: Dragapult|12\/100\n|move|p1b: Dragapult|Thunderbolt|p2b: Palafin\n|-supereffective|p2b: Palafin\n|-damage|p2b: Palafin|0 fnt\n|faint|p2b: Palafin\n|move|p2a: Smash|Moonblast|p1b: Dragapult\n|-resisted|p1b: Dragapult\n|-crit|p1b: Dragapult\n|-damage|p1b: Dragapult|0 fnt\n|faint|p1b: Dragapult\n|\n|-heal|p1a: Gyarados|88\/100|[from] item: Leftovers\n|upkeep\n|\n|t:|1698107926\n|switch|p1b: Sylveon|Sylveon, F|100\/100\n|switch|p2b: Edgy Horse|Spectrier|34\/100\n|-damage|p1b: Sylveon|88\/100|[from] Spikes\n|turn|7\n|\n|t:|1698107995\n|move|p2b: Edgy Horse|Shadow Ball|p1b: Sylveon\n|-damage|p1b: Sylveon|47\/100\n|move|p2a: Smash|Moonblast|p1b: Sylveon\n|-damage|p1b: Sylveon|4\/100\n|move|p1a: Gyarados|Thunder Wave|p2b: Edgy Horse\n|-status|p2b: Edgy Horse|par\n|move|p1b: Sylveon|Hyper Voice|p2a: Smash|[spread] p2a,p2b\n|-damage|p2a: Smash|0 fnt\n|-damage|p2b: Edgy Horse|0 fnt\n|faint|p2a: Smash\n|faint|p2b: Edgy Horse\n|\n|-heal|p1a: Gyarados|94\/100|[from] item: Leftovers\n|upkeep\n|\n|t:|1698108008\n|switch|p2a: Chien-Pao|Chien-Pao|100\/100\n|-ability|p2a: Chien-Pao|Sword of Ruin\n|turn|8\n|\n|t:|1698108016\n|move|p2a: Chien-Pao|Ice Shard|p1b: Sylveon\n|-damage|p1b: Sylveon|0 fnt\n|faint|p1b: Sylveon\n|-damage|p2a: Chien-Pao|91\/100|[from] item: Life Orb\n|move|p1a: Gyarados|Thunder Wave|p2a: Chien-Pao\n|-status|p2a: Chien-Pao|par\n|\n|-heal|p1a: Gyarados|100\/100|[from] item: Leftovers\n|upkeep\n|\n|t:|1698108018\n|switch|p1b: Gholdengo|Gholdengo|88\/100\n|-damage|p1b: Gholdengo|76\/100|[from] Spikes\n|turn|9\n|\n|t:|1698108060\n|-terastallize|p2a: Chien-Pao|Dark\n|move|p1a: Gyarados|Helping Hand|p1b: Gholdengo\n|-immune|p1b: Gholdengo|[from] ability: Good as Gold\n|move|p1b: Gholdengo|Dazzling Gleam|p2a: Chien-Pao\n|-supereffective|p2a: Chien-Pao\n|-damage|p2a: Chien-Pao|0 fnt\n|faint|p2a: Chien-Pao\n|\n|win|Jhonbula\n","uploadtime":1698108070,"views":17,"p1id":"jhonbula","p2id":"pigvar","formatid":"gen9doublesou","rating":0,"private":0,"password":""}