{"id":"gen9doublesou-1969721920","p1":"Boshigoat","p2":"Daskhiel02","format":"[Gen 9] Doubles OU","log":"|j|\u2606Boshigoat\n|j|\u2606Daskhiel02\n|t:|1697560380\n|gametype|doubles\n|player|p1|Boshigoat|1|1427\n|player|p2|Daskhiel02|102|1400\n|teamsize|p1|6\n|teamsize|p2|6\n|gen|9\n|tier|[Gen 9] Doubles OU\n|rated|\n|rule|Species Clause: Limit one of each Pok\u00e9mon\n|rule|OHKO Clause: OHKO moves are banned\n|rule|Evasion Moves Clause: Evasion moves are banned\n|rule|Gravity Sleep Clause: The combination of sleep-inducing moves with imperfect accuracy and Gravity or Gigantamax Orbeetle are banned\n|rule|Endless Battle Clause: Forcing endless battles is banned\n|rule|HP Percentage Mod: HP is shown in percentages\n|clearpoke\n|poke|p1|Ribombee, M|\n|poke|p1|Hoopa-Unbound|\n|poke|p1|Ceruledge, M|\n|poke|p1|Rillaboom, M|\n|poke|p1|Gholdengo|\n|poke|p1|Palafin, F|\n|poke|p2|Lycanroc-Midnight, F|\n|poke|p2|Indeedee-F, F|\n|poke|p2|Ribombee, F|\n|poke|p2|Sinistcha|\n|poke|p2|Kommo-o, M|\n|poke|p2|Tauros-Paldea-Aqua, M|\n|teampreview\n|c|\u2606Daskhiel02|Hello again o\/\n|\n|t:|1697560449\n|start\n|switch|p1a: Ribombee|Ribombee, M|100\/100\n|switch|p1b: Palafin|Palafin, F|100\/100\n|switch|p2a: Kommo-o|Kommo-o, M|100\/100\n|switch|p2b: Lycanroc|Lycanroc-Midnight, F|100\/100\n|turn|1\n|\n|t:|1697560469\n|detailschange|p1b: Palafin|Palafin-Hero, F\n|switch|p1b: Gholdengo|Gholdengo|100\/100\n|-terastallize|p2a: Kommo-o|Steel\n|move|p1a: Ribombee|Sticky Web|p2a: Kommo-o\n|-sidestart|p2: Daskhiel02|move: Sticky Web\n|move|p2a: Kommo-o|Clangorous Soul|p2a: Kommo-o\n|-boost|p2a: Kommo-o|atk|1\n|-boost|p2a: Kommo-o|def|1\n|-boost|p2a: Kommo-o|spa|1\n|-boost|p2a: Kommo-o|spd|1\n|-boost|p2a: Kommo-o|spe|1\n|-damage|p2a: Kommo-o|68\/100\n|-enditem|p2a: Kommo-o|Throat Spray\n|-boost|p2a: Kommo-o|spa|1|[from] item: Throat Spray\n|move|p2b: Lycanroc|Rock Slide|p1b: Gholdengo|[spread] p1a,p1b\n|-supereffective|p1a: Ribombee\n|-resisted|p1b: Gholdengo\n|-enditem|p1a: Ribombee|Focus Sash\n|-damage|p1a: Ribombee|1\/100\n|-damage|p1b: Gholdengo|77\/100\n|\n|upkeep\n|turn|2\n|\n|t:|1697560496\n|move|p1b: Gholdengo|Make It Rain|p2b: Lycanroc|[spread] p2a,p2b\n|-resisted|p2a: Kommo-o\n|-supereffective|p2b: Lycanroc\n|-damage|p2a: Kommo-o|50\/100\n|-damage|p2b: Lycanroc|0 fnt\n|-unboost|p1b: Gholdengo|spa|1\n|faint|p2b: Lycanroc\n|move|p2a: Kommo-o|Flash Cannon|p1a: Ribombee\n|-supereffective|p1a: Ribombee\n|-damage|p1a: Ribombee|0 fnt\n|faint|p1a: Ribombee\n|\n|upkeep\n|\n|t:|1697560510\n|switch|p1a: Ceruledge|Ceruledge, M|100\/100\n|switch|p2b: Sinistcha|Sinistcha|100\/100\n|-activate|p2b: Sinistcha|move: Sticky Web\n|-unboost|p2b: Sinistcha|spe|1\n|-heal|p2a: Kommo-o|75\/100|[from] ability: Hospitality|[of] p2b: Sinistcha\n|turn|3\n|\n|t:|1697560560\n|move|p1b: Gholdengo|Make It Rain|p2b: Sinistcha|[spread] p2a,p2b\n|-resisted|p2a: Kommo-o\n|-damage|p2a: Kommo-o|64\/100\n|-damage|p2b: Sinistcha|76\/100\n|-unboost|p1b: Gholdengo|spa|1\n|move|p2a: Kommo-o|Clanging Scales|p1a: Ceruledge|[spread] p1a,p1b\n|-resisted|p1b: Gholdengo\n|-damage|p1a: Ceruledge|32\/100\n|-damage|p1b: Gholdengo|34\/100\n|-unboost|p2a: Kommo-o|def|1\n|move|p1a: Ceruledge|Bitter Blade|p2a: Kommo-o\n|-supereffective|p2a: Kommo-o\n|-damage|p2a: Kommo-o|0 fnt\n|-heal|p1a: Ceruledge|60\/100|[from] drain|[of] p2a: Kommo-o\n|faint|p2a: Kommo-o\n|move|p2b: Sinistcha|Shadow Ball|p1a: Ceruledge\n|-supereffective|p1a: Ceruledge\n|-damage|p1a: Ceruledge|0 fnt\n|faint|p1a: Ceruledge\n|\n|upkeep\n|\n|t:|1697560579\n|switch|p2a: Tauros|Tauros-Paldea-Aqua, M|100\/100\n|switch|p1a: Hoopa|Hoopa-Unbound|100\/100\n|-activate|p2a: Tauros|move: Sticky Web\n|-unboost|p2a: Tauros|spe|1\n|-ability|p2a: Tauros|Intimidate|boost\n|-unboost|p1a: Hoopa|atk|1\n|-unboost|p1b: Gholdengo|atk|1\n|turn|4\n|\n|t:|1697560620\n|switch|p1b: Rillaboom|Rillaboom, M|100\/100\n|-fieldstart|move: Grassy Terrain|[from] ability: Grassy Surge|[of] p1b: Rillaboom\n|switch|p2b: Ribombee|Ribombee, F|100\/100\n|-activate|p2b: Ribombee|move: Sticky Web\n|-unboost|p2b: Ribombee|spe|1\n|move|p1a: Hoopa|Hyperspace Fury|p2b: Ribombee\n|-resisted|p2b: Ribombee\n|-damage|p2b: Ribombee|42\/100\n|-unboost|p1a: Hoopa|def|1\n|move|p2a: Tauros|Raging Bull|p1a: Hoopa\n|-damage|p1a: Hoopa|0 fnt\n|faint|p1a: Hoopa\n|-damage|p2a: Tauros|91\/100|[from] item: Life Orb\n|\n|-heal|p2b: Ribombee|48\/100|[from] Grassy Terrain\n|-heal|p2a: Tauros|97\/100|[from] Grassy Terrain\n|upkeep\n|\n|t:|1697560631\n|switch|p1a: Palafin|Palafin-Hero, F|100\/100\n|-activate|p1a: Palafin|ability: Zero to Hero\n|turn|5\n|\n|t:|1697560644\n|switch|p2a: Indeedee|Indeedee-F, F|100\/100\n|-activate|p2a: Indeedee|move: Sticky Web\n|-unboost|p2a: Indeedee|spe|1\n|-fieldstart|move: Psychic Terrain|[from] ability: Psychic Surge|[of] p2a: Indeedee\n|move|p1a: Palafin|Jet Punch|p2b: Ribombee\n|-activate|p2b: Ribombee|move: Psychic Terrain\n|move|p2b: Ribombee|Pollen Puff|p1b: Rillaboom\n|-supereffective|p1b: Rillaboom\n|-damage|p1b: Rillaboom|47\/100\n|move|p1b: Rillaboom|Wood Hammer|p2a: Indeedee\n|-damage|p2a: Indeedee|50\/100\n|-enditem|p2a: Indeedee|Sitrus Berry|[eat]\n|-heal|p2a: Indeedee|75\/100|[from] item: Sitrus Berry\n|-damage|p1b: Rillaboom|33\/100|[from] Recoil\n|\n|upkeep\n|turn|6\n|\n|t:|1697560695\n|switch|p1b: Gholdengo|Gholdengo|34\/100\n|move|p2b: Ribombee|Energy Ball|p1a: Palafin\n|-supereffective|p1a: Palafin\n|-damage|p1a: Palafin|49\/100\n|move|p1a: Palafin|Bulk Up|p1a: Palafin\n|-boost|p1a: Palafin|atk|1\n|-boost|p1a: Palafin|def|1\n|move|p2a: Indeedee|Psychic|p1a: Palafin\n|-damage|p1a: Palafin|14\/100\n|\n|-heal|p1a: Palafin|20\/100|[from] item: Leftovers\n|upkeep\n|turn|7\n|\n|t:|1697560716\n|switch|p2b: Tauros|Tauros-Paldea-Aqua, M|97\/100\n|-activate|p2b: Tauros|move: Sticky Web\n|-unboost|p2b: Tauros|spe|1\n|-ability|p2b: Tauros|Intimidate|boost\n|-unboost|p1a: Palafin|atk|1\n|-unboost|p1b: Gholdengo|atk|1\n|move|p1a: Palafin|Protect|p1a: Palafin\n|-singleturn|p1a: Palafin|Protect\n|move|p1b: Gholdengo|Make It Rain|p2a: Indeedee|[spread] p2a,p2b\n|-resisted|p2b: Tauros\n|-damage|p2a: Indeedee|27\/100\n|-damage|p2b: Tauros|61\/100\n|-unboost|p1b: Gholdengo|spa|1\n|move|p2a: Indeedee|Psychic|p1a: Palafin\n|-activate|p1a: Palafin|move: Protect\n|\n|-heal|p1a: Palafin|26\/100|[from] item: Leftovers\n|upkeep\n|turn|8\n|\n|t:|1697560740\n|switch|p1b: Rillaboom|Rillaboom, M|33\/100\n|-fieldstart|move: Grassy Terrain|[from] ability: Grassy Surge|[of] p1b: Rillaboom\n|move|p1a: Palafin|Jet Punch|p2a: Indeedee\n|-damage|p2a: Indeedee|0 fnt\n|faint|p2a: Indeedee\n|move|p2b: Tauros|Raging Bull|p1b: Rillaboom\n|-resisted|p1b: Rillaboom\n|-damage|p1b: Rillaboom|6\/100\n|-damage|p2b: Tauros|51\/100|[from] item: Life Orb\n|\n|-heal|p1a: Palafin|33\/100|[from] Grassy Terrain\n|-heal|p1a: Palafin|39\/100|[from] item: Leftovers\n|-heal|p1b: Rillaboom|12\/100|[from] Grassy Terrain\n|-heal|p2b: Tauros|57\/100|[from] Grassy Terrain\n|upkeep\n|\n|t:|1697560750\n|switch|p2a: Sinistcha|Sinistcha|76\/100\n|-activate|p2a: Sinistcha|move: Sticky Web\n|-unboost|p2a: Sinistcha|spe|1\n|-heal|p2b: Tauros|82\/100|[from] ability: Hospitality|[of] p2a: Sinistcha\n|turn|9\n|\n|t:|1697560791\n|switch|p2b: Ribombee|Ribombee, F|48\/100\n|-activate|p2b: Ribombee|move: Sticky Web\n|-unboost|p2b: Ribombee|spe|1\n|move|p1a: Palafin|Jet Punch|p2a: Sinistcha\n|-resisted|p2a: Sinistcha\n|-damage|p2a: Sinistcha|58\/100\n|move|p1b: Rillaboom|Wood Hammer|p2b: Ribombee\n|-resisted|p2b: Ribombee\n|-damage|p2b: Ribombee|0 fnt\n|faint|p2b: Ribombee\n|-damage|p1b: Rillaboom|2\/100|[from] Recoil\n|move|p2a: Sinistcha|Matcha Gotcha|p1a: Palafin|[spread] p1b\n|-miss|p2a: Sinistcha|p1a: Palafin\n|-resisted|p1b: Rillaboom\n|-damage|p1b: Rillaboom|0 fnt\n|-heal|p2a: Sinistcha|59\/100|[from] drain|[of] p1b: Rillaboom\n|faint|p1b: Rillaboom\n|\n|-heal|p1a: Palafin|45\/100|[from] Grassy Terrain\n|-heal|p1a: Palafin|51\/100|[from] item: Leftovers\n|-heal|p2a: Sinistcha|65\/100|[from] Grassy Terrain\n|upkeep\n|\n|t:|1697560805\n|switch|p2b: Tauros|Tauros-Paldea-Aqua, M|82\/100\n|switch|p1b: Gholdengo|Gholdengo|34\/100\n|-activate|p2b: Tauros|move: Sticky Web\n|-unboost|p2b: Tauros|spe|1\n|-ability|p2b: Tauros|Intimidate|boost\n|-unboost|p1a: Palafin|atk|1\n|-unboost|p1b: Gholdengo|atk|1\n|turn|10\n|\n|t:|1697560829\n|move|p1a: Palafin|Jet Punch|p2a: Sinistcha\n|-resisted|p2a: Sinistcha\n|-damage|p2a: Sinistcha|53\/100\n|move|p2b: Tauros|Aqua Jet|p1b: Gholdengo\n|-damage|p1b: Gholdengo|4\/100\n|-damage|p2b: Tauros|72\/100|[from] item: Life Orb\n|move|p1b: Gholdengo|Shadow Ball|p2b: Tauros\n|-damage|p2b: Tauros|3\/100\n|-unboost|p2b: Tauros|spd|1\n|move|p2a: Sinistcha|Matcha Gotcha|p1a: Palafin|[spread] p1b\n|-miss|p2a: Sinistcha|p1a: Palafin\n|-resisted|p1b: Gholdengo\n|-damage|p1b: Gholdengo|0 fnt\n|-heal|p2a: Sinistcha|55\/100|[from] drain|[of] p1b: Gholdengo\n|faint|p1b: Gholdengo\n|\n|-heal|p1a: Palafin|57\/100|[from] Grassy Terrain\n|-heal|p1a: Palafin|64\/100|[from] item: Leftovers\n|-heal|p2b: Tauros|9\/100|[from] Grassy Terrain\n|-heal|p2a: Sinistcha|61\/100|[from] Grassy Terrain\n|upkeep\n|turn|11\n|\n|t:|1697560849\n|move|p1a: Palafin|Jet Punch|p2b: Tauros\n|-resisted|p2b: Tauros\n|-damage|p2b: Tauros|0 fnt\n|faint|p2b: Tauros\n|move|p2a: Sinistcha|Matcha Gotcha|p1a: Palafin\n|-supereffective|p1a: Palafin\n|-damage|p1a: Palafin|0 fnt\n|-heal|p2a: Sinistcha|96\/100|[from] drain|[of] p1a: Palafin\n|faint|p1a: Palafin\n|\n|win|Daskhiel02\n|raw|Boshigoat's rating: 1414 &rarr; <strong>1393<\/strong><br \/>(-21 for losing)\n|raw|Daskhiel02's rating: 1400 &rarr; <strong>1421<\/strong><br \/>(+21 for winning)\n|l|\u2606Boshigoat\n|c|\u2606Daskhiel02|gg!\n","uploadtime":1697560862,"views":23,"p1id":"boshigoat","p2id":"daskhiel02","formatid":"gen9doublesou","rating":1393,"private":0,"password":""}