{"id":"gen9doublesou-1978843294","p1":"sovex","p2":"Jotijoti","format":"[Gen 9] Doubles OU","log":"|j|\u2606sovex\n|j|\u2606Jotijoti\n|t:|1698601760\n|gametype|doubles\n|player|p1|sovex|ghetsis|1188\n|player|p2|Jotijoti|fantina|1062\n|teamsize|p1|6\n|teamsize|p2|6\n|gen|9\n|tier|[Gen 9] Doubles OU\n|rated|\n|rule|Species Clause: Limit one of each Pok\u00e9mon\n|rule|OHKO Clause: OHKO moves are banned\n|rule|Evasion Moves Clause: Evasion moves are banned\n|rule|Gravity Sleep Clause: The combination of sleep-inducing moves with imperfect accuracy and Gravity or Gigantamax Orbeetle are banned\n|rule|Endless Battle Clause: Forcing endless battles is banned\n|rule|HP Percentage Mod: HP is shown in percentages\n|clearpoke\n|poke|p1|Flutter Mane|\n|poke|p1|Ninetales-Alola, M|\n|poke|p1|Chien-Pao|\n|poke|p1|Indeedee-F, F|\n|poke|p1|Armarouge, F|\n|poke|p1|Snorlax, F|\n|poke|p2|Farigiraf, M|\n|poke|p2|Greedent, F|\n|poke|p2|Froslass, F|\n|poke|p2|Raichu, F|\n|poke|p2|Tornadus, M|\n|poke|p2|Toxapex, M|\n|teampreview\n|inactive|Battle timer is ON: inactive players will automatically lose when time's up. (requested by sovex)\n|inactive|Jotijoti also wants the timer to be on.\n|c|\u2606sovex|glhf\n|\n|t:|1698601769\n|start\n|switch|p1a: Snorlax|Snorlax, F|100\/100\n|switch|p1b: Ninetales|Ninetales-Alola, M, shiny|100\/100\n|switch|p2a: Froslass|Froslass, F|100\/100\n|switch|p2b: Tornadus|Tornadus, M|100\/100\n|-weather|Snow|[from] ability: Snow Warning|[of] p1b: Ninetales\n|turn|1\n|\n|t:|1698601784\n|move|p2b: Tornadus|Tailwind|p2b: Tornadus\n|-sidestart|p2: Jotijoti|move: Tailwind\n|move|p2a: Froslass|Trick|p1b: Ninetales\n|-activate|p2a: Froslass|move: Trick|[of] p1b: Ninetales\n|-item|p1b: Ninetales|Choice Specs|[from] move: Trick\n|-item|p2a: Froslass|Light Clay|[from] move: Trick\n|move|p1b: Ninetales|Aurora Veil|p1b: Ninetales\n|-sidestart|p1: sovex|move: Aurora Veil\n|move|p1a: Snorlax|Belly Drum|p1a: Snorlax\n|-damage|p1a: Snorlax|50\/100\n|-setboost|p1a: Snorlax|atk|6|[from] move: Belly Drum\n|-enditem|p1a: Snorlax|Iapapa Berry|[eat]\n|-heal|p1a: Snorlax|84\/100|[from] item: Iapapa Berry\n|\n|-weather|Snow|[upkeep]\n|upkeep\n|turn|2\n|inactive|sovex has 120 seconds left.\n|inactive|Jotijoti has 120 seconds left.\n|\n|t:|1698601819\n|switch|p1b: Indeedee|Indeedee-F, F|100\/100\n|-fieldstart|move: Psychic Terrain|[from] ability: Psychic Surge|[of] p1b: Indeedee\n|move|p2b: Tornadus|Dark Pulse|p1a: Snorlax\n|-damage|p1a: Snorlax|74\/100\n|move|p2a: Froslass|Fake Tears|p1a: Snorlax\n|-unboost|p1a: Snorlax|spd|2\n|move|p1a: Snorlax|Outrage|p2b: Tornadus\n|-damage|p2b: Tornadus|0 fnt\n|faint|p2b: Tornadus\n|\n|-weather|Snow|[upkeep]\n|upkeep\n|inactive|Jotijoti has 120 seconds left.\n|\n|t:|1698601835\n|switch|p2b: Greedent|Greedent, F|100\/100\n|turn|3\n|\n|t:|1698601848\n|move|p2a: Froslass|Fake Tears|p1b: Indeedee\n|-unboost|p1b: Indeedee|spd|2\n|move|p1b: Indeedee|Heal Pulse|p1a: Snorlax\n|-heal|p1a: Snorlax|100\/100\n|move|p2b: Greedent|Psychic Fangs|p1a: Snorlax\n|-sideend|p1: sovex|move: Aurora Veil\n|-damage|p1a: Snorlax|79\/100\n|move|p1a: Snorlax|Outrage|p2b: Greedent|[from]lockedmove\n|-damage|p2b: Greedent|0 fnt\n|faint|p2b: Greedent\n|-start|p1a: Snorlax|confusion|[fatigue]\n|\n|-weather|Snow|[upkeep]\n|upkeep\n|inactive|Jotijoti has 120 seconds left.\n|\n|t:|1698601870\n|switch|p2b: Raichu|Raichu, F|100\/100\n|-item|p2b: Raichu|Air Balloon\n|turn|4\n|inactive|Jotijoti has 120 seconds left.\n|inactive|sovex has 120 seconds left.\n|\n|t:|1698601907\n|move|p2b: Raichu|Knock Off|p1b: Indeedee\n|-supereffective|p1b: Indeedee\n|-damage|p1b: Indeedee|38\/100\n|-enditem|p1b: Indeedee|Kasib Berry|[from] move: Knock Off|[of] p2b: Raichu\n|move|p2a: Froslass|Icy Wind|p1a: Snorlax|[spread] p1a,p1b\n|-damage|p1a: Snorlax|60\/100\n|-damage|p1b: Indeedee|7\/100\n|-unboost|p1a: Snorlax|spe|1\n|-unboost|p1b: Indeedee|spe|1\n|-activate|p1a: Snorlax|confusion\n|move|p1a: Snorlax|Outrage|p2a: Froslass\n|-damage|p2a: Froslass|0 fnt\n|faint|p2a: Froslass\n|move|p1b: Indeedee|Trick Room|p1b: Indeedee\n|-fieldstart|move: Trick Room|[of] p1b: Indeedee\n|\n|-weather|Snow|[upkeep]\n|-sideend|p2: Jotijoti|move: Tailwind\n|upkeep\n|inactive|Jotijoti has 120 seconds left.\n|\n|t:|1698601926\n|switch|p2a: Toxapex|Toxapex, M|100\/100\n|turn|5\n|inactive|Jotijoti has 120 seconds left.\n|\n|t:|1698601949\n|-terastallize|p2b: Raichu|Electric\n|-activate|p1a: Snorlax|confusion\n|move|p1a: Snorlax|Outrage|p2b: Raichu|[from]lockedmove\n|-damage|p2b: Raichu|0 fnt\n|-enditem|p2b: Raichu|Air Balloon\n|faint|p2b: Raichu\n|move|p2a: Toxapex|Hydro Pump|p1b: Indeedee\n|-damage|p1b: Indeedee|0 fnt\n|faint|p1b: Indeedee\n|\n|-weather|none\n|upkeep\n|\n|t:|1698601963\n|switch|p1b: Armarouge|Armarouge, F|100\/100\n|switch|p2b: Farigiraf|Farigiraf, M|100\/100\n|turn|6\n|\n|t:|1698601977\n|-terastallize|p1b: Armarouge|Grass\n|-activate|p1a: Snorlax|confusion\n|move|p1a: Snorlax|Outrage|p2b: Farigiraf|[from]lockedmove\n|-damage|p2b: Farigiraf|0 fnt\n|faint|p2b: Farigiraf\n|move|p2a: Toxapex|Toxic|p1a: Snorlax\n|-status|p1a: Snorlax|tox\n|move|p1b: Armarouge|Expanding Force|p2a: Toxapex\n|-supereffective|p2a: Toxapex\n|-damage|p2a: Toxapex|0 fnt\n|faint|p2a: Toxapex\n|-damage|p1b: Armarouge|91\/100|[from] item: Life Orb\n|\n|win|sovex\n|raw|sovex's rating: 1188 &rarr; <strong>1204<\/strong><br \/>(+16 for winning)\n|raw|Jotijoti's rating: 1062 &rarr; <strong>1049<\/strong><br \/>(-13 for losing)\n|l|\u2606Jotijoti\n|c|\u2606sovex|gg\n","uploadtime":1698601997,"views":16,"p1id":"sovex","p2id":"jotijoti","formatid":"gen9doublesou","rating":1049,"private":0,"password":""}