{"id":"gen9doublesou-1976338842","p1":"ToneyTrain","p2":"EkCantDrawLol","format":"[Gen 9] Doubles OU","log":"|j|\u2606ToneyTrain\n|j|\u2606EkCantDrawLol\n|t:|1698288452\n|gametype|doubles\n|player|p1|ToneyTrain|boarder|1404\n|player|p2|EkCantDrawLol|skierf|1543\n|teamsize|p1|6\n|teamsize|p2|6\n|gen|9\n|tier|[Gen 9] Doubles OU\n|rated|\n|rule|Species Clause: Limit one of each Pok\u00e9mon\n|rule|OHKO Clause: OHKO moves are banned\n|rule|Evasion Moves Clause: Evasion moves are banned\n|rule|Gravity Sleep Clause: The combination of sleep-inducing moves with imperfect accuracy and Gravity or Gigantamax Orbeetle are banned\n|rule|Endless Battle Clause: Forcing endless battles is banned\n|rule|HP Percentage Mod: HP is shown in percentages\n|clearpoke\n|poke|p1|Drifblim, F|\n|poke|p1|Rillaboom, M|\n|poke|p1|Farigiraf, F|\n|poke|p1|Walking Wake|\n|poke|p1|Chi-Yu|\n|poke|p1|Chien-Pao|\n|poke|p2|Kommo-o, F|\n|poke|p2|Tyranitar, M|\n|poke|p2|Flutter Mane|\n|poke|p2|Tornadus, M|\n|poke|p2|Amoonguss, F|\n|poke|p2|Ursaluna, F|\n|teampreview\n|inactive|Battle timer is ON: inactive players will automatically lose when time's up. (requested by ToneyTrain)\n|\n|t:|1698288476\n|start\n|switch|p1a: Rillaboom|Rillaboom, M|100\/100\n|switch|p1b: Drifblim|Drifblim, F|100\/100\n|switch|p2a: Amoonguss|Amoonguss, F, shiny|100\/100\n|switch|p2b: Kommo-o|Kommo-o, F, shiny|100\/100\n|-fieldstart|move: Grassy Terrain|[from] ability: Grassy Surge|[of] p1a: Rillaboom\n|-enditem|p1b: Drifblim|Grassy Seed\n|-boost|p1b: Drifblim|def|1|[from] item: Grassy Seed\n|turn|1\n|\n|t:|1698288498\n|-terastallize|p2b: Kommo-o|Steel\n|move|p1b: Drifblim|Tailwind|p1b: Drifblim\n|-sidestart|p1: ToneyTrain|move: Tailwind\n|move|p1a: Rillaboom|U-turn|p2b: Kommo-o\n|-resisted|p2b: Kommo-o\n|-damage|p2b: Kommo-o|88\/100\n|\n|t:|1698288507\n|switch|p1a: Farigiraf|Farigiraf, F|100\/100|[from] U-turn\n|move|p2b: Kommo-o|Clangorous Soul|p2b: Kommo-o\n|-boost|p2b: Kommo-o|atk|1\n|-boost|p2b: Kommo-o|def|1\n|-boost|p2b: Kommo-o|spa|1\n|-boost|p2b: Kommo-o|spd|1\n|-boost|p2b: Kommo-o|spe|1\n|-damage|p2b: Kommo-o|55\/100\n|move|p2a: Amoonguss|Spore|p1b: Drifblim\n|-status|p1b: Drifblim|slp|[from] move: Spore\n|\n|-heal|p2b: Kommo-o|62\/100|[from] Grassy Terrain\n|upkeep\n|turn|2\n|\n|t:|1698288525\n|cant|p1b: Drifblim|slp\n|move|p2b: Kommo-o|Drain Punch|p1a: Farigiraf\n|-damage|p1a: Farigiraf|46\/100\n|-heal|p2b: Kommo-o|100\/100|[from] drain|[of] p1a: Farigiraf\n|-enditem|p1a: Farigiraf|Sitrus Berry|[eat]\n|-heal|p1a: Farigiraf|71\/100|[from] item: Sitrus Berry\n|move|p1a: Farigiraf|Psyshock|p2a: Amoonguss\n|-supereffective|p2a: Amoonguss\n|-damage|p2a: Amoonguss|54\/100\n|move|p2a: Amoonguss|Pollen Puff|p2b: Kommo-o\n|-immune|p2b: Kommo-o\n|\n|-heal|p1a: Farigiraf|77\/100|[from] Grassy Terrain\n|-heal|p2a: Amoonguss|60\/100|[from] Grassy Terrain\n|upkeep\n|turn|3\n|\n|t:|1698288545\n|cant|p1b: Drifblim|slp\n|move|p2b: Kommo-o|Clangorous Soul|p2b: Kommo-o\n|-boost|p2b: Kommo-o|atk|1\n|-boost|p2b: Kommo-o|def|1\n|-boost|p2b: Kommo-o|spa|1\n|-boost|p2b: Kommo-o|spd|1\n|-boost|p2b: Kommo-o|spe|1\n|-damage|p2b: Kommo-o|68\/100\n|move|p2a: Amoonguss|Pollen Puff|p2b: Kommo-o\n|-heal|p2b: Kommo-o|100\/100\n|move|p1a: Farigiraf|Roar|p2b: Kommo-o\n|drag|p2b: Tornadus|Tornadus, M, shiny|100\/100\n|\n|-heal|p1a: Farigiraf|83\/100|[from] Grassy Terrain\n|-heal|p2a: Amoonguss|67\/100|[from] Grassy Terrain\n|upkeep\n|turn|4\n|c|\u2606EkCantDrawLol|Lol\n|inactive|EkCantDrawLol has 120 seconds left.\n|\n|t:|1698288576\n|switch|p2a: Kommo-o|Kommo-o, F, shiny, tera:Steel|100\/100\n|cant|p1b: Drifblim|slp\n|move|p2b: Tornadus|Bleakwind Storm|p1a: Farigiraf|[spread] p1a,p1b\n|-damage|p1a: Farigiraf|52\/100\n|-damage|p1b: Drifblim|62\/100 slp\n|-unboost|p1a: Farigiraf|spe|1\n|move|p1a: Farigiraf|Psyshock|p2a: Kommo-o\n|-resisted|p2a: Kommo-o\n|-damage|p2a: Kommo-o|83\/100\n|\n|-heal|p2a: Kommo-o|89\/100|[from] Grassy Terrain\n|-heal|p1a: Farigiraf|58\/100|[from] Grassy Terrain\n|-sideend|p1: ToneyTrain|move: Tailwind\n|upkeep\n|turn|5\n|\n|t:|1698288593\n|-curestatus|p1b: Drifblim|slp|[msg]\n|move|p1b: Drifblim|Thunder Wave|p2a: Kommo-o\n|-status|p2a: Kommo-o|par\n|move|p2b: Tornadus|Bleakwind Storm|p1b: Drifblim|[spread] p1a,p1b\n|-damage|p1a: Farigiraf|23\/100\n|-damage|p1b: Drifblim|26\/100\n|-unboost|p1a: Farigiraf|spe|1\n|move|p2a: Kommo-o|Dragon Claw|p1b: Drifblim\n|-damage|p1b: Drifblim|0 fnt\n|faint|p1b: Drifblim\n|move|p1a: Farigiraf|Roar|p2a: Kommo-o\n|drag|p2a: Ursaluna|Ursaluna, F, shiny|100\/100\n|\n|-heal|p1a: Farigiraf|29\/100|[from] Grassy Terrain\n|-fieldend|move: Grassy Terrain\n|-status|p2a: Ursaluna|brn|[from] item: Flame Orb\n|upkeep\n|\n|t:|1698288608\n|switch|p1b: Chien-Pao|Chien-Pao|100\/100\n|-ability|p1b: Chien-Pao|Sword of Ruin\n|turn|6\n|\n|t:|1698288620\n|move|p2b: Tornadus|Tailwind|p2b: Tornadus\n|-sidestart|p2: EkCantDrawLol|move: Tailwind\n|move|p1b: Chien-Pao|Ice Spinner|p2a: Ursaluna\n|-supereffective|p2a: Ursaluna\n|-damage|p2a: Ursaluna|28\/100 brn\n|move|p2a: Ursaluna|Earthquake|p1b: Chien-Pao|[spread] p1a,p1b\n|-immune|p2b: Tornadus\n|-damage|p1a: Farigiraf|0 fnt\n|-damage|p1b: Chien-Pao|2\/100\n|faint|p1a: Farigiraf\n|\n|-damage|p2a: Ursaluna|21\/100 brn|[from] brn\n|upkeep\n|\n|t:|1698288633\n|switch|p1a: Rillaboom|Rillaboom, M|100\/100\n|-fieldstart|move: Grassy Terrain|[from] ability: Grassy Surge|[of] p1a: Rillaboom\n|turn|7\n|\n|t:|1698288640\n|switch|p1a: Walking Wake|Walking Wake|100\/100\n|-enditem|p1a: Walking Wake|Booster Energy\n|-activate|p1a: Walking Wake|ability: Protosynthesis|[fromitem]\n|-start|p1a: Walking Wake|protosynthesisspa\n|move|p2a: Ursaluna|Protect|p2a: Ursaluna\n|-singleturn|p2a: Ursaluna|Protect\n|move|p1b: Chien-Pao|Ice Shard|p2a: Ursaluna\n|-activate|p2a: Ursaluna|move: Protect\n|move|p2b: Tornadus|Bleakwind Storm|p1b: Chien-Pao|[spread] p1a,p1b\n|-damage|p1a: Walking Wake|56\/100\n|-damage|p1b: Chien-Pao|0 fnt\n|faint|p1b: Chien-Pao\n|\n|-heal|p1a: Walking Wake|62\/100|[from] Grassy Terrain\n|-heal|p2a: Ursaluna|28\/100 brn|[from] Grassy Terrain\n|-damage|p2a: Ursaluna|21\/100 brn|[from] brn\n|upkeep\n|\n|t:|1698288648\n|switch|p1b: Chi-Yu|Chi-Yu|100\/100\n|-ability|p1b: Chi-Yu|Beads of Ruin\n|turn|8\n|\n|t:|1698288653\n|move|p1a: Walking Wake|Protect|p1a: Walking Wake\n|-singleturn|p1a: Walking Wake|Protect\n|move|p2b: Tornadus|Bleakwind Storm|p1b: Chi-Yu|[spread] \n|-activate|p1a: Walking Wake|move: Protect\n|-miss|p2b: Tornadus|p1b: Chi-Yu\n|move|p1b: Chi-Yu|Heat Wave|p2a: Ursaluna|[spread] p2a,p2b\n|-damage|p2a: Ursaluna|0 fnt\n|-damage|p2b: Tornadus|0 fnt\n|faint|p2a: Ursaluna\n|faint|p2b: Tornadus\n|\n|-heal|p1a: Walking Wake|68\/100|[from] Grassy Terrain\n|upkeep\n|\n|t:|1698288669\n|switch|p2b: Flutter Mane|Flutter Mane, shiny|100\/100\n|switch|p2a: Tyranitar|Tyranitar, M, shiny|100\/100\n|-weather|Sandstorm|[from] ability: Sand Stream|[of] p2a: Tyranitar\n|-enditem|p2b: Flutter Mane|Booster Energy\n|-activate|p2b: Flutter Mane|ability: Protosynthesis|[fromitem]\n|-start|p2b: Flutter Mane|protosynthesisspe\n|turn|9\n|\n|t:|1698288679\n|-end|p1a: Walking Wake|Protosynthesis|[silent]\n|switch|p1a: Rillaboom|Rillaboom, M|100\/100\n|-terastallize|p1b: Chi-Yu|Ghost\n|move|p2b: Flutter Mane|Moonblast|p1a: Rillaboom\n|-damage|p1a: Rillaboom|16\/100\n|-unboost|p1a: Rillaboom|spa|1\n|-enditem|p1a: Rillaboom|Figy Berry|[eat]\n|-heal|p1a: Rillaboom|49\/100|[from] item: Figy Berry\n|move|p2a: Tyranitar|Rock Slide|p1a: Rillaboom|[spread] p1b\n|-miss|p2a: Tyranitar|p1a: Rillaboom\n|-damage|p1b: Chi-Yu|60\/100\n|move|p1b: Chi-Yu|Heat Wave|p2b: Flutter Mane|[spread] p2a,p2b\n|-resisted|p2a: Tyranitar\n|-damage|p2a: Tyranitar|77\/100\n|-damage|p2b: Flutter Mane|20\/100\n|\n|-weather|Sandstorm|[upkeep]\n|-damage|p2b: Flutter Mane|14\/100|[from] Sandstorm\n|-damage|p1b: Chi-Yu|54\/100|[from] Sandstorm\n|-damage|p1a: Rillaboom|43\/100|[from] Sandstorm\n|-heal|p2b: Flutter Mane|20\/100|[from] Grassy Terrain\n|-heal|p2a: Tyranitar|84\/100|[from] Grassy Terrain\n|-heal|p1b: Chi-Yu|60\/100|[from] Grassy Terrain\n|-heal|p1a: Rillaboom|49\/100|[from] Grassy Terrain\n|-sideend|p2: EkCantDrawLol|move: Tailwind\n|upkeep\n|turn|10\n|\n|t:|1698288698\n|move|p2b: Flutter Mane|Shadow Ball|p1b: Chi-Yu\n|-supereffective|p1b: Chi-Yu\n|-damage|p1b: Chi-Yu|0 fnt\n|faint|p1b: Chi-Yu\n|move|p1a: Rillaboom|Drum Beating|p2a: Tyranitar\n|-supereffective|p2a: Tyranitar\n|-damage|p2a: Tyranitar|0 fnt\n|faint|p2a: Tyranitar\n|\n|-weather|Sandstorm|[upkeep]\n|-damage|p2b: Flutter Mane|14\/100|[from] Sandstorm\n|-damage|p1a: Rillaboom|43\/100|[from] Sandstorm\n|-heal|p2b: Flutter Mane|20\/100|[from] Grassy Terrain\n|-heal|p1a: Rillaboom|49\/100|[from] Grassy Terrain\n|upkeep\n|\n|t:|1698288707\n|switch|p1b: Walking Wake|Walking Wake|68\/100\n|switch|p2a: Amoonguss|Amoonguss, F, shiny|99\/100\n|turn|11\n|\n|t:|1698288715\n|move|p2b: Flutter Mane|Protect|p2b: Flutter Mane\n|-singleturn|p2b: Flutter Mane|Protect\n|move|p1b: Walking Wake|Protect|p1b: Walking Wake\n|-singleturn|p1b: Walking Wake|Protect\n|move|p1a: Rillaboom|Drum Beating|p2b: Flutter Mane\n|-activate|p2b: Flutter Mane|move: Protect\n|move|p2a: Amoonguss|Spore|p1b: Walking Wake\n|-activate|p1b: Walking Wake|move: Protect\n|\n|-weather|Sandstorm|[upkeep]\n|-damage|p2b: Flutter Mane|14\/100|[from] Sandstorm\n|-damage|p1b: Walking Wake|62\/100|[from] Sandstorm\n|-damage|p1a: Rillaboom|43\/100|[from] Sandstorm\n|-damage|p2a: Amoonguss|94\/100|[from] Sandstorm\n|-heal|p2b: Flutter Mane|20\/100|[from] Grassy Terrain\n|-heal|p1b: Walking Wake|68\/100|[from] Grassy Terrain\n|-heal|p1a: Rillaboom|49\/100|[from] Grassy Terrain\n|-heal|p2a: Amoonguss|99\/100|[from] Grassy Terrain\n|-fieldend|move: Grassy Terrain\n|upkeep\n|turn|12\n|\n|t:|1698288728\n|move|p2a: Amoonguss|Rage Powder|p2a: Amoonguss\n|-singleturn|p2a: Amoonguss|move: Rage Powder\n|move|p2b: Flutter Mane|Moonblast|p1b: Walking Wake\n|-supereffective|p1b: Walking Wake\n|-damage|p1b: Walking Wake|0 fnt\n|faint|p1b: Walking Wake\n|-end|p1b: Walking Wake|Protosynthesis|[silent]\n|move|p1a: Rillaboom|Knock Off|p2b: Flutter Mane\n|-damage|p2b: Flutter Mane|0 fnt\n|faint|p2b: Flutter Mane\n|-end|p2b: Flutter Mane|Protosynthesis|[silent]\n|\n|-weather|Sandstorm|[upkeep]\n|-damage|p1a: Rillaboom|43\/100|[from] Sandstorm\n|-damage|p2a: Amoonguss|94\/100|[from] Sandstorm\n|upkeep\n|\n|t:|1698288732\n|switch|p2b: Kommo-o|Kommo-o, F, shiny, tera:Steel|89\/100 par\n|turn|13\n|\n|t:|1698288752\n|move|p1a: Rillaboom|Drain Punch|p2b: Kommo-o\n|-supereffective|p2b: Kommo-o\n|-damage|p2b: Kommo-o|38\/100 par\n|-heal|p1a: Rillaboom|62\/100|[from] drain|[of] p2b: Kommo-o\n|move|p2b: Kommo-o|Drain Punch|p1a: Rillaboom\n|-damage|p1a: Rillaboom|32\/100\n|-heal|p2b: Kommo-o|59\/100 par|[from] drain|[of] p1a: Rillaboom\n|move|p2a: Amoonguss|Pollen Puff|p2b: Kommo-o\n|-heal|p2b: Kommo-o|100\/100 par\n|\n|-weather|none\n|upkeep\n|turn|14\n|\n|t:|1698288772\n|move|p1a: Rillaboom|Drain Punch|p2b: Kommo-o\n|-supereffective|p2b: Kommo-o\n|-damage|p2b: Kommo-o|46\/100 par\n|-heal|p1a: Rillaboom|52\/100|[from] drain|[of] p2b: Kommo-o\n|move|p2b: Kommo-o|Drain Punch|p1a: Rillaboom\n|-damage|p1a: Rillaboom|17\/100\n|-heal|p2b: Kommo-o|70\/100 par|[from] drain|[of] p1a: Rillaboom\n|move|p2a: Amoonguss|Pollen Puff|p2b: Kommo-o\n|-heal|p2b: Kommo-o|100\/100 par\n|\n|upkeep\n|turn|15\n|\n|t:|1698288785\n|move|p2b: Kommo-o|Protect|p2b: Kommo-o\n|-singleturn|p2b: Kommo-o|Protect\n|move|p1a: Rillaboom|U-turn|p2a: Amoonguss\n|-damage|p2a: Amoonguss|76\/100\n|move|p2a: Amoonguss|Pollen Puff|p1a: Rillaboom\n|-supereffective|p1a: Rillaboom\n|-damage|p1a: Rillaboom|0 fnt\n|faint|p1a: Rillaboom\n|\n|win|EkCantDrawLol\n|raw|ToneyTrain's rating: 1404 &rarr; <strong>1392<\/strong><br \/>(-12 for losing)\n|raw|EkCantDrawLol's rating: 1543 &rarr; <strong>1555<\/strong><br \/>(+12 for winning)\n|c|\u2606EkCantDrawLol|Gg\n","uploadtime":1698288795,"views":9,"p1id":"toneytrain","p2id":"ekcantdrawlol","formatid":"gen9doublesou","rating":1392,"private":0,"password":""}