{"id":"gen9doublesou-1981408621","p1":"Haneoka_Meimi","p2":"Bavier_ultimate","format":"[Gen 9] Doubles OU","log":"|j|\u2606Haneoka_Meimi\n|j|\u2606Bavier_ultimate\n|t:|1698892540\n|gametype|doubles\n|player|p1|Haneoka_Meimi|2|1424\n|player|p2|Bavier_ultimate|169|1495\n|teamsize|p1|6\n|teamsize|p2|6\n|gen|9\n|tier|[Gen 9] Doubles OU\n|rated|\n|rule|Species Clause: Limit one of each Pok\u00e9mon\n|rule|OHKO Clause: OHKO moves are banned\n|rule|Evasion Moves Clause: Evasion moves are banned\n|rule|Gravity Sleep Clause: The combination of sleep-inducing moves with imperfect accuracy and Gravity or Gigantamax Orbeetle are banned\n|rule|Endless Battle Clause: Forcing endless battles is banned\n|rule|HP Percentage Mod: HP is shown in percentages\n|clearpoke\n|poke|p1|Tornadus, M|\n|poke|p1|Ursaluna-Bloodmoon, M|\n|poke|p1|Chi-Yu|\n|poke|p1|Iron Hands|\n|poke|p1|Armarouge, F|\n|poke|p1|Indeedee-F, F|\n|poke|p2|Sableye, F|\n|poke|p2|Arcanine-Hisui, M|\n|poke|p2|Cresselia, F|\n|poke|p2|Flutter Mane|\n|poke|p2|Iron Bundle|\n|poke|p2|Kommo-o, M|\n|teampreview\n|inactive|Battle timer is ON: inactive players will automatically lose when time's up. (requested by Haneoka_Meimi)\n|\n|t:|1698892550\n|start\n|switch|p1a: Tornadus|Tornadus, M|100\/100\n|switch|p1b: Chi-Yu|Chi-Yu|100\/100\n|switch|p2a: Flutter Mane|Flutter Mane|100\/100\n|switch|p2b: Sableye|Sableye, F|100\/100\n|-ability|p1b: Chi-Yu|Beads of Ruin\n|-enditem|p2a: Flutter Mane|Booster Energy\n|-activate|p2a: Flutter Mane|ability: Protosynthesis|[fromitem]\n|-start|p2a: Flutter Mane|protosynthesisspa\n|turn|1\n|\n|t:|1698892564\n|-terastallize|p1b: Chi-Yu|Fire\n|move|p1a: Tornadus|Sunny Day|p1a: Tornadus\n|-weather|SunnyDay\n|move|p2a: Flutter Mane|Dazzling Gleam|p1b: Chi-Yu|[spread] p1a,p1b\n|-resisted|p1b: Chi-Yu\n|-damage|p1a: Tornadus|15\/100\n|-damage|p1b: Chi-Yu|73\/100\n|move|p1b: Chi-Yu|Heat Wave|p2a: Flutter Mane|[spread] p2a,p2b\n|-damage|p2a: Flutter Mane|0 fnt\n|-damage|p2b: Sableye|0 fnt\n|faint|p2a: Flutter Mane\n|-end|p2a: Flutter Mane|Protosynthesis|[silent]\n|faint|p2b: Sableye\n|-damage|p1b: Chi-Yu|63\/100|[from] item: Life Orb\n|\n|-weather|SunnyDay|[upkeep]\n|upkeep\n|\n|t:|1698892577\n|switch|p2a: Iron Bundle|Iron Bundle|100\/100\n|switch|p2b: Kommo-o|Kommo-o, M|100\/100\n|-enditem|p2a: Iron Bundle|Booster Energy\n|-activate|p2a: Iron Bundle|ability: Quark Drive|[fromitem]\n|-start|p2a: Iron Bundle|quarkdrivespe\n|turn|2\n|\n|t:|1698892586\n|move|p2b: Kommo-o|Protect|p2b: Kommo-o\n|-singleturn|p2b: Kommo-o|Protect\n|move|p1a: Tornadus|Tailwind|p1a: Tornadus\n|-sidestart|p1: Haneoka_Meimi|move: Tailwind\n|move|p2a: Iron Bundle|Hydro Pump|p1b: Chi-Yu\n|-supereffective|p1b: Chi-Yu\n|-damage|p1b: Chi-Yu|3\/100\n|move|p1b: Chi-Yu|Heat Wave|p2b: Kommo-o|[spread] p2a\n|-activate|p2b: Kommo-o|move: Protect\n|-damage|p2a: Iron Bundle|0 fnt\n|faint|p2a: Iron Bundle\n|-end|p2a: Iron Bundle|Quark Drive|[silent]\n|-damage|p1b: Chi-Yu|0 fnt|[from] item: Life Orb\n|faint|p1b: Chi-Yu\n|\n|-weather|SunnyDay|[upkeep]\n|upkeep\n|\n|t:|1698892609\n|switch|p2a: Cresselia|Cresselia, F|100\/100\n|switch|p1b: Armarouge|Armarouge, F|100\/100\n|turn|3\n|inactive|Bavier_ultimate has 120 seconds left.\n|\n|t:|1698892640\n|switch|p1a: Indeedee|Indeedee-F, F|100\/100\n|-fieldstart|move: Psychic Terrain|[from] ability: Psychic Surge|[of] p1a: Indeedee\n|move|p1b: Armarouge|Expanding Force|p2a: Cresselia|[spread] p2a,p2b\n|-resisted|p2a: Cresselia\n|-supereffective|p2b: Kommo-o\n|-damage|p2a: Cresselia|74\/100\n|-damage|p2b: Kommo-o|0 fnt\n|faint|p2b: Kommo-o\n|move|p2a: Cresselia|Calm Mind|p2a: Cresselia\n|-boost|p2a: Cresselia|spa|1\n|-boost|p2a: Cresselia|spd|1\n|\n|-weather|SunnyDay|[upkeep]\n|-heal|p2a: Cresselia|80\/100|[from] item: Leftovers\n|upkeep\n|\n|t:|1698892643\n|switch|p2b: Arcanine|Arcanine-Hisui, M|100\/100\n|-ability|p2b: Arcanine|Intimidate|boost\n|-unboost|p1a: Indeedee|atk|1\n|-unboost|p1b: Armarouge|atk|1\n|turn|4\n|\n|t:|1698892668\n|move|p1a: Indeedee|Helping Hand|p1b: Armarouge\n|-singleturn|p1b: Armarouge|Helping Hand|[of] p1a: Indeedee\n|move|p1b: Armarouge|Expanding Force|p2b: Arcanine|[spread] p2a,p2b\n|-resisted|p2a: Cresselia\n|-damage|p2a: Cresselia|54\/100\n|-damage|p2b: Arcanine|0 fnt\n|faint|p2b: Arcanine\n|move|p2a: Cresselia|Calm Mind|p2a: Cresselia\n|-boost|p2a: Cresselia|spa|1\n|-boost|p2a: Cresselia|spd|1\n|\n|-weather|SunnyDay|[upkeep]\n|-heal|p2a: Cresselia|60\/100|[from] item: Leftovers\n|upkeep\n|turn|5\n|\n|t:|1698892686\n|-terastallize|p2a: Cresselia|Electric\n|move|p1a: Indeedee|Dazzling Gleam|p2a: Cresselia\n|-damage|p2a: Cresselia|53\/100\n|move|p1b: Armarouge|Taunt|p2a: Cresselia\n|-start|p2a: Cresselia|move: Taunt\n|cant|p2a: Cresselia|move: Taunt|Lunar Blessing\n|\n|-weather|none\n|-heal|p2a: Cresselia|60\/100|[from] item: Leftovers\n|-sideend|p1: Haneoka_Meimi|move: Tailwind\n|upkeep\n|turn|6\n|\n|t:|1698892699\n|move|p1a: Indeedee|Helping Hand|p1b: Armarouge\n|-singleturn|p1b: Armarouge|Helping Hand|[of] p1a: Indeedee\n|move|p2a: Cresselia|Stored Power|p1b: Armarouge\n|-resisted|p1b: Armarouge\n|-damage|p1b: Armarouge|72\/100\n|move|p1b: Armarouge|Expanding Force|p2a: Cresselia\n|-damage|p2a: Cresselia|6\/100\n|\n|-heal|p2a: Cresselia|12\/100|[from] item: Leftovers\n|upkeep\n|turn|7\n|\n|t:|1698892711\n|move|p1a: Indeedee|Helping Hand|p1b: Armarouge\n|-singleturn|p1b: Armarouge|Helping Hand|[of] p1a: Indeedee\n|move|p2a: Cresselia|Icy Wind|p1b: Armarouge|[spread] p1a,p1b\n|-resisted|p1b: Armarouge\n|-damage|p1a: Indeedee|89\/100\n|-damage|p1b: Armarouge|64\/100\n|-unboost|p1a: Indeedee|spe|1\n|-unboost|p1b: Armarouge|spe|1\n|move|p1b: Armarouge|Expanding Force|p2a: Cresselia\n|-damage|p2a: Cresselia|0 fnt\n|faint|p2a: Cresselia\n|\n|win|Haneoka_Meimi\n|raw|Haneoka_Meimi's rating: 1424 &rarr; <strong>1448<\/strong><br \/>(+24 for winning)\n|raw|Bavier_ultimate's rating: 1495 &rarr; <strong>1471<\/strong><br \/>(-24 for losing)\n|l|\u2606Bavier_ultimate\n","uploadtime":1698894479,"views":16,"p1id":"haneokameimi","p2id":"bavierultimate","formatid":"gen9doublesou","rating":1448,"private":0,"password":""}