{"id":"gen9doublesou-1993688430","p1":"kalykeasteria","p2":"Azuretx","format":"[Gen 9] Doubles OU","log":"|j|\u2606kalykeasteria\n|j|\u2606Azuretx\n|t:|1700345736\n|gametype|doubles\n|player|p1|kalykeasteria|winona|1025\n|player|p2|Azuretx|boarder|1000\n|teamsize|p1|6\n|teamsize|p2|6\n|gen|9\n|tier|[Gen 9] Doubles OU\n|rated|\n|rule|Species Clause: Limit one of each Pok\u00e9mon\n|rule|OHKO Clause: OHKO moves are banned\n|rule|Evasion Moves Clause: Evasion moves are banned\n|rule|Gravity Sleep Clause: The combination of sleep-inducing moves with imperfect accuracy and Gravity or Gigantamax Orbeetle are banned\n|rule|Endless Battle Clause: Forcing endless battles is banned\n|rule|HP Percentage Mod: HP is shown in percentages\n|clearpoke\n|poke|p1|Mesprit|\n|poke|p1|Indeedee-F, F|\n|poke|p1|Armarouge, F|\n|poke|p1|Hatterene, F|\n|poke|p1|Ting-Lu|\n|poke|p1|Ursaluna-Bloodmoon, M|\n|poke|p2|Thundurus-Therian, M|\n|poke|p2|Bellibolt, M|\n|poke|p2|Zapdos|\n|poke|p2|Sandy Shocks|\n|poke|p2|Decidueye-Hisui, M|\n|poke|p2|Rotom-Fan|\n|teampreview\n|\n|t:|1700345741\n|start\n|switch|p1a: Mesprit|Mesprit|100\/100\n|switch|p1b: Indeedee|Indeedee-F, F|100\/100\n|switch|p2a: Decidueye|Decidueye-Hisui, M, shiny|100\/100\n|switch|p2b: Rotom|Rotom-Fan, shiny|100\/100\n|-fieldstart|move: Psychic Terrain|[from] ability: Psychic Surge|[of] p1b: Indeedee\n|-enditem|p1b: Indeedee|Psychic Seed\n|-boost|p1b: Indeedee|spd|1|[from] item: Psychic Seed\n|turn|1\n|\n|t:|1700345769\n|-terastallize|p1a: Mesprit|Electric\n|move|p2b: Rotom|Electro Ball|p1b: Indeedee\n|-damage|p1b: Indeedee|86\/100\n|move|p1a: Mesprit|Thunderbolt|p2a: Decidueye\n|-resisted|p2a: Decidueye\n|-damage|p2a: Decidueye|79\/100\n|move|p2a: Decidueye|Knock Off|p1a: Mesprit\n|-damage|p1a: Mesprit|72\/100\n|-enditem|p1a: Mesprit|Mind Plate|[from] move: Knock Off|[of] p2a: Decidueye\n|move|p1b: Indeedee|Trick Room|p1b: Indeedee\n|-fieldstart|move: Trick Room|[of] p1b: Indeedee\n|\n|upkeep\n|turn|2\n|\n|t:|1700345794\n|move|p1b: Indeedee|Helping Hand|p1a: Mesprit\n|-singleturn|p1a: Mesprit|Helping Hand|[of] p1b: Indeedee\n|move|p2a: Decidueye|Bulk Up|p2a: Decidueye\n|-boost|p2a: Decidueye|atk|1\n|-boost|p2a: Decidueye|def|1\n|move|p1a: Mesprit|Expanding Force|p2a: Decidueye\n|-supereffective|p2a: Decidueye\n|-damage|p2a: Decidueye|0 fnt\n|faint|p2a: Decidueye\n|move|p2b: Rotom|Poltergeist||[still]\n|-fail|p2b: Rotom\n|\n|upkeep\n|\n|t:|1700345809\n|switch|p2a: Sandy Shocks|Sandy Shocks|100\/100\n|-enditem|p2a: Sandy Shocks|Booster Energy\n|-activate|p2a: Sandy Shocks|ability: Protosynthesis|[fromitem]\n|-start|p2a: Sandy Shocks|protosynthesisspe\n|turn|3\n|\n|t:|1700345826\n|move|p1b: Indeedee|Helping Hand|p1a: Mesprit\n|-singleturn|p1a: Mesprit|Helping Hand|[of] p1b: Indeedee\n|move|p1a: Mesprit|Expanding Force|p2a: Sandy Shocks\n|-crit|p2a: Sandy Shocks\n|-damage|p2a: Sandy Shocks|3\/100\n|move|p2b: Rotom|Nasty Plot|p2b: Rotom\n|-boost|p2b: Rotom|spa|2\n|move|p2a: Sandy Shocks|Reflect|p2a: Sandy Shocks\n|-sidestart|p2: Azuretx|Reflect\n|\n|upkeep\n|turn|4\n|\n|t:|1700345861\n|move|p1a: Mesprit|Extrasensory|p2a: Sandy Shocks\n|-damage|p2a: Sandy Shocks|0 fnt\n|faint|p2a: Sandy Shocks\n|-end|p2a: Sandy Shocks|Protosynthesis|[silent]\n|move|p1b: Indeedee|Heal Pulse|p1a: Mesprit\n|-heal|p1a: Mesprit|100\/100\n|move|p2b: Rotom|Discharge|p1a: Mesprit|[spread] p1a,p1b\n|-resisted|p1a: Mesprit\n|-damage|p1a: Mesprit|71\/100\n|-damage|p1b: Indeedee|57\/100\n|\n|upkeep\n|\n|t:|1700345874\n|switch|p2a: Thundurus|Thundurus-Therian, M, shiny|100\/100\n|turn|5\n|\n|t:|1700345885\n|-terastallize|p2a: Thundurus|Electric\n|move|p1b: Indeedee|Helping Hand|p1a: Mesprit\n|-singleturn|p1a: Mesprit|Helping Hand|[of] p1b: Indeedee\n|move|p1a: Mesprit|Expanding Force|p2a: Thundurus\n|-damage|p2a: Thundurus|22\/100\n|move|p2b: Rotom|Discharge|p1a: Mesprit|[spread] p1a,p1b\n|-heal|p2a: Thundurus|47\/100|[from] ability: Volt Absorb|[of] p2b: Rotom\n|-resisted|p1a: Mesprit\n|-damage|p1a: Mesprit|43\/100\n|-damage|p1b: Indeedee|27\/100\n|-status|p1b: Indeedee|par\n|move|p2a: Thundurus|Wildbolt Storm|p1b: Indeedee|[spread] p1b\n|-miss|p2a: Thundurus|p1a: Mesprit\n|-damage|p1b: Indeedee|0 fnt\n|faint|p1b: Indeedee\n|\n|-fieldend|move: Trick Room\n|-fieldend|move: Psychic Terrain\n|upkeep\n|\n|t:|1700345909\n|switch|p1b: Ting-Lu|Ting-Lu|100\/100\n|-ability|p1b: Ting-Lu|Vessel of Ruin\n|turn|6\n|\n|t:|1700345924\n|move|p2a: Thundurus|Wildbolt Storm|p1a: Mesprit|[spread] p1a\n|-immune|p1b: Ting-Lu\n|-resisted|p1a: Mesprit\n|-damage|p1a: Mesprit|24\/100\n|move|p2b: Rotom|Electro Ball|p2a: Thundurus\n|-heal|p2a: Thundurus|71\/100|[from] ability: Volt Absorb|[of] p2b: Rotom\n|move|p1b: Ting-Lu|Earthquake|p2a: Thundurus|[spread] p2a\n|-immune|p1a: Mesprit|[from] ability: Levitate\n|-immune|p2b: Rotom\n|-supereffective|p2a: Thundurus\n|-damage|p2a: Thundurus|0 fnt\n|faint|p2a: Thundurus\n|-damage|p1b: Ting-Lu|91\/100|[from] item: Life Orb\n|move|p1a: Mesprit|Trick Room|p1a: Mesprit\n|-fieldstart|move: Trick Room|[of] p1a: Mesprit\n|\n|upkeep\n|\n|t:|1700345941\n|switch|p2a: Zapdos|Zapdos, shiny|100\/100\n|turn|7\n|\n|t:|1700345962\n|move|p1b: Ting-Lu|Ruination|p2b: Rotom\n|-damage|p2b: Rotom|51\/100\n|-damage|p1b: Ting-Lu|81\/100|[from] item: Life Orb\n|move|p1a: Mesprit|Extrasensory|p2a: Zapdos\n|-damage|p2a: Zapdos|81\/100\n|move|p2a: Zapdos|Electric Terrain|p2a: Zapdos\n|-fieldstart|move: Electric Terrain\n|-enditem|p2a: Zapdos|Electric Seed\n|-boost|p2a: Zapdos|def|1|[from] item: Electric Seed\n|move|p2b: Rotom|Poltergeist|p1b: Ting-Lu\n|-activate|p1b: Ting-Lu|move: Poltergeist|Life Orb\n|-resisted|p1b: Ting-Lu\n|-damage|p1b: Ting-Lu|76\/100\n|\n|-sideend|p2: Azuretx|Reflect\n|upkeep\n|turn|8\n|\n|t:|1700345993\n|switch|p2b: Bellibolt|Bellibolt, M|100\/100\n|move|p1b: Ting-Lu|Ruination|p2a: Zapdos\n|-damage|p2a: Zapdos|41\/100\n|-damage|p1b: Ting-Lu|66\/100|[from] item: Life Orb\n|move|p1a: Mesprit|Expanding Force|p2b: Bellibolt\n|-damage|p2b: Bellibolt|87\/100\n|-start|p2b: Bellibolt|Charge|Expanding Force|[from] ability: Electromorphosis\n|move|p2a: Zapdos|Hurricane|p1b: Ting-Lu\n|-damage|p1b: Ting-Lu|36\/100\n|\n|upkeep\n|turn|9\n|\n|t:|1700346018\n|move|p2b: Bellibolt|Sucker Punch|p1a: Mesprit\n|-damage|p1a: Mesprit|14\/100\n|move|p1b: Ting-Lu|Earthquake|p2a: Zapdos|[spread] p2b\n|-immune|p1a: Mesprit|[from] ability: Levitate\n|-immune|p2a: Zapdos\n|-supereffective|p2b: Bellibolt\n|-damage|p2b: Bellibolt|7\/100\n|-start|p2b: Bellibolt|Charge|Earthquake|[from] ability: Electromorphosis\n|-damage|p1b: Ting-Lu|27\/100|[from] item: Life Orb\n|move|p1a: Mesprit|Extrasensory|p2a: Zapdos\n|-crit|p2a: Zapdos\n|-damage|p2a: Zapdos|10\/100\n|cant|p2a: Zapdos|flinch\n|\n|upkeep\n|turn|10\n|\n|t:|1700346038\n|move|p2b: Bellibolt|Sucker Punch|p1a: Mesprit\n|-damage|p1a: Mesprit|4\/100\n|move|p1b: Ting-Lu|Earthquake|p2b: Bellibolt|[spread] p2b\n|-immune|p1a: Mesprit|[from] ability: Levitate\n|-immune|p2a: Zapdos\n|-supereffective|p2b: Bellibolt\n|-damage|p2b: Bellibolt|0 fnt\n|faint|p2b: Bellibolt\n|-damage|p1b: Ting-Lu|17\/100|[from] item: Life Orb\n|move|p1a: Mesprit|Expanding Force|p2a: Zapdos\n|-damage|p2a: Zapdos|0 fnt\n|faint|p2a: Zapdos\n|\n|-fieldend|move: Trick Room\n|upkeep\n|\n|t:|1700346064\n|switch|p2b: Rotom|Rotom-Fan, shiny|51\/100\n|turn|11\n|\n|t:|1700346074\n|move|p2b: Rotom|Poltergeist||[still]\n|-fail|p2b: Rotom\n|move|p1a: Mesprit|Extrasensory|p2b: Rotom\n|-damage|p2b: Rotom|10\/100\n|move|p1b: Ting-Lu|Ruination|p2b: Rotom\n|-damage|p2b: Rotom|5\/100\n|-damage|p1b: Ting-Lu|7\/100|[from] item: Life Orb\n|\n|-fieldend|move: Electric Terrain\n|upkeep\n|turn|12\n|\n|t:|1700346087\n|move|p2b: Rotom|Discharge|p1b: Ting-Lu|[spread] p1a\n|-immune|p1b: Ting-Lu\n|-resisted|p1a: Mesprit\n|-crit|p1a: Mesprit\n|-damage|p1a: Mesprit|0 fnt\n|faint|p1a: Mesprit\n|move|p1b: Ting-Lu|Ruination|p2b: Rotom\n|-damage|p2b: Rotom|3\/100\n|-damage|p1b: Ting-Lu|0 fnt|[from] item: Life Orb\n|faint|p1b: Ting-Lu\n|\n|upkeep\n|\n|t:|1700346102\n|switch|p1a: Hatterene|Hatterene, F|100\/100\n|switch|p1b: Armarouge|Armarouge, F|100\/100\n|turn|13\n|\n|t:|1700346110\n|move|p2b: Rotom|Discharge|p1b: Armarouge|[spread] p1a,p1b\n|-damage|p1a: Hatterene|75\/100\n|-damage|p1b: Armarouge|64\/100\n|-status|p1a: Hatterene|par\n|move|p1b: Armarouge|Flamethrower|p2b: Rotom\n|-damage|p2b: Rotom|0 fnt\n|faint|p2b: Rotom\n|-damage|p1b: Armarouge|55\/100|[from] item: Life Orb\n|\n|win|kalykeasteria\n|raw|kalykeasteria's rating: 1025 &rarr; <strong>1059<\/strong><br \/>(+34 for winning)\n|raw|Azuretx's rating: 1000 &rarr; <strong>1000<\/strong><br \/>(+0 for losing)\n|l|\u2606Azuretx\n","uploadtime":1700346140,"views":33,"p1id":"kalykeasteria","p2id":"azuretx","formatid":"gen9doublesou","rating":1000,"private":0,"password":""}