{"id":"gen9doublesou-1984683671","p1":"Garchompboi99","p2":"LoekTheBawz","format":"[Gen 9] Doubles OU","log":"|j|\u2606Garchompboi99\n|j|\u2606LoekTheBawz\n|t:|1699290593\n|gametype|doubles\n|player|p1|Garchompboi99|cynthia-gen4|1204\n|player|p2|LoekTheBawz|170|1179\n|teamsize|p1|6\n|teamsize|p2|6\n|gen|9\n|tier|[Gen 9] Doubles OU\n|rated|\n|rule|Species Clause: Limit one of each Pok\u00e9mon\n|rule|OHKO Clause: OHKO moves are banned\n|rule|Evasion Moves Clause: Evasion moves are banned\n|rule|Gravity Sleep Clause: The combination of sleep-inducing moves with imperfect accuracy and Gravity or Gigantamax Orbeetle are banned\n|rule|Endless Battle Clause: Forcing endless battles is banned\n|rule|HP Percentage Mod: HP is shown in percentages\n|clearpoke\n|poke|p1|Glimmora, M|\n|poke|p1|Garchomp, F|\n|poke|p1|Dragonite, F|\n|poke|p1|Grimmsnarl, M|\n|poke|p1|Armarouge, F|\n|poke|p1|Tyranitar, F|\n|poke|p2|Skeledirge, F|\n|poke|p2|Flutter Mane|\n|poke|p2|Iron Hands|\n|poke|p2|Sinistcha|\n|poke|p2|Fezandipiti, M|\n|poke|p2|Ting-Lu|\n|teampreview\n|inactive|Battle timer is ON: inactive players will automatically lose when time's up. (requested by LoekTheBawz)\n|c|\u2606LoekTheBawz|Gl hf\n|\n|t:|1699290609\n|start\n|switch|p1a: Garchomp|Garchomp, F|100\/100\n|switch|p1b: Dragonite|Dragonite, F|100\/100\n|switch|p2a: Iron Hands|Iron Hands|100\/100\n|switch|p2b: Tingaloo|Ting-Lu|100\/100\n|-ability|p2b: Tingaloo|Vessel of Ruin\n|turn|1\n|\n|t:|1699290623\n|move|p2a: Iron Hands|Fake Out|p1a: Garchomp\n|-damage|p1a: Garchomp|85\/100\n|-damage|p2a: Iron Hands|88\/100|[from] ability: Rough Skin|[of] p1a: Garchomp\n|-damage|p2a: Iron Hands|72\/100|[from] item: Rocky Helmet|[of] p1a: Garchomp\n|cant|p1a: Garchomp|flinch\n|move|p1b: Dragonite|Tailwind|p1b: Dragonite\n|-sidestart|p1: Garchompboi99|move: Tailwind\n|move|p2b: Tingaloo|Rock Slide|p1a: Garchomp|[spread] p1a,p1b\n|-resisted|p1a: Garchomp\n|-supereffective|p1b: Dragonite\n|-damage|p1a: Garchomp|78\/100\n|-damage|p1b: Dragonite|82\/100\n|\n|-status|p1b: Dragonite|brn|[from] item: Flame Orb\n|upkeep\n|turn|2\n|c|\u2606Garchompboi99|ok\n|\n|t:|1699290647\n|switch|p2b: Fezandipiti|Fezandipiti, M|100\/100\n|move|p1a: Garchomp|Earthquake|p2b: Fezandipiti|[spread] p2a,p2b\n|-immune|p1b: Dragonite\n|-supereffective|p2a: Iron Hands\n|-supereffective|p2b: Fezandipiti\n|-damage|p2a: Iron Hands|17\/100\n|-damage|p2b: Fezandipiti|30\/100\n|move|p1b: Dragonite|Facade|p2b: Fezandipiti\n|-damage|p2b: Fezandipiti|0 fnt\n|-damage|p1b: Dragonite|66\/100 brn|[from] item: Rocky Helmet|[of] p2b: Fezandipiti\n|faint|p2b: Fezandipiti\n|move|p2a: Iron Hands|Volt Switch|p1b: Dragonite\n|-damage|p1b: Dragonite|53\/100 brn\n|inactive|LoekTheBawz has 120 seconds left.\n|\n|t:|1699290663\n|-end|p2a: Iron Hands|Quark Drive|[silent]\n|switch|p2a: Flutter Mane|Flutter Mane|100\/100|[from] Volt Switch\n|\n|-damage|p1b: Dragonite|47\/100 brn|[from] brn\n|upkeep\n|inactive|LoekTheBawz has 120 seconds left.\n|\n|t:|1699290676\n|switch|p2b: Bri-ish|Sinistcha|100\/100\n|turn|3\n|\n|t:|1699290693\n|-terastallize|p1a: Garchomp|Steel\n|move|p1a: Garchomp|Swords Dance|p1a: Garchomp\n|-boost|p1a: Garchomp|atk|2\n|move|p1b: Dragonite|Roost|p1b: Dragonite\n|-heal|p1b: Dragonite|97\/100 brn\n|-singleturn|p1b: Dragonite|move: Roost\n|move|p2a: Flutter Mane|Dazzling Gleam|p1a: Garchomp|[spread] p1a,p1b\n|-resisted|p1a: Garchomp\n|-supereffective|p1b: Dragonite\n|-damage|p1a: Garchomp|53\/100\n|-damage|p1b: Dragonite|0 fnt\n|faint|p1b: Dragonite\n|move|p2b: Bri-ish|Matcha Gotcha|p1a: Garchomp\n|-resisted|p1a: Garchomp\n|-damage|p1a: Garchomp|35\/100\n|\n|upkeep\n|\n|t:|1699290709\n|switch|p1b: Glimmora|Glimmora, M|100\/100\n|-item|p1b: Glimmora|Air Balloon\n|turn|4\n|c|\u2606Garchompboi99|ok\n|\n|t:|1699290720\n|-end|p2a: Flutter Mane|Protosynthesis|[silent]\n|switch|p2a: Iron Hands|Iron Hands|17\/100\n|move|p1a: Garchomp|Crunch|p2b: Bri-ish\n|-supereffective|p2b: Bri-ish\n|-damage|p2b: Bri-ish|1\/100\n|move|p1b: Glimmora|Sludge Bomb|p2a: Iron Hands\n|-damage|p2a: Iron Hands|0 fnt\n|faint|p2a: Iron Hands\n|-end|p2a: Iron Hands|Quark Drive|[silent]\n|move|p2b: Bri-ish|Matcha Gotcha|p1b: Glimmora|[spread] p1a,p1b\n|-resisted|p1a: Garchomp\n|-damage|p1a: Garchomp|20\/100\n|-heal|p2b: Bri-ish|8\/100|[from] drain|[of] p1a: Garchomp\n|-damage|p1b: Glimmora|67\/100\n|-heal|p2b: Bri-ish|23\/100|[from] drain|[of] p1b: Glimmora\n|-status|p1b: Glimmora|brn\n|-enditem|p1b: Glimmora|Air Balloon\n|\n|-damage|p1b: Glimmora|61\/100 brn|[from] brn\n|-sideend|p1: Garchompboi99|move: Tailwind\n|upkeep\n|\n|t:|1699290736\n|switch|p2a: Tingaloo|Ting-Lu|100\/100\n|-ability|p2a: Tingaloo|Vessel of Ruin\n|turn|5\n|\n|t:|1699290748\n|move|p1a: Garchomp|Dragon Claw|p2a: Tingaloo\n|-damage|p2a: Tingaloo|58\/100\n|move|p1b: Glimmora|Sludge Bomb|p2b: Bri-ish\n|-damage|p2b: Bri-ish|0 fnt\n|faint|p2b: Bri-ish\n|move|p2a: Tingaloo|Stomping Tantrum|p1a: Garchomp\n|-supereffective|p1a: Garchomp\n|-damage|p1a: Garchomp|0 fnt\n|-damage|p2a: Tingaloo|46\/100|[from] ability: Rough Skin|[of] p1a: Garchomp\n|-damage|p2a: Tingaloo|29\/100|[from] item: Rocky Helmet|[of] p1a: Garchomp\n|faint|p1a: Garchomp\n|\n|-heal|p2a: Tingaloo|36\/100|[from] item: Leftovers\n|-damage|p1b: Glimmora|55\/100 brn|[from] brn\n|upkeep\n|\n|t:|1699290764\n|switch|p1a: Grimmsnarl|Grimmsnarl, M|100\/100\n|switch|p2b: Spicehh|Skeledirge, F|100\/100\n|-item|p2a: Tingaloo|Leftovers|[from] ability: Frisk|[of] p1a: Grimmsnarl|[identify]\n|-item|p2b: Spicehh|Leftovers|[from] ability: Frisk|[of] p1a: Grimmsnarl|[identify]\n|turn|6\n|\n|t:|1699290779\n|-terastallize|p2b: Spicehh|Fire\n|move|p1b: Glimmora|Dazzling Gleam|p2b: Spicehh|[spread] p2a,p2b\n|-supereffective|p2a: Tingaloo\n|-resisted|p2b: Spicehh\n|-damage|p2a: Tingaloo|12\/100\n|-damage|p2b: Spicehh|93\/100\n|move|p2b: Spicehh|Torch Song|p1a: Grimmsnarl\n|-damage|p1a: Grimmsnarl|53\/100\n|-boost|p2b: Spicehh|spa|1\n|move|p1a: Grimmsnarl|Crunch|p2b: Spicehh\n|-damage|p2b: Spicehh|42\/100\n|-unboost|p2b: Spicehh|def|1\n|-damage|p1a: Grimmsnarl|43\/100|[from] item: Life Orb\n|move|p2a: Tingaloo|Stomping Tantrum|p1b: Glimmora\n|-supereffective|p1b: Glimmora\n|-damage|p1b: Glimmora|0 fnt\n|-activate|p1b: Glimmora|ability: Toxic Debris\n|-sidestart|p2: LoekTheBawz|move: Toxic Spikes\n|faint|p1b: Glimmora\n|\n|-heal|p2b: Spicehh|48\/100|[from] item: Leftovers\n|-heal|p2a: Tingaloo|18\/100|[from] item: Leftovers\n|upkeep\n|c|\u2606Garchompboi99|ok\n|\n|t:|1699290800\n|switch|p1b: Armarouge|Armarouge, F|100\/100\n|turn|7\n|\n|t:|1699290819\n|move|p1b: Armarouge|Psychic|p2b: Spicehh\n|-damage|p2b: Spicehh|7\/100\n|move|p2b: Spicehh|Shadow Ball|p1b: Armarouge\n|-supereffective|p1b: Armarouge\n|-damage|p1b: Armarouge|6\/100\n|-unboost|p1b: Armarouge|spd|1\n|move|p1a: Grimmsnarl|Spirit Break|p2a: Tingaloo\n|-supereffective|p2a: Tingaloo\n|-damage|p2a: Tingaloo|0 fnt\n|faint|p2a: Tingaloo\n|-damage|p1a: Grimmsnarl|33\/100|[from] item: Life Orb\n|\n|-heal|p2b: Spicehh|13\/100|[from] item: Leftovers\n|upkeep\n|\n|t:|1699290827\n|switch|p2a: Flutter Mane|Flutter Mane|100\/100\n|-status|p2a: Flutter Mane|psn\n|turn|8\n|\n|t:|1699290838\n|move|p2b: Spicehh|Protect|p2b: Spicehh\n|-singleturn|p2b: Spicehh|Protect\n|move|p2a: Flutter Mane|Dazzling Gleam|p1a: Grimmsnarl|[spread] p1a,p1b\n|-supereffective|p1a: Grimmsnarl\n|-resisted|p1b: Armarouge\n|-damage|p1a: Grimmsnarl|0 fnt\n|-damage|p1b: Armarouge|0 fnt\n|faint|p1a: Grimmsnarl\n|faint|p1b: Armarouge\n|\n|-heal|p2b: Spicehh|19\/100|[from] item: Leftovers\n|-damage|p2a: Flutter Mane|88\/100 psn|[from] psn\n|upkeep\n|\n|t:|1699290850\n|switch|p1b: Tyranitar|Tyranitar, F|100\/100\n|-weather|Sandstorm|[from] ability: Sand Stream|[of] p1b: Tyranitar\n|turn|9\n|\n|t:|1699290857\n|move|p2a: Flutter Mane|Dazzling Gleam|p1b: Tyranitar\n|-supereffective|p1b: Tyranitar\n|-damage|p1b: Tyranitar|25\/100\n|move|p2b: Spicehh|Torch Song|p1b: Tyranitar\n|-resisted|p1b: Tyranitar\n|-damage|p1b: Tyranitar|0 fnt\n|-boost|p2b: Spicehh|spa|1\n|faint|p1b: Tyranitar\n|\n|win|LoekTheBawz\n|raw|Garchompboi99's rating: 1204 &rarr; <strong>1177<\/strong><br \/>(-27 for losing)\n|raw|LoekTheBawz's rating: 1179 &rarr; <strong>1206<\/strong><br \/>(+27 for winning)\n|c|\u2606LoekTheBawz|Gg wp\n|c|\u2606Garchompboi99|gg\n|l|\u2606Garchompboi99\n","uploadtime":1699290896,"views":8,"p1id":"garchompboi99","p2id":"loekthebawz","formatid":"gen9doublesou","rating":1177,"private":0,"password":""}