{"id":"gen9doublesou-1994559650","p1":"Heisenboner","p2":"EMPz_FL","format":"[Gen 9] Doubles OU","log":"|j|\u2606Heisenboner\n|j|\u2606EMPz_FL\n|t:|1700459847\n|gametype|doubles\n|player|p1|Heisenboner|2|1040\n|player|p2|EMPz_FL|170|1122\n|teamsize|p1|6\n|teamsize|p2|6\n|gen|9\n|tier|[Gen 9] Doubles OU\n|rated|\n|rule|Species Clause: Limit one of each Pok\u00e9mon\n|rule|OHKO Clause: OHKO moves are banned\n|rule|Evasion Moves Clause: Evasion moves are banned\n|rule|Gravity Sleep Clause: The combination of sleep-inducing moves with imperfect accuracy and Gravity or Gigantamax Orbeetle are banned\n|rule|Endless Battle Clause: Forcing endless battles is banned\n|rule|HP Percentage Mod: HP is shown in percentages\n|clearpoke\n|poke|p1|Torkoal, F|\n|poke|p1|Armarouge, F|\n|poke|p1|Indeedee-F, F|\n|poke|p1|Oranguru, M|\n|poke|p1|Flamigo, F|\n|poke|p1|Iron Bundle|\n|poke|p2|Sableye, M|\n|poke|p2|Toxtricity, M|\n|poke|p2|Garchomp, M|\n|poke|p2|Toxapex, F|\n|poke|p2|Sneasler, M|\n|poke|p2|Politoed, M|\n|teampreview\n|inactive|Battle timer is ON: inactive players will automatically lose when time's up. (requested by Heisenboner)\n|inactive|EMPz_FL has 120 seconds left.\n|\n|t:|1700459879\n|start\n|switch|p1a: Armarouge|Armarouge, F|100\/100\n|switch|p1b: Iron Bundle|Iron Bundle|100\/100\n|switch|p2a: Garchomp|Garchomp, M, shiny|100\/100\n|switch|p2b: Sableye|Sableye, M, shiny|100\/100\n|-enditem|p1b: Iron Bundle|Booster Energy\n|-activate|p1b: Iron Bundle|ability: Quark Drive|[fromitem]\n|-start|p1b: Iron Bundle|quarkdrivespe\n|turn|1\n|\n|t:|1700459901\n|switch|p1a: Indeedee|Indeedee-F, F|100\/100\n|-fieldstart|move: Psychic Terrain|[from] ability: Psychic Surge|[of] p1a: Indeedee\n|move|p2a: Garchomp|Protect|p2a: Garchomp\n|-singleturn|p2a: Garchomp|Protect\n|move|p1b: Iron Bundle|Blizzard|p2b: Sableye|[spread] p2b\n|-activate|p2a: Garchomp|move: Protect\n|-damage|p2b: Sableye|41\/100\n|move|p2b: Sableye|Knock Off|p1a: Indeedee\n|-supereffective|p1a: Indeedee\n|-damage|p1a: Indeedee|53\/100\n|-enditem|p1a: Indeedee|Eject Button|[from] move: Knock Off|[of] p2b: Sableye\n|\n|-heal|p2b: Sableye|48\/100|[from] item: Leftovers\n|upkeep\n|turn|2\n|inactive|EMPz_FL has 120 seconds left.\n|\n|t:|1700459932\n|switch|p2a: Sneasler|Sneasler, M, shiny|100\/100\n|move|p1a: Indeedee|Follow Me|p1a: Indeedee\n|-singleturn|p1a: Indeedee|move: Follow Me\n|move|p2b: Sableye|Recover|p2b: Sableye\n|-heal|p2b: Sableye|98\/100\n|move|p1b: Iron Bundle|Blizzard|p2a: Sneasler|[spread] p2a\n|-miss|p1b: Iron Bundle|p2b: Sableye\n|-damage|p2a: Sneasler|54\/100\n|\n|-heal|p2b: Sableye|100\/100|[from] item: Leftovers\n|upkeep\n|turn|3\n|inactive|EMPz_FL has 120 seconds left.\n|\n|t:|1700459957\n|move|p1a: Indeedee|Follow Me|p1a: Indeedee\n|-singleturn|p1a: Indeedee|move: Follow Me\n|move|p2b: Sableye|Reflect|p2b: Sableye\n|-sidestart|p2: EMPz_FL|Reflect\n|move|p1b: Iron Bundle|Blizzard|p2a: Sneasler|[spread] p2a\n|-miss|p1b: Iron Bundle|p2b: Sableye\n|-damage|p2a: Sneasler|8\/100\n|-enditem|p2a: Sneasler|Sitrus Berry|[eat]\n|-heal|p2a: Sneasler|33\/100|[from] item: Sitrus Berry\n|move|p2a: Sneasler|Lash Out|p1a: Indeedee\n|-supereffective|p1a: Indeedee\n|-damage|p1a: Indeedee|0 fnt\n|faint|p1a: Indeedee\n|\n|upkeep\n|\n|t:|1700459969\n|switch|p1a: Armarouge|Armarouge, F|100\/100\n|turn|4\n|\n|t:|1700459982\n|move|p1a: Armarouge|Endure|p1a: Armarouge\n|-singleturn|p1a: Armarouge|move: Endure\n|move|p1b: Iron Bundle|Flip Turn|p1a: Armarouge\n|-supereffective|p1a: Armarouge\n|-damage|p1a: Armarouge|65\/100\n|-ability|p1a: Armarouge|Weak Armor|boost\n|-unboost|p1a: Armarouge|def|1\n|-boost|p1a: Armarouge|spe|2\n|-enditem|p1a: Armarouge|Weakness Policy\n|-boost|p1a: Armarouge|atk|2|[from] item: Weakness Policy\n|-boost|p1a: Armarouge|spa|2|[from] item: Weakness Policy\n|\n|t:|1700459992\n|-end|p1b: Iron Bundle|Quark Drive|[silent]\n|switch|p1b: Flamigo|Flamigo, F|100\/100|[from] Flip Turn\n|-copyboost|p1b: Flamigo|p1a: Armarouge|[from] ability: Costar\n|move|p2a: Sneasler|Lash Out|p1a: Armarouge\n|-supereffective|p1a: Armarouge\n|-activate|p1a: Armarouge|move: Endure\n|-damage|p1a: Armarouge|1\/100\n|-ability|p1a: Armarouge|Weak Armor|boost\n|-unboost|p1a: Armarouge|def|1\n|-boost|p1a: Armarouge|spe|2\n|move|p2b: Sableye|Knock Off|p1b: Flamigo\n|-resisted|p1b: Flamigo\n|-crit|p1b: Flamigo\n|-damage|p1b: Flamigo|61\/100\n|-enditem|p1b: Flamigo|Focus Sash|[from] move: Knock Off|[of] p2b: Sableye\n|\n|upkeep\n|turn|5\n|\n|t:|1700460018\n|move|p1a: Armarouge|Armor Cannon|p2b: Sableye\n|-crit|p2b: Sableye\n|-damage|p2b: Sableye|0 fnt\n|-unboost|p1a: Armarouge|def|1\n|-unboost|p1a: Armarouge|spd|1\n|faint|p2b: Sableye\n|move|p2a: Sneasler|Lash Out|p1a: Armarouge\n|-supereffective|p1a: Armarouge\n|-damage|p1a: Armarouge|0 fnt\n|faint|p1a: Armarouge\n|move|p1b: Flamigo|Close Combat|p2a: Sneasler\n|-resisted|p2a: Sneasler\n|-damage|p2a: Sneasler|0 fnt\n|-unboost|p1b: Flamigo|def|1\n|-unboost|p1b: Flamigo|spd|1\n|faint|p2a: Sneasler\n|\n|-fieldend|move: Psychic Terrain\n|upkeep\n|inactive|EMPz_FL has 120 seconds left.\n|\n|t:|1700460050\n|switch|p2a: Toxapex|Toxapex, F, shiny|100\/100\n|switch|p1a: Iron Bundle|Iron Bundle|100\/100\n|switch|p2b: Toxtricity|Toxtricity, M, shiny|100\/100\n|turn|6\n|\n|t:|1700460078\n|move|p1b: Flamigo|Throat Chop|p2b: Toxtricity\n|-damage|p2b: Toxtricity|54\/100\n|-start|p2b: Toxtricity|Throat Chop|[silent]\n|move|p1a: Iron Bundle|Blizzard|p2b: Toxtricity|[spread] p2a,p2b\n|-resisted|p2a: Toxapex\n|-damage|p2a: Toxapex|85\/100\n|-damage|p2b: Toxtricity|3\/100\n|-status|p2a: Toxapex|frz\n|-status|p2b: Toxtricity|frz\n|cant|p2b: Toxtricity|frz\n|cant|p2a: Toxapex|frz\n|\n|-heal|p2a: Toxapex|91\/100 frz|[from] item: Black Sludge\n|upkeep\n|turn|7\n|\n|t:|1700460107\n|cant|p2a: Toxapex|frz\n|move|p1b: Flamigo|Brave Bird|p2a: Toxapex\n|-damage|p2a: Toxapex|39\/100 frz\n|-damage|p1b: Flamigo|44\/100|[from] Recoil\n|move|p1a: Iron Bundle|Blizzard|p2b: Toxtricity|[spread] p2b\n|-miss|p1a: Iron Bundle|p2a: Toxapex\n|-damage|p2b: Toxtricity|0 fnt\n|faint|p2b: Toxtricity\n|\n|-heal|p2a: Toxapex|45\/100 frz|[from] item: Black Sludge\n|-sideend|p2: EMPz_FL|Reflect\n|upkeep\n|inactive|EMPz_FL has 120 seconds left.\n|\n|t:|1700460123\n|switch|p2b: Garchomp|Garchomp, M, shiny|100\/100\n|turn|8\n|\n|t:|1700460131\n|move|p2b: Garchomp|Protect|p2b: Garchomp\n|-singleturn|p2b: Garchomp|Protect\n|cant|p2a: Toxapex|frz\n|move|p1b: Flamigo|Brave Bird|p2a: Toxapex\n|-crit|p2a: Toxapex\n|-damage|p2a: Toxapex|0 fnt\n|faint|p2a: Toxapex\n|-damage|p1b: Flamigo|29\/100|[from] Recoil\n|move|p1a: Iron Bundle|Blizzard|p2b: Garchomp\n|-activate|p2b: Garchomp|move: Protect\n|\n|upkeep\n|\n|t:|1700460152\n|switch|p2a: Politoed|Politoed, M, shiny|100\/100\n|-weather|RainDance|[from] ability: Drizzle|[of] p2a: Politoed\n|turn|9\n|\n|t:|1700460177\n|move|p1b: Flamigo|Close Combat|p2a: Politoed\n|-damage|p2a: Politoed|0 fnt\n|-unboost|p1b: Flamigo|def|1\n|-unboost|p1b: Flamigo|spd|1\n|faint|p2a: Politoed\n|move|p1a: Iron Bundle|Blizzard|p2b: Garchomp\n|-supereffective|p2b: Garchomp\n|-damage|p2b: Garchomp|0 fnt\n|faint|p2b: Garchomp\n|\n|win|Heisenboner\n|raw|Heisenboner's rating: 1040 &rarr; <strong>1082<\/strong><br \/>(+42 for winning)\n|raw|EMPz_FL's rating: 1122 &rarr; <strong>1091<\/strong><br \/>(-31 for losing)\n|l|\u2606EMPz_FL\n","uploadtime":1700460192,"views":7,"p1id":"heisenboner","p2id":"empzfl","formatid":"gen9doublesou","rating":1082,"private":0,"password":""}