{"id":"gen9doublesou-1968409246","p1":"StellarEcl1pse","p2":"NickCreed","format":"[Gen 9] Doubles OU","log":"|j|\u2606StellarEcl1pse\n|j|\u2606NickCreed\n|inactive|Battle timer is ON: inactive players will automatically lose when time's up.\n|t:|1697415487\n|gametype|doubles\n|player|p1|StellarEcl1pse|liza|\n|player|p2|NickCreed|gentleman-gen4dp|\n|teamsize|p1|6\n|teamsize|p2|6\n|gen|9\n|tier|[Gen 9] Doubles OU\n|rated|Tournament battle\n|rule|Species Clause: Limit one of each Pok\u00e9mon\n|rule|OHKO Clause: OHKO moves are banned\n|rule|Evasion Moves Clause: Evasion moves are banned\n|rule|Gravity Sleep Clause: The combination of sleep-inducing moves with imperfect accuracy and Gravity or Gigantamax Orbeetle are banned\n|rule|Endless Battle Clause: Forcing endless battles is banned\n|rule|HP Percentage Mod: HP is shown in percentages\n|clearpoke\n|poke|p1|Aipom, M|\n|poke|p1|Gligar, M|\n|poke|p1|Croagunk, F|\n|poke|p1|Wooper-Paldea, F|\n|poke|p1|Eelektrik, M|\n|poke|p1|Dragonair, F|\n|poke|p2|Tarountula, M|\n|poke|p2|Bronzor|\n|poke|p2|Sneasel, M|\n|poke|p2|Sinistea|\n|poke|p2|Raboot, M|\n|poke|p2|Shellos, M|\n|teampreview\n|j|*Lady Monita \u263d\n|inactive|StellarEcl1pse also wants the timer to be on.\n|\n|t:|1697415508\n|start\n|switch|p1a: Gligar|Gligar, M|100\/100\n|switch|p1b: Dragonair|Dragonair, F|100\/100\n|switch|p2a: Tarountula|Tarountula, M|100\/100\n|switch|p2b: Bronzor|Bronzor|100\/100\n|turn|1\n|\n|t:|1697415530\n|move|p1a: Gligar|Tailwind|p1a: Gligar\n|-sidestart|p1: StellarEcl1pse|move: Tailwind\n|move|p1b: Dragonair|Outrage|p2a: Tarountula\n|-damage|p2a: Tarountula|29\/100\n|move|p2b: Bronzor|Stealth Rock|p1b: Dragonair\n|-sidestart|p1: StellarEcl1pse|move: Stealth Rock\n|move|p2a: Tarountula|Sticky Web|p1b: Dragonair\n|-sidestart|p1: StellarEcl1pse|move: Sticky Web\n|\n|upkeep\n|turn|2\n|\n|t:|1697415552\n|-terastallize|p1a: Gligar|Dark\n|move|p1a: Gligar|Knock Off|p2b: Bronzor\n|-supereffective|p2b: Bronzor\n|-damage|p2b: Bronzor|60\/100\n|-enditem|p2b: Bronzor|Eviolite|[from] move: Knock Off|[of] p1a: Gligar\n|move|p1b: Dragonair|Outrage|p2b: Bronzor|[from]lockedmove\n|-resisted|p2b: Bronzor\n|-damage|p2b: Bronzor|39\/100\n|-start|p1b: Dragonair|confusion|[fatigue]\n|move|p2b: Bronzor|Substitute|p2b: Bronzor\n|-start|p2b: Bronzor|Substitute\n|-damage|p2b: Bronzor|15\/100\n|move|p2a: Tarountula|Memento|p1b: Dragonair\n|-unboost|p1b: Dragonair|atk|2\n|-unboost|p1b: Dragonair|spa|2\n|faint|p2a: Tarountula\n|\n|upkeep\n|j| Frewg\n|\n|t:|1697415573\n|switch|p2a: Sinistea|Sinistea|100\/100\n|turn|3\n|j| Sumato\n|\n|t:|1697415603\n|switch|p1b: Croagunk|Croagunk, F|100\/100\n|-damage|p1b: Croagunk|94\/100|[from] Stealth Rock\n|-activate|p1b: Croagunk|move: Sticky Web\n|-unboost|p1b: Croagunk|spe|1\n|-ability|p1b: Croagunk|Anticipation\n|-terastallize|p2a: Sinistea|Fairy\n|move|p1a: Gligar|Knock Off|p2a: Sinistea\n|-resisted|p2a: Sinistea\n|-damage|p2a: Sinistea|46\/100\n|-enditem|p2a: Sinistea|White Herb|[from] move: Knock Off|[of] p1a: Gligar\n|move|p2a: Sinistea|Shell Smash|p2a: Sinistea\n|-unboost|p2a: Sinistea|def|1\n|-unboost|p2a: Sinistea|spd|1\n|-boost|p2a: Sinistea|atk|2\n|-boost|p2a: Sinistea|spa|2\n|-boost|p2a: Sinistea|spe|2\n|move|p2b: Bronzor|Calm Mind|p2b: Bronzor\n|-boost|p2b: Bronzor|spa|1\n|-boost|p2b: Bronzor|spd|1\n|\n|-heal|p1b: Croagunk|100\/100|[from] item: Leftovers\n|upkeep\n|turn|4\n|inactive|StellarEcl1pse has 120 seconds left.\n|\n|t:|1697415637\n|move|p1a: Gligar|Knock Off|p2a: Sinistea\n|-resisted|p2a: Sinistea\n|-damage|p2a: Sinistea|0 fnt\n|-start|p1a: Gligar|Disable|Knock Off|[from] ability: Cursed Body|[of] p2a: Sinistea\n|faint|p2a: Sinistea\n|move|p1b: Croagunk|Knock Off|p2b: Bronzor\n|-supereffective|p2b: Bronzor\n|-end|p2b: Bronzor|Substitute\n|move|p2b: Bronzor|Stored Power|p1b: Croagunk\n|-supereffective|p1b: Croagunk\n|-damage|p1b: Croagunk|0 fnt\n|faint|p1b: Croagunk\n|\n|-sideend|p1: StellarEcl1pse|move: Tailwind\n|upkeep\n|\n|t:|1697415658\n|switch|p2a: Raboot|Raboot, M|100\/100\n|switch|p1b: Dragonair|Dragonair, F|100\/100\n|-damage|p1b: Dragonair|88\/100|[from] Stealth Rock\n|-activate|p1b: Dragonair|move: Sticky Web\n|-unboost|p1b: Dragonair|spe|1\n|turn|5\n|l| Sumato\n|\n|t:|1697415671\n|move|p2a: Raboot|U-turn|p1a: Gligar\n|-start|p2a: Raboot|typechange|Bug|[from] ability: Libero\n|-supereffective|p1a: Gligar\n|-damage|p1a: Gligar|7\/100\n|\n|t:|1697415677\n|switch|p2a: Sneasel|Sneasel, M|100\/100|[from] U-turn\n|move|p1a: Gligar|Tailwind|p1a: Gligar\n|-sidestart|p1: StellarEcl1pse|move: Tailwind\n|move|p1b: Dragonair|Outrage|p2a: Sneasel\n|-enditem|p2a: Sneasel|Focus Sash\n|-damage|p2a: Sneasel|1\/100\n|move|p2b: Bronzor|Stored Power|p1b: Dragonair\n|-damage|p1b: Dragonair|78\/100\n|\n|upkeep\n|turn|6\n|\n|t:|1697415700\n|move|p2a: Sneasel|Fake Out|p1a: Gligar\n|-damage|p1a: Gligar|0 fnt\n|faint|p1a: Gligar\n|move|p1b: Dragonair|Outrage|p2a: Sneasel|[from]lockedmove\n|-damage|p2a: Sneasel|0 fnt\n|faint|p2a: Sneasel\n|move|p2b: Bronzor|Stored Power|p1b: Dragonair\n|-damage|p1b: Dragonair|67\/100\n|\n|upkeep\n|j| jfebhjbeebhjf\n|\n|t:|1697415712\n|switch|p2a: Raboot|Raboot, M|100\/100\n|switch|p1a: Eelektrik|Eelektrik, M|100\/100\n|-damage|p1a: Eelektrik|88\/100|[from] Stealth Rock\n|turn|7\n|\n|t:|1697415730\n|move|p2a: Raboot|Flare Blitz|p1a: Eelektrik\n|-damage|p1a: Eelektrik|0 fnt\n|faint|p1a: Eelektrik\n|-damage|p2a: Raboot|65\/100|[from] Recoil\n|move|p1b: Dragonair|Outrage|p2a: Raboot|[from]lockedmove\n|-damage|p2a: Raboot|0 fnt\n|faint|p2a: Raboot\n|-start|p1b: Dragonair|confusion|[fatigue]\n|move|p2b: Bronzor|Stored Power|p1b: Dragonair\n|-damage|p1b: Dragonair|55\/100\n|\n|upkeep\n|\n|t:|1697415743\n|switch|p2a: Shellos|Shellos, M|100\/100\n|switch|p1a: WopperWopper|Wooper-Paldea, F|100\/100\n|-damage|p1a: WopperWopper|94\/100|[from] Stealth Rock\n|-activate|p1a: WopperWopper|move: Sticky Web\n|-unboost|p1a: WopperWopper|spe|1\n|turn|8\n|\n|t:|1697415769\n|-activate|p1b: Dragonair|confusion\n|move|p1b: Dragonair|Outrage|p2b: Bronzor\n|-resisted|p2b: Bronzor\n|-damage|p2b: Bronzor|0 fnt\n|faint|p2b: Bronzor\n|move|p2a: Shellos|Blizzard|p1b: Dragonair|[spread] \n|-miss|p2a: Shellos|p1a: WopperWopper\n|-miss|p2a: Shellos|p1b: Dragonair\n|move|p1a: WopperWopper|Poison Jab|p2a: Shellos\n|-damage|p2a: Shellos|74\/100\n|\n|-heal|p1a: WopperWopper|100\/100|[from] item: Black Sludge\n|-sideend|p1: StellarEcl1pse|move: Tailwind\n|upkeep\n|turn|9\n|\n|t:|1697415785\n|-end|p1b: Dragonair|confusion\n|move|p1b: Dragonair|Outrage|p2a: Shellos|[from]lockedmove\n|-damage|p2a: Shellos|0 fnt\n|faint|p2a: Shellos\n|-start|p1b: Dragonair|confusion|[fatigue]\n|\n|win|StellarEcl1pse\n|n|\u2606StellarEcl1pse|stellarecl1pse\n|n|\u2606NickCreed|nickcreed\n|n|*Lady Monita \u263d|ladymonita\n|n| Frewg|frewg\n|n| jfebhjbeebhjf|jfebhjbeebhjf\n","uploadtime":1697415788,"views":11,"p1id":"stellarecl1pse","p2id":"nickcreed","formatid":"gen9doublesou","rating":0,"private":0,"password":""}