{"id":"gen9doublesou-1980016610","p1":"henrypkmmt","p2":"Pasq22","format":"[Gen 9] Doubles OU","log":"|j|\u2606henrypkmmt\n|j|\u2606Pasq22\n|t:|1698747027\n|gametype|doubles\n|player|p1|henrypkmmt|2|1126\n|player|p2|Pasq22|red|1225\n|teamsize|p1|6\n|teamsize|p2|6\n|gen|9\n|tier|[Gen 9] Doubles OU\n|rated|\n|rule|Species Clause: Limit one of each Pok\u00e9mon\n|rule|OHKO Clause: OHKO moves are banned\n|rule|Evasion Moves Clause: Evasion moves are banned\n|rule|Gravity Sleep Clause: The combination of sleep-inducing moves with imperfect accuracy and Gravity or Gigantamax Orbeetle are banned\n|rule|Endless Battle Clause: Forcing endless battles is banned\n|rule|HP Percentage Mod: HP is shown in percentages\n|clearpoke\n|poke|p1|Landorus-Therian, M|\n|poke|p1|Cresselia, F|\n|poke|p1|Gyarados, F|\n|poke|p1|Gardevoir, M|\n|poke|p1|Ribombee, F|\n|poke|p1|Grimmsnarl, M|\n|poke|p2|Ninetales-Alola, M|\n|poke|p2|Scizor, M|\n|poke|p2|Chien-Pao|\n|poke|p2|Heatran, F|\n|poke|p2|Iron Bundle|\n|poke|p2|Sinistcha-Masterpiece|\n|teampreview\n|inactive|Battle timer is ON: inactive players will automatically lose when time's up. (requested by Pasq22)\n|\n|t:|1698747045\n|start\n|switch|p1a: Ribombee|Ribombee, F|100\/100\n|switch|p1b: Landorus|Landorus-Therian, M, shiny|100\/100\n|switch|p2a: Ninetales|Ninetales-Alola, M|100\/100\n|switch|p2b: Scizor|Scizor, M|100\/100\n|-weather|Snow|[from] ability: Snow Warning|[of] p2a: Ninetales\n|-ability|p1b: Landorus|Intimidate|boost\n|-unboost|p2a: Ninetales|atk|1\n|-unboost|p2b: Scizor|atk|1\n|turn|1\n|inactive|henrypkmmt has 120 seconds left.\n|\n|t:|1698747075\n|move|p2b: Scizor|Bullet Punch|p1a: Ribombee\n|-supereffective|p1a: Ribombee\n|-damage|p1a: Ribombee|7\/100\n|move|p1a: Ribombee|Sticky Web|p2b: Scizor\n|-sidestart|p2: Pasq22|move: Sticky Web\n|move|p2a: Ninetales|Aurora Veil|p2a: Ninetales\n|-sidestart|p2: Pasq22|move: Aurora Veil\n|move|p1b: Landorus|Rock Slide|p2b: Scizor|[spread] p2a,p2b\n|-supereffective|p2a: Ninetales\n|-damage|p2a: Ninetales|54\/100\n|-damage|p2b: Scizor|78\/100\n|\n|-weather|Snow|[upkeep]\n|upkeep\n|turn|2\n|\n|t:|1698747090\n|switch|p1b: Cresselia|Cresselia, F, shiny|100\/100\n|move|p1a: Ribombee|Protect|p1a: Ribombee\n|-singleturn|p1a: Ribombee|Protect\n|move|p2b: Scizor|Bullet Punch|p1a: Ribombee\n|-activate|p1a: Ribombee|move: Protect\n|move|p2a: Ninetales|Blizzard|p1b: Cresselia|[spread] p1b\n|-activate|p1a: Ribombee|move: Protect\n|-damage|p1b: Cresselia|79\/100\n|\n|-weather|Snow|[upkeep]\n|-heal|p1b: Cresselia|85\/100|[from] item: Leftovers\n|upkeep\n|turn|3\n|\n|t:|1698747116\n|move|p1a: Ribombee|Stun Spore|p2a: Ninetales\n|-status|p2a: Ninetales|par\n|move|p1b: Cresselia|Reflect|p1b: Cresselia\n|-sidestart|p1: henrypkmmt|Reflect\n|move|p2a: Ninetales|Blizzard|p1b: Cresselia|[spread] p1a,p1b\n|-damage|p1a: Ribombee|0 fnt\n|-damage|p1b: Cresselia|65\/100\n|faint|p1a: Ribombee\n|move|p2b: Scizor|Bug Bite|p1b: Cresselia\n|-supereffective|p1b: Cresselia\n|-crit|p1b: Cresselia\n|-damage|p1b: Cresselia|0 fnt\n|faint|p1b: Cresselia\n|\n|-weather|Snow|[upkeep]\n|upkeep\n|\n|t:|1698747136\n|switch|p1a: Landorus|Landorus-Therian, M, shiny|100\/100\n|switch|p1b: Gyarados|Gyarados, F, shiny|100\/100\n|-ability|p1a: Landorus|Intimidate|boost\n|-unboost|p2a: Ninetales|atk|1\n|-unboost|p2b: Scizor|atk|1\n|turn|4\n|\n|t:|1698747149\n|switch|p2b: Sinistcha|Sinistcha-Masterpiece|100\/100\n|-activate|p2b: Sinistcha|move: Sticky Web\n|-unboost|p2b: Sinistcha|spe|1\n|-heal|p2a: Ninetales|79\/100 par|[from] ability: Hospitality|[of] p2b: Sinistcha\n|move|p1b: Gyarados|Dragon Dance|p1b: Gyarados\n|-boost|p1b: Gyarados|atk|1\n|-boost|p1b: Gyarados|spe|1\n|move|p1a: Landorus|Earthquake|p2a: Ninetales|[spread] p2a,p2b\n|-immune|p1b: Gyarados\n|-crit|p2a: Ninetales\n|-resisted|p2b: Sinistcha\n|-damage|p2a: Ninetales|0 fnt\n|-damage|p2b: Sinistcha|85\/100\n|faint|p2a: Ninetales\n|\n|-weather|Snow|[upkeep]\n|upkeep\n|\n|t:|1698747170\n|switch|p2a: Heatran|Heatran, F|100\/100\n|-item|p2a: Heatran|Air Balloon\n|turn|5\n|\n|t:|1698747189\n|-terastallize|p2a: Heatran|Electric\n|move|p1b: Gyarados|Crunch|p2a: Heatran\n|-damage|p2a: Heatran|73\/100\n|-enditem|p2a: Heatran|Air Balloon\n|-damage|p1b: Gyarados|91\/100|[from] item: Life Orb\n|move|p1a: Landorus|Earthquake|p2b: Sinistcha|[spread] p2a,p2b\n|-immune|p1b: Gyarados\n|-supereffective|p2a: Heatran\n|-resisted|p2b: Sinistcha\n|-crit|p2b: Sinistcha\n|-damage|p2a: Heatran|0 fnt\n|-damage|p2b: Sinistcha|49\/100\n|faint|p2a: Heatran\n|move|p2b: Sinistcha|Scald|p1a: Landorus\n|-supereffective|p1a: Landorus\n|-damage|p1a: Landorus|42\/100\n|\n|-weather|none\n|upkeep\n|-message|Pasq22 forfeited.\n|\n|win|henrypkmmt\n|raw|henrypkmmt's rating: 1126 &rarr; <strong>1158<\/strong><br \/>(+32 for winning)\n|raw|Pasq22's rating: 1225 &rarr; <strong>1193<\/strong><br \/>(-32 for losing)\n|l|\u2606Pasq22\n","uploadtime":1698747209,"views":18,"p1id":"henrypkmmt","p2id":"pasq22","formatid":"gen9doublesou","rating":1158,"private":0,"password":""}