{"id":"gen9doublesou-1976540909","p1":"ladymonitaishere","p2":"vazbap","format":"[Gen 9] Doubles OU","log":"|j|\u2606ladymonitaishere\n|j|\u2606vazbap\n|inactive|Battle timer is ON: inactive players will automatically lose when time's up.\n|t:|1698319413\n|gametype|doubles\n|player|p1|ladymonitaishere|sada-ai|\n|player|p2|vazbap|artist-gen4|\n|teamsize|p1|6\n|teamsize|p2|6\n|gen|9\n|tier|[Gen 9] Doubles OU\n|rated|Tournament battle\n|rule|Species Clause: Limit one of each Pok\u00e9mon\n|rule|OHKO Clause: OHKO moves are banned\n|rule|Evasion Moves Clause: Evasion moves are banned\n|rule|Gravity Sleep Clause: The combination of sleep-inducing moves with imperfect accuracy and Gravity or Gigantamax Orbeetle are banned\n|rule|Endless Battle Clause: Forcing endless battles is banned\n|rule|HP Percentage Mod: HP is shown in percentages\n|clearpoke\n|poke|p1|Grimmsnarl, M|\n|poke|p1|Venomoth, M|\n|poke|p1|Camerupt, M|\n|poke|p1|Breloom, M|\n|poke|p1|Quaquaval, F|\n|poke|p1|Mienshao, F|\n|poke|p2|Mismagius, F|\n|poke|p2|Ambipom, M|\n|poke|p2|Amoonguss, M|\n|poke|p2|Cetitan, M|\n|poke|p2|Snorlax, M|\n|poke|p2|Skuntank, M|\n|teampreview\n|j|*Lady Monita \u263d\n|inactive|vazbap also wants the timer to be on.\n|\n|t:|1698319422\n|start\n|switch|p1a: Grimmsnarl|Grimmsnarl, M|100\/100\n|switch|p1b: Venomoth|Venomoth, M|100\/100\n|switch|p2a: Ambipom|Ambipom, M|100\/100\n|switch|p2b: Skuntank|Skuntank, M|100\/100\n|turn|1\n|c|\u2606ladymonitaishere|glhf\n|c|\u2606vazbap|u2\n|\n|t:|1698319444\n|move|p1a: Grimmsnarl|Fake Out|p2a: Ambipom\n|-damage|p2a: Ambipom|75\/100\n|cant|p2a: Ambipom|flinch\n|move|p2b: Skuntank|Toxic Spikes|p1a: Grimmsnarl\n|-sidestart|p1: ladymonitaishere|move: Toxic Spikes\n|move|p1b: Venomoth|Sleep Powder|p2b: Skuntank\n|-status|p2b: Skuntank|slp|[from] move: Sleep Powder\n|\n|upkeep\n|turn|2\n|\n|t:|1698319459\n|move|p1a: Grimmsnarl|Parting Shot|p2b: Skuntank\n|-hint|Since gen 7, Dark is immune to Prankster moves.\n|-immune|p2b: Skuntank\n|move|p2a: Ambipom|Taunt|p1b: Venomoth\n|-start|p1b: Venomoth|move: Taunt\n|cant|p2b: Skuntank|slp\n|cant|p1b: Venomoth|move: Taunt|Quiver Dance\n|\n|upkeep\n|turn|3\n|j| Joshawott200\n|\n|t:|1698319481\n|switch|p1b: Breloom|Breloom, M|100\/100\n|-status|p1b: Breloom|psn\n|move|p1a: Grimmsnarl|Parting Shot|p2a: Ambipom\n|-unboost|p2a: Ambipom|atk|1\n|-unboost|p2a: Ambipom|spa|1\n|\n|t:|1698319486\n|switch|p1a: Venomoth|Venomoth, M|100\/100|[from] Parting Shot\n|-sideend|p1: ladymonitaishere|move: Toxic Spikes|[of] p1a: Venomoth\n|move|p2a: Ambipom|Gunk Shot|p1a: Venomoth\n|-resisted|p1a: Venomoth\n|-damage|p1a: Venomoth|74\/100\n|-damage|p2a: Ambipom|65\/100|[from] item: Life Orb\n|-curestatus|p2b: Skuntank|slp|[msg]\n|move|p2b: Skuntank|Toxic Spikes|p1b: Breloom\n|-sidestart|p1: ladymonitaishere|move: Toxic Spikes\n|\n|-heal|p1a: Venomoth|80\/100|[from] item: Black Sludge\n|upkeep\n|turn|4\n|\n|t:|1698319504\n|move|p2a: Ambipom|Knock Off|p1a: Venomoth\n|-damage|p1a: Venomoth|33\/100\n|-enditem|p1a: Venomoth|Black Sludge|[from] move: Knock Off|[of] p2a: Ambipom\n|-damage|p2a: Ambipom|55\/100|[from] item: Life Orb\n|move|p2b: Skuntank|Gunk Shot|p1b: Breloom\n|-supereffective|p1b: Breloom\n|-damage|p1b: Breloom|20\/100 psn\n|move|p1a: Venomoth|Sleep Powder|p2b: Skuntank|[miss]\n|-miss|p1a: Venomoth|p2b: Skuntank\n|move|p1b: Breloom|Drain Punch|p2a: Ambipom\n|-supereffective|p2a: Ambipom\n|-damage|p2a: Ambipom|0 fnt\n|-heal|p1b: Breloom|45\/100 psn|[from] drain|[of] p2a: Ambipom\n|faint|p2a: Ambipom\n|\n|-heal|p1b: Breloom|57\/100 psn|[from] ability: Poison Heal\n|upkeep\n|\n|t:|1698319511\n|switch|p2a: Amoonguss|Amoonguss, M|100\/100\n|turn|5\n|\n|t:|1698319534\n|switch|p1a: Grimmsnarl|Grimmsnarl, M|100\/100\n|-status|p1a: Grimmsnarl|psn\n|move|p2a: Amoonguss|Rage Powder|p2a: Amoonguss\n|-singleturn|p2a: Amoonguss|move: Rage Powder\n|move|p2b: Skuntank|Knock Off|p1a: Grimmsnarl\n|-resisted|p1a: Grimmsnarl\n|-damage|p1a: Grimmsnarl|87\/100 psn\n|-enditem|p1a: Grimmsnarl|Leftovers|[from] move: Knock Off|[of] p2b: Skuntank\n|move|p1b: Breloom|Drain Punch|p2b: Skuntank\n|-crit|p2b: Skuntank\n|-damage|p2b: Skuntank|32\/100\n|-heal|p1b: Breloom|94\/100 psn|[from] drain|[of] p2b: Skuntank\n|\n|-heal|p2b: Skuntank|38\/100|[from] item: Leftovers\n|-heal|p1b: Breloom|100\/100 psn|[from] ability: Poison Heal\n|-damage|p1a: Grimmsnarl|75\/100 psn|[from] psn\n|upkeep\n|turn|6\n|\n|t:|1698319554\n|switch|p2a: Mismagius|Mismagius, F|100\/100\n|move|p1a: Grimmsnarl|Thunder Wave|p2a: Mismagius\n|-status|p2a: Mismagius|par\n|move|p2b: Skuntank|Explosion|p1b: Breloom|[spread] p1a,p1b\n|-immune|p2a: Mismagius\n|-damage|p1a: Grimmsnarl|12\/100 psn\n|-damage|p1b: Breloom|54\/100 psn\n|faint|p2b: Skuntank\n|move|p1b: Breloom|Drain Punch|p2a: Mismagius\n|-immune|p2a: Mismagius\n|\n|-heal|p1b: Breloom|66\/100 psn|[from] ability: Poison Heal\n|-damage|p1a: Grimmsnarl|0 fnt|[from] psn\n|faint|p1a: Grimmsnarl\n|upkeep\n|\n|t:|1698319564\n|switch|p2b: Cetitan|Cetitan, M|100\/100\n|switch|p1a: Venomoth|Venomoth, M|33\/100\n|-sideend|p1: ladymonitaishere|move: Toxic Spikes|[of] p1a: Venomoth\n|turn|7\n|\n|t:|1698319579\n|move|p2b: Cetitan|Helping Hand|p2a: Mismagius\n|-singleturn|p2a: Mismagius|Helping Hand|[of] p2b: Cetitan\n|move|p1a: Venomoth|Sleep Powder|p2b: Cetitan|[miss]\n|-miss|p1a: Venomoth|p2b: Cetitan\n|move|p1b: Breloom|Drain Punch|p2b: Cetitan\n|-supereffective|p2b: Cetitan\n|-damage|p2b: Cetitan|42\/100\n|-heal|p1b: Breloom|100\/100 psn|[from] drain|[of] p2b: Cetitan\n|move|p2a: Mismagius|Dazzling Gleam|p1a: Venomoth|[spread] p1a,p1b\n|-resisted|p1a: Venomoth\n|-supereffective|p1b: Breloom\n|-damage|p1a: Venomoth|2\/100\n|-damage|p1b: Breloom|0 fnt\n|faint|p1b: Breloom\n|\n|-heal|p2b: Cetitan|48\/100|[from] item: Leftovers\n|upkeep\n|inactive|ladymonitaishere has 120 seconds left.\n|\n|t:|1698319606\n|switch|p1b: Camerupt|Camerupt, M|100\/100\n|turn|8\n|\n|t:|1698319616\n|switch|p2a: Snorlax|Snorlax, M|100\/100\n|move|p2b: Cetitan|Ice Shard|p1a: Venomoth\n|-damage|p1a: Venomoth|0 fnt\n|faint|p1a: Venomoth\n|move|p1b: Camerupt|Flamethrower|p2b: Cetitan\n|-supereffective|p2b: Cetitan\n|-damage|p2b: Cetitan|2\/100\n|\n|-heal|p2b: Cetitan|8\/100|[from] item: Leftovers\n|upkeep\n|\n|t:|1698319624\n|switch|p1a: Quaquaval|Quaquaval, F|100\/100\n|turn|9\n|\n|t:|1698319643\n|move|p1a: Quaquaval|Close Combat|p2a: Snorlax\n|-supereffective|p2a: Snorlax\n|-damage|p2a: Snorlax|0 fnt\n|-unboost|p1a: Quaquaval|def|1\n|-unboost|p1a: Quaquaval|spd|1\n|faint|p2a: Snorlax\n|-ability|p1a: Quaquaval|Moxie|boost\n|-boost|p1a: Quaquaval|atk|1\n|move|p2b: Cetitan|Yawn|p1a: Quaquaval\n|-start|p1a: Quaquaval|move: Yawn|[of] p2b: Cetitan\n|move|p1b: Camerupt|Flamethrower|p2b: Cetitan\n|-supereffective|p2b: Cetitan\n|-damage|p2b: Cetitan|0 fnt\n|faint|p2b: Cetitan\n|\n|upkeep\n|\n|t:|1698319650\n|switch|p2b: Mismagius|Mismagius, F|100\/100 par\n|switch|p2a: Amoonguss|Amoonguss, M|100\/100\n|turn|10\n|\n|t:|1698319660\n|switch|p1a: Mienshao|Mienshao, F|100\/100\n|move|p2a: Amoonguss|Rage Powder|p2a: Amoonguss\n|-singleturn|p2a: Amoonguss|move: Rage Powder\n|move|p2b: Mismagius|Psychic|p1a: Mienshao\n|-supereffective|p1a: Mienshao\n|-damage|p1a: Mienshao|0 fnt\n|faint|p1a: Mienshao\n|move|p1b: Camerupt|Flamethrower|p2a: Amoonguss\n|-supereffective|p2a: Amoonguss\n|-damage|p2a: Amoonguss|30\/100\n|-enditem|p2a: Amoonguss|Sitrus Berry|[eat]\n|-heal|p2a: Amoonguss|55\/100|[from] item: Sitrus Berry\n|\n|upkeep\n|\n|t:|1698319672\n|switch|p1a: Quaquaval|Quaquaval, F|100\/100\n|turn|11\n|\n|t:|1698319689\n|-terastallize|p1a: Quaquaval|Water\n|move|p2a: Amoonguss|Rage Powder|p2a: Amoonguss\n|-singleturn|p2a: Amoonguss|move: Rage Powder\n|move|p1a: Quaquaval|Aqua Step|p2a: Amoonguss\n|-resisted|p2a: Amoonguss\n|-damage|p2a: Amoonguss|20\/100\n|-boost|p1a: Quaquaval|spe|1\n|move|p2b: Mismagius|Psychic|p1a: Quaquaval\n|-crit|p1a: Quaquaval\n|-damage|p1a: Quaquaval|20\/100\n|move|p1b: Camerupt|Flamethrower|p2a: Amoonguss\n|-supereffective|p2a: Amoonguss\n|-damage|p2a: Amoonguss|0 fnt\n|faint|p2a: Amoonguss\n|\n|upkeep\n|turn|12\n|\n|t:|1698319704\n|move|p1a: Quaquaval|Aqua Step|p2b: Mismagius\n|-damage|p2b: Mismagius|0 fnt\n|-boost|p1a: Quaquaval|spe|1\n|faint|p2b: Mismagius\n|\n|win|ladymonitaishere\n|n|\u2606ladymonitaishere|ladymonitaishere\n|n|\u2606vazbap|vazbap\n|n|*Lady Monita \u263d|ladymonita\n|n| Joshawott200|joshawott200\n","uploadtime":1698319705,"views":21,"p1id":"ladymonitaishere","p2id":"vazbap","formatid":"gen9doublesou","rating":0,"private":0,"password":""}