{"id":"gen9doublesou-1981993707","p1":"Doe-Doedel","p2":"Rungy","format":"[Gen 9] Doubles OU","log":"|j|\u2606Doe-Doedel\n|j|\u2606Rungy\n|t:|1698957899\n|gametype|doubles\n|player|p1|Doe-Doedel|101|1382\n|player|p2|Rungy|gambler|1241\n|teamsize|p1|6\n|teamsize|p2|6\n|gen|9\n|tier|[Gen 9] Doubles OU\n|rated|\n|rule|Species Clause: Limit one of each Pok\u00e9mon\n|rule|OHKO Clause: OHKO moves are banned\n|rule|Evasion Moves Clause: Evasion moves are banned\n|rule|Gravity Sleep Clause: The combination of sleep-inducing moves with imperfect accuracy and Gravity or Gigantamax Orbeetle are banned\n|rule|Endless Battle Clause: Forcing endless battles is banned\n|rule|HP Percentage Mod: HP is shown in percentages\n|clearpoke\n|poke|p1|Milotic, F|\n|poke|p1|Tyranitar, M|\n|poke|p1|Gyarados, M|\n|poke|p1|Volcarona, F|\n|poke|p1|Raichu, M|\n|poke|p1|Landorus, M|\n|poke|p2|Weezing-Galar, F|\n|poke|p2|Wyrdeer, F|\n|poke|p2|Gastrodon-East, M|\n|poke|p2|Farigiraf, M|\n|poke|p2|Sinistcha|\n|poke|p2|Mamoswine, M|\n|teampreview\n|inactive|Battle timer is ON: inactive players will automatically lose when time's up. (requested by Doe-Doedel)\n|\n|t:|1698957930\n|start\n|switch|p1a: Ratte|Raichu, M|100\/100\n|switch|p1b: Mothra|Volcarona, F|100\/100\n|switch|p2a: Assmar|Weezing-Galar, F|100\/100\n|switch|p2b: Pearls|Mamoswine, M|100\/100\n|-fieldstart|move: Misty Terrain|[from] ability: Misty Surge|[of] p2a: Assmar\n|turn|1\n|inactive|Rungy has 120 seconds left.\n|\n|t:|1698957969\n|switch|p2b: Khan|Gastrodon-East, M|100\/100\n|switch|p2a: Mr. Rothschild|Farigiraf, M|100\/100\n|-terastallize|p1b: Mothra|Grass\n|move|p1a: Ratte|Fake Out||[still]\n|cant|p2a: Mr. Rothschild|ability: Armor Tail|Fake Out|[of] p1a: Ratte\n|move|p1b: Mothra|Quiver Dance|p1b: Mothra\n|-boost|p1b: Mothra|spa|1\n|-boost|p1b: Mothra|spd|1\n|-boost|p1b: Mothra|spe|1\n|\n|upkeep\n|turn|2\n|\n|t:|1698957988\n|-terastallize|p2b: Khan|Fire\n|move|p1b: Mothra|Giga Drain|p2b: Khan\n|-resisted|p2b: Khan\n|-damage|p2b: Khan|80\/100\n|move|p1a: Ratte|Nuzzle|p2a: Mr. Rothschild\n|-damage|p2a: Mr. Rothschild|92\/100\n|move|p2a: Mr. Rothschild|Hyper Voice|p1a: Ratte|[spread] p1a,p1b\n|-damage|p1a: Ratte|45\/100\n|-damage|p1b: Mothra|75\/100\n|-enditem|p2a: Mr. Rothschild|Throat Spray\n|-boost|p2a: Mr. Rothschild|spa|1|[from] item: Throat Spray\n|move|p2b: Khan|Ice Beam|p1b: Mothra\n|-supereffective|p1b: Mothra\n|-damage|p1b: Mothra|36\/100\n|\n|upkeep\n|turn|3\n|\n|t:|1698958006\n|move|p1b: Mothra|Giga Drain|p2a: Mr. Rothschild\n|-damage|p2a: Mr. Rothschild|19\/100\n|-heal|p1b: Mothra|88\/100|[from] drain|[of] p2a: Mr. Rothschild\n|move|p1a: Ratte|Nuzzle|p2b: Khan\n|-damage|p2b: Khan|71\/100\n|move|p2a: Mr. Rothschild|Hyper Voice|p1b: Mothra|[spread] p1a,p1b\n|-damage|p1a: Ratte|0 fnt\n|-damage|p1b: Mothra|50\/100\n|faint|p1a: Ratte\n|move|p2b: Khan|Ice Beam|p1b: Mothra\n|-supereffective|p1b: Mothra\n|-damage|p1b: Mothra|10\/100\n|\n|upkeep\n|\n|t:|1698958020\n|switch|p1a: Lando|Landorus, M|100\/100\n|turn|4\n|inactive|Rungy has 120 seconds left.\n|\n|t:|1698958052\n|switch|p2a: O'deer|Wyrdeer, F|100\/100\n|switch|p2b: Kratom|Sinistcha|100\/100\n|move|p1b: Mothra|Giga Drain|p2a: O'deer\n|-ability|p2a: O'deer|Sap Sipper|boost\n|-boost|p2a: O'deer|atk|1\n|move|p1a: Lando|Earth Power|p2b: Kratom\n|-resisted|p2b: Kratom\n|-damage|p2b: Kratom|45\/100\n|\n|upkeep\n|turn|5\n|\n|t:|1698958072\n|move|p1b: Mothra|Heat Wave|p2a: O'deer|[spread] p2b\n|-miss|p1b: Mothra|p2a: O'deer\n|-supereffective|p2b: Kratom\n|-damage|p2b: Kratom|0 fnt\n|faint|p2b: Kratom\n|move|p1a: Lando|U-turn|p2a: O'deer\n|-supereffective|p2a: O'deer\n|-damage|p2a: O'deer|41\/100\n|-damage|p1a: Lando|91\/100|[from] item: Life Orb\n|inactive|Doe-Doedel has 120 seconds left.\n|\n|t:|1698958113\n|switch|p1a: StoneCold|Tyranitar, M|100\/100|[from] U-turn\n|-weather|Sandstorm|[from] ability: Sand Stream|[of] p1a: StoneCold\n|move|p2a: O'deer|Lunge|p1b: Mothra\n|-supereffective|p1b: Mothra\n|-damage|p1b: Mothra|0 fnt\n|faint|p1b: Mothra\n|\n|-weather|Sandstorm|[upkeep]\n|-damage|p2a: O'deer|35\/100|[from] Sandstorm\n|upkeep\n|inactive|Doe-Doedel has 120 seconds left.\n|\n|t:|1698958133\n|switch|p1b: Serpentina|Milotic, F|100\/100\n|switch|p2b: Pearls|Mamoswine, M|100\/100\n|turn|6\n|\n|t:|1698958146\n|move|p2b: Pearls|High Horsepower|p1a: StoneCold\n|-supereffective|p1a: StoneCold\n|-damage|p1a: StoneCold|29\/100\n|move|p2a: O'deer|Lunge|p1a: StoneCold\n|-supereffective|p1a: StoneCold\n|-damage|p1a: StoneCold|0 fnt\n|faint|p1a: StoneCold\n|move|p1b: Serpentina|Scald|p2b: Pearls\n|-supereffective|p2b: Pearls\n|-damage|p2b: Pearls|28\/100\n|\n|-weather|Sandstorm|[upkeep]\n|-damage|p2a: O'deer|29\/100|[from] Sandstorm\n|-damage|p1b: Serpentina|94\/100|[from] Sandstorm\n|-heal|p1b: Serpentina|100\/100|[from] item: Leftovers\n|upkeep\n|\n|t:|1698958160\n|switch|p1a: Serpentor|Gyarados, M|100\/100\n|-ability|p1a: Serpentor|Intimidate|boost\n|-unboost|p2a: O'deer|atk|1\n|-fail|p2b: Pearls|unboost|[from] item: Clear Amulet|[of] p2b: Pearls\n|turn|7\n|\n|t:|1698958170\n|switch|p2a: Khan|Gastrodon-East, M, tera:Fire|71\/100\n|move|p1a: Serpentor|Waterfall|p2a: Khan\n|-activate|p2a: Khan|ability: Storm Drain\n|-ability|p2a: Khan|Storm Drain|boost\n|-boost|p2a: Khan|spa|1\n|move|p2b: Pearls|Icicle Crash|p1a: Serpentor\n|-damage|p1a: Serpentor|40\/100\n|move|p1b: Serpentina|Scald|p2a: Khan\n|-ability|p2a: Khan|Storm Drain|boost\n|-boost|p2a: Khan|spa|1\n|\n|-weather|Sandstorm|[upkeep]\n|-damage|p1a: Serpentor|34\/100|[from] Sandstorm\n|-damage|p1b: Serpentina|94\/100|[from] Sandstorm\n|-damage|p2a: Khan|65\/100|[from] Sandstorm\n|-heal|p1b: Serpentina|100\/100|[from] item: Leftovers\n|upkeep\n|turn|8\n|\n|t:|1698958199\n|move|p1a: Serpentor|Earthquake|p2a: Khan|[spread] p1b,p2a,p2b\n|-supereffective|p2a: Khan\n|-damage|p1b: Serpentina|83\/100\n|-damage|p2a: Khan|6\/100\n|-damage|p2b: Pearls|2\/100\n|move|p2b: Pearls|Icicle Crash|p1a: Serpentor\n|-damage|p1a: Serpentor|0 fnt\n|faint|p1a: Serpentor\n|move|p1b: Serpentina|Life Dew|p1b: Serpentina\n|-heal|p1b: Serpentina|100\/100\n|move|p2a: Khan|Sludge Bomb|p1b: Serpentina\n|-damage|p1b: Serpentina|62\/100\n|\n|-weather|Sandstorm|[upkeep]\n|-damage|p1b: Serpentina|56\/100|[from] Sandstorm\n|-damage|p2a: Khan|0 fnt|[from] Sandstorm\n|faint|p2a: Khan\n|-heal|p1b: Serpentina|62\/100|[from] item: Leftovers\n|-fieldend|Misty Terrain\n|upkeep\n|\n|t:|1698958220\n|switch|p1a: Lando|Landorus, M|91\/100\n|switch|p2a: Assmar|Weezing-Galar, F|100\/100\n|-fieldstart|move: Misty Terrain|[from] ability: Misty Surge|[of] p2a: Assmar\n|turn|9\n|inactive|Doe-Doedel has 120 seconds left.\n|\n|t:|1698958279\n|switch|p2a: Mr. Rothschild|Farigiraf, M|19\/100\n|move|p2b: Pearls|Ice Shard|p1a: Lando\n|-supereffective|p1a: Lando\n|-damage|p1a: Lando|0 fnt\n|faint|p1a: Lando\n|move|p1b: Serpentina|Life Dew|p1b: Serpentina\n|-heal|p1b: Serpentina|87\/100\n|\n|-weather|none\n|-heal|p1b: Serpentina|93\/100|[from] item: Leftovers\n|upkeep\n|turn|10\n|\n|t:|1698958299\n|move|p2b: Pearls|Iron Head|p1b: Serpentina\n|-resisted|p1b: Serpentina\n|-damage|p1b: Serpentina|84\/100\n|cant|p1b: Serpentina|flinch\n|move|p2a: Mr. Rothschild|Nasty Plot|p2a: Mr. Rothschild\n|-boost|p2a: Mr. Rothschild|spa|2\n|\n|-heal|p1b: Serpentina|90\/100|[from] item: Leftovers\n|upkeep\n|turn|11\n|\n|t:|1698958310\n|move|p2b: Pearls|Icicle Crash|p1b: Serpentina\n|-resisted|p1b: Serpentina\n|-damage|p1b: Serpentina|73\/100\n|move|p1b: Serpentina|Icy Wind|p2a: Mr. Rothschild|[spread] p2a,p2b\n|-damage|p2a: Mr. Rothschild|9\/100\n|-damage|p2b: Pearls|0 fnt\n|-unboost|p2a: Mr. Rothschild|spe|1\n|faint|p2b: Pearls\n|move|p2a: Mr. Rothschild|Hyper Voice|p1b: Serpentina\n|-damage|p1b: Serpentina|5\/100\n|\n|-heal|p1b: Serpentina|11\/100|[from] item: Leftovers\n|upkeep\n|-message|Doe-Doedel forfeited.\n|\n|win|Rungy\n|raw|Doe-Doedel's rating: 1382 &rarr; <strong>1354<\/strong><br \/>(-28 for losing)\n|raw|Rungy's rating: 1241 &rarr; <strong>1276<\/strong><br \/>(+35 for winning)\n|l|\u2606Doe-Doedel\n","uploadtime":1698958328,"views":17,"p1id":"doedoedel","p2id":"rungy","formatid":"gen9doublesou","rating":1276,"private":0,"password":""}