{"id":"gen9doublesou-1990635353","p1":"niguibatman","p2":"LEGEND0","format":"[Gen 9] Doubles OU","log":"|j|\u2606niguibatman\n|j|\u2606LEGEND0\n|t:|1699987538\n|gametype|doubles\n|player|p1|niguibatman|janitor|1349\n|player|p2|LEGEND0|1|1289\n|teamsize|p1|6\n|teamsize|p2|6\n|gen|9\n|tier|[Gen 9] Doubles OU\n|rated|\n|rule|Species Clause: Limit one of each Pok\u00e9mon\n|rule|OHKO Clause: OHKO moves are banned\n|rule|Evasion Moves Clause: Evasion moves are banned\n|rule|Gravity Sleep Clause: The combination of sleep-inducing moves with imperfect accuracy and Gravity or Gigantamax Orbeetle are banned\n|rule|Endless Battle Clause: Forcing endless battles is banned\n|rule|HP Percentage Mod: HP is shown in percentages\n|clearpoke\n|poke|p1|Gholdengo|\n|poke|p1|Iron Hands|\n|poke|p1|Amoonguss, M|\n|poke|p1|Iron Bundle|\n|poke|p1|Pelipper, M|\n|poke|p1|Salamence, M|\n|poke|p2|Landorus-Therian, M|\n|poke|p2|Amoonguss, L97, M|\n|poke|p2|Snorlax, F|\n|poke|p2|Flutter Mane|\n|poke|p2|Sinistcha-Masterpiece|\n|poke|p2|Tornadus, M|\n|teampreview\n|\n|t:|1699987550\n|start\n|switch|p1a: News Coo|Pelipper, M|100\/100\n|switch|p1b: Salamander|Salamence, M|100\/100\n|switch|p2a: Snorlax|Snorlax, F, shiny|100\/100\n|switch|p2b: Amoonguss|Amoonguss, L97, M, shiny|100\/100\n|-ability|p1b: Salamander|Intimidate|boost\n|-unboost|p2a: Snorlax|atk|1\n|-unboost|p2b: Amoonguss|atk|1\n|-weather|RainDance|[from] ability: Drizzle|[of] p1a: News Coo\n|turn|1\n|inactive|Battle timer is ON: inactive players will automatically lose when time's up. (requested by LEGEND0)\n|\n|t:|1699987582\n|switch|p1a: V\u00e1zquez|Gholdengo|100\/100\n|move|p2b: Amoonguss|Rage Powder|p2b: Amoonguss\n|-singleturn|p2b: Amoonguss|move: Rage Powder\n|move|p1b: Salamander|Tailwind|p1b: Salamander\n|-sidestart|p1: niguibatman|move: Tailwind\n|move|p2a: Snorlax|Belly Drum|p2a: Snorlax\n|-damage|p2a: Snorlax|50\/100\n|-setboost|p2a: Snorlax|atk|6|[from] move: Belly Drum\n|-enditem|p2a: Snorlax|Sitrus Berry|[eat]\n|-heal|p2a: Snorlax|75\/100|[from] item: Sitrus Berry\n|\n|-weather|RainDance|[upkeep]\n|upkeep\n|turn|2\n|inactive|niguibatman has 120 seconds left.\n|\n|t:|1699987625\n|switch|p1b: \u00bfAmong us?|Amoonguss, M|100\/100\n|switch|p2b: Tornadus|Tornadus, M, shiny|100\/100\n|move|p1a: V\u00e1zquez|Protect|p1a: V\u00e1zquez\n|-singleturn|p1a: V\u00e1zquez|Protect\n|move|p2a: Snorlax|Facade|p1b: \u00bfAmong us?\n|-damage|p1b: \u00bfAmong us?|30\/100\n|-enditem|p1b: \u00bfAmong us?|Sitrus Berry|[eat]\n|-heal|p1b: \u00bfAmong us?|55\/100|[from] item: Sitrus Berry\n|\n|-weather|RainDance|[upkeep]\n|upkeep\n|turn|3\n|inactive|niguibatman has 120 seconds left.\n|\n|t:|1699987651\n|move|p2b: Tornadus|Tailwind|p2b: Tornadus\n|-sidestart|p2: LEGEND0|move: Tailwind\n|move|p1a: V\u00e1zquez|Nasty Plot|p1a: V\u00e1zquez\n|-boost|p1a: V\u00e1zquez|spa|2\n|move|p2a: Snorlax|Facade|p1b: \u00bfAmong us?\n|-damage|p1b: \u00bfAmong us?|0 fnt\n|faint|p1b: \u00bfAmong us?\n|\n|-weather|RainDance|[upkeep]\n|upkeep\n|\n|t:|1699987665\n|switch|p1b: Sopeton|Iron Hands|100\/100\n|turn|4\n|inactive|niguibatman has 120 seconds left.\n|\n|t:|1699987680\n|move|p1b: Sopeton|Fake Out|p2a: Snorlax\n|-damage|p2a: Snorlax|64\/100\n|move|p2b: Tornadus|Bleakwind Storm|p1b: Sopeton|[spread] p1a,p1b\n|-resisted|p1a: V\u00e1zquez\n|-damage|p1a: V\u00e1zquez|80\/100\n|-damage|p1b: Sopeton|79\/100\n|-unboost|p1a: V\u00e1zquez|spe|1\n|move|p1a: V\u00e1zquez|Shadow Ball|p2b: Tornadus\n|-damage|p2b: Tornadus|0 fnt\n|faint|p2b: Tornadus\n|cant|p2a: Snorlax|flinch\n|\n|-weather|RainDance|[upkeep]\n|-heal|p1a: V\u00e1zquez|86\/100|[from] item: Leftovers\n|-sideend|p1: niguibatman|move: Tailwind\n|upkeep\n|\n|t:|1699987698\n|switch|p2b: Landorus|Landorus-Therian, M, shiny|100\/100\n|-ability|p2b: Landorus|Intimidate|boost\n|-unboost|p1a: V\u00e1zquez|atk|1\n|-unboost|p1b: Sopeton|atk|1\n|turn|5\n|\n|t:|1699987710\n|-end|p1b: Sopeton|Quark Drive|[silent]\n|switch|p1b: Autonomo|Iron Bundle|100\/100\n|-enditem|p1b: Autonomo|Booster Energy\n|-activate|p1b: Autonomo|ability: Quark Drive|[fromitem]\n|-start|p1b: Autonomo|quarkdrivespe\n|move|p2b: Landorus|Sandsear Storm|p1b: Autonomo|[spread] p1a,p1b\n|-supereffective|p1a: V\u00e1zquez\n|-damage|p1a: V\u00e1zquez|29\/100\n|-damage|p1b: Autonomo|63\/100\n|move|p2a: Snorlax|Facade|p1b: Autonomo\n|-damage|p1b: Autonomo|0 fnt\n|faint|p1b: Autonomo\n|-end|p1b: Autonomo|Quark Drive|[silent]\n|move|p1a: V\u00e1zquez|Shadow Ball|p2b: Landorus\n|-damage|p2b: Landorus|0 fnt\n|faint|p2b: Landorus\n|\n|-weather|none\n|-heal|p1a: V\u00e1zquez|35\/100|[from] item: Leftovers\n|upkeep\n|inactive|niguibatman has 120 seconds left.\n|\n|t:|1699987747\n|switch|p1b: Sopeton|Iron Hands|79\/100\n|switch|p2b: Sinistcha|Sinistcha-Masterpiece, shiny|100\/100\n|-heal|p2a: Snorlax|89\/100|[from] ability: Hospitality|[of] p2b: Sinistcha\n|turn|6\n|\n|t:|1699987764\n|move|p1b: Sopeton|Fake Out|p2a: Snorlax\n|-damage|p2a: Snorlax|79\/100\n|move|p2b: Sinistcha|Matcha Gotcha|p1b: Sopeton|[spread] p1a\n|-miss|p2b: Sinistcha|p1b: Sopeton\n|-resisted|p1a: V\u00e1zquez\n|-damage|p1a: V\u00e1zquez|22\/100\n|-status|p1a: V\u00e1zquez|brn\n|cant|p2a: Snorlax|flinch\n|move|p1a: V\u00e1zquez|Shadow Ball|p2b: Sinistcha\n|-supereffective|p2b: Sinistcha\n|-damage|p2b: Sinistcha|0 fnt\n|faint|p2b: Sinistcha\n|\n|-heal|p1a: V\u00e1zquez|28\/100 brn|[from] item: Leftovers\n|-damage|p1a: V\u00e1zquez|22\/100 brn|[from] brn\n|-sideend|p2: LEGEND0|move: Tailwind\n|upkeep\n|\n|t:|1699987784\n|switch|p2b: Amoonguss|Amoonguss, L97, M, shiny|100\/100\n|turn|7\n|inactive|niguibatman has 120 seconds left.\n|\n|t:|1699987825\n|move|p1a: V\u00e1zquez|Shadow Ball|p2b: Amoonguss\n|-damage|p2b: Amoonguss|14\/100\n|move|p1b: Sopeton|Drain Punch|p2a: Snorlax\n|-supereffective|p2a: Snorlax\n|-damage|p2a: Snorlax|23\/100\n|-heal|p1b: Sopeton|100\/100|[from] drain|[of] p2a: Snorlax\n|move|p2a: Snorlax|Facade|p1b: Sopeton\n|-damage|p1b: Sopeton|28\/100\n|move|p2b: Amoonguss|Spore|p1a: V\u00e1zquez\n|-immune|p1a: V\u00e1zquez|[from] ability: Good as Gold\n|\n|-heal|p1a: V\u00e1zquez|28\/100 brn|[from] item: Leftovers\n|-heal|p2b: Amoonguss|20\/100|[from] item: Leftovers\n|-damage|p1a: V\u00e1zquez|22\/100 brn|[from] brn\n|upkeep\n|turn|8\n|inactive|niguibatman has 120 seconds left.\n|\n|t:|1699987851\n|move|p1a: V\u00e1zquez|Shadow Ball|p2b: Amoonguss\n|-damage|p2b: Amoonguss|0 fnt\n|faint|p2b: Amoonguss\n|move|p1b: Sopeton|Drain Punch|p2a: Snorlax\n|-supereffective|p2a: Snorlax\n|-crit|p2a: Snorlax\n|-damage|p2a: Snorlax|0 fnt\n|-heal|p1b: Sopeton|40\/100|[from] drain|[of] p2a: Snorlax\n|faint|p2a: Snorlax\n|\n|-heal|p1a: V\u00e1zquez|28\/100 brn|[from] item: Leftovers\n|-damage|p1a: V\u00e1zquez|22\/100 brn|[from] brn\n|upkeep\n|\n|t:|1699987865\n|switch|p2b: Flutter Mane|Flutter Mane, shiny|100\/100\n|turn|9\n|\n|t:|1699987872\n|-terastallize|p2b: Flutter Mane|Fairy\n|move|p2b: Flutter Mane|Dazzling Gleam|p1a: V\u00e1zquez|[spread] p1a,p1b\n|-resisted|p1a: V\u00e1zquez\n|-supereffective|p1b: Sopeton\n|-damage|p1a: V\u00e1zquez|0 fnt\n|-damage|p1b: Sopeton|0 fnt\n|faint|p1a: V\u00e1zquez\n|faint|p1b: Sopeton\n|-end|p1b: Sopeton|Quark Drive|[silent]\n|\n|upkeep\n|\n|t:|1699987881\n|switch|p1a: News Coo|Pelipper, M|100\/100\n|switch|p1b: Salamander|Salamence, M|100\/100\n|-ability|p1b: Salamander|Intimidate|boost\n|-unboost|p2b: Flutter Mane|atk|1\n|-weather|RainDance|[from] ability: Drizzle|[of] p1a: News Coo\n|turn|10\n|\n|t:|1699987900\n|move|p1b: Salamander|Hurricane|p2b: Flutter Mane\n|-damage|p2b: Flutter Mane|44\/100\n|move|p2b: Flutter Mane|Dazzling Gleam|p1b: Salamander|[spread] p1a,p1b\n|-supereffective|p1b: Salamander\n|-enditem|p1a: News Coo|Focus Sash\n|-damage|p1a: News Coo|1\/100\n|-damage|p1b: Salamander|0 fnt\n|faint|p1b: Salamander\n|move|p1a: News Coo|Hurricane|p2b: Flutter Mane\n|-damage|p2b: Flutter Mane|2\/100\n|\n|-weather|RainDance|[upkeep]\n|upkeep\n|turn|11\n|c|\u2606LEGEND0|this is close\n|c|\u2606niguibatman|gg\n|inactive|niguibatman has 120 seconds left.\n|c|\u2606LEGEND0|gg\n|c|\u2606niguibatman|I dont like to use the tera, that cost me the victory, well played\n|inactive|niguibatman has 90 seconds left.\n|\n|t:|1699987961\n|move|p2b: Flutter Mane|Dazzling Gleam|p1a: News Coo\n|-damage|p1a: News Coo|0 fnt\n|faint|p1a: News Coo\n|\n|win|LEGEND0\n|raw|niguibatman's rating: 1349 &rarr; <strong>1326<\/strong><br \/>(-23 for losing)\n|raw|LEGEND0's rating: 1289 &rarr; <strong>1318<\/strong><br \/>(+29 for winning)\n|c|\u2606LEGEND0|well played btw snorlax was met to sweep\n|c|\u2606LEGEND0|so i was trana keep him alive\n|l|\u2606niguibatman\n","uploadtime":1699987997,"views":5,"p1id":"niguibatman","p2id":"legend0","formatid":"gen9doublesou","rating":1318,"private":0,"password":""}