{"id":"gen9doublesou-1973788650","p1":"Jace_Wins","p2":"fangame10","format":"[Gen 9] Doubles OU","log":"|j|\u2606Jace_Wins\n|j|\u2606fangame10\n|t:|1698013558\n|gametype|doubles\n|player|p1|Jace_Wins|benga|1600\n|player|p2|fangame10|red|1755\n|teamsize|p1|6\n|teamsize|p2|6\n|gen|9\n|tier|[Gen 9] Doubles OU\n|rated|\n|rule|Species Clause: Limit one of each Pok\u00e9mon\n|rule|OHKO Clause: OHKO moves are banned\n|rule|Evasion Moves Clause: Evasion moves are banned\n|rule|Gravity Sleep Clause: The combination of sleep-inducing moves with imperfect accuracy and Gravity or Gigantamax Orbeetle are banned\n|rule|Endless Battle Clause: Forcing endless battles is banned\n|rule|HP Percentage Mod: HP is shown in percentages\n|clearpoke\n|poke|p1|Hippowdon, M|\n|poke|p1|Houndstone, F|\n|poke|p1|Gastrodon, M|\n|poke|p1|Goodra-Hisui, M|\n|poke|p1|Heatran, F|\n|poke|p1|Tyranitar, M|\n|poke|p2|Iron Bundle|\n|poke|p2|Abomasnow, M|\n|poke|p2|Chi-Yu|\n|poke|p2|Ursaluna, M|\n|poke|p2|Kommo-o, F|\n|poke|p2|Cresselia, F|\n|teampreview\n|inactive|Battle timer is ON: inactive players will automatically lose when time's up. (requested by fangame10)\n|inactive|fangame10 has 120 seconds left.\n|\n|t:|1698013607\n|start\n|switch|p1a: Heatran|Heatran, F|100\/100\n|switch|p1b: Gastrodon|Gastrodon, M|100\/100\n|switch|p2a: Kommo-o|Kommo-o, F|100\/100\n|switch|p2b: Iron Bundle|Iron Bundle, shiny|100\/100\n|turn|1\n|\n|t:|1698013632\n|move|p2b: Iron Bundle|Freeze-Dry|p1b: Gastrodon\n|-supereffective|p1b: Gastrodon\n|-damage|p1b: Gastrodon|0 fnt\n|faint|p1b: Gastrodon\n|move|p2a: Kommo-o|Clangorous Soul|p2a: Kommo-o\n|-boost|p2a: Kommo-o|atk|1\n|-boost|p2a: Kommo-o|def|1\n|-boost|p2a: Kommo-o|spa|1\n|-boost|p2a: Kommo-o|spd|1\n|-boost|p2a: Kommo-o|spe|1\n|-damage|p2a: Kommo-o|68\/100\n|move|p1a: Heatran|Flash Cannon|p2b: Iron Bundle\n|-damage|p2b: Iron Bundle|14\/100\n|-unboost|p2b: Iron Bundle|spd|1\n|\n|upkeep\n|inactive|Jace_Wins has 120 seconds left.\n|\n|t:|1698013649\n|switch|p1b: Hippowdon|Hippowdon, M|100\/100\n|-weather|Sandstorm|[from] ability: Sand Stream|[of] p1b: Hippowdon\n|turn|2\n|\n|t:|1698013660\n|move|p2a: Kommo-o|Drain Punch|p1a: Heatran\n|-supereffective|p1a: Heatran\n|-damage|p1a: Heatran|7\/100\n|-heal|p2a: Kommo-o|100\/100|[from] drain|[of] p1a: Heatran\n|move|p2b: Iron Bundle|Freeze-Dry|p1b: Hippowdon\n|-supereffective|p1b: Hippowdon\n|-damage|p1b: Hippowdon|19\/100\n|-enditem|p1b: Hippowdon|Sitrus Berry|[eat]\n|-heal|p1b: Hippowdon|44\/100|[from] item: Sitrus Berry\n|move|p1a: Heatran|Flash Cannon|p2b: Iron Bundle\n|-damage|p2b: Iron Bundle|0 fnt\n|faint|p2b: Iron Bundle\n|-end|p2b: Iron Bundle|Quark Drive|[silent]\n|move|p1b: Hippowdon|Yawn|p2a: Kommo-o\n|-start|p2a: Kommo-o|move: Yawn|[of] p1b: Hippowdon\n|\n|-weather|Sandstorm|[upkeep]\n|upkeep\n|\n|t:|1698013667\n|switch|p2b: Predator Drone|Cresselia, F|100\/100\n|turn|3\n|\n|t:|1698013690\n|switch|p1a: Tyranitar|Tyranitar, M|100\/100\n|switch|p1b: Houndstone|Houndstone, F|100\/100\n|move|p2b: Predator Drone|Helping Hand|p2a: Kommo-o\n|-singleturn|p2a: Kommo-o|Helping Hand|[of] p2b: Predator Drone\n|move|p2a: Kommo-o|Drain Punch|p1b: Houndstone\n|-immune|p1b: Houndstone\n|\n|-weather|Sandstorm|[upkeep]\n|-damage|p2b: Predator Drone|94\/100|[from] Sandstorm\n|-end|p2a: Kommo-o|move: Yawn|[silent]\n|-status|p2a: Kommo-o|slp\n|upkeep\n|turn|4\n|\n|t:|1698013712\n|-terastallize|p2b: Predator Drone|Fairy\n|move|p1b: Houndstone|Last Respects|p2b: Predator Drone\n|-damage|p2b: Predator Drone|58\/100\n|cant|p2a: Kommo-o|slp\n|move|p1a: Tyranitar|Dark Pulse|p2b: Predator Drone\n|-resisted|p2b: Predator Drone\n|-damage|p2b: Predator Drone|43\/100\n|cant|p2b: Predator Drone|flinch\n|\n|-weather|Sandstorm|[upkeep]\n|-damage|p2b: Predator Drone|37\/100|[from] Sandstorm\n|upkeep\n|turn|5\n|\n|t:|1698013727\n|move|p1b: Houndstone|Last Respects|p2b: Predator Drone\n|-damage|p2b: Predator Drone|0 fnt\n|faint|p2b: Predator Drone\n|-curestatus|p2a: Kommo-o|slp|[msg]\n|move|p2a: Kommo-o|Drain Punch|p1a: Tyranitar\n|-supereffective|p1a: Tyranitar\n|-damage|p1a: Tyranitar|0 fnt\n|faint|p1a: Tyranitar\n|\n|-weather|Sandstorm|[upkeep]\n|upkeep\n|\n|t:|1698013740\n|switch|p1a: Heatran|Heatran, F|7\/100\n|switch|p2b: Chi-Yu|Chi-Yu|100\/100\n|-ability|p2b: Chi-Yu|Beads of Ruin\n|turn|6\n|\n|t:|1698013751\n|move|p1b: Houndstone|Last Respects|p2a: Kommo-o\n|-damage|p2a: Kommo-o|39\/100\n|move|p2a: Kommo-o|Fire Punch|p1b: Houndstone\n|-damage|p1b: Houndstone|63\/100\n|move|p2b: Chi-Yu|Snarl|p1b: Houndstone|[spread] p1a,p1b\n|-supereffective|p1b: Houndstone\n|-damage|p1a: Heatran|0 fnt\n|-damage|p1b: Houndstone|0 fnt\n|faint|p1a: Heatran\n|faint|p1b: Houndstone\n|\n|-weather|none\n|upkeep\n|\n|t:|1698013763\n|switch|p1b: Goodra|Goodra-Hisui, M|100\/100\n|switch|p1a: Hippowdon|Hippowdon, M|44\/100\n|-weather|Sandstorm|[from] ability: Sand Stream|[of] p1a: Hippowdon\n|turn|7\n|\n|t:|1698013780\n|-terastallize|p1b: Goodra|Water\n|move|p2a: Kommo-o|Drain Punch|p1b: Goodra\n|-damage|p1b: Goodra|63\/100\n|-heal|p2a: Kommo-o|60\/100|[from] drain|[of] p1b: Goodra\n|move|p2b: Chi-Yu|Heat Wave|p1b: Goodra|[spread] p1a,p1b\n|-resisted|p1b: Goodra\n|-damage|p1a: Hippowdon|2\/100\n|-damage|p1b: Goodra|47\/100\n|-status|p1b: Goodra|brn\n|move|p1b: Goodra|Acid Armor|p1b: Goodra\n|-boost|p1b: Goodra|def|2\n|move|p1a: Hippowdon|Yawn|p2a: Kommo-o\n|-start|p2a: Kommo-o|move: Yawn|[of] p1a: Hippowdon\n|\n|-weather|Sandstorm|[upkeep]\n|-damage|p2b: Chi-Yu|94\/100|[from] Sandstorm\n|-damage|p1b: Goodra|40\/100 brn|[from] Sandstorm\n|-heal|p1b: Goodra|47\/100 brn|[from] item: Leftovers\n|-damage|p1b: Goodra|40\/100 brn|[from] brn\n|upkeep\n|turn|8\n|j| ariyasu\n|\n|t:|1698013806\n|switch|p2a: Abomasnow|Abomasnow, M, shiny|100\/100\n|-weather|Snow|[from] ability: Snow Warning|[of] p2a: Abomasnow\n|move|p1b: Goodra|Protect|p1b: Goodra\n|-singleturn|p1b: Goodra|Protect\n|move|p2b: Chi-Yu|Snarl|p1b: Goodra|[spread] p1a\n|-activate|p1b: Goodra|move: Protect\n|-damage|p1a: Hippowdon|0 fnt\n|faint|p1a: Hippowdon\n|\n|-weather|Snow|[upkeep]\n|-heal|p1b: Goodra|47\/100 brn|[from] item: Leftovers\n|-damage|p1b: Goodra|40\/100 brn|[from] brn\n|upkeep\n|turn|9\n|-message|Jace_Wins forfeited.\n|\n|win|fangame10\n|raw|Jace_Wins's rating: 1600 &rarr; <strong>1588<\/strong><br \/>(-12 for losing)\n|raw|fangame10's rating: 1755 &rarr; <strong>1767<\/strong><br \/>(+12 for winning)\n|l|\u2606Jace_Wins\n","uploadtime":1698013817,"views":18,"p1id":"jacewins","p2id":"fangame10","formatid":"gen9doublesou","rating":1588,"private":0,"password":""}