{"id":"gen9doublesou-1991901224","p1":"Blue Syrius","p2":"shadowme4","format":"[Gen 9] Doubles OU","log":"|j|\u2606Blue Syrius\n|j|\u2606shadowme4\n|t:|1700135766\n|gametype|doubles\n|player|p1|Blue Syrius|ninjaboy|1299\n|player|p2|shadowme4|169|1430\n|teamsize|p1|6\n|teamsize|p2|6\n|gen|9\n|tier|[Gen 9] Doubles OU\n|rated|\n|rule|Species Clause: Limit one of each Pok\u00e9mon\n|rule|OHKO Clause: OHKO moves are banned\n|rule|Evasion Moves Clause: Evasion moves are banned\n|rule|Gravity Sleep Clause: The combination of sleep-inducing moves with imperfect accuracy and Gravity or Gigantamax Orbeetle are banned\n|rule|Endless Battle Clause: Forcing endless battles is banned\n|rule|HP Percentage Mod: HP is shown in percentages\n|clearpoke\n|poke|p1|Sableye, F|\n|poke|p1|Chien-Pao|\n|poke|p1|Garchomp, M|\n|poke|p1|Tornadus, M|\n|poke|p1|Flutter Mane|\n|poke|p1|Chi-Yu|\n|poke|p2|Murkrow, F|\n|poke|p2|Gholdengo|\n|poke|p2|Flutter Mane|\n|poke|p2|Palafin, F|\n|poke|p2|Chien-Pao|\n|poke|p2|Ursaluna-Bloodmoon, M|\n|teampreview\n|\n|t:|1700135786\n|start\n|switch|p1a: Will-O-Wisp|Sableye, F, shiny|100\/100\n|switch|p1b: Swords Dance|Chien-Pao|100\/100\n|switch|p2a: Murkrow|Murkrow, F|100\/100\n|switch|p2b: Gholdengo|Gholdengo|100\/100\n|-ability|p1b: Swords Dance|Sword of Ruin\n|turn|1\n|inactive|Battle timer is ON: inactive players will automatically lose when time's up. (requested by Blue Syrius)\n|\n|t:|1700135796\n|move|p1a: Will-O-Wisp|Fake Out|p2a: Murkrow\n|-damage|p2a: Murkrow|87\/100\n|cant|p2a: Murkrow|flinch\n|move|p1b: Swords Dance|Ice Spinner|p2a: Murkrow\n|-supereffective|p2a: Murkrow\n|-crit|p2a: Murkrow\n|-damage|p2a: Murkrow|0 fnt\n|faint|p2a: Murkrow\n|move|p2b: Gholdengo|Make It Rain|p1a: Will-O-Wisp|[spread] p1a,p1b\n|-supereffective|p1b: Swords Dance\n|-damage|p1a: Will-O-Wisp|27\/100\n|-enditem|p1b: Swords Dance|Focus Sash\n|-damage|p1b: Swords Dance|1\/100\n|-unboost|p2b: Gholdengo|spa|1\n|-enditem|p1a: Will-O-Wisp|Sitrus Berry|[eat]\n|-heal|p1a: Will-O-Wisp|52\/100|[from] item: Sitrus Berry\n|\n|upkeep\n|\n|t:|1700135804\n|switch|p2a: Palafin|Palafin, F|100\/100\n|turn|2\n|\n|t:|1700135823\n|detailschange|p2a: Palafin|Palafin-Hero, F\n|switch|p2a: Ursaluna|Ursaluna-Bloodmoon, M|100\/100\n|move|p1a: Will-O-Wisp|Light Screen|p1a: Will-O-Wisp\n|-sidestart|p1: Blue Syrius|move: Light Screen\n|move|p1b: Swords Dance|Sacred Sword|p2a: Ursaluna\n|-supereffective|p2a: Ursaluna\n|-damage|p2a: Ursaluna|48\/100\n|move|p2b: Gholdengo|Make It Rain|p1b: Swords Dance|[spread] p1a,p1b\n|-supereffective|p1b: Swords Dance\n|-damage|p1a: Will-O-Wisp|16\/100\n|-damage|p1b: Swords Dance|0 fnt\n|-unboost|p2b: Gholdengo|spa|1\n|faint|p1b: Swords Dance\n|\n|upkeep\n|inactive|Blue Syrius has 120 seconds left.\n|\n|t:|1700135850\n|switch|p1b: Stealth Rock|Garchomp, M|100\/100\n|turn|3\n|\n|t:|1700135859\n|switch|p1a: Nasty Plot|Tornadus, M|100\/100\n|move|p2b: Gholdengo|Make It Rain|p1a: Nasty Plot|[spread] p1a,p1b\n|-damage|p1a: Nasty Plot|66\/100\n|-damage|p1b: Stealth Rock|78\/100\n|-unboost|p2b: Gholdengo|spa|1\n|move|p1b: Stealth Rock|Swords Dance|p1b: Stealth Rock\n|-boost|p1b: Stealth Rock|atk|2\n|move|p2a: Ursaluna|Blood Moon|p1b: Stealth Rock\n|-damage|p1b: Stealth Rock|12\/100\n|-damage|p2a: Ursaluna|38\/100|[from] item: Life Orb\n|\n|upkeep\n|turn|4\n|\n|t:|1700135875\n|move|p2a: Ursaluna|Protect|p2a: Ursaluna\n|-singleturn|p2a: Ursaluna|Protect\n|move|p1a: Nasty Plot|Tailwind|p1a: Nasty Plot\n|-sidestart|p1: Blue Syrius|move: Tailwind\n|move|p1b: Stealth Rock|Earthquake|p2b: Gholdengo|[spread] p2b\n|-activate|p2a: Ursaluna|move: Protect\n|-immune|p1a: Nasty Plot\n|-supereffective|p2b: Gholdengo\n|-damage|p2b: Gholdengo|0 fnt\n|faint|p2b: Gholdengo\n|\n|upkeep\n|\n|t:|1700135883\n|switch|p2b: Palafin|Palafin-Hero, F|100\/100\n|-activate|p2b: Palafin|ability: Zero to Hero\n|turn|5\n|\n|t:|1700135897\n|-terastallize|p2b: Palafin|Water\n|move|p2b: Palafin|Jet Punch|p1b: Stealth Rock\n|-damage|p1b: Stealth Rock|0 fnt\n|-damage|p2b: Palafin|88\/100|[from] ability: Rough Skin|[of] p1b: Stealth Rock\n|faint|p1b: Stealth Rock\n|-damage|p2b: Palafin|78\/100|[from] item: Life Orb\n|move|p1a: Nasty Plot|Heat Wave|p2a: Ursaluna|[spread] p2b\n|-miss|p1a: Nasty Plot|p2a: Ursaluna\n|-resisted|p2b: Palafin\n|-damage|p2b: Palafin|64\/100\n|move|p2a: Ursaluna|Blood Moon|p1a: Nasty Plot\n|-damage|p1a: Nasty Plot|0 fnt\n|faint|p1a: Nasty Plot\n|-damage|p2a: Ursaluna|28\/100|[from] item: Life Orb\n|\n|upkeep\n|\n|t:|1700135914\n|switch|p1a: Psyshock|Flutter Mane|100\/100\n|switch|p1b: Protect|Chi-Yu|100\/100\n|-ability|p1b: Protect|Beads of Ruin\n|-enditem|p1a: Psyshock|Booster Energy\n|-activate|p1a: Psyshock|ability: Protosynthesis|[fromitem]\n|-start|p1a: Psyshock|protosynthesisspa\n|turn|6\n|inactive|Blue Syrius has 120 seconds left.\n|\n|t:|1700135945\n|move|p2a: Ursaluna|Protect|p2a: Ursaluna\n|-singleturn|p2a: Ursaluna|Protect\n|move|p2b: Palafin|Jet Punch|p1b: Protect\n|-supereffective|p1b: Protect\n|-damage|p1b: Protect|0 fnt\n|faint|p1b: Protect\n|-damage|p2b: Palafin|54\/100|[from] item: Life Orb\n|move|p1a: Psyshock|Shadow Ball|p2b: Palafin\n|-crit|p2b: Palafin\n|-damage|p2b: Palafin|0 fnt\n|faint|p2b: Palafin\n|\n|-sideend|p1: Blue Syrius|move: Light Screen\n|upkeep\n|\n|t:|1700135956\n|switch|p1b: Will-O-Wisp|Sableye, F, shiny|16\/100\n|switch|p2b: Chien-Pao|Chien-Pao|100\/100\n|-ability|p2b: Chien-Pao|Sword of Ruin\n|turn|7\n|\n|t:|1700135969\n|move|p1b: Will-O-Wisp|Fake Out|p2b: Chien-Pao\n|-damage|p2b: Chien-Pao|91\/100\n|move|p1a: Psyshock|Dazzling Gleam|p2b: Chien-Pao|[spread] p2a,p2b\n|-supereffective|p2b: Chien-Pao\n|-damage|p2a: Ursaluna|0 fnt\n|-damage|p2b: Chien-Pao|0 fnt\n|faint|p2a: Ursaluna\n|faint|p2b: Chien-Pao\n|\n|-sideend|p1: Blue Syrius|move: Tailwind\n|upkeep\n|\n|t:|1700135973\n|switch|p2b: Flutter Mane|Flutter Mane|100\/100\n|-enditem|p2b: Flutter Mane|Booster Energy\n|-activate|p2b: Flutter Mane|ability: Protosynthesis|[fromitem]\n|-start|p2b: Flutter Mane|protosynthesisspe\n|turn|8\n|c|\u2606shadowme4|i should have gone with plan b i see\n|c|\u2606shadowme4|gg\n|\n|t:|1700135988\n|move|p1a: Psyshock|Protect|p1a: Psyshock\n|-singleturn|p1a: Psyshock|Protect\n|move|p1b: Will-O-Wisp|Light Screen|p1b: Will-O-Wisp\n|-sidestart|p1: Blue Syrius|move: Light Screen\n|move|p2b: Flutter Mane|Shadow Ball|p1a: Psyshock\n|-activate|p1a: Psyshock|move: Protect\n|\n|upkeep\n|turn|9\n|c|\u2606Blue Syrius|gg\n|\n|t:|1700135998\n|move|p1b: Will-O-Wisp|Sucker Punch|p2b: Flutter Mane\n|-damage|p2b: Flutter Mane|62\/100\n|move|p2b: Flutter Mane|Shadow Ball|p1a: Psyshock\n|-supereffective|p1a: Psyshock\n|-damage|p1a: Psyshock|38\/100\n|-unboost|p1a: Psyshock|spd|1\n|move|p1a: Psyshock|Shadow Ball|p2b: Flutter Mane\n|-supereffective|p2b: Flutter Mane\n|-damage|p2b: Flutter Mane|0 fnt\n|faint|p2b: Flutter Mane\n|-end|p2b: Flutter Mane|Protosynthesis|[silent]\n|\n|win|Blue Syrius\n|raw|Blue Syrius's rating: 1299 &rarr; <strong>1333<\/strong><br \/>(+34 for winning)\n|raw|shadowme4's rating: 1430 &rarr; <strong>1403<\/strong><br \/>(-27 for losing)\n|l|\u2606shadowme4\n","uploadtime":1700136011,"views":6,"p1id":"bluesyrius","p2id":"shadowme4","formatid":"gen9doublesou","rating":1333,"private":0,"password":""}