{"id":"gen9doublesou-1972109743","p1":"Sargenbob","p2":"LittleFr0ppy_","format":"[Gen 9] Doubles OU","log":"|j|\u2606Sargenbob\n|j|\u2606LittleFr0ppy_\n|t:|1697813628\n|gametype|doubles\n|player|p1|Sargenbob|red|1102\n|player|p2|LittleFr0ppy_|will|1140\n|teamsize|p1|6\n|teamsize|p2|6\n|gen|9\n|tier|[Gen 9] Doubles OU\n|rated|\n|rule|Species Clause: Limit one of each Pok\u00e9mon\n|rule|OHKO Clause: OHKO moves are banned\n|rule|Evasion Moves Clause: Evasion moves are banned\n|rule|Gravity Sleep Clause: The combination of sleep-inducing moves with imperfect accuracy and Gravity or Gigantamax Orbeetle are banned\n|rule|Endless Battle Clause: Forcing endless battles is banned\n|rule|HP Percentage Mod: HP is shown in percentages\n|clearpoke\n|poke|p1|Oranguru, M|\n|poke|p1|Torkoal, M|\n|poke|p1|Amoonguss, M|\n|poke|p1|Garganacl, M|\n|poke|p1|Toxapex, F|\n|poke|p1|Gothitelle, F|\n|poke|p2|Tornadus, M|\n|poke|p2|Haxorus, F|\n|poke|p2|Lilligant-Hisui, F|\n|poke|p2|Milotic, F|\n|poke|p2|Amoonguss, F|\n|poke|p2|Flutter Mane|\n|teampreview\n|inactive|Battle timer is ON: inactive players will automatically lose when time's up. (requested by Sargenbob)\n|\n|t:|1697813643\n|start\n|switch|p1a: Donkey Kong|Oranguru, M, shiny|100\/100\n|switch|p1b: Rafael|Torkoal, M, shiny|100\/100\n|switch|p2a: Tornadus|Tornadus, M, shiny|100\/100\n|switch|p2b: Haxorus|Haxorus, F, shiny|100\/100\n|-ability|p2b: Haxorus|Mold Breaker\n|-weather|SunnyDay|[from] ability: Drought|[of] p1b: Rafael\n|turn|1\n|\n|t:|1697813654\n|move|p1b: Rafael|Protect|p1b: Rafael\n|-singleturn|p1b: Rafael|Protect\n|move|p2a: Tornadus|Tailwind|p2a: Tornadus\n|-sidestart|p2: LittleFr0ppy_|move: Tailwind\n|move|p2b: Haxorus|Dragon Dance|p2b: Haxorus\n|-boost|p2b: Haxorus|atk|1\n|-boost|p2b: Haxorus|spe|1\n|move|p1a: Donkey Kong|Trick Room|p1a: Donkey Kong\n|-fieldstart|move: Trick Room|[of] p1a: Donkey Kong\n|\n|-weather|SunnyDay|[upkeep]\n|upkeep\n|turn|2\n|l|\u2606Sargenbob\n|inactive|Sargenbob disconnected and has a minute to reconnect!\n|player|p1|\n|j|\u2606Sargenbob\n|inactive|Sargenbob reconnected and has 120 seconds left.\n|player|p1|Sargenbob|red\n|\n|t:|1697813693\n|move|p2a: Tornadus|Taunt|p1a: Donkey Kong\n|-start|p1a: Donkey Kong|move: Taunt\n|-enditem|p1a: Donkey Kong|Mental Herb\n|-end|p1a: Donkey Kong|move: Taunt\n|move|p1b: Rafael|Eruption|p2a: Tornadus|[spread] p2a,p2b\n|-resisted|p2b: Haxorus\n|-damage|p2a: Tornadus|10\/100\n|-damage|p2b: Haxorus|30\/100\n|move|p1a: Donkey Kong|Instruct|p1b: Rafael\n|-singleturn|p1b: Rafael|move: Instruct|[of] p1a: Donkey Kong\n|move|p1b: Rafael|Eruption|p2b: Haxorus|[spread] p2a,p2b\n|-resisted|p2b: Haxorus\n|-damage|p2a: Tornadus|0 fnt\n|-damage|p2b: Haxorus|0 fnt\n|faint|p2a: Tornadus\n|faint|p2b: Haxorus\n|\n|-weather|SunnyDay|[upkeep]\n|upkeep\n|inactive|LittleFr0ppy_ has 120 seconds left.\n|\n|t:|1697813726\n|switch|p2a: Milotic|Milotic, F|100\/100\n|switch|p2b: Amoonguss|Amoonguss, F|100\/100\n|turn|3\n|inactive|LittleFr0ppy_ has 120 seconds left.\n|\n|t:|1697813737\n|move|p2b: Amoonguss|Protect|p2b: Amoonguss\n|-singleturn|p2b: Amoonguss|Protect\n|move|p2a: Milotic|Protect|p2a: Milotic\n|-singleturn|p2a: Milotic|Protect\n|move|p1b: Rafael|Eruption|p2a: Milotic|[spread] \n|-activate|p2a: Milotic|move: Protect\n|-activate|p2b: Amoonguss|move: Protect\n|move|p1a: Donkey Kong|Instruct|p1b: Rafael\n|-singleturn|p1b: Rafael|move: Instruct|[of] p1a: Donkey Kong\n|move|p1b: Rafael|Eruption|p2a: Milotic|[spread] \n|-activate|p2a: Milotic|move: Protect\n|-activate|p2b: Amoonguss|move: Protect\n|\n|-weather|SunnyDay|[upkeep]\n|upkeep\n|turn|4\n|\n|t:|1697813747\n|-terastallize|p2b: Amoonguss|Water\n|move|p1b: Rafael|Eruption|p2b: Amoonguss|[spread] p2a,p2b\n|-resisted|p2a: Milotic\n|-resisted|p2b: Amoonguss\n|-damage|p2a: Milotic|69\/100\n|-damage|p2b: Amoonguss|61\/100\n|move|p1a: Donkey Kong|Instruct|p1b: Rafael\n|-singleturn|p1b: Rafael|move: Instruct|[of] p1a: Donkey Kong\n|move|p1b: Rafael|Eruption|p2a: Milotic|[spread] p2a,p2b\n|-resisted|p2a: Milotic\n|-resisted|p2b: Amoonguss\n|-crit|p2b: Amoonguss\n|-damage|p2a: Milotic|40\/100\n|-damage|p2b: Amoonguss|7\/100\n|move|p2b: Amoonguss|Spore|p1b: Rafael\n|-status|p1b: Rafael|slp|[from] move: Spore\n|move|p2a: Milotic|Recover|p2a: Milotic\n|-heal|p2a: Milotic|90\/100\n|\n|-weather|SunnyDay|[upkeep]\n|-heal|p2b: Amoonguss|13\/100|[from] item: Leftovers\n|-heal|p2a: Milotic|96\/100|[from] item: Leftovers\n|-sideend|p2: LittleFr0ppy_|move: Tailwind\n|upkeep\n|turn|5\n|inactive|LittleFr0ppy_ has 120 seconds left.\n|\n|t:|1697813791\n|switch|p1b: Toad|Amoonguss, M, shiny|100\/100\n|switch|p2b: Lilligant|Lilligant-Hisui, F|100\/100\n|move|p1a: Donkey Kong|Protect|p1a: Donkey Kong\n|-singleturn|p1a: Donkey Kong|Protect\n|move|p2a: Milotic|Scald|p1b: Toad\n|-resisted|p1b: Toad\n|-damage|p1b: Toad|94\/100\n|-status|p1b: Toad|brn\n|-enditem|p1b: Toad|Eject Button\n|\n|t:|1697813808\n|switch|p1b: Tank|Toxapex, F, shiny|100\/100\n|\n|-weather|none\n|-heal|p2a: Milotic|100\/100|[from] item: Leftovers\n|-fieldend|move: Trick Room\n|upkeep\n|turn|6\n|inactive|LittleFr0ppy_ has 120 seconds left.\n|\n|t:|1697813832\n|move|p2b: Lilligant|Sleep Powder|p1a: Donkey Kong\n|-status|p1a: Donkey Kong|slp|[from] move: Sleep Powder\n|move|p2a: Milotic|Icy Wind|p1a: Donkey Kong|[spread] p1a,p1b\n|-resisted|p1b: Tank\n|-damage|p1a: Donkey Kong|94\/100 slp\n|-damage|p1b: Tank|97\/100\n|-unboost|p1a: Donkey Kong|spe|1\n|-unboost|p1b: Tank|spe|1\n|move|p1b: Tank|Toxic|p2a: Milotic\n|-status|p2a: Milotic|tox\n|cant|p1a: Donkey Kong|slp\n|\n|-heal|p1b: Tank|100\/100|[from] item: Leftovers\n|-damage|p2a: Milotic|94\/100 tox|[from] psn\n|upkeep\n|turn|7\n|\n|t:|1697813850\n|switch|p2b: Flutter Mane|Flutter Mane|100\/100\n|move|p2a: Milotic|Scald|p1b: Tank\n|-resisted|p1b: Tank\n|-damage|p1b: Tank|90\/100\n|move|p1b: Tank|Toxic|p2b: Flutter Mane\n|-status|p2b: Flutter Mane|tox\n|-curestatus|p1a: Donkey Kong|slp|[msg]\n|move|p1a: Donkey Kong|Trick Room|p1a: Donkey Kong\n|-fieldstart|move: Trick Room|[of] p1a: Donkey Kong\n|\n|-heal|p1b: Tank|96\/100|[from] item: Leftovers\n|-heal|p2a: Milotic|100\/100 tox|[from] item: Leftovers\n|-damage|p2a: Milotic|88\/100 tox|[from] psn\n|-damage|p2b: Flutter Mane|95\/100 tox|[from] psn\n|upkeep\n|turn|8\n|\n|t:|1697813878\n|move|p1b: Tank|Surf|p2b: Flutter Mane|[spread] p2a,p2b\n|-activate|p1a: Donkey Kong|ability: Telepathy\n|-resisted|p2a: Milotic\n|-damage|p2a: Milotic|83\/100 tox\n|-damage|p2b: Flutter Mane|80\/100 tox\n|move|p1a: Donkey Kong|Instruct|p1b: Tank\n|-singleturn|p1b: Tank|move: Instruct|[of] p1a: Donkey Kong\n|move|p1b: Tank|Surf|p2a: Milotic|[spread] p2a,p2b\n|-activate|p1a: Donkey Kong|ability: Telepathy\n|-resisted|p2a: Milotic\n|-damage|p2a: Milotic|79\/100 tox\n|-damage|p2b: Flutter Mane|67\/100 tox\n|move|p2a: Milotic|Scald|p1b: Tank\n|-resisted|p1b: Tank\n|-damage|p1b: Tank|86\/100\n|move|p2b: Flutter Mane|Thunderbolt|p1b: Tank\n|-supereffective|p1b: Tank\n|-damage|p1b: Tank|5\/100\n|\n|-heal|p1b: Tank|12\/100|[from] item: Leftovers\n|-heal|p2a: Milotic|85\/100 tox|[from] item: Leftovers\n|-damage|p2a: Milotic|66\/100 tox|[from] psn\n|-damage|p2b: Flutter Mane|55\/100 tox|[from] psn\n|upkeep\n|turn|9\n|\n|t:|1697813903\n|switch|p1a: Toad|Amoonguss, M, shiny|100\/100 brn\n|move|p1b: Tank|Recover|p1b: Tank\n|-heal|p1b: Tank|62\/100\n|move|p2a: Milotic|Icy Wind|p1b: Tank|[spread] p1a,p1b\n|-supereffective|p1a: Toad\n|-resisted|p1b: Tank\n|-damage|p1a: Toad|83\/100 brn\n|-damage|p1b: Tank|58\/100\n|-unboost|p1a: Toad|spe|1\n|-unboost|p1b: Tank|spe|1\n|move|p2b: Flutter Mane|Thunderbolt|p1a: Toad\n|-resisted|p1a: Toad\n|-damage|p1a: Toad|63\/100 brn\n|\n|-heal|p1b: Tank|64\/100|[from] item: Leftovers\n|-heal|p2a: Milotic|73\/100 tox|[from] item: Leftovers\n|-damage|p2a: Milotic|48\/100 tox|[from] psn\n|-damage|p2b: Flutter Mane|37\/100 tox|[from] psn\n|-damage|p1a: Toad|57\/100 brn|[from] brn\n|upkeep\n|turn|10\n|l|\u2606LittleFr0ppy_\n|inactive|LittleFr0ppy_ disconnected and has a minute to reconnect!\n|player|p2|\n|j|\u2606LittleFr0ppy_\n|inactive|LittleFr0ppy_ reconnected and has 120 seconds left.\n|player|p2|LittleFr0ppy_|will\n|\n|t:|1697813946\n|move|p1b: Tank|Recover|p1b: Tank\n|-heal|p1b: Tank|100\/100\n|move|p1a: Toad|Sludge Bomb|p2b: Flutter Mane\n|-damage|p2b: Flutter Mane|8\/100 tox\n|move|p2a: Milotic|Icy Wind|p1a: Toad|[spread] p1a,p1b\n|-supereffective|p1a: Toad\n|-resisted|p1b: Tank\n|-damage|p1a: Toad|40\/100 brn\n|-damage|p1b: Tank|97\/100\n|-unboost|p1a: Toad|spe|1\n|-unboost|p1b: Tank|spe|1\n|move|p2b: Flutter Mane|Thunderbolt|p1b: Tank\n|-supereffective|p1b: Tank\n|-damage|p1b: Tank|16\/100\n|\n|-heal|p1b: Tank|22\/100|[from] item: Leftovers\n|-heal|p2a: Milotic|54\/100 tox|[from] item: Leftovers\n|-damage|p2a: Milotic|24\/100 tox|[from] psn\n|-damage|p2b: Flutter Mane|0 fnt|[from] psn\n|faint|p2b: Flutter Mane\n|-end|p2b: Flutter Mane|Protosynthesis|[silent]\n|-damage|p1a: Toad|33\/100 brn|[from] brn\n|upkeep\n|\n|t:|1697813950\n|switch|p2b: Amoonguss|Amoonguss, F, tera:Water|46\/100\n|turn|11\n|\n|t:|1697813967\n|switch|p2a: Lilligant|Lilligant-Hisui, F|100\/100\n|move|p2b: Amoonguss|Protect|p2b: Amoonguss\n|-singleturn|p2b: Amoonguss|Protect\n|move|p1b: Tank|Recover|p1b: Tank\n|-heal|p1b: Tank|72\/100\n|move|p1a: Toad|Spore|p2b: Amoonguss\n|-activate|p2b: Amoonguss|move: Protect\n|\n|-heal|p1b: Tank|78\/100|[from] item: Leftovers\n|-heal|p2b: Amoonguss|52\/100|[from] item: Leftovers\n|-damage|p1a: Toad|27\/100 brn|[from] brn\n|-fieldend|move: Trick Room\n|upkeep\n|turn|12\n|inactive|LittleFr0ppy_ has 120 seconds left.\n|\n|t:|1697814019\n|move|p2a: Lilligant|Close Combat|p1a: Toad\n|-resisted|p1a: Toad\n|-damage|p1a: Toad|5\/100 brn\n|-unboost|p2a: Lilligant|def|1\n|-unboost|p2a: Lilligant|spd|1\n|move|p2b: Amoonguss|Spore|p1b: Tank\n|-status|p1b: Tank|slp|[from] move: Spore\n|move|p1a: Toad|Spore|p2b: Amoonguss\n|-status|p2b: Amoonguss|slp|[from] move: Spore\n|cant|p1b: Tank|slp\n|\n|-heal|p2b: Amoonguss|58\/100 slp|[from] item: Leftovers\n|-heal|p1b: Tank|84\/100 slp|[from] item: Leftovers\n|-damage|p1a: Toad|0 fnt|[from] brn\n|faint|p1a: Toad\n|upkeep\n|\n|t:|1697814036\n|switch|p1a: Donkey Kong|Oranguru, M, shiny|94\/100\n|turn|13\n|inactive|LittleFr0ppy_ has 120 seconds left.\n|\n|t:|1697814073\n|switch|p1b: Stronghold|Garganacl, M|100\/100\n|move|p2a: Lilligant|Sleep Powder|p1a: Donkey Kong\n|-status|p1a: Donkey Kong|slp|[from] move: Sleep Powder\n|cant|p2b: Amoonguss|slp\n|cant|p1a: Donkey Kong|slp\n|\n|-heal|p2b: Amoonguss|64\/100 slp|[from] item: Leftovers\n|upkeep\n|turn|14\n|\n|t:|1697814092\n|cant|p2b: Amoonguss|slp\n|move|p2a: Lilligant|Close Combat|p1b: Stronghold\n|-supereffective|p1b: Stronghold\n|-damage|p1b: Stronghold|29\/100\n|-unboost|p2a: Lilligant|def|1\n|-unboost|p2a: Lilligant|spd|1\n|move|p1b: Stronghold|Salt Cure|p2b: Amoonguss\n|-damage|p2b: Amoonguss|54\/100 slp\n|-start|p2b: Amoonguss|Salt Cure\n|cant|p1a: Donkey Kong|slp\n|\n|-heal|p2b: Amoonguss|60\/100 slp|[from] item: Leftovers\n|-heal|p1b: Stronghold|35\/100|[from] item: Leftovers\n|-damage|p2b: Amoonguss|35\/100 slp|[from] Salt Cure\n|upkeep\n|turn|15\n|inactive|LittleFr0ppy_ has 120 seconds left.\n|inactive|LittleFr0ppy_ has 90 seconds left.\n|\n|t:|1697814132\n|switch|p2b: Milotic|Milotic, F|24\/100 tox\n|move|p2a: Lilligant|Leaf Blade|p1b: Stronghold\n|-supereffective|p1b: Stronghold\n|-damage|p1b: Stronghold|0 fnt\n|faint|p1b: Stronghold\n|cant|p1a: Donkey Kong|slp\n|\n|-heal|p2b: Milotic|30\/100 tox|[from] item: Leftovers\n|-damage|p2b: Milotic|24\/100 tox|[from] psn\n|upkeep\n|\n|t:|1697814142\n|switch|p1b: Rafael|Torkoal, M, shiny|100\/100 slp\n|-weather|SunnyDay|[from] ability: Drought|[of] p1b: Rafael\n|turn|16\n|l|\u2606LittleFr0ppy_\n|inactive|LittleFr0ppy_ disconnected and has a minute to reconnect!\n|player|p2|\n|j|\u2606LittleFr0ppy_\n|inactive|LittleFr0ppy_ reconnected and has 80 seconds left.\n|player|p2|LittleFr0ppy_|will\n|\n|t:|1697814192\n|move|p2a: Lilligant|Close Combat|p1a: Donkey Kong\n|-crit|p1a: Donkey Kong\n|-damage|p1a: Donkey Kong|21\/100 slp\n|-unboost|p2a: Lilligant|def|1\n|-unboost|p2a: Lilligant|spd|1\n|move|p2b: Milotic|Scald|p1b: Rafael\n|-supereffective|p1b: Rafael\n|-damage|p1b: Rafael|66\/100 slp\n|cant|p1b: Rafael|slp\n|-curestatus|p1a: Donkey Kong|slp|[msg]\n|move|p1a: Donkey Kong|Trick Room|p1a: Donkey Kong\n|-fieldstart|move: Trick Room|[of] p1a: Donkey Kong\n|\n|-weather|SunnyDay|[upkeep]\n|-heal|p2b: Milotic|30\/100 tox|[from] item: Leftovers\n|-damage|p2b: Milotic|18\/100 tox|[from] psn\n|upkeep\n|turn|17\n|inactive|LittleFr0ppy_ has 90 seconds left.\n|\n|t:|1697814208\n|move|p1a: Donkey Kong|Protect|p1a: Donkey Kong\n|-singleturn|p1a: Donkey Kong|Protect\n|-curestatus|p1b: Rafael|slp|[msg]\n|move|p1b: Rafael|Heat Wave|p2b: Milotic|[spread] p2a,p2b\n|-supereffective|p2a: Lilligant\n|-resisted|p2b: Milotic\n|-enditem|p2a: Lilligant|Focus Sash\n|-damage|p2a: Lilligant|1\/100\n|-damage|p2b: Milotic|0 fnt\n|faint|p2b: Milotic\n|move|p2a: Lilligant|Close Combat|p1a: Donkey Kong\n|-activate|p1a: Donkey Kong|move: Protect\n|\n|-weather|SunnyDay|[upkeep]\n|upkeep\n|\n|t:|1697814211\n|switch|p2b: Amoonguss|Amoonguss, F, tera:Water|68\/100 slp\n|turn|18\n|\n|t:|1697814218\n|-curestatus|p2b: Amoonguss|slp|[msg]\n|move|p2b: Amoonguss|Rage Powder|p2b: Amoonguss\n|-singleturn|p2b: Amoonguss|move: Rage Powder\n|move|p1b: Rafael|Heat Wave|p2a: Lilligant|[spread] p2a,p2b\n|-supereffective|p2a: Lilligant\n|-resisted|p2b: Amoonguss\n|-damage|p2a: Lilligant|0 fnt\n|-damage|p2b: Amoonguss|46\/100\n|faint|p2a: Lilligant\n|move|p1a: Donkey Kong|Instruct|p2b: Amoonguss\n|-singleturn|p2b: Amoonguss|move: Instruct|[of] p1a: Donkey Kong\n|move|p2b: Amoonguss|Rage Powder||[still]\n|-fail|p2b: Amoonguss\n|\n|-weather|SunnyDay|[upkeep]\n|-heal|p2b: Amoonguss|52\/100|[from] item: Leftovers\n|upkeep\n|turn|19\n|\n|t:|1697814232\n|move|p1b: Rafael|Heat Wave|p2b: Amoonguss\n|-resisted|p2b: Amoonguss\n|-damage|p2b: Amoonguss|20\/100\n|move|p2b: Amoonguss|Spore|p1b: Rafael\n|-status|p1b: Rafael|slp|[from] move: Spore\n|move|p1a: Donkey Kong|Psychic|p2b: Amoonguss\n|-damage|p2b: Amoonguss|0 fnt\n|faint|p2b: Amoonguss\n|\n|win|Sargenbob\n|raw|Sargenbob's rating: 1102 &rarr; <strong>1130<\/strong><br \/>(+28 for winning)\n|raw|LittleFr0ppy_'s rating: 1140 &rarr; <strong>1112<\/strong><br \/>(-28 for losing)\n|l|\u2606LittleFr0ppy_\n","uploadtime":1697814241,"views":14,"p1id":"sargenbob","p2id":"littlefr0ppy","formatid":"gen9doublesou","rating":1112,"private":0,"password":""}