{"id":"gen9doublesou-1989791793","p1":"viscusman","p2":"Dvitor2004","format":"[Gen 9] Doubles OU","log":"|j|\u2606viscusman\n|j|\u2606Dvitor2004\n|t:|1699896094\n|gametype|doubles\n|player|p1|viscusman|hilbert-wonderlauncher|1096\n|player|p2|Dvitor2004|102|1007\n|teamsize|p1|6\n|teamsize|p2|6\n|gen|9\n|tier|[Gen 9] Doubles OU\n|rated|\n|rule|Species Clause: Limit one of each Pok\u00e9mon\n|rule|OHKO Clause: OHKO moves are banned\n|rule|Evasion Moves Clause: Evasion moves are banned\n|rule|Gravity Sleep Clause: The combination of sleep-inducing moves with imperfect accuracy and Gravity or Gigantamax Orbeetle are banned\n|rule|Endless Battle Clause: Forcing endless battles is banned\n|rule|HP Percentage Mod: HP is shown in percentages\n|clearpoke\n|poke|p1|Alomomola, F|\n|poke|p1|Slowking, M|\n|poke|p1|Lombre, M|\n|poke|p1|Golduck, F|\n|poke|p1|Pelipper, M|\n|poke|p1|Ogerpon-Wellspring, F|\n|poke|p2|Sableye, M|\n|poke|p2|Arboliva, M|\n|poke|p2|Drednaw, M|\n|poke|p2|Rotom-Frost|\n|poke|p2|Heracross, F|\n|poke|p2|Iron Valiant|\n|teampreview\n|inactive|Battle timer is ON: inactive players will automatically lose when time's up. (requested by viscusman)\n|\n|t:|1699896104\n|start\n|switch|p1a: Alomomola|Alomomola, F, shiny|100\/100\n|switch|p1b: Pelipper|Pelipper, M, shiny|100\/100\n|switch|p2a: Arboliva|Arboliva, M|100\/100\n|switch|p2b: Drednaw|Drednaw, M|100\/100\n|-weather|RainDance|[from] ability: Drizzle|[of] p1b: Pelipper\n|turn|1\n|\n|t:|1699896121\n|move|p2b: Drednaw|Stone Edge|p1b: Pelipper\n|-supereffective|p1b: Pelipper\n|-damage|p1b: Pelipper|0 fnt\n|faint|p1b: Pelipper\n|move|p1a: Alomomola|Play Rough|p2a: Arboliva\n|-damage|p2a: Arboliva|84\/100\n|-fieldstart|move: Grassy Terrain|[from] ability: Seed Sower|[of] p2a: Arboliva\n|move|p2a: Arboliva|Seed Bomb|p1a: Alomomola\n|-supereffective|p1a: Alomomola\n|-damage|p1a: Alomomola|66\/100\n|\n|-weather|RainDance|[upkeep]\n|-heal|p1a: Alomomola|73\/100|[from] Grassy Terrain\n|-heal|p2a: Arboliva|90\/100|[from] Grassy Terrain\n|-heal|p2a: Arboliva|97\/100|[from] item: Leftovers\n|upkeep\n|\n|t:|1699896127\n|switch|p1b: Lombre|Lombre, M, shiny|100\/100\n|turn|2\n|\n|t:|1699896142\n|move|p2b: Drednaw|Crunch|p1b: Lombre\n|-damage|p1b: Lombre|49\/100\n|move|p1a: Alomomola|Play Rough|p2a: Arboliva\n|-damage|p2a: Arboliva|79\/100\n|move|p1b: Lombre|Leech Seed|p2b: Drednaw\n|-start|p2b: Drednaw|move: Leech Seed\n|move|p2a: Arboliva|Seed Bomb|p1a: Alomomola\n|-supereffective|p1a: Alomomola\n|-damage|p1a: Alomomola|38\/100\n|\n|-weather|RainDance|[upkeep]\n|-heal|p1b: Lombre|55\/100|[from] ability: Rain Dish\n|-heal|p1a: Alomomola|44\/100|[from] Grassy Terrain\n|-heal|p1b: Lombre|61\/100|[from] Grassy Terrain\n|-heal|p2a: Arboliva|85\/100|[from] Grassy Terrain\n|-heal|p2a: Arboliva|91\/100|[from] item: Leftovers\n|-damage|p2b: Drednaw|88\/100|[from] Leech Seed|[of] p1b: Lombre\n|-heal|p1b: Lombre|74\/100|[silent]\n|upkeep\n|turn|3\n|\n|t:|1699896160\n|switch|p2b: Sableye|Sableye, M, shiny|100\/100\n|move|p1a: Alomomola|Body Slam|p2a: Arboliva\n|-damage|p2a: Arboliva|74\/100\n|move|p1b: Lombre|Knock Off|p2a: Arboliva\n|-damage|p2a: Arboliva|52\/100\n|-enditem|p2a: Arboliva|Leftovers|[from] move: Knock Off|[of] p1b: Lombre\n|move|p2a: Arboliva|Hyper Voice|p1a: Alomomola|[spread] p1a,p1b\n|-damage|p1a: Alomomola|24\/100\n|-damage|p1b: Lombre|46\/100\n|\n|-weather|RainDance|[upkeep]\n|-heal|p1b: Lombre|52\/100|[from] ability: Rain Dish\n|-heal|p1a: Alomomola|30\/100|[from] Grassy Terrain\n|-heal|p1b: Lombre|58\/100|[from] Grassy Terrain\n|-heal|p2a: Arboliva|59\/100|[from] Grassy Terrain\n|upkeep\n|turn|4\n|\n|t:|1699896180\n|move|p1a: Alomomola|Waterfall|p2b: Sableye\n|-damage|p2b: Sableye|50\/100\n|move|p1b: Lombre|Leech Seed|p2b: Sableye\n|-start|p2b: Sableye|move: Leech Seed\n|move|p2b: Sableye|Knock Off|p1b: Lombre\n|-damage|p1b: Lombre|14\/100\n|-enditem|p1b: Lombre|Eviolite|[from] move: Knock Off|[of] p2b: Sableye\n|-damage|p2b: Sableye|40\/100|[from] item: Life Orb\n|move|p2a: Arboliva|Seed Bomb|p1a: Alomomola\n|-supereffective|p1a: Alomomola\n|-damage|p1a: Alomomola|0 fnt\n|faint|p1a: Alomomola\n|\n|-weather|RainDance|[upkeep]\n|-heal|p1b: Lombre|20\/100|[from] ability: Rain Dish\n|-heal|p1b: Lombre|26\/100|[from] Grassy Terrain\n|-heal|p2b: Sableye|46\/100|[from] Grassy Terrain\n|-heal|p2a: Arboliva|65\/100|[from] Grassy Terrain\n|-damage|p2b: Sableye|34\/100|[from] Leech Seed|[of] p1b: Lombre\n|-heal|p1b: Lombre|38\/100|[silent]\n|upkeep\n|\n|t:|1699896187\n|switch|p1a: Slowking|Slowking, M, shiny|100\/100\n|turn|5\n|\n|t:|1699896200\n|move|p2b: Sableye|Will-O-Wisp|p1b: Lombre\n|-status|p1b: Lombre|brn\n|move|p1b: Lombre|Trailblaze|p2b: Sableye\n|-damage|p2b: Sableye|18\/100\n|-boost|p1b: Lombre|spe|1\n|move|p2a: Arboliva|Leech Seed|p1a: Slowking\n|-start|p1a: Slowking|move: Leech Seed\n|move|p1a: Slowking|Light Screen|p1a: Slowking\n|-sidestart|p1: viscusman|move: Light Screen\n|\n|-weather|none\n|-heal|p1b: Lombre|44\/100 brn|[from] Grassy Terrain\n|-heal|p2b: Sableye|24\/100|[from] Grassy Terrain\n|-heal|p2a: Arboliva|71\/100|[from] Grassy Terrain\n|-damage|p2b: Sableye|12\/100|[from] Leech Seed|[of] p1b: Lombre\n|-heal|p1b: Lombre|55\/100 brn|[silent]\n|-damage|p1a: Slowking|88\/100|[from] Leech Seed|[of] p2a: Arboliva\n|-heal|p2a: Arboliva|84\/100|[silent]\n|-damage|p1b: Lombre|49\/100 brn|[from] brn\n|-fieldend|move: Grassy Terrain\n|upkeep\n|turn|6\n|\n|t:|1699896230\n|move|p1b: Lombre|Knock Off|p2b: Sableye\n|-damage|p2b: Sableye|0 fnt\n|-enditem|p2b: Sableye|Life Orb|[from] move: Knock Off|[of] p1b: Lombre\n|faint|p2b: Sableye\n|move|p2a: Arboliva|Hyper Voice|p1b: Lombre|[spread] p1a,p1b\n|-crit|p1b: Lombre\n|-damage|p1a: Slowking|76\/100\n|-damage|p1b: Lombre|0 fnt\n|faint|p1b: Lombre\n|move|p1a: Slowking|Reflect|p1a: Slowking\n|-sidestart|p1: viscusman|Reflect\n|\n|-damage|p1a: Slowking|64\/100|[from] Leech Seed|[of] p2a: Arboliva\n|-heal|p2a: Arboliva|98\/100|[silent]\n|upkeep\n|\n|t:|1699896241\n|switch|p1b: Golduck|Golduck, F, shiny|100\/100\n|switch|p2b: Heracross|Heracross, F|100\/100\n|turn|7\n|\n|t:|1699896252\n|move|p2b: Heracross|Bullet Seed|p1a: Slowking\n|-supereffective|p1a: Slowking\n|-damage|p1a: Slowking|53\/100\n|-supereffective|p1a: Slowking\n|-damage|p1a: Slowking|42\/100\n|-supereffective|p1a: Slowking\n|-damage|p1a: Slowking|29\/100\n|-supereffective|p1a: Slowking\n|-damage|p1a: Slowking|18\/100\n|-supereffective|p1a: Slowking\n|-damage|p1a: Slowking|7\/100\n|-hitcount|p1a: Slowking|5\n|move|p1b: Golduck|Nasty Plot|p1b: Golduck\n|-boost|p1b: Golduck|spa|2\n|move|p2a: Arboliva|Seed Bomb|p1b: Golduck\n|-supereffective|p1b: Golduck\n|-damage|p1b: Golduck|68\/100\n|move|p1a: Slowking|Heal Pulse|p1b: Golduck\n|-heal|p1b: Golduck|100\/100\n|\n|-damage|p1a: Slowking|0 fnt|[from] Leech Seed|[of] p2a: Arboliva\n|-heal|p2a: Arboliva|100\/100|[silent]\n|faint|p1a: Slowking\n|upkeep\n|\n|t:|1699896255\n|switch|p1a: Ogerpon|Ogerpon-Wellspring, F|100\/100\n|turn|8\n|\n|t:|1699896275\n|move|p1a: Ogerpon|Rain Dance|p1a: Ogerpon\n|-weather|RainDance\n|move|p1b: Golduck|Tera Blast|p2a: Arboliva\n|-damage|p2a: Arboliva|58\/100\n|-fieldstart|move: Grassy Terrain|[from] ability: Seed Sower|[of] p2a: Arboliva\n|-damage|p1b: Golduck|91\/100|[from] item: Life Orb\n|move|p2b: Heracross|Pin Missile|p1a: Ogerpon\n|-supereffective|p1a: Ogerpon\n|-damage|p1a: Ogerpon|81\/100\n|-supereffective|p1a: Ogerpon\n|-damage|p1a: Ogerpon|63\/100\n|-supereffective|p1a: Ogerpon\n|-damage|p1a: Ogerpon|46\/100\n|-supereffective|p1a: Ogerpon\n|-damage|p1a: Ogerpon|29\/100\n|-hitcount|p1a: Ogerpon|4\n|move|p2a: Arboliva|Leech Seed|p1b: Golduck\n|-start|p1b: Golduck|move: Leech Seed\n|\n|-weather|RainDance|[upkeep]\n|-heal|p1b: Golduck|97\/100|[from] Grassy Terrain\n|-heal|p1a: Ogerpon|35\/100|[from] Grassy Terrain\n|-heal|p2a: Arboliva|64\/100|[from] Grassy Terrain\n|-damage|p1b: Golduck|84\/100|[from] Leech Seed|[of] p2a: Arboliva\n|-heal|p2a: Arboliva|77\/100|[silent]\n|upkeep\n|turn|9\n|\n|t:|1699896301\n|move|p1a: Ogerpon|Follow Me|p1a: Ogerpon\n|-singleturn|p1a: Ogerpon|move: Follow Me\n|move|p1b: Golduck|Surf|p2b: Heracross|[spread] p2a,p2b\n|-heal|p1a: Ogerpon|60\/100|[from] ability: Water Absorb|[of] p1b: Golduck\n|-resisted|p2a: Arboliva\n|-damage|p2a: Arboliva|39\/100\n|-damage|p2b: Heracross|0 fnt\n|faint|p2b: Heracross\n|-damage|p1b: Golduck|74\/100|[from] item: Life Orb\n|move|p2a: Arboliva|Leech Seed|p1a: Ogerpon\n|-immune|p1a: Ogerpon\n|\n|-weather|RainDance|[upkeep]\n|-heal|p1b: Golduck|80\/100|[from] Grassy Terrain\n|-heal|p1a: Ogerpon|66\/100|[from] Grassy Terrain\n|-heal|p2a: Arboliva|45\/100|[from] Grassy Terrain\n|-damage|p1b: Golduck|68\/100|[from] Leech Seed|[of] p2a: Arboliva\n|-heal|p2a: Arboliva|58\/100|[silent]\n|-sideend|p1: viscusman|move: Light Screen\n|upkeep\n|inactive|Dvitor2004 has 120 seconds left.\n|\n|t:|1699896317\n|switch|p2b: Rotom|Rotom-Frost|100\/100\n|turn|10\n|\n|t:|1699896324\n|move|p1a: Ogerpon|Follow Me|p1a: Ogerpon\n|-singleturn|p1a: Ogerpon|move: Follow Me\n|move|p1b: Golduck|Surf|p2b: Rotom|[spread] p2a,p2b\n|-heal|p1a: Ogerpon|91\/100|[from] ability: Water Absorb|[of] p1b: Golduck\n|-resisted|p2a: Arboliva\n|-damage|p2a: Arboliva|18\/100\n|-damage|p2b: Rotom|0 fnt\n|faint|p2b: Rotom\n|-damage|p1b: Golduck|58\/100|[from] item: Life Orb\n|move|p2a: Arboliva|Seed Bomb|p1a: Ogerpon\n|-damage|p1a: Ogerpon|73\/100\n|\n|-weather|RainDance|[upkeep]\n|-heal|p1b: Golduck|64\/100|[from] Grassy Terrain\n|-heal|p1a: Ogerpon|79\/100|[from] Grassy Terrain\n|-heal|p2a: Arboliva|24\/100|[from] Grassy Terrain\n|-damage|p1b: Golduck|52\/100|[from] Leech Seed|[of] p2a: Arboliva\n|-heal|p2a: Arboliva|37\/100|[silent]\n|-sideend|p1: viscusman|Reflect\n|upkeep\n|\n|t:|1699896341\n|switch|p2b: Iron Valiant|Iron Valiant|100\/100\n|-enditem|p2b: Iron Valiant|Booster Energy\n|-activate|p2b: Iron Valiant|ability: Quark Drive|[fromitem]\n|-start|p2b: Iron Valiant|quarkdrivespe\n|turn|11\n|\n|t:|1699896352\n|move|p1a: Ogerpon|Follow Me|p1a: Ogerpon\n|-singleturn|p1a: Ogerpon|move: Follow Me\n|move|p2b: Iron Valiant|Spirit Break|p1a: Ogerpon\n|-damage|p1a: Ogerpon|39\/100\n|-unboost|p1a: Ogerpon|spa|1\n|move|p1b: Golduck|Surf|p2a: Arboliva|[spread] p2a,p2b\n|-heal|p1a: Ogerpon|64\/100|[from] ability: Water Absorb|[of] p1b: Golduck\n|-resisted|p2a: Arboliva\n|-damage|p2a: Arboliva|0 fnt\n|-damage|p2b: Iron Valiant|0 fnt\n|faint|p2a: Arboliva\n|faint|p2b: Iron Valiant\n|-end|p2b: Iron Valiant|Quark Drive|[silent]\n|-damage|p1b: Golduck|42\/100|[from] item: Life Orb\n|\n|-weather|RainDance|[upkeep]\n|-heal|p1b: Golduck|48\/100|[from] Grassy Terrain\n|-heal|p1a: Ogerpon|70\/100|[from] Grassy Terrain\n|upkeep\n|\n|t:|1699896362\n|switch|p2a: Drednaw|Drednaw, M|88\/100\n|turn|12\n|\n|t:|1699896372\n|-terastallize|p2a: Drednaw|Dark\n|move|p1a: Ogerpon|Follow Me|p1a: Ogerpon\n|-singleturn|p1a: Ogerpon|move: Follow Me\n|move|p1b: Golduck|Psychic|p2a: Drednaw\n|-immune|p2a: Drednaw\n|move|p2a: Drednaw|Stone Edge|p1a: Ogerpon\n|-damage|p1a: Ogerpon|8\/100\n|\n|-weather|none\n|-heal|p1b: Golduck|54\/100|[from] Grassy Terrain\n|-heal|p1a: Ogerpon|15\/100|[from] Grassy Terrain\n|-heal|p2a: Drednaw|94\/100|[from] Grassy Terrain\n|-damage|p1b: Golduck|42\/100|[from] Leech Seed|[of] p2a: Drednaw\n|-heal|p2a: Drednaw|100\/100|[silent]\n|-fieldend|move: Grassy Terrain\n|upkeep\n|turn|13\n|\n|t:|1699896386\n|move|p1a: Ogerpon|Rain Dance|p1a: Ogerpon\n|-weather|RainDance\n|move|p1b: Golduck|Surf|p2a: Drednaw|[spread] p2a\n|-heal|p1a: Ogerpon|40\/100|[from] ability: Water Absorb|[of] p1b: Golduck\n|-damage|p2a: Drednaw|0 fnt\n|faint|p2a: Drednaw\n|-damage|p1b: Golduck|32\/100|[from] item: Life Orb\n|\n|win|viscusman\n|raw|viscusman's rating: 1096 &rarr; <strong>1115<\/strong><br \/>(+19 for winning)\n|raw|Dvitor2004's rating: 1007 &rarr; <strong>1000<\/strong><br \/>(-7 for losing)\n|l|\u2606Dvitor2004\n","uploadtime":1699896411,"views":8,"p1id":"viscusman","p2id":"dvitor2004","formatid":"gen9doublesou","rating":1000,"private":0,"password":""}