{"id":"gen9doublesou-1987786518","p1":"UY QUE RICO PAPI","p2":"hitr_ssbm","format":"[Gen 9] Doubles OU","log":"|j|\u2606UY QUE RICO PAPI\n|j|\u2606hitr_ssbm\n|t:|1699636784\n|gametype|doubles\n|player|p1|UY QUE RICO PAPI|169|1321\n|player|p2|hitr_ssbm|170|1502\n|teamsize|p1|6\n|teamsize|p2|6\n|gen|9\n|tier|[Gen 9] Doubles OU\n|rated|\n|rule|Species Clause: Limit one of each Pok\u00e9mon\n|rule|OHKO Clause: OHKO moves are banned\n|rule|Evasion Moves Clause: Evasion moves are banned\n|rule|Gravity Sleep Clause: The combination of sleep-inducing moves with imperfect accuracy and Gravity or Gigantamax Orbeetle are banned\n|rule|Endless Battle Clause: Forcing endless battles is banned\n|rule|HP Percentage Mod: HP is shown in percentages\n|clearpoke\n|poke|p1|Trevenant, M|\n|poke|p1|Sableye, F|\n|poke|p1|Garganacl, F|\n|poke|p1|Ting-Lu|\n|poke|p1|Sinistcha|\n|poke|p1|Scream Tail|\n|poke|p2|Ambipom, M|\n|poke|p2|Tyranitar, F|\n|poke|p2|Kleavor, F|\n|poke|p2|Corviknight, M|\n|poke|p2|Mimikyu, M|\n|poke|p2|Gastrodon, F|\n|teampreview\n|inactive|Battle timer is ON: inactive players will automatically lose when time's up. (requested by hitr_ssbm)\n|\n|t:|1699636797\n|start\n|switch|p1a: Sableye|Sableye, F|100\/100\n|switch|p1b: Scream Tail|Scream Tail|100\/100\n|switch|p2a: Ambipom|Ambipom, M, shiny|100\/100\n|switch|p2b: Kleavor|Kleavor, F, shiny|100\/100\n|turn|1\n|\n|t:|1699636822\n|move|p2a: Ambipom|Fake Out|p1b: Scream Tail\n|-damage|p1b: Scream Tail|84\/100\n|move|p1a: Sableye|Reflect|p1a: Sableye\n|-sidestart|p1: UY QUE RICO PAPI|Reflect\n|move|p2b: Kleavor|Stone Axe|p1b: Scream Tail\n|-damage|p1b: Scream Tail|65\/100\n|-sidestart|p1: UY QUE RICO PAPI|move: Stealth Rock\n|cant|p1b: Scream Tail|flinch\n|\n|upkeep\n|turn|2\n|\n|t:|1699636838\n|move|p1a: Sableye|Light Screen|p1a: Sableye\n|-sidestart|p1: UY QUE RICO PAPI|move: Light Screen\n|move|p2a: Ambipom|Fling|p1b: Scream Tail\n|-damage|p1b: Scream Tail|59\/100\n|-enditem|p2a: Ambipom|King's Rock|[from] move: Fling\n|move|p2b: Kleavor|U-turn|p1b: Scream Tail\n|-damage|p1b: Scream Tail|44\/100\n|-enditem|p1b: Scream Tail|Sitrus Berry|[eat]\n|-heal|p1b: Scream Tail|68\/100|[from] item: Sitrus Berry\n|inactive|hitr_ssbm has 120 seconds left.\n|\n|t:|1699636861\n|switch|p2b: Corviknight|Corviknight, M|100\/100|[from] U-turn\n|cant|p1b: Scream Tail|flinch\n|\n|upkeep\n|turn|3\n|\n|t:|1699636882\n|switch|p1a: Sinistcha|Sinistcha|100\/100\n|-damage|p1a: Sinistcha|88\/100|[from] Stealth Rock\n|-heal|p1b: Scream Tail|93\/100|[from] ability: Hospitality|[of] p1a: Sinistcha\n|move|p2a: Ambipom|U-turn|p1b: Scream Tail\n|-damage|p1b: Scream Tail|84\/100\n|\n|t:|1699636893\n|switch|p2a: Mimikyu|Mimikyu, M|100\/100|[from] U-turn\n|move|p1b: Scream Tail|Amnesia|p1b: Scream Tail\n|-boost|p1b: Scream Tail|spd|2\n|-enditem|p2b: Corviknight|Mirror Herb\n|-boost|p2b: Corviknight|spd|2|[from] item: Mirror Herb\n|move|p2b: Corviknight|Iron Head|p1b: Scream Tail\n|-supereffective|p1b: Scream Tail\n|-crit|p1b: Scream Tail\n|-damage|p1b: Scream Tail|39\/100\n|\n|-heal|p1a: Sinistcha|94\/100|[from] item: Leftovers\n|upkeep\n|turn|4\n|inactive|UY QUE RICO PAPI has 120 seconds left.\n|\n|t:|1699636925\n|-terastallize|p2a: Mimikyu|Ghost\n|move|p2a: Mimikyu|Phantom Force||[still]\n|-prepare|p2a: Mimikyu|Phantom Force\n|move|p1b: Scream Tail|Baton Pass|p1b: Scream Tail\n|inactive|UY QUE RICO PAPI has 120 seconds left.\n|\n|t:|1699636932\n|-end|p1b: Scream Tail|Protosynthesis|[silent]\n|switch|p1b: Garganacl|Garganacl, F|100\/100|[from] Baton Pass\n|-damage|p1b: Garganacl|88\/100|[from] Stealth Rock\n|move|p1a: Sinistcha|Life Dew|p1a: Sinistcha|[spread] p1a,p1b\n|-heal|p1a: Sinistcha|100\/100\n|-heal|p1b: Garganacl|100\/100\n|move|p2b: Corviknight|Drill Peck|p1b: Garganacl\n|-resisted|p1b: Garganacl\n|-damage|p1b: Garganacl|97\/100\n|\n|upkeep\n|turn|5\n|\n|t:|1699636950\n|switch|p1a: Ting-Lu|Ting-Lu|100\/100\n|-damage|p1a: Ting-Lu|94\/100|[from] Stealth Rock\n|-ability|p1a: Ting-Lu|Vessel of Ruin\n|move|p2a: Mimikyu|Phantom Force|p1a: Ting-Lu|[from]lockedmove\n|-resisted|p1a: Ting-Lu\n|-damage|p1a: Ting-Lu|87\/100\n|move|p2b: Corviknight|Drill Peck|p1a: Ting-Lu\n|-damage|p1a: Ting-Lu|81\/100\n|move|p1b: Garganacl|Curse|p1b: Garganacl\n|-unboost|p1b: Garganacl|spe|1\n|-boost|p1b: Garganacl|atk|1\n|-boost|p1b: Garganacl|def|1\n|\n|-heal|p1a: Ting-Lu|87\/100|[from] item: Leftovers\n|upkeep\n|turn|6\n|\n|t:|1699636976\n|-terastallize|p1b: Garganacl|Ghost\n|move|p2a: Mimikyu|Taunt|p1b: Garganacl\n|-start|p1b: Garganacl|move: Taunt\n|move|p2b: Corviknight|Body Press|p1a: Ting-Lu\n|-supereffective|p1a: Ting-Lu\n|-damage|p1a: Ting-Lu|72\/100\n|move|p1a: Ting-Lu|Spikes|p2b: Corviknight\n|-sidestart|p2: hitr_ssbm|Spikes\n|cant|p1b: Garganacl|move: Taunt|Curse\n|\n|-heal|p1a: Ting-Lu|79\/100|[from] item: Leftovers\n|upkeep\n|turn|7\n|inactive|UY QUE RICO PAPI has 120 seconds left.\n|\n|t:|1699637008\n|switch|p2b: Gastrodon|Gastrodon, F|100\/100\n|-damage|p2b: Gastrodon|88\/100|[from] Spikes\n|move|p2a: Mimikyu|Phantom Force||[still]\n|-prepare|p2a: Mimikyu|Phantom Force\n|move|p1a: Ting-Lu|Mean Look|p2b: Gastrodon\n|-activate|p2b: Gastrodon|trapped\n|move|p1b: Garganacl|Salt Cure|p2b: Gastrodon\n|-resisted|p2b: Gastrodon\n|-damage|p2b: Gastrodon|74\/100\n|-start|p2b: Gastrodon|Salt Cure\n|\n|-heal|p1a: Ting-Lu|85\/100|[from] item: Leftovers\n|-damage|p2b: Gastrodon|49\/100|[from] Salt Cure\n|upkeep\n|turn|8\n|\n|t:|1699637026\n|move|p1a: Ting-Lu|Protect|p1a: Ting-Lu\n|-singleturn|p1a: Ting-Lu|Protect\n|move|p2a: Mimikyu|Phantom Force|p1b: Garganacl|[from]lockedmove\n|-supereffective|p1b: Garganacl\n|-damage|p1b: Garganacl|85\/100\n|move|p2b: Gastrodon|Clear Smog|p1b: Garganacl\n|-resisted|p1b: Garganacl\n|-damage|p1b: Garganacl|83\/100\n|-clearboost|p1b: Garganacl\n|move|p1b: Garganacl|Salt Cure|p2a: Mimikyu\n|-activate|p2a: Mimikyu|ability: Disguise\n|-damage|p2a: Mimikyu|100\/100\n|-start|p2a: Mimikyu|Salt Cure\n|detailschange|p2a: Mimikyu|Mimikyu-Busted, M, tera:Ghost\n|-damage|p2a: Mimikyu|88\/100|[from] pokemon: Mimikyu-Busted\n|\n|-heal|p1a: Ting-Lu|91\/100|[from] item: Leftovers\n|-damage|p2a: Mimikyu|76\/100|[from] Salt Cure\n|-damage|p2b: Gastrodon|24\/100|[from] Salt Cure\n|-end|p1b: Garganacl|move: Taunt\n|-sideend|p1: UY QUE RICO PAPI|Reflect\n|upkeep\n|turn|9\n|\n|t:|1699637055\n|move|p1b: Garganacl|Protect|p1b: Garganacl\n|-singleturn|p1b: Garganacl|Protect\n|move|p2a: Mimikyu|Phantom Force||[still]\n|-prepare|p2a: Mimikyu|Phantom Force\n|move|p1a: Ting-Lu|Spikes|p2b: Gastrodon\n|-sidestart|p2: hitr_ssbm|Spikes\n|move|p2b: Gastrodon|Muddy Water|p1b: Garganacl|[spread] p1a\n|-activate|p1b: Garganacl|move: Protect\n|-supereffective|p1a: Ting-Lu\n|-damage|p1a: Ting-Lu|65\/100\n|-unboost|p1a: Ting-Lu|accuracy|1\n|\n|-heal|p1a: Ting-Lu|71\/100|[from] item: Leftovers\n|-damage|p2a: Mimikyu|64\/100|[from] Salt Cure\n|-damage|p2b: Gastrodon|0 fnt|[from] Salt Cure\n|faint|p2b: Gastrodon\n|-sideend|p1: UY QUE RICO PAPI|move: Light Screen\n|upkeep\n|\n|t:|1699637075\n|switch|p2b: Ambipom|Ambipom, M, shiny|100\/100\n|-damage|p2b: Ambipom|84\/100|[from] Spikes\n|turn|10\n|\n|t:|1699637090\n|move|p1a: Ting-Lu|Protect|p1a: Ting-Lu\n|-singleturn|p1a: Ting-Lu|Protect\n|move|p2b: Ambipom|Covet|p1a: Ting-Lu\n|-activate|p1a: Ting-Lu|move: Protect\n|move|p2a: Mimikyu|Phantom Force|p1b: Garganacl|[from]lockedmove\n|-supereffective|p1b: Garganacl\n|-damage|p1b: Garganacl|59\/100\n|move|p1b: Garganacl|Curse|p2a: Mimikyu\n|-start|p2a: Mimikyu|Curse|[of] p1b: Garganacl\n|-damage|p1b: Garganacl|9\/100\n|-enditem|p1b: Garganacl|Sitrus Berry|[eat]\n|-heal|p1b: Garganacl|34\/100|[from] item: Sitrus Berry\n|\n|-heal|p1a: Ting-Lu|78\/100|[from] item: Leftovers\n|-damage|p2a: Mimikyu|39\/100|[from] Curse\n|-damage|p2a: Mimikyu|26\/100|[from] Salt Cure\n|upkeep\n|turn|11\n|\n|t:|1699637110\n|switch|p1a: Sinistcha|Sinistcha|100\/100\n|-damage|p1a: Sinistcha|88\/100|[from] Stealth Rock\n|-heal|p1b: Garganacl|59\/100|[from] ability: Hospitality|[of] p1a: Sinistcha\n|move|p1b: Garganacl|Protect|p1b: Garganacl\n|-singleturn|p1b: Garganacl|Protect\n|move|p2b: Ambipom|Covet|p1a: Sinistcha\n|-immune|p1a: Sinistcha\n|move|p2a: Mimikyu|Taunt|p1b: Garganacl\n|-activate|p1b: Garganacl|move: Protect\n|\n|-heal|p1a: Sinistcha|94\/100|[from] item: Leftovers\n|-damage|p2a: Mimikyu|1\/100|[from] Curse\n|-damage|p2a: Mimikyu|0 fnt|[from] Salt Cure\n|faint|p2a: Mimikyu\n|upkeep\n|-message|hitr_ssbm forfeited.\n|\n|win|UY QUE RICO PAPI\n|raw|UY QUE RICO PAPI's rating: 1321 &rarr; <strong>1351<\/strong><br \/>(+30 for winning)\n|raw|hitr_ssbm's rating: 1502 &rarr; <strong>1472<\/strong><br \/>(-30 for losing)\n","uploadtime":1699637133,"views":5,"p1id":"uyquericopapi","p2id":"hitrssbm","formatid":"gen9doublesou","rating":1351,"private":0,"password":""}