{"id":"gen9doublesou-1973889889","p1":"VoiceOfReasonin","p2":"Breakfast Ted","format":"[Gen 9] Doubles OU","log":"|j|\u2606VoiceOfReasonin\n|j|\u2606Breakfast Ted\n|t:|1698024798\n|gametype|doubles\n|player|p1|VoiceOfReasonin|cynthia-gen4|1050\n|player|p2|Breakfast Ted|pokemaniac|1154\n|teamsize|p1|6\n|teamsize|p2|6\n|gen|9\n|tier|[Gen 9] Doubles OU\n|rated|\n|rule|Species Clause: Limit one of each Pok\u00e9mon\n|rule|OHKO Clause: OHKO moves are banned\n|rule|Evasion Moves Clause: Evasion moves are banned\n|rule|Gravity Sleep Clause: The combination of sleep-inducing moves with imperfect accuracy and Gravity or Gigantamax Orbeetle are banned\n|rule|Endless Battle Clause: Forcing endless battles is banned\n|rule|HP Percentage Mod: HP is shown in percentages\n|clearpoke\n|poke|p1|Shiftry, M|\n|poke|p1|Gliscor, M|\n|poke|p1|Ceruledge, F|\n|poke|p1|Meowscarada, F|\n|poke|p1|Toxapex, F|\n|poke|p1|Dragonite, M|\n|poke|p2|Weezing-Galar, F|\n|poke|p2|Medicham, F|\n|poke|p2|Ogerpon-Hearthflame, F|\n|poke|p2|Slaking, F|\n|poke|p2|Sableye, F|\n|poke|p2|Chien-Pao|\n|teampreview\n|\n|t:|1698024803\n|start\n|switch|p1a: Shiftry|Shiftry, M|100\/100\n|switch|p1b: Gliscor|Gliscor, M|100\/100\n|switch|p2a: Hungrybox|Slaking, F|100\/100\n|switch|p2b: Thee Flash|Sableye, F|100\/100\n|turn|1\n|\n|t:|1698024817\n|-terastallize|p2a: Hungrybox|Ghost\n|move|p2b: Thee Flash|Fake Out|p1b: Gliscor\n|-crit|p1b: Gliscor\n|-damage|p1b: Gliscor|89\/100\n|cant|p1b: Gliscor|flinch\n|move|p1a: Shiftry|Swords Dance|p1a: Shiftry\n|-boost|p1a: Shiftry|atk|2\n|move|p2a: Hungrybox|Bulk Up|p2a: Hungrybox\n|-boost|p2a: Hungrybox|atk|1\n|-boost|p2a: Hungrybox|def|1\n|\n|-status|p1b: Gliscor|tox|[from] item: Toxic Orb\n|upkeep\n|turn|2\n|\n|t:|1698024838\n|move|p2b: Thee Flash|Skill Swap|p2a: Hungrybox\n|-activate|p2b: Thee Flash|move: Skill Swap|||[of] p2a: Hungrybox\n|move|p2a: Hungrybox|Bulk Up|p2a: Hungrybox\n|-boost|p2a: Hungrybox|atk|1\n|-boost|p2a: Hungrybox|def|1\n|move|p1b: Gliscor|Tailwind|p1b: Gliscor\n|-sidestart|p1: VoiceOfReasonin|move: Tailwind\n|-ability|p1a: Shiftry|Wind Rider|boost\n|-boost|p1a: Shiftry|atk|1\n|move|p1a: Shiftry|Leaf Blade|p2b: Thee Flash\n|-damage|p2b: Thee Flash|0 fnt\n|faint|p2b: Thee Flash\n|-damage|p1a: Shiftry|91\/100|[from] item: Life Orb\n|\n|-heal|p1b: Gliscor|100\/100 tox|[from] ability: Poison Heal\n|upkeep\n|\n|t:|1698024857\n|switch|p2b: HELP!!!!!|Chien-Pao|100\/100\n|-ability|p2b: HELP!!!!!|Sword of Ruin\n|turn|3\n|\n|t:|1698024867\n|-terastallize|p1b: Gliscor|Water\n|move|p1a: Shiftry|Sucker Punch|p2a: Hungrybox\n|-supereffective|p2a: Hungrybox\n|-damage|p2a: Hungrybox|9\/100\n|-damage|p1a: Shiftry|81\/100|[from] item: Life Orb\n|move|p1b: Gliscor|Fling|p2b: HELP!!!!!\n|-resisted|p2b: HELP!!!!!\n|-damage|p2b: HELP!!!!!|96\/100\n|-status|p2b: HELP!!!!!|tox\n|-enditem|p1b: Gliscor|Toxic Orb|[from] move: Fling\n|move|p2b: HELP!!!!!|Icicle Crash|p1b: Gliscor\n|-resisted|p1b: Gliscor\n|-damage|p1b: Gliscor|68\/100 tox\n|-damage|p2b: HELP!!!!!|86\/100 tox|[from] item: Life Orb\n|move|p2a: Hungrybox|Body Slam|p1a: Shiftry\n|-damage|p1a: Shiftry|0 fnt\n|faint|p1a: Shiftry\n|\n|-heal|p2a: Hungrybox|15\/100|[from] item: Leftovers\n|-heal|p1b: Gliscor|81\/100 tox|[from] ability: Poison Heal\n|-damage|p2b: HELP!!!!!|80\/100 tox|[from] psn\n|upkeep\n|\n|t:|1698024885\n|switch|p1a: Dragonite|Dragonite, M|100\/100\n|turn|4\n|\n|t:|1698024893\n|move|p1a: Dragonite|Extreme Speed|p2a: Hungrybox\n|-immune|p2a: Hungrybox\n|move|p2a: Hungrybox|Slack Off|p2a: Hungrybox\n|-heal|p2a: Hungrybox|65\/100\n|move|p1b: Gliscor|Earthquake|p2a: Hungrybox|[spread] p2a,p2b\n|-immune|p1a: Dragonite\n|-damage|p2a: Hungrybox|53\/100\n|-damage|p2b: HELP!!!!!|46\/100 tox\n|move|p2b: HELP!!!!!|Icicle Crash|p1a: Dragonite\n|-supereffective|p1a: Dragonite\n|-damage|p1a: Dragonite|0 fnt\n|faint|p1a: Dragonite\n|-damage|p2b: HELP!!!!!|36\/100 tox|[from] item: Life Orb\n|\n|-heal|p2a: Hungrybox|59\/100|[from] item: Leftovers\n|-heal|p1b: Gliscor|93\/100 tox|[from] ability: Poison Heal\n|-damage|p2b: HELP!!!!!|24\/100 tox|[from] psn\n|upkeep\n|\n|t:|1698024904\n|switch|p1a: Ceruledge|Ceruledge, F|100\/100\n|turn|5\n|\n|t:|1698024918\n|move|p1b: Gliscor|Protect|p1b: Gliscor\n|-singleturn|p1b: Gliscor|Protect\n|move|p2a: Hungrybox|Slack Off|p2a: Hungrybox\n|-heal|p2a: Hungrybox|100\/100\n|move|p1a: Ceruledge|Poltergeist|p2a: Hungrybox\n|-activate|p2a: Hungrybox|move: Poltergeist|Leftovers\n|-supereffective|p2a: Hungrybox\n|-damage|p2a: Hungrybox|45\/100\n|move|p2b: HELP!!!!!|Crunch|p1a: Ceruledge\n|-supereffective|p1a: Ceruledge\n|-damage|p1a: Ceruledge|0 fnt\n|faint|p1a: Ceruledge\n|-damage|p2b: HELP!!!!!|14\/100 tox|[from] item: Life Orb\n|\n|-heal|p2a: Hungrybox|51\/100|[from] item: Leftovers\n|-heal|p1b: Gliscor|100\/100 tox|[from] ability: Poison Heal\n|-damage|p2b: HELP!!!!!|0 fnt|[from] psn\n|faint|p2b: HELP!!!!!\n|-sideend|p1: VoiceOfReasonin|move: Tailwind\n|upkeep\n|\n|t:|1698024934\n|switch|p2b: U ND I|Medicham, F|100\/100\n|switch|p1a: Meowscarada|Meowscarada, F|100\/100\n|turn|6\n|\n|t:|1698024943\n|move|p1a: Meowscarada|Sucker Punch||[still]\n|-fail|p1a: Meowscarada\n|move|p2a: Hungrybox|Slack Off|p2a: Hungrybox\n|-heal|p2a: Hungrybox|100\/100\n|move|p2b: U ND I|Skill Swap|p2a: Hungrybox\n|-activate|p2b: U ND I|move: Skill Swap|||[of] p2a: Hungrybox\n|move|p1b: Gliscor|Earthquake|p2b: U ND I|[spread] p1a,p2a,p2b\n|-resisted|p1a: Meowscarada\n|-damage|p1a: Meowscarada|80\/100\n|-damage|p2a: Hungrybox|92\/100\n|-damage|p2b: U ND I|58\/100\n|\n|-heal|p2a: Hungrybox|98\/100|[from] item: Leftovers\n|upkeep\n|turn|7\n|-message|VoiceOfReasonin forfeited.\n|\n|win|Breakfast Ted\n|raw|VoiceOfReasonin's rating: 1050 &rarr; <strong>1038<\/strong><br \/>(-12 for losing)\n|raw|Breakfast Ted's rating: 1154 &rarr; <strong>1172<\/strong><br \/>(+18 for winning)\n|l|\u2606VoiceOfReasonin\n","uploadtime":1698024958,"views":22,"p1id":"voiceofreasonin","p2id":"breakfastted","formatid":"gen9doublesou","rating":1038,"private":0,"password":""}