{"id":"gen9doublesou-1983070173","p1":"UY QUE RICO PAPI","p2":"Darkhyrid123","format":"[Gen 9] Doubles OU","log":"|j|\u2606UY QUE RICO PAPI\n|j|\u2606Darkhyrid123\n|t:|1699079292\n|gametype|doubles\n|player|p1|UY QUE RICO PAPI|169|1394\n|player|p2|Darkhyrid123|266|1395\n|teamsize|p1|6\n|teamsize|p2|6\n|gen|9\n|tier|[Gen 9] Doubles OU\n|rated|\n|rule|Species Clause: Limit one of each Pok\u00e9mon\n|rule|OHKO Clause: OHKO moves are banned\n|rule|Evasion Moves Clause: Evasion moves are banned\n|rule|Gravity Sleep Clause: The combination of sleep-inducing moves with imperfect accuracy and Gravity or Gigantamax Orbeetle are banned\n|rule|Endless Battle Clause: Forcing endless battles is banned\n|rule|HP Percentage Mod: HP is shown in percentages\n|clearpoke\n|poke|p1|Trevenant, F|\n|poke|p1|Grimmsnarl, M|\n|poke|p1|Garganacl, M|\n|poke|p1|Ting-Lu|\n|poke|p1|Cresselia, F|\n|poke|p1|Scream Tail|\n|poke|p2|Kommo-o, M|\n|poke|p2|Snorlax, M|\n|poke|p2|Landorus-Therian, M|\n|poke|p2|Sinistcha|\n|poke|p2|Clefairy, M|\n|poke|p2|Iron Hands|\n|teampreview\n|inactive|Battle timer is ON: inactive players will automatically lose when time's up. (requested by UY QUE RICO PAPI)\n|\n|t:|1699079307\n|start\n|switch|p1a: Ting-Lu|Ting-Lu|100\/100\n|switch|p1b: Scream Tail|Scream Tail|100\/100\n|switch|p2a: Snorlax|Snorlax, M|100\/100\n|switch|p2b: Clefairy|Clefairy, M|100\/100\n|-ability|p1a: Ting-Lu|Vessel of Ruin\n|turn|1\n|\n|t:|1699079320\n|move|p2b: Clefairy|Heal Pulse|p2a: Snorlax\n|-fail|p2a: Snorlax|heal\n|move|p2a: Snorlax|Belly Drum|p2a: Snorlax\n|-damage|p2a: Snorlax|50\/100\n|-setboost|p2a: Snorlax|atk|6|[from] move: Belly Drum\n|-enditem|p2a: Snorlax|Sitrus Berry|[eat]\n|-heal|p2a: Snorlax|75\/100|[from] item: Sitrus Berry\n|move|p1b: Scream Tail|Roar|p2a: Snorlax\n|drag|p2a: Kommo-o|Kommo-o, M|100\/100\n|move|p1a: Ting-Lu|Whirlwind|p2a: Kommo-o\n|drag|p2a: Landorus|Landorus-Therian, M|100\/100\n|-ability|p2a: Landorus|Intimidate|boost\n|-unboost|p1a: Ting-Lu|atk|1\n|-unboost|p1b: Scream Tail|atk|1\n|\n|upkeep\n|turn|2\n|\n|t:|1699079344\n|switch|p2b: Snorlax|Snorlax, M|75\/100\n|move|p2a: Landorus|U-turn|p1b: Scream Tail\n|-damage|p1b: Scream Tail|86\/100\n|\n|t:|1699079349\n|switch|p2a: Sinistcha|Sinistcha|100\/100|[from] U-turn\n|-heal|p2b: Snorlax|99\/100|[from] ability: Hospitality|[of] p2a: Sinistcha\n|move|p1b: Scream Tail|Perish Song|p1b: Scream Tail\n|-start|p1a: Ting-Lu|perish3|[silent]\n|-start|p1b: Scream Tail|perish3|[silent]\n|-start|p2a: Sinistcha|perish3|[silent]\n|-start|p2b: Snorlax|perish3|[silent]\n|-fieldactivate|move: Perish Song\n|move|p1a: Ting-Lu|Mean Look|p2b: Snorlax\n|-activate|p2b: Snorlax|trapped\n|\n|-heal|p1b: Scream Tail|92\/100|[from] item: Leftovers\n|-start|p1b: Scream Tail|perish3\n|-start|p2a: Sinistcha|perish3\n|-start|p1a: Ting-Lu|perish3\n|-start|p2b: Snorlax|perish3\n|upkeep\n|turn|3\n|\n|t:|1699079374\n|move|p2a: Sinistcha|Matcha Gotcha|p1b: Scream Tail|[spread] p1a\n|-miss|p2a: Sinistcha|p1b: Scream Tail\n|-supereffective|p1a: Ting-Lu\n|-damage|p1a: Ting-Lu|69\/100\n|move|p1a: Ting-Lu|Mean Look||[still]\n|-fail|p1a: Ting-Lu\n|move|p2b: Snorlax|Facade|p1a: Ting-Lu\n|-damage|p1a: Ting-Lu|57\/100\n|move|p1b: Scream Tail|Roar|p2b: Snorlax\n|drag|p2b: Clefairy|Clefairy, M|100\/100\n|\n|-heal|p1b: Scream Tail|98\/100|[from] item: Leftovers\n|-heal|p1a: Ting-Lu|63\/100|[from] item: Leftovers\n|-start|p1b: Scream Tail|perish2\n|-start|p2a: Sinistcha|perish2\n|-start|p1a: Ting-Lu|perish2\n|upkeep\n|turn|4\n|inactive|UY QUE RICO PAPI has 120 seconds left.\n|\n|t:|1699079412\n|switch|p1a: Grimmsnarl|Grimmsnarl, M|100\/100\n|move|p2b: Clefairy|Helping Hand|p2a: Sinistcha\n|-singleturn|p2a: Sinistcha|Helping Hand|[of] p2b: Clefairy\n|move|p1b: Scream Tail|Wish|p1b: Scream Tail\n|move|p2a: Sinistcha|Matcha Gotcha|p1a: Grimmsnarl|[spread] p1a,p1b\n|-crit|p1a: Grimmsnarl\n|-damage|p1a: Grimmsnarl|38\/100\n|-damage|p1b: Scream Tail|75\/100\n|\n|-heal|p1b: Scream Tail|81\/100|[from] item: Leftovers\n|-start|p1b: Scream Tail|perish1\n|-start|p2a: Sinistcha|perish1\n|upkeep\n|turn|5\n|\n|t:|1699079433\n|-end|p1b: Scream Tail|Protosynthesis|[silent]\n|switch|p1b: Ting-Lu|Ting-Lu|63\/100\n|-ability|p1b: Ting-Lu|Vessel of Ruin\n|switch|p2a: Landorus|Landorus-Therian, M|100\/100\n|-ability|p2a: Landorus|Intimidate|boost\n|-unboost|p1a: Grimmsnarl|atk|1\n|-unboost|p1b: Ting-Lu|atk|1\n|switch|p2b: Iron Hands|Iron Hands|100\/100\n|move|p1a: Grimmsnarl|Reflect|p1a: Grimmsnarl\n|-sidestart|p1: UY QUE RICO PAPI|Reflect\n|\n|-heal|p1b: Ting-Lu|100\/100|[from] move: Wish|[wisher] Scream Tail\n|upkeep\n|turn|6\n|\n|t:|1699079450\n|switch|p1a: Trevenant|Trevenant, F|100\/100\n|move|p1b: Ting-Lu|Protect|p1b: Ting-Lu\n|-singleturn|p1b: Ting-Lu|Protect\n|move|p2b: Iron Hands|Fake Out|p1b: Ting-Lu\n|-activate|p1b: Ting-Lu|move: Protect\n|move|p2a: Landorus|U-turn|p1a: Trevenant\n|-damage|p1a: Trevenant|88\/100\n|\n|t:|1699079463\n|switch|p2a: Clefairy|Clefairy, M|100\/100|[from] U-turn\n|\n|upkeep\n|turn|7\n|\n|t:|1699079475\n|move|p2a: Clefairy|Helping Hand|p2b: Iron Hands\n|-singleturn|p2b: Iron Hands|Helping Hand|[of] p2a: Clefairy\n|move|p1a: Trevenant|Curse|p2a: Clefairy\n|-start|p2a: Clefairy|Curse|[of] p1a: Trevenant\n|-damage|p1a: Trevenant|38\/100\n|-enditem|p1a: Trevenant|Sitrus Berry|[eat]\n|-heal|p1a: Trevenant|63\/100|[from] item: Sitrus Berry\n|move|p2b: Iron Hands|Drain Punch|p1b: Ting-Lu\n|-supereffective|p1b: Ting-Lu\n|-damage|p1b: Ting-Lu|63\/100\n|move|p1b: Ting-Lu|Mean Look|p2a: Clefairy\n|-activate|p2a: Clefairy|trapped\n|\n|-heal|p1b: Ting-Lu|69\/100|[from] item: Leftovers\n|-damage|p2a: Clefairy|75\/100|[from] Curse\n|upkeep\n|turn|8\n|inactive|Darkhyrid123 has 120 seconds left.\n|\n|t:|1699079507\n|move|p2a: Clefairy|Helping Hand|p2b: Iron Hands\n|-singleturn|p2b: Iron Hands|Helping Hand|[of] p2a: Clefairy\n|move|p1b: Ting-Lu|Protect|p1b: Ting-Lu\n|-singleturn|p1b: Ting-Lu|Protect\n|move|p1a: Trevenant|Leech Seed|p2b: Iron Hands\n|-start|p2b: Iron Hands|move: Leech Seed\n|move|p2b: Iron Hands|Heavy Slam|p1a: Trevenant\n|-damage|p1a: Trevenant|27\/100\n|\n|-heal|p1b: Ting-Lu|76\/100|[from] item: Leftovers\n|-damage|p2b: Iron Hands|88\/100|[from] Leech Seed|[of] p1a: Trevenant\n|-heal|p1a: Trevenant|42\/100|[silent]\n|-damage|p2a: Clefairy|50\/100|[from] Curse\n|-item|p1a: Trevenant|Sitrus Berry|[from] ability: Harvest\n|upkeep\n|-enditem|p1a: Trevenant|Sitrus Berry|[eat]\n|-heal|p1a: Trevenant|67\/100|[from] item: Sitrus Berry\n|turn|9\n|inactive|Darkhyrid123 has 120 seconds left.\n|\n|t:|1699079542\n|move|p2a: Clefairy|Helping Hand|p2b: Iron Hands\n|-singleturn|p2b: Iron Hands|Helping Hand|[of] p2a: Clefairy\n|move|p1a: Trevenant|Protect|p1a: Trevenant\n|-singleturn|p1a: Trevenant|Protect\n|move|p2b: Iron Hands|Drain Punch|p1a: Trevenant\n|-activate|p1a: Trevenant|move: Protect\n|move|p1b: Ting-Lu|Spikes|p2a: Clefairy\n|-sidestart|p2: Darkhyrid123|Spikes\n|\n|-heal|p1b: Ting-Lu|82\/100|[from] item: Leftovers\n|-damage|p2b: Iron Hands|76\/100|[from] Leech Seed|[of] p1a: Trevenant\n|-heal|p1a: Trevenant|82\/100|[silent]\n|-damage|p2a: Clefairy|25\/100|[from] Curse\n|upkeep\n|turn|10\n|\n|t:|1699079560\n|move|p2a: Clefairy|Helping Hand|p2b: Iron Hands\n|-singleturn|p2b: Iron Hands|Helping Hand|[of] p2a: Clefairy\n|move|p1a: Trevenant|Substitute|p1a: Trevenant\n|-start|p1a: Trevenant|Substitute\n|-damage|p1a: Trevenant|57\/100\n|move|p2b: Iron Hands|Drain Punch|p1b: Ting-Lu\n|-supereffective|p1b: Ting-Lu\n|-damage|p1b: Ting-Lu|43\/100\n|-heal|p2b: Iron Hands|98\/100|[from] drain|[of] p1b: Ting-Lu\n|move|p1b: Ting-Lu|Mean Look|p2b: Iron Hands\n|-activate|p2b: Iron Hands|trapped\n|\n|-heal|p1b: Ting-Lu|49\/100|[from] item: Leftovers\n|-damage|p2b: Iron Hands|86\/100|[from] Leech Seed|[of] p1a: Trevenant\n|-heal|p1a: Trevenant|72\/100|[silent]\n|-damage|p2a: Clefairy|0 fnt|[from] Curse\n|faint|p2a: Clefairy\n|upkeep\n|inactive|Darkhyrid123 has 120 seconds left.\n|\n|t:|1699079581\n|switch|p2a: Landorus|Landorus-Therian, M|100\/100\n|-ability|p2a: Landorus|Intimidate|boost\n|-immune|p1a: Trevenant\n|-unboost|p1b: Ting-Lu|atk|1\n|turn|11\n|inactive|Darkhyrid123 has 120 seconds left.\n|\n|t:|1699079605\n|move|p1a: Trevenant|Protect|p1a: Trevenant\n|-singleturn|p1a: Trevenant|Protect\n|move|p1b: Ting-Lu|Protect|p1b: Ting-Lu\n|-singleturn|p1b: Ting-Lu|Protect\n|move|p2a: Landorus|Rock Slide|p1a: Trevenant|[spread] \n|-activate|p1a: Trevenant|move: Protect\n|-activate|p1b: Ting-Lu|move: Protect\n|move|p2b: Iron Hands|Drain Punch|p1b: Ting-Lu\n|-activate|p1b: Ting-Lu|move: Protect\n|\n|-heal|p1b: Ting-Lu|55\/100|[from] item: Leftovers\n|-damage|p2b: Iron Hands|73\/100|[from] Leech Seed|[of] p1a: Trevenant\n|-heal|p1a: Trevenant|87\/100|[silent]\n|upkeep\n|turn|12\n|\n|t:|1699079626\n|switch|p1b: Cresselia|Cresselia, F|100\/100\n|move|p2a: Landorus|Rock Slide|p1b: Cresselia|[spread] p1b\n|-miss|p2a: Landorus|p1a: Trevenant\n|-damage|p1b: Cresselia|94\/100\n|move|p1a: Trevenant|Curse|p2b: Iron Hands\n|-start|p2b: Iron Hands|Curse|[of] p1a: Trevenant\n|-damage|p1a: Trevenant|37\/100\n|move|p2b: Iron Hands|Drain Punch|p1b: Cresselia\n|-resisted|p1b: Cresselia\n|-damage|p1b: Cresselia|86\/100\n|-heal|p2b: Iron Hands|77\/100|[from] drain|[of] p1b: Cresselia\n|\n|-damage|p2b: Iron Hands|64\/100|[from] Leech Seed|[of] p1a: Trevenant\n|-heal|p1a: Trevenant|52\/100|[silent]\n|-damage|p2b: Iron Hands|40\/100|[from] Curse\n|-sideend|p1: UY QUE RICO PAPI|Reflect\n|-item|p1a: Trevenant|Sitrus Berry|[from] ability: Harvest\n|upkeep\n|turn|13\n|\n|t:|1699079653\n|-end|p2b: Iron Hands|Quark Drive|[silent]\n|switch|p2b: Kommo-o|Kommo-o, M|100\/100\n|-damage|p2b: Kommo-o|88\/100|[from] Spikes\n|move|p2a: Landorus|Rock Slide|p1a: Trevenant|[spread] p1a,p1b\n|-activate|p1a: Trevenant|move: Substitute|[damage]\n|-damage|p1b: Cresselia|74\/100\n|move|p1b: Cresselia|Light Screen|p1b: Cresselia\n|-sidestart|p1: UY QUE RICO PAPI|move: Light Screen\n|move|p1a: Trevenant|Leech Seed|p2a: Landorus\n|-start|p2a: Landorus|move: Leech Seed\n|\n|-damage|p2a: Landorus|88\/100|[from] Leech Seed|[of] p1a: Trevenant\n|-heal|p1a: Trevenant|62\/100|[silent]\n|upkeep\n|turn|14\n|\n|t:|1699079674\n|switch|p2a: Sinistcha|Sinistcha|100\/100\n|-damage|p2a: Sinistcha|88\/100|[from] Spikes\n|-heal|p2b: Kommo-o|100\/100|[from] ability: Hospitality|[of] p2a: Sinistcha\n|move|p2b: Kommo-o|Clangorous Soul|p2b: Kommo-o\n|-boost|p2b: Kommo-o|atk|1\n|-boost|p2b: Kommo-o|def|1\n|-boost|p2b: Kommo-o|spa|1\n|-boost|p2b: Kommo-o|spd|1\n|-boost|p2b: Kommo-o|spe|1\n|-damage|p2b: Kommo-o|68\/100\n|-enditem|p2b: Kommo-o|Throat Spray\n|-boost|p2b: Kommo-o|spa|1|[from] item: Throat Spray\n|move|p1b: Cresselia|Lunar Blessing||[still]|[spread] p1a,p1b\n|-fail|p1b: Cresselia\n|-heal|p1b: Cresselia|99\/100\n|move|p1a: Trevenant|Leech Seed|p2b: Kommo-o|[miss]\n|-miss|p1a: Trevenant|p2b: Kommo-o\n|\n|upkeep\n|turn|15\n|inactive|UY QUE RICO PAPI has 120 seconds left.\n|\n|t:|1699079710\n|switch|p1b: Scream Tail|Scream Tail|81\/100\n|move|p1a: Trevenant|Protect|p1a: Trevenant\n|-singleturn|p1a: Trevenant|Protect\n|move|p2a: Sinistcha|Rage Powder|p2a: Sinistcha\n|-singleturn|p2a: Sinistcha|move: Rage Powder\n|move|p2b: Kommo-o|Clangorous Soul|p2b: Kommo-o\n|-boost|p2b: Kommo-o|atk|1\n|-boost|p2b: Kommo-o|def|1\n|-boost|p2b: Kommo-o|spa|1\n|-boost|p2b: Kommo-o|spd|1\n|-boost|p2b: Kommo-o|spe|1\n|-damage|p2b: Kommo-o|35\/100\n|\n|-heal|p1b: Scream Tail|88\/100|[from] item: Leftovers\n|upkeep\n|turn|16\n|inactive|UY QUE RICO PAPI has 120 seconds left.\n|\n|t:|1699079732\n|switch|p2a: Landorus|Landorus-Therian, M|88\/100\n|-ability|p2a: Landorus|Intimidate|boost\n|-immune|p1a: Trevenant\n|-unboost|p1b: Scream Tail|atk|1\n|move|p2b: Kommo-o|Flash Cannon|p1b: Scream Tail\n|-supereffective|p1b: Scream Tail\n|-damage|p1b: Scream Tail|33\/100\n|move|p1b: Scream Tail|Wish|p1b: Scream Tail\n|move|p1a: Trevenant|Curse|p2b: Kommo-o\n|-start|p2b: Kommo-o|Curse|[of] p1a: Trevenant\n|-damage|p1a: Trevenant|12\/100\n|-enditem|p1a: Trevenant|Sitrus Berry|[eat]\n|-heal|p1a: Trevenant|37\/100|[from] item: Sitrus Berry\n|\n|-heal|p1b: Scream Tail|40\/100|[from] item: Leftovers\n|-damage|p2b: Kommo-o|10\/100|[from] Curse\n|-item|p1a: Trevenant|Sitrus Berry|[from] ability: Harvest\n|upkeep\n|-enditem|p1a: Trevenant|Sitrus Berry|[eat]\n|-heal|p1a: Trevenant|62\/100|[from] item: Sitrus Berry\n|turn|17\n|inactive|UY QUE RICO PAPI has 120 seconds left.\n|\n|t:|1699079763\n|switch|p2a: Sinistcha|Sinistcha|88\/100\n|-damage|p2a: Sinistcha|76\/100|[from] Spikes\n|-heal|p2b: Kommo-o|35\/100|[from] ability: Hospitality|[of] p2a: Sinistcha\n|move|p1b: Scream Tail|Protect|p1b: Scream Tail\n|-singleturn|p1b: Scream Tail|Protect\n|move|p1a: Trevenant|Protect|p1a: Trevenant\n|-singleturn|p1a: Trevenant|Protect\n|move|p2b: Kommo-o|Flash Cannon|p1b: Scream Tail\n|-activate|p1b: Scream Tail|move: Protect\n|\n|-heal|p1b: Scream Tail|90\/100|[from] move: Wish|[wisher] Scream Tail\n|-heal|p1b: Scream Tail|96\/100|[from] item: Leftovers\n|-damage|p2b: Kommo-o|10\/100|[from] Curse\n|-sideend|p1: UY QUE RICO PAPI|move: Light Screen\n|upkeep\n|turn|18\n|inactive|UY QUE RICO PAPI has 120 seconds left.\n|\n|t:|1699079797\n|-end|p1b: Scream Tail|Protosynthesis|[silent]\n|switch|p1b: Cresselia|Cresselia, F|99\/100\n|move|p2b: Kommo-o|Clanging Scales|p1a: Trevenant|[spread] p1a,p1b\n|-damage|p1a: Trevenant|0 fnt\n|-damage|p1b: Cresselia|38\/100\n|faint|p1a: Trevenant\n|-unboost|p2b: Kommo-o|def|1\n|move|p2a: Sinistcha|Matcha Gotcha|p1b: Cresselia\n|-damage|p1b: Cresselia|18\/100\n|-heal|p2a: Sinistcha|88\/100|[from] drain|[of] p1b: Cresselia\n|\n|-damage|p2b: Kommo-o|0 fnt|[from] Curse\n|faint|p2b: Kommo-o\n|upkeep\n|\n|t:|1699079815\n|switch|p2b: Snorlax|Snorlax, M|99\/100\n|switch|p1a: Grimmsnarl|Grimmsnarl, M|38\/100\n|-damage|p2b: Snorlax|88\/100|[from] Spikes\n|turn|19\n|\n|t:|1699079825\n|move|p1a: Grimmsnarl|Taunt|p2b: Snorlax\n|-start|p2b: Snorlax|move: Taunt\n|move|p1b: Cresselia|Lunar Blessing|p1b: Cresselia|[spread] p1a,p1b\n|-heal|p1a: Grimmsnarl|63\/100\n|-heal|p1b: Cresselia|43\/100\n|move|p2a: Sinistcha|Matcha Gotcha|p1a: Grimmsnarl|[spread] p1a,p1b\n|-damage|p1a: Grimmsnarl|36\/100\n|-heal|p2a: Sinistcha|100\/100|[from] drain|[of] p1a: Grimmsnarl\n|-damage|p1b: Cresselia|28\/100\n|-status|p1b: Cresselia|brn\n|move|p2b: Snorlax|High Horsepower|p1a: Grimmsnarl\n|-damage|p1a: Grimmsnarl|13\/100\n|\n|-damage|p1b: Cresselia|21\/100 brn|[from] brn\n|upkeep\n|turn|20\n|\n|t:|1699079851\n|move|p1a: Grimmsnarl|Reflect|p1a: Grimmsnarl\n|-sidestart|p1: UY QUE RICO PAPI|Reflect\n|move|p1b: Cresselia|Lunar Blessing|p1b: Cresselia|[spread] p1a,p1b\n|-heal|p1a: Grimmsnarl|38\/100\n|-heal|p1b: Cresselia|46\/100 brn\n|-curestatus|p1b: Cresselia|brn|[msg]\n|move|p2a: Sinistcha|Matcha Gotcha|p1b: Cresselia|[spread] p1a,p1b\n|-damage|p1a: Grimmsnarl|11\/100\n|-damage|p1b: Cresselia|32\/100\n|-status|p1a: Grimmsnarl|brn\n|move|p2b: Snorlax|Facade|p1a: Grimmsnarl\n|-damage|p1a: Grimmsnarl|0 fnt\n|faint|p1a: Grimmsnarl\n|\n|upkeep\n|\n|t:|1699079868\n|switch|p1a: Ting-Lu|Ting-Lu|55\/100\n|-ability|p1a: Ting-Lu|Vessel of Ruin\n|turn|21\n|\n|t:|1699079884\n|switch|p2a: Landorus|Landorus-Therian, M|88\/100\n|-ability|p2a: Landorus|Intimidate|boost\n|-unboost|p1a: Ting-Lu|atk|1\n|-unboost|p1b: Cresselia|atk|1\n|switch|p2b: Iron Hands|Iron Hands|40\/100\n|-damage|p2b: Iron Hands|27\/100|[from] Spikes\n|move|p1b: Cresselia|Lunar Blessing|p1b: Cresselia|[spread] p1a,p1b\n|-heal|p1a: Ting-Lu|80\/100\n|-heal|p1b: Cresselia|57\/100\n|move|p1a: Ting-Lu|Spikes|p2a: Landorus\n|-sidestart|p2: Darkhyrid123|Spikes\n|\n|-heal|p1a: Ting-Lu|86\/100|[from] item: Leftovers\n|upkeep\n|turn|22\n|\n|t:|1699079910\n|-end|p2b: Iron Hands|Quark Drive|[silent]\n|switch|p2b: Sinistcha|Sinistcha|100\/100\n|-damage|p2b: Sinistcha|84\/100|[from] Spikes\n|-heal|p2a: Landorus|100\/100|[from] ability: Hospitality|[of] p2b: Sinistcha\n|move|p1a: Ting-Lu|Protect|p1a: Ting-Lu\n|-singleturn|p1a: Ting-Lu|Protect\n|move|p2a: Landorus|U-turn|p1b: Cresselia\n|-supereffective|p1b: Cresselia\n|-damage|p1b: Cresselia|39\/100\n|inactive|Darkhyrid123 has 120 seconds left.\n|\n|t:|1699079934\n|switch|p2a: Iron Hands|Iron Hands|27\/100|[from] U-turn\n|-damage|p2a: Iron Hands|10\/100|[from] Spikes\n|move|p1b: Cresselia|Lunar Blessing|p1b: Cresselia|[spread] p1a,p1b\n|-heal|p1a: Ting-Lu|100\/100\n|-heal|p1b: Cresselia|64\/100\n|\n|upkeep\n|turn|23\n|\n|t:|1699079955\n|move|p1b: Cresselia|Ally Switch|p1b: Cresselia\n|swap|p1b: Cresselia|0|[from] move: Ally Switch\n|move|p2b: Sinistcha|Matcha Gotcha|p1a: Cresselia|[spread] p1a,p1b\n|-supereffective|p1b: Ting-Lu\n|-damage|p1a: Cresselia|51\/100\n|-heal|p2b: Sinistcha|92\/100|[from] drain|[of] p1a: Cresselia\n|-damage|p1b: Ting-Lu|71\/100\n|-heal|p2b: Sinistcha|100\/100|[from] drain|[of] p1b: Ting-Lu\n|move|p2a: Iron Hands|Drain Punch|p1a: Cresselia\n|-resisted|p1a: Cresselia\n|-damage|p1a: Cresselia|44\/100\n|-heal|p2a: Iron Hands|14\/100|[from] drain|[of] p1a: Cresselia\n|move|p1b: Ting-Lu|Spikes|p2b: Sinistcha\n|-sidestart|p2: Darkhyrid123|Spikes\n|\n|-heal|p1b: Ting-Lu|78\/100|[from] item: Leftovers\n|upkeep\n|turn|24\n|\n|t:|1699079973\n|move|p1a: Cresselia|Lunar Blessing|p1a: Cresselia|[spread] p1a,p1b\n|-heal|p1a: Cresselia|69\/100\n|-heal|p1b: Ting-Lu|100\/100\n|move|p2b: Sinistcha|Matcha Gotcha|p1b: Ting-Lu|[spread] p1a\n|-miss|p2b: Sinistcha|p1b: Ting-Lu\n|-damage|p1a: Cresselia|58\/100\n|move|p2a: Iron Hands|Drain Punch|p1b: Ting-Lu\n|-supereffective|p1b: Ting-Lu\n|-damage|p1b: Ting-Lu|78\/100\n|-heal|p2a: Iron Hands|27\/100|[from] drain|[of] p1b: Ting-Lu\n|move|p1b: Ting-Lu|Whirlwind|p2b: Sinistcha\n|drag|p2b: Landorus|Landorus-Therian, M|100\/100\n|-ability|p2b: Landorus|Intimidate|boost\n|-unboost|p1a: Cresselia|atk|1\n|-unboost|p1b: Ting-Lu|atk|1\n|\n|-heal|p1b: Ting-Lu|84\/100|[from] item: Leftovers\n|upkeep\n|turn|25\n|\n|t:|1699079994\n|switch|p1a: Garganacl|Garganacl, M|100\/100\n|move|p1b: Ting-Lu|Protect|p1b: Ting-Lu\n|-singleturn|p1b: Ting-Lu|Protect\n|move|p2b: Landorus|Rock Slide|p1a: Garganacl|[spread] p1a\n|-activate|p1b: Ting-Lu|move: Protect\n|-damage|p1a: Garganacl|94\/100\n|move|p2a: Iron Hands|Drain Punch|p1b: Ting-Lu\n|-activate|p1b: Ting-Lu|move: Protect\n|\n|-heal|p1b: Ting-Lu|90\/100|[from] item: Leftovers\n|-heal|p1a: Garganacl|99\/100|[from] item: Leftovers\n|upkeep\n|turn|26\n|\n|t:|1699080019\n|switch|p2b: Sinistcha|Sinistcha|100\/100\n|-damage|p2b: Sinistcha|76\/100|[from] Spikes\n|-heal|p2a: Iron Hands|52\/100|[from] ability: Hospitality|[of] p2b: Sinistcha\n|switch|p1b: Cresselia|Cresselia, F|58\/100\n|-terastallize|p1a: Garganacl|Ghost\n|move|p2a: Iron Hands|Drain Punch|p1a: Garganacl\n|-immune|p1a: Garganacl\n|move|p1a: Garganacl|Curse|p2b: Sinistcha\n|-start|p2b: Sinistcha|Curse|[of] p1a: Garganacl\n|-damage|p1a: Garganacl|50\/100\n|\n|-heal|p1a: Garganacl|56\/100|[from] item: Leftovers\n|-damage|p2b: Sinistcha|51\/100|[from] Curse\n|upkeep\n|turn|27\n|inactive|Darkhyrid123 has 120 seconds left.\n|\n|t:|1699080053\n|move|p1b: Cresselia|Lunar Blessing|p1b: Cresselia|[spread] p1a,p1b\n|-heal|p1a: Garganacl|81\/100\n|-heal|p1b: Cresselia|83\/100\n|move|p2b: Sinistcha|Strength Sap|p1a: Garganacl\n|-unboost|p1a: Garganacl|atk|1\n|-heal|p2b: Sinistcha|100\/100\n|move|p2a: Iron Hands|Heavy Slam|p1b: Cresselia\n|-damage|p1b: Cresselia|70\/100\n|move|p1a: Garganacl|Salt Cure|p2b: Sinistcha\n|-damage|p2b: Sinistcha|93\/100\n|-start|p2b: Sinistcha|Salt Cure\n|\n|-heal|p1a: Garganacl|87\/100|[from] item: Leftovers\n|-damage|p2b: Sinistcha|68\/100|[from] Curse\n|-damage|p2b: Sinistcha|55\/100|[from] Salt Cure\n|-sideend|p1: UY QUE RICO PAPI|Reflect\n|upkeep\n|turn|28\n|\n|t:|1699080074\n|move|p1b: Cresselia|Lunar Blessing|p1b: Cresselia|[spread] p1a,p1b\n|-heal|p1a: Garganacl|100\/100\n|-heal|p1b: Cresselia|95\/100\n|-enditem|p1b: Cresselia|Leppa Berry|[eat]\n|-activate|p1b: Cresselia|item: Leppa Berry|Lunar Blessing|[consumed]\n|move|p2b: Sinistcha|Strength Sap|p1a: Garganacl\n|-unboost|p1a: Garganacl|atk|1\n|-heal|p2b: Sinistcha|100\/100\n|move|p2a: Iron Hands|Heavy Slam|p1a: Garganacl\n|-damage|p1a: Garganacl|92\/100\n|move|p1a: Garganacl|Curse|p2a: Iron Hands\n|-start|p2a: Iron Hands|Curse|[of] p1a: Garganacl\n|-damage|p1a: Garganacl|42\/100\n|\n|-heal|p1a: Garganacl|48\/100|[from] item: Leftovers\n|-damage|p2b: Sinistcha|76\/100|[from] Curse\n|-damage|p2a: Iron Hands|27\/100|[from] Curse\n|-damage|p2b: Sinistcha|63\/100|[from] Salt Cure\n|upkeep\n|turn|29\n|\n|t:|1699080093\n|-end|p2a: Iron Hands|Quark Drive|[silent]\n|switch|p2a: Landorus|Landorus-Therian, M|100\/100\n|-ability|p2a: Landorus|Intimidate|boost\n|-unboost|p1a: Garganacl|atk|1\n|-unboost|p1b: Cresselia|atk|1\n|move|p1b: Cresselia|Lunar Blessing|p1b: Cresselia|[spread] p1a,p1b\n|-heal|p1a: Garganacl|73\/100\n|-heal|p1b: Cresselia|100\/100\n|move|p2b: Sinistcha|Matcha Gotcha|p1a: Garganacl|[spread] p1a,p1b\n|-damage|p1a: Garganacl|49\/100\n|-heal|p2b: Sinistcha|78\/100|[from] drain|[of] p1a: Garganacl\n|-damage|p1b: Cresselia|85\/100\n|-heal|p2b: Sinistcha|87\/100|[from] drain|[of] p1b: Cresselia\n|move|p1a: Garganacl|Salt Cure|p2a: Landorus\n|-damage|p2a: Landorus|93\/100\n|-start|p2a: Landorus|Salt Cure\n|\n|-heal|p1a: Garganacl|55\/100|[from] item: Leftovers\n|-damage|p2b: Sinistcha|63\/100|[from] Curse\n|-damage|p2a: Landorus|80\/100|[from] Salt Cure\n|-damage|p2b: Sinistcha|50\/100|[from] Salt Cure\n|upkeep\n|turn|30\n|inactive|Darkhyrid123 has 120 seconds left.\n|\n|t:|1699080141\n|switch|p2b: Snorlax|Snorlax, M|88\/100\n|-damage|p2b: Snorlax|63\/100|[from] Spikes\n|move|p1a: Garganacl|Protect|p1a: Garganacl\n|-singleturn|p1a: Garganacl|Protect\n|move|p1b: Cresselia|Ally Switch|p1b: Cresselia\n|swap|p1b: Cresselia|0|[from] move: Ally Switch\n|move|p2a: Landorus|U-turn|p1a: Cresselia\n|-supereffective|p1a: Cresselia\n|-damage|p1a: Cresselia|59\/100\n|\n|t:|1699080155\n|switch|p2a: Sinistcha|Sinistcha|50\/100|[from] U-turn\n|-damage|p2a: Sinistcha|25\/100|[from] Spikes\n|-heal|p2b: Snorlax|88\/100|[from] ability: Hospitality|[of] p2a: Sinistcha\n|\n|-heal|p1b: Garganacl|61\/100|[from] item: Leftovers\n|upkeep\n|turn|31\n|inactive|Darkhyrid123 has 120 seconds left.\n|\n|t:|1699080166\n|move|p2b: Snorlax|Protect|p2b: Snorlax\n|-singleturn|p2b: Snorlax|Protect\n|move|p1a: Cresselia|Lunar Blessing|p1a: Cresselia|[spread] p1a,p1b\n|-heal|p1a: Cresselia|84\/100\n|-heal|p1b: Garganacl|86\/100\n|move|p1b: Garganacl|Curse|p2b: Snorlax\n|-start|p2b: Snorlax|Curse|[of] p1b: Garganacl\n|-damage|p1b: Garganacl|36\/100\n|move|p2a: Sinistcha|Trick Room|p2a: Sinistcha\n|-fieldstart|move: Trick Room|[of] p2a: Sinistcha\n|\n|-heal|p1b: Garganacl|42\/100|[from] item: Leftovers\n|-damage|p2b: Snorlax|63\/100|[from] Curse\n|upkeep\n|turn|32\n|inactive|Darkhyrid123 has 120 seconds left.\n|inactive|Darkhyrid123 has 90 seconds left.\n|inactive|Darkhyrid123 has 60 seconds left.\n|c|\u2606UY QUE RICO PAPI|:)\n|inactive|Darkhyrid123 has 30 seconds left.\n|c|\u2606UY QUE RICO PAPI|30\n|c|\u2606UY QUE RICO PAPI|:)\n|inactive|Darkhyrid123 has 20 seconds left.\n|c|\u2606UY QUE RICO PAPI|20\n|c|\u2606UY QUE RICO PAPI|:)\n|inactive|Darkhyrid123 has 15 seconds left.\n|c|\u2606UY QUE RICO PAPI|15\n|c|\u2606UY QUE RICO PAPI|:)\n|inactive|Darkhyrid123 has 10 seconds left.\n|c|\u2606UY QUE RICO PAPI|10\n|c|\u2606UY QUE RICO PAPI|:)\n|inactive|Darkhyrid123 has 5 seconds left.\n|c|\u2606UY QUE RICO PAPI|5\n|c|\u2606UY QUE RICO PAPI|:)\n|-message|Darkhyrid123 lost due to inactivity.\n|\n|win|UY QUE RICO PAPI\n|raw|UY QUE RICO PAPI's rating: 1394 &rarr; <strong>1414<\/strong><br \/>(+20 for winning)\n|raw|Darkhyrid123's rating: 1395 &rarr; <strong>1375<\/strong><br \/>(-20 for losing)\n|c|\u2606UY QUE RICO PAPI|EZ NOOB\n|c|\u2606UY QUE RICO PAPI|:)\n","uploadtime":1699080314,"views":13,"p1id":"uyquericopapi","p2id":"darkhyrid123","formatid":"gen9doublesou","rating":1375,"private":0,"password":""}