{"id":"gen9doublesou-1980559929","p1":"DrBeak101","p2":"Sahira Alhazred","format":"[Gen 9] Doubles OU","log":"|j|\u2606DrBeak101\n|j|\u2606Sahira Alhazred\n|t:|1698797366\n|gametype|doubles\n|player|p1|DrBeak101|scientist-gen4|1413\n|player|p2|Sahira Alhazred|cynthia-masters|1687\n|teamsize|p1|6\n|teamsize|p2|6\n|gen|9\n|tier|[Gen 9] Doubles OU\n|rated|\n|rule|Species Clause: Limit one of each Pok\u00e9mon\n|rule|OHKO Clause: OHKO moves are banned\n|rule|Evasion Moves Clause: Evasion moves are banned\n|rule|Gravity Sleep Clause: The combination of sleep-inducing moves with imperfect accuracy and Gravity or Gigantamax Orbeetle are banned\n|rule|Endless Battle Clause: Forcing endless battles is banned\n|rule|HP Percentage Mod: HP is shown in percentages\n|clearpoke\n|poke|p1|Torkoal, F|\n|poke|p1|Scovillain, F|\n|poke|p1|Chi-Yu|\n|poke|p1|Ogerpon-Hearthflame, F|\n|poke|p1|Rillaboom, M|\n|poke|p1|Walking Wake|\n|poke|p2|Diancie|\n|poke|p2|Oranguru, M|\n|poke|p2|Iron Hands|\n|poke|p2|Torkoal, M|\n|poke|p2|Ursaluna, M|\n|poke|p2|Cresselia, F|\n|teampreview\n|\n|t:|1698797382\n|start\n|switch|p1a: Harambe|Rillaboom, M, shiny|100\/100\n|switch|p1b: Walking Wake|Walking Wake|100\/100\n|switch|p2a: Rose|Diancie|100\/100\n|switch|p2b: Yokozuna|Iron Hands|100\/100\n|-fieldstart|move: Grassy Terrain|[from] ability: Grassy Surge|[of] p1a: Harambe\n|turn|1\n|\n|t:|1698797401\n|move|p2a: Rose|Protect|p2a: Rose\n|-singleturn|p2a: Rose|Protect\n|move|p1a: Harambe|Grassy Glide|p2a: Rose\n|-activate|p2a: Rose|move: Protect\n|move|p1b: Walking Wake|Hydro Steam|p2a: Rose\n|-activate|p2a: Rose|move: Protect\n|move|p2b: Yokozuna|Close Combat|p1b: Walking Wake\n|-damage|p1b: Walking Wake|21\/100\n|-unboost|p2b: Yokozuna|def|1\n|-unboost|p2b: Yokozuna|spd|1\n|\n|-heal|p1b: Walking Wake|27\/100|[from] Grassy Terrain\n|upkeep\n|turn|2\n|\n|t:|1698797424\n|-terastallize|p2a: Rose|Grass\n|move|p1a: Harambe|Grassy Glide|p2a: Rose\n|-resisted|p2a: Rose\n|-damage|p2a: Rose|86\/100\n|move|p1b: Walking Wake|Flip Turn|p2b: Yokozuna\n|-damage|p2b: Yokozuna|85\/100\n|\n|t:|1698797429\n|-end|p1b: Walking Wake|Protosynthesis|[silent]\n|switch|p1b: Volcana|Torkoal, F, shiny|100\/100|[from] Flip Turn\n|-weather|SunnyDay|[from] ability: Drought|[of] p1b: Volcana\n|move|p2b: Yokozuna|Close Combat|p1b: Volcana\n|-damage|p1b: Volcana|58\/100\n|-unboost|p2b: Yokozuna|def|1\n|-unboost|p2b: Yokozuna|spd|1\n|move|p2a: Rose|Trick Room|p2a: Rose\n|-fieldstart|move: Trick Room|[of] p2a: Rose\n|\n|-weather|SunnyDay|[upkeep]\n|-heal|p1b: Volcana|64\/100|[from] Grassy Terrain\n|-heal|p2a: Rose|92\/100|[from] Grassy Terrain\n|-heal|p2b: Yokozuna|91\/100|[from] Grassy Terrain\n|upkeep\n|turn|3\n|\n|t:|1698797453\n|move|p2a: Rose|Protect|p2a: Rose\n|-singleturn|p2a: Rose|Protect\n|move|p1b: Volcana|Heat Wave|p2a: Rose|[spread] p2b\n|-activate|p2a: Rose|move: Protect\n|-damage|p2b: Yokozuna|54\/100\n|move|p2b: Yokozuna|Close Combat|p1b: Volcana\n|-damage|p1b: Volcana|22\/100\n|-unboost|p2b: Yokozuna|def|1\n|-unboost|p2b: Yokozuna|spd|1\n|move|p1a: Harambe|U-turn|p2a: Rose\n|-activate|p2a: Rose|move: Protect\n|\n|-weather|SunnyDay|[upkeep]\n|-heal|p1b: Volcana|28\/100|[from] Grassy Terrain\n|-heal|p2a: Rose|98\/100|[from] Grassy Terrain\n|-heal|p2b: Yokozuna|60\/100|[from] Grassy Terrain\n|upkeep\n|turn|4\n|\n|t:|1698797470\n|move|p1a: Harambe|Grassy Glide|p2b: Yokozuna\n|-damage|p2b: Yokozuna|0 fnt\n|faint|p2b: Yokozuna\n|-end|p2b: Yokozuna|Quark Drive|[silent]\n|move|p1b: Volcana|Heat Wave|p2a: Rose\n|-supereffective|p2a: Rose\n|-damage|p2a: Rose|34\/100\n|-enditem|p2a: Rose|Weakness Policy\n|-boost|p2a: Rose|atk|2|[from] item: Weakness Policy\n|-boost|p2a: Rose|spa|2|[from] item: Weakness Policy\n|move|p2a: Rose|Diamond Storm|p1a: Harambe|[spread] p1a,p1b\n|-supereffective|p1b: Volcana\n|-damage|p1a: Harambe|38\/100\n|-damage|p1b: Volcana|0 fnt\n|faint|p1b: Volcana\n|\n|-weather|SunnyDay|[upkeep]\n|-heal|p2a: Rose|41\/100|[from] Grassy Terrain\n|-heal|p1a: Harambe|44\/100|[from] Grassy Terrain\n|upkeep\n|\n|t:|1698797482\n|switch|p1b: Bella & Pepper|Scovillain, F, shiny|100\/100\n|switch|p2b: Vulcan|Torkoal, M, shiny|100\/100\n|turn|5\n|\n|t:|1698797499\n|move|p2b: Vulcan|Eruption|p1a: Harambe|[spread] p1a,p1b\n|-supereffective|p1a: Harambe\n|-damage|p1a: Harambe|0 fnt\n|-damage|p1b: Bella & Pepper|0 fnt\n|faint|p1a: Harambe\n|faint|p1b: Bella & Pepper\n|move|p2a: Rose|Diamond Storm|p1: Harambe|[notarget]\n|-fail|p2a: Rose\n|\n|-weather|SunnyDay|[upkeep]\n|-heal|p2a: Rose|47\/100|[from] Grassy Terrain\n|upkeep\n|\n|t:|1698797504\n|switch|p1a: Walking Wake|Walking Wake|27\/100\n|switch|p1b: Chi-Yu|Chi-Yu|100\/100\n|-activate|p1a: Walking Wake|ability: Protosynthesis\n|-start|p1a: Walking Wake|protosynthesisspa\n|-ability|p1b: Chi-Yu|Beads of Ruin\n|turn|6\n|\n|t:|1698797510\n|-terastallize|p1b: Chi-Yu|Water\n|move|p2b: Vulcan|Eruption|p1a: Walking Wake|[spread] p1a,p1b\n|-resisted|p1a: Walking Wake\n|-resisted|p1b: Chi-Yu\n|-damage|p1a: Walking Wake|4\/100\n|-damage|p1b: Chi-Yu|49\/100\n|move|p2a: Rose|Diamond Storm|p1a: Walking Wake|[spread] p1a,p1b\n|-damage|p1a: Walking Wake|0 fnt\n|-damage|p1b: Chi-Yu|0 fnt\n|-boost|p2a: Rose|def|2\n|faint|p1a: Walking Wake\n|-end|p1a: Walking Wake|Protosynthesis|[silent]\n|faint|p1b: Chi-Yu\n|\n|-weather|SunnyDay|[upkeep]\n|-heal|p2a: Rose|53\/100|[from] Grassy Terrain\n|-fieldend|move: Trick Room\n|upkeep\n|-message|DrBeak101 forfeited.\n|\n|win|Sahira Alhazred\n|raw|DrBeak101's rating: 1413 &rarr; <strong>1406<\/strong><br \/>(-7 for losing)\n|raw|Sahira Alhazred's rating: 1687 &rarr; <strong>1694<\/strong><br \/>(+7 for winning)\n|l|\u2606DrBeak101\n","uploadtime":1698797530,"views":16,"p1id":"drbeak101","p2id":"sahiraalhazred","formatid":"gen9doublesou","rating":1406,"private":0,"password":""}