{"id":"gen9doublesou-1971215584","p1":"elementalization","p2":"baneberrie","format":"[Gen 9] Doubles OU","log":"|j|\u2606elementalization\n|j|\u2606baneberrie\n|t:|1697720597\n|gametype|doubles\n|player|p1|elementalization|benga|1065\n|player|p2|baneberrie|acetrainerf|1027\n|teamsize|p1|5\n|teamsize|p2|6\n|gen|9\n|tier|[Gen 9] Doubles OU\n|rated|\n|rule|Species Clause: Limit one of each Pok\u00e9mon\n|rule|OHKO Clause: OHKO moves are banned\n|rule|Evasion Moves Clause: Evasion moves are banned\n|rule|Gravity Sleep Clause: The combination of sleep-inducing moves with imperfect accuracy and Gravity or Gigantamax Orbeetle are banned\n|rule|Endless Battle Clause: Forcing endless battles is banned\n|rule|HP Percentage Mod: HP is shown in percentages\n|clearpoke\n|poke|p1|Alomomola, M|\n|poke|p1|Bombirdier, M|\n|poke|p1|Cresselia, F|\n|poke|p1|Chi-Yu|\n|poke|p1|Regieleki|\n|poke|p2|Torkoal, M|\n|poke|p2|Leafeon, F|\n|poke|p2|Great Tusk|\n|poke|p2|Amoonguss, M|\n|poke|p2|Heatran, M|\n|poke|p2|Landorus-Therian, M|\n|teampreview\n|inactive|Battle timer is ON: inactive players will automatically lose when time's up. (requested by elementalization)\n|\n|t:|1697720605\n|start\n|switch|p1a: Chi-Yu|Chi-Yu|100\/100\n|switch|p1b: Cresselia|Cresselia, F, shiny|100\/100\n|switch|p2a: Torkoal|Torkoal, M|100\/100\n|switch|p2b: Great Tusk|Great Tusk|100\/100\n|-ability|p1a: Chi-Yu|Beads of Ruin\n|-weather|SunnyDay|[from] ability: Drought|[of] p2a: Torkoal\n|-activate|p2b: Great Tusk|ability: Protosynthesis\n|-start|p2b: Great Tusk|protosynthesisatk\n|turn|1\n|\n|t:|1697720621\n|move|p1b: Cresselia|Ally Switch|p1b: Cresselia\n|swap|p1b: Cresselia|0|[from] move: Ally Switch\n|move|p1b: Chi-Yu|Nasty Plot|p1b: Chi-Yu\n|-boost|p1b: Chi-Yu|spa|2\n|move|p2b: Great Tusk|Close Combat|p1a: Cresselia\n|-resisted|p1a: Cresselia\n|-damage|p1a: Cresselia|73\/100\n|-unboost|p2b: Great Tusk|def|1\n|-unboost|p2b: Great Tusk|spd|1\n|move|p2a: Torkoal|Stealth Rock|p1a: Cresselia\n|-sidestart|p1: elementalization|move: Stealth Rock\n|\n|-weather|SunnyDay|[upkeep]\n|-heal|p1a: Cresselia|79\/100|[from] item: Leftovers\n|upkeep\n|turn|2\n|inactive|elementalization has 120 seconds left.\n|inactive|baneberrie has 120 seconds left.\n|\n|t:|1697720665\n|switch|p2a: Heatran|Heatran, M|100\/100\n|-item|p2a: Heatran|Air Balloon\n|move|p1b: Chi-Yu|Heat Wave|p2a: Heatran|[spread] p2b\n|-start|p2a: Heatran|ability: Flash Fire\n|-damage|p2b: Great Tusk|0 fnt\n|faint|p2b: Great Tusk\n|-end|p2b: Great Tusk|Protosynthesis|[silent]\n|-damage|p1b: Chi-Yu|91\/100|[from] item: Life Orb\n|move|p1a: Cresselia|Icy Wind|p2a: Heatran\n|-resisted|p2a: Heatran\n|-damage|p2a: Heatran|98\/100\n|-unboost|p2a: Heatran|spe|1\n|-enditem|p2a: Heatran|Air Balloon\n|\n|-weather|SunnyDay|[upkeep]\n|-heal|p1a: Cresselia|85\/100|[from] item: Leftovers\n|upkeep\n|\n|t:|1697720682\n|switch|p2b: Landorus|Landorus-Therian, M|100\/100\n|-ability|p2b: Landorus|Intimidate|boost\n|-unboost|p1a: Cresselia|atk|1\n|-unboost|p1b: Chi-Yu|atk|1\n|turn|3\n|inactive|baneberrie has 120 seconds left.\n|\n|t:|1697720697\n|move|p1a: Cresselia|Helping Hand|p1b: Chi-Yu\n|-singleturn|p1b: Chi-Yu|Helping Hand|[of] p1a: Cresselia\n|move|p1b: Chi-Yu|Dark Pulse|p2a: Heatran\n|-damage|p2a: Heatran|0 fnt\n|faint|p2a: Heatran\n|-damage|p1b: Chi-Yu|81\/100|[from] item: Life Orb\n|move|p2b: Landorus|Brick Break|p1b: Chi-Yu\n|-supereffective|p1b: Chi-Yu\n|-crit|p1b: Chi-Yu\n|-damage|p1b: Chi-Yu|0 fnt\n|faint|p1b: Chi-Yu\n|\n|-weather|SunnyDay|[upkeep]\n|-heal|p1a: Cresselia|91\/100|[from] item: Leftovers\n|upkeep\n|\n|t:|1697720710\n|switch|p1b: Bombirdier|Bombirdier, M, shiny|100\/100\n|switch|p2a: Leafeon|Leafeon, F|100\/100\n|-damage|p1b: Bombirdier|76\/100|[from] Stealth Rock\n|turn|4\n|\n|t:|1697720724\n|-terastallize|p2a: Leafeon|Fire\n|move|p2a: Leafeon|X-Scissor|p1a: Cresselia\n|-supereffective|p1a: Cresselia\n|-damage|p1a: Cresselia|41\/100\n|-damage|p2a: Leafeon|91\/100|[from] item: Life Orb\n|move|p2b: Landorus|Brick Break|p1b: Bombirdier\n|-damage|p1b: Bombirdier|34\/100\n|move|p1b: Bombirdier|Rock Slide|p2a: Leafeon|[spread] p2a,p2b\n|-supereffective|p2a: Leafeon\n|-damage|p2a: Leafeon|40\/100\n|-damage|p2b: Landorus|70\/100\n|move|p1a: Cresselia|Icy Wind|p2a: Leafeon|[spread] p2a,p2b\n|-resisted|p2a: Leafeon\n|-supereffective|p2b: Landorus\n|-damage|p2a: Leafeon|33\/100\n|-damage|p2b: Landorus|28\/100\n|-unboost|p2a: Leafeon|spe|1\n|-unboost|p2b: Landorus|spe|1\n|\n|-weather|SunnyDay|[upkeep]\n|-heal|p1a: Cresselia|47\/100|[from] item: Leftovers\n|upkeep\n|turn|5\n|\n|t:|1697720750\n|switch|p2a: Amoonguss|Amoonguss, M|100\/100\n|move|p1a: Cresselia|Ally Switch|p1a: Cresselia\n|swap|p1a: Cresselia|1|[from] move: Ally Switch\n|move|p1a: Bombirdier|Rock Slide|p2a: Amoonguss|[spread] p2a,p2b\n|-damage|p2a: Amoonguss|78\/100\n|-damage|p2b: Landorus|0 fnt\n|faint|p2b: Landorus\n|\n|-weather|SunnyDay|[upkeep]\n|-heal|p1b: Cresselia|53\/100|[from] item: Leftovers\n|upkeep\n|\n|t:|1697720760\n|switch|p2b: Leafeon|Leafeon, F, tera:Fire|33\/100\n|turn|6\n|\n|t:|1697720780\n|-terastallize|p1a: Bombirdier|Rock\n|move|p1b: Cresselia|Ally Switch||[still]\n|-fail|p1b: Cresselia\n|move|p2a: Amoonguss|Rage Powder|p2a: Amoonguss\n|-singleturn|p2a: Amoonguss|move: Rage Powder\n|move|p2b: Leafeon|Tera Blast|p1a: Bombirdier|[anim] Tera Blast Fire\n|-resisted|p1a: Bombirdier\n|-damage|p1a: Bombirdier|0 fnt\n|faint|p1a: Bombirdier\n|-damage|p2b: Leafeon|23\/100|[from] item: Life Orb\n|\n|-weather|SunnyDay|[upkeep]\n|-heal|p1b: Cresselia|59\/100|[from] item: Leftovers\n|upkeep\n|\n|t:|1697720794\n|switch|p1a: Regieleki|Regieleki, shiny|100\/100\n|-damage|p1a: Regieleki|88\/100|[from] Stealth Rock\n|-item|p1a: Regieleki|Air Balloon\n|turn|7\n|\n|t:|1697720817\n|move|p1b: Cresselia|Helping Hand|p1a: Regieleki\n|-singleturn|p1a: Regieleki|Helping Hand|[of] p1b: Cresselia\n|move|p2b: Leafeon|Leaf Blade|p1a: Regieleki\n|-damage|p1a: Regieleki|0 fnt\n|-enditem|p1a: Regieleki|Air Balloon\n|faint|p1a: Regieleki\n|-damage|p2b: Leafeon|13\/100|[from] item: Life Orb\n|move|p2a: Amoonguss|Pollen Puff|p2b: Leafeon\n|-heal|p2b: Leafeon|63\/100\n|\n|-weather|SunnyDay|[upkeep]\n|-heal|p1b: Cresselia|65\/100|[from] item: Leftovers\n|upkeep\n|\n|t:|1697720830\n|switch|p1a: Alomomola|Alomomola, M, shiny|100\/100\n|-damage|p1a: Alomomola|88\/100|[from] Stealth Rock\n|turn|8\n|\n|t:|1697720848\n|move|p2a: Amoonguss|Rage Powder|p2a: Amoonguss\n|-singleturn|p2a: Amoonguss|move: Rage Powder\n|move|p2b: Leafeon|Leaf Blade|p1a: Alomomola\n|-supereffective|p1a: Alomomola\n|-damage|p1a: Alomomola|21\/100\n|-damage|p2b: Leafeon|53\/100|[from] item: Life Orb\n|move|p1b: Cresselia|Icy Wind|p2a: Amoonguss|[spread] p2a,p2b\n|-supereffective|p2a: Amoonguss\n|-resisted|p2b: Leafeon\n|-damage|p2a: Amoonguss|65\/100\n|-damage|p2b: Leafeon|46\/100\n|-unboost|p2a: Amoonguss|spe|1\n|-unboost|p2b: Leafeon|spe|1\n|move|p1a: Alomomola|Icy Wind|p2a: Amoonguss|[spread] p2a,p2b\n|-supereffective|p2a: Amoonguss\n|-resisted|p2b: Leafeon\n|-damage|p2a: Amoonguss|57\/100\n|-damage|p2b: Leafeon|43\/100\n|-unboost|p2a: Amoonguss|spe|1\n|-unboost|p2b: Leafeon|spe|1\n|\n|-weather|none\n|-heal|p1b: Cresselia|71\/100|[from] item: Leftovers\n|-heal|p1a: Alomomola|27\/100|[from] item: Leftovers\n|upkeep\n|turn|9\n|\n|t:|1697720871\n|switch|p2b: Torkoal|Torkoal, M|100\/100\n|-weather|SunnyDay|[from] ability: Drought|[of] p2b: Torkoal\n|move|p1a: Alomomola|Protect|p1a: Alomomola\n|-singleturn|p1a: Alomomola|Protect\n|move|p2a: Amoonguss|Protect|p2a: Amoonguss\n|-singleturn|p2a: Amoonguss|Protect\n|move|p1b: Cresselia|Lunar Blessing|p1b: Cresselia|[spread] p1a,p1b\n|-heal|p1a: Alomomola|52\/100\n|-heal|p1b: Cresselia|96\/100\n|\n|-weather|SunnyDay|[upkeep]\n|-heal|p1b: Cresselia|100\/100|[from] item: Leftovers\n|-heal|p1a: Alomomola|58\/100|[from] item: Leftovers\n|upkeep\n|turn|10\n|\n|t:|1697720895\n|move|p1b: Cresselia|Icy Wind|p2a: Amoonguss|[spread] p2a,p2b\n|-supereffective|p2a: Amoonguss\n|-crit|p2a: Amoonguss\n|-resisted|p2b: Torkoal\n|-damage|p2a: Amoonguss|39\/100\n|-damage|p2b: Torkoal|96\/100\n|-unboost|p2a: Amoonguss|spe|1\n|-unboost|p2b: Torkoal|spe|1\n|move|p1a: Alomomola|Icy Wind|p2a: Amoonguss|[spread] p2a,p2b\n|-supereffective|p2a: Amoonguss\n|-resisted|p2b: Torkoal\n|-damage|p2a: Amoonguss|31\/100\n|-damage|p2b: Torkoal|93\/100\n|-unboost|p2a: Amoonguss|spe|1\n|-unboost|p2b: Torkoal|spe|1\n|move|p2b: Torkoal|Heat Wave|p1b: Cresselia|[spread] p1a,p1b\n|-resisted|p1a: Alomomola\n|-damage|p1a: Alomomola|33\/100\n|-damage|p1b: Cresselia|75\/100\n|move|p2a: Amoonguss|Spore|p1b: Cresselia\n|-status|p1b: Cresselia|slp|[from] move: Spore\n|\n|-weather|SunnyDay|[upkeep]\n|-heal|p1b: Cresselia|81\/100 slp|[from] item: Leftovers\n|-heal|p1a: Alomomola|39\/100|[from] item: Leftovers\n|upkeep\n|turn|11\n|\n|t:|1697720912\n|switch|p2a: Leafeon|Leafeon, F, tera:Fire|43\/100\n|move|p1a: Alomomola|Wide Guard|p1a: Alomomola\n|-singleturn|p1a: Alomomola|Wide Guard\n|cant|p1b: Cresselia|slp\n|move|p2b: Torkoal|Heat Wave|p1a: Alomomola|[spread] \n|-activate|p1a: Alomomola|move: Wide Guard\n|-activate|p1b: Cresselia|move: Wide Guard\n|\n|-weather|SunnyDay|[upkeep]\n|-heal|p1b: Cresselia|87\/100 slp|[from] item: Leftovers\n|-heal|p1a: Alomomola|45\/100|[from] item: Leftovers\n|upkeep\n|turn|12\n|\n|t:|1697720931\n|switch|p2b: Amoonguss|Amoonguss, M|65\/100\n|move|p1a: Alomomola|Wide Guard|p1a: Alomomola\n|-singleturn|p1a: Alomomola|Wide Guard\n|move|p2a: Leafeon|Leaf Blade|p1a: Alomomola\n|-supereffective|p1a: Alomomola\n|-crit|p1a: Alomomola\n|-damage|p1a: Alomomola|0 fnt\n|faint|p1a: Alomomola\n|-damage|p2a: Leafeon|33\/100|[from] item: Life Orb\n|cant|p1b: Cresselia|slp\n|\n|-weather|SunnyDay|[upkeep]\n|-heal|p1b: Cresselia|93\/100 slp|[from] item: Leftovers\n|upkeep\n|turn|13\n|\n|t:|1697720948\n|move|p2a: Leafeon|X-Scissor|p1b: Cresselia\n|-supereffective|p1b: Cresselia\n|-damage|p1b: Cresselia|40\/100 slp\n|-damage|p2a: Leafeon|23\/100|[from] item: Life Orb\n|cant|p1b: Cresselia|slp\n|move|p2b: Amoonguss|Pollen Puff|p2a: Leafeon\n|-heal|p2a: Leafeon|72\/100\n|\n|-weather|SunnyDay|[upkeep]\n|-heal|p1b: Cresselia|46\/100 slp|[from] item: Leftovers\n|upkeep\n|turn|14\n|\n|t:|1697720978\n|move|p2a: Leafeon|X-Scissor|p1b: Cresselia\n|-supereffective|p1b: Cresselia\n|-damage|p1b: Cresselia|0 fnt\n|faint|p1b: Cresselia\n|-damage|p2a: Leafeon|62\/100|[from] item: Life Orb\n|\n|win|baneberrie\n|raw|elementalization's rating: 1065 &rarr; <strong>1043<\/strong><br \/>(-22 for losing)\n|raw|baneberrie's rating: 1027 &rarr; <strong>1067<\/strong><br \/>(+40 for winning)\n|l|\u2606elementalization\n","uploadtime":1697721016,"views":13,"p1id":"elementalization","p2id":"baneberrie","formatid":"gen9doublesou","rating":1043,"private":0,"password":""}