{"id":"gen9doublesou-1972542254","p1":"RogueLax","p2":"originable","format":"[Gen 9] Doubles OU","log":"|j|\u2606RogueLax\n|j|\u2606originable\n|t:|1697854925\n|gametype|doubles\n|player|p1|RogueLax|266|1304\n|player|p2|originable|169|1363\n|teamsize|p1|6\n|teamsize|p2|6\n|gen|9\n|tier|[Gen 9] Doubles OU\n|rated|\n|rule|Species Clause: Limit one of each Pok\u00e9mon\n|rule|OHKO Clause: OHKO moves are banned\n|rule|Evasion Moves Clause: Evasion moves are banned\n|rule|Gravity Sleep Clause: The combination of sleep-inducing moves with imperfect accuracy and Gravity or Gigantamax Orbeetle are banned\n|rule|Endless Battle Clause: Forcing endless battles is banned\n|rule|HP Percentage Mod: HP is shown in percentages\n|clearpoke\n|poke|p1|Iron Hands|\n|poke|p1|Slowking-Galar, F|\n|poke|p1|Ogerpon-Wellspring, F|\n|poke|p1|Tornadus, M|\n|poke|p1|Gholdengo|\n|poke|p1|Braviary-Hisui, M|\n|poke|p2|Fezandipiti, M|\n|poke|p2|Pelipper, F|\n|poke|p2|Manaphy|\n|poke|p2|Volcanion|\n|poke|p2|Landorus-Therian, M|\n|poke|p2|Farigiraf, F|\n|teampreview\n|inactive|Battle timer is ON: inactive players will automatically lose when time's up. (requested by originable)\n|\n|t:|1697854952\n|start\n|switch|p1a: Tornadus|Tornadus, M, shiny|100\/100\n|switch|p1b: Ogerpon|Ogerpon-Wellspring, F|100\/100\n|switch|p2a: Fezandipiti|Fezandipiti, M|100\/100\n|switch|p2b: Landorus|Landorus-Therian, M|100\/100\n|-ability|p2b: Landorus|Intimidate|boost\n|-unboost|p1a: Tornadus|atk|1\n|-unboost|p1b: Ogerpon|atk|1\n|turn|1\n|\n|t:|1697854980\n|switch|p2b: Farigiraf|Farigiraf, F|100\/100\n|move|p1a: Tornadus|Tailwind|p1a: Tornadus\n|-sidestart|p1: RogueLax|move: Tailwind\n|move|p1b: Ogerpon|Ivy Cudgel|p2b: Farigiraf\n|-damage|p2b: Farigiraf|61\/100\n|move|p2a: Fezandipiti|Taunt|p1a: Tornadus\n|-start|p1a: Tornadus|move: Taunt\n|\n|-heal|p2b: Farigiraf|67\/100|[from] item: Leftovers\n|upkeep\n|turn|2\n|\n|t:|1697855004\n|switch|p1b: Gholdengo|Gholdengo|100\/100\n|move|p1a: Tornadus|Dark Pulse|p2b: Farigiraf\n|-supereffective|p2b: Farigiraf\n|-damage|p2b: Farigiraf|29\/100\n|move|p2a: Fezandipiti|Dazzling Gleam|p1a: Tornadus|[spread] p1a,p1b\n|-resisted|p1b: Gholdengo\n|-damage|p1a: Tornadus|78\/100\n|-damage|p1b: Gholdengo|93\/100\n|cant|p2b: Farigiraf|flinch\n|\n|-heal|p2b: Farigiraf|35\/100|[from] item: Leftovers\n|upkeep\n|turn|3\n|\n|t:|1697855020\n|switch|p2a: Pelipper|Pelipper, F|100\/100\n|-weather|RainDance|[from] ability: Drizzle|[of] p2a: Pelipper\n|switch|p2b: Landorus|Landorus-Therian, M|100\/100\n|-ability|p2b: Landorus|Intimidate|boost\n|-unboost|p1a: Tornadus|atk|1\n|-unboost|p1b: Gholdengo|atk|1\n|move|p1a: Tornadus|Dark Pulse|p2b: Landorus\n|-damage|p2b: Landorus|64\/100\n|move|p1b: Gholdengo|Make It Rain|p2b: Landorus|[spread] p2a,p2b\n|-resisted|p2a: Pelipper\n|-damage|p2a: Pelipper|48\/100\n|-damage|p2b: Landorus|0 fnt\n|-unboost|p1b: Gholdengo|spa|1\n|faint|p2b: Landorus\n|\n|-weather|RainDance|[upkeep]\n|upkeep\n|\n|t:|1697855039\n|switch|p2b: Volcanion|Volcanion|100\/100\n|turn|4\n|\n|t:|1697855050\n|switch|p1b: Ogerpon|Ogerpon-Wellspring, F|100\/100\n|move|p1a: Tornadus|Bleakwind Storm|p2b: Volcanion|[spread] p2a,p2b\n|-damage|p2a: Pelipper|0 fnt\n|-damage|p2b: Volcanion|54\/100\n|-unboost|p2b: Volcanion|spe|1\n|faint|p2a: Pelipper\n|move|p2b: Volcanion|Steam Eruption|p1a: Tornadus\n|-crit|p1a: Tornadus\n|-damage|p1a: Tornadus|0 fnt\n|faint|p1a: Tornadus\n|\n|-weather|RainDance|[upkeep]\n|-heal|p2b: Volcanion|60\/100|[from] item: Leftovers\n|-sideend|p1: RogueLax|move: Tailwind\n|upkeep\n|\n|t:|1697855070\n|switch|p1a: Gholdengo|Gholdengo|93\/100\n|switch|p2a: Fezandipiti|Fezandipiti, M|100\/100\n|turn|5\n|\n|t:|1697855085\n|-terastallize|p1b: Ogerpon|Water\n|detailschange|p1b: Ogerpon|Ogerpon-Wellspring-Tera, F, tera:Water\n|-ability|p1b: Ogerpon|Embody Aspect (Wellspring)|boost\n|-boost|p1b: Ogerpon|spd|1\n|move|p1b: Ogerpon|Ivy Cudgel|p2a: Fezandipiti\n|-damage|p2a: Fezandipiti|0 fnt\n|faint|p2a: Fezandipiti\n|move|p1a: Gholdengo|Thunderbolt|p2b: Volcanion\n|-supereffective|p2b: Volcanion\n|-damage|p2b: Volcanion|0 fnt\n|faint|p2b: Volcanion\n|\n|-weather|RainDance|[upkeep]\n|upkeep\n|\n|t:|1697855095\n|switch|p2a: Manaphy|Manaphy|100\/100\n|switch|p2b: Farigiraf|Farigiraf, F|35\/100\n|turn|6\n|\n|t:|1697855106\n|-terastallize|p2a: Manaphy|Grass\n|move|p1b: Ogerpon|Ivy Cudgel|p2b: Farigiraf\n|-damage|p2b: Farigiraf|0 fnt\n|faint|p2b: Farigiraf\n|move|p2a: Manaphy|Energy Ball|p1b: Ogerpon\n|-supereffective|p1b: Ogerpon\n|-damage|p1b: Ogerpon|31\/100\n|move|p1a: Gholdengo|Thunderbolt|p2a: Manaphy\n|-resisted|p2a: Manaphy\n|-damage|p2a: Manaphy|79\/100\n|\n|-weather|RainDance|[upkeep]\n|-heal|p2a: Manaphy|86\/100|[from] item: Leftovers\n|upkeep\n|turn|7\n|\n|t:|1697855120\n|move|p1b: Ogerpon|Spiky Shield|p1b: Ogerpon\n|-singleturn|p1b: Ogerpon|move: Protect\n|move|p2a: Manaphy|Energy Ball|p1b: Ogerpon\n|-activate|p1b: Ogerpon|move: Protect\n|move|p1a: Gholdengo|Thunderbolt|p2a: Manaphy\n|-resisted|p2a: Manaphy\n|-damage|p2a: Manaphy|64\/100\n|\n|-weather|RainDance|[upkeep]\n|-heal|p2a: Manaphy|70\/100|[from] item: Leftovers\n|upkeep\n|turn|8\n|-message|originable forfeited.\n|\n|win|RogueLax\n|raw|RogueLax's rating: 1304 &rarr; <strong>1327<\/strong><br \/>(+23 for winning)\n|raw|originable's rating: 1363 &rarr; <strong>1340<\/strong><br \/>(-23 for losing)\n|l|\u2606originable\n","uploadtime":1697855142,"views":24,"p1id":"roguelax","p2id":"originable","formatid":"gen9doublesou","rating":1327,"private":0,"password":""}