{"id":"gen9doublesou-1971049544","p1":"marc9528","p2":"Abowlofmagnemites","format":"[Gen 9] Doubles OU","log":"|j|\u2606marc9528\n|j|\u2606Abowlofmagnemites\n|t:|1697698549\n|gametype|doubles\n|player|p1|marc9528|2|1032\n|player|p2|Abowlofmagnemites|caitlin|1061\n|teamsize|p1|6\n|teamsize|p2|6\n|gen|9\n|tier|[Gen 9] Doubles OU\n|rated|\n|rule|Species Clause: Limit one of each Pok\u00e9mon\n|rule|OHKO Clause: OHKO moves are banned\n|rule|Evasion Moves Clause: Evasion moves are banned\n|rule|Gravity Sleep Clause: The combination of sleep-inducing moves with imperfect accuracy and Gravity or Gigantamax Orbeetle are banned\n|rule|Endless Battle Clause: Forcing endless battles is banned\n|rule|HP Percentage Mod: HP is shown in percentages\n|clearpoke\n|poke|p1|Slowking-Galar, F|\n|poke|p1|Milotic, M|\n|poke|p1|Muk-Alola, F|\n|poke|p1|Weezing-Galar, M|\n|poke|p1|Dragapult, M|\n|poke|p1|Bombirdier, M|\n|poke|p2|Iron Valiant|\n|poke|p2|Armarouge, F|\n|poke|p2|Indeedee-F, F|\n|poke|p2|Ogerpon-Wellspring, F|\n|poke|p2|Zoroark-Hisui, M|\n|poke|p2|Vikavolt, F|\n|teampreview\n|\n|t:|1697698562\n|start\n|switch|p1a: Slowking|Slowking-Galar, F|100\/100\n|switch|p1b: Milotic|Milotic, M|100\/100\n|switch|p2a: Indeedee|Indeedee-F, F|100\/100\n|switch|p2b: Armarouge|Armarouge, F|100\/100\n|-fieldstart|move: Psychic Terrain|[from] ability: Psychic Surge|[of] p2a: Indeedee\n|turn|1\n|\n|t:|1697698568\n|move|p2a: Indeedee|Imprison|p2a: Indeedee\n|-start|p2a: Indeedee|move: Imprison\n|move|p1b: Milotic|Scald|p2b: Armarouge\n|-supereffective|p2b: Armarouge\n|-damage|p2b: Armarouge|15\/100\n|move|p2b: Armarouge|Expanding Force|p1a: Slowking|[spread] p1a,p1b\n|-damage|p1a: Slowking|52\/100\n|-damage|p1b: Milotic|49\/100\n|move|p1a: Slowking|Snarl|p2b: Armarouge|[spread] p2a,p2b\n|-supereffective|p2a: Indeedee\n|-supereffective|p2b: Armarouge\n|-damage|p2a: Indeedee|74\/100\n|-damage|p2b: Armarouge|0 fnt\n|-unboost|p2a: Indeedee|spa|1\n|faint|p2b: Armarouge\n|\n|-heal|p1b: Milotic|55\/100|[from] item: Leftovers\n|-heal|p1a: Slowking|58\/100|[from] item: Black Sludge\n|upkeep\n|\n|t:|1697698583\n|switch|p2b: Ogerpon|Ogerpon-Wellspring, F|100\/100\n|turn|2\n|\n|t:|1697698601\n|move|p2b: Ogerpon|Dark Pulse|p1a: Slowking\n|-supereffective|p1a: Slowking\n|-damage|p1a: Slowking|19\/100\n|move|p2a: Indeedee|Dazzling Gleam|p1a: Slowking|[spread] p1a,p1b\n|-resisted|p1a: Slowking\n|-damage|p1a: Slowking|15\/100\n|-damage|p1b: Milotic|45\/100\n|move|p1b: Milotic|Icy Wind|p2a: Indeedee|[spread] p2a,p2b\n|-damage|p2a: Indeedee|59\/100\n|-damage|p2b: Ogerpon|76\/100\n|-unboost|p2a: Indeedee|spe|1\n|-unboost|p2b: Ogerpon|spe|1\n|replace|p2b: Zoroark|Zoroark-Hisui, M\n|-end|p2b: Zoroark|Illusion\n|move|p1a: Slowking|Sludge Bomb|p2b: Zoroark\n|-resisted|p2b: Zoroark\n|-damage|p2b: Zoroark|39\/100\n|-status|p2b: Zoroark|psn\n|\n|-heal|p1b: Milotic|51\/100|[from] item: Leftovers\n|-heal|p1a: Slowking|21\/100|[from] item: Black Sludge\n|-damage|p2b: Zoroark|26\/100 psn|[from] psn\n|upkeep\n|turn|3\n|\n|t:|1697698634\n|move|p2b: Zoroark|Bitter Malice|p1a: Slowking\n|-supereffective|p1a: Slowking\n|-damage|p1a: Slowking|0 fnt\n|faint|p1a: Slowking\n|move|p1b: Milotic|Scald|p2a: Indeedee\n|-damage|p2a: Indeedee|14\/100\n|move|p2a: Indeedee|Dazzling Gleam|p1b: Milotic\n|-damage|p1b: Milotic|36\/100\n|\n|-heal|p1b: Milotic|42\/100|[from] item: Leftovers\n|-damage|p2b: Zoroark|14\/100 psn|[from] psn\n|upkeep\n|\n|t:|1697698646\n|switch|p1a: Dragapult|Dragapult, M|100\/100\n|turn|4\n|\n|t:|1697698654\n|move|p1a: Dragapult|Dragon Darts|p2b: Zoroark\n|-damage|p2b: Zoroark|0 fnt\n|-anim|p1a: Dragapult|Dragon Darts|p2a: Indeedee\n|-damage|p2a: Indeedee|0 fnt\n|faint|p2b: Zoroark\n|faint|p2a: Indeedee\n|move|p1b: Milotic|Icy Wind|p2: Indeedee|[notarget]\n|-fail|p1b: Milotic\n|\n|-heal|p1b: Milotic|49\/100|[from] item: Leftovers\n|upkeep\n|\n|t:|1697698660\n|switch|p2b: Iron Valiant|Iron Valiant|100\/100\n|switch|p2a: Vikavolt|Vikavolt, F|100\/100\n|-enditem|p2b: Iron Valiant|Booster Energy\n|-activate|p2b: Iron Valiant|ability: Quark Drive|[fromitem]\n|-start|p2b: Iron Valiant|quarkdrivespe\n|turn|5\n|\n|t:|1697698683\n|move|p2b: Iron Valiant|Spirit Break|p1a: Dragapult\n|-supereffective|p1a: Dragapult\n|-damage|p1a: Dragapult|18\/100\n|move|p1a: Dragapult|Phantom Force||[still]\n|-prepare|p1a: Dragapult|Phantom Force\n|move|p1b: Milotic|Scald|p2b: Iron Valiant\n|-damage|p2b: Iron Valiant|36\/100\n|-status|p2b: Iron Valiant|brn\n|move|p2a: Vikavolt|Thunder|p1b: Milotic\n|-supereffective|p1b: Milotic\n|-damage|p1b: Milotic|0 fnt\n|faint|p1b: Milotic\n|\n|-damage|p2b: Iron Valiant|30\/100 brn|[from] brn\n|upkeep\n|\n|t:|1697698689\n|switch|p1b: Weezing|Weezing-Galar, M|100\/100\n|turn|6\n|\n|t:|1697698705\n|move|p2b: Iron Valiant|Psycho Cut|p1b: Weezing\n|-supereffective|p1b: Weezing\n|-crit|p1b: Weezing\n|-damage|p1b: Weezing|53\/100\n|move|p1a: Dragapult|Phantom Force|p2b: Iron Valiant|[from]lockedmove\n|-damage|p2b: Iron Valiant|0 fnt\n|faint|p2b: Iron Valiant\n|-end|p2b: Iron Valiant|Quark Drive|[silent]\n|move|p1b: Weezing|Dazzling Gleam|p2a: Vikavolt\n|-damage|p2a: Vikavolt|66\/100\n|move|p2a: Vikavolt|Sticky Web|p1a: Dragapult\n|-sidestart|p1: marc9528|move: Sticky Web\n|\n|upkeep\n|\n|t:|1697698711\n|switch|p2b: Ogerpon|Ogerpon-Wellspring, F|100\/100\n|turn|7\n|\n|t:|1697698736\n|-terastallize|p2b: Ogerpon|Water\n|detailschange|p2b: Ogerpon|Ogerpon-Wellspring-Tera, F, tera:Water\n|-ability|p2b: Ogerpon|Embody Aspect (Wellspring)|boost\n|-boost|p2b: Ogerpon|spd|1\n|move|p1a: Dragapult|Acrobatics|p2b: Ogerpon\n|-damage|p2b: Ogerpon|53\/100\n|move|p2b: Ogerpon|Ivy Cudgel|p1b: Weezing\n|-damage|p1b: Weezing|0 fnt\n|faint|p1b: Weezing\n|move|p2a: Vikavolt|Bug Buzz|p1a: Dragapult\n|-resisted|p1a: Dragapult\n|-damage|p1a: Dragapult|0 fnt\n|faint|p1a: Dragapult\n|\n|upkeep\n|\n|t:|1697698745\n|switch|p1a: Bombirdier|Bombirdier, M|100\/100\n|switch|p1b: Muk|Muk-Alola, F|100\/100\n|-activate|p1b: Muk|move: Sticky Web\n|-unboost|p1b: Muk|spe|1\n|turn|8\n|\n|t:|1697698753\n|move|p2b: Ogerpon|Spiky Shield|p2b: Ogerpon\n|-singleturn|p2b: Ogerpon|move: Protect\n|move|p1a: Bombirdier|Rock Slide|p2b: Ogerpon|[spread] \n|-activate|p2b: Ogerpon|move: Protect\n|-miss|p1a: Bombirdier|p2a: Vikavolt\n|move|p2a: Vikavolt|Thunder|p1a: Bombirdier\n|-supereffective|p1a: Bombirdier\n|-damage|p1a: Bombirdier|0 fnt\n|faint|p1a: Bombirdier\n|move|p1b: Muk|Poison Jab|p2b: Ogerpon\n|-activate|p2b: Ogerpon|move: Protect\n|-damage|p1b: Muk|88\/100|[from] Spiky Shield|[of] p2b: Ogerpon\n|\n|-heal|p1b: Muk|94\/100|[from] item: Black Sludge\n|-fieldend|move: Psychic Terrain\n|upkeep\n|turn|9\n|\n|t:|1697698775\n|move|p2b: Ogerpon|Brick Break|p1b: Muk\n|-damage|p1b: Muk|67\/100\n|move|p2a: Vikavolt|Air Slash|p1b: Muk\n|-damage|p1b: Muk|39\/100\n|move|p1b: Muk|Poison Jab|p2b: Ogerpon\n|-damage|p2b: Ogerpon|1\/100\n|-status|p2b: Ogerpon|psn\n|\n|-heal|p1b: Muk|45\/100|[from] item: Black Sludge\n|-damage|p2b: Ogerpon|0 fnt|[from] psn\n|faint|p2b: Ogerpon\n|upkeep\n|turn|10\n|\n|t:|1697698784\n|move|p2a: Vikavolt|Thunder|p1b: Muk\n|-damage|p1b: Muk|0 fnt\n|faint|p1b: Muk\n|\n|win|Abowlofmagnemites\n|raw|marc9528's rating: 1020 &rarr; <strong>1009<\/strong><br \/>(-11 for losing)\n|raw|Abowlofmagnemites's rating: 1061 &rarr; <strong>1088<\/strong><br \/>(+27 for winning)\n","uploadtime":1697698788,"views":21,"p1id":"marc9528","p2id":"abowlofmagnemites","formatid":"gen9doublesou","rating":1009,"private":0,"password":""}