{"id":"gen9doublesou-1987118386","p1":"OsfameronTanamoril","p2":"jiovan_987","format":"[Gen 9] Doubles OU","log":"|j|\u2606OsfameronTanamoril\n|j|\u2606jiovan_987\n|t:|1699557558\n|gametype|doubles\n|player|p1|OsfameronTanamoril|acetrainerf|1077\n|player|p2|jiovan_987|shadowtriad|1154\n|teamsize|p1|6\n|teamsize|p2|6\n|gen|9\n|tier|[Gen 9] Doubles OU\n|rated|\n|rule|Species Clause: Limit one of each Pok\u00e9mon\n|rule|OHKO Clause: OHKO moves are banned\n|rule|Evasion Moves Clause: Evasion moves are banned\n|rule|Gravity Sleep Clause: The combination of sleep-inducing moves with imperfect accuracy and Gravity or Gigantamax Orbeetle are banned\n|rule|Endless Battle Clause: Forcing endless battles is banned\n|rule|HP Percentage Mod: HP is shown in percentages\n|clearpoke\n|poke|p1|Cramorant, M|\n|poke|p1|Clodsire, F|\n|poke|p1|Maushold-Four|\n|poke|p1|Houndoom, F|\n|poke|p1|Gliscor, F|\n|poke|p1|Altaria, M|\n|poke|p2|Kommo-o, M|\n|poke|p2|Flutter Mane|\n|poke|p2|Sneasler, M|\n|poke|p2|Sinistcha-Masterpiece|\n|poke|p2|Garganacl, F|\n|poke|p2|Ogerpon-Wellspring, F|\n|teampreview\n|inactive|Battle timer is ON: inactive players will automatically lose when time's up. (requested by OsfameronTanamoril)\n|\n|t:|1699557578\n|start\n|switch|p1a: Altaria|Altaria, M|100\/100\n|switch|p1b: Maushold|Maushold-Four|100\/100\n|switch|p2a: Kommo-o|Kommo-o, M, shiny|100\/100\n|switch|p2b: Flutter Mane|Flutter Mane|100\/100\n|-ability|p1a: Altaria|Cloud Nine\n|turn|1\n|inactive|OsfameronTanamoril has 120 seconds left.\n|\n|t:|1699557621\n|-terastallize|p1a: Altaria|Fairy\n|move|p2b: Flutter Mane|Dazzling Gleam|p1a: Altaria|[spread] p1a,p1b\n|-damage|p1a: Altaria|58\/100\n|-damage|p1b: Maushold|38\/100\n|move|p1b: Maushold|Taunt|p2a: Kommo-o\n|-start|p2a: Kommo-o|move: Taunt\n|move|p1a: Altaria|Dragon Dance|p1a: Altaria\n|-boost|p1a: Altaria|atk|1\n|-boost|p1a: Altaria|spe|1\n|move|p2a: Kommo-o|Clanging Scales|p1a: Altaria|[spread] p1b\n|-immune|p1a: Altaria\n|-damage|p1b: Maushold|0 fnt\n|faint|p1b: Maushold\n|-unboost|p2a: Kommo-o|def|1\n|-enditem|p2a: Kommo-o|Throat Spray\n|-boost|p2a: Kommo-o|spa|1|[from] item: Throat Spray\n|\n|upkeep\n|\n|t:|1699557642\n|switch|p1b: Gliscor|Gliscor, F|100\/100\n|turn|2\n|\n|t:|1699557656\n|-end|p2b: Flutter Mane|Protosynthesis|[silent]\n|switch|p2b: Sneasler|Sneasler, M, shiny|100\/100\n|-terastallize|p2a: Kommo-o|Fairy\n|move|p1a: Altaria|Dazzling Gleam|p2a: Kommo-o|[spread] p2a,p2b\n|-damage|p2a: Kommo-o|85\/100\n|-damage|p2b: Sneasler|79\/100\n|move|p1b: Gliscor|Stone Edge|p2b: Sneasler\n|-resisted|p2b: Sneasler\n|-damage|p2b: Sneasler|56\/100\n|move|p2a: Kommo-o|Aura Sphere|p1b: Gliscor\n|-resisted|p1b: Gliscor\n|-damage|p1b: Gliscor|57\/100\n|\n|-status|p1b: Gliscor|tox|[from] item: Toxic Orb\n|upkeep\n|turn|3\n|inactive|OsfameronTanamoril has 120 seconds left.\n|\n|t:|1699557678\n|move|p1a: Altaria|Dual Wingbeat|p2b: Sneasler\n|-supereffective|p2b: Sneasler\n|-damage|p2b: Sneasler|0 fnt\n|faint|p2b: Sneasler\n|-hitcount|p2: Sneasler|1\n|move|p1b: Gliscor|Fling|p2a: Kommo-o\n|-resisted|p2a: Kommo-o\n|-damage|p2a: Kommo-o|80\/100\n|-status|p2a: Kommo-o|tox\n|-enditem|p1b: Gliscor|Toxic Orb|[from] move: Fling\n|move|p2a: Kommo-o|Aura Sphere|p1b: Gliscor\n|-resisted|p1b: Gliscor\n|-damage|p1b: Gliscor|14\/100 tox\n|\n|-heal|p1b: Gliscor|26\/100 tox|[from] ability: Poison Heal\n|-damage|p2a: Kommo-o|74\/100 tox|[from] psn\n|-end|p2a: Kommo-o|move: Taunt\n|upkeep\n|\n|t:|1699557698\n|switch|p2b: Sinistcha|Sinistcha-Masterpiece, shiny|100\/100\n|-heal|p2a: Kommo-o|99\/100 tox|[from] ability: Hospitality|[of] p2b: Sinistcha\n|turn|4\n|\n|t:|1699557713\n|switch|p2b: Flutter Mane|Flutter Mane|100\/100\n|move|p1a: Altaria|Dual Wingbeat|p2b: Flutter Mane\n|-damage|p2b: Flutter Mane|49\/100\n|-damage|p2b: Flutter Mane|1\/100\n|-hitcount|p2b: Flutter Mane|2\n|move|p1b: Gliscor|Acrobatics|p2a: Kommo-o\n|-damage|p2a: Kommo-o|39\/100 tox\n|move|p2a: Kommo-o|Clangorous Soul|p2a: Kommo-o\n|-boost|p2a: Kommo-o|atk|1\n|-boost|p2a: Kommo-o|def|1\n|-boost|p2a: Kommo-o|spa|1\n|-boost|p2a: Kommo-o|spd|1\n|-boost|p2a: Kommo-o|spe|1\n|-damage|p2a: Kommo-o|6\/100 tox\n|\n|-heal|p1b: Gliscor|39\/100 tox|[from] ability: Poison Heal\n|-damage|p2a: Kommo-o|0 fnt|[from] psn\n|faint|p2a: Kommo-o\n|upkeep\n|\n|t:|1699557733\n|switch|p2a: Sinistcha|Sinistcha-Masterpiece, shiny|100\/100\n|-heal|p2b: Flutter Mane|26\/100|[from] ability: Hospitality|[of] p2a: Sinistcha\n|turn|5\n|\n|t:|1699557746\n|move|p1a: Altaria|Dazzling Gleam|p2a: Sinistcha|[spread] p2a,p2b\n|-damage|p2a: Sinistcha|81\/100\n|-damage|p2b: Flutter Mane|8\/100\n|move|p2b: Flutter Mane|Shadow Ball|p1a: Altaria\n|-damage|p1a: Altaria|0 fnt\n|faint|p1a: Altaria\n|move|p1b: Gliscor|Acrobatics|p2a: Sinistcha\n|-supereffective|p2a: Sinistcha\n|-damage|p2a: Sinistcha|0 fnt\n|faint|p2a: Sinistcha\n|\n|-heal|p1b: Gliscor|51\/100 tox|[from] ability: Poison Heal\n|upkeep\n|\n|t:|1699557760\n|switch|p1a: Houndoom|Houndoom, F|100\/100\n|switch|p2a: Ogerpon|Ogerpon-Wellspring, F|100\/100\n|turn|6\n|\n|t:|1699557774\n|move|p2b: Flutter Mane|Shadow Ball|p1b: Gliscor\n|-damage|p1b: Gliscor|0 fnt\n|faint|p1b: Gliscor\n|move|p2a: Ogerpon|Ivy Cudgel|p1a: Houndoom\n|-supereffective|p1a: Houndoom\n|-damage|p1a: Houndoom|0 fnt\n|faint|p1a: Houndoom\n|\n|upkeep\n|\n|t:|1699557782\n|switch|p1a: Clodsire|Clodsire, F|100\/100\n|switch|p1b: Cramorant|Cramorant, M|100\/100\n|turn|7\n|\n|t:|1699557793\n|move|p2b: Flutter Mane|Shadow Ball|p1b: Cramorant\n|-damage|p1b: Cramorant|4\/100\n|-unboost|p1b: Cramorant|spd|1\n|move|p2a: Ogerpon|Ivy Cudgel|p1a: Clodsire\n|-immune|p1a: Clodsire|[from] ability: Water Absorb\n|move|p1b: Cramorant|Surf|p2a: Ogerpon|[spread] p2b\n|-immune|p1a: Clodsire|[from] ability: Water Absorb\n|-immune|p2a: Ogerpon|[from] ability: Water Absorb\n|-formechange|p1b: Cramorant|Cramorant-Gorging|\n|-damage|p2b: Flutter Mane|0 fnt\n|faint|p2b: Flutter Mane\n|-end|p2b: Flutter Mane|Protosynthesis|[silent]\n|move|p1a: Clodsire|Poison Jab|p2a: Ogerpon\n|-supereffective|p2a: Ogerpon\n|-damage|p2a: Ogerpon|23\/100\n|-status|p2a: Ogerpon|psn\n|\n|-damage|p2a: Ogerpon|10\/100 psn|[from] psn\n|upkeep\n|\n|t:|1699557801\n|switch|p2b: Garganacl|Garganacl, F|100\/100\n|turn|8\n|\n|t:|1699557825\n|move|p2a: Ogerpon|Spiky Shield|p2a: Ogerpon\n|-singleturn|p2a: Ogerpon|move: Protect\n|move|p1b: Cramorant|Air Slash|p2a: Ogerpon\n|-activate|p2a: Ogerpon|move: Protect\n|move|p2b: Garganacl|Hammer Arm|p1a: Clodsire\n|-resisted|p1a: Clodsire\n|-damage|p1a: Clodsire|83\/100\n|-unboost|p2b: Garganacl|spe|1\n|move|p1a: Clodsire|Earthquake|p2b: Garganacl|[spread] p2b\n|-activate|p2a: Ogerpon|move: Protect\n|-immune|p1b: Cramorant\n|-supereffective|p2b: Garganacl\n|-damage|p2b: Garganacl|58\/100\n|\n|-heal|p1a: Clodsire|90\/100|[from] item: Black Sludge\n|-heal|p2b: Garganacl|65\/100|[from] item: Leftovers\n|-damage|p2a: Ogerpon|0 fnt|[from] psn\n|faint|p2a: Ogerpon\n|upkeep\n|turn|9\n|\n|t:|1699557845\n|move|p1b: Cramorant|Surf|p2b: Garganacl|[spread] p2b\n|-heal|p1a: Clodsire|100\/100|[from] ability: Water Absorb|[of] p1b: Cramorant\n|-supereffective|p2b: Garganacl\n|-damage|p2b: Garganacl|18\/100\n|move|p1a: Clodsire|Earthquake|p2b: Garganacl|[spread] p2b\n|-immune|p1b: Cramorant\n|-supereffective|p2b: Garganacl\n|-damage|p2b: Garganacl|0 fnt\n|faint|p2b: Garganacl\n|\n|win|OsfameronTanamoril\n|raw|OsfameronTanamoril's rating: 1077 &rarr; <strong>1112<\/strong><br \/>(+35 for winning)\n|raw|jiovan_987's rating: 1154 &rarr; <strong>1124<\/strong><br \/>(-30 for losing)\n|l|\u2606jiovan_987\n|c|\u2606OsfameronTanamoril|gg\n","uploadtime":1699557965,"views":12,"p1id":"osfamerontanamoril","p2id":"jiovan987","formatid":"gen9doublesou","rating":1112,"private":0,"password":""}