{"id":"gen9doublesou-1977288147","p1":"Star6_D2","p2":"MiseryCloudNoah","format":"[Gen 9] Doubles OU","log":"|j|\u2606Star6_D2\n|j|\u2606MiseryCloudNoah\n|t:|1698399856\n|gametype|doubles\n|player|p1|Star6_D2|102|1035\n|player|p2|MiseryCloudNoah|169|1071\n|teamsize|p1|6\n|teamsize|p2|6\n|gen|9\n|tier|[Gen 9] Doubles OU\n|rated|\n|rule|Species Clause: Limit one of each Pok\u00e9mon\n|rule|OHKO Clause: OHKO moves are banned\n|rule|Evasion Moves Clause: Evasion moves are banned\n|rule|Gravity Sleep Clause: The combination of sleep-inducing moves with imperfect accuracy and Gravity or Gigantamax Orbeetle are banned\n|rule|Endless Battle Clause: Forcing endless battles is banned\n|rule|HP Percentage Mod: HP is shown in percentages\n|clearpoke\n|poke|p1|Volcarona, F|\n|poke|p1|Oricorio-Sensu, M|\n|poke|p1|Lilligant-Hisui, F|\n|poke|p1|Chi-Yu|\n|poke|p1|Glimmora, F|\n|poke|p1|Gliscor, M|\n|poke|p2|Garchomp, F|\n|poke|p2|Dragapult, F|\n|poke|p2|Ceruledge, M|\n|poke|p2|Sableye, M|\n|poke|p2|Maushold-Four|\n|poke|p2|Kommo-o, M|\n|teampreview\n|inactive|Battle timer is ON: inactive players will automatically lose when time's up. (requested by Star6_D2)\n|\n|t:|1698399873\n|start\n|switch|p1a: Glimmora|Glimmora, F, shiny|100\/100\n|switch|p1b: Gliscor|Gliscor, M, shiny|100\/100\n|switch|p2a: Gem-ma|Sableye, M|100\/100\n|switch|p2b: Momma|Garchomp, F, shiny|100\/100\n|-item|p1a: Glimmora|Air Balloon\n|turn|1\n|\n|t:|1698399896\n|move|p2a: Gem-ma|Reflect|p2a: Gem-ma\n|-sidestart|p2: MiseryCloudNoah|Reflect\n|move|p1b: Gliscor|Earthquake|p2b: Momma|[spread] p2a,p2b\n|-immune|p1a: Glimmora\n|-damage|p2a: Gem-ma|71\/100\n|-damage|p2b: Momma|85\/100\n|move|p1a: Glimmora|Toxic Spikes|p2b: Momma\n|-sidestart|p2: MiseryCloudNoah|move: Toxic Spikes\n|move|p2b: Momma|Spikes|p1a: Glimmora\n|-sidestart|p1: Star6_D2|Spikes\n|\n|-status|p1b: Gliscor|tox|[from] item: Toxic Orb\n|upkeep\n|turn|2\n|\n|t:|1698399916\n|move|p2a: Gem-ma|Light Screen|p2a: Gem-ma\n|-sidestart|p2: MiseryCloudNoah|move: Light Screen\n|move|p1b: Gliscor|Fling|p2b: Momma\n|-damage|p2b: Momma|81\/100\n|-status|p2b: Momma|tox\n|-enditem|p1b: Gliscor|Toxic Orb|[from] move: Fling\n|move|p1a: Glimmora|Toxic Spikes|p2a: Gem-ma\n|-sidestart|p2: MiseryCloudNoah|move: Toxic Spikes\n|move|p2b: Momma|Dragon Tail|p1b: Gliscor|[miss]\n|-miss|p2b: Momma|p1b: Gliscor\n|\n|-damage|p2b: Momma|75\/100 tox|[from] psn\n|upkeep\n|turn|3\n|inactive|MiseryCloudNoah has 120 seconds left.\n|\n|t:|1698399952\n|move|p2a: Gem-ma|Encore|p1b: Gliscor\n|-start|p1b: Gliscor|Encore\n|move|p1b: Gliscor|Fling||[still]\n|-fail|p1b: Gliscor\n|move|p1a: Glimmora|Toxic|p2a: Gem-ma\n|-status|p2a: Gem-ma|tox\n|move|p2b: Momma|Spikes|p1b: Gliscor\n|-sidestart|p1: Star6_D2|Spikes\n|\n|-damage|p2b: Momma|62\/100 tox|[from] psn\n|-damage|p2a: Gem-ma|65\/100 tox|[from] psn\n|upkeep\n|turn|4\n|inactive|MiseryCloudNoah has 120 seconds left.\n|\n|t:|1698399990\n|switch|p1b: Volcarona|Volcarona, F, shiny|100\/100\n|switch|p1a: Oricorio|Oricorio-Sensu, M, shiny|100\/100\n|move|p2a: Gem-ma|Disable||[still]\n|-fail|p2a: Gem-ma\n|move|p2b: Momma|Dragon Tail|p1b: Volcarona\n|-damage|p1b: Volcarona|72\/100\n|drag|p1b: Chi-Yu|Chi-Yu|100\/100\n|-damage|p1b: Chi-Yu|84\/100|[from] Spikes\n|-ability|p1b: Chi-Yu|Beads of Ruin\n|\n|-damage|p2b: Momma|44\/100 tox|[from] psn\n|-damage|p2a: Gem-ma|52\/100 tox|[from] psn\n|upkeep\n|turn|5\n|inactive|MiseryCloudNoah has 120 seconds left.\n|\n|t:|1698400023\n|switch|p1b: Volcarona|Volcarona, F, shiny|72\/100\n|switch|p2a: Denji|Ceruledge, M, shiny|100\/100\n|-status|p2a: Denji|tox\n|move|p1a: Oricorio|Icy Wind|p2a: Denji|[spread] p2a,p2b\n|-resisted|p2a: Denji\n|-supereffective|p2b: Momma\n|-damage|p2a: Denji|97\/100 tox\n|-damage|p2b: Momma|20\/100 tox\n|-unboost|p2a: Denji|spe|1\n|-unboost|p2b: Momma|spe|1\n|move|p2b: Momma|Spikes|p1a: Oricorio\n|-sidestart|p1: Star6_D2|Spikes\n|\n|-heal|p2a: Denji|100\/100 tox|[from] item: Leftovers\n|-damage|p2b: Momma|0 fnt|[from] psn\n|faint|p2b: Momma\n|-damage|p2a: Denji|94\/100 tox|[from] psn\n|upkeep\n|\n|t:|1698400040\n|switch|p2b: Nissan240SX|Dragapult, F, shiny|100\/100\n|-status|p2b: Nissan240SX|tox\n|turn|6\n|\n|t:|1698400059\n|-terastallize|p2b: Nissan240SX|Normal\n|move|p2b: Nissan240SX|Hyper Beam|p1a: Oricorio\n|-immune|p1a: Oricorio\n|move|p1b: Volcarona|Quiver Dance|p1b: Volcarona\n|-boost|p1b: Volcarona|spa|1\n|-boost|p1b: Volcarona|spd|1\n|-boost|p1b: Volcarona|spe|1\n|-activate|p1a: Oricorio|ability: Dancer\n|move|p1a: Oricorio|Quiver Dance|p1a: Oricorio|[from]ability: Dancer\n|-boost|p1a: Oricorio|spa|1\n|-boost|p1a: Oricorio|spd|1\n|-boost|p1a: Oricorio|spe|1\n|move|p1a: Oricorio|Icy Wind|p2b: Nissan240SX|[spread] p2a,p2b\n|-resisted|p2a: Denji\n|-damage|p2a: Denji|89\/100 tox\n|-damage|p2b: Nissan240SX|85\/100 tox\n|-unboost|p2a: Denji|spe|1\n|-unboost|p2b: Nissan240SX|spe|1\n|move|p2a: Denji|Bulk Up|p2a: Denji\n|-boost|p2a: Denji|atk|1\n|-boost|p2a: Denji|def|1\n|\n|-heal|p2a: Denji|95\/100 tox|[from] item: Leftovers\n|-damage|p2b: Nissan240SX|79\/100 tox|[from] psn\n|-damage|p2a: Denji|83\/100 tox|[from] psn\n|upkeep\n|turn|7\n|inactive|MiseryCloudNoah has 120 seconds left.\n|\n|t:|1698400096\n|move|p1b: Volcarona|Fiery Dance|p2b: Nissan240SX\n|-damage|p2b: Nissan240SX|33\/100 tox\n|-activate|p1a: Oricorio|ability: Dancer\n|move|p1a: Oricorio|Fiery Dance|p2b: Nissan240SX|[from]ability: Dancer\n|-damage|p2b: Nissan240SX|0 fnt\n|-boost|p1a: Oricorio|spa|1\n|faint|p2b: Nissan240SX\n|move|p1a: Oricorio|Icy Wind|p2a: Denji\n|-resisted|p2a: Denji\n|-damage|p2a: Denji|75\/100 tox\n|-unboost|p2a: Denji|spe|1\n|move|p2a: Denji|Bitter Blade|p1a: Oricorio\n|-enditem|p1a: Oricorio|Focus Sash\n|-damage|p1a: Oricorio|1\/100\n|-heal|p2a: Denji|100\/100 tox|[from] drain|[of] p1a: Oricorio\n|\n|-damage|p2a: Denji|82\/100 tox|[from] psn\n|upkeep\n|inactive|MiseryCloudNoah has 90 seconds left.\n|\n|t:|1698400119\n|switch|p2b: Jacob|Kommo-o, M|100\/100\n|-status|p2b: Jacob|tox\n|turn|8\n|inactive|MiseryCloudNoah has 90 seconds left.\n|\n|t:|1698400142\n|move|p2a: Denji|Shadow Sneak|p1a: Oricorio\n|-supereffective|p1a: Oricorio\n|-damage|p1a: Oricorio|0 fnt\n|faint|p1a: Oricorio\n|move|p1b: Volcarona|Fiery Dance|p2b: Jacob\n|-resisted|p2b: Jacob\n|-damage|p2b: Jacob|83\/100 tox\n|-boost|p1b: Volcarona|spa|1\n|move|p2b: Jacob|Boomburst|p1b: Volcarona|[spread] p1b\n|-immune|p2a: Denji\n|-damage|p1b: Volcarona|53\/100\n|-enditem|p2b: Jacob|Throat Spray\n|-boost|p2b: Jacob|spa|1|[from] item: Throat Spray\n|\n|-heal|p2a: Denji|88\/100 tox|[from] item: Leftovers\n|-damage|p2b: Jacob|77\/100 tox|[from] psn\n|-damage|p2a: Denji|63\/100 tox|[from] psn\n|-sideend|p2: MiseryCloudNoah|Reflect\n|upkeep\n|\n|t:|1698400157\n|switch|p1a: Lilligant|Lilligant-Hisui, F, shiny|100\/100\n|-damage|p1a: Lilligant|76\/100|[from] Spikes\n|turn|9\n|\n|t:|1698400181\n|move|p1b: Volcarona|Psychic|p2b: Jacob\n|-supereffective|p2b: Jacob\n|-damage|p2b: Jacob|4\/100 tox\n|move|p1a: Lilligant|Teeter Dance|p2b: Jacob|[spread] p1b,p2a,p2b\n|-start|p1b: Volcarona|confusion\n|-start|p2a: Denji|confusion\n|-start|p2b: Jacob|confusion\n|-activate|p2b: Jacob|confusion\n|-damage|p2b: Jacob|0 fnt|[from] confusion\n|faint|p2b: Jacob\n|-activate|p2a: Denji|confusion\n|move|p2a: Denji|Bitter Blade|p1b: Volcarona\n|-crit|p1b: Volcarona\n|-damage|p1b: Volcarona|0 fnt\n|-heal|p2a: Denji|86\/100 tox|[from] drain|[of] p1b: Volcarona\n|faint|p1b: Volcarona\n|\n|-heal|p2a: Denji|93\/100 tox|[from] item: Leftovers\n|-damage|p2a: Denji|61\/100 tox|[from] psn\n|-sideend|p2: MiseryCloudNoah|move: Light Screen\n|upkeep\n|inactive|MiseryCloudNoah has 90 seconds left.\n|\n|t:|1698400221\n|switch|p1b: Gliscor|Gliscor, M, shiny|100\/100 tox\n|switch|p2b: Gem-ma|Sableye, M|52\/100 tox\n|turn|10\n|inactive|MiseryCloudNoah has 90 seconds left.\n|\n|t:|1698400242\n|move|p2b: Gem-ma|Reflect|p2b: Gem-ma\n|-sidestart|p2: MiseryCloudNoah|Reflect\n|move|p1a: Lilligant|Petal Blizzard|p2b: Gem-ma|[spread] p1b,p2a,p2b\n|-crit|p1b: Gliscor\n|-resisted|p2a: Denji\n|-damage|p1b: Gliscor|38\/100 tox\n|-damage|p2a: Denji|51\/100 tox\n|-damage|p2b: Gem-ma|8\/100 tox\n|move|p1b: Gliscor|Crabhammer|p2a: Denji\n|-supereffective|p2a: Denji\n|-damage|p2a: Denji|23\/100 tox\n|-end|p2a: Denji|confusion\n|move|p2a: Denji|Bitter Blade|p1b: Gliscor\n|-damage|p1b: Gliscor|0 fnt\n|-heal|p2a: Denji|38\/100 tox|[from] drain|[of] p1b: Gliscor\n|faint|p1b: Gliscor\n|\n|-heal|p2a: Denji|45\/100 tox|[from] item: Leftovers\n|-damage|p2b: Gem-ma|2\/100 tox|[from] psn\n|-damage|p2a: Denji|7\/100 tox|[from] psn\n|upkeep\n|\n|t:|1698400259\n|switch|p1b: Chi-Yu|Chi-Yu|84\/100\n|-damage|p1b: Chi-Yu|59\/100|[from] Spikes\n|-ability|p1b: Chi-Yu|Beads of Ruin\n|turn|11\n|\n|t:|1698400275\n|move|p2b: Gem-ma|Light Screen|p2b: Gem-ma\n|-sidestart|p2: MiseryCloudNoah|move: Light Screen\n|move|p1a: Lilligant|Victory Dance|p1a: Lilligant\n|-boost|p1a: Lilligant|atk|1\n|-boost|p1a: Lilligant|def|1\n|-boost|p1a: Lilligant|spe|1\n|move|p1b: Chi-Yu|Heat Wave|p2a: Denji|[spread] p2b\n|-start|p2a: Denji|ability: Flash Fire\n|-damage|p2b: Gem-ma|0 fnt\n|faint|p2b: Gem-ma\n|-damage|p1b: Chi-Yu|50\/100|[from] item: Life Orb\n|move|p2a: Denji|Bitter Blade|p1a: Lilligant\n|-supereffective|p1a: Lilligant\n|-damage|p1a: Lilligant|0 fnt\n|-heal|p2a: Denji|37\/100 tox|[from] drain|[of] p1a: Lilligant\n|faint|p1a: Lilligant\n|\n|-heal|p2a: Denji|43\/100 tox|[from] item: Leftovers\n|-damage|p2a: Denji|0 fnt|[from] psn\n|faint|p2a: Denji\n|upkeep\n|inactive|MiseryCloudNoah has 120 seconds left.\n|\n|t:|1698400302\n|switch|p1a: Glimmora|Glimmora, F, shiny|100\/100\n|switch|p2b: 2 MAX|Maushold-Four, shiny|100\/100\n|-status|p2b: 2 MAX|tox\n|-item|p1a: Glimmora|Air Balloon\n|turn|12\n|inactive|MiseryCloudNoah has 120 seconds left.\n|\n|t:|1698400323\n|move|p2b: 2 MAX|Population Bomb|p1b: Chi-Yu\n|-damage|p1b: Chi-Yu|33\/100\n|-damage|p1b: Chi-Yu|16\/100\n|-damage|p1b: Chi-Yu|0 fnt\n|faint|p1b: Chi-Yu\n|-hitcount|p1: Chi-Yu|3\n|move|p1a: Glimmora|Energy Ball|p2b: 2 MAX\n|-damage|p2b: 2 MAX|67\/100 tox\n|\n|-damage|p2b: 2 MAX|61\/100 tox|[from] psn\n|upkeep\n|turn|13\n|\n|t:|1698400335\n|move|p2b: 2 MAX|Population Bomb|p1a: Glimmora\n|-resisted|p1a: Glimmora\n|-damage|p1a: Glimmora|94\/100\n|-enditem|p1a: Glimmora|Air Balloon\n|-resisted|p1a: Glimmora\n|-damage|p1a: Glimmora|86\/100\n|-resisted|p1a: Glimmora\n|-damage|p1a: Glimmora|80\/100\n|-resisted|p1a: Glimmora\n|-damage|p1a: Glimmora|73\/100\n|-resisted|p1a: Glimmora\n|-damage|p1a: Glimmora|66\/100\n|-resisted|p1a: Glimmora\n|-damage|p1a: Glimmora|60\/100\n|-resisted|p1a: Glimmora\n|-damage|p1a: Glimmora|54\/100\n|-resisted|p1a: Glimmora\n|-damage|p1a: Glimmora|46\/100\n|-resisted|p1a: Glimmora\n|-damage|p1a: Glimmora|40\/100\n|-resisted|p1a: Glimmora\n|-damage|p1a: Glimmora|34\/100\n|-hitcount|p1a: Glimmora|10\n|move|p1a: Glimmora|Sludge Wave|p2b: 2 MAX\n|-damage|p2b: 2 MAX|14\/100 tox\n|\n|-damage|p2b: 2 MAX|1\/100 tox|[from] psn\n|upkeep\n|turn|14\n|\n|t:|1698400358\n|move|p2b: 2 MAX|Population Bomb|p1a: Glimmora\n|-resisted|p1a: Glimmora\n|-damage|p1a: Glimmora|27\/100\n|-resisted|p1a: Glimmora\n|-damage|p1a: Glimmora|20\/100\n|-resisted|p1a: Glimmora\n|-damage|p1a: Glimmora|14\/100\n|-resisted|p1a: Glimmora\n|-damage|p1a: Glimmora|6\/100\n|-resisted|p1a: Glimmora\n|-damage|p1a: Glimmora|0 fnt\n|faint|p1a: Glimmora\n|-hitcount|p1: Glimmora|5\n|\n|win|MiseryCloudNoah\n|raw|Star6_D2's rating: 1035 &rarr; <strong>1021<\/strong><br \/>(-14 for losing)\n|raw|MiseryCloudNoah's rating: 1071 &rarr; <strong>1097<\/strong><br \/>(+26 for winning)\n|c|\u2606Star6_D2|GG\n|l|\u2606Star6_D2\n","uploadtime":1698400378,"views":18,"p1id":"star6d2","p2id":"miserycloudnoah","formatid":"gen9doublesou","rating":1021,"private":0,"password":""}