{"id":"gen9doublesou-1988580995","p1":"InsrtNameHere","p2":"GMundim","format":"[Gen 9] Doubles OU","log":"|j|\u2606InsrtNameHere\n|j|\u2606GMundim\n|t:|1699738433\n|gametype|doubles\n|player|p1|InsrtNameHere|burglar|1235\n|player|p2|GMundim|emmet|1217\n|teamsize|p1|6\n|teamsize|p2|6\n|gen|9\n|tier|[Gen 9] Doubles OU\n|rated|\n|rule|Species Clause: Limit one of each Pok\u00e9mon\n|rule|OHKO Clause: OHKO moves are banned\n|rule|Evasion Moves Clause: Evasion moves are banned\n|rule|Gravity Sleep Clause: The combination of sleep-inducing moves with imperfect accuracy and Gravity or Gigantamax Orbeetle are banned\n|rule|Endless Battle Clause: Forcing endless battles is banned\n|rule|HP Percentage Mod: HP is shown in percentages\n|clearpoke\n|poke|p1|Baxcalibur, M|\n|poke|p1|Torkoal, M|\n|poke|p1|Walking Wake|\n|poke|p1|Amoonguss, F|\n|poke|p1|Rillaboom, M|\n|poke|p1|Heatran, M|\n|poke|p2|Landorus-Therian, M|\n|poke|p2|Dragonite, M|\n|poke|p2|Mudsdale, M|\n|poke|p2|Murkrow, M|\n|poke|p2|Rotom-Heat|\n|poke|p2|Cresselia, F|\n|teampreview\n|c|\u2606GMundim|hi\n|inactive|Battle timer is ON: inactive players will automatically lose when time's up. (requested by GMundim)\n|\n|t:|1699738456\n|start\n|switch|p1a: Amoonguss|Amoonguss, F|100\/100\n|switch|p1b: Rillaboom|Rillaboom, M|100\/100\n|switch|p2a: Landorus|Landorus-Therian, M|100\/100\n|switch|p2b: Rotom|Rotom-Heat|100\/100\n|-ability|p2a: Landorus|Intimidate|boost\n|-unboost|p1a: Amoonguss|atk|1\n|-unboost|p1b: Rillaboom|atk|1\n|-fieldstart|move: Grassy Terrain|[from] ability: Grassy Surge|[of] p1b: Rillaboom\n|turn|1\n|\n|t:|1699738478\n|move|p1b: Rillaboom|Fake Out|p2b: Rotom\n|-damage|p2b: Rotom|90\/100\n|move|p2a: Landorus|Stealth Rock|p1b: Rillaboom\n|-sidestart|p1: InsrtNameHere|move: Stealth Rock\n|cant|p2b: Rotom|flinch\n|move|p1a: Amoonguss|Spore|p2a: Landorus\n|-status|p2a: Landorus|slp|[from] move: Spore\n|\n|upkeep\n|turn|2\n|\n|t:|1699738503\n|switch|p1a: Heatran|Heatran, M|100\/100\n|-damage|p1a: Heatran|88\/100|[from] Stealth Rock\n|cant|p2a: Landorus|slp\n|move|p2b: Rotom|Will-O-Wisp|p1a: Heatran\n|-start|p1a: Heatran|ability: Flash Fire\n|move|p1b: Rillaboom|U-turn|p2a: Landorus\n|-resisted|p2a: Landorus\n|-damage|p2a: Landorus|90\/100 slp\n|-damage|p1b: Rillaboom|84\/100|[from] item: Rocky Helmet|[of] p2a: Landorus\n|inactive|InsrtNameHere has 120 seconds left.\n|\n|t:|1699738516\n|switch|p1b: Walking Wake|Walking Wake|100\/100|[from] U-turn\n|-damage|p1b: Walking Wake|88\/100|[from] Stealth Rock\n|\n|-heal|p1b: Walking Wake|94\/100|[from] Grassy Terrain\n|-heal|p1a: Heatran|94\/100|[from] Grassy Terrain\n|-heal|p1a: Heatran|100\/100|[from] item: Leftovers\n|upkeep\n|turn|3\n|\n|t:|1699738535\n|move|p1b: Walking Wake|Hydro Steam|p2b: Rotom\n|-supereffective|p2b: Rotom\n|-damage|p2b: Rotom|0 fnt\n|faint|p2b: Rotom\n|cant|p2a: Landorus|slp\n|move|p1a: Heatran|Heat Wave|p2a: Landorus\n|-damage|p2a: Landorus|3\/100 slp\n|\n|-heal|p1b: Walking Wake|100\/100|[from] Grassy Terrain\n|upkeep\n|\n|t:|1699738545\n|switch|p2b: Mudsdale|Mudsdale, M|100\/100\n|turn|4\n|\n|t:|1699738555\n|move|p1a: Heatran|Protect|p1a: Heatran\n|-singleturn|p1a: Heatran|Protect\n|move|p1b: Walking Wake|Hydro Steam|p2b: Mudsdale\n|-supereffective|p2b: Mudsdale\n|-damage|p2b: Mudsdale|0 fnt\n|faint|p2b: Mudsdale\n|cant|p2a: Landorus|slp\n|\n|upkeep\n|\n|t:|1699738572\n|switch|p2b: Dragonite|Dragonite, M|100\/100\n|turn|5\n|\n|t:|1699738579\n|-terastallize|p2b: Dragonite|Normal\n|move|p1b: Walking Wake|Hydro Steam|p2a: Landorus\n|-supereffective|p2a: Landorus\n|-damage|p2a: Landorus|0 fnt\n|faint|p2a: Landorus\n|move|p2b: Dragonite|Dragon Dance|p2b: Dragonite\n|-boost|p2b: Dragonite|atk|1\n|-boost|p2b: Dragonite|spe|1\n|move|p1a: Heatran|Heat Wave|p2b: Dragonite|[miss]\n|-miss|p1a: Heatran|p2b: Dragonite\n|\n|-fieldend|move: Grassy Terrain\n|upkeep\n|\n|t:|1699738592\n|switch|p2a: Murkrow|Murkrow, M|100\/100\n|turn|6\n|\n|t:|1699738601\n|move|p2a: Murkrow|Tailwind|p2a: Murkrow\n|-sidestart|p2: GMundim|move: Tailwind\n|move|p2b: Dragonite|Earthquake|p1b: Walking Wake|[spread] p1a,p1b\n|-immune|p2a: Murkrow\n|-supereffective|p1a: Heatran\n|-crit|p1a: Heatran\n|-damage|p1a: Heatran|0 fnt\n|-damage|p1b: Walking Wake|50\/100\n|faint|p1a: Heatran\n|move|p1b: Walking Wake|Hydro Steam|p2b: Dragonite\n|-damage|p2b: Dragonite|69\/100\n|\n|upkeep\n|\n|t:|1699738618\n|switch|p1a: Amoonguss|Amoonguss, F|100\/100\n|-damage|p1a: Amoonguss|88\/100|[from] Stealth Rock\n|turn|7\n|\n|t:|1699738635\n|move|p2a: Murkrow|Taunt|p1a: Amoonguss\n|-start|p1a: Amoonguss|move: Taunt\n|move|p2b: Dragonite|Ice Spinner|p1a: Amoonguss\n|-supereffective|p1a: Amoonguss\n|-damage|p1a: Amoonguss|0 fnt\n|faint|p1a: Amoonguss\n|move|p1b: Walking Wake|Hydro Steam|p2b: Dragonite\n|-damage|p2b: Dragonite|5\/100\n|\n|upkeep\n|\n|t:|1699738646\n|switch|p1a: Rillaboom|Rillaboom, M|84\/100\n|-damage|p1a: Rillaboom|72\/100|[from] Stealth Rock\n|-fieldstart|move: Grassy Terrain|[from] ability: Grassy Surge|[of] p1a: Rillaboom\n|turn|8\n|\n|t:|1699738660\n|move|p1a: Rillaboom|Fake Out|p2b: Dragonite\n|-damage|p2b: Dragonite|0 fnt\n|faint|p2b: Dragonite\n|move|p2a: Murkrow|Taunt|p1a: Rillaboom\n|-start|p1a: Rillaboom|move: Taunt\n|move|p1b: Walking Wake|Hydro Steam|p2a: Murkrow\n|-damage|p2a: Murkrow|31\/100\n|\n|-heal|p1b: Walking Wake|56\/100|[from] Grassy Terrain\n|-heal|p1a: Rillaboom|78\/100|[from] Grassy Terrain\n|upkeep\n|\n|t:|1699738668\n|switch|p2b: Cresselia|Cresselia, F, shiny|100\/100\n|turn|9\n|\n|t:|1699738679\n|move|p2a: Murkrow|Snarl|p1b: Walking Wake|[spread] p1a,p1b\n|-damage|p1a: Rillaboom|67\/100\n|-damage|p1b: Walking Wake|40\/100\n|-unboost|p1a: Rillaboom|spa|1\n|-unboost|p1b: Walking Wake|spa|1\n|move|p2b: Cresselia|Icy Wind|p1a: Rillaboom|[spread] p1a,p1b\n|-supereffective|p1a: Rillaboom\n|-damage|p1a: Rillaboom|56\/100\n|-damage|p1b: Walking Wake|31\/100\n|-unboost|p1a: Rillaboom|spe|1\n|-unboost|p1b: Walking Wake|spe|1\n|move|p1b: Walking Wake|Hydro Steam|p2a: Murkrow\n|-damage|p2a: Murkrow|0 fnt\n|faint|p2a: Murkrow\n|move|p1a: Rillaboom|Knock Off|p2b: Cresselia\n|-supereffective|p2b: Cresselia\n|-damage|p2b: Cresselia|63\/100\n|-enditem|p2b: Cresselia|Covert Cloak|[from] move: Knock Off|[of] p1a: Rillaboom\n|\n|-heal|p1b: Walking Wake|38\/100|[from] Grassy Terrain\n|-heal|p1a: Rillaboom|63\/100|[from] Grassy Terrain\n|-sideend|p2: GMundim|move: Tailwind\n|upkeep\n|turn|10\n|c|\u2606GMundim|gg\n|\n|t:|1699738707\n|-end|p1b: Walking Wake|Protosynthesis|[silent]\n|switch|p1b: Baxcalibur|Baxcalibur, M|100\/100\n|-damage|p1b: Baxcalibur|76\/100|[from] Stealth Rock\n|move|p2b: Cresselia|Icy Wind|p1a: Rillaboom|[spread] p1a,p1b\n|-supereffective|p1a: Rillaboom\n|-damage|p1a: Rillaboom|51\/100\n|-damage|p1b: Baxcalibur|67\/100\n|-unboost|p1a: Rillaboom|spe|1\n|-unboost|p1b: Baxcalibur|spe|1\n|move|p1a: Rillaboom|U-turn|p2b: Cresselia\n|-supereffective|p2b: Cresselia\n|-damage|p2b: Cresselia|36\/100\n|inactive|InsrtNameHere has 120 seconds left.\n|\n|t:|1699738718\n|switch|p1a: Torkoal|Torkoal, M|100\/100|[from] U-turn\n|-damage|p1a: Torkoal|76\/100|[from] Stealth Rock\n|-weather|SunnyDay|[from] ability: Drought|[of] p1a: Torkoal\n|\n|-weather|SunnyDay|[upkeep]\n|-heal|p1b: Baxcalibur|73\/100|[from] Grassy Terrain\n|-heal|p1a: Torkoal|82\/100|[from] Grassy Terrain\n|upkeep\n|turn|11\n|\n|t:|1699738730\n|-terastallize|p1b: Baxcalibur|Fire\n|move|p2b: Cresselia|Lunar Blessing|p2b: Cresselia\n|-heal|p2b: Cresselia|61\/100\n|move|p1b: Baxcalibur|Dragon Dance|p1b: Baxcalibur\n|-boost|p1b: Baxcalibur|atk|1\n|-boost|p1b: Baxcalibur|spe|1\n|move|p1a: Torkoal|Lava Plume|p2b: Cresselia|[spread] p1b,p2b\n|-resisted|p1b: Baxcalibur\n|-damage|p1b: Baxcalibur|59\/100\n|-damage|p2b: Cresselia|44\/100\n|-ability|p1b: Baxcalibur|Thermal Exchange|boost\n|-boost|p1b: Baxcalibur|atk|1\n|\n|-weather|SunnyDay|[upkeep]\n|-heal|p1b: Baxcalibur|65\/100|[from] Grassy Terrain\n|-heal|p1a: Torkoal|88\/100|[from] Grassy Terrain\n|upkeep\n|turn|12\n|\n|t:|1699738749\n|move|p1a: Torkoal|Helping Hand|p1b: Baxcalibur\n|-singleturn|p1b: Baxcalibur|Helping Hand|[of] p1a: Torkoal\n|move|p1b: Baxcalibur|Icicle Spear|p2b: Cresselia\n|-damage|p2b: Cresselia|22\/100\n|-damage|p2b: Cresselia|0 fnt\n|faint|p2b: Cresselia\n|-hitcount|p2: Cresselia|2\n|\n|win|InsrtNameHere\n|raw|InsrtNameHere's rating: 1235 &rarr; <strong>1259<\/strong><br \/>(+24 for winning)\n|raw|GMundim's rating: 1217 &rarr; <strong>1193<\/strong><br \/>(-24 for losing)\n|l|\u2606GMundim\n","uploadtime":1699738766,"views":8,"p1id":"insrtnamehere","p2id":"gmundim","formatid":"gen9doublesou","rating":1193,"private":0,"password":""}