{"id":"gen9doublesou-1978309796","p1":"Drampa\u5927Raivoso","p2":"Imoral","format":"[Gen 9] Doubles OU","log":"|j|\u2606Drampa\u5927Raivoso\n|j|\u2606Imoral\n|inactive|Battle timer is ON: inactive players will automatically lose when time's up.\n|t:|1698523592\n|gametype|doubles\n|player|p1|Drampa\u5927Raivoso|n-masters|\n|player|p2|Imoral|kahili|\n|teamsize|p1|6\n|teamsize|p2|6\n|gen|9\n|tier|[Gen 9] Doubles OU\n|rated|Tournament battle\n|rule|Species Clause: Limit one of each Pok\u00e9mon\n|rule|OHKO Clause: OHKO moves are banned\n|rule|Evasion Moves Clause: Evasion moves are banned\n|rule|Gravity Sleep Clause: The combination of sleep-inducing moves with imperfect accuracy and Gravity or Gigantamax Orbeetle are banned\n|rule|Endless Battle Clause: Forcing endless battles is banned\n|rule|HP Percentage Mod: HP is shown in percentages\n|clearpoke\n|poke|p1|Chi-Yu|\n|poke|p1|Torkoal, M|\n|poke|p1|Iron Bundle|\n|poke|p1|Farigiraf, M|\n|poke|p1|Dragonite, F|\n|poke|p1|Brute Bonnet|\n|poke|p2|Flutter Mane|\n|poke|p2|Iron Hands|\n|poke|p2|Kingambit, M|\n|poke|p2|Amoonguss, F|\n|poke|p2|Volcanion|\n|poke|p2|Cresselia, F|\n|teampreview\n|inactive|Imoral also wants the timer to be on.\n|j| e63593\n|inactive|Drampa\u5927Raivoso also wants the timer to be on.\n|c|\u2606Imoral|hf\n|l| e63593\n|c|\u2606Drampa\u5927Raivoso|u2\n|j| e63593\n|inactive|Drampa\u5927Raivoso has 120 seconds left.\n|j| PTPL42 Plutonium\n|l| PTPL42 Plutonium\n|\n|t:|1698523632\n|start\n|switch|p1a: Banny|Dragonite, F|100\/100\n|switch|p1b: Peixito|Chi-Yu|100\/100\n|switch|p2a: kyoto|Volcanion|100\/100\n|switch|p2b: punisher|Iron Hands|100\/100\n|-ability|p1b: Peixito|Beads of Ruin\n|turn|1\n|inactive|Drampa\u5927Raivoso has 120 seconds left.\n|\n|t:|1698523665\n|move|p1b: Peixito|Flamethrower|p2b: punisher\n|-damage|p2b: punisher|68\/100\n|move|p2a: kyoto|Steam Eruption|p1b: Peixito\n|-supereffective|p1b: Peixito\n|-damage|p1b: Peixito|0 fnt\n|faint|p1b: Peixito\n|move|p1a: Banny|Stomping Tantrum|p2b: punisher\n|-supereffective|p2b: punisher\n|-damage|p2b: punisher|6\/100\n|move|p2b: punisher|Wild Charge|p1a: Banny\n|-damage|p1a: Banny|47\/100\n|-damage|p2b: punisher|0 fnt|[from] Recoil\n|faint|p2b: punisher\n|-end|p2b: punisher|Quark Drive|[silent]\n|\n|upkeep\n|\n|t:|1698523682\n|switch|p1b: Melman|Farigiraf, M|100\/100\n|switch|p2b: ICU|Cresselia, F|100\/100\n|turn|2\n|\n|t:|1698523694\n|switch|p2a: savior complex|Amoonguss, F|100\/100\n|move|p2b: ICU|Ice Beam|p1a: Banny\n|-supereffective|p1a: Banny\n|-damage|p1a: Banny|0 fnt\n|faint|p1a: Banny\n|move|p1b: Melman|Trick Room|p1b: Melman\n|-fieldstart|move: Trick Room|[of] p1b: Melman\n|\n|upkeep\n|\n|t:|1698523705\n|switch|p1a: Rapha|Torkoal, M|100\/100\n|-weather|SunnyDay|[from] ability: Drought|[of] p1a: Rapha\n|turn|3\n|\n|t:|1698523717\n|switch|p2a: kyoto|Volcanion|100\/100\n|-terastallize|p1a: Rapha|Fire\n|move|p1a: Rapha|Eruption|p2a: kyoto|[spread] p2a,p2b\n|-resisted|p2a: kyoto\n|-damage|p2a: kyoto|83\/100\n|-damage|p2b: ICU|41\/100\n|move|p1b: Melman|Hyper Voice|p2a: kyoto|[spread] p2a,p2b\n|-crit|p2b: ICU\n|-damage|p2a: kyoto|67\/100\n|-damage|p2b: ICU|20\/100\n|move|p2b: ICU|Psychic|p1a: Rapha\n|-damage|p1a: Rapha|65\/100\n|\n|-weather|SunnyDay|[upkeep]\n|upkeep\n|turn|4\n|l| e63593\n|\n|t:|1698523742\n|move|p1a: Rapha|Earth Power|p2a: kyoto\n|-supereffective|p2a: kyoto\n|-damage|p2a: kyoto|36\/100\n|move|p1b: Melman|Hyper Voice|p2b: ICU|[spread] p2a,p2b\n|-damage|p2a: kyoto|18\/100\n|-damage|p2b: ICU|5\/100\n|move|p2a: kyoto|Heat Wave|p1b: Melman|[spread] p1b\n|-miss|p2a: kyoto|p1a: Rapha\n|-damage|p1b: Melman|46\/100\n|move|p2b: ICU|Lunar Blessing|p2b: ICU|[spread] p2a,p2b\n|-heal|p2a: kyoto|43\/100\n|-heal|p2b: ICU|30\/100\n|\n|-weather|SunnyDay|[upkeep]\n|upkeep\n|turn|5\n|\n|t:|1698523764\n|move|p1a: Rapha|Eruption|p2b: ICU|[spread] p2a,p2b\n|-resisted|p2a: kyoto\n|-damage|p2a: kyoto|32\/100\n|-damage|p2b: ICU|0 fnt\n|faint|p2b: ICU\n|move|p1b: Melman|Hyper Voice|p2a: kyoto\n|-damage|p2a: kyoto|10\/100\n|move|p2a: kyoto|Heat Wave|p1b: Melman|[spread] p1a,p1b\n|-resisted|p1a: Rapha\n|-damage|p1a: Rapha|29\/100\n|-damage|p1b: Melman|0 fnt\n|faint|p1b: Melman\n|\n|-weather|SunnyDay|[upkeep]\n|upkeep\n|\n|t:|1698523777\n|switch|p1b: UgaBungos|Brute Bonnet|100\/100\n|switch|p2b: i know the end|Kingambit, M|100\/100\n|-activate|p1b: UgaBungos|ability: Protosynthesis\n|-start|p1b: UgaBungos|protosynthesisatk\n|-activate|p2b: i know the end|ability: Supreme Overlord\n|-start|p2b: i know the end|fallen2|[silent]\n|turn|6\n|\n|t:|1698523789\n|move|p1a: Rapha|Protect|p1a: Rapha\n|-singleturn|p1a: Rapha|Protect\n|move|p2b: i know the end|Protect|p2b: i know the end\n|-singleturn|p2b: i know the end|Protect\n|move|p1b: UgaBungos|Close Combat|p2b: i know the end\n|-activate|p2b: i know the end|move: Protect\n|move|p2a: kyoto|Heat Wave|p1b: UgaBungos|[spread] p1b\n|-activate|p1a: Rapha|move: Protect\n|-supereffective|p1b: UgaBungos\n|-damage|p1b: UgaBungos|17\/100\n|\n|-weather|SunnyDay|[upkeep]\n|-fieldend|move: Trick Room\n|upkeep\n|turn|7\n|j|^e63593 Toxic\u25cfChain\n|\n|t:|1698523813\n|-end|p2b: i know the end|fallen2|[silent]\n|switch|p2b: moon song|Flutter Mane|100\/100\n|-activate|p2b: moon song|ability: Protosynthesis\n|-start|p2b: moon song|protosynthesisspe\n|move|p1a: Rapha|Protect|p1a: Rapha\n|-singleturn|p1a: Rapha|Protect\n|move|p1b: UgaBungos|Sucker Punch|p2a: kyoto\n|-damage|p2a: kyoto|0 fnt\n|faint|p2a: kyoto\n|-damage|p1b: UgaBungos|7\/100|[from] item: Life Orb\n|\n|-weather|none\n|-end|p2b: moon song|Protosynthesis\n|-end|p1b: UgaBungos|Protosynthesis\n|upkeep\n|\n|t:|1698523826\n|switch|p2a: i know the end|Kingambit, M|100\/100\n|-activate|p2a: i know the end|ability: Supreme Overlord\n|-start|p2a: i know the end|fallen3|[silent]\n|turn|8\n|\n|t:|1698523840\n|move|p2b: moon song|Dazzling Gleam|p1b: UgaBungos|[spread] p1a,p1b\n|-resisted|p1a: Rapha\n|-supereffective|p1b: UgaBungos\n|-damage|p1a: Rapha|2\/100\n|-damage|p1b: UgaBungos|0 fnt\n|faint|p1b: UgaBungos\n|-end|p1b: UgaBungos|Protosynthesis|[silent]\n|move|p2a: i know the end|Kowtow Cleave|p1a: Rapha\n|-damage|p1a: Rapha|0 fnt\n|faint|p1a: Rapha\n|\n|upkeep\n|c|\u2606Drampa\u5927Raivoso|gg\n|-message|Drampa\u5927Raivoso forfeited.\n|\n|win|Imoral\n|n|\u2606Drampa\u5927Raivoso|dramparaivoso\n|n|\u2606Imoral|imoral\n|n| e63593 Toxic\u25cfChain|e63593toxicchain\n","uploadtime":1698523853,"views":22,"p1id":"dramparaivoso","p2id":"imoral","formatid":"gen9doublesou","rating":0,"private":0,"password":""}