{"id":"gen9doublesou-1994810085","p1":"vegetasfeet","p2":"codyreborn","format":"[Gen 9] Doubles OU","log":"|j|\u2606vegetasfeet\n|j|\u2606codyreborn\n|t:|1700494900\n|gametype|doubles\n|player|p1|vegetasfeet|teamrocket|1360\n|player|p2|codyreborn|pokemaniac|1277\n|teamsize|p1|6\n|teamsize|p2|6\n|gen|9\n|tier|[Gen 9] Doubles OU\n|rated|\n|rule|Species Clause: Limit one of each Pok\u00e9mon\n|rule|OHKO Clause: OHKO moves are banned\n|rule|Evasion Moves Clause: Evasion moves are banned\n|rule|Gravity Sleep Clause: The combination of sleep-inducing moves with imperfect accuracy and Gravity or Gigantamax Orbeetle are banned\n|rule|Endless Battle Clause: Forcing endless battles is banned\n|rule|HP Percentage Mod: HP is shown in percentages\n|clearpoke\n|poke|p1|Scizor, F|\n|poke|p1|Tornadus, M|\n|poke|p1|Chien-Pao|\n|poke|p1|Iron Hands|\n|poke|p1|Volcanion|\n|poke|p1|Great Tusk|\n|poke|p2|Milotic, F|\n|poke|p2|Heatran, M|\n|poke|p2|Dragapult, M|\n|poke|p2|Zapdos|\n|poke|p2|Rillaboom, M|\n|poke|p2|Kingambit, M|\n|teampreview\n|inactive|Battle timer is ON: inactive players will automatically lose when time's up. (requested by vegetasfeet)\n|inactive|codyreborn has 120 seconds left.\n|inactive|codyreborn has 90 seconds left.\n|\n|t:|1700494972\n|start\n|switch|p1a: YN Jay|Tornadus, M|100\/100\n|switch|p1b: Kawhi Leonard|Scizor, F|100\/100\n|switch|p2a: Heatran|Heatran, M, shiny|100\/100\n|switch|p2b: Rillaboom|Rillaboom, M, shiny|100\/100\n|-fieldstart|move: Grassy Terrain|[from] ability: Grassy Surge|[of] p2b: Rillaboom\n|turn|1\n|\n|t:|1700494998\n|switch|p1b: Volcanion|Volcanion|100\/100\n|move|p2b: Rillaboom|Fake Out|p1b: Volcanion\n|-damage|p1b: Volcanion|90\/100\n|move|p1a: YN Jay|Tailwind|p1a: YN Jay\n|-sidestart|p1: vegetasfeet|move: Tailwind\n|move|p2a: Heatran|Will-O-Wisp|p1b: Volcanion\n|-immune|p1b: Volcanion\n|\n|-heal|p1b: Volcanion|96\/100|[from] Grassy Terrain\n|-heal|p1b: Volcanion|100\/100|[from] item: Leftovers\n|upkeep\n|turn|2\n|inactive|codyreborn has 120 seconds left.\n|\n|t:|1700495031\n|switch|p1b: Kawhi Leonard|Scizor, F|100\/100\n|-terastallize|p2a: Heatran|Grass\n|move|p1a: YN Jay|Taunt|p2a: Heatran\n|-start|p2a: Heatran|move: Taunt\n|move|p2b: Rillaboom|Wood Hammer|p1b: Kawhi Leonard\n|-resisted|p1b: Kawhi Leonard\n|-damage|p1b: Kawhi Leonard|81\/100\n|-damage|p2b: Rillaboom|95\/100|[from] Recoil\n|move|p2a: Heatran|Magma Storm|p1a: YN Jay\n|-damage|p1a: YN Jay|42\/100\n|-activate|p1a: YN Jay|move: Magma Storm|[of] p2a: Heatran\n|\n|-heal|p1b: Kawhi Leonard|87\/100|[from] Grassy Terrain\n|-heal|p2b: Rillaboom|100\/100|[from] Grassy Terrain\n|-damage|p1a: YN Jay|30\/100|[from] move: Magma Storm|[partiallytrapped]\n|upkeep\n|turn|3\n|\n|t:|1700495052\n|move|p1a: YN Jay|Bleakwind Storm|p2b: Rillaboom|[spread] p2a,p2b\n|-supereffective|p2a: Heatran\n|-supereffective|p2b: Rillaboom\n|-damage|p2a: Heatran|54\/100\n|-damage|p2b: Rillaboom|50\/100\n|move|p1b: Kawhi Leonard|U-turn|p2a: Heatran\n|-supereffective|p2a: Heatran\n|-damage|p2a: Heatran|0 fnt\n|faint|p2a: Heatran\n|\n|t:|1700495064\n|switch|p1b: Volcanion|Volcanion|100\/100|[from] U-turn\n|move|p2b: Rillaboom|Wood Hammer|p1a: YN Jay\n|-resisted|p1a: YN Jay\n|-damage|p1a: YN Jay|0 fnt\n|faint|p1a: YN Jay\n|-damage|p2b: Rillaboom|43\/100|[from] Recoil\n|\n|-heal|p2b: Rillaboom|49\/100|[from] Grassy Terrain\n|upkeep\n|\n|t:|1700495076\n|switch|p1a: Iggy Azalea|Chien-Pao|100\/100\n|switch|p2a: Milotic|Milotic, F, shiny|100\/100\n|-ability|p1a: Iggy Azalea|Sword of Ruin\n|turn|4\n|\n|t:|1700495090\n|move|p1a: Iggy Azalea|Protect|p1a: Iggy Azalea\n|-singleturn|p1a: Iggy Azalea|Protect\n|move|p1b: Volcanion|Heat Wave|p2a: Milotic|[spread] p2a,p2b\n|-resisted|p2a: Milotic\n|-supereffective|p2b: Rillaboom\n|-damage|p2a: Milotic|89\/100\n|-damage|p2b: Rillaboom|0 fnt\n|faint|p2b: Rillaboom\n|move|p2a: Milotic|Coil|p2a: Milotic\n|-boost|p2a: Milotic|atk|1\n|-boost|p2a: Milotic|def|1\n|-boost|p2a: Milotic|accuracy|1\n|\n|-heal|p2a: Milotic|95\/100|[from] Grassy Terrain\n|-sideend|p1: vegetasfeet|move: Tailwind\n|-status|p2a: Milotic|brn|[from] item: Flame Orb\n|upkeep\n|\n|t:|1700495112\n|switch|p2b: Zapdos|Zapdos, shiny|100\/100\n|turn|5\n|\n|t:|1700495129\n|move|p1b: Volcanion|Protect|p1b: Volcanion\n|-singleturn|p1b: Volcanion|Protect\n|move|p1a: Iggy Azalea|Ice Spinner|p2b: Zapdos\n|-supereffective|p2b: Zapdos\n|-damage|p2b: Zapdos|0 fnt\n|-fieldend|move: Grassy Terrain\n|faint|p2b: Zapdos\n|-damage|p1a: Iggy Azalea|91\/100|[from] item: Life Orb\n|move|p2a: Milotic|Icy Wind|p1a: Iggy Azalea|[spread] p1a\n|-activate|p1b: Volcanion|move: Protect\n|-resisted|p1a: Iggy Azalea\n|-damage|p1a: Iggy Azalea|83\/100\n|-unboost|p1a: Iggy Azalea|spe|1\n|\n|-damage|p2a: Milotic|89\/100 brn|[from] brn\n|upkeep\n|\n|t:|1700495143\n|switch|p2b: Dragapult|Dragapult, M, shiny|100\/100\n|turn|6\n|\n|t:|1700495165\n|move|p2b: Dragapult|Dragon Darts|p1a: Iggy Azalea\n|-damage|p1a: Iggy Azalea|24\/100\n|-anim|p2b: Dragapult|Dragon Darts|p1b: Volcanion\n|-damage|p1b: Volcanion|60\/100\n|move|p1a: Iggy Azalea|Throat Chop|p2b: Dragapult\n|-supereffective|p2b: Dragapult\n|-damage|p2b: Dragapult|0 fnt\n|faint|p2b: Dragapult\n|-damage|p1a: Iggy Azalea|14\/100|[from] item: Life Orb\n|move|p2a: Milotic|Icy Wind|p1a: Iggy Azalea|[spread] p1a,p1b\n|-resisted|p1a: Iggy Azalea\n|-resisted|p1b: Volcanion\n|-damage|p1a: Iggy Azalea|7\/100\n|-damage|p1b: Volcanion|58\/100\n|-unboost|p1a: Iggy Azalea|spe|1\n|-unboost|p1b: Volcanion|spe|1\n|move|p1b: Volcanion|Steam Eruption|p2a: Milotic\n|-resisted|p2a: Milotic\n|-damage|p2a: Milotic|70\/100 brn\n|\n|-heal|p1b: Volcanion|64\/100|[from] item: Leftovers\n|-damage|p2a: Milotic|64\/100 brn|[from] brn\n|upkeep\n|c|\u2606codyreborn|needs to be bannedarino. way too strong\n|\n|t:|1700495188\n|switch|p2b: Kingambit|Kingambit, M, shiny|100\/100\n|turn|7\n|\n|t:|1700495199\n|switch|p1a: Kawhi Leonard|Scizor, F|87\/100\n|move|p2a: Milotic|Scald|p1a: Kawhi Leonard\n|-crit|p1a: Kawhi Leonard\n|-damage|p1a: Kawhi Leonard|40\/100\n|move|p1b: Volcanion|Heat Wave|p2b: Kingambit|[spread] p2a,p2b\n|-resisted|p2a: Milotic\n|-supereffective|p2b: Kingambit\n|-damage|p2a: Milotic|51\/100 brn\n|-damage|p2b: Kingambit|22\/100\n|-status|p2b: Kingambit|brn\n|move|p2b: Kingambit|Swords Dance|p2b: Kingambit\n|-boost|p2b: Kingambit|atk|2\n|\n|-heal|p1b: Volcanion|70\/100|[from] item: Leftovers\n|-damage|p2a: Milotic|45\/100 brn|[from] brn\n|-damage|p2b: Kingambit|16\/100 brn|[from] brn\n|upkeep\n|turn|8\n|-message|codyreborn forfeited.\n|\n|win|vegetasfeet\n|raw|vegetasfeet's rating: 1360 &rarr; <strong>1375<\/strong><br \/>(+15 for winning)\n|raw|codyreborn's rating: 1277 &rarr; <strong>1258<\/strong><br \/>(-19 for losing)\n|l|\u2606codyreborn\n","uploadtime":1700495218,"views":1,"p1id":"vegetasfeet","p2id":"codyreborn","formatid":"gen9doublesou","rating":1258,"private":0,"password":""}