{"id":"gen9doublesou-1991366033","p1":"Raf","p2":"Nido-Rus","format":"[Gen 9] Doubles OU","log":"|j|\u2606Raf\n|j|\u2606Nido-Rus\n|t:|1700071114\n|gametype|doubles\n|player|p1|Raf|#scl3dynamos2|\n|player|p2|Nido-Rus|cheryl|\n|teamsize|p1|6\n|teamsize|p2|6\n|gen|9\n|tier|[Gen 9] Doubles OU\n|rule|Species Clause: Limit one of each Pok\u00e9mon\n|rule|OHKO Clause: OHKO moves are banned\n|rule|Evasion Moves Clause: Evasion moves are banned\n|rule|Gravity Sleep Clause: The combination of sleep-inducing moves with imperfect accuracy and Gravity or Gigantamax Orbeetle are banned\n|rule|Endless Battle Clause: Forcing endless battles is banned\n|rule|HP Percentage Mod: HP is shown in percentages\n|clearpoke\n|poke|p1|Diancie|\n|poke|p1|Farigiraf, M|\n|poke|p1|Ogerpon-Hearthflame, F|\n|poke|p1|Landorus-Therian, M|\n|poke|p1|Rillaboom, F|\n|poke|p1|Chien-Pao|\n|poke|p2|Regidrago|\n|poke|p2|Slowking-Galar, M|\n|poke|p2|Flutter Mane|\n|poke|p2|Volcanion|\n|poke|p2|Rillaboom, F|\n|poke|p2|Landorus-Therian, M|\n|teampreview\n|inactive|Battle timer is ON: inactive players will automatically lose when time's up. (requested by Raf)\n|j| Entrocefalo\n|c|\u2606Nido-Rus|gl HF\n|c|\u2606Raf|the king\n|c|\u2606Raf|u2\n|j| Demantoid (\u2299\ufe4f\u2299\u273f)\n|inactive|Nido-Rus has 270 seconds left.\n|j|+Mizuhime\n|j| MADARAAAA\n|\n|t:|1700071152\n|start\n|switch|p1a: Rillaboom|Rillaboom, F|100\/100\n|switch|p1b: Landorus|Landorus-Therian, M|100\/100\n|switch|p2a: Landorus|Landorus-Therian, M|100\/100\n|switch|p2b: Volcanion|Volcanion|100\/100\n|-ability|p2a: Landorus|Intimidate|boost\n|-unboost|p1a: Rillaboom|atk|1\n|-unboost|p1b: Landorus|atk|1\n|-fieldstart|move: Grassy Terrain|[from] ability: Grassy Surge|[of] p1a: Rillaboom\n|-ability|p1b: Landorus|Intimidate|boost\n|-unboost|p2a: Landorus|atk|1\n|-unboost|p2b: Volcanion|atk|1\n|turn|1\n|j| R4ye\n|\n|t:|1700071173\n|switch|p2b: Rillaboom|Rillaboom, F|100\/100\n|move|p1a: Rillaboom|Fake Out|p2b: Rillaboom\n|-damage|p2b: Rillaboom|91\/100\n|move|p2a: Landorus|U-turn|p1a: Rillaboom\n|-supereffective|p1a: Rillaboom\n|-damage|p1a: Rillaboom|60\/100\n|\n|t:|1700071183\n|switch|p2a: Volcanion|Volcanion|100\/100|[from] U-turn\n|move|p1b: Landorus|Stealth Rock|p2a: Volcanion\n|-sidestart|p2: Nido-Rus|move: Stealth Rock\n|\n|-heal|p2b: Rillaboom|97\/100|[from] Grassy Terrain\n|-heal|p1a: Rillaboom|66\/100|[from] Grassy Terrain\n|upkeep\n|turn|2\n|j| theyummybagel\n|j| AIRedzone\n|l| AIRedzone\n|j| AIRedzone\n|inactive|Raf has 270 seconds left.\n|j| glimmeraqua\n|c| Demantoid (\u2299\ufe4f\u2299\u273f)|mish\n|inactive|Raf has 240 seconds left.\n|\n|t:|1700071250\n|move|p2b: Rillaboom|U-turn|p1a: Rillaboom\n|-supereffective|p1a: Rillaboom\n|-damage|p1a: Rillaboom|22\/100\n|\n|t:|1700071253\n|switch|p2b: Landorus|Landorus-Therian, M|100\/100|[from] U-turn\n|-damage|p2b: Landorus|88\/100|[from] Stealth Rock\n|-ability|p2b: Landorus|Intimidate|boost\n|-unboost|p1a: Rillaboom|atk|1\n|-unboost|p1b: Landorus|atk|1\n|move|p1a: Rillaboom|High Horsepower|p2a: Volcanion\n|-supereffective|p2a: Volcanion\n|-damage|p2a: Volcanion|73\/100\n|move|p1b: Landorus|Stomping Tantrum|p2a: Volcanion\n|-supereffective|p2a: Volcanion\n|-damage|p2a: Volcanion|41\/100\n|move|p2a: Volcanion|Steam Eruption|p1b: Landorus\n|-supereffective|p1b: Landorus\n|-damage|p1b: Landorus|0 fnt\n|faint|p1b: Landorus\n|\n|-heal|p1a: Rillaboom|28\/100|[from] Grassy Terrain\n|-heal|p2a: Volcanion|47\/100|[from] Grassy Terrain\n|-heal|p2a: Volcanion|53\/100|[from] item: Leftovers\n|upkeep\n|inactive|Raf has 240 seconds left.\n|inactive|Raf has 210 seconds left.\n|j| Jello1231\n|inactive|Raf has 180 seconds left.\n|inactive|Raf has 150 seconds left.\n|\n|t:|1700071360\n|switch|p1b: Chien-Pao|Chien-Pao|100\/100\n|-ability|p1b: Chien-Pao|Sword of Ruin\n|turn|3\n|inactive|Raf has 150 seconds left.\n|j| qsns\n|inactive|Raf has 120 seconds left.\n|inactive|Nido-Rus has 270 seconds left.\n|inactive|Raf has 90 seconds left.\n|\n|t:|1700071437\n|switch|p1a: Diancie|Diancie|100\/100\n|move|p2a: Volcanion|Protect|p2a: Volcanion\n|-singleturn|p2a: Volcanion|Protect\n|move|p2b: Landorus|U-turn|p1b: Chien-Pao\n|-supereffective|p1b: Chien-Pao\n|-damage|p1b: Chien-Pao|16\/100\n|inactive|Nido-Rus has 270 seconds left.\n|\n|t:|1700071444\n|switch|p2b: Slowking|Slowking-Galar, M|100\/100|[from] U-turn\n|-damage|p2b: Slowking|88\/100|[from] Stealth Rock\n|-enditem|p2b: Slowking|Grassy Seed\n|-boost|p2b: Slowking|def|1|[from] item: Grassy Seed\n|move|p1b: Chien-Pao|Icicle Crash|p2b: Slowking\n|-damage|p2b: Slowking|60\/100\n|\n|-heal|p1b: Chien-Pao|22\/100|[from] Grassy Terrain\n|-heal|p2a: Volcanion|59\/100|[from] Grassy Terrain\n|-heal|p2a: Volcanion|65\/100|[from] item: Leftovers\n|-heal|p2b: Slowking|66\/100|[from] Grassy Terrain\n|upkeep\n|turn|4\n|j| laptops\n|c|\u2606Raf|o hell na\n|c| laptops|Go nidooo\n|c|\u2606Nido-Rus|hohoho\n|inactive|Raf has 90 seconds left.\n|j| Feyette\n|inactive|Nido-Rus has 270 seconds left.\n|\n|t:|1700071500\n|move|p1b: Chien-Pao|Icicle Crash|p2b: Slowking\n|-damage|p2b: Slowking|37\/100\n|move|p2a: Volcanion|Will-O-Wisp|p1a: Diancie|[miss]\n|-miss|p2a: Volcanion|p1a: Diancie\n|move|p1a: Diancie|Diamond Storm|p2a: Volcanion|[spread] p2a,p2b\n|-supereffective|p2a: Volcanion\n|-damage|p2a: Volcanion|0 fnt\n|-damage|p2b: Slowking|14\/100\n|-boost|p1a: Diancie|def|2\n|faint|p2a: Volcanion\n|move|p2b: Slowking|Sludge Bomb|p1b: Chien-Pao\n|-damage|p1b: Chien-Pao|0 fnt\n|faint|p1b: Chien-Pao\n|\n|-heal|p2b: Slowking|21\/100|[from] Grassy Terrain\n|upkeep\n|c|\u2606Nido-Rus|ow\n|c|\u2606Raf|SORRY\n|inactive|Nido-Rus has 270 seconds left.\n|c| Feyette|i quit my fortnite game after i heard there was a slowking\n|inactive|Raf has 60 seconds left.\n|\n|t:|1700071536\n|switch|p1b: Farigiraf|Farigiraf, M|100\/100\n|switch|p2a: Flutter Mane|Flutter Mane|100\/100\n|-damage|p2a: Flutter Mane|88\/100|[from] Stealth Rock\n|turn|5\n|inactive|Nido-Rus has 270 seconds left.\n|c| AIRedzone|Slow king\n|inactive|Raf has 60 seconds left.\n|\n|t:|1700071569\n|-terastallize|p2a: Flutter Mane|Fairy\n|-terastallize|p1a: Diancie|Fire\n|move|p2a: Flutter Mane|Moonblast|p1a: Diancie\n|-resisted|p1a: Diancie\n|-damage|p1a: Diancie|71\/100\n|move|p1b: Farigiraf|Tera Blast|p2b: Slowking\n|-damage|p2b: Slowking|0 fnt\n|faint|p2b: Slowking\n|move|p1a: Diancie|Trick Room|p1a: Diancie\n|-fieldstart|move: Trick Room|[of] p1a: Diancie\n|\n|-heal|p1a: Diancie|77\/100|[from] Grassy Terrain\n|-heal|p1a: Diancie|84\/100|[from] item: Leftovers\n|-heal|p2a: Flutter Mane|94\/100|[from] Grassy Terrain\n|-fieldend|move: Grassy Terrain\n|upkeep\n|\n|t:|1700071577\n|switch|p2b: Regidrago|Regidrago|100\/100\n|-damage|p2b: Regidrago|88\/100|[from] Stealth Rock\n|turn|6\n|inactive|Nido-Rus has 270 seconds left.\n|inactive|Raf has 60 seconds left.\n|l| laptops\n|inactive|Nido-Rus has 240 seconds left.\n|\n|t:|1700071633\n|move|p1a: Diancie|Protect|p1a: Diancie\n|-singleturn|p1a: Diancie|Protect\n|move|p1b: Farigiraf|Tera Blast|p2b: Regidrago\n|-damage|p2b: Regidrago|60\/100\n|move|p2b: Regidrago|Earth Power|p1a: Diancie\n|-activate|p1a: Diancie|move: Protect\n|move|p2a: Flutter Mane|Moonblast|p1a: Diancie\n|-activate|p1a: Diancie|move: Protect\n|\n|-heal|p1a: Diancie|90\/100|[from] item: Leftovers\n|upkeep\n|turn|7\n|inactive|Raf has 60 seconds left.\n|j| laptops\n|j| SingleThunder\n|\n|t:|1700071655\n|switch|p2b: Rillaboom|Rillaboom, F|97\/100\n|-damage|p2b: Rillaboom|85\/100|[from] Stealth Rock\n|-fieldstart|move: Grassy Terrain|[from] ability: Grassy Surge|[of] p2b: Rillaboom\n|move|p1a: Diancie|Diamond Storm|p2b: Rillaboom|[spread] p2a,p2b\n|-damage|p2a: Flutter Mane|42\/100\n|-damage|p2b: Rillaboom|54\/100\n|-boost|p1a: Diancie|def|2\n|move|p1b: Farigiraf|Tera Blast|p2b: Rillaboom\n|-damage|p2b: Rillaboom|25\/100\n|move|p2a: Flutter Mane|Moonblast|p1b: Farigiraf\n|-damage|p1b: Farigiraf|15\/100\n|\n|-heal|p1a: Diancie|96\/100|[from] Grassy Terrain\n|-heal|p1a: Diancie|100\/100|[from] item: Leftovers\n|-heal|p1b: Farigiraf|21\/100|[from] Grassy Terrain\n|-heal|p2b: Rillaboom|31\/100|[from] Grassy Terrain\n|-heal|p2a: Flutter Mane|48\/100|[from] Grassy Terrain\n|upkeep\n|turn|8\n|inactive|Raf has 60 seconds left.\n|\n|t:|1700071689\n|-end|p2a: Flutter Mane|Protosynthesis|[silent]\n|switch|p2a: Landorus|Landorus-Therian, M|88\/100\n|-damage|p2a: Landorus|76\/100|[from] Stealth Rock\n|-ability|p2a: Landorus|Intimidate|boost\n|-fail|p1a: Diancie|unboost|[from] ability: Clear Body|[of] p1a: Diancie\n|-unboost|p1b: Farigiraf|atk|1\n|move|p1a: Diancie|Diamond Storm|p2b: Rillaboom|[spread] p2a,p2b\n|-damage|p2a: Landorus|39\/100\n|-damage|p2b: Rillaboom|1\/100\n|move|p1b: Farigiraf|Psyshock|p2a: Landorus\n|-damage|p2a: Landorus|0 fnt\n|faint|p2a: Landorus\n|move|p2b: Rillaboom|U-turn|p1b: Farigiraf\n|-supereffective|p1b: Farigiraf\n|-damage|p1b: Farigiraf|0 fnt\n|faint|p1b: Farigiraf\n|l| AIRedzone\n|l| laptops\n|j| Waffle2O23\n|inactive|Nido-Rus has 240 seconds left.\n|c| qsns|diancie moment\n|\n|t:|1700071712\n|switch|p2b: Flutter Mane|Flutter Mane, tera:Fairy|48\/100|[from] U-turn\n|-damage|p2b: Flutter Mane|35\/100|[from] Stealth Rock\n|\n|-heal|p2b: Flutter Mane|42\/100|[from] Grassy Terrain\n|upkeep\n|\n|t:|1700071720\n|switch|p1b: Ogerpon|Ogerpon-Hearthflame, F|100\/100\n|switch|p2a: Regidrago|Regidrago|60\/100\n|-damage|p2a: Regidrago|48\/100|[from] Stealth Rock\n|-ability|p1b: Ogerpon|Mold Breaker\n|turn|9\n|inactive|Nido-Rus has 270 seconds left.\n|\n|t:|1700071735\n|-end|p2b: Flutter Mane|Protosynthesis|[silent]\n|switch|p2b: Rillaboom|Rillaboom, F|1\/100\n|-damage|p2b: Rillaboom|0 fnt|[from] Stealth Rock\n|faint|p2b: Rillaboom\n|move|p1a: Diancie|Body Press|p2a: Regidrago\n|-damage|p2a: Regidrago|0 fnt\n|faint|p2a: Regidrago\n|move|p1b: Ogerpon|Ivy Cudgel|p2: Regidrago|[notarget]\n|-fail|p1b: Ogerpon\n|\n|-fieldend|move: Trick Room\n|upkeep\n|inactive|Nido-Rus has 270 seconds left.\n|\n|t:|1700071742\n|switch|p2a: Flutter Mane|Flutter Mane, tera:Fairy|42\/100\n|-damage|p2a: Flutter Mane|29\/100|[from] Stealth Rock\n|turn|10\n|\n|t:|1700071747\n|move|p1b: Ogerpon|Grassy Glide|p2a: Flutter Mane\n|-damage|p2a: Flutter Mane|0 fnt\n|faint|p2a: Flutter Mane\n|-end|p2a: Flutter Mane|Protosynthesis|[silent]\n|\n|win|Raf\n|c|\u2606Nido-Rus|gg\n|c|\u2606Raf|gg\n|j| AIRedzone\n|l| glimmeraqua\n|l| R4ye\n|l| MADARAAAA\n|l| SingleThunder\n|j| laptops\n|j| tyo\n|l| AIRedzone\n|l| tyo\n|l| Waffle2O23\n|j| Eragon11145\n|l| Eragon11145\n|j| Waffle2O23\n|l| Waffle2O23\n|l|+Mizuhime\n|l| laptops\n|j| Future king of ou\n|l| Entrocefalo\n|l| Future king of ou\n|j| pudim31\n|l| pudim31\n|l| Demantoid (\u2299\ufe4f\u2299\u273f)\n|l| Jello1231\n|j| glimmeraqua\n|l| glimmeraqua\n|j| RelicanthPrimal<><\n","uploadtime":1700071766,"views":68,"p1id":"raf","p2id":"nidorus","formatid":"gen9doublesou","rating":0,"private":0,"password":""}