{"id":"gen9doublesou-1970061744","p1":"F0rtniteB4ttlePass","p2":"nobodyhatesthis","format":"[Gen 9] Doubles OU","log":"|j|\u2606F0rtniteB4ttlePass\n|j|\u2606nobodyhatesthis\n|t:|1697590209\n|gametype|doubles\n|player|p1|F0rtniteB4ttlePass|101|1128\n|player|p2|nobodyhatesthis|170|1047\n|teamsize|p1|6\n|teamsize|p2|6\n|gen|9\n|tier|[Gen 9] Doubles OU\n|rated|\n|rule|Species Clause: Limit one of each Pok\u00e9mon\n|rule|OHKO Clause: OHKO moves are banned\n|rule|Evasion Moves Clause: Evasion moves are banned\n|rule|Gravity Sleep Clause: The combination of sleep-inducing moves with imperfect accuracy and Gravity or Gigantamax Orbeetle are banned\n|rule|Endless Battle Clause: Forcing endless battles is banned\n|rule|HP Percentage Mod: HP is shown in percentages\n|clearpoke\n|poke|p1|Chien-Pao|\n|poke|p1|Pawmot, F|\n|poke|p1|Iron Hands|\n|poke|p1|Grimmsnarl, M|\n|poke|p1|Ursaluna, M|\n|poke|p1|Skeledirge, F|\n|poke|p2|Ogerpon-Cornerstone, F|\n|poke|p2|Clefable, F|\n|poke|p2|Farigiraf, F|\n|poke|p2|Tornadus, M|\n|poke|p2|Sinistcha|\n|poke|p2|Flutter Mane|\n|teampreview\n|\n|t:|1697590235\n|start\n|switch|p1a: Grimmsnarl|Grimmsnarl, M|100\/100\n|switch|p1b: chi-wao|Chien-Pao|100\/100\n|switch|p2a: Ogerpon|Ogerpon-Cornerstone, F|100\/100\n|switch|p2b: Clefable|Clefable, F|100\/100\n|-ability|p1b: chi-wao|Sword of Ruin\n|turn|1\n|\n|t:|1697590254\n|move|p2b: Clefable|Follow Me|p2b: Clefable\n|-singleturn|p2b: Clefable|move: Follow Me\n|move|p1a: Grimmsnarl|Taunt|p2b: Clefable\n|-start|p2b: Clefable|move: Taunt\n|move|p1b: chi-wao|Sacred Sword|p2b: Clefable\n|-resisted|p2b: Clefable\n|-damage|p2b: Clefable|81\/100\n|move|p2a: Ogerpon|Focus Energy|p2a: Ogerpon\n|-start|p2a: Ogerpon|move: Focus Energy\n|\n|upkeep\n|turn|2\n|\n|t:|1697590267\n|move|p1a: Grimmsnarl|Reflect|p1a: Grimmsnarl\n|-sidestart|p1: F0rtniteB4ttlePass|Reflect\n|move|p1b: chi-wao|Sacred Sword|p2a: Ogerpon\n|-supereffective|p2a: Ogerpon\n|-ability|p2a: Ogerpon|Sturdy\n|-damage|p2a: Ogerpon|1\/100\n|move|p2a: Ogerpon|Focus Energy||[still]\n|-fail|p2a: Ogerpon\n|move|p2b: Clefable|Dazzling Gleam|p1a: Grimmsnarl|[spread] p1a,p1b\n|-supereffective|p1a: Grimmsnarl\n|-supereffective|p1b: chi-wao\n|-damage|p1a: Grimmsnarl|55\/100\n|-damage|p1b: chi-wao|17\/100\n|\n|upkeep\n|turn|3\n|\n|t:|1697590295\n|switch|p1b: gustave|Skeledirge, F|100\/100\n|switch|p2a: Sinistcha|Sinistcha|100\/100\n|-heal|p2b: Clefable|100\/100|[from] ability: Hospitality|[of] p2a: Sinistcha\n|switch|p2b: Tornadus|Tornadus, M|100\/100\n|move|p1a: Grimmsnarl|Light Screen|p1a: Grimmsnarl\n|-sidestart|p1: F0rtniteB4ttlePass|move: Light Screen\n|\n|upkeep\n|turn|4\n|\n|t:|1697590315\n|move|p2b: Tornadus|Tailwind|p2b: Tornadus\n|-sidestart|p2: nobodyhatesthis|move: Tailwind\n|move|p1a: Grimmsnarl|Taunt|p2b: Tornadus\n|-start|p2b: Tornadus|move: Taunt\n|move|p2a: Sinistcha|Nasty Plot|p2a: Sinistcha\n|-boost|p2a: Sinistcha|spa|2\n|move|p1b: gustave|Torch Song|p2a: Sinistcha\n|-supereffective|p2a: Sinistcha\n|-damage|p2a: Sinistcha|25\/100\n|-boost|p1b: gustave|spa|1\n|-enditem|p2a: Sinistcha|Aguav Berry|[eat]\n|-heal|p2a: Sinistcha|59\/100|[from] item: Aguav Berry\n|\n|upkeep\n|turn|5\n|\n|t:|1697590339\n|switch|p1b: teddiurssa|Ursaluna, M|100\/100\n|move|p1a: Grimmsnarl|Parting Shot|p2a: Sinistcha\n|-unboost|p2a: Sinistcha|atk|1\n|-unboost|p2a: Sinistcha|spa|1\n|\n|t:|1697590344\n|switch|p1a: gustave|Skeledirge, F|100\/100|[from] Parting Shot\n|move|p2b: Tornadus|Bleakwind Storm|p1b: teddiurssa|[spread] p1b\n|-miss|p2b: Tornadus|p1a: gustave\n|-damage|p1b: teddiurssa|78\/100\n|-unboost|p1b: teddiurssa|spe|1\n|move|p2a: Sinistcha|Matcha Gotcha|p1a: gustave|[spread] p1a,p1b\n|-resisted|p1a: gustave\n|-supereffective|p1b: teddiurssa\n|-damage|p1a: gustave|91\/100\n|-heal|p2a: Sinistcha|65\/100|[from] drain|[of] p1a: gustave\n|-damage|p1b: teddiurssa|22\/100\n|-heal|p2a: Sinistcha|100\/100|[from] drain|[of] p1b: teddiurssa\n|\n|-heal|p1a: gustave|97\/100|[from] item: Leftovers\n|-status|p1b: teddiurssa|brn|[from] item: Flame Orb\n|upkeep\n|turn|6\n|\n|t:|1697590375\n|move|p2b: Tornadus|Icy Wind|p1a: gustave|[spread] p1a,p1b\n|-resisted|p1a: gustave\n|-supereffective|p1b: teddiurssa\n|-damage|p1a: gustave|92\/100\n|-damage|p1b: teddiurssa|7\/100 brn\n|-unboost|p1a: gustave|spe|1\n|-unboost|p1b: teddiurssa|spe|1\n|move|p2a: Sinistcha|Leaf Storm|p1a: gustave\n|-resisted|p1a: gustave\n|-crit|p1a: gustave\n|-damage|p1a: gustave|38\/100\n|-unboost|p2a: Sinistcha|spa|2\n|move|p1a: gustave|Shadow Ball|p2a: Sinistcha\n|-supereffective|p2a: Sinistcha\n|-damage|p2a: Sinistcha|17\/100\n|move|p1b: teddiurssa|Facade|p2b: Tornadus\n|-damage|p2b: Tornadus|0 fnt\n|faint|p2b: Tornadus\n|\n|-heal|p1a: gustave|44\/100|[from] item: Leftovers\n|-damage|p1b: teddiurssa|0 fnt|[from] brn\n|faint|p1b: teddiurssa\n|-sideend|p1: F0rtniteB4ttlePass|Reflect\n|upkeep\n|\n|t:|1697590396\n|switch|p2b: Ogerpon|Ogerpon-Cornerstone, F|1\/100\n|switch|p1b: Grimmsnarl|Grimmsnarl, M|55\/100\n|turn|7\n|\n|t:|1697590420\n|switch|p1a: hands|Iron Hands|100\/100\n|move|p1b: Grimmsnarl|Reflect|p1b: Grimmsnarl\n|-sidestart|p1: F0rtniteB4ttlePass|Reflect\n|move|p2b: Ogerpon|Ivy Cudgel|p1a: hands\n|-resisted|p1a: hands\n|-damage|p1a: hands|89\/100\n|move|p2a: Sinistcha|Life Dew|p2a: Sinistcha|[spread] p2a,p2b\n|-heal|p2a: Sinistcha|42\/100\n|-heal|p2b: Ogerpon|26\/100\n|\n|-sideend|p1: F0rtniteB4ttlePass|move: Light Screen\n|-sideend|p2: nobodyhatesthis|move: Tailwind\n|upkeep\n|turn|8\n|\n|t:|1697590435\n|-terastallize|p2b: Ogerpon|Rock\n|detailschange|p2b: Ogerpon|Ogerpon-Cornerstone-Tera, F, tera:Rock\n|-ability|p2b: Ogerpon|Embody Aspect (Cornerstone)|boost\n|-boost|p2b: Ogerpon|def|1\n|move|p1b: Grimmsnarl|Taunt|p2a: Sinistcha\n|-start|p2a: Sinistcha|move: Taunt\n|move|p2b: Ogerpon|Focus Energy|p2b: Ogerpon\n|-start|p2b: Ogerpon|move: Focus Energy\n|cant|p2a: Sinistcha|move: Taunt|Life Dew\n|move|p1a: hands|Drain Punch|p2b: Ogerpon\n|-supereffective|p2b: Ogerpon\n|-damage|p2b: Ogerpon|0 fnt\n|-heal|p1a: hands|97\/100|[from] drain|[of] p2b: Ogerpon\n|faint|p2b: Ogerpon\n|\n|upkeep\n|\n|t:|1697590449\n|switch|p2b: Clefable|Clefable, F|100\/100\n|turn|9\n|\n|t:|1697590467\n|switch|p2a: Farigiraf|Farigiraf, F|100\/100\n|-terastallize|p1a: hands|Steel\n|move|p1b: Grimmsnarl|Light Screen|p1b: Grimmsnarl\n|-sidestart|p1: F0rtniteB4ttlePass|move: Light Screen\n|move|p1a: hands|Belly Drum|p1a: hands\n|-damage|p1a: hands|47\/100\n|-setboost|p1a: hands|atk|6|[from] move: Belly Drum\n|-enditem|p1a: hands|Sitrus Berry|[eat]\n|-heal|p1a: hands|72\/100|[from] item: Sitrus Berry\n|move|p2b: Clefable|Dazzling Gleam|p1b: Grimmsnarl|[spread] p1a,p1b\n|-resisted|p1a: hands\n|-supereffective|p1b: Grimmsnarl\n|-damage|p1a: hands|64\/100\n|-damage|p1b: Grimmsnarl|29\/100\n|\n|upkeep\n|turn|10\n|\n|t:|1697590502\n|move|p1b: Grimmsnarl|Taunt||[still]\n|cant|p2a: Farigiraf|ability: Armor Tail|Taunt|[of] p1b: Grimmsnarl\n|move|p2a: Farigiraf|Skill Swap||[still]\n|-fail|p2a: Farigiraf\n|move|p1a: hands|Drain Punch|p2a: Farigiraf\n|-damage|p2a: Farigiraf|0 fnt\n|-heal|p1a: hands|100\/100|[from] drain|[of] p2a: Farigiraf\n|faint|p2a: Farigiraf\n|move|p2b: Clefable|Icy Wind|p1b: Grimmsnarl|[spread] p1a,p1b\n|-resisted|p1a: hands\n|-damage|p1a: hands|98\/100\n|-damage|p1b: Grimmsnarl|23\/100\n|-unboost|p1a: hands|spe|1\n|-unboost|p1b: Grimmsnarl|spe|1\n|\n|upkeep\n|\n|t:|1697590515\n|switch|p2a: Flutter Mane|Flutter Mane|100\/100\n|turn|11\n|\n|t:|1697590536\n|move|p2b: Clefable|Follow Me|p2b: Clefable\n|-singleturn|p2b: Clefable|move: Follow Me\n|move|p1b: Grimmsnarl|Parting Shot|p2b: Clefable\n|-unboost|p2b: Clefable|atk|1\n|-unboost|p2b: Clefable|spa|1\n|\n|t:|1697590544\n|switch|p1b: aww|Pawmot, F|100\/100|[from] Parting Shot\n|move|p2a: Flutter Mane|Hex|p1a: hands\n|-damage|p1a: hands|67\/100\n|move|p1a: hands|Thunder Punch|p2b: Clefable\n|-crit|p2b: Clefable\n|-damage|p2b: Clefable|0 fnt\n|faint|p2b: Clefable\n|\n|-sideend|p1: F0rtniteB4ttlePass|Reflect\n|upkeep\n|\n|t:|1697590553\n|switch|p2b: Sinistcha|Sinistcha|42\/100\n|turn|12\n|\n|t:|1697590574\n|move|p2a: Flutter Mane|Hex|p1a: hands\n|-crit|p1a: hands\n|-damage|p1a: hands|2\/100\n|move|p1b: aww|Knock Off|p2a: Flutter Mane\n|-damage|p2a: Flutter Mane|41\/100\n|-enditem|p2a: Flutter Mane|Choice Specs|[from] move: Knock Off|[of] p1b: aww\n|move|p2b: Sinistcha|Matcha Gotcha|p1b: aww|[spread] p1a,p1b\n|-resisted|p1a: hands\n|-damage|p1a: hands|0 fnt\n|-heal|p2b: Sinistcha|43\/100|[from] drain|[of] p1a: hands\n|-damage|p1b: aww|64\/100\n|-heal|p2b: Sinistcha|58\/100|[from] drain|[of] p1b: aww\n|faint|p1a: hands\n|-end|p1a: hands|Quark Drive|[silent]\n|\n|upkeep\n|\n|t:|1697590588\n|switch|p1a: gustave|Skeledirge, F|44\/100\n|turn|13\n|\n|t:|1697590599\n|move|p2a: Flutter Mane|Hex|p1a: gustave\n|-supereffective|p1a: gustave\n|-damage|p1a: gustave|0 fnt\n|faint|p1a: gustave\n|move|p1b: aww|Revival Blessing|p1b: aww\n|-enditem|p1b: aww|Leppa Berry|[eat]\n|-activate|p1b: aww|item: Leppa Berry|Revival Blessing|[consumed]\n|\n|t:|1697590612\n|-heal|p1: gustave|50\/100|[from] move: Revival Blessing\n|switch|p1a: gustave|Skeledirge, F|50\/100\n|move|p2b: Sinistcha|Life Dew|p2b: Sinistcha|[spread] p2a,p2b\n|-heal|p2a: Flutter Mane|66\/100\n|-heal|p2b: Sinistcha|83\/100\n|\n|-heal|p1a: gustave|57\/100|[from] item: Leftovers\n|-sideend|p1: F0rtniteB4ttlePass|move: Light Screen\n|upkeep\n|turn|14\n|\n|t:|1697590626\n|switch|p1a: chi-wao|Chien-Pao|17\/100\n|-ability|p1a: chi-wao|Sword of Ruin\n|move|p2a: Flutter Mane|Hex|p1a: chi-wao\n|-resisted|p1a: chi-wao\n|-damage|p1a: chi-wao|0 fnt\n|faint|p1a: chi-wao\n|move|p1b: aww|Revival Blessing|p1b: aww\n|\n|t:|1697590635\n|-heal|p1: hands|50\/100|[from] move: Revival Blessing\n|move|p2b: Sinistcha|Life Dew|p2b: Sinistcha|[spread] p2a,p2b\n|-heal|p2a: Flutter Mane|91\/100\n|-heal|p2b: Sinistcha|100\/100\n|\n|upkeep\n|\n|t:|1697590647\n|switch|p1a: gustave|Skeledirge, F|57\/100\n|turn|15\n|\n|t:|1697590662\n|switch|p1a: hands|Iron Hands|50\/100\n|move|p2a: Flutter Mane|Hex|p1a: hands\n|-damage|p1a: hands|24\/100\n|move|p1b: aww|Knock Off|p2b: Sinistcha\n|-supereffective|p2b: Sinistcha\n|-damage|p2b: Sinistcha|71\/100\n|move|p2b: Sinistcha|Matcha Gotcha|p1a: hands|[spread] p1a,p1b\n|-damage|p1a: hands|0 fnt\n|-heal|p2b: Sinistcha|88\/100|[from] drain|[of] p1a: hands\n|-damage|p1b: aww|14\/100\n|-heal|p2b: Sinistcha|100\/100|[from] drain|[of] p1b: aww\n|-status|p1b: aww|brn\n|faint|p1a: hands\n|-end|p1a: hands|Quark Drive|[silent]\n|\n|-damage|p1b: aww|8\/100 brn|[from] brn\n|upkeep\n|\n|t:|1697590686\n|switch|p1a: Grimmsnarl|Grimmsnarl, M|23\/100\n|turn|16\n|\n|t:|1697590697\n|-curestatus|p1b: aww|brn|[from] ability: Natural Cure\n|switch|p1b: gustave|Skeledirge, F|57\/100\n|move|p1a: Grimmsnarl|Taunt|p2b: Sinistcha\n|-start|p2b: Sinistcha|move: Taunt\n|move|p2a: Flutter Mane|Dazzling Gleam|p1a: Grimmsnarl|[spread] p1a,p1b\n|-supereffective|p1a: Grimmsnarl\n|-resisted|p1b: gustave\n|-damage|p1a: Grimmsnarl|0 fnt\n|-damage|p1b: gustave|42\/100\n|faint|p1a: Grimmsnarl\n|cant|p2b: Sinistcha|move: Taunt|Nasty Plot\n|\n|-heal|p1b: gustave|48\/100|[from] item: Leftovers\n|upkeep\n|\n|t:|1697590710\n|switch|p1a: aww|Pawmot, F|8\/100\n|turn|17\n|\n|t:|1697590721\n|move|p2a: Flutter Mane|Hex|p1b: gustave\n|-supereffective|p1b: gustave\n|-damage|p1b: gustave|0 fnt\n|faint|p1b: gustave\n|move|p1a: aww|Knock Off|p2a: Flutter Mane\n|-damage|p2a: Flutter Mane|55\/100\n|move|p2b: Sinistcha|Matcha Gotcha|p1a: aww\n|-damage|p1a: aww|0 fnt\n|faint|p1a: aww\n|\n|win|nobodyhatesthis\n|raw|F0rtniteB4ttlePass's rating: 1128 &rarr; <strong>1097<\/strong><br \/>(-31 for losing)\n|raw|nobodyhatesthis's rating: 1047 &rarr; <strong>1087<\/strong><br \/>(+40 for winning)\n|c|\u2606F0rtniteB4ttlePass|so close gg\n|l|\u2606F0rtniteB4ttlePass\n|c|\u2606nobodyhatesthis|gg\n","uploadtime":1697590742,"views":18,"p1id":"f0rtniteb4ttlepass","p2id":"nobodyhatesthis","formatid":"gen9doublesou","rating":1087,"private":0,"password":""}