{"id":"gen9doublesou-1973070585","p1":"TheDoseOfStrange","p2":"yaoiLover774","format":"[Gen 9] Doubles OU","log":"|j|\u2606TheDoseOfStrange\n|j|\u2606yaoiLover774\n|t:|1697924361\n|gametype|doubles\n|player|p1|TheDoseOfStrange|170|1104\n|player|p2|yaoiLover774|kieran-festival|1130\n|teamsize|p1|6\n|teamsize|p2|6\n|gen|9\n|tier|[Gen 9] Doubles OU\n|rated|\n|rule|Species Clause: Limit one of each Pok\u00e9mon\n|rule|OHKO Clause: OHKO moves are banned\n|rule|Evasion Moves Clause: Evasion moves are banned\n|rule|Gravity Sleep Clause: The combination of sleep-inducing moves with imperfect accuracy and Gravity or Gigantamax Orbeetle are banned\n|rule|Endless Battle Clause: Forcing endless battles is banned\n|rule|HP Percentage Mod: HP is shown in percentages\n|clearpoke\n|poke|p1|Basculegion-F, F|\n|poke|p1|Ogerpon-Wellspring, F|\n|poke|p1|Palafin, F|\n|poke|p1|Pelipper, M|\n|poke|p1|Gastrodon-East, M|\n|poke|p1|Walking Wake|\n|poke|p2|Copperajah, M|\n|poke|p2|Sinistcha-Masterpiece|\n|poke|p2|Golem-Alola, F|\n|poke|p2|Hatterene, F|\n|poke|p2|Oranguru, F|\n|poke|p2|Vikavolt, M|\n|teampreview\n|c|\u2606yaoiLover774|haii gl hf\n|c|\u2606TheDoseOfStrange|Alr\n|\n|t:|1697924377\n|start\n|switch|p1a: Palafin|Palafin, F|100\/100\n|switch|p1b: Pelipper|Pelipper, M|100\/100\n|switch|p2a: Hai Squidward! >_<|Vikavolt, M, shiny|100\/100\n|switch|p2b: Goodmorn Squidward|Hatterene, F, shiny|100\/100\n|-weather|RainDance|[from] ability: Drizzle|[of] p1b: Pelipper\n|turn|1\n|c|\u2606TheDoseOfStrange|this is my first try with my all water team\n|\n|t:|1697924411\n|detailschange|p1a: Palafin|Palafin-Hero, F\n|switch|p1a: Gastrodon|Gastrodon-East, M|100\/100\n|move|p1b: Pelipper|Air Slash|p2a: Hai Squidward! >_<\n|-damage|p2a: Hai Squidward! >_<|68\/100\n|move|p2a: Hai Squidward! >_<|Discharge|p1a: Gastrodon|[spread] p2b,p1b\n|-immune|p1a: Gastrodon\n|-supereffective|p1b: Pelipper\n|-damage|p2b: Goodmorn Squidward|56\/100\n|-damage|p1b: Pelipper|0 fnt\n|faint|p1b: Pelipper\n|move|p2b: Goodmorn Squidward|Nuzzle|p1a: Gastrodon\n|-immune|p1a: Gastrodon\n|\n|-weather|RainDance|[upkeep]\n|-heal|p2b: Goodmorn Squidward|62\/100|[from] item: Leftovers\n|upkeep\n|c|\u2606yaoiLover774|igu this is my really stupid team\n|\n|t:|1697924424\n|switch|p1b: Palafin|Palafin-Hero, F|100\/100\n|-activate|p1b: Palafin|ability: Zero to Hero\n|turn|2\n|\n|t:|1697924453\n|switch|p2a: Hello Squidward.|Oranguru, F, shiny|100\/100\n|move|p1b: Palafin|Jet Punch|p1a: Gastrodon\n|-activate|p1a: Gastrodon|ability: Storm Drain\n|-ability|p1a: Gastrodon|Storm Drain|boost\n|-boost|p1a: Gastrodon|spa|1\n|move|p1a: Gastrodon|Surf|p2a: Hello Squidward.|[spread] p1b,p2a,p2b\n|-resisted|p1b: Palafin\n|-damage|p1b: Palafin|73\/100\n|-damage|p2a: Hello Squidward.|70\/100\n|-damage|p2b: Goodmorn Squidward|21\/100\n|move|p2b: Goodmorn Squidward|Nuzzle|p1b: Palafin\n|-supereffective|p1b: Palafin\n|-damage|p1b: Palafin|65\/100\n|\n|-weather|RainDance|[upkeep]\n|-heal|p2b: Goodmorn Squidward|27\/100|[from] item: Leftovers\n|upkeep\n|turn|3\n|c|\u2606yaoiLover774|still need to tweak a few things so right now im just testing stuff\n|c|\u2606TheDoseOfStrange|I forgot about Gastrodons ability that might actually get in the way of things\n|c|\u2606yaoiLover774|storm drain?\n|c|\u2606yaoiLover774|is that not good\n|c|\u2606yaoiLover774|for your team i mean\n|c|\u2606TheDoseOfStrange|It directs all water types attacks to it, and instead of doing damage, it increases it's special attack\n|c|\u2606TheDoseOfStrange|No it's just I didn't realize it also affected my water type attacks\n|c|\u2606yaoiLover774|i dont remember it like\n|c|\u2606yaoiLover774|attracting the water attacks\n|c|\u2606yaoiLover774|lemme see\n|c|\u2606yaoiLover774|oh yeah it does\n|c|\u2606yaoiLover774|rip\n|\n|t:|1697924567\n|move|p1b: Palafin|Body Slam|p2a: Hello Squidward.\n|-damage|p2a: Hello Squidward.|28\/100\n|move|p1a: Gastrodon|Surf|p2a: Hello Squidward.|[spread] p1b,p2a,p2b\n|-resisted|p1b: Palafin\n|-damage|p1b: Palafin|36\/100\n|-damage|p2a: Hello Squidward.|0 fnt\n|-damage|p2b: Goodmorn Squidward|0 fnt\n|faint|p2a: Hello Squidward.\n|faint|p2b: Goodmorn Squidward\n|\n|-weather|RainDance|[upkeep]\n|upkeep\n|c|\u2606TheDoseOfStrange|I could use it to my advantage it's just I need to re-work my team a bit\n|\n|t:|1697924581\n|switch|p2a: Hi Squidward :)|Copperajah, M, shiny|100\/100\n|switch|p2b: Bye Squidward :D|Sinistcha-Masterpiece|100\/100\n|turn|4\n|\n|t:|1697924603\n|move|p1b: Palafin|Jet Punch|p1a: Gastrodon\n|-activate|p1a: Gastrodon|ability: Storm Drain\n|-ability|p1a: Gastrodon|Storm Drain|boost\n|-boost|p1a: Gastrodon|spa|1\n|move|p1a: Gastrodon|Earthquake|p2a: Hi Squidward :)|[spread] p1b,p2a,p2b\n|-supereffective|p2a: Hi Squidward :)\n|-resisted|p2b: Bye Squidward :D\n|-damage|p1b: Palafin|17\/100\n|-damage|p2a: Hi Squidward :)|62\/100\n|-damage|p2b: Bye Squidward :D|93\/100\n|move|p2a: Hi Squidward :)|Heavy Slam|p1b: Palafin\n|-resisted|p1b: Palafin\n|-damage|p1b: Palafin|0 fnt\n|faint|p1b: Palafin\n|move|p2b: Bye Squidward :D|Trick Room|p2b: Bye Squidward :D\n|-fieldstart|move: Trick Room|[of] p2b: Bye Squidward :D\n|\n|-weather|RainDance|[upkeep]\n|upkeep\n|c|\u2606TheDoseOfStrange|I forgot again lol\n|\n|t:|1697924621\n|switch|p1b: Ogerpon|Ogerpon-Wellspring, F|100\/100\n|turn|5\n|\n|t:|1697924641\n|switch|p2a: Hai Squidward! >_<|Vikavolt, M, shiny|68\/100\n|move|p1a: Gastrodon|Clear Smog|p2b: Bye Squidward :D\n|-damage|p2b: Bye Squidward :D|64\/100\n|-clearboost|p2b: Bye Squidward :D\n|move|p2b: Bye Squidward :D|Matcha Gotcha|p1b: Ogerpon|[spread] p1a,p1b\n|-supereffective|p1a: Gastrodon\n|-damage|p1a: Gastrodon|17\/100\n|-heal|p2b: Bye Squidward :D|100\/100|[from] drain|[of] p1a: Gastrodon\n|-damage|p1b: Ogerpon|78\/100\n|-status|p1b: Ogerpon|brn\n|move|p1b: Ogerpon|Ivy Cudgel|p1a: Gastrodon\n|-activate|p1a: Gastrodon|ability: Storm Drain\n|-ability|p1a: Gastrodon|Storm Drain|boost\n|-boost|p1a: Gastrodon|spa|1\n|\n|-weather|none\n|-heal|p1a: Gastrodon|23\/100|[from] item: Leftovers\n|-damage|p1b: Ogerpon|72\/100 brn|[from] brn\n|upkeep\n|turn|6\n|\n|t:|1697924663\n|move|p1b: Ogerpon|Spiky Shield|p1b: Ogerpon\n|-singleturn|p1b: Ogerpon|move: Protect\n|move|p2a: Hai Squidward! >_<|Bug Buzz|p1b: Ogerpon\n|-activate|p1b: Ogerpon|move: Protect\n|move|p1a: Gastrodon|Earthquake|p2b: Bye Squidward :D|[spread] p2b\n|-activate|p1b: Ogerpon|move: Protect\n|-immune|p2a: Hai Squidward! >_<|[from] ability: Levitate\n|-resisted|p2b: Bye Squidward :D\n|-damage|p2b: Bye Squidward :D|94\/100\n|move|p2b: Bye Squidward :D|Matcha Gotcha|p1a: Gastrodon|[spread] p1a\n|-activate|p1b: Ogerpon|move: Protect\n|-supereffective|p1a: Gastrodon\n|-damage|p1a: Gastrodon|0 fnt\n|-heal|p2b: Bye Squidward :D|100\/100|[from] drain|[of] p1a: Gastrodon\n|faint|p1a: Gastrodon\n|\n|-damage|p1b: Ogerpon|66\/100 brn|[from] brn\n|upkeep\n|\n|t:|1697924680\n|switch|p1a: Walking Wake|Walking Wake|100\/100\n|-enditem|p1a: Walking Wake|Booster Energy\n|-activate|p1a: Walking Wake|ability: Protosynthesis|[fromitem]\n|-start|p1a: Walking Wake|protosynthesisspa\n|turn|7\n|\n|t:|1697924698\n|move|p2b: Bye Squidward :D|Rage Powder|p2b: Bye Squidward :D\n|-singleturn|p2b: Bye Squidward :D|move: Rage Powder\n|move|p2a: Hai Squidward! >_<|Bug Buzz|p1b: Ogerpon\n|-supereffective|p1b: Ogerpon\n|-damage|p1b: Ogerpon|0 fnt\n|faint|p1b: Ogerpon\n|move|p1a: Walking Wake|Dragon Pulse|p2b: Bye Squidward :D\n|-crit|p2b: Bye Squidward :D\n|-damage|p2b: Bye Squidward :D|12\/100\n|\n|upkeep\n|\n|t:|1697924706\n|switch|p1b: Basculegion|Basculegion-F, F|100\/100\n|turn|8\n|\n|t:|1697924721\n|move|p2a: Hai Squidward! >_<|Bug Buzz|p1a: Walking Wake\n|-damage|p1a: Walking Wake|21\/100\n|move|p2b: Bye Squidward :D|Matcha Gotcha|p1a: Walking Wake|[spread] p1a,p1b\n|-supereffective|p1b: Basculegion\n|-damage|p1a: Walking Wake|0 fnt\n|-heal|p2b: Bye Squidward :D|22\/100|[from] drain|[of] p1a: Walking Wake\n|-damage|p1b: Basculegion|59\/100\n|-heal|p2b: Bye Squidward :D|46\/100|[from] drain|[of] p1b: Basculegion\n|faint|p1a: Walking Wake\n|-end|p1a: Walking Wake|Protosynthesis|[silent]\n|move|p1b: Basculegion|Last Respects|p2a: Hai Squidward! >_<\n|-damage|p2a: Hai Squidward! >_<|0 fnt\n|faint|p2a: Hai Squidward! >_<\n|\n|-heal|p1b: Basculegion|65\/100|[from] item: Leftovers\n|-fieldend|move: Trick Room\n|upkeep\n|\n|t:|1697924738\n|switch|p2a: Wsg Squidward|Golem-Alola, F, shiny|100\/100\n|turn|9\n|\n|t:|1697924750\n|move|p2b: Bye Squidward :D|Rage Powder|p2b: Bye Squidward :D\n|-singleturn|p2b: Bye Squidward :D|move: Rage Powder\n|move|p1b: Basculegion|Last Respects|p2b: Bye Squidward :D\n|-supereffective|p2b: Bye Squidward :D\n|-damage|p2b: Bye Squidward :D|0 fnt\n|faint|p2b: Bye Squidward :D\n|move|p2a: Wsg Squidward|Explosion|p1b: Basculegion\n|-supereffective|p1b: Basculegion\n|-damage|p1b: Basculegion|0 fnt\n|faint|p2a: Wsg Squidward\n|faint|p1b: Basculegion\n|\n|win|yaoiLover774\n|raw|TheDoseOfStrange's rating: 1104 &rarr; <strong>1081<\/strong><br \/>(-23 for losing)\n|raw|yaoiLover774's rating: 1130 &rarr; <strong>1153<\/strong><br \/>(+23 for winning)\n|c|\u2606TheDoseOfStrange|Well, this was a nice first try\n|c|\u2606yaoiLover774|gg\n|c|\u2606TheDoseOfStrange|gg\n","uploadtime":1697924764,"views":13,"p1id":"thedoseofstrange","p2id":"yaoilover774","formatid":"gen9doublesou","rating":1081,"private":0,"password":""}