{"id":"gen9doublesou-1999945834","p1":"ImVeryNewToPvp","p2":"830r","format":"[Gen 9] Doubles OU","log":"|j|\u2606ImVeryNewToPvp\n|j|\u2606830r\n|t:|1701133134\n|gametype|doubles\n|player|p1|ImVeryNewToPvp|unknown|1100\n|player|p2|830r|veteran|1192\n|teamsize|p1|6\n|teamsize|p2|6\n|gen|9\n|tier|[Gen 9] Doubles OU\n|rated|\n|rule|Species Clause: Limit one of each Pok\u00e9mon\n|rule|OHKO Clause: OHKO moves are banned\n|rule|Evasion Moves Clause: Evasion moves are banned\n|rule|Gravity Sleep Clause: The combination of sleep-inducing moves with imperfect accuracy and Gravity or Gigantamax Orbeetle are banned\n|rule|Endless Battle Clause: Forcing endless battles is banned\n|rule|HP Percentage Mod: HP is shown in percentages\n|clearpoke\n|poke|p1|Indeedee-F, F|\n|poke|p1|Armarouge, F|\n|poke|p1|Murkrow, M|\n|poke|p1|Gholdengo|\n|poke|p1|Amoonguss, F|\n|poke|p1|Infernape, M|\n|poke|p2|Sneasler, M|\n|poke|p2|Tornadus, M|\n|poke|p2|Regidrago|\n|poke|p2|Iron Moth|\n|poke|p2|Sinistcha|\n|poke|p2|Flutter Mane|\n|teampreview\n|inactive|Battle timer is ON: inactive players will automatically lose when time's up. (requested by 830r)\n|\n|t:|1701133137\n|start\n|switch|p1a: Indeedee|Indeedee-F, F|100\/100\n|switch|p1b: Armarouge|Armarouge, F|100\/100\n|switch|p2a: Sneasler|Sneasler, M|100\/100\n|switch|p2b: Tornadus|Tornadus, M|100\/100\n|-fieldstart|move: Psychic Terrain|[from] ability: Psychic Surge|[of] p1a: Indeedee\n|turn|1\n|inactive|ImVeryNewToPvp has 120 seconds left.\n|\n|t:|1701133168\n|move|p1a: Indeedee|Follow Me|p1a: Indeedee\n|-singleturn|p1a: Indeedee|move: Follow Me\n|move|p2b: Tornadus|Knock Off|p1a: Indeedee\n|-supereffective|p1a: Indeedee\n|-damage|p1a: Indeedee|40\/100\n|-enditem|p1a: Indeedee|Terrain Extender|[from] move: Knock Off|[of] p2b: Tornadus\n|move|p2a: Sneasler|Close Combat|p1a: Indeedee\n|-damage|p1a: Indeedee|0 fnt\n|-unboost|p2a: Sneasler|def|1\n|-unboost|p2a: Sneasler|spd|1\n|faint|p1a: Indeedee\n|move|p1b: Armarouge|Calm Mind|p1b: Armarouge\n|-boost|p1b: Armarouge|spa|1\n|-boost|p1b: Armarouge|spd|1\n|-enditem|p2b: Tornadus|Mirror Herb\n|-boost|p2b: Tornadus|spa|1|[from] item: Mirror Herb\n|-boost|p2b: Tornadus|spd|1|[from] item: Mirror Herb\n|-enditem|p2a: Sneasler|Mirror Herb\n|-boost|p2a: Sneasler|spa|1|[from] item: Mirror Herb\n|-boost|p2a: Sneasler|spd|1|[from] item: Mirror Herb\n|\n|upkeep\n|inactive|ImVeryNewToPvp has 120 seconds left.\n|\n|t:|1701133192\n|switch|p1a: Murkrow|Murkrow, M|100\/100\n|turn|2\n|inactive|ImVeryNewToPvp has 120 seconds left.\n|\n|t:|1701133220\n|move|p1a: Murkrow|Tailwind|p1a: Murkrow\n|-sidestart|p1: ImVeryNewToPvp|move: Tailwind\n|move|p2a: Sneasler|Close Combat|p1a: Murkrow\n|-damage|p1a: Murkrow|31\/100\n|-unboost|p2a: Sneasler|def|1\n|-unboost|p2a: Sneasler|spd|1\n|move|p1b: Armarouge|Psyshock|p2a: Sneasler\n|-supereffective|p2a: Sneasler\n|-crit|p2a: Sneasler\n|-damage|p2a: Sneasler|0 fnt\n|faint|p2a: Sneasler\n|move|p2b: Tornadus|Knock Off|p1b: Armarouge\n|-supereffective|p1b: Armarouge\n|-damage|p1b: Armarouge|35\/100\n|-ability|p1b: Armarouge|Weak Armor|boost\n|-unboost|p1b: Armarouge|def|1\n|-boost|p1b: Armarouge|spe|2\n|-enditem|p1b: Armarouge|Heavy-Duty Boots|[from] move: Knock Off|[of] p2b: Tornadus\n|\n|upkeep\n|\n|t:|1701133238\n|switch|p2a: Artillery support|Regidrago|100\/100\n|turn|3\n|inactive|ImVeryNewToPvp has 120 seconds left.\n|inactive|ImVeryNewToPvp has 90 seconds left.\n|\n|t:|1701133287\n|move|p1a: Murkrow|Perish Song|p1a: Murkrow\n|-start|p1a: Murkrow|perish3|[silent]\n|-start|p1b: Armarouge|perish3|[silent]\n|-activate|p2a: Artillery support|move: Psychic Terrain\n|-start|p2b: Tornadus|perish3|[silent]\n|-fieldactivate|move: Perish Song\n|move|p1b: Armarouge|Armor Cannon|p2b: Tornadus\n|-crit|p2b: Tornadus\n|-damage|p2b: Tornadus|0 fnt\n|-unboost|p1b: Armarouge|def|1\n|-unboost|p1b: Armarouge|spd|1\n|faint|p2b: Tornadus\n|move|p2a: Artillery support|Dragon Energy|p1a: Murkrow|[spread] p1a,p1b\n|-damage|p1a: Murkrow|0 fnt\n|-damage|p1b: Armarouge|0 fnt\n|faint|p1a: Murkrow\n|faint|p1b: Armarouge\n|\n|upkeep\n|inactive|ImVeryNewToPvp has 90 seconds left.\n|\n|t:|1701133318\n|switch|p2b: Support support|Iron Moth|100\/100\n|switch|p1b: Amoonguss|Amoonguss, F, shiny|100\/100\n|switch|p1a: Gholdengo|Gholdengo, shiny|100\/100\n|-enditem|p2b: Support support|Booster Energy\n|-activate|p2b: Support support|ability: Quark Drive|[fromitem]\n|-start|p2b: Support support|quarkdrivespa\n|turn|4\n|inactive|ImVeryNewToPvp has 90 seconds left.\n|\n|t:|1701133363\n|move|p1a: Gholdengo|Trick|p2b: Support support\n|-activate|p1a: Gholdengo|move: Trick|[of] p2b: Support support\n|-item|p2b: Support support|Choice Specs|[from] move: Trick\n|-enditem|p1a: Gholdengo|Choice Specs|[silent]|[from] move: Trick\n|move|p2a: Artillery support|Dragon Energy|p1b: Amoonguss|[spread] p1a,p1b\n|-resisted|p1a: Gholdengo\n|-damage|p1a: Gholdengo|56\/100\n|-damage|p1b: Amoonguss|29\/100\n|move|p2b: Support support|Heat Wave|p1b: Amoonguss|[spread] p1a,p1b\n|-supereffective|p1a: Gholdengo\n|-supereffective|p1b: Amoonguss\n|-damage|p1a: Gholdengo|0 fnt\n|-damage|p1b: Amoonguss|0 fnt\n|faint|p1a: Gholdengo\n|faint|p1b: Amoonguss\n|\n|upkeep\n|inactive|ImVeryNewToPvp has 60 seconds left.\n|c|\u2606830r|Uh thanks?\n|\n|t:|1701133385\n|switch|p1a: Infernape|Infernape, M|100\/100\n|turn|5\n|\n|t:|1701133401\n|-terastallize|p1a: Infernape|Fire\n|move|p1a: Infernape|Fake Out|p2a: Artillery support\n|-activate|p2a: Artillery support|move: Psychic Terrain\n|move|p2a: Artillery support|Dragon Energy|p1a: Infernape\n|-damage|p1a: Infernape|0 fnt\n|faint|p1a: Infernape\n|\n|win|830r\n|raw|ImVeryNewToPvp's rating: 1100 &rarr; <strong>1081<\/strong><br \/>(-19 for losing)\n|raw|830r's rating: 1192 &rarr; <strong>1211<\/strong><br \/>(+19 for winning)\n","uploadtime":1701133410,"views":12,"p1id":"imverynewtopvp","p2id":"830r","formatid":"gen9doublesou","rating":1081,"private":0,"password":""}