{"id":"gen9doublesou-1986091817","p1":"RocketsViability","p2":"Sylvesweep","format":"[Gen 9] Doubles OU","log":"|j|\u2606RocketsViability\n|j|\u2606Sylvesweep\n|t:|1699449164\n|gametype|doubles\n|player|p1|RocketsViability|2|1139\n|player|p2|Sylvesweep|1|1084\n|teamsize|p1|6\n|teamsize|p2|6\n|gen|9\n|tier|[Gen 9] Doubles OU\n|rated|\n|rule|Species Clause: Limit one of each Pok\u00e9mon\n|rule|OHKO Clause: OHKO moves are banned\n|rule|Evasion Moves Clause: Evasion moves are banned\n|rule|Gravity Sleep Clause: The combination of sleep-inducing moves with imperfect accuracy and Gravity or Gigantamax Orbeetle are banned\n|rule|Endless Battle Clause: Forcing endless battles is banned\n|rule|HP Percentage Mod: HP is shown in percentages\n|clearpoke\n|poke|p1|Ninetales-Alola, F|\n|poke|p1|Trevenant, M|\n|poke|p1|Goodra-Hisui, F|\n|poke|p1|Sandslash-Alola, M|\n|poke|p1|Torterra, M|\n|poke|p1|Empoleon, M|\n|poke|p2|Landorus-Therian, M|\n|poke|p2|Kommo-o, M|\n|poke|p2|Sylveon, F|\n|poke|p2|Sinistcha-Masterpiece|\n|poke|p2|Clefairy, F|\n|poke|p2|Fezandipiti, M|\n|teampreview\n|\n|t:|1699449174\n|start\n|switch|p1a: Trevenant|Trevenant, M|100\/100\n|switch|p1b: Empoleon|Empoleon, M|100\/100\n|switch|p2a: Kommo-o|Kommo-o, M|100\/100\n|switch|p2b: Sylveon|Sylveon, F, shiny|100\/100\n|turn|1\n|\n|t:|1699449201\n|switch|p1b: Ninetales|Ninetales-Alola, F|100\/100\n|-weather|Snow|[from] ability: Snow Warning|[of] p1b: Ninetales\n|move|p2a: Kommo-o|Clangorous Soul|p2a: Kommo-o\n|-boost|p2a: Kommo-o|atk|1\n|-boost|p2a: Kommo-o|def|1\n|-boost|p2a: Kommo-o|spa|1\n|-boost|p2a: Kommo-o|spd|1\n|-boost|p2a: Kommo-o|spe|1\n|-damage|p2a: Kommo-o|68\/100\n|-enditem|p2a: Kommo-o|Throat Spray\n|-boost|p2a: Kommo-o|spa|1|[from] item: Throat Spray\n|move|p2b: Sylveon|Shadow Ball|p1a: Trevenant\n|-supereffective|p1a: Trevenant\n|-damage|p1a: Trevenant|63\/100\n|move|p1a: Trevenant|Toxic|p2a: Kommo-o\n|-status|p2a: Kommo-o|tox\n|\n|-weather|Snow|[upkeep]\n|-damage|p2a: Kommo-o|62\/100 tox|[from] psn\n|upkeep\n|turn|2\n|\n|t:|1699449247\n|move|p1a: Trevenant|Ally Switch|p1a: Trevenant\n|swap|p1a: Trevenant|1|[from] move: Ally Switch\n|move|p2a: Kommo-o|Flash Cannon|p1b: Trevenant\n|-damage|p1b: Trevenant|27\/100\n|-enditem|p1b: Trevenant|Sitrus Berry|[eat]\n|-heal|p1b: Trevenant|52\/100|[from] item: Sitrus Berry\n|move|p1a: Ninetales|Blizzard|p2b: Sylveon|[spread] p2a,p2b\n|-supereffective|p2a: Kommo-o\n|-damage|p2a: Kommo-o|17\/100 tox\n|-damage|p2b: Sylveon|76\/100\n|move|p2b: Sylveon|Psych Up|p2a: Kommo-o\n|-copyboost|p2b: Sylveon|p2a: Kommo-o|[from] move: Psych Up\n|\n|-weather|Snow|[upkeep]\n|-damage|p2a: Kommo-o|4\/100 tox|[from] psn\n|-item|p1b: Trevenant|Sitrus Berry|[from] ability: Harvest\n|upkeep\n|turn|3\n|\n|t:|1699449283\n|switch|p2a: Sinistcha|Sinistcha-Masterpiece|100\/100\n|-heal|p2b: Sylveon|100\/100|[from] ability: Hospitality|[of] p2a: Sinistcha\n|move|p1a: Ninetales|Dazzling Gleam|p2a: Sinistcha|[spread] p2a,p2b\n|-damage|p2a: Sinistcha|77\/100\n|-damage|p2b: Sylveon|88\/100\n|move|p2b: Sylveon|Stored Power|p1a: Ninetales\n|-damage|p1a: Ninetales|1\/100\n|move|p1b: Trevenant|Toxic|p2b: Sylveon\n|-status|p2b: Sylveon|tox\n|\n|-weather|Snow|[upkeep]\n|-damage|p2b: Sylveon|82\/100 tox|[from] psn\n|upkeep\n|turn|4\n|c|\u2606Sylvesweep|nice move choice\n|\n|t:|1699449306\n|move|p1a: Ninetales|Aurora Veil|p1a: Ninetales\n|-sidestart|p1: RocketsViability|move: Aurora Veil\n|move|p2b: Sylveon|Hyper Voice|p1a: Ninetales|[spread] p1a,p1b\n|-damage|p1a: Ninetales|0 fnt\n|-damage|p1b: Trevenant|3\/100\n|-enditem|p1b: Trevenant|Sitrus Berry|[eat]\n|-heal|p1b: Trevenant|28\/100|[from] item: Sitrus Berry\n|faint|p1a: Ninetales\n|move|p2a: Sinistcha|Life Dew|p2a: Sinistcha|[spread] p2a,p2b\n|-heal|p2a: Sinistcha|100\/100\n|-heal|p2b: Sylveon|100\/100 tox\n|move|p1b: Trevenant|Disable|p2b: Sylveon\n|-start|p2b: Sylveon|Disable|Hyper Voice\n|\n|-weather|Snow|[upkeep]\n|-damage|p2b: Sylveon|88\/100 tox|[from] psn\n|upkeep\n|\n|t:|1699449323\n|switch|p1a: Sandslash|Sandslash-Alola, M|100\/100\n|turn|5\n|\n|t:|1699449347\n|move|p2b: Sylveon|Stored Power|p1a: Sandslash\n|-resisted|p1a: Sandslash\n|-damage|p1a: Sandslash|60\/100\n|move|p2a: Sinistcha|Matcha Gotcha|p1b: Trevenant|[spread] p1a,p1b\n|-resisted|p1a: Sandslash\n|-resisted|p1b: Trevenant\n|-damage|p1a: Sandslash|48\/100\n|-damage|p1b: Trevenant|21\/100\n|-status|p1a: Sandslash|brn\n|move|p1a: Sandslash|Knock Off|p2b: Sylveon\n|-resisted|p2b: Sylveon\n|-damage|p2b: Sylveon|81\/100 tox\n|-enditem|p2b: Sylveon|Fairy Feather|[from] move: Knock Off|[of] p1a: Sandslash\n|move|p1b: Trevenant|Disable|p2a: Sinistcha\n|-start|p2a: Sinistcha|Disable|Matcha Gotcha\n|\n|-weather|Snow|[upkeep]\n|-damage|p2b: Sylveon|63\/100 tox|[from] psn\n|-damage|p1a: Sandslash|42\/100 brn|[from] brn\n|upkeep\n|turn|6\n|\n|t:|1699449369\n|switch|p1b: Goodra|Goodra-Hisui, F|100\/100\n|move|p1a: Sandslash|Ice Shard|p2b: Sylveon\n|-crit|p2b: Sylveon\n|-damage|p2b: Sylveon|44\/100 tox\n|move|p2b: Sylveon|Shadow Ball|p1b: Goodra\n|-damage|p1b: Goodra|80\/100\n|move|p2a: Sinistcha|Hex|p1a: Sandslash\n|-damage|p1a: Sandslash|0 fnt\n|faint|p1a: Sandslash\n|\n|-weather|Snow|[upkeep]\n|-damage|p2b: Sylveon|20\/100 tox|[from] psn\n|upkeep\n|\n|t:|1699449380\n|switch|p1a: Trevenant|Trevenant, M|21\/100\n|turn|7\n|\n|t:|1699449394\n|move|p2b: Sylveon|Shadow Ball|p1a: Trevenant\n|-supereffective|p1a: Trevenant\n|-damage|p1a: Trevenant|0 fnt\n|faint|p1a: Trevenant\n|move|p2a: Sinistcha|Life Dew||[still]|[spread] p2a,p2b\n|-fail|p2a: Sinistcha|heal\n|-heal|p2b: Sylveon|45\/100 tox\n|move|p1b: Goodra|Blizzard|p2a: Sinistcha|[spread] p2a,p2b\n|-supereffective|p2a: Sinistcha\n|-damage|p2a: Sinistcha|46\/100\n|-damage|p2b: Sylveon|31\/100 tox\n|-status|p2a: Sinistcha|frz\n|\n|-weather|Snow|[upkeep]\n|-damage|p2b: Sylveon|1\/100 tox|[from] psn\n|upkeep\n|\n|t:|1699449407\n|switch|p1a: Empoleon|Empoleon, M|100\/100\n|turn|8\n|\n|t:|1699449424\n|move|p1a: Empoleon|Protect|p1a: Empoleon\n|-singleturn|p1a: Empoleon|Protect\n|move|p1b: Goodra|Protect|p1b: Goodra\n|-singleturn|p1b: Goodra|Protect\n|-curestatus|p2a: Sinistcha|frz|[msg]\n|move|p2a: Sinistcha|Rage Powder|p2a: Sinistcha\n|-singleturn|p2a: Sinistcha|move: Rage Powder\n|move|p2b: Sylveon|Stored Power|p1a: Empoleon\n|-activate|p1a: Empoleon|move: Protect\n|\n|-weather|none\n|-damage|p2b: Sylveon|0 fnt|[from] psn\n|faint|p2b: Sylveon\n|-sideend|p1: RocketsViability|move: Aurora Veil\n|upkeep\n|\n|t:|1699449438\n|switch|p2b: Fezandipiti|Fezandipiti, M|100\/100\n|turn|9\n|\n|t:|1699449459\n|move|p2b: Fezandipiti|Play Rough|p1a: Empoleon\n|-resisted|p1a: Empoleon\n|-damage|p1a: Empoleon|80\/100\n|move|p2a: Sinistcha|Life Dew||[still]|[spread] p2a,p2b\n|-heal|p2a: Sinistcha|71\/100\n|-fail|p2b: Fezandipiti|heal\n|move|p1a: Empoleon|Blizzard|p2a: Sinistcha|[spread] p2a\n|-miss|p1a: Empoleon|p2b: Fezandipiti\n|-supereffective|p2a: Sinistcha\n|-damage|p2a: Sinistcha|12\/100\n|move|p1b: Goodra|Blizzard|p2b: Fezandipiti|[spread] p2a,p2b\n|-supereffective|p2a: Sinistcha\n|-damage|p2a: Sinistcha|0 fnt\n|-damage|p2b: Fezandipiti|79\/100\n|faint|p2a: Sinistcha\n|\n|-heal|p2b: Fezandipiti|85\/100|[from] item: Leftovers\n|-heal|p1a: Empoleon|86\/100|[from] item: Leftovers\n|upkeep\n|c|\u2606RocketsViability|i forgor fez isnt flying\n|\n|t:|1699449480\n|switch|p2a: Landorus|Landorus-Therian, M|100\/100\n|-ability|p2a: Landorus|Intimidate|boost\n|-unboost|p1a: Empoleon|atk|1\n|-ability|p1a: Empoleon|Competitive|boost\n|-boost|p1a: Empoleon|spa|2\n|-unboost|p1b: Goodra|atk|1\n|turn|10\n|\n|t:|1699449501\n|switch|p2b: Clefairy|Clefairy, F|100\/100\n|move|p1a: Empoleon|Protect|p1a: Empoleon\n|-singleturn|p1a: Empoleon|Protect\n|move|p2a: Landorus|Earthquake|p1b: Goodra|[spread] p2b,p1b\n|-activate|p1a: Empoleon|move: Protect\n|-supereffective|p1b: Goodra\n|-damage|p2b: Clefairy|65\/100\n|-damage|p1b: Goodra|7\/100\n|move|p1b: Goodra|Blizzard|p2a: Landorus|[spread] p2a,p2b\n|-supereffective|p2a: Landorus\n|-damage|p2a: Landorus|20\/100\n|-damage|p2b: Clefairy|40\/100\n|\n|-heal|p2a: Landorus|26\/100|[from] item: Leftovers\n|-heal|p1a: Empoleon|92\/100|[from] item: Leftovers\n|upkeep\n|turn|11\n|\n|t:|1699449520\n|-terastallize|p1a: Empoleon|Water\n|move|p1b: Goodra|Protect|p1b: Goodra\n|-singleturn|p1b: Goodra|Protect\n|move|p2a: Landorus|Earthquake|p1b: Goodra|[spread] p2b,p1a\n|-activate|p1b: Goodra|move: Protect\n|-damage|p2b: Clefairy|5\/100\n|-damage|p1a: Empoleon|56\/100\n|move|p1a: Empoleon|Blizzard|p2a: Landorus|[spread] p2a\n|-miss|p1a: Empoleon|p2b: Clefairy\n|-supereffective|p2a: Landorus\n|-damage|p2a: Landorus|0 fnt\n|faint|p2a: Landorus\n|move|p2b: Clefairy|Heal Pulse|p2: Landorus|[notarget]\n|-fail|p2b: Clefairy\n|\n|-heal|p1a: Empoleon|62\/100|[from] item: Leftovers\n|upkeep\n|\n|t:|1699449535\n|switch|p2a: Fezandipiti|Fezandipiti, M|85\/100\n|turn|12\n|\n|t:|1699449546\n|move|p2a: Fezandipiti|Air Slash|p1a: Empoleon\n|-damage|p1a: Empoleon|50\/100\n|cant|p1a: Empoleon|flinch\n|move|p1b: Goodra|Blizzard|p2b: Clefairy|[spread] p2a\n|-miss|p1b: Goodra|p2b: Clefairy\n|-damage|p2a: Fezandipiti|67\/100\n|move|p2b: Clefairy|Chilling Water|p1b: Goodra\n|-resisted|p1b: Goodra\n|-damage|p1b: Goodra|5\/100\n|-unboost|p1b: Goodra|atk|1\n|\n|-heal|p2a: Fezandipiti|73\/100|[from] item: Leftovers\n|-heal|p1a: Empoleon|56\/100|[from] item: Leftovers\n|upkeep\n|turn|13\n|c|\u2606RocketsViability|!dt friend guard\n|raw|<ul class=\"utilichart\"><li class=\"result\"><span class=\"col namecol\"><a href=\"https:\/\/dex.pokemonshowdown.com\/abilities\/friendguard\">Friend Guard<\/a><\/span> <span class=\"col abilitydesccol\">This Pokemon's allies receive 3\/4 damage from other Pokemon's attacks.<\/span> <\/li><li style=\"clear:both\"><\/li><\/ul>\n|raw|<font size=\"1\"><font color=\"#686868\">Gen:<\/font> 5&nbsp;|&ThickSpace;&#10003; Ignored by Mold Breaker<\/font>\n\n|c|\u2606RocketsViability|o\n|\n|t:|1699449595\n|move|p2a: Fezandipiti|Air Slash|p1a: Empoleon\n|-damage|p1a: Empoleon|45\/100\n|move|p1b: Goodra|Blizzard|p2a: Fezandipiti|[spread] p2a,p2b\n|-damage|p2a: Fezandipiti|54\/100\n|-damage|p2b: Clefairy|0 fnt\n|faint|p2b: Clefairy\n|cant|p1a: Empoleon|flinch\n|\n|-heal|p2a: Fezandipiti|60\/100|[from] item: Leftovers\n|-heal|p1a: Empoleon|51\/100|[from] item: Leftovers\n|upkeep\n|\n|t:|1699449612\n|switch|p2b: Kommo-o|Kommo-o, M|4\/100 tox\n|turn|14\n|\n|t:|1699449625\n|move|p1a: Empoleon|Protect|p1a: Empoleon\n|-singleturn|p1a: Empoleon|Protect\n|move|p1b: Goodra|Protect|p1b: Goodra\n|-singleturn|p1b: Goodra|Protect\n|move|p2a: Fezandipiti|Air Slash|p1a: Empoleon\n|-activate|p1a: Empoleon|move: Protect\n|move|p2b: Kommo-o|Clanging Scales|p1a: Empoleon|[spread] \n|-activate|p1a: Empoleon|move: Protect\n|-activate|p1b: Goodra|move: Protect\n|\n|-heal|p2a: Fezandipiti|66\/100|[from] item: Leftovers\n|-heal|p1a: Empoleon|57\/100|[from] item: Leftovers\n|-damage|p2b: Kommo-o|0 fnt|[from] psn\n|faint|p2b: Kommo-o\n|upkeep\n|turn|15\n|\n|t:|1699449649\n|switch|p1b: Torterra|Torterra, M|100\/100\n|move|p2a: Fezandipiti|Sludge Bomb|p1a: Empoleon\n|-damage|p1a: Empoleon|37\/100\n|move|p1a: Empoleon|Hydro Pump|p2a: Fezandipiti\n|-damage|p2a: Fezandipiti|0 fnt\n|faint|p2a: Fezandipiti\n|\n|win|RocketsViability\n|raw|RocketsViability's rating: 1139 &rarr; <strong>1160<\/strong><br \/>(+21 for winning)\n|raw|Sylvesweep's rating: 1084 &rarr; <strong>1065<\/strong><br \/>(-19 for losing)\n|c|\u2606Sylvesweep|gg\n|c|\u2606RocketsViability|gg\n","uploadtime":1699449662,"views":16,"p1id":"rocketsviability","p2id":"sylvesweep","formatid":"gen9doublesou","rating":1065,"private":0,"password":""}