{"id":"gen9doublesou-1997547062","p1":"BadTimeTimmothy","p2":"AlfrexFrostStaff","format":"[Gen 9] Doubles OU","log":"|j|\u2606BadTimeTimmothy\n|j|\u2606AlfrexFrostStaff\n|t:|1700823551\n|gametype|doubles\n|player|p1|BadTimeTimmothy|1|1220\n|player|p2|AlfrexFrostStaff|hilbert|1189\n|teamsize|p1|6\n|teamsize|p2|6\n|gen|9\n|tier|[Gen 9] Doubles OU\n|rated|\n|rule|Species Clause: Limit one of each Pok\u00e9mon\n|rule|OHKO Clause: OHKO moves are banned\n|rule|Evasion Moves Clause: Evasion moves are banned\n|rule|Gravity Sleep Clause: The combination of sleep-inducing moves with imperfect accuracy and Gravity or Gigantamax Orbeetle are banned\n|rule|Endless Battle Clause: Forcing endless battles is banned\n|rule|HP Percentage Mod: HP is shown in percentages\n|clearpoke\n|poke|p1|Rillaboom, M|\n|poke|p1|Sneasler, F|\n|poke|p1|Garganacl, F|\n|poke|p1|Sinistcha|\n|poke|p1|Gholdengo|\n|poke|p1|Tornadus, M|\n|poke|p2|Klefki, M|\n|poke|p2|Indeedee-F, F|\n|poke|p2|Armarouge, M|\n|poke|p2|Torterra, F|\n|poke|p2|Iron Hands|\n|poke|p2|Dondozo, M|\n|teampreview\n|inactive|Battle timer is ON: inactive players will automatically lose when time's up. (requested by AlfrexFrostStaff)\n|c|\u2606BadTimeTimmothy|glhf!\n|c|\u2606AlfrexFrostStaff|you too\n|\n|t:|1700823566\n|start\n|switch|p1a: Tornadus|Tornadus, M|100\/100\n|switch|p1b: Monke|Rillaboom, M|100\/100\n|switch|p2a: Indeedee|Indeedee-F, F|100\/100\n|switch|p2b: Armarouge|Armarouge, M|100\/100\n|-fieldstart|move: Grassy Terrain|[from] ability: Grassy Surge|[of] p1b: Monke\n|-fieldstart|move: Psychic Terrain|[from] ability: Psychic Surge|[of] p2a: Indeedee\n|turn|1\n|\n|t:|1700823593\n|switch|p1b: Hotdog Water|Garganacl, F, shiny|100\/100\n|move|p1a: Tornadus|Tailwind|p1a: Tornadus\n|-sidestart|p1: BadTimeTimmothy|move: Tailwind\n|move|p2b: Armarouge|Heat Wave|p1b: Hotdog Water|[spread] p1a,p1b\n|-resisted|p1b: Hotdog Water\n|-damage|p1a: Tornadus|71\/100\n|-damage|p1b: Hotdog Water|88\/100\n|move|p2a: Indeedee|Trick Room|p2a: Indeedee\n|-fieldstart|move: Trick Room|[of] p2a: Indeedee\n|\n|-heal|p1b: Hotdog Water|94\/100|[from] item: Leftovers\n|upkeep\n|turn|2\n|\n|t:|1700823612\n|-terastallize|p2b: Armarouge|Psychic\n|move|p2a: Indeedee|Helping Hand|p2b: Armarouge\n|-singleturn|p2b: Armarouge|Helping Hand|[of] p2a: Indeedee\n|move|p1a: Tornadus|Protect|p1a: Tornadus\n|-singleturn|p1a: Tornadus|Protect\n|move|p2b: Armarouge|Expanding Force|p1b: Hotdog Water|[spread] p1b\n|-activate|p1a: Tornadus|move: Protect\n|-damage|p1b: Hotdog Water|2\/100\n|move|p1b: Hotdog Water|Salt Cure|p2b: Armarouge\n|-damage|p2b: Armarouge|88\/100\n|-start|p2b: Armarouge|Salt Cure\n|\n|-heal|p1b: Hotdog Water|8\/100|[from] item: Leftovers\n|-damage|p2b: Armarouge|76\/100|[from] Salt Cure\n|upkeep\n|turn|3\n|\n|t:|1700823624\n|move|p2a: Indeedee|Helping Hand|p2b: Armarouge\n|-singleturn|p2b: Armarouge|Helping Hand|[of] p2a: Indeedee\n|move|p1a: Tornadus|Protect|p1a: Tornadus\n|-singleturn|p1a: Tornadus|Protect\n|move|p2b: Armarouge|Expanding Force|p1b: Hotdog Water|[spread] p1b\n|-activate|p1a: Tornadus|move: Protect\n|-damage|p1b: Hotdog Water|0 fnt\n|faint|p1b: Hotdog Water\n|\n|-damage|p2b: Armarouge|64\/100|[from] Salt Cure\n|upkeep\n|\n|t:|1700823632\n|switch|p1b: Wacky|Gholdengo|100\/100\n|-item|p1b: Wacky|Air Balloon\n|turn|4\n|c|\u2606AlfrexFrostStaff|using protect twice in a row?\n|c|\u2606AlfrexFrostStaff|what is this sorcery\n|\n|t:|1700823642\n|move|p2a: Indeedee|Helping Hand|p2b: Armarouge\n|-singleturn|p2b: Armarouge|Helping Hand|[of] p2a: Indeedee\n|move|p2b: Armarouge|Heat Wave|p1b: Wacky|[spread] p1a,p1b\n|-supereffective|p1b: Wacky\n|-crit|p1b: Wacky\n|-damage|p1a: Tornadus|27\/100\n|-damage|p1b: Wacky|0 fnt\n|-enditem|p1b: Wacky|Air Balloon\n|faint|p1b: Wacky\n|move|p1a: Tornadus|Bleakwind Storm|p2b: Armarouge|[spread] p2a,p2b\n|-damage|p2a: Indeedee|77\/100\n|-damage|p2b: Armarouge|32\/100\n|\n|-damage|p2b: Armarouge|20\/100|[from] Salt Cure\n|-sideend|p1: BadTimeTimmothy|move: Tailwind\n|upkeep\n|c|\u2606BadTimeTimmothy|Honestly, never got that lucky before\n|\n|t:|1700823663\n|switch|p1b: Monke|Rillaboom, M|100\/100\n|-fieldstart|move: Grassy Terrain|[from] ability: Grassy Surge|[of] p1b: Monke\n|turn|5\n|\n|t:|1700823672\n|move|p1a: Tornadus|Tailwind|p1a: Tornadus\n|-sidestart|p1: BadTimeTimmothy|move: Tailwind\n|move|p1b: Monke|Grassy Glide|p2b: Armarouge\n|-damage|p2b: Armarouge|0 fnt\n|faint|p2b: Armarouge\n|move|p2a: Indeedee|Heal Pulse|p2: Armarouge|[notarget]\n|-fail|p2a: Indeedee\n|\n|-heal|p2a: Indeedee|83\/100|[from] Grassy Terrain\n|-fieldend|move: Trick Room\n|upkeep\n|\n|t:|1700823687\n|switch|p2b: Iron Hands|Iron Hands|100\/100\n|turn|6\n|c|\u2606BadTimeTimmothy|And i'm also just now realizing my crippling weakness to fire\n|\n|t:|1700823699\n|switch|p1b: Swindle|Sneasler, F, shiny|100\/100\n|-enditem|p1b: Swindle|Grassy Seed\n|-boost|p1b: Swindle|def|1|[from] item: Grassy Seed\n|switch|p2a: Klefki|Klefki, M|100\/100\n|move|p1a: Tornadus|Taunt|p2a: Klefki\n|-start|p2a: Klefki|move: Taunt\n|move|p2b: Iron Hands|Ice Punch|p1a: Tornadus\n|-supereffective|p1a: Tornadus\n|-damage|p1a: Tornadus|0 fnt\n|faint|p1a: Tornadus\n|\n|upkeep\n|c|\u2606BadTimeTimmothy|And ice\n|\n|t:|1700823720\n|switch|p1a: Monke|Rillaboom, M|100\/100\n|turn|7\n|\n|t:|1700823741\n|switch|p2a: Indeedee|Indeedee-F, F|83\/100\n|-fieldstart|move: Psychic Terrain|[from] ability: Psychic Surge|[of] p2a: Indeedee\n|move|p1b: Swindle|Dire Claw|p2b: Iron Hands\n|-damage|p2b: Iron Hands|79\/100\n|move|p1a: Monke|Wood Hammer|p2b: Iron Hands\n|-damage|p2b: Iron Hands|52\/100\n|-damage|p1a: Monke|87\/100|[from] Recoil\n|move|p2b: Iron Hands|Substitute|p2b: Iron Hands\n|-start|p2b: Iron Hands|Substitute\n|-damage|p2b: Iron Hands|27\/100\n|\n|upkeep\n|turn|8\n|\n|t:|1700823764\n|move|p1b: Swindle|Dire Claw|p2a: Indeedee\n|-damage|p2a: Indeedee|19\/100\n|-status|p2a: Indeedee|slp\n|-damage|p1b: Swindle|84\/100|[from] item: Rocky Helmet|[of] p2a: Indeedee\n|move|p1a: Monke|Wood Hammer|p2a: Indeedee\n|-damage|p2a: Indeedee|0 fnt\n|-damage|p1a: Monke|70\/100|[from] item: Rocky Helmet|[of] p2a: Indeedee\n|faint|p2a: Indeedee\n|-damage|p1a: Monke|64\/100|[from] Recoil\n|move|p2b: Iron Hands|Ice Punch|p1a: Monke\n|-supereffective|p1a: Monke\n|-damage|p1a: Monke|10\/100\n|\n|-sideend|p1: BadTimeTimmothy|move: Tailwind\n|upkeep\n|\n|t:|1700823769\n|switch|p2a: Klefki|Klefki, M|100\/100\n|turn|9\n|\n|t:|1700823778\n|move|p1b: Swindle|Dire Claw|p2b: Iron Hands\n|-activate|p2b: Iron Hands|move: Substitute|[damage]\n|move|p1a: Monke|Wood Hammer|p2b: Iron Hands\n|-end|p2b: Iron Hands|Substitute\n|-damage|p1a: Monke|9\/100|[from] Recoil|[of] p2b: Iron Hands\n|move|p2b: Iron Hands|Ice Punch|p1a: Monke\n|-supereffective|p1a: Monke\n|-damage|p1a: Monke|0 fnt\n|faint|p1a: Monke\n|move|p2a: Klefki|Trick Room|p2a: Klefki\n|-fieldstart|move: Trick Room|[of] p2a: Klefki\n|\n|upkeep\n|\n|t:|1700823783\n|switch|p1a: Guacamole|Sinistcha|100\/100\n|-heal|p1b: Swindle|100\/100|[from] ability: Hospitality|[of] p1a: Guacamole\n|turn|10\n|\n|t:|1700823800\n|move|p2a: Klefki|Light Screen|p2a: Klefki\n|-sidestart|p2: AlfrexFrostStaff|move: Light Screen\n|move|p2b: Iron Hands|Substitute|p2b: Iron Hands\n|-start|p2b: Iron Hands|Substitute\n|-damage|p2b: Iron Hands|2\/100\n|move|p1a: Guacamole|Calm Mind|p1a: Guacamole\n|-boost|p1a: Guacamole|spa|1\n|-boost|p1a: Guacamole|spd|1\n|move|p1b: Swindle|Close Combat|p2b: Iron Hands\n|-end|p2b: Iron Hands|Substitute\n|-unboost|p1b: Swindle|def|1\n|-unboost|p1b: Swindle|spd|1\n|\n|upkeep\n|turn|11\n|c|\u2606BadTimeTimmothy|Well gg\n|c|\u2606AlfrexFrostStaff|gg\n|\n|t:|1700823810\n|switch|p2a: Torterra|Torterra, F|100\/100\n|move|p2b: Iron Hands|Ice Punch|p1a: Guacamole\n|-supereffective|p1a: Guacamole\n|-damage|p1a: Guacamole|57\/100\n|-damage|p2b: Iron Hands|0 fnt|[from] item: Rocky Helmet|[of] p1a: Guacamole\n|faint|p2b: Iron Hands\n|-end|p2b: Iron Hands|Quark Drive|[silent]\n|move|p1a: Guacamole|Matcha Gotcha|p2a: Torterra\n|-damage|p2a: Torterra|54\/100\n|-heal|p1a: Guacamole|83\/100|[from] drain|[of] p2a: Torterra\n|move|p1b: Swindle|Dire Claw|p2a: Torterra\n|-damage|p2a: Torterra|19\/100\n|\n|-fieldend|move: Psychic Terrain\n|upkeep\n|\n|t:|1700823814\n|switch|p2b: Klefki|Klefki, M|100\/100\n|turn|12\n|\n|t:|1700823830\n|-terastallize|p1b: Swindle|Flying\n|move|p2b: Klefki|Switcheroo|p1a: Guacamole\n|-activate|p2b: Klefki|move: Trick|[of] p1a: Guacamole\n|-item|p1a: Guacamole|Toxic Orb|[from] move: Switcheroo\n|-item|p2b: Klefki|Rocky Helmet|[from] move: Switcheroo\n|move|p2a: Torterra|Headlong Rush|p1b: Swindle\n|-immune|p1b: Swindle\n|move|p1a: Guacamole|Shadow Ball|p2b: Klefki\n|-damage|p2b: Klefki|45\/100\n|move|p1b: Swindle|Acrobatics|p2a: Torterra\n|-supereffective|p2a: Torterra\n|-damage|p2a: Torterra|0 fnt\n|faint|p2a: Torterra\n|\n|-status|p1a: Guacamole|tox|[from] item: Toxic Orb\n|upkeep\n|\n|t:|1700823833\n|switch|p2a: Dondozo|Dondozo, M|100\/100\n|turn|13\n|inactive|AlfrexFrostStaff has 120 seconds left.\n|\n|t:|1700823868\n|move|p2b: Klefki|Light Screen||[still]\n|-fail|p2b: Klefki\n|move|p2a: Dondozo|Curse|p2a: Dondozo\n|-unboost|p2a: Dondozo|spe|1\n|-boost|p2a: Dondozo|atk|1\n|-boost|p2a: Dondozo|def|1\n|move|p1a: Guacamole|Shadow Ball|p2b: Klefki\n|-damage|p2b: Klefki|0 fnt\n|faint|p2b: Klefki\n|move|p1b: Swindle|Dire Claw|p2a: Dondozo\n|-damage|p2a: Dondozo|88\/100\n|\n|-heal|p2a: Dondozo|94\/100|[from] item: Leftovers\n|-damage|p1a: Guacamole|77\/100 tox|[from] psn\n|-fieldend|move: Trick Room\n|upkeep\n|turn|14\n|inactive|AlfrexFrostStaff has 120 seconds left.\n|c|\u2606AlfrexFrostStaff|bruh it keeps disconnecting me whenever i try to make a move\n|\n|t:|1700823919\n|move|p1b: Swindle|Dire Claw|p2a: Dondozo\n|-damage|p2a: Dondozo|81\/100\n|-status|p2a: Dondozo|psn\n|move|p1a: Guacamole|Matcha Gotcha|p2a: Dondozo|[miss]\n|-miss|p1a: Guacamole|p2a: Dondozo\n|move|p2a: Dondozo|Liquidation|p1b: Swindle\n|-damage|p1b: Swindle|19\/100\n|\n|-heal|p2a: Dondozo|87\/100 psn|[from] item: Leftovers\n|-damage|p1a: Guacamole|65\/100 tox|[from] psn\n|-damage|p2a: Dondozo|75\/100 psn|[from] psn\n|-sideend|p2: AlfrexFrostStaff|move: Light Screen\n|upkeep\n|turn|15\n|c|\u2606BadTimeTimmothy|riiip\n|\n|t:|1700823934\n|move|p1b: Swindle|Rock Slide|p2a: Dondozo\n|-damage|p2a: Dondozo|66\/100 psn\n|move|p1a: Guacamole|Matcha Gotcha|p2a: Dondozo\n|-supereffective|p2a: Dondozo\n|-damage|p2a: Dondozo|0 fnt\n|-heal|p1a: Guacamole|100\/100 tox|[from] drain|[of] p2a: Dondozo\n|faint|p2a: Dondozo\n|\n|win|BadTimeTimmothy\n|raw|BadTimeTimmothy's rating: 1220 &rarr; <strong>1243<\/strong><br \/>(+23 for winning)\n|raw|AlfrexFrostStaff's rating: 1189 &rarr; <strong>1166<\/strong><br \/>(-23 for losing)\n|c|\u2606AlfrexFrostStaff|ggwp\n|c|\u2606BadTimeTimmothy|gg\n|l|\u2606AlfrexFrostStaff\n","uploadtime":1700823972,"views":19,"p1id":"badtimetimmothy","p2id":"alfrexfroststaff","formatid":"gen9doublesou","rating":1166,"private":0,"password":""}