{"id":"gen9doublesou-1980183832","p1":"Red_Maple_tree","p2":"Lovetomholland<3","format":"[Gen 9] Doubles OU","log":"|j|\u2606Red_Maple_tree\n|j|\u2606Lovetomholland<3\n|t:|1698764472\n|gametype|doubles\n|player|p1|Red_Maple_tree|swimmerf2-gen7|1170\n|player|p2|Lovetomholland<3|fantina|1133\n|teamsize|p1|6\n|teamsize|p2|6\n|gen|9\n|tier|[Gen 9] Doubles OU\n|rated|\n|rule|Species Clause: Limit one of each Pok\u00e9mon\n|rule|OHKO Clause: OHKO moves are banned\n|rule|Evasion Moves Clause: Evasion moves are banned\n|rule|Gravity Sleep Clause: The combination of sleep-inducing moves with imperfect accuracy and Gravity or Gigantamax Orbeetle are banned\n|rule|Endless Battle Clause: Forcing endless battles is banned\n|rule|HP Percentage Mod: HP is shown in percentages\n|clearpoke\n|poke|p1|Glastrier|\n|poke|p1|Clefairy, M|\n|poke|p1|Sinistcha-Masterpiece|\n|poke|p1|Kommo-o, M|\n|poke|p1|Landorus-Therian, M|\n|poke|p1|Roaring Moon|\n|poke|p2|Bellibolt, F|\n|poke|p2|Illumise, F|\n|poke|p2|Pincurchin, F|\n|poke|p2|Raichu-Alola, F|\n|poke|p2|Golduck, F|\n|poke|p2|Thundurus-Therian, M|\n|teampreview\n|\n|t:|1698764490\n|start\n|switch|p1a: Kommo-o|Kommo-o, M|100\/100\n|switch|p1b: Clefairy|Clefairy, M|100\/100\n|switch|p2a: Thundurus|Thundurus-Therian, M|100\/100\n|switch|p2b: Illumise|Illumise, F|100\/100\n|turn|1\n|\n|t:|1698764505\n|move|p2b: Illumise|Tailwind|p2b: Illumise\n|-sidestart|p2: Lovetomholland<3|move: Tailwind\n|move|p2a: Thundurus|Sludge Bomb|p1b: Clefairy\n|-supereffective|p1b: Clefairy\n|-damage|p1b: Clefairy|46\/100\n|move|p1a: Kommo-o|Clangorous Soul|p1a: Kommo-o\n|-boost|p1a: Kommo-o|atk|1\n|-boost|p1a: Kommo-o|def|1\n|-boost|p1a: Kommo-o|spa|1\n|-boost|p1a: Kommo-o|spd|1\n|-boost|p1a: Kommo-o|spe|1\n|-damage|p1a: Kommo-o|68\/100\n|-enditem|p1a: Kommo-o|Throat Spray\n|-boost|p1a: Kommo-o|spa|1|[from] item: Throat Spray\n|move|p1b: Clefairy|Heal Pulse|p1a: Kommo-o\n|-heal|p1a: Kommo-o|100\/100\n|\n|upkeep\n|turn|2\n|\n|t:|1698764539\n|move|p1b: Clefairy|Protect|p1b: Clefairy\n|-singleturn|p1b: Clefairy|Protect\n|move|p2b: Illumise|Encore|p1a: Kommo-o\n|-start|p1a: Kommo-o|Encore\n|move|p2a: Thundurus|Sludge Bomb|p1b: Clefairy\n|-activate|p1b: Clefairy|move: Protect\n|move|p1a: Kommo-o|Clangorous Soul|p1a: Kommo-o\n|-boost|p1a: Kommo-o|atk|1\n|-boost|p1a: Kommo-o|def|1\n|-boost|p1a: Kommo-o|spa|1\n|-boost|p1a: Kommo-o|spd|1\n|-boost|p1a: Kommo-o|spe|1\n|-damage|p1a: Kommo-o|68\/100\n|\n|upkeep\n|turn|3\n|\n|t:|1698764580\n|switch|p1b: Sinistcha|Sinistcha-Masterpiece|100\/100\n|-heal|p1a: Kommo-o|92\/100|[from] ability: Hospitality|[of] p1b: Sinistcha\n|move|p2b: Illumise|Protect|p2b: Illumise\n|-singleturn|p2b: Illumise|Protect\n|move|p2a: Thundurus|Sludge Bomb|p1b: Sinistcha\n|-damage|p1b: Sinistcha|71\/100\n|move|p1a: Kommo-o|Clangorous Soul|p1a: Kommo-o\n|-boost|p1a: Kommo-o|atk|1\n|-boost|p1a: Kommo-o|def|1\n|-boost|p1a: Kommo-o|spa|1\n|-boost|p1a: Kommo-o|spd|1\n|-boost|p1a: Kommo-o|spe|1\n|-damage|p1a: Kommo-o|59\/100\n|\n|upkeep\n|turn|4\n|\n|t:|1698764608\n|switch|p1b: Clefairy|Clefairy, M|46\/100\n|move|p2b: Illumise|Protect||[still]\n|-fail|p2b: Illumise\n|move|p1a: Kommo-o|Clangorous Soul|p1a: Kommo-o\n|-boost|p1a: Kommo-o|atk|1\n|-boost|p1a: Kommo-o|def|1\n|-boost|p1a: Kommo-o|spa|1\n|-boost|p1a: Kommo-o|spd|1\n|-boost|p1a: Kommo-o|spe|1\n|-damage|p1a: Kommo-o|26\/100\n|move|p2a: Thundurus|Sludge Bomb|p1b: Clefairy\n|-supereffective|p1b: Clefairy\n|-damage|p1b: Clefairy|0 fnt\n|faint|p1b: Clefairy\n|\n|-end|p1a: Kommo-o|Encore\n|-sideend|p2: Lovetomholland<3|move: Tailwind\n|upkeep\n|\n|t:|1698764611\n|switch|p1b: Sinistcha|Sinistcha-Masterpiece|71\/100\n|-heal|p1a: Kommo-o|51\/100|[from] ability: Hospitality|[of] p1b: Sinistcha\n|turn|5\n|\n|t:|1698764632\n|move|p1b: Sinistcha|Rage Powder|p1b: Sinistcha\n|-singleturn|p1b: Sinistcha|move: Rage Powder\n|move|p2b: Illumise|Encore|p1b: Sinistcha\n|-start|p1b: Sinistcha|Encore\n|-enditem|p1b: Sinistcha|Mental Herb\n|-end|p1b: Sinistcha|Encore\n|move|p1a: Kommo-o|Clanging Scales|p2b: Illumise|[spread] p2a,p2b\n|-damage|p2a: Thundurus|10\/100\n|-damage|p2b: Illumise|0 fnt\n|faint|p2b: Illumise\n|-unboost|p1a: Kommo-o|def|1\n|move|p2a: Thundurus|Wildbolt Storm|p1a: Kommo-o|[spread] p1a,p1b\n|-resisted|p1a: Kommo-o\n|-resisted|p1b: Sinistcha\n|-damage|p1a: Kommo-o|45\/100\n|-damage|p1b: Sinistcha|53\/100\n|\n|upkeep\n|\n|t:|1698764651\n|switch|p2b: Raichu|Raichu-Alola, F|100\/100\n|turn|6\n|\n|t:|1698764673\n|move|p2b: Raichu|Fake Out|p1a: Kommo-o\n|-damage|p1a: Kommo-o|41\/100\n|-damage|p2b: Raichu|91\/100|[from] item: Life Orb\n|move|p1b: Sinistcha|Rage Powder|p1b: Sinistcha\n|-singleturn|p1b: Sinistcha|move: Rage Powder\n|cant|p1a: Kommo-o|flinch\n|move|p2a: Thundurus|Sludge Bomb|p1b: Sinistcha\n|-damage|p1b: Sinistcha|21\/100\n|\n|upkeep\n|turn|7\n|\n|t:|1698764709\n|switch|p2b: Pincurchin|Pincurchin, F|100\/100\n|-fieldstart|move: Electric Terrain|[from] ability: Electric Surge|[of] p2b: Pincurchin\n|switch|p2a: Golduck|Golduck, F|100\/100\n|-ability|p2a: Golduck|Cloud Nine\n|move|p1a: Kommo-o|Clanging Scales|p2a: Golduck|[spread] p2a,p2b\n|-damage|p2a: Golduck|0 fnt\n|-damage|p2b: Pincurchin|12\/100\n|-enditem|p2b: Pincurchin|Iapapa Berry|[eat]\n|-heal|p2b: Pincurchin|45\/100|[from] item: Iapapa Berry\n|faint|p2a: Golduck\n|-unboost|p1a: Kommo-o|def|1\n|move|p1b: Sinistcha|Strength Sap|p1a: Kommo-o\n|-unboost|p1a: Kommo-o|atk|1\n|-heal|p1b: Sinistcha|100\/100\n|\n|upkeep\n|\n|t:|1698764731\n|switch|p2a: Raichu|Raichu-Alola, F|91\/100\n|turn|8\n|\n|t:|1698764745\n|-terastallize|p2a: Raichu|Fairy\n|move|p1b: Sinistcha|Rage Powder|p1b: Sinistcha\n|-singleturn|p1b: Sinistcha|move: Rage Powder\n|move|p1a: Kommo-o|Clanging Scales|p2a: Raichu|[spread] p2b\n|-immune|p2a: Raichu\n|-damage|p2b: Pincurchin|0 fnt\n|faint|p2b: Pincurchin\n|-unboost|p1a: Kommo-o|def|1\n|move|p2a: Raichu|Draining Kiss|p1b: Sinistcha\n|-damage|p1b: Sinistcha|69\/100\n|-heal|p2a: Raichu|100\/100|[from] drain|[of] p1b: Sinistcha\n|-damage|p2a: Raichu|91\/100|[from] item: Life Orb\n|\n|upkeep\n|\n|t:|1698764761\n|switch|p2b: Thundurus|Thundurus-Therian, M|10\/100\n|turn|9\n|\n|t:|1698764784\n|move|p1b: Sinistcha|Rage Powder|p1b: Sinistcha\n|-singleturn|p1b: Sinistcha|move: Rage Powder\n|move|p1a: Kommo-o|Aura Sphere|p2b: Thundurus\n|-resisted|p2b: Thundurus\n|-damage|p2b: Thundurus|0 fnt\n|faint|p2b: Thundurus\n|move|p2a: Raichu|Draining Kiss|p1b: Sinistcha\n|-damage|p1b: Sinistcha|37\/100\n|-heal|p2a: Raichu|100\/100|[from] drain|[of] p1b: Sinistcha\n|-damage|p2a: Raichu|91\/100|[from] item: Life Orb\n|\n|upkeep\n|\n|t:|1698764795\n|switch|p2b: Bellibolt|Bellibolt, F|100\/100\n|turn|10\n|\n|t:|1698764801\n|move|p2b: Bellibolt|Protect|p2b: Bellibolt\n|-singleturn|p2b: Bellibolt|Protect\n|move|p1b: Sinistcha|Rage Powder|p1b: Sinistcha\n|-singleturn|p1b: Sinistcha|move: Rage Powder\n|move|p1a: Kommo-o|Flash Cannon|p2a: Raichu\n|-supereffective|p2a: Raichu\n|-damage|p2a: Raichu|0 fnt\n|faint|p2a: Raichu\n|\n|upkeep\n|turn|11\n|inactive|Battle timer is ON: inactive players will automatically lose when time's up. (requested by Red_Maple_tree)\n|inactive|Lovetomholland<3 has 120 seconds left.\n|inactive|Lovetomholland<3 has 90 seconds left.\n|inactive|Lovetomholland<3 has 60 seconds left.\n|inactive|Lovetomholland<3 has 30 seconds left.\n|inactive|Lovetomholland<3 has 20 seconds left.\n|inactive|Lovetomholland<3 has 15 seconds left.\n|inactive|Lovetomholland<3 has 10 seconds left.\n|inactive|Lovetomholland<3 has 5 seconds left.\n|-message|Lovetomholland<3 lost due to inactivity.\n|\n|win|Red_Maple_tree\n|raw|Red_Maple_tree's rating: 1170 &rarr; <strong>1192<\/strong><br \/>(+22 for winning)\n|raw|Lovetomholland&lt;3's rating: 1133 &rarr; <strong>1111<\/strong><br \/>(-22 for losing)\n","uploadtime":1698765034,"views":25,"p1id":"redmapletree","p2id":"lovetomholland3","formatid":"gen9doublesou","rating":1111,"private":0,"password":""}