{"id":"gen9doublesou-1991124775","p1":"eskittienyan2911","p2":"ladymonitaishere","format":"[Gen 9] Doubles OU","log":"|j|\u2606eskittienyan2911\n|j|\u2606ladymonitaishere\n|inactive|Battle timer is ON: inactive players will automatically lose when time's up.\n|t:|1700046718\n|gametype|doubles\n|player|p1|eskittienyan2911|grimsley|\n|player|p2|ladymonitaishere|sada-ai|\n|teamsize|p1|6\n|teamsize|p2|6\n|gen|9\n|tier|[Gen 9] Doubles OU\n|rated|Tournament battle\n|rule|Species Clause: Limit one of each Pok\u00e9mon\n|rule|OHKO Clause: OHKO moves are banned\n|rule|Evasion Moves Clause: Evasion moves are banned\n|rule|Gravity Sleep Clause: The combination of sleep-inducing moves with imperfect accuracy and Gravity or Gigantamax Orbeetle are banned\n|rule|Endless Battle Clause: Forcing endless battles is banned\n|rule|HP Percentage Mod: HP is shown in percentages\n|clearpoke\n|poke|p1|Stunky, F|\n|poke|p1|Rolycoly, F|\n|poke|p1|Cinderace, F|\n|poke|p1|Rillaboom, M|\n|poke|p1|Dusclops, M|\n|poke|p1|Beartic, M|\n|poke|p2|Turtwig, F|\n|poke|p2|Tinkaton, F|\n|poke|p2|Poochyena, F|\n|poke|p2|Pikachu, M|\n|poke|p2|Copperajah, M|\n|poke|p2|Ursaluna-Bloodmoon, M|\n|teampreview\n|j|*Lady Monita \u2746\n|c|\u2606ladymonitaishere|glhf\n|c|\u2606eskittienyan2911|Glhf\n|\n|t:|1700046729\n|start\n|switch|p1a: Beartic|Beartic, M, shiny|100\/100\n|switch|p1b: Cinderace|Cinderace, F|100\/100\n|switch|p2a: Tinkaton|Tinkaton, F|100\/100\n|switch|p2b: Pikachu|Pikachu, M|100\/100\n|turn|1\n|j| xxgodzilla1.0\n|\n|t:|1700046745\n|-terastallize|p1b: Cinderace|Flying\n|move|p2b: Pikachu|Fake Out|p1b: Cinderace\n|-damage|p1b: Cinderace|79\/100\n|cant|p1b: Cinderace|flinch\n|move|p2a: Tinkaton|Gigaton Hammer|p1a: Beartic\n|-supereffective|p1a: Beartic\n|-damage|p1a: Beartic|0 fnt\n|faint|p1a: Beartic\n|\n|upkeep\n|j| mexicanpasta\n|\n|t:|1700046757\n|switch|p1a: Rillaboom|Rillaboom, M|100\/100\n|-fieldstart|move: Grassy Terrain|[from] ability: Grassy Surge|[of] p1a: Rillaboom\n|-enditem|p1a: Rillaboom|Grassy Seed\n|-boost|p1a: Rillaboom|def|1|[from] item: Grassy Seed\n|turn|2\n|l| mexicanpasta\n|j| mexicanpasta\n|l| mexicanpasta\n|\n|t:|1700046776\n|switch|p2a: Poochyena|Poochyena, F|100\/100\n|move|p1b: Cinderace|Pyro Ball|p2a: Poochyena\n|-damage|p2a: Poochyena|0 fnt\n|faint|p2a: Poochyena\n|move|p2b: Pikachu|Volt Tackle|p1b: Cinderace\n|-supereffective|p1b: Cinderace\n|-damage|p1b: Cinderace|0 fnt\n|faint|p1b: Cinderace\n|-damage|p2b: Pikachu|64\/100|[from] Recoil\n|move|p1a: Rillaboom|Sunny Day|p1a: Rillaboom\n|-weather|SunnyDay\n|\n|-weather|SunnyDay|[upkeep]\n|-heal|p2b: Pikachu|70\/100|[from] Grassy Terrain\n|upkeep\n|\n|t:|1700046794\n|switch|p1b: Dusclops|Dusclops, M, shiny|100\/100\n|switch|p2a: Tinkaton|Tinkaton, F|100\/100\n|-item|p2a: Tinkaton|Assault Vest|[from] ability: Frisk|[of] p1b: Dusclops|[identify]\n|-item|p2b: Pikachu|Light Ball|[from] ability: Frisk|[of] p1b: Dusclops|[identify]\n|turn|3\n|\n|t:|1700046812\n|move|p2a: Tinkaton|Fake Out|p1a: Rillaboom\n|-damage|p1a: Rillaboom|94\/100\n|move|p2b: Pikachu|Play Rough|p1a: Rillaboom\n|-crit|p1a: Rillaboom\n|-damage|p1a: Rillaboom|37\/100\n|-unboost|p1a: Rillaboom|atk|1\n|cant|p1a: Rillaboom|flinch\n|move|p1b: Dusclops|Poltergeist|p2a: Tinkaton\n|-activate|p2a: Tinkaton|move: Poltergeist|Assault Vest\n|-damage|p2a: Tinkaton|40\/100\n|\n|-weather|SunnyDay|[upkeep]\n|-heal|p2a: Tinkaton|46\/100|[from] Grassy Terrain\n|-heal|p2b: Pikachu|76\/100|[from] Grassy Terrain\n|-heal|p1a: Rillaboom|44\/100|[from] Grassy Terrain\n|upkeep\n|turn|4\n|\n|t:|1700046841\n|move|p2a: Tinkaton|Knock Off|p1a: Rillaboom\n|-damage|p1a: Rillaboom|31\/100\n|move|p2b: Pikachu|Play Rough|p1a: Rillaboom|[miss]\n|-miss|p2b: Pikachu|p1a: Rillaboom\n|move|p1a: Rillaboom|Drain Punch|p2b: Pikachu\n|-damage|p2b: Pikachu|24\/100\n|-heal|p1a: Rillaboom|47\/100|[from] drain|[of] p2b: Pikachu\n|move|p1b: Dusclops|Poltergeist|p2a: Tinkaton\n|-activate|p2a: Tinkaton|move: Poltergeist|Assault Vest\n|-damage|p2a: Tinkaton|0 fnt\n|faint|p2a: Tinkaton\n|\n|-weather|SunnyDay|[upkeep]\n|-heal|p2b: Pikachu|30\/100|[from] Grassy Terrain\n|-heal|p1a: Rillaboom|53\/100|[from] Grassy Terrain\n|upkeep\n|\n|t:|1700046853\n|switch|p2a: Copperajah|Copperajah, M|100\/100\n|turn|5\n|j| dgzdr\n|inactive|eskittienyan2911 has 120 seconds left.\n|\n|t:|1700046885\n|switch|p2b: Turtwig|Turtwig, F|100\/100\n|-terastallize|p2a: Copperajah|Fire\n|move|p1a: Rillaboom|Drain Punch|p2a: Copperajah\n|-damage|p2a: Copperajah|82\/100\n|-heal|p1a: Rillaboom|66\/100|[from] drain|[of] p2a: Copperajah\n|move|p2a: Copperajah|Heat Crash|p1a: Rillaboom\n|-supereffective|p1a: Rillaboom\n|-damage|p1a: Rillaboom|0 fnt\n|faint|p1a: Rillaboom\n|move|p1b: Dusclops|Poltergeist|p2b: Turtwig\n|-activate|p2b: Turtwig|move: Poltergeist|Eviolite\n|-damage|p2b: Turtwig|73\/100\n|\n|-weather|SunnyDay|[upkeep]\n|-heal|p2b: Turtwig|79\/100|[from] Grassy Terrain\n|-heal|p2a: Copperajah|88\/100|[from] Grassy Terrain\n|-heal|p2a: Copperajah|94\/100|[from] item: Leftovers\n|upkeep\n|inactive|eskittienyan2911 has 120 seconds left.\n|\n|t:|1700046904\n|switch|p1a: Rolycoly|Rolycoly, F, shiny|100\/100\n|turn|6\n|\n|t:|1700046918\n|move|p2b: Turtwig|Leech Seed|p1b: Dusclops\n|-start|p1b: Dusclops|move: Leech Seed\n|move|p2a: Copperajah|Heavy Slam|p1a: Rolycoly\n|-supereffective|p1a: Rolycoly\n|-damage|p1a: Rolycoly|0 fnt\n|faint|p1a: Rolycoly\n|move|p1b: Dusclops|Leech Life|p2b: Turtwig\n|-supereffective|p2b: Turtwig\n|-damage|p2b: Turtwig|53\/100\n|\n|-weather|none\n|-heal|p2b: Turtwig|59\/100|[from] Grassy Terrain\n|-heal|p2a: Copperajah|100\/100|[from] Grassy Terrain\n|-damage|p1b: Dusclops|88\/100|[from] Leech Seed|[of] p2b: Turtwig\n|-heal|p2b: Turtwig|70\/100|[silent]\n|-fieldend|move: Grassy Terrain\n|upkeep\n|inactive|eskittienyan2911 has 120 seconds left.\n|inactive|eskittienyan2911 has 90 seconds left.\n|\n|t:|1700046962\n|switch|p1a: Stunky|Stunky, F, shiny|100\/100\n|turn|7\n|\n|t:|1700046979\n|move|p2b: Turtwig|Protect|p2b: Turtwig\n|-singleturn|p2b: Turtwig|Protect\n|move|p1a: Stunky|Gunk Shot|p2b: Turtwig\n|-activate|p2b: Turtwig|move: Protect\n|move|p2a: Copperajah|Heat Crash|p1a: Stunky\n|-damage|p1a: Stunky|0 fnt\n|faint|p1a: Stunky\n|move|p1b: Dusclops|Poltergeist|p2a: Copperajah\n|-activate|p2a: Copperajah|move: Poltergeist|Leftovers\n|-damage|p2a: Copperajah|56\/100\n|\n|-heal|p2a: Copperajah|63\/100|[from] item: Leftovers\n|-damage|p1b: Dusclops|76\/100|[from] Leech Seed|[of] p2b: Turtwig\n|-heal|p2b: Turtwig|81\/100|[silent]\n|upkeep\n|turn|8\n|inactive|eskittienyan2911 has 120 seconds left.\n|\n|t:|1700046999\n|switch|p2b: Ursaluna|Ursaluna-Bloodmoon, M|100\/100\n|move|p2a: Copperajah|Heat Crash|p1b: Dusclops\n|-damage|p1b: Dusclops|29\/100\n|move|p1b: Dusclops|Future Sight|p2a: Copperajah\n|-start|p1b: Dusclops|move: Future Sight\n|\n|-heal|p2a: Copperajah|69\/100|[from] item: Leftovers\n|-damage|p1b: Dusclops|17\/100|[from] Leech Seed|[of] p2b: Ursaluna\n|upkeep\n|turn|9\n|c|\u2606eskittienyan2911|Gg\n|\n|t:|1700047009\n|move|p2b: Ursaluna|Blood Moon|p1b: Dusclops\n|-damage|p1b: Dusclops|0 fnt\n|faint|p1b: Dusclops\n|\n|win|ladymonitaishere\n|n|\u2606eskittienyan2911|eskittienyan2911\n|n|\u2606ladymonitaishere|ladymonitaishere\n|n|*Lady Monita \u2746|ladymonita\n|n| xxgodzilla1.0|xxgodzilla10\n|n| dgzdr|dgzdr\n","uploadtime":1700047011,"views":8,"p1id":"eskittienyan2911","p2id":"ladymonitaishere","formatid":"gen9doublesou","rating":0,"private":0,"password":""}