{"id":"gen9doublesou-1995549906","p1":"KidReza","p2":"sirazurill","format":"[Gen 9] Doubles OU","log":"|j|\u2606KidReza\n|j|\u2606sirazurill\n|t:|1700582002\n|gametype|doubles\n|player|p1|KidReza|169|1623\n|player|p2|sirazurill|bugcatcher-gen4dp|1715\n|teamsize|p1|6\n|teamsize|p2|6\n|gen|9\n|tier|[Gen 9] Doubles OU\n|rated|\n|rule|Species Clause: Limit one of each Pok\u00e9mon\n|rule|OHKO Clause: OHKO moves are banned\n|rule|Evasion Moves Clause: Evasion moves are banned\n|rule|Gravity Sleep Clause: The combination of sleep-inducing moves with imperfect accuracy and Gravity or Gigantamax Orbeetle are banned\n|rule|Endless Battle Clause: Forcing endless battles is banned\n|rule|HP Percentage Mod: HP is shown in percentages\n|clearpoke\n|poke|p1|Ogerpon-Wellspring, F|\n|poke|p1|Ninetales-Alola, M|\n|poke|p1|Heatran, M|\n|poke|p1|Landorus-Therian, M|\n|poke|p1|Clefairy, F|\n|poke|p1|Iron Hands|\n|poke|p2|Kingambit, F|\n|poke|p2|Tornadus, M|\n|poke|p2|Flutter Mane|\n|poke|p2|Landorus-Therian, M|\n|poke|p2|Ogerpon-Wellspring, F|\n|poke|p2|Heatran, F|\n|teampreview\n|inactive|Battle timer is ON: inactive players will automatically lose when time's up. (requested by KidReza)\n|\n|t:|1700582033\n|start\n|switch|p1a: Heatran|Heatran, M|100\/100\n|switch|p1b: Ninetales|Ninetales-Alola, M|100\/100\n|switch|p2a: Heatran|Heatran, F|100\/100\n|switch|p2b: Oregon-Wellspring|Ogerpon-Wellspring, F|100\/100\n|-weather|Snow|[from] ability: Snow Warning|[of] p1b: Ninetales\n|turn|1\n|\n|t:|1700582061\n|move|p1b: Ninetales|Aurora Veil|p1b: Ninetales\n|-sidestart|p1: KidReza|move: Aurora Veil\n|move|p2b: Oregon-Wellspring|Ivy Cudgel|p1a: Heatran|[anim] Ivy Cudgel Water\n|-supereffective|p1a: Heatran\n|-damage|p1a: Heatran|31\/100\n|move|p2a: Heatran|Flash Cannon|p1b: Ninetales\n|-supereffective|p1b: Ninetales\n|-damage|p1b: Ninetales|0 fnt\n|faint|p1b: Ninetales\n|move|p1a: Heatran|Earth Power|p2a: Heatran\n|-supereffective|p2a: Heatran\n|-damage|p2a: Heatran|0 fnt\n|faint|p2a: Heatran\n|\n|-weather|Snow|[upkeep]\n|-heal|p1a: Heatran|37\/100|[from] item: Leftovers\n|upkeep\n|\n|t:|1700582075\n|switch|p1b: Landorus|Landorus-Therian, M|100\/100\n|switch|p2a: Tornadus|Tornadus, M|100\/100\n|-ability|p1b: Landorus|Intimidate|boost\n|-unboost|p2a: Tornadus|atk|1\n|-unboost|p2b: Oregon-Wellspring|atk|1\n|turn|2\n|\n|t:|1700582091\n|-terastallize|p1b: Landorus|Flying\n|move|p1a: Heatran|Protect|p1a: Heatran\n|-singleturn|p1a: Heatran|Protect\n|move|p2a: Tornadus|Tailwind|p2a: Tornadus\n|-sidestart|p2: sirazurill|move: Tailwind\n|move|p2b: Oregon-Wellspring|Ivy Cudgel|p1b: Landorus|[anim] Ivy Cudgel Water\n|-damage|p1b: Landorus|64\/100\n|move|p1b: Landorus|Tera Blast|p2b: Oregon-Wellspring|[anim] Tera Blast Flying\n|-supereffective|p2b: Oregon-Wellspring\n|-damage|p2b: Oregon-Wellspring|0 fnt\n|faint|p2b: Oregon-Wellspring\n|\n|-weather|Snow|[upkeep]\n|-heal|p1a: Heatran|44\/100|[from] item: Leftovers\n|upkeep\n|\n|t:|1700582105\n|switch|p2b: Kingambit|Kingambit, F|100\/100\n|-activate|p2b: Kingambit|ability: Supreme Overlord\n|-start|p2b: Kingambit|fallen2|[silent]\n|turn|3\n|\n|t:|1700582116\n|switch|p1b: Clefairy|Clefairy, F|100\/100\n|move|p2a: Tornadus|Bleakwind Storm|p1a: Heatran|[spread] p1a,p1b\n|-resisted|p1a: Heatran\n|-damage|p1a: Heatran|36\/100\n|-damage|p1b: Clefairy|78\/100\n|-unboost|p1b: Clefairy|spe|1\n|move|p2b: Kingambit|Brick Break|p1a: Heatran\n|-sideend|p1: KidReza|move: Aurora Veil\n|-supereffective|p1a: Heatran\n|-damage|p1a: Heatran|0 fnt\n|faint|p1a: Heatran\n|\n|-weather|Snow|[upkeep]\n|upkeep\n|\n|t:|1700582132\n|switch|p1a: Iron Hands|Iron Hands|100\/100\n|turn|4\n|\n|t:|1700582140\n|-end|p2b: Kingambit|fallen2|[silent]\n|switch|p2b: Landorus|Landorus-Therian, M|100\/100\n|-ability|p2b: Landorus|Intimidate|boost\n|-unboost|p1a: Iron Hands|atk|1\n|-unboost|p1b: Clefairy|atk|1\n|move|p2a: Tornadus|Protect|p2a: Tornadus\n|-singleturn|p2a: Tornadus|Protect\n|move|p1a: Iron Hands|Fake Out|p2b: Landorus\n|-damage|p2b: Landorus|88\/100\n|move|p1b: Clefairy|Heal Pulse|p1a: Iron Hands\n|-fail|p1a: Iron Hands|heal\n|\n|-weather|Snow|[upkeep]\n|upkeep\n|turn|5\n|inactive|sirazurill has 120 seconds left.\n|\n|t:|1700582181\n|move|p1b: Clefairy|Follow Me|p1b: Clefairy\n|-singleturn|p1b: Clefairy|move: Follow Me\n|move|p2b: Landorus|U-turn|p1b: Clefairy\n|-resisted|p1b: Clefairy\n|-damage|p1b: Clefairy|59\/100\n|\n|t:|1700582192\n|switch|p2b: Flutter Mane|Flutter Mane|100\/100|[from] U-turn\n|move|p2a: Tornadus|Bleakwind Storm|p1b: Clefairy|[spread] p1a,p1b\n|-damage|p1a: Iron Hands|74\/100\n|-damage|p1b: Clefairy|31\/100\n|-unboost|p1b: Clefairy|spe|1\n|move|p1a: Iron Hands|Wild Charge|p2a: Tornadus\n|-supereffective|p2a: Tornadus\n|-damage|p2a: Tornadus|12\/100\n|-damage|p1a: Iron Hands|61\/100|[from] Recoil\n|-enditem|p2a: Tornadus|Eject Button\n|\n|t:|1700582204\n|switch|p2a: Landorus|Landorus-Therian, M|88\/100\n|-ability|p2a: Landorus|Intimidate|boost\n|-unboost|p1a: Iron Hands|atk|1\n|-unboost|p1b: Clefairy|atk|1\n|\n|-weather|none\n|-sideend|p2: sirazurill|move: Tailwind\n|upkeep\n|turn|6\n|inactive|sirazurill has 120 seconds left.\n|\n|t:|1700582228\n|move|p1a: Iron Hands|Protect|p1a: Iron Hands\n|-singleturn|p1a: Iron Hands|Protect\n|move|p1b: Clefairy|Follow Me|p1b: Clefairy\n|-singleturn|p1b: Clefairy|move: Follow Me\n|move|p2b: Flutter Mane|Dazzling Gleam|p1b: Clefairy|[spread] p1b\n|-activate|p1a: Iron Hands|move: Protect\n|-damage|p1b: Clefairy|0 fnt\n|faint|p1b: Clefairy\n|move|p2a: Landorus|Rock Slide|p1a: Iron Hands\n|-activate|p1a: Iron Hands|move: Protect\n|\n|upkeep\n|\n|t:|1700582237\n|switch|p1b: Landorus|Landorus-Therian, M, tera:Flying|64\/100\n|-ability|p1b: Landorus|Intimidate|boost\n|-unboost|p2a: Landorus|atk|1\n|-unboost|p2b: Flutter Mane|atk|1\n|turn|7\n|\n|t:|1700582249\n|-end|p1a: Iron Hands|Quark Drive|[silent]\n|switch|p1a: Ogerpon|Ogerpon-Wellspring, F|100\/100\n|move|p1b: Landorus|Tera Blast|p2b: Flutter Mane|[anim] Tera Blast Flying\n|-damage|p2b: Flutter Mane|0 fnt\n|faint|p2b: Flutter Mane\n|-end|p2b: Flutter Mane|Protosynthesis|[silent]\n|move|p2a: Landorus|Rock Slide|p1b: Landorus|[spread] p1a,p1b\n|-supereffective|p1b: Landorus\n|-damage|p1a: Ogerpon|75\/100\n|-damage|p1b: Landorus|8\/100\n|\n|upkeep\n|\n|t:|1700582258\n|switch|p2b: Tornadus|Tornadus, M|12\/100\n|turn|8\n|\n|t:|1700582265\n|switch|p1b: Iron Hands|Iron Hands|61\/100\n|move|p2b: Tornadus|Tailwind|p2b: Tornadus\n|-sidestart|p2: sirazurill|move: Tailwind\n|move|p2a: Landorus|Rock Slide|p1a: Ogerpon|[spread] p1a,p1b\n|-resisted|p1b: Iron Hands\n|-damage|p1a: Ogerpon|50\/100\n|-damage|p1b: Iron Hands|53\/100\n|move|p1a: Ogerpon|Ivy Cudgel|p2a: Landorus|[anim] Ivy Cudgel Water\n|-supereffective|p2a: Landorus\n|-damage|p2a: Landorus|0 fnt\n|faint|p2a: Landorus\n|\n|upkeep\n|\n|t:|1700582276\n|switch|p2a: Kingambit|Kingambit, F|100\/100\n|-activate|p2a: Kingambit|ability: Supreme Overlord\n|-start|p2a: Kingambit|fallen4|[silent]\n|turn|9\n|\n|t:|1700582306\n|move|p2b: Tornadus|Protect|p2b: Tornadus\n|-singleturn|p2b: Tornadus|Protect\n|move|p1b: Iron Hands|Fake Out|p2b: Tornadus\n|-activate|p2b: Tornadus|move: Protect\n|move|p2a: Kingambit|Sucker Punch||[still]\n|-fail|p2a: Kingambit\n|move|p1a: Ogerpon|Swords Dance|p1a: Ogerpon\n|-boost|p1a: Ogerpon|atk|2\n|\n|upkeep\n|turn|10\n|inactive|sirazurill has 120 seconds left.\n|\n|t:|1700582342\n|-terastallize|p2a: Kingambit|Flying\n|move|p1a: Ogerpon|Spiky Shield|p1a: Ogerpon\n|-singleturn|p1a: Ogerpon|move: Protect\n|move|p2b: Tornadus|Bleakwind Storm|p1a: Ogerpon|[spread] \n|-activate|p1a: Ogerpon|move: Protect\n|-miss|p2b: Tornadus|p1b: Iron Hands\n|move|p2a: Kingambit|Brick Break|p1b: Iron Hands\n|-damage|p1b: Iron Hands|28\/100\n|-enditem|p1b: Iron Hands|Sitrus Berry|[eat]\n|-heal|p1b: Iron Hands|53\/100|[from] item: Sitrus Berry\n|move|p1b: Iron Hands|Drain Punch|p2a: Kingambit\n|-resisted|p2a: Kingambit\n|-damage|p2a: Kingambit|84\/100\n|-heal|p1b: Iron Hands|59\/100|[from] drain|[of] p2a: Kingambit\n|\n|upkeep\n|turn|11\n|inactive|sirazurill has 120 seconds left.\n|\n|t:|1700582377\n|move|p2b: Tornadus|Bleakwind Storm|p1b: Iron Hands|[spread] p1a,p1b\n|-supereffective|p1a: Ogerpon\n|-damage|p1a: Ogerpon|0 fnt\n|-damage|p1b: Iron Hands|22\/100\n|faint|p1a: Ogerpon\n|move|p2a: Kingambit|Brick Break|p1b: Iron Hands\n|-damage|p1b: Iron Hands|0 fnt\n|faint|p1b: Iron Hands\n|-end|p1b: Iron Hands|Quark Drive|[silent]\n|\n|-sideend|p2: sirazurill|move: Tailwind\n|upkeep\n|\n|t:|1700582384\n|switch|p1b: Landorus|Landorus-Therian, M, tera:Flying|8\/100\n|-ability|p1b: Landorus|Intimidate|boost\n|-unboost|p2a: Kingambit|atk|1\n|-unboost|p2b: Tornadus|atk|1\n|turn|12\n|\n|t:|1700582391\n|move|p2a: Kingambit|Sucker Punch|p1b: Landorus\n|-damage|p1b: Landorus|0 fnt\n|faint|p1b: Landorus\n|\n|win|sirazurill\n|raw|KidReza's rating: 1623 &rarr; <strong>1608<\/strong><br \/>(-15 for losing)\n|raw|sirazurill's rating: 1715 &rarr; <strong>1730<\/strong><br \/>(+15 for winning)\n|l|\u2606KidReza\n","uploadtime":1700582398,"views":0,"p1id":"kidreza","p2id":"sirazurill","formatid":"gen9doublesou","rating":1608,"private":0,"password":""}