{"id":"gen9doublesou-1978549472","p1":"Primal Latios","p2":"MoltenPigg","format":"[Gen 9] Doubles OU","log":"|j|\u2606Primal Latios\n|j|\u2606MoltenPigg\n|t:|1698554279\n|gametype|doubles\n|player|p1|Primal Latios|266|1258\n|player|p2|MoltenPigg|benga|1179\n|teamsize|p1|6\n|teamsize|p2|6\n|gen|9\n|tier|[Gen 9] Doubles OU\n|rated|\n|rule|Species Clause: Limit one of each Pok\u00e9mon\n|rule|OHKO Clause: OHKO moves are banned\n|rule|Evasion Moves Clause: Evasion moves are banned\n|rule|Gravity Sleep Clause: The combination of sleep-inducing moves with imperfect accuracy and Gravity or Gigantamax Orbeetle are banned\n|rule|Endless Battle Clause: Forcing endless battles is banned\n|rule|HP Percentage Mod: HP is shown in percentages\n|clearpoke\n|poke|p1|Greninja-*, M|\n|poke|p1|Inteleon, M|\n|poke|p1|Chi-Yu|\n|poke|p1|Clefable, F|\n|poke|p1|Empoleon, M|\n|poke|p1|Ogerpon-Wellspring, F|\n|poke|p2|Glimmora, M|\n|poke|p2|Chansey, F|\n|poke|p2|Orthworm, F|\n|poke|p2|Quaquaval, F|\n|poke|p2|Sandy Shocks|\n|poke|p2|Hatterene, F|\n|teampreview\n|\n|t:|1698554297\n|start\n|switch|p1a: Napoleon|Empoleon, M, shiny|100\/100\n|switch|p1b: Withney|Clefable, F|100\/100\n|switch|p2a: Glimmora|Glimmora, M, shiny|100\/100\n|switch|p2b: Orthworm|Orthworm, F, shiny|100\/100\n|turn|1\n|\n|t:|1698554332\n|move|p2a: Glimmora|Light Screen|p2a: Glimmora\n|-sidestart|p2: MoltenPigg|move: Light Screen\n|move|p1a: Napoleon|Agility|p1a: Napoleon\n|-boost|p1a: Napoleon|spe|2\n|move|p2b: Orthworm|Body Press|p1a: Napoleon\n|-supereffective|p1a: Napoleon\n|-damage|p1a: Napoleon|15\/100\n|move|p1b: Withney|Skill Swap|p1a: Napoleon\n|-activate|p1b: Withney|move: Skill Swap|||[of] p1a: Napoleon\n|\n|upkeep\n|turn|2\n|\n|t:|1698554366\n|move|p1b: Withney|Follow Me|p1b: Withney\n|-singleturn|p1b: Withney|move: Follow Me\n|move|p1a: Napoleon|Hydro Pump|p2b: Orthworm\n|-damage|p2b: Orthworm|42\/100\n|move|p2a: Glimmora|Stealth Rock|p1a: Napoleon\n|-sidestart|p1: Primal Latios|move: Stealth Rock\n|move|p2b: Orthworm|Body Press|p1b: Withney\n|-resisted|p1b: Withney\n|-crit|p1b: Withney\n|-damage|p1b: Withney|81\/100\n|\n|-heal|p2b: Orthworm|48\/100|[from] item: Leftovers\n|-heal|p1b: Withney|87\/100|[from] item: Leftovers\n|upkeep\n|turn|3\n|\n|t:|1698554396\n|move|p1b: Withney|Follow Me|p1b: Withney\n|-singleturn|p1b: Withney|move: Follow Me\n|move|p1a: Napoleon|Hydro Pump|p2b: Orthworm\n|-damage|p2b: Orthworm|0 fnt\n|faint|p2b: Orthworm\n|move|p2a: Glimmora|Power Gem|p1b: Withney\n|-crit|p1b: Withney\n|-damage|p1b: Withney|41\/100\n|\n|-heal|p1b: Withney|47\/100|[from] item: Leftovers\n|upkeep\n|\n|t:|1698554406\n|switch|p2b: Chansey|Chansey, F|100\/100\n|turn|4\n|\n|t:|1698554419\n|move|p1a: Napoleon|Steel Beam|p2a: Glimmora\n|-supereffective|p2a: Glimmora\n|-enditem|p2a: Glimmora|Focus Sash\n|-damage|p2a: Glimmora|1\/100\n|move|p2a: Glimmora|Power Gem|p1b: Withney\n|-damage|p1b: Withney|16\/100\n|move|p1b: Withney|Heal Pulse|p1a: Napoleon\n|-heal|p1a: Napoleon|65\/100\n|move|p2b: Chansey|Seismic Toss|p1a: Napoleon\n|-damage|p1a: Napoleon|33\/100\n|\n|-heal|p1b: Withney|22\/100|[from] item: Leftovers\n|upkeep\n|turn|5\n|\n|t:|1698554442\n|move|p1a: Napoleon|Steel Beam|p2a: Glimmora\n|-supereffective|p2a: Glimmora\n|-crit|p2a: Glimmora\n|-damage|p2a: Glimmora|0 fnt\n|faint|p2a: Glimmora\n|move|p1b: Withney|Heal Pulse|p1a: Napoleon\n|-heal|p1a: Napoleon|83\/100\n|move|p2b: Chansey|Seismic Toss|p1a: Napoleon\n|-damage|p1a: Napoleon|51\/100\n|\n|-heal|p1b: Withney|28\/100|[from] item: Leftovers\n|-sideend|p2: MoltenPigg|move: Light Screen\n|upkeep\n|\n|t:|1698554453\n|switch|p2a: Quaquaval|Quaquaval, F|100\/100\n|turn|6\n|\n|t:|1698554473\n|-terastallize|p1a: Napoleon|Steel\n|move|p1a: Napoleon|Steel Beam|p2a: Quaquaval\n|-resisted|p2a: Quaquaval\n|-damage|p2a: Quaquaval|24\/100\n|move|p2a: Quaquaval|Aqua Step|p1b: Withney\n|-damage|p1b: Withney|0 fnt\n|-boost|p2a: Quaquaval|spe|1\n|faint|p1b: Withney\n|-ability|p2a: Quaquaval|Moxie|boost\n|-boost|p2a: Quaquaval|atk|1\n|move|p2b: Chansey|Seismic Toss|p1a: Napoleon\n|-damage|p1a: Napoleon|18\/100\n|\n|upkeep\n|inactive|Battle timer is ON: inactive players will automatically lose when time's up. (requested by MoltenPigg)\n|\n|t:|1698554539\n|switch|p1b: Katara|Ogerpon-Wellspring, F|100\/100\n|-damage|p1b: Katara|88\/100|[from] Stealth Rock\n|turn|7\n|\n|t:|1698554556\n|move|p2a: Quaquaval|Brave Bird|p1b: Katara\n|-supereffective|p1b: Katara\n|-damage|p1b: Katara|0 fnt\n|faint|p1b: Katara\n|-ability|p2a: Quaquaval|Moxie|boost\n|-boost|p2a: Quaquaval|atk|1\n|-damage|p2a: Quaquaval|0 fnt|[from] Recoil\n|faint|p2a: Quaquaval\n|move|p1a: Napoleon|Steel Beam|p2b: Chansey\n|-damage|p2b: Chansey|76\/100\n|move|p2b: Chansey|Seismic Toss|p1a: Napoleon\n|-damage|p1a: Napoleon|0 fnt\n|faint|p1a: Napoleon\n|\n|upkeep\n|\n|t:|1698554575\n|switch|p1b: Rengoku|Chi-Yu|100\/100\n|switch|p2a: Sandy Shocks|Sandy Shocks, shiny|100\/100\n|switch|p1a: Shisui|Inteleon, M|100\/100\n|-damage|p1a: Shisui|88\/100|[from] Stealth Rock\n|-damage|p1b: Rengoku|76\/100|[from] Stealth Rock\n|-ability|p1b: Rengoku|Beads of Ruin\n|turn|8\n|\n|t:|1698554587\n|move|p1a: Shisui|Snipe Shot|p2a: Sandy Shocks\n|-supereffective|p2a: Sandy Shocks\n|-damage|p2a: Sandy Shocks|0 fnt\n|faint|p2a: Sandy Shocks\n|-end|p2a: Sandy Shocks|Protosynthesis|[silent]\n|move|p1b: Rengoku|Nasty Plot|p1b: Rengoku\n|-boost|p1b: Rengoku|spa|2\n|move|p2b: Chansey|Thunder Wave|p1a: Shisui\n|-status|p1a: Shisui|par\n|\n|upkeep\n|\n|t:|1698554595\n|switch|p2a: Hatterene|Hatterene, F, shiny|100\/100\n|turn|9\n|\n|t:|1698554604\n|move|p1b: Rengoku|Dark Pulse|p2a: Hatterene\n|-damage|p2a: Hatterene|4\/100\n|cant|p1a: Shisui|par\n|move|p2b: Chansey|Thunder Wave|p1b: Rengoku\n|-status|p1b: Rengoku|par\n|cant|p2a: Hatterene|flinch\n|\n|-heal|p2a: Hatterene|10\/100|[from] item: Leftovers\n|upkeep\n|turn|10\n|\n|t:|1698554618\n|move|p1a: Shisui|Snipe Shot|p2a: Hatterene\n|-damage|p2a: Hatterene|0 fnt\n|faint|p2a: Hatterene\n|move|p1b: Rengoku|Nasty Plot|p1b: Rengoku\n|-boost|p1b: Rengoku|spa|2\n|move|p2b: Chansey|Sweet Kiss|p1b: Rengoku\n|-start|p1b: Rengoku|confusion\n|\n|upkeep\n|turn|11\n|\n|t:|1698554631\n|move|p1a: Shisui|Taunt|p2b: Chansey\n|-start|p2b: Chansey|move: Taunt\n|-activate|p1b: Rengoku|confusion\n|move|p1b: Rengoku|Dark Pulse|p2b: Chansey\n|-damage|p2b: Chansey|44\/100\n|cant|p2b: Chansey|flinch\n|\n|upkeep\n|turn|12\n|\n|t:|1698554649\n|move|p1a: Shisui|Snipe Shot|p2b: Chansey\n|-damage|p2b: Chansey|35\/100\n|-activate|p1b: Rengoku|confusion\n|move|p1b: Rengoku|Flamethrower|p2b: Chansey\n|-damage|p2b: Chansey|0 fnt\n|faint|p2b: Chansey\n|\n|win|Primal Latios\n|raw|Primal Latios's rating: 1258 &rarr; <strong>1277<\/strong><br \/>(+19 for winning)\n|raw|MoltenPigg's rating: 1179 &rarr; <strong>1160<\/strong><br \/>(-19 for losing)\n|l|\u2606MoltenPigg\n","uploadtime":1698554663,"views":25,"p1id":"primallatios","p2id":"moltenpigg","formatid":"gen9doublesou","rating":1160,"private":0,"password":""}