{"id":"gen9doublesou-1972059780","p1":"majner","p2":"xXSuperFlameXx","format":"[Gen 9] Doubles OU","log":"|j|\u2606majner\n|j|\u203dxXSuperFlameXx\n|t:|1697809383\n|gametype|doubles\n|player|p1|majner|101|1028\n|player|p2|xXSuperFlameXx|bugcatcher-gen4dp|1088\n|teamsize|p1|6\n|teamsize|p2|6\n|gen|9\n|tier|[Gen 9] Doubles OU\n|rated|\n|rule|Species Clause: Limit one of each Pok\u00e9mon\n|rule|OHKO Clause: OHKO moves are banned\n|rule|Evasion Moves Clause: Evasion moves are banned\n|rule|Gravity Sleep Clause: The combination of sleep-inducing moves with imperfect accuracy and Gravity or Gigantamax Orbeetle are banned\n|rule|Endless Battle Clause: Forcing endless battles is banned\n|rule|HP Percentage Mod: HP is shown in percentages\n|clearpoke\n|poke|p1|Trevenant, F|\n|poke|p1|Torkoal, M|\n|poke|p1|Klefki, F|\n|poke|p1|Lurantis, M|\n|poke|p1|Toxtricity-Low-Key, M|\n|poke|p1|Dedenne, M|\n|poke|p2|Ludicolo, M|\n|poke|p2|Pelipper, F|\n|poke|p2|Basculegion-F, F|\n|poke|p2|Iron Bundle|\n|poke|p2|Poliwrath, M|\n|poke|p2|Gastrodon-East, M|\n|teampreview\n|inactive|Battle timer is ON: inactive players will automatically lose when time's up. (requested by xXSuperFlameXx)\n|\n|t:|1697809387\n|start\n|switch|p1a: Klefki|Klefki, F|100\/100\n|switch|p1b: Trevenant|Trevenant, F|100\/100\n|switch|p2a: Pelipper|Pelipper, F|100\/100\n|switch|p2b: Ludicolo|Ludicolo, M|100\/100\n|-weather|RainDance|[from] ability: Drizzle|[of] p2a: Pelipper\n|turn|1\n|inactive|xXSuperFlameXx has 120 seconds left.\n|\n|t:|1697809420\n|-terastallize|p1b: Trevenant|Dark\n|move|p2b: Ludicolo|Drain Punch|p1a: Klefki\n|-damage|p1a: Klefki|75\/100\n|move|p2a: Pelipper|Hurricane|p1b: Trevenant\n|-damage|p1b: Trevenant|46\/100\n|-start|p1b: Trevenant|confusion\n|-activate|p1b: Trevenant|confusion\n|move|p1b: Trevenant|Curse|p1b: Trevenant\n|-unboost|p1b: Trevenant|spe|1\n|-boost|p1b: Trevenant|atk|1\n|-boost|p1b: Trevenant|def|1\n|move|p1a: Klefki|Trick Room|p1a: Klefki\n|-fieldstart|move: Trick Room|[of] p1a: Klefki\n|\n|-weather|RainDance|[upkeep]\n|upkeep\n|turn|2\n|inactive|majner has 120 seconds left.\n|\n|t:|1697809470\n|switch|p1a: Torkoal|Torkoal, M|100\/100\n|-weather|SunnyDay|[from] ability: Drought|[of] p1a: Torkoal\n|-activate|p1b: Trevenant|confusion\n|move|p1b: Trevenant|Phantom Force||[still]\n|-prepare|p1b: Trevenant|Phantom Force\n|move|p2a: Pelipper|Hurricane|p1b: Trevenant|[miss]\n|-miss|p2a: Pelipper|p1b: Trevenant\n|move|p2b: Ludicolo|Drain Punch|p1b: Trevenant|[miss]\n|-miss|p2b: Ludicolo|p1b: Trevenant\n|\n|-weather|SunnyDay|[upkeep]\n|upkeep\n|turn|3\n|inactive|majner has 120 seconds left.\n|\n|t:|1697809492\n|switch|p2b: Poliwrath|Poliwrath, M|100\/100\n|move|p1a: Torkoal|Eruption|p2b: Poliwrath|[spread] p2a,p2b\n|-resisted|p2a: Pelipper\n|-resisted|p2b: Poliwrath\n|-damage|p2a: Pelipper|68\/100\n|-damage|p2b: Poliwrath|70\/100\n|-end|p1b: Trevenant|confusion\n|move|p1b: Trevenant|Phantom Force|p2b: Poliwrath|[from]lockedmove\n|-damage|p2b: Poliwrath|0 fnt\n|faint|p2b: Poliwrath\n|move|p2a: Pelipper|Hurricane|p1b: Trevenant|[miss]\n|-miss|p2a: Pelipper|p1b: Trevenant\n|\n|-weather|SunnyDay|[upkeep]\n|upkeep\n|\n|t:|1697809505\n|switch|p2b: Gastrodon|Gastrodon-East, M|100\/100\n|turn|4\n|\n|t:|1697809524\n|move|p1a: Torkoal|Helping Hand|p1b: Trevenant\n|-singleturn|p1b: Trevenant|Helping Hand|[of] p1a: Torkoal\n|move|p1b: Trevenant|Giga Drain|p2b: Gastrodon\n|-supereffective|p2b: Gastrodon\n|-damage|p2b: Gastrodon|0 fnt\n|-heal|p1b: Trevenant|100\/100|[from] drain|[of] p2b: Gastrodon\n|faint|p2b: Gastrodon\n|move|p2a: Pelipper|U-turn|p1b: Trevenant\n|-supereffective|p1b: Trevenant\n|-damage|p1b: Trevenant|87\/100\n|\n|t:|1697809533\n|switch|p2a: Basculegion|Basculegion-F, F|100\/100|[from] U-turn\n|\n|-weather|SunnyDay|[upkeep]\n|upkeep\n|\n|t:|1697809536\n|switch|p2b: Pelipper|Pelipper, F|68\/100\n|-weather|RainDance|[from] ability: Drizzle|[of] p2b: Pelipper\n|turn|5\n|\n|t:|1697809552\n|move|p2b: Pelipper|Helping Hand|p2a: Basculegion\n|-singleturn|p2a: Basculegion|Helping Hand|[of] p2b: Pelipper\n|move|p1b: Trevenant|Sucker Punch|p2a: Basculegion\n|-supereffective|p2a: Basculegion\n|-damage|p2a: Basculegion|0 fnt\n|faint|p2a: Basculegion\n|move|p1a: Torkoal|Eruption|p2b: Pelipper\n|-resisted|p2b: Pelipper\n|-damage|p2b: Pelipper|53\/100\n|\n|-weather|RainDance|[upkeep]\n|-fieldend|move: Trick Room\n|upkeep\n|\n|t:|1697809560\n|switch|p2a: Ludicolo|Ludicolo, M|100\/100\n|turn|6\n|\n|t:|1697809579\n|move|p1a: Torkoal|Helping Hand|p1b: Trevenant\n|-singleturn|p1b: Trevenant|Helping Hand|[of] p1a: Torkoal\n|move|p1b: Trevenant|Sucker Punch|p2a: Ludicolo\n|-crit|p2a: Ludicolo\n|-damage|p2a: Ludicolo|0 fnt\n|faint|p2a: Ludicolo\n|move|p2b: Pelipper|U-turn|p1a: Torkoal\n|-resisted|p1a: Torkoal\n|-damage|p1a: Torkoal|98\/100\n|\n|t:|1697809588\n|switch|p2b: Iron Bundle|Iron Bundle|100\/100|[from] U-turn\n|-enditem|p2b: Iron Bundle|Booster Energy\n|-activate|p2b: Iron Bundle|ability: Quark Drive|[fromitem]\n|-start|p2b: Iron Bundle|quarkdrivespe\n|\n|-weather|RainDance|[upkeep]\n|upkeep\n|\n|t:|1697809590\n|switch|p2a: Pelipper|Pelipper, F|53\/100\n|turn|7\n|\n|t:|1697809610\n|move|p2a: Pelipper|Helping Hand|p2b: Iron Bundle\n|-singleturn|p2b: Iron Bundle|Helping Hand|[of] p2a: Pelipper\n|move|p2b: Iron Bundle|Hydro Pump|p1a: Torkoal\n|-supereffective|p1a: Torkoal\n|-damage|p1a: Torkoal|0 fnt\n|faint|p1a: Torkoal\n|move|p1b: Trevenant|Phantom Force||[still]\n|-prepare|p1b: Trevenant|Phantom Force\n|\n|-weather|RainDance|[upkeep]\n|upkeep\n|\n|t:|1697809618\n|switch|p1a: Klefki|Klefki, F|75\/100\n|turn|8\n|\n|t:|1697809641\n|move|p2a: Pelipper|Helping Hand|p2b: Iron Bundle\n|-singleturn|p2b: Iron Bundle|Helping Hand|[of] p2a: Pelipper\n|move|p2b: Iron Bundle|Hydro Pump|p1a: Klefki\n|-damage|p1a: Klefki|0 fnt\n|faint|p1a: Klefki\n|move|p1b: Trevenant|Phantom Force|p2b: Iron Bundle|[from]lockedmove\n|-damage|p2b: Iron Bundle|33\/100\n|\n|-weather|RainDance|[upkeep]\n|upkeep\n|\n|t:|1697809652\n|switch|p1a: Dedenne|Dedenne, M|100\/100\n|-item|p1a: Dedenne|Air Balloon\n|turn|9\n|\n|t:|1697809671\n|move|p2a: Pelipper|Helping Hand|p2b: Iron Bundle\n|-singleturn|p2b: Iron Bundle|Helping Hand|[of] p2a: Pelipper\n|move|p1b: Trevenant|Sucker Punch|p2b: Iron Bundle\n|-damage|p2b: Iron Bundle|0 fnt\n|faint|p2b: Iron Bundle\n|-end|p2b: Iron Bundle|Quark Drive|[silent]\n|move|p1a: Dedenne|Nuzzle|p2a: Pelipper\n|-supereffective|p2a: Pelipper\n|-damage|p2a: Pelipper|35\/100\n|-status|p2a: Pelipper|par\n|\n|-weather|RainDance|[upkeep]\n|upkeep\n|turn|10\n|\n|t:|1697809687\n|move|p1a: Dedenne|Helping Hand|p1b: Trevenant\n|-singleturn|p1b: Trevenant|Helping Hand|[of] p1a: Dedenne\n|move|p1b: Trevenant|Sucker Punch|p2a: Pelipper\n|-damage|p2a: Pelipper|0 fnt\n|faint|p2a: Pelipper\n|\n|win|majner\n|raw|majner's rating: 1028 &rarr; <strong>1070<\/strong><br \/>(+42 for winning)\n|raw|xXSuperFlameXx's rating: 1088 &rarr; <strong>1061<\/strong><br \/>(-27 for losing)\n","uploadtime":1697809695,"views":14,"p1id":"majner","p2id":"xxsuperflamexx","formatid":"gen9doublesou","rating":1061,"private":0,"password":""}