{"id":"gen9doublesou-1995276019","p1":"saintcamel","p2":"RLisanidiot","format":"[Gen 9] Doubles OU","log":"|j|\u2606saintcamel\n|j|\u2606RLisanidiot\n|t:|1700545324\n|gametype|doubles\n|player|p1|saintcamel|blue|1312\n|player|p2|RLisanidiot|unknownf|1332\n|teamsize|p1|6\n|teamsize|p2|6\n|gen|9\n|tier|[Gen 9] Doubles OU\n|rated|\n|rule|Species Clause: Limit one of each Pok\u00e9mon\n|rule|OHKO Clause: OHKO moves are banned\n|rule|Evasion Moves Clause: Evasion moves are banned\n|rule|Gravity Sleep Clause: The combination of sleep-inducing moves with imperfect accuracy and Gravity or Gigantamax Orbeetle are banned\n|rule|Endless Battle Clause: Forcing endless battles is banned\n|rule|HP Percentage Mod: HP is shown in percentages\n|clearpoke\n|poke|p1|Tinkaton, F|\n|poke|p1|Grimmsnarl, M|\n|poke|p1|Garchomp, F|\n|poke|p1|Empoleon, M|\n|poke|p1|Baxcalibur, M|\n|poke|p1|Volcarona, M|\n|poke|p2|Ninetales-Alola, F|\n|poke|p2|Chien-Pao|\n|poke|p2|Flutter Mane|\n|poke|p2|Tornadus, M|\n|poke|p2|Pachirisu, M|\n|poke|p2|Landorus-Therian, M|\n|teampreview\n|inactive|Battle timer is ON: inactive players will automatically lose when time's up. (requested by RLisanidiot)\n|\n|t:|1700545340\n|start\n|switch|p1a: Grimmsnarl|Grimmsnarl, M, shiny|100\/100\n|switch|p1b: Empoleon|Empoleon, M, shiny|100\/100\n|switch|p2a: Ninetales|Ninetales-Alola, F, shiny|100\/100\n|switch|p2b: Pachirisu|Pachirisu, M|100\/100\n|-weather|Snow|[from] ability: Snow Warning|[of] p2a: Ninetales\n|turn|1\n|\n|t:|1700545349\n|move|p1a: Grimmsnarl|Light Screen|p1a: Grimmsnarl\n|-sidestart|p1: saintcamel|move: Light Screen\n|move|p2a: Ninetales|Aurora Veil|p2a: Ninetales\n|-sidestart|p2: RLisanidiot|move: Aurora Veil\n|move|p2b: Pachirisu|Nuzzle|p1b: Empoleon\n|-supereffective|p1b: Empoleon\n|-damage|p1b: Empoleon|92\/100\n|-status|p1b: Empoleon|par\n|cant|p1b: Empoleon|par\n|\n|-weather|Snow|[upkeep]\n|-heal|p1b: Empoleon|98\/100 par|[from] item: Leftovers\n|upkeep\n|turn|2\n|\n|t:|1700545363\n|move|p1a: Grimmsnarl|Reflect|p1a: Grimmsnarl\n|-sidestart|p1: saintcamel|Reflect\n|move|p2a: Ninetales|Confuse Ray|p1b: Empoleon\n|-start|p1b: Empoleon|confusion\n|move|p2b: Pachirisu|Nuzzle|p1a: Grimmsnarl\n|-damage|p1a: Grimmsnarl|97\/100\n|-status|p1a: Grimmsnarl|par\n|-activate|p1b: Empoleon|confusion\n|move|p1b: Empoleon|Flash Cannon|p2a: Ninetales\n|-supereffective|p2a: Ninetales\n|-damage|p2a: Ninetales|0 fnt\n|faint|p2a: Ninetales\n|\n|-weather|Snow|[upkeep]\n|-heal|p1b: Empoleon|100\/100 par|[from] item: Leftovers\n|upkeep\n|\n|t:|1700545374\n|switch|p2a: Landorus|Landorus-Therian, M, shiny|100\/100\n|-ability|p2a: Landorus|Intimidate|boost\n|-unboost|p1a: Grimmsnarl|atk|1\n|-unboost|p1b: Empoleon|atk|1\n|-ability|p1b: Empoleon|Competitive|boost\n|-boost|p1b: Empoleon|spa|2\n|turn|3\n|\n|t:|1700545383\n|move|p2b: Pachirisu|Follow Me|p2b: Pachirisu\n|-singleturn|p2b: Pachirisu|move: Follow Me\n|move|p1a: Grimmsnarl|Parting Shot|p2b: Pachirisu\n|-unboost|p2b: Pachirisu|atk|1\n|-unboost|p2b: Pachirisu|spa|1\n|\n|t:|1700545397\n|switch|p1a: Baxcalibur|Baxcalibur, M, shiny|100\/100|[from] Parting Shot\n|move|p2a: Landorus|Sandsear Storm|p1b: Empoleon|[spread] p1a,p1b\n|-supereffective|p1b: Empoleon\n|-damage|p1a: Baxcalibur|77\/100\n|-damage|p1b: Empoleon|59\/100 par\n|-activate|p1b: Empoleon|confusion\n|-damage|p1b: Empoleon|54\/100 par|[from] confusion\n|\n|-weather|Snow|[upkeep]\n|-heal|p1b: Empoleon|60\/100 par|[from] item: Leftovers\n|upkeep\n|turn|4\n|\n|t:|1700545412\n|switch|p2a: Chien-Pao|Chien-Pao|100\/100\n|-ability|p2a: Chien-Pao|Sword of Ruin\n|move|p1a: Baxcalibur|Icicle Spear|p2a: Chien-Pao\n|-resisted|p2a: Chien-Pao\n|-damage|p2a: Chien-Pao|96\/100\n|-resisted|p2a: Chien-Pao\n|-damage|p2a: Chien-Pao|91\/100\n|-resisted|p2a: Chien-Pao\n|-damage|p2a: Chien-Pao|87\/100\n|-resisted|p2a: Chien-Pao\n|-damage|p2a: Chien-Pao|83\/100\n|-resisted|p2a: Chien-Pao\n|-damage|p2a: Chien-Pao|78\/100\n|-hitcount|p2a: Chien-Pao|5\n|-damage|p1a: Baxcalibur|67\/100|[from] item: Life Orb\n|move|p2b: Pachirisu|Nuzzle|p1a: Baxcalibur\n|-resisted|p1a: Baxcalibur\n|-damage|p1a: Baxcalibur|66\/100\n|-status|p1a: Baxcalibur|par\n|-end|p1b: Empoleon|confusion\n|move|p1b: Empoleon|Icy Wind|p2b: Pachirisu|[spread] p2a,p2b\n|-resisted|p2a: Chien-Pao\n|-damage|p2a: Chien-Pao|70\/100\n|-damage|p2b: Pachirisu|80\/100\n|-unboost|p2a: Chien-Pao|spe|1\n|-unboost|p2b: Pachirisu|spe|1\n|\n|-weather|Snow|[upkeep]\n|-heal|p1b: Empoleon|67\/100 par|[from] item: Leftovers\n|upkeep\n|turn|5\n|\n|t:|1700545436\n|move|p2a: Chien-Pao|Sacred Sword|p1b: Empoleon\n|-supereffective|p1b: Empoleon\n|-damage|p1b: Empoleon|14\/100 par\n|cant|p1a: Baxcalibur|par\n|move|p2b: Pachirisu|U-turn|p1a: Baxcalibur\n|-damage|p1a: Baxcalibur|62\/100 par\n|\n|t:|1700545445\n|switch|p2b: Landorus|Landorus-Therian, M, shiny|100\/100|[from] U-turn\n|-ability|p2b: Landorus|Intimidate|boost\n|-unboost|p1a: Baxcalibur|atk|1\n|-unboost|p1b: Empoleon|atk|1\n|-ability|p1b: Empoleon|Competitive|boost\n|-boost|p1b: Empoleon|spa|2\n|cant|p1b: Empoleon|par\n|\n|-weather|none\n|-heal|p1b: Empoleon|20\/100 par|[from] item: Leftovers\n|upkeep\n|turn|6\n|\n|t:|1700545463\n|move|p2b: Landorus|U-turn|p1a: Baxcalibur\n|-damage|p1a: Baxcalibur|44\/100 par\n|\n|t:|1700545467\n|switch|p2b: Pachirisu|Pachirisu, M|80\/100|[from] U-turn\n|move|p2a: Chien-Pao|Sacred Sword|p1b: Empoleon\n|-supereffective|p1b: Empoleon\n|-damage|p1b: Empoleon|0 fnt\n|faint|p1b: Empoleon\n|move|p1a: Baxcalibur|Icicle Spear|p2b: Pachirisu\n|-damage|p2b: Pachirisu|67\/100\n|-damage|p2b: Pachirisu|55\/100\n|-hitcount|p2b: Pachirisu|2\n|-damage|p1a: Baxcalibur|34\/100 par|[from] item: Life Orb\n|\n|upkeep\n|\n|t:|1700545477\n|switch|p1b: Tinkaton|Tinkaton, F, shiny|100\/100\n|-ability|p1b: Tinkaton|Mold Breaker\n|turn|7\n|\n|t:|1700545483\n|switch|p2a: Landorus|Landorus-Therian, M, shiny|100\/100\n|-ability|p2a: Landorus|Intimidate|boost\n|-unboost|p1a: Baxcalibur|atk|1\n|-unboost|p1b: Tinkaton|atk|1\n|move|p1b: Tinkaton|Fake Out|p2b: Pachirisu\n|-damage|p2b: Pachirisu|50\/100\n|-enditem|p2b: Pachirisu|Sitrus Berry|[eat]\n|-heal|p2b: Pachirisu|75\/100|[from] item: Sitrus Berry\n|cant|p2b: Pachirisu|flinch\n|move|p1a: Baxcalibur|Iron Head|p2a: Landorus\n|-damage|p2a: Landorus|88\/100\n|-damage|p1a: Baxcalibur|24\/100 par|[from] item: Life Orb\n|\n|upkeep\n|turn|8\n|inactive|saintcamel has 120 seconds left.\n|\n|t:|1700545521\n|move|p2a: Landorus|Sandsear Storm|p1b: Tinkaton|[spread] p1a,p1b\n|-supereffective|p1b: Tinkaton\n|-damage|p1a: Baxcalibur|2\/100 par\n|-damage|p1b: Tinkaton|72\/100\n|move|p1b: Tinkaton|Knock Off|p2a: Landorus\n|-damage|p2a: Landorus|77\/100\n|-enditem|p2a: Landorus|Choice Scarf|[from] move: Knock Off|[of] p1b: Tinkaton\n|move|p2b: Pachirisu|Nuzzle|p1b: Tinkaton\n|-damage|p1b: Tinkaton|68\/100\n|-status|p1b: Tinkaton|par\n|move|p1a: Baxcalibur|Icicle Spear|p2a: Landorus\n|-supereffective|p2a: Landorus\n|-damage|p2a: Landorus|52\/100\n|-supereffective|p2a: Landorus\n|-damage|p2a: Landorus|26\/100\n|-hitcount|p2a: Landorus|2\n|-damage|p1a: Baxcalibur|0 fnt|[from] item: Life Orb\n|faint|p1a: Baxcalibur\n|\n|-sideend|p1: saintcamel|move: Light Screen\n|-sideend|p2: RLisanidiot|move: Aurora Veil\n|upkeep\n|\n|t:|1700545540\n|switch|p1a: Grimmsnarl|Grimmsnarl, M, shiny|97\/100 par\n|turn|9\n|\n|t:|1700545554\n|move|p1a: Grimmsnarl|Light Screen|p1a: Grimmsnarl\n|-sidestart|p1: saintcamel|move: Light Screen\n|move|p2b: Pachirisu|Super Fang|p1a: Grimmsnarl\n|-damage|p1a: Grimmsnarl|49\/100 par\n|move|p2a: Landorus|U-turn|p1a: Grimmsnarl\n|-damage|p1a: Grimmsnarl|31\/100 par\n|\n|t:|1700545562\n|switch|p2a: Tornadus|Tornadus, M|100\/100|[from] U-turn\n|cant|p1b: Tinkaton|par\n|\n|-sideend|p1: saintcamel|Reflect\n|upkeep\n|turn|10\n|\n|t:|1700545573\n|move|p1a: Grimmsnarl|Reflect|p1a: Grimmsnarl\n|-sidestart|p1: saintcamel|Reflect\n|move|p2a: Tornadus|Bleakwind Storm|p1b: Tinkaton|[spread] p1a,p1b\n|-resisted|p1b: Tinkaton\n|-damage|p1a: Grimmsnarl|16\/100 par\n|-damage|p1b: Tinkaton|61\/100 par\n|-unboost|p1a: Grimmsnarl|spe|1\n|-unboost|p1b: Tinkaton|spe|1\n|move|p2b: Pachirisu|Super Fang|p1b: Tinkaton\n|-damage|p1b: Tinkaton|31\/100 par\n|move|p1b: Tinkaton|Gigaton Hammer|p2a: Tornadus\n|-damage|p2a: Tornadus|64\/100\n|\n|upkeep\n|turn|11\n|\n|t:|1700545589\n|move|p1a: Grimmsnarl|Parting Shot|p2a: Tornadus\n|-unboost|p2a: Tornadus|atk|1\n|-unboost|p2a: Tornadus|spa|1\n|\n|t:|1700545596\n|switch|p1a: Garchomp|Garchomp, F, shiny|100\/100|[from] Parting Shot\n|move|p2a: Tornadus|Bleakwind Storm|p1b: Tinkaton|[spread] p1a,p1b\n|-resisted|p1b: Tinkaton\n|-damage|p1a: Garchomp|86\/100\n|-damage|p1b: Tinkaton|26\/100 par\n|-unboost|p1a: Garchomp|spe|1\n|-unboost|p1b: Tinkaton|spe|1\n|move|p2b: Pachirisu|U-turn|p1a: Garchomp\n|-damage|p1a: Garchomp|80\/100\n|-damage|p2b: Pachirisu|63\/100|[from] ability: Rough Skin|[of] p1a: Garchomp\n|-damage|p2b: Pachirisu|46\/100|[from] item: Rocky Helmet|[of] p1a: Garchomp\n|\n|t:|1700545608\n|switch|p2b: Landorus|Landorus-Therian, M, shiny|26\/100|[from] U-turn\n|-ability|p2b: Landorus|Intimidate|boost\n|-unboost|p1a: Garchomp|atk|1\n|-unboost|p1b: Tinkaton|atk|1\n|move|p1b: Tinkaton|Knock Off|p2a: Tornadus\n|-damage|p2a: Tornadus|53\/100\n|-enditem|p2a: Tornadus|Mental Herb|[from] move: Knock Off|[of] p1b: Tinkaton\n|\n|upkeep\n|turn|12\n|\n|t:|1700545634\n|switch|p1b: Grimmsnarl|Grimmsnarl, M, shiny|16\/100 par\n|move|p2a: Tornadus|Snowscape|p2a: Tornadus\n|-weather|Snow\n|move|p1a: Garchomp|Dragon Claw|p2b: Landorus\n|-damage|p2b: Landorus|0 fnt\n|faint|p2b: Landorus\n|\n|-weather|Snow|[upkeep]\n|upkeep\n|\n|t:|1700545643\n|switch|p2b: Flutter Mane|Flutter Mane|100\/100\n|turn|13\n|\n|t:|1700545657\n|-terastallize|p1a: Garchomp|Steel\n|move|p2a: Tornadus|Tailwind|p2a: Tornadus\n|-sidestart|p2: RLisanidiot|move: Tailwind\n|cant|p1b: Grimmsnarl|par\n|move|p2b: Flutter Mane|Dazzling Gleam|p1b: Grimmsnarl|[spread] p1a,p1b\n|-resisted|p1a: Garchomp\n|-supereffective|p1b: Grimmsnarl\n|-damage|p1a: Garchomp|63\/100\n|-damage|p1b: Grimmsnarl|0 fnt\n|faint|p1b: Grimmsnarl\n|move|p1a: Garchomp|Iron Head|p2b: Flutter Mane\n|-supereffective|p2b: Flutter Mane\n|-damage|p2b: Flutter Mane|0 fnt\n|faint|p2b: Flutter Mane\n|-end|p2b: Flutter Mane|Protosynthesis|[silent]\n|\n|-weather|Snow|[upkeep]\n|upkeep\n|\n|t:|1700545676\n|switch|p2b: Chien-Pao|Chien-Pao|70\/100\n|switch|p1b: Tinkaton|Tinkaton, F, shiny|26\/100 par\n|-ability|p2b: Chien-Pao|Sword of Ruin\n|-ability|p1b: Tinkaton|Mold Breaker\n|turn|14\n|\n|t:|1700545690\n|switch|p2b: Pachirisu|Pachirisu, M|46\/100\n|move|p1b: Tinkaton|Fake Out|p2b: Pachirisu\n|-damage|p2b: Pachirisu|35\/100\n|move|p2a: Tornadus|Bleakwind Storm|p1b: Tinkaton|[spread] p1a,p1b\n|-resisted|p1a: Garchomp\n|-resisted|p1b: Tinkaton\n|-damage|p1a: Garchomp|56\/100\n|-damage|p1b: Tinkaton|21\/100 par\n|move|p1a: Garchomp|Iron Head|p2b: Pachirisu\n|-resisted|p2b: Pachirisu\n|-damage|p2b: Pachirisu|20\/100\n|\n|-weather|Snow|[upkeep]\n|upkeep\n|turn|15\n|\n|t:|1700545708\n|move|p2a: Tornadus|Bleakwind Storm|p1b: Tinkaton|[spread] p1a,p1b\n|-resisted|p1a: Garchomp\n|-resisted|p1b: Tinkaton\n|-crit|p1b: Tinkaton\n|-damage|p1a: Garchomp|49\/100\n|-damage|p1b: Tinkaton|4\/100 par\n|move|p2b: Pachirisu|Nuzzle|p1a: Garchomp\n|-damage|p1a: Garchomp|46\/100\n|-status|p1a: Garchomp|par\n|-damage|p2b: Pachirisu|8\/100|[from] ability: Rough Skin|[of] p1a: Garchomp\n|-damage|p2b: Pachirisu|0 fnt|[from] item: Rocky Helmet|[of] p1a: Garchomp\n|faint|p2b: Pachirisu\n|move|p1b: Tinkaton|Gigaton Hammer|p2a: Tornadus\n|-damage|p2a: Tornadus|0 fnt\n|faint|p2a: Tornadus\n|cant|p1a: Garchomp|par\n|\n|-weather|Snow|[upkeep]\n|upkeep\n|\n|t:|1700545725\n|switch|p2b: Chien-Pao|Chien-Pao|70\/100\n|-ability|p2b: Chien-Pao|Sword of Ruin\n|turn|16\n|\n|t:|1700545732\n|-terastallize|p2b: Chien-Pao|Electric\n|move|p2b: Chien-Pao|Sacred Sword|p1a: Garchomp\n|-supereffective|p1a: Garchomp\n|-damage|p1a: Garchomp|0 fnt\n|-damage|p2b: Chien-Pao|58\/100|[from] ability: Rough Skin|[of] p1a: Garchomp\n|-damage|p2b: Chien-Pao|41\/100|[from] item: Rocky Helmet|[of] p1a: Garchomp\n|faint|p1a: Garchomp\n|cant|p1b: Tinkaton|par\n|\n|-weather|none\n|-sideend|p1: saintcamel|move: Light Screen\n|-sideend|p2: RLisanidiot|move: Tailwind\n|upkeep\n|\n|t:|1700545742\n|switch|p1a: Volcarona|Volcarona, M, shiny|100\/100\n|turn|17\n|\n|t:|1700545758\n|move|p2b: Chien-Pao|Tera Blast|p1a: Volcarona|[anim] Tera Blast Electric\n|-damage|p1a: Volcarona|49\/100\n|move|p1a: Volcarona|Fiery Dance|p2b: Chien-Pao\n|-damage|p2b: Chien-Pao|4\/100\n|-boost|p1a: Volcarona|spa|1\n|cant|p1b: Tinkaton|par\n|\n|-sideend|p1: saintcamel|Reflect\n|upkeep\n|turn|18\n|\n|t:|1700545775\n|move|p2b: Chien-Pao|Tera Blast|p1a: Volcarona|[anim] Tera Blast Electric\n|-damage|p1a: Volcarona|0 fnt\n|faint|p1a: Volcarona\n|cant|p1b: Tinkaton|par\n|\n|upkeep\n|turn|19\n|-message|saintcamel forfeited.\n|\n|win|RLisanidiot\n|raw|saintcamel's rating: 1312 &rarr; <strong>1293<\/strong><br \/>(-19 for losing)\n|raw|RLisanidiot's rating: 1332 &rarr; <strong>1351<\/strong><br \/>(+19 for winning)\n|l|\u2606saintcamel\n","uploadtime":1700545784,"views":15,"p1id":"saintcamel","p2id":"rlisanidiot","formatid":"gen9doublesou","rating":1293,"private":0,"password":""}