{"id":"gen9doublesou-1998590178","p1":"Undala","p2":"brax","format":"[Gen 9] Doubles OU","log":"|j|\u2606Undala\n|j|\u2606brax\n|t:|1700960124\n|gametype|doubles\n|player|p1|Undala|102|1211\n|player|p2|brax|acetrainerf-gen4dp|1326\n|teamsize|p1|6\n|teamsize|p2|6\n|gen|9\n|tier|[Gen 9] Doubles OU\n|rated|\n|rule|Species Clause: Limit one of each Pok\u00e9mon\n|rule|OHKO Clause: OHKO moves are banned\n|rule|Evasion Moves Clause: Evasion moves are banned\n|rule|Gravity Sleep Clause: The combination of sleep-inducing moves with imperfect accuracy and Gravity or Gigantamax Orbeetle are banned\n|rule|Endless Battle Clause: Forcing endless battles is banned\n|rule|HP Percentage Mod: HP is shown in percentages\n|clearpoke\n|poke|p1|Flutter Mane|\n|poke|p1|Torkoal, M|\n|poke|p1|Regidrago|\n|poke|p1|Chien-Pao|\n|poke|p1|Maushold-Four|\n|poke|p1|Mew|\n|poke|p2|Ampharos, F|\n|poke|p2|Persian, M|\n|poke|p2|Dragonite, F|\n|poke|p2|Weavile, F|\n|poke|p2|Arcanine, F|\n|poke|p2|Scyther, M|\n|teampreview\n|inactive|Battle timer is ON: inactive players will automatically lose when time's up. (requested by Undala)\n|\n|t:|1700960146\n|start\n|switch|p1a: Master Oogway|Torkoal, M|100\/100\n|switch|p1b: Flutter Mane|Flutter Mane|100\/100\n|switch|p2a: Rogue|Persian, M|100\/100\n|switch|p2b: Mary|Ampharos, F|100\/100\n|-weather|SunnyDay|[from] ability: Drought|[of] p1a: Master Oogway\n|-activate|p1b: Flutter Mane|ability: Protosynthesis\n|-start|p1b: Flutter Mane|protosynthesisspa\n|turn|1\n|\n|t:|1700960161\n|-terastallize|p1a: Master Oogway|Ground\n|move|p2a: Rogue|Fake Out|p1a: Master Oogway\n|-damage|p1a: Master Oogway|78\/100\n|-damage|p2a: Rogue|91\/100|[from] item: Life Orb\n|move|p1b: Flutter Mane|Dazzling Gleam|p2a: Rogue|[spread] p2a,p2b\n|-damage|p2a: Rogue|0 fnt\n|-damage|p2b: Mary|47\/100\n|faint|p2a: Rogue\n|-damage|p1b: Flutter Mane|91\/100|[from] item: Life Orb\n|move|p2b: Mary|Thunderbolt|p1a: Master Oogway\n|-immune|p1a: Master Oogway\n|cant|p1a: Master Oogway|flinch\n|\n|-weather|SunnyDay|[upkeep]\n|-heal|p2b: Mary|53\/100|[from] item: Leftovers\n|upkeep\n|inactive|brax has 120 seconds left.\n|\n|t:|1700960199\n|switch|p2a: Princess|Weavile, F|100\/100\n|turn|2\n|\n|t:|1700960212\n|-end|p1b: Flutter Mane|Protosynthesis|[silent]\n|switch|p1b: Mew|Mew|100\/100\n|move|p2a: Princess|Ice Spinner|p1a: Master Oogway\n|-supereffective|p1a: Master Oogway\n|-damage|p1a: Master Oogway|16\/100\n|move|p2b: Mary|Thunderbolt|p1b: Mew\n|-damage|p1b: Mew|62\/100\n|move|p1a: Master Oogway|Heat Wave|p2a: Princess|[spread] p2a,p2b\n|-supereffective|p2a: Princess\n|-enditem|p2a: Princess|Focus Sash\n|-damage|p2a: Princess|1\/100\n|-damage|p2b: Mary|12\/100\n|-status|p2a: Princess|brn\n|\n|-weather|SunnyDay|[upkeep]\n|-heal|p1b: Mew|68\/100|[from] item: Leftovers\n|-heal|p2b: Mary|18\/100|[from] item: Leftovers\n|-damage|p2a: Princess|0 fnt|[from] brn\n|faint|p2a: Princess\n|upkeep\n|inactive|brax has 120 seconds left.\n|\n|t:|1700960237\n|switch|p2a: Widow|Scyther, M|100\/100\n|turn|3\n|\n|t:|1700960249\n|move|p2a: Widow|Dual Wingbeat|p1a: Master Oogway\n|-damage|p1a: Master Oogway|0 fnt\n|faint|p1a: Master Oogway\n|-hitcount|p1: Master Oogway|1\n|move|p1b: Mew|Tailwind|p1b: Mew\n|-sidestart|p1: Undala|move: Tailwind\n|move|p2b: Mary|Thunderbolt|p1b: Mew\n|-damage|p1b: Mew|26\/100\n|\n|-weather|SunnyDay|[upkeep]\n|-heal|p1b: Mew|32\/100|[from] item: Leftovers\n|-heal|p2b: Mary|24\/100|[from] item: Leftovers\n|upkeep\n|\n|t:|1700960264\n|switch|p1a: Regidrago|Regidrago, shiny|100\/100\n|turn|4\n|\n|t:|1700960283\n|switch|p1b: Chien-Pao|Chien-Pao|100\/100\n|-ability|p1b: Chien-Pao|Sword of Ruin\n|-terastallize|p2b: Mary|Fairy\n|move|p1a: Regidrago|Dragon Energy|p2b: Mary|[spread] p2a\n|-immune|p2b: Mary\n|-damage|p2a: Widow|25\/100\n|move|p2a: Widow|Dual Wingbeat|p1a: Regidrago\n|-damage|p1a: Regidrago|62\/100\n|-damage|p1a: Regidrago|25\/100\n|-hitcount|p1a: Regidrago|2\n|move|p2b: Mary|Dazzling Gleam|p1a: Regidrago|[spread] p1a,p1b\n|-supereffective|p1a: Regidrago\n|-supereffective|p1b: Chien-Pao\n|-damage|p1a: Regidrago|0 fnt\n|-enditem|p1b: Chien-Pao|Focus Sash\n|-damage|p1b: Chien-Pao|1\/100\n|faint|p1a: Regidrago\n|\n|-weather|SunnyDay|[upkeep]\n|-heal|p2b: Mary|31\/100|[from] item: Leftovers\n|upkeep\n|inactive|Undala has 120 seconds left.\n|\n|t:|1700960307\n|switch|p1a: Flutter Mane|Flutter Mane|91\/100\n|-activate|p1a: Flutter Mane|ability: Protosynthesis\n|-start|p1a: Flutter Mane|protosynthesisspa\n|turn|5\n|\n|t:|1700960315\n|move|p1b: Chien-Pao|Sucker Punch|p2a: Widow\n|-damage|p2a: Widow|0 fnt\n|faint|p2a: Widow\n|move|p1a: Flutter Mane|Dazzling Gleam|p2b: Mary\n|-crit|p2b: Mary\n|-damage|p2b: Mary|0 fnt\n|faint|p2b: Mary\n|-damage|p1a: Flutter Mane|81\/100|[from] item: Life Orb\n|\n|-weather|SunnyDay|[upkeep]\n|upkeep\n|\n|t:|1700960327\n|switch|p2a: Alexandria|Dragonite, F|100\/100\n|switch|p2b: Gretta|Arcanine, F|100\/100\n|-ability|p2b: Gretta|Intimidate|boost\n|-unboost|p1a: Flutter Mane|atk|1\n|-unboost|p1b: Chien-Pao|atk|1\n|turn|6\n|\n|t:|1700960338\n|move|p2b: Gretta|Extreme Speed|p1b: Chien-Pao\n|-damage|p1b: Chien-Pao|0 fnt\n|faint|p1b: Chien-Pao\n|move|p1a: Flutter Mane|Dazzling Gleam|p2b: Gretta|[spread] p2a,p2b\n|-supereffective|p2a: Alexandria\n|-resisted|p2b: Gretta\n|-damage|p2a: Alexandria|51\/100\n|-damage|p2b: Gretta|68\/100\n|-enditem|p2a: Alexandria|Weakness Policy\n|-boost|p2a: Alexandria|atk|2|[from] item: Weakness Policy\n|-boost|p2a: Alexandria|spa|2|[from] item: Weakness Policy\n|-damage|p1a: Flutter Mane|71\/100|[from] item: Life Orb\n|move|p2a: Alexandria|Iron Head|p1a: Flutter Mane\n|-supereffective|p1a: Flutter Mane\n|-damage|p1a: Flutter Mane|0 fnt\n|faint|p1a: Flutter Mane\n|-end|p1a: Flutter Mane|Protosynthesis|[silent]\n|\n|-weather|SunnyDay|[upkeep]\n|-sideend|p1: Undala|move: Tailwind\n|upkeep\n|\n|t:|1700960345\n|switch|p1b: Mew|Mew|32\/100\n|switch|p1a: Maushold|Maushold-Four|100\/100\n|turn|7\n|\n|t:|1700960364\n|move|p2a: Alexandria|Extreme Speed|p1b: Mew\n|-damage|p1b: Mew|0 fnt\n|faint|p1b: Mew\n|move|p1a: Maushold|Population Bomb|p2a: Alexandria\n|-damage|p2a: Alexandria|42\/100\n|-damage|p2a: Alexandria|32\/100\n|-damage|p2a: Alexandria|22\/100\n|-damage|p2a: Alexandria|11\/100\n|-hitcount|p2a: Alexandria|4\n|move|p2b: Gretta|Will-O-Wisp|p1a: Maushold|[miss]\n|-miss|p2b: Gretta|p1a: Maushold\n|\n|-weather|SunnyDay|[upkeep]\n|upkeep\n|turn|8\n|\n|t:|1700960384\n|move|p2a: Alexandria|Extreme Speed|p1a: Maushold\n|-damage|p1a: Maushold|0 fnt\n|-damage|p2a: Alexandria|0 fnt|[from] item: Rocky Helmet|[of] p1a: Maushold\n|faint|p1a: Maushold\n|faint|p2a: Alexandria\n|\n|win|brax\n|raw|Undala's rating: 1211 &rarr; <strong>1194<\/strong><br \/>(-17 for losing)\n|raw|brax's rating: 1326 &rarr; <strong>1340<\/strong><br \/>(+14 for winning)\n|l|\u2606Undala\n","uploadtime":1700960397,"views":15,"p1id":"undala","p2id":"brax","formatid":"gen9doublesou","rating":1194,"private":0,"password":""}