{"id":"gen9doublesou-1993860772","p1":"Inferparade","p2":"barba27","format":"[Gen 9] Doubles OU","log":"|j|\u2606Inferparade\n|j|\u2606barba27\n|t:|1700366531\n|gametype|doubles\n|player|p1|Inferparade|2|1000\n|player|p2|barba27|1|1105\n|teamsize|p1|6\n|teamsize|p2|6\n|gen|9\n|tier|[Gen 9] Doubles OU\n|rated|\n|rule|Species Clause: Limit one of each Pok\u00e9mon\n|rule|OHKO Clause: OHKO moves are banned\n|rule|Evasion Moves Clause: Evasion moves are banned\n|rule|Gravity Sleep Clause: The combination of sleep-inducing moves with imperfect accuracy and Gravity or Gigantamax Orbeetle are banned\n|rule|Endless Battle Clause: Forcing endless battles is banned\n|rule|HP Percentage Mod: HP is shown in percentages\n|clearpoke\n|poke|p1|Typhlosion-Hisui, F|\n|poke|p1|Dusclops, M|\n|poke|p1|Torkoal, M|\n|poke|p1|Sinistcha|\n|poke|p1|Heatran, M|\n|poke|p1|Goodra-Hisui, F|\n|poke|p2|Espathra, F|\n|poke|p2|Sinistcha|\n|poke|p2|Flamigo, F|\n|poke|p2|Lilligant-Hisui, F|\n|poke|p2|Roaring Moon|\n|poke|p2|Torkoal, F|\n|teampreview\n|\n|t:|1700366537\n|start\n|switch|p1a: Typhlosion|Typhlosion-Hisui, F|100\/100\n|switch|p1b: Dusclops|Dusclops, M, shiny|100\/100\n|switch|p2a: Torkoal|Torkoal, F|100\/100\n|switch|p2b: Lilligant|Lilligant-Hisui, F|100\/100\n|-weather|SunnyDay|[from] ability: Drought|[of] p2a: Torkoal\n|-ability|p1b: Dusclops|Pressure\n|turn|1\n|\n|t:|1700366561\n|move|p1a: Typhlosion|Protect|p1a: Typhlosion\n|-singleturn|p1a: Typhlosion|Protect\n|move|p2b: Lilligant|Sleep Powder|p1a: Typhlosion\n|-activate|p1a: Typhlosion|move: Protect\n|move|p2a: Torkoal|Stealth Rock|p1a: Typhlosion\n|-sidestart|p1: Inferparade|move: Stealth Rock\n|move|p1b: Dusclops|Hex|p2a: Torkoal\n|-damage|p2a: Torkoal|84\/100\n|\n|-weather|SunnyDay|[upkeep]\n|upkeep\n|turn|2\n|\n|t:|1700366590\n|move|p2b: Lilligant|Victory Dance|p2b: Lilligant\n|-boost|p2b: Lilligant|atk|1\n|-boost|p2b: Lilligant|def|1\n|-boost|p2b: Lilligant|spe|1\n|move|p1a: Typhlosion|Infernal Parade|p2a: Torkoal\n|-damage|p2a: Torkoal|51\/100\n|-damage|p1a: Typhlosion|90\/100|[from] item: Life Orb\n|move|p2a: Torkoal|Eruption|p1b: Dusclops|[spread] p1a,p1b\n|-resisted|p1a: Typhlosion\n|-damage|p1a: Typhlosion|77\/100\n|-damage|p1b: Dusclops|83\/100\n|move|p1b: Dusclops|Will-O-Wisp|p2b: Lilligant|[miss]\n|-miss|p1b: Dusclops|p2b: Lilligant\n|\n|-weather|SunnyDay|[upkeep]\n|upkeep\n|turn|3\n|\n|t:|1700366626\n|move|p2b: Lilligant|Victory Dance|p2b: Lilligant\n|-boost|p2b: Lilligant|atk|1\n|-boost|p2b: Lilligant|def|1\n|-boost|p2b: Lilligant|spe|1\n|move|p1a: Typhlosion|Infernal Parade|p2b: Lilligant\n|-damage|p2b: Lilligant|49\/100\n|-damage|p1a: Typhlosion|67\/100|[from] item: Life Orb\n|move|p2a: Torkoal|Eruption|p1b: Dusclops|[spread] p1a,p1b\n|-resisted|p1a: Typhlosion\n|-damage|p1a: Typhlosion|54\/100\n|-damage|p1b: Dusclops|67\/100\n|move|p1b: Dusclops|Will-O-Wisp|p2b: Lilligant\n|-status|p2b: Lilligant|brn\n|\n|-weather|SunnyDay|[upkeep]\n|-damage|p2b: Lilligant|42\/100 brn|[from] brn\n|upkeep\n|turn|4\n|\n|t:|1700366654\n|switch|p2a: Flamigo|Flamigo, F|100\/100\n|-copyboost|p2a: Flamigo|p2b: Lilligant|[from] ability: Costar\n|move|p1a: Typhlosion|Protect|p1a: Typhlosion\n|-singleturn|p1a: Typhlosion|Protect\n|move|p2b: Lilligant|Sleep Powder|p1a: Typhlosion\n|-activate|p1a: Typhlosion|move: Protect\n|move|p1b: Dusclops|Hex|p2b: Lilligant\n|-damage|p2b: Lilligant|0 fnt\n|faint|p2b: Lilligant\n|\n|-weather|SunnyDay|[upkeep]\n|upkeep\n|\n|t:|1700366670\n|switch|p2b: Espathra|Espathra, F|100\/100\n|turn|5\n|\n|t:|1700366680\n|move|p2b: Espathra|Protect|p2b: Espathra\n|-singleturn|p2b: Espathra|Protect\n|move|p2a: Flamigo|Brave Bird|p1b: Dusclops\n|-damage|p1b: Dusclops|0 fnt\n|faint|p1b: Dusclops\n|-damage|p2a: Flamigo|82\/100|[from] Recoil\n|-damage|p2a: Flamigo|73\/100|[from] item: Life Orb\n|move|p1a: Typhlosion|Heat Wave|p2b: Espathra|[spread] p2a\n|-activate|p2b: Espathra|move: Protect\n|-damage|p2a: Flamigo|0 fnt\n|faint|p2a: Flamigo\n|-damage|p1a: Typhlosion|44\/100|[from] item: Life Orb\n|\n|-weather|SunnyDay|[upkeep]\n|-ability|p2b: Espathra|Speed Boost|boost\n|-boost|p2b: Espathra|spe|1\n|upkeep\n|\n|t:|1700366696\n|switch|p2a: Roaring Moon|Roaring Moon|100\/100\n|switch|p1b: Torkoal|Torkoal, M, shiny|100\/100\n|-activate|p2a: Roaring Moon|ability: Protosynthesis\n|-start|p2a: Roaring Moon|protosynthesisatk\n|-damage|p1b: Torkoal|75\/100|[from] Stealth Rock\n|turn|6\n|\n|t:|1700366726\n|move|p2b: Espathra|Calm Mind|p2b: Espathra\n|-boost|p2b: Espathra|spa|1\n|-boost|p2b: Espathra|spd|1\n|move|p2a: Roaring Moon|Dragon Dance|p2a: Roaring Moon\n|-boost|p2a: Roaring Moon|atk|1\n|-boost|p2a: Roaring Moon|spe|1\n|move|p1a: Typhlosion|Infernal Parade|p2b: Espathra\n|-supereffective|p2b: Espathra\n|-damage|p2b: Espathra|39\/100\n|-status|p2b: Espathra|brn\n|-damage|p1a: Typhlosion|34\/100|[from] item: Life Orb\n|move|p1b: Torkoal|Heat Wave|p2b: Espathra|[spread] p2b\n|-miss|p1b: Torkoal|p2a: Roaring Moon\n|-damage|p2b: Espathra|0 fnt\n|faint|p2b: Espathra\n|\n|-weather|SunnyDay|[upkeep]\n|upkeep\n|\n|t:|1700366745\n|switch|p2b: Sinistcha|Sinistcha|100\/100\n|turn|7\n|\n|t:|1700366752\n|move|p1b: Torkoal|Protect|p1b: Torkoal\n|-singleturn|p1b: Torkoal|Protect\n|move|p2a: Roaring Moon|Earthquake|p1a: Typhlosion|[spread] p2b,p1a\n|-activate|p1b: Torkoal|move: Protect\n|-resisted|p2b: Sinistcha\n|-supereffective|p1a: Typhlosion\n|-damage|p2b: Sinistcha|71\/100\n|-damage|p1a: Typhlosion|0 fnt\n|faint|p1a: Typhlosion\n|-damage|p2a: Roaring Moon|91\/100|[from] item: Life Orb\n|move|p2b: Sinistcha|Shadow Ball|p1b: Torkoal\n|-activate|p1b: Torkoal|move: Protect\n|\n|-weather|SunnyDay|[upkeep]\n|upkeep\n|\n|t:|1700366764\n|switch|p1a: Sinistcha|Sinistcha|100\/100\n|-damage|p1a: Sinistcha|88\/100|[from] Stealth Rock\n|-heal|p1b: Torkoal|100\/100|[from] ability: Hospitality|[of] p1a: Sinistcha\n|turn|8\n|\n|t:|1700366780\n|move|p1b: Torkoal|Protect||[still]\n|-fail|p1b: Torkoal\n|move|p2a: Roaring Moon|Fire Fang|p1a: Sinistcha\n|-supereffective|p1a: Sinistcha\n|-damage|p1a: Sinistcha|0 fnt\n|faint|p1a: Sinistcha\n|-damage|p2a: Roaring Moon|81\/100|[from] item: Life Orb\n|move|p2b: Sinistcha|Shadow Ball|p1b: Torkoal\n|-damage|p1b: Torkoal|58\/100\n|-unboost|p1b: Torkoal|spd|1\n|\n|-weather|none\n|-end|p2a: Roaring Moon|Protosynthesis\n|upkeep\n|\n|t:|1700366790\n|switch|p1a: Heatran|Heatran, M|100\/100\n|-damage|p1a: Heatran|88\/100|[from] Stealth Rock\n|turn|9\n|\n|t:|1700366808\n|switch|p1b: Goodra|Goodra-Hisui, F, shiny|100\/100\n|-damage|p1b: Goodra|94\/100|[from] Stealth Rock\n|-terastallize|p1a: Heatran|Grass\n|move|p2b: Sinistcha|Rage Powder|p2b: Sinistcha\n|-singleturn|p2b: Sinistcha|move: Rage Powder\n|move|p2a: Roaring Moon|Earthquake|p1a: Heatran|[spread] p2b,p1a,p1b\n|-resisted|p2b: Sinistcha\n|-resisted|p1a: Heatran\n|-supereffective|p1b: Goodra\n|-damage|p2b: Sinistcha|49\/100\n|-damage|p1a: Heatran|65\/100\n|-damage|p1b: Goodra|16\/100\n|-damage|p2a: Roaring Moon|71\/100|[from] item: Life Orb\n|move|p1a: Heatran|Heat Wave|p2b: Sinistcha|[spread] p2b\n|-miss|p1a: Heatran|p2a: Roaring Moon\n|-supereffective|p2b: Sinistcha\n|-damage|p2b: Sinistcha|0 fnt\n|faint|p2b: Sinistcha\n|\n|-heal|p1b: Goodra|22\/100|[from] item: Leftovers\n|upkeep\n|\n|t:|1700366825\n|switch|p2b: Torkoal|Torkoal, F|51\/100\n|-weather|SunnyDay|[from] ability: Drought|[of] p2b: Torkoal\n|-activate|p2a: Roaring Moon|ability: Protosynthesis\n|-start|p2a: Roaring Moon|protosynthesisatk\n|turn|10\n|\n|t:|1700366842\n|move|p2a: Roaring Moon|Fire Fang|p1a: Heatran\n|-start|p1a: Heatran|ability: Flash Fire\n|move|p1a: Heatran|Heat Wave|p2b: Torkoal|[spread] p2a,p2b\n|-resisted|p2a: Roaring Moon\n|-resisted|p2b: Torkoal\n|-damage|p2a: Roaring Moon|23\/100\n|-damage|p2b: Torkoal|6\/100\n|move|p1b: Goodra|Sludge Bomb|p2b: Torkoal\n|-damage|p2b: Torkoal|0 fnt\n|faint|p2b: Torkoal\n|\n|-weather|SunnyDay|[upkeep]\n|-heal|p1b: Goodra|29\/100|[from] item: Leftovers\n|upkeep\n|turn|11\n|\n|t:|1700366855\n|move|p2a: Roaring Moon|Earthquake|p1b: Goodra|[spread] p1a,p1b\n|-resisted|p1a: Heatran\n|-supereffective|p1b: Goodra\n|-damage|p1a: Heatran|37\/100\n|-damage|p1b: Goodra|0 fnt\n|faint|p1b: Goodra\n|-damage|p2a: Roaring Moon|13\/100|[from] item: Life Orb\n|move|p1a: Heatran|Flash Cannon|p2a: Roaring Moon\n|-damage|p2a: Roaring Moon|0 fnt\n|faint|p2a: Roaring Moon\n|-end|p2a: Roaring Moon|Protosynthesis|[silent]\n|\n|win|Inferparade\n|raw|Inferparade's rating: 1000 &rarr; <strong>1052<\/strong><br \/>(+52 for winning)\n|raw|barba27's rating: 1105 &rarr; <strong>1073<\/strong><br \/>(-32 for losing)\n|l|\u2606barba27\n","uploadtime":1700367065,"views":8,"p1id":"inferparade","p2id":"barba27","formatid":"gen9doublesou","rating":1052,"private":0,"password":""}