{"id":"gen9doublesou-1969532644","p1":"yarhg","p2":"dino501rex","format":"[Gen 9] Doubles OU","log":"|j|\u2606yarhg\n|j|\u2606dino501rex\n|t:|1697544290\n|gametype|doubles\n|player|p1|yarhg|policeman-gen4|\n|player|p2|dino501rex|hugh|\n|teamsize|p1|6\n|teamsize|p2|6\n|gen|9\n|tier|[Gen 9] Doubles OU\n|rule|Species Clause: Limit one of each Pok\u00e9mon\n|rule|OHKO Clause: OHKO moves are banned\n|rule|Evasion Moves Clause: Evasion moves are banned\n|rule|Gravity Sleep Clause: The combination of sleep-inducing moves with imperfect accuracy and Gravity or Gigantamax Orbeetle are banned\n|rule|Endless Battle Clause: Forcing endless battles is banned\n|rule|HP Percentage Mod: HP is shown in percentages\n|clearpoke\n|poke|p1|Murkrow, F|\n|poke|p1|Gholdengo|\n|poke|p1|Toxtricity, F|\n|poke|p1|Oranguru, F|\n|poke|p1|Maushold-Four|\n|poke|p1|Meowscarada, F|\n|poke|p2|Infernape, M|\n|poke|p2|Talonflame, F|\n|poke|p2|Ursaluna, M|\n|poke|p2|Amoonguss, F|\n|poke|p2|Iron Hands|\n|poke|p2|Basculegion-F, F|\n|teampreview\n|\n|t:|1697544298\n|start\n|switch|p1a: Murkrow|Murkrow, F|100\/100\n|switch|p1b: Oranguru|Oranguru, F|100\/100\n|switch|p2a: Talonflame|Talonflame, F|100\/100\n|switch|p2b: Ursaluna|Ursaluna, M|100\/100\n|turn|1\n|\n|t:|1697544316\n|move|p1b: Oranguru|Protect|p1b: Oranguru\n|-singleturn|p1b: Oranguru|Protect\n|move|p2a: Talonflame|Tailwind|p2a: Talonflame\n|-sidestart|p2: dino501rex|move: Tailwind\n|move|p1a: Murkrow|Tailwind|p1a: Murkrow\n|-sidestart|p1: yarhg|move: Tailwind\n|move|p2b: Ursaluna|Stone Edge|p1a: Murkrow|[miss]\n|-miss|p2b: Ursaluna|p1a: Murkrow\n|\n|-status|p2b: Ursaluna|brn|[from] item: Flame Orb\n|upkeep\n|turn|2\n|\n|t:|1697544336\n|move|p2a: Talonflame|Brave Bird|p1b: Oranguru\n|-damage|p1b: Oranguru|51\/100\n|-damage|p2a: Talonflame|80\/100|[from] Recoil\n|move|p1a: Murkrow|Foul Play|p2b: Ursaluna\n|-damage|p2b: Ursaluna|61\/100 brn\n|move|p2b: Ursaluna|Facade|p1b: Oranguru\n|-damage|p1b: Oranguru|0 fnt\n|faint|p1b: Oranguru\n|\n|-damage|p2b: Ursaluna|55\/100 brn|[from] brn\n|upkeep\n|\n|t:|1697544357\n|switch|p1b: Toxtricity|Toxtricity, F|100\/100\n|turn|3\n|\n|t:|1697544370\n|move|p1a: Murkrow|Protect|p1a: Murkrow\n|-singleturn|p1a: Murkrow|Protect\n|move|p2a: Talonflame|Flare Blitz|p1b: Toxtricity\n|-crit|p1b: Toxtricity\n|-damage|p1b: Toxtricity|0 fnt\n|faint|p1b: Toxtricity\n|-damage|p2a: Talonflame|47\/100|[from] Recoil\n|move|p2b: Ursaluna|Facade|p1a: Murkrow\n|-activate|p1a: Murkrow|move: Protect\n|\n|-damage|p2b: Ursaluna|49\/100 brn|[from] brn\n|upkeep\n|\n|t:|1697544380\n|switch|p1b: Maushold|Maushold-Four|100\/100\n|turn|4\n|\n|t:|1697544391\n|move|p2a: Talonflame|Taunt|p1b: Maushold\n|-start|p1b: Maushold|move: Taunt\n|move|p1b: Maushold|Population Bomb|p2a: Talonflame\n|-damage|p2a: Talonflame|23\/100\n|-damage|p2a: Talonflame|0 fnt\n|faint|p2a: Talonflame\n|-hitcount|p2: Talonflame|2\n|-damage|p1b: Maushold|91\/100|[from] item: Life Orb\n|move|p1a: Murkrow|Foul Play|p2b: Ursaluna\n|-damage|p2b: Ursaluna|12\/100 brn\n|move|p2b: Ursaluna|Facade|p1a: Murkrow\n|-enditem|p1a: Murkrow|Focus Sash\n|-damage|p1a: Murkrow|1\/100\n|\n|-damage|p2b: Ursaluna|6\/100 brn|[from] brn\n|-sideend|p2: dino501rex|move: Tailwind\n|-sideend|p1: yarhg|move: Tailwind\n|upkeep\n|\n|t:|1697544408\n|switch|p2a: Amoonguss|Amoonguss, F|100\/100\n|turn|5\n|\n|t:|1697544432\n|move|p1a: Murkrow|Tailwind|p1a: Murkrow\n|-sidestart|p1: yarhg|move: Tailwind\n|move|p1b: Maushold|Population Bomb|p2b: Ursaluna\n|-damage|p2b: Ursaluna|0 fnt\n|faint|p2b: Ursaluna\n|-hitcount|p2: Ursaluna|1\n|-damage|p1b: Maushold|81\/100|[from] item: Life Orb\n|move|p2a: Amoonguss|Pollen Puff|p1a: Murkrow\n|-damage|p1a: Murkrow|0 fnt\n|faint|p1a: Murkrow\n|\n|upkeep\n|\n|t:|1697544446\n|switch|p1a: Meowscarada|Meowscarada, F|100\/100\n|switch|p2b: Infernape|Infernape, M|100\/100\n|turn|6\n|\n|t:|1697544454\n|move|p1a: Meowscarada|Play Rough|p2b: Infernape\n|-start|p1a: Meowscarada|typechange|Fairy|[from] ability: Protean\n|-damage|p2b: Infernape|10\/100\n|move|p1b: Maushold|Population Bomb|p2a: Amoonguss\n|-damage|p2a: Amoonguss|85\/100\n|-damage|p2a: Amoonguss|71\/100\n|-damage|p2a: Amoonguss|57\/100\n|-damage|p2a: Amoonguss|42\/100\n|-crit|p2a: Amoonguss\n|-damage|p2a: Amoonguss|19\/100\n|-damage|p2a: Amoonguss|3\/100\n|-hitcount|p2a: Amoonguss|6\n|-damage|p1b: Maushold|71\/100|[from] item: Life Orb\n|move|p2b: Infernape|Raging Fury|p1a: Meowscarada\n|-damage|p1a: Meowscarada|0 fnt\n|faint|p1a: Meowscarada\n|-damage|p2b: Infernape|0 fnt|[from] item: Life Orb\n|faint|p2b: Infernape\n|move|p2a: Amoonguss|Spore|p1b: Maushold\n|-status|p1b: Maushold|slp|[from] move: Spore\n|\n|-heal|p2a: Amoonguss|9\/100|[from] item: Leftovers\n|-end|p1b: Maushold|move: Taunt\n|upkeep\n|\n|t:|1697544481\n|switch|p1a: Gholdengo|Gholdengo|100\/100\n|switch|p2b: Basculegion|Basculegion-F, F|100\/100\n|turn|7\n|\n|t:|1697544498\n|-terastallize|p1a: Gholdengo|Steel\n|move|p2a: Amoonguss|Protect|p2a: Amoonguss\n|-singleturn|p2a: Amoonguss|Protect\n|cant|p1b: Maushold|slp\n|move|p1a: Gholdengo|Thunderbolt|p2b: Basculegion\n|-supereffective|p2b: Basculegion\n|-damage|p2b: Basculegion|0 fnt\n|faint|p2b: Basculegion\n|\n|-heal|p2a: Amoonguss|16\/100|[from] item: Leftovers\n|upkeep\n|\n|t:|1697544508\n|switch|p2b: Iron Hands|Iron Hands|100\/100\n|-enditem|p2b: Iron Hands|Booster Energy\n|-activate|p2b: Iron Hands|ability: Quark Drive|[fromitem]\n|-start|p2b: Iron Hands|quarkdriveatk\n|turn|8\n|\n|t:|1697544525\n|-terastallize|p2b: Iron Hands|Fighting\n|cant|p1b: Maushold|slp\n|move|p1a: Gholdengo|Thunderbolt|p2b: Iron Hands\n|-damage|p2b: Iron Hands|55\/100\n|move|p2b: Iron Hands|Close Combat|p1a: Gholdengo\n|-supereffective|p1a: Gholdengo\n|-damage|p1a: Gholdengo|0 fnt\n|-unboost|p2b: Iron Hands|def|1\n|-unboost|p2b: Iron Hands|spd|1\n|faint|p1a: Gholdengo\n|move|p2a: Amoonguss|Pollen Puff|p1b: Maushold\n|-damage|p1b: Maushold|46\/100 slp\n|\n|-heal|p2a: Amoonguss|22\/100|[from] item: Leftovers\n|-sideend|p1: yarhg|move: Tailwind\n|upkeep\n|turn|9\n|\n|t:|1697544544\n|-curestatus|p1b: Maushold|slp|[msg]\n|move|p1b: Maushold|Population Bomb|p2b: Iron Hands\n|-damage|p2b: Iron Hands|41\/100\n|-damage|p2b: Iron Hands|28\/100\n|-damage|p2b: Iron Hands|14\/100\n|-damage|p2b: Iron Hands|0 fnt\n|faint|p2b: Iron Hands\n|-end|p2b: Iron Hands|Quark Drive|[silent]\n|-hitcount|p2: Iron Hands|4\n|-damage|p1b: Maushold|36\/100|[from] item: Life Orb\n|move|p2a: Amoonguss|Pollen Puff|p2: Iron Hands|[notarget]\n|-fail|p2a: Amoonguss\n|\n|-heal|p2a: Amoonguss|28\/100|[from] item: Leftovers\n|upkeep\n|turn|10\n|\n|t:|1697544563\n|move|p2a: Amoonguss|Protect|p2a: Amoonguss\n|-singleturn|p2a: Amoonguss|Protect\n|move|p1b: Maushold|Population Bomb|p2a: Amoonguss\n|-activate|p2a: Amoonguss|move: Protect\n|\n|-heal|p2a: Amoonguss|34\/100|[from] item: Leftovers\n|upkeep\n|turn|11\n|\n|t:|1697544575\n|move|p1b: Maushold|Population Bomb|p2a: Amoonguss\n|-damage|p2a: Amoonguss|20\/100\n|-damage|p2a: Amoonguss|4\/100\n|-crit|p2a: Amoonguss\n|-damage|p2a: Amoonguss|0 fnt\n|faint|p2a: Amoonguss\n|-hitcount|p2: Amoonguss|3\n|-damage|p1b: Maushold|26\/100|[from] item: Life Orb\n|\n|win|yarhg\n","uploadtime":1697544588,"views":13,"p1id":"yarhg","p2id":"dino501rex","formatid":"gen9doublesou","rating":0,"private":0,"password":""}