{"id":"gen9doublesou-1990563721","p1":"MatheusHetero","p2":"agentogplayr","format":"[Gen 9] Doubles OU","log":"|j|\u2606MatheusHetero\n|j|\u2606agentogplayr\n|t:|1699981757\n|gametype|doubles\n|player|p1|MatheusHetero|lucian|1000\n|player|p2|agentogplayr|ingo|1001\n|teamsize|p1|6\n|teamsize|p2|6\n|gen|9\n|tier|[Gen 9] Doubles OU\n|rated|\n|rule|Species Clause: Limit one of each Pok\u00e9mon\n|rule|OHKO Clause: OHKO moves are banned\n|rule|Evasion Moves Clause: Evasion moves are banned\n|rule|Gravity Sleep Clause: The combination of sleep-inducing moves with imperfect accuracy and Gravity or Gigantamax Orbeetle are banned\n|rule|Endless Battle Clause: Forcing endless battles is banned\n|rule|HP Percentage Mod: HP is shown in percentages\n|clearpoke\n|poke|p1|Glimmora, F|\n|poke|p1|Pelipper, F|\n|poke|p1|Quaquaval, M|\n|poke|p1|Ceruledge, M|\n|poke|p1|Clodsire, F|\n|poke|p1|Meowscarada, F|\n|poke|p2|Farigiraf, M|\n|poke|p2|Maushold-Four|\n|poke|p2|Ursaluna-Bloodmoon, M|\n|poke|p2|Slaking, M|\n|poke|p2|Snorlax, F|\n|poke|p2|Komala, M|\n|teampreview\n|\n|t:|1699981765\n|start\n|switch|p1a: Glimmora|Glimmora, F, shiny|100\/100\n|switch|p1b: Pelipper|Pelipper, F, shiny|100\/100\n|switch|p2a: Maushold|Maushold-Four, shiny|100\/100\n|switch|p2b: Komala|Komala, M|100\/100\n|-ability|p2b: Komala|Comatose\n|-weather|RainDance|[from] ability: Drizzle|[of] p1b: Pelipper\n|turn|1\n|inactive|Battle timer is ON: inactive players will automatically lose when time's up. (requested by MatheusHetero)\n|\n|t:|1699981785\n|move|p2a: Maushold|Population Bomb|p1b: Pelipper\n|-damage|p1b: Pelipper|90\/100\n|-damage|p1b: Pelipper|80\/100\n|-damage|p1b: Pelipper|70\/100\n|-damage|p1b: Pelipper|60\/100\n|-damage|p1b: Pelipper|49\/100\n|-damage|p1b: Pelipper|40\/100\n|-damage|p1b: Pelipper|30\/100\n|-damage|p1b: Pelipper|20\/100\n|-hitcount|p1b: Pelipper|8\n|move|p2b: Komala|Superpower|p1a: Glimmora\n|-damage|p1a: Glimmora|75\/100\n|-unboost|p2b: Komala|atk|1\n|-unboost|p2b: Komala|def|1\n|-activate|p1a: Glimmora|ability: Toxic Debris\n|-sidestart|p2: agentogplayr|move: Toxic Spikes\n|move|p1a: Glimmora|Stealth Rock|p2a: Maushold\n|-sidestart|p2: agentogplayr|move: Stealth Rock\n|move|p1b: Pelipper|Tailwind|p1b: Pelipper\n|-sidestart|p1: MatheusHetero|move: Tailwind\n|\n|-weather|RainDance|[upkeep]\n|upkeep\n|turn|2\n|inactive|MatheusHetero has 120 seconds left.\n|\n|t:|1699981817\n|move|p1a: Glimmora|Sludge Wave|p2a: Maushold|[spread] p1b,p2a,p2b\n|-damage|p1b: Pelipper|0 fnt\n|-damage|p2a: Maushold|48\/100\n|-damage|p2b: Komala|57\/100\n|faint|p1b: Pelipper\n|move|p2a: Maushold|Population Bomb|p1a: Glimmora\n|-resisted|p1a: Glimmora\n|-damage|p1a: Glimmora|70\/100\n|-activate|p1a: Glimmora|ability: Toxic Debris\n|-sidestart|p2: agentogplayr|move: Toxic Spikes\n|-resisted|p1a: Glimmora\n|-damage|p1a: Glimmora|66\/100\n|-resisted|p1a: Glimmora\n|-damage|p1a: Glimmora|63\/100\n|-resisted|p1a: Glimmora\n|-damage|p1a: Glimmora|58\/100\n|-resisted|p1a: Glimmora\n|-damage|p1a: Glimmora|54\/100\n|-resisted|p1a: Glimmora\n|-damage|p1a: Glimmora|50\/100\n|-enditem|p1a: Glimmora|Sitrus Berry|[eat]\n|-heal|p1a: Glimmora|75\/100|[from] item: Sitrus Berry\n|-resisted|p1a: Glimmora\n|-damage|p1a: Glimmora|71\/100\n|-resisted|p1a: Glimmora\n|-damage|p1a: Glimmora|67\/100\n|-hitcount|p1a: Glimmora|8\n|move|p2b: Komala|Gunk Shot|p1a: Glimmora\n|-resisted|p1a: Glimmora\n|-damage|p1a: Glimmora|63\/100\n|\n|-weather|RainDance|[upkeep]\n|upkeep\n|inactive|MatheusHetero has 120 seconds left.\n|\n|t:|1699981827\n|switch|p1b: Ceruledge|Ceruledge, M, shiny|100\/100\n|turn|3\n|inactive|MatheusHetero has 120 seconds left.\n|inactive|agentogplayr has 120 seconds left.\n|\n|t:|1699981860\n|move|p1b: Ceruledge|Swords Dance|p1b: Ceruledge\n|-boost|p1b: Ceruledge|atk|2\n|move|p1a: Glimmora|Power Gem|p2a: Maushold\n|-damage|p2a: Maushold|0 fnt\n|faint|p2a: Maushold\n|move|p2b: Komala|Earthquake|p1b: Ceruledge|[spread] p1a,p1b\n|-supereffective|p1a: Glimmora\n|-supereffective|p1b: Ceruledge\n|-damage|p1a: Glimmora|19\/100\n|-damage|p1b: Ceruledge|65\/100\n|-ability|p1b: Ceruledge|Weak Armor|boost\n|-unboost|p1b: Ceruledge|def|1\n|-boost|p1b: Ceruledge|spe|2\n|\n|-weather|RainDance|[upkeep]\n|upkeep\n|inactive|agentogplayr has 120 seconds left.\n|\n|t:|1699981882\n|switch|p2a: Ursaluna|Ursaluna-Bloodmoon, M|100\/100\n|-status|p2a: Ursaluna|tox\n|-damage|p2a: Ursaluna|94\/100 tox|[from] Stealth Rock\n|turn|4\n|inactive|agentogplayr has 120 seconds left.\n|\n|t:|1699981899\n|move|p1b: Ceruledge|Dragon Claw|p2a: Ursaluna\n|-damage|p2a: Ursaluna|57\/100 tox\n|move|p1a: Glimmora|Power Gem|p2b: Komala\n|-damage|p2b: Komala|6\/100\n|move|p2b: Komala|Superpower|p1a: Glimmora\n|-damage|p1a: Glimmora|0 fnt\n|-unboost|p2b: Komala|atk|1\n|-unboost|p2b: Komala|def|1\n|faint|p1a: Glimmora\n|move|p2a: Ursaluna|Blood Moon|p1b: Ceruledge\n|-damage|p1b: Ceruledge|0 fnt\n|faint|p1b: Ceruledge\n|\n|-weather|RainDance|[upkeep]\n|-heal|p2a: Ursaluna|63\/100 tox|[from] item: Leftovers\n|-damage|p2a: Ursaluna|57\/100 tox|[from] psn\n|-sideend|p1: MatheusHetero|move: Tailwind\n|upkeep\n|\n|t:|1699981911\n|switch|p1b: Meowscarada|Meowscarada, F, shiny|100\/100\n|switch|p1a: Clodsire|Clodsire, F, shiny|100\/100\n|turn|5\n|\n|t:|1699981935\n|-terastallize|p1b: Meowscarada|Ghost\n|move|p1a: Clodsire|Protect|p1a: Clodsire\n|-singleturn|p1a: Clodsire|Protect\n|move|p1b: Meowscarada|Leech Seed|p2a: Ursaluna\n|-start|p2a: Ursaluna|move: Leech Seed\n|move|p2b: Komala|Gunk Shot|p1b: Meowscarada\n|-resisted|p1b: Meowscarada\n|-damage|p1b: Meowscarada|88\/100\n|move|p2a: Ursaluna|Avalanche|p1b: Meowscarada\n|-damage|p1b: Meowscarada|62\/100\n|\n|-weather|none\n|-heal|p2a: Ursaluna|63\/100 tox|[from] item: Leftovers\n|-damage|p2a: Ursaluna|51\/100 tox|[from] Leech Seed|[of] p1b: Meowscarada\n|-heal|p1b: Meowscarada|80\/100|[silent]\n|-damage|p2a: Ursaluna|39\/100 tox|[from] psn\n|upkeep\n|turn|6\n|inactive|MatheusHetero has 120 seconds left.\n|inactive|agentogplayr has 120 seconds left.\n|\n|t:|1699981989\n|move|p1b: Meowscarada|Quick Attack|p2a: Ursaluna\n|-damage|p2a: Ursaluna|26\/100 tox\n|-damage|p1b: Meowscarada|70\/100|[from] item: Life Orb\n|move|p2b: Komala|Reversal|p1b: Meowscarada\n|-immune|p1b: Meowscarada\n|move|p2a: Ursaluna|Blood Moon|p1a: Clodsire\n|-damage|p1a: Clodsire|65\/100\n|move|p1a: Clodsire|Earthquake|p2a: Ursaluna|[spread] p1b,p2a,p2b\n|-damage|p1b: Meowscarada|35\/100\n|-damage|p2a: Ursaluna|11\/100 tox\n|-damage|p2b: Komala|0 fnt\n|faint|p2b: Komala\n|\n|-heal|p2a: Ursaluna|17\/100 tox|[from] item: Leftovers\n|-heal|p1a: Clodsire|72\/100|[from] item: Leftovers\n|-damage|p2a: Ursaluna|5\/100 tox|[from] Leech Seed|[of] p1b: Meowscarada\n|-heal|p1b: Meowscarada|53\/100|[silent]\n|-damage|p2a: Ursaluna|0 fnt|[from] psn\n|faint|p2a: Ursaluna\n|upkeep\n|inactive|agentogplayr has 120 seconds left.\n|\n|t:|1699982010\n|switch|p2b: Snorlax|Snorlax, F|100\/100\n|switch|p2a: Slaking|Slaking, M|100\/100\n|-status|p2a: Slaking|tox\n|-damage|p2a: Slaking|88\/100 tox|[from] Stealth Rock\n|-status|p2b: Snorlax|tox\n|-damage|p2b: Snorlax|88\/100 tox|[from] Stealth Rock\n|turn|7\n|inactive|MatheusHetero has 120 seconds left.\n|inactive|agentogplayr has 120 seconds left.\n|\n|t:|1699982026\n|move|p1a: Clodsire|Protect|p1a: Clodsire\n|-singleturn|p1a: Clodsire|Protect\n|move|p1b: Meowscarada|Leech Seed|p2b: Snorlax\n|-start|p2b: Snorlax|move: Leech Seed\n|move|p2a: Slaking|Outrage|p1b: Meowscarada\n|-damage|p1b: Meowscarada|0 fnt\n|faint|p1b: Meowscarada\n|move|p2b: Snorlax|Blizzard|p1a: Clodsire\n|-activate|p1a: Clodsire|move: Protect\n|\n|-heal|p2a: Slaking|94\/100 tox|[from] item: Leftovers\n|-heal|p2b: Snorlax|94\/100 tox|[from] item: Leftovers\n|-heal|p1a: Clodsire|78\/100|[from] item: Leftovers\n|-damage|p2a: Slaking|88\/100 tox|[from] psn\n|-damage|p2b: Snorlax|88\/100 tox|[from] psn\n|upkeep\n|inactive|MatheusHetero has 120 seconds left.\n|\n|t:|1699982036\n|switch|p1b: Quaquaval|Quaquaval, M, shiny|100\/100\n|turn|8\n|\n|t:|1699982048\n|cant|p2a: Slaking|ability: Truant\n|move|p1b: Quaquaval|Aqua Step|p2b: Snorlax\n|-damage|p2b: Snorlax|55\/100 tox\n|-boost|p1b: Quaquaval|spe|1\n|move|p2b: Snorlax|Blizzard|p1b: Quaquaval|[spread] p1b\n|-miss|p2b: Snorlax|p1a: Clodsire\n|-resisted|p1b: Quaquaval\n|-damage|p1b: Quaquaval|92\/100\n|move|p1a: Clodsire|Recover|p1a: Clodsire\n|-heal|p1a: Clodsire|100\/100\n|\n|-heal|p2a: Slaking|94\/100 tox|[from] item: Leftovers\n|-heal|p2b: Snorlax|61\/100 tox|[from] item: Leftovers\n|-damage|p2b: Snorlax|49\/100 tox|[from] Leech Seed|[of] p1b: Quaquaval\n|-heal|p1b: Quaquaval|100\/100|[silent]\n|-damage|p2a: Slaking|82\/100 tox|[from] psn\n|-damage|p2b: Snorlax|37\/100 tox|[from] psn\n|-start|p2a: Slaking|confusion|[fatigue]\n|upkeep\n|turn|9\n|inactive|agentogplayr has 120 seconds left.\n|\n|t:|1699982079\n|switch|p2b: Farigiraf|Farigiraf, M|100\/100\n|-status|p2b: Farigiraf|tox\n|-damage|p2b: Farigiraf|88\/100 tox|[from] Stealth Rock\n|move|p1a: Clodsire|Protect|p1a: Clodsire\n|-singleturn|p1a: Clodsire|Protect\n|move|p1b: Quaquaval|Brick Break|p2a: Slaking\n|-supereffective|p2a: Slaking\n|-damage|p2a: Slaking|15\/100 tox\n|-activate|p2a: Slaking|confusion\n|move|p2a: Slaking|Outrage|p1a: Clodsire\n|-activate|p1a: Clodsire|move: Protect\n|\n|-heal|p2a: Slaking|21\/100 tox|[from] item: Leftovers\n|-damage|p2a: Slaking|3\/100 tox|[from] psn\n|-damage|p2b: Farigiraf|82\/100 tox|[from] psn\n|upkeep\n|turn|10\n|\n|t:|1699982105\n|move|p1b: Quaquaval|Brick Break|p2b: Farigiraf\n|-damage|p2b: Farigiraf|46\/100 tox\n|cant|p2a: Slaking|ability: Truant\n|move|p2b: Farigiraf|Thunderbolt|p1b: Quaquaval\n|-supereffective|p1b: Quaquaval\n|-damage|p1b: Quaquaval|38\/100\n|-enditem|p1b: Quaquaval|Sitrus Berry|[eat]\n|-heal|p1b: Quaquaval|63\/100|[from] item: Sitrus Berry\n|move|p1a: Clodsire|Earthquake|p2b: Farigiraf|[spread] p1b,p2a,p2b\n|-crit|p1b: Quaquaval\n|-damage|p1b: Quaquaval|18\/100\n|-damage|p2a: Slaking|0 fnt\n|-damage|p2b: Farigiraf|30\/100 tox\n|faint|p2a: Slaking\n|\n|-damage|p2b: Farigiraf|18\/100 tox|[from] psn\n|upkeep\n|inactive|agentogplayr has 120 seconds left.\n|\n|t:|1699982123\n|switch|p2a: Snorlax|Snorlax, F|37\/100 tox\n|-damage|p2a: Snorlax|25\/100 tox|[from] Stealth Rock\n|turn|11\n|\n|t:|1699982134\n|move|p1a: Clodsire|Protect|p1a: Clodsire\n|-singleturn|p1a: Clodsire|Protect\n|move|p1b: Quaquaval|Brick Break|p2a: Snorlax\n|-supereffective|p2a: Snorlax\n|-damage|p2a: Snorlax|0 fnt\n|faint|p2a: Snorlax\n|-ability|p1b: Quaquaval|Moxie|boost\n|-boost|p1b: Quaquaval|atk|1\n|move|p2b: Farigiraf|Thunderbolt|p1b: Quaquaval\n|-supereffective|p1b: Quaquaval\n|-damage|p1b: Quaquaval|0 fnt\n|faint|p1b: Quaquaval\n|\n|-damage|p2b: Farigiraf|0 fnt|[from] psn\n|faint|p2b: Farigiraf\n|\n|win|MatheusHetero\n|upkeep\n|raw|MatheusHetero's rating: 1000 &rarr; <strong>1040<\/strong><br \/>(+40 for winning)\n|raw|agentogplayr's rating: 1001 &rarr; <strong>1000<\/strong><br \/>(-1 for losing)\n|c|\u2606agentogplayr|gg\n","uploadtime":1699982156,"views":6,"p1id":"matheushetero","p2id":"agentogplayr","formatid":"gen9doublesou","rating":1000,"private":0,"password":""}