{"id":"gen9doublesou-1992257050","p1":"Prof. Lucyfer","p2":"Jaquaveus 3rd","format":"[Gen 9] Doubles OU","log":"|j|\u2606Prof. Lucyfer\n|j|\u2606Jaquaveus 3rd\n|t:|1700168310\n|gametype|doubles\n|player|p1|Prof. Lucyfer|265|1099\n|player|p2|Jaquaveus 3rd|steven|1052\n|teamsize|p1|6\n|teamsize|p2|6\n|gen|9\n|tier|[Gen 9] Doubles OU\n|rated|\n|rule|Species Clause: Limit one of each Pok\u00e9mon\n|rule|OHKO Clause: OHKO moves are banned\n|rule|Evasion Moves Clause: Evasion moves are banned\n|rule|Gravity Sleep Clause: The combination of sleep-inducing moves with imperfect accuracy and Gravity or Gigantamax Orbeetle are banned\n|rule|Endless Battle Clause: Forcing endless battles is banned\n|rule|HP Percentage Mod: HP is shown in percentages\n|clearpoke\n|poke|p1|Ursaluna-Bloodmoon, M|\n|poke|p1|Cresselia, F|\n|poke|p1|Rillaboom, F|\n|poke|p1|Ogerpon-Hearthflame, F|\n|poke|p1|Kingambit, F|\n|poke|p1|Gliscor, M|\n|poke|p2|Armarouge, M|\n|poke|p2|Kingambit, F|\n|poke|p2|Ceruledge, M|\n|poke|p2|Corviknight, M|\n|poke|p2|Iron Valiant|\n|poke|p2|Ogerpon-Wellspring, F|\n|teampreview\n|\n|t:|1700168329\n|start\n|switch|p1a: Cresselia|Cresselia, F, shiny|100\/100\n|switch|p1b: Rillaboom|Rillaboom, F, shiny|100\/100\n|switch|p2a: Birb|Corviknight, M|100\/100\n|switch|p2b: Ogerpon|Ogerpon-Wellspring, F|100\/100\n|-ability|p2a: Birb|Unnerve\n|-fieldstart|move: Grassy Terrain|[from] ability: Grassy Surge|[of] p1b: Rillaboom\n|turn|1\n|\n|t:|1700168357\n|move|p1b: Rillaboom|Fake Out|p2b: Ogerpon\n|-damage|p2b: Ogerpon|80\/100\n|cant|p2b: Ogerpon|flinch\n|move|p2a: Birb|Tailwind|p2a: Birb\n|-sidestart|p2: Jaquaveus 3rd|move: Tailwind\n|move|p1a: Cresselia|Trick Room|p1a: Cresselia\n|-fieldstart|move: Trick Room|[of] p1a: Cresselia\n|\n|-heal|p2b: Ogerpon|86\/100|[from] Grassy Terrain\n|upkeep\n|turn|2\n|\n|t:|1700168375\n|move|p1a: Cresselia|Ally Switch|p1a: Cresselia\n|swap|p1a: Cresselia|1|[from] move: Ally Switch\n|move|p1a: Rillaboom|Grassy Glide|p2b: Ogerpon\n|-damage|p2b: Ogerpon|36\/100\n|move|p2a: Birb|Brave Bird|p1b: Cresselia\n|-damage|p1b: Cresselia|65\/100\n|-damage|p2a: Birb|87\/100|[from] Recoil\n|move|p2b: Ogerpon|Knock Off|p1a: Rillaboom\n|-damage|p1a: Rillaboom|66\/100\n|-enditem|p1a: Rillaboom|Assault Vest|[from] move: Knock Off|[of] p2b: Ogerpon\n|\n|-heal|p1a: Rillaboom|73\/100|[from] Grassy Terrain\n|-heal|p2b: Ogerpon|42\/100|[from] Grassy Terrain\n|upkeep\n|turn|3\n|\n|t:|1700168396\n|move|p1a: Rillaboom|Grassy Glide|p2b: Ogerpon\n|-damage|p2b: Ogerpon|0 fnt\n|faint|p2b: Ogerpon\n|move|p1b: Cresselia|Lunar Blessing|p1b: Cresselia|[spread] p1a,p1b\n|-heal|p1a: Rillaboom|98\/100\n|-heal|p1b: Cresselia|90\/100\n|move|p2a: Birb|Brave Bird|p1a: Rillaboom\n|-supereffective|p1a: Rillaboom\n|-damage|p1a: Rillaboom|0 fnt\n|faint|p1a: Rillaboom\n|-damage|p2a: Birb|55\/100|[from] Recoil\n|\n|upkeep\n|\n|t:|1700168414\n|switch|p1a: Gliscor|Gliscor, M, shiny|100\/100\n|switch|p2b: King|Kingambit, F|100\/100\n|-activate|p2b: King|ability: Supreme Overlord\n|-start|p2b: King|fallen1|[silent]\n|turn|4\n|\n|t:|1700168430\n|move|p1a: Gliscor|Protect|p1a: Gliscor\n|-singleturn|p1a: Gliscor|Protect\n|move|p1b: Cresselia|Ally Switch|p1b: Cresselia\n|swap|p1b: Cresselia|0|[from] move: Ally Switch\n|move|p2b: King|Foul Play|p1b: Gliscor\n|-activate|p1b: Gliscor|move: Protect\n|move|p2a: Birb|Iron Head|p1a: Cresselia\n|-crit|p1a: Cresselia\n|-damage|p1a: Cresselia|51\/100\n|\n|-sideend|p2: Jaquaveus 3rd|move: Tailwind\n|-status|p1b: Gliscor|tox|[from] item: Toxic Orb\n|upkeep\n|turn|5\n|\n|t:|1700168463\n|switch|p1a: Ursaluna|Ursaluna-Bloodmoon, M|100\/100\n|move|p2b: King|Foul Play|p1a: Ursaluna\n|-damage|p1a: Ursaluna|79\/100\n|move|p2a: Birb|Iron Head|p1b: Gliscor\n|-damage|p1b: Gliscor|78\/100 tox\n|move|p1b: Gliscor|Knock Off|p2b: King\n|-resisted|p2b: King\n|-damage|p2b: King|92\/100\n|-enditem|p2b: King|Choice Band|[from] move: Knock Off|[of] p1b: Gliscor\n|\n|-heal|p1a: Ursaluna|85\/100|[from] Grassy Terrain\n|-heal|p2b: King|98\/100|[from] Grassy Terrain\n|-heal|p1b: Gliscor|90\/100 tox|[from] ability: Poison Heal\n|-fieldend|move: Trick Room\n|-fieldend|move: Grassy Terrain\n|upkeep\n|turn|6\n|\n|t:|1700168497\n|move|p1b: Gliscor|Knock Off|p2a: Birb\n|-damage|p2a: Birb|38\/100\n|-damage|p1b: Gliscor|73\/100 tox|[from] item: Rocky Helmet|[of] p2a: Birb\n|-enditem|p2a: Birb|Rocky Helmet|[from] move: Knock Off|[of] p1b: Gliscor\n|move|p2a: Birb|Tailwind|p2a: Birb\n|-sidestart|p2: Jaquaveus 3rd|move: Tailwind\n|move|p2b: King|Brick Break|p1a: Ursaluna\n|-supereffective|p1a: Ursaluna\n|-damage|p1a: Ursaluna|35\/100\n|move|p1a: Ursaluna|Earth Power|p2b: King\n|-supereffective|p2b: King\n|-damage|p2b: King|0 fnt\n|faint|p2b: King\n|-end|p2b: King|fallen1|[silent]\n|\n|-heal|p1b: Gliscor|86\/100 tox|[from] ability: Poison Heal\n|upkeep\n|\n|t:|1700168526\n|switch|p2b: Mega Man|Armarouge, M|100\/100\n|turn|7\n|inactive|Battle timer is ON: inactive players will automatically lose when time's up. (requested by Jaquaveus 3rd)\n|\n|t:|1700168583\n|-terastallize|p1a: Ursaluna|Ghost\n|move|p1b: Gliscor|Protect|p1b: Gliscor\n|-singleturn|p1b: Gliscor|Protect\n|move|p2b: Mega Man|Expanding Force|p1a: Ursaluna\n|-damage|p1a: Ursaluna|5\/100\n|move|p2a: Birb|Iron Head|p1b: Gliscor\n|-activate|p1b: Gliscor|move: Protect\n|move|p1a: Ursaluna|Earth Power|p2b: Mega Man\n|-supereffective|p2b: Mega Man\n|-damage|p2b: Mega Man|0 fnt\n|faint|p2b: Mega Man\n|\n|-heal|p1b: Gliscor|98\/100 tox|[from] ability: Poison Heal\n|upkeep\n|\n|t:|1700168600\n|switch|p2b: Cool guy|Ceruledge, M|100\/100\n|turn|8\n|\n|t:|1700168612\n|switch|p1a: Cresselia|Cresselia, F, shiny|51\/100\n|move|p2b: Cool guy|Shadow Sneak|p1a: Cresselia\n|-supereffective|p1a: Cresselia\n|-damage|p1a: Cresselia|24\/100\n|move|p2a: Birb|Iron Head|p1b: Gliscor\n|-damage|p1b: Gliscor|76\/100 tox\n|move|p1b: Gliscor|Toxic|p2b: Cool guy\n|-status|p2b: Cool guy|tox\n|\n|-damage|p2b: Cool guy|94\/100 tox|[from] psn\n|-heal|p1b: Gliscor|88\/100 tox|[from] ability: Poison Heal\n|upkeep\n|turn|9\n|\n|t:|1700168638\n|-terastallize|p2b: Cool guy|Dragon\n|move|p1a: Cresselia|Ally Switch|p1a: Cresselia\n|swap|p1a: Cresselia|1|[from] move: Ally Switch\n|move|p2b: Cool guy|Dragon Claw|p1b: Cresselia\n|-damage|p1b: Cresselia|0 fnt\n|faint|p1b: Cresselia\n|move|p2a: Birb|Brave Bird|p1a: Gliscor\n|-damage|p1a: Gliscor|54\/100 tox\n|-damage|p2a: Birb|28\/100|[from] Recoil\n|move|p1a: Gliscor|Knock Off|p2b: Cool guy\n|-damage|p2b: Cool guy|63\/100 tox\n|-ability|p2b: Cool guy|Weak Armor|boost\n|-unboost|p2b: Cool guy|def|1\n|-boost|p2b: Cool guy|spe|2\n|-enditem|p2b: Cool guy|Focus Sash|[from] move: Knock Off|[of] p1a: Gliscor\n|\n|-damage|p2b: Cool guy|50\/100 tox|[from] psn\n|-heal|p1a: Gliscor|67\/100 tox|[from] ability: Poison Heal\n|-sideend|p2: Jaquaveus 3rd|move: Tailwind\n|upkeep\n|\n|t:|1700168646\n|switch|p1b: Ogerpon|Ogerpon-Hearthflame, F|100\/100\n|-ability|p1b: Ogerpon|Mold Breaker\n|turn|10\n|\n|t:|1700168675\n|move|p1a: Gliscor|Protect|p1a: Gliscor\n|-singleturn|p1a: Gliscor|Protect\n|move|p2b: Cool guy|Dragon Claw|p1a: Gliscor\n|-activate|p1a: Gliscor|move: Protect\n|move|p1b: Ogerpon|Ivy Cudgel|p2a: Birb|[anim] Ivy Cudgel Fire\n|-supereffective|p2a: Birb\n|-damage|p2a: Birb|0 fnt\n|faint|p2a: Birb\n|\n|-damage|p2b: Cool guy|32\/100 tox|[from] psn\n|-heal|p1a: Gliscor|79\/100 tox|[from] ability: Poison Heal\n|upkeep\n|inactive|Jaquaveus 3rd has 120 seconds left.\n|\n|t:|1700168687\n|switch|p2a: Iron Valiant|Iron Valiant|100\/100\n|turn|11\n|\n|t:|1700168696\n|move|p1b: Ogerpon|Spiky Shield|p1b: Ogerpon\n|-singleturn|p1b: Ogerpon|move: Protect\n|move|p2b: Cool guy|Dragon Claw|p1a: Gliscor\n|-damage|p1a: Gliscor|55\/100 tox\n|move|p2a: Iron Valiant|Ice Punch|p1b: Ogerpon\n|-activate|p1b: Ogerpon|move: Protect\n|-damage|p2a: Iron Valiant|88\/100|[from] Spiky Shield|[of] p1b: Ogerpon\n|move|p1a: Gliscor|Knock Off|p2a: Iron Valiant\n|-resisted|p2a: Iron Valiant\n|-damage|p2a: Iron Valiant|81\/100\n|-enditem|p2a: Iron Valiant|Life Orb|[from] move: Knock Off|[of] p1a: Gliscor\n|\n|-damage|p2b: Cool guy|7\/100 tox|[from] psn\n|-heal|p1a: Gliscor|67\/100 tox|[from] ability: Poison Heal\n|upkeep\n|turn|12\n|\n|t:|1700168720\n|switch|p1b: Kingambit|Kingambit, F, shiny|100\/100\n|move|p1a: Gliscor|Protect|p1a: Gliscor\n|-singleturn|p1a: Gliscor|Protect\n|move|p2b: Cool guy|Dragon Claw|p1b: Kingambit\n|-resisted|p1b: Kingambit\n|-damage|p1b: Kingambit|86\/100\n|move|p2a: Iron Valiant|Ice Punch|p1b: Kingambit\n|-resisted|p1b: Kingambit\n|-damage|p1b: Kingambit|76\/100\n|\n|-damage|p2b: Cool guy|0 fnt|[from] psn\n|faint|p2b: Cool guy\n|-heal|p1a: Gliscor|80\/100 tox|[from] ability: Poison Heal\n|upkeep\n|turn|13\n|\n|t:|1700168736\n|move|p2a: Iron Valiant|Close Combat|p1b: Kingambit\n|-supereffective|p1b: Kingambit\n|-damage|p1b: Kingambit|0 fnt\n|-unboost|p2a: Iron Valiant|def|1\n|-unboost|p2a: Iron Valiant|spd|1\n|faint|p1b: Kingambit\n|move|p1a: Gliscor|Toxic|p2a: Iron Valiant\n|-status|p2a: Iron Valiant|tox\n|\n|-damage|p2a: Iron Valiant|75\/100 tox|[from] psn\n|-heal|p1a: Gliscor|92\/100 tox|[from] ability: Poison Heal\n|upkeep\n|\n|t:|1700168741\n|switch|p1b: Ogerpon|Ogerpon-Hearthflame, F|100\/100\n|-ability|p1b: Ogerpon|Mold Breaker\n|turn|14\n|\n|t:|1700168759\n|move|p2a: Iron Valiant|Destiny Bond|p2a: Iron Valiant\n|-singlemove|p2a: Iron Valiant|Destiny Bond\n|move|p1b: Ogerpon|Ivy Cudgel|p2a: Iron Valiant|[anim] Ivy Cudgel Fire\n|-damage|p2a: Iron Valiant|0 fnt\n|faint|p2a: Iron Valiant\n|-activate|p2a: Iron Valiant|move: Destiny Bond\n|-end|p2a: Iron Valiant|Quark Drive|[silent]\n|faint|p1b: Ogerpon\n|\n|win|Prof. Lucyfer\n|raw|Prof. Lucyfer's rating: 1099 &rarr; <strong>1121<\/strong><br \/>(+22 for winning)\n|raw|Jaquaveus 3rd's rating: 1052 &rarr; <strong>1037<\/strong><br \/>(-15 for losing)\n|l|\u2606Jaquaveus 3rd\n","uploadtime":1700168785,"views":20,"p1id":"proflucyfer","p2id":"jaquaveus3rd","formatid":"gen9doublesou","rating":1037,"private":0,"password":""}