{"id":"gen9doublesou-1972567855","p1":"ggbf","p2":"Abowlofmagnemites","format":"[Gen 9] Doubles OU","log":"|j|\u2606ggbf\n|j|\u2606Abowlofmagnemites\n|t:|1697858087\n|gametype|doubles\n|player|p1|ggbf|1|1196\n|player|p2|Abowlofmagnemites|plasmagruntf-gen5bw|1137\n|teamsize|p1|6\n|teamsize|p2|6\n|gen|9\n|tier|[Gen 9] Doubles OU\n|rated|\n|rule|Species Clause: Limit one of each Pok\u00e9mon\n|rule|OHKO Clause: OHKO moves are banned\n|rule|Evasion Moves Clause: Evasion moves are banned\n|rule|Gravity Sleep Clause: The combination of sleep-inducing moves with imperfect accuracy and Gravity or Gigantamax Orbeetle are banned\n|rule|Endless Battle Clause: Forcing endless battles is banned\n|rule|HP Percentage Mod: HP is shown in percentages\n|clearpoke\n|poke|p1|Gholdengo|\n|poke|p1|Indeedee-F, F|\n|poke|p1|Armarouge, F|\n|poke|p1|Murkrow, M|\n|poke|p1|Garchomp, M|\n|poke|p1|Ogerpon-Hearthflame, F|\n|poke|p2|Iron Valiant|\n|poke|p2|Armarouge, M|\n|poke|p2|Indeedee-F, F|\n|poke|p2|Ogerpon-Wellspring, F|\n|poke|p2|Zoroark-Hisui, M|\n|poke|p2|Vikavolt, M|\n|teampreview\n|l|\u2606ggbf\n|player|p1|\n|inactive|Battle timer is ON: inactive players will automatically lose when time's up. (requested by Abowlofmagnemites)\n|inactive|ggbf has 30 seconds to reconnect!\n|inactive|ggbf has 20 seconds to reconnect!\n|j|\u2606ggbf\n|inactive|ggbf reconnected and has 110 seconds left.\n|player|p1|ggbf|1\n|\n|t:|1697858167\n|start\n|switch|p1a: Murkrow|Murkrow, M, shiny|100\/100\n|switch|p1b: Ogerpon|Ogerpon-Hearthflame, F|100\/100\n|switch|p2a: Armarouge|Armarouge, M|100\/100\n|switch|p2b: Indeedee|Indeedee-F, F|100\/100\n|-fieldstart|move: Psychic Terrain|[from] ability: Psychic Surge|[of] p2b: Indeedee\n|-ability|p1b: Ogerpon|Mold Breaker\n|turn|1\n|\n|t:|1697858187\n|move|p1b: Ogerpon|Spiky Shield|p1b: Ogerpon\n|-singleturn|p1b: Ogerpon|move: Protect\n|move|p1a: Murkrow|Tailwind|p1a: Murkrow\n|-sidestart|p1: ggbf|move: Tailwind\n|move|p2a: Armarouge|Expanding Force|p1b: Ogerpon|[spread] \n|-activate|p1b: Ogerpon|move: Protect\n|-immune|p1a: Murkrow\n|move|p2b: Indeedee|Trick Room|p2b: Indeedee\n|-fieldstart|move: Trick Room|[of] p2b: Indeedee\n|\n|upkeep\n|turn|2\n|inactive|ggbf has 120 seconds left.\n|\n|t:|1697858240\n|switch|p1b: Garchomp|Garchomp, M|100\/100\n|move|p2b: Indeedee|Helping Hand|p2a: Armarouge\n|-singleturn|p2a: Armarouge|Helping Hand|[of] p2b: Indeedee\n|move|p2a: Armarouge|Expanding Force|p1a: Murkrow|[spread] p1b\n|-immune|p1a: Murkrow\n|-damage|p1b: Garchomp|16\/100\n|move|p1a: Murkrow|Foul Play|p2a: Armarouge\n|-supereffective|p2a: Armarouge\n|-damage|p2a: Armarouge|70\/100\n|-ability|p2a: Armarouge|Weak Armor|boost\n|-unboost|p2a: Armarouge|def|1\n|-boost|p2a: Armarouge|spe|2\n|\n|upkeep\n|turn|3\n|inactive|ggbf has 120 seconds left.\n|inactive|Abowlofmagnemites has 120 seconds left.\n|inactive|ggbf has 90 seconds left.\n|\n|t:|1697858281\n|move|p1a: Murkrow|Protect|p1a: Murkrow\n|-singleturn|p1a: Murkrow|Protect\n|move|p2a: Armarouge|Wide Guard|p2a: Armarouge\n|-singleturn|p2a: Armarouge|Wide Guard\n|move|p2b: Indeedee|Dazzling Gleam|p1b: Garchomp|[spread] p1b\n|-activate|p1a: Murkrow|move: Protect\n|-supereffective|p1b: Garchomp\n|-damage|p1b: Garchomp|0 fnt\n|faint|p1b: Garchomp\n|\n|upkeep\n|\n|t:|1697858299\n|switch|p1b: Armarouge|Armarouge, F, shiny|100\/100\n|turn|4\n|inactive|ggbf has 90 seconds left.\n|\n|t:|1697858314\n|move|p1a: Murkrow|Protect|p1a: Murkrow\n|-singleturn|p1a: Murkrow|Protect\n|move|p1b: Armarouge|Protect|p1b: Armarouge\n|-singleturn|p1b: Armarouge|Protect\n|move|p2a: Armarouge|Expanding Force|p1a: Murkrow|[spread] \n|-activate|p1a: Murkrow|move: Protect\n|-activate|p1b: Armarouge|move: Protect\n|move|p2b: Indeedee|Trick Room|p2b: Indeedee\n|-fieldend|move: Trick Room\n|\n|-sideend|p1: ggbf|move: Tailwind\n|upkeep\n|turn|5\n|inactive|ggbf has 90 seconds left.\n|inactive|Abowlofmagnemites has 120 seconds left.\n|\n|t:|1697858356\n|switch|p1a: Indeedee|Indeedee-F, F, shiny|100\/100\n|-enditem|p1a: Indeedee|Psychic Seed\n|-boost|p1a: Indeedee|spd|1|[from] item: Psychic Seed\n|-terastallize|p1b: Armarouge|Psychic\n|move|p2a: Armarouge|Expanding Force|p1b: Armarouge|[spread] p1a,p1b\n|-resisted|p1a: Indeedee\n|-resisted|p1b: Armarouge\n|-damage|p1a: Indeedee|80\/100\n|-damage|p1b: Armarouge|65\/100\n|move|p2b: Indeedee|Dazzling Gleam|p1a: Indeedee|[spread] p1a,p1b\n|-crit|p1b: Armarouge\n|-damage|p1a: Indeedee|70\/100\n|-damage|p1b: Armarouge|38\/100\n|move|p1b: Armarouge|Expanding Force|p2a: Armarouge|[spread] p2a,p2b\n|-resisted|p2a: Armarouge\n|-resisted|p2b: Indeedee\n|-damage|p2a: Armarouge|8\/100\n|-damage|p2b: Indeedee|42\/100\n|-damage|p1b: Armarouge|28\/100|[from] item: Life Orb\n|\n|upkeep\n|turn|6\n|inactive|ggbf has 90 seconds left.\n|\n|t:|1697858383\n|move|p1b: Armarouge|Protect|p1b: Armarouge\n|-singleturn|p1b: Armarouge|Protect\n|move|p2a: Armarouge|Expanding Force|p1b: Armarouge|[spread] p1a\n|-activate|p1b: Armarouge|move: Protect\n|-resisted|p1a: Indeedee\n|-damage|p1a: Indeedee|50\/100\n|move|p2b: Indeedee|Imprison|p2b: Indeedee\n|-start|p2b: Indeedee|move: Imprison\n|move|p1a: Indeedee|Heal Pulse|p1b: Armarouge\n|-activate|p1b: Armarouge|move: Protect\n|\n|upkeep\n|turn|7\n|inactive|ggbf has 90 seconds left.\n|\n|t:|1697858418\n|move|p2b: Indeedee|Helping Hand|p2a: Armarouge\n|-singleturn|p2a: Armarouge|Helping Hand|[of] p2b: Indeedee\n|move|p2a: Armarouge|Expanding Force|p1a: Indeedee|[spread] p1a,p1b\n|-resisted|p1a: Indeedee\n|-resisted|p1b: Armarouge\n|-damage|p1a: Indeedee|23\/100\n|-damage|p1b: Armarouge|0 fnt\n|faint|p1b: Armarouge\n|move|p1a: Indeedee|Heal Pulse|p1: Armarouge|[notarget]\n|-fail|p1a: Indeedee\n|\n|upkeep\n|inactive|ggbf has 60 seconds left.\n|\n|t:|1697858432\n|switch|p1b: Ogerpon|Ogerpon-Hearthflame, F|100\/100\n|-ability|p1b: Ogerpon|Mold Breaker\n|turn|8\n|\n|t:|1697858446\n|move|p2b: Indeedee|Helping Hand|p2a: Armarouge\n|-singleturn|p2a: Armarouge|Helping Hand|[of] p2b: Indeedee\n|move|p2a: Armarouge|Expanding Force|p1a: Indeedee|[spread] p1a,p1b\n|-resisted|p1a: Indeedee\n|-damage|p1a: Indeedee|0 fnt\n|-damage|p1b: Ogerpon|7\/100\n|faint|p1a: Indeedee\n|move|p1b: Ogerpon|Swords Dance|p1b: Ogerpon\n|-boost|p1b: Ogerpon|atk|2\n|\n|-fieldend|move: Psychic Terrain\n|upkeep\n|\n|t:|1697858458\n|switch|p1a: Murkrow|Murkrow, M, shiny|100\/100\n|turn|9\n|inactive|ggbf has 90 seconds left.\n|\n|t:|1697858478\n|move|p2a: Armarouge|Wide Guard|p2a: Armarouge\n|-singleturn|p2a: Armarouge|Wide Guard\n|move|p1a: Murkrow|Tailwind|p1a: Murkrow\n|-sidestart|p1: ggbf|move: Tailwind\n|move|p1b: Ogerpon|Ivy Cudgel|p2a: Armarouge\n|-resisted|p2a: Armarouge\n|-damage|p2a: Armarouge|0 fnt\n|faint|p2a: Armarouge\n|move|p2b: Indeedee|Dazzling Gleam|p1a: Murkrow|[spread] p1a,p1b\n|-supereffective|p1a: Murkrow\n|-resisted|p1b: Ogerpon\n|-damage|p1a: Murkrow|66\/100\n|-damage|p1b: Ogerpon|0 fnt\n|faint|p1b: Ogerpon\n|\n|upkeep\n|\n|t:|1697858491\n|switch|p1b: Gholdengo|Gholdengo, shiny|100\/100\n|switch|p2a: Ogerpon|Ogerpon-Wellspring, F|100\/100\n|turn|10\n|inactive|ggbf has 120 seconds left.\n|\n|t:|1697858502\n|move|p1a: Murkrow|Protect|p1a: Murkrow\n|-singleturn|p1a: Murkrow|Protect\n|move|p2a: Ogerpon|Spiky Shield|p2a: Ogerpon\n|-singleturn|p2a: Ogerpon|move: Protect\n|move|p1b: Gholdengo|Make It Rain|p2a: Ogerpon|[spread] p2b\n|-activate|p2a: Ogerpon|move: Protect\n|-crit|p2b: Indeedee\n|-damage|p2b: Indeedee|0 fnt\n|-unboost|p1b: Gholdengo|spa|1\n|faint|p2b: Indeedee\n|\n|upkeep\n|\n|t:|1697858507\n|switch|p2b: Iron Valiant|Iron Valiant|100\/100\n|turn|11\n|\n|t:|1697858520\n|move|p1a: Murkrow|Haze|p1a: Murkrow\n|-clearallboost\n|move|p1b: Gholdengo|Make It Rain|p2a: Ogerpon|[spread] p2a,p2b\n|-resisted|p2a: Ogerpon\n|-damage|p2a: Ogerpon|59\/100\n|-damage|p2b: Iron Valiant|0 fnt\n|-unboost|p1b: Gholdengo|spa|1\n|replace|p2b: Zoroark|Zoroark-Hisui, M\n|-end|p2b: Zoroark|Illusion\n|faint|p2b: Zoroark\n|move|p2a: Ogerpon|Play Rough|p1a: Murkrow\n|-supereffective|p1a: Murkrow\n|-damage|p1a: Murkrow|0 fnt\n|faint|p1a: Murkrow\n|\n|upkeep\n|\n|t:|1697858527\n|switch|p2b: Iron Valiant|Iron Valiant|100\/100\n|-enditem|p2b: Iron Valiant|Booster Energy\n|-activate|p2b: Iron Valiant|ability: Quark Drive|[fromitem]\n|-start|p2b: Iron Valiant|quarkdrivespe\n|turn|12\n|\n|t:|1697858540\n|move|p2b: Iron Valiant|Psycho Cut|p1b: Gholdengo\n|-resisted|p1b: Gholdengo\n|-damage|p1b: Gholdengo|87\/100\n|move|p1b: Gholdengo|Make It Rain|p2b: Iron Valiant|[spread] p2a,p2b\n|-resisted|p2a: Ogerpon\n|-supereffective|p2b: Iron Valiant\n|-damage|p2a: Ogerpon|32\/100\n|-damage|p2b: Iron Valiant|0 fnt\n|-unboost|p1b: Gholdengo|spa|1\n|faint|p2b: Iron Valiant\n|-end|p2b: Iron Valiant|Quark Drive|[silent]\n|move|p2a: Ogerpon|Ivy Cudgel|p1b: Gholdengo\n|-damage|p1b: Gholdengo|27\/100\n|\n|-sideend|p1: ggbf|move: Tailwind\n|upkeep\n|\n|t:|1697858543\n|switch|p2b: Vikavolt|Vikavolt, M|100\/100\n|turn|13\n|\n|t:|1697858557\n|-terastallize|p2a: Ogerpon|Water\n|detailschange|p2a: Ogerpon|Ogerpon-Wellspring-Tera, F, tera:Water\n|-ability|p2a: Ogerpon|Embody Aspect (Wellspring)|boost\n|-boost|p2a: Ogerpon|spd|1\n|move|p2a: Ogerpon|Ivy Cudgel|p1b: Gholdengo\n|-damage|p1b: Gholdengo|0 fnt\n|faint|p1b: Gholdengo\n|\n|win|Abowlofmagnemites\n|raw|ggbf's rating: 1196 &rarr; <strong>1168<\/strong><br \/>(-28 for losing)\n|raw|Abowlofmagnemites's rating: 1161 &rarr; <strong>1189<\/strong><br \/>(+28 for winning)\n","uploadtime":1697858566,"views":11,"p1id":"ggbf","p2id":"abowlofmagnemites","formatid":"gen9doublesou","rating":1168,"private":0,"password":""}