{"id":"gen9doublesou-1986356898","p1":"cdaniel19","p2":"Black_Kamui9","format":"[Gen 9] Doubles OU","log":"|j|\u2606cdaniel19\n|j|\u2606Black_Kamui9\n|t:|1699472003\n|gametype|doubles\n|player|p1|cdaniel19|169|1349\n|player|p2|Black_Kamui9|ingo|1242\n|teamsize|p1|6\n|teamsize|p2|6\n|gen|9\n|tier|[Gen 9] Doubles OU\n|rated|\n|rule|Species Clause: Limit one of each Pok\u00e9mon\n|rule|OHKO Clause: OHKO moves are banned\n|rule|Evasion Moves Clause: Evasion moves are banned\n|rule|Gravity Sleep Clause: The combination of sleep-inducing moves with imperfect accuracy and Gravity or Gigantamax Orbeetle are banned\n|rule|Endless Battle Clause: Forcing endless battles is banned\n|rule|HP Percentage Mod: HP is shown in percentages\n|clearpoke\n|poke|p1|Sneasler, M|\n|poke|p1|Landorus-Therian, M|\n|poke|p1|Zapdos|\n|poke|p1|Gholdengo|\n|poke|p1|Volcanion|\n|poke|p1|Amoonguss, M|\n|poke|p2|Dragonite, M|\n|poke|p2|Baxcalibur, M|\n|poke|p2|Sneasler, M|\n|poke|p2|Arcanine-Hisui, M|\n|poke|p2|Grimmsnarl, M|\n|poke|p2|Gyarados, M|\n|teampreview\n|inactive|Battle timer is ON: inactive players will automatically lose when time's up. (requested by cdaniel19)\n|\n|t:|1699472023\n|start\n|switch|p1a: Amoonguss|Amoonguss, M|100\/100\n|switch|p1b: Sneasler|Sneasler, M|100\/100\n|switch|p2a: First Class|Sneasler, M|100\/100\n|switch|p2b: Sea Gangster|Gyarados, M, shiny|100\/100\n|-ability|p2a: First Class|Pressure\n|-ability|p2b: Sea Gangster|Intimidate|boost\n|-unboost|p1a: Amoonguss|atk|1\n|-unboost|p1b: Sneasler|atk|1\n|turn|1\n|\n|t:|1699472039\n|move|p2a: First Class|Protect|p2a: First Class\n|-singleturn|p2a: First Class|Protect\n|move|p1b: Sneasler|Swords Dance|p1b: Sneasler\n|-boost|p1b: Sneasler|atk|2\n|move|p2b: Sea Gangster|Icy Wind|p1b: Sneasler|[spread] p1a,p1b\n|-supereffective|p1a: Amoonguss\n|-damage|p1a: Amoonguss|89\/100\n|-damage|p1b: Sneasler|90\/100\n|-unboost|p1a: Amoonguss|spe|1\n|-unboost|p1b: Sneasler|spe|1\n|-enditem|p1a: Amoonguss|Red Card|[of] p2b: Sea Gangster\n|drag|p2b: Mach 5|Dragonite, M|100\/100\n|move|p1a: Amoonguss|Spore|p2b: Mach 5\n|-status|p2b: Mach 5|slp|[from] move: Spore\n|\n|upkeep\n|turn|2\n|\n|t:|1699472065\n|switch|p2b: Sea Gangster|Gyarados, M, shiny|100\/100\n|-ability|p2b: Sea Gangster|Intimidate|boost\n|-unboost|p1a: Amoonguss|atk|1\n|-unboost|p1b: Sneasler|atk|1\n|move|p2a: First Class|U-turn|p1a: Amoonguss\n|-damage|p1a: Amoonguss|63\/100\n|\n|t:|1699472073\n|switch|p2a: Mach 5|Dragonite, M|100\/100 slp|[from] U-turn\n|move|p1b: Sneasler|Brick Break|p2a: Mach 5\n|-resisted|p2a: Mach 5\n|-damage|p2a: Mach 5|91\/100 slp\n|move|p1a: Amoonguss|Pollen Puff|p1b: Sneasler\n|-heal|p1b: Sneasler|100\/100\n|\n|upkeep\n|turn|3\n|\n|t:|1699472087\n|move|p1b: Sneasler|Swords Dance|p1b: Sneasler\n|-boost|p1b: Sneasler|atk|2\n|cant|p2a: Mach 5|slp\n|move|p2b: Sea Gangster|Thunder Wave|p1b: Sneasler\n|-status|p1b: Sneasler|par\n|move|p1a: Amoonguss|Spore|p2b: Sea Gangster\n|-status|p2b: Sea Gangster|slp|[from] move: Spore\n|\n|upkeep\n|turn|4\n|\n|t:|1699472101\n|switch|p1a: Zapdos|Zapdos|100\/100\n|cant|p2b: Sea Gangster|slp\n|cant|p2a: Mach 5|slp\n|move|p1b: Sneasler|Shadow Claw|p2a: Mach 5\n|-damage|p2a: Mach 5|37\/100 slp\n|\n|upkeep\n|turn|5\n|\n|t:|1699472120\n|switch|p2b: Pulp Fiction|Grimmsnarl, M|100\/100\n|move|p1a: Zapdos|Thunderbolt|p2b: Pulp Fiction\n|-damage|p2b: Pulp Fiction|58\/100\n|-curestatus|p2a: Mach 5|slp|[msg]\n|move|p2a: Mach 5|Bulldoze|p1b: Sneasler|[spread] p2b,p1b\n|-immune|p1a: Zapdos\n|-supereffective|p1b: Sneasler\n|-damage|p2b: Pulp Fiction|40\/100\n|-damage|p1b: Sneasler|44\/100 par\n|-unboost|p2b: Pulp Fiction|spe|1\n|-unboost|p1b: Sneasler|spe|1\n|cant|p1b: Sneasler|par\n|\n|upkeep\n|turn|6\n|\n|t:|1699472141\n|move|p2b: Pulp Fiction|Light Screen|p2b: Pulp Fiction\n|-sidestart|p2: Black_Kamui9|move: Light Screen\n|move|p1a: Zapdos|Thunderbolt|p2a: Mach 5\n|-damage|p2a: Mach 5|6\/100\n|move|p2a: Mach 5|Ice Spinner|p1a: Zapdos\n|-supereffective|p1a: Zapdos\n|-damage|p1a: Zapdos|20\/100\n|move|p1b: Sneasler|Brick Break|p2b: Pulp Fiction\n|-sideend|p2: Black_Kamui9|move: Light Screen\n|-damage|p2b: Pulp Fiction|0 fnt\n|faint|p2b: Pulp Fiction\n|\n|upkeep\n|\n|t:|1699472152\n|switch|p2b: First Class|Sneasler, M|100\/100\n|-ability|p2b: First Class|Pressure\n|turn|7\n|\n|t:|1699472161\n|move|p2a: Mach 5|Extreme Speed|p1a: Zapdos\n|-damage|p1a: Zapdos|0 fnt\n|-status|p2a: Mach 5|par|[from] ability: Static|[of] p1a: Zapdos\n|faint|p1a: Zapdos\n|move|p2b: First Class|Close Combat|p1b: Sneasler\n|-resisted|p1b: Sneasler\n|-damage|p1b: Sneasler|0 fnt\n|-unboost|p2b: First Class|def|1\n|-unboost|p2b: First Class|spd|1\n|faint|p1b: Sneasler\n|\n|upkeep\n|\n|t:|1699472183\n|switch|p1b: Landorus|Landorus-Therian, M|100\/100\n|switch|p1a: Gholdengo|Gholdengo|100\/100\n|-ability|p1b: Landorus|Intimidate|boost\n|-unboost|p2a: Mach 5|atk|1\n|-unboost|p2b: First Class|atk|1\n|turn|8\n|\n|t:|1699472191\n|move|p2b: First Class|Protect|p2b: First Class\n|-singleturn|p2b: First Class|Protect\n|move|p1b: Landorus|Protect|p1b: Landorus\n|-singleturn|p1b: Landorus|Protect\n|move|p1a: Gholdengo|Dazzling Gleam|p2b: First Class|[spread] p2a\n|-activate|p2b: First Class|move: Protect\n|-supereffective|p2a: Mach 5\n|-damage|p2a: Mach 5|0 fnt\n|faint|p2a: Mach 5\n|\n|upkeep\n|\n|t:|1699472199\n|switch|p2a: Sea Gangster|Gyarados, M, shiny|100\/100 slp\n|-ability|p2a: Sea Gangster|Intimidate|boost\n|-unboost|p1a: Gholdengo|atk|1\n|-fail|p1b: Landorus|unboost|[from] item: Clear Amulet|[of] p1b: Landorus\n|turn|9\n|\n|t:|1699472216\n|switch|p1b: Volcanion|Volcanion|100\/100\n|-terastallize|p1a: Gholdengo|Fairy\n|move|p2b: First Class|U-turn|p1a: Gholdengo\n|-resisted|p1a: Gholdengo\n|-damage|p1a: Gholdengo|90\/100\n|\n|t:|1699472226\n|switch|p2b: Frost Gojira|Baxcalibur, M|100\/100|[from] U-turn\n|move|p1a: Gholdengo|Dazzling Gleam|p2b: Frost Gojira|[spread] p2a,p2b\n|-supereffective|p2b: Frost Gojira\n|-damage|p2a: Sea Gangster|68\/100 slp\n|-damage|p2b: Frost Gojira|62\/100\n|cant|p2a: Sea Gangster|slp\n|\n|-heal|p1a: Gholdengo|96\/100|[from] item: Leftovers\n|upkeep\n|turn|10\n|\n|t:|1699472245\n|-terastallize|p2b: Frost Gojira|Water\n|move|p1a: Gholdengo|Nasty Plot|p1a: Gholdengo\n|-boost|p1a: Gholdengo|spa|2\n|-curestatus|p2a: Sea Gangster|slp|[msg]\n|move|p2a: Sea Gangster|Thunder Wave|p1a: Gholdengo\n|-immune|p1a: Gholdengo|[from] ability: Good as Gold\n|move|p2b: Frost Gojira|Iron Head|p1a: Gholdengo\n|-supereffective|p1a: Gholdengo\n|-damage|p1a: Gholdengo|30\/100\n|move|p1b: Volcanion|Heat Wave|p2b: Frost Gojira|[spread] p2b\n|-miss|p1b: Volcanion|p2a: Sea Gangster\n|-resisted|p2b: Frost Gojira\n|-damage|p2b: Frost Gojira|51\/100\n|-ability|p2b: Frost Gojira|Thermal Exchange|boost\n|-boost|p2b: Frost Gojira|atk|1\n|\n|-heal|p1a: Gholdengo|36\/100|[from] item: Leftovers\n|upkeep\n|turn|11\n|inactive|cdaniel19 has 120 seconds left.\n|\n|t:|1699472276\n|switch|p1b: Amoonguss|Amoonguss, M|63\/100\n|move|p1a: Gholdengo|Dazzling Gleam|p2b: Frost Gojira|[spread] p2a,p2b\n|-damage|p2a: Sea Gangster|11\/100\n|-damage|p2b: Frost Gojira|13\/100\n|-enditem|p2a: Sea Gangster|Aguav Berry|[eat]\n|-heal|p2a: Sea Gangster|44\/100|[from] item: Aguav Berry\n|move|p2a: Sea Gangster|Waterfall|p1a: Gholdengo\n|-damage|p1a: Gholdengo|0 fnt\n|faint|p1a: Gholdengo\n|move|p2b: Frost Gojira|Glaive Rush|p1b: Amoonguss\n|-crit|p1b: Amoonguss\n|-damage|p1b: Amoonguss|0 fnt\n|-singlemove|p2b: Frost Gojira|Glaive Rush|[silent]\n|faint|p1b: Amoonguss\n|\n|upkeep\n|inactive|cdaniel19 has 120 seconds left.\n|\n|t:|1699472292\n|switch|p1a: Volcanion|Volcanion|100\/100\n|switch|p1b: Landorus|Landorus-Therian, M|100\/100\n|-ability|p1b: Landorus|Intimidate|boost\n|-unboost|p2a: Sea Gangster|atk|1\n|-unboost|p2b: Frost Gojira|atk|1\n|turn|12\n|\n|t:|1699472306\n|switch|p2b: Akatsuki|Arcanine-Hisui, M|100\/100\n|-ability|p2b: Akatsuki|Intimidate|boost\n|-unboost|p1a: Volcanion|atk|1\n|-fail|p1b: Landorus|unboost|[from] item: Clear Amulet|[of] p1b: Landorus\n|move|p1b: Landorus|Protect|p1b: Landorus\n|-singleturn|p1b: Landorus|Protect\n|move|p2a: Sea Gangster|Icy Wind|p1b: Landorus|[spread] p1a\n|-activate|p1b: Landorus|move: Protect\n|-resisted|p1a: Volcanion\n|-damage|p1a: Volcanion|99\/100\n|-unboost|p1a: Volcanion|spe|1\n|move|p1a: Volcanion|Steam Eruption|p2b: Akatsuki\n|-supereffective|p2b: Akatsuki\n|-damage|p2b: Akatsuki|0 fnt\n|faint|p2b: Akatsuki\n|\n|upkeep\n|\n|t:|1699472324\n|switch|p2b: Frost Gojira|Baxcalibur, M, tera:Water|13\/100\n|turn|13\n|\n|t:|1699472333\n|move|p1b: Landorus|U-turn|p2a: Sea Gangster\n|-resisted|p2a: Sea Gangster\n|-damage|p2a: Sea Gangster|24\/100\n|move|p2a: Sea Gangster|Icy Wind|p1a: Volcanion|[spread] p1a,p1b\n|-resisted|p1a: Volcanion\n|-supereffective|p1b: Landorus\n|-damage|p1a: Volcanion|98\/100\n|-damage|p1b: Landorus|58\/100\n|-unboost|p1a: Volcanion|spe|1\n|move|p2b: Frost Gojira|Icicle Crash|p1b: Landorus\n|-supereffective|p1b: Landorus\n|-damage|p1b: Landorus|0 fnt\n|faint|p1b: Landorus\n|move|p1a: Volcanion|Steam Eruption|p2b: Frost Gojira\n|-resisted|p2b: Frost Gojira\n|-damage|p2b: Frost Gojira|0 fnt\n|faint|p2b: Frost Gojira\n|\n|upkeep\n|\n|t:|1699472341\n|switch|p2b: First Class|Sneasler, M|100\/100\n|-ability|p2b: First Class|Pressure\n|turn|14\n|\n|t:|1699472355\n|move|p2a: Sea Gangster|Helping Hand|p2b: First Class\n|-singleturn|p2b: First Class|Helping Hand|[of] p2a: Sea Gangster\n|move|p2b: First Class|Dire Claw|p1a: Volcanion\n|-damage|p1a: Volcanion|40\/100\n|-status|p1a: Volcanion|slp\n|cant|p1a: Volcanion|slp\n|\n|upkeep\n|turn|15\n|c|\u2606Black_Kamui9|gg\n|\n|t:|1699472367\n|move|p2a: Sea Gangster|Helping Hand|p2b: First Class\n|-singleturn|p2b: First Class|Helping Hand|[of] p2a: Sea Gangster\n|move|p2b: First Class|Dire Claw|p1a: Volcanion\n|-damage|p1a: Volcanion|0 fnt\n|faint|p1a: Volcanion\n|\n|win|Black_Kamui9\n|raw|cdaniel19's rating: 1349 &rarr; <strong>1323<\/strong><br \/>(-26 for losing)\n|raw|Black_Kamui9's rating: 1242 &rarr; <strong>1274<\/strong><br \/>(+32 for winning)\n","uploadtime":1699472376,"views":30,"p1id":"cdaniel19","p2id":"blackkamui9","formatid":"gen9doublesou","rating":1274,"private":0,"password":""}