{"id":"gen9doublesou-1993384574","p1":"FoolGroucho","p2":"Kiky14","format":"[Gen 9] Doubles OU","log":"|j|\u2606FoolGroucho\n|j|\u2606Kiky14\n|t:|1700310043\n|gametype|doubles\n|player|p1|FoolGroucho|janitor|1635\n|player|p2|Kiky14|hilda-wonderlauncher|1504\n|teamsize|p1|6\n|teamsize|p2|6\n|gen|9\n|tier|[Gen 9] Doubles OU\n|rated|\n|rule|Species Clause: Limit one of each Pok\u00e9mon\n|rule|OHKO Clause: OHKO moves are banned\n|rule|Evasion Moves Clause: Evasion moves are banned\n|rule|Gravity Sleep Clause: The combination of sleep-inducing moves with imperfect accuracy and Gravity or Gigantamax Orbeetle are banned\n|rule|Endless Battle Clause: Forcing endless battles is banned\n|rule|HP Percentage Mod: HP is shown in percentages\n|clearpoke\n|poke|p1|Sableye, M|\n|poke|p1|Rillaboom, M|\n|poke|p1|Torkoal, F|\n|poke|p1|Ceruledge, F|\n|poke|p1|Lilligant-Hisui, F|\n|poke|p1|Ursaluna-Bloodmoon, M|\n|poke|p2|Sinistcha|\n|poke|p2|Moltres-Galar|\n|poke|p2|Arcanine-Hisui, M|\n|poke|p2|Ogerpon-Wellspring, F|\n|poke|p2|Klefki, M|\n|poke|p2|Landorus-Therian, M|\n|teampreview\n|inactive|Battle timer is ON: inactive players will automatically lose when time's up. (requested by FoolGroucho)\n|\n|t:|1700310070\n|start\n|switch|p1a: Rillaboom|Rillaboom, M|100\/100\n|switch|p1b: Ceruledge|Ceruledge, F|100\/100\n|switch|p2a: Klefki|Klefki, M|100\/100\n|switch|p2b: Landorus|Landorus-Therian, M|100\/100\n|-ability|p2b: Landorus|Intimidate|boost\n|-unboost|p1a: Rillaboom|atk|1\n|-fail|p1b: Ceruledge|unboost|[from] item: Clear Amulet|[of] p1b: Ceruledge\n|-fieldstart|move: Grassy Terrain|[from] ability: Grassy Surge|[of] p1a: Rillaboom\n|turn|1\n|\n|t:|1700310085\n|move|p1a: Rillaboom|Fake Out|p2b: Landorus\n|-damage|p2b: Landorus|89\/100\n|move|p2a: Klefki|Reflect|p2a: Klefki\n|-sidestart|p2: Kiky14|Reflect\n|cant|p2b: Landorus|flinch\n|move|p1b: Ceruledge|Bitter Blade|p2a: Klefki\n|-supereffective|p2a: Klefki\n|-damage|p2a: Klefki|39\/100\n|\n|-heal|p2a: Klefki|45\/100|[from] Grassy Terrain\n|upkeep\n|turn|2\n|\n|t:|1700310106\n|move|p1b: Ceruledge|Protect|p1b: Ceruledge\n|-singleturn|p1b: Ceruledge|Protect\n|move|p2a: Klefki|Thunder Wave|p1b: Ceruledge\n|-activate|p1b: Ceruledge|move: Protect\n|move|p2b: Landorus|Rock Slide|p1a: Rillaboom|[spread] \n|-activate|p1b: Ceruledge|move: Protect\n|-miss|p2b: Landorus|p1a: Rillaboom\n|move|p1a: Rillaboom|Wood Hammer|p2b: Landorus\n|-damage|p2b: Landorus|46\/100\n|-damage|p1a: Rillaboom|87\/100|[from] Recoil\n|\n|-heal|p1a: Rillaboom|93\/100|[from] Grassy Terrain\n|-heal|p2a: Klefki|51\/100|[from] Grassy Terrain\n|upkeep\n|turn|3\n|\n|t:|1700310125\n|switch|p1b: Ursaluna|Ursaluna-Bloodmoon, M|100\/100\n|switch|p2a: Sinistcha|Sinistcha|100\/100\n|-heal|p2b: Landorus|71\/100|[from] ability: Hospitality|[of] p2a: Sinistcha\n|move|p2b: Landorus|Rock Slide|p1b: Ursaluna|[spread] p1a\n|-miss|p2b: Landorus|p1b: Ursaluna\n|-crit|p1a: Rillaboom\n|-damage|p1a: Rillaboom|60\/100\n|move|p1a: Rillaboom|Wood Hammer|p2b: Landorus\n|-damage|p2b: Landorus|32\/100\n|-damage|p1a: Rillaboom|48\/100|[from] Recoil\n|\n|-heal|p1a: Rillaboom|54\/100|[from] Grassy Terrain\n|upkeep\n|turn|4\n|inactive|Kiky14 has 120 seconds left.\n|\n|t:|1700310156\n|switch|p2b: Klefki|Klefki, M|51\/100\n|switch|p1b: Lilligant|Lilligant-Hisui, F|100\/100\n|move|p1a: Rillaboom|Wood Hammer|p2b: Klefki\n|-resisted|p2b: Klefki\n|-damage|p2b: Klefki|34\/100\n|-damage|p1a: Rillaboom|49\/100|[from] Recoil\n|move|p2a: Sinistcha|Matcha Gotcha|p1a: Rillaboom|[spread] p1a\n|-miss|p2a: Sinistcha|p1b: Lilligant\n|-resisted|p1a: Rillaboom\n|-damage|p1a: Rillaboom|35\/100\n|\n|-heal|p1a: Rillaboom|41\/100|[from] Grassy Terrain\n|-heal|p2b: Klefki|40\/100|[from] Grassy Terrain\n|upkeep\n|turn|5\n|\n|t:|1700310178\n|switch|p1b: Ceruledge|Ceruledge, F|100\/100\n|move|p2b: Klefki|Thunder Wave|p1b: Ceruledge\n|-status|p1b: Ceruledge|par\n|move|p1a: Rillaboom|High Horsepower|p2b: Klefki\n|-supereffective|p2b: Klefki\n|-damage|p2b: Klefki|13\/100\n|move|p2a: Sinistcha|Matcha Gotcha|p1b: Ceruledge|[spread] p1a,p1b\n|-resisted|p1a: Rillaboom\n|-resisted|p1b: Ceruledge\n|-damage|p1a: Rillaboom|27\/100\n|-damage|p1b: Ceruledge|86\/100 par\n|-status|p1a: Rillaboom|brn\n|\n|-heal|p1a: Rillaboom|33\/100 brn|[from] Grassy Terrain\n|-heal|p2b: Klefki|19\/100|[from] Grassy Terrain\n|-heal|p1b: Ceruledge|93\/100 par|[from] Grassy Terrain\n|-damage|p1a: Rillaboom|27\/100 brn|[from] brn\n|-fieldend|move: Grassy Terrain\n|upkeep\n|turn|6\n|\n|t:|1700310206\n|switch|p1a: Sableye|Sableye, M|100\/100\n|switch|p2a: Arcanine|Arcanine-Hisui, M|100\/100\n|-ability|p2a: Arcanine|Intimidate|boost\n|-unboost|p1a: Sableye|atk|1\n|-fail|p1b: Ceruledge|unboost|[from] item: Clear Amulet|[of] p1b: Ceruledge\n|move|p2b: Klefki|Reflect||[still]\n|-fail|p2b: Klefki\n|move|p1b: Ceruledge|Shadow Sneak|p2b: Klefki\n|-damage|p2b: Klefki|6\/100\n|\n|upkeep\n|turn|7\n|\n|t:|1700310236\n|switch|p2b: Landorus|Landorus-Therian, M|32\/100\n|-ability|p2b: Landorus|Intimidate|boost\n|-unboost|p1a: Sableye|atk|1\n|-fail|p1b: Ceruledge|unboost|[from] item: Clear Amulet|[of] p1b: Ceruledge\n|move|p1a: Sableye|Reflect|p1a: Sableye\n|-sidestart|p1: FoolGroucho|Reflect\n|move|p2a: Arcanine|Rock Slide|p1b: Ceruledge|[spread] p1a,p1b\n|-supereffective|p1b: Ceruledge\n|-damage|p1a: Sableye|80\/100\n|-damage|p1b: Ceruledge|55\/100 par\n|cant|p1b: Ceruledge|par\n|\n|upkeep\n|turn|8\n|\n|t:|1700310262\n|switch|p1b: Rillaboom|Rillaboom, M|27\/100 brn\n|-fieldstart|move: Grassy Terrain|[from] ability: Grassy Surge|[of] p1b: Rillaboom\n|move|p1a: Sableye|Disable|p2a: Arcanine\n|-start|p2a: Arcanine|Disable|Rock Slide\n|move|p2b: Landorus|Rock Slide|p1a: Sableye|[spread] p1a,p1b\n|-damage|p1a: Sableye|62\/100\n|-damage|p1b: Rillaboom|10\/100 brn\n|cant|p2a: Arcanine|Disable|Rock Slide\n|\n|-heal|p1b: Rillaboom|16\/100 brn|[from] Grassy Terrain\n|-heal|p1a: Sableye|69\/100|[from] Grassy Terrain\n|-damage|p1b: Rillaboom|10\/100 brn|[from] brn\n|-sideend|p2: Kiky14|Reflect\n|upkeep\n|turn|9\n|inactive|Kiky14 has 120 seconds left.\n|\n|t:|1700310301\n|switch|p2b: Klefki|Klefki, M|6\/100\n|switch|p2a: Sinistcha|Sinistcha|100\/100\n|-heal|p2b: Klefki|31\/100|[from] ability: Hospitality|[of] p2a: Sinistcha\n|move|p1b: Rillaboom|Fake Out|p2b: Klefki\n|-resisted|p2b: Klefki\n|-damage|p2b: Klefki|28\/100\n|move|p1a: Sableye|Encore||[still]\n|-fail|p1a: Sableye\n|\n|-heal|p1b: Rillaboom|16\/100 brn|[from] Grassy Terrain\n|-heal|p2b: Klefki|34\/100|[from] Grassy Terrain\n|-heal|p1a: Sableye|75\/100|[from] Grassy Terrain\n|-damage|p1b: Rillaboom|10\/100 brn|[from] brn\n|upkeep\n|turn|10\n|inactive|Kiky14 has 120 seconds left.\n|\n|t:|1700310341\n|move|p2b: Klefki|Reflect|p2b: Klefki\n|-sidestart|p2: Kiky14|Reflect\n|move|p1a: Sableye|Light Screen|p1a: Sableye\n|-sidestart|p1: FoolGroucho|move: Light Screen\n|move|p1b: Rillaboom|High Horsepower|p2b: Klefki\n|-supereffective|p2b: Klefki\n|-damage|p2b: Klefki|14\/100\n|move|p2a: Sinistcha|Matcha Gotcha|p1b: Rillaboom|[spread] p1a,p1b\n|-resisted|p1b: Rillaboom\n|-damage|p1a: Sableye|49\/100\n|-damage|p1b: Rillaboom|0 fnt\n|faint|p1b: Rillaboom\n|\n|-heal|p2b: Klefki|20\/100|[from] Grassy Terrain\n|-heal|p1a: Sableye|55\/100|[from] Grassy Terrain\n|upkeep\n|\n|t:|1700310354\n|switch|p1b: Ceruledge|Ceruledge, F|55\/100 par\n|turn|11\n|inactive|Kiky14 has 120 seconds left.\n|inactive|Kiky14 has 90 seconds left.\n|\n|t:|1700310400\n|switch|p2b: Landorus|Landorus-Therian, M|32\/100\n|-ability|p2b: Landorus|Intimidate|boost\n|-unboost|p1a: Sableye|atk|1\n|-fail|p1b: Ceruledge|unboost|[from] item: Clear Amulet|[of] p1b: Ceruledge\n|switch|p2a: Arcanine|Arcanine-Hisui, M|100\/100\n|-ability|p2a: Arcanine|Intimidate|boost\n|-unboost|p1a: Sableye|atk|1\n|-fail|p1b: Ceruledge|unboost|[from] item: Clear Amulet|[of] p1b: Ceruledge\n|move|p1a: Sableye|Encore||[still]\n|-fail|p1a: Sableye\n|move|p1b: Ceruledge|Swords Dance|p1b: Ceruledge\n|-boost|p1b: Ceruledge|atk|2\n|\n|-heal|p1a: Sableye|61\/100|[from] Grassy Terrain\n|-heal|p1b: Ceruledge|62\/100 par|[from] Grassy Terrain\n|upkeep\n|turn|12\n|inactive|Kiky14 has 90 seconds left.\n|\n|t:|1700310443\n|move|p1a: Sableye|Light Screen||[still]\n|-fail|p1a: Sableye\n|move|p1b: Ceruledge|Shadow Sneak|p2b: Landorus\n|-damage|p2b: Landorus|0 fnt\n|faint|p2b: Landorus\n|move|p2a: Arcanine|Rock Slide|p1a: Sableye|[spread] p1a,p1b\n|-supereffective|p1b: Ceruledge\n|-crit|p1b: Ceruledge\n|-damage|p1a: Sableye|41\/100\n|-damage|p1b: Ceruledge|0 fnt\n|faint|p1b: Ceruledge\n|\n|-heal|p1a: Sableye|47\/100|[from] Grassy Terrain\n|-fieldend|move: Grassy Terrain\n|upkeep\n|inactive|Kiky14 has 90 seconds left.\n|\n|t:|1700310461\n|switch|p2b: Ogerpon|Ogerpon-Wellspring, F|100\/100\n|switch|p1b: Lilligant|Lilligant-Hisui, F|100\/100\n|turn|13\n|inactive|Kiky14 has 90 seconds left.\n|inactive|FoolGroucho has 120 seconds left.\n|\n|t:|1700310496\n|switch|p2a: Moltres|Moltres-Galar|100\/100\n|move|p1a: Sableye|Disable|p2a: Moltres\n|-hint|Since gen 7, Dark is immune to Prankster moves.\n|-immune|p2a: Moltres\n|move|p1b: Lilligant|Close Combat|p2b: Ogerpon\n|-damage|p2b: Ogerpon|60\/100\n|-unboost|p1b: Lilligant|def|1\n|-unboost|p1b: Lilligant|spd|1\n|move|p2b: Ogerpon|Ivy Cudgel|p1a: Sableye|[anim] Ivy Cudgel Water\n|-damage|p1a: Sableye|4\/100\n|\n|upkeep\n|turn|14\n|inactive|Kiky14 has 90 seconds left.\n|\n|t:|1700310528\n|switch|p1b: Ursaluna|Ursaluna-Bloodmoon, M|100\/100\n|move|p2b: Ogerpon|Spiky Shield|p2b: Ogerpon\n|-singleturn|p2b: Ogerpon|move: Protect\n|move|p1a: Sableye|Disable|p2b: Ogerpon\n|-activate|p2b: Ogerpon|move: Protect\n|move|p2a: Moltres|Fiery Wrath|p1a: Sableye|[spread] p1a,p1b\n|-damage|p1a: Sableye|0 fnt\n|-damage|p1b: Ursaluna|87\/100\n|faint|p1a: Sableye\n|\n|-sideend|p1: FoolGroucho|Reflect\n|upkeep\n|inactive|FoolGroucho has 120 seconds left.\n|\n|t:|1700310548\n|switch|p1a: Lilligant|Lilligant-Hisui, F|100\/100\n|turn|15\n|inactive|Kiky14 has 90 seconds left.\n|\n|t:|1700310587\n|switch|p1b: Torkoal|Torkoal, F|100\/100\n|-weather|SunnyDay|[from] ability: Drought|[of] p1b: Torkoal\n|move|p1a: Lilligant|Sleep Powder|p2a: Moltres\n|-status|p2a: Moltres|slp|[from] move: Sleep Powder\n|move|p2b: Ogerpon|Ivy Cudgel|p1b: Torkoal|[anim] Ivy Cudgel Water\n|-supereffective|p1b: Torkoal\n|-crit|p1b: Torkoal\n|-damage|p1b: Torkoal|46\/100\n|cant|p2a: Moltres|slp\n|\n|-weather|SunnyDay|[upkeep]\n|upkeep\n|turn|16\n|inactive|Kiky14 has 90 seconds left.\n|inactive|Kiky14 has 60 seconds left.\n|\n|t:|1700310635\n|move|p1a: Lilligant|Solar Blade||[still]\n|-prepare|p1a: Lilligant|Solar Blade\n|-anim|p1a: Lilligant|Solar Blade|p2b: Ogerpon\n|-damage|p2b: Ogerpon|19\/100\n|move|p2b: Ogerpon|Ivy Cudgel|p1b: Torkoal|[anim] Ivy Cudgel Water\n|-supereffective|p1b: Torkoal\n|-damage|p1b: Torkoal|10\/100\n|cant|p2a: Moltres|slp\n|move|p1b: Torkoal|Earth Power|p2a: Moltres\n|-immune|p2a: Moltres\n|\n|-weather|SunnyDay|[upkeep]\n|upkeep\n|turn|17\n|inactive|Kiky14 has 60 seconds left.\n|\n|t:|1700310661\n|move|p2b: Ogerpon|Spiky Shield|p2b: Ogerpon\n|-singleturn|p2b: Ogerpon|move: Protect\n|move|p1a: Lilligant|After You|p1b: Torkoal\n|-activate|p1b: Torkoal|move: After You\n|move|p1b: Torkoal|Heat Wave|p2b: Ogerpon|[spread] p2a\n|-activate|p2b: Ogerpon|move: Protect\n|-damage|p2a: Moltres|67\/100 slp\n|-curestatus|p2a: Moltres|slp|[msg]\n|move|p2a: Moltres|Fiery Wrath|p1b: Torkoal|[spread] p1a,p1b\n|-resisted|p1a: Lilligant\n|-damage|p1a: Lilligant|88\/100\n|-damage|p1b: Torkoal|0 fnt\n|faint|p1b: Torkoal\n|\n|-weather|SunnyDay|[upkeep]\n|-sideend|p2: Kiky14|Reflect\n|-sideend|p1: FoolGroucho|move: Light Screen\n|upkeep\n|-message|FoolGroucho forfeited.\n|\n|win|Kiky14\n|raw|FoolGroucho's rating: 1635 &rarr; <strong>1608<\/strong><br \/>(-27 for losing)\n|raw|Kiky14's rating: 1504 &rarr; <strong>1531<\/strong><br \/>(+27 for winning)\n|l|\u2606FoolGroucho\n","uploadtime":1700310741,"views":6,"p1id":"foolgroucho","p2id":"kiky14","formatid":"gen9doublesou","rating":1531,"private":0,"password":""}