{"id":"gen9doublesou-1988763467","p1":"daudo","p2":"MajorPeter","format":"[Gen 9] Doubles OU","log":"|j|\u2606daudo\n|j|\u2606MajorPeter\n|t:|1699760023\n|gametype|doubles\n|player|p1|daudo|red|1181\n|player|p2|MajorPeter|nessa|1289\n|teamsize|p1|6\n|teamsize|p2|6\n|gen|9\n|tier|[Gen 9] Doubles OU\n|rated|\n|rule|Species Clause: Limit one of each Pok\u00e9mon\n|rule|OHKO Clause: OHKO moves are banned\n|rule|Evasion Moves Clause: Evasion moves are banned\n|rule|Gravity Sleep Clause: The combination of sleep-inducing moves with imperfect accuracy and Gravity or Gigantamax Orbeetle are banned\n|rule|Endless Battle Clause: Forcing endless battles is banned\n|rule|HP Percentage Mod: HP is shown in percentages\n|clearpoke\n|poke|p1|Pelipper, M|\n|poke|p1|Floatzel, F|\n|poke|p1|Amoonguss, M|\n|poke|p1|Meowscarada, M|\n|poke|p1|Grimmsnarl, M|\n|poke|p1|Chien-Pao|\n|poke|p2|Masquerain, M|\n|poke|p2|Espeon, F|\n|poke|p2|Passimian, M|\n|poke|p2|Wigglytuff, M|\n|poke|p2|Gothitelle, F|\n|poke|p2|Kingambit, M|\n|teampreview\n|\n|t:|1699760031\n|start\n|switch|p1a: Pelipper|Pelipper, M|100\/100\n|switch|p1b: Floatzel|Floatzel, F, shiny|100\/100\n|switch|p2a: Masquerain|Masquerain, M|100\/100\n|switch|p2b: Espeon|Espeon, F|100\/100\n|-ability|p2a: Masquerain|Intimidate|boost\n|-unboost|p1a: Pelipper|atk|1\n|-unboost|p1b: Floatzel|atk|1\n|-weather|RainDance|[from] ability: Drizzle|[of] p1a: Pelipper\n|turn|1\n|\n|t:|1699760049\n|switch|p1b: Grimmsnarl|Grimmsnarl, M|100\/100\n|move|p2b: Espeon|Skill Swap|p1b: Grimmsnarl\n|-activate|p2b: Espeon|move: Skill Swap|Prankster|Magic Bounce|[of] p1b: Grimmsnarl\n|move|p2a: Masquerain|Sticky Web|p1b: Grimmsnarl\n|move|p1b: Grimmsnarl|Sticky Web|p2a: Masquerain|[from]ability: Magic Bounce\n|-sidestart|p2: MajorPeter|move: Sticky Web\n|move|p1a: Pelipper|Hurricane|p2a: Masquerain\n|-supereffective|p2a: Masquerain\n|-damage|p2a: Masquerain|17\/100\n|-start|p2a: Masquerain|confusion\n|\n|-weather|RainDance|[upkeep]\n|upkeep\n|turn|2\n|\n|t:|1699760074\n|move|p2b: Espeon|Light Screen|p2b: Espeon\n|-sidestart|p2: MajorPeter|move: Light Screen\n|move|p1a: Pelipper|Hurricane|p2b: Espeon\n|-damage|p2b: Espeon|76\/100\n|move|p1b: Grimmsnarl|Reflect|p1b: Grimmsnarl\n|-sidestart|p1: daudo|Reflect\n|-activate|p2a: Masquerain|confusion\n|move|p2a: Masquerain|Whirlwind|p1b: Grimmsnarl\n|move|p1b: Grimmsnarl|Whirlwind|p2a: Masquerain|[from]ability: Magic Bounce\n|drag|p2a: Gothitelle|Gothitelle, F|100\/100\n|-activate|p2a: Gothitelle|move: Sticky Web\n|-unboost|p2a: Gothitelle|spe|1\n|-ability|p2a: Gothitelle|Competitive|boost\n|-boost|p2a: Gothitelle|spa|2\n|\n|-weather|RainDance|[upkeep]\n|upkeep\n|turn|3\n|\n|t:|1699760102\n|switch|p2b: Wigglytuff|Wigglytuff, M|100\/100\n|-activate|p2b: Wigglytuff|move: Sticky Web\n|-unboost|p2b: Wigglytuff|spe|1\n|-ability|p2b: Wigglytuff|Competitive|boost\n|-boost|p2b: Wigglytuff|spa|2\n|move|p1a: Pelipper|U-turn|p2a: Gothitelle\n|-supereffective|p2a: Gothitelle\n|-damage|p2a: Gothitelle|89\/100\n|\n|t:|1699760109\n|switch|p1a: Amoonguss|Amoonguss, M, shiny|100\/100|[from] U-turn\n|move|p1b: Grimmsnarl|Light Screen|p1b: Grimmsnarl\n|-sidestart|p1: daudo|move: Light Screen\n|move|p2a: Gothitelle|Trick Room|p2a: Gothitelle\n|-fieldstart|move: Trick Room|[of] p2a: Gothitelle\n|\n|-weather|RainDance|[upkeep]\n|upkeep\n|turn|4\n|\n|t:|1699760125\n|move|p2b: Wigglytuff|Dazzling Gleam|p1b: Grimmsnarl|[spread] p1a,p1b\n|-resisted|p1a: Amoonguss\n|-supereffective|p1b: Grimmsnarl\n|-damage|p1a: Amoonguss|80\/100\n|-damage|p1b: Grimmsnarl|0 fnt\n|faint|p1b: Grimmsnarl\n|move|p1a: Amoonguss|Spore|p2a: Gothitelle\n|-status|p2a: Gothitelle|slp|[from] move: Spore\n|cant|p2a: Gothitelle|slp\n|\n|-weather|RainDance|[upkeep]\n|-heal|p1a: Amoonguss|86\/100|[from] item: Leftovers\n|upkeep\n|\n|t:|1699760149\n|switch|p1b: Pelipper|Pelipper, M|100\/100\n|turn|5\n|\n|t:|1699760165\n|switch|p2b: Espeon|Espeon, F|76\/100\n|-activate|p2b: Espeon|move: Sticky Web\n|-unboost|p2b: Espeon|spe|1\n|move|p1b: Pelipper|Wide Guard|p1b: Pelipper\n|-singleturn|p1b: Pelipper|Wide Guard\n|move|p1a: Amoonguss|Spore|p2b: Espeon\n|move|p2b: Espeon|Spore|p1a: Amoonguss|[from]ability: Magic Bounce\n|-immune|p1a: Amoonguss\n|-curestatus|p2a: Gothitelle|slp|[msg]\n|move|p2a: Gothitelle|Psychic|p1a: Amoonguss\n|-supereffective|p1a: Amoonguss\n|-damage|p1a: Amoonguss|0 fnt\n|faint|p1a: Amoonguss\n|\n|-weather|none\n|upkeep\n|\n|t:|1699760182\n|switch|p1a: Floatzel|Floatzel, F, shiny|100\/100\n|turn|6\n|\n|t:|1699760199\n|move|p1b: Pelipper|Helping Hand|p1a: Floatzel\n|-singleturn|p1a: Floatzel|Helping Hand|[of] p1b: Pelipper\n|move|p2b: Espeon|Protect|p2b: Espeon\n|-singleturn|p2b: Espeon|Protect\n|move|p1a: Floatzel|Aqua Jet|p2b: Espeon\n|-activate|p2b: Espeon|move: Protect\n|move|p2a: Gothitelle|Energy Ball|p1a: Floatzel\n|-supereffective|p1a: Floatzel\n|-damage|p1a: Floatzel|0 fnt\n|faint|p1a: Floatzel\n|\n|-sideend|p2: MajorPeter|move: Light Screen\n|upkeep\n|-message|daudo forfeited.\n|\n|win|MajorPeter\n|raw|daudo's rating: 1181 &rarr; <strong>1164<\/strong><br \/>(-17 for losing)\n|raw|MajorPeter's rating: 1289 &rarr; <strong>1306<\/strong><br \/>(+17 for winning)\n|l|\u2606daudo\n","uploadtime":1699760219,"views":9,"p1id":"daudo","p2id":"majorpeter","formatid":"gen9doublesou","rating":1164,"private":0,"password":""}