{"id":"gen9doublesou-2000326127","p1":"Drewberdude7","p2":"Kondroid","format":"[Gen 9] Doubles OU","log":"|j|\u2606Drewberdude7\n|j|\u2606Kondroid\n|t:|1701185183\n|gametype|doubles\n|player|p1|Drewberdude7|brycenman|1278\n|player|p2|Kondroid|hilbert-wonderlauncher|1332\n|teamsize|p1|6\n|teamsize|p2|6\n|gen|9\n|tier|[Gen 9] Doubles OU\n|rated|\n|rule|Species Clause: Limit one of each Pok\u00e9mon\n|rule|OHKO Clause: OHKO moves are banned\n|rule|Evasion Moves Clause: Evasion moves are banned\n|rule|Gravity Sleep Clause: The combination of sleep-inducing moves with imperfect accuracy and Gravity or Gigantamax Orbeetle are banned\n|rule|Endless Battle Clause: Forcing endless battles is banned\n|rule|HP Percentage Mod: HP is shown in percentages\n|clearpoke\n|poke|p1|Torkoal, M|\n|poke|p1|Blissey, F|\n|poke|p1|Farigiraf, M|\n|poke|p1|Sinistcha|\n|poke|p1|Diancie|\n|poke|p1|Kingambit, M|\n|poke|p2|Tyranitar, M|\n|poke|p2|Houndstone, M|\n|poke|p2|Goodra-Hisui, M|\n|poke|p2|Bombirdier, M|\n|poke|p2|Sandaconda, M|\n|poke|p2|Glimmora, F|\n|teampreview\n|inactive|Battle timer is ON: inactive players will automatically lose when time's up. (requested by Kondroid)\n|\n|t:|1701185195\n|start\n|switch|p1a: Farigiraf|Farigiraf, M|100\/100\n|switch|p1b: Torkoal|Torkoal, M, shiny|100\/100\n|switch|p2a: Tyranitar|Tyranitar, M|100\/100\n|switch|p2b: Sandaconda|Sandaconda, M|100\/100\n|-weather|Sandstorm|[from] ability: Sand Stream|[of] p2a: Tyranitar\n|-weather|SunnyDay|[from] ability: Drought|[of] p1b: Torkoal\n|turn|1\n|\n|t:|1701185213\n|move|p2b: Sandaconda|Coil|p2b: Sandaconda\n|-boost|p2b: Sandaconda|atk|1\n|-boost|p2b: Sandaconda|def|1\n|-boost|p2b: Sandaconda|accuracy|1\n|move|p2a: Tyranitar|Knock Off|p1a: Farigiraf\n|-supereffective|p1a: Farigiraf\n|-damage|p1a: Farigiraf|27\/100\n|-enditem|p1a: Farigiraf|Leftovers|[from] move: Knock Off|[of] p2a: Tyranitar\n|move|p1b: Torkoal|Eruption|p2a: Tyranitar|[spread] p2a,p2b\n|-resisted|p2a: Tyranitar\n|-damage|p2a: Tyranitar|80\/100\n|-damage|p2b: Sandaconda|28\/100\n|move|p1a: Farigiraf|Trick Room|p1a: Farigiraf\n|-fieldstart|move: Trick Room|[of] p1a: Farigiraf\n|\n|-weather|SunnyDay|[upkeep]\n|upkeep\n|turn|2\n|\n|t:|1701185242\n|switch|p2a: Bombirdier|Bombirdier, M|100\/100\n|move|p1b: Torkoal|Solar Beam||[still]\n|-prepare|p1b: Torkoal|Solar Beam\n|-anim|p1b: Torkoal|Solar Beam|p2a: Bombirdier\n|-resisted|p2a: Bombirdier\n|-damage|p2a: Bombirdier|84\/100\n|move|p1a: Farigiraf|Psychic|p2b: Sandaconda\n|-damage|p2b: Sandaconda|0 fnt\n|faint|p2b: Sandaconda\n|\n|-weather|SunnyDay|[upkeep]\n|upkeep\n|inactive|Kondroid has 120 seconds left.\n|\n|t:|1701185255\n|switch|p2b: Tyranitar|Tyranitar, M|80\/100\n|-weather|Sandstorm|[from] ability: Sand Stream|[of] p2b: Tyranitar\n|turn|3\n|\n|t:|1701185272\n|move|p1b: Torkoal|Eruption|p2b: Tyranitar|[spread] p2a,p2b\n|-resisted|p2b: Tyranitar\n|-damage|p2a: Bombirdier|35\/100\n|-damage|p2b: Tyranitar|70\/100\n|move|p1a: Farigiraf|Hyper Voice|p2b: Tyranitar|[spread] p2a,p2b\n|-resisted|p2b: Tyranitar\n|-damage|p2a: Bombirdier|3\/100\n|-damage|p2b: Tyranitar|62\/100\n|move|p2b: Tyranitar|Knock Off|p1a: Farigiraf\n|-supereffective|p1a: Farigiraf\n|-damage|p1a: Farigiraf|0 fnt\n|faint|p1a: Farigiraf\n|move|p2a: Bombirdier|Hone Claws|p2a: Bombirdier\n|-boost|p2a: Bombirdier|atk|1\n|-boost|p2a: Bombirdier|accuracy|1\n|\n|-weather|Sandstorm|[upkeep]\n|-damage|p1b: Torkoal|94\/100|[from] Sandstorm\n|-damage|p2a: Bombirdier|0 fnt|[from] Sandstorm\n|faint|p2a: Bombirdier\n|-heal|p1b: Torkoal|100\/100|[from] item: Leftovers\n|upkeep\n|\n|t:|1701185300\n|switch|p1a: Kingambit|Kingambit, M|100\/100\n|switch|p2a: Goodra|Goodra-Hisui, M|100\/100\n|-activate|p1a: Kingambit|ability: Supreme Overlord\n|-start|p1a: Kingambit|fallen1|[silent]\n|turn|4\n|\n|t:|1701185319\n|move|p2b: Tyranitar|Protect|p2b: Tyranitar\n|-singleturn|p2b: Tyranitar|Protect\n|move|p1b: Torkoal|Eruption|p2b: Tyranitar|[spread] p2a\n|-activate|p2b: Tyranitar|move: Protect\n|-damage|p2a: Goodra|84\/100\n|move|p1a: Kingambit|Brick Break|p2b: Tyranitar\n|-activate|p2b: Tyranitar|move: Protect\n|move|p2a: Goodra|Flamethrower|p1a: Kingambit\n|-supereffective|p1a: Kingambit\n|-damage|p1a: Kingambit|38\/100\n|\n|-weather|Sandstorm|[upkeep]\n|-damage|p1b: Torkoal|94\/100|[from] Sandstorm\n|-heal|p1b: Torkoal|100\/100|[from] item: Leftovers\n|-heal|p1a: Kingambit|44\/100|[from] item: Leftovers\n|upkeep\n|turn|5\n|\n|t:|1701185345\n|move|p1b: Torkoal|Eruption|p2b: Tyranitar|[spread] p2a,p2b\n|-resisted|p2b: Tyranitar\n|-damage|p2a: Goodra|70\/100\n|-damage|p2b: Tyranitar|54\/100\n|move|p1a: Kingambit|Brick Break|p2b: Tyranitar\n|-supereffective|p2b: Tyranitar\n|-damage|p2b: Tyranitar|0 fnt\n|faint|p2b: Tyranitar\n|move|p2a: Goodra|Flamethrower|p1a: Kingambit\n|-supereffective|p1a: Kingambit\n|-damage|p1a: Kingambit|0 fnt\n|faint|p1a: Kingambit\n|-end|p1a: Kingambit|fallen1|[silent]\n|\n|-weather|Sandstorm|[upkeep]\n|-damage|p1b: Torkoal|94\/100|[from] Sandstorm\n|-heal|p1b: Torkoal|100\/100|[from] item: Leftovers\n|-fieldend|move: Trick Room\n|upkeep\n|inactive|Drewberdude7 has 120 seconds left.\n|\n|t:|1701185377\n|switch|p2b: Glimmora|Glimmora, F|100\/100\n|switch|p1a: Blissey|Blissey, F|100\/100\n|turn|6\n|\n|t:|1701185392\n|move|p2b: Glimmora|Mortal Spin|p1a: Blissey|[spread] p1a,p1b\n|-crit|p1a: Blissey\n|-damage|p1a: Blissey|85\/100\n|-damage|p1b: Torkoal|97\/100\n|-status|p1a: Blissey|psn\n|-status|p1b: Torkoal|psn\n|move|p2a: Goodra|Chilling Water|p1b: Torkoal\n|-supereffective|p1b: Torkoal\n|-damage|p1b: Torkoal|68\/100 psn\n|-unboost|p1b: Torkoal|atk|1\n|move|p1a: Blissey|Heal Pulse|p1b: Torkoal\n|-heal|p1b: Torkoal|100\/100 psn\n|move|p1b: Torkoal|Eruption|p2b: Glimmora|[spread] p2a,p2b\n|-resisted|p2b: Glimmora\n|-damage|p2a: Goodra|55\/100\n|-damage|p2b: Glimmora|85\/100\n|\n|-weather|Sandstorm|[upkeep]\n|-damage|p1a: Blissey|78\/100 psn|[from] Sandstorm\n|-damage|p1b: Torkoal|94\/100 psn|[from] Sandstorm\n|-heal|p2b: Glimmora|91\/100|[from] item: Leftovers\n|-heal|p1a: Blissey|85\/100 psn|[from] item: Leftovers\n|-heal|p1b: Torkoal|100\/100 psn|[from] item: Leftovers\n|-damage|p1a: Blissey|72\/100 psn|[from] psn\n|-damage|p1b: Torkoal|88\/100 psn|[from] psn\n|upkeep\n|turn|7\n|inactive|Drewberdude7 has 120 seconds left.\n|\n|t:|1701185423\n|move|p2b: Glimmora|Power Gem|p1b: Torkoal\n|-supereffective|p1b: Torkoal\n|-damage|p1b: Torkoal|11\/100 psn\n|move|p2a: Goodra|Chilling Water|p1b: Torkoal\n|-supereffective|p1b: Torkoal\n|-damage|p1b: Torkoal|0 fnt\n|faint|p1b: Torkoal\n|move|p1a: Blissey|Seismic Toss|p2a: Goodra\n|-damage|p2a: Goodra|28\/100\n|\n|-weather|Sandstorm|[upkeep]\n|-damage|p1a: Blissey|66\/100 psn|[from] Sandstorm\n|-heal|p2b: Glimmora|97\/100|[from] item: Leftovers\n|-heal|p1a: Blissey|72\/100 psn|[from] item: Leftovers\n|-damage|p1a: Blissey|60\/100 psn|[from] psn\n|upkeep\n|inactive|Drewberdude7 has 120 seconds left.\n|\n|t:|1701185438\n|switch|p1b: Sinistcha|Sinistcha|100\/100\n|-heal|p1a: Blissey|85\/100 psn|[from] ability: Hospitality|[of] p1b: Sinistcha\n|turn|8\n|inactive|Drewberdude7 has 120 seconds left.\n|\n|t:|1701185453\n|move|p2b: Glimmora|Mortal Spin|p1b: Sinistcha|[spread] p1a,p1b\n|-damage|p1a: Blissey|75\/100 psn\n|-damage|p1b: Sinistcha|97\/100\n|-status|p1b: Sinistcha|psn\n|move|p1b: Sinistcha|Shadow Ball|p2b: Glimmora\n|-damage|p2b: Glimmora|62\/100\n|-unboost|p2b: Glimmora|spd|1\n|move|p2a: Goodra|Flamethrower|p1b: Sinistcha\n|-supereffective|p1b: Sinistcha\n|-damage|p1b: Sinistcha|30\/100 psn\n|move|p1a: Blissey|Heal Pulse|p1b: Sinistcha\n|-heal|p1b: Sinistcha|80\/100 psn\n|\n|-weather|Sandstorm|[upkeep]\n|-damage|p1b: Sinistcha|74\/100 psn|[from] Sandstorm\n|-damage|p1a: Blissey|69\/100 psn|[from] Sandstorm\n|-heal|p2b: Glimmora|69\/100|[from] item: Leftovers\n|-heal|p1a: Blissey|75\/100 psn|[from] item: Leftovers\n|-damage|p1b: Sinistcha|61\/100 psn|[from] psn\n|-damage|p1a: Blissey|63\/100 psn|[from] psn\n|upkeep\n|turn|9\n|\n|t:|1701185477\n|move|p2b: Glimmora|Dazzling Gleam|p1b: Sinistcha|[spread] p1a,p1b\n|-damage|p1a: Blissey|56\/100 psn\n|-damage|p1b: Sinistcha|35\/100 psn\n|move|p1b: Sinistcha|Shadow Ball|p2a: Goodra\n|-damage|p2a: Goodra|13\/100\n|move|p2a: Goodra|Flamethrower|p1b: Sinistcha\n|-supereffective|p1b: Sinistcha\n|-damage|p1b: Sinistcha|0 fnt\n|faint|p1b: Sinistcha\n|move|p1a: Blissey|Heal Pulse|p1: Sinistcha|[notarget]\n|-fail|p1a: Blissey\n|\n|-weather|Sandstorm|[upkeep]\n|-damage|p1a: Blissey|49\/100 psn|[from] Sandstorm\n|-heal|p2b: Glimmora|75\/100|[from] item: Leftovers\n|-heal|p1a: Blissey|56\/100 psn|[from] item: Leftovers\n|-damage|p1a: Blissey|43\/100 psn|[from] psn\n|upkeep\n|inactive|Drewberdude7 has 120 seconds left.\n|\n|t:|1701185493\n|switch|p1b: Diancie|Diancie, shiny|100\/100\n|turn|10\n|\n|t:|1701185511\n|move|p2b: Glimmora|Earth Power|p1b: Diancie\n|-supereffective|p1b: Diancie\n|-crit|p1b: Diancie\n|-damage|p1b: Diancie|50\/100\n|move|p2a: Goodra|Sludge Bomb|p1b: Diancie\n|-damage|p1b: Diancie|34\/100\n|move|p1a: Blissey|Heal Pulse|p1b: Diancie\n|-heal|p1b: Diancie|85\/100\n|move|p1b: Diancie|Play Rough|p2a: Goodra\n|-damage|p2a: Goodra|0 fnt\n|faint|p2a: Goodra\n|\n|-weather|none\n|-heal|p2b: Glimmora|81\/100|[from] item: Leftovers\n|-heal|p1a: Blissey|49\/100 psn|[from] item: Leftovers\n|-damage|p1a: Blissey|37\/100 psn|[from] psn\n|upkeep\n|\n|t:|1701185521\n|switch|p2a: Houndstone|Houndstone, M|100\/100\n|turn|11\n|\n|t:|1701185543\n|-terastallize|p2a: Houndstone|Fairy\n|move|p2b: Glimmora|Mortal Spin|p1b: Diancie|[spread] p1a,p1b\n|-damage|p1a: Blissey|28\/100 psn\n|-damage|p1b: Diancie|80\/100\n|-status|p1b: Diancie|psn\n|-damage|p2b: Glimmora|64\/100|[from] item: Rocky Helmet|[of] p1b: Diancie\n|move|p2a: Houndstone|Last Respects|p1b: Diancie\n|-damage|p1b: Diancie|0 fnt\n|faint|p1b: Diancie\n|move|p1a: Blissey|Heal Pulse|p1: Diancie|[notarget]\n|-fail|p1a: Blissey\n|\n|-heal|p2b: Glimmora|71\/100|[from] item: Leftovers\n|-heal|p1a: Blissey|34\/100 psn|[from] item: Leftovers\n|-damage|p1a: Blissey|21\/100 psn|[from] psn\n|upkeep\n|turn|12\n|\n|t:|1701185564\n|move|p2b: Glimmora|Power Gem|p1a: Blissey\n|-damage|p1a: Blissey|6\/100 psn\n|move|p2a: Houndstone|Last Respects|p1a: Blissey\n|-immune|p1a: Blissey\n|move|p1a: Blissey|Seismic Toss|p2b: Glimmora\n|-damage|p2b: Glimmora|38\/100\n|-activate|p2b: Glimmora|ability: Toxic Debris\n|-sidestart|p1: Drewberdude7|move: Toxic Spikes\n|\n|-heal|p2b: Glimmora|44\/100|[from] item: Leftovers\n|-heal|p1a: Blissey|12\/100 psn|[from] item: Leftovers\n|-damage|p1a: Blissey|0 fnt|[from] psn\n|faint|p1a: Blissey\n|\n|win|Kondroid\n|upkeep\n|raw|Drewberdude7's rating: 1278 &rarr; <strong>1257<\/strong><br \/>(-21 for losing)\n|raw|Kondroid's rating: 1332 &rarr; <strong>1349<\/strong><br \/>(+17 for winning)\n","uploadtime":1701185586,"views":5,"p1id":"drewberdude7","p2id":"kondroid","formatid":"gen9doublesou","rating":1257,"private":0,"password":""}