{"id":"gen9doublesou-1994369924","p1":"ShadedNoir","p2":"Pegasus1027","format":"[Gen 9] Doubles OU","log":"|j|\u2606ShadedNoir\n|j|\u2606Pegasus1027\n|t:|1700436136\n|gametype|doubles\n|player|p1|ShadedNoir|olympia|1296\n|player|p2|Pegasus1027|170|1414\n|teamsize|p1|6\n|teamsize|p2|6\n|gen|9\n|tier|[Gen 9] Doubles OU\n|rated|\n|rule|Species Clause: Limit one of each Pok\u00e9mon\n|rule|OHKO Clause: OHKO moves are banned\n|rule|Evasion Moves Clause: Evasion moves are banned\n|rule|Gravity Sleep Clause: The combination of sleep-inducing moves with imperfect accuracy and Gravity or Gigantamax Orbeetle are banned\n|rule|Endless Battle Clause: Forcing endless battles is banned\n|rule|HP Percentage Mod: HP is shown in percentages\n|clearpoke\n|poke|p1|Palafin, M|\n|poke|p1|Wo-Chien|\n|poke|p1|Gholdengo|\n|poke|p1|Chien-Pao|\n|poke|p1|Iron Bundle|\n|poke|p1|Iron Moth|\n|poke|p2|Sinistcha|\n|poke|p2|Ursaluna-Bloodmoon, M|\n|poke|p2|Slowbro-Galar, F|\n|poke|p2|Cresselia, F|\n|poke|p2|Landorus-Therian, M|\n|poke|p2|Diancie|\n|teampreview\n|inactive|Battle timer is ON: inactive players will automatically lose when time's up. (requested by Pegasus1027)\n|inactive|ShadedNoir has 120 seconds left.\n|inactive|ShadedNoir has 90 seconds left.\n|inactive|ShadedNoir has 60 seconds left.\n|\n|t:|1700436235\n|start\n|switch|p1a: Chien-Pao|Chien-Pao|100\/100\n|switch|p1b: Iron Bundle|Iron Bundle|100\/100\n|switch|p2a: Landorus|Landorus-Therian, M|100\/100\n|switch|p2b: Cresselia|Cresselia, F|100\/100\n|-ability|p1a: Chien-Pao|Sword of Ruin\n|-ability|p2a: Landorus|Intimidate|boost\n|-unboost|p1a: Chien-Pao|atk|1\n|-unboost|p1b: Iron Bundle|atk|1\n|-enditem|p1b: Iron Bundle|Booster Energy\n|-activate|p1b: Iron Bundle|ability: Quark Drive|[fromitem]\n|-start|p1b: Iron Bundle|quarkdrivespe\n|turn|1\n|\n|t:|1700436255\n|-terastallize|p1a: Chien-Pao|Dark\n|move|p2a: Landorus|Protect|p2a: Landorus\n|-singleturn|p2a: Landorus|Protect\n|move|p1b: Iron Bundle|Freeze-Dry|p2a: Landorus\n|-activate|p2a: Landorus|move: Protect\n|move|p1a: Chien-Pao|Crunch|p2b: Cresselia\n|-supereffective|p2b: Cresselia\n|-damage|p2b: Cresselia|0 fnt\n|faint|p2b: Cresselia\n|\n|upkeep\n|\n|t:|1700436269\n|switch|p2b: Diancie|Diancie|100\/100\n|turn|2\n|\n|t:|1700436287\n|switch|p2a: Slowbro|Slowbro-Galar, F|100\/100\n|move|p1b: Iron Bundle|Hydro Pump|p2b: Diancie\n|-supereffective|p2b: Diancie\n|-damage|p2b: Diancie|22\/100\n|move|p1a: Chien-Pao|Crunch|p2b: Diancie\n|-resisted|p2b: Diancie\n|-damage|p2b: Diancie|0 fnt\n|faint|p2b: Diancie\n|\n|upkeep\n|\n|t:|1700436299\n|switch|p2b: Landorus|Landorus-Therian, M|100\/100\n|-ability|p2b: Landorus|Intimidate|boost\n|-unboost|p1a: Chien-Pao|atk|1\n|-unboost|p1b: Iron Bundle|atk|1\n|turn|3\n|\n|t:|1700436316\n|move|p2b: Landorus|Protect|p2b: Landorus\n|-singleturn|p2b: Landorus|Protect\n|move|p1b: Iron Bundle|Freeze-Dry|p2a: Slowbro\n|-damage|p2a: Slowbro|60\/100\n|move|p1a: Chien-Pao|Crunch|p2a: Slowbro\n|-supereffective|p2a: Slowbro\n|-damage|p2a: Slowbro|0 fnt\n|faint|p2a: Slowbro\n|\n|upkeep\n|\n|t:|1700436330\n|switch|p2a: Sinistcha|Sinistcha|100\/100\n|turn|4\n|\n|t:|1700436338\n|switch|p1a: Wo-Chien|Wo-Chien|100\/100\n|-ability|p1a: Wo-Chien|Tablets of Ruin\n|-terastallize|p2a: Sinistcha|Fire\n|move|p1b: Iron Bundle|Freeze-Dry|p2b: Landorus\n|-supereffective|p2b: Landorus\n|-damage|p2b: Landorus|0 fnt\n|faint|p2b: Landorus\n|move|p2a: Sinistcha|Matcha Gotcha|p1b: Iron Bundle|[spread] p1a,p1b\n|-resisted|p1a: Wo-Chien\n|-supereffective|p1b: Iron Bundle\n|-damage|p1a: Wo-Chien|95\/100\n|-damage|p1b: Iron Bundle|1\/100\n|-status|p1a: Wo-Chien|brn\n|-status|p1b: Iron Bundle|brn\n|\n|-heal|p1a: Wo-Chien|100\/100 brn|[from] item: Leftovers\n|-damage|p1b: Iron Bundle|0 fnt|[from] brn\n|faint|p1b: Iron Bundle\n|-end|p1b: Iron Bundle|Quark Drive|[silent]\n|-damage|p1a: Wo-Chien|94\/100 brn|[from] brn\n|upkeep\n|\n|t:|1700436359\n|switch|p1b: Palafin|Palafin, M|100\/100\n|switch|p2b: Ursaluna|Ursaluna-Bloodmoon, M|100\/100\n|turn|5\n|\n|t:|1700436372\n|detailschange|p1b: Palafin|Palafin-Hero, M\n|switch|p1b: Gholdengo|Gholdengo|100\/100\n|move|p2a: Sinistcha|Matcha Gotcha|p1a: Wo-Chien|[spread] p1a,p1b\n|-resisted|p1a: Wo-Chien\n|-resisted|p1b: Gholdengo\n|-damage|p1a: Wo-Chien|87\/100 brn\n|-damage|p1b: Gholdengo|88\/100\n|cant|p1a: Wo-Chien|flinch\n|move|p2b: Ursaluna|Hyper Voice|p1a: Wo-Chien|[spread] p1a,p1b\n|-resisted|p1b: Gholdengo\n|-damage|p1a: Wo-Chien|66\/100 brn\n|-damage|p1b: Gholdengo|70\/100\n|-enditem|p2b: Ursaluna|Throat Spray\n|-boost|p2b: Ursaluna|spa|1|[from] item: Throat Spray\n|\n|-heal|p1b: Gholdengo|76\/100|[from] item: Leftovers\n|-heal|p1a: Wo-Chien|72\/100 brn|[from] item: Leftovers\n|-damage|p1a: Wo-Chien|66\/100 brn|[from] brn\n|upkeep\n|turn|6\n|\n|t:|1700436392\n|move|p2b: Ursaluna|Protect|p2b: Ursaluna\n|-singleturn|p2b: Ursaluna|Protect\n|move|p1b: Gholdengo|Thunderbolt|p2a: Sinistcha\n|-damage|p2a: Sinistcha|71\/100\n|move|p1a: Wo-Chien|Knock Off|p2a: Sinistcha\n|-damage|p2a: Sinistcha|57\/100\n|-enditem|p2a: Sinistcha|King's Rock|[from] move: Knock Off|[of] p1a: Wo-Chien\n|move|p2a: Sinistcha|Trick Room|p2a: Sinistcha\n|-fieldstart|move: Trick Room|[of] p2a: Sinistcha\n|\n|-heal|p1a: Wo-Chien|72\/100 brn|[from] item: Leftovers\n|-heal|p1b: Gholdengo|82\/100|[from] item: Leftovers\n|-damage|p1a: Wo-Chien|66\/100 brn|[from] brn\n|upkeep\n|turn|7\n|\n|t:|1700436414\n|move|p2b: Ursaluna|Earth Power|p1b: Gholdengo\n|-supereffective|p1b: Gholdengo\n|-damage|p1b: Gholdengo|0 fnt\n|faint|p1b: Gholdengo\n|move|p1a: Wo-Chien|Substitute|p1a: Wo-Chien\n|-start|p1a: Wo-Chien|Substitute\n|-damage|p1a: Wo-Chien|41\/100 brn\n|move|p2a: Sinistcha|Matcha Gotcha|p1a: Wo-Chien\n|-resisted|p1a: Wo-Chien\n|-activate|p1a: Wo-Chien|move: Substitute|[damage]\n|-heal|p2a: Sinistcha|62\/100|[from] drain|[of] p1a: Wo-Chien\n|\n|-heal|p1a: Wo-Chien|47\/100 brn|[from] item: Leftovers\n|-damage|p1a: Wo-Chien|41\/100 brn|[from] brn\n|upkeep\n|\n|t:|1700436423\n|switch|p1b: Palafin|Palafin-Hero, M|100\/100\n|-activate|p1b: Palafin|ability: Zero to Hero\n|turn|8\n|\n|t:|1700436442\n|switch|p1b: Iron Moth|Iron Moth|100\/100\n|-enditem|p1b: Iron Moth|Booster Energy\n|-activate|p1b: Iron Moth|ability: Quark Drive|[fromitem]\n|-start|p1b: Iron Moth|quarkdrivespa\n|move|p2a: Sinistcha|Rage Powder|p2a: Sinistcha\n|-singleturn|p2a: Sinistcha|move: Rage Powder\n|move|p2b: Ursaluna|Hyper Voice|p1a: Wo-Chien|[spread] p1a,p1b\n|-damage|p1a: Wo-Chien|7\/100 brn\n|-damage|p1b: Iron Moth|38\/100\n|move|p1a: Wo-Chien|Giga Drain|p2b: Ursaluna\n|-supereffective|p2b: Ursaluna\n|-damage|p2b: Ursaluna|45\/100\n|-heal|p1a: Wo-Chien|39\/100 brn|[from] drain|[of] p2b: Ursaluna\n|\n|-heal|p1a: Wo-Chien|45\/100 brn|[from] item: Leftovers\n|-damage|p1a: Wo-Chien|39\/100 brn|[from] brn\n|upkeep\n|turn|9\n|inactive|Pegasus1027 has 120 seconds left.\n|\n|t:|1700436473\n|move|p2b: Ursaluna|Hyper Voice|p1a: Wo-Chien|[spread] p1a,p1b\n|-crit|p1b: Iron Moth\n|-damage|p1a: Wo-Chien|9\/100 brn\n|-damage|p1b: Iron Moth|0 fnt\n|faint|p1b: Iron Moth\n|-end|p1b: Iron Moth|Quark Drive|[silent]\n|move|p1a: Wo-Chien|Giga Drain|p2b: Ursaluna\n|-supereffective|p2b: Ursaluna\n|-damage|p2b: Ursaluna|0 fnt\n|-heal|p1a: Wo-Chien|34\/100 brn|[from] drain|[of] p2b: Ursaluna\n|faint|p2b: Ursaluna\n|move|p2a: Sinistcha|Matcha Gotcha|p1a: Wo-Chien\n|-resisted|p1a: Wo-Chien\n|-activate|p1a: Wo-Chien|move: Substitute|[damage]\n|-heal|p2a: Sinistcha|67\/100|[from] drain|[of] p1a: Wo-Chien\n|\n|-heal|p1a: Wo-Chien|40\/100 brn|[from] item: Leftovers\n|-damage|p1a: Wo-Chien|34\/100 brn|[from] brn\n|upkeep\n|\n|t:|1700436480\n|switch|p1b: Palafin|Palafin-Hero, M|100\/100\n|turn|10\n|c|\u2606ShadedNoir|gg\n|\n|t:|1700436495\n|move|p1b: Palafin|Jet Punch|p2a: Sinistcha\n|-supereffective|p2a: Sinistcha\n|-damage|p2a: Sinistcha|0 fnt\n|faint|p2a: Sinistcha\n|\n|win|ShadedNoir\n|raw|ShadedNoir's rating: 1296 &rarr; <strong>1329<\/strong><br \/>(+33 for winning)\n|raw|Pegasus1027's rating: 1414 &rarr; <strong>1387<\/strong><br \/>(-27 for losing)\n","uploadtime":1700436499,"views":3,"p1id":"shadednoir","p2id":"pegasus1027","formatid":"gen9doublesou","rating":1329,"private":0,"password":""}