{"id":"gen9doublesou-1971285531","p1":"bean mush","p2":"Omega6002","format":"[Gen 9] Doubles OU","log":"|j|\u2606bean mush\n|j|\u2606Omega6002\n|inactive|Battle timer is ON: inactive players will automatically lose when time's up.\n|t:|1697726555\n|gametype|doubles\n|player|p1|bean mush|tyme|\n|player|p2|Omega6002|red-masters|\n|teamsize|p1|6\n|teamsize|p2|6\n|gen|9\n|tier|[Gen 9] Doubles OU\n|rated|Tournament battle\n|rule|Species Clause: Limit one of each Pok\u00e9mon\n|rule|OHKO Clause: OHKO moves are banned\n|rule|Evasion Moves Clause: Evasion moves are banned\n|rule|Gravity Sleep Clause: The combination of sleep-inducing moves with imperfect accuracy and Gravity or Gigantamax Orbeetle are banned\n|rule|Endless Battle Clause: Forcing endless battles is banned\n|rule|HP Percentage Mod: HP is shown in percentages\n|clearpoke\n|poke|p1|Tornadus, M|\n|poke|p1|Iron Hands|\n|poke|p1|Rillaboom, F|\n|poke|p1|Flutter Mane|\n|poke|p1|Ogerpon-Hearthflame, F|\n|poke|p1|Heatran, M|\n|poke|p2|Basculegion, M|\n|poke|p2|Medicham, F|\n|poke|p2|Chi-Yu|\n|poke|p2|Dragonite, M|\n|poke|p2|Coalossal, M|\n|poke|p2|Gholdengo|\n|teampreview\n|j|*Lady Monita \u263d\n|inactive|Omega6002 has 120 seconds left.\n|inactive|bean mush has 120 seconds left.\n|c|\u2606Omega6002|glhf\n|c|\u2606bean mush|hf\n|\n|t:|1697726594\n|start\n|switch|p1a: Tornadus|Tornadus, M|100\/100\n|switch|p1b: Ogerpon|Ogerpon-Hearthflame, F|100\/100\n|switch|p2a: Coalossal|Coalossal, M, shiny|100\/100\n|switch|p2b: Dragonite|Dragonite, M|100\/100\n|-ability|p1b: Ogerpon|Mold Breaker\n|turn|1\n|inactive|Omega6002 has 120 seconds left.\n|\n|t:|1697726638\n|move|p1a: Tornadus|Sunny Day|p1a: Tornadus\n|-weather|SunnyDay\n|move|p1b: Ogerpon|Ivy Cudgel|p2b: Dragonite\n|-resisted|p2b: Dragonite\n|-damage|p2b: Dragonite|49\/100\n|move|p2b: Dragonite|Chilling Water|p2a: Coalossal\n|-supereffective|p2a: Coalossal\n|-damage|p2a: Coalossal|81\/100\n|-unboost|p2a: Coalossal|atk|1\n|-ability|p2a: Coalossal|Steam Engine|boost\n|-boost|p2a: Coalossal|spe|6\n|-enditem|p2a: Coalossal|Weakness Policy\n|-boost|p2a: Coalossal|atk|2|[from] item: Weakness Policy\n|-boost|p2a: Coalossal|spa|2|[from] item: Weakness Policy\n|move|p2a: Coalossal|Stealth Rock|p1a: Tornadus\n|-sidestart|p1: bean mush|move: Stealth Rock\n|\n|-weather|SunnyDay|[upkeep]\n|-heal|p2b: Dragonite|56\/100|[from] item: Leftovers\n|upkeep\n|turn|2\n|inactive|bean mush has 120 seconds left.\n|inactive|bean mush has 90 seconds left.\n|\n|t:|1697726727\n|switch|p1b: Heatran|Heatran, M|100\/100\n|-damage|p1b: Heatran|88\/100|[from] Stealth Rock\n|move|p1a: Tornadus|Tailwind|p1a: Tornadus\n|-sidestart|p1: bean mush|move: Tailwind\n|move|p2a: Coalossal|Power Gem|p1b: Heatran\n|-damage|p1b: Heatran|56\/100\n|move|p2b: Dragonite|Outrage|p1a: Tornadus\n|-damage|p1a: Tornadus|34\/100\n|\n|-weather|SunnyDay|[upkeep]\n|-heal|p2b: Dragonite|62\/100|[from] item: Leftovers\n|upkeep\n|turn|3\n|\n|t:|1697726753\n|switch|p1a: Rillaboom|Rillaboom, F|100\/100\n|-damage|p1a: Rillaboom|88\/100|[from] Stealth Rock\n|-fieldstart|move: Grassy Terrain|[from] ability: Grassy Surge|[of] p1a: Rillaboom\n|move|p2a: Coalossal|Earth Power|p1b: Heatran\n|-supereffective|p1b: Heatran\n|-damage|p1b: Heatran|0 fnt\n|faint|p1b: Heatran\n|move|p2b: Dragonite|Outrage|p1a: Rillaboom|[from]lockedmove\n|-damage|p1a: Rillaboom|25\/100\n|-start|p2b: Dragonite|confusion|[fatigue]\n|\n|-weather|SunnyDay|[upkeep]\n|-heal|p2a: Coalossal|87\/100|[from] Grassy Terrain\n|-heal|p1a: Rillaboom|31\/100|[from] Grassy Terrain\n|-heal|p2b: Dragonite|68\/100|[from] item: Leftovers\n|upkeep\n|inactive|bean mush has 60 seconds left.\n|\n|t:|1697726763\n|switch|p1b: Flutter Mane|Flutter Mane|100\/100\n|-damage|p1b: Flutter Mane|88\/100|[from] Stealth Rock\n|-activate|p1b: Flutter Mane|ability: Protosynthesis\n|-start|p1b: Flutter Mane|protosynthesisspa\n|turn|4\n|inactive|Omega6002 has 120 seconds left.\n|inactive|Omega6002 has 90 seconds left.\n|inactive|bean mush has 60 seconds left.\n|\n|t:|1697726842\n|move|p1a: Rillaboom|Grassy Glide|p2a: Coalossal\n|-damage|p2a: Coalossal|57\/100\n|move|p1b: Flutter Mane|Shadow Ball|p2a: Coalossal\n|-damage|p2a: Coalossal|0 fnt\n|faint|p2a: Coalossal\n|-activate|p2b: Dragonite|confusion\n|move|p2b: Dragonite|Outrage|p1a: Rillaboom\n|-damage|p1a: Rillaboom|0 fnt\n|faint|p1a: Rillaboom\n|\n|-weather|SunnyDay|[upkeep]\n|-heal|p1b: Flutter Mane|94\/100|[from] Grassy Terrain\n|-heal|p2b: Dragonite|74\/100|[from] item: Leftovers\n|upkeep\n|inactive|Omega6002 has 90 seconds left.\n|\n|t:|1697726858\n|switch|p1a: Ogerpon|Ogerpon-Hearthflame, F|100\/100\n|switch|p2a: Chi-Yu|Chi-Yu|100\/100\n|-damage|p1a: Ogerpon|76\/100|[from] Stealth Rock\n|-ability|p1a: Ogerpon|Mold Breaker\n|-ability|p2a: Chi-Yu|Beads of Ruin\n|turn|5\n|inactive|bean mush has 90 seconds left.\n|inactive|bean mush has 60 seconds left.\n|\n|t:|1697726913\n|-terastallize|p1a: Ogerpon|Fire\n|detailschange|p1a: Ogerpon|Ogerpon-Hearthflame-Tera, F, tera:Fire\n|-ability|p1a: Ogerpon|Embody Aspect (Hearthflame)|boost\n|-boost|p1a: Ogerpon|atk|1\n|move|p1b: Flutter Mane|Shadow Ball|p2b: Dragonite\n|-damage|p2b: Dragonite|0 fnt\n|faint|p2b: Dragonite\n|move|p1a: Ogerpon|Ivy Cudgel|p2a: Chi-Yu\n|-resisted|p2a: Chi-Yu\n|-damage|p2a: Chi-Yu|0 fnt\n|faint|p2a: Chi-Yu\n|\n|-weather|none\n|-end|p1b: Flutter Mane|Protosynthesis\n|-heal|p1b: Flutter Mane|100\/100|[from] Grassy Terrain\n|-heal|p1a: Ogerpon|82\/100|[from] Grassy Terrain\n|-sideend|p1: bean mush|move: Tailwind\n|upkeep\n|inactive|Omega6002 has 90 seconds left.\n|\n|t:|1697726933\n|switch|p2a: Gholdengo|Gholdengo|100\/100\n|switch|p2b: Medicham|Medicham, F, shiny|100\/100\n|turn|6\n|\n|t:|1697726942\n|-end|p1b: Flutter Mane|Protosynthesis|[silent]\n|switch|p1b: Iron Hands|Iron Hands|100\/100\n|-damage|p1b: Iron Hands|94\/100|[from] Stealth Rock\n|move|p1a: Ogerpon|Spiky Shield|p1a: Ogerpon\n|-singleturn|p1a: Ogerpon|move: Protect\n|move|p2b: Medicham|Fake Out|p1a: Ogerpon\n|-activate|p1a: Ogerpon|move: Protect\n|-damage|p2b: Medicham|88\/100|[from] Spiky Shield|[of] p1a: Ogerpon\n|move|p2a: Gholdengo|Make It Rain|p1a: Ogerpon|[spread] p1b\n|-activate|p1a: Ogerpon|move: Protect\n|-resisted|p1b: Iron Hands\n|-damage|p1b: Iron Hands|67\/100\n|-unboost|p2a: Gholdengo|spa|1\n|\n|-heal|p1a: Ogerpon|88\/100|[from] Grassy Terrain\n|-heal|p2b: Medicham|94\/100|[from] Grassy Terrain\n|-heal|p1b: Iron Hands|73\/100|[from] Grassy Terrain\n|upkeep\n|turn|7\n|inactive|bean mush has 90 seconds left.\n|inactive|Omega6002 has 120 seconds left.\n|\n|t:|1697726959\n|switch|p2a: Basculegion|Basculegion, M|100\/100\n|move|p2b: Medicham|Protect|p2b: Medicham\n|-singleturn|p2b: Medicham|Protect\n|move|p1a: Ogerpon|Ivy Cudgel|p2b: Medicham\n|-activate|p2b: Medicham|move: Protect\n|move|p1b: Iron Hands|Fire Punch|p2a: Basculegion\n|-resisted|p2a: Basculegion\n|-damage|p2a: Basculegion|85\/100\n|\n|-heal|p1a: Ogerpon|94\/100|[from] Grassy Terrain\n|-heal|p2b: Medicham|100\/100|[from] Grassy Terrain\n|-heal|p2a: Basculegion|91\/100|[from] Grassy Terrain\n|-heal|p1b: Iron Hands|79\/100|[from] Grassy Terrain\n|-fieldend|move: Grassy Terrain\n|upkeep\n|turn|8\n|inactive|Omega6002 has 120 seconds left.\n|\n|t:|1697726994\n|move|p1a: Ogerpon|Spiky Shield|p1a: Ogerpon\n|-singleturn|p1a: Ogerpon|move: Protect\n|move|p2b: Medicham|Psycho Cut|p1b: Iron Hands\n|-supereffective|p1b: Iron Hands\n|-damage|p1b: Iron Hands|6\/100\n|-enditem|p1b: Iron Hands|Sitrus Berry|[eat]\n|-heal|p1b: Iron Hands|31\/100|[from] item: Sitrus Berry\n|move|p2a: Basculegion|Liquidation|p1a: Ogerpon\n|-activate|p1a: Ogerpon|move: Protect\n|-damage|p2a: Basculegion|79\/100|[from] Spiky Shield|[of] p1a: Ogerpon\n|move|p1b: Iron Hands|Drain Punch|p2b: Medicham\n|-resisted|p2b: Medicham\n|-damage|p2b: Medicham|68\/100\n|-heal|p1b: Iron Hands|40\/100|[from] drain|[of] p2b: Medicham\n|\n|upkeep\n|turn|9\n|inactive|bean mush has 120 seconds left.\n|inactive|Omega6002 has 120 seconds left.\n|\n|t:|1697727017\n|move|p2a: Basculegion|Aqua Jet|p1a: Ogerpon\n|-supereffective|p1a: Ogerpon\n|-damage|p1a: Ogerpon|19\/100\n|move|p1a: Ogerpon|Horn Leech|p2a: Basculegion\n|-supereffective|p2a: Basculegion\n|-damage|p2a: Basculegion|0 fnt\n|-heal|p1a: Ogerpon|74\/100|[from] drain|[of] p2a: Basculegion\n|faint|p2a: Basculegion\n|move|p2b: Medicham|Psycho Cut|p1b: Iron Hands\n|-supereffective|p1b: Iron Hands\n|-damage|p1b: Iron Hands|0 fnt\n|faint|p1b: Iron Hands\n|-end|p1b: Iron Hands|Quark Drive|[silent]\n|\n|upkeep\n|\n|t:|1697727029\n|switch|p2a: Gholdengo|Gholdengo|100\/100\n|switch|p1b: Tornadus|Tornadus, M|34\/100\n|-damage|p1b: Tornadus|9\/100|[from] Stealth Rock\n|turn|10\n|inactive|Omega6002 has 120 seconds left.\n|inactive|Omega6002 has 90 seconds left.\n|inactive|Omega6002 has 60 seconds left.\n|\n|t:|1697727125\n|move|p1a: Ogerpon|Spiky Shield|p1a: Ogerpon\n|-singleturn|p1a: Ogerpon|move: Protect\n|move|p1b: Tornadus|Tailwind|p1b: Tornadus\n|-sidestart|p1: bean mush|move: Tailwind\n|move|p2a: Gholdengo|Dazzling Gleam|p1a: Ogerpon|[spread] p1b\n|-activate|p1a: Ogerpon|move: Protect\n|-damage|p1b: Tornadus|0 fnt\n|faint|p1b: Tornadus\n|move|p2b: Medicham|Psycho Cut|p1a: Ogerpon\n|-activate|p1a: Ogerpon|move: Protect\n|\n|upkeep\n|\n|t:|1697727134\n|switch|p1b: Flutter Mane|Flutter Mane|100\/100\n|-damage|p1b: Flutter Mane|88\/100|[from] Stealth Rock\n|turn|11\n|\n|t:|1697727155\n|-terastallize|p2b: Medicham|Normal\n|move|p1b: Flutter Mane|Dazzling Gleam|p2a: Gholdengo|[spread] p2a,p2b\n|-resisted|p2a: Gholdengo\n|-damage|p2a: Gholdengo|72\/100\n|-damage|p2b: Medicham|0 fnt\n|faint|p2b: Medicham\n|move|p1a: Ogerpon|Ivy Cudgel|p2a: Gholdengo\n|-supereffective|p2a: Gholdengo\n|-damage|p2a: Gholdengo|0 fnt\n|faint|p2a: Gholdengo\n|\n|win|bean mush\n|n|\u2606bean mush|beanmush\n|n|\u2606Omega6002|omega6002\n|n|*Lady Monita \u263d|ladymonita\n|l|*Lady Monita \u263d\n|c|\u2606bean mush|gg\n","uploadtime":1697727166,"views":17,"p1id":"beanmush","p2id":"omega6002","formatid":"gen9doublesou","rating":0,"private":0,"password":""}