{"id":"gen9doublesou-1986319440","p1":"RUMYMOME","p2":"Sir Grandmaster","format":"[Gen 9] Doubles OU","log":"|j|\u2606RUMYMOME\n|j|\u2606Sir Grandmaster\n|inactive|Battle timer is ON: inactive players will automatically lose when time's up.\n|t:|1699468936\n|gametype|doubles\n|player|p1|RUMYMOME|marshal|\n|player|p2|Sir Grandmaster|ghetsis|\n|teamsize|p1|6\n|teamsize|p2|6\n|gen|9\n|tier|[Gen 9] Doubles OU\n|rated|Tournament battle\n|rule|Species Clause: Limit one of each Pok\u00e9mon\n|rule|OHKO Clause: OHKO moves are banned\n|rule|Evasion Moves Clause: Evasion moves are banned\n|rule|Gravity Sleep Clause: The combination of sleep-inducing moves with imperfect accuracy and Gravity or Gigantamax Orbeetle are banned\n|rule|Endless Battle Clause: Forcing endless battles is banned\n|rule|HP Percentage Mod: HP is shown in percentages\n|clearpoke\n|poke|p1|Kleavor, F|\n|poke|p1|Gholdengo|\n|poke|p1|Chi-Yu|\n|poke|p1|Palafin, M|\n|poke|p1|Chien-Pao|\n|poke|p1|Dragonite, M|\n|poke|p2|Chien-Pao|\n|poke|p2|Rillaboom, M|\n|poke|p2|Dragonite, M|\n|poke|p2|Flutter Mane|\n|poke|p2|Iron Hands|\n|poke|p2|Glimmora, M|\n|teampreview\n|j|*Lady Monita \u263d\n|\n|t:|1699468959\n|start\n|switch|p1a: Kleavor|Kleavor, F|100\/100\n|switch|p1b: Palafin|Palafin, M|100\/100\n|switch|p2a: Chien-Pao|Chien-Pao|100\/100\n|switch|p2b: Glimmora|Glimmora, M|100\/100\n|-ability|p2a: Chien-Pao|Sword of Ruin\n|turn|1\n|inactive|Sir Grandmaster has 120 seconds left.\n|\n|t:|1699468991\n|move|p2a: Chien-Pao|Icicle Crash|p1a: Kleavor|[miss]\n|-miss|p2a: Chien-Pao|p1a: Kleavor\n|move|p1b: Palafin|Flip Turn|p2b: Glimmora\n|-supereffective|p2b: Glimmora\n|-damage|p2b: Glimmora|42\/100\n|-activate|p2b: Glimmora|ability: Toxic Debris\n|-sidestart|p1: RUMYMOME|move: Toxic Spikes\n|\n|t:|1699469011\n|detailschange|p1b: Palafin|Palafin-Hero, M\n|switch|p1b: Dragonite|Dragonite, M|100\/100|[from] Flip Turn\n|move|p2b: Glimmora|Stealth Rock|p1b: Dragonite\n|-sidestart|p1: RUMYMOME|move: Stealth Rock\n|move|p1a: Kleavor|Stone Axe|p2a: Chien-Pao\n|-supereffective|p2a: Chien-Pao\n|-enditem|p2a: Chien-Pao|Focus Sash\n|-damage|p2a: Chien-Pao|1\/100\n|-sidestart|p2: Sir Grandmaster|move: Stealth Rock\n|\n|upkeep\n|turn|2\n|inactive|RUMYMOME has 120 seconds left.\n|\n|t:|1699469044\n|-terastallize|p2a: Chien-Pao|Ghost\n|move|p1b: Dragonite|Extreme Speed|p2a: Chien-Pao\n|-immune|p2a: Chien-Pao\n|move|p2a: Chien-Pao|Icicle Crash|p1b: Dragonite|[miss]\n|-miss|p2a: Chien-Pao|p1b: Dragonite\n|move|p2b: Glimmora|Mortal Spin|p1b: Dragonite|[spread] p1a,p1b\n|-resisted|p1a: Kleavor\n|-damage|p1a: Kleavor|97\/100\n|-damage|p1b: Dragonite|98\/100\n|-status|p1a: Kleavor|psn\n|-status|p1b: Dragonite|psn\n|-sideend|p2: Sir Grandmaster|Stealth Rock|[from] move: Mortal Spin|[of] p2b: Glimmora\n|move|p1a: Kleavor|Stone Axe|p2b: Glimmora\n|-damage|p2b: Glimmora|0 fnt\n|-activate|p2b: Glimmora|ability: Toxic Debris\n|-sidestart|p1: RUMYMOME|move: Toxic Spikes\n|-sidestart|p2: Sir Grandmaster|move: Stealth Rock\n|faint|p2b: Glimmora\n|\n|-damage|p1a: Kleavor|84\/100 psn|[from] psn\n|-damage|p1b: Dragonite|85\/100 psn|[from] psn\n|upkeep\n|\n|t:|1699469061\n|switch|p2b: Iron Hands|Iron Hands|100\/100\n|-damage|p2b: Iron Hands|94\/100|[from] Stealth Rock\n|turn|3\n|\n|t:|1699469077\n|-terastallize|p1b: Dragonite|Normal\n|move|p2a: Chien-Pao|Icicle Crash|p1b: Dragonite\n|-damage|p1b: Dragonite|23\/100 psn\n|move|p1a: Kleavor|Night Slash|p2a: Chien-Pao\n|-supereffective|p2a: Chien-Pao\n|-damage|p2a: Chien-Pao|0 fnt\n|faint|p2a: Chien-Pao\n|move|p1b: Dragonite|Dragon Dance|p1b: Dragonite\n|-boost|p1b: Dragonite|atk|1\n|-boost|p1b: Dragonite|spe|1\n|move|p2b: Iron Hands|Drain Punch|p1a: Kleavor\n|-damage|p1a: Kleavor|33\/100 psn\n|-heal|p2b: Iron Hands|100\/100|[from] drain|[of] p1a: Kleavor\n|\n|-damage|p1b: Dragonite|10\/100 psn|[from] psn\n|-damage|p1a: Kleavor|21\/100 psn|[from] psn\n|upkeep\n|\n|t:|1699469085\n|switch|p2a: Rillaboom|Rillaboom, M|100\/100\n|-damage|p2a: Rillaboom|88\/100|[from] Stealth Rock\n|-fieldstart|move: Grassy Terrain|[from] ability: Grassy Surge|[of] p2a: Rillaboom\n|turn|4\n|\n|t:|1699469102\n|move|p2a: Rillaboom|Fake Out|p1a: Kleavor\n|-resisted|p1a: Kleavor\n|-damage|p1a: Kleavor|11\/100 psn\n|move|p1b: Dragonite|Extreme Speed|p2a: Rillaboom\n|-damage|p2a: Rillaboom|19\/100\n|cant|p1a: Kleavor|flinch\n|move|p2b: Iron Hands|Drain Punch|p1b: Dragonite\n|-supereffective|p1b: Dragonite\n|-damage|p1b: Dragonite|0 fnt\n|faint|p1b: Dragonite\n|\n|-heal|p1a: Kleavor|17\/100 psn|[from] Grassy Terrain\n|-heal|p2a: Rillaboom|25\/100|[from] Grassy Terrain\n|-damage|p1a: Kleavor|4\/100 psn|[from] psn\n|upkeep\n|\n|t:|1699469120\n|switch|p1b: Chi-Yu|Chi-Yu|100\/100\n|-ability|p1b: Chi-Yu|Beads of Ruin\n|turn|5\n|inactive|RUMYMOME has 120 seconds left.\n|\n|t:|1699469151\n|move|p1b: Chi-Yu|Heat Wave|p2b: Iron Hands|[spread] p2a,p2b\n|-supereffective|p2a: Rillaboom\n|-damage|p2a: Rillaboom|0 fnt\n|-damage|p2b: Iron Hands|78\/100\n|faint|p2a: Rillaboom\n|move|p1a: Kleavor|Stone Axe|p2b: Iron Hands\n|-resisted|p2b: Iron Hands\n|-damage|p2b: Iron Hands|61\/100\n|move|p2b: Iron Hands|Drain Punch|p1b: Chi-Yu\n|-supereffective|p1b: Chi-Yu\n|-damage|p1b: Chi-Yu|0 fnt\n|-heal|p2b: Iron Hands|87\/100|[from] drain|[of] p1b: Chi-Yu\n|faint|p1b: Chi-Yu\n|\n|-heal|p1a: Kleavor|10\/100 psn|[from] Grassy Terrain\n|-heal|p2b: Iron Hands|94\/100|[from] Grassy Terrain\n|-damage|p1a: Kleavor|0 fnt|[from] psn\n|faint|p1a: Kleavor\n|upkeep\n|\n|t:|1699469174\n|switch|p1b: Gholdengo|Gholdengo|100\/100\n|switch|p1a: Palafin|Palafin-Hero, M|100\/100\n|switch|p2a: Flutter Mane|Flutter Mane|100\/100\n|-damage|p2a: Flutter Mane|88\/100|[from] Stealth Rock\n|-status|p1a: Palafin|tox\n|-damage|p1a: Palafin|88\/100 tox|[from] Stealth Rock\n|-activate|p1a: Palafin|ability: Zero to Hero\n|-damage|p1b: Gholdengo|94\/100|[from] Stealth Rock\n|-item|p1b: Gholdengo|Air Balloon\n|-enditem|p2a: Flutter Mane|Booster Energy\n|-activate|p2a: Flutter Mane|ability: Protosynthesis|[fromitem]\n|-start|p2a: Flutter Mane|protosynthesisspe\n|turn|6\n|\n|t:|1699469191\n|move|p1a: Palafin|Jet Punch|p2a: Flutter Mane\n|-damage|p2a: Flutter Mane|31\/100\n|move|p2a: Flutter Mane|Shadow Ball|p1b: Gholdengo\n|-supereffective|p1b: Gholdengo\n|-damage|p1b: Gholdengo|1\/100\n|-enditem|p1b: Gholdengo|Air Balloon\n|move|p1b: Gholdengo|Dazzling Gleam|p2a: Flutter Mane|[spread] p2a,p2b\n|-supereffective|p2b: Iron Hands\n|-damage|p2a: Flutter Mane|13\/100\n|-damage|p2b: Iron Hands|72\/100\n|move|p2b: Iron Hands|Wild Charge|p1a: Palafin\n|-supereffective|p1a: Palafin\n|-damage|p1a: Palafin|0 fnt\n|faint|p1a: Palafin\n|-damage|p2b: Iron Hands|56\/100|[from] Recoil\n|\n|-heal|p2a: Flutter Mane|19\/100|[from] Grassy Terrain\n|-heal|p1b: Gholdengo|7\/100|[from] Grassy Terrain\n|-heal|p2b: Iron Hands|62\/100|[from] Grassy Terrain\n|upkeep\n|\n|t:|1699469194\n|switch|p1a: Chien-Pao|Chien-Pao|100\/100\n|-status|p1a: Chien-Pao|tox\n|-damage|p1a: Chien-Pao|76\/100 tox|[from] Stealth Rock\n|-ability|p1a: Chien-Pao|Sword of Ruin\n|turn|7\n|inactive|RUMYMOME has 120 seconds left.\n|\n|t:|1699469231\n|move|p1a: Chien-Pao|Sucker Punch|p2a: Flutter Mane\n|-damage|p2a: Flutter Mane|0 fnt\n|faint|p2a: Flutter Mane\n|-end|p2a: Flutter Mane|Protosynthesis|[silent]\n|move|p1b: Gholdengo|Dazzling Gleam|p2b: Iron Hands\n|-supereffective|p2b: Iron Hands\n|-damage|p2b: Iron Hands|35\/100\n|move|p2b: Iron Hands|Drain Punch|p1a: Chien-Pao\n|-supereffective|p1a: Chien-Pao\n|-damage|p1a: Chien-Pao|0 fnt\n|-heal|p2b: Iron Hands|59\/100|[from] drain|[of] p1a: Chien-Pao\n|faint|p1a: Chien-Pao\n|\n|-heal|p1b: Gholdengo|13\/100|[from] Grassy Terrain\n|-heal|p2b: Iron Hands|65\/100|[from] Grassy Terrain\n|upkeep\n|c|\u2606Sir Grandmaster|gg\n|\n|t:|1699469236\n|switch|p2a: Dragonite|Dragonite, M|100\/100\n|-damage|p2a: Dragonite|76\/100|[from] Stealth Rock\n|turn|8\n|\n|t:|1699469251\n|move|p1b: Gholdengo|Dazzling Gleam|p2b: Iron Hands|[spread] p2a,p2b\n|-supereffective|p2a: Dragonite\n|-supereffective|p2b: Iron Hands\n|-damage|p2a: Dragonite|47\/100\n|-damage|p2b: Iron Hands|46\/100\n|move|p2a: Dragonite|Stomping Tantrum|p1b: Gholdengo\n|-supereffective|p1b: Gholdengo\n|-damage|p1b: Gholdengo|0 fnt\n|faint|p1b: Gholdengo\n|\n|win|Sir Grandmaster\n|n|\u2606RUMYMOME|rumymome\n|n|\u2606Sir Grandmaster|sirgrandmaster\n|n|*Lady Monita \u263d|ladymonita\n","uploadtime":1699469252,"views":13,"p1id":"rumymome","p2id":"sirgrandmaster","formatid":"gen9doublesou","rating":0,"private":0,"password":""}