{"id":"gen9doublesou-1968642901","p1":"Gam3h3r0","p2":"spodermees","format":"[Gen 9] Doubles OU","log":"|j|\u2606Gam3h3r0\n|j|\u2606spodermees\n|inactive|Battle timer is ON: inactive players will automatically lose when time's up.\n|t:|1697447058\n|gametype|doubles\n|player|p1|Gam3h3r0|brycenman|\n|player|p2|spodermees|lucas|\n|teamsize|p1|6\n|teamsize|p2|6\n|gen|9\n|tier|[Gen 9] Doubles OU\n|rated|Tournament battle\n|rule|Species Clause: Limit one of each Pok\u00e9mon\n|rule|OHKO Clause: OHKO moves are banned\n|rule|Evasion Moves Clause: Evasion moves are banned\n|rule|Gravity Sleep Clause: The combination of sleep-inducing moves with imperfect accuracy and Gravity or Gigantamax Orbeetle are banned\n|rule|Endless Battle Clause: Forcing endless battles is banned\n|rule|HP Percentage Mod: HP is shown in percentages\n|clearpoke\n|poke|p1|Fraxure, M|\n|poke|p1|Arcanine-Hisui, M|\n|poke|p1|Crawdaunt, F|\n|poke|p1|Cufant, M|\n|poke|p1|Quaxwell, M|\n|poke|p1|Toedscool, M|\n|poke|p2|Barboach, F|\n|poke|p2|Meowscarada, F|\n|poke|p2|Bramblin, F|\n|poke|p2|Cacnea, M|\n|poke|p2|Coalossal, M|\n|poke|p2|Staravia, F|\n|teampreview\n|j|*Lady Monita \u263d\n|inactive|Gam3h3r0 also wants the timer to be on.\n|inactive|spodermees also wants the timer to be on.\n|\n|t:|1697447073\n|start\n|switch|p1a: Toedscool|Toedscool, M|100\/100\n|switch|p1b: Arcanine|Arcanine-Hisui, M|100\/100\n|switch|p2a: Meowscarada|Meowscarada, F|100\/100\n|switch|p2b: Staravia|Staravia, F|100\/100\n|-ability|p2b: Staravia|Intimidate|boost\n|-unboost|p1a: Toedscool|atk|1\n|-unboost|p1b: Arcanine|atk|1\n|turn|1\n|inactive|Gam3h3r0 has 120 seconds left.\n|\n|t:|1697447127\n|move|p2a: Meowscarada|Knock Off|p1b: Arcanine\n|-start|p2a: Meowscarada|typechange|Dark|[from] ability: Protean\n|-damage|p1b: Arcanine|22\/100\n|-enditem|p1b: Arcanine|Life Orb|[from] move: Knock Off|[of] p2a: Meowscarada\n|move|p1b: Arcanine|Flare Blitz|p2a: Meowscarada\n|-damage|p2a: Meowscarada|41\/100\n|move|p2b: Staravia|U-turn|p1a: Toedscool\n|-supereffective|p1a: Toedscool\n|-damage|p1a: Toedscool|44\/100\n|\n|t:|1697447143\n|switch|p2b: Barboach|Barboach, F|100\/100|[from] U-turn\n|move|p1a: Toedscool|Spore|p2b: Barboach\n|-status|p2b: Barboach|slp|[from] move: Spore\n|\n|upkeep\n|turn|2\n|inactive|Gam3h3r0 has 120 seconds left.\n|\n|t:|1697447161\n|switch|p2b: Staravia|Staravia, F|100\/100\n|-ability|p2b: Staravia|Intimidate|boost\n|-unboost|p1a: Toedscool|atk|1\n|-unboost|p1b: Arcanine|atk|1\n|move|p1a: Toedscool|Rage Powder|p1a: Toedscool\n|-singleturn|p1a: Toedscool|move: Rage Powder\n|move|p2a: Meowscarada|Knock Off|p1a: Toedscool\n|-damage|p1a: Toedscool|0 fnt\n|-enditem|p1a: Toedscool|Eviolite|[from] move: Knock Off|[of] p2a: Meowscarada\n|faint|p1a: Toedscool\n|move|p1b: Arcanine|Close Combat|p2a: Meowscarada\n|-supereffective|p2a: Meowscarada\n|-damage|p2a: Meowscarada|0 fnt\n|-unboost|p1b: Arcanine|def|1\n|-unboost|p1b: Arcanine|spd|1\n|faint|p2a: Meowscarada\n|\n|upkeep\n|\n|t:|1697447176\n|switch|p2a: Cacnea|Cacnea, M|100\/100\n|switch|p1a: Fraxure|Fraxure, M|100\/100\n|turn|3\n|\n|t:|1697447194\n|switch|p1b: Cufant|Cufant, M|100\/100\n|move|p1a: Fraxure|First Impression|p2a: Cacnea\n|-supereffective|p2a: Cacnea\n|-enditem|p2a: Cacnea|Focus Sash\n|-damage|p2a: Cacnea|1\/100\n|move|p2b: Staravia|Double-Edge|p1b: Cufant\n|-resisted|p1b: Cufant\n|-damage|p1b: Cufant|76\/100\n|-damage|p2b: Staravia|89\/100|[from] Recoil\n|move|p2a: Cacnea|Foul Play|p1a: Fraxure\n|-damage|p1a: Fraxure|72\/100\n|\n|upkeep\n|turn|4\n|\n|t:|1697447220\n|switch|p2a: Coalossal|Coalossal, M|100\/100\n|move|p1a: Fraxure|Protect|p1a: Fraxure\n|-singleturn|p1a: Fraxure|Protect\n|move|p2b: Staravia|Brave Bird|p1a: Fraxure\n|-activate|p1a: Fraxure|move: Protect\n|move|p1b: Cufant|Rock Slide|p2a: Coalossal|[spread] p2a,p2b\n|-supereffective|p2a: Coalossal\n|-supereffective|p2b: Staravia\n|-damage|p2a: Coalossal|81\/100\n|-damage|p2b: Staravia|30\/100\n|\n|upkeep\n|turn|5\n|inactive|Gam3h3r0 has 120 seconds left.\n|\n|t:|1697447261\n|move|p2b: Staravia|U-turn|p1a: Fraxure\n|-damage|p1a: Fraxure|56\/100\n|\n|t:|1697447265\n|switch|p2b: Cacnea|Cacnea, M|1\/100|[from] U-turn\n|move|p1a: Fraxure|Dragon Claw|p2b: Cacnea\n|-damage|p2b: Cacnea|0 fnt\n|faint|p2b: Cacnea\n|move|p1b: Cufant|High Horsepower|p2a: Coalossal\n|-supereffective|p2a: Coalossal\n|-crit|p2a: Coalossal\n|-damage|p2a: Coalossal|0 fnt\n|faint|p2a: Coalossal\n|\n|upkeep\n|\n|t:|1697447276\n|switch|p2b: Bramblin|Bramblin, F|100\/100\n|switch|p2a: Staravia|Staravia, F|30\/100\n|-ability|p2a: Staravia|Intimidate|boost\n|-unboost|p1a: Fraxure|atk|1\n|-unboost|p1b: Cufant|atk|1\n|turn|6\n|\n|t:|1697447292\n|move|p2a: Staravia|U-turn|p1b: Cufant\n|-resisted|p1b: Cufant\n|-damage|p1b: Cufant|67\/100\n|\n|t:|1697447294\n|switch|p2a: Barboach|Barboach, F|100\/100 slp|[from] U-turn\n|move|p1a: Fraxure|Crunch|p2b: Bramblin\n|-supereffective|p2b: Bramblin\n|-damage|p2b: Bramblin|34\/100\n|move|p2b: Bramblin|Leech Seed|p1b: Cufant\n|-start|p1b: Cufant|move: Leech Seed\n|move|p1b: Cufant|Rock Slide|p2b: Bramblin|[spread] p2a,p2b\n|-resisted|p2a: Barboach\n|-damage|p2a: Barboach|88\/100 slp\n|-damage|p2b: Bramblin|4\/100\n|\n|-damage|p1b: Cufant|54\/100|[from] Leech Seed|[of] p2b: Bramblin\n|-heal|p2b: Bramblin|19\/100|[silent]\n|upkeep\n|turn|7\n|\n|t:|1697447314\n|cant|p2a: Barboach|slp\n|move|p2b: Bramblin|Protect|p2b: Bramblin\n|-singleturn|p2b: Bramblin|Protect\n|move|p1a: Fraxure|Crunch|p2b: Bramblin\n|-activate|p2b: Bramblin|move: Protect\n|move|p1b: Cufant|Curse|p1b: Cufant\n|-unboost|p1b: Cufant|spe|1\n|-boost|p1b: Cufant|atk|1\n|-boost|p1b: Cufant|def|1\n|\n|-damage|p1b: Cufant|42\/100|[from] Leech Seed|[of] p2b: Bramblin\n|-heal|p2b: Bramblin|34\/100|[silent]\n|upkeep\n|turn|8\n|\n|t:|1697447334\n|switch|p2b: Staravia|Staravia, F|30\/100\n|-ability|p2b: Staravia|Intimidate|boost\n|-unboost|p1a: Fraxure|atk|1\n|-unboost|p1b: Cufant|atk|1\n|cant|p2a: Barboach|slp\n|move|p1a: Fraxure|Dragon Claw|p2a: Barboach\n|-damage|p2a: Barboach|61\/100 slp\n|move|p1b: Cufant|Rock Slide|p2b: Staravia|[spread] p2a,p2b\n|-resisted|p2a: Barboach\n|-supereffective|p2b: Staravia\n|-damage|p2a: Barboach|49\/100 slp\n|-damage|p2b: Staravia|0 fnt\n|faint|p2b: Staravia\n|\n|upkeep\n|j| kaminazalil\n|\n|t:|1697447344\n|switch|p2b: Bramblin|Bramblin, F|34\/100\n|turn|9\n|\n|t:|1697447354\n|switch|p1a: Quaxwell|Quaxwell, M|100\/100\n|-curestatus|p2a: Barboach|slp|[msg]\n|move|p2a: Barboach|Protect|p2a: Barboach\n|-singleturn|p2a: Barboach|Protect\n|move|p2b: Bramblin|Protect|p2b: Bramblin\n|-singleturn|p2b: Bramblin|Protect\n|move|p1b: Cufant|Rock Slide|p2a: Barboach|[spread] \n|-activate|p2a: Barboach|move: Protect\n|-activate|p2b: Bramblin|move: Protect\n|\n|-damage|p1b: Cufant|30\/100|[from] Leech Seed|[of] p2b: Bramblin\n|-heal|p2b: Bramblin|49\/100|[silent]\n|upkeep\n|turn|10\n|\n|t:|1697447371\n|switch|p1b: Fraxure|Fraxure, M|56\/100\n|-terastallize|p2b: Bramblin|Water\n|move|p2a: Barboach|Dragon Dance|p2a: Barboach\n|-boost|p2a: Barboach|atk|1\n|-boost|p2a: Barboach|spe|1\n|move|p1a: Quaxwell|Acrobatics|p2b: Bramblin\n|-crit|p2b: Bramblin\n|-damage|p2b: Bramblin|0 fnt\n|faint|p2b: Bramblin\n|-ability|p1a: Quaxwell|Moxie|boost\n|-boost|p1a: Quaxwell|atk|1\n|\n|upkeep\n|turn|11\n|\n|t:|1697447382\n|move|p1a: Quaxwell|Helping Hand|p1b: Fraxure\n|-singleturn|p1b: Fraxure|Helping Hand|[of] p1a: Quaxwell\n|move|p1b: Fraxure|First Impression|p2a: Barboach\n|-damage|p2a: Barboach|0 fnt\n|faint|p2a: Barboach\n|\n|win|Gam3h3r0\n|n|\u2606Gam3h3r0|gam3h3r0\n|n|\u2606spodermees|spodermees\n|n|*Lady Monita \u263d|ladymonita\n|n| kaminazalil|kaminazalil\n|l|*Lady Monita \u263d\n|l|\u2606spodermees\n|l| kaminazalil\n","uploadtime":1697447383,"views":19,"p1id":"gam3h3r0","p2id":"spodermees","formatid":"gen9doublesou","rating":0,"private":0,"password":""}