{"id":"gen9doublesou-1983080797","p1":"Critian Caceorte","p2":"neotis_","format":"[Gen 9] Doubles OU","log":"|j|\u2606Critian Caceorte\n|j|\u2606neotis_\n|t:|1699081567\n|gametype|doubles\n|player|p1|Critian Caceorte|hilda|1139\n|player|p2|neotis_|101|1044\n|teamsize|p1|6\n|teamsize|p2|6\n|gen|9\n|tier|[Gen 9] Doubles OU\n|rated|\n|rule|Species Clause: Limit one of each Pok\u00e9mon\n|rule|OHKO Clause: OHKO moves are banned\n|rule|Evasion Moves Clause: Evasion moves are banned\n|rule|Gravity Sleep Clause: The combination of sleep-inducing moves with imperfect accuracy and Gravity or Gigantamax Orbeetle are banned\n|rule|Endless Battle Clause: Forcing endless battles is banned\n|rule|HP Percentage Mod: HP is shown in percentages\n|clearpoke\n|poke|p1|Dragonite, F|\n|poke|p1|Pelipper, M|\n|poke|p1|Talonflame, F|\n|poke|p1|Mandibuzz, F|\n|poke|p1|Kilowattrel, M|\n|poke|p1|Landorus-Therian, M|\n|poke|p2|Glimmora, F|\n|poke|p2|Tyranitar, F|\n|poke|p2|Iron Moth|\n|poke|p2|Tornadus, M|\n|poke|p2|Kleavor, M|\n|poke|p2|Meowscarada, M|\n|teampreview\n|\n|t:|1699081580\n|start\n|switch|p1a: Pelipper|Pelipper, M|100\/100\n|switch|p1b: Kilowattrel|Kilowattrel, M|100\/100\n|switch|p2a: Glimmora|Glimmora, F|100\/100\n|switch|p2b: Kleavor|Kleavor, M|100\/100\n|-weather|RainDance|[from] ability: Drizzle|[of] p1a: Pelipper\n|turn|1\n|\n|t:|1699081594\n|switch|p2b: Tyranitar|Tyranitar, F|100\/100\n|-weather|Sandstorm|[from] ability: Sand Stream|[of] p2b: Tyranitar\n|move|p1b: Kilowattrel|Tailwind|p1b: Kilowattrel\n|-sidestart|p1: Critian Caceorte|move: Tailwind\n|-start|p1b: Kilowattrel|Charge|Tailwind|[from] ability: Wind Power\n|move|p1a: Pelipper|Icy Wind|p2b: Tyranitar|[spread] p2a,p2b\n|-damage|p2a: Glimmora|89\/100\n|-damage|p2b: Tyranitar|92\/100\n|-unboost|p2a: Glimmora|spe|1\n|-unboost|p2b: Tyranitar|spe|1\n|move|p2a: Glimmora|Stealth Rock|p1a: Pelipper\n|-sidestart|p1: Critian Caceorte|move: Stealth Rock\n|\n|-weather|Sandstorm|[upkeep]\n|-damage|p1b: Kilowattrel|94\/100|[from] Sandstorm\n|-damage|p1a: Pelipper|94\/100|[from] Sandstorm\n|upkeep\n|turn|2\n|\n|t:|1699081619\n|switch|p1b: Landorus|Landorus-Therian, M|100\/100\n|-damage|p1b: Landorus|88\/100|[from] Stealth Rock\n|-ability|p1b: Landorus|Intimidate|boost\n|-unboost|p2a: Glimmora|atk|1\n|-unboost|p2b: Tyranitar|atk|1\n|-terastallize|p2b: Tyranitar|Ice\n|move|p2a: Glimmora|Spiky Shield|p2a: Glimmora\n|-singleturn|p2a: Glimmora|move: Protect\n|move|p1a: Pelipper|Chilling Water|p2b: Tyranitar\n|-damage|p2b: Tyranitar|69\/100\n|-unboost|p2b: Tyranitar|atk|1\n|move|p2b: Tyranitar|Ice Beam|p1b: Landorus\n|-supereffective|p1b: Landorus\n|-damage|p1b: Landorus|0 fnt\n|faint|p1b: Landorus\n|\n|-weather|Sandstorm|[upkeep]\n|-damage|p1a: Pelipper|88\/100|[from] Sandstorm\n|-damage|p2b: Tyranitar|62\/100|[from] Sandstorm\n|upkeep\n|\n|t:|1699081638\n|switch|p1b: Mandibuzz|Mandibuzz, F|100\/100\n|-damage|p1b: Mandibuzz|75\/100|[from] Stealth Rock\n|turn|3\n|\n|t:|1699081654\n|move|p1b: Mandibuzz|Toxic|p2b: Tyranitar\n|-status|p2b: Tyranitar|tox\n|move|p1a: Pelipper|Hurricane|p2b: Tyranitar\n|-damage|p2b: Tyranitar|13\/100 tox\n|-start|p2b: Tyranitar|confusion\n|move|p2a: Glimmora|Sludge Bomb|p1a: Pelipper\n|-damage|p1a: Pelipper|5\/100\n|-status|p1a: Pelipper|psn\n|-activate|p2b: Tyranitar|confusion\n|-damage|p2b: Tyranitar|9\/100 tox|[from] confusion\n|\n|-weather|Sandstorm|[upkeep]\n|-damage|p1b: Mandibuzz|69\/100|[from] Sandstorm\n|-damage|p1a: Pelipper|0 fnt|[from] Sandstorm\n|-damage|p2b: Tyranitar|3\/100 tox|[from] Sandstorm\n|faint|p1a: Pelipper\n|-damage|p2b: Tyranitar|0 fnt|[from] psn\n|faint|p2b: Tyranitar\n|upkeep\n|\n|t:|1699081672\n|switch|p1a: Talonflame|Talonflame, F|100\/100\n|switch|p2b: Kleavor|Kleavor, M|100\/100\n|turn|4\n|\n|t:|1699081686\n|move|p2a: Glimmora|Spiky Shield|p2a: Glimmora\n|-singleturn|p2a: Glimmora|move: Protect\n|move|p1a: Talonflame|Defog|p2b: Kleavor\n|-unboost|p2b: Kleavor|evasion|1\n|-sideend|p1: Critian Caceorte|Stealth Rock|[from] move: Defog|[of] p1a: Talonflame\n|move|p1b: Mandibuzz|Taunt|p2a: Glimmora\n|-activate|p2a: Glimmora|move: Protect\n|move|p2b: Kleavor|Night Slash|p1a: Talonflame\n|-crit|p1a: Talonflame\n|-damage|p1a: Talonflame|11\/100\n|\n|-weather|Sandstorm|[upkeep]\n|-damage|p1a: Talonflame|5\/100|[from] Sandstorm\n|-damage|p1b: Mandibuzz|63\/100|[from] Sandstorm\n|-sideend|p1: Critian Caceorte|move: Tailwind\n|upkeep\n|turn|5\n|\n|t:|1699081707\n|move|p1a: Talonflame|Hurricane|p2b: Kleavor\n|-damage|p2b: Kleavor|54\/100\n|move|p2b: Kleavor|U-turn|p1a: Talonflame\n|-resisted|p1a: Talonflame\n|-damage|p1a: Talonflame|0 fnt\n|faint|p1a: Talonflame\n|\n|t:|1699081711\n|switch|p2b: Iron Moth|Iron Moth|100\/100|[from] U-turn\n|move|p1b: Mandibuzz|Taunt|p2a: Glimmora\n|-start|p2a: Glimmora|move: Taunt\n|cant|p2a: Glimmora|move: Taunt|Stealth Rock\n|\n|-weather|none\n|upkeep\n|\n|t:|1699081724\n|switch|p1a: Dragonite|Dragonite, F|100\/100\n|turn|6\n|\n|t:|1699081743\n|move|p2b: Iron Moth|Dazzling Gleam|p1b: Mandibuzz|[spread] p1a,p1b\n|-supereffective|p1a: Dragonite\n|-supereffective|p1b: Mandibuzz\n|-damage|p1a: Dragonite|81\/100\n|-damage|p1b: Mandibuzz|36\/100\n|move|p1b: Mandibuzz|Foul Play|p2b: Iron Moth\n|-damage|p2b: Iron Moth|69\/100\n|move|p1a: Dragonite|Waterfall|p2b: Iron Moth\n|-supereffective|p2b: Iron Moth\n|-damage|p2b: Iron Moth|0 fnt\n|faint|p2b: Iron Moth\n|-end|p2b: Iron Moth|Quark Drive|[silent]\n|move|p2a: Glimmora|Sludge Bomb|p1b: Mandibuzz\n|-damage|p1b: Mandibuzz|3\/100\n|-status|p1b: Mandibuzz|psn\n|\n|-damage|p1b: Mandibuzz|0 fnt|[from] psn\n|faint|p1b: Mandibuzz\n|upkeep\n|\n|t:|1699081758\n|switch|p2b: Meowscarada|Meowscarada, M|100\/100\n|switch|p1b: Kilowattrel|Kilowattrel, M|94\/100\n|turn|7\n|\n|t:|1699081769\n|move|p1a: Dragonite|Extreme Speed|p2b: Meowscarada\n|-damage|p2b: Meowscarada|50\/100\n|move|p2b: Meowscarada|Flower Trick|p1a: Dragonite\n|-start|p2b: Meowscarada|typechange|Grass|[from] ability: Protean\n|-resisted|p1a: Dragonite\n|-crit|p1a: Dragonite\n|-damage|p1a: Dragonite|61\/100\n|move|p1b: Kilowattrel|Tailwind|p1b: Kilowattrel\n|-sidestart|p1: Critian Caceorte|move: Tailwind\n|-start|p1b: Kilowattrel|Charge|Tailwind|[from] ability: Wind Power\n|move|p2a: Glimmora|Sludge Bomb|p1b: Kilowattrel\n|-damage|p1b: Kilowattrel|0 fnt\n|faint|p1b: Kilowattrel\n|\n|-end|p2a: Glimmora|move: Taunt\n|upkeep\n|turn|8\n|\n|t:|1699081788\n|move|p1a: Dragonite|Extreme Speed|p2b: Meowscarada\n|-damage|p2b: Meowscarada|2\/100\n|move|p2b: Meowscarada|Flower Trick|p1a: Dragonite\n|-resisted|p1a: Dragonite\n|-crit|p1a: Dragonite\n|-damage|p1a: Dragonite|40\/100\n|move|p2a: Glimmora|Sludge Bomb|p1a: Dragonite\n|-damage|p1a: Dragonite|0 fnt\n|faint|p1a: Dragonite\n|\n|win|neotis_\n|raw|Critian Caceorte's rating: 1139 &rarr; <strong>1107<\/strong><br \/>(-32 for losing)\n|raw|neotis_'s rating: 1044 &rarr; <strong>1086<\/strong><br \/>(+42 for winning)\n","uploadtime":1699081800,"views":16,"p1id":"critiancaceorte","p2id":"neotis","formatid":"gen9doublesou","rating":1086,"private":0,"password":""}