{"id":"gen9doublesou-1983051572","p1":"264nerfyman","p2":"Harchitkamal","format":"[Gen 9] Doubles OU","log":"|j|\u2606264nerfyman\n|j|\u2606Harchitkamal\n|t:|1699075830\n|gametype|doubles\n|player|p1|264nerfyman|lucas|1050\n|player|p2|Harchitkamal|2|1092\n|teamsize|p1|6\n|teamsize|p2|6\n|gen|9\n|tier|[Gen 9] Doubles OU\n|rated|\n|rule|Species Clause: Limit one of each Pok\u00e9mon\n|rule|OHKO Clause: OHKO moves are banned\n|rule|Evasion Moves Clause: Evasion moves are banned\n|rule|Gravity Sleep Clause: The combination of sleep-inducing moves with imperfect accuracy and Gravity or Gigantamax Orbeetle are banned\n|rule|Endless Battle Clause: Forcing endless battles is banned\n|rule|HP Percentage Mod: HP is shown in percentages\n|clearpoke\n|poke|p1|Espathra, F|\n|poke|p1|Ursaluna-Bloodmoon, M|\n|poke|p1|Tsareena, F|\n|poke|p1|Snorlax, M|\n|poke|p1|Glimmora, M|\n|poke|p1|Flamigo, F|\n|poke|p2|Garganacl, F|\n|poke|p2|Goodra-Hisui, F|\n|poke|p2|Slowbro, M|\n|poke|p2|Grimmsnarl, M|\n|poke|p2|Hippowdon, F|\n|poke|p2|Garchomp, F|\n|teampreview\n|\n|t:|1699075851\n|start\n|switch|p1a: Espathra|Espathra, F|100\/100\n|switch|p1b: Ursaluna|Ursaluna-Bloodmoon, M|100\/100\n|switch|p2a: Slowbro|Slowbro, M|100\/100\n|switch|p2b: Grimmsnarl|Grimmsnarl, M|100\/100\n|turn|1\n|\n|t:|1699075879\n|switch|p1b: Glimmora|Glimmora, M|100\/100\n|move|p2b: Grimmsnarl|Thunder Wave|p1a: Espathra\n|-status|p1a: Espathra|par\n|cant|p1a: Espathra|par\n|move|p2a: Slowbro|Trick Room|p2a: Slowbro\n|-fieldstart|move: Trick Room|[of] p2a: Slowbro\n|\n|upkeep\n|turn|2\n|\n|t:|1699075903\n|-terastallize|p1b: Glimmora|Grass\n|move|p1b: Glimmora|Spiky Shield|p1b: Glimmora\n|-singleturn|p1b: Glimmora|move: Protect\n|move|p2b: Grimmsnarl|Thunder Wave|p1b: Glimmora\n|-activate|p1b: Glimmora|move: Protect\n|move|p2a: Slowbro|Future Sight|p1b: Glimmora\n|-start|p2a: Slowbro|move: Future Sight\n|move|p1a: Espathra|Calm Mind|p1a: Espathra\n|-boost|p1a: Espathra|spa|1\n|-boost|p1a: Espathra|spd|1\n|\n|upkeep\n|turn|3\n|\n|t:|1699075930\n|move|p2b: Grimmsnarl|Thunder Wave|p1b: Glimmora\n|-status|p1b: Glimmora|par\n|move|p2a: Slowbro|Future Sight|p1a: Espathra\n|-start|p2a: Slowbro|move: Future Sight\n|move|p1b: Glimmora|Spikes|p2b: Grimmsnarl\n|-sidestart|p2: Harchitkamal|Spikes\n|move|p1a: Espathra|Calm Mind|p1a: Espathra\n|-boost|p1a: Espathra|spa|1\n|-boost|p1a: Espathra|spd|1\n|\n|upkeep\n|turn|4\n|\n|t:|1699075961\n|move|p2b: Grimmsnarl|Light Screen|p2b: Grimmsnarl\n|-sidestart|p2: Harchitkamal|move: Light Screen\n|move|p2a: Slowbro|Calm Mind|p2a: Slowbro\n|-boost|p2a: Slowbro|spa|1\n|-boost|p2a: Slowbro|spd|1\n|-enditem|p1a: Espathra|Mirror Herb\n|-boost|p1a: Espathra|spa|1|[from] item: Mirror Herb\n|-boost|p1a: Espathra|spd|1|[from] item: Mirror Herb\n|-ability|p1a: Espathra|Opportunist|boost\n|-boost|p1a: Espathra|spa|1\n|-boost|p1a: Espathra|spd|1\n|move|p1b: Glimmora|Energy Ball|p2a: Slowbro\n|-supereffective|p2a: Slowbro\n|-damage|p2a: Slowbro|60\/100\n|move|p1a: Espathra|Lumina Crash|p2a: Slowbro\n|-resisted|p2a: Slowbro\n|-damage|p2a: Slowbro|42\/100\n|-unboost|p2a: Slowbro|spd|2\n|\n|-end|p1b: Glimmora|move: Future Sight\n|-damage|p1b: Glimmora|32\/100 par\n|upkeep\n|turn|5\n|\n|t:|1699076011\n|move|p1b: Glimmora|Spiky Shield|p1b: Glimmora\n|-singleturn|p1b: Glimmora|move: Protect\n|move|p2a: Slowbro|Calm Mind|p2a: Slowbro\n|-boost|p2a: Slowbro|spa|1\n|-boost|p2a: Slowbro|spd|1\n|-ability|p1a: Espathra|Opportunist|boost\n|-boost|p1a: Espathra|spa|1\n|-boost|p1a: Espathra|spd|1\n|move|p2b: Grimmsnarl|Spirit Break|p1a: Espathra\n|-damage|p1a: Espathra|61\/100 par\n|-unboost|p1a: Espathra|spa|1\n|move|p1a: Espathra|Calm Mind|p1a: Espathra\n|-boost|p1a: Espathra|spa|1\n|-boost|p1a: Espathra|spd|1\n|\n|-end|p1a: Espathra|move: Future Sight\n|-resisted|p1a: Espathra\n|-damage|p1a: Espathra|46\/100 par\n|-fieldend|move: Trick Room\n|upkeep\n|turn|6\n|\n|t:|1699076037\n|move|p2b: Grimmsnarl|Thunder Wave|p1b: Glimmora\n|-fail|p1b: Glimmora|par\n|cant|p1a: Espathra|par\n|cant|p1b: Glimmora|par\n|move|p2a: Slowbro|Future Sight|p1b: Glimmora\n|-start|p2a: Slowbro|move: Future Sight\n|\n|upkeep\n|turn|7\n|\n|t:|1699076055\n|move|p1a: Espathra|Lumina Crash|p2a: Slowbro\n|-resisted|p2a: Slowbro\n|-damage|p2a: Slowbro|7\/100\n|-unboost|p2a: Slowbro|spd|2\n|move|p2b: Grimmsnarl|Spirit Break|p1a: Espathra\n|-damage|p1a: Espathra|8\/100 par\n|-unboost|p1a: Espathra|spa|1\n|cant|p1b: Glimmora|par\n|move|p2a: Slowbro|Calm Mind|p2a: Slowbro\n|-boost|p2a: Slowbro|spa|1\n|-boost|p2a: Slowbro|spd|1\n|-ability|p1a: Espathra|Opportunist|boost\n|-boost|p1a: Espathra|spa|1\n|\n|upkeep\n|turn|8\n|\n|t:|1699076078\n|switch|p1b: Tsareena|Tsareena, F, shiny|100\/100\n|move|p1a: Espathra|Stored Power|p2a: Slowbro\n|-resisted|p2a: Slowbro\n|-damage|p2a: Slowbro|0 fnt\n|faint|p2a: Slowbro\n|move|p2b: Grimmsnarl|Spirit Break|p1a: Espathra\n|-damage|p1a: Espathra|0 fnt\n|faint|p1a: Espathra\n|\n|-end|p1b: Tsareena|move: Future Sight\n|-damage|p1b: Tsareena|55\/100\n|upkeep\n|\n|t:|1699076097\n|switch|p1a: Flamigo|Flamigo, F|100\/100\n|switch|p2a: Hippowdon|Hippowdon, F|100\/100\n|-damage|p2a: Hippowdon|88\/100|[from] Spikes\n|-weather|Sandstorm|[from] ability: Sand Stream|[of] p2a: Hippowdon\n|turn|9\n|\n|t:|1699076120\n|move|p2b: Grimmsnarl|Reflect|p2b: Grimmsnarl\n|-sidestart|p2: Harchitkamal|Reflect\n|move|p1a: Flamigo|U-turn|p2b: Grimmsnarl\n|-damage|p2b: Grimmsnarl|82\/100\n|\n|t:|1699076126\n|switch|p1a: Snorlax|Snorlax, M|100\/100|[from] U-turn\n|move|p1b: Tsareena|Taunt|p2a: Hippowdon\n|-start|p2a: Hippowdon|move: Taunt\n|cant|p2a: Hippowdon|move: Taunt|Stealth Rock\n|\n|-weather|Sandstorm|[upkeep]\n|-damage|p2b: Grimmsnarl|76\/100|[from] Sandstorm\n|-damage|p1b: Tsareena|49\/100|[from] Sandstorm\n|-damage|p1a: Snorlax|94\/100|[from] Sandstorm\n|upkeep\n|turn|10\n|\n|t:|1699076143\n|switch|p2a: Goodra|Goodra-Hisui, F|100\/100\n|-damage|p2a: Goodra|88\/100|[from] Spikes\n|move|p2b: Grimmsnarl|Thunder Wave||[still]\n|cant|p1b: Tsareena|ability: Queenly Majesty|Thunder Wave|[of] p2b: Grimmsnarl\n|move|p1b: Tsareena|Trop Kick|p2a: Goodra\n|-resisted|p2a: Goodra\n|-damage|p2a: Goodra|83\/100\n|-unboost|p2a: Goodra|atk|1\n|move|p1a: Snorlax|Body Slam|p2a: Goodra\n|-resisted|p2a: Goodra\n|-damage|p2a: Goodra|74\/100\n|-status|p2a: Goodra|par\n|\n|-weather|Sandstorm|[upkeep]\n|-damage|p2b: Grimmsnarl|70\/100|[from] Sandstorm\n|-damage|p1b: Tsareena|43\/100|[from] Sandstorm\n|-damage|p1a: Snorlax|88\/100|[from] Sandstorm\n|upkeep\n|turn|11\n|\n|t:|1699076168\n|move|p2b: Grimmsnarl|Thunder Wave||[still]\n|cant|p1b: Tsareena|ability: Queenly Majesty|Thunder Wave|[of] p2b: Grimmsnarl\n|move|p1b: Tsareena|Aromatic Mist|p1a: Snorlax\n|-boost|p1a: Snorlax|spd|1\n|move|p2a: Goodra|Shelter|p2a: Goodra\n|-boost|p2a: Goodra|def|2\n|move|p1a: Snorlax|Body Press|p2a: Goodra\n|-supereffective|p2a: Goodra\n|-damage|p2a: Goodra|61\/100 par\n|\n|-weather|Sandstorm|[upkeep]\n|-damage|p2b: Grimmsnarl|64\/100|[from] Sandstorm\n|-damage|p1b: Tsareena|37\/100|[from] Sandstorm\n|-damage|p1a: Snorlax|82\/100|[from] Sandstorm\n|-sideend|p2: Harchitkamal|move: Light Screen\n|upkeep\n|turn|12\n|\n|t:|1699076195\n|move|p2b: Grimmsnarl|Light Screen|p2b: Grimmsnarl\n|-sidestart|p2: Harchitkamal|move: Light Screen\n|move|p1b: Tsareena|Taunt|p2b: Grimmsnarl\n|-start|p2b: Grimmsnarl|move: Taunt\n|cant|p2a: Goodra|par\n|move|p1a: Snorlax|Body Press|p2a: Goodra\n|-supereffective|p2a: Goodra\n|-damage|p2a: Goodra|48\/100 par\n|\n|-weather|Sandstorm|[upkeep]\n|-damage|p2b: Grimmsnarl|58\/100|[from] Sandstorm\n|-damage|p1b: Tsareena|31\/100|[from] Sandstorm\n|-damage|p1a: Snorlax|76\/100|[from] Sandstorm\n|upkeep\n|turn|13\n|\n|t:|1699076214\n|move|p2b: Grimmsnarl|Spirit Break|p1b: Tsareena\n|-damage|p1b: Tsareena|4\/100\n|-unboost|p1b: Tsareena|spa|1\n|move|p1b: Tsareena|Trop Kick|p2b: Grimmsnarl\n|-damage|p2b: Grimmsnarl|32\/100\n|-unboost|p2b: Grimmsnarl|atk|1\n|move|p2a: Goodra|Body Press|p1a: Snorlax\n|-supereffective|p1a: Snorlax\n|-damage|p1a: Snorlax|33\/100\n|-enditem|p1a: Snorlax|Sitrus Berry|[eat]\n|-heal|p1a: Snorlax|58\/100|[from] item: Sitrus Berry\n|move|p1a: Snorlax|Body Slam|p2b: Grimmsnarl\n|-damage|p2b: Grimmsnarl|6\/100\n|\n|-weather|none\n|upkeep\n|turn|14\n|\n|t:|1699076241\n|move|p2b: Grimmsnarl|Spirit Break|p1b: Tsareena\n|-damage|p1b: Tsareena|0 fnt\n|faint|p1b: Tsareena\n|cant|p2a: Goodra|par\n|move|p1a: Snorlax|Tera Blast|p2a: Goodra\n|-resisted|p2a: Goodra\n|-damage|p2a: Goodra|45\/100 par\n|\n|upkeep\n|\n|t:|1699076248\n|switch|p1b: Ursaluna|Ursaluna-Bloodmoon, M|100\/100\n|turn|15\n|\n|t:|1699076265\n|move|p2b: Grimmsnarl|Spirit Break|p1b: Ursaluna\n|-damage|p1b: Ursaluna|86\/100\n|-unboost|p1b: Ursaluna|spa|1\n|move|p1b: Ursaluna|Headlong Rush|p2a: Goodra\n|-supereffective|p2a: Goodra\n|-damage|p2a: Goodra|16\/100 par\n|-unboost|p1b: Ursaluna|def|1\n|-unboost|p1b: Ursaluna|spd|1\n|-damage|p1b: Ursaluna|76\/100|[from] item: Life Orb\n|cant|p2a: Goodra|par\n|move|p1a: Snorlax|Body Press|p2b: Grimmsnarl\n|-damage|p2b: Grimmsnarl|0 fnt\n|faint|p2b: Grimmsnarl\n|\n|upkeep\n|\n|t:|1699076282\n|switch|p2b: Hippowdon|Hippowdon, F|88\/100\n|-damage|p2b: Hippowdon|76\/100|[from] Spikes\n|-weather|Sandstorm|[from] ability: Sand Stream|[of] p2b: Hippowdon\n|turn|16\n|\n|t:|1699076294\n|switch|p1b: Flamigo|Flamigo, F|100\/100\n|cant|p2a: Goodra|par\n|move|p1a: Snorlax|Body Slam|p2b: Hippowdon\n|-damage|p2b: Hippowdon|65\/100\n|-status|p2b: Hippowdon|par\n|move|p2b: Hippowdon|Whirlwind|p1a: Snorlax\n|drag|p1a: Ursaluna|Ursaluna-Bloodmoon, M|76\/100\n|\n|-weather|Sandstorm|[upkeep]\n|-damage|p1b: Flamigo|94\/100|[from] Sandstorm\n|-sideend|p2: Harchitkamal|Reflect\n|upkeep\n|turn|17\n|\n|t:|1699076320\n|move|p1b: Flamigo|U-turn|p2b: Hippowdon\n|-damage|p2b: Hippowdon|53\/100 par\n|\n|t:|1699076324\n|switch|p1b: Snorlax|Snorlax, M|58\/100|[from] U-turn\n|move|p1a: Ursaluna|Headlong Rush|p2a: Goodra\n|-supereffective|p2a: Goodra\n|-damage|p2a: Goodra|0 fnt\n|-unboost|p1a: Ursaluna|def|1\n|-unboost|p1a: Ursaluna|spd|1\n|faint|p2a: Goodra\n|-damage|p1a: Ursaluna|66\/100|[from] item: Life Orb\n|cant|p2b: Hippowdon|par\n|\n|-weather|Sandstorm|[upkeep]\n|-damage|p1b: Snorlax|52\/100|[from] Sandstorm\n|upkeep\n|\n|t:|1699076340\n|switch|p2a: Garchomp|Garchomp, F|100\/100\n|-damage|p2a: Garchomp|88\/100|[from] Spikes\n|turn|18\n|\n|t:|1699076360\n|move|p2a: Garchomp|Spikes|p1a: Ursaluna\n|-sidestart|p1: 264nerfyman|Spikes\n|move|p1a: Ursaluna|Blood Moon|p2a: Garchomp|[miss]\n|-miss|p1a: Ursaluna|p2a: Garchomp\n|move|p1b: Snorlax|Body Slam|p2a: Garchomp|[miss]\n|-miss|p1b: Snorlax|p2a: Garchomp\n|cant|p2b: Hippowdon|par\n|\n|-weather|Sandstorm|[upkeep]\n|-damage|p1b: Snorlax|46\/100|[from] Sandstorm\n|upkeep\n|turn|19\n|\n|t:|1699076381\n|move|p1a: Ursaluna|Vacuum Wave|p2b: Hippowdon\n|-damage|p2b: Hippowdon|39\/100 par\n|-damage|p1a: Ursaluna|56\/100|[from] item: Life Orb\n|move|p2a: Garchomp|Swords Dance|p2a: Garchomp\n|-boost|p2a: Garchomp|atk|2\n|move|p1b: Snorlax|Recycle|p1b: Snorlax\n|-item|p1b: Snorlax|Sitrus Berry|[from] move: Recycle\n|-enditem|p1b: Snorlax|Sitrus Berry|[eat]\n|-heal|p1b: Snorlax|71\/100|[from] item: Sitrus Berry\n|move|p2b: Hippowdon|Whirlwind|p1b: Snorlax\n|drag|p1b: Flamigo|Flamigo, F|94\/100\n|\n|-weather|Sandstorm|[upkeep]\n|-damage|p1b: Flamigo|88\/100|[from] Sandstorm\n|-sideend|p2: Harchitkamal|move: Light Screen\n|upkeep\n|turn|20\n|inactive|Battle timer is ON: inactive players will automatically lose when time's up. (requested by 264nerfyman)\n|\n|t:|1699076454\n|move|p1b: Flamigo|U-turn|p2a: Garchomp\n|-damage|p2a: Garchomp|66\/100\n|\n|t:|1699076456\n|switch|p1b: Snorlax|Snorlax, M|71\/100|[from] U-turn\n|-damage|p1b: Snorlax|58\/100|[from] Spikes\n|move|p1a: Ursaluna|Blood Moon|p2a: Garchomp\n|-damage|p2a: Garchomp|0 fnt\n|faint|p2a: Garchomp\n|-damage|p1a: Ursaluna|47\/100|[from] item: Life Orb\n|cant|p2b: Hippowdon|par\n|\n|-weather|none\n|upkeep\n|\n|t:|1699076470\n|switch|p2a: Garganacl|Garganacl, F|100\/100\n|-damage|p2a: Garganacl|88\/100|[from] Spikes\n|turn|21\n|\n|t:|1699076485\n|move|p2a: Garganacl|Salt Cure|p1b: Snorlax\n|-damage|p1b: Snorlax|50\/100\n|-start|p1b: Snorlax|Salt Cure\n|move|p1a: Ursaluna|Headlong Rush|p2a: Garganacl\n|-supereffective|p2a: Garganacl\n|-damage|p2a: Garganacl|30\/100\n|-unboost|p1a: Ursaluna|def|1\n|-unboost|p1a: Ursaluna|spd|1\n|-damage|p1a: Ursaluna|37\/100|[from] item: Life Orb\n|move|p1b: Snorlax|Body Press|p2a: Garganacl\n|-supereffective|p2a: Garganacl\n|-damage|p2a: Garganacl|6\/100\n|move|p2b: Hippowdon|Whirlwind|p1b: Snorlax\n|drag|p1b: Flamigo|Flamigo, F|88\/100\n|\n|-heal|p2a: Garganacl|12\/100|[from] item: Leftovers\n|upkeep\n|turn|22\n|\n|t:|1699076505\n|move|p2a: Garganacl|Protect|p2a: Garganacl\n|-singleturn|p2a: Garganacl|Protect\n|move|p1b: Flamigo|U-turn|p2b: Hippowdon\n|-damage|p2b: Hippowdon|27\/100 par\n|\n|t:|1699076510\n|switch|p1b: Glimmora|Glimmora, M, tera:Grass|32\/100 par|[from] U-turn\n|-damage|p1b: Glimmora|19\/100 par|[from] Spikes\n|move|p1a: Ursaluna|Headlong Rush|p2a: Garganacl\n|-activate|p2a: Garganacl|move: Protect\n|move|p2b: Hippowdon|Earthquake|p1a: Ursaluna|[spread] p1a,p1b\n|-activate|p2a: Garganacl|move: Protect\n|-resisted|p1b: Glimmora\n|-damage|p1a: Ursaluna|0 fnt\n|-damage|p1b: Glimmora|5\/100 par\n|-activate|p1b: Glimmora|ability: Toxic Debris\n|-sidestart|p2: Harchitkamal|move: Toxic Spikes\n|faint|p1a: Ursaluna\n|\n|-heal|p2a: Garganacl|18\/100|[from] item: Leftovers\n|upkeep\n|\n|t:|1699076512\n|switch|p1a: Snorlax|Snorlax, M|50\/100\n|-damage|p1a: Snorlax|38\/100|[from] Spikes\n|turn|23\n|\n|t:|1699076539\n|switch|p1b: Flamigo|Flamigo, F|88\/100\n|move|p2a: Garganacl|Salt Cure|p1a: Snorlax\n|-damage|p1a: Snorlax|29\/100\n|-start|p1a: Snorlax|Salt Cure\n|move|p1a: Snorlax|Recycle|p1a: Snorlax\n|-item|p1a: Snorlax|Sitrus Berry|[from] move: Recycle\n|-enditem|p1a: Snorlax|Sitrus Berry|[eat]\n|-heal|p1a: Snorlax|54\/100|[from] item: Sitrus Berry\n|move|p2b: Hippowdon|Whirlwind|p1b: Flamigo\n|drag|p1b: Glimmora|Glimmora, M, tera:Grass|5\/100 par\n|-damage|p1b: Glimmora|0 fnt|[from] Spikes\n|faint|p1b: Glimmora\n|\n|-heal|p2a: Garganacl|25\/100|[from] item: Leftovers\n|-damage|p1a: Snorlax|42\/100|[from] Salt Cure\n|upkeep\n|\n|t:|1699076552\n|switch|p1b: Flamigo|Flamigo, F|88\/100\n|turn|24\n|inactive|Harchitkamal has 120 seconds left.\n|inactive|Harchitkamal has 90 seconds left.\n|\n|t:|1699076625\n|move|p2a: Garganacl|Protect|p2a: Garganacl\n|-singleturn|p2a: Garganacl|Protect\n|move|p1b: Flamigo|Fly||[still]\n|-prepare|p1b: Flamigo|Fly\n|move|p2b: Hippowdon|Earthquake|p1b: Flamigo|[spread] p1a\n|-miss|p2b: Hippowdon|p1b: Flamigo\n|-activate|p2a: Garganacl|move: Protect\n|-damage|p1a: Snorlax|23\/100\n|move|p1a: Snorlax|Body Press|p2a: Garganacl\n|-activate|p2a: Garganacl|move: Protect\n|\n|-heal|p2a: Garganacl|31\/100|[from] item: Leftovers\n|-damage|p1a: Snorlax|11\/100|[from] Salt Cure\n|upkeep\n|turn|25\n|inactive|Harchitkamal has 90 seconds left.\n|\n|t:|1699076653\n|move|p1b: Flamigo|Fly|p2b: Hippowdon|[from]lockedmove\n|-damage|p2b: Hippowdon|4\/100 par\n|move|p2a: Garganacl|Iron Defense|p2a: Garganacl\n|-boost|p2a: Garganacl|def|2\n|move|p1a: Snorlax|Body Slam|p2b: Hippowdon\n|-damage|p2b: Hippowdon|0 fnt\n|faint|p2b: Hippowdon\n|\n|-heal|p2a: Garganacl|37\/100|[from] item: Leftovers\n|-damage|p1a: Snorlax|0 fnt|[from] Salt Cure\n|faint|p1a: Snorlax\n|upkeep\n|turn|26\n|inactive|Harchitkamal has 90 seconds left.\n|\n|t:|1699076669\n|move|p1b: Flamigo|U-turn|p2a: Garganacl\n|-damage|p2a: Garganacl|28\/100\n|move|p2a: Garganacl|Salt Cure|p1b: Flamigo\n|-damage|p1b: Flamigo|66\/100\n|-start|p1b: Flamigo|Salt Cure\n|\n|-heal|p2a: Garganacl|35\/100|[from] item: Leftovers\n|-damage|p1b: Flamigo|54\/100|[from] Salt Cure\n|upkeep\n|turn|27\n|\n|t:|1699076678\n|move|p2a: Garganacl|Protect|p2a: Garganacl\n|-singleturn|p2a: Garganacl|Protect\n|move|p1b: Flamigo|Low Kick|p2a: Garganacl\n|-activate|p2a: Garganacl|move: Protect\n|\n|-heal|p2a: Garganacl|41\/100|[from] item: Leftovers\n|-damage|p1b: Flamigo|41\/100|[from] Salt Cure\n|upkeep\n|turn|28\n|inactive|Harchitkamal has 120 seconds left.\n|\n|t:|1699076710\n|move|p1b: Flamigo|Low Kick|p2a: Garganacl\n|-supereffective|p2a: Garganacl\n|-damage|p2a: Garganacl|5\/100\n|move|p2a: Garganacl|Salt Cure|p1b: Flamigo\n|-damage|p1b: Flamigo|22\/100\n|\n|-heal|p2a: Garganacl|11\/100|[from] item: Leftovers\n|-damage|p1b: Flamigo|10\/100|[from] Salt Cure\n|upkeep\n|turn|29\n|\n|t:|1699076723\n|move|p2a: Garganacl|Protect|p2a: Garganacl\n|-singleturn|p2a: Garganacl|Protect\n|move|p1b: Flamigo|U-turn|p2a: Garganacl\n|-activate|p2a: Garganacl|move: Protect\n|\n|-heal|p2a: Garganacl|17\/100|[from] item: Leftovers\n|-damage|p1b: Flamigo|0 fnt|[from] Salt Cure\n|faint|p1b: Flamigo\n|\n|win|Harchitkamal\n|upkeep\n|raw|264nerfyman's rating: 1050 &rarr; <strong>1035<\/strong><br \/>(-15 for losing)\n|raw|Harchitkamal's rating: 1092 &rarr; <strong>1115<\/strong><br \/>(+23 for winning)\n|c|\u2606264nerfyman|gg\n|c|\u2606Harchitkamal|Gg\n|l|\u2606Harchitkamal\n","uploadtime":1699076748,"views":18,"p1id":"264nerfyman","p2id":"harchitkamal","formatid":"gen9doublesou","rating":1035,"private":0,"password":""}