{"id":"gen9doublesou-1971981427","p1":"Pohja","p2":"dingding69","format":"[Gen 9] Doubles OU","log":"|j|\u2606Pohja\n|j|\u2606dingding69\n|t:|1697800957\n|gametype|doubles\n|player|p1|Pohja|liza|1022\n|player|p2|dingding69|swimmer-gen4dp|1075\n|teamsize|p1|6\n|teamsize|p2|6\n|gen|9\n|tier|[Gen 9] Doubles OU\n|rated|\n|rule|Species Clause: Limit one of each Pok\u00e9mon\n|rule|OHKO Clause: OHKO moves are banned\n|rule|Evasion Moves Clause: Evasion moves are banned\n|rule|Gravity Sleep Clause: The combination of sleep-inducing moves with imperfect accuracy and Gravity or Gigantamax Orbeetle are banned\n|rule|Endless Battle Clause: Forcing endless battles is banned\n|rule|HP Percentage Mod: HP is shown in percentages\n|clearpoke\n|poke|p1|Espathra, M|\n|poke|p1|Pachirisu, F|\n|poke|p1|Sylveon, M|\n|poke|p1|Indeedee-F, F|\n|poke|p1|Espeon, F|\n|poke|p1|Ceruledge, F|\n|poke|p2|Cresselia, F|\n|poke|p2|Iron Hands|\n|poke|p2|Pincurchin, M|\n|poke|p2|Pawmot, F|\n|poke|p2|Thundurus, M|\n|poke|p2|Magnezone|\n|teampreview\n|inactive|Battle timer is ON: inactive players will automatically lose when time's up. (requested by Pohja)\n|\n|t:|1697800964\n|start\n|switch|p1a: Espathra|Espathra, M|100\/100\n|switch|p1b: Pachirisu|Pachirisu, F|100\/100\n|switch|p2a: Cresselia|Cresselia, F|100\/100\n|switch|p2b: Thundurus|Thundurus, M, shiny|100\/100\n|turn|1\n|\n|t:|1697800977\n|move|p2b: Thundurus|Thunder Wave|p1a: Espathra\n|-status|p1a: Espathra|par\n|move|p1b: Pachirisu|Flatter|p2a: Cresselia\n|-boost|p2a: Cresselia|spa|1\n|-ability|p1a: Espathra|Opportunist|boost\n|-boost|p1a: Espathra|spa|1\n|-start|p2a: Cresselia|confusion\n|move|p1a: Espathra|Lumina Crash|p2a: Cresselia\n|-resisted|p2a: Cresselia\n|-damage|p2a: Cresselia|88\/100\n|-unboost|p2a: Cresselia|spd|2\n|-activate|p2a: Cresselia|confusion\n|move|p2a: Cresselia|Trick Room|p2a: Cresselia\n|-fieldstart|move: Trick Room|[of] p2a: Cresselia\n|\n|upkeep\n|turn|2\n|inactive|Pohja has 120 seconds left.\n|\n|t:|1697801008\n|switch|p2a: Pincurchin|Pincurchin, M, shiny|100\/100\n|-fieldstart|move: Electric Terrain|[from] ability: Electric Surge|[of] p2a: Pincurchin\n|switch|p1b: Sylveon|Sylveon, M|100\/100\n|move|p1a: Espathra|Lumina Crash|p2b: Thundurus\n|-damage|p2b: Thundurus|24\/100\n|-unboost|p2b: Thundurus|spd|2\n|move|p2b: Thundurus|U-turn|p1a: Espathra\n|-supereffective|p1a: Espathra\n|-damage|p1a: Espathra|46\/100 par\n|inactive|dingding69 has 120 seconds left.\n|\n|t:|1697801031\n|switch|p2b: Magnezone|Magnezone|100\/100|[from] U-turn\n|\n|upkeep\n|turn|3\n|\n|t:|1697801052\n|move|p1a: Espathra|Protect|p1a: Espathra\n|-singleturn|p1a: Espathra|Protect\n|move|p2a: Pincurchin|Toxic Spikes|p1a: Espathra\n|-sidestart|p1: Pohja|move: Toxic Spikes\n|move|p1b: Sylveon|Hyper Voice|p2b: Magnezone|[spread] p2a,p2b\n|-resisted|p2b: Magnezone\n|-damage|p2a: Pincurchin|40\/100\n|-damage|p2b: Magnezone|75\/100\n|move|p2b: Magnezone|Flash Cannon|p1b: Sylveon\n|-supereffective|p1b: Sylveon\n|-damage|p1b: Sylveon|38\/100\n|\n|upkeep\n|turn|4\n|\n|t:|1697801076\n|move|p2a: Pincurchin|Recover|p2a: Pincurchin\n|-heal|p2a: Pincurchin|90\/100\n|move|p1b: Sylveon|Hyper Voice|p2a: Pincurchin|[spread] p2a,p2b\n|-resisted|p2b: Magnezone\n|-damage|p2a: Pincurchin|24\/100\n|-damage|p2b: Magnezone|49\/100\n|-enditem|p2a: Pincurchin|Wiki Berry|[eat]\n|-heal|p2a: Pincurchin|57\/100|[from] item: Wiki Berry\n|move|p2b: Magnezone|Flash Cannon|p1b: Sylveon\n|-supereffective|p1b: Sylveon\n|-damage|p1b: Sylveon|0 fnt\n|faint|p1b: Sylveon\n|move|p1a: Espathra|Lumina Crash|p2b: Magnezone\n|-resisted|p2b: Magnezone\n|-damage|p2b: Magnezone|21\/100\n|-heal|p1a: Espathra|49\/100 par|[from] item: Shell Bell|[of] p2b: Magnezone\n|\n|upkeep\n|\n|t:|1697801098\n|switch|p1b: Pachirisu|Pachirisu, F|100\/100\n|-status|p1b: Pachirisu|psn\n|turn|5\n|\n|t:|1697801115\n|move|p2a: Pincurchin|Toxic Spikes|p1a: Espathra\n|-sidestart|p1: Pohja|move: Toxic Spikes\n|move|p2b: Magnezone|Flash Cannon|p1b: Pachirisu\n|-resisted|p1b: Pachirisu\n|-damage|p1b: Pachirisu|76\/100 psn\n|cant|p1a: Espathra|par\n|move|p1b: Pachirisu|Flatter|p2a: Pincurchin\n|-boost|p2a: Pincurchin|spa|1\n|-ability|p1a: Espathra|Opportunist|boost\n|-boost|p1a: Espathra|spa|1\n|-start|p2a: Pincurchin|confusion\n|\n|-damage|p1b: Pachirisu|64\/100 psn|[from] psn\n|-fieldend|move: Trick Room\n|upkeep\n|turn|6\n|\n|t:|1697801133\n|switch|p2a: Cresselia|Cresselia, F|88\/100\n|move|p1b: Pachirisu|Protect|p1b: Pachirisu\n|-singleturn|p1b: Pachirisu|Protect\n|move|p1a: Espathra|Protect|p1a: Espathra\n|-singleturn|p1a: Espathra|Protect\n|move|p2b: Magnezone|Flash Cannon|p1a: Espathra\n|-activate|p1a: Espathra|move: Protect\n|\n|-damage|p1b: Pachirisu|51\/100 psn|[from] psn\n|-fieldend|move: Electric Terrain\n|upkeep\n|turn|7\n|\n|t:|1697801159\n|switch|p1b: Espeon|Espeon, F|100\/100\n|-status|p1b: Espeon|tox\n|move|p1a: Espathra|Lumina Crash|p2b: Magnezone\n|-resisted|p2b: Magnezone\n|-damage|p2b: Magnezone|0 fnt\n|faint|p2b: Magnezone\n|-heal|p1a: Espathra|52\/100 par|[from] item: Shell Bell|[of] p2: Magnezone\n|move|p2a: Cresselia|Trick Room|p2a: Cresselia\n|-fieldstart|move: Trick Room|[of] p2a: Cresselia\n|\n|-damage|p1b: Espeon|95\/100 tox|[from] psn\n|upkeep\n|\n|t:|1697801167\n|switch|p2b: Pincurchin|Pincurchin, M, shiny|57\/100\n|-fieldstart|move: Electric Terrain|[from] ability: Electric Surge|[of] p2b: Pincurchin\n|turn|8\n|\n|t:|1697801186\n|move|p2b: Pincurchin|Memento|p1b: Espeon\n|-unboost|p1b: Espeon|atk|2\n|-unboost|p1b: Espeon|spa|2\n|faint|p2b: Pincurchin\n|move|p1a: Espathra|Lumina Crash|p2a: Cresselia\n|-resisted|p2a: Cresselia\n|-damage|p2a: Cresselia|70\/100\n|-unboost|p2a: Cresselia|spd|2\n|-heal|p1a: Espathra|54\/100 par|[from] item: Shell Bell|[of] p2a: Cresselia\n|move|p2a: Cresselia|Lunar Blessing|p2a: Cresselia\n|-heal|p2a: Cresselia|95\/100\n|move|p1b: Espeon|Psych Up|p1a: Espathra\n|-copyboost|p1b: Espeon|p1a: Espathra|[from] move: Psych Up\n|\n|-heal|p1b: Espeon|100\/100 tox|[from] item: Leftovers\n|-damage|p1b: Espeon|89\/100 tox|[from] psn\n|upkeep\n|\n|t:|1697801190\n|switch|p2b: Iron Hands|Iron Hands|100\/100\n|-activate|p2b: Iron Hands|ability: Quark Drive\n|-start|p2b: Iron Hands|quarkdriveatk\n|turn|9\n|\n|t:|1697801213\n|move|p2b: Iron Hands|Belly Drum|p2b: Iron Hands\n|-damage|p2b: Iron Hands|51\/100\n|-setboost|p2b: Iron Hands|atk|6|[from] move: Belly Drum\n|-ability|p1a: Espathra|Opportunist|boost\n|-boost|p1a: Espathra|atk|6\n|cant|p1a: Espathra|par\n|move|p2a: Cresselia|Lunar Blessing|p2a: Cresselia|[spread] p2a,p2b\n|-heal|p2a: Cresselia|100\/100\n|-heal|p2b: Iron Hands|76\/100\n|move|p1b: Espeon|Psychic|p2b: Iron Hands\n|-supereffective|p2b: Iron Hands\n|-damage|p2b: Iron Hands|0 fnt\n|faint|p2b: Iron Hands\n|-end|p2b: Iron Hands|Quark Drive|[silent]\n|\n|-heal|p1b: Espeon|95\/100 tox|[from] item: Leftovers\n|-damage|p1b: Espeon|77\/100 tox|[from] psn\n|upkeep\n|\n|t:|1697801229\n|switch|p2b: Pawmot|Pawmot, F|100\/100\n|turn|10\n|\n|t:|1697801248\n|cant|p1a: Espathra|par\n|move|p2a: Cresselia|Lunar Blessing||[still]|[spread] \n|-fail|p2a: Cresselia\n|move|p2b: Pawmot|Revival Blessing|p2b: Pawmot\n|\n|t:|1697801254\n|-heal|p2: Pincurchin|50\/100|[from] move: Revival Blessing\n|move|p1b: Espeon|Draining Kiss|p2b: Pawmot\n|-supereffective|p2b: Pawmot\n|-damage|p2b: Pawmot|0 fnt\n|-heal|p1b: Espeon|100\/100 tox|[from] drain|[of] p2b: Pawmot\n|faint|p2b: Pawmot\n|\n|-damage|p1b: Espeon|77\/100 tox|[from] psn\n|upkeep\n|\n|t:|1697801262\n|switch|p2b: Thundurus|Thundurus, M, shiny|24\/100\n|turn|11\n|\n|t:|1697801275\n|move|p2a: Cresselia|Helping Hand|p2b: Thundurus\n|-singleturn|p2b: Thundurus|Helping Hand|[of] p2a: Cresselia\n|cant|p1a: Espathra|par\n|move|p1b: Espeon|Draining Kiss|p2a: Cresselia\n|-damage|p2a: Cresselia|64\/100\n|-heal|p1b: Espeon|100\/100 tox|[from] drain|[of] p2a: Cresselia\n|move|p2b: Thundurus|Discharge|p1a: Espathra|[spread] p2a,p1a,p1b\n|-damage|p2a: Cresselia|23\/100\n|-damage|p1a: Espathra|0 fnt\n|-damage|p1b: Espeon|44\/100 tox\n|-status|p2a: Cresselia|par\n|-enditem|p2a: Cresselia|Figy Berry|[eat]\n|-heal|p2a: Cresselia|56\/100 par|[from] item: Figy Berry\n|faint|p1a: Espathra\n|\n|-heal|p1b: Espeon|50\/100 tox|[from] item: Leftovers\n|-damage|p1b: Espeon|20\/100 tox|[from] psn\n|-fieldend|move: Trick Room\n|upkeep\n|inactive|Pohja has 120 seconds left.\n|\n|t:|1697801327\n|switch|p1a: Ceruledge|Ceruledge, F|100\/100\n|-status|p1a: Ceruledge|tox\n|turn|12\n|\n|t:|1697801341\n|move|p2b: Thundurus|Discharge|p1b: Espeon|[spread] p2a,p1a,p1b\n|-damage|p2a: Cresselia|24\/100 par\n|-damage|p1a: Ceruledge|79\/100 tox\n|-damage|p1b: Espeon|0 fnt\n|faint|p1b: Espeon\n|move|p1a: Ceruledge|Bitter Blade|p2b: Thundurus\n|-damage|p2b: Thundurus|0 fnt\n|-heal|p1a: Ceruledge|91\/100 tox|[from] drain|[of] p2b: Thundurus\n|faint|p2b: Thundurus\n|move|p2a: Cresselia|Trick Room|p2a: Cresselia\n|-fieldstart|move: Trick Room|[of] p2a: Cresselia\n|\n|-damage|p1a: Ceruledge|84\/100 tox|[from] psn\n|-fieldend|move: Electric Terrain\n|upkeep\n|\n|t:|1697801351\n|switch|p1b: Indeedee|Indeedee-F, F|100\/100\n|switch|p2b: Pincurchin|Pincurchin, M, shiny|50\/100\n|-fieldstart|move: Electric Terrain|[from] ability: Electric Surge|[of] p2b: Pincurchin\n|-status|p1b: Indeedee|tox\n|-fieldstart|move: Psychic Terrain|[from] ability: Psychic Surge|[of] p1b: Indeedee\n|turn|13\n|\n|t:|1697801358\n|move|p1b: Indeedee|Follow Me|p1b: Indeedee\n|-singleturn|p1b: Indeedee|move: Follow Me\n|move|p2b: Pincurchin|Recover|p2b: Pincurchin\n|-heal|p2b: Pincurchin|100\/100\n|move|p2a: Cresselia|Lunar Blessing|p2a: Cresselia|[spread] p2a,p2b\n|-heal|p2a: Cresselia|49\/100 par\n|-curestatus|p2a: Cresselia|par|[msg]\n|move|p1a: Ceruledge|Bitter Blade|p2b: Pincurchin\n|-damage|p2b: Pincurchin|63\/100\n|-heal|p1a: Ceruledge|100\/100 tox|[from] drain|[of] p2b: Pincurchin\n|\n|-damage|p1a: Ceruledge|88\/100 tox|[from] psn\n|-damage|p1b: Indeedee|94\/100 tox|[from] psn\n|upkeep\n|turn|14\n|inactive|Pohja has 120 seconds left.\n|\n|t:|1697801393\n|move|p2a: Cresselia|Protect|p2a: Cresselia\n|-singleturn|p2a: Cresselia|Protect\n|move|p2b: Pincurchin|Recover|p2b: Pincurchin\n|-heal|p2b: Pincurchin|100\/100\n|move|p1a: Ceruledge|Shadow Ball|p2a: Cresselia\n|-activate|p2a: Cresselia|move: Protect\n|move|p1b: Indeedee|Reflect|p1b: Indeedee\n|-sidestart|p1: Pohja|Reflect\n|\n|-damage|p1b: Indeedee|82\/100 tox|[from] psn\n|-damage|p1a: Ceruledge|70\/100 tox|[from] psn\n|upkeep\n|turn|15\n|\n|t:|1697801414\n|move|p2b: Pincurchin|Acupressure|p2a: Cresselia\n|-boost|p2a: Cresselia|accuracy|2\n|move|p2a: Cresselia|Lunar Blessing|p2a: Cresselia|[spread] p2a,p2b\n|-heal|p2a: Cresselia|74\/100\n|move|p1b: Indeedee|Light Screen|p1b: Indeedee\n|-sidestart|p1: Pohja|move: Light Screen\n|move|p1a: Ceruledge|Shadow Ball|p2a: Cresselia\n|-supereffective|p2a: Cresselia\n|-damage|p2a: Cresselia|37\/100\n|\n|-damage|p1b: Indeedee|64\/100 tox|[from] psn\n|-damage|p1a: Ceruledge|45\/100 tox|[from] psn\n|upkeep\n|turn|16\n|\n|t:|1697801435\n|move|p1b: Indeedee|Follow Me|p1b: Indeedee\n|-singleturn|p1b: Indeedee|move: Follow Me\n|move|p2b: Pincurchin|Acupressure|p2a: Cresselia\n|-boost|p2a: Cresselia|spd|2\n|move|p2a: Cresselia|Lunar Blessing|p2a: Cresselia|[spread] p2a,p2b\n|-heal|p2a: Cresselia|62\/100\n|move|p1a: Ceruledge|Bitter Blade|p2a: Cresselia\n|-damage|p2a: Cresselia|32\/100\n|-heal|p1a: Ceruledge|68\/100 tox|[from] drain|[of] p2a: Cresselia\n|\n|-damage|p1a: Ceruledge|37\/100 tox|[from] psn\n|-damage|p1b: Indeedee|39\/100 tox|[from] psn\n|-fieldend|move: Trick Room\n|upkeep\n|turn|17\n|\n|t:|1697801462\n|move|p1b: Indeedee|Follow Me|p1b: Indeedee\n|-singleturn|p1b: Indeedee|move: Follow Me\n|move|p1a: Ceruledge|Bitter Blade|p2a: Cresselia\n|-damage|p2a: Cresselia|0 fnt\n|-heal|p1a: Ceruledge|61\/100 tox|[from] drain|[of] p2a: Cresselia\n|faint|p2a: Cresselia\n|move|p2b: Pincurchin|Acupressure|p2: Cresselia|[notarget]\n|-fail|p2b: Pincurchin\n|\n|-damage|p1a: Ceruledge|24\/100 tox|[from] psn\n|-damage|p1b: Indeedee|9\/100 tox|[from] psn\n|-fieldend|move: Psychic Terrain\n|upkeep\n|turn|18\n|\n|t:|1697801481\n|move|p1b: Indeedee|Follow Me|p1b: Indeedee\n|-singleturn|p1b: Indeedee|move: Follow Me\n|move|p1a: Ceruledge|Bitter Blade|p2b: Pincurchin\n|-damage|p2b: Pincurchin|64\/100\n|-heal|p1a: Ceruledge|42\/100 tox|[from] drain|[of] p2b: Pincurchin\n|move|p2b: Pincurchin|Acupressure|p2b: Pincurchin\n|-boost|p2b: Pincurchin|spe|2\n|\n|-damage|p1b: Indeedee|0 fnt|[from] psn\n|faint|p1b: Indeedee\n|-damage|p1a: Ceruledge|0 fnt|[from] psn\n|faint|p1a: Ceruledge\n|-sideend|p1: Pohja|Reflect\n|upkeep\n|\n|t:|1697801496\n|switch|p1a: Pachirisu|Pachirisu, F|51\/100 psn\n|turn|19\n|\n|t:|1697801501\n|move|p1a: Pachirisu|Protect|p1a: Pachirisu\n|-singleturn|p1a: Pachirisu|Protect\n|move|p2b: Pincurchin|Recover|p2b: Pincurchin\n|-heal|p2b: Pincurchin|100\/100\n|\n|-damage|p1a: Pachirisu|39\/100 psn|[from] psn\n|-sideend|p1: Pohja|move: Light Screen\n|upkeep\n|-enditem|p1a: Pachirisu|Sitrus Berry|[eat]\n|-heal|p1a: Pachirisu|64\/100 psn|[from] item: Sitrus Berry\n|turn|20\n|inactive|Pohja has 120 seconds left.\n|inactive|Pohja has 90 seconds left.\n|inactive|Pohja has 60 seconds left.\n|inactive|Pohja has 30 seconds left.\n|inactive|Pohja has 20 seconds left.\n|inactive|Pohja has 15 seconds left.\n|inactive|Pohja has 10 seconds left.\n|inactive|Pohja has 5 seconds left.\n|-message|Pohja lost due to inactivity.\n|\n|win|dingding69\n|raw|Pohja's rating: 1022 &rarr; <strong>1011<\/strong><br \/>(-11 for losing)\n|raw|dingding69's rating: 1075 &rarr; <strong>1099<\/strong><br \/>(+24 for winning)\n","uploadtime":1697801656,"views":13,"p1id":"pohja","p2id":"dingding69","formatid":"gen9doublesou","rating":1011,"private":0,"password":""}