{"id":"gen9doublesou-1969603926","p1":"serfer123451","p2":"suryansh43","format":"[Gen 9] Doubles OU","log":"|j|\u2606serfer123451\n|j|\u2606suryansh43\n|t:|1697551173\n|gametype|doubles\n|player|p1|serfer123451|266|\n|player|p2|suryansh43|169|\n|teamsize|p1|6\n|teamsize|p2|6\n|gen|9\n|tier|[Gen 9] Doubles OU\n|rule|Species Clause: Limit one of each Pok\u00e9mon\n|rule|OHKO Clause: OHKO moves are banned\n|rule|Evasion Moves Clause: Evasion moves are banned\n|rule|Gravity Sleep Clause: The combination of sleep-inducing moves with imperfect accuracy and Gravity or Gigantamax Orbeetle are banned\n|rule|Endless Battle Clause: Forcing endless battles is banned\n|rule|HP Percentage Mod: HP is shown in percentages\n|clearpoke\n|poke|p1|Rillaboom, M|\n|poke|p1|Ogerpon-Hearthflame, F|\n|poke|p1|Chien-Pao|\n|poke|p1|Dragonite, F|\n|poke|p1|Flutter Mane|\n|poke|p1|Basculegion, M|\n|poke|p2|Rillaboom, F|\n|poke|p2|Ursaluna, M|\n|poke|p2|Cresselia, F|\n|poke|p2|Volcanion|\n|poke|p2|Flutter Mane|\n|poke|p2|Kleavor, M|\n|teampreview\n|\n|t:|1697551184\n|start\n|switch|p1a: Chien-Pao|Chien-Pao|100\/100\n|switch|p1b: Dragonite|Dragonite, F|100\/100\n|switch|p2a: Cresselia|Cresselia, F|100\/100\n|switch|p2b: Volcanion|Volcanion|100\/100\n|-ability|p1a: Chien-Pao|Sword of Ruin\n|turn|1\n|c|\u2606serfer123451|gl\n|\n|t:|1697551222\n|-terastallize|p1b: Dragonite|Normal\n|move|p1a: Chien-Pao|Icicle Crash|p2a: Cresselia\n|-damage|p2a: Cresselia|62\/100\n|move|p1b: Dragonite|Stomping Tantrum|p2b: Volcanion\n|-supereffective|p2b: Volcanion\n|-damage|p2b: Volcanion|0 fnt\n|faint|p2b: Volcanion\n|move|p2a: Cresselia|Trick Room|p2a: Cresselia\n|-fieldstart|move: Trick Room|[of] p2a: Cresselia\n|\n|upkeep\n|\n|t:|1697551244\n|switch|p2b: Rillaboom|Rillaboom, F|100\/100\n|-fieldstart|move: Grassy Terrain|[from] ability: Grassy Surge|[of] p2b: Rillaboom\n|turn|2\n|\n|t:|1697551279\n|switch|p1b: Ogerpon|Ogerpon-Hearthflame, F|100\/100\n|-ability|p1b: Ogerpon|Mold Breaker\n|move|p1a: Chien-Pao|Protect|p1a: Chien-Pao\n|-singleturn|p1a: Chien-Pao|Protect\n|move|p2b: Rillaboom|Fake Out|p1a: Chien-Pao\n|-activate|p1a: Chien-Pao|move: Protect\n|move|p2a: Cresselia|Lunar Blessing|p2a: Cresselia|[spread] p2a,p2b\n|-heal|p2a: Cresselia|87\/100\n|\n|upkeep\n|turn|3\n|\n|t:|1697551318\n|move|p2a: Cresselia|Psychic|p1a: Chien-Pao\n|-immune|p1a: Chien-Pao\n|move|p2b: Rillaboom|U-turn|p1b: Ogerpon\n|-damage|p1b: Ogerpon|64\/100\n|c|\u2606serfer123451|;-;\n|\n|t:|1697551330\n|switch|p2b: Ursaluna|Ursaluna, M|100\/100|[from] U-turn\n|move|p1b: Ogerpon|Ivy Cudgel|p2a: Cresselia\n|-damage|p2a: Cresselia|37\/100\n|move|p1a: Chien-Pao|Icicle Crash|p2b: Ursaluna\n|-supereffective|p2b: Ursaluna\n|-damage|p2b: Ursaluna|16\/100\n|\n|-heal|p2b: Ursaluna|23\/100|[from] Grassy Terrain\n|-heal|p1b: Ogerpon|70\/100|[from] Grassy Terrain\n|-status|p2b: Ursaluna|brn|[from] item: Flame Orb\n|upkeep\n|turn|4\n|\n|t:|1697551352\n|move|p1b: Ogerpon|Grassy Glide|p2b: Ursaluna\n|-supereffective|p2b: Ursaluna\n|-damage|p2b: Ursaluna|0 fnt\n|faint|p2b: Ursaluna\n|move|p2a: Cresselia|Lunar Blessing|p2a: Cresselia\n|-heal|p2a: Cresselia|62\/100\n|move|p1a: Chien-Pao|Icicle Crash|p2a: Cresselia|[miss]\n|-miss|p1a: Chien-Pao|p2a: Cresselia\n|\n|-heal|p1b: Ogerpon|76\/100|[from] Grassy Terrain\n|upkeep\n|\n|t:|1697551358\n|switch|p2b: Flutter Mane|Flutter Mane|100\/100\n|turn|5\n|\n|t:|1697551377\n|-terastallize|p2b: Flutter Mane|Fairy\n|move|p1a: Chien-Pao|Sucker Punch|p2b: Flutter Mane\n|-resisted|p2b: Flutter Mane\n|-damage|p2b: Flutter Mane|71\/100\n|move|p2a: Cresselia|Lunar Blessing|p2a: Cresselia|[spread] p2a,p2b\n|-heal|p2a: Cresselia|87\/100\n|-heal|p2b: Flutter Mane|96\/100\n|move|p1b: Ogerpon|Ivy Cudgel|p2a: Cresselia\n|-damage|p2a: Cresselia|28\/100\n|move|p2b: Flutter Mane|Dazzling Gleam|p1b: Ogerpon|[spread] p1a,p1b\n|-supereffective|p1a: Chien-Pao\n|-resisted|p1b: Ogerpon\n|-enditem|p1a: Chien-Pao|Focus Sash\n|-damage|p1a: Chien-Pao|1\/100\n|-damage|p1b: Ogerpon|49\/100\n|\n|-heal|p1b: Ogerpon|55\/100|[from] Grassy Terrain\n|-heal|p2b: Flutter Mane|100\/100|[from] Grassy Terrain\n|-heal|p1a: Chien-Pao|7\/100|[from] Grassy Terrain\n|-fieldend|move: Trick Room\n|upkeep\n|turn|6\n|\n|t:|1697551393\n|move|p1a: Chien-Pao|Protect|p1a: Chien-Pao\n|-singleturn|p1a: Chien-Pao|Protect\n|move|p1b: Ogerpon|Grassy Glide|p2a: Cresselia\n|-damage|p2a: Cresselia|0 fnt\n|faint|p2a: Cresselia\n|move|p2b: Flutter Mane|Dazzling Gleam|p1b: Ogerpon|[spread] p1b\n|-activate|p1a: Chien-Pao|move: Protect\n|-resisted|p1b: Ogerpon\n|-damage|p1b: Ogerpon|27\/100\n|\n|-heal|p1a: Chien-Pao|13\/100|[from] Grassy Terrain\n|-heal|p1b: Ogerpon|33\/100|[from] Grassy Terrain\n|-fieldend|move: Grassy Terrain\n|upkeep\n|\n|t:|1697551401\n|switch|p2a: Rillaboom|Rillaboom, F|100\/100\n|-fieldstart|move: Grassy Terrain|[from] ability: Grassy Surge|[of] p2a: Rillaboom\n|turn|7\n|\n|t:|1697551410\n|move|p1b: Ogerpon|Grassy Glide|p2b: Flutter Mane\n|-damage|p2b: Flutter Mane|9\/100\n|move|p2a: Rillaboom|Grassy Glide|p1b: Ogerpon\n|-resisted|p1b: Ogerpon\n|-damage|p1b: Ogerpon|20\/100\n|move|p1a: Chien-Pao|Icicle Crash|p2a: Rillaboom\n|-supereffective|p2a: Rillaboom\n|-damage|p2a: Rillaboom|0 fnt\n|faint|p2a: Rillaboom\n|move|p2b: Flutter Mane|Dazzling Gleam|p1b: Ogerpon|[spread] p1a,p1b\n|-supereffective|p1a: Chien-Pao\n|-resisted|p1b: Ogerpon\n|-damage|p1a: Chien-Pao|0 fnt\n|-damage|p1b: Ogerpon|0 fnt\n|faint|p1a: Chien-Pao\n|faint|p1b: Ogerpon\n|\n|-heal|p2b: Flutter Mane|15\/100|[from] Grassy Terrain\n|upkeep\n|\n|t:|1697551427\n|switch|p1a: Basculegion|Basculegion, M|100\/100\n|switch|p1b: Flutter Mane|Flutter Mane|100\/100\n|switch|p2a: Kleavor|Kleavor, M|100\/100\n|turn|8\n|inactive|Battle timer is ON: inactive players will automatically lose when time's up. (requested by suryansh43)\n|\n|t:|1697551439\n|move|p2a: Kleavor|X-Scissor|p1a: Basculegion\n|-resisted|p1a: Basculegion\n|-damage|p1a: Basculegion|59\/100\n|move|p1a: Basculegion|Wave Crash|p2a: Kleavor\n|-supereffective|p2a: Kleavor\n|-crit|p2a: Kleavor\n|-damage|p2a: Kleavor|0 fnt\n|faint|p2a: Kleavor\n|-damage|p1a: Basculegion|33\/100|[from] Recoil\n|move|p1b: Flutter Mane|Shadow Ball|p2b: Flutter Mane\n|-damage|p2b: Flutter Mane|0 fnt\n|faint|p2b: Flutter Mane\n|-end|p2b: Flutter Mane|Protosynthesis|[silent]\n|\n|win|serfer123451\n|c|\u2606serfer123451|gg\n","uploadtime":1697551448,"views":13,"p1id":"serfer123451","p2id":"suryansh43","formatid":"gen9doublesou","rating":0,"private":0,"password":""}