{"id":"gen9doublesou-1971485614","p1":"SXD2002","p2":"jibbymohammedtt","format":"[Gen 9] Doubles OU","log":"|j|\u2606SXD2002\n|j|\u2606jibbymohammedtt\n|t:|1697742226\n|gametype|doubles\n|player|p1|SXD2002|silver-masters|1120\n|player|p2|jibbymohammedtt|1|1042\n|teamsize|p1|4\n|teamsize|p2|6\n|gen|9\n|tier|[Gen 9] Doubles OU\n|rated|\n|rule|Species Clause: Limit one of each Pok\u00e9mon\n|rule|OHKO Clause: OHKO moves are banned\n|rule|Evasion Moves Clause: Evasion moves are banned\n|rule|Gravity Sleep Clause: The combination of sleep-inducing moves with imperfect accuracy and Gravity or Gigantamax Orbeetle are banned\n|rule|Endless Battle Clause: Forcing endless battles is banned\n|rule|HP Percentage Mod: HP is shown in percentages\n|clearpoke\n|poke|p1|Lurantis, M|\n|poke|p1|Murkrow, M|\n|poke|p1|Grimmsnarl, M|\n|poke|p1|Clefairy, M|\n|poke|p2|Gliscor, F|\n|poke|p2|Rotom-Wash|\n|poke|p2|Cacturne, F|\n|poke|p2|Pelipper, F|\n|poke|p2|Raichu, M|\n|poke|p2|Zapdos-Galar|\n|teampreview\n|inactive|Battle timer is ON: inactive players will automatically lose when time's up. (requested by SXD2002)\n|\n|t:|1697742254\n|start\n|switch|p1a: Grimmsnarl|Grimmsnarl, M|100\/100\n|switch|p1b: Lurantis|Lurantis, M|100\/100\n|switch|p2a: Raichu|Raichu, M|100\/100\n|switch|p2b: Pelipper|Pelipper, F|100\/100\n|-item|p2a: Raichu|Air Balloon\n|-weather|RainDance|[from] ability: Drizzle|[of] p2b: Pelipper\n|turn|1\n|\n|t:|1697742274\n|-terastallize|p1b: Lurantis|Steel\n|move|p2a: Raichu|Fake Out|p1b: Lurantis\n|-resisted|p1b: Lurantis\n|-damage|p1b: Lurantis|96\/100\n|move|p1a: Grimmsnarl|Fake Tears|p1b: Lurantis\n|-boost|p1b: Lurantis|spd|2\n|move|p2b: Pelipper|Tailwind|p2b: Pelipper\n|-sidestart|p2: jibbymohammedtt|move: Tailwind\n|cant|p1b: Lurantis|flinch\n|\n|-weather|RainDance|[upkeep]\n|-heal|p1b: Lurantis|100\/100|[from] item: Leftovers\n|upkeep\n|turn|2\n|\n|t:|1697742302\n|move|p1a: Grimmsnarl|Fake Tears|p1b: Lurantis\n|-boost|p1b: Lurantis|spd|2\n|move|p2a: Raichu|Thunder|p1a: Grimmsnarl\n|-damage|p1a: Grimmsnarl|66\/100\n|move|p2b: Pelipper|Hurricane|p1a: Grimmsnarl\n|-crit|p1a: Grimmsnarl\n|-damage|p1a: Grimmsnarl|13\/100\n|move|p1b: Lurantis|Leaf Storm|p2b: Pelipper\n|-damage|p2b: Pelipper|53\/100\n|-boost|p1b: Lurantis|spa|2\n|\n|-weather|RainDance|[upkeep]\n|-heal|p1a: Grimmsnarl|20\/100|[from] item: Leftovers\n|upkeep\n|turn|3\n|inactive|jibbymohammedtt has 120 seconds left.\n|\n|t:|1697742343\n|move|p1a: Grimmsnarl|Parting Shot|p1b: Lurantis\n|-boost|p1b: Lurantis|atk|1\n|-boost|p1b: Lurantis|spa|1\n|\n|t:|1697742348\n|switch|p1a: Clefairy|Clefairy, M|100\/100|[from] Parting Shot\n|move|p2a: Raichu|Volt Switch|p1a: Clefairy\n|-damage|p1a: Clefairy|81\/100\n|\n|t:|1697742360\n|switch|p2a: Gliscor|Gliscor, F|100\/100|[from] Volt Switch\n|move|p2b: Pelipper|U-turn|p1b: Lurantis\n|-resisted|p1b: Lurantis\n|-damage|p1b: Lurantis|97\/100\n|\n|t:|1697742366\n|switch|p2b: Cacturne|Cacturne, F|100\/100|[from] U-turn\n|move|p1b: Lurantis|Leaf Storm|p2a: Gliscor\n|-damage|p2a: Gliscor|0 fnt\n|-boost|p1b: Lurantis|spa|2\n|faint|p2a: Gliscor\n|\n|-weather|RainDance|[upkeep]\n|-heal|p1b: Lurantis|100\/100|[from] item: Leftovers\n|upkeep\n|\n|t:|1697742376\n|switch|p2a: Raichu|Raichu, M|100\/100\n|-item|p2a: Raichu|Air Balloon\n|turn|4\n|inactive|jibbymohammedtt has 120 seconds left.\n|\n|t:|1697742389\n|move|p1b: Lurantis|Protect|p1b: Lurantis\n|-singleturn|p1b: Lurantis|Protect\n|move|p2a: Raichu|Fake Out|p1b: Lurantis\n|-activate|p1b: Lurantis|move: Protect\n|move|p2b: Cacturne|Knock Off|p1b: Lurantis\n|-activate|p1b: Lurantis|move: Protect\n|move|p1a: Clefairy|Life Dew||[still]|[spread] p1a,p1b\n|-heal|p1a: Clefairy|100\/100\n|-fail|p1b: Lurantis|heal\n|\n|-weather|RainDance|[upkeep]\n|-sideend|p2: jibbymohammedtt|move: Tailwind\n|upkeep\n|turn|5\n|\n|t:|1697742412\n|move|p1a: Clefairy|Helping Hand|p1b: Lurantis\n|-singleturn|p1b: Lurantis|Helping Hand|[of] p1a: Clefairy\n|move|p2a: Raichu|Volt Switch|p1b: Lurantis\n|-damage|p1b: Lurantis|95\/100\n|\n|t:|1697742424\n|switch|p2a: Pelipper|Pelipper, F|53\/100|[from] Volt Switch\n|move|p2b: Cacturne|Knock Off|p1b: Lurantis\n|-crit|p1b: Lurantis\n|-damage|p1b: Lurantis|48\/100\n|-enditem|p1b: Lurantis|Leftovers|[from] move: Knock Off|[of] p2b: Cacturne\n|move|p1b: Lurantis|Superpower|p2b: Cacturne\n|-supereffective|p2b: Cacturne\n|-damage|p2b: Cacturne|0 fnt\n|-boost|p1b: Lurantis|atk|1\n|-boost|p1b: Lurantis|def|1\n|faint|p2b: Cacturne\n|\n|-weather|none\n|upkeep\n|\n|t:|1697742438\n|switch|p2b: Zapdos|Zapdos-Galar|100\/100\n|turn|6\n|\n|t:|1697742444\n|move|p1b: Lurantis|Protect|p1b: Lurantis\n|-singleturn|p1b: Lurantis|Protect\n|move|p2b: Zapdos|Close Combat|p1b: Lurantis\n|-activate|p1b: Lurantis|move: Protect\n|move|p2a: Pelipper|Tailwind|p2a: Pelipper\n|-sidestart|p2: jibbymohammedtt|move: Tailwind\n|move|p1a: Clefairy|Life Dew||[still]|[spread] p1a,p1b\n|-fail|p1a: Clefairy|heal\n|-heal|p1b: Lurantis|73\/100\n|\n|upkeep\n|turn|7\n|\n|t:|1697742461\n|move|p1a: Clefairy|Follow Me|p1a: Clefairy\n|-singleturn|p1a: Clefairy|move: Follow Me\n|move|p2b: Zapdos|Close Combat|p1a: Clefairy\n|-resisted|p1a: Clefairy\n|-damage|p1a: Clefairy|64\/100\n|-unboost|p2b: Zapdos|def|1\n|-unboost|p2b: Zapdos|spd|1\n|move|p2a: Pelipper|Hurricane|p1a: Clefairy\n|-damage|p1a: Clefairy|34\/100\n|move|p1b: Lurantis|Leaf Storm|p2b: Zapdos\n|-resisted|p2b: Zapdos\n|-damage|p2b: Zapdos|0 fnt\n|-boost|p1b: Lurantis|spa|1\n|faint|p2b: Zapdos\n|\n|upkeep\n|\n|t:|1697742476\n|switch|p2b: Raichu|Raichu, M|100\/100\n|-item|p2b: Raichu|Air Balloon\n|turn|8\n|\n|t:|1697742492\n|move|p1b: Lurantis|Protect|p1b: Lurantis\n|-singleturn|p1b: Lurantis|Protect\n|move|p2b: Raichu|Fake Out|p1b: Lurantis\n|-activate|p1b: Lurantis|move: Protect\n|move|p2a: Pelipper|Hurricane|p1a: Clefairy\n|-damage|p1a: Clefairy|0 fnt\n|faint|p1a: Clefairy\n|\n|upkeep\n|\n|t:|1697742502\n|switch|p1a: Grimmsnarl|Grimmsnarl, M|20\/100\n|turn|9\n|\n|t:|1697742528\n|move|p2b: Raichu|Protect|p2b: Raichu\n|-singleturn|p2b: Raichu|Protect\n|move|p1a: Grimmsnarl|Fake Tears|p1b: Lurantis\n|-boost|p1b: Lurantis|spd|2\n|move|p2a: Pelipper|U-turn|p1a: Grimmsnarl\n|-damage|p1a: Grimmsnarl|10\/100\n|\n|t:|1697742534\n|switch|p2a: Rotom|Rotom-Wash|100\/100|[from] U-turn\n|move|p1b: Lurantis|Leaf Storm|p2b: Raichu\n|-activate|p2b: Raichu|move: Protect\n|\n|-heal|p1a: Grimmsnarl|16\/100|[from] item: Leftovers\n|-sideend|p2: jibbymohammedtt|move: Tailwind\n|upkeep\n|turn|10\n|\n|t:|1697742558\n|move|p1a: Grimmsnarl|Fake Tears|p1b: Lurantis\n|-boost|p1b: Lurantis|spd|0\n|move|p2b: Raichu|Thunder|p1a: Grimmsnarl\n|-damage|p1a: Grimmsnarl|0 fnt\n|faint|p1a: Grimmsnarl\n|move|p2a: Rotom|Discharge|p1b: Lurantis|[spread] p1b\n|-ability|p2b: Raichu|Lightning Rod|boost\n|-boost|p2b: Raichu|spa|1\n|-damage|p1b: Lurantis|65\/100\n|-status|p1b: Lurantis|par\n|move|p1b: Lurantis|Leaf Storm|p2b: Raichu\n|-damage|p2b: Raichu|0 fnt\n|-enditem|p2b: Raichu|Air Balloon\n|faint|p2b: Raichu\n|\n|upkeep\n|\n|t:|1697742572\n|switch|p2b: Pelipper|Pelipper, F|53\/100\n|switch|p1a: Murkrow|Murkrow, M|100\/100\n|-weather|RainDance|[from] ability: Drizzle|[of] p2b: Pelipper\n|turn|11\n|\n|t:|1697742594\n|move|p1a: Murkrow|Taunt|p2b: Pelipper\n|-start|p2b: Pelipper|move: Taunt\n|move|p2a: Rotom|Discharge|p1b: Lurantis|[spread] p2b,p1a,p1b\n|-supereffective|p2b: Pelipper\n|-supereffective|p1a: Murkrow\n|-damage|p2b: Pelipper|0 fnt\n|-damage|p1a: Murkrow|35\/100\n|-damage|p1b: Lurantis|57\/100 par\n|-status|p1a: Murkrow|par\n|faint|p2b: Pelipper\n|move|p1b: Lurantis|Leaf Storm|p2a: Rotom\n|-supereffective|p2a: Rotom\n|-crit|p2a: Rotom\n|-damage|p2a: Rotom|0 fnt\n|faint|p2a: Rotom\n|\n|win|SXD2002\n|raw|SXD2002's rating: 1120 &rarr; <strong>1139<\/strong><br \/>(+19 for winning)\n|raw|jibbymohammedtt's rating: 1042 &rarr; <strong>1029<\/strong><br \/>(-13 for losing)\n|c|\u2606SXD2002|gg\n|l|\u2606jibbymohammedtt\n","uploadtime":1697742611,"views":6,"p1id":"sxd2002","p2id":"jibbymohammedtt","formatid":"gen9doublesou","rating":1029,"private":0,"password":""}