{"id":"gen9doublesou-1980806285","p1":"RocketsViability","p2":"Arsigon","format":"[Gen 9] Doubles OU","log":"|j|\u2606RocketsViability\n|j|\u2606Arsigon\n|t:|1698836271\n|gametype|doubles\n|player|p1|RocketsViability|1|1169\n|player|p2|Arsigon|hooligans|1014\n|teamsize|p1|6\n|teamsize|p2|6\n|gen|9\n|tier|[Gen 9] Doubles OU\n|rated|\n|rule|Species Clause: Limit one of each Pok\u00e9mon\n|rule|OHKO Clause: OHKO moves are banned\n|rule|Evasion Moves Clause: Evasion moves are banned\n|rule|Gravity Sleep Clause: The combination of sleep-inducing moves with imperfect accuracy and Gravity or Gigantamax Orbeetle are banned\n|rule|Endless Battle Clause: Forcing endless battles is banned\n|rule|HP Percentage Mod: HP is shown in percentages\n|clearpoke\n|poke|p1|Ninetales-Alola, F|\n|poke|p1|Trevenant, M|\n|poke|p1|Goodra-Hisui, M|\n|poke|p1|Sandslash-Alola, F|\n|poke|p1|Torterra, F|\n|poke|p1|Empoleon, F|\n|poke|p2|Kommo-o, M|\n|poke|p2|Toxtricity, M|\n|poke|p2|Gyarados, M|\n|poke|p2|Samurott-Hisui, M|\n|poke|p2|Gothitelle, F|\n|poke|p2|Glimmora, M|\n|teampreview\n|inactive|Battle timer is ON: inactive players will automatically lose when time's up. (requested by Arsigon)\n|\n|t:|1698836284\n|start\n|switch|p1a: Trevenant|Trevenant, M|100\/100\n|switch|p1b: Torterra|Torterra, F|100\/100\n|switch|p2a: Yamaoka|Samurott-Hisui, M|100\/100\n|switch|p2b: glimorra|Glimmora, M|100\/100\n|turn|1\n|\n|t:|1698836299\n|-terastallize|p1b: Torterra|Ice\n|move|p1a: Trevenant|Ally Switch|p1a: Trevenant\n|swap|p1a: Trevenant|1|[from] move: Ally Switch\n|move|p2b: glimorra|Sludge Bomb|p1a: Torterra\n|-damage|p1a: Torterra|31\/100\n|move|p2a: Yamaoka|Ceaseless Edge|p1b: Trevenant\n|-supereffective|p1b: Trevenant\n|-damage|p1b: Trevenant|12\/100\n|-sidestart|p1: RocketsViability|Spikes\n|-enditem|p1b: Trevenant|Sitrus Berry|[eat]\n|-heal|p1b: Trevenant|37\/100|[from] item: Sitrus Berry\n|move|p1a: Torterra|Shell Smash|p1a: Torterra\n|-unboost|p1a: Torterra|def|1\n|-unboost|p1a: Torterra|spd|1\n|-boost|p1a: Torterra|atk|2\n|-boost|p1a: Torterra|spa|2\n|-boost|p1a: Torterra|spe|2\n|\n|-item|p1b: Trevenant|Sitrus Berry|[from] ability: Harvest\n|upkeep\n|-enditem|p1b: Trevenant|Sitrus Berry|[eat]\n|-heal|p1b: Trevenant|62\/100|[from] item: Sitrus Berry\n|turn|2\n|inactive|RocketsViability has 120 seconds left.\n|\n|t:|1698836337\n|move|p1a: Torterra|Bullet Seed|p2a: Yamaoka\n|-supereffective|p2a: Yamaoka\n|-damage|p2a: Yamaoka|37\/100\n|-supereffective|p2a: Yamaoka\n|-damage|p2a: Yamaoka|0 fnt\n|faint|p2a: Yamaoka\n|-hitcount|p2: Yamaoka|2\n|move|p2b: glimorra|Sludge Bomb|p1a: Torterra\n|-damage|p1a: Torterra|0 fnt\n|faint|p1a: Torterra\n|move|p1b: Trevenant|Toxic|p2b: glimorra\n|-immune|p2b: glimorra\n|\n|-item|p1b: Trevenant|Sitrus Berry|[from] ability: Harvest\n|upkeep\n|\n|t:|1698836352\n|switch|p2a: thing 2|Toxtricity, M|100\/100\n|switch|p1a: Empoleon|Empoleon, F|100\/100\n|-damage|p1a: Empoleon|88\/100|[from] Spikes\n|turn|3\n|\n|t:|1698836366\n|move|p2b: glimorra|Sludge Bomb|p1b: Trevenant\n|-damage|p1b: Trevenant|22\/100\n|-enditem|p1b: Trevenant|Sitrus Berry|[eat]\n|-heal|p1b: Trevenant|46\/100|[from] item: Sitrus Berry\n|move|p2a: thing 2|Shift Gear|p2a: thing 2\n|-boost|p2a: thing 2|spe|2\n|-boost|p2a: thing 2|atk|1\n|move|p1a: Empoleon|Hydro Pump|p2b: glimorra\n|-supereffective|p2b: glimorra\n|-crit|p2b: glimorra\n|-damage|p2b: glimorra|0 fnt\n|faint|p2b: glimorra\n|-heal|p1a: Empoleon|98\/100|[from] item: Shell Bell|[of] p2: glimorra\n|move|p1b: Trevenant|Disable|p2a: thing 2\n|-start|p2a: thing 2|Disable|Shift Gear\n|\n|upkeep\n|\n|t:|1698836382\n|switch|p2b: thing 1|Kommo-o, M|100\/100\n|turn|4\n|\n|t:|1698836388\n|switch|p1b: Ninetales|Ninetales-Alola, F|100\/100\n|-damage|p1b: Ninetales|88\/100|[from] Spikes\n|-weather|Snow|[from] ability: Snow Warning|[of] p1b: Ninetales\n|move|p2a: thing 2|Boomburst|p1a: Empoleon|[spread] p1a,p1b\n|-immune|p2b: thing 1|[from] ability: Soundproof\n|-resisted|p1a: Empoleon\n|-damage|p1a: Empoleon|77\/100\n|-damage|p1b: Ninetales|34\/100\n|-enditem|p2a: thing 2|Throat Spray\n|-boost|p2a: thing 2|spa|1|[from] item: Throat Spray\n|move|p2b: thing 1|Clangorous Soul|p2b: thing 1\n|-boost|p2b: thing 1|atk|1\n|-boost|p2b: thing 1|def|1\n|-boost|p2b: thing 1|spa|1\n|-boost|p2b: thing 1|spd|1\n|-boost|p2b: thing 1|spe|1\n|-damage|p2b: thing 1|68\/100\n|-enditem|p2b: thing 1|Throat Spray\n|-boost|p2b: thing 1|spa|1|[from] item: Throat Spray\n|move|p1a: Empoleon|Blizzard|p2b: thing 1|[spread] p2a,p2b\n|-supereffective|p2b: thing 1\n|-damage|p2a: thing 2|65\/100\n|-damage|p2b: thing 1|28\/100\n|-heal|p1a: Empoleon|85\/100|[from] item: Shell Bell|[of] p2b: thing 1\n|\n|-weather|Snow|[upkeep]\n|upkeep\n|turn|5\n|inactive|Arsigon has 120 seconds left.\n|\n|t:|1698836424\n|move|p1a: Empoleon|Protect|p1a: Empoleon\n|-singleturn|p1a: Empoleon|Protect\n|move|p2b: thing 1|Boomburst|p1a: Empoleon|[spread] p2a,p1b\n|-activate|p1a: Empoleon|move: Protect\n|-damage|p2a: thing 2|24\/100\n|-damage|p1b: Ninetales|0 fnt\n|faint|p1b: Ninetales\n|move|p2a: thing 2|Boomburst|p1a: Empoleon|[spread] \n|-activate|p1a: Empoleon|move: Protect\n|-immune|p2b: thing 1|[from] ability: Soundproof\n|\n|-weather|Snow|[upkeep]\n|upkeep\n|\n|t:|1698836435\n|switch|p1b: Trevenant|Trevenant, M|46\/100\n|-damage|p1b: Trevenant|34\/100|[from] Spikes\n|turn|6\n|\n|t:|1698836447\n|switch|p2b: macbeth|Gothitelle, F|100\/100\n|-item|p1a: Empoleon|Shell Bell|[from] ability: Frisk|[of] p2b: macbeth|[identify]\n|move|p2a: thing 2|Protect|p2a: thing 2\n|-singleturn|p2a: thing 2|Protect\n|move|p1b: Trevenant|Ally Switch|p1b: Trevenant\n|swap|p1b: Trevenant|0|[from] move: Ally Switch\n|move|p1b: Empoleon|Blizzard|p2a: thing 2|[spread] p2b\n|-activate|p2a: thing 2|move: Protect\n|-damage|p2b: macbeth|81\/100\n|-heal|p1b: Empoleon|87\/100|[from] item: Shell Bell|[of] p2b: macbeth\n|\n|-weather|Snow|[upkeep]\n|-heal|p2b: macbeth|87\/100|[from] item: Leftovers\n|-item|p1a: Trevenant|Sitrus Berry|[from] ability: Harvest\n|upkeep\n|-enditem|p1a: Trevenant|Sitrus Berry|[eat]\n|-heal|p1a: Trevenant|59\/100|[from] item: Sitrus Berry\n|turn|7\n|\n|t:|1698836475\n|-terastallize|p2a: thing 2|Normal\n|move|p2a: thing 2|Boomburst|p1b: Empoleon|[spread] p2b,p1b\n|-immune|p1a: Trevenant\n|-resisted|p1b: Empoleon\n|-damage|p2b: macbeth|12\/100\n|-damage|p1b: Empoleon|39\/100\n|move|p2b: macbeth|Heal Pulse|p2a: thing 2\n|-heal|p2a: thing 2|74\/100\n|move|p1b: Empoleon|Blizzard|p2a: thing 2|[spread] p2a,p2b\n|-damage|p2a: thing 2|40\/100\n|-damage|p2b: macbeth|0 fnt\n|faint|p2b: macbeth\n|-heal|p1b: Empoleon|45\/100|[from] item: Shell Bell|[of] p2: macbeth\n|move|p1a: Trevenant|Toxic|p2a: thing 2\n|-status|p2a: thing 2|tox\n|\n|-weather|Snow|[upkeep]\n|-damage|p2a: thing 2|34\/100 tox|[from] psn\n|-end|p2a: thing 2|Disable\n|-item|p1a: Trevenant|Sitrus Berry|[from] ability: Harvest\n|upkeep\n|inactive|Arsigon has 120 seconds left.\n|\n|t:|1698836495\n|switch|p2b: i have intimidate|Gyarados, M|100\/100\n|-ability|p2b: i have intimidate|Intimidate|boost\n|-unboost|p1a: Trevenant|atk|1\n|-unboost|p1b: Empoleon|atk|1\n|-ability|p1b: Empoleon|Competitive|boost\n|-boost|p1b: Empoleon|spa|2\n|turn|8\n|\n|t:|1698836509\n|move|p2a: thing 2|Helping Hand|p2b: i have intimidate\n|-singleturn|p2b: i have intimidate|Helping Hand|[of] p2a: thing 2\n|move|p1b: Empoleon|Protect|p1b: Empoleon\n|-singleturn|p1b: Empoleon|Protect\n|move|p2b: i have intimidate|Hydro Pump|p1b: Empoleon\n|-activate|p1b: Empoleon|move: Protect\n|move|p1a: Trevenant|Disable|p2a: thing 2\n|-start|p2a: thing 2|Disable|Helping Hand\n|\n|-weather|Snow|[upkeep]\n|-damage|p2a: thing 2|21\/100 tox|[from] psn\n|upkeep\n|turn|9\n|\n|t:|1698836535\n|switch|p2a: thing 1|Kommo-o, M|28\/100\n|move|p1a: Trevenant|Ally Switch|p1a: Trevenant\n|swap|p1a: Trevenant|1|[from] move: Ally Switch\n|move|p2b: i have intimidate|Giga Impact|p1b: Trevenant\n|-immune|p1b: Trevenant\n|move|p1a: Empoleon|Blizzard|p2b: i have intimidate|[spread] p2a,p2b\n|-supereffective|p2a: thing 1\n|-damage|p2a: thing 1|0 fnt\n|-damage|p2b: i have intimidate|45\/100\n|faint|p2a: thing 1\n|-heal|p1a: Empoleon|54\/100|[from] item: Shell Bell|[of] p2b: i have intimidate\n|\n|-weather|Snow|[upkeep]\n|upkeep\n|\n|t:|1698836547\n|switch|p2a: thing 2|Toxtricity, M, tera:Normal|21\/100 tox\n|turn|10\n|\n|t:|1698836555\n|move|p2b: i have intimidate|Protect|p2b: i have intimidate\n|-singleturn|p2b: i have intimidate|Protect\n|move|p2a: thing 2|Boomburst|p1a: Empoleon|[spread] p1a\n|-activate|p2b: i have intimidate|move: Protect\n|-immune|p1b: Trevenant\n|-resisted|p1a: Empoleon\n|-damage|p1a: Empoleon|20\/100\n|move|p1a: Empoleon|Blizzard|p2a: thing 2|[spread] p2a\n|-activate|p2b: i have intimidate|move: Protect\n|-damage|p2a: thing 2|0 fnt\n|faint|p2a: thing 2\n|-heal|p1a: Empoleon|23\/100|[from] item: Shell Bell|[of] p2b: i have intimidate\n|move|p1b: Trevenant|Horn Leech|p2b: i have intimidate\n|-activate|p2b: i have intimidate|move: Protect\n|\n|-weather|Snow|[upkeep]\n|upkeep\n|turn|11\n|\n|t:|1698836577\n|move|p1a: Empoleon|Protect|p1a: Empoleon\n|-singleturn|p1a: Empoleon|Protect\n|move|p2b: i have intimidate|Surf|p1b: Trevenant|[spread] p1b\n|-activate|p1a: Empoleon|move: Protect\n|-resisted|p1b: Trevenant\n|-damage|p1b: Trevenant|49\/100\n|-enditem|p1b: Trevenant|Sitrus Berry|[eat]\n|-heal|p1b: Trevenant|74\/100|[from] item: Sitrus Berry\n|move|p1b: Trevenant|Toxic|p2b: i have intimidate\n|-status|p2b: i have intimidate|tox\n|\n|-weather|none\n|-damage|p2b: i have intimidate|39\/100 tox|[from] psn\n|-item|p1b: Trevenant|Sitrus Berry|[from] ability: Harvest\n|upkeep\n|turn|12\n|\n|t:|1698836596\n|move|p2b: i have intimidate|Giga Impact|p1a: Empoleon\n|-resisted|p1a: Empoleon\n|-damage|p1a: Empoleon|1\/100\n|-mustrecharge|p2b: i have intimidate\n|move|p1a: Empoleon|Air Slash|p2b: i have intimidate\n|-damage|p2b: i have intimidate|0 fnt\n|faint|p2b: i have intimidate\n|-heal|p1a: Empoleon|5\/100|[from] item: Shell Bell|[of] p2: i have intimidate\n|\n|win|RocketsViability\n|raw|RocketsViability's rating: 1169 &rarr; <strong>1184<\/strong><br \/>(+15 for winning)\n|raw|Arsigon's rating: 1014 &rarr; <strong>1007<\/strong><br \/>(-7 for losing)\n|l|\u2606Arsigon\n","uploadtime":1698836605,"views":15,"p1id":"rocketsviability","p2id":"arsigon","formatid":"gen9doublesou","rating":1007,"private":0,"password":""}