{"id":"gen9doublesou-1982756736","p1":"gataen42","p2":"talkze","format":"[Gen 9] Doubles OU","log":"|j|\u2606gataen42\n|j|\u2606talkze\n|t:|1699041965\n|gametype|doubles\n|player|p1|gataen42|lass-gen4|\n|player|p2|talkze|dawn-gen4pt|\n|teamsize|p1|6\n|teamsize|p2|6\n|gen|9\n|tier|[Gen 9] Doubles OU\n|rule|Species Clause: Limit one of each Pok\u00e9mon\n|rule|OHKO Clause: OHKO moves are banned\n|rule|Evasion Moves Clause: Evasion moves are banned\n|rule|Gravity Sleep Clause: The combination of sleep-inducing moves with imperfect accuracy and Gravity or Gigantamax Orbeetle are banned\n|rule|Endless Battle Clause: Forcing endless battles is banned\n|rule|HP Percentage Mod: HP is shown in percentages\n|clearpoke\n|poke|p1|Diancie|\n|poke|p1|Iron Hands|\n|poke|p1|Rillaboom, F|\n|poke|p1|Ogerpon-Wellspring, F|\n|poke|p1|Heatran, F|\n|poke|p1|Chien-Pao|\n|poke|p2|Walking Wake|\n|poke|p2|Ogerpon-Hearthflame, F|\n|poke|p2|Flutter Mane|\n|poke|p2|Torkoal, F|\n|poke|p2|Landorus-Therian, M|\n|poke|p2|Iron Hands|\n|teampreview\n|c|\u2606gataen42|hf\n|c|\u2606talkze|glhf\n|j| Nephtyrix\n|j| Shiritu\n|j| Heerv\n|c| Nephtyrix|Go Francophonie !!\n|j| Yddeon\n|j| seroo@!\n|j| F3rrari450\n|j| theyummybagel\n|c| Nephtyrix|Vas-y mon poulain <3\n|j| CaoJie\n|j| Lemurro\n|j| R4ye\n|j| Iceberg77\n|j|+ryo yamada2001\n|l| R4ye\n|j| RelicanthPrimal<><\n|j| R4ye\n|l| RelicanthPrimal<><\n|\n|t:|1699042083\n|start\n|switch|p1a: LA TABLE|Rillaboom, F|100\/100\n|switch|p1b: LE LIT|Chien-Pao|100\/100\n|switch|p2a: Walking Wake|Walking Wake|100\/100\n|switch|p2b: Landorus|Landorus-Therian, M|100\/100\n|-ability|p2b: Landorus|Intimidate|boost\n|-unboost|p1a: LA TABLE|atk|1\n|-unboost|p1b: LE LIT|atk|1\n|-ability|p1b: LE LIT|Sword of Ruin\n|-fieldstart|move: Grassy Terrain|[from] ability: Grassy Surge|[of] p1a: LA TABLE\n|turn|1\n|c|\u2606gataen42|neph i still a clown remember\n|j| Entrocefalo\n|\n|t:|1699042151\n|switch|p2b: Torkoal|Torkoal, F|100\/100\n|-weather|SunnyDay|[from] ability: Drought|[of] p2b: Torkoal\n|-activate|p2a: Walking Wake|ability: Protosynthesis\n|-start|p2a: Walking Wake|protosynthesisspe\n|-end|p2a: Walking Wake|Protosynthesis|[silent]\n|switch|p2a: Ogerpon|Ogerpon-Hearthflame, F|100\/100\n|-ability|p2a: Ogerpon|Mold Breaker\n|move|p1a: LA TABLE|Fake Out|p2a: Ogerpon\n|-damage|p2a: Ogerpon|86\/100\n|move|p1b: LE LIT|Ice Spinner|p2b: Torkoal\n|-resisted|p2b: Torkoal\n|-damage|p2b: Torkoal|85\/100\n|-fieldend|move: Grassy Terrain\n|-damage|p1b: LE LIT|91\/100|[from] item: Life Orb\n|\n|-weather|SunnyDay|[upkeep]\n|upkeep\n|turn|2\n|j| elagic\n|j| ina fable.\n|\n|t:|1699042239\n|switch|p1b: LE FRIGO|Ogerpon-Wellspring, F|100\/100\n|-terastallize|p1a: LA TABLE|Fire\n|move|p2a: Ogerpon|Spiky Shield|p2a: Ogerpon\n|-singleturn|p2a: Ogerpon|move: Protect\n|move|p1a: LA TABLE|U-turn|p2b: Torkoal\n|-resisted|p2b: Torkoal\n|-crit|p2b: Torkoal\n|-damage|p2b: Torkoal|73\/100\n|\n|t:|1699042250\n|switch|p1a: LA CHAISE|Diancie|100\/100|[from] U-turn\n|move|p2b: Torkoal|Heat Wave|p1a: LA CHAISE|[spread] p1a\n|-miss|p2b: Torkoal|p1b: LE FRIGO\n|-resisted|p1a: LA CHAISE\n|-damage|p1a: LA CHAISE|90\/100\n|\n|-weather|SunnyDay|[upkeep]\n|upkeep\n|turn|3\n|j| Eragon11145\n|\n|t:|1699042269\n|move|p1b: LE FRIGO|Follow Me|p1b: LE FRIGO\n|-singleturn|p1b: LE FRIGO|move: Follow Me\n|move|p2a: Ogerpon|Wood Hammer|p1b: LE FRIGO\n|-damage|p1b: LE FRIGO|27\/100\n|-damage|p2a: Ogerpon|61\/100|[from] Recoil\n|move|p1a: LA CHAISE|Diamond Storm|p2b: Torkoal|[spread] p2a,p2b\n|-supereffective|p2a: Ogerpon\n|-crit|p2a: Ogerpon\n|-supereffective|p2b: Torkoal\n|-damage|p2a: Ogerpon|0 fnt\n|-damage|p2b: Torkoal|16\/100\n|-boost|p1a: LA CHAISE|def|2\n|faint|p2a: Ogerpon\n|move|p2b: Torkoal|Yawn|p1b: LE FRIGO\n|-start|p1b: LE FRIGO|move: Yawn|[of] p2b: Torkoal\n|\n|-weather|SunnyDay|[upkeep]\n|upkeep\n|\n|t:|1699042282\n|switch|p2a: Landorus|Landorus-Therian, M|100\/100\n|-ability|p2a: Landorus|Intimidate|boost\n|-fail|p1a: LA CHAISE|unboost|[from] ability: Clear Body|[of] p1a: LA CHAISE\n|-unboost|p1b: LE FRIGO|atk|1\n|turn|4\n|\n|t:|1699042299\n|switch|p1b: LA TABLE|Rillaboom, F, tera:Fire|100\/100\n|-fieldstart|move: Grassy Terrain|[from] ability: Grassy Surge|[of] p1b: LA TABLE\n|switch|p2b: Iron Hands|Iron Hands|100\/100\n|move|p2a: Landorus|Rock Slide|p1a: LA CHAISE|[spread] p1a,p1b\n|-supereffective|p1b: LA TABLE\n|-crit|p1b: LA TABLE\n|-damage|p1a: LA CHAISE|81\/100\n|-damage|p1b: LA TABLE|44\/100\n|move|p1a: LA CHAISE|Diamond Storm|p2b: Iron Hands|[spread] p2a,p2b\n|-resisted|p2b: Iron Hands\n|-damage|p2a: Landorus|60\/100\n|-damage|p2b: Iron Hands|87\/100\n|\n|-weather|SunnyDay|[upkeep]\n|-heal|p1b: LA TABLE|50\/100|[from] Grassy Terrain\n|-heal|p2b: Iron Hands|93\/100|[from] Grassy Terrain\n|-heal|p1a: LA CHAISE|87\/100|[from] Grassy Terrain\n|upkeep\n|turn|5\n|\n|t:|1699042321\n|move|p1b: LA TABLE|Fake Out|p2b: Iron Hands\n|-damage|p2b: Iron Hands|83\/100\n|move|p2a: Landorus|Rock Slide|p1b: LA TABLE|[spread] p1b\n|-miss|p2a: Landorus|p1a: LA CHAISE\n|-supereffective|p1b: LA TABLE\n|-damage|p1b: LA TABLE|15\/100\n|cant|p2b: Iron Hands|flinch\n|move|p1a: LA CHAISE|Diamond Storm|p2b: Iron Hands|[spread] p2a,p2b\n|-resisted|p2b: Iron Hands\n|-damage|p2a: Landorus|19\/100\n|-damage|p2b: Iron Hands|69\/100\n|-boost|p1a: LA CHAISE|def|2\n|\n|-weather|SunnyDay|[upkeep]\n|-heal|p1b: LA TABLE|21\/100|[from] Grassy Terrain\n|-heal|p2b: Iron Hands|75\/100|[from] Grassy Terrain\n|-heal|p1a: LA CHAISE|94\/100|[from] Grassy Terrain\n|upkeep\n|turn|6\n|j| qsns\n|\n|t:|1699042368\n|switch|p2a: Torkoal|Torkoal, F|16\/100\n|move|p1a: LA CHAISE|Protect|p1a: LA CHAISE\n|-singleturn|p1a: LA CHAISE|Protect\n|move|p1b: LA TABLE|Wood Hammer|p2b: Iron Hands\n|-damage|p2b: Iron Hands|28\/100\n|-damage|p1b: LA TABLE|2\/100|[from] Recoil\n|move|p2b: Iron Hands|Heavy Slam|p1a: LA CHAISE\n|-activate|p1a: LA CHAISE|move: Protect\n|\n|-weather|SunnyDay|[upkeep]\n|-heal|p1b: LA TABLE|9\/100|[from] Grassy Terrain\n|-heal|p2b: Iron Hands|34\/100|[from] Grassy Terrain\n|-heal|p1a: LA CHAISE|99\/100|[from] Grassy Terrain\n|-heal|p2a: Torkoal|22\/100|[from] Grassy Terrain\n|upkeep\n|turn|7\n|\n|t:|1699042411\n|move|p1b: LA TABLE|Wood Hammer|p2b: Iron Hands\n|-damage|p2b: Iron Hands|0 fnt\n|faint|p2b: Iron Hands\n|-end|p2b: Iron Hands|Quark Drive|[silent]\n|-damage|p1b: LA TABLE|0 fnt|[from] Recoil\n|faint|p1b: LA TABLE\n|move|p1a: LA CHAISE|Diamond Storm|p2a: Torkoal\n|-supereffective|p2a: Torkoal\n|-damage|p2a: Torkoal|0 fnt\n|faint|p2a: Torkoal\n|\n|-weather|SunnyDay|[upkeep]\n|-heal|p1a: LA CHAISE|100\/100|[from] Grassy Terrain\n|upkeep\n|\n|t:|1699042422\n|switch|p1b: L'ARMOIRE|Iron Hands, shiny|100\/100\n|switch|p2b: Flutter Mane|Flutter Mane|100\/100\n|switch|p2a: Walking Wake|Walking Wake|100\/100\n|-activate|p2b: Flutter Mane|ability: Protosynthesis\n|-start|p2b: Flutter Mane|protosynthesisspe\n|-activate|p2a: Walking Wake|ability: Protosynthesis\n|-start|p2a: Walking Wake|protosynthesisspe\n|turn|8\n|\n|t:|1699042447\n|-end|p2a: Walking Wake|Protosynthesis|[silent]\n|switch|p2a: Landorus|Landorus-Therian, M|19\/100\n|-ability|p2a: Landorus|Intimidate|boost\n|-fail|p1a: LA CHAISE|unboost|[from] ability: Clear Body|[of] p1a: LA CHAISE\n|-unboost|p1b: L'ARMOIRE|atk|1\n|move|p1b: L'ARMOIRE|Fake Out|p2a: Landorus\n|-damage|p2a: Landorus|6\/100\n|move|p2b: Flutter Mane|Moonblast|p1b: L'ARMOIRE\n|-supereffective|p1b: L'ARMOIRE\n|-damage|p1b: L'ARMOIRE|23\/100\n|-unboost|p1b: L'ARMOIRE|spa|1\n|move|p1a: LA CHAISE|Trick Room|p1a: LA CHAISE\n|-fieldstart|move: Trick Room|[of] p1a: LA CHAISE\n|\n|-weather|none\n|-end|p2b: Flutter Mane|Protosynthesis\n|-heal|p1b: L'ARMOIRE|29\/100|[from] Grassy Terrain\n|-fieldend|move: Grassy Terrain\n|upkeep\n|turn|9\n|l| Eragon11145\n|\n|t:|1699042476\n|move|p1a: LA CHAISE|Diamond Storm|p2b: Flutter Mane|[spread] p2a,p2b\n|-damage|p2a: Landorus|0 fnt\n|-damage|p2b: Flutter Mane|38\/100\n|-boost|p1a: LA CHAISE|def|2\n|faint|p2a: Landorus\n|move|p1b: L'ARMOIRE|Heavy Slam|p2b: Flutter Mane\n|-supereffective|p2b: Flutter Mane\n|-damage|p2b: Flutter Mane|0 fnt\n|faint|p2b: Flutter Mane\n|-end|p2b: Flutter Mane|Protosynthesis|[silent]\n|\n|upkeep\n|\n|t:|1699042481\n|switch|p2b: Walking Wake|Walking Wake|100\/100\n|turn|10\n|l| seroo\n|c|\u2606gataen42|gg wp\n|\n|t:|1699042493\n|move|p1a: LA CHAISE|Body Press|p2b: Walking Wake\n|-damage|p2b: Walking Wake|0 fnt\n|faint|p2b: Walking Wake\n|-end|p2b: Walking Wake|Protosynthesis|[silent]\n|\n|win|gataen42\n|c|\u2606talkze|gg\n|l| Entrocefalo\n|l| R4ye\n|l| Iceberg77\n|l| CaoJie\n|c| Nephtyrix|Goataen\n|j| jomatoes\n|l| F3rrari450\n|l| Lemurro\n|l|+ryo yamada2001\n|l|\u2606talkze\n","uploadtime":1699042510,"views":166,"p1id":"gataen42","p2id":"talkze","formatid":"gen9doublesou","rating":0,"private":0,"password":""}