{"id":"gen9doublesou-1974519192","p1":"Strikenator","p2":"theironpikachu","format":"[Gen 9] Doubles OU","log":"|j|\u2606Strikenator\n|j|\u2606theironpikachu\n|inactive|Battle timer is ON: inactive players will automatically lose when time's up.\n|t:|1698093746\n|gametype|doubles\n|player|p1|Strikenator|colress|\n|player|p2|theironpikachu|may-masters|\n|teamsize|p1|6\n|teamsize|p2|6\n|gen|9\n|tier|[Gen 9] Doubles OU\n|rated|Tournament battle\n|rule|Species Clause: Limit one of each Pok\u00e9mon\n|rule|OHKO Clause: OHKO moves are banned\n|rule|Evasion Moves Clause: Evasion moves are banned\n|rule|Gravity Sleep Clause: The combination of sleep-inducing moves with imperfect accuracy and Gravity or Gigantamax Orbeetle are banned\n|rule|Endless Battle Clause: Forcing endless battles is banned\n|rule|HP Percentage Mod: HP is shown in percentages\n|clearpoke\n|poke|p1|Clefairy, M|\n|poke|p1|Kommo-o, F|\n|poke|p1|Rillaboom, F|\n|poke|p1|Landorus-Therian, M|\n|poke|p1|Ursaluna, F|\n|poke|p1|Sinistcha|\n|poke|p2|Indeedee-F, F|\n|poke|p2|Hoopa|\n|poke|p2|Hatterene, F|\n|poke|p2|Armarouge, M|\n|poke|p2|Ting-Lu|\n|poke|p2|Goodra-Hisui, F|\n|teampreview\n|j|*Lady Monita \u263d\n|inactive|theironpikachu also wants the timer to be on.\n|c|\u2606theironpikachu|glhf\n|\n|t:|1698093760\n|start\n|switch|p1a: Clefairy|Clefairy, M|100\/100\n|switch|p1b: Kommo-o|Kommo-o, F|100\/100\n|switch|p2a: Indeedee|Indeedee-F, F|100\/100\n|switch|p2b: Hatterene|Hatterene, F|100\/100\n|-fieldstart|move: Psychic Terrain|[from] ability: Psychic Surge|[of] p2a: Indeedee\n|turn|1\n|inactive|Strikenator has 120 seconds left.\n|\n|t:|1698093802\n|move|p2a: Indeedee|Follow Me|p2a: Indeedee\n|-singleturn|p2a: Indeedee|move: Follow Me\n|move|p1a: Clefairy|Follow Me|p1a: Clefairy\n|-singleturn|p1a: Clefairy|move: Follow Me\n|move|p1b: Kommo-o|Clangorous Soul|p1b: Kommo-o\n|-boost|p1b: Kommo-o|atk|1\n|-boost|p1b: Kommo-o|def|1\n|-boost|p1b: Kommo-o|spa|1\n|-boost|p1b: Kommo-o|spd|1\n|-boost|p1b: Kommo-o|spe|1\n|-damage|p1b: Kommo-o|68\/100\n|move|p2b: Hatterene|Trick Room|p2b: Hatterene\n|-fieldstart|move: Trick Room|[of] p2b: Hatterene\n|\n|upkeep\n|turn|2\n|inactive|Strikenator has 120 seconds left.\n|\n|t:|1698093831\n|move|p1a: Clefairy|Follow Me|p1a: Clefairy\n|-singleturn|p1a: Clefairy|move: Follow Me\n|move|p2b: Hatterene|Expanding Force|p1a: Clefairy|[spread] p1a,p1b\n|-supereffective|p1b: Kommo-o\n|-damage|p1a: Clefairy|46\/100\n|-damage|p1b: Kommo-o|0 fnt\n|faint|p1b: Kommo-o\n|move|p2a: Indeedee|Instruct|p1a: Clefairy\n|-singleturn|p1a: Clefairy|move: Instruct|[of] p2a: Indeedee\n|move|p1a: Clefairy|Follow Me||[still]\n|-fail|p1a: Clefairy\n|\n|upkeep\n|\n|t:|1698093845\n|switch|p1b: Rillaboom|Rillaboom, F|100\/100\n|-fieldstart|move: Grassy Terrain|[from] ability: Grassy Surge|[of] p1b: Rillaboom\n|turn|3\n|\n|t:|1698093860\n|switch|p2b: Goodra|Goodra-Hisui, F|100\/100\n|switch|p2a: Armarouge|Armarouge, M|100\/100\n|move|p1a: Clefairy|Helping Hand|p1b: Rillaboom\n|-singleturn|p1b: Rillaboom|Helping Hand|[of] p1a: Clefairy\n|move|p1b: Rillaboom|Fake Out|p2a: Armarouge\n|-damage|p2a: Armarouge|82\/100\n|\n|-heal|p1a: Clefairy|52\/100|[from] Grassy Terrain\n|-heal|p2a: Armarouge|88\/100|[from] Grassy Terrain\n|upkeep\n|turn|4\n|\n|t:|1698093885\n|switch|p1b: Landorus|Landorus-Therian, M|100\/100\n|-ability|p1b: Landorus|Intimidate|boost\n|-unboost|p2a: Armarouge|atk|1\n|-unboost|p2b: Goodra|atk|1\n|move|p1a: Clefairy|Heal Pulse|p1b: Landorus\n|-fail|p1b: Landorus|heal\n|move|p2b: Goodra|Heavy Slam|p1a: Clefairy\n|-supereffective|p1a: Clefairy\n|-damage|p1a: Clefairy|8\/100\n|move|p2a: Armarouge|Heat Wave|p1a: Clefairy|[spread] p1a,p1b\n|-damage|p1a: Clefairy|0 fnt\n|-damage|p1b: Landorus|62\/100\n|faint|p1a: Clefairy\n|\n|-heal|p2a: Armarouge|94\/100|[from] Grassy Terrain\n|upkeep\n|inactive|Strikenator has 120 seconds left.\n|\n|t:|1698093903\n|switch|p1a: Rillaboom|Rillaboom, F|100\/100\n|turn|5\n|\n|t:|1698093925\n|switch|p2b: Indeedee|Indeedee-F, F|100\/100\n|-fieldstart|move: Psychic Terrain|[from] ability: Psychic Surge|[of] p2b: Indeedee\n|move|p1a: Rillaboom|Fake Out|p2a: Armarouge\n|-activate|p2a: Armarouge|move: Psychic Terrain\n|move|p2a: Armarouge|Heat Wave|p1b: Landorus|[spread] p1a,p1b\n|-supereffective|p1a: Rillaboom\n|-damage|p1a: Rillaboom|41\/100\n|-damage|p1b: Landorus|15\/100\n|-status|p1b: Landorus|brn\n|move|p1b: Landorus|Stomping Tantrum|p2a: Armarouge\n|-supereffective|p2a: Armarouge\n|-damage|p2a: Armarouge|54\/100\n|\n|-damage|p1b: Landorus|9\/100 brn|[from] brn\n|-fieldend|move: Trick Room\n|upkeep\n|turn|6\n|\n|t:|1698093949\n|switch|p1a: Ursaluna|Ursaluna, F|100\/100\n|move|p2b: Indeedee|Follow Me|p2b: Indeedee\n|-singleturn|p2b: Indeedee|move: Follow Me\n|move|p1b: Landorus|Stomping Tantrum|p2b: Indeedee\n|-damage|p2b: Indeedee|68\/100\n|move|p2a: Armarouge|Trick Room|p2a: Armarouge\n|-fieldstart|move: Trick Room|[of] p2a: Armarouge\n|\n|-heal|p2b: Indeedee|74\/100|[from] item: Leftovers\n|-damage|p1b: Landorus|3\/100 brn|[from] brn\n|-status|p1a: Ursaluna|brn|[from] item: Flame Orb\n|upkeep\n|turn|7\n|\n|t:|1698093968\n|move|p1a: Ursaluna|High Horsepower|p2a: Armarouge\n|-supereffective|p2a: Armarouge\n|-damage|p2a: Armarouge|0 fnt\n|faint|p2a: Armarouge\n|move|p2b: Indeedee|Instruct|p2: Armarouge|[notarget]\n|-fail|p2b: Indeedee\n|move|p1b: Landorus|Stomping Tantrum|p2b: Indeedee\n|-damage|p2b: Indeedee|46\/100\n|\n|-heal|p2b: Indeedee|52\/100|[from] item: Leftovers\n|-damage|p1a: Ursaluna|94\/100 brn|[from] brn\n|-damage|p1b: Landorus|0 fnt|[from] brn\n|faint|p1b: Landorus\n|upkeep\n|\n|t:|1698093983\n|switch|p2a: Hoopa|Hoopa|100\/100\n|switch|p1b: Rillaboom|Rillaboom, F|41\/100\n|-fieldstart|move: Grassy Terrain|[from] ability: Grassy Surge|[of] p1b: Rillaboom\n|turn|8\n|\n|t:|1698094006\n|switch|p2b: Goodra|Goodra-Hisui, F|100\/100\n|move|p1b: Rillaboom|Grassy Glide|p2a: Hoopa\n|-damage|p2a: Hoopa|41\/100\n|move|p2a: Hoopa|Shadow Ball|p1b: Rillaboom\n|-damage|p1b: Rillaboom|3\/100\n|move|p1a: Ursaluna|Facade|p2b: Goodra\n|-resisted|p2b: Goodra\n|-damage|p2b: Goodra|47\/100\n|\n|-heal|p2b: Goodra|53\/100|[from] Grassy Terrain\n|-heal|p2b: Goodra|59\/100|[from] item: Leftovers\n|-heal|p2a: Hoopa|47\/100|[from] Grassy Terrain\n|-heal|p2a: Hoopa|53\/100|[from] item: Leftovers\n|-heal|p1a: Ursaluna|100\/100 brn|[from] Grassy Terrain\n|-heal|p1b: Rillaboom|9\/100|[from] Grassy Terrain\n|-damage|p1a: Ursaluna|94\/100 brn|[from] brn\n|upkeep\n|turn|9\n|\n|t:|1698094021\n|switch|p2b: Indeedee|Indeedee-F, F|52\/100\n|-fieldstart|move: Psychic Terrain|[from] ability: Psychic Surge|[of] p2b: Indeedee\n|move|p2a: Hoopa|Expanding Force|p1a: Ursaluna|[spread] p1a,p1b\n|-damage|p1a: Ursaluna|33\/100 brn\n|-damage|p1b: Rillaboom|0 fnt\n|faint|p1b: Rillaboom\n|move|p1a: Ursaluna|High Horsepower|p2b: Indeedee\n|-damage|p2b: Indeedee|0 fnt\n|faint|p2b: Indeedee\n|\n|-heal|p2a: Hoopa|59\/100|[from] item: Leftovers\n|-damage|p1a: Ursaluna|27\/100 brn|[from] brn\n|upkeep\n|\n|t:|1698094037\n|switch|p2b: Hatterene|Hatterene, F|100\/100\n|switch|p1b: Sinistcha|Sinistcha|100\/100\n|-heal|p1a: Ursaluna|52\/100 brn|[from] ability: Hospitality|[of] p1b: Sinistcha\n|turn|10\n|\n|t:|1698094067\n|move|p2b: Hatterene|Expanding Force|p1a: Ursaluna|[spread] p1a,p1b\n|-damage|p1a: Ursaluna|1\/100 brn\n|-damage|p1b: Sinistcha|45\/100\n|-enditem|p1b: Sinistcha|Sitrus Berry|[eat]\n|-heal|p1b: Sinistcha|70\/100|[from] item: Sitrus Berry\n|move|p2a: Hoopa|Expanding Force|p1a: Ursaluna|[spread] p1a,p1b\n|-damage|p1a: Ursaluna|0 fnt\n|-damage|p1b: Sinistcha|3\/100\n|faint|p1a: Ursaluna\n|move|p1b: Sinistcha|Matcha Gotcha|p2a: Hoopa|[spread] p2a,p2b\n|-damage|p2a: Hoopa|42\/100\n|-heal|p1b: Sinistcha|12\/100|[from] drain|[of] p2a: Hoopa\n|-damage|p2b: Hatterene|73\/100\n|-heal|p1b: Sinistcha|25\/100|[from] drain|[of] p2b: Hatterene\n|\n|-heal|p2b: Hatterene|79\/100|[from] item: Leftovers\n|-heal|p2a: Hoopa|48\/100|[from] item: Leftovers\n|-fieldend|move: Trick Room\n|upkeep\n|turn|11\n|\n|t:|1698094084\n|-terastallize|p1b: Sinistcha|Dark\n|move|p1b: Sinistcha|Strength Sap|p2a: Hoopa\n|-unboost|p2a: Hoopa|atk|1\n|-heal|p1b: Sinistcha|90\/100\n|move|p2a: Hoopa|Shadow Ball|p1b: Sinistcha\n|-resisted|p1b: Sinistcha\n|-damage|p1b: Sinistcha|68\/100\n|move|p2b: Hatterene|Expanding Force|p1b: Sinistcha\n|-immune|p1b: Sinistcha\n|\n|-heal|p2a: Hoopa|54\/100|[from] item: Leftovers\n|-heal|p2b: Hatterene|85\/100|[from] item: Leftovers\n|upkeep\n|turn|12\n|\n|t:|1698094103\n|switch|p2a: Ting-Lu|Ting-Lu|100\/100\n|-ability|p2a: Ting-Lu|Vessel of Ruin\n|move|p2b: Hatterene|Draining Kiss|p1b: Sinistcha\n|-supereffective|p1b: Sinistcha\n|-damage|p1b: Sinistcha|31\/100\n|-heal|p2b: Hatterene|100\/100|[from] drain|[of] p1b: Sinistcha\n|move|p1b: Sinistcha|Trick Room|p1b: Sinistcha\n|-fieldstart|move: Trick Room|[of] p1b: Sinistcha\n|\n|upkeep\n|turn|13\n|j| Crown Oji\n|\n|t:|1698094120\n|move|p2b: Hatterene|Draining Kiss|p1b: Sinistcha\n|-supereffective|p1b: Sinistcha\n|-damage|p1b: Sinistcha|0 fnt\n|faint|p1b: Sinistcha\n|\n|win|theironpikachu\n|n|\u2606Strikenator|strikenator\n|n|\u2606theironpikachu|theironpikachu\n|n|*Lady Monita \u263d|ladymonita\n|n| Crown Oji|crownoji\n","uploadtime":1698094122,"views":10,"p1id":"strikenator","p2id":"theironpikachu","formatid":"gen9doublesou","rating":0,"private":0,"password":""}