{"id":"gen9doublesou-1998032341","p1":"Splunkle","p2":"OPieceOfHeroGhost","format":"[Gen 9] Doubles OU","log":"|j|\u2606Splunkle\n|j|\u2606OPieceOfHeroGhost\n|t:|1700881408\n|gametype|doubles\n|player|p1|Splunkle|battlegirl-gen4|1316\n|player|p2|OPieceOfHeroGhost|morty|1510\n|teamsize|p1|6\n|teamsize|p2|6\n|gen|9\n|tier|[Gen 9] Doubles OU\n|rated|\n|rule|Species Clause: Limit one of each Pok\u00e9mon\n|rule|OHKO Clause: OHKO moves are banned\n|rule|Evasion Moves Clause: Evasion moves are banned\n|rule|Gravity Sleep Clause: The combination of sleep-inducing moves with imperfect accuracy and Gravity or Gigantamax Orbeetle are banned\n|rule|Endless Battle Clause: Forcing endless battles is banned\n|rule|HP Percentage Mod: HP is shown in percentages\n|clearpoke\n|poke|p1|Wo-Chien|\n|poke|p1|Toxapex, M|\n|poke|p1|Landorus-Therian, M|\n|poke|p1|Cresselia, F|\n|poke|p1|Arcanine, M|\n|poke|p1|Tornadus, M|\n|poke|p2|Ting-Lu|\n|poke|p2|Sinistcha|\n|poke|p2|Cresselia, F|\n|poke|p2|Flutter Mane|\n|poke|p2|Ogerpon-Wellspring, F|\n|poke|p2|Landorus-Therian, M|\n|teampreview\n|inactive|Battle timer is ON: inactive players will automatically lose when time's up. (requested by Splunkle)\n|j| klaylton\n|\n|t:|1700881424\n|start\n|switch|p1a: Toxapex|Toxapex, M|100\/100\n|switch|p1b: Tornadus|Tornadus, M|100\/100\n|switch|p2a: \u54bf\u5440\uff01\u838e\u5e03\u5c3c\u53e4\u62c9\u65af\uff01|Ting-Lu|100\/100\n|switch|p2b: \u8fd9\u4e48\u5f3a\u662f\u600e\u4e48\u88ab\u4e09\u4e2a\u51fa\u751f\u6b3a\u8d1f\u7684\uff1f|Ogerpon-Wellspring, F|100\/100\n|-ability|p2a: \u54bf\u5440\uff01\u838e\u5e03\u5c3c\u53e4\u62c9\u65af\uff01|Vessel of Ruin\n|turn|1\n|\n|t:|1700881437\n|move|p2b: \u8fd9\u4e48\u5f3a\u662f\u600e\u4e48\u88ab\u4e09\u4e2a\u51fa\u751f\u6b3a\u8d1f\u7684\uff1f|Spiky Shield|p2b: \u8fd9\u4e48\u5f3a\u662f\u600e\u4e48\u88ab\u4e09\u4e2a\u51fa\u751f\u6b3a\u8d1f\u7684\uff1f\n|-singleturn|p2b: \u8fd9\u4e48\u5f3a\u662f\u600e\u4e48\u88ab\u4e09\u4e2a\u51fa\u751f\u6b3a\u8d1f\u7684\uff1f|move: Protect\n|move|p1b: Tornadus|Tailwind|p1b: Tornadus\n|-sidestart|p1: Splunkle|move: Tailwind\n|move|p1a: Toxapex|Toxic Spikes|p2a: \u54bf\u5440\uff01\u838e\u5e03\u5c3c\u53e4\u62c9\u65af\uff01\n|-sidestart|p2: OPieceOfHeroGhost|move: Toxic Spikes\n|move|p2a: \u54bf\u5440\uff01\u838e\u5e03\u5c3c\u53e4\u62c9\u65af\uff01|Payback|p1b: Tornadus\n|-damage|p1b: Tornadus|0 fnt\n|faint|p1b: Tornadus\n|\n|upkeep\n|\n|t:|1700881451\n|switch|p1b: Wo-Chien|Wo-Chien|100\/100\n|-ability|p1b: Wo-Chien|Tablets of Ruin\n|turn|2\n|\n|t:|1700881466\n|-terastallize|p2a: \u54bf\u5440\uff01\u838e\u5e03\u5c3c\u53e4\u62c9\u65af\uff01|Poison\n|move|p1b: Wo-Chien|Leech Seed|p2a: \u54bf\u5440\uff01\u838e\u5e03\u5c3c\u53e4\u62c9\u65af\uff01\n|-start|p2a: \u54bf\u5440\uff01\u838e\u5e03\u5c3c\u53e4\u62c9\u65af\uff01|move: Leech Seed\n|move|p2b: \u8fd9\u4e48\u5f3a\u662f\u600e\u4e48\u88ab\u4e09\u4e2a\u51fa\u751f\u6b3a\u8d1f\u7684\uff1f|Swords Dance|p2b: \u8fd9\u4e48\u5f3a\u662f\u600e\u4e48\u88ab\u4e09\u4e2a\u51fa\u751f\u6b3a\u8d1f\u7684\uff1f\n|-boost|p2b: \u8fd9\u4e48\u5f3a\u662f\u600e\u4e48\u88ab\u4e09\u4e2a\u51fa\u751f\u6b3a\u8d1f\u7684\uff1f|atk|2\n|move|p1a: Toxapex|Toxic Spikes|p2a: \u54bf\u5440\uff01\u838e\u5e03\u5c3c\u53e4\u62c9\u65af\uff01\n|-sidestart|p2: OPieceOfHeroGhost|move: Toxic Spikes\n|move|p2a: \u54bf\u5440\uff01\u838e\u5e03\u5c3c\u53e4\u62c9\u65af\uff01|Payback|p1a: Toxapex\n|-damage|p1a: Toxapex|63\/100\n|\n|-heal|p1a: Toxapex|69\/100|[from] item: Black Sludge\n|-damage|p2a: \u54bf\u5440\uff01\u838e\u5e03\u5c3c\u53e4\u62c9\u65af\uff01|88\/100|[from] Leech Seed|[of] p1b: Wo-Chien\n|upkeep\n|turn|3\n|\n|t:|1700881482\n|switch|p2a: \u514b\u96f7\u771f\u7684\u662f\u840c\u840c\u54d2\u5440\uff01|Cresselia, F|100\/100\n|move|p1a: Toxapex|Baneful Bunker|p1a: Toxapex\n|-singleturn|p1a: Toxapex|move: Protect\n|move|p1b: Wo-Chien|Leech Seed|p2b: \u8fd9\u4e48\u5f3a\u662f\u600e\u4e48\u88ab\u4e09\u4e2a\u51fa\u751f\u6b3a\u8d1f\u7684\uff1f\n|-immune|p2b: \u8fd9\u4e48\u5f3a\u662f\u600e\u4e48\u88ab\u4e09\u4e2a\u51fa\u751f\u6b3a\u8d1f\u7684\uff1f\n|move|p2b: \u8fd9\u4e48\u5f3a\u662f\u600e\u4e48\u88ab\u4e09\u4e2a\u51fa\u751f\u6b3a\u8d1f\u7684\uff1f|Swords Dance|p2b: \u8fd9\u4e48\u5f3a\u662f\u600e\u4e48\u88ab\u4e09\u4e2a\u51fa\u751f\u6b3a\u8d1f\u7684\uff1f\n|-boost|p2b: \u8fd9\u4e48\u5f3a\u662f\u600e\u4e48\u88ab\u4e09\u4e2a\u51fa\u751f\u6b3a\u8d1f\u7684\uff1f|atk|2\n|\n|-heal|p1a: Toxapex|75\/100|[from] item: Black Sludge\n|upkeep\n|turn|4\n|\n|t:|1700881502\n|switch|p1a: Landorus|Landorus-Therian, M|100\/100\n|-ability|p1a: Landorus|Intimidate|boost\n|-unboost|p2a: \u514b\u96f7\u771f\u7684\u662f\u840c\u840c\u54d2\u5440\uff01|atk|1\n|-unboost|p2b: \u8fd9\u4e48\u5f3a\u662f\u600e\u4e48\u88ab\u4e09\u4e2a\u51fa\u751f\u6b3a\u8d1f\u7684\uff1f|atk|1\n|move|p1b: Wo-Chien|Knock Off|p2a: \u514b\u96f7\u771f\u7684\u662f\u840c\u840c\u54d2\u5440\uff01\n|-supereffective|p2a: \u514b\u96f7\u771f\u7684\u662f\u840c\u840c\u54d2\u5440\uff01\n|-damage|p2a: \u514b\u96f7\u771f\u7684\u662f\u840c\u840c\u54d2\u5440\uff01|69\/100\n|-damage|p1b: Wo-Chien|84\/100|[from] item: Rocky Helmet|[of] p2a: \u514b\u96f7\u771f\u7684\u662f\u840c\u840c\u54d2\u5440\uff01\n|-enditem|p2a: \u514b\u96f7\u771f\u7684\u662f\u840c\u840c\u54d2\u5440\uff01|Rocky Helmet|[from] move: Knock Off|[of] p1b: Wo-Chien\n|move|p2b: \u8fd9\u4e48\u5f3a\u662f\u600e\u4e48\u88ab\u4e09\u4e2a\u51fa\u751f\u6b3a\u8d1f\u7684\uff1f|Swords Dance|p2b: \u8fd9\u4e48\u5f3a\u662f\u600e\u4e48\u88ab\u4e09\u4e2a\u51fa\u751f\u6b3a\u8d1f\u7684\uff1f\n|-boost|p2b: \u8fd9\u4e48\u5f3a\u662f\u600e\u4e48\u88ab\u4e09\u4e2a\u51fa\u751f\u6b3a\u8d1f\u7684\uff1f|atk|2\n|move|p2a: \u514b\u96f7\u771f\u7684\u662f\u840c\u840c\u54d2\u5440\uff01|Calm Mind|p2a: \u514b\u96f7\u771f\u7684\u662f\u840c\u840c\u54d2\u5440\uff01\n|-boost|p2a: \u514b\u96f7\u771f\u7684\u662f\u840c\u840c\u54d2\u5440\uff01|spa|1\n|-boost|p2a: \u514b\u96f7\u771f\u7684\u662f\u840c\u840c\u54d2\u5440\uff01|spd|1\n|\n|-heal|p1b: Wo-Chien|90\/100|[from] item: Leftovers\n|-sideend|p1: Splunkle|move: Tailwind\n|upkeep\n|turn|5\n|\n|t:|1700881522\n|move|p1a: Landorus|Protect|p1a: Landorus\n|-singleturn|p1a: Landorus|Protect\n|move|p2b: \u8fd9\u4e48\u5f3a\u662f\u600e\u4e48\u88ab\u4e09\u4e2a\u51fa\u751f\u6b3a\u8d1f\u7684\uff1f|Horn Leech|p1b: Wo-Chien\n|-resisted|p1b: Wo-Chien\n|-damage|p1b: Wo-Chien|50\/100\n|move|p2a: \u514b\u96f7\u771f\u7684\u662f\u840c\u840c\u54d2\u5440\uff01|Ice Beam|p1a: Landorus\n|-activate|p1a: Landorus|move: Protect\n|move|p1b: Wo-Chien|Leech Seed|p2a: \u514b\u96f7\u771f\u7684\u662f\u840c\u840c\u54d2\u5440\uff01|[miss]\n|-miss|p1b: Wo-Chien|p2a: \u514b\u96f7\u771f\u7684\u662f\u840c\u840c\u54d2\u5440\uff01\n|\n|-heal|p1b: Wo-Chien|57\/100|[from] item: Leftovers\n|upkeep\n|turn|6\n|\n|t:|1700881539\n|switch|p1a: Arcanine|Arcanine, M, shiny|100\/100\n|-ability|p1a: Arcanine|Intimidate|boost\n|-unboost|p2a: \u514b\u96f7\u771f\u7684\u662f\u840c\u840c\u54d2\u5440\uff01|atk|1\n|-unboost|p2b: \u8fd9\u4e48\u5f3a\u662f\u600e\u4e48\u88ab\u4e09\u4e2a\u51fa\u751f\u6b3a\u8d1f\u7684\uff1f|atk|1\n|move|p2b: \u8fd9\u4e48\u5f3a\u662f\u600e\u4e48\u88ab\u4e09\u4e2a\u51fa\u751f\u6b3a\u8d1f\u7684\uff1f|Ivy Cudgel|p1a: Arcanine|[anim] Ivy Cudgel Water\n|-supereffective|p1a: Arcanine\n|-damage|p1a: Arcanine|0 fnt\n|faint|p1a: Arcanine\n|move|p2a: \u514b\u96f7\u771f\u7684\u662f\u840c\u840c\u54d2\u5440\uff01|Ice Beam|p1b: Wo-Chien\n|-supereffective|p1b: Wo-Chien\n|-damage|p1b: Wo-Chien|18\/100\n|move|p1b: Wo-Chien|Leech Seed|p2a: \u514b\u96f7\u771f\u7684\u662f\u840c\u840c\u54d2\u5440\uff01\n|-start|p2a: \u514b\u96f7\u771f\u7684\u662f\u840c\u840c\u54d2\u5440\uff01|move: Leech Seed\n|\n|-heal|p1b: Wo-Chien|24\/100|[from] item: Leftovers\n|-damage|p2a: \u514b\u96f7\u771f\u7684\u662f\u840c\u840c\u54d2\u5440\uff01|57\/100|[from] Leech Seed|[of] p1b: Wo-Chien\n|-heal|p1b: Wo-Chien|38\/100|[silent]\n|upkeep\n|\n|t:|1700881554\n|switch|p1a: Landorus|Landorus-Therian, M|100\/100\n|-ability|p1a: Landorus|Intimidate|boost\n|-unboost|p2a: \u514b\u96f7\u771f\u7684\u662f\u840c\u840c\u54d2\u5440\uff01|atk|1\n|-unboost|p2b: \u8fd9\u4e48\u5f3a\u662f\u600e\u4e48\u88ab\u4e09\u4e2a\u51fa\u751f\u6b3a\u8d1f\u7684\uff1f|atk|1\n|turn|7\n|\n|t:|1700881563\n|move|p1a: Landorus|Protect|p1a: Landorus\n|-singleturn|p1a: Landorus|Protect\n|move|p1b: Wo-Chien|Protect|p1b: Wo-Chien\n|-singleturn|p1b: Wo-Chien|Protect\n|move|p2b: \u8fd9\u4e48\u5f3a\u662f\u600e\u4e48\u88ab\u4e09\u4e2a\u51fa\u751f\u6b3a\u8d1f\u7684\uff1f|Ivy Cudgel|p1b: Wo-Chien|[anim] Ivy Cudgel Water\n|-activate|p1b: Wo-Chien|move: Protect\n|move|p2a: \u514b\u96f7\u771f\u7684\u662f\u840c\u840c\u54d2\u5440\uff01|Calm Mind|p2a: \u514b\u96f7\u771f\u7684\u662f\u840c\u840c\u54d2\u5440\uff01\n|-boost|p2a: \u514b\u96f7\u771f\u7684\u662f\u840c\u840c\u54d2\u5440\uff01|spa|1\n|-boost|p2a: \u514b\u96f7\u771f\u7684\u662f\u840c\u840c\u54d2\u5440\uff01|spd|1\n|\n|-heal|p1b: Wo-Chien|45\/100|[from] item: Leftovers\n|-damage|p2a: \u514b\u96f7\u771f\u7684\u662f\u840c\u840c\u54d2\u5440\uff01|44\/100|[from] Leech Seed|[of] p1b: Wo-Chien\n|-heal|p1b: Wo-Chien|59\/100|[silent]\n|upkeep\n|turn|8\n|\n|t:|1700881582\n|switch|p1a: Toxapex|Toxapex, M|75\/100\n|move|p2b: \u8fd9\u4e48\u5f3a\u662f\u600e\u4e48\u88ab\u4e09\u4e2a\u51fa\u751f\u6b3a\u8d1f\u7684\uff1f|Swords Dance|p2b: \u8fd9\u4e48\u5f3a\u662f\u600e\u4e48\u88ab\u4e09\u4e2a\u51fa\u751f\u6b3a\u8d1f\u7684\uff1f\n|-boost|p2b: \u8fd9\u4e48\u5f3a\u662f\u600e\u4e48\u88ab\u4e09\u4e2a\u51fa\u751f\u6b3a\u8d1f\u7684\uff1f|atk|2\n|move|p2a: \u514b\u96f7\u771f\u7684\u662f\u840c\u840c\u54d2\u5440\uff01|Ice Beam|p1a: Toxapex\n|-resisted|p1a: Toxapex\n|-damage|p1a: Toxapex|61\/100\n|move|p1b: Wo-Chien|Pollen Puff|p1a: Toxapex\n|-heal|p1a: Toxapex|100\/100\n|\n|-heal|p1b: Wo-Chien|65\/100|[from] item: Leftovers\n|-damage|p2a: \u514b\u96f7\u771f\u7684\u662f\u840c\u840c\u54d2\u5440\uff01|32\/100|[from] Leech Seed|[of] p1b: Wo-Chien\n|-heal|p1b: Wo-Chien|80\/100|[silent]\n|upkeep\n|turn|9\n|\n|t:|1700881601\n|switch|p2a: \u54bf\u5440\uff01\u838e\u5e03\u5c3c\u53e4\u62c9\u65af\uff01|Ting-Lu, tera:Poison|88\/100\n|-sideend|p2: OPieceOfHeroGhost|move: Toxic Spikes|[of] p2a: \u54bf\u5440\uff01\u838e\u5e03\u5c3c\u53e4\u62c9\u65af\uff01\n|-ability|p2a: \u54bf\u5440\uff01\u838e\u5e03\u5c3c\u53e4\u62c9\u65af\uff01|Vessel of Ruin\n|move|p2b: \u8fd9\u4e48\u5f3a\u662f\u600e\u4e48\u88ab\u4e09\u4e2a\u51fa\u751f\u6b3a\u8d1f\u7684\uff1f|Spiky Shield|p2b: \u8fd9\u4e48\u5f3a\u662f\u600e\u4e48\u88ab\u4e09\u4e2a\u51fa\u751f\u6b3a\u8d1f\u7684\uff1f\n|-singleturn|p2b: \u8fd9\u4e48\u5f3a\u662f\u600e\u4e48\u88ab\u4e09\u4e2a\u51fa\u751f\u6b3a\u8d1f\u7684\uff1f|move: Protect\n|move|p1b: Wo-Chien|Protect|p1b: Wo-Chien\n|-singleturn|p1b: Wo-Chien|Protect\n|move|p1a: Toxapex|Baneful Bunker||[still]\n|-fail|p1a: Toxapex\n|\n|-heal|p1b: Wo-Chien|86\/100|[from] item: Leftovers\n|upkeep\n|turn|10\n|\n|t:|1700881621\n|move|p2b: \u8fd9\u4e48\u5f3a\u662f\u600e\u4e48\u88ab\u4e09\u4e2a\u51fa\u751f\u6b3a\u8d1f\u7684\uff1f|Swords Dance|p2b: \u8fd9\u4e48\u5f3a\u662f\u600e\u4e48\u88ab\u4e09\u4e2a\u51fa\u751f\u6b3a\u8d1f\u7684\uff1f\n|-boost|p2b: \u8fd9\u4e48\u5f3a\u662f\u600e\u4e48\u88ab\u4e09\u4e2a\u51fa\u751f\u6b3a\u8d1f\u7684\uff1f|atk|1\n|move|p1b: Wo-Chien|Pollen Puff|p2b: \u8fd9\u4e48\u5f3a\u662f\u600e\u4e48\u88ab\u4e09\u4e2a\u51fa\u751f\u6b3a\u8d1f\u7684\uff1f\n|-supereffective|p2b: \u8fd9\u4e48\u5f3a\u662f\u600e\u4e48\u88ab\u4e09\u4e2a\u51fa\u751f\u6b3a\u8d1f\u7684\uff1f\n|-damage|p2b: \u8fd9\u4e48\u5f3a\u662f\u600e\u4e48\u88ab\u4e09\u4e2a\u51fa\u751f\u6b3a\u8d1f\u7684\uff1f|72\/100\n|move|p1a: Toxapex|Venoshock|p2b: \u8fd9\u4e48\u5f3a\u662f\u600e\u4e48\u88ab\u4e09\u4e2a\u51fa\u751f\u6b3a\u8d1f\u7684\uff1f\n|-supereffective|p2b: \u8fd9\u4e48\u5f3a\u662f\u600e\u4e48\u88ab\u4e09\u4e2a\u51fa\u751f\u6b3a\u8d1f\u7684\uff1f\n|-damage|p2b: \u8fd9\u4e48\u5f3a\u662f\u600e\u4e48\u88ab\u4e09\u4e2a\u51fa\u751f\u6b3a\u8d1f\u7684\uff1f|52\/100\n|move|p2a: \u54bf\u5440\uff01\u838e\u5e03\u5c3c\u53e4\u62c9\u65af\uff01|Stomping Tantrum|p1a: Toxapex\n|-supereffective|p1a: Toxapex\n|-damage|p1a: Toxapex|45\/100\n|\n|-heal|p1b: Wo-Chien|92\/100|[from] item: Leftovers\n|-heal|p1a: Toxapex|51\/100|[from] item: Black Sludge\n|upkeep\n|turn|11\n|\n|t:|1700881639\n|move|p1a: Toxapex|Baneful Bunker|p1a: Toxapex\n|-singleturn|p1a: Toxapex|move: Protect\n|move|p2b: \u8fd9\u4e48\u5f3a\u662f\u600e\u4e48\u88ab\u4e09\u4e2a\u51fa\u751f\u6b3a\u8d1f\u7684\uff1f|Horn Leech|p1b: Wo-Chien\n|-resisted|p1b: Wo-Chien\n|-damage|p1b: Wo-Chien|48\/100\n|-heal|p2b: \u8fd9\u4e48\u5f3a\u662f\u600e\u4e48\u88ab\u4e09\u4e2a\u51fa\u751f\u6b3a\u8d1f\u7684\uff1f|75\/100|[from] drain|[of] p1b: Wo-Chien\n|move|p1b: Wo-Chien|Pollen Puff|p2a: \u54bf\u5440\uff01\u838e\u5e03\u5c3c\u53e4\u62c9\u65af\uff01\n|-resisted|p2a: \u54bf\u5440\uff01\u838e\u5e03\u5c3c\u53e4\u62c9\u65af\uff01\n|-damage|p2a: \u54bf\u5440\uff01\u838e\u5e03\u5c3c\u53e4\u62c9\u65af\uff01|83\/100\n|move|p2a: \u54bf\u5440\uff01\u838e\u5e03\u5c3c\u53e4\u62c9\u65af\uff01|Stomping Tantrum|p1a: Toxapex\n|-activate|p1a: Toxapex|move: Protect\n|\n|-heal|p1b: Wo-Chien|55\/100|[from] item: Leftovers\n|-heal|p1a: Toxapex|58\/100|[from] item: Black Sludge\n|upkeep\n|turn|12\n|\n|t:|1700881661\n|switch|p1a: Cresselia|Cresselia, F, shiny|100\/100\n|move|p1b: Wo-Chien|Protect|p1b: Wo-Chien\n|-singleturn|p1b: Wo-Chien|Protect\n|move|p2b: \u8fd9\u4e48\u5f3a\u662f\u600e\u4e48\u88ab\u4e09\u4e2a\u51fa\u751f\u6b3a\u8d1f\u7684\uff1f|Horn Leech|p1b: Wo-Chien\n|-activate|p1b: Wo-Chien|move: Protect\n|move|p2a: \u54bf\u5440\uff01\u838e\u5e03\u5c3c\u53e4\u62c9\u65af\uff01|Stomping Tantrum|p1a: Cresselia\n|-immune|p1a: Cresselia|[from] ability: Levitate\n|\n|-heal|p1b: Wo-Chien|61\/100|[from] item: Leftovers\n|upkeep\n|turn|13\n|l| klaylton\n|\n|t:|1700881678\n|switch|p2a: \u514b\u96f7\u771f\u7684\u662f\u840c\u840c\u54d2\u5440\uff01|Cresselia, F|32\/100\n|-terastallize|p1a: Cresselia|Fairy\n|move|p2b: \u8fd9\u4e48\u5f3a\u662f\u600e\u4e48\u88ab\u4e09\u4e2a\u51fa\u751f\u6b3a\u8d1f\u7684\uff1f|Ivy Cudgel|p1a: Cresselia|[anim] Ivy Cudgel Water\n|-damage|p1a: Cresselia|0 fnt\n|faint|p1a: Cresselia\n|move|p1b: Wo-Chien|Leech Seed|p2a: \u514b\u96f7\u771f\u7684\u662f\u840c\u840c\u54d2\u5440\uff01|[miss]\n|-miss|p1b: Wo-Chien|p2a: \u514b\u96f7\u771f\u7684\u662f\u840c\u840c\u54d2\u5440\uff01\n|\n|-heal|p1b: Wo-Chien|67\/100|[from] item: Leftovers\n|upkeep\n|-message|Splunkle forfeited.\n|\n|win|OPieceOfHeroGhost\n|raw|Splunkle's rating: 1316 &rarr; <strong>1306<\/strong><br \/>(-10 for losing)\n|raw|OPieceOfHeroGhost's rating: 1510 &rarr; <strong>1520<\/strong><br \/>(+10 for winning)\n|l|\u2606Splunkle\n","uploadtime":1700881692,"views":2,"p1id":"splunkle","p2id":"opieceofheroghost","formatid":"gen9doublesou","rating":1306,"private":0,"password":""}