{"id":"gen9doublesou-1981310384","p1":"I am the Hurricane","p2":"Jourvicious","format":"[Gen 9] Doubles OU","log":"|j|\u2606I am the Hurricane\n|j|\u2606Jourvicious\n|t:|1698882297\n|gametype|doubles\n|player|p1|I am the Hurricane|265|1536\n|player|p2|Jourvicious|lisia-masters|1521\n|teamsize|p1|6\n|teamsize|p2|6\n|gen|9\n|tier|[Gen 9] Doubles OU\n|rated|\n|rule|Species Clause: Limit one of each Pok\u00e9mon\n|rule|OHKO Clause: OHKO moves are banned\n|rule|Evasion Moves Clause: Evasion moves are banned\n|rule|Gravity Sleep Clause: The combination of sleep-inducing moves with imperfect accuracy and Gravity or Gigantamax Orbeetle are banned\n|rule|Endless Battle Clause: Forcing endless battles is banned\n|rule|HP Percentage Mod: HP is shown in percentages\n|clearpoke\n|poke|p1|Snorlax, F|\n|poke|p1|Sinistcha-Masterpiece|\n|poke|p1|Kommo-o, M|\n|poke|p1|Landorus-Therian, M|\n|poke|p1|Clefairy, M|\n|poke|p1|Iron Hands|\n|poke|p2|Kommo-o, F|\n|poke|p2|Shiftry, F|\n|poke|p2|Tornadus, M|\n|poke|p2|Arcanine-Hisui, M|\n|poke|p2|Sinistcha-Masterpiece|\n|poke|p2|Ninetales-Alola, F|\n|teampreview\n|inactive|Battle timer is ON: inactive players will automatically lose when time's up. (requested by Jourvicious)\n|j| unluckysivir\n|\n|t:|1698882314\n|start\n|switch|p1a: Sinistcha|Sinistcha-Masterpiece|100\/100\n|switch|p1b: Snorlax|Snorlax, F|100\/100\n|switch|p2a: Shiftry|Shiftry, F, shiny|100\/100\n|switch|p2b: Ninetales|Ninetales-Alola, F|100\/100\n|-weather|Snow|[from] ability: Snow Warning|[of] p2b: Ninetales\n|turn|1\n|\n|t:|1698882330\n|switch|p1a: Landorus|Landorus-Therian, M|100\/100\n|-ability|p1a: Landorus|Intimidate|boost\n|-unboost|p2a: Shiftry|atk|1\n|-unboost|p2b: Ninetales|atk|1\n|move|p2a: Shiftry|Fake Out|p1b: Snorlax\n|-damage|p1b: Snorlax|94\/100\n|move|p2b: Ninetales|Blizzard|p1b: Snorlax|[spread] p1a,p1b\n|-supereffective|p1a: Landorus\n|-crit|p1a: Landorus\n|-damage|p1a: Landorus|0 fnt\n|-damage|p1b: Snorlax|85\/100\n|faint|p1a: Landorus\n|cant|p1b: Snorlax|flinch\n|\n|-weather|Snow|[upkeep]\n|upkeep\n|\n|t:|1698882345\n|switch|p1a: Clefairy|Clefairy, M|100\/100\n|turn|2\n|\n|t:|1698882352\n|move|p2b: Ninetales|Aurora Veil|p2b: Ninetales\n|-sidestart|p2: Jourvicious|move: Aurora Veil\n|move|p2a: Shiftry|Low Kick|p1b: Snorlax\n|-supereffective|p1b: Snorlax\n|-damage|p1b: Snorlax|57\/100\n|move|p1a: Clefairy|Heal Pulse|p1b: Snorlax\n|-heal|p1b: Snorlax|100\/100\n|move|p1b: Snorlax|Belly Drum|p1b: Snorlax\n|-damage|p1b: Snorlax|50\/100\n|-setboost|p1b: Snorlax|atk|6|[from] move: Belly Drum\n|-enditem|p1b: Snorlax|Sitrus Berry|[eat]\n|-heal|p1b: Snorlax|75\/100|[from] item: Sitrus Berry\n|\n|-weather|Snow|[upkeep]\n|upkeep\n|turn|3\n|\n|t:|1698882367\n|move|p1a: Clefairy|Follow Me|p1a: Clefairy\n|-singleturn|p1a: Clefairy|move: Follow Me\n|move|p2b: Ninetales|Encore|p1a: Clefairy\n|-start|p1a: Clefairy|Encore\n|move|p2a: Shiftry|Low Kick|p1a: Clefairy\n|-resisted|p1a: Clefairy\n|-damage|p1a: Clefairy|99\/100\n|move|p1b: Snorlax|Facade|p2b: Ninetales\n|-damage|p2b: Ninetales|9\/100\n|\n|-weather|Snow|[upkeep]\n|upkeep\n|turn|4\n|\n|t:|1698882388\n|switch|p2b: Sinistcha|Sinistcha-Masterpiece|100\/100\n|move|p1a: Clefairy|Follow Me|p1a: Clefairy\n|-singleturn|p1a: Clefairy|move: Follow Me\n|move|p2a: Shiftry|Low Kick|p1a: Clefairy\n|-resisted|p1a: Clefairy\n|-damage|p1a: Clefairy|97\/100\n|move|p1b: Snorlax|Facade|p2a: Shiftry\n|-enditem|p2a: Shiftry|Focus Sash\n|-damage|p2a: Shiftry|1\/100\n|\n|-weather|Snow|[upkeep]\n|upkeep\n|turn|5\n|\n|t:|1698882406\n|switch|p2a: Ninetales|Ninetales-Alola, F|9\/100\n|move|p1a: Clefairy|Follow Me|p1a: Clefairy\n|-singleturn|p1a: Clefairy|move: Follow Me\n|move|p2b: Sinistcha|Matcha Gotcha|p1a: Clefairy|[spread] p1a,p1b\n|-damage|p1a: Clefairy|78\/100\n|-damage|p1b: Snorlax|64\/100\n|move|p1b: Snorlax|High Horsepower|p2b: Sinistcha|[miss]\n|-miss|p1b: Snorlax|p2b: Sinistcha\n|\n|-weather|none\n|upkeep\n|turn|6\n|\n|t:|1698882422\n|switch|p1a: Sinistcha|Sinistcha-Masterpiece|100\/100\n|-heal|p1b: Snorlax|89\/100|[from] ability: Hospitality|[of] p1a: Sinistcha\n|move|p2a: Ninetales|Blizzard|p1b: Snorlax|[spread] p1a\n|-miss|p2a: Ninetales|p1b: Snorlax\n|-supereffective|p1a: Sinistcha\n|-damage|p1a: Sinistcha|47\/100\n|move|p2b: Sinistcha|Matcha Gotcha|p1b: Snorlax|[spread] p1a\n|-miss|p2b: Sinistcha|p1b: Snorlax\n|-resisted|p1a: Sinistcha\n|-damage|p1a: Sinistcha|37\/100\n|move|p1b: Snorlax|Facade|p2a: Ninetales\n|-damage|p2a: Ninetales|0 fnt\n|faint|p2a: Ninetales\n|\n|upkeep\n|\n|t:|1698882438\n|switch|p2a: Tornadus|Tornadus, M|100\/100\n|turn|7\n|\n|t:|1698882448\n|switch|p1a: Clefairy|Clefairy, M|78\/100\n|move|p1b: Snorlax|Protect|p1b: Snorlax\n|-singleturn|p1b: Snorlax|Protect\n|move|p2a: Tornadus|Bleakwind Storm|p1a: Clefairy|[spread] p1a\n|-activate|p1b: Snorlax|move: Protect\n|-damage|p1a: Clefairy|56\/100\n|-unboost|p1a: Clefairy|spe|1\n|move|p2b: Sinistcha|Matcha Gotcha|p1a: Clefairy|[spread] \n|-activate|p1b: Snorlax|move: Protect\n|-miss|p2b: Sinistcha|p1a: Clefairy\n|\n|upkeep\n|turn|8\n|\n|t:|1698882468\n|move|p1a: Clefairy|Follow Me|p1a: Clefairy\n|-singleturn|p1a: Clefairy|move: Follow Me\n|move|p2a: Tornadus|Tailwind|p2a: Tornadus\n|-sidestart|p2: Jourvicious|move: Tailwind\n|move|p2b: Sinistcha|Calm Mind|p2b: Sinistcha\n|-boost|p2b: Sinistcha|spa|1\n|-boost|p2b: Sinistcha|spd|1\n|move|p1b: Snorlax|Facade|p2a: Tornadus\n|-damage|p2a: Tornadus|7\/100\n|\n|upkeep\n|turn|9\n|\n|t:|1698882483\n|move|p1a: Clefairy|Follow Me|p1a: Clefairy\n|-singleturn|p1a: Clefairy|move: Follow Me\n|move|p2a: Tornadus|Bleakwind Storm|p1b: Snorlax|[spread] p1a\n|-miss|p2a: Tornadus|p1b: Snorlax\n|-damage|p1a: Clefairy|30\/100\n|move|p2b: Sinistcha|Matcha Gotcha|p1b: Snorlax|[spread] p1a,p1b\n|-damage|p1a: Clefairy|3\/100\n|-damage|p1b: Snorlax|72\/100\n|-status|p1a: Clefairy|brn\n|move|p1b: Snorlax|Facade|p2a: Tornadus\n|-damage|p2a: Tornadus|0 fnt\n|faint|p2a: Tornadus\n|\n|-damage|p1a: Clefairy|0 fnt|[from] brn\n|faint|p1a: Clefairy\n|-sideend|p2: Jourvicious|move: Aurora Veil\n|upkeep\n|\n|t:|1698882500\n|switch|p2a: Shiftry|Shiftry, F, shiny|1\/100\n|switch|p1a: Sinistcha|Sinistcha-Masterpiece|37\/100\n|-ability|p2a: Shiftry|Wind Rider|boost\n|-boost|p2a: Shiftry|atk|1\n|-heal|p1b: Snorlax|97\/100|[from] ability: Hospitality|[of] p1a: Sinistcha\n|turn|10\n|\n|t:|1698882513\n|move|p1b: Snorlax|Protect|p1b: Snorlax\n|-singleturn|p1b: Snorlax|Protect\n|move|p2a: Shiftry|Low Kick|p1b: Snorlax\n|-activate|p1b: Snorlax|move: Protect\n|move|p2b: Sinistcha|Calm Mind|p2b: Sinistcha\n|-boost|p2b: Sinistcha|spa|1\n|-boost|p2b: Sinistcha|spd|1\n|move|p1a: Sinistcha|Trick Room|p1a: Sinistcha\n|-fieldstart|move: Trick Room|[of] p1a: Sinistcha\n|\n|upkeep\n|turn|11\n|\n|t:|1698882525\n|move|p2a: Shiftry|Sucker Punch|p1a: Sinistcha\n|-supereffective|p1a: Sinistcha\n|-crit|p1a: Sinistcha\n|-damage|p1a: Sinistcha|0 fnt\n|faint|p1a: Sinistcha\n|move|p1b: Snorlax|High Horsepower|p2b: Sinistcha\n|-resisted|p2b: Sinistcha\n|-damage|p2b: Sinistcha|55\/100\n|move|p2b: Sinistcha|Matcha Gotcha|p1b: Snorlax\n|-damage|p1b: Snorlax|56\/100\n|-heal|p2b: Sinistcha|82\/100|[from] drain|[of] p1b: Snorlax\n|\n|-sideend|p2: Jourvicious|move: Tailwind\n|upkeep\n|\n|t:|1698882536\n|switch|p1a: Kommo-o|Kommo-o, M|100\/100\n|turn|12\n|\n|t:|1698882547\n|move|p1b: Snorlax|Protect|p1b: Snorlax\n|-singleturn|p1b: Snorlax|Protect\n|move|p2a: Shiftry|Sucker Punch||[still]\n|-fail|p2a: Shiftry\n|move|p2b: Sinistcha|Matcha Gotcha|p1b: Snorlax|[spread] p1a\n|-activate|p1b: Snorlax|move: Protect\n|-resisted|p1a: Kommo-o\n|-damage|p1a: Kommo-o|77\/100\n|-heal|p2b: Sinistcha|93\/100|[from] drain|[of] p1a: Kommo-o\n|move|p1a: Kommo-o|Clangorous Soul|p1a: Kommo-o\n|-boost|p1a: Kommo-o|atk|1\n|-boost|p1a: Kommo-o|def|1\n|-boost|p1a: Kommo-o|spa|1\n|-boost|p1a: Kommo-o|spd|1\n|-boost|p1a: Kommo-o|spe|1\n|-damage|p1a: Kommo-o|45\/100\n|-enditem|p1a: Kommo-o|Throat Spray\n|-boost|p1a: Kommo-o|spa|1|[from] item: Throat Spray\n|\n|upkeep\n|turn|13\n|\n|t:|1698882569\n|move|p2a: Shiftry|Sucker Punch|p1b: Snorlax\n|-damage|p1b: Snorlax|17\/100\n|move|p1b: Snorlax|High Horsepower|p2b: Sinistcha\n|-resisted|p2b: Sinistcha\n|-damage|p2b: Sinistcha|43\/100\n|-enditem|p2b: Sinistcha|Sitrus Berry|[eat]\n|-heal|p2b: Sinistcha|68\/100|[from] item: Sitrus Berry\n|move|p2b: Sinistcha|Matcha Gotcha|p1a: Kommo-o|[spread] p1a\n|-miss|p2b: Sinistcha|p1b: Snorlax\n|-resisted|p1a: Kommo-o\n|-damage|p1a: Kommo-o|29\/100\n|-heal|p2b: Sinistcha|75\/100|[from] drain|[of] p1a: Kommo-o\n|move|p1a: Kommo-o|Clangorous Soul||[still]\n|-fail|p1a: Kommo-o\n|\n|upkeep\n|turn|14\n|\n|t:|1698882586\n|move|p1b: Snorlax|Protect|p1b: Snorlax\n|-singleturn|p1b: Snorlax|Protect\n|move|p2a: Shiftry|Sucker Punch||[still]\n|-fail|p2a: Shiftry\n|move|p2b: Sinistcha|Matcha Gotcha|p1a: Kommo-o|[spread] \n|-activate|p1b: Snorlax|move: Protect\n|-miss|p2b: Sinistcha|p1a: Kommo-o\n|move|p1a: Kommo-o|Clanging Scales|p2a: Shiftry|[spread] p2a,p2b\n|-damage|p2a: Shiftry|0 fnt\n|-damage|p2b: Sinistcha|40\/100\n|faint|p2a: Shiftry\n|-unboost|p1a: Kommo-o|def|1\n|\n|-fieldend|move: Trick Room\n|upkeep\n|\n|t:|1698882597\n|switch|p2a: Arcanine|Arcanine-Hisui, M|100\/100\n|-ability|p2a: Arcanine|Intimidate|boost\n|-unboost|p1a: Kommo-o|atk|1\n|-unboost|p1b: Snorlax|atk|1\n|turn|15\n|\n|t:|1698882624\n|-terastallize|p2a: Arcanine|Normal\n|move|p2a: Arcanine|Extreme Speed|p1a: Kommo-o\n|-damage|p1a: Kommo-o|0 fnt\n|faint|p1a: Kommo-o\n|move|p2b: Sinistcha|Matcha Gotcha|p1b: Snorlax\n|-damage|p1b: Snorlax|0 fnt\n|-heal|p2b: Sinistcha|51\/100|[from] drain|[of] p1b: Snorlax\n|faint|p1b: Snorlax\n|\n|upkeep\n|-message|I am the Hurricane forfeited.\n|\n|win|Jourvicious\n|raw|I am the Hurricane's rating: 1536 &rarr; <strong>1515<\/strong><br \/>(-21 for losing)\n|raw|Jourvicious's rating: 1521 &rarr; <strong>1542<\/strong><br \/>(+21 for winning)\n|l|\u2606I am the Hurricane\n","uploadtime":1698882639,"views":24,"p1id":"iamthehurricane","p2id":"jourvicious","formatid":"gen9doublesou","rating":1515,"private":0,"password":""}