{"id":"gen9doublesou-1987632915","p1":"ijorge24","p2":"TheGreat999","format":"[Gen 9] Doubles OU","log":"|j|\u2606ijorge24\n|j|\u2606TheGreat999\n|t:|1699622043\n|gametype|doubles\n|player|p1|ijorge24|265|1293\n|player|p2|TheGreat999|elio|1247\n|teamsize|p1|6\n|teamsize|p2|6\n|gen|9\n|tier|[Gen 9] Doubles OU\n|rated|\n|rule|Species Clause: Limit one of each Pok\u00e9mon\n|rule|OHKO Clause: OHKO moves are banned\n|rule|Evasion Moves Clause: Evasion moves are banned\n|rule|Gravity Sleep Clause: The combination of sleep-inducing moves with imperfect accuracy and Gravity or Gigantamax Orbeetle are banned\n|rule|Endless Battle Clause: Forcing endless battles is banned\n|rule|HP Percentage Mod: HP is shown in percentages\n|clearpoke\n|poke|p1|Tauros-Paldea-Aqua, M|\n|poke|p1|Froslass, F|\n|poke|p1|Ninetales-Alola, F|\n|poke|p1|Flamigo, F|\n|poke|p1|Chien-Pao|\n|poke|p1|Arcanine-Hisui, F|\n|poke|p2|Diancie|\n|poke|p2|Flutter Mane|\n|poke|p2|Palafin, M|\n|poke|p2|Ogerpon-Wellspring, F|\n|poke|p2|Volcanion|\n|poke|p2|Kommo-o, F|\n|teampreview\n|inactive|Battle timer is ON: inactive players will automatically lose when time's up. (requested by TheGreat999)\n|\n|t:|1699622083\n|start\n|switch|p1a: agallas|Chien-Pao|100\/100\n|switch|p1b: Firulais|Arcanine-Hisui, F|100\/100\n|switch|p2a: Diancie|Diancie|100\/100\n|switch|p2b: Palafin|Palafin, M|100\/100\n|-ability|p1a: agallas|Sword of Ruin\n|-ability|p1b: Firulais|Intimidate|boost\n|-fail|p2a: Diancie|unboost|[from] ability: Clear Body|[of] p2a: Diancie\n|-unboost|p2b: Palafin|atk|1\n|turn|1\n|\n|t:|1699622112\n|detailschange|p2b: Palafin|Palafin-Hero, M\n|switch|p2b: Kommo-o|Kommo-o, F|100\/100\n|-terastallize|p1b: Firulais|Normal\n|move|p1a: agallas|Sacred Sword|p2a: Diancie\n|-damage|p2a: Diancie|71\/100\n|move|p1b: Firulais|Rock Slide|p2a: Diancie|[spread] p2b\n|-miss|p1b: Firulais|p2a: Diancie\n|-resisted|p2b: Kommo-o\n|-damage|p2b: Kommo-o|90\/100\n|move|p2a: Diancie|Diamond Storm|p1b: Firulais|[spread] p1a,p1b\n|-supereffective|p1a: agallas\n|-damage|p1a: agallas|21\/100\n|-damage|p1b: Firulais|49\/100\n|\n|upkeep\n|turn|2\n|inactive|ijorge24 has 120 seconds left.\n|inactive|TheGreat999 has 120 seconds left.\n|\n|t:|1699622154\n|move|p1a: agallas|Ice Spinner|p2b: Kommo-o\n|-supereffective|p2b: Kommo-o\n|-damage|p2b: Kommo-o|21\/100\n|-damage|p1a: agallas|4\/100|[from] item: Rocky Helmet|[of] p2b: Kommo-o\n|move|p1b: Firulais|Rock Slide|p2a: Diancie|[spread] p2a,p2b\n|-resisted|p2b: Kommo-o\n|-damage|p2a: Diancie|45\/100\n|-damage|p2b: Kommo-o|10\/100\n|move|p2b: Kommo-o|Body Press|p1b: Firulais\n|-supereffective|p1b: Firulais\n|-damage|p1b: Firulais|0 fnt\n|faint|p1b: Firulais\n|move|p2a: Diancie|Diamond Storm|p1a: agallas\n|-supereffective|p1a: agallas\n|-damage|p1a: agallas|0 fnt\n|-boost|p2a: Diancie|def|2\n|faint|p1a: agallas\n|\n|upkeep\n|inactive|ijorge24 has 120 seconds left.\n|\n|t:|1699622176\n|switch|p1a: Perfect|Ninetales-Alola, F|100\/100\n|switch|p1b: little sunshine|Froslass, F|100\/100\n|-weather|Snow|[from] ability: Snow Warning|[of] p1a: Perfect\n|turn|3\n|inactive|TheGreat999 has 120 seconds left.\n|\n|t:|1699622215\n|switch|p2b: Palafin|Palafin-Hero, M|100\/100\n|-activate|p2b: Palafin|ability: Zero to Hero\n|move|p1b: little sunshine|Icy Wind|p2b: Palafin|[spread] p2a,p2b\n|-resisted|p2b: Palafin\n|-damage|p2a: Diancie|37\/100\n|-damage|p2b: Palafin|95\/100\n|-unboost|p2b: Palafin|spe|1\n|move|p1a: Perfect|Aurora Veil|p1a: Perfect\n|-sidestart|p1: ijorge24|move: Aurora Veil\n|move|p2a: Diancie|Light Screen|p2a: Diancie\n|-sidestart|p2: TheGreat999|move: Light Screen\n|\n|-weather|Snow|[upkeep]\n|-heal|p2b: Palafin|100\/100|[from] item: Leftovers\n|upkeep\n|turn|4\n|inactive|TheGreat999 has 120 seconds left.\n|\n|t:|1699622245\n|switch|p1a: muu|Tauros-Paldea-Aqua, M|100\/100\n|move|p1b: little sunshine|Frost Breath|p1a: muu\n|-resisted|p1a: muu\n|-crit|p1a: muu\n|-damage|p1a: muu|83\/100\n|-setboost|p1a: muu|atk|6|[from] ability: Anger Point\n|move|p2b: Palafin|Bulk Up|p2b: Palafin\n|-boost|p2b: Palafin|atk|1\n|-boost|p2b: Palafin|def|1\n|move|p2a: Diancie|Diamond Storm|p1a: muu|[spread] p1a\n|-miss|p2a: Diancie|p1b: little sunshine\n|-resisted|p1a: muu\n|-damage|p1a: muu|72\/100\n|-boost|p2a: Diancie|def|2\n|\n|-weather|Snow|[upkeep]\n|upkeep\n|turn|5\n|inactive|TheGreat999 has 120 seconds left.\n|inactive|TheGreat999 has 90 seconds left.\n|\n|t:|1699622281\n|move|p1b: little sunshine|Helping Hand|p1a: muu\n|-singleturn|p1a: muu|Helping Hand|[of] p1b: little sunshine\n|move|p1a: muu|Trailblaze|p2b: Palafin\n|-supereffective|p2b: Palafin\n|-damage|p2b: Palafin|0 fnt\n|-boost|p1a: muu|spe|1\n|faint|p2b: Palafin\n|move|p2a: Diancie|Reflect|p2a: Diancie\n|-sidestart|p2: TheGreat999|Reflect\n|\n|-weather|Snow|[upkeep]\n|upkeep\n|inactive|TheGreat999 has 90 seconds left.\n|inactive|TheGreat999 has 60 seconds left.\n|\n|t:|1699622324\n|switch|p2b: Kommo-o|Kommo-o, F|10\/100\n|turn|6\n|\n|t:|1699622332\n|switch|p1b: camar\u00f3n|Flamigo, F|100\/100\n|-copyboost|p1b: camar\u00f3n|p1a: muu|[from] ability: Costar\n|move|p1a: muu|Earthquake|p2a: Diancie|[spread] p2a,p2b\n|-immune|p1b: camar\u00f3n\n|-supereffective|p2a: Diancie\n|-damage|p2a: Diancie|11\/100\n|-damage|p2b: Kommo-o|0 fnt\n|-enditem|p2a: Diancie|Weakness Policy\n|-boost|p2a: Diancie|atk|2|[from] item: Weakness Policy\n|-boost|p2a: Diancie|spa|2|[from] item: Weakness Policy\n|faint|p2b: Kommo-o\n|move|p2a: Diancie|Diamond Storm|p1b: camar\u00f3n|[spread] p1a,p1b\n|-resisted|p1a: muu\n|-crit|p1a: muu\n|-damage|p1a: muu|26\/100\n|-damage|p1b: camar\u00f3n|42\/100\n|-boost|p2a: Diancie|def|2\n|\n|-weather|Snow|[upkeep]\n|upkeep\n|\n|t:|1699622352\n|switch|p2b: Flutter Mane|Flutter Mane|100\/100\n|-enditem|p2b: Flutter Mane|Booster Energy\n|-activate|p2b: Flutter Mane|ability: Protosynthesis|[fromitem]\n|-start|p2b: Flutter Mane|protosynthesisspe\n|turn|7\n|c|\u2606ijorge24|this diancie looks terrible\n|\n|t:|1699622377\n|move|p2a: Diancie|Helping Hand|p2b: Flutter Mane\n|-singleturn|p2b: Flutter Mane|Helping Hand|[of] p2a: Diancie\n|move|p2b: Flutter Mane|Dazzling Gleam|p1a: muu|[spread] p1a,p1b\n|-supereffective|p1a: muu\n|-supereffective|p1b: camar\u00f3n\n|-damage|p1a: muu|0 fnt\n|-damage|p1b: camar\u00f3n|0 fnt\n|faint|p1a: muu\n|faint|p1b: camar\u00f3n\n|\n|-weather|none\n|-sideend|p2: TheGreat999|move: Light Screen\n|upkeep\n|inactive|ijorge24 has 120 seconds left.\n|c|\u2606ijorge24|more than 1310 speed lol\n|\n|t:|1699622400\n|switch|p1a: Perfect|Ninetales-Alola, F|100\/100\n|switch|p1b: little sunshine|Froslass, F|100\/100\n|-weather|Snow|[from] ability: Snow Warning|[of] p1a: Perfect\n|turn|8\n|\n|t:|1699622413\n|move|p1a: Perfect|Protect|p1a: Perfect\n|-singleturn|p1a: Perfect|Protect\n|move|p2b: Flutter Mane|Shadow Ball|p1b: little sunshine\n|-supereffective|p1b: little sunshine\n|-damage|p1b: little sunshine|29\/100\n|move|p1b: little sunshine|Icy Wind|p2b: Flutter Mane|[spread] p2a,p2b\n|-crit|p2a: Diancie\n|-damage|p2a: Diancie|0 fnt\n|-damage|p2b: Flutter Mane|92\/100\n|-unboost|p2b: Flutter Mane|spe|1\n|faint|p2a: Diancie\n|\n|-weather|Snow|[upkeep]\n|upkeep\n|inactive|TheGreat999 has 90 seconds left.\n|c|\u2606ijorge24|is gg\n|\n|t:|1699622429\n|switch|p2a: Volcanion|Volcanion|100\/100\n|turn|9\n|inactive|ijorge24 has 120 seconds left.\n|\n|t:|1699622467\n|move|p1b: little sunshine|Helping Hand|p1a: Perfect\n|-singleturn|p1a: Perfect|Helping Hand|[of] p1b: little sunshine\n|move|p2b: Flutter Mane|Dazzling Gleam|p1a: Perfect|[spread] p1a,p1b\n|-damage|p1a: Perfect|78\/100\n|-damage|p1b: little sunshine|0 fnt\n|faint|p1b: little sunshine\n|move|p1a: Perfect|Dazzling Gleam|p2a: Volcanion|[spread] p2a,p2b\n|-resisted|p2a: Volcanion\n|-damage|p2a: Volcanion|90\/100\n|-damage|p2b: Flutter Mane|62\/100\n|move|p2a: Volcanion|Heavy Slam|p1a: Perfect\n|-supereffective|p1a: Perfect\n|-damage|p1a: Perfect|0 fnt\n|faint|p1a: Perfect\n|\n|win|TheGreat999\n|raw|ijorge24's rating: 1293 &rarr; <strong>1265<\/strong><br \/>(-28 for losing)\n|raw|TheGreat999's rating: 1247 &rarr; <strong>1275<\/strong><br \/>(+28 for winning)\n","uploadtime":1699622542,"views":6,"p1id":"ijorge24","p2id":"thegreat999","formatid":"gen9doublesou","rating":1265,"private":0,"password":""}