{"id":"gen9doublesou-1992695325","p1":"thdsfpgh","p2":"Claushasblackduck","format":"[Gen 9] Doubles OU","log":"|j|\u2606thdsfpgh\n|j|\u2606Claushasblackduck\n|t:|1700226227\n|gametype|doubles\n|player|p1|thdsfpgh|gambler|\n|player|p2|Claushasblackduck|169|\n|teamsize|p1|6\n|teamsize|p2|6\n|gen|9\n|tier|[Gen 9] Doubles OU\n|rule|Species Clause: Limit one of each Pok\u00e9mon\n|rule|OHKO Clause: OHKO moves are banned\n|rule|Evasion Moves Clause: Evasion moves are banned\n|rule|Gravity Sleep Clause: The combination of sleep-inducing moves with imperfect accuracy and Gravity or Gigantamax Orbeetle are banned\n|rule|Endless Battle Clause: Forcing endless battles is banned\n|rule|HP Percentage Mod: HP is shown in percentages\n|clearpoke\n|poke|p1|Infernape, M|\n|poke|p1|Kommo-o, M|\n|poke|p1|Iron Hands|\n|poke|p1|Iron Valiant|\n|poke|p1|Okidogi, M|\n|poke|p1|Zapdos-Galar|\n|poke|p2|Iron Leaves|\n|poke|p2|Shaymin-Sky|\n|poke|p2|Decidueye, F|\n|poke|p2|Calyrex|\n|poke|p2|Sinistcha-Masterpiece|\n|poke|p2|Leavanny, M|\n|teampreview\n|j| SD8008\n|\n|t:|1700226246\n|start\n|switch|p1a: Okidogi|Okidogi, M|100\/100\n|switch|p1b: Iron Valiant|Iron Valiant|100\/100\n|switch|p2a: Calyrex|Calyrex|100\/100\n|switch|p2b: Sinistcha|Sinistcha-Masterpiece|100\/100\n|-ability|p2a: Calyrex|Unnerve\n|-enditem|p1b: Iron Valiant|Booster Energy\n|-activate|p1b: Iron Valiant|ability: Quark Drive|[fromitem]\n|-start|p1b: Iron Valiant|quarkdrivespa\n|turn|1\n|\n|t:|1700226292\n|move|p1b: Iron Valiant|Calm Mind|p1b: Iron Valiant\n|-boost|p1b: Iron Valiant|spa|1\n|-boost|p1b: Iron Valiant|spd|1\n|move|p2a: Calyrex|Calm Mind|p2a: Calyrex\n|-boost|p2a: Calyrex|spa|1\n|-boost|p2a: Calyrex|spd|1\n|move|p1a: Okidogi|Toxic|p2a: Calyrex\n|-status|p2a: Calyrex|tox\n|move|p2b: Sinistcha|Matcha Gotcha|p1b: Iron Valiant|[spread] p1a,p1b\n|-resisted|p1a: Okidogi\n|-damage|p1a: Okidogi|89\/100\n|-damage|p1b: Iron Valiant|69\/100\n|\n|-damage|p2a: Calyrex|94\/100 tox|[from] psn\n|upkeep\n|turn|2\n|\n|t:|1700226347\n|move|p1a: Okidogi|Protect|p1a: Okidogi\n|-singleturn|p1a: Okidogi|Protect\n|move|p1b: Iron Valiant|Calm Mind|p1b: Iron Valiant\n|-boost|p1b: Iron Valiant|spa|1\n|-boost|p1b: Iron Valiant|spd|1\n|move|p2a: Calyrex|Psychic|p1a: Okidogi\n|-activate|p1a: Okidogi|move: Protect\n|move|p2b: Sinistcha|Shadow Ball|p1b: Iron Valiant\n|-damage|p1b: Iron Valiant|37\/100\n|\n|-damage|p2a: Calyrex|82\/100 tox|[from] psn\n|upkeep\n|turn|3\n|\n|t:|1700226380\n|switch|p1a: Zapdos|Zapdos-Galar|100\/100\n|move|p1b: Iron Valiant|Moonblast|p2a: Calyrex\n|-damage|p2a: Calyrex|0 fnt\n|faint|p2a: Calyrex\n|move|p2b: Sinistcha|Scald|p1b: Iron Valiant\n|-damage|p1b: Iron Valiant|16\/100\n|\n|upkeep\n|\n|t:|1700226419\n|switch|p2a: Decidueye|Decidueye, F|100\/100\n|turn|4\n|\n|t:|1700226447\n|move|p1b: Iron Valiant|Psychic|p2b: Sinistcha\n|-damage|p2b: Sinistcha|0 fnt\n|faint|p2b: Sinistcha\n|move|p1a: Zapdos|Brave Bird|p2a: Decidueye\n|-supereffective|p2a: Decidueye\n|-damage|p2a: Decidueye|0 fnt\n|faint|p2a: Decidueye\n|-damage|p1a: Zapdos|70\/100|[from] Recoil\n|\n|upkeep\n|\n|t:|1700226456\n|switch|p2a: Shaymin|Shaymin-Sky|100\/100\n|switch|p2b: Iron Leaves|Iron Leaves|100\/100\n|turn|5\n|l|\u2606thdsfpgh\n|player|p1|\n|j|\u2606thdsfpgh\n|player|p1|thdsfpgh|gambler\n|c| SD8008|DC?\n|c| SD8008|oh bak\n|\n|t:|1700226531\n|move|p2a: Shaymin|Play Rough|p1a: Zapdos|[miss]\n|-miss|p2a: Shaymin|p1a: Zapdos\n|move|p2b: Iron Leaves|Leaf Blade|p1b: Iron Valiant\n|-damage|p1b: Iron Valiant|0 fnt\n|faint|p1b: Iron Valiant\n|-end|p1b: Iron Valiant|Quark Drive|[silent]\n|-damage|p2b: Iron Leaves|91\/100|[from] item: Life Orb\n|move|p1a: Zapdos|Brave Bird|p2b: Iron Leaves\n|-supereffective|p2b: Iron Leaves\n|-damage|p2b: Iron Leaves|0 fnt\n|faint|p2b: Iron Leaves\n|-end|p2b: Iron Leaves|Quark Drive|[silent]\n|-damage|p1a: Zapdos|41\/100|[from] Recoil\n|\n|upkeep\n|\n|t:|1700226565\n|switch|p2b: Leavanny|Leavanny, M|100\/100\n|switch|p1b: Okidogi|Okidogi, M|89\/100\n|turn|6\n|\n|t:|1700226592\n|move|p2a: Shaymin|Air Slash|p1b: Okidogi\n|-supereffective|p1b: Okidogi\n|-damage|p1b: Okidogi|22\/100\n|move|p1a: Zapdos|Brave Bird|p2a: Shaymin\n|-supereffective|p2a: Shaymin\n|-damage|p2a: Shaymin|0 fnt\n|faint|p2a: Shaymin\n|-damage|p1a: Zapdos|5\/100|[from] Recoil\n|move|p2b: Leavanny|Poison Jab|p1a: Zapdos\n|-damage|p1a: Zapdos|0 fnt\n|faint|p1a: Zapdos\n|cant|p1b: Okidogi|flinch\n|\n|upkeep\n|\n|t:|1700226643\n|switch|p1a: Infernape|Infernape, M|100\/100\n|turn|7\n|\n|t:|1700226673\n|-terastallize|p2b: Leavanny|Bug\n|move|p1b: Okidogi|Protect|p1b: Okidogi\n|-singleturn|p1b: Okidogi|Protect\n|move|p1a: Infernape|Flamethrower|p2b: Leavanny\n|-supereffective|p2b: Leavanny\n|-enditem|p2b: Leavanny|Focus Sash\n|-damage|p2b: Leavanny|1\/100\n|move|p2b: Leavanny|Air Slash|p1a: Infernape\n|-supereffective|p1a: Infernape\n|-damage|p1a: Infernape|62\/100\n|\n|upkeep\n|turn|8\n|\n|t:|1700226701\n|move|p1a: Infernape|Flamethrower|p2b: Leavanny\n|-supereffective|p2b: Leavanny\n|-damage|p2b: Leavanny|0 fnt\n|faint|p2b: Leavanny\n|\n|win|thdsfpgh\n|c|\u2606thdsfpgh|gg\n|l| SD8008\n","uploadtime":1700226757,"views":11,"p1id":"thdsfpgh","p2id":"claushasblackduck","formatid":"gen9doublesou","rating":0,"private":0,"password":""}