{"id":"gen9doublesou-1992893741","p1":"DougDoug666","p2":"lando t user lando","format":"[Gen 9] Doubles OU","log":"|j|\u2606DougDoug666\n|j|\u2606lando t user lando\n|t:|1700244593\n|gametype|doubles\n|player|p1|DougDoug666|giovanni|1000\n|player|p2|lando t user lando|1|1096\n|teamsize|p1|6\n|teamsize|p2|6\n|gen|9\n|tier|[Gen 9] Doubles OU\n|rated|\n|rule|Species Clause: Limit one of each Pok\u00e9mon\n|rule|OHKO Clause: OHKO moves are banned\n|rule|Evasion Moves Clause: Evasion moves are banned\n|rule|Gravity Sleep Clause: The combination of sleep-inducing moves with imperfect accuracy and Gravity or Gigantamax Orbeetle are banned\n|rule|Endless Battle Clause: Forcing endless battles is banned\n|rule|HP Percentage Mod: HP is shown in percentages\n|clearpoke\n|poke|p1|Regieleki|\n|poke|p1|Gengar, F|\n|poke|p1|Tyranitar, M|\n|poke|p1|Appletun, F|\n|poke|p1|Toxtricity-Low-Key, F|\n|poke|p1|Ogerpon-Hearthflame, F|\n|poke|p2|Landorus-Therian, M|\n|poke|p2|Amoonguss, L97, F|\n|poke|p2|Snorlax, M|\n|poke|p2|Flutter Mane|\n|poke|p2|Sinistcha-Masterpiece|\n|poke|p2|Tornadus, M|\n|teampreview\n|\n|t:|1700244606\n|start\n|switch|p1a: Tyranitar|Tyranitar, M, shiny|100\/100\n|switch|p1b: Toxtricity|Toxtricity-Low-Key, F, shiny|100\/100\n|switch|p2a: Snorlax|Snorlax, M, shiny|100\/100\n|switch|p2b: Flutter Mane|Flutter Mane, shiny|100\/100\n|-ability|p1a: Tyranitar|Unnerve\n|-item|p1b: Toxtricity|Air Balloon\n|turn|1\n|\n|t:|1700244626\n|-terastallize|p2b: Flutter Mane|Fairy\n|move|p2b: Flutter Mane|Dazzling Gleam|p1b: Toxtricity|[spread] p1a,p1b\n|-supereffective|p1a: Tyranitar\n|-crit|p1a: Tyranitar\n|-resisted|p1b: Toxtricity\n|-damage|p1a: Tyranitar|0 fnt\n|-damage|p1b: Toxtricity|62\/100\n|-enditem|p1b: Toxtricity|Air Balloon\n|faint|p1a: Tyranitar\n|move|p1b: Toxtricity|Drain Punch|p2a: Snorlax\n|-supereffective|p2a: Snorlax\n|-damage|p2a: Snorlax|67\/100\n|-heal|p1b: Toxtricity|87\/100|[from] drain|[of] p2a: Snorlax\n|move|p2a: Snorlax|Belly Drum|p2a: Snorlax\n|-damage|p2a: Snorlax|17\/100\n|-setboost|p2a: Snorlax|atk|6|[from] move: Belly Drum\n|-enditem|p2a: Snorlax|Sitrus Berry|[eat]\n|-heal|p2a: Snorlax|42\/100|[from] item: Sitrus Berry\n|\n|upkeep\n|\n|t:|1700244644\n|switch|p1a: Appletun|Appletun, F, shiny|100\/100\n|turn|2\n|\n|t:|1700244654\n|-end|p2b: Flutter Mane|Protosynthesis|[silent]\n|switch|p2b: Sinistcha|Sinistcha-Masterpiece, shiny|100\/100\n|-heal|p2a: Snorlax|67\/100|[from] ability: Hospitality|[of] p2b: Sinistcha\n|move|p1b: Toxtricity|Drain Punch|p2a: Snorlax\n|-supereffective|p2a: Snorlax\n|-damage|p2a: Snorlax|34\/100\n|-heal|p1b: Toxtricity|100\/100|[from] drain|[of] p2a: Snorlax\n|move|p2a: Snorlax|Facade|p1b: Toxtricity\n|-crit|p1b: Toxtricity\n|-damage|p1b: Toxtricity|0 fnt\n|faint|p1b: Toxtricity\n|move|p1a: Appletun|Apple Acid|p2b: Sinistcha\n|-resisted|p2b: Sinistcha\n|-damage|p2b: Sinistcha|76\/100\n|-unboost|p2b: Sinistcha|spd|1\n|\n|upkeep\n|\n|t:|1700244672\n|switch|p1b: Ogerpon|Ogerpon-Hearthflame, F|100\/100\n|-ability|p1b: Ogerpon|Mold Breaker\n|turn|3\n|\n|t:|1700244689\n|move|p1b: Ogerpon|Play Rough|p2b: Sinistcha\n|-damage|p2b: Sinistcha|49\/100\n|move|p2b: Sinistcha|Life Dew|p2b: Sinistcha|[spread] p2a,p2b\n|-heal|p2a: Snorlax|59\/100\n|-heal|p2b: Sinistcha|74\/100\n|move|p1a: Appletun|Dragon Pulse|p2a: Snorlax\n|-damage|p2a: Snorlax|34\/100\n|move|p2a: Snorlax|Facade|p1b: Ogerpon\n|-damage|p1b: Ogerpon|0 fnt\n|faint|p1b: Ogerpon\n|\n|upkeep\n|\n|t:|1700244704\n|switch|p1b: Gengar|Gengar, F|100\/100\n|turn|4\n|\n|t:|1700244719\n|move|p1b: Gengar|Gunk Shot|p2a: Snorlax|[miss]\n|-miss|p1b: Gengar|p2a: Snorlax\n|move|p2b: Sinistcha|Life Dew|p2b: Sinistcha|[spread] p2a,p2b\n|-heal|p2a: Snorlax|59\/100\n|-heal|p2b: Sinistcha|99\/100\n|move|p2a: Snorlax|Facade|p1a: Appletun\n|-damage|p1a: Appletun|7\/100\n|-activate|p1a: Appletun|ability: Ripen\n|-enditem|p1a: Appletun|Sitrus Berry|[eat]\n|-heal|p1a: Appletun|56\/100|[from] item: Sitrus Berry\n|move|p1a: Appletun|Apple Acid|p2a: Snorlax\n|-damage|p2a: Snorlax|37\/100\n|-unboost|p2a: Snorlax|spd|1\n|\n|upkeep\n|turn|5\n|\n|t:|1700244742\n|move|p1b: Gengar|Dark Pulse|p2b: Sinistcha\n|-supereffective|p2b: Sinistcha\n|-damage|p2b: Sinistcha|0 fnt\n|faint|p2b: Sinistcha\n|move|p2a: Snorlax|Facade|p1a: Appletun\n|-damage|p1a: Appletun|0 fnt\n|faint|p1a: Appletun\n|\n|upkeep\n|\n|t:|1700244753\n|switch|p2b: Tornadus|Tornadus, M, shiny|100\/100\n|switch|p1a: Regieleki|Regieleki, shiny|100\/100\n|turn|6\n|\n|t:|1700244772\n|move|p2b: Tornadus|Tailwind|p2b: Tornadus\n|-sidestart|p2: lando t user lando|move: Tailwind\n|move|p1a: Regieleki|Electro Ball|p2b: Tornadus\n|-supereffective|p2b: Tornadus\n|-crit|p2b: Tornadus\n|-damage|p2b: Tornadus|30\/100\n|move|p1b: Gengar|Gunk Shot|p2a: Snorlax\n|-crit|p2a: Snorlax\n|-damage|p2a: Snorlax|9\/100\n|move|p2a: Snorlax|Facade|p1a: Regieleki\n|-damage|p1a: Regieleki|0 fnt\n|faint|p1a: Regieleki\n|\n|upkeep\n|turn|7\n|\n|t:|1700244792\n|move|p2b: Tornadus|U-turn|p1b: Gengar\n|-resisted|p1b: Gengar\n|-damage|p1b: Gengar|89\/100\n|-start|p2b: Tornadus|Disable|U-turn|[from] ability: Cursed Body|[of] p1b: Gengar\n|\n|t:|1700244798\n|switch|p2b: Flutter Mane|Flutter Mane, shiny, tera:Fairy|100\/100|[from] U-turn\n|move|p1b: Gengar|Dazzling Gleam|p2b: Flutter Mane|[spread] p2a,p2b\n|-damage|p2a: Snorlax|0 fnt\n|-damage|p2b: Flutter Mane|77\/100\n|faint|p2a: Snorlax\n|\n|upkeep\n|\n|t:|1700244807\n|switch|p2a: Landorus|Landorus-Therian, M, shiny|100\/100\n|-ability|p2a: Landorus|Intimidate|boost\n|-unboost|p1b: Gengar|atk|1\n|turn|8\n|\n|t:|1700244818\n|move|p2a: Landorus|Sandsear Storm|p1b: Gengar\n|-supereffective|p1b: Gengar\n|-damage|p1b: Gengar|0 fnt\n|-start|p2a: Landorus|Disable|Sandsear Storm|[from] ability: Cursed Body|[of] p1b: Gengar\n|faint|p1b: Gengar\n|\n|win|lando t user lando\n|raw|DougDoug666's rating: 1000 &rarr; <strong>1000<\/strong><br \/>(+0 for losing)\n|raw|lando t user lando's rating: 1096 &rarr; <strong>1115<\/strong><br \/>(+19 for winning)\n|l|\u2606DougDoug666\n|c|\u2606lando t user lando|gg\n","uploadtime":1700244837,"views":6,"p1id":"dougdoug666","p2id":"landotuserlando","formatid":"gen9doublesou","rating":1000,"private":0,"password":""}