{"id":"gen9doublesou-1991601395","p1":"Mr. Alola Tales","p2":"Rocket Exec. Raiza","format":"[Gen 9] Doubles OU","log":"|j|\u2606Mr. Alola Tales\n|j|\u2606Rocket Exec. Raiza\n|t:|1700092916\n|gametype|doubles\n|player|p1|Mr. Alola Tales|archer|1148\n|player|p2|Rocket Exec. Raiza|koga|1074\n|teamsize|p1|6\n|teamsize|p2|6\n|gen|9\n|tier|[Gen 9] Doubles OU\n|rated|\n|rule|Species Clause: Limit one of each Pok\u00e9mon\n|rule|OHKO Clause: OHKO moves are banned\n|rule|Evasion Moves Clause: Evasion moves are banned\n|rule|Gravity Sleep Clause: The combination of sleep-inducing moves with imperfect accuracy and Gravity or Gigantamax Orbeetle are banned\n|rule|Endless Battle Clause: Forcing endless battles is banned\n|rule|HP Percentage Mod: HP is shown in percentages\n|clearpoke\n|poke|p1|Ninetales-Alola, F|\n|poke|p1|Enamorus, F|\n|poke|p1|Maushold-Four|\n|poke|p1|Roaring Moon|\n|poke|p1|Gholdengo|\n|poke|p1|Munkidori, M|\n|poke|p2|Tsareena, F|\n|poke|p2|Bellibolt, M|\n|poke|p2|Quilava, F|\n|poke|p2|Milotic, F|\n|poke|p2|Pelipper, M|\n|poke|p2|Ludicolo, F|\n|teampreview\n|\n|t:|1700092934\n|start\n|switch|p1a: Gholdengo|Gholdengo|100\/100\n|switch|p1b: Munkidori|Munkidori, M|100\/100\n|switch|p2a: Qwilava|Quilava, F|100\/100\n|switch|p2b: Ludicolo|Ludicolo, F, shiny|100\/100\n|turn|1\n|inactive|Battle timer is ON: inactive players will automatically lose when time's up. (requested by Mr. Alola Tales)\n|\n|t:|1700092952\n|switch|p2b: Bellibolt|Bellibolt, M|100\/100\n|move|p1b: Munkidori|Fake Out|p2a: Qwilava\n|-damage|p2a: Qwilava|90\/100\n|-damage|p1b: Munkidori|91\/100|[from] item: Life Orb\n|move|p1a: Gholdengo|Shadow Ball|p2a: Qwilava\n|-damage|p2a: Qwilava|23\/100\n|cant|p2a: Qwilava|flinch\n|\n|upkeep\n|turn|2\n|\n|t:|1700092972\n|move|p2a: Qwilava|Protect|p2a: Qwilava\n|-singleturn|p2a: Qwilava|Protect\n|move|p1b: Munkidori|Sludge Bomb|p2a: Qwilava\n|-activate|p2a: Qwilava|move: Protect\n|move|p1a: Gholdengo|Shadow Ball|p2b: Bellibolt\n|-damage|p2b: Bellibolt|48\/100\n|-start|p2b: Bellibolt|Charge|Shadow Ball|[from] ability: Electromorphosis\n|move|p2b: Bellibolt|Muddy Water|p1a: Gholdengo|[spread] p1b\n|-miss|p2b: Bellibolt|p1a: Gholdengo\n|-damage|p1b: Munkidori|69\/100\n|\n|-heal|p2b: Bellibolt|54\/100|[from] item: Leftovers\n|upkeep\n|turn|3\n|\n|t:|1700092994\n|move|p2a: Qwilava|Protect|p2a: Qwilava\n|-singleturn|p2a: Qwilava|Protect\n|move|p1b: Munkidori|Sludge Bomb|p2a: Qwilava\n|-activate|p2a: Qwilava|move: Protect\n|move|p1a: Gholdengo|Shadow Ball|p2b: Bellibolt\n|-damage|p2b: Bellibolt|0 fnt\n|faint|p2b: Bellibolt\n|\n|upkeep\n|\n|t:|1700093003\n|switch|p2b: W(h)Ater?!?|Pelipper, M, shiny|100\/100\n|-weather|RainDance|[from] ability: Drizzle|[of] p2b: W(h)Ater?!?\n|turn|4\n|\n|t:|1700093020\n|switch|p2a: Milotic|Milotic, F|100\/100\n|move|p1b: Munkidori|Sludge Bomb|p2b: W(h)Ater?!?\n|-damage|p2b: W(h)Ater?!?|8\/100\n|-status|p2b: W(h)Ater?!?|psn\n|-damage|p1b: Munkidori|59\/100|[from] item: Life Orb\n|move|p2b: W(h)Ater?!?|Air Slash|p1b: Munkidori\n|-damage|p1b: Munkidori|22\/100\n|move|p1a: Gholdengo|Shadow Ball|p2b: W(h)Ater?!?\n|-damage|p2b: W(h)Ater?!?|0 fnt\n|faint|p2b: W(h)Ater?!?\n|\n|-weather|RainDance|[upkeep]\n|upkeep\n|\n|t:|1700093032\n|switch|p2b: Ludicolo|Ludicolo, F, shiny|100\/100\n|turn|5\n|\n|t:|1700093045\n|switch|p1b: Ninetales|Ninetales-Alola, F|100\/100\n|-weather|Snow|[from] ability: Snow Warning|[of] p1b: Ninetales\n|move|p1a: Gholdengo|Shadow Ball|p2b: Ludicolo\n|-damage|p2b: Ludicolo|28\/100\n|move|p2a: Milotic|Coil|p2a: Milotic\n|-boost|p2a: Milotic|atk|1\n|-boost|p2a: Milotic|def|1\n|-boost|p2a: Milotic|accuracy|1\n|move|p2b: Ludicolo|Weather Ball|p1b: Ninetales\n|-resisted|p1b: Ninetales\n|-damage|p1b: Ninetales|81\/100\n|\n|-weather|Snow|[upkeep]\n|upkeep\n|turn|6\n|\n|t:|1700093072\n|move|p1b: Ninetales|Encore|p2a: Milotic\n|-start|p2a: Milotic|Encore\n|move|p1a: Gholdengo|Shadow Ball|p2b: Ludicolo\n|-damage|p2b: Ludicolo|0 fnt\n|faint|p2b: Ludicolo\n|move|p2a: Milotic|Coil|p2a: Milotic\n|-boost|p2a: Milotic|atk|1\n|-boost|p2a: Milotic|def|1\n|-boost|p2a: Milotic|accuracy|1\n|\n|-weather|Snow|[upkeep]\n|upkeep\n|\n|t:|1700093082\n|switch|p2b: Qwilava|Quilava, F|23\/100\n|turn|7\n|c|\u2606Rocket Exec. Raiza|Gg\n|-message|Rocket Exec. Raiza forfeited.\n|\n|win|Mr. Alola Tales\n|raw|Mr. Alola Tales's rating: 1148 &rarr; <strong>1168<\/strong><br \/>(+20 for winning)\n|raw|Rocket Exec. Raiza's rating: 1074 &rarr; <strong>1057<\/strong><br \/>(-17 for losing)\n|l|\u2606Rocket Exec. Raiza\n","uploadtime":1700093100,"views":14,"p1id":"mralolatales","p2id":"rocketexecraiza","formatid":"gen9doublesou","rating":1057,"private":0,"password":""}