{"id":"gen9doublesou-1972367780","p1":"Kevin Dickey12","p2":"Wookiebacon","format":"[Gen 9] Doubles OU","log":"|j|\u2606Kevin Dickey12\n|j|\u2606Wookiebacon\n|t:|1697835484\n|gametype|doubles\n|player|p1|Kevin Dickey12|nate|\n|player|p2|Wookiebacon|iris|\n|teamsize|p1|6\n|teamsize|p2|6\n|gen|9\n|tier|[Gen 9] Doubles OU\n|rule|Species Clause: Limit one of each Pok\u00e9mon\n|rule|OHKO Clause: OHKO moves are banned\n|rule|Evasion Moves Clause: Evasion moves are banned\n|rule|Gravity Sleep Clause: The combination of sleep-inducing moves with imperfect accuracy and Gravity or Gigantamax Orbeetle are banned\n|rule|Endless Battle Clause: Forcing endless battles is banned\n|rule|HP Percentage Mod: HP is shown in percentages\n|clearpoke\n|poke|p1|Walking Wake|\n|poke|p1|Maushold-Four|\n|poke|p1|Hippowdon, F|\n|poke|p1|Bronzong|\n|poke|p1|Ninetales, M|\n|poke|p1|Enamorus, F|\n|poke|p2|Sylveon, F|\n|poke|p2|Iron Bundle|\n|poke|p2|Dragonite, F|\n|poke|p2|Amoonguss, F|\n|poke|p2|Donphan, M|\n|poke|p2|Scizor, M|\n|teampreview\n|\n|t:|1697835495\n|start\n|switch|p1a: Walking Wake|Walking Wake|100\/100\n|switch|p1b: Ninetales|Ninetales, M, shiny|100\/100\n|switch|p2a: Kinoko Komori|Amoonguss, F|100\/100\n|switch|p2b: Fat Gum|Donphan, M|100\/100\n|-weather|SunnyDay|[from] ability: Drought|[of] p1b: Ninetales\n|-activate|p1a: Walking Wake|ability: Protosynthesis\n|-start|p1a: Walking Wake|protosynthesisspa\n|turn|1\n|j| Redzone92\n|\n|t:|1697835517\n|switch|p2a: Ryuko Tatsuma|Dragonite, F|100\/100\n|-terastallize|p1b: Ninetales|Fire\n|move|p1a: Walking Wake|Hydro Steam|p2b: Fat Gum\n|-supereffective|p2b: Fat Gum\n|-ability|p2b: Fat Gum|Sturdy\n|-damage|p2b: Fat Gum|1\/100\n|move|p1b: Ninetales|Heat Wave|p2b: Fat Gum|[spread] p2a,p2b\n|-resisted|p2a: Ryuko Tatsuma\n|-damage|p2a: Ryuko Tatsuma|87\/100\n|-damage|p2b: Fat Gum|0 fnt\n|faint|p2b: Fat Gum\n|\n|-weather|SunnyDay|[upkeep]\n|upkeep\n|\n|t:|1697835533\n|switch|p2b: Hatsume's Creation|Iron Bundle|100\/100\n|turn|2\n|\n|t:|1697835578\n|move|p1b: Ninetales|Protect|p1b: Ninetales\n|-singleturn|p1b: Ninetales|Protect\n|move|p2b: Hatsume's Creation|Icy Wind|p1a: Walking Wake|[spread] p1a\n|-activate|p1b: Ninetales|move: Protect\n|-damage|p1a: Walking Wake|74\/100\n|-unboost|p1a: Walking Wake|spe|1\n|move|p2a: Ryuko Tatsuma|Dragon Claw|p1a: Walking Wake\n|-supereffective|p1a: Walking Wake\n|-damage|p1a: Walking Wake|0 fnt\n|faint|p1a: Walking Wake\n|-end|p1a: Walking Wake|Protosynthesis|[silent]\n|\n|-weather|SunnyDay|[upkeep]\n|upkeep\n|\n|t:|1697835618\n|switch|p1a: Maushold|Maushold-Four, shiny|100\/100\n|turn|3\n|\n|t:|1697835636\n|move|p1a: Maushold|Follow Me|p1a: Maushold\n|-singleturn|p1a: Maushold|move: Follow Me\n|move|p2b: Hatsume's Creation|Icy Wind|p1a: Maushold|[spread] p1b\n|-miss|p2b: Hatsume's Creation|p1a: Maushold\n|-resisted|p1b: Ninetales\n|-crit|p1b: Ninetales\n|-damage|p1b: Ninetales|80\/100\n|-unboost|p1b: Ninetales|spe|1\n|move|p2a: Ryuko Tatsuma|Brick Break|p1a: Maushold\n|-supereffective|p1a: Maushold\n|-damage|p1a: Maushold|29\/100\n|move|p1b: Ninetales|Heat Wave|p2a: Ryuko Tatsuma|[spread] p2a,p2b\n|-resisted|p2a: Ryuko Tatsuma\n|-damage|p2a: Ryuko Tatsuma|57\/100\n|-damage|p2b: Hatsume's Creation|0 fnt\n|faint|p2b: Hatsume's Creation\n|-end|p2b: Hatsume's Creation|Quark Drive|[silent]\n|\n|-weather|SunnyDay|[upkeep]\n|upkeep\n|\n|t:|1697835652\n|switch|p2b: Tetsu Tetsu|Scizor, M|100\/100\n|turn|4\n|\n|t:|1697835668\n|move|p1a: Maushold|Helping Hand|p1b: Ninetales\n|-singleturn|p1b: Ninetales|Helping Hand|[of] p1a: Maushold\n|move|p2a: Ryuko Tatsuma|Brick Break|p1a: Maushold\n|-supereffective|p1a: Maushold\n|-damage|p1a: Maushold|0 fnt\n|faint|p1a: Maushold\n|move|p1b: Ninetales|Heat Wave|p2b: Tetsu Tetsu|[spread] p2a,p2b\n|-resisted|p2a: Ryuko Tatsuma\n|-crit|p2a: Ryuko Tatsuma\n|-supereffective|p2b: Tetsu Tetsu\n|-damage|p2a: Ryuko Tatsuma|0 fnt\n|-damage|p2b: Tetsu Tetsu|0 fnt\n|faint|p2a: Ryuko Tatsuma\n|faint|p2b: Tetsu Tetsu\n|\n|-weather|SunnyDay|[upkeep]\n|upkeep\n|\n|t:|1697835690\n|switch|p1a: Enamorus|Enamorus, F, shiny|100\/100\n|switch|p2a: Nejire Hado|Sylveon, F, shiny|100\/100\n|switch|p2b: Kinoko Komori|Amoonguss, F|100\/100\n|turn|5\n|j| GoDDanteX\n|\n|t:|1697835711\n|move|p1a: Enamorus|Mystical Fire|p2a: Nejire Hado\n|-damage|p2a: Nejire Hado|63\/100\n|-unboost|p2a: Nejire Hado|spa|1\n|-damage|p1a: Enamorus|91\/100|[from] item: Life Orb\n|move|p1b: Ninetales|Heat Wave|p2b: Kinoko Komori|[spread] p2a,p2b\n|-supereffective|p2b: Kinoko Komori\n|-damage|p2a: Nejire Hado|24\/100\n|-damage|p2b: Kinoko Komori|0 fnt\n|faint|p2b: Kinoko Komori\n|move|p2a: Nejire Hado|Calm Mind|p2a: Nejire Hado\n|-boost|p2a: Nejire Hado|spa|1\n|-boost|p2a: Nejire Hado|spd|1\n|\n|-weather|none\n|upkeep\n|turn|6\n|\n|t:|1697835732\n|move|p1a: Enamorus|Mystical Fire|p2a: Nejire Hado\n|-damage|p2a: Nejire Hado|7\/100\n|-unboost|p2a: Nejire Hado|spa|1\n|-damage|p1a: Enamorus|81\/100|[from] item: Life Orb\n|move|p1b: Ninetales|Heat Wave|p2a: Nejire Hado\n|-damage|p2a: Nejire Hado|0 fnt\n|faint|p2a: Nejire Hado\n|\n|win|Kevin Dickey12\n|l| GoDDanteX\n","uploadtime":1697835735,"views":19,"p1id":"kevindickey12","p2id":"wookiebacon","formatid":"gen9doublesou","rating":0,"private":0,"password":""}