{"id":"gen9doublesou-1989713844","p1":"glugglug_pness","p2":"wingminmon2","format":"[Gen 9] Doubles OU","log":"|j|\u2606glugglug_pness\n|j|\u2606wingminmon2\n|t:|1699889356\n|gametype|doubles\n|player|p1|glugglug_pness|101|1000\n|player|p2|wingminmon2|preschooler|1089\n|teamsize|p1|6\n|teamsize|p2|6\n|gen|9\n|tier|[Gen 9] Doubles OU\n|rated|\n|rule|Species Clause: Limit one of each Pok\u00e9mon\n|rule|OHKO Clause: OHKO moves are banned\n|rule|Evasion Moves Clause: Evasion moves are banned\n|rule|Gravity Sleep Clause: The combination of sleep-inducing moves with imperfect accuracy and Gravity or Gigantamax Orbeetle are banned\n|rule|Endless Battle Clause: Forcing endless battles is banned\n|rule|HP Percentage Mod: HP is shown in percentages\n|clearpoke\n|poke|p1|Glimmora, F|\n|poke|p1|Rabsca, F|\n|poke|p1|Clefairy, M|\n|poke|p1|Diancie|\n|poke|p1|Ogerpon-Wellspring, F|\n|poke|p1|Volcarona, M|\n|poke|p2|Dragapult, M|\n|poke|p2|Ogerpon, F|\n|poke|p2|Arcanine-Hisui, M|\n|poke|p2|Chien-Pao|\n|poke|p2|Iron Bundle|\n|poke|p2|Cresselia, F|\n|teampreview\n|\n|t:|1699889375\n|start\n|switch|p1a: Clefairy|Clefairy, M|100\/100\n|switch|p1b: Diancie|Diancie|100\/100\n|switch|p2a: Chien-Pao|Chien-Pao|100\/100\n|switch|p2b: Iron Bundle|Iron Bundle|100\/100\n|-ability|p2a: Chien-Pao|Sword of Ruin\n|-enditem|p2b: Iron Bundle|Booster Energy\n|-activate|p2b: Iron Bundle|ability: Quark Drive|[fromitem]\n|-start|p2b: Iron Bundle|quarkdrivespe\n|turn|1\n|\n|t:|1699889395\n|move|p2b: Iron Bundle|Protect|p2b: Iron Bundle\n|-singleturn|p2b: Iron Bundle|Protect\n|move|p1a: Clefairy|Follow Me|p1a: Clefairy\n|-singleturn|p1a: Clefairy|move: Follow Me\n|move|p2a: Chien-Pao|Icicle Crash|p1a: Clefairy\n|-damage|p1a: Clefairy|24\/100\n|move|p1b: Diancie|Substitute|p1b: Diancie\n|-start|p1b: Diancie|Substitute\n|-damage|p1b: Diancie|76\/100\n|\n|-heal|p1b: Diancie|82\/100|[from] item: Leftovers\n|upkeep\n|turn|2\n|\n|t:|1699889427\n|move|p2b: Iron Bundle|Encore|p1b: Diancie\n|-start|p1b: Diancie|Encore\n|move|p2a: Chien-Pao|Icicle Crash|p1a: Clefairy\n|-damage|p1a: Clefairy|0 fnt\n|faint|p1a: Clefairy\n|move|p1b: Diancie|Substitute|p1b: Diancie\n|-fail|p1b: Diancie|move: Substitute\n|\n|-heal|p1b: Diancie|88\/100|[from] item: Leftovers\n|upkeep\n|\n|t:|1699889449\n|switch|p1a: Volcarona|Volcarona, M, shiny|100\/100\n|turn|3\n|inactive|Battle timer is ON: inactive players will automatically lose when time's up. (requested by wingminmon2)\n|\n|t:|1699889487\n|move|p2b: Iron Bundle|Hydro Pump|p1b: Diancie\n|-supereffective|p1b: Diancie\n|-end|p1b: Diancie|Substitute\n|move|p2a: Chien-Pao|Lash Out|p1a: Volcarona\n|-damage|p1a: Volcarona|43\/100\n|move|p1a: Volcarona|Fire Blast|p2a: Chien-Pao\n|-supereffective|p2a: Chien-Pao\n|-enditem|p2a: Chien-Pao|Focus Sash\n|-damage|p2a: Chien-Pao|1\/100\n|move|p1b: Diancie|Substitute|p1b: Diancie\n|-start|p1b: Diancie|Substitute\n|-damage|p1b: Diancie|63\/100\n|\n|-heal|p1a: Volcarona|49\/100|[from] item: Leftovers\n|-heal|p1b: Diancie|69\/100|[from] item: Leftovers\n|upkeep\n|turn|4\n|inactive|wingminmon2 has 120 seconds left.\n|\n|t:|1699889520\n|move|p2b: Iron Bundle|Hydro Pump|p1a: Volcarona\n|-supereffective|p1a: Volcarona\n|-damage|p1a: Volcarona|0 fnt\n|faint|p1a: Volcarona\n|move|p2a: Chien-Pao|Icicle Crash|p1b: Diancie\n|-end|p1b: Diancie|Substitute\n|move|p1b: Diancie|Substitute|p1b: Diancie\n|-start|p1b: Diancie|Substitute\n|-damage|p1b: Diancie|44\/100\n|\n|-heal|p1b: Diancie|51\/100|[from] item: Leftovers\n|-end|p1b: Diancie|Encore\n|upkeep\n|\n|t:|1699889543\n|switch|p1a: Rabsca|Rabsca, F, shiny|100\/100\n|turn|5\n|\n|t:|1699889553\n|move|p2b: Iron Bundle|Freeze-Dry|p1a: Rabsca\n|-damage|p1a: Rabsca|69\/100\n|move|p2a: Chien-Pao|Lash Out|p1a: Rabsca\n|-supereffective|p1a: Rabsca\n|-damage|p1a: Rabsca|0 fnt\n|faint|p1a: Rabsca\n|move|p1b: Diancie|Diamond Storm|p2a: Chien-Pao|[spread] p2a,p2b\n|-supereffective|p2a: Chien-Pao\n|-supereffective|p2b: Iron Bundle\n|-damage|p2a: Chien-Pao|0 fnt\n|-damage|p2b: Iron Bundle|15\/100\n|faint|p2a: Chien-Pao\n|\n|-heal|p1b: Diancie|57\/100|[from] item: Leftovers\n|upkeep\n|\n|t:|1699889566\n|switch|p2a: Dragapult|Dragapult, M, shiny|100\/100\n|switch|p1a: Ogerpon|Ogerpon-Wellspring, F|100\/100\n|turn|6\n|\n|t:|1699889587\n|switch|p2a: Cresselia|Cresselia, F|100\/100\n|move|p2b: Iron Bundle|Freeze-Dry|p1a: Ogerpon\n|-supereffective|p1a: Ogerpon\n|-damage|p1a: Ogerpon|0 fnt\n|faint|p1a: Ogerpon\n|move|p1b: Diancie|Diamond Storm|p2b: Iron Bundle|[spread] p2a,p2b\n|-supereffective|p2b: Iron Bundle\n|-damage|p2a: Cresselia|85\/100\n|-damage|p2b: Iron Bundle|0 fnt\n|-boost|p1b: Diancie|def|2\n|faint|p2b: Iron Bundle\n|-end|p2b: Iron Bundle|Quark Drive|[silent]\n|\n|-heal|p1b: Diancie|63\/100|[from] item: Leftovers\n|upkeep\n|\n|t:|1699889598\n|switch|p2b: Arcanine|Arcanine-Hisui, M|100\/100\n|switch|p1a: Glimmora|Glimmora, F, shiny|100\/100\n|-ability|p2b: Arcanine|Intimidate|boost\n|-unboost|p1a: Glimmora|atk|1\n|-immune|p1b: Diancie\n|turn|7\n|\n|t:|1699889607\n|move|p2a: Cresselia|Ally Switch|p2a: Cresselia\n|swap|p2a: Cresselia|1|[from] move: Ally Switch\n|move|p2a: Arcanine|Flare Blitz|p1b: Diancie\n|-resisted|p1b: Diancie\n|-crit|p1b: Diancie\n|-end|p1b: Diancie|Substitute\n|-damage|p2a: Arcanine|93\/100|[from] Recoil|[of] p1b: Diancie\n|move|p1a: Glimmora|Earth Power|p2b: Cresselia\n|-immune|p2b: Cresselia|[from] ability: Levitate\n|move|p1b: Diancie|Diamond Storm|p2a: Arcanine|[spread] p2a,p2b\n|-supereffective|p2a: Arcanine\n|-damage|p2a: Arcanine|28\/100\n|-damage|p2b: Cresselia|70\/100\n|\n|-heal|p1b: Diancie|69\/100|[from] item: Leftovers\n|upkeep\n|turn|8\n|\n|t:|1699889625\n|move|p2a: Arcanine|Flare Blitz|p1b: Diancie\n|-resisted|p1b: Diancie\n|-damage|p1b: Diancie|58\/100\n|-damage|p2a: Arcanine|24\/100|[from] Recoil\n|move|p1a: Glimmora|Dazzling Gleam|p2a: Arcanine|[spread] p2a,p2b\n|-resisted|p2a: Arcanine\n|-damage|p2a: Arcanine|11\/100\n|-damage|p2b: Cresselia|58\/100\n|move|p2b: Cresselia|Lunar Blessing|p2b: Cresselia|[spread] p2a,p2b\n|-heal|p2a: Arcanine|36\/100\n|-heal|p2b: Cresselia|83\/100\n|move|p1b: Diancie|Substitute|p1b: Diancie\n|-start|p1b: Diancie|Substitute\n|-damage|p1b: Diancie|33\/100\n|\n|-heal|p1b: Diancie|40\/100|[from] item: Leftovers\n|upkeep\n|turn|9\n|\n|t:|1699889643\n|switch|p2b: Dragapult|Dragapult, M, shiny|100\/100\n|move|p2a: Arcanine|Flare Blitz|p1b: Diancie\n|-resisted|p1b: Diancie\n|-activate|p1b: Diancie|move: Substitute|[damage]\n|-damage|p2a: Arcanine|32\/100|[from] Recoil|[of] p1b: Diancie\n|move|p1a: Glimmora|Earth Power|p2a: Arcanine\n|-supereffective|p2a: Arcanine\n|-damage|p2a: Arcanine|0 fnt\n|faint|p2a: Arcanine\n|move|p1b: Diancie|Diamond Storm|p2b: Dragapult\n|-damage|p2b: Dragapult|57\/100\n|\n|-heal|p1b: Diancie|46\/100|[from] item: Leftovers\n|upkeep\n|\n|t:|1699889648\n|switch|p2a: Ogerpon|Ogerpon, F|100\/100\n|turn|10\n|\n|t:|1699889668\n|-terastallize|p2b: Dragapult|Steel\n|move|p2b: Dragapult|Tera Blast|p1b: Diancie|[anim] Tera Blast Steel\n|-supereffective|p1b: Diancie\n|-end|p1b: Diancie|Substitute\n|-damage|p2b: Dragapult|47\/100|[from] item: Life Orb\n|move|p2a: Ogerpon|Stomping Tantrum|p1a: Glimmora\n|-supereffective|p1a: Glimmora\n|-damage|p1a: Glimmora|0 fnt\n|-activate|p1a: Glimmora|ability: Toxic Debris\n|-sidestart|p2: wingminmon2|move: Toxic Spikes\n|faint|p1a: Glimmora\n|move|p1b: Diancie|Diamond Storm|p2b: Dragapult|[spread] p2a,p2b\n|-resisted|p2b: Dragapult\n|-damage|p2a: Ogerpon|70\/100\n|-damage|p2b: Dragapult|32\/100\n|-boost|p1b: Diancie|def|2\n|\n|-heal|p1b: Diancie|52\/100|[from] item: Leftovers\n|upkeep\n|turn|11\n|\n|t:|1699889683\n|-terastallize|p1b: Diancie|Electric\n|move|p2b: Dragapult|Tera Blast|p1b: Diancie|[anim] Tera Blast Steel\n|-resisted|p1b: Diancie\n|-damage|p1b: Diancie|46\/100\n|-damage|p2b: Dragapult|22\/100|[from] item: Life Orb\n|move|p2a: Ogerpon|Swords Dance|p2a: Ogerpon\n|-boost|p2a: Ogerpon|atk|2\n|move|p1b: Diancie|Diamond Storm|p2b: Dragapult|[spread] p2a,p2b\n|-resisted|p2b: Dragapult\n|-damage|p2a: Ogerpon|34\/100\n|-damage|p2b: Dragapult|4\/100\n|\n|-heal|p1b: Diancie|52\/100|[from] item: Leftovers\n|upkeep\n|turn|12\n|\n|t:|1699889695\n|move|p2b: Dragapult|Dragon Darts|p1b: Diancie\n|-damage|p1b: Diancie|44\/100\n|-anim|p2b: Dragapult|Dragon Darts|p1b: Diancie\n|-damage|p1b: Diancie|35\/100\n|-damage|p2b: Dragapult|0 fnt|[from] item: Life Orb\n|faint|p2b: Dragapult\n|move|p2a: Ogerpon|Stomping Tantrum|p1b: Diancie\n|-supereffective|p1b: Diancie\n|-damage|p1b: Diancie|6\/100\n|move|p1b: Diancie|Diamond Storm|p2a: Ogerpon\n|-damage|p2a: Ogerpon|0 fnt\n|-boost|p1b: Diancie|def|2\n|faint|p2a: Ogerpon\n|\n|-heal|p1b: Diancie|13\/100|[from] item: Leftovers\n|upkeep\n|\n|t:|1699889704\n|switch|p2b: Cresselia|Cresselia, F|83\/100\n|turn|13\n|\n|t:|1699889709\n|move|p2b: Cresselia|Moonblast|p1b: Diancie\n|-damage|p1b: Diancie|0 fnt\n|faint|p1b: Diancie\n|\n|win|wingminmon2\n|raw|glugglug_pness's rating: 1000 &rarr; <strong>1000<\/strong><br \/>(+0 for losing)\n|raw|wingminmon2's rating: 1089 &rarr; <strong>1109<\/strong><br \/>(+20 for winning)\n","uploadtime":1699889715,"views":11,"p1id":"glugglugpness","p2id":"wingminmon2","formatid":"gen9doublesou","rating":1000,"private":0,"password":""}