{"id":"gen9doublesou-1990792758","p1":"Drainville","p2":"Amph1","format":"[Gen 9] Doubles OU","log":"|j|\u2606Drainville\n|j|\u2606Amph1\n|t:|1700001352\n|gametype|doubles\n|player|p1|Drainville|steven|1000\n|player|p2|Amph1|psychic-gen4|1000\n|teamsize|p1|6\n|teamsize|p2|6\n|gen|9\n|tier|[Gen 9] Doubles OU\n|rated|\n|rule|Species Clause: Limit one of each Pok\u00e9mon\n|rule|OHKO Clause: OHKO moves are banned\n|rule|Evasion Moves Clause: Evasion moves are banned\n|rule|Gravity Sleep Clause: The combination of sleep-inducing moves with imperfect accuracy and Gravity or Gigantamax Orbeetle are banned\n|rule|Endless Battle Clause: Forcing endless battles is banned\n|rule|HP Percentage Mod: HP is shown in percentages\n|clearpoke\n|poke|p1|Landorus-Therian, M|\n|poke|p1|Kingambit, F|\n|poke|p1|Ting-Lu|\n|poke|p1|Heatran, M|\n|poke|p1|Iron Hands|\n|poke|p1|Grimmsnarl, M|\n|poke|p2|Kommo-o, M|\n|poke|p2|Maushold|\n|poke|p2|Grimmsnarl, M|\n|poke|p2|Arboliva, F|\n|poke|p2|Glimmora, M|\n|poke|p2|Farigiraf, F|\n|teampreview\n|inactive|Battle timer is ON: inactive players will automatically lose when time's up. (requested by Amph1)\n|\n|t:|1700001359\n|start\n|switch|p1a: Grimmsnarl|Grimmsnarl, M|100\/100\n|switch|p1b: Heatran|Heatran, M|100\/100\n|switch|p2a: Soulborn|Kommo-o, M, shiny|100\/100\n|switch|p2b: Unique|Maushold|100\/100\n|turn|1\n|\n|t:|1700001374\n|move|p2b: Unique|Follow Me|p2b: Unique\n|-singleturn|p2b: Unique|move: Follow Me\n|move|p1a: Grimmsnarl|Reflect|p1a: Grimmsnarl\n|-sidestart|p1: Drainville|Reflect\n|move|p2a: Soulborn|Belly Drum|p2a: Soulborn\n|-damage|p2a: Soulborn|51\/100\n|-setboost|p2a: Soulborn|atk|6|[from] move: Belly Drum\n|move|p1b: Heatran|Taunt|p2b: Unique\n|-start|p2b: Unique|move: Taunt\n|\n|upkeep\n|turn|2\n|inactive|Drainville has 120 seconds left.\n|\n|t:|1700001404\n|move|p1a: Grimmsnarl|Light Screen|p1a: Grimmsnarl\n|-sidestart|p1: Drainville|move: Light Screen\n|move|p2b: Unique|U-turn|p1a: Grimmsnarl\n|-damage|p1a: Grimmsnarl|90\/100\n|\n|t:|1700001412\n|switch|p2b: Grimsly|Grimmsnarl, M, shiny|100\/100|[from] U-turn\n|move|p2a: Soulborn|Drain Punch|p1b: Heatran\n|-supereffective|p1b: Heatran\n|-crit|p1b: Heatran\n|-damage|p1b: Heatran|0 fnt\n|-heal|p2a: Soulborn|100\/100|[from] drain|[of] p1b: Heatran\n|faint|p1b: Heatran\n|\n|upkeep\n|inactive|Drainville has 120 seconds left.\n|\n|t:|1700001441\n|switch|p1b: Ting-Lu|Ting-Lu|100\/100\n|-ability|p1b: Ting-Lu|Vessel of Ruin\n|turn|3\n|inactive|Drainville has 120 seconds left.\n|\n|t:|1700001461\n|-terastallize|p1b: Ting-Lu|Fairy\n|move|p1a: Grimmsnarl|Parting Shot|p2a: Soulborn\n|-unboost|p2a: Soulborn|atk|1\n|-unboost|p2a: Soulborn|spa|1\n|inactive|Drainville has 120 seconds left.\n|\n|t:|1700001466\n|switch|p1a: Landorus|Landorus-Therian, M|100\/100|[from] Parting Shot\n|-ability|p1a: Landorus|Intimidate|boost\n|-unboost|p2a: Soulborn|atk|1\n|-unboost|p2b: Grimsly|atk|1\n|move|p2a: Soulborn|Poison Jab|p1a: Landorus\n|-resisted|p1a: Landorus\n|-crit|p1a: Landorus\n|-damage|p1a: Landorus|40\/100\n|move|p2b: Grimsly|Brick Break|p1b: Ting-Lu\n|-sideend|p1: Drainville|Reflect\n|-sideend|p1: Drainville|move: Light Screen\n|-resisted|p1b: Ting-Lu\n|-crit|p1b: Ting-Lu\n|-damage|p1b: Ting-Lu|87\/100\n|-damage|p2b: Grimsly|84\/100|[from] item: Rocky Helmet|[of] p1b: Ting-Lu\n|-damage|p2b: Grimsly|74\/100|[from] item: Life Orb\n|move|p1b: Ting-Lu|Earthquake|p2b: Grimsly|[spread] p2a,p2b\n|-immune|p1a: Landorus\n|-crit|p2b: Grimsly\n|-damage|p2a: Soulborn|67\/100\n|-damage|p2b: Grimsly|8\/100\n|\n|upkeep\n|turn|4\n|inactive|Drainville has 120 seconds left.\n|inactive|Amph1 has 120 seconds left.\n|\n|t:|1700001522\n|move|p2b: Grimsly|Parting Shot|p1a: Landorus\n|-unboost|p1a: Landorus|atk|1\n|-unboost|p1a: Landorus|spa|1\n|\n|t:|1700001527\n|switch|p2b: Olivine|Arboliva, F|100\/100|[from] Parting Shot\n|move|p1a: Landorus|U-turn|p2a: Soulborn\n|-resisted|p2a: Soulborn\n|-crit|p2a: Soulborn\n|-damage|p2a: Soulborn|47\/100\n|inactive|Drainville has 90 seconds left.\n|\n|t:|1700001562\n|switch|p1a: Kingambit|Kingambit, F|100\/100|[from] U-turn\n|-activate|p1a: Kingambit|ability: Supreme Overlord\n|-start|p1a: Kingambit|fallen1|[silent]\n|move|p2a: Soulborn|Poison Jab|p1b: Ting-Lu\n|-supereffective|p1b: Ting-Lu\n|-damage|p1b: Ting-Lu|5\/100\n|-damage|p2a: Soulborn|30\/100|[from] item: Rocky Helmet|[of] p1b: Ting-Lu\n|move|p1b: Ting-Lu|Ruination|p2a: Soulborn\n|-damage|p2a: Soulborn|16\/100\n|\n|upkeep\n|turn|5\n|inactive|Drainville has 90 seconds left.\n|inactive|Amph1 has 120 seconds left.\n|\n|t:|1700001594\n|move|p1a: Kingambit|Sucker Punch|p2a: Soulborn\n|-resisted|p2a: Soulborn\n|-damage|p2a: Soulborn|0 fnt\n|faint|p2a: Soulborn\n|move|p1b: Ting-Lu|Stealth Rock|p2b: Olivine\n|-sidestart|p2: Amph1|move: Stealth Rock\n|move|p2b: Olivine|Reflect|p2b: Olivine\n|-sidestart|p2: Amph1|Reflect\n|\n|upkeep\n|inactive|Amph1 has 120 seconds left.\n|\n|t:|1700001604\n|switch|p2a: Grimsly|Grimmsnarl, M, shiny|8\/100\n|-damage|p2a: Grimsly|0 fnt|[from] Stealth Rock\n|faint|p2a: Grimsly\n|\n|t:|1700001612\n|switch|p2a: Immortality|Glimmora, M, shiny|100\/100\n|-damage|p2a: Immortality|88\/100|[from] Stealth Rock\n|-item|p2a: Immortality|Air Balloon\n|turn|6\n|inactive|Drainville has 120 seconds left.\n|\n|t:|1700001632\n|move|p2a: Immortality|Spiky Shield|p2a: Immortality\n|-singleturn|p2a: Immortality|move: Protect\n|move|p1a: Kingambit|Iron Head|p2a: Immortality\n|-activate|p2a: Immortality|move: Protect\n|-damage|p1a: Kingambit|88\/100|[from] Spiky Shield|[of] p2a: Immortality\n|move|p1b: Ting-Lu|Ruination|p2b: Olivine\n|-damage|p2b: Olivine|51\/100\n|move|p2b: Olivine|Dazzling Gleam|p1a: Kingambit|[spread] p1a,p1b\n|-damage|p1a: Kingambit|74\/100\n|-damage|p1b: Ting-Lu|0 fnt\n|faint|p1b: Ting-Lu\n|\n|upkeep\n|\n|t:|1700001650\n|switch|p1b: Iron Hands|Iron Hands|100\/100\n|turn|7\n|inactive|Drainville has 120 seconds left.\n|l|\u2606Drainville\n|inactive|Drainville disconnected and has a minute to reconnect!\n|player|p1|\n|inactive|Drainville has 30 seconds to reconnect!\n|inactive|Drainville has 20 seconds to reconnect!\n|inactive|Drainville has 15 seconds to reconnect!\n|inactive|Drainville has 10 seconds to reconnect!\n|inactive|Drainville has 5 seconds to reconnect!\n|-message|Drainville lost due to inactivity.\n|\n|win|Amph1\n|raw|Drainville's rating: 1000 &rarr; <strong>1000<\/strong><br \/>(+0 for losing)\n|raw|Amph1's rating: 1000 &rarr; <strong>1040<\/strong><br \/>(+40 for winning)\n","uploadtime":1700001736,"views":7,"p1id":"drainville","p2id":"amph1","formatid":"gen9doublesou","rating":1000,"private":0,"password":""}