{"id":"gen9doublesou-1968309047","p1":"TeamSkyTrainerTroy","p2":"calibudkillerx","format":"[Gen 9] Doubles OU","log":"|html|<div class=\"broadcast-blue\"><strong>[Gen 9] Doubles OU is currently suspecting Basculegion & Flutter Mane! For information on how to participate check out the <a href=\"https:\/\/www.smogon.com\/forums\/threads\/np-sv-dou-stage-8-double-trouble.3729153\/\">suspect thread<\/a>.<\/strong><\/div>\n|j|\u2606TeamSkyTrainerTroy\n|j|\u2606calibudkillerx\n|t:|1697404676\n|gametype|doubles\n|player|p1|TeamSkyTrainerTroy|palmer|1253\n|player|p2|calibudkillerx|youngster-gen4dp|1282\n|teamsize|p1|6\n|teamsize|p2|6\n|gen|9\n|tier|[Gen 9] Doubles OU\n|rated|\n|rule|Species Clause: Limit one of each Pok\u00e9mon\n|rule|OHKO Clause: OHKO moves are banned\n|rule|Evasion Moves Clause: Evasion moves are banned\n|rule|Gravity Sleep Clause: The combination of sleep-inducing moves with imperfect accuracy and Gravity or Gigantamax Orbeetle are banned\n|rule|Endless Battle Clause: Forcing endless battles is banned\n|rule|HP Percentage Mod: HP is shown in percentages\n|clearpoke\n|poke|p1|Bronzong|\n|poke|p1|Vikavolt, F|\n|poke|p1|Braviary-Hisui, M|\n|poke|p1|Cresselia, F|\n|poke|p1|Pelipper, F|\n|poke|p1|Gliscor, F|\n|poke|p2|Baxcalibur, F|\n|poke|p2|Zapdos|\n|poke|p2|Abomasnow, M|\n|poke|p2|Heatran, M|\n|poke|p2|Haunter, M|\n|poke|p2|Gyarados, F|\n|teampreview\n|inactive|Battle timer is ON: inactive players will automatically lose when time's up. (requested by TeamSkyTrainerTroy)\n|inactive|calibudkillerx also wants the timer to be on.\n|\n|t:|1697404703\n|start\n|switch|p1a: Bronzong|Bronzong, shiny|100\/100\n|switch|p1b: Vikavolt|Vikavolt, F, shiny|100\/100\n|switch|p2a: Haunter|Haunter, M|100\/100\n|switch|p2b: Abomasnow|Abomasnow, M, shiny|100\/100\n|-weather|Snow|[from] ability: Snow Warning|[of] p2b: Abomasnow\n|turn|1\n|c|\u2606TeamSkyTrainerTroy|Glhf\n|\n|t:|1697404719\n|switch|p1b: Pelipper|Pelipper, F|100\/100\n|-weather|RainDance|[from] ability: Drizzle|[of] p1b: Pelipper\n|move|p2a: Haunter|Shadow Ball|p1a: Bronzong\n|-supereffective|p1a: Bronzong\n|-damage|p1a: Bronzong|33\/100\n|move|p2b: Abomasnow|Aurora Veil||[still]\n|-fail|p2b: Abomasnow\n|move|p1a: Bronzong|Trick Room|p1a: Bronzong\n|-fieldstart|move: Trick Room|[of] p1a: Bronzong\n|\n|-weather|RainDance|[upkeep]\n|upkeep\n|turn|2\n|\n|t:|1697404742\n|switch|p2b: Gyarados|Gyarados, F, shiny|100\/100\n|move|p1a: Bronzong|Psychic|p2a: Haunter\n|-supereffective|p2a: Haunter\n|-damage|p2a: Haunter|0 fnt\n|faint|p2a: Haunter\n|move|p1b: Pelipper|Hurricane|p2b: Gyarados\n|-damage|p2b: Gyarados|51\/100\n|-start|p2b: Gyarados|confusion\n|-enditem|p2b: Gyarados|Lum Berry|[eat]\n|-end|p2b: Gyarados|confusion\n|\n|-weather|RainDance|[upkeep]\n|upkeep\n|inactive|calibudkillerx has 120 seconds left.\n|\n|t:|1697404759\n|switch|p2a: Abomasnow|Abomasnow, M, shiny|100\/100\n|-weather|Snow|[from] ability: Snow Warning|[of] p2a: Abomasnow\n|turn|3\n|\n|t:|1697404779\n|move|p1a: Bronzong|Rain Dance|p1a: Bronzong\n|-weather|RainDance\n|move|p1b: Pelipper|U-turn|p2a: Abomasnow\n|-supereffective|p2a: Abomasnow\n|-damage|p2a: Abomasnow|77\/100\n|\n|t:|1697404784\n|switch|p1b: Braviary|Braviary-Hisui, M, shiny|100\/100|[from] U-turn\n|move|p2a: Abomasnow|Aurora Veil||[still]\n|-fail|p2a: Abomasnow\n|move|p2b: Gyarados|Waterfall|p1a: Bronzong\n|-damage|p1a: Bronzong|0 fnt\n|faint|p1a: Bronzong\n|-ability|p2b: Gyarados|Moxie|boost\n|-boost|p2b: Gyarados|atk|1\n|\n|-weather|RainDance|[upkeep]\n|upkeep\n|\n|t:|1697404789\n|switch|p1a: Vikavolt|Vikavolt, F, shiny|100\/100\n|turn|4\n|\n|t:|1697404812\n|switch|p2a: Heatran|Heatran, M, shiny|100\/100\n|-terastallize|p2b: Gyarados|Dragon\n|move|p1a: Vikavolt|Thunder|p2b: Gyarados\n|-resisted|p2b: Gyarados\n|-damage|p2b: Gyarados|18\/100\n|-status|p2b: Gyarados|par\n|move|p1b: Braviary|Hurricane|p2a: Heatran\n|-resisted|p2a: Heatran\n|-damage|p2a: Heatran|69\/100\n|move|p2b: Gyarados|Outrage|p1b: Braviary\n|-damage|p1b: Braviary|0 fnt\n|faint|p1b: Braviary\n|-ability|p2b: Gyarados|Moxie|boost\n|-boost|p2b: Gyarados|atk|1\n|\n|-weather|RainDance|[upkeep]\n|upkeep\n|\n|t:|1697404828\n|switch|p1b: Cresselia|Cresselia, F|100\/100\n|turn|5\n|\n|t:|1697404838\n|-terastallize|p1b: Cresselia|Fairy\n|move|p1a: Vikavolt|Thunder|p2a: Heatran\n|-damage|p2a: Heatran|29\/100\n|move|p2b: Gyarados|Outrage|p1b: Cresselia|[from]lockedmove\n|-immune|p1b: Cresselia\n|-start|p2b: Gyarados|confusion|[fatigue]\n|move|p1b: Cresselia|Dazzling Gleam|p2b: Gyarados|[spread] p2a,p2b\n|-resisted|p2a: Heatran\n|-supereffective|p2b: Gyarados\n|-damage|p2a: Heatran|27\/100\n|-damage|p2b: Gyarados|0 fnt\n|faint|p2b: Gyarados\n|move|p2a: Heatran|Lava Plume|p1a: Vikavolt|[spread] p1a,p1b\n|-supereffective|p1a: Vikavolt\n|-damage|p1a: Vikavolt|66\/100\n|-damage|p1b: Cresselia|89\/100\n|-status|p1b: Cresselia|brn\n|\n|-weather|RainDance|[upkeep]\n|-heal|p1b: Cresselia|96\/100 brn|[from] item: Leftovers\n|-damage|p1b: Cresselia|89\/100 brn|[from] brn\n|-fieldend|move: Trick Room\n|upkeep\n|\n|t:|1697404862\n|switch|p2b: Zapdos|Zapdos, shiny|100\/100\n|turn|6\n|\n|t:|1697404868\n|move|p2b: Zapdos|Brave Bird|p1a: Vikavolt\n|-damage|p1a: Vikavolt|34\/100\n|-damage|p2b: Zapdos|91\/100|[from] Recoil\n|move|p2a: Heatran|Flash Cannon|p1b: Cresselia\n|-supereffective|p1b: Cresselia\n|-damage|p1b: Cresselia|24\/100 brn\n|move|p1a: Vikavolt|Thunder|p2b: Zapdos\n|-damage|p2b: Zapdos|20\/100\n|move|p1b: Cresselia|Trick Room|p1b: Cresselia\n|-fieldstart|move: Trick Room|[of] p1b: Cresselia\n|\n|-weather|RainDance|[upkeep]\n|-heal|p1b: Cresselia|30\/100 brn|[from] item: Leftovers\n|-damage|p1b: Cresselia|24\/100 brn|[from] brn\n|upkeep\n|turn|7\n|\n|t:|1697404888\n|move|p1a: Vikavolt|Thunder|p2a: Heatran\n|-damage|p2a: Heatran|0 fnt\n|faint|p2a: Heatran\n|move|p1b: Cresselia|Psychic|p2b: Zapdos\n|-damage|p2b: Zapdos|0 fnt\n|faint|p2b: Zapdos\n|\n|-weather|none\n|-heal|p1b: Cresselia|30\/100 brn|[from] item: Leftovers\n|-damage|p1b: Cresselia|24\/100 brn|[from] brn\n|upkeep\n|\n|t:|1697404900\n|switch|p2a: Baxcalibur|Baxcalibur, F|100\/100\n|switch|p2b: Abomasnow|Abomasnow, M, shiny|77\/100\n|-weather|Snow|[from] ability: Snow Warning|[of] p2b: Abomasnow\n|turn|8\n|\n|t:|1697404912\n|move|p2a: Baxcalibur|Ice Shard|p1b: Cresselia\n|-damage|p1b: Cresselia|9\/100 brn\n|move|p1a: Vikavolt|Volt Switch|p2b: Abomasnow\n|-resisted|p2b: Abomasnow\n|-damage|p2b: Abomasnow|61\/100\n|\n|t:|1697404918\n|switch|p1a: Pelipper|Pelipper, F|100\/100|[from] Volt Switch\n|-weather|RainDance|[from] ability: Drizzle|[of] p1a: Pelipper\n|move|p2b: Abomasnow|Aurora Veil||[still]\n|-fail|p2b: Abomasnow\n|move|p1b: Cresselia|Dazzling Gleam|p2b: Abomasnow|[spread] p2a,p2b\n|-supereffective|p2a: Baxcalibur\n|-damage|p2a: Baxcalibur|62\/100\n|-damage|p2b: Abomasnow|47\/100\n|\n|-weather|RainDance|[upkeep]\n|-heal|p1b: Cresselia|15\/100 brn|[from] item: Leftovers\n|-damage|p1b: Cresselia|9\/100 brn|[from] brn\n|upkeep\n|turn|9\n|\n|t:|1697404937\n|move|p1a: Pelipper|Hurricane|p2b: Abomasnow\n|-supereffective|p2b: Abomasnow\n|-damage|p2b: Abomasnow|0 fnt\n|faint|p2b: Abomasnow\n|move|p1b: Cresselia|Lunar Blessing|p1b: Cresselia|[spread] p1a,p1b\n|-heal|p1b: Cresselia|34\/100 brn\n|-curestatus|p1b: Cresselia|brn|[msg]\n|move|p2a: Baxcalibur|Glaive Rush|p1a: Pelipper\n|-damage|p1a: Pelipper|24\/100\n|-singlemove|p2a: Baxcalibur|Glaive Rush|[silent]\n|\n|-weather|RainDance|[upkeep]\n|-heal|p1b: Cresselia|40\/100|[from] item: Leftovers\n|upkeep\n|turn|10\n|\n|t:|1697404955\n|move|p2a: Baxcalibur|Ice Shard|p1a: Pelipper\n|-damage|p1a: Pelipper|0 fnt\n|faint|p1a: Pelipper\n|move|p1b: Cresselia|Lunar Blessing|p1b: Cresselia\n|-heal|p1b: Cresselia|65\/100\n|\n|-weather|RainDance|[upkeep]\n|-heal|p1b: Cresselia|71\/100|[from] item: Leftovers\n|-fieldend|move: Trick Room\n|upkeep\n|\n|t:|1697404963\n|switch|p1a: Vikavolt|Vikavolt, F, shiny|34\/100\n|turn|11\n|\n|t:|1697404968\n|move|p2a: Baxcalibur|Iron Head|p1b: Cresselia\n|-supereffective|p1b: Cresselia\n|-damage|p1b: Cresselia|34\/100\n|cant|p1b: Cresselia|flinch\n|move|p1a: Vikavolt|Flash Cannon|p2a: Baxcalibur\n|-supereffective|p2a: Baxcalibur\n|-damage|p2a: Baxcalibur|0 fnt\n|faint|p2a: Baxcalibur\n|\n|win|TeamSkyTrainerTroy\n|raw|TeamSkyTrainerTroy's rating: 1253 &rarr; <strong>1280<\/strong><br \/>(+27 for winning)\n|raw|calibudkillerx's rating: 1282 &rarr; <strong>1255<\/strong><br \/>(-27 for losing)\n|c|\u2606TeamSkyTrainerTroy|Gg\n|l|\u2606calibudkillerx\n","uploadtime":1697404989,"views":16,"p1id":"teamskytrainertroy","p2id":"calibudkillerx","formatid":"gen9doublesou","rating":1255,"private":0,"password":""}