{"id":"gen9doublesou-1983070837","p1":"L4luck","p2":"sleepcooling","format":"[Gen 9] Doubles OU","log":"|j|\u2606L4luck\n|j|\u2606sleepcooling\n|t:|1699079437\n|gametype|doubles\n|player|p1|L4luck|1|1411\n|player|p2|sleepcooling|gloria|1326\n|teamsize|p1|6\n|teamsize|p2|6\n|gen|9\n|tier|[Gen 9] Doubles OU\n|rated|\n|rule|Species Clause: Limit one of each Pok\u00e9mon\n|rule|OHKO Clause: OHKO moves are banned\n|rule|Evasion Moves Clause: Evasion moves are banned\n|rule|Gravity Sleep Clause: The combination of sleep-inducing moves with imperfect accuracy and Gravity or Gigantamax Orbeetle are banned\n|rule|Endless Battle Clause: Forcing endless battles is banned\n|rule|HP Percentage Mod: HP is shown in percentages\n|clearpoke\n|poke|p1|Tyranitar, M|\n|poke|p1|Gastrodon, F|\n|poke|p1|Gholdengo|\n|poke|p1|Ceruledge, M|\n|poke|p1|Scizor, F|\n|poke|p1|Iron Valiant|\n|poke|p2|Ogerpon-Hearthflame, F|\n|poke|p2|Chi-Yu|\n|poke|p2|Ninetales, F|\n|poke|p2|Walking Wake|\n|poke|p2|Flutter Mane|\n|poke|p2|Coalossal, F|\n|teampreview\n|\n|t:|1699079458\n|start\n|switch|p1a: Ceruledge|Ceruledge, M|100\/100\n|switch|p1b: Scizor|Scizor, F|100\/100\n|switch|p2a: Flutter Mane|Flutter Mane|100\/100\n|switch|p2b: Chi-Yu|Chi-Yu|100\/100\n|-ability|p2b: Chi-Yu|Beads of Ruin\n|turn|1\n|\n|t:|1699079479\n|-end|p2a: Flutter Mane|Protosynthesis|[silent]\n|switch|p2a: Ninetales|Ninetales, F|100\/100\n|-weather|SunnyDay|[from] ability: Drought|[of] p2a: Ninetales\n|move|p1a: Ceruledge|Ally Switch|p1a: Ceruledge\n|swap|p1a: Ceruledge|1|[from] move: Ally Switch\n|move|p2b: Chi-Yu|Heat Wave|p1a: Scizor|[spread] p1a\n|-start|p1b: Ceruledge|ability: Flash Fire\n|-supereffective|p1a: Scizor\n|-damage|p1a: Scizor|0 fnt\n|faint|p1a: Scizor\n|\n|-weather|SunnyDay|[upkeep]\n|upkeep\n|\n|t:|1699079492\n|switch|p1a: Tyranitar|Tyranitar, M|100\/100\n|-weather|Sandstorm|[from] ability: Sand Stream|[of] p1a: Tyranitar\n|turn|2\n|\n|t:|1699079506\n|switch|p2b: Walking Wake|Walking Wake|100\/100\n|move|p2a: Ninetales|Protect|p2a: Ninetales\n|-singleturn|p2a: Ninetales|Protect\n|move|p1b: Ceruledge|Bitter Blade|p2a: Ninetales\n|-activate|p2a: Ninetales|move: Protect\n|move|p1a: Tyranitar|Stone Edge|p2b: Walking Wake\n|-crit|p2b: Walking Wake\n|-damage|p2b: Walking Wake|13\/100\n|\n|-weather|Sandstorm|[upkeep]\n|-damage|p2b: Walking Wake|7\/100|[from] Sandstorm\n|-damage|p2a: Ninetales|95\/100|[from] Sandstorm\n|-damage|p1b: Ceruledge|94\/100|[from] Sandstorm\n|upkeep\n|turn|3\n|\n|t:|1699079559\n|switch|p2a: Coalossal|Coalossal, F|100\/100\n|-end|p1b: Ceruledge|ability: Flash Fire|[silent]\n|switch|p1b: Gastrodon|Gastrodon, F|100\/100\n|move|p2b: Walking Wake|Hydro Steam|p1b: Gastrodon\n|-ability|p1b: Gastrodon|Storm Drain|boost\n|-boost|p1b: Gastrodon|spa|1\n|move|p1a: Tyranitar|Stone Edge|p2a: Coalossal\n|-supereffective|p2a: Coalossal\n|-damage|p2a: Coalossal|7\/100\n|-enditem|p2a: Coalossal|Weakness Policy\n|-boost|p2a: Coalossal|atk|2|[from] item: Weakness Policy\n|-boost|p2a: Coalossal|spa|2|[from] item: Weakness Policy\n|\n|-weather|Sandstorm|[upkeep]\n|-damage|p2b: Walking Wake|1\/100|[from] Sandstorm\n|upkeep\n|turn|4\n|\n|t:|1699079591\n|move|p2b: Walking Wake|Draco Meteor|p1a: Tyranitar|[miss]\n|-miss|p2b: Walking Wake|p1a: Tyranitar\n|move|p1a: Tyranitar|Knock Off|p2b: Walking Wake\n|-damage|p2b: Walking Wake|0 fnt\n|-enditem|p2b: Walking Wake|Wise Glasses|[from] move: Knock Off|[of] p1a: Tyranitar\n|faint|p2b: Walking Wake\n|-end|p2b: Walking Wake|Protosynthesis|[silent]\n|move|p2a: Coalossal|Earth Power|p1a: Tyranitar\n|-supereffective|p1a: Tyranitar\n|-damage|p1a: Tyranitar|63\/100\n|move|p1b: Gastrodon|Earth Power|p2a: Coalossal\n|-supereffective|p2a: Coalossal\n|-damage|p2a: Coalossal|0 fnt\n|faint|p2a: Coalossal\n|\n|-weather|Sandstorm|[upkeep]\n|upkeep\n|\n|t:|1699079607\n|switch|p2b: Ogerpon|Ogerpon-Hearthflame, F|100\/100\n|switch|p2a: Ninetales|Ninetales, F|95\/100\n|-ability|p2b: Ogerpon|Mold Breaker\n|-weather|SunnyDay|[from] ability: Drought|[of] p2a: Ninetales\n|turn|5\n|\n|t:|1699079645\n|-terastallize|p1b: Gastrodon|Fire\n|move|p2a: Ninetales|Helping Hand|p2b: Ogerpon\n|-singleturn|p2b: Ogerpon|Helping Hand|[of] p2a: Ninetales\n|move|p2b: Ogerpon|Wood Hammer|p1a: Tyranitar\n|-supereffective|p1a: Tyranitar\n|-damage|p1a: Tyranitar|0 fnt\n|faint|p1a: Tyranitar\n|-damage|p2b: Ogerpon|73\/100|[from] Recoil\n|move|p1b: Gastrodon|Icy Wind|p2b: Ogerpon|[spread] p2a,p2b\n|-resisted|p2a: Ninetales\n|-damage|p2a: Ninetales|84\/100\n|-damage|p2b: Ogerpon|50\/100\n|-unboost|p2a: Ninetales|spe|1\n|-unboost|p2b: Ogerpon|spe|1\n|\n|-weather|SunnyDay|[upkeep]\n|upkeep\n|\n|t:|1699079666\n|switch|p1a: Ceruledge|Ceruledge, M|94\/100\n|turn|6\n|\n|t:|1699079677\n|switch|p2b: Chi-Yu|Chi-Yu|100\/100\n|-ability|p2b: Chi-Yu|Beads of Ruin\n|move|p2a: Ninetales|Protect|p2a: Ninetales\n|-singleturn|p2a: Ninetales|Protect\n|move|p1a: Ceruledge|Poltergeist|p2b: Chi-Yu|[miss]\n|-miss|p1a: Ceruledge|p2b: Chi-Yu\n|move|p1b: Gastrodon|Earth Power|p2a: Ninetales\n|-activate|p2a: Ninetales|move: Protect\n|\n|-weather|SunnyDay|[upkeep]\n|upkeep\n|turn|7\n|\n|t:|1699079708\n|switch|p2a: Flutter Mane|Flutter Mane|100\/100\n|-activate|p2a: Flutter Mane|ability: Protosynthesis\n|-start|p2a: Flutter Mane|protosynthesisspe\n|move|p2b: Chi-Yu|Dark Pulse|p1a: Ceruledge\n|-supereffective|p1a: Ceruledge\n|-damage|p1a: Ceruledge|0 fnt\n|faint|p1a: Ceruledge\n|move|p1b: Gastrodon|Earth Power|p2b: Chi-Yu\n|-supereffective|p2b: Chi-Yu\n|-damage|p2b: Chi-Yu|0 fnt\n|faint|p2b: Chi-Yu\n|\n|-weather|SunnyDay|[upkeep]\n|upkeep\n|\n|t:|1699079727\n|switch|p2b: Ogerpon|Ogerpon-Hearthflame, F|50\/100\n|switch|p1a: Gholdengo|Gholdengo|100\/100\n|-ability|p2b: Ogerpon|Mold Breaker\n|turn|8\n|inactive|Battle timer is ON: inactive players will automatically lose when time's up. (requested by L4luck)\n|\n|t:|1699079790\n|move|p1a: Gholdengo|Protect|p1a: Gholdengo\n|-singleturn|p1a: Gholdengo|Protect\n|move|p2a: Flutter Mane|Moonblast|p1b: Gastrodon\n|-resisted|p1b: Gastrodon\n|-damage|p1b: Gastrodon|65\/100\n|-unboost|p1b: Gastrodon|spa|1\n|move|p2b: Ogerpon|Ivy Cudgel|p1a: Gholdengo\n|-activate|p1a: Gholdengo|move: Protect\n|move|p1b: Gastrodon|Icy Wind|p2a: Flutter Mane|[spread] p2b\n|-miss|p1b: Gastrodon|p2a: Flutter Mane\n|-damage|p2b: Ogerpon|36\/100\n|-unboost|p2b: Ogerpon|spe|1\n|\n|-weather|SunnyDay|[upkeep]\n|-heal|p1b: Gastrodon|71\/100|[from] item: Leftovers\n|upkeep\n|turn|9\n|inactive|L4luck has 120 seconds left.\n|inactive|sleepcooling has 120 seconds left.\n|inactive|L4luck has 90 seconds left.\n|\n|t:|1699079874\n|switch|p1a: Iron Valiant|Iron Valiant|100\/100\n|switch|p2b: Ninetales|Ninetales, F|84\/100\n|move|p2a: Flutter Mane|Moonblast|p1b: Gastrodon\n|-resisted|p1b: Gastrodon\n|-damage|p1b: Gastrodon|32\/100\n|move|p1b: Gastrodon|Icy Wind|p2a: Flutter Mane|[spread] p2a,p2b\n|-resisted|p2b: Ninetales\n|-damage|p2a: Flutter Mane|86\/100\n|-damage|p2b: Ninetales|78\/100\n|-unboost|p2a: Flutter Mane|spe|1\n|-unboost|p2b: Ninetales|spe|1\n|\n|-weather|none\n|-end|p2a: Flutter Mane|Protosynthesis\n|-heal|p1b: Gastrodon|38\/100|[from] item: Leftovers\n|upkeep\n|turn|10\n|inactive|L4luck has 90 seconds left.\n|inactive|sleepcooling has 90 seconds left.\n|\n|t:|1699079920\n|switch|p2b: Ogerpon|Ogerpon-Hearthflame, F|36\/100\n|-ability|p2b: Ogerpon|Mold Breaker\n|move|p1a: Iron Valiant|Protect|p1a: Iron Valiant\n|-singleturn|p1a: Iron Valiant|Protect\n|move|p1b: Gastrodon|Protect|p1b: Gastrodon\n|-singleturn|p1b: Gastrodon|Protect\n|move|p2a: Flutter Mane|Moonblast|p1a: Iron Valiant\n|-activate|p1a: Iron Valiant|move: Protect\n|\n|-heal|p1b: Gastrodon|44\/100|[from] item: Leftovers\n|upkeep\n|turn|11\n|inactive|L4luck has 90 seconds left.\n|inactive|sleepcooling has 90 seconds left.\n|inactive|L4luck has 60 seconds left.\n|\n|t:|1699079966\n|-terastallize|p2a: Flutter Mane|Fairy\n|move|p2b: Ogerpon|Spiky Shield|p2b: Ogerpon\n|-singleturn|p2b: Ogerpon|move: Protect\n|move|p1a: Iron Valiant|Aura Sphere|p2b: Ogerpon\n|-activate|p2b: Ogerpon|move: Protect\n|move|p2a: Flutter Mane|Moonblast|p1b: Gastrodon\n|-resisted|p1b: Gastrodon\n|-damage|p1b: Gastrodon|0 fnt\n|faint|p1b: Gastrodon\n|\n|upkeep\n|\n|t:|1699079971\n|switch|p1b: Gholdengo|Gholdengo|100\/100\n|turn|12\n|inactive|sleepcooling has 90 seconds left.\n|\n|t:|1699080000\n|switch|p2b: Ninetales|Ninetales, F|78\/100\n|-weather|SunnyDay|[from] ability: Drought|[of] p2b: Ninetales\n|-activate|p2a: Flutter Mane|ability: Protosynthesis\n|-start|p2a: Flutter Mane|protosynthesisspa\n|move|p1b: Gholdengo|Protect|p1b: Gholdengo\n|-singleturn|p1b: Gholdengo|Protect\n|move|p1a: Iron Valiant|Aura Sphere|p2b: Ninetales\n|-damage|p2b: Ninetales|27\/100\n|move|p2a: Flutter Mane|Moonblast|p1a: Iron Valiant\n|-supereffective|p1a: Iron Valiant\n|-damage|p1a: Iron Valiant|0 fnt\n|faint|p1a: Iron Valiant\n|-end|p1a: Iron Valiant|Quark Drive|[silent]\n|\n|-weather|SunnyDay|[upkeep]\n|upkeep\n|turn|13\n|inactive|sleepcooling has 90 seconds left.\n|\n|t:|1699080023\n|move|p2b: Ninetales|Overheat|p1b: Gholdengo\n|-supereffective|p1b: Gholdengo\n|-damage|p1b: Gholdengo|0 fnt\n|-unboost|p2b: Ninetales|spa|2\n|faint|p1b: Gholdengo\n|\n|win|sleepcooling\n|raw|L4luck's rating: 1411 &rarr; <strong>1386<\/strong><br \/>(-25 for losing)\n|raw|sleepcooling's rating: 1326 &rarr; <strong>1351<\/strong><br \/>(+25 for winning)\n|l|\u2606L4luck\n","uploadtime":1699080042,"views":12,"p1id":"l4luck","p2id":"sleepcooling","formatid":"gen9doublesou","rating":1351,"private":0,"password":""}