{"id":"gen9doublesou-1972149501","p1":"DratiniKing10","p2":"BlueB4llz","format":"[Gen 9] Doubles OU","log":"|j|\u2606DratiniKing10\n|j|\u2606BlueB4llz\n|t:|1697816861\n|gametype|doubles\n|player|p1|DratiniKing10|lucas|1200\n|player|p2|BlueB4llz|acetrainerf-gen4|1283\n|teamsize|p1|6\n|teamsize|p2|6\n|gen|9\n|tier|[Gen 9] Doubles OU\n|rated|\n|rule|Species Clause: Limit one of each Pok\u00e9mon\n|rule|OHKO Clause: OHKO moves are banned\n|rule|Evasion Moves Clause: Evasion moves are banned\n|rule|Gravity Sleep Clause: The combination of sleep-inducing moves with imperfect accuracy and Gravity or Gigantamax Orbeetle are banned\n|rule|Endless Battle Clause: Forcing endless battles is banned\n|rule|HP Percentage Mod: HP is shown in percentages\n|clearpoke\n|poke|p1|Ting-Lu|\n|poke|p1|Arcanine, M|\n|poke|p1|Kingambit, M|\n|poke|p1|Tornadus, M|\n|poke|p1|Sneasler, M|\n|poke|p1|Ogerpon-Wellspring, F|\n|poke|p2|Armarouge, F|\n|poke|p2|Dragapult, F|\n|poke|p2|Indeedee-F, F|\n|poke|p2|Flamigo, F|\n|poke|p2|Garganacl, F|\n|poke|p2|Gengar, M|\n|teampreview\n|\n|t:|1697816877\n|start\n|switch|p1a: Miles|Tornadus, M|100\/100\n|switch|p1b: &IHaveAnAxe|Kingambit, M, shiny|100\/100\n|switch|p2a: Digimonlookinass|Armarouge, F|100\/100\n|switch|p2b: Dead Pet Geck|Dragapult, F|100\/100\n|turn|1\n|\n|t:|1697816892\n|switch|p2b: Expendables 5|Garganacl, F|100\/100\n|switch|p2a: LAME AS FUCK|Flamigo, F|100\/100\n|-copyboost|p2a: LAME AS FUCK|p2b: Expendables 5|[from] ability: Costar\n|move|p1a: Miles|Rain Dance|p1a: Miles\n|-weather|RainDance\n|move|p1b: &IHaveAnAxe|Kowtow Cleave|p2a: LAME AS FUCK\n|-resisted|p2a: LAME AS FUCK\n|-damage|p2a: LAME AS FUCK|54\/100\n|-damage|p1b: &IHaveAnAxe|91\/100|[from] item: Life Orb\n|\n|-weather|RainDance|[upkeep]\n|upkeep\n|turn|2\n|\n|t:|1697816916\n|move|p1b: &IHaveAnAxe|Sucker Punch|p2b: Expendables 5\n|-damage|p2b: Expendables 5|61\/100\n|-damage|p1b: &IHaveAnAxe|81\/100|[from] item: Life Orb\n|move|p2a: LAME AS FUCK|Close Combat|p1b: &IHaveAnAxe\n|-supereffective|p1b: &IHaveAnAxe\n|-damage|p1b: &IHaveAnAxe|0 fnt\n|-unboost|p2a: LAME AS FUCK|def|1\n|-unboost|p2a: LAME AS FUCK|spd|1\n|-enditem|p2a: LAME AS FUCK|White Herb\n|-clearnegativeboost|p2a: LAME AS FUCK|[silent]\n|faint|p1b: &IHaveAnAxe\n|move|p1a: Miles|Bleakwind Storm|p2b: Expendables 5|[spread] p2a,p2b\n|-supereffective|p2a: LAME AS FUCK\n|-resisted|p2b: Expendables 5\n|-damage|p2a: LAME AS FUCK|0 fnt\n|-damage|p2b: Expendables 5|47\/100\n|faint|p2a: LAME AS FUCK\n|move|p2b: Expendables 5|Rock Slide|p1a: Miles\n|-supereffective|p1a: Miles\n|-damage|p1a: Miles|7\/100\n|-enditem|p1a: Miles|Sitrus Berry|[eat]\n|-heal|p1a: Miles|32\/100|[from] item: Sitrus Berry\n|\n|-weather|RainDance|[upkeep]\n|upkeep\n|\n|t:|1697816938\n|switch|p2a: Smelly?|Gengar, M|100\/100\n|switch|p1b: Tavi|Sneasler, M|100\/100\n|turn|3\n|\n|t:|1697816946\n|move|p1a: Miles|Tailwind|p1a: Miles\n|-sidestart|p1: DratiniKing10|move: Tailwind\n|move|p1b: Tavi|Close Combat|p2b: Expendables 5\n|-supereffective|p2b: Expendables 5\n|-damage|p2b: Expendables 5|0 fnt\n|-unboost|p1b: Tavi|def|1\n|-unboost|p1b: Tavi|spd|1\n|faint|p2b: Expendables 5\n|move|p2a: Smelly?|Icy Wind|p1b: Tavi|[spread] p1a,p1b\n|-supereffective|p1a: Miles\n|-damage|p1a: Miles|3\/100\n|-damage|p1b: Tavi|72\/100\n|-unboost|p1a: Miles|spe|1\n|-unboost|p1b: Tavi|spe|1\n|\n|-weather|RainDance|[upkeep]\n|upkeep\n|\n|t:|1697816960\n|switch|p2b: Digimonlookinass|Armarouge, F|100\/100\n|turn|4\n|\n|t:|1697816972\n|move|p2b: Digimonlookinass|Protect|p2b: Digimonlookinass\n|-singleturn|p2b: Digimonlookinass|Protect\n|move|p1b: Tavi|Dire Claw|p2b: Digimonlookinass\n|-activate|p2b: Digimonlookinass|move: Protect\n|move|p2a: Smelly?|Icy Wind|p1b: Tavi|[spread] p1a,p1b\n|-supereffective|p1a: Miles\n|-damage|p1a: Miles|0 fnt\n|-damage|p1b: Tavi|41\/100\n|-unboost|p1b: Tavi|spe|1\n|faint|p1a: Miles\n|\n|-weather|RainDance|[upkeep]\n|upkeep\n|\n|t:|1697816983\n|switch|p1a: Julica|Ogerpon-Wellspring, F|100\/100\n|turn|5\n|\n|t:|1697816999\n|switch|p2b: Dead Pet Geck|Dragapult, F|100\/100\n|move|p1a: Julica|Ivy Cudgel|p2a: Smelly?\n|-enditem|p2a: Smelly?|Focus Sash\n|-damage|p2a: Smelly?|1\/100\n|move|p2a: Smelly?|Icy Wind|p1b: Tavi|[spread] p1a,p1b\n|-crit|p1b: Tavi\n|-damage|p1a: Julica|86\/100\n|-damage|p1b: Tavi|0 fnt\n|-unboost|p1a: Julica|spe|1\n|faint|p1b: Tavi\n|\n|-weather|none\n|upkeep\n|\n|t:|1697817011\n|switch|p1b: MooseCraft|Ting-Lu|100\/100\n|-ability|p1b: MooseCraft|Vessel of Ruin\n|turn|6\n|\n|t:|1697817035\n|-terastallize|p1a: Julica|Water\n|detailschange|p1a: Julica|Ogerpon-Wellspring-Tera, F, tera:Water\n|-ability|p1a: Julica|Embody Aspect (Wellspring)|boost\n|-boost|p1a: Julica|spd|1\n|move|p2b: Dead Pet Geck|Will-O-Wisp|p1a: Julica\n|-status|p1a: Julica|brn\n|move|p1a: Julica|Ivy Cudgel|p2b: Dead Pet Geck\n|-resisted|p2b: Dead Pet Geck\n|-crit|p2b: Dead Pet Geck\n|-damage|p2b: Dead Pet Geck|54\/100\n|move|p2a: Smelly?|Icy Wind|p1a: Julica|[spread] p1a,p1b\n|-resisted|p1a: Julica\n|-crit|p1a: Julica\n|-supereffective|p1b: MooseCraft\n|-damage|p1a: Julica|75\/100 brn\n|-damage|p1b: MooseCraft|85\/100\n|-unboost|p1a: Julica|spe|1\n|-unboost|p1b: MooseCraft|spe|1\n|move|p1b: MooseCraft|Rock Slide|p2a: Smelly?|[spread] p2a,p2b\n|-damage|p2a: Smelly?|0 fnt\n|-damage|p2b: Dead Pet Geck|35\/100\n|-start|p1b: MooseCraft|Disable|Rock Slide|[from] ability: Cursed Body|[of] p2a: Smelly?\n|faint|p2a: Smelly?\n|\n|-heal|p1b: MooseCraft|91\/100|[from] item: Leftovers\n|-damage|p1a: Julica|69\/100 brn|[from] brn\n|-sideend|p1: DratiniKing10|move: Tailwind\n|upkeep\n|\n|t:|1697817058\n|switch|p2a: Digimonlookinass|Armarouge, F|100\/100\n|turn|7\n|\n|t:|1697817071\n|-terastallize|p2a: Digimonlookinass|Psychic\n|move|p2b: Dead Pet Geck|U-turn|p2a: Digimonlookinass\n|-supereffective|p2a: Digimonlookinass\n|-damage|p2a: Digimonlookinass|66\/100\n|-ability|p2a: Digimonlookinass|Weak Armor|boost\n|-unboost|p2a: Digimonlookinass|def|1\n|-boost|p2a: Digimonlookinass|spe|2\n|-enditem|p2a: Digimonlookinass|Weakness Policy\n|-boost|p2a: Digimonlookinass|atk|2|[from] item: Weakness Policy\n|-boost|p2a: Digimonlookinass|spa|2|[from] item: Weakness Policy\n|\n|t:|1697817080\n|switch|p2b: Croissants|Indeedee-F, F|100\/100|[from] U-turn\n|-fieldstart|move: Psychic Terrain|[from] ability: Psychic Surge|[of] p2b: Croissants\n|move|p2a: Digimonlookinass|Expanding Force|p1b: MooseCraft|[spread] p1a\n|-immune|p1b: MooseCraft\n|-damage|p1a: Julica|0 fnt\n|faint|p1a: Julica\n|move|p1b: MooseCraft|Ruination|p2a: Digimonlookinass\n|-damage|p2a: Digimonlookinass|34\/100\n|\n|-heal|p1b: MooseCraft|98\/100|[from] item: Leftovers\n|upkeep\n|\n|t:|1697817091\n|switch|p1a: Zach|Arcanine, M, shiny|100\/100\n|-ability|p1a: Zach|Intimidate|boost\n|-unboost|p2a: Digimonlookinass|atk|1\n|-unboost|p2b: Croissants|atk|1\n|turn|8\n|\n|t:|1697817118\n|move|p1a: Zach|Extreme Speed|p2a: Digimonlookinass\n|-activate|p2a: Digimonlookinass|move: Psychic Terrain\n|move|p2b: Croissants|Follow Me|p2b: Croissants\n|-singleturn|p2b: Croissants|move: Follow Me\n|move|p2a: Digimonlookinass|Expanding Force|p1a: Zach|[spread] p1a\n|-immune|p1b: MooseCraft\n|-damage|p1a: Zach|0 fnt\n|faint|p1a: Zach\n|move|p1b: MooseCraft|Ruination|p2b: Croissants\n|-damage|p2b: Croissants|51\/100\n|\n|-heal|p1b: MooseCraft|100\/100|[from] item: Leftovers\n|upkeep\n|turn|9\n|\n|t:|1697817139\n|move|p2a: Digimonlookinass|Heat Wave|p1b: MooseCraft|[miss]\n|-miss|p2a: Digimonlookinass|p1b: MooseCraft\n|move|p2b: Croissants|Heal Pulse|p2a: Digimonlookinass\n|-heal|p2a: Digimonlookinass|84\/100\n|move|p1b: MooseCraft|Ruination|p2b: Croissants\n|-damage|p2b: Croissants|26\/100\n|\n|-end|p1b: MooseCraft|Disable\n|upkeep\n|turn|10\n|\n|t:|1697817153\n|move|p2a: Digimonlookinass|Heat Wave|p1b: MooseCraft|[miss]\n|-miss|p2a: Digimonlookinass|p1b: MooseCraft\n|move|p2b: Croissants|Dazzling Gleam|p1b: MooseCraft\n|-supereffective|p1b: MooseCraft\n|-damage|p1b: MooseCraft|78\/100\n|move|p1b: MooseCraft|Ruination|p2b: Croissants\n|-damage|p2b: Croissants|13\/100\n|\n|-heal|p1b: MooseCraft|84\/100|[from] item: Leftovers\n|upkeep\n|turn|11\n|\n|t:|1697817163\n|move|p2a: Digimonlookinass|Heat Wave|p1b: MooseCraft\n|-damage|p1b: MooseCraft|33\/100\n|move|p2b: Croissants|Dazzling Gleam|p1b: MooseCraft\n|-supereffective|p1b: MooseCraft\n|-damage|p1b: MooseCraft|12\/100\n|move|p1b: MooseCraft|Rock Slide|p2a: Digimonlookinass|[spread] p2a,p2b\n|-damage|p2a: Digimonlookinass|59\/100\n|-damage|p2b: Croissants|0 fnt\n|-ability|p2a: Digimonlookinass|Weak Armor|boost\n|-unboost|p2a: Digimonlookinass|def|1\n|-boost|p2a: Digimonlookinass|spe|2\n|faint|p2b: Croissants\n|\n|-heal|p1b: MooseCraft|18\/100|[from] item: Leftovers\n|upkeep\n|\n|t:|1697817172\n|switch|p2b: Dead Pet Geck|Dragapult, F|35\/100\n|turn|12\n|\n|t:|1697817177\n|move|p1b: MooseCraft|Protect|p1b: MooseCraft\n|-singleturn|p1b: MooseCraft|Protect\n|move|p2a: Digimonlookinass|Heat Wave|p1b: MooseCraft\n|-activate|p1b: MooseCraft|move: Protect\n|move|p2b: Dead Pet Geck|Draco Meteor|p1b: MooseCraft\n|-activate|p1b: MooseCraft|move: Protect\n|\n|-heal|p1b: MooseCraft|24\/100|[from] item: Leftovers\n|upkeep\n|turn|13\n|\n|t:|1697817187\n|move|p2a: Digimonlookinass|Heat Wave|p1b: MooseCraft|[miss]\n|-miss|p2a: Digimonlookinass|p1b: MooseCraft\n|move|p2b: Dead Pet Geck|Draco Meteor|p1b: MooseCraft\n|-damage|p1b: MooseCraft|0 fnt\n|-unboost|p2b: Dead Pet Geck|spa|2\n|faint|p1b: MooseCraft\n|\n|win|BlueB4llz\n|raw|DratiniKing10's rating: 1200 &rarr; <strong>1181<\/strong><br \/>(-19 for losing)\n|raw|BlueB4llz's rating: 1283 &rarr; <strong>1302<\/strong><br \/>(+19 for winning)\n|l|\u2606BlueB4llz\n","uploadtime":1697817205,"views":13,"p1id":"dratiniking10","p2id":"blueb4llz","formatid":"gen9doublesou","rating":1181,"private":0,"password":""}