{"id":"gen9doublesou-1995226231","p1":"hysali30","p2":"shinbilover","format":"[Gen 9] Doubles OU","log":"|j|\u2606hysali30\n|j|\u2606shinbilover\n|t:|1700536940\n|gametype|doubles\n|player|p1|hysali30|dancer|1016\n|player|p2|shinbilover|striker|1148\n|teamsize|p1|6\n|teamsize|p2|6\n|gen|9\n|tier|[Gen 9] Doubles OU\n|rated|\n|rule|Species Clause: Limit one of each Pok\u00e9mon\n|rule|OHKO Clause: OHKO moves are banned\n|rule|Evasion Moves Clause: Evasion moves are banned\n|rule|Gravity Sleep Clause: The combination of sleep-inducing moves with imperfect accuracy and Gravity or Gigantamax Orbeetle are banned\n|rule|Endless Battle Clause: Forcing endless battles is banned\n|rule|HP Percentage Mod: HP is shown in percentages\n|clearpoke\n|poke|p1|Abomasnow, M|\n|poke|p1|Froslass, F|\n|poke|p1|Articuno|\n|poke|p1|Glastrier|\n|poke|p1|Avalugg, F|\n|poke|p1|Beartic, F|\n|poke|p2|Pawmot, M|\n|poke|p2|Blissey, F|\n|poke|p2|Beartic, M|\n|poke|p2|Ninetales-Alola, F|\n|poke|p2|Amoonguss, M|\n|poke|p2|Lilligant-Hisui, F|\n|teampreview\n|inactive|Battle timer is ON: inactive players will automatically lose when time's up. (requested by hysali30)\n|inactive|shinbilover has 120 seconds left.\n|\n|t:|1700536990\n|start\n|switch|p1a: Articuno|Articuno|100\/100\n|switch|p1b: Glastrier|Glastrier|100\/100\n|switch|p2a: Beartic|Beartic, M|100\/100\n|switch|p2b: Ninetales|Ninetales-Alola, F|100\/100\n|-weather|Snow|[from] ability: Snow Warning|[of] p2b: Ninetales\n|-ability|p1a: Articuno|Pressure\n|turn|1\n|\n|t:|1700537009\n|move|p2b: Ninetales|Aurora Veil|p2b: Ninetales\n|-sidestart|p2: shinbilover|move: Aurora Veil\n|move|p1a: Articuno|Light Screen|p1a: Articuno\n|-sidestart|p1: hysali30|move: Light Screen\n|move|p2a: Beartic|Swords Dance|p2a: Beartic\n|-boost|p2a: Beartic|atk|2\n|move|p1b: Glastrier|Body Press|p2a: Beartic\n|-supereffective|p2a: Beartic\n|-crit|p2a: Beartic\n|-damage|p2a: Beartic|39\/100\n|\n|-weather|Snow|[upkeep]\n|upkeep\n|turn|2\n|\n|t:|1700537033\n|-terastallize|p1b: Glastrier|Fighting\n|move|p2b: Ninetales|Helping Hand|p2a: Beartic\n|-singleturn|p2a: Beartic|Helping Hand|[of] p2b: Ninetales\n|move|p1a: Articuno|Blizzard|p2a: Beartic|[spread] p2a,p2b\n|-resisted|p2a: Beartic\n|-resisted|p2b: Ninetales\n|-damage|p2a: Beartic|24\/100\n|-damage|p2b: Ninetales|86\/100\n|-damage|p1a: Articuno|91\/100|[from] item: Life Orb\n|move|p2a: Beartic|Play Rough|p1b: Glastrier|[miss]\n|-miss|p2a: Beartic|p1b: Glastrier\n|move|p1b: Glastrier|Body Press|p2a: Beartic\n|-supereffective|p2a: Beartic\n|-damage|p2a: Beartic|0 fnt\n|faint|p2a: Beartic\n|-ability|p1b: Glastrier|Chilling Neigh|boost\n|-boost|p1b: Glastrier|atk|1\n|\n|-weather|Snow|[upkeep]\n|upkeep\n|inactive|shinbilover has 120 seconds left.\n|\n|t:|1700537055\n|switch|p2a: Blissey|Blissey, F|100\/100\n|turn|3\n|\n|t:|1700537078\n|move|p2b: Ninetales|Icy Wind|p1b: Glastrier|[spread] p1a,p1b\n|-damage|p1a: Articuno|81\/100\n|-damage|p1b: Glastrier|93\/100\n|-unboost|p1a: Articuno|spe|1\n|-unboost|p1b: Glastrier|spe|1\n|move|p1a: Articuno|Blizzard|p2a: Blissey|[spread] p2a,p2b\n|-resisted|p2b: Ninetales\n|-damage|p2a: Blissey|88\/100\n|-damage|p2b: Ninetales|71\/100\n|-damage|p1a: Articuno|72\/100|[from] item: Life Orb\n|move|p2a: Blissey|Light Screen|p2a: Blissey\n|-sidestart|p2: shinbilover|move: Light Screen\n|move|p1b: Glastrier|Body Press|p2a: Blissey\n|-supereffective|p2a: Blissey\n|-damage|p2a: Blissey|38\/100\n|\n|-weather|Snow|[upkeep]\n|upkeep\n|turn|4\n|\n|t:|1700537103\n|move|p2b: Ninetales|Icy Wind|p1a: Articuno|[spread] p1a,p1b\n|-damage|p1a: Articuno|64\/100\n|-damage|p1b: Glastrier|86\/100\n|-unboost|p1a: Articuno|spe|1\n|-unboost|p1b: Glastrier|spe|1\n|move|p1a: Articuno|Hurricane|p2b: Ninetales\n|-damage|p2b: Ninetales|32\/100\n|-damage|p1a: Articuno|54\/100|[from] item: Life Orb\n|move|p2a: Blissey|Life Dew|p2a: Blissey|[spread] p2a,p2b\n|-heal|p2a: Blissey|63\/100\n|-heal|p2b: Ninetales|57\/100\n|move|p1b: Glastrier|Body Press|p2a: Blissey\n|-supereffective|p2a: Blissey\n|-damage|p2a: Blissey|13\/100\n|\n|-weather|Snow|[upkeep]\n|upkeep\n|turn|5\n|\n|t:|1700537125\n|move|p2b: Ninetales|Icy Wind|p1b: Glastrier|[spread] p1a,p1b\n|-damage|p1a: Articuno|45\/100\n|-damage|p1b: Glastrier|79\/100\n|-unboost|p1a: Articuno|spe|1\n|-unboost|p1b: Glastrier|spe|1\n|move|p2a: Blissey|Dazzling Gleam|p1b: Glastrier|[spread] p1a,p1b\n|-supereffective|p1b: Glastrier\n|-damage|p1a: Articuno|39\/100\n|-damage|p1b: Glastrier|68\/100\n|move|p1a: Articuno|Blizzard|p2b: Ninetales|[spread] p2a,p2b\n|-resisted|p2b: Ninetales\n|-damage|p2a: Blissey|2\/100\n|-damage|p2b: Ninetales|44\/100\n|-damage|p1a: Articuno|29\/100|[from] item: Life Orb\n|move|p1b: Glastrier|Avalanche|p2a: Blissey\n|-damage|p2a: Blissey|0 fnt\n|faint|p2a: Blissey\n|-ability|p1b: Glastrier|Chilling Neigh|boost\n|-boost|p1b: Glastrier|atk|1\n|\n|-weather|none\n|-sideend|p1: hysali30|move: Light Screen\n|-sideend|p2: shinbilover|move: Aurora Veil\n|upkeep\n|inactive|shinbilover has 120 seconds left.\n|\n|t:|1700537148\n|switch|p2a: Pawmot|Pawmot, M|100\/100\n|turn|6\n|\n|t:|1700537163\n|switch|p1a: Abomasnow|Abomasnow, M|100\/100\n|-weather|Snow|[from] ability: Snow Warning|[of] p1a: Abomasnow\n|-terastallize|p2a: Pawmot|Electric\n|move|p2b: Ninetales|Icy Wind|p1b: Glastrier|[spread] p1a,p1b\n|-damage|p1a: Abomasnow|91\/100\n|-damage|p1b: Glastrier|57\/100\n|-unboost|p1a: Abomasnow|spe|1\n|-unboost|p1b: Glastrier|spe|1\n|move|p2a: Pawmot|Thunder Punch|p1b: Glastrier\n|-damage|p1b: Glastrier|17\/100\n|move|p1b: Glastrier|High Horsepower|p2a: Pawmot\n|-supereffective|p2a: Pawmot\n|-damage|p2a: Pawmot|0 fnt\n|faint|p2a: Pawmot\n|-ability|p1b: Glastrier|Chilling Neigh|boost\n|-boost|p1b: Glastrier|atk|1\n|\n|-weather|Snow|[upkeep]\n|upkeep\n|inactive|shinbilover has 120 seconds left.\n|\n|t:|1700537185\n|switch|p2a: Amoonguss|Amoonguss, M|100\/100\n|turn|7\n|\n|t:|1700537198\n|move|p2b: Ninetales|Aurora Veil|p2b: Ninetales\n|-sidestart|p2: shinbilover|move: Aurora Veil\n|move|p1a: Abomasnow|Brick Break|p2b: Ninetales\n|-sideend|p2: shinbilover|move: Light Screen\n|-sideend|p2: shinbilover|move: Aurora Veil\n|-damage|p2b: Ninetales|24\/100\n|move|p2a: Amoonguss|Spore|p1b: Glastrier\n|-status|p1b: Glastrier|slp|[from] move: Spore\n|cant|p1b: Glastrier|slp\n|\n|-weather|Snow|[upkeep]\n|upkeep\n|turn|8\n|\n|t:|1700537217\n|move|p2b: Ninetales|Aurora Veil|p2b: Ninetales\n|-sidestart|p2: shinbilover|move: Aurora Veil\n|move|p2a: Amoonguss|Pollen Puff|p1a: Abomasnow\n|-supereffective|p1a: Abomasnow\n|-damage|p1a: Abomasnow|55\/100\n|cant|p1b: Glastrier|slp\n|move|p1a: Abomasnow|Avalanche|p2a: Amoonguss\n|-supereffective|p2a: Amoonguss\n|-damage|p2a: Amoonguss|30\/100\n|\n|-weather|Snow|[upkeep]\n|-heal|p2a: Amoonguss|36\/100|[from] item: Black Sludge\n|upkeep\n|turn|9\n|\n|t:|1700537238\n|switch|p2a: Lilligant|Lilligant-Hisui, F|100\/100\n|move|p2b: Ninetales|Icy Wind|p1b: Glastrier|[spread] p1a,p1b\n|-damage|p1a: Abomasnow|45\/100\n|-damage|p1b: Glastrier|6\/100 slp\n|-unboost|p1a: Abomasnow|spe|1\n|-unboost|p1b: Glastrier|spe|1\n|cant|p1b: Glastrier|slp\n|move|p1a: Abomasnow|Avalanche|p2a: Lilligant\n|-supereffective|p2a: Lilligant\n|-damage|p2a: Lilligant|48\/100\n|\n|-weather|Snow|[upkeep]\n|upkeep\n|turn|10\n|\n|t:|1700537257\n|move|p2b: Ninetales|Icy Wind|p1a: Abomasnow|[spread] p1a,p1b\n|-damage|p1a: Abomasnow|35\/100\n|-damage|p1b: Glastrier|0 fnt\n|-unboost|p1a: Abomasnow|spe|1\n|faint|p1b: Glastrier\n|move|p2a: Lilligant|Acrobatics|p1a: Abomasnow\n|-supereffective|p1a: Abomasnow\n|-damage|p1a: Abomasnow|0 fnt\n|faint|p1a: Abomasnow\n|\n|-weather|none\n|upkeep\n|\n|t:|1700537271\n|switch|p1a: Avalugg|Avalugg, F|100\/100\n|switch|p1b: Froslass|Froslass, F|100\/100\n|turn|11\n|\n|t:|1700537283\n|switch|p2b: Amoonguss|Amoonguss, M|69\/100\n|move|p1b: Froslass|Psychic|p2a: Lilligant\n|-supereffective|p2a: Lilligant\n|-damage|p2a: Lilligant|0 fnt\n|faint|p2a: Lilligant\n|-damage|p1b: Froslass|91\/100|[from] item: Life Orb\n|move|p1a: Avalugg|Snowscape|p1a: Avalugg\n|-weather|Snow\n|\n|-weather|Snow|[upkeep]\n|-heal|p2b: Amoonguss|76\/100|[from] item: Black Sludge\n|upkeep\n|-message|shinbilover forfeited.\n|\n|win|hysali30\n|raw|hysali30's rating: 1016 &rarr; <strong>1067<\/strong><br \/>(+51 for winning)\n|raw|shinbilover's rating: 1148 &rarr; <strong>1114<\/strong><br \/>(-34 for losing)\n|l|\u2606shinbilover\n","uploadtime":1700537296,"views":15,"p1id":"hysali30","p2id":"shinbilover","formatid":"gen9doublesou","rating":1067,"private":0,"password":""}