{"id":"gen9doublesou-1993685015","p1":"schoolplays","p2":"SweetNSourSpinda","format":"[Gen 9] Doubles OU","log":"|j|\u2606schoolplays\n|j|\u2606SweetNSourSpinda\n|inactive|Battle timer is ON: inactive players will automatically lose when time's up.\n|t:|1700345356\n|gametype|doubles\n|player|p1|schoolplays|flannery|\n|player|p2|SweetNSourSpinda|schoolkidf|\n|teamsize|p1|6\n|teamsize|p2|6\n|gen|9\n|tier|[Gen 9] Doubles OU\n|rated|Tournament battle\n|rule|Species Clause: Limit one of each Pok\u00e9mon\n|rule|OHKO Clause: OHKO moves are banned\n|rule|Evasion Moves Clause: Evasion moves are banned\n|rule|Gravity Sleep Clause: The combination of sleep-inducing moves with imperfect accuracy and Gravity or Gigantamax Orbeetle are banned\n|rule|Endless Battle Clause: Forcing endless battles is banned\n|rule|HP Percentage Mod: HP is shown in percentages\n|clearpoke\n|poke|p1|Ambipom, M|\n|poke|p1|Farigiraf, M|\n|poke|p1|Raichu, F|\n|poke|p1|Lokix, M|\n|poke|p1|Skeledirge, M|\n|poke|p1|Cetitan, F|\n|poke|p2|Inteleon, F|\n|poke|p2|Breloom, F|\n|poke|p2|Gliscor, F|\n|poke|p2|Baxcalibur, F|\n|poke|p2|Jigglypuff, F|\n|poke|p2|Dusknoir, F|\n|teampreview\n|j|*Lady Monita \u2746\n|j| TheUnrealHall\n|j| DabBuster184\n|\n|t:|1700345376\n|start\n|switch|p1a: Cetitan|Cetitan, F|100\/100\n|switch|p1b: Ambipom|Ambipom, M|100\/100\n|switch|p2a: Grampa|Baxcalibur, F, shiny|100\/100\n|switch|p2b: Flashbacks|Dusknoir, F, shiny|100\/100\n|-ability|p2b: Flashbacks|Pressure\n|turn|1\n|j| IcyJulien\n|\n|t:|1700345397\n|move|p1b: Ambipom|Fake Out|p2a: Grampa\n|-damage|p2a: Grampa|65\/100\n|cant|p2a: Grampa|flinch\n|move|p1a: Cetitan|Knock Off|p2b: Flashbacks\n|-supereffective|p2b: Flashbacks\n|-damage|p2b: Flashbacks|33\/100\n|-enditem|p2b: Flashbacks|Leftovers|[from] move: Knock Off|[of] p1a: Cetitan\n|move|p2b: Flashbacks|Will-O-Wisp|p1b: Ambipom\n|-status|p1b: Ambipom|brn\n|\n|-damage|p1b: Ambipom|94\/100 brn|[from] brn\n|upkeep\n|turn|2\n|\n|t:|1700345425\n|move|p2b: Flashbacks|Helping Hand|p2a: Grampa\n|-singleturn|p2a: Grampa|Helping Hand|[of] p2b: Flashbacks\n|move|p2a: Grampa|Iron Head|p1a: Cetitan\n|-supereffective|p1a: Cetitan\n|-damage|p1a: Cetitan|19\/100\n|move|p1b: Ambipom|Knock Off|p2b: Flashbacks\n|-supereffective|p2b: Flashbacks\n|-damage|p2b: Flashbacks|13\/100\n|move|p1a: Cetitan|Icicle Crash|p2a: Grampa\n|-damage|p2a: Grampa|23\/100\n|\n|-damage|p1b: Ambipom|88\/100 brn|[from] brn\n|upkeep\n|turn|3\n|\n|t:|1700345445\n|move|p1a: Cetitan|Ice Shard|p2a: Grampa\n|-damage|p2a: Grampa|1\/100\n|move|p2a: Grampa|Iron Head|p1a: Cetitan\n|-supereffective|p1a: Cetitan\n|-damage|p1a: Cetitan|0 fnt\n|faint|p1a: Cetitan\n|move|p1b: Ambipom|Knock Off|p2a: Grampa\n|-damage|p2a: Grampa|0 fnt\n|-enditem|p2a: Grampa|Choice Scarf|[from] move: Knock Off|[of] p1b: Ambipom\n|faint|p2a: Grampa\n|move|p2b: Flashbacks|Pain Split|p1b: Ambipom\n|-sethp|p1b: Ambipom|49\/100 brn|[from] move: Pain Split|[silent]\n|-sethp|p2b: Flashbacks|62\/100|[from] move: Pain Split\n|\n|-damage|p1b: Ambipom|43\/100 brn|[from] brn\n|upkeep\n|j| HunterBear4\n|\n|t:|1700345472\n|switch|p2a: Acid|Gliscor, F, shiny|100\/100\n|switch|p1a: Farigiraf|Farigiraf, M|100\/100\n|turn|4\n|\n|t:|1700345483\n|move|p1b: Ambipom|Knock Off|p2a: Acid\n|-damage|p2a: Acid|87\/100\n|-enditem|p2a: Acid|Toxic Orb|[from] move: Knock Off|[of] p1b: Ambipom\n|move|p2a: Acid|Substitute|p2a: Acid\n|-start|p2a: Acid|Substitute\n|-damage|p2a: Acid|62\/100\n|move|p1a: Farigiraf|Hyper Voice|p2a: Acid|[spread] p2a\n|-immune|p2b: Flashbacks\n|-damage|p2a: Acid|9\/100\n|move|p2b: Flashbacks|Will-O-Wisp|p1a: Farigiraf\n|-status|p1a: Farigiraf|brn\n|\n|-damage|p1b: Ambipom|37\/100 brn|[from] brn\n|-damage|p1a: Farigiraf|94\/100 brn|[from] brn\n|upkeep\n|turn|5\n|\n|t:|1700345503\n|move|p2b: Flashbacks|Helping Hand|p2a: Acid\n|-singleturn|p2a: Acid|Helping Hand|[of] p2b: Flashbacks\n|move|p1b: Ambipom|Taunt|p2b: Flashbacks\n|-start|p2b: Flashbacks|move: Taunt\n|move|p2a: Acid|Lunge|p1a: Farigiraf\n|-supereffective|p1a: Farigiraf\n|-damage|p1a: Farigiraf|24\/100 brn\n|-unboost|p1a: Farigiraf|atk|1\n|move|p1a: Farigiraf|Hyper Voice|p2a: Acid|[spread] p2a\n|-immune|p2b: Flashbacks\n|-damage|p2a: Acid|0 fnt\n|faint|p2a: Acid\n|\n|-heal|p1a: Farigiraf|30\/100 brn|[from] item: Leftovers\n|-damage|p1b: Ambipom|31\/100 brn|[from] brn\n|-damage|p1a: Farigiraf|24\/100 brn|[from] brn\n|upkeep\n|inactive|SweetNSourSpinda has 120 seconds left.\n|\n|t:|1700345528\n|switch|p2a: James Pond|Inteleon, F, shiny|100\/100\n|turn|6\n|\n|t:|1700345549\n|move|p2a: James Pond|Snipe Shot|p1a: Farigiraf\n|-damage|p1a: Farigiraf|0 fnt\n|faint|p1a: Farigiraf\n|move|p1b: Ambipom|Knock Off|p2a: James Pond\n|-damage|p2a: James Pond|76\/100\n|-enditem|p2a: James Pond|Scope Lens|[from] move: Knock Off|[of] p1b: Ambipom\n|-activate|p2b: Flashbacks|move: Struggle\n|move|p2b: Flashbacks|Struggle|p1b: Ambipom\n|-damage|p1b: Ambipom|17\/100 brn\n|-damage|p2b: Flashbacks|37\/100|[from] recoil\n|\n|-damage|p1b: Ambipom|11\/100 brn|[from] brn\n|upkeep\n|\n|t:|1700345558\n|switch|p1a: Lokix|Lokix, M|100\/100\n|turn|7\n|\n|t:|1700345566\n|move|p1a: Lokix|First Impression|p2a: James Pond\n|-damage|p2a: James Pond|3\/100\n|move|p2a: James Pond|Air Slash|p1a: Lokix\n|-supereffective|p1a: Lokix\n|-damage|p1a: Lokix|24\/100\n|move|p1b: Ambipom|Double Hit|p2a: James Pond\n|-damage|p2a: James Pond|0 fnt\n|faint|p2a: James Pond\n|-hitcount|p2: James Pond|1\n|-activate|p2b: Flashbacks|move: Struggle\n|move|p2b: Flashbacks|Struggle|p1a: Lokix\n|-damage|p1a: Lokix|14\/100\n|-damage|p2b: Flashbacks|12\/100|[from] recoil\n|\n|-damage|p1b: Ambipom|5\/100 brn|[from] brn\n|upkeep\n|\n|t:|1700345583\n|switch|p2a: Don't Do Shrooms|Breloom, F, shiny|100\/100\n|turn|8\n|\n|t:|1700345603\n|move|p1b: Ambipom|Knock Off|p2a: Don't Do Shrooms\n|-resisted|p2a: Don't Do Shrooms\n|-damage|p2a: Don't Do Shrooms|87\/100\n|-enditem|p2a: Don't Do Shrooms|Miracle Seed|[from] move: Knock Off|[of] p1b: Ambipom\n|move|p2a: Don't Do Shrooms|Bullet Seed|p1b: Ambipom\n|-damage|p1b: Ambipom|0 fnt\n|faint|p1b: Ambipom\n|-hitcount|p1: Ambipom|1\n|move|p1a: Lokix|Knock Off|p2a: Don't Do Shrooms\n|-resisted|p2a: Don't Do Shrooms\n|-damage|p2a: Don't Do Shrooms|39\/100\n|-activate|p2b: Flashbacks|move: Struggle\n|move|p2b: Flashbacks|Struggle|p1a: Lokix\n|-damage|p1a: Lokix|3\/100\n|-damage|p2b: Flashbacks|0 fnt|[from] recoil\n|faint|p2b: Flashbacks\n|\n|upkeep\n|\n|t:|1700345623\n|switch|p1b: Raichu|Raichu, F|100\/100\n|switch|p2b: Fren :)|Jigglypuff, F, shiny|100\/100\n|turn|9\n|\n|t:|1700345635\n|-terastallize|p2a: Don't Do Shrooms|Grass\n|move|p1b: Raichu|Fake Out|p2a: Don't Do Shrooms\n|-damage|p2a: Don't Do Shrooms|30\/100\n|cant|p2a: Don't Do Shrooms|flinch\n|move|p1a: Lokix|Knock Off|p2b: Fren :)\n|-resisted|p2b: Fren :)\n|-damage|p2b: Fren :)|30\/100\n|-enditem|p2b: Fren :)|Eviolite|[from] move: Knock Off|[of] p1a: Lokix\n|move|p2b: Fren :)|Dazzling Gleam|p1a: Lokix|[spread] p1a,p1b\n|-supereffective|p1a: Lokix\n|-damage|p1a: Lokix|0 fnt\n|-damage|p1b: Raichu|84\/100\n|faint|p1a: Lokix\n|\n|upkeep\n|\n|t:|1700345648\n|switch|p1a: Skeledirge|Skeledirge, M|100\/100\n|turn|10\n|\n|t:|1700345656\n|-terastallize|p1b: Raichu|Electric\n|move|p1b: Raichu|Thunderbolt|p2a: Don't Do Shrooms\n|-resisted|p2a: Don't Do Shrooms\n|-damage|p2a: Don't Do Shrooms|0 fnt\n|faint|p2a: Don't Do Shrooms\n|move|p1a: Skeledirge|Torch Song|p2b: Fren :)\n|-damage|p2b: Fren :)|0 fnt\n|-boost|p1a: Skeledirge|spa|1\n|faint|p2b: Fren :)\n|\n|win|schoolplays\n|n|\u2606schoolplays|schoolplays\n|n|\u2606SweetNSourSpinda|sweetnsourspinda\n|n|*Lady Monita \u2746|ladymonita\n|n| TheUnrealHall|theunrealhall\n|n| DabBuster184|dabbuster184\n|n| IcyJulien|icyjulien\n|n| HunterBear4|hunterbear4\n","uploadtime":1700345657,"views":9,"p1id":"schoolplays","p2id":"sweetnsourspinda","formatid":"gen9doublesou","rating":0,"private":0,"password":""}