{"id":"gen9doublesou-1970989972","p1":"Sorrowful_Death","p2":"Not Sorja","format":"[Gen 9] Doubles OU","log":"|j|\u2606Sorrowful_Death\n|j|\u2606Not Sorja\n|t:|1697689146\n|gametype|doubles\n|player|p1|Sorrowful_Death|2|\n|player|p2|Not Sorja|170|\n|teamsize|p1|6\n|teamsize|p2|6\n|gen|9\n|tier|[Gen 9] Doubles OU\n|rule|Species Clause: Limit one of each Pok\u00e9mon\n|rule|OHKO Clause: OHKO moves are banned\n|rule|Evasion Moves Clause: Evasion moves are banned\n|rule|Gravity Sleep Clause: The combination of sleep-inducing moves with imperfect accuracy and Gravity or Gigantamax Orbeetle are banned\n|rule|Endless Battle Clause: Forcing endless battles is banned\n|rule|HP Percentage Mod: HP is shown in percentages\n|clearpoke\n|poke|p1|Chi-Yu|\n|poke|p1|Ninetales, F|\n|poke|p1|Gliscor, M|\n|poke|p1|Ogerpon-Cornerstone, F|\n|poke|p1|Arcanine-Hisui, M|\n|poke|p1|Landorus-Therian, M|\n|poke|p2|Walking Wake|\n|poke|p2|Tyranitar, F|\n|poke|p2|Medicham, F|\n|poke|p2|Indeedee-F, F|\n|poke|p2|Armarouge, F|\n|poke|p2|Roaring Moon|\n|teampreview\n|j| GoldWolf246\n|\n|t:|1697689157\n|start\n|switch|p1a: Ogerpon|Ogerpon-Cornerstone, F|100\/100\n|switch|p1b: Landorus|Landorus-Therian, M|100\/100\n|switch|p2a: Medicham|Medicham, F|100\/100\n|switch|p2b: Tyranitar|Tyranitar, F|100\/100\n|-ability|p1b: Landorus|Intimidate|boost\n|-unboost|p2a: Medicham|atk|1\n|-unboost|p2b: Tyranitar|atk|1\n|-weather|Sandstorm|[from] ability: Sand Stream|[of] p2b: Tyranitar\n|-item|p2a: Medicham|Air Balloon\n|turn|1\n|\n|t:|1697689182\n|-terastallize|p1a: Ogerpon|Rock\n|detailschange|p1a: Ogerpon|Ogerpon-Cornerstone-Tera, F, tera:Rock\n|-ability|p1a: Ogerpon|Embody Aspect (Cornerstone)|boost\n|-boost|p1a: Ogerpon|def|1\n|-terastallize|p2b: Tyranitar|Rock\n|move|p1a: Ogerpon|Spiky Shield|p1a: Ogerpon\n|-singleturn|p1a: Ogerpon|move: Protect\n|move|p1b: Landorus|Taunt|p2a: Medicham\n|-start|p2a: Medicham|move: Taunt\n|move|p2b: Tyranitar|Rock Slide|p1b: Landorus|[spread] p1b\n|-activate|p1a: Ogerpon|move: Protect\n|-damage|p1b: Landorus|56\/100\n|-damage|p2b: Tyranitar|91\/100|[from] item: Life Orb\n|cant|p2a: Medicham|move: Taunt|Skill Swap\n|\n|-weather|Sandstorm|[upkeep]\n|-damage|p2a: Medicham|94\/100|[from] Sandstorm\n|-heal|p1b: Landorus|62\/100|[from] item: Leftovers\n|upkeep\n|turn|2\n|\n|t:|1697689219\n|switch|p2b: Walking Wake|Walking Wake|100\/100\n|-enditem|p2b: Walking Wake|Booster Energy\n|-activate|p2b: Walking Wake|ability: Protosynthesis|[fromitem]\n|-start|p2b: Walking Wake|protosynthesisspa\n|switch|p2a: Indeedee|Indeedee-F, F|100\/100\n|-fieldstart|move: Psychic Terrain|[from] ability: Psychic Surge|[of] p2a: Indeedee\n|-enditem|p2a: Indeedee|Psychic Seed\n|-boost|p2a: Indeedee|spd|1|[from] item: Psychic Seed\n|move|p1a: Ogerpon|Leech Seed|p2a: Indeedee\n|-start|p2a: Indeedee|move: Leech Seed\n|move|p1b: Landorus|Rock Slide|p2b: Walking Wake|[spread] p2a,p2b\n|-damage|p2a: Indeedee|78\/100\n|-damage|p2b: Walking Wake|76\/100\n|\n|-weather|Sandstorm|[upkeep]\n|-damage|p2b: Walking Wake|70\/100|[from] Sandstorm\n|-damage|p2a: Indeedee|72\/100|[from] Sandstorm\n|-heal|p1b: Landorus|68\/100|[from] item: Leftovers\n|-damage|p2a: Indeedee|59\/100|[from] Leech Seed|[of] p1a: Ogerpon\n|upkeep\n|turn|3\n|\n|t:|1697689261\n|move|p1a: Ogerpon|Leech Seed|p2b: Walking Wake\n|-start|p2b: Walking Wake|move: Leech Seed\n|move|p2b: Walking Wake|Scald|p1a: Ogerpon\n|-supereffective|p1a: Ogerpon\n|-damage|p1a: Ogerpon|22\/100\n|-status|p1a: Ogerpon|brn\n|move|p1b: Landorus|Swords Dance|p1b: Landorus\n|-boost|p1b: Landorus|atk|2\n|move|p2a: Indeedee|Trick Room|p2a: Indeedee\n|-fieldstart|move: Trick Room|[of] p2a: Indeedee\n|\n|-weather|Sandstorm|[upkeep]\n|-damage|p2a: Indeedee|53\/100|[from] Sandstorm\n|-damage|p2b: Walking Wake|64\/100|[from] Sandstorm\n|-heal|p1b: Landorus|74\/100|[from] item: Leftovers\n|-damage|p2a: Indeedee|41\/100|[from] Leech Seed|[of] p1a: Ogerpon\n|-heal|p1a: Ogerpon|34\/100 brn|[silent]\n|-damage|p2b: Walking Wake|51\/100|[from] Leech Seed|[of] p1a: Ogerpon\n|-heal|p1a: Ogerpon|46\/100 brn|[silent]\n|-damage|p1a: Ogerpon|40\/100 brn|[from] brn\n|upkeep\n|turn|4\n|\n|t:|1697689286\n|move|p2a: Indeedee|Helping Hand|p2b: Walking Wake\n|-singleturn|p2b: Walking Wake|Helping Hand|[of] p2a: Indeedee\n|move|p1a: Ogerpon|Spiky Shield|p1a: Ogerpon\n|-singleturn|p1a: Ogerpon|move: Protect\n|move|p1b: Landorus|Earthquake|p2a: Indeedee|[spread] p2a,p2b\n|-activate|p1a: Ogerpon|move: Protect\n|-damage|p2a: Indeedee|0 fnt\n|-damage|p2b: Walking Wake|0 fnt\n|faint|p2a: Indeedee\n|faint|p2b: Walking Wake\n|-end|p2b: Walking Wake|Protosynthesis|[silent]\n|\n|-weather|Sandstorm|[upkeep]\n|-heal|p1b: Landorus|79\/100|[from] item: Leftovers\n|-damage|p1a: Ogerpon|34\/100 brn|[from] brn\n|upkeep\n|\n|t:|1697689300\n|switch|p2a: Medicham|Medicham, F|94\/100\n|switch|p2b: Tyranitar|Tyranitar, F, tera:Rock|91\/100\n|-item|p2a: Medicham|Air Balloon\n|turn|5\n|\n|t:|1697689321\n|switch|p1b: Arcanine|Arcanine-Hisui, M|100\/100\n|switch|p1a: Ninetales|Ninetales, F, shiny|100\/100\n|-weather|SunnyDay|[from] ability: Drought|[of] p1a: Ninetales\n|move|p2a: Medicham|Skill Swap|p2b: Tyranitar\n|-activate|p2a: Medicham|move: Skill Swap|||[of] p2b: Tyranitar\n|-weather|Sandstorm|[from] ability: Sand Stream|[of] p2a: Medicham\n|move|p2b: Tyranitar|Rock Slide|p1a: Ninetales|[spread] p1a\n|-miss|p2b: Tyranitar|p1b: Arcanine\n|-supereffective|p1a: Ninetales\n|-damage|p1a: Ninetales|0 fnt\n|faint|p1a: Ninetales\n|-damage|p2b: Tyranitar|81\/100|[from] item: Life Orb\n|\n|-weather|Sandstorm|[upkeep]\n|-damage|p2a: Medicham|88\/100|[from] Sandstorm\n|upkeep\n|\n|t:|1697689341\n|switch|p1a: Landorus|Landorus-Therian, M|79\/100\n|-ability|p1a: Landorus|Intimidate|boost\n|-unboost|p2a: Medicham|atk|1\n|-unboost|p2b: Tyranitar|atk|1\n|turn|6\n|\n|t:|1697689364\n|switch|p1a: Chi-Yu|Chi-Yu|100\/100\n|-ability|p1a: Chi-Yu|Beads of Ruin\n|move|p2a: Medicham|High Jump Kick|p1b: Arcanine|[miss]\n|-miss|p2a: Medicham|p1b: Arcanine\n|-damage|p2a: Medicham|38\/100|[from] highjumpkick\n|move|p2b: Tyranitar|Rock Slide|p1b: Arcanine|[spread] p1a\n|-miss|p2b: Tyranitar|p1b: Arcanine\n|-supereffective|p1a: Chi-Yu\n|-damage|p1a: Chi-Yu|0 fnt\n|faint|p1a: Chi-Yu\n|-damage|p2b: Tyranitar|71\/100|[from] item: Life Orb\n|move|p1b: Arcanine|Head Smash|p2a: Medicham\n|-resisted|p2a: Medicham\n|-damage|p2a: Medicham|0 fnt\n|-enditem|p2a: Medicham|Air Balloon\n|faint|p2a: Medicham\n|\n|-weather|Sandstorm|[upkeep]\n|-fieldend|move: Psychic Terrain\n|upkeep\n|\n|t:|1697689388\n|switch|p2a: Armarouge|Armarouge, F|100\/100\n|switch|p1a: Landorus|Landorus-Therian, M|79\/100\n|-ability|p1a: Landorus|Intimidate|boost\n|-unboost|p2a: Armarouge|atk|1\n|-unboost|p2b: Tyranitar|atk|1\n|turn|7\n|\n|t:|1697689406\n|switch|p1a: Gliscor|Gliscor, M|100\/100\n|move|p2b: Tyranitar|Rock Slide|p1b: Arcanine|[spread] p1a\n|-miss|p2b: Tyranitar|p1b: Arcanine\n|-damage|p1a: Gliscor|63\/100\n|-damage|p2b: Tyranitar|61\/100|[from] item: Life Orb\n|move|p2a: Armarouge|Will-O-Wisp|p1a: Gliscor\n|-status|p1a: Gliscor|brn\n|move|p1b: Arcanine|Head Smash|p2a: Armarouge\n|-supereffective|p2a: Armarouge\n|-damage|p2a: Armarouge|0 fnt\n|faint|p2a: Armarouge\n|\n|-weather|Sandstorm|[upkeep]\n|-damage|p1a: Gliscor|57\/100 brn|[from] brn\n|-fieldend|move: Trick Room\n|upkeep\n|-message|Not Sorja forfeited.\n|\n|win|Sorrowful_Death\n|l|\u2606Not Sorja\n","uploadtime":1697689436,"views":16,"p1id":"sorrowfuldeath","p2id":"notsorja","formatid":"gen9doublesou","rating":0,"private":0,"password":""}