{"id":"gen9doublesou-1985040845","p1":"King of Congo","p2":"Skeliton Lord","format":"[Gen 9] Doubles OU","log":"|j|\u2606King of Congo\n|j|\u2606Skeliton Lord\n|t:|1699323708\n|gametype|doubles\n|player|p1|King of Congo|rood|1248\n|player|p2|Skeliton Lord|102|1316\n|teamsize|p1|6\n|teamsize|p2|6\n|gen|9\n|tier|[Gen 9] Doubles OU\n|rated|\n|rule|Species Clause: Limit one of each Pok\u00e9mon\n|rule|OHKO Clause: OHKO moves are banned\n|rule|Evasion Moves Clause: Evasion moves are banned\n|rule|Gravity Sleep Clause: The combination of sleep-inducing moves with imperfect accuracy and Gravity or Gigantamax Orbeetle are banned\n|rule|Endless Battle Clause: Forcing endless battles is banned\n|rule|HP Percentage Mod: HP is shown in percentages\n|clearpoke\n|poke|p1|Noivern, F|\n|poke|p1|Electrode-Hisui|\n|poke|p1|Alomomola, F|\n|poke|p1|Walking Wake|\n|poke|p1|Blissey, F|\n|poke|p1|Hatterene, F|\n|poke|p2|Flutter Mane|\n|poke|p2|Tornadus, M|\n|poke|p2|Great Tusk|\n|poke|p2|Glimmora, F|\n|poke|p2|Gholdengo|\n|poke|p2|Sinistcha-Masterpiece|\n|teampreview\n|inactive|Battle timer is ON: inactive players will automatically lose when time's up. (requested by Skeliton Lord)\n|\n|t:|1699323738\n|start\n|switch|p1a: Electrode|Electrode-Hisui|100\/100\n|switch|p1b: Noivern|Noivern, F, shiny|100\/100\n|switch|p2a: Tornadus|Tornadus, M|100\/100\n|switch|p2b: Sinistcha|Sinistcha-Masterpiece|100\/100\n|turn|1\n|\n|t:|1699323754\n|-terastallize|p2b: Sinistcha|Fairy\n|move|p2a: Tornadus|Tailwind|p2a: Tornadus\n|-sidestart|p2: Skeliton Lord|move: Tailwind\n|move|p1a: Electrode|Thunder Wave|p2b: Sinistcha|[miss]\n|-miss|p1a: Electrode|p2b: Sinistcha\n|move|p1b: Noivern|Hurricane|p2b: Sinistcha\n|-damage|p2b: Sinistcha|50\/100\n|move|p2b: Sinistcha|Calm Mind|p2b: Sinistcha\n|-boost|p2b: Sinistcha|spa|1\n|-boost|p2b: Sinistcha|spd|1\n|\n|-heal|p2b: Sinistcha|56\/100|[from] item: Leftovers\n|upkeep\n|turn|2\n|\n|t:|1699323772\n|-terastallize|p1b: Noivern|Normal\n|move|p2a: Tornadus|Fly||[still]\n|-prepare|p2a: Tornadus|Fly\n|-enditem|p2a: Tornadus|Power Herb\n|-anim|p2a: Tornadus|Fly|p1a: Electrode\n|-damage|p1a: Electrode|20\/100\n|-enditem|p1a: Electrode|Sitrus Berry|[eat]\n|-heal|p1a: Electrode|45\/100|[from] item: Sitrus Berry\n|move|p1a: Electrode|Thunder Wave|p2b: Sinistcha|[miss]\n|-miss|p1a: Electrode|p2b: Sinistcha\n|move|p1b: Noivern|Boomburst|p2b: Sinistcha|[spread] p2a,p2b\n|-immune|p1a: Electrode|[from] ability: Soundproof\n|-enditem|p1b: Noivern|Normal Gem|[from] gem\n|-damage|p2a: Tornadus|25\/100\n|-damage|p2b: Sinistcha|17\/100\n|move|p2b: Sinistcha|Matcha Gotcha|p1b: Noivern|[spread] p1a,p1b\n|-resisted|p1a: Electrode\n|-damage|p1a: Electrode|11\/100\n|-heal|p2b: Sinistcha|29\/100|[from] drain|[of] p1a: Electrode\n|-damage|p1b: Noivern|43\/100\n|-heal|p2b: Sinistcha|56\/100|[from] drain|[of] p1b: Noivern\n|\n|-heal|p2b: Sinistcha|62\/100|[from] item: Leftovers\n|upkeep\n|turn|3\n|inactive|Skeliton Lord has 120 seconds left.\n|\n|t:|1699323808\n|move|p2a: Tornadus|Acrobatics|p1a: Electrode\n|-damage|p1a: Electrode|0 fnt\n|faint|p1a: Electrode\n|move|p1b: Noivern|Boomburst|p2a: Tornadus|[spread] p2a,p2b\n|-damage|p2a: Tornadus|0 fnt\n|-damage|p2b: Sinistcha|32\/100\n|faint|p2a: Tornadus\n|move|p2b: Sinistcha|Matcha Gotcha|p1b: Noivern|[miss]\n|-miss|p2b: Sinistcha|p1b: Noivern\n|\n|-heal|p2b: Sinistcha|38\/100|[from] item: Leftovers\n|upkeep\n|\n|t:|1699323819\n|switch|p1a: Blissey|Blissey, F|100\/100\n|switch|p2a: Flutter Mane|Flutter Mane|100\/100\n|-enditem|p2a: Flutter Mane|Booster Energy\n|-activate|p2a: Flutter Mane|ability: Protosynthesis|[fromitem]\n|-start|p2a: Flutter Mane|protosynthesisspa\n|turn|4\n|\n|t:|1699323830\n|move|p2a: Flutter Mane|Substitute|p2a: Flutter Mane\n|-start|p2a: Flutter Mane|Substitute\n|-damage|p2a: Flutter Mane|76\/100\n|move|p1b: Noivern|Flamethrower|p2b: Sinistcha\n|-damage|p2b: Sinistcha|21\/100\n|move|p2b: Sinistcha|Matcha Gotcha|p1a: Blissey|[spread] \n|-miss|p2b: Sinistcha|p1a: Blissey\n|-miss|p2b: Sinistcha|p1b: Noivern\n|move|p1a: Blissey|Sunny Day|p1a: Blissey\n|-weather|SunnyDay\n|\n|-weather|SunnyDay|[upkeep]\n|-heal|p2b: Sinistcha|27\/100|[from] item: Leftovers\n|-sideend|p2: Skeliton Lord|move: Tailwind\n|upkeep\n|turn|5\n|\n|t:|1699323850\n|move|p1b: Noivern|Hurricane|p2a: Flutter Mane\n|-damage|p2a: Flutter Mane|28\/100\n|move|p2a: Flutter Mane|Calm Mind|p2a: Flutter Mane\n|-boost|p2a: Flutter Mane|spa|1\n|-boost|p2a: Flutter Mane|spd|1\n|move|p2b: Sinistcha|Matcha Gotcha|p1b: Noivern|[spread] p1a,p1b\n|-damage|p1a: Blissey|85\/100\n|-heal|p2b: Sinistcha|43\/100|[from] drain|[of] p1a: Blissey\n|-damage|p1b: Noivern|0 fnt\n|-heal|p2b: Sinistcha|62\/100|[from] drain|[of] p1b: Noivern\n|faint|p1b: Noivern\n|move|p1a: Blissey|Seismic Toss|p2b: Sinistcha\n|-damage|p2b: Sinistcha|33\/100\n|\n|-weather|SunnyDay|[upkeep]\n|-heal|p2b: Sinistcha|39\/100|[from] item: Leftovers\n|-heal|p1a: Blissey|91\/100|[from] item: Leftovers\n|upkeep\n|\n|t:|1699323867\n|switch|p1b: Walking Wake|Walking Wake|100\/100\n|-activate|p1b: Walking Wake|ability: Protosynthesis\n|-start|p1b: Walking Wake|protosynthesisspa\n|turn|6\n|\n|t:|1699323887\n|move|p2a: Flutter Mane|Dazzling Gleam|p1a: Blissey|[spread] p1a,p1b\n|-crit|p1a: Blissey\n|-supereffective|p1b: Walking Wake\n|-damage|p1a: Blissey|55\/100\n|-damage|p1b: Walking Wake|0 fnt\n|faint|p1b: Walking Wake\n|-end|p1b: Walking Wake|Protosynthesis|[silent]\n|move|p2b: Sinistcha|Matcha Gotcha|p1a: Blissey\n|-damage|p1a: Blissey|35\/100\n|-heal|p2b: Sinistcha|60\/100|[from] drain|[of] p1a: Blissey\n|move|p1a: Blissey|Shadow Ball|p2a: Flutter Mane\n|-supereffective|p2a: Flutter Mane\n|-activate|p2a: Flutter Mane|move: Substitute|[damage]\n|\n|-weather|SunnyDay|[upkeep]\n|-heal|p2b: Sinistcha|66\/100|[from] item: Leftovers\n|-heal|p1a: Blissey|41\/100|[from] item: Leftovers\n|upkeep\n|-message|King of Congo forfeited.\n|\n|win|Skeliton Lord\n|raw|King of Congo's rating: 1248 &rarr; <strong>1228<\/strong><br \/>(-20 for losing)\n|raw|Skeliton Lord's rating: 1316 &rarr; <strong>1332<\/strong><br \/>(+16 for winning)\n|l|\u2606King of Congo\n","uploadtime":1699323903,"views":8,"p1id":"kingofcongo","p2id":"skelitonlord","formatid":"gen9doublesou","rating":1228,"private":0,"password":""}