{"id":"gen9doublesou-1981191208","p1":"Redzone92","p2":"riastylis","format":"[Gen 9] Doubles OU","log":"|j|\u2606Redzone92\n|j|\u2606riastylis\n|t:|1698871110\n|gametype|doubles\n|player|p1|Redzone92|alder|\n|player|p2|riastylis|veteran|\n|teamsize|p1|6\n|teamsize|p2|6\n|gen|9\n|tier|[Gen 9] Doubles OU\n|rule|Species Clause: Limit one of each Pok\u00e9mon\n|rule|OHKO Clause: OHKO moves are banned\n|rule|Evasion Moves Clause: Evasion moves are banned\n|rule|Gravity Sleep Clause: The combination of sleep-inducing moves with imperfect accuracy and Gravity or Gigantamax Orbeetle are banned\n|rule|Endless Battle Clause: Forcing endless battles is banned\n|rule|HP Percentage Mod: HP is shown in percentages\n|clearpoke\n|poke|p1|Farigiraf, F|\n|poke|p1|Landorus-Therian, M|\n|poke|p1|Diancie|\n|poke|p1|Iron Moth|\n|poke|p1|Hydreigon, F|\n|poke|p1|Kleavor, M|\n|poke|p2|Iron Leaves|\n|poke|p2|Quaquaval, M|\n|poke|p2|Garchomp, M|\n|poke|p2|Volcarona, F|\n|poke|p2|Gholdengo|\n|poke|p2|Regieleki|\n|teampreview\n|j| Kevin Dickey12\n|\n|t:|1698871133\n|start\n|switch|p1a: Pete|Hydreigon, F|100\/100\n|switch|p1b: Rufus|Landorus-Therian, M|100\/100\n|switch|p2a: Gear4BounceMan|Regieleki, shiny|100\/100\n|switch|p2b: Chopper|Iron Leaves|100\/100\n|-ability|p1b: Rufus|Intimidate|boost\n|-unboost|p2a: Gear4BounceMan|atk|1\n|-unboost|p2b: Chopper|atk|1\n|-enditem|p2b: Chopper|Booster Energy\n|-activate|p2b: Chopper|ability: Quark Drive|[fromitem]\n|-start|p2b: Chopper|quarkdrivespe\n|turn|1\n|\n|t:|1698871152\n|move|p2b: Chopper|Taunt|p1a: Pete\n|-start|p1a: Pete|move: Taunt\n|move|p2a: Gear4BounceMan|Reflect|p2a: Gear4BounceMan\n|-sidestart|p2: riastylis|Reflect\n|cant|p1a: Pete|move: Taunt|Tailwind\n|move|p1b: Rufus|Earthquake|p2b: Chopper|[spread] p2a,p2b\n|-immune|p1a: Pete|[from] ability: Levitate\n|-supereffective|p2a: Gear4BounceMan\n|-resisted|p2b: Chopper\n|-damage|p2a: Gear4BounceMan|5\/100\n|-damage|p2b: Chopper|81\/100\n|\n|upkeep\n|turn|2\n|\n|t:|1698871170\n|-end|p2b: Chopper|Quark Drive|[silent]\n|switch|p2b: Bon Clay|Quaquaval, M|100\/100\n|move|p2a: Gear4BounceMan|Light Screen|p2a: Gear4BounceMan\n|-sidestart|p2: riastylis|move: Light Screen\n|move|p1a: Pete|Heat Wave|p2b: Bon Clay|[spread] p2a,p2b\n|-resisted|p2b: Bon Clay\n|-damage|p2a: Gear4BounceMan|0 fnt\n|-damage|p2b: Bon Clay|89\/100\n|faint|p2a: Gear4BounceMan\n|move|p1b: Rufus|Crunch|p2b: Bon Clay\n|-resisted|p2b: Bon Clay\n|-damage|p2b: Bon Clay|75\/100\n|\n|upkeep\n|\n|t:|1698871183\n|switch|p2a: Cascade|Garchomp, M, shiny|100\/100\n|turn|3\n|\n|t:|1698871196\n|-terastallize|p2a: Cascade|Water\n|move|p1a: Pete|Dragon Pulse|p2a: Cascade\n|-damage|p2a: Cascade|71\/100\n|-enditem|p2a: Cascade|Red Card|[of] p1a: Pete\n|drag|p1a: Edward|Kleavor, M, shiny|100\/100\n|move|p2a: Cascade|Swords Dance|p2a: Cascade\n|-boost|p2a: Cascade|atk|2\n|move|p2b: Bon Clay|Close Combat|p1a: Edward\n|-damage|p1a: Edward|0 fnt\n|-unboost|p2b: Bon Clay|def|1\n|-unboost|p2b: Bon Clay|spd|1\n|faint|p1a: Edward\n|-ability|p2b: Bon Clay|Moxie|boost\n|-boost|p2b: Bon Clay|atk|1\n|move|p1b: Rufus|Brick Break|p2a: Cascade\n|-sideend|p2: riastylis|Reflect\n|-sideend|p2: riastylis|move: Light Screen\n|-damage|p2a: Cascade|43\/100\n|-damage|p1b: Rufus|88\/100|[from] ability: Rough Skin|[of] p2a: Cascade\n|\n|upkeep\n|\n|t:|1698871215\n|switch|p1a: Pete|Hydreigon, F|100\/100\n|turn|4\n|\n|t:|1698871225\n|move|p1a: Pete|Tailwind|p1a: Pete\n|-sidestart|p1: Redzone92|move: Tailwind\n|move|p1b: Rufus|Earthquake|p2b: Bon Clay|[spread] p2a,p2b\n|-immune|p1a: Pete|[from] ability: Levitate\n|-damage|p2a: Cascade|0 fnt\n|-damage|p2b: Bon Clay|0 fnt\n|faint|p2a: Cascade\n|faint|p2b: Bon Clay\n|\n|upkeep\n|\n|t:|1698871244\n|switch|p2a: Chopper|Iron Leaves|81\/100\n|switch|p2b: Gild Tesoro|Gholdengo|100\/100\n|-item|p2b: Gild Tesoro|Air Balloon\n|turn|5\n|\n|t:|1698871263\n|move|p2a: Chopper|Helping Hand|p2b: Gild Tesoro\n|-immune|p2b: Gild Tesoro|[from] ability: Good as Gold\n|move|p1a: Pete|Heat Wave|p2b: Gild Tesoro|[spread] p2a,p2b\n|-supereffective|p2a: Chopper\n|-supereffective|p2b: Gild Tesoro\n|-damage|p2a: Chopper|40\/100\n|-damage|p2b: Gild Tesoro|51\/100\n|-enditem|p2b: Gild Tesoro|Air Balloon\n|move|p1b: Rufus|Crunch|p2b: Gild Tesoro\n|-supereffective|p2b: Gild Tesoro\n|-damage|p2b: Gild Tesoro|0 fnt\n|faint|p2b: Gild Tesoro\n|\n|upkeep\n|\n|t:|1698871276\n|switch|p2b: Mothra|Volcarona, F|100\/100\n|turn|6\n|\n|t:|1698871297\n|move|p1a: Pete|Heat Wave|p2a: Chopper|[spread] p2a,p2b\n|-supereffective|p2a: Chopper\n|-crit|p2a: Chopper\n|-damage|p2a: Chopper|0 fnt\n|-damage|p2b: Mothra|79\/100\n|faint|p2a: Chopper\n|-end|p2a: Chopper|Quark Drive|[silent]\n|move|p1b: Rufus|Rock Slide|p2b: Mothra\n|-supereffective|p2b: Mothra\n|-damage|p2b: Mothra|0 fnt\n|faint|p2b: Mothra\n|\n|win|Redzone92\n","uploadtime":1698871304,"views":41,"p1id":"redzone92","p2id":"riastylis","formatid":"gen9doublesou","rating":0,"private":0,"password":""}