{"id":"gen9doublesou-1975456706","p1":"tanukikuki","p2":"Kelp5854","format":"[Gen 9] Doubles OU","log":"|j|\u2606tanukikuki\n|j|\u2606Kelp5854\n|t:|1698193340\n|gametype|doubles\n|player|p1|tanukikuki|pokemonbreederf-gen4|1135\n|player|p2|Kelp5854|brawly|1080\n|teamsize|p1|6\n|teamsize|p2|6\n|gen|9\n|tier|[Gen 9] Doubles OU\n|rated|\n|rule|Species Clause: Limit one of each Pok\u00e9mon\n|rule|OHKO Clause: OHKO moves are banned\n|rule|Evasion Moves Clause: Evasion moves are banned\n|rule|Gravity Sleep Clause: The combination of sleep-inducing moves with imperfect accuracy and Gravity or Gigantamax Orbeetle are banned\n|rule|Endless Battle Clause: Forcing endless battles is banned\n|rule|HP Percentage Mod: HP is shown in percentages\n|clearpoke\n|poke|p1|Tauros-Paldea-Blaze, M|\n|poke|p1|Froslass, F|\n|poke|p1|Flamigo, M|\n|poke|p1|Indeedee-F, F|\n|poke|p1|Glimmora, F|\n|poke|p1|Sinistcha-Masterpiece|\n|poke|p2|Chien-Pao|\n|poke|p2|Tinkaton, F|\n|poke|p2|Iron Hands|\n|poke|p2|Ogerpon-Hearthflame, F|\n|poke|p2|Dragapult, F|\n|poke|p2|Empoleon, F|\n|teampreview\n|\n|t:|1698193361\n|start\n|switch|p1a: El Diablo|Tauros-Paldea-Blaze, M, shiny|100\/100\n|switch|p1b: Lady Snowblood|Froslass, F|100\/100\n|switch|p2a: Ogerpon|Ogerpon-Hearthflame, F|100\/100\n|switch|p2b: Dragapult|Dragapult, F|100\/100\n|-ability|p2a: Ogerpon|Mold Breaker\n|turn|1\n|\n|t:|1698193380\n|move|p2b: Dragapult|Outrage|p1a: El Diablo\n|-damage|p1a: El Diablo|45\/100\n|move|p2a: Ogerpon|Ivy Cudgel|p1b: Lady Snowblood\n|-supereffective|p1b: Lady Snowblood\n|-damage|p1b: Lady Snowblood|0 fnt\n|-start|p2a: Ogerpon|Disable|Ivy Cudgel|[from] ability: Cursed Body|[of] p1b: Lady Snowblood\n|faint|p1b: Lady Snowblood\n|move|p1a: El Diablo|Flame Charge|p2b: Dragapult\n|-resisted|p2b: Dragapult\n|-damage|p2b: Dragapult|90\/100\n|-boost|p1a: El Diablo|spe|1\n|\n|upkeep\n|inactive|Battle timer is ON: inactive players will automatically lose when time's up. (requested by Kelp5854)\n|\n|t:|1698193409\n|switch|p1b: Nanny|Indeedee-F, F|100\/100\n|-fieldstart|move: Psychic Terrain|[from] ability: Psychic Surge|[of] p1b: Nanny\n|turn|2\n|\n|t:|1698193417\n|move|p2a: Ogerpon|Spiky Shield|p2a: Ogerpon\n|-singleturn|p2a: Ogerpon|move: Protect\n|move|p1b: Nanny|Follow Me|p1b: Nanny\n|-singleturn|p1b: Nanny|move: Follow Me\n|move|p1a: El Diablo|Bulk Up|p1a: El Diablo\n|-boost|p1a: El Diablo|atk|1\n|-boost|p1a: El Diablo|def|1\n|move|p2b: Dragapult|Outrage|p1b: Nanny|[from]lockedmove\n|-damage|p1b: Nanny|43\/100\n|-start|p2b: Dragapult|confusion|[fatigue]\n|\n|-heal|p1b: Nanny|49\/100|[from] item: Leftovers\n|upkeep\n|turn|3\n|\n|t:|1698193439\n|move|p1a: El Diablo|Rock Slide|p2a: Ogerpon|[spread] p2a,p2b\n|-supereffective|p2a: Ogerpon\n|-damage|p2a: Ogerpon|46\/100\n|-damage|p2b: Dragapult|65\/100\n|cant|p2b: Dragapult|flinch\n|move|p2a: Ogerpon|Knock Off|p1b: Nanny\n|-supereffective|p1b: Nanny\n|-damage|p1b: Nanny|0 fnt\n|-enditem|p1b: Nanny|Leftovers|[from] move: Knock Off|[of] p2a: Ogerpon\n|faint|p1b: Nanny\n|\n|upkeep\n|\n|t:|1698193450\n|switch|p1b: Flaming Joe|Flamigo, M|100\/100\n|-copyboost|p1b: Flaming Joe|p1a: El Diablo|[from] ability: Costar\n|turn|4\n|\n|t:|1698193470\n|move|p1b: Flaming Joe|Lunge|p2b: Dragapult\n|-resisted|p2b: Dragapult\n|-damage|p2b: Dragapult|47\/100\n|-enditem|p2b: Dragapult|Sitrus Berry|[eat]\n|-heal|p2b: Dragapult|72\/100|[from] item: Sitrus Berry\n|move|p1a: El Diablo|Rock Slide|p2b: Dragapult|[spread] p2a,p2b\n|-supereffective|p2a: Ogerpon\n|-damage|p2a: Ogerpon|0 fnt\n|-damage|p2b: Dragapult|49\/100\n|faint|p2a: Ogerpon\n|cant|p2b: Dragapult|flinch\n|\n|upkeep\n|\n|t:|1698193484\n|switch|p2a: Tinkaton|Tinkaton, F|100\/100\n|-ability|p2a: Tinkaton|Mold Breaker\n|turn|5\n|\n|t:|1698193500\n|move|p2a: Tinkaton|Fake Out|p1a: El Diablo\n|-activate|p1a: El Diablo|move: Psychic Terrain\n|move|p1b: Flaming Joe|Double Kick|p2a: Tinkaton\n|-damage|p2a: Tinkaton|75\/100\n|-damage|p2a: Tinkaton|54\/100\n|-hitcount|p2a: Tinkaton|2\n|move|p1a: El Diablo|Flame Charge|p2a: Tinkaton\n|-supereffective|p2a: Tinkaton\n|-damage|p2a: Tinkaton|0 fnt\n|-boost|p1a: El Diablo|spe|1\n|faint|p2a: Tinkaton\n|-activate|p2b: Dragapult|confusion\n|move|p2b: Dragapult|Outrage|p1b: Flaming Joe\n|-damage|p1b: Flaming Joe|49\/100\n|-enditem|p1b: Flaming Joe|Red Card|[of] p2b: Dragapult\n|drag|p2b: Empoleon|Empoleon, F|100\/100\n|\n|upkeep\n|\n|t:|1698193528\n|switch|p2a: Iron Hands|Iron Hands|100\/100\n|-enditem|p2a: Iron Hands|Booster Energy\n|-activate|p2a: Iron Hands|ability: Quark Drive|[fromitem]\n|-start|p2a: Iron Hands|quarkdriveatk\n|turn|6\n|\n|t:|1698193550\n|move|p1a: El Diablo|Double Kick|p2b: Empoleon\n|-supereffective|p2b: Empoleon\n|-damage|p2b: Empoleon|68\/100\n|-supereffective|p2b: Empoleon\n|-damage|p2b: Empoleon|31\/100\n|-hitcount|p2b: Empoleon|2\n|move|p1b: Flaming Joe|Acrobatics|p2a: Iron Hands\n|-damage|p2a: Iron Hands|63\/100\n|move|p2b: Empoleon|Flash Cannon|p1b: Flaming Joe\n|-damage|p1b: Flaming Joe|4\/100\n|move|p2a: Iron Hands|Close Combat|p1a: El Diablo\n|-damage|p1a: El Diablo|0 fnt\n|-unboost|p2a: Iron Hands|def|1\n|-unboost|p2a: Iron Hands|spd|1\n|faint|p1a: El Diablo\n|\n|-heal|p2b: Empoleon|37\/100|[from] item: Leftovers\n|-fieldend|move: Psychic Terrain\n|upkeep\n|inactive|tanukikuki has 120 seconds left.\n|\n|t:|1698193573\n|switch|p1a: Whisky|Sinistcha-Masterpiece|100\/100\n|-heal|p1b: Flaming Joe|29\/100|[from] ability: Hospitality|[of] p1a: Whisky\n|turn|7\n|\n|t:|1698193587\n|-end|p2a: Iron Hands|Quark Drive|[silent]\n|switch|p2a: Dragapult|Dragapult, F|49\/100\n|move|p1b: Flaming Joe|Double Kick|p2b: Empoleon\n|-supereffective|p2b: Empoleon\n|-damage|p2b: Empoleon|0 fnt\n|faint|p2b: Empoleon\n|-hitcount|p2: Empoleon|1\n|move|p1a: Whisky|Strength Sap||[still]\n|-fail|p2a: Dragapult|unboost|[from] ability: Clear Body|[of] p2a: Dragapult\n|-fail|p1a: Whisky\n|\n|upkeep\n|\n|t:|1698193599\n|switch|p2b: Iron Hands|Iron Hands|63\/100\n|turn|8\n|\n|t:|1698193617\n|move|p2b: Iron Hands|Fake Out|p1b: Flaming Joe\n|-damage|p1b: Flaming Joe|14\/100\n|cant|p1b: Flaming Joe|flinch\n|move|p2a: Dragapult|Dragon Darts|p1b: Flaming Joe\n|-damage|p1b: Flaming Joe|0 fnt\n|-anim|p2a: Dragapult|Dragon Darts|p1a: Whisky\n|-damage|p1a: Whisky|81\/100\n|faint|p1b: Flaming Joe\n|move|p1a: Whisky|Strength Sap|p2b: Iron Hands\n|-unboost|p2b: Iron Hands|atk|1\n|-heal|p1a: Whisky|100\/100\n|\n|upkeep\n|\n|t:|1698193629\n|switch|p1b: Quartz|Glimmora, F|100\/100\n|turn|9\n|\n|t:|1698193646\n|move|p1b: Quartz|Spiky Shield|p1b: Quartz\n|-singleturn|p1b: Quartz|move: Protect\n|move|p2a: Dragapult|Outrage|p1b: Quartz\n|-activate|p1b: Quartz|move: Protect\n|-damage|p2a: Dragapult|37\/100|[from] Spiky Shield|[of] p1b: Quartz\n|move|p1a: Whisky|Scald|p2b: Iron Hands\n|-damage|p2b: Iron Hands|45\/100\n|-status|p2b: Iron Hands|brn\n|move|p2b: Iron Hands|Wild Charge|p1b: Quartz\n|-activate|p1b: Quartz|move: Protect\n|-damage|p2b: Iron Hands|33\/100 brn|[from] Spiky Shield|[of] p1b: Quartz\n|\n|-damage|p2b: Iron Hands|26\/100 brn|[from] brn\n|upkeep\n|turn|10\n|\n|t:|1698193672\n|move|p2a: Dragapult|Outrage|p1a: Whisky\n|-damage|p1a: Whisky|55\/100\n|move|p1b: Quartz|Acid Spray|p2b: Iron Hands\n|-damage|p2b: Iron Hands|10\/100 brn\n|-unboost|p2b: Iron Hands|spd|2\n|move|p1a: Whisky|Shadow Ball|p2a: Dragapult\n|-supereffective|p2a: Dragapult\n|-damage|p2a: Dragapult|0 fnt\n|faint|p2a: Dragapult\n|move|p2b: Iron Hands|Close Combat|p1b: Quartz\n|-damage|p1b: Quartz|72\/100\n|-unboost|p2b: Iron Hands|def|1\n|-unboost|p2b: Iron Hands|spd|1\n|-damage|p2b: Iron Hands|0 fnt|[from] item: Rocky Helmet|[of] p1b: Quartz\n|-activate|p1b: Quartz|ability: Toxic Debris\n|-sidestart|p2: Kelp5854|move: Toxic Spikes\n|faint|p2b: Iron Hands\n|-end|p2b: Iron Hands|Quark Drive|[silent]\n|\n|upkeep\n|\n|t:|1698193692\n|switch|p2a: Chien-Pao|Chien-Pao|100\/100\n|-status|p2a: Chien-Pao|psn\n|-ability|p2a: Chien-Pao|Sword of Ruin\n|turn|11\n|\n|t:|1698193711\n|-terastallize|p2a: Chien-Pao|Fire\n|move|p2a: Chien-Pao|Icicle Crash|p1a: Whisky\n|-supereffective|p1a: Whisky\n|-damage|p1a: Whisky|0 fnt\n|faint|p1a: Whisky\n|move|p1b: Quartz|Power Gem|p2a: Chien-Pao\n|-supereffective|p2a: Chien-Pao\n|-enditem|p2a: Chien-Pao|Focus Sash\n|-damage|p2a: Chien-Pao|1\/100 psn\n|\n|-damage|p2a: Chien-Pao|0 fnt|[from] psn\n|faint|p2a: Chien-Pao\n|\n|win|tanukikuki\n|upkeep\n|raw|tanukikuki's rating: 1135 &rarr; <strong>1156<\/strong><br \/>(+21 for winning)\n|raw|Kelp5854's rating: 1080 &rarr; <strong>1061<\/strong><br \/>(-19 for losing)\n","uploadtime":1698193725,"views":11,"p1id":"tanukikuki","p2id":"kelp5854","formatid":"gen9doublesou","rating":1061,"private":0,"password":""}