{"id":"gen9doublesou-1984156617","p1":"Danie2294","p2":"Lord Rio","format":"[Gen 9] Doubles OU","log":"|j|\u2606Danie2294\n|j|\u2606Lord Rio\n|t:|1699224607\n|gametype|doubles\n|player|p1|Danie2294|marlon|1267\n|player|p2|Lord Rio|juggler|1139\n|teamsize|p1|6\n|teamsize|p2|6\n|gen|9\n|tier|[Gen 9] Doubles OU\n|rated|\n|rule|Species Clause: Limit one of each Pok\u00e9mon\n|rule|OHKO Clause: OHKO moves are banned\n|rule|Evasion Moves Clause: Evasion moves are banned\n|rule|Gravity Sleep Clause: The combination of sleep-inducing moves with imperfect accuracy and Gravity or Gigantamax Orbeetle are banned\n|rule|Endless Battle Clause: Forcing endless battles is banned\n|rule|HP Percentage Mod: HP is shown in percentages\n|clearpoke\n|poke|p1|Toxtricity, M|\n|poke|p1|Kommo-o, F|\n|poke|p1|Ceruledge, F|\n|poke|p1|Ribombee, M|\n|poke|p1|Dragapult, F|\n|poke|p1|Ogerpon-Wellspring, F|\n|poke|p2|Kingambit, M|\n|poke|p2|Cresselia, F|\n|poke|p2|Kommo-o, M|\n|poke|p2|Farigiraf, F|\n|poke|p2|Chi-Yu|\n|poke|p2|Roaring Moon|\n|teampreview\n|inactive|Battle timer is ON: inactive players will automatically lose when time's up. (requested by Danie2294)\n|inactive|Lord Rio has 120 seconds left.\n|\n|t:|1699224656\n|start\n|switch|p1a: Dragapult|Dragapult, F|100\/100\n|switch|p1b: Ceruledge|Ceruledge, F|100\/100\n|switch|p2a: Farigiraf|Farigiraf, F|100\/100\n|switch|p2b: Chi-Yu|Chi-Yu|100\/100\n|-ability|p2b: Chi-Yu|Beads of Ruin\n|turn|1\n|\n|t:|1699224684\n|move|p2a: Farigiraf|Protect|p2a: Farigiraf\n|-singleturn|p2a: Farigiraf|Protect\n|move|p1a: Dragapult|U-turn|p2a: Farigiraf\n|-activate|p2a: Farigiraf|move: Protect\n|move|p2b: Chi-Yu|Nasty Plot|p2b: Chi-Yu\n|-boost|p2b: Chi-Yu|spa|2\n|move|p1b: Ceruledge|Swords Dance|p1b: Ceruledge\n|-boost|p1b: Ceruledge|atk|2\n|\n|upkeep\n|turn|2\n|\n|t:|1699224711\n|move|p2a: Farigiraf|Helping Hand|p2b: Chi-Yu\n|-singleturn|p2b: Chi-Yu|Helping Hand|[of] p2a: Farigiraf\n|move|p1a: Dragapult|U-turn|p2b: Chi-Yu\n|-damage|p2b: Chi-Yu|58\/100\n|\n|t:|1699224719\n|switch|p1a: Ribombee|Ribombee, M|100\/100|[from] U-turn\n|move|p2b: Chi-Yu|Dark Pulse|p1b: Ceruledge\n|-supereffective|p1b: Ceruledge\n|-damage|p1b: Ceruledge|0 fnt\n|faint|p1b: Ceruledge\n|-damage|p2b: Chi-Yu|48\/100|[from] item: Life Orb\n|\n|upkeep\n|inactive|Danie2294 has 120 seconds left.\n|\n|t:|1699224731\n|switch|p1b: Toxtricity|Toxtricity, M|100\/100\n|turn|3\n|\n|t:|1699224749\n|move|p2a: Farigiraf|Helping Hand|p2b: Chi-Yu\n|-singleturn|p2b: Chi-Yu|Helping Hand|[of] p2a: Farigiraf\n|move|p1b: Toxtricity|Protect|p1b: Toxtricity\n|-singleturn|p1b: Toxtricity|Protect\n|move|p1a: Ribombee|Tailwind|p1a: Ribombee\n|-sidestart|p1: Danie2294|move: Tailwind\n|move|p2b: Chi-Yu|Flamethrower|p1a: Ribombee\n|-supereffective|p1a: Ribombee\n|-enditem|p1a: Ribombee|Focus Sash\n|-damage|p1a: Ribombee|1\/100\n|-damage|p2b: Chi-Yu|38\/100|[from] item: Life Orb\n|\n|upkeep\n|turn|4\n|inactive|Lord Rio has 120 seconds left.\n|\n|t:|1699224784\n|move|p2b: Chi-Yu|Protect|p2b: Chi-Yu\n|-singleturn|p2b: Chi-Yu|Protect\n|move|p1a: Ribombee|Pollen Puff|p2b: Chi-Yu\n|-activate|p2b: Chi-Yu|move: Protect\n|move|p1b: Toxtricity|Overdrive|p2b: Chi-Yu|[spread] p2a\n|-activate|p2b: Chi-Yu|move: Protect\n|-damage|p2a: Farigiraf|55\/100\n|-enditem|p1b: Toxtricity|Throat Spray\n|-boost|p1b: Toxtricity|spa|1|[from] item: Throat Spray\n|move|p2a: Farigiraf|Trick Room|p2a: Farigiraf\n|-fieldstart|move: Trick Room|[of] p2a: Farigiraf\n|\n|upkeep\n|turn|5\n|inactive|Lord Rio has 120 seconds left.\n|inactive|Danie2294 has 120 seconds left.\n|inactive|Lord Rio has 90 seconds left.\n|\n|t:|1699224857\n|move|p2a: Farigiraf|Psychic|p1a: Ribombee\n|-damage|p1a: Ribombee|0 fnt\n|faint|p1a: Ribombee\n|move|p2b: Chi-Yu|Flamethrower|p1b: Toxtricity\n|-damage|p1b: Toxtricity|0 fnt\n|faint|p1b: Toxtricity\n|-damage|p2b: Chi-Yu|28\/100|[from] item: Life Orb\n|\n|upkeep\n|inactive|Danie2294 has 120 seconds left.\n|\n|t:|1699224868\n|switch|p1b: Dragapult|Dragapult, F|100\/100\n|switch|p1a: Ogerpon|Ogerpon-Wellspring, F|100\/100\n|turn|6\n|inactive|Lord Rio has 90 seconds left.\n|\n|t:|1699224907\n|switch|p2a: Cresselia|Cresselia, F|100\/100\n|switch|p2b: Kingambit|Kingambit, M|100\/100\n|-terastallize|p1a: Ogerpon|Water\n|detailschange|p1a: Ogerpon|Ogerpon-Wellspring-Tera, F, tera:Water\n|-ability|p1a: Ogerpon|Embody Aspect (Wellspring)|boost\n|-boost|p1a: Ogerpon|spd|1\n|move|p1a: Ogerpon|Knock Off|p2a: Cresselia\n|-supereffective|p2a: Cresselia\n|-damage|p2a: Cresselia|51\/100\n|-enditem|p2a: Cresselia|Mental Herb|[from] move: Knock Off|[of] p1a: Ogerpon\n|move|p1b: Dragapult|U-turn|p2b: Kingambit\n|-damage|p2b: Kingambit|83\/100\n|inactive|Danie2294 has 120 seconds left.\n|\n|t:|1699224922\n|switch|p1b: Kommo-o|Kommo-o, F|100\/100|[from] U-turn\n|\n|-sideend|p1: Danie2294|move: Tailwind\n|upkeep\n|turn|7\n|inactive|Lord Rio has 90 seconds left.\n|inactive|Lord Rio has 60 seconds left.\n|\n|t:|1699224963\n|-terastallize|p2b: Kingambit|Flying\n|move|p2b: Kingambit|Tera Blast|p1b: Kommo-o|[anim] Tera Blast Flying\n|-supereffective|p1b: Kommo-o\n|-damage|p1b: Kommo-o|0 fnt\n|faint|p1b: Kommo-o\n|-damage|p2b: Kingambit|73\/100|[from] item: Life Orb\n|move|p2a: Cresselia|Lunar Blessing|p2a: Cresselia|[spread] p2a,p2b\n|-heal|p2a: Cresselia|76\/100\n|-heal|p2b: Kingambit|98\/100\n|move|p1a: Ogerpon|Swords Dance|p1a: Ogerpon\n|-boost|p1a: Ogerpon|atk|2\n|\n|upkeep\n|\n|t:|1699224976\n|switch|p1b: Dragapult|Dragapult, F|100\/100\n|turn|8\n|inactive|Lord Rio has 60 seconds left.\n|\n|t:|1699225001\n|move|p2b: Kingambit|Sucker Punch||[still]\n|-fail|p2b: Kingambit\n|move|p2a: Cresselia|Lunar Blessing|p2a: Cresselia|[spread] p2a,p2b\n|-heal|p2a: Cresselia|100\/100\n|-heal|p2b: Kingambit|100\/100\n|move|p1a: Ogerpon|Ivy Cudgel|p2b: Kingambit\n|-damage|p2b: Kingambit|0 fnt\n|faint|p2b: Kingambit\n|move|p1b: Dragapult|Dragon Dance|p1b: Dragapult\n|-boost|p1b: Dragapult|atk|1\n|-boost|p1b: Dragapult|spe|1\n|\n|-fieldend|move: Trick Room\n|upkeep\n|inactive|Lord Rio has 60 seconds left.\n|\n|t:|1699225014\n|switch|p2b: Roaring Moon|Roaring Moon|100\/100\n|-enditem|p2b: Roaring Moon|Booster Energy\n|-activate|p2b: Roaring Moon|ability: Protosynthesis|[fromitem]\n|-start|p2b: Roaring Moon|protosynthesisspe\n|turn|9\n|inactive|Lord Rio has 60 seconds left.\n|\n|t:|1699225056\n|move|p1b: Dragapult|Dragon Darts|p2b: Roaring Moon\n|-supereffective|p2b: Roaring Moon\n|-damage|p2b: Roaring Moon|0 fnt\n|-anim|p1b: Dragapult|Dragon Darts|p2a: Cresselia\n|-damage|p2a: Cresselia|77\/100\n|faint|p2b: Roaring Moon\n|-end|p2b: Roaring Moon|Protosynthesis|[silent]\n|move|p1a: Ogerpon|Ivy Cudgel|p2a: Cresselia\n|-damage|p2a: Cresselia|0 fnt\n|faint|p2a: Cresselia\n|\n|upkeep\n|\n|t:|1699225069\n|switch|p2b: Kommo-o|Kommo-o, M|100\/100\n|switch|p2a: Farigiraf|Farigiraf, F|55\/100\n|turn|10\n|\n|t:|1699225086\n|move|p2b: Kommo-o|Protect|p2b: Kommo-o\n|-singleturn|p2b: Kommo-o|Protect\n|move|p1b: Dragapult|Dragon Darts|p2a: Farigiraf\n|-damage|p2a: Farigiraf|18\/100\n|-anim|p1b: Dragapult|Dragon Darts|p2a: Farigiraf\n|-damage|p2a: Farigiraf|0 fnt\n|faint|p2a: Farigiraf\n|move|p1a: Ogerpon|Ivy Cudgel|p2b: Kommo-o\n|-activate|p2b: Kommo-o|move: Protect\n|\n|upkeep\n|\n|t:|1699225089\n|switch|p2a: Chi-Yu|Chi-Yu|28\/100\n|-ability|p2a: Chi-Yu|Beads of Ruin\n|turn|11\n|-message|Lord Rio forfeited.\n|\n|win|Danie2294\n|raw|Danie2294's rating: 1267 &rarr; <strong>1283<\/strong><br \/>(+16 for winning)\n|raw|Lord Rio's rating: 1139 &rarr; <strong>1123<\/strong><br \/>(-16 for losing)\n|l|\u2606Lord Rio\n","uploadtime":1699225098,"views":7,"p1id":"danie2294","p2id":"lordrio","formatid":"gen9doublesou","rating":1123,"private":0,"password":""}