{"id":"gen9doublesou-1991708470","p1":"Blockprime300","p2":"Battlin' Cats","format":"[Gen 9] Doubles OU","log":"|j|\u2606Blockprime300\n|j|\u2606Battlin' Cats\n|t:|1700105240\n|gametype|doubles\n|player|p1|Blockprime300|fisherman-gen4|1271\n|player|p2|Battlin' Cats|unknownf|1390\n|teamsize|p1|6\n|teamsize|p2|6\n|gen|9\n|tier|[Gen 9] Doubles OU\n|rated|\n|rule|Species Clause: Limit one of each Pok\u00e9mon\n|rule|OHKO Clause: OHKO moves are banned\n|rule|Evasion Moves Clause: Evasion moves are banned\n|rule|Gravity Sleep Clause: The combination of sleep-inducing moves with imperfect accuracy and Gravity or Gigantamax Orbeetle are banned\n|rule|Endless Battle Clause: Forcing endless battles is banned\n|rule|HP Percentage Mod: HP is shown in percentages\n|clearpoke\n|poke|p1|Flutter Mane|\n|poke|p1|Torkoal, F|\n|poke|p1|Walking Wake|\n|poke|p1|Tornadus, M|\n|poke|p1|Scizor, M|\n|poke|p1|Iron Hands|\n|poke|p2|Wo-Chien|\n|poke|p2|Ting-Lu|\n|poke|p2|Glimmora, M|\n|poke|p2|Chien-Pao|\n|poke|p2|Gliscor, F|\n|poke|p2|Arcanine, M|\n|teampreview\n|\n|t:|1700105270\n|start\n|switch|p1a: Flutter Mane|Flutter Mane|100\/100\n|switch|p1b: Torkoal|Torkoal, F|100\/100\n|switch|p2a: NEVER GIVE UP!|Glimmora, M|100\/100\n|switch|p2b: NEGATIVE COMMENT|Chien-Pao|100\/100\n|-ability|p2b: NEGATIVE COMMENT|Sword of Ruin\n|-weather|SunnyDay|[from] ability: Drought|[of] p1b: Torkoal\n|-activate|p1a: Flutter Mane|ability: Protosynthesis\n|-start|p1a: Flutter Mane|protosynthesisspe\n|turn|1\n|\n|t:|1700105317\n|move|p1a: Flutter Mane|Protect|p1a: Flutter Mane\n|-singleturn|p1a: Flutter Mane|Protect\n|move|p2b: NEGATIVE COMMENT|Sucker Punch||[still]\n|-fail|p2b: NEGATIVE COMMENT\n|move|p2a: NEVER GIVE UP!|Stealth Rock|p1b: Torkoal\n|-sidestart|p1: Blockprime300|move: Stealth Rock\n|move|p1b: Torkoal|Heat Wave|p2b: NEGATIVE COMMENT|[spread] p2a,p2b\n|-resisted|p2a: NEVER GIVE UP!\n|-supereffective|p2b: NEGATIVE COMMENT\n|-damage|p2a: NEVER GIVE UP!|73\/100\n|-damage|p2b: NEGATIVE COMMENT|0 fnt\n|faint|p2b: NEGATIVE COMMENT\n|\n|-weather|SunnyDay|[upkeep]\n|upkeep\n|\n|t:|1700105330\n|switch|p2b: :P|Gliscor, F|100\/100\n|turn|2\n|\n|t:|1700105358\n|-terastallize|p1b: Torkoal|Grass\n|move|p1a: Flutter Mane|Icy Wind|p2b: :P|[spread] p2a,p2b\n|-supereffective|p2b: :P\n|-damage|p2a: NEVER GIVE UP!|56\/100\n|-damage|p2b: :P|33\/100\n|-unboost|p2a: NEVER GIVE UP!|spe|1\n|-unboost|p2b: :P|spe|1\n|move|p2a: NEVER GIVE UP!|Sludge Bomb|p1a: Flutter Mane\n|-crit|p1a: Flutter Mane\n|-damage|p1a: Flutter Mane|23\/100\n|move|p2b: :P|Earthquake|p1b: Torkoal|[spread] p2a,p1a,p1b\n|-supereffective|p2a: NEVER GIVE UP!\n|-resisted|p1b: Torkoal\n|-damage|p2a: NEVER GIVE UP!|0 fnt\n|-damage|p1a: Flutter Mane|0 fnt\n|-damage|p1b: Torkoal|88\/100\n|-activate|p2a: NEVER GIVE UP!|ability: Toxic Debris\n|-sidestart|p1: Blockprime300|move: Toxic Spikes\n|faint|p2a: NEVER GIVE UP!\n|faint|p1a: Flutter Mane\n|-end|p1a: Flutter Mane|Protosynthesis|[silent]\n|move|p1b: Torkoal|Solar Beam||[still]\n|-prepare|p1b: Torkoal|Solar Beam\n|-anim|p1b: Torkoal|Solar Beam|p2b: :P\n|-damage|p2b: :P|0 fnt\n|faint|p2b: :P\n|\n|-weather|SunnyDay|[upkeep]\n|-heal|p1b: Torkoal|94\/100|[from] item: Leftovers\n|upkeep\n|\n|t:|1700105386\n|switch|p1a: Scizor|Scizor, M, shiny|100\/100\n|switch|p2a: SOMEONE CARES!|Wo-Chien|100\/100\n|switch|p2b: YOU'D BE MISSED!|Arcanine, M|100\/100\n|-ability|p2b: YOU'D BE MISSED!|Intimidate|boost\n|-unboost|p1a: Scizor|atk|1\n|-unboost|p1b: Torkoal|atk|1\n|-damage|p1a: Scizor|88\/100|[from] Stealth Rock\n|-ability|p2a: SOMEONE CARES!|Tablets of Ruin\n|turn|3\n|\n|t:|1700105437\n|-terastallize|p2a: SOMEONE CARES!|Poison\n|move|p2b: YOU'D BE MISSED!|Will-O-Wisp|p1a: Scizor\n|-status|p1a: Scizor|brn\n|move|p1a: Scizor|Aerial Ace|p2a: SOMEONE CARES!\n|-damage|p2a: SOMEONE CARES!|89\/100\n|move|p2a: SOMEONE CARES!|Reflect|p2a: SOMEONE CARES!\n|-sidestart|p2: Battlin' Cats|Reflect\n|move|p1b: Torkoal|Rock Slide|p2b: YOU'D BE MISSED!|[spread] p2a\n|-miss|p1b: Torkoal|p2b: YOU'D BE MISSED!\n|-damage|p2a: SOMEONE CARES!|86\/100\n|\n|-weather|SunnyDay|[upkeep]\n|-heal|p2a: SOMEONE CARES!|92\/100|[from] item: Leftovers\n|-heal|p1b: Torkoal|99\/100|[from] item: Leftovers\n|-damage|p1a: Scizor|82\/100 brn|[from] brn\n|upkeep\n|turn|4\n|\n|t:|1700105489\n|switch|p1a: Tornadus|Tornadus, M|100\/100\n|-damage|p1a: Tornadus|76\/100|[from] Stealth Rock\n|move|p2b: YOU'D BE MISSED!|Will-O-Wisp|p1b: Torkoal\n|-status|p1b: Torkoal|brn\n|move|p2a: SOMEONE CARES!|Leech Seed|p1a: Tornadus\n|-start|p1a: Tornadus|move: Leech Seed\n|move|p1b: Torkoal|Rock Slide|p2b: YOU'D BE MISSED!|[spread] p2a,p2b\n|-supereffective|p2b: YOU'D BE MISSED!\n|-damage|p2a: SOMEONE CARES!|90\/100\n|-damage|p2b: YOU'D BE MISSED!|96\/100\n|\n|-weather|SunnyDay|[upkeep]\n|-heal|p2a: SOMEONE CARES!|96\/100|[from] item: Leftovers\n|-heal|p1b: Torkoal|100\/100 brn|[from] item: Leftovers\n|-damage|p1a: Tornadus|63\/100|[from] Leech Seed|[of] p2a: SOMEONE CARES!\n|-heal|p2a: SOMEONE CARES!|100\/100|[silent]\n|-damage|p1b: Torkoal|95\/100 brn|[from] brn\n|upkeep\n|turn|5\n|\n|t:|1700105526\n|move|p2b: YOU'D BE MISSED!|Snarl|p1b: Torkoal|[spread] p1b\n|-miss|p2b: YOU'D BE MISSED!|p1a: Tornadus\n|-damage|p1b: Torkoal|83\/100 brn\n|-unboost|p1b: Torkoal|spa|1\n|move|p1a: Tornadus|Icy Wind|p2b: YOU'D BE MISSED!|[spread] p2a,p2b\n|-crit|p2a: SOMEONE CARES!\n|-resisted|p2b: YOU'D BE MISSED!\n|-damage|p2a: SOMEONE CARES!|92\/100\n|-damage|p2b: YOU'D BE MISSED!|91\/100\n|-unboost|p2a: SOMEONE CARES!|spe|1\n|-unboost|p2b: YOU'D BE MISSED!|spe|1\n|move|p2a: SOMEONE CARES!|Dark Pulse|p1a: Tornadus\n|-damage|p1a: Tornadus|42\/100\n|move|p1b: Torkoal|Will-O-Wisp|p2a: SOMEONE CARES!\n|-status|p2a: SOMEONE CARES!|brn\n|\n|-weather|none\n|-heal|p2a: SOMEONE CARES!|98\/100 brn|[from] item: Leftovers\n|-heal|p1b: Torkoal|89\/100 brn|[from] item: Leftovers\n|-damage|p1a: Tornadus|29\/100|[from] Leech Seed|[of] p2a: SOMEONE CARES!\n|-heal|p2a: SOMEONE CARES!|100\/100 brn|[silent]\n|-damage|p2a: SOMEONE CARES!|94\/100 brn|[from] brn\n|-damage|p1b: Torkoal|83\/100 brn|[from] brn\n|upkeep\n|turn|6\n|\n|t:|1700105571\n|switch|p1b: Walking Wake|Walking Wake|100\/100\n|-damage|p1b: Walking Wake|88\/100|[from] Stealth Rock\n|-status|p1b: Walking Wake|psn\n|move|p1a: Tornadus|Taunt|p2b: YOU'D BE MISSED!\n|-start|p2b: YOU'D BE MISSED!|move: Taunt\n|move|p2b: YOU'D BE MISSED!|Snarl|p1a: Tornadus|[spread] p1a,p1b\n|-damage|p1a: Tornadus|22\/100\n|-damage|p1b: Walking Wake|79\/100 psn\n|-unboost|p1a: Tornadus|spa|1\n|-unboost|p1b: Walking Wake|spa|1\n|move|p2a: SOMEONE CARES!|Dark Pulse|p1a: Tornadus\n|-damage|p1a: Tornadus|0 fnt\n|faint|p1a: Tornadus\n|\n|-heal|p2a: SOMEONE CARES!|100\/100 brn|[from] item: Leftovers\n|-damage|p1b: Walking Wake|66\/100 psn|[from] psn\n|-damage|p2a: SOMEONE CARES!|94\/100 brn|[from] brn\n|upkeep\n|\n|t:|1700105593\n|switch|p1a: Torkoal|Torkoal, F, tera:Grass|83\/100 brn\n|-damage|p1a: Torkoal|71\/100 brn|[from] Stealth Rock\n|-weather|SunnyDay|[from] ability: Drought|[of] p1a: Torkoal\n|-activate|p1b: Walking Wake|ability: Protosynthesis\n|-start|p1b: Walking Wake|protosynthesisspe\n|turn|7\n|\n|t:|1700105628\n|switch|p2b: YOU ARE LOVED!|Ting-Lu|100\/100\n|-ability|p2b: YOU ARE LOVED!|Vessel of Ruin\n|move|p1b: Walking Wake|Hydro Steam|p2b: YOU ARE LOVED!\n|-supereffective|p2b: YOU ARE LOVED!\n|-damage|p2b: YOU ARE LOVED!|40\/100\n|-damage|p1b: Walking Wake|57\/100 psn|[from] item: Life Orb\n|move|p2a: SOMEONE CARES!|Leech Seed|p1b: Walking Wake\n|-start|p1b: Walking Wake|move: Leech Seed\n|move|p1a: Torkoal|Heat Wave|p2a: SOMEONE CARES!|[spread] p2b\n|-miss|p1a: Torkoal|p2a: SOMEONE CARES!\n|-damage|p2b: YOU ARE LOVED!|16\/100\n|\n|-weather|SunnyDay|[upkeep]\n|-heal|p2a: SOMEONE CARES!|100\/100 brn|[from] item: Leftovers\n|-heal|p1a: Torkoal|77\/100 brn|[from] item: Leftovers\n|-damage|p1b: Walking Wake|44\/100 psn|[from] Leech Seed|[of] p2a: SOMEONE CARES!\n|-damage|p1b: Walking Wake|32\/100 psn|[from] psn\n|-damage|p2a: SOMEONE CARES!|94\/100 brn|[from] brn\n|-damage|p1a: Torkoal|71\/100 brn|[from] brn\n|-sideend|p2: Battlin' Cats|Reflect\n|upkeep\n|turn|8\n|\n|t:|1700105659\n|move|p2b: YOU ARE LOVED!|Protect|p2b: YOU ARE LOVED!\n|-singleturn|p2b: YOU ARE LOVED!|Protect\n|move|p1b: Walking Wake|Draco Meteor|p2a: SOMEONE CARES!\n|-damage|p2a: SOMEONE CARES!|72\/100 brn\n|-unboost|p1b: Walking Wake|spa|2\n|-damage|p1b: Walking Wake|22\/100 psn|[from] item: Life Orb\n|move|p2a: SOMEONE CARES!|Reflect|p2a: SOMEONE CARES!\n|-sidestart|p2: Battlin' Cats|Reflect\n|move|p1a: Torkoal|Heat Wave|p2a: SOMEONE CARES!|[spread] p2a\n|-activate|p2b: YOU ARE LOVED!|move: Protect\n|-damage|p2a: SOMEONE CARES!|56\/100 brn\n|\n|-weather|SunnyDay|[upkeep]\n|-heal|p2a: SOMEONE CARES!|62\/100 brn|[from] item: Leftovers\n|-heal|p1a: Torkoal|77\/100 brn|[from] item: Leftovers\n|-damage|p1b: Walking Wake|10\/100 psn|[from] Leech Seed|[of] p2a: SOMEONE CARES!\n|-heal|p2a: SOMEONE CARES!|73\/100 brn|[silent]\n|-damage|p1b: Walking Wake|0 fnt|[from] psn\n|faint|p1b: Walking Wake\n|-end|p1b: Walking Wake|Protosynthesis|[silent]\n|-damage|p2a: SOMEONE CARES!|67\/100 brn|[from] brn\n|-damage|p1a: Torkoal|71\/100 brn|[from] brn\n|upkeep\n|\n|t:|1700105717\n|switch|p1b: Scizor|Scizor, M, shiny|82\/100 brn\n|-damage|p1b: Scizor|70\/100 brn|[from] Stealth Rock\n|turn|9\n|\n|t:|1700105768\n|switch|p2b: YOU'D BE MISSED!|Arcanine, M|91\/100\n|-ability|p2b: YOU'D BE MISSED!|Intimidate|boost\n|-unboost|p1a: Torkoal|atk|1\n|-unboost|p1b: Scizor|atk|1\n|move|p1b: Scizor|Bullet Punch|p2b: YOU'D BE MISSED!\n|-resisted|p2b: YOU'D BE MISSED!\n|-damage|p2b: YOU'D BE MISSED!|87\/100\n|move|p2a: SOMEONE CARES!|Leech Seed|p1b: Scizor\n|-start|p1b: Scizor|move: Leech Seed\n|move|p1a: Torkoal|Solar Beam||[still]\n|-prepare|p1a: Torkoal|Solar Beam\n|-anim|p1a: Torkoal|Solar Beam|p2a: SOMEONE CARES!\n|-resisted|p2a: SOMEONE CARES!\n|-damage|p2a: SOMEONE CARES!|56\/100 brn\n|\n|-weather|SunnyDay|[upkeep]\n|-heal|p2a: SOMEONE CARES!|62\/100 brn|[from] item: Leftovers\n|-heal|p1a: Torkoal|77\/100 brn|[from] item: Leftovers\n|-damage|p1b: Scizor|57\/100 brn|[from] Leech Seed|[of] p2a: SOMEONE CARES!\n|-heal|p2a: SOMEONE CARES!|71\/100 brn|[silent]\n|-damage|p1b: Scizor|51\/100 brn|[from] brn\n|-damage|p2a: SOMEONE CARES!|65\/100 brn|[from] brn\n|-damage|p1a: Torkoal|71\/100 brn|[from] brn\n|upkeep\n|turn|10\n|\n|t:|1700105801\n|move|p2b: YOU'D BE MISSED!|Protect|p2b: YOU'D BE MISSED!\n|-singleturn|p2b: YOU'D BE MISSED!|Protect\n|move|p1b: Scizor|Bullet Punch|p2a: SOMEONE CARES!\n|-damage|p2a: SOMEONE CARES!|58\/100 brn\n|move|p2a: SOMEONE CARES!|Dark Pulse|p1a: Torkoal\n|-damage|p1a: Torkoal|37\/100 brn\n|move|p1a: Torkoal|Rock Slide|p2b: YOU'D BE MISSED!|[spread] p2a\n|-activate|p2b: YOU'D BE MISSED!|move: Protect\n|-damage|p2a: SOMEONE CARES!|56\/100 brn\n|\n|-weather|SunnyDay|[upkeep]\n|-heal|p2a: SOMEONE CARES!|63\/100 brn|[from] item: Leftovers\n|-heal|p1a: Torkoal|43\/100 brn|[from] item: Leftovers\n|-damage|p1b: Scizor|39\/100 brn|[from] Leech Seed|[of] p2a: SOMEONE CARES!\n|-heal|p2a: SOMEONE CARES!|72\/100 brn|[silent]\n|-damage|p1b: Scizor|33\/100 brn|[from] brn\n|-damage|p2a: SOMEONE CARES!|66\/100 brn|[from] brn\n|-damage|p1a: Torkoal|37\/100 brn|[from] brn\n|upkeep\n|turn|11\n|-message|Blockprime300 forfeited.\n|\n|win|Battlin' Cats\n|raw|Blockprime300's rating: 1271 &rarr; <strong>1254<\/strong><br \/>(-17 for losing)\n|raw|Battlin&apos; Cats's rating: 1390 &rarr; <strong>1403<\/strong><br \/>(+13 for winning)\n|l|\u2606Blockprime300\n","uploadtime":1700105830,"views":6,"p1id":"blockprime300","p2id":"battlincats","formatid":"gen9doublesou","rating":1254,"private":0,"password":""}