{"id":"gen9doublesou-1985783841","p1":"yeehawty66","p2":"KAY FLOCKA OG","format":"[Gen 9] Doubles OU","log":"|j|\u2606yeehawty66\n|j|\u2606KAY FLOCKA OG\n|t:|1699405732\n|gametype|doubles\n|player|p1|yeehawty66|266|1152\n|player|p2|KAY FLOCKA OG|169|1129\n|teamsize|p1|6\n|teamsize|p2|6\n|gen|9\n|tier|[Gen 9] Doubles OU\n|rated|\n|rule|Species Clause: Limit one of each Pok\u00e9mon\n|rule|OHKO Clause: OHKO moves are banned\n|rule|Evasion Moves Clause: Evasion moves are banned\n|rule|Gravity Sleep Clause: The combination of sleep-inducing moves with imperfect accuracy and Gravity or Gigantamax Orbeetle are banned\n|rule|Endless Battle Clause: Forcing endless battles is banned\n|rule|HP Percentage Mod: HP is shown in percentages\n|clearpoke\n|poke|p1|Goodra-Hisui, F|\n|poke|p1|Sableye, F|\n|poke|p1|Hatterene, F|\n|poke|p1|Sinistcha-Masterpiece|\n|poke|p1|Typhlosion-Hisui, F|\n|poke|p1|Garganacl, M|\n|poke|p2|Salamence, M|\n|poke|p2|Flutter Mane|\n|poke|p2|Garganacl, M|\n|poke|p2|Ninetales, M|\n|poke|p2|Grimmsnarl, M|\n|poke|p2|Mew|\n|teampreview\n|\n|t:|1699405756\n|start\n|switch|p1a: Sableye|Sableye, F|100\/100\n|switch|p1b: Garganacl|Garganacl, M|100\/100\n|switch|p2a: Grimmsnarl|Grimmsnarl, M|100\/100\n|switch|p2b: FLUTTER PAIN|Flutter Mane, shiny|100\/100\n|turn|1\n|\n|t:|1699405791\n|move|p2a: Grimmsnarl|Reflect|p2a: Grimmsnarl\n|-sidestart|p2: KAY FLOCKA OG|Reflect\n|move|p1a: Sableye|Skill Swap|p1b: Garganacl\n|-activate|p1a: Sableye|move: Skill Swap|||[of] p1b: Garganacl\n|move|p2b: FLUTTER PAIN|Energy Ball|p1b: Garganacl\n|-supereffective|p1b: Garganacl\n|-damage|p1b: Garganacl|54\/100\n|move|p1b: Garganacl|Iron Head|p2b: FLUTTER PAIN\n|-supereffective|p2b: FLUTTER PAIN\n|-damage|p2b: FLUTTER PAIN|65\/100\n|\n|-heal|p1b: Garganacl|60\/100|[from] item: Leftovers\n|upkeep\n|turn|2\n|\n|t:|1699405818\n|switch|p2a: Ninetales|Ninetales, M|100\/100\n|-weather|SunnyDay|[from] ability: Drought|[of] p2a: Ninetales\n|-activate|p2b: FLUTTER PAIN|ability: Protosynthesis\n|-start|p2b: FLUTTER PAIN|protosynthesisspa\n|move|p1b: Garganacl|Recover|p1b: Garganacl\n|-heal|p1b: Garganacl|100\/100\n|move|p2b: FLUTTER PAIN|Energy Ball|p1b: Garganacl\n|-supereffective|p1b: Garganacl\n|-damage|p1b: Garganacl|45\/100\n|move|p1a: Sableye|Skill Swap|p2a: Ninetales\n|-activate|p1a: Sableye|move: Skill Swap|Drought|Purifying Salt|[of] p2a: Ninetales\n|\n|-weather|SunnyDay|[upkeep]\n|-heal|p1b: Garganacl|52\/100|[from] item: Leftovers\n|upkeep\n|turn|3\n|\n|t:|1699405847\n|move|p1b: Garganacl|Protect|p1b: Garganacl\n|-singleturn|p1b: Garganacl|Protect\n|move|p2b: FLUTTER PAIN|Energy Ball|p1b: Garganacl\n|-activate|p1b: Garganacl|move: Protect\n|move|p2a: Ninetales|Heat Wave|p1a: Sableye|[spread] p1a\n|-activate|p1b: Garganacl|move: Protect\n|-damage|p1a: Sableye|57\/100\n|move|p1a: Sableye|Knock Off|p2b: FLUTTER PAIN\n|-damage|p2b: FLUTTER PAIN|37\/100\n|-enditem|p2b: FLUTTER PAIN|Assault Vest|[from] move: Knock Off|[of] p1a: Sableye\n|\n|-weather|SunnyDay|[upkeep]\n|-heal|p1b: Garganacl|58\/100|[from] item: Leftovers\n|upkeep\n|turn|4\n|\n|t:|1699405879\n|move|p2b: FLUTTER PAIN|Energy Ball|p1b: Garganacl\n|-supereffective|p1b: Garganacl\n|-damage|p1b: Garganacl|0 fnt\n|faint|p1b: Garganacl\n|move|p2a: Ninetales|Heat Wave|p1a: Sableye\n|-damage|p1a: Sableye|0 fnt\n|faint|p1a: Sableye\n|\n|-weather|SunnyDay|[upkeep]\n|upkeep\n|\n|t:|1699405893\n|switch|p1a: Typhlosion|Typhlosion-Hisui, F|100\/100\n|switch|p1b: Goodra|Goodra-Hisui, F|100\/100\n|-item|p2a: Ninetales|Sitrus Berry|[from] ability: Frisk|[of] p1a: Typhlosion|[identify]\n|turn|5\n|\n|t:|1699405910\n|-terastallize|p1b: Goodra|Water\n|move|p2b: FLUTTER PAIN|Shadow Ball|p1a: Typhlosion\n|-supereffective|p1a: Typhlosion\n|-damage|p1a: Typhlosion|0 fnt\n|faint|p1a: Typhlosion\n|move|p2a: Ninetales|Calm Mind|p2a: Ninetales\n|-boost|p2a: Ninetales|spa|1\n|-boost|p2a: Ninetales|spd|1\n|move|p1b: Goodra|Muddy Water|p2b: FLUTTER PAIN|[spread] p2b\n|-miss|p1b: Goodra|p2a: Ninetales\n|-damage|p2b: FLUTTER PAIN|23\/100\n|\n|-weather|SunnyDay|[upkeep]\n|upkeep\n|\n|t:|1699405925\n|switch|p1a: Sinistcha|Sinistcha-Masterpiece|100\/100\n|turn|6\n|\n|t:|1699405933\n|move|p2b: FLUTTER PAIN|Shadow Ball|p1a: Sinistcha\n|-supereffective|p1a: Sinistcha\n|-damage|p1a: Sinistcha|0 fnt\n|faint|p1a: Sinistcha\n|move|p2a: Ninetales|Calm Mind|p2a: Ninetales\n|-boost|p2a: Ninetales|spa|1\n|-boost|p2a: Ninetales|spd|1\n|move|p1b: Goodra|Flash Cannon|p2b: FLUTTER PAIN\n|-supereffective|p2b: FLUTTER PAIN\n|-damage|p2b: FLUTTER PAIN|0 fnt\n|faint|p2b: FLUTTER PAIN\n|-end|p2b: FLUTTER PAIN|Protosynthesis|[silent]\n|\n|-weather|none\n|upkeep\n|\n|t:|1699405947\n|switch|p2b: Grimmsnarl|Grimmsnarl, M|100\/100\n|switch|p1a: Hatterene|Hatterene, F|100\/100\n|turn|7\n|\n|t:|1699405964\n|move|p2b: Grimmsnarl|Light Screen|p2b: Grimmsnarl\n|-sidestart|p2: KAY FLOCKA OG|move: Light Screen\n|move|p2a: Ninetales|Heat Wave|p1b: Goodra|[spread] \n|-miss|p2a: Ninetales|p1a: Hatterene\n|-miss|p2a: Ninetales|p1b: Goodra\n|move|p1b: Goodra|Muddy Water|p2b: Grimmsnarl|[spread] \n|-miss|p1b: Goodra|p2a: Ninetales\n|-miss|p1b: Goodra|p2b: Grimmsnarl\n|move|p1a: Hatterene|Psychic|p2a: Ninetales\n|-damage|p2a: Ninetales|83\/100\n|-unboost|p2a: Ninetales|spd|1\n|\n|upkeep\n|turn|8\n|\n|t:|1699405987\n|move|p2b: Grimmsnarl|Thunder Wave|p1b: Goodra\n|-status|p1b: Goodra|par\n|move|p2a: Ninetales|Heat Wave|p1b: Goodra|[spread] p1a,p1b\n|-resisted|p1b: Goodra\n|-damage|p1a: Hatterene|59\/100\n|-damage|p1b: Goodra|86\/100 par\n|move|p1a: Hatterene|Mystical Fire|p2a: Ninetales\n|-resisted|p2a: Ninetales\n|-damage|p2a: Ninetales|77\/100\n|-unboost|p2a: Ninetales|spa|1\n|move|p1b: Goodra|Muddy Water|p2b: Grimmsnarl|[spread] p2a,p2b\n|-supereffective|p2a: Ninetales\n|-damage|p2a: Ninetales|47\/100\n|-damage|p2b: Grimmsnarl|77\/100\n|-unboost|p2b: Grimmsnarl|accuracy|1\n|-enditem|p2a: Ninetales|Sitrus Berry|[eat]\n|-heal|p2a: Ninetales|72\/100|[from] item: Sitrus Berry\n|\n|-heal|p1b: Goodra|92\/100 par|[from] item: Leftovers\n|-sideend|p2: KAY FLOCKA OG|Reflect\n|upkeep\n|turn|9\n|\n|t:|1699406016\n|switch|p2a: Mew|Mew|100\/100\n|move|p2b: Grimmsnarl|Parting Shot|p1b: Goodra\n|-unboost|p1b: Goodra|atk|1\n|-unboost|p1b: Goodra|spa|1\n|\n|t:|1699406023\n|switch|p2b: Ninetales|Ninetales, M|72\/100|[from] Parting Shot\n|-weather|SunnyDay|[from] ability: Drought|[of] p2b: Ninetales\n|move|p1a: Hatterene|Mystical Fire|p2a: Mew\n|-damage|p2a: Mew|80\/100\n|-unboost|p2a: Mew|spa|1\n|cant|p1b: Goodra|par\n|\n|-weather|SunnyDay|[upkeep]\n|-heal|p1b: Goodra|98\/100 par|[from] item: Leftovers\n|upkeep\n|turn|10\n|\n|t:|1699406050\n|switch|p2b: Nacky Stack|Garganacl, M, shiny|100\/100\n|move|p2a: Mew|Tailwind|p2a: Mew\n|-sidestart|p2: KAY FLOCKA OG|move: Tailwind\n|move|p1a: Hatterene|Mystical Fire|p2b: Nacky Stack\n|-resisted|p2b: Nacky Stack\n|-damage|p2b: Nacky Stack|90\/100\n|-unboost|p2b: Nacky Stack|spa|1\n|cant|p1b: Goodra|par\n|\n|-weather|SunnyDay|[upkeep]\n|-heal|p2b: Nacky Stack|96\/100|[from] item: Leftovers\n|-heal|p1b: Goodra|100\/100 par|[from] item: Leftovers\n|upkeep\n|turn|11\n|\n|t:|1699406068\n|move|p2a: Mew|Tailwind||[still]\n|-fail|p2a: Mew\n|move|p2b: Nacky Stack|Salt Cure|p1b: Goodra\n|-damage|p1b: Goodra|86\/100 par\n|-start|p1b: Goodra|Salt Cure\n|move|p1a: Hatterene|Psychic|p2b: Nacky Stack\n|-damage|p2b: Nacky Stack|74\/100\n|move|p1b: Goodra|Flash Cannon|p2b: Nacky Stack\n|-supereffective|p2b: Nacky Stack\n|-damage|p2b: Nacky Stack|45\/100\n|\n|-weather|SunnyDay|[upkeep]\n|-heal|p2b: Nacky Stack|51\/100|[from] item: Leftovers\n|-heal|p1b: Goodra|92\/100 par|[from] item: Leftovers\n|-damage|p1b: Goodra|67\/100 par|[from] Salt Cure\n|upkeep\n|turn|12\n|-message|yeehawty66 forfeited.\n|\n|win|KAY FLOCKA OG\n|raw|yeehawty66's rating: 1152 &rarr; <strong>1125<\/strong><br \/>(-27 for losing)\n|raw|KAY FLOCKA OG's rating: 1129 &rarr; <strong>1156<\/strong><br \/>(+27 for winning)\n|l|\u2606yeehawty66\n","uploadtime":1699406460,"views":10,"p1id":"yeehawty66","p2id":"kayflockaog","formatid":"gen9doublesou","rating":1125,"private":0,"password":""}