{"id":"gen9doublesou-1973183742","p1":"PokeArt2004\u2764","p2":"Solstorm5","format":"[Gen 9] Doubles OU","log":"|j|\u2606PokeArt2004\u2764\n|j|\u2606Solstorm5\n|inactive|Battle timer is ON: inactive players will automatically lose when time's up.\n|t:|1697936850\n|gametype|doubles\n|player|p1|PokeArt2004\u2764|teamrocket|\n|player|p2|Solstorm5|marnie-masters3|\n|teamsize|p1|6\n|teamsize|p2|6\n|gen|9\n|tier|[Gen 9] Doubles OU\n|rated|Tournament battle\n|rule|Species Clause: Limit one of each Pok\u00e9mon\n|rule|OHKO Clause: OHKO moves are banned\n|rule|Evasion Moves Clause: Evasion moves are banned\n|rule|Gravity Sleep Clause: The combination of sleep-inducing moves with imperfect accuracy and Gravity or Gigantamax Orbeetle are banned\n|rule|Endless Battle Clause: Forcing endless battles is banned\n|rule|HP Percentage Mod: HP is shown in percentages\n|clearpoke\n|poke|p1|Tornadus, M|\n|poke|p1|Iron Hands|\n|poke|p1|Rillaboom, F|\n|poke|p1|Flutter Mane|\n|poke|p1|Ogerpon-Hearthflame, F|\n|poke|p1|Heatran, M|\n|poke|p2|Clefairy, F|\n|poke|p2|Kommo-o, F|\n|poke|p2|Rillaboom, F|\n|poke|p2|Landorus-Therian, M|\n|poke|p2|Ursaluna, M|\n|poke|p2|Sinistcha|\n|teampreview\n|j|*Lady Monita \u263d\n|c|\u2606Solstorm5|hey hey\n|c|\u2606Solstorm5|glhf! :)\n|j| JBrien07\n|\n|t:|1697936870\n|start\n|switch|p1a: Tornadus|Tornadus, M|100\/100\n|switch|p1b: Flutter Mane|Flutter Mane|100\/100\n|switch|p2a: Ursaluna|Ursaluna, M|100\/100\n|switch|p2b: Sinistcha|Sinistcha|100\/100\n|turn|1\n|l| JBrien07\n|inactive|PokeArt2004\u2764 has 120 seconds left.\n|inactive|Solstorm5 has 120 seconds left.\n|c|\u2606PokeArt2004\u2764|you too\n|inactive|Solstorm5 has 90 seconds left.\n|\n|t:|1697936938\n|-end|p1b: Flutter Mane|Protosynthesis|[silent]\n|switch|p1b: Rillaboom|Rillaboom, F|100\/100\n|-fieldstart|move: Grassy Terrain|[from] ability: Grassy Surge|[of] p1b: Rillaboom\n|move|p2a: Ursaluna|Protect|p2a: Ursaluna\n|-singleturn|p2a: Ursaluna|Protect\n|move|p1a: Tornadus|Bleakwind Storm|p2b: Sinistcha|[spread] p2b\n|-activate|p2a: Ursaluna|move: Protect\n|-supereffective|p2b: Sinistcha\n|-damage|p2b: Sinistcha|53\/100\n|move|p2b: Sinistcha|Trick Room|p2b: Sinistcha\n|-fieldstart|move: Trick Room|[of] p2b: Sinistcha\n|\n|-heal|p2b: Sinistcha|59\/100|[from] Grassy Terrain\n|-status|p2a: Ursaluna|brn|[from] item: Flame Orb\n|upkeep\n|turn|2\n|inactive|Solstorm5 has 90 seconds left.\n|\n|t:|1697936968\n|-terastallize|p2a: Ursaluna|Fairy\n|move|p1b: Rillaboom|Fake Out|p2a: Ursaluna\n|-damage|p2a: Ursaluna|90\/100 brn\n|move|p2b: Sinistcha|Strength Sap|p1a: Tornadus\n|-unboost|p1a: Tornadus|atk|1\n|-heal|p2b: Sinistcha|100\/100\n|cant|p2a: Ursaluna|flinch\n|move|p1a: Tornadus|Bleakwind Storm|p2b: Sinistcha|[spread] p2a\n|-miss|p1a: Tornadus|p2b: Sinistcha\n|-damage|p2a: Ursaluna|65\/100 brn\n|\n|-heal|p2a: Ursaluna|72\/100 brn|[from] Grassy Terrain\n|-damage|p2a: Ursaluna|65\/100 brn|[from] brn\n|upkeep\n|turn|3\n|inactive|Solstorm5 has 90 seconds left.\n|inactive|PokeArt2004\u2764 has 120 seconds left.\n|\n|t:|1697937008\n|switch|p2b: Clefairy|Clefairy, F|100\/100\n|switch|p1b: Flutter Mane|Flutter Mane|100\/100\n|move|p2a: Ursaluna|Facade|p1b: Flutter Mane\n|-immune|p1b: Flutter Mane\n|move|p1a: Tornadus|Bleakwind Storm|p2a: Ursaluna|[spread] p2a\n|-miss|p1a: Tornadus|p2b: Clefairy\n|-damage|p2a: Ursaluna|48\/100 brn\n|\n|-heal|p2a: Ursaluna|54\/100 brn|[from] Grassy Terrain\n|-damage|p2a: Ursaluna|48\/100 brn|[from] brn\n|upkeep\n|turn|4\n|inactive|PokeArt2004\u2764 has 120 seconds left.\n|inactive|Solstorm5 has 90 seconds left.\n|\n|t:|1697937057\n|switch|p1a: Iron Hands|Iron Hands|100\/100\n|-end|p1b: Flutter Mane|Protosynthesis|[silent]\n|switch|p1b: Rillaboom|Rillaboom, F|100\/100\n|move|p2b: Clefairy|Heal Pulse|p2a: Ursaluna\n|-heal|p2a: Ursaluna|98\/100 brn\n|move|p2a: Ursaluna|High Horsepower|p1b: Rillaboom\n|-resisted|p1b: Rillaboom\n|-damage|p1b: Rillaboom|66\/100\n|\n|-heal|p2a: Ursaluna|100\/100 brn|[from] Grassy Terrain\n|-heal|p1b: Rillaboom|73\/100|[from] Grassy Terrain\n|-damage|p2a: Ursaluna|94\/100 brn|[from] brn\n|upkeep\n|turn|5\n|inactive|PokeArt2004\u2764 has 120 seconds left.\n|\n|t:|1697937088\n|move|p1b: Rillaboom|Fake Out|p2a: Ursaluna\n|-damage|p2a: Ursaluna|86\/100 brn\n|move|p2b: Clefairy|Follow Me|p2b: Clefairy\n|-singleturn|p2b: Clefairy|move: Follow Me\n|cant|p2a: Ursaluna|flinch\n|move|p1a: Iron Hands|Swords Dance|p1a: Iron Hands\n|-boost|p1a: Iron Hands|atk|2\n|\n|-heal|p2a: Ursaluna|93\/100 brn|[from] Grassy Terrain\n|-heal|p1b: Rillaboom|79\/100|[from] Grassy Terrain\n|-damage|p2a: Ursaluna|86\/100 brn|[from] brn\n|-fieldend|move: Trick Room\n|-fieldend|move: Grassy Terrain\n|upkeep\n|turn|6\n|c|\u2606Solstorm5|I forgot how priority works\n|inactive|PokeArt2004\u2764 has 120 seconds left.\n|inactive|Solstorm5 has 90 seconds left.\n|c|\u2606Solstorm5|I read the play and my lack of knowledge failed me\n|\n|t:|1697937118\n|switch|p2b: Landorus|Landorus-Therian, M|100\/100\n|-ability|p2b: Landorus|Intimidate|boost\n|-unboost|p1a: Iron Hands|atk|1\n|-unboost|p1b: Rillaboom|atk|1\n|move|p1a: Iron Hands|Protect|p1a: Iron Hands\n|-singleturn|p1a: Iron Hands|Protect\n|move|p1b: Rillaboom|U-turn|p2a: Ursaluna\n|-resisted|p2a: Ursaluna\n|-damage|p2a: Ursaluna|80\/100 brn\n|j| Zenitsu is god 123\n|\n|t:|1697937132\n|switch|p1b: Flutter Mane|Flutter Mane|100\/100|[from] U-turn\n|move|p2a: Ursaluna|High Horsepower|p1a: Iron Hands\n|-activate|p1a: Iron Hands|move: Protect\n|\n|-damage|p2a: Ursaluna|74\/100 brn|[from] brn\n|upkeep\n|turn|7\n|inactive|PokeArt2004\u2764 has 120 seconds left.\n|inactive|Solstorm5 has 90 seconds left.\n|\n|t:|1697937169\n|-end|p1a: Iron Hands|Quark Drive|[silent]\n|switch|p1a: Tornadus|Tornadus, M|100\/100\n|move|p2b: Landorus|Stomping Tantrum|p1b: Flutter Mane\n|-damage|p1b: Flutter Mane|30\/100\n|move|p1b: Flutter Mane|Dazzling Gleam|p2b: Landorus|[spread] p2a,p2b\n|-damage|p2a: Ursaluna|37\/100 brn\n|-damage|p2b: Landorus|45\/100\n|move|p2a: Ursaluna|High Horsepower|p1a: Tornadus\n|-immune|p1a: Tornadus\n|\n|-damage|p2a: Ursaluna|31\/100 brn|[from] brn\n|upkeep\n|turn|8\n|inactive|Solstorm5 has 90 seconds left.\n|inactive|PokeArt2004\u2764 has 120 seconds left.\n|\n|t:|1697937181\n|switch|p2a: Sinistcha|Sinistcha|100\/100\n|-heal|p2b: Landorus|70\/100|[from] ability: Hospitality|[of] p2a: Sinistcha\n|move|p1a: Tornadus|Tailwind|p1a: Tornadus\n|-sidestart|p1: PokeArt2004\u2764|move: Tailwind\n|move|p1b: Flutter Mane|Dazzling Gleam|p2a: Sinistcha|[spread] p2a,p2b\n|-crit|p2a: Sinistcha\n|-damage|p2a: Sinistcha|46\/100\n|-damage|p2b: Landorus|8\/100\n|-enditem|p2a: Sinistcha|Sitrus Berry|[eat]\n|-heal|p2a: Sinistcha|71\/100|[from] item: Sitrus Berry\n|move|p2b: Landorus|Stomping Tantrum|p1b: Flutter Mane\n|-damage|p1b: Flutter Mane|0 fnt\n|faint|p1b: Flutter Mane\n|-end|p1b: Flutter Mane|Protosynthesis|[silent]\n|\n|upkeep\n|inactive|PokeArt2004\u2764 has 120 seconds left.\n|\n|t:|1697937203\n|switch|p1b: Ogerpon|Ogerpon-Hearthflame, F|100\/100\n|-ability|p1b: Ogerpon|Mold Breaker\n|turn|9\n|inactive|Solstorm5 has 90 seconds left.\n|\n|t:|1697937238\n|switch|p2b: Clefairy|Clefairy, F|100\/100\n|move|p1b: Ogerpon|Ivy Cudgel|p2a: Sinistcha\n|-supereffective|p2a: Sinistcha\n|-damage|p2a: Sinistcha|0 fnt\n|faint|p2a: Sinistcha\n|move|p1a: Tornadus|Bleakwind Storm|p2b: Clefairy\n|-damage|p2b: Clefairy|68\/100\n|\n|upkeep\n|c|\u2606Solstorm5|ggwp\n|\n|t:|1697937265\n|switch|p2a: Ursaluna|Ursaluna, M, tera:Fairy|31\/100 brn\n|turn|10\n|c|\u2606PokeArt2004\u2764|?\n|c|\u2606Solstorm5|qwp i no win\n|c| Zenitsu is god 123|Huh\n|c|\u2606Solstorm5|I can't think of anything to get me out of this scenario\n|\n|t:|1697937291\n|move|p1b: Ogerpon|Substitute|p1b: Ogerpon\n|-start|p1b: Ogerpon|Substitute\n|-damage|p1b: Ogerpon|76\/100\n|move|p1a: Tornadus|Bleakwind Storm|p2a: Ursaluna|[spread] p2a,p2b\n|-crit|p2b: Clefairy\n|-damage|p2a: Ursaluna|15\/100 brn\n|-damage|p2b: Clefairy|29\/100\n|-unboost|p2a: Ursaluna|spe|1\n|move|p2a: Ursaluna|Facade|p1a: Tornadus\n|-crit|p1a: Tornadus\n|-damage|p1a: Tornadus|0 fnt\n|faint|p1a: Tornadus\n|move|p2b: Clefairy|Heal Pulse|p2a: Ursaluna\n|-heal|p2a: Ursaluna|65\/100 brn\n|\n|-damage|p2a: Ursaluna|58\/100 brn|[from] brn\n|upkeep\n|c| Zenitsu is god 123|Why does everyone use ogerpon\n|inactive|PokeArt2004\u2764 has 120 seconds left.\n|\n|t:|1697937302\n|switch|p1a: Heatran|Heatran, M|100\/100\n|turn|11\n|c|\u2606Solstorm5|It's good\n|c|\u2606Solstorm5|that's why\n|\n|t:|1697937317\n|move|p2b: Clefairy|Follow Me|p2b: Clefairy\n|-singleturn|p2b: Clefairy|move: Follow Me\n|move|p1b: Ogerpon|Ivy Cudgel|p2b: Clefairy\n|-crit|p2b: Clefairy\n|-damage|p2b: Clefairy|0 fnt\n|faint|p2b: Clefairy\n|move|p1a: Heatran|Heat Wave|p2a: Ursaluna|[miss]\n|-miss|p1a: Heatran|p2a: Ursaluna\n|move|p2a: Ursaluna|High Horsepower|p1a: Heatran\n|-supereffective|p1a: Heatran\n|-crit|p1a: Heatran\n|-damage|p1a: Heatran|0 fnt\n|faint|p1a: Heatran\n|\n|-damage|p2a: Ursaluna|52\/100 brn|[from] brn\n|-sideend|p1: PokeArt2004\u2764|move: Tailwind\n|upkeep\n|c| Zenitsu is god 123|Ok\n|inactive|Solstorm5 has 120 seconds left.\n|c| Zenitsu is god 123|I\u2019m trying to get tips rn from pros\n|\n|t:|1697937330\n|switch|p1a: Rillaboom|Rillaboom, F|79\/100\n|switch|p2b: Landorus|Landorus-Therian, M|8\/100\n|-ability|p2b: Landorus|Intimidate|boost\n|-unboost|p1a: Rillaboom|atk|1\n|-immune|p1b: Ogerpon\n|-fieldstart|move: Grassy Terrain|[from] ability: Grassy Surge|[of] p1a: Rillaboom\n|turn|12\n|c|\u2606Solstorm5|ok well\n|c|\u2606Solstorm5|I am no pro\n|c| Zenitsu is god 123|Nah\n|c| Zenitsu is god 123|you pro\n|c|\u2606PokeArt2004\u2764|nah\n|c|\u2606Solstorm5|This is a sample team lmao\n|inactive|Solstorm5 has 120 seconds left.\n|c| Zenitsu is god 123|Oh\n|inactive|PokeArt2004\u2764 has 120 seconds left.\n|c| Zenitsu is god 123|Do y\u2019all both got sample teams?\n|\n|t:|1697937374\n|switch|p2b: Kommo-o|Kommo-o, F|100\/100\n|-terastallize|p1b: Ogerpon|Fire\n|detailschange|p1b: Ogerpon|Ogerpon-Hearthflame-Tera, F, tera:Fire\n|-ability|p1b: Ogerpon|Embody Aspect (Hearthflame)|boost\n|-boost|p1b: Ogerpon|atk|1\n|move|p1a: Rillaboom|Fake Out|p2b: Kommo-o\n|-damage|p2b: Kommo-o|92\/100\n|move|p1b: Ogerpon|Ivy Cudgel|p2a: Ursaluna\n|-damage|p2a: Ursaluna|0 fnt\n|faint|p2a: Ursaluna\n|\n|-heal|p1b: Ogerpon|82\/100|[from] Grassy Terrain\n|-heal|p2b: Kommo-o|98\/100|[from] Grassy Terrain\n|-heal|p1a: Rillaboom|85\/100|[from] Grassy Terrain\n|upkeep\n|\n|t:|1697937384\n|switch|p2a: Landorus|Landorus-Therian, M|8\/100\n|-ability|p2a: Landorus|Intimidate|boost\n|-unboost|p1a: Rillaboom|atk|1\n|-immune|p1b: Ogerpon\n|turn|13\n|inactive|Solstorm5 has 120 seconds left.\n|j| sjxhwng\n|\n|t:|1697937402\n|move|p1a: Rillaboom|Grassy Glide|p2a: Landorus\n|-damage|p2a: Landorus|0 fnt\n|faint|p2a: Landorus\n|move|p1b: Ogerpon|Ivy Cudgel|p2b: Kommo-o\n|-resisted|p2b: Kommo-o\n|-damage|p2b: Kommo-o|44\/100\n|move|p2b: Kommo-o|Drain Punch|p1b: Ogerpon\n|-end|p1b: Ogerpon|Substitute\n|-heal|p2b: Kommo-o|57\/100|[from] drain|[of] p1b: Ogerpon\n|\n|-heal|p1b: Ogerpon|88\/100|[from] Grassy Terrain\n|-heal|p2b: Kommo-o|63\/100|[from] Grassy Terrain\n|-heal|p1a: Rillaboom|91\/100|[from] Grassy Terrain\n|upkeep\n|\n|t:|1697937405\n|switch|p2a: Rillaboom|Rillaboom, F|100\/100\n|turn|14\n|\n|t:|1697937419\n|switch|p1a: Iron Hands|Iron Hands|100\/100\n|move|p1b: Ogerpon|Spiky Shield|p1b: Ogerpon\n|-singleturn|p1b: Ogerpon|move: Protect\n|move|p2a: Rillaboom|Fake Out|p1b: Ogerpon\n|-activate|p1b: Ogerpon|move: Protect\n|-damage|p2a: Rillaboom|88\/100|[from] Spiky Shield|[of] p1b: Ogerpon\n|move|p2b: Kommo-o|Clangorous Soul|p2b: Kommo-o\n|-boost|p2b: Kommo-o|atk|1\n|-boost|p2b: Kommo-o|def|1\n|-boost|p2b: Kommo-o|spa|1\n|-boost|p2b: Kommo-o|spd|1\n|-boost|p2b: Kommo-o|spe|1\n|-damage|p2b: Kommo-o|30\/100\n|\n|-heal|p2b: Kommo-o|36\/100|[from] Grassy Terrain\n|-heal|p1b: Ogerpon|94\/100|[from] Grassy Terrain\n|-heal|p2a: Rillaboom|94\/100|[from] Grassy Terrain\n|upkeep\n|turn|15\n|inactive|Solstorm5 has 120 seconds left.\n|c| Zenitsu is god 123|It ain\u2019t over ngl\n|c|\u2606PokeArt2004\u2764|it hasn't been over at any point\n|c|\u2606PokeArt2004\u2764|especially not since heat wave miss\n|inactive|Solstorm5 has 90 seconds left.\n|c| Zenitsu is god 123|Lol\n|c| Zenitsu is god 123|That\u2019s why I donT like heat wave\n|\n|t:|1697937508\n|move|p2b: Kommo-o|Drain Punch|p1b: Ogerpon\n|-damage|p1b: Ogerpon|24\/100\n|-heal|p2b: Kommo-o|73\/100|[from] drain|[of] p1b: Ogerpon\n|move|p1b: Ogerpon|Ivy Cudgel|p2b: Kommo-o\n|-resisted|p2b: Kommo-o\n|-damage|p2b: Kommo-o|36\/100\n|move|p2a: Rillaboom|Wood Hammer|p1a: Iron Hands\n|-damage|p1a: Iron Hands|43\/100\n|-enditem|p1a: Iron Hands|Sitrus Berry|[eat]\n|-heal|p1a: Iron Hands|68\/100|[from] item: Sitrus Berry\n|-damage|p2a: Rillaboom|73\/100|[from] Recoil\n|move|p1a: Iron Hands|Drain Punch|p2b: Kommo-o\n|-damage|p2b: Kommo-o|10\/100\n|-heal|p1a: Iron Hands|77\/100|[from] drain|[of] p2b: Kommo-o\n|\n|-heal|p2b: Kommo-o|16\/100|[from] Grassy Terrain\n|-heal|p1b: Ogerpon|30\/100|[from] Grassy Terrain\n|-heal|p2a: Rillaboom|79\/100|[from] Grassy Terrain\n|-heal|p1a: Iron Hands|83\/100|[from] Grassy Terrain\n|upkeep\n|turn|16\n|\n|t:|1697937529\n|move|p1b: Ogerpon|Spiky Shield|p1b: Ogerpon\n|-singleturn|p1b: Ogerpon|move: Protect\n|move|p2b: Kommo-o|Drain Punch|p1a: Iron Hands\n|-damage|p1a: Iron Hands|44\/100\n|-heal|p2b: Kommo-o|46\/100|[from] drain|[of] p1a: Iron Hands\n|move|p2a: Rillaboom|Wood Hammer|p1a: Iron Hands\n|-damage|p1a: Iron Hands|0 fnt\n|faint|p1a: Iron Hands\n|-end|p1a: Iron Hands|Quark Drive|[silent]\n|-damage|p2a: Rillaboom|63\/100|[from] Recoil\n|\n|-heal|p2b: Kommo-o|51\/100|[from] Grassy Terrain\n|-heal|p1b: Ogerpon|36\/100|[from] Grassy Terrain\n|-heal|p2a: Rillaboom|69\/100|[from] Grassy Terrain\n|-fieldend|move: Grassy Terrain\n|upkeep\n|c| Zenitsu is god 123|Kommo-o op?\n|\n|t:|1697937537\n|switch|p1a: Rillaboom|Rillaboom, F|91\/100\n|-fieldstart|move: Grassy Terrain|[from] ability: Grassy Surge|[of] p1a: Rillaboom\n|turn|17\n|j| DragonPhoenix333\n|inactive|Solstorm5 has 90 seconds left.\n|\n|t:|1697937567\n|move|p2b: Kommo-o|Protect|p2b: Kommo-o\n|-singleturn|p2b: Kommo-o|Protect\n|move|p1a: Rillaboom|Fake Out|p2b: Kommo-o\n|-activate|p2b: Kommo-o|move: Protect\n|move|p1b: Ogerpon|Ivy Cudgel|p2a: Rillaboom\n|-supereffective|p2a: Rillaboom\n|-damage|p2a: Rillaboom|0 fnt\n|faint|p2a: Rillaboom\n|\n|-heal|p2b: Kommo-o|57\/100|[from] Grassy Terrain\n|-heal|p1b: Ogerpon|42\/100|[from] Grassy Terrain\n|-heal|p1a: Rillaboom|97\/100|[from] Grassy Terrain\n|upkeep\n|turn|18\n|inactive|Solstorm5 has 90 seconds left.\n|c| Zenitsu is god 123|Nah I think kommo-o wins\n|\n|t:|1697937594\n|move|p1b: Ogerpon|Spiky Shield|p1b: Ogerpon\n|-singleturn|p1b: Ogerpon|move: Protect\n|move|p2b: Kommo-o|Drain Punch|p1b: Ogerpon\n|-activate|p1b: Ogerpon|move: Protect\n|-damage|p2b: Kommo-o|45\/100|[from] Spiky Shield|[of] p1b: Ogerpon\n|move|p1a: Rillaboom|High Horsepower|p2b: Kommo-o\n|-damage|p2b: Kommo-o|23\/100\n|\n|-heal|p2b: Kommo-o|29\/100|[from] Grassy Terrain\n|-heal|p1b: Ogerpon|48\/100|[from] Grassy Terrain\n|-heal|p1a: Rillaboom|100\/100|[from] Grassy Terrain\n|upkeep\n|turn|19\n|c|\u2606Solstorm5|that might've cost me\n|c| Zenitsu is god 123|Drain punch\n|c|\u2606Solstorm5|the Spiky Shield play there\n|c| Zenitsu is god 123|We\u2019ll do it again\n|c|\u2606Solstorm5|I think high horsepower kills now\n|inactive|PokeArt2004\u2764 has 120 seconds left.\n|c| Zenitsu is god 123|Drain punch rillaboom?\n|\n|t:|1697937638\n|move|p2b: Kommo-o|Drain Punch|p1b: Ogerpon\n|-damage|p1b: Ogerpon|0 fnt\n|-heal|p2b: Kommo-o|54\/100|[from] drain|[of] p1b: Ogerpon\n|faint|p1b: Ogerpon\n|move|p1a: Rillaboom|High Horsepower|p2b: Kommo-o\n|-damage|p2b: Kommo-o|31\/100\n|\n|-heal|p2b: Kommo-o|37\/100|[from] Grassy Terrain\n|upkeep\n|turn|20\n|inactive|Solstorm5 has 120 seconds left.\n|c|\u2606PokeArt2004\u2764|you were saying?\n|c| DragonPhoenix333|u frogot drain punch recovery\n|c| Zenitsu is god 123|Nah it\u2019s over\n|inactive|PokeArt2004\u2764 has 120 seconds left.\n|c| DragonPhoenix333|its joever\n|c| DragonPhoenix333|its snover\n|c| Zenitsu is god 123|Kommo-o carries\n|c|\u2606PokeArt2004\u2764|I needed heatran so badly for this mu\n|c|\u2606PokeArt2004\u2764|that miss was bad\n|c| Zenitsu is god 123|When did I happen?\n|inactive|Solstorm5 has 90 seconds left.\n|\n|t:|1697937682\n|move|p2b: Kommo-o|Drain Punch|p1a: Rillaboom\n|-damage|p1a: Rillaboom|56\/100\n|-heal|p2b: Kommo-o|66\/100|[from] drain|[of] p1a: Rillaboom\n|move|p1a: Rillaboom|High Horsepower|p2b: Kommo-o\n|-damage|p2b: Kommo-o|43\/100\n|\n|-heal|p2b: Kommo-o|49\/100|[from] Grassy Terrain\n|-heal|p1a: Rillaboom|62\/100|[from] Grassy Terrain\n|upkeep\n|turn|21\n|inactive|PokeArt2004\u2764 has 120 seconds left.\n|\n|t:|1697937707\n|move|p2b: Kommo-o|Fire Punch|p1a: Rillaboom\n|-supereffective|p1a: Rillaboom\n|-damage|p1a: Rillaboom|0 fnt\n|faint|p1a: Rillaboom\n|\n|win|Solstorm5\n|n|\u2606PokeArt2004\u2764|pokeart2004\n|n|\u2606Solstorm5|solstorm5\n|n|*Lady Monita \u263d|ladymonita\n|n| Zenitsu is god 123|zenitsuisgod123\n|n| sjxhwng|sjxhwng\n|n| DragonPhoenix333|dragonphoenix333\n|l|*Lady Monita \u263d\n|c| Zenitsu is god 123|Was it suppose to kill on of the moms?\n|c| Zenitsu is god 123|mons?\n|c|\u2606Solstorm5|gg\n|l| DragonPhoenix333\n|c|\u2606Solstorm5|My heart\n|c|\u2606PokeArt2004\u2764|gg\n|c| Zenitsu is god 123|:0\n|c| Zenitsu is god 123|Sportsmanship!!!\n|l| sjxhwng\n|l|\u2606PokeArt2004\u2764\n|l| Zenitsu is god 123\n|n|\u2606Solstorm5|solstorm5\n|n|\u2606Solstorm5|solstorm5\n","uploadtime":1697938596,"views":25,"p1id":"pokeart2004","p2id":"solstorm5","formatid":"gen9doublesou","rating":0,"private":0,"password":""}