{"id":"gen9doublesou-1972773072","p1":"user27323","p2":"edgypunishment","format":"[Gen 9] Doubles OU","log":"|j|\u2606user27323\n|j|\u2606edgypunishment\n|t:|1697893003\n|gametype|doubles\n|player|p1|user27323|caitlin|1387\n|player|p2|edgypunishment|265|1270\n|teamsize|p1|6\n|teamsize|p2|6\n|gen|9\n|tier|[Gen 9] Doubles OU\n|rated|\n|rule|Species Clause: Limit one of each Pok\u00e9mon\n|rule|OHKO Clause: OHKO moves are banned\n|rule|Evasion Moves Clause: Evasion moves are banned\n|rule|Gravity Sleep Clause: The combination of sleep-inducing moves with imperfect accuracy and Gravity or Gigantamax Orbeetle are banned\n|rule|Endless Battle Clause: Forcing endless battles is banned\n|rule|HP Percentage Mod: HP is shown in percentages\n|clearpoke\n|poke|p1|Sylveon, F|\n|poke|p1|Chien-Pao|\n|poke|p1|Flutter Mane|\n|poke|p1|Volcanion|\n|poke|p1|Indeedee-F, F|\n|poke|p1|Dragonite, M|\n|poke|p2|Mabosstiff, M|\n|poke|p2|Grimmsnarl, M|\n|poke|p2|Kingambit, F|\n|poke|p2|Iron Jugulis|\n|poke|p2|Sableye, M|\n|poke|p2|Overqwil, F|\n|teampreview\n|inactive|Battle timer is ON: inactive players will automatically lose when time's up. (requested by edgypunishment)\n|\n|t:|1697893015\n|start\n|switch|p1a: bella thorns|Flutter Mane|100\/100\n|switch|p1b: barbie moviegoer|Dragonite, M|100\/100\n|switch|p2a: Mabosstiff|Mabosstiff, M|100\/100\n|switch|p2b: Grimmsnarl|Grimmsnarl, M|100\/100\n|-enditem|p1a: bella thorns|Booster Energy\n|-activate|p1a: bella thorns|ability: Protosynthesis|[fromitem]\n|-start|p1a: bella thorns|protosynthesisspa\n|turn|1\n|\n|t:|1697893039\n|move|p1b: barbie moviegoer|Extreme Speed|p2a: Mabosstiff\n|-damage|p2a: Mabosstiff|66\/100\n|-damage|p1b: barbie moviegoer|91\/100|[from] item: Life Orb\n|move|p2b: Grimmsnarl|Light Screen|p2b: Grimmsnarl\n|-sidestart|p2: edgypunishment|move: Light Screen\n|move|p1a: bella thorns|Dazzling Gleam|p2a: Mabosstiff|[spread] p2a,p2b\n|-supereffective|p2a: Mabosstiff\n|-supereffective|p2b: Grimmsnarl\n|-damage|p2a: Mabosstiff|15\/100\n|-damage|p2b: Grimmsnarl|21\/100\n|move|p2a: Mabosstiff|Jaw Lock|p1a: bella thorns\n|-damage|p1a: bella thorns|10\/100\n|-activate|p2a: Mabosstiff|trapped\n|\n|upkeep\n|turn|2\n|\n|t:|1697893058\n|move|p1a: bella thorns|Protect|p1a: bella thorns\n|-singleturn|p1a: bella thorns|Protect\n|move|p1b: barbie moviegoer|Extreme Speed|p2a: Mabosstiff\n|-damage|p2a: Mabosstiff|0 fnt\n|faint|p2a: Mabosstiff\n|-damage|p1b: barbie moviegoer|81\/100|[from] item: Life Orb\n|move|p2b: Grimmsnarl|Reflect|p2b: Grimmsnarl\n|-sidestart|p2: edgypunishment|Reflect\n|\n|upkeep\n|inactive|edgypunishment has 120 seconds left.\n|\n|t:|1697893101\n|switch|p2a: Overqwil|Overqwil, F|100\/100\n|-item|p2a: Overqwil|Air Balloon\n|turn|3\n|inactive|edgypunishment has 120 seconds left.\n|\n|t:|1697893114\n|-terastallize|p1a: bella thorns|Steel\n|move|p1a: bella thorns|Dazzling Gleam|p2b: Grimmsnarl|[spread] p2a,p2b\n|-supereffective|p2b: Grimmsnarl\n|-damage|p2a: Overqwil|68\/100\n|-damage|p2b: Grimmsnarl|0 fnt\n|-enditem|p2a: Overqwil|Air Balloon\n|faint|p2b: Grimmsnarl\n|move|p1b: barbie moviegoer|Stomping Tantrum|p2a: Overqwil\n|-supereffective|p2a: Overqwil\n|-damage|p2a: Overqwil|18\/100\n|-damage|p1b: barbie moviegoer|71\/100|[from] item: Life Orb\n|move|p2a: Overqwil|Barb Barrage|p1a: bella thorns\n|-immune|p1a: bella thorns\n|\n|upkeep\n|\n|t:|1697893127\n|switch|p2b: Sableye|Sableye, M|100\/100\n|turn|4\n|inactive|edgypunishment has 120 seconds left.\n|\n|t:|1697893145\n|move|p2b: Sableye|Disable|p1a: bella thorns\n|-start|p1a: bella thorns|Disable|Dazzling Gleam\n|cant|p1a: bella thorns|Disable|Dazzling Gleam\n|move|p1b: barbie moviegoer|Ice Spinner|p2b: Sableye\n|-damage|p2b: Sableye|64\/100\n|-damage|p1b: barbie moviegoer|54\/100|[from] item: Rocky Helmet|[of] p2b: Sableye\n|-damage|p1b: barbie moviegoer|44\/100|[from] item: Life Orb\n|move|p2a: Overqwil|Crunch|p1a: bella thorns\n|-damage|p1a: bella thorns|0 fnt\n|faint|p1a: bella thorns\n|-end|p1a: bella thorns|Protosynthesis|[silent]\n|\n|upkeep\n|\n|t:|1697893157\n|switch|p1a: kenergy|Volcanion|100\/100\n|turn|5\n|\n|t:|1697893171\n|move|p2b: Sableye|Will-O-Wisp|p1b: barbie moviegoer\n|-status|p1b: barbie moviegoer|brn\n|move|p1b: barbie moviegoer|Stomping Tantrum|p2a: Overqwil\n|-supereffective|p2a: Overqwil\n|-crit|p2a: Overqwil\n|-damage|p2a: Overqwil|0 fnt\n|faint|p2a: Overqwil\n|-damage|p1b: barbie moviegoer|35\/100 brn|[from] item: Life Orb\n|move|p1a: kenergy|Heat Wave|p2b: Sableye\n|-damage|p2b: Sableye|27\/100\n|\n|-damage|p1b: barbie moviegoer|28\/100 brn|[from] brn\n|upkeep\n|\n|t:|1697893191\n|switch|p2a: Iron Jugulis|Iron Jugulis|100\/100\n|-enditem|p2a: Iron Jugulis|Booster Energy\n|-activate|p2a: Iron Jugulis|ability: Quark Drive|[fromitem]\n|-start|p2a: Iron Jugulis|quarkdrivespa\n|turn|6\n|\n|t:|1697893206\n|move|p2b: Sableye|Recover|p2b: Sableye\n|-heal|p2b: Sableye|77\/100\n|move|p1b: barbie moviegoer|Ice Spinner|p2a: Iron Jugulis\n|-supereffective|p2a: Iron Jugulis\n|-damage|p2a: Iron Jugulis|74\/100\n|-damage|p1b: barbie moviegoer|18\/100 brn|[from] item: Life Orb\n|move|p2a: Iron Jugulis|Dark Pulse|p1a: kenergy\n|-damage|p1a: kenergy|24\/100\n|move|p1a: kenergy|Heat Wave|p2a: Iron Jugulis|[spread] p2a,p2b\n|-damage|p2a: Iron Jugulis|45\/100\n|-damage|p2b: Sableye|50\/100\n|\n|-damage|p1b: barbie moviegoer|12\/100 brn|[from] brn\n|upkeep\n|turn|7\n|\n|t:|1697893224\n|move|p1b: barbie moviegoer|Extreme Speed|p2a: Iron Jugulis\n|-damage|p2a: Iron Jugulis|32\/100\n|-damage|p1b: barbie moviegoer|2\/100 brn|[from] item: Life Orb\n|move|p2b: Sableye|Disable|p1b: barbie moviegoer\n|-start|p1b: barbie moviegoer|Disable|Extreme Speed\n|move|p2a: Iron Jugulis|Dark Pulse|p1a: kenergy\n|-crit|p1a: kenergy\n|-damage|p1a: kenergy|0 fnt\n|faint|p1a: kenergy\n|\n|-damage|p1b: barbie moviegoer|0 fnt|[from] brn\n|faint|p1b: barbie moviegoer\n|upkeep\n|\n|t:|1697893239\n|switch|p1b: ariana's ender|Sylveon, F|100\/100\n|switch|p1a: luckitty cat|Chien-Pao|100\/100\n|-ability|p1a: luckitty cat|Sword of Ruin\n|turn|8\n|\n|t:|1697893253\n|switch|p1b: slaycaholic|Indeedee-F, F|100\/100\n|-fieldstart|move: Psychic Terrain|[from] ability: Psychic Surge|[of] p1b: slaycaholic\n|move|p2b: Sableye|Will-O-Wisp|p1a: luckitty cat\n|-activate|p1a: luckitty cat|move: Psychic Terrain\n|move|p1a: luckitty cat|Ice Spinner|p2a: Iron Jugulis\n|-supereffective|p2a: Iron Jugulis\n|-damage|p2a: Iron Jugulis|0 fnt\n|-fieldend|move: Psychic Terrain\n|faint|p2a: Iron Jugulis\n|-end|p2a: Iron Jugulis|Quark Drive|[silent]\n|\n|-sideend|p2: edgypunishment|move: Light Screen\n|upkeep\n|\n|t:|1697893263\n|switch|p2a: Kingambit|Kingambit, F|100\/100\n|-activate|p2a: Kingambit|ability: Supreme Overlord\n|-start|p2a: Kingambit|fallen4|[silent]\n|turn|9\n|\n|t:|1697893286\n|move|p2b: Sableye|Will-O-Wisp|p1b: slaycaholic|[miss]\n|-miss|p2b: Sableye|p1b: slaycaholic\n|move|p1a: luckitty cat|Taunt|p2b: Sableye\n|-start|p2b: Sableye|move: Taunt\n|move|p1b: slaycaholic|Heal Pulse|p1a: luckitty cat\n|-fail|p1a: luckitty cat|heal\n|move|p2a: Kingambit|Iron Head|p1a: luckitty cat\n|-supereffective|p1a: luckitty cat\n|-enditem|p1a: luckitty cat|Focus Sash\n|-damage|p1a: luckitty cat|1\/100\n|\n|-sideend|p2: edgypunishment|Reflect\n|upkeep\n|turn|10\n|\n|t:|1697893301\n|move|p1a: luckitty cat|Sucker Punch|p2b: Sableye\n|-damage|p2b: Sableye|0 fnt\n|-damage|p1a: luckitty cat|0 fnt|[from] item: Rocky Helmet|[of] p2b: Sableye\n|faint|p2b: Sableye\n|faint|p1a: luckitty cat\n|move|p1b: slaycaholic|Heal Pulse|p1: luckitty cat|[notarget]\n|-fail|p1b: slaycaholic\n|move|p2a: Kingambit|Kowtow Cleave|p1b: slaycaholic\n|-supereffective|p1b: slaycaholic\n|-damage|p1b: slaycaholic|0 fnt\n|faint|p1b: slaycaholic\n|\n|upkeep\n|\n|t:|1697893310\n|switch|p1a: ariana's ender|Sylveon, F|100\/100\n|turn|11\n|\n|t:|1697893315\n|move|p1a: ariana's ender|Hyper Voice|p2a: Kingambit\n|-damage|p2a: Kingambit|29\/100\n|move|p2a: Kingambit|Iron Head|p1a: ariana's ender\n|-supereffective|p1a: ariana's ender\n|-damage|p1a: ariana's ender|0 fnt\n|faint|p1a: ariana's ender\n|\n|win|edgypunishment\n|raw|user27323's rating: 1387 &rarr; <strong>1361<\/strong><br \/>(-26 for losing)\n|raw|edgypunishment's rating: 1270 &rarr; <strong>1303<\/strong><br \/>(+33 for winning)\n|l|\u2606user27323\n","uploadtime":1697893323,"views":11,"p1id":"user27323","p2id":"edgypunishment","formatid":"gen9doublesou","rating":1303,"private":0,"password":""}