{"id":"gen9doublesou-1997573704","p1":"OPieceOfHeroGhost","p2":"PikaPolloDVMella","format":"[Gen 9] Doubles OU","log":"|j|\u2606OPieceOfHeroGhost\n|j|\u2606PikaPolloDVMella\n|t:|1700827575\n|gametype|doubles\n|player|p1|OPieceOfHeroGhost|morty|1455\n|player|p2|PikaPolloDVMella|swimmer|1489\n|teamsize|p1|6\n|teamsize|p2|6\n|gen|9\n|tier|[Gen 9] Doubles OU\n|rated|\n|rule|Species Clause: Limit one of each Pok\u00e9mon\n|rule|OHKO Clause: OHKO moves are banned\n|rule|Evasion Moves Clause: Evasion moves are banned\n|rule|Gravity Sleep Clause: The combination of sleep-inducing moves with imperfect accuracy and Gravity or Gigantamax Orbeetle are banned\n|rule|Endless Battle Clause: Forcing endless battles is banned\n|rule|HP Percentage Mod: HP is shown in percentages\n|clearpoke\n|poke|p1|Gholdengo|\n|poke|p1|Flutter Mane|\n|poke|p1|Landorus-Therian, M|\n|poke|p1|Clefairy, F|\n|poke|p1|Rillaboom, M|\n|poke|p1|Ogerpon-Wellspring, F|\n|poke|p2|Walking Wake|\n|poke|p2|Torkoal, M|\n|poke|p2|Lilligant-Hisui, F|\n|poke|p2|Arcanine-Hisui, F|\n|poke|p2|Gliscor, M|\n|poke|p2|Volcanion|\n|teampreview\n|\n|t:|1700827621\n|start\n|switch|p1a: \u989d\u554a\uff01\u6dd8\u91d1\u6f6e\uff5e\uff5e|Gholdengo|100\/100\n|switch|p1b: \u7ed9\u5927\u5bb6\u732e\u6b4c\u4e00\u66f2\u554a|Flutter Mane|100\/100\n|switch|p2a: Torkoal|Torkoal, M|100\/100\n|switch|p2b: Volcanion|Volcanion|100\/100\n|-weather|SunnyDay|[from] ability: Drought|[of] p2a: Torkoal\n|-activate|p1b: \u7ed9\u5927\u5bb6\u732e\u6b4c\u4e00\u66f2\u554a|ability: Protosynthesis\n|-start|p1b: \u7ed9\u5927\u5bb6\u732e\u6b4c\u4e00\u66f2\u554a|protosynthesisspe\n|turn|1\n|\n|t:|1700827641\n|move|p1a: \u989d\u554a\uff01\u6dd8\u91d1\u6f6e\uff5e\uff5e|Protect|p1a: \u989d\u554a\uff01\u6dd8\u91d1\u6f6e\uff5e\uff5e\n|-singleturn|p1a: \u989d\u554a\uff01\u6dd8\u91d1\u6f6e\uff5e\uff5e|Protect\n|move|p1b: \u7ed9\u5927\u5bb6\u732e\u6b4c\u4e00\u66f2\u554a|Perish Song|p1b: \u7ed9\u5927\u5bb6\u732e\u6b4c\u4e00\u66f2\u554a\n|-immune|p1a: \u989d\u554a\uff01\u6dd8\u91d1\u6f6e\uff5e\uff5e|[from] ability: Good as Gold\n|-start|p1b: \u7ed9\u5927\u5bb6\u732e\u6b4c\u4e00\u66f2\u554a|perish3|[silent]\n|-start|p2a: Torkoal|perish3|[silent]\n|-start|p2b: Volcanion|perish3|[silent]\n|-fieldactivate|move: Perish Song\n|move|p2b: Volcanion|Heat Wave|p1b: \u7ed9\u5927\u5bb6\u732e\u6b4c\u4e00\u66f2\u554a|[spread] p1b\n|-activate|p1a: \u989d\u554a\uff01\u6dd8\u91d1\u6f6e\uff5e\uff5e|move: Protect\n|-damage|p1b: \u7ed9\u5927\u5bb6\u732e\u6b4c\u4e00\u66f2\u554a|34\/100\n|move|p2a: Torkoal|Stealth Rock|p1a: \u989d\u554a\uff01\u6dd8\u91d1\u6f6e\uff5e\uff5e\n|-sidestart|p1: OPieceOfHeroGhost|move: Stealth Rock\n|\n|-weather|SunnyDay|[upkeep]\n|-start|p1b: \u7ed9\u5927\u5bb6\u732e\u6b4c\u4e00\u66f2\u554a|perish3\n|-start|p2b: Volcanion|perish3\n|-start|p2a: Torkoal|perish3\n|upkeep\n|turn|2\n|\n|t:|1700827685\n|switch|p1a: \u624b\u5de5\u803f|Rillaboom, M|100\/100\n|-damage|p1a: \u624b\u5de5\u803f|88\/100|[from] Stealth Rock\n|-fieldstart|move: Grassy Terrain|[from] ability: Grassy Surge|[of] p1a: \u624b\u5de5\u803f\n|switch|p2a: Arcanine|Arcanine-Hisui, F|100\/100\n|-ability|p2a: Arcanine|Intimidate|boost\n|-unboost|p1a: \u624b\u5de5\u803f|atk|1\n|-unboost|p1b: \u7ed9\u5927\u5bb6\u732e\u6b4c\u4e00\u66f2\u554a|atk|1\n|move|p1b: \u7ed9\u5927\u5bb6\u732e\u6b4c\u4e00\u66f2\u554a|Protect|p1b: \u7ed9\u5927\u5bb6\u732e\u6b4c\u4e00\u66f2\u554a\n|-singleturn|p1b: \u7ed9\u5927\u5bb6\u732e\u6b4c\u4e00\u66f2\u554a|Protect\n|move|p2b: Volcanion|Heat Wave|p1b: \u7ed9\u5927\u5bb6\u732e\u6b4c\u4e00\u66f2\u554a|[spread] p1a\n|-activate|p1b: \u7ed9\u5927\u5bb6\u732e\u6b4c\u4e00\u66f2\u554a|move: Protect\n|-supereffective|p1a: \u624b\u5de5\u803f\n|-damage|p1a: \u624b\u5de5\u803f|0 fnt\n|faint|p1a: \u624b\u5de5\u803f\n|\n|-weather|SunnyDay|[upkeep]\n|-heal|p1b: \u7ed9\u5927\u5bb6\u732e\u6b4c\u4e00\u66f2\u554a|40\/100|[from] Grassy Terrain\n|-start|p1b: \u7ed9\u5927\u5bb6\u732e\u6b4c\u4e00\u66f2\u554a|perish2\n|-start|p2b: Volcanion|perish2\n|upkeep\n|\n|t:|1700827704\n|switch|p1a: \u76d6\u8bfa\u8d5b\u514b\u7279|Landorus-Therian, M|100\/100\n|-damage|p1a: \u76d6\u8bfa\u8d5b\u514b\u7279|88\/100|[from] Stealth Rock\n|-ability|p1a: \u76d6\u8bfa\u8d5b\u514b\u7279|Intimidate|boost\n|-unboost|p2a: Arcanine|atk|1\n|-unboost|p2b: Volcanion|atk|1\n|turn|3\n|\n|t:|1700827733\n|switch|p2b: Gliscor|Gliscor, M|100\/100\n|-terastallize|p2a: Arcanine|Normal\n|move|p2a: Arcanine|Extreme Speed|p1a: \u76d6\u8bfa\u8d5b\u514b\u7279\n|-damage|p1a: \u76d6\u8bfa\u8d5b\u514b\u7279|61\/100\n|move|p1b: \u7ed9\u5927\u5bb6\u732e\u6b4c\u4e00\u66f2\u554a|Icy Wind|p2a: Arcanine|[spread] p2a,p2b\n|-crit|p2a: Arcanine\n|-supereffective|p2b: Gliscor\n|-damage|p2a: Arcanine|73\/100\n|-damage|p2b: Gliscor|26\/100\n|-unboost|p2a: Arcanine|spe|1\n|-unboost|p2b: Gliscor|spe|1\n|move|p1a: \u76d6\u8bfa\u8d5b\u514b\u7279|Stomping Tantrum|p2a: Arcanine\n|-damage|p2a: Arcanine|24\/100\n|\n|-weather|SunnyDay|[upkeep]\n|-heal|p1b: \u7ed9\u5927\u5bb6\u732e\u6b4c\u4e00\u66f2\u554a|46\/100|[from] Grassy Terrain\n|-heal|p2a: Arcanine|30\/100|[from] Grassy Terrain\n|-start|p1b: \u7ed9\u5927\u5bb6\u732e\u6b4c\u4e00\u66f2\u554a|perish1\n|-status|p2b: Gliscor|tox|[from] item: Toxic Orb\n|upkeep\n|turn|4\n|\n|t:|1700827763\n|-end|p1b: \u7ed9\u5927\u5bb6\u732e\u6b4c\u4e00\u66f2\u554a|Protosynthesis|[silent]\n|switch|p1b: \u989d\u554a\uff01\u6dd8\u91d1\u6f6e\uff5e\uff5e|Gholdengo|100\/100\n|-damage|p1b: \u989d\u554a\uff01\u6dd8\u91d1\u6f6e\uff5e\uff5e|94\/100|[from] Stealth Rock\n|move|p2b: Gliscor|Protect|p2b: Gliscor\n|-singleturn|p2b: Gliscor|Protect\n|move|p1a: \u76d6\u8bfa\u8d5b\u514b\u7279|Stomping Tantrum|p2a: Arcanine\n|-damage|p2a: Arcanine|0 fnt\n|faint|p2a: Arcanine\n|\n|-weather|SunnyDay|[upkeep]\n|-heal|p1b: \u989d\u554a\uff01\u6dd8\u91d1\u6f6e\uff5e\uff5e|100\/100|[from] Grassy Terrain\n|-heal|p2b: Gliscor|38\/100 tox|[from] ability: Poison Heal\n|upkeep\n|\n|t:|1700827780\n|switch|p2a: Lilligant|Lilligant-Hisui, F, shiny|100\/100\n|turn|5\n|\n|t:|1700827809\n|switch|p1a: \u522b\u770b\u4f60\u5988\u770b\u6211\u561b|Clefairy, F|100\/100\n|-damage|p1a: \u522b\u770b\u4f60\u5988\u770b\u6211\u561b|88\/100|[from] Stealth Rock\n|move|p2a: Lilligant|Ice Spinner|p1a: \u522b\u770b\u4f60\u5988\u770b\u6211\u561b\n|-damage|p1a: \u522b\u770b\u4f60\u5988\u770b\u6211\u561b|61\/100\n|-fieldend|move: Grassy Terrain\n|move|p1b: \u989d\u554a\uff01\u6dd8\u91d1\u6f6e\uff5e\uff5e|Nasty Plot|p1b: \u989d\u554a\uff01\u6dd8\u91d1\u6f6e\uff5e\uff5e\n|-boost|p1b: \u989d\u554a\uff01\u6dd8\u91d1\u6f6e\uff5e\uff5e|spa|2\n|move|p2b: Gliscor|High Horsepower|p1b: \u989d\u554a\uff01\u6dd8\u91d1\u6f6e\uff5e\uff5e\n|-supereffective|p1b: \u989d\u554a\uff01\u6dd8\u91d1\u6f6e\uff5e\uff5e\n|-damage|p1b: \u989d\u554a\uff01\u6dd8\u91d1\u6f6e\uff5e\uff5e|60\/100\n|\n|-weather|SunnyDay|[upkeep]\n|-heal|p1b: \u989d\u554a\uff01\u6dd8\u91d1\u6f6e\uff5e\uff5e|67\/100|[from] item: Leftovers\n|-heal|p2b: Gliscor|51\/100 tox|[from] ability: Poison Heal\n|upkeep\n|turn|6\n|\n|t:|1700827864\n|move|p1a: \u522b\u770b\u4f60\u5988\u770b\u6211\u561b|Helping Hand|p1b: \u989d\u554a\uff01\u6dd8\u91d1\u6f6e\uff5e\uff5e\n|-immune|p1b: \u989d\u554a\uff01\u6dd8\u91d1\u6f6e\uff5e\uff5e|[from] ability: Good as Gold\n|move|p2b: Gliscor|Protect|p2b: Gliscor\n|-singleturn|p2b: Gliscor|Protect\n|move|p2a: Lilligant|Ice Spinner|p1a: \u522b\u770b\u4f60\u5988\u770b\u6211\u561b\n|-damage|p1a: \u522b\u770b\u4f60\u5988\u770b\u6211\u561b|31\/100\n|move|p1b: \u989d\u554a\uff01\u6dd8\u91d1\u6f6e\uff5e\uff5e|Make It Rain|p2b: Gliscor|[spread] p2a\n|-activate|p2b: Gliscor|move: Protect\n|-damage|p2a: Lilligant|0 fnt\n|-unboost|p1b: \u989d\u554a\uff01\u6dd8\u91d1\u6f6e\uff5e\uff5e|spa|1\n|faint|p2a: Lilligant\n|\n|-weather|SunnyDay|[upkeep]\n|-heal|p1b: \u989d\u554a\uff01\u6dd8\u91d1\u6f6e\uff5e\uff5e|73\/100|[from] item: Leftovers\n|-heal|p2b: Gliscor|63\/100 tox|[from] ability: Poison Heal\n|upkeep\n|\n|t:|1700827884\n|switch|p2a: Walking Wake|Walking Wake|100\/100\n|-activate|p2a: Walking Wake|ability: Protosynthesis\n|-start|p2a: Walking Wake|protosynthesisspe\n|turn|7\n|\n|t:|1700827895\n|move|p1a: \u522b\u770b\u4f60\u5988\u770b\u6211\u561b|Follow Me|p1a: \u522b\u770b\u4f60\u5988\u770b\u6211\u561b\n|-singleturn|p1a: \u522b\u770b\u4f60\u5988\u770b\u6211\u561b|move: Follow Me\n|move|p2a: Walking Wake|Weather Ball|p1a: \u522b\u770b\u4f60\u5988\u770b\u6211\u561b\n|-damage|p1a: \u522b\u770b\u4f60\u5988\u770b\u6211\u561b|0 fnt\n|faint|p1a: \u522b\u770b\u4f60\u5988\u770b\u6211\u561b\n|move|p1b: \u989d\u554a\uff01\u6dd8\u91d1\u6f6e\uff5e\uff5e|Shadow Ball|p2a: Walking Wake\n|-damage|p2a: Walking Wake|27\/100\n|move|p2b: Gliscor|Toxic|p1b: \u989d\u554a\uff01\u6dd8\u91d1\u6f6e\uff5e\uff5e\n|-immune|p1b: \u989d\u554a\uff01\u6dd8\u91d1\u6f6e\uff5e\uff5e|[from] ability: Good as Gold\n|\n|-weather|SunnyDay|[upkeep]\n|-heal|p1b: \u989d\u554a\uff01\u6dd8\u91d1\u6f6e\uff5e\uff5e|79\/100|[from] item: Leftovers\n|-heal|p2b: Gliscor|76\/100 tox|[from] ability: Poison Heal\n|upkeep\n|\n|t:|1700827920\n|switch|p1a: \u7ed9\u5927\u5bb6\u732e\u6b4c\u4e00\u66f2\u554a|Flutter Mane|46\/100\n|-damage|p1a: \u7ed9\u5927\u5bb6\u732e\u6b4c\u4e00\u66f2\u554a|34\/100|[from] Stealth Rock\n|-activate|p1a: \u7ed9\u5927\u5bb6\u732e\u6b4c\u4e00\u66f2\u554a|ability: Protosynthesis\n|-start|p1a: \u7ed9\u5927\u5bb6\u732e\u6b4c\u4e00\u66f2\u554a|protosynthesisspe\n|turn|8\n|\n|t:|1700827933\n|move|p1a: \u7ed9\u5927\u5bb6\u732e\u6b4c\u4e00\u66f2\u554a|Protect|p1a: \u7ed9\u5927\u5bb6\u732e\u6b4c\u4e00\u66f2\u554a\n|-singleturn|p1a: \u7ed9\u5927\u5bb6\u732e\u6b4c\u4e00\u66f2\u554a|Protect\n|move|p1b: \u989d\u554a\uff01\u6dd8\u91d1\u6f6e\uff5e\uff5e|Protect|p1b: \u989d\u554a\uff01\u6dd8\u91d1\u6f6e\uff5e\uff5e\n|-singleturn|p1b: \u989d\u554a\uff01\u6dd8\u91d1\u6f6e\uff5e\uff5e|Protect\n|move|p2b: Gliscor|Protect|p2b: Gliscor\n|-singleturn|p2b: Gliscor|Protect\n|move|p2a: Walking Wake|Weather Ball|p1b: \u989d\u554a\uff01\u6dd8\u91d1\u6f6e\uff5e\uff5e\n|-activate|p1b: \u989d\u554a\uff01\u6dd8\u91d1\u6f6e\uff5e\uff5e|move: Protect\n|\n|-weather|none\n|-end|p1a: \u7ed9\u5927\u5bb6\u732e\u6b4c\u4e00\u66f2\u554a|Protosynthesis\n|-end|p2a: Walking Wake|Protosynthesis\n|-heal|p1b: \u989d\u554a\uff01\u6dd8\u91d1\u6f6e\uff5e\uff5e|85\/100|[from] item: Leftovers\n|-heal|p2b: Gliscor|88\/100 tox|[from] ability: Poison Heal\n|upkeep\n|turn|9\n|\n|t:|1700827974\n|switch|p2b: Torkoal|Torkoal, M|100\/100\n|-weather|SunnyDay|[from] ability: Drought|[of] p2b: Torkoal\n|-activate|p1a: \u7ed9\u5927\u5bb6\u732e\u6b4c\u4e00\u66f2\u554a|ability: Protosynthesis\n|-start|p1a: \u7ed9\u5927\u5bb6\u732e\u6b4c\u4e00\u66f2\u554a|protosynthesisspe\n|-activate|p2a: Walking Wake|ability: Protosynthesis\n|-start|p2a: Walking Wake|protosynthesisspe\n|move|p1a: \u7ed9\u5927\u5bb6\u732e\u6b4c\u4e00\u66f2\u554a|Moonblast|p2a: Walking Wake\n|-supereffective|p2a: Walking Wake\n|-damage|p2a: Walking Wake|0 fnt\n|faint|p2a: Walking Wake\n|-end|p2a: Walking Wake|Protosynthesis|[silent]\n|move|p1b: \u989d\u554a\uff01\u6dd8\u91d1\u6f6e\uff5e\uff5e|Nasty Plot|p1b: \u989d\u554a\uff01\u6dd8\u91d1\u6f6e\uff5e\uff5e\n|-boost|p1b: \u989d\u554a\uff01\u6dd8\u91d1\u6f6e\uff5e\uff5e|spa|2\n|\n|-weather|SunnyDay|[upkeep]\n|-heal|p1b: \u989d\u554a\uff01\u6dd8\u91d1\u6f6e\uff5e\uff5e|92\/100|[from] item: Leftovers\n|upkeep\n|\n|t:|1700827997\n|switch|p2a: Volcanion|Volcanion|100\/100\n|turn|10\n|\n|t:|1700828009\n|-terastallize|p1b: \u989d\u554a\uff01\u6dd8\u91d1\u6f6e\uff5e\uff5e|Flying\n|move|p1a: \u7ed9\u5927\u5bb6\u732e\u6b4c\u4e00\u66f2\u554a|Moonblast|p2a: Volcanion\n|-resisted|p2a: Volcanion\n|-damage|p2a: Volcanion|81\/100\n|move|p1b: \u989d\u554a\uff01\u6dd8\u91d1\u6f6e\uff5e\uff5e|Shadow Ball|p2a: Volcanion\n|-damage|p2a: Volcanion|18\/100\n|move|p2a: Volcanion|Heat Wave|p1b: \u989d\u554a\uff01\u6dd8\u91d1\u6f6e\uff5e\uff5e|[spread] p1a,p1b\n|-damage|p1a: \u7ed9\u5927\u5bb6\u732e\u6b4c\u4e00\u66f2\u554a|0 fnt\n|-damage|p1b: \u989d\u554a\uff01\u6dd8\u91d1\u6f6e\uff5e\uff5e|32\/100\n|faint|p1a: \u7ed9\u5927\u5bb6\u732e\u6b4c\u4e00\u66f2\u554a\n|-end|p1a: \u7ed9\u5927\u5bb6\u732e\u6b4c\u4e00\u66f2\u554a|Protosynthesis|[silent]\n|move|p2b: Torkoal|Heat Wave|p1b: \u989d\u554a\uff01\u6dd8\u91d1\u6f6e\uff5e\uff5e\n|-damage|p1b: \u989d\u554a\uff01\u6dd8\u91d1\u6f6e\uff5e\uff5e|0 fnt\n|faint|p1b: \u989d\u554a\uff01\u6dd8\u91d1\u6f6e\uff5e\uff5e\n|\n|-weather|SunnyDay|[upkeep]\n|upkeep\n|\n|t:|1700828024\n|switch|p1a: \u5454\uff01_______.\uff08149\u5206\uff09|Ogerpon-Wellspring, F|100\/100\n|switch|p1b: \u76d6\u8bfa\u8d5b\u514b\u7279|Landorus-Therian, M|61\/100\n|-damage|p1b: \u76d6\u8bfa\u8d5b\u514b\u7279|49\/100|[from] Stealth Rock\n|-ability|p1b: \u76d6\u8bfa\u8d5b\u514b\u7279|Intimidate|boost\n|-unboost|p2a: Volcanion|atk|1\n|-unboost|p2b: Torkoal|atk|1\n|-damage|p1a: \u5454\uff01_______.\uff08149\u5206\uff09|88\/100|[from] Stealth Rock\n|turn|11\n|\n|t:|1700828045\n|move|p2b: Torkoal|Protect|p2b: Torkoal\n|-singleturn|p2b: Torkoal|Protect\n|move|p1b: \u76d6\u8bfa\u8d5b\u514b\u7279|Rock Slide|p2a: Volcanion|[spread] p2a\n|-activate|p2b: Torkoal|move: Protect\n|-supereffective|p2a: Volcanion\n|-damage|p2a: Volcanion|0 fnt\n|faint|p2a: Volcanion\n|move|p1a: \u5454\uff01_______.\uff08149\u5206\uff09|Swords Dance|p1a: \u5454\uff01_______.\uff08149\u5206\uff09\n|-boost|p1a: \u5454\uff01_______.\uff08149\u5206\uff09|atk|2\n|\n|-weather|SunnyDay|[upkeep]\n|upkeep\n|\n|t:|1700828057\n|switch|p2a: Gliscor|Gliscor, M|88\/100 tox\n|turn|12\n|\n|t:|1700828100\n|move|p2b: Torkoal|Protect||[still]\n|-fail|p2b: Torkoal\n|move|p1b: \u76d6\u8bfa\u8d5b\u514b\u7279|Rock Slide|p2a: Gliscor|[spread] p2a\n|-miss|p1b: \u76d6\u8bfa\u8d5b\u514b\u7279|p2b: Torkoal\n|-damage|p2a: Gliscor|73\/100 tox\n|move|p1a: \u5454\uff01_______.\uff08149\u5206\uff09|Ivy Cudgel|p2b: Torkoal|[anim] Ivy Cudgel Water\n|-supereffective|p2b: Torkoal\n|-damage|p2b: Torkoal|32\/100\n|cant|p2a: Gliscor|flinch\n|\n|-weather|SunnyDay|[upkeep]\n|-heal|p2a: Gliscor|85\/100 tox|[from] ability: Poison Heal\n|upkeep\n|turn|13\n|\n|t:|1700828118\n|move|p2b: Torkoal|Protect|p2b: Torkoal\n|-singleturn|p2b: Torkoal|Protect\n|move|p1b: \u76d6\u8bfa\u8d5b\u514b\u7279|Rock Slide|p2a: Gliscor|[spread] p2a\n|-activate|p2b: Torkoal|move: Protect\n|-damage|p2a: Gliscor|70\/100 tox\n|move|p1a: \u5454\uff01_______.\uff08149\u5206\uff09|Ivy Cudgel|p2b: Torkoal|[anim] Ivy Cudgel Water\n|-activate|p2b: Torkoal|move: Protect\n|move|p2a: Gliscor|Toxic|p1b: \u76d6\u8bfa\u8d5b\u514b\u7279\n|-status|p1b: \u76d6\u8bfa\u8d5b\u514b\u7279|tox\n|\n|-weather|SunnyDay|[upkeep]\n|-damage|p1b: \u76d6\u8bfa\u8d5b\u514b\u7279|43\/100 tox|[from] psn\n|-heal|p2a: Gliscor|82\/100 tox|[from] ability: Poison Heal\n|upkeep\n|turn|14\n|\n|t:|1700828136\n|move|p1b: \u76d6\u8bfa\u8d5b\u514b\u7279|Rock Slide|p2a: Gliscor|[spread] p2a,p2b\n|-supereffective|p2b: Torkoal\n|-damage|p2a: Gliscor|68\/100 tox\n|-damage|p2b: Torkoal|6\/100\n|move|p1a: \u5454\uff01_______.\uff08149\u5206\uff09|Ivy Cudgel|p2b: Torkoal|[anim] Ivy Cudgel Water\n|-supereffective|p2b: Torkoal\n|-damage|p2b: Torkoal|0 fnt\n|faint|p2b: Torkoal\n|cant|p2a: Gliscor|flinch\n|\n|-weather|SunnyDay|[upkeep]\n|-damage|p1b: \u76d6\u8bfa\u8d5b\u514b\u7279|30\/100 tox|[from] psn\n|-heal|p2a: Gliscor|81\/100 tox|[from] ability: Poison Heal\n|upkeep\n|turn|15\n|\n|t:|1700828153\n|move|p2a: Gliscor|Protect|p2a: Gliscor\n|-singleturn|p2a: Gliscor|Protect\n|move|p1b: \u76d6\u8bfa\u8d5b\u514b\u7279|Rock Slide|p2a: Gliscor\n|-activate|p2a: Gliscor|move: Protect\n|move|p1a: \u5454\uff01_______.\uff08149\u5206\uff09|Ivy Cudgel|p2a: Gliscor|[anim] Ivy Cudgel Water\n|-activate|p2a: Gliscor|move: Protect\n|\n|-weather|SunnyDay|[upkeep]\n|-damage|p1b: \u76d6\u8bfa\u8d5b\u514b\u7279|12\/100 tox|[from] psn\n|-heal|p2a: Gliscor|93\/100 tox|[from] ability: Poison Heal\n|upkeep\n|turn|16\n|\n|t:|1700828166\n|move|p1b: \u76d6\u8bfa\u8d5b\u514b\u7279|Rock Slide|p2a: Gliscor\n|-damage|p2a: Gliscor|71\/100 tox\n|move|p1a: \u5454\uff01_______.\uff08149\u5206\uff09|Ivy Cudgel|p2a: Gliscor|[anim] Ivy Cudgel Water\n|-supereffective|p2a: Gliscor\n|-damage|p2a: Gliscor|0 fnt\n|faint|p2a: Gliscor\n|\n|win|OPieceOfHeroGhost\n|raw|OPieceOfHeroGhost's rating: 1455 &rarr; <strong>1477<\/strong><br \/>(+22 for winning)\n|raw|PikaPolloDVMella's rating: 1489 &rarr; <strong>1467<\/strong><br \/>(-22 for losing)\n","uploadtime":1700828170,"views":5,"p1id":"opieceofheroghost","p2id":"pikapollodvmella","formatid":"gen9doublesou","rating":1467,"private":0,"password":""}