{"id":"gen9doublesou-1983089653","p1":"GodsGiftToPokemon","p2":"sleepcooling","format":"[Gen 9] Doubles OU","log":"|j|\u2606GodsGiftToPokemon\n|j|\u2606sleepcooling\n|t:|1699083543\n|gametype|doubles\n|player|p1|GodsGiftToPokemon|chef|1530\n|player|p2|sleepcooling|gloria|1394\n|teamsize|p1|6\n|teamsize|p2|6\n|gen|9\n|tier|[Gen 9] Doubles OU\n|rated|\n|rule|Species Clause: Limit one of each Pok\u00e9mon\n|rule|OHKO Clause: OHKO moves are banned\n|rule|Evasion Moves Clause: Evasion moves are banned\n|rule|Gravity Sleep Clause: The combination of sleep-inducing moves with imperfect accuracy and Gravity or Gigantamax Orbeetle are banned\n|rule|Endless Battle Clause: Forcing endless battles is banned\n|rule|HP Percentage Mod: HP is shown in percentages\n|clearpoke\n|poke|p1|Roaring Moon|\n|poke|p1|Volbeat, M|\n|poke|p1|Heatran, M|\n|poke|p1|Sinistcha-Masterpiece|\n|poke|p1|Flutter Mane|\n|poke|p1|Garganacl, M|\n|poke|p2|Ogerpon-Hearthflame, F|\n|poke|p2|Chi-Yu|\n|poke|p2|Ninetales, F|\n|poke|p2|Walking Wake|\n|poke|p2|Flutter Mane|\n|poke|p2|Coalossal, M|\n|teampreview\n|inactive|Battle timer is ON: inactive players will automatically lose when time's up. (requested by GodsGiftToPokemon)\n|\n|t:|1699083571\n|start\n|switch|p1a: Volbeat|Volbeat, M, shiny|100\/100\n|switch|p1b: Garganacl|Garganacl, M|100\/100\n|switch|p2a: Walking Wake|Walking Wake|100\/100\n|switch|p2b: Coalossal|Coalossal, M|100\/100\n|turn|1\n|inactive|GodsGiftToPokemon has 120 seconds left.\n|\n|t:|1699083603\n|-terastallize|p2b: Coalossal|Fire\n|move|p2a: Walking Wake|Aqua Jet|p2b: Coalossal\n|-supereffective|p2b: Coalossal\n|-damage|p2b: Coalossal|84\/100\n|-ability|p2b: Coalossal|Steam Engine|boost\n|-boost|p2b: Coalossal|spe|6\n|-enditem|p2b: Coalossal|Weakness Policy\n|-boost|p2b: Coalossal|atk|2|[from] item: Weakness Policy\n|-boost|p2b: Coalossal|spa|2|[from] item: Weakness Policy\n|move|p1a: Volbeat|Tailwind|p1a: Volbeat\n|-sidestart|p1: GodsGiftToPokemon|move: Tailwind\n|move|p2b: Coalossal|Heat Wave|p1a: Volbeat|[spread] p1a\n|-miss|p2b: Coalossal|p1b: Garganacl\n|-supereffective|p1a: Volbeat\n|-enditem|p1a: Volbeat|Focus Sash\n|-damage|p1a: Volbeat|1\/100\n|-status|p1a: Volbeat|brn\n|move|p1b: Garganacl|Salt Cure|p2a: Walking Wake\n|-damage|p2a: Walking Wake|85\/100\n|-start|p2a: Walking Wake|Salt Cure\n|\n|-damage|p1a: Volbeat|0 fnt|[from] brn\n|faint|p1a: Volbeat\n|-damage|p2a: Walking Wake|60\/100|[from] Salt Cure\n|upkeep\n|inactive|GodsGiftToPokemon has 120 seconds left.\n|\n|t:|1699083635\n|switch|p1a: Heatran|Heatran, M|100\/100\n|turn|2\n|\n|t:|1699083652\n|move|p1a: Heatran|Protect|p1a: Heatran\n|-singleturn|p1a: Heatran|Protect\n|move|p2b: Coalossal|Earth Power|p1a: Heatran\n|-activate|p1a: Heatran|move: Protect\n|move|p2a: Walking Wake|Hydro Steam|p1b: Garganacl\n|-supereffective|p1b: Garganacl\n|-damage|p1b: Garganacl|33\/100\n|move|p1b: Garganacl|Salt Cure|p2b: Coalossal\n|-supereffective|p2b: Coalossal\n|-damage|p2b: Coalossal|62\/100\n|-start|p2b: Coalossal|Salt Cure\n|\n|-heal|p1b: Garganacl|39\/100|[from] item: Leftovers\n|-damage|p2b: Coalossal|50\/100|[from] Salt Cure\n|-damage|p2a: Walking Wake|36\/100|[from] Salt Cure\n|upkeep\n|turn|3\n|inactive|GodsGiftToPokemon has 120 seconds left.\n|\n|t:|1699083684\n|-terastallize|p1a: Heatran|Grass\n|move|p2b: Coalossal|Power Gem|p1a: Heatran\n|-damage|p1a: Heatran|51\/100\n|move|p1a: Heatran|Earth Power|p2b: Coalossal\n|-supereffective|p2b: Coalossal\n|-damage|p2b: Coalossal|0 fnt\n|faint|p2b: Coalossal\n|move|p2a: Walking Wake|Draco Meteor|p1a: Heatran\n|-damage|p1a: Heatran|0 fnt\n|-unboost|p2a: Walking Wake|spa|2\n|faint|p1a: Heatran\n|move|p1b: Garganacl|Body Press|p2a: Walking Wake\n|-damage|p2a: Walking Wake|10\/100\n|\n|-heal|p1b: Garganacl|46\/100|[from] item: Leftovers\n|-damage|p2a: Walking Wake|0 fnt|[from] Salt Cure\n|faint|p2a: Walking Wake\n|-end|p2a: Walking Wake|Protosynthesis|[silent]\n|upkeep\n|inactive|GodsGiftToPokemon has 120 seconds left.\n|\n|t:|1699083707\n|switch|p2a: Chi-Yu|Chi-Yu|100\/100\n|switch|p1a: Sinistcha|Sinistcha-Masterpiece|100\/100\n|switch|p2b: Ninetales|Ninetales, F|100\/100\n|-ability|p2a: Chi-Yu|Beads of Ruin\n|-heal|p1b: Garganacl|71\/100|[from] ability: Hospitality|[of] p1a: Sinistcha\n|-weather|SunnyDay|[from] ability: Drought|[of] p2b: Ninetales\n|turn|4\n|\n|t:|1699083720\n|switch|p1a: Roaring Moon|Roaring Moon|100\/100\n|-activate|p1a: Roaring Moon|ability: Protosynthesis\n|-start|p1a: Roaring Moon|protosynthesisatk\n|move|p1b: Garganacl|Wide Guard|p1b: Garganacl\n|-singleturn|p1b: Garganacl|Wide Guard\n|move|p2a: Chi-Yu|Heat Wave|p1b: Garganacl|[spread] \n|-activate|p1a: Roaring Moon|move: Wide Guard\n|-activate|p1b: Garganacl|move: Wide Guard\n|move|p2b: Ninetales|Heat Wave|p1b: Garganacl|[spread] \n|-activate|p1a: Roaring Moon|move: Wide Guard\n|-activate|p1b: Garganacl|move: Wide Guard\n|\n|-weather|SunnyDay|[upkeep]\n|-heal|p1b: Garganacl|77\/100|[from] item: Leftovers\n|-sideend|p1: GodsGiftToPokemon|move: Tailwind\n|upkeep\n|turn|5\n|\n|t:|1699083743\n|switch|p2a: Flutter Mane|Flutter Mane|100\/100\n|-activate|p2a: Flutter Mane|ability: Protosynthesis\n|-start|p2a: Flutter Mane|protosynthesisspe\n|move|p2b: Ninetales|Protect|p2b: Ninetales\n|-singleturn|p2b: Ninetales|Protect\n|move|p1b: Garganacl|Wide Guard|p1b: Garganacl\n|-singleturn|p1b: Garganacl|Wide Guard\n|move|p1a: Roaring Moon|Acrobatics|p2a: Flutter Mane\n|-crit|p2a: Flutter Mane\n|-damage|p2a: Flutter Mane|7\/100\n|\n|-weather|SunnyDay|[upkeep]\n|-heal|p1b: Garganacl|83\/100|[from] item: Leftovers\n|upkeep\n|turn|6\n|\n|t:|1699083762\n|move|p2b: Ninetales|Helping Hand|p2a: Flutter Mane\n|-singleturn|p2a: Flutter Mane|Helping Hand|[of] p2b: Ninetales\n|move|p1a: Roaring Moon|Protect|p1a: Roaring Moon\n|-singleturn|p1a: Roaring Moon|Protect\n|move|p2a: Flutter Mane|Moonblast|p1b: Garganacl\n|-damage|p1b: Garganacl|0 fnt\n|faint|p1b: Garganacl\n|\n|-weather|SunnyDay|[upkeep]\n|upkeep\n|\n|t:|1699083776\n|switch|p1b: Flutter Mane|Flutter Mane|100\/100\n|-activate|p1b: Flutter Mane|ability: Protosynthesis\n|-start|p1b: Flutter Mane|protosynthesisspe\n|turn|7\n|\n|t:|1699083792\n|move|p2a: Flutter Mane|Moonblast|p1a: Roaring Moon\n|-supereffective|p1a: Roaring Moon\n|-damage|p1a: Roaring Moon|0 fnt\n|faint|p1a: Roaring Moon\n|-end|p1a: Roaring Moon|Protosynthesis|[silent]\n|move|p1b: Flutter Mane|Moonblast|p2a: Flutter Mane\n|-damage|p2a: Flutter Mane|0 fnt\n|faint|p2a: Flutter Mane\n|-end|p2a: Flutter Mane|Protosynthesis|[silent]\n|move|p2b: Ninetales|Overheat|p1b: Flutter Mane\n|-damage|p1b: Flutter Mane|35\/100\n|-unboost|p2b: Ninetales|spa|2\n|\n|-weather|SunnyDay|[upkeep]\n|upkeep\n|-message|GodsGiftToPokemon forfeited.\n|\n|win|sleepcooling\n|raw|GodsGiftToPokemon's rating: 1530 &rarr; <strong>1503<\/strong><br \/>(-27 for losing)\n|raw|sleepcooling's rating: 1394 &rarr; <strong>1421<\/strong><br \/>(+27 for winning)\n|l|\u2606GodsGiftToPokemon\n","uploadtime":1699083821,"views":15,"p1id":"godsgifttopokemon","p2id":"sleepcooling","formatid":"gen9doublesou","rating":1421,"private":0,"password":""}