{"id":"gen9doublesou-1973694740","p1":"bellarepa","p2":"SpiderOmar","format":"[Gen 9] Doubles OU","log":"|j|\u2606bellarepa\n|j|\u2606SpiderOmar\n|t:|1698004151\n|gametype|doubles\n|player|p1|bellarepa|pokemonrangerf|1072\n|player|p2|SpiderOmar|riley|1146\n|teamsize|p1|6\n|teamsize|p2|6\n|gen|9\n|tier|[Gen 9] Doubles OU\n|rated|\n|rule|Species Clause: Limit one of each Pok\u00e9mon\n|rule|OHKO Clause: OHKO moves are banned\n|rule|Evasion Moves Clause: Evasion moves are banned\n|rule|Gravity Sleep Clause: The combination of sleep-inducing moves with imperfect accuracy and Gravity or Gigantamax Orbeetle are banned\n|rule|Endless Battle Clause: Forcing endless battles is banned\n|rule|HP Percentage Mod: HP is shown in percentages\n|clearpoke\n|poke|p1|Cresselia, F|\n|poke|p1|Iron Hands|\n|poke|p1|Kingambit, F|\n|poke|p1|Glastrier|\n|poke|p1|Diancie|\n|poke|p1|Indeedee-F, F|\n|poke|p2|Okidogi, M|\n|poke|p2|Flutter Mane|\n|poke|p2|Ogerpon-Hearthflame, F|\n|poke|p2|Ursaluna-Bloodmoon, M|\n|poke|p2|Amoonguss, F|\n|poke|p2|Torkoal, F|\n|teampreview\n|inactive|Battle timer is ON: inactive players will automatically lose when time's up. (requested by bellarepa)\n|\n|t:|1698004164\n|start\n|switch|p1a: downtown abbey|Indeedee-F, F, shiny|100\/100\n|switch|p1b: under pressure|Diancie, shiny|100\/100\n|switch|p2a: Torkoal|Torkoal, F|100\/100\n|switch|p2b: Ogerpon|Ogerpon-Hearthflame, F|100\/100\n|-ability|p2b: Ogerpon|Mold Breaker\n|-fieldstart|move: Psychic Terrain|[from] ability: Psychic Surge|[of] p1a: downtown abbey\n|-weather|SunnyDay|[from] ability: Drought|[of] p2a: Torkoal\n|turn|1\n|\n|t:|1698004182\n|move|p2b: Ogerpon|Trailblaze|p1b: under pressure\n|-supereffective|p1b: under pressure\n|-damage|p1b: under pressure|54\/100\n|-boost|p2b: Ogerpon|spe|1\n|-enditem|p1b: under pressure|Weakness Policy\n|-boost|p1b: under pressure|atk|2|[from] item: Weakness Policy\n|-boost|p1b: under pressure|spa|2|[from] item: Weakness Policy\n|move|p1b: under pressure|Diamond Storm|p2b: Ogerpon|[spread] p2a,p2b\n|-supereffective|p2a: Torkoal\n|-supereffective|p2b: Ogerpon\n|-damage|p2a: Torkoal|9\/100\n|-damage|p2b: Ogerpon|0 fnt\n|faint|p2b: Ogerpon\n|move|p2a: Torkoal|Solar Beam||[still]\n|-prepare|p2a: Torkoal|Solar Beam\n|-anim|p2a: Torkoal|Solar Beam|p1b: under pressure\n|-supereffective|p1b: under pressure\n|-damage|p1b: under pressure|8\/100\n|move|p1a: downtown abbey|Trick Room|p1a: downtown abbey\n|-fieldstart|move: Trick Room|[of] p1a: downtown abbey\n|\n|-weather|SunnyDay|[upkeep]\n|-heal|p2a: Torkoal|15\/100|[from] item: Leftovers\n|upkeep\n|\n|t:|1698004195\n|switch|p2b: Ursaluna|Ursaluna-Bloodmoon, M|100\/100\n|turn|2\n|\n|t:|1698004217\n|move|p2a: Torkoal|Heat Wave|p1a: downtown abbey|[spread] p1a\n|-miss|p2a: Torkoal|p1b: under pressure\n|-damage|p1a: downtown abbey|59\/100\n|move|p1b: under pressure|Body Press|p2b: Ursaluna\n|-supereffective|p2b: Ursaluna\n|-damage|p2b: Ursaluna|64\/100\n|move|p2b: Ursaluna|Calm Mind|p2b: Ursaluna\n|-boost|p2b: Ursaluna|spa|1\n|-boost|p2b: Ursaluna|spd|1\n|move|p1a: downtown abbey|Psychic|p2a: Torkoal\n|-damage|p2a: Torkoal|0 fnt\n|faint|p2a: Torkoal\n|\n|-weather|SunnyDay|[upkeep]\n|upkeep\n|\n|t:|1698004227\n|switch|p2a: Amoonguss|Amoonguss, F|100\/100\n|turn|3\n|\n|t:|1698004236\n|move|p2a: Amoonguss|Pollen Puff|p2b: Ursaluna\n|-heal|p2b: Ursaluna|100\/100\n|move|p1b: under pressure|Diamond Storm|p2b: Ursaluna|[spread] p2a,p2b\n|-resisted|p2b: Ursaluna\n|-damage|p2a: Amoonguss|49\/100\n|-damage|p2b: Ursaluna|80\/100\n|-enditem|p2a: Amoonguss|Sitrus Berry|[eat]\n|-heal|p2a: Amoonguss|74\/100|[from] item: Sitrus Berry\n|move|p2b: Ursaluna|Earth Power|p1b: under pressure\n|-supereffective|p1b: under pressure\n|-damage|p1b: under pressure|0 fnt\n|faint|p1b: under pressure\n|move|p1a: downtown abbey|Psychic|p2a: Amoonguss\n|-supereffective|p2a: Amoonguss\n|-damage|p2a: Amoonguss|4\/100\n|\n|-weather|SunnyDay|[upkeep]\n|upkeep\n|\n|t:|1698004251\n|switch|p1b: trojan horse|Glastrier|100\/100\n|turn|4\n|\n|t:|1698004268\n|move|p2a: Amoonguss|Rage Powder|p2a: Amoonguss\n|-singleturn|p2a: Amoonguss|move: Rage Powder\n|move|p1a: downtown abbey|Follow Me|p1a: downtown abbey\n|-singleturn|p1a: downtown abbey|move: Follow Me\n|move|p1b: trojan horse|Icicle Crash|p2a: Amoonguss|[miss]\n|-miss|p1b: trojan horse|p2a: Amoonguss\n|move|p2b: Ursaluna|Blood Moon|p1a: downtown abbey\n|-damage|p1a: downtown abbey|0 fnt\n|faint|p1a: downtown abbey\n|\n|-weather|SunnyDay|[upkeep]\n|upkeep\n|\n|t:|1698004279\n|switch|p1a: moon|Cresselia, F|100\/100\n|turn|5\n|\n|t:|1698004291\n|move|p2a: Amoonguss|Rage Powder|p2a: Amoonguss\n|-singleturn|p2a: Amoonguss|move: Rage Powder\n|move|p1a: moon|Ally Switch|p1a: moon\n|swap|p1a: moon|1|[from] move: Ally Switch\n|move|p1a: trojan horse|Icicle Crash|p2a: Amoonguss|[miss]\n|-miss|p1a: trojan horse|p2a: Amoonguss\n|move|p2b: Ursaluna|Earth Power|p1b: moon\n|-immune|p1b: moon|[from] ability: Levitate\n|\n|-weather|none\n|-fieldend|move: Trick Room\n|-fieldend|move: Psychic Terrain\n|upkeep\n|turn|6\n|\n|t:|1698004305\n|move|p2b: Ursaluna|Blood Moon|p1a: trojan horse\n|-damage|p1a: trojan horse|12\/100\n|move|p2a: Amoonguss|Spore|p1b: moon\n|-activate|p1b: moon|item: Safety Goggles|Spore\n|move|p1a: trojan horse|Heavy Slam|p2a: Amoonguss\n|-damage|p2a: Amoonguss|0 fnt\n|faint|p2a: Amoonguss\n|-ability|p1a: trojan horse|Chilling Neigh|boost\n|-boost|p1a: trojan horse|atk|1\n|-damage|p1a: trojan horse|2\/100|[from] item: Life Orb\n|move|p1b: moon|Trick Room|p1b: moon\n|-fieldstart|move: Trick Room|[of] p1b: moon\n|\n|upkeep\n|\n|t:|1698004320\n|switch|p2a: Flutter Mane|Flutter Mane|100\/100\n|turn|7\n|\n|t:|1698004330\n|switch|p2b: Okidogi|Okidogi, M|100\/100\n|move|p1a: trojan horse|Icicle Crash|p2b: Okidogi\n|-damage|p2b: Okidogi|24\/100\n|-damage|p1a: trojan horse|0 fnt|[from] item: Life Orb\n|faint|p1a: trojan horse\n|move|p1b: moon|Lunar Blessing||[still]\n|-fail|p1b: moon\n|move|p2a: Flutter Mane|Trick Room|p2a: Flutter Mane\n|-fieldend|move: Trick Room\n|\n|upkeep\n|\n|t:|1698004345\n|switch|p1a: robot|Iron Hands, shiny|100\/100\n|turn|8\n|\n|t:|1698004354\n|move|p1a: robot|Fake Out|p2b: Okidogi\n|-damage|p2b: Okidogi|10\/100\n|move|p2a: Flutter Mane|Imprison|p2a: Flutter Mane\n|-start|p2a: Flutter Mane|move: Imprison\n|cant|p2b: Okidogi|flinch\n|cant|p1b: moon|move: Imprison|Trick Room\n|\n|upkeep\n|turn|9\n|\n|t:|1698004369\n|switch|p1b: tokugawa|Kingambit, F, shiny|100\/100\n|move|p2a: Flutter Mane|Moonblast|p1a: robot\n|-supereffective|p1a: robot\n|-damage|p1a: robot|59\/100\n|move|p2b: Okidogi|Drain Punch|p1a: robot\n|-damage|p1a: robot|29\/100\n|-heal|p2b: Okidogi|27\/100|[from] drain|[of] p1a: robot\n|move|p1a: robot|Ice Punch|p2b: Okidogi\n|-damage|p2b: Okidogi|3\/100\n|\n|upkeep\n|turn|10\n|\n|t:|1698004392\n|move|p1b: tokugawa|Protect|p1b: tokugawa\n|-singleturn|p1b: tokugawa|Protect\n|move|p2a: Flutter Mane|Moonblast|p1a: robot\n|-supereffective|p1a: robot\n|-damage|p1a: robot|0 fnt\n|faint|p1a: robot\n|-end|p1a: robot|Quark Drive|[silent]\n|move|p2b: Okidogi|Drain Punch|p1b: tokugawa\n|-activate|p1b: tokugawa|move: Protect\n|\n|upkeep\n|\n|t:|1698004398\n|switch|p1a: moon|Cresselia, F|100\/100\n|turn|11\n|\n|t:|1698004414\n|move|p2a: Flutter Mane|Shadow Ball|p1a: moon\n|-supereffective|p1a: moon\n|-damage|p1a: moon|61\/100\n|move|p2b: Okidogi|Drain Punch|p1b: tokugawa\n|-supereffective|p1b: tokugawa\n|-damage|p1b: tokugawa|0 fnt\n|-heal|p2b: Okidogi|57\/100|[from] drain|[of] p1b: tokugawa\n|faint|p1b: tokugawa\n|move|p1a: moon|Psychic|p2b: Okidogi\n|-supereffective|p2b: Okidogi\n|-crit|p2b: Okidogi\n|-damage|p2b: Okidogi|0 fnt\n|faint|p2b: Okidogi\n|\n|upkeep\n|\n|t:|1698004420\n|switch|p2b: Ursaluna|Ursaluna-Bloodmoon, M|80\/100\n|turn|12\n|-message|bellarepa forfeited.\n|\n|win|SpiderOmar\n|raw|bellarepa's rating: 1072 &rarr; <strong>1056<\/strong><br \/>(-16 for losing)\n|raw|SpiderOmar's rating: 1146 &rarr; <strong>1166<\/strong><br \/>(+20 for winning)\n|l|\u2606bellarepa\n","uploadtime":1698004425,"views":13,"p1id":"bellarepa","p2id":"spideromar","formatid":"gen9doublesou","rating":1056,"private":0,"password":""}