{"id":"gen9doublesou-1972362539","p1":"Kevin Dickey12","p2":"Wookiebacon","format":"[Gen 9] Doubles OU","log":"|j|\u2606Kevin Dickey12\n|j|\u2606Wookiebacon\n|t:|1697834977\n|gametype|doubles\n|player|p1|Kevin Dickey12|nate|\n|player|p2|Wookiebacon|iris|\n|teamsize|p1|6\n|teamsize|p2|6\n|gen|9\n|tier|[Gen 9] Doubles OU\n|rule|Species Clause: Limit one of each Pok\u00e9mon\n|rule|OHKO Clause: OHKO moves are banned\n|rule|Evasion Moves Clause: Evasion moves are banned\n|rule|Gravity Sleep Clause: The combination of sleep-inducing moves with imperfect accuracy and Gravity or Gigantamax Orbeetle are banned\n|rule|Endless Battle Clause: Forcing endless battles is banned\n|rule|HP Percentage Mod: HP is shown in percentages\n|clearpoke\n|poke|p1|Walking Wake|\n|poke|p1|Maushold-Four|\n|poke|p1|Hippowdon, F|\n|poke|p1|Bronzong|\n|poke|p1|Ninetales, M|\n|poke|p1|Enamorus, F|\n|poke|p2|Sylveon, F|\n|poke|p2|Iron Bundle|\n|poke|p2|Dragonite, F|\n|poke|p2|Amoonguss, F|\n|poke|p2|Donphan, M|\n|poke|p2|Scizor, M|\n|teampreview\n|\n|t:|1697834988\n|start\n|switch|p1a: Enamorus|Enamorus, F, shiny|100\/100\n|switch|p1b: Bronzong|Bronzong, shiny|100\/100\n|switch|p2a: Kinoko Komori|Amoonguss, F|100\/100\n|switch|p2b: Tetsu Tetsu|Scizor, M|100\/100\n|turn|1\n|\n|t:|1697835026\n|switch|p2a: Ryuko Tatsuma|Dragonite, F|100\/100\n|move|p1a: Enamorus|Taunt|p2a: Ryuko Tatsuma\n|-start|p2a: Ryuko Tatsuma|move: Taunt\n|move|p2b: Tetsu Tetsu|Swords Dance|p2b: Tetsu Tetsu\n|-boost|p2b: Tetsu Tetsu|atk|2\n|move|p1b: Bronzong|Reflect|p1b: Bronzong\n|-sidestart|p1: Kevin Dickey12|Reflect\n|\n|upkeep\n|turn|2\n|\n|t:|1697835050\n|move|p2b: Tetsu Tetsu|Bullet Punch|p1a: Enamorus\n|-supereffective|p1a: Enamorus\n|-damage|p1a: Enamorus|0 fnt\n|faint|p1a: Enamorus\n|-damage|p2b: Tetsu Tetsu|91\/100|[from] item: Life Orb\n|move|p2a: Ryuko Tatsuma|Brick Break|p1b: Bronzong\n|-sideend|p1: Kevin Dickey12|Reflect\n|-damage|p1b: Bronzong|79\/100\n|move|p1b: Bronzong|Light Screen|p1b: Bronzong\n|-sidestart|p1: Kevin Dickey12|move: Light Screen\n|\n|upkeep\n|\n|t:|1697835077\n|switch|p1a: Walking Wake|Walking Wake|100\/100\n|turn|3\n|j| Redzone92\n|\n|t:|1697835128\n|move|p1a: Walking Wake|Flamethrower|p2b: Tetsu Tetsu\n|-supereffective|p2b: Tetsu Tetsu\n|-damage|p2b: Tetsu Tetsu|0 fnt\n|faint|p2b: Tetsu Tetsu\n|move|p2a: Ryuko Tatsuma|Dragon Claw|p1a: Walking Wake\n|-supereffective|p1a: Walking Wake\n|-damage|p1a: Walking Wake|0 fnt\n|faint|p1a: Walking Wake\n|-end|p1a: Walking Wake|Protosynthesis|[silent]\n|move|p1b: Bronzong|Psychic|p2a: Ryuko Tatsuma\n|-damage|p2a: Ryuko Tatsuma|87\/100\n|\n|-end|p2a: Ryuko Tatsuma|move: Taunt\n|upkeep\n|\n|t:|1697835154\n|switch|p1a: Hippowdon|Hippowdon, F|100\/100\n|switch|p2b: Fat Gum|Donphan, M|100\/100\n|turn|4\n|\n|t:|1697835174\n|-terastallize|p1a: Hippowdon|Water\n|move|p2a: Ryuko Tatsuma|Brick Break|p1a: Hippowdon\n|-sideend|p1: Kevin Dickey12|move: Light Screen\n|-damage|p1a: Hippowdon|85\/100\n|move|p2b: Fat Gum|Knock Off|p1b: Bronzong\n|-supereffective|p1b: Bronzong\n|-damage|p1b: Bronzong|0 fnt\n|-enditem|p1b: Bronzong|Light Clay|[from] move: Knock Off|[of] p2b: Fat Gum\n|faint|p1b: Bronzong\n|move|p1a: Hippowdon|Rock Slide|p2a: Ryuko Tatsuma|[spread] p2a,p2b\n|-supereffective|p2a: Ryuko Tatsuma\n|-resisted|p2b: Fat Gum\n|-damage|p2a: Ryuko Tatsuma|55\/100\n|-damage|p2b: Fat Gum|95\/100\n|\n|upkeep\n|\n|t:|1697835190\n|switch|p1b: Ninetales|Ninetales, M, shiny|100\/100\n|-weather|SunnyDay|[from] ability: Drought|[of] p1b: Ninetales\n|turn|5\n|\n|t:|1697835218\n|switch|p2b: Nejire Hado|Sylveon, F, shiny|100\/100\n|move|p1b: Ninetales|Heat Wave|p2a: Ryuko Tatsuma|[spread] p2a,p2b\n|-resisted|p2a: Ryuko Tatsuma\n|-damage|p2a: Ryuko Tatsuma|32\/100\n|-damage|p2b: Nejire Hado|72\/100\n|move|p2a: Ryuko Tatsuma|Dragon Claw|p1b: Ninetales\n|-damage|p1b: Ninetales|13\/100\n|move|p1a: Hippowdon|Rock Slide|p2a: Ryuko Tatsuma|[spread] p2a,p2b\n|-supereffective|p2a: Ryuko Tatsuma\n|-damage|p2a: Ryuko Tatsuma|1\/100\n|-damage|p2b: Nejire Hado|61\/100\n|\n|-weather|SunnyDay|[upkeep]\n|upkeep\n|turn|6\n|\n|t:|1697835246\n|move|p1b: Ninetales|Protect|p1b: Ninetales\n|-singleturn|p1b: Ninetales|Protect\n|move|p2a: Ryuko Tatsuma|Brick Break|p1a: Hippowdon\n|-damage|p1a: Hippowdon|70\/100\n|move|p2b: Nejire Hado|Hyper Voice|p1b: Ninetales|[spread] p1a\n|-activate|p1b: Ninetales|move: Protect\n|-damage|p1a: Hippowdon|35\/100\n|-enditem|p1a: Hippowdon|Sitrus Berry|[eat]\n|-heal|p1a: Hippowdon|60\/100|[from] item: Sitrus Berry\n|-enditem|p2b: Nejire Hado|Throat Spray\n|-boost|p2b: Nejire Hado|spa|1|[from] item: Throat Spray\n|move|p1a: Hippowdon|Rock Slide|p2b: Nejire Hado|[spread] p2b\n|-miss|p1a: Hippowdon|p2a: Ryuko Tatsuma\n|-damage|p2b: Nejire Hado|49\/100\n|\n|-weather|SunnyDay|[upkeep]\n|upkeep\n|turn|7\n|\n|t:|1697835273\n|move|p1b: Ninetales|Heat Wave|p2b: Nejire Hado|[spread] p2a,p2b\n|-resisted|p2a: Ryuko Tatsuma\n|-damage|p2a: Ryuko Tatsuma|0 fnt\n|-damage|p2b: Nejire Hado|22\/100\n|faint|p2a: Ryuko Tatsuma\n|move|p2b: Nejire Hado|Hyper Voice|p1b: Ninetales|[spread] p1a,p1b\n|-resisted|p1b: Ninetales\n|-damage|p1a: Hippowdon|13\/100\n|-damage|p1b: Ninetales|0 fnt\n|faint|p1b: Ninetales\n|move|p1a: Hippowdon|Rock Slide|p2b: Nejire Hado\n|-damage|p2b: Nejire Hado|5\/100\n|\n|-weather|SunnyDay|[upkeep]\n|upkeep\n|\n|t:|1697835286\n|switch|p1b: Maushold|Maushold-Four, shiny|100\/100\n|switch|p2a: Hatsume's Creation|Iron Bundle|100\/100\n|turn|8\n|\n|t:|1697835304\n|move|p2a: Hatsume's Creation|Ice Beam|p1b: Maushold\n|-damage|p1b: Maushold|18\/100\n|move|p1b: Maushold|After You|p1a: Hippowdon\n|-activate|p1a: Hippowdon|move: After You\n|move|p1a: Hippowdon|Rock Slide|p2a: Hatsume's Creation|[spread] p2b\n|-miss|p1a: Hippowdon|p2a: Hatsume's Creation\n|-damage|p2b: Nejire Hado|0 fnt\n|faint|p2b: Nejire Hado\n|\n|-weather|SunnyDay|[upkeep]\n|upkeep\n|\n|t:|1697835314\n|switch|p2b: Fat Gum|Donphan, M|95\/100\n|turn|9\n|\n|t:|1697835327\n|-terastallize|p2a: Hatsume's Creation|Flying\n|move|p1b: Maushold|Follow Me|p1b: Maushold\n|-singleturn|p1b: Maushold|move: Follow Me\n|move|p2a: Hatsume's Creation|Ice Beam|p1b: Maushold\n|-damage|p1b: Maushold|0 fnt\n|faint|p1b: Maushold\n|move|p2b: Fat Gum|Earthquake|p1a: Hippowdon|[spread] p1a\n|-immune|p2a: Hatsume's Creation\n|-damage|p1a: Hippowdon|0 fnt\n|faint|p1a: Hippowdon\n|\n|win|Wookiebacon\n","uploadtime":1697835340,"views":21,"p1id":"kevindickey12","p2id":"wookiebacon","formatid":"gen9doublesou","rating":0,"private":0,"password":""}