{"id":"gen9doublesou-1999108542","p1":"fadi9","p2":"silvaasunto","format":"[Gen 9] Doubles OU","log":"|j|\u2606fadi9\n|j|\u2606silvaasunto\n|t:|1701034030\n|gametype|doubles\n|player|p1|fadi9|wattson|1491\n|player|p2|silvaasunto|winona|1472\n|teamsize|p1|6\n|teamsize|p2|6\n|gen|9\n|tier|[Gen 9] Doubles OU\n|rated|\n|rule|Species Clause: Limit one of each Pok\u00e9mon\n|rule|OHKO Clause: OHKO moves are banned\n|rule|Evasion Moves Clause: Evasion moves are banned\n|rule|Gravity Sleep Clause: The combination of sleep-inducing moves with imperfect accuracy and Gravity or Gigantamax Orbeetle are banned\n|rule|Endless Battle Clause: Forcing endless battles is banned\n|rule|HP Percentage Mod: HP is shown in percentages\n|clearpoke\n|poke|p1|Tyranitar, F|\n|poke|p1|Roaring Moon|\n|poke|p1|Landorus-Therian, M|\n|poke|p1|Meowscarada, F|\n|poke|p1|Armarouge, M|\n|poke|p1|Indeedee-F, F|\n|poke|p2|Chien-Pao|\n|poke|p2|Baxcalibur, M|\n|poke|p2|Froslass, F|\n|poke|p2|Iron Bundle|\n|poke|p2|Abomasnow, F|\n|poke|p2|Ninetales-Alola, M|\n|teampreview\n|\n|t:|1701034055\n|start\n|switch|p1a: Armarouge|Armarouge, M|100\/100\n|switch|p1b: Indeedee|Indeedee-F, F, shiny|100\/100\n|switch|p2a: OBAMAsnow|Abomasnow, F|100\/100\n|switch|p2b: Yuh|Froslass, F|100\/100\n|-fieldstart|move: Psychic Terrain|[from] ability: Psychic Surge|[of] p1b: Indeedee\n|-enditem|p1b: Indeedee|Psychic Seed\n|-boost|p1b: Indeedee|spd|1|[from] item: Psychic Seed\n|-weather|Snow|[from] ability: Snow Warning|[of] p2a: OBAMAsnow\n|turn|1\n|\n|t:|1701034076\n|-terastallize|p2a: OBAMAsnow|Fire\n|move|p1b: Indeedee|Follow Me|p1b: Indeedee\n|-singleturn|p1b: Indeedee|move: Follow Me\n|move|p2b: Yuh|Trick|p1b: Indeedee\n|-activate|p2b: Yuh|move: Trick|[of] p1b: Indeedee\n|-item|p1b: Indeedee|Choice Scarf|[from] move: Trick\n|-enditem|p2b: Yuh|Choice Scarf|[silent]|[from] move: Trick\n|move|p2a: OBAMAsnow|Aurora Veil|p2a: OBAMAsnow\n|-sidestart|p2: silvaasunto|move: Aurora Veil\n|move|p1a: Armarouge|Trick Room|p1a: Armarouge\n|-fieldstart|move: Trick Room|[of] p1a: Armarouge\n|\n|-weather|Snow|[upkeep]\n|upkeep\n|turn|2\n|\n|t:|1701034101\n|switch|p2b: Shes EXTRA-libur|Baxcalibur, M|100\/100\n|move|p1b: Indeedee|Helping Hand|p1a: Armarouge\n|-singleturn|p1a: Armarouge|Helping Hand|[of] p1b: Indeedee\n|move|p2a: OBAMAsnow|Blizzard|p1b: Indeedee|[spread] p1a,p1b\n|-resisted|p1a: Armarouge\n|-damage|p1a: Armarouge|85\/100\n|-damage|p1b: Indeedee|87\/100\n|move|p1a: Armarouge|Expanding Force|p2b: Shes EXTRA-libur|[spread] p2a,p2b\n|-damage|p2a: OBAMAsnow|56\/100\n|-damage|p2b: Shes EXTRA-libur|50\/100\n|\n|-weather|Snow|[upkeep]\n|upkeep\n|turn|3\n|\n|t:|1701034122\n|switch|p2b: Min-pao|Chien-Pao|100\/100\n|-ability|p2b: Min-pao|Sword of Ruin\n|move|p1b: Indeedee|Helping Hand|p1a: Armarouge\n|-singleturn|p1a: Armarouge|Helping Hand|[of] p1b: Indeedee\n|move|p2a: OBAMAsnow|Blizzard|p1a: Armarouge|[spread] p1a,p1b\n|-resisted|p1a: Armarouge\n|-damage|p1a: Armarouge|70\/100\n|-damage|p1b: Indeedee|73\/100\n|move|p1a: Armarouge|Expanding Force|p2a: OBAMAsnow|[spread] p2a\n|-immune|p2b: Min-pao\n|-damage|p2a: OBAMAsnow|10\/100\n|\n|-weather|Snow|[upkeep]\n|upkeep\n|turn|4\n|\n|t:|1701034144\n|switch|p1b: Tyranitar|Tyranitar, F|100\/100\n|-weather|Sandstorm|[from] ability: Sand Stream|[of] p1b: Tyranitar\n|switch|p2b: Shes EXTRA-libur|Baxcalibur, M|50\/100\n|move|p2a: OBAMAsnow|Blizzard|p1a: Armarouge|[spread] p1a\n|-miss|p2a: OBAMAsnow|p1b: Tyranitar\n|-resisted|p1a: Armarouge\n|-damage|p1a: Armarouge|56\/100\n|-status|p1a: Armarouge|frz\n|cant|p1a: Armarouge|frz\n|\n|-weather|Sandstorm|[upkeep]\n|-damage|p2a: OBAMAsnow|4\/100|[from] Sandstorm\n|-damage|p1a: Armarouge|50\/100 frz|[from] Sandstorm\n|-damage|p2b: Shes EXTRA-libur|44\/100|[from] Sandstorm\n|upkeep\n|turn|5\n|\n|t:|1701034168\n|move|p2a: OBAMAsnow|Giga Drain|p1b: Tyranitar\n|-supereffective|p1b: Tyranitar\n|-damage|p1b: Tyranitar|83\/100\n|-heal|p2a: OBAMAsnow|13\/100|[from] drain|[of] p1b: Tyranitar\n|move|p1b: Tyranitar|Rock Slide|p2b: Shes EXTRA-libur|[spread] p2a,p2b\n|-supereffective|p2a: OBAMAsnow\n|-supereffective|p2b: Shes EXTRA-libur\n|-damage|p2a: OBAMAsnow|0 fnt\n|-damage|p2b: Shes EXTRA-libur|9\/100\n|-enditem|p2b: Shes EXTRA-libur|Aguav Berry|[eat]\n|-heal|p2b: Shes EXTRA-libur|42\/100|[from] item: Aguav Berry\n|faint|p2a: OBAMAsnow\n|cant|p1a: Armarouge|frz\n|cant|p2b: Shes EXTRA-libur|flinch\n|\n|-weather|Sandstorm|[upkeep]\n|-damage|p1a: Armarouge|44\/100 frz|[from] Sandstorm\n|-damage|p2b: Shes EXTRA-libur|36\/100|[from] Sandstorm\n|-fieldend|move: Trick Room\n|-fieldend|move: Psychic Terrain\n|upkeep\n|\n|t:|1701034177\n|switch|p2a: NineInches|Ninetales-Alola, M|100\/100\n|-weather|Snow|[from] ability: Snow Warning|[of] p2a: NineInches\n|turn|6\n|\n|t:|1701034201\n|move|p2a: NineInches|Hypnosis|p1b: Tyranitar|[miss]\n|-miss|p2a: NineInches|p1b: Tyranitar\n|move|p2b: Shes EXTRA-libur|Dragon Claw|p1a: Armarouge\n|-damage|p1a: Armarouge|4\/100 frz\n|cant|p1a: Armarouge|frz\n|move|p1b: Tyranitar|Rock Slide|p2a: NineInches|[spread] p2a,p2b\n|-supereffective|p2a: NineInches\n|-supereffective|p2b: Shes EXTRA-libur\n|-damage|p2a: NineInches|56\/100\n|-damage|p2b: Shes EXTRA-libur|12\/100\n|\n|-weather|Snow|[upkeep]\n|upkeep\n|turn|7\n|\n|t:|1701034223\n|move|p2a: NineInches|Hypnosis|p1b: Tyranitar|[miss]\n|-miss|p2a: NineInches|p1b: Tyranitar\n|move|p2b: Shes EXTRA-libur|Dragon Claw|p1a: Armarouge\n|-damage|p1a: Armarouge|0 fnt\n|faint|p1a: Armarouge\n|move|p1b: Tyranitar|Rock Slide|p2a: NineInches|[spread] p2a,p2b\n|-supereffective|p2a: NineInches\n|-supereffective|p2b: Shes EXTRA-libur\n|-damage|p2a: NineInches|10\/100\n|-damage|p2b: Shes EXTRA-libur|0 fnt\n|-enditem|p2a: NineInches|Sitrus Berry|[eat]\n|-heal|p2a: NineInches|35\/100|[from] item: Sitrus Berry\n|faint|p2b: Shes EXTRA-libur\n|\n|-weather|Snow|[upkeep]\n|upkeep\n|c|\u2606silvaasunto|I hated that\n|\n|t:|1701034243\n|switch|p2b: Min-pao|Chien-Pao|100\/100\n|switch|p1a: Indeedee|Indeedee-F, F, shiny|73\/100\n|-ability|p2b: Min-pao|Sword of Ruin\n|-fieldstart|move: Psychic Terrain|[from] ability: Psychic Surge|[of] p1a: Indeedee\n|turn|8\n|c|\u2606fadi9|I hated getting frozen\n|\n|t:|1701034262\n|move|p1a: Indeedee|Follow Me|p1a: Indeedee\n|-singleturn|p1a: Indeedee|move: Follow Me\n|move|p2b: Min-pao|Crunch|p1a: Indeedee\n|-supereffective|p1a: Indeedee\n|-damage|p1a: Indeedee|0 fnt\n|faint|p1a: Indeedee\n|move|p2a: NineInches|Hypnosis|p1b: Tyranitar|[miss]\n|-miss|p2a: NineInches|p1b: Tyranitar\n|move|p1b: Tyranitar|Rock Slide|p2a: NineInches|[spread] p2a,p2b\n|-supereffective|p2a: NineInches\n|-supereffective|p2b: Min-pao\n|-damage|p2a: NineInches|0 fnt\n|-damage|p2b: Min-pao|57\/100\n|faint|p2a: NineInches\n|\n|-weather|Snow|[upkeep]\n|-sideend|p2: silvaasunto|move: Aurora Veil\n|upkeep\n|c|\u2606silvaasunto|FFS\n|c|\u2606fadi9|rip bro\n|c|\u2606silvaasunto|3 TIMES\n|\n|t:|1701034293\n|switch|p2a: Yuh|Froslass, F|100\/100\n|switch|p1a: Meowscarada|Meowscarada, F|100\/100\n|turn|9\n|\n|t:|1701034303\n|switch|p1b: Roaring Moon|Roaring Moon|100\/100\n|-enditem|p1b: Roaring Moon|Booster Energy\n|-activate|p1b: Roaring Moon|ability: Protosynthesis|[fromitem]\n|-start|p1b: Roaring Moon|protosynthesisatk\n|move|p1a: Meowscarada|Sucker Punch|p2a: Yuh\n|-activate|p2a: Yuh|move: Psychic Terrain\n|move|p2b: Min-pao|Brick Break|p1b: Roaring Moon\n|-supereffective|p1b: Roaring Moon\n|-damage|p1b: Roaring Moon|16\/100\n|move|p2a: Yuh|Blizzard|p1b: Roaring Moon|[spread] p1a,p1b\n|-supereffective|p1a: Meowscarada\n|-supereffective|p1b: Roaring Moon\n|-damage|p1a: Meowscarada|4\/100\n|-damage|p1b: Roaring Moon|0 fnt\n|faint|p1b: Roaring Moon\n|-end|p1b: Roaring Moon|Protosynthesis|[silent]\n|\n|-weather|Snow|[upkeep]\n|upkeep\n|\n|t:|1701034319\n|switch|p1b: Tyranitar|Tyranitar, F|83\/100\n|-weather|Sandstorm|[from] ability: Sand Stream|[of] p1b: Tyranitar\n|turn|10\n|\n|t:|1701034351\n|move|p2b: Min-pao|Brick Break|p1b: Tyranitar\n|-supereffective|p1b: Tyranitar\n|-damage|p1b: Tyranitar|0 fnt\n|faint|p1b: Tyranitar\n|move|p1a: Meowscarada|Flower Trick|p2b: Min-pao\n|-crit|p2b: Min-pao\n|-damage|p2b: Min-pao|0 fnt\n|faint|p2b: Min-pao\n|move|p2a: Yuh|Destiny Bond|p2a: Yuh\n|-singlemove|p2a: Yuh|Destiny Bond\n|\n|-weather|Sandstorm|[upkeep]\n|-damage|p1a: Meowscarada|0 fnt|[from] Sandstorm\n|-damage|p2a: Yuh|94\/100|[from] Sandstorm\n|faint|p1a: Meowscarada\n|upkeep\n|c|\u2606fadi9|bruh I thought meowscarada outsped\n|\n|t:|1701034372\n|switch|p2b: The same bundles..|Iron Bundle|100\/100\n|switch|p1b: Landorus|Landorus-Therian, M|100\/100\n|-ability|p1b: Landorus|Intimidate|boost\n|-unboost|p2a: Yuh|atk|1\n|-unboost|p2b: The same bundles..|atk|1\n|-enditem|p2b: The same bundles..|Booster Energy\n|-activate|p2b: The same bundles..|ability: Quark Drive|[fromitem]\n|-start|p2b: The same bundles..|quarkdrivespe\n|turn|11\n|\n|t:|1701034388\n|-terastallize|p1b: Landorus|Rock\n|move|p2b: The same bundles..|Blizzard|p1b: Landorus\n|-damage|p1b: Landorus|49\/100\n|move|p2a: Yuh|Blizzard|p1b: Landorus\n|-damage|p1b: Landorus|13\/100\n|move|p1b: Landorus|Rock Slide|p2b: The same bundles..|[spread] p2a,p2b\n|-supereffective|p2a: Yuh\n|-supereffective|p2b: The same bundles..\n|-damage|p2a: Yuh|0 fnt\n|-damage|p2b: The same bundles..|0 fnt\n|faint|p2a: Yuh\n|faint|p2b: The same bundles..\n|-end|p2b: The same bundles..|Quark Drive|[silent]\n|-damage|p1b: Landorus|3\/100|[from] item: Life Orb\n|\n|win|fadi9\n|raw|fadi9's rating: 1491 &rarr; <strong>1510<\/strong><br \/>(+19 for winning)\n|raw|silvaasunto's rating: 1472 &rarr; <strong>1453<\/strong><br \/>(-19 for losing)\n|c|\u2606silvaasunto|Miss girl\n|c|\u2606silvaasunto|I tried\n|l|\u2606silvaasunto\n|c|\u2606fadi9|gg\n","uploadtime":1701034417,"views":7,"p1id":"fadi9","p2id":"silvaasunto","formatid":"gen9doublesou","rating":1453,"private":0,"password":""}