{"id":"gen9doublesou-1969659391","p1":"days until","p2":"BriefMarigold4","format":"[Gen 9] Doubles OU","log":"|j|\u2606days until\n|j|\u2606BriefMarigold4\n|t:|1697555583\n|gametype|doubles\n|player|p1|days until|volkner|1487\n|player|p2|BriefMarigold4|1|1545\n|teamsize|p1|6\n|teamsize|p2|6\n|gen|9\n|tier|[Gen 9] Doubles OU\n|rated|\n|rule|Species Clause: Limit one of each Pok\u00e9mon\n|rule|OHKO Clause: OHKO moves are banned\n|rule|Evasion Moves Clause: Evasion moves are banned\n|rule|Gravity Sleep Clause: The combination of sleep-inducing moves with imperfect accuracy and Gravity or Gigantamax Orbeetle are banned\n|rule|Endless Battle Clause: Forcing endless battles is banned\n|rule|HP Percentage Mod: HP is shown in percentages\n|clearpoke\n|poke|p1|Gyarados, M|\n|poke|p1|Volcarona, F|\n|poke|p1|Iron Bundle|\n|poke|p1|Clefairy, M|\n|poke|p1|Ninetales-Alola, F|\n|poke|p1|Iron Hands|\n|poke|p2|Cresselia, F|\n|poke|p2|Volcanion|\n|poke|p2|Landorus-Therian, M|\n|poke|p2|Amoonguss, M|\n|poke|p2|Rillaboom, M|\n|poke|p2|Snorlax, M|\n|teampreview\n|inactive|Battle timer is ON: inactive players will automatically lose when time's up. (requested by days until)\n|\n|t:|1697555599\n|start\n|switch|p1a: Piss Blast|Iron Bundle|100\/100\n|switch|p1b: Absolute Fatass|Iron Hands|100\/100\n|switch|p2a: \u0d9e|Amoonguss, M|100\/100\n|switch|p2b: demomanlaugh.wav|Rillaboom, M|100\/100\n|-fieldstart|move: Grassy Terrain|[from] ability: Grassy Surge|[of] p2b: demomanlaugh.wav\n|-enditem|p1a: Piss Blast|Booster Energy\n|-activate|p1a: Piss Blast|ability: Quark Drive|[fromitem]\n|-start|p1a: Piss Blast|quarkdrivespe\n|turn|1\n|\n|t:|1697555615\n|move|p2b: demomanlaugh.wav|Fake Out|p1a: Piss Blast\n|-damage|p1a: Piss Blast|87\/100\n|move|p1b: Absolute Fatass|Fake Out|p2a: \u0d9e\n|-damage|p2a: \u0d9e|87\/100\n|cant|p1a: Piss Blast|flinch\n|move|p2a: \u0d9e|Spore|p1b: Absolute Fatass\n|-status|p1b: Absolute Fatass|slp|[from] move: Spore\n|\n|-heal|p1a: Piss Blast|93\/100|[from] Grassy Terrain\n|-heal|p2a: \u0d9e|93\/100|[from] Grassy Terrain\n|upkeep\n|turn|2\n|c|\u2606BriefMarigold4|gaming\n|\n|t:|1697555628\n|switch|p2b: 30%|Volcanion|100\/100\n|-end|p1b: Absolute Fatass|Quark Drive|[silent]\n|switch|p1b: Pretty Bich|Ninetales-Alola, F|100\/100\n|-weather|Snow|[from] ability: Snow Warning|[of] p1b: Pretty Bich\n|move|p1a: Piss Blast|Aurora Veil|p1a: Piss Blast\n|-sidestart|p1: days until|move: Aurora Veil\n|move|p2a: \u0d9e|Spore|p1a: Piss Blast\n|-status|p1a: Piss Blast|slp|[from] move: Spore\n|\n|-weather|Snow|[upkeep]\n|-heal|p1a: Piss Blast|99\/100 slp|[from] Grassy Terrain\n|-heal|p2a: \u0d9e|99\/100|[from] Grassy Terrain\n|upkeep\n|turn|3\n|c|\u2606days until|gayming\n|inactive|BriefMarigold4 has 120 seconds left.\n|c|\u2606BriefMarigold4|indeed\n|\n|t:|1697555666\n|cant|p1a: Piss Blast|slp\n|move|p1b: Pretty Bich|Blizzard|p2a: \u0d9e|[spread] p2a,p2b\n|-supereffective|p2a: \u0d9e\n|-resisted|p2b: 30%\n|-damage|p2a: \u0d9e|16\/100\n|-damage|p2b: 30%|88\/100\n|move|p2b: 30%|Heat Wave|p1a: Piss Blast|[spread] p1a\n|-miss|p2b: 30%|p1b: Pretty Bich\n|-damage|p1a: Piss Blast|61\/100 slp\n|move|p2a: \u0d9e|Spore|p1b: Pretty Bich\n|-status|p1b: Pretty Bich|slp|[from] move: Spore\n|\n|-weather|Snow|[upkeep]\n|-heal|p1a: Piss Blast|67\/100 slp|[from] Grassy Terrain\n|-heal|p2b: 30%|94\/100|[from] Grassy Terrain\n|-heal|p2b: 30%|100\/100|[from] item: Leftovers\n|-heal|p2a: \u0d9e|22\/100|[from] Grassy Terrain\n|upkeep\n|turn|4\n|c|\u2606days until|\ud83d\ude44\n|\n|t:|1697555691\n|switch|p2a: *boom vine effect*|Landorus-Therian, M|100\/100\n|-ability|p2a: *boom vine effect*|Intimidate|boost\n|-unboost|p1a: Piss Blast|atk|1\n|-unboost|p1b: Pretty Bich|atk|1\n|cant|p1a: Piss Blast|slp\n|cant|p1b: Pretty Bich|slp\n|move|p2b: 30%|Heat Wave|p1a: Piss Blast|[spread] p1a,p1b\n|-supereffective|p1b: Pretty Bich\n|-damage|p1a: Piss Blast|32\/100 slp\n|-damage|p1b: Pretty Bich|43\/100 slp\n|\n|-weather|Snow|[upkeep]\n|-heal|p1a: Piss Blast|38\/100 slp|[from] Grassy Terrain\n|-heal|p1b: Pretty Bich|49\/100 slp|[from] Grassy Terrain\n|upkeep\n|turn|5\n|\n|t:|1697555702\n|cant|p1a: Piss Blast|slp\n|move|p2a: *boom vine effect*|Brick Break|p1a: Piss Blast\n|-sideend|p1: days until|move: Aurora Veil\n|-supereffective|p1a: Piss Blast\n|-damage|p1a: Piss Blast|0 fnt\n|faint|p1a: Piss Blast\n|-end|p1a: Piss Blast|Quark Drive|[silent]\n|-curestatus|p1b: Pretty Bich|slp|[msg]\n|move|p1b: Pretty Bich|Blizzard|p2a: *boom vine effect*|[spread] p2a,p2b\n|-supereffective|p2a: *boom vine effect*\n|-resisted|p2b: 30%\n|-damage|p2a: *boom vine effect*|0 fnt\n|-damage|p2b: 30%|88\/100\n|faint|p2a: *boom vine effect*\n|move|p2b: 30%|Heat Wave|p1b: Pretty Bich\n|-supereffective|p1b: Pretty Bich\n|-damage|p1b: Pretty Bich|0 fnt\n|faint|p1b: Pretty Bich\n|\n|-weather|Snow|[upkeep]\n|-heal|p2b: 30%|94\/100|[from] Grassy Terrain\n|-heal|p2b: 30%|99\/100|[from] item: Leftovers\n|-fieldend|move: Grassy Terrain\n|upkeep\n|inactive|BriefMarigold4 has 120 seconds left.\n|\n|t:|1697555738\n|switch|p1a: Absolute Fatass|Iron Hands|100\/100 slp\n|switch|p1b: Public Enemy|Clefairy, M|100\/100\n|switch|p2a: demomanlaugh.wav|Rillaboom, M|100\/100\n|-fieldstart|move: Grassy Terrain|[from] ability: Grassy Surge|[of] p2a: demomanlaugh.wav\n|turn|6\n|\n|t:|1697555748\n|move|p1b: Public Enemy|Protect|p1b: Public Enemy\n|-singleturn|p1b: Public Enemy|Protect\n|move|p2a: demomanlaugh.wav|Wood Hammer|p1b: Public Enemy\n|-activate|p1b: Public Enemy|move: Protect\n|move|p2b: 30%|Steam Eruption|p1b: Public Enemy\n|-activate|p1b: Public Enemy|move: Protect\n|cant|p1a: Absolute Fatass|slp\n|\n|-weather|none\n|-heal|p2b: 30%|100\/100|[from] Grassy Terrain\n|upkeep\n|turn|7\n|c|\u2606BriefMarigold4|ok\n|c|\u2606BriefMarigold4|i\n|c|\u2606BriefMarigold4|did not expect that\n|\n|t:|1697555765\n|switch|p1b: Imagine Balls Too|Gyarados, M|100\/100\n|-ability|p1b: Imagine Balls Too|Intimidate|boost\n|-unboost|p2a: demomanlaugh.wav|atk|1\n|-unboost|p2b: 30%|atk|1\n|move|p2a: demomanlaugh.wav|Wood Hammer|p1a: Absolute Fatass\n|-damage|p1a: Absolute Fatass|64\/100 slp\n|-damage|p2a: demomanlaugh.wav|86\/100|[from] Recoil\n|move|p2b: 30%|Steam Eruption|p1a: Absolute Fatass\n|-damage|p1a: Absolute Fatass|32\/100 slp\n|-curestatus|p1a: Absolute Fatass|slp|[msg]\n|move|p1a: Absolute Fatass|Wild Charge|p2b: 30%\n|-supereffective|p2b: 30%\n|-damage|p2b: 30%|16\/100\n|-damage|p1a: Absolute Fatass|15\/100|[from] Recoil\n|\n|-heal|p2a: demomanlaugh.wav|93\/100|[from] Grassy Terrain\n|-heal|p2b: 30%|22\/100|[from] Grassy Terrain\n|-heal|p2b: 30%|28\/100|[from] item: Leftovers\n|-heal|p1a: Absolute Fatass|21\/100|[from] Grassy Terrain\n|upkeep\n|turn|8\n|\n|t:|1697555795\n|-end|p1a: Absolute Fatass|Quark Drive|[silent]\n|switch|p1a: Public Enemy|Clefairy, M|100\/100\n|-terastallize|p1b: Imagine Balls Too|Flying\n|move|p1b: Imagine Balls Too|Tera Blast|p2b: 30%|[anim] Tera Blast Flying\n|-damage|p2b: 30%|0 fnt\n|faint|p2b: 30%\n|move|p2a: demomanlaugh.wav|Wood Hammer|p1a: Public Enemy\n|-damage|p1a: Public Enemy|44\/100\n|-damage|p2a: demomanlaugh.wav|77\/100|[from] Recoil\n|\n|-heal|p2a: demomanlaugh.wav|83\/100|[from] Grassy Terrain\n|-heal|p1a: Public Enemy|50\/100|[from] Grassy Terrain\n|upkeep\n|inactive|BriefMarigold4 has 120 seconds left.\n|\n|t:|1697555815\n|switch|p2b: Meet the Medic|Cresselia, F|100\/100\n|turn|9\n|\n|t:|1697555830\n|move|p1b: Imagine Balls Too|Taunt|p2b: Meet the Medic\n|-start|p2b: Meet the Medic|move: Taunt\n|move|p2a: demomanlaugh.wav|Taunt|p1a: Public Enemy\n|-start|p1a: Public Enemy|move: Taunt\n|cant|p1a: Public Enemy|move: Taunt|Life Dew\n|cant|p2b: Meet the Medic|move: Taunt|Trick Room\n|\n|-heal|p2a: demomanlaugh.wav|89\/100|[from] Grassy Terrain\n|-heal|p1a: Public Enemy|56\/100|[from] Grassy Terrain\n|upkeep\n|turn|10\n|\n|t:|1697555845\n|switch|p2a: Absolute Fatass|Snorlax, M|100\/100\n|switch|p2b: \u0d9e|Amoonguss, M|56\/100\n|switch|p1a: \ud83e\udd8b\ud83e\udd8b\ud83e\udd8b\ud83e\udd8b\ud83e\udd8b|Volcarona, F|100\/100\n|move|p1b: Imagine Balls Too|Tera Blast|p2a: Absolute Fatass|[anim] Tera Blast Flying\n|-damage|p2a: Absolute Fatass|62\/100\n|\n|-heal|p2a: Absolute Fatass|68\/100|[from] Grassy Terrain\n|-heal|p2a: Absolute Fatass|74\/100|[from] item: Leftovers\n|-heal|p2b: \u0d9e|62\/100|[from] Grassy Terrain\n|-fieldend|move: Grassy Terrain\n|upkeep\n|turn|11\n|\n|t:|1697555870\n|switch|p2a: demomanlaugh.wav|Rillaboom, M|89\/100\n|-fieldstart|move: Grassy Terrain|[from] ability: Grassy Surge|[of] p2a: demomanlaugh.wav\n|-terastallize|p2b: \u0d9e|Water\n|move|p1b: Imagine Balls Too|Tera Blast|p2b: \u0d9e|[anim] Tera Blast Flying\n|-damage|p2b: \u0d9e|19\/100\n|move|p1a: \ud83e\udd8b\ud83e\udd8b\ud83e\udd8b\ud83e\udd8b\ud83e\udd8b|Heat Wave|p2a: demomanlaugh.wav|[spread] p2a,p2b\n|-supereffective|p2a: demomanlaugh.wav\n|-resisted|p2b: \u0d9e\n|-damage|p2a: demomanlaugh.wav|12\/100\n|-damage|p2b: \u0d9e|5\/100\n|move|p2b: \u0d9e|Spore|p1a: \ud83e\udd8b\ud83e\udd8b\ud83e\udd8b\ud83e\udd8b\ud83e\udd8b\n|-status|p1a: \ud83e\udd8b\ud83e\udd8b\ud83e\udd8b\ud83e\udd8b\ud83e\udd8b|slp|[from] move: Spore\n|\n|-heal|p2a: demomanlaugh.wav|18\/100|[from] Grassy Terrain\n|-heal|p2b: \u0d9e|11\/100|[from] Grassy Terrain\n|upkeep\n|turn|12\n|c|\u2606days until|so lame\n|\n|t:|1697555889\n|move|p2a: demomanlaugh.wav|Fake Out|p1b: Imagine Balls Too\n|-damage|p1b: Imagine Balls Too|83\/100\n|cant|p1b: Imagine Balls Too|flinch\n|cant|p1a: \ud83e\udd8b\ud83e\udd8b\ud83e\udd8b\ud83e\udd8b\ud83e\udd8b|slp\n|move|p2b: \u0d9e|Spore|p1b: Imagine Balls Too\n|-status|p1b: Imagine Balls Too|slp|[from] move: Spore\n|\n|-heal|p2a: demomanlaugh.wav|24\/100|[from] Grassy Terrain\n|-heal|p2b: \u0d9e|17\/100|[from] Grassy Terrain\n|upkeep\n|turn|13\n|inactive|BriefMarigold4 has 120 seconds left.\n|\n|t:|1697555932\n|switch|p2a: Meet the Medic|Cresselia, F|100\/100\n|switch|p2b: Absolute Fatass|Snorlax, M|74\/100\n|cant|p1b: Imagine Balls Too|slp\n|cant|p1a: \ud83e\udd8b\ud83e\udd8b\ud83e\udd8b\ud83e\udd8b\ud83e\udd8b|slp\n|\n|-heal|p2b: Absolute Fatass|81\/100|[from] Grassy Terrain\n|-heal|p2b: Absolute Fatass|87\/100|[from] item: Leftovers\n|upkeep\n|turn|14\n|\n|t:|1697555943\n|cant|p1b: Imagine Balls Too|slp\n|cant|p1a: \ud83e\udd8b\ud83e\udd8b\ud83e\udd8b\ud83e\udd8b\ud83e\udd8b|slp\n|move|p2b: Absolute Fatass|Belly Drum|p2b: Absolute Fatass\n|-damage|p2b: Absolute Fatass|37\/100\n|-setboost|p2b: Absolute Fatass|atk|6|[from] move: Belly Drum\n|move|p2a: Meet the Medic|Trick Room|p2a: Meet the Medic\n|-fieldstart|move: Trick Room|[of] p2a: Meet the Medic\n|\n|-heal|p2b: Absolute Fatass|43\/100|[from] Grassy Terrain\n|-heal|p2b: Absolute Fatass|49\/100|[from] item: Leftovers\n|upkeep\n|turn|15\n|c|\u2606days until|\ud83d\ude44\n|c|\u2606days until|bg\n|\n|t:|1697555955\n|move|p2b: Absolute Fatass|Body Slam|p1b: Imagine Balls Too\n|-damage|p1b: Imagine Balls Too|0 fnt\n|faint|p1b: Imagine Balls Too\n|move|p2a: Meet the Medic|Lunar Blessing|p2a: Meet the Medic|[spread] p2a,p2b\n|-heal|p2b: Absolute Fatass|74\/100\n|-curestatus|p1a: \ud83e\udd8b\ud83e\udd8b\ud83e\udd8b\ud83e\udd8b\ud83e\udd8b|slp|[msg]\n|move|p1a: \ud83e\udd8b\ud83e\udd8b\ud83e\udd8b\ud83e\udd8b\ud83e\udd8b|Struggle Bug|p2a: Meet the Medic|[spread] p2a,p2b\n|-supereffective|p2a: Meet the Medic\n|-damage|p2a: Meet the Medic|80\/100\n|-damage|p2b: Absolute Fatass|62\/100\n|-unboost|p2a: Meet the Medic|spa|1\n|-unboost|p2b: Absolute Fatass|spa|1\n|\n|-heal|p2b: Absolute Fatass|68\/100|[from] Grassy Terrain\n|-heal|p2b: Absolute Fatass|75\/100|[from] item: Leftovers\n|-fieldend|move: Grassy Terrain\n|upkeep\n|\n|t:|1697555961\n|switch|p1b: Absolute Fatass|Iron Hands|21\/100\n|turn|16\n|\n|t:|1697555970\n|move|p1b: Absolute Fatass|Fake Out|p2b: Absolute Fatass\n|-damage|p2b: Absolute Fatass|62\/100\n|cant|p2b: Absolute Fatass|flinch\n|move|p2a: Meet the Medic|Lunar Blessing|p2a: Meet the Medic|[spread] p2a,p2b\n|-heal|p2a: Meet the Medic|100\/100\n|-heal|p2b: Absolute Fatass|87\/100\n|move|p1a: \ud83e\udd8b\ud83e\udd8b\ud83e\udd8b\ud83e\udd8b\ud83e\udd8b|Struggle Bug|p2a: Meet the Medic|[spread] p2a,p2b\n|-supereffective|p2a: Meet the Medic\n|-damage|p2a: Meet the Medic|80\/100\n|-damage|p2b: Absolute Fatass|73\/100\n|-unboost|p2a: Meet the Medic|spa|1\n|-unboost|p2b: Absolute Fatass|spa|1\n|\n|-heal|p2b: Absolute Fatass|79\/100|[from] item: Leftovers\n|upkeep\n|turn|17\n|\n|t:|1697555979\n|move|p2b: Absolute Fatass|Body Slam|p1b: Absolute Fatass\n|-damage|p1b: Absolute Fatass|0 fnt\n|faint|p1b: Absolute Fatass\n|-end|p1b: Absolute Fatass|Quark Drive|[silent]\n|move|p2a: Meet the Medic|Lunar Blessing|p2a: Meet the Medic|[spread] p2a,p2b\n|-heal|p2a: Meet the Medic|100\/100\n|-heal|p2b: Absolute Fatass|100\/100\n|move|p1a: \ud83e\udd8b\ud83e\udd8b\ud83e\udd8b\ud83e\udd8b\ud83e\udd8b|Heat Wave|p2a: Meet the Medic|[spread] p2a,p2b\n|-damage|p2a: Meet the Medic|81\/100\n|-damage|p2b: Absolute Fatass|89\/100\n|\n|-heal|p2b: Absolute Fatass|95\/100|[from] item: Leftovers\n|upkeep\n|-message|days until forfeited.\n|\n|win|BriefMarigold4\n|raw|days until's rating: 1487 &rarr; <strong>1470<\/strong><br \/>(-17 for losing)\n|raw|BriefMarigold4's rating: 1545 &rarr; <strong>1562<\/strong><br \/>(+17 for winning)\n|l|\u2606days until\n|c|\u2606BriefMarigold4|wait\n|c|\u2606BriefMarigold4|WAIT\n","uploadtime":1697555993,"views":14,"p1id":"daysuntil","p2id":"briefmarigold4","formatid":"gen9doublesou","rating":1470,"private":0,"password":""}