{"id":"gen9doublesou-1984193061","p1":"Yellow Paint","p2":"ButWhyThough_2","format":"[Gen 9] Doubles OU","log":"|j|\u2606Yellow Paint\n|j|\u2606ButWhyThough_2\n|inactive|Battle timer is ON: inactive players will automatically lose when time's up.\n|t:|1699228613\n|gametype|doubles\n|player|p1|Yellow Paint|artist|\n|player|p2|ButWhyThough_2|hilbert|\n|teamsize|p1|6\n|teamsize|p2|6\n|gen|9\n|tier|[Gen 9] Doubles OU\n|rated|Tournament battle\n|rule|Species Clause: Limit one of each Pok\u00e9mon\n|rule|OHKO Clause: OHKO moves are banned\n|rule|Evasion Moves Clause: Evasion moves are banned\n|rule|Gravity Sleep Clause: The combination of sleep-inducing moves with imperfect accuracy and Gravity or Gigantamax Orbeetle are banned\n|rule|Endless Battle Clause: Forcing endless battles is banned\n|rule|HP Percentage Mod: HP is shown in percentages\n|clearpoke\n|poke|p1|Sinistcha|\n|poke|p1|Iron Hands|\n|poke|p1|Flutter Mane|\n|poke|p1|Cresselia, F|\n|poke|p1|Landorus-Therian, M|\n|poke|p1|Ursaluna, F|\n|poke|p2|Chi-Yu|\n|poke|p2|Iron Hands|\n|poke|p2|Kingambit, M|\n|poke|p2|Ogerpon-Hearthflame, F|\n|poke|p2|Flutter Mane|\n|poke|p2|Landorus-Therian, M|\n|teampreview\n|j| Am11r0\n|c|\u2606ButWhyThough_2|i cant stop shaking for some reason\n|c|\u2606Yellow Paint|cheers\n|inactive|Yellow Paint has 120 seconds left.\n|c| Am11r0|Who balanced lando t\n|c|\u2606Yellow Paint|dw this is just some team I built for someone today\n|c|\u2606ButWhyThough_2|it's not unbalanced\n|\n|t:|1699228665\n|start\n|switch|p1a: Landorus|Landorus-Therian, M|100\/100\n|switch|p1b: Iron Hands|Iron Hands|100\/100\n|switch|p2a: Kingambit|Kingambit, M|100\/100\n|switch|p2b: Landorus|Landorus-Therian, M|100\/100\n|-ability|p2b: Landorus|Intimidate|boost\n|-unboost|p1a: Landorus|atk|1\n|-unboost|p1b: Iron Hands|atk|1\n|-ability|p1a: Landorus|Intimidate|boost\n|-unboost|p2a: Kingambit|atk|1\n|-ability|p2a: Kingambit|Defiant|boost\n|-boost|p2a: Kingambit|atk|2\n|-unboost|p2b: Landorus|atk|1\n|turn|1\n|j| DisasterBruhMoment\n|c| Am11r0|its had like 30% usage the past 5 years\n|\n|t:|1699228685\n|-terastallize|p2a: Kingambit|Fairy\n|move|p2b: Landorus|Rock Slide|p1b: Iron Hands|[spread] p1a,p1b\n|-resisted|p1b: Iron Hands\n|-damage|p1a: Landorus|88\/100\n|-damage|p1b: Iron Hands|95\/100\n|move|p1a: Landorus|Stealth Rock|p2a: Kingambit\n|-sidestart|p2: ButWhyThough_2|move: Stealth Rock\n|move|p2a: Kingambit|Swords Dance|p2a: Kingambit\n|-boost|p2a: Kingambit|atk|2\n|move|p1b: Iron Hands|Close Combat|p2a: Kingambit\n|-resisted|p2a: Kingambit\n|-damage|p2a: Kingambit|82\/100\n|-unboost|p1b: Iron Hands|def|1\n|-unboost|p1b: Iron Hands|spd|1\n|\n|upkeep\n|turn|2\n|c|\u2606Yellow Paint|spooky\n|c| Am11r0|stealth rock in doubles is strange to see\n|c|\u2606ButWhyThough_2|not strange at all\n|c| Am11r0|I never see it\n|inactive|ButWhyThough_2 has 120 seconds left.\n|c|\u2606Yellow Paint|it's common in 6v6 formats\n|c|\u2606Yellow Paint|you never see it in vgc because that's 4v4\n|\n|t:|1699228725\n|move|p2b: Landorus|Rock Slide|p1b: Iron Hands|[spread] p1a,p1b\n|-resisted|p1b: Iron Hands\n|-damage|p1a: Landorus|77\/100\n|-damage|p1b: Iron Hands|88\/100\n|cant|p1a: Landorus|flinch\n|move|p2a: Kingambit|Kowtow Cleave|p1b: Iron Hands\n|-resisted|p1b: Iron Hands\n|-damage|p1b: Iron Hands|14\/100\n|move|p1b: Iron Hands|Wild Charge|p2a: Kingambit\n|-damage|p2a: Kingambit|53\/100\n|-damage|p1b: Iron Hands|8\/100|[from] Recoil\n|\n|upkeep\n|turn|3\n|c| Am11r0|it 6v6 yeah\n|inactive|ButWhyThough_2 has 120 seconds left.\n|c|\u2606ButWhyThough_2|that's not hitting hard at all\n|\n|t:|1699228749\n|move|p2a: Kingambit|Protect|p2a: Kingambit\n|-singleturn|p2a: Kingambit|Protect\n|move|p2b: Landorus|Rock Slide|p1b: Iron Hands|[spread] p1b\n|-miss|p2b: Landorus|p1a: Landorus\n|-resisted|p1b: Iron Hands\n|-damage|p1b: Iron Hands|1\/100\n|move|p1a: Landorus|Stomping Tantrum|p2a: Kingambit\n|-activate|p2a: Kingambit|move: Protect\n|cant|p1b: Iron Hands|flinch\n|\n|upkeep\n|turn|4\n|c| Am11r0|why does rillaboom take so little recoil from wood hammer?\n|\n|t:|1699228774\n|move|p2a: Kingambit|Sucker Punch||[still]\n|-fail|p2a: Kingambit\n|move|p2b: Landorus|Rock Slide|p1a: Landorus|[spread] p1a,p1b\n|-resisted|p1b: Iron Hands\n|-damage|p1a: Landorus|64\/100\n|-damage|p1b: Iron Hands|0 fnt\n|faint|p1b: Iron Hands\n|-end|p1b: Iron Hands|Quark Drive|[silent]\n|move|p1a: Landorus|Taunt|p2a: Kingambit\n|-start|p2a: Kingambit|move: Taunt\n|\n|upkeep\n|inactive|Yellow Paint has 120 seconds left.\n|\n|t:|1699228789\n|switch|p1b: Ursaluna|Ursaluna, F|100\/100\n|turn|5\n|\n|t:|1699228797\n|switch|p2b: Iron Hands|Iron Hands|100\/100\n|-damage|p2b: Iron Hands|94\/100|[from] Stealth Rock\n|move|p1b: Ursaluna|Protect|p1b: Ursaluna\n|-singleturn|p1b: Ursaluna|Protect\n|move|p2a: Kingambit|Sucker Punch|p1a: Landorus\n|-damage|p1a: Landorus|0 fnt\n|faint|p1a: Landorus\n|\n|-status|p1b: Ursaluna|brn|[from] item: Flame Orb\n|upkeep\n|\n|t:|1699228811\n|switch|p1a: Cresselia|Cresselia, F|100\/100\n|turn|6\n|\n|t:|1699228827\n|-terastallize|p1b: Ursaluna|Normal\n|move|p1a: Cresselia|Ally Switch|p1a: Cresselia\n|swap|p1a: Cresselia|1|[from] move: Ally Switch\n|move|p2b: Iron Hands|Drain Punch|p1b: Cresselia\n|-resisted|p1b: Cresselia\n|-damage|p1b: Cresselia|85\/100\n|-heal|p2b: Iron Hands|100\/100|[from] drain|[of] p1b: Cresselia\n|move|p2a: Kingambit|Kowtow Cleave|p1a: Ursaluna\n|-damage|p1a: Ursaluna|2\/100 brn\n|move|p1a: Ursaluna|Facade|p2a: Kingambit\n|-damage|p2a: Kingambit|0 fnt\n|faint|p2a: Kingambit\n|\n|-damage|p1a: Ursaluna|0 fnt|[from] brn\n|faint|p1a: Ursaluna\n|upkeep\n|c|\u2606ButWhyThough_2|e\n|c|\u2606Yellow Paint|dw you're still ahead\n|\n|t:|1699228848\n|switch|p2a: Flutter Mane|Flutter Mane|100\/100\n|switch|p1a: Flutter Mane|Flutter Mane|100\/100\n|-damage|p2a: Flutter Mane|88\/100|[from] Stealth Rock\n|-enditem|p2a: Flutter Mane|Booster Energy\n|-activate|p2a: Flutter Mane|ability: Protosynthesis|[fromitem]\n|-start|p2a: Flutter Mane|protosynthesisspe\n|-enditem|p1a: Flutter Mane|Booster Energy\n|-activate|p1a: Flutter Mane|ability: Protosynthesis|[fromitem]\n|-start|p1a: Flutter Mane|protosynthesisspe\n|turn|7\n|\n|t:|1699228864\n|-end|p2b: Iron Hands|Quark Drive|[silent]\n|switch|p2b: Othermeta|Chi-Yu|100\/100\n|-damage|p2b: Othermeta|76\/100|[from] Stealth Rock\n|-ability|p2b: Othermeta|Beads of Ruin\n|move|p1a: Flutter Mane|Protect|p1a: Flutter Mane\n|-singleturn|p1a: Flutter Mane|Protect\n|move|p2a: Flutter Mane|Shadow Ball|p1a: Flutter Mane\n|-activate|p1a: Flutter Mane|move: Protect\n|move|p1b: Cresselia|Psychic|p2a: Flutter Mane\n|-damage|p2a: Flutter Mane|61\/100\n|\n|upkeep\n|turn|8\n|\n|t:|1699228881\n|move|p2a: Flutter Mane|Shadow Ball|p1b: Cresselia\n|-supereffective|p1b: Cresselia\n|-damage|p1b: Cresselia|25\/100\n|move|p1a: Flutter Mane|Shadow Ball|p2a: Flutter Mane\n|-supereffective|p2a: Flutter Mane\n|-damage|p2a: Flutter Mane|0 fnt\n|faint|p2a: Flutter Mane\n|-end|p2a: Flutter Mane|Protosynthesis|[silent]\n|move|p2b: Othermeta|Snarl|p1b: Cresselia|[spread] p1a,p1b\n|-supereffective|p1b: Cresselia\n|-damage|p1a: Flutter Mane|79\/100\n|-damage|p1b: Cresselia|0 fnt\n|-unboost|p1a: Flutter Mane|spa|1\n|faint|p1b: Cresselia\n|\n|upkeep\n|l| Am11r0\n|c|\u2606ButWhyThough_2|my chi yu can tank some hits\n|\n|t:|1699228891\n|switch|p2a: Ogerpon|Ogerpon-Hearthflame, F|100\/100\n|switch|p1b: Sinistcha|Sinistcha|100\/100\n|-damage|p2a: Ogerpon|76\/100|[from] Stealth Rock\n|-ability|p2a: Ogerpon|Mold Breaker\n|-heal|p1a: Flutter Mane|100\/100|[from] ability: Hospitality|[of] p1b: Sinistcha\n|turn|9\n|c|\u2606Yellow Paint|gg\n|-message|Yellow Paint forfeited.\n|\n|win|ButWhyThough_2\n|n|\u2606Yellow Paint|yellowpaint\n|n|\u2606ButWhyThough_2|butwhythough2\n|n| DisasterBruhMoment|disasterbruhmoment\n","uploadtime":1699228902,"views":8,"p1id":"yellowpaint","p2id":"butwhythough2","formatid":"gen9doublesou","rating":0,"private":0,"password":""}