{"id":"gen9doublesou-1999770559","p1":"nfjcjjdndnfnkd","p2":"Grandpas Eatin","format":"[Gen 9] Doubles OU","log":"|j|\u2606nfjcjjdndnfnkd\n|j|\u2606Grandpas Eatin\n|inactive|Battle timer is ON: inactive players will automatically lose when time's up.\n|t:|1701115139\n|gametype|doubles\n|player|p1|nfjcjjdndnfnkd|cheryl|\n|player|p2|Grandpas Eatin|eusine|\n|teamsize|p1|6\n|teamsize|p2|6\n|gen|9\n|tier|[Gen 9] Doubles OU\n|rated|Tournament battle\n|rule|Species Clause: Limit one of each Pok\u00e9mon\n|rule|OHKO Clause: OHKO moves are banned\n|rule|Evasion Moves Clause: Evasion moves are banned\n|rule|Gravity Sleep Clause: The combination of sleep-inducing moves with imperfect accuracy and Gravity or Gigantamax Orbeetle are banned\n|rule|Endless Battle Clause: Forcing endless battles is banned\n|rule|HP Percentage Mod: HP is shown in percentages\n|clearpoke\n|poke|p1|Conkeldurr, M|\n|poke|p1|Sableye, F|\n|poke|p1|Sinistcha-Masterpiece|\n|poke|p1|Landorus-Therian, M|\n|poke|p1|Cresselia, F|\n|poke|p1|Diancie|\n|poke|p2|Gholdengo|\n|poke|p2|Iron Hands|\n|poke|p2|Ogerpon-Wellspring, F|\n|poke|p2|Tornadus, M|\n|poke|p2|Landorus-Therian, M|\n|poke|p2|Iron Moth|\n|teampreview\n|inactive|Grandpas Eatin also wants the timer to be on.\n|c|\u2606nfjcjjdndnfnkd|hf\n|c|\u2606Grandpas Eatin|hf\n|inactive|Grandpas Eatin has 120 seconds left.\n|\n|t:|1701115171\n|start\n|switch|p1a: Conkeldurr|Conkeldurr, M, shiny|100\/100\n|switch|p1b: Sableye|Sableye, F|100\/100\n|switch|p2a: Iron Moth|Iron Moth|100\/100\n|switch|p2b: Landorus|Landorus-Therian, M|100\/100\n|-ability|p2b: Landorus|Intimidate|boost\n|-fail|p1a: Conkeldurr|unboost|[from] item: Clear Amulet|[of] p1a: Conkeldurr\n|-unboost|p1b: Sableye|atk|1\n|turn|1\n|\n|t:|1701115195\n|move|p1b: Sableye|Light Screen|p1b: Sableye\n|-sidestart|p1: nfjcjjdndnfnkd|move: Light Screen\n|move|p2a: Iron Moth|Toxic Spikes|p1a: Conkeldurr\n|-sidestart|p1: nfjcjjdndnfnkd|move: Toxic Spikes\n|move|p2b: Landorus|Taunt|p1b: Sableye\n|-start|p1b: Sableye|move: Taunt\n|move|p1a: Conkeldurr|Bulk Up|p1a: Conkeldurr\n|-boost|p1a: Conkeldurr|atk|1\n|-boost|p1a: Conkeldurr|def|1\n|\n|upkeep\n|turn|2\n|inactive|nfjcjjdndnfnkd has 120 seconds left.\n|\n|t:|1701115229\n|switch|p1b: Landorus|Landorus-Therian, M|100\/100\n|-ability|p1b: Landorus|Intimidate|boost\n|-unboost|p2a: Iron Moth|atk|1\n|-unboost|p2b: Landorus|atk|1\n|move|p2a: Iron Moth|Dazzling Gleam|p1a: Conkeldurr|[spread] p1a,p1b\n|-supereffective|p1a: Conkeldurr\n|-damage|p1a: Conkeldurr|75\/100\n|-damage|p1b: Landorus|82\/100\n|move|p2b: Landorus|Stealth Rock|p1a: Conkeldurr\n|-sidestart|p1: nfjcjjdndnfnkd|move: Stealth Rock\n|move|p1a: Conkeldurr|Knock Off|p2b: Landorus\n|-damage|p2b: Landorus|59\/100\n|-enditem|p2b: Landorus|Sitrus Berry|[from] move: Knock Off|[of] p1a: Conkeldurr\n|\n|upkeep\n|turn|3\n|j| PandaOpticon\n|inactive|Grandpas Eatin has 120 seconds left.\n|\n|t:|1701115260\n|move|p2a: Iron Moth|Protect|p2a: Iron Moth\n|-singleturn|p2a: Iron Moth|Protect\n|move|p1b: Landorus|Rock Slide|p2b: Landorus|[spread] \n|-activate|p2a: Iron Moth|move: Protect\n|-miss|p1b: Landorus|p2b: Landorus\n|move|p2b: Landorus|U-turn|p1a: Conkeldurr\n|-resisted|p1a: Conkeldurr\n|-damage|p1a: Conkeldurr|70\/100\n|inactive|Grandpas Eatin has 120 seconds left.\n|\n|t:|1701115288\n|switch|p2b: Tornadus|Tornadus, M|100\/100|[from] U-turn\n|move|p1a: Conkeldurr|Knock Off|p2a: Iron Moth\n|-activate|p2a: Iron Moth|move: Protect\n|\n|upkeep\n|turn|4\n|inactive|Grandpas Eatin has 120 seconds left.\n|\n|t:|1701115314\n|-terastallize|p2a: Iron Moth|Fairy\n|-terastallize|p1a: Conkeldurr|Poison\n|move|p2b: Tornadus|Tailwind|p2b: Tornadus\n|-sidestart|p2: Grandpas Eatin|move: Tailwind\n|move|p2a: Iron Moth|Dazzling Gleam|p1b: Landorus|[spread] p1a,p1b\n|-resisted|p1a: Conkeldurr\n|-damage|p1a: Conkeldurr|60\/100\n|-damage|p1b: Landorus|55\/100\n|move|p1b: Landorus|Rock Slide|p2a: Iron Moth|[spread] p2a,p2b\n|-supereffective|p2b: Tornadus\n|-damage|p2a: Iron Moth|66\/100\n|-damage|p2b: Tornadus|54\/100\n|move|p1a: Conkeldurr|Drain Punch|p2a: Iron Moth\n|-resisted|p2a: Iron Moth\n|-damage|p2a: Iron Moth|20\/100\n|-heal|p1a: Conkeldurr|77\/100|[from] drain|[of] p2a: Iron Moth\n|\n|upkeep\n|turn|5\n|inactive|Grandpas Eatin has 120 seconds left.\n|inactive|nfjcjjdndnfnkd has 120 seconds left.\n|\n|t:|1701115358\n|switch|p1b: Cresselia|Cresselia, F|100\/100\n|-damage|p1b: Cresselia|88\/100|[from] Stealth Rock\n|move|p2a: Iron Moth|Flamethrower|p1b: Cresselia\n|-crit|p1b: Cresselia\n|-damage|p1b: Cresselia|50\/100\n|move|p2b: Tornadus|Bleakwind Storm|p1b: Cresselia|[spread] \n|-miss|p2b: Tornadus|p1a: Conkeldurr\n|-miss|p2b: Tornadus|p1b: Cresselia\n|move|p1a: Conkeldurr|Knock Off|p2b: Tornadus\n|-damage|p2b: Tornadus|3\/100\n|-enditem|p2b: Tornadus|Sitrus Berry|[from] move: Knock Off|[of] p1a: Conkeldurr\n|\n|upkeep\n|turn|6\n|inactive|Grandpas Eatin has 120 seconds left.\n|j|+theyummybagel\n|inactive|nfjcjjdndnfnkd has 120 seconds left.\n|\n|t:|1701115386\n|switch|p2b: Iron Hands|Iron Hands|100\/100\n|switch|p1a: Sinistcha|Sinistcha-Masterpiece, shiny|100\/100\n|-status|p1a: Sinistcha|psn\n|-damage|p1a: Sinistcha|88\/100 psn|[from] Stealth Rock\n|-heal|p1b: Cresselia|75\/100|[from] ability: Hospitality|[of] p1a: Sinistcha\n|move|p2a: Iron Moth|Flamethrower|p1b: Cresselia\n|-damage|p1b: Cresselia|58\/100\n|move|p1b: Cresselia|Trick Room|p1b: Cresselia\n|-fieldstart|move: Trick Room|[of] p1b: Cresselia\n|\n|-damage|p1a: Sinistcha|76\/100 psn|[from] psn\n|upkeep\n|turn|7\n|j| Uhhwoops\n|inactive|Grandpas Eatin has 120 seconds left.\n|\n|t:|1701115429\n|-end|p2a: Iron Moth|Quark Drive|[silent]\n|switch|p2a: Ogerpon|Ogerpon-Wellspring, F|100\/100\n|move|p2b: Iron Hands|Fake Out|p1b: Cresselia\n|-damage|p1b: Cresselia|48\/100\n|cant|p1b: Cresselia|flinch\n|move|p1a: Sinistcha|Matcha Gotcha|p2b: Iron Hands|[spread] p2a,p2b\n|-damage|p2a: Ogerpon|77\/100\n|-heal|p1a: Sinistcha|88\/100 psn|[from] drain|[of] p2a: Ogerpon\n|-damage|p2b: Iron Hands|87\/100\n|-heal|p1a: Sinistcha|97\/100 psn|[from] drain|[of] p2b: Iron Hands\n|-status|p2a: Ogerpon|brn\n|\n|-damage|p1a: Sinistcha|85\/100 psn|[from] psn\n|-damage|p2a: Ogerpon|71\/100 brn|[from] brn\n|-sideend|p2: Grandpas Eatin|move: Tailwind\n|upkeep\n|turn|8\n|\n|t:|1701115458\n|-end|p2b: Iron Hands|Quark Drive|[silent]\n|switch|p2b: Gholdengo|Gholdengo, shiny|100\/100\n|switch|p1a: Conkeldurr|Conkeldurr, M, shiny, tera:Poison|77\/100\n|-sideend|p1: nfjcjjdndnfnkd|move: Toxic Spikes|[of] p1a: Conkeldurr\n|-damage|p1a: Conkeldurr|65\/100|[from] Stealth Rock\n|move|p2a: Ogerpon|Spiky Shield|p2a: Ogerpon\n|-singleturn|p2a: Ogerpon|move: Protect\n|move|p1b: Cresselia|Lunar Blessing|p1b: Cresselia|[spread] p1a,p1b\n|-heal|p1a: Conkeldurr|90\/100\n|-heal|p1b: Cresselia|73\/100\n|\n|-damage|p2a: Ogerpon|65\/100 brn|[from] brn\n|-sideend|p1: nfjcjjdndnfnkd|move: Light Screen\n|upkeep\n|turn|9\n|\n|t:|1701115471\n|switch|p1b: Sableye|Sableye, F|100\/100\n|-damage|p1b: Sableye|88\/100|[from] Stealth Rock\n|move|p2a: Ogerpon|Follow Me|p2a: Ogerpon\n|-singleturn|p2a: Ogerpon|move: Follow Me\n|move|p1a: Conkeldurr|Bulk Up|p1a: Conkeldurr\n|-boost|p1a: Conkeldurr|atk|1\n|-boost|p1a: Conkeldurr|def|1\n|move|p2b: Gholdengo|Nasty Plot|p2b: Gholdengo\n|-boost|p2b: Gholdengo|spa|2\n|\n|-damage|p2a: Ogerpon|58\/100 brn|[from] brn\n|upkeep\n|turn|10\n|\n|t:|1701115480\n|move|p2a: Ogerpon|Follow Me|p2a: Ogerpon\n|-singleturn|p2a: Ogerpon|move: Follow Me\n|move|p1b: Sableye|Light Screen|p1b: Sableye\n|-sidestart|p1: nfjcjjdndnfnkd|move: Light Screen\n|move|p1a: Conkeldurr|Knock Off|p2a: Ogerpon\n|-damage|p2a: Ogerpon|24\/100 brn\n|move|p2b: Gholdengo|Nasty Plot|p2b: Gholdengo\n|-boost|p2b: Gholdengo|spa|2\n|\n|-damage|p2a: Ogerpon|18\/100 brn|[from] brn\n|-fieldend|move: Trick Room\n|upkeep\n|turn|11\n|\n|t:|1701115502\n|move|p2a: Ogerpon|Follow Me|p2a: Ogerpon\n|-singleturn|p2a: Ogerpon|move: Follow Me\n|move|p2b: Gholdengo|Nasty Plot|p2b: Gholdengo\n|-boost|p2b: Gholdengo|spa|2\n|move|p1b: Sableye|Knock Off|p2a: Ogerpon\n|-damage|p2a: Ogerpon|0 fnt\n|faint|p2a: Ogerpon\n|move|p1a: Conkeldurr|Knock Off|p2b: Gholdengo\n|-supereffective|p2b: Gholdengo\n|-damage|p2b: Gholdengo|14\/100\n|-enditem|p2b: Gholdengo|Leftovers|[from] move: Knock Off|[of] p1a: Conkeldurr\n|\n|upkeep\n|inactive|Grandpas Eatin has 120 seconds left.\n|\n|t:|1701115528\n|switch|p2a: Iron Moth|Iron Moth, tera:Fairy|20\/100\n|turn|12\n|\n|t:|1701115533\n|move|p1a: Conkeldurr|Protect|p1a: Conkeldurr\n|-singleturn|p1a: Conkeldurr|Protect\n|move|p2a: Iron Moth|Toxic Spikes|p1b: Sableye\n|-sidestart|p1: nfjcjjdndnfnkd|move: Toxic Spikes\n|move|p2b: Gholdengo|Make It Rain|p1b: Sableye|[spread] p1b\n|-activate|p1a: Conkeldurr|move: Protect\n|-damage|p1b: Sableye|0 fnt\n|-unboost|p2b: Gholdengo|spa|1\n|faint|p1b: Sableye\n|\n|upkeep\n|\n|t:|1701115537\n|switch|p1b: Landorus|Landorus-Therian, M|55\/100\n|-damage|p1b: Landorus|43\/100|[from] Stealth Rock\n|-ability|p1b: Landorus|Intimidate|boost\n|-unboost|p2a: Iron Moth|atk|1\n|-unboost|p2b: Gholdengo|atk|1\n|turn|13\n|\n|t:|1701115549\n|-end|p2a: Iron Moth|Quark Drive|[silent]\n|switch|p2a: Iron Hands|Iron Hands|87\/100\n|move|p2b: Gholdengo|Protect|p2b: Gholdengo\n|-singleturn|p2b: Gholdengo|Protect\n|move|p1b: Landorus|Stomping Tantrum|p2b: Gholdengo\n|-activate|p2b: Gholdengo|move: Protect\n|move|p1a: Conkeldurr|Drain Punch|p2a: Iron Hands\n|-crit|p2a: Iron Hands\n|-damage|p2a: Iron Hands|24\/100\n|-heal|p1a: Conkeldurr|100\/100|[from] drain|[of] p2a: Iron Hands\n|\n|upkeep\n|turn|14\n|\n|t:|1701115559\n|move|p2a: Iron Hands|Fake Out|p1b: Landorus\n|-damage|p1b: Landorus|26\/100\n|cant|p1b: Landorus|flinch\n|move|p2b: Gholdengo|Make It Rain|p1a: Conkeldurr|[spread] p1a,p1b\n|-crit|p1a: Conkeldurr\n|-damage|p1a: Conkeldurr|0 fnt\n|-damage|p1b: Landorus|0 fnt\n|-unboost|p2b: Gholdengo|spa|1\n|faint|p1a: Conkeldurr\n|faint|p1b: Landorus\n|\n|upkeep\n|c|\u2606nfjcjjdndnfnkd|oop\n|\n|t:|1701115573\n|switch|p1b: Sinistcha|Sinistcha-Masterpiece, shiny|85\/100 psn\n|switch|p1a: Cresselia|Cresselia, F|73\/100\n|-damage|p1b: Sinistcha|72\/100 psn|[from] Stealth Rock\n|-heal|p1a: Cresselia|98\/100|[from] ability: Hospitality|[of] p1b: Sinistcha\n|-damage|p1a: Cresselia|86\/100|[from] Stealth Rock\n|turn|15\n|\n|t:|1701115591\n|move|p1b: Sinistcha|Rage Powder|p1b: Sinistcha\n|-singleturn|p1b: Sinistcha|move: Rage Powder\n|move|p2b: Gholdengo|Make It Rain|p1a: Cresselia|[spread] p1a,p1b\n|-damage|p1a: Cresselia|39\/100\n|-damage|p1b: Sinistcha|0 fnt\n|-unboost|p2b: Gholdengo|spa|1\n|faint|p1b: Sinistcha\n|move|p2a: Iron Hands|Wild Charge|p1a: Cresselia\n|-damage|p1a: Cresselia|5\/100\n|-damage|p2a: Iron Hands|15\/100|[from] Recoil\n|move|p1a: Cresselia|Trick Room|p1a: Cresselia\n|-fieldstart|move: Trick Room|[of] p1a: Cresselia\n|\n|upkeep\n|\n|t:|1701115598\n|switch|p1b: Diancie|Diancie|100\/100\n|-damage|p1b: Diancie|88\/100|[from] Stealth Rock\n|-status|p1b: Diancie|psn\n|turn|16\n|j| Waiting on U\n|l| Waiting on U\n|inactive|nfjcjjdndnfnkd has 120 seconds left.\n|inactive|Grandpas Eatin has 120 seconds left.\n|inactive|Grandpas Eatin has 90 seconds left.\n|inactive|Grandpas Eatin has 60 seconds left.\n|\n|t:|1701115706\n|move|p1b: Diancie|Diamond Storm|p2a: Iron Hands|[spread] p2a,p2b\n|-resisted|p2a: Iron Hands\n|-resisted|p2b: Gholdengo\n|-damage|p2a: Iron Hands|4\/100\n|-damage|p2b: Gholdengo|1\/100\n|-boost|p1b: Diancie|def|2\n|move|p2a: Iron Hands|Wild Charge|p1a: Cresselia\n|-damage|p1a: Cresselia|0 fnt\n|faint|p1a: Cresselia\n|-damage|p2a: Iron Hands|2\/100|[from] Recoil\n|move|p2b: Gholdengo|Make It Rain|p1b: Diancie\n|-supereffective|p1b: Diancie\n|-damage|p1b: Diancie|0 fnt\n|-unboost|p2b: Gholdengo|spa|1\n|faint|p1b: Diancie\n|\n|win|Grandpas Eatin\n|n|\u2606nfjcjjdndnfnkd|nfjcjjdndnfnkd\n|n|\u2606Grandpas Eatin|grandpaseatin\n|n| PandaOpticon|pandaopticon\n|n| theyummybagel|theyummybagel\n|n| Uhhwoops|uhhwoops\n","uploadtime":1701115707,"views":14,"p1id":"nfjcjjdndnfnkd","p2id":"grandpaseatin","formatid":"gen9doublesou","rating":0,"private":0,"password":""}