{"id":"gen9doublesou-1999510315","p1":"Kibadda12345","p2":"greythegayy","format":"[Gen 9] Doubles OU","log":"|j|\u2606Kibadda12345\n|j|\u2606greythegayy\n|t:|1701090780\n|gametype|doubles\n|player|p1|Kibadda12345|ingo|1015\n|player|p2|greythegayy|burglar|1000\n|teamsize|p1|6\n|teamsize|p2|6\n|gen|9\n|tier|[Gen 9] Doubles OU\n|rated|\n|rule|Species Clause: Limit one of each Pok\u00e9mon\n|rule|OHKO Clause: OHKO moves are banned\n|rule|Evasion Moves Clause: Evasion moves are banned\n|rule|Gravity Sleep Clause: The combination of sleep-inducing moves with imperfect accuracy and Gravity or Gigantamax Orbeetle are banned\n|rule|Endless Battle Clause: Forcing endless battles is banned\n|rule|HP Percentage Mod: HP is shown in percentages\n|clearpoke\n|poke|p1|Indeedee-F, F|\n|poke|p1|Hatterene, F|\n|poke|p1|Torkoal, F|\n|poke|p1|Iron Hands|\n|poke|p1|Armarouge, F|\n|poke|p1|Staraptor, F|\n|poke|p2|Amoonguss, F|\n|poke|p2|Clefairy, F|\n|poke|p2|Flutter Mane|\n|poke|p2|Gholdengo|\n|poke|p2|Landorus-Therian, M|\n|poke|p2|Ursaluna-Bloodmoon, M|\n|teampreview\n|inactive|Battle timer is ON: inactive players will automatically lose when time's up. (requested by greythegayy)\n|\n|t:|1701090798\n|start\n|switch|p1a: Indeedee|Indeedee-F, F|100\/100\n|switch|p1b: Armarouge|Armarouge, F|100\/100\n|switch|p2a: Clefairy|Clefairy, F, shiny|100\/100\n|switch|p2b: Landorus|Landorus-Therian, M, shiny|100\/100\n|-ability|p2b: Landorus|Intimidate|boost\n|-unboost|p1a: Indeedee|atk|1\n|-unboost|p1b: Armarouge|atk|1\n|-fieldstart|move: Psychic Terrain|[from] ability: Psychic Surge|[of] p1a: Indeedee\n|-enditem|p1a: Indeedee|Psychic Seed\n|-boost|p1a: Indeedee|spd|1|[from] item: Psychic Seed\n|turn|1\n|c|\u2606greythegayy|trick room team? thats cool\n|c|\u2606Kibadda12345|yeah 1st time trying out doubles :D\n|inactive|Kibadda12345 has 120 seconds left.\n|\n|t:|1701090832\n|move|p2a: Clefairy|Helping Hand|p2b: Landorus\n|-singleturn|p2b: Landorus|Helping Hand|[of] p2a: Clefairy\n|move|p1b: Armarouge|Protect|p1b: Armarouge\n|-singleturn|p1b: Armarouge|Protect\n|move|p2b: Landorus|Rock Slide|p1b: Armarouge|[spread] p1a\n|-activate|p1b: Armarouge|move: Protect\n|-damage|p1a: Indeedee|64\/100\n|-damage|p2b: Landorus|91\/100|[from] item: Life Orb\n|cant|p1a: Indeedee|flinch\n|\n|upkeep\n|turn|2\n|c|\u2606greythegayy|oh okay this is my first team as well lol\n|c|\u2606Kibadda12345|glgl :D\n|inactive|Kibadda12345 has 120 seconds left.\n|c|\u2606greythegayy|you too!\n|inactive|greythegayy has 120 seconds left.\n|\n|t:|1701090864\n|move|p2b: Landorus|Protect|p2b: Landorus\n|-singleturn|p2b: Landorus|Protect\n|move|p1b: Armarouge|Expanding Force|p2a: Clefairy|[spread] p2a\n|-activate|p2b: Landorus|move: Protect\n|-damage|p2a: Clefairy|49\/100\n|move|p2a: Clefairy|Dazzling Gleam|p1b: Armarouge|[spread] p1a,p1b\n|-resisted|p1b: Armarouge\n|-damage|p1a: Indeedee|56\/100\n|-damage|p1b: Armarouge|93\/100\n|move|p1a: Indeedee|Trick Room|p1a: Indeedee\n|-fieldstart|move: Trick Room|[of] p1a: Indeedee\n|\n|upkeep\n|turn|3\n|inactive|greythegayy has 120 seconds left.\n|\n|t:|1701090894\n|switch|p2a: Ursaluna|Ursaluna-Bloodmoon, M|100\/100\n|move|p1a: Indeedee|Helping Hand|p1b: Armarouge\n|-singleturn|p1b: Armarouge|Helping Hand|[of] p1a: Indeedee\n|move|p1b: Armarouge|Expanding Force|p2a: Ursaluna|[spread] p2a,p2b\n|-damage|p2a: Ursaluna|45\/100\n|-damage|p2b: Landorus|0 fnt\n|faint|p2b: Landorus\n|\n|upkeep\n|inactive|greythegayy has 120 seconds left.\n|\n|t:|1701090904\n|switch|p2b: Gholdengo|Gholdengo, shiny|100\/100\n|turn|4\n|\n|t:|1701090923\n|-terastallize|p2b: Gholdengo|Ghost\n|move|p1a: Indeedee|Follow Me|p1a: Indeedee\n|-singleturn|p1a: Indeedee|move: Follow Me\n|move|p2a: Ursaluna|Earthquake|p1a: Indeedee|[spread] p2b,p1a,p1b\n|-supereffective|p1b: Armarouge\n|-damage|p2b: Gholdengo|79\/100\n|-damage|p1a: Indeedee|37\/100\n|-damage|p1b: Armarouge|57\/100\n|move|p1b: Armarouge|Armor Cannon|p2b: Gholdengo\n|-damage|p2b: Gholdengo|5\/100\n|-unboost|p1b: Armarouge|def|1\n|-unboost|p1b: Armarouge|spd|1\n|move|p2b: Gholdengo|Make It Rain|p1a: Indeedee|[spread] p1a,p1b\n|-resisted|p1b: Armarouge\n|-damage|p1a: Indeedee|0 fnt\n|-damage|p1b: Armarouge|9\/100\n|-unboost|p2b: Gholdengo|spa|1\n|faint|p1a: Indeedee\n|-damage|p2b: Gholdengo|0 fnt|[from] item: Life Orb\n|faint|p2b: Gholdengo\n|\n|upkeep\n|\n|t:|1701090945\n|switch|p1a: Torkoal|Torkoal, F|100\/100\n|switch|p2b: Amoonguss|Amoonguss, F, shiny|100\/100\n|-weather|SunnyDay|[from] ability: Drought|[of] p1a: Torkoal\n|turn|5\n|\n|t:|1701090959\n|move|p2b: Amoonguss|Rage Powder|p2b: Amoonguss\n|-singleturn|p2b: Amoonguss|move: Rage Powder\n|move|p1a: Torkoal|Eruption|p2a: Ursaluna|[spread] p2a,p2b\n|-supereffective|p2b: Amoonguss\n|-damage|p2a: Ursaluna|3\/100\n|-damage|p2b: Amoonguss|0 fnt\n|faint|p2b: Amoonguss\n|move|p2a: Ursaluna|Earthquake|p1b: Armarouge|[spread] p1a,p1b\n|-supereffective|p1a: Torkoal\n|-supereffective|p1b: Armarouge\n|-damage|p1a: Torkoal|71\/100\n|-damage|p1b: Armarouge|0 fnt\n|faint|p1b: Armarouge\n|\n|-weather|SunnyDay|[upkeep]\n|-fieldend|move: Psychic Terrain\n|upkeep\n|\n|t:|1701090971\n|switch|p2b: Flutter Mane|Flutter Mane|100\/100\n|switch|p1b: Iron Hands|Iron Hands|100\/100\n|-activate|p2b: Flutter Mane|ability: Protosynthesis\n|-start|p2b: Flutter Mane|protosynthesisspe\n|turn|6\n|\n|t:|1701090983\n|move|p1a: Torkoal|Eruption|p2b: Flutter Mane|[spread] p2a,p2b\n|-damage|p2a: Ursaluna|0 fnt\n|-damage|p2b: Flutter Mane|34\/100\n|faint|p2a: Ursaluna\n|move|p1b: Iron Hands|Wild Charge|p2b: Flutter Mane\n|-damage|p2b: Flutter Mane|0 fnt\n|faint|p2b: Flutter Mane\n|-end|p2b: Flutter Mane|Protosynthesis|[silent]\n|-damage|p1b: Iron Hands|96\/100|[from] Recoil\n|\n|-weather|SunnyDay|[upkeep]\n|-fieldend|move: Trick Room\n|upkeep\n|\n|t:|1701090995\n|switch|p2b: Clefairy|Clefairy, F, shiny|49\/100\n|turn|7\n|c|\u2606greythegayy|peipiiiiii\n|c|\u2606greythegayy|nooooooo\n|c|\u2606Kibadda12345|im sorry peipiii :(\n|\n|t:|1701091019\n|move|p2b: Clefairy|Protect|p2b: Clefairy\n|-singleturn|p2b: Clefairy|Protect\n|move|p1b: Iron Hands|Wild Charge|p2b: Clefairy\n|-activate|p2b: Clefairy|move: Protect\n|move|p1a: Torkoal|Eruption|p2b: Clefairy\n|-activate|p2b: Clefairy|move: Protect\n|\n|-weather|SunnyDay|[upkeep]\n|upkeep\n|turn|8\n|c|\u2606greythegayy|how dare youuu lol\n|c|\u2606Kibadda12345|ok ill kill them\n|c|\u2606greythegayy|no lolololol get the win\n|\n|t:|1701091049\n|move|p1b: Iron Hands|Wild Charge|p1a: Torkoal\n|-damage|p1a: Torkoal|29\/100\n|-damage|p1b: Iron Hands|88\/100|[from] Recoil\n|move|p2b: Clefairy|Dazzling Gleam|p1b: Iron Hands|[spread] p1a,p1b\n|-resisted|p1a: Torkoal\n|-supereffective|p1b: Iron Hands\n|-damage|p1a: Torkoal|19\/100\n|-damage|p1b: Iron Hands|57\/100\n|move|p1a: Torkoal|Clear Smog|p1b: Iron Hands\n|-damage|p1b: Iron Hands|42\/100\n|-clearboost|p1b: Iron Hands\n|-enditem|p1b: Iron Hands|Sitrus Berry|[eat]\n|-heal|p1b: Iron Hands|67\/100|[from] item: Sitrus Berry\n|\n|-weather|SunnyDay|[upkeep]\n|upkeep\n|turn|9\n|c|\u2606Kibadda12345|XD\n|\n|t:|1701091066\n|move|p2b: Clefairy|Protect|p2b: Clefairy\n|-singleturn|p2b: Clefairy|Protect\n|move|p1b: Iron Hands|Wild Charge|p2b: Clefairy\n|-activate|p2b: Clefairy|move: Protect\n|move|p1a: Torkoal|Heat Wave|p2b: Clefairy\n|-activate|p2b: Clefairy|move: Protect\n|\n|-weather|none\n|upkeep\n|turn|10\n|\n|t:|1701091074\n|move|p1b: Iron Hands|Wild Charge|p2b: Clefairy\n|-damage|p2b: Clefairy|0 fnt\n|faint|p2b: Clefairy\n|-damage|p1b: Iron Hands|58\/100|[from] Recoil\n|\n|win|Kibadda12345\n|raw|Kibadda12345's rating: 1015 &rarr; <strong>1051<\/strong><br \/>(+36 for winning)\n|raw|greythegayy's rating: 1000 &rarr; <strong>1000<\/strong><br \/>(+0 for losing)\n|c|\u2606Kibadda12345|ggs gl next round\n|c|\u2606greythegayy|ggs\n","uploadtime":1701091093,"views":7,"p1id":"kibadda12345","p2id":"greythegayy","formatid":"gen9doublesou","rating":1000,"private":0,"password":""}