{"id":"gen9doublesou-1980757826","p1":"bnm5g","p2":"mexicanpasta","format":"[Gen 9] Doubles OU","log":"|j|\u2606bnm5g\n|j|\u2606mexicanpasta\n|inactive|Battle timer is ON: inactive players will automatically lose when time's up.\n|t:|1698827205\n|gametype|doubles\n|player|p1|bnm5g|102|\n|player|p2|mexicanpasta|parasollady|\n|teamsize|p1|6\n|teamsize|p2|6\n|gen|9\n|tier|[Gen 9] Doubles OU\n|rated|Tournament battle\n|rule|Species Clause: Limit one of each Pok\u00e9mon\n|rule|OHKO Clause: OHKO moves are banned\n|rule|Evasion Moves Clause: Evasion moves are banned\n|rule|Gravity Sleep Clause: The combination of sleep-inducing moves with imperfect accuracy and Gravity or Gigantamax Orbeetle are banned\n|rule|Endless Battle Clause: Forcing endless battles is banned\n|rule|HP Percentage Mod: HP is shown in percentages\n|clearpoke\n|poke|p1|Dragalge, F|\n|poke|p1|Crawdaunt, F|\n|poke|p1|Blissey, F|\n|poke|p1|Espathra, M|\n|poke|p1|Palafin, F|\n|poke|p1|Ariados, M|\n|poke|p2|Jumpluff, M|\n|poke|p2|Wyrdeer, F|\n|poke|p2|Venomoth, F|\n|poke|p2|Avalugg-Hisui, F|\n|poke|p2|Lokix, F|\n|poke|p2|Dragonite, M|\n|teampreview\n|j|*Lady Monita \u263d\n|inactive|mexicanpasta also wants the timer to be on.\n|\n|t:|1698827227\n|start\n|switch|p1a: Palafin|Palafin, F|100\/100\n|switch|p1b: Ariados|Ariados, M|100\/100\n|switch|p2a: Wyrdeer|Wyrdeer, F|100\/100\n|switch|p2b: Lokix|Lokix, F|100\/100\n|-ability|p2a: Wyrdeer|Intimidate|boost\n|-unboost|p1a: Palafin|atk|1\n|-unboost|p1b: Ariados|atk|1\n|turn|1\n|inactive|bnm5g has 120 seconds left.\n|\n|t:|1698827272\n|move|p1a: Palafin|Flip Turn|p2b: Lokix\n|-damage|p2b: Lokix|74\/100\n|\n|t:|1698827281\n|detailschange|p1a: Palafin|Palafin-Hero, F\n|switch|p1a: Dragalge|Dragalge, F|100\/100|[from] Flip Turn\n|move|p2b: Lokix|Knock Off|p1b: Ariados\n|-enditem|p1b: Ariados|Focus Sash\n|-damage|p1b: Ariados|1\/100\n|-damage|p2b: Lokix|64\/100|[from] item: Life Orb\n|move|p2a: Wyrdeer|Double-Edge|p1b: Ariados\n|-damage|p1b: Ariados|0 fnt\n|faint|p1b: Ariados\n|-damage|p2a: Wyrdeer|99\/100|[from] Recoil\n|\n|upkeep\n|\n|t:|1698827306\n|switch|p1b: Palafin|Palafin-Hero, F|100\/100\n|-activate|p1b: Palafin|ability: Zero to Hero\n|turn|2\n|\n|t:|1698827322\n|switch|p2b: Jumpluff|Jumpluff, M|100\/100\n|move|p1b: Palafin|Wave Crash|p2b: Jumpluff\n|-resisted|p2b: Jumpluff\n|-damage|p2b: Jumpluff|33\/100\n|-damage|p1b: Palafin|81\/100|[from] Recoil\n|move|p2a: Wyrdeer|Reflect|p2a: Wyrdeer\n|-sidestart|p2: mexicanpasta|Reflect\n|move|p1a: Dragalge|Rain Dance|p1a: Dragalge\n|-weather|RainDance\n|\n|-weather|RainDance|[upkeep]\n|upkeep\n|turn|3\n|inactive|bnm5g has 120 seconds left.\n|inactive|mexicanpasta has 120 seconds left.\n|inactive|bnm5g has 90 seconds left.\n|\n|t:|1698827370\n|-terastallize|p1b: Palafin|Grass\n|move|p2b: Jumpluff|Encore|p1a: Dragalge\n|-start|p1a: Dragalge|Encore\n|move|p1b: Palafin|Wave Crash|p2b: Jumpluff\n|-resisted|p2b: Jumpluff\n|-damage|p2b: Jumpluff|0 fnt\n|faint|p2b: Jumpluff\n|-damage|p1b: Palafin|72\/100|[from] Recoil\n|move|p2a: Wyrdeer|Double-Edge|p1b: Palafin\n|-damage|p1b: Palafin|25\/100\n|-damage|p2a: Wyrdeer|87\/100|[from] Recoil\n|move|p1a: Dragalge|Rain Dance||[still]\n|-fail|p1a: Dragalge\n|\n|-weather|RainDance|[upkeep]\n|upkeep\n|\n|t:|1698827379\n|switch|p2b: Lokix|Lokix, F|64\/100\n|turn|4\n|\n|t:|1698827400\n|switch|p1a: Crawdaunt|Crawdaunt, F|100\/100\n|move|p2b: Lokix|First Impression|p1b: Palafin\n|-supereffective|p1b: Palafin\n|-damage|p1b: Palafin|0 fnt\n|faint|p1b: Palafin\n|-damage|p2b: Lokix|54\/100|[from] item: Life Orb\n|move|p2a: Wyrdeer|Zen Headbutt|p1a: Crawdaunt\n|-immune|p1a: Crawdaunt\n|\n|-weather|RainDance|[upkeep]\n|upkeep\n|inactive|bnm5g has 90 seconds left.\n|inactive|bnm5g has 60 seconds left.\n|j| hpl12345\n|\n|t:|1698827452\n|switch|p1b: Dragalge|Dragalge, F|100\/100\n|turn|5\n|\n|t:|1698827469\n|switch|p2b: Venomoth|Venomoth, F|100\/100\n|move|p1a: Crawdaunt|Protect|p1a: Crawdaunt\n|-singleturn|p1a: Crawdaunt|Protect\n|move|p2a: Wyrdeer|Light Screen|p2a: Wyrdeer\n|-sidestart|p2: mexicanpasta|move: Light Screen\n|move|p1b: Dragalge|Sludge Bomb|p2b: Venomoth\n|-resisted|p2b: Venomoth\n|-damage|p2b: Venomoth|75\/100\n|\n|-weather|RainDance|[upkeep]\n|upkeep\n|turn|6\n|inactive|bnm5g has 60 seconds left.\n|inactive|mexicanpasta has 120 seconds left.\n|\n|t:|1698827508\n|switch|p1a: Blissey|Blissey, F|100\/100\n|move|p2b: Venomoth|Bug Buzz|p1a: Blissey\n|-damage|p1a: Blissey|80\/100\n|-damage|p2b: Venomoth|65\/100|[from] item: Life Orb\n|move|p2a: Wyrdeer|Double-Edge|p1a: Blissey\n|-damage|p1a: Blissey|42\/100\n|-damage|p2a: Wyrdeer|67\/100|[from] Recoil\n|move|p1b: Dragalge|Flip Turn|p2a: Wyrdeer\n|-damage|p2a: Wyrdeer|56\/100\n|\n|t:|1698827521\n|switch|p1b: Crawdaunt|Crawdaunt, F|100\/100|[from] Flip Turn\n|\n|-weather|none\n|-heal|p1a: Blissey|48\/100|[from] item: Leftovers\n|upkeep\n|turn|7\n|c|\u2606mexicanpasta|i have so many questions about the damage blissey just took\n|c|\u2606bnm5g|fr\n|inactive|bnm5g has 60 seconds left.\n|\n|t:|1698827544\n|move|p2b: Venomoth|Bug Buzz|p1a: Blissey\n|-damage|p1a: Blissey|25\/100\n|-damage|p2b: Venomoth|55\/100|[from] item: Life Orb\n|move|p2a: Wyrdeer|Double-Edge|p1a: Blissey\n|-damage|p1a: Blissey|0 fnt\n|faint|p1a: Blissey\n|-damage|p2a: Wyrdeer|43\/100|[from] Recoil\n|move|p1b: Crawdaunt|Knock Off|p2a: Wyrdeer\n|-supereffective|p2a: Wyrdeer\n|-damage|p2a: Wyrdeer|0 fnt\n|-enditem|p2a: Wyrdeer|Light Clay|[from] move: Knock Off|[of] p1b: Crawdaunt\n|faint|p2a: Wyrdeer\n|\n|upkeep\n|c|\u2606mexicanpasta|blissey been working out it swapped defense and spdef stats\n|inactive|bnm5g has 60 seconds left.\n|\n|t:|1698827569\n|switch|p2a: Dragonite|Dragonite, M|100\/100\n|switch|p1a: Dragalge|Dragalge, F|100\/100\n|turn|8\n|inactive|bnm5g has 60 seconds left.\n|inactive|bnm5g has 30 seconds left.\n|inactive|bnm5g has 20 seconds left.\n|\n|t:|1698827635\n|move|p1b: Crawdaunt|Protect|p1b: Crawdaunt\n|-singleturn|p1b: Crawdaunt|Protect\n|move|p2a: Dragonite|Dragon Claw|p1a: Dragalge\n|-supereffective|p1a: Dragalge\n|-damage|p1a: Dragalge|21\/100\n|-enditem|p1a: Dragalge|Sitrus Berry|[eat]\n|-heal|p1a: Dragalge|46\/100|[from] item: Sitrus Berry\n|move|p2b: Venomoth|Sludge Bomb|p1a: Dragalge\n|-resisted|p1a: Dragalge\n|-damage|p1a: Dragalge|0 fnt\n|faint|p1a: Dragalge\n|-damage|p2b: Venomoth|45\/100|[from] item: Life Orb\n|\n|upkeep\n|inactive|bnm5g has 25 seconds left this turn.\n|inactive|bnm5g has 20 seconds left.\n|c|\u2606bnm5g|its joever\n|inactive|bnm5g has 15 seconds left.\n|l|\u2606bnm5g\n|inactive|bnm5g disconnected and has a minute to reconnect!\n|player|p1|\n|inactive|bnm5g has 10 seconds left.\n|inactive|bnm5g has 5 seconds left.\n|c|\u2606mexicanpasta|damn not the DC\n|-message|bnm5g lost due to inactivity.\n|\n|win|mexicanpasta\n|n|\u2606mexicanpasta|mexicanpasta\n|n|*Lady Monita \u263d|ladymonita\n|n| hpl12345|hpl12345\n","uploadtime":1698827662,"views":32,"p1id":"bnm5g","p2id":"mexicanpasta","formatid":"gen9doublesou","rating":0,"private":0,"password":""}