{"id":"gen9doublesou-1982498430","p1":"ttTuzi","p2":"Rungy","format":"[Gen 9] Doubles OU","log":"|j|\u2606ttTuzi\n|j|\u2606Rungy\n|t:|1699020480\n|gametype|doubles\n|player|p1|ttTuzi|clair|1167\n|player|p2|Rungy|gambler|1257\n|teamsize|p1|6\n|teamsize|p2|6\n|gen|9\n|tier|[Gen 9] Doubles OU\n|rated|\n|rule|Species Clause: Limit one of each Pok\u00e9mon\n|rule|OHKO Clause: OHKO moves are banned\n|rule|Evasion Moves Clause: Evasion moves are banned\n|rule|Gravity Sleep Clause: The combination of sleep-inducing moves with imperfect accuracy and Gravity or Gigantamax Orbeetle are banned\n|rule|Endless Battle Clause: Forcing endless battles is banned\n|rule|HP Percentage Mod: HP is shown in percentages\n|clearpoke\n|poke|p1|Ninetales-Alola, F|\n|poke|p1|Flutter Mane|\n|poke|p1|Landorus-Therian, M|\n|poke|p1|Iron Bundle|\n|poke|p1|Iron Hands|\n|poke|p1|Chi-Yu|\n|poke|p2|Weezing-Galar, M|\n|poke|p2|Farigiraf, M|\n|poke|p2|Gastrodon-East, M|\n|poke|p2|Rillaboom, F|\n|poke|p2|Chandelure, F|\n|poke|p2|Wyrdeer, F|\n|teampreview\n|c|\u2606Rungy|glhf!\n|\n|t:|1699020492\n|start\n|switch|p1a: Landorus|Landorus-Therian, M|100\/100\n|switch|p1b: Iron Hands|Iron Hands|100\/100\n|switch|p2a: Assmar|Weezing-Galar, M|100\/100\n|switch|p2b: Khan|Gastrodon-East, M|100\/100\n|-ability|p1a: Landorus|Intimidate|boost\n|-unboost|p2a: Assmar|atk|1\n|-unboost|p2b: Khan|atk|1\n|-fieldstart|move: Misty Terrain|[from] ability: Misty Surge|[of] p2a: Assmar\n|turn|1\n|c|\u2606ttTuzi|you too\n|\n|t:|1699020516\n|switch|p2a: Mr. Rothschild|Farigiraf, M|100\/100\n|move|p1b: Iron Hands|Fake Out||[still]\n|cant|p2a: Mr. Rothschild|ability: Armor Tail|Fake Out|[of] p1b: Iron Hands\n|move|p1a: Landorus|U-turn|p2a: Mr. Rothschild\n|-supereffective|p2a: Mr. Rothschild\n|-damage|p2a: Mr. Rothschild|44\/100\n|\n|t:|1699020526\n|switch|p1a: Iron Bundle|Iron Bundle|100\/100|[from] U-turn\n|-enditem|p1a: Iron Bundle|Booster Energy\n|-activate|p1a: Iron Bundle|ability: Quark Drive|[fromitem]\n|-start|p1a: Iron Bundle|quarkdrivespe\n|move|p2b: Khan|Ice Beam|p1a: Iron Bundle\n|-resisted|p1a: Iron Bundle\n|-damage|p1a: Iron Bundle|89\/100\n|\n|upkeep\n|turn|2\n|\n|t:|1699020560\n|switch|p2a: O'deer|Wyrdeer, F|100\/100\n|-end|p1b: Iron Hands|Quark Drive|[silent]\n|switch|p1b: Chi-Yu|Chi-Yu|100\/100\n|-ability|p1b: Chi-Yu|Beads of Ruin\n|-terastallize|p2b: Khan|Fire\n|move|p1a: Iron Bundle|Freeze-Dry|p2a: O'deer\n|-damage|p2a: O'deer|53\/100\n|move|p2b: Khan|Earth Power|p1b: Chi-Yu\n|-supereffective|p1b: Chi-Yu\n|-damage|p1b: Chi-Yu|19\/100\n|\n|upkeep\n|turn|3\n|\n|t:|1699020590\n|switch|p2a: Luz|Chandelure, F, shiny|100\/100\n|move|p1a: Iron Bundle|Hydro Pump|p2b: Khan\n|-ability|p2b: Khan|Storm Drain|boost\n|-boost|p2b: Khan|spa|1\n|move|p1b: Chi-Yu|Dark Pulse|p2a: Luz\n|-supereffective|p2a: Luz\n|-damage|p2a: Luz|0 fnt\n|faint|p2a: Luz\n|move|p2b: Khan|Water Pulse|p1b: Chi-Yu\n|-supereffective|p1b: Chi-Yu\n|-damage|p1b: Chi-Yu|0 fnt\n|faint|p1b: Chi-Yu\n|\n|upkeep\n|\n|t:|1699020612\n|switch|p1b: Landorus|Landorus-Therian, M|100\/100\n|switch|p2a: Metro|Rillaboom, F|100\/100\n|-fieldstart|move: Grassy Terrain|[from] ability: Grassy Surge|[of] p2a: Metro\n|-ability|p1b: Landorus|Intimidate|boost\n|-unboost|p2a: Metro|atk|1\n|-unboost|p2b: Khan|atk|1\n|turn|4\n|\n|t:|1699020628\n|switch|p2a: Assmar|Weezing-Galar, M|100\/100\n|-fieldstart|move: Misty Terrain|[from] ability: Misty Surge|[of] p2a: Assmar\n|move|p1a: Iron Bundle|Protect|p1a: Iron Bundle\n|-singleturn|p1a: Iron Bundle|Protect\n|move|p1b: Landorus|Stomping Tantrum|p2b: Khan\n|-supereffective|p2b: Khan\n|-damage|p2b: Khan|7\/100\n|move|p2b: Khan|Ice Beam|p1b: Landorus\n|-supereffective|p1b: Landorus\n|-damage|p1b: Landorus|0 fnt\n|faint|p1b: Landorus\n|\n|upkeep\n|\n|t:|1699020641\n|switch|p1b: nina|Ninetales-Alola, F, shiny|100\/100\n|-weather|Snow|[from] ability: Snow Warning|[of] p1b: nina\n|turn|5\n|\n|t:|1699020659\n|switch|p2b: O'deer|Wyrdeer, F|53\/100\n|move|p1b: nina|Protect|p1b: nina\n|-singleturn|p1b: nina|Protect\n|move|p1a: Iron Bundle|Icy Wind|p2b: O'deer|[spread] p2a,p2b\n|-damage|p2a: Assmar|77\/100\n|-damage|p2b: O'deer|30\/100\n|-unboost|p2a: Assmar|spe|1\n|move|p2a: Assmar|Flamethrower|p1b: nina\n|-activate|p1b: nina|move: Protect\n|\n|-weather|Snow|[upkeep]\n|upkeep\n|turn|6\n|\n|t:|1699020684\n|-terastallize|p1b: nina|Water\n|move|p1a: Iron Bundle|Hydro Pump|p2b: O'deer\n|-damage|p2b: O'deer|0 fnt\n|faint|p2b: O'deer\n|move|p1b: nina|Blizzard|p2a: Assmar\n|-damage|p2a: Assmar|34\/100\n|move|p2a: Assmar|Flamethrower|p1b: nina\n|-resisted|p1b: nina\n|-damage|p1b: nina|89\/100\n|\n|-weather|Snow|[upkeep]\n|upkeep\n|\n|t:|1699020695\n|switch|p2b: Metro|Rillaboom, F|100\/100\n|-fieldstart|move: Grassy Terrain|[from] ability: Grassy Surge|[of] p2b: Metro\n|turn|7\n|\n|t:|1699020712\n|-end|p1a: Iron Bundle|Quark Drive|[silent]\n|switch|p1a: Iron Hands|Iron Hands|100\/100\n|move|p1b: nina|Protect|p1b: nina\n|-singleturn|p1b: nina|Protect\n|move|p2b: Metro|Grassy Glide|p1a: Iron Hands\n|-damage|p1a: Iron Hands|68\/100\n|move|p2a: Assmar|Strange Steam|p1b: nina\n|-activate|p1b: nina|move: Protect\n|\n|-weather|Snow|[upkeep]\n|-heal|p1b: nina|95\/100|[from] Grassy Terrain\n|-heal|p1a: Iron Hands|75\/100|[from] Grassy Terrain\n|-heal|p2a: Assmar|40\/100|[from] Grassy Terrain\n|upkeep\n|turn|8\n|\n|t:|1699020732\n|switch|p2a: Mr. Rothschild|Farigiraf, M|44\/100\n|move|p2b: Metro|Grassy Glide|p1b: nina\n|-supereffective|p1b: nina\n|-damage|p1b: nina|0 fnt\n|faint|p1b: nina\n|move|p1a: Iron Hands|Drain Punch|p2b: Metro\n|-damage|p2b: Metro|58\/100\n|-heal|p1a: Iron Hands|90\/100|[from] drain|[of] p2b: Metro\n|\n|-weather|Snow|[upkeep]\n|-heal|p2b: Metro|64\/100|[from] Grassy Terrain\n|-heal|p2a: Mr. Rothschild|50\/100|[from] Grassy Terrain\n|-heal|p1a: Iron Hands|96\/100|[from] Grassy Terrain\n|upkeep\n|\n|t:|1699020746\n|switch|p1b: Flutter Mane|Flutter Mane|100\/100\n|turn|9\n|\n|t:|1699020761\n|move|p2b: Metro|Grassy Glide|p1b: Flutter Mane\n|-damage|p1b: Flutter Mane|18\/100\n|move|p1b: Flutter Mane|Shadow Ball|p2a: Mr. Rothschild\n|-immune|p2a: Mr. Rothschild\n|move|p2a: Mr. Rothschild|Psychic|p1a: Iron Hands\n|-supereffective|p1a: Iron Hands\n|-damage|p1a: Iron Hands|47\/100\n|move|p1a: Iron Hands|Heavy Slam|p2b: Metro\n|-damage|p2b: Metro|26\/100\n|\n|-weather|none\n|-heal|p1b: Flutter Mane|24\/100|[from] Grassy Terrain\n|-heal|p2b: Metro|32\/100|[from] Grassy Terrain\n|-heal|p2a: Mr. Rothschild|56\/100|[from] Grassy Terrain\n|-heal|p1a: Iron Hands|53\/100|[from] Grassy Terrain\n|upkeep\n|turn|10\n|\n|t:|1699020796\n|-end|p1a: Iron Hands|Quark Drive|[silent]\n|switch|p1a: Iron Bundle|Iron Bundle|89\/100\n|move|p2b: Metro|Grassy Glide|p1b: Flutter Mane\n|-damage|p1b: Flutter Mane|0 fnt\n|faint|p1b: Flutter Mane\n|-end|p1b: Flutter Mane|Protosynthesis|[silent]\n|move|p2a: Mr. Rothschild|Psychic|p1a: Iron Bundle\n|-damage|p1a: Iron Bundle|12\/100\n|\n|-heal|p1a: Iron Bundle|18\/100|[from] Grassy Terrain\n|-heal|p2b: Metro|38\/100|[from] Grassy Terrain\n|-heal|p2a: Mr. Rothschild|62\/100|[from] Grassy Terrain\n|upkeep\n|\n|t:|1699020808\n|switch|p1b: Iron Hands|Iron Hands|53\/100\n|turn|11\n|\n|t:|1699020820\n|move|p1a: Iron Bundle|Protect|p1a: Iron Bundle\n|-singleturn|p1a: Iron Bundle|Protect\n|move|p2b: Metro|Grassy Glide|p1a: Iron Bundle\n|-activate|p1a: Iron Bundle|move: Protect\n|move|p2a: Mr. Rothschild|Psychic|p1b: Iron Hands\n|-supereffective|p1b: Iron Hands\n|-damage|p1b: Iron Hands|8\/100\n|move|p1b: Iron Hands|Wild Charge|p2a: Mr. Rothschild\n|-damage|p2a: Mr. Rothschild|12\/100\n|-damage|p1b: Iron Hands|0 fnt|[from] Recoil\n|faint|p1b: Iron Hands\n|-end|p1b: Iron Hands|Quark Drive|[silent]\n|\n|-heal|p1a: Iron Bundle|24\/100|[from] Grassy Terrain\n|-heal|p2b: Metro|44\/100|[from] Grassy Terrain\n|-heal|p2a: Mr. Rothschild|18\/100|[from] Grassy Terrain\n|-fieldend|move: Grassy Terrain\n|upkeep\n|turn|12\n|\n|t:|1699020840\n|move|p1a: Iron Bundle|Icy Wind|p2a: Mr. Rothschild|[spread] p2a,p2b\n|-supereffective|p2b: Metro\n|-damage|p2a: Mr. Rothschild|0 fnt\n|-damage|p2b: Metro|2\/100\n|-unboost|p2b: Metro|spe|1\n|faint|p2a: Mr. Rothschild\n|move|p2b: Metro|Grassy Glide|p1a: Iron Bundle\n|-supereffective|p1a: Iron Bundle\n|-damage|p1a: Iron Bundle|0 fnt\n|faint|p1a: Iron Bundle\n|-end|p1a: Iron Bundle|Quark Drive|[silent]\n|\n|win|Rungy\n|raw|ttTuzi's rating: 1167 &rarr; <strong>1148<\/strong><br \/>(-19 for losing)\n|raw|Rungy's rating: 1257 &rarr; <strong>1276<\/strong><br \/>(+19 for winning)\n|c|\u2606Rungy|gg\n|c|\u2606ttTuzi|gg\n","uploadtime":1699020852,"views":19,"p1id":"tttuzi","p2id":"rungy","formatid":"gen9doublesou","rating":1148,"private":0,"password":""}