{"id":"gen9doublesou-1972039024","p1":"slapudap","p2":"Champion's Melody","format":"[Gen 9] Doubles OU","log":"|j|\u2606slapudap\n|j|\u2606Champion's Melody\n|t:|1697807461\n|gametype|doubles\n|player|p1|slapudap|pokemonbreeder-gen4|1056\n|player|p2|Champion's Melody|cynthia|1025\n|teamsize|p1|6\n|teamsize|p2|6\n|gen|9\n|tier|[Gen 9] Doubles OU\n|rated|\n|rule|Species Clause: Limit one of each Pok\u00e9mon\n|rule|OHKO Clause: OHKO moves are banned\n|rule|Evasion Moves Clause: Evasion moves are banned\n|rule|Gravity Sleep Clause: The combination of sleep-inducing moves with imperfect accuracy and Gravity or Gigantamax Orbeetle are banned\n|rule|Endless Battle Clause: Forcing endless battles is banned\n|rule|HP Percentage Mod: HP is shown in percentages\n|clearpoke\n|poke|p1|Pachirisu, F|\n|poke|p1|Pikachu, M|\n|poke|p1|Raichu-Alola, M|\n|poke|p1|Morpeko, F|\n|poke|p1|Pawmot, F|\n|poke|p1|Gholdengo|\n|poke|p2|Lurantis, M|\n|poke|p2|Clefable, M|\n|poke|p2|Kommo-o, F|\n|poke|p2|Chien-Pao|\n|poke|p2|Frosmoth, M|\n|poke|p2|Palafin, M|\n|teampreview\n|inactive|Battle timer is ON: inactive players will automatically lose when time's up. (requested by Champion's Melody)\n|\n|t:|1697807480\n|start\n|switch|p1a: Pachirisu|Pachirisu, F|100\/100\n|switch|p1b: Pikachu|Pikachu, M|100\/100\n|switch|p2a: Chien-Pao|Chien-Pao|100\/100\n|switch|p2b: Palafin|Palafin, M|100\/100\n|-ability|p2a: Chien-Pao|Sword of Ruin\n|turn|1\n|\n|t:|1697807503\n|move|p2a: Chien-Pao|Crunch|p1a: Pachirisu\n|-damage|p1a: Pachirisu|10\/100\n|move|p2b: Palafin|Flip Turn|p1b: Pikachu\n|-damage|p1b: Pikachu|0 fnt\n|faint|p1b: Pikachu\n|\n|t:|1697807511\n|detailschange|p2b: Palafin|Palafin-Hero, M\n|switch|p2b: Lurantis|Lurantis, M|100\/100|[from] Flip Turn\n|move|p1a: Pachirisu|Discharge|p2b: Lurantis|[spread] p2a,p2b\n|-resisted|p2b: Lurantis\n|-damage|p2a: Chien-Pao|62\/100\n|-damage|p2b: Lurantis|86\/100\n|\n|upkeep\n|\n|t:|1697807529\n|switch|p1b: Raichu|Raichu-Alola, M|100\/100\n|turn|2\n|\n|t:|1697807542\n|move|p2a: Chien-Pao|Crunch|p1b: Raichu\n|-supereffective|p1b: Raichu\n|-enditem|p1b: Raichu|Focus Sash\n|-damage|p1b: Raichu|1\/100\n|-unboost|p1b: Raichu|def|1\n|move|p1b: Raichu|Discharge|p2b: Lurantis|[spread] p2a,p2b\n|-heal|p1a: Pachirisu|35\/100|[from] ability: Volt Absorb|[of] p1b: Raichu\n|-resisted|p2b: Lurantis\n|-damage|p2a: Chien-Pao|22\/100\n|-damage|p2b: Lurantis|73\/100\n|move|p1a: Pachirisu|Discharge|p2b: Lurantis|[spread] p1b,p2a,p2b\n|-resisted|p1b: Raichu\n|-crit|p1b: Raichu\n|-resisted|p2b: Lurantis\n|-damage|p1b: Raichu|0 fnt\n|-damage|p2a: Chien-Pao|0 fnt\n|-damage|p2b: Lurantis|60\/100\n|faint|p1b: Raichu\n|faint|p2a: Chien-Pao\n|move|p2b: Lurantis|Superpower|p1a: Pachirisu\n|-damage|p1a: Pachirisu|0 fnt\n|-boost|p2b: Lurantis|atk|1\n|-boost|p2b: Lurantis|def|1\n|faint|p1a: Pachirisu\n|\n|upkeep\n|\n|t:|1697807565\n|switch|p2a: Clefable|Clefable, M|100\/100\n|switch|p1b: Morpeko|Morpeko, F, shiny|100\/100\n|switch|p1a: Pawmot|Pawmot, F|100\/100\n|turn|3\n|\n|t:|1697807581\n|-terastallize|p1a: Pawmot|Fire\n|move|p1b: Morpeko|Fake Out|p2a: Clefable\n|-damage|p2a: Clefable|88\/100\n|cant|p2a: Clefable|flinch\n|move|p1a: Pawmot|Fire Punch|p2b: Lurantis\n|-supereffective|p2b: Lurantis\n|-damage|p2b: Lurantis|0 fnt\n|faint|p2b: Lurantis\n|\n|-heal|p2a: Clefable|94\/100|[from] item: Leftovers\n|-formechange|p1b: Morpeko|Morpeko-Hangry||[from] ability: Hunger Switch\n|upkeep\n|\n|t:|1697807597\n|switch|p2b: Kommo-o|Kommo-o, F|100\/100\n|turn|4\n|\n|t:|1697807613\n|move|p1a: Pawmot|Fire Punch|p2a: Clefable\n|-damage|p2a: Clefable|20\/100\n|move|p2b: Kommo-o|Clangorous Soul|p2b: Kommo-o\n|-boost|p2b: Kommo-o|atk|1\n|-boost|p2b: Kommo-o|def|1\n|-boost|p2b: Kommo-o|spa|1\n|-boost|p2b: Kommo-o|spd|1\n|-boost|p2b: Kommo-o|spe|1\n|-damage|p2b: Kommo-o|68\/100\n|move|p1b: Morpeko|Outrage|p2a: Clefable\n|-immune|p2a: Clefable\n|move|p2a: Clefable|Cosmic Power|p2a: Clefable\n|-boost|p2a: Clefable|def|1\n|-boost|p2a: Clefable|spd|1\n|\n|-heal|p2a: Clefable|26\/100|[from] item: Leftovers\n|-formechange|p1b: Morpeko|Morpeko||[from] ability: Hunger Switch\n|upkeep\n|turn|5\n|inactive|Champion's Melody has 120 seconds left.\n|\n|t:|1697807643\n|move|p2b: Kommo-o|Clanging Scales|p1b: Morpeko|[spread] p1a,p1b\n|-damage|p1a: Pawmot|0 fnt\n|-damage|p1b: Morpeko|0 fnt\n|faint|p1a: Pawmot\n|faint|p1b: Morpeko\n|-unboost|p2b: Kommo-o|def|1\n|-damage|p2b: Kommo-o|58\/100|[from] item: Life Orb\n|move|p2a: Clefable|Rest|p2a: Clefable\n|-status|p2a: Clefable|slp|[from] move: Rest\n|-heal|p2a: Clefable|100\/100 slp|[silent]\n|\n|upkeep\n|-message|slapudap forfeited.\n|\n|win|Champion's Melody\n|raw|slapudap's rating: 1056 &rarr; <strong>1036<\/strong><br \/>(-20 for losing)\n|raw|Champion&apos;s Melody's rating: 1025 &rarr; <strong>1064<\/strong><br \/>(+39 for winning)\n|l|\u2606slapudap\n","uploadtime":1697807657,"views":10,"p1id":"slapudap","p2id":"championsmelody","formatid":"gen9doublesou","rating":1036,"private":0,"password":""}