{"id":"gen9doublesou-1970978732","p1":"readingbee","p2":"Jackmim","format":"[Gen 9] Doubles OU","log":"|j|\u2606readingbee\n|j|\u2606Jackmim\n|t:|1697687665\n|gametype|doubles\n|player|p1|readingbee|backersf|1040\n|player|p2|Jackmim|kieran-festival|1027\n|teamsize|p1|6\n|teamsize|p2|6\n|gen|9\n|tier|[Gen 9] Doubles OU\n|rated|\n|rule|Species Clause: Limit one of each Pok\u00e9mon\n|rule|OHKO Clause: OHKO moves are banned\n|rule|Evasion Moves Clause: Evasion moves are banned\n|rule|Gravity Sleep Clause: The combination of sleep-inducing moves with imperfect accuracy and Gravity or Gigantamax Orbeetle are banned\n|rule|Endless Battle Clause: Forcing endless battles is banned\n|rule|HP Percentage Mod: HP is shown in percentages\n|clearpoke\n|poke|p1|Amoonguss, F|\n|poke|p1|Cresselia, F|\n|poke|p1|Torkoal, F|\n|poke|p1|Iron Hands|\n|poke|p1|Indeedee-F, F|\n|poke|p1|Flutter Mane|\n|poke|p2|Shiftry, M|\n|poke|p2|Yanmega, M|\n|poke|p2|Dipplin, M|\n|poke|p2|Probopass, M|\n|poke|p2|Poliwrath, M|\n|poke|p2|Gliscor, M|\n|teampreview\n|inactive|Battle timer is ON: inactive players will automatically lose when time's up. (requested by readingbee)\n|\n|t:|1697687683\n|start\n|switch|p1a: Cresselia|Cresselia, F|100\/100\n|switch|p1b: Indeedee|Indeedee-F, F|100\/100\n|switch|p2a: Tengu Ki|Shiftry, M, shiny|100\/100\n|switch|p2b: Gon Keegra|Yanmega, M, shiny|100\/100\n|-fieldstart|move: Psychic Terrain|[from] ability: Psychic Surge|[of] p1b: Indeedee\n|turn|1\n|\n|t:|1697687708\n|move|p1b: Indeedee|Follow Me|p1b: Indeedee\n|-singleturn|p1b: Indeedee|move: Follow Me\n|move|p2b: Gon Keegra|Ancient Power|p1b: Indeedee\n|-damage|p1b: Indeedee|84\/100\n|-enditem|p1b: Indeedee|Eject Button\n|\n|t:|1697687713\n|switch|p1b: Torkoal|Torkoal, F|100\/100\n|-weather|SunnyDay|[from] ability: Drought|[of] p1b: Torkoal\n|move|p2a: Tengu Ki|Tailwind|p2a: Tengu Ki\n|-sidestart|p2: Jackmim|move: Tailwind\n|-ability|p2a: Tengu Ki|Wind Rider|boost\n|-boost|p2a: Tengu Ki|atk|1\n|move|p1a: Cresselia|Trick Room|p1a: Cresselia\n|-fieldstart|move: Trick Room|[of] p1a: Cresselia\n|\n|-weather|SunnyDay|[upkeep]\n|upkeep\n|turn|2\n|\n|t:|1697687737\n|switch|p2a: Masked Keko|Poliwrath, M, shiny|100\/100\n|-terastallize|p2b: Gon Keegra|Electric\n|move|p1a: Cresselia|Helping Hand|p1b: Torkoal\n|-singleturn|p1b: Torkoal|Helping Hand|[of] p1a: Cresselia\n|move|p1b: Torkoal|Eruption|p2a: Masked Keko|[spread] p2a,p2b\n|-resisted|p2a: Masked Keko\n|-damage|p2a: Masked Keko|10\/100\n|-damage|p2b: Gon Keegra|0 fnt\n|-enditem|p2a: Masked Keko|Sitrus Berry|[eat]\n|-heal|p2a: Masked Keko|35\/100|[from] item: Sitrus Berry\n|faint|p2b: Gon Keegra\n|\n|-weather|SunnyDay|[upkeep]\n|upkeep\n|\n|t:|1697687751\n|switch|p2b: Tikitikitembo|Probopass, M, shiny|100\/100\n|turn|3\n|\n|t:|1697687761\n|move|p1a: Cresselia|Helping Hand|p1b: Torkoal\n|-singleturn|p1b: Torkoal|Helping Hand|[of] p1a: Cresselia\n|move|p1b: Torkoal|Eruption|p2b: Tikitikitembo|[spread] p2a,p2b\n|-resisted|p2a: Masked Keko\n|-damage|p2a: Masked Keko|0 fnt\n|-ability|p2b: Tikitikitembo|Sturdy\n|-damage|p2b: Tikitikitembo|1\/100\n|-enditem|p2b: Tikitikitembo|Petaya Berry|[eat]\n|-boost|p2b: Tikitikitembo|spa|1|[from] item: Petaya Berry\n|faint|p2a: Masked Keko\n|move|p2b: Tikitikitembo|Body Press|p1b: Torkoal\n|-damage|p1b: Torkoal|80\/100\n|\n|-weather|SunnyDay|[upkeep]\n|upkeep\n|\n|t:|1697687775\n|switch|p2a: Kitakami-ryu|Dipplin, M, shiny|100\/100\n|-ability|p2a: Kitakami-ryu|Supersweet Syrup\n|-ability|p2a: Kitakami-ryu|Supersweet Syrup|boost\n|-unboost|p1a: Cresselia|evasion|1\n|-unboost|p1b: Torkoal|evasion|1\n|turn|4\n|\n|t:|1697687788\n|move|p1a: Cresselia|Helping Hand|p1b: Torkoal\n|-singleturn|p1b: Torkoal|Helping Hand|[of] p1a: Cresselia\n|move|p1b: Torkoal|Eruption|p2a: Kitakami-ryu|[spread] p2a,p2b\n|-damage|p2a: Kitakami-ryu|0 fnt\n|-damage|p2b: Tikitikitembo|0 fnt\n|faint|p2a: Kitakami-ryu\n|faint|p2b: Tikitikitembo\n|\n|-weather|SunnyDay|[upkeep]\n|-sideend|p2: Jackmim|move: Tailwind\n|upkeep\n|\n|t:|1697687799\n|switch|p2a: Tengu Ki|Shiftry, M, shiny|100\/100\n|switch|p2b: The Way Home|Gliscor, M, shiny|100\/100\n|turn|5\n|\n|t:|1697687806\n|move|p1a: Cresselia|Helping Hand|p1b: Torkoal\n|-singleturn|p1b: Torkoal|Helping Hand|[of] p1a: Cresselia\n|move|p1b: Torkoal|Eruption|p2b: The Way Home|[spread] p2a,p2b\n|-supereffective|p2a: Tengu Ki\n|-enditem|p2a: Tengu Ki|Focus Sash\n|-damage|p2a: Tengu Ki|1\/100\n|-damage|p2b: The Way Home|0 fnt\n|faint|p2b: The Way Home\n|move|p2a: Tengu Ki|Tailwind|p2a: Tengu Ki\n|-sidestart|p2: Jackmim|move: Tailwind\n|-ability|p2a: Tengu Ki|Wind Rider|boost\n|-boost|p2a: Tengu Ki|atk|1\n|\n|-weather|none\n|-fieldend|move: Trick Room\n|-fieldend|move: Psychic Terrain\n|upkeep\n|turn|6\n|\n|t:|1697687821\n|move|p1a: Cresselia|Protect|p1a: Cresselia\n|-singleturn|p1a: Cresselia|Protect\n|move|p2a: Tengu Ki|Leaf Blade|p1b: Torkoal\n|-resisted|p1b: Torkoal\n|-damage|p1b: Torkoal|59\/100\n|move|p1b: Torkoal|Eruption|p2a: Tengu Ki\n|-supereffective|p2a: Tengu Ki\n|-damage|p2a: Tengu Ki|0 fnt\n|faint|p2a: Tengu Ki\n|\n|win|readingbee\n|raw|readingbee's rating: 1040 &rarr; <strong>1073<\/strong><br \/>(+33 for winning)\n|raw|Jackmim's rating: 1027 &rarr; <strong>1013<\/strong><br \/>(-14 for losing)\n|l|\u2606Jackmim\n","uploadtime":1697687833,"views":14,"p1id":"readingbee","p2id":"jackmim","formatid":"gen9doublesou","rating":1013,"private":0,"password":""}