{"id":"gen9doublesou-1990679303","p1":"Alice Sapphic","p2":"flavor-is-gone","format":"[Gen 9] Doubles OU","log":"|j|\u2606Alice Sapphic\n|j|\u203dflavor-is-gone\n|t:|1699991135\n|gametype|doubles\n|player|p1|Alice Sapphic|dawn-gen4pt|1000\n|player|p2|flavor-is-gone|ninjaboy|1000\n|teamsize|p1|6\n|teamsize|p2|6\n|gen|9\n|tier|[Gen 9] Doubles OU\n|rated|\n|rule|Species Clause: Limit one of each Pok\u00e9mon\n|rule|OHKO Clause: OHKO moves are banned\n|rule|Evasion Moves Clause: Evasion moves are banned\n|rule|Gravity Sleep Clause: The combination of sleep-inducing moves with imperfect accuracy and Gravity or Gigantamax Orbeetle are banned\n|rule|Endless Battle Clause: Forcing endless battles is banned\n|rule|HP Percentage Mod: HP is shown in percentages\n|clearpoke\n|poke|p1|Iron Hands|\n|poke|p1|Greninja-*, M|\n|poke|p1|Ninetales-Alola, M|\n|poke|p1|Clefable, M|\n|poke|p1|Palafin, M|\n|poke|p1|Gholdengo|\n|poke|p2|Espathra, F|\n|poke|p2|Oricorio-Pom-Pom, F|\n|poke|p2|Lilligant, F|\n|poke|p2|Flamigo, M|\n|poke|p2|Zangoose, M|\n|poke|p2|Mightyena, F|\n|teampreview\n|\n|t:|1699991152\n|start\n|switch|p1a: Clefable|Clefable, M|100\/100\n|switch|p1b: Iron Hands|Iron Hands|100\/100\n|switch|p2a: Mightyena|Mightyena, F|100\/100\n|switch|p2b: Zangoose|Zangoose, M|100\/100\n|-enditem|p1b: Iron Hands|Booster Energy\n|-activate|p1b: Iron Hands|ability: Quark Drive|[fromitem]\n|-start|p1b: Iron Hands|quarkdriveatk\n|turn|1\n|\n|t:|1699991171\n|move|p1a: Clefable|Follow Me|p1a: Clefable\n|-singleturn|p1a: Clefable|move: Follow Me\n|move|p2b: Zangoose|Hone Claws|p2b: Zangoose\n|-boost|p2b: Zangoose|atk|1\n|-boost|p2b: Zangoose|accuracy|1\n|move|p2a: Mightyena|Howl|p2a: Mightyena|[spread] p2a,p2b\n|-boost|p2a: Mightyena|atk|1\n|-boost|p2b: Zangoose|atk|1\n|move|p1b: Iron Hands|Close Combat|p2a: Mightyena\n|-supereffective|p2a: Mightyena\n|-damage|p2a: Mightyena|0 fnt\n|-unboost|p1b: Iron Hands|def|1\n|-unboost|p1b: Iron Hands|spd|1\n|faint|p2a: Mightyena\n|\n|-status|p2b: Zangoose|tox|[from] item: Toxic Orb\n|upkeep\n|\n|t:|1699991186\n|switch|p2a: Flamigo|Flamigo, M|100\/100\n|-copyboost|p2a: Flamigo|p2b: Zangoose|[from] ability: Costar\n|turn|2\n|\n|t:|1699991196\n|-terastallize|p2a: Flamigo|Flying\n|move|p1a: Clefable|Follow Me|p1a: Clefable\n|-singleturn|p1a: Clefable|move: Follow Me\n|move|p2a: Flamigo|Brave Bird|p1a: Clefable\n|-damage|p1a: Clefable|0 fnt\n|faint|p1a: Clefable\n|-damage|p2a: Flamigo|58\/100|[from] Recoil\n|-heal|p2a: Flamigo|74\/100|[from] item: Shell Bell|[of] p1: Clefable\n|move|p2b: Zangoose|Facade|p1b: Iron Hands\n|-damage|p1b: Iron Hands|0 fnt\n|faint|p1b: Iron Hands\n|-end|p1b: Iron Hands|Quark Drive|[silent]\n|\n|-damage|p2b: Zangoose|95\/100 tox|[from] psn\n|upkeep\n|\n|t:|1699991226\n|switch|p1b: Greninja|Greninja, M|100\/100\n|switch|p1a: Ninetales|Ninetales-Alola, M|100\/100\n|-weather|Snow|[from] ability: Snow Warning|[of] p1a: Ninetales\n|turn|3\n|\n|t:|1699991239\n|move|p1b: Greninja|Hydro Pump|p2b: Zangoose\n|-damage|p2b: Zangoose|0 fnt\n|faint|p2b: Zangoose\n|-ability|p1b: Greninja|Battle Bond|boost\n|-boost|p1b: Greninja|atk|1\n|-boost|p1b: Greninja|spa|1\n|-boost|p1b: Greninja|spe|1\n|-activate|p1b: Greninja|ability: Battle Bond\n|move|p1a: Ninetales|Aurora Veil|p1a: Ninetales\n|-sidestart|p1: Alice Sapphic|move: Aurora Veil\n|move|p2a: Flamigo|Mega Kick|p1a: Ninetales\n|-damage|p1a: Ninetales|51\/100\n|-heal|p2a: Flamigo|80\/100|[from] item: Shell Bell|[of] p1a: Ninetales\n|\n|-weather|Snow|[upkeep]\n|upkeep\n|\n|t:|1699991253\n|switch|p2b: Espathra|Espathra, F, shiny|100\/100\n|turn|4\n|\n|t:|1699991267\n|move|p1b: Greninja|Hydro Pump|p2b: Espathra\n|-damage|p2b: Espathra|0 fnt\n|faint|p2b: Espathra\n|move|p1a: Ninetales|Blizzard|p2a: Flamigo\n|-supereffective|p2a: Flamigo\n|-damage|p2a: Flamigo|0 fnt\n|faint|p2a: Flamigo\n|\n|-weather|Snow|[upkeep]\n|upkeep\n|\n|t:|1699991275\n|switch|p2b: Lilligant|Lilligant, F|100\/100\n|switch|p2a: Oricorio|Oricorio-Pom-Pom, F, shiny|100\/100\n|turn|5\n|\n|t:|1699991289\n|move|p1b: Greninja|Hydro Pump|p2a: Oricorio\n|-damage|p2a: Oricorio|0 fnt\n|faint|p2a: Oricorio\n|move|p1a: Ninetales|Blizzard|p2b: Lilligant\n|-supereffective|p2b: Lilligant\n|-enditem|p2b: Lilligant|Focus Sash\n|-damage|p2b: Lilligant|1\/100\n|move|p2b: Lilligant|Quiver Dance|p2b: Lilligant\n|-boost|p2b: Lilligant|spa|1\n|-boost|p2b: Lilligant|spd|1\n|-boost|p2b: Lilligant|spe|1\n|\n|-weather|Snow|[upkeep]\n|upkeep\n|turn|6\n|-message|flavor-is-gone forfeited.\n|\n|win|Alice Sapphic\n|raw|Alice Sapphic's rating: 1000 &rarr; <strong>1040<\/strong><br \/>(+40 for winning)\n|raw|flavor-is-gone's rating: 1000 &rarr; <strong>1000<\/strong><br \/>(+0 for losing)\n|l|\u203dflavor-is-gone\n","uploadtime":1699991306,"views":7,"p1id":"alicesapphic","p2id":"flavorisgone","formatid":"gen9doublesou","rating":1000,"private":0,"password":""}