{"id":"gen9doublesou-1993684910","p1":"Steqhen","p2":"SillyAvery","format":"[Gen 9] Doubles OU","log":"|j|\u2606Steqhen\n|j|\u2606SillyAvery\n|t:|1700345344\n|gametype|doubles\n|player|p1|Steqhen|266|1321\n|player|p2|SillyAvery|lady-gen4|1424\n|teamsize|p1|6\n|teamsize|p2|6\n|gen|9\n|tier|[Gen 9] Doubles OU\n|rated|\n|rule|Species Clause: Limit one of each Pok\u00e9mon\n|rule|OHKO Clause: OHKO moves are banned\n|rule|Evasion Moves Clause: Evasion moves are banned\n|rule|Gravity Sleep Clause: The combination of sleep-inducing moves with imperfect accuracy and Gravity or Gigantamax Orbeetle are banned\n|rule|Endless Battle Clause: Forcing endless battles is banned\n|rule|HP Percentage Mod: HP is shown in percentages\n|clearpoke\n|poke|p1|Ambipom, F|\n|poke|p1|Jirachi|\n|poke|p1|Weavile, M|\n|poke|p1|Perrserker, F|\n|poke|p1|Bombirdier, M|\n|poke|p1|Tornadus, M|\n|poke|p2|Moltres-Galar|\n|poke|p2|Sinistcha|\n|poke|p2|Grimmsnarl, M|\n|poke|p2|Indeedee-F, F|\n|poke|p2|Tornadus, M|\n|poke|p2|Heatran, M|\n|teampreview\n|inactive|Battle timer is ON: inactive players will automatically lose when time's up. (requested by Steqhen)\n|\n|t:|1700345368\n|start\n|switch|p1a: Ambipom|Ambipom, F|100\/100\n|switch|p1b: Tornadus|Tornadus, M|100\/100\n|switch|p2a: Moltres|Moltres-Galar|100\/100\n|switch|p2b: Grimmsnarl|Grimmsnarl, M|100\/100\n|turn|1\n|\n|t:|1700345385\n|move|p1a: Ambipom|Fake Out|p2a: Moltres\n|-enditem|p1a: Ambipom|Normal Gem|[from] gem\n|-damage|p2a: Moltres|70\/100\n|move|p1b: Tornadus|Tailwind|p1b: Tornadus\n|-sidestart|p1: Steqhen|move: Tailwind\n|move|p2b: Grimmsnarl|Reflect|p2b: Grimmsnarl\n|-sidestart|p2: SillyAvery|Reflect\n|cant|p2a: Moltres|flinch\n|\n|upkeep\n|turn|2\n|\n|t:|1700345403\n|move|p2b: Grimmsnarl|Parting Shot|p1a: Ambipom\n|-unboost|p1a: Ambipom|atk|1\n|-unboost|p1a: Ambipom|spa|1\n|\n|t:|1700345415\n|switch|p2b: Indeedee|Indeedee-F, F|100\/100|[from] Parting Shot\n|-fieldstart|move: Psychic Terrain|[from] ability: Psychic Surge|[of] p2b: Indeedee\n|move|p1a: Ambipom|Acrobatics|p2a: Moltres\n|-damage|p2a: Moltres|56\/100\n|move|p1b: Tornadus|Bleakwind Storm|p2a: Moltres|[spread] p2a,p2b\n|-damage|p2a: Moltres|27\/100\n|-damage|p2b: Indeedee|69\/100\n|-unboost|p2b: Indeedee|spe|1\n|-enditem|p2b: Indeedee|Eject Button\n|-ability|p2a: Moltres|Berserk|boost\n|-boost|p2a: Moltres|spa|1\n|\n|t:|1700345429\n|switch|p2b: Sinistcha|Sinistcha|100\/100\n|-heal|p2a: Moltres|52\/100|[from] ability: Hospitality|[of] p2b: Sinistcha\n|move|p2a: Moltres|Agility|p2a: Moltres\n|-boost|p2a: Moltres|spe|2\n|\n|upkeep\n|turn|3\n|\n|t:|1700345453\n|move|p1a: Ambipom|Acrobatics|p2b: Sinistcha\n|-supereffective|p2b: Sinistcha\n|-damage|p2b: Sinistcha|82\/100\n|-enditem|p2b: Sinistcha|Eject Button\n|inactive|SillyAvery has 120 seconds left.\n|\n|t:|1700345469\n|switch|p2b: Grimmsnarl|Grimmsnarl, M|100\/100\n|move|p1b: Tornadus|Bleakwind Storm|p2a: Moltres|[spread] p2a\n|-miss|p1b: Tornadus|p2b: Grimmsnarl\n|-damage|p2a: Moltres|21\/100\n|-ability|p2a: Moltres|Berserk|boost\n|-boost|p2a: Moltres|spa|1\n|move|p2a: Moltres|Nasty Plot|p2a: Moltres\n|-boost|p2a: Moltres|spa|2\n|\n|upkeep\n|turn|4\n|\n|t:|1700345491\n|move|p2a: Moltres|Protect|p2a: Moltres\n|-singleturn|p2a: Moltres|Protect\n|move|p2b: Grimmsnarl|Parting Shot|p1b: Tornadus\n|-unboost|p1b: Tornadus|atk|1\n|-unboost|p1b: Tornadus|spa|1\n|\n|t:|1700345497\n|switch|p2b: Sinistcha|Sinistcha|82\/100|[from] Parting Shot\n|-heal|p2a: Moltres|46\/100|[from] ability: Hospitality|[of] p2b: Sinistcha\n|move|p1a: Ambipom|Astonish|p2a: Moltres\n|-activate|p2a: Moltres|move: Protect\n|move|p1b: Tornadus|Bleakwind Storm|p2b: Sinistcha|[spread] \n|-activate|p2a: Moltres|move: Protect\n|-miss|p1b: Tornadus|p2b: Sinistcha\n|\n|-sideend|p1: Steqhen|move: Tailwind\n|upkeep\n|turn|5\n|\n|t:|1700345523\n|-terastallize|p2a: Moltres|Dark\n|move|p2b: Sinistcha|Rage Powder|p2b: Sinistcha\n|-singleturn|p2b: Sinistcha|move: Rage Powder\n|move|p1b: Tornadus|Tailwind|p1b: Tornadus\n|-sidestart|p1: Steqhen|move: Tailwind\n|move|p1a: Ambipom|Astonish|p2b: Sinistcha\n|-supereffective|p2b: Sinistcha\n|-damage|p2b: Sinistcha|74\/100\n|move|p2a: Moltres|Fiery Wrath|p1b: Tornadus|[spread] p1a,p1b\n|-damage|p1a: Ambipom|0 fnt\n|-damage|p1b: Tornadus|0 fnt\n|faint|p1a: Ambipom\n|faint|p1b: Tornadus\n|\n|upkeep\n|\n|t:|1700345540\n|switch|p1a: Bombirdier|Bombirdier, M|100\/100\n|switch|p1b: Weavile|Weavile, M|100\/100\n|turn|6\n|\n|t:|1700345566\n|-terastallize|p1a: Bombirdier|Rock\n|move|p2b: Sinistcha|Rage Powder|p2b: Sinistcha\n|-singleturn|p2b: Sinistcha|move: Rage Powder\n|move|p1a: Bombirdier|Rock Slide|p2a: Moltres|[spread] p2a,p2b\n|-damage|p2a: Moltres|24\/100\n|-damage|p2b: Sinistcha|58\/100\n|move|p1b: Weavile|Icicle Spear|p2b: Sinistcha\n|-supereffective|p2b: Sinistcha\n|-damage|p2b: Sinistcha|46\/100\n|-supereffective|p2b: Sinistcha\n|-damage|p2b: Sinistcha|35\/100\n|-hitcount|p2b: Sinistcha|2\n|move|p2a: Moltres|Agility|p2a: Moltres\n|-boost|p2a: Moltres|spe|2\n|\n|-fieldend|move: Psychic Terrain\n|upkeep\n|turn|7\n|inactive|SillyAvery has 120 seconds left.\n|-message|Steqhen forfeited.\n|\n|win|SillyAvery\n|raw|Steqhen's rating: 1321 &rarr; <strong>1307<\/strong><br \/>(-14 for losing)\n|raw|SillyAvery's rating: 1424 &rarr; <strong>1438<\/strong><br \/>(+14 for winning)\n|l|\u2606Steqhen\n","uploadtime":1700345605,"views":11,"p1id":"steqhen","p2id":"sillyavery","formatid":"gen9doublesou","rating":1307,"private":0,"password":""}