{"id":"gen9doublesou-1986031664","p1":"trannghiemphu","p2":"DoerreKong","format":"[Gen 9] Doubles OU","log":"|j|\u2606trannghiemphu\n|j|\u2606DoerreKong\n|t:|1699441358\n|gametype|doubles\n|player|p1|trannghiemphu|hilbert|1549\n|player|p2|DoerreKong|ltsurge|1649\n|teamsize|p1|6\n|teamsize|p2|6\n|gen|9\n|tier|[Gen 9] Doubles OU\n|rated|\n|rule|Species Clause: Limit one of each Pok\u00e9mon\n|rule|OHKO Clause: OHKO moves are banned\n|rule|Evasion Moves Clause: Evasion moves are banned\n|rule|Gravity Sleep Clause: The combination of sleep-inducing moves with imperfect accuracy and Gravity or Gigantamax Orbeetle are banned\n|rule|Endless Battle Clause: Forcing endless battles is banned\n|rule|HP Percentage Mod: HP is shown in percentages\n|clearpoke\n|poke|p1|Chien-Pao|\n|poke|p1|Ninetales-Alola, M|\n|poke|p1|Iron Bundle|\n|poke|p1|Baxcalibur, M|\n|poke|p1|Iron Hands|\n|poke|p1|Kingambit, M|\n|poke|p2|Torkoal, M|\n|poke|p2|Cresselia, F|\n|poke|p2|Diancie|\n|poke|p2|Iron Hands|\n|poke|p2|Amoonguss, F|\n|poke|p2|Dragonite, F|\n|teampreview\n|inactive|Battle timer is ON: inactive players will automatically lose when time's up. (requested by DoerreKong)\n|inactive|trannghiemphu has 120 seconds left.\n|\n|t:|1699441408\n|start\n|switch|p1a: Iron Hands|Iron Hands|100\/100\n|switch|p1b: Ninetales|Ninetales-Alola, M|100\/100\n|switch|p2a: Diancie|Diancie|100\/100\n|switch|p2b: Iron Hands|Iron Hands|100\/100\n|-weather|Snow|[from] ability: Snow Warning|[of] p1b: Ninetales\n|turn|1\n|inactive|DoerreKong has 120 seconds left.\n|\n|t:|1699441451\n|-end|p2b: Iron Hands|Quark Drive|[silent]\n|switch|p2b: Torkoal|Torkoal, M|100\/100\n|-weather|SunnyDay|[from] ability: Drought|[of] p2b: Torkoal\n|move|p1b: Ninetales|Protect|p1b: Ninetales\n|-singleturn|p1b: Ninetales|Protect\n|move|p1a: Iron Hands|Fake Out|p2a: Diancie\n|-resisted|p2a: Diancie\n|-damage|p2a: Diancie|96\/100\n|cant|p2a: Diancie|flinch\n|\n|-weather|SunnyDay|[upkeep]\n|upkeep\n|turn|2\n|\n|t:|1699441479\n|move|p1b: Ninetales|Helping Hand|p1a: Iron Hands\n|-singleturn|p1a: Iron Hands|Helping Hand|[of] p1b: Ninetales\n|move|p1a: Iron Hands|Iron Head|p2a: Diancie\n|-supereffective|p2a: Diancie\n|-damage|p2a: Diancie|0 fnt\n|faint|p2a: Diancie\n|move|p2b: Torkoal|Eruption|p1a: Iron Hands|[spread] p1a,p1b\n|-supereffective|p1b: Ninetales\n|-damage|p1a: Iron Hands|55\/100\n|-damage|p1b: Ninetales|0 fnt\n|faint|p1b: Ninetales\n|\n|-weather|SunnyDay|[upkeep]\n|upkeep\n|\n|t:|1699441491\n|switch|p1b: Baxcalibur|Baxcalibur, M|100\/100\n|switch|p2a: Cresselia|Cresselia, F|100\/100\n|turn|3\n|\n|t:|1699441515\n|move|p1b: Baxcalibur|Icicle Spear|p2a: Cresselia\n|-damage|p2a: Cresselia|91\/100\n|-damage|p2a: Cresselia|81\/100\n|-damage|p2a: Cresselia|71\/100\n|-damage|p2a: Cresselia|62\/100\n|-damage|p2a: Cresselia|52\/100\n|-hitcount|p2a: Cresselia|5\n|move|p1a: Iron Hands|Thunder Punch|p2a: Cresselia\n|-damage|p2a: Cresselia|22\/100\n|move|p2b: Torkoal|Earth Power|p1a: Iron Hands\n|-supereffective|p1a: Iron Hands\n|-damage|p1a: Iron Hands|22\/100\n|move|p2a: Cresselia|Trick Room|p2a: Cresselia\n|-fieldstart|move: Trick Room|[of] p2a: Cresselia\n|\n|-weather|SunnyDay|[upkeep]\n|-heal|p2a: Cresselia|28\/100|[from] item: Leftovers\n|upkeep\n|turn|4\n|\n|t:|1699441537\n|switch|p2a: Iron Hands|Iron Hands|100\/100\n|move|p2b: Torkoal|Earth Power|p1a: Iron Hands\n|-supereffective|p1a: Iron Hands\n|-damage|p1a: Iron Hands|0 fnt\n|faint|p1a: Iron Hands\n|-end|p1a: Iron Hands|Quark Drive|[silent]\n|move|p1b: Baxcalibur|Scale Shot|p2b: Torkoal\n|-damage|p2b: Torkoal|91\/100\n|-damage|p2b: Torkoal|81\/100\n|-damage|p2b: Torkoal|69\/100\n|-damage|p2b: Torkoal|58\/100\n|-hitcount|p2b: Torkoal|4\n|-unboost|p1b: Baxcalibur|def|1\n|-boost|p1b: Baxcalibur|spe|1\n|\n|-weather|SunnyDay|[upkeep]\n|upkeep\n|\n|t:|1699441551\n|switch|p1a: Kingambit|Kingambit, M|100\/100\n|turn|5\n|\n|t:|1699441562\n|-terastallize|p1a: Kingambit|Dark\n|move|p1b: Baxcalibur|Protect|p1b: Baxcalibur\n|-singleturn|p1b: Baxcalibur|Protect\n|move|p2b: Torkoal|Eruption|p1b: Baxcalibur|[spread] p1a\n|-activate|p1b: Baxcalibur|move: Protect\n|-damage|p1a: Kingambit|75\/100\n|move|p2a: Iron Hands|Body Press|p1b: Baxcalibur\n|-activate|p1b: Baxcalibur|move: Protect\n|move|p1a: Kingambit|Kowtow Cleave|p2b: Torkoal\n|-damage|p2b: Torkoal|8\/100\n|\n|-weather|none\n|upkeep\n|turn|6\n|\n|t:|1699441592\n|switch|p2b: Dragonite|Dragonite, F|100\/100\n|move|p1a: Kingambit|Sucker Punch||[still]\n|-fail|p1a: Kingambit\n|move|p2a: Iron Hands|Body Press|p1b: Baxcalibur\n|-supereffective|p1b: Baxcalibur\n|-crit|p1b: Baxcalibur\n|-damage|p1b: Baxcalibur|0 fnt\n|faint|p1b: Baxcalibur\n|\n|upkeep\n|\n|t:|1699441597\n|switch|p1b: Iron Bundle|Iron Bundle|100\/100\n|turn|7\n|\n|t:|1699441608\n|-terastallize|p2b: Dragonite|Normal\n|move|p1b: Iron Bundle|Protect|p1b: Iron Bundle\n|-singleturn|p1b: Iron Bundle|Protect\n|move|p2b: Dragonite|Extreme Speed|p1b: Iron Bundle\n|-activate|p1b: Iron Bundle|move: Protect\n|move|p2a: Iron Hands|Body Press|p1a: Kingambit\n|-supereffective|p1a: Kingambit\n|-damage|p1a: Kingambit|20\/100\n|move|p1a: Kingambit|Kowtow Cleave|p2b: Dragonite\n|-damage|p2b: Dragonite|70\/100\n|\n|-fieldend|move: Trick Room\n|upkeep\n|turn|8\n|j| MiHStar\n|\n|t:|1699441628\n|move|p2b: Dragonite|Extreme Speed|p1a: Kingambit\n|-damage|p1a: Kingambit|0 fnt\n|faint|p1a: Kingambit\n|move|p1b: Iron Bundle|Hydro Pump|p2b: Dragonite\n|-damage|p2b: Dragonite|17\/100\n|move|p2a: Iron Hands|Iron Defense|p2a: Iron Hands\n|-boost|p2a: Iron Hands|def|2\n|\n|upkeep\n|\n|t:|1699441635\n|switch|p1a: Chien-Pao|Chien-Pao|100\/100\n|-ability|p1a: Chien-Pao|Sword of Ruin\n|turn|9\n|\n|t:|1699441644\n|move|p2b: Dragonite|Extreme Speed|p1a: Chien-Pao\n|-enditem|p1a: Chien-Pao|Focus Sash\n|-damage|p1a: Chien-Pao|1\/100\n|move|p1b: Iron Bundle|Hydro Pump|p2a: Iron Hands|[miss]\n|-miss|p1b: Iron Bundle|p2a: Iron Hands\n|move|p1a: Chien-Pao|Sacred Sword|p2b: Dragonite\n|-supereffective|p2b: Dragonite\n|-damage|p2b: Dragonite|0 fnt\n|faint|p2b: Dragonite\n|move|p2a: Iron Hands|Body Press|p1b: Iron Bundle\n|-supereffective|p1b: Iron Bundle\n|-enditem|p1b: Iron Bundle|Focus Sash\n|-damage|p1b: Iron Bundle|1\/100\n|\n|upkeep\n|\n|t:|1699441653\n|switch|p2b: Amoonguss|Amoonguss, F|100\/100\n|turn|10\n|-message|trannghiemphu forfeited.\n|\n|win|DoerreKong\n|raw|trannghiemphu's rating: 1549 &rarr; <strong>1535<\/strong><br \/>(-14 for losing)\n|raw|DoerreKong's rating: 1649 &rarr; <strong>1663<\/strong><br \/>(+14 for winning)\n","uploadtime":1699441658,"views":16,"p1id":"trannghiemphu","p2id":"doerrekong","formatid":"gen9doublesou","rating":1535,"private":0,"password":""}