{"id":"gen9doublesou-1977008837","p1":"Schister","p2":"fangame10","format":"[Gen 9] Doubles OU","log":"|j|\u2606Schister\n|j|\u2606fangame10\n|t:|1698361343\n|gametype|doubles\n|player|p1|Schister|clair|1740\n|player|p2|fangame10|red|1760\n|teamsize|p1|6\n|teamsize|p2|6\n|gen|9\n|tier|[Gen 9] Doubles OU\n|rated|\n|rule|Species Clause: Limit one of each Pok\u00e9mon\n|rule|OHKO Clause: OHKO moves are banned\n|rule|Evasion Moves Clause: Evasion moves are banned\n|rule|Gravity Sleep Clause: The combination of sleep-inducing moves with imperfect accuracy and Gravity or Gigantamax Orbeetle are banned\n|rule|Endless Battle Clause: Forcing endless battles is banned\n|rule|HP Percentage Mod: HP is shown in percentages\n|clearpoke\n|poke|p1|Espathra, F|\n|poke|p1|Skeledirge, F|\n|poke|p1|Rillaboom, M|\n|poke|p1|Ogerpon-Wellspring, F|\n|poke|p1|Flutter Mane|\n|poke|p1|Landorus-Therian, M|\n|poke|p2|Iron Bundle|\n|poke|p2|Abomasnow, F|\n|poke|p2|Chi-Yu|\n|poke|p2|Ursaluna, M|\n|poke|p2|Kommo-o, M|\n|poke|p2|Cresselia, F|\n|teampreview\n|inactive|Battle timer is ON: inactive players will automatically lose when time's up. (requested by fangame10)\n|inactive|Schister also wants the timer to be on.\n|c|\u2606fangame10|glhf\n|c|\u2606Schister|glhf\n|\n|t:|1698361366\n|start\n|switch|p1a: Dominus Rex|Skeledirge, F|100\/100\n|switch|p1b: Bungo Kong|Rillaboom, M|100\/100\n|switch|p2a: Ursaluna|Ursaluna, M, shiny|100\/100\n|switch|p2b: Predator Drone|Cresselia, F|100\/100\n|-fieldstart|move: Grassy Terrain|[from] ability: Grassy Surge|[of] p1b: Bungo Kong\n|turn|1\n|inactive|fangame10 has 120 seconds left.\n|\n|t:|1698361404\n|-terastallize|p2a: Ursaluna|Fairy\n|move|p1b: Bungo Kong|U-turn|p2a: Ursaluna\n|-resisted|p2a: Ursaluna\n|-damage|p2a: Ursaluna|91\/100\n|\n|t:|1698361408\n|switch|p1b: Himothy Turner|Landorus-Therian, M|100\/100|[from] U-turn\n|-ability|p1b: Himothy Turner|Intimidate|boost\n|-unboost|p2a: Ursaluna|atk|1\n|-unboost|p2b: Predator Drone|atk|1\n|move|p1a: Dominus Rex|Torch Song|p2a: Ursaluna\n|-damage|p2a: Ursaluna|67\/100\n|-boost|p1a: Dominus Rex|spa|1\n|move|p2a: Ursaluna|Swords Dance|p2a: Ursaluna\n|-boost|p2a: Ursaluna|atk|2\n|move|p2b: Predator Drone|Trick Room|p2b: Predator Drone\n|-fieldstart|move: Trick Room|[of] p2b: Predator Drone\n|\n|-heal|p2a: Ursaluna|73\/100|[from] Grassy Terrain\n|-status|p2a: Ursaluna|brn|[from] item: Flame Orb\n|upkeep\n|turn|2\n|\n|t:|1698361435\n|move|p2b: Predator Drone|Helping Hand|p2a: Ursaluna\n|-singleturn|p2a: Ursaluna|Helping Hand|[of] p2b: Predator Drone\n|move|p2a: Ursaluna|Earthquake|p1b: Himothy Turner|[spread] p1a\n|-immune|p2b: Predator Drone|[from] ability: Levitate\n|-immune|p1b: Himothy Turner\n|-supereffective|p1a: Dominus Rex\n|-damage|p1a: Dominus Rex|27\/100\n|move|p1a: Dominus Rex|Torch Song|p2b: Predator Drone\n|-damage|p2b: Predator Drone|76\/100\n|-boost|p1a: Dominus Rex|spa|1\n|move|p1b: Himothy Turner|U-turn|p2b: Predator Drone\n|-supereffective|p2b: Predator Drone\n|-damage|p2b: Predator Drone|44\/100\n|\n|t:|1698361445\n|switch|p1b: Bungo Kong|Rillaboom, M|100\/100|[from] U-turn\n|\n|-heal|p2a: Ursaluna|79\/100 brn|[from] Grassy Terrain\n|-heal|p1a: Dominus Rex|33\/100|[from] Grassy Terrain\n|-heal|p1a: Dominus Rex|39\/100|[from] item: Leftovers\n|-damage|p2a: Ursaluna|73\/100 brn|[from] brn\n|upkeep\n|turn|3\n|\n|t:|1698361463\n|move|p2a: Ursaluna|Protect|p2a: Ursaluna\n|-singleturn|p2a: Ursaluna|Protect\n|move|p1b: Bungo Kong|Fake Out|p2a: Ursaluna\n|-activate|p2a: Ursaluna|move: Protect\n|move|p1a: Dominus Rex|Slack Off|p1a: Dominus Rex\n|-heal|p1a: Dominus Rex|89\/100\n|move|p2b: Predator Drone|Lunar Blessing|p2b: Predator Drone|[spread] p2a,p2b\n|-heal|p2a: Ursaluna|98\/100 brn\n|-curestatus|p2a: Ursaluna|brn|[msg]\n|-heal|p2b: Predator Drone|69\/100\n|\n|-heal|p2a: Ursaluna|100\/100|[from] Grassy Terrain\n|-heal|p1a: Dominus Rex|96\/100|[from] Grassy Terrain\n|-heal|p1a: Dominus Rex|100\/100|[from] item: Leftovers\n|-status|p2a: Ursaluna|brn|[from] item: Flame Orb\n|upkeep\n|turn|4\n|\n|t:|1698361481\n|switch|p2b: Abomasnow|Abomasnow, F, shiny|100\/100\n|-weather|Snow|[from] ability: Snow Warning|[of] p2b: Abomasnow\n|switch|p1b: HER|Flutter Mane|100\/100\n|move|p2a: Ursaluna|Facade|p1b: HER\n|-immune|p1b: HER\n|move|p1a: Dominus Rex|Torch Song|p2a: Ursaluna\n|-damage|p2a: Ursaluna|52\/100 brn\n|-boost|p1a: Dominus Rex|spa|1\n|\n|-weather|Snow|[upkeep]\n|-heal|p2a: Ursaluna|58\/100 brn|[from] Grassy Terrain\n|-damage|p2a: Ursaluna|52\/100 brn|[from] brn\n|upkeep\n|turn|5\n|\n|t:|1698361496\n|-end|p1b: HER|Protosynthesis|[silent]\n|switch|p1b: Himothy Turner|Landorus-Therian, M|100\/100\n|-ability|p1b: Himothy Turner|Intimidate|boost\n|-unboost|p2a: Ursaluna|atk|1\n|-unboost|p2b: Abomasnow|atk|1\n|move|p2a: Ursaluna|Earthquake|p1a: Dominus Rex|[spread] p2b,p1a\n|-immune|p1b: Himothy Turner\n|-resisted|p2b: Abomasnow\n|-supereffective|p1a: Dominus Rex\n|-damage|p2b: Abomasnow|88\/100\n|-damage|p1a: Dominus Rex|50\/100\n|move|p2b: Abomasnow|Earth Power|p1a: Dominus Rex\n|-supereffective|p1a: Dominus Rex\n|-damage|p1a: Dominus Rex|16\/100\n|move|p1a: Dominus Rex|Torch Song|p2b: Abomasnow\n|-supereffective|p2b: Abomasnow\n|-crit|p2b: Abomasnow\n|-damage|p2b: Abomasnow|0 fnt\n|-boost|p1a: Dominus Rex|spa|1\n|faint|p2b: Abomasnow\n|\n|-weather|Snow|[upkeep]\n|-heal|p2a: Ursaluna|58\/100 brn|[from] Grassy Terrain\n|-heal|p1a: Dominus Rex|23\/100|[from] Grassy Terrain\n|-heal|p1a: Dominus Rex|29\/100|[from] item: Leftovers\n|-damage|p2a: Ursaluna|52\/100 brn|[from] brn\n|-fieldend|move: Trick Room\n|-fieldend|move: Grassy Terrain\n|upkeep\n|\n|t:|1698361505\n|switch|p2b: Delibot|Iron Bundle, shiny|100\/100\n|turn|6\n|\n|t:|1698361519\n|switch|p2a: Chi-Yu|Chi-Yu|100\/100\n|-ability|p2a: Chi-Yu|Beads of Ruin\n|move|p1a: Dominus Rex|Protect|p1a: Dominus Rex\n|-singleturn|p1a: Dominus Rex|Protect\n|move|p1b: Himothy Turner|Rock Slide|p2b: Delibot|[spread] p2a,p2b\n|-supereffective|p2a: Chi-Yu\n|-supereffective|p2b: Delibot\n|-damage|p2a: Chi-Yu|41\/100\n|-damage|p2b: Delibot|66\/100\n|cant|p2b: Delibot|flinch\n|\n|-weather|Snow|[upkeep]\n|-heal|p1a: Dominus Rex|35\/100|[from] item: Leftovers\n|upkeep\n|turn|7\n|\n|t:|1698361535\n|-terastallize|p1a: Dominus Rex|Fairy\n|move|p1b: Himothy Turner|Rock Slide|p2b: Delibot|[spread] p2a,p2b\n|-supereffective|p2a: Chi-Yu\n|-supereffective|p2b: Delibot\n|-damage|p2a: Chi-Yu|0 fnt\n|-damage|p2b: Delibot|26\/100\n|faint|p2a: Chi-Yu\n|move|p2b: Delibot|Blizzard|p1a: Dominus Rex|[spread] p1a,p1b\n|-supereffective|p1b: Himothy Turner\n|-damage|p1a: Dominus Rex|0 fnt\n|-damage|p1b: Himothy Turner|0 fnt\n|faint|p1a: Dominus Rex\n|faint|p1b: Himothy Turner\n|\n|-weather|Snow|[upkeep]\n|upkeep\n|\n|t:|1698361550\n|switch|p1b: Bungo Kong|Rillaboom, M|100\/100\n|switch|p2a: Predator Drone|Cresselia, F|69\/100\n|switch|p1a: Uncompetitive|Espathra, F|100\/100\n|-fieldstart|move: Grassy Terrain|[from] ability: Grassy Surge|[of] p1b: Bungo Kong\n|-enditem|p1a: Uncompetitive|Grassy Seed\n|-boost|p1a: Uncompetitive|def|1|[from] item: Grassy Seed\n|turn|8\n|j| TitansTestTeam3T\n|\n|t:|1698361562\n|-end|p2b: Delibot|Quark Drive|[silent]\n|switch|p2b: Kommo-o|Kommo-o, M, shiny|100\/100\n|move|p1b: Bungo Kong|Grassy Glide|p2b: Kommo-o\n|-resisted|p2b: Kommo-o\n|-damage|p2b: Kommo-o|82\/100\n|move|p1a: Uncompetitive|Calm Mind|p1a: Uncompetitive\n|-boost|p1a: Uncompetitive|spa|1\n|-boost|p1a: Uncompetitive|spd|1\n|move|p2a: Predator Drone|Lunar Blessing|p2a: Predator Drone|[spread] p2a,p2b\n|-heal|p2a: Predator Drone|94\/100\n|-heal|p2b: Kommo-o|100\/100\n|\n|-weather|none\n|-ability|p1a: Uncompetitive|Speed Boost|boost\n|-boost|p1a: Uncompetitive|spe|1\n|upkeep\n|turn|9\n|inactive|fangame10 has 120 seconds left.\n|\n|t:|1698361607\n|move|p1a: Uncompetitive|Stored Power|p2b: Kommo-o\n|-supereffective|p2b: Kommo-o\n|-damage|p2b: Kommo-o|0 fnt\n|faint|p2b: Kommo-o\n|move|p1b: Bungo Kong|U-turn|p2a: Predator Drone\n|-supereffective|p2a: Predator Drone\n|-damage|p2a: Predator Drone|62\/100\n|\n|t:|1698361616\n|switch|p1b: Pog|Ogerpon-Wellspring, F|100\/100|[from] U-turn\n|move|p2a: Predator Drone|Trick Room|p2a: Predator Drone\n|-fieldstart|move: Trick Room|[of] p2a: Predator Drone\n|\n|-ability|p1a: Uncompetitive|Speed Boost|boost\n|-boost|p1a: Uncompetitive|spe|1\n|upkeep\n|\n|t:|1698361618\n|switch|p2b: Ursaluna|Ursaluna, M, shiny, tera:Fairy|52\/100 brn\n|turn|10\n|\n|t:|1698361629\n|move|p2b: Ursaluna|Facade|p1a: Uncompetitive\n|-damage|p1a: Uncompetitive|0 fnt\n|faint|p1a: Uncompetitive\n|move|p2a: Predator Drone|Lunar Blessing|p2a: Predator Drone|[spread] p2a,p2b\n|-heal|p2a: Predator Drone|87\/100\n|-heal|p2b: Ursaluna|77\/100 brn\n|-curestatus|p2b: Ursaluna|brn|[msg]\n|move|p1b: Pog|Power Whip|p2b: Ursaluna\n|-damage|p2b: Ursaluna|12\/100\n|\n|-heal|p2b: Ursaluna|18\/100|[from] Grassy Terrain\n|-status|p2b: Ursaluna|brn|[from] item: Flame Orb\n|upkeep\n|\n|t:|1698361633\n|switch|p1a: Bungo Kong|Rillaboom, M|100\/100\n|turn|11\n|\n|t:|1698361640\n|move|p2b: Ursaluna|Protect|p2b: Ursaluna\n|-singleturn|p2b: Ursaluna|Protect\n|move|p1a: Bungo Kong|Fake Out|p2a: Predator Drone\n|-damage|p2a: Predator Drone|79\/100\n|cant|p2a: Predator Drone|flinch\n|move|p1b: Pog|Power Whip|p2b: Ursaluna\n|-activate|p2b: Ursaluna|move: Protect\n|\n|-heal|p2b: Ursaluna|25\/100 brn|[from] Grassy Terrain\n|-damage|p2b: Ursaluna|18\/100 brn|[from] brn\n|upkeep\n|turn|12\n|\n|t:|1698361652\n|move|p2b: Ursaluna|Protect||[still]\n|-fail|p2b: Ursaluna\n|move|p1a: Bungo Kong|Grassy Glide|p2b: Ursaluna\n|-damage|p2b: Ursaluna|0 fnt\n|faint|p2b: Ursaluna\n|move|p2a: Predator Drone|Lunar Blessing|p2a: Predator Drone\n|-heal|p2a: Predator Drone|100\/100\n|move|p1b: Pog|Power Whip|p2a: Predator Drone\n|-damage|p2a: Predator Drone|47\/100\n|\n|-fieldend|move: Grassy Terrain\n|upkeep\n|\n|t:|1698361655\n|switch|p2b: Delibot|Iron Bundle, shiny|26\/100\n|turn|13\n|\n|t:|1698361662\n|move|p2a: Predator Drone|Lunar Blessing|p2a: Predator Drone|[spread] p2a,p2b\n|-heal|p2a: Predator Drone|72\/100\n|-heal|p2b: Delibot|51\/100\n|move|p1a: Bungo Kong|Wood Hammer|p2a: Predator Drone\n|-damage|p2a: Predator Drone|34\/100\n|-damage|p1a: Bungo Kong|87\/100|[from] Recoil\n|move|p1b: Pog|Power Whip|p2b: Delibot\n|-supereffective|p2b: Delibot\n|-damage|p2b: Delibot|0 fnt\n|faint|p2b: Delibot\n|-end|p2b: Delibot|Quark Drive|[silent]\n|\n|-fieldend|move: Trick Room\n|upkeep\n|turn|14\n|\n|t:|1698361666\n|move|p1b: Pog|Ivy Cudgel|p2a: Predator Drone\n|-damage|p2a: Predator Drone|3\/100\n|move|p1a: Bungo Kong|Wood Hammer|p2a: Predator Drone\n|-damage|p2a: Predator Drone|0 fnt\n|faint|p2a: Predator Drone\n|-damage|p1a: Bungo Kong|86\/100|[from] Recoil\n|\n|win|Schister\n|raw|Schister's rating: 1740 &rarr; <strong>1761<\/strong><br \/>(+21 for winning)\n|raw|fangame10's rating: 1760 &rarr; <strong>1739<\/strong><br \/>(-21 for losing)\n|c|\u2606Schister|gg\n|c|\u2606fangame10|gg\n|l|\u2606fangame10\n","uploadtime":1698361682,"views":26,"p1id":"schister","p2id":"fangame10","formatid":"gen9doublesou","rating":1739,"private":0,"password":""}