{"id":"gen9doublesou-1980556077","p1":"wingwingy55","p2":"Friskfall","format":"[Gen 9] Doubles OU","log":"|j|\u2606wingwingy55\n|j|\u2606Friskfall\n|t:|1698796913\n|gametype|doubles\n|player|p1|wingwingy55|preschooler|1236\n|player|p2|Friskfall|ghetsis-gen5bw|1329\n|teamsize|p1|6\n|teamsize|p2|6\n|gen|9\n|tier|[Gen 9] Doubles OU\n|rated|\n|rule|Species Clause: Limit one of each Pok\u00e9mon\n|rule|OHKO Clause: OHKO moves are banned\n|rule|Evasion Moves Clause: Evasion moves are banned\n|rule|Gravity Sleep Clause: The combination of sleep-inducing moves with imperfect accuracy and Gravity or Gigantamax Orbeetle are banned\n|rule|Endless Battle Clause: Forcing endless battles is banned\n|rule|HP Percentage Mod: HP is shown in percentages\n|clearpoke\n|poke|p1|Dragapult, M|\n|poke|p1|Arcanine-Hisui, F|\n|poke|p1|Ogerpon, F|\n|poke|p1|Iron Hands|\n|poke|p1|Chien-Pao|\n|poke|p1|Gholdengo|\n|poke|p2|Armarouge, F|\n|poke|p2|Amoonguss, F|\n|poke|p2|Hatterene, F|\n|poke|p2|Torkoal, L99, M|\n|poke|p2|Iron Hands|\n|poke|p2|Indeedee-F, F|\n|teampreview\n|inactive|Battle timer is ON: inactive players will automatically lose when time's up. (requested by Friskfall)\n|\n|t:|1698796928\n|start\n|switch|p1a: Gholdengo|Gholdengo|100\/100\n|switch|p1b: Tank Hands|Iron Hands|100\/100\n|switch|p2a: Indeedee|Indeedee-F, F|100\/100\n|switch|p2b: Armarouge|Armarouge, F, shiny|100\/100\n|-fieldstart|move: Psychic Terrain|[from] ability: Psychic Surge|[of] p2a: Indeedee\n|-enditem|p2a: Indeedee|Psychic Seed\n|-boost|p2a: Indeedee|spd|1|[from] item: Psychic Seed\n|turn|1\n|\n|t:|1698796952\n|move|p1b: Tank Hands|Fake Out|p2b: Armarouge\n|-activate|p2b: Armarouge|move: Psychic Terrain\n|move|p1a: Gholdengo|Shadow Ball|p2b: Armarouge\n|-supereffective|p2b: Armarouge\n|-damage|p2b: Armarouge|5\/100\n|-enditem|p2b: Armarouge|Weakness Policy\n|-boost|p2b: Armarouge|atk|2|[from] item: Weakness Policy\n|-boost|p2b: Armarouge|spa|2|[from] item: Weakness Policy\n|move|p2b: Armarouge|Armor Cannon|p1a: Gholdengo\n|-supereffective|p1a: Gholdengo\n|-crit|p1a: Gholdengo\n|-damage|p1a: Gholdengo|0 fnt\n|-unboost|p2b: Armarouge|def|1\n|-unboost|p2b: Armarouge|spd|1\n|faint|p1a: Gholdengo\n|move|p2a: Indeedee|Trick Room|p2a: Indeedee\n|-fieldstart|move: Trick Room|[of] p2a: Indeedee\n|\n|upkeep\n|inactive|wingwingy55 has 120 seconds left.\n|\n|t:|1698796983\n|switch|p1a: Rock Dog|Arcanine-Hisui, F|100\/100\n|-ability|p1a: Rock Dog|Intimidate|boost\n|-unboost|p2a: Indeedee|atk|1\n|-unboost|p2b: Armarouge|atk|1\n|turn|2\n|inactive|wingwingy55 has 120 seconds left.\n|\n|t:|1698797001\n|move|p2a: Indeedee|Helping Hand|p2b: Armarouge\n|-singleturn|p2b: Armarouge|Helping Hand|[of] p2a: Indeedee\n|move|p1b: Tank Hands|Heavy Slam|p2b: Armarouge\n|-resisted|p2b: Armarouge\n|-damage|p2b: Armarouge|0 fnt\n|faint|p2b: Armarouge\n|move|p1a: Rock Dog|Rock Slide|p2a: Indeedee\n|-damage|p2a: Indeedee|66\/100\n|\n|upkeep\n|\n|t:|1698797014\n|switch|p2b: Torkoal|Torkoal, L99, M, shiny|100\/100\n|-weather|SunnyDay|[from] ability: Drought|[of] p2b: Torkoal\n|turn|3\n|\n|t:|1698797033\n|switch|p1a: Dragapult|Dragapult, M, shiny|100\/100\n|move|p2a: Indeedee|Helping Hand|p2b: Torkoal\n|-singleturn|p2b: Torkoal|Helping Hand|[of] p2a: Indeedee\n|move|p2b: Torkoal|Eruption|p1a: Dragapult|[spread] p1a,p1b\n|-resisted|p1a: Dragapult\n|-damage|p1a: Dragapult|14\/100\n|-damage|p1b: Tank Hands|24\/100\n|move|p1b: Tank Hands|Heavy Slam|p2a: Indeedee\n|-damage|p2a: Indeedee|28\/100\n|\n|-weather|SunnyDay|[upkeep]\n|upkeep\n|turn|4\n|\n|t:|1698797062\n|move|p2a: Indeedee|Helping Hand|p2b: Torkoal\n|-singleturn|p2b: Torkoal|Helping Hand|[of] p2a: Indeedee\n|move|p2b: Torkoal|Eruption|p1b: Tank Hands|[spread] p1a,p1b\n|-resisted|p1a: Dragapult\n|-damage|p1a: Dragapult|0 fnt\n|-damage|p1b: Tank Hands|0 fnt\n|faint|p1a: Dragapult\n|faint|p1b: Tank Hands\n|-end|p1b: Tank Hands|Quark Drive|[silent]\n|\n|-weather|SunnyDay|[upkeep]\n|upkeep\n|l|\u2606wingwingy55\n|inactive|wingwingy55 disconnected and has a minute to reconnect!\n|player|p1|\n|j|\u2606wingwingy55\n|inactive|wingwingy55 reconnected and has 115 seconds left.\n|player|p1|wingwingy55|preschooler\n|\n|t:|1698797083\n|switch|p1b: Chien-Pao|Chien-Pao|100\/100\n|switch|p1a: Rock Dog|Arcanine-Hisui, F|100\/100\n|-ability|p1a: Rock Dog|Intimidate|boost\n|-unboost|p2a: Indeedee|atk|1\n|-unboost|p2b: Torkoal|atk|1\n|-ability|p1b: Chien-Pao|Sword of Ruin\n|turn|5\n|\n|t:|1698797090\n|move|p2a: Indeedee|Helping Hand|p2b: Torkoal\n|-singleturn|p2b: Torkoal|Helping Hand|[of] p2a: Indeedee\n|move|p1b: Chien-Pao|Protect|p1b: Chien-Pao\n|-singleturn|p1b: Chien-Pao|Protect\n|move|p2b: Torkoal|Eruption|p1a: Rock Dog|[spread] p1a\n|-activate|p1b: Chien-Pao|move: Protect\n|-resisted|p1a: Rock Dog\n|-damage|p1a: Rock Dog|54\/100\n|move|p1a: Rock Dog|Rock Slide|p2b: Torkoal|[spread] p2b\n|-miss|p1a: Rock Dog|p2a: Indeedee\n|-supereffective|p2b: Torkoal\n|-damage|p2b: Torkoal|49\/100\n|\n|-weather|SunnyDay|[upkeep]\n|-fieldend|move: Trick Room\n|-fieldend|move: Psychic Terrain\n|upkeep\n|turn|6\n|\n|t:|1698797116\n|switch|p2b: Amoonguss|Amoonguss, F, shiny|100\/100\n|move|p1b: Chien-Pao|Sucker Punch||[still]\n|-fail|p1b: Chien-Pao\n|move|p1a: Rock Dog|Rock Slide|p2b: Amoonguss|[spread] p2a,p2b\n|-damage|p2a: Indeedee|0 fnt\n|-damage|p2b: Amoonguss|64\/100\n|faint|p2a: Indeedee\n|-enditem|p2b: Amoonguss|Eject Button\n|\n|t:|1698797124\n|switch|p2b: Torkoal|Torkoal, L99, M, shiny|49\/100\n|\n|-weather|SunnyDay|[upkeep]\n|upkeep\n|\n|t:|1698797127\n|switch|p2a: Amoonguss|Amoonguss, F, shiny|97\/100\n|turn|7\n|\n|t:|1698797149\n|-terastallize|p2b: Torkoal|Grass\n|move|p1b: Chien-Pao|Icicle Crash|p2a: Amoonguss\n|-supereffective|p2a: Amoonguss\n|-damage|p2a: Amoonguss|0 fnt\n|faint|p2a: Amoonguss\n|move|p1a: Rock Dog|Howl|p1a: Rock Dog|[spread] p1a,p1b\n|-boost|p1a: Rock Dog|atk|1\n|-boost|p1b: Chien-Pao|atk|1\n|move|p2b: Torkoal|Solar Beam||[still]\n|-prepare|p2b: Torkoal|Solar Beam\n|-anim|p2b: Torkoal|Solar Beam|p1a: Rock Dog\n|-damage|p1a: Rock Dog|0 fnt\n|faint|p1a: Rock Dog\n|\n|-weather|none\n|upkeep\n|\n|t:|1698797167\n|switch|p1a: Ogerpon|Ogerpon, F|100\/100\n|switch|p2a: Iron Hands|Iron Hands|100\/100\n|turn|8\n|\n|t:|1698797181\n|-terastallize|p1b: Chien-Pao|Ghost\n|move|p2a: Iron Hands|Fake Out|p1b: Chien-Pao\n|-immune|p1b: Chien-Pao\n|move|p1b: Chien-Pao|Icicle Crash|p2b: Torkoal\n|-supereffective|p2b: Torkoal\n|-damage|p2b: Torkoal|0 fnt\n|faint|p2b: Torkoal\n|move|p1a: Ogerpon|Swords Dance|p1a: Ogerpon\n|-boost|p1a: Ogerpon|atk|2\n|\n|upkeep\n|\n|t:|1698797200\n|switch|p2b: Hatterene|Hatterene, F|100\/100\n|turn|9\n|\n|t:|1698797211\n|move|p1b: Chien-Pao|Icicle Crash|p2b: Hatterene\n|-damage|p2b: Hatterene|2\/100\n|move|p1a: Ogerpon|Ivy Cudgel|p2b: Hatterene\n|-crit|p2b: Hatterene\n|-damage|p2b: Hatterene|0 fnt\n|faint|p2b: Hatterene\n|move|p2a: Iron Hands|Close Combat|p1a: Ogerpon\n|-damage|p1a: Ogerpon|0 fnt\n|-unboost|p2a: Iron Hands|def|1\n|-unboost|p2a: Iron Hands|spd|1\n|faint|p1a: Ogerpon\n|\n|upkeep\n|turn|10\n|\n|t:|1698797220\n|move|p1b: Chien-Pao|Icicle Crash|p2a: Iron Hands\n|-damage|p2a: Iron Hands|14\/100\n|move|p2a: Iron Hands|Wild Charge|p1b: Chien-Pao\n|-damage|p1b: Chien-Pao|31\/100\n|-damage|p2a: Iron Hands|2\/100|[from] Recoil\n|\n|upkeep\n|turn|11\n|\n|t:|1698797226\n|move|p1b: Chien-Pao|Sucker Punch|p2a: Iron Hands\n|-resisted|p2a: Iron Hands\n|-damage|p2a: Iron Hands|0 fnt\n|faint|p2a: Iron Hands\n|-end|p2a: Iron Hands|Quark Drive|[silent]\n|\n|win|wingwingy55\n|raw|wingwingy55's rating: 1236 &rarr; <strong>1268<\/strong><br \/>(+32 for winning)\n|raw|Friskfall's rating: 1329 &rarr; <strong>1304<\/strong><br \/>(-25 for losing)\n","uploadtime":1698797229,"views":26,"p1id":"wingwingy55","p2id":"friskfall","formatid":"gen9doublesou","rating":1268,"private":0,"password":""}