{"id":"gen9doublesou-1971004274","p1":"Okayyyyletsgo","p2":"wingwingy55","format":"[Gen 9] Doubles OU","log":"|j|\u2606Okayyyyletsgo\n|j|\u2606wingwingy55\n|t:|1697691165\n|gametype|doubles\n|player|p1|Okayyyyletsgo|shadowtriad|1060\n|player|p2|wingwingy55|preschooler|1200\n|teamsize|p1|6\n|teamsize|p2|6\n|gen|9\n|tier|[Gen 9] Doubles OU\n|rated|\n|rule|Species Clause: Limit one of each Pok\u00e9mon\n|rule|OHKO Clause: OHKO moves are banned\n|rule|Evasion Moves Clause: Evasion moves are banned\n|rule|Gravity Sleep Clause: The combination of sleep-inducing moves with imperfect accuracy and Gravity or Gigantamax Orbeetle are banned\n|rule|Endless Battle Clause: Forcing endless battles is banned\n|rule|HP Percentage Mod: HP is shown in percentages\n|clearpoke\n|poke|p1|Empoleon, F|\n|poke|p1|Cacturne, F|\n|poke|p1|Farigiraf, M|\n|poke|p1|Goodra-Hisui, F|\n|poke|p1|Vikavolt, F|\n|poke|p1|Hatterene, F|\n|poke|p2|Dragapult, M|\n|poke|p2|Chi-Yu|\n|poke|p2|Ogerpon, F|\n|poke|p2|Iron Hands|\n|poke|p2|Chien-Pao|\n|poke|p2|Flutter Mane|\n|teampreview\n|inactive|Battle timer is ON: inactive players will automatically lose when time's up. (requested by Okayyyyletsgo)\n|\n|t:|1697691183\n|start\n|switch|p1a: Hatterene|Hatterene, F|100\/100\n|switch|p1b: Goodra|Goodra-Hisui, F|100\/100\n|switch|p2a: Chi-Yu|Chi-Yu|100\/100\n|switch|p2b: Mane and Flutter|Flutter Mane|100\/100\n|-ability|p2a: Chi-Yu|Beads of Ruin\n|turn|1\n|inactive|wingwingy55 has 120 seconds left.\n|\n|t:|1697691245\n|move|p2a: Chi-Yu|Overheat|p1a: Hatterene\n|-enditem|p1a: Hatterene|Focus Sash\n|-damage|p1a: Hatterene|1\/100\n|-unboost|p2a: Chi-Yu|spa|2\n|move|p2b: Mane and Flutter|Shadow Ball|p1a: Hatterene\n|-supereffective|p1a: Hatterene\n|-damage|p1a: Hatterene|0 fnt\n|faint|p1a: Hatterene\n|move|p1b: Goodra|Sludge Bomb|p2b: Mane and Flutter\n|-damage|p2b: Mane and Flutter|61\/100\n|-status|p2b: Mane and Flutter|psn\n|\n|-damage|p2b: Mane and Flutter|49\/100 psn|[from] psn\n|upkeep\n|inactive|Okayyyyletsgo has 120 seconds left.\n|\n|t:|1697691259\n|switch|p1a: Farigiraf|Farigiraf, M|100\/100\n|turn|2\n|inactive|wingwingy55 has 120 seconds left.\n|\n|t:|1697691273\n|move|p2a: Chi-Yu|Overheat|p1a: Farigiraf\n|-damage|p1a: Farigiraf|59\/100\n|-unboost|p2a: Chi-Yu|spa|2\n|move|p2b: Mane and Flutter|Shadow Ball|p1a: Farigiraf\n|-immune|p1a: Farigiraf\n|move|p1b: Goodra|Sludge Bomb|p2b: Mane and Flutter\n|-damage|p2b: Mane and Flutter|6\/100 psn\n|move|p1a: Farigiraf|Trick Room|p1a: Farigiraf\n|-fieldstart|move: Trick Room|[of] p1a: Farigiraf\n|\n|-damage|p2b: Mane and Flutter|0 fnt|[from] psn\n|faint|p2b: Mane and Flutter\n|-end|p2b: Mane and Flutter|Protosynthesis|[silent]\n|upkeep\n|inactive|wingwingy55 has 120 seconds left.\n|\n|t:|1697691283\n|switch|p2b: Iron Hands|Iron Hands|100\/100\n|turn|3\n|inactive|wingwingy55 has 120 seconds left.\n|inactive|wingwingy55 has 90 seconds left.\n|c|\u2606Okayyyyletsgo|???\n|inactive|wingwingy55 has 60 seconds left.\n|\n|t:|1697691367\n|switch|p2a: Ogerpon|Ogerpon, F|100\/100\n|move|p1a: Farigiraf|Ally Switch|p1a: Farigiraf\n|swap|p1a: Farigiraf|1|[from] move: Ally Switch\n|move|p1a: Goodra|Draco Meteor|p2b: Iron Hands\n|-damage|p2b: Iron Hands|68\/100\n|-unboost|p1a: Goodra|spa|2\n|move|p2b: Iron Hands|Heavy Slam|p1a: Goodra\n|-resisted|p1a: Goodra\n|-damage|p1a: Goodra|93\/100\n|\n|upkeep\n|turn|4\n|inactive|wingwingy55 has 60 seconds left.\n|inactive|Okayyyyletsgo has 120 seconds left.\n|inactive|wingwingy55 has 30 seconds left.\n|\n|t:|1697691432\n|switch|p1a: Vikavolt|Vikavolt, F|100\/100\n|move|p2b: Iron Hands|Drain Punch|p1b: Farigiraf\n|-damage|p1b: Farigiraf|21\/100\n|-heal|p2b: Iron Hands|82\/100|[from] drain|[of] p1b: Farigiraf\n|move|p1b: Farigiraf|Hyper Voice|p2a: Ogerpon|[spread] p2a,p2b\n|-damage|p2a: Ogerpon|62\/100\n|-damage|p2b: Iron Hands|65\/100\n|move|p2a: Ogerpon|Stomping Tantrum|p1a: Vikavolt\n|-immune|p1a: Vikavolt|[from] ability: Levitate\n|\n|-heal|p2a: Ogerpon|69\/100|[from] item: Leftovers\n|upkeep\n|turn|5\n|c|\u2606Okayyyyletsgo|How has it been 5 mins and we r on turn 4\n|\n|t:|1697691456\n|move|p1b: Farigiraf|Helping Hand|p1a: Vikavolt\n|-singleturn|p1a: Vikavolt|Helping Hand|[of] p1b: Farigiraf\n|move|p2a: Ogerpon|Spiky Shield|p2a: Ogerpon\n|-singleturn|p2a: Ogerpon|move: Protect\n|move|p1a: Vikavolt|Bug Buzz|p2a: Ogerpon\n|-activate|p2a: Ogerpon|move: Protect\n|move|p2b: Iron Hands|Fire Punch|p1a: Vikavolt\n|-supereffective|p1a: Vikavolt\n|-damage|p1a: Vikavolt|49\/100\n|\n|-heal|p2a: Ogerpon|75\/100|[from] item: Leftovers\n|upkeep\n|turn|6\n|inactive|wingwingy55 has 60 seconds left.\n|\n|t:|1697691482\n|switch|p2a: Chien-Pao|Chien-Pao|100\/100\n|-ability|p2a: Chien-Pao|Sword of Ruin\n|move|p1b: Farigiraf|Ally Switch|p1b: Farigiraf\n|swap|p1b: Farigiraf|0|[from] move: Ally Switch\n|move|p1b: Vikavolt|Bug Buzz|p2a: Chien-Pao\n|-supereffective|p2a: Chien-Pao\n|-enditem|p2a: Chien-Pao|Focus Sash\n|-damage|p2a: Chien-Pao|1\/100\n|move|p2b: Iron Hands|Fire Punch|p1a: Farigiraf\n|-damage|p1a: Farigiraf|0 fnt\n|faint|p1a: Farigiraf\n|\n|-fieldend|move: Trick Room\n|upkeep\n|\n|t:|1697691501\n|switch|p1a: Goodra|Goodra-Hisui, F|93\/100\n|turn|7\n|\n|t:|1697691526\n|-terastallize|p1a: Goodra|Water\n|move|p2a: Chien-Pao|Ice Shard|p1b: Vikavolt\n|-damage|p1b: Vikavolt|25\/100\n|move|p2b: Iron Hands|Drain Punch|p1a: Goodra\n|-damage|p1a: Goodra|32\/100\n|-heal|p2b: Iron Hands|83\/100|[from] drain|[of] p1a: Goodra\n|move|p1a: Goodra|Flamethrower|p2b: Iron Hands\n|-damage|p2b: Iron Hands|68\/100\n|move|p1b: Vikavolt|Volt Switch|p2a: Chien-Pao\n|-damage|p2a: Chien-Pao|0 fnt\n|faint|p2a: Chien-Pao\n|inactive|Okayyyyletsgo has 120 seconds left.\n|\n|t:|1697691544\n|switch|p1b: Empoleon|Empoleon, F|100\/100|[from] Volt Switch\n|\n|upkeep\n|-message|Okayyyyletsgo forfeited.\n|\n|win|wingwingy55\n|raw|Okayyyyletsgo's rating: 1060 &rarr; <strong>1048<\/strong><br \/>(-12 for losing)\n|raw|wingwingy55's rating: 1200 &rarr; <strong>1215<\/strong><br \/>(+15 for winning)\n|l|\u2606Okayyyyletsgo\n","uploadtime":1697691550,"views":26,"p1id":"okayyyyletsgo","p2id":"wingwingy55","formatid":"gen9doublesou","rating":1048,"private":0,"password":""}