{"id":"gen9doublesou-1983595493","p1":"dusttrustblueberry","p2":"elpape","format":"[Gen 9] Doubles OU","log":"|j|\u2606dusttrustblueberry\n|j|\u2606elpape\n|t:|1699147426\n|gametype|doubles\n|player|p1|dusttrustblueberry|steven-masters2|1561\n|player|p2|elpape|dragontamer|1423\n|teamsize|p1|6\n|teamsize|p2|6\n|gen|9\n|tier|[Gen 9] Doubles OU\n|rated|\n|rule|Species Clause: Limit one of each Pok\u00e9mon\n|rule|OHKO Clause: OHKO moves are banned\n|rule|Evasion Moves Clause: Evasion moves are banned\n|rule|Gravity Sleep Clause: The combination of sleep-inducing moves with imperfect accuracy and Gravity or Gigantamax Orbeetle are banned\n|rule|Endless Battle Clause: Forcing endless battles is banned\n|rule|HP Percentage Mod: HP is shown in percentages\n|clearpoke\n|poke|p1|Sinistcha-Masterpiece|\n|poke|p1|Ninetales-Alola, F|\n|poke|p1|Heatran, F|\n|poke|p1|Iron Hands|\n|poke|p1|Chi-Yu|\n|poke|p1|Tornadus, M|\n|poke|p2|Kommo-o, M|\n|poke|p2|Torkoal, M|\n|poke|p2|Ogerpon-Hearthflame, F|\n|poke|p2|Cresselia, F|\n|poke|p2|Rillaboom, M|\n|poke|p2|Diancie|\n|teampreview\n|inactive|Battle timer is ON: inactive players will automatically lose when time's up. (requested by dusttrustblueberry)\n|inactive|elpape also wants the timer to be on.\n|\n|t:|1699147447\n|start\n|switch|p1a: Tornadus|Tornadus, M|100\/100\n|switch|p1b: Chi-Yu|Chi-Yu|100\/100\n|switch|p2a: Ogerpon|Ogerpon-Hearthflame, F|100\/100\n|switch|p2b: Diancie|Diancie|100\/100\n|-ability|p2a: Ogerpon|Mold Breaker\n|-ability|p1b: Chi-Yu|Beads of Ruin\n|turn|1\n|inactive|elpape has 120 seconds left.\n|\n|t:|1699147500\n|-terastallize|p2a: Ogerpon|Fire\n|detailschange|p2a: Ogerpon|Ogerpon-Hearthflame-Tera, F, tera:Fire\n|-ability|p2a: Ogerpon|Embody Aspect (Hearthflame)|boost\n|-boost|p2a: Ogerpon|atk|1\n|move|p1a: Tornadus|Taunt|p2b: Diancie\n|-start|p2b: Diancie|move: Taunt\n|move|p2a: Ogerpon|Ivy Cudgel|p1b: Chi-Yu\n|-resisted|p1b: Chi-Yu\n|-damage|p1b: Chi-Yu|2\/100\n|move|p1b: Chi-Yu|Heat Wave|p2a: Ogerpon|[spread] p2a\n|-miss|p1b: Chi-Yu|p2b: Diancie\n|-resisted|p2a: Ogerpon\n|-damage|p2a: Ogerpon|61\/100\n|cant|p2b: Diancie|move: Taunt|Amnesia\n|\n|upkeep\n|turn|2\n|inactive|elpape has 120 seconds left.\n|\n|t:|1699147522\n|switch|p2b: Rillaboom|Rillaboom, M|100\/100\n|-fieldstart|move: Grassy Terrain|[from] ability: Grassy Surge|[of] p2b: Rillaboom\n|-terastallize|p1b: Chi-Yu|Dark\n|move|p1a: Tornadus|Tailwind|p1a: Tornadus\n|-sidestart|p1: dusttrustblueberry|move: Tailwind\n|move|p2a: Ogerpon|Grassy Glide|p1b: Chi-Yu\n|-damage|p1b: Chi-Yu|0 fnt\n|faint|p1b: Chi-Yu\n|\n|-heal|p2a: Ogerpon|67\/100|[from] Grassy Terrain\n|upkeep\n|\n|t:|1699147530\n|switch|p1b: Heatran|Heatran, F|100\/100\n|turn|3\n|j| La_Colonia\n|\n|t:|1699147547\n|switch|p2a: Cresselia|Cresselia, F|100\/100\n|move|p1a: Tornadus|Bleakwind Storm|p2b: Rillaboom|[spread] p2a,p2b\n|-supereffective|p2b: Rillaboom\n|-damage|p2a: Cresselia|77\/100\n|-damage|p2b: Rillaboom|26\/100\n|move|p1b: Heatran|Iron Defense|p1b: Heatran\n|-boost|p1b: Heatran|def|2\n|move|p2b: Rillaboom|High Horsepower|p1b: Heatran\n|-supereffective|p1b: Heatran\n|-damage|p1b: Heatran|38\/100\n|\n|-heal|p1b: Heatran|45\/100|[from] Grassy Terrain\n|-heal|p1b: Heatran|51\/100|[from] item: Leftovers\n|-heal|p2b: Rillaboom|32\/100|[from] Grassy Terrain\n|-heal|p2a: Cresselia|84\/100|[from] item: Leftovers\n|upkeep\n|turn|4\n|\n|t:|1699147566\n|move|p2a: Cresselia|Ally Switch|p2a: Cresselia\n|swap|p2a: Cresselia|1|[from] move: Ally Switch\n|move|p1a: Tornadus|Bleakwind Storm|p2a: Rillaboom|[spread] p2a,p2b\n|-supereffective|p2a: Rillaboom\n|-damage|p2a: Rillaboom|0 fnt\n|-damage|p2b: Cresselia|60\/100\n|faint|p2a: Rillaboom\n|move|p1b: Heatran|Iron Defense|p1b: Heatran\n|-boost|p1b: Heatran|def|2\n|\n|-heal|p1b: Heatran|57\/100|[from] Grassy Terrain\n|-heal|p1b: Heatran|63\/100|[from] item: Leftovers\n|-heal|p2b: Cresselia|67\/100|[from] item: Leftovers\n|upkeep\n|\n|t:|1699147574\n|switch|p2a: Torkoal|Torkoal, M|100\/100\n|-weather|SunnyDay|[from] ability: Drought|[of] p2a: Torkoal\n|turn|5\n|\n|t:|1699147586\n|move|p1a: Tornadus|Taunt|p2b: Cresselia\n|-start|p2b: Cresselia|move: Taunt\n|move|p1b: Heatran|Heat Wave|p2b: Cresselia|[spread] p2a\n|-miss|p1b: Heatran|p2b: Cresselia\n|-resisted|p2a: Torkoal\n|-damage|p2a: Torkoal|63\/100\n|cant|p2b: Cresselia|move: Taunt|Calm Mind\n|move|p2a: Torkoal|Earth Power|p1b: Heatran\n|-supereffective|p1b: Heatran\n|-damage|p1b: Heatran|0 fnt\n|faint|p1b: Heatran\n|\n|-weather|SunnyDay|[upkeep]\n|-heal|p2b: Cresselia|73\/100|[from] item: Leftovers\n|-heal|p2a: Torkoal|69\/100|[from] Grassy Terrain\n|-sideend|p1: dusttrustblueberry|move: Tailwind\n|upkeep\n|\n|t:|1699147599\n|switch|p1b: Ninetales|Ninetales-Alola, F|100\/100\n|-weather|Snow|[from] ability: Snow Warning|[of] p1b: Ninetales\n|turn|6\n|\n|t:|1699147613\n|move|p1a: Tornadus|Bleakwind Storm|p2a: Torkoal|[spread] p2b\n|-miss|p1a: Tornadus|p2a: Torkoal\n|-crit|p2b: Cresselia\n|-damage|p2b: Cresselia|41\/100\n|move|p1b: Ninetales|Blizzard|p2b: Cresselia|[spread] p2a,p2b\n|-resisted|p2a: Torkoal\n|-damage|p2a: Torkoal|46\/100\n|-damage|p2b: Cresselia|20\/100\n|move|p2b: Cresselia|Psychic|p1b: Ninetales\n|-damage|p1b: Ninetales|64\/100\n|move|p2a: Torkoal|Flamethrower|p1b: Ninetales\n|-supereffective|p1b: Ninetales\n|-damage|p1b: Ninetales|0 fnt\n|faint|p1b: Ninetales\n|\n|-weather|Snow|[upkeep]\n|-heal|p2b: Cresselia|26\/100|[from] item: Leftovers\n|-heal|p2a: Torkoal|52\/100|[from] Grassy Terrain\n|upkeep\n|\n|t:|1699147628\n|switch|p1b: Sinistcha|Sinistcha-Masterpiece|100\/100\n|turn|7\n|\n|t:|1699147638\n|switch|p1b: Iron Hands|Iron Hands|100\/100\n|move|p1a: Tornadus|Bleakwind Storm|p2b: Cresselia|[spread] p2a,p2b\n|-damage|p2a: Torkoal|7\/100\n|-damage|p2b: Cresselia|3\/100\n|-unboost|p2a: Torkoal|spe|1\n|move|p2b: Cresselia|Psychic|p1b: Iron Hands\n|-supereffective|p1b: Iron Hands\n|-damage|p1b: Iron Hands|61\/100\n|move|p2a: Torkoal|Flamethrower|p1b: Iron Hands\n|-damage|p1b: Iron Hands|40\/100\n|-status|p1b: Iron Hands|brn\n|\n|-weather|Snow|[upkeep]\n|-heal|p2b: Cresselia|9\/100|[from] item: Leftovers\n|-heal|p1b: Iron Hands|46\/100 brn|[from] Grassy Terrain\n|-heal|p2a: Torkoal|13\/100|[from] Grassy Terrain\n|-damage|p1b: Iron Hands|40\/100 brn|[from] brn\n|-end|p2b: Cresselia|move: Taunt\n|upkeep\n|turn|8\n|\n|t:|1699147654\n|move|p1b: Iron Hands|Fake Out|p2a: Torkoal\n|-damage|p2a: Torkoal|7\/100\n|move|p1a: Tornadus|Bleakwind Storm|p2a: Torkoal|[spread] p2b\n|-miss|p1a: Tornadus|p2a: Torkoal\n|-damage|p2b: Cresselia|0 fnt\n|faint|p2b: Cresselia\n|cant|p2a: Torkoal|flinch\n|\n|-weather|Snow|[upkeep]\n|-heal|p1b: Iron Hands|46\/100 brn|[from] Grassy Terrain\n|-heal|p2a: Torkoal|13\/100|[from] Grassy Terrain\n|-damage|p1b: Iron Hands|40\/100 brn|[from] brn\n|upkeep\n|\n|t:|1699147666\n|switch|p2b: Ogerpon|Ogerpon-Hearthflame-Tera, F, tera:Fire|67\/100\n|-ability|p2b: Ogerpon|Embody Aspect (Hearthflame)|boost\n|-boost|p2b: Ogerpon|atk|1\n|turn|9\n|\n|t:|1699147676\n|move|p1a: Tornadus|Protect|p1a: Tornadus\n|-singleturn|p1a: Tornadus|Protect\n|move|p2b: Ogerpon|Horn Leech|p1b: Iron Hands\n|-damage|p1b: Iron Hands|0 fnt\n|-heal|p2b: Ogerpon|99\/100|[from] drain|[of] p1b: Iron Hands\n|faint|p1b: Iron Hands\n|-end|p1b: Iron Hands|Quark Drive|[silent]\n|move|p2a: Torkoal|Flamethrower|p1a: Tornadus\n|-activate|p1a: Tornadus|move: Protect\n|\n|-weather|Snow|[upkeep]\n|-heal|p2b: Ogerpon|100\/100|[from] Grassy Terrain\n|-heal|p2a: Torkoal|19\/100|[from] Grassy Terrain\n|-fieldend|move: Grassy Terrain\n|upkeep\n|\n|t:|1699147678\n|switch|p1b: Sinistcha|Sinistcha-Masterpiece|100\/100\n|turn|10\n|l| La_Colonia\n|\n|t:|1699147688\n|move|p1b: Sinistcha|Rage Powder|p1b: Sinistcha\n|-singleturn|p1b: Sinistcha|move: Rage Powder\n|move|p1a: Tornadus|Bleakwind Storm|p2a: Torkoal|[spread] p2b\n|-miss|p1a: Tornadus|p2a: Torkoal\n|-damage|p2b: Ogerpon|64\/100\n|-unboost|p2b: Ogerpon|spe|1\n|move|p2b: Ogerpon|Ivy Cudgel|p1b: Sinistcha\n|-supereffective|p1b: Sinistcha\n|-damage|p1b: Sinistcha|0 fnt\n|faint|p1b: Sinistcha\n|move|p2a: Torkoal|Flamethrower|p1a: Tornadus\n|-damage|p1a: Tornadus|56\/100\n|\n|-weather|none\n|upkeep\n|turn|11\n|j| La_Colonia\n|l| La_Colonia\n|\n|t:|1699147702\n|move|p1a: Tornadus|Bleakwind Storm|p2b: Ogerpon|[spread] p2b\n|-miss|p1a: Tornadus|p2a: Torkoal\n|-damage|p2b: Ogerpon|29\/100\n|move|p2b: Ogerpon|Ivy Cudgel|p1a: Tornadus\n|-damage|p1a: Tornadus|0 fnt\n|faint|p1a: Tornadus\n|\n|win|elpape\n|raw|dusttrustblueberry's rating: 1561 &rarr; <strong>1534<\/strong><br \/>(-27 for losing)\n|raw|elpape's rating: 1439 &rarr; <strong>1466<\/strong><br \/>(+27 for winning)\n","uploadtime":1699147711,"views":10,"p1id":"dusttrustblueberry","p2id":"elpape","formatid":"gen9doublesou","rating":1466,"private":0,"password":""}