{"id":"gen9doublesou-1968534649","p1":"tynewname","p2":"Josephiroth4","format":"[Gen 9] Doubles OU","log":"|j|\u2606tynewname\n|j|\u2606Josephiroth4\n|t:|1697429686\n|gametype|doubles\n|player|p1|tynewname|veteran|1059\n|player|p2|Josephiroth4|265|1021\n|teamsize|p1|6\n|teamsize|p2|6\n|gen|9\n|tier|[Gen 9] Doubles OU\n|rated|\n|rule|Species Clause: Limit one of each Pok\u00e9mon\n|rule|OHKO Clause: OHKO moves are banned\n|rule|Evasion Moves Clause: Evasion moves are banned\n|rule|Gravity Sleep Clause: The combination of sleep-inducing moves with imperfect accuracy and Gravity or Gigantamax Orbeetle are banned\n|rule|Endless Battle Clause: Forcing endless battles is banned\n|rule|HP Percentage Mod: HP is shown in percentages\n|clearpoke\n|poke|p1|Ribombee, F|\n|poke|p1|Kilowattrel, M|\n|poke|p1|Ogerpon-Hearthflame, F|\n|poke|p1|Flutter Mane|\n|poke|p1|Corviknight, M|\n|poke|p1|Hoopa-Unbound|\n|poke|p2|Tinkaton, F|\n|poke|p2|Talonflame, F|\n|poke|p2|Dewott, M|\n|poke|p2|Gardevoir, F|\n|poke|p2|Dragonite, M|\n|poke|p2|Toxtricity-Low-Key, M|\n|teampreview\n|inactive|Battle timer is ON: inactive players will automatically lose when time's up. (requested by tynewname)\n|\n|t:|1697429700\n|start\n|switch|p1a: Ribombee|Ribombee, F|100\/100\n|switch|p1b: Kilowattrel|Kilowattrel, M, shiny|100\/100\n|switch|p2a: Dragonite|Dragonite, M|100\/100\n|switch|p2b: Tinkaton|Tinkaton, F|100\/100\n|turn|1\n|\n|t:|1697429715\n|-terastallize|p2a: Dragonite|Ice\n|move|p1b: Kilowattrel|Tailwind|p1b: Kilowattrel\n|-sidestart|p1: tynewname|move: Tailwind\n|-start|p1b: Kilowattrel|Charge|Tailwind|[from] ability: Wind Power\n|move|p1a: Ribombee|Sticky Web|p2a: Dragonite\n|-sidestart|p2: Josephiroth4|move: Sticky Web\n|move|p2b: Tinkaton|Skill Swap|p2a: Dragonite\n|-activate|p2b: Tinkaton|move: Skill Swap|||[of] p2a: Dragonite\n|move|p2a: Dragonite|Outrage|p1a: Ribombee\n|-immune|p1a: Ribombee\n|\n|upkeep\n|turn|2\n|inactive|Josephiroth4 has 120 seconds left.\n|\n|t:|1697429768\n|move|p1b: Kilowattrel|Electro Ball|p2b: Tinkaton\n|-damage|p2b: Tinkaton|23\/100\n|-enditem|p2b: Tinkaton|Aguav Berry|[eat]\n|-heal|p2b: Tinkaton|56\/100|[from] item: Aguav Berry\n|-damage|p1b: Kilowattrel|91\/100|[from] item: Life Orb\n|-end|p1b: Kilowattrel|Charge|[silent]\n|move|p1a: Ribombee|Moonblast|p2a: Dragonite\n|-damage|p2a: Dragonite|67\/100\n|move|p2b: Tinkaton|Ice Hammer|p1b: Kilowattrel\n|-supereffective|p1b: Kilowattrel\n|-damage|p1b: Kilowattrel|21\/100\n|-unboost|p2b: Tinkaton|spe|1\n|move|p2a: Dragonite|Ice Spinner|p1b: Kilowattrel\n|-supereffective|p1b: Kilowattrel\n|-damage|p1b: Kilowattrel|0 fnt\n|faint|p1b: Kilowattrel\n|\n|upkeep\n|inactive|tynewname has 120 seconds left.\n|\n|t:|1697429784\n|switch|p1b: Corviknight|Corviknight, M|100\/100\n|turn|3\n|inactive|Josephiroth4 has 120 seconds left.\n|\n|t:|1697429816\n|move|p1a: Ribombee|Stun Spore|p2a: Dragonite\n|-status|p2a: Dragonite|par\n|move|p1b: Corviknight|Bulk Up|p1b: Corviknight\n|-boost|p1b: Corviknight|atk|1\n|-boost|p1b: Corviknight|def|1\n|move|p2b: Tinkaton|Ice Hammer|p1b: Corviknight\n|-damage|p1b: Corviknight|89\/100\n|-unboost|p2b: Tinkaton|spe|1\n|-damage|p2b: Tinkaton|39\/100|[from] item: Rocky Helmet|[of] p1b: Corviknight\n|cant|p2a: Dragonite|par\n|\n|upkeep\n|turn|4\n|inactive|Josephiroth4 has 120 seconds left.\n|\n|t:|1697429835\n|move|p1a: Ribombee|Stun Spore|p2b: Tinkaton|[miss]\n|-miss|p1a: Ribombee|p2b: Tinkaton\n|move|p1b: Corviknight|Bulk Up|p1b: Corviknight\n|-boost|p1b: Corviknight|atk|1\n|-boost|p1b: Corviknight|def|1\n|move|p2b: Tinkaton|Ice Hammer|p1a: Ribombee\n|-damage|p1a: Ribombee|61\/100\n|-unboost|p2b: Tinkaton|spe|1\n|move|p2a: Dragonite|Ice Spinner|p1a: Ribombee\n|-damage|p1a: Ribombee|0 fnt\n|faint|p1a: Ribombee\n|\n|-sideend|p1: tynewname|move: Tailwind\n|upkeep\n|\n|t:|1697429843\n|switch|p1a: Hoopa|Hoopa-Unbound|100\/100\n|turn|5\n|\n|t:|1697429858\n|-terastallize|p1a: Hoopa|Electric\n|move|p1a: Hoopa|Thunder Punch|p2b: Tinkaton\n|-damage|p2b: Tinkaton|0 fnt\n|faint|p2b: Tinkaton\n|-damage|p1a: Hoopa|91\/100|[from] item: Life Orb\n|move|p1b: Corviknight|Body Press|p2a: Dragonite\n|-supereffective|p2a: Dragonite\n|-damage|p2a: Dragonite|0 fnt\n|faint|p2a: Dragonite\n|\n|upkeep\n|inactive|Josephiroth4 has 120 seconds left.\n|\n|t:|1697429881\n|switch|p2b: Gardevoir|Gardevoir, F|100\/100\n|switch|p2a: Talonflame|Talonflame, F, shiny|100\/100\n|-activate|p2b: Gardevoir|move: Sticky Web\n|-unboost|p2b: Gardevoir|spe|1\n|turn|6\n|\n|t:|1697429900\n|move|p2a: Talonflame|Flamethrower|p1a: Hoopa\n|-damage|p1a: Hoopa|59\/100\n|-status|p1a: Hoopa|brn\n|move|p1a: Hoopa|Thunder Punch|p2a: Talonflame\n|-supereffective|p2a: Talonflame\n|-damage|p2a: Talonflame|2\/100\n|-damage|p1a: Hoopa|49\/100 brn|[from] item: Life Orb\n|move|p1b: Corviknight|Roost|p1b: Corviknight\n|-heal|p1b: Corviknight|100\/100\n|-singleturn|p1b: Corviknight|move: Roost\n|move|p2b: Gardevoir|Trick Room|p2b: Gardevoir\n|-fieldstart|move: Trick Room|[of] p2b: Gardevoir\n|\n|-damage|p1a: Hoopa|43\/100 brn|[from] brn\n|upkeep\n|turn|7\n|\n|t:|1697429924\n|move|p2b: Gardevoir|Heal Pulse|p2a: Talonflame\n|-heal|p2a: Talonflame|52\/100\n|move|p1b: Corviknight|Body Press|p2a: Talonflame\n|-resisted|p2a: Talonflame\n|-damage|p2a: Talonflame|24\/100\n|move|p1a: Hoopa|Hyperspace Fury|p2b: Gardevoir\n|-damage|p2b: Gardevoir|33\/100\n|-unboost|p1a: Hoopa|def|1\n|-enditem|p2b: Gardevoir|Eject Button\n|-damage|p1a: Hoopa|33\/100 brn|[from] item: Life Orb\n|inactive|Josephiroth4 has 120 seconds left.\n|\n|t:|1697429944\n|switch|p2b: Dewott|Dewott, M, shiny|100\/100\n|-activate|p2b: Dewott|move: Sticky Web\n|-unboost|p2b: Dewott|spe|1\n|move|p2a: Talonflame|Flamethrower|p1a: Hoopa\n|-damage|p1a: Hoopa|2\/100 brn\n|\n|-damage|p1a: Hoopa|0 fnt|[from] brn\n|faint|p1a: Hoopa\n|upkeep\n|\n|t:|1697429951\n|switch|p1a: Ogerpon|Ogerpon-Hearthflame, F|100\/100\n|-ability|p1a: Ogerpon|Mold Breaker\n|turn|8\n|inactive|Josephiroth4 has 120 seconds left.\n|\n|t:|1697429982\n|move|p2b: Dewott|Swords Dance|p2b: Dewott\n|-boost|p2b: Dewott|atk|2\n|move|p1b: Corviknight|Bulk Up|p1b: Corviknight\n|-boost|p1b: Corviknight|atk|1\n|-boost|p1b: Corviknight|def|1\n|move|p1a: Ogerpon|Ivy Cudgel|p2a: Talonflame\n|-resisted|p2a: Talonflame\n|-damage|p2a: Talonflame|0 fnt\n|faint|p2a: Talonflame\n|\n|upkeep\n|inactive|Josephiroth4 has 120 seconds left.\n|\n|t:|1697430008\n|switch|p2a: Gardevoir|Gardevoir, F|33\/100\n|-activate|p2a: Gardevoir|move: Sticky Web\n|-unboost|p2a: Gardevoir|spe|1\n|turn|9\n|inactive|Josephiroth4 has 120 seconds left.\n|\n|t:|1697430020\n|move|p2b: Dewott|Aerial Ace|p1a: Ogerpon\n|-supereffective|p1a: Ogerpon\n|-damage|p1a: Ogerpon|20\/100\n|move|p2a: Gardevoir|Hyper Beam|p1a: Ogerpon\n|-damage|p1a: Ogerpon|0 fnt\n|-mustrecharge|p2a: Gardevoir\n|faint|p1a: Ogerpon\n|move|p1b: Corviknight|Brave Bird|p2a: Gardevoir\n|-damage|p2a: Gardevoir|0 fnt\n|faint|p2a: Gardevoir\n|-damage|p1b: Corviknight|93\/100|[from] Recoil\n|\n|upkeep\n|\n|t:|1697430031\n|switch|p2a: Toxtricity|Toxtricity-Low-Key, M|100\/100\n|switch|p1a: Flutter Mane|Flutter Mane|100\/100\n|-activate|p2a: Toxtricity|move: Sticky Web\n|-unboost|p2a: Toxtricity|spe|1\n|-enditem|p1a: Flutter Mane|Booster Energy\n|-activate|p1a: Flutter Mane|ability: Protosynthesis|[fromitem]\n|-start|p1a: Flutter Mane|protosynthesisspe\n|turn|10\n|\n|t:|1697430060\n|move|p2b: Dewott|Night Slash|p1a: Flutter Mane\n|-damage|p1a: Flutter Mane|24\/100\n|move|p2a: Toxtricity|Thunder|p1a: Flutter Mane|[miss]\n|-miss|p2a: Toxtricity|p1a: Flutter Mane\n|move|p1b: Corviknight|Body Press|p2b: Dewott\n|-damage|p2b: Dewott|46\/100\n|move|p1a: Flutter Mane|Psyshock|p2a: Toxtricity\n|-supereffective|p2a: Toxtricity\n|-damage|p2a: Toxtricity|23\/100\n|\n|-fieldend|move: Trick Room\n|upkeep\n|turn|11\n|\n|t:|1697430080\n|move|p1a: Flutter Mane|Psyshock|p2a: Toxtricity\n|-supereffective|p2a: Toxtricity\n|-damage|p2a: Toxtricity|0 fnt\n|faint|p2a: Toxtricity\n|move|p1b: Corviknight|Body Press|p2b: Dewott\n|-damage|p2b: Dewott|0 fnt\n|faint|p2b: Dewott\n|\n|win|tynewname\n|raw|tynewname's rating: 1059 &rarr; <strong>1087<\/strong><br \/>(+28 for winning)\n|raw|Josephiroth4's rating: 1021 &rarr; <strong>1009<\/strong><br \/>(-12 for losing)\n","uploadtime":1697430092,"views":29,"p1id":"tynewname","p2id":"josephiroth4","formatid":"gen9doublesou","rating":1009,"private":0,"password":""}