{"id":"gen9doublesou-1979767555","p1":"Michelitooutic","p2":"kohdasaurus","format":"[Gen 9] Doubles OU","log":"|j|\u2606Michelitooutic\n|j|\u2606kohdasaurus\n|t:|1698711167\n|gametype|doubles\n|player|p1|Michelitooutic|riley|\n|player|p2|kohdasaurus|169|\n|teamsize|p1|6\n|teamsize|p2|6\n|gen|9\n|tier|[Gen 9] Doubles OU\n|rule|Species Clause: Limit one of each Pok\u00e9mon\n|rule|OHKO Clause: OHKO moves are banned\n|rule|Evasion Moves Clause: Evasion moves are banned\n|rule|Gravity Sleep Clause: The combination of sleep-inducing moves with imperfect accuracy and Gravity or Gigantamax Orbeetle are banned\n|rule|Endless Battle Clause: Forcing endless battles is banned\n|rule|HP Percentage Mod: HP is shown in percentages\n|clearpoke\n|poke|p1|Murkrow, M|\n|poke|p1|Gholdengo|\n|poke|p1|Arcanine, F|\n|poke|p1|Amoonguss, F|\n|poke|p1|Armarouge, M|\n|poke|p1|Iron Valiant|\n|poke|p2|Floatzel, M|\n|poke|p2|Pelipper, F|\n|poke|p2|Flutter Mane|\n|poke|p2|Glimmora, M|\n|poke|p2|Basculegion-F, F|\n|poke|p2|Gyarados, M|\n|teampreview\n|\n|t:|1698711188\n|start\n|switch|p1a: Murkrow|Murkrow, M, shiny|100\/100\n|switch|p1b: Arcanine|Arcanine, F|100\/100\n|switch|p2a: Pelipper|Pelipper, F|100\/100\n|switch|p2b: Floatzel|Floatzel, M|100\/100\n|-ability|p1b: Arcanine|Intimidate|boost\n|-unboost|p2a: Pelipper|atk|1\n|-unboost|p2b: Floatzel|atk|1\n|-weather|RainDance|[from] ability: Drizzle|[of] p2a: Pelipper\n|turn|1\n|\n|t:|1698711216\n|switch|p1b: Amoonguss|Amoonguss, F|100\/100\n|-terastallize|p2b: Floatzel|Water\n|move|p2b: Floatzel|Wave Crash|p1b: Amoonguss\n|-resisted|p1b: Amoonguss\n|-damage|p1b: Amoonguss|63\/100\n|-damage|p2b: Floatzel|84\/100|[from] Recoil\n|move|p1a: Murkrow|Foul Play|p2b: Floatzel\n|-damage|p2b: Floatzel|33\/100\n|move|p2a: Pelipper|Hurricane|p1b: Amoonguss\n|-supereffective|p1b: Amoonguss\n|-damage|p1b: Amoonguss|10\/100\n|-start|p1b: Amoonguss|confusion\n|\n|-weather|RainDance|[upkeep]\n|-heal|p1b: Amoonguss|16\/100|[from] item: Leftovers\n|upkeep\n|turn|2\n|\n|t:|1698711246\n|move|p1a: Murkrow|Tailwind|p1a: Murkrow\n|-sidestart|p1: Michelitooutic|move: Tailwind\n|move|p2b: Floatzel|Liquidation|p1a: Murkrow\n|-damage|p1a: Murkrow|22\/100\n|-activate|p1b: Amoonguss|confusion\n|move|p1b: Amoonguss|Spore|p2a: Pelipper\n|-status|p2a: Pelipper|slp|[from] move: Spore\n|cant|p2a: Pelipper|slp\n|\n|-weather|RainDance|[upkeep]\n|-heal|p1b: Amoonguss|22\/100|[from] item: Leftovers\n|upkeep\n|turn|3\n|\n|t:|1698711274\n|switch|p1b: Gholdengo|Gholdengo|100\/100\n|move|p2b: Floatzel|Aqua Jet|p1a: Murkrow\n|-damage|p1a: Murkrow|0 fnt\n|faint|p1a: Murkrow\n|-curestatus|p2a: Pelipper|slp|[msg]\n|move|p2a: Pelipper|Hurricane|p1b: Gholdengo\n|-resisted|p1b: Gholdengo\n|-damage|p1b: Gholdengo|80\/100\n|\n|-weather|RainDance|[upkeep]\n|upkeep\n|\n|t:|1698711303\n|switch|p1a: Amoonguss|Amoonguss, F|55\/100\n|turn|4\n|\n|t:|1698711323\n|move|p2b: Floatzel|Liquidation|p1b: Gholdengo\n|-damage|p1b: Gholdengo|10\/100\n|move|p1b: Gholdengo|Thunderbolt|p2b: Floatzel\n|-supereffective|p2b: Floatzel\n|-damage|p2b: Floatzel|0 fnt\n|faint|p2b: Floatzel\n|move|p1a: Amoonguss|Spore|p2a: Pelipper\n|-status|p2a: Pelipper|slp|[from] move: Spore\n|cant|p2a: Pelipper|slp\n|\n|-weather|RainDance|[upkeep]\n|-heal|p1a: Amoonguss|61\/100|[from] item: Leftovers\n|upkeep\n|\n|t:|1698711342\n|switch|p2b: Basculegion|Basculegion-F, F|100\/100\n|turn|5\n|\n|t:|1698711354\n|move|p1a: Amoonguss|Rage Powder|p1a: Amoonguss\n|-singleturn|p1a: Amoonguss|move: Rage Powder\n|move|p1b: Gholdengo|Thunderbolt|p2a: Pelipper\n|-supereffective|p2a: Pelipper\n|-damage|p2a: Pelipper|0 fnt\n|faint|p2a: Pelipper\n|move|p2b: Basculegion|Liquidation|p1a: Amoonguss\n|-resisted|p1a: Amoonguss\n|-damage|p1a: Amoonguss|29\/100\n|-damage|p2b: Basculegion|91\/100|[from] item: Life Orb\n|\n|-weather|none\n|-heal|p1a: Amoonguss|35\/100|[from] item: Leftovers\n|-sideend|p1: Michelitooutic|move: Tailwind\n|upkeep\n|\n|t:|1698711367\n|switch|p2a: Flutter Mane|Flutter Mane|100\/100\n|-enditem|p2a: Flutter Mane|Booster Energy\n|-activate|p2a: Flutter Mane|ability: Protosynthesis|[fromitem]\n|-start|p2a: Flutter Mane|protosynthesisspa\n|turn|6\n|\n|t:|1698711380\n|move|p2a: Flutter Mane|Dazzling Gleam|p1a: Amoonguss|[spread] p1a,p1b\n|-resisted|p1a: Amoonguss\n|-resisted|p1b: Gholdengo\n|-damage|p1a: Amoonguss|15\/100\n|-damage|p1b: Gholdengo|0 fnt\n|faint|p1b: Gholdengo\n|move|p2b: Basculegion|Psychic Fangs|p1a: Amoonguss\n|-supereffective|p1a: Amoonguss\n|-damage|p1a: Amoonguss|0 fnt\n|faint|p1a: Amoonguss\n|-damage|p2b: Basculegion|81\/100|[from] item: Life Orb\n|\n|upkeep\n|\n|t:|1698711396\n|switch|p1b: Iron Valiant|Iron Valiant, shiny|100\/100\n|switch|p1a: Arcanine|Arcanine, F|100\/100\n|-ability|p1a: Arcanine|Intimidate|boost\n|-unboost|p2a: Flutter Mane|atk|1\n|-unboost|p2b: Basculegion|atk|1\n|turn|7\n|\n|t:|1698711423\n|-terastallize|p1b: Iron Valiant|Electric\n|move|p2a: Flutter Mane|Dazzling Gleam|p1b: Iron Valiant|[spread] p1a,p1b\n|-resisted|p1a: Arcanine\n|-crit|p1a: Arcanine\n|-damage|p1a: Arcanine|70\/100\n|-damage|p1b: Iron Valiant|13\/100\n|move|p1b: Iron Valiant|Thunder Punch|p2b: Basculegion\n|-supereffective|p2b: Basculegion\n|-damage|p2b: Basculegion|0 fnt\n|faint|p2b: Basculegion\n|-damage|p1b: Iron Valiant|3\/100|[from] item: Life Orb\n|move|p1a: Arcanine|Crunch|p2a: Flutter Mane\n|-damage|p2a: Flutter Mane|38\/100\n|\n|upkeep\n|\n|t:|1698711439\n|switch|p2b: Glimmora|Glimmora, M|100\/100\n|turn|8\n|\n|t:|1698711468\n|move|p2b: Glimmora|Spiky Shield|p2b: Glimmora\n|-singleturn|p2b: Glimmora|move: Protect\n|move|p2a: Flutter Mane|Dazzling Gleam|p1b: Iron Valiant|[spread] p1a,p1b\n|-resisted|p1a: Arcanine\n|-damage|p1a: Arcanine|51\/100\n|-damage|p1b: Iron Valiant|0 fnt\n|faint|p1b: Iron Valiant\n|-end|p1b: Iron Valiant|Quark Drive|[silent]\n|move|p1a: Arcanine|Crunch|p2a: Flutter Mane\n|-damage|p2a: Flutter Mane|0 fnt\n|faint|p2a: Flutter Mane\n|-end|p2a: Flutter Mane|Protosynthesis|[silent]\n|\n|upkeep\n|\n|t:|1698711556\n|switch|p2a: Gyarados|Gyarados, M|100\/100\n|switch|p1b: Armarouge|Armarouge, M|100\/100\n|-ability|p2a: Gyarados|Intimidate|boost\n|-unboost|p1a: Arcanine|atk|1\n|-unboost|p1b: Armarouge|atk|1\n|turn|9\n|\n|t:|1698711577\n|move|p1a: Arcanine|Close Combat|p2b: Glimmora\n|-damage|p2b: Glimmora|74\/100\n|-unboost|p1a: Arcanine|def|1\n|-unboost|p1a: Arcanine|spd|1\n|-activate|p2b: Glimmora|ability: Toxic Debris\n|-sidestart|p1: Michelitooutic|move: Toxic Spikes\n|move|p1b: Armarouge|Psychic|p2b: Glimmora\n|-supereffective|p2b: Glimmora\n|-damage|p2b: Glimmora|0 fnt\n|faint|p2b: Glimmora\n|move|p2a: Gyarados|Earthquake|p1b: Armarouge|[spread] p1a,p1b\n|-supereffective|p1a: Arcanine\n|-supereffective|p1b: Armarouge\n|-damage|p1a: Arcanine|0 fnt\n|-damage|p1b: Armarouge|40\/100\n|faint|p1a: Arcanine\n|\n|upkeep\n|turn|10\n|\n|t:|1698711596\n|move|p1b: Armarouge|Psychic|p2a: Gyarados\n|-damage|p2a: Gyarados|47\/100\n|move|p2a: Gyarados|Earthquake|p1b: Armarouge\n|-supereffective|p1b: Armarouge\n|-damage|p1b: Armarouge|0 fnt\n|faint|p1b: Armarouge\n|\n|win|kohdasaurus\n|l|\u2606Michelitooutic\n","uploadtime":1698711605,"views":24,"p1id":"michelitooutic","p2id":"kohdasaurus","formatid":"gen9doublesou","rating":0,"private":0,"password":""}