{"id":"gen9doublesou-1980685452","p1":"C0SuMa","p2":"Miss Toni","format":"[Gen 9] Doubles OU","log":"|j|\u2606C0SuMa\n|j|\u2606Miss Toni\n|t:|1698812762\n|gametype|doubles\n|player|p1|C0SuMa|caitlin|1440\n|player|p2|Miss Toni|lady-gen4|1443\n|teamsize|p1|6\n|teamsize|p2|6\n|gen|9\n|tier|[Gen 9] Doubles OU\n|rated|\n|rule|Species Clause: Limit one of each Pok\u00e9mon\n|rule|OHKO Clause: OHKO moves are banned\n|rule|Evasion Moves Clause: Evasion moves are banned\n|rule|Gravity Sleep Clause: The combination of sleep-inducing moves with imperfect accuracy and Gravity or Gigantamax Orbeetle are banned\n|rule|Endless Battle Clause: Forcing endless battles is banned\n|rule|HP Percentage Mod: HP is shown in percentages\n|clearpoke\n|poke|p1|Ninetales-Alola, F|\n|poke|p1|Flutter Mane|\n|poke|p1|Iron Bundle|\n|poke|p1|Tornadus, M|\n|poke|p1|Iron Hands|\n|poke|p1|Cresselia, F|\n|poke|p2|Iron Jugulis|\n|poke|p2|Brute Bonnet|\n|poke|p2|Ting-Lu|\n|poke|p2|Landorus, M|\n|poke|p2|Tauros-Paldea-Combat, M|\n|poke|p2|Klefki, F|\n|teampreview\n|inactive|Battle timer is ON: inactive players will automatically lose when time's up. (requested by Miss Toni)\n|\n|t:|1698812790\n|start\n|switch|p1a: Iron Bundle|Iron Bundle|100\/100\n|switch|p1b: Iron Hands|Iron Hands|100\/100\n|switch|p2a: Tauros|Tauros-Paldea-Combat, M|100\/100\n|switch|p2b: Klefki|Klefki, F|100\/100\n|-ability|p2a: Tauros|Intimidate|boost\n|-unboost|p1a: Iron Bundle|atk|1\n|-unboost|p1b: Iron Hands|atk|1\n|turn|1\n|\n|t:|1698812816\n|move|p1b: Iron Hands|Fake Out|p2a: Tauros\n|-damage|p2a: Tauros|90\/100\n|move|p2b: Klefki|Thunder Wave|p1a: Iron Bundle|[miss]\n|-miss|p2b: Klefki|p1a: Iron Bundle\n|move|p1a: Iron Bundle|Hydro Pump|p2b: Klefki\n|-damage|p2b: Klefki|58\/100\n|cant|p2a: Tauros|flinch\n|\n|upkeep\n|turn|2\n|\n|t:|1698812831\n|-end|p1b: Iron Hands|Quark Drive|[silent]\n|switch|p1b: Ninetales|Ninetales-Alola, F|100\/100\n|-weather|Snow|[from] ability: Snow Warning|[of] p1b: Ninetales\n|move|p2b: Klefki|Light Screen|p2b: Klefki\n|-sidestart|p2: Miss Toni|move: Light Screen\n|move|p1a: Iron Bundle|Aurora Veil|p1a: Iron Bundle\n|-sidestart|p1: C0SuMa|move: Aurora Veil\n|move|p2a: Tauros|Close Combat|p1a: Iron Bundle\n|-supereffective|p1a: Iron Bundle\n|-damage|p1a: Iron Bundle|40\/100\n|-unboost|p2a: Tauros|def|1\n|-unboost|p2a: Tauros|spd|1\n|\n|-weather|Snow|[upkeep]\n|upkeep\n|turn|3\n|j| Kenpwnchi\n|\n|t:|1698812853\n|switch|p2a: Ting-Lu|Ting-Lu|100\/100\n|-ability|p2a: Ting-Lu|Vessel of Ruin\n|move|p1a: Iron Bundle|Blizzard|p2a: Ting-Lu|[spread] p2a,p2b\n|-supereffective|p2a: Ting-Lu\n|-resisted|p2b: Klefki\n|-damage|p2a: Ting-Lu|65\/100\n|-damage|p2b: Klefki|49\/100\n|-status|p2a: Ting-Lu|frz\n|-enditem|p2a: Ting-Lu|Weakness Policy\n|-boost|p2a: Ting-Lu|atk|2|[from] item: Weakness Policy\n|-boost|p2a: Ting-Lu|spa|2|[from] item: Weakness Policy\n|move|p1b: Ninetales|Blizzard|p2b: Klefki|[spread] p2a,p2b\n|-supereffective|p2a: Ting-Lu\n|-resisted|p2b: Klefki\n|-damage|p2a: Ting-Lu|42\/100 frz\n|-damage|p2b: Klefki|44\/100\n|-status|p2b: Klefki|frz\n|cant|p2b: Klefki|frz\n|\n|-weather|Snow|[upkeep]\n|upkeep\n|turn|4\n|\n|t:|1698812873\n|cant|p2b: Klefki|frz\n|move|p1a: Iron Bundle|Blizzard|p2a: Ting-Lu|[spread] p2a,p2b\n|-supereffective|p2a: Ting-Lu\n|-resisted|p2b: Klefki\n|-damage|p2a: Ting-Lu|8\/100 frz\n|-damage|p2b: Klefki|35\/100 frz\n|move|p1b: Ninetales|Blizzard|p2a: Ting-Lu|[spread] p2a,p2b\n|-supereffective|p2a: Ting-Lu\n|-resisted|p2b: Klefki\n|-damage|p2a: Ting-Lu|0 fnt\n|-damage|p2b: Klefki|29\/100 frz\n|faint|p2a: Ting-Lu\n|\n|-weather|Snow|[upkeep]\n|upkeep\n|\n|t:|1698812884\n|switch|p2a: Iron Jugulis|Iron Jugulis|100\/100\n|-enditem|p2a: Iron Jugulis|Booster Energy\n|-activate|p2a: Iron Jugulis|ability: Quark Drive|[fromitem]\n|-start|p2a: Iron Jugulis|quarkdrivespa\n|turn|5\n|j| dusttrustblueberry\n|-message|Miss Toni forfeited.\n|\n|win|C0SuMa\n|raw|C0SuMa's rating: 1440 &rarr; <strong>1460<\/strong><br \/>(+20 for winning)\n|raw|Miss Toni's rating: 1443 &rarr; <strong>1423<\/strong><br \/>(-20 for losing)\n|l|\u2606Miss Toni\n|c|\u2606C0SuMa|gg\n","uploadtime":1698812897,"views":24,"p1id":"c0suma","p2id":"misstoni","formatid":"gen9doublesou","rating":1423,"private":0,"password":""}