{"id":"gen9doublesou-1996215815","p1":"kimd9hyeon","p2":"FlaringFox64","format":"[Gen 9] Doubles OU","log":"|j|\u2606kimd9hyeon\n|j|\u2606FlaringFox64\n|t:|1700660190\n|gametype|doubles\n|player|p1|kimd9hyeon|169|1129\n|player|p2|FlaringFox64|102|1059\n|teamsize|p1|6\n|teamsize|p2|6\n|gen|9\n|tier|[Gen 9] Doubles OU\n|rated|\n|rule|Species Clause: Limit one of each Pok\u00e9mon\n|rule|OHKO Clause: OHKO moves are banned\n|rule|Evasion Moves Clause: Evasion moves are banned\n|rule|Gravity Sleep Clause: The combination of sleep-inducing moves with imperfect accuracy and Gravity or Gigantamax Orbeetle are banned\n|rule|Endless Battle Clause: Forcing endless battles is banned\n|rule|HP Percentage Mod: HP is shown in percentages\n|clearpoke\n|poke|p1|Ninetales-Alola, F|\n|poke|p1|Baxcalibur, F|\n|poke|p1|Glaceon, M|\n|poke|p1|Rotom-Frost|\n|poke|p1|Avalugg, F|\n|poke|p1|Chien-Pao|\n|poke|p2|Donphan, L1, M|\n|poke|p2|Bellibolt, F|\n|poke|p2|Rabsca, M|\n|poke|p2|Oranguru, F|\n|poke|p2|Maushold-Four|\n|poke|p2|Golem-Alola, M|\n|teampreview\n|c|\u2606kimd9hyeon|Hi\n|\n|t:|1700660228\n|start\n|switch|p1a: Rotom|Rotom-Frost, shiny|100\/100\n|switch|p1b: Baxcalibur|Baxcalibur, F, shiny|100\/100\n|switch|p2a: Bellibolt|Bellibolt, F|100\/100\n|switch|p2b: Oranguru|Oranguru, F|100\/100\n|turn|1\n|c|\u2606kimd9hyeon|Welcome to my ice party\n|\n|t:|1700660253\n|-terastallize|p1b: Baxcalibur|Ground\n|move|p2a: Bellibolt|Protect|p2a: Bellibolt\n|-singleturn|p2a: Bellibolt|Protect\n|move|p1a: Rotom|Trick|p2b: Oranguru\n|-activate|p1a: Rotom|move: Trick|[of] p2b: Oranguru\n|-item|p2b: Oranguru|Choice Scarf|[from] move: Trick\n|-item|p1a: Rotom|Leftovers|[from] move: Trick\n|move|p1b: Baxcalibur|Dragon Dance|p1b: Baxcalibur\n|-boost|p1b: Baxcalibur|atk|1\n|-boost|p1b: Baxcalibur|spe|1\n|move|p2b: Oranguru|Trick Room|p2b: Oranguru\n|-fieldstart|move: Trick Room|[of] p2b: Oranguru\n|\n|upkeep\n|turn|2\n|\n|t:|1700660297\n|switch|p2b: Maushold|Maushold-Four|100\/100\n|move|p1a: Rotom|Helping Hand|p1b: Baxcalibur\n|-singleturn|p1b: Baxcalibur|Helping Hand|[of] p1a: Rotom\n|move|p2a: Bellibolt|Muddy Water|p1b: Baxcalibur|[spread] p1b\n|-miss|p2a: Bellibolt|p1a: Rotom\n|-supereffective|p1b: Baxcalibur\n|-damage|p1b: Baxcalibur|60\/100\n|-enditem|p1b: Baxcalibur|Weakness Policy\n|-boost|p1b: Baxcalibur|atk|2|[from] item: Weakness Policy\n|-boost|p1b: Baxcalibur|spa|2|[from] item: Weakness Policy\n|move|p1b: Baxcalibur|Earthquake|p2b: Maushold|[spread] p2a,p2b\n|-immune|p1a: Rotom|[from] ability: Levitate\n|-supereffective|p2a: Bellibolt\n|-damage|p2a: Bellibolt|0 fnt\n|-damage|p2b: Maushold|0 fnt\n|faint|p2a: Bellibolt\n|faint|p2b: Maushold\n|\n|upkeep\n|\n|t:|1700660316\n|switch|p2a: Donphan|Donphan, L1, M, shiny|100\/100\n|switch|p2b: Golem|Golem-Alola, M|100\/100\n|turn|3\n|\n|t:|1700660328\n|move|p2a: Donphan|Endeavor|p1b: Baxcalibur\n|-damage|p1b: Baxcalibur|4\/100\n|move|p2b: Golem|Explosion|p1b: Baxcalibur|[spread] p2a,p1a,p1b\n|-ability|p2a: Donphan|Sturdy\n|-damage|p2a: Donphan|8\/100\n|-damage|p1a: Rotom|28\/100\n|-damage|p1b: Baxcalibur|0 fnt\n|faint|p2b: Golem\n|faint|p1b: Baxcalibur\n|move|p1a: Rotom|Hex|p2a: Donphan\n|-damage|p2a: Donphan|0 fnt\n|faint|p2a: Donphan\n|\n|-heal|p1a: Rotom|34\/100|[from] item: Leftovers\n|upkeep\n|\n|t:|1700660344\n|switch|p2a: Rabsca|Rabsca, M|100\/100\n|switch|p2b: Oranguru|Oranguru, F|100\/100\n|switch|p1b: Ninetales|Ninetales-Alola, F, shiny|100\/100\n|-weather|Snow|[from] ability: Snow Warning|[of] p1b: Ninetales\n|turn|4\n|\n|t:|1700660357\n|move|p2a: Rabsca|Revival Blessing|p2a: Rabsca\n|\n|t:|1700660361\n|-heal|p2: Bellibolt|50\/100|[from] move: Revival Blessing\n|move|p2b: Oranguru|Instruct||[still]\n|-fail|p2b: Oranguru\n|move|p1a: Rotom|Will-O-Wisp|p2a: Rabsca\n|-status|p2a: Rabsca|brn\n|move|p1b: Ninetales|Aurora Veil|p1b: Ninetales\n|-sidestart|p1: kimd9hyeon|move: Aurora Veil\n|\n|-weather|Snow|[upkeep]\n|-heal|p1a: Rotom|40\/100|[from] item: Leftovers\n|-damage|p2a: Rabsca|94\/100 brn|[from] brn\n|upkeep\n|turn|5\n|\n|t:|1700660397\n|move|p2a: Rabsca|Dazzling Gleam|p1b: Ninetales|[spread] p1a,p1b\n|-damage|p1a: Rotom|28\/100\n|-damage|p1b: Ninetales|90\/100\n|move|p2b: Oranguru|Instruct|p2a: Rabsca\n|-singleturn|p2a: Rabsca|move: Instruct|[of] p2b: Oranguru\n|move|p2a: Rabsca|Dazzling Gleam|p1b: Ninetales|[spread] p1a,p1b\n|-damage|p1a: Rotom|17\/100\n|-damage|p1b: Ninetales|79\/100\n|move|p1a: Rotom|Hex|p2a: Rabsca\n|-supereffective|p2a: Rabsca\n|-damage|p2a: Rabsca|42\/100 brn\n|move|p1b: Ninetales|Roar|p2b: Oranguru\n|drag|p2b: Bellibolt|Bellibolt, F|50\/100\n|\n|-weather|Snow|[upkeep]\n|-heal|p2b: Bellibolt|57\/100|[from] item: Leftovers\n|-heal|p1a: Rotom|23\/100|[from] item: Leftovers\n|-damage|p2a: Rabsca|36\/100 brn|[from] brn\n|-fieldend|move: Trick Room\n|upkeep\n|turn|6\n|\n|t:|1700660435\n|-terastallize|p2b: Bellibolt|Electric\n|move|p1b: Ninetales|Freeze-Dry|p2b: Bellibolt\n|-damage|p2b: Bellibolt|37\/100\n|-start|p2b: Bellibolt|Charge|Freeze-Dry|[from] ability: Electromorphosis\n|move|p1a: Rotom|Will-O-Wisp|p2b: Bellibolt\n|-status|p2b: Bellibolt|brn\n|move|p2b: Bellibolt|Parabolic Charge|p1a: Rotom|[spread] p1a,p1b\n|-activate|p2a: Rabsca|ability: Telepathy\n|-resisted|p1a: Rotom\n|-damage|p1a: Rotom|0 fnt\n|-heal|p2b: Bellibolt|45\/100 brn|[from] drain|[of] p1a: Rotom\n|-damage|p1b: Ninetales|38\/100\n|-heal|p2b: Bellibolt|60\/100 brn|[from] drain|[of] p1b: Ninetales\n|faint|p1a: Rotom\n|-end|p2b: Bellibolt|Charge|[silent]\n|move|p2a: Rabsca|Recover|p2a: Rabsca\n|-heal|p2a: Rabsca|86\/100 brn\n|\n|-weather|Snow|[upkeep]\n|-heal|p2b: Bellibolt|67\/100 brn|[from] item: Leftovers\n|-damage|p2b: Bellibolt|60\/100 brn|[from] brn\n|-damage|p2a: Rabsca|80\/100 brn|[from] brn\n|upkeep\n|\n|t:|1700660458\n|switch|p1a: Glaceon|Glaceon, M, shiny|100\/100\n|turn|7\n|\n|t:|1700660469\n|switch|p2a: Oranguru|Oranguru, F|100\/100\n|move|p1b: Ninetales|Helping Hand|p1a: Glaceon\n|-singleturn|p1a: Glaceon|Helping Hand|[of] p1b: Ninetales\n|move|p2b: Bellibolt|Protect|p2b: Bellibolt\n|-singleturn|p2b: Bellibolt|Protect\n|move|p1a: Glaceon|Blizzard|p2a: Oranguru|[spread] p2a\n|-activate|p2b: Bellibolt|move: Protect\n|-damage|p2a: Oranguru|69\/100\n|\n|-weather|Snow|[upkeep]\n|-heal|p2b: Bellibolt|67\/100 brn|[from] item: Leftovers\n|-damage|p2b: Bellibolt|60\/100 brn|[from] brn\n|upkeep\n|turn|8\n|\n|t:|1700660495\n|switch|p1b: Chien-Pao|Chien-Pao|100\/100\n|-ability|p1b: Chien-Pao|Sword of Ruin\n|move|p2b: Bellibolt|Parabolic Charge|p1b: Chien-Pao|[spread] p1a,p1b\n|-activate|p2a: Oranguru|ability: Telepathy\n|-damage|p1a: Glaceon|86\/100\n|-heal|p2b: Bellibolt|66\/100 brn|[from] drain|[of] p1a: Glaceon\n|-damage|p1b: Chien-Pao|66\/100\n|-heal|p2b: Bellibolt|78\/100 brn|[from] drain|[of] p1b: Chien-Pao\n|move|p1a: Glaceon|Mirror Coat|p2b: Bellibolt\n|-damage|p2b: Bellibolt|57\/100 brn\n|-start|p2b: Bellibolt|Charge|Mirror Coat|[from] ability: Electromorphosis\n|move|p2a: Oranguru|Trick Room|p2a: Oranguru\n|-fieldstart|move: Trick Room|[of] p2a: Oranguru\n|\n|-weather|Snow|[upkeep]\n|-heal|p1a: Glaceon|92\/100|[from] ability: Ice Body\n|-heal|p2b: Bellibolt|63\/100 brn|[from] item: Leftovers\n|-damage|p2b: Bellibolt|57\/100 brn|[from] brn\n|-sideend|p1: kimd9hyeon|move: Aurora Veil\n|upkeep\n|turn|9\n|\n|t:|1700660546\n|switch|p2a: Rabsca|Rabsca, M|80\/100 brn\n|move|p2b: Bellibolt|Parabolic Charge|p1b: Chien-Pao|[spread] p1a,p1b\n|-activate|p2a: Rabsca|ability: Telepathy\n|-damage|p1a: Glaceon|41\/100\n|-heal|p2b: Bellibolt|76\/100 brn|[from] drain|[of] p1a: Glaceon\n|-damage|p1b: Chien-Pao|0 fnt\n|-heal|p2b: Bellibolt|99\/100 brn|[from] drain|[of] p1b: Chien-Pao\n|faint|p1b: Chien-Pao\n|-end|p2b: Bellibolt|Charge|[silent]\n|move|p1a: Glaceon|Shadow Ball|p2b: Bellibolt\n|-damage|p2b: Bellibolt|76\/100 brn\n|-start|p2b: Bellibolt|Charge|Shadow Ball|[from] ability: Electromorphosis\n|\n|-weather|Snow|[upkeep]\n|-heal|p1a: Glaceon|47\/100|[from] ability: Ice Body\n|-heal|p2b: Bellibolt|82\/100 brn|[from] item: Leftovers\n|-damage|p2a: Rabsca|74\/100 brn|[from] brn\n|-damage|p2b: Bellibolt|76\/100 brn|[from] brn\n|upkeep\n|\n|t:|1700660576\n|switch|p1b: Avalugg|Avalugg, F, shiny|100\/100\n|turn|10\n|\n|t:|1700660587\n|switch|p2a: Oranguru|Oranguru, F|69\/100\n|move|p1b: Avalugg|Iron Defense|p1b: Avalugg\n|-boost|p1b: Avalugg|def|2\n|move|p2b: Bellibolt|Parabolic Charge|p1b: Avalugg|[spread] p1a,p1b\n|-activate|p2a: Oranguru|ability: Telepathy\n|-damage|p1a: Glaceon|0 fnt\n|-heal|p2b: Bellibolt|94\/100 brn|[from] drain|[of] p1a: Glaceon\n|-ability|p1b: Avalugg|Sturdy\n|-damage|p1b: Avalugg|1\/100\n|-heal|p2b: Bellibolt|100\/100 brn|[from] drain|[of] p1b: Avalugg\n|faint|p1a: Glaceon\n|-end|p2b: Bellibolt|Charge|[silent]\n|\n|-weather|Snow|[upkeep]\n|-heal|p1b: Avalugg|7\/100|[from] item: Leftovers\n|-damage|p2b: Bellibolt|94\/100 brn|[from] brn\n|upkeep\n|\n|t:|1700660604\n|switch|p1a: Ninetales|Ninetales-Alola, F, shiny|38\/100\n|turn|11\n|\n|t:|1700660622\n|move|p1a: Ninetales|Helping Hand|p1b: Avalugg\n|-singleturn|p1b: Avalugg|Helping Hand|[of] p1a: Ninetales\n|move|p1b: Avalugg|Body Press|p2b: Bellibolt\n|-damage|p2b: Bellibolt|0 fnt\n|faint|p2b: Bellibolt\n|move|p2a: Oranguru|Instruct|p2: Bellibolt|[notarget]\n|-fail|p2a: Oranguru\n|\n|-weather|none\n|-heal|p1b: Avalugg|13\/100|[from] item: Leftovers\n|upkeep\n|\n|t:|1700660634\n|switch|p2b: Rabsca|Rabsca, M|74\/100 brn\n|turn|12\n|inactive|Battle timer is ON: inactive players will automatically lose when time's up. (requested by FlaringFox64)\n|\n|t:|1700660690\n|move|p1b: Avalugg|Recover|p1b: Avalugg\n|-heal|p1b: Avalugg|63\/100\n|move|p2b: Rabsca|Dazzling Gleam|p1b: Avalugg|[spread] p1a,p1b\n|-damage|p1a: Ninetales|22\/100\n|-damage|p1b: Avalugg|37\/100\n|move|p2a: Oranguru|Instruct|p2b: Rabsca\n|-singleturn|p2b: Rabsca|move: Instruct|[of] p2a: Oranguru\n|move|p2b: Rabsca|Dazzling Gleam|p1b: Avalugg|[spread] p1a,p1b\n|-damage|p1a: Ninetales|7\/100\n|-damage|p1b: Avalugg|13\/100\n|move|p1a: Ninetales|Freeze-Dry|p2b: Rabsca\n|-damage|p2b: Rabsca|60\/100 brn\n|\n|-heal|p1b: Avalugg|19\/100|[from] item: Leftovers\n|-damage|p2b: Rabsca|54\/100 brn|[from] brn\n|-fieldend|move: Trick Room\n|upkeep\n|turn|13\n|inactive|FlaringFox64 has 120 seconds left.\n|\n|t:|1700660730\n|move|p1a: Ninetales|Aurora Veil||[still]\n|-fail|p1a: Ninetales\n|move|p2a: Oranguru|Instruct|p2b: Rabsca\n|-singleturn|p2b: Rabsca|move: Instruct|[of] p2a: Oranguru\n|move|p2b: Rabsca|Dazzling Gleam|p1b: Avalugg|[spread] p1a,p1b\n|-damage|p1a: Ninetales|0 fnt\n|-damage|p1b: Avalugg|0 fnt\n|faint|p1a: Ninetales\n|faint|p1b: Avalugg\n|\n|win|FlaringFox64\n|raw|kimd9hyeon's rating: 1129 &rarr; <strong>1099<\/strong><br \/>(-30 for losing)\n|raw|FlaringFox64's rating: 1059 &rarr; <strong>1096<\/strong><br \/>(+37 for winning)\n|l|\u2606kimd9hyeon\n","uploadtime":1700660830,"views":18,"p1id":"kimd9hyeon","p2id":"flaringfox64","formatid":"gen9doublesou","rating":1096,"private":0,"password":""}