{"id":"gen9doublesou-1989726536","p1":"viscusman","p2":"kapkoelie","format":"[Gen 9] Doubles OU","log":"|j|\u2606viscusman\n|j|\u2606kapkoelie\n|t:|1699890486\n|gametype|doubles\n|player|p1|viscusman|hilbert-wonderlauncher|1064\n|player|p2|kapkoelie|265|1081\n|teamsize|p1|6\n|teamsize|p2|6\n|gen|9\n|tier|[Gen 9] Doubles OU\n|rated|\n|rule|Species Clause: Limit one of each Pok\u00e9mon\n|rule|OHKO Clause: OHKO moves are banned\n|rule|Evasion Moves Clause: Evasion moves are banned\n|rule|Gravity Sleep Clause: The combination of sleep-inducing moves with imperfect accuracy and Gravity or Gigantamax Orbeetle are banned\n|rule|Endless Battle Clause: Forcing endless battles is banned\n|rule|HP Percentage Mod: HP is shown in percentages\n|clearpoke\n|poke|p1|Glimmora, F|\n|poke|p1|Tyranitar, F|\n|poke|p1|Landorus, M|\n|poke|p1|Palossand, F|\n|poke|p1|Clefairy, F|\n|poke|p1|Rabsca, M|\n|poke|p2|Palafin, F|\n|poke|p2|Chandelure, M|\n|poke|p2|Meowscarada, F|\n|poke|p2|Iron Hands|\n|poke|p2|Dragonite, M|\n|poke|p2|Pelipper, F|\n|teampreview\n|inactive|Battle timer is ON: inactive players will automatically lose when time's up. (requested by kapkoelie)\n|inactive|viscusman also wants the timer to be on.\n|\n|t:|1699890498\n|start\n|switch|p1a: Glimmora|Glimmora, F, shiny|100\/100\n|switch|p1b: Tyranitar|Tyranitar, F, shiny|100\/100\n|switch|p2a: Palafin|Palafin, F, shiny|100\/100\n|switch|p2b: Pelipper|Pelipper, F, shiny|100\/100\n|-weather|RainDance|[from] ability: Drizzle|[of] p2b: Pelipper\n|-weather|Sandstorm|[from] ability: Sand Stream|[of] p1b: Tyranitar\n|turn|1\n|\n|t:|1699890517\n|detailschange|p2a: Palafin|Palafin-Hero, F, shiny\n|switch|p2a: Chandelure|Chandelure, M, shiny|100\/100\n|move|p2b: Pelipper|Tailwind|p2b: Pelipper\n|-sidestart|p2: kapkoelie|move: Tailwind\n|move|p1a: Glimmora|Stealth Rock|p2a: Chandelure\n|-sidestart|p2: kapkoelie|move: Stealth Rock\n|move|p1b: Tyranitar|Icy Wind|p2a: Chandelure|[spread] p2a,p2b\n|-resisted|p2a: Chandelure\n|-damage|p2a: Chandelure|94\/100\n|-damage|p2b: Pelipper|86\/100\n|-unboost|p2a: Chandelure|spe|1\n|-unboost|p2b: Pelipper|spe|1\n|\n|-weather|Sandstorm|[upkeep]\n|-damage|p2a: Chandelure|88\/100|[from] Sandstorm\n|-damage|p2b: Pelipper|80\/100|[from] Sandstorm\n|upkeep\n|turn|2\n|\n|t:|1699890538\n|move|p2a: Chandelure|Will-O-Wisp|p1b: Tyranitar\n|-status|p1b: Tyranitar|brn\n|move|p2b: Pelipper|Hydro Pump|p1a: Glimmora|[miss]\n|-miss|p2b: Pelipper|p1a: Glimmora\n|move|p1a: Glimmora|Spikes|p2b: Pelipper\n|-sidestart|p2: kapkoelie|Spikes\n|move|p1b: Tyranitar|Icy Wind|p2b: Pelipper|[spread] p2a,p2b\n|-resisted|p2a: Chandelure\n|-damage|p2a: Chandelure|80\/100\n|-damage|p2b: Pelipper|65\/100\n|-unboost|p2a: Chandelure|spe|1\n|-unboost|p2b: Pelipper|spe|1\n|\n|-weather|Sandstorm|[upkeep]\n|-damage|p2a: Chandelure|74\/100|[from] Sandstorm\n|-damage|p2b: Pelipper|59\/100|[from] Sandstorm\n|-damage|p1b: Tyranitar|94\/100 brn|[from] brn\n|upkeep\n|turn|3\n|\n|t:|1699890561\n|move|p2a: Chandelure|Hex|p1b: Tyranitar\n|-resisted|p1b: Tyranitar\n|-damage|p1b: Tyranitar|77\/100 brn\n|move|p2b: Pelipper|Hydro Pump|p1a: Glimmora\n|-supereffective|p1a: Glimmora\n|-damage|p1a: Glimmora|50\/100\n|move|p1a: Glimmora|Spikes|p2a: Chandelure\n|-sidestart|p2: kapkoelie|Spikes\n|move|p1b: Tyranitar|Snarl|p2a: Chandelure|[spread] p2a\n|-miss|p1b: Tyranitar|p2b: Pelipper\n|-supereffective|p2a: Chandelure\n|-damage|p2a: Chandelure|34\/100\n|-unboost|p2a: Chandelure|spa|1\n|\n|-weather|Sandstorm|[upkeep]\n|-damage|p2a: Chandelure|27\/100|[from] Sandstorm\n|-damage|p2b: Pelipper|53\/100|[from] Sandstorm\n|-damage|p1b: Tyranitar|71\/100 brn|[from] brn\n|upkeep\n|turn|4\n|\n|t:|1699890584\n|move|p2a: Chandelure|Shadow Ball|p1a: Glimmora\n|-damage|p1a: Glimmora|28\/100\n|move|p2b: Pelipper|Hydro Pump|p1b: Tyranitar\n|-supereffective|p1b: Tyranitar\n|-damage|p1b: Tyranitar|37\/100 brn\n|move|p1a: Glimmora|Spikes|p2b: Pelipper\n|-sidestart|p2: kapkoelie|Spikes\n|move|p1b: Tyranitar|Icy Wind|p2b: Pelipper|[spread] p2a,p2b\n|-resisted|p2a: Chandelure\n|-damage|p2a: Chandelure|20\/100\n|-damage|p2b: Pelipper|38\/100\n|-unboost|p2a: Chandelure|spe|1\n|-unboost|p2b: Pelipper|spe|1\n|\n|-weather|Sandstorm|[upkeep]\n|-damage|p2a: Chandelure|14\/100|[from] Sandstorm\n|-damage|p2b: Pelipper|31\/100|[from] Sandstorm\n|-damage|p1b: Tyranitar|30\/100 brn|[from] brn\n|-sideend|p2: kapkoelie|move: Tailwind\n|upkeep\n|turn|5\n|\n|t:|1699890608\n|move|p1a: Glimmora|Sandstorm||[still]\n|-fail|p1a: Glimmora\n|move|p1b: Tyranitar|Snarl|p2a: Chandelure|[spread] p2a,p2b\n|-supereffective|p2a: Chandelure\n|-damage|p2a: Chandelure|0 fnt\n|-damage|p2b: Pelipper|10\/100\n|-unboost|p2b: Pelipper|spa|1\n|faint|p2a: Chandelure\n|move|p2b: Pelipper|Hydro Pump|p1a: Glimmora\n|-supereffective|p1a: Glimmora\n|-crit|p1a: Glimmora\n|-damage|p1a: Glimmora|0 fnt\n|faint|p1a: Glimmora\n|\n|-weather|none\n|-damage|p1b: Tyranitar|24\/100 brn|[from] brn\n|upkeep\n|\n|t:|1699890625\n|switch|p2a: Iron Hands|Iron Hands, shiny|100\/100\n|switch|p1a: Rabsca|Rabsca, M, shiny|100\/100\n|-damage|p2a: Iron Hands|94\/100|[from] Stealth Rock\n|-damage|p2a: Iron Hands|69\/100|[from] Spikes\n|-enditem|p2a: Iron Hands|Booster Energy\n|-activate|p2a: Iron Hands|ability: Quark Drive|[fromitem]\n|-start|p2a: Iron Hands|quarkdriveatk\n|turn|6\n|\n|t:|1699890638\n|move|p2a: Iron Hands|Fake Out|p1a: Rabsca\n|-damage|p1a: Rabsca|80\/100\n|move|p1b: Tyranitar|Icy Wind|p2a: Iron Hands|[spread] p2a,p2b\n|-damage|p2a: Iron Hands|56\/100\n|-damage|p2b: Pelipper|0 fnt\n|-unboost|p2a: Iron Hands|spe|1\n|faint|p2b: Pelipper\n|cant|p1a: Rabsca|flinch\n|\n|-damage|p1b: Tyranitar|18\/100 brn|[from] brn\n|upkeep\n|\n|t:|1699890656\n|switch|p2b: Dragonite|Dragonite, M, shiny|100\/100\n|-damage|p2b: Dragonite|76\/100|[from] Stealth Rock\n|turn|7\n|\n|t:|1699890679\n|-terastallize|p2b: Dragonite|Normal\n|move|p2b: Dragonite|Extreme Speed|p1a: Rabsca\n|-crit|p1a: Rabsca\n|-damage|p1a: Rabsca|0 fnt\n|faint|p1a: Rabsca\n|move|p1b: Tyranitar|Icy Wind|p2a: Iron Hands|[spread] p2a,p2b\n|-damage|p2a: Iron Hands|44\/100\n|-damage|p2b: Dragonite|65\/100\n|-unboost|p2a: Iron Hands|spe|1\n|-unboost|p2b: Dragonite|spe|1\n|move|p2a: Iron Hands|Body Press|p1b: Tyranitar\n|-supereffective|p1b: Tyranitar\n|-damage|p1b: Tyranitar|0 fnt\n|faint|p1b: Tyranitar\n|\n|upkeep\n|\n|t:|1699890693\n|switch|p1b: Clefairy|Clefairy, F, shiny|100\/100\n|switch|p1a: Landorus|Landorus, M, shiny|100\/100\n|turn|8\n|\n|t:|1699890708\n|move|p2b: Dragonite|Extreme Speed|p1b: Clefairy\n|-damage|p1b: Clefairy|38\/100\n|move|p1b: Clefairy|Follow Me|p1b: Clefairy\n|-singleturn|p1b: Clefairy|move: Follow Me\n|move|p1a: Landorus|Swords Dance|p1a: Landorus\n|-boost|p1a: Landorus|atk|2\n|move|p2a: Iron Hands|Wild Charge|p1b: Clefairy\n|-damage|p1b: Clefairy|0 fnt\n|faint|p1b: Clefairy\n|-damage|p2a: Iron Hands|37\/100|[from] Recoil\n|\n|upkeep\n|\n|t:|1699890715\n|switch|p1b: Palossand|Palossand, F, shiny|100\/100\n|turn|9\n|\n|t:|1699890734\n|move|p2b: Dragonite|Extreme Speed|p1a: Landorus\n|-damage|p1a: Landorus|37\/100\n|move|p1a: Landorus|Brick Break|p2b: Dragonite\n|-supereffective|p2b: Dragonite\n|-damage|p2b: Dragonite|0 fnt\n|faint|p2b: Dragonite\n|move|p2a: Iron Hands|Play Rough|p1a: Landorus\n|-damage|p1a: Landorus|0 fnt\n|faint|p1a: Landorus\n|move|p1b: Palossand|Earth Power|p2a: Iron Hands\n|-supereffective|p2a: Iron Hands\n|-damage|p2a: Iron Hands|0 fnt\n|faint|p2a: Iron Hands\n|-end|p2a: Iron Hands|Quark Drive|[silent]\n|\n|upkeep\n|inactive|kapkoelie has 120 seconds left.\n|\n|t:|1699890761\n|switch|p2b: Meowscarada|Meowscarada, F, shiny|100\/100\n|switch|p2a: Palafin|Palafin-Hero, F, shiny|100\/100\n|-damage|p2b: Meowscarada|88\/100|[from] Stealth Rock\n|-damage|p2b: Meowscarada|63\/100|[from] Spikes\n|-damage|p2a: Palafin|88\/100|[from] Stealth Rock\n|-damage|p2a: Palafin|63\/100|[from] Spikes\n|-activate|p2a: Palafin|ability: Zero to Hero\n|turn|10\n|\n|t:|1699890775\n|-terastallize|p1b: Palossand|Grass\n|move|p2b: Meowscarada|Flower Trick|p1b: Palossand\n|-start|p2b: Meowscarada|typechange|Grass|[from] ability: Protean\n|-resisted|p1b: Palossand\n|-crit|p1b: Palossand\n|-damage|p1b: Palossand|82\/100\n|move|p2a: Palafin|Ice Punch|p1b: Palossand\n|-supereffective|p1b: Palossand\n|-damage|p1b: Palossand|25\/100\n|move|p1b: Palossand|Giga Drain|p2a: Palafin\n|-supereffective|p2a: Palafin\n|-damage|p2a: Palafin|0 fnt\n|-heal|p1b: Palossand|59\/100|[from] drain|[of] p2a: Palafin\n|faint|p2a: Palafin\n|\n|upkeep\n|turn|11\n|inactive|kapkoelie has 120 seconds left.\n|\n|t:|1699890806\n|move|p2b: Meowscarada|Pollen Puff|p1b: Palossand\n|-supereffective|p1b: Palossand\n|-damage|p1b: Palossand|22\/100\n|move|p1b: Palossand|Shore Up|p1b: Palossand\n|-heal|p1b: Palossand|72\/100\n|\n|upkeep\n|turn|12\n|inactive|kapkoelie has 120 seconds left.\n|\n|t:|1699890845\n|move|p2b: Meowscarada|Pollen Puff|p1b: Palossand\n|-supereffective|p1b: Palossand\n|-damage|p1b: Palossand|36\/100\n|move|p1b: Palossand|Shore Up|p1b: Palossand\n|-heal|p1b: Palossand|86\/100\n|\n|upkeep\n|turn|13\n|inactive|kapkoelie has 120 seconds left.\n|\n|t:|1699890873\n|move|p2b: Meowscarada|Pollen Puff|p1b: Palossand\n|-supereffective|p1b: Palossand\n|-damage|p1b: Palossand|47\/100\n|move|p1b: Palossand|Shadow Ball|p2b: Meowscarada\n|-damage|p2b: Meowscarada|6\/100\n|-unboost|p2b: Meowscarada|spd|1\n|\n|upkeep\n|turn|14\n|\n|t:|1699890884\n|move|p2b: Meowscarada|Pollen Puff|p1b: Palossand\n|-supereffective|p1b: Palossand\n|-damage|p1b: Palossand|13\/100\n|move|p1b: Palossand|Shadow Ball|p2b: Meowscarada\n|-damage|p2b: Meowscarada|0 fnt\n|faint|p2b: Meowscarada\n|\n|win|viscusman\n|raw|viscusman's rating: 1064 &rarr; <strong>1096<\/strong><br \/>(+32 for winning)\n|raw|kapkoelie's rating: 1081 &rarr; <strong>1058<\/strong><br \/>(-23 for losing)\n","uploadtime":1699890892,"views":11,"p1id":"viscusman","p2id":"kapkoelie","formatid":"gen9doublesou","rating":1058,"private":0,"password":""}