{"id":"gen9doublesou-1981300234","p1":"Artistic_Asian","p2":"McCraleb","format":"[Gen 9] Doubles OU","log":"|j|\u2606Artistic_Asian\n|j|\u2606McCraleb\n|t:|1698881260\n|gametype|doubles\n|player|p1|Artistic_Asian|pokemonranger|1079\n|player|p2|McCraleb|koga|1121\n|teamsize|p1|6\n|teamsize|p2|6\n|gen|9\n|tier|[Gen 9] Doubles OU\n|rated|\n|rule|Species Clause: Limit one of each Pok\u00e9mon\n|rule|OHKO Clause: OHKO moves are banned\n|rule|Evasion Moves Clause: Evasion moves are banned\n|rule|Gravity Sleep Clause: The combination of sleep-inducing moves with imperfect accuracy and Gravity or Gigantamax Orbeetle are banned\n|rule|Endless Battle Clause: Forcing endless battles is banned\n|rule|HP Percentage Mod: HP is shown in percentages\n|clearpoke\n|poke|p1|Flutter Mane|\n|poke|p1|Ogerpon-Hearthflame, F|\n|poke|p1|Goodra-Hisui, M|\n|poke|p1|Glimmora, M|\n|poke|p1|Gliscor, M|\n|poke|p1|Iron Hands|\n|poke|p2|Tornadus, M|\n|poke|p2|Cresselia, F|\n|poke|p2|Dusknoir, F|\n|poke|p2|Clefairy, M|\n|poke|p2|Oricorio-Pom-Pom, F|\n|poke|p2|Stantler, M|\n|teampreview\n|\n|t:|1698881270\n|start\n|switch|p1a: Ogerpon|Ogerpon-Hearthflame, F|100\/100\n|switch|p1b: Glimmora|Glimmora, M|100\/100\n|switch|p2a: Tornadus|Tornadus, M, shiny|100\/100\n|switch|p2b: Cresselia|Cresselia, F, shiny|100\/100\n|-ability|p1a: Ogerpon|Mold Breaker\n|turn|1\n|\n|t:|1698881312\n|move|p2a: Tornadus|Bleakwind Storm|p1a: Ogerpon|[spread] p1a,p1b\n|-supereffective|p1a: Ogerpon\n|-resisted|p1b: Glimmora\n|-damage|p1a: Ogerpon|40\/100\n|-damage|p1b: Glimmora|80\/100\n|move|p1a: Ogerpon|Swords Dance|p1a: Ogerpon\n|-boost|p1a: Ogerpon|atk|2\n|move|p1b: Glimmora|Mortal Spin|p2a: Tornadus|[spread] p2a,p2b\n|-damage|p2a: Tornadus|95\/100\n|-damage|p2b: Cresselia|98\/100\n|-status|p2a: Tornadus|psn\n|-status|p2b: Cresselia|psn\n|move|p2b: Cresselia|Lunar Blessing|p2b: Cresselia|[spread] p2a,p2b\n|-heal|p2a: Tornadus|100\/100 psn\n|-curestatus|p2a: Tornadus|psn|[msg]\n|-heal|p2b: Cresselia|100\/100 psn\n|-curestatus|p2b: Cresselia|psn|[msg]\n|\n|upkeep\n|turn|2\n|\n|t:|1698881342\n|move|p1a: Ogerpon|Spiky Shield|p1a: Ogerpon\n|-singleturn|p1a: Ogerpon|move: Protect\n|move|p2a: Tornadus|Bleakwind Storm|p1a: Ogerpon|[spread] p1b\n|-activate|p1a: Ogerpon|move: Protect\n|-resisted|p1b: Glimmora\n|-damage|p1b: Glimmora|58\/100\n|move|p1b: Glimmora|Power Gem|p2a: Tornadus\n|-supereffective|p2a: Tornadus\n|-damage|p2a: Tornadus|9\/100\n|-enditem|p2a: Tornadus|Liechi Berry|[eat]\n|-boost|p2a: Tornadus|atk|1|[from] item: Liechi Berry\n|move|p2b: Cresselia|Skill Swap|p1b: Glimmora\n|-activate|p2b: Cresselia|move: Skill Swap|Toxic Debris|Levitate|[of] p1b: Glimmora\n|\n|upkeep\n|turn|3\n|\n|t:|1698881393\n|-terastallize|p1a: Ogerpon|Fire\n|detailschange|p1a: Ogerpon|Ogerpon-Hearthflame-Tera, F, tera:Fire\n|-ability|p1a: Ogerpon|Embody Aspect (Hearthflame)|boost\n|-boost|p1a: Ogerpon|atk|1\n|move|p1a: Ogerpon|Spiky Shield||[still]\n|-fail|p1a: Ogerpon\n|move|p2a: Tornadus|Bleakwind Storm|p1a: Ogerpon|[spread] p1a\n|-miss|p2a: Tornadus|p1b: Glimmora\n|-damage|p1a: Ogerpon|6\/100\n|-unboost|p1a: Ogerpon|spe|1\n|move|p1b: Glimmora|Power Gem|p2a: Tornadus\n|-supereffective|p2a: Tornadus\n|-damage|p2a: Tornadus|0 fnt\n|faint|p2a: Tornadus\n|move|p2b: Cresselia|Lunar Blessing||[still]\n|-fail|p2b: Cresselia\n|\n|upkeep\n|\n|t:|1698881417\n|switch|p2a: Oricorio|Oricorio-Pom-Pom, F|100\/100\n|turn|4\n|\n|t:|1698881448\n|move|p2a: Oricorio|Protect|p2a: Oricorio\n|-singleturn|p2a: Oricorio|Protect\n|move|p1b: Glimmora|Power Gem|p2a: Oricorio\n|-activate|p2a: Oricorio|move: Protect\n|move|p2b: Cresselia|Moonblast|p1a: Ogerpon\n|-resisted|p1a: Ogerpon\n|-damage|p1a: Ogerpon|0 fnt\n|faint|p1a: Ogerpon\n|\n|upkeep\n|\n|t:|1698881475\n|switch|p1a: Flutter Mane|Flutter Mane|100\/100\n|-enditem|p1a: Flutter Mane|Booster Energy\n|-activate|p1a: Flutter Mane|ability: Protosynthesis|[fromitem]\n|-start|p1a: Flutter Mane|protosynthesisspe\n|turn|5\n|\n|t:|1698881487\n|-terastallize|p2a: Oricorio|Electric\n|move|p1a: Flutter Mane|Shadow Ball|p2b: Cresselia\n|-supereffective|p2b: Cresselia\n|-damage|p2b: Cresselia|56\/100\n|move|p2a: Oricorio|Quiver Dance|p2a: Oricorio\n|-boost|p2a: Oricorio|spa|1\n|-boost|p2a: Oricorio|spd|1\n|-boost|p2a: Oricorio|spe|1\n|move|p1b: Glimmora|Stealth Rock|p2b: Cresselia\n|-sidestart|p2: McCraleb|move: Stealth Rock\n|move|p2b: Cresselia|Skill Swap|p2a: Oricorio\n|-activate|p2b: Cresselia|move: Skill Swap|||[of] p2a: Oricorio\n|\n|upkeep\n|turn|6\n|inactive|Battle timer is ON: inactive players will automatically lose when time's up. (requested by McCraleb)\n|\n|t:|1698881624\n|move|p1a: Flutter Mane|Shadow Ball|p2b: Cresselia\n|-supereffective|p2b: Cresselia\n|-damage|p2b: Cresselia|11\/100\n|-enditem|p2b: Cresselia|Apicot Berry|[eat]\n|-boost|p2b: Cresselia|spd|1|[from] item: Apicot Berry\n|move|p2a: Oricorio|Quiver Dance|p2a: Oricorio\n|-boost|p2a: Oricorio|spa|1\n|-boost|p2a: Oricorio|spd|1\n|-boost|p2a: Oricorio|spe|1\n|-activate|p2b: Cresselia|ability: Dancer\n|move|p2b: Cresselia|Quiver Dance|p2b: Cresselia|[from]ability: Dancer\n|-boost|p2b: Cresselia|spa|1\n|-boost|p2b: Cresselia|spd|1\n|-boost|p2b: Cresselia|spe|1\n|move|p2b: Cresselia|Lunar Blessing|p2b: Cresselia|[spread] p2a,p2b\n|-heal|p2b: Cresselia|36\/100\n|move|p1b: Glimmora|Earth Power|p2a: Oricorio\n|-supereffective|p2a: Oricorio\n|-damage|p2a: Oricorio|50\/100\n|\n|upkeep\n|turn|7\n|\n|t:|1698881651\n|move|p2a: Oricorio|Revelation Dance|p1b: Glimmora\n|-damage|p1b: Glimmora|0 fnt\n|faint|p1b: Glimmora\n|-activate|p2b: Cresselia|ability: Dancer\n|move|p2b: Cresselia|Revelation Dance|p1a: Flutter Mane|[from]ability: Dancer\n|-damage|p1a: Flutter Mane|69\/100\n|move|p1a: Flutter Mane|Shadow Ball|p2b: Cresselia\n|-supereffective|p2b: Cresselia\n|-damage|p2b: Cresselia|11\/100\n|move|p2b: Cresselia|Moonblast|p1a: Flutter Mane\n|-damage|p1a: Flutter Mane|48\/100\n|-unboost|p1a: Flutter Mane|spa|1\n|\n|upkeep\n|inactive|Artistic_Asian has 120 seconds left.\n|\n|t:|1698881667\n|switch|p1b: Goodra|Goodra-Hisui, M|100\/100\n|turn|8\n|\n|t:|1698881691\n|move|p1a: Flutter Mane|Protect|p1a: Flutter Mane\n|-singleturn|p1a: Flutter Mane|Protect\n|move|p2a: Oricorio|Revelation Dance|p1a: Flutter Mane\n|-activate|p1a: Flutter Mane|move: Protect\n|move|p2b: Cresselia|Lunar Blessing|p2b: Cresselia|[spread] p2a,p2b\n|-heal|p2a: Oricorio|75\/100\n|-heal|p2b: Cresselia|36\/100\n|move|p1b: Goodra|Life Dew||[still]|[spread] p1a,p1b\n|-heal|p1a: Flutter Mane|73\/100\n|-fail|p1b: Goodra|heal\n|\n|upkeep\n|turn|9\n|\n|t:|1698881718\n|move|p2a: Oricorio|Revelation Dance|p1a: Flutter Mane\n|-damage|p1a: Flutter Mane|0 fnt\n|faint|p1a: Flutter Mane\n|-end|p1a: Flutter Mane|Protosynthesis|[silent]\n|-activate|p2b: Cresselia|ability: Dancer\n|move|p2b: Cresselia|Revelation Dance|p1b: Goodra|[from]ability: Dancer\n|-resisted|p1b: Goodra\n|-damage|p1b: Goodra|89\/100\n|move|p2b: Cresselia|Lunar Blessing|p2b: Cresselia|[spread] p2a,p2b\n|-heal|p2a: Oricorio|99\/100\n|-heal|p2b: Cresselia|61\/100\n|move|p1b: Goodra|Acid Armor|p1b: Goodra\n|-boost|p1b: Goodra|def|2\n|\n|-heal|p1b: Goodra|95\/100|[from] item: Leftovers\n|upkeep\n|\n|t:|1698881735\n|switch|p1a: Gliscor|Gliscor, M|100\/100\n|turn|10\n|\n|t:|1698881744\n|move|p2a: Oricorio|Hurricane|p1a: Gliscor|[miss]\n|-miss|p2a: Oricorio|p1a: Gliscor\n|move|p2b: Cresselia|Skill Swap|p1b: Goodra\n|-activate|p2b: Cresselia|move: Skill Swap|Sap Sipper|Dancer|[of] p1b: Goodra\n|move|p1a: Gliscor|Swords Dance|p1a: Gliscor\n|-boost|p1a: Gliscor|atk|2\n|-activate|p1b: Goodra|ability: Dancer\n|move|p1b: Goodra|Swords Dance|p1b: Goodra|[from]ability: Dancer\n|-boost|p1b: Goodra|atk|2\n|move|p1b: Goodra|Heavy Slam|p2a: Oricorio\n|-resisted|p2a: Oricorio\n|-damage|p2a: Oricorio|36\/100\n|-activate|p2a: Oricorio|ability: Toxic Debris\n|-sidestart|p1: Artistic_Asian|move: Toxic Spikes\n|\n|-heal|p1b: Goodra|100\/100|[from] item: Leftovers\n|-status|p1a: Gliscor|tox|[from] item: Toxic Orb\n|upkeep\n|turn|11\n|\n|t:|1698881774\n|move|p2a: Oricorio|Hurricane|p1a: Gliscor\n|-damage|p1a: Gliscor|0 fnt\n|faint|p1a: Gliscor\n|move|p2b: Cresselia|Lunar Dance|p2b: Cresselia\n|faint|p2b: Cresselia\n|-activate|p1b: Goodra|ability: Dancer\n|move|p1b: Goodra|Lunar Dance|p1b: Goodra|[from]ability: Dancer\n|faint|p1b: Goodra\n|\n|upkeep\n|-message|Artistic_Asian forfeited.\n|\n|win|McCraleb\n|raw|Artistic_Asian's rating: 1079 &rarr; <strong>1060<\/strong><br \/>(-19 for losing)\n|raw|McCraleb's rating: 1121 &rarr; <strong>1143<\/strong><br \/>(+22 for winning)\n|l|\u2606Artistic_Asian\n","uploadtime":1698881816,"views":33,"p1id":"artisticasian","p2id":"mccraleb","formatid":"gen9doublesou","rating":1060,"private":0,"password":""}