{"id":"gen9doublesou-1999198222","p1":"Nurvis","p2":"tfrgyhjklkjh","format":"[Gen 9] Doubles OU","log":"|j|\u2606Nurvis\n|j|\u2606tfrgyhjklkjh\n|t:|1701044356\n|gametype|doubles\n|player|p1|Nurvis|musician|\n|player|p2|tfrgyhjklkjh|clown|\n|teamsize|p1|6\n|teamsize|p2|6\n|gen|9\n|tier|[Gen 9] Doubles OU\n|rule|Species Clause: Limit one of each Pok\u00e9mon\n|rule|OHKO Clause: OHKO moves are banned\n|rule|Evasion Moves Clause: Evasion moves are banned\n|rule|Gravity Sleep Clause: The combination of sleep-inducing moves with imperfect accuracy and Gravity or Gigantamax Orbeetle are banned\n|rule|Endless Battle Clause: Forcing endless battles is banned\n|rule|HP Percentage Mod: HP is shown in percentages\n|clearpoke\n|poke|p1|Ogerpon-Wellspring, F|\n|poke|p1|Hawlucha, F|\n|poke|p1|Skeledirge, M|\n|poke|p1|Goodra-Hisui, M|\n|poke|p1|Rotom-Wash|\n|poke|p1|Zoroark-Hisui, M|\n|poke|p2|Kingambit, M|\n|poke|p2|Barraskewda, M|\n|poke|p2|Baxcalibur, F|\n|poke|p2|Gothorita, M|\n|poke|p2|Sandslash, F|\n|poke|p2|Ting-Lu|\n|teampreview\n|\n|t:|1701044476\n|start\n|switch|p1a: Silly Lil' Guy|Skeledirge, M|100\/100\n|switch|p1b: Immortal Snail|Goodra-Hisui, M|100\/100\n|switch|p2a: Kingambit|Kingambit, M|100\/100\n|switch|p2b: Sandslash|Sandslash, F|100\/100\n|-ability|p2a: Kingambit|Pressure\n|turn|1\n|\n|t:|1701044518\n|move|p1b: Immortal Snail|Flamethrower|p2a: Kingambit\n|-supereffective|p2a: Kingambit\n|-damage|p2a: Kingambit|17\/100\n|-status|p2a: Kingambit|brn\n|move|p2b: Sandslash|High Horsepower|p1a: Silly Lil' Guy\n|-supereffective|p1a: Silly Lil' Guy\n|-damage|p1a: Silly Lil' Guy|39\/100\n|move|p1a: Silly Lil' Guy|Torch Song|p2a: Kingambit\n|-supereffective|p2a: Kingambit\n|-damage|p2a: Kingambit|0 fnt\n|-boost|p1a: Silly Lil' Guy|spa|1\n|faint|p2a: Kingambit\n|\n|-heal|p1a: Silly Lil' Guy|45\/100|[from] item: Leftovers\n|upkeep\n|\n|t:|1701044536\n|switch|p2a: Ting-Lu|Ting-Lu|100\/100\n|-ability|p2a: Ting-Lu|Vessel of Ruin\n|turn|2\n|\n|t:|1701044558\n|move|p2a: Ting-Lu|Protect|p2a: Ting-Lu\n|-singleturn|p2a: Ting-Lu|Protect\n|move|p1b: Immortal Snail|Flamethrower|p2a: Ting-Lu\n|-activate|p2a: Ting-Lu|move: Protect\n|move|p2b: Sandslash|High Horsepower|p1a: Silly Lil' Guy\n|-supereffective|p1a: Silly Lil' Guy\n|-damage|p1a: Silly Lil' Guy|0 fnt\n|faint|p1a: Silly Lil' Guy\n|\n|upkeep\n|\n|t:|1701044570\n|switch|p1a: War Criminal|Ogerpon-Wellspring, F|100\/100\n|turn|3\n|\n|t:|1701044591\n|move|p1a: War Criminal|Ivy Cudgel|p2b: Sandslash|[anim] Ivy Cudgel Water\n|-supereffective|p2b: Sandslash\n|-damage|p2b: Sandslash|2\/100\n|move|p1b: Immortal Snail|Flamethrower|p2a: Ting-Lu\n|-damage|p2a: Ting-Lu|82\/100\n|move|p2b: Sandslash|High Horsepower|p1a: War Criminal\n|-resisted|p1a: War Criminal\n|-crit|p1a: War Criminal\n|-damage|p1a: War Criminal|61\/100\n|move|p2a: Ting-Lu|Whirlwind|p1b: Immortal Snail\n|drag|p1b: Immortal Snail|Goodra-Hisui, M|100\/100\n|\n|upkeep\n|turn|4\n|\n|t:|1701044617\n|move|p2a: Ting-Lu|Protect|p2a: Ting-Lu\n|-singleturn|p2a: Ting-Lu|Protect\n|move|p1a: War Criminal|Ivy Cudgel|p2a: Ting-Lu|[anim] Ivy Cudgel Water\n|-activate|p2a: Ting-Lu|move: Protect\n|move|p2b: Sandslash|High Horsepower|p1a: War Criminal\n|-resisted|p1a: War Criminal\n|-damage|p1a: War Criminal|36\/100\n|move|p1b: Immortal Snail|Life Dew||[still]|[spread] \n|-heal|p1a: War Criminal|61\/100|[from] ability: Water Absorb|[of] p1b: Immortal Snail\n|-fail|p1b: Immortal Snail|heal\n|\n|upkeep\n|turn|5\n|\n|t:|1701044648\n|move|p1a: War Criminal|Ivy Cudgel|p2b: Sandslash|[anim] Ivy Cudgel Water\n|-supereffective|p2b: Sandslash\n|-damage|p2b: Sandslash|0 fnt\n|faint|p2b: Sandslash\n|move|p1b: Immortal Snail|Body Press|p2a: Ting-Lu\n|-supereffective|p2a: Ting-Lu\n|-damage|p2a: Ting-Lu|55\/100\n|move|p2a: Ting-Lu|Ruination|p1b: Immortal Snail|[miss]\n|-miss|p2a: Ting-Lu|p1b: Immortal Snail\n|\n|upkeep\n|\n|t:|1701044661\n|switch|p2b: Baxcalibur|Baxcalibur, F|100\/100\n|turn|6\n|\n|t:|1701044672\n|move|p2a: Ting-Lu|Protect|p2a: Ting-Lu\n|-singleturn|p2a: Ting-Lu|Protect\n|move|p1a: War Criminal|Swords Dance|p1a: War Criminal\n|-boost|p1a: War Criminal|atk|2\n|move|p2b: Baxcalibur|Icicle Crash|p1b: Immortal Snail\n|-damage|p1b: Immortal Snail|68\/100\n|move|p1b: Immortal Snail|Acid Armor|p1b: Immortal Snail\n|-boost|p1b: Immortal Snail|def|2\n|\n|-heal|p1b: Immortal Snail|74\/100|[from] item: Leftovers\n|upkeep\n|turn|7\n|\n|t:|1701044697\n|move|p1a: War Criminal|Play Rough|p2b: Baxcalibur\n|-supereffective|p2b: Baxcalibur\n|-damage|p2b: Baxcalibur|0 fnt\n|faint|p2b: Baxcalibur\n|move|p1b: Immortal Snail|Life Dew|p1b: Immortal Snail|[spread] p1b\n|-heal|p1a: War Criminal|86\/100|[from] ability: Water Absorb|[of] p1b: Immortal Snail\n|-heal|p1b: Immortal Snail|99\/100\n|move|p2a: Ting-Lu|Ruination|p1b: Immortal Snail\n|-damage|p1b: Immortal Snail|50\/100\n|\n|-heal|p1b: Immortal Snail|56\/100|[from] item: Leftovers\n|upkeep\n|\n|t:|1701044717\n|switch|p2b: Barraskewda|Barraskewda, M, shiny|100\/100\n|turn|8\n|\n|t:|1701044758\n|switch|p1b: Not-yo Libre|Hawlucha, F, shiny|100\/100\n|move|p2b: Barraskewda|Liquidation|p1a: War Criminal\n|-heal|p1a: War Criminal|100\/100|[from] ability: Water Absorb|[of] p2b: Barraskewda\n|move|p1a: War Criminal|Wood Hammer|p2b: Barraskewda\n|-supereffective|p2b: Barraskewda\n|-damage|p2b: Barraskewda|0 fnt\n|faint|p2b: Barraskewda\n|-damage|p1a: War Criminal|72\/100|[from] Recoil\n|move|p2a: Ting-Lu|Bulldoze|p1b: Not-yo Libre|[spread] p1a\n|-immune|p1b: Not-yo Libre\n|-resisted|p1a: War Criminal\n|-damage|p1a: War Criminal|61\/100\n|-unboost|p1a: War Criminal|spe|1\n|\n|upkeep\n|\n|t:|1701044774\n|switch|p2b: Gothorita|Gothorita, M|100\/100\n|-item|p1a: War Criminal|Wellspring Mask|[from] ability: Frisk|[of] p2b: Gothorita|[identify]\n|-item|p1b: Not-yo Libre|King's Rock|[from] ability: Frisk|[of] p2b: Gothorita|[identify]\n|turn|9\n|\n|t:|1701044800\n|move|p2a: Ting-Lu|Protect|p2a: Ting-Lu\n|-singleturn|p2a: Ting-Lu|Protect\n|move|p1b: Not-yo Libre|Fling|p2a: Ting-Lu\n|-activate|p2a: Ting-Lu|move: Protect\n|-enditem|p1b: Not-yo Libre|King's Rock|[from] move: Fling\n|move|p1a: War Criminal|Ivy Cudgel|p2a: Ting-Lu|[anim] Ivy Cudgel Water\n|-activate|p2a: Ting-Lu|move: Protect\n|move|p2b: Gothorita|Light Screen|p2b: Gothorita\n|-sidestart|p2: tfrgyhjklkjh|move: Light Screen\n|\n|upkeep\n|turn|10\n|\n|t:|1701044823\n|move|p1b: Not-yo Libre|Acrobatics|p2a: Ting-Lu\n|-damage|p2a: Ting-Lu|29\/100\n|move|p1a: War Criminal|Ivy Cudgel|p2b: Gothorita|[anim] Ivy Cudgel Water\n|-damage|p2b: Gothorita|0 fnt\n|faint|p2b: Gothorita\n|move|p2a: Ting-Lu|Whirlwind|p1a: War Criminal\n|drag|p1a: Immortal Snail|Goodra-Hisui, M|56\/100\n|\n|-heal|p1a: Immortal Snail|62\/100|[from] item: Leftovers\n|upkeep\n|turn|11\n|\n|t:|1701044865\n|move|p2a: Ting-Lu|Protect|p2a: Ting-Lu\n|-singleturn|p2a: Ting-Lu|Protect\n|move|p1b: Not-yo Libre|Fire Punch|p2a: Ting-Lu\n|-activate|p2a: Ting-Lu|move: Protect\n|move|p1a: Immortal Snail|Life Dew||[still]|[spread] p1a,p1b\n|-heal|p1a: Immortal Snail|87\/100\n|-fail|p1b: Not-yo Libre|heal\n|\n|-heal|p1a: Immortal Snail|94\/100|[from] item: Leftovers\n|upkeep\n|turn|12\n|\n|t:|1701044899\n|switch|p1b: Not-yo Libre|Hawlucha, F, shiny|100\/100\n|move|p1a: Immortal Snail|Acid Armor|p1a: Immortal Snail\n|-boost|p1a: Immortal Snail|def|2\n|move|p2a: Ting-Lu|Bulldoze|p1a: Immortal Snail|[spread] p1a,p1b\n|-supereffective|p1a: Immortal Snail\n|-damage|p1a: Immortal Snail|79\/100\n|-damage|p1b: Not-yo Libre|62\/100\n|-unboost|p1a: Immortal Snail|spe|1\n|-unboost|p1b: Not-yo Libre|spe|1\n|replace|p1b: Immortal Man|Zoroark-Hisui, M, shiny\n|-end|p1b: Immortal Man|Illusion\n|\n|-heal|p1a: Immortal Snail|86\/100|[from] item: Leftovers\n|upkeep\n|turn|13\n|\n|t:|1701044936\n|move|p2a: Ting-Lu|Protect|p2a: Ting-Lu\n|-singleturn|p2a: Ting-Lu|Protect\n|move|p1b: Immortal Man|Shadow Ball|p2a: Ting-Lu\n|-activate|p2a: Ting-Lu|move: Protect\n|move|p1a: Immortal Snail|Heavy Slam|p2a: Ting-Lu\n|-activate|p2a: Ting-Lu|move: Protect\n|\n|-heal|p1a: Immortal Snail|92\/100|[from] item: Leftovers\n|-sideend|p2: tfrgyhjklkjh|move: Light Screen\n|upkeep\n|turn|14\n|\n|t:|1701044954\n|move|p1b: Immortal Man|Shadow Ball|p2a: Ting-Lu\n|-resisted|p2a: Ting-Lu\n|-damage|p2a: Ting-Lu|15\/100\n|-unboost|p2a: Ting-Lu|spd|1\n|move|p1a: Immortal Snail|Heavy Slam|p2a: Ting-Lu\n|-damage|p2a: Ting-Lu|7\/100\n|move|p2a: Ting-Lu|Whirlwind|p2: Gothorita|[notarget]\n|-fail|p2a: Ting-Lu\n|\n|-heal|p1a: Immortal Snail|98\/100|[from] item: Leftovers\n|upkeep\n|turn|15\n|\n|t:|1701044977\n|move|p2a: Ting-Lu|Protect|p2a: Ting-Lu\n|-singleturn|p2a: Ting-Lu|Protect\n|move|p1b: Immortal Man|Shadow Ball|p2a: Ting-Lu\n|-activate|p2a: Ting-Lu|move: Protect\n|move|p1a: Immortal Snail|Body Press|p2a: Ting-Lu\n|-activate|p2a: Ting-Lu|move: Protect\n|\n|-heal|p1a: Immortal Snail|100\/100|[from] item: Leftovers\n|upkeep\n|turn|16\n|\n|t:|1701045010\n|switch|p1a: Tera|Rotom-Wash|100\/100\n|move|p1b: Immortal Man|Shadow Ball|p2a: Ting-Lu\n|-resisted|p2a: Ting-Lu\n|-damage|p2a: Ting-Lu|0 fnt\n|faint|p2a: Ting-Lu\n|\n|win|Nurvis\n|l|\u2606tfrgyhjklkjh\n","uploadtime":1701045054,"views":8,"p1id":"nurvis","p2id":"tfrgyhjklkjh","formatid":"gen9doublesou","rating":0,"private":0,"password":""}