{"id":"gen9doublesou-1996350184","p1":"codyreborn","p2":"McCraleb","format":"[Gen 9] Doubles OU","log":"|j|\u2606codyreborn\n|j|\u2606McCraleb\n|t:|1700673675\n|gametype|doubles\n|player|p1|codyreborn|pokemaniac|1291\n|player|p2|McCraleb|janine|1218\n|teamsize|p1|6\n|teamsize|p2|6\n|gen|9\n|tier|[Gen 9] Doubles OU\n|rated|\n|rule|Species Clause: Limit one of each Pok\u00e9mon\n|rule|OHKO Clause: OHKO moves are banned\n|rule|Evasion Moves Clause: Evasion moves are banned\n|rule|Gravity Sleep Clause: The combination of sleep-inducing moves with imperfect accuracy and Gravity or Gigantamax Orbeetle are banned\n|rule|Endless Battle Clause: Forcing endless battles is banned\n|rule|HP Percentage Mod: HP is shown in percentages\n|clearpoke\n|poke|p1|Raichu, M|\n|poke|p1|Azumarill, M|\n|poke|p1|Sylveon, F|\n|poke|p1|Scizor, M|\n|poke|p1|Dragapult, M|\n|poke|p1|Dusknoir, M|\n|poke|p2|Maushold-Four|\n|poke|p2|Sudowoodo, M|\n|poke|p2|Indeedee-F, F|\n|poke|p2|Arcanine, F|\n|poke|p2|Aipom, F|\n|poke|p2|Slowbro-Galar, M|\n|teampreview\n|inactive|Battle timer is ON: inactive players will automatically lose when time's up. (requested by McCraleb)\n|\n|t:|1700673746\n|start\n|switch|p1a: Raichu|Raichu, M, shiny|100\/100\n|switch|p1b: Azumarill|Azumarill, M, shiny|100\/100\n|switch|p2a: Maushold|Maushold-Four, shiny|100\/100\n|switch|p2b: Sudowoodo|Sudowoodo, M|100\/100\n|-item|p1a: Raichu|Air Balloon\n|turn|1\n|\n|t:|1700673761\n|-terastallize|p2b: Sudowoodo|Ghost\n|move|p2a: Maushold|Beat Up|p2b: Sudowoodo\n|-supereffective|p2b: Sudowoodo\n|-damage|p2b: Sudowoodo|98\/100\n|-ability|p2b: Sudowoodo|Rattled|boost\n|-boost|p2b: Sudowoodo|spe|1\n|-enditem|p2b: Sudowoodo|Weakness Policy\n|-boost|p2b: Sudowoodo|atk|2|[from] item: Weakness Policy\n|-boost|p2b: Sudowoodo|spa|2|[from] item: Weakness Policy\n|-supereffective|p2b: Sudowoodo\n|-damage|p2b: Sudowoodo|95\/100\n|-ability|p2b: Sudowoodo|Rattled|boost\n|-boost|p2b: Sudowoodo|spe|1\n|-supereffective|p2b: Sudowoodo\n|-damage|p2b: Sudowoodo|93\/100\n|-ability|p2b: Sudowoodo|Rattled|boost\n|-boost|p2b: Sudowoodo|spe|1\n|-supereffective|p2b: Sudowoodo\n|-damage|p2b: Sudowoodo|90\/100\n|-ability|p2b: Sudowoodo|Rattled|boost\n|-boost|p2b: Sudowoodo|spe|1\n|-supereffective|p2b: Sudowoodo\n|-damage|p2b: Sudowoodo|87\/100\n|-ability|p2b: Sudowoodo|Rattled|boost\n|-boost|p2b: Sudowoodo|spe|1\n|-supereffective|p2b: Sudowoodo\n|-damage|p2b: Sudowoodo|84\/100\n|-ability|p2b: Sudowoodo|Rattled|boost\n|-boost|p2b: Sudowoodo|spe|1\n|-hitcount|p2b: Sudowoodo|6\n|move|p2b: Sudowoodo|Earthquake|p1b: Azumarill|[spread] p2a,p1b\n|-immune|p1a: Raichu\n|-damage|p2a: Maushold|35\/100\n|-damage|p1b: Azumarill|52\/100\n|move|p1a: Raichu|Nuzzle|p2a: Maushold\n|-damage|p2a: Maushold|26\/100\n|move|p1b: Azumarill|Knock Off|p2b: Sudowoodo\n|-supereffective|p2b: Sudowoodo\n|-damage|p2b: Sudowoodo|26\/100\n|\n|upkeep\n|turn|2\n|inactive|codyreborn has 120 seconds left.\n|\n|t:|1700673805\n|move|p2a: Maushold|Helping Hand|p2b: Sudowoodo\n|-singleturn|p2b: Sudowoodo|Helping Hand|[of] p2a: Maushold\n|move|p2b: Sudowoodo|Rock Slide|p1a: Raichu|[spread] p1b\n|-miss|p2b: Sudowoodo|p1a: Raichu\n|-damage|p1b: Azumarill|0 fnt\n|faint|p1b: Azumarill\n|move|p1a: Raichu|Thunderbolt|p2b: Sudowoodo\n|-damage|p2b: Sudowoodo|0 fnt\n|faint|p2b: Sudowoodo\n|\n|upkeep\n|\n|t:|1700673819\n|switch|p1b: Dusknoir|Dusknoir, M, shiny|100\/100\n|switch|p2b: Arcanine|Arcanine, F|100\/100\n|-ability|p1b: Dusknoir|Pressure\n|turn|3\n|\n|t:|1700673836\n|move|p2a: Maushold|Beat Up|p2b: Arcanine\n|-damage|p2b: Arcanine|99\/100\n|-ability|p2b: Arcanine|Justified|boost\n|-boost|p2b: Arcanine|atk|1\n|-damage|p2b: Arcanine|96\/100\n|-ability|p2b: Arcanine|Justified|boost\n|-boost|p2b: Arcanine|atk|1\n|-damage|p2b: Arcanine|95\/100\n|-ability|p2b: Arcanine|Justified|boost\n|-boost|p2b: Arcanine|atk|1\n|-damage|p2b: Arcanine|93\/100\n|-ability|p2b: Arcanine|Justified|boost\n|-boost|p2b: Arcanine|atk|1\n|-damage|p2b: Arcanine|91\/100\n|-ability|p2b: Arcanine|Justified|boost\n|-boost|p2b: Arcanine|atk|1\n|-hitcount|p2b: Arcanine|5\n|move|p1a: Raichu|Nuzzle|p2b: Arcanine\n|-damage|p2b: Arcanine|85\/100\n|-status|p2b: Arcanine|par\n|move|p2b: Arcanine|Flame Charge|p1a: Raichu\n|-damage|p1a: Raichu|0 fnt\n|-boost|p2b: Arcanine|spe|1\n|-enditem|p1a: Raichu|Air Balloon\n|faint|p1a: Raichu\n|move|p1b: Dusknoir|Brick Break|p2a: Maushold\n|-supereffective|p2a: Maushold\n|-damage|p2a: Maushold|0 fnt\n|faint|p2a: Maushold\n|\n|upkeep\n|inactive|codyreborn has 120 seconds left.\n|\n|t:|1700673866\n|switch|p2a: Indeedee|Indeedee-F, F, shiny|100\/100\n|switch|p1a: Sylveon|Sylveon, F, shiny|100\/100\n|-fieldstart|move: Psychic Terrain|[from] ability: Psychic Surge|[of] p2a: Indeedee\n|turn|4\n|\n|t:|1700673885\n|-terastallize|p1a: Sylveon|Fairy\n|cant|p2b: Arcanine|par\n|move|p1b: Dusknoir|Shadow Sneak|p2b: Arcanine\n|-activate|p2b: Arcanine|move: Psychic Terrain\n|move|p2a: Indeedee|Psych Up|p2b: Arcanine\n|-copyboost|p2a: Indeedee|p2b: Arcanine|[from] move: Psych Up\n|move|p1a: Sylveon|Hyper Voice|p2b: Arcanine|[spread] p2a,p2b\n|-resisted|p2b: Arcanine\n|-damage|p2a: Indeedee|39\/100\n|-damage|p2b: Arcanine|40\/100 par\n|\n|upkeep\n|turn|5\n|\n|t:|1700673902\n|move|p2a: Indeedee|Baton Pass|p2a: Indeedee\n|\n|t:|1700673905\n|switch|p2a: Slowbro|Slowbro-Galar, M|100\/100|[from] Baton Pass\n|move|p2b: Arcanine|Flame Charge|p1a: Sylveon\n|-crit|p1a: Sylveon\n|-damage|p1a: Sylveon|0 fnt\n|-boost|p2b: Arcanine|spe|1\n|faint|p1a: Sylveon\n|move|p1b: Dusknoir|Brick Break|p2a: Slowbro\n|-resisted|p2a: Slowbro\n|-damage|p2a: Slowbro|96\/100\n|\n|upkeep\n|\n|t:|1700673915\n|switch|p1a: Dragapult|Dragapult, M, shiny|100\/100\n|turn|6\n|\n|t:|1700673927\n|move|p1a: Dragapult|Dragon Darts|p2b: Arcanine\n|-damage|p2b: Arcanine|0 fnt\n|-anim|p1a: Dragapult|Dragon Darts|p2a: Slowbro\n|-damage|p2a: Slowbro|57\/100\n|faint|p2b: Arcanine\n|move|p2a: Slowbro|Shell Side Arm|p1a: Dragapult|[anim] Shell Side Arm Physical\n|-resisted|p1a: Dragapult\n|-damage|p1a: Dragapult|0 fnt\n|-hint|Physical Shell Side Arm\n|faint|p1a: Dragapult\n|move|p1b: Dusknoir|Brick Break|p2a: Slowbro\n|-resisted|p2a: Slowbro\n|-damage|p2a: Slowbro|52\/100\n|\n|upkeep\n|\n|t:|1700673943\n|switch|p1a: Scizor|Scizor, M, shiny|100\/100\n|switch|p2b: Aipom|Aipom, F, shiny|100\/100\n|turn|7\n|\n|t:|1700673955\n|move|p2b: Aipom|Helping Hand|p2a: Slowbro\n|-singleturn|p2a: Slowbro|Helping Hand|[of] p2b: Aipom\n|move|p1a: Scizor|Swords Dance|p1a: Scizor\n|-boost|p1a: Scizor|atk|2\n|move|p2a: Slowbro|Waterfall|p1a: Scizor\n|-damage|p1a: Scizor|0 fnt\n|faint|p1a: Scizor\n|move|p1b: Dusknoir|Will-O-Wisp|p2b: Aipom\n|-status|p2b: Aipom|brn\n|\n|-damage|p2b: Aipom|94\/100 brn|[from] brn\n|upkeep\n|turn|8\n|-activate|p2a: Slowbro|item: Quick Claw\n|\n|t:|1700673976\n|move|p2b: Aipom|Helping Hand|p2a: Slowbro\n|-singleturn|p2a: Slowbro|Helping Hand|[of] p2b: Aipom\n|move|p2a: Slowbro|Waterfall|p1b: Dusknoir\n|-damage|p1b: Dusknoir|0 fnt\n|faint|p1b: Dusknoir\n|\n|win|McCraleb\n|raw|codyreborn's rating: 1291 &rarr; <strong>1261<\/strong><br \/>(-30 for losing)\n|raw|McCraleb's rating: 1218 &rarr; <strong>1248<\/strong><br \/>(+30 for winning)\n|l|\u2606codyreborn\n","uploadtime":1700674381,"views":5,"p1id":"codyreborn","p2id":"mccraleb","formatid":"gen9doublesou","rating":1248,"private":0,"password":""}