{"id":"gen9doublesou-1968149295","p1":"MasterMineZ82","p2":"Roadsofar095","format":"[Gen 9] Doubles OU","log":"|html|<div class=\"broadcast-blue\"><strong>[Gen 9] Doubles OU is currently suspecting Basculegion & Flutter Mane! For information on how to participate check out the <a href=\"https:\/\/www.smogon.com\/forums\/threads\/np-sv-dou-stage-8-double-trouble.3729153\/\">suspect thread<\/a>.<\/strong><\/div>\n|j|\u2606MasterMineZ82\n|j|\u2606Roadsofar095\n|t:|1697389217\n|gametype|doubles\n|player|p1|MasterMineZ82|266|1219\n|player|p2|Roadsofar095|cynthia|1320\n|teamsize|p1|6\n|teamsize|p2|6\n|gen|9\n|tier|[Gen 9] Doubles OU\n|rated|\n|rule|Species Clause: Limit one of each Pok\u00e9mon\n|rule|OHKO Clause: OHKO moves are banned\n|rule|Evasion Moves Clause: Evasion moves are banned\n|rule|Gravity Sleep Clause: The combination of sleep-inducing moves with imperfect accuracy and Gravity or Gigantamax Orbeetle are banned\n|rule|Endless Battle Clause: Forcing endless battles is banned\n|rule|HP Percentage Mod: HP is shown in percentages\n|clearpoke\n|poke|p1|Wyrdeer, F|\n|poke|p1|Empoleon, M|\n|poke|p1|Ninetales-Alola, F|\n|poke|p1|Amoonguss, M|\n|poke|p1|Zapdos-Galar|\n|poke|p1|Chandelure, M|\n|poke|p2|Kingambit, F|\n|poke|p2|Cresselia, F|\n|poke|p2|Ursaluna-Bloodmoon, M|\n|poke|p2|Walking Wake|\n|poke|p2|Iron Hands|\n|poke|p2|Heatran, M|\n|teampreview\n|\n|t:|1697389243\n|start\n|switch|p1a: Zapdos|Zapdos-Galar|100\/100\n|switch|p1b: Chandelure|Chandelure, M|100\/100\n|switch|p2a: Run Fades|Iron Hands, shiny|100\/100\n|switch|p2b: Kaguya|Cresselia, F, shiny|100\/100\n|turn|1\n|inactive|Battle timer is ON: inactive players will automatically lose when time's up. (requested by MasterMineZ82)\n|\n|t:|1697389258\n|move|p2a: Run Fades|Fake Out|p1a: Zapdos\n|-damage|p1a: Zapdos|80\/100\n|cant|p1a: Zapdos|flinch\n|move|p1b: Chandelure|Imprison|p1b: Chandelure\n|-start|p1b: Chandelure|move: Imprison\n|cant|p2b: Kaguya|move: Imprison|Trick Room\n|\n|upkeep\n|turn|2\n|\n|t:|1697389280\n|switch|p2b: Gambito|Kingambit, F|100\/100\n|move|p1a: Zapdos|Brave Bird|p2a: Run Fades\n|-damage|p2a: Run Fades|50\/100\n|-damage|p1a: Zapdos|57\/100|[from] Recoil\n|move|p1b: Chandelure|Heat Wave|p2a: Run Fades|[spread] p2a,p2b\n|-supereffective|p2b: Gambito\n|-damage|p2a: Run Fades|31\/100\n|-damage|p2b: Gambito|24\/100\n|-status|p2b: Gambito|brn\n|move|p2a: Run Fades|Wild Charge|p1a: Zapdos\n|-supereffective|p1a: Zapdos\n|-damage|p1a: Zapdos|0 fnt\n|faint|p1a: Zapdos\n|-damage|p2a: Run Fades|21\/100|[from] Recoil\n|\n|-damage|p2b: Gambito|18\/100 brn|[from] brn\n|upkeep\n|\n|t:|1697389300\n|switch|p1a: Amoonguss|Amoonguss, M|100\/100\n|turn|3\n|\n|t:|1697389308\n|move|p2b: Gambito|Sucker Punch|p1b: Chandelure\n|-supereffective|p1b: Chandelure\n|-damage|p1b: Chandelure|46\/100\n|move|p1b: Chandelure|Heat Wave|p2b: Gambito|[spread] p2a,p2b\n|-supereffective|p2b: Gambito\n|-damage|p2a: Run Fades|0 fnt\n|-damage|p2b: Gambito|0 fnt\n|faint|p2a: Run Fades\n|-end|p2a: Run Fades|Quark Drive|[silent]\n|faint|p2b: Gambito\n|move|p1a: Amoonguss|Pollen Puff|p2: Run Fades|[notarget]\n|-fail|p1a: Amoonguss\n|\n|upkeep\n|\n|t:|1697389323\n|switch|p2a: Kaguya|Cresselia, F, shiny|100\/100\n|switch|p2b: KT-AO|Walking Wake|100\/100\n|turn|4\n|\n|t:|1697389332\n|move|p1a: Amoonguss|Rage Powder|p1a: Amoonguss\n|-singleturn|p1a: Amoonguss|move: Rage Powder\n|move|p2b: KT-AO|Sunny Day|p2b: KT-AO\n|-weather|SunnyDay\n|-activate|p2b: KT-AO|ability: Protosynthesis\n|-start|p2b: KT-AO|protosynthesisspa\n|move|p1b: Chandelure|Shadow Ball|p2a: Kaguya\n|-supereffective|p2a: Kaguya\n|-damage|p2a: Kaguya|53\/100\n|move|p2a: Kaguya|Psychic|p1a: Amoonguss\n|-supereffective|p1a: Amoonguss\n|-damage|p1a: Amoonguss|62\/100\n|\n|-weather|SunnyDay|[upkeep]\n|upkeep\n|turn|5\n|\n|t:|1697389348\n|move|p1a: Amoonguss|Rage Powder|p1a: Amoonguss\n|-singleturn|p1a: Amoonguss|move: Rage Powder\n|move|p2b: KT-AO|Hydro Steam|p1b: Chandelure\n|-supereffective|p1b: Chandelure\n|-damage|p1b: Chandelure|0 fnt\n|faint|p1b: Chandelure\n|move|p2a: Kaguya|Lunar Blessing|p2a: Kaguya|[spread] p2a,p2b\n|-heal|p2a: Kaguya|78\/100\n|\n|-weather|SunnyDay|[upkeep]\n|upkeep\n|\n|t:|1697389357\n|switch|p1b: Wyrdeer|Wyrdeer, F|100\/100\n|-ability|p1b: Wyrdeer|Intimidate|boost\n|-unboost|p2a: Kaguya|atk|1\n|-unboost|p2b: KT-AO|atk|1\n|turn|6\n|\n|t:|1697389375\n|move|p2b: KT-AO|Hydro Steam|p1b: Wyrdeer\n|-damage|p1b: Wyrdeer|19\/100\n|move|p1b: Wyrdeer|Lunge|p2a: Kaguya\n|-supereffective|p2a: Kaguya\n|-damage|p2a: Kaguya|54\/100\n|-unboost|p2a: Kaguya|atk|1\n|move|p2a: Kaguya|Lunar Blessing|p2a: Kaguya|[spread] p2a,p2b\n|-heal|p2a: Kaguya|79\/100\n|move|p1a: Amoonguss|Spore|p2b: KT-AO\n|-activate|p2b: KT-AO|item: Safety Goggles|Spore\n|\n|-weather|SunnyDay|[upkeep]\n|upkeep\n|turn|7\n|\n|t:|1697389399\n|switch|p1b: Ninetales|Ninetales-Alola, F|100\/100\n|-weather|Snow|[from] ability: Snow Warning|[of] p1b: Ninetales\n|-end|p2b: KT-AO|Protosynthesis\n|move|p2b: KT-AO|Hydro Steam|p1b: Ninetales\n|-damage|p1b: Ninetales|51\/100\n|move|p2a: Kaguya|Psychic|p1b: Ninetales\n|-damage|p1b: Ninetales|23\/100\n|move|p1a: Amoonguss|Spore|p2a: Kaguya\n|-activate|p2a: Kaguya|item: Safety Goggles|Spore\n|\n|-weather|Snow|[upkeep]\n|upkeep\n|turn|8\n|\n|t:|1697389417\n|move|p1a: Amoonguss|Rage Powder|p1a: Amoonguss\n|-singleturn|p1a: Amoonguss|move: Rage Powder\n|move|p2b: KT-AO|Flamethrower|p1b: Ninetales\n|-supereffective|p1b: Ninetales\n|-damage|p1b: Ninetales|0 fnt\n|faint|p1b: Ninetales\n|move|p2a: Kaguya|Lunar Blessing|p2a: Kaguya|[spread] p2a,p2b\n|-heal|p2a: Kaguya|100\/100\n|\n|-weather|Snow|[upkeep]\n|upkeep\n|\n|t:|1697389427\n|switch|p1b: Empoleon|Empoleon, M|100\/100\n|turn|9\n|c|\u2606Roadsofar095|Yeah keep using cringe amoongus\n|\n|t:|1697389448\n|switch|p1a: Wyrdeer|Wyrdeer, F|19\/100\n|-ability|p1a: Wyrdeer|Intimidate|boost\n|-unboost|p2a: Kaguya|atk|1\n|-unboost|p2b: KT-AO|atk|1\n|move|p2b: KT-AO|Sunny Day|p2b: KT-AO\n|-weather|SunnyDay\n|-activate|p2b: KT-AO|ability: Protosynthesis\n|-start|p2b: KT-AO|protosynthesisspa\n|move|p1b: Empoleon|Blizzard|p2b: KT-AO|[spread] \n|-miss|p1b: Empoleon|p2a: Kaguya\n|-miss|p1b: Empoleon|p2b: KT-AO\n|move|p2a: Kaguya|Psychic|p1b: Empoleon\n|-resisted|p1b: Empoleon\n|-damage|p1b: Empoleon|88\/100\n|-unboost|p1b: Empoleon|spd|1\n|-ability|p1b: Empoleon|Competitive|boost\n|-boost|p1b: Empoleon|spa|2\n|\n|-weather|SunnyDay|[upkeep]\n|upkeep\n|turn|10\n|inactive|Roadsofar095 has 120 seconds left.\n|\n|t:|1697389480\n|-terastallize|p2b: KT-AO|Fire\n|move|p2a: Kaguya|Ally Switch|p2a: Kaguya\n|swap|p2a: Kaguya|1|[from] move: Ally Switch\n|move|p2a: KT-AO|Flamethrower|p1b: Empoleon\n|-damage|p1b: Empoleon|0 fnt\n|faint|p1b: Empoleon\n|move|p1a: Wyrdeer|Skill Swap|p1: Empoleon|[notarget]\n|-fail|p1a: Wyrdeer\n|\n|-weather|SunnyDay|[upkeep]\n|upkeep\n|-message|MasterMineZ82 forfeited.\n|\n|win|Roadsofar095\n|raw|MasterMineZ82's rating: 1219 &rarr; <strong>1201<\/strong><br \/>(-18 for losing)\n|raw|Roadsofar095's rating: 1320 &rarr; <strong>1334<\/strong><br \/>(+14 for winning)\n|l|\u2606MasterMineZ82\n","uploadtime":1697389499,"views":16,"p1id":"masterminez82","p2id":"roadsofar095","formatid":"gen9doublesou","rating":1201,"private":0,"password":""}