{"id":"gen9doublesou-1982399398","p1":"coolguyslim21","p2":"cgtuh.ocgoj\u201dfyxtg9","format":"[Gen 9] Doubles OU","log":"|j|\u2606coolguyslim21\n|j|\u2606cgtuh.ocgoj\u201dfyxtg9\n|t:|1699009910\n|gametype|doubles\n|player|p1|coolguyslim21|jasmine-masters2|1156\n|player|p2|cgtuh.ocgoj\u201dfyxtg9|265|1201\n|teamsize|p1|6\n|teamsize|p2|6\n|gen|9\n|tier|[Gen 9] Doubles OU\n|rated|\n|rule|Species Clause: Limit one of each Pok\u00e9mon\n|rule|OHKO Clause: OHKO moves are banned\n|rule|Evasion Moves Clause: Evasion moves are banned\n|rule|Gravity Sleep Clause: The combination of sleep-inducing moves with imperfect accuracy and Gravity or Gigantamax Orbeetle are banned\n|rule|Endless Battle Clause: Forcing endless battles is banned\n|rule|HP Percentage Mod: HP is shown in percentages\n|clearpoke\n|poke|p1|Clefairy, F|\n|poke|p1|Glimmora, F|\n|poke|p1|Flutter Mane|\n|poke|p1|Ogerpon-Wellspring, F|\n|poke|p1|Landorus-Therian, M|\n|poke|p1|Iron Hands|\n|poke|p2|Talonflame, M|\n|poke|p2|Meowscarada, M|\n|poke|p2|Shiftry, M|\n|poke|p2|Dragonite, F|\n|poke|p2|Ribombee, F|\n|poke|p2|Brambleghast, M|\n|teampreview\n|inactive|Battle timer is ON: inactive players will automatically lose when time's up. (requested by coolguyslim21)\n|c|\u2606cgtuh.ocgoj\u201dfyxtg9|glhf\n|\n|t:|1699009927\n|start\n|switch|p1a: Shake|Clefairy, F, shiny|100\/100\n|switch|p1b: and Bake|Glimmora, F|100\/100\n|switch|p2a: wimdy|Talonflame, M|100\/100\n|switch|p2b: wimby|Shiftry, M|100\/100\n|turn|1\n|c|\u2606coolguyslim21|its fucken wimdy\n|\n|t:|1699009948\n|move|p2a: wimdy|Tailwind|p2a: wimdy\n|-sidestart|p2: cgtuh.ocgoj\u201dfyxtg9|move: Tailwind\n|-ability|p2b: wimby|Wind Rider|boost\n|-boost|p2b: wimby|atk|1\n|move|p2b: wimby|Leaf Blade|p1a: Shake\n|-damage|p1a: Shake|58\/100\n|move|p1b: and Bake|Spikes|p2a: wimdy\n|-sidestart|p2: cgtuh.ocgoj\u201dfyxtg9|Spikes\n|move|p1a: Shake|Calm Mind|p1a: Shake\n|-boost|p1a: Shake|spa|1\n|-boost|p1a: Shake|spd|1\n|\n|upkeep\n|turn|2\n|\n|t:|1699009965\n|move|p2a: wimdy|Air Slash|p1b: and Bake\n|-resisted|p1b: and Bake\n|-damage|p1b: and Bake|92\/100\n|move|p2b: wimby|Knock Off|p1a: Shake\n|-resisted|p1a: Shake\n|-damage|p1a: Shake|32\/100\n|-enditem|p1a: Shake|Eviolite|[from] move: Knock Off|[of] p2b: wimby\n|cant|p1b: and Bake|flinch\n|move|p1a: Shake|Baton Pass|p1a: Shake\n|\n|t:|1699009977\n|switch|p1a: RIP TAKEOFF|Flutter Mane|100\/100|[from] Baton Pass\n|-enditem|p1a: RIP TAKEOFF|Booster Energy\n|-activate|p1a: RIP TAKEOFF|ability: Protosynthesis|[fromitem]\n|-start|p1a: RIP TAKEOFF|protosynthesisspa\n|\n|upkeep\n|turn|3\n|\n|t:|1699009989\n|-terastallize|p1a: RIP TAKEOFF|Fairy\n|move|p2a: wimdy|Air Slash|p1b: and Bake\n|-resisted|p1b: and Bake\n|-damage|p1b: and Bake|80\/100\n|move|p2b: wimby|Leaf Blade|p1a: RIP TAKEOFF\n|-damage|p1a: RIP TAKEOFF|21\/100\n|move|p1a: RIP TAKEOFF|Dazzling Gleam|p2a: wimdy|[spread] p2a,p2b\n|-resisted|p2a: wimdy\n|-supereffective|p2b: wimby\n|-damage|p2a: wimdy|51\/100\n|-damage|p2b: wimby|0 fnt\n|faint|p2b: wimby\n|move|p1b: and Bake|Spikes|p2a: wimdy\n|-sidestart|p2: cgtuh.ocgoj\u201dfyxtg9|Spikes\n|\n|upkeep\n|\n|t:|1699010010\n|switch|p2b: windy|Meowscarada, M|100\/100\n|-damage|p2b: windy|84\/100|[from] Spikes\n|turn|4\n|\n|t:|1699010020\n|move|p1a: RIP TAKEOFF|Protect|p1a: RIP TAKEOFF\n|-singleturn|p1a: RIP TAKEOFF|Protect\n|move|p1b: and Bake|Spiky Shield|p1b: and Bake\n|-singleturn|p1b: and Bake|move: Protect\n|move|p2a: wimdy|U-turn|p1a: RIP TAKEOFF\n|-activate|p1a: RIP TAKEOFF|move: Protect\n|move|p2b: windy|Petal Blizzard|p1a: RIP TAKEOFF|[spread] p2a\n|-start|p2b: windy|typechange|Grass|[from] ability: Protean\n|-activate|p1a: RIP TAKEOFF|move: Protect\n|-activate|p1b: and Bake|move: Protect\n|-resisted|p2a: wimdy\n|-damage|p2a: wimdy|42\/100\n|\n|-sideend|p2: cgtuh.ocgoj\u201dfyxtg9|move: Tailwind\n|upkeep\n|turn|5\n|c|\u2606cgtuh.ocgoj\u201dfyxtg9|that's the team name\n|c|\u2606coolguyslim21|based\n|inactive|cgtuh.ocgoj\u201dfyxtg9 has 120 seconds left.\n|\n|t:|1699010064\n|move|p2b: windy|Ally Switch|p2b: windy\n|swap|p2b: windy|0|[from] move: Ally Switch\n|move|p2b: wimdy|Tailwind|p2b: wimdy\n|-sidestart|p2: cgtuh.ocgoj\u201dfyxtg9|move: Tailwind\n|move|p1a: RIP TAKEOFF|Dazzling Gleam|p2b: wimdy|[spread] p2a,p2b\n|-resisted|p2b: wimdy\n|-damage|p2a: windy|0 fnt\n|-damage|p2b: wimdy|0 fnt\n|faint|p2a: windy\n|faint|p2b: wimdy\n|move|p1b: and Bake|Mortal Spin|p2: windy|[notarget]\n|-fail|p1b: and Bake\n|\n|upkeep\n|inactive|cgtuh.ocgoj\u201dfyxtg9 has 120 seconds left.\n|\n|t:|1699010079\n|switch|p2b: wimbdy|Brambleghast, M|100\/100\n|switch|p2a: winby|Ribombee, F|100\/100\n|-damage|p2a: winby|84\/100|[from] Spikes\n|-damage|p2b: wimbdy|84\/100|[from] Spikes\n|-ability|p2b: wimbdy|Wind Rider|boost\n|-boost|p2b: wimbdy|atk|1\n|turn|6\n|inactive|cgtuh.ocgoj\u201dfyxtg9 has 120 seconds left.\n|\n|t:|1699010110\n|move|p2a: winby|Pollen Puff|p2b: wimbdy\n|-heal|p2b: wimbdy|100\/100\n|move|p2b: wimbdy|Poltergeist|p1b: and Bake|[miss]\n|-miss|p2b: wimbdy|p1b: and Bake\n|move|p1a: RIP TAKEOFF|Dazzling Gleam|p2b: wimbdy|[spread] p2a,p2b\n|-damage|p2a: winby|0 fnt\n|-enditem|p2b: wimbdy|Focus Sash\n|-damage|p2b: wimbdy|1\/100\n|faint|p2a: winby\n|move|p1b: and Bake|Mortal Spin|p2b: wimbdy\n|-damage|p2b: wimbdy|0 fnt\n|faint|p2b: wimbdy\n|\n|upkeep\n|c|\u2606cgtuh.ocgoj\u201dfyxtg9|I hate pokemon\n|inactive|cgtuh.ocgoj\u201dfyxtg9 has 90 seconds left.\n|c|\u2606coolguyslim21|no thats fair\n|c|\u2606cgtuh.ocgoj\u201dfyxtg9|ever since I was a child I hated this game franchise\n|\n|t:|1699010147\n|switch|p2a: palm tree|Dragonite, F, shiny|100\/100\n|turn|7\n|c|\u2606coolguyslim21|that's understandable\n|\n|t:|1699010155\n|-terastallize|p2a: palm tree|Normal\n|move|p2a: palm tree|Iron Head|p1a: RIP TAKEOFF\n|-supereffective|p1a: RIP TAKEOFF\n|-damage|p1a: RIP TAKEOFF|0 fnt\n|faint|p1a: RIP TAKEOFF\n|-end|p1a: RIP TAKEOFF|Protosynthesis|[silent]\n|move|p1b: and Bake|Mortal Spin|p2a: palm tree\n|-damage|p2a: palm tree|97\/100\n|-status|p2a: palm tree|psn\n|\n|-heal|p2a: palm tree|100\/100 psn|[from] item: Leftovers\n|-damage|p2a: palm tree|88\/100 psn|[from] psn\n|upkeep\n|\n|t:|1699010170\n|switch|p1a: Iron Chug Jugulis|Iron Hands|100\/100\n|turn|8\n|\n|t:|1699010178\n|move|p1b: and Bake|Spiky Shield|p1b: and Bake\n|-singleturn|p1b: and Bake|move: Protect\n|move|p1a: Iron Chug Jugulis|Fake Out|p2a: palm tree\n|-damage|p2a: palm tree|69\/100 psn\n|cant|p2a: palm tree|flinch\n|\n|-heal|p2a: palm tree|75\/100 psn|[from] item: Leftovers\n|-damage|p2a: palm tree|63\/100 psn|[from] psn\n|-sideend|p2: cgtuh.ocgoj\u201dfyxtg9|move: Tailwind\n|upkeep\n|turn|9\n|\n|t:|1699010192\n|move|p1b: and Bake|Power Gem|p2a: palm tree\n|-damage|p2a: palm tree|24\/100 psn\n|move|p2a: palm tree|Dragon Dance|p2a: palm tree\n|-boost|p2a: palm tree|atk|1\n|-boost|p2a: palm tree|spe|1\n|move|p1a: Iron Chug Jugulis|Drain Punch|p2a: palm tree\n|-supereffective|p2a: palm tree\n|-damage|p2a: palm tree|0 fnt\n|faint|p2a: palm tree\n|\n|win|coolguyslim21\n|raw|coolguyslim21's rating: 1156 &rarr; <strong>1184<\/strong><br \/>(+28 for winning)\n|raw|cgtuh.ocgoj\u201dfyxtg9's rating: 1201 &rarr; <strong>1173<\/strong><br \/>(-28 for losing)\n|c|\u2606cgtuh.ocgoj\u201dfyxtg9|the wind is gone :( ggs\n|c|\u2606coolguyslim21|gg\n|l|\u2606coolguyslim21\n|c|\u2606cgtuh.ocgoj\u201dfyxtg9|sometimes just talking to someone makes losing more fun (you're cool)\n","uploadtime":1699010217,"views":28,"p1id":"coolguyslim21","p2id":"cgtuhocgojfyxtg9","formatid":"gen9doublesou","rating":1173,"private":0,"password":""}