{"id":"gen9doublesou-1993961347","p1":"OPieceOfHeroGhost","p2":"DragonSumedh","format":"[Gen 9] Doubles OU","log":"|j|\u2606OPieceOfHeroGhost\n|j|\u2606DragonSumedh\n|t:|1700383451\n|gametype|doubles\n|player|p1|OPieceOfHeroGhost|morty|1573\n|player|p2|DragonSumedh|sailor|1600\n|teamsize|p1|6\n|teamsize|p2|6\n|gen|9\n|tier|[Gen 9] Doubles OU\n|rated|\n|rule|Species Clause: Limit one of each Pok\u00e9mon\n|rule|OHKO Clause: OHKO moves are banned\n|rule|Evasion Moves Clause: Evasion moves are banned\n|rule|Gravity Sleep Clause: The combination of sleep-inducing moves with imperfect accuracy and Gravity or Gigantamax Orbeetle are banned\n|rule|Endless Battle Clause: Forcing endless battles is banned\n|rule|HP Percentage Mod: HP is shown in percentages\n|clearpoke\n|poke|p1|Heatran, M|\n|poke|p1|Rillaboom, F|\n|poke|p1|Flutter Mane|\n|poke|p1|Chien-Pao|\n|poke|p1|Iron Hands|\n|poke|p1|Landorus-Therian, M|\n|poke|p2|Heatran, M|\n|poke|p2|Iron Hands|\n|poke|p2|Basculegion-F, F|\n|poke|p2|Pelipper, M|\n|poke|p2|Lilligant-Hisui, F|\n|poke|p2|Torkoal, F|\n|teampreview\n|inactive|Battle timer is ON: inactive players will automatically lose when time's up. (requested by DragonSumedh)\n|\n|t:|1700383456\n|start\n|switch|p1a: \u989d\u554a\uff01\u8150\u8680\u80c6\u6c41\uff01|Heatran, M|100\/100\n|switch|p1b: \u62cd\u6253\u7329|Rillaboom, F|100\/100\n|switch|p2a: Burner|Torkoal, F|100\/100\n|switch|p2b: Heatran|Heatran, M|100\/100\n|-fieldstart|move: Grassy Terrain|[from] ability: Grassy Surge|[of] p1b: \u62cd\u6253\u7329\n|-weather|SunnyDay|[from] ability: Drought|[of] p2a: Burner\n|turn|1\n|inactive|OPieceOfHeroGhost has 120 seconds left.\n|inactive|DragonSumedh has 120 seconds left.\n|\n|t:|1700383499\n|-terastallize|p2b: Heatran|Grass\n|move|p1a: \u989d\u554a\uff01\u8150\u8680\u80c6\u6c41\uff01|Protect|p1a: \u989d\u554a\uff01\u8150\u8680\u80c6\u6c41\uff01\n|-singleturn|p1a: \u989d\u554a\uff01\u8150\u8680\u80c6\u6c41\uff01|Protect\n|move|p1b: \u62cd\u6253\u7329|U-turn|p2a: Burner\n|-resisted|p2a: Burner\n|-damage|p2a: Burner|92\/100\n|\n|t:|1700383510\n|switch|p1b: \u4f60\u62cd\u4e94\uff0c\u6211\u62cd\u516d\uff0c\u51fb\u638c\u5947\u88ad\u754f\u4e2a\u7f29|Iron Hands|100\/100|[from] U-turn\n|move|p2b: Heatran|Earth Power|p1a: \u989d\u554a\uff01\u8150\u8680\u80c6\u6c41\uff01\n|-activate|p1a: \u989d\u554a\uff01\u8150\u8680\u80c6\u6c41\uff01|move: Protect\n|move|p2a: Burner|Clear Smog|p1a: \u989d\u554a\uff01\u8150\u8680\u80c6\u6c41\uff01\n|-activate|p1a: \u989d\u554a\uff01\u8150\u8680\u80c6\u6c41\uff01|move: Protect\n|\n|-weather|SunnyDay|[upkeep]\n|-heal|p2a: Burner|98\/100|[from] Grassy Terrain\n|upkeep\n|turn|2\n|inactive|OPieceOfHeroGhost has 120 seconds left.\n|inactive|DragonSumedh has 120 seconds left.\n|\n|t:|1700383551\n|switch|p1a: \u571f\u732b\u8e29\u6211|Landorus-Therian, M|100\/100\n|-ability|p1a: \u571f\u732b\u8e29\u6211|Intimidate|boost\n|-unboost|p2a: Burner|atk|1\n|-unboost|p2b: Heatran|atk|1\n|switch|p2b: Fake Out|Iron Hands|100\/100\n|switch|p2a: Rainy Season|Pelipper, M, shiny|100\/100\n|-weather|RainDance|[from] ability: Drizzle|[of] p2a: Rainy Season\n|move|p1b: \u4f60\u62cd\u4e94\uff0c\u6211\u62cd\u516d\uff0c\u51fb\u638c\u5947\u88ad\u754f\u4e2a\u7f29|Fake Out|p2a: Rainy Season\n|-damage|p2a: Rainy Season|82\/100\n|\n|-weather|RainDance|[upkeep]\n|upkeep\n|turn|3\n|inactive|OPieceOfHeroGhost has 120 seconds left.\n|inactive|DragonSumedh has 120 seconds left.\n|\n|t:|1700383574\n|move|p2b: Fake Out|Fake Out|p1b: \u4f60\u62cd\u4e94\uff0c\u6211\u62cd\u516d\uff0c\u51fb\u638c\u5947\u88ad\u754f\u4e2a\u7f29\n|-damage|p1b: \u4f60\u62cd\u4e94\uff0c\u6211\u62cd\u516d\uff0c\u51fb\u638c\u5947\u88ad\u754f\u4e2a\u7f29|90\/100\n|move|p1a: \u571f\u732b\u8e29\u6211|Stomping Tantrum|p2b: Fake Out\n|-supereffective|p2b: Fake Out\n|-damage|p2b: Fake Out|44\/100\n|move|p2a: Rainy Season|Ice Beam|p1a: \u571f\u732b\u8e29\u6211\n|-supereffective|p1a: \u571f\u732b\u8e29\u6211\n|-damage|p1a: \u571f\u732b\u8e29\u6211|0 fnt\n|faint|p1a: \u571f\u732b\u8e29\u6211\n|cant|p1b: \u4f60\u62cd\u4e94\uff0c\u6211\u62cd\u516d\uff0c\u51fb\u638c\u5947\u88ad\u754f\u4e2a\u7f29|flinch\n|\n|-weather|RainDance|[upkeep]\n|-heal|p2b: Fake Out|50\/100|[from] Grassy Terrain\n|-heal|p1b: \u4f60\u62cd\u4e94\uff0c\u6211\u62cd\u516d\uff0c\u51fb\u638c\u5947\u88ad\u754f\u4e2a\u7f29|96\/100|[from] Grassy Terrain\n|upkeep\n|\n|t:|1700383591\n|switch|p1a: \u4f60\u53d1\u59d0\u6c38\u8fdc\u662f\u4f60\u53d1\u59d0|Flutter Mane|100\/100\n|turn|4\n|\n|t:|1700383611\n|move|p2a: Rainy Season|Wide Guard|p2a: Rainy Season\n|-singleturn|p2a: Rainy Season|Wide Guard\n|move|p1a: \u4f60\u53d1\u59d0\u6c38\u8fdc\u662f\u4f60\u53d1\u59d0|Dazzling Gleam|p2a: Rainy Season|[spread] \n|-activate|p2a: Rainy Season|move: Wide Guard\n|-activate|p2b: Fake Out|move: Wide Guard\n|move|p2b: Fake Out|Heavy Slam|p1a: \u4f60\u53d1\u59d0\u6c38\u8fdc\u662f\u4f60\u53d1\u59d0\n|-supereffective|p1a: \u4f60\u53d1\u59d0\u6c38\u8fdc\u662f\u4f60\u53d1\u59d0\n|-damage|p1a: \u4f60\u53d1\u59d0\u6c38\u8fdc\u662f\u4f60\u53d1\u59d0|0 fnt\n|faint|p1a: \u4f60\u53d1\u59d0\u6c38\u8fdc\u662f\u4f60\u53d1\u59d0\n|-end|p1a: \u4f60\u53d1\u59d0\u6c38\u8fdc\u662f\u4f60\u53d1\u59d0|Protosynthesis|[silent]\n|move|p1b: \u4f60\u62cd\u4e94\uff0c\u6211\u62cd\u516d\uff0c\u51fb\u638c\u5947\u88ad\u754f\u4e2a\u7f29|Drain Punch|p2a: Rainy Season\n|-resisted|p2a: Rainy Season\n|-damage|p2a: Rainy Season|55\/100\n|-heal|p1b: \u4f60\u62cd\u4e94\uff0c\u6211\u62cd\u516d\uff0c\u51fb\u638c\u5947\u88ad\u754f\u4e2a\u7f29|100\/100|[from] drain|[of] p2a: Rainy Season\n|\n|-weather|RainDance|[upkeep]\n|-heal|p2b: Fake Out|56\/100|[from] Grassy Terrain\n|upkeep\n|\n|t:|1700383618\n|switch|p1a: \u989d\u554a\uff01\u8150\u8680\u80c6\u6c41\uff01|Heatran, M|100\/100\n|turn|5\n|\n|t:|1700383633\n|switch|p2a: Burner|Torkoal, F|98\/100\n|-weather|SunnyDay|[from] ability: Drought|[of] p2a: Burner\n|move|p1a: \u989d\u554a\uff01\u8150\u8680\u80c6\u6c41\uff01|Protect|p1a: \u989d\u554a\uff01\u8150\u8680\u80c6\u6c41\uff01\n|-singleturn|p1a: \u989d\u554a\uff01\u8150\u8680\u80c6\u6c41\uff01|Protect\n|move|p2b: Fake Out|Drain Punch|p1a: \u989d\u554a\uff01\u8150\u8680\u80c6\u6c41\uff01\n|-activate|p1a: \u989d\u554a\uff01\u8150\u8680\u80c6\u6c41\uff01|move: Protect\n|move|p1b: \u4f60\u62cd\u4e94\uff0c\u6211\u62cd\u516d\uff0c\u51fb\u638c\u5947\u88ad\u754f\u4e2a\u7f29|Volt Switch|p2a: Burner\n|-damage|p2a: Burner|82\/100\n|inactive|OPieceOfHeroGhost has 120 seconds left.\n|\n|t:|1700383646\n|-end|p1b: \u4f60\u62cd\u4e94\uff0c\u6211\u62cd\u516d\uff0c\u51fb\u638c\u5947\u88ad\u754f\u4e2a\u7f29|Quark Drive|[silent]\n|switch|p1b: ku\ud83d\udcb0\u70ae|Chien-Pao|100\/100|[from] Volt Switch\n|-ability|p1b: ku\ud83d\udcb0\u70ae|Sword of Ruin\n|\n|-weather|SunnyDay|[upkeep]\n|-heal|p2b: Fake Out|62\/100|[from] Grassy Terrain\n|-heal|p2a: Burner|88\/100|[from] Grassy Terrain\n|-fieldend|move: Grassy Terrain\n|upkeep\n|turn|6\n|\n|t:|1700383666\n|switch|p1b: \u62cd\u6253\u7329|Rillaboom, F|100\/100\n|-fieldstart|move: Grassy Terrain|[from] ability: Grassy Surge|[of] p1b: \u62cd\u6253\u7329\n|-terastallize|p1a: \u989d\u554a\uff01\u8150\u8680\u80c6\u6c41\uff01|Grass\n|move|p1a: \u989d\u554a\uff01\u8150\u8680\u80c6\u6c41\uff01|Heat Wave|p2b: Fake Out|[spread] p2a,p2b\n|-resisted|p2a: Burner\n|-damage|p2a: Burner|47\/100\n|-damage|p2b: Fake Out|34\/100\n|move|p2b: Fake Out|Drain Punch|p1a: \u989d\u554a\uff01\u8150\u8680\u80c6\u6c41\uff01\n|-damage|p1a: \u989d\u554a\uff01\u8150\u8680\u80c6\u6c41\uff01|65\/100\n|-heal|p2b: Fake Out|48\/100|[from] drain|[of] p1a: \u989d\u554a\uff01\u8150\u8680\u80c6\u6c41\uff01\n|move|p2a: Burner|Earth Power|p1a: \u989d\u554a\uff01\u8150\u8680\u80c6\u6c41\uff01\n|-resisted|p1a: \u989d\u554a\uff01\u8150\u8680\u80c6\u6c41\uff01\n|-damage|p1a: \u989d\u554a\uff01\u8150\u8680\u80c6\u6c41\uff01|50\/100\n|-damage|p2a: Burner|37\/100|[from] item: Life Orb\n|\n|-weather|SunnyDay|[upkeep]\n|-heal|p1a: \u989d\u554a\uff01\u8150\u8680\u80c6\u6c41\uff01|56\/100|[from] Grassy Terrain\n|-heal|p1a: \u989d\u554a\uff01\u8150\u8680\u80c6\u6c41\uff01|62\/100|[from] item: Leftovers\n|-heal|p2b: Fake Out|54\/100|[from] Grassy Terrain\n|-heal|p2a: Burner|44\/100|[from] Grassy Terrain\n|upkeep\n|turn|7\n|inactive|OPieceOfHeroGhost has 120 seconds left.\n|\n|t:|1700383696\n|move|p1b: \u62cd\u6253\u7329|Fake Out|p2b: Fake Out\n|-damage|p2b: Fake Out|45\/100\n|move|p1a: \u989d\u554a\uff01\u8150\u8680\u80c6\u6c41\uff01|Tera Blast|p2a: Burner|[anim] Tera Blast Grass\n|-resisted|p2a: Burner\n|-damage|p2a: Burner|8\/100\n|cant|p2b: Fake Out|flinch\n|move|p2a: Burner|Clear Smog|p1b: \u62cd\u6253\u7329\n|-supereffective|p1b: \u62cd\u6253\u7329\n|-damage|p1b: \u62cd\u6253\u7329|60\/100\n|-clearboost|p1b: \u62cd\u6253\u7329\n|-damage|p2a: Burner|0 fnt|[from] item: Life Orb\n|faint|p2a: Burner\n|\n|-weather|SunnyDay|[upkeep]\n|-heal|p1b: \u62cd\u6253\u7329|66\/100|[from] Grassy Terrain\n|-heal|p1a: \u989d\u554a\uff01\u8150\u8680\u80c6\u6c41\uff01|68\/100|[from] Grassy Terrain\n|-heal|p1a: \u989d\u554a\uff01\u8150\u8680\u80c6\u6c41\uff01|75\/100|[from] item: Leftovers\n|-heal|p2b: Fake Out|51\/100|[from] Grassy Terrain\n|upkeep\n|inactive|DragonSumedh has 120 seconds left.\n|\n|t:|1700383709\n|switch|p2a: Lilligant|Lilligant-Hisui, F, shiny|100\/100\n|turn|8\n|\n|t:|1700383720\n|move|p1a: \u989d\u554a\uff01\u8150\u8680\u80c6\u6c41\uff01|Protect|p1a: \u989d\u554a\uff01\u8150\u8680\u80c6\u6c41\uff01\n|-singleturn|p1a: \u989d\u554a\uff01\u8150\u8680\u80c6\u6c41\uff01|Protect\n|move|p2a: Lilligant|Ice Spinner|p1b: \u62cd\u6253\u7329\n|-supereffective|p1b: \u62cd\u6253\u7329\n|-damage|p1b: \u62cd\u6253\u7329|16\/100\n|-fieldend|move: Grassy Terrain\n|move|p1b: \u62cd\u6253\u7329|U-turn|p2a: Lilligant\n|-damage|p2a: Lilligant|61\/100\n|\n|t:|1700383730\n|switch|p1b: \u4f60\u62cd\u4e94\uff0c\u6211\u62cd\u516d\uff0c\u51fb\u638c\u5947\u88ad\u754f\u4e2a\u7f29|Iron Hands|100\/100|[from] U-turn\n|move|p2b: Fake Out|Drain Punch|p1b: \u4f60\u62cd\u4e94\uff0c\u6211\u62cd\u516d\uff0c\u51fb\u638c\u5947\u88ad\u754f\u4e2a\u7f29\n|-damage|p1b: \u4f60\u62cd\u4e94\uff0c\u6211\u62cd\u516d\uff0c\u51fb\u638c\u5947\u88ad\u754f\u4e2a\u7f29|75\/100\n|-heal|p2b: Fake Out|63\/100|[from] drain|[of] p1b: \u4f60\u62cd\u4e94\uff0c\u6211\u62cd\u516d\uff0c\u51fb\u638c\u5947\u88ad\u754f\u4e2a\u7f29\n|\n|-weather|SunnyDay|[upkeep]\n|-heal|p1a: \u989d\u554a\uff01\u8150\u8680\u80c6\u6c41\uff01|81\/100|[from] item: Leftovers\n|upkeep\n|turn|9\n|\n|t:|1700383749\n|switch|p2a: Basculegion|Basculegion-F, F, shiny|100\/100\n|move|p1b: \u4f60\u62cd\u4e94\uff0c\u6211\u62cd\u516d\uff0c\u51fb\u638c\u5947\u88ad\u754f\u4e2a\u7f29|Fake Out|p2a: Basculegion\n|-immune|p2a: Basculegion\n|move|p1a: \u989d\u554a\uff01\u8150\u8680\u80c6\u6c41\uff01|Heat Wave|p2b: Fake Out|[spread] p2a,p2b\n|-resisted|p2a: Basculegion\n|-crit|p2b: Fake Out\n|-damage|p2a: Basculegion|66\/100\n|-damage|p2b: Fake Out|20\/100\n|move|p2b: Fake Out|Drain Punch|p1b: \u4f60\u62cd\u4e94\uff0c\u6211\u62cd\u516d\uff0c\u51fb\u638c\u5947\u88ad\u754f\u4e2a\u7f29\n|-damage|p1b: \u4f60\u62cd\u4e94\uff0c\u6211\u62cd\u516d\uff0c\u51fb\u638c\u5947\u88ad\u754f\u4e2a\u7f29|47\/100\n|-heal|p2b: Fake Out|34\/100|[from] drain|[of] p1b: \u4f60\u62cd\u4e94\uff0c\u6211\u62cd\u516d\uff0c\u51fb\u638c\u5947\u88ad\u754f\u4e2a\u7f29\n|\n|-weather|none\n|-heal|p1a: \u989d\u554a\uff01\u8150\u8680\u80c6\u6c41\uff01|87\/100|[from] item: Leftovers\n|upkeep\n|turn|10\n|\n|t:|1700383773\n|switch|p2a: Lilligant|Lilligant-Hisui, F, shiny|61\/100\n|move|p1a: \u989d\u554a\uff01\u8150\u8680\u80c6\u6c41\uff01|Earth Power|p2b: Fake Out\n|-supereffective|p2b: Fake Out\n|-damage|p2b: Fake Out|0 fnt\n|faint|p2b: Fake Out\n|-end|p2b: Fake Out|Quark Drive|[silent]\n|move|p1b: \u4f60\u62cd\u4e94\uff0c\u6211\u62cd\u516d\uff0c\u51fb\u638c\u5947\u88ad\u754f\u4e2a\u7f29|Volt Switch|p2a: Lilligant\n|-resisted|p2a: Lilligant\n|-damage|p2a: Lilligant|52\/100\n|\n|t:|1700383784\n|-end|p1b: \u4f60\u62cd\u4e94\uff0c\u6211\u62cd\u516d\uff0c\u51fb\u638c\u5947\u88ad\u754f\u4e2a\u7f29|Quark Drive|[silent]\n|switch|p1b: \u62cd\u6253\u7329|Rillaboom, F|16\/100|[from] Volt Switch\n|-fieldstart|move: Grassy Terrain|[from] ability: Grassy Surge|[of] p1b: \u62cd\u6253\u7329\n|\n|-heal|p2a: Lilligant|58\/100|[from] Grassy Terrain\n|-heal|p1b: \u62cd\u6253\u7329|23\/100|[from] Grassy Terrain\n|-heal|p1a: \u989d\u554a\uff01\u8150\u8680\u80c6\u6c41\uff01|93\/100|[from] Grassy Terrain\n|-heal|p1a: \u989d\u554a\uff01\u8150\u8680\u80c6\u6c41\uff01|99\/100|[from] item: Leftovers\n|upkeep\n|\n|t:|1700383789\n|switch|p2b: Heatran|Heatran, M, tera:Grass|100\/100\n|turn|11\n|\n|t:|1700383817\n|switch|p2a: Rainy Season|Pelipper, M, shiny|55\/100\n|-weather|RainDance|[from] ability: Drizzle|[of] p2a: Rainy Season\n|switch|p1b: \u4f60\u62cd\u4e94\uff0c\u6211\u62cd\u516d\uff0c\u51fb\u638c\u5947\u88ad\u754f\u4e2a\u7f29|Iron Hands|47\/100\n|move|p1a: \u989d\u554a\uff01\u8150\u8680\u80c6\u6c41\uff01|Tera Blast|p2a: Rainy Season|[anim] Tera Blast Grass\n|-damage|p2a: Rainy Season|0 fnt\n|faint|p2a: Rainy Season\n|move|p2b: Heatran|Tera Blast|p1b: \u4f60\u62cd\u4e94\uff0c\u6211\u62cd\u516d\uff0c\u51fb\u638c\u5947\u88ad\u754f\u4e2a\u7f29|[anim] Tera Blast Grass\n|-damage|p1b: \u4f60\u62cd\u4e94\uff0c\u6211\u62cd\u516d\uff0c\u51fb\u638c\u5947\u88ad\u754f\u4e2a\u7f29|16\/100\n|\n|-weather|RainDance|[upkeep]\n|-heal|p1a: \u989d\u554a\uff01\u8150\u8680\u80c6\u6c41\uff01|100\/100|[from] Grassy Terrain\n|-heal|p1b: \u4f60\u62cd\u4e94\uff0c\u6211\u62cd\u516d\uff0c\u51fb\u638c\u5947\u88ad\u754f\u4e2a\u7f29|22\/100|[from] Grassy Terrain\n|upkeep\n|\n|t:|1700383831\n|switch|p2a: Basculegion|Basculegion-F, F, shiny|66\/100\n|turn|12\n|\n|t:|1700383842\n|move|p1a: \u989d\u554a\uff01\u8150\u8680\u80c6\u6c41\uff01|Protect|p1a: \u989d\u554a\uff01\u8150\u8680\u80c6\u6c41\uff01\n|-singleturn|p1a: \u989d\u554a\uff01\u8150\u8680\u80c6\u6c41\uff01|Protect\n|move|p1b: \u4f60\u62cd\u4e94\uff0c\u6211\u62cd\u516d\uff0c\u51fb\u638c\u5947\u88ad\u754f\u4e2a\u7f29|Fake Out|p2b: Heatran\n|-crit|p2b: Heatran\n|-damage|p2b: Heatran|82\/100\n|move|p2a: Basculegion|Last Respects|p1a: \u989d\u554a\uff01\u8150\u8680\u80c6\u6c41\uff01\n|-activate|p1a: \u989d\u554a\uff01\u8150\u8680\u80c6\u6c41\uff01|move: Protect\n|cant|p2b: Heatran|flinch\n|\n|-weather|RainDance|[upkeep]\n|-heal|p2a: Basculegion|72\/100|[from] Grassy Terrain\n|-heal|p2b: Heatran|88\/100|[from] Grassy Terrain\n|-heal|p1b: \u4f60\u62cd\u4e94\uff0c\u6211\u62cd\u516d\uff0c\u51fb\u638c\u5947\u88ad\u754f\u4e2a\u7f29|28\/100|[from] Grassy Terrain\n|upkeep\n|turn|13\n|\n|t:|1700383868\n|switch|p1a: ku\ud83d\udcb0\u70ae|Chien-Pao|100\/100\n|-ability|p1a: ku\ud83d\udcb0\u70ae|Sword of Ruin\n|move|p2a: Basculegion|Last Respects|p1a: ku\ud83d\udcb0\u70ae\n|-resisted|p1a: ku\ud83d\udcb0\u70ae\n|-damage|p1a: ku\ud83d\udcb0\u70ae|34\/100\n|move|p2b: Heatran|Tera Blast|p1a: ku\ud83d\udcb0\u70ae|[anim] Tera Blast Grass\n|-damage|p1a: ku\ud83d\udcb0\u70ae|0 fnt\n|faint|p1a: ku\ud83d\udcb0\u70ae\n|move|p1b: \u4f60\u62cd\u4e94\uff0c\u6211\u62cd\u516d\uff0c\u51fb\u638c\u5947\u88ad\u754f\u4e2a\u7f29|Drain Punch|p2b: Heatran\n|-damage|p2b: Heatran|50\/100\n|-heal|p1b: \u4f60\u62cd\u4e94\uff0c\u6211\u62cd\u516d\uff0c\u51fb\u638c\u5947\u88ad\u754f\u4e2a\u7f29|44\/100|[from] drain|[of] p2b: Heatran\n|\n|-weather|RainDance|[upkeep]\n|-heal|p2a: Basculegion|78\/100|[from] Grassy Terrain\n|-heal|p2b: Heatran|56\/100|[from] Grassy Terrain\n|-heal|p1b: \u4f60\u62cd\u4e94\uff0c\u6211\u62cd\u516d\uff0c\u51fb\u638c\u5947\u88ad\u754f\u4e2a\u7f29|50\/100|[from] Grassy Terrain\n|upkeep\n|inactive|OPieceOfHeroGhost has 120 seconds left.\n|\n|t:|1700383889\n|switch|p1a: \u62cd\u6253\u7329|Rillaboom, F|23\/100\n|turn|14\n|\n|t:|1700383896\n|move|p1a: \u62cd\u6253\u7329|Grassy Glide|p2a: Basculegion\n|-supereffective|p2a: Basculegion\n|-damage|p2a: Basculegion|0 fnt\n|faint|p2a: Basculegion\n|move|p2b: Heatran|Tera Blast|p1b: \u4f60\u62cd\u4e94\uff0c\u6211\u62cd\u516d\uff0c\u51fb\u638c\u5947\u88ad\u754f\u4e2a\u7f29|[anim] Tera Blast Grass\n|-damage|p1b: \u4f60\u62cd\u4e94\uff0c\u6211\u62cd\u516d\uff0c\u51fb\u638c\u5947\u88ad\u754f\u4e2a\u7f29|20\/100\n|move|p1b: \u4f60\u62cd\u4e94\uff0c\u6211\u62cd\u516d\uff0c\u51fb\u638c\u5947\u88ad\u754f\u4e2a\u7f29|Drain Punch|p2b: Heatran\n|-damage|p2b: Heatran|22\/100\n|-heal|p1b: \u4f60\u62cd\u4e94\uff0c\u6211\u62cd\u516d\uff0c\u51fb\u638c\u5947\u88ad\u754f\u4e2a\u7f29|33\/100|[from] drain|[of] p2b: Heatran\n|\n|-weather|RainDance|[upkeep]\n|-heal|p1a: \u62cd\u6253\u7329|29\/100|[from] Grassy Terrain\n|-heal|p2b: Heatran|28\/100|[from] Grassy Terrain\n|-heal|p1b: \u4f60\u62cd\u4e94\uff0c\u6211\u62cd\u516d\uff0c\u51fb\u638c\u5947\u88ad\u754f\u4e2a\u7f29|40\/100|[from] Grassy Terrain\n|-fieldend|move: Grassy Terrain\n|upkeep\n|\n|t:|1700383904\n|switch|p2a: Lilligant|Lilligant-Hisui, F, shiny|58\/100\n|turn|15\n|\n|t:|1700383916\n|switch|p1a: \u989d\u554a\uff01\u8150\u8680\u80c6\u6c41\uff01|Heatran, M, tera:Grass|100\/100\n|move|p2a: Lilligant|Ice Spinner|p1a: \u989d\u554a\uff01\u8150\u8680\u80c6\u6c41\uff01\n|-supereffective|p1a: \u989d\u554a\uff01\u8150\u8680\u80c6\u6c41\uff01\n|-damage|p1a: \u989d\u554a\uff01\u8150\u8680\u80c6\u6c41\uff01|55\/100\n|move|p2b: Heatran|Earth Power|p1b: \u4f60\u62cd\u4e94\uff0c\u6211\u62cd\u516d\uff0c\u51fb\u638c\u5947\u88ad\u754f\u4e2a\u7f29\n|-supereffective|p1b: \u4f60\u62cd\u4e94\uff0c\u6211\u62cd\u516d\uff0c\u51fb\u638c\u5947\u88ad\u754f\u4e2a\u7f29\n|-damage|p1b: \u4f60\u62cd\u4e94\uff0c\u6211\u62cd\u516d\uff0c\u51fb\u638c\u5947\u88ad\u754f\u4e2a\u7f29|4\/100\n|move|p1b: \u4f60\u62cd\u4e94\uff0c\u6211\u62cd\u516d\uff0c\u51fb\u638c\u5947\u88ad\u754f\u4e2a\u7f29|Drain Punch|p2a: Lilligant\n|-damage|p2a: Lilligant|0 fnt\n|-heal|p1b: \u4f60\u62cd\u4e94\uff0c\u6211\u62cd\u516d\uff0c\u51fb\u638c\u5947\u88ad\u754f\u4e2a\u7f29|21\/100|[from] drain|[of] p2a: Lilligant\n|faint|p2a: Lilligant\n|\n|-weather|none\n|-heal|p1a: \u989d\u554a\uff01\u8150\u8680\u80c6\u6c41\uff01|61\/100|[from] item: Leftovers\n|upkeep\n|turn|16\n|-message|DragonSumedh forfeited.\n|\n|win|OPieceOfHeroGhost\n|raw|OPieceOfHeroGhost's rating: 1573 &rarr; <strong>1595<\/strong><br \/>(+22 for winning)\n|raw|DragonSumedh's rating: 1612 &rarr; <strong>1590<\/strong><br \/>(-22 for losing)\n|l|\u2606DragonSumedh\n","uploadtime":1700383934,"views":7,"p1id":"opieceofheroghost","p2id":"dragonsumedh","formatid":"gen9doublesou","rating":1590,"private":0,"password":""}