{"id":"gen9doublesou-1980190280","p1":"AesirEcho","p2":"alimo","format":"[Gen 9] Doubles OU","log":"|j|\u2606AesirEcho\n|j|\u2606alimo\n|t:|1698764993\n|gametype|doubles\n|player|p1|AesirEcho|ethan-masters|1406\n|player|p2|alimo|266|1430\n|teamsize|p1|6\n|teamsize|p2|6\n|gen|9\n|tier|[Gen 9] Doubles OU\n|rated|\n|rule|Species Clause: Limit one of each Pok\u00e9mon\n|rule|OHKO Clause: OHKO moves are banned\n|rule|Evasion Moves Clause: Evasion moves are banned\n|rule|Gravity Sleep Clause: The combination of sleep-inducing moves with imperfect accuracy and Gravity or Gigantamax Orbeetle are banned\n|rule|Endless Battle Clause: Forcing endless battles is banned\n|rule|HP Percentage Mod: HP is shown in percentages\n|clearpoke\n|poke|p1|Flutter Mane|\n|poke|p1|Volcanion|\n|poke|p1|Kingambit, M|\n|poke|p1|Landorus-Therian, M|\n|poke|p1|Iron Hands|\n|poke|p1|Chi-Yu|\n|poke|p2|Ninetales-Alola, M|\n|poke|p2|Mamoswine, F|\n|poke|p2|Baxcalibur, M|\n|poke|p2|Heatran, M|\n|poke|p2|Zapdos|\n|poke|p2|Quagsire, M|\n|teampreview\n|\n|t:|1698765002\n|start\n|switch|p1a: Sirius|Chi-Yu|100\/100\n|switch|p1b: Arcturus|Volcanion|100\/100\n|switch|p2a: Mamoswine|Mamoswine, F|100\/100\n|switch|p2b: Ninetales|Ninetales-Alola, M|100\/100\n|-ability|p1a: Sirius|Beads of Ruin\n|-weather|Snow|[from] ability: Snow Warning|[of] p2b: Ninetales\n|turn|1\n|\n|t:|1698765016\n|switch|p2b: Heatran|Heatran, M|100\/100\n|switch|p2a: Quagsire|Quagsire, M|100\/100\n|move|p1a: Sirius|Flamethrower|p2b: Heatran\n|-start|p2b: Heatran|ability: Flash Fire\n|move|p1b: Arcturus|Steam Eruption|p2a: Quagsire\n|-immune|p2a: Quagsire|[from] ability: Water Absorb\n|\n|-weather|Snow|[upkeep]\n|upkeep\n|turn|2\n|\n|t:|1698765040\n|switch|p1a: Adhara|Landorus-Therian, M|100\/100\n|-ability|p1a: Adhara|Intimidate|boost\n|-unboost|p2a: Quagsire|atk|1\n|-unboost|p2b: Heatran|atk|1\n|-terastallize|p2b: Heatran|Grass\n|move|p2b: Heatran|Earth Power|p1a: Adhara\n|-immune|p1a: Adhara\n|move|p1b: Arcturus|Steam Eruption|p2b: Heatran\n|-resisted|p2b: Heatran\n|-damage|p2b: Heatran|82\/100\n|move|p2a: Quagsire|High Horsepower|p1a: Adhara\n|-immune|p1a: Adhara\n|\n|-weather|Snow|[upkeep]\n|upkeep\n|turn|3\n|\n|t:|1698765064\n|switch|p1b: Antares|Iron Hands|100\/100\n|move|p1a: Adhara|Taunt|p2a: Quagsire\n|-start|p2a: Quagsire|move: Taunt\n|move|p2b: Heatran|Earth Power|p1b: Antares\n|-supereffective|p1b: Antares\n|-damage|p1b: Antares|62\/100\n|cant|p2a: Quagsire|move: Taunt|Yawn\n|\n|-weather|Snow|[upkeep]\n|upkeep\n|turn|4\n|inactive|Battle timer is ON: inactive players will automatically lose when time's up. (requested by AesirEcho)\n|\n|t:|1698765118\n|switch|p2a: Baxcalibur|Baxcalibur, M|100\/100\n|move|p1a: Adhara|Stomping Tantrum|p2a: Baxcalibur\n|-damage|p2a: Baxcalibur|75\/100\n|move|p2b: Heatran|Earth Power|p1b: Antares\n|-supereffective|p1b: Antares\n|-damage|p1b: Antares|30\/100\n|move|p1b: Antares|Ice Punch|p2b: Heatran\n|-supereffective|p2b: Heatran\n|-damage|p2b: Heatran|36\/100\n|\n|-weather|Snow|[upkeep]\n|upkeep\n|turn|5\n|\n|t:|1698765145\n|-end|p2b: Heatran|ability: Flash Fire|[silent]\n|switch|p2b: Mamoswine|Mamoswine, F|100\/100\n|move|p1a: Adhara|Protect|p1a: Adhara\n|-singleturn|p1a: Adhara|Protect\n|move|p2a: Baxcalibur|Icicle Spear|p1a: Adhara\n|-activate|p1a: Adhara|move: Protect\n|move|p1b: Antares|Close Combat|p2a: Baxcalibur\n|-supereffective|p2a: Baxcalibur\n|-damage|p2a: Baxcalibur|0 fnt\n|-unboost|p1b: Antares|def|1\n|-unboost|p1b: Antares|spd|1\n|faint|p2a: Baxcalibur\n|\n|-weather|none\n|upkeep\n|\n|t:|1698765164\n|switch|p2a: Ninetales|Ninetales-Alola, M|100\/100\n|-weather|Snow|[from] ability: Snow Warning|[of] p2a: Ninetales\n|turn|6\n|\n|t:|1698765188\n|switch|p1a: Arcturus|Volcanion|100\/100\n|move|p2a: Ninetales|Protect|p2a: Ninetales\n|-singleturn|p2a: Ninetales|Protect\n|move|p2b: Mamoswine|High Horsepower|p1b: Antares\n|-supereffective|p1b: Antares\n|-damage|p1b: Antares|0 fnt\n|faint|p1b: Antares\n|-end|p1b: Antares|Quark Drive|[silent]\n|\n|-weather|Snow|[upkeep]\n|upkeep\n|\n|t:|1698765193\n|switch|p1b: Sirius|Chi-Yu|100\/100\n|-ability|p1b: Sirius|Beads of Ruin\n|turn|7\n|\n|t:|1698765216\n|move|p1b: Sirius|Flamethrower|p2a: Ninetales\n|-supereffective|p2a: Ninetales\n|-damage|p2a: Ninetales|0 fnt\n|faint|p2a: Ninetales\n|move|p2b: Mamoswine|Rock Slide|p1a: Arcturus|[spread] p1a,p1b\n|-supereffective|p1a: Arcturus\n|-supereffective|p1b: Sirius\n|-damage|p1a: Arcturus|69\/100\n|-damage|p1b: Sirius|35\/100\n|move|p1a: Arcturus|Earth Power|p2b: Mamoswine\n|-damage|p2b: Mamoswine|61\/100\n|\n|-weather|Snow|[upkeep]\n|upkeep\n|\n|t:|1698765230\n|switch|p2a: Heatran|Heatran, M, tera:Grass|36\/100\n|turn|8\n|\n|t:|1698765247\n|switch|p1b: Adhara|Landorus-Therian, M|100\/100\n|-ability|p1b: Adhara|Intimidate|boost\n|-unboost|p2a: Heatran|atk|1\n|-fail|p2b: Mamoswine|unboost|Attack|[from] ability: Oblivious|[of] p2b: Mamoswine\n|move|p2b: Mamoswine|Rock Slide|p1b: Adhara|[spread] p1a,p1b\n|-supereffective|p1a: Arcturus\n|-damage|p1a: Arcturus|34\/100\n|-damage|p1b: Adhara|82\/100\n|move|p2a: Heatran|Earth Power|p1b: Adhara\n|-immune|p1b: Adhara\n|move|p1a: Arcturus|Steam Eruption|p2b: Mamoswine\n|-supereffective|p2b: Mamoswine\n|-damage|p2b: Mamoswine|0 fnt\n|faint|p2b: Mamoswine\n|\n|-weather|Snow|[upkeep]\n|upkeep\n|\n|t:|1698765266\n|switch|p2b: Zapdos|Zapdos|100\/100\n|turn|9\n|\n|t:|1698765284\n|-terastallize|p1a: Arcturus|Ground\n|move|p2b: Zapdos|Tailwind|p2b: Zapdos\n|-sidestart|p2: alimo|move: Tailwind\n|move|p2a: Heatran|Earth Power|p1a: Arcturus\n|-damage|p1a: Arcturus|12\/100\n|move|p1b: Adhara|U-turn|p2a: Heatran\n|-supereffective|p2a: Heatran\n|-damage|p2a: Heatran|0 fnt\n|faint|p2a: Heatran\n|\n|t:|1698765294\n|switch|p1b: Sirius|Chi-Yu|35\/100|[from] U-turn\n|-ability|p1b: Sirius|Beads of Ruin\n|move|p1a: Arcturus|Steam Eruption|p2b: Zapdos\n|-damage|p2b: Zapdos|5\/100\n|\n|-weather|Snow|[upkeep]\n|upkeep\n|\n|t:|1698765303\n|switch|p2a: Quagsire|Quagsire, M|100\/100\n|turn|10\n|\n|t:|1698765309\n|move|p2b: Zapdos|Weather Ball|p1a: Arcturus\n|-supereffective|p1a: Arcturus\n|-damage|p1a: Arcturus|0 fnt\n|faint|p1a: Arcturus\n|-damage|p2b: Zapdos|0 fnt|[from] item: Life Orb\n|faint|p2b: Zapdos\n|move|p1b: Sirius|Dark Pulse|p2a: Quagsire\n|-damage|p2a: Quagsire|28\/100\n|move|p2a: Quagsire|High Horsepower|p1b: Sirius\n|-supereffective|p1b: Sirius\n|-damage|p1b: Sirius|0 fnt\n|faint|p1b: Sirius\n|\n|-weather|none\n|-heal|p2a: Quagsire|34\/100|[from] item: Leftovers\n|upkeep\n|\n|t:|1698765318\n|switch|p1b: Betelgeuse|Flutter Mane|100\/100\n|switch|p1a: Adhara|Landorus-Therian, M|82\/100\n|-ability|p1a: Adhara|Intimidate|boost\n|-unboost|p2a: Quagsire|atk|1\n|turn|11\n|\n|t:|1698765325\n|move|p1b: Betelgeuse|Moonblast|p2a: Quagsire\n|-damage|p2a: Quagsire|0 fnt\n|faint|p2a: Quagsire\n|\n|win|AesirEcho\n|raw|AesirEcho's rating: 1406 &rarr; <strong>1427<\/strong><br \/>(+21 for winning)\n|raw|alimo's rating: 1430 &rarr; <strong>1409<\/strong><br \/>(-21 for losing)\n|c|\u2606AesirEcho|gg\n|l|\u2606alimo\n","uploadtime":1698765333,"views":24,"p1id":"aesirecho","p2id":"alimo","formatid":"gen9doublesou","rating":1409,"private":0,"password":""}