{"id":"gen9doublesou-1988498010","p1":"penguinking132","p2":"Na5ty","format":"[Gen 9] Doubles OU","log":"|j|\u2606penguinking132\n|j|\u2606Na5ty\n|t:|1699729357\n|gametype|doubles\n|player|p1|penguinking132|burglar|1412\n|player|p2|Na5ty|170|1485\n|teamsize|p1|6\n|teamsize|p2|6\n|gen|9\n|tier|[Gen 9] Doubles OU\n|rated|\n|rule|Species Clause: Limit one of each Pok\u00e9mon\n|rule|OHKO Clause: OHKO moves are banned\n|rule|Evasion Moves Clause: Evasion moves are banned\n|rule|Gravity Sleep Clause: The combination of sleep-inducing moves with imperfect accuracy and Gravity or Gigantamax Orbeetle are banned\n|rule|Endless Battle Clause: Forcing endless battles is banned\n|rule|HP Percentage Mod: HP is shown in percentages\n|clearpoke\n|poke|p1|Ursaluna-Bloodmoon, M|\n|poke|p1|Chi-Yu|\n|poke|p1|Iron Hands|\n|poke|p1|Amoonguss, M|\n|poke|p1|Cresselia, F|\n|poke|p1|Ogerpon-Hearthflame, F|\n|poke|p2|Gastrodon-East, M|\n|poke|p2|Heatran, M|\n|poke|p2|Gholdengo|\n|poke|p2|Landorus-Therian, M|\n|poke|p2|Tyranitar, F|\n|poke|p2|Diancie|\n|teampreview\n|inactive|Battle timer is ON: inactive players will automatically lose when time's up. (requested by Na5ty)\n|\n|t:|1699729377\n|start\n|switch|p1a: Iron Hands|Iron Hands|100\/100\n|switch|p1b: Chi-Yu|Chi-Yu|100\/100\n|switch|p2a: Tyranitar|Tyranitar, F|100\/100\n|switch|p2b: Diancie|Diancie|100\/100\n|-ability|p1b: Chi-Yu|Beads of Ruin\n|-weather|Sandstorm|[from] ability: Sand Stream|[of] p2a: Tyranitar\n|turn|1\n|c|\u2606penguinking132|glhf\n|\n|t:|1699729393\n|switch|p2a: Landorus|Landorus-Therian, M|100\/100\n|-ability|p2a: Landorus|Intimidate|boost\n|-unboost|p1a: Iron Hands|atk|1\n|-unboost|p1b: Chi-Yu|atk|1\n|move|p1b: Chi-Yu|Protect|p1b: Chi-Yu\n|-singleturn|p1b: Chi-Yu|Protect\n|move|p2b: Diancie|Diamond Storm|p1b: Chi-Yu|[spread] p1a\n|-activate|p1b: Chi-Yu|move: Protect\n|-resisted|p1a: Iron Hands\n|-damage|p1a: Iron Hands|92\/100\n|-boost|p2b: Diancie|def|2\n|move|p1a: Iron Hands|Drain Punch|p2a: Landorus\n|-resisted|p2a: Landorus\n|-damage|p2a: Landorus|81\/100\n|-heal|p1a: Iron Hands|98\/100|[from] drain|[of] p2a: Landorus\n|\n|-weather|Sandstorm|[upkeep]\n|-damage|p1b: Chi-Yu|95\/100|[from] Sandstorm\n|-damage|p1a: Iron Hands|92\/100|[from] Sandstorm\n|upkeep\n|turn|2\n|\n|t:|1699729415\n|switch|p1b: Amoonguss|Amoonguss, M|100\/100\n|-terastallize|p1a: Iron Hands|Grass\n|move|p2a: Landorus|Stomping Tantrum|p1b: Amoonguss\n|-damage|p1b: Amoonguss|36\/100\n|move|p1a: Iron Hands|Heavy Slam|p2b: Diancie\n|-supereffective|p2b: Diancie\n|-damage|p2b: Diancie|50\/100\n|move|p2b: Diancie|Trick Room|p2b: Diancie\n|-fieldstart|move: Trick Room|[of] p2b: Diancie\n|\n|-weather|Sandstorm|[upkeep]\n|-damage|p1b: Amoonguss|30\/100|[from] Sandstorm\n|-damage|p1a: Iron Hands|86\/100|[from] Sandstorm\n|-heal|p2b: Diancie|56\/100|[from] item: Leftovers\n|upkeep\n|turn|3\n|\n|t:|1699729443\n|switch|p2b: Gholdengo|Gholdengo|100\/100\n|move|p1b: Amoonguss|Spore|p2b: Gholdengo\n|-immune|p2b: Gholdengo|[from] ability: Good as Gold\n|move|p1a: Iron Hands|Drain Punch|p2a: Landorus\n|-resisted|p2a: Landorus\n|-damage|p2a: Landorus|65\/100\n|-heal|p1a: Iron Hands|91\/100|[from] drain|[of] p2a: Landorus\n|move|p2a: Landorus|Stomping Tantrum|p1b: Amoonguss\n|-damage|p1b: Amoonguss|0 fnt\n|faint|p1b: Amoonguss\n|\n|-weather|Sandstorm|[upkeep]\n|-damage|p1a: Iron Hands|85\/100|[from] Sandstorm\n|upkeep\n|\n|t:|1699729448\n|switch|p1b: Ursaluna|Ursaluna-Bloodmoon, M|100\/100\n|turn|4\n|\n|t:|1699729466\n|move|p1a: Iron Hands|Volt Switch|p2b: Gholdengo\n|-damage|p2b: Gholdengo|87\/100\n|\n|t:|1699729471\n|-end|p1a: Iron Hands|Quark Drive|[silent]\n|switch|p1a: Cresselia|Cresselia, F|100\/100|[from] Volt Switch\n|move|p1b: Ursaluna|Blood Moon|p2b: Gholdengo\n|-resisted|p2b: Gholdengo\n|-damage|p2b: Gholdengo|38\/100\n|-damage|p1b: Ursaluna|90\/100|[from] item: Life Orb\n|move|p2b: Gholdengo|Dazzling Gleam|p1b: Ursaluna|[spread] p1a,p1b\n|-damage|p1a: Cresselia|84\/100\n|-damage|p1b: Ursaluna|65\/100\n|move|p2a: Landorus|Stomping Tantrum|p1b: Ursaluna\n|-damage|p1b: Ursaluna|22\/100\n|\n|-weather|Sandstorm|[upkeep]\n|-damage|p1a: Cresselia|78\/100|[from] Sandstorm\n|-heal|p1a: Cresselia|84\/100|[from] item: Leftovers\n|-heal|p2b: Gholdengo|44\/100|[from] item: Leftovers\n|upkeep\n|turn|5\n|\n|t:|1699729484\n|switch|p2b: Diancie|Diancie|56\/100\n|move|p1b: Ursaluna|Protect|p1b: Ursaluna\n|-singleturn|p1b: Ursaluna|Protect\n|move|p1a: Cresselia|Lunar Blessing|p1a: Cresselia|[spread] p1a,p1b\n|-heal|p1a: Cresselia|100\/100\n|-heal|p1b: Ursaluna|47\/100\n|move|p2a: Landorus|Stomping Tantrum|p1b: Ursaluna\n|-activate|p1b: Ursaluna|move: Protect\n|\n|-weather|none\n|-heal|p2b: Diancie|62\/100|[from] item: Leftovers\n|upkeep\n|turn|6\n|\n|t:|1699729497\n|move|p1b: Ursaluna|Blood Moon|p2a: Landorus\n|-damage|p2a: Landorus|0 fnt\n|faint|p2a: Landorus\n|-damage|p1b: Ursaluna|37\/100|[from] item: Life Orb\n|move|p2b: Diancie|Dazzling Gleam|p1a: Cresselia|[spread] p1a,p1b\n|-damage|p1a: Cresselia|86\/100\n|-damage|p1b: Ursaluna|15\/100\n|move|p1a: Cresselia|Lunar Blessing|p1a: Cresselia|[spread] p1a,p1b\n|-heal|p1a: Cresselia|100\/100\n|-heal|p1b: Ursaluna|40\/100\n|\n|-heal|p2b: Diancie|68\/100|[from] item: Leftovers\n|-fieldend|move: Trick Room\n|upkeep\n|\n|t:|1699729507\n|switch|p2a: Gastrodon|Gastrodon-East, M|100\/100\n|turn|7\n|\n|t:|1699729525\n|switch|p2b: Tyranitar|Tyranitar, F|100\/100\n|-weather|Sandstorm|[from] ability: Sand Stream|[of] p2b: Tyranitar\n|move|p1b: Ursaluna|Protect|p1b: Ursaluna\n|-singleturn|p1b: Ursaluna|Protect\n|move|p1a: Cresselia|Lunar Blessing|p1a: Cresselia|[spread] p1a,p1b\n|-heal|p1b: Ursaluna|65\/100\n|move|p2a: Gastrodon|Muddy Water|p1b: Ursaluna|[spread] p1a\n|-activate|p1b: Ursaluna|move: Protect\n|-damage|p1a: Cresselia|86\/100\n|-unboost|p1a: Cresselia|accuracy|1\n|\n|-weather|Sandstorm|[upkeep]\n|-damage|p1a: Cresselia|80\/100|[from] Sandstorm\n|-heal|p1a: Cresselia|86\/100|[from] item: Leftovers\n|upkeep\n|turn|8\n|\n|t:|1699729542\n|move|p1a: Cresselia|Dazzling Gleam|p2a: Gastrodon|[spread] p2a,p2b\n|-supereffective|p2b: Tyranitar\n|-damage|p2a: Gastrodon|85\/100\n|-damage|p2b: Tyranitar|85\/100\n|move|p2b: Tyranitar|Knock Off|p1b: Ursaluna\n|-damage|p1b: Ursaluna|27\/100\n|-enditem|p1b: Ursaluna|Life Orb|[from] move: Knock Off|[of] p2b: Tyranitar\n|move|p1b: Ursaluna|Blood Moon|p2a: Gastrodon\n|-damage|p2a: Gastrodon|2\/100\n|move|p2a: Gastrodon|Muddy Water|p1b: Ursaluna|[spread] p1a,p1b\n|-supereffective|p1b: Ursaluna\n|-damage|p1a: Cresselia|72\/100\n|-damage|p1b: Ursaluna|0 fnt\n|faint|p1b: Ursaluna\n|\n|-weather|Sandstorm|[upkeep]\n|-damage|p1a: Cresselia|66\/100|[from] Sandstorm\n|-heal|p1a: Cresselia|72\/100|[from] item: Leftovers\n|-heal|p2a: Gastrodon|8\/100|[from] item: Leftovers\n|upkeep\n|\n|t:|1699729546\n|switch|p1b: Iron Hands|Iron Hands, tera:Grass|85\/100\n|turn|9\n|\n|t:|1699729561\n|switch|p2b: Heatran|Heatran, M|100\/100\n|move|p1a: Cresselia|Dazzling Gleam|p2a: Gastrodon|[spread] p2a,p2b\n|-resisted|p2b: Heatran\n|-damage|p2a: Gastrodon|0 fnt\n|-damage|p2b: Heatran|97\/100\n|faint|p2a: Gastrodon\n|move|p1b: Iron Hands|Volt Switch|p2b: Heatran\n|-damage|p2b: Heatran|86\/100\n|\n|t:|1699729565\n|-end|p1b: Iron Hands|Quark Drive|[silent]\n|switch|p1b: Ogerpon|Ogerpon-Hearthflame, F|100\/100|[from] Volt Switch\n|-ability|p1b: Ogerpon|Mold Breaker\n|\n|-weather|Sandstorm|[upkeep]\n|-damage|p1b: Ogerpon|95\/100|[from] Sandstorm\n|-damage|p1a: Cresselia|66\/100|[from] Sandstorm\n|-heal|p1a: Cresselia|72\/100|[from] item: Leftovers\n|upkeep\n|\n|t:|1699729573\n|switch|p2a: Gholdengo|Gholdengo|44\/100\n|turn|10\n|\n|t:|1699729586\n|switch|p2a: Diancie|Diancie|68\/100\n|-terastallize|p2b: Heatran|Flying\n|move|p1b: Ogerpon|Ivy Cudgel|p2a: Diancie\n|-resisted|p2a: Diancie\n|-damage|p2a: Diancie|49\/100\n|move|p1a: Cresselia|Thunderbolt|p2b: Heatran\n|-supereffective|p2b: Heatran\n|-damage|p2b: Heatran|44\/100\n|move|p2b: Heatran|Tera Blast|p1b: Ogerpon|[anim] Tera Blast Flying\n|-supereffective|p1b: Ogerpon\n|-damage|p1b: Ogerpon|0 fnt\n|faint|p1b: Ogerpon\n|\n|-weather|Sandstorm|[upkeep]\n|-damage|p1a: Cresselia|66\/100|[from] Sandstorm\n|-damage|p2b: Heatran|38\/100|[from] Sandstorm\n|-heal|p1a: Cresselia|72\/100|[from] item: Leftovers\n|-heal|p2a: Diancie|55\/100|[from] item: Leftovers\n|upkeep\n|\n|t:|1699729590\n|switch|p1b: Iron Hands|Iron Hands, tera:Grass|85\/100\n|turn|11\n|\n|t:|1699729619\n|switch|p2b: Tyranitar|Tyranitar, F|85\/100\n|switch|p2a: Gholdengo|Gholdengo|44\/100\n|move|p1b: Iron Hands|Fake Out|p2b: Tyranitar\n|-resisted|p2b: Tyranitar\n|-damage|p2b: Tyranitar|79\/100\n|move|p1a: Cresselia|Trick Room|p1a: Cresselia\n|-fieldstart|move: Trick Room|[of] p1a: Cresselia\n|\n|-weather|none\n|-heal|p1a: Cresselia|78\/100|[from] item: Leftovers\n|-heal|p2a: Gholdengo|50\/100|[from] item: Leftovers\n|upkeep\n|turn|12\n|\n|t:|1699729645\n|switch|p2b: Diancie|Diancie|55\/100\n|move|p1b: Iron Hands|Heavy Slam|p2a: Gholdengo\n|-resisted|p2a: Gholdengo\n|-damage|p2a: Gholdengo|24\/100\n|move|p1a: Cresselia|Thunderbolt|p2a: Gholdengo\n|-damage|p2a: Gholdengo|2\/100\n|-status|p2a: Gholdengo|par\n|move|p2a: Gholdengo|Recover|p2a: Gholdengo\n|-heal|p2a: Gholdengo|52\/100 par\n|\n|-heal|p2a: Gholdengo|58\/100 par|[from] item: Leftovers\n|-heal|p2b: Diancie|61\/100|[from] item: Leftovers\n|-heal|p1a: Cresselia|84\/100|[from] item: Leftovers\n|upkeep\n|turn|13\n|\n|t:|1699729665\n|move|p1b: Iron Hands|Heavy Slam|p2b: Diancie\n|-supereffective|p2b: Diancie\n|-damage|p2b: Diancie|0 fnt\n|faint|p2b: Diancie\n|cant|p2a: Gholdengo|par\n|move|p1a: Cresselia|Thunderbolt|p2a: Gholdengo\n|-damage|p2a: Gholdengo|36\/100 par\n|\n|-heal|p2a: Gholdengo|42\/100 par|[from] item: Leftovers\n|-heal|p1a: Cresselia|90\/100|[from] item: Leftovers\n|upkeep\n|\n|t:|1699729676\n|switch|p2b: Tyranitar|Tyranitar, F|79\/100\n|-weather|Sandstorm|[from] ability: Sand Stream|[of] p2b: Tyranitar\n|turn|14\n|inactive|Na5ty has 120 seconds left.\n|\n|t:|1699729710\n|switch|p2b: Heatran|Heatran, M, tera:Flying|38\/100\n|move|p1b: Iron Hands|Drain Punch|p2b: Heatran\n|-resisted|p2b: Heatran\n|-damage|p2b: Heatran|19\/100\n|-heal|p1b: Iron Hands|91\/100|[from] drain|[of] p2b: Heatran\n|move|p2a: Gholdengo|Shadow Ball|p1a: Cresselia\n|-supereffective|p1a: Cresselia\n|-damage|p1a: Cresselia|26\/100\n|move|p1a: Cresselia|Thunderbolt|p2b: Heatran|[miss]\n|-miss|p1a: Cresselia|p2b: Heatran\n|\n|-weather|Sandstorm|[upkeep]\n|-damage|p1b: Iron Hands|85\/100|[from] Sandstorm\n|-damage|p2b: Heatran|13\/100|[from] Sandstorm\n|-damage|p1a: Cresselia|20\/100|[from] Sandstorm\n|-heal|p2a: Gholdengo|48\/100 par|[from] item: Leftovers\n|-heal|p1a: Cresselia|26\/100|[from] item: Leftovers\n|upkeep\n|turn|15\n|\n|t:|1699729730\n|move|p1b: Iron Hands|Drain Punch|p2b: Heatran\n|-resisted|p2b: Heatran\n|-damage|p2b: Heatran|0 fnt\n|-heal|p1b: Iron Hands|90\/100|[from] drain|[of] p2b: Heatran\n|faint|p2b: Heatran\n|cant|p2a: Gholdengo|par\n|move|p1a: Cresselia|Lunar Blessing|p1a: Cresselia|[spread] p1a,p1b\n|-heal|p1a: Cresselia|51\/100\n|-heal|p1b: Iron Hands|100\/100\n|\n|-weather|Sandstorm|[upkeep]\n|-damage|p1b: Iron Hands|94\/100|[from] Sandstorm\n|-damage|p1a: Cresselia|45\/100|[from] Sandstorm\n|-heal|p2a: Gholdengo|54\/100 par|[from] item: Leftovers\n|-heal|p1a: Cresselia|51\/100|[from] item: Leftovers\n|-fieldend|move: Trick Room\n|upkeep\n|\n|t:|1699729733\n|switch|p2b: Tyranitar|Tyranitar, F|79\/100\n|turn|16\n|\n|t:|1699729750\n|move|p1a: Cresselia|Thunderbolt|p2a: Gholdengo\n|-damage|p2a: Gholdengo|30\/100 par\n|move|p2b: Tyranitar|Ice Punch|p1b: Iron Hands\n|-supereffective|p1b: Iron Hands\n|-damage|p1b: Iron Hands|58\/100\n|move|p2a: Gholdengo|Shadow Ball|p1b: Iron Hands\n|-damage|p1b: Iron Hands|29\/100\n|move|p1b: Iron Hands|Drain Punch|p2b: Tyranitar\n|-supereffective|p2b: Tyranitar\n|-crit|p2b: Tyranitar\n|-damage|p2b: Tyranitar|0 fnt\n|-heal|p1b: Iron Hands|55\/100|[from] drain|[of] p2b: Tyranitar\n|faint|p2b: Tyranitar\n|\n|-weather|Sandstorm|[upkeep]\n|-damage|p1a: Cresselia|45\/100|[from] Sandstorm\n|-damage|p1b: Iron Hands|49\/100|[from] Sandstorm\n|-heal|p1a: Cresselia|51\/100|[from] item: Leftovers\n|-heal|p2a: Gholdengo|36\/100 par|[from] item: Leftovers\n|upkeep\n|turn|17\n|-message|Na5ty forfeited.\n|\n|win|penguinking132\n|raw|penguinking132's rating: 1412 &rarr; <strong>1436<\/strong><br \/>(+24 for winning)\n|raw|Na5ty's rating: 1485 &rarr; <strong>1461<\/strong><br \/>(-24 for losing)\n|l|\u2606Na5ty\n","uploadtime":1699729808,"views":12,"p1id":"penguinking132","p2id":"na5ty","formatid":"gen9doublesou","rating":1436,"private":0,"password":""}