{"id":"gen9doublesou-1980276266","p1":"faertrw","p2":"squareweirdguy","format":"[Gen 9] Doubles OU","log":"|j|\u2606faertrw\n|j|\u2606squareweirdguy\n|t:|1698771637\n|gametype|doubles\n|player|p1|faertrw|rood|1472\n|player|p2|squareweirdguy|palmer|1344\n|teamsize|p1|6\n|teamsize|p2|6\n|gen|9\n|tier|[Gen 9] Doubles OU\n|rated|\n|rule|Species Clause: Limit one of each Pok\u00e9mon\n|rule|OHKO Clause: OHKO moves are banned\n|rule|Evasion Moves Clause: Evasion moves are banned\n|rule|Gravity Sleep Clause: The combination of sleep-inducing moves with imperfect accuracy and Gravity or Gigantamax Orbeetle are banned\n|rule|Endless Battle Clause: Forcing endless battles is banned\n|rule|HP Percentage Mod: HP is shown in percentages\n|clearpoke\n|poke|p1|Heatran, F|\n|poke|p1|Volbeat, M|\n|poke|p1|Iron Hands|\n|poke|p1|Ogerpon-Wellspring, F|\n|poke|p1|Landorus-Therian, M|\n|poke|p1|Glimmora, F|\n|poke|p2|Ditto|\n|poke|p2|Zoroark-Hisui, F|\n|poke|p2|Tornadus, M|\n|poke|p2|Pelipper, M|\n|poke|p2|Landorus-Therian, M|\n|poke|p2|Roaring Moon|\n|teampreview\n|inactive|Battle timer is ON: inactive players will automatically lose when time's up. (requested by squareweirdguy)\n|\n|t:|1698771650\n|start\n|switch|p1a: Glimmora|Glimmora, F|100\/100\n|switch|p1b: Volbeat|Volbeat, M|100\/100\n|switch|p2a: *steals gimick|Ditto, shiny|100\/100\n|switch|p2b: Tornadus|Tornadus, M|100\/100\n|-transform|p2a: *steals gimick|p1b: Volbeat|[from] ability: Imposter\n|turn|1\n|\n|t:|1698771673\n|switch|p1b: Heatran|Heatran, F|100\/100\n|move|p2b: Tornadus|Taunt|p1b: Heatran\n|-start|p1b: Heatran|move: Taunt\n|move|p2a: *steals gimick|Taunt|p1a: Glimmora\n|-start|p1a: Glimmora|move: Taunt\n|move|p1a: Glimmora|Power Gem|p2a: *steals gimick\n|-supereffective|p2a: *steals gimick\n|-damage|p2a: *steals gimick|28\/100\n|\n|upkeep\n|turn|2\n|\n|t:|1698771692\n|switch|p2a: Landorus|Landorus-Therian, M|100\/100\n|-ability|p2a: Landorus|Intimidate|boost\n|-unboost|p1a: Glimmora|atk|1\n|-unboost|p1b: Heatran|atk|1\n|move|p2b: Tornadus|Focus Blast|p1a: Glimmora\n|-damage|p1a: Glimmora|47\/100\n|move|p1a: Glimmora|Power Gem|p2b: Tornadus\n|-supereffective|p2b: Tornadus\n|-crit|p2b: Tornadus\n|-damage|p2b: Tornadus|0 fnt\n|faint|p2b: Tornadus\n|move|p1b: Heatran|Heat Wave|p2a: Landorus\n|-damage|p2a: Landorus|28\/100\n|-enditem|p2a: Landorus|Sitrus Berry|[eat]\n|-heal|p2a: Landorus|53\/100|[from] item: Sitrus Berry\n|\n|upkeep\n|\n|t:|1698771703\n|switch|p2b: Pelipper|Pelipper, M, shiny|100\/100\n|-weather|RainDance|[from] ability: Drizzle|[of] p2b: Pelipper\n|turn|3\n|\n|t:|1698771723\n|switch|p1a: Landorus|Landorus-Therian, M|100\/100\n|-ability|p1a: Landorus|Intimidate|boost\n|-unboost|p2a: Landorus|atk|1\n|-unboost|p2b: Pelipper|atk|1\n|switch|p1b: Ogerpon|Ogerpon-Wellspring, F|100\/100\n|move|p2b: Pelipper|Weather Ball|p1a: Landorus\n|-supereffective|p1a: Landorus\n|-damage|p1a: Landorus|0 fnt\n|faint|p1a: Landorus\n|move|p2a: Landorus|Stealth Rock|p1b: Ogerpon\n|-sidestart|p1: faertrw|move: Stealth Rock\n|\n|-weather|RainDance|[upkeep]\n|upkeep\n|\n|t:|1698771735\n|switch|p1a: Iron Hands|Iron Hands|100\/100\n|-damage|p1a: Iron Hands|94\/100|[from] Stealth Rock\n|turn|4\n|\n|t:|1698771748\n|switch|p2b: *steals gimick|Ditto, shiny|28\/100\n|-transform|p2b: *steals gimick|p1a: Iron Hands|[from] ability: Imposter\n|move|p1b: Ogerpon|Ivy Cudgel|p2a: Landorus\n|-supereffective|p2a: Landorus\n|-damage|p2a: Landorus|0 fnt\n|faint|p2a: Landorus\n|move|p1a: Iron Hands|Wild Charge|p2b: *steals gimick\n|-resisted|p2b: *steals gimick\n|-damage|p2b: *steals gimick|0 fnt\n|faint|p2b: *steals gimick\n|-end|p2b: *steals gimick|Quark Drive|[silent]\n|-damage|p1a: Iron Hands|90\/100|[from] Recoil\n|\n|-weather|RainDance|[upkeep]\n|upkeep\n|\n|t:|1698771758\n|switch|p2a: Roaring Moon|Roaring Moon|100\/100\n|switch|p2b: Pelipper|Pelipper, M, shiny|100\/100\n|turn|5\n|\n|t:|1698771769\n|-terastallize|p2b: Pelipper|Ground\n|-terastallize|p1b: Ogerpon|Water\n|detailschange|p1b: Ogerpon|Ogerpon-Wellspring-Tera, F, tera:Water\n|-ability|p1b: Ogerpon|Embody Aspect (Wellspring)|boost\n|-boost|p1b: Ogerpon|spd|1\n|move|p2b: Pelipper|Hurricane|p1b: Ogerpon\n|-damage|p1b: Ogerpon|68\/100\n|move|p1b: Ogerpon|Leech Seed|p2b: Pelipper\n|-start|p2b: Pelipper|move: Leech Seed\n|move|p2a: Roaring Moon|Bitter Malice|p1a: Iron Hands\n|-damage|p1a: Iron Hands|60\/100\n|-unboost|p1a: Iron Hands|atk|1\n|-damage|p2a: Roaring Moon|91\/100|[from] item: Life Orb\n|move|p1a: Iron Hands|Wild Charge|p2b: Pelipper\n|-immune|p2b: Pelipper\n|\n|-weather|RainDance|[upkeep]\n|-damage|p2b: Pelipper|88\/100|[from] Leech Seed|[of] p1b: Ogerpon\n|-heal|p1b: Ogerpon|77\/100|[silent]\n|upkeep\n|turn|6\n|inactive|faertrw has 120 seconds left.\n|\n|t:|1698771802\n|move|p2b: Pelipper|Hurricane|p1a: Iron Hands\n|-damage|p1a: Iron Hands|32\/100\n|move|p1b: Ogerpon|Ivy Cudgel|p2b: Pelipper\n|-supereffective|p2b: Pelipper\n|-damage|p2b: Pelipper|0 fnt\n|faint|p2b: Pelipper\n|move|p2a: Roaring Moon|Hyper Voice|p1b: Ogerpon|[spread] p1a,p1b\n|-damage|p1a: Iron Hands|7\/100\n|-damage|p1b: Ogerpon|50\/100\n|-damage|p2a: Roaring Moon|81\/100|[from] item: Life Orb\n|move|p1a: Iron Hands|Wild Charge|p2a: Roaring Moon\n|-damage|p2a: Roaring Moon|4\/100\n|replace|p2a: Zoroark|Zoroark-Hisui, F, shiny\n|-end|p2a: Zoroark|Illusion\n|-damage|p1a: Iron Hands|0 fnt|[from] Recoil\n|faint|p1a: Iron Hands\n|-end|p1a: Iron Hands|Quark Drive|[silent]\n|\n|-weather|RainDance|[upkeep]\n|upkeep\n|\n|t:|1698771810\n|switch|p2b: Roaring Moon|Roaring Moon|100\/100\n|switch|p1a: Volbeat|Volbeat, M|100\/100\n|-damage|p1a: Volbeat|76\/100|[from] Stealth Rock\n|-enditem|p2b: Roaring Moon|Booster Energy\n|-activate|p2b: Roaring Moon|ability: Protosynthesis|[fromitem]\n|-start|p2b: Roaring Moon|protosynthesisatk\n|turn|7\n|\n|t:|1698771822\n|move|p1a: Volbeat|Tailwind|p1a: Volbeat\n|-sidestart|p1: faertrw|move: Tailwind\n|move|p1b: Ogerpon|U-turn|p2a: Zoroark\n|-resisted|p2a: Zoroark\n|-damage|p2a: Zoroark|0 fnt\n|faint|p2a: Zoroark\n|\n|t:|1698771827\n|switch|p1b: Glimmora|Glimmora, F|47\/100|[from] U-turn\n|-damage|p1b: Glimmora|34\/100|[from] Stealth Rock\n|move|p2b: Roaring Moon|Acrobatics|p1a: Volbeat\n|-supereffective|p1a: Volbeat\n|-damage|p1a: Volbeat|0 fnt\n|faint|p1a: Volbeat\n|\n|-weather|none\n|upkeep\n|\n|t:|1698771835\n|switch|p1a: Heatran|Heatran, F|100\/100\n|-damage|p1a: Heatran|88\/100|[from] Stealth Rock\n|turn|8\n|\n|t:|1698771849\n|move|p1b: Glimmora|Power Gem|p2b: Roaring Moon\n|-damage|p2b: Roaring Moon|60\/100\n|move|p1a: Heatran|Flash Cannon|p2b: Roaring Moon\n|-damage|p2b: Roaring Moon|19\/100\n|move|p2b: Roaring Moon|Knock Off|p1a: Heatran\n|-damage|p1a: Heatran|27\/100\n|-enditem|p1a: Heatran|Leftovers|[from] move: Knock Off|[of] p2b: Roaring Moon\n|\n|upkeep\n|turn|9\n|\n|t:|1698771858\n|move|p1b: Glimmora|Power Gem|p2b: Roaring Moon\n|-damage|p2b: Roaring Moon|0 fnt\n|faint|p2b: Roaring Moon\n|-end|p2b: Roaring Moon|Protosynthesis|[silent]\n|\n|win|faertrw\n|raw|faertrw's rating: 1472 &rarr; <strong>1485<\/strong><br \/>(+13 for winning)\n|raw|squareweirdguy's rating: 1344 &rarr; <strong>1331<\/strong><br \/>(-13 for losing)\n|l|\u2606faertrw\n","uploadtime":1698771864,"views":24,"p1id":"faertrw","p2id":"squareweirdguy","formatid":"gen9doublesou","rating":1331,"private":0,"password":""}