{"id":"gen9doublesou-1980145767","p1":"Zaeran00","p2":"Gen5IsGoodISwear","format":"[Gen 9] Doubles OU","log":"|j|\u2606Zaeran00\n|j|\u2606Gen5IsGoodISwear\n|t:|1698761344\n|gametype|doubles\n|player|p1|Zaeran00|n|1326\n|player|p2|Gen5IsGoodISwear|rosa|1489\n|teamsize|p1|6\n|teamsize|p2|6\n|gen|9\n|tier|[Gen 9] Doubles OU\n|rated|\n|rule|Species Clause: Limit one of each Pok\u00e9mon\n|rule|OHKO Clause: OHKO moves are banned\n|rule|Evasion Moves Clause: Evasion moves are banned\n|rule|Gravity Sleep Clause: The combination of sleep-inducing moves with imperfect accuracy and Gravity or Gigantamax Orbeetle are banned\n|rule|Endless Battle Clause: Forcing endless battles is banned\n|rule|HP Percentage Mod: HP is shown in percentages\n|clearpoke\n|poke|p1|Tyranitar, F|\n|poke|p1|Grimmsnarl, M|\n|poke|p1|Pincurchin, M|\n|poke|p1|Meowscarada, F|\n|poke|p1|Iron Moth|\n|poke|p1|Iron Hands|\n|poke|p2|Chandelure, M|\n|poke|p2|Tornadus, M|\n|poke|p2|Torkoal, M|\n|poke|p2|Lilligant-Hisui, F|\n|poke|p2|Gastrodon, F|\n|poke|p2|Flutter Mane|\n|teampreview\n|\n|t:|1698761357\n|start\n|switch|p1a: Pinchito|Pincurchin, M|100\/100\n|switch|p1b: Manoplas|Iron Hands|100\/100\n|switch|p2a: Torkoal|Torkoal, M|100\/100\n|switch|p2b: Tornadus|Tornadus, M|100\/100\n|-fieldstart|move: Electric Terrain|[from] ability: Electric Surge|[of] p1a: Pinchito\n|-activate|p1b: Manoplas|ability: Quark Drive\n|-start|p1b: Manoplas|quarkdriveatk\n|-weather|SunnyDay|[from] ability: Drought|[of] p2a: Torkoal\n|turn|1\n|\n|t:|1698761378\n|move|p1b: Manoplas|Fake Out|p2a: Torkoal\n|-damage|p2a: Torkoal|86\/100\n|move|p2b: Tornadus|Tailwind|p2b: Tornadus\n|-sidestart|p2: Gen5IsGoodISwear|move: Tailwind\n|cant|p2a: Torkoal|flinch\n|move|p1a: Pinchito|Zing Zap|p2b: Tornadus\n|-supereffective|p2b: Tornadus\n|-damage|p2b: Tornadus|0 fnt\n|faint|p2b: Tornadus\n|\n|-weather|SunnyDay|[upkeep]\n|upkeep\n|\n|t:|1698761402\n|switch|p2b: Gastrodon|Gastrodon, F|100\/100\n|turn|2\n|\n|t:|1698761410\n|switch|p2b: Chandelure|Chandelure, M|100\/100\n|move|p1b: Manoplas|Ice Punch|p2b: Chandelure\n|-resisted|p2b: Chandelure\n|-damage|p2b: Chandelure|70\/100\n|move|p2a: Torkoal|Lava Plume|p1b: Manoplas|[spread] p1a,p1b\n|-start|p2b: Chandelure|ability: Flash Fire\n|-damage|p1a: Pinchito|62\/100\n|-damage|p1b: Manoplas|85\/100\n|-status|p1a: Pinchito|brn\n|-status|p1b: Manoplas|brn\n|move|p1a: Pinchito|Thunder Wave|p2a: Torkoal\n|-status|p2a: Torkoal|par\n|\n|-weather|SunnyDay|[upkeep]\n|-damage|p1b: Manoplas|79\/100 brn|[from] brn\n|-damage|p1a: Pinchito|57\/100 brn|[from] brn\n|upkeep\n|turn|3\n|\n|t:|1698761435\n|switch|p2a: Lilligant|Lilligant-Hisui, F|100\/100\n|-terastallize|p2b: Chandelure|Fire\n|move|p2b: Chandelure|Heat Wave|p1a: Pinchito|[spread] p1a,p1b\n|-crit|p1b: Manoplas\n|-damage|p1a: Pinchito|0 fnt\n|-damage|p1b: Manoplas|0 fnt\n|faint|p1a: Pinchito\n|faint|p1b: Manoplas\n|-end|p1b: Manoplas|Quark Drive|[silent]\n|\n|-weather|SunnyDay|[upkeep]\n|upkeep\n|\n|t:|1698761451\n|switch|p1b: Kairi|Meowscarada, F|100\/100\n|switch|p1a: Volcarona 2.0|Iron Moth|100\/100\n|-activate|p1a: Volcarona 2.0|ability: Quark Drive\n|-start|p1a: Volcarona 2.0|quarkdrivespa\n|-enditem|p1a: Volcarona 2.0|Electric Seed\n|-boost|p1a: Volcarona 2.0|def|1|[from] item: Electric Seed\n|turn|4\n|\n|t:|1698761462\n|move|p1b: Kairi|Protect|p1b: Kairi\n|-start|p1b: Kairi|typechange|Normal|[from] ability: Protean\n|-singleturn|p1b: Kairi|Protect\n|move|p2a: Lilligant|Sleep Powder|p1a: Volcarona 2.0\n|-activate|p1a: Volcarona 2.0|move: Electric Terrain\n|move|p2b: Chandelure|Heat Wave|p1b: Kairi|[spread] p1a\n|-activate|p1b: Kairi|move: Protect\n|-resisted|p1a: Volcarona 2.0\n|-damage|p1a: Volcarona 2.0|0 fnt\n|faint|p1a: Volcarona 2.0\n|-end|p1a: Volcarona 2.0|Quark Drive|[silent]\n|\n|-weather|SunnyDay|[upkeep]\n|-sideend|p2: Gen5IsGoodISwear|move: Tailwind\n|upkeep\n|\n|t:|1698761477\n|switch|p1a: Esmeralda|Tyranitar, F|100\/100\n|-weather|Sandstorm|[from] ability: Sand Stream|[of] p1a: Esmeralda\n|turn|5\n|\n|t:|1698761488\n|move|p1b: Kairi|Sucker Punch|p2b: Chandelure\n|-damage|p2b: Chandelure|29\/100\n|-damage|p1b: Kairi|91\/100|[from] item: Life Orb\n|move|p2a: Lilligant|Sleep Powder|p1b: Kairi|[miss]\n|-miss|p2a: Lilligant|p1b: Kairi\n|move|p2b: Chandelure|Heat Wave|p1b: Kairi|[spread] p1a,p1b\n|-resisted|p1a: Esmeralda\n|-damage|p1a: Esmeralda|62\/100\n|-damage|p1b: Kairi|0 fnt\n|faint|p1b: Kairi\n|move|p1a: Esmeralda|Blizzard|p2a: Lilligant|[spread] p2a,p2b\n|-supereffective|p2a: Lilligant\n|-resisted|p2b: Chandelure\n|-damage|p2a: Lilligant|46\/100\n|-damage|p2b: Chandelure|15\/100\n|\n|-weather|Sandstorm|[upkeep]\n|-damage|p2a: Lilligant|40\/100|[from] Sandstorm\n|-damage|p2b: Chandelure|9\/100|[from] Sandstorm\n|upkeep\n|\n|t:|1698761522\n|switch|p1b: Ogres|Grimmsnarl, M|100\/100\n|turn|6\n|\n|t:|1698761530\n|switch|p2a: Torkoal|Torkoal, M|86\/100 par\n|-weather|SunnyDay|[from] ability: Drought|[of] p2a: Torkoal\n|-terastallize|p1a: Esmeralda|Rock\n|move|p1b: Ogres|Fake Out|p2a: Torkoal\n|-damage|p2a: Torkoal|79\/100 par\n|move|p2b: Chandelure|Heat Wave|p1b: Ogres|[spread] p1a,p1b\n|-resisted|p1a: Esmeralda\n|-damage|p1a: Esmeralda|0 fnt\n|-damage|p1b: Ogres|0 fnt\n|faint|p1a: Esmeralda\n|faint|p1b: Ogres\n|\n|win|Gen5IsGoodISwear\n|raw|Zaeran00's rating: 1326 &rarr; <strong>1315<\/strong><br \/>(-11 for losing)\n|raw|Gen5IsGoodISwear's rating: 1489 &rarr; <strong>1500<\/strong><br \/>(+11 for winning)\n|l|\u2606Zaeran00\n","uploadtime":1698761544,"views":17,"p1id":"zaeran00","p2id":"gen5isgoodiswear","formatid":"gen9doublesou","rating":1315,"private":0,"password":""}