{"id":"gen9doublesou-2000113329","p1":"tigertomd","p2":"Tal0","format":"[Gen 9] Doubles OU","log":"|j|\u2606tigertomd\n|j|\u2606Tal0\n|inactive|Battle timer is ON: inactive players will automatically lose when time's up.\n|t:|1701157219\n|gametype|doubles\n|player|p1|tigertomd|ghetsis|\n|player|p2|Tal0|youngcouple-gen4dp|\n|teamsize|p1|6\n|teamsize|p2|6\n|gen|9\n|tier|[Gen 9] Doubles OU\n|rated|Tournament battle\n|rule|Species Clause: Limit one of each Pok\u00e9mon\n|rule|OHKO Clause: OHKO moves are banned\n|rule|Evasion Moves Clause: Evasion moves are banned\n|rule|Gravity Sleep Clause: The combination of sleep-inducing moves with imperfect accuracy and Gravity or Gigantamax Orbeetle are banned\n|rule|Endless Battle Clause: Forcing endless battles is banned\n|rule|HP Percentage Mod: HP is shown in percentages\n|clearpoke\n|poke|p1|Luxio, F|\n|poke|p1|Garganacl, F|\n|poke|p1|Sneasler, M|\n|poke|p1|Mabosstiff, F|\n|poke|p1|Gengar, M|\n|poke|p1|Toedscruel, F|\n|poke|p2|Milotic, F|\n|poke|p2|Dusclops, F|\n|poke|p2|Lilligant-Hisui, F|\n|poke|p2|Clodsire, M|\n|poke|p2|Kingambit, F|\n|poke|p2|Pupitar, F|\n|teampreview\n|j|*Lady Monita \u2746\n|inactive|tigertomd has 120 seconds left.\n|inactive|Tal0 has 120 seconds left.\n|\n|t:|1701157262\n|start\n|switch|p1a: Garganacl|Garganacl, F|100\/100\n|switch|p1b: Toedscruel|Toedscruel, F|100\/100\n|switch|p2a: Clodsire|Clodsire, M|100\/100\n|switch|p2b: Dusclops|Dusclops, F|100\/100\n|-ability|p2b: Dusclops|Pressure\n|turn|1\n|inactive|tigertomd has 120 seconds left.\n|inactive|Tal0 has 120 seconds left.\n|\n|t:|1701157317\n|switch|p1a: Gengar|Gengar, M|100\/100\n|switch|p2b: Pupitar|Pupitar, F|100\/100\n|move|p1b: Toedscruel|Earth Power|p2a: Clodsire\n|-supereffective|p2a: Clodsire\n|-damage|p2a: Clodsire|61\/100\n|move|p2a: Clodsire|Poison Jab|p1b: Toedscruel\n|-damage|p1b: Toedscruel|74\/100\n|-status|p1b: Toedscruel|psn\n|\n|-heal|p1b: Toedscruel|80\/100 psn|[from] item: Leftovers\n|-damage|p1b: Toedscruel|68\/100 psn|[from] psn\n|upkeep\n|turn|2\n|inactive|tigertomd has 120 seconds left.\n|inactive|Tal0 has 120 seconds left.\n|\n|t:|1701157343\n|switch|p2b: Kingambit|Kingambit, F|100\/100\n|move|p1a: Gengar|Energy Ball|p2b: Kingambit\n|-resisted|p2b: Kingambit\n|-damage|p2b: Kingambit|91\/100\n|move|p1b: Toedscruel|Earth Power|p2a: Clodsire\n|-supereffective|p2a: Clodsire\n|-crit|p2a: Clodsire\n|-damage|p2a: Clodsire|8\/100\n|-enditem|p2a: Clodsire|Sitrus Berry|[eat]\n|-heal|p2a: Clodsire|33\/100|[from] item: Sitrus Berry\n|move|p2a: Clodsire|High Horsepower|p1a: Gengar\n|-supereffective|p1a: Gengar\n|-damage|p1a: Gengar|0 fnt\n|faint|p1a: Gengar\n|\n|-heal|p1b: Toedscruel|74\/100 psn|[from] item: Leftovers\n|-damage|p1b: Toedscruel|61\/100 psn|[from] psn\n|upkeep\n|\n|t:|1701157361\n|switch|p1a: Sneasler|Sneasler, M|100\/100\n|turn|3\n|inactive|tigertomd has 120 seconds left.\n|\n|t:|1701157380\n|switch|p2b: Dusclops|Dusclops, F|100\/100\n|-ability|p2b: Dusclops|Pressure\n|move|p1a: Sneasler|Fake Out|p2a: Clodsire\n|-damage|p2a: Clodsire|22\/100\n|move|p1b: Toedscruel|Knock Off|p2b: Dusclops\n|-supereffective|p2b: Dusclops\n|-damage|p2b: Dusclops|88\/100\n|-enditem|p2b: Dusclops|Eviolite|[from] move: Knock Off|[of] p1b: Toedscruel\n|cant|p2a: Clodsire|flinch\n|\n|-heal|p1b: Toedscruel|67\/100 psn|[from] item: Leftovers\n|-damage|p1b: Toedscruel|55\/100 psn|[from] psn\n|upkeep\n|turn|4\n|inactive|tigertomd has 120 seconds left.\n|\n|t:|1701157413\n|switch|p1a: Mabosstiff|Mabosstiff, F|100\/100\n|-ability|p1a: Mabosstiff|Intimidate|boost\n|-unboost|p2a: Clodsire|atk|1\n|-unboost|p2b: Dusclops|atk|1\n|move|p1b: Toedscruel|Earth Power|p2a: Clodsire\n|-supereffective|p2a: Clodsire\n|-damage|p2a: Clodsire|0 fnt\n|faint|p2a: Clodsire\n|move|p2b: Dusclops|Substitute|p2b: Dusclops\n|-start|p2b: Dusclops|Substitute\n|-damage|p2b: Dusclops|64\/100\n|\n|-heal|p1b: Toedscruel|61\/100 psn|[from] item: Leftovers\n|-damage|p1b: Toedscruel|49\/100 psn|[from] psn\n|upkeep\n|\n|t:|1701157424\n|switch|p2a: Lilligant|Lilligant-Hisui, F|100\/100\n|turn|5\n|inactive|tigertomd has 120 seconds left.\n|\n|t:|1701157445\n|move|p2a: Lilligant|Victory Dance|p2a: Lilligant\n|-boost|p2a: Lilligant|atk|1\n|-boost|p2a: Lilligant|def|1\n|-boost|p2a: Lilligant|spe|1\n|move|p1b: Toedscruel|Knock Off|p2a: Lilligant\n|-resisted|p2a: Lilligant\n|-damage|p2a: Lilligant|93\/100\n|-enditem|p2a: Lilligant|Wide Lens|[from] move: Knock Off|[of] p1b: Toedscruel\n|move|p1a: Mabosstiff|Taunt|p2b: Dusclops\n|-start|p2b: Dusclops|move: Taunt\n|cant|p2b: Dusclops|move: Taunt|Will-O-Wisp\n|\n|-heal|p1b: Toedscruel|55\/100 psn|[from] item: Leftovers\n|-damage|p1b: Toedscruel|42\/100 psn|[from] psn\n|upkeep\n|turn|6\n|inactive|tigertomd has 120 seconds left.\n|\n|t:|1701157472\n|move|p2a: Lilligant|Victory Dance|p2a: Lilligant\n|-boost|p2a: Lilligant|atk|1\n|-boost|p2a: Lilligant|def|1\n|-boost|p2a: Lilligant|spe|1\n|move|p1b: Toedscruel|Earth Power|p2b: Dusclops\n|-end|p2b: Dusclops|Substitute\n|move|p1a: Mabosstiff|Play Rough|p2a: Lilligant\n|-supereffective|p2a: Lilligant\n|-damage|p2a: Lilligant|34\/100\n|move|p2b: Dusclops|Poltergeist|p1b: Toedscruel\n|-activate|p1b: Toedscruel|move: Poltergeist|Leftovers\n|-damage|p1b: Toedscruel|16\/100 psn\n|\n|-heal|p1b: Toedscruel|22\/100 psn|[from] item: Leftovers\n|-damage|p1b: Toedscruel|10\/100 psn|[from] psn\n|upkeep\n|turn|7\n|\n|t:|1701157492\n|switch|p1a: Luxio|Luxio, F|100\/100\n|-ability|p1a: Luxio|Intimidate|boost\n|-unboost|p2a: Lilligant|atk|1\n|-unboost|p2b: Dusclops|atk|1\n|move|p2a: Lilligant|Close Combat|p1a: Luxio\n|-damage|p1a: Luxio|0 fnt\n|-unboost|p2a: Lilligant|def|1\n|-unboost|p2a: Lilligant|spd|1\n|faint|p1a: Luxio\n|move|p1b: Toedscruel|Earth Power|p2b: Dusclops\n|-damage|p2b: Dusclops|38\/100\n|move|p2b: Dusclops|Poltergeist|p1b: Toedscruel\n|-activate|p1b: Toedscruel|move: Poltergeist|Leftovers\n|-damage|p1b: Toedscruel|0 fnt\n|faint|p1b: Toedscruel\n|\n|-end|p2b: Dusclops|move: Taunt\n|upkeep\n|inactive|tigertomd has 120 seconds left.\n|\n|t:|1701157508\n|switch|p1a: Sneasler|Sneasler, M|100\/100\n|switch|p1b: Mabosstiff|Mabosstiff, F|100\/100\n|-ability|p1b: Mabosstiff|Intimidate|boost\n|-unboost|p2a: Lilligant|atk|1\n|-unboost|p2b: Dusclops|atk|1\n|turn|8\n|\n|t:|1701157534\n|move|p1a: Sneasler|Fake Out|p2a: Lilligant\n|-damage|p2a: Lilligant|17\/100\n|cant|p2a: Lilligant|flinch\n|move|p1b: Mabosstiff|Crunch|p2b: Dusclops\n|-supereffective|p2b: Dusclops\n|-damage|p2b: Dusclops|0 fnt\n|faint|p2b: Dusclops\n|\n|upkeep\n|inactive|Tal0 has 120 seconds left.\n|\n|t:|1701157549\n|switch|p2b: Milotic|Milotic, F|100\/100\n|turn|9\n|\n|t:|1701157568\n|move|p2a: Lilligant|Close Combat|p1b: Mabosstiff\n|-supereffective|p1b: Mabosstiff\n|-damage|p1b: Mabosstiff|0 fnt\n|-unboost|p2a: Lilligant|def|1\n|-unboost|p2a: Lilligant|spd|1\n|faint|p1b: Mabosstiff\n|move|p1a: Sneasler|Close Combat|p2a: Lilligant\n|-damage|p2a: Lilligant|0 fnt\n|-unboost|p1a: Sneasler|def|1\n|-unboost|p1a: Sneasler|spd|1\n|-enditem|p1a: Sneasler|White Herb\n|-clearnegativeboost|p1a: Sneasler|[silent]\n|faint|p2a: Lilligant\n|move|p2b: Milotic|Scald|p1a: Sneasler\n|-damage|p1a: Sneasler|61\/100\n|\n|upkeep\n|\n|t:|1701157587\n|switch|p2a: Pupitar|Pupitar, F|100\/100\n|switch|p1b: Garganacl|Garganacl, F|100\/100\n|turn|10\n|j| Bhaviswar 2\n|\n|t:|1701157611\n|-terastallize|p1b: Garganacl|Fairy\n|move|p1a: Sneasler|Close Combat|p2a: Pupitar\n|-supereffective|p2a: Pupitar\n|-damage|p2a: Pupitar|0 fnt\n|-unboost|p1a: Sneasler|def|1\n|-unboost|p1a: Sneasler|spd|1\n|faint|p2a: Pupitar\n|move|p2b: Milotic|Scald|p1a: Sneasler\n|-damage|p1a: Sneasler|4\/100\n|move|p1b: Garganacl|Salt Cure|p2b: Milotic\n|-damage|p2b: Milotic|91\/100\n|-start|p2b: Milotic|Salt Cure\n|\n|-heal|p2b: Milotic|97\/100|[from] item: Leftovers\n|-damage|p2b: Milotic|72\/100|[from] Salt Cure\n|upkeep\n|\n|t:|1701157616\n|switch|p2a: Kingambit|Kingambit, F|91\/100\n|turn|11\n|inactive|tigertomd has 120 seconds left.\n|\n|t:|1701157646\n|-terastallize|p2a: Kingambit|Poison\n|move|p1a: Sneasler|Close Combat|p2b: Milotic\n|-damage|p2b: Milotic|24\/100\n|-unboost|p1a: Sneasler|def|1\n|-unboost|p1a: Sneasler|spd|1\n|move|p2b: Milotic|Scald|p1a: Sneasler\n|-damage|p1a: Sneasler|0 fnt\n|faint|p1a: Sneasler\n|move|p2a: Kingambit|Iron Head|p1b: Garganacl\n|-supereffective|p1b: Garganacl\n|-damage|p1b: Garganacl|51\/100\n|cant|p1b: Garganacl|flinch\n|\n|-heal|p2b: Milotic|30\/100|[from] item: Leftovers\n|-heal|p1b: Garganacl|58\/100|[from] item: Leftovers\n|-damage|p2b: Milotic|5\/100|[from] Salt Cure\n|upkeep\n|turn|12\n|\n|t:|1701157663\n|move|p2b: Milotic|Scald|p1b: Garganacl\n|-damage|p1b: Garganacl|34\/100\n|move|p2a: Kingambit|Iron Head|p1b: Garganacl\n|-supereffective|p1b: Garganacl\n|-damage|p1b: Garganacl|0 fnt\n|faint|p1b: Garganacl\n|\n|win|Tal0\n|n|\u2606tigertomd|tigertomd\n|n|\u2606Tal0|tal0\n|n|*Lady Monita \u2746|ladymonita\n|n| Bhaviswar 2|bhaviswar2\n","uploadtime":1701157664,"views":7,"p1id":"tigertomd","p2id":"tal0","formatid":"gen9doublesou","rating":0,"private":0,"password":""}