{"id":"gen9doublesou-1983577165","p1":"Yancechris","p2":"cotesmcgotes","format":"[Gen 9] Doubles OU","log":"|j|\u2606Yancechris\n|j|\u2606cotesmcgotes\n|t:|1699145318\n|gametype|doubles\n|player|p1|Yancechris|flint|1104\n|player|p2|cotesmcgotes|artistf-gen6|1308\n|teamsize|p1|6\n|teamsize|p2|6\n|gen|9\n|tier|[Gen 9] Doubles OU\n|rated|\n|rule|Species Clause: Limit one of each Pok\u00e9mon\n|rule|OHKO Clause: OHKO moves are banned\n|rule|Evasion Moves Clause: Evasion moves are banned\n|rule|Gravity Sleep Clause: The combination of sleep-inducing moves with imperfect accuracy and Gravity or Gigantamax Orbeetle are banned\n|rule|Endless Battle Clause: Forcing endless battles is banned\n|rule|HP Percentage Mod: HP is shown in percentages\n|clearpoke\n|poke|p1|Glimmora, F|\n|poke|p1|Rillaboom, F|\n|poke|p1|Gholdengo|\n|poke|p1|Torkoal, M|\n|poke|p1|Goodra-Hisui, M|\n|poke|p1|Diancie|\n|poke|p2|Cresselia, F|\n|poke|p2|Tsareena, F|\n|poke|p2|Tornadus, M|\n|poke|p2|Ninetales, M|\n|poke|p2|Chien-Pao|\n|poke|p2|Gliscor, F|\n|teampreview\n|inactive|Battle timer is ON: inactive players will automatically lose when time's up. (requested by Yancechris)\n|\n|t:|1699145344\n|start\n|switch|p1a: Goodra|Goodra-Hisui, M|100\/100\n|switch|p1b: Diancie|Diancie|100\/100\n|switch|p2a: Tornadus|Tornadus, M, shiny|100\/100\n|switch|p2b: Gliscor|Gliscor, F, shiny|100\/100\n|turn|1\n|\n|t:|1699145370\n|move|p2a: Tornadus|Taunt|p1b: Diancie\n|-start|p1b: Diancie|move: Taunt\n|move|p2b: Gliscor|Earthquake|p1a: Goodra|[spread] p1a,p1b\n|-immune|p2a: Tornadus\n|-supereffective|p1a: Goodra\n|-supereffective|p1b: Diancie\n|-damage|p1a: Goodra|33\/100\n|-damage|p1b: Diancie|43\/100\n|move|p1b: Diancie|Diamond Storm|p2a: Tornadus|[spread] p2a,p2b\n|-supereffective|p2a: Tornadus\n|-damage|p2a: Tornadus|47\/100\n|-damage|p2b: Gliscor|78\/100\n|-boost|p1b: Diancie|def|2\n|move|p1a: Goodra|Thunderbolt|p2a: Tornadus\n|-supereffective|p2a: Tornadus\n|-damage|p2a: Tornadus|7\/100\n|\n|-heal|p1b: Diancie|49\/100|[from] item: Leftovers\n|-heal|p1a: Goodra|39\/100|[from] item: Leftovers\n|-status|p2b: Gliscor|tox|[from] item: Toxic Orb\n|upkeep\n|turn|2\n|inactive|Yancechris has 120 seconds left.\n|\n|t:|1699145404\n|move|p2a: Tornadus|Tailwind|p2a: Tornadus\n|-sidestart|p2: cotesmcgotes|move: Tailwind\n|move|p2b: Gliscor|Earthquake|p1b: Diancie|[spread] p1a,p1b\n|-immune|p2a: Tornadus\n|-supereffective|p1a: Goodra\n|-supereffective|p1b: Diancie\n|-damage|p1a: Goodra|0 fnt\n|-damage|p1b: Diancie|16\/100\n|faint|p1a: Goodra\n|move|p1b: Diancie|Psychic|p2a: Tornadus\n|-damage|p2a: Tornadus|0 fnt\n|faint|p2a: Tornadus\n|\n|-heal|p1b: Diancie|22\/100|[from] item: Leftovers\n|-heal|p2b: Gliscor|90\/100 tox|[from] ability: Poison Heal\n|upkeep\n|inactive|Yancechris has 120 seconds left.\n|inactive|cotesmcgotes has 120 seconds left.\n|\n|t:|1699145439\n|switch|p2a: Cresselia|Cresselia, F, shiny|100\/100\n|switch|p1a: Gholdengo|Gholdengo|100\/100\n|turn|3\n|\n|t:|1699145455\n|switch|p1b: Rillaboom|Rillaboom, F, shiny|100\/100\n|-fieldstart|move: Grassy Terrain|[from] ability: Grassy Surge|[of] p1b: Rillaboom\n|-terastallize|p2a: Cresselia|Electric\n|-terastallize|p1a: Gholdengo|Flying\n|move|p2b: Gliscor|Earthquake|p1a: Gholdengo|[spread] p1b\n|-immune|p2a: Cresselia|[from] ability: Levitate\n|-immune|p1a: Gholdengo\n|-resisted|p1b: Rillaboom\n|-damage|p1b: Rillaboom|93\/100\n|move|p2a: Cresselia|Charge Beam|p1a: Gholdengo\n|-supereffective|p1a: Gholdengo\n|-damage|p1a: Gholdengo|47\/100\n|-boost|p2a: Cresselia|spa|1\n|move|p1a: Gholdengo|Make It Rain|p2a: Cresselia|[spread] p2a,p2b\n|-resisted|p2a: Cresselia\n|-damage|p2a: Cresselia|76\/100\n|-damage|p2b: Gliscor|8\/100 tox\n|-unboost|p1a: Gholdengo|spa|1\n|-damage|p1a: Gholdengo|38\/100|[from] item: Life Orb\n|\n|-heal|p1b: Rillaboom|99\/100|[from] Grassy Terrain\n|-heal|p2b: Gliscor|21\/100 tox|[from] ability: Poison Heal\n|upkeep\n|turn|4\n|inactive|Yancechris has 120 seconds left.\n|inactive|cotesmcgotes has 120 seconds left.\n|\n|t:|1699145501\n|switch|p2b: Ninetales|Ninetales, M, shiny|100\/100\n|-weather|SunnyDay|[from] ability: Drought|[of] p2b: Ninetales\n|move|p1b: Rillaboom|Fake Out|p2b: Ninetales\n|-damage|p2b: Ninetales|78\/100\n|move|p2a: Cresselia|Charge Beam|p1a: Gholdengo\n|-supereffective|p1a: Gholdengo\n|-damage|p1a: Gholdengo|0 fnt\n|-boost|p2a: Cresselia|spa|1\n|faint|p1a: Gholdengo\n|\n|-weather|SunnyDay|[upkeep]\n|-heal|p2b: Ninetales|84\/100|[from] Grassy Terrain\n|-heal|p1b: Rillaboom|100\/100|[from] Grassy Terrain\n|upkeep\n|\n|t:|1699145517\n|switch|p1a: Glimmora|Glimmora, F|100\/100\n|turn|5\n|\n|t:|1699145537\n|move|p2b: Ninetales|Solar Beam||[still]\n|-prepare|p2b: Ninetales|Solar Beam\n|-anim|p2b: Ninetales|Solar Beam|p1a: Glimmora\n|-damage|p1a: Glimmora|54\/100\n|move|p2a: Cresselia|Stored Power|p1a: Glimmora\n|-supereffective|p1a: Glimmora\n|-damage|p1a: Glimmora|0 fnt\n|faint|p1a: Glimmora\n|move|p1b: Rillaboom|High Horsepower|p2a: Cresselia\n|-immune|p2a: Cresselia|[from] ability: Levitate\n|\n|-weather|SunnyDay|[upkeep]\n|-heal|p2b: Ninetales|90\/100|[from] Grassy Terrain\n|-sideend|p2: cotesmcgotes|move: Tailwind\n|upkeep\n|-message|Yancechris forfeited.\n|\n|win|cotesmcgotes\n|raw|Yancechris's rating: 1104 &rarr; <strong>1092<\/strong><br \/>(-12 for losing)\n|raw|cotesmcgotes's rating: 1308 &rarr; <strong>1317<\/strong><br \/>(+9 for winning)\n|l|\u2606Yancechris\n","uploadtime":1699145556,"views":14,"p1id":"yancechris","p2id":"cotesmcgotes","formatid":"gen9doublesou","rating":1092,"private":0,"password":""}