{"id":"gen9doublesou-1968126434","p1":"Jello1231","p2":"Raf","format":"[Gen 9] Doubles OU","log":"|html|<div class=\"broadcast-blue\"><strong>[Gen 9] Doubles OU is currently suspecting Basculegion & Flutter Mane! For information on how to participate check out the <a href=\"https:\/\/www.smogon.com\/forums\/threads\/np-sv-dou-stage-8-double-trouble.3729153\/\">suspect thread<\/a>.<\/strong><\/div>\n|j|\u2606Jello1231\n|j|\u2606Raf\n|t:|1697386965\n|gametype|doubles\n|player|p1|Jello1231|sonia-professor|\n|player|p2|Raf|#scl3dynamos2|\n|teamsize|p1|6\n|teamsize|p2|6\n|gen|9\n|tier|[Gen 9] Doubles OU\n|rule|Species Clause: Limit one of each Pok\u00e9mon\n|rule|OHKO Clause: OHKO moves are banned\n|rule|Evasion Moves Clause: Evasion moves are banned\n|rule|Gravity Sleep Clause: The combination of sleep-inducing moves with imperfect accuracy and Gravity or Gigantamax Orbeetle are banned\n|rule|Endless Battle Clause: Forcing endless battles is banned\n|rule|HP Percentage Mod: HP is shown in percentages\n|clearpoke\n|poke|p1|Pelipper, F|\n|poke|p1|Tornadus, M|\n|poke|p1|Kingambit, M|\n|poke|p1|Rillaboom, M|\n|poke|p1|Ogerpon-Wellspring, F|\n|poke|p1|Basculegion, M|\n|poke|p2|Landorus-Therian, M|\n|poke|p2|Diancie|\n|poke|p2|Volcanion|\n|poke|p2|Iron Hands|\n|poke|p2|Amoonguss, F|\n|poke|p2|Flutter Mane|\n|teampreview\n|inactive|Battle timer is ON: inactive players will automatically lose when time's up. (requested by Raf)\n|c|\u2606Raf|hf\n|inactive|Jello1231 has 270 seconds left.\n|inactive|Raf has 270 seconds left.\n|j| eragon11145\n|j| Heerv\n|j| Tenzai\n|j| Feyette\n|c|\u2606Jello1231|U2\n|c|\u2606Raf|\/log Raf made this room public.\n|inactive|Jello1231 has 240 seconds left.\n|inactive|Raf has 240 seconds left.\n|c| Feyette|go raf\n|inactive|Jello1231 has 210 seconds left.\n|l| Feyette\n|c|\u2606Raf|going\n|\n|t:|1697387059\n|start\n|switch|p1a: Kingambit|Kingambit, M|100\/100\n|switch|p1b: Donkey Kong|Rillaboom, M, shiny|100\/100\n|switch|p2a: Flutter Mane|Flutter Mane|100\/100\n|switch|p2b: Iron Hands|Iron Hands|100\/100\n|-fieldstart|move: Grassy Terrain|[from] ability: Grassy Surge|[of] p1b: Donkey Kong\n|turn|1\n|inactive|Jello1231 has 270 seconds left.\n|inactive|Raf has 270 seconds left.\n|j| Alolan HTH\n|inactive|Jello1231 has 240 seconds left.\n|j| NinjaSnapple\n|inactive|Raf has 240 seconds left.\n|\n|t:|1697387150\n|-end|p2a: Flutter Mane|Protosynthesis|[silent]\n|switch|p2a: Volcanion|Volcanion|100\/100\n|move|p1b: Donkey Kong|Fake Out|p2b: Iron Hands\n|-damage|p2b: Iron Hands|93\/100\n|cant|p2b: Iron Hands|flinch\n|move|p1a: Kingambit|Iron Head|p2a: Volcanion\n|-resisted|p2a: Volcanion\n|-damage|p2a: Volcanion|90\/100\n|\n|-heal|p2a: Volcanion|96\/100|[from] Grassy Terrain\n|-heal|p2b: Iron Hands|99\/100|[from] Grassy Terrain\n|upkeep\n|turn|2\n|j| AlouetteEnna\n|inactive|Jello1231 has 240 seconds left.\n|j| Flying Beagle\n|inactive|Raf has 240 seconds left.\n|inactive|Jello1231 has 210 seconds left.\n|\n|t:|1697387195\n|-terastallize|p1a: Kingambit|Fairy\n|move|p1b: Donkey Kong|Grassy Glide|p2b: Iron Hands\n|-damage|p2b: Iron Hands|78\/100\n|move|p2a: Volcanion|Steam Eruption|p1a: Kingambit\n|-damage|p1a: Kingambit|58\/100\n|move|p1a: Kingambit|Tera Blast|p2b: Iron Hands|[anim] Tera Blast Fairy\n|-supereffective|p2b: Iron Hands\n|-damage|p2b: Iron Hands|20\/100\n|move|p2b: Iron Hands|Drain Punch|p1a: Kingambit\n|-resisted|p1a: Kingambit\n|-damage|p1a: Kingambit|43\/100\n|-heal|p2b: Iron Hands|27\/100|[from] drain|[of] p1a: Kingambit\n|\n|-heal|p2a: Volcanion|100\/100|[from] Grassy Terrain\n|-heal|p1a: Kingambit|49\/100|[from] Grassy Terrain\n|-heal|p2b: Iron Hands|33\/100|[from] Grassy Terrain\n|upkeep\n|turn|3\n|inactive|Raf has 240 seconds left.\n|inactive|Jello1231 has 210 seconds left.\n|\n|t:|1697387219\n|-end|p2b: Iron Hands|Quark Drive|[silent]\n|switch|p2b: Amoonguss|Amoonguss, F|100\/100\n|move|p1b: Donkey Kong|Grassy Glide|p2a: Volcanion\n|-damage|p2a: Volcanion|74\/100\n|move|p2a: Volcanion|Heat Wave|p1b: Donkey Kong|[spread] p1a,p1b\n|-supereffective|p1b: Donkey Kong\n|-damage|p1a: Kingambit|23\/100\n|-damage|p1b: Donkey Kong|47\/100\n|move|p1a: Kingambit|Kowtow Cleave|p2a: Volcanion\n|-damage|p2a: Volcanion|35\/100\n|\n|-heal|p1b: Donkey Kong|53\/100|[from] Grassy Terrain\n|-heal|p2a: Volcanion|41\/100|[from] Grassy Terrain\n|-heal|p1a: Kingambit|29\/100|[from] Grassy Terrain\n|upkeep\n|turn|4\n|inactive|Raf has 240 seconds left.\n|inactive|Jello1231 has 210 seconds left.\n|\n|t:|1697387239\n|switch|p1a: Ogerpon|Ogerpon-Wellspring, F|100\/100\n|move|p1b: Donkey Kong|U-turn|p2b: Amoonguss\n|-damage|p2b: Amoonguss|83\/100\n|inactive|Jello1231 has 210 seconds left.\n|\n|t:|1697387248\n|switch|p1b: Matilda|Pelipper, F, shiny|100\/100|[from] U-turn\n|-weather|RainDance|[from] ability: Drizzle|[of] p1b: Matilda\n|move|p2a: Volcanion|Steam Eruption|p1a: Ogerpon\n|-immune|p1a: Ogerpon|[from] ability: Water Absorb\n|move|p2b: Amoonguss|Pollen Puff|p2a: Volcanion\n|-heal|p2a: Volcanion|91\/100\n|\n|-weather|RainDance|[upkeep]\n|-heal|p2a: Volcanion|97\/100|[from] Grassy Terrain\n|-heal|p2b: Amoonguss|89\/100|[from] Grassy Terrain\n|upkeep\n|turn|5\n|\n|t:|1697387270\n|switch|p2b: Landorus|Landorus-Therian, M|100\/100\n|-ability|p2b: Landorus|Intimidate|boost\n|-unboost|p1a: Ogerpon|atk|1\n|-unboost|p1b: Matilda|atk|1\n|move|p1a: Ogerpon|Swords Dance|p1a: Ogerpon\n|-boost|p1a: Ogerpon|atk|2\n|move|p1b: Matilda|Hurricane|p2b: Landorus\n|-damage|p2b: Landorus|68\/100\n|move|p2a: Volcanion|Steam Eruption|p1b: Matilda\n|-resisted|p1b: Matilda\n|-damage|p1b: Matilda|37\/100\n|\n|-weather|RainDance|[upkeep]\n|-heal|p2a: Volcanion|100\/100|[from] Grassy Terrain\n|-fieldend|move: Grassy Terrain\n|upkeep\n|turn|6\n|inactive|Raf has 270 seconds left.\n|inactive|Jello1231 has 240 seconds left.\n|j| AIRedzone\n|\n|t:|1697387315\n|switch|p1b: Donkey Kong|Rillaboom, M, shiny|53\/100\n|-fieldstart|move: Grassy Terrain|[from] ability: Grassy Surge|[of] p1b: Donkey Kong\n|move|p1a: Ogerpon|Grassy Glide|p2a: Volcanion\n|-damage|p2a: Volcanion|52\/100\n|move|p2b: Landorus|Stealth Rock|p1b: Donkey Kong\n|-sidestart|p1: Jello1231|move: Stealth Rock\n|move|p2a: Volcanion|Sludge Bomb|p1a: Ogerpon\n|-supereffective|p1a: Ogerpon\n|-damage|p1a: Ogerpon|40\/100\n|\n|-weather|RainDance|[upkeep]\n|-heal|p1a: Ogerpon|46\/100|[from] Grassy Terrain\n|-heal|p1b: Donkey Kong|59\/100|[from] Grassy Terrain\n|-heal|p2a: Volcanion|58\/100|[from] Grassy Terrain\n|upkeep\n|turn|7\n|\n|t:|1697387335\n|switch|p2a: Amoonguss|Amoonguss, F|100\/100\n|move|p1b: Donkey Kong|Fake Out|p2a: Amoonguss\n|-damage|p2a: Amoonguss|89\/100\n|move|p1a: Ogerpon|Ivy Cudgel|p2b: Landorus\n|-supereffective|p2b: Landorus\n|-damage|p2b: Landorus|0 fnt\n|faint|p2b: Landorus\n|\n|-weather|RainDance|[upkeep]\n|-heal|p1a: Ogerpon|52\/100|[from] Grassy Terrain\n|-heal|p1b: Donkey Kong|66\/100|[from] Grassy Terrain\n|-heal|p2a: Amoonguss|95\/100|[from] Grassy Terrain\n|upkeep\n|\n|t:|1697387341\n|switch|p2b: Diancie|Diancie|100\/100\n|turn|8\n|inactive|Raf has 270 seconds left.\n|inactive|Jello1231 has 240 seconds left.\n|\n|t:|1697387358\n|move|p2b: Diancie|Protect|p2b: Diancie\n|-singleturn|p2b: Diancie|Protect\n|move|p1a: Ogerpon|Swords Dance|p1a: Ogerpon\n|-boost|p1a: Ogerpon|atk|2\n|move|p1b: Donkey Kong|U-turn|p2b: Diancie\n|-activate|p2b: Diancie|move: Protect\n|move|p2a: Amoonguss|Clear Smog|p1a: Ogerpon\n|-supereffective|p1a: Ogerpon\n|-damage|p1a: Ogerpon|24\/100\n|-clearboost|p1a: Ogerpon\n|\n|-weather|RainDance|[upkeep]\n|-heal|p1a: Ogerpon|30\/100|[from] Grassy Terrain\n|-heal|p1b: Donkey Kong|72\/100|[from] Grassy Terrain\n|-heal|p2a: Amoonguss|100\/100|[from] Grassy Terrain\n|upkeep\n|turn|9\n|\n|t:|1697387366\n|-terastallize|p2b: Diancie|Grass\n|move|p1a: Ogerpon|Ivy Cudgel|p2b: Diancie\n|-resisted|p2b: Diancie\n|-crit|p2b: Diancie\n|-damage|p2b: Diancie|51\/100\n|move|p1b: Donkey Kong|U-turn|p2b: Diancie\n|-supereffective|p2b: Diancie\n|-damage|p2b: Diancie|13\/100\n|-enditem|p2b: Diancie|Weakness Policy\n|-boost|p2b: Diancie|atk|2|[from] item: Weakness Policy\n|-boost|p2b: Diancie|spa|2|[from] item: Weakness Policy\n|c|\u2606Raf|owie\n|inactive|Jello1231 has 240 seconds left.\n|\n|t:|1697387401\n|switch|p1b: Hero|Basculegion, M, shiny|100\/100|[from] U-turn\n|-damage|p1b: Hero|88\/100|[from] Stealth Rock\n|move|p2a: Amoonguss|Pollen Puff|p2b: Diancie\n|-heal|p2b: Diancie|63\/100\n|move|p2b: Diancie|Trick Room|p2b: Diancie\n|-fieldstart|move: Trick Room|[of] p2b: Diancie\n|\n|-weather|RainDance|[upkeep]\n|-heal|p2b: Diancie|69\/100|[from] Grassy Terrain\n|-heal|p1a: Ogerpon|36\/100|[from] Grassy Terrain\n|-heal|p1b: Hero|94\/100|[from] Grassy Terrain\n|upkeep\n|turn|10\n|inactive|Jello1231 has 240 seconds left.\n|\n|t:|1697387435\n|switch|p1b: Matilda|Pelipper, F, shiny|37\/100\n|-damage|p1b: Matilda|12\/100|[from] Stealth Rock\n|move|p1a: Ogerpon|Spiky Shield|p1a: Ogerpon\n|-singleturn|p1a: Ogerpon|move: Protect\n|move|p2a: Amoonguss|Spore|p1b: Matilda\n|-status|p1b: Matilda|slp|[from] move: Spore\n|move|p2b: Diancie|Diamond Storm|p1a: Ogerpon|[spread] p1b\n|-activate|p1a: Ogerpon|move: Protect\n|-supereffective|p1b: Matilda\n|-damage|p1b: Matilda|0 fnt\n|-boost|p2b: Diancie|def|2\n|faint|p1b: Matilda\n|\n|-weather|RainDance|[upkeep]\n|-heal|p2b: Diancie|75\/100|[from] Grassy Terrain\n|-heal|p1a: Ogerpon|42\/100|[from] Grassy Terrain\n|-fieldend|move: Grassy Terrain\n|upkeep\n|\n|t:|1697387455\n|switch|p1b: Donkey Kong|Rillaboom, M, shiny|72\/100\n|-damage|p1b: Donkey Kong|59\/100|[from] Stealth Rock\n|-fieldstart|move: Grassy Terrain|[from] ability: Grassy Surge|[of] p1b: Donkey Kong\n|turn|11\n|\n|t:|1697387479\n|move|p1b: Donkey Kong|Fake Out|p2b: Diancie\n|-damage|p2b: Diancie|70\/100\n|move|p2a: Amoonguss|Pollen Puff|p1a: Ogerpon\n|-supereffective|p1a: Ogerpon\n|-damage|p1a: Ogerpon|9\/100\n|cant|p2b: Diancie|flinch\n|move|p1a: Ogerpon|Swords Dance|p1a: Ogerpon\n|-boost|p1a: Ogerpon|atk|2\n|\n|-weather|none\n|-heal|p2b: Diancie|76\/100|[from] Grassy Terrain\n|-heal|p1b: Donkey Kong|66\/100|[from] Grassy Terrain\n|-heal|p1a: Ogerpon|15\/100|[from] Grassy Terrain\n|upkeep\n|turn|12\n|inactive|Jello1231 has 240 seconds left.\n|j| Tearlaments Merrli\n|\n|t:|1697387499\n|move|p1a: Ogerpon|Spiky Shield|p1a: Ogerpon\n|-singleturn|p1a: Ogerpon|move: Protect\n|move|p2a: Amoonguss|Clear Smog|p1b: Donkey Kong\n|-supereffective|p1b: Donkey Kong\n|-damage|p1b: Donkey Kong|46\/100\n|-clearboost|p1b: Donkey Kong\n|move|p2b: Diancie|Diamond Storm|p1a: Ogerpon|[spread] p1b\n|-activate|p1a: Ogerpon|move: Protect\n|-damage|p1b: Donkey Kong|0 fnt\n|-boost|p2b: Diancie|def|2\n|faint|p1b: Donkey Kong\n|\n|-heal|p2b: Diancie|82\/100|[from] Grassy Terrain\n|-heal|p1a: Ogerpon|21\/100|[from] Grassy Terrain\n|upkeep\n|\n|t:|1697387520\n|switch|p1b: Kingambit|Kingambit, M, tera:Fairy|29\/100\n|-damage|p1b: Kingambit|17\/100|[from] Stealth Rock\n|turn|13\n|inactive|Jello1231 has 240 seconds left.\n|\n|t:|1697387538\n|move|p1b: Kingambit|Sucker Punch|p2b: Diancie\n|-damage|p2b: Diancie|72\/100\n|move|p1a: Ogerpon|Grassy Glide|p2b: Diancie\n|-resisted|p2b: Diancie\n|-damage|p2b: Diancie|61\/100\n|move|p2a: Amoonguss|Pollen Puff|p1a: Ogerpon\n|-supereffective|p1a: Ogerpon\n|-damage|p1a: Ogerpon|0 fnt\n|faint|p1a: Ogerpon\n|move|p2b: Diancie|Body Press|p1b: Kingambit\n|-resisted|p1b: Kingambit\n|-damage|p1b: Kingambit|0 fnt\n|faint|p1b: Kingambit\n|\n|-heal|p2b: Diancie|67\/100|[from] Grassy Terrain\n|-fieldend|move: Trick Room\n|upkeep\n|\n|t:|1697387541\n|switch|p1a: Tornadus|Tornadus, M|100\/100\n|switch|p1b: Hero|Basculegion, M, shiny|94\/100\n|-damage|p1a: Tornadus|76\/100|[from] Stealth Rock\n|-damage|p1b: Hero|82\/100|[from] Stealth Rock\n|turn|14\n|\n|t:|1697387557\n|move|p2a: Amoonguss|Rage Powder|p2a: Amoonguss\n|-singleturn|p2a: Amoonguss|move: Rage Powder\n|move|p1a: Tornadus|Bleakwind Storm|p2b: Diancie|[spread] p2a\n|-miss|p1a: Tornadus|p2b: Diancie\n|-supereffective|p2a: Amoonguss\n|-damage|p2a: Amoonguss|35\/100\n|-enditem|p2a: Amoonguss|Sitrus Berry|[eat]\n|-heal|p2a: Amoonguss|60\/100|[from] item: Sitrus Berry\n|move|p1b: Hero|Last Respects|p2a: Amoonguss\n|-damage|p2a: Amoonguss|0 fnt\n|faint|p2a: Amoonguss\n|-damage|p1b: Hero|72\/100|[from] item: Life Orb\n|move|p2b: Diancie|Trick Room|p2b: Diancie\n|-fieldstart|move: Trick Room|[of] p2b: Diancie\n|\n|-heal|p2b: Diancie|73\/100|[from] Grassy Terrain\n|-heal|p1b: Hero|78\/100|[from] Grassy Terrain\n|upkeep\n|\n|t:|1697387566\n|switch|p2a: Iron Hands|Iron Hands|33\/100\n|turn|15\n|c|\u2606Jello1231|Fff\n|inactive|Jello1231 has 270 seconds left.\n|c|\u2606Jello1231|Gg\n|c|\u2606Raf|gg\n|\n|t:|1697387577\n|move|p2b: Diancie|Body Press|p1a: Tornadus\n|-resisted|p1a: Tornadus\n|-damage|p1a: Tornadus|29\/100\n|move|p2a: Iron Hands|Wild Charge|p1b: Hero\n|-supereffective|p1b: Hero\n|-damage|p1b: Hero|0 fnt\n|faint|p1b: Hero\n|-damage|p2a: Iron Hands|17\/100|[from] Recoil\n|move|p1a: Tornadus|Bleakwind Storm|p2b: Diancie|[spread] \n|-miss|p1a: Tornadus|p2a: Iron Hands\n|-miss|p1a: Tornadus|p2b: Diancie\n|\n|-heal|p2b: Diancie|79\/100|[from] Grassy Terrain\n|-heal|p2a: Iron Hands|23\/100|[from] Grassy Terrain\n|-fieldend|move: Grassy Terrain\n|upkeep\n|turn|16\n|\n|t:|1697387582\n|move|p2b: Diancie|Body Press|p1a: Tornadus\n|-resisted|p1a: Tornadus\n|-damage|p1a: Tornadus|0 fnt\n|faint|p1a: Tornadus\n|\n|win|Raf\n|l| Tearlaments Merrli\n","uploadtime":1697387587,"views":43,"p1id":"jello1231","p2id":"raf","formatid":"gen9doublesou","rating":0,"private":0,"password":""}