{"id":"gen9doublesou-1993682616","p1":"NunoLobo","p2":"SappRavenger","format":"[Gen 9] Doubles OU","log":"|j|\u2606NunoLobo\n|j|\u2606SappRavenger\n|t:|1700345088\n|gametype|doubles\n|player|p1|NunoLobo|cynthia-gen4|1000\n|player|p2|SappRavenger|101|1008\n|teamsize|p1|6\n|teamsize|p2|6\n|gen|9\n|tier|[Gen 9] Doubles OU\n|rated|\n|rule|Species Clause: Limit one of each Pok\u00e9mon\n|rule|OHKO Clause: OHKO moves are banned\n|rule|Evasion Moves Clause: Evasion moves are banned\n|rule|Gravity Sleep Clause: The combination of sleep-inducing moves with imperfect accuracy and Gravity or Gigantamax Orbeetle are banned\n|rule|Endless Battle Clause: Forcing endless battles is banned\n|rule|HP Percentage Mod: HP is shown in percentages\n|clearpoke\n|poke|p1|Wugtrio, F|\n|poke|p1|Iron Bundle|\n|poke|p1|Heatran, F|\n|poke|p1|Sinistcha|\n|poke|p1|Jirachi|\n|poke|p1|Iron Valiant|\n|poke|p2|Vaporeon, M|\n|poke|p2|Jolteon, M|\n|poke|p2|Flareon, M|\n|poke|p2|Espeon, F|\n|poke|p2|Leafeon, F|\n|poke|p2|Umbreon, F|\n|teampreview\n|\n|t:|1700345101\n|start\n|switch|p1a: Wugtrio|Wugtrio, F|100\/100\n|switch|p1b: Iron Bundle|Iron Bundle, shiny|100\/100\n|switch|p2a: Vaporeon|Vaporeon, M|100\/100\n|switch|p2b: Jolteon|Jolteon, M|100\/100\n|turn|1\n|\n|t:|1700345114\n|-terastallize|p2a: Vaporeon|Ground\n|move|p2b: Jolteon|Discharge|p1a: Wugtrio|[spread] p1a,p1b\n|-immune|p2a: Vaporeon\n|-supereffective|p1a: Wugtrio\n|-supereffective|p1b: Iron Bundle\n|-damage|p1a: Wugtrio|0 fnt\n|-enditem|p1b: Iron Bundle|Focus Sash\n|-damage|p1b: Iron Bundle|1\/100\n|faint|p1a: Wugtrio\n|move|p1b: Iron Bundle|Snowscape|p1b: Iron Bundle\n|-weather|Snow\n|move|p2a: Vaporeon|Acid Armor|p2a: Vaporeon\n|-boost|p2a: Vaporeon|def|2\n|\n|-weather|Snow|[upkeep]\n|upkeep\n|\n|t:|1700345137\n|switch|p1a: Iron Valiant|Iron Valiant|100\/100\n|-enditem|p1a: Iron Valiant|Booster Energy\n|-activate|p1a: Iron Valiant|ability: Quark Drive|[fromitem]\n|-start|p1a: Iron Valiant|quarkdriveatk\n|turn|2\n|\n|t:|1700345145\n|move|p1b: Iron Bundle|Protect|p1b: Iron Bundle\n|-singleturn|p1b: Iron Bundle|Protect\n|move|p2b: Jolteon|Discharge|p1a: Iron Valiant|[spread] p1a\n|-activate|p1b: Iron Bundle|move: Protect\n|-immune|p2a: Vaporeon\n|-damage|p1a: Iron Valiant|48\/100\n|move|p1a: Iron Valiant|Ice Punch|p2a: Vaporeon\n|-supereffective|p2a: Vaporeon\n|-damage|p2a: Vaporeon|73\/100\n|move|p2a: Vaporeon|Calm Mind|p2a: Vaporeon\n|-boost|p2a: Vaporeon|spa|1\n|-boost|p2a: Vaporeon|spd|1\n|\n|-weather|Snow|[upkeep]\n|-heal|p2a: Vaporeon|79\/100|[from] item: Leftovers\n|upkeep\n|turn|3\n|c|\u2606SappRavenger|so why the snowscape anyway\n|\n|t:|1700345172\n|move|p1a: Iron Valiant|Protect|p1a: Iron Valiant\n|-singleturn|p1a: Iron Valiant|Protect\n|move|p2b: Jolteon|Discharge|p1a: Iron Valiant|[spread] p1b\n|-activate|p1a: Iron Valiant|move: Protect\n|-immune|p2a: Vaporeon\n|-supereffective|p1b: Iron Bundle\n|-damage|p1b: Iron Bundle|0 fnt\n|faint|p1b: Iron Bundle\n|-end|p1b: Iron Bundle|Quark Drive|[silent]\n|move|p2a: Vaporeon|Acid Armor|p2a: Vaporeon\n|-boost|p2a: Vaporeon|def|2\n|\n|-weather|Snow|[upkeep]\n|-heal|p2a: Vaporeon|85\/100|[from] item: Leftovers\n|upkeep\n|\n|t:|1700345188\n|switch|p1b: Heatran|Heatran, F|100\/100\n|turn|4\n|\n|t:|1700345204\n|move|p2b: Jolteon|Discharge|p1a: Iron Valiant|[spread] p1a,p1b\n|-immune|p2a: Vaporeon\n|-damage|p1a: Iron Valiant|0 fnt\n|-damage|p1b: Heatran|66\/100\n|faint|p1a: Iron Valiant\n|-end|p1a: Iron Valiant|Quark Drive|[silent]\n|move|p1b: Heatran|Earth Power|p2a: Vaporeon\n|-damage|p2a: Vaporeon|72\/100\n|move|p2a: Vaporeon|Calm Mind|p2a: Vaporeon\n|-boost|p2a: Vaporeon|spa|1\n|-boost|p2a: Vaporeon|spd|1\n|\n|-weather|Snow|[upkeep]\n|-heal|p1b: Heatran|72\/100|[from] item: Leftovers\n|-heal|p2a: Vaporeon|78\/100|[from] item: Leftovers\n|upkeep\n|\n|t:|1700345223\n|switch|p1a: Sinistcha|Sinistcha|100\/100\n|-heal|p1b: Heatran|97\/100|[from] ability: Hospitality|[of] p1a: Sinistcha\n|turn|5\n|\n|t:|1700345236\n|move|p2b: Jolteon|Discharge|p1a: Sinistcha|[spread] p1a,p1b\n|-immune|p2a: Vaporeon\n|-resisted|p1a: Sinistcha\n|-damage|p1a: Sinistcha|83\/100\n|-damage|p1b: Heatran|66\/100\n|-status|p1a: Sinistcha|par\n|move|p1b: Heatran|Flamethrower|p2b: Jolteon\n|-damage|p2b: Jolteon|48\/100\n|move|p2a: Vaporeon|Icy Wind|p1a: Sinistcha|[spread] p1a,p1b\n|-supereffective|p1a: Sinistcha\n|-resisted|p1b: Heatran\n|-damage|p1a: Sinistcha|44\/100 par\n|-damage|p1b: Heatran|62\/100\n|-unboost|p1a: Sinistcha|spe|1\n|-unboost|p1b: Heatran|spe|1\n|cant|p1a: Sinistcha|par\n|\n|-weather|none\n|-heal|p2a: Vaporeon|84\/100|[from] item: Leftovers\n|-heal|p1b: Heatran|68\/100|[from] item: Leftovers\n|-heal|p1a: Sinistcha|50\/100 par|[from] item: Leftovers\n|upkeep\n|turn|6\n|\n|t:|1700345264\n|move|p2b: Jolteon|Discharge|p1b: Heatran|[spread] p1a,p1b\n|-immune|p2a: Vaporeon\n|-resisted|p1a: Sinistcha\n|-damage|p1a: Sinistcha|32\/100 par\n|-damage|p1b: Heatran|35\/100\n|-status|p1b: Heatran|par\n|move|p2a: Vaporeon|Stored Power|p1b: Heatran\n|-resisted|p1b: Heatran\n|-crit|p1b: Heatran\n|-damage|p1b: Heatran|0 fnt\n|faint|p1b: Heatran\n|cant|p1a: Sinistcha|par\n|\n|-heal|p2a: Vaporeon|91\/100|[from] item: Leftovers\n|-heal|p1a: Sinistcha|38\/100 par|[from] item: Leftovers\n|upkeep\n|\n|t:|1700345279\n|switch|p1b: Jirachi|Jirachi|100\/100\n|turn|7\n|\n|t:|1700345299\n|move|p2b: Jolteon|Discharge|p1b: Jirachi|[spread] p1a,p1b\n|-immune|p2a: Vaporeon\n|-resisted|p1a: Sinistcha\n|-crit|p1b: Jirachi\n|-damage|p1a: Sinistcha|19\/100 par\n|-damage|p1b: Jirachi|33\/100\n|move|p1b: Jirachi|Drain Punch|p2b: Jolteon\n|-damage|p2b: Jolteon|11\/100\n|-heal|p1b: Jirachi|48\/100|[from] drain|[of] p2b: Jolteon\n|move|p2a: Vaporeon|Icy Wind|p1a: Sinistcha|[spread] p1a,p1b\n|-supereffective|p1a: Sinistcha\n|-resisted|p1b: Jirachi\n|-damage|p1a: Sinistcha|0 fnt\n|-damage|p1b: Jirachi|37\/100\n|-unboost|p1b: Jirachi|spe|1\n|faint|p1a: Sinistcha\n|\n|-heal|p2a: Vaporeon|97\/100|[from] item: Leftovers\n|upkeep\n|turn|8\n|\n|t:|1700345320\n|move|p2b: Jolteon|Discharge|p1b: Jirachi|[spread] p1b\n|-immune|p2a: Vaporeon\n|-damage|p1b: Jirachi|0 fnt\n|faint|p1b: Jirachi\n|\n|win|SappRavenger\n|raw|NunoLobo's rating: 1000 &rarr; <strong>1000<\/strong><br \/>(+0 for losing)\n|raw|SappRavenger's rating: 1008 &rarr; <strong>1046<\/strong><br \/>(+38 for winning)\n","uploadtime":1700345328,"views":10,"p1id":"nunolobo","p2id":"sappravenger","formatid":"gen9doublesou","rating":1000,"private":0,"password":""}