{"id":"gen9doublesou-1979040399","p1":"Fire410","p2":"Timvk12","format":"[Gen 9] Doubles OU","log":"|j|\u2606Fire410\n|j|\u2606Timvk12\n|t:|1698624564\n|gametype|doubles\n|player|p1|Fire410|koga|1236\n|player|p2|Timvk12|102|1265\n|teamsize|p1|6\n|teamsize|p2|6\n|gen|9\n|tier|[Gen 9] Doubles OU\n|rated|\n|rule|Species Clause: Limit one of each Pok\u00e9mon\n|rule|OHKO Clause: OHKO moves are banned\n|rule|Evasion Moves Clause: Evasion moves are banned\n|rule|Gravity Sleep Clause: The combination of sleep-inducing moves with imperfect accuracy and Gravity or Gigantamax Orbeetle are banned\n|rule|Endless Battle Clause: Forcing endless battles is banned\n|rule|HP Percentage Mod: HP is shown in percentages\n|clearpoke\n|poke|p1|Iron Hands|\n|poke|p1|Landorus-Therian, M|\n|poke|p1|Ogerpon-Wellspring, F|\n|poke|p1|Tornadus, M|\n|poke|p1|Sinistcha-Masterpiece|\n|poke|p1|Iron Bundle|\n|poke|p2|Tornadus, M|\n|poke|p2|Landorus-Therian, M|\n|poke|p2|Flutter Mane|\n|poke|p2|Ogerpon-Hearthflame, F|\n|poke|p2|Rillaboom, F|\n|poke|p2|Chien-Pao|\n|teampreview\n|\n|t:|1698624580\n|start\n|switch|p1a: Tornadus|Tornadus, M|100\/100\n|switch|p1b: Iron Bundle|Iron Bundle|100\/100\n|switch|p2a: Tornadus|Tornadus, M|100\/100\n|switch|p2b: Landorus|Landorus-Therian, M|100\/100\n|-ability|p2b: Landorus|Intimidate|boost\n|-unboost|p1a: Tornadus|atk|1\n|-unboost|p1b: Iron Bundle|atk|1\n|-enditem|p1b: Iron Bundle|Booster Energy\n|-activate|p1b: Iron Bundle|ability: Quark Drive|[fromitem]\n|-start|p1b: Iron Bundle|quarkdrivespe\n|turn|1\n|inactive|Battle timer is ON: inactive players will automatically lose when time's up. (requested by Timvk12)\n|\n|t:|1698624594\n|move|p1a: Tornadus|Rain Dance|p1a: Tornadus\n|-weather|RainDance\n|move|p2a: Tornadus|Tailwind|p2a: Tornadus\n|-sidestart|p2: Timvk12|move: Tailwind\n|move|p2b: Landorus|Rock Slide|p1a: Tornadus|[spread] p1a,p1b\n|-supereffective|p1a: Tornadus\n|-supereffective|p1b: Iron Bundle\n|-damage|p1a: Tornadus|44\/100\n|-damage|p1b: Iron Bundle|52\/100\n|move|p1b: Iron Bundle|Ice Beam|p2b: Landorus\n|-supereffective|p2b: Landorus\n|-damage|p2b: Landorus|0 fnt\n|faint|p2b: Landorus\n|\n|-weather|RainDance|[upkeep]\n|upkeep\n|\n|t:|1698624613\n|switch|p2b: Rillaboom|Rillaboom, F|100\/100\n|-fieldstart|move: Grassy Terrain|[from] ability: Grassy Surge|[of] p2b: Rillaboom\n|turn|2\n|\n|t:|1698624632\n|-end|p1b: Iron Bundle|Quark Drive|[silent]\n|switch|p1b: Iron Hands|Iron Hands|100\/100\n|move|p2b: Rillaboom|Fake Out|p1b: Iron Hands\n|-damage|p1b: Iron Hands|91\/100\n|move|p2a: Tornadus|Taunt|p1a: Tornadus\n|-start|p1a: Tornadus|move: Taunt\n|cant|p1a: Tornadus|move: Taunt|Tailwind\n|\n|-weather|RainDance|[upkeep]\n|-heal|p1b: Iron Hands|97\/100|[from] Grassy Terrain\n|-heal|p1b: Iron Hands|100\/100|[from] item: Leftovers\n|upkeep\n|turn|3\n|\n|t:|1698624659\n|move|p1b: Iron Hands|Fake Out|p2b: Rillaboom\n|-damage|p2b: Rillaboom|86\/100\n|cant|p2b: Rillaboom|flinch\n|move|p2a: Tornadus|Bleakwind Storm|p1b: Iron Hands|[spread] p1a,p1b\n|-damage|p1a: Tornadus|10\/100\n|-damage|p1b: Iron Hands|72\/100\n|move|p1a: Tornadus|Hurricane|p2b: Rillaboom\n|-supereffective|p2b: Rillaboom\n|-damage|p2b: Rillaboom|19\/100\n|-start|p2b: Rillaboom|confusion\n|\n|-weather|RainDance|[upkeep]\n|-heal|p2b: Rillaboom|25\/100|[from] Grassy Terrain\n|-heal|p1b: Iron Hands|78\/100|[from] Grassy Terrain\n|-heal|p1b: Iron Hands|84\/100|[from] item: Leftovers\n|upkeep\n|turn|4\n|\n|t:|1698624680\n|switch|p2b: Flutter Mane|Flutter Mane|100\/100\n|switch|p1a: Landorus|Landorus-Therian, M|100\/100\n|-ability|p1a: Landorus|Intimidate|boost\n|-unboost|p2a: Tornadus|atk|1\n|-unboost|p2b: Flutter Mane|atk|1\n|move|p2a: Tornadus|Bleakwind Storm|p1b: Iron Hands|[spread] p1a,p1b\n|-damage|p1a: Landorus|57\/100\n|-damage|p1b: Iron Hands|56\/100\n|move|p1b: Iron Hands|Ice Punch|p2a: Tornadus\n|-supereffective|p2a: Tornadus\n|-damage|p2a: Tornadus|49\/100\n|\n|-weather|RainDance|[upkeep]\n|-heal|p1b: Iron Hands|62\/100|[from] Grassy Terrain\n|-heal|p1b: Iron Hands|68\/100|[from] item: Leftovers\n|-sideend|p2: Timvk12|move: Tailwind\n|upkeep\n|turn|5\n|inactive|Timvk12 has 120 seconds left.\n|\n|t:|1698624717\n|move|p2a: Tornadus|Tailwind|p2a: Tornadus\n|-sidestart|p2: Timvk12|move: Tailwind\n|move|p2b: Flutter Mane|Icy Wind|p1a: Landorus|[spread] p1a,p1b\n|-supereffective|p1a: Landorus\n|-damage|p1a: Landorus|0 fnt\n|-damage|p1b: Iron Hands|51\/100\n|-unboost|p1b: Iron Hands|spe|1\n|faint|p1a: Landorus\n|move|p1b: Iron Hands|Ice Punch|p2a: Tornadus\n|-supereffective|p2a: Tornadus\n|-damage|p2a: Tornadus|0 fnt\n|faint|p2a: Tornadus\n|\n|-weather|none\n|-heal|p1b: Iron Hands|57\/100|[from] Grassy Terrain\n|-heal|p1b: Iron Hands|64\/100|[from] item: Leftovers\n|upkeep\n|\n|t:|1698624736\n|switch|p1a: Tornadus|Tornadus, M|10\/100\n|switch|p2a: Rillaboom|Rillaboom, F|25\/100\n|turn|6\n|\n|t:|1698624748\n|move|p2a: Rillaboom|Fake Out|p1a: Tornadus\n|-crit|p1a: Tornadus\n|-damage|p1a: Tornadus|0 fnt\n|faint|p1a: Tornadus\n|move|p2b: Flutter Mane|Icy Wind|p1b: Iron Hands\n|-damage|p1b: Iron Hands|41\/100\n|-unboost|p1b: Iron Hands|spe|1\n|move|p1b: Iron Hands|Ice Punch|p2a: Rillaboom\n|-supereffective|p2a: Rillaboom\n|-damage|p2a: Rillaboom|0 fnt\n|faint|p2a: Rillaboom\n|\n|-heal|p1b: Iron Hands|47\/100|[from] Grassy Terrain\n|-heal|p1b: Iron Hands|53\/100|[from] item: Leftovers\n|-fieldend|move: Grassy Terrain\n|upkeep\n|\n|t:|1698624762\n|switch|p1a: Sinistcha|Sinistcha-Masterpiece|100\/100\n|switch|p2a: Ogerpon|Ogerpon-Hearthflame, F|100\/100\n|-ability|p2a: Ogerpon|Mold Breaker\n|-heal|p1b: Iron Hands|78\/100|[from] ability: Hospitality|[of] p1a: Sinistcha\n|turn|7\n|inactive|Timvk12 has 120 seconds left.\n|\n|t:|1698624792\n|move|p2b: Flutter Mane|Icy Wind|p1a: Sinistcha|[spread] p1a,p1b\n|-supereffective|p1a: Sinistcha\n|-damage|p1a: Sinistcha|63\/100\n|-damage|p1b: Iron Hands|62\/100\n|-unboost|p1a: Sinistcha|spe|1\n|-unboost|p1b: Iron Hands|spe|1\n|move|p2a: Ogerpon|Ivy Cudgel|p1a: Sinistcha\n|-supereffective|p1a: Sinistcha\n|-damage|p1a: Sinistcha|0 fnt\n|faint|p1a: Sinistcha\n|move|p1b: Iron Hands|Wild Charge|p2b: Flutter Mane\n|-damage|p2b: Flutter Mane|23\/100\n|-damage|p1b: Iron Hands|50\/100|[from] Recoil\n|\n|-heal|p1b: Iron Hands|56\/100|[from] item: Leftovers\n|upkeep\n|inactive|Fire410 has 120 seconds left.\n|\n|t:|1698624805\n|switch|p1a: Ogerpon|Ogerpon-Wellspring, F|100\/100\n|turn|8\n|\n|t:|1698624816\n|move|p1a: Ogerpon|Spiky Shield|p1a: Ogerpon\n|-singleturn|p1a: Ogerpon|move: Protect\n|move|p2b: Flutter Mane|Icy Wind|p1a: Ogerpon|[spread] p1b\n|-activate|p1a: Ogerpon|move: Protect\n|-damage|p1b: Iron Hands|39\/100\n|-unboost|p1b: Iron Hands|spe|1\n|move|p2a: Ogerpon|Ivy Cudgel|p1b: Iron Hands\n|-crit|p1b: Iron Hands\n|-damage|p1b: Iron Hands|0 fnt\n|faint|p1b: Iron Hands\n|-end|p1b: Iron Hands|Quark Drive|[silent]\n|\n|-sideend|p2: Timvk12|move: Tailwind\n|upkeep\n|\n|t:|1698624827\n|switch|p1b: Iron Bundle|Iron Bundle|52\/100\n|turn|9\n|\n|t:|1698624842\n|-terastallize|p1a: Ogerpon|Water\n|detailschange|p1a: Ogerpon|Ogerpon-Wellspring-Tera, F, tera:Water\n|-ability|p1a: Ogerpon|Embody Aspect (Wellspring)|boost\n|-boost|p1a: Ogerpon|spd|1\n|move|p1b: Iron Bundle|Icy Wind|p2a: Ogerpon|[spread] p2b\n|-miss|p1b: Iron Bundle|p2a: Ogerpon\n|-damage|p2b: Flutter Mane|4\/100\n|-unboost|p2b: Flutter Mane|spe|1\n|move|p1a: Ogerpon|Ivy Cudgel|p2a: Ogerpon\n|-damage|p2a: Ogerpon|4\/100\n|move|p2a: Ogerpon|Grassy Glide|p1b: Iron Bundle\n|-supereffective|p1b: Iron Bundle\n|-damage|p1b: Iron Bundle|0 fnt\n|faint|p1b: Iron Bundle\n|-end|p1b: Iron Bundle|Quark Drive|[silent]\n|move|p2b: Flutter Mane|Icy Wind|p1a: Ogerpon\n|-resisted|p1a: Ogerpon\n|-damage|p1a: Ogerpon|90\/100\n|-unboost|p1a: Ogerpon|spe|1\n|\n|upkeep\n|turn|10\n|\n|t:|1698624870\n|move|p1a: Ogerpon|Spiky Shield|p1a: Ogerpon\n|-singleturn|p1a: Ogerpon|move: Protect\n|move|p2a: Ogerpon|Grassy Glide|p1a: Ogerpon\n|-activate|p1a: Ogerpon|move: Protect\n|-damage|p2a: Ogerpon|0 fnt|[from] Spiky Shield|[of] p1a: Ogerpon\n|faint|p2a: Ogerpon\n|move|p2b: Flutter Mane|Icy Wind|p1a: Ogerpon\n|-activate|p1a: Ogerpon|move: Protect\n|\n|upkeep\n|\n|t:|1698624876\n|switch|p2a: Chien-Pao|Chien-Pao|100\/100\n|-ability|p2a: Chien-Pao|Sword of Ruin\n|turn|11\n|\n|t:|1698624896\n|-terastallize|p2a: Chien-Pao|Ghost\n|move|p2a: Chien-Pao|Sacred Sword|p1a: Ogerpon\n|-damage|p1a: Ogerpon|31\/100\n|move|p2b: Flutter Mane|Icy Wind|p1a: Ogerpon\n|-resisted|p1a: Ogerpon\n|-damage|p1a: Ogerpon|22\/100\n|-unboost|p1a: Ogerpon|spe|1\n|move|p1a: Ogerpon|Ivy Cudgel|p2a: Chien-Pao\n|-enditem|p2a: Chien-Pao|Focus Sash\n|-damage|p2a: Chien-Pao|1\/100\n|\n|upkeep\n|turn|12\n|\n|t:|1698624909\n|move|p1a: Ogerpon|Spiky Shield|p1a: Ogerpon\n|-singleturn|p1a: Ogerpon|move: Protect\n|move|p2a: Chien-Pao|Sacred Sword|p1a: Ogerpon\n|-activate|p1a: Ogerpon|move: Protect\n|-damage|p2a: Chien-Pao|0 fnt|[from] Spiky Shield|[of] p1a: Ogerpon\n|faint|p2a: Chien-Pao\n|move|p2b: Flutter Mane|Icy Wind|p1a: Ogerpon\n|-activate|p1a: Ogerpon|move: Protect\n|\n|upkeep\n|turn|13\n|\n|t:|1698624919\n|move|p2b: Flutter Mane|Icy Wind|p1a: Ogerpon\n|-resisted|p1a: Ogerpon\n|-damage|p1a: Ogerpon|12\/100\n|-unboost|p1a: Ogerpon|spe|1\n|move|p1a: Ogerpon|Ivy Cudgel|p2b: Flutter Mane\n|-damage|p2b: Flutter Mane|0 fnt\n|faint|p2b: Flutter Mane\n|-end|p2b: Flutter Mane|Protosynthesis|[silent]\n|\n|win|Fire410\n|raw|Fire410's rating: 1236 &rarr; <strong>1263<\/strong><br \/>(+27 for winning)\n|raw|Timvk12's rating: 1265 &rarr; <strong>1238<\/strong><br \/>(-27 for losing)\n|c|\u2606Fire410|gg\n|l|\u2606Timvk12\n","uploadtime":1698624929,"views":19,"p1id":"fire410","p2id":"timvk12","formatid":"gen9doublesou","rating":1238,"private":0,"password":""}