{"id":"gen9doublesou-1970925479","p1":"Abowlofmagnemites","p2":"Neo Destruction","format":"[Gen 9] Doubles OU","log":"|j|\u2606Abowlofmagnemites\n|j|\u2606Neo Destruction\n|t:|1697681461\n|gametype|doubles\n|player|p1|Abowlofmagnemites|caitlin|1181\n|player|p2|Neo Destruction|cynthia-masters|1085\n|teamsize|p1|6\n|teamsize|p2|6\n|gen|9\n|tier|[Gen 9] Doubles OU\n|rated|\n|rule|Species Clause: Limit one of each Pok\u00e9mon\n|rule|OHKO Clause: OHKO moves are banned\n|rule|Evasion Moves Clause: Evasion moves are banned\n|rule|Gravity Sleep Clause: The combination of sleep-inducing moves with imperfect accuracy and Gravity or Gigantamax Orbeetle are banned\n|rule|Endless Battle Clause: Forcing endless battles is banned\n|rule|HP Percentage Mod: HP is shown in percentages\n|clearpoke\n|poke|p1|Furret, M|\n|poke|p1|Slowbro-Galar, F|\n|poke|p1|Volcanion|\n|poke|p1|Ceruledge, M|\n|poke|p1|Infernape, F|\n|poke|p1|Ambipom, F|\n|poke|p2|Torterra, F|\n|poke|p2|Infernape, F|\n|poke|p2|Empoleon, M|\n|poke|p2|Fezandipiti, M|\n|poke|p2|Ursaluna-Bloodmoon, M|\n|poke|p2|Ogerpon-Hearthflame, F|\n|teampreview\n|\n|t:|1697681472\n|start\n|switch|p1a: Ceruledge|Ceruledge, M|100\/100\n|switch|p1b: Volcanion|Volcanion|100\/100\n|switch|p2a: Gaia|Torterra, F|100\/100\n|switch|p2b: Goku|Infernape, F|100\/100\n|turn|1\n|\n|t:|1697681489\n|move|p1a: Ceruledge|Ally Switch|p1a: Ceruledge\n|swap|p1a: Ceruledge|1|[from] move: Ally Switch\n|move|p2b: Goku|Thunder Punch|p1b: Ceruledge\n|-damage|p1b: Ceruledge|59\/100\n|move|p1a: Volcanion|Flamethrower|p2a: Gaia\n|-supereffective|p2a: Gaia\n|-damage|p2a: Gaia|0 fnt\n|faint|p2a: Gaia\n|\n|upkeep\n|\n|t:|1697681493\n|switch|p2a: Emperor|Empoleon, M|100\/100\n|turn|2\n|\n|t:|1697681505\n|move|p1b: Ceruledge|Ally Switch||[still]\n|-fail|p1b: Ceruledge\n|move|p2b: Goku|Thunder Punch|p1a: Volcanion\n|-supereffective|p1a: Volcanion\n|-damage|p1a: Volcanion|49\/100\n|move|p1a: Volcanion|Mist|p1a: Volcanion\n|-sidestart|p1: Abowlofmagnemites|Mist\n|move|p2a: Emperor|Blizzard|p1b: Ceruledge|[spread] p1b\n|-miss|p2a: Emperor|p1a: Volcanion\n|-resisted|p1b: Ceruledge\n|-damage|p1b: Ceruledge|44\/100\n|\n|upkeep\n|turn|3\n|\n|t:|1697681526\n|move|p2b: Goku|Thunder Punch|p1a: Volcanion\n|-supereffective|p1a: Volcanion\n|-damage|p1a: Volcanion|6\/100\n|move|p1b: Ceruledge|Phantom Force||[still]\n|-prepare|p1b: Ceruledge|Phantom Force\n|move|p1a: Volcanion|Steam Eruption|p2b: Goku\n|-supereffective|p2b: Goku\n|-damage|p2b: Goku|0 fnt\n|faint|p2b: Goku\n|move|p2a: Emperor|Blizzard|p1b: Ceruledge|[spread] p1a\n|-miss|p2a: Emperor|p1b: Ceruledge\n|-resisted|p1a: Volcanion\n|-damage|p1a: Volcanion|0 fnt\n|faint|p1a: Volcanion\n|\n|upkeep\n|\n|t:|1697681540\n|switch|p2b: Beauty|Fezandipiti, M|100\/100\n|switch|p1a: Slowbro|Slowbro-Galar, F|100\/100\n|turn|4\n|\n|t:|1697681551\n|move|p2b: Beauty|Hex|p1a: Slowbro\n|-supereffective|p1a: Slowbro\n|-damage|p1a: Slowbro|64\/100\n|move|p1b: Ceruledge|Phantom Force|p2a: Emperor|[from]lockedmove\n|-damage|p2a: Emperor|50\/100\n|move|p2a: Emperor|Water Pledge|p1b: Ceruledge\n|-supereffective|p1b: Ceruledge\n|-damage|p1b: Ceruledge|0 fnt\n|faint|p1b: Ceruledge\n|move|p1a: Slowbro|Nasty Plot|p1a: Slowbro\n|-boost|p1a: Slowbro|spa|2\n|\n|upkeep\n|\n|t:|1697681562\n|switch|p1b: Ambipom|Ambipom, F|100\/100\n|turn|5\n|\n|t:|1697681568\n|move|p1b: Ambipom|Fake Out|p2a: Emperor\n|-resisted|p2a: Emperor\n|-damage|p2a: Emperor|41\/100\n|move|p2b: Beauty|Hex|p1a: Slowbro\n|-supereffective|p1a: Slowbro\n|-damage|p1a: Slowbro|30\/100\n|cant|p2a: Emperor|flinch\n|move|p1a: Slowbro|Psychic|p2b: Beauty\n|-supereffective|p2b: Beauty\n|-damage|p2b: Beauty|0 fnt\n|faint|p2b: Beauty\n|\n|upkeep\n|\n|t:|1697681572\n|switch|p2b: BEAR|Ursaluna-Bloodmoon, M|100\/100\n|turn|6\n|-activate|p1a: Slowbro|item: Quick Claw\n|\n|t:|1697681589\n|move|p1a: Slowbro|Ice Beam|p2b: BEAR\n|-supereffective|p2b: BEAR\n|-damage|p2b: BEAR|0 fnt\n|faint|p2b: BEAR\n|move|p1b: Ambipom|Brick Break|p2a: Emperor\n|-supereffective|p2a: Emperor\n|-damage|p2a: Emperor|0 fnt\n|faint|p2a: Emperor\n|\n|-sideend|p1: Abowlofmagnemites|Mist\n|upkeep\n|\n|t:|1697681595\n|switch|p2b: Better Zacian|Ogerpon-Hearthflame, F|100\/100\n|-ability|p2b: Better Zacian|Mold Breaker\n|turn|7\n|\n|t:|1697681606\n|-terastallize|p2b: Better Zacian|Fire\n|detailschange|p2b: Better Zacian|Ogerpon-Hearthflame-Tera, F, tera:Fire\n|-ability|p2b: Better Zacian|Embody Aspect (Hearthflame)|boost\n|-boost|p2b: Better Zacian|atk|1\n|move|p1b: Ambipom|Double Hit|p2b: Better Zacian\n|-damage|p2b: Better Zacian|78\/100\n|-damage|p2b: Better Zacian|51\/100\n|-hitcount|p2b: Better Zacian|2\n|move|p2b: Better Zacian|Horn Leech|p1b: Ambipom\n|-damage|p1b: Ambipom|0 fnt\n|-heal|p2b: Better Zacian|99\/100|[from] drain|[of] p1b: Ambipom\n|faint|p1b: Ambipom\n|move|p1a: Slowbro|Shell Side Arm|p2b: Better Zacian|[anim] Shell Side Arm Special\n|-damage|p2b: Better Zacian|7\/100\n|-hint|Special Shell Side Arm\n|-status|p2b: Better Zacian|psn\n|\n|-damage|p2b: Better Zacian|0 fnt|[from] psn\n|faint|p2b: Better Zacian\n|\n|win|Abowlofmagnemites\n|upkeep\n|raw|Abowlofmagnemites's rating: 1181 &rarr; <strong>1199<\/strong><br \/>(+18 for winning)\n|raw|Neo Destruction's rating: 1085 &rarr; <strong>1068<\/strong><br \/>(-17 for losing)\n|l|\u2606Neo Destruction\n","uploadtime":1697681625,"views":8,"p1id":"abowlofmagnemites","p2id":"neodestruction","formatid":"gen9doublesou","rating":1068,"private":0,"password":""}