{"id":"gen9doublesou-1993948358","p1":"FoolGroucho","p2":"OPieceOfHeroGhost","format":"[Gen 9] Doubles OU","log":"|j|\u2606FoolGroucho\n|j|\u2606OPieceOfHeroGhost\n|t:|1700380890\n|gametype|doubles\n|player|p1|FoolGroucho|janitor|1611\n|player|p2|OPieceOfHeroGhost|morty|1497\n|teamsize|p1|6\n|teamsize|p2|6\n|gen|9\n|tier|[Gen 9] Doubles OU\n|rated|\n|rule|Species Clause: Limit one of each Pok\u00e9mon\n|rule|OHKO Clause: OHKO moves are banned\n|rule|Evasion Moves Clause: Evasion moves are banned\n|rule|Gravity Sleep Clause: The combination of sleep-inducing moves with imperfect accuracy and Gravity or Gigantamax Orbeetle are banned\n|rule|Endless Battle Clause: Forcing endless battles is banned\n|rule|HP Percentage Mod: HP is shown in percentages\n|clearpoke\n|poke|p1|Sableye, F|\n|poke|p1|Rillaboom, M|\n|poke|p1|Torkoal, M|\n|poke|p1|Ceruledge, M|\n|poke|p1|Lilligant-Hisui, F|\n|poke|p1|Ursaluna-Bloodmoon, M|\n|poke|p2|Heatran, F|\n|poke|p2|Rillaboom, M|\n|poke|p2|Flutter Mane|\n|poke|p2|Chien-Pao|\n|poke|p2|Iron Hands|\n|poke|p2|Landorus-Therian, M|\n|teampreview\n|inactive|Battle timer is ON: inactive players will automatically lose when time's up. (requested by FoolGroucho)\n|\n|t:|1700380906\n|start\n|switch|p1a: Sableye|Sableye, F|100\/100\n|switch|p1b: Ceruledge|Ceruledge, M|100\/100\n|switch|p2a: \u989d\u554a\uff01\u8150\u8680\u80c6\u6c41\uff01|Heatran, F|100\/100\n|switch|p2b: \u62cd\u6253\u7329|Rillaboom, M|100\/100\n|-fieldstart|move: Grassy Terrain|[from] ability: Grassy Surge|[of] p2b: \u62cd\u6253\u7329\n|turn|1\n|\n|t:|1700380930\n|move|p1b: Ceruledge|Protect|p1b: Ceruledge\n|-singleturn|p1b: Ceruledge|Protect\n|move|p2a: \u989d\u554a\uff01\u8150\u8680\u80c6\u6c41\uff01|Protect|p2a: \u989d\u554a\uff01\u8150\u8680\u80c6\u6c41\uff01\n|-singleturn|p2a: \u989d\u554a\uff01\u8150\u8680\u80c6\u6c41\uff01|Protect\n|move|p1a: Sableye|Light Screen|p1a: Sableye\n|-sidestart|p1: FoolGroucho|move: Light Screen\n|move|p2b: \u62cd\u6253\u7329|U-turn|p1b: Ceruledge\n|-activate|p1b: Ceruledge|move: Protect\n|\n|upkeep\n|turn|2\n|\n|t:|1700380950\n|switch|p2b: \u571f\u732b\u8e29\u6211|Landorus-Therian, M|100\/100\n|-ability|p2b: \u571f\u732b\u8e29\u6211|Intimidate|boost\n|-unboost|p1a: Sableye|atk|1\n|-fail|p1b: Ceruledge|unboost|[from] item: Clear Amulet|[of] p1b: Ceruledge\n|move|p1a: Sableye|Encore|p2a: \u989d\u554a\uff01\u8150\u8680\u80c6\u6c41\uff01\n|-start|p2a: \u989d\u554a\uff01\u8150\u8680\u80c6\u6c41\uff01|Encore\n|move|p1b: Ceruledge|Swords Dance|p1b: Ceruledge\n|-boost|p1b: Ceruledge|atk|2\n|move|p2a: \u989d\u554a\uff01\u8150\u8680\u80c6\u6c41\uff01|Protect||[still]\n|-fail|p2a: \u989d\u554a\uff01\u8150\u8680\u80c6\u6c41\uff01\n|\n|upkeep\n|turn|3\n|\n|t:|1700380969\n|switch|p2a: \u4f60\u62cd\u4e94\uff0c\u6211\u62cd\u516d\uff0c\u51fb\u638c\u5947\u88ad\u754f\u4e2a\u7f29|Iron Hands|100\/100\n|move|p1a: Sableye|Reflect|p1a: Sableye\n|-sidestart|p1: FoolGroucho|Reflect\n|move|p2b: \u571f\u732b\u8e29\u6211|Rock Slide|p1a: Sableye|[spread] p1a,p1b\n|-supereffective|p1b: Ceruledge\n|-damage|p1a: Sableye|82\/100\n|-damage|p1b: Ceruledge|67\/100\n|cant|p1b: Ceruledge|flinch\n|\n|-heal|p1b: Ceruledge|74\/100|[from] Grassy Terrain\n|-heal|p1a: Sableye|89\/100|[from] Grassy Terrain\n|upkeep\n|turn|4\n|\n|t:|1700380988\n|move|p1a: Sableye|Disable|p2b: \u571f\u732b\u8e29\u6211\n|-start|p2b: \u571f\u732b\u8e29\u6211|Disable|Rock Slide\n|cant|p2b: \u571f\u732b\u8e29\u6211|Disable|Rock Slide\n|move|p1b: Ceruledge|Bitter Blade|p2a: \u4f60\u62cd\u4e94\uff0c\u6211\u62cd\u516d\uff0c\u51fb\u638c\u5947\u88ad\u754f\u4e2a\u7f29\n|-damage|p2a: \u4f60\u62cd\u4e94\uff0c\u6211\u62cd\u516d\uff0c\u51fb\u638c\u5947\u88ad\u754f\u4e2a\u7f29|36\/100\n|-heal|p1b: Ceruledge|100\/100|[from] drain|[of] p2a: \u4f60\u62cd\u4e94\uff0c\u6211\u62cd\u516d\uff0c\u51fb\u638c\u5947\u88ad\u754f\u4e2a\u7f29\n|move|p2a: \u4f60\u62cd\u4e94\uff0c\u6211\u62cd\u516d\uff0c\u51fb\u638c\u5947\u88ad\u754f\u4e2a\u7f29|Heavy Slam|p1a: Sableye\n|-damage|p1a: Sableye|50\/100\n|\n|-heal|p2a: \u4f60\u62cd\u4e94\uff0c\u6211\u62cd\u516d\uff0c\u51fb\u638c\u5947\u88ad\u754f\u4e2a\u7f29|42\/100|[from] Grassy Terrain\n|-heal|p1a: Sableye|56\/100|[from] Grassy Terrain\n|upkeep\n|turn|5\n|\n|t:|1700381011\n|switch|p2b: \u4f60\u53d1\u59d0\u6c38\u8fdc\u662f\u4f60\u53d1\u59d0|Flutter Mane|100\/100\n|-end|p2a: \u4f60\u62cd\u4e94\uff0c\u6211\u62cd\u516d\uff0c\u51fb\u638c\u5947\u88ad\u754f\u4e2a\u7f29|Quark Drive|[silent]\n|switch|p2a: \u989d\u554a\uff01\u8150\u8680\u80c6\u6c41\uff01|Heatran, F|100\/100\n|move|p1a: Sableye|Encore||[still]\n|-fail|p1a: Sableye\n|move|p1b: Ceruledge|Bitter Blade|p2a: \u989d\u554a\uff01\u8150\u8680\u80c6\u6c41\uff01\n|-start|p2a: \u989d\u554a\uff01\u8150\u8680\u80c6\u6c41\uff01|ability: Flash Fire\n|\n|-heal|p1a: Sableye|62\/100|[from] Grassy Terrain\n|-fieldend|move: Grassy Terrain\n|upkeep\n|turn|6\n|\n|t:|1700381029\n|-end|p2b: \u4f60\u53d1\u59d0\u6c38\u8fdc\u662f\u4f60\u53d1\u59d0|Protosynthesis|[silent]\n|switch|p2b: ku\ud83d\udcb0\u70ae|Chien-Pao|100\/100\n|-ability|p2b: ku\ud83d\udcb0\u70ae|Sword of Ruin\n|switch|p1a: Ursaluna|Ursaluna-Bloodmoon, M|100\/100\n|move|p1b: Ceruledge|Shadow Sneak|p2b: ku\ud83d\udcb0\u70ae\n|-resisted|p2b: ku\ud83d\udcb0\u70ae\n|-damage|p2b: ku\ud83d\udcb0\u70ae|69\/100\n|move|p2a: \u989d\u554a\uff01\u8150\u8680\u80c6\u6c41\uff01|Earth Power|p1b: Ceruledge\n|-supereffective|p1b: Ceruledge\n|-damage|p1b: Ceruledge|54\/100\n|\n|upkeep\n|turn|7\n|\n|t:|1700381053\n|-terastallize|p1a: Ursaluna|Normal\n|move|p1b: Ceruledge|Protect|p1b: Ceruledge\n|-singleturn|p1b: Ceruledge|Protect\n|move|p2b: ku\ud83d\udcb0\u70ae|Sucker Punch||[still]\n|-fail|p2b: ku\ud83d\udcb0\u70ae\n|move|p2a: \u989d\u554a\uff01\u8150\u8680\u80c6\u6c41\uff01|Earth Power|p1b: Ceruledge\n|-activate|p1b: Ceruledge|move: Protect\n|move|p1a: Ursaluna|Hyper Voice|p2a: \u989d\u554a\uff01\u8150\u8680\u80c6\u6c41\uff01|[spread] p2a,p2b\n|-resisted|p2a: \u989d\u554a\uff01\u8150\u8680\u80c6\u6c41\uff01\n|-damage|p2a: \u989d\u554a\uff01\u8150\u8680\u80c6\u6c41\uff01|78\/100\n|-damage|p2b: ku\ud83d\udcb0\u70ae|0 fnt\n|faint|p2b: ku\ud83d\udcb0\u70ae\n|\n|-heal|p2a: \u989d\u554a\uff01\u8150\u8680\u80c6\u6c41\uff01|84\/100|[from] item: Leftovers\n|upkeep\n|\n|t:|1700381059\n|switch|p2b: \u62cd\u6253\u7329|Rillaboom, M|100\/100\n|-fieldstart|move: Grassy Terrain|[from] ability: Grassy Surge|[of] p2b: \u62cd\u6253\u7329\n|turn|8\n|\n|t:|1700381084\n|move|p1b: Ceruledge|Shadow Sneak|p2a: \u989d\u554a\uff01\u8150\u8680\u80c6\u6c41\uff01\n|-damage|p2a: \u989d\u554a\uff01\u8150\u8680\u80c6\u6c41\uff01|44\/100\n|move|p2b: \u62cd\u6253\u7329|High Horsepower|p1b: Ceruledge\n|-supereffective|p1b: Ceruledge\n|-damage|p1b: Ceruledge|0 fnt\n|faint|p1b: Ceruledge\n|move|p2a: \u989d\u554a\uff01\u8150\u8680\u80c6\u6c41\uff01|Earth Power|p1a: Ursaluna\n|-damage|p1a: Ursaluna|84\/100\n|move|p1a: Ursaluna|Earth Power|p2a: \u989d\u554a\uff01\u8150\u8680\u80c6\u6c41\uff01\n|-supereffective|p2a: \u989d\u554a\uff01\u8150\u8680\u80c6\u6c41\uff01\n|-damage|p2a: \u989d\u554a\uff01\u8150\u8680\u80c6\u6c41\uff01|0 fnt\n|faint|p2a: \u989d\u554a\uff01\u8150\u8680\u80c6\u6c41\uff01\n|\n|-heal|p1a: Ursaluna|90\/100|[from] Grassy Terrain\n|-sideend|p1: FoolGroucho|move: Light Screen\n|upkeep\n|\n|t:|1700381111\n|switch|p1b: Sableye|Sableye, F|62\/100\n|switch|p2a: \u4f60\u62cd\u4e94\uff0c\u6211\u62cd\u516d\uff0c\u51fb\u638c\u5947\u88ad\u754f\u4e2a\u7f29|Iron Hands|42\/100\n|turn|9\n|\n|t:|1700381129\n|move|p2a: \u4f60\u62cd\u4e94\uff0c\u6211\u62cd\u516d\uff0c\u51fb\u638c\u5947\u88ad\u754f\u4e2a\u7f29|Fake Out|p1a: Ursaluna\n|-damage|p1a: Ursaluna|83\/100\n|move|p2b: \u62cd\u6253\u7329|Grassy Glide|p1b: Sableye\n|-damage|p1b: Sableye|21\/100\n|move|p1b: Sableye|Encore|p2b: \u62cd\u6253\u7329\n|-start|p2b: \u62cd\u6253\u7329|Encore\n|cant|p1a: Ursaluna|flinch\n|\n|-heal|p2a: \u4f60\u62cd\u4e94\uff0c\u6211\u62cd\u516d\uff0c\u51fb\u638c\u5947\u88ad\u754f\u4e2a\u7f29|48\/100|[from] Grassy Terrain\n|-heal|p1b: Sableye|27\/100|[from] Grassy Terrain\n|-heal|p1a: Ursaluna|89\/100|[from] Grassy Terrain\n|upkeep\n|turn|10\n|\n|t:|1700381150\n|switch|p1b: Rillaboom|Rillaboom, M|100\/100\n|-enditem|p1b: Rillaboom|Grassy Seed\n|-boost|p1b: Rillaboom|def|1|[from] item: Grassy Seed\n|move|p2b: \u62cd\u6253\u7329|Grassy Glide|p1b: Rillaboom\n|-resisted|p1b: Rillaboom\n|-damage|p1b: Rillaboom|89\/100\n|move|p2a: \u4f60\u62cd\u4e94\uff0c\u6211\u62cd\u516d\uff0c\u51fb\u638c\u5947\u88ad\u754f\u4e2a\u7f29|Drain Punch|p1a: Ursaluna\n|-supereffective|p1a: Ursaluna\n|-damage|p1a: Ursaluna|48\/100\n|-heal|p2a: \u4f60\u62cd\u4e94\uff0c\u6211\u62cd\u516d\uff0c\u51fb\u638c\u5947\u88ad\u754f\u4e2a\u7f29|66\/100|[from] drain|[of] p1a: Ursaluna\n|move|p1a: Ursaluna|Earth Power|p2b: \u62cd\u6253\u7329\n|-resisted|p2b: \u62cd\u6253\u7329\n|-damage|p2b: \u62cd\u6253\u7329|75\/100\n|\n|-heal|p1b: Rillaboom|95\/100|[from] Grassy Terrain\n|-heal|p2b: \u62cd\u6253\u7329|81\/100|[from] Grassy Terrain\n|-heal|p2a: \u4f60\u62cd\u4e94\uff0c\u6211\u62cd\u516d\uff0c\u51fb\u638c\u5947\u88ad\u754f\u4e2a\u7f29|72\/100|[from] Grassy Terrain\n|-heal|p1a: Ursaluna|54\/100|[from] Grassy Terrain\n|-sideend|p1: FoolGroucho|Reflect\n|upkeep\n|turn|11\n|\n|t:|1700381179\n|switch|p2b: \u571f\u732b\u8e29\u6211|Landorus-Therian, M|100\/100\n|-ability|p2b: \u571f\u732b\u8e29\u6211|Intimidate|boost\n|-unboost|p1a: Ursaluna|atk|1\n|-unboost|p1b: Rillaboom|atk|1\n|move|p1b: Rillaboom|Fake Out|p2a: \u4f60\u62cd\u4e94\uff0c\u6211\u62cd\u516d\uff0c\u51fb\u638c\u5947\u88ad\u754f\u4e2a\u7f29\n|-damage|p2a: \u4f60\u62cd\u4e94\uff0c\u6211\u62cd\u516d\uff0c\u51fb\u638c\u5947\u88ad\u754f\u4e2a\u7f29|66\/100\n|cant|p2a: \u4f60\u62cd\u4e94\uff0c\u6211\u62cd\u516d\uff0c\u51fb\u638c\u5947\u88ad\u754f\u4e2a\u7f29|flinch\n|move|p1a: Ursaluna|Blood Moon|p2a: \u4f60\u62cd\u4e94\uff0c\u6211\u62cd\u516d\uff0c\u51fb\u638c\u5947\u88ad\u754f\u4e2a\u7f29\n|-damage|p2a: \u4f60\u62cd\u4e94\uff0c\u6211\u62cd\u516d\uff0c\u51fb\u638c\u5947\u88ad\u754f\u4e2a\u7f29|14\/100\n|\n|-heal|p1b: Rillaboom|100\/100|[from] Grassy Terrain\n|-heal|p2a: \u4f60\u62cd\u4e94\uff0c\u6211\u62cd\u516d\uff0c\u51fb\u638c\u5947\u88ad\u754f\u4e2a\u7f29|20\/100|[from] Grassy Terrain\n|-heal|p1a: Ursaluna|60\/100|[from] Grassy Terrain\n|upkeep\n|turn|12\n|\n|t:|1700381206\n|-terastallize|p2b: \u571f\u732b\u8e29\u6211|Flying\n|move|p1b: Rillaboom|Grassy Glide|p2a: \u4f60\u62cd\u4e94\uff0c\u6211\u62cd\u516d\uff0c\u51fb\u638c\u5947\u88ad\u754f\u4e2a\u7f29\n|-damage|p2a: \u4f60\u62cd\u4e94\uff0c\u6211\u62cd\u516d\uff0c\u51fb\u638c\u5947\u88ad\u754f\u4e2a\u7f29|4\/100\n|move|p2b: \u571f\u732b\u8e29\u6211|Tera Blast|p1b: Rillaboom|[anim] Tera Blast Flying\n|-supereffective|p1b: Rillaboom\n|-damage|p1b: Rillaboom|4\/100\n|move|p2a: \u4f60\u62cd\u4e94\uff0c\u6211\u62cd\u516d\uff0c\u51fb\u638c\u5947\u88ad\u754f\u4e2a\u7f29|Drain Punch|p1a: Ursaluna\n|-supereffective|p1a: Ursaluna\n|-damage|p1a: Ursaluna|0 fnt\n|-heal|p2a: \u4f60\u62cd\u4e94\uff0c\u6211\u62cd\u516d\uff0c\u51fb\u638c\u5947\u88ad\u754f\u4e2a\u7f29|31\/100|[from] drain|[of] p1a: Ursaluna\n|faint|p1a: Ursaluna\n|\n|-heal|p1b: Rillaboom|10\/100|[from] Grassy Terrain\n|-heal|p2a: \u4f60\u62cd\u4e94\uff0c\u6211\u62cd\u516d\uff0c\u51fb\u638c\u5947\u88ad\u754f\u4e2a\u7f29|37\/100|[from] Grassy Terrain\n|-fieldend|move: Grassy Terrain\n|upkeep\n|inactive|FoolGroucho has 120 seconds left.\n|\n|t:|1700381224\n|switch|p1a: Lilligant|Lilligant-Hisui, F|100\/100\n|turn|13\n|\n|t:|1700381242\n|switch|p1b: Torkoal|Torkoal, M|100\/100\n|-weather|SunnyDay|[from] ability: Drought|[of] p1b: Torkoal\n|-end|p2a: \u4f60\u62cd\u4e94\uff0c\u6211\u62cd\u516d\uff0c\u51fb\u638c\u5947\u88ad\u754f\u4e2a\u7f29|Quark Drive|[silent]\n|switch|p2a: \u4f60\u53d1\u59d0\u6c38\u8fdc\u662f\u4f60\u53d1\u59d0|Flutter Mane|100\/100\n|-activate|p2a: \u4f60\u53d1\u59d0\u6c38\u8fdc\u662f\u4f60\u53d1\u59d0|ability: Protosynthesis\n|-start|p2a: \u4f60\u53d1\u59d0\u6c38\u8fdc\u662f\u4f60\u53d1\u59d0|protosynthesisspa\n|move|p1a: Lilligant|Sleep Powder|p2b: \u571f\u732b\u8e29\u6211\n|-status|p2b: \u571f\u732b\u8e29\u6211|slp|[from] move: Sleep Powder\n|cant|p2b: \u571f\u732b\u8e29\u6211|slp\n|\n|-weather|SunnyDay|[upkeep]\n|upkeep\n|turn|14\n|inactive|OPieceOfHeroGhost has 120 seconds left.\n|\n|t:|1700381273\n|switch|p2b: \u62cd\u6253\u7329|Rillaboom, M|81\/100\n|-fieldstart|move: Grassy Terrain|[from] ability: Grassy Surge|[of] p2b: \u62cd\u6253\u7329\n|move|p1a: Lilligant|After You|p1b: Torkoal\n|-activate|p1b: Torkoal|move: After You\n|move|p1b: Torkoal|Eruption|p2a: \u4f60\u53d1\u59d0\u6c38\u8fdc\u662f\u4f60\u53d1\u59d0|[spread] p2a,p2b\n|-supereffective|p2b: \u62cd\u6253\u7329\n|-damage|p2a: \u4f60\u53d1\u59d0\u6c38\u8fdc\u662f\u4f60\u53d1\u59d0|28\/100\n|-damage|p2b: \u62cd\u6253\u7329|0 fnt\n|faint|p2b: \u62cd\u6253\u7329\n|move|p2a: \u4f60\u53d1\u59d0\u6c38\u8fdc\u662f\u4f60\u53d1\u59d0|Dazzling Gleam|p1b: Torkoal|[spread] p1a,p1b\n|-supereffective|p1a: Lilligant\n|-crit|p1a: Lilligant\n|-resisted|p1b: Torkoal\n|-enditem|p1a: Lilligant|Focus Sash\n|-damage|p1a: Lilligant|1\/100\n|-damage|p1b: Torkoal|61\/100\n|\n|-weather|SunnyDay|[upkeep]\n|-heal|p1a: Lilligant|7\/100|[from] Grassy Terrain\n|-heal|p2a: \u4f60\u53d1\u59d0\u6c38\u8fdc\u662f\u4f60\u53d1\u59d0|34\/100|[from] Grassy Terrain\n|-heal|p1b: Torkoal|67\/100|[from] Grassy Terrain\n|upkeep\n|inactive|OPieceOfHeroGhost has 120 seconds left.\n|\n|t:|1700381294\n|switch|p2b: \u4f60\u62cd\u4e94\uff0c\u6211\u62cd\u516d\uff0c\u51fb\u638c\u5947\u88ad\u754f\u4e2a\u7f29|Iron Hands|37\/100\n|turn|15\n|\n|t:|1700381301\n|switch|p1a: Sableye|Sableye, F|27\/100\n|move|p2b: \u4f60\u62cd\u4e94\uff0c\u6211\u62cd\u516d\uff0c\u51fb\u638c\u5947\u88ad\u754f\u4e2a\u7f29|Fake Out|p1b: Torkoal\n|-damage|p1b: Torkoal|55\/100\n|move|p2a: \u4f60\u53d1\u59d0\u6c38\u8fdc\u662f\u4f60\u53d1\u59d0|Dazzling Gleam|p1b: Torkoal|[spread] p1a,p1b\n|-supereffective|p1a: Sableye\n|-resisted|p1b: Torkoal\n|-damage|p1a: Sableye|0 fnt\n|-damage|p1b: Torkoal|18\/100\n|faint|p1a: Sableye\n|cant|p1b: Torkoal|flinch\n|\n|-weather|SunnyDay|[upkeep]\n|-heal|p2a: \u4f60\u53d1\u59d0\u6c38\u8fdc\u662f\u4f60\u53d1\u59d0|40\/100|[from] Grassy Terrain\n|-heal|p2b: \u4f60\u62cd\u4e94\uff0c\u6211\u62cd\u516d\uff0c\u51fb\u638c\u5947\u88ad\u754f\u4e2a\u7f29|43\/100|[from] Grassy Terrain\n|-heal|p1b: Torkoal|24\/100|[from] Grassy Terrain\n|upkeep\n|\n|t:|1700381308\n|switch|p1a: Lilligant|Lilligant-Hisui, F|7\/100\n|turn|16\n|inactive|OPieceOfHeroGhost has 120 seconds left.\n|\n|t:|1700381340\n|move|p1a: Lilligant|After You|p1b: Torkoal\n|-activate|p1b: Torkoal|move: After You\n|move|p1b: Torkoal|Heat Wave|p2b: \u4f60\u62cd\u4e94\uff0c\u6211\u62cd\u516d\uff0c\u51fb\u638c\u5947\u88ad\u754f\u4e2a\u7f29|[spread] p2a,p2b\n|-damage|p2a: \u4f60\u53d1\u59d0\u6c38\u8fdc\u662f\u4f60\u53d1\u59d0|0 fnt\n|-damage|p2b: \u4f60\u62cd\u4e94\uff0c\u6211\u62cd\u516d\uff0c\u51fb\u638c\u5947\u88ad\u754f\u4e2a\u7f29|16\/100\n|faint|p2a: \u4f60\u53d1\u59d0\u6c38\u8fdc\u662f\u4f60\u53d1\u59d0\n|-end|p2a: \u4f60\u53d1\u59d0\u6c38\u8fdc\u662f\u4f60\u53d1\u59d0|Protosynthesis|[silent]\n|move|p2b: \u4f60\u62cd\u4e94\uff0c\u6211\u62cd\u516d\uff0c\u51fb\u638c\u5947\u88ad\u754f\u4e2a\u7f29|Drain Punch|p1b: Torkoal\n|-damage|p1b: Torkoal|0 fnt\n|-heal|p2b: \u4f60\u62cd\u4e94\uff0c\u6211\u62cd\u516d\uff0c\u51fb\u638c\u5947\u88ad\u754f\u4e2a\u7f29|24\/100|[from] drain|[of] p1b: Torkoal\n|faint|p1b: Torkoal\n|\n|-weather|SunnyDay|[upkeep]\n|-heal|p1a: Lilligant|13\/100|[from] Grassy Terrain\n|-heal|p2b: \u4f60\u62cd\u4e94\uff0c\u6211\u62cd\u516d\uff0c\u51fb\u638c\u5947\u88ad\u754f\u4e2a\u7f29|30\/100|[from] Grassy Terrain\n|upkeep\n|\n|t:|1700381349\n|switch|p2a: \u571f\u732b\u8e29\u6211|Landorus-Therian, M, tera:Flying|100\/100 slp\n|switch|p1b: Rillaboom|Rillaboom, M|10\/100\n|-ability|p2a: \u571f\u732b\u8e29\u6211|Intimidate|boost\n|-unboost|p1a: Lilligant|atk|1\n|-unboost|p1b: Rillaboom|atk|1\n|turn|17\n|\n|t:|1700381361\n|move|p1b: Rillaboom|Fake Out|p2b: \u4f60\u62cd\u4e94\uff0c\u6211\u62cd\u516d\uff0c\u51fb\u638c\u5947\u88ad\u754f\u4e2a\u7f29\n|-damage|p2b: \u4f60\u62cd\u4e94\uff0c\u6211\u62cd\u516d\uff0c\u51fb\u638c\u5947\u88ad\u754f\u4e2a\u7f29|24\/100\n|move|p1a: Lilligant|Solar Blade||[still]\n|-prepare|p1a: Lilligant|Solar Blade\n|-anim|p1a: Lilligant|Solar Blade|p2b: \u4f60\u62cd\u4e94\uff0c\u6211\u62cd\u516d\uff0c\u51fb\u638c\u5947\u88ad\u754f\u4e2a\u7f29\n|-damage|p2b: \u4f60\u62cd\u4e94\uff0c\u6211\u62cd\u516d\uff0c\u51fb\u638c\u5947\u88ad\u754f\u4e2a\u7f29|0 fnt\n|faint|p2b: \u4f60\u62cd\u4e94\uff0c\u6211\u62cd\u516d\uff0c\u51fb\u638c\u5947\u88ad\u754f\u4e2a\u7f29\n|-end|p2b: \u4f60\u62cd\u4e94\uff0c\u6211\u62cd\u516d\uff0c\u51fb\u638c\u5947\u88ad\u754f\u4e2a\u7f29|Quark Drive|[silent]\n|cant|p2a: \u571f\u732b\u8e29\u6211|slp\n|\n|-weather|none\n|-heal|p1a: Lilligant|19\/100|[from] Grassy Terrain\n|-heal|p1b: Rillaboom|17\/100|[from] Grassy Terrain\n|upkeep\n|turn|18\n|\n|t:|1700381375\n|-curestatus|p2a: \u571f\u732b\u8e29\u6211|slp|[msg]\n|move|p2a: \u571f\u732b\u8e29\u6211|Tera Blast|p1a: Lilligant|[anim] Tera Blast Flying\n|-supereffective|p1a: Lilligant\n|-damage|p1a: Lilligant|0 fnt\n|faint|p1a: Lilligant\n|move|p1b: Rillaboom|Acrobatics|p2a: \u571f\u732b\u8e29\u6211\n|-damage|p2a: \u571f\u732b\u8e29\u6211|74\/100\n|\n|-heal|p1b: Rillaboom|23\/100|[from] Grassy Terrain\n|-fieldend|move: Grassy Terrain\n|upkeep\n|turn|19\n|\n|t:|1700381381\n|move|p2a: \u571f\u732b\u8e29\u6211|Tera Blast|p1b: Rillaboom|[anim] Tera Blast Flying\n|-supereffective|p1b: Rillaboom\n|-damage|p1b: Rillaboom|0 fnt\n|faint|p1b: Rillaboom\n|\n|win|OPieceOfHeroGhost\n|raw|FoolGroucho's rating: 1611 &rarr; <strong>1585<\/strong><br \/>(-26 for losing)\n|raw|OPieceOfHeroGhost's rating: 1497 &rarr; <strong>1523<\/strong><br \/>(+26 for winning)\n|c|\u2606FoolGroucho|Gg\n","uploadtime":1700381390,"views":16,"p1id":"foolgroucho","p2id":"opieceofheroghost","formatid":"gen9doublesou","rating":1523,"private":0,"password":""}