{"id":"gen9doublesou-1983967228","p1":"UwU_Kingz","p2":"Telimonster0608","format":"[Gen 9] Doubles OU","log":"|j|\u2606UwU_Kingz\n|j|\u2606Telimonster0608\n|t:|1699205065\n|gametype|doubles\n|player|p1|UwU_Kingz|169|\n|player|p2|Telimonster0608|acetrainerf|\n|teamsize|p1|6\n|teamsize|p2|6\n|gen|9\n|tier|[Gen 9] Doubles OU\n|rule|Species Clause: Limit one of each Pok\u00e9mon\n|rule|OHKO Clause: OHKO moves are banned\n|rule|Evasion Moves Clause: Evasion moves are banned\n|rule|Gravity Sleep Clause: The combination of sleep-inducing moves with imperfect accuracy and Gravity or Gigantamax Orbeetle are banned\n|rule|Endless Battle Clause: Forcing endless battles is banned\n|rule|HP Percentage Mod: HP is shown in percentages\n|clearpoke\n|poke|p1|Landorus, M|\n|poke|p1|Mesprit|\n|poke|p1|Hatterene, F|\n|poke|p1|Iron Hands|\n|poke|p1|Samurott-Hisui, M|\n|poke|p1|Arcanine-Hisui, F|\n|poke|p2|Slither Wing|\n|poke|p2|Klefki, F|\n|poke|p2|Salamence, M|\n|poke|p2|Sneasler, M|\n|poke|p2|Zapdos|\n|poke|p2|Milotic, M|\n|teampreview\n|j| srocen\n|j| riastylis\n|j| Kevin Dickey12\n|j| GoDDanteX\n|\n|t:|1699205128\n|start\n|switch|p1a: Landorus|Landorus, M|100\/100\n|switch|p1b: Iron Hands|Iron Hands|100\/100\n|switch|p2a: Success\ud83e\ude99|Klefki, F, shiny|100\/100\n|switch|p2b: Lightning Storm\u26c8\ufe0f|Zapdos, shiny|100\/100\n|turn|1\n|\n|t:|1699205170\n|move|p2a: Success\ud83e\ude99|Rain Dance|p2a: Success\ud83e\ude99\n|-weather|RainDance\n|move|p1a: Landorus|Sludge Bomb|p2b: Lightning Storm\u26c8\ufe0f\n|-damage|p2b: Lightning Storm\u26c8\ufe0f|46\/100\n|move|p2b: Lightning Storm\u26c8\ufe0f|Hurricane|p1b: Iron Hands\n|-damage|p1b: Iron Hands|74\/100\n|-start|p1b: Iron Hands|confusion\n|-activate|p1b: Iron Hands|confusion\n|move|p1b: Iron Hands|Fire Punch|p2a: Success\ud83e\ude99\n|-supereffective|p2a: Success\ud83e\ude99\n|-damage|p2a: Success\ud83e\ude99|77\/100\n|\n|-weather|RainDance|[upkeep]\n|upkeep\n|turn|2\n|l| srocen\n|\n|t:|1699205268\n|move|p2a: Success\ud83e\ude99|Reflect|p2a: Success\ud83e\ude99\n|-sidestart|p2: Telimonster0608|Reflect\n|move|p1a: Landorus|Sludge Bomb|p2b: Lightning Storm\u26c8\ufe0f\n|-damage|p2b: Lightning Storm\u26c8\ufe0f|0 fnt\n|faint|p2b: Lightning Storm\u26c8\ufe0f\n|-activate|p1b: Iron Hands|confusion\n|move|p1b: Iron Hands|Brick Break|p2a: Success\ud83e\ude99\n|-sideend|p2: Telimonster0608|Reflect\n|-damage|p2a: Success\ud83e\ude99|40\/100\n|\n|-weather|RainDance|[upkeep]\n|upkeep\n|\n|t:|1699205281\n|switch|p2b: All-Might\ud83e\uddb8\u200d\u2642\ufe0f|Salamence, M|100\/100\n|turn|3\n|c| Kevin Dickey12|It's all smite\n|\n|t:|1699205338\n|switch|p2a: Past Mothra\ud83e\udd8b|Slither Wing|100\/100\n|-enditem|p2a: Past Mothra\ud83e\udd8b|Booster Energy\n|-activate|p2a: Past Mothra\ud83e\udd8b|ability: Protosynthesis|[fromitem]\n|-start|p2a: Past Mothra\ud83e\udd8b|protosynthesisatk\n|-terastallize|p2b: All-Might\ud83e\uddb8\u200d\u2642\ufe0f|Steel\n|-terastallize|p1a: Landorus|Ice\n|move|p2b: All-Might\ud83e\uddb8\u200d\u2642\ufe0f|Dragon Dance|p2b: All-Might\ud83e\uddb8\u200d\u2642\ufe0f\n|-boost|p2b: All-Might\ud83e\uddb8\u200d\u2642\ufe0f|atk|1\n|-boost|p2b: All-Might\ud83e\uddb8\u200d\u2642\ufe0f|spe|1\n|move|p1a: Landorus|Tera Blast|p2b: All-Might\ud83e\uddb8\u200d\u2642\ufe0f|[anim] Tera Blast Ice\n|-resisted|p2b: All-Might\ud83e\uddb8\u200d\u2642\ufe0f\n|-damage|p2b: All-Might\ud83e\uddb8\u200d\u2642\ufe0f|68\/100\n|-damage|p1a: Landorus|91\/100|[from] item: Life Orb\n|-activate|p1b: Iron Hands|confusion\n|move|p1b: Iron Hands|Brick Break|p2a: Past Mothra\ud83e\udd8b\n|-resisted|p2a: Past Mothra\ud83e\udd8b\n|-damage|p2a: Past Mothra\ud83e\udd8b|69\/100\n|\n|-weather|RainDance|[upkeep]\n|upkeep\n|turn|4\n|\n|t:|1699205402\n|move|p2b: All-Might\ud83e\uddb8\u200d\u2642\ufe0f|Iron Head|p1a: Landorus\n|-supereffective|p1a: Landorus\n|-damage|p1a: Landorus|0 fnt\n|faint|p1a: Landorus\n|-ability|p2b: All-Might\ud83e\uddb8\u200d\u2642\ufe0f|Moxie|boost\n|-boost|p2b: All-Might\ud83e\uddb8\u200d\u2642\ufe0f|atk|1\n|move|p2a: Past Mothra\ud83e\udd8b|Flare Blitz|p1b: Iron Hands\n|-damage|p1b: Iron Hands|53\/100\n|-damage|p2a: Past Mothra\ud83e\udd8b|58\/100|[from] Recoil\n|-end|p1b: Iron Hands|confusion\n|move|p1b: Iron Hands|Play Rough|p2a: Past Mothra\ud83e\udd8b\n|-supereffective|p2a: Past Mothra\ud83e\udd8b\n|-damage|p2a: Past Mothra\ud83e\udd8b|0 fnt\n|faint|p2a: Past Mothra\ud83e\udd8b\n|-end|p2a: Past Mothra\ud83e\udd8b|Protosynthesis|[silent]\n|\n|-weather|RainDance|[upkeep]\n|upkeep\n|\n|t:|1699205428\n|switch|p1a: Mesprit|Mesprit|100\/100\n|switch|p2a: Princess\ud83d\udc78|Milotic, M, shiny|100\/100\n|turn|5\n|\n|t:|1699205457\n|move|p2a: Princess\ud83d\udc78|Protect|p2a: Princess\ud83d\udc78\n|-singleturn|p2a: Princess\ud83d\udc78|Protect\n|move|p2b: All-Might\ud83e\uddb8\u200d\u2642\ufe0f|Earthquake|p1b: Iron Hands|[spread] p1b\n|-activate|p2a: Princess\ud83d\udc78|move: Protect\n|-immune|p1a: Mesprit|[from] ability: Levitate\n|-supereffective|p1b: Iron Hands\n|-damage|p1b: Iron Hands|0 fnt\n|faint|p1b: Iron Hands\n|-end|p1b: Iron Hands|Quark Drive|[silent]\n|-ability|p2b: All-Might\ud83e\uddb8\u200d\u2642\ufe0f|Moxie|boost\n|-boost|p2b: All-Might\ud83e\uddb8\u200d\u2642\ufe0f|atk|1\n|move|p1a: Mesprit|Dazzling Gleam|p2b: All-Might\ud83e\uddb8\u200d\u2642\ufe0f|[spread] p2b\n|-activate|p2a: Princess\ud83d\udc78|move: Protect\n|-resisted|p2b: All-Might\ud83e\uddb8\u200d\u2642\ufe0f\n|-damage|p2b: All-Might\ud83e\uddb8\u200d\u2642\ufe0f|56\/100\n|\n|-weather|RainDance|[upkeep]\n|-status|p2a: Princess\ud83d\udc78|brn|[from] item: Flame Orb\n|upkeep\n|\n|t:|1699205488\n|switch|p1b: Fluffy|Arcanine-Hisui, F, shiny|100\/100\n|turn|6\n|\n|t:|1699205508\n|move|p2b: All-Might\ud83e\uddb8\u200d\u2642\ufe0f|Shadow Claw|p1a: Mesprit\n|-supereffective|p1a: Mesprit\n|-crit|p1a: Mesprit\n|-damage|p1a: Mesprit|0 fnt\n|faint|p1a: Mesprit\n|-ability|p2b: All-Might\ud83e\uddb8\u200d\u2642\ufe0f|Moxie|boost\n|-boost|p2b: All-Might\ud83e\uddb8\u200d\u2642\ufe0f|atk|1\n|move|p1b: Fluffy|Head Smash|p2b: All-Might\ud83e\uddb8\u200d\u2642\ufe0f|[miss]\n|-miss|p1b: Fluffy|p2b: All-Might\ud83e\uddb8\u200d\u2642\ufe0f\n|move|p2a: Princess\ud83d\udc78|Scald|p1b: Fluffy\n|-supereffective|p1b: Fluffy\n|-damage|p1b: Fluffy|0 fnt\n|faint|p1b: Fluffy\n|\n|-weather|RainDance|[upkeep]\n|-damage|p2a: Princess\ud83d\udc78|94\/100 brn|[from] brn\n|upkeep\n|\n|t:|1699205526\n|switch|p1b: Hatterene|Hatterene, F|100\/100\n|switch|p1a: Samurott|Samurott-Hisui, M, shiny|100\/100\n|turn|7\n|\n|t:|1699205559\n|move|p2a: Princess\ud83d\udc78|Protect|p2a: Princess\ud83d\udc78\n|-singleturn|p2a: Princess\ud83d\udc78|Protect\n|move|p2b: All-Might\ud83e\uddb8\u200d\u2642\ufe0f|Shadow Claw|p1b: Hatterene\n|-supereffective|p1b: Hatterene\n|-damage|p1b: Hatterene|0 fnt\n|faint|p1b: Hatterene\n|-ability|p2b: All-Might\ud83e\uddb8\u200d\u2642\ufe0f|Moxie|boost\n|-boost|p2b: All-Might\ud83e\uddb8\u200d\u2642\ufe0f|atk|1\n|move|p1a: Samurott|Drill Run|p2b: All-Might\ud83e\uddb8\u200d\u2642\ufe0f\n|-supereffective|p2b: All-Might\ud83e\uddb8\u200d\u2642\ufe0f\n|-crit|p2b: All-Might\ud83e\uddb8\u200d\u2642\ufe0f\n|-damage|p2b: All-Might\ud83e\uddb8\u200d\u2642\ufe0f|0 fnt\n|faint|p2b: All-Might\ud83e\uddb8\u200d\u2642\ufe0f\n|\n|-weather|RainDance|[upkeep]\n|-damage|p2a: Princess\ud83d\udc78|88\/100 brn|[from] brn\n|upkeep\n|\n|t:|1699205572\n|switch|p2b: Wolverine\ud83d\udde1|Sneasler, M, shiny|100\/100\n|-item|p2b: Wolverine\ud83d\udde1|Air Balloon\n|turn|8\n|\n|t:|1699205594\n|move|p2b: Wolverine\ud83d\udde1|Fake Out|p1a: Samurott\n|-damage|p1a: Samurott|81\/100\n|cant|p1a: Samurott|flinch\n|move|p2a: Princess\ud83d\udc78|Ice Beam|p1a: Samurott\n|-resisted|p1a: Samurott\n|-damage|p1a: Samurott|65\/100\n|\n|-weather|none\n|-damage|p2a: Princess\ud83d\udc78|82\/100 brn|[from] brn\n|upkeep\n|turn|9\n|\n|t:|1699205616\n|move|p2b: Wolverine\ud83d\udde1|Dire Claw|p1a: Samurott\n|-damage|p1a: Samurott|10\/100\n|-status|p1a: Samurott|psn|[from] ability: Poison Touch|[of] p2b: Wolverine\ud83d\udde1\n|move|p1a: Samurott|Aqua Cutter|p2b: Wolverine\ud83d\udde1\n|-damage|p2b: Wolverine\ud83d\udde1|2\/100\n|-enditem|p2b: Wolverine\ud83d\udde1|Air Balloon\n|move|p2a: Princess\ud83d\udc78|Ice Beam|p1a: Samurott\n|-resisted|p1a: Samurott\n|-damage|p1a: Samurott|0 fnt\n|faint|p1a: Samurott\n|\n|win|Telimonster0608\n|l| GoDDanteX\n","uploadtime":1699205633,"views":10,"p1id":"uwukingz","p2id":"telimonster0608","formatid":"gen9doublesou","rating":0,"private":0,"password":""}