{"id":"gen9doublesou-1981906504","p1":"cgtuh.ocgoj\u201dfyxtg9","p2":"SeaTheStars","format":"[Gen 9] Doubles OU","log":"|j|\u2606cgtuh.ocgoj\u201dfyxtg9\n|j|\u2606SeaTheStars\n|t:|1698950665\n|gametype|doubles\n|player|p1|cgtuh.ocgoj\u201dfyxtg9|266|1183\n|player|p2|SeaTheStars|169|1167\n|teamsize|p1|6\n|teamsize|p2|6\n|gen|9\n|tier|[Gen 9] Doubles OU\n|rated|\n|rule|Species Clause: Limit one of each Pok\u00e9mon\n|rule|OHKO Clause: OHKO moves are banned\n|rule|Evasion Moves Clause: Evasion moves are banned\n|rule|Gravity Sleep Clause: The combination of sleep-inducing moves with imperfect accuracy and Gravity or Gigantamax Orbeetle are banned\n|rule|Endless Battle Clause: Forcing endless battles is banned\n|rule|HP Percentage Mod: HP is shown in percentages\n|clearpoke\n|poke|p1|Talonflame, M|\n|poke|p1|Meowscarada, M|\n|poke|p1|Shiftry, M|\n|poke|p1|Dragonite, M|\n|poke|p1|Ribombee, M|\n|poke|p1|Brambleghast, F|\n|poke|p2|Politoed, M|\n|poke|p2|Ninetales-Alola, F|\n|poke|p2|Golduck, M|\n|poke|p2|Ogerpon-Wellspring, F|\n|poke|p2|Kingambit, M|\n|poke|p2|Volcanion|\n|teampreview\n|c|\u2606cgtuh.ocgoj\u201dfyxtg9|glhf\n|\n|t:|1698950683\n|start\n|switch|p1a: wimdy|Talonflame, M|100\/100\n|switch|p1b: wimbdy|Brambleghast, F|100\/100\n|switch|p2a: Politoed|Politoed, M|100\/100\n|switch|p2b: Golduck|Golduck, M|100\/100\n|-weather|RainDance|[from] ability: Drizzle|[of] p2a: Politoed\n|turn|1\n|\n|t:|1698950695\n|-terastallize|p2b: Golduck|Water\n|move|p1a: wimdy|Tailwind|p1a: wimdy\n|-sidestart|p1: cgtuh.ocgoj\u201dfyxtg9|move: Tailwind\n|-ability|p1b: wimbdy|Wind Rider|boost\n|-boost|p1b: wimbdy|atk|1\n|move|p1b: wimbdy|Power Whip|p2b: Golduck\n|-supereffective|p2b: Golduck\n|-damage|p2b: Golduck|0 fnt\n|faint|p2b: Golduck\n|move|p2a: Politoed|Surf|p1a: wimdy|[spread] p1a,p1b\n|-supereffective|p1a: wimdy\n|-resisted|p1b: wimbdy\n|-damage|p1a: wimdy|33\/100\n|-damage|p1b: wimbdy|75\/100\n|\n|-weather|RainDance|[upkeep]\n|upkeep\n|\n|t:|1698950707\n|switch|p2b: Volcanion|Volcanion|100\/100\n|turn|2\n|\n|t:|1698950717\n|move|p1a: wimdy|U-turn|p2a: Politoed\n|-damage|p2a: Politoed|90\/100\n|\n|t:|1698950732\n|switch|p1a: windy|Meowscarada, M|100\/100|[from] U-turn\n|move|p1b: wimbdy|Poltergeist|p2b: Volcanion\n|-activate|p2b: Volcanion|move: Poltergeist|Choice Band\n|-damage|p2b: Volcanion|29\/100\n|move|p2b: Volcanion|Liquidation|p1b: wimbdy\n|-resisted|p1b: wimbdy\n|-damage|p1b: wimbdy|0 fnt\n|faint|p1b: wimbdy\n|move|p2a: Politoed|Surf|p1a: windy|[spread] p1a\n|-heal|p2b: Volcanion|54\/100|[from] ability: Water Absorb|[of] p2a: Politoed\n|-resisted|p1a: windy\n|-damage|p1a: windy|78\/100\n|\n|-weather|RainDance|[upkeep]\n|upkeep\n|\n|t:|1698950743\n|switch|p1b: wimby|Shiftry, M|100\/100\n|-ability|p1b: wimby|Wind Rider|boost\n|-boost|p1b: wimby|atk|1\n|turn|3\n|\n|t:|1698950760\n|move|p1a: windy|Petal Blizzard|p2a: Politoed|[spread] p2a,p2b\n|-start|p1a: windy|typechange|Grass|[from] ability: Protean\n|-ability|p1b: wimby|Wind Rider|boost\n|-boost|p1b: wimby|atk|1\n|-supereffective|p2a: Politoed\n|-damage|p2a: Politoed|30\/100\n|-damage|p2b: Volcanion|24\/100\n|move|p1b: wimby|Knock Off|p2b: Volcanion\n|-damage|p2b: Volcanion|0 fnt\n|-enditem|p2b: Volcanion|Choice Band|[from] move: Knock Off|[of] p1b: wimby\n|faint|p2b: Volcanion\n|move|p2a: Politoed|Surf|p1b: wimby|[spread] p1a,p1b\n|-resisted|p1a: windy\n|-resisted|p1b: wimby\n|-damage|p1a: windy|55\/100\n|-damage|p1b: wimby|78\/100\n|\n|-weather|RainDance|[upkeep]\n|upkeep\n|\n|t:|1698950777\n|switch|p2b: Ogerpon|Ogerpon-Wellspring, F|100\/100\n|turn|4\n|\n|t:|1698950793\n|move|p1a: windy|Petal Blizzard|p2b: Ogerpon|[spread] p2a,p2b\n|-ability|p1b: wimby|Wind Rider|boost\n|-boost|p1b: wimby|atk|1\n|-supereffective|p2a: Politoed\n|-damage|p2a: Politoed|0 fnt\n|-damage|p2b: Ogerpon|65\/100\n|faint|p2a: Politoed\n|move|p1b: wimby|Knock Off|p2b: Ogerpon\n|-damage|p2b: Ogerpon|0 fnt\n|faint|p2b: Ogerpon\n|\n|-weather|RainDance|[upkeep]\n|-sideend|p1: cgtuh.ocgoj\u201dfyxtg9|move: Tailwind\n|upkeep\n|\n|t:|1698950803\n|switch|p2b: Kingambit|Kingambit, M|100\/100\n|switch|p2a: Ninetales|Ninetales-Alola, F|100\/100\n|-weather|Snow|[from] ability: Snow Warning|[of] p2a: Ninetales\n|-activate|p2b: Kingambit|ability: Supreme Overlord\n|-start|p2b: Kingambit|fallen4|[silent]\n|turn|5\n|\n|t:|1698950817\n|move|p1a: windy|Ally Switch|p1a: windy\n|swap|p1a: windy|1|[from] move: Ally Switch\n|move|p2a: Ninetales|Freeze-Dry|p1a: wimby\n|-supereffective|p1a: wimby\n|-damage|p1a: wimby|0 fnt\n|faint|p1a: wimby\n|move|p2b: Kingambit|X-Scissor|p1b: windy\n|-supereffective|p1b: windy\n|-damage|p1b: windy|0 fnt\n|faint|p1b: windy\n|\n|-weather|Snow|[upkeep]\n|upkeep\n|\n|t:|1698950836\n|switch|p1b: winby|Ribombee, M|100\/100\n|switch|p1a: palm tree|Dragonite, M, shiny|100\/100\n|turn|6\n|\n|t:|1698950850\n|-terastallize|p1a: palm tree|Normal\n|move|p1b: winby|Reflect|p1b: winby\n|-sidestart|p1: cgtuh.ocgoj\u201dfyxtg9|Reflect\n|move|p2a: Ninetales|Blizzard|p1a: palm tree|[spread] p1a,p1b\n|-damage|p1a: palm tree|80\/100\n|-damage|p1b: winby|48\/100\n|move|p1a: palm tree|Dragon Dance|p1a: palm tree\n|-boost|p1a: palm tree|atk|1\n|-boost|p1a: palm tree|spe|1\n|move|p2b: Kingambit|X-Scissor|p1a: palm tree\n|-damage|p1a: palm tree|38\/100\n|\n|-weather|Snow|[upkeep]\n|-heal|p1a: palm tree|44\/100|[from] item: Leftovers\n|upkeep\n|turn|7\n|\n|t:|1698950871\n|move|p1a: palm tree|Extreme Speed|p2b: Kingambit\n|-resisted|p2b: Kingambit\n|-damage|p2b: Kingambit|75\/100\n|move|p1b: winby|Pollen Puff|p1a: palm tree\n|-heal|p1a: palm tree|94\/100\n|move|p2a: Ninetales|Blizzard|p1a: palm tree|[spread] p1a,p1b\n|-damage|p1a: palm tree|58\/100\n|-damage|p1b: winby|0 fnt\n|-status|p1a: palm tree|frz\n|faint|p1b: winby\n|move|p2b: Kingambit|X-Scissor|p1a: palm tree\n|-damage|p1a: palm tree|14\/100 frz\n|\n|-weather|Snow|[upkeep]\n|-heal|p1a: palm tree|20\/100 frz|[from] item: Leftovers\n|upkeep\n|\n|t:|1698950877\n|switch|p1b: wimdy|Talonflame, M|33\/100\n|turn|8\n|\n|t:|1698950895\n|cant|p1a: palm tree|frz\n|move|p1b: wimdy|Air Slash|p2b: Kingambit\n|-resisted|p2b: Kingambit\n|-crit|p2b: Kingambit\n|-damage|p2b: Kingambit|62\/100\n|move|p2a: Ninetales|Blizzard|p1a: palm tree|[spread] p1a,p1b\n|-damage|p1a: palm tree|0 fnt\n|-damage|p1b: wimdy|0 fnt\n|faint|p1a: palm tree\n|faint|p1b: wimdy\n|\n|win|SeaTheStars\n|raw|cgtuh.ocgoj\u201dfyxtg9's rating: 1183 &rarr; <strong>1157<\/strong><br \/>(-26 for losing)\n|raw|SeaTheStars's rating: 1167 &rarr; <strong>1193<\/strong><br \/>(+26 for winning)\n|c|\u2606cgtuh.ocgoj\u201dfyxtg9|gg\n|c|\u2606SeaTheStars|gg\n|c|\u2606cgtuh.ocgoj\u201dfyxtg9|:(\n|c|\u2606SeaTheStars|wp\n|c|\u2606cgtuh.ocgoj\u201dfyxtg9|shouldn't have ally switched\n|l|\u2606SeaTheStars\n","uploadtime":1698950931,"views":26,"p1id":"cgtuhocgojfyxtg9","p2id":"seathestars","formatid":"gen9doublesou","rating":1157,"private":0,"password":""}