{"id":"gen9doublesou-1977278675","p1":"OPieceOfHeroGhost","p2":"SuTaGar","format":"[Gen 9] Doubles OU","log":"|j|\u2606OPieceOfHeroGhost\n|j|\u2606SuTaGar\n|t:|1698398401\n|gametype|doubles\n|player|p1|OPieceOfHeroGhost|1|1415\n|player|p2|SuTaGar|hiker|1285\n|teamsize|p1|6\n|teamsize|p2|6\n|gen|9\n|tier|[Gen 9] Doubles OU\n|rated|\n|rule|Species Clause: Limit one of each Pok\u00e9mon\n|rule|OHKO Clause: OHKO moves are banned\n|rule|Evasion Moves Clause: Evasion moves are banned\n|rule|Gravity Sleep Clause: The combination of sleep-inducing moves with imperfect accuracy and Gravity or Gigantamax Orbeetle are banned\n|rule|Endless Battle Clause: Forcing endless battles is banned\n|rule|HP Percentage Mod: HP is shown in percentages\n|clearpoke\n|poke|p1|Flutter Mane|\n|poke|p1|Iron Hands|\n|poke|p1|Landorus-Therian, M|\n|poke|p1|Ogerpon-Wellspring, F|\n|poke|p1|Chien-Pao|\n|poke|p1|Heatran, F|\n|poke|p2|Charizard, M|\n|poke|p2|Flutter Mane|\n|poke|p2|Torkoal, F|\n|poke|p2|Landorus-Therian, M|\n|poke|p2|Thundurus, M|\n|poke|p2|Iron Hands|\n|teampreview\n|\n|t:|1698398420\n|start\n|switch|p1a: \u699c\u4e00\u5927\u59d0|Flutter Mane|100\/100\n|switch|p1b: \u5384\u8be1\u692a\u771f\u7684\u662f\u840c\u840c\u54d2\u5440\uff01|Ogerpon-Wellspring, F|100\/100\n|switch|p2a: LANDOX|Landorus-Therian, M|100\/100\n|switch|p2b: Iron Hands|Iron Hands|100\/100\n|-ability|p2a: LANDOX|Intimidate|boost\n|-unboost|p1a: \u699c\u4e00\u5927\u59d0|atk|1\n|-unboost|p1b: \u5384\u8be1\u692a\u771f\u7684\u662f\u840c\u840c\u54d2\u5440\uff01|atk|1\n|-enditem|p1a: \u699c\u4e00\u5927\u59d0|Booster Energy\n|-activate|p1a: \u699c\u4e00\u5927\u59d0|ability: Protosynthesis|[fromitem]\n|-start|p1a: \u699c\u4e00\u5927\u59d0|protosynthesisspa\n|-enditem|p2b: Iron Hands|Booster Energy\n|-activate|p2b: Iron Hands|ability: Quark Drive|[fromitem]\n|-start|p2b: Iron Hands|quarkdriveatk\n|turn|1\n|\n|t:|1698398465\n|move|p1b: \u5384\u8be1\u692a\u771f\u7684\u662f\u840c\u840c\u54d2\u5440\uff01|Spiky Shield|p1b: \u5384\u8be1\u692a\u771f\u7684\u662f\u840c\u840c\u54d2\u5440\uff01\n|-singleturn|p1b: \u5384\u8be1\u692a\u771f\u7684\u662f\u840c\u840c\u54d2\u5440\uff01|move: Protect\n|move|p1a: \u699c\u4e00\u5927\u59d0|Moonblast|p2b: Iron Hands\n|-supereffective|p2b: Iron Hands\n|-damage|p2b: Iron Hands|0 fnt\n|faint|p2b: Iron Hands\n|-end|p2b: Iron Hands|Quark Drive|[silent]\n|move|p2a: LANDOX|Stomping Tantrum|p1a: \u699c\u4e00\u5927\u59d0\n|-damage|p1a: \u699c\u4e00\u5927\u59d0|34\/100\n|\n|upkeep\n|\n|t:|1698398482\n|switch|p2b: GROKOAL|Torkoal, F|100\/100\n|-weather|SunnyDay|[from] ability: Drought|[of] p2b: GROKOAL\n|turn|2\n|\n|t:|1698398497\n|-terastallize|p1b: \u5384\u8be1\u692a\u771f\u7684\u662f\u840c\u840c\u54d2\u5440\uff01|Water\n|detailschange|p1b: \u5384\u8be1\u692a\u771f\u7684\u662f\u840c\u840c\u54d2\u5440\uff01|Ogerpon-Wellspring-Tera, F, tera:Water\n|-ability|p1b: \u5384\u8be1\u692a\u771f\u7684\u662f\u840c\u840c\u54d2\u5440\uff01|Embody Aspect (Wellspring)|boost\n|-boost|p1b: \u5384\u8be1\u692a\u771f\u7684\u662f\u840c\u840c\u54d2\u5440\uff01|spd|1\n|move|p1a: \u699c\u4e00\u5927\u59d0|Moonblast|p2a: LANDOX\n|-damage|p2a: LANDOX|57\/100\n|move|p1b: \u5384\u8be1\u692a\u771f\u7684\u662f\u840c\u840c\u54d2\u5440\uff01|Ivy Cudgel|p2b: GROKOAL\n|-supereffective|p2b: GROKOAL\n|-damage|p2b: GROKOAL|64\/100\n|move|p2a: LANDOX|Stomping Tantrum|p1a: \u699c\u4e00\u5927\u59d0\n|-damage|p1a: \u699c\u4e00\u5927\u59d0|0 fnt\n|faint|p1a: \u699c\u4e00\u5927\u59d0\n|-end|p1a: \u699c\u4e00\u5927\u59d0|Protosynthesis|[silent]\n|move|p2b: GROKOAL|Overheat|p1b: \u5384\u8be1\u692a\u771f\u7684\u662f\u840c\u840c\u54d2\u5440\uff01\n|-resisted|p1b: \u5384\u8be1\u692a\u771f\u7684\u662f\u840c\u840c\u54d2\u5440\uff01\n|-crit|p1b: \u5384\u8be1\u692a\u771f\u7684\u662f\u840c\u840c\u54d2\u5440\uff01\n|-damage|p1b: \u5384\u8be1\u692a\u771f\u7684\u662f\u840c\u840c\u54d2\u5440\uff01|57\/100\n|-unboost|p2b: GROKOAL|spa|2\n|-enditem|p2b: GROKOAL|Eject Pack\n|\n|t:|1698398517\n|switch|p2b: TUDURUS|Thundurus, M|100\/100\n|\n|-weather|SunnyDay|[upkeep]\n|upkeep\n|\n|t:|1698398525\n|switch|p1a: \u8bf4\u7684\u9053\u7406|Iron Hands|100\/100\n|turn|3\n|\n|t:|1698398537\n|move|p1a: \u8bf4\u7684\u9053\u7406|Fake Out|p2b: TUDURUS\n|-damage|p2b: TUDURUS|81\/100\n|move|p2b: TUDURUS|Thunder Wave|p1b: \u5384\u8be1\u692a\u771f\u7684\u662f\u840c\u840c\u54d2\u5440\uff01\n|-status|p1b: \u5384\u8be1\u692a\u771f\u7684\u662f\u840c\u840c\u54d2\u5440\uff01|par\n|move|p2a: LANDOX|U-turn|p1b: \u5384\u8be1\u692a\u771f\u7684\u662f\u840c\u840c\u54d2\u5440\uff01\n|-damage|p1b: \u5384\u8be1\u692a\u771f\u7684\u662f\u840c\u840c\u54d2\u5440\uff01|31\/100 par\n|\n|t:|1698398552\n|switch|p2a: DARK|Flutter Mane|100\/100|[from] U-turn\n|-activate|p2a: DARK|ability: Protosynthesis\n|-start|p2a: DARK|protosynthesisspe\n|cant|p1b: \u5384\u8be1\u692a\u771f\u7684\u662f\u840c\u840c\u54d2\u5440\uff01|par\n|\n|-weather|SunnyDay|[upkeep]\n|upkeep\n|turn|4\n|\n|t:|1698398575\n|-terastallize|p2a: DARK|Fairy\n|move|p1b: \u5384\u8be1\u692a\u771f\u7684\u662f\u840c\u840c\u54d2\u5440\uff01|Spiky Shield|p1b: \u5384\u8be1\u692a\u771f\u7684\u662f\u840c\u840c\u54d2\u5440\uff01\n|-singleturn|p1b: \u5384\u8be1\u692a\u771f\u7684\u662f\u840c\u840c\u54d2\u5440\uff01|move: Protect\n|move|p2a: DARK|Moonblast|p1a: \u8bf4\u7684\u9053\u7406\n|-supereffective|p1a: \u8bf4\u7684\u9053\u7406\n|-damage|p1a: \u8bf4\u7684\u9053\u7406|23\/100\n|-unboost|p1a: \u8bf4\u7684\u9053\u7406|spa|1\n|move|p2b: TUDURUS|Wildbolt Storm|p1b: \u5384\u8be1\u692a\u771f\u7684\u662f\u840c\u840c\u54d2\u5440\uff01|[spread] p1a\n|-activate|p1b: \u5384\u8be1\u692a\u771f\u7684\u662f\u840c\u840c\u54d2\u5440\uff01|move: Protect\n|-resisted|p1a: \u8bf4\u7684\u9053\u7406\n|-damage|p1a: \u8bf4\u7684\u9053\u7406|15\/100\n|move|p1a: \u8bf4\u7684\u9053\u7406|Volt Switch|p2b: TUDURUS\n|-damage|p2b: TUDURUS|71\/100\n|\n|t:|1698398599\n|-end|p1a: \u8bf4\u7684\u9053\u7406|Quark Drive|[silent]\n|switch|p1a: \u706b\u8d5e\u4f01|Heatran, F|100\/100|[from] Volt Switch\n|\n|-weather|SunnyDay|[upkeep]\n|upkeep\n|turn|5\n|\n|t:|1698398614\n|move|p2a: DARK|Protect|p2a: DARK\n|-singleturn|p2a: DARK|Protect\n|move|p1b: \u5384\u8be1\u692a\u771f\u7684\u662f\u840c\u840c\u54d2\u5440\uff01|Follow Me|p1b: \u5384\u8be1\u692a\u771f\u7684\u662f\u840c\u840c\u54d2\u5440\uff01\n|-singleturn|p1b: \u5384\u8be1\u692a\u771f\u7684\u662f\u840c\u840c\u54d2\u5440\uff01|move: Follow Me\n|move|p2b: TUDURUS|Wildbolt Storm|p1a: \u706b\u8d5e\u4f01|[spread] p1a,p1b\n|-supereffective|p1b: \u5384\u8be1\u692a\u771f\u7684\u662f\u840c\u840c\u54d2\u5440\uff01\n|-damage|p1a: \u706b\u8d5e\u4f01|73\/100\n|-damage|p1b: \u5384\u8be1\u692a\u771f\u7684\u662f\u840c\u840c\u54d2\u5440\uff01|0 fnt\n|faint|p1b: \u5384\u8be1\u692a\u771f\u7684\u662f\u840c\u840c\u54d2\u5440\uff01\n|move|p1a: \u706b\u8d5e\u4f01|Heat Wave|p2b: TUDURUS|[spread] p2b\n|-activate|p2a: DARK|move: Protect\n|-damage|p2b: TUDURUS|1\/100\n|\n|-weather|SunnyDay|[upkeep]\n|-heal|p1a: \u706b\u8d5e\u4f01|79\/100|[from] item: Leftovers\n|upkeep\n|\n|t:|1698398630\n|switch|p1b: ku\u524d\u70ae|Chien-Pao|100\/100\n|-ability|p1b: ku\u524d\u70ae|Sword of Ruin\n|turn|6\n|\n|t:|1698398650\n|-end|p2a: DARK|Protosynthesis|[silent]\n|switch|p2a: txaro|Charizard, M|100\/100\n|move|p1a: \u706b\u8d5e\u4f01|Protect|p1a: \u706b\u8d5e\u4f01\n|-singleturn|p1a: \u706b\u8d5e\u4f01|Protect\n|move|p2b: TUDURUS|Thunder Wave|p1b: ku\u524d\u70ae\n|-hint|Since gen 7, Dark is immune to Prankster moves.\n|-immune|p1b: ku\u524d\u70ae\n|move|p1b: ku\u524d\u70ae|Icicle Crash|p2a: txaro\n|-damage|p2a: txaro|25\/100\n|\n|-weather|none\n|-heal|p1a: \u706b\u8d5e\u4f01|86\/100|[from] item: Leftovers\n|upkeep\n|turn|7\n|\n|t:|1698398670\n|switch|p2b: GROKOAL|Torkoal, F|64\/100\n|-weather|SunnyDay|[from] ability: Drought|[of] p2b: GROKOAL\n|switch|p1a: \u8bf4\u7684\u9053\u7406|Iron Hands|15\/100\n|move|p1b: ku\u524d\u70ae|Sucker Punch|p2a: txaro\n|-damage|p2a: txaro|0 fnt\n|faint|p2a: txaro\n|\n|-weather|SunnyDay|[upkeep]\n|upkeep\n|\n|t:|1698398686\n|switch|p2a: TUDURUS|Thundurus, M|1\/100\n|turn|8\n|\n|t:|1698398706\n|move|p1b: ku\u524d\u70ae|Sucker Punch|p2a: TUDURUS\n|-damage|p2a: TUDURUS|0 fnt\n|faint|p2a: TUDURUS\n|move|p1a: \u8bf4\u7684\u9053\u7406|Drain Punch|p2b: GROKOAL\n|-damage|p2b: GROKOAL|28\/100\n|-heal|p1a: \u8bf4\u7684\u9053\u7406|28\/100|[from] drain|[of] p2b: GROKOAL\n|move|p2b: GROKOAL|Overheat|p1b: ku\u524d\u70ae\n|-supereffective|p1b: ku\u524d\u70ae\n|-enditem|p1b: ku\u524d\u70ae|Focus Sash\n|-damage|p1b: ku\u524d\u70ae|1\/100\n|-unboost|p2b: GROKOAL|spa|2\n|\n|-weather|SunnyDay|[upkeep]\n|upkeep\n|\n|t:|1698398722\n|switch|p2a: DARK|Flutter Mane, tera:Fairy|100\/100\n|-activate|p2a: DARK|ability: Protosynthesis\n|-start|p2a: DARK|protosynthesisspe\n|turn|9\n|\n|t:|1698398759\n|move|p2a: DARK|Protect|p2a: DARK\n|-singleturn|p2a: DARK|Protect\n|move|p1b: ku\u524d\u70ae|Protect|p1b: ku\u524d\u70ae\n|-singleturn|p1b: ku\u524d\u70ae|Protect\n|move|p1a: \u8bf4\u7684\u9053\u7406|Volt Switch|p2b: GROKOAL\n|-damage|p2b: GROKOAL|13\/100\n|\n|t:|1698398772\n|-end|p1a: \u8bf4\u7684\u9053\u7406|Quark Drive|[silent]\n|switch|p1a: \u706b\u8d5e\u4f01|Heatran, F|86\/100|[from] Volt Switch\n|move|p2b: GROKOAL|Clear Smog|p1b: ku\u524d\u70ae\n|-activate|p1b: ku\u524d\u70ae|move: Protect\n|\n|-weather|SunnyDay|[upkeep]\n|-heal|p1a: \u706b\u8d5e\u4f01|92\/100|[from] item: Leftovers\n|upkeep\n|turn|10\n|\n|t:|1698398796\n|switch|p1b: \u6700\u5f3a\u4e4b\u866b|Landorus-Therian, M|100\/100\n|-ability|p1b: \u6700\u5f3a\u4e4b\u866b|Intimidate|boost\n|-unboost|p2a: DARK|atk|1\n|-unboost|p2b: GROKOAL|atk|1\n|move|p2b: GROKOAL|Protect|p2b: GROKOAL\n|-singleturn|p2b: GROKOAL|Protect\n|move|p2a: DARK|Shadow Ball|p1b: \u6700\u5f3a\u4e4b\u866b\n|-damage|p1b: \u6700\u5f3a\u4e4b\u866b|50\/100\n|move|p1a: \u706b\u8d5e\u4f01|Heat Wave|p2b: GROKOAL|[spread] p2a\n|-activate|p2b: GROKOAL|move: Protect\n|-damage|p2a: DARK|45\/100\n|\n|-weather|SunnyDay|[upkeep]\n|-heal|p1a: \u706b\u8d5e\u4f01|98\/100|[from] item: Leftovers\n|upkeep\n|turn|11\n|\n|t:|1698398828\n|switch|p2b: LANDOX|Landorus-Therian, M|57\/100\n|-ability|p2b: LANDOX|Intimidate|boost\n|-unboost|p1a: \u706b\u8d5e\u4f01|atk|1\n|-unboost|p1b: \u6700\u5f3a\u4e4b\u866b|atk|1\n|move|p2a: DARK|Moonblast|p1b: \u6700\u5f3a\u4e4b\u866b\n|-damage|p1b: \u6700\u5f3a\u4e4b\u866b|0 fnt\n|faint|p1b: \u6700\u5f3a\u4e4b\u866b\n|move|p1a: \u706b\u8d5e\u4f01|Heat Wave|p2b: LANDOX|[spread] p2a,p2b\n|-damage|p2a: DARK|0 fnt\n|-damage|p2b: LANDOX|18\/100\n|faint|p2a: DARK\n|-end|p2a: DARK|Protosynthesis|[silent]\n|\n|-weather|none\n|-heal|p1a: \u706b\u8d5e\u4f01|100\/100|[from] item: Leftovers\n|upkeep\n|\n|t:|1698398844\n|switch|p2a: GROKOAL|Torkoal, F|13\/100\n|switch|p1b: ku\u524d\u70ae|Chien-Pao|1\/100\n|-ability|p1b: ku\u524d\u70ae|Sword of Ruin\n|-weather|SunnyDay|[from] ability: Drought|[of] p2a: GROKOAL\n|turn|12\n|\n|t:|1698398873\n|move|p1b: ku\u524d\u70ae|Protect|p1b: ku\u524d\u70ae\n|-singleturn|p1b: ku\u524d\u70ae|Protect\n|move|p2b: LANDOX|Earthquake|p1b: ku\u524d\u70ae|[spread] p2a,p1a\n|-activate|p1b: ku\u524d\u70ae|move: Protect\n|-supereffective|p2a: GROKOAL\n|-supereffective|p1a: \u706b\u8d5e\u4f01\n|-damage|p2a: GROKOAL|0 fnt\n|-damage|p1a: \u706b\u8d5e\u4f01|0 fnt\n|faint|p2a: GROKOAL\n|faint|p1a: \u706b\u8d5e\u4f01\n|\n|-weather|SunnyDay|[upkeep]\n|upkeep\n|\n|t:|1698398884\n|switch|p1a: \u8bf4\u7684\u9053\u7406|Iron Hands|28\/100\n|turn|13\n|\n|t:|1698398892\n|move|p1a: \u8bf4\u7684\u9053\u7406|Fake Out|p2b: LANDOX\n|-damage|p2b: LANDOX|0 fnt\n|faint|p2b: LANDOX\n|\n|win|OPieceOfHeroGhost\n|raw|OPieceOfHeroGhost's rating: 1415 &rarr; <strong>1428<\/strong><br \/>(+13 for winning)\n|raw|SuTaGar's rating: 1285 &rarr; <strong>1269<\/strong><br \/>(-16 for losing)\n","uploadtime":1698398911,"views":23,"p1id":"opieceofheroghost","p2id":"sutagar","formatid":"gen9doublesou","rating":1269,"private":0,"password":""}