{"id":"gen9doublesou-1976266077","p1":"Evanthegamer18","p2":"Drazzy3","format":"[Gen 9] Doubles OU","log":"|j|\u2606Evanthegamer18\n|j|\u2606Drazzy3\n|t:|1698280199\n|gametype|doubles\n|player|p1|Evanthegamer18|266|1328\n|player|p2|Drazzy3|akari|1255\n|teamsize|p1|6\n|teamsize|p2|6\n|gen|9\n|tier|[Gen 9] Doubles OU\n|rated|\n|rule|Species Clause: Limit one of each Pok\u00e9mon\n|rule|OHKO Clause: OHKO moves are banned\n|rule|Evasion Moves Clause: Evasion moves are banned\n|rule|Gravity Sleep Clause: The combination of sleep-inducing moves with imperfect accuracy and Gravity or Gigantamax Orbeetle are banned\n|rule|Endless Battle Clause: Forcing endless battles is banned\n|rule|HP Percentage Mod: HP is shown in percentages\n|clearpoke\n|poke|p1|Mamoswine, M|\n|poke|p1|Great Tusk|\n|poke|p1|Sinistcha-Masterpiece|\n|poke|p1|Garchomp, M|\n|poke|p1|Scizor, F|\n|poke|p1|Tyranitar, F|\n|poke|p2|Goodra-Hisui, F|\n|poke|p2|Dragonite, M|\n|poke|p2|Cresselia, F|\n|poke|p2|Gastrodon, F|\n|poke|p2|Clodsire, M|\n|poke|p2|Dondozo, F|\n|teampreview\n|\n|t:|1698280212\n|start\n|switch|p1a: Tyranitar|Tyranitar, F|100\/100\n|switch|p1b: Mamoswine|Mamoswine, M|100\/100\n|switch|p2a: Cresselia|Cresselia, F|100\/100\n|switch|p2b: Dondozo|Dondozo, F, shiny|100\/100\n|-weather|Sandstorm|[from] ability: Sand Stream|[of] p1a: Tyranitar\n|turn|1\n|\n|t:|1698280236\n|move|p1b: Mamoswine|Icicle Spear|p2a: Cresselia\n|-damage|p2a: Cresselia|92\/100\n|-damage|p2a: Cresselia|81\/100\n|-damage|p2a: Cresselia|72\/100\n|-damage|p2a: Cresselia|63\/100\n|-hitcount|p2a: Cresselia|4\n|move|p2a: Cresselia|Substitute|p2a: Cresselia\n|-start|p2a: Cresselia|Substitute\n|-damage|p2a: Cresselia|38\/100\n|move|p2b: Dondozo|Curse|p2b: Dondozo\n|-unboost|p2b: Dondozo|spe|1\n|-boost|p2b: Dondozo|atk|1\n|-boost|p2b: Dondozo|def|1\n|move|p1a: Tyranitar|Roar|p2b: Dondozo\n|drag|p2b: Goodra|Goodra-Hisui, F|100\/100\n|\n|-weather|Sandstorm|[upkeep]\n|-damage|p2a: Cresselia|32\/100|[from] Sandstorm\n|-heal|p2a: Cresselia|38\/100|[from] item: Leftovers\n|upkeep\n|turn|2\n|\n|t:|1698280279\n|move|p2a: Cresselia|Ally Switch|p2a: Cresselia\n|swap|p2a: Cresselia|1|[from] move: Ally Switch\n|move|p1b: Mamoswine|Icicle Spear|p2a: Goodra\n|-damage|p2a: Goodra|90\/100\n|-damage|p2a: Goodra|79\/100\n|-damage|p2a: Goodra|69\/100\n|-damage|p2a: Goodra|59\/100\n|-damage|p2a: Goodra|48\/100\n|-hitcount|p2a: Goodra|5\n|move|p2a: Goodra|Body Press|p1a: Tyranitar\n|-supereffective|p1a: Tyranitar\n|-damage|p1a: Tyranitar|12\/100\n|move|p1a: Tyranitar|Roar|p2b: Cresselia\n|drag|p2b: Dragonite|Dragonite, M, shiny|100\/100\n|\n|-weather|Sandstorm|[upkeep]\n|-damage|p2b: Dragonite|94\/100|[from] Sandstorm\n|-heal|p2a: Goodra|54\/100|[from] item: Leftovers\n|upkeep\n|turn|3\n|\n|t:|1698280312\n|-terastallize|p2b: Dragonite|Normal\n|move|p2b: Dragonite|Extreme Speed|p1b: Mamoswine\n|-damage|p1b: Mamoswine|45\/100\n|move|p1b: Mamoswine|Icicle Spear|p2b: Dragonite\n|-damage|p2b: Dragonite|81\/100\n|-damage|p2b: Dragonite|68\/100\n|-damage|p2b: Dragonite|54\/100\n|-damage|p2b: Dragonite|40\/100\n|-hitcount|p2b: Dragonite|4\n|move|p2a: Goodra|Surf|p1a: Tyranitar|[spread] p2b,p1a,p1b\n|-supereffective|p1a: Tyranitar\n|-supereffective|p1b: Mamoswine\n|-crit|p1b: Mamoswine\n|-damage|p2b: Dragonite|24\/100\n|-damage|p1a: Tyranitar|0 fnt\n|-damage|p1b: Mamoswine|0 fnt\n|faint|p1a: Tyranitar\n|faint|p1b: Mamoswine\n|\n|-weather|Sandstorm|[upkeep]\n|-damage|p2b: Dragonite|18\/100|[from] Sandstorm\n|-heal|p2a: Goodra|60\/100|[from] item: Leftovers\n|upkeep\n|\n|t:|1698280329\n|switch|p1b: Sinistcha|Sinistcha-Masterpiece|100\/100\n|switch|p1a: Scizor|Scizor, F|100\/100\n|turn|4\n|\n|t:|1698280354\n|switch|p2b: Clodsire|Clodsire, M, shiny|100\/100\n|move|p1a: Scizor|Bullet Punch|p2b: Clodsire\n|-damage|p2b: Clodsire|72\/100\n|move|p1b: Sinistcha|Shadow Ball|p2a: Goodra\n|-damage|p2a: Goodra|37\/100\n|move|p2a: Goodra|Acid Armor|p2a: Goodra\n|-boost|p2a: Goodra|def|2\n|\n|-weather|Sandstorm|[upkeep]\n|-damage|p1b: Sinistcha|94\/100|[from] Sandstorm\n|-heal|p2a: Goodra|43\/100|[from] item: Leftovers\n|-heal|p2b: Clodsire|78\/100|[from] item: Leftovers\n|upkeep\n|turn|5\n|\n|t:|1698280383\n|move|p2a: Goodra|Protect|p2a: Goodra\n|-singleturn|p2a: Goodra|Protect\n|move|p1b: Sinistcha|Shadow Ball|p2a: Goodra\n|-activate|p2a: Goodra|move: Protect\n|move|p1a: Scizor|Tailwind|p1a: Scizor\n|-sidestart|p1: Evanthegamer18|move: Tailwind\n|move|p2b: Clodsire|Toxic|p1b: Sinistcha\n|-status|p1b: Sinistcha|tox\n|\n|-weather|Sandstorm|[upkeep]\n|-damage|p1b: Sinistcha|88\/100 tox|[from] Sandstorm\n|-heal|p2a: Goodra|49\/100|[from] item: Leftovers\n|-heal|p2b: Clodsire|85\/100|[from] item: Leftovers\n|-damage|p1b: Sinistcha|82\/100 tox|[from] psn\n|upkeep\n|turn|6\n|\n|t:|1698280447\n|move|p1a: Scizor|Bullet Punch|p2b: Clodsire\n|-damage|p2b: Clodsire|56\/100\n|move|p1b: Sinistcha|Shadow Ball|p2a: Goodra\n|-damage|p2a: Goodra|27\/100\n|move|p2a: Goodra|Acid Armor|p2a: Goodra\n|-boost|p2a: Goodra|def|2\n|move|p2b: Clodsire|Recover|p2b: Clodsire\n|-heal|p2b: Clodsire|100\/100\n|\n|-weather|Sandstorm|[upkeep]\n|-damage|p1b: Sinistcha|76\/100 tox|[from] Sandstorm\n|-heal|p2a: Goodra|33\/100|[from] item: Leftovers\n|-damage|p1b: Sinistcha|64\/100 tox|[from] psn\n|upkeep\n|turn|7\n|\n|t:|1698280464\n|move|p2a: Goodra|Protect|p2a: Goodra\n|-singleturn|p2a: Goodra|Protect\n|move|p1b: Sinistcha|Shadow Ball|p2a: Goodra\n|-activate|p2a: Goodra|move: Protect\n|move|p1a: Scizor|Lunge|p2a: Goodra\n|-activate|p2a: Goodra|move: Protect\n|move|p2b: Clodsire|Recover||[still]\n|-fail|p2b: Clodsire|heal\n|\n|-weather|Sandstorm|[upkeep]\n|-damage|p1b: Sinistcha|58\/100 tox|[from] Sandstorm\n|-heal|p2a: Goodra|39\/100|[from] item: Leftovers\n|-damage|p1b: Sinistcha|40\/100 tox|[from] psn\n|upkeep\n|turn|8\n|\n|t:|1698280486\n|switch|p2b: Cresselia|Cresselia, F|38\/100\n|move|p1a: Scizor|Helping Hand|p1b: Sinistcha\n|-singleturn|p1b: Sinistcha|Helping Hand|[of] p1a: Scizor\n|move|p1b: Sinistcha|Shadow Ball|p2a: Goodra\n|-damage|p2a: Goodra|5\/100\n|move|p2a: Goodra|Body Press|p1a: Scizor\n|-damage|p1a: Scizor|21\/100\n|\n|-weather|none\n|-heal|p2b: Cresselia|44\/100|[from] item: Leftovers\n|-heal|p2a: Goodra|12\/100|[from] item: Leftovers\n|-damage|p1b: Sinistcha|16\/100 tox|[from] psn\n|-sideend|p1: Evanthegamer18|move: Tailwind\n|upkeep\n|turn|9\n|\n|t:|1698280517\n|move|p2a: Goodra|Protect|p2a: Goodra\n|-singleturn|p2a: Goodra|Protect\n|move|p1a: Scizor|Bullet Punch|p2a: Goodra\n|-activate|p2a: Goodra|move: Protect\n|move|p1b: Sinistcha|Shadow Ball|p2a: Goodra\n|-activate|p2a: Goodra|move: Protect\n|move|p2b: Cresselia|Lunar Blessing|p2b: Cresselia|[spread] p2a,p2b\n|-heal|p2a: Goodra|37\/100\n|-heal|p2b: Cresselia|69\/100\n|\n|-heal|p2b: Cresselia|75\/100|[from] item: Leftovers\n|-heal|p2a: Goodra|43\/100|[from] item: Leftovers\n|-damage|p1b: Sinistcha|0 fnt|[from] psn\n|faint|p1b: Sinistcha\n|upkeep\n|\n|t:|1698280527\n|switch|p1b: Garchomp|Garchomp, M|100\/100\n|turn|10\n|\n|t:|1698280548\n|move|p2b: Cresselia|Ally Switch|p2b: Cresselia\n|swap|p2b: Cresselia|0|[from] move: Ally Switch\n|move|p1b: Garchomp|Outrage|p2b: Goodra\n|-damage|p2b: Goodra|29\/100\n|move|p1a: Scizor|Lunge|p2b: Goodra\n|-resisted|p2b: Goodra\n|-damage|p2b: Goodra|25\/100\n|-unboost|p2b: Goodra|atk|1\n|move|p2b: Goodra|Body Press|p1a: Scizor\n|-damage|p1a: Scizor|0 fnt\n|faint|p1a: Scizor\n|\n|-heal|p2a: Cresselia|81\/100|[from] item: Leftovers\n|-heal|p2b: Goodra|31\/100|[from] item: Leftovers\n|upkeep\n|\n|t:|1698280556\n|switch|p1a: Great Tusk|Great Tusk|100\/100\n|-enditem|p1a: Great Tusk|Booster Energy\n|-activate|p1a: Great Tusk|ability: Protosynthesis|[fromitem]\n|-start|p1a: Great Tusk|protosynthesisatk\n|turn|11\n|\n|t:|1698280574\n|-terastallize|p1a: Great Tusk|Steel\n|move|p2b: Goodra|Protect|p2b: Goodra\n|-singleturn|p2b: Goodra|Protect\n|move|p1b: Garchomp|Outrage|p2a: Cresselia|[from]lockedmove\n|-crit|p2a: Cresselia\n|-damage|p2a: Cresselia|23\/100\n|move|p1a: Great Tusk|Knock Off|p2b: Goodra\n|-activate|p2b: Goodra|move: Protect\n|move|p2a: Cresselia|Substitute|p2a: Cresselia\n|-fail|p2a: Cresselia|move: Substitute|[weak]\n|\n|-heal|p2a: Cresselia|29\/100|[from] item: Leftovers\n|-heal|p2b: Goodra|37\/100|[from] item: Leftovers\n|upkeep\n|turn|12\n|\n|t:|1698280601\n|move|p2a: Cresselia|Ally Switch|p2a: Cresselia\n|swap|p2a: Cresselia|1|[from] move: Ally Switch\n|move|p1b: Garchomp|Outrage|p2b: Cresselia|[from]lockedmove\n|-damage|p2b: Cresselia|0 fnt\n|faint|p2b: Cresselia\n|-start|p1b: Garchomp|confusion|[fatigue]\n|move|p1a: Great Tusk|Knock Off|p2a: Goodra\n|-damage|p2a: Goodra|27\/100\n|-enditem|p2a: Goodra|Leftovers|[from] move: Knock Off|[of] p1a: Great Tusk\n|move|p2a: Goodra|Body Press|p1a: Great Tusk\n|-supereffective|p1a: Great Tusk\n|-damage|p1a: Great Tusk|0 fnt\n|faint|p1a: Great Tusk\n|-end|p1a: Great Tusk|Protosynthesis|[silent]\n|\n|upkeep\n|\n|t:|1698280616\n|switch|p2b: Dragonite|Dragonite, M, shiny, tera:Normal|18\/100\n|turn|13\n|\n|t:|1698280625\n|move|p2b: Dragonite|Extreme Speed|p1b: Garchomp\n|-damage|p1b: Garchomp|25\/100\n|-activate|p1b: Garchomp|confusion\n|-damage|p1b: Garchomp|11\/100|[from] confusion\n|move|p2a: Goodra|Body Press|p1b: Garchomp\n|-damage|p1b: Garchomp|0 fnt\n|faint|p1b: Garchomp\n|\n|win|Drazzy3\n|raw|Evanthegamer18's rating: 1328 &rarr; <strong>1304<\/strong><br \/>(-24 for losing)\n|raw|Drazzy3's rating: 1255 &rarr; <strong>1285<\/strong><br \/>(+30 for winning)\n|l|\u2606Evanthegamer18\n","uploadtime":1698280701,"views":8,"p1id":"evanthegamer18","p2id":"drazzy3","formatid":"gen9doublesou","rating":1285,"private":0,"password":""}