{"id":"gen9doublesou-1991372721","p1":"Champion Wesker","p2":"cotesmcgotes","format":"[Gen 9] Doubles OU","log":"|j|\u2606Champion Wesker\n|j|\u2606cotesmcgotes\n|t:|1700071676\n|gametype|doubles\n|player|p1|Champion Wesker|cynthia-gen4|1211\n|player|p2|cotesmcgotes|flannery|1219\n|teamsize|p1|6\n|teamsize|p2|6\n|gen|9\n|tier|[Gen 9] Doubles OU\n|rated|\n|rule|Species Clause: Limit one of each Pok\u00e9mon\n|rule|OHKO Clause: OHKO moves are banned\n|rule|Evasion Moves Clause: Evasion moves are banned\n|rule|Gravity Sleep Clause: The combination of sleep-inducing moves with imperfect accuracy and Gravity or Gigantamax Orbeetle are banned\n|rule|Endless Battle Clause: Forcing endless battles is banned\n|rule|HP Percentage Mod: HP is shown in percentages\n|clearpoke\n|poke|p1|Ludicolo, M|\n|poke|p1|Basculegion-F, F|\n|poke|p1|Pelipper, F|\n|poke|p1|Toxapex, M|\n|poke|p1|Gastrodon, F|\n|poke|p1|Gyarados, M|\n|poke|p2|Cresselia, F|\n|poke|p2|Overqwil, M|\n|poke|p2|Tornadus, M|\n|poke|p2|Palafin, F|\n|poke|p2|Amoonguss, F|\n|poke|p2|Great Tusk|\n|teampreview\n|inactive|Battle timer is ON: inactive players will automatically lose when time's up. (requested by cotesmcgotes)\n|inactive|Champion Wesker has 120 seconds left.\n|inactive|Champion Wesker has 90 seconds left.\n|\n|t:|1700071749\n|start\n|switch|p1a: Toxapex|Toxapex, M|100\/100\n|switch|p1b: Gastrodon|Gastrodon, F|100\/100\n|switch|p2a: Overqwil|Overqwil, M|100\/100\n|switch|p2b: Cresselia|Cresselia, F, shiny|100\/100\n|turn|1\n|\n|t:|1700071760\n|-terastallize|p2b: Cresselia|Electric\n|move|p2a: Overqwil|Acupressure|p2b: Cresselia\n|-boost|p2b: Cresselia|def|2\n|move|p2b: Cresselia|Calm Mind|p2b: Cresselia\n|-boost|p2b: Cresselia|spa|1\n|-boost|p2b: Cresselia|spd|1\n|move|p1b: Gastrodon|Yawn|p2a: Overqwil\n|-start|p2a: Overqwil|move: Yawn|[of] p1b: Gastrodon\n|move|p1a: Toxapex|Infestation|p2a: Overqwil\n|-damage|p2a: Overqwil|96\/100\n|-activate|p2a: Overqwil|move: Infestation|[of] p1a: Toxapex\n|\n|-heal|p2a: Overqwil|100\/100|[from] item: Black Sludge\n|-damage|p2a: Overqwil|88\/100|[from] move: Infestation|[partiallytrapped]\n|upkeep\n|turn|2\n|\n|t:|1700071778\n|move|p1b: Gastrodon|Protect|p1b: Gastrodon\n|-singleturn|p1b: Gastrodon|Protect\n|move|p1a: Toxapex|Baneful Bunker|p1a: Toxapex\n|-singleturn|p1a: Toxapex|move: Protect\n|move|p2a: Overqwil|Acupressure|p2b: Cresselia\n|-boost|p2b: Cresselia|atk|2\n|move|p2b: Cresselia|Stored Power|p1a: Toxapex\n|-activate|p1a: Toxapex|move: Protect\n|\n|-heal|p2a: Overqwil|94\/100|[from] item: Black Sludge\n|-damage|p2a: Overqwil|82\/100|[from] move: Infestation|[partiallytrapped]\n|-end|p2a: Overqwil|move: Yawn|[silent]\n|-status|p2a: Overqwil|slp\n|upkeep\n|turn|3\n|\n|t:|1700071801\n|cant|p2a: Overqwil|slp\n|move|p2b: Cresselia|Stored Power|p1a: Toxapex\n|-supereffective|p1a: Toxapex\n|-damage|p1a: Toxapex|0 fnt\n|faint|p1a: Toxapex\n|move|p1b: Gastrodon|Yawn|p2b: Cresselia\n|-start|p2b: Cresselia|move: Yawn|[of] p1b: Gastrodon\n|\n|-heal|p2a: Overqwil|88\/100 slp|[from] item: Black Sludge\n|-end|p2a: Overqwil|Infestation|[partiallytrapped]|[silent]\n|upkeep\n|\n|t:|1700071812\n|switch|p1a: Pelipper|Pelipper, F|100\/100\n|-weather|RainDance|[from] ability: Drizzle|[of] p1a: Pelipper\n|turn|4\n|\n|t:|1700071825\n|cant|p2a: Overqwil|slp\n|move|p1a: Pelipper|Tailwind|p1a: Pelipper\n|-sidestart|p1: Champion Wesker|move: Tailwind\n|move|p1b: Gastrodon|Clear Smog|p2b: Cresselia\n|-damage|p2b: Cresselia|95\/100\n|-clearboost|p2b: Cresselia\n|move|p2b: Cresselia|Charge Beam|p1a: Pelipper|[miss]\n|-miss|p2b: Cresselia|p1a: Pelipper\n|\n|-weather|RainDance|[upkeep]\n|-heal|p2a: Overqwil|94\/100 slp|[from] item: Black Sludge\n|-heal|p2b: Cresselia|100\/100|[from] item: Leftovers\n|-end|p2b: Cresselia|move: Yawn|[silent]\n|-status|p2b: Cresselia|slp\n|upkeep\n|turn|5\n|\n|t:|1700071845\n|cant|p2a: Overqwil|slp\n|move|p1a: Pelipper|Surf|p2a: Overqwil|[spread] p2a,p2b\n|-ability|p1b: Gastrodon|Storm Drain|boost\n|-boost|p1b: Gastrodon|spa|1\n|-damage|p2a: Overqwil|26\/100 slp\n|-damage|p2b: Cresselia|70\/100 slp\n|move|p1b: Gastrodon|Mud-Slap|p2a: Overqwil\n|-supereffective|p2a: Overqwil\n|-damage|p2a: Overqwil|0 fnt\n|faint|p2a: Overqwil\n|cant|p2b: Cresselia|slp\n|\n|-weather|RainDance|[upkeep]\n|-heal|p2b: Cresselia|76\/100 slp|[from] item: Leftovers\n|upkeep\n|\n|t:|1700071855\n|switch|p2a: Tornadus|Tornadus, M, shiny|100\/100\n|turn|6\n|\n|t:|1700071864\n|move|p2a: Tornadus|Tailwind|p2a: Tornadus\n|-sidestart|p2: cotesmcgotes|move: Tailwind\n|move|p1a: Pelipper|Surf|p2a: Tornadus|[spread] p2a,p2b\n|-ability|p1b: Gastrodon|Storm Drain|boost\n|-boost|p1b: Gastrodon|spa|1\n|-damage|p2a: Tornadus|64\/100\n|-damage|p2b: Cresselia|45\/100 slp\n|cant|p2b: Cresselia|slp\n|move|p1b: Gastrodon|Clear Smog|p2b: Cresselia\n|-damage|p2b: Cresselia|28\/100 slp\n|-clearboost|p2b: Cresselia\n|\n|-weather|RainDance|[upkeep]\n|-heal|p2b: Cresselia|35\/100 slp|[from] item: Leftovers\n|upkeep\n|turn|7\n|\n|t:|1700071884\n|move|p2a: Tornadus|Bleakwind Storm|p1b: Gastrodon|[spread] p1a,p1b\n|-damage|p1a: Pelipper|46\/100\n|-damage|p1b: Gastrodon|72\/100\n|move|p1a: Pelipper|Surf|p2b: Cresselia|[spread] p2a,p2b\n|-ability|p1b: Gastrodon|Storm Drain|boost\n|-boost|p1b: Gastrodon|spa|1\n|-damage|p2a: Tornadus|28\/100\n|-damage|p2b: Cresselia|5\/100 slp\n|-curestatus|p2b: Cresselia|slp|[msg]\n|move|p2b: Cresselia|Charge Beam|p1a: Pelipper\n|-supereffective|p1a: Pelipper\n|-damage|p1a: Pelipper|0 fnt\n|faint|p1a: Pelipper\n|move|p1b: Gastrodon|Clear Smog|p2b: Cresselia\n|-damage|p2b: Cresselia|0 fnt\n|-clearboost|p2b: Cresselia\n|faint|p2b: Cresselia\n|\n|-weather|RainDance|[upkeep]\n|-heal|p1b: Gastrodon|78\/100|[from] item: Leftovers\n|-sideend|p1: Champion Wesker|move: Tailwind\n|upkeep\n|\n|t:|1700071906\n|switch|p1a: Basculegion|Basculegion-F, F|100\/100\n|switch|p2b: Amoonguss|Amoonguss, F, shiny|100\/100\n|turn|8\n|\n|t:|1700071915\n|move|p1a: Basculegion|Icy Wind|p2a: Tornadus|[spread] p2a,p2b\n|-supereffective|p2a: Tornadus\n|-supereffective|p2b: Amoonguss\n|-damage|p2a: Tornadus|9\/100\n|-damage|p2b: Amoonguss|77\/100\n|-unboost|p2a: Tornadus|spe|1\n|-unboost|p2b: Amoonguss|spe|1\n|move|p2a: Tornadus|Bleakwind Storm|p1a: Basculegion|[spread] p1a,p1b\n|-damage|p1a: Basculegion|67\/100\n|-damage|p1b: Gastrodon|50\/100\n|move|p2b: Amoonguss|Giga Drain|p1b: Gastrodon\n|-supereffective|p1b: Gastrodon\n|-damage|p1b: Gastrodon|0 fnt\n|-heal|p2b: Amoonguss|100\/100|[from] drain|[of] p1b: Gastrodon\n|faint|p1b: Gastrodon\n|\n|-weather|none\n|upkeep\n|\n|t:|1700071930\n|switch|p1b: Gyarados|Gyarados, M|100\/100\n|turn|9\n|\n|t:|1700071940\n|move|p2a: Tornadus|Taunt|p1b: Gyarados\n|-start|p1b: Gyarados|move: Taunt\n|cant|p1b: Gyarados|move: Taunt|Dragon Dance\n|move|p1a: Basculegion|Icy Wind|p2a: Tornadus|[spread] p2a,p2b\n|-supereffective|p2a: Tornadus\n|-supereffective|p2b: Amoonguss\n|-damage|p2a: Tornadus|0 fnt\n|-damage|p2b: Amoonguss|76\/100\n|-unboost|p2b: Amoonguss|spe|1\n|faint|p2a: Tornadus\n|move|p2b: Amoonguss|Giga Drain|p1a: Basculegion\n|-supereffective|p1a: Basculegion\n|-damage|p1a: Basculegion|0 fnt\n|-heal|p2b: Amoonguss|100\/100|[from] drain|[of] p1a: Basculegion\n|faint|p1a: Basculegion\n|\n|-sideend|p2: cotesmcgotes|move: Tailwind\n|upkeep\n|\n|t:|1700071949\n|switch|p1a: Ludicolo|Ludicolo, M|100\/100\n|switch|p2a: Palafin|Palafin, F|100\/100\n|turn|10\n|\n|t:|1700071960\n|move|p2a: Palafin|Flip Turn|p1b: Gyarados\n|-resisted|p1b: Gyarados\n|-damage|p1b: Gyarados|88\/100\n|\n|t:|1700071964\n|detailschange|p2a: Palafin|Palafin-Hero, F\n|switch|p2a: Great Tusk|Great Tusk|100\/100|[from] Flip Turn\n|move|p1b: Gyarados|Iron Head|p2b: Amoonguss\n|-damage|p2b: Amoonguss|72\/100\n|move|p1a: Ludicolo|Leech Seed|p2a: Great Tusk\n|-start|p2a: Great Tusk|move: Leech Seed\n|move|p2b: Amoonguss|Pollen Puff|p1a: Ludicolo\n|-supereffective|p1a: Ludicolo\n|-damage|p1a: Ludicolo|55\/100\n|\n|-heal|p1a: Ludicolo|61\/100|[from] item: Leftovers\n|-damage|p2a: Great Tusk|88\/100|[from] Leech Seed|[of] p1a: Ludicolo\n|-heal|p1a: Ludicolo|79\/100|[silent]\n|upkeep\n|turn|11\n|\n|t:|1700071984\n|-end|p2a: Great Tusk|Protosynthesis|[silent]\n|switch|p2a: Palafin|Palafin-Hero, F|100\/100\n|-activate|p2a: Palafin|ability: Zero to Hero\n|move|p1b: Gyarados|Waterfall|p2a: Palafin\n|-resisted|p2a: Palafin\n|-damage|p2a: Palafin|79\/100\n|move|p1a: Ludicolo|Giga Drain|p2a: Palafin\n|-supereffective|p2a: Palafin\n|-damage|p2a: Palafin|27\/100\n|-heal|p1a: Ludicolo|100\/100|[from] drain|[of] p2a: Palafin\n|move|p2b: Amoonguss|Spore|p1b: Gyarados\n|-status|p1b: Gyarados|slp|[from] move: Spore\n|\n|-end|p1b: Gyarados|move: Taunt\n|upkeep\n|turn|12\n|\n|t:|1700072007\n|move|p2a: Palafin|Drain Punch|p1a: Ludicolo\n|-damage|p1a: Ludicolo|67\/100\n|-heal|p2a: Palafin|42\/100|[from] drain|[of] p1a: Ludicolo\n|cant|p1b: Gyarados|slp\n|move|p1a: Ludicolo|Icy Wind|p2a: Palafin|[spread] p2a\n|-miss|p1a: Ludicolo|p2b: Amoonguss\n|-resisted|p2a: Palafin\n|-damage|p2a: Palafin|37\/100\n|-unboost|p2a: Palafin|spe|1\n|move|p2b: Amoonguss|Pollen Puff|p1a: Ludicolo\n|-supereffective|p1a: Ludicolo\n|-damage|p1a: Ludicolo|21\/100\n|\n|-heal|p1a: Ludicolo|27\/100|[from] item: Leftovers\n|upkeep\n|turn|13\n|\n|t:|1700072030\n|move|p1a: Ludicolo|Protect|p1a: Ludicolo\n|-singleturn|p1a: Ludicolo|Protect\n|cant|p1b: Gyarados|slp\n|move|p2a: Palafin|Ice Punch|p1b: Gyarados\n|-damage|p1b: Gyarados|44\/100 slp\n|move|p2b: Amoonguss|Pollen Puff|p1a: Ludicolo\n|-activate|p1a: Ludicolo|move: Protect\n|\n|-heal|p1a: Ludicolo|33\/100|[from] item: Leftovers\n|upkeep\n|turn|14\n|\n|t:|1700072050\n|switch|p2b: Great Tusk|Great Tusk|88\/100\n|cant|p1b: Gyarados|slp\n|move|p2a: Palafin|Ice Punch|p1b: Gyarados\n|-damage|p1b: Gyarados|0 fnt\n|faint|p1b: Gyarados\n|move|p1a: Ludicolo|Leech Seed|p2a: Palafin\n|-start|p2a: Palafin|move: Leech Seed\n|\n|-heal|p1a: Ludicolo|39\/100|[from] item: Leftovers\n|-damage|p2a: Palafin|25\/100|[from] Leech Seed|[of] p1a: Ludicolo\n|-heal|p1a: Ludicolo|53\/100|[silent]\n|upkeep\n|turn|15\n|\n|t:|1700072067\n|switch|p2a: Amoonguss|Amoonguss, F, shiny|100\/100\n|move|p2b: Great Tusk|Knock Off|p1a: Ludicolo\n|-damage|p1a: Ludicolo|14\/100\n|-enditem|p1a: Ludicolo|Leftovers|[from] move: Knock Off|[of] p2b: Great Tusk\n|move|p1a: Ludicolo|Leech Seed|p2b: Great Tusk\n|-start|p2b: Great Tusk|move: Leech Seed\n|\n|-damage|p2b: Great Tusk|76\/100|[from] Leech Seed|[of] p1a: Ludicolo\n|-heal|p1a: Ludicolo|32\/100|[silent]\n|upkeep\n|turn|16\n|\n|t:|1700072077\n|-end|p2b: Great Tusk|Protosynthesis|[silent]\n|switch|p2b: Palafin|Palafin-Hero, F|25\/100\n|move|p1a: Ludicolo|Icy Wind|p2b: Palafin|[spread] p2a,p2b\n|-supereffective|p2a: Amoonguss\n|-resisted|p2b: Palafin\n|-damage|p2a: Amoonguss|85\/100\n|-damage|p2b: Palafin|20\/100\n|-unboost|p2a: Amoonguss|spe|1\n|-unboost|p2b: Palafin|spe|1\n|move|p2a: Amoonguss|Pollen Puff|p1a: Ludicolo\n|-supereffective|p1a: Ludicolo\n|-damage|p1a: Ludicolo|0 fnt\n|faint|p1a: Ludicolo\n|\n|win|cotesmcgotes\n|raw|Champion Wesker's rating: 1211 &rarr; <strong>1187<\/strong><br \/>(-24 for losing)\n|raw|cotesmcgotes's rating: 1219 &rarr; <strong>1243<\/strong><br \/>(+24 for winning)\n|l|\u2606Champion Wesker\n","uploadtime":1700072098,"views":10,"p1id":"championwesker","p2id":"cotesmcgotes","formatid":"gen9doublesou","rating":1187,"private":0,"password":""}