{"id":"gen9doublesou-1969092825","p1":"Omega Llama 262","p2":"haseulfromloona","format":"[Gen 9] Doubles OU","log":"|j|\u2606Omega Llama 262\n|j|\u2606haseulfromloona\n|t:|1697489357\n|gametype|doubles\n|player|p1|Omega Llama 262|veteran|1091\n|player|p2|haseulfromloona|roxie|1000\n|teamsize|p1|6\n|teamsize|p2|6\n|gen|9\n|tier|[Gen 9] Doubles OU\n|rated|\n|rule|Species Clause: Limit one of each Pok\u00e9mon\n|rule|OHKO Clause: OHKO moves are banned\n|rule|Evasion Moves Clause: Evasion moves are banned\n|rule|Gravity Sleep Clause: The combination of sleep-inducing moves with imperfect accuracy and Gravity or Gigantamax Orbeetle are banned\n|rule|Endless Battle Clause: Forcing endless battles is banned\n|rule|HP Percentage Mod: HP is shown in percentages\n|clearpoke\n|poke|p1|Farigiraf, M|\n|poke|p1|Uxie|\n|poke|p1|Decidueye-Hisui, F|\n|poke|p1|Ursaluna-Bloodmoon, M|\n|poke|p1|Klefki, M|\n|poke|p1|Kleavor, F|\n|poke|p2|Sinistcha|\n|poke|p2|Gholdengo|\n|poke|p2|Rotom-Wash|\n|poke|p2|Scream Tail|\n|poke|p2|Murkrow, M|\n|poke|p2|Tyranitar, M|\n|teampreview\n|\n|t:|1697489386\n|start\n|switch|p1a: Ursaluna|Ursaluna-Bloodmoon, M|100\/100\n|switch|p1b: Klefki|Klefki, M|100\/100\n|switch|p2a: Scream Tail|Scream Tail|100\/100\n|switch|p2b: Murkrow|Murkrow, M|100\/100\n|-enditem|p2a: Scream Tail|Booster Energy\n|-activate|p2a: Scream Tail|ability: Protosynthesis|[fromitem]\n|-start|p2a: Scream Tail|protosynthesisspe\n|turn|1\n|\n|t:|1697489415\n|move|p2b: Murkrow|Tailwind|p2b: Murkrow\n|-sidestart|p2: haseulfromloona|move: Tailwind\n|move|p2a: Scream Tail|Stealth Rock|p1b: Klefki\n|-sidestart|p1: Omega Llama 262|move: Stealth Rock\n|move|p1a: Ursaluna|Calm Mind|p1a: Ursaluna\n|-boost|p1a: Ursaluna|spa|1\n|-boost|p1a: Ursaluna|spd|1\n|move|p1b: Klefki|Trick Room|p1b: Klefki\n|-fieldstart|move: Trick Room|[of] p1b: Klefki\n|\n|upkeep\n|turn|2\n|\n|t:|1697489447\n|move|p1b: Klefki|Light Screen|p1b: Klefki\n|-sidestart|p1: Omega Llama 262|move: Light Screen\n|move|p2b: Murkrow|Taunt|p1a: Ursaluna\n|-start|p1a: Ursaluna|move: Taunt\n|move|p1a: Ursaluna|Blood Moon|p2b: Murkrow\n|-damage|p2b: Murkrow|0 fnt\n|faint|p2b: Murkrow\n|move|p2a: Scream Tail|Encore|p1b: Klefki\n|-start|p1b: Klefki|Encore\n|\n|upkeep\n|\n|t:|1697489466\n|switch|p2b: Tyranitar|Tyranitar, M|100\/100\n|-weather|Sandstorm|[from] ability: Sand Stream|[of] p2b: Tyranitar\n|turn|3\n|\n|t:|1697489489\n|switch|p1b: Decidueye|Decidueye-Hisui, F|100\/100\n|-damage|p1b: Decidueye|94\/100|[from] Stealth Rock\n|move|p1a: Ursaluna|Earth Power|p2b: Tyranitar\n|-supereffective|p2b: Tyranitar\n|-damage|p2b: Tyranitar|8\/100\n|move|p2a: Scream Tail|Psychic Fangs|p1a: Ursaluna\n|-sideend|p1: Omega Llama 262|move: Light Screen\n|-crit|p1a: Ursaluna\n|-damage|p1a: Ursaluna|80\/100\n|move|p2b: Tyranitar|Dragon Tail|p1a: Ursaluna|[miss]\n|-miss|p2b: Tyranitar|p1a: Ursaluna\n|\n|-weather|Sandstorm|[upkeep]\n|-damage|p1b: Decidueye|88\/100|[from] Sandstorm\n|-damage|p2a: Scream Tail|94\/100|[from] Sandstorm\n|-heal|p1a: Ursaluna|86\/100|[from] item: Leftovers\n|-heal|p2b: Tyranitar|14\/100|[from] item: Leftovers\n|upkeep\n|turn|4\n|\n|t:|1697489532\n|switch|p2b: Rotom|Rotom-Wash|100\/100\n|move|p1a: Ursaluna|Blood Moon|p2a: Scream Tail\n|-damage|p2a: Scream Tail|5\/100\n|move|p1b: Decidueye|Triple Arrows|p2b: Rotom\n|-damage|p2b: Rotom|50\/100\n|move|p2a: Scream Tail|Psychic Fangs|p1b: Decidueye\n|-supereffective|p1b: Decidueye\n|-damage|p1b: Decidueye|43\/100\n|\n|-weather|Sandstorm|[upkeep]\n|-damage|p1b: Decidueye|37\/100|[from] Sandstorm\n|-damage|p2b: Rotom|44\/100|[from] Sandstorm\n|-damage|p2a: Scream Tail|0 fnt|[from] Sandstorm\n|faint|p2a: Scream Tail\n|-end|p2a: Scream Tail|Protosynthesis|[silent]\n|-heal|p1a: Ursaluna|92\/100|[from] item: Leftovers\n|-heal|p2b: Rotom|50\/100|[from] item: Leftovers\n|-end|p1a: Ursaluna|move: Taunt\n|-sideend|p2: haseulfromloona|move: Tailwind\n|upkeep\n|\n|t:|1697489548\n|switch|p2a: Sinistcha|Sinistcha|100\/100\n|-heal|p2b: Rotom|75\/100|[from] ability: Hospitality|[of] p2a: Sinistcha\n|turn|5\n|\n|t:|1697489564\n|switch|p1b: Klefki|Klefki, M|100\/100\n|-damage|p1b: Klefki|95\/100|[from] Stealth Rock\n|move|p1a: Ursaluna|Calm Mind|p1a: Ursaluna\n|-boost|p1a: Ursaluna|spa|1\n|-boost|p1a: Ursaluna|spd|1\n|move|p2a: Sinistcha|Matcha Gotcha|p1a: Ursaluna|[spread] p1a\n|-miss|p2a: Sinistcha|p1b: Klefki\n|-supereffective|p1a: Ursaluna\n|-damage|p1a: Ursaluna|63\/100\n|move|p2b: Rotom|Hydro Pump|p1a: Ursaluna\n|-supereffective|p1a: Ursaluna\n|-damage|p1a: Ursaluna|21\/100\n|\n|-weather|Sandstorm|[upkeep]\n|-damage|p2a: Sinistcha|94\/100|[from] Sandstorm\n|-damage|p2b: Rotom|69\/100|[from] Sandstorm\n|-heal|p1a: Ursaluna|27\/100|[from] item: Leftovers\n|-heal|p2b: Rotom|75\/100|[from] item: Leftovers\n|-fieldend|move: Trick Room\n|upkeep\n|turn|6\n|\n|t:|1697489587\n|move|p1a: Ursaluna|Protect|p1a: Ursaluna\n|-singleturn|p1a: Ursaluna|Protect\n|move|p2b: Rotom|Hydro Pump|p1a: Ursaluna\n|-activate|p1a: Ursaluna|move: Protect\n|move|p2a: Sinistcha|Matcha Gotcha|p1b: Klefki|[spread] p1b\n|-activate|p1a: Ursaluna|move: Protect\n|-resisted|p1b: Klefki\n|-damage|p1b: Klefki|80\/100\n|-heal|p2a: Sinistcha|100\/100|[from] drain|[of] p1b: Klefki\n|move|p1b: Klefki|Trick Room|p1b: Klefki\n|-fieldstart|move: Trick Room|[of] p1b: Klefki\n|\n|-weather|Sandstorm|[upkeep]\n|-damage|p2a: Sinistcha|94\/100|[from] Sandstorm\n|-damage|p2b: Rotom|69\/100|[from] Sandstorm\n|-heal|p1a: Ursaluna|33\/100|[from] item: Leftovers\n|-heal|p2b: Rotom|75\/100|[from] item: Leftovers\n|upkeep\n|turn|7\n|\n|t:|1697489612\n|move|p1b: Klefki|Light Screen|p1b: Klefki\n|-sidestart|p1: Omega Llama 262|move: Light Screen\n|move|p1a: Ursaluna|Blood Moon|p2a: Sinistcha\n|-damage|p2a: Sinistcha|0 fnt\n|faint|p2a: Sinistcha\n|move|p2b: Rotom|Hydro Pump|p1a: Ursaluna\n|-supereffective|p1a: Ursaluna\n|-damage|p1a: Ursaluna|4\/100\n|\n|-weather|none\n|-heal|p1a: Ursaluna|10\/100|[from] item: Leftovers\n|-heal|p2b: Rotom|81\/100|[from] item: Leftovers\n|upkeep\n|\n|t:|1697489622\n|switch|p2a: Tyranitar|Tyranitar, M|14\/100\n|-weather|Sandstorm|[from] ability: Sand Stream|[of] p2a: Tyranitar\n|turn|8\n|\n|t:|1697489638\n|move|p1b: Klefki|Spikes|p2b: Rotom\n|-sidestart|p2: haseulfromloona|Spikes\n|move|p1a: Ursaluna|Earth Power|p2a: Tyranitar\n|-supereffective|p2a: Tyranitar\n|-damage|p2a: Tyranitar|0 fnt\n|faint|p2a: Tyranitar\n|move|p2b: Rotom|Volt Switch|p1b: Klefki\n|-damage|p1b: Klefki|61\/100\n|\n|t:|1697489643\n|switch|p2b: Gholdengo|Gholdengo|100\/100|[from] Volt Switch\n|-damage|p2b: Gholdengo|88\/100|[from] Spikes\n|\n|-weather|Sandstorm|[upkeep]\n|-heal|p1a: Ursaluna|16\/100|[from] item: Leftovers\n|upkeep\n|\n|t:|1697489649\n|switch|p2a: Rotom|Rotom-Wash|81\/100\n|turn|9\n|\n|t:|1697489674\n|switch|p1b: Uxie|Uxie|100\/100\n|-damage|p1b: Uxie|88\/100|[from] Stealth Rock\n|move|p1a: Ursaluna|Blood Moon|p2b: Gholdengo\n|-resisted|p2b: Gholdengo\n|-damage|p2b: Gholdengo|0 fnt\n|faint|p2b: Gholdengo\n|move|p2a: Rotom|Hydro Pump|p1a: Ursaluna\n|-supereffective|p1a: Ursaluna\n|-damage|p1a: Ursaluna|0 fnt\n|faint|p1a: Ursaluna\n|\n|-weather|Sandstorm|[upkeep]\n|-damage|p1b: Uxie|82\/100|[from] Sandstorm\n|-damage|p2a: Rotom|75\/100|[from] Sandstorm\n|-heal|p2a: Rotom|81\/100|[from] item: Leftovers\n|upkeep\n|-message|haseulfromloona forfeited.\n|\n|win|Omega Llama 262\n|raw|Omega Llama 262's rating: 1091 &rarr; <strong>1111<\/strong><br \/>(+20 for winning)\n|raw|haseulfromloona's rating: 1000 &rarr; <strong>1000<\/strong><br \/>(+0 for losing)\n|l|\u2606haseulfromloona\n","uploadtime":1697489692,"views":18,"p1id":"omegallama262","p2id":"haseulfromloona","formatid":"gen9doublesou","rating":1000,"private":0,"password":""}