{"id":"gen9doublesou-1998658962","p1":"Krysta11","p2":"tranthaiyeah","format":"[Gen 9] Doubles OU","log":"|j|\u2606Krysta11\n|j|\u2606tranthaiyeah\n|t:|1700968744\n|gametype|doubles\n|player|p1|Krysta11|bellelba|1080\n|player|p2|tranthaiyeah|nate|1238\n|teamsize|p1|6\n|teamsize|p2|6\n|gen|9\n|tier|[Gen 9] Doubles OU\n|rated|\n|rule|Species Clause: Limit one of each Pok\u00e9mon\n|rule|OHKO Clause: OHKO moves are banned\n|rule|Evasion Moves Clause: Evasion moves are banned\n|rule|Gravity Sleep Clause: The combination of sleep-inducing moves with imperfect accuracy and Gravity or Gigantamax Orbeetle are banned\n|rule|Endless Battle Clause: Forcing endless battles is banned\n|rule|HP Percentage Mod: HP is shown in percentages\n|clearpoke\n|poke|p1|Armarouge, M|\n|poke|p1|Indeedee-F, F|\n|poke|p1|Flutter Mane|\n|poke|p1|Chi-Yu|\n|poke|p1|Dragonite, F|\n|poke|p1|Chien-Pao|\n|poke|p2|Grimmsnarl, M|\n|poke|p2|Sinistcha|\n|poke|p2|Hatterene, F|\n|poke|p2|Indeedee-F, F|\n|poke|p2|Iron Hands|\n|poke|p2|Landorus-Therian, M|\n|teampreview\n|inactive|Battle timer is ON: inactive players will automatically lose when time's up. (requested by tranthaiyeah)\n|\n|t:|1700968784\n|start\n|switch|p1a: Chi-Yu|Chi-Yu|100\/100\n|switch|p1b: Flutter Mane|Flutter Mane|100\/100\n|switch|p2a: Grimmsnarl|Grimmsnarl, M, shiny|100\/100\n|switch|p2b: Landorus|Landorus-Therian, M, shiny|100\/100\n|-ability|p1a: Chi-Yu|Beads of Ruin\n|-ability|p2b: Landorus|Intimidate|boost\n|-unboost|p1a: Chi-Yu|atk|1\n|-unboost|p1b: Flutter Mane|atk|1\n|-enditem|p1b: Flutter Mane|Booster Energy\n|-activate|p1b: Flutter Mane|ability: Protosynthesis|[fromitem]\n|-start|p1b: Flutter Mane|protosynthesisspe\n|turn|1\n|\n|t:|1700968814\n|-terastallize|p1b: Flutter Mane|Fairy\n|move|p2a: Grimmsnarl|Light Screen|p2a: Grimmsnarl\n|-sidestart|p2: tranthaiyeah|move: Light Screen\n|move|p1b: Flutter Mane|Dazzling Gleam|p2b: Landorus|[spread] p2a,p2b\n|-supereffective|p2a: Grimmsnarl\n|-damage|p2a: Grimmsnarl|48\/100\n|-damage|p2b: Landorus|48\/100\n|move|p1a: Chi-Yu|Overheat|p2a: Grimmsnarl\n|-damage|p2a: Grimmsnarl|3\/100\n|-unboost|p1a: Chi-Yu|spa|2\n|move|p2b: Landorus|Rock Slide|p1a: Chi-Yu|[spread] p1a\n|-miss|p2b: Landorus|p1b: Flutter Mane\n|-supereffective|p1a: Chi-Yu\n|-crit|p1a: Chi-Yu\n|-damage|p1a: Chi-Yu|0 fnt\n|faint|p1a: Chi-Yu\n|\n|upkeep\n|inactive|Krysta11 has 120 seconds left.\n|\n|t:|1700968833\n|switch|p1a: Indeedee|Indeedee-F, F|100\/100\n|-fieldstart|move: Psychic Terrain|[from] ability: Psychic Surge|[of] p1a: Indeedee\n|turn|2\n|\n|t:|1700968847\n|move|p1a: Indeedee|Helping Hand|p1b: Flutter Mane\n|-singleturn|p1b: Flutter Mane|Helping Hand|[of] p1a: Indeedee\n|move|p2b: Landorus|Protect|p2b: Landorus\n|-singleturn|p2b: Landorus|Protect\n|move|p2a: Grimmsnarl|Parting Shot|p1b: Flutter Mane\n|-activate|p1b: Flutter Mane|move: Psychic Terrain\n|move|p1b: Flutter Mane|Dazzling Gleam|p2a: Grimmsnarl|[spread] p2a\n|-activate|p2b: Landorus|move: Protect\n|-supereffective|p2a: Grimmsnarl\n|-damage|p2a: Grimmsnarl|0 fnt\n|faint|p2a: Grimmsnarl\n|\n|upkeep\n|\n|t:|1700968862\n|switch|p2a: Hatterene|Hatterene, F, shiny|100\/100\n|turn|3\n|\n|t:|1700968874\n|switch|p2b: Indeedee|Indeedee-F, F|100\/100\n|-enditem|p2b: Indeedee|Psychic Seed\n|-boost|p2b: Indeedee|spd|1|[from] item: Psychic Seed\n|move|p1a: Indeedee|Helping Hand|p1b: Flutter Mane\n|-singleturn|p1b: Flutter Mane|Helping Hand|[of] p1a: Indeedee\n|move|p1b: Flutter Mane|Dazzling Gleam|p2b: Indeedee|[spread] p2a,p2b\n|-damage|p2a: Hatterene|59\/100\n|-damage|p2b: Indeedee|75\/100\n|move|p2a: Hatterene|Trick Room|p2a: Hatterene\n|-fieldstart|move: Trick Room|[of] p2a: Hatterene\n|\n|upkeep\n|turn|4\n|inactive|Krysta11 has 120 seconds left.\n|\n|t:|1700968912\n|move|p2b: Indeedee|Helping Hand|p2a: Hatterene\n|-singleturn|p2a: Hatterene|Helping Hand|[of] p2b: Indeedee\n|move|p1a: Indeedee|Protect|p1a: Indeedee\n|-singleturn|p1a: Indeedee|Protect\n|move|p1b: Flutter Mane|Protect|p1b: Flutter Mane\n|-singleturn|p1b: Flutter Mane|Protect\n|move|p2a: Hatterene|Dazzling Gleam|p1a: Indeedee|[spread] \n|-activate|p1a: Indeedee|move: Protect\n|-activate|p1b: Flutter Mane|move: Protect\n|\n|upkeep\n|turn|5\n|inactive|Krysta11 has 120 seconds left.\n|\n|t:|1700968932\n|move|p2b: Indeedee|Helping Hand|p2a: Hatterene\n|-singleturn|p2a: Hatterene|Helping Hand|[of] p2b: Indeedee\n|move|p2a: Hatterene|Psychic|p1b: Flutter Mane\n|-damage|p1b: Flutter Mane|0 fnt\n|faint|p1b: Flutter Mane\n|-end|p1b: Flutter Mane|Protosynthesis|[silent]\n|-damage|p2a: Hatterene|49\/100|[from] item: Life Orb\n|move|p1a: Indeedee|Trick Room|p1a: Indeedee\n|-fieldend|move: Trick Room\n|\n|upkeep\n|inactive|Krysta11 has 120 seconds left.\n|\n|t:|1700968965\n|switch|p1b: Armarouge|Armarouge, M|100\/100\n|turn|6\n|inactive|tranthaiyeah has 120 seconds left.\n|inactive|Krysta11 has 90 seconds left.\n|\n|t:|1700969010\n|switch|p2a: Landorus|Landorus-Therian, M, shiny|48\/100\n|-ability|p2a: Landorus|Intimidate|boost\n|-unboost|p1a: Indeedee|atk|1\n|-unboost|p1b: Armarouge|atk|1\n|move|p1b: Armarouge|Endure|p1b: Armarouge\n|-singleturn|p1b: Armarouge|move: Endure\n|move|p2b: Indeedee|Follow Me|p2b: Indeedee\n|-singleturn|p2b: Indeedee|move: Follow Me\n|move|p1a: Indeedee|Trick Room|p1a: Indeedee\n|-fieldstart|move: Trick Room|[of] p1a: Indeedee\n|\n|-fieldend|move: Psychic Terrain\n|upkeep\n|turn|7\n|inactive|tranthaiyeah has 120 seconds left.\n|inactive|Krysta11 has 90 seconds left.\n|\n|t:|1700969057\n|move|p1a: Indeedee|Helping Hand|p1b: Armarouge\n|-singleturn|p1b: Armarouge|Helping Hand|[of] p1a: Indeedee\n|move|p2b: Indeedee|Helping Hand|p2a: Landorus\n|-singleturn|p2a: Landorus|Helping Hand|[of] p2b: Indeedee\n|move|p1b: Armarouge|Expanding Force|p2a: Landorus\n|-damage|p2a: Landorus|0 fnt\n|faint|p2a: Landorus\n|\n|upkeep\n|\n|t:|1700969067\n|switch|p2a: Iron Hands|Iron Hands, shiny|100\/100\n|turn|8\n|inactive|tranthaiyeah has 120 seconds left.\n|inactive|Krysta11 has 90 seconds left.\n|\n|t:|1700969082\n|-terastallize|p2a: Iron Hands|Fire\n|move|p1b: Armarouge|Endure|p1b: Armarouge\n|-singleturn|p1b: Armarouge|move: Endure\n|move|p2a: Iron Hands|Belly Drum|p2a: Iron Hands\n|-damage|p2a: Iron Hands|50\/100\n|-setboost|p2a: Iron Hands|atk|6|[from] move: Belly Drum\n|-enditem|p2a: Iron Hands|Sitrus Berry|[eat]\n|-heal|p2a: Iron Hands|75\/100|[from] item: Sitrus Berry\n|move|p2b: Indeedee|Psychic|p1b: Armarouge\n|-resisted|p1b: Armarouge\n|-damage|p1b: Armarouge|85\/100\n|move|p1a: Indeedee|Trick Room|p1a: Indeedee\n|-fieldend|move: Trick Room\n|\n|-sideend|p2: tranthaiyeah|move: Light Screen\n|upkeep\n|turn|9\n|inactive|tranthaiyeah has 120 seconds left.\n|\n|t:|1700969117\n|switch|p2b: Hatterene|Hatterene, F, shiny|49\/100\n|move|p1a: Indeedee|Helping Hand|p1b: Armarouge\n|-singleturn|p1b: Armarouge|Helping Hand|[of] p1a: Indeedee\n|move|p1b: Armarouge|Expanding Force|p2a: Iron Hands\n|-damage|p2a: Iron Hands|12\/100\n|move|p2a: Iron Hands|Drain Punch|p1a: Indeedee\n|-damage|p1a: Indeedee|0 fnt\n|-heal|p2a: Iron Hands|46\/100|[from] drain|[of] p1a: Indeedee\n|faint|p1a: Indeedee\n|\n|upkeep\n|inactive|Krysta11 has 90 seconds left.\n|\n|t:|1700969137\n|switch|p1a: Dragonite|Dragonite, F|100\/100\n|turn|10\n|inactive|tranthaiyeah has 120 seconds left.\n|inactive|Krysta11 has 90 seconds left.\n|\n|t:|1700969158\n|switch|p2b: Indeedee|Indeedee-F, F|75\/100\n|-fieldstart|move: Psychic Terrain|[from] ability: Psychic Surge|[of] p2b: Indeedee\n|move|p1a: Dragonite|Rock Slide|p2a: Iron Hands|[spread] p2a,p2b\n|-supereffective|p2a: Iron Hands\n|-damage|p2a: Iron Hands|2\/100\n|-damage|p2b: Indeedee|32\/100\n|move|p1b: Armarouge|Expanding Force|p2a: Iron Hands|[spread] p2a,p2b\n|-resisted|p2b: Indeedee\n|-damage|p2a: Iron Hands|0 fnt\n|-damage|p2b: Indeedee|0 fnt\n|faint|p2a: Iron Hands\n|-end|p2a: Iron Hands|Quark Drive|[silent]\n|faint|p2b: Indeedee\n|\n|upkeep\n|inactive|tranthaiyeah has 120 seconds left.\n|\n|t:|1700969171\n|switch|p2b: Hatterene|Hatterene, F, shiny|49\/100\n|switch|p2a: Sinistcha|Sinistcha|100\/100\n|-heal|p2b: Hatterene|74\/100|[from] ability: Hospitality|[of] p2a: Sinistcha\n|turn|11\n|\n|t:|1700969193\n|move|p2b: Hatterene|Protect|p2b: Hatterene\n|-singleturn|p2b: Hatterene|Protect\n|move|p1a: Dragonite|Rock Slide|p2b: Hatterene|[spread] p2a\n|-activate|p2b: Hatterene|move: Protect\n|-damage|p2a: Sinistcha|76\/100\n|move|p1b: Armarouge|Armor Cannon|p2b: Hatterene\n|-activate|p2b: Hatterene|move: Protect\n|move|p2a: Sinistcha|Trick Room|p2a: Sinistcha\n|-fieldstart|move: Trick Room|[of] p2a: Sinistcha\n|\n|-heal|p2a: Sinistcha|82\/100|[from] item: Leftovers\n|upkeep\n|turn|12\n|inactive|Krysta11 has 120 seconds left.\n|inactive|tranthaiyeah has 120 seconds left.\n|\n|t:|1700969231\n|move|p1b: Armarouge|Endure|p1b: Armarouge\n|-singleturn|p1b: Armarouge|move: Endure\n|move|p2b: Hatterene|Dazzling Gleam|p1b: Armarouge|[spread] p1a,p1b\n|-supereffective|p1a: Dragonite\n|-resisted|p1b: Armarouge\n|-damage|p1a: Dragonite|26\/100\n|-damage|p1b: Armarouge|62\/100\n|-damage|p2b: Hatterene|64\/100|[from] item: Life Orb\n|move|p2a: Sinistcha|Strength Sap|p1a: Dragonite\n|-unboost|p1a: Dragonite|atk|1\n|-heal|p2a: Sinistcha|100\/100\n|move|p1a: Dragonite|Rock Slide|p2b: Hatterene|[spread] p2a,p2b\n|-damage|p2a: Sinistcha|84\/100\n|-damage|p2b: Hatterene|41\/100\n|\n|-heal|p2a: Sinistcha|90\/100|[from] item: Leftovers\n|upkeep\n|turn|13\n|inactive|Krysta11 has 120 seconds left.\n|\n|t:|1700969249\n|move|p2b: Hatterene|Dazzling Gleam|p1a: Dragonite|[spread] p1a,p1b\n|-supereffective|p1a: Dragonite\n|-resisted|p1b: Armarouge\n|-damage|p1a: Dragonite|0 fnt\n|-damage|p1b: Armarouge|38\/100\n|faint|p1a: Dragonite\n|-damage|p2b: Hatterene|31\/100|[from] item: Life Orb\n|move|p2a: Sinistcha|Matcha Gotcha|p1b: Armarouge|[miss]\n|-miss|p2a: Sinistcha|p1b: Armarouge\n|move|p1b: Armarouge|Expanding Force|p2a: Sinistcha|[spread] p2a,p2b\n|-resisted|p2b: Hatterene\n|-damage|p2a: Sinistcha|24\/100\n|-damage|p2b: Hatterene|0 fnt\n|faint|p2b: Hatterene\n|\n|-heal|p2a: Sinistcha|30\/100|[from] item: Leftovers\n|upkeep\n|\n|t:|1700969262\n|switch|p1a: Chien-Pao|Chien-Pao|100\/100\n|-ability|p1a: Chien-Pao|Sword of Ruin\n|turn|14\n|\n|t:|1700969270\n|move|p2a: Sinistcha|Matcha Gotcha|p1b: Armarouge|[spread] p1a,p1b\n|-resisted|p1b: Armarouge\n|-damage|p1a: Chien-Pao|64\/100\n|-heal|p2a: Sinistcha|46\/100|[from] drain|[of] p1a: Chien-Pao\n|-damage|p1b: Armarouge|25\/100\n|-heal|p2a: Sinistcha|54\/100|[from] drain|[of] p1b: Armarouge\n|move|p1b: Armarouge|Armor Cannon|p2a: Sinistcha\n|-supereffective|p2a: Sinistcha\n|-damage|p2a: Sinistcha|0 fnt\n|-unboost|p1b: Armarouge|def|1\n|-unboost|p1b: Armarouge|spd|1\n|faint|p2a: Sinistcha\n|\n|win|Krysta11\n|raw|Krysta11's rating: 1080 &rarr; <strong>1120<\/strong><br \/>(+40 for winning)\n|raw|tranthaiyeah's rating: 1238 &rarr; <strong>1202<\/strong><br \/>(-36 for losing)\n","uploadtime":1700969287,"views":5,"p1id":"krysta11","p2id":"tranthaiyeah","formatid":"gen9doublesou","rating":1120,"private":0,"password":""}