{"id":"gen9doublesou-1990798381","p1":"Shadow Ballers","p2":"lvBreakfast","format":"[Gen 9] Doubles OU","log":"|j|\u2606Shadow Ballers\n|j|\u2606lvBreakfast\n|t:|1700001920\n|gametype|doubles\n|player|p1|Shadow Ballers|roughneck|1511\n|player|p2|lvBreakfast|clerkf|1552\n|teamsize|p1|6\n|teamsize|p2|6\n|gen|9\n|tier|[Gen 9] Doubles OU\n|rated|\n|rule|Species Clause: Limit one of each Pok\u00e9mon\n|rule|OHKO Clause: OHKO moves are banned\n|rule|Evasion Moves Clause: Evasion moves are banned\n|rule|Gravity Sleep Clause: The combination of sleep-inducing moves with imperfect accuracy and Gravity or Gigantamax Orbeetle are banned\n|rule|Endless Battle Clause: Forcing endless battles is banned\n|rule|HP Percentage Mod: HP is shown in percentages\n|clearpoke\n|poke|p1|Landorus, M|\n|poke|p1|Walking Wake|\n|poke|p1|Weezing-Galar, M|\n|poke|p1|Weavile, M|\n|poke|p1|Rillaboom, M|\n|poke|p1|Ceruledge, F|\n|poke|p2|Thundurus, M|\n|poke|p2|Okidogi, M|\n|poke|p2|Haxorus, F|\n|poke|p2|Weavile, F|\n|poke|p2|Sinistcha-Masterpiece|\n|poke|p2|Ogerpon-Cornerstone, F|\n|teampreview\n|inactive|Battle timer is ON: inactive players will automatically lose when time's up. (requested by lvBreakfast)\n|\n|t:|1700001946\n|start\n|switch|p1a: Weavile|Weavile, M, shiny|100\/100\n|switch|p1b: Weezing|Weezing-Galar, M, shiny|100\/100\n|switch|p2a: Thundurus|Thundurus, M|100\/100\n|switch|p2b: Chien Pao|Weavile, F|100\/100\n|-ability|p1b: Weezing|Neutralizing Gas\n|turn|1\n|c|\u2606Shadow Ballers|First other weavile user I've encountered!\n|c|\u2606Shadow Ballers|Go weave!\n|\n|t:|1700001971\n|-terastallize|p1a: Weavile|Ghost\n|move|p2b: Chien Pao|Fake Out|p1a: Weavile\n|-immune|p1a: Weavile\n|move|p1a: Weavile|Icicle Spear|p2a: Thundurus\n|-supereffective|p2a: Thundurus\n|-damage|p2a: Thundurus|77\/100\n|-supereffective|p2a: Thundurus\n|-damage|p2a: Thundurus|49\/100\n|-supereffective|p2a: Thundurus\n|-damage|p2a: Thundurus|24\/100\n|-supereffective|p2a: Thundurus\n|-damage|p2a: Thundurus|0 fnt\n|faint|p2a: Thundurus\n|-hitcount|p2: Thundurus|4\n|move|p1b: Weezing|Play Rough|p2b: Chien Pao\n|-supereffective|p2b: Chien Pao\n|-damage|p2b: Chien Pao|4\/100\n|\n|upkeep\n|\n|t:|1700001996\n|switch|p2a: Okidogi|Okidogi, M|100\/100\n|turn|2\n|inactive|lvBreakfast has 120 seconds left.\n|\n|t:|1700002034\n|move|p1a: Weavile|Ice Shard|p2b: Chien Pao\n|-resisted|p2b: Chien Pao\n|-damage|p2b: Chien Pao|0 fnt\n|faint|p2b: Chien Pao\n|move|p2a: Okidogi|Bulk Up|p2a: Okidogi\n|-boost|p2a: Okidogi|atk|1\n|-boost|p2a: Okidogi|def|1\n|move|p1b: Weezing|Play Rough|p2a: Okidogi\n|-damage|p2a: Okidogi|86\/100\n|\n|upkeep\n|\n|t:|1700002045\n|switch|p2b: Ogerpon|Ogerpon-Cornerstone, F|100\/100\n|turn|3\n|inactive|Shadow Ballers has 120 seconds left.\n|\n|t:|1700002085\n|-end|p1b: Weezing|ability: Neutralizing Gas\n|-ability|p1a: Weavile|Pressure\n|switch|p1b: Landorus|Landorus, M, shiny|100\/100\n|move|p2b: Ogerpon|Spiky Shield|p2b: Ogerpon\n|-singleturn|p2b: Ogerpon|move: Protect\n|move|p1a: Weavile|Icicle Spear|p2b: Ogerpon\n|-activate|p2b: Ogerpon|move: Protect\n|move|p2a: Okidogi|Knock Off|p1a: Weavile\n|-supereffective|p1a: Weavile\n|-damage|p1a: Weavile|0 fnt\n|-enditem|p1a: Weavile|Loaded Dice|[from] move: Knock Off|[of] p2a: Okidogi\n|faint|p1a: Weavile\n|\n|upkeep\n|\n|t:|1700002111\n|switch|p1a: Ceruledge|Ceruledge, F, shiny|100\/100\n|turn|4\n|inactive|lvBreakfast has 120 seconds left.\n|inactive|lvBreakfast has 90 seconds left.\n|\n|t:|1700002179\n|move|p1a: Ceruledge|Protect|p1a: Ceruledge\n|-singleturn|p1a: Ceruledge|Protect\n|move|p2b: Ogerpon|Ivy Cudgel|p1a: Ceruledge|[anim] Ivy Cudgel Rock\n|-activate|p1a: Ceruledge|move: Protect\n|move|p1b: Landorus|Psychic|p2a: Okidogi\n|-supereffective|p2a: Okidogi\n|-damage|p2a: Okidogi|0 fnt\n|faint|p2a: Okidogi\n|\n|upkeep\n|\n|t:|1700002183\n|switch|p2a: Haxorus|Haxorus, F, shiny|100\/100\n|-ability|p2a: Haxorus|Mold Breaker\n|turn|5\n|inactive|Shadow Ballers has 120 seconds left.\n|inactive|lvBreakfast has 90 seconds left.\n|\n|t:|1700002227\n|switch|p1a: Weezing|Weezing-Galar, M, shiny|100\/100\n|-ability|p1a: Weezing|Neutralizing Gas\n|move|p2b: Ogerpon|Ivy Cudgel|p1b: Landorus|[anim] Ivy Cudgel Rock\n|-damage|p1b: Landorus|26\/100\n|move|p1b: Landorus|Sludge Bomb|p2b: Ogerpon\n|-damage|p2b: Ogerpon|55\/100\n|-damage|p1b: Landorus|16\/100|[from] item: Life Orb\n|move|p2a: Haxorus|Breaking Swipe|p1b: Landorus|[spread] p1b\n|-immune|p1a: Weezing\n|-damage|p1b: Landorus|0 fnt\n|faint|p1b: Landorus\n|-damage|p2a: Haxorus|91\/100|[from] item: Life Orb\n|\n|upkeep\n|\n|t:|1700002251\n|switch|p1b: Walking Wake|Walking Wake|100\/100\n|turn|6\n|inactive|Shadow Ballers has 120 seconds left.\n|inactive|lvBreakfast has 90 seconds left.\n|\n|t:|1700002288\n|move|p1b: Walking Wake|Protect|p1b: Walking Wake\n|-singleturn|p1b: Walking Wake|Protect\n|move|p2b: Ogerpon|Ivy Cudgel|p1a: Weezing|[anim] Ivy Cudgel Rock\n|-crit|p1a: Weezing\n|-damage|p1a: Weezing|20\/100\n|move|p2a: Haxorus|Breaking Swipe|p1a: Weezing|[spread] \n|-activate|p1b: Walking Wake|move: Protect\n|-immune|p1a: Weezing\n|move|p1a: Weezing|Gyro Ball|p2b: Ogerpon\n|-supereffective|p2b: Ogerpon\n|-damage|p2b: Ogerpon|17\/100\n|\n|upkeep\n|turn|7\n|inactive|lvBreakfast has 90 seconds left.\n|\n|t:|1700002311\n|-terastallize|p2a: Haxorus|Steel\n|move|p2b: Ogerpon|Ivy Cudgel|p1a: Weezing|[anim] Ivy Cudgel Rock\n|-damage|p1a: Weezing|0 fnt\n|faint|p1a: Weezing\n|-end|p1a: Weezing|ability: Neutralizing Gas\n|-ability|p2a: Haxorus|Mold Breaker\n|move|p1b: Walking Wake|Draco Meteor|p2a: Haxorus\n|-resisted|p2a: Haxorus\n|-damage|p2a: Haxorus|22\/100\n|-unboost|p1b: Walking Wake|spa|2\n|-damage|p1b: Walking Wake|91\/100|[from] item: Life Orb\n|move|p2a: Haxorus|Breaking Swipe|p1b: Walking Wake\n|-supereffective|p1b: Walking Wake\n|-damage|p1b: Walking Wake|0 fnt\n|faint|p1b: Walking Wake\n|-end|p1b: Walking Wake|Protosynthesis|[silent]\n|-damage|p2a: Haxorus|12\/100|[from] item: Life Orb\n|\n|upkeep\n|inactive|Shadow Ballers has 120 seconds left.\n|\n|t:|1700002331\n|switch|p1b: Rillaboom|Rillaboom, M, shiny|100\/100\n|switch|p1a: Ceruledge|Ceruledge, F, shiny|100\/100\n|-fieldstart|move: Grassy Terrain|[from] ability: Grassy Surge|[of] p1b: Rillaboom\n|turn|8\n|\n|t:|1700002350\n|move|p2b: Ogerpon|Spiky Shield|p2b: Ogerpon\n|-singleturn|p2b: Ogerpon|move: Protect\n|move|p1b: Rillaboom|Grassy Glide|p2b: Ogerpon\n|-activate|p2b: Ogerpon|move: Protect\n|-damage|p1b: Rillaboom|88\/100|[from] Spiky Shield|[of] p2b: Ogerpon\n|move|p1a: Ceruledge|Shadow Sneak|p2a: Haxorus\n|-damage|p2a: Haxorus|0 fnt\n|faint|p2a: Haxorus\n|\n|-heal|p2b: Ogerpon|23\/100|[from] Grassy Terrain\n|-heal|p1b: Rillaboom|94\/100|[from] Grassy Terrain\n|upkeep\n|\n|t:|1700002360\n|switch|p2a: Sinistcha|Sinistcha-Masterpiece|100\/100\n|-heal|p2b: Ogerpon|48\/100|[from] ability: Hospitality|[of] p2a: Sinistcha\n|turn|9\n|inactive|lvBreakfast has 120 seconds left.\n|\n|t:|1700002378\n|move|p1a: Ceruledge|Protect|p1a: Ceruledge\n|-singleturn|p1a: Ceruledge|Protect\n|move|p2b: Ogerpon|Ivy Cudgel|p1a: Ceruledge|[anim] Ivy Cudgel Rock\n|-activate|p1a: Ceruledge|move: Protect\n|move|p1b: Rillaboom|Drain Punch|p2b: Ogerpon\n|-supereffective|p2b: Ogerpon\n|-damage|p2b: Ogerpon|0 fnt\n|-heal|p1b: Rillaboom|100\/100|[from] drain|[of] p2b: Ogerpon\n|faint|p2b: Ogerpon\n|move|p2a: Sinistcha|Strength Sap|p1b: Rillaboom\n|-unboost|p1b: Rillaboom|atk|1\n|\n|upkeep\n|turn|10\n|c|\u2606Shadow Ballers|gg\n|c|\u2606lvBreakfast|Ggs\n|inactive|Shadow Ballers has 120 seconds left.\n|\n|t:|1700002411\n|move|p1b: Rillaboom|Grassy Glide|p2a: Sinistcha\n|-resisted|p2a: Sinistcha\n|-damage|p2a: Sinistcha|89\/100\n|move|p1a: Ceruledge|Bitter Blade|p2a: Sinistcha\n|-supereffective|p2a: Sinistcha\n|-damage|p2a: Sinistcha|0 fnt\n|faint|p2a: Sinistcha\n|\n|win|Shadow Ballers\n|raw|Shadow Ballers's rating: 1511 &rarr; <strong>1533<\/strong><br \/>(+22 for winning)\n|raw|lvBreakfast's rating: 1552 &rarr; <strong>1530<\/strong><br \/>(-22 for losing)\n|l|\u2606lvBreakfast\n","uploadtime":1700002477,"views":13,"p1id":"shadowballers","p2id":"lvbreakfast","formatid":"gen9doublesou","rating":1530,"private":0,"password":""}