{"id":"gen9doublesou-1968134240","p1":"elenjendro8581","p2":"PJtheMagnificus","format":"[Gen 9] Doubles OU","log":"|html|<div class=\"broadcast-blue\"><strong>[Gen 9] Doubles OU is currently suspecting Basculegion & Flutter Mane! For information on how to participate check out the <a href=\"https:\/\/www.smogon.com\/forums\/threads\/np-sv-dou-stage-8-double-trouble.3729153\/\">suspect thread<\/a>.<\/strong><\/div>\n|j|\u2606elenjendro8581\n|j|\u2606PJtheMagnificus\n|t:|1697387744\n|gametype|doubles\n|player|p1|elenjendro8581|266|\n|player|p2|PJtheMagnificus|101|\n|teamsize|p1|6\n|teamsize|p2|6\n|gen|9\n|tier|[Gen 9] Doubles OU\n|rule|Species Clause: Limit one of each Pok\u00e9mon\n|rule|OHKO Clause: OHKO moves are banned\n|rule|Evasion Moves Clause: Evasion moves are banned\n|rule|Gravity Sleep Clause: The combination of sleep-inducing moves with imperfect accuracy and Gravity or Gigantamax Orbeetle are banned\n|rule|Endless Battle Clause: Forcing endless battles is banned\n|rule|HP Percentage Mod: HP is shown in percentages\n|clearpoke\n|poke|p1|Sinistcha-Masterpiece|\n|poke|p1|Ursaluna, F|\n|poke|p1|Empoleon, M|\n|poke|p1|Gliscor, F|\n|poke|p1|Samurott-Hisui, M|\n|poke|p1|Ninetales-Alola, M|\n|poke|p2|Gliscor, F|\n|poke|p2|Talonflame, F|\n|poke|p2|Flutter Mane|\n|poke|p2|Landorus-Therian, M|\n|poke|p2|Arcanine, M|\n|poke|p2|Grimmsnarl, M|\n|teampreview\n|\n|t:|1697387827\n|start\n|switch|p1a: Good Soup|Sinistcha-Masterpiece, shiny|100\/100\n|switch|p1b: Nothing|Empoleon, M, shiny|100\/100\n|switch|p2a: Gliscor|Gliscor, F|100\/100\n|switch|p2b: Talonflame|Talonflame, F|100\/100\n|turn|1\n|j| Garje\n|\n|t:|1697387856\n|-terastallize|p1a: Good Soup|Fairy\n|move|p2b: Talonflame|Air Slash|p1a: Good Soup\n|-damage|p1a: Good Soup|77\/100\n|move|p2a: Gliscor|Toxic Spikes|p1a: Good Soup\n|-sidestart|p1: elenjendro8581|move: Toxic Spikes\n|move|p1b: Nothing|Knock Off|p2a: Gliscor\n|-damage|p2a: Gliscor|88\/100\n|-enditem|p2a: Gliscor|Toxic Orb|[from] move: Knock Off|[of] p1b: Nothing\n|move|p1a: Good Soup|Trick Room|p1a: Good Soup\n|-fieldstart|move: Trick Room|[of] p1a: Good Soup\n|\n|upkeep\n|turn|2\n|\n|t:|1697387881\n|move|p2b: Talonflame|Air Slash|p1a: Good Soup\n|-damage|p1a: Good Soup|51\/100\n|move|p1b: Nothing|Flip Turn|p2b: Talonflame\n|-supereffective|p2b: Talonflame\n|-damage|p2b: Talonflame|53\/100\n|\n|t:|1697387894\n|switch|p1b: Princesa|Ursaluna, F, shiny|100\/100|[from] Flip Turn\n|-status|p1b: Princesa|psn\n|cant|p1a: Good Soup|flinch\n|move|p2a: Gliscor|Knock Off|p1b: Princesa\n|-damage|p1b: Princesa|86\/100 psn\n|-enditem|p1b: Princesa|Flame Orb|[from] move: Knock Off|[of] p2a: Gliscor\n|\n|-damage|p1b: Princesa|74\/100 psn|[from] psn\n|upkeep\n|turn|3\n|\n|t:|1697387919\n|move|p1b: Princesa|Facade|p2a: Gliscor\n|-damage|p2a: Gliscor|24\/100\n|move|p1a: Good Soup|Matcha Gotcha|p2a: Gliscor|[spread] p2a\n|-miss|p1a: Good Soup|p2b: Talonflame\n|-damage|p2a: Gliscor|0 fnt\n|-heal|p1a: Good Soup|63\/100|[from] drain|[of] p2a: Gliscor\n|faint|p2a: Gliscor\n|move|p2b: Talonflame|Air Slash|p1b: Princesa\n|-damage|p1b: Princesa|57\/100 psn\n|\n|-damage|p1b: Princesa|45\/100 psn|[from] psn\n|upkeep\n|\n|t:|1697387946\n|switch|p2a: Arcanine|Arcanine, M|100\/100\n|-ability|p2a: Arcanine|Intimidate|boost\n|-unboost|p1a: Good Soup|atk|1\n|-unboost|p1b: Princesa|atk|1\n|turn|4\n|\n|t:|1697387970\n|move|p1b: Princesa|Headlong Rush|p2a: Arcanine\n|-supereffective|p2a: Arcanine\n|-damage|p2a: Arcanine|0 fnt\n|-unboost|p1b: Princesa|def|1\n|-unboost|p1b: Princesa|spd|1\n|faint|p2a: Arcanine\n|move|p1a: Good Soup|Strength Sap|p2b: Talonflame\n|-unboost|p2b: Talonflame|atk|1\n|-heal|p1a: Good Soup|100\/100\n|move|p2b: Talonflame|Air Slash|p1a: Good Soup\n|-damage|p1a: Good Soup|79\/100\n|\n|-damage|p1b: Princesa|32\/100 psn|[from] psn\n|upkeep\n|\n|t:|1697387985\n|switch|p2a: Flutter Mane|Flutter Mane|100\/100\n|-enditem|p2a: Flutter Mane|Booster Energy\n|-activate|p2a: Flutter Mane|ability: Protosynthesis|[fromitem]\n|-start|p2a: Flutter Mane|protosynthesisspa\n|turn|5\n|\n|t:|1697388011\n|move|p2a: Flutter Mane|Protect|p2a: Flutter Mane\n|-singleturn|p2a: Flutter Mane|Protect\n|move|p1a: Good Soup|Rage Powder|p1a: Good Soup\n|-singleturn|p1a: Good Soup|move: Rage Powder\n|move|p1b: Princesa|Facade|p2a: Flutter Mane\n|-activate|p2a: Flutter Mane|move: Protect\n|move|p2b: Talonflame|Air Slash|p1a: Good Soup\n|-damage|p1a: Good Soup|56\/100\n|\n|-damage|p1b: Princesa|20\/100 psn|[from] psn\n|-fieldend|move: Trick Room\n|upkeep\n|turn|6\n|\n|t:|1697388033\n|move|p1b: Princesa|Protect|p1b: Princesa\n|-singleturn|p1b: Princesa|Protect\n|move|p2b: Talonflame|Air Slash|p1a: Good Soup\n|-damage|p1a: Good Soup|33\/100\n|move|p2a: Flutter Mane|Dazzling Gleam|p1b: Princesa|[spread] p1a\n|-activate|p1b: Princesa|move: Protect\n|-damage|p1a: Good Soup|0 fnt\n|faint|p1a: Good Soup\n|\n|-damage|p1b: Princesa|8\/100 psn|[from] psn\n|upkeep\n|\n|t:|1697388047\n|switch|p1a: Nobunaga|Samurott-Hisui, M, shiny|100\/100\n|-status|p1a: Nobunaga|psn\n|turn|7\n|\n|t:|1697388071\n|move|p2b: Talonflame|Air Slash|p1a: Nobunaga\n|-damage|p1a: Nobunaga|79\/100 psn\n|move|p2a: Flutter Mane|Dazzling Gleam|p1b: Princesa|[spread] p1a,p1b\n|-supereffective|p1a: Nobunaga\n|-crit|p1b: Princesa\n|-damage|p1a: Nobunaga|0 fnt\n|-damage|p1b: Princesa|0 fnt\n|faint|p1a: Nobunaga\n|faint|p1b: Princesa\n|\n|upkeep\n|\n|t:|1697388095\n|switch|p1a: Batman|Gliscor, F, shiny|100\/100\n|switch|p1b: Nothing|Empoleon, M, shiny|100\/100\n|turn|8\n|\n|t:|1697388138\n|move|p2b: Talonflame|Air Slash|p1a: Batman\n|-damage|p1a: Batman|74\/100\n|move|p2a: Flutter Mane|Dark Pulse|p1a: Batman\n|-damage|p1a: Batman|26\/100\n|move|p1a: Batman|Toxic|p2a: Flutter Mane\n|-status|p2a: Flutter Mane|tox\n|move|p1b: Nothing|Knock Off|p2a: Flutter Mane\n|-damage|p2a: Flutter Mane|71\/100 tox\n|\n|-damage|p2a: Flutter Mane|65\/100 tox|[from] psn\n|-status|p1a: Batman|tox|[from] item: Toxic Orb\n|upkeep\n|turn|9\n|\n|t:|1697388167\n|move|p1a: Batman|Protect|p1a: Batman\n|-singleturn|p1a: Batman|Protect\n|move|p2b: Talonflame|Roost|p2b: Talonflame\n|-heal|p2b: Talonflame|100\/100\n|-singleturn|p2b: Talonflame|move: Roost\n|move|p2a: Flutter Mane|Dark Pulse|p1a: Batman\n|-activate|p1a: Batman|move: Protect\n|move|p1b: Nothing|Air Slash|p2a: Flutter Mane\n|-damage|p2a: Flutter Mane|42\/100 tox\n|\n|-damage|p2a: Flutter Mane|30\/100 tox|[from] psn\n|-heal|p1a: Batman|38\/100 tox|[from] ability: Poison Heal\n|upkeep\n|turn|10\n|\n|t:|1697388198\n|switch|p2b: Landorus|Landorus-Therian, M|100\/100\n|-ability|p2b: Landorus|Intimidate|boost\n|-unboost|p1a: Batman|atk|1\n|-unboost|p1b: Nothing|atk|1\n|-ability|p1b: Nothing|Competitive|boost\n|-boost|p1b: Nothing|spa|2\n|-enditem|p1b: Nothing|Adrenaline Orb\n|-boost|p1b: Nothing|spe|1|[from] item: Adrenaline Orb\n|move|p2a: Flutter Mane|Hex|p1a: Batman\n|-damage|p1a: Batman|0 fnt\n|faint|p1a: Batman\n|move|p1b: Nothing|Flip Turn|p2a: Flutter Mane\n|-damage|p2a: Flutter Mane|2\/100 tox\n|\n|t:|1697388212\n|switch|p1b: Burpees|Ninetales-Alola, M, shiny|100\/100|[from] Flip Turn\n|-status|p1b: Burpees|psn\n|-weather|Snow|[from] ability: Snow Warning|[of] p1b: Burpees\n|\n|-weather|Snow|[upkeep]\n|-damage|p2a: Flutter Mane|0 fnt|[from] psn\n|faint|p2a: Flutter Mane\n|-end|p2a: Flutter Mane|Protosynthesis|[silent]\n|-damage|p1b: Burpees|88\/100 psn|[from] psn\n|upkeep\n|\n|t:|1697388224\n|switch|p2a: Grimmsnarl|Grimmsnarl, M|100\/100\n|switch|p1a: Nothing|Empoleon, M, shiny|100\/100\n|turn|11\n|\n|t:|1697388240\n|move|p2a: Grimmsnarl|Reflect|p2a: Grimmsnarl\n|-sidestart|p2: PJtheMagnificus|Reflect\n|move|p1b: Burpees|Aurora Veil|p1b: Burpees\n|-sidestart|p1: elenjendro8581|move: Aurora Veil\n|move|p2b: Landorus|Rock Slide|p1b: Burpees|[spread] p1a,p1b\n|-resisted|p1a: Nothing\n|-supereffective|p1b: Burpees\n|-damage|p1a: Nothing|94\/100\n|-damage|p1b: Burpees|73\/100 psn\n|move|p1a: Nothing|Knock Off|p2b: Landorus\n|-damage|p2b: Landorus|91\/100\n|-enditem|p2b: Landorus|Leftovers|[from] move: Knock Off|[of] p1a: Nothing\n|\n|-weather|Snow|[upkeep]\n|-damage|p1b: Burpees|61\/100 psn|[from] psn\n|upkeep\n|turn|12\n|\n|t:|1697388280\n|move|p2a: Grimmsnarl|Light Screen|p2a: Grimmsnarl\n|-sidestart|p2: PJtheMagnificus|move: Light Screen\n|move|p1b: Burpees|Freeze-Dry|p2b: Landorus\n|-supereffective|p2b: Landorus\n|-damage|p2b: Landorus|28\/100\n|move|p2b: Landorus|Rock Slide|p1a: Nothing|[spread] p1a,p1b\n|-resisted|p1a: Nothing\n|-supereffective|p1b: Burpees\n|-damage|p1a: Nothing|87\/100\n|-damage|p1b: Burpees|46\/100 psn\n|cant|p1a: Nothing|flinch\n|\n|-weather|Snow|[upkeep]\n|-damage|p1b: Burpees|34\/100 psn|[from] psn\n|upkeep\n|turn|13\n|\n|t:|1697388302\n|move|p2b: Landorus|Protect|p2b: Landorus\n|-singleturn|p2b: Landorus|Protect\n|move|p1b: Burpees|Freeze-Dry|p2b: Landorus\n|-activate|p2b: Landorus|move: Protect\n|move|p1a: Nothing|Flip Turn|p2b: Landorus\n|-activate|p2b: Landorus|move: Protect\n|move|p2a: Grimmsnarl|Spirit Break|p1b: Burpees\n|-damage|p1b: Burpees|21\/100 psn\n|-unboost|p1b: Burpees|spa|1\n|\n|-weather|Snow|[upkeep]\n|-damage|p1b: Burpees|8\/100 psn|[from] psn\n|upkeep\n|turn|14\n|\n|t:|1697388340\n|switch|p2b: Talonflame|Talonflame, F|100\/100\n|move|p1b: Burpees|Moonblast|p2a: Grimmsnarl\n|-supereffective|p2a: Grimmsnarl\n|-crit|p2a: Grimmsnarl\n|-damage|p2a: Grimmsnarl|36\/100\n|-unboost|p2a: Grimmsnarl|spa|1\n|move|p2a: Grimmsnarl|Spirit Break|p1a: Nothing\n|-resisted|p1a: Nothing\n|-damage|p1a: Nothing|76\/100\n|-unboost|p1a: Nothing|spa|1\n|-ability|p1a: Nothing|Competitive|boost\n|-boost|p1a: Nothing|spa|2\n|move|p1a: Nothing|Flip Turn|p2b: Talonflame\n|-supereffective|p2b: Talonflame\n|-damage|p2b: Talonflame|71\/100\n|\n|-weather|none\n|-damage|p1b: Burpees|0 fnt|[from] psn\n|faint|p1b: Burpees\n|upkeep\n|turn|15\n|\n|t:|1697388373\n|move|p2b: Talonflame|Air Slash|p1a: Nothing\n|-resisted|p1a: Nothing\n|-damage|p1a: Nothing|71\/100\n|move|p1a: Nothing|Air Slash|p2a: Grimmsnarl\n|-damage|p2a: Grimmsnarl|21\/100\n|cant|p2a: Grimmsnarl|flinch\n|\n|upkeep\n|turn|16\n|\n|t:|1697388392\n|move|p2a: Grimmsnarl|Protect|p2a: Grimmsnarl\n|-singleturn|p2a: Grimmsnarl|Protect\n|move|p2b: Talonflame|Air Slash|p1a: Nothing\n|-resisted|p1a: Nothing\n|-damage|p1a: Nothing|66\/100\n|move|p1a: Nothing|Roost|p1a: Nothing\n|-heal|p1a: Nothing|100\/100\n|-singleturn|p1a: Nothing|move: Roost\n|\n|upkeep\n|turn|17\n|\n|t:|1697388408\n|move|p2a: Grimmsnarl|Protect|p2a: Grimmsnarl\n|-singleturn|p2a: Grimmsnarl|Protect\n|move|p2b: Talonflame|Air Slash|p1a: Nothing\n|-resisted|p1a: Nothing\n|-damage|p1a: Nothing|95\/100\n|move|p1a: Nothing|Air Slash|p2a: Grimmsnarl\n|-activate|p2a: Grimmsnarl|move: Protect\n|\n|upkeep\n|turn|18\n|\n|t:|1697388451\n|move|p2a: Grimmsnarl|Reflect||[still]\n|-fail|p2a: Grimmsnarl\n|move|p2b: Talonflame|Air Slash|p1a: Nothing\n|-resisted|p1a: Nothing\n|-damage|p1a: Nothing|90\/100\n|cant|p1a: Nothing|flinch\n|\n|-sideend|p2: PJtheMagnificus|Reflect\n|-sideend|p1: elenjendro8581|move: Aurora Veil\n|upkeep\n|turn|19\n|\n|t:|1697388468\n|move|p2a: Grimmsnarl|Reflect|p2a: Grimmsnarl\n|-sidestart|p2: PJtheMagnificus|Reflect\n|move|p2b: Talonflame|Air Slash|p1a: Nothing\n|-resisted|p1a: Nothing\n|-damage|p1a: Nothing|83\/100\n|move|p1a: Nothing|Knock Off|p2a: Grimmsnarl\n|-resisted|p2a: Grimmsnarl\n|-damage|p2a: Grimmsnarl|16\/100\n|-enditem|p2a: Grimmsnarl|Light Clay|[from] move: Knock Off|[of] p1a: Nothing\n|\n|-sideend|p2: PJtheMagnificus|move: Light Screen\n|upkeep\n|turn|20\n|\n|t:|1697388491\n|move|p2a: Grimmsnarl|Light Screen|p2a: Grimmsnarl\n|-sidestart|p2: PJtheMagnificus|move: Light Screen\n|move|p2b: Talonflame|Air Slash|p1a: Nothing\n|-resisted|p1a: Nothing\n|-damage|p1a: Nothing|76\/100\n|move|p1a: Nothing|Flip Turn|p2b: Talonflame\n|-supereffective|p2b: Talonflame\n|-damage|p2b: Talonflame|43\/100\n|\n|upkeep\n|turn|21\n|\n|t:|1697388509\n|move|p2a: Grimmsnarl|Protect|p2a: Grimmsnarl\n|-singleturn|p2a: Grimmsnarl|Protect\n|move|p2b: Talonflame|Roost|p2b: Talonflame\n|-heal|p2b: Talonflame|93\/100\n|-singleturn|p2b: Talonflame|move: Roost\n|move|p1a: Nothing|Flip Turn|p2b: Talonflame\n|-supereffective|p2b: Talonflame\n|-damage|p2b: Talonflame|60\/100\n|\n|upkeep\n|turn|22\n|\n|t:|1697388538\n|move|p2a: Grimmsnarl|Protect||[still]\n|-fail|p2a: Grimmsnarl\n|move|p2b: Talonflame|Air Slash|p1a: Nothing\n|-resisted|p1a: Nothing\n|-damage|p1a: Nothing|69\/100\n|move|p1a: Nothing|Flip Turn|p2b: Talonflame\n|-supereffective|p2b: Talonflame\n|-damage|p2b: Talonflame|31\/100\n|\n|upkeep\n|turn|23\n|\n|t:|1697388555\n|move|p2a: Grimmsnarl|Protect|p2a: Grimmsnarl\n|-singleturn|p2a: Grimmsnarl|Protect\n|move|p2b: Talonflame|Roost|p2b: Talonflame\n|-heal|p2b: Talonflame|81\/100\n|-singleturn|p2b: Talonflame|move: Roost\n|move|p1a: Nothing|Flip Turn|p2b: Talonflame\n|-supereffective|p2b: Talonflame\n|-damage|p2b: Talonflame|51\/100\n|\n|upkeep\n|turn|24\n|\n|t:|1697388575\n|move|p2a: Grimmsnarl|Protect||[still]\n|-fail|p2a: Grimmsnarl\n|move|p2b: Talonflame|Air Slash|p1a: Nothing\n|-resisted|p1a: Nothing\n|-damage|p1a: Nothing|62\/100\n|move|p1a: Nothing|Flip Turn|p2b: Talonflame\n|-supereffective|p2b: Talonflame\n|-damage|p2b: Talonflame|23\/100\n|\n|-sideend|p2: PJtheMagnificus|move: Light Screen\n|upkeep\n|turn|25\n|\n|t:|1697388595\n|move|p2b: Talonflame|Roost|p2b: Talonflame\n|-heal|p2b: Talonflame|73\/100\n|-singleturn|p2b: Talonflame|move: Roost\n|move|p1a: Nothing|Roost|p1a: Nothing\n|-heal|p1a: Nothing|100\/100\n|-singleturn|p1a: Nothing|move: Roost\n|move|p2a: Grimmsnarl|Spirit Break|p1a: Nothing\n|-resisted|p1a: Nothing\n|-damage|p1a: Nothing|82\/100\n|-unboost|p1a: Nothing|spa|1\n|-ability|p1a: Nothing|Competitive|boost\n|-boost|p1a: Nothing|spa|2\n|\n|upkeep\n|turn|26\n|\n|t:|1697388611\n|move|p2a: Grimmsnarl|Protect|p2a: Grimmsnarl\n|-singleturn|p2a: Grimmsnarl|Protect\n|move|p2b: Talonflame|Air Slash|p1a: Nothing\n|-resisted|p1a: Nothing\n|-damage|p1a: Nothing|74\/100\n|move|p1a: Nothing|Flip Turn|p2b: Talonflame\n|-supereffective|p2b: Talonflame\n|-damage|p2b: Talonflame|45\/100\n|\n|-sideend|p2: PJtheMagnificus|Reflect\n|upkeep\n|turn|27\n|\n|t:|1697388622\n|move|p2a: Grimmsnarl|Reflect|p2a: Grimmsnarl\n|-sidestart|p2: PJtheMagnificus|Reflect\n|move|p2b: Talonflame|Air Slash|p1a: Nothing|[miss]\n|-miss|p2b: Talonflame|p1a: Nothing\n|move|p1a: Nothing|Flip Turn|p2b: Talonflame\n|-supereffective|p2b: Talonflame\n|-damage|p2b: Talonflame|15\/100\n|\n|upkeep\n|turn|28\n|\n|t:|1697388633\n|move|p2a: Grimmsnarl|Light Screen|p2a: Grimmsnarl\n|-sidestart|p2: PJtheMagnificus|move: Light Screen\n|move|p2b: Talonflame|Roost|p2b: Talonflame\n|-heal|p2b: Talonflame|65\/100\n|-singleturn|p2b: Talonflame|move: Roost\n|move|p1a: Nothing|Roost|p1a: Nothing\n|-heal|p1a: Nothing|100\/100\n|-singleturn|p1a: Nothing|move: Roost\n|\n|upkeep\n|turn|29\n|\n|t:|1697388650\n|move|p2a: Grimmsnarl|Protect|p2a: Grimmsnarl\n|-singleturn|p2a: Grimmsnarl|Protect\n|move|p2b: Talonflame|Air Slash|p1a: Nothing\n|-resisted|p1a: Nothing\n|-damage|p1a: Nothing|93\/100\n|move|p1a: Nothing|Flip Turn|p2b: Talonflame\n|-supereffective|p2b: Talonflame\n|-damage|p2b: Talonflame|33\/100\n|\n|upkeep\n|turn|30\n|\n|t:|1697388667\n|move|p2a: Grimmsnarl|Protect|p2a: Grimmsnarl\n|-singleturn|p2a: Grimmsnarl|Protect\n|move|p2b: Talonflame|Roost|p2b: Talonflame\n|-heal|p2b: Talonflame|83\/100\n|-singleturn|p2b: Talonflame|move: Roost\n|move|p1a: Nothing|Flip Turn|p2b: Talonflame\n|-supereffective|p2b: Talonflame\n|-damage|p2b: Talonflame|54\/100\n|\n|upkeep\n|turn|31\n|\n|t:|1697388681\n|move|p2a: Grimmsnarl|Protect||[still]\n|-fail|p2a: Grimmsnarl\n|move|p2b: Talonflame|Air Slash|p1a: Nothing\n|-resisted|p1a: Nothing\n|-damage|p1a: Nothing|86\/100\n|cant|p1a: Nothing|flinch\n|\n|-sideend|p2: PJtheMagnificus|Reflect\n|upkeep\n|turn|32\n|\n|t:|1697388695\n|move|p2a: Grimmsnarl|Reflect|p2a: Grimmsnarl\n|-sidestart|p2: PJtheMagnificus|Reflect\n|move|p2b: Talonflame|Air Slash|p1a: Nothing\n|-resisted|p1a: Nothing\n|-damage|p1a: Nothing|79\/100\n|cant|p1a: Nothing|flinch\n|\n|-sideend|p2: PJtheMagnificus|move: Light Screen\n|upkeep\n|turn|33\n|\n|t:|1697388704\n|move|p2a: Grimmsnarl|Light Screen|p2a: Grimmsnarl\n|-sidestart|p2: PJtheMagnificus|move: Light Screen\n|move|p2b: Talonflame|Air Slash|p1a: Nothing\n|-resisted|p1a: Nothing\n|-damage|p1a: Nothing|72\/100\n|move|p1a: Nothing|Flip Turn|p2b: Talonflame\n|-supereffective|p2b: Talonflame\n|-damage|p2b: Talonflame|25\/100\n|\n|upkeep\n|turn|34\n|\n|t:|1697388716\n|move|p2a: Grimmsnarl|Protect|p2a: Grimmsnarl\n|-singleturn|p2a: Grimmsnarl|Protect\n|move|p2b: Talonflame|Roost|p2b: Talonflame\n|-heal|p2b: Talonflame|75\/100\n|-singleturn|p2b: Talonflame|move: Roost\n|move|p1a: Nothing|Flip Turn|p2b: Talonflame\n|-supereffective|p2b: Talonflame\n|-damage|p2b: Talonflame|43\/100\n|\n|upkeep\n|turn|35\n|\n|t:|1697388727\n|move|p2a: Grimmsnarl|Protect||[still]\n|-fail|p2a: Grimmsnarl\n|move|p2b: Talonflame|Air Slash|p1a: Nothing\n|-resisted|p1a: Nothing\n|-damage|p1a: Nothing|65\/100\n|move|p1a: Nothing|Flip Turn|p2b: Talonflame\n|-supereffective|p2b: Talonflame\n|-damage|p2b: Talonflame|14\/100\n|\n|upkeep\n|turn|36\n|\n|t:|1697388740\n|move|p2a: Grimmsnarl|Protect|p2a: Grimmsnarl\n|-singleturn|p2a: Grimmsnarl|Protect\n|move|p2b: Talonflame|Air Slash|p1a: Nothing\n|-resisted|p1a: Nothing\n|-damage|p1a: Nothing|58\/100\n|move|p1a: Nothing|Roost|p1a: Nothing\n|-heal|p1a: Nothing|100\/100\n|-singleturn|p1a: Nothing|move: Roost\n|\n|-sideend|p2: PJtheMagnificus|Reflect\n|upkeep\n|turn|37\n|\n|t:|1697388761\n|move|p2a: Grimmsnarl|Protect|p2a: Grimmsnarl\n|-singleturn|p2a: Grimmsnarl|Protect\n|move|p2b: Talonflame|Taunt|p1a: Nothing\n|-start|p1a: Nothing|move: Taunt\n|move|p1a: Nothing|Flip Turn|p2b: Talonflame\n|-supereffective|p2b: Talonflame\n|-damage|p2b: Talonflame|0 fnt\n|faint|p2b: Talonflame\n|\n|-sideend|p2: PJtheMagnificus|move: Light Screen\n|upkeep\n|\n|t:|1697388771\n|switch|p2b: Landorus|Landorus-Therian, M|28\/100\n|-ability|p2b: Landorus|Intimidate|boost\n|-unboost|p1a: Nothing|atk|1\n|-ability|p1a: Nothing|Competitive|boost\n|-boost|p1a: Nothing|spa|2\n|turn|38\n|\n|t:|1697388787\n|-terastallize|p2b: Landorus|Steel\n|move|p2a: Grimmsnarl|Reflect|p2a: Grimmsnarl\n|-sidestart|p2: PJtheMagnificus|Reflect\n|move|p2b: Landorus|Rock Slide|p1a: Nothing\n|-resisted|p1a: Nothing\n|-damage|p1a: Nothing|87\/100\n|move|p1a: Nothing|Flip Turn|p2b: Landorus\n|-damage|p2b: Landorus|22\/100\n|\n|upkeep\n|turn|39\n|\n|t:|1697388801\n|move|p2a: Grimmsnarl|Light Screen|p2a: Grimmsnarl\n|-sidestart|p2: PJtheMagnificus|move: Light Screen\n|move|p2b: Landorus|Rock Slide|p1a: Nothing\n|-resisted|p1a: Nothing\n|-damage|p1a: Nothing|73\/100\n|move|p1a: Nothing|Knock Off|p2b: Landorus\n|-damage|p2b: Landorus|18\/100\n|\n|-end|p1a: Nothing|move: Taunt\n|upkeep\n|turn|40\n|\n|t:|1697388819\n|move|p2a: Grimmsnarl|Protect|p2a: Grimmsnarl\n|-singleturn|p2a: Grimmsnarl|Protect\n|move|p2b: Landorus|Rock Slide|p1a: Nothing\n|-resisted|p1a: Nothing\n|-damage|p1a: Nothing|59\/100\n|move|p1a: Nothing|Flip Turn|p2b: Landorus\n|-damage|p2b: Landorus|13\/100\n|\n|upkeep\n|turn|41\n|\n|t:|1697388834\n|move|p2b: Landorus|Rock Slide|p1a: Nothing|[miss]\n|-miss|p2b: Landorus|p1a: Nothing\n|move|p2a: Grimmsnarl|Spirit Break|p1a: Nothing\n|-resisted|p1a: Nothing\n|-damage|p1a: Nothing|44\/100\n|-unboost|p1a: Nothing|spa|1\n|-ability|p1a: Nothing|Competitive|boost\n|-boost|p1a: Nothing|spa|2\n|move|p1a: Nothing|Roost|p1a: Nothing\n|-heal|p1a: Nothing|94\/100\n|-singleturn|p1a: Nothing|move: Roost\n|\n|upkeep\n|turn|42\n|\n|t:|1697388857\n|move|p2b: Landorus|Rock Slide|p1a: Nothing\n|-resisted|p1a: Nothing\n|-damage|p1a: Nothing|80\/100\n|move|p1a: Nothing|Air Slash|p2b: Landorus\n|-resisted|p2b: Landorus\n|-damage|p2b: Landorus|0 fnt\n|faint|p2b: Landorus\n|move|p2a: Grimmsnarl|Spirit Break|p1a: Nothing\n|-resisted|p1a: Nothing\n|-damage|p1a: Nothing|61\/100\n|-unboost|p1a: Nothing|spa|1\n|-ability|p1a: Nothing|Competitive|boost\n|-boost|p1a: Nothing|spa|2\n|\n|-sideend|p2: PJtheMagnificus|Reflect\n|upkeep\n|turn|43\n|\n|t:|1697388874\n|move|p2a: Grimmsnarl|Protect|p2a: Grimmsnarl\n|-singleturn|p2a: Grimmsnarl|Protect\n|move|p1a: Nothing|Air Slash|p2a: Grimmsnarl\n|-activate|p2a: Grimmsnarl|move: Protect\n|\n|-sideend|p2: PJtheMagnificus|move: Light Screen\n|upkeep\n|turn|44\n|\n|t:|1697388882\n|move|p1a: Nothing|Air Slash|p2a: Grimmsnarl\n|-damage|p2a: Grimmsnarl|0 fnt\n|faint|p2a: Grimmsnarl\n|\n|win|elenjendro8581\n|l|\u2606elenjendro8581\n|l| Garje\n","uploadtime":1697388922,"views":11,"p1id":"elenjendro8581","p2id":"pjthemagnificus","formatid":"gen9doublesou","rating":0,"private":0,"password":""}