{"id":"gen9doublesou-1993391891","p1":"Chorizordpicante","p2":"Todaisal","format":"[Gen 9] Doubles OU","log":"|j|\u2606Chorizordpicante\n|j|\u2606Todaisal\n|t:|1700311277\n|gametype|doubles\n|player|p1|Chorizordpicante|steven|1204\n|player|p2|Todaisal|265|1229\n|teamsize|p1|6\n|teamsize|p2|6\n|gen|9\n|tier|[Gen 9] Doubles OU\n|rated|\n|rule|Species Clause: Limit one of each Pok\u00e9mon\n|rule|OHKO Clause: OHKO moves are banned\n|rule|Evasion Moves Clause: Evasion moves are banned\n|rule|Gravity Sleep Clause: The combination of sleep-inducing moves with imperfect accuracy and Gravity or Gigantamax Orbeetle are banned\n|rule|Endless Battle Clause: Forcing endless battles is banned\n|rule|HP Percentage Mod: HP is shown in percentages\n|clearpoke\n|poke|p1|Dondozo, F|\n|poke|p1|Gastrodon, F|\n|poke|p1|Greninja-*, M|\n|poke|p1|Ogerpon-Wellspring, F|\n|poke|p1|Surskit, M|\n|poke|p1|Gyarados, F|\n|poke|p2|Oricorio-Pom-Pom, M|\n|poke|p2|Volcarona, M|\n|poke|p2|Grimmsnarl, M|\n|poke|p2|Lilligant-Hisui, F|\n|poke|p2|Krookodile, F|\n|poke|p2|Ninetales, M|\n|teampreview\n|inactive|Battle timer is ON: inactive players will automatically lose when time's up. (requested by Chorizordpicante)\n|\n|t:|1700311292\n|start\n|switch|p1a: Surskit|Surskit, M|100\/100\n|switch|p1b: Gastrodon|Gastrodon, F|100\/100\n|switch|p2a: Lilligant|Lilligant-Hisui, F|100\/100\n|switch|p2b: Ninetales|Ninetales, M|100\/100\n|-weather|SunnyDay|[from] ability: Drought|[of] p2b: Ninetales\n|turn|1\n|\n|t:|1700311307\n|switch|p1b: Ogerpon|Ogerpon-Wellspring, F|100\/100\n|move|p2a: Lilligant|Close Combat|p1a: Surskit\n|-resisted|p1a: Surskit\n|-damage|p1a: Surskit|2\/100\n|-unboost|p2a: Lilligant|def|1\n|-unboost|p2a: Lilligant|spd|1\n|-damage|p2a: Lilligant|91\/100|[from] item: Life Orb\n|move|p2b: Ninetales|Solar Beam||[still]\n|-prepare|p2b: Ninetales|Solar Beam\n|-anim|p2b: Ninetales|Solar Beam|p1b: Ogerpon\n|-damage|p1b: Ogerpon|64\/100\n|move|p1a: Surskit|Sticky Web|p2a: Lilligant\n|-sidestart|p2: Todaisal|move: Sticky Web\n|\n|-weather|SunnyDay|[upkeep]\n|upkeep\n|turn|2\n|\n|t:|1700311327\n|move|p2a: Lilligant|Poison Jab|p1b: Ogerpon\n|-supereffective|p1b: Ogerpon\n|-damage|p1b: Ogerpon|0 fnt\n|faint|p1b: Ogerpon\n|-damage|p2a: Lilligant|81\/100|[from] item: Life Orb\n|move|p2b: Ninetales|Heat Wave|p1a: Surskit\n|-damage|p1a: Surskit|0 fnt\n|faint|p1a: Surskit\n|\n|-weather|SunnyDay|[upkeep]\n|upkeep\n|\n|t:|1700311336\n|switch|p1b: Dondozo|Dondozo, F|100\/100\n|switch|p1a: Gyarados|Gyarados, F|100\/100\n|-ability|p1a: Gyarados|Intimidate|boost\n|-unboost|p2a: Lilligant|atk|1\n|-unboost|p2b: Ninetales|atk|1\n|turn|3\n|\n|t:|1700311350\n|move|p2a: Lilligant|Poison Jab|p1a: Gyarados\n|-damage|p1a: Gyarados|72\/100\n|-damage|p2a: Lilligant|71\/100|[from] item: Life Orb\n|move|p2b: Ninetales|Will-O-Wisp|p1b: Dondozo|[miss]\n|-miss|p2b: Ninetales|p1b: Dondozo\n|move|p1a: Gyarados|Dragon Dance|p1a: Gyarados\n|-boost|p1a: Gyarados|atk|1\n|-boost|p1a: Gyarados|spe|1\n|move|p1b: Dondozo|Avalanche|p2a: Lilligant\n|-supereffective|p2a: Lilligant\n|-damage|p2a: Lilligant|17\/100\n|\n|-weather|SunnyDay|[upkeep]\n|upkeep\n|turn|4\n|\n|t:|1700311367\n|move|p2a: Lilligant|Poison Jab|p1a: Gyarados\n|-damage|p1a: Gyarados|45\/100\n|-damage|p2a: Lilligant|7\/100|[from] item: Life Orb\n|move|p1a: Gyarados|Dragon Dance|p1a: Gyarados\n|-boost|p1a: Gyarados|atk|1\n|-boost|p1a: Gyarados|spe|1\n|move|p2b: Ninetales|Will-O-Wisp|p1b: Dondozo\n|-status|p1b: Dondozo|brn\n|move|p1b: Dondozo|Curse|p1b: Dondozo\n|-unboost|p1b: Dondozo|spe|1\n|-boost|p1b: Dondozo|atk|1\n|-boost|p1b: Dondozo|def|1\n|\n|-weather|SunnyDay|[upkeep]\n|-damage|p1b: Dondozo|94\/100 brn|[from] brn\n|upkeep\n|turn|5\n|\n|t:|1700311384\n|move|p2a: Lilligant|Poison Jab|p1a: Gyarados\n|-damage|p1a: Gyarados|16\/100\n|-damage|p2a: Lilligant|0 fnt|[from] item: Life Orb\n|faint|p2a: Lilligant\n|move|p1a: Gyarados|Waterfall|p2b: Ninetales\n|-supereffective|p2b: Ninetales\n|-damage|p2b: Ninetales|0 fnt\n|faint|p2b: Ninetales\n|-damage|p1a: Gyarados|6\/100|[from] item: Life Orb\n|move|p1b: Dondozo|Liquidation|p2: Lilligant|[notarget]\n|-fail|p1b: Dondozo\n|\n|-weather|none\n|-heal|p1b: Dondozo|100\/100 brn|[from] item: Leftovers\n|-damage|p1b: Dondozo|94\/100 brn|[from] brn\n|upkeep\n|\n|t:|1700311397\n|switch|p2a: Grimmsnarl|Grimmsnarl, M|100\/100\n|switch|p2b: Krookodile|Krookodile, F|100\/100\n|-activate|p2b: Krookodile|move: Sticky Web\n|-unboost|p2b: Krookodile|spe|1\n|-ability|p2b: Krookodile|Intimidate|boost\n|-unboost|p1a: Gyarados|atk|1\n|-unboost|p1b: Dondozo|atk|1\n|-activate|p2a: Grimmsnarl|move: Sticky Web\n|-unboost|p2a: Grimmsnarl|spe|1\n|turn|6\n|\n|t:|1700311413\n|move|p2a: Grimmsnarl|Fake Out|p1a: Gyarados\n|-damage|p1a: Gyarados|0 fnt\n|faint|p1a: Gyarados\n|move|p2b: Krookodile|Knock Off|p1b: Dondozo\n|-damage|p1b: Dondozo|74\/100 brn\n|-enditem|p1b: Dondozo|Leftovers|[from] move: Knock Off|[of] p2b: Krookodile\n|move|p1b: Dondozo|Curse|p1b: Dondozo\n|-unboost|p1b: Dondozo|spe|1\n|-boost|p1b: Dondozo|atk|1\n|-boost|p1b: Dondozo|def|1\n|\n|-damage|p1b: Dondozo|68\/100 brn|[from] brn\n|upkeep\n|\n|t:|1700311428\n|switch|p1a: Gastrodon|Gastrodon, F|100\/100\n|turn|7\n|\n|t:|1700311440\n|move|p2a: Grimmsnarl|Light Screen|p2a: Grimmsnarl\n|-sidestart|p2: Todaisal|move: Light Screen\n|move|p2b: Krookodile|Knock Off|p1a: Gastrodon\n|-damage|p1a: Gastrodon|49\/100\n|-enditem|p1a: Gastrodon|Expert Belt|[from] move: Knock Off|[of] p2b: Krookodile\n|move|p1a: Gastrodon|Muddy Water|p2a: Grimmsnarl|[spread] p2a,p2b\n|-crit|p2a: Grimmsnarl\n|-supereffective|p2b: Krookodile\n|-damage|p2a: Grimmsnarl|57\/100\n|-damage|p2b: Krookodile|62\/100\n|move|p1b: Dondozo|Curse|p1b: Dondozo\n|-unboost|p1b: Dondozo|spe|1\n|-boost|p1b: Dondozo|atk|1\n|-boost|p1b: Dondozo|def|1\n|\n|-damage|p1b: Dondozo|62\/100 brn|[from] brn\n|upkeep\n|turn|8\n|\n|t:|1700311462\n|move|p2a: Grimmsnarl|Parting Shot|p1a: Gastrodon\n|-unboost|p1a: Gastrodon|atk|1\n|-unboost|p1a: Gastrodon|spa|1\n|\n|t:|1700311465\n|switch|p2a: Oricorio|Oricorio-Pom-Pom, M|100\/100|[from] Parting Shot\n|move|p2b: Krookodile|Earthquake|p1a: Gastrodon|[spread] p1a,p1b\n|-immune|p2a: Oricorio\n|-damage|p1a: Gastrodon|12\/100\n|-damage|p1b: Dondozo|53\/100 brn\n|move|p1a: Gastrodon|Muddy Water|p2a: Oricorio|[spread] p2a,p2b\n|-supereffective|p2b: Krookodile\n|-damage|p2a: Oricorio|87\/100\n|-damage|p2b: Krookodile|38\/100\n|-unboost|p2a: Oricorio|accuracy|1\n|move|p1b: Dondozo|Curse|p1b: Dondozo\n|-unboost|p1b: Dondozo|spe|1\n|-boost|p1b: Dondozo|atk|1\n|-boost|p1b: Dondozo|def|1\n|\n|-heal|p2a: Oricorio|93\/100|[from] item: Leftovers\n|-damage|p1b: Dondozo|47\/100 brn|[from] brn\n|upkeep\n|turn|9\n|inactive|Chorizordpicante has 120 seconds left.\n|\n|t:|1700311506\n|move|p2a: Oricorio|Revelation Dance|p1b: Dondozo\n|-supereffective|p1b: Dondozo\n|-damage|p1b: Dondozo|0 fnt\n|faint|p1b: Dondozo\n|move|p2b: Krookodile|Earthquake|p1a: Gastrodon|[spread] p1a\n|-immune|p2a: Oricorio\n|-crit|p1a: Gastrodon\n|-damage|p1a: Gastrodon|0 fnt\n|faint|p1a: Gastrodon\n|\n|-heal|p2a: Oricorio|99\/100|[from] item: Leftovers\n|upkeep\n|\n|t:|1700311518\n|switch|p1b: Greninja|Greninja, M|100\/100\n|turn|10\n|\n|t:|1700311527\n|switch|p2a: Grimmsnarl|Grimmsnarl, M|57\/100\n|-activate|p2a: Grimmsnarl|move: Sticky Web\n|-unboost|p2a: Grimmsnarl|spe|1\n|-terastallize|p1b: Greninja|Water\n|move|p1b: Greninja|Surf|p2b: Krookodile|[spread] p2a,p2b\n|-supereffective|p2b: Krookodile\n|-damage|p2a: Grimmsnarl|24\/100\n|-damage|p2b: Krookodile|0 fnt\n|faint|p2b: Krookodile\n|-ability|p1b: Greninja|Battle Bond|boost\n|-boost|p1b: Greninja|atk|1\n|-boost|p1b: Greninja|spa|1\n|-boost|p1b: Greninja|spe|1\n|-activate|p1b: Greninja|ability: Battle Bond\n|-damage|p1b: Greninja|91\/100|[from] item: Life Orb\n|\n|upkeep\n|\n|t:|1700311541\n|switch|p2b: Oricorio|Oricorio-Pom-Pom, M|99\/100\n|turn|11\n|\n|t:|1700311547\n|move|p2a: Grimmsnarl|Fake Out|p1b: Greninja\n|-damage|p1b: Greninja|72\/100\n|cant|p1b: Greninja|flinch\n|move|p2b: Oricorio|Revelation Dance|p1b: Greninja\n|-supereffective|p1b: Greninja\n|-damage|p1b: Greninja|0 fnt\n|faint|p1b: Greninja\n|\n|win|Todaisal\n|raw|Chorizordpicante's rating: 1204 &rarr; <strong>1181<\/strong><br \/>(-23 for losing)\n|raw|Todaisal's rating: 1229 &rarr; <strong>1252<\/strong><br \/>(+23 for winning)\n|l|\u2606Chorizordpicante\n","uploadtime":1700311560,"views":7,"p1id":"chorizordpicante","p2id":"todaisal","formatid":"gen9doublesou","rating":1181,"private":0,"password":""}