{"id":"gen9doublesou-1987569287","p1":"Blitz0","p2":"Microsoft_Irl","format":"[Gen 9] Doubles OU","log":"|j|\u2606Blitz0\n|j|\u2606Microsoft_Irl\n|inactive|Battle timer is ON: inactive players will automatically lose when time's up.\n|t:|1699613492\n|gametype|doubles\n|player|p1|Blitz0|benga|\n|player|p2|Microsoft_Irl|wattson|\n|teamsize|p1|4\n|teamsize|p2|4\n|gen|9\n|tier|[Gen 9] Doubles OU\n|rated|Tournament battle\n|rule|Species Clause: Limit one of each Pok\u00e9mon\n|rule|OHKO Clause: OHKO moves are banned\n|rule|Evasion Moves Clause: Evasion moves are banned\n|rule|Gravity Sleep Clause: The combination of sleep-inducing moves with imperfect accuracy and Gravity or Gigantamax Orbeetle are banned\n|rule|Endless Battle Clause: Forcing endless battles is banned\n|rule|HP Percentage Mod: HP is shown in percentages\n|clearpoke\n|poke|p1|Sneasel, F|\n|poke|p1|Barraskewda, M|\n|poke|p1|Aipom, F|\n|poke|p1|Haxorus, M|\n|poke|p2|Naclstack, M|\n|poke|p2|Venonat, F|\n|poke|p2|Zoroark-Hisui, F|\n|poke|p2|Donphan, F|\n|teampreview\n|j|*Lady Monita \u263d\n|inactive|Microsoft_Irl also wants the timer to be on.\n|\n|t:|1699613510\n|start\n|switch|p1a: Sneasel|Sneasel, F|100\/100\n|switch|p1b: Aipom|Aipom, F, shiny|100\/100\n|switch|p2a: Venonat|Venonat, F|100\/100\n|switch|p2b: Donphan|Donphan, F|100\/100\n|turn|1\n|\n|t:|1699613520\n|move|p1a: Sneasel|Swords Dance|p1a: Sneasel\n|-boost|p1a: Sneasel|atk|2\n|move|p2b: Donphan|Trick|p1a: Sneasel\n|-activate|p2b: Donphan|move: Trick|[of] p1a: Sneasel\n|-item|p1a: Sneasel|Choice Specs|[from] move: Trick\n|-item|p2b: Donphan|Eviolite|[from] move: Trick\n|move|p1b: Aipom|Nasty Plot|p1b: Aipom\n|-boost|p1b: Aipom|spa|2\n|move|p2a: Venonat|Sleep Powder|p1b: Aipom|[miss]\n|-miss|p2a: Venonat|p1b: Aipom\n|\n|upkeep\n|turn|2\n|\n|t:|1699613535\n|move|p1a: Sneasel|Ice Shard|p2b: Donphan\n|-damage|p2b: Donphan|32\/100\n|replace|p2b: Zoroark|Zoroark-Hisui, F\n|-end|p2b: Zoroark|Illusion\n|move|p2b: Zoroark|Flamethrower|p1a: Sneasel\n|-supereffective|p1a: Sneasel\n|-damage|p1a: Sneasel|0 fnt\n|faint|p1a: Sneasel\n|move|p1b: Aipom|Shadow Ball|p2a: Venonat\n|-damage|p2a: Venonat|45\/100\n|move|p2a: Venonat|Sludge Bomb|p1b: Aipom\n|-damage|p1b: Aipom|62\/100\n|-status|p1b: Aipom|psn\n|\n|-heal|p2a: Venonat|51\/100|[from] item: Black Sludge\n|-damage|p1b: Aipom|50\/100 psn|[from] psn\n|upkeep\n|\n|t:|1699613541\n|switch|p1a: Haxorus|Haxorus, M, shiny|100\/100\n|-ability|p1a: Haxorus|Mold Breaker\n|turn|3\n|\n|t:|1699613550\n|move|p2b: Zoroark|Trick|p1a: Haxorus\n|-activate|p2b: Zoroark|move: Trick|[of] p1a: Haxorus\n|-item|p1a: Haxorus|Eviolite|[from] move: Trick\n|-item|p2b: Zoroark|Life Orb|[from] move: Trick\n|move|p1b: Aipom|Thunderbolt|p2b: Zoroark\n|-crit|p2b: Zoroark\n|-damage|p2b: Zoroark|0 fnt\n|faint|p2b: Zoroark\n|move|p1a: Haxorus|Swords Dance|p1a: Haxorus\n|-boost|p1a: Haxorus|atk|2\n|move|p2a: Venonat|Sleep Powder|p1a: Haxorus\n|-status|p1a: Haxorus|slp|[from] move: Sleep Powder\n|\n|-heal|p2a: Venonat|57\/100|[from] item: Black Sludge\n|-damage|p1b: Aipom|38\/100 psn|[from] psn\n|upkeep\n|\n|t:|1699613558\n|switch|p2b: Naclstack|Naclstack, M|100\/100\n|turn|4\n|\n|t:|1699613569\n|move|p1b: Aipom|Shadow Ball|p2a: Venonat\n|-damage|p2a: Venonat|0 fnt\n|faint|p2a: Venonat\n|cant|p1a: Haxorus|slp\n|move|p2b: Naclstack|Iron Defense|p2b: Naclstack\n|-boost|p2b: Naclstack|def|2\n|\n|-damage|p1b: Aipom|25\/100 psn|[from] psn\n|upkeep\n|\n|t:|1699613572\n|switch|p2a: Donphan|Donphan, F|100\/100\n|turn|5\n|\n|t:|1699613581\n|move|p1b: Aipom|Shadow Ball|p2a: Donphan\n|-damage|p2a: Donphan|69\/100\n|-unboost|p2a: Donphan|spd|1\n|cant|p1a: Haxorus|slp\n|move|p2a: Donphan|Ice Spinner|p1a: Haxorus\n|-supereffective|p1a: Haxorus\n|-damage|p1a: Haxorus|34\/100 slp\n|move|p2b: Naclstack|Body Press|p1b: Aipom\n|-supereffective|p1b: Aipom\n|-damage|p1b: Aipom|0 fnt\n|faint|p1b: Aipom\n|\n|-heal|p2a: Donphan|75\/100|[from] item: Leftovers\n|upkeep\n|\n|t:|1699613587\n|switch|p1b: Barraskewda|Barraskewda, M, shiny|100\/100\n|turn|6\n|\n|t:|1699613597\n|move|p1b: Barraskewda|Liquidation|p2a: Donphan\n|-supereffective|p2a: Donphan\n|-damage|p2a: Donphan|0 fnt\n|faint|p2a: Donphan\n|cant|p1a: Haxorus|slp\n|move|p2b: Naclstack|Body Press|p1b: Barraskewda\n|-damage|p1b: Barraskewda|15\/100\n|\n|upkeep\n|turn|7\n|\n|t:|1699613615\n|move|p1b: Barraskewda|Liquidation|p2b: Naclstack\n|-supereffective|p2b: Naclstack\n|-damage|p2b: Naclstack|36\/100\n|-curestatus|p1a: Haxorus|slp|[msg]\n|move|p1a: Haxorus|Close Combat|p2b: Naclstack\n|-supereffective|p2b: Naclstack\n|-damage|p2b: Naclstack|0 fnt\n|-unboost|p1a: Haxorus|def|1\n|-unboost|p1a: Haxorus|spd|1\n|faint|p2b: Naclstack\n|\n|win|Blitz0\n|n|\u2606Blitz0|blitz0\n|n|\u2606Microsoft_Irl|microsoftirl\n|n|*Lady Monita \u263d|ladymonita\n","uploadtime":1699613616,"views":12,"p1id":"blitz0","p2id":"microsoftirl","formatid":"gen9doublesou","rating":0,"private":0,"password":""}