{"id":"gen9doublesou-1984203406","p1":"Wisdom1472","p2":"Selufer87","format":"[Gen 9] Doubles OU","log":"|j|\u2606Wisdom1472\n|j|\u2606Selufer87\n|t:|1699229763\n|gametype|doubles\n|player|p1|Wisdom1472|swimmer|1429\n|player|p2|Selufer87|steven|1610\n|teamsize|p1|6\n|teamsize|p2|6\n|gen|9\n|tier|[Gen 9] Doubles OU\n|rated|\n|rule|Species Clause: Limit one of each Pok\u00e9mon\n|rule|OHKO Clause: OHKO moves are banned\n|rule|Evasion Moves Clause: Evasion moves are banned\n|rule|Gravity Sleep Clause: The combination of sleep-inducing moves with imperfect accuracy and Gravity or Gigantamax Orbeetle are banned\n|rule|Endless Battle Clause: Forcing endless battles is banned\n|rule|HP Percentage Mod: HP is shown in percentages\n|clearpoke\n|poke|p1|Glimmora, M|\n|poke|p1|Sinistcha|\n|poke|p1|Ursaluna-Bloodmoon, M|\n|poke|p1|Okidogi, M|\n|poke|p1|Flutter Mane|\n|poke|p1|Kommo-o, M|\n|poke|p2|Tyranitar, M|\n|poke|p2|Arcanine-Hisui, F|\n|poke|p2|Kommo-o, M|\n|poke|p2|Cresselia, F|\n|poke|p2|Toxapex, F|\n|poke|p2|Scizor, M|\n|teampreview\n|\n|t:|1699229785\n|start\n|switch|p1a: Glimmorbin time|Glimmora, M|100\/100\n|switch|p1b: Bowow|Okidogi, M|100\/100\n|switch|p2a: Scizor|Scizor, M|100\/100\n|switch|p2b: Tyranitar|Tyranitar, M|100\/100\n|-item|p1a: Glimmorbin time|Air Balloon\n|-weather|Sandstorm|[from] ability: Sand Stream|[of] p2b: Tyranitar\n|turn|1\n|\n|t:|1699229807\n|switch|p2b: Toxapex|Toxapex, F|100\/100\n|move|p2a: Scizor|Bullet Punch|p1a: Glimmorbin time\n|-supereffective|p1a: Glimmorbin time\n|-damage|p1a: Glimmorbin time|27\/100\n|-activate|p1a: Glimmorbin time|ability: Toxic Debris\n|-sidestart|p2: Selufer87|move: Toxic Spikes\n|-enditem|p1a: Glimmorbin time|Air Balloon\n|move|p1a: Glimmorbin time|Stealth Rock|p2a: Scizor\n|-sidestart|p2: Selufer87|move: Stealth Rock\n|move|p1b: Bowow|Drain Punch|p2b: Toxapex\n|-resisted|p2b: Toxapex\n|-damage|p2b: Toxapex|87\/100\n|\n|-weather|Sandstorm|[upkeep]\n|-damage|p1b: Bowow|94\/100|[from] Sandstorm\n|-damage|p2b: Toxapex|81\/100|[from] Sandstorm\n|-heal|p2b: Toxapex|87\/100|[from] item: Black Sludge\n|upkeep\n|turn|2\n|\n|t:|1699229842\n|move|p2a: Scizor|Bullet Punch|p1a: Glimmorbin time\n|-supereffective|p1a: Glimmorbin time\n|-damage|p1a: Glimmorbin time|0 fnt\n|-activate|p1a: Glimmorbin time|ability: Toxic Debris\n|-sidestart|p2: Selufer87|move: Toxic Spikes\n|faint|p1a: Glimmorbin time\n|move|p1b: Bowow|Drain Punch|p2a: Scizor\n|-damage|p2a: Scizor|60\/100\n|-heal|p1b: Bowow|100\/100|[from] drain|[of] p2a: Scizor\n|-damage|p1b: Bowow|84\/100|[from] item: Rocky Helmet|[of] p2a: Scizor\n|move|p2b: Toxapex|Infestation|p1b: Bowow\n|-resisted|p1b: Bowow\n|-damage|p1b: Bowow|83\/100\n|-activate|p1b: Bowow|move: Infestation|[of] p2b: Toxapex\n|\n|-weather|Sandstorm|[upkeep]\n|-damage|p1b: Bowow|77\/100|[from] Sandstorm\n|-damage|p2b: Toxapex|81\/100|[from] Sandstorm\n|-heal|p2b: Toxapex|87\/100|[from] item: Black Sludge\n|-damage|p1b: Bowow|65\/100|[from] move: Infestation|[partiallytrapped]\n|upkeep\n|\n|t:|1699229854\n|switch|p1a: Tea time|Sinistcha|100\/100\n|-heal|p1b: Bowow|90\/100|[from] ability: Hospitality|[of] p1a: Tea time\n|turn|3\n|\n|t:|1699229876\n|move|p1b: Bowow|Drain Punch|p2a: Scizor\n|-damage|p2a: Scizor|19\/100\n|-heal|p1b: Bowow|100\/100|[from] drain|[of] p2a: Scizor\n|-damage|p1b: Bowow|84\/100|[from] item: Rocky Helmet|[of] p2a: Scizor\n|move|p2a: Scizor|U-turn|p1a: Tea time\n|-crit|p1a: Tea time\n|-damage|p1a: Tea time|58\/100\n|\n|t:|1699229886\n|switch|p2a: Cresselia|Cresselia, F|100\/100|[from] U-turn\n|-damage|p2a: Cresselia|88\/100|[from] Stealth Rock\n|move|p2b: Toxapex|Infestation|p1a: Tea time\n|-damage|p1a: Tea time|54\/100\n|-activate|p1a: Tea time|move: Infestation|[of] p2b: Toxapex\n|move|p1a: Tea time|Trick Room|p1a: Tea time\n|-fieldstart|move: Trick Room|[of] p1a: Tea time\n|\n|-weather|Sandstorm|[upkeep]\n|-damage|p2b: Toxapex|81\/100|[from] Sandstorm\n|-damage|p1a: Tea time|48\/100|[from] Sandstorm\n|-damage|p1b: Bowow|78\/100|[from] Sandstorm\n|-damage|p2a: Cresselia|82\/100|[from] Sandstorm\n|-heal|p2b: Toxapex|87\/100|[from] item: Black Sludge\n|-heal|p1a: Tea time|54\/100|[from] item: Leftovers\n|-heal|p2a: Cresselia|88\/100|[from] item: Leftovers\n|-damage|p1a: Tea time|42\/100|[from] move: Infestation|[partiallytrapped]\n|-damage|p1b: Bowow|65\/100|[from] move: Infestation|[partiallytrapped]\n|upkeep\n|turn|4\n|\n|t:|1699229915\n|move|p2b: Toxapex|Baneful Bunker|p2b: Toxapex\n|-singleturn|p2b: Toxapex|move: Protect\n|move|p1a: Tea time|Life Dew|p1a: Tea time|[spread] p1a,p1b\n|-heal|p1a: Tea time|67\/100\n|-heal|p1b: Bowow|90\/100\n|move|p1b: Bowow|Crunch|p2a: Cresselia\n|-supereffective|p2a: Cresselia\n|-damage|p2a: Cresselia|50\/100\n|-unboost|p2a: Cresselia|def|1\n|move|p2a: Cresselia|Icy Wind|p1b: Bowow|[spread] p1a,p1b\n|-supereffective|p1a: Tea time\n|-crit|p1a: Tea time\n|-damage|p1a: Tea time|34\/100\n|-damage|p1b: Bowow|85\/100\n|-unboost|p1a: Tea time|spe|1\n|-unboost|p1b: Bowow|spe|1\n|\n|-weather|Sandstorm|[upkeep]\n|-damage|p2b: Toxapex|81\/100|[from] Sandstorm\n|-damage|p1a: Tea time|28\/100|[from] Sandstorm\n|-damage|p1b: Bowow|79\/100|[from] Sandstorm\n|-damage|p2a: Cresselia|44\/100|[from] Sandstorm\n|-heal|p2b: Toxapex|87\/100|[from] item: Black Sludge\n|-heal|p1a: Tea time|34\/100|[from] item: Leftovers\n|-heal|p2a: Cresselia|50\/100|[from] item: Leftovers\n|-damage|p1a: Tea time|22\/100|[from] move: Infestation|[partiallytrapped]\n|-damage|p1b: Bowow|67\/100|[from] move: Infestation|[partiallytrapped]\n|upkeep\n|turn|5\n|\n|t:|1699229957\n|switch|p2b: Scizor|Scizor, M|19\/100\n|-damage|p2b: Scizor|7\/100|[from] Stealth Rock\n|move|p1a: Tea time|Matcha Gotcha|p2b: Scizor|[spread] p2a,p2b\n|-resisted|p2b: Scizor\n|-damage|p2a: Cresselia|36\/100\n|-heal|p1a: Tea time|30\/100|[from] drain|[of] p2a: Cresselia\n|-damage|p2b: Scizor|0 fnt\n|-heal|p1a: Tea time|33\/100|[from] drain|[of] p2b: Scizor\n|faint|p2b: Scizor\n|move|p1b: Bowow|Crunch|p2a: Cresselia\n|-supereffective|p2a: Cresselia\n|-damage|p2a: Cresselia|0 fnt\n|faint|p2a: Cresselia\n|\n|-weather|none\n|-heal|p1a: Tea time|39\/100|[from] item: Leftovers\n|-end|p1a: Tea time|Infestation|[partiallytrapped]|[silent]\n|-end|p1b: Bowow|Infestation|[partiallytrapped]|[silent]\n|upkeep\n|\n|t:|1699229981\n|switch|p2b: Kommo-o|Kommo-o, M|100\/100\n|switch|p2a: Toxapex|Toxapex, F|100\/100\n|-sideend|p2: Selufer87|move: Toxic Spikes|[of] p2a: Toxapex\n|-damage|p2a: Toxapex|88\/100|[from] Stealth Rock\n|-damage|p2b: Kommo-o|94\/100|[from] Stealth Rock\n|turn|6\n|\n|t:|1699229997\n|move|p2b: Kommo-o|Protect|p2b: Kommo-o\n|-singleturn|p2b: Kommo-o|Protect\n|move|p2a: Toxapex|Infestation|p1b: Bowow\n|-resisted|p1b: Bowow\n|-damage|p1b: Bowow|66\/100\n|-activate|p1b: Bowow|move: Infestation|[of] p2a: Toxapex\n|move|p1a: Tea time|Matcha Gotcha|p2b: Kommo-o|[spread] p2a\n|-activate|p2b: Kommo-o|move: Protect\n|-damage|p2a: Toxapex|70\/100\n|-heal|p1a: Tea time|47\/100|[from] drain|[of] p2a: Toxapex\n|move|p1b: Bowow|Drain Punch|p2b: Kommo-o\n|-activate|p2b: Kommo-o|move: Protect\n|\n|-heal|p2a: Toxapex|76\/100|[from] item: Black Sludge\n|-heal|p1a: Tea time|53\/100|[from] item: Leftovers\n|-damage|p1b: Bowow|54\/100|[from] move: Infestation|[partiallytrapped]\n|upkeep\n|turn|7\n|\n|t:|1699230017\n|move|p2a: Toxapex|Wide Guard|p2a: Toxapex\n|-singleturn|p2a: Toxapex|Wide Guard\n|move|p1a: Tea time|Matcha Gotcha|p2b: Kommo-o|[spread] \n|-activate|p2a: Toxapex|move: Wide Guard\n|-activate|p2b: Kommo-o|move: Wide Guard\n|move|p1b: Bowow|Drain Punch|p2b: Kommo-o\n|-damage|p2b: Kommo-o|53\/100\n|-heal|p1b: Bowow|70\/100|[from] drain|[of] p2b: Kommo-o\n|move|p2b: Kommo-o|Clanging Scales|p1a: Tea time|[spread] p1a,p1b\n|-damage|p1a: Tea time|23\/100\n|-damage|p1b: Bowow|54\/100\n|-unboost|p2b: Kommo-o|def|1\n|\n|-heal|p2a: Toxapex|82\/100|[from] item: Black Sludge\n|-heal|p1a: Tea time|29\/100|[from] item: Leftovers\n|-damage|p1b: Bowow|41\/100|[from] move: Infestation|[partiallytrapped]\n|-fieldend|move: Trick Room\n|upkeep\n|turn|8\n|\n|t:|1699230053\n|move|p2a: Toxapex|Wide Guard|p2a: Toxapex\n|-singleturn|p2a: Toxapex|Wide Guard\n|move|p2b: Kommo-o|Clanging Scales|p1a: Tea time|[spread] p1a,p1b\n|-damage|p1a: Tea time|0 fnt\n|-damage|p1b: Bowow|25\/100\n|faint|p1a: Tea time\n|-unboost|p2b: Kommo-o|def|1\n|move|p1b: Bowow|Drain Punch|p2a: Toxapex\n|-resisted|p2a: Toxapex\n|-damage|p2a: Toxapex|69\/100\n|-heal|p1b: Bowow|30\/100|[from] drain|[of] p2a: Toxapex\n|\n|-heal|p2a: Toxapex|75\/100|[from] item: Black Sludge\n|-damage|p1b: Bowow|18\/100|[from] move: Infestation|[partiallytrapped]\n|upkeep\n|\n|t:|1699230067\n|switch|p1a: Flutter Mane|Flutter Mane|100\/100\n|turn|9\n|j| Sotarts\n|\n|t:|1699230094\n|move|p2b: Kommo-o|Protect|p2b: Kommo-o\n|-singleturn|p2b: Kommo-o|Protect\n|move|p1a: Flutter Mane|Thunderbolt|p2a: Toxapex\n|-supereffective|p2a: Toxapex\n|-damage|p2a: Toxapex|11\/100\n|move|p1b: Bowow|Drain Punch|p2b: Kommo-o\n|-activate|p2b: Kommo-o|move: Protect\n|move|p2a: Toxapex|Infestation|p1a: Flutter Mane\n|-resisted|p1a: Flutter Mane\n|-damage|p1a: Flutter Mane|99\/100\n|-activate|p1a: Flutter Mane|move: Infestation|[of] p2a: Toxapex\n|\n|-heal|p2a: Toxapex|17\/100|[from] item: Black Sludge\n|-damage|p1a: Flutter Mane|88\/100|[from] move: Infestation|[partiallytrapped]\n|-damage|p1b: Bowow|5\/100|[from] move: Infestation|[partiallytrapped]\n|upkeep\n|turn|10\n|\n|t:|1699230135\n|-end|p1a: Flutter Mane|Protosynthesis|[silent]\n|switch|p1a: Kommo-o|Kommo-o, M|100\/100\n|-terastallize|p2b: Kommo-o|Steel\n|move|p2a: Toxapex|Baneful Bunker|p2a: Toxapex\n|-singleturn|p2a: Toxapex|move: Protect\n|move|p2b: Kommo-o|Drain Punch|p1b: Bowow\n|-resisted|p1b: Bowow\n|-damage|p1b: Bowow|0 fnt\n|-heal|p2b: Kommo-o|57\/100|[from] drain|[of] p1b: Bowow\n|faint|p1b: Bowow\n|\n|-heal|p2a: Toxapex|23\/100|[from] item: Black Sludge\n|upkeep\n|\n|t:|1699230143\n|switch|p1b: Baloo|Ursaluna-Bloodmoon, M|100\/100\n|turn|11\n|\n|t:|1699230171\n|-terastallize|p1a: Kommo-o|Steel\n|move|p1a: Kommo-o|Clangorous Soul|p1a: Kommo-o\n|-boost|p1a: Kommo-o|atk|1\n|-boost|p1a: Kommo-o|def|1\n|-boost|p1a: Kommo-o|spa|1\n|-boost|p1a: Kommo-o|spd|1\n|-boost|p1a: Kommo-o|spe|1\n|-damage|p1a: Kommo-o|68\/100\n|move|p2b: Kommo-o|Drain Punch|p1b: Baloo\n|-supereffective|p1b: Baloo\n|-damage|p1b: Baloo|59\/100\n|-heal|p2b: Kommo-o|87\/100|[from] drain|[of] p1b: Baloo\n|move|p1b: Baloo|Hyper Voice|p2b: Kommo-o|[spread] p2a,p2b\n|-resisted|p2b: Kommo-o\n|-damage|p2a: Toxapex|0 fnt\n|-damage|p2b: Kommo-o|71\/100\n|faint|p2a: Toxapex\n|-enditem|p1b: Baloo|Throat Spray\n|-boost|p1b: Baloo|spa|1|[from] item: Throat Spray\n|\n|-heal|p1a: Kommo-o|74\/100|[from] item: Leftovers\n|upkeep\n|\n|t:|1699230190\n|switch|p2a: Arcanine|Arcanine-Hisui, F|100\/100\n|-ability|p2a: Arcanine|Intimidate|boost\n|-unboost|p1a: Kommo-o|atk|1\n|-unboost|p1b: Baloo|atk|1\n|turn|12\n|\n|t:|1699230209\n|move|p2b: Kommo-o|Protect|p2b: Kommo-o\n|-singleturn|p2b: Kommo-o|Protect\n|move|p1b: Baloo|Vacuum Wave|p2a: Arcanine\n|-supereffective|p2a: Arcanine\n|-damage|p2a: Arcanine|47\/100\n|move|p1a: Kommo-o|Iron Head|p2a: Arcanine\n|-damage|p2a: Arcanine|2\/100\n|move|p2a: Arcanine|Flare Blitz|p1b: Baloo\n|-damage|p1b: Baloo|13\/100\n|-damage|p2a: Arcanine|0 fnt|[from] Recoil\n|faint|p2a: Arcanine\n|\n|-heal|p1a: Kommo-o|80\/100|[from] item: Leftovers\n|upkeep\n|\n|t:|1699230222\n|switch|p2a: Tyranitar|Tyranitar, M|100\/100\n|-damage|p2a: Tyranitar|88\/100|[from] Stealth Rock\n|-weather|Sandstorm|[from] ability: Sand Stream|[of] p2a: Tyranitar\n|turn|13\n|\n|t:|1699230236\n|move|p1b: Baloo|Vacuum Wave|p2a: Tyranitar\n|-supereffective|p2a: Tyranitar\n|-damage|p2a: Tyranitar|61\/100\n|move|p1a: Kommo-o|Drain Punch|p2b: Kommo-o\n|-supereffective|p2b: Kommo-o\n|-damage|p2b: Kommo-o|0 fnt\n|-heal|p1a: Kommo-o|100\/100|[from] drain|[of] p2b: Kommo-o\n|faint|p2b: Kommo-o\n|move|p2a: Tyranitar|Knock Off|p1b: Baloo\n|-damage|p1b: Baloo|0 fnt\n|faint|p1b: Baloo\n|\n|-weather|Sandstorm|[upkeep]\n|upkeep\n|\n|t:|1699230245\n|switch|p1b: Flutter Mane|Flutter Mane|88\/100\n|turn|14\n|\n|t:|1699230249\n|move|p1b: Flutter Mane|Moonblast|p2a: Tyranitar\n|-supereffective|p2a: Tyranitar\n|-damage|p2a: Tyranitar|21\/100\n|-unboost|p2a: Tyranitar|spa|1\n|move|p1a: Kommo-o|Drain Punch|p2a: Tyranitar\n|-supereffective|p2a: Tyranitar\n|-damage|p2a: Tyranitar|0 fnt\n|faint|p2a: Tyranitar\n|\n|win|Wisdom1472\n|raw|Wisdom1472's rating: 1429 &rarr; <strong>1459<\/strong><br \/>(+30 for winning)\n|raw|Selufer87's rating: 1630 &rarr; <strong>1600<\/strong><br \/>(-30 for losing)\n","uploadtime":1699230267,"views":10,"p1id":"wisdom1472","p2id":"selufer87","formatid":"gen9doublesou","rating":1459,"private":0,"password":""}