{"id":"gen9doublesou-1984515416","p1":"Quaay","p2":"Marteaupilon","format":"[Gen 9] Doubles OU","log":"|j|\u2606Quaay\n|j|\u2606Marteaupilon\n|t:|1699274994\n|gametype|doubles\n|player|p1|Quaay|blue|1167\n|player|p2|Marteaupilon|266|1041\n|teamsize|p1|6\n|teamsize|p2|6\n|gen|9\n|tier|[Gen 9] Doubles OU\n|rated|\n|rule|Species Clause: Limit one of each Pok\u00e9mon\n|rule|OHKO Clause: OHKO moves are banned\n|rule|Evasion Moves Clause: Evasion moves are banned\n|rule|Gravity Sleep Clause: The combination of sleep-inducing moves with imperfect accuracy and Gravity or Gigantamax Orbeetle are banned\n|rule|Endless Battle Clause: Forcing endless battles is banned\n|rule|HP Percentage Mod: HP is shown in percentages\n|clearpoke\n|poke|p1|Cresselia, F|\n|poke|p1|Enamorus, F|\n|poke|p1|Ursaluna, F|\n|poke|p1|Clefairy, M|\n|poke|p1|Hatterene, F|\n|poke|p1|Gholdengo|\n|poke|p2|Tornadus, M|\n|poke|p2|Brambleghast, M|\n|poke|p2|Alomomola, F|\n|poke|p2|Corviknight, F|\n|poke|p2|Zoroark-Hisui, F|\n|poke|p2|Clefable, M|\n|teampreview\n|inactive|Battle timer is ON: inactive players will automatically lose when time's up. (requested by Marteaupilon)\n|inactive|Quaay has 120 seconds left.\n|inactive|Quaay has 90 seconds left.\n|\n|t:|1699275115\n|start\n|switch|p1a: Cresselia|Cresselia, F, shiny|100\/100\n|switch|p1b: Ursaluna|Ursaluna, F|100\/100\n|switch|p2a: Tornadus|Tornadus, M|100\/100\n|switch|p2b: Brambleghast|Brambleghast, M|100\/100\n|turn|1\n|\n|t:|1699275130\n|move|p2a: Tornadus|Tailwind|p2a: Tornadus\n|-sidestart|p2: Marteaupilon|move: Tailwind\n|-ability|p2b: Brambleghast|Wind Rider|boost\n|-boost|p2b: Brambleghast|atk|1\n|move|p2b: Brambleghast|Poltergeist|p1a: Cresselia\n|-activate|p1a: Cresselia|move: Poltergeist|Leftovers\n|-supereffective|p1a: Cresselia\n|-damage|p1a: Cresselia|0 fnt\n|faint|p1a: Cresselia\n|move|p1b: Ursaluna|Fire Punch|p2b: Brambleghast\n|-supereffective|p2b: Brambleghast\n|-enditem|p2b: Brambleghast|Focus Sash\n|-damage|p2b: Brambleghast|1\/100\n|\n|-status|p1b: Ursaluna|brn|[from] item: Flame Orb\n|upkeep\n|\n|t:|1699275151\n|switch|p1a: Gholdengo|Gholdengo|100\/100\n|turn|2\n|\n|t:|1699275179\n|move|p2b: Brambleghast|Power Whip|p1b: Ursaluna\n|-supereffective|p1b: Ursaluna\n|-damage|p1b: Ursaluna|0 fnt\n|faint|p1b: Ursaluna\n|move|p2a: Tornadus|Bleakwind Storm|p1a: Gholdengo\n|-resisted|p1a: Gholdengo\n|-crit|p1a: Gholdengo\n|-damage|p1a: Gholdengo|63\/100\n|move|p1a: Gholdengo|Thunderbolt|p2a: Tornadus\n|-supereffective|p2a: Tornadus\n|-damage|p2a: Tornadus|40\/100\n|\n|upkeep\n|inactive|Quaay has 120 seconds left.\n|\n|t:|1699275212\n|switch|p1b: Hatterene|Hatterene, F, shiny|100\/100\n|turn|3\n|\n|t:|1699275228\n|move|p1b: Hatterene|Protect|p1b: Hatterene\n|-singleturn|p1b: Hatterene|Protect\n|move|p2b: Brambleghast|Poltergeist|p1a: Gholdengo\n|-activate|p1a: Gholdengo|move: Poltergeist|Rocky Helmet\n|-supereffective|p1a: Gholdengo\n|-damage|p1a: Gholdengo|0 fnt\n|faint|p1a: Gholdengo\n|move|p2a: Tornadus|Bleakwind Storm|p1b: Hatterene\n|-activate|p1b: Hatterene|move: Protect\n|\n|upkeep\n|inactive|Quaay has 120 seconds left.\n|\n|t:|1699275271\n|switch|p1a: Enamorus|Enamorus, F|100\/100\n|turn|4\n|inactive|Quaay has 120 seconds left.\n|\n|t:|1699275286\n|-terastallize|p1a: Enamorus|Flying\n|move|p2b: Brambleghast|Poltergeist|p1a: Enamorus\n|-activate|p1a: Enamorus|move: Poltergeist|Assault Vest\n|-damage|p1a: Enamorus|0 fnt\n|faint|p1a: Enamorus\n|move|p2a: Tornadus|Bleakwind Storm|p1b: Hatterene\n|-damage|p1b: Hatterene|57\/100\n|move|p1b: Hatterene|Dazzling Gleam|p2a: Tornadus|[spread] p2a,p2b\n|-damage|p2a: Tornadus|0 fnt\n|-damage|p2b: Brambleghast|0 fnt\n|faint|p2a: Tornadus\n|faint|p2b: Brambleghast\n|-damage|p1b: Hatterene|47\/100|[from] item: Life Orb\n|\n|-sideend|p2: Marteaupilon|move: Tailwind\n|upkeep\n|\n|t:|1699275305\n|switch|p1a: Clefairy|Clefairy, M, shiny|100\/100\n|switch|p2b: Clefable|Clefable, M|100\/100\n|switch|p2a: Corviknight|Corviknight, F|100\/100\n|turn|5\n|\n|t:|1699275328\n|move|p1a: Clefairy|Follow Me|p1a: Clefairy\n|-singleturn|p1a: Clefairy|move: Follow Me\n|move|p2b: Clefable|Nasty Plot|p2b: Clefable\n|-boost|p2b: Clefable|spa|2\n|move|p2a: Corviknight|Iron Head|p1a: Clefairy\n|-supereffective|p1a: Clefairy\n|-damage|p1a: Clefairy|37\/100\n|move|p1b: Hatterene|Trick Room|p1b: Hatterene\n|-fieldstart|move: Trick Room|[of] p1b: Hatterene\n|\n|upkeep\n|turn|6\n|\n|t:|1699275356\n|move|p1a: Clefairy|Follow Me|p1a: Clefairy\n|-singleturn|p1a: Clefairy|move: Follow Me\n|move|p1b: Hatterene|Dazzling Gleam|p2a: Corviknight|[spread] p2a,p2b\n|-resisted|p2a: Corviknight\n|-damage|p2a: Corviknight|81\/100\n|-damage|p2b: Clefable|12\/100\n|replace|p2b: Zoroark|Zoroark-Hisui, F\n|-end|p2b: Zoroark|Illusion\n|-damage|p1b: Hatterene|38\/100|[from] item: Life Orb\n|move|p2a: Corviknight|Iron Head|p1a: Clefairy\n|-supereffective|p1a: Clefairy\n|-damage|p1a: Clefairy|0 fnt\n|faint|p1a: Clefairy\n|move|p2b: Zoroark|Hyper Voice|p1b: Hatterene\n|-damage|p1b: Hatterene|0 fnt\n|faint|p1b: Hatterene\n|-damage|p2b: Zoroark|2\/100|[from] item: Life Orb\n|\n|win|Marteaupilon\n|raw|Quaay's rating: 1167 &rarr; <strong>1133<\/strong><br \/>(-34 for losing)\n|raw|Marteaupilon's rating: 1041 &rarr; <strong>1087<\/strong><br \/>(+46 for winning)\n|l|\u2606Quaay\n","uploadtime":1699275374,"views":22,"p1id":"quaay","p2id":"marteaupilon","formatid":"gen9doublesou","rating":1087,"private":0,"password":""}