{"id":"gen9doublesou-1970527791","p1":"guzmfran","p2":"Mr-Mongol","format":"[Gen 9] Doubles OU","log":"|j|\u2606guzmfran\n|j|\u2606Mr-Mongol\n|t:|1697645915\n|gametype|doubles\n|player|p1|guzmfran|169|\n|player|p2|Mr-Mongol|alec-anime|\n|teamsize|p1|6\n|teamsize|p2|6\n|gen|9\n|tier|[Gen 9] Doubles OU\n|rule|Species Clause: Limit one of each Pok\u00e9mon\n|rule|OHKO Clause: OHKO moves are banned\n|rule|Evasion Moves Clause: Evasion moves are banned\n|rule|Gravity Sleep Clause: The combination of sleep-inducing moves with imperfect accuracy and Gravity or Gigantamax Orbeetle are banned\n|rule|Endless Battle Clause: Forcing endless battles is banned\n|rule|HP Percentage Mod: HP is shown in percentages\n|clearpoke\n|poke|p1|Rillaboom, M|\n|poke|p1|Gholdengo|\n|poke|p1|Palafin, F|\n|poke|p1|Pelipper, F|\n|poke|p1|Landorus, M|\n|poke|p1|Iron Hands|\n|poke|p2|Flutter Mane|\n|poke|p2|Chi-Yu|\n|poke|p2|Tornadus, M|\n|poke|p2|Ogerpon-Hearthflame, F|\n|poke|p2|Landorus-Therian, M|\n|poke|p2|Rillaboom, M|\n|teampreview\n|inactive|Battle timer is ON: inactive players will automatically lose when time's up. (requested by guzmfran)\n|\n|t:|1697645935\n|start\n|switch|p1a: BichitoDorado|Gholdengo|100\/100\n|switch|p1b: Palafin|Palafin, F|100\/100\n|switch|p2a: Chi-Yu|Chi-Yu|100\/100\n|switch|p2b: Tornadus|Tornadus, M|100\/100\n|-ability|p2a: Chi-Yu|Beads of Ruin\n|turn|1\n|\n|t:|1697645952\n|detailschange|p1b: Palafin|Palafin-Hero, F\n|switch|p1b: My mouth|Pelipper, F|100\/100\n|-weather|RainDance|[from] ability: Drizzle|[of] p1b: My mouth\n|-terastallize|p1a: BichitoDorado|Water\n|move|p2b: Tornadus|Tailwind|p2b: Tornadus\n|-sidestart|p2: Mr-Mongol|move: Tailwind\n|move|p2a: Chi-Yu|Dark Pulse|p1b: My mouth\n|-damage|p1b: My mouth|23\/100\n|-enditem|p1b: My mouth|Eject Button\n|\n|t:|1697645963\n|switch|p1b: Palafin|Palafin-Hero, F|100\/100\n|-activate|p1b: Palafin|ability: Zero to Hero\n|move|p1a: BichitoDorado|Tera Blast|p2a: Chi-Yu|[anim] Tera Blast Water\n|-supereffective|p2a: Chi-Yu\n|-damage|p2a: Chi-Yu|0 fnt\n|faint|p2a: Chi-Yu\n|\n|-weather|RainDance|[upkeep]\n|upkeep\n|\n|t:|1697645970\n|switch|p2a: Rillaboom|Rillaboom, M|100\/100\n|-fieldstart|move: Grassy Terrain|[from] ability: Grassy Surge|[of] p2a: Rillaboom\n|turn|2\n|\n|t:|1697646002\n|move|p1a: BichitoDorado|Protect|p1a: BichitoDorado\n|-singleturn|p1a: BichitoDorado|Protect\n|move|p2b: Tornadus|Sunny Day|p2b: Tornadus\n|-weather|SunnyDay\n|move|p2a: Rillaboom|Grassy Glide|p1b: Palafin\n|-supereffective|p1b: Palafin\n|-damage|p1b: Palafin|29\/100\n|move|p1b: Palafin|Wave Crash|p2b: Tornadus\n|-damage|p2b: Tornadus|21\/100\n|-damage|p1b: Palafin|6\/100|[from] Recoil\n|\n|-weather|SunnyDay|[upkeep]\n|-heal|p1b: Palafin|12\/100|[from] Grassy Terrain\n|upkeep\n|turn|3\n|\n|t:|1697646025\n|switch|p1b: Aiko|Rillaboom, M|100\/100\n|move|p2a: Rillaboom|Grassy Glide|p1b: Aiko\n|-resisted|p1b: Aiko\n|-damage|p1b: Aiko|81\/100\n|move|p2b: Tornadus|Bleakwind Storm|p1a: BichitoDorado|[spread] p1a\n|-miss|p2b: Tornadus|p1b: Aiko\n|-crit|p1a: BichitoDorado\n|-damage|p1a: BichitoDorado|50\/100\n|move|p1a: BichitoDorado|Make It Rain|p2b: Tornadus|[spread] p2a,p2b\n|-damage|p2a: Rillaboom|65\/100\n|-damage|p2b: Tornadus|0 fnt\n|-unboost|p1a: BichitoDorado|spa|1\n|faint|p2b: Tornadus\n|\n|-weather|SunnyDay|[upkeep]\n|-heal|p2a: Rillaboom|71\/100|[from] Grassy Terrain\n|-heal|p1a: BichitoDorado|57\/100|[from] Grassy Terrain\n|-heal|p1a: BichitoDorado|63\/100|[from] item: Leftovers\n|-heal|p1b: Aiko|87\/100|[from] Grassy Terrain\n|upkeep\n|inactive|Mr-Mongol has 270 seconds left.\n|\n|t:|1697646044\n|switch|p2b: Ogerpon|Ogerpon-Hearthflame, F|100\/100\n|-ability|p2b: Ogerpon|Mold Breaker\n|turn|4\n|\n|t:|1697646057\n|switch|p1a: Scarlet|Landorus, M|100\/100\n|move|p1b: Aiko|Fake Out|p2a: Rillaboom\n|-damage|p2a: Rillaboom|58\/100\n|move|p2b: Ogerpon|Grassy Glide|p1a: Scarlet\n|-damage|p1a: Scarlet|55\/100\n|cant|p2a: Rillaboom|flinch\n|\n|-weather|SunnyDay|[upkeep]\n|-heal|p2a: Rillaboom|64\/100|[from] Grassy Terrain\n|-heal|p1b: Aiko|93\/100|[from] Grassy Terrain\n|-sideend|p2: Mr-Mongol|move: Tailwind\n|upkeep\n|turn|5\n|inactive|guzmfran has 270 seconds left.\n|inactive|Mr-Mongol has 270 seconds left.\n|\n|t:|1697646110\n|switch|p1b: My mouth|Pelipper, F|23\/100\n|-weather|RainDance|[from] ability: Drizzle|[of] p1b: My mouth\n|move|p2b: Ogerpon|Grassy Glide|p1a: Scarlet\n|-damage|p1a: Scarlet|9\/100\n|move|p2a: Rillaboom|Grassy Glide|p1a: Scarlet\n|-damage|p1a: Scarlet|0 fnt\n|faint|p1a: Scarlet\n|\n|-weather|RainDance|[upkeep]\n|-heal|p2a: Rillaboom|70\/100|[from] Grassy Terrain\n|upkeep\n|\n|t:|1697646129\n|switch|p1a: Kung fu panda|Iron Hands|100\/100\n|turn|6\n|inactive|guzmfran has 270 seconds left.\n|inactive|Mr-Mongol has 270 seconds left.\n|\n|t:|1697646168\n|switch|p2a: Landorus|Landorus-Therian, M|100\/100\n|-ability|p2a: Landorus|Intimidate|boost\n|-unboost|p1a: Kung fu panda|atk|1\n|-unboost|p1b: My mouth|atk|1\n|move|p1b: My mouth|Helping Hand|p1a: Kung fu panda\n|-singleturn|p1a: Kung fu panda|Helping Hand|[of] p1b: My mouth\n|move|p2b: Ogerpon|Spiky Shield|p2b: Ogerpon\n|-singleturn|p2b: Ogerpon|move: Protect\n|move|p1a: Kung fu panda|Drain Punch|p2b: Ogerpon\n|-activate|p2b: Ogerpon|move: Protect\n|-damage|p1a: Kung fu panda|88\/100|[from] Spiky Shield|[of] p2b: Ogerpon\n|\n|-weather|RainDance|[upkeep]\n|-heal|p1a: Kung fu panda|94\/100|[from] Grassy Terrain\n|-fieldend|move: Grassy Terrain\n|upkeep\n|turn|7\n|inactive|guzmfran has 270 seconds left.\n|\n|t:|1697646189\n|switch|p2b: Flutter Mane|Flutter Mane|100\/100\n|-enditem|p2b: Flutter Mane|Booster Energy\n|-activate|p2b: Flutter Mane|ability: Protosynthesis|[fromitem]\n|-start|p2b: Flutter Mane|protosynthesisspe\n|-end|p1a: Kung fu panda|Quark Drive|[silent]\n|switch|p1a: Aiko|Rillaboom, M|93\/100\n|-fieldstart|move: Grassy Terrain|[from] ability: Grassy Surge|[of] p1a: Aiko\n|move|p2a: Landorus|Rock Slide|p1a: Aiko|[spread] p1a,p1b\n|-supereffective|p1b: My mouth\n|-damage|p1a: Aiko|75\/100\n|-damage|p1b: My mouth|0 fnt\n|faint|p1b: My mouth\n|\n|-weather|RainDance|[upkeep]\n|-heal|p1a: Aiko|81\/100|[from] Grassy Terrain\n|upkeep\n|inactive|guzmfran has 270 seconds left.\n|\n|t:|1697646205\n|switch|p1b: Palafin|Palafin-Hero, F|12\/100\n|turn|8\n|inactive|Mr-Mongol has 270 seconds left.\n|\n|t:|1697646231\n|-terastallize|p2a: Landorus|Water\n|move|p2b: Flutter Mane|Protect|p2b: Flutter Mane\n|-singleturn|p2b: Flutter Mane|Protect\n|move|p1a: Aiko|Fake Out|p2a: Landorus\n|-damage|p2a: Landorus|86\/100\n|move|p1b: Palafin|Jet Punch|p2b: Flutter Mane\n|-activate|p2b: Flutter Mane|move: Protect\n|cant|p2a: Landorus|flinch\n|\n|-weather|RainDance|[upkeep]\n|-heal|p2a: Landorus|92\/100|[from] Grassy Terrain\n|-heal|p1b: Palafin|18\/100|[from] Grassy Terrain\n|-heal|p1a: Aiko|87\/100|[from] Grassy Terrain\n|upkeep\n|turn|9\n|inactive|Mr-Mongol has 270 seconds left.\n|\n|t:|1697646261\n|-end|p2b: Flutter Mane|Protosynthesis|[silent]\n|switch|p2b: Rillaboom|Rillaboom, M|70\/100\n|switch|p1b: Kung fu panda|Iron Hands|94\/100\n|move|p1a: Aiko|Grassy Glide|p2a: Landorus\n|-supereffective|p2a: Landorus\n|-crit|p2a: Landorus\n|-damage|p2a: Landorus|0 fnt\n|faint|p2a: Landorus\n|\n|-weather|none\n|-heal|p1a: Aiko|94\/100|[from] Grassy Terrain\n|-heal|p2b: Rillaboom|76\/100|[from] Grassy Terrain\n|-heal|p1b: Kung fu panda|99\/100|[from] Grassy Terrain\n|upkeep\n|\n|t:|1697646282\n|switch|p2a: Flutter Mane|Flutter Mane|100\/100\n|turn|10\n|inactive|Mr-Mongol has 270 seconds left.\n|\n|t:|1697646292\n|move|p2b: Rillaboom|Fake Out|p1a: Aiko\n|-damage|p1a: Aiko|80\/100\n|move|p1b: Kung fu panda|Fake Out|p2b: Rillaboom\n|-damage|p2b: Rillaboom|63\/100\n|cant|p1a: Aiko|flinch\n|move|p2a: Flutter Mane|Dazzling Gleam|p1a: Aiko|[spread] p1a,p1b\n|-supereffective|p1b: Kung fu panda\n|-damage|p1a: Aiko|52\/100\n|-damage|p1b: Kung fu panda|69\/100\n|\n|-heal|p1a: Aiko|58\/100|[from] Grassy Terrain\n|-heal|p2b: Rillaboom|69\/100|[from] Grassy Terrain\n|-heal|p1b: Kung fu panda|75\/100|[from] Grassy Terrain\n|upkeep\n|turn|11\n|\n|t:|1697646310\n|-end|p2a: Flutter Mane|Protosynthesis|[silent]\n|switch|p2a: Ogerpon|Ogerpon-Hearthflame, F|100\/100\n|-ability|p2a: Ogerpon|Mold Breaker\n|move|p1a: Aiko|U-turn|p2b: Rillaboom\n|-supereffective|p2b: Rillaboom\n|-damage|p2b: Rillaboom|31\/100\n|\n|t:|1697646319\n|switch|p1a: BichitoDorado|Gholdengo, tera:Water|63\/100|[from] U-turn\n|move|p2b: Rillaboom|U-turn|p1a: BichitoDorado\n|-damage|p1a: BichitoDorado|38\/100\n|\n|t:|1697646325\n|switch|p2b: Flutter Mane|Flutter Mane|100\/100|[from] U-turn\n|move|p1b: Kung fu panda|Heavy Slam|p2a: Ogerpon\n|-resisted|p2a: Ogerpon\n|-damage|p2a: Ogerpon|71\/100\n|\n|-heal|p2a: Ogerpon|77\/100|[from] Grassy Terrain\n|-heal|p1a: BichitoDorado|45\/100|[from] Grassy Terrain\n|-heal|p1a: BichitoDorado|51\/100|[from] item: Leftovers\n|-heal|p1b: Kung fu panda|81\/100|[from] Grassy Terrain\n|-fieldend|move: Grassy Terrain\n|upkeep\n|turn|12\n|inactive|Mr-Mongol has 270 seconds left.\n|\n|t:|1697646378\n|move|p1a: BichitoDorado|Protect|p1a: BichitoDorado\n|-singleturn|p1a: BichitoDorado|Protect\n|move|p2b: Flutter Mane|Dazzling Gleam|p1a: BichitoDorado|[spread] p1b\n|-activate|p1a: BichitoDorado|move: Protect\n|-supereffective|p1b: Kung fu panda\n|-damage|p1b: Kung fu panda|47\/100\n|move|p2a: Ogerpon|Grassy Glide|p1a: BichitoDorado\n|-activate|p1a: BichitoDorado|move: Protect\n|move|p1b: Kung fu panda|Heavy Slam|p2b: Flutter Mane\n|-supereffective|p2b: Flutter Mane\n|-damage|p2b: Flutter Mane|0 fnt\n|faint|p2b: Flutter Mane\n|-end|p2b: Flutter Mane|Protosynthesis|[silent]\n|\n|-heal|p1a: BichitoDorado|57\/100|[from] item: Leftovers\n|upkeep\n|\n|t:|1697646381\n|switch|p2b: Rillaboom|Rillaboom, M|31\/100\n|-fieldstart|move: Grassy Terrain|[from] ability: Grassy Surge|[of] p2b: Rillaboom\n|turn|13\n|inactive|Mr-Mongol has 270 seconds left.\n|\n|t:|1697646410\n|switch|p1a: Aiko|Rillaboom, M|58\/100\n|move|p2b: Rillaboom|Grassy Glide|p1a: Aiko\n|-resisted|p1a: Aiko\n|-damage|p1a: Aiko|39\/100\n|-enditem|p1a: Aiko|Sitrus Berry|[eat]\n|-heal|p1a: Aiko|64\/100|[from] item: Sitrus Berry\n|move|p2a: Ogerpon|Ivy Cudgel|p1b: Kung fu panda\n|-damage|p1b: Kung fu panda|7\/100\n|move|p1b: Kung fu panda|Drain Punch|p2b: Rillaboom\n|-damage|p2b: Rillaboom|0 fnt\n|-heal|p1b: Kung fu panda|20\/100|[from] drain|[of] p2b: Rillaboom\n|faint|p2b: Rillaboom\n|\n|-heal|p2a: Ogerpon|83\/100|[from] Grassy Terrain\n|-heal|p1a: Aiko|71\/100|[from] Grassy Terrain\n|-heal|p1b: Kung fu panda|26\/100|[from] Grassy Terrain\n|upkeep\n|turn|14\n|\n|t:|1697646433\n|move|p2a: Ogerpon|Spiky Shield|p2a: Ogerpon\n|-singleturn|p2a: Ogerpon|move: Protect\n|move|p1a: Aiko|Fake Out|p2a: Ogerpon\n|-activate|p2a: Ogerpon|move: Protect\n|-damage|p1a: Aiko|58\/100|[from] Spiky Shield|[of] p2a: Ogerpon\n|move|p1b: Kung fu panda|Drain Punch|p2a: Ogerpon\n|-activate|p2a: Ogerpon|move: Protect\n|-damage|p1b: Kung fu panda|14\/100|[from] Spiky Shield|[of] p2a: Ogerpon\n|\n|-heal|p2a: Ogerpon|89\/100|[from] Grassy Terrain\n|-heal|p1a: Aiko|64\/100|[from] Grassy Terrain\n|-heal|p1b: Kung fu panda|20\/100|[from] Grassy Terrain\n|upkeep\n|turn|15\n|\n|t:|1697646460\n|move|p2a: Ogerpon|Ivy Cudgel|p1b: Kung fu panda\n|-damage|p1b: Kung fu panda|0 fnt\n|faint|p1b: Kung fu panda\n|-end|p1b: Kung fu panda|Quark Drive|[silent]\n|move|p1a: Aiko|U-turn|p2a: Ogerpon\n|-damage|p2a: Ogerpon|63\/100\n|inactive|guzmfran has 270 seconds left.\n|\n|t:|1697646471\n|switch|p1a: BichitoDorado|Gholdengo, tera:Water|57\/100|[from] U-turn\n|\n|-heal|p2a: Ogerpon|69\/100|[from] Grassy Terrain\n|-heal|p1a: BichitoDorado|63\/100|[from] Grassy Terrain\n|-heal|p1a: BichitoDorado|70\/100|[from] item: Leftovers\n|upkeep\n|inactive|guzmfran has 270 seconds left.\n|\n|t:|1697646480\n|switch|p1b: Palafin|Palafin-Hero, F|18\/100\n|turn|16\n|\n|t:|1697646492\n|move|p2a: Ogerpon|Grassy Glide|p1b: Palafin\n|-supereffective|p1b: Palafin\n|-damage|p1b: Palafin|0 fnt\n|faint|p1b: Palafin\n|move|p1a: BichitoDorado|Tera Blast|p2a: Ogerpon|[anim] Tera Blast Water\n|-damage|p2a: Ogerpon|18\/100\n|\n|-heal|p2a: Ogerpon|24\/100|[from] Grassy Terrain\n|-heal|p1a: BichitoDorado|76\/100|[from] Grassy Terrain\n|-heal|p1a: BichitoDorado|82\/100|[from] item: Leftovers\n|upkeep\n|\n|t:|1697646503\n|switch|p1b: Aiko|Rillaboom, M|64\/100\n|turn|17\n|\n|t:|1697646509\n|move|p2a: Ogerpon|Spiky Shield|p2a: Ogerpon\n|-singleturn|p2a: Ogerpon|move: Protect\n|move|p1b: Aiko|Fake Out|p2a: Ogerpon\n|-activate|p2a: Ogerpon|move: Protect\n|-damage|p1b: Aiko|52\/100|[from] Spiky Shield|[of] p2a: Ogerpon\n|move|p1a: BichitoDorado|Tera Blast|p2a: Ogerpon|[anim] Tera Blast Water\n|-activate|p2a: Ogerpon|move: Protect\n|\n|-heal|p2a: Ogerpon|30\/100|[from] Grassy Terrain\n|-heal|p1a: BichitoDorado|88\/100|[from] Grassy Terrain\n|-heal|p1a: BichitoDorado|95\/100|[from] item: Leftovers\n|-heal|p1b: Aiko|58\/100|[from] Grassy Terrain\n|-fieldend|move: Grassy Terrain\n|upkeep\n|turn|18\n|\n|t:|1697646533\n|move|p2a: Ogerpon|Grassy Glide|p1a: BichitoDorado\n|-supereffective|p1a: BichitoDorado\n|-damage|p1a: BichitoDorado|25\/100\n|move|p1a: BichitoDorado|Tera Blast|p2a: Ogerpon|[anim] Tera Blast Water\n|-damage|p2a: Ogerpon|0 fnt\n|faint|p2a: Ogerpon\n|\n|win|guzmfran\n","uploadtime":1697646542,"views":19,"p1id":"guzmfran","p2id":"mrmongol","formatid":"gen9doublesou","rating":0,"private":0,"password":""}