{"id":"gen9doublesou-1985290664","p1":"GOOGLEpaul","p2":"IcePunchUser","format":"[Gen 9] Doubles OU","log":"|j|\u2606GOOGLEpaul\n|j|\u2606IcePunchUser\n|t:|1699360750\n|gametype|doubles\n|player|p1|GOOGLEpaul|101|1048\n|player|p2|IcePunchUser|palmer|1040\n|teamsize|p1|6\n|teamsize|p2|6\n|gen|9\n|tier|[Gen 9] Doubles OU\n|rated|\n|rule|Species Clause: Limit one of each Pok\u00e9mon\n|rule|OHKO Clause: OHKO moves are banned\n|rule|Evasion Moves Clause: Evasion moves are banned\n|rule|Gravity Sleep Clause: The combination of sleep-inducing moves with imperfect accuracy and Gravity or Gigantamax Orbeetle are banned\n|rule|Endless Battle Clause: Forcing endless battles is banned\n|rule|HP Percentage Mod: HP is shown in percentages\n|clearpoke\n|poke|p1|Roaring Moon|\n|poke|p1|Heatran, F|\n|poke|p1|Dipplin, M|\n|poke|p1|Farigiraf, F|\n|poke|p1|Lilligant-Hisui, F|\n|poke|p1|Torkoal, F|\n|poke|p2|Murkrow, F|\n|poke|p2|Dragonite, F|\n|poke|p2|Chien-Pao|\n|poke|p2|Gholdengo|\n|poke|p2|Garchomp, M|\n|poke|p2|Hydreigon, M|\n|teampreview\n|\n|t:|1699360768\n|start\n|switch|p1a: Torkoal|Torkoal, F|100\/100\n|switch|p1b: Roaring Moon|Roaring Moon, shiny|100\/100\n|switch|p2a: Murkrow|Murkrow, F|100\/100\n|switch|p2b: Garchomp|Garchomp, M|100\/100\n|-weather|SunnyDay|[from] ability: Drought|[of] p1a: Torkoal\n|-activate|p1b: Roaring Moon|ability: Protosynthesis\n|-start|p1b: Roaring Moon|protosynthesisatk\n|turn|1\n|inactive|Battle timer is ON: inactive players will automatically lose when time's up. (requested by IcePunchUser)\n|\n|t:|1699360803\n|-terastallize|p1b: Roaring Moon|Steel\n|move|p2a: Murkrow|Tailwind|p2a: Murkrow\n|-sidestart|p2: IcePunchUser|move: Tailwind\n|move|p2b: Garchomp|Earthquake|p1a: Torkoal|[spread] p1a,p1b\n|-immune|p2a: Murkrow\n|-supereffective|p1a: Torkoal\n|-supereffective|p1b: Roaring Moon\n|-damage|p1a: Torkoal|42\/100\n|-damage|p1b: Roaring Moon|2\/100\n|move|p1b: Roaring Moon|Dragon Dance|p1b: Roaring Moon\n|-boost|p1b: Roaring Moon|atk|1\n|-boost|p1b: Roaring Moon|spe|1\n|move|p1a: Torkoal|Eruption|p2b: Garchomp|[spread] p2a,p2b\n|-resisted|p2b: Garchomp\n|-damage|p2a: Murkrow|70\/100\n|-damage|p2b: Garchomp|85\/100\n|\n|-weather|SunnyDay|[upkeep]\n|-heal|p1a: Torkoal|48\/100|[from] item: Leftovers\n|upkeep\n|turn|2\n|inactive|GOOGLEpaul has 120 seconds left.\n|\n|t:|1699360840\n|-end|p1b: Roaring Moon|Protosynthesis|[silent]\n|switch|p1b: Heatran|Heatran, F|100\/100\n|-item|p1b: Heatran|Air Balloon\n|move|p2a: Murkrow|Haze|p2a: Murkrow\n|-clearallboost\n|move|p2b: Garchomp|Earthquake|p1a: Torkoal|[spread] p1a\n|-immune|p2a: Murkrow\n|-immune|p1b: Heatran\n|-supereffective|p1a: Torkoal\n|-damage|p1a: Torkoal|0 fnt\n|faint|p1a: Torkoal\n|\n|-weather|SunnyDay|[upkeep]\n|upkeep\n|inactive|GOOGLEpaul has 120 seconds left.\n|\n|t:|1699360857\n|switch|p1a: Dipplin|Dipplin, M|100\/100\n|-ability|p1a: Dipplin|Supersweet Syrup\n|-ability|p1a: Dipplin|Supersweet Syrup|boost\n|-unboost|p2a: Murkrow|evasion|1\n|-unboost|p2b: Garchomp|evasion|1\n|turn|3\n|inactive|GOOGLEpaul has 120 seconds left.\n|\n|t:|1699360877\n|move|p2a: Murkrow|Haze|p2a: Murkrow\n|-clearallboost\n|move|p2b: Garchomp|Scale Shot|p1a: Dipplin\n|-supereffective|p1a: Dipplin\n|-damage|p1a: Dipplin|77\/100\n|-supereffective|p1a: Dipplin\n|-crit|p1a: Dipplin\n|-damage|p1a: Dipplin|44\/100\n|-supereffective|p1a: Dipplin\n|-damage|p1a: Dipplin|21\/100\n|-supereffective|p1a: Dipplin\n|-damage|p1a: Dipplin|0 fnt\n|faint|p1a: Dipplin\n|-hitcount|p1: Dipplin|4\n|-unboost|p2b: Garchomp|def|1\n|-boost|p2b: Garchomp|spe|1\n|move|p1b: Heatran|Solar Beam||[still]\n|-prepare|p1b: Heatran|Solar Beam\n|-anim|p1b: Heatran|Solar Beam|p2b: Garchomp\n|-crit|p2b: Garchomp\n|-damage|p2b: Garchomp|5\/100\n|\n|-weather|SunnyDay|[upkeep]\n|upkeep\n|inactive|GOOGLEpaul has 120 seconds left.\n|\n|t:|1699360896\n|switch|p1a: Farigiraf|Farigiraf, F|100\/100\n|turn|4\n|\n|t:|1699360914\n|move|p2a: Murkrow|Tailwind||[still]\n|-fail|p2a: Murkrow\n|move|p2b: Garchomp|Scale Shot|p1a: Farigiraf\n|-damage|p1a: Farigiraf|88\/100\n|-damage|p1a: Farigiraf|75\/100\n|-damage|p1a: Farigiraf|62\/100\n|-damage|p1a: Farigiraf|48\/100\n|-damage|p1a: Farigiraf|35\/100\n|-hitcount|p1a: Farigiraf|5\n|-unboost|p2b: Garchomp|def|1\n|-boost|p2b: Garchomp|spe|1\n|move|p1b: Heatran|Flare Blitz|p2b: Garchomp\n|-resisted|p2b: Garchomp\n|-damage|p2b: Garchomp|0 fnt\n|-damage|p1b: Heatran|88\/100|[from] ability: Rough Skin|[of] p2b: Garchomp\n|faint|p2b: Garchomp\n|-damage|p1b: Heatran|87\/100|[from] Recoil\n|move|p1a: Farigiraf|Trick Room|p1a: Farigiraf\n|-fieldstart|move: Trick Room|[of] p1a: Farigiraf\n|\n|-weather|SunnyDay|[upkeep]\n|-sideend|p2: IcePunchUser|move: Tailwind\n|upkeep\n|\n|t:|1699360931\n|switch|p2b: Gholdengo|Gholdengo|100\/100\n|-item|p2b: Gholdengo|Air Balloon\n|turn|5\n|\n|t:|1699360951\n|-terastallize|p2b: Gholdengo|Ghost\n|move|p1a: Farigiraf|Zen Headbutt|p2a: Murkrow\n|-immune|p2a: Murkrow\n|move|p1b: Heatran|Flare Blitz|p2b: Gholdengo\n|-damage|p2b: Gholdengo|36\/100\n|-enditem|p2b: Gholdengo|Air Balloon\n|-damage|p1b: Heatran|69\/100|[from] Recoil\n|move|p2a: Murkrow|Foul Play|p1b: Heatran\n|-damage|p1b: Heatran|43\/100\n|-enditem|p1b: Heatran|Air Balloon\n|move|p2b: Gholdengo|Shadow Ball|p1a: Farigiraf\n|-immune|p1a: Farigiraf\n|\n|-weather|none\n|upkeep\n|turn|6\n|inactive|IcePunchUser has 120 seconds left.\n|\n|t:|1699360987\n|move|p1a: Farigiraf|Dazzling Gleam|p2a: Murkrow|[spread] p2a,p2b\n|-supereffective|p2a: Murkrow\n|-crit|p2b: Gholdengo\n|-damage|p2a: Murkrow|23\/100\n|-damage|p2b: Gholdengo|0 fnt\n|faint|p2b: Gholdengo\n|move|p1b: Heatran|Flare Blitz|p2a: Murkrow\n|-damage|p2a: Murkrow|0 fnt\n|faint|p2a: Murkrow\n|-damage|p1b: Heatran|37\/100|[from] Recoil\n|\n|upkeep\n|\n|t:|1699361002\n|switch|p2a: Dragonite|Dragonite, F|100\/100\n|switch|p2b: Hydreigon|Hydreigon, M|100\/100\n|turn|7\n|inactive|IcePunchUser has 120 seconds left.\n|\n|t:|1699361026\n|move|p1a: Farigiraf|Dazzling Gleam|p2a: Dragonite|[spread] p2a,p2b\n|-supereffective|p2a: Dragonite\n|-supereffective|p2b: Hydreigon\n|-damage|p2a: Dragonite|83\/100\n|-damage|p2b: Hydreigon|1\/100\n|move|p1b: Heatran|Flare Blitz|p2a: Dragonite\n|-resisted|p2a: Dragonite\n|-crit|p2a: Dragonite\n|-damage|p2a: Dragonite|58\/100\n|-damage|p1b: Heatran|28\/100|[from] Recoil\n|move|p2a: Dragonite|Earthquake|p1a: Farigiraf|[spread] p1a,p1b\n|-immune|p2b: Hydreigon|[from] ability: Levitate\n|-supereffective|p1b: Heatran\n|-damage|p1a: Farigiraf|2\/100\n|-damage|p1b: Heatran|0 fnt\n|faint|p1b: Heatran\n|move|p2b: Hydreigon|U-turn|p1a: Farigiraf\n|-supereffective|p1a: Farigiraf\n|-damage|p1a: Farigiraf|0 fnt\n|faint|p1a: Farigiraf\n|\n|t:|1699361046\n|switch|p2b: Chien-Pao|Chien-Pao|100\/100|[from] U-turn\n|-ability|p2b: Chien-Pao|Sword of Ruin\n|\n|-heal|p2a: Dragonite|64\/100|[from] item: Leftovers\n|upkeep\n|\n|t:|1699361059\n|switch|p1a: Lilligant|Lilligant-Hisui, F|100\/100\n|switch|p1b: Roaring Moon|Roaring Moon, shiny, tera:Steel|2\/100\n|-enditem|p1b: Roaring Moon|Booster Energy\n|-activate|p1b: Roaring Moon|ability: Protosynthesis|[fromitem]\n|-start|p1b: Roaring Moon|protosynthesisatk\n|turn|8\n|inactive|IcePunchUser has 120 seconds left.\n|\n|t:|1699361085\n|move|p2a: Dragonite|Extreme Speed|p1b: Roaring Moon\n|-resisted|p1b: Roaring Moon\n|-damage|p1b: Roaring Moon|0 fnt\n|faint|p1b: Roaring Moon\n|-end|p1b: Roaring Moon|Protosynthesis|[silent]\n|move|p1a: Lilligant|Solar Blade||[still]\n|-prepare|p1a: Lilligant|Solar Blade\n|-enditem|p1a: Lilligant|Power Herb\n|-anim|p1a: Lilligant|Solar Blade|p2b: Chien-Pao\n|-damage|p2b: Chien-Pao|18\/100\n|move|p2b: Chien-Pao|Icicle Crash|p1a: Lilligant\n|-supereffective|p1a: Lilligant\n|-damage|p1a: Lilligant|0 fnt\n|faint|p1a: Lilligant\n|\n|win|IcePunchUser\n|raw|GOOGLEpaul's rating: 1048 &rarr; <strong>1030<\/strong><br \/>(-18 for losing)\n|raw|IcePunchUser's rating: 1040 &rarr; <strong>1075<\/strong><br \/>(+35 for winning)\n|l|\u2606GOOGLEpaul\n","uploadtime":1699361106,"views":8,"p1id":"googlepaul","p2id":"icepunchuser","formatid":"gen9doublesou","rating":1030,"private":0,"password":""}