{"id":"gen9doublesou-1987230607","p1":"Joker1500","p2":"Happy1912owl","format":"[Gen 9] Doubles OU","log":"|j|\u2606Joker1500\n|j|\u2606Happy1912owl\n|t:|1699567499\n|gametype|doubles\n|player|p1|Joker1500|1|\n|player|p2|Happy1912owl|steven|\n|teamsize|p1|6\n|teamsize|p2|6\n|gen|9\n|tier|[Gen 9] Doubles OU\n|rule|Species Clause: Limit one of each Pok\u00e9mon\n|rule|OHKO Clause: OHKO moves are banned\n|rule|Evasion Moves Clause: Evasion moves are banned\n|rule|Gravity Sleep Clause: The combination of sleep-inducing moves with imperfect accuracy and Gravity or Gigantamax Orbeetle are banned\n|rule|Endless Battle Clause: Forcing endless battles is banned\n|rule|HP Percentage Mod: HP is shown in percentages\n|clearpoke\n|poke|p1|Iron Moth|\n|poke|p1|Ninetales-Alola, F|\n|poke|p1|Samurott-Hisui, M|\n|poke|p1|Slowbro-Galar, M|\n|poke|p1|Salamence, M|\n|poke|p1|Mamoswine, M|\n|poke|p2|Dipplin, M|\n|poke|p2|Scovillain, F|\n|poke|p2|Tropius, F|\n|poke|p2|Scream Tail|\n|poke|p2|Farigiraf, M|\n|poke|p2|Azumarill, F|\n|teampreview\n|\n|t:|1699567511\n|start\n|switch|p1a: Ninetales|Ninetales-Alola, F, shiny|100\/100\n|switch|p1b: Samurott|Samurott-Hisui, M|100\/100\n|switch|p2a: Carolina Reaper|Scovillain, F, shiny|100\/100\n|switch|p2b: Flying mower|Tropius, F, shiny|100\/100\n|-weather|Snow|[from] ability: Snow Warning|[of] p1a: Ninetales\n|turn|1\n|\n|t:|1699567539\n|move|p1b: Samurott|Ceaseless Edge|p2a: Carolina Reaper\n|-damage|p2a: Carolina Reaper|29\/100\n|-sidestart|p2: Happy1912owl|Spikes\n|move|p1a: Ninetales|Aurora Veil|p1a: Ninetales\n|-sidestart|p1: Joker1500|move: Aurora Veil\n|move|p2a: Carolina Reaper|Lash Out|p1a: Ninetales\n|-resisted|p1a: Ninetales\n|-damage|p1a: Ninetales|94\/100\n|move|p2b: Flying mower|Tailwind|p2b: Flying mower\n|-sidestart|p2: Happy1912owl|move: Tailwind\n|\n|-weather|Snow|[upkeep]\n|upkeep\n|turn|2\n|\n|t:|1699567569\n|move|p2a: Carolina Reaper|Helping Hand|p2b: Flying mower\n|-singleturn|p2b: Flying mower|Helping Hand|[of] p2a: Carolina Reaper\n|move|p1b: Samurott|Ceaseless Edge|p2a: Carolina Reaper|[miss]\n|-miss|p1b: Samurott|p2a: Carolina Reaper\n|move|p2b: Flying mower|Giga Drain|p1b: Samurott\n|-supereffective|p1b: Samurott\n|-damage|p1b: Samurott|35\/100\n|move|p1a: Ninetales|Blizzard|p2a: Carolina Reaper|[spread] p2a,p2b\n|-supereffective|p2b: Flying mower\n|-damage|p2a: Carolina Reaper|0 fnt\n|-damage|p2b: Flying mower|0 fnt\n|faint|p2a: Carolina Reaper\n|faint|p2b: Flying mower\n|\n|-weather|Snow|[upkeep]\n|upkeep\n|\n|t:|1699567589\n|switch|p2a: Safari Guardians|Farigiraf, M, shiny|100\/100\n|switch|p2b: Belly rubs please|Azumarill, F, shiny|100\/100\n|-damage|p2a: Safari Guardians|88\/100|[from] Spikes\n|-damage|p2b: Belly rubs please|88\/100|[from] Spikes\n|turn|3\n|\n|t:|1699567607\n|move|p1a: Ninetales|Protect|p1a: Ninetales\n|-singleturn|p1a: Ninetales|Protect\n|move|p1b: Samurott|Ceaseless Edge|p2a: Safari Guardians\n|-supereffective|p2a: Safari Guardians\n|-damage|p2a: Safari Guardians|0 fnt\n|-sidestart|p2: Happy1912owl|Spikes\n|faint|p2a: Safari Guardians\n|move|p2b: Belly rubs please|Knock Off|p1a: Ninetales\n|-activate|p1a: Ninetales|move: Protect\n|\n|-weather|Snow|[upkeep]\n|upkeep\n|\n|t:|1699567620\n|switch|p2a: Zombie Happy|Scream Tail, shiny|100\/100\n|-damage|p2a: Zombie Happy|84\/100|[from] Spikes\n|turn|4\n|\n|t:|1699567643\n|switch|p1a: Slowbro|Slowbro-Galar, M, shiny|100\/100\n|move|p2a: Zombie Happy|Thunder Punch|p1b: Samurott\n|-supereffective|p1b: Samurott\n|-damage|p1b: Samurott|11\/100\n|move|p1b: Samurott|Ceaseless Edge|p2b: Belly rubs please\n|-resisted|p2b: Belly rubs please\n|-damage|p2b: Belly rubs please|64\/100\n|-sidestart|p2: Happy1912owl|Spikes\n|move|p2b: Belly rubs please|Play Rough|p1a: Slowbro\n|-resisted|p1a: Slowbro\n|-damage|p1a: Slowbro|84\/100\n|-unboost|p1a: Slowbro|atk|1\n|\n|-weather|Snow|[upkeep]\n|-heal|p1a: Slowbro|90\/100|[from] item: Leftovers\n|-sideend|p2: Happy1912owl|move: Tailwind\n|upkeep\n|turn|5\n|\n|t:|1699567670\n|move|p1b: Samurott|Ceaseless Edge|p2a: Zombie Happy\n|-damage|p2a: Zombie Happy|42\/100\n|move|p2a: Zombie Happy|Crunch|p1a: Slowbro\n|-supereffective|p1a: Slowbro\n|-damage|p1a: Slowbro|72\/100\n|move|p2b: Belly rubs please|Play Rough|p1b: Samurott\n|-supereffective|p1b: Samurott\n|-damage|p1b: Samurott|0 fnt\n|faint|p1b: Samurott\n|move|p1a: Slowbro|Yawn|p2b: Belly rubs please\n|-start|p2b: Belly rubs please|move: Yawn|[of] p1a: Slowbro\n|\n|-weather|none\n|-heal|p1a: Slowbro|78\/100|[from] item: Leftovers\n|upkeep\n|\n|t:|1699567691\n|switch|p1b: Salamence|Salamence, M, shiny|100\/100\n|-ability|p1b: Salamence|Intimidate|boost\n|-fail|p2a: Zombie Happy|unboost|[from] item: Clear Amulet|[of] p2a: Zombie Happy\n|-unboost|p2b: Belly rubs please|atk|1\n|turn|6\n|\n|t:|1699567716\n|-terastallize|p1b: Salamence|Steel\n|move|p1b: Salamence|Dragon Dance|p1b: Salamence\n|-boost|p1b: Salamence|atk|1\n|-boost|p1b: Salamence|spe|1\n|move|p2a: Zombie Happy|Crunch|p1a: Slowbro\n|-supereffective|p1a: Slowbro\n|-damage|p1a: Slowbro|58\/100\n|move|p2b: Belly rubs please|Play Rough|p1b: Salamence|[miss]\n|-miss|p2b: Belly rubs please|p1b: Salamence\n|move|p1a: Slowbro|Psychic|p2b: Belly rubs please\n|-damage|p2b: Belly rubs please|18\/100\n|-unboost|p2b: Belly rubs please|spd|1\n|\n|-heal|p1a: Slowbro|64\/100|[from] item: Leftovers\n|-end|p2b: Belly rubs please|move: Yawn|[silent]\n|-status|p2b: Belly rubs please|slp\n|upkeep\n|turn|7\n|\n|t:|1699567742\n|move|p1b: Salamence|Iron Head|p2b: Belly rubs please\n|-damage|p2b: Belly rubs please|0 fnt\n|faint|p2b: Belly rubs please\n|-damage|p1b: Salamence|91\/100|[from] item: Life Orb\n|move|p2a: Zombie Happy|Crunch|p1a: Slowbro\n|-supereffective|p1a: Slowbro\n|-damage|p1a: Slowbro|45\/100\n|move|p1a: Slowbro|Slack Off|p1a: Slowbro\n|-heal|p1a: Slowbro|95\/100\n|\n|-heal|p1a: Slowbro|100\/100|[from] item: Leftovers\n|upkeep\n|\n|t:|1699567759\n|switch|p2b: Happy\u2019s revenge|Dipplin, M, shiny|100\/100\n|-damage|p2b: Happy\u2019s revenge|76\/100|[from] Spikes\n|-ability|p2b: Happy\u2019s revenge|Supersweet Syrup\n|-ability|p2b: Happy\u2019s revenge|Supersweet Syrup|boost\n|-unboost|p1a: Slowbro|evasion|1\n|-unboost|p1b: Salamence|evasion|1\n|turn|8\n|\n|t:|1699567786\n|move|p1b: Salamence|Dragon Claw|p2b: Happy\u2019s revenge\n|-supereffective|p2b: Happy\u2019s revenge\n|-damage|p2b: Happy\u2019s revenge|0 fnt\n|faint|p2b: Happy\u2019s revenge\n|-damage|p1b: Salamence|81\/100|[from] item: Life Orb\n|move|p2a: Zombie Happy|Thunder Punch|p1a: Slowbro\n|-damage|p1a: Slowbro|92\/100\n|move|p1a: Slowbro|Psychic|p2a: Zombie Happy\n|-resisted|p2a: Zombie Happy\n|-damage|p2a: Zombie Happy|29\/100\n|\n|-heal|p1a: Slowbro|98\/100|[from] item: Leftovers\n|-sideend|p1: Joker1500|move: Aurora Veil\n|upkeep\n|turn|9\n|\n|t:|1699567802\n|switch|p1a: Iron Moth|Iron Moth|100\/100\n|move|p1b: Salamence|Iron Head|p2a: Zombie Happy\n|-supereffective|p2a: Zombie Happy\n|-damage|p2a: Zombie Happy|0 fnt\n|faint|p2a: Zombie Happy\n|-end|p2a: Zombie Happy|Protosynthesis|[silent]\n|-damage|p1b: Salamence|71\/100|[from] item: Life Orb\n|\n|win|Joker1500\n","uploadtime":1699567816,"views":11,"p1id":"joker1500","p2id":"happy1912owl","formatid":"gen9doublesou","rating":0,"private":0,"password":""}