{"id":"gen9doublesou-1969940877","p1":"Ohsnappp","p2":"chidioos","format":"[Gen 9] Doubles OU","log":"|j|\u2606Ohsnappp\n|j|\u2606chidioos\n|t:|1697577906\n|gametype|doubles\n|player|p1|Ohsnappp|102|1069\n|player|p2|chidioos|sailor|1001\n|teamsize|p1|6\n|teamsize|p2|6\n|gen|9\n|tier|[Gen 9] Doubles OU\n|rated|\n|rule|Species Clause: Limit one of each Pok\u00e9mon\n|rule|OHKO Clause: OHKO moves are banned\n|rule|Evasion Moves Clause: Evasion moves are banned\n|rule|Gravity Sleep Clause: The combination of sleep-inducing moves with imperfect accuracy and Gravity or Gigantamax Orbeetle are banned\n|rule|Endless Battle Clause: Forcing endless battles is banned\n|rule|HP Percentage Mod: HP is shown in percentages\n|clearpoke\n|poke|p1|Weavile, F|\n|poke|p1|Cresselia, F|\n|poke|p1|Gliscor, M|\n|poke|p1|Kingambit, F|\n|poke|p1|Poliwrath, F|\n|poke|p1|Forretress, M|\n|poke|p2|Iron Bundle|\n|poke|p2|Gengar, M|\n|poke|p2|Ditto|\n|poke|p2|Bronzong|\n|poke|p2|Polteageist|\n|poke|p2|Oranguru, M|\n|teampreview\n|\n|t:|1697577911\n|start\n|switch|p1a: Forretress|Forretress, M|100\/100\n|switch|p1b: Poliwrath|Poliwrath, F|100\/100\n|switch|p2a: Iron Bundle|Iron Bundle|100\/100\n|switch|p2b: Polteageist|Polteageist|100\/100\n|turn|1\n|inactive|Battle timer is ON: inactive players will automatically lose when time's up. (requested by chidioos)\n|\n|t:|1697577927\n|move|p2a: Iron Bundle|Fling|p2b: Polteageist\n|-supereffective|p2b: Polteageist\n|-damage|p2b: Polteageist|93\/100\n|-ability|p2b: Polteageist|Weak Armor|boost\n|-unboost|p2b: Polteageist|def|1\n|-boost|p2b: Polteageist|spe|2\n|-enditem|p2b: Polteageist|Weakness Policy\n|-boost|p2b: Polteageist|atk|2|[from] item: Weakness Policy\n|-boost|p2b: Polteageist|spa|2|[from] item: Weakness Policy\n|-enditem|p2a: Iron Bundle|Pecha Berry|[from] move: Fling\n|move|p2b: Polteageist|Stored Power|p1b: Poliwrath\n|-supereffective|p1b: Poliwrath\n|-damage|p1b: Poliwrath|0 fnt\n|faint|p1b: Poliwrath\n|move|p1a: Forretress|Lunge|p2b: Polteageist\n|-resisted|p2b: Polteageist\n|-damage|p2b: Polteageist|40\/100\n|-unboost|p2b: Polteageist|atk|1\n|-ability|p2b: Polteageist|Weak Armor|boost\n|-unboost|p2b: Polteageist|def|1\n|-boost|p2b: Polteageist|spe|2\n|\n|upkeep\n|\n|t:|1697577948\n|switch|p1b: Weavile|Weavile, F|100\/100\n|turn|2\n|\n|t:|1697577958\n|move|p1b: Weavile|Ice Shard|p2b: Polteageist\n|-damage|p2b: Polteageist|0 fnt\n|faint|p2b: Polteageist\n|move|p2a: Iron Bundle|U-turn|p2: Polteageist|[notarget]\n|-fail|p2a: Iron Bundle\n|move|p1a: Forretress|Lunge|p2a: Iron Bundle\n|-crit|p2a: Iron Bundle\n|-damage|p2a: Iron Bundle|31\/100\n|-unboost|p2a: Iron Bundle|atk|1\n|\n|upkeep\n|\n|t:|1697577969\n|switch|p2b: Gengar|Gengar, M|100\/100\n|turn|3\n|\n|t:|1697577987\n|move|p2a: Iron Bundle|Protect|p2a: Iron Bundle\n|-singleturn|p2a: Iron Bundle|Protect\n|move|p1b: Weavile|Icicle Crash|p2b: Gengar|[miss]\n|-miss|p1b: Weavile|p2b: Gengar\n|move|p2b: Gengar|Perish Song|p2b: Gengar\n|-start|p1a: Forretress|perish3|[silent]\n|-start|p1b: Weavile|perish3|[silent]\n|-start|p2a: Iron Bundle|perish3|[silent]\n|-start|p2b: Gengar|perish3|[silent]\n|-fieldactivate|move: Perish Song\n|move|p1a: Forretress|Stealth Rock|p2a: Iron Bundle\n|-sidestart|p2: chidioos|move: Stealth Rock\n|\n|-start|p1b: Weavile|perish3\n|-start|p2a: Iron Bundle|perish3\n|-start|p2b: Gengar|perish3\n|-start|p1a: Forretress|perish3\n|upkeep\n|turn|4\n|\n|t:|1697578008\n|switch|p1b: Cresselia|Cresselia, F|100\/100\n|-end|p2a: Iron Bundle|Quark Drive|[silent]\n|switch|p2a: Oranguru|Oranguru, M|100\/100\n|-damage|p2a: Oranguru|88\/100|[from] Stealth Rock\n|switch|p2b: Bronzong|Bronzong|100\/100\n|-damage|p2b: Bronzong|94\/100|[from] Stealth Rock\n|switch|p1a: Gliscor|Gliscor, M|100\/100\n|\n|-heal|p2b: Bronzong|100\/100|[from] item: Leftovers\n|-status|p1a: Gliscor|tox|[from] item: Toxic Orb\n|upkeep\n|turn|5\n|\n|t:|1697578037\n|move|p1a: Gliscor|Knock Off|p2a: Oranguru\n|-supereffective|p2a: Oranguru\n|-damage|p2a: Oranguru|29\/100\n|-enditem|p2a: Oranguru|Sitrus Berry|[from] move: Knock Off|[of] p1a: Gliscor\n|move|p1b: Cresselia|Thunderbolt|p2a: Oranguru\n|-damage|p2a: Oranguru|14\/100\n|move|p2a: Oranguru|Stored Power|p1a: Gliscor\n|-damage|p1a: Gliscor|91\/100 tox\n|move|p2b: Bronzong|Gyro Ball|p1a: Gliscor\n|-damage|p1a: Gliscor|59\/100 tox\n|\n|-heal|p1a: Gliscor|71\/100 tox|[from] ability: Poison Heal\n|upkeep\n|turn|6\n|\n|t:|1697578058\n|move|p1a: Gliscor|Knock Off|p2b: Bronzong\n|-supereffective|p2b: Bronzong\n|-damage|p2b: Bronzong|52\/100\n|-enditem|p2b: Bronzong|Leftovers|[from] move: Knock Off|[of] p1a: Gliscor\n|move|p1b: Cresselia|Thunderbolt|p2a: Oranguru\n|-damage|p2a: Oranguru|0 fnt\n|faint|p2a: Oranguru\n|move|p2b: Bronzong|Gyro Ball|p1a: Gliscor\n|-damage|p1a: Gliscor|37\/100 tox\n|\n|-heal|p1a: Gliscor|49\/100 tox|[from] ability: Poison Heal\n|upkeep\n|\n|t:|1697578072\n|switch|p2a: Gengar|Gengar, M|100\/100\n|-damage|p2a: Gengar|88\/100|[from] Stealth Rock\n|turn|7\n|\n|t:|1697578085\n|move|p2a: Gengar|Clear Smog|p1a: Gliscor\n|-resisted|p1a: Gliscor\n|-damage|p1a: Gliscor|31\/100 tox\n|-clearboost|p1a: Gliscor\n|move|p1a: Gliscor|Earthquake|p2b: Bronzong|[spread] p2a\n|-immune|p1b: Cresselia|[from] ability: Levitate\n|-immune|p2b: Bronzong|[from] ability: Levitate\n|-supereffective|p2a: Gengar\n|-damage|p2a: Gengar|0 fnt\n|faint|p2a: Gengar\n|move|p1b: Cresselia|Ice Beam|p2b: Bronzong\n|-resisted|p2b: Bronzong\n|-damage|p2b: Bronzong|41\/100\n|move|p2b: Bronzong|Gyro Ball|p1a: Gliscor\n|-damage|p1a: Gliscor|0 fnt\n|faint|p1a: Gliscor\n|\n|upkeep\n|\n|t:|1697578108\n|switch|p2a: Iron Bundle|Iron Bundle|31\/100\n|switch|p1a: Forretress|Forretress, M|100\/100\n|-damage|p2a: Iron Bundle|6\/100|[from] Stealth Rock\n|turn|8\n|\n|t:|1697578126\n|move|p2a: Iron Bundle|Freeze-Dry|p1a: Forretress\n|-resisted|p1a: Forretress\n|-damage|p1a: Forretress|77\/100\n|move|p1b: Cresselia|Thunderbolt|p2b: Bronzong\n|-damage|p2b: Bronzong|19\/100\n|move|p1a: Forretress|Lunge|p2b: Bronzong\n|-damage|p2b: Bronzong|0 fnt\n|faint|p2b: Bronzong\n|\n|upkeep\n|\n|t:|1697578138\n|switch|p2b: Ditto|Ditto|100\/100\n|-damage|p2b: Ditto|88\/100|[from] Stealth Rock\n|turn|9\n|\n|t:|1697578151\n|move|p2a: Iron Bundle|Freeze-Dry|p1a: Forretress\n|-resisted|p1a: Forretress\n|-damage|p1a: Forretress|52\/100\n|move|p2b: Ditto|Transform|p2a: Iron Bundle\n|-transform|p2b: Ditto|p2a: Iron Bundle\n|move|p1b: Cresselia|Thunderbolt|p2b: Ditto\n|-supereffective|p2b: Ditto\n|-damage|p2b: Ditto|11\/100\n|move|p1a: Forretress|Lunge|p2b: Ditto\n|-damage|p2b: Ditto|0 fnt\n|faint|p2b: Ditto\n|-end|p2b: Ditto|Quark Drive|[silent]\n|\n|upkeep\n|turn|10\n|inactive|chidioos has 120 seconds left.\n|inactive|chidioos has 90 seconds left.\n|inactive|chidioos has 60 seconds left.\n|inactive|chidioos has 30 seconds left.\n|inactive|chidioos has 20 seconds left.\n|inactive|chidioos has 15 seconds left.\n|inactive|chidioos has 10 seconds left.\n|inactive|chidioos has 5 seconds left.\n|-message|chidioos lost due to inactivity.\n|\n|win|Ohsnappp\n|raw|Ohsnappp's rating: 1069 &rarr; <strong>1093<\/strong><br \/>(+24 for winning)\n|raw|chidioos's rating: 1001 &rarr; <strong>1000<\/strong><br \/>(-1 for losing)\n","uploadtime":1697578321,"views":10,"p1id":"ohsnappp","p2id":"chidioos","formatid":"gen9doublesou","rating":1000,"private":0,"password":""}