{"id":"gen9doublesou-1974315048","p1":"cotesmcgotes","p2":"MarteSZN","format":"[Gen 9] Doubles OU","log":"|j|\u2606cotesmcgotes\n|j|\u2606MarteSZN\n|t:|1698077191\n|gametype|doubles\n|player|p1|cotesmcgotes|flannery|1413\n|player|p2|MarteSZN|1|1273\n|teamsize|p1|6\n|teamsize|p2|6\n|gen|9\n|tier|[Gen 9] Doubles OU\n|rated|\n|rule|Species Clause: Limit one of each Pok\u00e9mon\n|rule|OHKO Clause: OHKO moves are banned\n|rule|Evasion Moves Clause: Evasion moves are banned\n|rule|Gravity Sleep Clause: The combination of sleep-inducing moves with imperfect accuracy and Gravity or Gigantamax Orbeetle are banned\n|rule|Endless Battle Clause: Forcing endless battles is banned\n|rule|HP Percentage Mod: HP is shown in percentages\n|clearpoke\n|poke|p1|Cresselia, F|\n|poke|p1|Manaphy|\n|poke|p1|Okidogi, M|\n|poke|p1|Sinistcha-Masterpiece|\n|poke|p1|Ogerpon-Hearthflame, F|\n|poke|p1|Roaring Moon|\n|poke|p2|Magnezone|\n|poke|p2|Garchomp, M|\n|poke|p2|Gyarados, F|\n|poke|p2|Amoonguss, F|\n|poke|p2|Toxicroak, M|\n|poke|p2|Iron Moth|\n|teampreview\n|inactive|Battle timer is ON: inactive players will automatically lose when time's up. (requested by cotesmcgotes)\n|\n|t:|1698077200\n|start\n|switch|p1a: Cresselia|Cresselia, F|100\/100\n|switch|p1b: Manaphy|Manaphy|100\/100\n|switch|p2a: Gyarados|Gyarados, F|100\/100\n|switch|p2b: Amoonguss|Amoonguss, F, shiny|100\/100\n|-ability|p2a: Gyarados|Intimidate|boost\n|-unboost|p1a: Cresselia|atk|1\n|-unboost|p1b: Manaphy|atk|1\n|turn|1\n|\n|t:|1698077214\n|-terastallize|p1b: Manaphy|Electric\n|move|p2a: Gyarados|Dragon Dance|p2a: Gyarados\n|-boost|p2a: Gyarados|atk|1\n|-boost|p2a: Gyarados|spe|1\n|move|p1b: Manaphy|Tera Blast|p2a: Gyarados|[anim] Tera Blast Electric\n|-supereffective|p2a: Gyarados\n|-damage|p2a: Gyarados|0 fnt\n|faint|p2a: Gyarados\n|move|p1a: Cresselia|Skill Swap|p1b: Manaphy\n|-activate|p1a: Cresselia|move: Skill Swap|||[of] p1b: Manaphy\n|move|p2b: Amoonguss|Toxic|p1a: Cresselia\n|-status|p1a: Cresselia|tox\n|\n|-damage|p1a: Cresselia|94\/100 tox|[from] psn\n|upkeep\n|\n|t:|1698077231\n|switch|p2a: Magnezone|Magnezone|100\/100\n|turn|2\n|\n|t:|1698077245\n|move|p2a: Magnezone|Protect|p2a: Magnezone\n|-singleturn|p2a: Magnezone|Protect\n|move|p1b: Manaphy|Tail Glow|p1b: Manaphy\n|-boost|p1b: Manaphy|spa|3\n|move|p1a: Cresselia|Lunar Blessing|p1a: Cresselia|[spread] p1a,p1b\n|-heal|p1a: Cresselia|100\/100 tox\n|-curestatus|p1a: Cresselia|tox|[msg]\n|move|p2b: Amoonguss|Toxic|p1b: Manaphy\n|-status|p1b: Manaphy|tox\n|\n|-damage|p1b: Manaphy|94\/100 tox|[from] psn\n|upkeep\n|turn|3\n|\n|t:|1698077264\n|move|p1b: Manaphy|Stored Power|p2b: Amoonguss\n|-supereffective|p2b: Amoonguss\n|-damage|p2b: Amoonguss|19\/100\n|move|p1a: Cresselia|Lunar Blessing|p1a: Cresselia|[spread] p1a,p1b\n|-heal|p1b: Manaphy|100\/100 tox\n|-curestatus|p1b: Manaphy|tox|[msg]\n|move|p2b: Amoonguss|Sludge Bomb|p1a: Cresselia\n|-damage|p1a: Cresselia|87\/100\n|move|p2a: Magnezone|Mirror Coat||[still]\n|-fail|p2a: Magnezone\n|\n|-heal|p2b: Amoonguss|25\/100|[from] item: Leftovers\n|upkeep\n|turn|4\n|\n|t:|1698077291\n|move|p2b: Amoonguss|Protect|p2b: Amoonguss\n|-singleturn|p2b: Amoonguss|Protect\n|move|p1b: Manaphy|Stored Power|p2b: Amoonguss\n|-activate|p2b: Amoonguss|move: Protect\n|move|p1a: Cresselia|Skill Swap|p2a: Magnezone\n|-activate|p1a: Cresselia|move: Skill Swap|Sturdy|Hydration|[of] p2a: Magnezone\n|move|p2a: Magnezone|Mirror Coat||[still]\n|-fail|p2a: Magnezone\n|\n|-heal|p2b: Amoonguss|31\/100|[from] item: Leftovers\n|upkeep\n|turn|5\n|\n|t:|1698077312\n|move|p2a: Magnezone|Protect|p2a: Magnezone\n|-singleturn|p2a: Magnezone|Protect\n|move|p1b: Manaphy|Stored Power|p2b: Amoonguss\n|-supereffective|p2b: Amoonguss\n|-damage|p2b: Amoonguss|0 fnt\n|faint|p2b: Amoonguss\n|move|p1a: Cresselia|Lunar Blessing|p1a: Cresselia|[spread] p1a,p1b\n|-heal|p1a: Cresselia|100\/100\n|\n|upkeep\n|\n|t:|1698077323\n|switch|p2b: Garchomp|Garchomp, M, shiny|100\/100\n|turn|6\n|\n|t:|1698077336\n|move|p2b: Garchomp|Earthquake|p1a: Cresselia|[spread] p2a,p1a\n|-immune|p1b: Manaphy|[from] ability: Levitate\n|-supereffective|p2a: Magnezone\n|-damage|p2a: Magnezone|0 fnt\n|-damage|p1a: Cresselia|73\/100\n|faint|p2a: Magnezone\n|move|p1b: Manaphy|Scald|p2b: Garchomp\n|-damage|p2b: Garchomp|0 fnt\n|faint|p2b: Garchomp\n|move|p1a: Cresselia|Icy Wind|p2: Magnezone|[notarget]\n|-fail|p1a: Cresselia\n|\n|upkeep\n|\n|t:|1698077347\n|switch|p2b: Iron Moth|Iron Moth|100\/100\n|switch|p2a: Toxicroak|Toxicroak, M|100\/100\n|-enditem|p2b: Iron Moth|Booster Energy\n|-activate|p2b: Iron Moth|ability: Quark Drive|[fromitem]\n|-start|p2b: Iron Moth|quarkdrivespa\n|turn|7\n|\n|t:|1698077365\n|-terastallize|p2b: Iron Moth|Fire\n|move|p2a: Toxicroak|Fake Out|p1b: Manaphy\n|-damage|p1b: Manaphy|89\/100\n|move|p2b: Iron Moth|Fiery Dance|p1b: Manaphy\n|-damage|p1b: Manaphy|23\/100\n|cant|p1b: Manaphy|flinch\n|move|p1a: Cresselia|Thunder Wave|p2b: Iron Moth\n|-status|p2b: Iron Moth|par\n|\n|-heal|p1b: Manaphy|29\/100|[from] item: Leftovers\n|upkeep\n|turn|8\n|\n|t:|1698077380\n|move|p2a: Toxicroak|Knock Off|p1a: Cresselia\n|-supereffective|p1a: Cresselia\n|-crit|p1a: Cresselia\n|-damage|p1a: Cresselia|11\/100\n|-status|p1a: Cresselia|psn|[from] ability: Poison Touch|[of] p2a: Toxicroak\n|-enditem|p1a: Cresselia|Wide Lens|[from] move: Knock Off|[of] p2a: Toxicroak\n|move|p1b: Manaphy|Stored Power|p2a: Toxicroak\n|-supereffective|p2a: Toxicroak\n|-enditem|p2a: Toxicroak|Focus Sash\n|-damage|p2a: Toxicroak|1\/100\n|move|p1a: Cresselia|Lunar Blessing|p1a: Cresselia|[spread] p1a,p1b\n|-heal|p1a: Cresselia|36\/100 psn\n|-curestatus|p1a: Cresselia|psn|[msg]\n|-heal|p1b: Manaphy|54\/100\n|cant|p2b: Iron Moth|par\n|\n|-heal|p1b: Manaphy|60\/100|[from] item: Leftovers\n|upkeep\n|turn|9\n|inactive|MarteSZN has 120 seconds left.\n|\n|t:|1698077432\n|move|p2a: Toxicroak|Poison Jab|p1b: Manaphy\n|-damage|p1b: Manaphy|28\/100\n|move|p1b: Manaphy|Scald|p2b: Iron Moth\n|-supereffective|p2b: Iron Moth\n|-damage|p2b: Iron Moth|0 fnt\n|faint|p2b: Iron Moth\n|-end|p2b: Iron Moth|Quark Drive|[silent]\n|move|p1a: Cresselia|Lunar Blessing|p1a: Cresselia|[spread] p1a,p1b\n|-heal|p1a: Cresselia|61\/100\n|-heal|p1b: Manaphy|53\/100\n|\n|-heal|p1b: Manaphy|60\/100|[from] item: Leftovers\n|upkeep\n|turn|10\n|inactive|MarteSZN has 120 seconds left.\n|\n|t:|1698077449\n|move|p2a: Toxicroak|Knock Off|p1b: Manaphy\n|-crit|p1b: Manaphy\n|-damage|p1b: Manaphy|22\/100\n|-enditem|p1b: Manaphy|Leftovers|[from] move: Knock Off|[of] p2a: Toxicroak\n|move|p1b: Manaphy|Stored Power|p2a: Toxicroak\n|-supereffective|p2a: Toxicroak\n|-damage|p2a: Toxicroak|0 fnt\n|faint|p2a: Toxicroak\n|\n|win|cotesmcgotes\n|raw|cotesmcgotes's rating: 1413 &rarr; <strong>1425<\/strong><br \/>(+12 for winning)\n|raw|MarteSZN's rating: 1273 &rarr; <strong>1258<\/strong><br \/>(-15 for losing)\n","uploadtime":1698077458,"views":16,"p1id":"cotesmcgotes","p2id":"marteszn","formatid":"gen9doublesou","rating":1258,"private":0,"password":""}