{"id":"gen9doublesou-1995094219","p1":"Dark Void Traveler","p2":"jzurf","format":"[Gen 9] Doubles OU","log":"|j|\u2606Dark Void Traveler\n|j|\u2606jzurf\n|inactive|Battle timer is ON: inactive players will automatically lose when time's up.\n|t:|1700521889\n|gametype|doubles\n|player|p1|Dark Void Traveler|pilot|\n|player|p2|jzurf|102|\n|teamsize|p1|6\n|teamsize|p2|6\n|gen|9\n|tier|[Gen 9] Doubles OU\n|rated|Tournament battle\n|rule|Species Clause: Limit one of each Pok\u00e9mon\n|rule|OHKO Clause: OHKO moves are banned\n|rule|Evasion Moves Clause: Evasion moves are banned\n|rule|Gravity Sleep Clause: The combination of sleep-inducing moves with imperfect accuracy and Gravity or Gigantamax Orbeetle are banned\n|rule|Endless Battle Clause: Forcing endless battles is banned\n|rule|HP Percentage Mod: HP is shown in percentages\n|clearpoke\n|poke|p1|Froslass, F|\n|poke|p1|Hippowdon, F|\n|poke|p1|Pyroar, M|\n|poke|p1|Ursaluna-Bloodmoon, M|\n|poke|p1|Arcanine-Hisui, F|\n|poke|p1|Gothitelle, M|\n|poke|p2|Dudunsparce-*, M|\n|poke|p2|Espathra, M|\n|poke|p2|Salazzle, F|\n|poke|p2|Ariados, M|\n|poke|p2|Dragapult, M|\n|poke|p2|Toxtricity, M|\n|teampreview\n|j|*Lady Monita \u2746\n|j| nightwing32008\n|\n|t:|1700521904\n|start\n|switch|p1a: Froslass|Froslass, F|100\/100\n|switch|p1b: Arcanine|Arcanine-Hisui, F|100\/100\n|switch|p2a: Ariados|Ariados, M|100\/100\n|switch|p2b: Espathra|Espathra, M|100\/100\n|-ability|p1b: Arcanine|Intimidate|boost\n|-unboost|p2a: Ariados|atk|1\n|-unboost|p2b: Espathra|atk|1\n|turn|1\n|j| Yeet259\n|l| nightwing32008\n|\n|t:|1700521920\n|move|p1a: Froslass|Thunder Wave|p2b: Espathra\n|-status|p2b: Espathra|par\n|move|p1b: Arcanine|Rock Slide|p2b: Espathra|[spread] p2a,p2b\n|-supereffective|p2a: Ariados\n|-damage|p2a: Ariados|34\/100\n|-damage|p2b: Espathra|76\/100 par\n|cant|p2a: Ariados|flinch\n|cant|p2b: Espathra|flinch\n|\n|-heal|p2b: Espathra|82\/100 par|[from] item: Leftovers\n|-ability|p2b: Espathra|Speed Boost|boost\n|-boost|p2b: Espathra|spe|1\n|upkeep\n|turn|2\n|\n|t:|1700521941\n|move|p2b: Espathra|Protect|p2b: Espathra\n|-singleturn|p2b: Espathra|Protect\n|move|p1a: Froslass|Taunt|p2a: Ariados\n|-start|p2a: Ariados|move: Taunt\n|move|p1b: Arcanine|Rock Slide|p2a: Ariados|[spread] p2a\n|-activate|p2b: Espathra|move: Protect\n|-supereffective|p2a: Ariados\n|-damage|p2a: Ariados|0 fnt\n|faint|p2a: Ariados\n|\n|-heal|p2b: Espathra|88\/100 par|[from] item: Leftovers\n|-ability|p2b: Espathra|Speed Boost|boost\n|-boost|p2b: Espathra|spe|1\n|upkeep\n|j| Romsfun 2\n|inactive|jzurf has 120 seconds left.\n|\n|t:|1700521963\n|switch|p2a: Dudunsparce|Dudunsparce, M|100\/100\n|turn|3\n|l| Romsfun 2\n|\n|t:|1700521989\n|switch|p1b: Hippowdon|Hippowdon, F|100\/100\n|-weather|Sandstorm|[from] ability: Sand Stream|[of] p1b: Hippowdon\n|move|p1a: Froslass|Thunder Wave|p2a: Dudunsparce\n|-status|p2a: Dudunsparce|par\n|move|p2b: Espathra|Calm Mind|p2b: Espathra\n|-boost|p2b: Espathra|spa|1\n|-boost|p2b: Espathra|spd|1\n|move|p2a: Dudunsparce|Calm Mind|p2a: Dudunsparce\n|-boost|p2a: Dudunsparce|spa|1\n|-boost|p2a: Dudunsparce|spd|1\n|\n|-weather|Sandstorm|[upkeep]\n|-damage|p1a: Froslass|94\/100|[from] Sandstorm\n|-damage|p2b: Espathra|82\/100 par|[from] Sandstorm\n|-damage|p2a: Dudunsparce|94\/100 par|[from] Sandstorm\n|-heal|p2b: Espathra|88\/100 par|[from] item: Leftovers\n|-heal|p2a: Dudunsparce|100\/100 par|[from] item: Leftovers\n|-ability|p2b: Espathra|Speed Boost|boost\n|-boost|p2b: Espathra|spe|1\n|upkeep\n|turn|4\n|\n|t:|1700522013\n|move|p2b: Espathra|Protect|p2b: Espathra\n|-singleturn|p2b: Espathra|Protect\n|move|p1a: Froslass|Taunt|p2b: Espathra\n|-activate|p2b: Espathra|move: Protect\n|move|p1b: Hippowdon|Stomping Tantrum|p2b: Espathra\n|-activate|p2b: Espathra|move: Protect\n|cant|p2a: Dudunsparce|par\n|\n|-weather|Sandstorm|[upkeep]\n|-damage|p1a: Froslass|88\/100|[from] Sandstorm\n|-damage|p2b: Espathra|82\/100 par|[from] Sandstorm\n|-damage|p2a: Dudunsparce|94\/100 par|[from] Sandstorm\n|-heal|p2b: Espathra|88\/100 par|[from] item: Leftovers\n|-heal|p2a: Dudunsparce|100\/100 par|[from] item: Leftovers\n|-ability|p2b: Espathra|Speed Boost|boost\n|-boost|p2b: Espathra|spe|1\n|upkeep\n|turn|5\n|j|^HEAVY-DUTY B0OTY\n|\n|t:|1700522039\n|cant|p2a: Dudunsparce|par\n|move|p2b: Espathra|Dazzling Gleam|p1b: Hippowdon|[spread] p1a,p1b\n|-damage|p1a: Froslass|58\/100\n|-damage|p1b: Hippowdon|86\/100\n|-start|p2b: Espathra|Disable|Dazzling Gleam|[from] ability: Cursed Body|[of] p1a: Froslass\n|move|p1a: Froslass|Spikes|p2a: Dudunsparce\n|-sidestart|p2: jzurf|Spikes\n|move|p1b: Hippowdon|Stomping Tantrum|p2b: Espathra\n|-damage|p2b: Espathra|64\/100 par\n|\n|-weather|Sandstorm|[upkeep]\n|-damage|p2b: Espathra|58\/100 par|[from] Sandstorm\n|-damage|p1a: Froslass|52\/100|[from] Sandstorm\n|-damage|p2a: Dudunsparce|94\/100 par|[from] Sandstorm\n|-heal|p2b: Espathra|64\/100 par|[from] item: Leftovers\n|-heal|p1b: Hippowdon|93\/100|[from] item: Leftovers\n|-heal|p2a: Dudunsparce|100\/100 par|[from] item: Leftovers\n|-ability|p2b: Espathra|Speed Boost|boost\n|-boost|p2b: Espathra|spe|1\n|upkeep\n|turn|6\n|inactive|jzurf has 120 seconds left.\n|\n|t:|1700522078\n|switch|p1b: Pyroar|Pyroar, M|100\/100\n|-ability|p1b: Pyroar|Unnerve\n|move|p2b: Espathra|Calm Mind|p2b: Espathra\n|-boost|p2b: Espathra|spa|1\n|-boost|p2b: Espathra|spd|1\n|move|p1a: Froslass|Spikes|p2a: Dudunsparce\n|-sidestart|p2: jzurf|Spikes\n|move|p2a: Dudunsparce|Roost||[still]\n|-fail|p2a: Dudunsparce|heal\n|\n|-weather|Sandstorm|[upkeep]\n|-damage|p2b: Espathra|58\/100 par|[from] Sandstorm\n|-damage|p1a: Froslass|46\/100|[from] Sandstorm\n|-damage|p1b: Pyroar|94\/100|[from] Sandstorm\n|-damage|p2a: Dudunsparce|94\/100 par|[from] Sandstorm\n|-heal|p2b: Espathra|64\/100 par|[from] item: Leftovers\n|-heal|p2a: Dudunsparce|100\/100 par|[from] item: Leftovers\n|-ability|p2b: Espathra|Speed Boost|boost\n|-boost|p2b: Espathra|spe|1\n|upkeep\n|turn|7\n|inactive|jzurf has 120 seconds left.\n|\n|t:|1700522104\n|cant|p2b: Espathra|par\n|move|p1a: Froslass|Taunt|p2b: Espathra\n|-start|p2b: Espathra|move: Taunt\n|move|p1b: Pyroar|Mud-Slap|p2b: Espathra\n|-damage|p2b: Espathra|59\/100 par\n|-unboost|p2b: Espathra|accuracy|1\n|cant|p2a: Dudunsparce|par\n|\n|-weather|none\n|-heal|p2b: Espathra|65\/100 par|[from] item: Leftovers\n|upkeep\n|turn|8\n|\n|t:|1700522124\n|cant|p2b: Espathra|par\n|move|p1a: Froslass|Spikes|p2a: Dudunsparce\n|-sidestart|p2: jzurf|Spikes\n|move|p1b: Pyroar|Hyper Voice|p2b: Espathra|[spread] p2a,p2b\n|-damage|p2a: Dudunsparce|82\/100 par\n|-damage|p2b: Espathra|46\/100 par\n|move|p2a: Dudunsparce|Boomburst|p1b: Pyroar|[spread] p2b,p1b\n|-immune|p1a: Froslass\n|-damage|p2b: Espathra|16\/100 par\n|-damage|p1b: Pyroar|45\/100\n|\n|-heal|p2b: Espathra|23\/100 par|[from] item: Leftovers\n|-heal|p2a: Dudunsparce|89\/100 par|[from] item: Leftovers\n|-end|p2b: Espathra|Disable\n|upkeep\n|turn|9\n|\n|t:|1700522148\n|cant|p2b: Espathra|par\n|move|p1a: Froslass|Destiny Bond|p1a: Froslass\n|-singlemove|p1a: Froslass|Destiny Bond\n|move|p1b: Pyroar|Mud-Slap|p2a: Dudunsparce\n|-damage|p2a: Dudunsparce|84\/100 par\n|-unboost|p2a: Dudunsparce|accuracy|1\n|cant|p2a: Dudunsparce|par\n|\n|-heal|p2b: Espathra|29\/100 par|[from] item: Leftovers\n|-heal|p2a: Dudunsparce|91\/100 par|[from] item: Leftovers\n|upkeep\n|turn|10\n|c|^HEAVY-DUTY B0OTY|jeez\n|\n|t:|1700522170\n|move|p2b: Espathra|Dazzling Gleam|p1a: Froslass|[spread] p1a,p1b\n|-resisted|p1b: Pyroar\n|-damage|p1a: Froslass|8\/100\n|-damage|p1b: Pyroar|31\/100\n|move|p1a: Froslass|Taunt||[still]\n|-fail|p1a: Froslass\n|move|p1b: Pyroar|Hyper Voice|p2a: Dudunsparce|[spread] p2a,p2b\n|-damage|p2a: Dudunsparce|70\/100 par\n|-damage|p2b: Espathra|9\/100 par\n|move|p2a: Dudunsparce|Calm Mind|p2a: Dudunsparce\n|-boost|p2a: Dudunsparce|spa|1\n|-boost|p2a: Dudunsparce|spd|1\n|\n|-heal|p2b: Espathra|15\/100 par|[from] item: Leftovers\n|-heal|p2a: Dudunsparce|76\/100 par|[from] item: Leftovers\n|-end|p2b: Espathra|move: Taunt\n|upkeep\n|turn|11\n|\n|t:|1700522189\n|move|p2b: Espathra|Baton Pass|p2b: Espathra\n|\n|t:|1700522193\n|switch|p2b: Toxtricity|Toxtricity, M|100\/100|[from] Baton Pass\n|-damage|p2b: Toxtricity|76\/100|[from] Spikes\n|move|p1a: Froslass|Destiny Bond|p1a: Froslass\n|-singlemove|p1a: Froslass|Destiny Bond\n|move|p1b: Pyroar|Hyper Voice|p2b: Toxtricity|[spread] p2a,p2b\n|-damage|p2a: Dudunsparce|61\/100 par\n|-damage|p2b: Toxtricity|64\/100\n|move|p2a: Dudunsparce|Roost|p2a: Dudunsparce\n|-heal|p2a: Dudunsparce|100\/100 par\n|-singleturn|p2a: Dudunsparce|move: Roost\n|\n|upkeep\n|turn|12\n|j| yhgtf\n|\n|t:|1700522213\n|-terastallize|p2b: Toxtricity|Normal\n|move|p2b: Toxtricity|Boomburst|p1b: Pyroar|[spread] p2a,p1b\n|-immune|p1a: Froslass\n|-damage|p2a: Dudunsparce|0 fnt\n|-damage|p1b: Pyroar|0 fnt\n|faint|p2a: Dudunsparce\n|faint|p1b: Pyroar\n|move|p1a: Froslass|Taunt|p2b: Toxtricity\n|-start|p2b: Toxtricity|move: Taunt\n|\n|upkeep\n|\n|t:|1700522232\n|switch|p1b: Hippowdon|Hippowdon, F|93\/100\n|switch|p2a: Salazzle|Salazzle, F|100\/100\n|-damage|p2a: Salazzle|76\/100|[from] Spikes\n|-weather|Sandstorm|[from] ability: Sand Stream|[of] p1b: Hippowdon\n|turn|13\n|\n|t:|1700522244\n|move|p2a: Salazzle|Protect|p2a: Salazzle\n|-singleturn|p2a: Salazzle|Protect\n|move|p2b: Toxtricity|Boomburst|p1a: Froslass|[spread] p1b\n|-activate|p2a: Salazzle|move: Protect\n|-immune|p1a: Froslass\n|-damage|p1b: Hippowdon|0 fnt\n|faint|p1b: Hippowdon\n|move|p1a: Froslass|Destiny Bond|p1a: Froslass\n|-singlemove|p1a: Froslass|Destiny Bond\n|\n|-weather|Sandstorm|[upkeep]\n|-damage|p2b: Toxtricity|58\/100|[from] Sandstorm\n|-damage|p2a: Salazzle|69\/100|[from] Sandstorm\n|-damage|p1a: Froslass|2\/100|[from] Sandstorm\n|-heal|p2a: Salazzle|76\/100|[from] item: Leftovers\n|upkeep\n|\n|t:|1700522249\n|switch|p1b: Gothitelle|Gothitelle, M|100\/100\n|turn|14\n|\n|t:|1700522271\n|switch|p2a: Dragapult|Dragapult, M|100\/100\n|-damage|p2a: Dragapult|76\/100|[from] Spikes\n|move|p1b: Gothitelle|Fake Out|p2a: Dragapult\n|-immune|p2a: Dragapult\n|move|p2b: Toxtricity|Boomburst|p1a: Froslass|[spread] p1b\n|-immune|p2a: Dragapult\n|-immune|p1a: Froslass\n|-damage|p1b: Gothitelle|0 fnt\n|faint|p1b: Gothitelle\n|move|p1a: Froslass|Thunder Wave|p2b: Toxtricity\n|-status|p2b: Toxtricity|par\n|\n|-weather|Sandstorm|[upkeep]\n|-damage|p2b: Toxtricity|51\/100 par|[from] Sandstorm\n|-damage|p2a: Dragapult|70\/100|[from] Sandstorm\n|-damage|p1a: Froslass|0 fnt|[from] Sandstorm\n|faint|p1a: Froslass\n|upkeep\n|j| JamesK5885\n|\n|t:|1700522276\n|switch|p1a: Arcanine|Arcanine-Hisui, F|100\/100\n|switch|p1b: Ursaluna|Ursaluna-Bloodmoon, M|100\/100\n|-ability|p1a: Arcanine|Intimidate|boost\n|-fail|p2a: Dragapult|unboost|[from] ability: Clear Body|[of] p2a: Dragapult\n|-unboost|p2b: Toxtricity|atk|1\n|turn|15\n|inactive|Dark Void Traveler has 120 seconds left.\n|l| yhgtf\n|inactive|Dark Void Traveler has 90 seconds left.\n|inactive|Dark Void Traveler has 60 seconds left.\n|inactive|Dark Void Traveler has 30 seconds left.\n|l|\u2606Dark Void Traveler\n|inactive|Dark Void Traveler disconnected and has a minute to reconnect!\n|player|p1|\n|inactive|Dark Void Traveler has 20 seconds left.\n|j|\u2606Dark Void Traveler\n|inactive|Dark Void Traveler reconnected and has 20 seconds left.\n|player|p1|Dark Void Traveler|pilot\n|inactive|Dark Void Traveler has 15 seconds left.\n|\n|t:|1700522418\n|-terastallize|p1a: Arcanine|Fairy\n|move|p2b: Toxtricity|Boomburst|p1a: Arcanine|[spread] \n|-immune|p2a: Dragapult\n|-miss|p2b: Toxtricity|p1a: Arcanine\n|-miss|p2b: Toxtricity|p1b: Ursaluna\n|move|p2a: Dragapult|Phantom Force||[still]\n|-prepare|p2a: Dragapult|Phantom Force\n|move|p1a: Arcanine|Tera Blast|p2a: Dragapult|[anim] Tera Blast Fairy|[miss]\n|-miss|p1a: Arcanine|p2a: Dragapult\n|move|p1b: Ursaluna|Blood Moon|p2b: Toxtricity\n|-damage|p2b: Toxtricity|0 fnt\n|faint|p2b: Toxtricity\n|-damage|p1b: Ursaluna|90\/100|[from] item: Life Orb\n|\n|-weather|Sandstorm|[upkeep]\n|-damage|p2a: Dragapult|64\/100|[from] Sandstorm\n|-damage|p1a: Arcanine|94\/100|[from] Sandstorm\n|upkeep\n|inactive|Dark Void Traveler has 20 seconds left this turn.\n|inactive|jzurf has 120 seconds left.\n|\n|t:|1700522438\n|switch|p2b: Salazzle|Salazzle, F|76\/100\n|-damage|p2b: Salazzle|51\/100|[from] Spikes\n|turn|16\n|\n|t:|1700522446\n|move|p2b: Salazzle|Protect|p2b: Salazzle\n|-singleturn|p2b: Salazzle|Protect\n|move|p2a: Dragapult|Phantom Force|p1a: Arcanine|[from]lockedmove\n|-damage|p1a: Arcanine|33\/100\n|move|p1a: Arcanine|Rock Slide|p2a: Dragapult|[spread] p2a\n|-activate|p2b: Salazzle|move: Protect\n|-damage|p2a: Dragapult|28\/100\n|move|p1b: Ursaluna|Hyper Voice|p2a: Dragapult|[spread] p2a\n|-activate|p2b: Salazzle|move: Protect\n|-damage|p2a: Dragapult|0 fnt\n|faint|p2a: Dragapult\n|-damage|p1b: Ursaluna|80\/100|[from] item: Life Orb\n|\n|-weather|Sandstorm|[upkeep]\n|-damage|p2b: Salazzle|45\/100|[from] Sandstorm\n|-damage|p1a: Arcanine|26\/100|[from] Sandstorm\n|-heal|p2b: Salazzle|51\/100|[from] item: Leftovers\n|upkeep\n|\n|t:|1700522465\n|switch|p2a: Espathra|Espathra, M|15\/100 par\n|-damage|p2a: Espathra|0 fnt|[from] Spikes\n|faint|p2a: Espathra\n|turn|17\n|inactive|Dark Void Traveler has 60 seconds left.\n|\n|t:|1700522476\n|move|p1a: Arcanine|Extreme Speed|p2b: Salazzle\n|-damage|p2b: Salazzle|2\/100\n|move|p2b: Salazzle|Flamethrower|p1a: Arcanine\n|-damage|p1a: Arcanine|0 fnt\n|faint|p1a: Arcanine\n|move|p1b: Ursaluna|Blood Moon|p2b: Salazzle\n|-damage|p2b: Salazzle|0 fnt\n|faint|p2b: Salazzle\n|-damage|p1b: Ursaluna|70\/100|[from] item: Life Orb\n|\n|win|Dark Void Traveler\n|n|\u2606jzurf|jzurf\n|n|*Lady Monita \u2746|ladymonita\n|n| Yeet259|yeet259\n|n| HEAVY-DUTY B0OTY|heavydutyb0oty\n|n| JamesK5885|jamesk5885\n|n|\u2606Dark Void Traveler|darkvoidtraveler\n","uploadtime":1700522477,"views":2,"p1id":"darkvoidtraveler","p2id":"jzurf","formatid":"gen9doublesou","rating":0,"private":0,"password":""}