{"id":"gen9doublesou-1986426303","p1":"mikeyuwu","p2":"WilmaFingerdo","format":"[Gen 9] Doubles OU","log":"|j|\u2606mikeyuwu\n|j|\u2606WilmaFingerdo\n|t:|1699478101\n|gametype|doubles\n|player|p1|mikeyuwu|psychic-gen4|1306\n|player|p2|WilmaFingerdo|guitarist|1214\n|teamsize|p1|6\n|teamsize|p2|6\n|gen|9\n|tier|[Gen 9] Doubles OU\n|rated|\n|rule|Species Clause: Limit one of each Pok\u00e9mon\n|rule|OHKO Clause: OHKO moves are banned\n|rule|Evasion Moves Clause: Evasion moves are banned\n|rule|Gravity Sleep Clause: The combination of sleep-inducing moves with imperfect accuracy and Gravity or Gigantamax Orbeetle are banned\n|rule|Endless Battle Clause: Forcing endless battles is banned\n|rule|HP Percentage Mod: HP is shown in percentages\n|clearpoke\n|poke|p1|Garchomp, M|\n|poke|p1|Tyranitar, F|\n|poke|p1|Vaporeon, F|\n|poke|p1|Toxicroak, M|\n|poke|p1|Pelipper, F|\n|poke|p1|Abomasnow, M|\n|poke|p2|Goodra-Hisui, F|\n|poke|p2|Meowscarada, M|\n|poke|p2|Flamigo, F|\n|poke|p2|Yanmega, M|\n|poke|p2|Empoleon, F|\n|poke|p2|Clefable, F|\n|teampreview\n|inactive|Battle timer is ON: inactive players will automatically lose when time's up. (requested by WilmaFingerdo)\n|\n|t:|1699478117\n|start\n|switch|p1a: OTLHPM|Toxicroak, M|100\/100\n|switch|p1b: Cold Shoulder|Abomasnow, M, shiny|100\/100\n|switch|p2a: Goodra|Goodra-Hisui, F|100\/100\n|switch|p2b: Meowscarada|Meowscarada, M|100\/100\n|-weather|Snow|[from] ability: Snow Warning|[of] p1b: Cold Shoulder\n|turn|1\n|\n|t:|1699478125\n|move|p2b: Meowscarada|Petal Blizzard|p1a: OTLHPM|[spread] p1a,p1b\n|-start|p2b: Meowscarada|typechange|Grass|[from] ability: Protean\n|-ability|p2a: Goodra|Sap Sipper|boost\n|-boost|p2a: Goodra|atk|1\n|-resisted|p1a: OTLHPM\n|-resisted|p1b: Cold Shoulder\n|-crit|p1b: Cold Shoulder\n|-damage|p1a: OTLHPM|79\/100\n|-damage|p1b: Cold Shoulder|88\/100\n|move|p1a: OTLHPM|Drain Punch|p2a: Goodra\n|-supereffective|p2a: Goodra\n|-damage|p2a: Goodra|31\/100\n|-heal|p1a: OTLHPM|100\/100|[from] drain|[of] p2a: Goodra\n|move|p1b: Cold Shoulder|Blizzard|p2b: Meowscarada|[spread] p2a,p2b\n|-supereffective|p2b: Meowscarada\n|-damage|p2a: Goodra|11\/100\n|-damage|p2b: Meowscarada|12\/100\n|-status|p2b: Meowscarada|frz\n|move|p2a: Goodra|Shelter|p2a: Goodra\n|-boost|p2a: Goodra|def|2\n|\n|-weather|Snow|[upkeep]\n|-heal|p2a: Goodra|17\/100|[from] item: Leftovers\n|upkeep\n|turn|2\n|\n|t:|1699478144\n|cant|p2b: Meowscarada|frz\n|move|p1a: OTLHPM|Drain Punch|p2a: Goodra\n|-supereffective|p2a: Goodra\n|-crit|p2a: Goodra\n|-damage|p2a: Goodra|0 fnt\n|faint|p2a: Goodra\n|move|p1b: Cold Shoulder|Blizzard|p2b: Meowscarada\n|-supereffective|p2b: Meowscarada\n|-damage|p2b: Meowscarada|0 fnt\n|faint|p2b: Meowscarada\n|\n|-weather|Snow|[upkeep]\n|upkeep\n|\n|t:|1699478151\n|switch|p2b: Empoleon|Empoleon, F|100\/100\n|switch|p2a: Yanmega|Yanmega, M|100\/100\n|turn|3\n|\n|t:|1699478162\n|switch|p1b: Extra Spicy|Garchomp, M|100\/100\n|move|p2a: Yanmega|Protect|p2a: Yanmega\n|-singleturn|p2a: Yanmega|Protect\n|move|p1a: OTLHPM|Drain Punch|p2b: Empoleon\n|-supereffective|p2b: Empoleon\n|-damage|p2b: Empoleon|31\/100\n|move|p2b: Empoleon|Ice Beam|p1a: OTLHPM\n|-damage|p1a: OTLHPM|62\/100\n|-damage|p2b: Empoleon|21\/100|[from] item: Life Orb\n|\n|-weather|Snow|[upkeep]\n|-heal|p1a: OTLHPM|68\/100|[from] item: Black Sludge\n|-ability|p2a: Yanmega|Speed Boost|boost\n|-boost|p2a: Yanmega|spe|1\n|upkeep\n|turn|4\n|\n|t:|1699478178\n|switch|p1a: Weather War|Pelipper, F|100\/100\n|-weather|RainDance|[from] ability: Drizzle|[of] p1a: Weather War\n|move|p2a: Yanmega|Swords Dance|p2a: Yanmega\n|-boost|p2a: Yanmega|atk|2\n|move|p1b: Extra Spicy|Earthquake|p2b: Empoleon|[spread] p2b\n|-immune|p1a: Weather War\n|-immune|p2a: Yanmega\n|-supereffective|p2b: Empoleon\n|-damage|p2b: Empoleon|0 fnt\n|faint|p2b: Empoleon\n|\n|-weather|RainDance|[upkeep]\n|-ability|p2a: Yanmega|Speed Boost|boost\n|-boost|p2a: Yanmega|spe|1\n|upkeep\n|\n|t:|1699478198\n|switch|p2b: Clefable|Clefable, F|100\/100\n|turn|5\n|\n|t:|1699478209\n|switch|p1b: Cold Shoulder|Abomasnow, M, shiny|88\/100\n|-weather|Snow|[from] ability: Snow Warning|[of] p1b: Cold Shoulder\n|move|p2a: Yanmega|Protect|p2a: Yanmega\n|-singleturn|p2a: Yanmega|Protect\n|move|p1a: Weather War|Blizzard|p2a: Yanmega|[spread] p2b\n|-activate|p2a: Yanmega|move: Protect\n|-damage|p2b: Clefable|83\/100\n|move|p2b: Clefable|Cosmic Power|p2b: Clefable\n|-boost|p2b: Clefable|def|1\n|-boost|p2b: Clefable|spd|1\n|\n|-weather|Snow|[upkeep]\n|-heal|p2b: Clefable|89\/100|[from] item: Leftovers\n|-ability|p2a: Yanmega|Speed Boost|boost\n|-boost|p2a: Yanmega|spe|1\n|upkeep\n|turn|6\n|\n|t:|1699478227\n|move|p2a: Yanmega|Leech Life|p1b: Cold Shoulder\n|-supereffective|p1b: Cold Shoulder\n|-damage|p1b: Cold Shoulder|17\/100\n|move|p1a: Weather War|Blizzard|p2b: Clefable|[spread] p2a,p2b\n|-supereffective|p2a: Yanmega\n|-damage|p2a: Yanmega|42\/100\n|-damage|p2b: Clefable|77\/100\n|move|p1b: Cold Shoulder|Blizzard|p2b: Clefable|[spread] p2a,p2b\n|-supereffective|p2a: Yanmega\n|-damage|p2a: Yanmega|0 fnt\n|-damage|p2b: Clefable|58\/100\n|faint|p2a: Yanmega\n|move|p2b: Clefable|Calm Mind|p2b: Clefable\n|-boost|p2b: Clefable|spa|1\n|-boost|p2b: Clefable|spd|1\n|\n|-weather|Snow|[upkeep]\n|-heal|p2b: Clefable|64\/100|[from] item: Leftovers\n|upkeep\n|\n|t:|1699478234\n|switch|p2a: Flamigo|Flamigo, F|100\/100\n|-copyboost|p2a: Flamigo|p2b: Clefable|[from] ability: Costar\n|turn|7\n|\n|t:|1699478246\n|switch|p1b: Extra Spicy|Garchomp, M|100\/100\n|move|p2a: Flamigo|Sky Attack||[still]\n|-prepare|p2a: Flamigo|Sky Attack\n|-enditem|p2a: Flamigo|Power Herb\n|-anim|p2a: Flamigo|Sky Attack|p1a: Weather War\n|-damage|p1a: Weather War|53\/100\n|cant|p1a: Weather War|flinch\n|move|p2b: Clefable|Cosmic Power|p2b: Clefable\n|-boost|p2b: Clefable|def|1\n|-boost|p2b: Clefable|spd|1\n|\n|-weather|Snow|[upkeep]\n|-heal|p2b: Clefable|70\/100|[from] item: Leftovers\n|upkeep\n|turn|8\n|\n|t:|1699478263\n|move|p2a: Flamigo|Lunge|p1a: Weather War\n|-resisted|p1a: Weather War\n|-damage|p1a: Weather War|43\/100\n|-unboost|p1a: Weather War|atk|1\n|move|p1b: Extra Spicy|Poison Jab|p2b: Clefable\n|-supereffective|p2b: Clefable\n|-damage|p2b: Clefable|43\/100\n|move|p1a: Weather War|Blizzard|p2a: Flamigo|[spread] p2a,p2b\n|-supereffective|p2a: Flamigo\n|-damage|p2a: Flamigo|70\/100\n|-damage|p2b: Clefable|37\/100\n|-status|p2b: Clefable|frz\n|cant|p2b: Clefable|frz\n|\n|-weather|Snow|[upkeep]\n|-heal|p2b: Clefable|43\/100 frz|[from] item: Leftovers\n|upkeep\n|turn|9\n|\n|t:|1699478285\n|move|p2a: Flamigo|Lunge|p1b: Extra Spicy\n|-damage|p1b: Extra Spicy|84\/100\n|-unboost|p1b: Extra Spicy|atk|1\n|-damage|p2a: Flamigo|58\/100|[from] ability: Rough Skin|[of] p1b: Extra Spicy\n|-damage|p2a: Flamigo|41\/100|[from] item: Rocky Helmet|[of] p1b: Extra Spicy\n|move|p1b: Extra Spicy|Poison Jab|p2b: Clefable\n|-supereffective|p2b: Clefable\n|-damage|p2b: Clefable|26\/100 frz\n|move|p1a: Weather War|Chilling Water|p2a: Flamigo\n|-damage|p2a: Flamigo|28\/100\n|-unboost|p2a: Flamigo|atk|1\n|cant|p2b: Clefable|frz\n|\n|-weather|none\n|-heal|p2b: Clefable|32\/100 frz|[from] item: Leftovers\n|upkeep\n|turn|10\n|\n|t:|1699478300\n|switch|p1a: Harmacy|Vaporeon, F|100\/100\n|move|p2a: Flamigo|Lunge|p1b: Extra Spicy\n|-crit|p1b: Extra Spicy\n|-damage|p1b: Extra Spicy|60\/100\n|-unboost|p1b: Extra Spicy|atk|1\n|-damage|p2a: Flamigo|16\/100|[from] ability: Rough Skin|[of] p1b: Extra Spicy\n|-damage|p2a: Flamigo|0 fnt|[from] item: Rocky Helmet|[of] p1b: Extra Spicy\n|faint|p2a: Flamigo\n|move|p1b: Extra Spicy|Poison Jab|p2b: Clefable\n|-supereffective|p2b: Clefable\n|-damage|p2b: Clefable|20\/100 frz\n|cant|p2b: Clefable|frz\n|\n|-heal|p2b: Clefable|26\/100 frz|[from] item: Leftovers\n|upkeep\n|turn|11\n|\n|t:|1699478324\n|switch|p1b: ThcrThnSnkr|Tyranitar, F|100\/100\n|-weather|Sandstorm|[from] ability: Sand Stream|[of] p1b: ThcrThnSnkr\n|move|p1a: Harmacy|Weather Ball|p2b: Clefable\n|-damage|p2b: Clefable|18\/100 frz\n|-curestatus|p2b: Clefable|frz|[msg]\n|move|p2b: Clefable|Moonlight|p2b: Clefable\n|-heal|p2b: Clefable|42\/100\n|\n|-weather|Sandstorm|[upkeep]\n|-damage|p1a: Harmacy|94\/100|[from] Sandstorm\n|-heal|p1a: Harmacy|100\/100|[from] item: Leftovers\n|-heal|p2b: Clefable|48\/100|[from] item: Leftovers\n|upkeep\n|turn|12\n|\n|t:|1699478338\n|move|p1b: ThcrThnSnkr|Heavy Slam|p2b: Clefable\n|-supereffective|p2b: Clefable\n|-damage|p2b: Clefable|8\/100\n|move|p1a: Harmacy|Copycat|p1a: Harmacy\n|move|p1a: Harmacy|Heavy Slam|p2b: Clefable|[from]move: Copycat\n|-supereffective|p2b: Clefable\n|-damage|p2b: Clefable|1\/100\n|move|p2b: Clefable|Moonlight|p2b: Clefable\n|-heal|p2b: Clefable|26\/100\n|\n|-weather|Sandstorm|[upkeep]\n|-damage|p1a: Harmacy|94\/100|[from] Sandstorm\n|-heal|p1a: Harmacy|100\/100|[from] item: Leftovers\n|-heal|p2b: Clefable|32\/100|[from] item: Leftovers\n|upkeep\n|turn|13\n|\n|t:|1699478349\n|move|p1b: ThcrThnSnkr|Heavy Slam|p2b: Clefable\n|-supereffective|p2b: Clefable\n|-damage|p2b: Clefable|0 fnt\n|faint|p2b: Clefable\n|\n|win|mikeyuwu\n|raw|mikeyuwu's rating: 1306 &rarr; <strong>1321<\/strong><br \/>(+15 for winning)\n|raw|WilmaFingerdo's rating: 1214 &rarr; <strong>1195<\/strong><br \/>(-19 for losing)\n","uploadtime":1699478362,"views":31,"p1id":"mikeyuwu","p2id":"wilmafingerdo","formatid":"gen9doublesou","rating":1195,"private":0,"password":""}