{"id":"gen9doublesou-1989303671","p1":"carambolo","p2":"brbrubr","format":"[Gen 9] Doubles OU","log":"|j|\u2606carambolo\n|j|\u2606brbrubr\n|t:|1699834043\n|gametype|doubles\n|player|p1|carambolo|1|1504\n|player|p2|brbrubr|170|1738\n|teamsize|p1|6\n|teamsize|p2|6\n|gen|9\n|tier|[Gen 9] Doubles OU\n|rated|\n|rule|Species Clause: Limit one of each Pok\u00e9mon\n|rule|OHKO Clause: OHKO moves are banned\n|rule|Evasion Moves Clause: Evasion moves are banned\n|rule|Gravity Sleep Clause: The combination of sleep-inducing moves with imperfect accuracy and Gravity or Gigantamax Orbeetle are banned\n|rule|Endless Battle Clause: Forcing endless battles is banned\n|rule|HP Percentage Mod: HP is shown in percentages\n|clearpoke\n|poke|p1|Spiritomb, M|\n|poke|p1|Gastrodon, M|\n|poke|p1|Kingambit, M|\n|poke|p1|Hatterene, F|\n|poke|p1|Armarouge, F|\n|poke|p1|Kommo-o, M|\n|poke|p2|Armarouge, F|\n|poke|p2|Ursaluna-Bloodmoon, M|\n|poke|p2|Chi-Yu|\n|poke|p2|Torkoal, F|\n|poke|p2|Brute Bonnet|\n|poke|p2|Indeedee-F, F|\n|teampreview\n|inactive|Battle timer is ON: inactive players will automatically lose when time's up. (requested by brbrubr)\n|\n|t:|1699834054\n|start\n|switch|p1a: Kommo-o|Kommo-o, M|100\/100\n|switch|p1b: Gre\u00f1as|Hatterene, F|100\/100\n|switch|p2a: Indeedee|Indeedee-F, F|100\/100\n|switch|p2b: Armarouge|Armarouge, F, shiny|100\/100\n|-fieldstart|move: Psychic Terrain|[from] ability: Psychic Surge|[of] p2a: Indeedee\n|turn|1\n|inactive|carambolo has 120 seconds left.\n|\n|t:|1699834085\n|switch|p1a: Braza|Armarouge, F|100\/100\n|move|p2a: Indeedee|Dazzling Gleam|p1a: Braza|[spread] p1a,p1b\n|-resisted|p1a: Braza\n|-damage|p1a: Braza|93\/100\n|-damage|p1b: Gre\u00f1as|86\/100\n|move|p2b: Armarouge|Expanding Force|p1b: Gre\u00f1as|[spread] p1a,p1b\n|-resisted|p1a: Braza\n|-resisted|p1b: Gre\u00f1as\n|-damage|p1a: Braza|56\/100\n|-damage|p1b: Gre\u00f1as|53\/100\n|move|p1b: Gre\u00f1as|Dazzling Gleam|p2a: Indeedee|[spread] p2a,p2b\n|-resisted|p2b: Armarouge\n|-crit|p2b: Armarouge\n|-damage|p2a: Indeedee|79\/100\n|-damage|p2b: Armarouge|75\/100\n|\n|upkeep\n|turn|2\n|\n|t:|1699834107\n|move|p2a: Indeedee|Helping Hand|p2b: Armarouge\n|-singleturn|p2b: Armarouge|Helping Hand|[of] p2a: Indeedee\n|move|p1a: Braza|Aura Sphere|p2a: Indeedee\n|-damage|p2a: Indeedee|57\/100\n|move|p2b: Armarouge|Expanding Force|p1a: Braza|[spread] p1a,p1b\n|-resisted|p1a: Braza\n|-resisted|p1b: Gre\u00f1as\n|-damage|p1a: Braza|6\/100\n|-damage|p1b: Gre\u00f1as|4\/100\n|move|p1b: Gre\u00f1as|Life Dew|p1b: Gre\u00f1as|[spread] p1a,p1b\n|-heal|p1a: Braza|31\/100\n|-heal|p1b: Gre\u00f1as|29\/100\n|\n|upkeep\n|turn|3\n|inactive|carambolo has 120 seconds left.\n|\n|t:|1699834140\n|switch|p1a: Bigotes|Kingambit, M|100\/100\n|switch|p1b: Spektro|Spiritomb, M|100\/100\n|-ability|p1b: Spektro|Pressure\n|move|p2b: Armarouge|Expanding Force|p1b: Spektro|[spread] \n|-immune|p1a: Bigotes\n|-immune|p1b: Spektro\n|move|p2a: Indeedee|Trick Room|p2a: Indeedee\n|-fieldstart|move: Trick Room|[of] p2a: Indeedee\n|\n|upkeep\n|turn|4\n|\n|t:|1699834165\n|switch|p2a: Torkoal|Torkoal, F|100\/100\n|-weather|SunnyDay|[from] ability: Drought|[of] p2a: Torkoal\n|move|p1b: Spektro|Snarl|p2b: Armarouge|[spread] p2a,p2b\n|-supereffective|p2b: Armarouge\n|-damage|p2a: Torkoal|80\/100\n|-damage|p2b: Armarouge|43\/100\n|-unboost|p2a: Torkoal|spa|1\n|-unboost|p2b: Armarouge|spa|1\n|move|p1a: Bigotes|Kowtow Cleave|p2b: Armarouge\n|-supereffective|p2b: Armarouge\n|-damage|p2b: Armarouge|0 fnt\n|faint|p2b: Armarouge\n|\n|-weather|SunnyDay|[upkeep]\n|upkeep\n|\n|t:|1699834176\n|switch|p2b: Chi-Yu|Chi-Yu|100\/100\n|-ability|p2b: Chi-Yu|Beads of Ruin\n|turn|5\n|\n|t:|1699834191\n|switch|p1a: Braza|Armarouge, F|31\/100\n|move|p2a: Torkoal|Eruption|p1b: Spektro|[spread] p1b\n|-start|p1a: Braza|ability: Flash Fire\n|-damage|p1b: Spektro|31\/100\n|move|p1b: Spektro|Snarl|p2a: Torkoal|[spread] p2a,p2b\n|-resisted|p2b: Chi-Yu\n|-damage|p2a: Torkoal|56\/100\n|-damage|p2b: Chi-Yu|91\/100\n|-unboost|p2a: Torkoal|spa|1\n|-unboost|p2b: Chi-Yu|spa|1\n|move|p2b: Chi-Yu|Heat Wave|p1a: Braza|[spread] p1b\n|-immune|p1a: Braza|[from] ability: Flash Fire\n|-damage|p1b: Spektro|0 fnt\n|faint|p1b: Spektro\n|\n|-weather|SunnyDay|[upkeep]\n|-fieldend|move: Psychic Terrain\n|upkeep\n|inactive|carambolo has 120 seconds left.\n|\n|t:|1699834219\n|switch|p1b: Gre\u00f1as|Hatterene, F|29\/100\n|turn|6\n|\n|t:|1699834228\n|switch|p2a: Indeedee|Indeedee-F, F|57\/100\n|-fieldstart|move: Psychic Terrain|[from] ability: Psychic Surge|[of] p2a: Indeedee\n|move|p1b: Gre\u00f1as|Dazzling Gleam|p2a: Indeedee|[spread] p2a,p2b\n|-damage|p2a: Indeedee|27\/100\n|-damage|p2b: Chi-Yu|53\/100\n|move|p1a: Braza|Aura Sphere|p2b: Chi-Yu\n|-supereffective|p2b: Chi-Yu\n|-damage|p2b: Chi-Yu|0 fnt\n|faint|p2b: Chi-Yu\n|\n|-weather|SunnyDay|[upkeep]\n|upkeep\n|\n|t:|1699834240\n|switch|p2b: Torkoal|Torkoal, F|56\/100\n|turn|7\n|\n|t:|1699834260\n|switch|p1b: Kommo-o|Kommo-o, M|100\/100\n|move|p2a: Indeedee|Follow Me|p2a: Indeedee\n|-singleturn|p2a: Indeedee|move: Follow Me\n|move|p2b: Torkoal|Earth Power|p1a: Braza\n|-supereffective|p1a: Braza\n|-damage|p1a: Braza|0 fnt\n|faint|p1a: Braza\n|\n|-weather|SunnyDay|[upkeep]\n|-fieldend|move: Trick Room\n|upkeep\n|\n|t:|1699834276\n|switch|p1a: Trujo|Gastrodon, M|100\/100\n|turn|8\n|\n|t:|1699834290\n|switch|p2b: Ursaluna|Ursaluna-Bloodmoon, M|100\/100\n|move|p1b: Kommo-o|Drain Punch|p2a: Indeedee\n|-damage|p2a: Indeedee|0 fnt\n|faint|p2a: Indeedee\n|move|p1a: Trujo|Earth Power|p2b: Ursaluna\n|-damage|p2b: Ursaluna|58\/100\n|\n|-weather|none\n|-heal|p2b: Ursaluna|64\/100|[from] item: Leftovers\n|upkeep\n|\n|t:|1699834300\n|switch|p2a: Brute Bonnet|Brute Bonnet|100\/100\n|turn|9\n|\n|t:|1699834318\n|-terastallize|p1a: Trujo|Fire\n|-terastallize|p2b: Ursaluna|Fairy\n|move|p1b: Kommo-o|Drain Punch|p2b: Ursaluna\n|-resisted|p2b: Ursaluna\n|-damage|p2b: Ursaluna|51\/100\n|move|p1a: Trujo|Tera Blast|p2a: Brute Bonnet|[anim] Tera Blast Fire\n|-supereffective|p2a: Brute Bonnet\n|-damage|p2a: Brute Bonnet|38\/100\n|move|p2a: Brute Bonnet|Seed Bomb|p1a: Trujo\n|-resisted|p1a: Trujo\n|-damage|p1a: Trujo|71\/100\n|-damage|p2a: Brute Bonnet|28\/100|[from] item: Life Orb\n|move|p2b: Ursaluna|Moonblast|p1b: Kommo-o\n|-supereffective|p1b: Kommo-o\n|-damage|p1b: Kommo-o|0 fnt\n|faint|p1b: Kommo-o\n|\n|-heal|p2b: Ursaluna|57\/100|[from] item: Leftovers\n|upkeep\n|\n|t:|1699834331\n|switch|p1b: Gre\u00f1as|Hatterene, F|29\/100\n|turn|10\n|\n|t:|1699834346\n|-end|p2a: Brute Bonnet|Protosynthesis|[silent]\n|switch|p2a: Torkoal|Torkoal, F|56\/100\n|-weather|SunnyDay|[from] ability: Drought|[of] p2a: Torkoal\n|move|p1a: Trujo|Tera Blast|p2a: Torkoal|[anim] Tera Blast Fire\n|-resisted|p2a: Torkoal\n|-damage|p2a: Torkoal|18\/100\n|-heal|p1a: Trujo|75\/100|[from] item: Shell Bell|[of] p2a: Torkoal\n|move|p2b: Ursaluna|Earth Power|p1a: Trujo\n|-supereffective|p1a: Trujo\n|-damage|p1a: Trujo|0 fnt\n|faint|p1a: Trujo\n|move|p1b: Gre\u00f1as|Psychic|p2b: Ursaluna\n|-crit|p2b: Ursaluna\n|-damage|p2b: Ursaluna|0 fnt\n|faint|p2b: Ursaluna\n|\n|-weather|SunnyDay|[upkeep]\n|-fieldend|move: Psychic Terrain\n|upkeep\n|\n|t:|1699834360\n|switch|p1a: Bigotes|Kingambit, M|100\/100\n|switch|p2b: Brute Bonnet|Brute Bonnet|28\/100\n|-activate|p2b: Brute Bonnet|ability: Protosynthesis\n|-start|p2b: Brute Bonnet|protosynthesisatk\n|turn|11\n|\n|t:|1699834382\n|move|p1a: Bigotes|Sucker Punch|p2a: Torkoal\n|-damage|p2a: Torkoal|0 fnt\n|faint|p2a: Torkoal\n|move|p2b: Brute Bonnet|Sucker Punch|p1b: Gre\u00f1as\n|-damage|p1b: Gre\u00f1as|0 fnt\n|faint|p1b: Gre\u00f1as\n|-damage|p2b: Brute Bonnet|18\/100|[from] item: Life Orb\n|\n|-weather|SunnyDay|[upkeep]\n|upkeep\n|turn|12\n|\n|t:|1699834395\n|move|p1a: Bigotes|Brick Break|p2b: Brute Bonnet\n|-supereffective|p2b: Brute Bonnet\n|-damage|p2b: Brute Bonnet|0 fnt\n|faint|p2b: Brute Bonnet\n|-end|p2b: Brute Bonnet|Protosynthesis|[silent]\n|\n|win|carambolo\n|raw|carambolo's rating: 1504 &rarr; <strong>1536<\/strong><br \/>(+32 for winning)\n|raw|brbrubr's rating: 1738 &rarr; <strong>1706<\/strong><br \/>(-32 for losing)\n|l|\u2606brbrubr\n|c|\u2606carambolo|Chupas\n|l|\u2606carambolo\n|j|\u2606carambolo\n|player|p1|carambolo|1\n","uploadtime":1699834572,"views":8,"p1id":"carambolo","p2id":"brbrubr","formatid":"gen9doublesou","rating":1536,"private":0,"password":""}