{"id":"gen9doublesou-1986187858","p1":"angryfrog3","p2":"RocketsViability","format":"[Gen 9] Doubles OU","log":"|j|\u2606angryfrog3\n|j|\u2606RocketsViability\n|t:|1699458203\n|gametype|doubles\n|player|p1|angryfrog3|hiker-gen4|1180\n|player|p2|RocketsViability|169|1215\n|teamsize|p1|6\n|teamsize|p2|6\n|gen|9\n|tier|[Gen 9] Doubles OU\n|rated|\n|rule|Species Clause: Limit one of each Pok\u00e9mon\n|rule|OHKO Clause: OHKO moves are banned\n|rule|Evasion Moves Clause: Evasion moves are banned\n|rule|Gravity Sleep Clause: The combination of sleep-inducing moves with imperfect accuracy and Gravity or Gigantamax Orbeetle are banned\n|rule|Endless Battle Clause: Forcing endless battles is banned\n|rule|HP Percentage Mod: HP is shown in percentages\n|clearpoke\n|poke|p1|Sinistcha|\n|poke|p1|Farigiraf, F|\n|poke|p1|Ursaluna-Bloodmoon, M|\n|poke|p1|Clefairy, M|\n|poke|p1|Dusknoir, M|\n|poke|p1|Dragalge, F|\n|poke|p2|Ninetales-Alola, F|\n|poke|p2|Trevenant, F|\n|poke|p2|Goodra-Hisui, F|\n|poke|p2|Sandslash-Alola, F|\n|poke|p2|Torterra, F|\n|poke|p2|Empoleon, M|\n|teampreview\n|\n|t:|1699458213\n|start\n|switch|p1a: Dusknoir|Dusknoir, M, shiny|100\/100\n|switch|p1b: Clefairy|Clefairy, M, shiny|100\/100\n|switch|p2a: Trevenant|Trevenant, F|100\/100\n|switch|p2b: Sandslash|Sandslash-Alola, F|100\/100\n|-ability|p1a: Dusknoir|Pressure\n|turn|1\n|\n|t:|1699458232\n|move|p1b: Clefairy|Protect|p1b: Clefairy\n|-singleturn|p1b: Clefairy|Protect\n|move|p2b: Sandslash|Knock Off|p1a: Dusknoir\n|-supereffective|p1a: Dusknoir\n|-damage|p1a: Dusknoir|65\/100\n|-enditem|p1a: Dusknoir|Aguav Berry|[from] move: Knock Off|[of] p2b: Sandslash\n|move|p2a: Trevenant|Toxic|p1b: Clefairy\n|-activate|p1b: Clefairy|move: Protect\n|move|p1a: Dusknoir|Poltergeist|p2a: Trevenant\n|-activate|p2a: Trevenant|move: Poltergeist|Sitrus Berry\n|-supereffective|p2a: Trevenant\n|-damage|p2a: Trevenant|0 fnt\n|faint|p2a: Trevenant\n|\n|upkeep\n|\n|t:|1699458249\n|switch|p2a: Goodra|Goodra-Hisui, F|100\/100\n|turn|2\n|\n|t:|1699458255\n|switch|p2b: Ninetales|Ninetales-Alola, F|100\/100\n|-weather|Snow|[from] ability: Snow Warning|[of] p2b: Ninetales\n|-terastallize|p1b: Clefairy|Steel\n|move|p1b: Clefairy|Follow Me|p1b: Clefairy\n|-singleturn|p1b: Clefairy|move: Follow Me\n|move|p2a: Goodra|Blizzard|p1b: Clefairy|[spread] p1a,p1b\n|-resisted|p1b: Clefairy\n|-damage|p1a: Dusknoir|46\/100\n|-damage|p1b: Clefairy|90\/100\n|move|p1a: Dusknoir|Trick Room|p1a: Dusknoir\n|-fieldstart|move: Trick Room|[of] p1a: Dusknoir\n|\n|-weather|Snow|[upkeep]\n|upkeep\n|turn|3\n|\n|t:|1699458273\n|move|p1b: Clefairy|Heal Pulse|p1a: Dusknoir\n|-heal|p1a: Dusknoir|96\/100\n|move|p1a: Dusknoir|Poltergeist|p2a: Goodra\n|-activate|p2a: Goodra|move: Poltergeist|Rocky Helmet\n|-damage|p2a: Goodra|61\/100\n|move|p2a: Goodra|Flamethrower|p1b: Clefairy\n|-supereffective|p1b: Clefairy\n|-damage|p1b: Clefairy|40\/100\n|move|p2b: Ninetales|Aurora Veil|p2b: Ninetales\n|-sidestart|p2: RocketsViability|move: Aurora Veil\n|\n|-weather|Snow|[upkeep]\n|upkeep\n|turn|4\n|\n|t:|1699458290\n|move|p1b: Clefairy|Moonblast|p2a: Goodra\n|-damage|p2a: Goodra|51\/100\n|move|p1a: Dusknoir|Poltergeist|p2a: Goodra\n|-activate|p2a: Goodra|move: Poltergeist|Rocky Helmet\n|-damage|p2a: Goodra|22\/100\n|move|p2a: Goodra|Flamethrower|p1b: Clefairy\n|-supereffective|p1b: Clefairy\n|-damage|p1b: Clefairy|0 fnt\n|faint|p1b: Clefairy\n|move|p2b: Ninetales|Blizzard|p1a: Dusknoir\n|-damage|p1a: Dusknoir|59\/100\n|\n|-weather|Snow|[upkeep]\n|upkeep\n|\n|t:|1699458306\n|switch|p1b: Ursaluna|Ursaluna-Bloodmoon, M|100\/100\n|turn|5\n|\n|t:|1699458313\n|move|p2a: Goodra|Protect|p2a: Goodra\n|-singleturn|p2a: Goodra|Protect\n|move|p1a: Dusknoir|Poltergeist|p2a: Goodra\n|-activate|p2a: Goodra|move: Protect\n|move|p1b: Ursaluna|Blood Moon|p2b: Ninetales\n|-damage|p2b: Ninetales|38\/100\n|move|p2b: Ninetales|Blizzard|p1b: Ursaluna|[spread] p1a,p1b\n|-supereffective|p1b: Ursaluna\n|-damage|p1a: Dusknoir|31\/100\n|-damage|p1b: Ursaluna|58\/100\n|\n|-weather|Snow|[upkeep]\n|upkeep\n|turn|6\n|inactive|Battle timer is ON: inactive players will automatically lose when time's up. (requested by angryfrog3)\n|\n|t:|1699458329\n|move|p1a: Dusknoir|Poltergeist|p2a: Goodra|[miss]\n|-miss|p1a: Dusknoir|p2a: Goodra\n|move|p1b: Ursaluna|Earth Power|p2b: Ninetales\n|-damage|p2b: Ninetales|2\/100\n|-unboost|p2b: Ninetales|spd|1\n|move|p2a: Goodra|Blizzard|p1b: Ursaluna|[spread] p1a,p1b\n|-supereffective|p1b: Ursaluna\n|-damage|p1a: Dusknoir|7\/100\n|-damage|p1b: Ursaluna|16\/100\n|move|p2b: Ninetales|Blizzard|p1b: Ursaluna|[spread] p1a,p1b\n|-supereffective|p1b: Ursaluna\n|-damage|p1a: Dusknoir|0 fnt\n|-damage|p1b: Ursaluna|0 fnt\n|faint|p1a: Dusknoir\n|faint|p1b: Ursaluna\n|\n|-weather|Snow|[upkeep]\n|-fieldend|move: Trick Room\n|upkeep\n|\n|t:|1699458347\n|switch|p1b: Sinistcha|Sinistcha|100\/100\n|switch|p1a: Farigiraf|Farigiraf, F|100\/100\n|turn|7\n|inactive|RocketsViability has 120 seconds left.\n|inactive|RocketsViability has 90 seconds left.\n|inactive|RocketsViability has 60 seconds left.\n|inactive|RocketsViability has 30 seconds left.\n|inactive|RocketsViability has 20 seconds left.\n|inactive|RocketsViability has 15 seconds left.\n|\n|t:|1699458483\n|move|p2b: Ninetales|Blizzard|p1b: Sinistcha|[spread] p1a,p1b\n|-supereffective|p1b: Sinistcha\n|-damage|p1a: Farigiraf|74\/100\n|-damage|p1b: Sinistcha|20\/100\n|move|p1b: Sinistcha|Matcha Gotcha|p2a: Goodra|[spread] p2a,p2b\n|-resisted|p2a: Goodra\n|-damage|p2a: Goodra|19\/100\n|-heal|p1b: Sinistcha|22\/100|[from] drain|[of] p2a: Goodra\n|-damage|p2b: Ninetales|0 fnt\n|-heal|p1b: Sinistcha|23\/100|[from] drain|[of] p2b: Ninetales\n|faint|p2b: Ninetales\n|move|p2a: Goodra|Blizzard|p1a: Farigiraf|[spread] p1a,p1b\n|-supereffective|p1b: Sinistcha\n|-damage|p1a: Farigiraf|50\/100\n|-damage|p1b: Sinistcha|0 fnt\n|faint|p1b: Sinistcha\n|move|p1a: Farigiraf|Trick Room|p1a: Farigiraf\n|-fieldstart|move: Trick Room|[of] p1a: Farigiraf\n|\n|-weather|Snow|[upkeep]\n|-heal|p1a: Farigiraf|56\/100|[from] item: Leftovers\n|-sideend|p2: RocketsViability|move: Aurora Veil\n|upkeep\n|inactive|RocketsViability has 30 seconds left.\n|inactive|RocketsViability has 20 seconds left.\n|inactive|angryfrog3 has 120 seconds left.\n|c|\u2606RocketsViability|sorry\n|inactive|angryfrog3 has 90 seconds left.\n|c|\u2606RocketsViability|had a distraction\n|inactive|angryfrog3 has 60 seconds left.\n|inactive|angryfrog3 has 30 seconds left.\n|inactive|angryfrog3 has 20 seconds left.\n|inactive|angryfrog3 has 15 seconds left.\n|inactive|angryfrog3 has 10 seconds left.\n|inactive|angryfrog3 has 5 seconds left.\n|-message|angryfrog3 lost due to inactivity.\n|\n|win|RocketsViability\n|raw|angryfrog3's rating: 1180 &rarr; <strong>1158<\/strong><br \/>(-22 for losing)\n|raw|RocketsViability's rating: 1215 &rarr; <strong>1237<\/strong><br \/>(+22 for winning)\n","uploadtime":1699458671,"views":12,"p1id":"angryfrog3","p2id":"rocketsviability","formatid":"gen9doublesou","rating":1158,"private":0,"password":""}