{"id":"gen9doublesou-1969952182","p1":"Gen 1 ou team","p2":"theguy404639","format":"[Gen 9] Doubles OU","log":"|j|\u2606Gen 1 ou team\n|j|\u2606theguy404639\n|t:|1697578958\n|gametype|doubles\n|player|p1|Gen 1 ou team|red|1119\n|player|p2|theguy404639|swimmer|1120\n|teamsize|p1|6\n|teamsize|p2|6\n|gen|9\n|tier|[Gen 9] Doubles OU\n|rated|\n|rule|Species Clause: Limit one of each Pok\u00e9mon\n|rule|OHKO Clause: OHKO moves are banned\n|rule|Evasion Moves Clause: Evasion moves are banned\n|rule|Gravity Sleep Clause: The combination of sleep-inducing moves with imperfect accuracy and Gravity or Gigantamax Orbeetle are banned\n|rule|Endless Battle Clause: Forcing endless battles is banned\n|rule|HP Percentage Mod: HP is shown in percentages\n|clearpoke\n|poke|p1|Politoed, F|\n|poke|p1|Palafin, F|\n|poke|p1|Iron Bundle|\n|poke|p1|Pelipper, M|\n|poke|p1|Gastrodon, M|\n|poke|p1|Iron Hands|\n|poke|p2|Regidrago|\n|poke|p2|Gholdengo|\n|poke|p2|Ogerpon-Wellspring, F|\n|poke|p2|Indeedee-F, F|\n|poke|p2|Sneasler, M|\n|poke|p2|Rabsca, M|\n|teampreview\n|inactive|Battle timer is ON: inactive players will automatically lose when time's up. (requested by Gen 1 ou team)\n|\n|t:|1697578984\n|start\n|switch|p1a: Politoed|Politoed, F|100\/100\n|switch|p1b: Palafin|Palafin, F|100\/100\n|switch|p2a: Regidrago|Regidrago|100\/100\n|switch|p2b: Ogerpon|Ogerpon-Wellspring, F|100\/100\n|-weather|RainDance|[from] ability: Drizzle|[of] p1a: Politoed\n|turn|1\n|\n|t:|1697579003\n|detailschange|p1b: Palafin|Palafin-Hero, F\n|switch|p1b: Gastrodon|Gastrodon, M|100\/100\n|move|p2b: Ogerpon|Follow Me|p2b: Ogerpon\n|-singleturn|p2b: Ogerpon|move: Follow Me\n|move|p2a: Regidrago|Dragon Energy|p1a: Politoed|[spread] p1a,p1b\n|-damage|p1a: Politoed|38\/100\n|-damage|p1b: Gastrodon|39\/100\n|move|p1a: Politoed|Surf|p2b: Ogerpon|[spread] p2a\n|-ability|p1b: Gastrodon|Storm Drain|boost\n|-boost|p1b: Gastrodon|spa|1\n|-immune|p2b: Ogerpon|[from] ability: Water Absorb\n|-resisted|p2a: Regidrago\n|-damage|p2a: Regidrago|82\/100\n|\n|-weather|RainDance|[upkeep]\n|upkeep\n|turn|2\n|j| ajthurman\n|\n|t:|1697579022\n|-terastallize|p1b: Gastrodon|Grass\n|move|p2b: Ogerpon|Follow Me|p2b: Ogerpon\n|-singleturn|p2b: Ogerpon|move: Follow Me\n|move|p2a: Regidrago|Dragon Energy|p1a: Politoed|[spread] p1a,p1b\n|-damage|p1a: Politoed|0 fnt\n|-damage|p1b: Gastrodon|0 fnt\n|faint|p1a: Politoed\n|faint|p1b: Gastrodon\n|\n|-weather|RainDance|[upkeep]\n|upkeep\n|\n|t:|1697579037\n|switch|p1a: Iron Bundle|Iron Bundle|100\/100\n|switch|p1b: Palafin|Palafin-Hero, F|100\/100\n|-activate|p1b: Palafin|ability: Zero to Hero\n|turn|3\n|\n|t:|1697579052\n|move|p2b: Ogerpon|Follow Me|p2b: Ogerpon\n|-singleturn|p2b: Ogerpon|move: Follow Me\n|move|p1a: Iron Bundle|Icy Wind|p2b: Ogerpon|[spread] p2b\n|-miss|p1a: Iron Bundle|p2a: Regidrago\n|-damage|p2b: Ogerpon|75\/100\n|-unboost|p2b: Ogerpon|spe|1\n|-damage|p1a: Iron Bundle|91\/100|[from] item: Life Orb\n|move|p1b: Palafin|Close Combat|p2b: Ogerpon\n|-damage|p2b: Ogerpon|21\/100\n|-unboost|p1b: Palafin|def|1\n|-unboost|p1b: Palafin|spd|1\n|move|p2a: Regidrago|Dragon Energy|p1a: Iron Bundle|[spread] p1a,p1b\n|-crit|p1b: Palafin\n|-damage|p1a: Iron Bundle|0 fnt\n|-damage|p1b: Palafin|0 fnt\n|faint|p1a: Iron Bundle\n|-end|p1a: Iron Bundle|Quark Drive|[silent]\n|faint|p1b: Palafin\n|\n|-weather|RainDance|[upkeep]\n|upkeep\n|\n|t:|1697579074\n|switch|p1a: Pelipper|Pelipper, M|100\/100\n|switch|p1b: Iron Hands|Iron Hands|100\/100\n|turn|4\n|l| ajthurman\n|\n|t:|1697579093\n|move|p1b: Iron Hands|Fake Out|p2a: Regidrago\n|-damage|p2a: Regidrago|64\/100\n|move|p2b: Ogerpon|Follow Me|p2b: Ogerpon\n|-singleturn|p2b: Ogerpon|move: Follow Me\n|cant|p2a: Regidrago|flinch\n|move|p1a: Pelipper|Hurricane|p2b: Ogerpon\n|-supereffective|p2b: Ogerpon\n|-damage|p2b: Ogerpon|0 fnt\n|faint|p2b: Ogerpon\n|\n|-weather|RainDance|[upkeep]\n|upkeep\n|\n|t:|1697579099\n|switch|p2b: Indeedee|Indeedee-F, F|100\/100\n|-fieldstart|move: Psychic Terrain|[from] ability: Psychic Surge|[of] p2b: Indeedee\n|turn|5\n|\n|t:|1697579122\n|move|p2b: Indeedee|Heal Pulse|p2a: Regidrago\n|-heal|p2a: Regidrago|100\/100\n|move|p2a: Regidrago|Dragon Energy|p1b: Iron Hands|[spread] p1a,p1b\n|-damage|p1a: Pelipper|0 fnt\n|-damage|p1b: Iron Hands|35\/100\n|faint|p1a: Pelipper\n|move|p1b: Iron Hands|Play Rough|p2a: Regidrago\n|-supereffective|p2a: Regidrago\n|-damage|p2a: Regidrago|15\/100\n|\n|-weather|RainDance|[upkeep]\n|upkeep\n|turn|6\n|-message|Gen 1 ou team forfeited.\n|\n|win|theguy404639\n|raw|Gen 1 ou team's rating: 1119 &rarr; <strong>1094<\/strong><br \/>(-25 for losing)\n|raw|theguy404639's rating: 1120 &rarr; <strong>1145<\/strong><br \/>(+25 for winning)\n|l|\u2606Gen 1 ou team\n","uploadtime":1697579137,"views":8,"p1id":"gen1outeam","p2id":"theguy404639","formatid":"gen9doublesou","rating":1094,"private":0,"password":""}