{"id":"gen9doublesou-1982608510","p1":"Vylara","p2":"Rungy","format":"[Gen 9] Doubles OU","log":"|j|\u2606Vylara\n|j|\u2606Rungy\n|t:|1699029454\n|gametype|doubles\n|player|p1|Vylara|irida|\n|player|p2|Rungy|gambler|\n|teamsize|p1|6\n|teamsize|p2|6\n|gen|9\n|tier|[Gen 9] Doubles OU\n|rule|Species Clause: Limit one of each Pok\u00e9mon\n|rule|OHKO Clause: OHKO moves are banned\n|rule|Evasion Moves Clause: Evasion moves are banned\n|rule|Gravity Sleep Clause: The combination of sleep-inducing moves with imperfect accuracy and Gravity or Gigantamax Orbeetle are banned\n|rule|Endless Battle Clause: Forcing endless battles is banned\n|rule|HP Percentage Mod: HP is shown in percentages\n|clearpoke\n|poke|p1|Clodsire, M|\n|poke|p1|Ogerpon-Wellspring, F|\n|poke|p1|Gliscor, M|\n|poke|p1|Muk-Alola, F|\n|poke|p1|Mismagius, F|\n|poke|p1|Arcanine-Hisui, M|\n|poke|p2|Weezing-Galar, M|\n|poke|p2|Farigiraf, M|\n|poke|p2|Gastrodon-East, M|\n|poke|p2|Sawsbuck-Autumn, F|\n|poke|p2|Volcarona, F|\n|poke|p2|Mamoswine, F|\n|teampreview\n|c|\u2606Rungy|glhf!\n|c|\u2606Vylara|U2\n|\n|t:|1699029484\n|start\n|switch|p1a: Catherine|Mismagius, F|100\/100\n|switch|p1b: Tyrfing|Gliscor, M|100\/100\n|switch|p2a: Assmar|Weezing-Galar, M|100\/100\n|switch|p2b: Aten|Volcarona, F|100\/100\n|-fieldstart|move: Misty Terrain|[from] ability: Misty Surge|[of] p2a: Assmar\n|turn|1\n|\n|t:|1699029519\n|switch|p1b: LeBeau|Muk-Alola, F|100\/100\n|switch|p2a: Pearls|Mamoswine, F|100\/100\n|move|p1a: Catherine|Memento|p2b: Aten\n|-unboost|p2b: Aten|atk|2\n|-unboost|p2b: Aten|spa|2\n|faint|p1a: Catherine\n|-ability|p1b: LeBeau|Levitate|[from] ability: Power of Alchemy|[of] p1a: Catherine\n|move|p2b: Aten|String Shot|p1b: LeBeau\n|-unboost|p1b: LeBeau|spe|2\n|\n|upkeep\n|\n|t:|1699029549\n|switch|p1a: Tyrfing|Gliscor, M|100\/100\n|turn|2\n|\n|t:|1699029561\n|switch|p2b: Khan|Gastrodon-East, M|100\/100\n|-terastallize|p1a: Tyrfing|Water\n|move|p2a: Pearls|Ice Shard|p1a: Tyrfing\n|-resisted|p1a: Tyrfing\n|-damage|p1a: Tyrfing|91\/100\n|move|p1a: Tyrfing|Crabhammer|p2b: Khan\n|-ability|p2b: Khan|Storm Drain|boost\n|-boost|p2b: Khan|spa|1\n|move|p1b: LeBeau|Drain Punch|p2a: Pearls\n|-supereffective|p2a: Pearls\n|-damage|p2a: Pearls|44\/100\n|\n|upkeep\n|turn|3\n|\n|t:|1699029621\n|switch|p1a: Jim|Clodsire, M|100\/100\n|switch|p2a: Buckley|Sawsbuck-Autumn, F|100\/100\n|move|p2b: Khan|Water Pulse|p1b: LeBeau\n|-damage|p1b: LeBeau|68\/100\n|move|p1b: LeBeau|Drain Punch|p2a: Buckley\n|-supereffective|p2a: Buckley\n|-damage|p2a: Buckley|31\/100\n|-heal|p1b: LeBeau|93\/100|[from] drain|[of] p2a: Buckley\n|\n|upkeep\n|turn|4\n|\n|t:|1699029652\n|move|p2a: Buckley|High Horsepower|p1a: Jim\n|-supereffective|p1a: Jim\n|-damage|p1a: Jim|38\/100\n|move|p1a: Jim|Curse|p1a: Jim\n|-unboost|p1a: Jim|spe|1\n|-boost|p1a: Jim|atk|1\n|-boost|p1a: Jim|def|1\n|move|p2b: Khan|Ice Beam|p1a: Jim\n|-supereffective|p1a: Jim\n|-crit|p1a: Jim\n|-damage|p1a: Jim|0 fnt\n|faint|p1a: Jim\n|move|p1b: LeBeau|Haze|p1b: LeBeau\n|-clearallboost\n|\n|upkeep\n|c|\u2606Rungy|HATE CRIME TIME\n|\n|t:|1699029680\n|switch|p1a: Tyrfing|Gliscor, M, tera:Water|91\/100\n|turn|5\n|\n|t:|1699029696\n|switch|p2b: Mr. Rothschild|Farigiraf, M|100\/100\n|move|p1a: Tyrfing|Lunge|p2a: Buckley\n|-supereffective|p2a: Buckley\n|-damage|p2a: Buckley|0 fnt\n|faint|p2a: Buckley\n|move|p1b: LeBeau|Gunk Shot|p2b: Mr. Rothschild\n|-damage|p2b: Mr. Rothschild|44\/100\n|\n|upkeep\n|\n|t:|1699029705\n|switch|p2a: Aten|Volcarona, F|100\/100\n|turn|6\n|\n|t:|1699029713\n|-terastallize|p2a: Aten|Grass\n|move|p2a: Aten|Giga Drain|p1a: Tyrfing\n|-supereffective|p1a: Tyrfing\n|-damage|p1a: Tyrfing|0 fnt\n|faint|p1a: Tyrfing\n|move|p2b: Mr. Rothschild|Hyper Voice|p1b: LeBeau\n|-damage|p1b: LeBeau|58\/100\n|-enditem|p2b: Mr. Rothschild|Throat Spray\n|-boost|p2b: Mr. Rothschild|spa|1|[from] item: Throat Spray\n|move|p1b: LeBeau|Knock Off|p2b: Mr. Rothschild\n|-supereffective|p2b: Mr. Rothschild\n|-damage|p2b: Mr. Rothschild|0 fnt\n|faint|p2b: Mr. Rothschild\n|\n|upkeep\n|\n|t:|1699029727\n|switch|p1a: Shishifuu|Arcanine-Hisui, M|100\/100\n|switch|p2b: Khan|Gastrodon-East, M|100\/100\n|turn|7\n|\n|t:|1699029748\n|move|p2a: Aten|Fiery Dance|p1b: LeBeau\n|-damage|p1b: LeBeau|25\/100\n|-boost|p2a: Aten|spa|1\n|move|p1a: Shishifuu|Flame Charge|p2a: Aten\n|-supereffective|p2a: Aten\n|-damage|p2a: Aten|23\/100\n|-boost|p1a: Shishifuu|spe|1\n|move|p1b: LeBeau|Drain Punch|p2a: Aten\n|-damage|p2a: Aten|0 fnt\n|-heal|p1b: LeBeau|34\/100|[from] drain|[of] p2a: Aten\n|faint|p2a: Aten\n|move|p2b: Khan|Water Pulse|p1a: Shishifuu\n|-supereffective|p1a: Shishifuu\n|-damage|p1a: Shishifuu|16\/100\n|\n|upkeep\n|\n|t:|1699029763\n|switch|p2a: Pearls|Mamoswine, F|44\/100\n|turn|8\n|\n|t:|1699029780\n|move|p2a: Pearls|Ice Shard|p1b: LeBeau\n|-damage|p1b: LeBeau|13\/100\n|move|p1a: Shishifuu|Head Smash|p2a: Pearls\n|-damage|p2a: Pearls|0 fnt\n|faint|p2a: Pearls\n|move|p1b: LeBeau|Drain Punch|p2b: Khan\n|-damage|p2b: Khan|75\/100\n|-heal|p1b: LeBeau|26\/100|[from] drain|[of] p2b: Khan\n|move|p2b: Khan|Water Pulse|p1a: Shishifuu\n|-supereffective|p1a: Shishifuu\n|-damage|p1a: Shishifuu|0 fnt\n|faint|p1a: Shishifuu\n|\n|-fieldend|Misty Terrain\n|upkeep\n|\n|t:|1699029793\n|switch|p1a: Mizujora|Ogerpon-Wellspring, F|100\/100\n|switch|p2a: Assmar|Weezing-Galar, M|100\/100\n|-fieldstart|move: Misty Terrain|[from] ability: Misty Surge|[of] p2a: Assmar\n|turn|9\n|\n|t:|1699029806\n|move|p1a: Mizujora|Seed Bomb|p2b: Khan\n|-supereffective|p2b: Khan\n|-damage|p2b: Khan|0 fnt\n|faint|p2b: Khan\n|move|p1b: LeBeau|Gunk Shot|p2a: Assmar\n|-damage|p2a: Assmar|45\/100\n|move|p2a: Assmar|Strange Steam|p1b: LeBeau\n|-damage|p1b: LeBeau|0 fnt\n|faint|p1b: LeBeau\n|\n|upkeep\n|turn|10\n|c|\u2606Rungy|gg\n|\n|t:|1699029820\n|move|p1a: Mizujora|Stomping Tantrum|p2a: Assmar\n|-supereffective|p2a: Assmar\n|-damage|p2a: Assmar|0 fnt\n|faint|p2a: Assmar\n|\n|win|Vylara\n|c|\u2606Vylara|gg\n","uploadtime":1699029827,"views":12,"p1id":"vylara","p2id":"rungy","formatid":"gen9doublesou","rating":0,"private":0,"password":""}