{"id":"gen9doublesou-1972594225","p1":"Gr8FireRook","p2":"Abowlofmagnemites","format":"[Gen 9] Doubles OU","log":"|j|\u2606Gr8FireRook\n|j|\u2606Abowlofmagnemites\n|t:|1697861594\n|gametype|doubles\n|player|p1|Gr8FireRook|worker|1098\n|player|p2|Abowlofmagnemites|plasmagruntf-gen5bw|1169\n|teamsize|p1|6\n|teamsize|p2|6\n|gen|9\n|tier|[Gen 9] Doubles OU\n|rated|\n|rule|Species Clause: Limit one of each Pok\u00e9mon\n|rule|OHKO Clause: OHKO moves are banned\n|rule|Evasion Moves Clause: Evasion moves are banned\n|rule|Gravity Sleep Clause: The combination of sleep-inducing moves with imperfect accuracy and Gravity or Gigantamax Orbeetle are banned\n|rule|Endless Battle Clause: Forcing endless battles is banned\n|rule|HP Percentage Mod: HP is shown in percentages\n|clearpoke\n|poke|p1|Gliscor, F|\n|poke|p1|Meowscarada, M|\n|poke|p1|Armarouge, M|\n|poke|p1|Avalugg-Hisui, F|\n|poke|p1|Poliwrath, M|\n|poke|p1|Furret, M|\n|poke|p2|Tornadus, M|\n|poke|p2|Ogerpon-Wellspring, F|\n|poke|p2|Tinkaton, F|\n|poke|p2|Chi-Yu|\n|poke|p2|Gholdengo|\n|poke|p2|Murkrow, M|\n|teampreview\n|\n|t:|1697861605\n|start\n|switch|p1a: Poliwrath|Poliwrath, M|100\/100\n|switch|p1b: Avalugg|Avalugg-Hisui, F|100\/100\n|switch|p2a: Tornadus|Tornadus, M|100\/100\n|switch|p2b: Tinkaton|Tinkaton, F|100\/100\n|turn|1\n|\n|t:|1697861616\n|move|p2b: Tinkaton|Fake Out|p1a: Poliwrath\n|-damage|p1a: Poliwrath|88\/100\n|move|p2a: Tornadus|Swagger|p2b: Tinkaton\n|-boost|p2b: Tinkaton|atk|2\n|-immune|p2b: Tinkaton|confusion|[from] ability: Own Tempo\n|cant|p1a: Poliwrath|flinch\n|move|p1b: Avalugg|Rock Slide|p2b: Tinkaton|[spread] p2a,p2b\n|-supereffective|p2a: Tornadus\n|-resisted|p2b: Tinkaton\n|-damage|p2a: Tornadus|22\/100\n|-damage|p2b: Tinkaton|84\/100\n|-enditem|p2a: Tornadus|Aguav Berry|[eat]\n|-heal|p2a: Tornadus|55\/100|[from] item: Aguav Berry\n|\n|upkeep\n|turn|2\n|\n|t:|1697861641\n|move|p2a: Tornadus|Bleakwind Storm|p1b: Avalugg|[spread] p1a,p1b\n|-supereffective|p1a: Poliwrath\n|-resisted|p1b: Avalugg\n|-damage|p1a: Poliwrath|0 fnt\n|-damage|p1b: Avalugg|86\/100\n|faint|p1a: Poliwrath\n|move|p2b: Tinkaton|Gigaton Hammer|p1b: Avalugg\n|-supereffective|p1b: Avalugg\n|-damage|p1b: Avalugg|0 fnt\n|faint|p1b: Avalugg\n|\n|upkeep\n|\n|t:|1697861654\n|switch|p1a: Armarouge|Armarouge, M|100\/100\n|switch|p1b: Meowscarada|Meowscarada, M|100\/100\n|turn|3\n|\n|t:|1697861664\n|move|p1b: Meowscarada|Ally Switch|p1b: Meowscarada\n|-start|p1b: Meowscarada|typechange|Psychic|[from] ability: Protean\n|swap|p1b: Meowscarada|0|[from] move: Ally Switch\n|move|p2a: Tornadus|Tailwind|p2a: Tornadus\n|-sidestart|p2: Abowlofmagnemites|move: Tailwind\n|move|p2b: Tinkaton|Play Rough|p1b: Armarouge\n|-resisted|p1b: Armarouge\n|-damage|p1b: Armarouge|76\/100\n|-ability|p1b: Armarouge|Weak Armor|boost\n|-unboost|p1b: Armarouge|def|1\n|-boost|p1b: Armarouge|spe|2\n|move|p1b: Armarouge|Calm Mind|p1b: Armarouge\n|-boost|p1b: Armarouge|spa|1\n|-boost|p1b: Armarouge|spd|1\n|\n|upkeep\n|turn|4\n|\n|t:|1697861694\n|move|p2a: Tornadus|Swagger|p2b: Tinkaton\n|-boost|p2b: Tinkaton|atk|2\n|-immune|p2b: Tinkaton|confusion|[from] ability: Own Tempo\n|move|p2b: Tinkaton|Gigaton Hammer|p1b: Armarouge\n|-resisted|p1b: Armarouge\n|-damage|p1b: Armarouge|0 fnt\n|faint|p1b: Armarouge\n|move|p1a: Meowscarada|Flower Trick|p2b: Tinkaton\n|-resisted|p2b: Tinkaton\n|-crit|p2b: Tinkaton\n|-damage|p2b: Tinkaton|65\/100\n|\n|upkeep\n|\n|t:|1697861704\n|switch|p1b: Gliscor|Gliscor, F|100\/100\n|turn|5\n|\n|t:|1697861716\n|move|p2a: Tornadus|U-turn|p1a: Meowscarada\n|-supereffective|p1a: Meowscarada\n|-damage|p1a: Meowscarada|62\/100\n|\n|t:|1697861722\n|switch|p2a: Ogerpon|Ogerpon-Wellspring, F|100\/100|[from] U-turn\n|move|p2b: Tinkaton|Play Rough|p1b: Gliscor|[miss]\n|-miss|p2b: Tinkaton|p1b: Gliscor\n|move|p1a: Meowscarada|Taunt|p2a: Ogerpon\n|-start|p2a: Ogerpon|move: Taunt\n|move|p1b: Gliscor|Swords Dance|p1b: Gliscor\n|-boost|p1b: Gliscor|atk|2\n|\n|-status|p1b: Gliscor|tox|[from] item: Toxic Orb\n|upkeep\n|turn|6\n|\n|t:|1697861737\n|move|p1a: Meowscarada|Ally Switch|p1a: Meowscarada\n|swap|p1a: Meowscarada|1|[from] move: Ally Switch\n|move|p2a: Ogerpon|Ivy Cudgel|p1b: Meowscarada\n|-damage|p1b: Meowscarada|0 fnt\n|faint|p1b: Meowscarada\n|move|p2b: Tinkaton|Play Rough|p1a: Gliscor\n|-damage|p1a: Gliscor|3\/100 tox\n|move|p1a: Gliscor|Earthquake|p2a: Ogerpon|[spread] p2a,p2b\n|-resisted|p2a: Ogerpon\n|-supereffective|p2b: Tinkaton\n|-damage|p2a: Ogerpon|60\/100\n|-damage|p2b: Tinkaton|0 fnt\n|faint|p2b: Tinkaton\n|\n|-heal|p1a: Gliscor|15\/100 tox|[from] ability: Poison Heal\n|-sideend|p2: Abowlofmagnemites|move: Tailwind\n|upkeep\n|\n|t:|1697861750\n|switch|p1b: Furret|Furret, M|100\/100\n|switch|p2b: Tornadus|Tornadus, M|55\/100\n|-item|p2a: Ogerpon|Wellspring Mask|[from] ability: Frisk|[of] p1b: Furret|[identify]\n|turn|7\n|\n|t:|1697861765\n|move|p2b: Tornadus|Tailwind|p2b: Tornadus\n|-sidestart|p2: Abowlofmagnemites|move: Tailwind\n|move|p2a: Ogerpon|Ivy Cudgel|p1a: Gliscor\n|-supereffective|p1a: Gliscor\n|-damage|p1a: Gliscor|0 fnt\n|faint|p1a: Gliscor\n|move|p1b: Furret|Trick|p2b: Tornadus\n|-activate|p1b: Furret|move: Trick|[of] p2b: Tornadus\n|-item|p2b: Tornadus|Choice Scarf|[from] move: Trick\n|-enditem|p1b: Furret|Choice Scarf|[silent]|[from] move: Trick\n|\n|-end|p2a: Ogerpon|move: Taunt\n|upkeep\n|turn|8\n|c|\u2606Abowlofmagnemites|What the furret doing\n|\n|t:|1697861784\n|move|p2b: Tornadus|Swagger|p1b: Furret\n|-boost|p1b: Furret|atk|2\n|-start|p1b: Furret|confusion\n|move|p2a: Ogerpon|U-turn|p1b: Furret\n|-damage|p1b: Furret|64\/100\n|\n|t:|1697861791\n|switch|p2a: Chi-Yu|Chi-Yu|100\/100|[from] U-turn\n|-ability|p2a: Chi-Yu|Beads of Ruin\n|-activate|p1b: Furret|confusion\n|-damage|p1b: Furret|46\/100|[from] confusion\n|\n|upkeep\n|turn|9\n|\n|t:|1697861803\n|move|p2b: Tornadus|Swagger|p1b: Furret\n|-boost|p1b: Furret|atk|2\n|move|p2a: Chi-Yu|Swagger|p1b: Furret\n|-boost|p1b: Furret|atk|2\n|-end|p1b: Furret|confusion\n|move|p1b: Furret|Body Slam|p2b: Tornadus\n|-damage|p2b: Tornadus|0 fnt\n|faint|p2b: Tornadus\n|\n|upkeep\n|\n|t:|1697861813\n|switch|p2b: Murkrow|Murkrow, M|100\/100\n|turn|10\n|\n|t:|1697861825\n|move|p2b: Murkrow|Tailwind||[still]\n|-fail|p2b: Murkrow\n|move|p2a: Chi-Yu|Will-O-Wisp|p1b: Furret\n|-status|p1b: Furret|brn\n|move|p1b: Furret|Body Slam|p2a: Chi-Yu\n|-damage|p2a: Chi-Yu|22\/100\n|\n|-damage|p1b: Furret|40\/100 brn|[from] brn\n|-sideend|p2: Abowlofmagnemites|move: Tailwind\n|upkeep\n|turn|11\n|\n|t:|1697861839\n|move|p2b: Murkrow|Taunt|p2a: Chi-Yu\n|-start|p2a: Chi-Yu|move: Taunt\n|move|p2a: Chi-Yu|Flamethrower|p2b: Murkrow\n|-damage|p2b: Murkrow|5\/100\n|-damage|p2a: Chi-Yu|12\/100|[from] item: Life Orb\n|move|p1b: Furret|Trick|p2a: Chi-Yu\n|-activate|p1b: Furret|move: Trick|[of] p2a: Chi-Yu\n|-enditem|p2a: Chi-Yu|Life Orb|[silent]|[from] move: Trick\n|-item|p1b: Furret|Life Orb|[from] move: Trick\n|\n|-damage|p1b: Furret|33\/100 brn|[from] brn\n|upkeep\n|turn|12\n|\n|t:|1697861858\n|move|p2a: Chi-Yu|Flamethrower|p2b: Murkrow\n|-damage|p2b: Murkrow|0 fnt\n|faint|p2b: Murkrow\n|move|p1b: Furret|Body Slam|p2a: Chi-Yu\n|-damage|p2a: Chi-Yu|0 fnt\n|faint|p2a: Chi-Yu\n|-damage|p1b: Furret|23\/100 brn|[from] item: Life Orb\n|\n|-damage|p1b: Furret|17\/100 brn|[from] brn\n|upkeep\n|\n|t:|1697861870\n|switch|p2a: Ogerpon|Ogerpon-Wellspring, F|60\/100\n|switch|p2b: Gholdengo|Gholdengo|100\/100\n|turn|13\n|\n|t:|1697861875\n|move|p2a: Ogerpon|Spiky Shield|p2a: Ogerpon\n|-singleturn|p2a: Ogerpon|move: Protect\n|move|p1b: Furret|Body Slam|p2a: Ogerpon\n|-activate|p2a: Ogerpon|move: Protect\n|-damage|p1b: Furret|5\/100 brn|[from] Spiky Shield|[of] p2a: Ogerpon\n|move|p2b: Gholdengo|Make It Rain|p1b: Furret\n|-damage|p1b: Furret|0 fnt\n|-unboost|p2b: Gholdengo|spa|1\n|faint|p1b: Furret\n|\n|win|Abowlofmagnemites\n|raw|Gr8FireRook's rating: 1098 &rarr; <strong>1078<\/strong><br \/>(-20 for losing)\n|raw|Abowlofmagnemites's rating: 1169 &rarr; <strong>1189<\/strong><br \/>(+20 for winning)\n|c|\u2606Gr8FireRook|gg\n|c|\u2606Abowlofmagnemites|gg\n","uploadtime":1697861887,"views":15,"p1id":"gr8firerook","p2id":"abowlofmagnemites","formatid":"gen9doublesou","rating":1078,"private":0,"password":""}