{"id":"gen9doublesou-1979782197","p1":"JonGrace","p2":"Kuzwa","format":"[Gen 9] Doubles OU","log":"|j|\u2606JonGrace\n|j|\u2606Kuzwa\n|t:|1698712701\n|gametype|doubles\n|player|p1|JonGrace|cameraman|1210\n|player|p2|Kuzwa|cheren-gen5bw2|1170\n|teamsize|p1|6\n|teamsize|p2|6\n|gen|9\n|tier|[Gen 9] Doubles OU\n|rated|\n|rule|Species Clause: Limit one of each Pok\u00e9mon\n|rule|OHKO Clause: OHKO moves are banned\n|rule|Evasion Moves Clause: Evasion moves are banned\n|rule|Gravity Sleep Clause: The combination of sleep-inducing moves with imperfect accuracy and Gravity or Gigantamax Orbeetle are banned\n|rule|Endless Battle Clause: Forcing endless battles is banned\n|rule|HP Percentage Mod: HP is shown in percentages\n|clearpoke\n|poke|p1|Muk-Alola, M|\n|poke|p1|Sableye, F|\n|poke|p1|Goodra, M|\n|poke|p1|Gastrodon, M|\n|poke|p1|Milotic, M|\n|poke|p1|Kommo-o, M|\n|poke|p2|Sinistcha-Masterpiece|\n|poke|p2|Gallade, M|\n|poke|p2|Heatran, M|\n|poke|p2|Ogerpon-Wellspring, F|\n|poke|p2|Indeedee-F, F|\n|poke|p2|Kingambit, M|\n|teampreview\n|inactive|Battle timer is ON: inactive players will automatically lose when time's up. (requested by JonGrace)\n|\n|t:|1698712721\n|start\n|switch|p1a: Kommo-o|Kommo-o, M|100\/100\n|switch|p1b: Milotic|Milotic, M|100\/100\n|switch|p2a: Monster|Sinistcha-Masterpiece|100\/100\n|switch|p2b: Geeb|Indeedee-F, F|100\/100\n|turn|1\n|\n|t:|1698712732\n|move|p1a: Kommo-o|Clangorous Soul|p1a: Kommo-o\n|-boost|p1a: Kommo-o|atk|1\n|-boost|p1a: Kommo-o|def|1\n|-boost|p1a: Kommo-o|spa|1\n|-boost|p1a: Kommo-o|spd|1\n|-boost|p1a: Kommo-o|spe|1\n|-damage|p1a: Kommo-o|68\/100\n|move|p1b: Milotic|Life Dew||[still]|[spread] p1a,p1b\n|-heal|p1a: Kommo-o|93\/100\n|-fail|p1b: Milotic|heal\n|move|p2a: Monster|Matcha Gotcha|p1b: Milotic|[spread] p1a,p1b\n|-resisted|p1a: Kommo-o\n|-supereffective|p1b: Milotic\n|-damage|p1a: Kommo-o|82\/100\n|-damage|p1b: Milotic|47\/100\n|move|p2b: Geeb|Trick Room|p2b: Geeb\n|-fieldstart|move: Trick Room|[of] p2b: Geeb\n|\n|upkeep\n|turn|2\n|\n|t:|1698712761\n|-terastallize|p1b: Milotic|Grass\n|move|p2a: Monster|Matcha Gotcha|p1b: Milotic|[spread] p1a\n|-miss|p2a: Monster|p1b: Milotic\n|-resisted|p1a: Kommo-o\n|-damage|p1a: Kommo-o|72\/100\n|move|p2b: Geeb|Dazzling Gleam|p1b: Milotic|[spread] p1a,p1b\n|-supereffective|p1a: Kommo-o\n|-crit|p1a: Kommo-o\n|-damage|p1a: Kommo-o|0 fnt\n|-damage|p1b: Milotic|37\/100\n|faint|p1a: Kommo-o\n|move|p1b: Milotic|Life Dew|p1b: Milotic\n|-heal|p1b: Milotic|62\/100\n|\n|upkeep\n|inactive|JonGrace has 120 seconds left.\n|\n|t:|1698712775\n|switch|p1a: Muk|Muk-Alola, M|100\/100\n|-item|p1a: Muk|Air Balloon\n|turn|3\n|\n|t:|1698712799\n|switch|p2a: Core|Heatran, M|100\/100\n|-item|p2a: Core|Air Balloon\n|move|p1a: Muk|Knock Off|p2a: Core\n|-damage|p2a: Core|62\/100\n|-enditem|p2a: Core|Air Balloon\n|move|p2b: Geeb|Skill Swap|p1a: Muk\n|-activate|p2b: Geeb|move: Skill Swap|Poison Touch|Own Tempo|[of] p1a: Muk\n|move|p1b: Milotic|Life Dew||[still]|[spread] p1a,p1b\n|-fail|p1a: Muk|heal\n|-heal|p1b: Milotic|87\/100\n|\n|upkeep\n|turn|4\n|\n|t:|1698712820\n|move|p2b: Geeb|Follow Me|p2b: Geeb\n|-singleturn|p2b: Geeb|move: Follow Me\n|move|p1a: Muk|Knock Off|p2b: Geeb\n|-supereffective|p2b: Geeb\n|-damage|p2b: Geeb|0 fnt\n|-enditem|p2b: Geeb|Heavy-Duty Boots|[from] move: Knock Off|[of] p1a: Muk\n|faint|p2b: Geeb\n|move|p2a: Core|Magma Storm|p1b: Milotic|[miss]\n|-miss|p2a: Core|p1b: Milotic\n|move|p1b: Milotic|Scald|p2a: Core\n|-supereffective|p2a: Core\n|-damage|p2a: Core|11\/100\n|\n|upkeep\n|\n|t:|1698712836\n|switch|p2b: Monster|Sinistcha-Masterpiece|100\/100\n|-heal|p2a: Core|35\/100|[from] ability: Hospitality|[of] p2b: Monster\n|turn|5\n|\n|t:|1698712848\n|switch|p1b: Gastrodon|Gastrodon, M|100\/100\n|move|p1a: Muk|Knock Off|p2b: Monster\n|-supereffective|p2b: Monster\n|-damage|p2b: Monster|21\/100\n|-enditem|p2b: Monster|Heavy-Duty Boots|[from] move: Knock Off|[of] p1a: Muk\n|move|p2b: Monster|Matcha Gotcha|p1b: Gastrodon|[spread] p1a,p1b\n|-resisted|p1a: Muk\n|-supereffective|p1b: Gastrodon\n|-damage|p1a: Muk|88\/100\n|-heal|p2b: Monster|27\/100|[from] drain|[of] p1a: Muk\n|-damage|p1b: Gastrodon|0 fnt\n|-heal|p2b: Monster|80\/100|[from] drain|[of] p1b: Gastrodon\n|-enditem|p1a: Muk|Air Balloon\n|faint|p1b: Gastrodon\n|move|p2a: Core|Magma Storm|p1a: Muk\n|-damage|p1a: Muk|41\/100\n|-activate|p1a: Muk|move: Magma Storm|[of] p2a: Core\n|\n|-damage|p1a: Muk|28\/100|[from] move: Magma Storm|[partiallytrapped]\n|-fieldend|move: Trick Room\n|upkeep\n|\n|t:|1698712859\n|switch|p1b: Goodra|Goodra, M|100\/100\n|turn|6\n|\n|t:|1698712874\n|move|p2b: Monster|Rage Powder|p2b: Monster\n|-singleturn|p2b: Monster|move: Rage Powder\n|move|p2a: Core|Earth Power|p1a: Muk\n|-supereffective|p1a: Muk\n|-damage|p1a: Muk|0 fnt\n|faint|p1a: Muk\n|move|p1b: Goodra|Flamethrower|p2b: Monster\n|-supereffective|p2b: Monster\n|-damage|p2b: Monster|17\/100\n|\n|upkeep\n|\n|t:|1698712881\n|switch|p1a: Milotic|Milotic, M, tera:Grass|87\/100\n|turn|7\n|\n|t:|1698712900\n|switch|p2b: E-Gone|Ogerpon-Wellspring, F|100\/100\n|move|p1a: Milotic|Scald|p2a: Core\n|-supereffective|p2a: Core\n|-damage|p2a: Core|0 fnt\n|faint|p2a: Core\n|move|p1b: Goodra|Flamethrower|p2b: E-Gone\n|-damage|p2b: E-Gone|71\/100\n|\n|upkeep\n|\n|t:|1698712907\n|switch|p2a: Monster|Sinistcha-Masterpiece|17\/100\n|-heal|p2b: E-Gone|96\/100|[from] ability: Hospitality|[of] p2a: Monster\n|turn|8\n|\n|t:|1698712931\n|switch|p2b: Warrior|Gallade, M, shiny|100\/100\n|move|p2a: Monster|Rage Powder|p2a: Monster\n|-singleturn|p2a: Monster|move: Rage Powder\n|move|p1a: Milotic|Ice Beam|p2a: Monster\n|-supereffective|p2a: Monster\n|-damage|p2a: Monster|0 fnt\n|faint|p2a: Monster\n|move|p1b: Goodra|Thunderbolt|p2b: Warrior\n|-damage|p2b: Warrior|72\/100\n|\n|upkeep\n|\n|t:|1698712934\n|switch|p2a: E-Gone|Ogerpon-Wellspring, F|96\/100\n|turn|9\n|\n|t:|1698712949\n|move|p2a: E-Gone|Ivy Cudgel|p1b: Goodra\n|-resisted|p1b: Goodra\n|-damage|p1b: Goodra|71\/100\n|move|p2b: Warrior|Sacred Sword|p1b: Goodra\n|-damage|p1b: Goodra|7\/100\n|-enditem|p1b: Goodra|Sitrus Berry|[eat]\n|-heal|p1b: Goodra|32\/100|[from] item: Sitrus Berry\n|move|p1a: Milotic|Scald|p2b: Warrior\n|-damage|p2b: Warrior|37\/100\n|move|p1b: Goodra|Life Dew|p1b: Goodra|[spread] p1a,p1b\n|-heal|p1a: Milotic|100\/100\n|-heal|p1b: Goodra|57\/100\n|\n|upkeep\n|turn|10\n|\n|t:|1698712967\n|switch|p1b: Sableye|Sableye, F|100\/100\n|move|p2a: E-Gone|Horn Leech|p1b: Sableye\n|-damage|p1b: Sableye|44\/100\n|-heal|p2a: E-Gone|100\/100|[from] drain|[of] p1b: Sableye\n|move|p2b: Warrior|Sacred Sword|p1b: Sableye\n|-immune|p1b: Sableye\n|move|p1a: Milotic|Scald|p2b: Warrior\n|-damage|p2b: Warrior|3\/100\n|\n|upkeep\n|turn|11\n|\n|t:|1698712986\n|move|p1b: Sableye|Encore|p2a: E-Gone\n|-start|p2a: E-Gone|Encore\n|move|p2a: E-Gone|Horn Leech|p1b: Sableye\n|-damage|p1b: Sableye|0 fnt\n|faint|p1b: Sableye\n|move|p2b: Warrior|Sacred Sword|p1a: Milotic\n|-damage|p1a: Milotic|36\/100\n|move|p1a: Milotic|Scald|p2b: Warrior\n|-damage|p2b: Warrior|0 fnt\n|faint|p2b: Warrior\n|\n|upkeep\n|\n|t:|1698712996\n|switch|p2b: Goliath|Kingambit, M, shiny|100\/100\n|switch|p1b: Goodra|Goodra, M|57\/100\n|-activate|p2b: Goliath|ability: Supreme Overlord\n|-start|p2b: Goliath|fallen4|[silent]\n|turn|12\n|\n|t:|1698713014\n|move|p2a: E-Gone|Horn Leech|p1b: Goodra\n|-ability|p1b: Goodra|Sap Sipper|boost\n|-boost|p1b: Goodra|atk|1\n|move|p1a: Milotic|Life Dew|p1a: Milotic|[spread] p1a,p1b\n|-heal|p1a: Milotic|61\/100\n|-heal|p1b: Goodra|82\/100\n|move|p1b: Goodra|Life Dew|p1b: Goodra|[spread] p1a,p1b\n|-heal|p1a: Milotic|86\/100\n|-heal|p1b: Goodra|100\/100\n|move|p2b: Goliath|Iron Head|p1b: Goodra\n|-damage|p1b: Goodra|32\/100\n|\n|upkeep\n|turn|13\n|\n|t:|1698713034\n|move|p2a: E-Gone|Horn Leech|p1a: Milotic\n|-resisted|p1a: Milotic\n|-damage|p1a: Milotic|68\/100\n|move|p1a: Milotic|Scald|p2b: Goliath\n|-damage|p2b: Goliath|72\/100\n|move|p1b: Goodra|Flamethrower|p2b: Goliath\n|-supereffective|p2b: Goliath\n|-damage|p2b: Goliath|22\/100\n|move|p2b: Goliath|Iron Head|p1b: Goodra\n|-damage|p1b: Goodra|0 fnt\n|faint|p1b: Goodra\n|\n|-end|p2a: E-Gone|Encore\n|upkeep\n|turn|14\n|\n|t:|1698713054\n|move|p2a: E-Gone|Follow Me|p2a: E-Gone\n|-singleturn|p2a: E-Gone|move: Follow Me\n|move|p1a: Milotic|Scald|p2a: E-Gone\n|-immune|p2a: E-Gone|[from] ability: Water Absorb\n|move|p2b: Goliath|Swords Dance|p2b: Goliath\n|-boost|p2b: Goliath|atk|2\n|\n|upkeep\n|turn|15\n|\n|t:|1698713069\n|-terastallize|p2a: E-Gone|Water\n|detailschange|p2a: E-Gone|Ogerpon-Wellspring-Tera, F, tera:Water\n|-ability|p2a: E-Gone|Embody Aspect (Wellspring)|boost\n|-boost|p2a: E-Gone|spd|1\n|move|p2b: Goliath|Sucker Punch|p1a: Milotic\n|-damage|p1a: Milotic|0 fnt\n|faint|p1a: Milotic\n|\n|win|Kuzwa\n|raw|JonGrace's rating: 1210 &rarr; <strong>1182<\/strong><br \/>(-28 for losing)\n|raw|Kuzwa's rating: 1170 &rarr; <strong>1198<\/strong><br \/>(+28 for winning)\n|l|\u2606JonGrace\n","uploadtime":1698713076,"views":22,"p1id":"jongrace","p2id":"kuzwa","formatid":"gen9doublesou","rating":1182,"private":0,"password":""}