{"id":"gen9doublesou-1999457525","p1":"doodoodfgh","p2":"ladymonitaishere","format":"[Gen 9] Doubles OU","log":"|j|\u2606doodoodfgh\n|j|\u2606ladymonitaishere\n|inactive|Battle timer is ON: inactive players will automatically lose when time's up.\n|t:|1701083570\n|gametype|doubles\n|player|p1|doodoodfgh|265|\n|player|p2|ladymonitaishere|sada-ai|\n|teamsize|p1|6\n|teamsize|p2|6\n|gen|9\n|tier|[Gen 9] Doubles OU\n|rated|Tournament battle\n|rule|Species Clause: Limit one of each Pok\u00e9mon\n|rule|OHKO Clause: OHKO moves are banned\n|rule|Evasion Moves Clause: Evasion moves are banned\n|rule|Gravity Sleep Clause: The combination of sleep-inducing moves with imperfect accuracy and Gravity or Gigantamax Orbeetle are banned\n|rule|Endless Battle Clause: Forcing endless battles is banned\n|rule|HP Percentage Mod: HP is shown in percentages\n|clearpoke\n|poke|p1|Munchlax, F|\n|poke|p1|Varoom, M|\n|poke|p1|Swinub, M|\n|poke|p1|Dreepy, M|\n|poke|p1|Kricketune, F|\n|poke|p1|Hydreigon, F|\n|poke|p2|Vullaby, F|\n|poke|p2|Clodsire, M|\n|poke|p2|Stantler, F|\n|poke|p2|Shroodle, M|\n|poke|p2|Dragonair, M|\n|poke|p2|Sobble, M|\n|teampreview\n|j|*Lady Monita \u2746\n|c|\u2606ladymonitaishere|glhf\n|c|\u2606doodoodfgh|glhf\n|\n|t:|1701083593\n|start\n|switch|p1a: Swinub|Swinub, M|100\/100\n|switch|p1b: Munchlax|Munchlax, F|100\/100\n|switch|p2a: Shroodle|Shroodle, M|100\/100\n|switch|p2b: Clodsire|Clodsire, M|100\/100\n|turn|1\n|\n|t:|1701083612\n|move|p2a: Shroodle|Knock Off|p1b: Munchlax\n|-damage|p1b: Munchlax|86\/100\n|-enditem|p1b: Munchlax|Eviolite|[from] move: Knock Off|[of] p2a: Shroodle\n|move|p1a: Swinub|Stealth Rock|p2a: Shroodle\n|-sidestart|p2: ladymonitaishere|move: Stealth Rock\n|move|p2b: Clodsire|Curse|p2b: Clodsire\n|-unboost|p2b: Clodsire|spe|1\n|-boost|p2b: Clodsire|atk|1\n|-boost|p2b: Clodsire|def|1\n|move|p1b: Munchlax|Icy Wind|p2a: Shroodle|[spread] p2a,p2b\n|-crit|p2a: Shroodle\n|-supereffective|p2b: Clodsire\n|-damage|p2a: Shroodle|92\/100\n|-damage|p2b: Clodsire|96\/100\n|-unboost|p2a: Shroodle|spe|1\n|-unboost|p2b: Clodsire|spe|1\n|\n|-heal|p2b: Clodsire|100\/100|[from] item: Leftovers\n|upkeep\n|turn|2\n|j| Blonking\n|\n|t:|1701083631\n|move|p2a: Shroodle|Parting Shot|p1b: Munchlax\n|-unboost|p1b: Munchlax|atk|1\n|-unboost|p1b: Munchlax|spa|1\n|\n|t:|1701083635\n|switch|p2a: Vullaby|Vullaby, F|100\/100|[from] Parting Shot\n|-damage|p2a: Vullaby|75\/100|[from] Stealth Rock\n|move|p1a: Swinub|Icy Wind|p2b: Clodsire|[spread] p2b\n|-miss|p1a: Swinub|p2a: Vullaby\n|-supereffective|p2b: Clodsire\n|-damage|p2b: Clodsire|94\/100\n|-unboost|p2b: Clodsire|spe|1\n|move|p1b: Munchlax|Encore|p2b: Clodsire\n|-start|p2b: Clodsire|Encore\n|move|p2b: Clodsire|Curse|p2b: Clodsire\n|-unboost|p2b: Clodsire|spe|1\n|-boost|p2b: Clodsire|atk|1\n|-boost|p2b: Clodsire|def|1\n|\n|-heal|p2b: Clodsire|99\/100|[from] item: Leftovers\n|upkeep\n|turn|3\n|inactive|doodoodfgh has 120 seconds left.\n|\n|t:|1701083668\n|switch|p1b: Varoom|Varoom, M|100\/100\n|move|p2a: Vullaby|Toxic|p1b: Varoom|[miss]\n|-miss|p2a: Vullaby|p1b: Varoom\n|move|p1a: Swinub|Rock Slide|p2a: Vullaby|[spread] p2a\n|-miss|p1a: Swinub|p2b: Clodsire\n|-supereffective|p2a: Vullaby\n|-damage|p2a: Vullaby|62\/100\n|move|p2b: Clodsire|Curse|p2b: Clodsire\n|-unboost|p2b: Clodsire|spe|1\n|-boost|p2b: Clodsire|atk|1\n|-boost|p2b: Clodsire|def|1\n|\n|-heal|p2b: Clodsire|100\/100|[from] item: Leftovers\n|upkeep\n|turn|4\n|\n|t:|1701083680\n|move|p2a: Vullaby|Knock Off|p1b: Varoom\n|-damage|p1b: Varoom|85\/100\n|-enditem|p1b: Varoom|Eviolite|[from] move: Knock Off|[of] p2a: Vullaby\n|move|p1a: Swinub|Rock Slide|p2b: Clodsire|[spread] \n|-miss|p1a: Swinub|p2a: Vullaby\n|-miss|p1a: Swinub|p2b: Clodsire\n|move|p1b: Varoom|Haze|p1b: Varoom\n|-clearallboost\n|move|p2b: Clodsire|Curse|p2b: Clodsire\n|-unboost|p2b: Clodsire|spe|1\n|-boost|p2b: Clodsire|atk|1\n|-boost|p2b: Clodsire|def|1\n|\n|-end|p2b: Clodsire|Encore\n|upkeep\n|turn|5\n|\n|t:|1701083703\n|move|p2a: Vullaby|Knock Off|p1a: Swinub\n|-damage|p1a: Swinub|69\/100\n|-enditem|p1a: Swinub|Eviolite|[from] move: Knock Off|[of] p2a: Vullaby\n|move|p1a: Swinub|Icy Wind|p2a: Vullaby|[spread] p2b\n|-miss|p1a: Swinub|p2a: Vullaby\n|-supereffective|p2b: Clodsire\n|-damage|p2b: Clodsire|94\/100\n|-unboost|p2b: Clodsire|spe|1\n|move|p1b: Varoom|Parting Shot|p2b: Clodsire\n|-unboost|p2b: Clodsire|atk|1\n|-unboost|p2b: Clodsire|spa|1\n|\n|t:|1701083711\n|switch|p1b: Hydreigon|Hydreigon, F|100\/100|[from] Parting Shot\n|move|p2b: Clodsire|Earthquake|p1b: Hydreigon|[spread] p1a\n|-immune|p2a: Vullaby\n|-immune|p1b: Hydreigon|[from] ability: Levitate\n|-damage|p1a: Swinub|23\/100\n|\n|-heal|p2b: Clodsire|99\/100|[from] item: Leftovers\n|upkeep\n|turn|6\n|\n|t:|1701083724\n|move|p1b: Hydreigon|Earth Power|p2b: Clodsire\n|-supereffective|p2b: Clodsire\n|-damage|p2b: Clodsire|54\/100\n|move|p2a: Vullaby|Knock Off|p1b: Hydreigon\n|-resisted|p1b: Hydreigon\n|-damage|p1b: Hydreigon|89\/100\n|-enditem|p1b: Hydreigon|Choice Specs|[from] move: Knock Off|[of] p2a: Vullaby\n|move|p1a: Swinub|Icy Wind|p2b: Clodsire|[spread] p2a,p2b\n|-supereffective|p2a: Vullaby\n|-supereffective|p2b: Clodsire\n|-damage|p2a: Vullaby|50\/100\n|-damage|p2b: Clodsire|48\/100\n|-unboost|p2a: Vullaby|spe|1\n|-unboost|p2b: Clodsire|spe|1\n|move|p2b: Clodsire|Poison Jab|p1b: Hydreigon\n|-damage|p1b: Hydreigon|64\/100\n|\n|-heal|p2b: Clodsire|54\/100|[from] item: Leftovers\n|upkeep\n|turn|7\n|\n|t:|1701083741\n|move|p1b: Hydreigon|Earth Power|p2b: Clodsire\n|-supereffective|p2b: Clodsire\n|-damage|p2b: Clodsire|19\/100\n|-unboost|p2b: Clodsire|spd|1\n|move|p1a: Swinub|Rock Slide|p2a: Vullaby|[spread] p2a,p2b\n|-supereffective|p2a: Vullaby\n|-resisted|p2b: Clodsire\n|-damage|p2a: Vullaby|38\/100\n|-damage|p2b: Clodsire|15\/100\n|move|p2a: Vullaby|Roost|p2a: Vullaby\n|-heal|p2a: Vullaby|88\/100\n|-singleturn|p2a: Vullaby|move: Roost\n|cant|p2b: Clodsire|flinch\n|\n|-heal|p2b: Clodsire|21\/100|[from] item: Leftovers\n|upkeep\n|turn|8\n|\n|t:|1701083758\n|switch|p2b: Sobble|Sobble, M|100\/100\n|-damage|p2b: Sobble|88\/100|[from] Stealth Rock\n|move|p1b: Hydreigon|Dragon Pulse|p2b: Sobble\n|-damage|p2b: Sobble|51\/100\n|move|p1a: Swinub|Icy Wind|p2a: Vullaby|[spread] p2b\n|-miss|p1a: Swinub|p2a: Vullaby\n|-resisted|p2b: Sobble\n|-damage|p2b: Sobble|48\/100\n|-unboost|p2b: Sobble|spe|1\n|move|p2a: Vullaby|Toxic|p1b: Hydreigon\n|-status|p1b: Hydreigon|tox\n|\n|-damage|p1b: Hydreigon|58\/100 tox|[from] psn\n|upkeep\n|turn|9\n|\n|t:|1701083775\n|switch|p1b: Kricketune|Kricketune, F|100\/100\n|move|p2b: Sobble|Protect|p2b: Sobble\n|-singleturn|p2b: Sobble|Protect\n|move|p1a: Swinub|Rock Slide|p2a: Vullaby|[spread] p2a\n|-activate|p2b: Sobble|move: Protect\n|-supereffective|p2a: Vullaby\n|-damage|p2a: Vullaby|74\/100\n|cant|p2a: Vullaby|flinch\n|\n|upkeep\n|turn|10\n|\n|t:|1701083787\n|move|p1b: Kricketune|Sticky Web|p2a: Vullaby\n|-sidestart|p2: ladymonitaishere|move: Sticky Web\n|move|p1a: Swinub|Icy Wind|p2a: Vullaby|[spread] p2a,p2b\n|-supereffective|p2a: Vullaby\n|-resisted|p2b: Sobble\n|-damage|p2a: Vullaby|64\/100\n|-damage|p2b: Sobble|45\/100\n|-unboost|p2a: Vullaby|spe|1\n|-unboost|p2b: Sobble|spe|1\n|move|p2b: Sobble|Substitute|p2b: Sobble\n|-start|p2b: Sobble|Substitute\n|-damage|p2b: Sobble|20\/100\n|move|p2a: Vullaby|Knock Off|p1b: Kricketune\n|-damage|p1b: Kricketune|64\/100\n|-enditem|p1b: Kricketune|Focus Sash|[from] move: Knock Off|[of] p2a: Vullaby\n|\n|upkeep\n|turn|11\n|l| Blonking\n|\n|t:|1701083800\n|move|p2b: Sobble|Sucker Punch|p1a: Swinub\n|-damage|p1a: Swinub|3\/100\n|move|p1b: Kricketune|Knock Off|p2a: Vullaby\n|-resisted|p2a: Vullaby\n|-damage|p2a: Vullaby|56\/100\n|-enditem|p2a: Vullaby|Eviolite|[from] move: Knock Off|[of] p1b: Kricketune\n|move|p1a: Swinub|Rock Slide|p2b: Sobble|[spread] p2a,p2b\n|-crit|p2b: Sobble\n|-end|p2b: Sobble|Substitute\n|-supereffective|p2a: Vullaby\n|-damage|p2a: Vullaby|35\/100\n|move|p2a: Vullaby|Foul Play|p1b: Kricketune\n|-damage|p1b: Kricketune|1\/100\n|\n|upkeep\n|turn|12\n|j| Blonking\n|\n|t:|1701083809\n|move|p2b: Sobble|Sucker Punch|p1b: Kricketune\n|-damage|p1b: Kricketune|0 fnt\n|faint|p1b: Kricketune\n|move|p1a: Swinub|Rock Slide|p2b: Sobble|[spread] p2a,p2b\n|-supereffective|p2a: Vullaby\n|-damage|p2a: Vullaby|16\/100\n|-damage|p2b: Sobble|0 fnt\n|faint|p2b: Sobble\n|move|p2a: Vullaby|Roost|p2a: Vullaby\n|-heal|p2a: Vullaby|66\/100\n|-singleturn|p2a: Vullaby|move: Roost\n|\n|upkeep\n|\n|t:|1701083817\n|switch|p2b: Shroodle|Shroodle, M|92\/100\n|switch|p1b: Hydreigon|Hydreigon, F|58\/100 tox\n|-damage|p2b: Shroodle|80\/100|[from] Stealth Rock\n|-activate|p2b: Shroodle|move: Sticky Web\n|-unboost|p2b: Shroodle|spe|1\n|turn|13\n|inactive|doodoodfgh has 120 seconds left.\n|\n|t:|1701083851\n|-terastallize|p1b: Hydreigon|Steel\n|move|p2b: Shroodle|Parting Shot|p1b: Hydreigon\n|-unboost|p1b: Hydreigon|atk|1\n|-unboost|p1b: Hydreigon|spa|1\n|\n|t:|1701083863\n|switch|p2b: Clodsire|Clodsire, M|21\/100|[from] Parting Shot\n|-damage|p2b: Clodsire|15\/100|[from] Stealth Rock\n|-activate|p2b: Clodsire|move: Sticky Web\n|-unboost|p2b: Clodsire|spe|1\n|move|p1b: Hydreigon|Earth Power|p2b: Clodsire\n|-supereffective|p2b: Clodsire\n|-damage|p2b: Clodsire|0 fnt\n|faint|p2b: Clodsire\n|move|p1a: Swinub|Icy Wind|p2a: Vullaby\n|-supereffective|p2a: Vullaby\n|-damage|p2a: Vullaby|43\/100\n|-unboost|p2a: Vullaby|spe|1\n|move|p2a: Vullaby|Roost|p2a: Vullaby\n|-heal|p2a: Vullaby|93\/100\n|-singleturn|p2a: Vullaby|move: Roost\n|\n|-damage|p1b: Hydreigon|52\/100 tox|[from] psn\n|upkeep\n|\n|t:|1701083866\n|switch|p2b: Shroodle|Shroodle, M|80\/100\n|-damage|p2b: Shroodle|67\/100|[from] Stealth Rock\n|-activate|p2b: Shroodle|move: Sticky Web\n|-unboost|p2b: Shroodle|spe|1\n|turn|14\n|\n|t:|1701083887\n|switch|p1b: Varoom|Varoom, M|85\/100\n|move|p2b: Shroodle|Helping Hand|p2a: Vullaby\n|-singleturn|p2a: Vullaby|Helping Hand|[of] p2b: Shroodle\n|move|p1a: Swinub|Icy Wind|p2a: Vullaby|[spread] p2a,p2b\n|-supereffective|p2a: Vullaby\n|-damage|p2a: Vullaby|75\/100\n|-damage|p2b: Shroodle|61\/100\n|-unboost|p2a: Vullaby|spe|1\n|-unboost|p2b: Shroodle|spe|1\n|move|p2a: Vullaby|Foul Play|p1b: Varoom\n|-damage|p1b: Varoom|43\/100\n|\n|upkeep\n|turn|15\n|inactive|doodoodfgh has 120 seconds left.\n|inactive|doodoodfgh has 90 seconds left.\n|\n|t:|1701083969\n|move|p1a: Swinub|Rock Slide|p2b: Shroodle|[spread] p2a,p2b\n|-supereffective|p2a: Vullaby\n|-damage|p2a: Vullaby|56\/100\n|-damage|p2b: Shroodle|39\/100\n|move|p1b: Varoom|Acid Spray|p2a: Vullaby\n|-damage|p2a: Vullaby|47\/100\n|-unboost|p2a: Vullaby|spd|2\n|move|p2b: Shroodle|Knock Off|p1a: Swinub\n|-damage|p1a: Swinub|0 fnt\n|faint|p1a: Swinub\n|move|p2a: Vullaby|Foul Play|p1b: Varoom\n|-damage|p1b: Varoom|17\/100\n|\n|upkeep\n|\n|t:|1701083976\n|switch|p1a: Munchlax|Munchlax, F|86\/100\n|turn|16\n|inactive|doodoodfgh has 90 seconds left.\n|\n|t:|1701084002\n|move|p1b: Varoom|Acid Spray|p2a: Vullaby\n|-damage|p2a: Vullaby|30\/100\n|-unboost|p2a: Vullaby|spd|2\n|move|p2b: Shroodle|Knock Off|p1b: Varoom\n|-damage|p1b: Varoom|6\/100\n|move|p2a: Vullaby|Toxic|p1a: Munchlax\n|-status|p1a: Munchlax|tox\n|move|p1a: Munchlax|Icy Wind|p2a: Vullaby|[spread] p2a,p2b\n|-supereffective|p2a: Vullaby\n|-damage|p2a: Vullaby|0 fnt\n|-damage|p2b: Shroodle|34\/100\n|-unboost|p2b: Shroodle|spe|1\n|faint|p2a: Vullaby\n|\n|-damage|p1a: Munchlax|80\/100 tox|[from] psn\n|upkeep\n|inactive|ladymonitaishere has 120 seconds left.\n|\n|t:|1701084015\n|switch|p2a: Dragonair|Dragonair, M|100\/100\n|-damage|p2a: Dragonair|88\/100|[from] Stealth Rock\n|-activate|p2a: Dragonair|move: Sticky Web\n|-unboost|p2a: Dragonair|spe|1\n|turn|17\n|\n|t:|1701084029\n|move|p2a: Dragonair|Dragon Dance|p2a: Dragonair\n|-boost|p2a: Dragonair|atk|1\n|-boost|p2a: Dragonair|spe|1\n|move|p1b: Varoom|Acid Spray|p2a: Dragonair\n|-damage|p2a: Dragonair|81\/100\n|-unboost|p2a: Dragonair|spd|2\n|move|p2b: Shroodle|Knock Off|p1b: Varoom\n|-crit|p1b: Varoom\n|-damage|p1b: Varoom|0 fnt\n|faint|p1b: Varoom\n|move|p1a: Munchlax|Icy Wind|p2a: Dragonair|[spread] p2a,p2b\n|-supereffective|p2a: Dragonair\n|-damage|p2a: Dragonair|61\/100\n|-damage|p2b: Shroodle|29\/100\n|-unboost|p2a: Dragonair|spe|1\n|-unboost|p2b: Shroodle|spe|1\n|\n|-damage|p1a: Munchlax|68\/100 tox|[from] psn\n|upkeep\n|\n|t:|1701084035\n|switch|p1b: Dreepy|Dreepy, M|100\/100\n|turn|18\n|inactive|doodoodfgh has 120 seconds left.\n|\n|t:|1701084053\n|-terastallize|p2a: Dragonair|Normal\n|move|p1b: Dreepy|Confuse Ray|p2b: Shroodle\n|-start|p2b: Shroodle|confusion\n|move|p2a: Dragonair|Dragon Dance|p2a: Dragonair\n|-boost|p2a: Dragonair|atk|1\n|-boost|p2a: Dragonair|spe|1\n|-activate|p2b: Shroodle|confusion\n|move|p2b: Shroodle|Knock Off|p1b: Dreepy\n|-supereffective|p1b: Dreepy\n|-damage|p1b: Dreepy|2\/100\n|-enditem|p1b: Dreepy|Focus Sash|[from] move: Knock Off|[of] p2b: Shroodle\n|move|p1a: Munchlax|Icy Wind|p2b: Shroodle|[spread] p2a,p2b\n|-damage|p2a: Dragonair|50\/100\n|-damage|p2b: Shroodle|23\/100\n|-unboost|p2a: Dragonair|spe|1\n|-unboost|p2b: Shroodle|spe|1\n|\n|-damage|p1a: Munchlax|49\/100 tox|[from] psn\n|upkeep\n|turn|19\n|inactive|doodoodfgh has 120 seconds left.\n|inactive|ladymonitaishere has 120 seconds left.\n|\n|t:|1701084084\n|move|p2a: Dragonair|Protect|p2a: Dragonair\n|-singleturn|p2a: Dragonair|Protect\n|move|p1b: Dreepy|Thunder Wave|p2a: Dragonair\n|-activate|p2a: Dragonair|move: Protect\n|-activate|p2b: Shroodle|confusion\n|-damage|p2b: Shroodle|5\/100|[from] confusion\n|move|p1a: Munchlax|Icy Wind|p2b: Shroodle|[spread] p2b\n|-activate|p2a: Dragonair|move: Protect\n|-damage|p2b: Shroodle|0 fnt\n|faint|p2b: Shroodle\n|\n|-damage|p1a: Munchlax|25\/100 tox|[from] psn\n|upkeep\n|inactive|ladymonitaishere has 120 seconds left.\n|l| Blonking\n|\n|t:|1701084091\n|switch|p2b: Stantler|Stantler, F|100\/100\n|-damage|p2b: Stantler|88\/100|[from] Stealth Rock\n|-activate|p2b: Stantler|move: Sticky Web\n|-unboost|p2b: Stantler|spe|1\n|-ability|p2b: Stantler|Intimidate|boost\n|-unboost|p1a: Munchlax|atk|1\n|-fail|p1b: Dreepy|unboost|[from] ability: Clear Body|[of] p1b: Dreepy\n|turn|20\n|\n|t:|1701084108\n|move|p2a: Dragonair|Extreme Speed|p1a: Munchlax\n|-damage|p1a: Munchlax|0 fnt\n|faint|p1a: Munchlax\n|move|p1b: Dreepy|Confuse Ray|p2b: Stantler\n|-start|p2b: Stantler|confusion\n|-activate|p2b: Stantler|confusion\n|move|p2b: Stantler|Psyshield Bash|p1b: Dreepy\n|-damage|p1b: Dreepy|0 fnt\n|-boost|p2b: Stantler|def|1\n|faint|p1b: Dreepy\n|\n|upkeep\n|\n|t:|1701084114\n|switch|p1b: Hydreigon|Hydreigon, F, tera:Steel|52\/100 tox\n|turn|21\n|\n|t:|1701084122\n|-activate|p2b: Stantler|confusion\n|move|p2b: Stantler|Protect|p2b: Stantler\n|-singleturn|p2b: Stantler|Protect\n|move|p2a: Dragonair|Protect|p2a: Dragonair\n|-singleturn|p2a: Dragonair|Protect\n|move|p1b: Hydreigon|Dragon Pulse|p2b: Stantler\n|-activate|p2b: Stantler|move: Protect\n|\n|-damage|p1b: Hydreigon|46\/100 tox|[from] psn\n|upkeep\n|turn|22\n|j| ishikusan\n|j| T.G.W Galladee\n|\n|t:|1701084139\n|move|p1b: Hydreigon|Dark Pulse|p2b: Stantler\n|-damage|p2b: Stantler|39\/100\n|-activate|p2b: Stantler|confusion\n|move|p2b: Stantler|Psyshield Bash|p1b: Hydreigon\n|-resisted|p1b: Hydreigon\n|-damage|p1b: Hydreigon|34\/100 tox\n|-boost|p2b: Stantler|def|1\n|move|p2a: Dragonair|Outrage|p1b: Hydreigon\n|-resisted|p1b: Hydreigon\n|-crit|p1b: Hydreigon\n|-damage|p1b: Hydreigon|0 fnt\n|faint|p1b: Hydreigon\n|\n|win|ladymonitaishere\n|n|\u2606doodoodfgh|doodoodfgh\n|n|\u2606ladymonitaishere|ladymonitaishere\n|n|*Lady Monita \u2746|ladymonita\n|n| ishikusan|ishikusan\n|n| T.G.W Galladee|tgwgalladee\n","uploadtime":1701084140,"views":6,"p1id":"doodoodfgh","p2id":"ladymonitaishere","formatid":"gen9doublesou","rating":0,"private":0,"password":""}