{"id":"gen9doublesou-1980031580","p1":"Colezy02","p2":"Soymir","format":"[Gen 9] Doubles OU","log":"|j|\u2606Colezy02\n|j|\u2606Soymir\n|t:|1698749189\n|gametype|doubles\n|player|p1|Colezy02|fisherman|1102\n|player|p2|Soymir|102|1034\n|teamsize|p1|6\n|teamsize|p2|6\n|gen|9\n|tier|[Gen 9] Doubles OU\n|rated|\n|rule|Species Clause: Limit one of each Pok\u00e9mon\n|rule|OHKO Clause: OHKO moves are banned\n|rule|Evasion Moves Clause: Evasion moves are banned\n|rule|Gravity Sleep Clause: The combination of sleep-inducing moves with imperfect accuracy and Gravity or Gigantamax Orbeetle are banned\n|rule|Endless Battle Clause: Forcing endless battles is banned\n|rule|HP Percentage Mod: HP is shown in percentages\n|clearpoke\n|poke|p1|Abomasnow, F|\n|poke|p1|Cetitan, F|\n|poke|p1|Hydreigon, M|\n|poke|p1|Dragonite, F|\n|poke|p1|Garganacl, M|\n|poke|p1|Armarouge, M|\n|poke|p2|Dugtrio, F|\n|poke|p2|Muk-Alola, M|\n|poke|p2|Scream Tail|\n|poke|p2|Landorus-Therian, M|\n|poke|p2|Clefable, F|\n|poke|p2|Garganacl, F|\n|teampreview\n|\n|t:|1698749202\n|start\n|switch|p1a: Abomasnow|Abomasnow, F|100\/100\n|switch|p1b: Cetitan|Cetitan, F|100\/100\n|switch|p2a: Dugtrio|Dugtrio, F, shiny|100\/100\n|switch|p2b: Scream Tail|Scream Tail|100\/100\n|-weather|Snow|[from] ability: Snow Warning|[of] p1a: Abomasnow\n|turn|1\n|\n|t:|1698749226\n|move|p2a: Dugtrio|Protect|p2a: Dugtrio\n|-singleturn|p2a: Dugtrio|Protect\n|move|p1b: Cetitan|Icicle Crash|p2a: Dugtrio\n|-activate|p2a: Dugtrio|move: Protect\n|move|p2b: Scream Tail|Perish Song|p2b: Scream Tail\n|-start|p1a: Abomasnow|perish3|[silent]\n|-start|p1b: Cetitan|perish3|[silent]\n|-start|p2a: Dugtrio|perish3|[silent]\n|-start|p2b: Scream Tail|perish3|[silent]\n|-fieldactivate|move: Perish Song\n|move|p1a: Abomasnow|Aurora Veil|p1a: Abomasnow\n|-sidestart|p1: Colezy02|move: Aurora Veil\n|\n|-weather|Snow|[upkeep]\n|-start|p1b: Cetitan|perish3\n|-start|p2a: Dugtrio|perish3\n|-start|p2b: Scream Tail|perish3\n|-start|p1a: Abomasnow|perish3\n|upkeep\n|turn|2\n|\n|t:|1698749261\n|move|p2a: Dugtrio|Protect||[still]\n|-fail|p2a: Dugtrio\n|move|p1b: Cetitan|Icicle Crash|p2a: Dugtrio\n|-supereffective|p2a: Dugtrio\n|-enditem|p2a: Dugtrio|Focus Sash\n|-damage|p2a: Dugtrio|1\/100\n|move|p2b: Scream Tail|Encore|p1a: Abomasnow\n|-start|p1a: Abomasnow|Encore\n|move|p1a: Abomasnow|Aurora Veil||[still]\n|-fail|p1a: Abomasnow\n|\n|-weather|Snow|[upkeep]\n|-start|p1b: Cetitan|perish2\n|-start|p2a: Dugtrio|perish2\n|-start|p2b: Scream Tail|perish2\n|-start|p1a: Abomasnow|perish2\n|upkeep\n|turn|3\n|\n|t:|1698749312\n|-end|p2b: Scream Tail|Protosynthesis|[silent]\n|switch|p2b: Muk|Muk-Alola, M|100\/100\n|move|p1b: Cetitan|Heavy Slam|p2b: Muk\n|-damage|p2b: Muk|73\/100\n|move|p2a: Dugtrio|Memento|p1b: Cetitan\n|-unboost|p1b: Cetitan|atk|2\n|-unboost|p1b: Cetitan|spa|2\n|faint|p2a: Dugtrio\n|-ability|p2b: Muk|Arena Trap|[from] ability: Power of Alchemy|[of] p2a: Dugtrio\n|move|p1a: Abomasnow|Aurora Veil||[still]\n|-fail|p1a: Abomasnow\n|\n|-weather|Snow|[upkeep]\n|-start|p1b: Cetitan|perish1\n|-start|p1a: Abomasnow|perish1\n|upkeep\n|\n|t:|1698749332\n|switch|p2a: Scream Tail|Scream Tail|100\/100\n|turn|4\n|\n|t:|1698749349\n|move|p2a: Scream Tail|Protect|p2a: Scream Tail\n|-singleturn|p2a: Scream Tail|Protect\n|move|p2b: Muk|Protect|p2b: Muk\n|-singleturn|p2b: Muk|Protect\n|move|p1b: Cetitan|Heavy Slam|p2a: Scream Tail\n|-activate|p2a: Scream Tail|move: Protect\n|move|p1a: Abomasnow|Aurora Veil||[still]\n|-fail|p1a: Abomasnow\n|\n|-weather|Snow|[upkeep]\n|-end|p1a: Abomasnow|Encore\n|-start|p1b: Cetitan|perish0\n|-start|p1a: Abomasnow|perish0\n|faint|p1b: Cetitan\n|faint|p1a: Abomasnow\n|upkeep\n|\n|t:|1698749373\n|switch|p1b: Garganacl|Garganacl, M|100\/100\n|switch|p1a: Dragonite|Dragonite, F|100\/100\n|turn|5\n|\n|t:|1698749412\n|-end|p2a: Scream Tail|Protosynthesis|[silent]\n|switch|p2a: Clefable|Clefable, F|100\/100\n|move|p2b: Muk|Protect||[still]\n|-fail|p2b: Muk\n|move|p1a: Dragonite|Extreme Speed|p2a: Clefable\n|-damage|p2a: Clefable|75\/100\n|move|p1b: Garganacl|Salt Cure|p2a: Clefable\n|-damage|p2a: Clefable|62\/100\n|-start|p2a: Clefable|Salt Cure\n|\n|-weather|none\n|-sideend|p1: Colezy02|move: Aurora Veil\n|-status|p2a: Clefable|brn|[from] item: Flame Orb\n|upkeep\n|turn|6\n|\n|t:|1698749442\n|move|p2a: Clefable|Follow Me|p2a: Clefable\n|-singleturn|p2a: Clefable|move: Follow Me\n|move|p1a: Dragonite|Dragon Claw|p2a: Clefable\n|-immune|p2a: Clefable\n|move|p2b: Muk|Knock Off|p1b: Garganacl\n|-damage|p1b: Garganacl|78\/100\n|-enditem|p1b: Garganacl|Leftovers|[from] move: Knock Off|[of] p2b: Muk\n|move|p1b: Garganacl|Salt Cure|p2a: Clefable\n|-damage|p2a: Clefable|49\/100 brn\n|\n|upkeep\n|turn|7\n|\n|t:|1698749465\n|move|p2b: Muk|Protect|p2b: Muk\n|-singleturn|p2b: Muk|Protect\n|move|p1a: Dragonite|Extreme Speed|p2a: Clefable\n|-damage|p2a: Clefable|22\/100 brn\n|move|p2a: Clefable|Trick|p1a: Dragonite\n|-activate|p2a: Clefable|move: Trick|[of] p1a: Dragonite\n|-item|p1a: Dragonite|Flame Orb|[from] move: Trick\n|-item|p2a: Clefable|Sitrus Berry|[from] move: Trick\n|-enditem|p2a: Clefable|Sitrus Berry|[eat]\n|-heal|p2a: Clefable|47\/100 brn|[from] item: Sitrus Berry\n|move|p1b: Garganacl|Iron Defense|p1b: Garganacl\n|-boost|p1b: Garganacl|def|2\n|\n|-status|p1a: Dragonite|brn|[from] item: Flame Orb\n|upkeep\n|turn|8\n|\n|t:|1698749498\n|move|p1a: Dragonite|Extreme Speed|p2a: Clefable\n|-damage|p2a: Clefable|35\/100 brn\n|move|p2a: Clefable|Follow Me|p2a: Clefable\n|-singleturn|p2a: Clefable|move: Follow Me\n|move|p2b: Muk|Knock Off|p1b: Garganacl\n|-crit|p1b: Garganacl\n|-damage|p1b: Garganacl|53\/100\n|move|p1b: Garganacl|Salt Cure|p2a: Clefable\n|-damage|p2a: Clefable|21\/100 brn\n|\n|-damage|p1a: Dragonite|94\/100 brn|[from] brn\n|upkeep\n|turn|9\n|\n|t:|1698749550\n|move|p2b: Muk|Protect|p2b: Muk\n|-singleturn|p2b: Muk|Protect\n|move|p1a: Dragonite|Brick Break|p2a: Clefable\n|-resisted|p2a: Clefable\n|-damage|p2a: Clefable|15\/100 brn\n|move|p2a: Clefable|Trick|p1a: Dragonite\n|-activate|p2a: Clefable|move: Trick|[of] p1a: Dragonite\n|-enditem|p1a: Dragonite|Flame Orb|[silent]|[from] move: Trick\n|-item|p2a: Clefable|Flame Orb|[from] move: Trick\n|move|p1b: Garganacl|Salt Cure|p2a: Clefable\n|-damage|p2a: Clefable|3\/100 brn\n|\n|-damage|p1a: Dragonite|88\/100 brn|[from] brn\n|upkeep\n|turn|10\n|\n|t:|1698749576\n|move|p2b: Muk|Protect||[still]\n|-fail|p2b: Muk\n|move|p1a: Dragonite|Extreme Speed|p2a: Clefable\n|-crit|p2a: Clefable\n|-damage|p2a: Clefable|0 fnt\n|faint|p2a: Clefable\n|move|p1b: Garganacl|Recover|p1b: Garganacl\n|-heal|p1b: Garganacl|100\/100\n|\n|-damage|p1a: Dragonite|82\/100 brn|[from] brn\n|upkeep\n|\n|t:|1698749596\n|switch|p2a: Landorus|Landorus-Therian, M|100\/100\n|-ability|p2a: Landorus|Intimidate|boost\n|-unboost|p1a: Dragonite|atk|1\n|-unboost|p1b: Garganacl|atk|1\n|turn|11\n|\n|t:|1698749607\n|move|p2b: Muk|Protect|p2b: Muk\n|-singleturn|p2b: Muk|Protect\n|move|p2a: Landorus|Stomping Tantrum|p1b: Garganacl\n|-supereffective|p1b: Garganacl\n|-damage|p1b: Garganacl|73\/100\n|move|p1a: Dragonite|Dragon Claw|p2b: Muk\n|-activate|p2b: Muk|move: Protect\n|move|p1b: Garganacl|Salt Cure|p2b: Muk\n|-activate|p2b: Muk|move: Protect\n|\n|-damage|p1a: Dragonite|76\/100 brn|[from] brn\n|upkeep\n|turn|12\n|\n|t:|1698749628\n|switch|p2a: Garganacl|Garganacl, F|100\/100\n|move|p1a: Dragonite|Dragon Claw|p2b: Muk\n|-damage|p2b: Muk|61\/100\n|move|p2b: Muk|Acid Armor|p2b: Muk\n|-boost|p2b: Muk|def|2\n|move|p1b: Garganacl|Salt Cure|p2a: Garganacl\n|-damage|p2a: Garganacl|95\/100\n|-start|p2a: Garganacl|Salt Cure\n|\n|-heal|p2a: Garganacl|100\/100|[from] item: Leftovers\n|-damage|p1a: Dragonite|70\/100 brn|[from] brn\n|-damage|p2a: Garganacl|88\/100|[from] Salt Cure\n|upkeep\n|turn|13\n|\n|t:|1698749674\n|move|p2b: Muk|Protect|p2b: Muk\n|-singleturn|p2b: Muk|Protect\n|move|p1a: Dragonite|Dragon Claw|p2b: Muk\n|-activate|p2b: Muk|move: Protect\n|move|p1b: Garganacl|Salt Cure|p2b: Muk\n|-activate|p2b: Muk|move: Protect\n|move|p2a: Garganacl|Salt Cure|p1b: Garganacl\n|-damage|p1b: Garganacl|68\/100\n|-start|p1b: Garganacl|Salt Cure\n|\n|-heal|p2a: Garganacl|94\/100|[from] item: Leftovers\n|-damage|p1a: Dragonite|63\/100 brn|[from] brn\n|-damage|p2a: Garganacl|82\/100|[from] Salt Cure\n|-damage|p1b: Garganacl|56\/100|[from] Salt Cure\n|upkeep\n|turn|14\n|\n|t:|1698749719\n|move|p1a: Dragonite|Brick Break|p2a: Garganacl\n|-supereffective|p2a: Garganacl\n|-damage|p2a: Garganacl|72\/100\n|move|p2b: Muk|Rest|p2b: Muk\n|-status|p2b: Muk|slp|[from] move: Rest\n|-heal|p2b: Muk|100\/100 slp|[silent]\n|-enditem|p2b: Muk|Chesto Berry|[eat]\n|-curestatus|p2b: Muk|slp|[msg]\n|move|p1b: Garganacl|Recover|p1b: Garganacl\n|-heal|p1b: Garganacl|100\/100\n|move|p2a: Garganacl|Salt Cure|p1a: Dragonite\n|-supereffective|p1a: Dragonite\n|-damage|p1a: Dragonite|31\/100 brn\n|-start|p1a: Dragonite|Salt Cure\n|\n|-heal|p2a: Garganacl|78\/100|[from] item: Leftovers\n|-damage|p1a: Dragonite|25\/100 brn|[from] brn\n|-damage|p1a: Dragonite|13\/100 brn|[from] Salt Cure\n|-damage|p2a: Garganacl|66\/100|[from] Salt Cure\n|-damage|p1b: Garganacl|88\/100|[from] Salt Cure\n|upkeep\n|turn|15\n|\n|t:|1698749748\n|switch|p2a: Landorus|Landorus-Therian, M|100\/100\n|-ability|p2a: Landorus|Intimidate|boost\n|-unboost|p1a: Dragonite|atk|1\n|-unboost|p1b: Garganacl|atk|1\n|move|p2b: Muk|Protect|p2b: Muk\n|-singleturn|p2b: Muk|Protect\n|move|p1a: Dragonite|Brick Break|p2a: Landorus\n|-resisted|p2a: Landorus\n|-damage|p2a: Landorus|97\/100\n|move|p1b: Garganacl|Salt Cure|p2b: Muk\n|-activate|p2b: Muk|move: Protect\n|\n|-damage|p1a: Dragonite|7\/100 brn|[from] brn\n|-damage|p1a: Dragonite|0 fnt|[from] Salt Cure\n|faint|p1a: Dragonite\n|-damage|p1b: Garganacl|76\/100|[from] Salt Cure\n|upkeep\n|\n|t:|1698749795\n|switch|p1a: Hydreigon|Hydreigon, M|100\/100\n|turn|16\n|\n|t:|1698749827\n|move|p1a: Hydreigon|Dark Pulse|p2a: Landorus\n|-damage|p2a: Landorus|32\/100\n|-damage|p1a: Hydreigon|91\/100|[from] item: Life Orb\n|move|p2a: Landorus|Smack Down|p1a: Hydreigon\n|-damage|p1a: Hydreigon|70\/100\n|-start|p1a: Hydreigon|Smack Down\n|move|p2b: Muk|Acid Armor|p2b: Muk\n|-boost|p2b: Muk|def|2\n|move|p1b: Garganacl|Salt Cure|p2a: Landorus\n|-damage|p2a: Landorus|23\/100\n|-start|p2a: Landorus|Salt Cure\n|\n|-damage|p2a: Landorus|11\/100|[from] Salt Cure\n|-damage|p1b: Garganacl|64\/100|[from] Salt Cure\n|upkeep\n|turn|17\n|\n|t:|1698749849\n|switch|p2a: Garganacl|Garganacl, F|66\/100\n|move|p2b: Muk|Protect|p2b: Muk\n|-singleturn|p2b: Muk|Protect\n|move|p1a: Hydreigon|Dark Pulse|p2a: Garganacl\n|-damage|p2a: Garganacl|21\/100\n|-damage|p1a: Hydreigon|60\/100|[from] item: Life Orb\n|move|p1b: Garganacl|Salt Cure|p2b: Muk\n|-activate|p2b: Muk|move: Protect\n|\n|-heal|p2a: Garganacl|27\/100|[from] item: Leftovers\n|-damage|p1b: Garganacl|51\/100|[from] Salt Cure\n|upkeep\n|turn|18\n|\n|t:|1698749884\n|switch|p2a: Scream Tail|Scream Tail|100\/100\n|move|p1a: Hydreigon|Dark Pulse|p2a: Scream Tail\n|-damage|p2a: Scream Tail|68\/100\n|-damage|p1a: Hydreigon|50\/100|[from] item: Life Orb\n|move|p2b: Muk|Knock Off|p1a: Hydreigon\n|-resisted|p1a: Hydreigon\n|-damage|p1a: Hydreigon|31\/100\n|-enditem|p1a: Hydreigon|Life Orb|[from] move: Knock Off|[of] p2b: Muk\n|move|p1b: Garganacl|Salt Cure|p2b: Muk\n|-damage|p2b: Muk|98\/100\n|-start|p2b: Muk|Salt Cure\n|\n|-damage|p2b: Muk|86\/100|[from] Salt Cure\n|-damage|p1b: Garganacl|39\/100|[from] Salt Cure\n|upkeep\n|turn|19\n|\n|t:|1698749912\n|move|p1a: Hydreigon|Dark Pulse|p2a: Scream Tail\n|-damage|p2a: Scream Tail|39\/100\n|cant|p2a: Scream Tail|flinch\n|move|p2b: Muk|Knock Off|p1a: Hydreigon\n|-resisted|p1a: Hydreigon\n|-damage|p1a: Hydreigon|18\/100\n|move|p1b: Garganacl|Salt Cure|p2a: Scream Tail\n|-damage|p2a: Scream Tail|35\/100\n|-start|p2a: Scream Tail|Salt Cure\n|\n|-damage|p2a: Scream Tail|22\/100|[from] Salt Cure\n|-damage|p2b: Muk|74\/100|[from] Salt Cure\n|-damage|p1b: Garganacl|27\/100|[from] Salt Cure\n|upkeep\n|turn|20\n|\n|t:|1698749939\n|-end|p2a: Scream Tail|Protosynthesis|[silent]\n|switch|p2a: Landorus|Landorus-Therian, M|11\/100\n|-ability|p2a: Landorus|Intimidate|boost\n|-unboost|p1a: Hydreigon|atk|1\n|-unboost|p1b: Garganacl|atk|1\n|move|p1a: Hydreigon|Dark Pulse|p2a: Landorus\n|-damage|p2a: Landorus|0 fnt\n|faint|p2a: Landorus\n|move|p2b: Muk|Knock Off|p1a: Hydreigon\n|-resisted|p1a: Hydreigon\n|-crit|p1a: Hydreigon\n|-damage|p1a: Hydreigon|0 fnt\n|faint|p1a: Hydreigon\n|move|p1b: Garganacl|Salt Cure|p2b: Muk\n|-damage|p2b: Muk|72\/100\n|\n|-damage|p2b: Muk|60\/100|[from] Salt Cure\n|-damage|p1b: Garganacl|14\/100|[from] Salt Cure\n|upkeep\n|\n|t:|1698749956\n|switch|p1a: Armarouge|Armarouge, M|100\/100\n|switch|p2a: Scream Tail|Scream Tail|22\/100\n|turn|21\n|\n|t:|1698749989\n|switch|p2b: Garganacl|Garganacl, F|27\/100\n|-terastallize|p1a: Armarouge|Grass\n|move|p2a: Scream Tail|Perish Song|p2a: Scream Tail\n|-start|p1a: Armarouge|perish3|[silent]\n|-start|p1b: Garganacl|perish3|[silent]\n|-start|p2a: Scream Tail|perish3|[silent]\n|-start|p2b: Garganacl|perish3|[silent]\n|-fieldactivate|move: Perish Song\n|move|p1a: Armarouge|Armor Cannon|p2a: Scream Tail\n|-damage|p2a: Scream Tail|0 fnt\n|-unboost|p1a: Armarouge|def|1\n|-unboost|p1a: Armarouge|spd|1\n|faint|p2a: Scream Tail\n|-end|p2a: Scream Tail|Protosynthesis|[silent]\n|move|p1b: Garganacl|Recover|p1b: Garganacl\n|-heal|p1b: Garganacl|64\/100\n|\n|-heal|p2b: Garganacl|33\/100|[from] item: Leftovers\n|-damage|p1b: Garganacl|52\/100|[from] Salt Cure\n|-start|p1a: Armarouge|perish3\n|-start|p1b: Garganacl|perish3\n|-start|p2b: Garganacl|perish3\n|upkeep\n|\n|t:|1698750007\n|switch|p2a: Muk|Muk-Alola, M|60\/100\n|turn|22\n|\n|t:|1698750016\n|move|p2a: Muk|Protect|p2a: Muk\n|-singleturn|p2a: Muk|Protect\n|move|p1a: Armarouge|Tera Blast|p2b: Garganacl|[anim] Tera Blast Grass\n|-supereffective|p2b: Garganacl\n|-damage|p2b: Garganacl|0 fnt\n|faint|p2b: Garganacl\n|-ability|p2a: Muk|Purifying Salt|[from] ability: Power of Alchemy|[of] p2b: Garganacl\n|move|p1b: Garganacl|Salt Cure|p2a: Muk\n|-activate|p2a: Muk|move: Protect\n|\n|-damage|p1b: Garganacl|40\/100|[from] Salt Cure\n|-start|p1a: Armarouge|perish2\n|-start|p1b: Garganacl|perish2\n|upkeep\n|turn|23\n|\n|t:|1698750043\n|move|p1a: Armarouge|Aura Sphere|p2a: Muk\n|-damage|p2a: Muk|35\/100\n|move|p2a: Muk|Rest||[still]\n|-fail|p2a: Muk\n|move|p1b: Garganacl|Salt Cure|p2a: Muk\n|-damage|p2a: Muk|30\/100\n|-start|p2a: Muk|Salt Cure\n|\n|-damage|p2a: Muk|18\/100|[from] Salt Cure\n|-damage|p1b: Garganacl|27\/100|[from] Salt Cure\n|-start|p1a: Armarouge|perish1\n|-start|p1b: Garganacl|perish1\n|upkeep\n|turn|24\n|\n|t:|1698750080\n|move|p2a: Muk|Protect|p2a: Muk\n|-singleturn|p2a: Muk|Protect\n|move|p1a: Armarouge|Armor Cannon|p2a: Muk\n|-activate|p2a: Muk|move: Protect\n|move|p1b: Garganacl|Salt Cure|p2a: Muk\n|-activate|p2a: Muk|move: Protect\n|\n|-damage|p2a: Muk|6\/100|[from] Salt Cure\n|-damage|p1b: Garganacl|15\/100|[from] Salt Cure\n|-start|p1a: Armarouge|perish0\n|-start|p1b: Garganacl|perish0\n|faint|p1a: Armarouge\n|faint|p1b: Garganacl\n|\n|win|Soymir\n|upkeep\n|raw|Colezy02's rating: 1102 &rarr; <strong>1072<\/strong><br \/>(-30 for losing)\n|raw|Soymir's rating: 1034 &rarr; <strong>1076<\/strong><br \/>(+42 for winning)\n|c|\u2606Soymir|gg\n","uploadtime":1698750101,"views":24,"p1id":"colezy02","p2id":"soymir","formatid":"gen9doublesou","rating":1072,"private":0,"password":""}