{"id":"gen9doublesou-1988490848","p1":"Perry0999","p2":"TY SM MY GUY","format":"[Gen 9] Doubles OU","log":"|j|\u2606Perry0999\n|j|\u2606TY SM MY GUY\n|t:|1699728590\n|gametype|doubles\n|player|p1|Perry0999|hilbert-wonderlauncher|1261\n|player|p2|TY SM MY GUY|hoopster|1248\n|teamsize|p1|6\n|teamsize|p2|6\n|gen|9\n|tier|[Gen 9] Doubles OU\n|rated|\n|rule|Species Clause: Limit one of each Pok\u00e9mon\n|rule|OHKO Clause: OHKO moves are banned\n|rule|Evasion Moves Clause: Evasion moves are banned\n|rule|Gravity Sleep Clause: The combination of sleep-inducing moves with imperfect accuracy and Gravity or Gigantamax Orbeetle are banned\n|rule|Endless Battle Clause: Forcing endless battles is banned\n|rule|HP Percentage Mod: HP is shown in percentages\n|clearpoke\n|poke|p1|Iron Leaves|\n|poke|p1|Heatran, M|\n|poke|p1|Iron Bundle|\n|poke|p1|Flutter Mane|\n|poke|p1|Tyranitar, F|\n|poke|p1|Rillaboom, F|\n|poke|p2|Kilowattrel, M|\n|poke|p2|Brambleghast, M|\n|poke|p2|Politoed, F|\n|poke|p2|Ting-Lu|\n|poke|p2|Hatterene, F|\n|poke|p2|Dragonite, M|\n|teampreview\n|\n|t:|1699728602\n|start\n|switch|p1a: Iron Leaves|Iron Leaves|100\/100\n|switch|p1b: Heatran|Heatran, M|100\/100\n|switch|p2a: Kilowattrel|Kilowattrel, M, shiny|100\/100\n|switch|p2b: Hatterene|Hatterene, F, shiny|100\/100\n|turn|1\n|\n|t:|1699728613\n|move|p2a: Kilowattrel|Tailwind|p2a: Kilowattrel\n|-sidestart|p2: TY SM MY GUY|move: Tailwind\n|move|p1a: Iron Leaves|Gravity|p1a: Iron Leaves\n|-fieldstart|move: Gravity\n|move|p1b: Heatran|Magma Storm|p2b: Hatterene\n|-damage|p2b: Hatterene|73\/100\n|-activate|p2b: Hatterene|move: Magma Storm|[of] p1b: Heatran\n|move|p2b: Hatterene|Nuzzle|p1a: Iron Leaves\n|-resisted|p1a: Iron Leaves\n|-damage|p1a: Iron Leaves|98\/100\n|-status|p1a: Iron Leaves|par\n|-enditem|p1a: Iron Leaves|Eject Button\n|\n|t:|1699728628\n|-end|p1a: Iron Leaves|Quark Drive|[silent]\n|switch|p1a: Tyranitar|Tyranitar, F|100\/100\n|-weather|Sandstorm|[from] ability: Sand Stream|[of] p1a: Tyranitar\n|\n|-weather|Sandstorm|[upkeep]\n|-damage|p2a: Kilowattrel|94\/100|[from] Sandstorm\n|-damage|p2b: Hatterene|67\/100|[from] Sandstorm\n|-damage|p2b: Hatterene|55\/100|[from] move: Magma Storm|[partiallytrapped]\n|upkeep\n|turn|2\n|c|\u2606TY SM MY GUY|Wow\n|c|\u2606TY SM MY GUY|my last match was the first time i saw gravity and now i get 2 ppl in a row using it\n|c|\u2606Perry0999|is the hot move in the market\n|\n|t:|1699728660\n|move|p2a: Kilowattrel|Volt Switch|p1b: Heatran\n|-damage|p1b: Heatran|81\/100\n|c|\u2606Perry0999|jk\n|\n|t:|1699728666\n|switch|p2a: Ting-Lu|Ting-Lu|100\/100|[from] Volt Switch\n|-ability|p2a: Ting-Lu|Vessel of Ruin\n|move|p1b: Heatran|Magma Storm|p2a: Ting-Lu\n|-damage|p2a: Ting-Lu|76\/100\n|-activate|p2a: Ting-Lu|move: Magma Storm|[of] p1b: Heatran\n|move|p2b: Hatterene|Nuzzle|p1a: Tyranitar\n|-damage|p1a: Tyranitar|98\/100\n|-status|p1a: Tyranitar|par\n|cant|p1a: Tyranitar|par\n|\n|-weather|Sandstorm|[upkeep]\n|-damage|p2b: Hatterene|49\/100|[from] Sandstorm\n|-heal|p2a: Ting-Lu|82\/100|[from] item: Leftovers\n|-heal|p1b: Heatran|87\/100|[from] item: Leftovers\n|-damage|p2a: Ting-Lu|70\/100|[from] move: Magma Storm|[partiallytrapped]\n|-damage|p2b: Hatterene|37\/100|[from] move: Magma Storm|[partiallytrapped]\n|upkeep\n|turn|3\n|c|\u2606Perry0999|i had an epiphany\n|c|\u2606TY SM MY GUY|What?\n|\n|t:|1699728690\n|switch|p1a: Rillaboom|Rillaboom, F|100\/100\n|-fieldstart|move: Grassy Terrain|[from] ability: Grassy Surge|[of] p1a: Rillaboom\n|move|p2a: Ting-Lu|Stealth Rock|p1b: Heatran\n|-sidestart|p1: Perry0999|move: Stealth Rock\n|move|p1b: Heatran|Will-O-Wisp|p2a: Ting-Lu\n|-status|p2a: Ting-Lu|brn\n|move|p2b: Hatterene|Nuzzle|p1b: Heatran\n|-damage|p1b: Heatran|84\/100\n|-status|p1b: Heatran|par\n|\n|-weather|Sandstorm|[upkeep]\n|-damage|p1a: Rillaboom|94\/100|[from] Sandstorm\n|-damage|p2b: Hatterene|31\/100|[from] Sandstorm\n|-heal|p1a: Rillaboom|100\/100|[from] Grassy Terrain\n|-heal|p2a: Ting-Lu|76\/100 brn|[from] Grassy Terrain\n|-heal|p2a: Ting-Lu|82\/100 brn|[from] item: Leftovers\n|-heal|p2b: Hatterene|37\/100|[from] Grassy Terrain\n|-heal|p1b: Heatran|90\/100 par|[from] Grassy Terrain\n|-heal|p1b: Heatran|97\/100 par|[from] item: Leftovers\n|-damage|p2a: Ting-Lu|76\/100 brn|[from] brn\n|-damage|p2a: Ting-Lu|64\/100 brn|[from] move: Magma Storm|[partiallytrapped]\n|-damage|p2b: Hatterene|24\/100|[from] move: Magma Storm|[partiallytrapped]\n|upkeep\n|turn|4\n|c|\u2606Perry0999|why not trick room?\n|c|\u2606TY SM MY GUY|Cause my only slow mons are these 2\n|\n|t:|1699728720\n|move|p1a: Rillaboom|Fake Out|p2b: Hatterene\n|-damage|p2b: Hatterene|10\/100\n|cant|p2b: Hatterene|flinch\n|cant|p1b: Heatran|par\n|move|p2a: Ting-Lu|Whirlwind|p1a: Rillaboom\n|drag|p1a: Flutter Mane|Flutter Mane|100\/100\n|-damage|p1a: Flutter Mane|88\/100|[from] Stealth Rock\n|\n|-weather|Sandstorm|[upkeep]\n|-damage|p1a: Flutter Mane|82\/100|[from] Sandstorm\n|-damage|p2b: Hatterene|4\/100|[from] Sandstorm\n|-heal|p1a: Flutter Mane|88\/100|[from] Grassy Terrain\n|-heal|p2a: Ting-Lu|70\/100 brn|[from] Grassy Terrain\n|-heal|p2a: Ting-Lu|76\/100 brn|[from] item: Leftovers\n|-heal|p2b: Hatterene|10\/100|[from] Grassy Terrain\n|-heal|p1b: Heatran|100\/100 par|[from] Grassy Terrain\n|-damage|p2a: Ting-Lu|70\/100 brn|[from] brn\n|-damage|p2a: Ting-Lu|57\/100 brn|[from] move: Magma Storm|[partiallytrapped]\n|-damage|p2b: Hatterene|0 fnt|[from] move: Magma Storm|[partiallytrapped]\n|faint|p2b: Hatterene\n|-sideend|p2: TY SM MY GUY|move: Tailwind\n|upkeep\n|c|\u2606TY SM MY GUY|and most ppl in doubles use trick room\n|c|\u2606TY SM MY GUY|My hatt is also assault vest\n|\n|t:|1699728750\n|switch|p2b: Politoed|Politoed, F, shiny|100\/100\n|-weather|RainDance|[from] ability: Drizzle|[of] p2b: Politoed\n|turn|5\n|\n|t:|1699728766\n|-terastallize|p1b: Heatran|Grass\n|move|p1a: Flutter Mane|Moonblast|p2a: Ting-Lu\n|-supereffective|p2a: Ting-Lu\n|-damage|p2a: Ting-Lu|0 fnt\n|faint|p2a: Ting-Lu\n|move|p2b: Politoed|Mud-Slap|p1b: Heatran\n|-resisted|p1b: Heatran\n|-damage|p1b: Heatran|99\/100 par\n|-unboost|p1b: Heatran|accuracy|1\n|cant|p1b: Heatran|par\n|\n|-weather|RainDance|[upkeep]\n|-heal|p1a: Flutter Mane|94\/100|[from] Grassy Terrain\n|-heal|p1b: Heatran|100\/100 par|[from] Grassy Terrain\n|-fieldend|move: Gravity\n|upkeep\n|\n|t:|1699728777\n|switch|p2a: Kilowattrel|Kilowattrel, M, shiny|94\/100\n|turn|6\n|\n|t:|1699728789\n|switch|p1b: Tyranitar|Tyranitar, F|98\/100 par\n|-damage|p1b: Tyranitar|85\/100 par|[from] Stealth Rock\n|-weather|Sandstorm|[from] ability: Sand Stream|[of] p1b: Tyranitar\n|move|p1a: Flutter Mane|Moonblast|p2a: Kilowattrel\n|-damage|p2a: Kilowattrel|0 fnt\n|faint|p2a: Kilowattrel\n|move|p2b: Politoed|Icy Wind|p1a: Flutter Mane|[spread] p1a,p1b\n|-damage|p1a: Flutter Mane|80\/100\n|-damage|p1b: Tyranitar|80\/100 par\n|-unboost|p1a: Flutter Mane|spe|1\n|-unboost|p1b: Tyranitar|spe|1\n|\n|-weather|Sandstorm|[upkeep]\n|-damage|p1a: Flutter Mane|74\/100|[from] Sandstorm\n|-damage|p2b: Politoed|94\/100|[from] Sandstorm\n|-heal|p1a: Flutter Mane|80\/100|[from] Grassy Terrain\n|-heal|p2b: Politoed|100\/100|[from] Grassy Terrain\n|-heal|p1b: Tyranitar|86\/100 par|[from] Grassy Terrain\n|upkeep\n|\n|t:|1699728802\n|switch|p2a: Dragonite|Dragonite, M, shiny|100\/100\n|turn|7\n|\n|t:|1699728814\n|-terastallize|p2a: Dragonite|Normal\n|move|p1a: Flutter Mane|Moonblast|p2a: Dragonite\n|-damage|p2a: Dragonite|70\/100\n|move|p2a: Dragonite|Dragon Dance|p2a: Dragonite\n|-boost|p2a: Dragonite|atk|1\n|-boost|p2a: Dragonite|spe|1\n|move|p2b: Politoed|Mud-Slap|p1b: Tyranitar\n|-supereffective|p1b: Tyranitar\n|-damage|p1b: Tyranitar|82\/100 par\n|-unboost|p1b: Tyranitar|accuracy|1\n|move|p1b: Tyranitar|Ice Punch|p2a: Dragonite|[miss]\n|-miss|p1b: Tyranitar|p2a: Dragonite\n|\n|-weather|Sandstorm|[upkeep]\n|-damage|p2a: Dragonite|63\/100|[from] Sandstorm\n|-damage|p1a: Flutter Mane|74\/100|[from] Sandstorm\n|-damage|p2b: Politoed|94\/100|[from] Sandstorm\n|-heal|p2a: Dragonite|70\/100|[from] Grassy Terrain\n|-heal|p1a: Flutter Mane|80\/100|[from] Grassy Terrain\n|-heal|p2b: Politoed|100\/100|[from] Grassy Terrain\n|-heal|p1b: Tyranitar|88\/100 par|[from] Grassy Terrain\n|-fieldend|move: Grassy Terrain\n|upkeep\n|turn|8\n|\n|t:|1699728828\n|move|p2a: Dragonite|Earthquake|p1b: Tyranitar|[spread] p2b,p1a,p1b\n|-supereffective|p1b: Tyranitar\n|-damage|p2b: Politoed|52\/100\n|-damage|p1a: Flutter Mane|0 fnt\n|-damage|p1b: Tyranitar|16\/100 par\n|faint|p1a: Flutter Mane\n|-end|p1a: Flutter Mane|Protosynthesis|[silent]\n|move|p2b: Politoed|Icy Wind|p1b: Tyranitar\n|-damage|p1b: Tyranitar|10\/100 par\n|-unboost|p1b: Tyranitar|spe|1\n|cant|p1b: Tyranitar|par\n|\n|-weather|Sandstorm|[upkeep]\n|-damage|p2a: Dragonite|63\/100|[from] Sandstorm\n|-damage|p2b: Politoed|45\/100|[from] Sandstorm\n|upkeep\n|\n|t:|1699728835\n|switch|p1a: Iron Leaves|Iron Leaves|98\/100 par\n|-damage|p1a: Iron Leaves|86\/100 par|[from] Stealth Rock\n|turn|9\n|\n|t:|1699728843\n|move|p2a: Dragonite|Ice Spinner|p1a: Iron Leaves\n|-supereffective|p1a: Iron Leaves\n|-damage|p1a: Iron Leaves|0 fnt\n|faint|p1a: Iron Leaves\n|-end|p1a: Iron Leaves|Quark Drive|[silent]\n|move|p2b: Politoed|Mud-Slap|p1b: Tyranitar\n|-supereffective|p1b: Tyranitar\n|-damage|p1b: Tyranitar|5\/100 par\n|-unboost|p1b: Tyranitar|accuracy|1\n|move|p1b: Tyranitar|Rock Slide|p2a: Dragonite|[spread] p2b\n|-miss|p1b: Tyranitar|p2a: Dragonite\n|-damage|p2b: Politoed|11\/100\n|\n|-weather|Sandstorm|[upkeep]\n|-damage|p2a: Dragonite|57\/100|[from] Sandstorm\n|-damage|p2b: Politoed|5\/100|[from] Sandstorm\n|upkeep\n|\n|t:|1699728855\n|switch|p1a: Heatran|Heatran, M, tera:Grass|100\/100 par\n|-damage|p1a: Heatran|88\/100 par|[from] Stealth Rock\n|turn|10\n|\n|t:|1699728865\n|move|p2a: Dragonite|Ice Spinner|p1a: Heatran\n|-supereffective|p1a: Heatran\n|-damage|p1a: Heatran|5\/100 par\n|move|p2b: Politoed|Mud-Slap|p1b: Tyranitar\n|-supereffective|p1b: Tyranitar\n|-damage|p1b: Tyranitar|0 fnt\n|faint|p1b: Tyranitar\n|move|p1a: Heatran|Magma Storm|p2a: Dragonite|[miss]\n|-miss|p1a: Heatran|p2a: Dragonite\n|\n|-weather|none\n|-heal|p1a: Heatran|11\/100 par|[from] item: Leftovers\n|upkeep\n|\n|t:|1699728877\n|switch|p1b: Iron Bundle|Iron Bundle|100\/100\n|-damage|p1b: Iron Bundle|76\/100|[from] Stealth Rock\n|-enditem|p1b: Iron Bundle|Booster Energy\n|-activate|p1b: Iron Bundle|ability: Quark Drive|[fromitem]\n|-start|p1b: Iron Bundle|quarkdrivespe\n|turn|11\n|\n|t:|1699728883\n|move|p2a: Dragonite|Extreme Speed|p1b: Iron Bundle\n|-damage|p1b: Iron Bundle|0 fnt\n|faint|p1b: Iron Bundle\n|-end|p1b: Iron Bundle|Quark Drive|[silent]\n|move|p2b: Politoed|Icy Wind|p1a: Heatran\n|-supereffective|p1a: Heatran\n|-damage|p1a: Heatran|0 fnt\n|faint|p1a: Heatran\n|\n|upkeep\n|\n|t:|1699728889\n|switch|p1b: Rillaboom|Rillaboom, F|100\/100\n|-damage|p1b: Rillaboom|88\/100|[from] Stealth Rock\n|-fieldstart|move: Grassy Terrain|[from] ability: Grassy Surge|[of] p1b: Rillaboom\n|turn|12\n|c|\u2606TY SM MY GUY|This is why no trick room lol\n|\n|t:|1699728897\n|move|p2a: Dragonite|Ice Spinner|p1b: Rillaboom\n|-supereffective|p1b: Rillaboom\n|-damage|p1b: Rillaboom|0 fnt\n|-fieldend|move: Grassy Terrain\n|faint|p1b: Rillaboom\n|\n|win|TY SM MY GUY\n|raw|Perry0999's rating: 1261 &rarr; <strong>1235<\/strong><br \/>(-26 for losing)\n|raw|TY SM MY GUY's rating: 1248 &rarr; <strong>1274<\/strong><br \/>(+26 for winning)\n|l|\u2606Perry0999\n","uploadtime":1699728907,"views":12,"p1id":"perry0999","p2id":"tysmmyguy","formatid":"gen9doublesou","rating":1235,"private":0,"password":""}