{"id":"gen9doublesou-1978989682","p1":"Stewart Sweep2","p2":"Fire410","format":"[Gen 9] Doubles OU","log":"|j|\u2606Stewart Sweep2\n|j|\u2606Fire410\n|t:|1698618266\n|gametype|doubles\n|player|p1|Stewart Sweep2|2|1144\n|player|p2|Fire410|koga|1236\n|teamsize|p1|6\n|teamsize|p2|6\n|gen|9\n|tier|[Gen 9] Doubles OU\n|rated|\n|rule|Species Clause: Limit one of each Pok\u00e9mon\n|rule|OHKO Clause: OHKO moves are banned\n|rule|Evasion Moves Clause: Evasion moves are banned\n|rule|Gravity Sleep Clause: The combination of sleep-inducing moves with imperfect accuracy and Gravity or Gigantamax Orbeetle are banned\n|rule|Endless Battle Clause: Forcing endless battles is banned\n|rule|HP Percentage Mod: HP is shown in percentages\n|clearpoke\n|poke|p1|Indeedee-F, F|\n|poke|p1|Kommo-o, F|\n|poke|p1|Chi-Yu|\n|poke|p1|Diancie|\n|poke|p1|Enamorus-Therian, F|\n|poke|p1|Cresselia, F|\n|poke|p2|Iron Hands|\n|poke|p2|Landorus-Therian, M|\n|poke|p2|Ogerpon-Wellspring, F|\n|poke|p2|Tornadus, M|\n|poke|p2|Sinistcha-Masterpiece|\n|poke|p2|Iron Bundle|\n|teampreview\n|\n|t:|1698618274\n|start\n|switch|p1a: Indeedee|Indeedee-F, F|100\/100\n|switch|p1b: Kommo-o|Kommo-o, F|100\/100\n|switch|p2a: Tornadus|Tornadus, M|100\/100\n|switch|p2b: Ogerpon|Ogerpon-Wellspring, F|100\/100\n|-fieldstart|move: Psychic Terrain|[from] ability: Psychic Surge|[of] p1a: Indeedee\n|turn|1\n|\n|t:|1698618291\n|-terastallize|p2b: Ogerpon|Water\n|detailschange|p2b: Ogerpon|Ogerpon-Wellspring-Tera, F, tera:Water\n|-ability|p2b: Ogerpon|Embody Aspect (Wellspring)|boost\n|-boost|p2b: Ogerpon|spd|1\n|move|p2a: Tornadus|Rain Dance|p2a: Tornadus\n|-weather|RainDance\n|move|p2b: Ogerpon|Swords Dance|p2b: Ogerpon\n|-boost|p2b: Ogerpon|atk|2\n|move|p1b: Kommo-o|Clangorous Soul|p1b: Kommo-o\n|-boost|p1b: Kommo-o|atk|1\n|-boost|p1b: Kommo-o|def|1\n|-boost|p1b: Kommo-o|spa|1\n|-boost|p1b: Kommo-o|spd|1\n|-boost|p1b: Kommo-o|spe|1\n|-damage|p1b: Kommo-o|68\/100\n|-enditem|p1b: Kommo-o|Throat Spray\n|-boost|p1b: Kommo-o|spa|1|[from] item: Throat Spray\n|move|p1a: Indeedee|Psych Up|p1b: Kommo-o\n|-copyboost|p1a: Indeedee|p1b: Kommo-o|[from] move: Psych Up\n|\n|-weather|RainDance|[upkeep]\n|upkeep\n|turn|2\n|c|\u2606Fire410|interesting\n|\n|t:|1698618313\n|move|p2a: Tornadus|Tailwind|p2a: Tornadus\n|-sidestart|p2: Fire410|move: Tailwind\n|move|p2b: Ogerpon|Ivy Cudgel|p1b: Kommo-o\n|-resisted|p1b: Kommo-o\n|-damage|p1b: Kommo-o|0 fnt\n|faint|p1b: Kommo-o\n|move|p1a: Indeedee|Psychic|p2b: Ogerpon\n|-damage|p2b: Ogerpon|39\/100\n|\n|-weather|RainDance|[upkeep]\n|upkeep\n|\n|t:|1698618323\n|switch|p1b: Cresselia|Cresselia, F|100\/100\n|turn|3\n|\n|t:|1698618338\n|switch|p2a: Sinistcha|Sinistcha-Masterpiece|100\/100\n|-heal|p2b: Ogerpon|64\/100|[from] ability: Hospitality|[of] p2a: Sinistcha\n|move|p2b: Ogerpon|Spiky Shield|p2b: Ogerpon\n|-singleturn|p2b: Ogerpon|move: Protect\n|move|p1b: Cresselia|Ally Switch|p1b: Cresselia\n|swap|p1b: Cresselia|0|[from] move: Ally Switch\n|move|p1b: Indeedee|Psychic|p2b: Ogerpon\n|-activate|p2b: Ogerpon|move: Protect\n|\n|-weather|RainDance|[upkeep]\n|upkeep\n|turn|4\n|\n|t:|1698618351\n|move|p2b: Ogerpon|Ivy Cudgel|p1a: Cresselia\n|-damage|p1a: Cresselia|0 fnt\n|faint|p1a: Cresselia\n|move|p1b: Indeedee|Baton Pass|p1b: Indeedee\n|c|\u2606Fire410|wait\n|c|\u2606Fire410|I thought baton pass was banned\n|\n|t:|1698618363\n|switch|p1b: Enamorus|Enamorus-Therian, F|100\/100|[from] Baton Pass\n|move|p2a: Sinistcha|Life Dew||[still]|[spread] p2a,p2b\n|-fail|p2a: Sinistcha|heal\n|-heal|p2b: Ogerpon|89\/100\n|\n|-weather|RainDance|[upkeep]\n|upkeep\n|c|\u2606Stewart Sweep2|not in doubles\n|c|\u2606Fire410|oh\n|\n|t:|1698618377\n|switch|p1a: Diancie|Diancie|100\/100\n|turn|5\n|\n|t:|1698618387\n|-terastallize|p1a: Diancie|Steel\n|move|p2a: Sinistcha|Rage Powder|p2a: Sinistcha\n|-singleturn|p2a: Sinistcha|move: Rage Powder\n|move|p2b: Ogerpon|Ivy Cudgel|p1b: Enamorus\n|-damage|p1b: Enamorus|0 fnt\n|faint|p1b: Enamorus\n|move|p1a: Diancie|Play Rough|p2a: Sinistcha\n|-damage|p2a: Sinistcha|68\/100\n|-damage|p1a: Diancie|84\/100|[from] item: Rocky Helmet|[of] p2a: Sinistcha\n|\n|-weather|none\n|-sideend|p2: Fire410|move: Tailwind\n|-fieldend|move: Psychic Terrain\n|upkeep\n|-message|Stewart Sweep2 forfeited.\n|\n|win|Fire410\n|raw|Stewart Sweep2's rating: 1144 &rarr; <strong>1125<\/strong><br \/>(-19 for losing)\n|raw|Fire410's rating: 1236 &rarr; <strong>1255<\/strong><br \/>(+19 for winning)\n|l|\u2606Stewart Sweep2\n","uploadtime":1698618404,"views":19,"p1id":"stewartsweep2","p2id":"fire410","formatid":"gen9doublesou","rating":1125,"private":0,"password":""}