{"id":"gen9doublesou-1999700145","p1":"TheTrueNerdGod","p2":"silverhawk123456","format":"[Gen 9] Doubles OU","log":"|j|\u2606TheTrueNerdGod\n|j|\u203dsilverhawk123456\n|t:|1701108979\n|gametype|doubles\n|player|p1|TheTrueNerdGod|ghetsis-gen5bw|1048\n|player|p2|silverhawk123456|cynthia|1013\n|teamsize|p1|6\n|teamsize|p2|6\n|gen|9\n|tier|[Gen 9] Doubles OU\n|rated|\n|rule|Species Clause: Limit one of each Pok\u00e9mon\n|rule|OHKO Clause: OHKO moves are banned\n|rule|Evasion Moves Clause: Evasion moves are banned\n|rule|Gravity Sleep Clause: The combination of sleep-inducing moves with imperfect accuracy and Gravity or Gigantamax Orbeetle are banned\n|rule|Endless Battle Clause: Forcing endless battles is banned\n|rule|HP Percentage Mod: HP is shown in percentages\n|clearpoke\n|poke|p1|Gholdengo|\n|poke|p1|Kingambit, M|\n|poke|p1|Heatran, F|\n|poke|p1|Empoleon, M|\n|poke|p1|Goodra-Hisui, F|\n|poke|p1|Tinkaton, F|\n|poke|p2|Armarouge, M|\n|poke|p2|Indeedee-F, F|\n|poke|p2|Meowscarada, F|\n|poke|p2|Gholdengo|\n|poke|p2|Great Tusk|\n|poke|p2|Tornadus, M|\n|teampreview\n|inactive|Battle timer is ON: inactive players will automatically lose when time's up. (requested by TheTrueNerdGod)\n|\n|t:|1701109016\n|start\n|switch|p1a: Napoleon|Empoleon, M, shiny|100\/100\n|switch|p1b: Pebbles|Tinkaton, F, shiny|100\/100\n|switch|p2a: Armarouge|Armarouge, M|100\/100\n|switch|p2b: Indeedee|Indeedee-F, F|100\/100\n|-ability|p1b: Pebbles|Mold Breaker\n|-item|p1b: Pebbles|Air Balloon\n|-fieldstart|move: Psychic Terrain|[from] ability: Psychic Surge|[of] p2b: Indeedee\n|-enditem|p2b: Indeedee|Psychic Seed\n|-boost|p2b: Indeedee|spd|1|[from] item: Psychic Seed\n|turn|1\n|inactive|silverhawk123456 has 120 seconds left.\n|\n|t:|1701109069\n|move|p2b: Indeedee|Protect|p2b: Indeedee\n|-singleturn|p2b: Indeedee|Protect\n|move|p1b: Pebbles|Thunder Wave|p2a: Armarouge\n|-status|p2a: Armarouge|par\n|move|p1a: Napoleon|Stealth Rock|p2b: Indeedee\n|-sidestart|p2: silverhawk123456|move: Stealth Rock\n|move|p2a: Armarouge|Trick Room|p2a: Armarouge\n|-fieldstart|move: Trick Room|[of] p2a: Armarouge\n|\n|upkeep\n|turn|2\n|inactive|silverhawk123456 has 120 seconds left.\n|inactive|TheTrueNerdGod has 120 seconds left.\n|inactive|silverhawk123456 has 90 seconds left.\n|\n|t:|1701109132\n|move|p2a: Armarouge|Wide Guard|p2a: Armarouge\n|-singleturn|p2a: Armarouge|Wide Guard\n|move|p2b: Indeedee|Follow Me|p2b: Indeedee\n|-singleturn|p2b: Indeedee|move: Follow Me\n|move|p1a: Napoleon|Flip Turn|p2b: Indeedee\n|-damage|p2b: Indeedee|77\/100\n|\n|t:|1701109144\n|switch|p1a: Sarena|Heatran, F, shiny|100\/100|[from] Flip Turn\n|move|p1b: Pebbles|Encore|p2b: Indeedee\n|-start|p2b: Indeedee|Encore\n|\n|upkeep\n|turn|3\n|inactive|silverhawk123456 has 90 seconds left.\n|inactive|TheTrueNerdGod has 120 seconds left.\n|\n|t:|1701109175\n|switch|p2a: Gholdengo|Gholdengo|100\/100\n|-damage|p2a: Gholdengo|94\/100|[from] Stealth Rock\n|switch|p2b: Tornadus|Tornadus, M|100\/100\n|-damage|p2b: Tornadus|76\/100|[from] Stealth Rock\n|move|p1a: Sarena|Earth Power|p2b: Tornadus\n|-immune|p2b: Tornadus\n|move|p1b: Pebbles|Gigaton Hammer|p2b: Tornadus\n|-damage|p2b: Tornadus|18\/100\n|\n|upkeep\n|turn|4\n|inactive|TheTrueNerdGod has 120 seconds left.\n|\n|t:|1701109207\n|move|p2a: Gholdengo|Protect|p2a: Gholdengo\n|-singleturn|p2a: Gholdengo|Protect\n|move|p2b: Tornadus|Rain Dance|p2b: Tornadus\n|-weather|RainDance\n|move|p1a: Sarena|Earth Power|p2a: Gholdengo\n|-activate|p2a: Gholdengo|move: Protect\n|move|p1b: Pebbles|Knock Off|p2b: Tornadus\n|-damage|p2b: Tornadus|0 fnt\n|-enditem|p2b: Tornadus|Covert Cloak|[from] move: Knock Off|[of] p1b: Pebbles\n|faint|p2b: Tornadus\n|\n|-weather|RainDance|[upkeep]\n|upkeep\n|\n|t:|1701109221\n|switch|p2b: Great Tusk|Great Tusk|100\/100\n|-damage|p2b: Great Tusk|98\/100|[from] Stealth Rock\n|turn|5\n|\n|t:|1701109243\n|switch|p1b: Napoleon|Empoleon, M, shiny|100\/100\n|-terastallize|p2a: Gholdengo|Steel\n|move|p1a: Sarena|Heat Wave|p2b: Great Tusk|[spread] p2a,p2b\n|-supereffective|p2a: Gholdengo\n|-damage|p2a: Gholdengo|47\/100\n|-damage|p2b: Great Tusk|64\/100\n|move|p2a: Gholdengo|Make It Rain|p1a: Sarena|[spread] p1a,p1b\n|-resisted|p1a: Sarena\n|-resisted|p1b: Napoleon\n|-damage|p1a: Sarena|89\/100\n|-damage|p1b: Napoleon|87\/100\n|-unboost|p2a: Gholdengo|spa|1\n|move|p2b: Great Tusk|Headlong Rush|p1a: Sarena\n|-supereffective|p1a: Sarena\n|-damage|p1a: Sarena|0 fnt\n|-unboost|p2b: Great Tusk|def|1\n|-unboost|p2b: Great Tusk|spd|1\n|faint|p1a: Sarena\n|\n|-weather|RainDance|[upkeep]\n|-heal|p1b: Napoleon|93\/100|[from] item: Leftovers\n|-fieldend|move: Trick Room\n|-fieldend|move: Psychic Terrain\n|upkeep\n|inactive|TheTrueNerdGod has 120 seconds left.\n|\n|t:|1701109265\n|switch|p1a: Gary the Dragon|Goodra-Hisui, F, shiny|100\/100\n|turn|6\n|inactive|silverhawk123456 has 90 seconds left.\n|\n|t:|1701109280\n|switch|p2a: Meowscarada|Meowscarada, F|100\/100\n|-damage|p2a: Meowscarada|88\/100|[from] Stealth Rock\n|move|p2b: Great Tusk|Headlong Rush|p1b: Napoleon\n|-supereffective|p1b: Napoleon\n|-damage|p1b: Napoleon|0 fnt\n|-unboost|p2b: Great Tusk|def|1\n|-unboost|p2b: Great Tusk|spd|1\n|faint|p1b: Napoleon\n|move|p1a: Gary the Dragon|Fire Blast|p2a: Meowscarada\n|-supereffective|p2a: Meowscarada\n|-damage|p2a: Meowscarada|0 fnt\n|faint|p2a: Meowscarada\n|\n|-weather|RainDance|[upkeep]\n|upkeep\n|\n|t:|1701109297\n|switch|p2a: Armarouge|Armarouge, M|100\/100 par\n|switch|p1b: Daretti|Gholdengo, shiny|100\/100\n|-damage|p2a: Armarouge|76\/100 par|[from] Stealth Rock\n|turn|7\n|\n|t:|1701109308\n|move|p1b: Daretti|Protect|p1b: Daretti\n|-singleturn|p1b: Daretti|Protect\n|move|p2b: Great Tusk|Earthquake|p1a: Gary the Dragon|[spread] p2a,p1a\n|-activate|p1b: Daretti|move: Protect\n|-supereffective|p2a: Armarouge\n|-supereffective|p1a: Gary the Dragon\n|-damage|p2a: Armarouge|9\/100 par\n|-damage|p1a: Gary the Dragon|29\/100\n|move|p1a: Gary the Dragon|Fire Blast|p2b: Great Tusk\n|-damage|p2b: Great Tusk|0 fnt\n|faint|p2b: Great Tusk\n|-end|p2b: Great Tusk|Protosynthesis|[silent]\n|cant|p2a: Armarouge|par\n|\n|-weather|RainDance|[upkeep]\n|upkeep\n|inactive|silverhawk123456 has 90 seconds left.\n|\n|t:|1701109347\n|switch|p2b: Gholdengo|Gholdengo, tera:Steel|47\/100\n|-damage|p2b: Gholdengo|41\/100|[from] Stealth Rock\n|turn|8\n|inactive|silverhawk123456 has 90 seconds left.\n|inactive|silverhawk123456 has 60 seconds left.\n|\n|t:|1701109422\n|move|p2b: Gholdengo|Shadow Ball|p1a: Gary the Dragon\n|-damage|p1a: Gary the Dragon|0 fnt\n|faint|p1a: Gary the Dragon\n|move|p1b: Daretti|Shadow Ball|p2a: Armarouge\n|-supereffective|p2a: Armarouge\n|-damage|p2a: Armarouge|0 fnt\n|faint|p2a: Armarouge\n|-damage|p1b: Daretti|91\/100|[from] item: Life Orb\n|\n|-weather|none\n|upkeep\n|inactive|silverhawk123456 has 60 seconds left.\n|\n|t:|1701109433\n|switch|p2a: Indeedee|Indeedee-F, F|77\/100\n|switch|p1a: The Shredder|Kingambit, M, shiny|100\/100\n|-damage|p2a: Indeedee|64\/100|[from] Stealth Rock\n|-fieldstart|move: Psychic Terrain|[from] ability: Psychic Surge|[of] p2a: Indeedee\n|-activate|p1a: The Shredder|ability: Supreme Overlord\n|-start|p1a: The Shredder|fallen3|[silent]\n|turn|9\n|inactive|silverhawk123456 has 60 seconds left.\n|inactive|TheTrueNerdGod has 120 seconds left.\n|\n|t:|1701109464\n|-terastallize|p1a: The Shredder|Fairy\n|move|p1b: Daretti|Nasty Plot|p1b: Daretti\n|-boost|p1b: Daretti|spa|2\n|move|p2b: Gholdengo|Shadow Ball|p1b: Daretti\n|-supereffective|p1b: Daretti\n|-damage|p1b: Daretti|0 fnt\n|faint|p1b: Daretti\n|move|p2a: Indeedee|Dazzling Gleam|p1a: The Shredder\n|-damage|p1a: The Shredder|84\/100\n|move|p1a: The Shredder|Kowtow Cleave|p2a: Indeedee\n|-supereffective|p2a: Indeedee\n|-damage|p2a: Indeedee|0 fnt\n|faint|p2a: Indeedee\n|\n|upkeep\n|inactive|TheTrueNerdGod has 120 seconds left.\n|\n|t:|1701109479\n|switch|p1b: Pebbles|Tinkaton, F, shiny|100\/100\n|-ability|p1b: Pebbles|Mold Breaker\n|-item|p1b: Pebbles|Air Balloon\n|turn|10\n|\n|t:|1701109496\n|move|p2b: Gholdengo|Make It Rain|p1a: The Shredder|[spread] p1a,p1b\n|-supereffective|p1a: The Shredder\n|-damage|p1a: The Shredder|0 fnt\n|-damage|p1b: Pebbles|38\/100\n|-unboost|p2b: Gholdengo|spa|1\n|-enditem|p1b: Pebbles|Air Balloon\n|faint|p1a: The Shredder\n|-end|p1a: The Shredder|fallen3|[silent]\n|move|p1b: Pebbles|Knock Off|p2b: Gholdengo\n|-damage|p2b: Gholdengo|21\/100\n|-enditem|p2b: Gholdengo|Metal Coat|[from] move: Knock Off|[of] p1b: Pebbles\n|\n|upkeep\n|turn|11\n|\n|t:|1701109518\n|move|p2b: Gholdengo|Make It Rain|p1b: Pebbles\n|-damage|p1b: Pebbles|0 fnt\n|-unboost|p2b: Gholdengo|spa|1\n|faint|p1b: Pebbles\n|\n|win|silverhawk123456\n|raw|TheTrueNerdGod's rating: 1048 &rarr; <strong>1029<\/strong><br \/>(-19 for losing)\n|raw|silverhawk123456's rating: 1013 &rarr; <strong>1055<\/strong><br \/>(+42 for winning)\n|l|\u2606TheTrueNerdGod\n","uploadtime":1701109528,"views":10,"p1id":"thetruenerdgod","p2id":"silverhawk123456","formatid":"gen9doublesou","rating":1029,"private":0,"password":""}