{"id":"gen9doublesou-1978593558","p1":"Astral Voyager58","p2":"Nebbeyonce","format":"[Gen 9] Doubles OU","log":"|j|\u2606Astral Voyager58\n|j|\u2606Nebbeyonce\n|t:|1698562573\n|gametype|doubles\n|player|p1|Astral Voyager58|lance|1084\n|player|p2|Nebbeyonce|102|1145\n|teamsize|p1|6\n|teamsize|p2|6\n|gen|9\n|tier|[Gen 9] Doubles OU\n|rated|\n|rule|Species Clause: Limit one of each Pok\u00e9mon\n|rule|OHKO Clause: OHKO moves are banned\n|rule|Evasion Moves Clause: Evasion moves are banned\n|rule|Gravity Sleep Clause: The combination of sleep-inducing moves with imperfect accuracy and Gravity or Gigantamax Orbeetle are banned\n|rule|Endless Battle Clause: Forcing endless battles is banned\n|rule|HP Percentage Mod: HP is shown in percentages\n|clearpoke\n|poke|p1|Amoonguss, M|\n|poke|p1|Rillaboom, M|\n|poke|p1|Torkoal, M|\n|poke|p1|Chi-Yu|\n|poke|p1|Walking Wake|\n|poke|p1|Gholdengo|\n|poke|p2|Landorus-Therian, M|\n|poke|p2|Fezandipiti, M|\n|poke|p2|Ogerpon-Wellspring, F|\n|poke|p2|Baxcalibur, F|\n|poke|p2|Amoonguss, M|\n|poke|p2|Iron Hands|\n|teampreview\n|\n|t:|1698562611\n|start\n|switch|p1a: Rillaboom|Rillaboom, M|100\/100\n|switch|p1b: Amoonguss|Amoonguss, M, shiny|100\/100\n|switch|p2a: Amoonguss|Amoonguss, M, shiny|100\/100\n|switch|p2b: Fezandipiti|Fezandipiti, M|100\/100\n|-fieldstart|move: Grassy Terrain|[from] ability: Grassy Surge|[of] p1a: Rillaboom\n|turn|1\n|\n|t:|1698562643\n|switch|p1a: Torkoal|Torkoal, M|100\/100\n|-weather|SunnyDay|[from] ability: Drought|[of] p1a: Torkoal\n|move|p2a: Amoonguss|Rage Powder|p2a: Amoonguss\n|-singleturn|p2a: Amoonguss|move: Rage Powder\n|move|p2b: Fezandipiti|Icy Wind|p1a: Torkoal|[spread] p1a,p1b\n|-resisted|p1a: Torkoal\n|-supereffective|p1b: Amoonguss\n|-damage|p1a: Torkoal|95\/100\n|-damage|p1b: Amoonguss|92\/100\n|-unboost|p1a: Torkoal|spe|1\n|move|p1b: Amoonguss|Spore|p2b: Fezandipiti\n|-status|p2b: Fezandipiti|slp|[from] move: Spore\n|\n|-weather|SunnyDay|[upkeep]\n|-heal|p1b: Amoonguss|98\/100|[from] Grassy Terrain\n|-heal|p1a: Torkoal|100\/100|[from] Grassy Terrain\n|upkeep\n|turn|2\n|\n|t:|1698562686\n|switch|p2b: Landorus|Landorus-Therian, M|100\/100\n|-ability|p2b: Landorus|Intimidate|boost\n|-unboost|p1a: Torkoal|atk|1\n|-unboost|p1b: Amoonguss|atk|1\n|switch|p1b: Chi-Yu|Chi-Yu|100\/100\n|-ability|p1b: Chi-Yu|Beads of Ruin\n|move|p2a: Amoonguss|Protect|p2a: Amoonguss\n|-singleturn|p2a: Amoonguss|Protect\n|move|p1a: Torkoal|Eruption|p2a: Amoonguss|[spread] p2b\n|-activate|p2a: Amoonguss|move: Protect\n|-damage|p2b: Landorus|0 fnt\n|faint|p2b: Landorus\n|\n|-weather|SunnyDay|[upkeep]\n|upkeep\n|\n|t:|1698562705\n|switch|p2b: Ogerpon|Ogerpon-Wellspring, F|100\/100\n|turn|3\n|\n|t:|1698562724\n|-terastallize|p2b: Ogerpon|Water\n|detailschange|p2b: Ogerpon|Ogerpon-Wellspring-Tera, F, tera:Water\n|-ability|p2b: Ogerpon|Embody Aspect (Wellspring)|boost\n|-boost|p2b: Ogerpon|spd|1\n|move|p2b: Ogerpon|Ivy Cudgel|p1a: Torkoal\n|-supereffective|p1a: Torkoal\n|-damage|p1a: Torkoal|51\/100\n|move|p1b: Chi-Yu|Lava Plume|p2a: Amoonguss|[spread] p1a,p2a,p2b\n|-resisted|p1a: Torkoal\n|-supereffective|p2a: Amoonguss\n|-resisted|p2b: Ogerpon\n|-damage|p1a: Torkoal|0 fnt\n|-damage|p2a: Amoonguss|1\/100\n|-damage|p2b: Ogerpon|72\/100\n|faint|p1a: Torkoal\n|move|p2a: Amoonguss|Pollen Puff|p2b: Ogerpon\n|-heal|p2b: Ogerpon|100\/100\n|\n|-weather|SunnyDay|[upkeep]\n|-heal|p2a: Amoonguss|8\/100|[from] Grassy Terrain\n|-heal|p2a: Amoonguss|14\/100|[from] item: Leftovers\n|upkeep\n|\n|t:|1698562741\n|switch|p1a: Walking Wake|Walking Wake|100\/100\n|-activate|p1a: Walking Wake|ability: Protosynthesis\n|-start|p1a: Walking Wake|protosynthesisspe\n|turn|4\n|\n|t:|1698562762\n|move|p2a: Amoonguss|Protect|p2a: Amoonguss\n|-singleturn|p2a: Amoonguss|Protect\n|move|p1a: Walking Wake|Draco Meteor|p2b: Ogerpon\n|-damage|p2b: Ogerpon|19\/100\n|-unboost|p1a: Walking Wake|spa|2\n|-damage|p1a: Walking Wake|91\/100|[from] item: Life Orb\n|move|p2b: Ogerpon|Horn Leech|p1b: Chi-Yu\n|-resisted|p1b: Chi-Yu\n|-damage|p1b: Chi-Yu|56\/100\n|-heal|p2b: Ogerpon|37\/100|[from] drain|[of] p1b: Chi-Yu\n|move|p1b: Chi-Yu|Lava Plume|p2a: Amoonguss|[spread] p1a,p2b\n|-activate|p2a: Amoonguss|move: Protect\n|-resisted|p1a: Walking Wake\n|-resisted|p2b: Ogerpon\n|-damage|p1a: Walking Wake|72\/100\n|-damage|p2b: Ogerpon|7\/100\n|-status|p2b: Ogerpon|brn\n|\n|-weather|SunnyDay|[upkeep]\n|-heal|p1a: Walking Wake|78\/100|[from] Grassy Terrain\n|-heal|p2b: Ogerpon|13\/100 brn|[from] Grassy Terrain\n|-heal|p1b: Chi-Yu|62\/100|[from] Grassy Terrain\n|-heal|p2a: Amoonguss|20\/100|[from] Grassy Terrain\n|-heal|p2a: Amoonguss|26\/100|[from] item: Leftovers\n|-damage|p2b: Ogerpon|7\/100 brn|[from] brn\n|upkeep\n|turn|5\n|\n|t:|1698562806\n|switch|p2b: Baxcalibur|Baxcalibur, F, shiny|100\/100\n|move|p2a: Amoonguss|Rage Powder|p2a: Amoonguss\n|-singleturn|p2a: Amoonguss|move: Rage Powder\n|move|p1a: Walking Wake|Hydro Steam|p2a: Amoonguss\n|-resisted|p2a: Amoonguss\n|-damage|p2a: Amoonguss|9\/100\n|-damage|p1a: Walking Wake|68\/100|[from] item: Life Orb\n|move|p1b: Chi-Yu|Lava Plume|p2a: Amoonguss|[spread] p1a,p2a,p2b\n|-resisted|p1a: Walking Wake\n|-supereffective|p2a: Amoonguss\n|-damage|p1a: Walking Wake|46\/100\n|-damage|p2a: Amoonguss|0 fnt\n|-damage|p2b: Baxcalibur|23\/100\n|-ability|p2b: Baxcalibur|Thermal Exchange|boost\n|-boost|p2b: Baxcalibur|atk|1\n|faint|p2a: Amoonguss\n|\n|-weather|none\n|-end|p1a: Walking Wake|Protosynthesis\n|-heal|p1a: Walking Wake|52\/100|[from] Grassy Terrain\n|-heal|p2b: Baxcalibur|29\/100|[from] Grassy Terrain\n|-heal|p1b: Chi-Yu|68\/100|[from] Grassy Terrain\n|upkeep\n|\n|t:|1698562825\n|switch|p2a: Ogerpon|Ogerpon-Wellspring-Tera, F, tera:Water|7\/100 brn\n|-ability|p2a: Ogerpon|Embody Aspect (Wellspring)|boost\n|-boost|p2a: Ogerpon|spd|1\n|turn|6\n|\n|t:|1698562849\n|move|p2a: Ogerpon|Follow Me|p2a: Ogerpon\n|-singleturn|p2a: Ogerpon|move: Follow Me\n|move|p1a: Walking Wake|Flamethrower|p2a: Ogerpon\n|-resisted|p2a: Ogerpon\n|-damage|p2a: Ogerpon|0 fnt\n|faint|p2a: Ogerpon\n|-damage|p1a: Walking Wake|43\/100|[from] item: Life Orb\n|move|p2b: Baxcalibur|Aqua Tail|p1b: Chi-Yu|[miss]\n|-miss|p2b: Baxcalibur|p1b: Chi-Yu\n|move|p1b: Chi-Yu|Lava Plume|p2b: Baxcalibur|[spread] p1a,p2b\n|-resisted|p1a: Walking Wake\n|-damage|p1a: Walking Wake|29\/100\n|-damage|p2b: Baxcalibur|0 fnt\n|-status|p1a: Walking Wake|brn\n|faint|p2b: Baxcalibur\n|\n|-heal|p1a: Walking Wake|35\/100 brn|[from] Grassy Terrain\n|-heal|p1b: Chi-Yu|74\/100|[from] Grassy Terrain\n|-damage|p1a: Walking Wake|29\/100 brn|[from] brn\n|upkeep\n|\n|t:|1698562868\n|switch|p2a: Fezandipiti|Fezandipiti, M|100\/100 slp\n|switch|p2b: Iron Hands|Iron Hands|100\/100\n|turn|7\n|\n|t:|1698562884\n|-end|p1a: Walking Wake|Protosynthesis|[silent]\n|switch|p1a: Gholdengo|Gholdengo|100\/100\n|move|p2b: Iron Hands|Fake Out|p1a: Gholdengo\n|-immune|p1a: Gholdengo\n|move|p1b: Chi-Yu|Psychic|p2b: Iron Hands\n|-supereffective|p2b: Iron Hands\n|-damage|p2b: Iron Hands|46\/100\n|-unboost|p2b: Iron Hands|spd|1\n|cant|p2a: Fezandipiti|slp\n|\n|-heal|p1b: Chi-Yu|80\/100|[from] Grassy Terrain\n|-heal|p2b: Iron Hands|52\/100|[from] Grassy Terrain\n|upkeep\n|turn|8\n|\n|t:|1698562904\n|move|p1a: Gholdengo|Make It Rain|p2a: Fezandipiti|[spread] p2a,p2b\n|-supereffective|p2a: Fezandipiti\n|-resisted|p2b: Iron Hands\n|-damage|p2a: Fezandipiti|14\/100 slp\n|-damage|p2b: Iron Hands|20\/100\n|-unboost|p1a: Gholdengo|spa|1\n|move|p1b: Chi-Yu|Lava Plume|p2a: Fezandipiti|[spread] p1a,p2a,p2b\n|-supereffective|p1a: Gholdengo\n|-crit|p2a: Fezandipiti\n|-damage|p1a: Gholdengo|0 fnt\n|-damage|p2a: Fezandipiti|0 fnt\n|-damage|p2b: Iron Hands|0 fnt\n|faint|p1a: Gholdengo\n|faint|p2a: Fezandipiti\n|faint|p2b: Iron Hands\n|-end|p2b: Iron Hands|Quark Drive|[silent]\n|\n|win|Astral Voyager58\n|raw|Astral Voyager58's rating: 1084 &rarr; <strong>1116<\/strong><br \/>(+32 for winning)\n|raw|Nebbeyonce's rating: 1145 &rarr; <strong>1116<\/strong><br \/>(-29 for losing)\n|l|\u2606Nebbeyonce\n","uploadtime":1698562925,"views":34,"p1id":"astralvoyager58","p2id":"nebbeyonce","formatid":"gen9doublesou","rating":1116,"private":0,"password":""}