{"id":"gen9doublesou-1989400587","p1":"foozeld","p2":"Goosehead Swag","format":"[Gen 9] Doubles OU","log":"|j|\u2606foozeld\n|j|\u2606Goosehead Swag\n|t:|1699845459\n|gametype|doubles\n|player|p1|foozeld|pokemonbreederf-gen4|1494\n|player|p2|Goosehead Swag|rocketgruntf|1373\n|teamsize|p1|6\n|teamsize|p2|6\n|gen|9\n|tier|[Gen 9] Doubles OU\n|rated|\n|rule|Species Clause: Limit one of each Pok\u00e9mon\n|rule|OHKO Clause: OHKO moves are banned\n|rule|Evasion Moves Clause: Evasion moves are banned\n|rule|Gravity Sleep Clause: The combination of sleep-inducing moves with imperfect accuracy and Gravity or Gigantamax Orbeetle are banned\n|rule|Endless Battle Clause: Forcing endless battles is banned\n|rule|HP Percentage Mod: HP is shown in percentages\n|clearpoke\n|poke|p1|Armarouge, M|\n|poke|p1|Indeedee-F, F|\n|poke|p1|Tornadus, M|\n|poke|p1|Iron Bundle|\n|poke|p1|Roaring Moon|\n|poke|p1|Ogerpon-Wellspring, F|\n|poke|p2|Iron Bundle|\n|poke|p2|Chi-Yu|\n|poke|p2|Dipplin, M|\n|poke|p2|Diancie|\n|poke|p2|Flutter Mane|\n|poke|p2|Landorus-Therian, M|\n|teampreview\n|inactive|Battle timer is ON: inactive players will automatically lose when time's up. (requested by foozeld)\n|\n|t:|1699845473\n|start\n|switch|p1a: Armarouge|Armarouge, M|100\/100\n|switch|p1b: Iron Bundle|Iron Bundle, shiny|100\/100\n|switch|p2a: Iron Bundle|Iron Bundle|100\/100\n|switch|p2b: Dipplin|Dipplin, M|100\/100\n|-ability|p2b: Dipplin|Supersweet Syrup\n|-ability|p2b: Dipplin|Supersweet Syrup|boost\n|-unboost|p1a: Armarouge|evasion|1\n|-unboost|p1b: Iron Bundle|evasion|1\n|-enditem|p2a: Iron Bundle|Booster Energy\n|-activate|p2a: Iron Bundle|ability: Quark Drive|[fromitem]\n|-start|p2a: Iron Bundle|quarkdrivespe\n|turn|1\n|\n|t:|1699845486\n|move|p2a: Iron Bundle|Hydro Pump|p1a: Armarouge\n|-supereffective|p1a: Armarouge\n|-damage|p1a: Armarouge|0 fnt\n|faint|p1a: Armarouge\n|move|p1b: Iron Bundle|Flip Turn|p1: Armarouge|[notarget]\n|-fail|p1b: Iron Bundle\n|move|p2b: Dipplin|Syrup Bomb|p1b: Iron Bundle\n|-supereffective|p1b: Iron Bundle\n|-damage|p1b: Iron Bundle|28\/100\n|-start|p1b: Iron Bundle|Syrup Bomb\n|\n|-unboost|p1b: Iron Bundle|spe|1\n|upkeep\n|\n|t:|1699845499\n|switch|p1a: Ogerpon|Ogerpon-Wellspring, F|100\/100\n|turn|2\n|\n|t:|1699845515\n|-end|p1b: Iron Bundle|Quark Drive|[silent]\n|switch|p1b: Indeedee|Indeedee-F, F|100\/100\n|-fieldstart|move: Psychic Terrain|[from] ability: Psychic Surge|[of] p1b: Indeedee\n|move|p2a: Iron Bundle|Freeze-Dry|p1a: Ogerpon\n|-supereffective|p1a: Ogerpon\n|-damage|p1a: Ogerpon|0 fnt\n|faint|p1a: Ogerpon\n|move|p2b: Dipplin|Syrup Bomb|p1b: Indeedee|[miss]\n|-miss|p2b: Dipplin|p1b: Indeedee\n|\n|upkeep\n|\n|t:|1699845523\n|switch|p1a: Roaring Moon|Roaring Moon|100\/100\n|-enditem|p1a: Roaring Moon|Booster Energy\n|-activate|p1a: Roaring Moon|ability: Protosynthesis|[fromitem]\n|-start|p1a: Roaring Moon|protosynthesisatk\n|turn|3\n|\n|t:|1699845533\n|switch|p2b: Flutter Mane|Flutter Mane|100\/100\n|move|p2a: Iron Bundle|Protect|p2a: Iron Bundle\n|-singleturn|p2a: Iron Bundle|Protect\n|move|p1b: Indeedee|Follow Me|p1b: Indeedee\n|-singleturn|p1b: Indeedee|move: Follow Me\n|move|p1a: Roaring Moon|Dragon Dance|p1a: Roaring Moon\n|-boost|p1a: Roaring Moon|atk|1\n|-boost|p1a: Roaring Moon|spe|1\n|\n|upkeep\n|turn|4\n|\n|t:|1699845555\n|-terastallize|p2b: Flutter Mane|Fairy\n|move|p1b: Indeedee|Follow Me|p1b: Indeedee\n|-singleturn|p1b: Indeedee|move: Follow Me\n|move|p2a: Iron Bundle|Hydro Pump|p1b: Indeedee|[miss]\n|-miss|p2a: Iron Bundle|p1b: Indeedee\n|move|p1a: Roaring Moon|Knock Off|p2b: Flutter Mane\n|-resisted|p2b: Flutter Mane\n|-damage|p2b: Flutter Mane|0 fnt\n|-enditem|p2b: Flutter Mane|Choice Specs|[from] move: Knock Off|[of] p1a: Roaring Moon\n|faint|p2b: Flutter Mane\n|-end|p2b: Flutter Mane|Protosynthesis|[silent]\n|\n|upkeep\n|\n|t:|1699845565\n|switch|p2b: Landorus|Landorus-Therian, M|100\/100\n|-ability|p2b: Landorus|Intimidate|boost\n|-unboost|p1a: Roaring Moon|atk|1\n|-unboost|p1b: Indeedee|atk|1\n|turn|5\n|\n|t:|1699845575\n|move|p2a: Iron Bundle|Protect|p2a: Iron Bundle\n|-singleturn|p2a: Iron Bundle|Protect\n|move|p1b: Indeedee|Follow Me|p1b: Indeedee\n|-singleturn|p1b: Indeedee|move: Follow Me\n|move|p1a: Roaring Moon|Knock Off|p2a: Iron Bundle\n|-activate|p2a: Iron Bundle|move: Protect\n|move|p2b: Landorus|Taunt|p1b: Indeedee\n|-start|p1b: Indeedee|move: Taunt\n|\n|upkeep\n|turn|6\n|\n|t:|1699845599\n|switch|p1b: Iron Bundle|Iron Bundle, shiny|28\/100\n|move|p2a: Iron Bundle|Freeze-Dry|p1a: Roaring Moon\n|-supereffective|p1a: Roaring Moon\n|-damage|p1a: Roaring Moon|28\/100\n|move|p1a: Roaring Moon|Knock Off|p2a: Iron Bundle\n|-damage|p2a: Iron Bundle|36\/100\n|move|p2b: Landorus|U-turn|p1a: Roaring Moon\n|-supereffective|p1a: Roaring Moon\n|-damage|p1a: Roaring Moon|0 fnt\n|faint|p1a: Roaring Moon\n|-end|p1a: Roaring Moon|Protosynthesis|[silent]\n|\n|t:|1699845613\n|switch|p2b: Dipplin|Dipplin, M|100\/100|[from] U-turn\n|\n|-fieldend|move: Psychic Terrain\n|upkeep\n|\n|t:|1699845618\n|switch|p1a: Tornadus|Tornadus, M|100\/100\n|turn|7\n|\n|t:|1699845627\n|-terastallize|p1b: Iron Bundle|Ice\n|move|p2a: Iron Bundle|Protect|p2a: Iron Bundle\n|-singleturn|p2a: Iron Bundle|Protect\n|move|p1a: Tornadus|Tailwind|p1a: Tornadus\n|-sidestart|p1: foozeld|move: Tailwind\n|move|p1b: Iron Bundle|Blizzard|p2b: Dipplin|[spread] p2b\n|-activate|p2a: Iron Bundle|move: Protect\n|-supereffective|p2b: Dipplin\n|-damage|p2b: Dipplin|0 fnt\n|faint|p2b: Dipplin\n|\n|upkeep\n|\n|t:|1699845641\n|switch|p2b: Chi-Yu|Chi-Yu|100\/100\n|-ability|p2b: Chi-Yu|Beads of Ruin\n|turn|8\n|\n|t:|1699845655\n|move|p2b: Chi-Yu|Protect|p2b: Chi-Yu\n|-singleturn|p2b: Chi-Yu|Protect\n|move|p1b: Iron Bundle|Blizzard|p2a: Iron Bundle|[spread] p2a\n|-activate|p2b: Chi-Yu|move: Protect\n|-resisted|p2a: Iron Bundle\n|-damage|p2a: Iron Bundle|0 fnt\n|faint|p2a: Iron Bundle\n|-end|p2a: Iron Bundle|Quark Drive|[silent]\n|move|p1a: Tornadus|Bleakwind Storm|p2b: Chi-Yu\n|-activate|p2b: Chi-Yu|move: Protect\n|\n|upkeep\n|\n|t:|1699845670\n|switch|p2a: Diancie|Diancie|100\/100\n|turn|9\n|\n|t:|1699845687\n|move|p1b: Iron Bundle|Blizzard|p2b: Chi-Yu|[spread] p2a\n|-miss|p1b: Iron Bundle|p2b: Chi-Yu\n|-damage|p2a: Diancie|10\/100\n|move|p1a: Tornadus|Bleakwind Storm|p2a: Diancie|[spread] p2a,p2b\n|-resisted|p2a: Diancie\n|-damage|p2a: Diancie|0 fnt\n|-damage|p2b: Chi-Yu|62\/100\n|-unboost|p2b: Chi-Yu|spe|1\n|faint|p2a: Diancie\n|move|p2b: Chi-Yu|Heat Wave|p1a: Tornadus|[spread] p1b\n|-miss|p2b: Chi-Yu|p1a: Tornadus\n|-supereffective|p1b: Iron Bundle\n|-damage|p1b: Iron Bundle|0 fnt\n|faint|p1b: Iron Bundle\n|-end|p1b: Iron Bundle|Quark Drive|[silent]\n|\n|upkeep\n|\n|t:|1699845698\n|switch|p1b: Indeedee|Indeedee-F, F|100\/100\n|switch|p2a: Landorus|Landorus-Therian, M|100\/100\n|-fieldstart|move: Psychic Terrain|[from] ability: Psychic Surge|[of] p1b: Indeedee\n|-ability|p2a: Landorus|Intimidate|boost\n|-unboost|p1a: Tornadus|atk|1\n|-unboost|p1b: Indeedee|atk|1\n|turn|10\n|\n|t:|1699845725\n|move|p1b: Indeedee|Follow Me|p1b: Indeedee\n|-singleturn|p1b: Indeedee|move: Follow Me\n|move|p1a: Tornadus|Nasty Plot|p1a: Tornadus\n|-boost|p1a: Tornadus|spa|2\n|move|p2b: Chi-Yu|Dark Pulse|p1b: Indeedee\n|-supereffective|p1b: Indeedee\n|-damage|p1b: Indeedee|0 fnt\n|faint|p1b: Indeedee\n|move|p2a: Landorus|U-turn|p1a: Tornadus\n|-resisted|p1a: Tornadus\n|-damage|p1a: Tornadus|83\/100\n|\n|-sideend|p1: foozeld|move: Tailwind\n|upkeep\n|turn|11\n|inactive|Goosehead Swag has 120 seconds left.\n|\n|t:|1699845768\n|move|p2b: Chi-Yu|Protect|p2b: Chi-Yu\n|-singleturn|p2b: Chi-Yu|Protect\n|move|p1a: Tornadus|Bleakwind Storm|p2b: Chi-Yu|[spread] p2a\n|-activate|p2b: Chi-Yu|move: Protect\n|-damage|p2a: Landorus|13\/100\n|-unboost|p2a: Landorus|spe|1\n|-enditem|p2a: Landorus|Sitrus Berry|[eat]\n|-heal|p2a: Landorus|38\/100|[from] item: Sitrus Berry\n|move|p2a: Landorus|Taunt|p1a: Tornadus\n|-start|p1a: Tornadus|move: Taunt\n|\n|upkeep\n|turn|12\n|\n|t:|1699845780\n|move|p1a: Tornadus|Bleakwind Storm|p2b: Chi-Yu|[spread] p2a,p2b\n|-damage|p2a: Landorus|0 fnt\n|-damage|p2b: Chi-Yu|0 fnt\n|faint|p2a: Landorus\n|faint|p2b: Chi-Yu\n|\n|win|foozeld\n|raw|foozeld's rating: 1494 &rarr; <strong>1507<\/strong><br \/>(+13 for winning)\n|raw|Goosehead Swag's rating: 1373 &rarr; <strong>1360<\/strong><br \/>(-13 for losing)\n|c|\u2606foozeld|gg\n|l|\u2606Goosehead Swag\n","uploadtime":1699845794,"views":25,"p1id":"foozeld","p2id":"gooseheadswag","formatid":"gen9doublesou","rating":1360,"private":0,"password":""}