{"id":"gen9doublesou-2000424258","p1":"iroonleef","p2":"Kondroid","format":"[Gen 9] Doubles OU","log":"|j|\u2606iroonleef\n|j|\u2606Kondroid\n|t:|1701193641\n|gametype|doubles\n|player|p1|iroonleef|koga|1425\n|player|p2|Kondroid|hilbert-wonderlauncher|1334\n|teamsize|p1|6\n|teamsize|p2|6\n|gen|9\n|tier|[Gen 9] Doubles OU\n|rated|\n|rule|Species Clause: Limit one of each Pok\u00e9mon\n|rule|OHKO Clause: OHKO moves are banned\n|rule|Evasion Moves Clause: Evasion moves are banned\n|rule|Gravity Sleep Clause: The combination of sleep-inducing moves with imperfect accuracy and Gravity or Gigantamax Orbeetle are banned\n|rule|Endless Battle Clause: Forcing endless battles is banned\n|rule|HP Percentage Mod: HP is shown in percentages\n|clearpoke\n|poke|p1|Tyranitar, M|\n|poke|p1|Gholdengo|\n|poke|p1|Ursaluna-Bloodmoon, M|\n|poke|p1|Diancie|\n|poke|p1|Corviknight, M|\n|poke|p1|Garchomp, M|\n|poke|p2|Tyranitar, M|\n|poke|p2|Houndstone, M|\n|poke|p2|Goodra-Hisui, M|\n|poke|p2|Dipplin, F|\n|poke|p2|Sandaconda, M|\n|poke|p2|Glimmora, M|\n|teampreview\n|inactive|Battle timer is ON: inactive players will automatically lose when time's up. (requested by Kondroid)\n|inactive|iroonleef also wants the timer to be on.\n|\n|t:|1701193658\n|start\n|switch|p1a: Ursaluna|Ursaluna-Bloodmoon, M|100\/100\n|switch|p1b: Diancie|Diancie|100\/100\n|switch|p2a: Tyranitar|Tyranitar, M|100\/100\n|switch|p2b: Dipplin|Dipplin, F|100\/100\n|-weather|Sandstorm|[from] ability: Sand Stream|[of] p2a: Tyranitar\n|-ability|p2b: Dipplin|Supersweet Syrup\n|-ability|p2b: Dipplin|Supersweet Syrup|boost\n|-unboost|p1a: Ursaluna|evasion|1\n|-fail|p1b: Diancie|unboost|[from] ability: Clear Body|[of] p1b: Diancie\n|turn|1\n|\n|t:|1701193682\n|-terastallize|p1a: Ursaluna|Grass\n|move|p2a: Tyranitar|High Horsepower|p1b: Diancie\n|-supereffective|p1b: Diancie\n|-damage|p1b: Diancie|54\/100\n|move|p1a: Ursaluna|Moonblast|p2b: Dipplin\n|-supereffective|p2b: Dipplin\n|-damage|p2b: Dipplin|44\/100\n|-unboost|p2b: Dipplin|spa|1\n|move|p2b: Dipplin|Giga Drain|p1a: Ursaluna\n|-resisted|p1a: Ursaluna\n|-damage|p1a: Ursaluna|92\/100\n|-heal|p2b: Dipplin|49\/100|[from] drain|[of] p1a: Ursaluna\n|move|p1b: Diancie|Trick Room|p1b: Diancie\n|-fieldstart|move: Trick Room|[of] p1b: Diancie\n|\n|-weather|Sandstorm|[upkeep]\n|-damage|p2b: Dipplin|43\/100|[from] Sandstorm\n|-damage|p1a: Ursaluna|86\/100|[from] Sandstorm\n|upkeep\n|turn|2\n|\n|t:|1701193707\n|move|p2b: Dipplin|Giga Drain|p1b: Diancie\n|-supereffective|p1b: Diancie\n|-damage|p1b: Diancie|32\/100\n|-heal|p2b: Dipplin|52\/100|[from] drain|[of] p1b: Diancie\n|move|p1b: Diancie|Dazzling Gleam|p2a: Tyranitar|[spread] p2a,p2b\n|-supereffective|p2a: Tyranitar\n|-supereffective|p2b: Dipplin\n|-damage|p2a: Tyranitar|78\/100\n|-damage|p2b: Dipplin|22\/100\n|move|p1a: Ursaluna|Earth Power|p2a: Tyranitar\n|-supereffective|p2a: Tyranitar\n|-damage|p2a: Tyranitar|15\/100\n|move|p2a: Tyranitar|Rock Slide|p1a: Ursaluna|[spread] p1a,p1b\n|-damage|p1a: Ursaluna|63\/100\n|-damage|p1b: Diancie|12\/100\n|\n|-weather|Sandstorm|[upkeep]\n|-damage|p2b: Dipplin|16\/100|[from] Sandstorm\n|-damage|p1a: Ursaluna|57\/100|[from] Sandstorm\n|upkeep\n|turn|3\n|inactive|Kondroid has 120 seconds left.\n|inactive|iroonleef has 120 seconds left.\n|inactive|Kondroid has 90 seconds left.\n|\n|t:|1701193773\n|switch|p1b: Corviknight|Corviknight, M|100\/100\n|move|p2b: Dipplin|Pollen Puff|p2a: Tyranitar\n|-heal|p2a: Tyranitar|65\/100\n|move|p1a: Ursaluna|Moonblast|p2b: Dipplin\n|-supereffective|p2b: Dipplin\n|-damage|p2b: Dipplin|0 fnt\n|faint|p2b: Dipplin\n|move|p2a: Tyranitar|Knock Off|p1a: Ursaluna\n|-damage|p1a: Ursaluna|21\/100\n|-enditem|p1a: Ursaluna|Assault Vest|[from] move: Knock Off|[of] p2a: Tyranitar\n|\n|-weather|Sandstorm|[upkeep]\n|-damage|p1a: Ursaluna|15\/100|[from] Sandstorm\n|upkeep\n|\n|t:|1701193791\n|switch|p2b: Glimmora|Glimmora, M|100\/100\n|turn|4\n|inactive|Kondroid has 90 seconds left.\n|\n|t:|1701193808\n|move|p2a: Tyranitar|Protect|p2a: Tyranitar\n|-singleturn|p2a: Tyranitar|Protect\n|move|p1a: Ursaluna|Earth Power|p2a: Tyranitar\n|-activate|p2a: Tyranitar|move: Protect\n|move|p1b: Corviknight|Steel Wing|p2b: Glimmora|[miss]\n|-miss|p1b: Corviknight|p2b: Glimmora\n|move|p2b: Glimmora|Mortal Spin|p1a: Ursaluna|[spread] p1a\n|-immune|p1b: Corviknight\n|-supereffective|p1a: Ursaluna\n|-damage|p1a: Ursaluna|8\/100\n|-status|p1a: Ursaluna|psn\n|\n|-weather|Sandstorm|[upkeep]\n|-damage|p1a: Ursaluna|2\/100 psn|[from] Sandstorm\n|-damage|p1a: Ursaluna|0 fnt|[from] psn\n|faint|p1a: Ursaluna\n|upkeep\n|inactive|iroonleef has 120 seconds left.\n|\n|t:|1701193832\n|switch|p1a: Tyranitar|Tyranitar, M|100\/100\n|turn|5\n|inactive|Kondroid has 90 seconds left.\n|\n|t:|1701193857\n|move|p1a: Tyranitar|Dragon Dance|p1a: Tyranitar\n|-boost|p1a: Tyranitar|atk|1\n|-boost|p1a: Tyranitar|spe|1\n|move|p2a: Tyranitar|Rock Slide|p1a: Tyranitar|[spread] p1a,p1b\n|-damage|p1a: Tyranitar|76\/100\n|-damage|p1b: Corviknight|74\/100\n|cant|p1b: Corviknight|flinch\n|move|p2b: Glimmora|Mortal Spin|p1b: Corviknight|[spread] p1a\n|-immune|p1b: Corviknight\n|-resisted|p1a: Tyranitar\n|-damage|p1a: Tyranitar|74\/100\n|-status|p1a: Tyranitar|psn\n|\n|-weather|Sandstorm|[upkeep]\n|-heal|p1b: Corviknight|80\/100|[from] item: Leftovers\n|-damage|p1a: Tyranitar|62\/100 psn|[from] psn\n|-fieldend|move: Trick Room\n|upkeep\n|turn|6\n|inactive|Kondroid has 90 seconds left.\n|\n|t:|1701193890\n|move|p2a: Tyranitar|Protect|p2a: Tyranitar\n|-singleturn|p2a: Tyranitar|Protect\n|move|p2b: Glimmora|Earth Power|p1a: Tyranitar\n|-supereffective|p1a: Tyranitar\n|-damage|p1a: Tyranitar|25\/100 psn\n|move|p1a: Tyranitar|Rock Slide|p2b: Glimmora|[spread] p2b\n|-activate|p2a: Tyranitar|move: Protect\n|-damage|p2b: Glimmora|43\/100\n|-activate|p2b: Glimmora|ability: Toxic Debris\n|-sidestart|p1: iroonleef|move: Toxic Spikes\n|move|p1b: Corviknight|Tailwind|p1b: Corviknight\n|-sidestart|p1: iroonleef|move: Tailwind\n|\n|-weather|Sandstorm|[upkeep]\n|-heal|p1b: Corviknight|86\/100|[from] item: Leftovers\n|-heal|p2b: Glimmora|50\/100|[from] item: Leftovers\n|-damage|p1a: Tyranitar|12\/100 psn|[from] psn\n|upkeep\n|turn|7\n|inactive|Kondroid has 90 seconds left.\n|inactive|Kondroid has 60 seconds left.\n|inactive|iroonleef has 120 seconds left.\n|\n|t:|1701193948\n|move|p2a: Tyranitar|Protect||[still]\n|-fail|p2a: Tyranitar\n|move|p1a: Tyranitar|Rock Slide|p2b: Glimmora|[spread] p2a,p2b\n|-crit|p2a: Tyranitar\n|-crit|p2b: Glimmora\n|-damage|p2a: Tyranitar|6\/100\n|-damage|p2b: Glimmora|0 fnt\n|-activate|p2b: Glimmora|ability: Toxic Debris\n|-sidestart|p1: iroonleef|move: Toxic Spikes\n|faint|p2b: Glimmora\n|move|p1b: Corviknight|Steel Wing|p2a: Tyranitar\n|-supereffective|p2a: Tyranitar\n|-damage|p2a: Tyranitar|0 fnt\n|faint|p2a: Tyranitar\n|\n|-weather|Sandstorm|[upkeep]\n|-heal|p1b: Corviknight|93\/100|[from] item: Leftovers\n|-damage|p1a: Tyranitar|0 fnt|[from] psn\n|faint|p1a: Tyranitar\n|upkeep\n|\n|t:|1701193971\n|switch|p2b: Goodra|Goodra-Hisui, M|100\/100\n|switch|p2a: Sandaconda|Sandaconda, M|100\/100\n|switch|p1a: Gholdengo|Gholdengo|100\/100\n|turn|8\n|\n|t:|1701194003\n|move|p1a: Gholdengo|Nasty Plot|p1a: Gholdengo\n|-boost|p1a: Gholdengo|spa|2\n|move|p1b: Corviknight|Brave Bird|p2a: Sandaconda|[miss]\n|-miss|p1b: Corviknight|p2a: Sandaconda\n|move|p2a: Sandaconda|Coil|p2a: Sandaconda\n|-boost|p2a: Sandaconda|atk|1\n|-boost|p2a: Sandaconda|def|1\n|-boost|p2a: Sandaconda|accuracy|1\n|move|p2b: Goodra|Flamethrower|p1a: Gholdengo\n|-supereffective|p1a: Gholdengo\n|-damage|p1a: Gholdengo|34\/100\n|\n|-weather|none\n|-heal|p1b: Corviknight|99\/100|[from] item: Leftovers\n|upkeep\n|turn|9\n|inactive|Kondroid has 60 seconds left.\n|\n|t:|1701194036\n|move|p1a: Gholdengo|Make It Rain|p2a: Sandaconda|[spread] p2a,p2b\n|-resisted|p2b: Goodra\n|-damage|p2a: Sandaconda|0 fnt\n|-damage|p2b: Goodra|79\/100\n|-unboost|p1a: Gholdengo|spa|1\n|faint|p2a: Sandaconda\n|move|p1b: Corviknight|Brave Bird|p2b: Goodra\n|-resisted|p2b: Goodra\n|-damage|p2b: Goodra|59\/100\n|-damage|p1b: Corviknight|93\/100|[from] Recoil\n|move|p2b: Goodra|Flamethrower|p1a: Gholdengo\n|-supereffective|p1a: Gholdengo\n|-damage|p1a: Gholdengo|0 fnt\n|faint|p1a: Gholdengo\n|\n|-heal|p1b: Corviknight|99\/100|[from] item: Leftovers\n|-sideend|p1: iroonleef|move: Tailwind\n|upkeep\n|\n|t:|1701194054\n|switch|p1a: Garchomp|Garchomp, M|100\/100\n|switch|p2a: Houndstone|Houndstone, M|100\/100\n|-status|p1a: Garchomp|tox\n|turn|10\n|inactive|Kondroid has 90 seconds left.\n|inactive|iroonleef has 120 seconds left.\n|\n|t:|1701194087\n|move|p2a: Houndstone|Last Respects|p1b: Corviknight\n|-damage|p1b: Corviknight|0 fnt\n|faint|p1b: Corviknight\n|move|p1a: Garchomp|Earthquake|p2b: Goodra|[spread] p2a,p2b\n|-supereffective|p2b: Goodra\n|-damage|p2a: Houndstone|51\/100\n|-damage|p2b: Goodra|0 fnt\n|faint|p2b: Goodra\n|\n|-damage|p1a: Garchomp|94\/100 tox|[from] psn\n|upkeep\n|inactive|iroonleef has 120 seconds left.\n|\n|t:|1701194098\n|switch|p1b: Diancie|Diancie|12\/100\n|-status|p1b: Diancie|tox\n|turn|11\n|inactive|Kondroid has 90 seconds left.\n|\n|t:|1701194116\n|-terastallize|p2a: Houndstone|Fairy\n|move|p2a: Houndstone|Last Respects|p1a: Garchomp\n|-damage|p1a: Garchomp|0 fnt\n|faint|p1a: Garchomp\n|move|p1b: Diancie|Diamond Storm|p2a: Houndstone\n|-damage|p2a: Houndstone|12\/100\n|-boost|p1b: Diancie|def|2\n|\n|-damage|p1b: Diancie|6\/100 tox|[from] psn\n|upkeep\n|turn|12\n|\n|t:|1701194130\n|move|p2a: Houndstone|Last Respects|p1b: Diancie\n|-damage|p1b: Diancie|0 fnt\n|faint|p1b: Diancie\n|\n|win|Kondroid\n|raw|iroonleef's rating: 1425 &rarr; <strong>1400<\/strong><br \/>(-25 for losing)\n|raw|Kondroid's rating: 1334 &rarr; <strong>1359<\/strong><br \/>(+25 for winning)\n|l|\u2606iroonleef\n","uploadtime":1701194146,"views":4,"p1id":"iroonleef","p2id":"kondroid","formatid":"gen9doublesou","rating":1359,"private":0,"password":""}