{"id":"gen9doublesou-1970459788","p1":"liljkalltheway","p2":"God_of_STANK!","format":"[Gen 9] Doubles OU","log":"|j|\u2606liljkalltheway\n|j|\u2606God_of_STANK!\n|t:|1697640706\n|gametype|doubles\n|player|p1|liljkalltheway|psychic-gen4|1511\n|player|p2|God_of_STANK!|psychic|1429\n|teamsize|p1|6\n|teamsize|p2|6\n|gen|9\n|tier|[Gen 9] Doubles OU\n|rated|\n|rule|Species Clause: Limit one of each Pok\u00e9mon\n|rule|OHKO Clause: OHKO moves are banned\n|rule|Evasion Moves Clause: Evasion moves are banned\n|rule|Gravity Sleep Clause: The combination of sleep-inducing moves with imperfect accuracy and Gravity or Gigantamax Orbeetle are banned\n|rule|Endless Battle Clause: Forcing endless battles is banned\n|rule|HP Percentage Mod: HP is shown in percentages\n|clearpoke\n|poke|p1|Ogerpon-Wellspring, F|\n|poke|p1|Fezandipiti, M|\n|poke|p1|Ursaluna-Bloodmoon, M|\n|poke|p1|Golem-Alola, F|\n|poke|p1|Chien-Pao|\n|poke|p1|Sinistcha|\n|poke|p2|Rillaboom, M|\n|poke|p2|Tornadus, M|\n|poke|p2|Cresselia, F|\n|poke|p2|Iron Hands|\n|poke|p2|Empoleon, F|\n|poke|p2|Volcanion|\n|teampreview\n|inactive|Battle timer is ON: inactive players will automatically lose when time's up. (requested by God_of_STANK!)\n|\n|t:|1697640714\n|start\n|switch|p1a: Golem|Golem-Alola, F|100\/100\n|switch|p1b: Chien-Pao|Chien-Pao|100\/100\n|switch|p2a: Iron Hands|Iron Hands|100\/100\n|switch|p2b: Cresselia|Cresselia, F|100\/100\n|-ability|p1b: Chien-Pao|Sword of Ruin\n|turn|1\n|\n|t:|1697640727\n|move|p2b: Cresselia|Ally Switch|p2b: Cresselia\n|swap|p2b: Cresselia|0|[from] move: Ally Switch\n|move|p1b: Chien-Pao|Lash Out|p2b: Iron Hands\n|-resisted|p2b: Iron Hands\n|-damage|p2b: Iron Hands|79\/100\n|-damage|p1b: Chien-Pao|91\/100|[from] item: Life Orb\n|move|p2b: Iron Hands|Belly Drum|p2b: Iron Hands\n|-damage|p2b: Iron Hands|29\/100\n|-setboost|p2b: Iron Hands|atk|6|[from] move: Belly Drum\n|-enditem|p2b: Iron Hands|Sitrus Berry|[eat]\n|-heal|p2b: Iron Hands|54\/100|[from] item: Sitrus Berry\n|move|p1a: Golem|Stealth Rock|p2a: Cresselia\n|-sidestart|p2: God_of_STANK!|move: Stealth Rock\n|\n|upkeep\n|turn|2\n|inactive|God_of_STANK! has 120 seconds left.\n|\n|t:|1697640769\n|switch|p1b: Sinistcha|Sinistcha|100\/100\n|move|p2b: Iron Hands|Drain Punch|p1b: Sinistcha\n|-immune|p1b: Sinistcha\n|move|p1a: Golem|Rock Slide|p2b: Iron Hands|[spread] p2a\n|-miss|p1a: Golem|p2b: Iron Hands\n|-damage|p2a: Cresselia|79\/100\n|move|p2a: Cresselia|Trick Room|p2a: Cresselia\n|-fieldstart|move: Trick Room|[of] p2a: Cresselia\n|\n|upkeep\n|turn|3\n|\n|t:|1697640789\n|move|p1a: Golem|Explosion|p2b: Iron Hands|[spread] p2a,p2b\n|-immune|p1b: Sinistcha\n|-damage|p2a: Cresselia|37\/100\n|-damage|p2b: Iron Hands|6\/100\n|faint|p1a: Golem\n|move|p2b: Iron Hands|Drain Punch|p1b: Sinistcha\n|-immune|p1b: Sinistcha\n|move|p1b: Sinistcha|Shadow Ball|p2a: Cresselia\n|-supereffective|p2a: Cresselia\n|-damage|p2a: Cresselia|0 fnt\n|faint|p2a: Cresselia\n|\n|upkeep\n|c|\u2606God_of_STANK!|lmao wtf\n|\n|t:|1697640803\n|switch|p1a: Chien-Pao|Chien-Pao|91\/100\n|switch|p2a: Volcanion|Volcanion|100\/100\n|-damage|p2a: Volcanion|76\/100|[from] Stealth Rock\n|-ability|p1a: Chien-Pao|Sword of Ruin\n|turn|4\n|\n|t:|1697640822\n|move|p2b: Iron Hands|Protect|p2b: Iron Hands\n|-singleturn|p2b: Iron Hands|Protect\n|move|p1a: Chien-Pao|Ice Shard|p2b: Iron Hands\n|-activate|p2b: Iron Hands|move: Protect\n|move|p1b: Sinistcha|Calm Mind|p1b: Sinistcha\n|-boost|p1b: Sinistcha|spa|1\n|-boost|p1b: Sinistcha|spd|1\n|move|p2a: Volcanion|Heat Wave|p1a: Chien-Pao|[spread] p1a,p1b\n|-supereffective|p1a: Chien-Pao\n|-supereffective|p1b: Sinistcha\n|-damage|p1a: Chien-Pao|0 fnt\n|-damage|p1b: Sinistcha|40\/100\n|faint|p1a: Chien-Pao\n|\n|-heal|p1b: Sinistcha|46\/100|[from] item: Leftovers\n|upkeep\n|\n|t:|1697640835\n|switch|p1a: Ursaluna|Ursaluna-Bloodmoon, M|100\/100\n|turn|5\n|\n|t:|1697640844\n|-terastallize|p1b: Sinistcha|Water\n|move|p1a: Ursaluna|Vacuum Wave|p2b: Iron Hands\n|-damage|p2b: Iron Hands|0 fnt\n|faint|p2b: Iron Hands\n|-end|p2b: Iron Hands|Quark Drive|[silent]\n|move|p1b: Sinistcha|Matcha Gotcha|p2a: Volcanion\n|-damage|p2a: Volcanion|38\/100\n|-heal|p1b: Sinistcha|64\/100|[from] drain|[of] p2a: Volcanion\n|move|p2a: Volcanion|Steam Eruption|p1a: Ursaluna\n|-supereffective|p1a: Ursaluna\n|-damage|p1a: Ursaluna|0 fnt\n|faint|p1a: Ursaluna\n|\n|-heal|p1b: Sinistcha|70\/100|[from] item: Leftovers\n|upkeep\n|\n|t:|1697640860\n|switch|p1a: Fezandipiti|Fezandipiti, M|100\/100\n|switch|p2b: Empoleon|Empoleon, F|100\/100\n|-damage|p2b: Empoleon|94\/100|[from] Stealth Rock\n|turn|6\n|\n|t:|1697640876\n|switch|p1a: Ogerpon|Ogerpon-Wellspring, F|100\/100\n|move|p2b: Empoleon|Protect|p2b: Empoleon\n|-singleturn|p2b: Empoleon|Protect\n|move|p1b: Sinistcha|Matcha Gotcha|p2a: Volcanion|[spread] p2a\n|-activate|p2b: Empoleon|move: Protect\n|-damage|p2a: Volcanion|13\/100\n|-heal|p1b: Sinistcha|82\/100|[from] drain|[of] p2a: Volcanion\n|move|p2a: Volcanion|Earth Power|p1a: Ogerpon\n|-resisted|p1a: Ogerpon\n|-damage|p1a: Ogerpon|84\/100\n|\n|-heal|p1b: Sinistcha|88\/100|[from] item: Leftovers\n|-fieldend|move: Trick Room\n|upkeep\n|turn|7\n|\n|t:|1697640894\n|move|p1a: Ogerpon|Horn Leech|p2b: Empoleon\n|-damage|p2b: Empoleon|59\/100\n|-heal|p1a: Ogerpon|99\/100|[from] drain|[of] p2b: Empoleon\n|move|p2a: Volcanion|Steam Eruption|p1b: Sinistcha\n|-resisted|p1b: Sinistcha\n|-damage|p1b: Sinistcha|66\/100\n|move|p1b: Sinistcha|Matcha Gotcha|p2a: Volcanion|[spread] p2a,p2b\n|-damage|p2a: Volcanion|0 fnt\n|-heal|p1b: Sinistcha|72\/100|[from] drain|[of] p2a: Volcanion\n|-damage|p2b: Empoleon|25\/100\n|-heal|p1b: Sinistcha|88\/100|[from] drain|[of] p2b: Empoleon\n|-status|p2b: Empoleon|brn\n|faint|p2a: Volcanion\n|move|p2b: Empoleon|Ice Beam|p1a: Ogerpon\n|-damage|p1a: Ogerpon|65\/100\n|-damage|p2b: Empoleon|16\/100 brn|[from] item: Life Orb\n|\n|-heal|p1b: Sinistcha|94\/100|[from] item: Leftovers\n|-damage|p2b: Empoleon|9\/100 brn|[from] brn\n|upkeep\n|\n|t:|1697640902\n|switch|p2a: Tornadus|Tornadus, M, shiny|100\/100\n|-damage|p2a: Tornadus|76\/100|[from] Stealth Rock\n|turn|8\n|\n|t:|1697640920\n|move|p1a: Ogerpon|Spiky Shield|p1a: Ogerpon\n|-singleturn|p1a: Ogerpon|move: Protect\n|move|p2a: Tornadus|Tailwind|p2a: Tornadus\n|-sidestart|p2: God_of_STANK!|move: Tailwind\n|move|p2b: Empoleon|Ice Beam|p1a: Ogerpon\n|-activate|p1a: Ogerpon|move: Protect\n|move|p1b: Sinistcha|Matcha Gotcha|p2b: Empoleon|[spread] p2a,p2b\n|-resisted|p2a: Tornadus\n|-damage|p2a: Tornadus|55\/100\n|-heal|p1b: Sinistcha|100\/100|[from] drain|[of] p2a: Tornadus\n|-damage|p2b: Empoleon|0 fnt\n|faint|p2b: Empoleon\n|\n|upkeep\n|\n|t:|1697640923\n|switch|p2b: Rillaboom|Rillaboom, M|100\/100\n|-damage|p2b: Rillaboom|88\/100|[from] Stealth Rock\n|-fieldstart|move: Grassy Terrain|[from] ability: Grassy Surge|[of] p2b: Rillaboom\n|turn|9\n|\n|t:|1697640946\n|switch|p1a: Fezandipiti|Fezandipiti, M|100\/100\n|move|p2b: Rillaboom|Fake Out|p1a: Fezandipiti\n|-damage|p1a: Fezandipiti|84\/100\n|-damage|p2b: Rillaboom|78\/100|[from] item: Life Orb\n|move|p2a: Tornadus|Bleakwind Storm|p1b: Sinistcha|[spread] p1a,p1b\n|-damage|p1a: Fezandipiti|65\/100\n|-damage|p1b: Sinistcha|79\/100\n|move|p1b: Sinistcha|Matcha Gotcha|p2a: Tornadus|[spread] p2a,p2b\n|-resisted|p2a: Tornadus\n|-resisted|p2b: Rillaboom\n|-damage|p2a: Tornadus|28\/100\n|-heal|p1b: Sinistcha|91\/100|[from] drain|[of] p2a: Tornadus\n|-damage|p2b: Rillaboom|56\/100\n|-heal|p1b: Sinistcha|100\/100|[from] drain|[of] p2b: Rillaboom\n|\n|-heal|p2b: Rillaboom|62\/100|[from] Grassy Terrain\n|-heal|p1a: Fezandipiti|71\/100|[from] Grassy Terrain\n|upkeep\n|turn|10\n|\n|t:|1697640972\n|move|p2a: Tornadus|Bleakwind Storm|p1b: Sinistcha|[spread] p1a,p1b\n|-crit|p1a: Fezandipiti\n|-damage|p1a: Fezandipiti|43\/100\n|-damage|p1b: Sinistcha|77\/100\n|-enditem|p1a: Fezandipiti|Sitrus Berry|[eat]\n|-heal|p1a: Fezandipiti|68\/100|[from] item: Sitrus Berry\n|move|p2b: Rillaboom|Drum Beating|p1b: Sinistcha\n|-supereffective|p1b: Sinistcha\n|-damage|p1b: Sinistcha|0 fnt\n|faint|p1b: Sinistcha\n|-damage|p2b: Rillaboom|53\/100|[from] item: Life Orb\n|move|p1a: Fezandipiti|Icy Wind|p2b: Rillaboom|[spread] p2a,p2b\n|-supereffective|p2a: Tornadus\n|-supereffective|p2b: Rillaboom\n|-crit|p2b: Rillaboom\n|-damage|p2a: Tornadus|10\/100\n|-damage|p2b: Rillaboom|29\/100\n|-unboost|p2b: Rillaboom|spe|1\n|-status|p2b: Rillaboom|tox|[from] ability: Toxic Chain|[of] p1a: Fezandipiti\n|\n|-heal|p2b: Rillaboom|35\/100 tox|[from] Grassy Terrain\n|-heal|p1a: Fezandipiti|74\/100|[from] Grassy Terrain\n|-damage|p2b: Rillaboom|29\/100 tox|[from] psn\n|upkeep\n|inactive|liljkalltheway has 120 seconds left.\n|\n|t:|1697640991\n|switch|p1b: Ogerpon|Ogerpon-Wellspring, F|65\/100\n|turn|11\n|\n|t:|1697641006\n|move|p1b: Ogerpon|Spiky Shield|p1b: Ogerpon\n|-singleturn|p1b: Ogerpon|move: Protect\n|move|p2a: Tornadus|Bleakwind Storm|p1b: Ogerpon|[spread] p1a\n|-activate|p1b: Ogerpon|move: Protect\n|-damage|p1a: Fezandipiti|55\/100\n|move|p2b: Rillaboom|High Horsepower|p1a: Fezandipiti\n|-supereffective|p1a: Fezandipiti\n|-damage|p1a: Fezandipiti|0 fnt\n|faint|p1a: Fezandipiti\n|-damage|p2b: Rillaboom|19\/100 tox|[from] item: Life Orb\n|\n|-heal|p1b: Ogerpon|71\/100|[from] Grassy Terrain\n|-heal|p2b: Rillaboom|25\/100 tox|[from] Grassy Terrain\n|-damage|p2b: Rillaboom|12\/100 tox|[from] psn\n|-sideend|p2: God_of_STANK!|move: Tailwind\n|upkeep\n|turn|12\n|\n|t:|1697641026\n|move|p2a: Tornadus|Tailwind|p2a: Tornadus\n|-sidestart|p2: God_of_STANK!|move: Tailwind\n|move|p1b: Ogerpon|Ivy Cudgel|p2a: Tornadus\n|-crit|p2a: Tornadus\n|-damage|p2a: Tornadus|0 fnt\n|faint|p2a: Tornadus\n|move|p2b: Rillaboom|Drum Beating|p1b: Ogerpon\n|-damage|p1b: Ogerpon|0 fnt\n|faint|p1b: Ogerpon\n|-damage|p2b: Rillaboom|3\/100 tox|[from] item: Life Orb\n|\n|win|God_of_STANK!\n|raw|liljkalltheway's rating: 1511 &rarr; <strong>1486<\/strong><br \/>(-25 for losing)\n|raw|God_of_STANK!'s rating: 1429 &rarr; <strong>1454<\/strong><br \/>(+25 for winning)\n|c|\u2606God_of_STANK!|gg\n","uploadtime":1697641040,"views":8,"p1id":"liljkalltheway","p2id":"godofstank","formatid":"gen9doublesou","rating":1454,"private":0,"password":""}