{"id":"gen9doublesou-1986520835","p1":"naight_7","p2":"penguinking132","format":"[Gen 9] Doubles OU","log":"|j|\u2606naight_7\n|j|\u2606penguinking132\n|t:|1699487608\n|gametype|doubles\n|player|p1|naight_7|riley|1111\n|player|p2|penguinking132|burglar|1023\n|teamsize|p1|6\n|teamsize|p2|6\n|gen|9\n|tier|[Gen 9] Doubles OU\n|rated|\n|rule|Species Clause: Limit one of each Pok\u00e9mon\n|rule|OHKO Clause: OHKO moves are banned\n|rule|Evasion Moves Clause: Evasion moves are banned\n|rule|Gravity Sleep Clause: The combination of sleep-inducing moves with imperfect accuracy and Gravity or Gigantamax Orbeetle are banned\n|rule|Endless Battle Clause: Forcing endless battles is banned\n|rule|HP Percentage Mod: HP is shown in percentages\n|clearpoke\n|poke|p1|Slither Wing|\n|poke|p1|Dusclops, F|\n|poke|p1|Bronzong|\n|poke|p1|Meowscarada, F|\n|poke|p1|Klefki, F|\n|poke|p1|Ursaluna-Bloodmoon, M|\n|poke|p2|Ursaluna-Bloodmoon, M|\n|poke|p2|Chi-Yu|\n|poke|p2|Ogerpon-Wellspring, F|\n|poke|p2|Iron Hands|\n|poke|p2|Amoonguss, M|\n|poke|p2|Cresselia, F|\n|teampreview\n|\n|t:|1699487621\n|start\n|switch|p1a: Bronzong|Bronzong|100\/100\n|switch|p1b: Klefki|Klefki, F, shiny|100\/100\n|switch|p2a: Cresselia|Cresselia, F|100\/100\n|switch|p2b: Iron Hands|Iron Hands|100\/100\n|turn|1\n|\n|t:|1699487634\n|move|p2b: Iron Hands|Fake Out|p1b: Klefki\n|-resisted|p1b: Klefki\n|-damage|p1b: Klefki|91\/100\n|cant|p1b: Klefki|flinch\n|move|p2a: Cresselia|Thunderbolt|p1a: Bronzong\n|-damage|p1a: Bronzong|78\/100\n|move|p1a: Bronzong|Trick Room|p1a: Bronzong\n|-fieldstart|move: Trick Room|[of] p1a: Bronzong\n|\n|-heal|p1a: Bronzong|84\/100|[from] item: Leftovers\n|upkeep\n|turn|2\n|\n|t:|1699487652\n|-terastallize|p2b: Iron Hands|Water\n|move|p1b: Klefki|Reflect|p1b: Klefki\n|-sidestart|p1: naight_7|Reflect\n|move|p1a: Bronzong|Iron Defense|p1a: Bronzong\n|-boost|p1a: Bronzong|def|2\n|move|p2b: Iron Hands|Heavy Slam|p1b: Klefki\n|-damage|p1b: Klefki|56\/100\n|move|p2a: Cresselia|Thunderbolt|p1a: Bronzong\n|-damage|p1a: Bronzong|61\/100\n|\n|-heal|p1a: Bronzong|67\/100|[from] item: Leftovers\n|upkeep\n|turn|3\n|\n|t:|1699487668\n|move|p1b: Klefki|Light Screen|p1b: Klefki\n|-sidestart|p1: naight_7|move: Light Screen\n|move|p1a: Bronzong|Iron Defense|p1a: Bronzong\n|-boost|p1a: Bronzong|def|2\n|move|p2b: Iron Hands|Heavy Slam|p1b: Klefki\n|-damage|p1b: Klefki|17\/100\n|move|p2a: Cresselia|Thunderbolt|p1a: Bronzong\n|-damage|p1a: Bronzong|54\/100\n|\n|-heal|p1a: Bronzong|60\/100|[from] item: Leftovers\n|upkeep\n|turn|4\n|\n|t:|1699487685\n|switch|p1b: Dusclops|Dusclops, F, shiny|100\/100\n|-item|p2a: Cresselia|Leftovers|[from] ability: Frisk|[of] p1b: Dusclops|[identify]\n|-item|p2b: Iron Hands|Assault Vest|[from] ability: Frisk|[of] p1b: Dusclops|[identify]\n|move|p1a: Bronzong|Body Press|p2b: Iron Hands\n|-damage|p2b: Iron Hands|52\/100\n|move|p2b: Iron Hands|Heavy Slam|p1b: Dusclops\n|-damage|p1b: Dusclops|78\/100\n|move|p2a: Cresselia|Thunderbolt|p1a: Bronzong\n|-damage|p1a: Bronzong|44\/100\n|\n|-heal|p1a: Bronzong|50\/100|[from] item: Leftovers\n|upkeep\n|turn|5\n|\n|t:|1699487708\n|move|p1b: Dusclops|Shadow Punch|p2b: Iron Hands\n|-damage|p2b: Iron Hands|42\/100\n|move|p1a: Bronzong|Body Press|p2b: Iron Hands\n|-damage|p2b: Iron Hands|0 fnt\n|faint|p2b: Iron Hands\n|-end|p2b: Iron Hands|Quark Drive|[silent]\n|move|p2a: Cresselia|Lunar Blessing||[still]\n|-fail|p2a: Cresselia\n|\n|-heal|p1a: Bronzong|57\/100|[from] item: Leftovers\n|-fieldend|move: Trick Room\n|upkeep\n|\n|t:|1699487718\n|switch|p2b: Amoonguss|Amoonguss, M|100\/100\n|turn|6\n|\n|t:|1699487727\n|move|p2a: Cresselia|Thunderbolt|p1b: Dusclops\n|-damage|p1b: Dusclops|68\/100\n|move|p2b: Amoonguss|Spore|p1a: Bronzong\n|-status|p1a: Bronzong|slp|[from] move: Spore\n|cant|p1a: Bronzong|slp\n|move|p1b: Dusclops|Trick Room|p1b: Dusclops\n|-fieldstart|move: Trick Room|[of] p1b: Dusclops\n|\n|-heal|p1a: Bronzong|63\/100 slp|[from] item: Leftovers\n|upkeep\n|turn|7\n|\n|t:|1699487746\n|move|p1b: Dusclops|Leech Life|p2a: Cresselia\n|-supereffective|p2a: Cresselia\n|-damage|p2a: Cresselia|82\/100\n|-heal|p1b: Dusclops|87\/100|[from] drain|[of] p2a: Cresselia\n|cant|p1a: Bronzong|slp\n|move|p2b: Amoonguss|Giga Drain|p1b: Dusclops\n|-crit|p1b: Dusclops\n|-damage|p1b: Dusclops|57\/100\n|move|p2a: Cresselia|Thunderbolt|p1b: Dusclops\n|-damage|p1b: Dusclops|46\/100\n|\n|-heal|p1a: Bronzong|69\/100 slp|[from] item: Leftovers\n|-heal|p2a: Cresselia|88\/100|[from] item: Leftovers\n|upkeep\n|turn|8\n|\n|t:|1699487762\n|move|p1b: Dusclops|Leech Life|p2a: Cresselia\n|-supereffective|p2a: Cresselia\n|-damage|p2a: Cresselia|67\/100\n|-heal|p1b: Dusclops|67\/100|[from] drain|[of] p2a: Cresselia\n|cant|p1a: Bronzong|slp\n|move|p2b: Amoonguss|Giga Drain|p1b: Dusclops\n|-damage|p1b: Dusclops|54\/100\n|move|p2a: Cresselia|Thunderbolt|p1b: Dusclops\n|-damage|p1b: Dusclops|44\/100\n|\n|-heal|p1a: Bronzong|75\/100 slp|[from] item: Leftovers\n|-heal|p2a: Cresselia|73\/100|[from] item: Leftovers\n|upkeep\n|turn|9\n|\n|t:|1699487797\n|move|p1b: Dusclops|Leech Life|p2a: Cresselia\n|-supereffective|p2a: Cresselia\n|-damage|p2a: Cresselia|55\/100\n|-heal|p1b: Dusclops|63\/100|[from] drain|[of] p2a: Cresselia\n|-curestatus|p1a: Bronzong|slp|[msg]\n|move|p1a: Bronzong|Body Press|p2a: Cresselia\n|-resisted|p2a: Cresselia\n|-damage|p2a: Cresselia|23\/100\n|move|p2b: Amoonguss|Spore|p1a: Bronzong\n|-status|p1a: Bronzong|slp|[from] move: Spore\n|move|p2a: Cresselia|Thunderbolt|p1b: Dusclops\n|-damage|p1b: Dusclops|54\/100\n|\n|-heal|p1a: Bronzong|81\/100 slp|[from] item: Leftovers\n|-heal|p2a: Cresselia|30\/100|[from] item: Leftovers\n|-sideend|p1: naight_7|Reflect\n|upkeep\n|turn|10\n|\n|t:|1699487819\n|-terastallize|p1b: Dusclops|Bug\n|move|p1b: Dusclops|Leech Life|p2a: Cresselia\n|-supereffective|p2a: Cresselia\n|-damage|p2a: Cresselia|0 fnt\n|-heal|p1b: Dusclops|83\/100|[from] drain|[of] p2a: Cresselia\n|faint|p2a: Cresselia\n|move|p2b: Amoonguss|Giga Drain|p1b: Dusclops\n|-resisted|p1b: Dusclops\n|-damage|p1b: Dusclops|76\/100\n|cant|p1a: Bronzong|slp\n|\n|-heal|p1a: Bronzong|87\/100 slp|[from] item: Leftovers\n|-sideend|p1: naight_7|move: Light Screen\n|-fieldend|move: Trick Room\n|upkeep\n|\n|t:|1699487824\n|switch|p2a: Chi-Yu|Chi-Yu|100\/100\n|-ability|p2a: Chi-Yu|Beads of Ruin\n|turn|11\n|\n|t:|1699487859\n|switch|p1b: Meowscarada|Meowscarada, F|100\/100\n|move|p2b: Amoonguss|Rage Powder|p2b: Amoonguss\n|-singleturn|p2b: Amoonguss|move: Rage Powder\n|move|p2a: Chi-Yu|Heat Wave|p1a: Bronzong|[spread] p1a,p1b\n|-supereffective|p1a: Bronzong\n|-supereffective|p1b: Meowscarada\n|-damage|p1a: Bronzong|0 fnt\n|-enditem|p1b: Meowscarada|Focus Sash\n|-damage|p1b: Meowscarada|1\/100\n|faint|p1a: Bronzong\n|\n|upkeep\n|\n|t:|1699487873\n|switch|p1a: Klefki|Klefki, F, shiny|17\/100\n|turn|12\n|\n|t:|1699487890\n|move|p2a: Chi-Yu|Protect|p2a: Chi-Yu\n|-singleturn|p2a: Chi-Yu|Protect\n|move|p1a: Klefki|Light Screen|p1a: Klefki\n|-sidestart|p1: naight_7|move: Light Screen\n|move|p1b: Meowscarada|Play Rough|p2a: Chi-Yu\n|-start|p1b: Meowscarada|typechange|Fairy|[from] ability: Protean\n|-activate|p2a: Chi-Yu|move: Protect\n|move|p2b: Amoonguss|Clear Smog|p1b: Meowscarada\n|-supereffective|p1b: Meowscarada\n|-damage|p1b: Meowscarada|0 fnt\n|-clearboost|p1b: Meowscarada\n|faint|p1b: Meowscarada\n|\n|upkeep\n|\n|t:|1699487905\n|switch|p1b: Ursaluna|Ursaluna-Bloodmoon, M|100\/100\n|turn|13\n|\n|t:|1699487921\n|move|p1a: Klefki|Thunder Wave|p2a: Chi-Yu\n|-hint|Since gen 7, Dark is immune to Prankster moves.\n|-immune|p2a: Chi-Yu\n|move|p2a: Chi-Yu|Heat Wave|p1a: Klefki|[spread] p1a,p1b\n|-supereffective|p1a: Klefki\n|-damage|p1a: Klefki|0 fnt\n|-damage|p1b: Ursaluna|61\/100\n|faint|p1a: Klefki\n|move|p1b: Ursaluna|Earth Power|p2a: Chi-Yu\n|-supereffective|p2a: Chi-Yu\n|-enditem|p2a: Chi-Yu|Focus Sash\n|-damage|p2a: Chi-Yu|1\/100\n|-damage|p1b: Ursaluna|51\/100|[from] item: Life Orb\n|move|p2b: Amoonguss|Spore|p1b: Ursaluna\n|-status|p1b: Ursaluna|slp|[from] move: Spore\n|\n|upkeep\n|\n|t:|1699487936\n|switch|p1a: Slither Wing|Slither Wing, shiny|100\/100\n|-enditem|p1a: Slither Wing|Booster Energy\n|-activate|p1a: Slither Wing|ability: Protosynthesis|[fromitem]\n|-start|p1a: Slither Wing|protosynthesisatk\n|turn|14\n|c|\u2606naight_7|gg xd\n|\n|t:|1699487946\n|move|p2a: Chi-Yu|Protect|p2a: Chi-Yu\n|-singleturn|p2a: Chi-Yu|Protect\n|move|p1a: Slither Wing|Brick Break|p2a: Chi-Yu\n|-activate|p2a: Chi-Yu|move: Protect\n|cant|p1b: Ursaluna|slp\n|move|p2b: Amoonguss|Giga Drain|p1b: Ursaluna\n|-supereffective|p1b: Ursaluna\n|-damage|p1b: Ursaluna|0 fnt\n|faint|p1b: Ursaluna\n|\n|upkeep\n|\n|t:|1699487956\n|switch|p1b: Dusclops|Dusclops, F, shiny, tera:Bug|76\/100\n|-item|p2b: Amoonguss|Aguav Berry|[from] ability: Frisk|[of] p1b: Dusclops|[identify]\n|turn|15\n|c|\u2606penguinking132|gg\n|c|\u2606penguinking132|body press bronzong is inspired\n|\n|t:|1699487978\n|move|p2b: Amoonguss|Rage Powder|p2b: Amoonguss\n|-singleturn|p2b: Amoonguss|move: Rage Powder\n|move|p2a: Chi-Yu|Heat Wave|p1a: Slither Wing|[spread] p1a,p1b\n|-supereffective|p1a: Slither Wing\n|-supereffective|p1b: Dusclops\n|-damage|p1a: Slither Wing|43\/100\n|-damage|p1b: Dusclops|34\/100\n|move|p1a: Slither Wing|Leech Life|p2b: Amoonguss\n|-crit|p2b: Amoonguss\n|-damage|p2b: Amoonguss|10\/100\n|-heal|p1a: Slither Wing|95\/100|[from] drain|[of] p2b: Amoonguss\n|-enditem|p2b: Amoonguss|Aguav Berry|[eat]\n|-heal|p2b: Amoonguss|43\/100|[from] item: Aguav Berry\n|move|p1b: Dusclops|Trick Room|p1b: Dusclops\n|-fieldstart|move: Trick Room|[of] p1b: Dusclops\n|\n|upkeep\n|turn|16\n|c|\u2606naight_7|thanks? xd\n|\n|t:|1699488005\n|move|p2b: Amoonguss|Rage Powder|p2b: Amoonguss\n|-singleturn|p2b: Amoonguss|move: Rage Powder\n|move|p1b: Dusclops|Leech Life|p2b: Amoonguss\n|-damage|p2b: Amoonguss|21\/100\n|-heal|p1b: Dusclops|56\/100|[from] drain|[of] p2b: Amoonguss\n|move|p1a: Slither Wing|Leech Life|p2b: Amoonguss\n|-damage|p2b: Amoonguss|0 fnt\n|-heal|p1a: Slither Wing|100\/100|[from] drain|[of] p2b: Amoonguss\n|faint|p2b: Amoonguss\n|move|p2a: Chi-Yu|Heat Wave|p1a: Slither Wing|[spread] p1a,p1b\n|-supereffective|p1a: Slither Wing\n|-supereffective|p1b: Dusclops\n|-damage|p1a: Slither Wing|40\/100\n|-damage|p1b: Dusclops|10\/100\n|\n|upkeep\n|c|\u2606penguinking132|its smart honestly, im gonna try it out later.\n|\n|t:|1699488012\n|switch|p2b: Ursaluna|Ursaluna-Bloodmoon, M|100\/100\n|turn|17\n|\n|t:|1699488029\n|move|p1b: Dusclops|Leech Life|p2a: Chi-Yu\n|-damage|p2a: Chi-Yu|0 fnt\n|-heal|p1b: Dusclops|10\/100|[from] drain|[of] p2a: Chi-Yu\n|faint|p2a: Chi-Yu\n|move|p2b: Ursaluna|Hyper Voice|p1a: Slither Wing|[spread] p1a,p1b\n|-damage|p1a: Slither Wing|10\/100\n|-damage|p1b: Dusclops|0 fnt\n|faint|p1b: Dusclops\n|-damage|p2b: Ursaluna|90\/100|[from] item: Life Orb\n|move|p1a: Slither Wing|Leech Life|p2b: Ursaluna\n|-damage|p2b: Ursaluna|52\/100\n|-heal|p1a: Slither Wing|32\/100|[from] drain|[of] p2b: Ursaluna\n|\n|upkeep\n|\n|t:|1699488032\n|switch|p2a: Ogerpon|Ogerpon-Wellspring, F|100\/100\n|turn|18\n|\n|t:|1699488044\n|move|p2a: Ogerpon|Follow Me|p2a: Ogerpon\n|-singleturn|p2a: Ogerpon|move: Follow Me\n|move|p2b: Ursaluna|Blood Moon|p1a: Slither Wing\n|-damage|p1a: Slither Wing|0 fnt\n|faint|p1a: Slither Wing\n|-end|p1a: Slither Wing|Protosynthesis|[silent]\n|-damage|p2b: Ursaluna|42\/100|[from] item: Life Orb\n|\n|win|penguinking132\n|raw|naight_7's rating: 1111 &rarr; <strong>1080<\/strong><br \/>(-31 for losing)\n|raw|penguinking132's rating: 1023 &rarr; <strong>1069<\/strong><br \/>(+46 for winning)\n|c|\u2606naight_7|gg\n|c|\u2606penguinking132|gg wp\n|l|\u2606naight_7\n","uploadtime":1699488097,"views":11,"p1id":"naight7","p2id":"penguinking132","formatid":"gen9doublesou","rating":1069,"private":0,"password":""}