{"id":"gen9doublesou-1977071419","p1":"next player 1","p2":"Thehombre","format":"[Gen 9] Doubles OU","log":"|j|\u2606next player 1\n|j|\u2606Thehombre\n|t:|1698368325\n|gametype|doubles\n|player|p1|next player 1|boarder|1049\n|player|p2|Thehombre|1|1012\n|teamsize|p1|6\n|teamsize|p2|6\n|gen|9\n|tier|[Gen 9] Doubles OU\n|rated|\n|rule|Species Clause: Limit one of each Pok\u00e9mon\n|rule|OHKO Clause: OHKO moves are banned\n|rule|Evasion Moves Clause: Evasion moves are banned\n|rule|Gravity Sleep Clause: The combination of sleep-inducing moves with imperfect accuracy and Gravity or Gigantamax Orbeetle are banned\n|rule|Endless Battle Clause: Forcing endless battles is banned\n|rule|HP Percentage Mod: HP is shown in percentages\n|clearpoke\n|poke|p1|Farigiraf, M|\n|poke|p1|Sinistcha-Masterpiece|\n|poke|p1|Enamorus-Therian, F|\n|poke|p1|Iron Hands|\n|poke|p1|Ursaluna, M|\n|poke|p1|Kingambit, M|\n|poke|p2|Chi-Yu|\n|poke|p2|Torkoal, F|\n|poke|p2|Gastrodon, F|\n|poke|p2|Iron Moth|\n|poke|p2|Houndoom, M|\n|poke|p2|Dragonite, M|\n|teampreview\n|inactive|Battle timer is ON: inactive players will automatically lose when time's up. (requested by Thehombre)\n|\n|t:|1698368339\n|start\n|switch|p1a: Farigiraf|Farigiraf, M|100\/100\n|switch|p1b: Iron Hands|Iron Hands|100\/100\n|switch|p2a: Chi-Yu|Chi-Yu|100\/100\n|switch|p2b: Torkoal|Torkoal, F|100\/100\n|-ability|p2a: Chi-Yu|Beads of Ruin\n|-weather|SunnyDay|[from] ability: Drought|[of] p2b: Torkoal\n|turn|1\n|\n|t:|1698368350\n|move|p1b: Iron Hands|Fake Out|p2b: Torkoal\n|-damage|p2b: Torkoal|89\/100\n|move|p2a: Chi-Yu|Heat Wave|p1a: Farigiraf|[spread] p1a,p1b\n|-damage|p1a: Farigiraf|5\/100\n|-damage|p1b: Iron Hands|42\/100\n|move|p1a: Farigiraf|Dazzling Gleam|p2b: Torkoal|[spread] p2a,p2b\n|-resisted|p2b: Torkoal\n|-damage|p2a: Chi-Yu|76\/100\n|-damage|p2b: Torkoal|72\/100\n|cant|p2b: Torkoal|flinch\n|\n|-weather|SunnyDay|[upkeep]\n|-heal|p1a: Farigiraf|11\/100|[from] item: Leftovers\n|upkeep\n|turn|2\n|\n|t:|1698368373\n|move|p2a: Chi-Yu|Heat Wave|p1b: Iron Hands|[spread] p1a,p1b\n|-crit|p1a: Farigiraf\n|-damage|p1a: Farigiraf|0 fnt\n|-damage|p1b: Iron Hands|0 fnt\n|faint|p1a: Farigiraf\n|faint|p1b: Iron Hands\n|-end|p1b: Iron Hands|Quark Drive|[silent]\n|move|p2b: Torkoal|Stealth Rock|p1: Farigiraf\n|-sidestart|p1: next player 1|move: Stealth Rock\n|\n|-weather|SunnyDay|[upkeep]\n|upkeep\n|\n|t:|1698368381\n|switch|p1a: Sinistcha|Sinistcha-Masterpiece|100\/100\n|switch|p1b: Enamorus|Enamorus-Therian, F|100\/100\n|-damage|p1a: Sinistcha|88\/100|[from] Stealth Rock\n|-damage|p1b: Enamorus|76\/100|[from] Stealth Rock\n|turn|3\n|\n|t:|1698368407\n|-terastallize|p1b: Enamorus|Fire\n|move|p1a: Sinistcha|Protect|p1a: Sinistcha\n|-singleturn|p1a: Sinistcha|Protect\n|move|p2a: Chi-Yu|Heat Wave|p1b: Enamorus|[spread] p1b\n|-activate|p1a: Sinistcha|move: Protect\n|-resisted|p1b: Enamorus\n|-damage|p1b: Enamorus|35\/100\n|move|p1b: Enamorus|Earth Power|p2b: Torkoal\n|-supereffective|p2b: Torkoal\n|-damage|p2b: Torkoal|0 fnt\n|faint|p2b: Torkoal\n|-damage|p1b: Enamorus|25\/100|[from] item: Life Orb\n|\n|-weather|SunnyDay|[upkeep]\n|-heal|p1a: Sinistcha|94\/100|[from] item: Leftovers\n|upkeep\n|\n|t:|1698368414\n|switch|p2b: Iron Moth|Iron Moth|100\/100\n|turn|4\n|\n|t:|1698368435\n|move|p1a: Sinistcha|Protect||[still]\n|-fail|p1a: Sinistcha\n|move|p2b: Iron Moth|Heat Wave|p1a: Sinistcha|[spread] p1a,p1b\n|-supereffective|p1a: Sinistcha\n|-resisted|p1b: Enamorus\n|-damage|p1a: Sinistcha|0 fnt\n|-damage|p1b: Enamorus|0 fnt\n|faint|p1a: Sinistcha\n|faint|p1b: Enamorus\n|move|p2a: Chi-Yu|Heat Wave|p1: Sinistcha|[notarget]\n|-fail|p2a: Chi-Yu\n|\n|-weather|SunnyDay|[upkeep]\n|upkeep\n|\n|t:|1698368440\n|switch|p1a: Ursaluna|Ursaluna, M|100\/100\n|switch|p1b: Kingambit|Kingambit, M|100\/100\n|-damage|p1b: Kingambit|94\/100|[from] Stealth Rock\n|-damage|p1a: Ursaluna|94\/100|[from] Stealth Rock\n|turn|5\n|\n|t:|1698368449\n|move|p1a: Ursaluna|Protect|p1a: Ursaluna\n|-singleturn|p1a: Ursaluna|Protect\n|move|p1b: Kingambit|Sucker Punch|p2b: Iron Moth\n|-damage|p2b: Iron Moth|9\/100\n|-damage|p1b: Kingambit|84\/100|[from] item: Life Orb\n|move|p2b: Iron Moth|Heat Wave|p1a: Ursaluna|[spread] p1b\n|-activate|p1a: Ursaluna|move: Protect\n|-supereffective|p1b: Kingambit\n|-damage|p1b: Kingambit|0 fnt\n|faint|p1b: Kingambit\n|move|p2a: Chi-Yu|Heat Wave|p1a: Ursaluna\n|-activate|p1a: Ursaluna|move: Protect\n|\n|-weather|none\n|-status|p1a: Ursaluna|brn|[from] item: Flame Orb\n|upkeep\n|turn|6\n|\n|t:|1698368458\n|move|p2b: Iron Moth|Heat Wave|p1a: Ursaluna\n|-damage|p1a: Ursaluna|15\/100 brn\n|move|p2a: Chi-Yu|Heat Wave|p1a: Ursaluna\n|-damage|p1a: Ursaluna|0 fnt\n|faint|p1a: Ursaluna\n|\n|win|Thehombre\n|raw|next player 1's rating: 1049 &rarr; <strong>1030<\/strong><br \/>(-19 for losing)\n|raw|Thehombre's rating: 1012 &rarr; <strong>1054<\/strong><br \/>(+42 for winning)\n","uploadtime":1698368462,"views":9,"p1id":"nextplayer1","p2id":"thehombre","formatid":"gen9doublesou","rating":1030,"private":0,"password":""}