{"id":"gen9doublesou-1983832866","p1":"Hjker","p2":"RUMYMOME","format":"[Gen 9] Doubles OU","log":"|j|\u2606Hjker\n|j|\u2606RUMYMOME\n|inactive|Battle timer is ON: inactive players will automatically lose when time's up.\n|t:|1699189063\n|gametype|doubles\n|player|p1|Hjker|red|\n|player|p2|RUMYMOME|marshal|\n|teamsize|p1|6\n|teamsize|p2|6\n|gen|9\n|tier|[Gen 9] Doubles OU\n|rated|Tournament battle\n|rule|Species Clause: Limit one of each Pok\u00e9mon\n|rule|OHKO Clause: OHKO moves are banned\n|rule|Evasion Moves Clause: Evasion moves are banned\n|rule|Gravity Sleep Clause: The combination of sleep-inducing moves with imperfect accuracy and Gravity or Gigantamax Orbeetle are banned\n|rule|Endless Battle Clause: Forcing endless battles is banned\n|rule|HP Percentage Mod: HP is shown in percentages\n|rule|2 Ability Clause: Limit 2 of each ability\n|clearpoke\n|poke|p1|Indeedee-F, F|\n|poke|p1|Armarouge, M|\n|poke|p1|Ursaluna, F|\n|poke|p1|Tornadus, M|\n|poke|p1|Lilligant-Hisui, F|\n|poke|p1|Typhlosion-Hisui, F|\n|poke|p2|Armarouge, M|\n|poke|p2|Kingambit, M|\n|poke|p2|Hatterene, F|\n|poke|p2|Torkoal, L99, F|\n|poke|p2|Iron Hands|\n|poke|p2|Indeedee-F, F|\n|teampreview\n|j|*Lady Monita \u263d\n|c|\u2606Hjker|Wrong team\n|c|\u2606Hjker|Screwed\n|inactive|Hjker has 120 seconds left.\n|\n|t:|1699189100\n|start\n|switch|p1a: Typhlosion|Typhlosion-Hisui, F|100\/100\n|switch|p1b: Lilligant|Lilligant-Hisui, F|100\/100\n|switch|p2a: Iron Hands|Iron Hands|100\/100\n|switch|p2b: Hatterene|Hatterene, F|100\/100\n|-weather|SunnyDay|[from] ability: Drought|[of] p1a: Typhlosion\n|turn|1\n|\n|t:|1699189125\n|move|p2a: Iron Hands|Fake Out|p1b: Lilligant\n|-crit|p1b: Lilligant\n|-damage|p1b: Lilligant|65\/100\n|cant|p1b: Lilligant|flinch\n|move|p1a: Typhlosion|Eruption|p2a: Iron Hands|[spread] p2a,p2b\n|-damage|p2a: Iron Hands|56\/100\n|-damage|p2b: Hatterene|10\/100\n|move|p2b: Hatterene|Trick Room|p2b: Hatterene\n|-fieldstart|move: Trick Room|[of] p2b: Hatterene\n|\n|-weather|SunnyDay|[upkeep]\n|upkeep\n|turn|2\n|inactive|Hjker has 120 seconds left.\n|inactive|RUMYMOME has 120 seconds left.\n|inactive|Hjker has 90 seconds left.\n|\n|t:|1699189187\n|switch|p1b: Indeedee|Indeedee-F, F|100\/100\n|-fieldstart|move: Psychic Terrain|[from] ability: Psychic Surge|[of] p1b: Indeedee\n|move|p2b: Hatterene|Mystical Fire|p1b: Indeedee\n|-damage|p1b: Indeedee|65\/100\n|-unboost|p1b: Indeedee|spa|1\n|move|p2a: Iron Hands|Wild Charge|p1a: Typhlosion\n|-damage|p1a: Typhlosion|17\/100\n|-damage|p2a: Iron Hands|42\/100|[from] Recoil\n|move|p1a: Typhlosion|Heat Wave|p2a: Iron Hands|[spread] p2a,p2b\n|-damage|p2a: Iron Hands|9\/100\n|-damage|p2b: Hatterene|0 fnt\n|faint|p2b: Hatterene\n|\n|-weather|SunnyDay|[upkeep]\n|upkeep\n|\n|t:|1699189198\n|switch|p2b: Torkoal|Torkoal, L99, F|100\/100\n|turn|3\n|inactive|RUMYMOME has 120 seconds left.\n|inactive|Hjker has 90 seconds left.\n|\n|t:|1699189249\n|switch|p1a: Ursaluna|Ursaluna, F|100\/100\n|move|p2b: Torkoal|Eruption|p1b: Indeedee|[spread] p1a,p1b\n|-damage|p1a: Ursaluna|17\/100\n|-damage|p1b: Indeedee|0 fnt\n|faint|p1b: Indeedee\n|move|p2a: Iron Hands|Heavy Slam|p1a: Ursaluna\n|-damage|p1a: Ursaluna|6\/100\n|\n|-weather|SunnyDay|[upkeep]\n|-status|p1a: Ursaluna|brn|[from] item: Flame Orb\n|upkeep\n|inactive|Hjker has 60 seconds left.\n|\n|t:|1699189265\n|switch|p1b: Tornadus|Tornadus, M|100\/100\n|turn|4\n|\n|t:|1699189283\n|move|p1b: Tornadus|Protect|p1b: Tornadus\n|-singleturn|p1b: Tornadus|Protect\n|move|p2b: Torkoal|Eruption|p1b: Tornadus|[spread] p1a\n|-activate|p1b: Tornadus|move: Protect\n|-damage|p1a: Ursaluna|0 fnt\n|faint|p1a: Ursaluna\n|move|p2a: Iron Hands|Wild Charge|p1b: Tornadus\n|-activate|p1b: Tornadus|move: Protect\n|\n|-weather|SunnyDay|[upkeep]\n|upkeep\n|inactive|Hjker has 60 seconds left.\n|\n|t:|1699189300\n|switch|p1a: Armarouge|Armarouge, M|100\/100\n|turn|5\n|\n|t:|1699189316\n|move|p2b: Torkoal|Earth Power|p1a: Armarouge\n|-supereffective|p1a: Armarouge\n|-damage|p1a: Armarouge|30\/100\n|move|p2a: Iron Hands|Wild Charge|p1b: Tornadus\n|-supereffective|p1b: Tornadus\n|-damage|p1b: Tornadus|0 fnt\n|faint|p1b: Tornadus\n|-damage|p2a: Iron Hands|0 fnt|[from] Recoil\n|faint|p2a: Iron Hands\n|-end|p2a: Iron Hands|Quark Drive|[silent]\n|move|p1a: Armarouge|Expanding Force|p2b: Torkoal\n|-damage|p2b: Torkoal|0 fnt\n|faint|p2b: Torkoal\n|-ability|p1a: Armarouge|Beast Boost|boost\n|-boost|p1a: Armarouge|spa|1\n|\n|-weather|SunnyDay|[upkeep]\n|-fieldend|move: Trick Room\n|upkeep\n|\n|t:|1699189326\n|switch|p1b: Lilligant|Lilligant-Hisui, F|65\/100\n|switch|p2a: Indeedee|Indeedee-F, F|100\/100\n|switch|p2b: Armarouge|Armarouge, M|100\/100\n|-enditem|p2a: Indeedee|Psychic Seed\n|-boost|p2a: Indeedee|spd|1|[from] item: Psychic Seed\n|turn|6\n|\n|t:|1699189337\n|move|p2a: Indeedee|Follow Me|p2a: Indeedee\n|-singleturn|p2a: Indeedee|move: Follow Me\n|move|p1b: Lilligant|Sleep Powder|p2a: Indeedee\n|-status|p2a: Indeedee|slp|[from] move: Sleep Powder\n|move|p1a: Armarouge|Expanding Force|p2b: Armarouge|[spread] p2a,p2b\n|-resisted|p2a: Indeedee\n|-resisted|p2b: Armarouge\n|-damage|p2a: Indeedee|69\/100 slp\n|-damage|p2b: Armarouge|48\/100\n|move|p2b: Armarouge|Trick Room|p2b: Armarouge\n|-fieldstart|move: Trick Room|[of] p2b: Armarouge\n|\n|-weather|SunnyDay|[upkeep]\n|-fieldend|move: Psychic Terrain\n|upkeep\n|turn|7\n|inactive|Hjker has 120 seconds left.\n|\n|t:|1699189358\n|move|p2b: Armarouge|Heat Wave|p1b: Lilligant|[spread] p1a\n|-miss|p2b: Armarouge|p1b: Lilligant\n|-resisted|p1a: Armarouge\n|-damage|p1a: Armarouge|0 fnt\n|faint|p1a: Armarouge\n|cant|p2a: Indeedee|slp\n|move|p1b: Lilligant|After You||[still]\n|-fail|p1b: Lilligant\n|\n|-weather|SunnyDay|[upkeep]\n|upkeep\n|\n|t:|1699189368\n|switch|p1a: Typhlosion|Typhlosion-Hisui, F|17\/100\n|turn|8\n|\n|t:|1699189382\n|switch|p2a: Kingambit|Kingambit, M|100\/100\n|-activate|p2a: Kingambit|ability: Supreme Overlord\n|-start|p2a: Kingambit|fallen3|[silent]\n|move|p1b: Lilligant|Protect|p1b: Lilligant\n|-singleturn|p1b: Lilligant|Protect\n|move|p2b: Armarouge|Heat Wave|p1b: Lilligant|[spread] p1a\n|-activate|p1b: Lilligant|move: Protect\n|-resisted|p1a: Typhlosion\n|-damage|p1a: Typhlosion|0 fnt\n|faint|p1a: Typhlosion\n|\n|-weather|none\n|upkeep\n|turn|9\n|inactive|RUMYMOME has 120 seconds left.\n|\n|t:|1699189414\n|-terastallize|p1b: Lilligant|Fighting\n|move|p2a: Kingambit|Iron Head|p1b: Lilligant\n|-damage|p1b: Lilligant|0 fnt\n|faint|p1b: Lilligant\n|\n|win|RUMYMOME\n|n|\u2606Hjker|hjker\n|n|\u2606RUMYMOME|rumymome\n|n|*Lady Monita \u263d|ladymonita\n","uploadtime":1699189415,"views":10,"p1id":"hjker","p2id":"rumymome","formatid":"gen9doublesou","rating":0,"private":0,"password":""}