{"id":"gen9doublesou-1974587752","p1":"SXD2002","p2":"kim ji woof","format":"[Gen 9] Doubles OU","log":"|j|\u2606SXD2002\n|j|\u2606kim ji woof\n|t:|1698100053\n|gametype|doubles\n|player|p1|SXD2002|silver-masters|1061\n|player|p2|kim ji woof|elesa|1009\n|teamsize|p1|6\n|teamsize|p2|6\n|gen|9\n|tier|[Gen 9] Doubles OU\n|rated|\n|rule|Species Clause: Limit one of each Pok\u00e9mon\n|rule|OHKO Clause: OHKO moves are banned\n|rule|Evasion Moves Clause: Evasion moves are banned\n|rule|Gravity Sleep Clause: The combination of sleep-inducing moves with imperfect accuracy and Gravity or Gigantamax Orbeetle are banned\n|rule|Endless Battle Clause: Forcing endless battles is banned\n|rule|HP Percentage Mod: HP is shown in percentages\n|clearpoke\n|poke|p1|Lurantis, M|\n|poke|p1|Murkrow, M|\n|poke|p1|Grimmsnarl, M|\n|poke|p1|Clefairy, M|\n|poke|p1|Talonflame, M|\n|poke|p1|Espeon, M|\n|poke|p2|Sableye, F|\n|poke|p2|Arcanine, F|\n|poke|p2|Dipplin, M|\n|poke|p2|Cresselia, F|\n|poke|p2|Gallade, M|\n|poke|p2|Maushold-Four|\n|teampreview\n|inactive|Battle timer is ON: inactive players will automatically lose when time's up. (requested by SXD2002)\n|\n|t:|1698100068\n|start\n|switch|p1a: Murkrow|Murkrow, M|100\/100\n|switch|p1b: Lurantis|Lurantis, M|100\/100\n|switch|p2a: Sableye|Sableye, F|100\/100\n|switch|p2b: Arcanine|Arcanine, F|100\/100\n|-item|p2b: Arcanine|Air Balloon\n|turn|1\n|\n|t:|1698100086\n|move|p1b: Lurantis|Protect|p1b: Lurantis\n|-singleturn|p1b: Lurantis|Protect\n|move|p2a: Sableye|Fake Out|p1a: Murkrow\n|-crit|p1a: Murkrow\n|-damage|p1a: Murkrow|82\/100\n|cant|p1a: Murkrow|flinch\n|move|p2b: Arcanine|Wild Charge|p1a: Murkrow\n|-supereffective|p1a: Murkrow\n|-damage|p1a: Murkrow|4\/100\n|-damage|p2b: Arcanine|83\/100|[from] Recoil\n|\n|upkeep\n|turn|2\n|\n|t:|1698100106\n|move|p2b: Arcanine|Protect|p2b: Arcanine\n|-singleturn|p2b: Arcanine|Protect\n|move|p1a: Murkrow|Screech|p1b: Lurantis\n|-boost|p1b: Lurantis|def|2\n|move|p2a: Sableye|Will-O-Wisp|p1b: Lurantis\n|-status|p1b: Lurantis|brn\n|move|p1b: Lurantis|Superpower|p2b: Arcanine\n|-activate|p2b: Arcanine|move: Protect\n|\n|-damage|p1b: Lurantis|94\/100 brn|[from] brn\n|upkeep\n|turn|3\n|\n|t:|1698100135\n|switch|p2b: Dipplin|Dipplin, M|100\/100\n|move|p1a: Murkrow|Screech|p1b: Lurantis|[miss]\n|-miss|p1a: Murkrow|p1b: Lurantis\n|move|p2a: Sableye|Knock Off|p1a: Murkrow\n|-resisted|p1a: Murkrow\n|-damage|p1a: Murkrow|0 fnt\n|-enditem|p1a: Murkrow|Eviolite|[from] move: Knock Off|[of] p2a: Sableye\n|faint|p1a: Murkrow\n|move|p1b: Lurantis|Leaf Storm|p2b: Dipplin\n|-resisted|p2b: Dipplin\n|-damage|p2b: Dipplin|93\/100\n|-boost|p1b: Lurantis|spa|2\n|\n|-heal|p1b: Lurantis|100\/100 brn|[from] item: Leftovers\n|-damage|p1b: Lurantis|94\/100 brn|[from] brn\n|upkeep\n|\n|t:|1698100149\n|switch|p1a: Talonflame|Talonflame, M|100\/100\n|turn|4\n|\n|t:|1698100159\n|move|p2a: Sableye|Helping Hand|p2b: Dipplin\n|-singleturn|p2b: Dipplin|Helping Hand|[of] p2a: Sableye\n|move|p1a: Talonflame|Defog|p1b: Lurantis\n|-boost|p1b: Lurantis|evasion|1\n|move|p2b: Dipplin|Pollen Puff|p1b: Lurantis\n|-supereffective|p1b: Lurantis\n|-damage|p1b: Lurantis|50\/100 brn\n|move|p1b: Lurantis|Superpower|p2b: Dipplin\n|-damage|p2b: Dipplin|87\/100\n|-boost|p1b: Lurantis|atk|1\n|-boost|p1b: Lurantis|def|1\n|\n|-heal|p1b: Lurantis|56\/100 brn|[from] item: Leftovers\n|-damage|p1b: Lurantis|50\/100 brn|[from] brn\n|upkeep\n|turn|5\n|\n|t:|1698100182\n|-terastallize|p1b: Lurantis|Steel\n|move|p1a: Talonflame|Defog|p1b: Lurantis\n|-boost|p1b: Lurantis|evasion|1\n|move|p2a: Sableye|Knock Off|p1b: Lurantis\n|-damage|p1b: Lurantis|37\/100 brn\n|-enditem|p1b: Lurantis|Leftovers|[from] move: Knock Off|[of] p2a: Sableye\n|move|p2b: Dipplin|Pollen Puff|p1b: Lurantis|[miss]\n|-miss|p2b: Dipplin|p1b: Lurantis\n|move|p1b: Lurantis|Superpower|p2b: Dipplin\n|-damage|p2b: Dipplin|78\/100\n|-boost|p1b: Lurantis|atk|1\n|-boost|p1b: Lurantis|def|1\n|\n|-damage|p1b: Lurantis|31\/100 brn|[from] brn\n|upkeep\n|turn|6\n|\n|t:|1698100206\n|move|p1a: Talonflame|Defog|p1b: Lurantis\n|-boost|p1b: Lurantis|evasion|1\n|move|p2a: Sableye|Knock Off|p1a: Talonflame\n|-damage|p1a: Talonflame|61\/100\n|-enditem|p1a: Talonflame|Focus Sash|[from] move: Knock Off|[of] p2a: Sableye\n|move|p2b: Dipplin|Draco Meteor|p1a: Talonflame\n|-damage|p1a: Talonflame|9\/100\n|-unboost|p2b: Dipplin|spa|2\n|move|p1b: Lurantis|Leech Life|p2b: Dipplin\n|-supereffective|p2b: Dipplin\n|-damage|p2b: Dipplin|61\/100\n|-heal|p1b: Lurantis|40\/100 brn|[from] drain|[of] p2b: Dipplin\n|\n|-damage|p1b: Lurantis|34\/100 brn|[from] brn\n|upkeep\n|turn|7\n|inactive|kim ji woof has 120 seconds left.\n|\n|t:|1698100240\n|move|p1a: Talonflame|Defog|p1b: Lurantis\n|-boost|p1b: Lurantis|evasion|1\n|move|p2a: Sableye|Knock Off|p1a: Talonflame\n|-damage|p1a: Talonflame|0 fnt\n|faint|p1a: Talonflame\n|move|p2b: Dipplin|Recover|p2b: Dipplin\n|-heal|p2b: Dipplin|100\/100\n|move|p1b: Lurantis|Superpower|p2b: Dipplin\n|-damage|p2b: Dipplin|88\/100\n|-boost|p1b: Lurantis|atk|1\n|-boost|p1b: Lurantis|def|1\n|\n|-damage|p1b: Lurantis|28\/100 brn|[from] brn\n|upkeep\n|\n|t:|1698100252\n|switch|p1a: Clefairy|Clefairy, M|100\/100\n|turn|8\n|\n|t:|1698100263\n|switch|p2b: Cresselia|Cresselia, F|100\/100\n|move|p2a: Sableye|Knock Off|p1a: Clefairy\n|-resisted|p1a: Clefairy\n|-damage|p1a: Clefairy|82\/100\n|-enditem|p1a: Clefairy|Eviolite|[from] move: Knock Off|[of] p2a: Sableye\n|move|p1b: Lurantis|Leaf Storm|p2a: Sableye\n|-damage|p2a: Sableye|22\/100\n|-boost|p1b: Lurantis|spa|2\n|-enditem|p2a: Sableye|Sitrus Berry|[eat]\n|-heal|p2a: Sableye|47\/100|[from] item: Sitrus Berry\n|move|p1a: Clefairy|Life Dew|p1a: Clefairy|[spread] p1a,p1b\n|-heal|p1a: Clefairy|100\/100\n|-heal|p1b: Lurantis|53\/100 brn\n|\n|-damage|p1b: Lurantis|47\/100 brn|[from] brn\n|upkeep\n|turn|9\n|\n|t:|1698100289\n|switch|p2a: Dipplin|Dipplin, M|88\/100\n|move|p2b: Cresselia|Light Screen|p2b: Cresselia\n|-sidestart|p2: kim ji woof|move: Light Screen\n|move|p1b: Lurantis|Leaf Storm|p2a: Dipplin\n|-resisted|p2a: Dipplin\n|-damage|p2a: Dipplin|75\/100\n|-boost|p1b: Lurantis|spa|2\n|move|p1a: Clefairy|Life Dew||[still]|[spread] p1a,p1b\n|-fail|p1a: Clefairy|heal\n|-heal|p1b: Lurantis|72\/100 brn\n|\n|-damage|p1b: Lurantis|66\/100 brn|[from] brn\n|upkeep\n|turn|10\n|\n|t:|1698100317\n|move|p2b: Cresselia|Reflect|p2b: Cresselia\n|-sidestart|p2: kim ji woof|Reflect\n|move|p2a: Dipplin|Giga Drain|p1a: Clefairy\n|-damage|p1a: Clefairy|79\/100\n|-heal|p2a: Dipplin|85\/100|[from] drain|[of] p1a: Clefairy\n|move|p1b: Lurantis|Leech Life|p2b: Cresselia\n|-supereffective|p2b: Cresselia\n|-damage|p2b: Cresselia|77\/100\n|-heal|p1b: Lurantis|81\/100 brn|[from] drain|[of] p2b: Cresselia\n|move|p1a: Clefairy|Life Dew|p1a: Clefairy|[spread] p1a,p1b\n|-heal|p1a: Clefairy|100\/100\n|-heal|p1b: Lurantis|100\/100 brn\n|\n|-damage|p1b: Lurantis|94\/100 brn|[from] brn\n|upkeep\n|turn|11\n|inactive|kim ji woof has 120 seconds left.\n|\n|t:|1698100352\n|switch|p2b: Gallade|Gallade, M|100\/100\n|move|p1a: Clefairy|Helping Hand|p1b: Lurantis\n|-singleturn|p1b: Lurantis|Helping Hand|[of] p1a: Clefairy\n|move|p2a: Dipplin|Pollen Puff|p2b: Gallade\n|-immune|p2b: Gallade\n|move|p1b: Lurantis|Leech Life|p2b: Gallade\n|-damage|p2b: Gallade|65\/100\n|-heal|p1b: Lurantis|100\/100 brn|[from] drain|[of] p2b: Gallade\n|\n|-heal|p2b: Gallade|71\/100|[from] item: Leftovers\n|-damage|p1b: Lurantis|94\/100 brn|[from] brn\n|upkeep\n|turn|12\n|inactive|kim ji woof has 120 seconds left.\n|\n|t:|1698100375\n|move|p1a: Clefairy|Follow Me|p1a: Clefairy\n|-singleturn|p1a: Clefairy|move: Follow Me\n|move|p2b: Gallade|Psycho Cut|p1a: Clefairy\n|-damage|p1a: Clefairy|44\/100\n|move|p2a: Dipplin|Pollen Puff|p1a: Clefairy\n|-resisted|p1a: Clefairy\n|-damage|p1a: Clefairy|35\/100\n|move|p1b: Lurantis|Leaf Storm|p2b: Gallade|[miss]\n|-miss|p1b: Lurantis|p2b: Gallade\n|\n|-heal|p2b: Gallade|77\/100|[from] item: Leftovers\n|-damage|p1b: Lurantis|88\/100 brn|[from] brn\n|upkeep\n|turn|13\n|inactive|kim ji woof has 120 seconds left.\n|\n|t:|1698100400\n|move|p2b: Gallade|Psycho Cut|p1a: Clefairy\n|-damage|p1a: Clefairy|0 fnt\n|faint|p1a: Clefairy\n|move|p2a: Dipplin|Pollen Puff|p2b: Gallade\n|-heal|p2b: Gallade|100\/100\n|move|p1b: Lurantis|Leaf Storm|p2b: Gallade\n|-damage|p2b: Gallade|0 fnt\n|faint|p2b: Gallade\n|\n|-damage|p1b: Lurantis|82\/100 brn|[from] brn\n|upkeep\n|\n|t:|1698100418\n|switch|p2b: Maushold|Maushold-Four|100\/100\n|switch|p1a: Grimmsnarl|Grimmsnarl, M|100\/100\n|turn|14\n|\n|t:|1698100434\n|move|p2b: Maushold|Follow Me|p2b: Maushold\n|-singleturn|p2b: Maushold|move: Follow Me\n|move|p1a: Grimmsnarl|Scary Face|p2b: Maushold\n|-unboost|p2b: Maushold|spe|2\n|move|p2a: Dipplin|Pollen Puff|p1a: Grimmsnarl\n|-damage|p1a: Grimmsnarl|86\/100\n|move|p1b: Lurantis|Superpower|p2b: Maushold\n|-supereffective|p2b: Maushold\n|-damage|p2b: Maushold|49\/100\n|-boost|p1b: Lurantis|atk|1\n|-boost|p1b: Lurantis|def|1\n|-enditem|p2b: Maushold|Sitrus Berry|[eat]\n|-heal|p2b: Maushold|74\/100|[from] item: Sitrus Berry\n|\n|-heal|p1a: Grimmsnarl|92\/100|[from] item: Leftovers\n|-damage|p1b: Lurantis|76\/100 brn|[from] brn\n|upkeep\n|turn|15\n|\n|t:|1698100463\n|move|p1a: Grimmsnarl|Fake Tears|p2b: Maushold\n|-unboost|p2b: Maushold|spd|2\n|move|p2b: Maushold|Super Fang|p1a: Grimmsnarl\n|-damage|p1a: Grimmsnarl|46\/100\n|move|p2a: Dipplin|Pollen Puff|p1a: Grimmsnarl\n|-damage|p1a: Grimmsnarl|31\/100\n|move|p1b: Lurantis|Leaf Storm|p2b: Maushold\n|-damage|p2b: Maushold|0 fnt\n|faint|p2b: Maushold\n|\n|-heal|p1a: Grimmsnarl|37\/100|[from] item: Leftovers\n|-damage|p1b: Lurantis|70\/100 brn|[from] brn\n|upkeep\n|\n|t:|1698100476\n|switch|p2b: Arcanine|Arcanine, F|83\/100\n|-item|p2b: Arcanine|Air Balloon\n|turn|16\n|\n|t:|1698100494\n|move|p1a: Grimmsnarl|Scary Face|p2b: Arcanine\n|-unboost|p2b: Arcanine|spe|2\n|move|p2b: Arcanine|Flare Blitz|p1a: Grimmsnarl\n|-damage|p1a: Grimmsnarl|0 fnt\n|faint|p1a: Grimmsnarl\n|-damage|p2b: Arcanine|69\/100|[from] Recoil\n|move|p2a: Dipplin|Pollen Puff|p2b: Arcanine\n|-heal|p2b: Arcanine|100\/100\n|move|p1b: Lurantis|Superpower|p2b: Arcanine\n|-damage|p2b: Arcanine|68\/100\n|-boost|p1b: Lurantis|atk|1\n|-enditem|p2b: Arcanine|Air Balloon\n|\n|-damage|p1b: Lurantis|64\/100 brn|[from] brn\n|-sideend|p2: kim ji woof|move: Light Screen\n|upkeep\n|\n|t:|1698100508\n|switch|p1a: Espeon|Espeon, M|100\/100\n|turn|17\n|\n|t:|1698100518\n|switch|p2b: Cresselia|Cresselia, F|77\/100\n|move|p1a: Espeon|Psych Up|p1b: Lurantis\n|-copyboost|p1a: Espeon|p1b: Lurantis|[from] move: Psych Up\n|move|p2a: Dipplin|Pollen Puff|p1a: Espeon\n|-supereffective|p1a: Espeon\n|-damage|p1a: Espeon|49\/100\n|move|p1b: Lurantis|Leaf Storm|p2b: Cresselia\n|-damage|p2b: Cresselia|0 fnt\n|faint|p2b: Cresselia\n|\n|-heal|p1a: Espeon|55\/100|[from] item: Leftovers\n|-damage|p1b: Lurantis|58\/100 brn|[from] brn\n|-sideend|p2: kim ji woof|Reflect\n|upkeep\n|\n|t:|1698100533\n|switch|p2b: Sableye|Sableye, F|47\/100\n|turn|18\n|\n|t:|1698100545\n|move|p2b: Sableye|Fake Out|p1a: Espeon|[miss]\n|-miss|p2b: Sableye|p1a: Espeon\n|move|p1a: Espeon|Draining Kiss|p2b: Sableye\n|-supereffective|p2b: Sableye\n|-damage|p2b: Sableye|0 fnt\n|-heal|p1a: Espeon|91\/100|[from] drain|[of] p2b: Sableye\n|faint|p2b: Sableye\n|move|p2a: Dipplin|Pollen Puff|p1a: Espeon|[miss]\n|-miss|p2a: Dipplin|p1a: Espeon\n|move|p1b: Lurantis|Leech Life|p2a: Dipplin\n|-supereffective|p2a: Dipplin\n|-damage|p2a: Dipplin|54\/100\n|-heal|p1b: Lurantis|74\/100 brn|[from] drain|[of] p2a: Dipplin\n|\n|-heal|p1a: Espeon|97\/100|[from] item: Leftovers\n|-damage|p1b: Lurantis|68\/100 brn|[from] brn\n|upkeep\n|-message|kim ji woof forfeited.\n|\n|win|SXD2002\n|raw|SXD2002's rating: 1061 &rarr; <strong>1087<\/strong><br \/>(+26 for winning)\n|raw|kim ji woof's rating: 1009 &rarr; <strong>1000<\/strong><br \/>(-9 for losing)\n|l|\u2606kim ji woof\n|c|\u2606SXD2002|gg\n","uploadtime":1698100562,"views":21,"p1id":"sxd2002","p2id":"kimjiwoof","formatid":"gen9doublesou","rating":1000,"private":0,"password":""}