{"id":"gen9doublesou-1998772049","p1":"buddhist ameba","p2":"Joecheve13","format":"[Gen 9] Doubles OU","log":"|j|\u2606buddhist ameba\n|j|\u2606Joecheve13\n|t:|1700987576\n|gametype|doubles\n|player|p1|buddhist ameba|101|1613\n|player|p2|Joecheve13|psychic-gen4|1546\n|teamsize|p1|6\n|teamsize|p2|6\n|gen|9\n|tier|[Gen 9] Doubles OU\n|rated|\n|rule|Species Clause: Limit one of each Pok\u00e9mon\n|rule|OHKO Clause: OHKO moves are banned\n|rule|Evasion Moves Clause: Evasion moves are banned\n|rule|Gravity Sleep Clause: The combination of sleep-inducing moves with imperfect accuracy and Gravity or Gigantamax Orbeetle are banned\n|rule|Endless Battle Clause: Forcing endless battles is banned\n|rule|HP Percentage Mod: HP is shown in percentages\n|clearpoke\n|poke|p1|Rillaboom, M|\n|poke|p1|Iron Bundle|\n|poke|p1|Chi-Yu|\n|poke|p1|Diancie|\n|poke|p1|Ninetales-Alola, F|\n|poke|p1|Heatran, M|\n|poke|p2|Tinkaton, F|\n|poke|p2|Garganacl, M|\n|poke|p2|Tornadus, M|\n|poke|p2|Iron Hands|\n|poke|p2|Landorus, M|\n|poke|p2|Volcanion|\n|teampreview\n|c|\u2606buddhist ameba|glhf\n|inactive|Battle timer is ON: inactive players will automatically lose when time's up. (requested by buddhist ameba)\n|\n|t:|1700987644\n|start\n|switch|p1a: Heatran|Heatran, M|100\/100\n|switch|p1b: Diancie|Diancie|100\/100\n|switch|p2a: Wind Daddy|Tornadus, M|100\/100\n|switch|p2b: Land Daddy|Landorus, M|100\/100\n|turn|1\n|\n|t:|1700987672\n|move|p1a: Heatran|Protect|p1a: Heatran\n|-singleturn|p1a: Heatran|Protect\n|move|p2a: Wind Daddy|Rain Dance|p2a: Wind Daddy\n|-weather|RainDance\n|move|p2b: Land Daddy|Taunt|p1b: Diancie\n|-start|p1b: Diancie|move: Taunt\n|move|p1b: Diancie|Diamond Storm|p2a: Wind Daddy|[spread] p2a,p2b\n|-supereffective|p2a: Wind Daddy\n|-damage|p2a: Wind Daddy|3\/100\n|-damage|p2b: Land Daddy|60\/100\n|-boost|p1b: Diancie|def|2\n|\n|-weather|RainDance|[upkeep]\n|upkeep\n|turn|2\n|\n|t:|1700987701\n|switch|p1a: Rillaboom|Rillaboom, M|100\/100\n|-fieldstart|move: Grassy Terrain|[from] ability: Grassy Surge|[of] p1a: Rillaboom\n|move|p2a: Wind Daddy|Tailwind|p2a: Wind Daddy\n|-sidestart|p2: Joecheve13|move: Tailwind\n|move|p2b: Land Daddy|Sandsear Storm|p1a: Rillaboom|[spread] p1a,p1b\n|-resisted|p1a: Rillaboom\n|-supereffective|p1b: Diancie\n|-damage|p1a: Rillaboom|80\/100\n|-damage|p1b: Diancie|18\/100\n|-enditem|p1b: Diancie|Weakness Policy\n|-boost|p1b: Diancie|atk|2|[from] item: Weakness Policy\n|-boost|p1b: Diancie|spa|2|[from] item: Weakness Policy\n|move|p1b: Diancie|Diamond Storm|p2b: Land Daddy|[spread] p2a,p2b\n|-supereffective|p2a: Wind Daddy\n|-damage|p2a: Wind Daddy|0 fnt\n|-damage|p2b: Land Daddy|0 fnt\n|-boost|p1b: Diancie|def|2\n|faint|p2a: Wind Daddy\n|faint|p2b: Land Daddy\n|\n|-weather|RainDance|[upkeep]\n|-heal|p1a: Rillaboom|87\/100|[from] Grassy Terrain\n|-heal|p1b: Diancie|24\/100|[from] Grassy Terrain\n|upkeep\n|inactive|Joecheve13 has 120 seconds left.\n|\n|t:|1700987727\n|switch|p2b: Volcar0na|Volcanion|100\/100\n|switch|p2a: Twinkaton|Tinkaton, F|100\/100\n|turn|3\n|inactive|buddhist ameba has 120 seconds left.\n|\n|t:|1700987757\n|move|p2a: Twinkaton|Fake Out|p1b: Diancie\n|-resisted|p1b: Diancie\n|-damage|p1b: Diancie|22\/100\n|move|p1a: Rillaboom|Fake Out|p2b: Volcar0na\n|-damage|p2b: Volcar0na|88\/100\n|cant|p2b: Volcar0na|flinch\n|cant|p1b: Diancie|flinch\n|\n|-weather|RainDance|[upkeep]\n|-heal|p2b: Volcar0na|94\/100|[from] Grassy Terrain\n|-heal|p1a: Rillaboom|93\/100|[from] Grassy Terrain\n|-heal|p1b: Diancie|28\/100|[from] Grassy Terrain\n|-end|p1b: Diancie|move: Taunt\n|upkeep\n|turn|4\n|inactive|Joecheve13 has 120 seconds left.\n|\n|t:|1700987796\n|move|p1a: Rillaboom|Grassy Glide|p2b: Volcar0na\n|-damage|p2b: Volcar0na|64\/100\n|move|p2a: Twinkaton|Gigaton Hammer|p1b: Diancie\n|-supereffective|p1b: Diancie\n|-damage|p1b: Diancie|0 fnt\n|faint|p1b: Diancie\n|move|p2b: Volcar0na|Will-O-Wisp|p1a: Rillaboom\n|-status|p1a: Rillaboom|brn\n|\n|-weather|RainDance|[upkeep]\n|-heal|p2b: Volcar0na|70\/100|[from] Grassy Terrain\n|-heal|p1a: Rillaboom|99\/100 brn|[from] Grassy Terrain\n|-damage|p1a: Rillaboom|93\/100 brn|[from] brn\n|upkeep\n|inactive|buddhist ameba has 120 seconds left.\n|\n|t:|1700987837\n|switch|p1b: Heatran|Heatran, M|100\/100\n|turn|5\n|inactive|buddhist ameba has 120 seconds left.\n|\n|t:|1700987851\n|move|p1b: Heatran|Protect|p1b: Heatran\n|-singleturn|p1b: Heatran|Protect\n|move|p2a: Twinkaton|Knock Off|p1a: Rillaboom\n|-damage|p1a: Rillaboom|68\/100 brn\n|-enditem|p1a: Rillaboom|Assault Vest|[from] move: Knock Off|[of] p2a: Twinkaton\n|move|p2b: Volcar0na|Steam Eruption|p1b: Heatran\n|-activate|p1b: Heatran|move: Protect\n|move|p1a: Rillaboom|Wood Hammer|p2b: Volcar0na\n|-damage|p2b: Volcar0na|32\/100\n|-damage|p1a: Rillaboom|57\/100 brn|[from] Recoil\n|\n|-weather|none\n|-heal|p2b: Volcar0na|38\/100|[from] Grassy Terrain\n|-heal|p1a: Rillaboom|63\/100 brn|[from] Grassy Terrain\n|-damage|p1a: Rillaboom|57\/100 brn|[from] brn\n|-sideend|p2: Joecheve13|move: Tailwind\n|upkeep\n|turn|6\n|\n|t:|1700987873\n|switch|p1b: Iron Bundle|Iron Bundle|100\/100\n|-enditem|p1b: Iron Bundle|Booster Energy\n|-activate|p1b: Iron Bundle|ability: Quark Drive|[fromitem]\n|-start|p1b: Iron Bundle|quarkdrivespe\n|move|p2a: Twinkaton|Gigaton Hammer|p1a: Rillaboom\n|-damage|p1a: Rillaboom|3\/100 brn\n|move|p2b: Volcar0na|Steam Eruption|p1b: Iron Bundle\n|-resisted|p1b: Iron Bundle\n|-damage|p1b: Iron Bundle|42\/100\n|move|p1a: Rillaboom|Wood Hammer|p2b: Volcar0na\n|-damage|p2b: Volcar0na|5\/100\n|-damage|p1a: Rillaboom|0 fnt|[from] Recoil\n|faint|p1a: Rillaboom\n|\n|-heal|p1b: Iron Bundle|48\/100|[from] Grassy Terrain\n|-heal|p2b: Volcar0na|11\/100|[from] Grassy Terrain\n|-fieldend|move: Grassy Terrain\n|upkeep\n|\n|t:|1700987880\n|switch|p1a: Chi-Yu|Chi-Yu|100\/100\n|-ability|p1a: Chi-Yu|Beads of Ruin\n|turn|7\n|\n|t:|1700987902\n|move|p1b: Iron Bundle|Hydro Pump|p2a: Twinkaton|[miss]\n|-miss|p1b: Iron Bundle|p2a: Twinkaton\n|move|p1a: Chi-Yu|Heat Wave|p2b: Volcar0na|[spread] p2a,p2b\n|-supereffective|p2a: Twinkaton\n|-resisted|p2b: Volcar0na\n|-damage|p2a: Twinkaton|3\/100\n|-damage|p2b: Volcar0na|0 fnt\n|faint|p2b: Volcar0na\n|move|p2a: Twinkaton|Play Rough|p1b: Iron Bundle\n|-damage|p1b: Iron Bundle|0 fnt\n|faint|p1b: Iron Bundle\n|-end|p1b: Iron Bundle|Quark Drive|[silent]\n|\n|upkeep\n|\n|t:|1700987913\n|switch|p1b: Ninetales|Ninetales-Alola, F|100\/100\n|switch|p2b: Rocky IV|Garganacl, M|100\/100\n|-weather|Snow|[from] ability: Snow Warning|[of] p1b: Ninetales\n|turn|8\n|\n|t:|1700987924\n|-terastallize|p2b: Rocky IV|Ghost\n|move|p1b: Ninetales|Aurora Veil|p1b: Ninetales\n|-sidestart|p1: buddhist ameba|move: Aurora Veil\n|move|p1a: Chi-Yu|Heat Wave|p2b: Rocky IV|[spread] p2a,p2b\n|-supereffective|p2a: Twinkaton\n|-crit|p2a: Twinkaton\n|-damage|p2a: Twinkaton|0 fnt\n|-damage|p2b: Rocky IV|46\/100\n|faint|p2a: Twinkaton\n|move|p2b: Rocky IV|Salt Cure|p1a: Chi-Yu\n|-supereffective|p1a: Chi-Yu\n|-damage|p1a: Chi-Yu|69\/100\n|-start|p1a: Chi-Yu|Salt Cure\n|\n|-weather|Snow|[upkeep]\n|-heal|p2b: Rocky IV|52\/100|[from] item: Leftovers\n|-damage|p1a: Chi-Yu|56\/100|[from] Salt Cure\n|upkeep\n|\n|t:|1700987930\n|switch|p2a: Thicc Boy|Iron Hands|100\/100\n|turn|9\n|\n|t:|1700987938\n|move|p2b: Rocky IV|Wide Guard|p2b: Rocky IV\n|-singleturn|p2b: Rocky IV|Wide Guard\n|move|p1b: Ninetales|Moonblast|p2a: Thicc Boy\n|-supereffective|p2a: Thicc Boy\n|-damage|p2a: Thicc Boy|27\/100\n|-unboost|p2a: Thicc Boy|spa|1\n|-enditem|p2a: Thicc Boy|Sitrus Berry|[eat]\n|-heal|p2a: Thicc Boy|52\/100|[from] item: Sitrus Berry\n|move|p1a: Chi-Yu|Heat Wave|p2b: Rocky IV|[spread] \n|-activate|p2a: Thicc Boy|move: Wide Guard\n|-activate|p2b: Rocky IV|move: Wide Guard\n|move|p2a: Thicc Boy|Drain Punch|p1a: Chi-Yu\n|-supereffective|p1a: Chi-Yu\n|-crit|p1a: Chi-Yu\n|-damage|p1a: Chi-Yu|0 fnt\n|-heal|p2a: Thicc Boy|68\/100|[from] drain|[of] p1a: Chi-Yu\n|faint|p1a: Chi-Yu\n|\n|-weather|Snow|[upkeep]\n|-heal|p2b: Rocky IV|58\/100|[from] item: Leftovers\n|upkeep\n|\n|t:|1700987944\n|switch|p1a: Heatran|Heatran, M|100\/100\n|turn|10\n|\n|t:|1700987953\n|move|p1a: Heatran|Protect|p1a: Heatran\n|-singleturn|p1a: Heatran|Protect\n|move|p1b: Ninetales|Moonblast|p2a: Thicc Boy\n|-supereffective|p2a: Thicc Boy\n|-damage|p2a: Thicc Boy|13\/100\n|move|p2a: Thicc Boy|Drain Punch|p1a: Heatran\n|-activate|p1a: Heatran|move: Protect\n|move|p2b: Rocky IV|Salt Cure|p1b: Ninetales\n|-supereffective|p1b: Ninetales\n|-damage|p1b: Ninetales|82\/100\n|-start|p1b: Ninetales|Salt Cure\n|\n|-weather|Snow|[upkeep]\n|-heal|p2b: Rocky IV|65\/100|[from] item: Leftovers\n|-damage|p1b: Ninetales|70\/100|[from] Salt Cure\n|upkeep\n|turn|11\n|\n|t:|1700987964\n|move|p1b: Ninetales|Moonblast|p2a: Thicc Boy\n|-supereffective|p2a: Thicc Boy\n|-damage|p2a: Thicc Boy|0 fnt\n|faint|p2a: Thicc Boy\n|-end|p2a: Thicc Boy|Quark Drive|[silent]\n|move|p1a: Heatran|Flash Cannon|p2b: Rocky IV\n|-damage|p2b: Rocky IV|33\/100\n|move|p2b: Rocky IV|Salt Cure|p1a: Heatran\n|-damage|p1a: Heatran|93\/100\n|-start|p1a: Heatran|Salt Cure\n|\n|-weather|Snow|[upkeep]\n|-heal|p2b: Rocky IV|39\/100|[from] item: Leftovers\n|-damage|p1b: Ninetales|58\/100|[from] Salt Cure\n|-damage|p1a: Heatran|68\/100|[from] Salt Cure\n|upkeep\n|turn|12\n|\n|t:|1700987971\n|move|p2b: Rocky IV|Protect|p2b: Rocky IV\n|-singleturn|p2b: Rocky IV|Protect\n|move|p1b: Ninetales|Moonblast|p2b: Rocky IV\n|-activate|p2b: Rocky IV|move: Protect\n|move|p1a: Heatran|Flash Cannon|p2b: Rocky IV\n|-activate|p2b: Rocky IV|move: Protect\n|\n|-weather|none\n|-heal|p2b: Rocky IV|45\/100|[from] item: Leftovers\n|-damage|p1b: Ninetales|45\/100|[from] Salt Cure\n|-damage|p1a: Heatran|43\/100|[from] Salt Cure\n|upkeep\n|-enditem|p1a: Heatran|Sitrus Berry|[eat]\n|-heal|p1a: Heatran|68\/100|[from] item: Sitrus Berry\n|turn|13\n|\n|t:|1700987981\n|move|p2b: Rocky IV|Protect||[still]\n|-fail|p2b: Rocky IV\n|move|p1b: Ninetales|Moonblast|p2b: Rocky IV\n|-damage|p2b: Rocky IV|20\/100\n|-unboost|p2b: Rocky IV|spa|1\n|move|p1a: Heatran|Flash Cannon|p2b: Rocky IV\n|-damage|p2b: Rocky IV|0 fnt\n|faint|p2b: Rocky IV\n|\n|win|buddhist ameba\n|raw|buddhist ameba's rating: 1613 &rarr; <strong>1631<\/strong><br \/>(+18 for winning)\n|raw|Joecheve13's rating: 1575 &rarr; <strong>1557<\/strong><br \/>(-18 for losing)\n|l|\u2606Joecheve13\n","uploadtime":1700988058,"views":6,"p1id":"buddhistameba","p2id":"joecheve13","formatid":"gen9doublesou","rating":1557,"private":0,"password":""}