{"id":"gen9doublesou-1983135993","p1":"Sleepoligy","p2":"B14z6","format":"[Gen 9] Doubles OU","log":"|j|\u2606Sleepoligy\n|j|\u2606B14z6\n|t:|1699093745\n|gametype|doubles\n|player|p1|Sleepoligy|brycen|1155\n|player|p2|B14z6|266|1094\n|teamsize|p1|6\n|teamsize|p2|6\n|gen|9\n|tier|[Gen 9] Doubles OU\n|rated|\n|rule|Species Clause: Limit one of each Pok\u00e9mon\n|rule|OHKO Clause: OHKO moves are banned\n|rule|Evasion Moves Clause: Evasion moves are banned\n|rule|Gravity Sleep Clause: The combination of sleep-inducing moves with imperfect accuracy and Gravity or Gigantamax Orbeetle are banned\n|rule|Endless Battle Clause: Forcing endless battles is banned\n|rule|HP Percentage Mod: HP is shown in percentages\n|clearpoke\n|poke|p1|Hippowdon, M|\n|poke|p1|Gligar, M|\n|poke|p1|Toedscruel, F|\n|poke|p1|Landorus-Therian, M|\n|poke|p1|Ursaluna-Bloodmoon, M|\n|poke|p1|Great Tusk|\n|poke|p2|Hatterene, F|\n|poke|p2|Garganacl, F|\n|poke|p2|Torkoal, M|\n|poke|p2|Glastrier|\n|poke|p2|Lycanroc-Dusk, F|\n|poke|p2|Cresselia, F|\n|teampreview\n|inactive|Battle timer is ON: inactive players will automatically lose when time's up. (requested by Sleepoligy)\n|inactive|Sleepoligy has 120 seconds left.\n|\n|t:|1699093819\n|start\n|switch|p1a: Landorus|Landorus-Therian, M|100\/100\n|switch|p1b: Gligar|Gligar, M|100\/100\n|switch|p2a: Hatterene|Hatterene, F|100\/100\n|switch|p2b: Torkoal|Torkoal, M|100\/100\n|-ability|p1a: Landorus|Intimidate|boost\n|-unboost|p2a: Hatterene|atk|1\n|-unboost|p2b: Torkoal|atk|1\n|-weather|SunnyDay|[from] ability: Drought|[of] p2b: Torkoal\n|turn|1\n|\n|t:|1699093837\n|move|p2b: Torkoal|Protect|p2b: Torkoal\n|-singleturn|p2b: Torkoal|Protect\n|move|p1a: Landorus|U-turn|p2a: Hatterene\n|-damage|p2a: Hatterene|67\/100\n|\n|t:|1699093843\n|switch|p1a: Hippowdon|Hippowdon, M|100\/100|[from] U-turn\n|-weather|Sandstorm|[from] ability: Sand Stream|[of] p1a: Hippowdon\n|move|p1b: Gligar|Toxic Spikes|p2a: Hatterene\n|move|p2a: Hatterene|Toxic Spikes|p1b: Gligar|[from]ability: Magic Bounce\n|-sidestart|p1: Sleepoligy|move: Toxic Spikes\n|move|p2a: Hatterene|Trick Room|p2a: Hatterene\n|-fieldstart|move: Trick Room|[of] p2a: Hatterene\n|\n|-weather|Sandstorm|[upkeep]\n|-damage|p2b: Torkoal|94\/100|[from] Sandstorm\n|-damage|p2a: Hatterene|61\/100|[from] Sandstorm\n|-heal|p2a: Hatterene|67\/100|[from] item: Leftovers\n|upkeep\n|turn|2\n|\n|t:|1699093866\n|switch|p2a: Garganacl|Garganacl, F|100\/100\n|move|p2b: Torkoal|Heat Wave|p1b: Gligar|[spread] p1a,p1b\n|-damage|p1a: Hippowdon|83\/100\n|-damage|p1b: Gligar|87\/100\n|move|p1a: Hippowdon|Stockpile|p1a: Hippowdon\n|-start|p1a: Hippowdon|stockpile1\n|-boost|p1a: Hippowdon|def|1\n|-boost|p1a: Hippowdon|spd|1\n|move|p1b: Gligar|Struggle Bug|p2b: Torkoal|[spread] p2a,p2b\n|-resisted|p2b: Torkoal\n|-damage|p2a: Garganacl|99\/100\n|-damage|p2b: Torkoal|92\/100\n|-unboost|p2a: Garganacl|spa|1\n|-unboost|p2b: Torkoal|spa|1\n|-enditem|p2b: Torkoal|Red Card|[of] p1b: Gligar\n|drag|p1b: Landorus|Landorus-Therian, M|100\/100\n|-ability|p1b: Landorus|Intimidate|boost\n|-unboost|p2a: Garganacl|atk|1\n|-unboost|p2b: Torkoal|atk|1\n|\n|-weather|Sandstorm|[upkeep]\n|-damage|p2b: Torkoal|86\/100|[from] Sandstorm\n|upkeep\n|turn|3\n|inactive|Sleepoligy has 120 seconds left.\n|inactive|B14z6 has 120 seconds left.\n|\n|t:|1699093917\n|switch|p2b: Glastrier|Glastrier|100\/100\n|-enditem|p2b: Glastrier|Room Service\n|-unboost|p2b: Glastrier|spe|1|[from] item: Room Service\n|move|p1a: Hippowdon|Body Press|p2a: Garganacl\n|-supereffective|p2a: Garganacl\n|-damage|p2a: Garganacl|52\/100\n|-damage|p1a: Hippowdon|66\/100|[from] item: Rocky Helmet|[of] p2a: Garganacl\n|move|p2a: Garganacl|Bulldoze|p1b: Landorus|[spread] p2b,p1a\n|-immune|p1b: Landorus\n|-damage|p2b: Glastrier|95\/100\n|-damage|p1a: Hippowdon|63\/100\n|-unboost|p2b: Glastrier|spe|1\n|-unboost|p1a: Hippowdon|spe|1\n|move|p1b: Landorus|Earthquake|p2a: Garganacl|[spread] p1a,p2a,p2b\n|-supereffective|p2a: Garganacl\n|-damage|p1a: Hippowdon|45\/100\n|-damage|p2a: Garganacl|0 fnt\n|-damage|p2b: Glastrier|62\/100\n|faint|p2a: Garganacl\n|\n|-weather|Sandstorm|[upkeep]\n|-damage|p2b: Glastrier|56\/100|[from] Sandstorm\n|upkeep\n|inactive|B14z6 has 120 seconds left.\n|\n|t:|1699093941\n|switch|p2a: Cresselia|Cresselia, F|100\/100\n|turn|4\n|inactive|Sleepoligy has 120 seconds left.\n|inactive|B14z6 has 120 seconds left.\n|inactive|Sleepoligy has 90 seconds left.\n|\n|t:|1699093986\n|switch|p1a: Gligar|Gligar, M|87\/100\n|-terastallize|p1b: Landorus|Rock\n|move|p2b: Glastrier|Icicle Crash|p1b: Landorus\n|-damage|p1b: Landorus|35\/100\n|move|p2a: Cresselia|Lunar Blessing|p2a: Cresselia|[spread] p2a,p2b\n|-heal|p2b: Glastrier|81\/100\n|move|p1b: Landorus|Earthquake|p2a: Cresselia|[spread] p2b\n|-immune|p1a: Gligar\n|-immune|p2a: Cresselia|[from] ability: Levitate\n|-damage|p2b: Glastrier|48\/100\n|\n|-weather|Sandstorm|[upkeep]\n|-damage|p2b: Glastrier|42\/100|[from] Sandstorm\n|-damage|p2a: Cresselia|94\/100|[from] Sandstorm\n|upkeep\n|turn|5\n|inactive|B14z6 has 120 seconds left.\n|\n|t:|1699094011\n|move|p1a: Gligar|Protect|p1a: Gligar\n|-singleturn|p1a: Gligar|Protect\n|move|p2b: Glastrier|Icicle Crash|p1a: Gligar\n|-activate|p1a: Gligar|move: Protect\n|move|p2a: Cresselia|Skill Swap|p2b: Glastrier\n|-activate|p2a: Cresselia|move: Skill Swap|||[of] p2b: Glastrier\n|move|p1b: Landorus|Earthquake|p2b: Glastrier|[spread] p2a\n|-activate|p1a: Gligar|move: Protect\n|-immune|p2b: Glastrier|[from] ability: Levitate\n|-damage|p2a: Cresselia|62\/100\n|\n|-weather|Sandstorm|[upkeep]\n|-damage|p2b: Glastrier|36\/100|[from] Sandstorm\n|-damage|p2a: Cresselia|56\/100|[from] Sandstorm\n|-fieldend|move: Trick Room\n|upkeep\n|turn|6\n|inactive|Sleepoligy has 90 seconds left.\n|\n|t:|1699094042\n|switch|p1b: Hippowdon|Hippowdon, M|45\/100\n|-status|p1b: Hippowdon|psn\n|move|p2b: Glastrier|Protect|p2b: Glastrier\n|-singleturn|p2b: Glastrier|Protect\n|move|p1a: Gligar|Tailwind|p1a: Gligar\n|-sidestart|p1: Sleepoligy|move: Tailwind\n|move|p2a: Cresselia|Trick Room|p2a: Cresselia\n|-fieldstart|move: Trick Room|[of] p2a: Cresselia\n|\n|-weather|Sandstorm|[upkeep]\n|-damage|p2b: Glastrier|30\/100|[from] Sandstorm\n|-damage|p2a: Cresselia|50\/100|[from] Sandstorm\n|-enditem|p2a: Cresselia|Sitrus Berry|[eat]\n|-heal|p2a: Cresselia|75\/100|[from] item: Sitrus Berry\n|-damage|p1b: Hippowdon|32\/100 psn|[from] psn\n|upkeep\n|turn|7\n|inactive|Sleepoligy has 90 seconds left.\n|\n|t:|1699094070\n|move|p2a: Cresselia|Ally Switch|p2a: Cresselia\n|swap|p2a: Cresselia|1|[from] move: Ally Switch\n|move|p2a: Glastrier|Icicle Crash|p1a: Gligar\n|-supereffective|p1a: Gligar\n|-damage|p1a: Gligar|0 fnt\n|faint|p1a: Gligar\n|move|p1b: Hippowdon|Stealth Rock|p2a: Glastrier\n|-sidestart|p2: B14z6|move: Stealth Rock\n|\n|-weather|Sandstorm|[upkeep]\n|-damage|p2a: Glastrier|24\/100|[from] Sandstorm\n|-damage|p2b: Cresselia|69\/100|[from] Sandstorm\n|-damage|p1b: Hippowdon|20\/100 psn|[from] psn\n|upkeep\n|inactive|Sleepoligy has 90 seconds left.\n|\n|t:|1699094079\n|switch|p1a: Landorus|Landorus-Therian, M, tera:Rock|35\/100\n|-status|p1a: Landorus|psn\n|-ability|p1a: Landorus|Intimidate|boost\n|-unboost|p2a: Glastrier|atk|1\n|-unboost|p2b: Cresselia|atk|1\n|turn|8\n|\n|t:|1699094097\n|move|p2a: Glastrier|High Horsepower|p1a: Landorus\n|-supereffective|p1a: Landorus\n|-damage|p1a: Landorus|0 fnt\n|faint|p1a: Landorus\n|move|p1b: Hippowdon|Body Press|p2a: Glastrier\n|-supereffective|p2a: Glastrier\n|-damage|p2a: Glastrier|0 fnt\n|faint|p2a: Glastrier\n|move|p2b: Cresselia|Lunar Blessing|p2b: Cresselia\n|-heal|p2b: Cresselia|94\/100\n|\n|-weather|none\n|-damage|p1b: Hippowdon|7\/100 psn|[from] psn\n|upkeep\n|inactive|Sleepoligy has 120 seconds left.\n|\n|t:|1699094128\n|switch|p2a: Torkoal|Torkoal, M|86\/100\n|switch|p1a: Ursaluna|Ursaluna-Bloodmoon, M|100\/100\n|-damage|p2a: Torkoal|61\/100|[from] Stealth Rock\n|-weather|SunnyDay|[from] ability: Drought|[of] p2a: Torkoal\n|-status|p1a: Ursaluna|psn\n|turn|9\n|inactive|Sleepoligy has 120 seconds left.\n|inactive|B14z6 has 120 seconds left.\n|\n|t:|1699094163\n|switch|p1b: Toedscruel|Toedscruel, F|100\/100\n|-status|p1b: Toedscruel|psn\n|move|p2a: Torkoal|Solar Beam||[still]\n|-prepare|p2a: Torkoal|Solar Beam\n|-anim|p2a: Torkoal|Solar Beam|p1a: Ursaluna\n|-supereffective|p1a: Ursaluna\n|-damage|p1a: Ursaluna|72\/100 psn\n|move|p2b: Cresselia|Skill Swap|p2a: Torkoal\n|-activate|p2b: Cresselia|move: Skill Swap|||[of] p2a: Torkoal\n|move|p1a: Ursaluna|Hyper Voice|p2a: Torkoal|[spread] p2a,p2b\n|-damage|p2a: Torkoal|12\/100\n|-damage|p2b: Cresselia|75\/100\n|\n|-weather|SunnyDay|[upkeep]\n|-damage|p1a: Ursaluna|59\/100 psn|[from] psn\n|-damage|p1b: Toedscruel|88\/100 psn|[from] psn\n|-sideend|p1: Sleepoligy|move: Tailwind\n|upkeep\n|turn|10\n|inactive|Sleepoligy has 120 seconds left.\n|\n|t:|1699094184\n|move|p2a: Torkoal|Heat Wave|p1b: Toedscruel|[spread] p1b\n|-miss|p2a: Torkoal|p1a: Ursaluna\n|-supereffective|p1b: Toedscruel\n|-damage|p1b: Toedscruel|45\/100 psn\n|move|p1a: Ursaluna|Hyper Voice|p2b: Cresselia|[spread] p2a,p2b\n|-damage|p2a: Torkoal|0 fnt\n|-damage|p2b: Cresselia|55\/100\n|faint|p2a: Torkoal\n|move|p2b: Cresselia|Lunar Blessing|p2b: Cresselia\n|-heal|p2b: Cresselia|80\/100\n|move|p1b: Toedscruel|Light Screen|p1b: Toedscruel\n|-sidestart|p1: Sleepoligy|move: Light Screen\n|\n|-weather|SunnyDay|[upkeep]\n|-damage|p1a: Ursaluna|47\/100 psn|[from] psn\n|-damage|p1b: Toedscruel|33\/100 psn|[from] psn\n|-fieldend|move: Trick Room\n|upkeep\n|inactive|B14z6 has 120 seconds left.\n|\n|t:|1699094205\n|switch|p2a: Lycanroc|Lycanroc-Dusk, F|100\/100\n|-damage|p2a: Lycanroc|88\/100|[from] Stealth Rock\n|turn|11\n|inactive|B14z6 has 120 seconds left.\n|inactive|Sleepoligy has 120 seconds left.\n|\n|t:|1699094233\n|move|p2b: Cresselia|Ally Switch|p2b: Cresselia\n|swap|p2b: Cresselia|0|[from] move: Ally Switch\n|move|p1b: Toedscruel|Rage Powder|p1b: Toedscruel\n|-singleturn|p1b: Toedscruel|move: Rage Powder\n|move|p2b: Lycanroc|Fire Fang|p1b: Toedscruel\n|-supereffective|p1b: Toedscruel\n|-damage|p1b: Toedscruel|0 fnt\n|faint|p1b: Toedscruel\n|move|p1a: Ursaluna|Blood Moon|p2b: Lycanroc\n|-resisted|p2b: Lycanroc\n|-damage|p2b: Lycanroc|17\/100\n|\n|-weather|SunnyDay|[upkeep]\n|-damage|p1a: Ursaluna|34\/100 psn|[from] psn\n|upkeep\n|\n|t:|1699094242\n|switch|p1b: Hippowdon|Hippowdon, M|7\/100 psn\n|-weather|Sandstorm|[from] ability: Sand Stream|[of] p1b: Hippowdon\n|turn|12\n|inactive|B14z6 has 120 seconds left.\n|\n|t:|1699094279\n|switch|p2b: Hatterene|Hatterene, F|67\/100\n|-damage|p2b: Hatterene|54\/100|[from] Stealth Rock\n|switch|p1b: Great Tusk|Great Tusk|100\/100\n|-status|p1b: Great Tusk|psn\n|-enditem|p1b: Great Tusk|Booster Energy\n|-activate|p1b: Great Tusk|ability: Protosynthesis|[fromitem]\n|-start|p1b: Great Tusk|protosynthesisatk\n|move|p2a: Cresselia|Lunar Blessing|p2a: Cresselia|[spread] p2a,p2b\n|-heal|p2a: Cresselia|100\/100\n|-heal|p2b: Hatterene|79\/100\n|move|p1a: Ursaluna|Hyper Voice|p2b: Hatterene|[spread] p2a,p2b\n|-damage|p2a: Cresselia|82\/100\n|-damage|p2b: Hatterene|49\/100\n|\n|-weather|Sandstorm|[upkeep]\n|-damage|p2a: Cresselia|76\/100|[from] Sandstorm\n|-damage|p2b: Hatterene|43\/100|[from] Sandstorm\n|-heal|p2b: Hatterene|49\/100|[from] item: Leftovers\n|-damage|p1b: Great Tusk|88\/100 psn|[from] psn\n|-damage|p1a: Ursaluna|22\/100 psn|[from] psn\n|upkeep\n|turn|13\n|inactive|B14z6 has 120 seconds left.\n|\n|t:|1699094316\n|move|p1b: Great Tusk|Close Combat|p2a: Cresselia\n|-resisted|p2a: Cresselia\n|-damage|p2a: Cresselia|45\/100\n|-unboost|p1b: Great Tusk|def|1\n|-unboost|p1b: Great Tusk|spd|1\n|move|p2a: Cresselia|Skill Swap|p1a: Ursaluna\n|-activate|p2a: Cresselia|move: Skill Swap|Mind's Eye|Drought|[of] p1a: Ursaluna\n|-weather|SunnyDay|[from] ability: Drought|[of] p1a: Ursaluna\n|move|p1a: Ursaluna|Blood Moon|p2b: Hatterene\n|-damage|p2b: Hatterene|0 fnt\n|faint|p2b: Hatterene\n|\n|-weather|SunnyDay|[upkeep]\n|-damage|p1b: Great Tusk|76\/100 psn|[from] psn\n|-damage|p1a: Ursaluna|9\/100 psn|[from] psn\n|upkeep\n|inactive|B14z6 has 90 seconds left.\n|\n|t:|1699094332\n|switch|p2b: Lycanroc|Lycanroc-Dusk, F|17\/100\n|-damage|p2b: Lycanroc|5\/100|[from] Stealth Rock\n|turn|14\n|inactive|Sleepoligy has 120 seconds left.\n|\n|t:|1699094369\n|switch|p1a: Hippowdon|Hippowdon, M|7\/100 psn\n|-weather|Sandstorm|[from] ability: Sand Stream|[of] p1a: Hippowdon\n|move|p2a: Cresselia|Ally Switch|p2a: Cresselia\n|swap|p2a: Cresselia|1|[from] move: Ally Switch\n|move|p2a: Lycanroc|Close Combat|p1b: Great Tusk\n|-damage|p1b: Great Tusk|25\/100 psn\n|-unboost|p2a: Lycanroc|def|1\n|-unboost|p2a: Lycanroc|spd|1\n|move|p1b: Great Tusk|Earthquake|p2b: Cresselia|[spread] p1a,p2a,p2b\n|-supereffective|p2a: Lycanroc\n|-damage|p1a: Hippowdon|0 fnt\n|-damage|p2a: Lycanroc|0 fnt\n|-damage|p2b: Cresselia|8\/100\n|faint|p1a: Hippowdon\n|faint|p2a: Lycanroc\n|\n|-weather|Sandstorm|[upkeep]\n|-damage|p2b: Cresselia|2\/100|[from] Sandstorm\n|-damage|p1b: Great Tusk|12\/100 psn|[from] psn\n|-sideend|p1: Sleepoligy|move: Light Screen\n|upkeep\n|\n|t:|1699094382\n|switch|p1a: Ursaluna|Ursaluna-Bloodmoon, M|9\/100 psn\n|turn|15\n|inactive|B14z6 has 120 seconds left.\n|\n|t:|1699094398\n|move|p1b: Great Tusk|Protect|p1b: Great Tusk\n|-singleturn|p1b: Great Tusk|Protect\n|move|p2b: Cresselia|Lunar Blessing|p2b: Cresselia\n|-heal|p2b: Cresselia|27\/100\n|move|p1a: Ursaluna|Blood Moon|p2b: Cresselia\n|-damage|p2b: Cresselia|0 fnt\n|faint|p2b: Cresselia\n|\n|win|Sleepoligy\n|raw|Sleepoligy's rating: 1155 &rarr; <strong>1176<\/strong><br \/>(+21 for winning)\n|raw|B14z6's rating: 1094 &rarr; <strong>1074<\/strong><br \/>(-20 for losing)\n|c|\u2606Sleepoligy|gg\n|l|\u2606B14z6\n","uploadtime":1699094413,"views":30,"p1id":"sleepoligy","p2id":"b14z6","formatid":"gen9doublesou","rating":1074,"private":0,"password":""}