{"id":"gen9doublesou-1971420702","p1":"GonzaJ","p2":"Schister","format":"[Gen 9] Doubles OU","log":"|j|\u2606GonzaJ\n|j|\u2606Schister\n|t:|1697737118\n|gametype|doubles\n|player|p1|GonzaJ|psychic-gen4|1496\n|player|p2|Schister|clair|1686\n|teamsize|p1|6\n|teamsize|p2|6\n|gen|9\n|tier|[Gen 9] Doubles OU\n|rated|\n|rule|Species Clause: Limit one of each Pok\u00e9mon\n|rule|OHKO Clause: OHKO moves are banned\n|rule|Evasion Moves Clause: Evasion moves are banned\n|rule|Gravity Sleep Clause: The combination of sleep-inducing moves with imperfect accuracy and Gravity or Gigantamax Orbeetle are banned\n|rule|Endless Battle Clause: Forcing endless battles is banned\n|rule|HP Percentage Mod: HP is shown in percentages\n|clearpoke\n|poke|p1|Glimmora, M|\n|poke|p1|Wo-Chien|\n|poke|p1|Ting-Lu|\n|poke|p1|Chansey, F|\n|poke|p1|Okidogi, M|\n|poke|p1|Arcanine, M|\n|poke|p2|Weezing-Galar, F|\n|poke|p2|Ogerpon-Hearthflame, F|\n|poke|p2|Landorus-Therian, M|\n|poke|p2|Iron Hands|\n|poke|p2|Flutter Mane|\n|poke|p2|Roaring Moon|\n|teampreview\n|inactive|Battle timer is ON: inactive players will automatically lose when time's up. (requested by Schister)\n|\n|t:|1697737136\n|start\n|switch|p1a: Chansey|Chansey, F|100\/100\n|switch|p1b: Arcanine|Arcanine, M|100\/100\n|switch|p2a: Weezing|Weezing-Galar, F|100\/100\n|switch|p2b: Landorus|Landorus-Therian, M|100\/100\n|-ability|p2a: Weezing|Neutralizing Gas\n|turn|1\n|\n|t:|1697737149\n|switch|p1b: Wo-Chien|Wo-Chien|100\/100\n|move|p2b: Landorus|Stomping Tantrum|p1b: Wo-Chien\n|-resisted|p1b: Wo-Chien\n|-damage|p1b: Wo-Chien|79\/100\n|move|p2a: Weezing|Taunt|p1a: Chansey\n|-start|p1a: Chansey|move: Taunt\n|cant|p1a: Chansey|move: Taunt|Stealth Rock\n|\n|-heal|p1b: Wo-Chien|85\/100|[from] item: Leftovers\n|upkeep\n|turn|2\n|\n|t:|1697737162\n|switch|p2b: Roaring Moon|Roaring Moon|100\/100\n|move|p1b: Wo-Chien|Protect|p1b: Wo-Chien\n|-singleturn|p1b: Wo-Chien|Protect\n|move|p2a: Weezing|Taunt|p1b: Wo-Chien\n|-activate|p1b: Wo-Chien|move: Protect\n|move|p1a: Chansey|Seismic Toss|p2b: Roaring Moon\n|-damage|p2b: Roaring Moon|75\/100\n|\n|-heal|p1b: Wo-Chien|91\/100|[from] item: Leftovers\n|upkeep\n|turn|3\n|\n|t:|1697737180\n|switch|p1b: Ting-Lu|Ting-Lu|100\/100\n|switch|p1a: Okidogi|Okidogi, M|100\/100\n|move|p2b: Roaring Moon|Knock Off|p1a: Okidogi\n|-resisted|p1a: Okidogi\n|-damage|p1a: Okidogi|82\/100\n|-enditem|p1a: Okidogi|Assault Vest|[from] move: Knock Off|[of] p2b: Roaring Moon\n|move|p2a: Weezing|Taunt|p1b: Ting-Lu\n|-start|p1b: Ting-Lu|move: Taunt\n|\n|upkeep\n|turn|4\n|\n|t:|1697737193\n|switch|p1b: Arcanine|Arcanine, M|100\/100\n|move|p2b: Roaring Moon|Tailwind|p2b: Roaring Moon\n|-sidestart|p2: Schister|move: Tailwind\n|move|p2a: Weezing|Will-O-Wisp|p1a: Okidogi\n|-status|p1a: Okidogi|brn\n|move|p1a: Okidogi|Poison Jab|p2a: Weezing\n|-damage|p2a: Weezing|83\/100\n|\n|-heal|p2a: Weezing|89\/100|[from] item: Leftovers\n|-damage|p1a: Okidogi|75\/100 brn|[from] brn\n|upkeep\n|turn|5\n|\n|t:|1697737209\n|move|p2b: Roaring Moon|Knock Off|p1b: Arcanine\n|-damage|p1b: Arcanine|44\/100\n|-enditem|p1b: Arcanine|Sitrus Berry|[from] move: Knock Off|[of] p2b: Roaring Moon\n|move|p2a: Weezing|Gunk Shot|p1b: Arcanine\n|-damage|p1b: Arcanine|0 fnt\n|faint|p1b: Arcanine\n|move|p1a: Okidogi|Knock Off|p2a: Weezing\n|-resisted|p2a: Weezing\n|-damage|p2a: Weezing|82\/100\n|-enditem|p2a: Weezing|Leftovers|[from] move: Knock Off|[of] p1a: Okidogi\n|\n|-damage|p1a: Okidogi|69\/100 brn|[from] brn\n|upkeep\n|\n|t:|1697737216\n|switch|p1b: Glimmora|Glimmora, M|100\/100\n|turn|6\n|\n|t:|1697737227\n|move|p2b: Roaring Moon|Knock Off|p1b: Glimmora\n|-damage|p1b: Glimmora|61\/100\n|-enditem|p1b: Glimmora|Focus Sash|[from] move: Knock Off|[of] p2b: Roaring Moon\n|move|p2a: Weezing|Taunt|p1b: Glimmora\n|-start|p1b: Glimmora|move: Taunt\n|move|p1b: Glimmora|Mortal Spin|p2b: Roaring Moon|[spread] p2a,p2b\n|-damage|p2a: Weezing|79\/100\n|-damage|p2b: Roaring Moon|70\/100\n|move|p1a: Okidogi|Poison Jab|p2a: Weezing\n|-damage|p2a: Weezing|62\/100\n|\n|-damage|p1a: Okidogi|63\/100 brn|[from] brn\n|upkeep\n|turn|7\n|c|\u2606GonzaJ|???\n|\n|t:|1697737254\n|move|p2b: Roaring Moon|U-turn|p1a: Okidogi\n|-resisted|p1a: Okidogi\n|-damage|p1a: Okidogi|59\/100 brn\n|c|\u2606Schister|covert cloak\n|\n|t:|1697737259\n|-end|p2b: Roaring Moon|Protosynthesis|[silent]\n|switch|p2b: Landorus|Landorus-Therian, M|100\/100|[from] U-turn\n|move|p2a: Weezing|Will-O-Wisp|p1b: Glimmora\n|-status|p1b: Glimmora|brn\n|move|p1b: Glimmora|Sludge Bomb|p2a: Weezing\n|-damage|p2a: Weezing|23\/100\n|move|p1a: Okidogi|Poison Jab|p2a: Weezing\n|-damage|p2a: Weezing|5\/100\n|\n|-damage|p1b: Glimmora|55\/100 brn|[from] brn\n|-damage|p1a: Okidogi|53\/100 brn|[from] brn\n|-sideend|p2: Schister|move: Tailwind\n|upkeep\n|turn|8\n|c|\u2606GonzaJ|On weezing?\n|c|\u2606Schister|weezing is a poison type..\n|\n|t:|1697737281\n|switch|p1b: Wo-Chien|Wo-Chien|91\/100\n|move|p2a: Weezing|Protect|p2a: Weezing\n|-singleturn|p2a: Weezing|Protect\n|move|p2b: Landorus|Stomping Tantrum|p1a: Okidogi\n|-supereffective|p1a: Okidogi\n|-damage|p1a: Okidogi|0 fnt\n|faint|p1a: Okidogi\n|\n|-heal|p1b: Wo-Chien|97\/100|[from] item: Leftovers\n|upkeep\n|\n|t:|1697737285\n|switch|p1a: Ting-Lu|Ting-Lu|100\/100\n|turn|9\n|c|\u2606GonzaJ|oh yeah\n|\n|t:|1697737302\n|move|p2b: Landorus|Stomping Tantrum|p1a: Ting-Lu\n|-damage|p1a: Ting-Lu|80\/100\n|move|p1b: Wo-Chien|Leech Seed|p2b: Landorus\n|-start|p2b: Landorus|move: Leech Seed\n|move|p2a: Weezing|Will-O-Wisp|p1a: Ting-Lu\n|-status|p1a: Ting-Lu|brn\n|move|p1a: Ting-Lu|Whirlwind|p2a: Weezing\n|-end|p2a: Weezing|ability: Neutralizing Gas\n|-ability|p2b: Landorus|Intimidate|boost\n|-unboost|p1a: Ting-Lu|atk|1\n|-unboost|p1b: Wo-Chien|atk|1\n|-ability|p1b: Wo-Chien|Tablets of Ruin\n|-ability|p1a: Ting-Lu|Vessel of Ruin\n|drag|p2a: Iron Hands|Iron Hands|100\/100\n|\n|-heal|p1b: Wo-Chien|100\/100|[from] item: Leftovers\n|-heal|p1a: Ting-Lu|86\/100 brn|[from] item: Leftovers\n|-damage|p2b: Landorus|88\/100|[from] Leech Seed|[of] p1b: Wo-Chien\n|-damage|p1a: Ting-Lu|80\/100 brn|[from] brn\n|upkeep\n|turn|10\n|\n|t:|1697737323\n|switch|p2b: Flutter Mane|Flutter Mane|100\/100\n|-enditem|p2b: Flutter Mane|Booster Energy\n|-activate|p2b: Flutter Mane|ability: Protosynthesis|[fromitem]\n|-start|p2b: Flutter Mane|protosynthesisspa\n|switch|p1a: Glimmora|Glimmora, M|55\/100 brn\n|move|p2a: Iron Hands|Fake Out|p1a: Glimmora\n|-resisted|p1a: Glimmora\n|-damage|p1a: Glimmora|51\/100 brn\n|-activate|p1a: Glimmora|ability: Toxic Debris\n|-sidestart|p2: Schister|move: Toxic Spikes\n|move|p1b: Wo-Chien|Leech Seed|p2a: Iron Hands\n|-start|p2a: Iron Hands|move: Leech Seed\n|\n|-damage|p2a: Iron Hands|88\/100|[from] Leech Seed|[of] p1b: Wo-Chien\n|-damage|p1a: Glimmora|45\/100 brn|[from] brn\n|upkeep\n|turn|11\n|\n|t:|1697737345\n|-end|p2a: Iron Hands|Quark Drive|[silent]\n|switch|p2a: Weezing|Weezing-Galar, F|5\/100\n|-ability|p2a: Weezing|Neutralizing Gas\n|-sideend|p2: Schister|move: Toxic Spikes|[of] p2a: Weezing\n|-terastallize|p2b: Flutter Mane|Fairy\n|-terastallize|p1b: Wo-Chien|Water\n|move|p2b: Flutter Mane|Moonblast|p1b: Wo-Chien\n|-damage|p1b: Wo-Chien|58\/100\n|-unboost|p1b: Wo-Chien|spa|1\n|move|p1a: Glimmora|Sludge Bomb|p2b: Flutter Mane\n|-supereffective|p2b: Flutter Mane\n|-damage|p2b: Flutter Mane|30\/100\n|-status|p2b: Flutter Mane|psn\n|move|p1b: Wo-Chien|Leech Seed|p2b: Flutter Mane\n|-start|p2b: Flutter Mane|move: Leech Seed\n|\n|-heal|p1b: Wo-Chien|64\/100|[from] item: Leftovers\n|-damage|p2b: Flutter Mane|18\/100 psn|[from] Leech Seed|[of] p1b: Wo-Chien\n|-heal|p1b: Wo-Chien|73\/100|[silent]\n|-damage|p2b: Flutter Mane|6\/100 psn|[from] psn\n|-damage|p1a: Glimmora|38\/100 brn|[from] brn\n|upkeep\n|turn|12\n|\n|t:|1697737360\n|move|p2b: Flutter Mane|Shadow Ball|p1a: Glimmora\n|-damage|p1a: Glimmora|0 fnt\n|faint|p1a: Glimmora\n|move|p1b: Wo-Chien|Leech Seed|p2a: Weezing\n|-start|p2a: Weezing|move: Leech Seed\n|move|p2a: Weezing|Will-O-Wisp|p1b: Wo-Chien|[miss]\n|-miss|p2a: Weezing|p1b: Wo-Chien\n|\n|-heal|p1b: Wo-Chien|80\/100|[from] item: Leftovers\n|-damage|p2b: Flutter Mane|0 fnt|[from] Leech Seed|[of] p1b: Wo-Chien\n|-heal|p1b: Wo-Chien|84\/100|[silent]\n|faint|p2b: Flutter Mane\n|-end|p2b: Flutter Mane|Protosynthesis|[silent]\n|-damage|p2a: Weezing|0 fnt|[from] Leech Seed|[of] p1b: Wo-Chien\n|-heal|p1b: Wo-Chien|88\/100|[silent]\n|faint|p2a: Weezing\n|-end|p2a: Weezing|ability: Neutralizing Gas\n|-ability|p1b: Wo-Chien|Tablets of Ruin\n|upkeep\n|\n|t:|1697737374\n|switch|p2b: Roaring Moon|Roaring Moon|70\/100\n|switch|p1a: Ting-Lu|Ting-Lu|80\/100 brn\n|switch|p2a: Ogerpon|Ogerpon-Hearthflame, F|100\/100\n|-ability|p2a: Ogerpon|Mold Breaker\n|-ability|p1a: Ting-Lu|Vessel of Ruin\n|turn|13\n|\n|t:|1697737387\n|move|p2b: Roaring Moon|Knock Off|p1a: Ting-Lu\n|-resisted|p1a: Ting-Lu\n|-damage|p1a: Ting-Lu|72\/100 brn\n|-enditem|p1a: Ting-Lu|Leftovers|[from] move: Knock Off|[of] p2b: Roaring Moon\n|move|p2a: Ogerpon|Horn Leech|p1b: Wo-Chien\n|-supereffective|p1b: Wo-Chien\n|-damage|p1b: Wo-Chien|38\/100\n|move|p1b: Wo-Chien|Foul Play|p2a: Ogerpon\n|-damage|p2a: Ogerpon|53\/100\n|move|p1a: Ting-Lu|Stomping Tantrum|p2a: Ogerpon\n|-damage|p2a: Ogerpon|41\/100\n|\n|-heal|p1b: Wo-Chien|44\/100|[from] item: Leftovers\n|-damage|p1a: Ting-Lu|66\/100 brn|[from] brn\n|upkeep\n|turn|14\n|\n|t:|1697737401\n|move|p1b: Wo-Chien|Protect|p1b: Wo-Chien\n|-singleturn|p1b: Wo-Chien|Protect\n|move|p2b: Roaring Moon|Knock Off|p1b: Wo-Chien\n|-activate|p1b: Wo-Chien|move: Protect\n|move|p2a: Ogerpon|Horn Leech|p1a: Ting-Lu\n|-supereffective|p1a: Ting-Lu\n|-damage|p1a: Ting-Lu|41\/100 brn\n|-heal|p2a: Ogerpon|59\/100|[from] drain|[of] p1a: Ting-Lu\n|move|p1a: Ting-Lu|Whirlwind|p2a: Ogerpon\n|drag|p2a: Landorus|Landorus-Therian, M|88\/100\n|-ability|p2a: Landorus|Intimidate|boost\n|-unboost|p1a: Ting-Lu|atk|1\n|-unboost|p1b: Wo-Chien|atk|1\n|\n|-heal|p1b: Wo-Chien|50\/100|[from] item: Leftovers\n|-damage|p1a: Ting-Lu|35\/100 brn|[from] brn\n|upkeep\n|turn|15\n|\n|t:|1697737412\n|move|p2a: Landorus|U-turn|p1a: Ting-Lu\n|-supereffective|p1a: Ting-Lu\n|-damage|p1a: Ting-Lu|16\/100 brn\n|\n|t:|1697737417\n|switch|p2a: Ogerpon|Ogerpon-Hearthflame, F|59\/100|[from] U-turn\n|-ability|p2a: Ogerpon|Mold Breaker\n|move|p2b: Roaring Moon|Knock Off|p1b: Wo-Chien\n|-damage|p1b: Wo-Chien|16\/100\n|-enditem|p1b: Wo-Chien|Leftovers|[from] move: Knock Off|[of] p2b: Roaring Moon\n|move|p1b: Wo-Chien|Leech Seed|p2b: Roaring Moon|[miss]\n|-miss|p1b: Wo-Chien|p2b: Roaring Moon\n|move|p1a: Ting-Lu|Spikes|p2a: Ogerpon\n|-sidestart|p2: Schister|Spikes\n|\n|-damage|p1a: Ting-Lu|10\/100 brn|[from] brn\n|upkeep\n|turn|16\n|-message|GonzaJ forfeited.\n|\n|win|Schister\n|raw|GonzaJ's rating: 1496 &rarr; <strong>1486<\/strong><br \/>(-10 for losing)\n|raw|Schister's rating: 1686 &rarr; <strong>1696<\/strong><br \/>(+10 for winning)\n","uploadtime":1697737454,"views":27,"p1id":"gonzaj","p2id":"schister","formatid":"gen9doublesou","rating":1486,"private":0,"password":""}