{"id":"gen9doublesou-1975010710","p1":"Sinister405","p2":"chinchan 345","format":"[Gen 9] Doubles OU","log":"|j|\u2606Sinister405\n|j|\u2606chinchan 345\n|t:|1698154671\n|gametype|doubles\n|player|p1|Sinister405|lucas|1030\n|player|p2|chinchan 345|benga|1000\n|teamsize|p1|6\n|teamsize|p2|6\n|gen|9\n|tier|[Gen 9] Doubles OU\n|rated|\n|rule|Species Clause: Limit one of each Pok\u00e9mon\n|rule|OHKO Clause: OHKO moves are banned\n|rule|Evasion Moves Clause: Evasion moves are banned\n|rule|Gravity Sleep Clause: The combination of sleep-inducing moves with imperfect accuracy and Gravity or Gigantamax Orbeetle are banned\n|rule|Endless Battle Clause: Forcing endless battles is banned\n|rule|HP Percentage Mod: HP is shown in percentages\n|clearpoke\n|poke|p1|Golduck, M|\n|poke|p1|Falinks|\n|poke|p1|Flamigo, F|\n|poke|p1|Indeedee, M|\n|poke|p1|Sylveon, F|\n|poke|p1|Kommo-o, F|\n|poke|p2|Chien-Pao|\n|poke|p2|Gholdengo|\n|poke|p2|Tyranitar, F|\n|poke|p2|Quaquaval, M|\n|poke|p2|Amoonguss, F|\n|poke|p2|Iron Treads|\n|teampreview\n|inactive|Battle timer is ON: inactive players will automatically lose when time's up. (requested by Sinister405)\n|\n|t:|1698154677\n|start\n|switch|p1a: Golduck|Golduck, M|100\/100\n|switch|p1b: Kommo-o|Kommo-o, F|100\/100\n|switch|p2a: Quaquaval|Quaquaval, M|100\/100\n|switch|p2b: Gholdengo|Gholdengo|100\/100\n|-ability|p1a: Golduck|Cloud Nine\n|turn|1\n|\n|t:|1698154700\n|move|p1a: Golduck|Simple Beam|p1b: Kommo-o\n|-endability|p1b: Kommo-o|Soundproof|[from] move: Simple Beam\n|-ability|p1b: Kommo-o|Simple|[from] move: Simple Beam\n|move|p1b: Kommo-o|Clangorous Soul|p1b: Kommo-o\n|-boost|p1b: Kommo-o|atk|2\n|-boost|p1b: Kommo-o|def|2\n|-boost|p1b: Kommo-o|spa|2\n|-boost|p1b: Kommo-o|spd|2\n|-boost|p1b: Kommo-o|spe|2\n|-damage|p1b: Kommo-o|68\/100\n|move|p2a: Quaquaval|Bulk Up|p2a: Quaquaval\n|-boost|p2a: Quaquaval|atk|1\n|-boost|p2a: Quaquaval|def|1\n|move|p2b: Gholdengo|Make It Rain|p1a: Golduck|[spread] p1a,p1b\n|-resisted|p1a: Golduck\n|-damage|p1a: Golduck|76\/100\n|-damage|p1b: Kommo-o|44\/100\n|-unboost|p2b: Gholdengo|spa|1\n|\n|-heal|p1b: Kommo-o|50\/100|[from] item: Leftovers\n|upkeep\n|turn|2\n|\n|t:|1698154730\n|switch|p1a: Indeedee|Indeedee, M|100\/100\n|-fieldstart|move: Psychic Terrain|[from] ability: Psychic Surge|[of] p1a: Indeedee\n|move|p1b: Kommo-o|Body Press|p2a: Quaquaval\n|-damage|p2a: Quaquaval|52\/100\n|move|p2a: Quaquaval|Aqua Step|p1b: Kommo-o\n|-resisted|p1b: Kommo-o\n|-damage|p1b: Kommo-o|39\/100\n|-boost|p2a: Quaquaval|spe|1\n|move|p2b: Gholdengo|Nasty Plot|p2b: Gholdengo\n|-boost|p2b: Gholdengo|spa|2\n|\n|-heal|p1b: Kommo-o|45\/100|[from] item: Leftovers\n|upkeep\n|turn|3\n|inactive|Sinister405 has 120 seconds left.\n|\n|t:|1698154761\n|move|p1b: Kommo-o|Clangorous Soul|p1b: Kommo-o\n|-boost|p1b: Kommo-o|atk|2\n|-boost|p1b: Kommo-o|def|2\n|-boost|p1b: Kommo-o|spa|2\n|-boost|p1b: Kommo-o|spd|2\n|-boost|p1b: Kommo-o|spe|2\n|-damage|p1b: Kommo-o|12\/100\n|move|p2a: Quaquaval|Roost|p2a: Quaquaval\n|-heal|p2a: Quaquaval|100\/100\n|-singleturn|p2a: Quaquaval|move: Roost\n|move|p1a: Indeedee|Psych Up|p1b: Kommo-o\n|-copyboost|p1a: Indeedee|p1b: Kommo-o|[from] move: Psych Up\n|move|p2b: Gholdengo|Make It Rain|p1a: Indeedee|[spread] p1a,p1b\n|-crit|p1b: Kommo-o\n|-damage|p1a: Indeedee|75\/100\n|-damage|p1b: Kommo-o|0 fnt\n|-unboost|p2b: Gholdengo|spa|1\n|faint|p1b: Kommo-o\n|\n|upkeep\n|inactive|Sinister405 has 120 seconds left.\n|\n|t:|1698154777\n|switch|p1b: Flamigo|Flamigo, F|100\/100\n|-copyboost|p1b: Flamigo|p1a: Indeedee|[from] ability: Costar\n|turn|4\n|inactive|Sinister405 has 120 seconds left.\n|inactive|Sinister405 has 90 seconds left.\n|\n|t:|1698154829\n|move|p1a: Indeedee|Stored Power|p2b: Gholdengo\n|-resisted|p2b: Gholdengo\n|-damage|p2b: Gholdengo|0 fnt\n|faint|p2b: Gholdengo\n|move|p1b: Flamigo|Brave Bird|p2a: Quaquaval\n|-supereffective|p2a: Quaquaval\n|-damage|p2a: Quaquaval|0 fnt\n|faint|p2a: Quaquaval\n|-damage|p1b: Flamigo|69\/100|[from] Recoil\n|\n|upkeep\n|inactive|chinchan 345 has 120 seconds left.\n|\n|t:|1698154842\n|switch|p2a: Iron Treads|Iron Treads|100\/100\n|switch|p2b: Chien-Pao|Chien-Pao|100\/100\n|-ability|p2b: Chien-Pao|Sword of Ruin\n|turn|5\n|\n|t:|1698154855\n|move|p1a: Indeedee|Stored Power|p2a: Iron Treads\n|-resisted|p2a: Iron Treads\n|-damage|p2a: Iron Treads|0 fnt\n|faint|p2a: Iron Treads\n|-end|p2a: Iron Treads|Quark Drive|[silent]\n|move|p1b: Flamigo|Close Combat|p2b: Chien-Pao\n|-supereffective|p2b: Chien-Pao\n|-enditem|p2b: Chien-Pao|Focus Sash\n|-damage|p2b: Chien-Pao|1\/100\n|-unboost|p1b: Flamigo|def|1\n|-unboost|p1b: Flamigo|spd|1\n|move|p2b: Chien-Pao|Sacred Sword|p1a: Indeedee\n|-damage|p1a: Indeedee|7\/100\n|\n|upkeep\n|\n|t:|1698154869\n|switch|p2a: Amoonguss|Amoonguss, F|100\/100\n|turn|6\n|\n|t:|1698154889\n|-terastallize|p2a: Amoonguss|Steel\n|move|p1a: Indeedee|Stored Power|p2a: Amoonguss\n|-resisted|p2a: Amoonguss\n|-crit|p2a: Amoonguss\n|-damage|p2a: Amoonguss|0 fnt\n|faint|p2a: Amoonguss\n|move|p1b: Flamigo|Lunge|p2b: Chien-Pao\n|-supereffective|p2b: Chien-Pao\n|-damage|p2b: Chien-Pao|0 fnt\n|faint|p2b: Chien-Pao\n|\n|upkeep\n|\n|t:|1698154904\n|switch|p2b: Tyranitar|Tyranitar, F|100\/100\n|-weather|Sandstorm|[from] ability: Sand Stream|[of] p2b: Tyranitar\n|turn|7\n|\n|t:|1698154913\n|move|p1a: Indeedee|Dazzling Gleam|p2b: Tyranitar\n|-supereffective|p2b: Tyranitar\n|-damage|p2b: Tyranitar|69\/100\n|move|p1b: Flamigo|Close Combat|p2b: Tyranitar\n|-supereffective|p2b: Tyranitar\n|-damage|p2b: Tyranitar|0 fnt\n|-unboost|p1b: Flamigo|def|1\n|-unboost|p1b: Flamigo|spd|1\n|faint|p2b: Tyranitar\n|\n|win|Sinister405\n|raw|Sinister405's rating: 1030 &rarr; <strong>1062<\/strong><br \/>(+32 for winning)\n|raw|chinchan 345's rating: 1000 &rarr; <strong>1000<\/strong><br \/>(+0 for losing)\n","uploadtime":1698154930,"views":15,"p1id":"sinister405","p2id":"chinchan345","formatid":"gen9doublesou","rating":1000,"private":0,"password":""}