{"id":"gen9doublesou-1972309192","p1":"Howlpup13","p2":"wingminmon","format":"[Gen 9] Doubles OU","log":"|j|\u2606Howlpup13\n|j|\u2606wingminmon\n|t:|1697830098\n|gametype|doubles\n|player|p1|Howlpup13|1|1093\n|player|p2|wingminmon|preschooler|1182\n|teamsize|p1|6\n|teamsize|p2|6\n|gen|9\n|tier|[Gen 9] Doubles OU\n|rated|\n|rule|Species Clause: Limit one of each Pok\u00e9mon\n|rule|OHKO Clause: OHKO moves are banned\n|rule|Evasion Moves Clause: Evasion moves are banned\n|rule|Gravity Sleep Clause: The combination of sleep-inducing moves with imperfect accuracy and Gravity or Gigantamax Orbeetle are banned\n|rule|Endless Battle Clause: Forcing endless battles is banned\n|rule|HP Percentage Mod: HP is shown in percentages\n|clearpoke\n|poke|p1|Primeape, F|\n|poke|p1|Maushold-Four|\n|poke|p1|Flamigo, F|\n|poke|p1|Amoonguss, M|\n|poke|p1|Jumpluff, M|\n|poke|p1|Oranguru, M|\n|poke|p2|Dragapult, M|\n|poke|p2|Heatran, M|\n|poke|p2|Ogerpon, F|\n|poke|p2|Cresselia, F|\n|poke|p2|Landorus-Therian, M|\n|poke|p2|Tornadus, M|\n|teampreview\n|inactive|Battle timer is ON: inactive players will automatically lose when time's up. (requested by Howlpup13)\n|\n|t:|1697830117\n|start\n|switch|p1a: Primeape|Primeape, F|100\/100\n|switch|p1b: Maushold|Maushold-Four|100\/100\n|switch|p2a: Landorus|Landorus-Therian, M|100\/100\n|switch|p2b: Cresselia|Cresselia, F|100\/100\n|-ability|p2a: Landorus|Intimidate|boost\n|-unboost|p1a: Primeape|atk|1\n|-unboost|p1b: Maushold|atk|1\n|turn|1\n|\n|t:|1697830134\n|move|p2a: Landorus|Stomping Tantrum|p1b: Maushold\n|-damage|p1b: Maushold|41\/100\n|move|p1b: Maushold|Beat Up|p1a: Primeape\n|-resisted|p1a: Primeape\n|-damage|p1a: Primeape|98\/100\n|-resisted|p1a: Primeape\n|-damage|p1a: Primeape|96\/100\n|-resisted|p1a: Primeape\n|-damage|p1a: Primeape|93\/100\n|-resisted|p1a: Primeape\n|-damage|p1a: Primeape|91\/100\n|-resisted|p1a: Primeape\n|-damage|p1a: Primeape|89\/100\n|-resisted|p1a: Primeape\n|-damage|p1a: Primeape|87\/100\n|-hitcount|p1a: Primeape|6\n|move|p1a: Primeape|Rage Fist|p2b: Cresselia\n|-supereffective|p2b: Cresselia\n|-damage|p2b: Cresselia|19\/100\n|-enditem|p2b: Cresselia|Sitrus Berry|[eat]\n|-heal|p2b: Cresselia|44\/100|[from] item: Sitrus Berry\n|move|p2b: Cresselia|Moonblast|p1a: Primeape\n|-supereffective|p1a: Primeape\n|-damage|p1a: Primeape|46\/100\n|\n|upkeep\n|turn|2\n|inactive|wingminmon has 120 seconds left.\n|\n|t:|1697830165\n|switch|p1b: Flamigo|Flamigo, F|100\/100\n|-copyboost|p1b: Flamigo|p1a: Primeape|[from] ability: Costar\n|switch|p2b: Heatran|Heatran, M|100\/100\n|move|p2a: Landorus|Stomping Tantrum|p1a: Primeape\n|-damage|p1a: Primeape|0 fnt\n|faint|p1a: Primeape\n|\n|upkeep\n|inactive|Howlpup13 has 120 seconds left.\n|\n|t:|1697830176\n|switch|p1a: Oranguru|Oranguru, M|100\/100\n|turn|3\n|\n|t:|1697830192\n|switch|p2a: Cresselia|Cresselia, F|44\/100\n|move|p1b: Flamigo|Close Combat|p2b: Heatran\n|-supereffective|p2b: Heatran\n|-damage|p2b: Heatran|31\/100\n|-unboost|p1b: Flamigo|def|1\n|-unboost|p1b: Flamigo|spd|1\n|move|p2b: Heatran|Magma Storm|p1b: Flamigo|[miss]\n|-miss|p2b: Heatran|p1b: Flamigo\n|move|p1a: Oranguru|Instruct|p1b: Flamigo\n|-singleturn|p1b: Flamigo|move: Instruct|[of] p1a: Oranguru\n|move|p1b: Flamigo|Close Combat|p2b: Heatran\n|-supereffective|p2b: Heatran\n|-damage|p2b: Heatran|0 fnt\n|-unboost|p1b: Flamigo|def|1\n|-unboost|p1b: Flamigo|spd|1\n|faint|p2b: Heatran\n|\n|upkeep\n|\n|t:|1697830208\n|switch|p2b: Landorus|Landorus-Therian, M|100\/100\n|-ability|p2b: Landorus|Intimidate|boost\n|-unboost|p1a: Oranguru|atk|1\n|-unboost|p1b: Flamigo|atk|1\n|turn|4\n|inactive|Howlpup13 has 120 seconds left.\n|\n|t:|1697830240\n|-terastallize|p1b: Flamigo|Flying\n|move|p2b: Landorus|Rock Slide|p1a: Oranguru|[spread] p1a\n|-miss|p2b: Landorus|p1b: Flamigo\n|-damage|p1a: Oranguru|76\/100\n|move|p1b: Flamigo|Acrobatics|p2a: Cresselia\n|-damage|p2a: Cresselia|24\/100\n|move|p2a: Cresselia|Lunar Blessing|p2a: Cresselia|[spread] p2a,p2b\n|-heal|p2a: Cresselia|49\/100\n|move|p1a: Oranguru|Instruct|p1b: Flamigo\n|-singleturn|p1b: Flamigo|move: Instruct|[of] p1a: Oranguru\n|move|p1b: Flamigo|Acrobatics|p2a: Cresselia\n|-damage|p2a: Cresselia|30\/100\n|\n|upkeep\n|turn|5\n|\n|t:|1697830262\n|switch|p1b: Amoonguss|Amoonguss, M|100\/100\n|move|p2b: Landorus|Rock Slide|p1a: Oranguru|[spread] p1a,p1b\n|-damage|p1a: Oranguru|54\/100\n|-damage|p1b: Amoonguss|77\/100\n|move|p2a: Cresselia|Lunar Blessing|p2a: Cresselia|[spread] p2a,p2b\n|-heal|p2a: Cresselia|55\/100\n|move|p1a: Oranguru|Encore|p2a: Cresselia\n|-start|p2a: Cresselia|Encore\n|\n|-heal|p1b: Amoonguss|83\/100|[from] item: Leftovers\n|upkeep\n|turn|6\n|inactive|Howlpup13 has 120 seconds left.\n|\n|t:|1697830295\n|switch|p2b: Ogerpon|Ogerpon, F|100\/100\n|move|p2a: Cresselia|Lunar Blessing|p2a: Cresselia|[spread] p2a,p2b\n|-heal|p2a: Cresselia|80\/100\n|move|p1a: Oranguru|Instruct||[still]\n|-fail|p1a: Oranguru\n|move|p1b: Amoonguss|Pollen Puff|p2a: Cresselia\n|-supereffective|p2a: Cresselia\n|-damage|p2a: Cresselia|58\/100\n|\n|-heal|p1b: Amoonguss|89\/100|[from] item: Leftovers\n|upkeep\n|turn|7\n|\n|t:|1697830317\n|move|p2b: Ogerpon|Stomping Tantrum|p1b: Amoonguss\n|-damage|p1b: Amoonguss|65\/100\n|move|p2a: Cresselia|Lunar Blessing|p2a: Cresselia|[spread] p2a,p2b\n|-heal|p2a: Cresselia|83\/100\n|move|p1a: Oranguru|Instruct|p1b: Amoonguss\n|-singleturn|p1b: Amoonguss|move: Instruct|[of] p1a: Oranguru\n|move|p1b: Amoonguss|Pollen Puff|p2a: Cresselia\n|-supereffective|p2a: Cresselia\n|-damage|p2a: Cresselia|60\/100\n|move|p1b: Amoonguss|Pollen Puff|p2a: Cresselia\n|-supereffective|p2a: Cresselia\n|-damage|p2a: Cresselia|40\/100\n|\n|-heal|p1b: Amoonguss|71\/100|[from] item: Leftovers\n|upkeep\n|turn|8\n|\n|t:|1697830340\n|move|p2b: Ogerpon|Ivy Cudgel|p1b: Amoonguss\n|-resisted|p1b: Amoonguss\n|-damage|p1b: Amoonguss|58\/100\n|move|p2a: Cresselia|Lunar Blessing|p2a: Cresselia|[spread] p2a,p2b\n|-heal|p2a: Cresselia|65\/100\n|move|p1b: Amoonguss|Spore|p2a: Cresselia\n|-status|p2a: Cresselia|slp|[from] move: Spore\n|move|p1a: Oranguru|Trick Room|p1a: Oranguru\n|-fieldstart|move: Trick Room|[of] p1a: Oranguru\n|-enditem|p1a: Oranguru|Room Service\n|-unboost|p1a: Oranguru|spe|1|[from] item: Room Service\n|\n|-heal|p1b: Amoonguss|64\/100|[from] item: Leftovers\n|-end|p2a: Cresselia|Encore\n|upkeep\n|turn|9\n|\n|t:|1697830359\n|move|p1a: Oranguru|Instruct|p1b: Amoonguss\n|-singleturn|p1b: Amoonguss|move: Instruct|[of] p1a: Oranguru\n|move|p1b: Amoonguss|Spore|p2a: Cresselia\n|-fail|p2a: Cresselia|slp\n|move|p1b: Amoonguss|Pollen Puff|p2b: Ogerpon\n|-supereffective|p2b: Ogerpon\n|-damage|p2b: Ogerpon|61\/100\n|cant|p2a: Cresselia|slp\n|move|p2b: Ogerpon|Stomping Tantrum|p1b: Amoonguss\n|-damage|p1b: Amoonguss|40\/100\n|\n|-heal|p1b: Amoonguss|46\/100|[from] item: Leftovers\n|-heal|p2b: Ogerpon|67\/100|[from] item: Leftovers\n|upkeep\n|turn|10\n|\n|t:|1697830385\n|move|p2b: Ogerpon|Spiky Shield|p2b: Ogerpon\n|-singleturn|p2b: Ogerpon|move: Protect\n|move|p1a: Oranguru|Instruct|p1b: Amoonguss\n|-singleturn|p1b: Amoonguss|move: Instruct|[of] p1a: Oranguru\n|move|p1b: Amoonguss|Pollen Puff|p2b: Ogerpon\n|-activate|p2b: Ogerpon|move: Protect\n|move|p1b: Amoonguss|Pollen Puff|p2b: Ogerpon\n|-activate|p2b: Ogerpon|move: Protect\n|cant|p2a: Cresselia|slp\n|\n|-heal|p1b: Amoonguss|52\/100|[from] item: Leftovers\n|-heal|p2b: Ogerpon|73\/100|[from] item: Leftovers\n|upkeep\n|turn|11\n|inactive|wingminmon has 120 seconds left.\n|\n|t:|1697830416\n|switch|p2b: Dragapult|Dragapult, M, shiny|100\/100\n|move|p1a: Oranguru|Instruct|p1b: Amoonguss\n|-singleturn|p1b: Amoonguss|move: Instruct|[of] p1a: Oranguru\n|move|p1b: Amoonguss|Pollen Puff|p2b: Dragapult\n|-resisted|p2b: Dragapult\n|-damage|p2b: Dragapult|88\/100\n|move|p1b: Amoonguss|Pollen Puff|p2b: Dragapult\n|-resisted|p2b: Dragapult\n|-damage|p2b: Dragapult|76\/100\n|-curestatus|p2a: Cresselia|slp|[msg]\n|move|p2a: Cresselia|Lunar Blessing|p2a: Cresselia|[spread] p2a,p2b\n|-heal|p2a: Cresselia|90\/100\n|-heal|p2b: Dragapult|100\/100\n|\n|-heal|p1b: Amoonguss|58\/100|[from] item: Leftovers\n|upkeep\n|turn|12\n|inactive|Howlpup13 has 120 seconds left.\n|\n|t:|1697830452\n|switch|p1b: Flamigo|Flamigo, F, tera:Flying|100\/100\n|-copyboost|p1b: Flamigo|p1a: Oranguru|[from] ability: Costar\n|move|p1a: Oranguru|Encore|p2a: Cresselia\n|-start|p2a: Cresselia|Encore\n|move|p2a: Cresselia|Lunar Blessing|p2a: Cresselia|[spread] p2a,p2b\n|-heal|p2a: Cresselia|100\/100\n|move|p2b: Dragapult|U-turn|p1a: Oranguru\n|-supereffective|p1a: Oranguru\n|-damage|p1a: Oranguru|0 fnt\n|faint|p1a: Oranguru\n|-damage|p2b: Dragapult|91\/100|[from] item: Life Orb\n|inactive|wingminmon has 120 seconds left.\n|\n|t:|1697830465\n|switch|p2b: Landorus|Landorus-Therian, M|100\/100|[from] U-turn\n|-ability|p2b: Landorus|Intimidate|boost\n|-unboost|p1b: Flamigo|atk|1\n|\n|-fieldend|move: Trick Room\n|upkeep\n|inactive|Howlpup13 has 120 seconds left.\n|\n|t:|1697830474\n|switch|p1a: Amoonguss|Amoonguss, M|91\/100\n|turn|13\n|\n|t:|1697830487\n|switch|p2b: Ogerpon|Ogerpon, F|73\/100\n|move|p1a: Amoonguss|Rage Powder|p1a: Amoonguss\n|-singleturn|p1a: Amoonguss|move: Rage Powder\n|move|p2a: Cresselia|Lunar Blessing|p2a: Cresselia|[spread] p2a,p2b\n|-heal|p2b: Ogerpon|98\/100\n|move|p1b: Flamigo|Acrobatics|p2b: Ogerpon\n|-supereffective|p2b: Ogerpon\n|-damage|p2b: Ogerpon|7\/100\n|\n|-heal|p2b: Ogerpon|13\/100|[from] item: Leftovers\n|-heal|p1a: Amoonguss|97\/100|[from] item: Leftovers\n|-end|p2a: Cresselia|Encore\n|upkeep\n|turn|14\n|\n|t:|1697830509\n|move|p2a: Cresselia|Helping Hand|p2b: Ogerpon\n|-singleturn|p2b: Ogerpon|Helping Hand|[of] p2a: Cresselia\n|move|p2b: Ogerpon|Stomping Tantrum|p1a: Amoonguss\n|-damage|p1a: Amoonguss|60\/100\n|move|p1b: Flamigo|Lunge|p2b: Ogerpon\n|-supereffective|p2b: Ogerpon\n|-damage|p2b: Ogerpon|0 fnt\n|faint|p2b: Ogerpon\n|move|p1a: Amoonguss|Pollen Puff|p2a: Cresselia\n|-supereffective|p2a: Cresselia\n|-damage|p2a: Cresselia|79\/100\n|\n|-heal|p1a: Amoonguss|66\/100|[from] item: Leftovers\n|upkeep\n|\n|t:|1697830529\n|switch|p2b: Dragapult|Dragapult, M, shiny|91\/100\n|turn|15\n|\n|t:|1697830548\n|move|p2b: Dragapult|Phantom Force||[still]\n|-prepare|p2b: Dragapult|Phantom Force\n|move|p2a: Cresselia|Thunder Wave|p1a: Amoonguss\n|-status|p1a: Amoonguss|par\n|move|p1b: Flamigo|Throat Chop|p2b: Dragapult|[miss]\n|-miss|p1b: Flamigo|p2b: Dragapult\n|move|p1a: Amoonguss|Spore|p2b: Dragapult|[miss]\n|-miss|p1a: Amoonguss|p2b: Dragapult\n|\n|-heal|p1a: Amoonguss|72\/100 par|[from] item: Leftovers\n|upkeep\n|turn|16\n|\n|t:|1697830568\n|switch|p1b: Maushold|Maushold-Four|41\/100\n|move|p2b: Dragapult|Phantom Force|p1b: Maushold|[from]lockedmove\n|-immune|p1b: Maushold\n|move|p2a: Cresselia|Moonblast|p1b: Maushold\n|-damage|p1b: Maushold|19\/100\n|move|p1a: Amoonguss|Pollen Puff|p1b: Maushold\n|-heal|p1b: Maushold|69\/100\n|\n|-heal|p1a: Amoonguss|78\/100 par|[from] item: Leftovers\n|upkeep\n|turn|17\n|\n|t:|1697830585\n|move|p2a: Cresselia|Helping Hand|p2b: Dragapult\n|-singleturn|p2b: Dragapult|Helping Hand|[of] p2a: Cresselia\n|move|p1a: Amoonguss|Rage Powder|p1a: Amoonguss\n|-singleturn|p1a: Amoonguss|move: Rage Powder\n|move|p2b: Dragapult|Dragon Darts|p1a: Amoonguss\n|-damage|p1a: Amoonguss|31\/100 par\n|-anim|p2b: Dragapult|Dragon Darts|p1a: Amoonguss\n|-crit|p1a: Amoonguss\n|-damage|p1a: Amoonguss|0 fnt\n|faint|p1a: Amoonguss\n|-damage|p2b: Dragapult|81\/100|[from] item: Life Orb\n|move|p1b: Maushold|Beat Up|p2b: Dragapult\n|-supereffective|p2b: Dragapult\n|-damage|p2b: Dragapult|73\/100\n|-supereffective|p2b: Dragapult\n|-damage|p2b: Dragapult|60\/100\n|-supereffective|p2b: Dragapult\n|-crit|p2b: Dragapult\n|-damage|p2b: Dragapult|49\/100\n|-hitcount|p2b: Dragapult|3\n|\n|upkeep\n|\n|t:|1697830602\n|switch|p1a: Jumpluff|Jumpluff, M|100\/100\n|turn|18\n|\n|t:|1697830625\n|move|p1a: Jumpluff|Helping Hand|p1b: Maushold\n|-singleturn|p1b: Maushold|Helping Hand|[of] p1a: Jumpluff\n|move|p2a: Cresselia|Helping Hand|p2b: Dragapult\n|-singleturn|p2b: Dragapult|Helping Hand|[of] p2a: Cresselia\n|move|p2b: Dragapult|Dragon Darts|p1a: Jumpluff\n|-damage|p1a: Jumpluff|41\/100\n|-anim|p2b: Dragapult|Dragon Darts|p1b: Maushold\n|-damage|p1b: Maushold|9\/100\n|-damage|p2b: Dragapult|39\/100|[from] item: Life Orb\n|move|p1b: Maushold|Beat Up|p2b: Dragapult\n|-supereffective|p2b: Dragapult\n|-damage|p2b: Dragapult|28\/100\n|-supereffective|p2b: Dragapult\n|-damage|p2b: Dragapult|16\/100\n|-supereffective|p2b: Dragapult\n|-crit|p2b: Dragapult\n|-damage|p2b: Dragapult|0 fnt\n|faint|p2b: Dragapult\n|-hitcount|p2: Dragapult|3\n|\n|upkeep\n|\n|t:|1697830641\n|switch|p2b: Landorus|Landorus-Therian, M|100\/100\n|-ability|p2b: Landorus|Intimidate|boost\n|-unboost|p1a: Jumpluff|atk|1\n|-unboost|p1b: Maushold|atk|1\n|turn|19\n|\n|t:|1697830656\n|move|p2a: Cresselia|Helping Hand|p2b: Landorus\n|-singleturn|p2b: Landorus|Helping Hand|[of] p2a: Cresselia\n|move|p2b: Landorus|Rock Slide|p1b: Maushold|[spread] p1a,p1b\n|-supereffective|p1a: Jumpluff\n|-damage|p1a: Jumpluff|0 fnt\n|-damage|p1b: Maushold|0 fnt\n|faint|p1a: Jumpluff\n|faint|p1b: Maushold\n|\n|upkeep\n|\n|t:|1697830666\n|switch|p1a: Flamigo|Flamigo, F, tera:Flying|100\/100\n|turn|20\n|\n|t:|1697830673\n|move|p2a: Cresselia|Helping Hand|p2b: Landorus\n|-singleturn|p2b: Landorus|Helping Hand|[of] p2a: Cresselia\n|move|p2b: Landorus|Rock Slide|p1a: Flamigo\n|-supereffective|p1a: Flamigo\n|-damage|p1a: Flamigo|0 fnt\n|faint|p1a: Flamigo\n|\n|win|wingminmon\n|raw|Howlpup13's rating: 1093 &rarr; <strong>1075<\/strong><br \/>(-18 for losing)\n|raw|wingminmon's rating: 1182 &rarr; <strong>1201<\/strong><br \/>(+19 for winning)\n|l|\u2606Howlpup13\n","uploadtime":1697830686,"views":16,"p1id":"howlpup13","p2id":"wingminmon","formatid":"gen9doublesou","rating":1075,"private":0,"password":""}