{"id":"gen9doublesou-1986642364","p1":"zanitos","p2":"DON_MERINO","format":"[Gen 9] Doubles OU","log":"|j|\u2606zanitos\n|j|\u2606DON_MERINO\n|t:|1699501457\n|gametype|doubles\n|player|p1|zanitos|brycenman|1099\n|player|p2|DON_MERINO|gambler|1043\n|teamsize|p1|6\n|teamsize|p2|6\n|gen|9\n|tier|[Gen 9] Doubles OU\n|rated|\n|rule|Species Clause: Limit one of each Pok\u00e9mon\n|rule|OHKO Clause: OHKO moves are banned\n|rule|Evasion Moves Clause: Evasion moves are banned\n|rule|Gravity Sleep Clause: The combination of sleep-inducing moves with imperfect accuracy and Gravity or Gigantamax Orbeetle are banned\n|rule|Endless Battle Clause: Forcing endless battles is banned\n|rule|HP Percentage Mod: HP is shown in percentages\n|clearpoke\n|poke|p1|Golem-Alola, F|\n|poke|p1|Rabsca, F|\n|poke|p1|Pawmot, M|\n|poke|p1|Basculegion-F, F|\n|poke|p1|Grafaiai, M|\n|poke|p1|Ogerpon, F|\n|poke|p2|Scizor, M|\n|poke|p2|Talonflame, M|\n|poke|p2|Grimmsnarl, M|\n|poke|p2|Decidueye, M|\n|poke|p2|Lycanroc-Midnight, M|\n|poke|p2|Toxtricity-Low-Key, M|\n|teampreview\n|inactive|Battle timer is ON: inactive players will automatically lose when time's up. (requested by zanitos)\n|\n|t:|1699501476\n|start\n|switch|p1a: Golem|Golem-Alola, F, shiny|100\/100\n|switch|p1b: Pawmot|Pawmot, M, shiny|100\/100\n|switch|p2a: Talonflame|Talonflame, M|100\/100\n|switch|p2b: Decidueye|Decidueye, M|100\/100\n|turn|1\n|inactive|DON_MERINO has 120 seconds left.\n|\n|t:|1699501519\n|-terastallize|p1a: Golem|Electric\n|move|p1b: Pawmot|Fake Out|p2b: Decidueye\n|-immune|p2b: Decidueye\n|move|p2a: Talonflame|Brave Bird|p1b: Pawmot\n|-damage|p1b: Pawmot|48\/100\n|-damage|p2a: Talonflame|85\/100|[from] Recoil\n|move|p2b: Decidueye|Giga Drain|p1a: Golem\n|-damage|p1a: Golem|54\/100\n|-damage|p2b: Decidueye|91\/100|[from] item: Life Orb\n|move|p1a: Golem|Explosion|p2a: Talonflame|[spread] p2a,p2b\n|-heal|p1b: Pawmot|73\/100|[from] ability: Volt Absorb|[of] p1a: Golem\n|-supereffective|p2a: Talonflame\n|-resisted|p2b: Decidueye\n|-damage|p2a: Talonflame|0 fnt\n|-damage|p2b: Decidueye|11\/100\n|faint|p1a: Golem\n|faint|p2a: Talonflame\n|\n|upkeep\n|inactive|DON_MERINO has 120 seconds left.\n|\n|t:|1699501543\n|switch|p2a: Lycanroc|Lycanroc-Midnight, M|100\/100\n|switch|p1a: Grafaiai|Grafaiai, M, shiny|100\/100\n|turn|2\n|inactive|DON_MERINO has 120 seconds left.\n|\n|t:|1699501570\n|move|p1a: Grafaiai|Low Kick|p2a: Lycanroc\n|-supereffective|p2a: Lycanroc\n|-damage|p2a: Lycanroc|40\/100\n|-damage|p1a: Grafaiai|84\/100|[from] item: Rocky Helmet|[of] p2a: Lycanroc\n|move|p1b: Pawmot|Revival Blessing|p1b: Pawmot\n|\n|t:|1699501576\n|-heal|p1: Golem|50\/100|[from] move: Revival Blessing\n|move|p2a: Lycanroc|Dig||[still]\n|-prepare|p2a: Lycanroc|Dig\n|move|p2b: Decidueye|Shadow Ball|p1a: Grafaiai\n|-immune|p1a: Grafaiai\n|\n|upkeep\n|turn|3\n|\n|t:|1699501598\n|switch|p1a: Ogerpon|Ogerpon, F|100\/100\n|move|p1b: Pawmot|Close Combat|p2a: Lycanroc|[miss]\n|-miss|p1b: Pawmot|p2a: Lycanroc\n|move|p2a: Lycanroc|Dig|p1b: Pawmot|[from]lockedmove\n|-supereffective|p1b: Pawmot\n|-damage|p1b: Pawmot|3\/100\n|move|p2b: Decidueye|Giga Drain|p1a: Ogerpon\n|-resisted|p1a: Ogerpon\n|-damage|p1a: Ogerpon|74\/100\n|-heal|p2b: Decidueye|27\/100|[from] drain|[of] p1a: Ogerpon\n|-enditem|p1a: Ogerpon|Eject Button\n|-damage|p2b: Decidueye|17\/100|[from] item: Life Orb\n|\n|t:|1699501615\n|switch|p1a: Golem|Golem-Alola, F, shiny|50\/100\n|\n|upkeep\n|turn|4\n|\n|t:|1699501639\n|move|p1a: Golem|Protect|p1a: Golem\n|-singleturn|p1a: Golem|Protect\n|move|p1b: Pawmot|Close Combat|p2a: Lycanroc\n|-supereffective|p2a: Lycanroc\n|-damage|p2a: Lycanroc|0 fnt\n|-unboost|p1b: Pawmot|def|1\n|-unboost|p1b: Pawmot|spd|1\n|-damage|p1b: Pawmot|0 fnt|[from] item: Rocky Helmet|[of] p2a: Lycanroc\n|faint|p2a: Lycanroc\n|faint|p1b: Pawmot\n|move|p2b: Decidueye|Giga Drain|p1a: Golem\n|-activate|p1a: Golem|move: Protect\n|\n|upkeep\n|\n|t:|1699501654\n|switch|p1b: Ogerpon|Ogerpon, F|74\/100\n|switch|p2a: Grimmsnarl|Grimmsnarl, M|100\/100\n|turn|5\n|inactive|DON_MERINO has 120 seconds left.\n|\n|t:|1699501702\n|move|p1b: Ogerpon|Follow Me|p1b: Ogerpon\n|-singleturn|p1b: Ogerpon|move: Follow Me\n|move|p2a: Grimmsnarl|Focus Blast|p1b: Ogerpon\n|-damage|p1b: Ogerpon|47\/100\n|move|p2b: Decidueye|Leaf Blade|p1b: Ogerpon\n|-resisted|p1b: Ogerpon\n|-damage|p1b: Ogerpon|16\/100\n|-damage|p2b: Decidueye|7\/100|[from] item: Life Orb\n|move|p1a: Golem|Explosion|p2a: Grimmsnarl|[spread] p1b,p2a,p2b\n|-resisted|p1b: Ogerpon\n|-resisted|p2b: Decidueye\n|-damage|p1b: Ogerpon|0 fnt\n|-damage|p2a: Grimmsnarl|0 fnt\n|-damage|p2b: Decidueye|0 fnt\n|faint|p1a: Golem\n|faint|p1b: Ogerpon\n|faint|p2a: Grimmsnarl\n|faint|p2b: Decidueye\n|\n|upkeep\n|inactive|DON_MERINO has 120 seconds left.\n|\n|t:|1699501725\n|switch|p1b: Grafaiai|Grafaiai, M, shiny|84\/100\n|switch|p2b: Scizor|Scizor, M|100\/100\n|switch|p2a: Toxtricity|Toxtricity-Low-Key, M|100\/100\n|switch|p1a: Rabsca|Rabsca, F|100\/100\n|turn|6\n|inactive|DON_MERINO has 120 seconds left.\n|\n|t:|1699501765\n|-terastallize|p2a: Toxtricity|Electric\n|move|p1b: Grafaiai|Copycat|p1b: Grafaiai\n|move|p1b: Grafaiai|Explosion|p2b: Scizor|[from]move: Copycat|[spread] p2a,p2b\n|-activate|p1a: Rabsca|ability: Telepathy\n|-resisted|p2b: Scizor\n|-damage|p2a: Toxtricity|0 fnt\n|-damage|p2b: Scizor|34\/100\n|faint|p1b: Grafaiai\n|faint|p2a: Toxtricity\n|move|p2b: Scizor|Swords Dance|p2b: Scizor\n|-boost|p2b: Scizor|atk|2\n|move|p1a: Rabsca|Revival Blessing|p1a: Rabsca\n|-enditem|p1a: Rabsca|Leppa Berry|[eat]\n|-activate|p1a: Rabsca|item: Leppa Berry|Revival Blessing|[consumed]\n|\n|t:|1699501780\n|-heal|p1: Golem|50\/100|[from] move: Revival Blessing\n|\n|upkeep\n|\n|t:|1699501784\n|switch|p1b: Golem|Golem-Alola, F, shiny|50\/100\n|turn|7\n|inactive|DON_MERINO has 120 seconds left.\n|\n|t:|1699501802\n|move|p2b: Scizor|Close Combat|p1b: Golem\n|-supereffective|p1b: Golem\n|-damage|p1b: Golem|0 fnt\n|-unboost|p2b: Scizor|def|1\n|-unboost|p2b: Scizor|spd|1\n|faint|p1b: Golem\n|move|p1a: Rabsca|Revival Blessing|p1a: Rabsca\n|\n|t:|1699501817\n|-heal|p1: Golem|50\/100|[from] move: Revival Blessing\n|\n|upkeep\n|switch|p1b: Golem|Golem-Alola, F, shiny|50\/100\n|turn|8\n|\n|t:|1699501832\n|move|p1b: Golem|Protect|p1b: Golem\n|-singleturn|p1b: Golem|Protect\n|move|p2b: Scizor|Close Combat|p1b: Golem\n|-activate|p1b: Golem|move: Protect\n|move|p1a: Rabsca|Bug Buzz|p2b: Scizor\n|-resisted|p2b: Scizor\n|-damage|p2b: Scizor|0 fnt\n|faint|p2b: Scizor\n|\n|win|zanitos\n|raw|zanitos's rating: 1099 &rarr; <strong>1120<\/strong><br \/>(+21 for winning)\n|raw|DON_MERINO's rating: 1043 &rarr; <strong>1029<\/strong><br \/>(-14 for losing)\n|l|\u2606DON_MERINO\n","uploadtime":1699501850,"views":30,"p1id":"zanitos","p2id":"donmerino","formatid":"gen9doublesou","rating":1029,"private":0,"password":""}