{"id":"gen9doublesou-1973777069","p1":"MSMVOSE","p2":"YuriKnifuWaifu","format":"[Gen 9] Doubles OU","log":"|j|\u2606MSMVOSE\n|j|\u2606YuriKnifuWaifu\n|t:|1698012351\n|gametype|doubles\n|player|p1|MSMVOSE|1|\n|player|p2|YuriKnifuWaifu|dragontamer|\n|teamsize|p1|6\n|teamsize|p2|6\n|gen|9\n|tier|[Gen 9] Doubles OU\n|rule|Species Clause: Limit one of each Pok\u00e9mon\n|rule|OHKO Clause: OHKO moves are banned\n|rule|Evasion Moves Clause: Evasion moves are banned\n|rule|Gravity Sleep Clause: The combination of sleep-inducing moves with imperfect accuracy and Gravity or Gigantamax Orbeetle are banned\n|rule|Endless Battle Clause: Forcing endless battles is banned\n|rule|HP Percentage Mod: HP is shown in percentages\n|clearpoke\n|poke|p1|Froslass, F|\n|poke|p1|Hatterene, F|\n|poke|p1|Cacturne, M|\n|poke|p1|Altaria, M|\n|poke|p1|Cyclizar, M|\n|poke|p1|Houndoom, F|\n|poke|p2|Wiglett, M|\n|poke|p2|Magnezone|\n|poke|p2|Skeledirge, M|\n|poke|p2|Rabsca, M|\n|poke|p2|Drifblim, M|\n|poke|p2|Carbink|\n|teampreview\n|j| ShrimpKing\n|c| ShrimpKing|Me farting and pooping rn\n|\n|t:|1698012419\n|start\n|switch|p1a: Bicaous|Altaria, M, shiny|100\/100\n|switch|p1b: Tremna|Hatterene, F, shiny|100\/100\n|switch|p2a: Buckle|Skeledirge, M, shiny|100\/100\n|switch|p2b: One|Wiglett, M, shiny|100\/100\n|-ability|p1a: Bicaous|Cloud Nine\n|turn|1\n|\n|t:|1698012450\n|move|p2b: One|Facade|p1a: Bicaous\n|-damage|p1a: Bicaous|90\/100\n|move|p1a: Bicaous|Cotton Guard|p1a: Bicaous\n|-boost|p1a: Bicaous|def|3\n|move|p2a: Buckle|Will-O-Wisp|p1b: Tremna\n|move|p1b: Tremna|Will-O-Wisp|p2a: Buckle|[from]ability: Magic Bounce\n|-immune|p2a: Buckle\n|move|p1b: Tremna|Trick Room|p1b: Tremna\n|-fieldstart|move: Trick Room|[of] p1b: Tremna\n|\n|-heal|p1a: Bicaous|96\/100|[from] item: Leftovers\n|upkeep\n|turn|2\n|\n|t:|1698012479\n|move|p1b: Tremna|Calm Mind|p1b: Tremna\n|-boost|p1b: Tremna|spa|1\n|-boost|p1b: Tremna|spd|1\n|move|p2a: Buckle|Shadow Ball|p1b: Tremna\n|-supereffective|p1b: Tremna\n|-crit|p1b: Tremna\n|-damage|p1b: Tremna|0 fnt\n|faint|p1b: Tremna\n|move|p1a: Bicaous|Dragon Dance|p1a: Bicaous\n|-boost|p1a: Bicaous|atk|1\n|-boost|p1a: Bicaous|spe|1\n|move|p2b: One|Surf|p1a: Bicaous|[spread] p2a,p1a\n|-supereffective|p2a: Buckle\n|-resisted|p1a: Bicaous\n|-damage|p2a: Buckle|72\/100\n|-damage|p1a: Bicaous|89\/100\n|\n|-heal|p2a: Buckle|78\/100|[from] item: Leftovers\n|-heal|p1a: Bicaous|95\/100|[from] item: Leftovers\n|upkeep\n|\n|t:|1698012523\n|switch|p1b: Mikini|Houndoom, F|100\/100\n|-ability|p1b: Mikini|Unnerve\n|turn|3\n|\n|t:|1698012538\n|move|p2a: Buckle|Will-O-Wisp|p1a: Bicaous\n|-status|p1a: Bicaous|brn\n|move|p1b: Mikini|Taunt|p2a: Buckle\n|-start|p2a: Buckle|move: Taunt\n|move|p2b: One|Blizzard|p1b: Mikini|[spread] p1a,p1b\n|-supereffective|p1a: Bicaous\n|-resisted|p1b: Mikini\n|-damage|p1a: Bicaous|50\/100 brn\n|-damage|p1b: Mikini|94\/100\n|move|p1a: Bicaous|Dragon Dance|p1a: Bicaous\n|-boost|p1a: Bicaous|atk|1\n|-boost|p1a: Bicaous|spe|1\n|\n|-heal|p2a: Buckle|84\/100|[from] item: Leftovers\n|-heal|p1a: Bicaous|56\/100 brn|[from] item: Leftovers\n|-damage|p1a: Bicaous|50\/100 brn|[from] brn\n|upkeep\n|turn|4\n|\n|t:|1698012566\n|move|p1b: Mikini|Sucker Punch|p2a: Buckle\n|-supereffective|p2a: Buckle\n|-damage|p2a: Buckle|52\/100\n|move|p2a: Buckle|Shadow Ball|p1b: Mikini\n|-resisted|p1b: Mikini\n|-damage|p1b: Mikini|73\/100\n|move|p2b: One|Facade|p1a: Bicaous\n|-damage|p1a: Bicaous|46\/100 brn\n|move|p1a: Bicaous|Draco Meteor|p2b: One\n|-damage|p2b: One|0 fnt\n|-unboost|p1a: Bicaous|spa|2\n|faint|p2b: One\n|\n|-heal|p2a: Buckle|58\/100|[from] item: Leftovers\n|-heal|p1a: Bicaous|52\/100 brn|[from] item: Leftovers\n|-damage|p1a: Bicaous|46\/100 brn|[from] brn\n|upkeep\n|\n|t:|1698012593\n|switch|p2b: Two|Magnezone, shiny|100\/100\n|turn|5\n|\n|t:|1698012613\n|move|p2b: Two|Volt Switch|p1b: Mikini\n|-damage|p1b: Mikini|41\/100\n|\n|t:|1698012621\n|switch|p2b: Shoe|Drifblim, M, shiny|100\/100|[from] Volt Switch\n|move|p2a: Buckle|Hex|p1a: Bicaous\n|-damage|p1a: Bicaous|0 fnt\n|faint|p1a: Bicaous\n|move|p1b: Mikini|Fire Blast|p2b: Shoe\n|-damage|p2b: Shoe|49\/100\n|\n|-heal|p2a: Buckle|64\/100|[from] item: Leftovers\n|-heal|p2b: Shoe|56\/100|[from] item: Leftovers\n|-fieldend|move: Trick Room\n|upkeep\n|\n|t:|1698012638\n|switch|p1a: Laedere|Cyclizar, M|100\/100\n|turn|6\n|\n|t:|1698012659\n|move|p1b: Mikini|Sucker Punch|p2a: Buckle\n|-supereffective|p2a: Buckle\n|-damage|p2a: Buckle|32\/100\n|move|p1a: Laedere|Draco Meteor|p2a: Buckle\n|-damage|p2a: Buckle|0 fnt\n|-unboost|p1a: Laedere|spa|2\n|faint|p2a: Buckle\n|move|p2b: Shoe|Destiny Bond|p2b: Shoe\n|-singlemove|p2b: Shoe|Destiny Bond\n|\n|-heal|p2b: Shoe|62\/100|[from] item: Leftovers\n|upkeep\n|\n|t:|1698012676\n|switch|p2a: You_Trash|Carbink, shiny|100\/100\n|turn|7\n|\n|t:|1698012704\n|move|p1a: Laedere|Draco Meteor|p2a: You_Trash\n|-immune|p2a: You_Trash\n|move|p1b: Mikini|Taunt|p2b: Shoe\n|-start|p2b: Shoe|move: Taunt\n|move|p2b: Shoe|Shadow Ball|p1b: Mikini\n|-resisted|p1b: Mikini\n|-damage|p1b: Mikini|29\/100\n|move|p2a: You_Trash|Stealth Rock|p1a: Laedere\n|-sidestart|p1: MSMVOSE|move: Stealth Rock\n|\n|-heal|p2b: Shoe|68\/100|[from] item: Leftovers\n|upkeep\n|turn|8\n|\n|t:|1698012745\n|move|p1a: Laedere|Double-Edge|p2b: Shoe\n|-immune|p2b: Shoe\n|move|p1b: Mikini|Fire Blast|p2a: You_Trash\n|-resisted|p2a: You_Trash\n|-damage|p2a: You_Trash|80\/100\n|move|p2b: Shoe|Shadow Ball|p1b: Mikini\n|-resisted|p1b: Mikini\n|-damage|p1b: Mikini|16\/100\n|-enditem|p1b: Mikini|Wiki Berry|[eat]\n|-heal|p1b: Mikini|49\/100|[from] item: Wiki Berry\n|move|p2a: You_Trash|Stone Edge|p1a: Laedere\n|-damage|p1a: Laedere|51\/100\n|\n|-heal|p2b: Shoe|74\/100|[from] item: Leftovers\n|-heal|p2a: You_Trash|86\/100|[from] item: Leftovers\n|upkeep\n|turn|9\n|\n|t:|1698012799\n|switch|p1a: Harley|Froslass, F|100\/100\n|-damage|p1a: Harley|76\/100|[from] Stealth Rock\n|move|p1b: Mikini|Sucker Punch|p2b: Shoe\n|-supereffective|p2b: Shoe\n|-damage|p2b: Shoe|35\/100\n|move|p2b: Shoe|Shadow Ball|p1b: Mikini\n|-resisted|p1b: Mikini\n|-damage|p1b: Mikini|37\/100\n|-unboost|p1b: Mikini|spd|1\n|move|p2a: You_Trash|Stone Edge|p1a: Harley\n|-supereffective|p1a: Harley\n|-damage|p1a: Harley|13\/100\n|\n|-heal|p2b: Shoe|41\/100|[from] item: Leftovers\n|-heal|p2a: You_Trash|92\/100|[from] item: Leftovers\n|-end|p2b: Shoe|move: Taunt\n|upkeep\n|turn|10\n|\n|t:|1698012830\n|move|p1a: Harley|Blizzard|p2a: You_Trash|[spread] p2a,p2b\n|-supereffective|p2b: Shoe\n|-damage|p2a: You_Trash|69\/100\n|-damage|p2b: Shoe|0 fnt\n|faint|p2b: Shoe\n|move|p1b: Mikini|Fire Blast|p2a: You_Trash\n|-resisted|p2a: You_Trash\n|-damage|p2a: You_Trash|48\/100\n|move|p2a: You_Trash|Facade|p1a: Harley\n|-immune|p1a: Harley\n|\n|-heal|p2a: You_Trash|54\/100|[from] item: Leftovers\n|upkeep\n|\n|t:|1698012847\n|switch|p2b: Two|Magnezone, shiny|100\/100\n|turn|11\n|\n|t:|1698012865\n|move|p1a: Harley|Shadow Ball|p2b: Two\n|-damage|p2b: Two|69\/100\n|-unboost|p2b: Two|spd|1\n|move|p1b: Mikini|Fire Blast|p2b: Two\n|-supereffective|p2b: Two\n|-damage|p2b: Two|0 fnt\n|faint|p2b: Two\n|move|p2a: You_Trash|Stone Edge|p1b: Mikini|[miss]\n|-miss|p2a: You_Trash|p1b: Mikini\n|\n|-heal|p2a: You_Trash|60\/100|[from] item: Leftovers\n|upkeep\n|\n|t:|1698012876\n|switch|p2b: My|Rabsca, M, shiny|100\/100\n|turn|12\n|\n|t:|1698012901\n|move|p1a: Harley|Shadow Ball|p2a: You_Trash\n|-damage|p2a: You_Trash|37\/100\n|move|p1b: Mikini|Dark Pulse|p2b: My\n|-supereffective|p2b: My\n|-damage|p2b: My|15\/100\n|move|p2b: My|Revival Blessing|p2b: My\n|\n|t:|1698012919\n|-heal|p2: Buckle|50\/100|[from] move: Revival Blessing\n|move|p2a: You_Trash|Stone Edge|p1a: Harley\n|-supereffective|p1a: Harley\n|-damage|p1a: Harley|0 fnt\n|faint|p1a: Harley\n|\n|-heal|p2b: My|21\/100|[from] item: Leftovers\n|-heal|p2a: You_Trash|44\/100|[from] item: Leftovers\n|upkeep\n|\n|t:|1698012934\n|switch|p1a: Laedere|Cyclizar, M|84\/100\n|turn|13\n|\n|t:|1698012969\n|switch|p2b: Buckle|Skeledirge, M, shiny|50\/100\n|move|p1a: Laedere|Draco Meteor|p2b: Buckle\n|-damage|p2b: Buckle|5\/100\n|-unboost|p1a: Laedere|spa|2\n|move|p1b: Mikini|Taunt|p2a: You_Trash\n|-start|p2a: You_Trash|move: Taunt\n|move|p2a: You_Trash|Stone Edge|p1a: Laedere\n|-damage|p1a: Laedere|34\/100\n|\n|-heal|p2b: Buckle|11\/100|[from] item: Leftovers\n|-heal|p2a: You_Trash|50\/100|[from] item: Leftovers\n|upkeep\n|turn|14\n|\n|t:|1698012993\n|switch|p1b: Odell|Cacturne, M|100\/100\n|-damage|p1b: Odell|88\/100|[from] Stealth Rock\n|move|p1a: Laedere|Draco Meteor|p2b: Buckle|[miss]\n|-miss|p1a: Laedere|p2b: Buckle\n|move|p2b: Buckle|Shadow Ball|p1b: Odell\n|-resisted|p1b: Odell\n|-damage|p1b: Odell|59\/100\n|move|p2a: You_Trash|Stone Edge|p1a: Laedere\n|-damage|p1a: Laedere|0 fnt\n|faint|p1a: Laedere\n|\n|-heal|p2b: Buckle|17\/100|[from] item: Leftovers\n|-heal|p2a: You_Trash|56\/100|[from] item: Leftovers\n|upkeep\n|\n|t:|1698013008\n|switch|p1a: Mikini|Houndoom, F|37\/100\n|-ability|p1a: Mikini|Unnerve\n|-damage|p1a: Mikini|12\/100|[from] Stealth Rock\n|turn|15\n|\n|t:|1698013021\n|move|p1a: Mikini|Sucker Punch|p2b: Buckle\n|-supereffective|p2b: Buckle\n|-damage|p2b: Buckle|0 fnt\n|faint|p2b: Buckle\n|move|p1b: Odell|Giga Drain|p2a: You_Trash\n|-supereffective|p2a: You_Trash\n|-damage|p2a: You_Trash|1\/100\n|-heal|p1b: Odell|89\/100|[from] drain|[of] p2a: You_Trash\n|move|p2a: You_Trash|Stone Edge|p1a: Mikini\n|-supereffective|p1a: Mikini\n|-damage|p1a: Mikini|0 fnt\n|faint|p1a: Mikini\n|\n|-heal|p2a: You_Trash|7\/100|[from] item: Leftovers\n|-end|p2a: You_Trash|move: Taunt\n|upkeep\n|\n|t:|1698013034\n|switch|p2b: My|Rabsca, M, shiny|21\/100\n|turn|16\n|\n|t:|1698013052\n|-terastallize|p1b: Odell|Grass\n|move|p2b: My|Gunk Shot|p1b: Odell\n|-supereffective|p1b: Odell\n|-damage|p1b: Odell|14\/100\n|move|p1b: Odell|Giga Drain|p2a: You_Trash\n|-supereffective|p2a: You_Trash\n|-damage|p2a: You_Trash|0 fnt\n|-heal|p1b: Odell|17\/100|[from] drain|[of] p2a: You_Trash\n|faint|p2a: You_Trash\n|\n|-heal|p2b: My|27\/100|[from] item: Leftovers\n|upkeep\n|turn|17\n|\n|t:|1698013095\n|move|p2b: My|Gunk Shot|p1b: Odell\n|-supereffective|p1b: Odell\n|-damage|p1b: Odell|0 fnt\n|faint|p1b: Odell\n|\n|win|YuriKnifuWaifu\n","uploadtime":1698013136,"views":25,"p1id":"msmvose","p2id":"yuriknifuwaifu","formatid":"gen9doublesou","rating":0,"private":0,"password":""}