{"id":"gen9doublesou-1969250657","p1":"VillainArK","p2":"Asilp","format":"[Gen 9] Doubles OU","log":"|j|\u2606VillainArK\n|j|\u2606Asilp\n|t:|1697506117\n|gametype|doubles\n|player|p1|VillainArK|juan|1070\n|player|p2|Asilp|170|1000\n|teamsize|p1|6\n|teamsize|p2|6\n|gen|9\n|tier|[Gen 9] Doubles OU\n|rated|\n|rule|Species Clause: Limit one of each Pok\u00e9mon\n|rule|OHKO Clause: OHKO moves are banned\n|rule|Evasion Moves Clause: Evasion moves are banned\n|rule|Gravity Sleep Clause: The combination of sleep-inducing moves with imperfect accuracy and Gravity or Gigantamax Orbeetle are banned\n|rule|Endless Battle Clause: Forcing endless battles is banned\n|rule|HP Percentage Mod: HP is shown in percentages\n|clearpoke\n|poke|p1|Goodra, F|\n|poke|p1|Pelipper, F|\n|poke|p1|Basculegion, M|\n|poke|p1|Ludicolo, F|\n|poke|p1|Walking Wake|\n|poke|p1|Quagsire, F|\n|poke|p2|Samurott-Hisui, F|\n|poke|p2|Jirachi|\n|poke|p2|Cinderace, F|\n|poke|p2|Meowscarada, M|\n|poke|p2|Volcarona, F|\n|poke|p2|Palafin, M|\n|teampreview\n|inactive|Battle timer is ON: inactive players will automatically lose when time's up. (requested by Asilp)\n|\n|t:|1697506128\n|start\n|switch|p1a: Pelipper|Pelipper, F|100\/100\n|switch|p1b: Ludicolo|Ludicolo, F|100\/100\n|switch|p2a: Cinderace|Cinderace, F|100\/100\n|switch|p2b: Meowscarada|Meowscarada, M|100\/100\n|-weather|RainDance|[from] ability: Drizzle|[of] p1a: Pelipper\n|turn|1\n|\n|t:|1697506148\n|move|p1b: Ludicolo|Chilling Water|p2a: Cinderace\n|-supereffective|p2a: Cinderace\n|-damage|p2a: Cinderace|25\/100\n|-unboost|p2a: Cinderace|atk|1\n|move|p2a: Cinderace|Fire Pledge|p1b: Ludicolo\n|-waiting|p2a: Cinderace|p2b: Meowscarada\n|move|p2b: Meowscarada|Grass Pledge|p1b: Ludicolo|[from]move: Fire Pledge\n|-start|p2b: Meowscarada|typechange|Fire|[from] ability: Protean\n|-combine\n|-damage|p1b: Ludicolo|77\/100\n|-sidestart|p1: VillainArK|Fire Pledge\n|move|p1a: Pelipper|U-turn|p2b: Meowscarada\n|-resisted|p2b: Meowscarada\n|-damage|p2b: Meowscarada|95\/100\n|\n|t:|1697506168\n|switch|p1a: Basculegion|Basculegion, M|100\/100|[from] U-turn\n|\n|-weather|RainDance|[upkeep]\n|-damage|p1a: Basculegion|88\/100|[from] Fire Pledge\n|-damage|p1b: Ludicolo|64\/100|[from] Fire Pledge\n|upkeep\n|turn|2\n|\n|t:|1697506184\n|switch|p2a: Samurott|Samurott-Hisui, F|100\/100\n|move|p1a: Basculegion|Aqua Jet|p2b: Meowscarada\n|-supereffective|p2b: Meowscarada\n|-damage|p2b: Meowscarada|0 fnt\n|faint|p2b: Meowscarada\n|move|p1b: Ludicolo|Chilling Water|p2a: Samurott\n|-resisted|p2a: Samurott\n|-damage|p2a: Samurott|82\/100\n|-unboost|p2a: Samurott|atk|1\n|\n|-weather|RainDance|[upkeep]\n|-damage|p1a: Basculegion|76\/100|[from] Fire Pledge\n|-damage|p1b: Ludicolo|52\/100|[from] Fire Pledge\n|upkeep\n|\n|t:|1697506190\n|switch|p2b: Cinderace|Cinderace, F|25\/100\n|turn|3\n|\n|t:|1697506205\n|move|p1a: Basculegion|Aqua Jet|p2b: Cinderace\n|-supereffective|p2b: Cinderace\n|-damage|p2b: Cinderace|0 fnt\n|faint|p2b: Cinderace\n|move|p1b: Ludicolo|Seed Bomb|p2a: Samurott\n|-supereffective|p2a: Samurott\n|-damage|p2a: Samurott|0 fnt\n|faint|p2a: Samurott\n|\n|-weather|RainDance|[upkeep]\n|-damage|p1a: Basculegion|63\/100|[from] Fire Pledge\n|-damage|p1b: Ludicolo|40\/100|[from] Fire Pledge\n|upkeep\n|\n|t:|1697506213\n|switch|p2b: Jirachi|Jirachi|100\/100\n|switch|p2a: Palafin|Palafin, M|100\/100\n|turn|4\n|\n|t:|1697506230\n|detailschange|p2a: Palafin|Palafin-Hero, M\n|switch|p2a: Volcarona|Volcarona, F|100\/100\n|move|p1a: Basculegion|Aqua Jet|p2b: Jirachi\n|-damage|p2b: Jirachi|56\/100\n|move|p1b: Ludicolo|Seed Bomb|p2a: Volcarona\n|-resisted|p2a: Volcarona\n|-damage|p2a: Volcarona|92\/100\n|move|p2b: Jirachi|Future Sight|p1b: Ludicolo\n|-start|p2b: Jirachi|move: Future Sight\n|\n|-weather|RainDance|[upkeep]\n|-damage|p1a: Basculegion|51\/100|[from] Fire Pledge\n|-damage|p1b: Ludicolo|27\/100|[from] Fire Pledge\n|-sideend|p1: VillainArK|Fire Pledge\n|upkeep\n|turn|5\n|\n|t:|1697506252\n|move|p1a: Basculegion|Aqua Jet|p2a: Volcarona\n|-supereffective|p2a: Volcarona\n|-damage|p2a: Volcarona|0 fnt\n|faint|p2a: Volcarona\n|move|p1b: Ludicolo|Seed Bomb|p2b: Jirachi|[miss]\n|-miss|p1b: Ludicolo|p2b: Jirachi\n|move|p2b: Jirachi|Doom Desire|p1a: Basculegion\n|-start|p2b: Jirachi|Doom Desire\n|\n|-weather|none\n|upkeep\n|\n|t:|1697506264\n|switch|p2a: Palafin|Palafin-Hero, M|100\/100\n|-activate|p2a: Palafin|ability: Zero to Hero\n|turn|6\n|\n|t:|1697506279\n|move|p1a: Basculegion|Aqua Jet|p2b: Jirachi\n|-damage|p2b: Jirachi|25\/100\n|move|p2a: Palafin|Jet Punch|p1b: Ludicolo\n|-resisted|p1b: Ludicolo\n|-damage|p1b: Ludicolo|13\/100\n|move|p1b: Ludicolo|Seed Bomb|p2a: Palafin\n|-supereffective|p2a: Palafin\n|-damage|p2a: Palafin|43\/100\n|move|p2b: Jirachi|Energy Ball|p1a: Basculegion\n|-supereffective|p1a: Basculegion\n|-damage|p1a: Basculegion|0 fnt\n|faint|p1a: Basculegion\n|\n|-end|p1b: Ludicolo|move: Future Sight\n|-damage|p1b: Ludicolo|0 fnt\n|faint|p1b: Ludicolo\n|upkeep\n|inactive|VillainArK has 120 seconds left.\n|\n|t:|1697506313\n|switch|p1a: Pelipper|Pelipper, F|100\/100\n|switch|p1b: Quagsire|Quagsire, F|100\/100\n|-weather|RainDance|[from] ability: Drizzle|[of] p1a: Pelipper\n|turn|7\n|inactive|VillainArK has 120 seconds left.\n|inactive|Asilp has 120 seconds left.\n|\n|t:|1697506345\n|-terastallize|p1b: Quagsire|Steel\n|move|p2a: Palafin|Bulk Up|p2a: Palafin\n|-boost|p2a: Palafin|atk|1\n|-boost|p2a: Palafin|def|1\n|move|p2b: Jirachi|Doom Desire|p1b: Quagsire\n|-start|p2b: Jirachi|Doom Desire\n|move|p1a: Pelipper|Hurricane|p2b: Jirachi\n|-resisted|p2b: Jirachi\n|-damage|p2b: Jirachi|4\/100\n|move|p1b: Quagsire|Body Press|p2a: Palafin\n|-damage|p2a: Palafin|25\/100\n|\n|-weather|RainDance|[upkeep]\n|-end|p1a: Pelipper|move: Doom Desire\n|-resisted|p1a: Pelipper\n|-damage|p1a: Pelipper|56\/100\n|-heal|p1a: Pelipper|62\/100|[from] item: Leftovers\n|upkeep\n|turn|8\n|inactive|VillainArK has 120 seconds left.\n|inactive|Asilp has 120 seconds left.\n|\n|t:|1697506376\n|move|p2a: Palafin|Close Combat|p1b: Quagsire\n|-supereffective|p1b: Quagsire\n|-damage|p1b: Quagsire|36\/100\n|-unboost|p2a: Palafin|def|1\n|-unboost|p2a: Palafin|spd|1\n|move|p2b: Jirachi|Future Sight|p1a: Pelipper\n|-start|p2b: Jirachi|move: Future Sight\n|move|p1a: Pelipper|Hurricane|p2a: Palafin\n|-damage|p2a: Palafin|0 fnt\n|faint|p2a: Palafin\n|move|p1b: Quagsire|Body Press|p2b: Jirachi|[miss]\n|-miss|p1b: Quagsire|p2b: Jirachi\n|\n|-weather|RainDance|[upkeep]\n|-heal|p1a: Pelipper|68\/100|[from] item: Leftovers\n|-heal|p1b: Quagsire|42\/100|[from] item: Leftovers\n|upkeep\n|turn|9\n|inactive|Asilp has 120 seconds left.\n|\n|t:|1697506401\n|move|p2b: Jirachi|Fire Punch|p1b: Quagsire\n|-supereffective|p1b: Quagsire\n|-damage|p1b: Quagsire|28\/100\n|move|p1a: Pelipper|Hurricane|p2b: Jirachi\n|-resisted|p2b: Jirachi\n|-damage|p2b: Jirachi|0 fnt\n|faint|p2b: Jirachi\n|\n|win|VillainArK\n|raw|VillainArK's rating: 1070 &rarr; <strong>1094<\/strong><br \/>(+24 for winning)\n|raw|Asilp's rating: 1000 &rarr; <strong>1000<\/strong><br \/>(+0 for losing)\n|l|\u2606Asilp\n","uploadtime":1697506464,"views":13,"p1id":"villainark","p2id":"asilp","formatid":"gen9doublesou","rating":1000,"private":0,"password":""}