{"id":"gen9doublesou-1971180581","p1":"xtevia","p2":"cotesmcgotes","format":"[Gen 9] Doubles OU","log":"|j|\u2606xtevia\n|j|\u2606cotesmcgotes\n|t:|1697716987\n|gametype|doubles\n|player|p1|xtevia|palmer|1482\n|player|p2|cotesmcgotes|flannery|1336\n|teamsize|p1|6\n|teamsize|p2|6\n|gen|9\n|tier|[Gen 9] Doubles OU\n|rated|\n|rule|Species Clause: Limit one of each Pok\u00e9mon\n|rule|OHKO Clause: OHKO moves are banned\n|rule|Evasion Moves Clause: Evasion moves are banned\n|rule|Gravity Sleep Clause: The combination of sleep-inducing moves with imperfect accuracy and Gravity or Gigantamax Orbeetle are banned\n|rule|Endless Battle Clause: Forcing endless battles is banned\n|rule|HP Percentage Mod: HP is shown in percentages\n|clearpoke\n|poke|p1|Glimmora, M|\n|poke|p1|Toxapex, M|\n|poke|p1|Kleavor, M|\n|poke|p1|Landorus-Therian, M|\n|poke|p1|Goodra-Hisui, M|\n|poke|p1|Ursaluna-Bloodmoon, M|\n|poke|p2|Manaphy|\n|poke|p2|Espathra, M|\n|poke|p2|Goodra-Hisui, F|\n|poke|p2|Ursaluna-Bloodmoon, M|\n|poke|p2|Ogerpon-Hearthflame, F|\n|poke|p2|Chien-Pao|\n|teampreview\n|inactive|Battle timer is ON: inactive players will automatically lose when time's up. (requested by xtevia)\n|inactive|xtevia has 120 seconds left.\n|inactive|xtevia has 90 seconds left.\n|\n|t:|1697717048\n|start\n|switch|p1a: Landorus|Landorus-Therian, M|100\/100\n|switch|p1b: Kleavor|Kleavor, M|100\/100\n|switch|p2a: Ursaluna|Ursaluna-Bloodmoon, M|100\/100\n|switch|p2b: Goodra|Goodra-Hisui, F|100\/100\n|-ability|p1a: Landorus|Intimidate|boost\n|-unboost|p2a: Ursaluna|atk|1\n|-unboost|p2b: Goodra|atk|1\n|turn|1\n|\n|t:|1697717061\n|move|p1b: Kleavor|Stone Axe|p2b: Goodra\n|-resisted|p2b: Goodra\n|-damage|p2b: Goodra|75\/100\n|-sidestart|p2: cotesmcgotes|move: Stealth Rock\n|move|p1a: Landorus|Earth Power|p2b: Goodra\n|-supereffective|p2b: Goodra\n|-damage|p2b: Goodra|32\/100\n|move|p2b: Goodra|Acid Armor|p2b: Goodra\n|-boost|p2b: Goodra|def|2\n|move|p2a: Ursaluna|Earth Power|p1b: Kleavor\n|-damage|p1b: Kleavor|16\/100\n|\n|-heal|p2b: Goodra|38\/100|[from] item: Leftovers\n|upkeep\n|turn|2\n|\n|t:|1697717078\n|switch|p1b: Ursaluna|Ursaluna-Bloodmoon, M|100\/100\n|move|p2a: Ursaluna|Vacuum Wave|p1b: Ursaluna\n|-supereffective|p1b: Ursaluna\n|-damage|p1b: Ursaluna|64\/100\n|move|p1a: Landorus|Earth Power|p2b: Goodra\n|-supereffective|p2b: Goodra\n|-damage|p2b: Goodra|0 fnt\n|faint|p2b: Goodra\n|\n|upkeep\n|\n|t:|1697717093\n|switch|p2b: Chien-Pao|Chien-Pao|100\/100\n|-damage|p2b: Chien-Pao|76\/100|[from] Stealth Rock\n|-ability|p2b: Chien-Pao|Sword of Ruin\n|turn|3\n|\n|t:|1697717102\n|switch|p1a: Toxapex|Toxapex, M|100\/100\n|move|p1b: Ursaluna|Vacuum Wave|p2b: Chien-Pao\n|-supereffective|p2b: Chien-Pao\n|-damage|p2b: Chien-Pao|12\/100\n|move|p2b: Chien-Pao|Ice Spinner|p1b: Ursaluna\n|-supereffective|p1b: Ursaluna\n|-damage|p1b: Ursaluna|0 fnt\n|faint|p1b: Ursaluna\n|move|p2a: Ursaluna|Blood Moon|p1a: Toxapex\n|-crit|p1a: Toxapex\n|-damage|p1a: Toxapex|11\/100\n|\n|upkeep\n|\n|t:|1697717114\n|switch|p1b: Glimmora|Glimmora, M|100\/100\n|turn|4\n|\n|t:|1697717125\n|move|p1a: Toxapex|Baneful Bunker|p1a: Toxapex\n|-singleturn|p1a: Toxapex|move: Protect\n|move|p2b: Chien-Pao|Crunch|p1a: Toxapex\n|-activate|p1a: Toxapex|move: Protect\n|-status|p2b: Chien-Pao|psn\n|move|p1b: Glimmora|Mortal Spin|p2b: Chien-Pao|[spread] p2a,p2b\n|-resisted|p2a: Ursaluna\n|-damage|p2a: Ursaluna|99\/100\n|-damage|p2b: Chien-Pao|6\/100 psn\n|-status|p2a: Ursaluna|psn\n|move|p2a: Ursaluna|Earth Power|p1b: Glimmora\n|-supereffective|p1b: Glimmora\n|-enditem|p1b: Glimmora|Focus Sash\n|-damage|p1b: Glimmora|1\/100\n|\n|-damage|p2b: Chien-Pao|0 fnt|[from] psn\n|faint|p2b: Chien-Pao\n|-damage|p2a: Ursaluna|86\/100 psn|[from] psn\n|upkeep\n|\n|t:|1697717136\n|switch|p2b: Ogerpon|Ogerpon-Hearthflame, F|100\/100\n|-damage|p2b: Ogerpon|76\/100|[from] Stealth Rock\n|-ability|p2b: Ogerpon|Mold Breaker\n|turn|5\n|\n|t:|1697717149\n|switch|p1b: Landorus|Landorus-Therian, M|100\/100\n|-ability|p1b: Landorus|Intimidate|boost\n|-unboost|p2a: Ursaluna|atk|1\n|-unboost|p2b: Ogerpon|atk|1\n|switch|p1a: Goodra|Goodra-Hisui, M|100\/100\n|move|p2a: Ursaluna|Vacuum Wave|p1b: Landorus\n|-resisted|p1b: Landorus\n|-damage|p1b: Landorus|91\/100\n|move|p2b: Ogerpon|Horn Leech|p1a: Goodra\n|-resisted|p1a: Goodra\n|-damage|p1a: Goodra|94\/100\n|-heal|p2b: Ogerpon|80\/100|[from] drain|[of] p1a: Goodra\n|\n|-heal|p1a: Goodra|99\/100|[from] item: Leftovers\n|-damage|p2a: Ursaluna|74\/100 psn|[from] psn\n|upkeep\n|turn|6\n|\n|t:|1697717171\n|-terastallize|p1b: Landorus|Ice\n|move|p2b: Ogerpon|Spiky Shield|p2b: Ogerpon\n|-singleturn|p2b: Ogerpon|move: Protect\n|move|p1b: Landorus|Tera Blast|p2a: Ursaluna|[anim] Tera Blast Ice\n|-supereffective|p2a: Ursaluna\n|-damage|p2a: Ursaluna|24\/100 psn\n|move|p1a: Goodra|Body Press|p2a: Ursaluna\n|-supereffective|p2a: Ursaluna\n|-damage|p2a: Ursaluna|0 fnt\n|faint|p2a: Ursaluna\n|\n|-heal|p1a: Goodra|100\/100|[from] item: Leftovers\n|upkeep\n|\n|t:|1697717185\n|switch|p2a: Espathra|Espathra, M|100\/100\n|-damage|p2a: Espathra|88\/100|[from] Stealth Rock\n|turn|7\n|\n|t:|1697717194\n|switch|p1b: Toxapex|Toxapex, M|45\/100\n|move|p2a: Espathra|Protect|p2a: Espathra\n|-singleturn|p2a: Espathra|Protect\n|move|p2b: Ogerpon|Ivy Cudgel|p1b: Toxapex\n|-resisted|p1b: Toxapex\n|-damage|p1b: Toxapex|32\/100\n|move|p1a: Goodra|Shelter|p1a: Goodra\n|-boost|p1a: Goodra|def|2\n|\n|-ability|p2a: Espathra|Speed Boost|boost\n|-boost|p2a: Espathra|spe|1\n|upkeep\n|turn|8\n|\n|t:|1697717216\n|move|p2a: Espathra|Lumina Crash|p1b: Toxapex\n|-supereffective|p1b: Toxapex\n|-damage|p1b: Toxapex|0 fnt\n|faint|p1b: Toxapex\n|move|p2b: Ogerpon|Swords Dance|p2b: Ogerpon\n|-boost|p2b: Ogerpon|atk|2\n|move|p1a: Goodra|Iron Head|p2a: Espathra\n|-crit|p2a: Espathra\n|-damage|p2a: Espathra|37\/100\n|-enditem|p2a: Espathra|Red Card|[of] p1a: Goodra\n|drag|p1a: Landorus|Landorus-Therian, M, tera:Ice|91\/100\n|-ability|p1a: Landorus|Intimidate|boost\n|-unboost|p2a: Espathra|atk|1\n|-unboost|p2b: Ogerpon|atk|1\n|\n|-ability|p2a: Espathra|Speed Boost|boost\n|-boost|p2a: Espathra|spe|1\n|upkeep\n|\n|t:|1697717231\n|switch|p1b: Kleavor|Kleavor, M|16\/100\n|turn|9\n|\n|t:|1697717238\n|switch|p2b: Manaphy|Manaphy|100\/100\n|-damage|p2b: Manaphy|88\/100|[from] Stealth Rock\n|switch|p1a: Glimmora|Glimmora, M|1\/100\n|move|p2a: Espathra|Skill Swap|p2b: Manaphy\n|-activate|p2a: Espathra|move: Skill Swap|||[of] p2b: Manaphy\n|move|p1b: Kleavor|U-turn|p2a: Espathra\n|-supereffective|p2a: Espathra\n|-damage|p2a: Espathra|0 fnt\n|faint|p2a: Espathra\n|\n|t:|1697717250\n|switch|p1b: Goodra|Goodra-Hisui, M|100\/100|[from] U-turn\n|\n|upkeep\n|\n|t:|1697717253\n|switch|p2a: Ogerpon|Ogerpon-Hearthflame, F|80\/100\n|-damage|p2a: Ogerpon|55\/100|[from] Stealth Rock\n|-ability|p2a: Ogerpon|Mold Breaker\n|turn|10\n|\n|t:|1697717269\n|move|p2a: Ogerpon|Ivy Cudgel|p1a: Glimmora\n|-resisted|p1a: Glimmora\n|-damage|p1a: Glimmora|0 fnt\n|-activate|p1a: Glimmora|ability: Toxic Debris\n|-sidestart|p2: cotesmcgotes|move: Toxic Spikes\n|faint|p1a: Glimmora\n|move|p2b: Manaphy|Tail Glow|p2b: Manaphy\n|-boost|p2b: Manaphy|spa|3\n|move|p1b: Goodra|Shelter|p1b: Goodra\n|-boost|p1b: Goodra|def|2\n|\n|-ability|p2b: Manaphy|Speed Boost|boost\n|-boost|p2b: Manaphy|spe|1\n|upkeep\n|\n|t:|1697717281\n|switch|p1a: Kleavor|Kleavor, M|16\/100\n|turn|11\n|\n|t:|1697717305\n|move|p2b: Manaphy|Scald|p1b: Goodra\n|-resisted|p1b: Goodra\n|-damage|p1b: Goodra|79\/100\n|move|p1a: Kleavor|Stone Axe|p2b: Manaphy\n|-damage|p2b: Manaphy|40\/100\n|-enditem|p2b: Manaphy|Sitrus Berry|[eat]\n|-heal|p2b: Manaphy|65\/100|[from] item: Sitrus Berry\n|move|p2a: Ogerpon|Ivy Cudgel|p1a: Kleavor\n|-damage|p1a: Kleavor|0 fnt\n|faint|p1a: Kleavor\n|move|p1b: Goodra|Body Press|p2b: Manaphy\n|-damage|p2b: Manaphy|27\/100\n|\n|-heal|p1b: Goodra|85\/100|[from] item: Leftovers\n|-ability|p2b: Manaphy|Speed Boost|boost\n|-boost|p2b: Manaphy|spe|1\n|upkeep\n|\n|t:|1697717321\n|switch|p1a: Landorus|Landorus-Therian, M, tera:Ice|91\/100\n|-ability|p1a: Landorus|Intimidate|boost\n|-unboost|p2a: Ogerpon|atk|1\n|-unboost|p2b: Manaphy|atk|1\n|turn|12\n|\n|t:|1697717342\n|-terastallize|p2a: Ogerpon|Fire\n|detailschange|p2a: Ogerpon|Ogerpon-Hearthflame-Tera, F, tera:Fire\n|-ability|p2a: Ogerpon|Embody Aspect (Hearthflame)|boost\n|-boost|p2a: Ogerpon|atk|1\n|move|p2b: Manaphy|Stored Power|p1a: Landorus\n|-crit|p1a: Landorus\n|-damage|p1a: Landorus|0 fnt\n|faint|p1a: Landorus\n|move|p2a: Ogerpon|Swords Dance|p2a: Ogerpon\n|-boost|p2a: Ogerpon|atk|2\n|move|p1b: Goodra|Body Press|p2b: Manaphy\n|-damage|p2b: Manaphy|0 fnt\n|faint|p2b: Manaphy\n|\n|-heal|p1b: Goodra|91\/100|[from] item: Leftovers\n|upkeep\n|turn|13\n|\n|t:|1697717359\n|move|p2a: Ogerpon|Ivy Cudgel|p1b: Goodra\n|-damage|p1b: Goodra|19\/100\n|move|p1b: Goodra|Shelter|p1b: Goodra\n|-boost|p1b: Goodra|def|2\n|\n|-heal|p1b: Goodra|25\/100|[from] item: Leftovers\n|upkeep\n|turn|14\n|c|\u2606xtevia|gg\n|c|\u2606cotesmcgotes|Gg\n|-message|xtevia forfeited.\n|\n|win|cotesmcgotes\n|raw|xtevia's rating: 1511 &rarr; <strong>1482<\/strong><br \/>(-29 for losing)\n|raw|cotesmcgotes's rating: 1336 &rarr; <strong>1365<\/strong><br \/>(+29 for winning)\n|l|\u2606xtevia\n","uploadtime":1697717372,"views":13,"p1id":"xtevia","p2id":"cotesmcgotes","formatid":"gen9doublesou","rating":1365,"private":0,"password":""}