{"id":"gen9doublesou-1982776402","p1":"ac1516","p2":"peeweepeewee","format":"[Gen 9] Doubles OU","log":"|j|\u2606ac1516\n|j|\u2606peeweepeewee\n|t:|1699043815\n|gametype|doubles\n|player|p1|ac1516|supernerd|1305\n|player|p2|peeweepeewee|101|1530\n|teamsize|p1|6\n|teamsize|p2|6\n|gen|9\n|tier|[Gen 9] Doubles OU\n|rated|\n|rule|Species Clause: Limit one of each Pok\u00e9mon\n|rule|OHKO Clause: OHKO moves are banned\n|rule|Evasion Moves Clause: Evasion moves are banned\n|rule|Gravity Sleep Clause: The combination of sleep-inducing moves with imperfect accuracy and Gravity or Gigantamax Orbeetle are banned\n|rule|Endless Battle Clause: Forcing endless battles is banned\n|rule|HP Percentage Mod: HP is shown in percentages\n|clearpoke\n|poke|p1|Wyrdeer, F|\n|poke|p1|Hatterene, F|\n|poke|p1|Spiritomb, M|\n|poke|p1|Bronzong|\n|poke|p1|Heatran, F|\n|poke|p1|Amoonguss, F|\n|poke|p2|Great Tusk|\n|poke|p2|Chien-Pao|\n|poke|p2|Dragonite, F|\n|poke|p2|Rillaboom, M|\n|poke|p2|Flutter Mane|\n|poke|p2|Tornadus, M|\n|teampreview\n|\n|t:|1699043853\n|start\n|switch|p1a: Wyrdeer|Wyrdeer, F|100\/100\n|switch|p1b: Amoonguss|Amoonguss, F|100\/100\n|switch|p2a: Chien-Pao|Chien-Pao|100\/100\n|switch|p2b: Dragonite|Dragonite, F|100\/100\n|-ability|p2a: Chien-Pao|Sword of Ruin\n|-ability|p1a: Wyrdeer|Intimidate|boost\n|-unboost|p2a: Chien-Pao|atk|1\n|-fail|p2b: Dragonite|unboost|Attack|[from] ability: Inner Focus|[of] p2b: Dragonite\n|turn|1\n|\n|t:|1699043866\n|-terastallize|p2b: Dragonite|Normal\n|move|p2b: Dragonite|Extreme Speed|p1b: Amoonguss\n|-crit|p1b: Amoonguss\n|-damage|p1b: Amoonguss|0 fnt\n|faint|p1b: Amoonguss\n|move|p2a: Chien-Pao|Ice Spinner|p1a: Wyrdeer\n|-damage|p1a: Wyrdeer|62\/100\n|move|p1a: Wyrdeer|Trick Room|p1a: Wyrdeer\n|-fieldstart|move: Trick Room|[of] p1a: Wyrdeer\n|\n|upkeep\n|\n|t:|1699043876\n|switch|p1b: Hatterene|Hatterene, F, shiny|100\/100\n|turn|2\n|\n|t:|1699043914\n|move|p2b: Dragonite|Extreme Speed|p1a: Wyrdeer\n|-damage|p1a: Wyrdeer|0 fnt\n|faint|p1a: Wyrdeer\n|move|p2a: Chien-Pao|Sucker Punch|p1b: Hatterene\n|-damage|p1b: Hatterene|62\/100\n|move|p1b: Hatterene|Dazzling Gleam|p2b: Dragonite|[spread] p2a,p2b\n|-supereffective|p2a: Chien-Pao\n|-enditem|p2a: Chien-Pao|Focus Sash\n|-damage|p2a: Chien-Pao|1\/100\n|-damage|p2b: Dragonite|60\/100\n|\n|upkeep\n|\n|t:|1699043926\n|switch|p1a: Spiritomb|Spiritomb, M, shiny|100\/100\n|-ability|p1a: Spiritomb|Pressure\n|turn|3\n|\n|t:|1699043944\n|switch|p1b: Heatran|Heatran, F, shiny|100\/100\n|move|p2b: Dragonite|Extreme Speed|p1b: Heatran\n|-resisted|p1b: Heatran\n|-damage|p1b: Heatran|60\/100\n|move|p2a: Chien-Pao|Sucker Punch||[still]\n|-fail|p2a: Chien-Pao\n|move|p1a: Spiritomb|Snarl|p2b: Dragonite|[spread] p2a,p2b\n|-resisted|p2a: Chien-Pao\n|-crit|p2a: Chien-Pao\n|-damage|p2a: Chien-Pao|0 fnt\n|-damage|p2b: Dragonite|47\/100\n|-unboost|p2b: Dragonite|spa|1\n|faint|p2a: Chien-Pao\n|\n|upkeep\n|\n|t:|1699043952\n|switch|p2a: Tornadus|Tornadus, M|100\/100\n|turn|4\n|\n|t:|1699043971\n|switch|p2b: Rillaboom|Rillaboom, M|100\/100\n|-fieldstart|move: Grassy Terrain|[from] ability: Grassy Surge|[of] p2b: Rillaboom\n|move|p2a: Tornadus|Rain Dance|p2a: Tornadus\n|-weather|RainDance\n|move|p1a: Spiritomb|Snarl|p2a: Tornadus|[spread] p2a,p2b\n|-damage|p2a: Tornadus|83\/100\n|-damage|p2b: Rillaboom|91\/100\n|-unboost|p2a: Tornadus|spa|1\n|-unboost|p2b: Rillaboom|spa|1\n|move|p1b: Heatran|Heat Wave|p2b: Rillaboom|[spread] p2a,p2b\n|-supereffective|p2b: Rillaboom\n|-damage|p2a: Tornadus|56\/100\n|-damage|p2b: Rillaboom|59\/100\n|-status|p2a: Tornadus|brn\n|\n|-weather|RainDance|[upkeep]\n|-heal|p1b: Heatran|67\/100|[from] Grassy Terrain\n|-heal|p2b: Rillaboom|65\/100|[from] Grassy Terrain\n|-damage|p2a: Tornadus|50\/100 brn|[from] brn\n|upkeep\n|turn|5\n|\n|t:|1699044008\n|switch|p1b: Hatterene|Hatterene, F, shiny|62\/100\n|move|p1a: Spiritomb|Will-O-Wisp|p2b: Rillaboom\n|-status|p2b: Rillaboom|brn\n|move|p2b: Rillaboom|High Horsepower|p1b: Hatterene\n|-damage|p1b: Hatterene|44\/100\n|move|p2a: Tornadus|Weather Ball|p1b: Hatterene\n|-damage|p1b: Hatterene|6\/100\n|-enditem|p1b: Hatterene|Petaya Berry|[eat]\n|-boost|p1b: Hatterene|spa|1|[from] item: Petaya Berry\n|\n|-weather|RainDance|[upkeep]\n|-heal|p1b: Hatterene|12\/100|[from] Grassy Terrain\n|-heal|p2b: Rillaboom|71\/100 brn|[from] Grassy Terrain\n|-damage|p2b: Rillaboom|65\/100 brn|[from] brn\n|-damage|p2a: Tornadus|44\/100 brn|[from] brn\n|-fieldend|move: Trick Room\n|upkeep\n|turn|6\n|\n|t:|1699044028\n|move|p2b: Rillaboom|Grassy Glide|p1a: Spiritomb\n|-damage|p1a: Spiritomb|83\/100\n|move|p2a: Tornadus|Bleakwind Storm|p1a: Spiritomb|[spread] p1a,p1b\n|-damage|p1a: Spiritomb|57\/100\n|-damage|p1b: Hatterene|0 fnt\n|faint|p1b: Hatterene\n|move|p1a: Spiritomb|Trick Room|p1a: Spiritomb\n|-fieldstart|move: Trick Room|[of] p1a: Spiritomb\n|\n|-weather|RainDance|[upkeep]\n|-heal|p1a: Spiritomb|63\/100|[from] Grassy Terrain\n|-heal|p1a: Spiritomb|69\/100|[from] item: Leftovers\n|-heal|p2b: Rillaboom|71\/100 brn|[from] Grassy Terrain\n|-damage|p2b: Rillaboom|65\/100 brn|[from] brn\n|-damage|p2a: Tornadus|38\/100 brn|[from] brn\n|upkeep\n|\n|t:|1699044042\n|switch|p1b: Bronzong|Bronzong|100\/100\n|turn|7\n|\n|t:|1699044067\n|move|p1b: Bronzong|Iron Defense|p1b: Bronzong\n|-boost|p1b: Bronzong|def|2\n|move|p1a: Spiritomb|Snarl|p2a: Tornadus|[spread] p2a,p2b\n|-crit|p2b: Rillaboom\n|-damage|p2a: Tornadus|21\/100 brn\n|-damage|p2b: Rillaboom|51\/100 brn\n|-unboost|p2a: Tornadus|spa|1\n|-unboost|p2b: Rillaboom|spa|1\n|move|p2b: Rillaboom|U-turn|p1a: Spiritomb\n|-damage|p1a: Spiritomb|59\/100\n|\n|t:|1699044073\n|switch|p2b: Great Tusk|Great Tusk|100\/100|[from] U-turn\n|-enditem|p2b: Great Tusk|Booster Energy\n|-activate|p2b: Great Tusk|ability: Protosynthesis|[fromitem]\n|-start|p2b: Great Tusk|protosynthesisatk\n|move|p2a: Tornadus|Weather Ball|p1a: Spiritomb\n|-damage|p1a: Spiritomb|34\/100\n|\n|-weather|RainDance|[upkeep]\n|-heal|p1a: Spiritomb|39\/100|[from] Grassy Terrain\n|-heal|p1a: Spiritomb|45\/100|[from] item: Leftovers\n|-damage|p2a: Tornadus|15\/100 brn|[from] brn\n|upkeep\n|turn|8\n|\n|t:|1699044119\n|move|p1b: Bronzong|Body Press|p2a: Tornadus\n|-resisted|p2a: Tornadus\n|-damage|p2a: Tornadus|0 fnt\n|-damage|p1b: Bronzong|84\/100|[from] item: Rocky Helmet|[of] p2a: Tornadus\n|faint|p2a: Tornadus\n|move|p1a: Spiritomb|Will-O-Wisp|p2b: Great Tusk\n|-status|p2b: Great Tusk|brn\n|move|p2b: Great Tusk|Headlong Rush|p1a: Spiritomb\n|-damage|p1a: Spiritomb|8\/100\n|-unboost|p2b: Great Tusk|def|1\n|-unboost|p2b: Great Tusk|spd|1\n|\n|-weather|none\n|-heal|p1b: Bronzong|90\/100|[from] Grassy Terrain\n|-heal|p1b: Bronzong|96\/100|[from] item: Leftovers\n|-heal|p1a: Spiritomb|14\/100|[from] Grassy Terrain\n|-heal|p1a: Spiritomb|20\/100|[from] item: Leftovers\n|-damage|p2b: Great Tusk|94\/100 brn|[from] brn\n|-fieldend|move: Grassy Terrain\n|upkeep\n|\n|t:|1699044132\n|switch|p2a: Rillaboom|Rillaboom, M|51\/100 brn\n|-fieldstart|move: Grassy Terrain|[from] ability: Grassy Surge|[of] p2a: Rillaboom\n|turn|9\n|\n|t:|1699044158\n|move|p2a: Rillaboom|Fake Out|p1b: Bronzong\n|-resisted|p1b: Bronzong\n|-damage|p1b: Bronzong|95\/100\n|cant|p1b: Bronzong|flinch\n|move|p1a: Spiritomb|Confuse Ray|p2a: Rillaboom\n|-start|p2a: Rillaboom|confusion\n|move|p2b: Great Tusk|Close Combat|p1b: Bronzong\n|-damage|p1b: Bronzong|76\/100\n|-unboost|p2b: Great Tusk|def|1\n|-unboost|p2b: Great Tusk|spd|1\n|\n|-heal|p1b: Bronzong|82\/100|[from] Grassy Terrain\n|-heal|p1b: Bronzong|89\/100|[from] item: Leftovers\n|-heal|p1a: Spiritomb|26\/100|[from] Grassy Terrain\n|-heal|p1a: Spiritomb|32\/100|[from] item: Leftovers\n|-heal|p2a: Rillaboom|57\/100 brn|[from] Grassy Terrain\n|-heal|p2b: Great Tusk|100\/100 brn|[from] Grassy Terrain\n|-damage|p2a: Rillaboom|51\/100 brn|[from] brn\n|-damage|p2b: Great Tusk|94\/100 brn|[from] brn\n|upkeep\n|turn|10\n|\n|t:|1699044179\n|-activate|p2a: Rillaboom|confusion\n|move|p2a: Rillaboom|Grassy Glide|p1a: Spiritomb\n|-damage|p1a: Spiritomb|16\/100\n|move|p1b: Bronzong|Calm Mind|p1b: Bronzong\n|-boost|p1b: Bronzong|spa|1\n|-boost|p1b: Bronzong|spd|1\n|move|p1a: Spiritomb|Confuse Ray|p2b: Great Tusk\n|-start|p2b: Great Tusk|confusion\n|-activate|p2b: Great Tusk|confusion\n|move|p2b: Great Tusk|Close Combat|p1b: Bronzong\n|-damage|p1b: Bronzong|71\/100\n|-unboost|p2b: Great Tusk|def|1\n|-unboost|p2b: Great Tusk|spd|1\n|\n|-heal|p1b: Bronzong|78\/100|[from] Grassy Terrain\n|-heal|p1b: Bronzong|84\/100|[from] item: Leftovers\n|-heal|p1a: Spiritomb|22\/100|[from] Grassy Terrain\n|-heal|p1a: Spiritomb|28\/100|[from] item: Leftovers\n|-heal|p2a: Rillaboom|57\/100 brn|[from] Grassy Terrain\n|-heal|p2b: Great Tusk|100\/100 brn|[from] Grassy Terrain\n|-damage|p2a: Rillaboom|51\/100 brn|[from] brn\n|-damage|p2b: Great Tusk|94\/100 brn|[from] brn\n|-fieldend|move: Trick Room\n|upkeep\n|turn|11\n|\n|t:|1699044211\n|-activate|p2a: Rillaboom|confusion\n|move|p2a: Rillaboom|Grassy Glide|p1a: Spiritomb\n|-damage|p1a: Spiritomb|13\/100\n|-end|p2b: Great Tusk|confusion\n|move|p2b: Great Tusk|Headlong Rush|p1a: Spiritomb\n|-damage|p1a: Spiritomb|0 fnt\n|-unboost|p2b: Great Tusk|def|1\n|-unboost|p2b: Great Tusk|spd|1\n|faint|p1a: Spiritomb\n|move|p1b: Bronzong|Calm Mind|p1b: Bronzong\n|-boost|p1b: Bronzong|spa|1\n|-boost|p1b: Bronzong|spd|1\n|\n|-heal|p2b: Great Tusk|100\/100 brn|[from] Grassy Terrain\n|-heal|p2a: Rillaboom|57\/100 brn|[from] Grassy Terrain\n|-heal|p1b: Bronzong|90\/100|[from] Grassy Terrain\n|-heal|p1b: Bronzong|96\/100|[from] item: Leftovers\n|-damage|p2b: Great Tusk|94\/100 brn|[from] brn\n|-damage|p2a: Rillaboom|51\/100 brn|[from] brn\n|upkeep\n|\n|t:|1699044223\n|switch|p1a: Heatran|Heatran, F, shiny|67\/100\n|turn|12\n|\n|t:|1699044232\n|-terastallize|p1a: Heatran|Grass\n|move|p2b: Great Tusk|Headlong Rush|p1a: Heatran\n|-resisted|p1a: Heatran\n|-damage|p1a: Heatran|51\/100\n|-unboost|p2b: Great Tusk|def|1\n|-unboost|p2b: Great Tusk|spd|1\n|-activate|p2a: Rillaboom|confusion\n|-damage|p2a: Rillaboom|39\/100 brn|[from] confusion\n|move|p1a: Heatran|Heat Wave|p2a: Rillaboom|[spread] p2a,p2b\n|-supereffective|p2a: Rillaboom\n|-damage|p2a: Rillaboom|0 fnt\n|-damage|p2b: Great Tusk|0 fnt\n|faint|p2a: Rillaboom\n|faint|p2b: Great Tusk\n|-end|p2b: Great Tusk|Protosynthesis|[silent]\n|move|p1b: Bronzong|Calm Mind|p1b: Bronzong\n|-boost|p1b: Bronzong|spa|1\n|-boost|p1b: Bronzong|spd|1\n|\n|-heal|p1a: Heatran|57\/100|[from] Grassy Terrain\n|-heal|p1b: Bronzong|100\/100|[from] Grassy Terrain\n|upkeep\n|\n|t:|1699044234\n|switch|p2b: Flutter Mane|Flutter Mane|100\/100\n|switch|p2a: Dragonite|Dragonite, F, tera:Normal|47\/100\n|-enditem|p2b: Flutter Mane|Booster Energy\n|-activate|p2b: Flutter Mane|ability: Protosynthesis|[fromitem]\n|-start|p2b: Flutter Mane|protosynthesisspe\n|turn|13\n|\n|t:|1699044260\n|move|p2a: Dragonite|Extreme Speed|p1a: Heatran\n|-damage|p1a: Heatran|0 fnt\n|faint|p1a: Heatran\n|move|p2b: Flutter Mane|Calm Mind|p2b: Flutter Mane\n|-boost|p2b: Flutter Mane|spa|1\n|-boost|p2b: Flutter Mane|spd|1\n|move|p1b: Bronzong|Stored Power|p2b: Flutter Mane\n|-damage|p2b: Flutter Mane|13\/100\n|\n|-heal|p2b: Flutter Mane|19\/100|[from] Grassy Terrain\n|-heal|p2a: Dragonite|53\/100|[from] Grassy Terrain\n|-fieldend|move: Grassy Terrain\n|upkeep\n|turn|14\n|\n|t:|1699044275\n|move|p2a: Dragonite|Extreme Speed|p1b: Bronzong\n|-resisted|p1b: Bronzong\n|-damage|p1b: Bronzong|84\/100\n|move|p2b: Flutter Mane|Shadow Ball|p1b: Bronzong\n|-supereffective|p1b: Bronzong\n|-damage|p1b: Bronzong|48\/100\n|move|p1b: Bronzong|Stored Power|p2b: Flutter Mane\n|-damage|p2b: Flutter Mane|0 fnt\n|faint|p2b: Flutter Mane\n|-end|p2b: Flutter Mane|Protosynthesis|[silent]\n|\n|-heal|p1b: Bronzong|54\/100|[from] item: Leftovers\n|upkeep\n|turn|15\n|\n|t:|1699044287\n|move|p2a: Dragonite|Extreme Speed|p1b: Bronzong\n|-resisted|p1b: Bronzong\n|-damage|p1b: Bronzong|38\/100\n|move|p1b: Bronzong|Body Press|p2a: Dragonite\n|-supereffective|p2a: Dragonite\n|-damage|p2a: Dragonite|0 fnt\n|faint|p2a: Dragonite\n|\n|win|ac1516\n|raw|ac1516's rating: 1305 &rarr; <strong>1336<\/strong><br \/>(+31 for winning)\n|raw|peeweepeewee's rating: 1530 &rarr; <strong>1499<\/strong><br \/>(-31 for losing)\n|l|\u2606peeweepeewee\n","uploadtime":1699044296,"views":13,"p1id":"ac1516","p2id":"peeweepeewee","formatid":"gen9doublesou","rating":1336,"private":0,"password":""}