{"id":"gen9doublesou-1970851537","p1":"C0SuMa","p2":"lonelyzombi3","format":"[Gen 9] Doubles OU","log":"|j|\u2606C0SuMa\n|j|\u2606lonelyzombi3\n|t:|1697673735\n|gametype|doubles\n|player|p1|C0SuMa|1|1463\n|player|p2|lonelyzombi3|unknown|1518\n|teamsize|p1|6\n|teamsize|p2|6\n|gen|9\n|tier|[Gen 9] Doubles OU\n|rated|\n|rule|Species Clause: Limit one of each Pok\u00e9mon\n|rule|OHKO Clause: OHKO moves are banned\n|rule|Evasion Moves Clause: Evasion moves are banned\n|rule|Gravity Sleep Clause: The combination of sleep-inducing moves with imperfect accuracy and Gravity or Gigantamax Orbeetle are banned\n|rule|Endless Battle Clause: Forcing endless battles is banned\n|rule|HP Percentage Mod: HP is shown in percentages\n|clearpoke\n|poke|p1|Sinistcha-Masterpiece|\n|poke|p1|Ursaluna, M|\n|poke|p1|Diancie|\n|poke|p1|Indeedee-F, F|\n|poke|p1|Armarouge, F|\n|poke|p1|Ogerpon-Wellspring, F|\n|poke|p2|Grimmsnarl, M|\n|poke|p2|Arcanine-Hisui, F|\n|poke|p2|Rillaboom, F|\n|poke|p2|Volcarona, F|\n|poke|p2|Dragapult, F|\n|poke|p2|Amoonguss, F|\n|teampreview\n|\n|t:|1697673755\n|start\n|switch|p1a: Diancie|Diancie|100\/100\n|switch|p1b: Armarouge|Armarouge, F|100\/100\n|switch|p2a: Arcanine|Arcanine-Hisui, F|100\/100\n|switch|p2b: Volcarona|Volcarona, F|100\/100\n|-ability|p2a: Arcanine|Intimidate|boost\n|-fail|p1a: Diancie|unboost|[from] ability: Clear Body|[of] p1a: Diancie\n|-unboost|p1b: Armarouge|atk|1\n|turn|1\n|inactive|Battle timer is ON: inactive players will automatically lose when time's up. (requested by C0SuMa)\n|\n|t:|1697673804\n|switch|p2b: Grimmsnarl|Grimmsnarl, M|100\/100\n|move|p2a: Arcanine|Stealth Rock|p1b: Armarouge\n|-sidestart|p1: C0SuMa|move: Stealth Rock\n|move|p1a: Diancie|Diamond Storm|p2a: Arcanine|[spread] p2a,p2b\n|-supereffective|p2a: Arcanine\n|-damage|p2a: Arcanine|34\/100\n|-damage|p2b: Grimmsnarl|72\/100\n|-boost|p1a: Diancie|def|2\n|move|p1b: Armarouge|Trick Room|p1b: Armarouge\n|-fieldstart|move: Trick Room|[of] p1b: Armarouge\n|\n|upkeep\n|turn|2\n|inactive|C0SuMa has 120 seconds left.\n|\n|t:|1697673845\n|switch|p1b: Indeedee|Indeedee-F, F|100\/100\n|-damage|p1b: Indeedee|88\/100|[from] Stealth Rock\n|-fieldstart|move: Psychic Terrain|[from] ability: Psychic Surge|[of] p1b: Indeedee\n|-enditem|p1b: Indeedee|Psychic Seed\n|-boost|p1b: Indeedee|spd|1|[from] item: Psychic Seed\n|move|p2a: Arcanine|Protect|p2a: Arcanine\n|-singleturn|p2a: Arcanine|Protect\n|move|p2b: Grimmsnarl|Reflect|p2b: Grimmsnarl\n|-sidestart|p2: lonelyzombi3|Reflect\n|move|p1a: Diancie|Play Rough|p2b: Grimmsnarl\n|-supereffective|p2b: Grimmsnarl\n|-damage|p2b: Grimmsnarl|26\/100\n|\n|upkeep\n|turn|3\n|inactive|C0SuMa has 120 seconds left.\n|inactive|lonelyzombi3 has 120 seconds left.\n|inactive|lonelyzombi3 has 90 seconds left.\n|\n|t:|1697673911\n|switch|p2a: Rillaboom|Rillaboom, F|100\/100\n|-fieldstart|move: Grassy Terrain|[from] ability: Grassy Surge|[of] p2a: Rillaboom\n|move|p2b: Grimmsnarl|Parting Shot|p1b: Indeedee\n|-unboost|p1b: Indeedee|atk|1\n|-unboost|p1b: Indeedee|spa|1\n|\n|t:|1697673922\n|switch|p2b: Amoonguss|Amoonguss, F|100\/100|[from] Parting Shot\n|move|p1a: Diancie|Diamond Storm|p2a: Rillaboom|[spread] p2a,p2b\n|-damage|p2a: Rillaboom|78\/100\n|-damage|p2b: Amoonguss|82\/100\n|-boost|p1a: Diancie|def|2\n|move|p1b: Indeedee|Dazzling Gleam|p2a: Rillaboom|[spread] p2a,p2b\n|-resisted|p2b: Amoonguss\n|-damage|p2a: Rillaboom|68\/100\n|-damage|p2b: Amoonguss|78\/100\n|\n|-heal|p2b: Amoonguss|84\/100|[from] Grassy Terrain\n|-heal|p1b: Indeedee|94\/100|[from] Grassy Terrain\n|-heal|p2a: Rillaboom|74\/100|[from] Grassy Terrain\n|upkeep\n|turn|4\n|inactive|lonelyzombi3 has 90 seconds left.\n|inactive|C0SuMa has 120 seconds left.\n|\n|t:|1697673959\n|switch|p1b: Armarouge|Armarouge, F|100\/100\n|-damage|p1b: Armarouge|76\/100|[from] Stealth Rock\n|move|p2a: Rillaboom|Fake Out|p1a: Diancie\n|-resisted|p1a: Diancie\n|-damage|p1a: Diancie|99\/100\n|move|p2b: Amoonguss|Spore|p1b: Armarouge\n|-status|p1b: Armarouge|slp|[from] move: Spore\n|cant|p1a: Diancie|flinch\n|\n|-heal|p2b: Amoonguss|90\/100|[from] Grassy Terrain\n|-heal|p1a: Diancie|100\/100|[from] Grassy Terrain\n|-heal|p1b: Armarouge|82\/100 slp|[from] Grassy Terrain\n|-heal|p2a: Rillaboom|80\/100|[from] Grassy Terrain\n|upkeep\n|turn|5\n|inactive|lonelyzombi3 has 90 seconds left.\n|\n|t:|1697674008\n|move|p2b: Amoonguss|Spore|p1a: Diancie\n|-status|p1a: Diancie|slp|[from] move: Spore\n|cant|p1a: Diancie|slp\n|cant|p1b: Armarouge|slp\n|move|p2a: Rillaboom|High Horsepower|p1b: Armarouge\n|-supereffective|p1b: Armarouge\n|-damage|p1b: Armarouge|11\/100 slp\n|\n|-heal|p2b: Amoonguss|96\/100|[from] Grassy Terrain\n|-heal|p1b: Armarouge|17\/100 slp|[from] Grassy Terrain\n|-heal|p2a: Rillaboom|86\/100|[from] Grassy Terrain\n|-fieldend|move: Trick Room\n|upkeep\n|turn|6\n|c|\u2606C0SuMa|wow\n|\n|t:|1697674022\n|switch|p2a: Grimmsnarl|Grimmsnarl, M|26\/100\n|cant|p1b: Armarouge|slp\n|cant|p1a: Diancie|slp\n|move|p2b: Amoonguss|Pollen Puff|p2a: Grimmsnarl\n|-heal|p2a: Grimmsnarl|76\/100\n|\n|-heal|p2a: Grimmsnarl|82\/100|[from] Grassy Terrain\n|-heal|p1b: Armarouge|23\/100 slp|[from] Grassy Terrain\n|-heal|p2b: Amoonguss|100\/100|[from] Grassy Terrain\n|upkeep\n|turn|7\n|inactive|lonelyzombi3 has 90 seconds left.\n|\n|t:|1697674039\n|move|p2b: Amoonguss|Protect|p2b: Amoonguss\n|-singleturn|p2b: Amoonguss|Protect\n|move|p2a: Grimmsnarl|Parting Shot|p1b: Armarouge\n|-unboost|p1b: Armarouge|atk|1\n|-unboost|p1b: Armarouge|spa|1\n|inactive|lonelyzombi3 has 90 seconds left.\n|\n|t:|1697674053\n|switch|p2a: Dragapult|Dragapult, F|100\/100|[from] Parting Shot\n|-curestatus|p1b: Armarouge|slp|[msg]\n|move|p1b: Armarouge|Heat Wave|p2a: Dragapult|[spread] p2a\n|-activate|p2b: Amoonguss|move: Protect\n|-resisted|p2a: Dragapult\n|-damage|p2a: Dragapult|84\/100\n|-damage|p1b: Armarouge|13\/100|[from] item: Life Orb\n|cant|p1a: Diancie|slp\n|\n|-heal|p2a: Dragapult|90\/100|[from] Grassy Terrain\n|-heal|p2a: Dragapult|96\/100|[from] item: Leftovers\n|-heal|p1b: Armarouge|19\/100|[from] Grassy Terrain\n|-fieldend|move: Grassy Terrain\n|upkeep\n|turn|8\n|\n|t:|1697674073\n|move|p2a: Dragapult|Dragon Darts|p1b: Armarouge\n|-damage|p1b: Armarouge|0 fnt\n|faint|p1b: Armarouge\n|-curestatus|p1a: Diancie|slp|[msg]\n|move|p1a: Diancie|Play Rough|p2a: Dragapult\n|-supereffective|p2a: Dragapult\n|-damage|p2a: Dragapult|33\/100\n|move|p2b: Amoonguss|Spore|p1a: Diancie\n|-status|p1a: Diancie|slp|[from] move: Spore\n|\n|-heal|p2a: Dragapult|39\/100|[from] item: Leftovers\n|upkeep\n|inactive|C0SuMa has 120 seconds left.\n|\n|t:|1697674106\n|switch|p1b: Indeedee|Indeedee-F, F|94\/100\n|-damage|p1b: Indeedee|82\/100|[from] Stealth Rock\n|-fieldstart|move: Psychic Terrain|[from] ability: Psychic Surge|[of] p1b: Indeedee\n|turn|9\n|\n|t:|1697674117\n|move|p2a: Dragapult|Dragon Darts|p1b: Indeedee\n|-damage|p1b: Indeedee|58\/100\n|-anim|p2a: Dragapult|Dragon Darts|p1b: Indeedee\n|-damage|p1b: Indeedee|30\/100\n|move|p1b: Indeedee|Dazzling Gleam|p2b: Amoonguss|[spread] p2a,p2b\n|-supereffective|p2a: Dragapult\n|-resisted|p2b: Amoonguss\n|-damage|p2a: Dragapult|5\/100\n|-damage|p2b: Amoonguss|94\/100\n|cant|p1a: Diancie|slp\n|move|p2b: Amoonguss|Pollen Puff|p2a: Dragapult\n|-heal|p2a: Dragapult|55\/100\n|\n|-heal|p2a: Dragapult|61\/100|[from] item: Leftovers\n|-sideend|p2: lonelyzombi3|Reflect\n|upkeep\n|turn|10\n|\n|t:|1697674139\n|switch|p2a: Arcanine|Arcanine-Hisui, F|34\/100\n|-ability|p2a: Arcanine|Intimidate|boost\n|-fail|p1a: Diancie|unboost|[from] ability: Clear Body|[of] p1a: Diancie\n|-unboost|p1b: Indeedee|atk|1\n|move|p1b: Indeedee|Dazzling Gleam|p2a: Arcanine|[spread] p2a,p2b\n|-resisted|p2a: Arcanine\n|-resisted|p2b: Amoonguss\n|-damage|p2a: Arcanine|28\/100\n|-damage|p2b: Amoonguss|88\/100\n|-curestatus|p1a: Diancie|slp|[msg]\n|move|p1a: Diancie|Diamond Storm|p2b: Amoonguss|[spread] p2a,p2b\n|-supereffective|p2a: Arcanine\n|-damage|p2a: Arcanine|0 fnt\n|-damage|p2b: Amoonguss|65\/100\n|faint|p2a: Arcanine\n|move|p2b: Amoonguss|Pollen Puff|p2: Arcanine|[notarget]\n|-fail|p2b: Amoonguss\n|\n|upkeep\n|\n|t:|1697674150\n|switch|p2a: Rillaboom|Rillaboom, F|86\/100\n|-fieldstart|move: Grassy Terrain|[from] ability: Grassy Surge|[of] p2a: Rillaboom\n|turn|11\n|\n|t:|1697674163\n|switch|p2a: Grimmsnarl|Grimmsnarl, M|82\/100\n|switch|p1b: Sinistcha|Sinistcha-Masterpiece|100\/100\n|-damage|p1b: Sinistcha|88\/100|[from] Stealth Rock\n|move|p1a: Diancie|Protect|p1a: Diancie\n|-singleturn|p1a: Diancie|Protect\n|move|p2b: Amoonguss|Spore|p1a: Diancie\n|-activate|p1a: Diancie|move: Protect\n|\n|-heal|p2a: Grimmsnarl|88\/100|[from] Grassy Terrain\n|-heal|p1b: Sinistcha|94\/100|[from] Grassy Terrain\n|-heal|p2b: Amoonguss|71\/100|[from] Grassy Terrain\n|upkeep\n|turn|12\n|\n|t:|1697674188\n|move|p2a: Grimmsnarl|Reflect|p2a: Grimmsnarl\n|-sidestart|p2: lonelyzombi3|Reflect\n|move|p1b: Sinistcha|Shadow Ball|p2b: Amoonguss\n|-damage|p2b: Amoonguss|39\/100\n|move|p1a: Diancie|Diamond Storm|p2a: Grimmsnarl|[spread] p2a,p2b\n|-damage|p2a: Grimmsnarl|69\/100\n|-damage|p2b: Amoonguss|22\/100\n|-enditem|p2b: Amoonguss|Iapapa Berry|[eat]\n|-heal|p2b: Amoonguss|55\/100|[from] item: Iapapa Berry\n|move|p2b: Amoonguss|Spore|p1a: Diancie\n|-status|p1a: Diancie|slp|[from] move: Spore\n|\n|-heal|p2a: Grimmsnarl|75\/100|[from] Grassy Terrain\n|-heal|p1b: Sinistcha|100\/100|[from] Grassy Terrain\n|-heal|p2b: Amoonguss|61\/100|[from] Grassy Terrain\n|upkeep\n|turn|13\n|\n|t:|1697674214\n|switch|p2b: Volcarona|Volcarona, F|100\/100\n|move|p2a: Grimmsnarl|Parting Shot|p1b: Sinistcha\n|-unboost|p1b: Sinistcha|atk|1\n|-unboost|p1b: Sinistcha|spa|1\n|\n|t:|1697674223\n|switch|p2a: Dragapult|Dragapult, F|61\/100|[from] Parting Shot\n|move|p1b: Sinistcha|Shadow Ball|p2b: Volcarona\n|-damage|p2b: Volcarona|74\/100\n|cant|p1a: Diancie|slp\n|\n|-heal|p2a: Dragapult|67\/100|[from] Grassy Terrain\n|-heal|p2a: Dragapult|74\/100|[from] item: Leftovers\n|-heal|p2b: Volcarona|80\/100|[from] Grassy Terrain\n|upkeep\n|turn|14\n|\n|t:|1697674239\n|switch|p2a: Amoonguss|Amoonguss, F|94\/100\n|move|p2b: Volcarona|Quiver Dance|p2b: Volcarona\n|-boost|p2b: Volcarona|spa|1\n|-boost|p2b: Volcarona|spd|1\n|-boost|p2b: Volcarona|spe|1\n|move|p1b: Sinistcha|Shadow Ball|p2a: Amoonguss\n|-damage|p2a: Amoonguss|73\/100\n|-curestatus|p1a: Diancie|slp|[msg]\n|move|p1a: Diancie|Diamond Storm|p2a: Amoonguss|[spread] p2a,p2b\n|-supereffective|p2b: Volcarona\n|-damage|p2a: Amoonguss|55\/100\n|-damage|p2b: Volcarona|0 fnt\n|faint|p2b: Volcarona\n|\n|-heal|p2a: Amoonguss|61\/100|[from] Grassy Terrain\n|upkeep\n|c|\u2606C0SuMa|stop it with the stupid spore lol\n|inactive|lonelyzombi3 has 120 seconds left.\n|c|\u2606lonelyzombi3|walled by a rock fairy\n|c|\u2606C0SuMa|yeah\n|\n|t:|1697674292\n|switch|p2b: Grimmsnarl|Grimmsnarl, M|75\/100\n|turn|15\n|c|\u2606C0SuMa|but still\n|\n|t:|1697674316\n|move|p1a: Diancie|Protect|p1a: Diancie\n|-singleturn|p1a: Diancie|Protect\n|move|p2b: Grimmsnarl|Parting Shot|p1b: Sinistcha\n|-unboost|p1b: Sinistcha|atk|1\n|-unboost|p1b: Sinistcha|spa|1\n|\n|t:|1697674321\n|switch|p2b: Dragapult|Dragapult, F|74\/100|[from] Parting Shot\n|move|p1b: Sinistcha|Shadow Ball|p2a: Amoonguss\n|-damage|p2a: Amoonguss|46\/100\n|move|p2a: Amoonguss|Spore|p1a: Diancie\n|-activate|p1a: Diancie|move: Protect\n|\n|-heal|p2b: Dragapult|80\/100|[from] Grassy Terrain\n|-heal|p2b: Dragapult|86\/100|[from] item: Leftovers\n|-heal|p2a: Amoonguss|52\/100|[from] Grassy Terrain\n|-fieldend|move: Grassy Terrain\n|upkeep\n|turn|16\n|\n|t:|1697674344\n|switch|p2b: Rillaboom|Rillaboom, F|86\/100\n|-fieldstart|move: Grassy Terrain|[from] ability: Grassy Surge|[of] p2b: Rillaboom\n|switch|p1b: Indeedee|Indeedee-F, F|30\/100\n|-damage|p1b: Indeedee|18\/100|[from] Stealth Rock\n|-fieldstart|move: Psychic Terrain|[from] ability: Psychic Surge|[of] p1b: Indeedee\n|move|p1a: Diancie|Diamond Storm|p2a: Amoonguss|[spread] p2a,p2b\n|-damage|p2a: Amoonguss|33\/100\n|-damage|p2b: Rillaboom|64\/100\n|-boost|p1a: Diancie|def|2\n|move|p2a: Amoonguss|Spore|p1a: Diancie\n|-status|p1a: Diancie|slp|[from] move: Spore\n|\n|upkeep\n|turn|17\n|inactive|C0SuMa has 120 seconds left.\n|\n|t:|1697674376\n|switch|p2b: Grimmsnarl|Grimmsnarl, M|75\/100\n|switch|p2a: Dragapult|Dragapult, F|86\/100\n|move|p1b: Indeedee|Dazzling Gleam|p2a: Dragapult|[spread] p2a,p2b\n|-supereffective|p2a: Dragapult\n|-supereffective|p2b: Grimmsnarl\n|-damage|p2a: Dragapult|51\/100\n|-damage|p2b: Grimmsnarl|46\/100\n|cant|p1a: Diancie|slp\n|\n|-heal|p2a: Dragapult|57\/100|[from] item: Leftovers\n|upkeep\n|turn|18\n|\n|t:|1697674391\n|switch|p2a: Rillaboom|Rillaboom, F|64\/100\n|-fieldstart|move: Grassy Terrain|[from] ability: Grassy Surge|[of] p2a: Rillaboom\n|move|p2b: Grimmsnarl|Parting Shot|p1b: Indeedee\n|-unboost|p1b: Indeedee|atk|1\n|-unboost|p1b: Indeedee|spa|1\n|\n|t:|1697674398\n|switch|p2b: Amoonguss|Amoonguss, F|66\/100|[from] Parting Shot\n|move|p1b: Indeedee|Dazzling Gleam|p2b: Amoonguss|[spread] p2a,p2b\n|-resisted|p2b: Amoonguss\n|-damage|p2a: Rillaboom|54\/100\n|-damage|p2b: Amoonguss|63\/100\n|cant|p1a: Diancie|slp\n|\n|-heal|p2a: Rillaboom|61\/100|[from] Grassy Terrain\n|-heal|p1b: Indeedee|24\/100|[from] Grassy Terrain\n|-heal|p2b: Amoonguss|69\/100|[from] Grassy Terrain\n|upkeep\n|turn|19\n|\n|t:|1697674417\n|switch|p1b: Ursaluna|Ursaluna, M|100\/100\n|-damage|p1b: Ursaluna|94\/100|[from] Stealth Rock\n|move|p2a: Rillaboom|High Horsepower|p1b: Ursaluna\n|-damage|p1b: Ursaluna|65\/100\n|-curestatus|p1a: Diancie|slp|[msg]\n|move|p1a: Diancie|Diamond Storm|p2a: Rillaboom|[spread] p2a,p2b\n|-damage|p2a: Rillaboom|37\/100\n|-damage|p2b: Amoonguss|52\/100\n|move|p2b: Amoonguss|Pollen Puff|p2a: Rillaboom\n|-heal|p2a: Rillaboom|87\/100\n|\n|-heal|p2a: Rillaboom|93\/100|[from] Grassy Terrain\n|-heal|p1b: Ursaluna|71\/100|[from] Grassy Terrain\n|-heal|p2b: Amoonguss|58\/100|[from] Grassy Terrain\n|-sideend|p2: lonelyzombi3|Reflect\n|-status|p1b: Ursaluna|brn|[from] item: Flame Orb\n|upkeep\n|turn|20\n|\n|t:|1697674442\n|move|p1a: Diancie|Protect|p1a: Diancie\n|-singleturn|p1a: Diancie|Protect\n|move|p2a: Rillaboom|Wood Hammer|p1b: Ursaluna\n|-supereffective|p1b: Ursaluna\n|-damage|p1b: Ursaluna|0 fnt\n|faint|p1b: Ursaluna\n|-damage|p2a: Rillaboom|67\/100|[from] Recoil\n|move|p2b: Amoonguss|Spore|p1a: Diancie\n|-activate|p1a: Diancie|move: Protect\n|\n|-heal|p2a: Rillaboom|73\/100|[from] Grassy Terrain\n|-heal|p2b: Amoonguss|64\/100|[from] Grassy Terrain\n|upkeep\n|inactive|C0SuMa has 120 seconds left.\n|\n|t:|1697674456\n|switch|p1b: Ogerpon|Ogerpon-Wellspring, F|100\/100\n|-damage|p1b: Ogerpon|88\/100|[from] Stealth Rock\n|turn|21\n|\n|t:|1697674476\n|move|p1b: Ogerpon|Knock Off|p2b: Amoonguss\n|-damage|p2b: Amoonguss|43\/100\n|move|p2a: Rillaboom|Wood Hammer|p1b: Ogerpon\n|-damage|p1b: Ogerpon|0 fnt\n|faint|p1b: Ogerpon\n|-damage|p2a: Rillaboom|50\/100|[from] Recoil\n|move|p1a: Diancie|Diamond Storm|p2a: Rillaboom|[spread] p2a,p2b\n|-damage|p2a: Rillaboom|19\/100\n|-damage|p2b: Amoonguss|16\/100\n|move|p2b: Amoonguss|Spore|p1a: Diancie\n|-status|p1a: Diancie|slp|[from] move: Spore\n|\n|-heal|p2a: Rillaboom|25\/100|[from] Grassy Terrain\n|-heal|p2b: Amoonguss|22\/100|[from] Grassy Terrain\n|upkeep\n|inactive|C0SuMa has 120 seconds left.\n|\n|t:|1697674497\n|switch|p1b: Sinistcha|Sinistcha-Masterpiece|100\/100\n|-damage|p1b: Sinistcha|88\/100|[from] Stealth Rock\n|turn|22\n|\n|t:|1697674513\n|switch|p2b: Grimmsnarl|Grimmsnarl, M|46\/100\n|move|p2a: Rillaboom|Protect|p2a: Rillaboom\n|-singleturn|p2a: Rillaboom|Protect\n|move|p1b: Sinistcha|Shadow Ball|p2b: Grimmsnarl\n|-resisted|p2b: Grimmsnarl\n|-damage|p2b: Grimmsnarl|28\/100\n|cant|p1a: Diancie|slp\n|\n|-heal|p2a: Rillaboom|31\/100|[from] Grassy Terrain\n|-heal|p2b: Grimmsnarl|34\/100|[from] Grassy Terrain\n|-heal|p1b: Sinistcha|94\/100|[from] Grassy Terrain\n|-fieldend|move: Grassy Terrain\n|upkeep\n|turn|23\n|\n|t:|1697674542\n|switch|p2a: Amoonguss|Amoonguss, F|55\/100\n|move|p2b: Grimmsnarl|Parting Shot|p1b: Sinistcha\n|-unboost|p1b: Sinistcha|atk|1\n|-unboost|p1b: Sinistcha|spa|1\n|\n|t:|1697674545\n|switch|p2b: Rillaboom|Rillaboom, F|31\/100|[from] Parting Shot\n|-fieldstart|move: Grassy Terrain|[from] ability: Grassy Surge|[of] p2b: Rillaboom\n|move|p1b: Sinistcha|Shadow Ball|p2a: Amoonguss\n|-damage|p2a: Amoonguss|35\/100\n|-curestatus|p1a: Diancie|slp|[msg]\n|move|p1a: Diancie|Play Rough|p2b: Rillaboom\n|-damage|p2b: Rillaboom|0 fnt\n|faint|p2b: Rillaboom\n|\n|-heal|p1b: Sinistcha|100\/100|[from] Grassy Terrain\n|-heal|p2a: Amoonguss|41\/100|[from] Grassy Terrain\n|upkeep\n|\n|t:|1697674559\n|switch|p2b: Grimmsnarl|Grimmsnarl, M|34\/100\n|turn|24\n|\n|t:|1697674574\n|move|p2b: Grimmsnarl|Fake Out|p1a: Diancie\n|-resisted|p1a: Diancie\n|-damage|p1a: Diancie|99\/100\n|move|p1b: Sinistcha|Shadow Ball|p2a: Amoonguss\n|-damage|p2a: Amoonguss|22\/100\n|cant|p1a: Diancie|flinch\n|move|p2a: Amoonguss|Pollen Puff|p2b: Grimmsnarl\n|-heal|p2b: Grimmsnarl|84\/100\n|\n|-heal|p2b: Grimmsnarl|90\/100|[from] Grassy Terrain\n|-heal|p1a: Diancie|100\/100|[from] Grassy Terrain\n|-heal|p2a: Amoonguss|28\/100|[from] Grassy Terrain\n|upkeep\n|turn|25\n|\n|t:|1697674596\n|switch|p2a: Dragapult|Dragapult, F|57\/100\n|move|p2b: Grimmsnarl|Parting Shot|p1b: Sinistcha\n|-unboost|p1b: Sinistcha|atk|1\n|-unboost|p1b: Sinistcha|spa|1\n|-message|lonelyzombi3 forfeited.\n|\n|win|C0SuMa\n|raw|C0SuMa's rating: 1463 &rarr; <strong>1486<\/strong><br \/>(+23 for winning)\n|raw|lonelyzombi3's rating: 1518 &rarr; <strong>1495<\/strong><br \/>(-23 for losing)\n|l|\u2606lonelyzombi3\n|c|\u2606C0SuMa|Fiannly\n","uploadtime":1697674624,"views":10,"p1id":"c0suma","p2id":"lonelyzombi3","formatid":"gen9doublesou","rating":1486,"private":0,"password":""}