{"id":"gen9doublesou-1990061998","p1":"jakefirestorm","p2":"Critian Caceorte","format":"[Gen 9] Doubles OU","log":"|j|\u2606jakefirestorm\n|j|\u2606Critian Caceorte\n|t:|1699920437\n|gametype|doubles\n|player|p1|jakefirestorm|boarder|1285\n|player|p2|Critian Caceorte|hilda|1173\n|teamsize|p1|6\n|teamsize|p2|6\n|gen|9\n|tier|[Gen 9] Doubles OU\n|rated|\n|rule|Species Clause: Limit one of each Pok\u00e9mon\n|rule|OHKO Clause: OHKO moves are banned\n|rule|Evasion Moves Clause: Evasion moves are banned\n|rule|Gravity Sleep Clause: The combination of sleep-inducing moves with imperfect accuracy and Gravity or Gigantamax Orbeetle are banned\n|rule|Endless Battle Clause: Forcing endless battles is banned\n|rule|HP Percentage Mod: HP is shown in percentages\n|clearpoke\n|poke|p1|Gholdengo|\n|poke|p1|Ogerpon-Hearthflame, F|\n|poke|p1|Gliscor, M|\n|poke|p1|Kingambit, F|\n|poke|p1|Iron Valiant|\n|poke|p1|Walking Wake|\n|poke|p2|Torkoal, M|\n|poke|p2|Ninetales, F|\n|poke|p2|Scovillain, F|\n|poke|p2|Lilligant-Hisui, F|\n|poke|p2|Dachsbun, F|\n|poke|p2|Walking Wake|\n|teampreview\n|\n|t:|1699920470\n|start\n|switch|p1a: Clever|Walking Wake|100\/100\n|switch|p1b: Clamps|Gliscor, M|100\/100\n|switch|p2a: Torkoal|Torkoal, M|100\/100\n|switch|p2b: Dachsbun|Dachsbun, F|100\/100\n|-weather|SunnyDay|[from] ability: Drought|[of] p2a: Torkoal\n|-activate|p1a: Clever|ability: Protosynthesis\n|-start|p1a: Clever|protosynthesisspe\n|turn|1\n|\n|t:|1699920489\n|move|p1a: Clever|Scald|p2a: Torkoal\n|-supereffective|p2a: Torkoal\n|-damage|p2a: Torkoal|47\/100\n|-damage|p1a: Clever|91\/100|[from] item: Life Orb\n|move|p1b: Clamps|Knock Off|p2a: Torkoal\n|-damage|p2a: Torkoal|29\/100\n|-enditem|p2a: Torkoal|Choice Specs|[from] move: Knock Off|[of] p1b: Clamps\n|move|p2b: Dachsbun|Agility|p2b: Dachsbun\n|-boost|p2b: Dachsbun|spe|2\n|move|p2a: Torkoal|Lava Plume|p1b: Clamps|[spread] p1a,p1b\n|-ability|p2b: Dachsbun|Well-Baked Body|boost\n|-boost|p2b: Dachsbun|def|2\n|-resisted|p1a: Clever\n|-damage|p1a: Clever|81\/100\n|-damage|p1b: Clamps|57\/100\n|-status|p1a: Clever|brn\n|\n|-weather|SunnyDay|[upkeep]\n|-damage|p1a: Clever|75\/100 brn|[from] brn\n|-status|p1b: Clamps|tox|[from] item: Toxic Orb\n|upkeep\n|turn|2\n|\n|t:|1699920518\n|move|p1a: Clever|Scald|p2a: Torkoal\n|-supereffective|p2a: Torkoal\n|-damage|p2a: Torkoal|0 fnt\n|faint|p2a: Torkoal\n|-damage|p1a: Clever|65\/100 brn|[from] item: Life Orb\n|move|p2b: Dachsbun|Work Up|p2b: Dachsbun\n|-boost|p2b: Dachsbun|atk|1\n|-boost|p2b: Dachsbun|spa|1\n|move|p1b: Clamps|Toxic Spikes|p2b: Dachsbun\n|-sidestart|p2: Critian Caceorte|move: Toxic Spikes\n|\n|-weather|SunnyDay|[upkeep]\n|-heal|p1b: Clamps|70\/100 tox|[from] ability: Poison Heal\n|-damage|p1a: Clever|59\/100 brn|[from] brn\n|upkeep\n|\n|t:|1699920535\n|switch|p2a: Lilligant|Lilligant-Hisui, F|100\/100\n|-status|p2a: Lilligant|psn\n|turn|3\n|\n|t:|1699920555\n|move|p2a: Lilligant|Leaf Blade|p1a: Clever\n|-damage|p1a: Clever|12\/100 brn\n|move|p1a: Clever|Scald|p2b: Dachsbun\n|-damage|p2b: Dachsbun|71\/100\n|-damage|p1a: Clever|2\/100 brn|[from] item: Life Orb\n|move|p2b: Dachsbun|Agility|p2b: Dachsbun\n|-boost|p2b: Dachsbun|spe|2\n|move|p1b: Clamps|Knock Off|p2b: Dachsbun\n|-resisted|p2b: Dachsbun\n|-damage|p2b: Dachsbun|66\/100\n|-enditem|p2b: Dachsbun|Mirror Herb|[from] move: Knock Off|[of] p1b: Clamps\n|\n|-weather|SunnyDay|[upkeep]\n|-damage|p2a: Lilligant|88\/100 psn|[from] psn\n|-heal|p1b: Clamps|82\/100 tox|[from] ability: Poison Heal\n|-damage|p1a: Clever|0 fnt|[from] brn\n|faint|p1a: Clever\n|-end|p1a: Clever|Protosynthesis|[silent]\n|upkeep\n|\n|t:|1699920569\n|switch|p1a: Gremlin|Gholdengo|100\/100\n|turn|4\n|\n|t:|1699920582\n|move|p2b: Dachsbun|Baton Pass|p2b: Dachsbun\n|\n|t:|1699920584\n|switch|p2b: Walking Wake|Walking Wake|100\/100|[from] Baton Pass\n|-status|p2b: Walking Wake|psn\n|-activate|p2b: Walking Wake|ability: Protosynthesis\n|-start|p2b: Walking Wake|protosynthesisspe\n|move|p2a: Lilligant|Leaf Blade|p1b: Clamps\n|-crit|p1b: Clamps\n|-damage|p1b: Clamps|34\/100 tox\n|move|p1a: Gremlin|Make It Rain|p2a: Lilligant|[spread] p2a,p2b\n|-resisted|p2b: Walking Wake\n|-damage|p2a: Lilligant|5\/100 psn\n|-damage|p2b: Walking Wake|79\/100 psn\n|-unboost|p1a: Gremlin|spa|1\n|move|p1b: Clamps|Tailwind|p1b: Clamps\n|-sidestart|p1: jakefirestorm|move: Tailwind\n|\n|-weather|SunnyDay|[upkeep]\n|-damage|p2b: Walking Wake|67\/100 psn|[from] psn\n|-damage|p2a: Lilligant|0 fnt|[from] psn\n|faint|p2a: Lilligant\n|-heal|p1b: Clamps|47\/100 tox|[from] ability: Poison Heal\n|upkeep\n|\n|t:|1699920603\n|switch|p2a: Scovillain|Scovillain, F|100\/100\n|-status|p2a: Scovillain|psn\n|turn|5\n|\n|t:|1699920619\n|-terastallize|p1a: Gremlin|Water\n|move|p2b: Walking Wake|Hydro Steam|p1b: Clamps\n|-supereffective|p1b: Clamps\n|-damage|p1b: Clamps|0 fnt\n|faint|p1b: Clamps\n|move|p1a: Gremlin|Make It Rain|p2b: Walking Wake|[spread] p2a,p2b\n|-resisted|p2a: Scovillain\n|-resisted|p2b: Walking Wake\n|-damage|p2a: Scovillain|67\/100 psn\n|-damage|p2b: Walking Wake|53\/100 psn\n|-unboost|p1a: Gremlin|spa|1\n|move|p2a: Scovillain|Flamethrower|p1a: Gremlin\n|-resisted|p1a: Gremlin\n|-damage|p1a: Gremlin|52\/100\n|-damage|p2a: Scovillain|57\/100 psn|[from] item: Life Orb\n|\n|-weather|none\n|-end|p2b: Walking Wake|Protosynthesis\n|-damage|p2b: Walking Wake|40\/100 psn|[from] psn\n|-damage|p2a: Scovillain|44\/100 psn|[from] psn\n|upkeep\n|\n|t:|1699920630\n|switch|p1b: Miku|Iron Valiant, shiny|100\/100\n|-enditem|p1b: Miku|Booster Energy\n|-activate|p1b: Miku|ability: Quark Drive|[fromitem]\n|-start|p1b: Miku|quarkdrivespe\n|turn|6\n|\n|t:|1699920648\n|switch|p2a: Ninetales|Ninetales, F|100\/100\n|-status|p2a: Ninetales|psn\n|-weather|SunnyDay|[from] ability: Drought|[of] p2a: Ninetales\n|-activate|p2b: Walking Wake|ability: Protosynthesis\n|-start|p2b: Walking Wake|protosynthesisspe\n|move|p2b: Walking Wake|Hydro Steam|p1b: Miku\n|-damage|p1b: Miku|0 fnt\n|faint|p1b: Miku\n|-end|p1b: Miku|Quark Drive|[silent]\n|move|p1a: Gremlin|Make It Rain|p2b: Walking Wake|[spread] p2a,p2b\n|-resisted|p2a: Ninetales\n|-resisted|p2b: Walking Wake\n|-damage|p2a: Ninetales|84\/100 psn\n|-damage|p2b: Walking Wake|30\/100 psn\n|-unboost|p1a: Gremlin|spa|1\n|\n|-weather|SunnyDay|[upkeep]\n|-damage|p2b: Walking Wake|17\/100 psn|[from] psn\n|-damage|p2a: Ninetales|72\/100 psn|[from] psn\n|upkeep\n|\n|t:|1699920666\n|switch|p1b: OOGA BOOGA BOOGA|Ogerpon-Hearthflame, F|100\/100\n|-ability|p1b: OOGA BOOGA BOOGA|Mold Breaker\n|turn|7\n|\n|t:|1699920682\n|move|p2b: Walking Wake|Hydro Steam|p1b: OOGA BOOGA BOOGA\n|-damage|p1b: OOGA BOOGA BOOGA|0 fnt\n|faint|p1b: OOGA BOOGA BOOGA\n|move|p1a: Gremlin|Make It Rain|p2a: Ninetales|[spread] p2a,p2b\n|-resisted|p2a: Ninetales\n|-resisted|p2b: Walking Wake\n|-damage|p2a: Ninetales|60\/100 psn\n|-damage|p2b: Walking Wake|9\/100 psn\n|-unboost|p1a: Gremlin|spa|1\n|move|p2a: Ninetales|Solar Beam||[still]\n|-prepare|p2a: Ninetales|Solar Beam\n|-anim|p2a: Ninetales|Solar Beam|p1a: Gremlin\n|-supereffective|p1a: Gremlin\n|-damage|p1a: Gremlin|0 fnt\n|faint|p1a: Gremlin\n|\n|-weather|SunnyDay|[upkeep]\n|-damage|p2b: Walking Wake|0 fnt|[from] psn\n|faint|p2b: Walking Wake\n|-end|p2b: Walking Wake|Protosynthesis|[silent]\n|-damage|p2a: Ninetales|48\/100 psn|[from] psn\n|-sideend|p1: jakefirestorm|move: Tailwind\n|upkeep\n|\n|t:|1699920701\n|switch|p1b: The King|Kingambit, F|100\/100\n|switch|p2b: Scovillain|Scovillain, F|44\/100 psn\n|-activate|p1b: The King|ability: Supreme Overlord\n|-start|p1b: The King|fallen5|[silent]\n|turn|8\n|\n|t:|1699920713\n|move|p1b: The King|Sucker Punch|p2a: Ninetales\n|-damage|p2a: Ninetales|0 fnt\n|faint|p2a: Ninetales\n|-damage|p1b: The King|91\/100|[from] item: Life Orb\n|move|p2b: Scovillain|Flamethrower|p1b: The King\n|-supereffective|p1b: The King\n|-damage|p1b: The King|0 fnt\n|faint|p1b: The King\n|-end|p1b: The King|fallen5|[silent]\n|-damage|p2b: Scovillain|34\/100 psn|[from] item: Life Orb\n|\n|win|Critian Caceorte\n|raw|jakefirestorm's rating: 1285 &rarr; <strong>1252<\/strong><br \/>(-33 for losing)\n|raw|Critian Caceorte's rating: 1173 &rarr; <strong>1206<\/strong><br \/>(+33 for winning)\n|c|\u2606Critian Caceorte|gg\n|l|\u2606jakefirestorm\n","uploadtime":1699920725,"views":8,"p1id":"jakefirestorm","p2id":"critiancaceorte","formatid":"gen9doublesou","rating":1206,"private":0,"password":""}