{"id":"gen9doublesou-1974057562","p1":"C trepas drole","p2":"Mrslayyy","format":"[Gen 9] Doubles OU","log":"|j|\u2606C trepas drole\n|j|\u2606Mrslayyy\n|t:|1698049334\n|gametype|doubles\n|player|p1|C trepas drole|101|1041\n|player|p2|Mrslayyy|266|1000\n|teamsize|p1|6\n|teamsize|p2|6\n|gen|9\n|tier|[Gen 9] Doubles OU\n|rated|\n|rule|Species Clause: Limit one of each Pok\u00e9mon\n|rule|OHKO Clause: OHKO moves are banned\n|rule|Evasion Moves Clause: Evasion moves are banned\n|rule|Gravity Sleep Clause: The combination of sleep-inducing moves with imperfect accuracy and Gravity or Gigantamax Orbeetle are banned\n|rule|Endless Battle Clause: Forcing endless battles is banned\n|rule|HP Percentage Mod: HP is shown in percentages\n|clearpoke\n|poke|p1|Goodra-Hisui, F|\n|poke|p1|Dedenne, M|\n|poke|p1|Empoleon, F|\n|poke|p1|Bronzong|\n|poke|p1|Politoed, M|\n|poke|p1|Skuntank, M|\n|poke|p2|Tropius, F|\n|poke|p2|Rabsca, M|\n|poke|p2|Furret, M|\n|poke|p2|Basculin-White-Striped, F|\n|poke|p2|Espathra, M|\n|poke|p2|Arboliva, M|\n|teampreview\n|inactive|Battle timer is ON: inactive players will automatically lose when time's up. (requested by C trepas drole)\n|\n|t:|1698049357\n|start\n|switch|p1a: Bronzong|Bronzong|100\/100\n|switch|p1b: Empoleon|Empoleon, F|100\/100\n|switch|p2a: Tropius|Tropius, F, shiny|100\/100\n|switch|p2b: Rabsca|Rabsca, M, shiny|100\/100\n|turn|1\n|\n|t:|1698049371\n|move|p1b: Empoleon|Ice Beam|p2a: Tropius\n|-supereffective|p2a: Tropius\n|-damage|p2a: Tropius|16\/100\n|-enditem|p2a: Tropius|Aguav Berry|[eat]\n|-heal|p2a: Tropius|50\/100|[from] item: Aguav Berry\n|move|p2a: Tropius|Leech Seed|p1b: Empoleon\n|-start|p1b: Empoleon|move: Leech Seed\n|move|p2b: Rabsca|Skill Swap|p2a: Tropius\n|-activate|p2b: Rabsca|move: Skill Swap|||[of] p2a: Tropius\n|move|p1a: Bronzong|Trick Room|p1a: Bronzong\n|-fieldstart|move: Trick Room|[of] p1a: Bronzong\n|\n|-damage|p1b: Empoleon|88\/100|[from] Leech Seed|[of] p2a: Tropius\n|-heal|p2a: Tropius|61\/100|[silent]\n|upkeep\n|turn|2\n|c|\u2606Mrslayyy|Thanks\n|\n|t:|1698049395\n|switch|p1b: Goodra|Goodra-Hisui, F|100\/100\n|move|p1a: Bronzong|Metal Sound|p2b: Rabsca|[miss]\n|-miss|p1a: Bronzong|p2b: Rabsca\n|move|p2b: Rabsca|Substitute|p2b: Rabsca\n|-start|p2b: Rabsca|Substitute\n|-damage|p2b: Rabsca|75\/100\n|move|p2a: Tropius|Sunny Day|p2a: Tropius\n|-weather|SunnyDay\n|\n|-weather|SunnyDay|[upkeep]\n|upkeep\n|turn|3\n|inactive|Mrslayyy has 120 seconds left.\n|\n|t:|1698049436\n|switch|p1b: Empoleon|Empoleon, F|88\/100\n|move|p1a: Bronzong|Bulldoze|p2b: Rabsca|[spread] p1b,p2b\n|-immune|p2a: Tropius\n|-resisted|p2b: Rabsca\n|-activate|p2b: Rabsca|move: Substitute|[damage]\n|-supereffective|p1b: Empoleon\n|-crit|p1b: Empoleon\n|-damage|p1b: Empoleon|59\/100\n|-unboost|p1b: Empoleon|spe|1\n|-enditem|p1b: Empoleon|Weakness Policy\n|-boost|p1b: Empoleon|atk|2|[from] item: Weakness Policy\n|-boost|p1b: Empoleon|spa|2|[from] item: Weakness Policy\n|move|p2b: Rabsca|Substitute|p2b: Rabsca\n|-fail|p2b: Rabsca|move: Substitute\n|move|p2a: Tropius|U-turn|p1b: Empoleon\n|-resisted|p1b: Empoleon\n|-damage|p1b: Empoleon|53\/100\n|\n|t:|1698049446\n|switch|p2a: Furret|Furret, M, shiny|100\/100|[from] U-turn\n|-item|p1a: Bronzong|Leftovers|[from] ability: Frisk|[of] p2a: Furret|[identify]\n|\n|-weather|SunnyDay|[upkeep]\n|-status|p2a: Furret|brn|[from] item: Flame Orb\n|upkeep\n|turn|4\n|\n|t:|1698049465\n|-terastallize|p1b: Empoleon|Water\n|move|p2a: Furret|Follow Me|p2a: Furret\n|-singleturn|p2a: Furret|move: Follow Me\n|move|p1a: Bronzong|Metal Sound|p2a: Furret\n|-unboost|p2a: Furret|spd|2\n|move|p1b: Empoleon|Surf|p2a: Furret|[spread] p1a,p2a,p2b\n|-end|p2b: Rabsca|Substitute\n|-crit|p1a: Bronzong\n|-damage|p1a: Bronzong|42\/100\n|-damage|p2a: Furret|0 fnt\n|faint|p2a: Furret\n|move|p2b: Rabsca|Revival Blessing|p2b: Rabsca\n|-enditem|p2b: Rabsca|Leppa Berry|[eat]\n|-activate|p2b: Rabsca|item: Leppa Berry|Revival Blessing|[consumed]\n|inactive|Mrslayyy has 120 seconds left.\n|\n|t:|1698049494\n|-heal|p2: Furret|50\/100|[from] move: Revival Blessing\n|\n|-weather|SunnyDay|[upkeep]\n|-heal|p1a: Bronzong|48\/100|[from] item: Leftovers\n|-item|p2b: Rabsca|Leppa Berry|[from] ability: Harvest\n|upkeep\n|switch|p2a: Furret|Furret, M, shiny|50\/100\n|-item|p1a: Bronzong|Leftovers|[from] ability: Frisk|[of] p2a: Furret|[identify]\n|turn|5\n|inactive|Mrslayyy has 120 seconds left.\n|\n|t:|1698049510\n|move|p2a: Furret|Follow Me|p2a: Furret\n|-singleturn|p2a: Furret|move: Follow Me\n|move|p1a: Bronzong|Metal Sound|p2a: Furret\n|-unboost|p2a: Furret|spd|2\n|move|p1b: Empoleon|Surf|p2b: Rabsca|[spread] p1a,p2a,p2b\n|-damage|p1a: Bronzong|10\/100\n|-damage|p2a: Furret|0 fnt\n|-damage|p2b: Rabsca|43\/100\n|faint|p2a: Furret\n|move|p2b: Rabsca|Substitute|p2b: Rabsca\n|-start|p2b: Rabsca|Substitute\n|-damage|p2b: Rabsca|18\/100\n|\n|-weather|SunnyDay|[upkeep]\n|-heal|p1a: Bronzong|16\/100|[from] item: Leftovers\n|-fieldend|move: Trick Room\n|upkeep\n|inactive|Mrslayyy has 120 seconds left.\n|inactive|Mrslayyy has 90 seconds left.\n|inactive|Mrslayyy has 60 seconds left.\n|\n|t:|1698049599\n|switch|p2a: Tropius|Tropius, F, shiny|61\/100\n|turn|6\n|inactive|Mrslayyy has 60 seconds left.\n|\n|t:|1698049606\n|move|p2a: Tropius|Leech Seed|p1b: Empoleon\n|-start|p1b: Empoleon|move: Leech Seed\n|move|p2b: Rabsca|Revival Blessing|p2b: Rabsca\n|-enditem|p2b: Rabsca|Leppa Berry|[eat]\n|-activate|p2b: Rabsca|item: Leppa Berry|Revival Blessing|[consumed]\n|inactive|Mrslayyy has 60 seconds left.\n|\n|t:|1698049612\n|-heal|p2: Furret|50\/100|[from] move: Revival Blessing\n|move|p1b: Empoleon|Roost|p1b: Empoleon\n|-heal|p1b: Empoleon|100\/100\n|move|p1a: Bronzong|Trick Room|p1a: Bronzong\n|-fieldstart|move: Trick Room|[of] p1a: Bronzong\n|\n|-weather|none\n|-heal|p1a: Bronzong|22\/100|[from] item: Leftovers\n|-damage|p1b: Empoleon|88\/100|[from] Leech Seed|[of] p2a: Tropius\n|-heal|p2a: Tropius|73\/100|[silent]\n|-item|p2b: Rabsca|Leppa Berry|[from] ability: Harvest\n|upkeep\n|turn|7\n|inactive|C trepas drole has 120 seconds left.\n|\n|t:|1698049643\n|switch|p1a: Politoed|Politoed, M|100\/100\n|move|p1b: Empoleon|Ice Beam|p2a: Tropius\n|-supereffective|p2a: Tropius\n|-damage|p2a: Tropius|0 fnt\n|faint|p2a: Tropius\n|move|p2b: Rabsca|X-Scissor|p1a: Politoed\n|-damage|p1a: Politoed|78\/100\n|\n|upkeep\n|inactive|Mrslayyy has 60 seconds left.\n|inactive|Mrslayyy has 30 seconds left.\n|inactive|Mrslayyy has 20 seconds left.\n|\n|t:|1698049711\n|switch|p2a: Furret|Furret, M, shiny|50\/100\n|-item|p1a: Politoed|Focus Sash|[from] ability: Frisk|[of] p2a: Furret|[identify]\n|turn|8\n|\n|t:|1698049722\n|move|p2a: Furret|Follow Me|p2a: Furret\n|-singleturn|p2a: Furret|move: Follow Me\n|move|p1b: Empoleon|Surf|p2a: Furret|[spread] p2a,p2b\n|-heal|p1a: Politoed|100\/100|[from] ability: Water Absorb|[of] p1b: Empoleon\n|-end|p2b: Rabsca|Substitute\n|-damage|p2a: Furret|0 fnt\n|faint|p2a: Furret\n|move|p2b: Rabsca|Revival Blessing|p2b: Rabsca\n|-enditem|p2b: Rabsca|Leppa Berry|[eat]\n|-activate|p2b: Rabsca|item: Leppa Berry|Revival Blessing|[consumed]\n|inactive|Mrslayyy has 30 seconds left.\n|inactive|Mrslayyy has 20 seconds left.\n|inactive|Mrslayyy has 15 seconds left.\n|inactive|Mrslayyy has 10 seconds left.\n|inactive|Mrslayyy has 5 seconds left.\n|-message|Mrslayyy lost due to inactivity.\n|\n|win|C trepas drole\n|raw|C trepas drole's rating: 1041 &rarr; <strong>1071<\/strong><br \/>(+30 for winning)\n|raw|Mrslayyy's rating: 1000 &rarr; <strong>1000<\/strong><br \/>(+0 for losing)\n","uploadtime":1698049773,"views":23,"p1id":"ctrepasdrole","p2id":"mrslayyy","formatid":"gen9doublesou","rating":1000,"private":0,"password":""}