{"id":"gen9doublesou-1999875141","p1":"IanJinn","p2":"silverpog","format":"[Gen 9] Doubles OU","log":"|j|\u2606IanJinn\n|j|\u203dsilverpog\n|t:|1701125201\n|gametype|doubles\n|player|p1|IanJinn|101|1100\n|player|p2|silverpog|cynthia|1000\n|teamsize|p1|6\n|teamsize|p2|6\n|gen|9\n|tier|[Gen 9] Doubles OU\n|rated|\n|rule|Species Clause: Limit one of each Pok\u00e9mon\n|rule|OHKO Clause: OHKO moves are banned\n|rule|Evasion Moves Clause: Evasion moves are banned\n|rule|Gravity Sleep Clause: The combination of sleep-inducing moves with imperfect accuracy and Gravity or Gigantamax Orbeetle are banned\n|rule|Endless Battle Clause: Forcing endless battles is banned\n|rule|HP Percentage Mod: HP is shown in percentages\n|clearpoke\n|poke|p1|Empoleon, F|\n|poke|p1|Shiftry, F|\n|poke|p1|Manaphy|\n|poke|p1|Lilligant, F|\n|poke|p1|Kleavor, M|\n|poke|p1|Farigiraf, M|\n|poke|p2|Armarouge, F|\n|poke|p2|Indeedee-F, F|\n|poke|p2|Meowscarada, M|\n|poke|p2|Gholdengo|\n|poke|p2|Great Tusk|\n|poke|p2|Tornadus, M|\n|teampreview\n|\n|t:|1701125221\n|start\n|switch|p1a: Shiftry|Shiftry, F|100\/100\n|switch|p1b: Lilligant|Lilligant, F|100\/100\n|switch|p2a: Armarouge|Armarouge, F|100\/100\n|switch|p2b: Indeedee|Indeedee-F, F|100\/100\n|-fieldstart|move: Psychic Terrain|[from] ability: Psychic Surge|[of] p2b: Indeedee\n|-enditem|p2b: Indeedee|Psychic Seed\n|-boost|p2b: Indeedee|spd|1|[from] item: Psychic Seed\n|turn|1\n|\n|t:|1701125244\n|move|p2b: Indeedee|Follow Me|p2b: Indeedee\n|-singleturn|p2b: Indeedee|move: Follow Me\n|move|p1b: Lilligant|Pollen Puff|p2b: Indeedee\n|-supereffective|p2b: Indeedee\n|-damage|p2b: Indeedee|81\/100\n|move|p1a: Shiftry|Tailwind|p1a: Shiftry\n|-sidestart|p1: IanJinn|move: Tailwind\n|-ability|p1a: Shiftry|Wind Rider|boost\n|-boost|p1a: Shiftry|atk|1\n|move|p2a: Armarouge|Trick Room|p2a: Armarouge\n|-fieldstart|move: Trick Room|[of] p2a: Armarouge\n|\n|upkeep\n|turn|2\n|\n|t:|1701125262\n|move|p2a: Armarouge|Armor Cannon|p1a: Shiftry\n|-supereffective|p1a: Shiftry\n|-damage|p1a: Shiftry|0 fnt\n|-unboost|p2a: Armarouge|def|1\n|-unboost|p2a: Armarouge|spd|1\n|faint|p1a: Shiftry\n|-damage|p2a: Armarouge|91\/100|[from] item: Life Orb\n|move|p2b: Indeedee|Dazzling Gleam|p1b: Lilligant\n|-damage|p1b: Lilligant|79\/100\n|move|p1b: Lilligant|Petal Blizzard|p2a: Armarouge|[spread] p2a,p2b\n|-resisted|p2a: Armarouge\n|-damage|p2a: Armarouge|79\/100\n|-damage|p2b: Indeedee|58\/100\n|\n|upkeep\n|\n|t:|1701125275\n|switch|p1a: Kleavor|Kleavor, M|100\/100\n|turn|3\n|\n|t:|1701125289\n|-terastallize|p2a: Armarouge|Grass\n|move|p2a: Armarouge|Wide Guard|p2a: Armarouge\n|-singleturn|p2a: Armarouge|Wide Guard\n|move|p2b: Indeedee|Dazzling Gleam|p1a: Kleavor|[spread] p1a,p1b\n|-damage|p1a: Kleavor|80\/100\n|-damage|p1b: Lilligant|63\/100\n|move|p1a: Kleavor|Stone Axe|p2a: Armarouge\n|-damage|p2a: Armarouge|0 fnt\n|-sidestart|p2: silverpog|move: Stealth Rock\n|faint|p2a: Armarouge\n|-damage|p1a: Kleavor|70\/100|[from] item: Life Orb\n|move|p1b: Lilligant|Pollen Puff|p2b: Indeedee\n|-supereffective|p2b: Indeedee\n|-damage|p2b: Indeedee|36\/100\n|\n|upkeep\n|\n|t:|1701125306\n|switch|p2a: Great Tusk|Great Tusk|100\/100\n|-damage|p2a: Great Tusk|98\/100|[from] Stealth Rock\n|turn|4\n|\n|t:|1701125323\n|move|p2b: Indeedee|Follow Me|p2b: Indeedee\n|-singleturn|p2b: Indeedee|move: Follow Me\n|move|p2a: Great Tusk|Close Combat|p1a: Kleavor\n|-damage|p1a: Kleavor|0 fnt\n|-unboost|p2a: Great Tusk|def|1\n|-unboost|p2a: Great Tusk|spd|1\n|faint|p1a: Kleavor\n|move|p1b: Lilligant|Pollen Puff|p2b: Indeedee\n|-supereffective|p2b: Indeedee\n|-crit|p2b: Indeedee\n|-damage|p2b: Indeedee|0 fnt\n|faint|p2b: Indeedee\n|\n|-sideend|p1: IanJinn|move: Tailwind\n|upkeep\n|inactive|Battle timer is ON: inactive players will automatically lose when time's up. (requested by IanJinn)\n|\n|t:|1701125400\n|switch|p2b: Gholdengo|Gholdengo|100\/100\n|switch|p1a: Farigiraf|Farigiraf, M|100\/100\n|-damage|p2b: Gholdengo|94\/100|[from] Stealth Rock\n|turn|5\n|\n|t:|1701125419\n|move|p1b: Lilligant|Helping Hand|p1a: Farigiraf\n|-singleturn|p1a: Farigiraf|Helping Hand|[of] p1b: Lilligant\n|move|p1a: Farigiraf|Shadow Ball|p2b: Gholdengo\n|-supereffective|p2b: Gholdengo\n|-damage|p2b: Gholdengo|0 fnt\n|faint|p2b: Gholdengo\n|move|p2a: Great Tusk|Headlong Rush|p1a: Farigiraf\n|-damage|p1a: Farigiraf|41\/100\n|-unboost|p2a: Great Tusk|def|1\n|-unboost|p2a: Great Tusk|spd|1\n|\n|-heal|p1a: Farigiraf|47\/100|[from] item: Leftovers\n|-fieldend|move: Trick Room\n|-fieldend|move: Psychic Terrain\n|upkeep\n|inactive|silverpog has 120 seconds left.\n|inactive|silverpog has 90 seconds left.\n|\n|t:|1701125469\n|switch|p2b: Tornadus|Tornadus, M|100\/100\n|-damage|p2b: Tornadus|76\/100|[from] Stealth Rock\n|turn|6\n|\n|t:|1701125490\n|move|p1b: Lilligant|Pollen Puff|p1a: Farigiraf\n|-heal|p1a: Farigiraf|97\/100\n|move|p2a: Great Tusk|Headlong Rush|p1a: Farigiraf\n|-damage|p1a: Farigiraf|31\/100\n|-unboost|p2a: Great Tusk|def|1\n|-unboost|p2a: Great Tusk|spd|1\n|move|p2b: Tornadus|Bleakwind Storm|p1b: Lilligant|[spread] p1a\n|-miss|p2b: Tornadus|p1b: Lilligant\n|-damage|p1a: Farigiraf|0 fnt\n|faint|p1a: Farigiraf\n|\n|upkeep\n|\n|t:|1701125503\n|switch|p1a: Empoleon|Empoleon, F|100\/100\n|turn|7\n|inactive|silverpog has 120 seconds left.\n|\n|t:|1701125514\n|move|p1b: Lilligant|Petal Blizzard|p2a: Great Tusk|[spread] p1a,p2a,p2b\n|-supereffective|p2a: Great Tusk\n|-resisted|p2b: Tornadus\n|-crit|p2b: Tornadus\n|-damage|p1a: Empoleon|85\/100\n|-damage|p2a: Great Tusk|42\/100\n|-damage|p2b: Tornadus|60\/100\n|move|p2a: Great Tusk|Close Combat|p1a: Empoleon\n|-supereffective|p1a: Empoleon\n|-damage|p1a: Empoleon|0 fnt\n|-unboost|p2a: Great Tusk|def|1\n|-unboost|p2a: Great Tusk|spd|1\n|faint|p1a: Empoleon\n|move|p2b: Tornadus|Bleakwind Storm|p1b: Lilligant|[miss]\n|-miss|p2b: Tornadus|p1b: Lilligant\n|\n|upkeep\n|\n|t:|1701125526\n|switch|p1a: Manaphy|Manaphy|100\/100\n|turn|8\n|\n|t:|1701125541\n|move|p1b: Lilligant|Protect|p1b: Lilligant\n|-singleturn|p1b: Lilligant|Protect\n|move|p1a: Manaphy|Tail Glow|p1a: Manaphy\n|-boost|p1a: Manaphy|spa|3\n|move|p2a: Great Tusk|Earthquake|p1a: Manaphy|[spread] p1a\n|-activate|p1b: Lilligant|move: Protect\n|-immune|p2b: Tornadus\n|-damage|p1a: Manaphy|61\/100\n|move|p2b: Tornadus|Bleakwind Storm|p1a: Manaphy|[spread] p1a\n|-activate|p1b: Lilligant|move: Protect\n|-damage|p1a: Manaphy|32\/100\n|\n|-heal|p1a: Manaphy|38\/100|[from] item: Leftovers\n|upkeep\n|turn|9\n|inactive|silverpog has 120 seconds left.\n|\n|t:|1701125588\n|move|p1a: Manaphy|Ice Beam|p2b: Tornadus\n|-supereffective|p2b: Tornadus\n|-damage|p2b: Tornadus|0 fnt\n|faint|p2b: Tornadus\n|move|p1b: Lilligant|Pollen Puff|p1a: Manaphy\n|-heal|p1a: Manaphy|88\/100\n|move|p2a: Great Tusk|Headlong Rush|p1a: Manaphy\n|-damage|p1a: Manaphy|24\/100\n|-unboost|p2a: Great Tusk|def|1\n|-unboost|p2a: Great Tusk|spd|1\n|\n|-heal|p1a: Manaphy|30\/100|[from] item: Leftovers\n|upkeep\n|\n|t:|1701125600\n|switch|p2b: Meowscarada|Meowscarada, M|100\/100\n|-damage|p2b: Meowscarada|88\/100|[from] Stealth Rock\n|turn|10\n|inactive|silverpog has 120 seconds left.\n|\n|t:|1701125617\n|move|p2b: Meowscarada|Sucker Punch|p1a: Manaphy\n|-damage|p1a: Manaphy|0 fnt\n|faint|p1a: Manaphy\n|move|p1b: Lilligant|Pollen Puff|p1: Manaphy|[notarget]\n|-fail|p1b: Lilligant\n|move|p2a: Great Tusk|Headlong Rush|p1b: Lilligant\n|-resisted|p1b: Lilligant\n|-damage|p1b: Lilligant|16\/100\n|-unboost|p2a: Great Tusk|def|1\n|-unboost|p2a: Great Tusk|spd|1\n|-enditem|p1b: Lilligant|Figy Berry|[eat]\n|-heal|p1b: Lilligant|49\/100|[from] item: Figy Berry\n|\n|upkeep\n|turn|11\n|inactive|silverpog has 120 seconds left.\n|\n|t:|1701125665\n|move|p1b: Lilligant|Protect|p1b: Lilligant\n|-singleturn|p1b: Lilligant|Protect\n|move|p2a: Great Tusk|Protect|p2a: Great Tusk\n|-singleturn|p2a: Great Tusk|Protect\n|move|p2b: Meowscarada|Sucker Punch||[still]\n|-fail|p2b: Meowscarada\n|\n|upkeep\n|turn|12\n|inactive|silverpog has 120 seconds left.\n|\n|t:|1701125676\n|move|p2b: Meowscarada|Sucker Punch|p1b: Lilligant\n|-damage|p1b: Lilligant|0 fnt\n|faint|p1b: Lilligant\n|\n|win|silverpog\n|raw|IanJinn's rating: 1100 &rarr; <strong>1068<\/strong><br \/>(-32 for losing)\n|raw|silverpog's rating: 1000 &rarr; <strong>1051<\/strong><br \/>(+51 for winning)\n","uploadtime":1701125681,"views":13,"p1id":"ianjinn","p2id":"silverpog","formatid":"gen9doublesou","rating":1051,"private":0,"password":""}