{"id":"gen9doublesou-1993650921","p1":"elpape","p2":"lpnlpn","format":"[Gen 9] Doubles OU","log":"|j|\u2606elpape\n|j|\u2606lpnlpn\n|t:|1700341630\n|gametype|doubles\n|player|p1|elpape|dragontamer|1355\n|player|p2|lpnlpn|lusamine-nihilego|1393\n|teamsize|p1|6\n|teamsize|p2|6\n|gen|9\n|tier|[Gen 9] Doubles OU\n|rated|\n|rule|Species Clause: Limit one of each Pok\u00e9mon\n|rule|OHKO Clause: OHKO moves are banned\n|rule|Evasion Moves Clause: Evasion moves are banned\n|rule|Gravity Sleep Clause: The combination of sleep-inducing moves with imperfect accuracy and Gravity or Gigantamax Orbeetle are banned\n|rule|Endless Battle Clause: Forcing endless battles is banned\n|rule|HP Percentage Mod: HP is shown in percentages\n|clearpoke\n|poke|p1|Kommo-o, M|\n|poke|p1|Ogerpon-Hearthflame, F|\n|poke|p1|Diancie|\n|poke|p1|Cresselia, F|\n|poke|p1|Rillaboom, M|\n|poke|p1|Perrserker, F|\n|poke|p2|Amoonguss, M|\n|poke|p2|Garganacl, M|\n|poke|p2|Grimmsnarl, M|\n|poke|p2|Tyranitar, M|\n|poke|p2|Ogerpon-Hearthflame, F|\n|poke|p2|Iron Bundle|\n|teampreview\n|inactive|Battle timer is ON: inactive players will automatically lose when time's up. (requested by elpape)\n|inactive|lpnlpn has 120 seconds left.\n|\n|t:|1700341682\n|start\n|switch|p1a: Diancie|Diancie|100\/100\n|switch|p1b: Rillaboom|Rillaboom, M|100\/100\n|switch|p2a: Goblindeeznuts|Grimmsnarl, M|100\/100\n|switch|p2b: Ogerpon|Ogerpon-Hearthflame, F|100\/100\n|-ability|p2b: Ogerpon|Mold Breaker\n|-fieldstart|move: Grassy Terrain|[from] ability: Grassy Surge|[of] p1b: Rillaboom\n|turn|1\n|\n|t:|1700341707\n|move|p1b: Rillaboom|Fake Out|p2b: Ogerpon\n|-damage|p2b: Ogerpon|81\/100\n|move|p2a: Goblindeeznuts|Reflect|p2a: Goblindeeznuts\n|-sidestart|p2: lpnlpn|Reflect\n|cant|p2b: Ogerpon|flinch\n|move|p1a: Diancie|Iron Defense|p1a: Diancie\n|-boost|p1a: Diancie|def|2\n|\n|-heal|p2b: Ogerpon|87\/100|[from] Grassy Terrain\n|upkeep\n|turn|2\n|\n|t:|1700341729\n|move|p2a: Goblindeeznuts|Light Screen|p2a: Goblindeeznuts\n|-sidestart|p2: lpnlpn|move: Light Screen\n|move|p2b: Ogerpon|Wood Hammer|p1a: Diancie\n|-supereffective|p1a: Diancie\n|-damage|p1a: Diancie|37\/100\n|-damage|p2b: Ogerpon|67\/100|[from] Recoil\n|move|p1b: Rillaboom|High Horsepower|p2b: Ogerpon\n|-damage|p2b: Ogerpon|39\/100\n|move|p1a: Diancie|Iron Defense|p1a: Diancie\n|-boost|p1a: Diancie|def|2\n|\n|-heal|p2b: Ogerpon|45\/100|[from] Grassy Terrain\n|-heal|p1a: Diancie|43\/100|[from] Grassy Terrain\n|-heal|p1a: Diancie|49\/100|[from] item: Leftovers\n|upkeep\n|turn|3\n|\n|t:|1700341756\n|move|p2a: Goblindeeznuts|Parting Shot|p1b: Rillaboom\n|-unboost|p1b: Rillaboom|atk|1\n|-unboost|p1b: Rillaboom|spa|1\n|\n|t:|1700341764\n|switch|p2a: Sussy|Amoonguss, M|100\/100|[from] Parting Shot\n|move|p2b: Ogerpon|Wood Hammer|p1a: Diancie\n|-supereffective|p1a: Diancie\n|-damage|p1a: Diancie|10\/100\n|-damage|p2b: Ogerpon|33\/100|[from] Recoil\n|move|p1b: Rillaboom|High Horsepower|p2b: Ogerpon\n|-damage|p2b: Ogerpon|14\/100\n|move|p1a: Diancie|Baton Pass|p1a: Diancie\n|inactive|elpape has 120 seconds left.\n|\n|t:|1700341782\n|switch|p1a: Perrserker|Perrserker, F|100\/100|[from] Baton Pass\n|\n|-heal|p2b: Ogerpon|20\/100|[from] Grassy Terrain\n|upkeep\n|turn|4\n|inactive|lpnlpn has 120 seconds left.\n|inactive|lpnlpn has 90 seconds left.\n|inactive|lpnlpn has 60 seconds left.\n|\n|t:|1700341890\n|move|p2b: Ogerpon|Ivy Cudgel|p1b: Rillaboom|[anim] Ivy Cudgel Fire\n|-supereffective|p1b: Rillaboom\n|-damage|p1b: Rillaboom|0 fnt\n|faint|p1b: Rillaboom\n|move|p1a: Perrserker|Iron Defense|p1a: Perrserker\n|-boost|p1a: Perrserker|def|2\n|move|p2a: Sussy|Spore|p1a: Perrserker\n|-status|p1a: Perrserker|slp|[from] move: Spore\n|\n|-heal|p2b: Ogerpon|26\/100|[from] Grassy Terrain\n|upkeep\n|\n|t:|1700341903\n|switch|p1b: Diancie|Diancie|10\/100\n|turn|5\n|inactive|lpnlpn has 60 seconds left.\n|inactive|lpnlpn has 30 seconds left.\n|\n|t:|1700341957\n|move|p2b: Ogerpon|Trailblaze|p1b: Diancie\n|-supereffective|p1b: Diancie\n|-damage|p1b: Diancie|0 fnt\n|-boost|p2b: Ogerpon|spe|1\n|faint|p1b: Diancie\n|cant|p1a: Perrserker|slp\n|move|p2a: Sussy|Pollen Puff|p2b: Ogerpon\n|-heal|p2b: Ogerpon|76\/100\n|\n|-heal|p2b: Ogerpon|82\/100|[from] Grassy Terrain\n|upkeep\n|inactive|lpnlpn has 30 seconds left this turn.\n|\n|t:|1700341986\n|switch|p1b: Kommo-o|Kommo-o, M, shiny|100\/100\n|turn|6\n|inactive|lpnlpn has 30 seconds left.\n|inactive|lpnlpn has 20 seconds left.\n|inactive|lpnlpn has 15 seconds left.\n|inactive|lpnlpn has 10 seconds left.\n|\n|t:|1700342034\n|-terastallize|p2b: Ogerpon|Fire\n|detailschange|p2b: Ogerpon|Ogerpon-Hearthflame-Tera, F, tera:Fire\n|-ability|p2b: Ogerpon|Embody Aspect (Hearthflame)|boost\n|-boost|p2b: Ogerpon|atk|1\n|move|p1b: Kommo-o|Protect|p1b: Kommo-o\n|-singleturn|p1b: Kommo-o|Protect\n|move|p2b: Ogerpon|Ivy Cudgel|p1a: Perrserker|[anim] Ivy Cudgel Fire\n|-supereffective|p1a: Perrserker\n|-damage|p1a: Perrserker|50\/100 slp\n|cant|p1a: Perrserker|slp\n|move|p2a: Sussy|Spore|p1b: Kommo-o\n|-activate|p1b: Kommo-o|move: Protect\n|\n|-heal|p2b: Ogerpon|88\/100|[from] Grassy Terrain\n|-heal|p1a: Perrserker|56\/100 slp|[from] Grassy Terrain\n|-heal|p1a: Perrserker|62\/100 slp|[from] item: Leftovers\n|upkeep\n|turn|7\n|inactive|lpnlpn has 30 seconds left.\n|inactive|lpnlpn has 20 seconds left.\n|inactive|lpnlpn has 15 seconds left.\n|inactive|lpnlpn has 10 seconds left.\n|inactive|elpape has 120 seconds left.\n|\n|t:|1700342066\n|switch|p1b: Ogerpon|Ogerpon-Hearthflame, F|100\/100\n|-ability|p1b: Ogerpon|Mold Breaker\n|move|p2b: Ogerpon|Ivy Cudgel|p1a: Perrserker|[anim] Ivy Cudgel Fire\n|-supereffective|p1a: Perrserker\n|-damage|p1a: Perrserker|11\/100 slp\n|-curestatus|p1a: Perrserker|slp|[msg]\n|move|p1a: Perrserker|Baton Pass|p1a: Perrserker\n|inactive|lpnlpn has 15 seconds left this turn.\n|inactive|elpape has 120 seconds left.\n|\n|t:|1700342071\n|switch|p1a: Kommo-o|Kommo-o, M, shiny|100\/100|[from] Baton Pass\n|move|p2a: Sussy|Spore|p1b: Ogerpon\n|-immune|p1b: Ogerpon\n|\n|-heal|p2b: Ogerpon|94\/100|[from] Grassy Terrain\n|upkeep\n|turn|8\n|inactive|lpnlpn has 30 seconds left.\n|inactive|lpnlpn has 20 seconds left.\n|inactive|lpnlpn has 15 seconds left.\n|inactive|lpnlpn has 10 seconds left.\n|\n|t:|1700342102\n|move|p2b: Ogerpon|Ivy Cudgel|p1b: Ogerpon|[anim] Ivy Cudgel Fire\n|-damage|p1b: Ogerpon|0 fnt\n|faint|p1b: Ogerpon\n|move|p1a: Kommo-o|Clangorous Soul|p1a: Kommo-o\n|-boost|p1a: Kommo-o|atk|1\n|-boost|p1a: Kommo-o|def|0\n|-boost|p1a: Kommo-o|spa|1\n|-boost|p1a: Kommo-o|spd|1\n|-boost|p1a: Kommo-o|spe|1\n|-damage|p1a: Kommo-o|68\/100\n|move|p2a: Sussy|Toxic|p1a: Kommo-o\n|-status|p1a: Kommo-o|tox\n|\n|-heal|p2b: Ogerpon|99\/100|[from] Grassy Terrain\n|-heal|p1a: Kommo-o|74\/100 tox|[from] Grassy Terrain\n|-heal|p1a: Kommo-o|80\/100 tox|[from] item: Leftovers\n|-damage|p1a: Kommo-o|74\/100 tox|[from] psn\n|-sideend|p2: lpnlpn|Reflect\n|-fieldend|move: Grassy Terrain\n|upkeep\n|inactive|lpnlpn has 15 seconds left this turn.\n|\n|t:|1700342119\n|switch|p1b: Cresselia|Cresselia, F, shiny|100\/100\n|turn|9\n|inactive|lpnlpn has 30 seconds left.\n|inactive|lpnlpn has 20 seconds left.\n|inactive|lpnlpn has 15 seconds left.\n|\n|t:|1700342147\n|move|p2b: Ogerpon|Ivy Cudgel|p1b: Cresselia|[anim] Ivy Cudgel Fire\n|-damage|p1b: Cresselia|25\/100\n|move|p1a: Kommo-o|Clangorous Soul|p1a: Kommo-o\n|-boost|p1a: Kommo-o|atk|1\n|-boost|p1a: Kommo-o|def|0\n|-boost|p1a: Kommo-o|spa|1\n|-boost|p1a: Kommo-o|spd|1\n|-boost|p1a: Kommo-o|spe|1\n|-damage|p1a: Kommo-o|41\/100 tox\n|move|p1b: Cresselia|Lunar Blessing|p1b: Cresselia|[spread] p1a,p1b\n|-heal|p1a: Kommo-o|66\/100 tox\n|-curestatus|p1a: Kommo-o|tox|[msg]\n|-heal|p1b: Cresselia|50\/100\n|move|p2a: Sussy|Spore|p1b: Cresselia\n|-status|p1b: Cresselia|slp|[from] move: Spore\n|\n|-heal|p1a: Kommo-o|72\/100|[from] item: Leftovers\n|-heal|p1b: Cresselia|56\/100 slp|[from] item: Leftovers\n|-sideend|p2: lpnlpn|move: Light Screen\n|upkeep\n|turn|10\n|inactive|lpnlpn has 30 seconds left.\n|inactive|lpnlpn has 20 seconds left.\n|inactive|lpnlpn has 15 seconds left.\n|inactive|lpnlpn has 10 seconds left.\n|inactive|lpnlpn has 5 seconds left.\n|\n|t:|1700342184\n|move|p1a: Kommo-o|Protect|p1a: Kommo-o\n|-singleturn|p1a: Kommo-o|Protect\n|move|p2b: Ogerpon|Ivy Cudgel|p1b: Cresselia|[anim] Ivy Cudgel Fire\n|-damage|p1b: Cresselia|0 fnt\n|faint|p1b: Cresselia\n|move|p2a: Sussy|Toxic|p1a: Kommo-o\n|-activate|p1a: Kommo-o|move: Protect\n|\n|-heal|p1a: Kommo-o|78\/100|[from] item: Leftovers\n|upkeep\n|inactive|lpnlpn has 10 seconds left this turn.\n|\n|t:|1700342193\n|switch|p1b: Perrserker|Perrserker, F|11\/100\n|turn|11\n|inactive|lpnlpn has 30 seconds left.\n|\n|t:|1700342202\n|move|p2b: Ogerpon|Ivy Cudgel|p1b: Perrserker|[anim] Ivy Cudgel Fire\n|-supereffective|p1b: Perrserker\n|-damage|p1b: Perrserker|0 fnt\n|faint|p1b: Perrserker\n|move|p1a: Kommo-o|Shadow Claw|p2a: Sussy\n|-damage|p2a: Sussy|60\/100\n|move|p2a: Sussy|Toxic|p1a: Kommo-o\n|-status|p1a: Kommo-o|tox\n|\n|-heal|p1a: Kommo-o|85\/100 tox|[from] item: Leftovers\n|-heal|p2a: Sussy|67\/100|[from] item: Black Sludge\n|-damage|p1a: Kommo-o|78\/100 tox|[from] psn\n|upkeep\n|turn|12\n|-message|elpape forfeited.\n|\n|win|lpnlpn\n|raw|elpape's rating: 1355 &rarr; <strong>1337<\/strong><br \/>(-18 for losing)\n|raw|lpnlpn's rating: 1393 &rarr; <strong>1411<\/strong><br \/>(+18 for winning)\n|l|\u2606elpape\n","uploadtime":1700342224,"views":5,"p1id":"elpape","p2id":"lpnlpn","formatid":"gen9doublesou","rating":1337,"private":0,"password":""}