{"id":"gen9doublesou-1968945412","p1":"CosmicJiafei","p2":"edgypunishment","format":"[Gen 9] Doubles OU","log":"|j|\u2606CosmicJiafei\n|j|\u2606edgypunishment\n|t:|1697477483\n|gametype|doubles\n|player|p1|CosmicJiafei|1|1116\n|player|p2|edgypunishment|102|1177\n|teamsize|p1|6\n|teamsize|p2|6\n|gen|9\n|tier|[Gen 9] Doubles OU\n|rated|\n|rule|Species Clause: Limit one of each Pok\u00e9mon\n|rule|OHKO Clause: OHKO moves are banned\n|rule|Evasion Moves Clause: Evasion moves are banned\n|rule|Gravity Sleep Clause: The combination of sleep-inducing moves with imperfect accuracy and Gravity or Gigantamax Orbeetle are banned\n|rule|Endless Battle Clause: Forcing endless battles is banned\n|rule|HP Percentage Mod: HP is shown in percentages\n|clearpoke\n|poke|p1|Ninetales-Alola, F|\n|poke|p1|Corviknight, M|\n|poke|p1|Ceruledge, M|\n|poke|p1|Blissey, F|\n|poke|p1|Meowscarada, F|\n|poke|p1|Glimmora, M|\n|poke|p2|Haxorus, M|\n|poke|p2|Roaring Moon|\n|poke|p2|Walking Wake|\n|poke|p2|Dragalge, M|\n|poke|p2|Baxcalibur, F|\n|poke|p2|Goodra-Hisui, F|\n|teampreview\n|inactive|Battle timer is ON: inactive players will automatically lose when time's up. (requested by edgypunishment)\n|\n|t:|1697477491\n|start\n|switch|p1a: Ninetales|Ninetales-Alola, F, shiny|100\/100\n|switch|p1b: Meowscarada|Meowscarada, F|100\/100\n|switch|p2a: Haxorus|Haxorus, M|100\/100\n|switch|p2b: Roaring Moon|Roaring Moon|100\/100\n|-weather|Snow|[from] ability: Snow Warning|[of] p1a: Ninetales\n|-ability|p2a: Haxorus|Mold Breaker\n|-enditem|p2b: Roaring Moon|Booster Energy\n|-activate|p2b: Roaring Moon|ability: Protosynthesis|[fromitem]\n|-start|p2b: Roaring Moon|protosynthesisatk\n|turn|1\n|inactive|edgypunishment has 120 seconds left.\n|\n|t:|1697477523\n|move|p1a: Ninetales|Aurora Veil|p1a: Ninetales\n|-sidestart|p1: CosmicJiafei|move: Aurora Veil\n|move|p1b: Meowscarada|Agility|p1b: Meowscarada\n|-start|p1b: Meowscarada|typechange|Psychic|[from] ability: Protean\n|-boost|p1b: Meowscarada|spe|2\n|move|p2b: Roaring Moon|Iron Head|p1a: Ninetales\n|-supereffective|p1a: Ninetales\n|-damage|p1a: Ninetales|0 fnt\n|faint|p1a: Ninetales\n|move|p2a: Haxorus|Dragon Dance|p2a: Haxorus\n|-boost|p2a: Haxorus|atk|1\n|-boost|p2a: Haxorus|spe|1\n|\n|-weather|Snow|[upkeep]\n|upkeep\n|\n|t:|1697477538\n|switch|p1a: Blissey|Blissey, F|100\/100\n|turn|2\n|\n|t:|1697477551\n|move|p1b: Meowscarada|Shadow Claw|p2a: Haxorus\n|-damage|p2a: Haxorus|61\/100\n|-damage|p1b: Meowscarada|91\/100|[from] item: Life Orb\n|move|p2a: Haxorus|Dragon Claw|p1a: Blissey\n|-damage|p1a: Blissey|60\/100\n|move|p2b: Roaring Moon|Crunch|p1b: Meowscarada\n|-supereffective|p1b: Meowscarada\n|-damage|p1b: Meowscarada|0 fnt\n|faint|p1b: Meowscarada\n|move|p1a: Blissey|Dazzling Gleam|p2a: Haxorus|[spread] p2a,p2b\n|-supereffective|p2a: Haxorus\n|-supereffective|p2b: Roaring Moon\n|-damage|p2a: Haxorus|25\/100\n|-damage|p2b: Roaring Moon|56\/100\n|\n|-weather|Snow|[upkeep]\n|-heal|p1a: Blissey|66\/100|[from] item: Leftovers\n|upkeep\n|\n|t:|1697477568\n|switch|p1b: Corviknight|Corviknight, M|100\/100\n|-ability|p1b: Corviknight|Pressure\n|turn|3\n|\n|t:|1697477580\n|move|p2a: Haxorus|Dragon Claw|p1a: Blissey\n|-damage|p1a: Blissey|25\/100\n|move|p2b: Roaring Moon|Crunch|p1a: Blissey\n|-damage|p1a: Blissey|0 fnt\n|faint|p1a: Blissey\n|move|p1b: Corviknight|Body Press|p2b: Roaring Moon\n|-supereffective|p2b: Roaring Moon\n|-damage|p2b: Roaring Moon|0 fnt\n|faint|p2b: Roaring Moon\n|-end|p2b: Roaring Moon|Protosynthesis|[silent]\n|\n|-weather|Snow|[upkeep]\n|upkeep\n|\n|t:|1697477594\n|switch|p2b: Walking Wake|Walking Wake|100\/100\n|switch|p1a: Glimmora|Glimmora, M|100\/100\n|turn|4\n|\n|t:|1697477617\n|move|p1a: Glimmora|Toxic|p2b: Walking Wake\n|-status|p2b: Walking Wake|tox\n|move|p2a: Haxorus|Iron Head|p1a: Glimmora\n|-supereffective|p1a: Glimmora\n|-damage|p1a: Glimmora|24\/100\n|-activate|p1a: Glimmora|ability: Toxic Debris\n|-sidestart|p2: edgypunishment|move: Toxic Spikes\n|move|p2b: Walking Wake|Sunny Day|p2b: Walking Wake\n|-weather|SunnyDay\n|-activate|p2b: Walking Wake|ability: Protosynthesis\n|-start|p2b: Walking Wake|protosynthesisspe\n|move|p1b: Corviknight|Body Press|p2a: Haxorus\n|-damage|p2a: Haxorus|0 fnt\n|faint|p2a: Haxorus\n|\n|-weather|SunnyDay|[upkeep]\n|-damage|p2b: Walking Wake|94\/100 tox|[from] psn\n|upkeep\n|\n|t:|1697477636\n|switch|p2a: Goodra|Goodra-Hisui, F|100\/100\n|turn|5\n|\n|t:|1697477649\n|switch|p1a: Ceruledge|Ceruledge, M|100\/100\n|move|p2b: Walking Wake|Flamethrower|p1b: Corviknight\n|-supereffective|p1b: Corviknight\n|-damage|p1b: Corviknight|45\/100\n|move|p1b: Corviknight|Body Press|p2a: Goodra\n|-supereffective|p2a: Goodra\n|-damage|p2a: Goodra|54\/100\n|-ability|p2a: Goodra|Gooey\n|-unboost|p1b: Corviknight|spe|1\n|move|p2a: Goodra|Flash Cannon|p1a: Ceruledge\n|-resisted|p1a: Ceruledge\n|-damage|p1a: Ceruledge|84\/100\n|\n|-weather|SunnyDay|[upkeep]\n|-damage|p2b: Walking Wake|82\/100 tox|[from] psn\n|upkeep\n|turn|6\n|inactive|CosmicJiafei has 120 seconds left.\n|\n|t:|1697477683\n|-terastallize|p1a: Ceruledge|Ghost\n|move|p2b: Walking Wake|Hydro Steam|p1a: Ceruledge\n|-damage|p1a: Ceruledge|35\/100\n|move|p1a: Ceruledge|Bitter Blade|p2a: Goodra\n|-damage|p2a: Goodra|0 fnt\n|-heal|p1a: Ceruledge|68\/100|[from] drain|[of] p2a: Goodra\n|-ability|p2a: Goodra|Gooey\n|-unboost|p1a: Ceruledge|spe|1\n|faint|p2a: Goodra\n|move|p1b: Corviknight|Body Press|p2b: Walking Wake\n|-damage|p2b: Walking Wake|56\/100 tox\n|\n|-weather|SunnyDay|[upkeep]\n|-damage|p2b: Walking Wake|37\/100 tox|[from] psn\n|upkeep\n|inactive|edgypunishment has 120 seconds left.\n|\n|t:|1697477702\n|switch|p2a: Dragalge|Dragalge, M|100\/100\n|-sideend|p2: edgypunishment|move: Toxic Spikes|[of] p2a: Dragalge\n|turn|7\n|\n|t:|1697477713\n|move|p2b: Walking Wake|Flamethrower|p1b: Corviknight\n|-supereffective|p1b: Corviknight\n|-damage|p1b: Corviknight|0 fnt\n|faint|p1b: Corviknight\n|move|p1a: Ceruledge|Swords Dance|p1a: Ceruledge\n|-boost|p1a: Ceruledge|atk|2\n|move|p2a: Dragalge|Toxic|p1a: Ceruledge\n|-status|p1a: Ceruledge|tox\n|\n|-weather|SunnyDay|[upkeep]\n|-damage|p2b: Walking Wake|13\/100 tox|[from] psn\n|-damage|p1a: Ceruledge|62\/100 tox|[from] psn\n|upkeep\n|\n|t:|1697477723\n|switch|p1b: Glimmora|Glimmora, M|24\/100\n|turn|8\n|\n|t:|1697477738\n|move|p2a: Dragalge|Protect|p2a: Dragalge\n|-singleturn|p2a: Dragalge|Protect\n|move|p1a: Ceruledge|Shadow Sneak|p2a: Dragalge\n|-activate|p2a: Dragalge|move: Protect\n|move|p2b: Walking Wake|Hydro Steam|p1b: Glimmora\n|-supereffective|p1b: Glimmora\n|-damage|p1b: Glimmora|0 fnt\n|faint|p1b: Glimmora\n|\n|-weather|none\n|-end|p2b: Walking Wake|Protosynthesis\n|-damage|p2b: Walking Wake|0 fnt|[from] psn\n|faint|p2b: Walking Wake\n|-end|p2b: Walking Wake|Protosynthesis|[silent]\n|-damage|p1a: Ceruledge|50\/100 tox|[from] psn\n|-sideend|p1: CosmicJiafei|move: Aurora Veil\n|upkeep\n|\n|t:|1697477751\n|switch|p2b: Baxcalibur|Baxcalibur, F|100\/100\n|turn|9\n|l|\u2606CosmicJiafei\n|inactive|CosmicJiafei disconnected and has a minute to reconnect!\n|player|p1|\n|inactive|CosmicJiafei has 30 seconds to reconnect!\n|inactive|CosmicJiafei has 20 seconds to reconnect!\n|inactive|CosmicJiafei has 15 seconds to reconnect!\n|inactive|CosmicJiafei has 10 seconds to reconnect!\n|inactive|CosmicJiafei has 5 seconds to reconnect!\n|-message|CosmicJiafei lost due to inactivity.\n|\n|win|edgypunishment\n|raw|CosmicJiafei's rating: 1116 &rarr; <strong>1095<\/strong><br \/>(-21 for losing)\n|raw|edgypunishment's rating: 1177 &rarr; <strong>1198<\/strong><br \/>(+21 for winning)\n","uploadtime":1697477852,"views":11,"p1id":"cosmicjiafei","p2id":"edgypunishment","formatid":"gen9doublesou","rating":1095,"private":0,"password":""}