{"id":"gen9doublesou-1975204215","p1":"shanepokemon78","p2":"AllenDegenerate","format":"[Gen 9] Doubles OU","log":"|j|\u2606shanepokemon78\n|j|\u2606AllenDegenerate\n|t:|1698169984\n|gametype|doubles\n|player|p1|shanepokemon78|gentleman-gen4dp|1372\n|player|p2|AllenDegenerate|shadowtriad|1340\n|teamsize|p1|6\n|teamsize|p2|6\n|gen|9\n|tier|[Gen 9] Doubles OU\n|rated|\n|rule|Species Clause: Limit one of each Pok\u00e9mon\n|rule|OHKO Clause: OHKO moves are banned\n|rule|Evasion Moves Clause: Evasion moves are banned\n|rule|Gravity Sleep Clause: The combination of sleep-inducing moves with imperfect accuracy and Gravity or Gigantamax Orbeetle are banned\n|rule|Endless Battle Clause: Forcing endless battles is banned\n|rule|HP Percentage Mod: HP is shown in percentages\n|clearpoke\n|poke|p1|Goodra, M|\n|poke|p1|Cinderace, M|\n|poke|p1|Manaphy|\n|poke|p1|Moltres-Galar|\n|poke|p1|Diancie|\n|poke|p1|Sinistcha|\n|poke|p2|Orthworm, F|\n|poke|p2|Grimmsnarl, M|\n|poke|p2|Dragonite, M|\n|poke|p2|Scizor, M|\n|poke|p2|Ceruledge, F|\n|poke|p2|Zoroark-Hisui, F|\n|teampreview\n|inactive|Battle timer is ON: inactive players will automatically lose when time's up. (requested by AllenDegenerate)\n|\n|t:|1698169998\n|start\n|switch|p1a: Moltres|Moltres-Galar|100\/100\n|switch|p1b: Cinderace|Cinderace, M|100\/100\n|switch|p2a: Grimmsnarl|Grimmsnarl, M, shiny|100\/100\n|switch|p2b: Ceruledge|Ceruledge, F|100\/100\n|turn|1\n|\n|t:|1698170025\n|move|p2a: Grimmsnarl|Light Screen|p2a: Grimmsnarl\n|-sidestart|p2: AllenDegenerate|move: Light Screen\n|move|p1b: Cinderace|Gunk Shot|p2a: Grimmsnarl\n|-start|p1b: Cinderace|typechange|Poison|[from] ability: Libero\n|-supereffective|p2a: Grimmsnarl\n|-damage|p2a: Grimmsnarl|0 fnt\n|faint|p2a: Grimmsnarl\n|move|p2b: Ceruledge|Bitter Malice|p1b: Cinderace\n|-damage|p1b: Cinderace|44\/100\n|-unboost|p1b: Cinderace|atk|1\n|move|p1a: Moltres|Fiery Wrath|p2b: Ceruledge\n|-supereffective|p2b: Ceruledge\n|-enditem|p2b: Ceruledge|Focus Sash\n|-damage|p2b: Ceruledge|1\/100\n|replace|p2b: Zoroark|Zoroark-Hisui, F\n|-end|p2b: Zoroark|Illusion\n|\n|upkeep\n|inactive|AllenDegenerate has 120 seconds left.\n|\n|t:|1698170043\n|switch|p2a: Dragonite|Dragonite, M|100\/100\n|turn|2\n|\n|t:|1698170050\n|move|p1b: Cinderace|Sucker Punch||[still]\n|-fail|p1b: Cinderace\n|move|p1a: Moltres|Ancient Power|p2a: Dragonite\n|-supereffective|p2a: Dragonite\n|-damage|p2a: Dragonite|90\/100\n|-boost|p1a: Moltres|atk|1\n|-boost|p1a: Moltres|def|1\n|-boost|p1a: Moltres|spa|1\n|-boost|p1a: Moltres|spd|1\n|-boost|p1a: Moltres|spe|1\n|move|p2a: Dragonite|Dragon Dance|p2a: Dragonite\n|-boost|p2a: Dragonite|atk|1\n|-boost|p2a: Dragonite|spe|1\n|move|p2b: Zoroark|Roar|p1a: Moltres\n|drag|p1a: Manaphy|Manaphy|100\/100\n|\n|upkeep\n|turn|3\n|\n|t:|1698170075\n|move|p1b: Cinderace|Pyro Ball|p2b: Zoroark\n|-damage|p2b: Zoroark|0 fnt\n|faint|p2b: Zoroark\n|move|p2a: Dragonite|Dragon Dance|p2a: Dragonite\n|-boost|p2a: Dragonite|atk|1\n|-boost|p2a: Dragonite|spe|1\n|move|p1a: Manaphy|Heart Swap|p2a: Dragonite\n|-swapboost|p1a: Manaphy|p2a: Dragonite|[from] move: Heart Swap\n|\n|upkeep\n|inactive|AllenDegenerate has 120 seconds left.\n|\n|t:|1698170102\n|switch|p2b: Orthworm|Orthworm, F|100\/100\n|turn|4\n|\n|t:|1698170112\n|move|p2a: Dragonite|Extreme Speed|p1b: Cinderace\n|-damage|p1b: Cinderace|2\/100\n|move|p1a: Manaphy|Skill Swap|p2b: Orthworm\n|-activate|p1a: Manaphy|move: Skill Swap|Earth Eater|Hydration|[of] p2b: Orthworm\n|move|p1b: Cinderace|Gunk Shot|p2a: Dragonite\n|-damage|p2a: Dragonite|51\/100\n|move|p2b: Orthworm|Body Press|p1a: Manaphy\n|-damage|p1a: Manaphy|76\/100\n|\n|upkeep\n|turn|5\n|\n|t:|1698170135\n|move|p2a: Dragonite|Extreme Speed|p1a: Manaphy\n|-damage|p1a: Manaphy|45\/100\n|-enditem|p1a: Manaphy|Sitrus Berry|[eat]\n|-heal|p1a: Manaphy|70\/100|[from] item: Sitrus Berry\n|move|p1a: Manaphy|Dazzling Gleam|p2a: Dragonite|[spread] p2a,p2b\n|-supereffective|p2a: Dragonite\n|-resisted|p2b: Orthworm\n|-damage|p2a: Dragonite|27\/100\n|-damage|p2b: Orthworm|95\/100\n|move|p1b: Cinderace|Pyro Ball|p2b: Orthworm\n|-supereffective|p2b: Orthworm\n|-crit|p2b: Orthworm\n|-damage|p2b: Orthworm|10\/100\n|move|p2b: Orthworm|Shed Tail|p2b: Orthworm\n|-fail|p2b: Orthworm|move: Shed Tail|[weak]\n|\n|-heal|p2b: Orthworm|16\/100|[from] item: Leftovers\n|upkeep\n|turn|6\n|-message|AllenDegenerate forfeited.\n|\n|win|shanepokemon78\n|raw|shanepokemon78's rating: 1372 &rarr; <strong>1390<\/strong><br \/>(+18 for winning)\n|raw|AllenDegenerate's rating: 1340 &rarr; <strong>1322<\/strong><br \/>(-18 for losing)\n|l|\u2606AllenDegenerate\n","uploadtime":1698170156,"views":20,"p1id":"shanepokemon78","p2id":"allendegenerate","formatid":"gen9doublesou","rating":1322,"private":0,"password":""}