{"id":"gen9doublesou-1981800572","p1":"FabioLunar","p2":"ClearSkies3","format":"[Gen 9] Doubles OU","log":"|j|\u2606FabioLunar\n|j|\u2606ClearSkies3\n|t:|1698942603\n|gametype|doubles\n|player|p1|FabioLunar|zinnia|1076\n|player|p2|ClearSkies3|iris-gen5bw2|1078\n|teamsize|p1|6\n|teamsize|p2|6\n|gen|9\n|tier|[Gen 9] Doubles OU\n|rated|\n|rule|Species Clause: Limit one of each Pok\u00e9mon\n|rule|OHKO Clause: OHKO moves are banned\n|rule|Evasion Moves Clause: Evasion moves are banned\n|rule|Gravity Sleep Clause: The combination of sleep-inducing moves with imperfect accuracy and Gravity or Gigantamax Orbeetle are banned\n|rule|Endless Battle Clause: Forcing endless battles is banned\n|rule|HP Percentage Mod: HP is shown in percentages\n|clearpoke\n|poke|p1|Dudunsparce-*, M|\n|poke|p1|Maushold-Four|\n|poke|p1|Diancie|\n|poke|p1|Flamigo, F|\n|poke|p1|Tornadus, M|\n|poke|p1|Clefairy, F|\n|poke|p2|Pelipper, F|\n|poke|p2|Kilowattrel, M|\n|poke|p2|Ogerpon-Wellspring, F|\n|poke|p2|Samurott-Hisui, F|\n|poke|p2|Rotom-Wash|\n|poke|p2|Regieleki|\n|teampreview\n|inactive|Battle timer is ON: inactive players will automatically lose when time's up. (requested by ClearSkies3)\n|inactive|ClearSkies3 has 120 seconds left.\n|\n|t:|1698942642\n|start\n|switch|p1a: Dudunsparce|Dudunsparce-Three-Segment, M|100\/100\n|switch|p1b: Maushold|Maushold-Four|100\/100\n|switch|p2a: Pelipper|Pelipper, F|100\/100\n|switch|p2b: Samurott|Samurott-Hisui, F|100\/100\n|-weather|RainDance|[from] ability: Drizzle|[of] p2a: Pelipper\n|turn|1\n|c|\u2606ClearSkies3|my freind pronounces regieleki\n|c|\u2606ClearSkies3|as regeki\n|inactive|FabioLunar has 120 seconds left.\n|inactive|ClearSkies3 has 120 seconds left.\n|c|\u2606ClearSkies3|who u gonna use population bomb on\n|\n|t:|1698942698\n|-terastallize|p1a: Dudunsparce|Ghost\n|move|p1b: Maushold|Beat Up|p1a: Dudunsparce\n|-supereffective|p1a: Dudunsparce\n|-damage|p1a: Dudunsparce|97\/100\n|-ability|p1a: Dudunsparce|Rattled|boost\n|-boost|p1a: Dudunsparce|spe|1\n|-enditem|p1a: Dudunsparce|Weakness Policy\n|-boost|p1a: Dudunsparce|atk|2|[from] item: Weakness Policy\n|-boost|p1a: Dudunsparce|spa|2|[from] item: Weakness Policy\n|-supereffective|p1a: Dudunsparce\n|-damage|p1a: Dudunsparce|95\/100\n|-ability|p1a: Dudunsparce|Rattled|boost\n|-boost|p1a: Dudunsparce|spe|1\n|-supereffective|p1a: Dudunsparce\n|-damage|p1a: Dudunsparce|92\/100\n|-ability|p1a: Dudunsparce|Rattled|boost\n|-boost|p1a: Dudunsparce|spe|1\n|-supereffective|p1a: Dudunsparce\n|-damage|p1a: Dudunsparce|89\/100\n|-ability|p1a: Dudunsparce|Rattled|boost\n|-boost|p1a: Dudunsparce|spe|1\n|-supereffective|p1a: Dudunsparce\n|-damage|p1a: Dudunsparce|85\/100\n|-ability|p1a: Dudunsparce|Rattled|boost\n|-boost|p1a: Dudunsparce|spe|1\n|-supereffective|p1a: Dudunsparce\n|-damage|p1a: Dudunsparce|83\/100\n|-ability|p1a: Dudunsparce|Rattled|boost\n|-boost|p1a: Dudunsparce|spe|1\n|-hitcount|p1a: Dudunsparce|6\n|move|p1a: Dudunsparce|Coil|p1a: Dudunsparce\n|-boost|p1a: Dudunsparce|atk|1\n|-boost|p1a: Dudunsparce|def|1\n|-boost|p1a: Dudunsparce|accuracy|1\n|move|p2b: Samurott|Ceaseless Edge|p1b: Maushold\n|-damage|p1b: Maushold|32\/100\n|-sidestart|p1: FabioLunar|Spikes\n|-damage|p2b: Samurott|91\/100|[from] item: Life Orb\n|move|p2a: Pelipper|Tailwind|p2a: Pelipper\n|-sidestart|p2: ClearSkies3|move: Tailwind\n|\n|-weather|RainDance|[upkeep]\n|upkeep\n|turn|2\n|c|\u2606ClearSkies3|its not even that good of a move\n|c|\u2606ClearSkies3|OH\n|c|\u2606ClearSkies3|O\n|c|\u2606ClearSkies3|O\n|c|\u2606FabioLunar|hehehe\n|c|\u2606FabioLunar|hehehehe\n|c|\u2606FabioLunar|HEHEHEHEHAHAHHAHA\n|c|\u2606ClearSkies3|i have an idea\n|inactive|ClearSkies3 has 120 seconds left.\n|c|\u2606FabioLunar|no u dont have one\n|c|\u2606ClearSkies3|if only i attacked in a different direction\n|inactive|FabioLunar has 90 seconds left.\n|\n|t:|1698942738\n|move|p2b: Samurott|Ceaseless Edge|p1a: Dudunsparce\n|-supereffective|p1a: Dudunsparce\n|-damage|p1a: Dudunsparce|39\/100\n|-sidestart|p1: FabioLunar|Spikes\n|-damage|p2b: Samurott|81\/100|[from] item: Life Orb\n|move|p1a: Dudunsparce|Substitute|p1a: Dudunsparce\n|-start|p1a: Dudunsparce|Substitute\n|-damage|p1a: Dudunsparce|14\/100\n|move|p1b: Maushold|Thunder Wave|p2b: Samurott\n|-status|p2b: Samurott|par\n|move|p2a: Pelipper|Hurricane|p1a: Dudunsparce\n|-activate|p1a: Dudunsparce|move: Substitute|[damage]\n|\n|-weather|RainDance|[upkeep]\n|upkeep\n|turn|3\n|inactive|ClearSkies3 has 120 seconds left.\n|c|\u2606ClearSkies3|how am i still faster goddamn dudunsparce is fucking fat\n|n|\u203dClearSkies3|clearskies3\n|c|&|\/log ClearSkies3 was locked from talking by Artemis. (\u2606ClearSkies3: how am i still faster goddamn [[Pokemon]] is fucking fat)\n|c|&|\/raw <small>This action was done automatically. Want to learn more about the AI? <a href=\"https:\/\/www.smogon.com\/forums\/threads\/3570628\/#post-9056769\">Visit the information thread<\/a>.<\/small>\n|inactive|FabioLunar has 90 seconds left.\n|inactive|ClearSkies3 has 90 seconds left.\n|\n|t:|1698942783\n|move|p1a: Dudunsparce|Baton Pass|p1a: Dudunsparce\n|n|\u2606ClearSkies3|clearskies3\n|\n|t:|1698942789\n|switch|p1a: Diancie|Diancie|100\/100|[from] Baton Pass\n|-damage|p1a: Diancie|84\/100|[from] Spikes\n|move|p1b: Maushold|Thunder Wave|p2a: Pelipper\n|-status|p2a: Pelipper|par\n|move|p2b: Samurott|Ceaseless Edge|p1a: Diancie\n|-resisted|p1a: Diancie\n|-end|p1a: Diancie|Substitute\n|-sidestart|p1: FabioLunar|Spikes\n|-damage|p2b: Samurott|71\/100 par|[from] item: Life Orb\n|cant|p2a: Pelipper|par\n|\n|-weather|RainDance|[upkeep]\n|-heal|p1a: Diancie|90\/100|[from] item: Leftovers\n|upkeep\n|turn|4\n|c|\u2606ClearSkies3|woah im back\n|c|\u2606FabioLunar|good thing i guess\n|inactive|FabioLunar has 90 seconds left.\n|c|\u2606ClearSkies3|ye\n|inactive|ClearSkies3 has 90 seconds left.\n|\n|t:|1698942820\n|move|p1a: Diancie|Diamond Storm|p2a: Pelipper|[spread] p2a,p2b\n|-supereffective|p2a: Pelipper\n|-damage|p2a: Pelipper|0 fnt\n|-damage|p2b: Samurott|0 fnt\n|faint|p2a: Pelipper\n|faint|p2b: Samurott\n|move|p1b: Maushold|Taunt|p2: Pelipper|[notarget]\n|-fail|p1b: Maushold\n|\n|-weather|RainDance|[upkeep]\n|-heal|p1a: Diancie|96\/100|[from] item: Leftovers\n|-sideend|p2: ClearSkies3|move: Tailwind\n|upkeep\n|c|\u2606ClearSkies3|SPIUOGIubdb\n|\n|t:|1698942840\n|switch|p2b: Rotom|Rotom-Wash, shiny|100\/100\n|switch|p2a: Ogerpon|Ogerpon-Wellspring, F|100\/100\n|turn|5\n|inactive|ClearSkies3 has 90 seconds left.\n|c|\u2606ClearSkies3|if u let me live ill give you infinity robux\n|\n|t:|1698942858\n|switch|p1b: Flamigo|Flamigo, F|100\/100\n|-copyboost|p1b: Flamigo|p1a: Diancie|[from] ability: Costar\n|move|p1a: Diancie|Diamond Storm|p2b: Rotom|[spread] p2a,p2b\n|-damage|p2a: Ogerpon|0 fnt\n|-damage|p2b: Rotom|0 fnt\n|faint|p2a: Ogerpon\n|faint|p2b: Rotom\n|\n|-weather|RainDance|[upkeep]\n|-heal|p1a: Diancie|100\/100|[from] item: Leftovers\n|upkeep\n|c|\u2606ClearSkies3|jesus christ\n|c|\u2606FabioLunar|i dont play roblox\n|c|\u2606ClearSkies3|help me\n|\n|t:|1698942872\n|switch|p2a: Kilowattrel|Kilowattrel, M|100\/100\n|switch|p2b: Regieleki|Regieleki|100\/100\n|turn|6\n|c|\u2606ClearSkies3|uhh\n|c|\u2606ClearSkies3|infinity pokedollars\n|inactive|ClearSkies3 has 90 seconds left.\n|c|\u2606FabioLunar|:0 no way\n|inactive|FabioLunar has 120 seconds left.\n|c|\u2606FabioLunar|inifnity ?\n|\n|t:|1698942893\n|move|p1b: Flamigo|Close Combat|p2b: Regieleki\n|-damage|p2b: Regieleki|0 fnt\n|-unboost|p1b: Flamigo|def|1\n|-unboost|p1b: Flamigo|spd|1\n|faint|p2b: Regieleki\n|-damage|p1b: Flamigo|91\/100|[from] item: Life Orb\n|move|p1a: Diancie|Diamond Storm|p2a: Kilowattrel\n|-supereffective|p2a: Kilowattrel\n|-damage|p2a: Kilowattrel|0 fnt\n|-boost|p1a: Diancie|def|2\n|faint|p2a: Kilowattrel\n|\n|win|FabioLunar\n|raw|FabioLunar's rating: 1076 &rarr; <strong>1105<\/strong><br \/>(+29 for winning)\n|raw|ClearSkies3's rating: 1078 &rarr; <strong>1056<\/strong><br \/>(-22 for losing)\n|c|\u2606ClearSkies3|yes\n|c|\u2606ClearSkies3|waaah\n|l|\u2606ClearSkies3\n|c|\u2606FabioLunar|sorry\n|c|\u2606FabioLunar|gg\n","uploadtime":1698942752,"views":20,"p1id":"fabiolunar","p2id":"clearskies3","formatid":"gen9doublesou","rating":1056,"private":0,"password":""}