{"id":"gen9doublesou-1972433390","p1":"lonelyzombi3","p2":"Zapboat","format":"[Gen 9] Doubles OU","log":"|j|\u2606lonelyzombi3\n|j|\u2606Zapboat\n|t:|1697842287\n|gametype|doubles\n|player|p1|lonelyzombi3|unknown|1660\n|player|p2|Zapboat|koga|1624\n|teamsize|p1|6\n|teamsize|p2|6\n|gen|9\n|tier|[Gen 9] Doubles OU\n|rated|\n|rule|Species Clause: Limit one of each Pok\u00e9mon\n|rule|OHKO Clause: OHKO moves are banned\n|rule|Evasion Moves Clause: Evasion moves are banned\n|rule|Gravity Sleep Clause: The combination of sleep-inducing moves with imperfect accuracy and Gravity or Gigantamax Orbeetle are banned\n|rule|Endless Battle Clause: Forcing endless battles is banned\n|rule|HP Percentage Mod: HP is shown in percentages\n|clearpoke\n|poke|p1|Grimmsnarl, M|\n|poke|p1|Arcanine-Hisui, F|\n|poke|p1|Rillaboom, F|\n|poke|p1|Volcarona, F|\n|poke|p1|Dragapult, F|\n|poke|p1|Amoonguss, F|\n|poke|p2|Pelipper, F|\n|poke|p2|Volcanion|\n|poke|p2|Landorus-Therian, M|\n|poke|p2|Goodra-Hisui, M|\n|poke|p2|Palafin, M|\n|poke|p2|Sinistcha|\n|teampreview\n|c|\u2606Zapboat|glhf\n|\n|t:|1697842304\n|start\n|switch|p1a: Amoonguss|Amoonguss, F|100\/100\n|switch|p1b: Grimmsnarl|Grimmsnarl, M|100\/100\n|switch|p2a: Landorus|Landorus-Therian, M|100\/100\n|switch|p2b: Palafin|Palafin, M|100\/100\n|-ability|p2a: Landorus|Intimidate|boost\n|-unboost|p1a: Amoonguss|atk|1\n|-unboost|p1b: Grimmsnarl|atk|1\n|turn|1\n|\n|t:|1697842323\n|detailschange|p2b: Palafin|Palafin-Hero, M\n|switch|p2b: Goodra|Goodra-Hisui, M|100\/100\n|move|p1b: Grimmsnarl|Parting Shot|p2a: Landorus\n|-unboost|p2a: Landorus|atk|1\n|-unboost|p2a: Landorus|spa|1\n|\n|t:|1697842328\n|switch|p1b: Arcanine|Arcanine-Hisui, F|100\/100|[from] Parting Shot\n|-ability|p1b: Arcanine|Intimidate|boost\n|-unboost|p2a: Landorus|atk|1\n|-unboost|p2b: Goodra|atk|1\n|move|p2a: Landorus|U-turn|p1b: Arcanine\n|-resisted|p1b: Arcanine\n|-damage|p1b: Arcanine|94\/100\n|\n|t:|1697842339\n|switch|p2a: Sinistcha|Sinistcha|100\/100|[from] U-turn\n|move|p1a: Amoonguss|Spore|p2a: Sinistcha\n|-immune|p2a: Sinistcha\n|\n|upkeep\n|turn|2\n|\n|t:|1697842368\n|switch|p2a: Volcanion|Volcanion|100\/100\n|switch|p1a: Volcarona|Volcarona, F|100\/100\n|move|p1b: Arcanine|Stealth Rock|p2a: Volcanion\n|-sidestart|p2: Zapboat|move: Stealth Rock\n|move|p2b: Goodra|Draco Meteor|p1b: Arcanine\n|-damage|p1b: Arcanine|48\/100\n|-unboost|p2b: Goodra|spa|2\n|\n|upkeep\n|turn|3\n|inactive|Battle timer is ON: inactive players will automatically lose when time's up. (requested by lonelyzombi3)\n|\n|t:|1697842387\n|switch|p2a: Landorus|Landorus-Therian, M|100\/100\n|-damage|p2a: Landorus|88\/100|[from] Stealth Rock\n|-ability|p2a: Landorus|Intimidate|boost\n|-unboost|p1a: Volcarona|atk|1\n|-unboost|p1b: Arcanine|atk|1\n|move|p1a: Volcarona|Quiver Dance|p1a: Volcarona\n|-boost|p1a: Volcarona|spa|1\n|-boost|p1a: Volcarona|spd|1\n|-boost|p1a: Volcarona|spe|1\n|move|p1b: Arcanine|Rock Slide|p2b: Goodra|[spread] p2a,p2b\n|-resisted|p2b: Goodra\n|-damage|p2a: Landorus|72\/100\n|-damage|p2b: Goodra|93\/100\n|move|p2b: Goodra|Dragon Tail|p1a: Volcarona\n|-damage|p1a: Volcarona|86\/100\n|drag|p1a: Rillaboom|Rillaboom, F|100\/100\n|-fieldstart|move: Grassy Terrain|[from] ability: Grassy Surge|[of] p1a: Rillaboom\n|\n|-heal|p2a: Landorus|78\/100|[from] item: Leftovers\n|-heal|p1b: Arcanine|54\/100|[from] Grassy Terrain\n|-heal|p2b: Goodra|99\/100|[from] Grassy Terrain\n|-heal|p2b: Goodra|100\/100|[from] item: Leftovers\n|upkeep\n|turn|4\n|inactive|lonelyzombi3 has 120 seconds left.\n|\n|t:|1697842425\n|switch|p1b: Grimmsnarl|Grimmsnarl, M|100\/100\n|switch|p2b: Sinistcha|Sinistcha|100\/100\n|-damage|p2b: Sinistcha|88\/100|[from] Stealth Rock\n|-heal|p2a: Landorus|100\/100|[from] ability: Hospitality|[of] p2b: Sinistcha\n|move|p1a: Rillaboom|Fake Out|p2a: Landorus\n|-damage|p2a: Landorus|86\/100\n|cant|p2a: Landorus|flinch\n|\n|-heal|p2a: Landorus|92\/100|[from] item: Leftovers\n|-heal|p2b: Sinistcha|94\/100|[from] Grassy Terrain\n|-heal|p2b: Sinistcha|99\/100|[from] item: Leftovers\n|upkeep\n|turn|5\n|inactive|lonelyzombi3 has 120 seconds left.\n|\n|t:|1697842454\n|switch|p1a: Volcarona|Volcarona, F|86\/100\n|switch|p2b: Goodra|Goodra-Hisui, M|100\/100\n|-damage|p2b: Goodra|94\/100|[from] Stealth Rock\n|move|p1b: Grimmsnarl|Parting Shot|p2b: Goodra\n|-unboost|p2b: Goodra|atk|1\n|-unboost|p2b: Goodra|spa|1\n|inactive|lonelyzombi3 has 120 seconds left.\n|inactive|lonelyzombi3 has 90 seconds left.\n|\n|t:|1697842518\n|switch|p1b: Rillaboom|Rillaboom, F|100\/100|[from] Parting Shot\n|move|p2a: Landorus|Stealth Rock|p1b: Rillaboom\n|-sidestart|p1: lonelyzombi3|move: Stealth Rock\n|\n|-heal|p1a: Volcarona|92\/100|[from] Grassy Terrain\n|-heal|p2a: Landorus|98\/100|[from] item: Leftovers\n|-heal|p2b: Goodra|100\/100|[from] Grassy Terrain\n|upkeep\n|turn|6\n|\n|t:|1697842537\n|move|p1a: Volcarona|Fiery Dance|p2a: Landorus\n|-damage|p2a: Landorus|63\/100\n|-boost|p1a: Volcarona|spa|1\n|move|p2a: Landorus|Stomping Tantrum|p1a: Volcarona\n|-damage|p1a: Volcarona|43\/100\n|move|p1b: Rillaboom|Wood Hammer|p2a: Landorus\n|-damage|p2a: Landorus|0 fnt\n|faint|p2a: Landorus\n|-damage|p1b: Rillaboom|79\/100|[from] Recoil\n|move|p2b: Goodra|Dragon Tail|p1a: Volcarona\n|-damage|p1a: Volcarona|28\/100\n|-status|p2b: Goodra|brn|[from] ability: Flame Body|[of] p1a: Volcarona\n|drag|p1a: Dragapult|Dragapult, F|100\/100\n|-damage|p1a: Dragapult|88\/100|[from] Stealth Rock\n|\n|-heal|p1a: Dragapult|94\/100|[from] Grassy Terrain\n|-heal|p1a: Dragapult|100\/100|[from] item: Leftovers\n|-heal|p1b: Rillaboom|85\/100|[from] Grassy Terrain\n|-damage|p2b: Goodra|94\/100 brn|[from] brn\n|upkeep\n|inactive|Zapboat has 120 seconds left.\n|\n|t:|1697842559\n|switch|p2a: Volcanion|Volcanion|100\/100\n|-damage|p2a: Volcanion|76\/100|[from] Stealth Rock\n|turn|7\n|inactive|lonelyzombi3 has 90 seconds left.\n|inactive|lonelyzombi3 has 60 seconds left.\n|\n|t:|1697842619\n|switch|p2b: Sinistcha|Sinistcha|99\/100\n|-damage|p2b: Sinistcha|88\/100|[from] Stealth Rock\n|-heal|p2a: Volcanion|100\/100|[from] ability: Hospitality|[of] p2b: Sinistcha\n|-terastallize|p1a: Dragapult|Fairy\n|move|p1a: Dragapult|Dragon Dance|p1a: Dragapult\n|-boost|p1a: Dragapult|atk|1\n|-boost|p1a: Dragapult|spe|1\n|move|p1b: Rillaboom|Wood Hammer|p2a: Volcanion\n|-damage|p2a: Volcanion|26\/100\n|-damage|p1b: Rillaboom|61\/100|[from] Recoil\n|move|p2a: Volcanion|Heat Wave|p1b: Rillaboom|[spread] p1a,p1b\n|-supereffective|p1b: Rillaboom\n|-damage|p1a: Dragapult|53\/100\n|-damage|p1b: Rillaboom|0 fnt\n|faint|p1b: Rillaboom\n|\n|-heal|p1a: Dragapult|59\/100|[from] Grassy Terrain\n|-heal|p1a: Dragapult|65\/100|[from] item: Leftovers\n|-heal|p2b: Sinistcha|94\/100|[from] Grassy Terrain\n|-heal|p2b: Sinistcha|99\/100|[from] item: Leftovers\n|-heal|p2a: Volcanion|32\/100|[from] Grassy Terrain\n|-fieldend|move: Grassy Terrain\n|upkeep\n|\n|t:|1697842637\n|switch|p1b: Volcarona|Volcarona, F|28\/100\n|turn|8\n|\n|t:|1697842651\n|move|p1a: Dragapult|Dragon Darts|p2b: Sinistcha\n|-damage|p2b: Sinistcha|70\/100\n|-anim|p1a: Dragapult|Dragon Darts|p2a: Volcanion\n|-crit|p2a: Volcanion\n|-damage|p2a: Volcanion|0 fnt\n|faint|p2a: Volcanion\n|move|p1b: Volcarona|Fiery Dance|p2b: Sinistcha\n|-supereffective|p2b: Sinistcha\n|-damage|p2b: Sinistcha|0 fnt\n|-boost|p1b: Volcarona|spa|1\n|faint|p2b: Sinistcha\n|\n|-heal|p1a: Dragapult|71\/100|[from] item: Leftovers\n|upkeep\n|\n|t:|1697842664\n|switch|p2b: Palafin|Palafin-Hero, M|100\/100\n|switch|p2a: Goodra|Goodra-Hisui, M|94\/100 brn\n|-damage|p2b: Palafin|88\/100|[from] Stealth Rock\n|-activate|p2b: Palafin|ability: Zero to Hero\n|-damage|p2a: Goodra|88\/100 brn|[from] Stealth Rock\n|turn|9\n|inactive|lonelyzombi3 has 60 seconds left.\n|inactive|lonelyzombi3 has 30 seconds left.\n|\n|t:|1697842722\n|move|p1a: Dragapult|Protect|p1a: Dragapult\n|-singleturn|p1a: Dragapult|Protect\n|move|p2b: Palafin|Jet Punch|p1b: Volcarona\n|-supereffective|p1b: Volcarona\n|-damage|p1b: Volcarona|0 fnt\n|faint|p1b: Volcarona\n|move|p2a: Goodra|Flash Cannon|p1a: Dragapult\n|-activate|p1a: Dragapult|move: Protect\n|\n|-heal|p1a: Dragapult|78\/100|[from] item: Leftovers\n|-heal|p2b: Palafin|94\/100|[from] item: Leftovers\n|-heal|p2a: Goodra|94\/100 brn|[from] item: Leftovers\n|-damage|p2a: Goodra|88\/100 brn|[from] brn\n|upkeep\n|inactive|lonelyzombi3 has 30 seconds left.\n|inactive|lonelyzombi3 has 20 seconds left.\n|\n|t:|1697842738\n|switch|p1b: Amoonguss|Amoonguss, F|100\/100\n|-damage|p1b: Amoonguss|88\/100|[from] Stealth Rock\n|turn|10\n|\n|t:|1697842766\n|-terastallize|p2b: Palafin|Grass\n|move|p1b: Amoonguss|Rage Powder|p1b: Amoonguss\n|-singleturn|p1b: Amoonguss|move: Rage Powder\n|move|p1a: Dragapult|Dragon Darts|p2b: Palafin\n|-damage|p2b: Palafin|64\/100\n|-anim|p1a: Dragapult|Dragon Darts|p2a: Goodra\n|-damage|p2a: Goodra|59\/100 brn\n|move|p2b: Palafin|Bulk Up|p2b: Palafin\n|-boost|p2b: Palafin|atk|1\n|-boost|p2b: Palafin|def|1\n|move|p2a: Goodra|Flash Cannon|p1b: Amoonguss\n|-damage|p1b: Amoonguss|62\/100\n|\n|-heal|p1a: Dragapult|84\/100|[from] item: Leftovers\n|-heal|p2b: Palafin|70\/100|[from] item: Leftovers\n|-heal|p2a: Goodra|65\/100 brn|[from] item: Leftovers\n|-damage|p2a: Goodra|59\/100 brn|[from] brn\n|upkeep\n|turn|11\n|inactive|lonelyzombi3 has 60 seconds left.\n|\n|t:|1697842795\n|move|p1a: Dragapult|Protect|p1a: Dragapult\n|-singleturn|p1a: Dragapult|Protect\n|move|p2b: Palafin|Protect|p2b: Palafin\n|-singleturn|p2b: Palafin|Protect\n|move|p1b: Amoonguss|Pollen Puff|p2b: Palafin\n|-activate|p2b: Palafin|move: Protect\n|move|p2a: Goodra|Dragon Tail|p1b: Amoonguss\n|-damage|p1b: Amoonguss|55\/100\n|drag|p1b: Grimmsnarl|Grimmsnarl, M|100\/100\n|-damage|p1b: Grimmsnarl|88\/100|[from] Stealth Rock\n|\n|-heal|p1a: Dragapult|90\/100|[from] item: Leftovers\n|-heal|p2b: Palafin|76\/100|[from] item: Leftovers\n|-heal|p2a: Goodra|65\/100 brn|[from] item: Leftovers\n|-damage|p2a: Goodra|59\/100 brn|[from] brn\n|upkeep\n|turn|12\n|inactive|lonelyzombi3 has 60 seconds left.\n|inactive|Zapboat has 120 seconds left.\n|\n|t:|1697842838\n|switch|p2a: Pelipper|Pelipper, F|100\/100\n|-damage|p2a: Pelipper|75\/100|[from] Stealth Rock\n|-weather|RainDance|[from] ability: Drizzle|[of] p2a: Pelipper\n|move|p1b: Grimmsnarl|Fake Out|p2b: Palafin\n|-damage|p2b: Palafin|70\/100\n|cant|p2b: Palafin|flinch\n|move|p1a: Dragapult|Dragon Dance|p1a: Dragapult\n|-boost|p1a: Dragapult|atk|1\n|-boost|p1a: Dragapult|spe|1\n|\n|-weather|RainDance|[upkeep]\n|-heal|p1a: Dragapult|96\/100|[from] item: Leftovers\n|-heal|p2b: Palafin|76\/100|[from] item: Leftovers\n|upkeep\n|turn|13\n|inactive|Zapboat has 120 seconds left.\n|inactive|lonelyzombi3 has 60 seconds left.\n|inactive|lonelyzombi3 has 30 seconds left.\n|inactive|lonelyzombi3 has 20 seconds left.\n|inactive|lonelyzombi3 has 15 seconds left.\n|inactive|lonelyzombi3 has 10 seconds left.\n|inactive|lonelyzombi3 has 5 seconds left.\n|\n|t:|1697842917\n|move|p2b: Palafin|Jet Punch|p1a: Dragapult\n|-damage|p1a: Dragapult|14\/100\n|move|p1b: Grimmsnarl|Reflect|p1b: Grimmsnarl\n|-sidestart|p1: lonelyzombi3|Reflect\n|move|p1a: Dragapult|Dragon Darts|p2a: Pelipper\n|-damage|p2a: Pelipper|34\/100\n|-anim|p1a: Dragapult|Dragon Darts|p2b: Palafin\n|-damage|p2b: Palafin|45\/100\n|move|p2a: Pelipper|Hurricane|p1a: Dragapult\n|-damage|p1a: Dragapult|0 fnt\n|faint|p1a: Dragapult\n|\n|-weather|RainDance|[upkeep]\n|-heal|p2b: Palafin|51\/100|[from] item: Leftovers\n|upkeep\n|inactive|lonelyzombi3 has 10 seconds left this turn.\n|inactive|lonelyzombi3 has 5 seconds left.\n|\n|t:|1697842922\n|switch|p1a: Amoonguss|Amoonguss, F|88\/100\n|-damage|p1a: Amoonguss|75\/100|[from] Stealth Rock\n|turn|14\n|inactive|lonelyzombi3 has 30 seconds left this turn.\n|inactive|lonelyzombi3 has 20 seconds left.\n|inactive|Zapboat has 120 seconds left.\n|\n|t:|1697842970\n|move|p1b: Grimmsnarl|Light Screen|p1b: Grimmsnarl\n|-sidestart|p1: lonelyzombi3|move: Light Screen\n|move|p2b: Palafin|Bulk Up|p2b: Palafin\n|-boost|p2b: Palafin|atk|1\n|-boost|p2b: Palafin|def|1\n|move|p2a: Pelipper|Hurricane|p1a: Amoonguss\n|-supereffective|p1a: Amoonguss\n|-damage|p1a: Amoonguss|39\/100\n|move|p1a: Amoonguss|Pollen Puff|p2b: Palafin\n|-supereffective|p2b: Palafin\n|-damage|p2b: Palafin|24\/100\n|\n|-weather|RainDance|[upkeep]\n|-heal|p2b: Palafin|30\/100|[from] item: Leftovers\n|upkeep\n|turn|15\n|inactive|Zapboat has 120 seconds left.\n|inactive|lonelyzombi3 has 30 seconds left.\n|inactive|lonelyzombi3 has 20 seconds left.\n|\n|t:|1697842998\n|move|p1a: Amoonguss|Protect|p1a: Amoonguss\n|-singleturn|p1a: Amoonguss|Protect\n|move|p2b: Palafin|Jet Punch|p1a: Amoonguss\n|-activate|p1a: Amoonguss|move: Protect\n|move|p1b: Grimmsnarl|Parting Shot|p2b: Palafin\n|-unboost|p2b: Palafin|atk|1\n|-unboost|p2b: Palafin|spa|1\n|inactive|lonelyzombi3 has 25 seconds left this turn.\n|\n|t:|1697843001\n|switch|p1b: Arcanine|Arcanine-Hisui, F|54\/100|[from] Parting Shot\n|-damage|p1b: Arcanine|29\/100|[from] Stealth Rock\n|-ability|p1b: Arcanine|Intimidate|boost\n|-unboost|p2a: Pelipper|atk|1\n|-unboost|p2b: Palafin|atk|1\n|move|p2a: Pelipper|Hurricane|p1a: Amoonguss\n|-activate|p1a: Amoonguss|move: Protect\n|\n|-weather|RainDance|[upkeep]\n|-heal|p2b: Palafin|36\/100|[from] item: Leftovers\n|upkeep\n|turn|16\n|inactive|lonelyzombi3 has 30 seconds left.\n|inactive|Zapboat has 120 seconds left.\n|\n|t:|1697843031\n|switch|p1b: Grimmsnarl|Grimmsnarl, M|88\/100\n|-damage|p1b: Grimmsnarl|76\/100|[from] Stealth Rock\n|move|p2b: Palafin|Jet Punch|p1b: Grimmsnarl\n|-damage|p1b: Grimmsnarl|42\/100\n|move|p2a: Pelipper|Hurricane|p1a: Amoonguss\n|-supereffective|p1a: Amoonguss\n|-crit|p1a: Amoonguss\n|-damage|p1a: Amoonguss|0 fnt\n|faint|p1a: Amoonguss\n|\n|-weather|RainDance|[upkeep]\n|-heal|p2b: Palafin|42\/100|[from] item: Leftovers\n|upkeep\n|inactive|lonelyzombi3 has 30 seconds left this turn.\n|inactive|lonelyzombi3 has 20 seconds left.\n|inactive|lonelyzombi3 has 15 seconds left.\n|-message|lonelyzombi3 forfeited.\n|\n|win|Zapboat\n|inactive|lonelyzombi3 has 20 seconds left this turn.\n|raw|lonelyzombi3's rating: 1645 &rarr; <strong>1624<\/strong><br \/>(-21 for losing)\n|raw|Zapboat's rating: 1624 &rarr; <strong>1645<\/strong><br \/>(+21 for winning)\n|l|\u2606lonelyzombi3\n|c|\u2606Zapboat|gg\n|player|p2|Zapboat|koga\n","uploadtime":1697843103,"views":20,"p1id":"lonelyzombi3","p2id":"zapboat","formatid":"gen9doublesou","rating":1624,"private":0,"password":""}