{"id":"gen9doublesou-1981884651","p1":"MF SCHOOLy","p2":"Howlpup13","format":"[Gen 9] Doubles OU","log":"|j|\u2606MF SCHOOLy\n|j|\u2606Howlpup13\n|t:|1698948963\n|gametype|doubles\n|player|p1|MF SCHOOLy|swimmer|1068\n|player|p2|Howlpup13|dawn|1009\n|teamsize|p1|6\n|teamsize|p2|4\n|gen|9\n|tier|[Gen 9] Doubles OU\n|rated|\n|rule|Species Clause: Limit one of each Pok\u00e9mon\n|rule|OHKO Clause: OHKO moves are banned\n|rule|Evasion Moves Clause: Evasion moves are banned\n|rule|Gravity Sleep Clause: The combination of sleep-inducing moves with imperfect accuracy and Gravity or Gigantamax Orbeetle are banned\n|rule|Endless Battle Clause: Forcing endless battles is banned\n|rule|HP Percentage Mod: HP is shown in percentages\n|clearpoke\n|poke|p1|Hippowdon, M|\n|poke|p1|Garganacl, M|\n|poke|p1|Ogerpon-Cornerstone, F|\n|poke|p1|Gliscor, F|\n|poke|p1|Garchomp, F|\n|poke|p1|Amoonguss, M|\n|poke|p2|Arboliva, F|\n|poke|p2|Numel, F|\n|poke|p2|Flamigo, M|\n|poke|p2|Clefairy, F|\n|teampreview\n|c|\u2606MF SCHOOLy|what\n|\n|t:|1698948973\n|start\n|switch|p1a: Hippowdon|Hippowdon, M|100\/100\n|switch|p1b: Garganacl|Garganacl, M|100\/100\n|switch|p2a: Arboliva|Arboliva, F|100\/100\n|switch|p2b: Numel|Numel, F|100\/100\n|-weather|Sandstorm|[from] ability: Sand Stream|[of] p1a: Hippowdon\n|turn|1\n|\n|t:|1698948990\n|-terastallize|p2b: Numel|Psychic\n|move|p2a: Arboliva|Fling|p2b: Numel\n|-supereffective|p2b: Numel\n|-damage|p2b: Numel|93\/100\n|-boost|p2b: Numel|def|4|[from] item: Starf Berry\n|-enditem|p2b: Numel|Weakness Policy\n|-boost|p2b: Numel|atk|4|[from] item: Weakness Policy\n|-boost|p2b: Numel|spa|4|[from] item: Weakness Policy\n|-enditem|p2a: Arboliva|Starf Berry|[from] move: Fling\n|move|p1a: Hippowdon|Stealth Rock|p2a: Arboliva\n|-sidestart|p2: Howlpup13|move: Stealth Rock\n|move|p1b: Garganacl|Salt Cure|p2a: Arboliva\n|-damage|p2a: Arboliva|80\/100\n|-start|p2a: Arboliva|Salt Cure\n|move|p2b: Numel|Earthquake|p1a: Hippowdon|[spread] p2a,p1a,p1b\n|-resisted|p2a: Arboliva\n|-supereffective|p1b: Garganacl\n|-damage|p2a: Arboliva|49\/100\n|-damage|p1a: Hippowdon|74\/100\n|-damage|p1b: Garganacl|26\/100\n|\n|-weather|Sandstorm|[upkeep]\n|-damage|p2a: Arboliva|43\/100|[from] Sandstorm\n|-damage|p2b: Numel|87\/100|[from] Sandstorm\n|-damage|p2a: Arboliva|31\/100|[from] Salt Cure\n|-item|p2a: Arboliva|Starf Berry|[from] ability: Harvest\n|upkeep\n|turn|2\n|\n|t:|1698949032\n|switch|p1a: Gliscor|Gliscor, F|100\/100\n|move|p2a: Arboliva|Fling|p2b: Numel\n|-supereffective|p2b: Numel\n|-damage|p2b: Numel|84\/100\n|-boost|p2b: Numel|spa|2|[from] item: Starf Berry\n|-enditem|p2a: Arboliva|Starf Berry|[from] move: Fling\n|move|p1b: Garganacl|Salt Cure|p2b: Numel\n|-damage|p2b: Numel|72\/100\n|-start|p2b: Numel|Salt Cure\n|move|p2b: Numel|Heat Wave|p1b: Garganacl|[spread] p1a,p1b\n|-resisted|p1b: Garganacl\n|-damage|p1a: Gliscor|0 fnt\n|-damage|p1b: Garganacl|4\/100\n|faint|p1a: Gliscor\n|\n|-weather|Sandstorm|[upkeep]\n|-damage|p2a: Arboliva|25\/100|[from] Sandstorm\n|-damage|p2b: Numel|66\/100|[from] Sandstorm\n|-damage|p2a: Arboliva|13\/100|[from] Salt Cure\n|-damage|p2b: Numel|54\/100|[from] Salt Cure\n|-item|p2a: Arboliva|Starf Berry|[from] ability: Harvest\n|upkeep\n|-enditem|p2a: Arboliva|Starf Berry|[eat]\n|-boost|p2a: Arboliva|spd|2|[from] item: Starf Berry\n|\n|t:|1698949057\n|switch|p1a: Amoonguss|Amoonguss, M|100\/100\n|turn|3\n|\n|t:|1698949067\n|switch|p2a: Flamigo|Flamigo, M|100\/100\n|-damage|p2a: Flamigo|88\/100|[from] Stealth Rock\n|-copyboost|p2a: Flamigo|p2b: Numel|[from] ability: Costar\n|move|p1b: Garganacl|Stone Edge|p2a: Flamigo\n|-damage|p2a: Flamigo|67\/100\n|move|p2b: Numel|Heat Wave|p1b: Garganacl|[spread] p1a,p1b\n|-supereffective|p1a: Amoonguss\n|-resisted|p1b: Garganacl\n|-damage|p1a: Amoonguss|0 fnt\n|-damage|p1b: Garganacl|0 fnt\n|faint|p1a: Amoonguss\n|faint|p1b: Garganacl\n|\n|-weather|Sandstorm|[upkeep]\n|-damage|p2a: Flamigo|61\/100|[from] Sandstorm\n|-damage|p2b: Numel|48\/100|[from] Sandstorm\n|-damage|p2b: Numel|35\/100|[from] Salt Cure\n|upkeep\n|\n|t:|1698949086\n|switch|p1b: Garchomp|Garchomp, F|100\/100\n|switch|p1a: Hippowdon|Hippowdon, M|74\/100\n|turn|4\n|c|\u2606Howlpup13|:)\n|\n|t:|1698949099\n|move|p1b: Garchomp|Swords Dance|p1b: Garchomp\n|-boost|p1b: Garchomp|atk|2\n|move|p2a: Flamigo|Liquidation|p1b: Garchomp\n|-damage|p1b: Garchomp|22\/100\n|-damage|p2a: Flamigo|49\/100|[from] ability: Rough Skin|[of] p1b: Garchomp\n|move|p1a: Hippowdon|Slack Off|p1a: Hippowdon\n|-heal|p1a: Hippowdon|100\/100\n|move|p2b: Numel|Heat Wave|p1a: Hippowdon|[spread] p1a,p1b\n|-resisted|p1b: Garchomp\n|-damage|p1a: Hippowdon|0 fnt\n|-damage|p1b: Garchomp|0 fnt\n|faint|p1a: Hippowdon\n|faint|p1b: Garchomp\n|\n|-weather|Sandstorm|[upkeep]\n|-damage|p2a: Flamigo|42\/100|[from] Sandstorm\n|-damage|p2b: Numel|29\/100|[from] Sandstorm\n|-damage|p2b: Numel|17\/100|[from] Salt Cure\n|upkeep\n|\n|t:|1698949123\n|switch|p1b: Ogerpon|Ogerpon-Cornerstone, F|100\/100\n|turn|5\n|c|\u2606Howlpup13|Numel nice\n|\n|t:|1698949138\n|move|p1b: Ogerpon|Spiky Shield|p1b: Ogerpon\n|-singleturn|p1b: Ogerpon|move: Protect\n|move|p2a: Flamigo|Liquidation|p1b: Ogerpon\n|-activate|p1b: Ogerpon|move: Protect\n|-damage|p2a: Flamigo|30\/100|[from] Spiky Shield|[of] p1b: Ogerpon\n|move|p2b: Numel|Heat Wave|p1b: Ogerpon\n|-activate|p1b: Ogerpon|move: Protect\n|\n|-weather|Sandstorm|[upkeep]\n|-damage|p2a: Flamigo|24\/100|[from] Sandstorm\n|-damage|p2b: Numel|11\/100|[from] Sandstorm\n|-damage|p2b: Numel|0 fnt|[from] Salt Cure\n|faint|p2b: Numel\n|upkeep\n|\n|t:|1698949152\n|switch|p2b: Clefairy|Clefairy, F|100\/100\n|-damage|p2b: Clefairy|88\/100|[from] Stealth Rock\n|turn|6\n|\n|t:|1698949159\n|move|p2b: Clefairy|Follow Me|p2b: Clefairy\n|-singleturn|p2b: Clefairy|move: Follow Me\n|move|p1b: Ogerpon|Ivy Cudgel|p2b: Clefairy\n|-damage|p2b: Clefairy|18\/100\n|move|p2a: Flamigo|Liquidation|p1b: Ogerpon\n|-ability|p1b: Ogerpon|Sturdy\n|-damage|p1b: Ogerpon|1\/100\n|\n|-weather|Sandstorm|[upkeep]\n|-damage|p2a: Flamigo|18\/100|[from] Sandstorm\n|-damage|p2b: Clefairy|12\/100|[from] Sandstorm\n|upkeep\n|turn|7\n|\n|t:|1698949174\n|move|p1b: Ogerpon|Spiky Shield|p1b: Ogerpon\n|-singleturn|p1b: Ogerpon|move: Protect\n|move|p2b: Clefairy|Follow Me|p2b: Clefairy\n|-singleturn|p2b: Clefairy|move: Follow Me\n|move|p2a: Flamigo|Liquidation|p1b: Ogerpon\n|-activate|p1b: Ogerpon|move: Protect\n|-damage|p2a: Flamigo|5\/100|[from] Spiky Shield|[of] p1b: Ogerpon\n|\n|-weather|Sandstorm|[upkeep]\n|-damage|p2a: Flamigo|0 fnt|[from] Sandstorm\n|-damage|p2b: Clefairy|6\/100|[from] Sandstorm\n|faint|p2a: Flamigo\n|upkeep\n|\n|t:|1698949186\n|switch|p2a: Arboliva|Arboliva, F|13\/100\n|-damage|p2a: Arboliva|0 fnt|[from] Stealth Rock\n|faint|p2a: Arboliva\n|turn|8\n|c|\u2606MF SCHOOLy|i just cooked ur gimmick strat with a 1% ogerpon\n|c|\u2606Howlpup13|Gg\n|c|\u2606MF SCHOOLy|next time PLEASE make a real team for everyone elses sake\n|\n|t:|1698949224\n|move|p1b: Ogerpon|Ivy Cudgel|p2b: Clefairy\n|-damage|p2b: Clefairy|0 fnt\n|faint|p2b: Clefairy\n|\n|win|MF SCHOOLy\n|raw|MF SCHOOLy's rating: 1068 &rarr; <strong>1093<\/strong><br \/>(+25 for winning)\n|raw|Howlpup13's rating: 1009 &rarr; <strong>1000<\/strong><br \/>(-9 for losing)\n|c|\u2606Howlpup13|No :)\n|c|\u2606MF SCHOOLy|stay 1000 elo then\n|l|\u2606MF SCHOOLy\n|c|\u2606Howlpup13|Thx u too\n","uploadtime":1698949256,"views":24,"p1id":"mfschooly","p2id":"howlpup13","formatid":"gen9doublesou","rating":1000,"private":0,"password":""}