{"id":"gen9doublesou-1974520585","p1":"SXD2002","p2":"XxPeruxX Jedset83","format":"[Gen 9] Doubles OU","log":"|j|\u2606SXD2002\n|j|\u203dXxPeruxX Jedset83\n|t:|1698093861\n|gametype|doubles\n|player|p1|SXD2002|silver-masters|1000\n|player|p2|XxPeruxX Jedset83|cyclist-gen4|1092\n|teamsize|p1|6\n|teamsize|p2|6\n|gen|9\n|tier|[Gen 9] Doubles OU\n|rated|\n|rule|Species Clause: Limit one of each Pok\u00e9mon\n|rule|OHKO Clause: OHKO moves are banned\n|rule|Evasion Moves Clause: Evasion moves are banned\n|rule|Gravity Sleep Clause: The combination of sleep-inducing moves with imperfect accuracy and Gravity or Gigantamax Orbeetle are banned\n|rule|Endless Battle Clause: Forcing endless battles is banned\n|rule|HP Percentage Mod: HP is shown in percentages\n|clearpoke\n|poke|p1|Lurantis, M|\n|poke|p1|Murkrow, F|\n|poke|p1|Grimmsnarl, M|\n|poke|p1|Clefairy, M|\n|poke|p1|Talonflame, F|\n|poke|p1|Espeon, F|\n|poke|p2|Empoleon, M|\n|poke|p2|Rotom-Heat|\n|poke|p2|Tsareena, F|\n|poke|p2|Clodsire, M|\n|poke|p2|Roaring Moon|\n|poke|p2|Tauros-Paldea-Blaze, M|\n|teampreview\n|inactive|Battle timer is ON: inactive players will automatically lose when time's up. (requested by SXD2002)\n|\n|t:|1698093887\n|start\n|switch|p1a: Murkrow|Murkrow, F|100\/100\n|switch|p1b: Lurantis|Lurantis, M|100\/100\n|switch|p2a: Roaring Moon|Roaring Moon|100\/100\n|switch|p2b: Tauros|Tauros-Paldea-Blaze, M|100\/100\n|-ability|p2b: Tauros|Intimidate|boost\n|-unboost|p1a: Murkrow|atk|1\n|-boost|p1b: Lurantis|atk|1\n|-enditem|p2a: Roaring Moon|Booster Energy\n|-activate|p2a: Roaring Moon|ability: Protosynthesis|[fromitem]\n|-start|p2a: Roaring Moon|protosynthesisatk\n|turn|1\n|inactive|SXD2002 has 120 seconds left.\n|\n|t:|1698093919\n|-terastallize|p1b: Lurantis|Steel\n|move|p1a: Murkrow|Screech|p1b: Lurantis\n|-boost|p1b: Lurantis|def|2\n|move|p2b: Tauros|Raging Bull|p1b: Lurantis\n|-supereffective|p1b: Lurantis\n|-damage|p1b: Lurantis|55\/100\n|move|p2a: Roaring Moon|Tailwind|p2a: Roaring Moon\n|-sidestart|p2: XxPeruxX Jedset83|move: Tailwind\n|move|p1b: Lurantis|Superpower|p2a: Roaring Moon\n|-supereffective|p2a: Roaring Moon\n|-damage|p2a: Roaring Moon|12\/100\n|-boost|p1b: Lurantis|atk|1\n|-boost|p1b: Lurantis|def|1\n|\n|-heal|p1b: Lurantis|61\/100|[from] item: Leftovers\n|upkeep\n|turn|2\n|inactive|SXD2002 has 120 seconds left.\n|inactive|XxPeruxX Jedset83 has 120 seconds left.\n|\n|t:|1698093950\n|-end|p2a: Roaring Moon|Protosynthesis|[silent]\n|switch|p2a: Rotom|Rotom-Heat|100\/100\n|move|p1a: Murkrow|Screech|p1b: Lurantis\n|-boost|p1b: Lurantis|def|2\n|move|p2b: Tauros|Raging Bull|p1a: Murkrow\n|-crit|p1a: Murkrow\n|-damage|p1a: Murkrow|20\/100\n|move|p1b: Lurantis|Superpower|p2a: Rotom\n|-damage|p2a: Rotom|28\/100\n|-boost|p1b: Lurantis|atk|1\n|-boost|p1b: Lurantis|def|1\n|\n|-heal|p1b: Lurantis|67\/100|[from] item: Leftovers\n|upkeep\n|turn|3\n|\n|t:|1698093971\n|move|p1b: Lurantis|Protect|p1b: Lurantis\n|-singleturn|p1b: Lurantis|Protect\n|move|p2b: Tauros|Raging Bull|p1a: Murkrow\n|-damage|p1a: Murkrow|0 fnt\n|faint|p1a: Murkrow\n|move|p2a: Rotom|Overheat|p1b: Lurantis\n|-activate|p1b: Lurantis|move: Protect\n|\n|-heal|p1b: Lurantis|73\/100|[from] item: Leftovers\n|upkeep\n|inactive|SXD2002 has 120 seconds left.\n|\n|t:|1698093983\n|switch|p1a: Grimmsnarl|Grimmsnarl, M|100\/100\n|turn|4\n|\n|t:|1698094007\n|switch|p2a: Empoleon|Empoleon, M|100\/100\n|move|p1a: Grimmsnarl|Fake Tears|p1b: Lurantis\n|-boost|p1b: Lurantis|spd|2\n|move|p2b: Tauros|Raging Bull|p1b: Lurantis\n|-supereffective|p1b: Lurantis\n|-damage|p1b: Lurantis|48\/100\n|move|p1b: Lurantis|Superpower|p2a: Empoleon\n|-supereffective|p2a: Empoleon\n|-damage|p2a: Empoleon|0 fnt\n|-boost|p1b: Lurantis|atk|1\n|faint|p2a: Empoleon\n|\n|-heal|p1b: Lurantis|54\/100|[from] item: Leftovers\n|-sideend|p2: XxPeruxX Jedset83|move: Tailwind\n|upkeep\n|\n|t:|1698094020\n|switch|p2a: Rotom|Rotom-Heat|28\/100\n|turn|5\n|\n|t:|1698094035\n|move|p1b: Lurantis|Protect|p1b: Lurantis\n|-singleturn|p1b: Lurantis|Protect\n|move|p1a: Grimmsnarl|Scary Face|p2a: Rotom\n|-unboost|p2a: Rotom|spe|2\n|move|p2b: Tauros|Raging Bull|p1a: Grimmsnarl\n|-damage|p1a: Grimmsnarl|45\/100\n|move|p2a: Rotom|Overheat|p1b: Lurantis\n|-activate|p1b: Lurantis|move: Protect\n|\n|-heal|p1a: Grimmsnarl|51\/100|[from] item: Leftovers\n|-heal|p1b: Lurantis|61\/100|[from] item: Leftovers\n|upkeep\n|turn|6\n|\n|t:|1698094052\n|switch|p2a: Roaring Moon|Roaring Moon|12\/100\n|move|p1a: Grimmsnarl|Scary Face|p1b: Lurantis\n|-boost|p1b: Lurantis|spe|2\n|move|p2b: Tauros|Raging Bull|p1a: Grimmsnarl\n|-damage|p1a: Grimmsnarl|4\/100\n|move|p1b: Lurantis|Superpower|p2a: Roaring Moon\n|-supereffective|p2a: Roaring Moon\n|-damage|p2a: Roaring Moon|0 fnt\n|-boost|p1b: Lurantis|atk|1\n|faint|p2a: Roaring Moon\n|-end|p2a: Roaring Moon|Protosynthesis|[silent]\n|\n|-heal|p1b: Lurantis|67\/100|[from] item: Leftovers\n|-heal|p1a: Grimmsnarl|10\/100|[from] item: Leftovers\n|upkeep\n|\n|t:|1698094067\n|switch|p2a: Clodsire|Clodsire, M|100\/100\n|turn|7\n|\n|t:|1698094083\n|move|p1a: Grimmsnarl|Scary Face|p1b: Lurantis\n|-boost|p1b: Lurantis|spe|2\n|move|p2b: Tauros|Raging Bull|p1b: Lurantis\n|-supereffective|p1b: Lurantis\n|-damage|p1b: Lurantis|42\/100\n|move|p1b: Lurantis|Superpower|p2b: Tauros\n|-damage|p2b: Tauros|0 fnt\n|-boost|p1b: Lurantis|atk|1\n|faint|p2b: Tauros\n|move|p2a: Clodsire|Liquidation|p1a: Grimmsnarl\n|-damage|p1a: Grimmsnarl|0 fnt\n|faint|p1a: Grimmsnarl\n|\n|-heal|p1b: Lurantis|48\/100|[from] item: Leftovers\n|upkeep\n|\n|t:|1698094100\n|switch|p2b: Rotom|Rotom-Heat|28\/100\n|switch|p1a: Talonflame|Talonflame, F|100\/100\n|turn|8\n|\n|t:|1698094115\n|-terastallize|p2a: Clodsire|Ground\n|move|p1a: Talonflame|Defog|p1b: Lurantis\n|-boost|p1b: Lurantis|evasion|1\n|move|p1b: Lurantis|Superpower|p2b: Rotom\n|-damage|p2b: Rotom|0 fnt\n|faint|p2b: Rotom\n|move|p2a: Clodsire|Earthquake|p1b: Lurantis|[spread] p1b\n|-immune|p1a: Talonflame\n|-supereffective|p1b: Lurantis\n|-damage|p1b: Lurantis|31\/100\n|\n|-heal|p1b: Lurantis|37\/100|[from] item: Leftovers\n|upkeep\n|\n|t:|1698094127\n|switch|p2b: Tsareena|Tsareena, F, shiny|100\/100\n|turn|9\n|\n|t:|1698094141\n|move|p1a: Talonflame|Defog|p1b: Lurantis\n|-boost|p1b: Lurantis|evasion|1\n|move|p1b: Lurantis|Leech Life|p2b: Tsareena\n|-supereffective|p2b: Tsareena\n|-enditem|p2b: Tsareena|Focus Sash\n|-damage|p2b: Tsareena|1\/100\n|-heal|p1b: Lurantis|79\/100|[from] drain|[of] p2b: Tsareena\n|move|p2b: Tsareena|High Jump Kick|p1b: Lurantis|[miss]\n|-miss|p2b: Tsareena|p1b: Lurantis\n|-damage|p2b: Tsareena|0 fnt|[from] highjumpkick\n|faint|p2b: Tsareena\n|move|p2a: Clodsire|Toxic|p1a: Talonflame\n|-status|p1a: Talonflame|tox\n|\n|-heal|p1b: Lurantis|85\/100|[from] item: Leftovers\n|-damage|p1a: Talonflame|94\/100 tox|[from] psn\n|upkeep\n|turn|10\n|-message|XxPeruxX Jedset83 forfeited.\n|\n|win|SXD2002\n|raw|SXD2002's rating: 1000 &rarr; <strong>1050<\/strong><br \/>(+50 for winning)\n|raw|XxPeruxX Jedset83's rating: 1092 &rarr; <strong>1062<\/strong><br \/>(-30 for losing)\n|l|\u203dXxPeruxX Jedset83\n|c|\u2606SXD2002|gg\n","uploadtime":1698094160,"views":13,"p1id":"sxd2002","p2id":"xxperuxxjedset83","formatid":"gen9doublesou","rating":1050,"private":0,"password":""}