{"id":"gen9doublesou-1972661527","p1":"41exe","p2":"NONOLANDOSCARFNOOO","format":"[Gen 9] Doubles OU","log":"|j|\u260641exe\n|j|\u2606NONOLANDOSCARFNOOO\n|inactive|Battle timer is ON: inactive players will automatically lose when time's up.\n|t:|1697872828\n|gametype|doubles\n|player|p1|41exe|parasollady|\n|player|p2|NONOLANDOSCARFNOOO|pryce|\n|teamsize|p1|2\n|teamsize|p2|2\n|gen|9\n|tier|[Gen 9] Doubles OU\n|rated|Tournament battle\n|rule|Species Clause: Limit one of each Pok\u00e9mon\n|rule|OHKO Clause: OHKO moves are banned\n|rule|Evasion Moves Clause: Evasion moves are banned\n|rule|Gravity Sleep Clause: The combination of sleep-inducing moves with imperfect accuracy and Gravity or Gigantamax Orbeetle are banned\n|rule|Endless Battle Clause: Forcing endless battles is banned\n|rule|HP Percentage Mod: HP is shown in percentages\n|clearpoke\n|poke|p1|Skeledirge, F|\n|poke|p1|Ursaluna-Bloodmoon, M|\n|poke|p2|Scizor, M|\n|poke|p2|Ribombee, F|\n|teampreview\n|j|*Lady Monita \u263d\n|c|\u260641exe|gl :)\n|\n|t:|1697872835\n|start\n|switch|p1a: Ursaluna|Ursaluna-Bloodmoon, M|100\/100\n|switch|p1b: Skeledirge|Skeledirge, F|100\/100\n|switch|p2a: Ribombee|Ribombee, F|100\/100\n|switch|p2b: Scizor|Scizor, M|100\/100\n|turn|1\n|inactive|NONOLANDOSCARFNOOO has 120 seconds left.\n|\n|t:|1697872882\n|-terastallize|p2b: Scizor|Water\n|move|p2a: Ribombee|Helping Hand|p2b: Scizor\n|-singleturn|p2b: Scizor|Helping Hand|[of] p2a: Ribombee\n|move|p1b: Skeledirge|Heat Wave|p2a: Ribombee|[spread] p2a\n|-miss|p1b: Skeledirge|p2b: Scizor\n|-supereffective|p2a: Ribombee\n|-damage|p2a: Ribombee|29\/100\n|move|p2b: Scizor|Close Combat|p1a: Ursaluna\n|-supereffective|p1a: Ursaluna\n|-crit|p1a: Ursaluna\n|-damage|p1a: Ursaluna|0 fnt\n|-unboost|p2b: Scizor|def|1\n|-unboost|p2b: Scizor|spd|1\n|faint|p1a: Ursaluna\n|\n|-heal|p2a: Ribombee|35\/100|[from] item: Leftovers\n|upkeep\n|turn|2\n|inactive|NONOLANDOSCARFNOOO has 120 seconds left.\n|\n|t:|1697872899\n|move|p2a: Ribombee|Helping Hand|p2b: Scizor\n|-singleturn|p2b: Scizor|Helping Hand|[of] p2a: Ribombee\n|move|p1b: Skeledirge|Will-O-Wisp|p2b: Scizor\n|-status|p2b: Scizor|brn\n|move|p2b: Scizor|Dual Wingbeat|p1b: Skeledirge\n|-damage|p1b: Skeledirge|87\/100\n|-damage|p1b: Skeledirge|74\/100\n|-hitcount|p1b: Skeledirge|2\n|\n|-heal|p2a: Ribombee|41\/100|[from] item: Leftovers\n|-heal|p1b: Skeledirge|80\/100|[from] item: Leftovers\n|-damage|p2b: Scizor|94\/100 brn|[from] brn\n|upkeep\n|turn|3\n|inactive|NONOLANDOSCARFNOOO has 120 seconds left.\n|\n|t:|1697872920\n|move|p2a: Ribombee|Helping Hand|p2b: Scizor\n|-singleturn|p2b: Scizor|Helping Hand|[of] p2a: Ribombee\n|move|p1b: Skeledirge|Heat Wave|p2b: Scizor|[spread] p2b\n|-miss|p1b: Skeledirge|p2a: Ribombee\n|-resisted|p2b: Scizor\n|-damage|p2b: Scizor|80\/100 brn\n|move|p2b: Scizor|Dual Wingbeat|p1b: Skeledirge|[miss]\n|-miss|p2b: Scizor|p1b: Skeledirge\n|\n|-heal|p2a: Ribombee|47\/100|[from] item: Leftovers\n|-heal|p1b: Skeledirge|86\/100|[from] item: Leftovers\n|-heal|p2b: Scizor|86\/100 brn|[from] item: Leftovers\n|-damage|p2b: Scizor|80\/100 brn|[from] brn\n|upkeep\n|turn|4\n|\n|t:|1697872939\n|move|p2a: Ribombee|Pollen Puff|p1b: Skeledirge\n|-resisted|p1b: Skeledirge\n|-damage|p1b: Skeledirge|81\/100\n|move|p1b: Skeledirge|Heat Wave|p2a: Ribombee|[spread] p2a,p2b\n|-supereffective|p2a: Ribombee\n|-resisted|p2b: Scizor\n|-damage|p2a: Ribombee|0 fnt\n|-damage|p2b: Scizor|63\/100 brn\n|faint|p2a: Ribombee\n|move|p2b: Scizor|Dual Wingbeat|p1b: Skeledirge\n|-damage|p1b: Skeledirge|71\/100\n|-damage|p1b: Skeledirge|62\/100\n|-hitcount|p1b: Skeledirge|2\n|\n|-heal|p1b: Skeledirge|68\/100|[from] item: Leftovers\n|-heal|p2b: Scizor|69\/100 brn|[from] item: Leftovers\n|-damage|p2b: Scizor|63\/100 brn|[from] brn\n|upkeep\n|turn|5\n|\n|t:|1697872948\n|move|p1b: Skeledirge|Hex|p2b: Scizor\n|-damage|p2b: Scizor|8\/100 brn\n|move|p2b: Scizor|Dual Wingbeat|p1b: Skeledirge\n|-damage|p1b: Skeledirge|59\/100\n|-damage|p1b: Skeledirge|50\/100\n|-hitcount|p1b: Skeledirge|2\n|\n|-heal|p1b: Skeledirge|56\/100|[from] item: Leftovers\n|-heal|p2b: Scizor|14\/100 brn|[from] item: Leftovers\n|-damage|p2b: Scizor|8\/100 brn|[from] brn\n|upkeep\n|turn|6\n|-message|NONOLANDOSCARFNOOO forfeited.\n|\n|win|41exe\n|n|\u260641exe|41exe\n|n|\u2606NONOLANDOSCARFNOOO|nonolandoscarfnooo\n|n|*Lady Monita \u263d|ladymonita\n","uploadtime":1697872949,"views":16,"p1id":"41exe","p2id":"nonolandoscarfnooo","formatid":"gen9doublesou","rating":0,"private":0,"password":""}