{"id":"gen9doublesou-1968889943","p1":"Howlpup13","p2":"Showbaz","format":"[Gen 9] Doubles OU","log":"|j|\u2606Howlpup13\n|j|\u2606Showbaz\n|t:|1697473141\n|gametype|doubles\n|player|p1|Howlpup13|1|1051\n|player|p2|Showbaz|102|1023\n|teamsize|p1|6\n|teamsize|p2|6\n|gen|9\n|tier|[Gen 9] Doubles OU\n|rated|\n|rule|Species Clause: Limit one of each Pok\u00e9mon\n|rule|OHKO Clause: OHKO moves are banned\n|rule|Evasion Moves Clause: Evasion moves are banned\n|rule|Gravity Sleep Clause: The combination of sleep-inducing moves with imperfect accuracy and Gravity or Gigantamax Orbeetle are banned\n|rule|Endless Battle Clause: Forcing endless battles is banned\n|rule|HP Percentage Mod: HP is shown in percentages\n|clearpoke\n|poke|p1|Volbeat, M|\n|poke|p1|Golduck, M|\n|poke|p1|Vaporeon, M|\n|poke|p1|Politoed, F|\n|poke|p1|Volcanion|\n|poke|p1|Indeedee-F, F|\n|poke|p2|Glimmora, F|\n|poke|p2|Torkoal, M|\n|poke|p2|Coalossal, M|\n|poke|p2|Roaring Moon|\n|poke|p2|Clodsire, M|\n|poke|p2|Scizor, M|\n|teampreview\n|inactive|Battle timer is ON: inactive players will automatically lose when time's up. (requested by Howlpup13)\n|\n|t:|1697473172\n|start\n|switch|p1a: Volbeat|Volbeat, M|100\/100\n|switch|p1b: Golduck|Golduck, M|100\/100\n|switch|p2a: Scizor|Scizor, M, shiny|100\/100\n|switch|p2b: Glimmora|Glimmora, F, shiny|100\/100\n|turn|1\n|\n|t:|1697473192\n|move|p2b: Glimmora|Reflect|p2b: Glimmora\n|-sidestart|p2: Showbaz|Reflect\n|move|p1b: Golduck|Simple Beam|p1a: Volbeat\n|-endability|p1a: Volbeat|Swarm|[from] move: Simple Beam\n|-ability|p1a: Volbeat|Simple|[from] move: Simple Beam\n|move|p1a: Volbeat|Tail Glow|p1a: Volbeat\n|-boost|p1a: Volbeat|spa|6\n|move|p2a: Scizor|Trailblaze|p1b: Golduck\n|-supereffective|p1b: Golduck\n|-damage|p1b: Golduck|21\/100\n|-boost|p2a: Scizor|spe|1\n|\n|upkeep\n|turn|2\n|\n|t:|1697473213\n|move|p2b: Glimmora|Light Screen|p2b: Glimmora\n|-sidestart|p2: Showbaz|move: Light Screen\n|move|p1b: Golduck|Psych Up|p1a: Volbeat\n|-copyboost|p1b: Golduck|p1a: Volbeat|[from] move: Psych Up\n|move|p1a: Volbeat|Baton Pass|p1a: Volbeat\n|\n|t:|1697473228\n|switch|p1a: Vaporeon|Vaporeon, M|100\/100|[from] Baton Pass\n|move|p2a: Scizor|Trailblaze|p1b: Golduck\n|-supereffective|p1b: Golduck\n|-damage|p1b: Golduck|0 fnt\n|-boost|p2a: Scizor|spe|1\n|faint|p1b: Golduck\n|\n|upkeep\n|inactive|Howlpup13 has 120 seconds left.\n|\n|t:|1697473241\n|switch|p1b: Indeedee|Indeedee-F, F|100\/100\n|-fieldstart|move: Psychic Terrain|[from] ability: Psychic Surge|[of] p1b: Indeedee\n|turn|3\n|\n|t:|1697473264\n|switch|p1b: Politoed|Politoed, F|100\/100\n|move|p2a: Scizor|U-turn|p1b: Politoed\n|-damage|p1b: Politoed|53\/100\n|\n|t:|1697473281\n|switch|p2a: Clodsire|Clodsire, M, shiny|100\/100|[from] U-turn\n|-item|p2a: Clodsire|Air Balloon\n|move|p2b: Glimmora|Stealth Rock|p1b: Politoed\n|-sidestart|p1: Howlpup13|move: Stealth Rock\n|move|p1a: Vaporeon|Surf|p2a: Clodsire|[spread] p2b\n|-heal|p1b: Politoed|78\/100|[from] ability: Water Absorb|[of] p1a: Vaporeon\n|-immune|p2a: Clodsire|[from] ability: Water Absorb\n|-supereffective|p2b: Glimmora\n|-damage|p2b: Glimmora|0 fnt\n|faint|p2b: Glimmora\n|\n|-heal|p1b: Politoed|84\/100|[from] item: Leftovers\n|upkeep\n|\n|t:|1697473291\n|switch|p2b: Torkoal|Torkoal, M|100\/100\n|-weather|SunnyDay|[from] ability: Drought|[of] p2b: Torkoal\n|turn|4\n|\n|t:|1697473304\n|switch|p2b: Scizor|Scizor, M, shiny|100\/100\n|move|p1b: Politoed|Rain Dance|p1b: Politoed\n|-weather|RainDance\n|move|p1a: Vaporeon|Stored Power|p2a: Clodsire\n|-supereffective|p2a: Clodsire\n|-crit|p2a: Clodsire\n|-damage|p2a: Clodsire|0 fnt\n|-enditem|p2a: Clodsire|Air Balloon\n|faint|p2a: Clodsire\n|\n|-weather|RainDance|[upkeep]\n|-heal|p1b: Politoed|90\/100|[from] item: Leftovers\n|upkeep\n|\n|t:|1697473312\n|switch|p2a: Torkoal|Torkoal, M|100\/100\n|-weather|SunnyDay|[from] ability: Drought|[of] p2a: Torkoal\n|turn|5\n|\n|t:|1697473326\n|move|p1b: Politoed|Weather Ball|p2b: Scizor\n|-supereffective|p2b: Scizor\n|-damage|p2b: Scizor|13\/100\n|move|p1a: Vaporeon|Surf|p2b: Scizor|[spread] p2a,p2b\n|-heal|p1b: Politoed|100\/100|[from] ability: Water Absorb|[of] p1a: Vaporeon\n|-supereffective|p2a: Torkoal\n|-damage|p2a: Torkoal|0 fnt\n|-damage|p2b: Scizor|0 fnt\n|faint|p2a: Torkoal\n|faint|p2b: Scizor\n|\n|-weather|SunnyDay|[upkeep]\n|upkeep\n|-message|Showbaz forfeited.\n|\n|win|Howlpup13\n|raw|Howlpup13's rating: 1051 &rarr; <strong>1081<\/strong><br \/>(+30 for winning)\n|raw|Showbaz's rating: 1023 &rarr; <strong>1011<\/strong><br \/>(-12 for losing)\n|l|\u2606Showbaz\n","uploadtime":1697473351,"views":20,"p1id":"howlpup13","p2id":"showbaz","formatid":"gen9doublesou","rating":1011,"private":0,"password":""}