{"id":"gen9doublesou-1976438000","p1":"Kongojongo","p2":"alucard_wolf","format":"[Gen 9] Doubles OU","log":"|j|\u2606Kongojongo\n|j|\u2606alucard_wolf\n|t:|1698303367\n|gametype|doubles\n|player|p1|Kongojongo|harlequin|1065\n|player|p2|alucard_wolf|265|1108\n|teamsize|p1|6\n|teamsize|p2|6\n|gen|9\n|tier|[Gen 9] Doubles OU\n|rated|\n|rule|Species Clause: Limit one of each Pok\u00e9mon\n|rule|OHKO Clause: OHKO moves are banned\n|rule|Evasion Moves Clause: Evasion moves are banned\n|rule|Gravity Sleep Clause: The combination of sleep-inducing moves with imperfect accuracy and Gravity or Gigantamax Orbeetle are banned\n|rule|Endless Battle Clause: Forcing endless battles is banned\n|rule|HP Percentage Mod: HP is shown in percentages\n|clearpoke\n|poke|p1|Ogerpon-Hearthflame, F|\n|poke|p1|Ursaluna-Bloodmoon, M|\n|poke|p1|Cramorant, F|\n|poke|p1|Gastrodon-East, M|\n|poke|p1|Iron Hands|\n|poke|p1|Toxapex, F|\n|poke|p2|Zoroark-Hisui, M|\n|poke|p2|Walking Wake|\n|poke|p2|Tinkaton, F|\n|poke|p2|Meowscarada, F|\n|poke|p2|Ogerpon-Hearthflame, F|\n|poke|p2|Farigiraf, F|\n|teampreview\n|\n|t:|1698303410\n|start\n|switch|p1a: >:(|Ogerpon-Hearthflame, F|100\/100\n|switch|p1b: Slappems|Iron Hands|100\/100\n|switch|p2a: Meowscarada|Meowscarada, F, shiny|100\/100\n|switch|p2b: Farigiraf|Farigiraf, F, shiny|100\/100\n|-ability|p1a: >:(|Mold Breaker\n|-enditem|p1b: Slappems|Booster Energy\n|-activate|p1b: Slappems|ability: Quark Drive|[fromitem]\n|-start|p1b: Slappems|quarkdriveatk\n|turn|1\n|\n|t:|1698303470\n|move|p1b: Slappems|Fake Out||[still]\n|cant|p2b: Farigiraf|ability: Armor Tail|Fake Out|[of] p1b: Slappems\n|move|p2a: Meowscarada|U-turn|p1a: >:(\n|-start|p2a: Meowscarada|typechange|Bug|[from] ability: Protean\n|-damage|p1a: >:(|46\/100\n|\n|t:|1698303479\n|switch|p2a: Walking Wake|Walking Wake|100\/100|[from] U-turn\n|-enditem|p2a: Walking Wake|Booster Energy\n|-activate|p2a: Walking Wake|ability: Protosynthesis|[fromitem]\n|-start|p2a: Walking Wake|protosynthesisspa\n|move|p1a: >:(|Swords Dance|p1a: >:(\n|-boost|p1a: >:(|atk|2\n|move|p2b: Farigiraf|Twin Beam|p1b: Slappems\n|-supereffective|p1b: Slappems\n|-damage|p1b: Slappems|71\/100\n|-supereffective|p1b: Slappems\n|-damage|p1b: Slappems|40\/100\n|-hitcount|p1b: Slappems|2\n|\n|upkeep\n|turn|2\n|\n|t:|1698303511\n|move|p1a: >:(|Horn Leech|p2a: Walking Wake\n|-crit|p2a: Walking Wake\n|-damage|p2a: Walking Wake|0 fnt\n|-heal|p1a: >:(|100\/100|[from] drain|[of] p2a: Walking Wake\n|faint|p2a: Walking Wake\n|-end|p2a: Walking Wake|Protosynthesis|[silent]\n|move|p1b: Slappems|Wild Charge|p2b: Farigiraf\n|-crit|p2b: Farigiraf\n|-damage|p2b: Farigiraf|9\/100\n|-damage|p1b: Slappems|17\/100|[from] Recoil\n|move|p2b: Farigiraf|Twin Beam|p1b: Slappems\n|-supereffective|p1b: Slappems\n|-damage|p1b: Slappems|0 fnt\n|faint|p1b: Slappems\n|-end|p1b: Slappems|Quark Drive|[silent]\n|-hitcount|p1: Slappems|1\n|\n|upkeep\n|\n|t:|1698303537\n|switch|p2a: Meowscarada|Meowscarada, F, shiny|100\/100\n|switch|p1b: Red Velvet|Toxapex, F, shiny|100\/100\n|turn|3\n|\n|t:|1698303559\n|move|p2a: Meowscarada|U-turn|p1a: >:(\n|-start|p2a: Meowscarada|typechange|Bug|[from] ability: Protean\n|-damage|p1a: >:(|50\/100\n|\n|t:|1698303575\n|switch|p2a: Meowscarada|Meowscarada, F, shiny|100\/100|[from] U-turn\n|move|p1a: >:(|Ivy Cudgel|p2a: Meowscarada\n|-enditem|p2a: Meowscarada|Focus Sash\n|-damage|p2a: Meowscarada|1\/100\n|replace|p2a: Zoroark|Zoroark-Hisui, M, shiny\n|-end|p2a: Zoroark|Illusion\n|move|p1b: Red Velvet|Acid Spray|p2b: Farigiraf\n|-damage|p2b: Farigiraf|0 fnt\n|faint|p2b: Farigiraf\n|\n|upkeep\n|\n|t:|1698303591\n|switch|p2b: Meowscarada|Meowscarada, F, shiny|100\/100\n|turn|4\n|\n|t:|1698303600\n|move|p1a: >:(|Spiky Shield|p1a: >:(\n|-singleturn|p1a: >:(|move: Protect\n|move|p2b: Meowscarada|Sucker Punch||[still]\n|-fail|p2b: Meowscarada\n|move|p2a: Zoroark|Psychic|p1b: Red Velvet\n|-supereffective|p1b: Red Velvet\n|-damage|p1b: Red Velvet|39\/100\n|-enditem|p1b: Red Velvet|Sitrus Berry|[eat]\n|-heal|p1b: Red Velvet|64\/100|[from] item: Sitrus Berry\n|move|p1b: Red Velvet|Acid Spray|p2b: Meowscarada\n|-supereffective|p2b: Meowscarada\n|-damage|p2b: Meowscarada|72\/100\n|-unboost|p2b: Meowscarada|spd|2\n|\n|upkeep\n|turn|5\n|\n|t:|1698303632\n|move|p2b: Meowscarada|Sucker Punch||[still]\n|-fail|p2b: Meowscarada\n|move|p2a: Zoroark|Psychic|p1b: Red Velvet\n|-supereffective|p1b: Red Velvet\n|-damage|p1b: Red Velvet|0 fnt\n|faint|p1b: Red Velvet\n|move|p1a: >:(|Swords Dance|p1a: >:(\n|-boost|p1a: >:(|atk|2\n|\n|upkeep\n|\n|t:|1698303645\n|switch|p1b: Blumby|Gastrodon-East, M|100\/100\n|turn|6\n|\n|t:|1698303670\n|switch|p2b: Tinkaton|Tinkaton, F, shiny|100\/100\n|-terastallize|p1b: Blumby|Poison\n|move|p1a: >:(|Spiky Shield|p1a: >:(\n|-singleturn|p1a: >:(|move: Protect\n|move|p2a: Zoroark|Bitter Malice|p1a: >:(\n|-activate|p1a: >:(|move: Protect\n|move|p1b: Blumby|Clear Smog|p2b: Tinkaton\n|-immune|p2b: Tinkaton\n|\n|upkeep\n|turn|7\n|\n|t:|1698303716\n|move|p2b: Tinkaton|Fake Out|p1a: >:(\n|-damage|p1a: >:(|43\/100\n|move|p2a: Zoroark|Bitter Malice|p1a: >:(\n|-crit|p1a: >:(\n|-damage|p1a: >:(|0 fnt\n|faint|p1a: >:(\n|move|p1b: Blumby|Chilling Water|p2a: Zoroark\n|-damage|p2a: Zoroark|0 fnt\n|faint|p2a: Zoroark\n|\n|upkeep\n|\n|t:|1698303734\n|switch|p2a: Ogerpon|Ogerpon-Hearthflame, F|100\/100\n|switch|p1a: Surfin Bird|Cramorant, F|100\/100\n|-ability|p2a: Ogerpon|Mold Breaker\n|turn|8\n|\n|t:|1698303745\n|-terastallize|p2a: Ogerpon|Fire\n|detailschange|p2a: Ogerpon|Ogerpon-Hearthflame-Tera, F, tera:Fire\n|-ability|p2a: Ogerpon|Embody Aspect (Hearthflame)|boost\n|-boost|p2a: Ogerpon|atk|1\n|move|p2a: Ogerpon|Spiky Shield|p2a: Ogerpon\n|-singleturn|p2a: Ogerpon|move: Protect\n|move|p2b: Tinkaton|Gigaton Hammer|p1a: Surfin Bird\n|-resisted|p1a: Surfin Bird\n|-damage|p1a: Surfin Bird|58\/100\n|move|p1a: Surfin Bird|Surf|p2a: Ogerpon|[spread] p2b\n|-activate|p2a: Ogerpon|move: Protect\n|-ability|p1b: Blumby|Storm Drain|boost\n|-boost|p1b: Blumby|spa|1\n|-formechange|p1a: Surfin Bird|Cramorant-Gulping|\n|-damage|p2b: Tinkaton|89\/100\n|move|p1b: Blumby|Earth Power|p2b: Tinkaton\n|-supereffective|p2b: Tinkaton\n|-damage|p2b: Tinkaton|52\/100\n|\n|upkeep\n|turn|9\n|\n|t:|1698303793\n|move|p2a: Ogerpon|Ivy Cudgel|p1b: Blumby\n|-damage|p1b: Blumby|0 fnt\n|faint|p1b: Blumby\n|move|p2b: Tinkaton|Play Rough|p1a: Surfin Bird\n|-damage|p1a: Surfin Bird|13\/100\n|-damage|p2b: Tinkaton|28\/100|[from] ability: Gulp Missile|[of] p1a: Surfin Bird\n|-unboost|p2b: Tinkaton|def|1\n|-formechange|p1a: Surfin Bird|Cramorant|\n|move|p1a: Surfin Bird|Surf|p2a: Ogerpon|[spread] p2a,p2b\n|-formechange|p1a: Surfin Bird|Cramorant-Gorging|\n|-supereffective|p2a: Ogerpon\n|-damage|p2a: Ogerpon|37\/100\n|-damage|p2b: Tinkaton|17\/100\n|\n|upkeep\n|\n|t:|1698303805\n|switch|p1b: Har har har har|Ursaluna-Bloodmoon, M|100\/100\n|turn|10\n|\n|t:|1698303817\n|move|p1a: Surfin Bird|Endure|p1a: Surfin Bird\n|-singleturn|p1a: Surfin Bird|move: Endure\n|move|p2a: Ogerpon|Wood Hammer|p1b: Har har har har\n|-supereffective|p1b: Har har har har\n|-damage|p1b: Har har har har|0 fnt\n|faint|p1b: Har har har har\n|-damage|p2a: Ogerpon|0 fnt|[from] Recoil\n|faint|p2a: Ogerpon\n|move|p2b: Tinkaton|Gigaton Hammer|p1a: Surfin Bird\n|-resisted|p1a: Surfin Bird\n|-activate|p1a: Surfin Bird|move: Endure\n|-damage|p1a: Surfin Bird|1\/100\n|-damage|p2b: Tinkaton|0 fnt|[from] ability: Gulp Missile|[of] p1a: Surfin Bird\n|-formechange|p1a: Surfin Bird|Cramorant|\n|faint|p2b: Tinkaton\n|\n|upkeep\n|\n|t:|1698303835\n|switch|p2b: Meowscarada|Meowscarada, F, shiny|72\/100\n|turn|11\n|\n|t:|1698303847\n|move|p1a: Surfin Bird|Protect||[still]\n|-fail|p1a: Surfin Bird\n|move|p2b: Meowscarada|Thunder Punch|p1a: Surfin Bird\n|-start|p2b: Meowscarada|typechange|Electric|[from] ability: Protean\n|-supereffective|p1a: Surfin Bird\n|-damage|p1a: Surfin Bird|0 fnt\n|faint|p1a: Surfin Bird\n|\n|win|alucard_wolf\n|raw|Kongojongo's rating: 1065 &rarr; <strong>1048<\/strong><br \/>(-17 for losing)\n|raw|alucard_wolf's rating: 1108 &rarr; <strong>1130<\/strong><br \/>(+22 for winning)\n|c|\u2606Kongojongo|gg\n","uploadtime":1698303858,"views":21,"p1id":"kongojongo","p2id":"alucardwolf","formatid":"gen9doublesou","rating":1048,"private":0,"password":""}