{"id":"gen9doublesou-1997470204","p1":"Mukilpro","p2":"Cryptic_Brawler","format":"[Gen 9] Doubles OU","log":"|j|\u2606Mukilpro\n|j|\u2606Cryptic_Brawler\n|t:|1700810996\n|gametype|doubles\n|player|p1|Mukilpro|169|1101\n|player|p2|Cryptic_Brawler|ghetsis-gen5bw|1026\n|teamsize|p1|6\n|teamsize|p2|6\n|gen|9\n|tier|[Gen 9] Doubles OU\n|rated|\n|rule|Species Clause: Limit one of each Pok\u00e9mon\n|rule|OHKO Clause: OHKO moves are banned\n|rule|Evasion Moves Clause: Evasion moves are banned\n|rule|Gravity Sleep Clause: The combination of sleep-inducing moves with imperfect accuracy and Gravity or Gigantamax Orbeetle are banned\n|rule|Endless Battle Clause: Forcing endless battles is banned\n|rule|HP Percentage Mod: HP is shown in percentages\n|clearpoke\n|poke|p1|Skeledirge, M|\n|poke|p1|Torkoal, F|\n|poke|p1|Roaring Moon|\n|poke|p1|Florges-White, F|\n|poke|p1|Rillaboom, F|\n|poke|p1|Rotom-Wash|\n|poke|p2|Espathra, M|\n|poke|p2|Ogerpon-Wellspring, F|\n|poke|p2|Roaring Moon|\n|poke|p2|Politoed, M|\n|poke|p2|Noivern, F|\n|poke|p2|Cinderace, F|\n|teampreview\n|inactive|Battle timer is ON: inactive players will automatically lose when time's up. (requested by Cryptic_Brawler)\n|\n|t:|1700811022\n|start\n|switch|p1a: Rillaboom|Rillaboom, F|100\/100\n|switch|p1b: Florges|Florges-White, F, shiny|100\/100\n|switch|p2a: Espathra|Espathra, M|100\/100\n|switch|p2b: Ogerpon|Ogerpon-Wellspring, F|100\/100\n|-fieldstart|move: Grassy Terrain|[from] ability: Grassy Surge|[of] p1a: Rillaboom\n|turn|1\n|\n|t:|1700811048\n|move|p2b: Ogerpon|Follow Me|p2b: Ogerpon\n|-singleturn|p2b: Ogerpon|move: Follow Me\n|move|p1a: Rillaboom|Grassy Glide|p2b: Ogerpon\n|-damage|p2b: Ogerpon|46\/100\n|move|p2a: Espathra|Calm Mind|p2a: Espathra\n|-boost|p2a: Espathra|spa|1\n|-boost|p2a: Espathra|spd|1\n|move|p1b: Florges|Charm|p2b: Ogerpon\n|-unboost|p2b: Ogerpon|atk|2\n|\n|-heal|p2b: Ogerpon|52\/100|[from] Grassy Terrain\n|-ability|p2a: Espathra|Speed Boost|boost\n|-boost|p2a: Espathra|spe|1\n|upkeep\n|turn|2\n|\n|t:|1700811074\n|move|p2a: Espathra|Protect|p2a: Espathra\n|-singleturn|p2a: Espathra|Protect\n|move|p2b: Ogerpon|Spiky Shield|p2b: Ogerpon\n|-singleturn|p2b: Ogerpon|move: Protect\n|move|p1a: Rillaboom|Grassy Glide|p2a: Espathra\n|-activate|p2a: Espathra|move: Protect\n|move|p1b: Florges|Moonblast|p2a: Espathra\n|-activate|p2a: Espathra|move: Protect\n|\n|-heal|p2b: Ogerpon|58\/100|[from] Grassy Terrain\n|-ability|p2a: Espathra|Speed Boost|boost\n|-boost|p2a: Espathra|spe|1\n|upkeep\n|turn|3\n|\n|t:|1700811100\n|move|p2b: Ogerpon|Follow Me|p2b: Ogerpon\n|-singleturn|p2b: Ogerpon|move: Follow Me\n|move|p1a: Rillaboom|Grassy Glide|p2b: Ogerpon\n|-damage|p2b: Ogerpon|5\/100\n|move|p2a: Espathra|Calm Mind|p2a: Espathra\n|-boost|p2a: Espathra|spa|1\n|-boost|p2a: Espathra|spd|1\n|move|p1b: Florges|Moonblast|p2b: Ogerpon\n|-damage|p2b: Ogerpon|0 fnt\n|faint|p2b: Ogerpon\n|\n|-ability|p2a: Espathra|Speed Boost|boost\n|-boost|p2a: Espathra|spe|1\n|upkeep\n|\n|t:|1700811108\n|switch|p2b: Roaring Moon|Roaring Moon|100\/100\n|-enditem|p2b: Roaring Moon|Booster Energy\n|-activate|p2b: Roaring Moon|ability: Protosynthesis|[fromitem]\n|-start|p2b: Roaring Moon|protosynthesisatk\n|turn|4\n|\n|t:|1700811126\n|-terastallize|p2a: Espathra|Steel\n|move|p1a: Rillaboom|Grassy Glide|p2a: Espathra\n|-resisted|p2a: Espathra\n|-damage|p2a: Espathra|57\/100\n|move|p2a: Espathra|Stored Power|p1b: Florges\n|-damage|p1b: Florges|4\/100\n|move|p2b: Roaring Moon|Acrobatics|p1a: Rillaboom\n|-supereffective|p1a: Rillaboom\n|-damage|p1a: Rillaboom|0 fnt\n|faint|p1a: Rillaboom\n|move|p1b: Florges|Charm|p2b: Roaring Moon\n|-unboost|p2b: Roaring Moon|atk|2\n|\n|-heal|p2a: Espathra|63\/100|[from] Grassy Terrain\n|-heal|p2a: Espathra|69\/100|[from] item: Leftovers\n|-heal|p1b: Florges|10\/100|[from] Grassy Terrain\n|-heal|p1b: Florges|16\/100|[from] item: Leftovers\n|-ability|p2a: Espathra|Speed Boost|boost\n|-boost|p2a: Espathra|spe|1\n|upkeep\n|inactive|Mukilpro has 120 seconds left.\n|\n|t:|1700811157\n|switch|p1a: Skeledirge|Skeledirge, M|100\/100\n|turn|5\n|\n|t:|1700811171\n|move|p2a: Espathra|Shadow Ball|p1a: Skeledirge\n|-supereffective|p1a: Skeledirge\n|-damage|p1a: Skeledirge|39\/100\n|-unboost|p1a: Skeledirge|spd|1\n|move|p2b: Roaring Moon|Iron Head|p1b: Florges\n|-supereffective|p1b: Florges\n|-damage|p1b: Florges|0 fnt\n|faint|p1b: Florges\n|move|p1a: Skeledirge|Torch Song|p2a: Espathra\n|-supereffective|p2a: Espathra\n|-damage|p2a: Espathra|0 fnt\n|-boost|p1a: Skeledirge|spa|1\n|faint|p2a: Espathra\n|\n|-heal|p1a: Skeledirge|45\/100|[from] Grassy Terrain\n|-fieldend|move: Grassy Terrain\n|upkeep\n|\n|t:|1700811190\n|switch|p2a: Cinderace|Cinderace, F|100\/100\n|switch|p1b: Rotom|Rotom-Wash|100\/100\n|turn|6\n|\n|t:|1700811206\n|move|p2a: Cinderace|Sucker Punch|p1a: Skeledirge\n|-start|p2a: Cinderace|typechange|Dark|[from] ability: Libero\n|-supereffective|p1a: Skeledirge\n|-damage|p1a: Skeledirge|0 fnt\n|faint|p1a: Skeledirge\n|-damage|p2a: Cinderace|91\/100|[from] item: Life Orb\n|move|p2b: Roaring Moon|Dragon Dance|p2b: Roaring Moon\n|-boost|p2b: Roaring Moon|atk|1\n|-boost|p2b: Roaring Moon|spe|1\n|move|p1b: Rotom|Charge Beam|p2a: Cinderace\n|-damage|p2a: Cinderace|65\/100\n|-boost|p1b: Rotom|spa|1\n|\n|upkeep\n|\n|t:|1700811224\n|switch|p1a: Torkoal|Torkoal, F|100\/100\n|-weather|SunnyDay|[from] ability: Drought|[of] p1a: Torkoal\n|turn|7\n|inactive|Cryptic_Brawler has 120 seconds left.\n|\n|t:|1700811256\n|move|p2b: Roaring Moon|Dragon Dance|p2b: Roaring Moon\n|-boost|p2b: Roaring Moon|atk|1\n|-boost|p2b: Roaring Moon|spe|1\n|move|p2a: Cinderace|U-turn|p1b: Rotom\n|-damage|p1b: Rotom|69\/100\n|-damage|p2a: Cinderace|55\/100|[from] item: Life Orb\n|inactive|Cryptic_Brawler has 120 seconds left.\n|\n|t:|1700811263\n|switch|p2a: Noivern|Noivern, F|100\/100|[from] U-turn\n|move|p1b: Rotom|Hydro Pump|p2a: Noivern\n|-resisted|p2a: Noivern\n|-crit|p2a: Noivern\n|-damage|p2a: Noivern|67\/100\n|move|p1a: Torkoal|Body Press|p2b: Roaring Moon\n|-supereffective|p2b: Roaring Moon\n|-damage|p2b: Roaring Moon|25\/100\n|\n|-weather|SunnyDay|[upkeep]\n|upkeep\n|turn|8\n|inactive|Cryptic_Brawler has 120 seconds left.\n|\n|t:|1700811290\n|move|p1a: Torkoal|Protect|p1a: Torkoal\n|-singleturn|p1a: Torkoal|Protect\n|move|p2b: Roaring Moon|Earthquake|p1a: Torkoal|[spread] \n|-activate|p1a: Torkoal|move: Protect\n|-immune|p2a: Noivern\n|-immune|p1b: Rotom|[from] ability: Levitate\n|move|p2a: Noivern|Tailwind|p2a: Noivern\n|-sidestart|p2: Cryptic_Brawler|move: Tailwind\n|move|p1b: Rotom|Volt Switch|p2b: Roaring Moon\n|-resisted|p2b: Roaring Moon\n|-damage|p2b: Roaring Moon|6\/100\n|\n|t:|1700811303\n|switch|p1b: Roaring Moon|Roaring Moon, shiny|100\/100|[from] Volt Switch\n|-activate|p1b: Roaring Moon|ability: Protosynthesis\n|-start|p1b: Roaring Moon|protosynthesisatk\n|\n|-weather|SunnyDay|[upkeep]\n|upkeep\n|turn|9\n|inactive|Cryptic_Brawler has 120 seconds left.\n|\n|t:|1700811338\n|-end|p1b: Roaring Moon|Protosynthesis|[silent]\n|switch|p1b: Rotom|Rotom-Wash|69\/100\n|move|p2b: Roaring Moon|Earthquake|p1a: Torkoal|[spread] p1a\n|-immune|p2a: Noivern\n|-immune|p1b: Rotom|[from] ability: Levitate\n|-supereffective|p1a: Torkoal\n|-damage|p1a: Torkoal|44\/100\n|move|p2a: Noivern|Boomburst|p1b: Rotom|[spread] p2b,p1a,p1b\n|-damage|p2b: Roaring Moon|0 fnt\n|-damage|p1a: Torkoal|8\/100\n|-damage|p1b: Rotom|47\/100\n|faint|p2b: Roaring Moon\n|-end|p2b: Roaring Moon|Protosynthesis|[silent]\n|move|p1a: Torkoal|Body Press|p2a: Noivern\n|-resisted|p2a: Noivern\n|-damage|p2a: Noivern|49\/100\n|\n|-weather|SunnyDay|[upkeep]\n|upkeep\n|\n|t:|1700811341\n|switch|p2b: Politoed|Politoed, M|100\/100\n|-weather|RainDance|[from] ability: Drizzle|[of] p2b: Politoed\n|turn|10\n|\n|t:|1700811363\n|move|p1a: Torkoal|Protect|p1a: Torkoal\n|-singleturn|p1a: Torkoal|Protect\n|move|p2a: Noivern|Hurricane|p1b: Rotom\n|-resisted|p1b: Rotom\n|-damage|p1b: Rotom|31\/100\n|move|p2b: Politoed|Chilling Water|p1a: Torkoal\n|-activate|p1a: Torkoal|move: Protect\n|move|p1b: Rotom|Thunderbolt|p2b: Politoed\n|-supereffective|p2b: Politoed\n|-damage|p2b: Politoed|39\/100\n|\n|-weather|RainDance|[upkeep]\n|upkeep\n|turn|11\n|c|\u2606Cryptic_Brawler|please bro\n|inactive|Mukilpro has 120 seconds left.\n|\n|t:|1700811396\n|switch|p1a: Roaring Moon|Roaring Moon, shiny|100\/100\n|move|p2a: Noivern|Boomburst|p1b: Rotom|[spread] p2b,p1a,p1b\n|-damage|p2b: Politoed|14\/100\n|-damage|p1a: Roaring Moon|75\/100\n|-damage|p1b: Rotom|10\/100\n|move|p2b: Politoed|Ice Beam|p1b: Rotom\n|-resisted|p1b: Rotom\n|-damage|p1b: Rotom|1\/100\n|move|p1b: Rotom|Thunderbolt|p2b: Politoed\n|-supereffective|p2b: Politoed\n|-damage|p2b: Politoed|0 fnt\n|faint|p2b: Politoed\n|\n|-weather|RainDance|[upkeep]\n|-sideend|p2: Cryptic_Brawler|move: Tailwind\n|upkeep\n|\n|t:|1700811399\n|switch|p2b: Cinderace|Cinderace, F|55\/100\n|turn|12\n|inactive|Mukilpro has 120 seconds left.\n|\n|t:|1700811430\n|move|p2a: Noivern|Boomburst|p1b: Rotom|[spread] p2b,p1a,p1b\n|-damage|p2b: Cinderace|15\/100\n|-damage|p1a: Roaring Moon|46\/100\n|-damage|p1b: Rotom|0 fnt\n|-enditem|p1a: Roaring Moon|Sitrus Berry|[eat]\n|-heal|p1a: Roaring Moon|71\/100|[from] item: Sitrus Berry\n|faint|p1b: Rotom\n|move|p2b: Cinderace|U-turn|p1a: Roaring Moon\n|-start|p2b: Cinderace|typechange|Bug|[from] ability: Libero\n|-supereffective|p1a: Roaring Moon\n|-damage|p1a: Roaring Moon|0 fnt\n|faint|p1a: Roaring Moon\n|-end|p1a: Roaring Moon|Protosynthesis|[silent]\n|-damage|p2b: Cinderace|5\/100|[from] item: Life Orb\n|\n|-weather|RainDance|[upkeep]\n|upkeep\n|inactive|Mukilpro has 120 seconds left.\n|\n|t:|1700811446\n|switch|p1a: Torkoal|Torkoal, F|8\/100\n|-weather|SunnyDay|[from] ability: Drought|[of] p1a: Torkoal\n|turn|13\n|\n|t:|1700811459\n|move|p1a: Torkoal|Protect|p1a: Torkoal\n|-singleturn|p1a: Torkoal|Protect\n|move|p2b: Cinderace|Sucker Punch||[still]\n|-fail|p2b: Cinderace\n|move|p2a: Noivern|Air Slash|p1a: Torkoal\n|-activate|p1a: Torkoal|move: Protect\n|\n|-weather|SunnyDay|[upkeep]\n|upkeep\n|turn|14\n|\n|t:|1700811470\n|move|p2b: Cinderace|Sucker Punch||[still]\n|-fail|p2b: Cinderace\n|move|p2a: Noivern|Boomburst|p1a: Torkoal|[spread] p2b,p1a\n|-damage|p2b: Cinderace|0 fnt\n|-damage|p1a: Torkoal|0 fnt\n|faint|p2b: Cinderace\n|faint|p1a: Torkoal\n|\n|win|Cryptic_Brawler\n|raw|Mukilpro's rating: 1101 &rarr; <strong>1071<\/strong><br \/>(-30 for losing)\n|raw|Cryptic_Brawler's rating: 1026 &rarr; <strong>1070<\/strong><br \/>(+44 for winning)\n|l|\u2606Mukilpro\n","uploadtime":1700811546,"views":13,"p1id":"mukilpro","p2id":"crypticbrawler","formatid":"gen9doublesou","rating":1070,"private":0,"password":""}