{"id":"gen9doublesou-1988769032","p1":"carambolo","p2":"dusttrustblueberry","format":"[Gen 9] Doubles OU","log":"|j|\u2606carambolo\n|j|\u2606dusttrustblueberry\n|t:|1699760723\n|gametype|doubles\n|player|p1|carambolo|102|1525\n|player|p2|dusttrustblueberry|steven-masters2|1547\n|teamsize|p1|6\n|teamsize|p2|6\n|gen|9\n|tier|[Gen 9] Doubles OU\n|rated|\n|rule|Species Clause: Limit one of each Pok\u00e9mon\n|rule|OHKO Clause: OHKO moves are banned\n|rule|Evasion Moves Clause: Evasion moves are banned\n|rule|Gravity Sleep Clause: The combination of sleep-inducing moves with imperfect accuracy and Gravity or Gigantamax Orbeetle are banned\n|rule|Endless Battle Clause: Forcing endless battles is banned\n|rule|HP Percentage Mod: HP is shown in percentages\n|clearpoke\n|poke|p1|Spiritomb, M|\n|poke|p1|Gastrodon, M|\n|poke|p1|Kingambit, M|\n|poke|p1|Hatterene, F|\n|poke|p1|Armarouge, F|\n|poke|p1|Kommo-o, M|\n|poke|p2|Tornadus, M|\n|poke|p2|Regidrago|\n|poke|p2|Diancie|\n|poke|p2|Chi-Yu|\n|poke|p2|Amoonguss, M|\n|poke|p2|Iron Hands|\n|teampreview\n|inactive|Battle timer is ON: inactive players will automatically lose when time's up. (requested by dusttrustblueberry)\n|j| kingifty113\n|inactive|dusttrustblueberry has 120 seconds left.\n|c|\u2606carambolo|XD\n|\n|t:|1699760761\n|start\n|switch|p1a: Gre\u00f1as|Hatterene, F|100\/100\n|switch|p1b: Braza|Armarouge, F|100\/100\n|switch|p2a: Tornadus|Tornadus, M|100\/100\n|switch|p2b: Chi-Yu|Chi-Yu|100\/100\n|-ability|p2b: Chi-Yu|Beads of Ruin\n|turn|1\n|\n|t:|1699760780\n|-terastallize|p2b: Chi-Yu|Dark\n|move|p2a: Tornadus|Taunt|p1b: Braza\n|-start|p1b: Braza|move: Taunt\n|move|p2b: Chi-Yu|Dark Pulse|p1a: Gre\u00f1as\n|-damage|p1a: Gre\u00f1as|20\/100\n|move|p1b: Braza|Aura Sphere|p2b: Chi-Yu\n|-supereffective|p2b: Chi-Yu\n|-damage|p2b: Chi-Yu|10\/100\n|move|p1a: Gre\u00f1as|Dazzling Gleam|p2a: Tornadus|[spread] p2a,p2b\n|-supereffective|p2b: Chi-Yu\n|-damage|p2a: Tornadus|49\/100\n|-damage|p2b: Chi-Yu|0 fnt\n|faint|p2b: Chi-Yu\n|\n|upkeep\n|\n|t:|1699760798\n|switch|p2b: Regidrago|Regidrago|100\/100\n|turn|2\n|\n|t:|1699760816\n|switch|p1a: Spektro|Spiritomb, M|100\/100\n|-ability|p1a: Spektro|Pressure\n|move|p2a: Tornadus|Bleakwind Storm|p1a: Spektro|[spread] p1a,p1b\n|-damage|p1a: Spektro|69\/100\n|-damage|p1b: Braza|63\/100\n|move|p2b: Regidrago|Dragon Energy|p1b: Braza|[spread] p1a,p1b\n|-damage|p1a: Spektro|0 fnt\n|-damage|p1b: Braza|0 fnt\n|faint|p1a: Spektro\n|faint|p1b: Braza\n|\n|upkeep\n|inactive|carambolo has 120 seconds left.\n|\n|t:|1699760839\n|switch|p1b: Gre\u00f1as|Hatterene, F|20\/100\n|switch|p1a: Bigotes|Kingambit, M|100\/100\n|turn|3\n|\n|t:|1699760864\n|switch|p2a: Amoonguss|Amoonguss, M|100\/100\n|switch|p2b: Iron Hands|Iron Hands|100\/100\n|move|p1a: Bigotes|Sucker Punch||[still]\n|-fail|p1a: Bigotes\n|move|p1b: Gre\u00f1as|Trick Room|p1b: Gre\u00f1as\n|-fieldstart|move: Trick Room|[of] p1b: Gre\u00f1as\n|\n|upkeep\n|turn|4\n|\n|t:|1699760880\n|switch|p1a: Trujo|Gastrodon, M|100\/100\n|move|p2b: Iron Hands|Fake Out|p1b: Gre\u00f1as\n|-crit|p1b: Gre\u00f1as\n|-damage|p1b: Gre\u00f1as|0 fnt\n|faint|p1b: Gre\u00f1as\n|move|p2a: Amoonguss|Spore|p1a: Trujo\n|-status|p1a: Trujo|slp|[from] move: Spore\n|\n|upkeep\n|\n|t:|1699760889\n|switch|p1b: Kommo-o|Kommo-o, M|100\/100\n|turn|5\n|\n|t:|1699760906\n|switch|p2a: Diancie|Diancie|100\/100\n|switch|p1a: Bigotes|Kingambit, M|100\/100\n|move|p2b: Iron Hands|Ice Punch|p1b: Kommo-o\n|-supereffective|p1b: Kommo-o\n|-damage|p1b: Kommo-o|45\/100\n|-enditem|p1b: Kommo-o|Sitrus Berry|[eat]\n|-heal|p1b: Kommo-o|70\/100|[from] item: Sitrus Berry\n|move|p1b: Kommo-o|Clangorous Soul|p1b: Kommo-o\n|-boost|p1b: Kommo-o|atk|1\n|-boost|p1b: Kommo-o|def|1\n|-boost|p1b: Kommo-o|spa|1\n|-boost|p1b: Kommo-o|spd|1\n|-boost|p1b: Kommo-o|spe|1\n|-damage|p1b: Kommo-o|37\/100\n|\n|upkeep\n|turn|6\n|\n|t:|1699760931\n|move|p2a: Diancie|Body Press|p1a: Bigotes\n|-supereffective|p1a: Bigotes\n|-damage|p1a: Bigotes|3\/100\n|move|p2b: Iron Hands|Ice Punch|p1b: Kommo-o\n|-supereffective|p1b: Kommo-o\n|-damage|p1b: Kommo-o|3\/100\n|move|p1a: Bigotes|Iron Head|p2a: Diancie\n|-supereffective|p2a: Diancie\n|-damage|p2a: Diancie|0 fnt\n|faint|p2a: Diancie\n|move|p1b: Kommo-o|Drain Punch|p2b: Iron Hands\n|-damage|p2b: Iron Hands|64\/100\n|-heal|p1b: Kommo-o|35\/100|[from] drain|[of] p2b: Iron Hands\n|\n|upkeep\n|\n|t:|1699760941\n|switch|p2a: Amoonguss|Amoonguss, M|100\/100\n|turn|7\n|\n|t:|1699760962\n|-terastallize|p1b: Kommo-o|Steel\n|move|p2a: Amoonguss|Clear Smog|p1b: Kommo-o\n|-immune|p1b: Kommo-o\n|move|p2b: Iron Hands|Ice Punch|p1b: Kommo-o\n|-resisted|p1b: Kommo-o\n|-damage|p1b: Kommo-o|27\/100\n|move|p1a: Bigotes|Brick Break|p2b: Iron Hands\n|-damage|p2b: Iron Hands|47\/100\n|move|p1b: Kommo-o|Drain Punch|p2b: Iron Hands\n|-damage|p2b: Iron Hands|12\/100\n|-heal|p1b: Kommo-o|57\/100|[from] drain|[of] p2b: Iron Hands\n|\n|-fieldend|move: Trick Room\n|upkeep\n|turn|8\n|\n|t:|1699760991\n|move|p1a: Bigotes|Sucker Punch|p2b: Iron Hands\n|-resisted|p2b: Iron Hands\n|-damage|p2b: Iron Hands|0 fnt\n|faint|p2b: Iron Hands\n|-end|p2b: Iron Hands|Quark Drive|[silent]\n|move|p1b: Kommo-o|Drain Punch|p2a: Amoonguss\n|-resisted|p2a: Amoonguss\n|-damage|p2a: Amoonguss|75\/100\n|-heal|p1b: Kommo-o|76\/100|[from] drain|[of] p2a: Amoonguss\n|-damage|p1b: Kommo-o|59\/100|[from] item: Rocky Helmet|[of] p2a: Amoonguss\n|move|p2a: Amoonguss|Pollen Puff|p1a: Bigotes\n|-damage|p1a: Bigotes|0 fnt\n|faint|p1a: Bigotes\n|\n|upkeep\n|\n|t:|1699761000\n|switch|p1a: Trujo|Gastrodon, M|100\/100 slp\n|switch|p2b: Tornadus|Tornadus, M|49\/100\n|turn|9\n|\n|t:|1699761012\n|move|p2b: Tornadus|Scary Face|p1b: Kommo-o\n|-unboost|p1b: Kommo-o|spe|2\n|move|p1b: Kommo-o|Iron Head|p2b: Tornadus\n|-damage|p2b: Tornadus|0 fnt\n|faint|p2b: Tornadus\n|cant|p1a: Trujo|slp\n|move|p2a: Amoonguss|Spore|p1b: Kommo-o\n|-immune|p1b: Kommo-o|[from] ability: Overcoat\n|\n|upkeep\n|\n|t:|1699761018\n|switch|p2b: Regidrago|Regidrago|100\/100\n|turn|10\n|\n|t:|1699761035\n|move|p2a: Amoonguss|Rage Powder|p2a: Amoonguss\n|-singleturn|p2a: Amoonguss|move: Rage Powder\n|move|p2b: Regidrago|Earth Power|p1b: Kommo-o\n|-supereffective|p1b: Kommo-o\n|-damage|p1b: Kommo-o|10\/100\n|move|p1b: Kommo-o|Dragon Claw|p2b: Regidrago\n|-supereffective|p2b: Regidrago\n|-damage|p2b: Regidrago|0 fnt\n|faint|p2b: Regidrago\n|-curestatus|p1a: Trujo|slp|[msg]\n|move|p1a: Trujo|Earth Power|p2a: Amoonguss\n|-damage|p2a: Amoonguss|44\/100\n|\n|upkeep\n|turn|11\n|\n|t:|1699761057\n|move|p1b: Kommo-o|Iron Head|p2a: Amoonguss\n|-damage|p2a: Amoonguss|0 fnt\n|-damage|p1b: Kommo-o|0 fnt|[from] item: Rocky Helmet|[of] p2a: Amoonguss\n|faint|p2a: Amoonguss\n|faint|p1b: Kommo-o\n|\n|win|carambolo\n|raw|carambolo's rating: 1525 &rarr; <strong>1546<\/strong><br \/>(+21 for winning)\n|raw|dusttrustblueberry's rating: 1547 &rarr; <strong>1526<\/strong><br \/>(-21 for losing)\n|c|\u2606carambolo|Chupas\n|l|\u2606dusttrustblueberry\n","uploadtime":1699761079,"views":18,"p1id":"carambolo","p2id":"dusttrustblueberry","formatid":"gen9doublesou","rating":1526,"private":0,"password":""}