{"id":"gen9doublesou-1970659515","p1":"apo1lo0017","p2":"AllenDegenerate","format":"[Gen 9] Doubles OU","log":"|j|\u2606apo1lo0017\n|j|\u2606AllenDegenerate\n|t:|1697656035\n|gametype|doubles\n|player|p1|apo1lo0017|waiter-gen4dp|1309\n|player|p2|AllenDegenerate|shadowtriad|1421\n|teamsize|p1|6\n|teamsize|p2|6\n|gen|9\n|tier|[Gen 9] Doubles OU\n|rated|\n|rule|Species Clause: Limit one of each Pok\u00e9mon\n|rule|OHKO Clause: OHKO moves are banned\n|rule|Evasion Moves Clause: Evasion moves are banned\n|rule|Gravity Sleep Clause: The combination of sleep-inducing moves with imperfect accuracy and Gravity or Gigantamax Orbeetle are banned\n|rule|Endless Battle Clause: Forcing endless battles is banned\n|rule|HP Percentage Mod: HP is shown in percentages\n|clearpoke\n|poke|p1|Goodra-Hisui, M|\n|poke|p1|Clefairy, F|\n|poke|p1|Ting-Lu|\n|poke|p1|Cresselia, F|\n|poke|p1|Gliscor, F|\n|poke|p1|Iron Hands|\n|poke|p2|Orthworm, F|\n|poke|p2|Grimmsnarl, M|\n|poke|p2|Dragonite, M|\n|poke|p2|Scizor, F|\n|poke|p2|Ceruledge, F|\n|poke|p2|Empoleon, F|\n|teampreview\n|inactive|Battle timer is ON: inactive players will automatically lose when time's up. (requested by AllenDegenerate)\n|inactive|apo1lo0017 also wants the timer to be on.\n|\n|t:|1697656055\n|start\n|switch|p1a: Clefairy|Clefairy, F|100\/100\n|switch|p1b: Ting-Lu|Ting-Lu|100\/100\n|switch|p2a: Grimmsnarl|Grimmsnarl, M, shiny|100\/100\n|switch|p2b: Scizor|Scizor, F|100\/100\n|-ability|p1b: Ting-Lu|Vessel of Ruin\n|turn|1\n|\n|t:|1697656070\n|move|p2b: Scizor|Bullet Punch|p1a: Clefairy\n|-supereffective|p1a: Clefairy\n|-damage|p1a: Clefairy|0 fnt\n|faint|p1a: Clefairy\n|move|p2a: Grimmsnarl|Reflect|p2a: Grimmsnarl\n|-sidestart|p2: AllenDegenerate|Reflect\n|move|p1b: Ting-Lu|Spikes|p2b: Scizor\n|-sidestart|p2: AllenDegenerate|Spikes\n|\n|upkeep\n|\n|t:|1697656084\n|switch|p1a: Gliscor|Gliscor, F|100\/100\n|turn|2\n|\n|t:|1697656096\n|switch|p2b: Empoleon|Empoleon, F|100\/100\n|-damage|p2b: Empoleon|88\/100|[from] Spikes\n|move|p1a: Gliscor|Protect|p1a: Gliscor\n|-singleturn|p1a: Gliscor|Protect\n|move|p2a: Grimmsnarl|Taunt|p1a: Gliscor\n|-activate|p1a: Gliscor|move: Protect\n|move|p1b: Ting-Lu|Spikes|p2b: Empoleon\n|-sidestart|p2: AllenDegenerate|Spikes\n|\n|-status|p1a: Gliscor|tox|[from] item: Toxic Orb\n|upkeep\n|turn|3\n|\n|t:|1697656123\n|move|p1a: Gliscor|Knock Off|p2a: Grimmsnarl\n|-resisted|p2a: Grimmsnarl\n|-damage|p2a: Grimmsnarl|96\/100\n|-enditem|p2a: Grimmsnarl|Light Clay|[from] move: Knock Off|[of] p1a: Gliscor\n|move|p2a: Grimmsnarl|Drain Punch|p1b: Ting-Lu\n|-supereffective|p1b: Ting-Lu\n|-damage|p1b: Ting-Lu|82\/100\n|-heal|p2a: Grimmsnarl|100\/100|[from] drain|[of] p1b: Ting-Lu\n|move|p2b: Empoleon|Ice Beam|p1a: Gliscor\n|-supereffective|p1a: Gliscor\n|-damage|p1a: Gliscor|6\/100 tox\n|move|p1b: Ting-Lu|Spikes|p2b: Empoleon\n|-sidestart|p2: AllenDegenerate|Spikes\n|\n|-heal|p1a: Gliscor|18\/100 tox|[from] ability: Poison Heal\n|upkeep\n|turn|4\n|inactive|apo1lo0017 has 120 seconds left.\n|\n|t:|1697656162\n|move|p1a: Gliscor|Protect|p1a: Gliscor\n|-singleturn|p1a: Gliscor|Protect\n|move|p2a: Grimmsnarl|Light Screen|p2a: Grimmsnarl\n|-sidestart|p2: AllenDegenerate|move: Light Screen\n|move|p2b: Empoleon|Hydro Pump|p1b: Ting-Lu\n|-supereffective|p1b: Ting-Lu\n|-damage|p1b: Ting-Lu|23\/100\n|move|p1b: Ting-Lu|Whirlwind|p2b: Empoleon\n|drag|p2b: Scizor|Scizor, F|100\/100\n|-damage|p2b: Scizor|76\/100|[from] Spikes\n|\n|-heal|p1a: Gliscor|31\/100 tox|[from] ability: Poison Heal\n|upkeep\n|turn|5\n|inactive|apo1lo0017 has 120 seconds left.\n|\n|t:|1697656187\n|switch|p2b: Orthworm|Orthworm, F|100\/100\n|-damage|p2b: Orthworm|75\/100|[from] Spikes\n|switch|p1b: Iron Hands|Iron Hands|100\/100\n|move|p1a: Gliscor|Toxic Spikes|p2a: Grimmsnarl\n|-sidestart|p2: AllenDegenerate|move: Toxic Spikes\n|move|p2a: Grimmsnarl|Drain Punch|p1b: Iron Hands\n|-damage|p1b: Iron Hands|91\/100\n|\n|-heal|p2b: Orthworm|82\/100|[from] item: Leftovers\n|-heal|p1a: Gliscor|43\/100 tox|[from] ability: Poison Heal\n|upkeep\n|turn|6\n|inactive|AllenDegenerate has 120 seconds left.\n|\n|t:|1697656219\n|switch|p2a: Dragonite|Dragonite, M|100\/100\n|move|p1b: Iron Hands|Fake Out|p2b: Orthworm\n|-resisted|p2b: Orthworm\n|-damage|p2b: Orthworm|78\/100\n|move|p1a: Gliscor|Toxic Spikes|p2b: Orthworm\n|-sidestart|p2: AllenDegenerate|move: Toxic Spikes\n|cant|p2b: Orthworm|flinch\n|\n|-heal|p2b: Orthworm|85\/100|[from] item: Leftovers\n|-heal|p1a: Gliscor|55\/100 tox|[from] ability: Poison Heal\n|upkeep\n|turn|7\n|\n|t:|1697656230\n|move|p2a: Dragonite|Dragon Dance|p2a: Dragonite\n|-boost|p2a: Dragonite|atk|1\n|-boost|p2a: Dragonite|spe|1\n|move|p1a: Gliscor|Knock Off|p2a: Dragonite\n|-damage|p2a: Dragonite|93\/100\n|-enditem|p2a: Dragonite|Clear Amulet|[from] move: Knock Off|[of] p1a: Gliscor\n|move|p2b: Orthworm|Shed Tail|p2b: Orthworm\n|-start|p2b: Orthworm|Substitute|[from] move: Shed Tail\n|-damage|p2b: Orthworm|35\/100\n|\n|t:|1697656240\n|switch|p2b: Empoleon|Empoleon, F|88\/100|[from] Shed Tail\n|-damage|p2b: Empoleon|63\/100|[from] Spikes\n|move|p1b: Iron Hands|Whirlwind|p2a: Dragonite\n|drag|p2a: Orthworm|Orthworm, F|35\/100\n|-damage|p2a: Orthworm|10\/100|[from] Spikes\n|\n|-heal|p2a: Orthworm|16\/100|[from] item: Leftovers\n|-heal|p1a: Gliscor|67\/100 tox|[from] ability: Poison Heal\n|upkeep\n|turn|8\n|inactive|AllenDegenerate has 120 seconds left.\n|\n|t:|1697656271\n|move|p1a: Gliscor|Knock Off|p2a: Orthworm\n|-damage|p2a: Orthworm|5\/100\n|-enditem|p2a: Orthworm|Leftovers|[from] move: Knock Off|[of] p1a: Gliscor\n|move|p2a: Orthworm|Body Press|p1b: Iron Hands\n|-damage|p1b: Iron Hands|77\/100\n|move|p2b: Empoleon|Hydro Pump|p1b: Iron Hands\n|-damage|p1b: Iron Hands|28\/100\n|move|p1b: Iron Hands|Whirlwind|p2b: Empoleon\n|drag|p2b: Grimmsnarl|Grimmsnarl, M, shiny|100\/100\n|-damage|p2b: Grimmsnarl|76\/100|[from] Spikes\n|-status|p2b: Grimmsnarl|tox\n|\n|-heal|p1a: Gliscor|80\/100 tox|[from] ability: Poison Heal\n|-damage|p2b: Grimmsnarl|70\/100 tox|[from] psn\n|-sideend|p2: AllenDegenerate|Reflect\n|-sideend|p2: AllenDegenerate|move: Light Screen\n|upkeep\n|turn|9\n|\n|t:|1697656294\n|move|p2b: Grimmsnarl|Taunt|p1b: Iron Hands\n|-start|p1b: Iron Hands|move: Taunt\n|move|p1a: Gliscor|Knock Off|p2a: Orthworm\n|-damage|p2a: Orthworm|0 fnt\n|faint|p2a: Orthworm\n|move|p1b: Iron Hands|Wild Charge|p2b: Grimmsnarl\n|-damage|p2b: Grimmsnarl|10\/100 tox\n|-damage|p1b: Iron Hands|16\/100|[from] Recoil\n|-enditem|p1b: Iron Hands|Iapapa Berry|[eat]\n|-heal|p1b: Iron Hands|50\/100|[from] item: Iapapa Berry\n|\n|-heal|p1a: Gliscor|92\/100 tox|[from] ability: Poison Heal\n|-damage|p2b: Grimmsnarl|0 fnt|[from] psn\n|faint|p2b: Grimmsnarl\n|upkeep\n|inactive|AllenDegenerate has 120 seconds left.\n|\n|t:|1697656306\n|switch|p2a: Dragonite|Dragonite, M|93\/100\n|switch|p2b: Empoleon|Empoleon, F|63\/100\n|-damage|p2b: Empoleon|38\/100|[from] Spikes\n|turn|10\n|\n|t:|1697656317\n|-end|p1b: Iron Hands|Quark Drive|[silent]\n|switch|p1b: Ting-Lu|Ting-Lu|23\/100\n|-ability|p1b: Ting-Lu|Vessel of Ruin\n|move|p2a: Dragonite|Dragon Dance|p2a: Dragonite\n|-boost|p2a: Dragonite|atk|1\n|-boost|p2a: Dragonite|spe|1\n|move|p1a: Gliscor|High Horsepower|p2b: Empoleon\n|-supereffective|p2b: Empoleon\n|-damage|p2b: Empoleon|0 fnt\n|faint|p2b: Empoleon\n|\n|-heal|p1a: Gliscor|100\/100 tox|[from] ability: Poison Heal\n|upkeep\n|\n|t:|1697656327\n|switch|p2b: Ceruledge|Ceruledge, F|100\/100\n|-damage|p2b: Ceruledge|76\/100|[from] Spikes\n|-status|p2b: Ceruledge|tox\n|turn|11\n|\n|t:|1697656337\n|move|p2a: Dragonite|Extreme Speed|p1a: Gliscor\n|-damage|p1a: Gliscor|64\/100 tox\n|move|p2b: Ceruledge|Iron Defense|p2b: Ceruledge\n|-boost|p2b: Ceruledge|def|2\n|move|p1a: Gliscor|High Horsepower|p2b: Ceruledge\n|-supereffective|p2b: Ceruledge\n|-damage|p2b: Ceruledge|32\/100 tox\n|-enditem|p2b: Ceruledge|Weakness Policy\n|-boost|p2b: Ceruledge|atk|2|[from] item: Weakness Policy\n|-boost|p2b: Ceruledge|spa|2|[from] item: Weakness Policy\n|move|p1b: Ting-Lu|Rock Slide|p2a: Dragonite|[spread] p2a,p2b\n|-supereffective|p2a: Dragonite\n|-supereffective|p2b: Ceruledge\n|-damage|p2a: Dragonite|61\/100\n|-damage|p2b: Ceruledge|13\/100 tox\n|\n|-damage|p2b: Ceruledge|6\/100 tox|[from] psn\n|-heal|p1a: Gliscor|77\/100 tox|[from] ability: Poison Heal\n|upkeep\n|turn|12\n|\n|t:|1697656362\n|move|p1a: Gliscor|Protect|p1a: Gliscor\n|-singleturn|p1a: Gliscor|Protect\n|move|p2a: Dragonite|Extreme Speed|p1a: Gliscor\n|-activate|p1a: Gliscor|move: Protect\n|move|p2b: Ceruledge|Shadow Sneak|p1a: Gliscor\n|-activate|p1a: Gliscor|move: Protect\n|move|p1b: Ting-Lu|Rock Slide|p2a: Dragonite|[spread] p2a,p2b\n|-supereffective|p2a: Dragonite\n|-crit|p2a: Dragonite\n|-supereffective|p2b: Ceruledge\n|-damage|p2a: Dragonite|19\/100\n|-damage|p2b: Ceruledge|0 fnt\n|faint|p2b: Ceruledge\n|\n|-heal|p1a: Gliscor|89\/100 tox|[from] ability: Poison Heal\n|upkeep\n|-message|AllenDegenerate forfeited.\n|\n|win|apo1lo0017\n|raw|apo1lo0017's rating: 1309 &rarr; <strong>1335<\/strong><br \/>(+26 for winning)\n|raw|AllenDegenerate's rating: 1421 &rarr; <strong>1395<\/strong><br \/>(-26 for losing)\n|l|\u2606AllenDegenerate\n","uploadtime":1697656394,"views":6,"p1id":"apo1lo0017","p2id":"allendegenerate","formatid":"gen9doublesou","rating":1335,"private":0,"password":""}