{"id":"gen9doublesou-1970975353","p1":"Silverrey","p2":"Schister","format":"[Gen 9] Doubles OU","log":"|j|\u2606Silverrey\n|j|\u2606Schister\n|t:|1697687239\n|gametype|doubles\n|player|p1|Silverrey|acetrainer-gen4|1481\n|player|p2|Schister|clair|1549\n|teamsize|p1|6\n|teamsize|p2|6\n|gen|9\n|tier|[Gen 9] Doubles OU\n|rated|\n|rule|Species Clause: Limit one of each Pok\u00e9mon\n|rule|OHKO Clause: OHKO moves are banned\n|rule|Evasion Moves Clause: Evasion moves are banned\n|rule|Gravity Sleep Clause: The combination of sleep-inducing moves with imperfect accuracy and Gravity or Gigantamax Orbeetle are banned\n|rule|Endless Battle Clause: Forcing endless battles is banned\n|rule|HP Percentage Mod: HP is shown in percentages\n|clearpoke\n|poke|p1|Chi-Yu|\n|poke|p1|Sinistcha|\n|poke|p1|Grimmsnarl, M|\n|poke|p1|Flutter Mane|\n|poke|p1|Ogerpon-Hearthflame, F|\n|poke|p1|Torkoal, F|\n|poke|p2|Weezing-Galar, M|\n|poke|p2|Ogerpon-Hearthflame, F|\n|poke|p2|Landorus-Therian, M|\n|poke|p2|Iron Hands|\n|poke|p2|Flutter Mane|\n|poke|p2|Roaring Moon|\n|teampreview\n|inactive|Battle timer is ON: inactive players will automatically lose when time's up. (requested by Schister)\n|inactive|Silverrey also wants the timer to be on.\n|j| Baguettezzz\n|inactive|Schister has 120 seconds left.\n|\n|t:|1697687274\n|start\n|switch|p1a: Torkoal|Torkoal, F|100\/100\n|switch|p1b: Ogerpon|Ogerpon-Hearthflame, F|100\/100\n|switch|p2a: Weezing|Weezing-Galar, M|100\/100\n|switch|p2b: Iron Hands|Iron Hands|100\/100\n|-ability|p2a: Weezing|Neutralizing Gas\n|turn|1\n|l| Baguettezzz\n|\n|t:|1697687293\n|move|p1b: Ogerpon|Spiky Shield|p1b: Ogerpon\n|-singleturn|p1b: Ogerpon|move: Protect\n|move|p2b: Iron Hands|Fake Out|p1a: Torkoal\n|-damage|p1a: Torkoal|91\/100\n|move|p2a: Weezing|Gunk Shot|p1b: Ogerpon\n|-activate|p1b: Ogerpon|move: Protect\n|move|p1a: Torkoal|Will-O-Wisp|p2b: Iron Hands\n|-status|p2b: Iron Hands|brn\n|\n|-damage|p2b: Iron Hands|94\/100 brn|[from] brn\n|upkeep\n|turn|2\n|\n|t:|1697687309\n|switch|p1b: Chi-Yu|Chi-Yu|100\/100\n|move|p2a: Weezing|Gunk Shot|p1b: Chi-Yu\n|-damage|p1b: Chi-Yu|42\/100\n|move|p2b: Iron Hands|Heavy Slam|p1a: Torkoal\n|-resisted|p1a: Torkoal\n|-damage|p1a: Torkoal|86\/100\n|move|p1a: Torkoal|Stealth Rock|p2a: Weezing\n|-sidestart|p2: Schister|move: Stealth Rock\n|\n|-damage|p2b: Iron Hands|88\/100 brn|[from] brn\n|upkeep\n|turn|3\n|\n|t:|1697687337\n|move|p1b: Chi-Yu|Heat Wave|p2b: Iron Hands|[spread] p2a,p2b\n|-damage|p2a: Weezing|63\/100\n|-damage|p2b: Iron Hands|66\/100 brn\n|move|p2a: Weezing|Gunk Shot|p1a: Torkoal\n|-damage|p1a: Torkoal|63\/100\n|move|p2b: Iron Hands|Drain Punch|p1b: Chi-Yu\n|-supereffective|p1b: Chi-Yu\n|-damage|p1b: Chi-Yu|0 fnt\n|-heal|p2b: Iron Hands|78\/100 brn|[from] drain|[of] p1b: Chi-Yu\n|faint|p1b: Chi-Yu\n|move|p1a: Torkoal|Heat Wave|p2a: Weezing|[spread] p2a,p2b\n|-damage|p2a: Weezing|42\/100\n|-damage|p2b: Iron Hands|66\/100 brn\n|\n|-heal|p2a: Weezing|49\/100|[from] item: Black Sludge\n|-damage|p2b: Iron Hands|60\/100 brn|[from] brn\n|upkeep\n|inactive|Silverrey has 120 seconds left.\n|\n|t:|1697687349\n|switch|p1b: Sinistcha|Sinistcha|100\/100\n|turn|4\n|\n|t:|1697687369\n|-end|p2b: Iron Hands|Quark Drive|[silent]\n|switch|p2b: Roaring Moon|Roaring Moon|100\/100\n|-damage|p2b: Roaring Moon|88\/100|[from] Stealth Rock\n|move|p1b: Sinistcha|Matcha Gotcha|p2a: Weezing|[spread] p2a,p2b\n|-resisted|p2a: Weezing\n|-resisted|p2b: Roaring Moon\n|-damage|p2a: Weezing|29\/100\n|-damage|p2b: Roaring Moon|71\/100\n|-damage|p1b: Sinistcha|91\/100|[from] item: Life Orb\n|move|p2a: Weezing|Gunk Shot|p1a: Torkoal\n|-damage|p1a: Torkoal|44\/100\n|move|p1a: Torkoal|Heat Wave|p2a: Weezing|[spread] p2a,p2b\n|-resisted|p2b: Roaring Moon\n|-damage|p2a: Weezing|7\/100\n|-damage|p2b: Roaring Moon|61\/100\n|\n|-heal|p2a: Weezing|13\/100|[from] item: Black Sludge\n|upkeep\n|turn|5\n|\n|t:|1697687385\n|switch|p1b: Grimmsnarl|Grimmsnarl, M|100\/100\n|move|p2a: Weezing|Protect|p2a: Weezing\n|-singleturn|p2a: Weezing|Protect\n|move|p2b: Roaring Moon|Knock Off|p1b: Grimmsnarl\n|-resisted|p1b: Grimmsnarl\n|-damage|p1b: Grimmsnarl|86\/100\n|-enditem|p1b: Grimmsnarl|Light Clay|[from] move: Knock Off|[of] p2b: Roaring Moon\n|move|p1a: Torkoal|Will-O-Wisp|p2b: Roaring Moon\n|-status|p2b: Roaring Moon|brn\n|\n|-heal|p2a: Weezing|19\/100|[from] item: Black Sludge\n|-damage|p2b: Roaring Moon|55\/100 brn|[from] brn\n|upkeep\n|turn|6\n|\n|t:|1697687401\n|move|p1b: Grimmsnarl|Fake Out|p2a: Weezing\n|-damage|p2a: Weezing|7\/100\n|move|p2b: Roaring Moon|Tailwind|p2b: Roaring Moon\n|-sidestart|p2: Schister|move: Tailwind\n|cant|p2a: Weezing|flinch\n|move|p1a: Torkoal|Heat Wave|p2b: Roaring Moon|[spread] p2a\n|-miss|p1a: Torkoal|p2b: Roaring Moon\n|-damage|p2a: Weezing|0 fnt\n|faint|p2a: Weezing\n|-end|p2a: Weezing|ability: Neutralizing Gas\n|-weather|SunnyDay|[from] ability: Drought|[of] p1a: Torkoal\n|-activate|p2b: Roaring Moon|ability: Protosynthesis\n|-start|p2b: Roaring Moon|protosynthesisatk\n|\n|-weather|SunnyDay|[upkeep]\n|-damage|p2b: Roaring Moon|49\/100 brn|[from] brn\n|upkeep\n|\n|t:|1697687412\n|switch|p2a: Landorus|Landorus-Therian, M|100\/100\n|-damage|p2a: Landorus|88\/100|[from] Stealth Rock\n|-ability|p2a: Landorus|Intimidate|boost\n|-unboost|p1a: Torkoal|atk|1\n|-unboost|p1b: Grimmsnarl|atk|1\n|turn|7\n|\n|t:|1697687420\n|move|p1b: Grimmsnarl|Reflect|p1b: Grimmsnarl\n|-sidestart|p1: Silverrey|Reflect\n|move|p2b: Roaring Moon|Taunt|p1b: Grimmsnarl\n|-start|p1b: Grimmsnarl|move: Taunt\n|move|p2a: Landorus|Stealth Rock|p1a: Torkoal\n|-sidestart|p1: Silverrey|move: Stealth Rock\n|move|p1a: Torkoal|Will-O-Wisp|p2a: Landorus\n|-status|p2a: Landorus|brn\n|\n|-weather|SunnyDay|[upkeep]\n|-damage|p2b: Roaring Moon|43\/100 brn|[from] brn\n|-damage|p2a: Landorus|82\/100 brn|[from] brn\n|upkeep\n|turn|8\n|\n|t:|1697687435\n|move|p2b: Roaring Moon|U-turn|p1b: Grimmsnarl\n|-damage|p1b: Grimmsnarl|74\/100\n|\n|t:|1697687446\n|-end|p2b: Roaring Moon|Protosynthesis|[silent]\n|switch|p2b: Flutter Mane|Flutter Mane|100\/100|[from] U-turn\n|-damage|p2b: Flutter Mane|88\/100|[from] Stealth Rock\n|-activate|p2b: Flutter Mane|ability: Protosynthesis\n|-start|p2b: Flutter Mane|protosynthesisspa\n|move|p2a: Landorus|U-turn|p1b: Grimmsnarl\n|-damage|p1b: Grimmsnarl|63\/100\n|\n|t:|1697687453\n|switch|p2a: Ogerpon|Ogerpon-Hearthflame, F|100\/100|[from] U-turn\n|-damage|p2a: Ogerpon|76\/100|[from] Stealth Rock\n|-ability|p2a: Ogerpon|Mold Breaker\n|move|p1b: Grimmsnarl|Spirit Break|p2b: Flutter Mane\n|-damage|p2b: Flutter Mane|45\/100\n|-unboost|p2b: Flutter Mane|spa|1\n|move|p1a: Torkoal|Heat Wave|p2b: Flutter Mane|[spread] p2a,p2b\n|-damage|p2a: Ogerpon|45\/100\n|-damage|p2b: Flutter Mane|17\/100\n|\n|-weather|SunnyDay|[upkeep]\n|upkeep\n|turn|9\n|\n|t:|1697687483\n|switch|p1b: Sinistcha|Sinistcha|91\/100\n|-damage|p1b: Sinistcha|78\/100|[from] Stealth Rock\n|-heal|p1a: Torkoal|69\/100|[from] ability: Hospitality|[of] p1b: Sinistcha\n|-terastallize|p2a: Ogerpon|Fire\n|detailschange|p2a: Ogerpon|Ogerpon-Hearthflame-Tera, F, tera:Fire\n|-ability|p2a: Ogerpon|Embody Aspect (Hearthflame)|boost\n|-boost|p2a: Ogerpon|atk|1\n|move|p2b: Flutter Mane|Moonblast|p1b: Sinistcha\n|-damage|p1b: Sinistcha|13\/100\n|-unboost|p1b: Sinistcha|spa|1\n|move|p2a: Ogerpon|Stomping Tantrum|p1a: Torkoal\n|-supereffective|p1a: Torkoal\n|-damage|p1a: Torkoal|39\/100\n|move|p1a: Torkoal|Heat Wave|p2b: Flutter Mane|[spread] p2a,p2b\n|-resisted|p2a: Ogerpon\n|-damage|p2a: Ogerpon|27\/100\n|-damage|p2b: Flutter Mane|0 fnt\n|faint|p2b: Flutter Mane\n|-end|p2b: Flutter Mane|Protosynthesis|[silent]\n|\n|-weather|SunnyDay|[upkeep]\n|-sideend|p2: Schister|move: Tailwind\n|upkeep\n|\n|t:|1697687493\n|switch|p2b: Roaring Moon|Roaring Moon|43\/100 brn\n|-damage|p2b: Roaring Moon|30\/100 brn|[from] Stealth Rock\n|-activate|p2b: Roaring Moon|ability: Protosynthesis\n|-start|p2b: Roaring Moon|protosynthesisatk\n|turn|10\n|\n|t:|1697687517\n|switch|p1b: Grimmsnarl|Grimmsnarl, M|63\/100\n|-damage|p1b: Grimmsnarl|51\/100|[from] Stealth Rock\n|move|p2b: Roaring Moon|Tailwind|p2b: Roaring Moon\n|-sidestart|p2: Schister|move: Tailwind\n|move|p2a: Ogerpon|Ivy Cudgel|p1b: Grimmsnarl\n|-damage|p1b: Grimmsnarl|0 fnt\n|faint|p1b: Grimmsnarl\n|move|p1a: Torkoal|Clear Smog|p2a: Ogerpon\n|-damage|p2a: Ogerpon|17\/100\n|-clearboost|p2a: Ogerpon\n|\n|-weather|none\n|-end|p2b: Roaring Moon|Protosynthesis\n|-damage|p2b: Roaring Moon|24\/100 brn|[from] brn\n|upkeep\n|\n|t:|1697687532\n|switch|p1b: Flutter Mane|Flutter Mane|100\/100\n|-damage|p1b: Flutter Mane|88\/100|[from] Stealth Rock\n|turn|11\n|\n|t:|1697687545\n|-terastallize|p1b: Flutter Mane|Fire\n|move|p2b: Roaring Moon|Knock Off|p1a: Torkoal\n|-damage|p1a: Torkoal|31\/100\n|-enditem|p1a: Torkoal|Covert Cloak|[from] move: Knock Off|[of] p2b: Roaring Moon\n|move|p2a: Ogerpon|Stomping Tantrum|p1a: Torkoal\n|-supereffective|p1a: Torkoal\n|-damage|p1a: Torkoal|10\/100\n|move|p1b: Flutter Mane|Dazzling Gleam|p2b: Roaring Moon|[spread] p2a,p2b\n|-resisted|p2a: Ogerpon\n|-supereffective|p2b: Roaring Moon\n|-damage|p2a: Ogerpon|0 fnt\n|-damage|p2b: Roaring Moon|0 fnt\n|faint|p2a: Ogerpon\n|faint|p2b: Roaring Moon\n|-end|p2b: Roaring Moon|Protosynthesis|[silent]\n|move|p1a: Torkoal|Clear Smog|p2: Ogerpon|[notarget]\n|-fail|p1a: Torkoal\n|\n|-sideend|p1: Silverrey|Reflect\n|upkeep\n|-message|Schister forfeited.\n|\n|win|Silverrey\n|raw|Silverrey's rating: 1481 &rarr; <strong>1505<\/strong><br \/>(+24 for winning)\n|raw|Schister's rating: 1549 &rarr; <strong>1525<\/strong><br \/>(-24 for losing)\n|l|\u2606Schister\n|l|\u2606Silverrey\n|j|\u2606Schister\n|player|p2|Schister|clair\n","uploadtime":1697687629,"views":17,"p1id":"silverrey","p2id":"schister","formatid":"gen9doublesou","rating":1505,"private":0,"password":""}