{"id":"gen9doublesou-1978958141","p1":"minimes36","p2":"plantshrine","format":"[Gen 9] Doubles OU","log":"|j|\u2606minimes36\n|j|\u2606plantshrine\n|t:|1698614611\n|gametype|doubles\n|player|p1|minimes36|cynthia-gen4|1051\n|player|p2|plantshrine|gardenia|1146\n|teamsize|p1|6\n|teamsize|p2|6\n|gen|9\n|tier|[Gen 9] Doubles OU\n|rated|\n|rule|Species Clause: Limit one of each Pok\u00e9mon\n|rule|OHKO Clause: OHKO moves are banned\n|rule|Evasion Moves Clause: Evasion moves are banned\n|rule|Gravity Sleep Clause: The combination of sleep-inducing moves with imperfect accuracy and Gravity or Gigantamax Orbeetle are banned\n|rule|Endless Battle Clause: Forcing endless battles is banned\n|rule|HP Percentage Mod: HP is shown in percentages\n|clearpoke\n|poke|p1|Murkrow, F|\n|poke|p1|Garchomp, F|\n|poke|p1|Tyranitar, F|\n|poke|p1|Dragapult, F|\n|poke|p1|Grimmsnarl, M|\n|poke|p1|Arcanine, F|\n|poke|p2|Poliwrath, M|\n|poke|p2|Grimmsnarl, M|\n|poke|p2|Sinistcha-Masterpiece|\n|poke|p2|Murkrow, M|\n|poke|p2|Chien-Pao|\n|poke|p2|Farigiraf, M|\n|teampreview\n|\n|t:|1698614629\n|start\n|switch|p1a: Murkrow|Murkrow, F|100\/100\n|switch|p1b: Garchomp|Garchomp, F|100\/100\n|switch|p2a: Poliwrath|Poliwrath, M|100\/100\n|switch|p2b: Grimmsnarl|Grimmsnarl, M|100\/100\n|turn|1\n|\n|t:|1698614648\n|switch|p2a: Farigiraf|Farigiraf, M|100\/100\n|move|p1a: Murkrow|Taunt||[still]\n|cant|p2a: Farigiraf|ability: Armor Tail|Taunt|[of] p1a: Murkrow\n|move|p2b: Grimmsnarl|Reflect|p2b: Grimmsnarl\n|-sidestart|p2: plantshrine|Reflect\n|move|p1b: Garchomp|Swords Dance|p1b: Garchomp\n|-boost|p1b: Garchomp|atk|2\n|\n|upkeep\n|turn|2\n|\n|t:|1698614673\n|move|p1a: Murkrow|Tailwind|p1a: Murkrow\n|-sidestart|p1: minimes36|move: Tailwind\n|move|p2b: Grimmsnarl|Parting Shot|p1b: Garchomp\n|-fail|p1b: Garchomp|unboost|[from] item: Clear Amulet|[of] p1b: Garchomp\n|move|p1b: Garchomp|Earthquake|p2a: Farigiraf|[spread] p2a,p2b\n|-immune|p1a: Murkrow\n|-damage|p2a: Farigiraf|56\/100\n|-damage|p2b: Grimmsnarl|53\/100\n|move|p2a: Farigiraf|Dazzling Gleam|p1b: Garchomp|[spread] p1a,p1b\n|-supereffective|p1a: Murkrow\n|-supereffective|p1b: Garchomp\n|-damage|p1a: Murkrow|65\/100\n|-damage|p1b: Garchomp|69\/100\n|\n|upkeep\n|turn|3\n|\n|t:|1698614702\n|switch|p2b: Sinistcha|Sinistcha-Masterpiece|100\/100\n|-heal|p2a: Farigiraf|81\/100|[from] ability: Hospitality|[of] p2b: Sinistcha\n|-terastallize|p1b: Garchomp|Ground\n|move|p1b: Garchomp|Earthquake|p2b: Sinistcha|[spread] p2a,p2b\n|-immune|p1a: Murkrow\n|-resisted|p2b: Sinistcha\n|-damage|p2a: Farigiraf|14\/100\n|-damage|p2b: Sinistcha|74\/100\n|-enditem|p2a: Farigiraf|Aguav Berry|[eat]\n|-heal|p2a: Farigiraf|48\/100|[from] item: Aguav Berry\n|move|p1a: Murkrow|Foul Play|p2b: Sinistcha\n|-supereffective|p2b: Sinistcha\n|-damage|p2b: Sinistcha|56\/100\n|move|p2a: Farigiraf|Dazzling Gleam|p1a: Murkrow|[spread] p1a,p1b\n|-supereffective|p1a: Murkrow\n|-damage|p1a: Murkrow|27\/100\n|-damage|p1b: Garchomp|53\/100\n|\n|-heal|p2b: Sinistcha|62\/100|[from] item: Leftovers\n|upkeep\n|turn|4\n|\n|t:|1698614734\n|move|p1b: Garchomp|Earthquake|p2b: Sinistcha|[spread] p2a,p2b\n|-immune|p1a: Murkrow\n|-resisted|p2b: Sinistcha\n|-damage|p2a: Farigiraf|0 fnt\n|-damage|p2b: Sinistcha|38\/100\n|faint|p2a: Farigiraf\n|move|p1a: Murkrow|Foul Play|p2b: Sinistcha\n|-supereffective|p2b: Sinistcha\n|-damage|p2b: Sinistcha|22\/100\n|move|p2b: Sinistcha|Matcha Gotcha|p1a: Murkrow|[spread] p1a,p1b\n|-resisted|p1a: Murkrow\n|-supereffective|p1b: Garchomp\n|-damage|p1a: Murkrow|13\/100\n|-heal|p2b: Sinistcha|27\/100|[from] drain|[of] p1a: Murkrow\n|-damage|p1b: Garchomp|4\/100\n|-heal|p2b: Sinistcha|53\/100|[from] drain|[of] p1b: Garchomp\n|-status|p1b: Garchomp|brn\n|\n|-heal|p2b: Sinistcha|59\/100|[from] item: Leftovers\n|-damage|p1b: Garchomp|0 fnt|[from] brn\n|faint|p1b: Garchomp\n|upkeep\n|\n|t:|1698614756\n|switch|p1b: Grimmsnarl|Grimmsnarl, M|100\/100\n|switch|p2a: Grimmsnarl|Grimmsnarl, M|53\/100\n|turn|5\n|\n|t:|1698614781\n|switch|p1a: Tyranitar|Tyranitar, F|100\/100\n|-ability|p1a: Tyranitar|Unnerve\n|move|p2b: Sinistcha|Rage Powder|p2b: Sinistcha\n|-singleturn|p2b: Sinistcha|move: Rage Powder\n|move|p1b: Grimmsnarl|Reflect|p1b: Grimmsnarl\n|-sidestart|p1: minimes36|Reflect\n|move|p2a: Grimmsnarl|Spirit Break|p1a: Tyranitar\n|-supereffective|p1a: Tyranitar\n|-damage|p1a: Tyranitar|64\/100\n|-unboost|p1a: Tyranitar|spa|1\n|\n|-heal|p2b: Sinistcha|65\/100|[from] item: Leftovers\n|-sideend|p1: minimes36|move: Tailwind\n|upkeep\n|turn|6\n|\n|t:|1698614809\n|move|p1b: Grimmsnarl|Light Screen|p1b: Grimmsnarl\n|-sidestart|p1: minimes36|move: Light Screen\n|move|p1a: Tyranitar|Crunch|p2b: Sinistcha\n|-supereffective|p2b: Sinistcha\n|-damage|p2b: Sinistcha|23\/100\n|move|p2b: Sinistcha|Strength Sap|p1a: Tyranitar\n|-unboost|p1a: Tyranitar|atk|1\n|-heal|p2b: Sinistcha|100\/100\n|move|p2a: Grimmsnarl|Spirit Break|p1a: Tyranitar\n|-supereffective|p1a: Tyranitar\n|-damage|p1a: Tyranitar|30\/100\n|-unboost|p1a: Tyranitar|spa|1\n|\n|upkeep\n|turn|7\n|\n|t:|1698614832\n|move|p1a: Tyranitar|Protect|p1a: Tyranitar\n|-singleturn|p1a: Tyranitar|Protect\n|move|p2b: Sinistcha|Life Dew||[still]|[spread] p2a,p2b\n|-heal|p2a: Grimmsnarl|78\/100\n|-fail|p2b: Sinistcha|heal\n|move|p1b: Grimmsnarl|Spirit Break|p2b: Sinistcha\n|-damage|p2b: Sinistcha|84\/100\n|-unboost|p2b: Sinistcha|spa|1\n|move|p2a: Grimmsnarl|Spirit Break|p1b: Grimmsnarl\n|-supereffective|p1b: Grimmsnarl\n|-damage|p1b: Grimmsnarl|58\/100\n|-unboost|p1b: Grimmsnarl|spa|1\n|\n|-heal|p2b: Sinistcha|90\/100|[from] item: Leftovers\n|upkeep\n|turn|8\n|\n|t:|1698614858\n|move|p1a: Tyranitar|Dragon Dance|p1a: Tyranitar\n|-boost|p1a: Tyranitar|atk|1\n|-boost|p1a: Tyranitar|spe|1\n|move|p2b: Sinistcha|Matcha Gotcha|p1b: Grimmsnarl|[spread] p1a,p1b\n|-supereffective|p1a: Tyranitar\n|-damage|p1a: Tyranitar|15\/100\n|-heal|p2b: Sinistcha|98\/100|[from] drain|[of] p1a: Tyranitar\n|-damage|p1b: Grimmsnarl|48\/100\n|-heal|p2b: Sinistcha|100\/100|[from] drain|[of] p1b: Grimmsnarl\n|move|p1b: Grimmsnarl|Spirit Break|p2a: Grimmsnarl\n|-supereffective|p2a: Grimmsnarl\n|-damage|p2a: Grimmsnarl|38\/100\n|-unboost|p2a: Grimmsnarl|spa|1\n|move|p2a: Grimmsnarl|Spirit Break|p1a: Tyranitar\n|-supereffective|p1a: Tyranitar\n|-damage|p1a: Tyranitar|0 fnt\n|faint|p1a: Tyranitar\n|\n|-sideend|p2: plantshrine|Reflect\n|upkeep\n|\n|t:|1698614875\n|switch|p1a: Murkrow|Murkrow, F|13\/100\n|turn|9\n|\n|t:|1698614902\n|switch|p2b: Murkrow|Murkrow, M|100\/100\n|move|p1a: Murkrow|Tailwind|p1a: Murkrow\n|-sidestart|p1: minimes36|move: Tailwind\n|move|p2a: Grimmsnarl|Reflect|p2a: Grimmsnarl\n|-sidestart|p2: plantshrine|Reflect\n|move|p1b: Grimmsnarl|Spirit Break|p2a: Grimmsnarl\n|-supereffective|p2a: Grimmsnarl\n|-damage|p2a: Grimmsnarl|2\/100\n|-unboost|p2a: Grimmsnarl|spa|1\n|\n|upkeep\n|turn|10\n|inactive|Battle timer is ON: inactive players will automatically lose when time's up. (requested by plantshrine)\n|inactive|minimes36 has 120 seconds left.\n|\n|t:|1698614977\n|switch|p1a: Arcanine|Arcanine, F|100\/100\n|-ability|p1a: Arcanine|Intimidate|boost\n|-unboost|p2a: Grimmsnarl|atk|1\n|-unboost|p2b: Murkrow|atk|1\n|move|p1b: Grimmsnarl|Sucker Punch||[still]\n|-fail|p1b: Grimmsnarl\n|move|p2b: Murkrow|Tailwind|p2b: Murkrow\n|-sidestart|p2: plantshrine|move: Tailwind\n|move|p2a: Grimmsnarl|Light Screen|p2a: Grimmsnarl\n|-sidestart|p2: plantshrine|move: Light Screen\n|\n|upkeep\n|turn|11\n|\n|t:|1698615002\n|move|p1a: Arcanine|Extreme Speed|p2a: Grimmsnarl\n|-damage|p2a: Grimmsnarl|0 fnt\n|faint|p2a: Grimmsnarl\n|move|p2b: Murkrow|Thunder Wave|p1a: Arcanine\n|-status|p1a: Arcanine|par\n|move|p1b: Grimmsnarl|Spirit Break|p2b: Murkrow\n|-supereffective|p2b: Murkrow\n|-damage|p2b: Murkrow|44\/100\n|-unboost|p2b: Murkrow|spa|1\n|\n|upkeep\n|inactive|plantshrine has 120 seconds left.\n|\n|t:|1698615014\n|switch|p2a: Poliwrath|Poliwrath, M|100\/100\n|turn|12\n|inactive|minimes36 has 120 seconds left.\n|inactive|plantshrine has 120 seconds left.\n|\n|t:|1698615072\n|move|p2b: Murkrow|Rain Dance|p2b: Murkrow\n|-weather|RainDance\n|move|p2a: Poliwrath|Waterfall|p1a: Arcanine\n|-supereffective|p1a: Arcanine\n|-crit|p1a: Arcanine\n|-damage|p1a: Arcanine|0 fnt\n|faint|p1a: Arcanine\n|move|p1b: Grimmsnarl|Spirit Break|p2b: Murkrow\n|-supereffective|p2b: Murkrow\n|-damage|p2b: Murkrow|0 fnt\n|faint|p2b: Murkrow\n|\n|-weather|RainDance|[upkeep]\n|-sideend|p1: minimes36|Reflect\n|-sideend|p1: minimes36|move: Tailwind\n|upkeep\n|inactive|plantshrine has 120 seconds left.\n|\n|t:|1698615091\n|switch|p1a: Dragapult|Dragapult, F|100\/100\n|switch|p2b: Sinistcha|Sinistcha-Masterpiece|100\/100\n|turn|13\n|\n|t:|1698615116\n|switch|p2b: Chien-Pao|Chien-Pao|100\/100\n|-ability|p2b: Chien-Pao|Sword of Ruin\n|move|p2a: Poliwrath|Belly Drum|p2a: Poliwrath\n|-damage|p2a: Poliwrath|51\/100\n|-setboost|p2a: Poliwrath|atk|6|[from] move: Belly Drum\n|move|p1a: Dragapult|Dragon Dance|p1a: Dragapult\n|-boost|p1a: Dragapult|atk|1\n|-boost|p1a: Dragapult|spe|1\n|move|p1b: Grimmsnarl|Spirit Break|p2b: Chien-Pao\n|-supereffective|p2b: Chien-Pao\n|-damage|p2b: Chien-Pao|42\/100\n|-unboost|p2b: Chien-Pao|spa|1\n|\n|-weather|RainDance|[upkeep]\n|-sideend|p1: minimes36|move: Light Screen\n|-sideend|p2: plantshrine|move: Tailwind\n|upkeep\n|turn|14\n|inactive|plantshrine has 120 seconds left.\n|\n|t:|1698615149\n|move|p2b: Chien-Pao|Sucker Punch|p1a: Dragapult\n|-supereffective|p1a: Dragapult\n|-damage|p1a: Dragapult|0 fnt\n|faint|p1a: Dragapult\n|-damage|p2b: Chien-Pao|32\/100|[from] item: Life Orb\n|move|p2a: Poliwrath|Earthquake|p1b: Grimmsnarl|[spread] p2b,p1b\n|-crit|p1b: Grimmsnarl\n|-damage|p2b: Chien-Pao|0 fnt\n|-damage|p1b: Grimmsnarl|0 fnt\n|faint|p2b: Chien-Pao\n|faint|p1b: Grimmsnarl\n|\n|-weather|RainDance|[upkeep]\n|upkeep\n|c|\u2606plantshrine|Gg\n|-message|minimes36 forfeited.\n|\n|win|plantshrine\n|raw|minimes36's rating: 1051 &rarr; <strong>1038<\/strong><br \/>(-13 for losing)\n|raw|plantshrine's rating: 1146 &rarr; <strong>1164<\/strong><br \/>(+18 for winning)\n|l|\u2606minimes36\n","uploadtime":1698615183,"views":25,"p1id":"minimes36","p2id":"plantshrine","formatid":"gen9doublesou","rating":1038,"private":0,"password":""}