{"id":"gen9doublesou-1985768284","p1":"GrodasMBR","p2":"saintkaiba","format":"[Gen 9] Doubles OU","log":"|j|\u2606GrodasMBR\n|j|\u2606saintkaiba\n|t:|1699404143\n|gametype|doubles\n|player|p1|GrodasMBR|brock|1241\n|player|p2|saintkaiba|1|1216\n|teamsize|p1|6\n|teamsize|p2|6\n|gen|9\n|tier|[Gen 9] Doubles OU\n|rated|\n|rule|Species Clause: Limit one of each Pok\u00e9mon\n|rule|OHKO Clause: OHKO moves are banned\n|rule|Evasion Moves Clause: Evasion moves are banned\n|rule|Gravity Sleep Clause: The combination of sleep-inducing moves with imperfect accuracy and Gravity or Gigantamax Orbeetle are banned\n|rule|Endless Battle Clause: Forcing endless battles is banned\n|rule|HP Percentage Mod: HP is shown in percentages\n|clearpoke\n|poke|p1|Arcanine-Hisui, F|\n|poke|p1|Tyranitar, F|\n|poke|p1|Glimmora, M|\n|poke|p1|Garganacl, M|\n|poke|p1|Kleavor, F|\n|poke|p1|Iron Thorns|\n|poke|p2|Ogerpon-Wellspring, F|\n|poke|p2|Tornadus, M|\n|poke|p2|Rillaboom, F|\n|poke|p2|Baxcalibur, M|\n|poke|p2|Pelipper, F|\n|poke|p2|Gholdengo|\n|teampreview\n|inactive|Battle timer is ON: inactive players will automatically lose when time's up. (requested by GrodasMBR)\n|\n|t:|1699404182\n|start\n|switch|p1a: Arcanine|Arcanine-Hisui, F|100\/100\n|switch|p1b: Tyranitar|Tyranitar, F|100\/100\n|switch|p2a: Ogerpon|Ogerpon-Wellspring, F|100\/100\n|switch|p2b: Pelipper|Pelipper, F|100\/100\n|-ability|p1a: Arcanine|Intimidate|boost\n|-unboost|p2a: Ogerpon|atk|1\n|-unboost|p2b: Pelipper|atk|1\n|-weather|RainDance|[from] ability: Drizzle|[of] p2b: Pelipper\n|-weather|Sandstorm|[from] ability: Sand Stream|[of] p1b: Tyranitar\n|turn|1\n|\n|t:|1699404207\n|-terastallize|p1a: Arcanine|Water\n|move|p2a: Ogerpon|Brick Break|p1b: Tyranitar\n|-supereffective|p1b: Tyranitar\n|-damage|p1b: Tyranitar|40\/100\n|move|p1a: Arcanine|Rock Slide|p2a: Ogerpon|[spread] p2a,p2b\n|-supereffective|p2b: Pelipper\n|-damage|p2a: Ogerpon|65\/100\n|-damage|p2b: Pelipper|39\/100\n|cant|p2b: Pelipper|flinch\n|move|p1b: Tyranitar|Ice Beam|p2a: Ogerpon\n|-crit|p2a: Ogerpon\n|-damage|p2a: Ogerpon|13\/100\n|\n|-weather|Sandstorm|[upkeep]\n|-damage|p2a: Ogerpon|7\/100|[from] Sandstorm\n|-damage|p1a: Arcanine|94\/100|[from] Sandstorm\n|-damage|p2b: Pelipper|33\/100|[from] Sandstorm\n|upkeep\n|turn|2\n|inactive|saintkaiba has 120 seconds left.\n|inactive|saintkaiba has 90 seconds left.\n|\n|t:|1699404291\n|switch|p2b: Gholdengo|Gholdengo|100\/100\n|move|p1b: Tyranitar|Protect|p1b: Tyranitar\n|-singleturn|p1b: Tyranitar|Protect\n|move|p2a: Ogerpon|Ivy Cudgel|p1b: Tyranitar\n|-activate|p1b: Tyranitar|move: Protect\n|move|p1a: Arcanine|Rock Slide|p2b: Gholdengo|[spread] p2a,p2b\n|-resisted|p2b: Gholdengo\n|-damage|p2a: Ogerpon|0 fnt\n|-damage|p2b: Gholdengo|87\/100\n|faint|p2a: Ogerpon\n|\n|-weather|Sandstorm|[upkeep]\n|-damage|p1a: Arcanine|88\/100|[from] Sandstorm\n|upkeep\n|inactive|saintkaiba has 60 seconds left.\n|\n|t:|1699404330\n|switch|p2a: Rillaboom|Rillaboom, F|100\/100\n|-fieldstart|move: Grassy Terrain|[from] ability: Grassy Surge|[of] p2a: Rillaboom\n|-enditem|p2a: Rillaboom|Grassy Seed\n|-boost|p2a: Rillaboom|def|1|[from] item: Grassy Seed\n|turn|3\n|inactive|saintkaiba has 60 seconds left.\n|\n|t:|1699404352\n|move|p2a: Rillaboom|Fake Out|p1b: Tyranitar\n|-resisted|p1b: Tyranitar\n|-damage|p1b: Tyranitar|34\/100\n|move|p1a: Arcanine|Flare Blitz|p2b: Gholdengo\n|-supereffective|p2b: Gholdengo\n|-damage|p2b: Gholdengo|0 fnt\n|faint|p2b: Gholdengo\n|-damage|p1a: Arcanine|62\/100|[from] Recoil\n|cant|p1b: Tyranitar|flinch\n|\n|-weather|Sandstorm|[upkeep]\n|-damage|p1a: Arcanine|55\/100|[from] Sandstorm\n|-damage|p2a: Rillaboom|94\/100|[from] Sandstorm\n|-heal|p1a: Arcanine|62\/100|[from] Grassy Terrain\n|-heal|p2a: Rillaboom|100\/100|[from] Grassy Terrain\n|-heal|p1b: Tyranitar|40\/100|[from] Grassy Terrain\n|upkeep\n|inactive|saintkaiba has 30 seconds left.\n|inactive|saintkaiba has 20 seconds left.\n|inactive|saintkaiba has 15 seconds left.\n|inactive|saintkaiba has 10 seconds left.\n|\n|t:|1699404405\n|switch|p2b: Tornadus|Tornadus, M, shiny|100\/100\n|turn|4\n|inactive|saintkaiba has 30 seconds left.\n|inactive|saintkaiba has 20 seconds left.\n|inactive|saintkaiba has 15 seconds left.\n|\n|t:|1699404430\n|move|p2a: Rillaboom|Grassy Glide|p1a: Arcanine\n|-supereffective|p1a: Arcanine\n|-damage|p1a: Arcanine|0 fnt\n|faint|p1a: Arcanine\n|move|p2b: Tornadus|Bleakwind Storm|p1b: Tyranitar\n|-resisted|p1b: Tyranitar\n|-damage|p1b: Tyranitar|23\/100\n|-unboost|p1b: Tyranitar|spe|1\n|move|p1b: Tyranitar|Ice Beam|p2a: Rillaboom\n|-supereffective|p2a: Rillaboom\n|-damage|p2a: Rillaboom|21\/100\n|\n|-weather|Sandstorm|[upkeep]\n|-damage|p2b: Tornadus|94\/100|[from] Sandstorm\n|-damage|p2a: Rillaboom|15\/100|[from] Sandstorm\n|-heal|p2a: Rillaboom|21\/100|[from] Grassy Terrain\n|-heal|p1b: Tyranitar|29\/100|[from] Grassy Terrain\n|upkeep\n|inactive|saintkaiba has 20 seconds left this turn.\n|\n|t:|1699404455\n|switch|p1a: Garganacl|Garganacl, M|100\/100\n|turn|5\n|inactive|saintkaiba has 30 seconds left.\n|\n|t:|1699404479\n|move|p1b: Tyranitar|Protect|p1b: Tyranitar\n|-singleturn|p1b: Tyranitar|Protect\n|move|p2b: Tornadus|Taunt|p1a: Garganacl\n|-start|p1a: Garganacl|move: Taunt\n|move|p2a: Rillaboom|Grassy Glide|p1b: Tyranitar\n|-activate|p1b: Tyranitar|move: Protect\n|move|p1a: Garganacl|Salt Cure|p2b: Tornadus\n|-supereffective|p2b: Tornadus\n|-damage|p2b: Tornadus|50\/100\n|\n|-weather|Sandstorm|[upkeep]\n|-damage|p2b: Tornadus|44\/100|[from] Sandstorm\n|-damage|p2a: Rillaboom|15\/100|[from] Sandstorm\n|-heal|p2a: Rillaboom|21\/100|[from] Grassy Terrain\n|-heal|p1b: Tyranitar|35\/100|[from] Grassy Terrain\n|upkeep\n|turn|6\n|\n|t:|1699404506\n|switch|p1b: Glimmora|Glimmora, M|100\/100\n|-item|p1b: Glimmora|Air Balloon\n|move|p2b: Tornadus|Tailwind|p2b: Tornadus\n|-sidestart|p2: saintkaiba|move: Tailwind\n|move|p2a: Rillaboom|Grassy Glide|p1b: Glimmora\n|-damage|p1b: Glimmora|53\/100\n|-activate|p1b: Glimmora|ability: Toxic Debris\n|-sidestart|p2: saintkaiba|move: Toxic Spikes\n|-enditem|p1b: Glimmora|Air Balloon\n|move|p1a: Garganacl|Salt Cure|p2b: Tornadus\n|-supereffective|p2b: Tornadus\n|-damage|p2b: Tornadus|4\/100\n|\n|-weather|Sandstorm|[upkeep]\n|-damage|p2b: Tornadus|0 fnt|[from] Sandstorm\n|-damage|p2a: Rillaboom|15\/100|[from] Sandstorm\n|faint|p2b: Tornadus\n|-heal|p2a: Rillaboom|21\/100|[from] Grassy Terrain\n|-heal|p1b: Glimmora|59\/100|[from] Grassy Terrain\n|upkeep\n|inactive|saintkaiba has 30 seconds left.\n|inactive|saintkaiba has 20 seconds left.\n|\n|t:|1699404527\n|switch|p2b: Pelipper|Pelipper, F|33\/100\n|-weather|RainDance|[from] ability: Drizzle|[of] p2b: Pelipper\n|turn|7\n|\n|t:|1699404548\n|move|p2a: Rillaboom|Grassy Glide|p1a: Garganacl\n|-supereffective|p1a: Garganacl\n|-damage|p1a: Garganacl|60\/100\n|move|p2b: Pelipper|Surf|p1b: Glimmora|[spread] p2a,p1a,p1b\n|-resisted|p2a: Rillaboom\n|-supereffective|p1a: Garganacl\n|-supereffective|p1b: Glimmora\n|-damage|p2a: Rillaboom|0 fnt\n|-damage|p1a: Garganacl|0 fnt\n|-damage|p1b: Glimmora|0 fnt\n|faint|p2a: Rillaboom\n|faint|p1a: Garganacl\n|faint|p1b: Glimmora\n|\n|-weather|RainDance|[upkeep]\n|-fieldend|move: Grassy Terrain\n|upkeep\n|inactive|saintkaiba has 60 seconds left.\n|\n|t:|1699404567\n|switch|p1b: Tyranitar|Tyranitar, F|35\/100\n|switch|p2a: Baxcalibur|Baxcalibur, M|100\/100\n|switch|p1a: Iron Thorns|Iron Thorns|100\/100\n|-status|p2a: Baxcalibur|psn\n|-weather|Sandstorm|[from] ability: Sand Stream|[of] p1b: Tyranitar\n|turn|8\n|inactive|saintkaiba has 60 seconds left.\n|\n|t:|1699404589\n|-terastallize|p2a: Baxcalibur|Fairy\n|move|p1b: Tyranitar|Protect|p1b: Tyranitar\n|-singleturn|p1b: Tyranitar|Protect\n|move|p2a: Baxcalibur|Iron Head|p1a: Iron Thorns\n|-damage|p1a: Iron Thorns|74\/100\n|move|p2b: Pelipper|Surf|p1a: Iron Thorns|[spread] p2a,p1a\n|-activate|p1b: Tyranitar|move: Protect\n|-supereffective|p1a: Iron Thorns\n|-damage|p2a: Baxcalibur|66\/100 psn\n|-damage|p1a: Iron Thorns|37\/100\n|cant|p1a: Iron Thorns|flinch\n|\n|-weather|Sandstorm|[upkeep]\n|-damage|p2a: Baxcalibur|60\/100 psn|[from] Sandstorm\n|-damage|p2b: Pelipper|27\/100|[from] Sandstorm\n|-damage|p2a: Baxcalibur|47\/100 psn|[from] psn\n|upkeep\n|turn|9\n|inactive|saintkaiba has 60 seconds left.\n|\n|t:|1699404629\n|move|p2a: Baxcalibur|Iron Head|p1b: Tyranitar\n|-supereffective|p1b: Tyranitar\n|-damage|p1b: Tyranitar|0 fnt\n|faint|p1b: Tyranitar\n|move|p2b: Pelipper|Surf|p1a: Iron Thorns|[spread] p2a,p1a\n|-supereffective|p1a: Iron Thorns\n|-damage|p2a: Baxcalibur|16\/100 psn\n|-damage|p1a: Iron Thorns|0 fnt\n|faint|p1a: Iron Thorns\n|-end|p1a: Iron Thorns|Quark Drive|[silent]\n|\n|-weather|Sandstorm|[upkeep]\n|-damage|p2a: Baxcalibur|10\/100 psn|[from] Sandstorm\n|-damage|p2b: Pelipper|21\/100|[from] Sandstorm\n|-damage|p2a: Baxcalibur|0 fnt|[from] psn\n|faint|p2a: Baxcalibur\n|-sideend|p2: saintkaiba|move: Tailwind\n|upkeep\n|inactive|GrodasMBR has 120 seconds left.\n|\n|t:|1699404651\n|switch|p1b: Kleavor|Kleavor, F|100\/100\n|turn|10\n|\n|t:|1699404666\n|move|p1b: Kleavor|Night Slash|p2b: Pelipper\n|-damage|p2b: Pelipper|0 fnt\n|faint|p2b: Pelipper\n|\n|win|GrodasMBR\n|raw|GrodasMBR's rating: 1241 &rarr; <strong>1264<\/strong><br \/>(+23 for winning)\n|raw|saintkaiba's rating: 1216 &rarr; <strong>1193<\/strong><br \/>(-23 for losing)\n|l|\u2606saintkaiba\n","uploadtime":1699404674,"views":8,"p1id":"grodasmbr","p2id":"saintkaiba","formatid":"gen9doublesou","rating":1193,"private":0,"password":""}