{"id":"gen9doublesou-1993101792","p1":"ReemTwalk","p2":"queimaj","format":"[Gen 9] Doubles OU","log":"|j|\u2606ReemTwalk\n|j|\u2606queimaj\n|t:|1700264935\n|gametype|doubles\n|player|p1|ReemTwalk|bellelba|1074\n|player|p2|queimaj|101|1053\n|teamsize|p1|6\n|teamsize|p2|6\n|gen|9\n|tier|[Gen 9] Doubles OU\n|rated|\n|rule|Species Clause: Limit one of each Pok\u00e9mon\n|rule|OHKO Clause: OHKO moves are banned\n|rule|Evasion Moves Clause: Evasion moves are banned\n|rule|Gravity Sleep Clause: The combination of sleep-inducing moves with imperfect accuracy and Gravity or Gigantamax Orbeetle are banned\n|rule|Endless Battle Clause: Forcing endless battles is banned\n|rule|HP Percentage Mod: HP is shown in percentages\n|clearpoke\n|poke|p1|Golem-Alola, M|\n|poke|p1|Sinistcha-Masterpiece|\n|poke|p1|Dondozo, M|\n|poke|p1|Iron Hands|\n|poke|p1|Maushold-Four|\n|poke|p1|Rabsca, F|\n|poke|p2|Charizard, M|\n|poke|p2|Heracross, F|\n|poke|p2|Crawdaunt, F|\n|poke|p2|Garchomp, F|\n|poke|p2|Krookodile, M|\n|poke|p2|Hawlucha, M|\n|teampreview\n|\n|t:|1700264949\n|start\n|switch|p1a: Sinistcha|Sinistcha-Masterpiece|100\/100\n|switch|p1b: Iron Hands|Iron Hands|100\/100\n|switch|p2a: Garchomp|Garchomp, F|100\/100\n|switch|p2b: Charizard|Charizard, M|100\/100\n|turn|1\n|\n|t:|1700264968\n|move|p1b: Iron Hands|Fake Out|p2b: Charizard\n|-damage|p2b: Charizard|84\/100\n|move|p2a: Garchomp|Earthquake|p1a: Sinistcha|[spread] p1a,p1b\n|-immune|p2b: Charizard\n|-resisted|p1a: Sinistcha\n|-supereffective|p1b: Iron Hands\n|-damage|p1a: Sinistcha|85\/100\n|-damage|p1b: Iron Hands|54\/100\n|cant|p2b: Charizard|flinch\n|move|p1a: Sinistcha|Trick Room|p1a: Sinistcha\n|-fieldstart|move: Trick Room|[of] p1a: Sinistcha\n|\n|upkeep\n|turn|2\n|\n|t:|1700265002\n|move|p1a: Sinistcha|Protect|p1a: Sinistcha\n|-singleturn|p1a: Sinistcha|Protect\n|move|p1b: Iron Hands|Electric Terrain|p1b: Iron Hands\n|-fieldstart|move: Electric Terrain\n|-activate|p1b: Iron Hands|ability: Quark Drive\n|-start|p1b: Iron Hands|quarkdriveatk\n|move|p2b: Charizard|Flamethrower|p1a: Sinistcha\n|-activate|p1a: Sinistcha|move: Protect\n|move|p2a: Garchomp|Earthquake|p1b: Iron Hands|[spread] p1b\n|-activate|p1a: Sinistcha|move: Protect\n|-immune|p2b: Charizard\n|-supereffective|p1b: Iron Hands\n|-damage|p1b: Iron Hands|13\/100\n|-enditem|p1b: Iron Hands|Sitrus Berry|[eat]\n|-heal|p1b: Iron Hands|38\/100|[from] item: Sitrus Berry\n|\n|upkeep\n|turn|3\n|\n|t:|1700265048\n|switch|p2b: Krookodile|Krookodile, M|100\/100\n|-ability|p2b: Krookodile|Intimidate|boost\n|-unboost|p1a: Sinistcha|atk|1\n|-unboost|p1b: Iron Hands|atk|1\n|move|p1b: Iron Hands|Drain Punch|p2a: Garchomp\n|-damage|p2a: Garchomp|70\/100\n|-heal|p1b: Iron Hands|50\/100|[from] drain|[of] p2a: Garchomp\n|-damage|p1b: Iron Hands|37\/100|[from] ability: Rough Skin|[of] p2a: Garchomp\n|-damage|p1b: Iron Hands|21\/100|[from] item: Rocky Helmet|[of] p2a: Garchomp\n|move|p1a: Sinistcha|Matcha Gotcha|p2a: Garchomp|[spread] p2a,p2b\n|-supereffective|p2b: Krookodile\n|-damage|p2a: Garchomp|48\/100\n|-heal|p1a: Sinistcha|97\/100|[from] drain|[of] p2a: Garchomp\n|-damage|p2b: Krookodile|43\/100\n|-heal|p1a: Sinistcha|100\/100|[from] drain|[of] p2b: Krookodile\n|-status|p2b: Krookodile|brn\n|move|p2a: Garchomp|Earthquake|p1a: Sinistcha|[spread] p2b,p1a,p1b\n|-resisted|p1a: Sinistcha\n|-supereffective|p1b: Iron Hands\n|-damage|p2b: Krookodile|2\/100 brn\n|-damage|p1a: Sinistcha|86\/100\n|-damage|p1b: Iron Hands|0 fnt\n|faint|p1b: Iron Hands\n|-end|p1b: Iron Hands|Quark Drive|[silent]\n|\n|-damage|p2b: Krookodile|0 fnt|[from] brn\n|faint|p2b: Krookodile\n|upkeep\n|\n|t:|1700265081\n|switch|p1b: Dondozo|Dondozo, M|100\/100\n|switch|p2b: Charizard|Charizard, M|84\/100\n|turn|4\n|\n|t:|1700265098\n|-terastallize|p1b: Dondozo|Grass\n|move|p1b: Dondozo|Protect|p1b: Dondozo\n|-singleturn|p1b: Dondozo|Protect\n|move|p1a: Sinistcha|Matcha Gotcha|p2b: Charizard|[spread] p2a,p2b\n|-resisted|p2b: Charizard\n|-damage|p2a: Garchomp|26\/100\n|-heal|p1a: Sinistcha|98\/100|[from] drain|[of] p2a: Garchomp\n|-damage|p2b: Charizard|77\/100\n|-heal|p1a: Sinistcha|100\/100|[from] drain|[of] p2b: Charizard\n|-status|p2a: Garchomp|brn\n|move|p2b: Charizard|Flamethrower|p1a: Sinistcha\n|-supereffective|p1a: Sinistcha\n|-damage|p1a: Sinistcha|32\/100\n|move|p2a: Garchomp|Brick Break|p1b: Dondozo\n|-activate|p1b: Dondozo|move: Protect\n|\n|-damage|p2a: Garchomp|20\/100 brn|[from] brn\n|upkeep\n|turn|5\n|\n|t:|1700265134\n|move|p1b: Dondozo|Wave Crash|p2b: Charizard\n|-supereffective|p2b: Charizard\n|-damage|p2b: Charizard|0 fnt\n|faint|p2b: Charizard\n|-damage|p1b: Dondozo|83\/100|[from] Recoil\n|move|p1a: Sinistcha|Matcha Gotcha|p2a: Garchomp\n|-damage|p2a: Garchomp|0 fnt\n|-heal|p1a: Sinistcha|43\/100|[from] drain|[of] p2a: Garchomp\n|faint|p2a: Garchomp\n|\n|-heal|p1b: Dondozo|90\/100|[from] item: Leftovers\n|-fieldend|move: Trick Room\n|upkeep\n|\n|t:|1700265152\n|switch|p2a: Heracross|Heracross, F|100\/100\n|switch|p2b: Hawlucha|Hawlucha, M|100\/100\n|turn|6\n|\n|t:|1700265174\n|move|p1b: Dondozo|Protect|p1b: Dondozo\n|-singleturn|p1b: Dondozo|Protect\n|move|p2b: Hawlucha|Brave Bird|p1b: Dondozo\n|-activate|p1b: Dondozo|move: Protect\n|move|p2a: Heracross|Megahorn|p1a: Sinistcha\n|-damage|p1a: Sinistcha|0 fnt\n|faint|p1a: Sinistcha\n|\n|-heal|p1b: Dondozo|96\/100|[from] item: Leftovers\n|-fieldend|move: Electric Terrain\n|-status|p2a: Heracross|brn|[from] item: Flame Orb\n|upkeep\n|\n|t:|1700265190\n|switch|p1a: Golem|Golem-Alola, M|100\/100\n|turn|7\n|\n|t:|1700265212\n|move|p1b: Dondozo|Protect||[still]\n|-fail|p1b: Dondozo\n|move|p2b: Hawlucha|Close Combat|p1a: Golem\n|-supereffective|p1a: Golem\n|-damage|p1a: Golem|18\/100\n|-unboost|p2b: Hawlucha|def|1\n|-unboost|p2b: Hawlucha|spd|1\n|move|p2a: Heracross|Megahorn|p1b: Dondozo\n|-supereffective|p1b: Dondozo\n|-damage|p1b: Dondozo|0 fnt\n|faint|p1b: Dondozo\n|move|p1a: Golem|Explosion|p2b: Hawlucha|[spread] p2a,p2b\n|-crit|p2a: Heracross\n|-supereffective|p2b: Hawlucha\n|-damage|p2a: Heracross|0 fnt\n|-damage|p2b: Hawlucha|0 fnt\n|faint|p1a: Golem\n|faint|p2a: Heracross\n|faint|p2b: Hawlucha\n|\n|upkeep\n|\n|t:|1700265235\n|switch|p2a: Crawdaunt|Crawdaunt, F|100\/100\n|switch|p1a: Maushold|Maushold-Four|100\/100\n|switch|p1b: Rabsca|Rabsca, F|100\/100\n|turn|8\n|\n|t:|1700265246\n|move|p1a: Maushold|Follow Me|p1a: Maushold\n|-singleturn|p1a: Maushold|move: Follow Me\n|move|p2a: Crawdaunt|Night Slash|p1a: Maushold\n|-damage|p1a: Maushold|58\/100\n|move|p1b: Rabsca|Revival Blessing|p1b: Rabsca\n|-enditem|p1b: Rabsca|Leppa Berry|[eat]\n|-activate|p1b: Rabsca|item: Leppa Berry|Revival Blessing|[consumed]\n|\n|t:|1700265255\n|-heal|p1: Golem|50\/100|[from] move: Revival Blessing\n|\n|upkeep\n|turn|9\n|\n|t:|1700265271\n|move|p1b: Rabsca|Protect|p1b: Rabsca\n|-singleturn|p1b: Rabsca|Protect\n|move|p1a: Maushold|U-turn|p2a: Crawdaunt\n|-supereffective|p2a: Crawdaunt\n|-damage|p2a: Crawdaunt|68\/100\n|\n|t:|1700265277\n|switch|p1a: Golem|Golem-Alola, M|50\/100|[from] U-turn\n|move|p2a: Crawdaunt|Night Slash|p1b: Rabsca\n|-activate|p1b: Rabsca|move: Protect\n|\n|-heal|p2a: Crawdaunt|74\/100|[from] item: Leftovers\n|upkeep\n|turn|10\n|\n|t:|1700265303\n|move|p2a: Crawdaunt|Crabhammer|p1a: Golem\n|-supereffective|p1a: Golem\n|-damage|p1a: Golem|0 fnt\n|faint|p1a: Golem\n|move|p1b: Rabsca|Trick Room|p1b: Rabsca\n|-fieldstart|move: Trick Room|[of] p1b: Rabsca\n|\n|-heal|p2a: Crawdaunt|80\/100|[from] item: Leftovers\n|upkeep\n|\n|t:|1700265311\n|switch|p1a: Maushold|Maushold-Four|58\/100\n|turn|11\n|\n|t:|1700265323\n|move|p1a: Maushold|Follow Me|p1a: Maushold\n|-singleturn|p1a: Maushold|move: Follow Me\n|move|p1b: Rabsca|Revival Blessing|p1b: Rabsca\n|\n|t:|1700265327\n|-heal|p1: Golem|50\/100|[from] move: Revival Blessing\n|move|p2a: Crawdaunt|Night Slash|p1a: Maushold\n|-crit|p1a: Maushold\n|-damage|p1a: Maushold|0 fnt\n|faint|p1a: Maushold\n|\n|-heal|p2a: Crawdaunt|86\/100|[from] item: Leftovers\n|upkeep\n|\n|t:|1700265338\n|switch|p1a: Golem|Golem-Alola, M|50\/100\n|turn|12\n|\n|t:|1700265351\n|move|p1a: Golem|Explosion|p2a: Crawdaunt|[spread] p2a\n|-activate|p1b: Rabsca|ability: Telepathy\n|-supereffective|p2a: Crawdaunt\n|-damage|p2a: Crawdaunt|0 fnt\n|faint|p1a: Golem\n|faint|p2a: Crawdaunt\n|\n|win|ReemTwalk\n|raw|ReemTwalk's rating: 1074 &rarr; <strong>1101<\/strong><br \/>(+27 for winning)\n|raw|queimaj's rating: 1053 &rarr; <strong>1036<\/strong><br \/>(-17 for losing)\n|l|\u2606queimaj\n","uploadtime":1700265362,"views":7,"p1id":"reemtwalk","p2id":"queimaj","formatid":"gen9doublesou","rating":1036,"private":0,"password":""}