{"id":"gen9doublesou-1981929569","p1":"dgfyu","p2":"Lelovet","format":"[Gen 9] Doubles OU","log":"|j|\u2606dgfyu\n|j|\u2606Lelovet\n|t:|1698952531\n|gametype|doubles\n|player|p1|dgfyu|pokekid|1057\n|player|p2|Lelovet|bellelba|1006\n|teamsize|p1|6\n|teamsize|p2|6\n|gen|9\n|tier|[Gen 9] Doubles OU\n|rated|\n|rule|Species Clause: Limit one of each Pok\u00e9mon\n|rule|OHKO Clause: OHKO moves are banned\n|rule|Evasion Moves Clause: Evasion moves are banned\n|rule|Gravity Sleep Clause: The combination of sleep-inducing moves with imperfect accuracy and Gravity or Gigantamax Orbeetle are banned\n|rule|Endless Battle Clause: Forcing endless battles is banned\n|rule|HP Percentage Mod: HP is shown in percentages\n|clearpoke\n|poke|p1|Ribombee, M|\n|poke|p1|Golduck, F|\n|poke|p1|Kommo-o, M|\n|poke|p1|Chi-Yu|\n|poke|p1|Chien-Pao|\n|poke|p1|Ninetales-Alola, M|\n|poke|p2|Crabominable, M|\n|poke|p2|Scovillain, F|\n|poke|p2|Chimecho, M|\n|poke|p2|Luvdisc, F|\n|poke|p2|Swalot, M|\n|poke|p2|Hypno, M|\n|teampreview\n|\n|t:|1698952538\n|start\n|switch|p1a: Golduck|Golduck, F|100\/100\n|switch|p1b: Kommo-o|Kommo-o, M|100\/100\n|switch|p2a: Hypno|Hypno, M, shiny|100\/100\n|switch|p2b: Swalot|Swalot, M, shiny|100\/100\n|turn|1\n|\n|t:|1698952555\n|move|p1a: Golduck|Simple Beam|p1b: Kommo-o\n|-endability|p1b: Kommo-o|Overcoat|[from] move: Simple Beam\n|-ability|p1b: Kommo-o|Simple|[from] move: Simple Beam\n|move|p1b: Kommo-o|Clangorous Soul|p1b: Kommo-o\n|-boost|p1b: Kommo-o|atk|2\n|-boost|p1b: Kommo-o|def|2\n|-boost|p1b: Kommo-o|spa|2\n|-boost|p1b: Kommo-o|spd|2\n|-boost|p1b: Kommo-o|spe|2\n|-damage|p1b: Kommo-o|68\/100\n|move|p2a: Hypno|Switcheroo|p1b: Kommo-o\n|-activate|p2a: Hypno|move: Trick|[of] p1b: Kommo-o\n|-item|p1b: Kommo-o|Flame Orb|[from] move: Switcheroo\n|-item|p2a: Hypno|Leftovers|[from] move: Switcheroo\n|move|p2b: Swalot|Toxic|p1a: Golduck\n|-status|p1a: Golduck|tox\n|\n|-damage|p1a: Golduck|95\/100 tox|[from] psn\n|-status|p1b: Kommo-o|brn|[from] item: Flame Orb\n|upkeep\n|turn|2\n|\n|t:|1698952582\n|switch|p1a: Ninetales|Ninetales-Alola, M|100\/100\n|-weather|Snow|[from] ability: Snow Warning|[of] p1a: Ninetales\n|move|p1b: Kommo-o|Boomburst|p2a: Hypno|[spread] p1a,p2a,p2b\n|-damage|p1a: Ninetales|38\/100\n|-damage|p2a: Hypno|55\/100\n|-damage|p2b: Swalot|47\/100\n|move|p2a: Hypno|Skill Swap|p1b: Kommo-o\n|-activate|p2a: Hypno|move: Skill Swap|Simple|Inner Focus|[of] p1b: Kommo-o\n|move|p2b: Swalot|Acid Armor|p2b: Swalot\n|-boost|p2b: Swalot|def|2\n|\n|-weather|Snow|[upkeep]\n|-heal|p2a: Hypno|61\/100|[from] item: Leftovers\n|-heal|p2b: Swalot|53\/100|[from] item: Black Sludge\n|-damage|p1b: Kommo-o|62\/100 brn|[from] brn\n|upkeep\n|turn|3\n|\n|t:|1698952603\n|move|p1b: Kommo-o|Shadow Claw|p2a: Hypno\n|-supereffective|p2a: Hypno\n|-damage|p2a: Hypno|18\/100\n|move|p1a: Ninetales|Aurora Veil|p1a: Ninetales\n|-sidestart|p1: dgfyu|move: Aurora Veil\n|move|p2a: Hypno|Metronome|p2a: Hypno\n|move|p2a: Hypno|Discharge|p1b: Kommo-o|[from]move: Metronome|[spread] p2b,p1a,p1b\n|-resisted|p1b: Kommo-o\n|-damage|p2b: Swalot|40\/100\n|-damage|p1a: Ninetales|28\/100\n|-damage|p1b: Kommo-o|60\/100 brn\n|move|p2b: Swalot|Destiny Bond|p2b: Swalot\n|-singlemove|p2b: Swalot|Destiny Bond\n|\n|-weather|Snow|[upkeep]\n|-heal|p2a: Hypno|24\/100|[from] item: Leftovers\n|-heal|p2b: Swalot|46\/100|[from] item: Black Sludge\n|-damage|p1b: Kommo-o|53\/100 brn|[from] brn\n|upkeep\n|turn|4\n|\n|t:|1698952632\n|move|p1b: Kommo-o|Boomburst|p2a: Hypno|[spread] p1a,p2a,p2b\n|-damage|p1a: Ninetales|0 fnt\n|-damage|p2a: Hypno|0 fnt\n|-damage|p2b: Swalot|0 fnt\n|faint|p1a: Ninetales\n|faint|p2a: Hypno\n|faint|p2b: Swalot\n|-activate|p2b: Swalot|move: Destiny Bond\n|faint|p1b: Kommo-o\n|\n|-weather|Snow|[upkeep]\n|upkeep\n|c|\u2606Lelovet|Xd\n|\n|t:|1698952658\n|switch|p1a: Chien-Pao|Chien-Pao|100\/100\n|switch|p1b: Chi-Yu|Chi-Yu|100\/100\n|switch|p2a: Luvdisc|Luvdisc, F, shiny|100\/100\n|switch|p2b: Chimecho|Chimecho, M|100\/100\n|-ability|p1a: Chien-Pao|Sword of Ruin\n|-ability|p1b: Chi-Yu|Beads of Ruin\n|turn|5\n|\n|t:|1698952689\n|move|p1a: Chien-Pao|Lash Out|p2b: Chimecho\n|-supereffective|p2b: Chimecho\n|-damage|p2b: Chimecho|0 fnt\n|faint|p2b: Chimecho\n|move|p2a: Luvdisc|Sweet Kiss|p1a: Chien-Pao\n|-start|p1a: Chien-Pao|confusion\n|move|p1b: Chi-Yu|Will-O-Wisp|p2a: Luvdisc\n|-status|p2a: Luvdisc|brn\n|\n|-weather|Snow|[upkeep]\n|-damage|p2a: Luvdisc|94\/100 brn|[from] brn\n|upkeep\n|\n|t:|1698952700\n|switch|p2b: Scovillain|Scovillain, F, shiny|100\/100\n|turn|6\n|\n|t:|1698952714\n|switch|p1a: Golduck|Golduck, F|95\/100 tox\n|move|p2b: Scovillain|Protect|p2b: Scovillain\n|-singleturn|p2b: Scovillain|Protect\n|move|p2a: Luvdisc|Soak|p1b: Chi-Yu\n|-start|p1b: Chi-Yu|typechange|Water\n|move|p1b: Chi-Yu|Reflect|p1b: Chi-Yu\n|-sidestart|p1: dgfyu|Reflect\n|\n|-weather|none\n|-damage|p1a: Golduck|89\/100 tox|[from] psn\n|-damage|p2a: Luvdisc|88\/100 brn|[from] brn\n|-ability|p2b: Scovillain|Moody|boost\n|-boost|p2b: Scovillain|def|2\n|-unboost|p2b: Scovillain|atk|1\n|upkeep\n|turn|7\n|\n|t:|1698952742\n|move|p1a: Golduck|Simple Beam|p2b: Scovillain\n|-endability|p2b: Scovillain|Moody|[from] move: Simple Beam\n|-ability|p2b: Scovillain|Simple|[from] move: Simple Beam\n|move|p2a: Luvdisc|Icy Wind|p1b: Chi-Yu|[spread] p1a,p1b\n|-resisted|p1a: Golduck\n|-resisted|p1b: Chi-Yu\n|-damage|p1a: Golduck|86\/100 tox\n|-damage|p1b: Chi-Yu|99\/100\n|-unboost|p1a: Golduck|spe|1\n|-unboost|p1b: Chi-Yu|spe|1\n|move|p2b: Scovillain|Giga Drain|p1b: Chi-Yu\n|-supereffective|p1b: Chi-Yu\n|-damage|p1b: Chi-Yu|67\/100\n|move|p1b: Chi-Yu|Will-O-Wisp|p2b: Scovillain|[miss]\n|-miss|p1b: Chi-Yu|p2b: Scovillain\n|\n|-damage|p1a: Golduck|74\/100 tox|[from] psn\n|-damage|p2a: Luvdisc|82\/100 brn|[from] brn\n|upkeep\n|turn|8\n|\n|t:|1698952763\n|switch|p1a: Ribombee|Ribombee, M|100\/100\n|move|p2a: Luvdisc|Sweet Kiss|p1a: Ribombee|[miss]\n|-miss|p2a: Luvdisc|p1a: Ribombee\n|move|p2b: Scovillain|Giga Drain|p1b: Chi-Yu\n|-supereffective|p1b: Chi-Yu\n|-damage|p1b: Chi-Yu|36\/100\n|move|p1b: Chi-Yu|Heat Wave|p2a: Luvdisc|[spread] p2a,p2b\n|-resisted|p2a: Luvdisc\n|-damage|p2a: Luvdisc|56\/100 brn\n|-damage|p2b: Scovillain|57\/100\n|\n|-heal|p2b: Scovillain|63\/100|[from] item: Leftovers\n|-damage|p2a: Luvdisc|50\/100 brn|[from] brn\n|upkeep\n|turn|9\n|\n|t:|1698952784\n|move|p1a: Ribombee|Quiver Dance|p1a: Ribombee\n|-boost|p1a: Ribombee|spa|1\n|-boost|p1a: Ribombee|spd|1\n|-boost|p1a: Ribombee|spe|1\n|move|p2a: Luvdisc|Icy Wind|p1b: Chi-Yu|[spread] p1a,p1b\n|-resisted|p1b: Chi-Yu\n|-damage|p1a: Ribombee|96\/100\n|-damage|p1b: Chi-Yu|36\/100\n|-unboost|p1b: Chi-Yu|spe|1\n|move|p2b: Scovillain|Giga Drain|p1b: Chi-Yu\n|-supereffective|p1b: Chi-Yu\n|-damage|p1b: Chi-Yu|2\/100\n|-heal|p2b: Scovillain|82\/100|[from] drain|[of] p1b: Chi-Yu\n|move|p1b: Chi-Yu|Light Screen|p1b: Chi-Yu\n|-sidestart|p1: dgfyu|move: Light Screen\n|\n|-heal|p2b: Scovillain|88\/100|[from] item: Leftovers\n|-damage|p2a: Luvdisc|44\/100 brn|[from] brn\n|upkeep\n|turn|10\n|\n|t:|1698952808\n|move|p2b: Scovillain|Protect|p2b: Scovillain\n|-singleturn|p2b: Scovillain|Protect\n|move|p1a: Ribombee|Stored Power|p2b: Scovillain\n|-activate|p2b: Scovillain|move: Protect\n|move|p2a: Luvdisc|Icy Wind|p1a: Ribombee|[spread] p1a,p1b\n|-resisted|p1b: Chi-Yu\n|-damage|p1a: Ribombee|92\/100\n|-damage|p1b: Chi-Yu|1\/100\n|-unboost|p1b: Chi-Yu|spe|1\n|move|p1b: Chi-Yu|Heat Wave|p2a: Luvdisc|[spread] p2a\n|-activate|p2b: Scovillain|move: Protect\n|-resisted|p2a: Luvdisc\n|-damage|p2a: Luvdisc|19\/100 brn\n|\n|-heal|p2b: Scovillain|94\/100|[from] item: Leftovers\n|-damage|p2a: Luvdisc|13\/100 brn|[from] brn\n|-sideend|p1: dgfyu|Reflect\n|-sideend|p1: dgfyu|move: Aurora Veil\n|upkeep\n|turn|11\n|\n|t:|1698952828\n|move|p1a: Ribombee|Stored Power|p2b: Scovillain\n|-damage|p2b: Scovillain|19\/100\n|move|p2a: Luvdisc|Icy Wind|p1b: Chi-Yu|[spread] p1a,p1b\n|-resisted|p1b: Chi-Yu\n|-damage|p1a: Ribombee|87\/100\n|-damage|p1b: Chi-Yu|0 fnt\n|faint|p1b: Chi-Yu\n|move|p2b: Scovillain|Flamethrower|p1a: Ribombee\n|-supereffective|p1a: Ribombee\n|-damage|p1a: Ribombee|23\/100\n|\n|-heal|p2b: Scovillain|25\/100|[from] item: Leftovers\n|-damage|p2a: Luvdisc|7\/100 brn|[from] brn\n|upkeep\n|\n|t:|1698952840\n|switch|p1b: Chien-Pao|Chien-Pao|100\/100\n|-ability|p1b: Chien-Pao|Sword of Ruin\n|turn|12\n|\n|t:|1698952864\n|move|p2b: Scovillain|Protect|p2b: Scovillain\n|-singleturn|p2b: Scovillain|Protect\n|move|p1b: Chien-Pao|Sucker Punch||[still]\n|-fail|p1b: Chien-Pao\n|move|p1a: Ribombee|Stored Power|p2a: Luvdisc\n|-damage|p2a: Luvdisc|0 fnt\n|faint|p2a: Luvdisc\n|\n|-heal|p2b: Scovillain|31\/100|[from] item: Leftovers\n|upkeep\n|\n|t:|1698952873\n|switch|p2a: Crabominable|Crabominable, M, shiny|100\/100\n|turn|13\n|\n|t:|1698952880\n|-terastallize|p2a: Crabominable|Water\n|move|p1b: Chien-Pao|Sucker Punch|p2b: Scovillain\n|-crit|p2b: Scovillain\n|-damage|p2b: Scovillain|0 fnt\n|faint|p2b: Scovillain\n|move|p1a: Ribombee|Stored Power|p2a: Crabominable\n|-damage|p2a: Crabominable|63\/100\n|move|p2a: Crabominable|Drain Punch|p1b: Chien-Pao\n|-supereffective|p1b: Chien-Pao\n|-damage|p1b: Chien-Pao|0 fnt\n|-heal|p2a: Crabominable|100\/100|[from] drain|[of] p1b: Chien-Pao\n|faint|p1b: Chien-Pao\n|\n|-sideend|p1: dgfyu|move: Light Screen\n|upkeep\n|\n|t:|1698952894\n|switch|p1b: Golduck|Golduck, F|74\/100 tox\n|turn|14\n|\n|t:|1698952906\n|move|p2a: Crabominable|Protect|p2a: Crabominable\n|-singleturn|p2a: Crabominable|Protect\n|move|p1a: Ribombee|Stored Power|p2a: Crabominable\n|-activate|p2a: Crabominable|move: Protect\n|move|p1b: Golduck|Power Gem|p2a: Crabominable\n|-activate|p2a: Crabominable|move: Protect\n|\n|-damage|p1b: Golduck|68\/100 tox|[from] psn\n|upkeep\n|turn|15\n|\n|t:|1698952919\n|move|p1a: Ribombee|Stored Power|p2a: Crabominable\n|-damage|p2a: Crabominable|66\/100\n|move|p1b: Golduck|Power Gem|p2a: Crabominable\n|-damage|p2a: Crabominable|48\/100\n|move|p2a: Crabominable|Crabhammer|p1a: Ribombee\n|-damage|p1a: Ribombee|0 fnt\n|faint|p1a: Ribombee\n|\n|-damage|p1b: Golduck|56\/100 tox|[from] psn\n|upkeep\n|turn|16\n|\n|t:|1698952930\n|move|p1b: Golduck|Power Gem|p2a: Crabominable|[miss]\n|-miss|p1b: Golduck|p2a: Crabominable\n|move|p2a: Crabominable|Drain Punch|p1b: Golduck\n|-damage|p1b: Golduck|0 fnt\n|-heal|p2a: Crabominable|73\/100|[from] drain|[of] p1b: Golduck\n|faint|p1b: Golduck\n|\n|win|Lelovet\n|raw|dgfyu's rating: 1057 &rarr; <strong>1036<\/strong><br \/>(-21 for losing)\n|raw|Lelovet's rating: 1006 &rarr; <strong>1051<\/strong><br \/>(+45 for winning)\n|l|\u2606dgfyu\n|c|\u2606Lelovet|Gg\n","uploadtime":1698952953,"views":23,"p1id":"dgfyu","p2id":"lelovet","formatid":"gen9doublesou","rating":1036,"private":0,"password":""}