{"id":"gen9doublesou-1988837537","p1":"Supre333","p2":"lustikin","format":"[Gen 9] Doubles OU","log":"|j|\u2606Supre333\n|j|\u2606lustikin\n|t:|1699770976\n|gametype|doubles\n|player|p1|Supre333|hugh|1000\n|player|p2|lustikin|1|1000\n|teamsize|p1|6\n|teamsize|p2|6\n|gen|9\n|tier|[Gen 9] Doubles OU\n|rated|\n|rule|Species Clause: Limit one of each Pok\u00e9mon\n|rule|OHKO Clause: OHKO moves are banned\n|rule|Evasion Moves Clause: Evasion moves are banned\n|rule|Gravity Sleep Clause: The combination of sleep-inducing moves with imperfect accuracy and Gravity or Gigantamax Orbeetle are banned\n|rule|Endless Battle Clause: Forcing endless battles is banned\n|rule|HP Percentage Mod: HP is shown in percentages\n|clearpoke\n|poke|p1|Iron Hands|\n|poke|p1|Indeedee-F, F|\n|poke|p1|Armarouge, F|\n|poke|p1|Farigiraf, M|\n|poke|p1|Brute Bonnet|\n|poke|p1|Vikavolt, F|\n|poke|p2|Greninja-*, M|\n|poke|p2|Pelipper, M|\n|poke|p2|Basculegion-F, F|\n|poke|p2|Chien-Pao|\n|poke|p2|Gliscor, M|\n|poke|p2|Tinkaton, F|\n|teampreview\n|inactive|Battle timer is ON: inactive players will automatically lose when time's up. (requested by Supre333)\n|\n|t:|1699771031\n|start\n|switch|p1a: Iron Hands|Iron Hands|100\/100\n|switch|p1b: Farigiraf|Farigiraf, M|100\/100\n|switch|p2a: Tinkaton|Tinkaton, F|100\/100\n|switch|p2b: Gliscor|Gliscor, M|100\/100\n|-ability|p2a: Tinkaton|Mold Breaker\n|turn|1\n|\n|t:|1699771048\n|move|p2a: Tinkaton|Fake Out|p1a: Iron Hands\n|-damage|p1a: Iron Hands|94\/100\n|cant|p1a: Iron Hands|flinch\n|move|p2b: Gliscor|Knock Off|p1b: Farigiraf\n|-supereffective|p1b: Farigiraf\n|-damage|p1b: Farigiraf|53\/100\n|-enditem|p1b: Farigiraf|King's Rock|[from] move: Knock Off|[of] p2b: Gliscor\n|move|p1b: Farigiraf|Trick Room|p1b: Farigiraf\n|-fieldstart|move: Trick Room|[of] p1b: Farigiraf\n|\n|-status|p2b: Gliscor|tox|[from] item: Toxic Orb\n|upkeep\n|turn|2\n|inactive|lustikin has 120 seconds left.\n|\n|t:|1699771089\n|-singleturn|p1a: Iron Hands|move: Focus Punch\n|move|p2a: Tinkaton|Protect|p2a: Tinkaton\n|-singleturn|p2a: Tinkaton|Protect\n|move|p1b: Farigiraf|Twin Beam|p2b: Gliscor\n|-damage|p2b: Gliscor|76\/100 tox\n|-crit|p2b: Gliscor\n|-damage|p2b: Gliscor|36\/100 tox\n|-hitcount|p2b: Gliscor|2\n|move|p2b: Gliscor|Earthquake|p1a: Iron Hands|[spread] p1a,p1b\n|-activate|p2a: Tinkaton|move: Protect\n|-supereffective|p1a: Iron Hands\n|-damage|p1a: Iron Hands|60\/100\n|-damage|p1b: Farigiraf|28\/100\n|cant|p1a: Iron Hands|Focus Punch|Focus Punch\n|\n|-heal|p2b: Gliscor|48\/100 tox|[from] ability: Poison Heal\n|upkeep\n|turn|3\n|inactive|lustikin has 120 seconds left.\n|\n|t:|1699771118\n|move|p2b: Gliscor|Protect|p2b: Gliscor\n|-singleturn|p2b: Gliscor|Protect\n|move|p1a: Iron Hands|Thunder Punch|p2a: Tinkaton\n|-damage|p2a: Tinkaton|40\/100\n|-status|p2a: Tinkaton|par\n|move|p1b: Farigiraf|Twin Beam|p2b: Gliscor\n|-activate|p2b: Gliscor|move: Protect\n|move|p2a: Tinkaton|Play Rough|p1a: Iron Hands\n|-supereffective|p1a: Iron Hands\n|-damage|p1a: Iron Hands|20\/100\n|\n|-heal|p2b: Gliscor|61\/100 tox|[from] ability: Poison Heal\n|upkeep\n|turn|4\n|inactive|lustikin has 120 seconds left.\n|\n|t:|1699771152\n|-singleturn|p1a: Iron Hands|move: Focus Punch\n|move|p2a: Tinkaton|Protect|p2a: Tinkaton\n|-singleturn|p2a: Tinkaton|Protect\n|move|p2b: Gliscor|Protect||[still]\n|-fail|p2b: Gliscor\n|move|p1b: Farigiraf|Twin Beam|p2b: Gliscor\n|-damage|p2b: Gliscor|36\/100 tox\n|-damage|p2b: Gliscor|9\/100 tox\n|-hitcount|p2b: Gliscor|2\n|move|p1a: Iron Hands|Focus Punch|p2b: Gliscor\n|-resisted|p2b: Gliscor\n|-damage|p2b: Gliscor|0 fnt\n|faint|p2b: Gliscor\n|\n|upkeep\n|\n|t:|1699771171\n|switch|p2b: Chien-Pao|Chien-Pao|100\/100\n|-ability|p2b: Chien-Pao|Sword of Ruin\n|turn|5\n|\n|t:|1699771186\n|-singleturn|p1a: Iron Hands|move: Focus Punch\n|move|p2b: Chien-Pao|Sucker Punch||[still]\n|cant|p1b: Farigiraf|ability: Armor Tail|Sucker Punch|[of] p2b: Chien-Pao\n|move|p1b: Farigiraf|Twin Beam|p2a: Tinkaton\n|-resisted|p2a: Tinkaton\n|-damage|p2a: Tinkaton|29\/100 par\n|-resisted|p2a: Tinkaton\n|-damage|p2a: Tinkaton|19\/100 par\n|-hitcount|p2a: Tinkaton|2\n|cant|p2a: Tinkaton|par\n|move|p1a: Iron Hands|Focus Punch|p2a: Tinkaton\n|-damage|p2a: Tinkaton|0 fnt\n|faint|p2a: Tinkaton\n|\n|-fieldend|move: Trick Room\n|upkeep\n|\n|t:|1699771202\n|switch|p2a: Pelipper|Pelipper, M|100\/100\n|-weather|RainDance|[from] ability: Drizzle|[of] p2a: Pelipper\n|turn|6\n|inactive|lustikin has 120 seconds left.\n|\n|t:|1699771225\n|-singleturn|p1a: Iron Hands|move: Focus Punch\n|move|p2b: Chien-Pao|Ice Spinner|p1b: Farigiraf\n|-damage|p1b: Farigiraf|0 fnt\n|faint|p1b: Farigiraf\n|-damage|p2b: Chien-Pao|91\/100|[from] item: Life Orb\n|move|p2a: Pelipper|Hurricane|p1a: Iron Hands\n|-crit|p1a: Iron Hands\n|-damage|p1a: Iron Hands|0 fnt\n|faint|p1a: Iron Hands\n|-end|p1a: Iron Hands|Quark Drive|[silent]\n|\n|-weather|RainDance|[upkeep]\n|upkeep\n|inactive|Supre333 has 120 seconds left.\n|\n|t:|1699771254\n|switch|p1b: Indeedee|Indeedee-F, F|100\/100\n|switch|p1a: Armarouge|Armarouge, F|100\/100\n|-fieldstart|move: Psychic Terrain|[from] ability: Psychic Surge|[of] p1b: Indeedee\n|-enditem|p1b: Indeedee|Psychic Seed\n|-boost|p1b: Indeedee|spd|1|[from] item: Psychic Seed\n|turn|7\n|inactive|Supre333 has 120 seconds left.\n|inactive|lustikin has 120 seconds left.\n|inactive|lustikin has 90 seconds left.\n|\n|t:|1699771313\n|-terastallize|p1a: Armarouge|Fire\n|move|p1b: Indeedee|Helping Hand|p1a: Armarouge\n|-singleturn|p1a: Armarouge|Helping Hand|[of] p1b: Indeedee\n|move|p2b: Chien-Pao|Protect|p2b: Chien-Pao\n|-singleturn|p2b: Chien-Pao|Protect\n|move|p2a: Pelipper|Hurricane|p1b: Indeedee\n|-damage|p1b: Indeedee|85\/100\n|move|p1a: Armarouge|Expanding Force|p2a: Pelipper|[spread] p2a\n|-activate|p2b: Chien-Pao|move: Protect\n|-damage|p2a: Pelipper|0 fnt\n|faint|p2a: Pelipper\n|\n|-weather|RainDance|[upkeep]\n|upkeep\n|\n|t:|1699771328\n|switch|p2a: Greninja|Greninja, M|100\/100\n|turn|8\n|inactive|lustikin has 90 seconds left.\n|\n|t:|1699771344\n|switch|p1a: Vikavolt|Vikavolt, F|100\/100\n|move|p2b: Chien-Pao|Protect||[still]\n|-fail|p2b: Chien-Pao\n|move|p2a: Greninja|Surf|p1a: Vikavolt|[spread] p2b,p1a,p1b\n|-damage|p2b: Chien-Pao|0 fnt\n|-damage|p1a: Vikavolt|27\/100\n|-damage|p1b: Indeedee|55\/100\n|faint|p2b: Chien-Pao\n|-ability|p2a: Greninja|Battle Bond|boost\n|-boost|p2a: Greninja|atk|1\n|-boost|p2a: Greninja|spa|1\n|-boost|p2a: Greninja|spe|1\n|-activate|p2a: Greninja|ability: Battle Bond\n|-damage|p2a: Greninja|91\/100|[from] item: Life Orb\n|move|p1b: Indeedee|Trick Room|p1b: Indeedee\n|-fieldstart|move: Trick Room|[of] p1b: Indeedee\n|\n|-weather|RainDance|[upkeep]\n|upkeep\n|\n|t:|1699771353\n|switch|p2b: Basculegion|Basculegion-F, F|100\/100\n|turn|9\n|inactive|lustikin has 90 seconds left.\n|\n|t:|1699771383\n|move|p1b: Indeedee|Follow Me|p1b: Indeedee\n|-singleturn|p1b: Indeedee|move: Follow Me\n|move|p1a: Vikavolt|Thunderbolt|p2a: Greninja\n|-supereffective|p2a: Greninja\n|-damage|p2a: Greninja|0 fnt\n|faint|p2a: Greninja\n|move|p2b: Basculegion|Last Respects|p1b: Indeedee\n|-immune|p1b: Indeedee\n|\n|-weather|RainDance|[upkeep]\n|upkeep\n|turn|10\n|inactive|lustikin has 90 seconds left.\n|\n|t:|1699771395\n|move|p1b: Indeedee|Helping Hand|p1a: Vikavolt\n|-singleturn|p1a: Vikavolt|Helping Hand|[of] p1b: Indeedee\n|move|p1a: Vikavolt|Thunderbolt|p2b: Basculegion\n|-supereffective|p2b: Basculegion\n|-damage|p2b: Basculegion|0 fnt\n|faint|p2b: Basculegion\n|\n|win|Supre333\n|raw|Supre333's rating: 1000 &rarr; <strong>1040<\/strong><br \/>(+40 for winning)\n|raw|lustikin's rating: 1000 &rarr; <strong>1000<\/strong><br \/>(+0 for losing)\n|l|\u2606lustikin\n|c|\u2606Supre333|Ggd\n","uploadtime":1699771408,"views":10,"p1id":"supre333","p2id":"lustikin","formatid":"gen9doublesou","rating":1000,"private":0,"password":""}