{"id":"gen9doublesou-1977235418","p1":"bananaszn","p2":"Myzoi","format":"[Gen 9] Doubles OU","log":"|j|\u2606bananaszn\n|j|\u2606Myzoi\n|t:|1698391471\n|gametype|doubles\n|player|p1|bananaszn|brycen|1233\n|player|p2|Myzoi|shauntal|1160\n|teamsize|p1|6\n|teamsize|p2|6\n|gen|9\n|tier|[Gen 9] Doubles OU\n|rated|\n|rule|Species Clause: Limit one of each Pok\u00e9mon\n|rule|OHKO Clause: OHKO moves are banned\n|rule|Evasion Moves Clause: Evasion moves are banned\n|rule|Gravity Sleep Clause: The combination of sleep-inducing moves with imperfect accuracy and Gravity or Gigantamax Orbeetle are banned\n|rule|Endless Battle Clause: Forcing endless battles is banned\n|rule|HP Percentage Mod: HP is shown in percentages\n|clearpoke\n|poke|p1|Poliwrath, M|\n|poke|p1|Pelipper, F|\n|poke|p1|Basculegion-F, F|\n|poke|p1|Zapdos|\n|poke|p1|Landorus-Therian, M|\n|poke|p1|Tsareena, F|\n|poke|p2|Chi-Yu|\n|poke|p2|Flutter Mane|\n|poke|p2|Torkoal, M|\n|poke|p2|Walking Wake|\n|poke|p2|Great Tusk|\n|poke|p2|Kingambit, F|\n|teampreview\n|\n|t:|1698391485\n|start\n|switch|p1a: Pelipper|Pelipper, F|100\/100\n|switch|p1b: Poliwrath|Poliwrath, M|100\/100\n|switch|p2a: Chi-Yu|Chi-Yu|100\/100\n|switch|p2b: Flutter Mane|Flutter Mane|100\/100\n|-ability|p2a: Chi-Yu|Beads of Ruin\n|-weather|RainDance|[from] ability: Drizzle|[of] p1a: Pelipper\n|turn|1\n|\n|t:|1698391513\n|switch|p1a: Zapdos|Zapdos|100\/100\n|move|p1b: Poliwrath|Waterfall|p2b: Flutter Mane\n|-damage|p2b: Flutter Mane|0 fnt\n|faint|p2b: Flutter Mane\n|-end|p2b: Flutter Mane|Protosynthesis|[silent]\n|move|p2a: Chi-Yu|Dark Pulse|p1b: Poliwrath\n|-resisted|p1b: Poliwrath\n|-damage|p1b: Poliwrath|69\/100\n|\n|-weather|RainDance|[upkeep]\n|upkeep\n|\n|t:|1698391524\n|switch|p2b: Walking Wake|Walking Wake|100\/100\n|turn|2\n|inactive|Battle timer is ON: inactive players will automatically lose when time's up. (requested by Myzoi)\n|\n|t:|1698391545\n|switch|p2a: Torkoal|Torkoal, M|100\/100\n|-weather|SunnyDay|[from] ability: Drought|[of] p2a: Torkoal\n|-activate|p2b: Walking Wake|ability: Protosynthesis\n|-start|p2b: Walking Wake|protosynthesisspa\n|move|p2b: Walking Wake|Agility|p2b: Walking Wake\n|-boost|p2b: Walking Wake|spe|2\n|move|p1b: Poliwrath|Waterfall|p2a: Torkoal\n|-supereffective|p2a: Torkoal\n|-damage|p2a: Torkoal|60\/100\n|move|p1a: Zapdos|Hurricane|p2b: Walking Wake\n|-damage|p2b: Walking Wake|15\/100\n|\n|-weather|SunnyDay|[upkeep]\n|upkeep\n|turn|3\n|\n|t:|1698391566\n|switch|p1a: Pelipper|Pelipper, F|100\/100\n|-weather|RainDance|[from] ability: Drizzle|[of] p1a: Pelipper\n|-end|p2b: Walking Wake|Protosynthesis\n|move|p2b: Walking Wake|Hydro Steam|p1a: Pelipper\n|-resisted|p1a: Pelipper\n|-damage|p1a: Pelipper|42\/100\n|-damage|p2b: Walking Wake|5\/100|[from] item: Life Orb\n|move|p1b: Poliwrath|Waterfall|p2a: Torkoal\n|-supereffective|p2a: Torkoal\n|-damage|p2a: Torkoal|0 fnt\n|faint|p2a: Torkoal\n|\n|-weather|RainDance|[upkeep]\n|upkeep\n|\n|t:|1698391578\n|switch|p2a: Chi-Yu|Chi-Yu|100\/100\n|-ability|p2a: Chi-Yu|Beads of Ruin\n|turn|4\n|\n|t:|1698391588\n|switch|p1a: Zapdos|Zapdos|100\/100\n|move|p2b: Walking Wake|Dragon Pulse|p1b: Poliwrath\n|-damage|p1b: Poliwrath|0 fnt\n|faint|p1b: Poliwrath\n|-damage|p2b: Walking Wake|0 fnt|[from] item: Life Orb\n|faint|p2b: Walking Wake\n|-end|p2b: Walking Wake|Protosynthesis|[silent]\n|move|p2a: Chi-Yu|Dark Pulse|p1a: Zapdos\n|-damage|p1a: Zapdos|44\/100\n|\n|-weather|RainDance|[upkeep]\n|upkeep\n|\n|t:|1698391600\n|switch|p2b: Great Tusk|Great Tusk|100\/100\n|switch|p1b: Tsareena|Tsareena, F|100\/100\n|turn|5\n|\n|t:|1698391619\n|move|p2a: Chi-Yu|Fire Blast|p1b: Tsareena|[miss]\n|-miss|p2a: Chi-Yu|p1b: Tsareena\n|move|p2b: Great Tusk|Ice Spinner|p1b: Tsareena\n|-supereffective|p1b: Tsareena\n|-damage|p1b: Tsareena|51\/100\n|move|p1a: Zapdos|Hurricane|p2b: Great Tusk\n|-supereffective|p2b: Great Tusk\n|-damage|p2b: Great Tusk|0 fnt\n|faint|p2b: Great Tusk\n|-end|p2b: Great Tusk|Protosynthesis|[silent]\n|move|p1b: Tsareena|U-turn|p2a: Chi-Yu\n|-damage|p2a: Chi-Yu|62\/100\n|\n|t:|1698391631\n|switch|p1b: Basculegion|Basculegion-F, F|100\/100|[from] U-turn\n|\n|-weather|RainDance|[upkeep]\n|upkeep\n|\n|t:|1698391633\n|switch|p2b: Kingambit|Kingambit, F|100\/100\n|-activate|p2b: Kingambit|ability: Supreme Overlord\n|-start|p2b: Kingambit|fallen4|[silent]\n|turn|6\n|\n|t:|1698391647\n|move|p1b: Basculegion|Last Respects|p2b: Kingambit\n|-resisted|p2b: Kingambit\n|-damage|p2b: Kingambit|75\/100\n|move|p2a: Chi-Yu|Dark Pulse|p1b: Basculegion\n|-supereffective|p1b: Basculegion\n|-damage|p1b: Basculegion|0 fnt\n|faint|p1b: Basculegion\n|move|p1a: Zapdos|Hurricane|p2a: Chi-Yu\n|-damage|p2a: Chi-Yu|0 fnt\n|faint|p2a: Chi-Yu\n|move|p2b: Kingambit|Swords Dance|p2b: Kingambit\n|-boost|p2b: Kingambit|atk|2\n|\n|-weather|RainDance|[upkeep]\n|upkeep\n|\n|t:|1698391660\n|switch|p1b: Tsareena|Tsareena, F|51\/100\n|turn|7\n|\n|t:|1698391670\n|-terastallize|p2b: Kingambit|Dark\n|move|p2b: Kingambit|Sucker Punch||[still]\n|cant|p1b: Tsareena|ability: Queenly Majesty|Sucker Punch|[of] p2b: Kingambit\n|move|p1a: Zapdos|Thunder|p2b: Kingambit\n|-damage|p2b: Kingambit|18\/100\n|move|p1b: Tsareena|High Jump Kick|p2b: Kingambit\n|-supereffective|p2b: Kingambit\n|-damage|p2b: Kingambit|0 fnt\n|faint|p2b: Kingambit\n|-end|p2b: Kingambit|fallen4|[silent]\n|\n|win|bananaszn\n|raw|bananaszn's rating: 1233 &rarr; <strong>1253<\/strong><br \/>(+20 for winning)\n|raw|Myzoi's rating: 1160 &rarr; <strong>1140<\/strong><br \/>(-20 for losing)\n|l|\u2606Myzoi\n","uploadtime":1698391689,"views":46,"p1id":"bananaszn","p2id":"myzoi","formatid":"gen9doublesou","rating":1140,"private":0,"password":""}