{"id":"gen9doublesou-1976086439","p1":"BriefMarigold4","p2":"loringmaniaco","format":"[Gen 9] Doubles OU","log":"|j|\u2606BriefMarigold4\n|j|\u2606loringmaniaco\n|t:|1698262505\n|gametype|doubles\n|player|p1|BriefMarigold4|1|1448\n|player|p2|loringmaniaco|265|1591\n|teamsize|p1|6\n|teamsize|p2|6\n|gen|9\n|tier|[Gen 9] Doubles OU\n|rated|\n|rule|Species Clause: Limit one of each Pok\u00e9mon\n|rule|OHKO Clause: OHKO moves are banned\n|rule|Evasion Moves Clause: Evasion moves are banned\n|rule|Gravity Sleep Clause: The combination of sleep-inducing moves with imperfect accuracy and Gravity or Gigantamax Orbeetle are banned\n|rule|Endless Battle Clause: Forcing endless battles is banned\n|rule|HP Percentage Mod: HP is shown in percentages\n|clearpoke\n|poke|p1|Rillaboom, F|\n|poke|p1|Grimmsnarl, M|\n|poke|p1|Cresselia, F|\n|poke|p1|Clefairy, M|\n|poke|p1|Snorlax, F|\n|poke|p1|Sinistcha|\n|poke|p2|Flutter Mane|\n|poke|p2|Walking Wake|\n|poke|p2|Roaring Moon|\n|poke|p2|Torkoal, F|\n|poke|p2|Slither Wing|\n|poke|p2|Chi-Yu|\n|teampreview\n|inactive|Battle timer is ON: inactive players will automatically lose when time's up. (requested by loringmaniaco)\n|\n|t:|1698262530\n|start\n|switch|p1a: Rillaboom|Rillaboom, F|100\/100\n|switch|p1b: Grimmsnarl|Grimmsnarl, M|100\/100\n|switch|p2a: Adamastor|Slither Wing|100\/100\n|switch|p2b: Tortugita|Torkoal, F|100\/100\n|-fieldstart|move: Grassy Terrain|[from] ability: Grassy Surge|[of] p1a: Rillaboom\n|-weather|SunnyDay|[from] ability: Drought|[of] p2b: Tortugita\n|-activate|p2a: Adamastor|ability: Protosynthesis\n|-start|p2a: Adamastor|protosynthesisatk\n|turn|1\n|\n|t:|1698262541\n|move|p1a: Rillaboom|Fake Out|p2b: Tortugita\n|-damage|p2b: Tortugita|91\/100\n|move|p2a: Adamastor|First Impression|p1a: Rillaboom\n|-supereffective|p1a: Rillaboom\n|-damage|p1a: Rillaboom|0 fnt\n|faint|p1a: Rillaboom\n|move|p1b: Grimmsnarl|Reflect|p1b: Grimmsnarl\n|-sidestart|p1: BriefMarigold4|Reflect\n|cant|p2b: Tortugita|flinch\n|\n|-weather|SunnyDay|[upkeep]\n|-heal|p2b: Tortugita|97\/100|[from] Grassy Terrain\n|upkeep\n|\n|t:|1698262551\n|switch|p1a: Snorlax|Snorlax, F|100\/100\n|turn|2\n|\n|t:|1698262564\n|switch|p2b: Lacra\u00e7\u00e3o|Roaring Moon|100\/100\n|-activate|p2b: Lacra\u00e7\u00e3o|ability: Protosynthesis\n|-start|p2b: Lacra\u00e7\u00e3o|protosynthesisspe\n|-terastallize|p1a: Snorlax|Poison\n|move|p1b: Grimmsnarl|Light Screen|p1b: Grimmsnarl\n|-sidestart|p1: BriefMarigold4|move: Light Screen\n|move|p2a: Adamastor|Brick Break|p1a: Snorlax\n|-sideend|p1: BriefMarigold4|Reflect\n|-sideend|p1: BriefMarigold4|move: Light Screen\n|-resisted|p1a: Snorlax\n|-damage|p1a: Snorlax|79\/100\n|move|p1a: Snorlax|Belly Drum|p1a: Snorlax\n|-damage|p1a: Snorlax|29\/100\n|-setboost|p1a: Snorlax|atk|6|[from] move: Belly Drum\n|\n|-weather|SunnyDay|[upkeep]\n|-heal|p1a: Snorlax|35\/100|[from] Grassy Terrain\n|-heal|p1a: Snorlax|41\/100|[from] item: Leftovers\n|upkeep\n|turn|3\n|\n|t:|1698262574\n|move|p1a: Snorlax|Protect|p1a: Snorlax\n|-singleturn|p1a: Snorlax|Protect\n|move|p1b: Grimmsnarl|Parting Shot|p2b: Lacra\u00e7\u00e3o\n|-hint|Since gen 7, Dark is immune to Prankster moves.\n|-immune|p2b: Lacra\u00e7\u00e3o\n|move|p2b: Lacra\u00e7\u00e3o|Knock Off|p1a: Snorlax\n|-activate|p1a: Snorlax|move: Protect\n|move|p2a: Adamastor|Brick Break|p1a: Snorlax\n|-activate|p1a: Snorlax|move: Protect\n|\n|-weather|SunnyDay|[upkeep]\n|-heal|p1a: Snorlax|47\/100|[from] Grassy Terrain\n|-heal|p1a: Snorlax|53\/100|[from] item: Leftovers\n|upkeep\n|turn|4\n|c|\u2606BriefMarigold4|i'm so fucking dumb\n|\n|t:|1698262592\n|move|p1b: Grimmsnarl|Parting Shot|p2a: Adamastor\n|-unboost|p2a: Adamastor|atk|1\n|-unboost|p2a: Adamastor|spa|1\n|\n|t:|1698262594\n|switch|p1b: Fuck You|Sinistcha|100\/100|[from] Parting Shot\n|-heal|p1a: Snorlax|78\/100|[from] ability: Hospitality|[of] p1b: Fuck You\n|move|p2b: Lacra\u00e7\u00e3o|Knock Off|p1a: Snorlax\n|-damage|p1a: Snorlax|22\/100\n|-enditem|p1a: Snorlax|Leftovers|[from] move: Knock Off|[of] p2b: Lacra\u00e7\u00e3o\n|-damage|p2b: Lacra\u00e7\u00e3o|90\/100|[from] item: Life Orb\n|move|p2a: Adamastor|Brick Break|p1a: Snorlax\n|-resisted|p1a: Snorlax\n|-damage|p1a: Snorlax|7\/100\n|move|p1a: Snorlax|High Horsepower|p2b: Lacra\u00e7\u00e3o\n|-damage|p2b: Lacra\u00e7\u00e3o|0 fnt\n|faint|p2b: Lacra\u00e7\u00e3o\n|-end|p2b: Lacra\u00e7\u00e3o|Protosynthesis|[silent]\n|\n|-weather|SunnyDay|[upkeep]\n|-heal|p1a: Snorlax|13\/100|[from] Grassy Terrain\n|upkeep\n|\n|t:|1698262604\n|switch|p2b: Chi-Yu|Chi-Yu|100\/100\n|-ability|p2b: Chi-Yu|Beads of Ruin\n|turn|5\n|\n|t:|1698262616\n|-end|p2a: Adamastor|Protosynthesis|[silent]\n|switch|p2a: Jorge|Walking Wake|100\/100\n|-activate|p2a: Jorge|ability: Protosynthesis\n|-start|p2a: Jorge|protosynthesisspe\n|move|p1a: Snorlax|Protect|p1a: Snorlax\n|-singleturn|p1a: Snorlax|Protect\n|move|p2b: Chi-Yu|Heat Wave|p1a: Snorlax|[spread] \n|-activate|p1a: Snorlax|move: Protect\n|-miss|p2b: Chi-Yu|p1b: Fuck You\n|move|p1b: Fuck You|Trick Room|p1b: Fuck You\n|-fieldstart|move: Trick Room|[of] p1b: Fuck You\n|\n|-weather|SunnyDay|[upkeep]\n|-heal|p1a: Snorlax|19\/100|[from] Grassy Terrain\n|-fieldend|move: Grassy Terrain\n|upkeep\n|turn|6\n|\n|t:|1698262630\n|switch|p1b: Clefairy|Clefairy, M|100\/100\n|move|p1a: Snorlax|High Horsepower|p2a: Jorge\n|-damage|p2a: Jorge|0 fnt\n|faint|p2a: Jorge\n|-end|p2a: Jorge|Protosynthesis|[silent]\n|move|p2b: Chi-Yu|Heat Wave|p1a: Snorlax|[spread] p1a,p1b\n|-damage|p1a: Snorlax|2\/100\n|-damage|p1b: Clefairy|37\/100\n|\n|-weather|SunnyDay|[upkeep]\n|upkeep\n|\n|t:|1698262634\n|switch|p2a: Tortugita|Torkoal, F|97\/100\n|turn|7\n|\n|t:|1698262644\n|switch|p1b: Fuck You|Sinistcha|100\/100\n|-heal|p1a: Snorlax|27\/100|[from] ability: Hospitality|[of] p1b: Fuck You\n|move|p1a: Snorlax|Protect|p1a: Snorlax\n|-singleturn|p1a: Snorlax|Protect\n|move|p2a: Tortugita|Flamethrower|p1a: Snorlax\n|-activate|p1a: Snorlax|move: Protect\n|move|p2b: Chi-Yu|Heat Wave|p1b: Fuck You|[spread] \n|-activate|p1a: Snorlax|move: Protect\n|-miss|p2b: Chi-Yu|p1b: Fuck You\n|\n|-weather|SunnyDay|[upkeep]\n|upkeep\n|turn|8\n|\n|t:|1698262656\n|switch|p1b: Clefairy|Clefairy, M|37\/100\n|move|p2a: Tortugita|Flamethrower|p1a: Snorlax\n|-damage|p1a: Snorlax|12\/100\n|move|p1a: Snorlax|High Horsepower|p2b: Chi-Yu\n|-supereffective|p2b: Chi-Yu\n|-damage|p2b: Chi-Yu|0 fnt\n|faint|p2b: Chi-Yu\n|\n|-weather|none\n|upkeep\n|\n|t:|1698262665\n|switch|p2b: Adamastor|Slither Wing|100\/100\n|turn|9\n|\n|t:|1698262676\n|switch|p2a: Santa Dolinha|Flutter Mane|100\/100\n|switch|p1b: Fuck You|Sinistcha|100\/100\n|-heal|p1a: Snorlax|37\/100|[from] ability: Hospitality|[of] p1b: Fuck You\n|move|p2b: Adamastor|First Impression|p1a: Snorlax\n|-resisted|p1a: Snorlax\n|-damage|p1a: Snorlax|17\/100\n|move|p1a: Snorlax|High Horsepower|p2a: Santa Dolinha\n|-damage|p2a: Santa Dolinha|0 fnt\n|faint|p2a: Santa Dolinha\n|-end|p2a: Santa Dolinha|Protosynthesis|[silent]\n|\n|-fieldend|move: Trick Room\n|upkeep\n|\n|t:|1698262678\n|switch|p2a: Tortugita|Torkoal, F|97\/100\n|-weather|SunnyDay|[from] ability: Drought|[of] p2a: Tortugita\n|-activate|p2b: Adamastor|ability: Protosynthesis\n|-start|p2b: Adamastor|protosynthesisatk\n|turn|10\n|\n|t:|1698262701\n|move|p1a: Snorlax|Protect|p1a: Snorlax\n|-singleturn|p1a: Snorlax|Protect\n|move|p2b: Adamastor|U-turn|p1b: Fuck You\n|-damage|p1b: Fuck You|56\/100\n|move|p1b: Fuck You|Shadow Ball|p2a: Tortugita\n|-damage|p2a: Tortugita|45\/100\n|move|p2a: Tortugita|Flamethrower|p1b: Fuck You\n|-supereffective|p1b: Fuck You\n|-damage|p1b: Fuck You|0 fnt\n|faint|p1b: Fuck You\n|\n|-weather|SunnyDay|[upkeep]\n|upkeep\n|\n|t:|1698262710\n|switch|p1b: Clefairy|Clefairy, M|37\/100\n|turn|11\n|\n|t:|1698262728\n|-terastallize|p2b: Adamastor|Water\n|move|p1b: Clefairy|Follow Me|p1b: Clefairy\n|-singleturn|p1b: Clefairy|move: Follow Me\n|move|p2b: Adamastor|High Horsepower|p1b: Clefairy\n|-damage|p1b: Clefairy|0 fnt\n|faint|p1b: Clefairy\n|move|p1a: Snorlax|Double-Edge|p2a: Tortugita\n|-damage|p2a: Tortugita|0 fnt\n|faint|p2a: Tortugita\n|-damage|p1a: Snorlax|8\/100|[from] Recoil\n|\n|-weather|SunnyDay|[upkeep]\n|upkeep\n|\n|t:|1698262737\n|switch|p1b: Cresselia|Cresselia, F|100\/100\n|turn|12\n|\n|t:|1698262743\n|move|p1a: Snorlax|Protect|p1a: Snorlax\n|-singleturn|p1a: Snorlax|Protect\n|move|p2b: Adamastor|U-turn|p1b: Cresselia\n|-supereffective|p1b: Cresselia\n|-damage|p1b: Cresselia|32\/100\n|move|p1b: Cresselia|Trick Room|p1b: Cresselia\n|-fieldstart|move: Trick Room|[of] p1b: Cresselia\n|\n|-weather|SunnyDay|[upkeep]\n|upkeep\n|turn|13\n|c|\u2606BriefMarigold4|gaming time\n|\n|t:|1698262757\n|move|p1a: Snorlax|Double-Edge|p2b: Adamastor\n|-damage|p2b: Adamastor|0 fnt\n|faint|p2b: Adamastor\n|-end|p2b: Adamastor|Protosynthesis|[silent]\n|-damage|p1a: Snorlax|0 fnt|[from] Recoil\n|faint|p1a: Snorlax\n|\n|win|BriefMarigold4\n|raw|BriefMarigold4's rating: 1448 &rarr; <strong>1476<\/strong><br \/>(+28 for winning)\n|raw|loringmaniaco's rating: 1591 &rarr; <strong>1563<\/strong><br \/>(-28 for losing)\n|l|\u2606loringmaniaco\n","uploadtime":1698262770,"views":12,"p1id":"briefmarigold4","p2id":"loringmaniaco","formatid":"gen9doublesou","rating":1476,"private":0,"password":""}