{"id":"gen9doublesou-1969568774","p1":"cotesmcgotes","p2":"Kalo.munro","format":"[Gen 9] Doubles OU","log":"|j|\u2606cotesmcgotes\n|j|\u2606Kalo.munro\n|t:|1697548062\n|gametype|doubles\n|player|p1|cotesmcgotes|flannery|1411\n|player|p2|Kalo.munro|266|1402\n|teamsize|p1|6\n|teamsize|p2|6\n|gen|9\n|tier|[Gen 9] Doubles OU\n|rated|\n|rule|Species Clause: Limit one of each Pok\u00e9mon\n|rule|OHKO Clause: OHKO moves are banned\n|rule|Evasion Moves Clause: Evasion moves are banned\n|rule|Gravity Sleep Clause: The combination of sleep-inducing moves with imperfect accuracy and Gravity or Gigantamax Orbeetle are banned\n|rule|Endless Battle Clause: Forcing endless battles is banned\n|rule|HP Percentage Mod: HP is shown in percentages\n|clearpoke\n|poke|p1|Manaphy|\n|poke|p1|Espathra, M|\n|poke|p1|Goodra-Hisui, M|\n|poke|p1|Ursaluna-Bloodmoon, M|\n|poke|p1|Ogerpon-Hearthflame, F|\n|poke|p1|Chien-Pao|\n|poke|p2|Kleavor, F|\n|poke|p2|Tsareena, F|\n|poke|p2|Samurott-Hisui, M|\n|poke|p2|Garganacl, M|\n|poke|p2|Hippowdon, M|\n|poke|p2|Heatran, M|\n|teampreview\n|inactive|Battle timer is ON: inactive players will automatically lose when time's up. (requested by Kalo.munro)\n|\n|t:|1697548074\n|start\n|switch|p1a: Ursaluna|Ursaluna-Bloodmoon, M|100\/100\n|switch|p1b: Goodra|Goodra-Hisui, M|100\/100\n|switch|p2a: Mr Cutter|Kleavor, F, shiny|100\/100\n|switch|p2b: Water Unicorn|Samurott-Hisui, M, shiny|100\/100\n|turn|1\n|\n|t:|1697548092\n|switch|p1a: Manaphy|Manaphy|100\/100\n|move|p2a: Mr Cutter|Stone Axe|p1a: Manaphy\n|-damage|p1a: Manaphy|49\/100\n|-sidestart|p1: cotesmcgotes|move: Stealth Rock\n|-enditem|p1a: Manaphy|Sitrus Berry|[eat]\n|-heal|p1a: Manaphy|74\/100|[from] item: Sitrus Berry\n|move|p2b: Water Unicorn|Razor Shell|p1a: Manaphy\n|-resisted|p1a: Manaphy\n|-damage|p1a: Manaphy|49\/100\n|move|p1b: Goodra|Acid Armor|p1b: Goodra\n|-boost|p1b: Goodra|def|2\n|\n|upkeep\n|turn|2\n|\n|t:|1697548108\n|move|p2a: Mr Cutter|Stone Axe|p1a: Manaphy\n|-damage|p1a: Manaphy|1\/100\n|move|p2b: Water Unicorn|Razor Shell|p1a: Manaphy\n|-resisted|p1a: Manaphy\n|-damage|p1a: Manaphy|0 fnt\n|faint|p1a: Manaphy\n|move|p1b: Goodra|Life Dew||[still]\n|-fail|p1b: Goodra|heal\n|\n|upkeep\n|\n|t:|1697548118\n|switch|p1a: Ogerpon|Ogerpon-Hearthflame, F|100\/100\n|-damage|p1a: Ogerpon|76\/100|[from] Stealth Rock\n|-ability|p1a: Ogerpon|Mold Breaker\n|turn|3\n|\n|t:|1697548124\n|move|p1a: Ogerpon|Spiky Shield|p1a: Ogerpon\n|-singleturn|p1a: Ogerpon|move: Protect\n|move|p2b: Water Unicorn|Razor Shell|p1a: Ogerpon\n|-activate|p1a: Ogerpon|move: Protect\n|-damage|p2b: Water Unicorn|88\/100|[from] Spiky Shield|[of] p1a: Ogerpon\n|move|p2a: Mr Cutter|Stone Axe|p1a: Ogerpon\n|-activate|p1a: Ogerpon|move: Protect\n|-damage|p2a: Mr Cutter|88\/100|[from] Spiky Shield|[of] p1a: Ogerpon\n|move|p1b: Goodra|Body Press|p2b: Water Unicorn\n|-supereffective|p2b: Water Unicorn\n|-damage|p2b: Water Unicorn|0 fnt\n|faint|p2b: Water Unicorn\n|\n|upkeep\n|\n|t:|1697548133\n|switch|p2b: Flame Body|Heatran, M|100\/100\n|turn|4\n|\n|t:|1697548148\n|switch|p1a: Ursaluna|Ursaluna-Bloodmoon, M|100\/100\n|-damage|p1a: Ursaluna|94\/100|[from] Stealth Rock\n|-terastallize|p2b: Flame Body|Grass\n|move|p2a: Mr Cutter|Stone Axe|p1a: Ursaluna|[miss]\n|-miss|p2a: Mr Cutter|p1a: Ursaluna\n|move|p2b: Flame Body|Heat Wave|p1b: Goodra|[spread] p1a,p1b\n|-damage|p1a: Ursaluna|63\/100\n|-damage|p1b: Goodra|80\/100\n|move|p1b: Goodra|Body Press|p2b: Flame Body\n|-damage|p2b: Flame Body|71\/100\n|\n|-heal|p1b: Goodra|86\/100|[from] item: Leftovers\n|upkeep\n|turn|5\n|\n|t:|1697548168\n|move|p2a: Mr Cutter|Stone Axe|p1a: Ursaluna\n|-resisted|p1a: Ursaluna\n|-damage|p1a: Ursaluna|45\/100\n|move|p2b: Flame Body|Tera Blast|p1a: Ursaluna|[anim] Tera Blast Grass\n|-supereffective|p1a: Ursaluna\n|-damage|p1a: Ursaluna|0 fnt\n|faint|p1a: Ursaluna\n|move|p1b: Goodra|Body Press|p2a: Mr Cutter\n|-damage|p2a: Mr Cutter|45\/100\n|\n|-heal|p1b: Goodra|92\/100|[from] item: Leftovers\n|upkeep\n|\n|t:|1697548179\n|switch|p1a: Chien-Pao|Chien-Pao|100\/100\n|-damage|p1a: Chien-Pao|76\/100|[from] Stealth Rock\n|-ability|p1a: Chien-Pao|Sword of Ruin\n|turn|6\n|\n|t:|1697548188\n|move|p2a: Mr Cutter|Stone Axe|p1a: Chien-Pao\n|-supereffective|p1a: Chien-Pao\n|-damage|p1a: Chien-Pao|0 fnt\n|faint|p1a: Chien-Pao\n|move|p2b: Flame Body|Earth Power|p1b: Goodra\n|-supereffective|p1b: Goodra\n|-damage|p1b: Goodra|57\/100\n|move|p1b: Goodra|Iron Head|p2a: Mr Cutter\n|-supereffective|p2a: Mr Cutter\n|-damage|p2a: Mr Cutter|0 fnt\n|faint|p2a: Mr Cutter\n|\n|-heal|p1b: Goodra|63\/100|[from] item: Leftovers\n|upkeep\n|\n|t:|1697548204\n|switch|p1a: Espathra|Espathra, M|100\/100\n|switch|p2a: In De Nile|Hippowdon, M, shiny|100\/100\n|-damage|p1a: Espathra|88\/100|[from] Stealth Rock\n|-weather|Sandstorm|[from] ability: Sand Stream|[of] p2a: In De Nile\n|turn|7\n|\n|t:|1697548226\n|move|p1a: Espathra|Night Shade|p2b: Flame Body\n|-damage|p2b: Flame Body|46\/100\n|move|p2b: Flame Body|Earth Power|p1b: Goodra\n|-supereffective|p1b: Goodra\n|-damage|p1b: Goodra|27\/100\n|move|p1b: Goodra|Life Dew|p1b: Goodra|[spread] p1a,p1b\n|-heal|p1a: Espathra|100\/100\n|-heal|p1b: Goodra|52\/100\n|move|p2a: In De Nile|Yawn|p1b: Goodra\n|-start|p1b: Goodra|move: Yawn|[of] p2a: In De Nile\n|\n|-weather|Sandstorm|[upkeep]\n|-damage|p1a: Espathra|94\/100|[from] Sandstorm\n|-damage|p2b: Flame Body|39\/100|[from] Sandstorm\n|-heal|p1b: Goodra|58\/100|[from] item: Leftovers\n|-ability|p1a: Espathra|Speed Boost|boost\n|-boost|p1a: Espathra|spe|1\n|upkeep\n|turn|8\n|inactive|cotesmcgotes has 120 seconds left.\n|\n|t:|1697548263\n|move|p1a: Espathra|Night Shade|p2b: Flame Body\n|-damage|p2b: Flame Body|13\/100\n|move|p2b: Flame Body|Earth Power|p1b: Goodra\n|-supereffective|p1b: Goodra\n|-damage|p1b: Goodra|20\/100\n|-unboost|p1b: Goodra|spd|1\n|move|p1b: Goodra|Acid Armor|p1b: Goodra\n|-boost|p1b: Goodra|def|2\n|move|p2a: In De Nile|Sand Tomb|p1b: Goodra|[miss]\n|-miss|p2a: In De Nile|p1b: Goodra\n|\n|-weather|Sandstorm|[upkeep]\n|-damage|p1a: Espathra|88\/100|[from] Sandstorm\n|-damage|p2b: Flame Body|7\/100|[from] Sandstorm\n|-heal|p1b: Goodra|26\/100|[from] item: Leftovers\n|-end|p1b: Goodra|move: Yawn|[silent]\n|-status|p1b: Goodra|slp\n|-ability|p1a: Espathra|Speed Boost|boost\n|-boost|p1a: Espathra|spe|1\n|upkeep\n|turn|9\n|\n|t:|1697548287\n|switch|p2b: Steel Queen|Tsareena, F|100\/100\n|-terastallize|p1b: Goodra|Fighting\n|move|p1a: Espathra|Night Shade|p2b: Steel Queen\n|-damage|p2b: Steel Queen|65\/100\n|cant|p1b: Goodra|slp\n|move|p2a: In De Nile|Sand Tomb|p1b: Goodra\n|-damage|p1b: Goodra|21\/100 slp\n|-activate|p1b: Goodra|move: Sand Tomb|[of] p2a: In De Nile\n|\n|-weather|Sandstorm|[upkeep]\n|-damage|p1a: Espathra|82\/100|[from] Sandstorm\n|-damage|p2b: Steel Queen|59\/100|[from] Sandstorm\n|-damage|p1b: Goodra|15\/100 slp|[from] Sandstorm\n|-heal|p1b: Goodra|21\/100 slp|[from] item: Leftovers\n|-damage|p1b: Goodra|9\/100 slp|[from] move: Sand Tomb|[partiallytrapped]\n|-ability|p1a: Espathra|Speed Boost|boost\n|-boost|p1a: Espathra|spe|1\n|upkeep\n|turn|10\n|\n|t:|1697548314\n|move|p1a: Espathra|Night Shade|p2b: Steel Queen\n|-damage|p2b: Steel Queen|24\/100\n|move|p2b: Steel Queen|U-turn|p1a: Espathra\n|-supereffective|p1a: Espathra\n|-damage|p1a: Espathra|25\/100\n|-enditem|p1a: Espathra|Red Card|[of] p2b: Steel Queen\n|drag|p2b: Flame Body|Heatran, M, tera:Grass|7\/100\n|-curestatus|p1b: Goodra|slp|[msg]\n|move|p1b: Goodra|Life Dew|p1b: Goodra|[spread] p1a,p1b\n|-heal|p1a: Espathra|50\/100\n|-heal|p1b: Goodra|34\/100\n|move|p2a: In De Nile|Yawn|p1a: Espathra\n|-start|p1a: Espathra|move: Yawn|[of] p2a: In De Nile\n|\n|-weather|Sandstorm|[upkeep]\n|-damage|p1a: Espathra|44\/100|[from] Sandstorm\n|-damage|p2b: Flame Body|1\/100|[from] Sandstorm\n|-damage|p1b: Goodra|28\/100|[from] Sandstorm\n|-heal|p1b: Goodra|34\/100|[from] item: Leftovers\n|-damage|p1b: Goodra|22\/100|[from] move: Sand Tomb|[partiallytrapped]\n|-ability|p1a: Espathra|Speed Boost|boost\n|-boost|p1a: Espathra|spe|1\n|upkeep\n|turn|11\n|\n|t:|1697548334\n|move|p1a: Espathra|Night Shade|p2b: Flame Body\n|-damage|p2b: Flame Body|0 fnt\n|faint|p2b: Flame Body\n|move|p1b: Goodra|Life Dew|p1b: Goodra|[spread] p1a,p1b\n|-heal|p1a: Espathra|70\/100\n|-heal|p1b: Goodra|47\/100\n|move|p2a: In De Nile|Yawn|p1b: Goodra\n|-start|p1b: Goodra|move: Yawn|[of] p2a: In De Nile\n|\n|-weather|none\n|-heal|p1b: Goodra|53\/100|[from] item: Leftovers\n|-damage|p1b: Goodra|40\/100|[from] move: Sand Tomb|[partiallytrapped]\n|-end|p1a: Espathra|move: Yawn|[silent]\n|-status|p1a: Espathra|slp\n|-ability|p1a: Espathra|Speed Boost|boost\n|-boost|p1a: Espathra|spe|1\n|upkeep\n|\n|t:|1697548351\n|switch|p2b: NaCl|Garganacl, M, shiny|100\/100\n|turn|12\n|\n|t:|1697548369\n|move|p2b: NaCl|Protect|p2b: NaCl\n|-singleturn|p2b: NaCl|Protect\n|cant|p1a: Espathra|slp\n|move|p1b: Goodra|Body Press|p2b: NaCl\n|-activate|p2b: NaCl|move: Protect\n|move|p2a: In De Nile|Sand Tomb|p1a: Espathra\n|-damage|p1a: Espathra|53\/100 slp\n|-activate|p1a: Espathra|move: Sand Tomb|[of] p2a: In De Nile\n|\n|-heal|p1b: Goodra|46\/100|[from] item: Leftovers\n|-damage|p1a: Espathra|40\/100 slp|[from] move: Sand Tomb|[partiallytrapped]\n|-damage|p1b: Goodra|34\/100|[from] move: Sand Tomb|[partiallytrapped]\n|-end|p1b: Goodra|move: Yawn|[silent]\n|-status|p1b: Goodra|slp\n|-ability|p1a: Espathra|Speed Boost|boost\n|-boost|p1a: Espathra|spe|1\n|upkeep\n|turn|13\n|\n|t:|1697548388\n|cant|p1a: Espathra|slp\n|cant|p1b: Goodra|slp\n|move|p2a: In De Nile|Iron Head|p1a: Espathra\n|-crit|p1a: Espathra\n|-damage|p1a: Espathra|2\/100 slp\n|move|p2b: NaCl|Salt Cure|p1b: Goodra\n|-resisted|p1b: Goodra\n|-damage|p1b: Goodra|32\/100 slp\n|-start|p1b: Goodra|Salt Cure\n|\n|-heal|p1b: Goodra|38\/100 slp|[from] item: Leftovers\n|-damage|p1a: Espathra|0 fnt|[from] move: Sand Tomb|[partiallytrapped]\n|faint|p1a: Espathra\n|-damage|p1b: Goodra|25\/100 slp|[from] Salt Cure\n|-damage|p1b: Goodra|13\/100 slp|[from] move: Sand Tomb|[partiallytrapped]\n|upkeep\n|\n|t:|1697548399\n|switch|p1a: Ogerpon|Ogerpon-Hearthflame, F|76\/100\n|-damage|p1a: Ogerpon|51\/100|[from] Stealth Rock\n|-ability|p1a: Ogerpon|Mold Breaker\n|turn|14\n|\n|t:|1697548412\n|move|p1a: Ogerpon|Spiky Shield|p1a: Ogerpon\n|-singleturn|p1a: Ogerpon|move: Protect\n|move|p2b: NaCl|Protect|p2b: NaCl\n|-singleturn|p2b: NaCl|Protect\n|-curestatus|p1b: Goodra|slp|[msg]\n|move|p1b: Goodra|Body Press|p2b: NaCl\n|-activate|p2b: NaCl|move: Protect\n|move|p2a: In De Nile|Yawn|p1a: Ogerpon\n|-activate|p1a: Ogerpon|move: Protect\n|\n|-heal|p1b: Goodra|19\/100|[from] item: Leftovers\n|-damage|p1b: Goodra|7\/100|[from] Salt Cure\n|-end|p1b: Goodra|Sand Tomb|[partiallytrapped]\n|upkeep\n|turn|15\n|\n|t:|1697548431\n|switch|p2b: Steel Queen|Tsareena, F|24\/100\n|move|p1a: Ogerpon|Horn Leech|p2a: In De Nile\n|-supereffective|p2a: In De Nile\n|-damage|p2a: In De Nile|38\/100\n|-heal|p1a: Ogerpon|88\/100|[from] drain|[of] p2a: In De Nile\n|-enditem|p2a: In De Nile|Sitrus Berry|[eat]\n|-heal|p2a: In De Nile|63\/100|[from] item: Sitrus Berry\n|move|p1b: Goodra|Life Dew|p1b: Goodra|[spread] p1a,p1b\n|-heal|p1a: Ogerpon|100\/100\n|-heal|p1b: Goodra|32\/100\n|move|p2a: In De Nile|Yawn|p1a: Ogerpon\n|-start|p1a: Ogerpon|move: Yawn|[of] p2a: In De Nile\n|\n|-heal|p1b: Goodra|38\/100|[from] item: Leftovers\n|-damage|p1b: Goodra|25\/100|[from] Salt Cure\n|upkeep\n|turn|16\n|\n|t:|1697548459\n|move|p2b: Steel Queen|Knock Off|p1b: Goodra\n|-resisted|p1b: Goodra\n|-damage|p1b: Goodra|21\/100\n|-enditem|p1b: Goodra|Leftovers|[from] move: Knock Off|[of] p2b: Steel Queen\n|move|p1a: Ogerpon|Horn Leech|p2a: In De Nile\n|-supereffective|p2a: In De Nile\n|-damage|p2a: In De Nile|0 fnt\n|faint|p2a: In De Nile\n|move|p1b: Goodra|Body Press|p2b: Steel Queen\n|-damage|p2b: Steel Queen|0 fnt\n|faint|p2b: Steel Queen\n|\n|-damage|p1b: Goodra|8\/100|[from] Salt Cure\n|-end|p1a: Ogerpon|move: Yawn|[silent]\n|-status|p1a: Ogerpon|slp\n|upkeep\n|inactive|Kalo.munro has 120 seconds left.\n|\n|t:|1697548475\n|switch|p2b: NaCl|Garganacl, M, shiny|100\/100\n|turn|17\n|\n|t:|1697548495\n|cant|p1a: Ogerpon|slp\n|move|p1b: Goodra|Life Dew||[still]|[spread] p1a,p1b\n|-fail|p1a: Ogerpon|heal\n|-heal|p1b: Goodra|33\/100\n|move|p2b: NaCl|Salt Cure|p1a: Ogerpon\n|-supereffective|p1a: Ogerpon\n|-damage|p1a: Ogerpon|66\/100 slp\n|-start|p1a: Ogerpon|Salt Cure\n|\n|-damage|p1a: Ogerpon|54\/100 slp|[from] Salt Cure\n|-damage|p1b: Goodra|21\/100|[from] Salt Cure\n|upkeep\n|turn|18\n|-message|Kalo.munro forfeited.\n|\n|win|cotesmcgotes\n|raw|cotesmcgotes's rating: 1411 &rarr; <strong>1430<\/strong><br \/>(+19 for winning)\n|raw|Kalo.munro's rating: 1402 &rarr; <strong>1383<\/strong><br \/>(-19 for losing)\n|l|\u2606Kalo.munro\n","uploadtime":1697548518,"views":12,"p1id":"cotesmcgotes","p2id":"kalomunro","formatid":"gen9doublesou","rating":1383,"private":0,"password":""}