{"id":"gen9doublesou-1999643528","p1":"lucasmucas","p2":"Khbfgdf","format":"[Gen 9] Doubles OU","log":"|j|\u2606lucasmucas\n|j|\u2606Khbfgdf\n|t:|1701103965\n|gametype|doubles\n|player|p1|lucasmucas|102|1133\n|player|p2|Khbfgdf|1|1099\n|teamsize|p1|6\n|teamsize|p2|6\n|gen|9\n|tier|[Gen 9] Doubles OU\n|rated|\n|rule|Species Clause: Limit one of each Pok\u00e9mon\n|rule|OHKO Clause: OHKO moves are banned\n|rule|Evasion Moves Clause: Evasion moves are banned\n|rule|Gravity Sleep Clause: The combination of sleep-inducing moves with imperfect accuracy and Gravity or Gigantamax Orbeetle are banned\n|rule|Endless Battle Clause: Forcing endless battles is banned\n|rule|HP Percentage Mod: HP is shown in percentages\n|clearpoke\n|poke|p1|Torkoal, M|\n|poke|p1|Volcanion|\n|poke|p1|Ogerpon-Wellspring, F|\n|poke|p1|Glimmora, F|\n|poke|p1|Zapdos|\n|poke|p1|Sinistcha-Masterpiece|\n|poke|p2|Amoonguss, M|\n|poke|p2|Gholdengo|\n|poke|p2|Iron Hands|\n|poke|p2|Ogerpon-Wellspring, F|\n|poke|p2|Ninetales-Alola, F|\n|poke|p2|Tornadus, M|\n|teampreview\n|inactive|Battle timer is ON: inactive players will automatically lose when time's up. (requested by Khbfgdf)\n|\n|t:|1701103975\n|start\n|switch|p1a: Torkoal|Torkoal, M|100\/100\n|switch|p1b: Volcanion|Volcanion|100\/100\n|switch|p2a: Ogerpon|Ogerpon-Wellspring, F|100\/100\n|switch|p2b: Iron Hands|Iron Hands|100\/100\n|-weather|SunnyDay|[from] ability: Drought|[of] p1a: Torkoal\n|turn|1\n|inactive|lucasmucas has 120 seconds left.\n|\n|t:|1701104008\n|-terastallize|p2a: Ogerpon|Water\n|detailschange|p2a: Ogerpon|Ogerpon-Wellspring-Tera, F, tera:Water\n|-ability|p2a: Ogerpon|Embody Aspect (Wellspring)|boost\n|-boost|p2a: Ogerpon|spd|1\n|move|p1b: Volcanion|Protect|p1b: Volcanion\n|-singleturn|p1b: Volcanion|Protect\n|move|p2b: Iron Hands|Fake Out|p1a: Torkoal\n|-damage|p1a: Torkoal|88\/100\n|move|p2a: Ogerpon|Swords Dance|p2a: Ogerpon\n|-boost|p2a: Ogerpon|atk|2\n|cant|p1a: Torkoal|flinch\n|\n|-weather|SunnyDay|[upkeep]\n|-heal|p1a: Torkoal|95\/100|[from] item: Leftovers\n|upkeep\n|turn|2\n|inactive|lucasmucas has 120 seconds left.\n|inactive|Khbfgdf has 120 seconds left.\n|\n|t:|1701104064\n|move|p1a: Torkoal|Protect|p1a: Torkoal\n|-singleturn|p1a: Torkoal|Protect\n|move|p2a: Ogerpon|Ivy Cudgel|p1a: Torkoal|[anim] Ivy Cudgel Water\n|-activate|p1a: Torkoal|move: Protect\n|move|p1b: Volcanion|Steam Eruption|p2b: Iron Hands\n|-damage|p2b: Iron Hands|85\/100\n|move|p2b: Iron Hands|Volt Switch|p2a: Ogerpon\n|-supereffective|p2a: Ogerpon\n|-damage|p2a: Ogerpon|83\/100\n|inactive|Khbfgdf has 90 seconds left.\n|\n|t:|1701104075\n|-end|p2b: Iron Hands|Quark Drive|[silent]\n|switch|p2b: LAW|Ninetales-Alola, F|100\/100|[from] Volt Switch\n|-weather|Snow|[from] ability: Snow Warning|[of] p2b: LAW\n|\n|-weather|Snow|[upkeep]\n|-heal|p1a: Torkoal|100\/100|[from] item: Leftovers\n|upkeep\n|turn|3\n|inactive|Khbfgdf has 90 seconds left.\n|\n|t:|1701104127\n|move|p1b: Volcanion|Protect|p1b: Volcanion\n|-singleturn|p1b: Volcanion|Protect\n|move|p2b: LAW|Aurora Veil|p2b: LAW\n|-sidestart|p2: Khbfgdf|move: Aurora Veil\n|move|p2a: Ogerpon|Horn Leech|p1b: Volcanion\n|-activate|p1b: Volcanion|move: Protect\n|move|p1a: Torkoal|Eruption|p2a: Ogerpon|[spread] p2a,p2b\n|-resisted|p2a: Ogerpon\n|-supereffective|p2b: LAW\n|-damage|p2a: Ogerpon|74\/100\n|-damage|p2b: LAW|44\/100\n|\n|-weather|Snow|[upkeep]\n|upkeep\n|turn|4\n|\n|t:|1701104157\n|switch|p2b: Iron Hands|Iron Hands|85\/100\n|switch|p1b: Glimmora|Glimmora, F|100\/100\n|move|p1a: Torkoal|Protect|p1a: Torkoal\n|-singleturn|p1a: Torkoal|Protect\n|move|p2a: Ogerpon|Horn Leech|p1b: Glimmora\n|-damage|p1b: Glimmora|15\/100\n|-heal|p2a: Ogerpon|100\/100|[from] drain|[of] p1b: Glimmora\n|-activate|p1b: Glimmora|ability: Toxic Debris\n|-sidestart|p2: Khbfgdf|move: Toxic Spikes\n|\n|-weather|Snow|[upkeep]\n|upkeep\n|turn|5\n|inactive|lucasmucas has 120 seconds left.\n|\n|t:|1701104197\n|move|p2a: Ogerpon|Ivy Cudgel|p1a: Torkoal|[anim] Ivy Cudgel Water\n|-supereffective|p1a: Torkoal\n|-damage|p1a: Torkoal|0 fnt\n|faint|p1a: Torkoal\n|move|p1b: Glimmora|Sunny Day|p1b: Glimmora\n|-weather|SunnyDay\n|move|p2b: Iron Hands|Volt Switch|p1b: Glimmora\n|-damage|p1b: Glimmora|0 fnt\n|faint|p1b: Glimmora\n|inactive|Khbfgdf has 60 seconds left.\n|\n|t:|1701104221\n|-end|p2b: Iron Hands|Quark Drive|[silent]\n|switch|p2b: Tornadus|Tornadus, M|100\/100|[from] Volt Switch\n|\n|-weather|SunnyDay|[upkeep]\n|upkeep\n|\n|t:|1701104228\n|switch|p1b: Zapdos|Zapdos|100\/100\n|switch|p1a: Volcanion|Volcanion|100\/100\n|turn|6\n|inactive|lucasmucas has 120 seconds left.\n|\n|t:|1701104254\n|move|p2b: Tornadus|Tailwind|p2b: Tornadus\n|-sidestart|p2: Khbfgdf|move: Tailwind\n|move|p2a: Ogerpon|Ivy Cudgel|p1b: Zapdos|[anim] Ivy Cudgel Water\n|-damage|p1b: Zapdos|8\/100\n|move|p1b: Zapdos|Thunderbolt|p2a: Ogerpon\n|-supereffective|p2a: Ogerpon\n|-damage|p2a: Ogerpon|55\/100\n|move|p1a: Volcanion|Steam Eruption|p2b: Tornadus\n|-damage|p2b: Tornadus|78\/100\n|\n|-weather|SunnyDay|[upkeep]\n|upkeep\n|turn|7\n|\n|t:|1701104273\n|move|p1a: Volcanion|Protect|p1a: Volcanion\n|-singleturn|p1a: Volcanion|Protect\n|move|p2a: Ogerpon|Horn Leech|p1a: Volcanion\n|-activate|p1a: Volcanion|move: Protect\n|move|p2b: Tornadus|Bleakwind Storm|p1a: Volcanion|[spread] p1b\n|-activate|p1a: Volcanion|move: Protect\n|-resisted|p1b: Zapdos\n|-crit|p1b: Zapdos\n|-damage|p1b: Zapdos|0 fnt\n|faint|p1b: Zapdos\n|\n|-weather|SunnyDay|[upkeep]\n|upkeep\n|inactive|lucasmucas has 120 seconds left.\n|\n|t:|1701104288\n|switch|p1b: Ogerpon|Ogerpon-Wellspring, F|100\/100\n|turn|8\n|\n|t:|1701104307\n|move|p1b: Ogerpon|Spiky Shield|p1b: Ogerpon\n|-singleturn|p1b: Ogerpon|move: Protect\n|move|p2a: Ogerpon|Horn Leech|p1b: Ogerpon\n|-activate|p1b: Ogerpon|move: Protect\n|-damage|p2a: Ogerpon|43\/100|[from] Spiky Shield|[of] p1b: Ogerpon\n|move|p2b: Tornadus|Bleakwind Storm|p1b: Ogerpon|[spread] p1a\n|-activate|p1b: Ogerpon|move: Protect\n|-crit|p1a: Volcanion\n|-damage|p1a: Volcanion|44\/100\n|move|p1a: Volcanion|Flamethrower|p2b: Tornadus\n|-damage|p2b: Tornadus|19\/100\n|-enditem|p2b: Tornadus|Sitrus Berry|[eat]\n|-heal|p2b: Tornadus|44\/100|[from] item: Sitrus Berry\n|\n|-weather|SunnyDay|[upkeep]\n|-heal|p1a: Volcanion|50\/100|[from] item: Leftovers\n|upkeep\n|turn|9\n|\n|t:|1701104337\n|move|p1a: Volcanion|Protect|p1a: Volcanion\n|-singleturn|p1a: Volcanion|Protect\n|move|p2a: Ogerpon|Horn Leech|p1b: Ogerpon\n|-damage|p1b: Ogerpon|0 fnt\n|-heal|p2a: Ogerpon|84\/100|[from] drain|[of] p1b: Ogerpon\n|faint|p1b: Ogerpon\n|move|p2b: Tornadus|Bleakwind Storm|p1a: Volcanion\n|-activate|p1a: Volcanion|move: Protect\n|\n|-weather|none\n|-heal|p1a: Volcanion|57\/100|[from] item: Leftovers\n|-sideend|p2: Khbfgdf|move: Tailwind\n|upkeep\n|inactive|lucasmucas has 120 seconds left.\n|\n|t:|1701104350\n|switch|p1b: Sinistcha|Sinistcha-Masterpiece|100\/100\n|-heal|p1a: Volcanion|82\/100|[from] ability: Hospitality|[of] p1b: Sinistcha\n|turn|10\n|\n|t:|1701104359\n|move|p2a: Ogerpon|Horn Leech|p1a: Volcanion\n|-damage|p1a: Volcanion|11\/100\n|-heal|p2a: Ogerpon|100\/100|[from] drain|[of] p1a: Volcanion\n|move|p2b: Tornadus|Bleakwind Storm|p1a: Volcanion|[spread] p1a,p1b\n|-supereffective|p1b: Sinistcha\n|-damage|p1a: Volcanion|0 fnt\n|-damage|p1b: Sinistcha|20\/100\n|-enditem|p1b: Sinistcha|Aguav Berry|[eat]\n|-heal|p1b: Sinistcha|53\/100|[from] item: Aguav Berry\n|faint|p1a: Volcanion\n|move|p1b: Sinistcha|Matcha Gotcha|p2b: Tornadus|[spread] p2a\n|-miss|p1b: Sinistcha|p2b: Tornadus\n|-supereffective|p2a: Ogerpon\n|-damage|p2a: Ogerpon|81\/100\n|-heal|p1b: Sinistcha|64\/100|[from] drain|[of] p2a: Ogerpon\n|\n|-sideend|p2: Khbfgdf|move: Aurora Veil\n|upkeep\n|turn|11\n|\n|t:|1701104380\n|-terastallize|p1b: Sinistcha|Grass\n|move|p2a: Ogerpon|Ivy Cudgel|p1b: Sinistcha|[anim] Ivy Cudgel Water\n|-resisted|p1b: Sinistcha\n|-damage|p1b: Sinistcha|13\/100\n|move|p2b: Tornadus|Bleakwind Storm|p1b: Sinistcha\n|-supereffective|p1b: Sinistcha\n|-damage|p1b: Sinistcha|0 fnt\n|faint|p1b: Sinistcha\n|\n|win|Khbfgdf\n|raw|lucasmucas's rating: 1133 &rarr; <strong>1106<\/strong><br \/>(-27 for losing)\n|raw|Khbfgdf's rating: 1099 &rarr; <strong>1127<\/strong><br \/>(+28 for winning)\n","uploadtime":1701104397,"views":40,"p1id":"lucasmucas","p2id":"khbfgdf","formatid":"gen9doublesou","rating":1106,"private":0,"password":""}