{"id":"gen9doublesou-1984137078","p1":"LaPollaQueTeApoya","p2":"Trabaguana123","format":"[Gen 9] Doubles OU","log":"|j|\u2606LaPollaQueTeApoya\n|j|\u2606Trabaguana123\n|t:|1699222541\n|gametype|doubles\n|player|p1|LaPollaQueTeApoya|hiker-gen4|1668\n|player|p2|Trabaguana123|shadowtriad|1663\n|teamsize|p1|6\n|teamsize|p2|6\n|gen|9\n|tier|[Gen 9] Doubles OU\n|rated|\n|rule|Species Clause: Limit one of each Pok\u00e9mon\n|rule|OHKO Clause: OHKO moves are banned\n|rule|Evasion Moves Clause: Evasion moves are banned\n|rule|Gravity Sleep Clause: The combination of sleep-inducing moves with imperfect accuracy and Gravity or Gigantamax Orbeetle are banned\n|rule|Endless Battle Clause: Forcing endless battles is banned\n|rule|HP Percentage Mod: HP is shown in percentages\n|clearpoke\n|poke|p1|Moltres-Galar|\n|poke|p1|Armarouge, M|\n|poke|p1|Iron Hands|\n|poke|p1|Indeedee-F, F|\n|poke|p1|Gyarados, M|\n|poke|p1|Okidogi, M|\n|poke|p2|Gholdengo|\n|poke|p2|Murkrow, F|\n|poke|p2|Flutter Mane|\n|poke|p2|Iron Hands|\n|poke|p2|Garchomp, F|\n|poke|p2|Chi-Yu|\n|teampreview\n|inactive|Battle timer is ON: inactive players will automatically lose when time's up. (requested by LaPollaQueTeApoya)\n|j| rocrov\n|\n|t:|1699222567\n|start\n|switch|p1a: Moltres|Moltres-Galar|100\/100\n|switch|p1b: Iron Hands|Iron Hands|100\/100\n|switch|p2a: Flutter Mane|Flutter Mane|100\/100\n|switch|p2b: Chi-Yu|Chi-Yu|100\/100\n|-ability|p2b: Chi-Yu|Beads of Ruin\n|turn|1\n|l| rocrov\n|\n|t:|1699222588\n|-terastallize|p2b: Chi-Yu|Ghost\n|move|p1b: Iron Hands|Fake Out|p2b: Chi-Yu\n|-immune|p2b: Chi-Yu\n|move|p2b: Chi-Yu|Heat Wave|p1a: Moltres|[spread] p1a,p1b\n|-damage|p1a: Moltres|55\/100\n|-damage|p1b: Iron Hands|73\/100\n|move|p2a: Flutter Mane|Dazzling Gleam|p1b: Iron Hands|[spread] p1a,p1b\n|-supereffective|p1a: Moltres\n|-supereffective|p1b: Iron Hands\n|-damage|p1a: Moltres|0 fnt\n|-damage|p1b: Iron Hands|11\/100\n|faint|p1a: Moltres\n|-damage|p2a: Flutter Mane|91\/100|[from] item: Life Orb\n|\n|upkeep\n|inactive|LaPollaQueTeApoya has 120 seconds left.\n|\n|t:|1699222624\n|switch|p1a: Indeedee|Indeedee-F, F|100\/100\n|-fieldstart|move: Psychic Terrain|[from] ability: Psychic Surge|[of] p1a: Indeedee\n|turn|2\n|inactive|LaPollaQueTeApoya has 120 seconds left.\n|\n|t:|1699222644\n|move|p2b: Chi-Yu|Heat Wave|p1b: Iron Hands|[spread] p1a,p1b\n|-damage|p1a: Indeedee|61\/100\n|-damage|p1b: Iron Hands|0 fnt\n|faint|p1b: Iron Hands\n|-end|p1b: Iron Hands|Quark Drive|[silent]\n|move|p2a: Flutter Mane|Dazzling Gleam|p1a: Indeedee\n|-damage|p1a: Indeedee|8\/100\n|-enditem|p1a: Indeedee|Wiki Berry|[eat]\n|-heal|p1a: Indeedee|41\/100|[from] item: Wiki Berry\n|-damage|p2a: Flutter Mane|81\/100|[from] item: Life Orb\n|move|p1a: Indeedee|Psychic|p2a: Flutter Mane\n|-damage|p2a: Flutter Mane|36\/100\n|\n|upkeep\n|\n|t:|1699222650\n|switch|p1b: Armarouge|Armarouge, M|100\/100\n|turn|3\n|inactive|LaPollaQueTeApoya has 120 seconds left.\n|\n|t:|1699222663\n|move|p1a: Indeedee|Follow Me|p1a: Indeedee\n|-singleturn|p1a: Indeedee|move: Follow Me\n|move|p2b: Chi-Yu|Heat Wave|p1b: Armarouge|[spread] p1a\n|-start|p1b: Armarouge|ability: Flash Fire\n|-damage|p1a: Indeedee|1\/100\n|move|p2a: Flutter Mane|Shadow Ball|p1a: Indeedee\n|-immune|p1a: Indeedee\n|move|p1b: Armarouge|Expanding Force|p2b: Chi-Yu|[spread] p2a,p2b\n|-damage|p2a: Flutter Mane|0 fnt\n|-damage|p2b: Chi-Yu|20\/100\n|faint|p2a: Flutter Mane\n|-end|p2a: Flutter Mane|Protosynthesis|[silent]\n|\n|upkeep\n|\n|t:|1699222677\n|switch|p2a: Garchomp|Garchomp, F|100\/100\n|turn|4\n|\n|t:|1699222699\n|switch|p2b: Murkrow|Murkrow, F|100\/100\n|switch|p1a: Gyarados|Gyarados, M|100\/100\n|-ability|p1a: Gyarados|Intimidate|boost\n|-unboost|p2a: Garchomp|atk|1\n|-unboost|p2b: Murkrow|atk|1\n|-terastallize|p1b: Armarouge|Grass\n|move|p2a: Garchomp|Rock Slide|p1a: Gyarados|[spread] p1a,p1b\n|-supereffective|p1a: Gyarados\n|-damage|p1a: Gyarados|72\/100\n|-damage|p1b: Armarouge|89\/100\n|move|p1b: Armarouge|Expanding Force|p2b: Murkrow|[spread] p2a\n|-immune|p2b: Murkrow\n|-damage|p2a: Garchomp|23\/100\n|\n|upkeep\n|turn|5\n|inactive|LaPollaQueTeApoya has 120 seconds left.\n|\n|t:|1699222737\n|move|p1b: Armarouge|Wide Guard|p1b: Armarouge\n|-singleturn|p1b: Armarouge|Wide Guard\n|move|p2b: Murkrow|Thunder Wave|p1a: Gyarados\n|-status|p1a: Gyarados|par\n|move|p2a: Garchomp|Rock Slide|p1b: Armarouge|[spread] \n|-activate|p1a: Gyarados|move: Wide Guard\n|-activate|p1b: Armarouge|move: Wide Guard\n|move|p1a: Gyarados|Waterfall|p2b: Murkrow\n|-damage|p2b: Murkrow|50\/100\n|\n|upkeep\n|turn|6\n|\n|t:|1699222756\n|switch|p1a: Okidogi|Okidogi, M|100\/100\n|move|p2b: Murkrow|Haze|p2b: Murkrow\n|-clearallboost\n|move|p2a: Garchomp|Rock Slide|p1b: Armarouge|[spread] p1a\n|-miss|p2a: Garchomp|p1b: Armarouge\n|-resisted|p1a: Okidogi\n|-damage|p1a: Okidogi|92\/100\n|move|p1b: Armarouge|Heat Wave|p2b: Murkrow|[spread] p2a,p2b\n|-resisted|p2a: Garchomp\n|-crit|p2b: Murkrow\n|-damage|p2a: Garchomp|0 fnt\n|-damage|p2b: Murkrow|0 fnt\n|faint|p2a: Garchomp\n|faint|p2b: Murkrow\n|\n|-fieldend|move: Psychic Terrain\n|upkeep\n|\n|t:|1699222776\n|switch|p2a: Gholdengo|Gholdengo|100\/100\n|switch|p2b: Chi-Yu|Chi-Yu, tera:Ghost|20\/100\n|-ability|p2b: Chi-Yu|Beads of Ruin\n|turn|7\n|inactive|LaPollaQueTeApoya has 120 seconds left.\n|\n|t:|1699222820\n|-end|p1b: Armarouge|ability: Flash Fire|[silent]\n|switch|p1b: Indeedee|Indeedee-F, F|1\/100\n|-fieldstart|move: Psychic Terrain|[from] ability: Psychic Surge|[of] p1b: Indeedee\n|move|p2b: Chi-Yu|Psychic|p1a: Okidogi\n|-supereffective|p1a: Okidogi\n|-damage|p1a: Okidogi|0 fnt\n|faint|p1a: Okidogi\n|move|p2a: Gholdengo|Shadow Ball|p1b: Indeedee\n|-immune|p1b: Indeedee\n|\n|upkeep\n|\n|t:|1699222835\n|switch|p1a: Armarouge|Armarouge, M, tera:Grass|89\/100\n|turn|8\n|inactive|LaPollaQueTeApoya has 120 seconds left.\n|\n|t:|1699222852\n|move|p1b: Indeedee|Follow Me|p1b: Indeedee\n|-singleturn|p1b: Indeedee|move: Follow Me\n|move|p2b: Chi-Yu|Psychic|p1b: Indeedee\n|-resisted|p1b: Indeedee\n|-damage|p1b: Indeedee|0 fnt\n|faint|p1b: Indeedee\n|move|p2a: Gholdengo|Make It Rain|p1a: Armarouge\n|-damage|p1a: Armarouge|8\/100\n|-unboost|p2a: Gholdengo|spa|1\n|move|p1a: Armarouge|Heat Wave|p2a: Gholdengo|[spread] p2a,p2b\n|-supereffective|p2a: Gholdengo\n|-damage|p2a: Gholdengo|0 fnt\n|-damage|p2b: Chi-Yu|0 fnt\n|faint|p2a: Gholdengo\n|faint|p2b: Chi-Yu\n|\n|upkeep\n|\n|t:|1699222866\n|switch|p2b: Iron Hands|Iron Hands|100\/100\n|switch|p1b: Gyarados|Gyarados, M|72\/100 par\n|-ability|p1b: Gyarados|Intimidate|boost\n|-unboost|p2b: Iron Hands|atk|1\n|turn|9\n|\n|t:|1699222875\n|move|p1a: Armarouge|Expanding Force|p2b: Iron Hands\n|-supereffective|p2b: Iron Hands\n|-damage|p2b: Iron Hands|0 fnt\n|faint|p2b: Iron Hands\n|-end|p2b: Iron Hands|Quark Drive|[silent]\n|\n|win|LaPollaQueTeApoya\n|raw|LaPollaQueTeApoya's rating: 1668 &rarr; <strong>1688<\/strong><br \/>(+20 for winning)\n|raw|Trabaguana123's rating: 1663 &rarr; <strong>1643<\/strong><br \/>(-20 for losing)\n|l|\u2606Trabaguana123\n","uploadtime":1699222888,"views":7,"p1id":"lapollaqueteapoya","p2id":"trabaguana123","formatid":"gen9doublesou","rating":1643,"private":0,"password":""}