{"id":"gen9doublesou-1992488685","p1":"vegetasfeet","p2":"HenrYeet69","format":"[Gen 9] Doubles OU","log":"|j|\u2606vegetasfeet\n|j|\u2606HenrYeet69\n|t:|1700193963\n|gametype|doubles\n|player|p1|vegetasfeet|brycen|1182\n|player|p2|HenrYeet69|harlequin|1183\n|teamsize|p1|6\n|teamsize|p2|6\n|gen|9\n|tier|[Gen 9] Doubles OU\n|rated|\n|rule|Species Clause: Limit one of each Pok\u00e9mon\n|rule|OHKO Clause: OHKO moves are banned\n|rule|Evasion Moves Clause: Evasion moves are banned\n|rule|Gravity Sleep Clause: The combination of sleep-inducing moves with imperfect accuracy and Gravity or Gigantamax Orbeetle are banned\n|rule|Endless Battle Clause: Forcing endless battles is banned\n|rule|HP Percentage Mod: HP is shown in percentages\n|clearpoke\n|poke|p1|Rillaboom, F|\n|poke|p1|Pelipper, M|\n|poke|p1|Tornadus, M|\n|poke|p1|Flutter Mane|\n|poke|p1|Iron Bundle|\n|poke|p1|Goodra-Hisui, F|\n|poke|p2|Indeedee-F, F|\n|poke|p2|Armarouge, M|\n|poke|p2|Slowbro-Galar, F|\n|poke|p2|Tyranitar, F|\n|poke|p2|Slowking-Galar, F|\n|poke|p2|Amoonguss, M|\n|teampreview\n|inactive|Battle timer is ON: inactive players will automatically lose when time's up. (requested by HenrYeet69)\n|inactive|vegetasfeet also wants the timer to be on.\n|\n|t:|1700193967\n|start\n|switch|p1a: Pelipper|Pelipper, M, shiny|100\/100\n|switch|p1b: Rillaboom|Rillaboom, F, shiny|100\/100\n|switch|p2a: Indeedee|Indeedee-F, F|100\/100\n|switch|p2b: Amoonguss|Amoonguss, M|100\/100\n|-fieldstart|move: Grassy Terrain|[from] ability: Grassy Surge|[of] p1b: Rillaboom\n|-weather|RainDance|[from] ability: Drizzle|[of] p1a: Pelipper\n|-fieldstart|move: Psychic Terrain|[from] ability: Psychic Surge|[of] p2a: Indeedee\n|turn|1\n|\n|t:|1700193993\n|switch|p1a: James Murray|Goodra-Hisui, F, shiny|100\/100\n|move|p1b: Rillaboom|U-turn|p2a: Indeedee\n|-supereffective|p2a: Indeedee\n|-damage|p2a: Indeedee|46\/100\n|inactive|vegetasfeet has 120 seconds left.\n|\n|t:|1700194019\n|switch|p1b: Tornadus|Tornadus, M, shiny|100\/100|[from] U-turn\n|move|p2b: Amoonguss|Sludge Bomb|p1b: Tornadus\n|-crit|p1b: Tornadus\n|-damage|p1b: Tornadus|40\/100\n|move|p2a: Indeedee|Trick Room|p2a: Indeedee\n|-fieldstart|move: Trick Room|[of] p2a: Indeedee\n|\n|-weather|RainDance|[upkeep]\n|upkeep\n|turn|2\n|inactive|vegetasfeet has 120 seconds left.\n|\n|t:|1700194046\n|move|p1b: Tornadus|Taunt|p2a: Indeedee\n|-activate|p2a: Indeedee|move: Psychic Terrain\n|move|p2b: Amoonguss|Spore|p1a: James Murray\n|-ability|p1a: James Murray|Sap Sipper|boost\n|-boost|p1a: James Murray|atk|1\n|move|p1a: James Murray|Life Dew||[still]|[spread] p1a,p1b\n|-fail|p1a: James Murray|heal\n|-heal|p1b: Tornadus|65\/100\n|move|p2a: Indeedee|Psychic|p1b: Tornadus\n|-damage|p1b: Tornadus|6\/100\n|\n|-weather|RainDance|[upkeep]\n|upkeep\n|turn|3\n|inactive|vegetasfeet has 120 seconds left.\n|\n|t:|1700194072\n|switch|p2a: Armarouge|Armarouge, M|100\/100\n|move|p2b: Amoonguss|Sludge Bomb|p1b: Tornadus\n|-damage|p1b: Tornadus|0 fnt\n|faint|p1b: Tornadus\n|move|p1a: James Murray|Dragon Tail|p2a: Armarouge\n|-damage|p2a: Armarouge|70\/100\n|drag|p2a: Slowbro|Slowbro-Galar, F|100\/100\n|\n|-weather|RainDance|[upkeep]\n|upkeep\n|inactive|vegetasfeet has 120 seconds left.\n|\n|t:|1700194086\n|switch|p1b: Iron Bundle|Iron Bundle, shiny|100\/100\n|-enditem|p1b: Iron Bundle|Booster Energy\n|-activate|p1b: Iron Bundle|ability: Quark Drive|[fromitem]\n|-start|p1b: Iron Bundle|quarkdrivespe\n|turn|4\n|inactive|vegetasfeet has 120 seconds left.\n|inactive|HenrYeet69 has 120 seconds left.\n|\n|t:|1700194117\n|move|p2b: Amoonguss|Giga Drain|p1a: James Murray\n|-ability|p1a: James Murray|Sap Sipper|boost\n|-boost|p1a: James Murray|atk|1\n|move|p2a: Slowbro|Psychic|p1b: Iron Bundle\n|-damage|p1b: Iron Bundle|17\/100\n|move|p1a: James Murray|Acid Armor|p1a: James Murray\n|-boost|p1a: James Murray|def|2\n|move|p1b: Iron Bundle|Ice Beam|p2b: Amoonguss\n|-supereffective|p2b: Amoonguss\n|-damage|p2b: Amoonguss|22\/100\n|\n|-weather|RainDance|[upkeep]\n|-heal|p2b: Amoonguss|28\/100|[from] item: Leftovers\n|upkeep\n|turn|5\n|\n|t:|1700194139\n|switch|p2b: Indeedee|Indeedee-F, F|46\/100\n|-end|p1b: Iron Bundle|Quark Drive|[silent]\n|switch|p1b: Rillaboom|Rillaboom, F, shiny|100\/100\n|-fieldstart|move: Grassy Terrain|[from] ability: Grassy Surge|[of] p1b: Rillaboom\n|move|p2a: Slowbro|Psychic|p1b: Rillaboom\n|-damage|p1b: Rillaboom|75\/100\n|move|p1a: James Murray|Dragon Tail|p2a: Slowbro\n|-damage|p2a: Slowbro|56\/100\n|drag|p2a: Amoonguss|Amoonguss, M|61\/100\n|\n|-weather|RainDance|[upkeep]\n|-heal|p2a: Amoonguss|67\/100|[from] Grassy Terrain\n|-heal|p2a: Amoonguss|73\/100|[from] item: Leftovers\n|-heal|p2b: Indeedee|52\/100|[from] Grassy Terrain\n|-heal|p1b: Rillaboom|81\/100|[from] Grassy Terrain\n|-fieldend|move: Trick Room\n|upkeep\n|turn|6\n|\n|t:|1700194169\n|move|p2a: Amoonguss|Rage Powder|p2a: Amoonguss\n|-singleturn|p2a: Amoonguss|move: Rage Powder\n|move|p1b: Rillaboom|U-turn|p2a: Amoonguss\n|-damage|p2a: Amoonguss|50\/100\n|inactive|vegetasfeet has 120 seconds left.\n|\n|t:|1700194179\n|switch|p1b: Pelipper|Pelipper, M, shiny|100\/100|[from] U-turn\n|move|p1a: James Murray|Dragon Tail|p2a: Amoonguss\n|-damage|p2a: Amoonguss|10\/100\n|drag|p2a: Slowbro|Slowbro-Galar, F|56\/100\n|move|p2b: Indeedee|Trick Room|p2b: Indeedee\n|-fieldstart|move: Trick Room|[of] p2b: Indeedee\n|\n|-weather|RainDance|[upkeep]\n|-heal|p2a: Slowbro|62\/100|[from] Grassy Terrain\n|-heal|p2b: Indeedee|59\/100|[from] Grassy Terrain\n|upkeep\n|turn|7\n|-activate|p2a: Slowbro|item: Quick Claw\n|\n|t:|1700194202\n|move|p2a: Slowbro|Psychic|p1a: James Murray\n|-resisted|p1a: James Murray\n|-damage|p1a: James Murray|88\/100\n|move|p1a: James Murray|Body Press|p2b: Indeedee\n|-damage|p2b: Indeedee|8\/100\n|move|p2b: Indeedee|Hyper Voice|p1b: Pelipper|[spread] p1a,p1b\n|-resisted|p1a: James Murray\n|-damage|p1a: James Murray|77\/100\n|-damage|p1b: Pelipper|64\/100\n|move|p1b: Pelipper|Knock Off|p2a: Slowbro\n|-supereffective|p2a: Slowbro\n|-damage|p2a: Slowbro|38\/100\n|-enditem|p2a: Slowbro|Quick Claw|[from] move: Knock Off|[of] p1b: Pelipper\n|\n|-weather|RainDance|[upkeep]\n|-heal|p2a: Slowbro|44\/100|[from] Grassy Terrain\n|-heal|p1a: James Murray|83\/100|[from] Grassy Terrain\n|-heal|p2b: Indeedee|14\/100|[from] Grassy Terrain\n|upkeep\n|turn|8\n|\n|t:|1700194228\n|switch|p2b: Armarouge|Armarouge, M|70\/100\n|move|p2a: Slowbro|Psychic|p1b: Pelipper\n|-damage|p1b: Pelipper|11\/100\n|-unboost|p1b: Pelipper|spd|1\n|move|p1a: James Murray|Body Press|p2b: Armarouge\n|-resisted|p2b: Armarouge\n|-damage|p2b: Armarouge|49\/100\n|move|p1b: Pelipper|Hurricane|p2a: Slowbro\n|-damage|p2a: Slowbro|6\/100\n|\n|-weather|none\n|-heal|p2a: Slowbro|12\/100|[from] Grassy Terrain\n|-heal|p2b: Armarouge|55\/100|[from] Grassy Terrain\n|-heal|p1a: James Murray|89\/100|[from] Grassy Terrain\n|upkeep\n|turn|9\n|-activate|p2a: Slowbro|ability: Quick Draw\n|\n|t:|1700194250\n|move|p1b: Pelipper|Protect|p1b: Pelipper\n|-singleturn|p1b: Pelipper|Protect\n|move|p2a: Slowbro|Psychic|p1b: Pelipper\n|-activate|p1b: Pelipper|move: Protect\n|move|p2b: Armarouge|Aura Sphere|p1a: James Murray\n|-supereffective|p1a: James Murray\n|-damage|p1a: James Murray|47\/100\n|move|p1a: James Murray|Dragon Tail|p2b: Armarouge\n|-damage|p2b: Armarouge|11\/100\n|drag|p2b: Slowking|Slowking-Galar, F|100\/100\n|\n|-heal|p2a: Slowbro|18\/100|[from] Grassy Terrain\n|-heal|p1a: James Murray|53\/100|[from] Grassy Terrain\n|-fieldend|move: Grassy Terrain\n|upkeep\n|turn|10\n|-activate|p2a: Slowbro|ability: Quick Draw\n|\n|t:|1700194273\n|switch|p1b: Rillaboom|Rillaboom, F, shiny|81\/100\n|-fieldstart|move: Grassy Terrain|[from] ability: Grassy Surge|[of] p1b: Rillaboom\n|move|p2a: Slowbro|Sludge Bomb|p1b: Rillaboom\n|-supereffective|p1b: Rillaboom\n|-damage|p1b: Rillaboom|29\/100\n|move|p2b: Slowking|Future Sight|p1a: James Murray\n|-start|p2b: Slowking|move: Future Sight\n|move|p1a: James Murray|Life Dew|p1a: James Murray|[spread] p1a,p1b\n|-heal|p1a: James Murray|78\/100\n|-heal|p1b: Rillaboom|54\/100\n|\n|-heal|p2a: Slowbro|24\/100|[from] Grassy Terrain\n|-heal|p1a: James Murray|84\/100|[from] Grassy Terrain\n|-heal|p1b: Rillaboom|60\/100|[from] Grassy Terrain\n|-fieldend|move: Trick Room\n|upkeep\n|turn|11\n|inactive|vegetasfeet has 120 seconds left.\n|\n|t:|1700194309\n|move|p1b: Rillaboom|U-turn|p2a: Slowbro\n|-damage|p2a: Slowbro|3\/100\n|\n|t:|1700194313\n|switch|p1b: Pelipper|Pelipper, M, shiny|11\/100|[from] U-turn\n|-weather|RainDance|[from] ability: Drizzle|[of] p1b: Pelipper\n|move|p2b: Slowking|Sludge Bomb|p1b: Pelipper\n|-damage|p1b: Pelipper|0 fnt\n|faint|p1b: Pelipper\n|-damage|p2b: Slowking|90\/100|[from] item: Life Orb\n|move|p2a: Slowbro|Sludge Bomb|p1a: James Murray\n|-immune|p1a: James Murray\n|move|p1a: James Murray|Dragon Tail|p2b: Slowking\n|-damage|p2b: Slowking|53\/100\n|drag|p2b: Amoonguss|Amoonguss, M|43\/100\n|\n|-weather|RainDance|[upkeep]\n|-heal|p1a: James Murray|90\/100|[from] Grassy Terrain\n|-heal|p2b: Amoonguss|49\/100|[from] Grassy Terrain\n|-heal|p2a: Slowbro|9\/100|[from] Grassy Terrain\n|-heal|p2b: Amoonguss|55\/100|[from] item: Leftovers\n|upkeep\n|inactive|vegetasfeet has 120 seconds left.\n|\n|t:|1700194336\n|switch|p1b: Rillaboom|Rillaboom, F, shiny|60\/100\n|turn|12\n|inactive|vegetasfeet has 120 seconds left.\n|\n|t:|1700194351\n|move|p1b: Rillaboom|Grassy Glide|p2a: Slowbro\n|-resisted|p2a: Slowbro\n|-damage|p2a: Slowbro|0 fnt\n|faint|p2a: Slowbro\n|move|p2b: Amoonguss|Sludge Bomb|p1b: Rillaboom\n|-supereffective|p1b: Rillaboom\n|-damage|p1b: Rillaboom|9\/100\n|move|p1a: James Murray|Dragon Tail|p2b: Amoonguss\n|-damage|p2b: Amoonguss|12\/100\n|drag|p2b: Tyranitar|Tyranitar, F|100\/100\n|-weather|Sandstorm|[from] ability: Sand Stream|[of] p2b: Tyranitar\n|\n|-weather|Sandstorm|[upkeep]\n|-damage|p1b: Rillaboom|3\/100|[from] Sandstorm\n|-end|p1a: James Murray|move: Future Sight\n|-resisted|p1a: James Murray\n|-damage|p1a: James Murray|68\/100\n|-heal|p1b: Rillaboom|9\/100|[from] Grassy Terrain\n|-heal|p1a: James Murray|74\/100|[from] Grassy Terrain\n|upkeep\n|\n|t:|1700194372\n|switch|p2a: Armarouge|Armarouge, M|11\/100\n|turn|13\n|inactive|vegetasfeet has 120 seconds left.\n|\n|t:|1700194405\n|move|p1b: Rillaboom|Grassy Glide|p2a: Armarouge\n|-resisted|p2a: Armarouge\n|-damage|p2a: Armarouge|0 fnt\n|faint|p2a: Armarouge\n|move|p1a: James Murray|Body Press|p2b: Tyranitar\n|-supereffective|p2b: Tyranitar\n|-crit|p2b: Tyranitar\n|-damage|p2b: Tyranitar|0 fnt\n|faint|p2b: Tyranitar\n|\n|-weather|Sandstorm|[upkeep]\n|-damage|p1b: Rillaboom|3\/100|[from] Sandstorm\n|-heal|p1b: Rillaboom|9\/100|[from] Grassy Terrain\n|-heal|p1a: James Murray|80\/100|[from] Grassy Terrain\n|upkeep\n|\n|t:|1700194420\n|switch|p2a: Indeedee|Indeedee-F, F|14\/100\n|switch|p2b: Slowking|Slowking-Galar, F|86\/100\n|-fieldstart|move: Psychic Terrain|[from] ability: Psychic Surge|[of] p2a: Indeedee\n|turn|14\n|-message|HenrYeet69 forfeited.\n|\n|win|vegetasfeet\n|raw|vegetasfeet's rating: 1182 &rarr; <strong>1207<\/strong><br \/>(+25 for winning)\n|raw|HenrYeet69's rating: 1183 &rarr; <strong>1158<\/strong><br \/>(-25 for losing)\n|l|\u2606HenrYeet69\n","uploadtime":1700194435,"views":20,"p1id":"vegetasfeet","p2id":"henryeet69","formatid":"gen9doublesou","rating":1158,"private":0,"password":""}