{"id":"gen9doublesou-1985700023","p1":"mdaley229","p2":"uwu2114","format":"[Gen 9] Doubles OU","log":"|j|\u2606mdaley229\n|j|\u2606uwu2114\n|t:|1699397048\n|gametype|doubles\n|player|p1|mdaley229|102|1051\n|player|p2|uwu2114|2|1000\n|teamsize|p1|6\n|teamsize|p2|6\n|gen|9\n|tier|[Gen 9] Doubles OU\n|rated|\n|rule|Species Clause: Limit one of each Pok\u00e9mon\n|rule|OHKO Clause: OHKO moves are banned\n|rule|Evasion Moves Clause: Evasion moves are banned\n|rule|Gravity Sleep Clause: The combination of sleep-inducing moves with imperfect accuracy and Gravity or Gigantamax Orbeetle are banned\n|rule|Endless Battle Clause: Forcing endless battles is banned\n|rule|HP Percentage Mod: HP is shown in percentages\n|clearpoke\n|poke|p1|Sinistcha|\n|poke|p1|Arcanine-Hisui, F|\n|poke|p1|Landorus-Therian, M|\n|poke|p1|Slowking-Galar, F|\n|poke|p1|Grimmsnarl, M|\n|poke|p1|Gholdengo|\n|poke|p2|Oranguru, M|\n|poke|p2|Ogerpon-Cornerstone, F|\n|poke|p2|Chandelure, M|\n|poke|p2|Banette, F|\n|poke|p2|Kommo-o, F|\n|poke|p2|Frosmoth, F|\n|teampreview\n|\n|t:|1699397079\n|start\n|switch|p1a: Slowking|Slowking-Galar, F|100\/100\n|switch|p1b: Arcanine|Arcanine-Hisui, F|100\/100\n|switch|p2a: Frosmoth|Frosmoth, F|100\/100\n|switch|p2b: Oranguru|Oranguru, M|100\/100\n|-ability|p1b: Arcanine|Intimidate|boost\n|-unboost|p2a: Frosmoth|atk|1\n|-unboost|p2b: Oranguru|atk|1\n|turn|1\n|\n|t:|1699397126\n|move|p1b: Arcanine|Protect|p1b: Arcanine\n|-singleturn|p1b: Arcanine|Protect\n|move|p2a: Frosmoth|Ice Spinner|p1b: Arcanine\n|-activate|p1b: Arcanine|move: Protect\n|move|p2b: Oranguru|Bulldoze|p1b: Arcanine|[spread] p2a,p1a\n|-activate|p1b: Arcanine|move: Protect\n|-resisted|p2a: Frosmoth\n|-supereffective|p1a: Slowking\n|-damage|p2a: Frosmoth|95\/100\n|-damage|p1a: Slowking|87\/100\n|-unboost|p1a: Slowking|spe|1\n|move|p1a: Slowking|Toxic|p2b: Oranguru\n|-status|p2b: Oranguru|tox\n|\n|-heal|p1a: Slowking|93\/100|[from] item: Leftovers\n|-damage|p2b: Oranguru|94\/100 tox|[from] psn\n|-status|p2a: Frosmoth|brn|[from] item: Flame Orb\n|upkeep\n|turn|2\n|\n|t:|1699397152\n|move|p1b: Arcanine|Flame Charge|p2a: Frosmoth\n|-supereffective|p2a: Frosmoth\n|-damage|p2a: Frosmoth|0 fnt\n|-boost|p1b: Arcanine|spe|1\n|faint|p2a: Frosmoth\n|move|p2b: Oranguru|Bulldoze|p1b: Arcanine|[spread] p1a,p1b\n|-supereffective|p1a: Slowking\n|-supereffective|p1b: Arcanine\n|-crit|p1b: Arcanine\n|-damage|p1a: Slowking|79\/100\n|-damage|p1b: Arcanine|44\/100\n|-unboost|p1a: Slowking|spe|1\n|-unboost|p1b: Arcanine|spe|1\n|move|p1a: Slowking|Nasty Plot|p1a: Slowking\n|-boost|p1a: Slowking|spa|2\n|\n|-heal|p1a: Slowking|85\/100|[from] item: Leftovers\n|-damage|p2b: Oranguru|82\/100 tox|[from] psn\n|upkeep\n|\n|t:|1699397173\n|switch|p2a: Chandelure|Chandelure, M|100\/100\n|turn|3\n|\n|t:|1699397196\n|switch|p1a: Landorus|Landorus-Therian, M|100\/100\n|-ability|p1a: Landorus|Intimidate|boost\n|-unboost|p2a: Chandelure|atk|1\n|-unboost|p2b: Oranguru|atk|1\n|-terastallize|p1b: Arcanine|Normal\n|move|p1b: Arcanine|Protect|p1b: Arcanine\n|-singleturn|p1b: Arcanine|Protect\n|move|p2a: Chandelure|Clear Smog|p1a: Landorus\n|-resisted|p1a: Landorus\n|-damage|p1a: Landorus|89\/100\n|-clearboost|p1a: Landorus\n|move|p2b: Oranguru|Bulldoze|p1b: Arcanine|[spread] p2a\n|-activate|p1b: Arcanine|move: Protect\n|-immune|p1a: Landorus\n|-supereffective|p2a: Chandelure\n|-damage|p2a: Chandelure|86\/100\n|-unboost|p2a: Chandelure|spe|1\n|-enditem|p2a: Chandelure|Eject Button\n|\n|t:|1699397229\n|switch|p2a: Kommo-o|Kommo-o, F|100\/100\n|\n|-damage|p2b: Oranguru|63\/100 tox|[from] psn\n|upkeep\n|turn|4\n|\n|t:|1699397245\n|move|p1b: Arcanine|Extreme Speed|p2a: Kommo-o\n|-crit|p2a: Kommo-o\n|-damage|p2a: Kommo-o|30\/100\n|move|p1a: Landorus|U-turn|p2b: Oranguru\n|-supereffective|p2b: Oranguru\n|-damage|p2b: Oranguru|5\/100 tox\n|-enditem|p2b: Oranguru|Eject Button\n|\n|t:|1699397259\n|switch|p2b: Ogerpon|Ogerpon-Cornerstone, F|100\/100\n|move|p2a: Kommo-o|Body Press|p1b: Arcanine\n|-supereffective|p1b: Arcanine\n|-damage|p1b: Arcanine|0 fnt\n|faint|p1b: Arcanine\n|\n|upkeep\n|\n|t:|1699397281\n|switch|p1b: Grimmsnarl|Grimmsnarl, M|100\/100\n|turn|5\n|\n|t:|1699397333\n|move|p1a: Landorus|U-turn|p2b: Ogerpon\n|-supereffective|p2b: Ogerpon\n|-damage|p2b: Ogerpon|52\/100\n|\n|t:|1699397343\n|switch|p1a: Slowking|Slowking-Galar, F|100\/100|[from] U-turn\n|move|p2b: Ogerpon|Giga Drain|p1a: Slowking\n|-resisted|p1a: Slowking\n|-damage|p1a: Slowking|93\/100\n|-heal|p2b: Ogerpon|57\/100|[from] drain|[of] p1a: Slowking\n|move|p2a: Kommo-o|Body Press|p1a: Slowking\n|-resisted|p1a: Slowking\n|-damage|p1a: Slowking|84\/100\n|move|p1b: Grimmsnarl|Spirit Break|p2a: Kommo-o\n|-supereffective|p2a: Kommo-o\n|-damage|p2a: Kommo-o|0 fnt\n|faint|p2a: Kommo-o\n|\n|-heal|p1a: Slowking|90\/100|[from] item: Leftovers\n|upkeep\n|\n|t:|1699397368\n|switch|p2a: Oranguru|Oranguru, M|5\/100 tox\n|turn|6\n|\n|t:|1699397381\n|move|p1b: Grimmsnarl|Reflect|p1b: Grimmsnarl\n|-sidestart|p1: mdaley229|Reflect\n|move|p2b: Ogerpon|Substitute|p2b: Ogerpon\n|-start|p2b: Ogerpon|Substitute\n|-damage|p2b: Ogerpon|32\/100\n|move|p2a: Oranguru|Bulldoze|p1a: Slowking|[spread] p2b,p1a,p1b\n|-crit|p2b: Ogerpon\n|-activate|p2b: Ogerpon|move: Substitute|[damage]\n|-supereffective|p1a: Slowking\n|-damage|p1a: Slowking|78\/100\n|-damage|p1b: Grimmsnarl|93\/100\n|-unboost|p1a: Slowking|spe|1\n|-unboost|p1b: Grimmsnarl|spe|1\n|move|p1a: Slowking|Nasty Plot|p1a: Slowking\n|-boost|p1a: Slowking|spa|2\n|\n|-heal|p1a: Slowking|84\/100|[from] item: Leftovers\n|-damage|p2a: Oranguru|0 fnt|[from] psn\n|faint|p2a: Oranguru\n|upkeep\n|\n|t:|1699397403\n|switch|p2a: Banette|Banette, F|100\/100\n|-item|p2a: Banette|Air Balloon\n|turn|7\n|\n|t:|1699397435\n|switch|p1a: Gholdengo|Gholdengo|100\/100\n|-terastallize|p2a: Banette|Electric\n|move|p2a: Banette|Helping Hand|p2b: Ogerpon\n|-singleturn|p2b: Ogerpon|Helping Hand|[of] p2a: Banette\n|move|p1b: Grimmsnarl|Thunder Wave||[still]\n|-fail|p1b: Grimmsnarl\n|move|p2b: Ogerpon|Giga Drain|p1a: Gholdengo\n|-resisted|p1a: Gholdengo\n|-damage|p1a: Gholdengo|82\/100\n|-heal|p2b: Ogerpon|42\/100|[from] drain|[of] p1a: Gholdengo\n|\n|upkeep\n|turn|8\n|\n|t:|1699397467\n|move|p1a: Gholdengo|Dazzling Gleam|p2a: Banette|[spread] p2a,p2b\n|-end|p2b: Ogerpon|Substitute\n|-damage|p2a: Banette|54\/100\n|-enditem|p2a: Banette|Air Balloon\n|-damage|p1a: Gholdengo|72\/100|[from] item: Life Orb\n|move|p2b: Ogerpon|Giga Drain|p1b: Grimmsnarl\n|-damage|p1b: Grimmsnarl|77\/100\n|-heal|p2b: Ogerpon|53\/100|[from] drain|[of] p1b: Grimmsnarl\n|move|p2a: Banette|Metronome|p2a: Banette\n|move|p2a: Banette|Weather Ball|p1a: Gholdengo|[from]move: Metronome\n|-immune|p1a: Gholdengo\n|move|p1b: Grimmsnarl|Spirit Break|p2a: Banette\n|-damage|p2a: Banette|2\/100\n|-unboost|p2a: Banette|spa|1\n|-start|p1b: Grimmsnarl|Disable|Spirit Break|[from] ability: Cursed Body|[of] p2a: Banette\n|\n|upkeep\n|turn|9\n|\n|t:|1699397504\n|switch|p1a: Sinistcha|Sinistcha|100\/100\n|-heal|p1b: Grimmsnarl|100\/100|[from] ability: Hospitality|[of] p1a: Sinistcha\n|move|p2b: Ogerpon|Follow Me|p2b: Ogerpon\n|-singleturn|p2b: Ogerpon|move: Follow Me\n|move|p1b: Grimmsnarl|Reflect||[still]\n|-fail|p1b: Grimmsnarl\n|move|p2a: Banette|Fling||[still]\n|-fail|p2a: Banette\n|\n|upkeep\n|turn|10\n|\n|t:|1699397532\n|switch|p1b: Landorus|Landorus-Therian, M|89\/100\n|-ability|p1b: Landorus|Intimidate|boost\n|-unboost|p2a: Banette|atk|1\n|-unboost|p2b: Ogerpon|atk|1\n|move|p2b: Ogerpon|U-turn|p1b: Landorus\n|-resisted|p1b: Landorus\n|-damage|p1b: Landorus|83\/100\n|\n|t:|1699397541\n|switch|p2b: Chandelure|Chandelure, M|86\/100|[from] U-turn\n|move|p1a: Sinistcha|Strength Sap|p2b: Chandelure\n|-unboost|p2b: Chandelure|atk|1\n|move|p2a: Banette|Metronome|p2a: Banette\n|move|p2a: Banette|Slack Off|p2a: Banette|[from]move: Metronome\n|-heal|p2a: Banette|52\/100\n|\n|upkeep\n|turn|11\n|\n|t:|1699397564\n|move|p1b: Landorus|U-turn|p2b: Chandelure\n|-resisted|p2b: Chandelure\n|-damage|p2b: Chandelure|77\/100\n|-status|p1b: Landorus|brn|[from] ability: Flame Body|[of] p2b: Chandelure\n|\n|t:|1699397571\n|switch|p1b: Grimmsnarl|Grimmsnarl, M|100\/100|[from] U-turn\n|move|p2b: Chandelure|Fire Blast|p1a: Sinistcha\n|-supereffective|p1a: Sinistcha\n|-damage|p1a: Sinistcha|0 fnt\n|faint|p1a: Sinistcha\n|move|p2a: Banette|Metronome|p2a: Banette\n|move|p2a: Banette|Gyro Ball|p1b: Grimmsnarl|[from]move: Metronome\n|-supereffective|p1b: Grimmsnarl\n|-damage|p1b: Grimmsnarl|92\/100\n|\n|upkeep\n|\n|t:|1699397584\n|switch|p1a: Slowking|Slowking-Galar, F|100\/100\n|turn|12\n|\n|t:|1699397594\n|move|p2b: Chandelure|Memento|p1a: Slowking\n|-unboost|p1a: Slowking|atk|2\n|-unboost|p1a: Slowking|spa|2\n|faint|p2b: Chandelure\n|move|p2a: Banette|Metronome|p2a: Banette\n|move|p2a: Banette|Victory Dance|p2a: Banette|[from]move: Metronome\n|-boost|p2a: Banette|atk|1\n|-boost|p2a: Banette|def|1\n|-boost|p2a: Banette|spe|1\n|move|p1b: Grimmsnarl|Spirit Break|p2a: Banette\n|-damage|p2a: Banette|22\/100\n|-unboost|p2a: Banette|spa|1\n|-start|p1b: Grimmsnarl|Disable|Spirit Break|[from] ability: Cursed Body|[of] p2a: Banette\n|move|p1a: Slowking|Eerie Spell|p2a: Banette\n|-damage|p2a: Banette|0 fnt\n|faint|p2a: Banette\n|\n|upkeep\n|\n|t:|1699397618\n|switch|p2b: Ogerpon|Ogerpon-Cornerstone, F|53\/100\n|turn|13\n|\n|t:|1699397633\n|switch|p1b: Gholdengo|Gholdengo|72\/100\n|move|p2b: Ogerpon|Substitute|p2b: Ogerpon\n|-start|p2b: Ogerpon|Substitute\n|-damage|p2b: Ogerpon|28\/100\n|move|p1a: Slowking|Toxic||[still]\n|-fail|p1a: Slowking\n|\n|-sideend|p1: mdaley229|Reflect\n|upkeep\n|turn|14\n|\n|t:|1699397648\n|move|p1b: Gholdengo|Make It Rain|p2b: Ogerpon\n|-supereffective|p2b: Ogerpon\n|-end|p2b: Ogerpon|Substitute\n|-unboost|p1b: Gholdengo|spa|1\n|-damage|p1b: Gholdengo|62\/100|[from] item: Life Orb\n|move|p2b: Ogerpon|U-turn|p1a: Slowking\n|-damage|p1a: Slowking|77\/100\n|move|p1a: Slowking|Eerie Spell|p2b: Ogerpon\n|-damage|p2b: Ogerpon|10\/100\n|-activate|p2b: Ogerpon|move: Eerie Spell|U-turn|3\n|\n|-heal|p1a: Slowking|83\/100|[from] item: Leftovers\n|upkeep\n|turn|15\n|\n|t:|1699397669\n|move|p1b: Gholdengo|Make It Rain|p2b: Ogerpon\n|-supereffective|p2b: Ogerpon\n|-damage|p2b: Ogerpon|0 fnt\n|-unboost|p1b: Gholdengo|spa|1\n|faint|p2b: Ogerpon\n|-damage|p1b: Gholdengo|52\/100|[from] item: Life Orb\n|\n|win|mdaley229\n|raw|mdaley229's rating: 1051 &rarr; <strong>1079<\/strong><br \/>(+28 for winning)\n|raw|uwu2114's rating: 1000 &rarr; <strong>1000<\/strong><br \/>(+0 for losing)\n","uploadtime":1699397701,"views":19,"p1id":"mdaley229","p2id":"uwu2114","formatid":"gen9doublesou","rating":1000,"private":0,"password":""}