{"id":"gen9doublesou-1969795695","p1":"djmisty3","p2":"mikeyuwu","format":"[Gen 9] Doubles OU","log":"|j|\u2606djmisty3\n|j|\u2606mikeyuwu\n|t:|1697566012\n|gametype|doubles\n|player|p1|djmisty3|misty|1191\n|player|p2|mikeyuwu|psychic-gen4|1306\n|teamsize|p1|6\n|teamsize|p2|6\n|gen|9\n|tier|[Gen 9] Doubles OU\n|rated|\n|rule|Species Clause: Limit one of each Pok\u00e9mon\n|rule|OHKO Clause: OHKO moves are banned\n|rule|Evasion Moves Clause: Evasion moves are banned\n|rule|Gravity Sleep Clause: The combination of sleep-inducing moves with imperfect accuracy and Gravity or Gigantamax Orbeetle are banned\n|rule|Endless Battle Clause: Forcing endless battles is banned\n|rule|HP Percentage Mod: HP is shown in percentages\n|clearpoke\n|poke|p1|Clodsire, M|\n|poke|p1|Pelipper, F|\n|poke|p1|Manaphy|\n|poke|p1|Gastrodon, M|\n|poke|p1|Politoed, M|\n|poke|p1|Ogerpon-Wellspring, F|\n|poke|p2|Garchomp, M|\n|poke|p2|Tyranitar, F|\n|poke|p2|Vaporeon, F|\n|poke|p2|Toxicroak, M|\n|poke|p2|Pelipper, F|\n|poke|p2|Abomasnow, M|\n|teampreview\n|\n|t:|1697566037\n|start\n|switch|p1a: Politoed|Politoed, M|100\/100\n|switch|p1b: Manaphy|Manaphy, shiny|100\/100\n|switch|p2a: OTLHPM|Toxicroak, M|100\/100\n|switch|p2b: Cold Shoulder|Abomasnow, M, shiny|100\/100\n|-weather|RainDance|[from] ability: Drizzle|[of] p1a: Politoed\n|-weather|Snow|[from] ability: Snow Warning|[of] p2b: Cold Shoulder\n|turn|1\n|\n|t:|1697566079\n|switch|p1a: Pelipper|Pelipper, F|100\/100\n|-weather|RainDance|[from] ability: Drizzle|[of] p1a: Pelipper\n|move|p1b: Manaphy|Reflect|p1b: Manaphy\n|-sidestart|p1: djmisty3|Reflect\n|move|p2a: OTLHPM|Poison Jab|p1b: Manaphy\n|-damage|p1b: Manaphy|81\/100\n|move|p2b: Cold Shoulder|Giga Drain|p1b: Manaphy\n|-supereffective|p1b: Manaphy\n|-damage|p1b: Manaphy|39\/100\n|-enditem|p1b: Manaphy|Sitrus Berry|[eat]\n|-heal|p1b: Manaphy|64\/100|[from] item: Sitrus Berry\n|\n|-weather|RainDance|[upkeep]\n|upkeep\n|turn|2\n|\n|t:|1697566101\n|switch|p1b: Clodsire|Clodsire, M|100\/100\n|switch|p2a: Extra Spicy|Garchomp, M|100\/100\n|switch|p2b: ThcrThnSnkr|Tyranitar, F|100\/100\n|-weather|Sandstorm|[from] ability: Sand Stream|[of] p2b: ThcrThnSnkr\n|move|p1a: Pelipper|Hurricane|p2a: Extra Spicy|[miss]\n|-miss|p1a: Pelipper|p2a: Extra Spicy\n|\n|-weather|Sandstorm|[upkeep]\n|-damage|p1a: Pelipper|94\/100|[from] Sandstorm\n|upkeep\n|turn|3\n|\n|t:|1697566148\n|move|p1a: Pelipper|Protect|p1a: Pelipper\n|-singleturn|p1a: Pelipper|Protect\n|move|p2a: Extra Spicy|Brick Break|p1b: Clodsire\n|-sideend|p1: djmisty3|Reflect\n|-resisted|p1b: Clodsire\n|-damage|p1b: Clodsire|90\/100\n|move|p2b: ThcrThnSnkr|Thunderbolt|p1a: Pelipper\n|-activate|p1a: Pelipper|move: Protect\n|move|p1b: Clodsire|Earthquake|p2a: Extra Spicy|[spread] p2a,p2b\n|-activate|p1a: Pelipper|move: Protect\n|-supereffective|p2b: ThcrThnSnkr\n|-damage|p2a: Extra Spicy|85\/100\n|-damage|p2b: ThcrThnSnkr|52\/100\n|\n|-weather|Sandstorm|[upkeep]\n|-damage|p1a: Pelipper|88\/100|[from] Sandstorm\n|upkeep\n|turn|4\n|\n|t:|1697566187\n|switch|p1a: Ogerpon|Ogerpon-Wellspring, F|100\/100\n|switch|p2b: Cold Shoulder|Abomasnow, M, shiny|100\/100\n|-weather|Snow|[from] ability: Snow Warning|[of] p2b: Cold Shoulder\n|move|p2a: Extra Spicy|Earthquake|p1b: Clodsire|[spread] p2b,p1a,p1b\n|-resisted|p2b: Cold Shoulder\n|-resisted|p1a: Ogerpon\n|-supereffective|p1b: Clodsire\n|-damage|p2b: Cold Shoulder|90\/100\n|-damage|p1a: Ogerpon|83\/100\n|-damage|p1b: Clodsire|31\/100\n|-enditem|p1b: Clodsire|Sitrus Berry|[eat]\n|-heal|p1b: Clodsire|56\/100|[from] item: Sitrus Berry\n|move|p1b: Clodsire|Earthquake|p2a: Extra Spicy|[spread] p1a,p2a,p2b\n|-resisted|p1a: Ogerpon\n|-resisted|p2b: Cold Shoulder\n|-damage|p1a: Ogerpon|71\/100\n|-damage|p2a: Extra Spicy|72\/100\n|-damage|p2b: Cold Shoulder|84\/100\n|\n|-weather|Snow|[upkeep]\n|upkeep\n|turn|5\n|\n|t:|1697566238\n|move|p1a: Ogerpon|Protect|p1a: Ogerpon\n|-singleturn|p1a: Ogerpon|Protect\n|move|p2a: Extra Spicy|Earthquake|p1a: Ogerpon|[spread] p2b,p1b\n|-activate|p1a: Ogerpon|move: Protect\n|-resisted|p2b: Cold Shoulder\n|-supereffective|p1b: Clodsire\n|-damage|p2b: Cold Shoulder|74\/100\n|-damage|p1b: Clodsire|0 fnt\n|faint|p1b: Clodsire\n|move|p2b: Cold Shoulder|Blizzard|p1a: Ogerpon\n|-activate|p1a: Ogerpon|move: Protect\n|\n|-weather|Snow|[upkeep]\n|upkeep\n|\n|t:|1697566258\n|switch|p1b: Politoed|Politoed, M|100\/100\n|-weather|RainDance|[from] ability: Drizzle|[of] p1b: Politoed\n|turn|6\n|\n|t:|1697566272\n|switch|p2a: OTLHPM|Toxicroak, M|100\/100\n|move|p1a: Ogerpon|Wood Hammer|p2a: OTLHPM\n|-resisted|p2a: OTLHPM\n|-damage|p2a: OTLHPM|57\/100\n|-damage|p1a: Ogerpon|55\/100|[from] Recoil\n|move|p1b: Politoed|Surf|p2b: Cold Shoulder|[spread] p2b\n|-heal|p1a: Ogerpon|80\/100|[from] ability: Water Absorb|[of] p1b: Politoed\n|-heal|p2a: OTLHPM|82\/100|[from] ability: Dry Skin|[of] p1b: Politoed\n|-resisted|p2b: Cold Shoulder\n|-damage|p2b: Cold Shoulder|57\/100\n|move|p2b: Cold Shoulder|Leech Seed|p1b: Politoed\n|-start|p1b: Politoed|move: Leech Seed\n|\n|-weather|RainDance|[upkeep]\n|-heal|p2a: OTLHPM|95\/100|[from] ability: Dry Skin\n|-heal|p2a: OTLHPM|100\/100|[from] item: Black Sludge\n|-damage|p1b: Politoed|88\/100|[from] Leech Seed|[of] p2b: Cold Shoulder\n|-heal|p2b: Cold Shoulder|68\/100|[silent]\n|upkeep\n|turn|7\n|\n|t:|1697566319\n|switch|p1b: Gastrodon|Gastrodon, M|100\/100\n|-terastallize|p1a: Ogerpon|Water\n|detailschange|p1a: Ogerpon|Ogerpon-Wellspring-Tera, F, tera:Water\n|-ability|p1a: Ogerpon|Embody Aspect (Wellspring)|boost\n|-boost|p1a: Ogerpon|spd|1\n|move|p1a: Ogerpon|Follow Me|p1a: Ogerpon\n|-singleturn|p1a: Ogerpon|move: Follow Me\n|move|p2a: OTLHPM|Poison Jab|p1a: Ogerpon\n|-damage|p1a: Ogerpon|36\/100\n|move|p2b: Cold Shoulder|Giga Drain|p1a: Ogerpon\n|-supereffective|p1a: Ogerpon\n|-damage|p1a: Ogerpon|2\/100\n|-heal|p2b: Cold Shoulder|83\/100|[from] drain|[of] p1a: Ogerpon\n|\n|-weather|RainDance|[upkeep]\n|upkeep\n|turn|8\n|\n|t:|1697566347\n|move|p1a: Ogerpon|Protect|p1a: Ogerpon\n|-singleturn|p1a: Ogerpon|Protect\n|move|p2a: OTLHPM|Poison Jab|p1a: Ogerpon\n|-activate|p1a: Ogerpon|move: Protect\n|move|p2b: Cold Shoulder|Giga Drain|p1b: Gastrodon\n|-supereffective|p1b: Gastrodon\n|-damage|p1b: Gastrodon|0 fnt\n|-heal|p2b: Cold Shoulder|100\/100|[from] drain|[of] p1b: Gastrodon\n|faint|p1b: Gastrodon\n|\n|-weather|RainDance|[upkeep]\n|upkeep\n|\n|t:|1697566365\n|switch|p1b: Pelipper|Pelipper, F|88\/100\n|turn|9\n|\n|t:|1697566379\n|switch|p2a: ThcrThnSnkr|Tyranitar, F|52\/100\n|-weather|Sandstorm|[from] ability: Sand Stream|[of] p2a: ThcrThnSnkr\n|move|p1a: Ogerpon|Wood Hammer|p2a: ThcrThnSnkr\n|-supereffective|p2a: ThcrThnSnkr\n|-damage|p2a: ThcrThnSnkr|0 fnt\n|faint|p2a: ThcrThnSnkr\n|-damage|p1a: Ogerpon|0 fnt|[from] Recoil\n|faint|p1a: Ogerpon\n|move|p1b: Pelipper|Tailwind|p1b: Pelipper\n|-sidestart|p1: djmisty3|move: Tailwind\n|move|p2b: Cold Shoulder|Leech Seed|p1b: Pelipper\n|-start|p1b: Pelipper|move: Leech Seed\n|\n|-weather|Sandstorm|[upkeep]\n|-damage|p1b: Pelipper|82\/100|[from] Sandstorm\n|-damage|p2b: Cold Shoulder|94\/100|[from] Sandstorm\n|-damage|p1b: Pelipper|70\/100|[from] Leech Seed|[of] p2b: Cold Shoulder\n|-heal|p2b: Cold Shoulder|100\/100|[silent]\n|upkeep\n|\n|t:|1697566412\n|switch|p1a: Manaphy|Manaphy, shiny|64\/100\n|switch|p2a: Harmacy|Vaporeon, F|100\/100\n|turn|10\n|\n|t:|1697566430\n|move|p1a: Manaphy|Calm Mind|p1a: Manaphy\n|-boost|p1a: Manaphy|spa|1\n|-boost|p1a: Manaphy|spd|1\n|move|p1b: Pelipper|Hurricane|p2b: Cold Shoulder|[miss]\n|-miss|p1b: Pelipper|p2b: Cold Shoulder\n|move|p2b: Cold Shoulder|Giga Drain|p1a: Manaphy\n|-supereffective|p1a: Manaphy\n|-damage|p1a: Manaphy|35\/100\n|move|p2a: Harmacy|Copycat|p2a: Harmacy\n|move|p2a: Harmacy|Giga Drain|p1b: Pelipper|[from]move: Copycat\n|-damage|p1b: Pelipper|35\/100\n|-enditem|p1b: Pelipper|Sitrus Berry|[eat]\n|-heal|p1b: Pelipper|60\/100|[from] item: Sitrus Berry\n|\n|-weather|Sandstorm|[upkeep]\n|-damage|p1a: Manaphy|29\/100|[from] Sandstorm\n|-damage|p1b: Pelipper|54\/100|[from] Sandstorm\n|-damage|p2b: Cold Shoulder|94\/100|[from] Sandstorm\n|-damage|p2a: Harmacy|94\/100|[from] Sandstorm\n|-heal|p2a: Harmacy|100\/100|[from] item: Leftovers\n|-damage|p1b: Pelipper|42\/100|[from] Leech Seed|[of] p2b: Cold Shoulder\n|-heal|p2b: Cold Shoulder|100\/100|[silent]\n|upkeep\n|turn|11\n|\n|t:|1697566456\n|switch|p2b: Extra Spicy|Garchomp, M|72\/100\n|move|p1a: Manaphy|Dazzling Gleam|p2b: Extra Spicy|[spread] p2a,p2b\n|-supereffective|p2b: Extra Spicy\n|-crit|p2b: Extra Spicy\n|-damage|p2a: Harmacy|85\/100\n|-damage|p2b: Extra Spicy|10\/100\n|move|p1b: Pelipper|Hurricane|p2b: Extra Spicy\n|-damage|p2b: Extra Spicy|0 fnt\n|faint|p2b: Extra Spicy\n|move|p2a: Harmacy|Weather Ball|p1b: Pelipper\n|-supereffective|p1b: Pelipper\n|-damage|p1b: Pelipper|0 fnt\n|faint|p1b: Pelipper\n|\n|-weather|Sandstorm|[upkeep]\n|-damage|p1a: Manaphy|23\/100|[from] Sandstorm\n|-damage|p2a: Harmacy|79\/100|[from] Sandstorm\n|-heal|p2a: Harmacy|85\/100|[from] item: Leftovers\n|upkeep\n|\n|t:|1697566476\n|switch|p2b: Weather War|Pelipper, F|100\/100\n|switch|p1b: Politoed|Politoed, M|88\/100\n|-weather|RainDance|[from] ability: Drizzle|[of] p1b: Politoed\n|turn|12\n|\n|t:|1697566489\n|move|p1a: Manaphy|Dazzling Gleam|p2b: Weather War|[spread] p2a,p2b\n|-damage|p2a: Harmacy|69\/100\n|-damage|p2b: Weather War|70\/100\n|move|p1b: Politoed|Ice Beam|p2b: Weather War\n|-damage|p2b: Weather War|41\/100\n|move|p2b: Weather War|Hurricane|p1a: Manaphy\n|-damage|p1a: Manaphy|3\/100\n|move|p2a: Harmacy|Copycat|p2a: Harmacy\n|move|p2a: Harmacy|Hurricane|p1a: Manaphy|[from]move: Copycat\n|-damage|p1a: Manaphy|0 fnt\n|faint|p1a: Manaphy\n|\n|-weather|RainDance|[upkeep]\n|-heal|p1b: Politoed|94\/100|[from] item: Leftovers\n|-heal|p2a: Harmacy|75\/100|[from] item: Leftovers\n|-sideend|p1: djmisty3|move: Tailwind\n|upkeep\n|turn|13\n|\n|t:|1697566511\n|switch|p2b: Cold Shoulder|Abomasnow, M, shiny|100\/100\n|-weather|Snow|[from] ability: Snow Warning|[of] p2b: Cold Shoulder\n|move|p1b: Politoed|Substitute|p1b: Politoed\n|-start|p1b: Politoed|Substitute\n|-damage|p1b: Politoed|69\/100\n|move|p2a: Harmacy|Wish|p2a: Harmacy\n|\n|-weather|Snow|[upkeep]\n|-heal|p1b: Politoed|76\/100|[from] item: Leftovers\n|-heal|p2a: Harmacy|81\/100|[from] item: Leftovers\n|upkeep\n|turn|14\n|\n|t:|1697566523\n|move|p1b: Politoed|Protect|p1b: Politoed\n|-singleturn|p1b: Politoed|Protect\n|move|p2b: Cold Shoulder|Giga Drain|p1b: Politoed\n|-activate|p1b: Politoed|move: Protect\n|move|p2a: Harmacy|Copycat|p2a: Harmacy\n|move|p2a: Harmacy|Giga Drain|p1b: Politoed|[from]move: Copycat\n|-activate|p1b: Politoed|move: Protect\n|\n|-weather|Snow|[upkeep]\n|-heal|p2a: Harmacy|100\/100|[from] move: Wish|[wisher] Harmacy\n|-heal|p1b: Politoed|82\/100|[from] item: Leftovers\n|upkeep\n|turn|15\n|c|\u2606mikeyuwu|Ggs\n|\n|t:|1697566539\n|move|p1b: Politoed|Ice Beam|p2b: Cold Shoulder\n|-damage|p2b: Cold Shoulder|80\/100\n|move|p2b: Cold Shoulder|Giga Drain|p1b: Politoed\n|-supereffective|p1b: Politoed\n|-end|p1b: Politoed|Substitute\n|-heal|p2b: Cold Shoulder|92\/100|[from] drain|[of] p1b: Politoed\n|move|p2a: Harmacy|Copycat|p2a: Harmacy\n|move|p2a: Harmacy|Giga Drain|p1b: Politoed|[from]move: Copycat\n|-supereffective|p1b: Politoed\n|-damage|p1b: Politoed|51\/100\n|\n|-weather|Snow|[upkeep]\n|-heal|p1b: Politoed|58\/100|[from] item: Leftovers\n|upkeep\n|turn|16\n|-message|djmisty3 forfeited.\n|\n|win|mikeyuwu\n|raw|djmisty3's rating: 1191 &rarr; <strong>1174<\/strong><br \/>(-17 for losing)\n|raw|mikeyuwu's rating: 1306 &rarr; <strong>1320<\/strong><br \/>(+14 for winning)\n|l|\u2606djmisty3\n","uploadtime":1697566562,"views":11,"p1id":"djmisty3","p2id":"mikeyuwu","formatid":"gen9doublesou","rating":1174,"private":0,"password":""}