{"id":"gen9doublesou-1983981272","p1":"mikeyuwu","p2":"SamuelRH","format":"[Gen 9] Doubles OU","log":"|j|\u2606mikeyuwu\n|j|\u2606SamuelRH\n|t:|1699206520\n|gametype|doubles\n|player|p1|mikeyuwu|psychic-gen4|1346\n|player|p2|SamuelRH|lance|1324\n|teamsize|p1|6\n|teamsize|p2|6\n|gen|9\n|tier|[Gen 9] Doubles OU\n|rated|\n|rule|Species Clause: Limit one of each Pok\u00e9mon\n|rule|OHKO Clause: OHKO moves are banned\n|rule|Evasion Moves Clause: Evasion moves are banned\n|rule|Gravity Sleep Clause: The combination of sleep-inducing moves with imperfect accuracy and Gravity or Gigantamax Orbeetle are banned\n|rule|Endless Battle Clause: Forcing endless battles is banned\n|rule|HP Percentage Mod: HP is shown in percentages\n|clearpoke\n|poke|p1|Garchomp, M|\n|poke|p1|Tyranitar, F|\n|poke|p1|Vaporeon, F|\n|poke|p1|Toxicroak, M|\n|poke|p1|Pelipper, F|\n|poke|p1|Abomasnow, M|\n|poke|p2|Palafin, F|\n|poke|p2|Amoonguss, M|\n|poke|p2|Tyranitar, F|\n|poke|p2|Clefable, M|\n|poke|p2|Gholdengo|\n|poke|p2|Great Tusk|\n|teampreview\n|\n|t:|1699206543\n|start\n|switch|p1a: OTLHPM|Toxicroak, M|100\/100\n|switch|p1b: Harmacy|Vaporeon, F|100\/100\n|switch|p2a: Clefable|Clefable, M|100\/100\n|switch|p2b: Great Tusk|Great Tusk|100\/100\n|turn|1\n|\n|t:|1699206560\n|-end|p2b: Great Tusk|Protosynthesis|[silent]\n|switch|p2b: Amoonguss|Amoonguss, M|100\/100\n|switch|p1a: Weather War|Pelipper, F|100\/100\n|-weather|RainDance|[from] ability: Drizzle|[of] p1a: Weather War\n|move|p2a: Clefable|Protect|p2a: Clefable\n|-singleturn|p2a: Clefable|Protect\n|move|p1b: Harmacy|Icy Wind|p2b: Amoonguss|[spread] p2b\n|-activate|p2a: Clefable|move: Protect\n|-supereffective|p2b: Amoonguss\n|-damage|p2b: Amoonguss|82\/100\n|-unboost|p2b: Amoonguss|spe|1\n|\n|-weather|RainDance|[upkeep]\n|upkeep\n|turn|2\n|inactive|Battle timer is ON: inactive players will automatically lose when time's up. (requested by SamuelRH)\n|\n|t:|1699206580\n|move|p2a: Clefable|Follow Me|p2a: Clefable\n|-singleturn|p2a: Clefable|move: Follow Me\n|move|p1a: Weather War|Hurricane|p2a: Clefable\n|-damage|p2a: Clefable|65\/100\n|move|p1b: Harmacy|Copycat|p1b: Harmacy\n|move|p1b: Harmacy|Hurricane|p2a: Clefable|[from]move: Copycat\n|-damage|p2a: Clefable|42\/100\n|move|p2b: Amoonguss|Spore|p1b: Harmacy\n|-status|p1b: Harmacy|slp|[from] move: Spore\n|\n|-weather|RainDance|[upkeep]\n|-heal|p2a: Clefable|48\/100|[from] item: Leftovers\n|-activate|p1b: Harmacy|ability: Hydration\n|-curestatus|p1b: Harmacy|slp|[msg]\n|upkeep\n|turn|3\n|\n|t:|1699206602\n|switch|p1a: Cold Shoulder|Abomasnow, M, shiny|100\/100\n|-weather|Snow|[from] ability: Snow Warning|[of] p1a: Cold Shoulder\n|move|p2a: Clefable|Follow Me|p2a: Clefable\n|-singleturn|p2a: Clefable|move: Follow Me\n|move|p1b: Harmacy|Icy Wind|p2a: Clefable|[spread] p2a,p2b\n|-supereffective|p2b: Amoonguss\n|-damage|p2a: Clefable|39\/100\n|-damage|p2b: Amoonguss|64\/100\n|-unboost|p2a: Clefable|spe|1\n|-unboost|p2b: Amoonguss|spe|1\n|move|p2b: Amoonguss|Spore|p1b: Harmacy\n|-status|p1b: Harmacy|slp|[from] move: Spore\n|\n|-weather|Snow|[upkeep]\n|-heal|p2a: Clefable|45\/100|[from] item: Leftovers\n|upkeep\n|turn|4\n|\n|t:|1699206628\n|switch|p2a: Gholdengo|Gholdengo|100\/100\n|switch|p2b: Great Tusk|Great Tusk|100\/100\n|move|p1a: Cold Shoulder|Blizzard|p2a: Gholdengo|[spread] p2a,p2b\n|-resisted|p2a: Gholdengo\n|-supereffective|p2b: Great Tusk\n|-damage|p2a: Gholdengo|82\/100\n|-damage|p2b: Great Tusk|43\/100\n|cant|p1b: Harmacy|slp\n|\n|-weather|Snow|[upkeep]\n|upkeep\n|turn|5\n|\n|t:|1699206647\n|switch|p1a: Weather War|Pelipper, F|100\/100\n|-weather|RainDance|[from] ability: Drizzle|[of] p1a: Weather War\n|move|p2b: Great Tusk|Close Combat|p1a: Weather War\n|-resisted|p1a: Weather War\n|-damage|p1a: Weather War|76\/100\n|-unboost|p2b: Great Tusk|def|1\n|-unboost|p2b: Great Tusk|spd|1\n|move|p2a: Gholdengo|Thunderbolt|p1b: Harmacy\n|-supereffective|p1b: Harmacy\n|-damage|p1b: Harmacy|45\/100 slp\n|cant|p1b: Harmacy|slp\n|\n|-weather|RainDance|[upkeep]\n|-activate|p1b: Harmacy|ability: Hydration\n|-curestatus|p1b: Harmacy|slp|[msg]\n|-heal|p1b: Harmacy|51\/100|[from] item: Leftovers\n|upkeep\n|turn|6\n|inactive|SamuelRH has 120 seconds left.\n|\n|t:|1699206679\n|switch|p1a: Extra Spicy|Garchomp, M|100\/100\n|move|p2b: Great Tusk|Knock Off|p1b: Harmacy\n|-damage|p1b: Harmacy|24\/100\n|-enditem|p1b: Harmacy|Leftovers|[from] move: Knock Off|[of] p2b: Great Tusk\n|move|p2a: Gholdengo|Thunderbolt|p1a: Extra Spicy\n|-immune|p1a: Extra Spicy\n|move|p1b: Harmacy|Weather Ball|p2a: Gholdengo\n|-damage|p2a: Gholdengo|19\/100\n|-enditem|p2a: Gholdengo|Sitrus Berry|[eat]\n|-heal|p2a: Gholdengo|44\/100|[from] item: Sitrus Berry\n|\n|-weather|RainDance|[upkeep]\n|upkeep\n|turn|7\n|\n|t:|1699206699\n|switch|p1b: Cold Shoulder|Abomasnow, M, shiny|100\/100\n|-weather|Snow|[from] ability: Snow Warning|[of] p1b: Cold Shoulder\n|move|p2a: Gholdengo|Thunderbolt|p1b: Cold Shoulder\n|-resisted|p1b: Cold Shoulder\n|-damage|p1b: Cold Shoulder|81\/100\n|move|p2b: Great Tusk|Ice Spinner|p1a: Extra Spicy\n|-supereffective|p1a: Extra Spicy\n|-damage|p1a: Extra Spicy|35\/100\n|-damage|p2b: Great Tusk|31\/100|[from] ability: Rough Skin|[of] p1a: Extra Spicy\n|-damage|p2b: Great Tusk|14\/100|[from] item: Rocky Helmet|[of] p1a: Extra Spicy\n|move|p1a: Extra Spicy|Earthquake|p2b: Great Tusk|[spread] p1b,p2a,p2b\n|-resisted|p1b: Cold Shoulder\n|-supereffective|p2a: Gholdengo\n|-damage|p1b: Cold Shoulder|71\/100\n|-damage|p2a: Gholdengo|0 fnt\n|-damage|p2b: Great Tusk|0 fnt\n|faint|p2a: Gholdengo\n|faint|p2b: Great Tusk\n|-end|p2b: Great Tusk|Protosynthesis|[silent]\n|\n|-weather|Snow|[upkeep]\n|upkeep\n|inactive|SamuelRH has 120 seconds left.\n|\n|t:|1699206733\n|switch|p2a: Tyranitar|Tyranitar, F|100\/100\n|switch|p2b: Clefable|Clefable, M|45\/100\n|-weather|Sandstorm|[from] ability: Sand Stream|[of] p2a: Tyranitar\n|turn|8\n|c|\u2606mikeyuwu|Omni weathee\n|inactive|SamuelRH has 120 seconds left.\n|c|\u2606mikeyuwu|The team of predictions\n|\n|t:|1699206749\n|switch|p1b: OTLHPM|Toxicroak, M|100\/100\n|-terastallize|p2a: Tyranitar|Flying\n|move|p1a: Extra Spicy|Poison Jab|p2b: Clefable\n|-supereffective|p2b: Clefable\n|-damage|p2b: Clefable|2\/100\n|-status|p2b: Clefable|psn\n|move|p2a: Tyranitar|Dragon Dance|p2a: Tyranitar\n|-boost|p2a: Tyranitar|atk|1\n|-boost|p2a: Tyranitar|spe|1\n|move|p2b: Clefable|Moonblast|p1a: Extra Spicy\n|-supereffective|p1a: Extra Spicy\n|-damage|p1a: Extra Spicy|0 fnt\n|faint|p1a: Extra Spicy\n|\n|-weather|Sandstorm|[upkeep]\n|-damage|p2a: Tyranitar|94\/100|[from] Sandstorm\n|-damage|p1b: OTLHPM|94\/100|[from] Sandstorm\n|-heal|p1b: OTLHPM|100\/100|[from] item: Black Sludge\n|-heal|p2b: Clefable|8\/100 psn|[from] item: Leftovers\n|upkeep\n|\n|t:|1699206759\n|switch|p1a: ThcrThnSnkr|Tyranitar, F|100\/100\n|turn|9\n|inactive|SamuelRH has 120 seconds left.\n|\n|t:|1699206795\n|move|p2b: Clefable|Helping Hand|p2a: Tyranitar\n|-singleturn|p2a: Tyranitar|Helping Hand|[of] p2b: Clefable\n|move|p2a: Tyranitar|Crunch|p1b: OTLHPM\n|-resisted|p1b: OTLHPM\n|-crit|p1b: OTLHPM\n|-damage|p1b: OTLHPM|0 fnt\n|faint|p1b: OTLHPM\n|move|p1a: ThcrThnSnkr|Thunderbolt|p2a: Tyranitar\n|-supereffective|p2a: Tyranitar\n|-damage|p2a: Tyranitar|50\/100\n|-status|p2a: Tyranitar|par\n|-enditem|p2a: Tyranitar|Sitrus Berry|[eat]\n|-heal|p2a: Tyranitar|75\/100 par|[from] item: Sitrus Berry\n|\n|-weather|Sandstorm|[upkeep]\n|-damage|p2a: Tyranitar|69\/100 par|[from] Sandstorm\n|-heal|p2b: Clefable|14\/100 psn|[from] item: Leftovers\n|upkeep\n|\n|t:|1699206807\n|switch|p1b: Harmacy|Vaporeon, F|24\/100\n|turn|10\n|\n|t:|1699206819\n|move|p2b: Clefable|Moonblast|p1a: ThcrThnSnkr\n|-supereffective|p1a: ThcrThnSnkr\n|-damage|p1a: ThcrThnSnkr|81\/100\n|-unboost|p1a: ThcrThnSnkr|spa|1\n|move|p1a: ThcrThnSnkr|Heavy Slam|p2b: Clefable\n|-supereffective|p2b: Clefable\n|-damage|p2b: Clefable|0 fnt\n|faint|p2b: Clefable\n|move|p1b: Harmacy|Weather Ball|p2a: Tyranitar\n|-supereffective|p2a: Tyranitar\n|-damage|p2a: Tyranitar|24\/100 par\n|move|p2a: Tyranitar|Crunch|p1b: Harmacy\n|-damage|p1b: Harmacy|0 fnt\n|faint|p1b: Harmacy\n|\n|-weather|Sandstorm|[upkeep]\n|-damage|p2a: Tyranitar|18\/100 par|[from] Sandstorm\n|upkeep\n|\n|t:|1699206838\n|switch|p2b: Palafin|Palafin, F|100\/100\n|switch|p1b: Weather War|Pelipper, F|76\/100\n|-weather|RainDance|[from] ability: Drizzle|[of] p1b: Weather War\n|turn|11\n|\n|t:|1699206848\n|switch|p1a: Cold Shoulder|Abomasnow, M, shiny|71\/100\n|-weather|Snow|[from] ability: Snow Warning|[of] p1a: Cold Shoulder\n|move|p2b: Palafin|Drain Punch|p1a: Cold Shoulder\n|-supereffective|p1a: Cold Shoulder\n|-damage|p1a: Cold Shoulder|52\/100\n|move|p1b: Weather War|Blizzard|p2a: Tyranitar|[spread] p2a,p2b\n|-supereffective|p2a: Tyranitar\n|-resisted|p2b: Palafin\n|-damage|p2a: Tyranitar|0 fnt\n|-damage|p2b: Palafin|88\/100\n|faint|p2a: Tyranitar\n|\n|-weather|Snow|[upkeep]\n|upkeep\n|\n|t:|1699206862\n|switch|p2a: Amoonguss|Amoonguss, M|64\/100\n|turn|12\n|c|\u2606mikeyuwu|Gg\n|\n|t:|1699206869\n|move|p2b: Palafin|Bulk Up|p2b: Palafin\n|-boost|p2b: Palafin|atk|1\n|-boost|p2b: Palafin|def|1\n|move|p1b: Weather War|Blizzard|p2b: Palafin|[spread] p2a,p2b\n|-supereffective|p2a: Amoonguss\n|-resisted|p2b: Palafin\n|-crit|p2b: Palafin\n|-damage|p2a: Amoonguss|33\/100\n|-damage|p2b: Palafin|67\/100\n|-status|p2b: Palafin|frz\n|move|p1a: Cold Shoulder|Giga Drain|p2b: Palafin\n|-supereffective|p2b: Palafin\n|-damage|p2b: Palafin|0 fnt\n|-heal|p1a: Cold Shoulder|85\/100|[from] drain|[of] p2b: Palafin\n|faint|p2b: Palafin\n|move|p2a: Amoonguss|Spore|p1b: Weather War\n|-status|p1b: Weather War|slp|[from] move: Spore\n|\n|-weather|Snow|[upkeep]\n|upkeep\n|turn|13\n|-message|SamuelRH forfeited.\n|\n|win|mikeyuwu\n|raw|mikeyuwu's rating: 1346 &rarr; <strong>1365<\/strong><br \/>(+19 for winning)\n|raw|SamuelRH's rating: 1324 &rarr; <strong>1305<\/strong><br \/>(-19 for losing)\n|l|\u2606SamuelRH\n","uploadtime":1699206901,"views":8,"p1id":"mikeyuwu","p2id":"samuelrh","formatid":"gen9doublesou","rating":1305,"private":0,"password":""}