{"id":"gen9doublesou-1993040530","p1":"CoreSolis","p2":"niceonebruh","format":"[Gen 9] Doubles OU","log":"|j|\u2606CoreSolis\n|j|\u2606niceonebruh\n|t:|1700258221\n|gametype|doubles\n|player|p1|CoreSolis|pokemonrangerf|1077\n|player|p2|niceonebruh|youngster-gen4dp|1145\n|teamsize|p1|6\n|teamsize|p2|6\n|gen|9\n|tier|[Gen 9] Doubles OU\n|rated|\n|rule|Species Clause: Limit one of each Pok\u00e9mon\n|rule|OHKO Clause: OHKO moves are banned\n|rule|Evasion Moves Clause: Evasion moves are banned\n|rule|Gravity Sleep Clause: The combination of sleep-inducing moves with imperfect accuracy and Gravity or Gigantamax Orbeetle are banned\n|rule|Endless Battle Clause: Forcing endless battles is banned\n|rule|HP Percentage Mod: HP is shown in percentages\n|clearpoke\n|poke|p1|Zoroark-Hisui, M|\n|poke|p1|Meowscarada, M|\n|poke|p1|Sinistcha-Masterpiece|\n|poke|p1|Enamorus, F|\n|poke|p1|Tornadus, M|\n|poke|p1|Volcarona, M|\n|poke|p2|Chi-Yu|\n|poke|p2|Flutter Mane|\n|poke|p2|Amoonguss, M|\n|poke|p2|Gyarados, M|\n|poke|p2|Iron Hands|\n|poke|p2|Ting-Lu|\n|teampreview\n|c|\u2606CoreSolis|glhf\n|\n|t:|1700258245\n|start\n|switch|p1a: Tornadus|Tornadus, M, shiny|100\/100\n|switch|p1b: Volcarona|Volcarona, M|100\/100\n|switch|p2a: Flutter Mane|Flutter Mane|100\/100\n|switch|p2b: Chi-Yu|Chi-Yu|100\/100\n|-ability|p2b: Chi-Yu|Beads of Ruin\n|turn|1\n|\n|t:|1700258285\n|move|p1a: Tornadus|Tailwind|p1a: Tornadus\n|-sidestart|p1: CoreSolis|move: Tailwind\n|move|p1b: Volcarona|Shadow Ball|p2a: Flutter Mane\n|-supereffective|p2a: Flutter Mane\n|-enditem|p2a: Flutter Mane|Focus Sash\n|-damage|p2a: Flutter Mane|1\/100\n|move|p2b: Chi-Yu|Overheat|p1a: Tornadus\n|-enditem|p1a: Tornadus|Focus Sash\n|-damage|p1a: Tornadus|1\/100\n|-unboost|p2b: Chi-Yu|spa|2\n|move|p2a: Flutter Mane|Shadow Ball|p1b: Volcarona\n|-immune|p1b: Volcarona\n|\n|upkeep\n|turn|2\n|\n|t:|1700258315\n|move|p1a: Tornadus|Protect|p1a: Tornadus\n|-singleturn|p1a: Tornadus|Protect\n|move|p2a: Flutter Mane|Protect|p2a: Flutter Mane\n|-singleturn|p2a: Flutter Mane|Protect\n|move|p1b: Volcarona|U-turn|p2a: Flutter Mane\n|-activate|p2a: Flutter Mane|move: Protect\n|move|p2b: Chi-Yu|Overheat|p1a: Tornadus\n|-activate|p1a: Tornadus|move: Protect\n|\n|upkeep\n|turn|3\n|\n|t:|1700258336\n|switch|p1a: Volcarona|Volcarona, M|100\/100\n|move|p1b: Volcarona|U-turn|p2a: Flutter Mane\n|-resisted|p2a: Flutter Mane\n|-damage|p2a: Flutter Mane|0 fnt\n|faint|p2a: Flutter Mane\n|-end|p2a: Flutter Mane|Protosynthesis|[silent]\n|\n|t:|1700258361\n|switch|p1b: Enamorus|Enamorus, F|100\/100|[from] U-turn\n|move|p2b: Chi-Yu|Overheat|p1a: Volcarona\n|-damage|p1a: Volcarona|48\/100\n|-unboost|p2b: Chi-Yu|spa|2\n|\n|upkeep\n|\n|t:|1700258371\n|switch|p2a: Gyarados|Gyarados, M|100\/100\n|-ability|p2a: Gyarados|Intimidate|boost\n|-unboost|p1a: Volcarona|atk|1\n|-boost|p1b: Enamorus|atk|1\n|turn|4\n|\n|t:|1700258423\n|move|p1a: Volcarona|Protect|p1a: Volcarona\n|-singleturn|p1a: Volcarona|Protect\n|move|p2a: Gyarados|Protect|p2a: Gyarados\n|-singleturn|p2a: Gyarados|Protect\n|move|p1b: Enamorus|Play Rough|p2b: Chi-Yu\n|-damage|p2b: Chi-Yu|0 fnt\n|faint|p2b: Chi-Yu\n|\n|-sideend|p1: CoreSolis|move: Tailwind\n|upkeep\n|\n|t:|1700258440\n|switch|p2b: Iron Hands|Iron Hands|100\/100\n|turn|5\n|\n|t:|1700258473\n|switch|p1b: Sinistcha|Sinistcha-Masterpiece, shiny|100\/100\n|-heal|p1a: Volcarona|73\/100|[from] ability: Hospitality|[of] p1b: Sinistcha\n|move|p2b: Iron Hands|Fake Out|p1b: Sinistcha\n|-immune|p1b: Sinistcha\n|move|p1a: Volcarona|Quiver Dance|p1a: Volcarona\n|-boost|p1a: Volcarona|spa|1\n|-boost|p1a: Volcarona|spd|1\n|-boost|p1a: Volcarona|spe|1\n|move|p2a: Gyarados|Dragon Dance|p2a: Gyarados\n|-boost|p2a: Gyarados|atk|1\n|-boost|p2a: Gyarados|spe|1\n|\n|upkeep\n|turn|6\n|\n|t:|1700258505\n|-terastallize|p1a: Volcarona|Grass\n|-terastallize|p2a: Gyarados|Flying\n|move|p1b: Sinistcha|Rage Powder|p1b: Sinistcha\n|-singleturn|p1b: Sinistcha|move: Rage Powder\n|move|p1a: Volcarona|Giga Drain|p2a: Gyarados\n|-resisted|p2a: Gyarados\n|-damage|p2a: Gyarados|71\/100\n|-heal|p1a: Volcarona|91\/100|[from] drain|[of] p2a: Gyarados\n|move|p2a: Gyarados|Tera Blast|p1b: Sinistcha|[anim] Tera Blast Flying\n|-supereffective|p1b: Sinistcha\n|-damage|p1b: Sinistcha|0 fnt\n|faint|p1b: Sinistcha\n|move|p2b: Iron Hands|Wild Charge|p1a: Volcarona\n|-resisted|p1a: Volcarona\n|-damage|p1a: Volcarona|55\/100\n|-damage|p2b: Iron Hands|95\/100|[from] Recoil\n|\n|upkeep\n|\n|t:|1700258516\n|switch|p1b: Tornadus|Tornadus, M, shiny|1\/100\n|turn|7\n|\n|t:|1700258531\n|move|p1a: Volcarona|Protect|p1a: Volcarona\n|-singleturn|p1a: Volcarona|Protect\n|move|p1b: Tornadus|Tailwind|p1b: Tornadus\n|-sidestart|p1: CoreSolis|move: Tailwind\n|move|p2a: Gyarados|Tera Blast|p1a: Volcarona|[anim] Tera Blast Flying\n|-activate|p1a: Volcarona|move: Protect\n|move|p2b: Iron Hands|Drain Punch|p1b: Tornadus\n|-resisted|p1b: Tornadus\n|-damage|p1b: Tornadus|0 fnt\n|-heal|p2b: Iron Hands|95\/100|[from] drain|[of] p1b: Tornadus\n|faint|p1b: Tornadus\n|\n|upkeep\n|\n|t:|1700258555\n|switch|p1b: Meowscarada|Meowscarada, M, shiny|100\/100\n|turn|8\n|\n|t:|1700258589\n|move|p1a: Volcarona|Heat Wave|p2a: Gyarados|[spread] p2a,p2b\n|-damage|p2a: Gyarados|16\/100\n|-damage|p2b: Iron Hands|56\/100\n|-status|p2b: Iron Hands|brn\n|move|p1b: Meowscarada|Hyper Voice|p2a: Gyarados|[spread] p2a,p2b\n|-damage|p2a: Gyarados|0 fnt\n|-damage|p2b: Iron Hands|34\/100 brn\n|faint|p2a: Gyarados\n|move|p2b: Iron Hands|Drain Punch|p1b: Meowscarada\n|-immune|p1b: Meowscarada\n|\n|-damage|p2b: Iron Hands|28\/100 brn|[from] brn\n|upkeep\n|\n|t:|1700258605\n|switch|p2a: Amoonguss|Amoonguss, M|100\/100\n|turn|9\n|\n|t:|1700258627\n|move|p1a: Volcarona|Heat Wave|p2a: Amoonguss|[spread] p2a,p2b\n|-supereffective|p2a: Amoonguss\n|-damage|p2a: Amoonguss|0 fnt\n|-damage|p2b: Iron Hands|0 fnt\n|faint|p2a: Amoonguss\n|faint|p2b: Iron Hands\n|-end|p2b: Iron Hands|Quark Drive|[silent]\n|move|p1b: Meowscarada|Hyper Voice|p2: Amoonguss|[notarget]\n|-fail|p1b: Meowscarada\n|\n|upkeep\n|-message|niceonebruh forfeited.\n|\n|win|CoreSolis\n|raw|CoreSolis's rating: 1077 &rarr; <strong>1111<\/strong><br \/>(+34 for winning)\n|raw|niceonebruh's rating: 1145 &rarr; <strong>1115<\/strong><br \/>(-30 for losing)\n|l|\u2606niceonebruh\n|c|\u2606CoreSolis|gg\n","uploadtime":1700258659,"views":22,"p1id":"coresolis","p2id":"niceonebruh","formatid":"gen9doublesou","rating":1111,"private":0,"password":""}