{"id":"gen9doublesou-1996650456","p1":"GBarmada","p2":"tonyZ14","format":"[Gen 9] Doubles OU","log":"|j|\u2606GBarmada\n|j|\u2606tonyZ14\n|t:|1700705203\n|gametype|doubles\n|player|p1|GBarmada|nate|1394\n|player|p2|tonyZ14|supernerd|1456\n|teamsize|p1|6\n|teamsize|p2|6\n|gen|9\n|tier|[Gen 9] Doubles OU\n|rated|\n|rule|Species Clause: Limit one of each Pok\u00e9mon\n|rule|OHKO Clause: OHKO moves are banned\n|rule|Evasion Moves Clause: Evasion moves are banned\n|rule|Gravity Sleep Clause: The combination of sleep-inducing moves with imperfect accuracy and Gravity or Gigantamax Orbeetle are banned\n|rule|Endless Battle Clause: Forcing endless battles is banned\n|rule|HP Percentage Mod: HP is shown in percentages\n|clearpoke\n|poke|p1|Chien-Pao|\n|poke|p1|Clefairy, F|\n|poke|p1|Iron Bundle|\n|poke|p1|Ninetales-Alola, F|\n|poke|p1|Rillaboom, F|\n|poke|p1|Sneasler, F|\n|poke|p2|Thundurus, M|\n|poke|p2|Sneasler, F|\n|poke|p2|Gastrodon, M|\n|poke|p2|Walking Wake|\n|poke|p2|Kingambit, M|\n|poke|p2|Scizor, F|\n|teampreview\n|c|\u2606GBarmada|glhf\n|\n|t:|1700705222\n|start\n|switch|p1a: Clefairy|Clefairy, F, shiny|100\/100\n|switch|p1b: Sneasler|Sneasler, F|100\/100\n|switch|p2a: Sneasler|Sneasler, F|100\/100\n|switch|p2b: Thundurus|Thundurus, M|100\/100\n|turn|1\n|\n|t:|1700705233\n|move|p1a: Clefairy|Follow Me|p1a: Clefairy\n|-singleturn|p1a: Clefairy|move: Follow Me\n|move|p2b: Thundurus|Swagger|p1a: Clefairy\n|-boost|p1a: Clefairy|atk|2\n|-enditem|p2a: Sneasler|Mirror Herb\n|-boost|p2a: Sneasler|atk|2|[from] item: Mirror Herb\n|-start|p1a: Clefairy|confusion\n|move|p2a: Sneasler|Acrobatics|p1a: Clefairy\n|-damage|p1a: Clefairy|27\/100\n|move|p1b: Sneasler|Swords Dance|p1b: Sneasler\n|-boost|p1b: Sneasler|atk|2\n|\n|upkeep\n|turn|2\n|\n|t:|1700705269\n|move|p1b: Sneasler|Protect|p1b: Sneasler\n|-singleturn|p1b: Sneasler|Protect\n|move|p2a: Sneasler|Acrobatics|p1b: Sneasler\n|-activate|p1b: Sneasler|move: Protect\n|move|p2b: Thundurus|Wildbolt Storm|p1b: Sneasler|[spread] p1a\n|-activate|p1b: Sneasler|move: Protect\n|-damage|p1a: Clefairy|1\/100\n|-activate|p1a: Clefairy|confusion\n|move|p1a: Clefairy|Icy Wind|p2b: Thundurus|[spread] p2a,p2b\n|-supereffective|p2b: Thundurus\n|-damage|p2a: Sneasler|92\/100\n|-damage|p2b: Thundurus|91\/100\n|-unboost|p2a: Sneasler|spe|1\n|\n|upkeep\n|turn|3\n|\n|t:|1700705301\n|switch|p1a: Rillaboom|Rillaboom, F|100\/100\n|-fieldstart|move: Grassy Terrain|[from] ability: Grassy Surge|[of] p1a: Rillaboom\n|-enditem|p1b: Sneasler|Grassy Seed\n|-boost|p1b: Sneasler|def|1|[from] item: Grassy Seed\n|move|p1b: Sneasler|Acrobatics|p2a: Sneasler\n|-supereffective|p2a: Sneasler\n|-damage|p2a: Sneasler|0 fnt\n|faint|p2a: Sneasler\n|move|p2b: Thundurus|Wildbolt Storm|p1b: Sneasler|[spread] p1a,p1b\n|-resisted|p1a: Rillaboom\n|-damage|p1a: Rillaboom|91\/100\n|-damage|p1b: Sneasler|63\/100\n|\n|-heal|p1b: Sneasler|69\/100|[from] Grassy Terrain\n|-heal|p1a: Rillaboom|97\/100|[from] Grassy Terrain\n|upkeep\n|\n|t:|1700705318\n|switch|p2a: Gastrodon|Gastrodon, M|100\/100\n|turn|4\n|\n|t:|1700705328\n|-terastallize|p2a: Gastrodon|Fire\n|move|p1b: Sneasler|Protect|p1b: Sneasler\n|-singleturn|p1b: Sneasler|Protect\n|move|p2b: Thundurus|Thunder Wave|p1a: Rillaboom\n|-status|p1a: Rillaboom|par\n|move|p2a: Gastrodon|Earth Power|p1b: Sneasler\n|-activate|p1b: Sneasler|move: Protect\n|move|p1a: Rillaboom|U-turn|p2b: Thundurus\n|-resisted|p2b: Thundurus\n|-damage|p2b: Thundurus|76\/100\n|\n|t:|1700705339\n|switch|p1a: Ninetales|Ninetales-Alola, F|100\/100|[from] U-turn\n|-weather|Snow|[from] ability: Snow Warning|[of] p1a: Ninetales\n|\n|-weather|Snow|[upkeep]\n|-heal|p1b: Sneasler|75\/100|[from] Grassy Terrain\n|upkeep\n|turn|5\n|\n|t:|1700705372\n|-terastallize|p1b: Sneasler|Flying\n|move|p1b: Sneasler|Acrobatics|p2b: Thundurus\n|-resisted|p2b: Thundurus\n|-damage|p2b: Thundurus|9\/100\n|move|p1a: Ninetales|Aurora Veil|p1a: Ninetales\n|-sidestart|p1: GBarmada|move: Aurora Veil\n|move|p2b: Thundurus|Flash Cannon|p1a: Ninetales\n|-supereffective|p1a: Ninetales\n|-damage|p1a: Ninetales|40\/100\n|move|p2a: Gastrodon|Earth Power|p1b: Sneasler\n|-immune|p1b: Sneasler\n|\n|-weather|Snow|[upkeep]\n|-heal|p1a: Ninetales|46\/100|[from] Grassy Terrain\n|upkeep\n|turn|6\n|\n|t:|1700705403\n|switch|p1a: Rillaboom|Rillaboom, F|97\/100 par\n|move|p1b: Sneasler|Protect|p1b: Sneasler\n|-singleturn|p1b: Sneasler|Protect\n|move|p2b: Thundurus|Wildbolt Storm|p1a: Rillaboom|[spread] p1a\n|-activate|p1b: Sneasler|move: Protect\n|-resisted|p1a: Rillaboom\n|-damage|p1a: Rillaboom|91\/100 par\n|move|p2a: Gastrodon|Icy Wind|p1b: Sneasler|[spread] p1a\n|-activate|p1b: Sneasler|move: Protect\n|-supereffective|p1a: Rillaboom\n|-damage|p1a: Rillaboom|83\/100 par\n|-unboost|p1a: Rillaboom|spe|1\n|\n|-weather|Snow|[upkeep]\n|-heal|p1a: Rillaboom|90\/100 par|[from] Grassy Terrain\n|upkeep\n|turn|7\n|\n|t:|1700705417\n|cant|p1a: Rillaboom|par\n|move|p1b: Sneasler|Acrobatics|p2a: Gastrodon\n|-damage|p2a: Gastrodon|0 fnt\n|faint|p2a: Gastrodon\n|move|p2b: Thundurus|Wildbolt Storm|p1a: Rillaboom|[spread] p1b\n|-miss|p2b: Thundurus|p1a: Rillaboom\n|-supereffective|p1b: Sneasler\n|-damage|p1b: Sneasler|28\/100\n|\n|-weather|Snow|[upkeep]\n|-heal|p1a: Rillaboom|96\/100 par|[from] Grassy Terrain\n|-fieldend|move: Grassy Terrain\n|upkeep\n|\n|t:|1700705433\n|switch|p2a: Scizor|Scizor, F|100\/100\n|turn|8\n|\n|t:|1700705442\n|switch|p1a: Clefairy|Clefairy, F, shiny|1\/100\n|move|p1b: Sneasler|Protect|p1b: Sneasler\n|-singleturn|p1b: Sneasler|Protect\n|move|p2b: Thundurus|Thunder Wave|p1b: Sneasler\n|-activate|p1b: Sneasler|move: Protect\n|move|p2a: Scizor|Dual Wingbeat|p1b: Sneasler\n|-activate|p1b: Sneasler|move: Protect\n|\n|-weather|none\n|upkeep\n|turn|9\n|\n|t:|1700705471\n|switch|p2a: Walking Wake|Walking Wake|100\/100\n|-enditem|p2a: Walking Wake|Booster Energy\n|-activate|p2a: Walking Wake|ability: Protosynthesis|[fromitem]\n|-start|p2a: Walking Wake|protosynthesisspa\n|move|p1a: Clefairy|Follow Me|p1a: Clefairy\n|-singleturn|p1a: Clefairy|move: Follow Me\n|move|p1b: Sneasler|Acrobatics|p2a: Walking Wake\n|-damage|p2a: Walking Wake|0 fnt\n|faint|p2a: Walking Wake\n|-end|p2a: Walking Wake|Protosynthesis|[silent]\n|move|p2b: Thundurus|Wildbolt Storm|p1b: Sneasler|[spread] p1a,p1b\n|-supereffective|p1b: Sneasler\n|-damage|p1a: Clefairy|0 fnt\n|-damage|p1b: Sneasler|0 fnt\n|faint|p1a: Clefairy\n|faint|p1b: Sneasler\n|\n|upkeep\n|\n|t:|1700705502\n|switch|p2a: Scizor|Scizor, F|100\/100\n|switch|p1b: Chien-Pao|Chien-Pao|100\/100\n|switch|p1a: Iron Bundle|Iron Bundle|100\/100\n|-ability|p1b: Chien-Pao|Sword of Ruin\n|-enditem|p1a: Iron Bundle|Booster Energy\n|-activate|p1a: Iron Bundle|ability: Quark Drive|[fromitem]\n|-start|p1a: Iron Bundle|quarkdrivespe\n|turn|10\n|\n|t:|1700705512\n|move|p1b: Chien-Pao|Protect|p1b: Chien-Pao\n|-singleturn|p1b: Chien-Pao|Protect\n|move|p1a: Iron Bundle|Icy Wind|p2a: Scizor|[spread] p2a,p2b\n|-resisted|p2a: Scizor\n|-supereffective|p2b: Thundurus\n|-damage|p2a: Scizor|91\/100\n|-damage|p2b: Thundurus|0 fnt\n|-unboost|p2a: Scizor|spe|1\n|faint|p2b: Thundurus\n|move|p2a: Scizor|Dual Wingbeat|p1b: Chien-Pao\n|-activate|p1b: Chien-Pao|move: Protect\n|\n|upkeep\n|\n|t:|1700705518\n|switch|p2b: Kingambit|Kingambit, M|100\/100\n|-activate|p2b: Kingambit|ability: Supreme Overlord\n|-start|p2b: Kingambit|fallen4|[silent]\n|turn|11\n|j| Phaige\n|\n|t:|1700705540\n|move|p1a: Iron Bundle|Helping Hand|p1b: Chien-Pao\n|-singleturn|p1b: Chien-Pao|Helping Hand|[of] p1a: Iron Bundle\n|move|p2b: Kingambit|Sucker Punch|p1b: Chien-Pao\n|-resisted|p1b: Chien-Pao\n|-damage|p1b: Chien-Pao|74\/100\n|move|p1b: Chien-Pao|Sacred Sword|p2b: Kingambit\n|-supereffective|p2b: Kingambit\n|-damage|p2b: Kingambit|0 fnt\n|faint|p2b: Kingambit\n|-end|p2b: Kingambit|fallen4|[silent]\n|move|p2a: Scizor|Dual Wingbeat|p1b: Chien-Pao\n|-damage|p1b: Chien-Pao|42\/100\n|-damage|p1b: Chien-Pao|8\/100\n|-hitcount|p1b: Chien-Pao|2\n|\n|upkeep\n|turn|12\n|-message|tonyZ14 forfeited.\n|\n|win|GBarmada\n|raw|GBarmada's rating: 1394 &rarr; <strong>1418<\/strong><br \/>(+24 for winning)\n|raw|tonyZ14's rating: 1456 &rarr; <strong>1432<\/strong><br \/>(-24 for losing)\n|l|\u2606tonyZ14\n|c|\u2606GBarmada|GG WP\n","uploadtime":1700705624,"views":11,"p1id":"gbarmada","p2id":"tonyz14","formatid":"gen9doublesou","rating":1418,"private":0,"password":""}