{"id":"gen9doublesou-1967815932","p1":"Hlfukhdgddy","p2":"ndak tau","format":"[Gen 9] Doubles OU","log":"|html|<div class=\"broadcast-blue\"><strong>[Gen 9] Doubles OU is currently suspecting Basculegion & Flutter Mane! For information on how to participate check out the <a href=\"https:\/\/www.smogon.com\/forums\/threads\/np-sv-dou-stage-8-double-trouble.3729153\/\">suspect thread<\/a>.<\/strong><\/div>\n|j|\u2606Hlfukhdgddy\n|j|\u2606ndak tau\n|t:|1697341961\n|gametype|doubles\n|player|p1|Hlfukhdgddy|1|1000\n|player|p2|ndak tau|2|1000\n|teamsize|p1|6\n|teamsize|p2|6\n|gen|9\n|tier|[Gen 9] Doubles OU\n|rated|\n|rule|Species Clause: Limit one of each Pok\u00e9mon\n|rule|OHKO Clause: OHKO moves are banned\n|rule|Evasion Moves Clause: Evasion moves are banned\n|rule|Gravity Sleep Clause: The combination of sleep-inducing moves with imperfect accuracy and Gravity or Gigantamax Orbeetle are banned\n|rule|Endless Battle Clause: Forcing endless battles is banned\n|rule|HP Percentage Mod: HP is shown in percentages\n|clearpoke\n|poke|p1|Great Tusk|\n|poke|p1|Tornadus, M|\n|poke|p1|Cyclizar, F|\n|poke|p1|Clefairy, F|\n|poke|p1|Azumarill, F|\n|poke|p1|Amoonguss, F|\n|poke|p2|Indeedee-F, F|\n|poke|p2|Dragonite, M|\n|poke|p2|Gholdengo|\n|poke|p2|Chien-Pao|\n|poke|p2|Jirachi|\n|poke|p2|Infernape, M|\n|teampreview\n|\n|t:|1697341969\n|start\n|switch|p1a: Tornadus|Tornadus, M|100\/100\n|switch|p1b: Cyclizar|Cyclizar, F|100\/100\n|switch|p2a: Indeedee|Indeedee-F, F|100\/100\n|switch|p2b: Dragonite|Dragonite, M|100\/100\n|turn|1\n|\n|t:|1697341989\n|move|p2a: Indeedee|Follow Me|p2a: Indeedee\n|-singleturn|p2a: Indeedee|move: Follow Me\n|move|p1a: Tornadus|Taunt|p2a: Indeedee\n|-start|p2a: Indeedee|move: Taunt\n|move|p1b: Cyclizar|Shed Tail|p1b: Cyclizar\n|-start|p1b: Cyclizar|Substitute|[from] move: Shed Tail\n|-damage|p1b: Cyclizar|50\/100\n|-enditem|p1b: Cyclizar|Sitrus Berry|[eat]\n|-heal|p1b: Cyclizar|75\/100|[from] item: Sitrus Berry\n|\n|t:|1697341998\n|switch|p1b: Great Tusk|Great Tusk|100\/100|[from] Shed Tail\n|move|p2b: Dragonite|Dragon Dance|p2b: Dragonite\n|-boost|p2b: Dragonite|atk|1\n|-boost|p2b: Dragonite|spe|1\n|\n|upkeep\n|turn|2\n|\n|t:|1697342028\n|move|p1b: Great Tusk|Protect|p1b: Great Tusk\n|-singleturn|p1b: Great Tusk|Protect\n|move|p2b: Dragonite|Extreme Speed|p1a: Tornadus\n|-damage|p1a: Tornadus|26\/100\n|move|p1a: Tornadus|Taunt|p2b: Dragonite\n|-start|p2b: Dragonite|move: Taunt\n|-activate|p2a: Indeedee|move: Struggle\n|move|p2a: Indeedee|Struggle|p1a: Tornadus\n|-damage|p1a: Tornadus|20\/100\n|-damage|p2a: Indeedee|75\/100|[from] recoil\n|\n|-heal|p1a: Tornadus|26\/100|[from] item: Leftovers\n|upkeep\n|turn|3\n|\n|t:|1697342054\n|switch|p1a: Clefairy|Clefairy, F|100\/100\n|move|p2b: Dragonite|Extreme Speed|p1a: Clefairy\n|-damage|p1a: Clefairy|40\/100\n|move|p1b: Great Tusk|Defense Curl|p1b: Great Tusk\n|-boost|p1b: Great Tusk|def|1\n|-activate|p2a: Indeedee|move: Struggle\n|move|p2a: Indeedee|Struggle|p1a: Clefairy\n|-damage|p1a: Clefairy|33\/100\n|-damage|p2a: Indeedee|50\/100|[from] recoil\n|\n|upkeep\n|turn|4\n|\n|t:|1697342074\n|-terastallize|p1b: Great Tusk|Rock\n|move|p2b: Dragonite|Extreme Speed|p1a: Clefairy\n|-damage|p1a: Clefairy|0 fnt\n|faint|p1a: Clefairy\n|move|p1b: Great Tusk|Rollout|p2b: Dragonite|[miss]\n|-miss|p1b: Great Tusk|p2b: Dragonite\n|-activate|p2a: Indeedee|move: Struggle\n|move|p2a: Indeedee|Struggle|p1b: Great Tusk\n|-activate|p1b: Great Tusk|move: Substitute|[damage]\n|-damage|p2a: Indeedee|25\/100|[from] recoil\n|\n|-end|p2a: Indeedee|move: Taunt\n|upkeep\n|\n|t:|1697342091\n|switch|p1a: Amoonguss|Amoonguss, F|100\/100\n|turn|5\n|\n|t:|1697342111\n|move|p2a: Indeedee|Helping Hand|p2b: Dragonite\n|-singleturn|p2b: Dragonite|Helping Hand|[of] p2a: Indeedee\n|move|p1b: Great Tusk|Protect|p1b: Great Tusk\n|-singleturn|p1b: Great Tusk|Protect\n|move|p2b: Dragonite|Extreme Speed|p1a: Amoonguss\n|-damage|p1a: Amoonguss|15\/100\n|move|p1a: Amoonguss|Spore|p2b: Dragonite\n|-status|p2b: Dragonite|slp|[from] move: Spore\n|\n|-heal|p1a: Amoonguss|21\/100|[from] item: Leftovers\n|-end|p2b: Dragonite|move: Taunt\n|upkeep\n|turn|6\n|\n|t:|1697342137\n|switch|p1a: Tornadus|Tornadus, M|26\/100\n|cant|p2b: Dragonite|slp\n|move|p1b: Great Tusk|Rollout|p2b: Dragonite|[miss]\n|-miss|p1b: Great Tusk|p2b: Dragonite\n|move|p2a: Indeedee|Reflect|p2a: Indeedee\n|-sidestart|p2: ndak tau|Reflect\n|\n|-heal|p1a: Tornadus|32\/100|[from] item: Leftovers\n|upkeep\n|turn|7\n|\n|t:|1697342157\n|move|p2a: Indeedee|Follow Me|p2a: Indeedee\n|-singleturn|p2a: Indeedee|move: Follow Me\n|move|p1a: Tornadus|Taunt|p2a: Indeedee\n|-start|p2a: Indeedee|move: Taunt\n|cant|p2b: Dragonite|slp\n|move|p1b: Great Tusk|Rollout|p2a: Indeedee\n|-damage|p2a: Indeedee|0 fnt\n|-damage|p1b: Great Tusk|84\/100|[from] item: Rocky Helmet|[of] p2a: Indeedee\n|faint|p2a: Indeedee\n|\n|-heal|p1b: Great Tusk|90\/100|[from] item: Leftovers\n|-heal|p1a: Tornadus|38\/100|[from] item: Leftovers\n|upkeep\n|\n|t:|1697342173\n|switch|p2a: Chien-Pao|Chien-Pao|100\/100\n|-ability|p2a: Chien-Pao|Sword of Ruin\n|turn|8\n|\n|t:|1697342182\n|move|p1a: Tornadus|Tailwind|p1a: Tornadus\n|-sidestart|p1: Hlfukhdgddy|move: Tailwind\n|move|p1b: Great Tusk|Rollout|p2b: Dragonite|[from]lockedmove\n|-supereffective|p2b: Dragonite\n|-damage|p2b: Dragonite|0 fnt\n|faint|p2b: Dragonite\n|move|p2a: Chien-Pao|Ice Fang|p1a: Tornadus\n|-supereffective|p1a: Tornadus\n|-damage|p1a: Tornadus|0 fnt\n|faint|p1a: Tornadus\n|\n|-heal|p1b: Great Tusk|96\/100|[from] item: Leftovers\n|upkeep\n|\n|t:|1697342200\n|switch|p2b: Infernape|Infernape, M|100\/100\n|switch|p1a: Cyclizar|Cyclizar, F|100\/100\n|turn|9\n|\n|t:|1697342227\n|move|p1a: Cyclizar|Shed Tail|p1a: Cyclizar\n|-start|p1a: Cyclizar|Substitute|[from] move: Shed Tail\n|-damage|p1a: Cyclizar|50\/100\n|\n|t:|1697342230\n|switch|p1a: Azumarill|Azumarill, F|100\/100|[from] Shed Tail\n|move|p1b: Great Tusk|Rollout|p2b: Infernape|[from]lockedmove\n|-damage|p2b: Infernape|0 fnt\n|faint|p2b: Infernape\n|move|p2a: Chien-Pao|Ice Fang|p1b: Great Tusk\n|-end|p1b: Great Tusk|Substitute\n|\n|-heal|p1b: Great Tusk|100\/100|[from] item: Leftovers\n|upkeep\n|\n|t:|1697342243\n|switch|p2b: Jirachi|Jirachi|100\/100\n|turn|10\n|\n|t:|1697342256\n|move|p2b: Jirachi|Helping Hand|p2a: Chien-Pao\n|-singleturn|p2a: Chien-Pao|Helping Hand|[of] p2b: Jirachi\n|move|p1b: Great Tusk|Rollout|p2b: Jirachi|[from]lockedmove\n|-resisted|p2b: Jirachi\n|-damage|p2b: Jirachi|0 fnt\n|faint|p2b: Jirachi\n|move|p2a: Chien-Pao|Ice Fang|p1b: Great Tusk\n|-damage|p1b: Great Tusk|70\/100\n|move|p1a: Azumarill|Defense Curl|p1a: Azumarill\n|-boost|p1a: Azumarill|def|1\n|\n|-heal|p1b: Great Tusk|76\/100|[from] item: Leftovers\n|-sideend|p2: ndak tau|Reflect\n|upkeep\n|\n|t:|1697342268\n|switch|p2b: Gholdengo|Gholdengo|100\/100\n|-item|p2b: Gholdengo|Air Balloon\n|turn|11\n|inactive|Battle timer is ON: inactive players will automatically lose when time's up. (requested by Hlfukhdgddy)\n|\n|t:|1697342314\n|-terastallize|p2b: Gholdengo|Steel\n|move|p1b: Great Tusk|Rollout|p2b: Gholdengo|[from]lockedmove\n|-resisted|p2b: Gholdengo\n|-damage|p2b: Gholdengo|0 fnt\n|-enditem|p2b: Gholdengo|Air Balloon\n|faint|p2b: Gholdengo\n|move|p2a: Chien-Pao|Ice Fang|p1b: Great Tusk\n|-damage|p1b: Great Tusk|54\/100\n|move|p1a: Azumarill|Rollout|p2a: Chien-Pao\n|-supereffective|p2a: Chien-Pao\n|-damage|p2a: Chien-Pao|67\/100\n|\n|-heal|p1b: Great Tusk|60\/100|[from] item: Leftovers\n|-sideend|p1: Hlfukhdgddy|move: Tailwind\n|upkeep\n|turn|12\n|\n|t:|1697342337\n|move|p1b: Great Tusk|Protect|p1b: Great Tusk\n|-singleturn|p1b: Great Tusk|Protect\n|move|p2a: Chien-Pao|Ice Fang|p1b: Great Tusk\n|-activate|p1b: Great Tusk|move: Protect\n|move|p1a: Azumarill|Rollout|p2a: Chien-Pao|[from]lockedmove\n|-supereffective|p2a: Chien-Pao\n|-damage|p2a: Chien-Pao|0 fnt\n|faint|p2a: Chien-Pao\n|\n|win|Hlfukhdgddy\n|raw|Hlfukhdgddy's rating: 1000 &rarr; <strong>1040<\/strong><br \/>(+40 for winning)\n|raw|ndak tau's rating: 1000 &rarr; <strong>1000<\/strong><br \/>(+0 for losing)\n","uploadtime":1697342350,"views":16,"p1id":"hlfukhdgddy","p2id":"ndaktau","formatid":"gen9doublesou","rating":1000,"private":0,"password":""}