{"id":"gen9doublesou-1980129497","p1":"shadowmaster6 789","p2":"spcplayzz","format":"[Gen 9] Doubles OU","log":"|j|\u2606shadowmaster6 789\n|j|\u2606spcplayzz\n|t:|1698759939\n|gametype|doubles\n|player|p1|shadowmaster6 789|morty|\n|player|p2|spcplayzz|fantina|\n|teamsize|p1|6\n|teamsize|p2|6\n|gen|9\n|tier|[Gen 9] Doubles OU\n|rule|Species Clause: Limit one of each Pok\u00e9mon\n|rule|OHKO Clause: OHKO moves are banned\n|rule|Evasion Moves Clause: Evasion moves are banned\n|rule|Gravity Sleep Clause: The combination of sleep-inducing moves with imperfect accuracy and Gravity or Gigantamax Orbeetle are banned\n|rule|Endless Battle Clause: Forcing endless battles is banned\n|rule|HP Percentage Mod: HP is shown in percentages\n|clearpoke\n|poke|p1|Cresselia, F|\n|poke|p1|Diancie|\n|poke|p1|Ursaluna, M|\n|poke|p1|Grimmsnarl, M|\n|poke|p1|Ogerpon-Wellspring, F|\n|poke|p1|Roaring Moon|\n|poke|p2|Ninetales-Alola, F|\n|poke|p2|Ogerpon-Wellspring, F|\n|poke|p2|Flutter Mane|\n|poke|p2|Landorus-Therian, M|\n|poke|p2|Roaring Moon|\n|poke|p2|Heatran, M|\n|teampreview\n|inactive|Battle timer is ON: inactive players will automatically lose when time's up. (requested by spcplayzz)\n|c|\u2606shadowmaster6 789|do you have a volcanion team actually\n|c|\u2606spcplayzz|yea\n|inactive|shadowmaster6 789 has 270 seconds left.\n|inactive|spcplayzz has 270 seconds left.\n|c|\u2606shadowmaster6 789|alright I wanna test against that next game\n|c|\u2606spcplayzz|sure\n|c|\u2606shadowmaster6 789|that mu looks a bit tough\n|\n|t:|1698759993\n|start\n|switch|p1a: Grimmsnarl|Grimmsnarl, M|100\/100\n|switch|p1b: Diancie|Diancie|100\/100\n|switch|p2a: Heatran|Heatran, M|100\/100\n|switch|p2b: Flutter Mane|Flutter Mane|100\/100\n|turn|1\n|inactive|shadowmaster6 789 has 270 seconds left.\n|inactive|spcplayzz has 270 seconds left.\n|\n|t:|1698760044\n|move|p1b: Diancie|Protect|p1b: Diancie\n|-singleturn|p1b: Diancie|Protect\n|move|p1a: Grimmsnarl|Light Screen|p1a: Grimmsnarl\n|-sidestart|p1: shadowmaster6 789|move: Light Screen\n|move|p2b: Flutter Mane|Dazzling Gleam|p1a: Grimmsnarl|[spread] p1a\n|-activate|p1b: Diancie|move: Protect\n|-supereffective|p1a: Grimmsnarl\n|-damage|p1a: Grimmsnarl|49\/100\n|move|p2a: Heatran|Earth Power|p1b: Diancie\n|-activate|p1b: Diancie|move: Protect\n|\n|upkeep\n|turn|2\n|inactive|spcplayzz has 270 seconds left.\n|\n|t:|1698760070\n|move|p1a: Grimmsnarl|Imprison|p1a: Grimmsnarl\n|-start|p1a: Grimmsnarl|move: Imprison\n|cant|p2b: Flutter Mane|move: Imprison|Dazzling Gleam\n|move|p2a: Heatran|Earth Power|p1b: Diancie\n|-supereffective|p1b: Diancie\n|-damage|p1b: Diancie|73\/100\n|-enditem|p1b: Diancie|Weakness Policy\n|-boost|p1b: Diancie|atk|2|[from] item: Weakness Policy\n|-boost|p1b: Diancie|spa|2|[from] item: Weakness Policy\n|move|p1b: Diancie|Trick Room|p1b: Diancie\n|-fieldstart|move: Trick Room|[of] p1b: Diancie\n|\n|upkeep\n|turn|3\n|inactive|spcplayzz has 270 seconds left.\n|c|\u2606spcplayzz|oh damn\n|c|\u2606shadowmaster6 789|there's a lot on this team\n|inactive|shadowmaster6 789 has 270 seconds left.\n|inactive|shadowmaster6 789 has 240 seconds left.\n|\n|t:|1698760150\n|switch|p1a: Ursaluna|Ursaluna, M|100\/100\n|-end|p2b: Flutter Mane|Protosynthesis|[silent]\n|switch|p2b: Ogerpon|Ogerpon-Wellspring, F|100\/100\n|move|p1b: Diancie|Protect|p1b: Diancie\n|-singleturn|p1b: Diancie|Protect\n|move|p2a: Heatran|Flash Cannon|p1b: Diancie\n|-activate|p1b: Diancie|move: Protect\n|\n|-status|p1a: Ursaluna|brn|[from] item: Flame Orb\n|upkeep\n|turn|4\n|inactive|spcplayzz has 270 seconds left.\n|inactive|shadowmaster6 789 has 240 seconds left.\n|inactive|spcplayzz has 240 seconds left.\n|\n|t:|1698760191\n|move|p2b: Ogerpon|Spiky Shield|p2b: Ogerpon\n|-singleturn|p2b: Ogerpon|move: Protect\n|move|p1a: Ursaluna|Facade|p2b: Ogerpon\n|-activate|p2b: Ogerpon|move: Protect\n|-damage|p1a: Ursaluna|88\/100 brn|[from] Spiky Shield|[of] p2b: Ogerpon\n|move|p1b: Diancie|Baton Pass|p1b: Diancie\n|\n|t:|1698760205\n|switch|p1b: Cresselia|Cresselia, F|100\/100|[from] Baton Pass\n|move|p2a: Heatran|Flash Cannon|p1b: Cresselia\n|-damage|p1b: Cresselia|81\/100\n|\n|-damage|p1a: Ursaluna|82\/100 brn|[from] brn\n|upkeep\n|turn|5\n|inactive|shadowmaster6 789 has 240 seconds left.\n|\n|t:|1698760233\n|switch|p2a: Landorus|Landorus-Therian, M|100\/100\n|-ability|p2a: Landorus|Intimidate|boost\n|-unboost|p1a: Ursaluna|atk|1\n|-unboost|p1b: Cresselia|atk|1\n|move|p1a: Ursaluna|Earthquake|p2a: Landorus|[spread] p2b\n|-immune|p1b: Cresselia|[from] ability: Levitate\n|-immune|p2a: Landorus\n|-resisted|p2b: Ogerpon\n|-damage|p2b: Ogerpon|80\/100\n|move|p1b: Cresselia|Stored Power|p2b: Ogerpon\n|-damage|p2b: Ogerpon|44\/100\n|move|p2b: Ogerpon|Ivy Cudgel|p1a: Ursaluna\n|-supereffective|p1a: Ursaluna\n|-damage|p1a: Ursaluna|8\/100 brn\n|\n|-damage|p1a: Ursaluna|2\/100 brn|[from] brn\n|upkeep\n|turn|6\n|inactive|shadowmaster6 789 has 240 seconds left.\n|\n|t:|1698760258\n|move|p1a: Ursaluna|Facade|p2a: Landorus\n|-damage|p2a: Landorus|10\/100\n|move|p1b: Cresselia|Lunar Blessing|p1b: Cresselia|[spread] p1a,p1b\n|-heal|p1a: Ursaluna|27\/100 brn\n|-curestatus|p1a: Ursaluna|brn|[msg]\n|-heal|p1b: Cresselia|100\/100\n|move|p2a: Landorus|U-turn|p1b: Cresselia\n|-supereffective|p1b: Cresselia\n|-damage|p1b: Cresselia|69\/100\n|\n|t:|1698760270\n|switch|p2a: Roaring Moon|Roaring Moon|100\/100|[from] U-turn\n|-enditem|p2a: Roaring Moon|Booster Energy\n|-activate|p2a: Roaring Moon|ability: Protosynthesis|[fromitem]\n|-start|p2a: Roaring Moon|protosynthesisspe\n|move|p2b: Ogerpon|Ivy Cudgel|p1b: Cresselia\n|-damage|p1b: Cresselia|35\/100\n|\n|-fieldend|move: Trick Room\n|-status|p1a: Ursaluna|brn|[from] item: Flame Orb\n|upkeep\n|turn|7\n|inactive|shadowmaster6 789 has 240 seconds left.\n|\n|t:|1698760328\n|-terastallize|p2a: Roaring Moon|Flying\n|move|p2a: Roaring Moon|Acrobatics|p1b: Cresselia\n|-damage|p1b: Cresselia|1\/100\n|move|p2b: Ogerpon|Horn Leech|p1a: Ursaluna\n|-supereffective|p1a: Ursaluna\n|-damage|p1a: Ursaluna|0 fnt\n|-heal|p2b: Ogerpon|61\/100|[from] drain|[of] p1a: Ursaluna\n|faint|p1a: Ursaluna\n|move|p1b: Cresselia|Moonblast|p2a: Roaring Moon\n|-damage|p2a: Roaring Moon|68\/100\n|\n|upkeep\n|inactive|shadowmaster6 789 has 210 seconds left.\n|inactive|shadowmaster6 789 has 180 seconds left.\n|\n|t:|1698760370\n|switch|p1a: Roaring Moon|Roaring Moon|100\/100\n|-enditem|p1a: Roaring Moon|Booster Energy\n|-activate|p1a: Roaring Moon|ability: Protosynthesis|[fromitem]\n|-start|p1a: Roaring Moon|protosynthesisatk\n|turn|8\n|inactive|spcplayzz has 270 seconds left.\n|\n|t:|1698760389\n|move|p2a: Roaring Moon|Tailwind|p2a: Roaring Moon\n|-sidestart|p2: spcplayzz|move: Tailwind\n|move|p2b: Ogerpon|Ivy Cudgel|p1b: Cresselia\n|-damage|p1b: Cresselia|0 fnt\n|faint|p1b: Cresselia\n|move|p1a: Roaring Moon|Dragon Dance|p1a: Roaring Moon\n|-boost|p1a: Roaring Moon|atk|1\n|-boost|p1a: Roaring Moon|spe|1\n|\n|-sideend|p1: shadowmaster6 789|move: Light Screen\n|upkeep\n|\n|t:|1698760398\n|switch|p1b: Diancie|Diancie|73\/100\n|turn|9\n|inactive|shadowmaster6 789 has 210 seconds left.\n|inactive|shadowmaster6 789 has 180 seconds left.\n|\n|t:|1698760449\n|-terastallize|p1b: Diancie|Grass\n|move|p2a: Roaring Moon|Acrobatics|p1a: Roaring Moon\n|-damage|p1a: Roaring Moon|26\/100\n|move|p1a: Roaring Moon|Breaking Swipe|p2a: Roaring Moon|[spread] p2a,p2b\n|-damage|p2a: Roaring Moon|9\/100\n|-damage|p2b: Ogerpon|16\/100\n|-unboost|p2a: Roaring Moon|atk|1\n|-unboost|p2b: Ogerpon|atk|1\n|move|p2b: Ogerpon|Ivy Cudgel|p1a: Roaring Moon\n|-resisted|p1a: Roaring Moon\n|-damage|p1a: Roaring Moon|1\/100\n|move|p1b: Diancie|Trick Room|p1b: Diancie\n|-fieldstart|move: Trick Room|[of] p1b: Diancie\n|\n|upkeep\n|turn|10\n|c|\u2606spcplayzz|what with the 1%'s\n|c|\u2606spcplayzz|lol\n|inactive|shadowmaster6 789 has 180 seconds left.\n|inactive|spcplayzz has 270 seconds left.\n|c|\u2606shadowmaster6 789|idk but that might hurt for my positioning\n|\n|t:|1698760492\n|-end|p1a: Roaring Moon|Protosynthesis|[silent]\n|switch|p1a: Ogerpon|Ogerpon-Wellspring, F|100\/100\n|move|p2b: Ogerpon|Spiky Shield|p2b: Ogerpon\n|-singleturn|p2b: Ogerpon|move: Protect\n|move|p2a: Roaring Moon|Protect|p2a: Roaring Moon\n|-singleturn|p2a: Roaring Moon|Protect\n|move|p1b: Diancie|Diamond Storm|p2b: Ogerpon|[spread] \n|-activate|p2a: Roaring Moon|move: Protect\n|-activate|p2b: Ogerpon|move: Protect\n|\n|upkeep\n|turn|11\n|inactive|shadowmaster6 789 has 180 seconds left.\n|\n|t:|1698760513\n|switch|p2b: Landorus|Landorus-Therian, M|10\/100\n|-ability|p2b: Landorus|Intimidate|boost\n|-unboost|p1a: Ogerpon|atk|1\n|-fail|p1b: Diancie|unboost|[from] ability: Clear Body|[of] p1b: Diancie\n|move|p1b: Diancie|Diamond Storm|p2b: Landorus|[spread] p2a,p2b\n|-supereffective|p2a: Roaring Moon\n|-damage|p2a: Roaring Moon|0 fnt\n|-damage|p2b: Landorus|0 fnt\n|faint|p2a: Roaring Moon\n|-end|p2a: Roaring Moon|Protosynthesis|[silent]\n|faint|p2b: Landorus\n|move|p1a: Ogerpon|Swords Dance|p1a: Ogerpon\n|-boost|p1a: Ogerpon|atk|2\n|\n|-sideend|p2: spcplayzz|move: Tailwind\n|upkeep\n|inactive|spcplayzz has 270 seconds left.\n|\n|t:|1698760549\n|switch|p2b: Ogerpon|Ogerpon-Wellspring, F|16\/100\n|switch|p2a: Ninetales|Ninetales-Alola, F|100\/100\n|-weather|Snow|[from] ability: Snow Warning|[of] p2a: Ninetales\n|turn|12\n|inactive|shadowmaster6 789 has 180 seconds left.\n|inactive|spcplayzz has 240 seconds left.\n|\n|t:|1698760609\n|move|p1b: Diancie|Diamond Storm|p2a: Ninetales|[spread] p2a,p2b\n|-supereffective|p2a: Ninetales\n|-damage|p2a: Ninetales|58\/100\n|-damage|p2b: Ogerpon|0 fnt\n|-boost|p1b: Diancie|def|2\n|faint|p2b: Ogerpon\n|move|p2a: Ninetales|Encore|p1a: Ogerpon\n|-start|p1a: Ogerpon|Encore\n|move|p1a: Ogerpon|Swords Dance|p1a: Ogerpon\n|-boost|p1a: Ogerpon|atk|2\n|\n|-weather|Snow|[upkeep]\n|upkeep\n|\n|t:|1698760631\n|switch|p2b: Flutter Mane|Flutter Mane|100\/100\n|turn|13\n|inactive|spcplayzz has 240 seconds left.\n|inactive|shadowmaster6 789 has 180 seconds left.\n|inactive|shadowmaster6 789 has 150 seconds left.\n|\n|t:|1698760674\n|switch|p1a: Roaring Moon|Roaring Moon|1\/100\n|move|p1b: Diancie|Diamond Storm|p2a: Ninetales|[spread] p2a,p2b\n|-supereffective|p2a: Ninetales\n|-damage|p2a: Ninetales|21\/100\n|-damage|p2b: Flutter Mane|50\/100\n|-boost|p1b: Diancie|def|2\n|move|p2a: Ninetales|Blizzard|p1b: Diancie|[spread] p1a,p1b\n|-supereffective|p1a: Roaring Moon\n|-supereffective|p1b: Diancie\n|-damage|p1a: Roaring Moon|0 fnt\n|-damage|p1b: Diancie|44\/100\n|faint|p1a: Roaring Moon\n|-end|p1a: Roaring Moon|Protosynthesis|[silent]\n|move|p2b: Flutter Mane|Dazzling Gleam|p1b: Diancie\n|-damage|p1b: Diancie|0 fnt\n|faint|p1b: Diancie\n|\n|-weather|Snow|[upkeep]\n|-fieldend|move: Trick Room\n|upkeep\n|\n|t:|1698760676\n|switch|p1a: Grimmsnarl|Grimmsnarl, M|49\/100\n|switch|p1b: Ogerpon|Ogerpon-Wellspring, F|100\/100\n|turn|14\n|\n|t:|1698760699\n|move|p1a: Grimmsnarl|Light Screen|p1a: Grimmsnarl\n|-sidestart|p1: shadowmaster6 789|move: Light Screen\n|move|p2b: Flutter Mane|Dazzling Gleam|p1b: Ogerpon|[spread] p1a,p1b\n|-supereffective|p1a: Grimmsnarl\n|-damage|p1a: Grimmsnarl|0 fnt\n|-damage|p1b: Ogerpon|59\/100\n|faint|p1a: Grimmsnarl\n|move|p1b: Ogerpon|Ivy Cudgel|p2b: Flutter Mane\n|-damage|p2b: Flutter Mane|0 fnt\n|faint|p2b: Flutter Mane\n|-end|p2b: Flutter Mane|Protosynthesis|[silent]\n|move|p2a: Ninetales|Aurora Veil|p2a: Ninetales\n|-sidestart|p2: spcplayzz|move: Aurora Veil\n|\n|-weather|Snow|[upkeep]\n|upkeep\n|\n|t:|1698760709\n|switch|p2b: Heatran|Heatran, M|100\/100\n|turn|15\n|inactive|spcplayzz has 270 seconds left.\n|\n|t:|1698760715\n|move|p1b: Ogerpon|Horn Leech|p2a: Ninetales\n|-damage|p2a: Ninetales|0 fnt\n|-heal|p1b: Ogerpon|70\/100|[from] drain|[of] p2a: Ninetales\n|faint|p2a: Ninetales\n|move|p2b: Heatran|Heat Wave|p1b: Ogerpon\n|-damage|p1b: Ogerpon|31\/100\n|\n|-weather|Snow|[upkeep]\n|upkeep\n|turn|16\n|inactive|shadowmaster6 789 has 210 seconds left.\n|\n|t:|1698760729\n|move|p1b: Ogerpon|Substitute|p1b: Ogerpon\n|-start|p1b: Ogerpon|Substitute\n|-damage|p1b: Ogerpon|6\/100\n|move|p2b: Heatran|Heat Wave|p1b: Ogerpon\n|-end|p1b: Ogerpon|Substitute\n|\n|-weather|none\n|upkeep\n|turn|17\n|\n|t:|1698760749\n|move|p1b: Ogerpon|Ivy Cudgel|p2b: Heatran\n|-supereffective|p2b: Heatran\n|-damage|p2b: Heatran|35\/100\n|move|p2b: Heatran|Flash Cannon|p1b: Ogerpon\n|-resisted|p1b: Ogerpon\n|-damage|p1b: Ogerpon|0 fnt\n|faint|p1b: Ogerpon\n|\n|win|spcplayzz\n|c|\u2606spcplayzz|gg\n|c|\u2606shadowmaster6 789|that was unoptimal\n|c|\u2606shadowmaster6 789|oops\n|c|\u2606shadowmaster6 789|forgot yuou could just switch to flash\n|c|\u2606shadowmaster6 789|but ye gg\n|c|\u2606shadowmaster6 789|if only rm went down\n|c|\u2606spcplayzz|what was the set\n|c|\u2606spcplayzz|on ogypon\n|c|\u2606shadowmaster6 789|I showed all 4\n|c|\u2606spcplayzz|no like evs\n|c|\u2606spcplayzz|max speed max attack?\n|c|\u2606shadowmaster6 789|unoptimized\n|c|\u2606shadowmaster6 789|ye\n|c|\u2606spcplayzz|oh\n|c|\u2606shadowmaster6 789|I just wanted to test the concept first\n|c|\u2606shadowmaster6 789|I kinda suck at eving\n|c|\u2606shadowmaster6 789|I'll see\n|l|\u2606spcplayzz\n|l|\u2606shadowmaster6 789\n|j|\u2606spcplayzz\n|player|p2|spcplayzz|fantina\n","uploadtime":1698761499,"views":11,"p1id":"shadowmaster6789","p2id":"spcplayzz","formatid":"gen9doublesou","rating":0,"private":0,"password":""}