{"id":"gen9doublesou-1993427255","p1":"GamingClauss","p2":"SoloNecro","format":"[Gen 9] Doubles OU","log":"|j|\u2606GamingClauss\n|j|\u2606SoloNecro\n|t:|1700316497\n|gametype|doubles\n|player|p1|GamingClauss|nate|\n|player|p2|SoloNecro|cynthia|\n|teamsize|p1|6\n|teamsize|p2|6\n|gen|9\n|tier|[Gen 9] Doubles OU\n|rule|Species Clause: Limit one of each Pok\u00e9mon\n|rule|OHKO Clause: OHKO moves are banned\n|rule|Evasion Moves Clause: Evasion moves are banned\n|rule|Gravity Sleep Clause: The combination of sleep-inducing moves with imperfect accuracy and Gravity or Gigantamax Orbeetle are banned\n|rule|Endless Battle Clause: Forcing endless battles is banned\n|rule|HP Percentage Mod: HP is shown in percentages\n|clearpoke\n|poke|p1|Typhlosion-Hisui, M|\n|poke|p1|Ceruledge, M|\n|poke|p1|Gholdengo|\n|poke|p1|Skeledirge, M|\n|poke|p1|Flutter Mane|\n|poke|p1|Gengar, M|\n|poke|p2|Ninetales-Alola, F|\n|poke|p2|Chien-Pao|\n|poke|p2|Cetitan, F|\n|poke|p2|Baxcalibur, M|\n|poke|p2|Mamoswine, F|\n|poke|p2|Sandslash-Alola, M|\n|teampreview\n|j| SD8008\n|\n|t:|1700316515\n|start\n|switch|p1a: Naked Banana|Gholdengo, shiny|100\/100\n|switch|p1b: Flyingsomethingidk|Flutter Mane, shiny|100\/100\n|switch|p2a: Ninetales|Ninetales-Alola, F|100\/100\n|switch|p2b: Mamoswine|Mamoswine, F|100\/100\n|-weather|Snow|[from] ability: Snow Warning|[of] p2a: Ninetales\n|-enditem|p1b: Flyingsomethingidk|Booster Energy\n|-activate|p1b: Flyingsomethingidk|ability: Protosynthesis|[fromitem]\n|-start|p1b: Flyingsomethingidk|protosynthesisspe\n|turn|1\n|\n|t:|1700316543\n|move|p2a: Ninetales|Protect|p2a: Ninetales\n|-singleturn|p2a: Ninetales|Protect\n|move|p1b: Flyingsomethingidk|Mystical Fire|p2a: Ninetales\n|-activate|p2a: Ninetales|move: Protect\n|move|p1a: Naked Banana|Make It Rain|p2b: Mamoswine|[spread] p2b\n|-activate|p2a: Ninetales|move: Protect\n|-supereffective|p2b: Mamoswine\n|-damage|p2b: Mamoswine|0 fnt\n|-unboost|p1a: Naked Banana|spa|1\n|faint|p2b: Mamoswine\n|\n|-weather|Snow|[upkeep]\n|upkeep\n|\n|t:|1700316559\n|switch|p2b: Sandslash|Sandslash-Alola, M|100\/100\n|turn|2\n|c|\u2606GamingClauss|among us\n|\n|t:|1700316578\n|move|p1b: Flyingsomethingidk|Mystical Fire|p2a: Ninetales\n|-supereffective|p2a: Ninetales\n|-damage|p2a: Ninetales|40\/100\n|-unboost|p2a: Ninetales|spa|1\n|move|p2b: Sandslash|Knock Off|p1a: Naked Banana\n|-supereffective|p1a: Naked Banana\n|-damage|p1a: Naked Banana|38\/100\n|-enditem|p1a: Naked Banana|Choice Specs|[from] move: Knock Off|[of] p2b: Sandslash\n|move|p2a: Ninetales|Aurora Veil|p2a: Ninetales\n|-sidestart|p2: SoloNecro|move: Aurora Veil\n|move|p1a: Naked Banana|Make It Rain|p2a: Ninetales|[spread] p2a,p2b\n|-supereffective|p2a: Ninetales\n|-damage|p2a: Ninetales|0 fnt\n|-damage|p2b: Sandslash|78\/100\n|-unboost|p1a: Naked Banana|spa|1\n|faint|p2a: Ninetales\n|\n|-weather|Snow|[upkeep]\n|upkeep\n|\n|t:|1700316594\n|switch|p2a: Cetitan|Cetitan, F|100\/100\n|turn|3\n|\n|t:|1700316621\n|-terastallize|p2a: Cetitan|Water\n|move|p1b: Flyingsomethingidk|Mystical Fire|p2b: Sandslash\n|-supereffective|p2b: Sandslash\n|-damage|p2b: Sandslash|4\/100\n|-unboost|p2b: Sandslash|spa|1\n|move|p2a: Cetitan|Belly Drum|p2a: Cetitan\n|-damage|p2a: Cetitan|50\/100\n|-setboost|p2a: Cetitan|atk|6|[from] move: Belly Drum\n|-enditem|p2a: Cetitan|Sitrus Berry|[eat]\n|-heal|p2a: Cetitan|75\/100|[from] item: Sitrus Berry\n|move|p2b: Sandslash|Iron Head|p1b: Flyingsomethingidk\n|-supereffective|p1b: Flyingsomethingidk\n|-damage|p1b: Flyingsomethingidk|0 fnt\n|faint|p1b: Flyingsomethingidk\n|-end|p1b: Flyingsomethingidk|Protosynthesis|[silent]\n|move|p1a: Naked Banana|Substitute|p1a: Naked Banana\n|-start|p1a: Naked Banana|Substitute\n|-damage|p1a: Naked Banana|14\/100\n|\n|-weather|Snow|[upkeep]\n|upkeep\n|\n|t:|1700316640\n|switch|p1b: Sam Rat|Ceruledge, M, shiny|100\/100\n|turn|4\n|\n|t:|1700316660\n|move|p2a: Cetitan|Tera Blast|p1b: Sam Rat|[anim] Tera Blast Water\n|-supereffective|p1b: Sam Rat\n|-damage|p1b: Sam Rat|0 fnt\n|faint|p1b: Sam Rat\n|move|p2b: Sandslash|Drill Run|p1a: Naked Banana\n|-supereffective|p1a: Naked Banana\n|-crit|p1a: Naked Banana\n|-end|p1a: Naked Banana|Substitute\n|move|p1a: Naked Banana|Make It Rain|p2a: Cetitan|[spread] p2a,p2b\n|-resisted|p2a: Cetitan\n|-crit|p2b: Sandslash\n|-damage|p2a: Cetitan|66\/100\n|-damage|p2b: Sandslash|0 fnt\n|-unboost|p1a: Naked Banana|spa|1\n|faint|p2b: Sandslash\n|\n|-weather|Snow|[upkeep]\n|upkeep\n|\n|t:|1700316689\n|switch|p1b: Ginger|Gengar, M, shiny|100\/100\n|switch|p2b: Chien-Pao|Chien-Pao|100\/100\n|-ability|p2b: Chien-Pao|Sword of Ruin\n|turn|5\n|\n|t:|1700316720\n|move|p2a: Cetitan|Protect|p2a: Cetitan\n|-singleturn|p2a: Cetitan|Protect\n|move|p2b: Chien-Pao|Crunch|p1b: Ginger\n|-supereffective|p1b: Ginger\n|-damage|p1b: Ginger|0 fnt\n|faint|p1b: Ginger\n|move|p1a: Naked Banana|Steel Beam|p2b: Chien-Pao\n|-supereffective|p2b: Chien-Pao\n|-damage|p2b: Chien-Pao|37\/100\n|-damage|p1a: Naked Banana|0 fnt|[from] steelbeam\n|faint|p1a: Naked Banana\n|\n|-weather|none\n|upkeep\n|\n|t:|1700316732\n|switch|p1b: Komodo|Skeledirge, M, shiny|100\/100\n|switch|p1a: Fiery Shit|Typhlosion-Hisui, M|100\/100\n|turn|6\n|\n|t:|1700316746\n|move|p1b: Komodo|Protect|p1b: Komodo\n|-singleturn|p1b: Komodo|Protect\n|move|p1a: Fiery Shit|Eruption|p2a: Cetitan|[spread] p2a,p2b\n|-resisted|p2a: Cetitan\n|-crit|p2a: Cetitan\n|-supereffective|p2b: Chien-Pao\n|-damage|p2a: Cetitan|20\/100\n|-damage|p2b: Chien-Pao|0 fnt\n|faint|p2b: Chien-Pao\n|move|p2a: Cetitan|Tera Blast|p1b: Komodo|[anim] Tera Blast Water\n|-activate|p1b: Komodo|move: Protect\n|\n|upkeep\n|\n|t:|1700316756\n|switch|p2b: Baxcalibur|Baxcalibur, M|100\/100\n|turn|7\n|\n|t:|1700316782\n|move|p2a: Cetitan|Protect|p2a: Cetitan\n|-singleturn|p2a: Cetitan|Protect\n|move|p1a: Fiery Shit|Eruption|p2a: Cetitan|[spread] p2b\n|-activate|p2a: Cetitan|move: Protect\n|-damage|p2b: Baxcalibur|62\/100\n|-ability|p2b: Baxcalibur|Thermal Exchange|boost\n|-boost|p2b: Baxcalibur|atk|1\n|move|p2b: Baxcalibur|Scale Shot|p1a: Fiery Shit\n|-damage|p1a: Fiery Shit|65\/100\n|-damage|p1a: Fiery Shit|32\/100\n|-damage|p1a: Fiery Shit|0 fnt\n|faint|p1a: Fiery Shit\n|-hitcount|p1: Fiery Shit|3\n|-unboost|p2b: Baxcalibur|def|1\n|-boost|p2b: Baxcalibur|spe|1\n|move|p1b: Komodo|Torch Song|p2b: Baxcalibur\n|-damage|p2b: Baxcalibur|39\/100\n|-boost|p1b: Komodo|spa|1\n|-ability|p2b: Baxcalibur|Thermal Exchange|boost\n|-boost|p2b: Baxcalibur|atk|1\n|\n|upkeep\n|turn|8\n|\n|t:|1700316814\n|-terastallize|p1b: Komodo|Fire\n|move|p2b: Baxcalibur|High Horsepower|p1b: Komodo\n|-supereffective|p1b: Komodo\n|-damage|p1b: Komodo|52\/100\n|move|p2a: Cetitan|Tera Blast|p1b: Komodo|[anim] Tera Blast Water\n|-supereffective|p1b: Komodo\n|-damage|p1b: Komodo|5\/100\n|move|p1b: Komodo|Earthquake|p2a: Cetitan|[spread] p2a,p2b\n|-damage|p2a: Cetitan|11\/100\n|-damage|p2b: Baxcalibur|31\/100\n|\n|upkeep\n|turn|9\n|c|\u2606GamingClauss|brte\n|\n|t:|1700316829\n|move|p2b: Baxcalibur|High Horsepower|p1b: Komodo\n|-supereffective|p1b: Komodo\n|-damage|p1b: Komodo|0 fnt\n|faint|p1b: Komodo\n|\n|win|SoloNecro\n|c|\u2606GamingClauss|ggs\n|c|\u2606SoloNecro|ggwp\n|c|\u2606SoloNecro|nt\n|l|\u2606GamingClauss\n|j|\u2606GamingClauss\n|player|p1|GamingClauss|nate\n","uploadtime":1700316852,"views":13,"p1id":"gamingclauss","p2id":"solonecro","formatid":"gen9doublesou","rating":0,"private":0,"password":""}