{"id":"gen9doublesou-1971481824","p1":"shizuebruh","p2":"bigbranonbampus","format":"[Gen 9] Doubles OU","log":"|j|\u2606shizuebruh\n|j|\u2606bigbranonbampus\n|t:|1697741923\n|gametype|doubles\n|player|p1|shizuebruh|sina|1206\n|player|p2|bigbranonbampus|hiker|1266\n|teamsize|p1|6\n|teamsize|p2|6\n|gen|9\n|tier|[Gen 9] Doubles OU\n|rated|\n|rule|Species Clause: Limit one of each Pok\u00e9mon\n|rule|OHKO Clause: OHKO moves are banned\n|rule|Evasion Moves Clause: Evasion moves are banned\n|rule|Gravity Sleep Clause: The combination of sleep-inducing moves with imperfect accuracy and Gravity or Gigantamax Orbeetle are banned\n|rule|Endless Battle Clause: Forcing endless battles is banned\n|rule|HP Percentage Mod: HP is shown in percentages\n|clearpoke\n|poke|p1|Armarouge, F|\n|poke|p1|Indeedee-F, F|\n|poke|p1|Flutter Mane|\n|poke|p1|Torkoal, M|\n|poke|p1|Iron Bundle|\n|poke|p1|Iron Hands|\n|poke|p2|Ninetales, F|\n|poke|p2|Ceruledge, F|\n|poke|p2|Arcanine-Hisui, M|\n|poke|p2|Sinistcha-Masterpiece|\n|poke|p2|Landorus-Therian, M|\n|poke|p2|Alomomola, F|\n|teampreview\n|inactive|Battle timer is ON: inactive players will automatically lose when time's up. (requested by shizuebruh)\n|inactive|bigbranonbampus also wants the timer to be on.\n|\n|t:|1697741943\n|start\n|switch|p1a: Just a guy|Armarouge, F|100\/100\n|switch|p1b: Curly|Indeedee-F, F|100\/100\n|switch|p2a: Landorus|Landorus-Therian, M|100\/100\n|switch|p2b: Alomomola|Alomomola, F|100\/100\n|-ability|p2a: Landorus|Intimidate|boost\n|-unboost|p1a: Just a guy|atk|1\n|-unboost|p1b: Curly|atk|1\n|-fieldstart|move: Psychic Terrain|[from] ability: Psychic Surge|[of] p1b: Curly\n|turn|1\n|\n|t:|1697741955\n|move|p2b: Alomomola|Wide Guard|p2b: Alomomola\n|-singleturn|p2b: Alomomola|Wide Guard\n|move|p1b: Curly|Follow Me|p1b: Curly\n|-singleturn|p1b: Curly|move: Follow Me\n|move|p2a: Landorus|Earthquake|p1a: Just a guy|[spread] p1a,p1b\n|-activate|p2b: Alomomola|move: Wide Guard\n|-supereffective|p1a: Just a guy\n|-damage|p1a: Just a guy|12\/100\n|-damage|p1b: Curly|41\/100\n|move|p1a: Just a guy|Trick Room|p1a: Just a guy\n|-fieldstart|move: Trick Room|[of] p1a: Just a guy\n|\n|-heal|p1b: Curly|47\/100|[from] item: Leftovers\n|upkeep\n|turn|2\n|\n|t:|1697741971\n|move|p1b: Curly|Helping Hand|p1a: Just a guy\n|-singleturn|p1a: Just a guy|Helping Hand|[of] p1b: Curly\n|move|p2b: Alomomola|Wide Guard|p2b: Alomomola\n|-singleturn|p2b: Alomomola|Wide Guard\n|move|p1a: Just a guy|Expanding Force|p2b: Alomomola|[spread] \n|-activate|p2a: Landorus|move: Wide Guard\n|-activate|p2b: Alomomola|move: Wide Guard\n|move|p2a: Landorus|Earthquake|p1b: Curly|[spread] p1a,p1b\n|-activate|p2b: Alomomola|move: Wide Guard\n|-supereffective|p1a: Just a guy\n|-damage|p1a: Just a guy|0 fnt\n|-damage|p1b: Curly|0 fnt\n|faint|p1a: Just a guy\n|faint|p1b: Curly\n|\n|upkeep\n|\n|t:|1697741984\n|switch|p1a: Little robot|Iron Bundle, shiny|100\/100\n|switch|p1b: Big Robot|Iron Hands, shiny|100\/100\n|-enditem|p1a: Little robot|Booster Energy\n|-activate|p1a: Little robot|ability: Quark Drive|[fromitem]\n|-start|p1a: Little robot|quarkdrivespe\n|turn|3\n|\n|t:|1697742010\n|switch|p2a: Ninetales|Ninetales, F|100\/100\n|-weather|SunnyDay|[from] ability: Drought|[of] p2a: Ninetales\n|move|p1b: Big Robot|Wild Charge|p2b: Alomomola\n|-supereffective|p2b: Alomomola\n|-damage|p2b: Alomomola|39\/100\n|-damage|p1b: Big Robot|82\/100|[from] Recoil\n|move|p2b: Alomomola|Tickle|p1b: Big Robot\n|-unboost|p1b: Big Robot|atk|1\n|-unboost|p1b: Big Robot|def|1\n|move|p1a: Little robot|Freeze-Dry|p2a: Ninetales\n|-resisted|p2a: Ninetales\n|-damage|p2a: Ninetales|87\/100\n|\n|-weather|SunnyDay|[upkeep]\n|-heal|p2b: Alomomola|46\/100|[from] item: Leftovers\n|upkeep\n|turn|4\n|\n|t:|1697742038\n|-end|p1b: Big Robot|Quark Drive|[silent]\n|switch|p1b: Mismagoo|Flutter Mane|100\/100\n|-activate|p1b: Mismagoo|ability: Protosynthesis\n|-start|p1b: Mismagoo|protosynthesisspa\n|switch|p2b: Landorus|Landorus-Therian, M|100\/100\n|-ability|p2b: Landorus|Intimidate|boost\n|-unboost|p1a: Little robot|atk|1\n|-unboost|p1b: Mismagoo|atk|1\n|move|p2a: Ninetales|Encore|p1a: Little robot\n|-start|p1a: Little robot|Encore\n|move|p1a: Little robot|Freeze-Dry|p2b: Landorus\n|-supereffective|p2b: Landorus\n|-damage|p2b: Landorus|0 fnt\n|faint|p2b: Landorus\n|\n|-weather|SunnyDay|[upkeep]\n|upkeep\n|inactive|bigbranonbampus has 120 seconds left.\n|\n|t:|1697742054\n|switch|p2b: Ceruledge|Ceruledge, F|100\/100\n|turn|5\n|inactive|shizuebruh has 120 seconds left.\n|\n|t:|1697742093\n|-end|p1a: Little robot|Quark Drive|[silent]\n|switch|p1a: Big Robot|Iron Hands, shiny|82\/100\n|-terastallize|p2b: Ceruledge|Fire\n|-terastallize|p1b: Mismagoo|Fairy\n|move|p2a: Ninetales|Howl|p2a: Ninetales|[spread] p2a,p2b\n|-boost|p2a: Ninetales|atk|1\n|-boost|p2b: Ceruledge|atk|1\n|move|p2b: Ceruledge|Poltergeist|p1b: Mismagoo\n|-activate|p1b: Mismagoo|move: Poltergeist|Life Orb\n|-damage|p1b: Mismagoo|0 fnt\n|faint|p1b: Mismagoo\n|-end|p1b: Mismagoo|Protosynthesis|[silent]\n|\n|-weather|SunnyDay|[upkeep]\n|-fieldend|move: Trick Room\n|-fieldend|move: Psychic Terrain\n|upkeep\n|c|\u2606bigbranonbampus|Ye that was dumn of me lolol\n|\n|t:|1697742106\n|switch|p1b: Thomas|Torkoal, M|100\/100\n|turn|6\n|inactive|shizuebruh has 120 seconds left.\n|\n|t:|1697742146\n|move|p2a: Ninetales|Protect|p2a: Ninetales\n|-singleturn|p2a: Ninetales|Protect\n|move|p1a: Big Robot|Fake Out|p2b: Ceruledge\n|-damage|p2b: Ceruledge|78\/100\n|cant|p2b: Ceruledge|flinch\n|move|p1b: Thomas|Eruption|p2a: Ninetales|[spread] \n|-activate|p2a: Ninetales|move: Protect\n|-start|p2b: Ceruledge|ability: Flash Fire\n|\n|-weather|SunnyDay|[upkeep]\n|upkeep\n|turn|7\n|inactive|shizuebruh has 120 seconds left.\n|\n|t:|1697742180\n|move|p1b: Thomas|Protect|p1b: Thomas\n|-singleturn|p1b: Thomas|Protect\n|move|p2b: Ceruledge|Bitter Blade|p1b: Thomas\n|-activate|p1b: Thomas|move: Protect\n|move|p2a: Ninetales|Encore|p1b: Thomas\n|-activate|p1b: Thomas|move: Protect\n|move|p1a: Big Robot|Heavy Slam|p2b: Ceruledge\n|-resisted|p2b: Ceruledge\n|-damage|p2b: Ceruledge|41\/100\n|\n|-weather|SunnyDay|[upkeep]\n|upkeep\n|turn|8\n|inactive|shizuebruh has 90 seconds left.\n|\n|t:|1697742217\n|move|p2b: Ceruledge|Protect|p2b: Ceruledge\n|-singleturn|p2b: Ceruledge|Protect\n|move|p1b: Thomas|Protect||[still]\n|-fail|p1b: Thomas\n|move|p2a: Ninetales|Howl|p2a: Ninetales|[spread] p2a,p2b\n|-boost|p2a: Ninetales|atk|1\n|-boost|p2b: Ceruledge|atk|1\n|move|p1a: Big Robot|Drain Punch|p2b: Ceruledge\n|-activate|p2b: Ceruledge|move: Protect\n|\n|-weather|SunnyDay|[upkeep]\n|upkeep\n|turn|9\n|\n|t:|1697742238\n|move|p2b: Ceruledge|Bitter Blade|p1a: Big Robot\n|-damage|p1a: Big Robot|0 fnt\n|-heal|p2b: Ceruledge|100\/100|[from] drain|[of] p1a: Big Robot\n|faint|p1a: Big Robot\n|-end|p1a: Big Robot|Quark Drive|[silent]\n|move|p2a: Ninetales|Encore|p1b: Thomas\n|-start|p1b: Thomas|Encore\n|move|p1b: Thomas|Protect||[still]\n|-fail|p1b: Thomas\n|\n|-weather|SunnyDay|[upkeep]\n|upkeep\n|-message|shizuebruh forfeited.\n|\n|win|bigbranonbampus\n|raw|shizuebruh's rating: 1206 &rarr; <strong>1185<\/strong><br \/>(-21 for losing)\n|raw|bigbranonbampus's rating: 1266 &rarr; <strong>1287<\/strong><br \/>(+21 for winning)\n|l|\u2606shizuebruh\n","uploadtime":1697742253,"views":11,"p1id":"shizuebruh","p2id":"bigbranonbampus","formatid":"gen9doublesou","rating":1185,"private":0,"password":""}