{"id":"gen9doublesou-1984087368","p1":"Fritz420","p2":"ac1516","format":"[Gen 9] Doubles OU","log":"|j|\u2606Fritz420\n|j|\u2606ac1516\n|t:|1699217361\n|gametype|doubles\n|player|p1|Fritz420|lucas|1241\n|player|p2|ac1516|supernerd|1374\n|teamsize|p1|6\n|teamsize|p2|6\n|gen|9\n|tier|[Gen 9] Doubles OU\n|rated|\n|rule|Species Clause: Limit one of each Pok\u00e9mon\n|rule|OHKO Clause: OHKO moves are banned\n|rule|Evasion Moves Clause: Evasion moves are banned\n|rule|Gravity Sleep Clause: The combination of sleep-inducing moves with imperfect accuracy and Gravity or Gigantamax Orbeetle are banned\n|rule|Endless Battle Clause: Forcing endless battles is banned\n|rule|HP Percentage Mod: HP is shown in percentages\n|clearpoke\n|poke|p1|Ogerpon-Wellspring, F|\n|poke|p1|Politoed, F|\n|poke|p1|Basculegion-F, F|\n|poke|p1|Tornadus, M|\n|poke|p1|Rillaboom, F|\n|poke|p1|Landorus, M|\n|poke|p2|Ninetales-Alola, M|\n|poke|p2|Tornadus, M|\n|poke|p2|Ogerpon-Hearthflame, F|\n|poke|p2|Clefairy, F|\n|poke|p2|Landorus, M|\n|poke|p2|Iron Bundle|\n|teampreview\n|inactive|Battle timer is ON: inactive players will automatically lose when time's up. (requested by Fritz420)\n|\n|t:|1699217387\n|start\n|switch|p1a: Ogerpon|Ogerpon-Wellspring, F|100\/100\n|switch|p1b: Rillaboom|Rillaboom, F|100\/100\n|switch|p2a: Ninetales|Ninetales-Alola, M, shiny|100\/100\n|switch|p2b: Clefairy|Clefairy, F, shiny|100\/100\n|-weather|Snow|[from] ability: Snow Warning|[of] p2a: Ninetales\n|-fieldstart|move: Grassy Terrain|[from] ability: Grassy Surge|[of] p1b: Rillaboom\n|turn|1\n|\n|t:|1699217397\n|switch|p1b: Politoed|Politoed, F|100\/100\n|-weather|RainDance|[from] ability: Drizzle|[of] p1b: Politoed\n|move|p2b: Clefairy|Follow Me|p2b: Clefairy\n|-singleturn|p2b: Clefairy|move: Follow Me\n|move|p1a: Ogerpon|Swords Dance|p1a: Ogerpon\n|-boost|p1a: Ogerpon|atk|2\n|move|p2a: Ninetales|Snowscape|p2a: Ninetales\n|-weather|Snow\n|\n|-weather|Snow|[upkeep]\n|upkeep\n|turn|2\n|\n|t:|1699217426\n|switch|p1b: Tornadus|Tornadus, M|100\/100\n|move|p2b: Clefairy|Follow Me|p2b: Clefairy\n|-singleturn|p2b: Clefairy|move: Follow Me\n|move|p1a: Ogerpon|Ivy Cudgel|p2b: Clefairy\n|-damage|p2b: Clefairy|2\/100\n|move|p2a: Ninetales|Aurora Veil|p2a: Ninetales\n|-sidestart|p2: ac1516|move: Aurora Veil\n|\n|-weather|Snow|[upkeep]\n|-heal|p2b: Clefairy|8\/100|[from] Grassy Terrain\n|upkeep\n|turn|3\n|\n|t:|1699217447\n|switch|p1b: Politoed|Politoed, F|100\/100\n|-weather|RainDance|[from] ability: Drizzle|[of] p1b: Politoed\n|move|p2b: Clefairy|Follow Me|p2b: Clefairy\n|-singleturn|p2b: Clefairy|move: Follow Me\n|move|p1a: Ogerpon|Ivy Cudgel|p2b: Clefairy\n|-crit|p2b: Clefairy\n|-damage|p2b: Clefairy|0 fnt\n|faint|p2b: Clefairy\n|move|p2a: Ninetales|Icy Wind|p1a: Ogerpon|[spread] p1a,p1b\n|-resisted|p1b: Politoed\n|-damage|p1a: Ogerpon|87\/100\n|-damage|p1b: Politoed|95\/100\n|-unboost|p1a: Ogerpon|spe|1\n|-unboost|p1b: Politoed|spe|1\n|-enditem|p1b: Politoed|Eject Button\n|\n|t:|1699217462\n|switch|p1b: Rillaboom|Rillaboom, F|100\/100\n|\n|-weather|RainDance|[upkeep]\n|-heal|p1a: Ogerpon|93\/100|[from] Grassy Terrain\n|upkeep\n|\n|t:|1699217470\n|switch|p2b: Tornadus|Tornadus, M, shiny|100\/100\n|turn|4\n|\n|t:|1699217485\n|switch|p2b: Iron Bundle|Iron Bundle, shiny|100\/100\n|-enditem|p2b: Iron Bundle|Booster Energy\n|-activate|p2b: Iron Bundle|ability: Quark Drive|[fromitem]\n|-start|p2b: Iron Bundle|quarkdrivespa\n|move|p1b: Rillaboom|Fake Out|p2b: Iron Bundle\n|-damage|p2b: Iron Bundle|87\/100\n|move|p2a: Ninetales|Icy Wind|p1b: Rillaboom|[spread] p1a,p1b\n|-supereffective|p1b: Rillaboom\n|-damage|p1a: Ogerpon|78\/100\n|-damage|p1b: Rillaboom|84\/100\n|-unboost|p1a: Ogerpon|spe|1\n|-unboost|p1b: Rillaboom|spe|1\n|move|p1a: Ogerpon|Ivy Cudgel|p2b: Iron Bundle\n|-resisted|p2b: Iron Bundle\n|-damage|p2b: Iron Bundle|14\/100\n|\n|-weather|RainDance|[upkeep]\n|-heal|p2b: Iron Bundle|19\/100|[from] Grassy Terrain\n|-heal|p1a: Ogerpon|84\/100|[from] Grassy Terrain\n|-heal|p1b: Rillaboom|90\/100|[from] Grassy Terrain\n|upkeep\n|turn|5\n|\n|t:|1699217509\n|move|p1a: Ogerpon|Grassy Glide|p2b: Iron Bundle\n|-supereffective|p2b: Iron Bundle\n|-damage|p2b: Iron Bundle|0 fnt\n|faint|p2b: Iron Bundle\n|-end|p2b: Iron Bundle|Quark Drive|[silent]\n|move|p2a: Ninetales|Encore|p1b: Rillaboom\n|-start|p1b: Rillaboom|Encore\n|move|p1b: Rillaboom|Fake Out||[still]\n|-hint|Fake Out only works on your first turn out.\n|-fail|p1b: Rillaboom\n|\n|-weather|RainDance|[upkeep]\n|-heal|p1a: Ogerpon|90\/100|[from] Grassy Terrain\n|-heal|p1b: Rillaboom|96\/100|[from] Grassy Terrain\n|-fieldend|move: Grassy Terrain\n|upkeep\n|\n|t:|1699217521\n|switch|p2b: Tornadus|Tornadus, M, shiny|100\/100\n|turn|6\n|\n|t:|1699217545\n|switch|p1b: Tornadus|Tornadus, M|100\/100\n|-terastallize|p1a: Ogerpon|Water\n|detailschange|p1a: Ogerpon|Ogerpon-Wellspring-Tera, F, tera:Water\n|-ability|p1a: Ogerpon|Embody Aspect (Wellspring)|boost\n|-boost|p1a: Ogerpon|spd|1\n|move|p2b: Tornadus|Bleakwind Storm|p1a: Ogerpon|[spread] p1a,p1b\n|-damage|p1a: Ogerpon|62\/100\n|-damage|p1b: Tornadus|56\/100\n|move|p2a: Ninetales|Icy Wind|p1a: Ogerpon|[spread] p1a,p1b\n|-resisted|p1a: Ogerpon\n|-supereffective|p1b: Tornadus\n|-damage|p1a: Ogerpon|58\/100\n|-damage|p1b: Tornadus|31\/100\n|-unboost|p1a: Ogerpon|spe|1\n|move|p1a: Ogerpon|Ivy Cudgel|p2b: Tornadus\n|-damage|p2b: Tornadus|0 fnt\n|faint|p2b: Tornadus\n|\n|-weather|RainDance|[upkeep]\n|upkeep\n|-message|ac1516 forfeited.\n|\n|win|Fritz420\n|raw|Fritz420's rating: 1241 &rarr; <strong>1273<\/strong><br \/>(+32 for winning)\n|raw|ac1516's rating: 1347 &rarr; <strong>1321<\/strong><br \/>(-26 for losing)\n","uploadtime":1699217577,"views":7,"p1id":"fritz420","p2id":"ac1516","formatid":"gen9doublesou","rating":1273,"private":0,"password":""}