{"id":"gen9doublesou-1978564779","p1":"Powpow1","p2":"MjHufana","format":"[Gen 9] Doubles OU","log":"|j|\u2606Powpow1\n|j|\u2606MjHufana\n|t:|1698556880\n|gametype|doubles\n|player|p1|Powpow1|bellelba|1102\n|player|p2|MjHufana|marlon|1102\n|teamsize|p1|2\n|teamsize|p2|6\n|gen|9\n|tier|[Gen 9] Doubles OU\n|rated|\n|rule|Species Clause: Limit one of each Pok\u00e9mon\n|rule|OHKO Clause: OHKO moves are banned\n|rule|Evasion Moves Clause: Evasion moves are banned\n|rule|Gravity Sleep Clause: The combination of sleep-inducing moves with imperfect accuracy and Gravity or Gigantamax Orbeetle are banned\n|rule|Endless Battle Clause: Forcing endless battles is banned\n|rule|HP Percentage Mod: HP is shown in percentages\n|clearpoke\n|poke|p1|Ambipom, F|\n|poke|p1|Arcanine-Hisui, M|\n|poke|p2|Indeedee-F, F|\n|poke|p2|Sinistcha-Masterpiece|\n|poke|p2|Pachirisu, M|\n|poke|p2|Volbeat, M|\n|poke|p2|Maushold-Four|\n|poke|p2|Clefable, M|\n|teampreview\n|inactive|Battle timer is ON: inactive players will automatically lose when time's up. (requested by MjHufana)\n|\n|t:|1698556897\n|start\n|switch|p1a: rawr 2|Ambipom, F|100\/100\n|switch|p1b: rawr|Arcanine-Hisui, M|100\/100\n|switch|p2a: Tea Helper|Pachirisu, M|100\/100\n|switch|p2b: Matcha making|Volbeat, M|100\/100\n|turn|1\n|\n|t:|1698556911\n|move|p1a: rawr 2|Fake Out|p2a: Tea Helper\n|-enditem|p1a: rawr 2|Normal Gem|[from] gem\n|-damage|p2a: Tea Helper|51\/100\n|move|p2b: Matcha making|Thunder Wave|p1b: rawr\n|-status|p1b: rawr|par\n|cant|p2a: Tea Helper|flinch\n|cant|p1b: rawr|par\n|\n|upkeep\n|turn|2\n|\n|t:|1698556938\n|move|p2a: Tea Helper|Follow Me|p2a: Tea Helper\n|-singleturn|p2a: Tea Helper|move: Follow Me\n|move|p2b: Matcha making|Tail Glow|p2b: Matcha making\n|-boost|p2b: Matcha making|spa|3\n|move|p1a: rawr 2|Knock Off|p2a: Tea Helper\n|-damage|p2a: Tea Helper|9\/100\n|-enditem|p2a: Tea Helper|Focus Sash|[from] move: Knock Off|[of] p1a: rawr 2\n|move|p1b: rawr|Flare Blitz|p2a: Tea Helper\n|-damage|p2a: Tea Helper|0 fnt\n|faint|p2a: Tea Helper\n|\n|upkeep\n|\n|t:|1698556949\n|switch|p2a: A nice family|Maushold-Four|100\/100\n|turn|3\n|\n|t:|1698556956\n|move|p2a: A nice family|Follow Me|p2a: A nice family\n|-singleturn|p2a: A nice family|move: Follow Me\n|move|p2b: Matcha making|Tail Glow|p2b: Matcha making\n|-boost|p2b: Matcha making|spa|3\n|move|p1a: rawr 2|Thunder Wave|p2a: A nice family\n|-status|p2a: A nice family|par\n|move|p1b: rawr|Flare Blitz|p2a: A nice family\n|-damage|p2a: A nice family|0 fnt\n|faint|p2a: A nice family\n|\n|upkeep\n|\n|t:|1698556965\n|switch|p2a: Matcha helper|Indeedee-F, F|100\/100\n|turn|4\n|\n|t:|1698556973\n|move|p2a: Matcha helper|Follow Me|p2a: Matcha helper\n|-singleturn|p2a: Matcha helper|move: Follow Me\n|move|p2b: Matcha making|Baton Pass|p2b: Matcha making\n|\n|t:|1698556977\n|switch|p2b: Tea!|Sinistcha-Masterpiece|100\/100|[from] Baton Pass\n|move|p1a: rawr 2|Thunder Wave|p2a: Matcha helper\n|-status|p2a: Matcha helper|par\n|-enditem|p2a: Matcha helper|Lum Berry|[eat]\n|-curestatus|p2a: Matcha helper|par|[msg]\n|move|p1b: rawr|Flare Blitz|p2a: Matcha helper\n|-damage|p2a: Matcha helper|0 fnt\n|faint|p2a: Matcha helper\n|\n|upkeep\n|\n|t:|1698556988\n|switch|p2a: Customer|Clefable, M|100\/100\n|turn|5\n|\n|t:|1698556996\n|-terastallize|p2b: Tea!|Grass\n|move|p2a: Customer|Follow Me|p2a: Customer\n|-singleturn|p2a: Customer|move: Follow Me\n|move|p1a: rawr 2|Thunder Wave|p2a: Customer\n|-status|p2a: Customer|par\n|move|p2b: Tea!|Matcha Gotcha|p1b: rawr|[spread] p1a,p1b\n|-damage|p1a: rawr 2|0 fnt\n|-damage|p1b: rawr|0 fnt\n|faint|p1a: rawr 2\n|faint|p1b: rawr\n|\n|win|MjHufana\n|raw|Powpow1's rating: 1102 &rarr; <strong>1077<\/strong><br \/>(-25 for losing)\n|raw|MjHufana's rating: 1102 &rarr; <strong>1127<\/strong><br \/>(+25 for winning)\n|l|\u2606Powpow1\n","uploadtime":1698557035,"views":29,"p1id":"powpow1","p2id":"mjhufana","formatid":"gen9doublesou","rating":1077,"private":0,"password":""}