{"id":"gen9doublesou-1985136426","p1":"mint29","p2":"UY QUE RICO PAPI","format":"[Gen 9] Doubles OU","log":"|j|\u2606mint29\n|j|\u2606UY QUE RICO PAPI\n|t:|1699336323\n|gametype|doubles\n|player|p1|mint29|265|1363\n|player|p2|UY QUE RICO PAPI|101|1345\n|teamsize|p1|6\n|teamsize|p2|6\n|gen|9\n|tier|[Gen 9] Doubles OU\n|rated|\n|rule|Species Clause: Limit one of each Pok\u00e9mon\n|rule|OHKO Clause: OHKO moves are banned\n|rule|Evasion Moves Clause: Evasion moves are banned\n|rule|Gravity Sleep Clause: The combination of sleep-inducing moves with imperfect accuracy and Gravity or Gigantamax Orbeetle are banned\n|rule|Endless Battle Clause: Forcing endless battles is banned\n|rule|HP Percentage Mod: HP is shown in percentages\n|clearpoke\n|poke|p1|Sinistcha-Masterpiece|\n|poke|p1|Ninetales-Alola, F|\n|poke|p1|Gholdengo|\n|poke|p1|Ogerpon-Hearthflame, F|\n|poke|p1|Iron Hands|\n|poke|p1|Mamoswine, M|\n|poke|p2|Sinistcha|\n|poke|p2|Sableye, F|\n|poke|p2|Garganacl, F|\n|poke|p2|Ting-Lu|\n|poke|p2|Cresselia, F|\n|poke|p2|Scream Tail|\n|teampreview\n|inactive|Battle timer is ON: inactive players will automatically lose when time's up. (requested by UY QUE RICO PAPI)\n|\n|t:|1699336329\n|start\n|switch|p1a: Ninetales|Ninetales-Alola, F|100\/100\n|switch|p1b: Mamoswine|Mamoswine, M|100\/100\n|switch|p2a: Sableye|Sableye, F|100\/100\n|switch|p2b: Scream Tail|Scream Tail|100\/100\n|-weather|Snow|[from] ability: Snow Warning|[of] p1a: Ninetales\n|turn|1\n|\n|t:|1699336348\n|move|p2a: Sableye|Reflect|p2a: Sableye\n|-sidestart|p2: UY QUE RICO PAPI|Reflect\n|move|p1a: Ninetales|Aurora Veil|p1a: Ninetales\n|-sidestart|p1: mint29|move: Aurora Veil\n|move|p2b: Scream Tail|Amnesia|p2b: Scream Tail\n|-boost|p2b: Scream Tail|spd|2\n|move|p1b: Mamoswine|Heavy Slam|p2b: Scream Tail\n|-supereffective|p2b: Scream Tail\n|-damage|p2b: Scream Tail|68\/100\n|\n|-weather|Snow|[upkeep]\n|upkeep\n|turn|2\n|\n|t:|1699336370\n|move|p2a: Sableye|Light Screen|p2a: Sableye\n|-sidestart|p2: UY QUE RICO PAPI|move: Light Screen\n|move|p1a: Ninetales|Dazzling Gleam|p2b: Scream Tail|[spread] p2a,p2b\n|-supereffective|p2a: Sableye\n|-damage|p2a: Sableye|68\/100\n|-damage|p2b: Scream Tail|63\/100\n|move|p2b: Scream Tail|Baton Pass|p2b: Scream Tail\n|\n|t:|1699336379\n|-end|p2b: Scream Tail|Protosynthesis|[silent]\n|switch|p2b: Garganacl|Garganacl, F|100\/100|[from] Baton Pass\n|move|p1b: Mamoswine|Heavy Slam|p2b: Garganacl\n|-supereffective|p2b: Garganacl\n|-damage|p2b: Garganacl|91\/100\n|\n|-weather|Snow|[upkeep]\n|-heal|p2b: Garganacl|98\/100|[from] item: Leftovers\n|upkeep\n|turn|3\n|\n|t:|1699336400\n|switch|p1a: Iron Hands|Iron Hands|100\/100\n|switch|p2a: Scream Tail|Scream Tail|63\/100\n|move|p1b: Mamoswine|High Horsepower|p2b: Garganacl\n|-supereffective|p2b: Garganacl\n|-damage|p2b: Garganacl|61\/100\n|move|p2b: Garganacl|Curse|p2b: Garganacl\n|-unboost|p2b: Garganacl|spe|1\n|-boost|p2b: Garganacl|atk|1\n|-boost|p2b: Garganacl|def|1\n|\n|-weather|Snow|[upkeep]\n|-heal|p2b: Garganacl|67\/100|[from] item: Leftovers\n|upkeep\n|turn|4\n|\n|t:|1699336426\n|-terastallize|p2b: Garganacl|Ghost\n|move|p2a: Scream Tail|Stealth Rock|p1b: Mamoswine\n|-sidestart|p1: mint29|move: Stealth Rock\n|move|p1b: Mamoswine|High Horsepower|p2b: Garganacl\n|-damage|p2b: Garganacl|56\/100\n|move|p1a: Iron Hands|Drain Punch|p2b: Garganacl\n|-immune|p2b: Garganacl\n|move|p2b: Garganacl|Curse|p1b: Mamoswine\n|-start|p1b: Mamoswine|Curse|[of] p2b: Garganacl\n|-damage|p2b: Garganacl|6\/100\n|\n|-weather|Snow|[upkeep]\n|-heal|p2b: Garganacl|12\/100|[from] item: Leftovers\n|-damage|p1b: Mamoswine|75\/100|[from] Curse\n|upkeep\n|turn|5\n|inactive|mint29 has 120 seconds left.\n|inactive|UY QUE RICO PAPI has 120 seconds left.\n|\n|t:|1699336457\n|-end|p2a: Scream Tail|Protosynthesis|[silent]\n|switch|p2a: Sinistcha|Sinistcha|100\/100\n|-heal|p2b: Garganacl|37\/100|[from] ability: Hospitality|[of] p2a: Sinistcha\n|switch|p1b: Ninetales|Ninetales-Alola, F|100\/100\n|-damage|p1b: Ninetales|76\/100|[from] Stealth Rock\n|move|p2b: Garganacl|Protect|p2b: Garganacl\n|-singleturn|p2b: Garganacl|Protect\n|move|p1a: Iron Hands|Heavy Slam|p2a: Sinistcha\n|-damage|p2a: Sinistcha|78\/100\n|\n|-weather|none\n|-heal|p2a: Sinistcha|84\/100|[from] item: Leftovers\n|-heal|p2b: Garganacl|44\/100|[from] item: Leftovers\n|upkeep\n|turn|6\n|inactive|mint29 has 120 seconds left.\n|\n|t:|1699336486\n|switch|p1b: Sinistcha|Sinistcha-Masterpiece|100\/100\n|-damage|p1b: Sinistcha|88\/100|[from] Stealth Rock\n|-end|p1a: Iron Hands|Quark Drive|[silent]\n|switch|p1a: Mamoswine|Mamoswine, M|75\/100\n|-damage|p1a: Mamoswine|63\/100|[from] Stealth Rock\n|move|p2a: Sinistcha|Rage Powder|p2a: Sinistcha\n|-singleturn|p2a: Sinistcha|move: Rage Powder\n|move|p2b: Garganacl|Recover|p2b: Garganacl\n|-heal|p2b: Garganacl|94\/100\n|\n|-heal|p2a: Sinistcha|90\/100|[from] item: Leftovers\n|-heal|p2b: Garganacl|99\/100|[from] item: Leftovers\n|upkeep\n|turn|7\n|\n|t:|1699336508\n|switch|p2a: Ting-Lu|Ting-Lu|100\/100\n|-ability|p2a: Ting-Lu|Vessel of Ruin\n|switch|p1b: Ninetales|Ninetales-Alola, F|76\/100\n|-damage|p1b: Ninetales|51\/100|[from] Stealth Rock\n|-weather|Snow|[from] ability: Snow Warning|[of] p1b: Ninetales\n|move|p1a: Mamoswine|Icicle Crash|p2a: Ting-Lu\n|-supereffective|p2a: Ting-Lu\n|-damage|p2a: Ting-Lu|75\/100\n|move|p2b: Garganacl|Salt Cure|p1b: Ninetales\n|-supereffective|p1b: Ninetales\n|-damage|p1b: Ninetales|26\/100\n|-start|p1b: Ninetales|Salt Cure\n|\n|-weather|Snow|[upkeep]\n|-heal|p2a: Ting-Lu|81\/100|[from] item: Leftovers\n|-heal|p2b: Garganacl|100\/100|[from] item: Leftovers\n|-damage|p1b: Ninetales|14\/100|[from] Salt Cure\n|upkeep\n|turn|8\n|inactive|mint29 has 120 seconds left.\n|\n|t:|1699336540\n|move|p2a: Ting-Lu|Protect|p2a: Ting-Lu\n|-singleturn|p2a: Ting-Lu|Protect\n|move|p1b: Ninetales|Draining Kiss|p2a: Ting-Lu\n|-activate|p2a: Ting-Lu|move: Protect\n|move|p1a: Mamoswine|Icicle Crash|p2a: Ting-Lu\n|-activate|p2a: Ting-Lu|move: Protect\n|move|p2b: Garganacl|Salt Cure|p1a: Mamoswine\n|-damage|p1a: Mamoswine|55\/100\n|-start|p1a: Mamoswine|Salt Cure\n|\n|-weather|Snow|[upkeep]\n|-heal|p2a: Ting-Lu|87\/100|[from] item: Leftovers\n|-damage|p1b: Ninetales|2\/100|[from] Salt Cure\n|-damage|p1a: Mamoswine|42\/100|[from] Salt Cure\n|-sideend|p2: UY QUE RICO PAPI|Reflect\n|-sideend|p1: mint29|move: Aurora Veil\n|upkeep\n|turn|9\n|\n|t:|1699336568\n|switch|p1a: Sinistcha|Sinistcha-Masterpiece|88\/100\n|-damage|p1a: Sinistcha|76\/100|[from] Stealth Rock\n|-heal|p1b: Ninetales|27\/100|[from] ability: Hospitality|[of] p1a: Sinistcha\n|switch|p2a: Cresselia|Cresselia, F|100\/100\n|move|p1b: Ninetales|Draining Kiss|p2a: Cresselia\n|-damage|p2a: Cresselia|91\/100\n|-heal|p1b: Ninetales|36\/100|[from] drain|[of] p2a: Cresselia\n|move|p2b: Garganacl|Salt Cure|p1a: Sinistcha\n|-damage|p1a: Sinistcha|55\/100\n|-start|p1a: Sinistcha|Salt Cure\n|\n|-weather|Snow|[upkeep]\n|-damage|p1b: Ninetales|24\/100|[from] Salt Cure\n|-damage|p1a: Sinistcha|42\/100|[from] Salt Cure\n|-sideend|p2: UY QUE RICO PAPI|move: Light Screen\n|upkeep\n|turn|10\n|\n|t:|1699336589\n|move|p1b: Ninetales|Aurora Veil|p1b: Ninetales\n|-sidestart|p1: mint29|move: Aurora Veil\n|move|p2a: Cresselia|Light Screen|p2a: Cresselia\n|-sidestart|p2: UY QUE RICO PAPI|move: Light Screen\n|move|p1a: Sinistcha|Shadow Ball|p2b: Garganacl\n|-supereffective|p2b: Garganacl\n|-damage|p2b: Garganacl|88\/100\n|move|p2b: Garganacl|Salt Cure|p1b: Ninetales\n|-supereffective|p1b: Ninetales\n|-damage|p1b: Ninetales|0 fnt\n|faint|p1b: Ninetales\n|\n|-weather|Snow|[upkeep]\n|-heal|p2b: Garganacl|94\/100|[from] item: Leftovers\n|-damage|p1a: Sinistcha|30\/100|[from] Salt Cure\n|upkeep\n|\n|t:|1699336607\n|switch|p1b: Ogerpon|Ogerpon-Hearthflame, F|100\/100\n|-damage|p1b: Ogerpon|75\/100|[from] Stealth Rock\n|-ability|p1b: Ogerpon|Mold Breaker\n|turn|11\n|\n|t:|1699336630\n|switch|p2a: Sableye|Sableye, F|68\/100\n|switch|p1a: Iron Hands|Iron Hands|100\/100\n|-damage|p1a: Iron Hands|94\/100|[from] Stealth Rock\n|-terastallize|p1b: Ogerpon|Fire\n|detailschange|p1b: Ogerpon|Ogerpon-Hearthflame-Tera, F, tera:Fire\n|-ability|p1b: Ogerpon|Embody Aspect (Hearthflame)|boost\n|-boost|p1b: Ogerpon|atk|1\n|move|p1b: Ogerpon|Ivy Cudgel|p2b: Garganacl\n|-damage|p2b: Garganacl|49\/100\n|move|p2b: Garganacl|Salt Cure|p1b: Ogerpon\n|-supereffective|p1b: Ogerpon\n|-damage|p1b: Ogerpon|43\/100\n|-start|p1b: Ogerpon|Salt Cure\n|\n|-weather|none\n|-heal|p2b: Garganacl|55\/100|[from] item: Leftovers\n|-damage|p1b: Ogerpon|31\/100|[from] Salt Cure\n|upkeep\n|turn|12\n|\n|t:|1699336658\n|move|p2a: Sableye|Reflect|p2a: Sableye\n|-sidestart|p2: UY QUE RICO PAPI|Reflect\n|move|p1b: Ogerpon|Ivy Cudgel|p2b: Garganacl\n|-damage|p2b: Garganacl|28\/100\n|move|p1a: Iron Hands|Wild Charge|p2b: Garganacl\n|-damage|p2b: Garganacl|16\/100\n|-damage|p1a: Iron Hands|92\/100|[from] Recoil\n|move|p2b: Garganacl|Recover|p2b: Garganacl\n|-heal|p2b: Garganacl|66\/100\n|\n|-heal|p2b: Garganacl|72\/100|[from] item: Leftovers\n|-damage|p1b: Ogerpon|19\/100|[from] Salt Cure\n|upkeep\n|turn|13\n|\n|t:|1699336680\n|switch|p2a: Scream Tail|Scream Tail|63\/100\n|move|p1b: Ogerpon|Ivy Cudgel|p2b: Garganacl\n|-damage|p2b: Garganacl|44\/100\n|move|p1a: Iron Hands|Wild Charge|p2a: Scream Tail\n|-crit|p2a: Scream Tail\n|-damage|p2a: Scream Tail|17\/100\n|-enditem|p2a: Scream Tail|Sitrus Berry|[eat]\n|-heal|p2a: Scream Tail|42\/100|[from] item: Sitrus Berry\n|-damage|p1a: Iron Hands|82\/100|[from] Recoil\n|move|p2b: Garganacl|Recover|p2b: Garganacl\n|-heal|p2b: Garganacl|94\/100\n|\n|-heal|p2b: Garganacl|99\/100|[from] item: Leftovers\n|-damage|p1b: Ogerpon|6\/100|[from] Salt Cure\n|upkeep\n|turn|14\n|inactive|UY QUE RICO PAPI has 120 seconds left.\n|\n|t:|1699336712\n|move|p1b: Ogerpon|Horn Leech|p2a: Scream Tail\n|-damage|p2a: Scream Tail|14\/100\n|-heal|p1b: Ogerpon|25\/100|[from] drain|[of] p2a: Scream Tail\n|move|p2a: Scream Tail|Amnesia|p2a: Scream Tail\n|-boost|p2a: Scream Tail|spd|2\n|move|p1a: Iron Hands|Heavy Slam|p2a: Scream Tail\n|-supereffective|p2a: Scream Tail\n|-damage|p2a: Scream Tail|0 fnt\n|faint|p2a: Scream Tail\n|-end|p2a: Scream Tail|Protosynthesis|[silent]\n|move|p2b: Garganacl|Salt Cure|p1a: Iron Hands\n|-resisted|p1a: Iron Hands\n|-damage|p1a: Iron Hands|78\/100\n|-start|p1a: Iron Hands|Salt Cure\n|\n|-heal|p2b: Garganacl|100\/100|[from] item: Leftovers\n|-damage|p1b: Ogerpon|13\/100|[from] Salt Cure\n|-damage|p1a: Iron Hands|66\/100|[from] Salt Cure\n|-sideend|p2: UY QUE RICO PAPI|move: Light Screen\n|upkeep\n|inactive|UY QUE RICO PAPI has 120 seconds left.\n|\n|t:|1699336729\n|switch|p2a: Sableye|Sableye, F|68\/100\n|turn|15\n|inactive|UY QUE RICO PAPI has 120 seconds left.\n|\n|t:|1699336745\n|move|p2a: Sableye|Light Screen|p2a: Sableye\n|-sidestart|p2: UY QUE RICO PAPI|move: Light Screen\n|move|p1b: Ogerpon|Horn Leech|p2a: Sableye\n|-damage|p2a: Sableye|0 fnt\n|-heal|p1b: Ogerpon|44\/100|[from] drain|[of] p2a: Sableye\n|faint|p2a: Sableye\n|move|p1a: Iron Hands|Heavy Slam|p2b: Garganacl\n|-damage|p2b: Garganacl|97\/100\n|move|p2b: Garganacl|Curse|p1a: Iron Hands\n|-start|p1a: Iron Hands|Curse|[of] p2b: Garganacl\n|-damage|p2b: Garganacl|47\/100\n|\n|-heal|p2b: Garganacl|53\/100|[from] item: Leftovers\n|-damage|p1a: Iron Hands|41\/100|[from] Curse\n|-damage|p1b: Ogerpon|32\/100|[from] Salt Cure\n|-damage|p1a: Iron Hands|28\/100|[from] Salt Cure\n|upkeep\n|inactive|UY QUE RICO PAPI has 120 seconds left.\n|\n|t:|1699336763\n|switch|p2a: Cresselia|Cresselia, F|91\/100\n|turn|16\n|\n|t:|1699336775\n|move|p1b: Ogerpon|Horn Leech|p2a: Cresselia\n|-damage|p2a: Cresselia|69\/100\n|-heal|p1b: Ogerpon|47\/100|[from] drain|[of] p2a: Cresselia\n|move|p2a: Cresselia|Lunar Blessing|p2a: Cresselia|[spread] p2a,p2b\n|-heal|p2a: Cresselia|94\/100\n|-heal|p2b: Garganacl|78\/100\n|move|p1a: Iron Hands|Wild Charge|p2a: Cresselia\n|-damage|p2a: Cresselia|76\/100\n|-damage|p1a: Iron Hands|24\/100|[from] Recoil\n|move|p2b: Garganacl|Salt Cure|p1b: Ogerpon\n|-supereffective|p1b: Ogerpon\n|-damage|p1b: Ogerpon|13\/100\n|\n|-heal|p2b: Garganacl|84\/100|[from] item: Leftovers\n|-damage|p1a: Iron Hands|0 fnt|[from] Curse\n|faint|p1a: Iron Hands\n|-end|p1a: Iron Hands|Quark Drive|[silent]\n|-damage|p1b: Ogerpon|1\/100|[from] Salt Cure\n|upkeep\n|\n|t:|1699336793\n|switch|p1a: Sinistcha|Sinistcha-Masterpiece|30\/100\n|-damage|p1a: Sinistcha|17\/100|[from] Stealth Rock\n|-heal|p1b: Ogerpon|26\/100|[from] ability: Hospitality|[of] p1a: Sinistcha\n|turn|17\n|\n|t:|1699336807\n|move|p1b: Ogerpon|Horn Leech|p2a: Cresselia\n|-damage|p2a: Cresselia|54\/100\n|-heal|p1b: Ogerpon|42\/100|[from] drain|[of] p2a: Cresselia\n|move|p2a: Cresselia|Lunar Blessing|p2a: Cresselia|[spread] p2a,p2b\n|-heal|p2a: Cresselia|79\/100\n|-heal|p2b: Garganacl|100\/100\n|move|p1a: Sinistcha|Shadow Ball|p2b: Garganacl\n|-supereffective|p2b: Garganacl\n|-crit|p2b: Garganacl\n|-damage|p2b: Garganacl|50\/100\n|move|p2b: Garganacl|Salt Cure|p1a: Sinistcha\n|-damage|p1a: Sinistcha|3\/100\n|-start|p1a: Sinistcha|Salt Cure\n|\n|-heal|p2b: Garganacl|56\/100|[from] item: Leftovers\n|-damage|p1b: Ogerpon|29\/100|[from] Salt Cure\n|-damage|p1a: Sinistcha|0 fnt|[from] Salt Cure\n|faint|p1a: Sinistcha\n|-sideend|p1: mint29|move: Aurora Veil\n|upkeep\n|\n|t:|1699336822\n|switch|p1a: Gholdengo|Gholdengo|100\/100\n|-damage|p1a: Gholdengo|94\/100|[from] Stealth Rock\n|turn|18\n|\n|t:|1699336834\n|move|p2b: Garganacl|Protect|p2b: Garganacl\n|-singleturn|p2b: Garganacl|Protect\n|move|p1b: Ogerpon|Horn Leech|p2a: Cresselia\n|-damage|p2a: Cresselia|56\/100\n|-heal|p1b: Ogerpon|45\/100|[from] drain|[of] p2a: Cresselia\n|move|p2a: Cresselia|Lunar Blessing|p2a: Cresselia|[spread] p2a,p2b\n|-heal|p2a: Cresselia|81\/100\n|-heal|p2b: Garganacl|81\/100\n|move|p1a: Gholdengo|Shadow Ball|p2b: Garganacl\n|-activate|p2b: Garganacl|move: Protect\n|\n|-heal|p2b: Garganacl|87\/100|[from] item: Leftovers\n|-damage|p1b: Ogerpon|33\/100|[from] Salt Cure\n|upkeep\n|turn|19\n|\n|t:|1699336853\n|move|p1b: Ogerpon|Horn Leech|p2a: Cresselia\n|-damage|p2a: Cresselia|58\/100\n|-heal|p1b: Ogerpon|49\/100|[from] drain|[of] p2a: Cresselia\n|move|p2a: Cresselia|Lunar Blessing|p2a: Cresselia|[spread] p2a,p2b\n|-heal|p2a: Cresselia|83\/100\n|-heal|p2b: Garganacl|100\/100\n|move|p1a: Gholdengo|Shadow Ball|p2b: Garganacl\n|-supereffective|p2b: Garganacl\n|-damage|p2b: Garganacl|81\/100\n|-unboost|p2b: Garganacl|spd|1\n|-damage|p1a: Gholdengo|84\/100|[from] item: Life Orb\n|move|p2b: Garganacl|Salt Cure|p1a: Gholdengo\n|-resisted|p1a: Gholdengo\n|-damage|p1a: Gholdengo|75\/100\n|-start|p1a: Gholdengo|Salt Cure\n|\n|-heal|p2b: Garganacl|87\/100|[from] item: Leftovers\n|-damage|p1b: Ogerpon|36\/100|[from] Salt Cure\n|-damage|p1a: Gholdengo|50\/100|[from] Salt Cure\n|-sideend|p2: UY QUE RICO PAPI|Reflect\n|upkeep\n|turn|20\n|\n|t:|1699336881\n|switch|p1a: Mamoswine|Mamoswine, M|42\/100\n|-damage|p1a: Mamoswine|30\/100|[from] Stealth Rock\n|move|p1b: Ogerpon|Horn Leech|p2a: Cresselia\n|-damage|p2a: Cresselia|44\/100\n|-heal|p1b: Ogerpon|63\/100|[from] drain|[of] p2a: Cresselia\n|move|p2a: Cresselia|Lunar Blessing|p2a: Cresselia|[spread] p2a,p2b\n|-heal|p2a: Cresselia|69\/100\n|-heal|p2b: Garganacl|100\/100\n|move|p2b: Garganacl|Curse|p1b: Ogerpon\n|-start|p1b: Ogerpon|Curse|[of] p2b: Garganacl\n|-damage|p2b: Garganacl|50\/100\n|\n|-heal|p2b: Garganacl|57\/100|[from] item: Leftovers\n|-damage|p1b: Ogerpon|38\/100|[from] Curse\n|-damage|p1b: Ogerpon|25\/100|[from] Salt Cure\n|upkeep\n|turn|21\n|\n|t:|1699336907\n|switch|p1b: Gholdengo|Gholdengo|50\/100\n|-damage|p1b: Gholdengo|44\/100|[from] Stealth Rock\n|move|p2b: Garganacl|Protect|p2b: Garganacl\n|-singleturn|p2b: Garganacl|Protect\n|move|p2a: Cresselia|Ally Switch|p2a: Cresselia\n|swap|p2a: Cresselia|1|[from] move: Ally Switch\n|move|p1a: Mamoswine|High Horsepower|p2b: Cresselia\n|-immune|p2b: Cresselia|[from] ability: Levitate\n|\n|-heal|p2a: Garganacl|63\/100|[from] item: Leftovers\n|upkeep\n|turn|22\n|\n|t:|1699336933\n|move|p1a: Mamoswine|Rock Slide|p2b: Cresselia|[spread] p2a,p2b\n|-damage|p2a: Garganacl|55\/100\n|-damage|p2b: Cresselia|60\/100\n|move|p2b: Cresselia|Lunar Blessing|p2b: Cresselia|[spread] p2a,p2b\n|-heal|p2a: Garganacl|80\/100\n|-heal|p2b: Cresselia|85\/100\n|move|p1b: Gholdengo|Make It Rain|p2a: Garganacl|[spread] p2a,p2b\n|-damage|p2a: Garganacl|52\/100\n|-damage|p2b: Cresselia|57\/100\n|-unboost|p1b: Gholdengo|spa|1\n|-damage|p1b: Gholdengo|34\/100|[from] item: Life Orb\n|move|p2a: Garganacl|Salt Cure|p1b: Gholdengo\n|-resisted|p1b: Gholdengo\n|-damage|p1b: Gholdengo|24\/100\n|-start|p1b: Gholdengo|Salt Cure\n|\n|-heal|p2a: Garganacl|58\/100|[from] item: Leftovers\n|-damage|p1b: Gholdengo|0 fnt|[from] Salt Cure\n|faint|p1b: Gholdengo\n|-sideend|p2: UY QUE RICO PAPI|move: Light Screen\n|upkeep\n|inactive|mint29 has 120 seconds left.\n|\n|t:|1699336951\n|switch|p1b: Ogerpon|Ogerpon-Hearthflame-Tera, F, tera:Fire|25\/100\n|-damage|p1b: Ogerpon|0 fnt|[from] Stealth Rock\n|faint|p1b: Ogerpon\n|turn|23\n|-message|mint29 forfeited.\n|\n|win|UY QUE RICO PAPI\n|raw|mint29's rating: 1363 &rarr; <strong>1342<\/strong><br \/>(-21 for losing)\n|raw|UY QUE RICO PAPI's rating: 1345 &rarr; <strong>1366<\/strong><br \/>(+21 for winning)\n|l|\u2606mint29\n","uploadtime":1699336964,"views":15,"p1id":"mint29","p2id":"uyquericopapi","formatid":"gen9doublesou","rating":1342,"private":0,"password":""}