{"id":"gen9doublesou-1979929121","p1":"Flexint","p2":"Thehombre","format":"[Gen 9] Doubles OU","log":"|j|\u2606Flexint\n|j|\u2606Thehombre\n|t:|1698731208\n|gametype|doubles\n|player|p1|Flexint|dragontamer|1126\n|player|p2|Thehombre|101|1167\n|teamsize|p1|6\n|teamsize|p2|6\n|gen|9\n|tier|[Gen 9] Doubles OU\n|rated|\n|rule|Species Clause: Limit one of each Pok\u00e9mon\n|rule|OHKO Clause: OHKO moves are banned\n|rule|Evasion Moves Clause: Evasion moves are banned\n|rule|Gravity Sleep Clause: The combination of sleep-inducing moves with imperfect accuracy and Gravity or Gigantamax Orbeetle are banned\n|rule|Endless Battle Clause: Forcing endless battles is banned\n|rule|HP Percentage Mod: HP is shown in percentages\n|clearpoke\n|poke|p1|Politoed, M|\n|poke|p1|Goodra-Hisui, F|\n|poke|p1|Raichu, F|\n|poke|p1|Staraptor, F|\n|poke|p1|Weezing, F|\n|poke|p1|Clefable, M|\n|poke|p2|Chi-Yu|\n|poke|p2|Torkoal, M|\n|poke|p2|Gastrodon, M|\n|poke|p2|Iron Moth|\n|poke|p2|Houndoom, F|\n|poke|p2|Dragonite, M|\n|teampreview\n|inactive|Battle timer is ON: inactive players will automatically lose when time's up. (requested by Flexint)\n|\n|t:|1698731232\n|start\n|switch|p1a: Raichu|Raichu, F|100\/100\n|switch|p1b: Staraptor|Staraptor, F|100\/100\n|switch|p2a: Chi-Yu|Chi-Yu|100\/100\n|switch|p2b: Iron Moth|Iron Moth|100\/100\n|-ability|p1b: Staraptor|Intimidate|boost\n|-unboost|p2a: Chi-Yu|atk|1\n|-unboost|p2b: Iron Moth|atk|1\n|-ability|p2a: Chi-Yu|Beads of Ruin\n|turn|1\n|\n|t:|1698731248\n|switch|p2a: Dragonite|Dragonite, M|100\/100\n|move|p1a: Raichu|Fake Out|p2b: Iron Moth\n|-damage|p2b: Iron Moth|89\/100\n|move|p1b: Staraptor|Close Combat|p2a: Dragonite\n|-resisted|p2a: Dragonite\n|-damage|p2a: Dragonite|92\/100\n|-unboost|p1b: Staraptor|def|1\n|-unboost|p1b: Staraptor|spd|1\n|cant|p2b: Iron Moth|flinch\n|\n|upkeep\n|turn|2\n|\n|t:|1698731267\n|switch|p1b: Politoed|Politoed, M|100\/100\n|-weather|RainDance|[from] ability: Drizzle|[of] p1b: Politoed\n|move|p2b: Iron Moth|Heat Wave|p1a: Raichu|[spread] p1a\n|-miss|p2b: Iron Moth|p1b: Politoed\n|-damage|p1a: Raichu|71\/100\n|move|p1a: Raichu|Volt Switch|p2a: Dragonite\n|-damage|p2a: Dragonite|70\/100\n|\n|t:|1698731279\n|switch|p1a: Weezing|Weezing, F, shiny|100\/100|[from] Volt Switch\n|move|p2a: Dragonite|Tailwind|p2a: Dragonite\n|-sidestart|p2: Thehombre|move: Tailwind\n|\n|-weather|RainDance|[upkeep]\n|upkeep\n|turn|3\n|\n|t:|1698731296\n|switch|p2a: Torkoal|Torkoal, M|100\/100\n|-weather|SunnyDay|[from] ability: Drought|[of] p2a: Torkoal\n|move|p1b: Politoed|Protect|p1b: Politoed\n|-singleturn|p1b: Politoed|Protect\n|move|p2b: Iron Moth|Heat Wave|p1b: Politoed|[spread] p1a\n|-activate|p1b: Politoed|move: Protect\n|-damage|p1a: Weezing|55\/100\n|move|p1a: Weezing|Acid Spray|p2a: Torkoal\n|-crit|p2a: Torkoal\n|-damage|p2a: Torkoal|76\/100\n|-unboost|p2a: Torkoal|spd|2\n|\n|-weather|SunnyDay|[upkeep]\n|upkeep\n|turn|4\n|\n|t:|1698731324\n|switch|p1b: Clefable|Clefable, M, shiny|100\/100\n|move|p2b: Iron Moth|Heat Wave|p1a: Weezing|[spread] p1a,p1b\n|-damage|p1a: Weezing|4\/100\n|-damage|p1b: Clefable|36\/100\n|move|p1a: Weezing|Sludge Bomb|p2a: Torkoal\n|-damage|p2a: Torkoal|4\/100\n|-status|p2a: Torkoal|psn\n|move|p2a: Torkoal|Heat Wave|p1b: Clefable|[spread] p1a,p1b\n|-damage|p1a: Weezing|0 fnt\n|-damage|p1b: Clefable|0 fnt\n|faint|p1a: Weezing\n|faint|p1b: Clefable\n|\n|-weather|SunnyDay|[upkeep]\n|-damage|p2a: Torkoal|0 fnt|[from] psn\n|faint|p2a: Torkoal\n|upkeep\n|\n|t:|1698731352\n|switch|p1b: Raichu|Raichu, F|71\/100\n|switch|p1a: Politoed|Politoed, M|100\/100\n|switch|p2a: Dragonite|Dragonite, M|70\/100\n|-weather|RainDance|[from] ability: Drizzle|[of] p1a: Politoed\n|turn|5\n|\n|t:|1698731375\n|switch|p2a: Gastrodon|Gastrodon, M|100\/100\n|move|p1b: Raichu|Fake Out|p2a: Gastrodon\n|-damage|p2a: Gastrodon|91\/100\n|move|p2b: Iron Moth|Sludge Wave|p1a: Politoed|[spread] p2a,p1a,p1b\n|-resisted|p2a: Gastrodon\n|-damage|p2a: Gastrodon|78\/100\n|-damage|p1a: Politoed|68\/100\n|-damage|p1b: Raichu|25\/100\n|move|p1a: Politoed|Icy Wind|p2a: Gastrodon|[spread] p2b\n|-miss|p1a: Politoed|p2a: Gastrodon\n|-resisted|p2b: Iron Moth\n|-damage|p2b: Iron Moth|84\/100\n|-unboost|p2b: Iron Moth|spe|1\n|\n|-weather|RainDance|[upkeep]\n|-heal|p2a: Gastrodon|84\/100|[from] item: Leftovers\n|-sideend|p2: Thehombre|move: Tailwind\n|upkeep\n|turn|6\n|\n|t:|1698731399\n|-end|p2b: Iron Moth|Quark Drive|[silent]\n|switch|p2b: Houndoom|Houndoom, F|100\/100\n|move|p1b: Raichu|Protect|p1b: Raichu\n|-singleturn|p1b: Raichu|Protect\n|move|p1a: Politoed|Icy Wind|p2b: Houndoom|[spread] p2a,p2b\n|-resisted|p2b: Houndoom\n|-damage|p2a: Gastrodon|78\/100\n|-damage|p2b: Houndoom|94\/100\n|-unboost|p2a: Gastrodon|spe|1\n|-unboost|p2b: Houndoom|spe|1\n|move|p2a: Gastrodon|Earth Power|p1b: Raichu\n|-activate|p1b: Raichu|move: Protect\n|\n|-weather|RainDance|[upkeep]\n|-heal|p2a: Gastrodon|85\/100|[from] item: Leftovers\n|upkeep\n|turn|7\n|\n|t:|1698731428\n|move|p1a: Politoed|Protect|p1a: Politoed\n|-singleturn|p1a: Politoed|Protect\n|move|p1b: Raichu|Volt Switch|p2b: Houndoom\n|-damage|p2b: Houndoom|61\/100\n|\n|t:|1698731435\n|switch|p1b: Goodra|Goodra-Hisui, F|100\/100|[from] Volt Switch\n|move|p2b: Houndoom|Nasty Plot|p2b: Houndoom\n|-boost|p2b: Houndoom|spa|2\n|move|p2a: Gastrodon|Chilling Water|p1b: Goodra\n|-resisted|p1b: Goodra\n|-damage|p1b: Goodra|94\/100\n|-unboost|p1b: Goodra|atk|1\n|\n|-weather|RainDance|[upkeep]\n|-heal|p1b: Goodra|99\/100|[from] item: Leftovers\n|-heal|p2a: Gastrodon|91\/100|[from] item: Leftovers\n|upkeep\n|turn|8\n|\n|t:|1698731462\n|move|p2b: Houndoom|Heat Wave|p1a: Politoed|[spread] p1a,p1b\n|-resisted|p1a: Politoed\n|-damage|p1a: Politoed|51\/100\n|-damage|p1b: Goodra|80\/100\n|move|p1a: Politoed|Icy Wind|p2b: Houndoom|[spread] p2a,p2b\n|-resisted|p2b: Houndoom\n|-damage|p2a: Gastrodon|85\/100\n|-damage|p2b: Houndoom|54\/100\n|-unboost|p2a: Gastrodon|spe|1\n|-unboost|p2b: Houndoom|spe|1\n|move|p1b: Goodra|Body Press|p2b: Houndoom\n|-supereffective|p2b: Houndoom\n|-crit|p2b: Houndoom\n|-damage|p2b: Houndoom|0 fnt\n|faint|p2b: Houndoom\n|move|p2a: Gastrodon|Stealth Rock|p1b: Goodra\n|-sidestart|p1: Flexint|move: Stealth Rock\n|\n|-weather|RainDance|[upkeep]\n|-heal|p1b: Goodra|86\/100|[from] item: Leftovers\n|-heal|p2a: Gastrodon|91\/100|[from] item: Leftovers\n|upkeep\n|\n|t:|1698731477\n|switch|p2b: Iron Moth|Iron Moth|84\/100\n|turn|9\n|inactive|Flexint has 120 seconds left.\n|\n|t:|1698731515\n|move|p1a: Politoed|Helping Hand|p1b: Goodra\n|-singleturn|p1b: Goodra|Helping Hand|[of] p1a: Politoed\n|move|p2b: Iron Moth|Electric Terrain|p2b: Iron Moth\n|-fieldstart|move: Electric Terrain\n|-activate|p2b: Iron Moth|ability: Quark Drive\n|-start|p2b: Iron Moth|quarkdrivespa\n|move|p1b: Goodra|Body Press|p2a: Gastrodon\n|-damage|p2a: Gastrodon|59\/100\n|move|p2a: Gastrodon|Earth Power|p1b: Goodra\n|-supereffective|p1b: Goodra\n|-damage|p1b: Goodra|54\/100\n|\n|-weather|RainDance|[upkeep]\n|-heal|p1b: Goodra|60\/100|[from] item: Leftovers\n|-heal|p2a: Gastrodon|66\/100|[from] item: Leftovers\n|upkeep\n|turn|10\n|inactive|Flexint has 120 seconds left.\n|\n|t:|1698731543\n|move|p2b: Iron Moth|Discharge|p1a: Politoed|[spread] p1a,p1b\n|-immune|p2a: Gastrodon\n|-supereffective|p1a: Politoed\n|-resisted|p1b: Goodra\n|-damage|p1a: Politoed|0 fnt\n|-damage|p1b: Goodra|50\/100\n|faint|p1a: Politoed\n|move|p1b: Goodra|Acid Armor|p1b: Goodra\n|-boost|p1b: Goodra|def|2\n|move|p2a: Gastrodon|Earth Power|p1b: Goodra\n|-supereffective|p1b: Goodra\n|-damage|p1b: Goodra|16\/100\n|\n|-weather|RainDance|[upkeep]\n|-heal|p1b: Goodra|22\/100|[from] item: Leftovers\n|-heal|p2a: Gastrodon|72\/100|[from] item: Leftovers\n|upkeep\n|\n|t:|1698731559\n|switch|p1a: Raichu|Raichu, F|25\/100\n|turn|11\n|inactive|Flexint has 120 seconds left.\n|\n|t:|1698731572\n|move|p1a: Raichu|Fake Out|p2a: Gastrodon\n|-crit|p2a: Gastrodon\n|-damage|p2a: Gastrodon|58\/100\n|move|p2b: Iron Moth|Heat Wave|p1a: Raichu|[spread] p1a,p1b\n|-damage|p1a: Raichu|0 fnt\n|-damage|p1b: Goodra|4\/100\n|faint|p1a: Raichu\n|move|p1b: Goodra|Body Press|p2a: Gastrodon\n|-damage|p2a: Gastrodon|17\/100\n|cant|p2a: Gastrodon|flinch\n|\n|-weather|RainDance|[upkeep]\n|-heal|p1b: Goodra|10\/100|[from] item: Leftovers\n|-heal|p2a: Gastrodon|23\/100|[from] item: Leftovers\n|upkeep\n|inactive|Flexint has 120 seconds left.\n|\n|t:|1698731588\n|switch|p1a: Staraptor|Staraptor, F|100\/100\n|-damage|p1a: Staraptor|76\/100|[from] Stealth Rock\n|-ability|p1a: Staraptor|Intimidate|boost\n|-unboost|p2a: Gastrodon|atk|1\n|-unboost|p2b: Iron Moth|atk|1\n|turn|12\n|inactive|Flexint has 120 seconds left.\n|\n|t:|1698731611\n|move|p1a: Staraptor|Brave Bird|p2b: Iron Moth\n|-damage|p2b: Iron Moth|2\/100\n|-damage|p1a: Staraptor|54\/100|[from] Recoil\n|move|p2b: Iron Moth|Discharge|p1b: Goodra|[spread] p1a,p1b\n|-immune|p2a: Gastrodon\n|-supereffective|p1a: Staraptor\n|-resisted|p1b: Goodra\n|-damage|p1a: Staraptor|0 fnt\n|-damage|p1b: Goodra|0 fnt\n|faint|p1a: Staraptor\n|faint|p1b: Goodra\n|\n|win|Thehombre\n|raw|Flexint's rating: 1126 &rarr; <strong>1104<\/strong><br \/>(-22 for losing)\n|raw|Thehombre's rating: 1167 &rarr; <strong>1189<\/strong><br \/>(+22 for winning)\n","uploadtime":1698731621,"views":16,"p1id":"flexint","p2id":"thehombre","formatid":"gen9doublesou","rating":1104,"private":0,"password":""}