{"id":"gen9doublesou-1970999401","p1":"Red_demon_king","p2":"Spitfire arcanine","format":"[Gen 9] Doubles OU","log":"|j|\u2606Red_demon_king\n|j|\u2606Spitfire arcanine\n|inactive|Battle timer is ON: inactive players will automatically lose when time's up.\n|t:|1697690459\n|gametype|doubles\n|player|p1|Red_demon_king|red|\n|player|p2|Spitfire arcanine|#uplximelmetal|\n|teamsize|p1|6\n|teamsize|p2|6\n|gen|9\n|tier|[Gen 9] Doubles OU\n|rated|Tournament battle\n|rule|Species Clause: Limit one of each Pok\u00e9mon\n|rule|OHKO Clause: OHKO moves are banned\n|rule|Evasion Moves Clause: Evasion moves are banned\n|rule|Gravity Sleep Clause: The combination of sleep-inducing moves with imperfect accuracy and Gravity or Gigantamax Orbeetle are banned\n|rule|Endless Battle Clause: Forcing endless battles is banned\n|rule|HP Percentage Mod: HP is shown in percentages\n|clearpoke\n|poke|p1|Glimmora, F|\n|poke|p1|Dragonite, M|\n|poke|p1|Scizor, M|\n|poke|p1|Arcanine, F|\n|poke|p1|Palafin, M|\n|poke|p1|Chien-Pao|\n|poke|p2|Ogerpon-Wellspring, F|\n|poke|p2|Gholdengo|\n|poke|p2|Chien-Pao|\n|poke|p2|Iron Hands|\n|poke|p2|Dragonite, F|\n|poke|p2|Glimmora, F|\n|teampreview\n|j|*Lady Monita \u263d\n|inactive|Red_demon_king also wants the timer to be on.\n|\n|t:|1697690476\n|start\n|switch|p1a: Glimmora|Glimmora, F|100\/100\n|switch|p1b: Palafin|Palafin, M|100\/100\n|switch|p2a: Glimmora|Glimmora, F|100\/100\n|switch|p2b: Gholdengo|Gholdengo|100\/100\n|turn|1\n|\n|t:|1697690483\n|detailschange|p1b: Palafin|Palafin-Hero, M\n|switch|p1b: Arcanine|Arcanine, F|100\/100\n|-ability|p1b: Arcanine|Intimidate|boost\n|-unboost|p2a: Glimmora|atk|1\n|-unboost|p2b: Gholdengo|atk|1\n|move|p2a: Glimmora|Stealth Rock|p1b: Arcanine\n|-sidestart|p1: Red_demon_king|move: Stealth Rock\n|move|p2b: Gholdengo|Make It Rain|p1a: Glimmora|[spread] p1a,p1b\n|-supereffective|p1a: Glimmora\n|-resisted|p1b: Arcanine\n|-damage|p1a: Glimmora|36\/100\n|-damage|p1b: Arcanine|85\/100\n|-unboost|p2b: Gholdengo|spa|1\n|move|p1a: Glimmora|Stealth Rock|p2b: Gholdengo\n|-sidestart|p2: Spitfire arcanine|move: Stealth Rock\n|\n|upkeep\n|turn|2\n|\n|t:|1697690502\n|move|p2b: Gholdengo|Protect|p2b: Gholdengo\n|-singleturn|p2b: Gholdengo|Protect\n|move|p2a: Glimmora|Power Gem|p1b: Arcanine\n|-supereffective|p1b: Arcanine\n|-damage|p1b: Arcanine|27\/100\n|move|p1b: Arcanine|Flare Blitz|p2b: Gholdengo\n|-activate|p2b: Gholdengo|move: Protect\n|move|p1a: Glimmora|Mortal Spin|p2a: Glimmora|[spread] p2a\n|-activate|p2b: Gholdengo|move: Protect\n|-resisted|p2a: Glimmora\n|-damage|p2a: Glimmora|99\/100\n|-activate|p2a: Glimmora|ability: Toxic Debris\n|-sidestart|p1: Red_demon_king|move: Toxic Spikes\n|-sideend|p1: Red_demon_king|Toxic Spikes|[from] move: Mortal Spin|[of] p1a: Glimmora\n|-sideend|p1: Red_demon_king|Stealth Rock|[from] move: Mortal Spin|[of] p1a: Glimmora\n|\n|upkeep\n|turn|3\n|\n|t:|1697690515\n|move|p2a: Glimmora|Power Gem|p1b: Arcanine\n|-supereffective|p1b: Arcanine\n|-damage|p1b: Arcanine|0 fnt\n|faint|p1b: Arcanine\n|move|p2b: Gholdengo|Nasty Plot|p2b: Gholdengo\n|-boost|p2b: Gholdengo|spa|2\n|move|p1a: Glimmora|Mortal Spin|p2b: Gholdengo|[spread] p2a\n|-immune|p2b: Gholdengo\n|-resisted|p2a: Glimmora\n|-damage|p2a: Glimmora|98\/100\n|-activate|p2a: Glimmora|ability: Toxic Debris\n|-sidestart|p1: Red_demon_king|move: Toxic Spikes\n|-sideend|p1: Red_demon_king|Toxic Spikes|[from] move: Mortal Spin|[of] p1a: Glimmora\n|\n|upkeep\n|\n|t:|1697690535\n|switch|p1b: Scizor|Scizor, M|100\/100\n|turn|4\n|\n|t:|1697690557\n|move|p2a: Glimmora|Spiky Shield|p2a: Glimmora\n|-singleturn|p2a: Glimmora|move: Protect\n|move|p2b: Gholdengo|Shadow Ball|p1b: Scizor\n|-damage|p1b: Scizor|12\/100\n|-unboost|p1b: Scizor|spd|1\n|move|p1b: Scizor|Iron Head|p2a: Glimmora\n|-activate|p2a: Glimmora|move: Protect\n|-damage|p1b: Scizor|0 fnt|[from] Spiky Shield|[of] p2a: Glimmora\n|faint|p1b: Scizor\n|move|p1a: Glimmora|Mortal Spin|p2a: Glimmora|[spread] \n|-activate|p2a: Glimmora|move: Protect\n|-damage|p1a: Glimmora|23\/100|[from] Spiky Shield|[of] p2a: Glimmora\n|-immune|p2b: Gholdengo\n|\n|upkeep\n|\n|t:|1697690568\n|switch|p1b: Palafin|Palafin-Hero, M|100\/100\n|-activate|p1b: Palafin|ability: Zero to Hero\n|turn|5\n|\n|t:|1697690582\n|switch|p2a: Ogerpon|Ogerpon-Wellspring, F|100\/100\n|-damage|p2a: Ogerpon|88\/100|[from] Stealth Rock\n|move|p1b: Palafin|Jet Punch|p2a: Ogerpon\n|-heal|p2a: Ogerpon|100\/100|[from] ability: Water Absorb|[of] p1b: Palafin\n|move|p2b: Gholdengo|Make It Rain|p1a: Glimmora|[spread] p1a,p1b\n|-supereffective|p1a: Glimmora\n|-resisted|p1b: Palafin\n|-damage|p1a: Glimmora|0 fnt\n|-damage|p1b: Palafin|66\/100\n|-unboost|p2b: Gholdengo|spa|1\n|faint|p1a: Glimmora\n|\n|upkeep\n|\n|t:|1697690586\n|switch|p1a: Dragonite|Dragonite, M|100\/100\n|turn|6\n|\n|t:|1697690592\n|-terastallize|p1a: Dragonite|Normal\n|move|p1a: Dragonite|Extreme Speed|p2a: Ogerpon\n|-damage|p2a: Ogerpon|41\/100\n|move|p1b: Palafin|Jet Punch|p2b: Gholdengo\n|-damage|p2b: Gholdengo|40\/100\n|-enditem|p2b: Gholdengo|Sitrus Berry|[eat]\n|-heal|p2b: Gholdengo|65\/100|[from] item: Sitrus Berry\n|move|p2b: Gholdengo|Make It Rain|p1a: Dragonite|[spread] p1a,p1b\n|-resisted|p1b: Palafin\n|-damage|p1a: Dragonite|55\/100\n|-damage|p1b: Palafin|41\/100\n|-unboost|p2b: Gholdengo|spa|1\n|move|p2a: Ogerpon|Horn Leech|p1b: Palafin\n|-supereffective|p1b: Palafin\n|-damage|p1b: Palafin|0 fnt\n|-heal|p2a: Ogerpon|60\/100|[from] drain|[of] p1b: Palafin\n|faint|p1b: Palafin\n|\n|upkeep\n|\n|t:|1697690604\n|switch|p1b: Chien-Pao|Chien-Pao|100\/100\n|-ability|p1b: Chien-Pao|Sword of Ruin\n|turn|7\n|\n|t:|1697690610\n|move|p2a: Ogerpon|Follow Me|p2a: Ogerpon\n|-singleturn|p2a: Ogerpon|move: Follow Me\n|move|p1a: Dragonite|Extreme Speed|p2a: Ogerpon\n|-crit|p2a: Ogerpon\n|-damage|p2a: Ogerpon|0 fnt\n|faint|p2a: Ogerpon\n|move|p1b: Chien-Pao|Sucker Punch|p2b: Gholdengo\n|-supereffective|p2b: Gholdengo\n|-damage|p2b: Gholdengo|0 fnt\n|faint|p2b: Gholdengo\n|\n|upkeep\n|\n|t:|1697690621\n|switch|p2b: Iron Hands|Iron Hands|100\/100\n|switch|p2a: Glimmora|Glimmora, F|98\/100\n|-damage|p2a: Glimmora|86\/100|[from] Stealth Rock\n|-damage|p2b: Iron Hands|94\/100|[from] Stealth Rock\n|turn|8\n|\n|t:|1697690639\n|move|p1b: Chien-Pao|Protect|p1b: Chien-Pao\n|-singleturn|p1b: Chien-Pao|Protect\n|move|p2b: Iron Hands|Fake Out|p1b: Chien-Pao\n|-activate|p1b: Chien-Pao|move: Protect\n|move|p1a: Dragonite|Extreme Speed|p2b: Iron Hands\n|-damage|p2b: Iron Hands|28\/100\n|move|p2a: Glimmora|Power Gem|p1b: Chien-Pao\n|-activate|p1b: Chien-Pao|move: Protect\n|\n|upkeep\n|turn|9\n|\n|t:|1697690655\n|move|p1a: Dragonite|Extreme Speed|p2b: Iron Hands\n|-damage|p2b: Iron Hands|0 fnt\n|faint|p2b: Iron Hands\n|-end|p2b: Iron Hands|Quark Drive|[silent]\n|move|p1b: Chien-Pao|Sacred Sword|p2a: Glimmora\n|-damage|p2a: Glimmora|37\/100\n|-activate|p2a: Glimmora|ability: Toxic Debris\n|-sidestart|p1: Red_demon_king|move: Toxic Spikes\n|move|p2a: Glimmora|Sludge Bomb|p1a: Dragonite\n|-damage|p1a: Dragonite|13\/100\n|\n|upkeep\n|j| woah-shein\n|\n|t:|1697690658\n|switch|p2b: Chien-Pao|Chien-Pao|100\/100\n|-damage|p2b: Chien-Pao|76\/100|[from] Stealth Rock\n|-ability|p2b: Chien-Pao|Sword of Ruin\n|turn|10\n|\n|t:|1697690664\n|move|p2b: Chien-Pao|Protect|p2b: Chien-Pao\n|-singleturn|p2b: Chien-Pao|Protect\n|move|p2a: Glimmora|Spiky Shield|p2a: Glimmora\n|-singleturn|p2a: Glimmora|move: Protect\n|move|p1a: Dragonite|Extreme Speed|p2b: Chien-Pao\n|-activate|p2b: Chien-Pao|move: Protect\n|move|p1b: Chien-Pao|Sacred Sword|p2a: Glimmora\n|-activate|p2a: Glimmora|move: Protect\n|-damage|p1b: Chien-Pao|88\/100|[from] Spiky Shield|[of] p2a: Glimmora\n|\n|upkeep\n|turn|11\n|l| woah-shein\n|\n|t:|1697690678\n|-terastallize|p2b: Chien-Pao|Ghost\n|move|p1a: Dragonite|Extreme Speed|p2b: Chien-Pao\n|-immune|p2b: Chien-Pao\n|move|p2b: Chien-Pao|Sucker Punch||[still]\n|-fail|p2b: Chien-Pao\n|move|p1b: Chien-Pao|Sacred Sword|p2a: Glimmora\n|-damage|p2a: Glimmora|0 fnt\n|-activate|p2a: Glimmora|ability: Toxic Debris\n|-sidestart|p1: Red_demon_king|move: Toxic Spikes\n|faint|p2a: Glimmora\n|\n|upkeep\n|\n|t:|1697690683\n|switch|p2a: Dragonite|Dragonite, F|100\/100\n|-damage|p2a: Dragonite|76\/100|[from] Stealth Rock\n|turn|12\n|\n|t:|1697690692\n|move|p1a: Dragonite|Extreme Speed|p2a: Dragonite\n|-crit|p2a: Dragonite\n|-damage|p2a: Dragonite|0 fnt\n|faint|p2a: Dragonite\n|move|p1b: Chien-Pao|Sucker Punch|p2b: Chien-Pao\n|-supereffective|p2b: Chien-Pao\n|-damage|p2b: Chien-Pao|0 fnt\n|faint|p2b: Chien-Pao\n|\n|win|Red_demon_king\n|n|\u2606Red_demon_king|reddemonking\n|n|\u2606Spitfire arcanine|spitfirearcanine\n|n|*Lady Monita \u263d|ladymonita\n|l|*Lady Monita \u263d\n|c|\u2606Red_demon_king|Gg\n|l|\u2606Spitfire arcanine\n|l|\u2606Red_demon_king\n|j|\u2606Red_demon_king\n|player|p1|Red_demon_king|red\n","uploadtime":1697690754,"views":16,"p1id":"reddemonking","p2id":"spitfirearcanine","formatid":"gen9doublesou","rating":0,"private":0,"password":""}