{"id":"gen9doublesou-1970880994","p1":"squallo","p2":"Sleepoligy","format":"[Gen 9] Doubles OU","log":"|j|\u2606squallo\n|j|\u2606Sleepoligy\n|t:|1697676773\n|gametype|doubles\n|player|p1|squallo|bugcatcher-gen4dp|1150\n|player|p2|Sleepoligy|1|1108\n|teamsize|p1|6\n|teamsize|p2|6\n|gen|9\n|tier|[Gen 9] Doubles OU\n|rated|\n|rule|Species Clause: Limit one of each Pok\u00e9mon\n|rule|OHKO Clause: OHKO moves are banned\n|rule|Evasion Moves Clause: Evasion moves are banned\n|rule|Gravity Sleep Clause: The combination of sleep-inducing moves with imperfect accuracy and Gravity or Gigantamax Orbeetle are banned\n|rule|Endless Battle Clause: Forcing endless battles is banned\n|rule|HP Percentage Mod: HP is shown in percentages\n|clearpoke\n|poke|p1|Ninetales-Alola, F|\n|poke|p1|Gallade, M|\n|poke|p1|Chansey, F|\n|poke|p1|Talonflame, M|\n|poke|p1|Raichu, M|\n|poke|p1|Milotic, F|\n|poke|p2|Hippowdon, F|\n|poke|p2|Golem, M|\n|poke|p2|Ursaluna-Bloodmoon, M|\n|poke|p2|Landorus-Therian, M|\n|poke|p2|Toedscool, M|\n|poke|p2|Gastrodon, F|\n|teampreview\n|c|\u2606squallo|Hurry up vulva\n|inactive|Battle timer is ON: inactive players will automatically lose when time's up. (requested by squallo)\n|c|\u2606squallo|Vulvudo blaxter\n|inactive|Sleepoligy has 120 seconds left.\n|c|\u2606squallo|Sleepoligy vulva\n|c|\u2606squallo|The most vulvastic\n|c|\u2606squallo|Vaginal\n|c|\u2606squallo|Gay\n|inactive|Sleepoligy has 90 seconds left.\n|c|\u2606squallo|Sleepoligy gay vaginal vulva\n|c|\u2606squallo|Trampikstrich\n|inactive|Sleepoligy has 60 seconds left.\n|c|\u2606squallo|Viva Redgi vulvudica capitolectica\n|c|\u2606squallo|Redgi play\n|c|\u2606squallo|James baxter\n|c|\u2606squallo|Lets make love and sex\n|inactive|Sleepoligy has 30 seconds left.\n|\n|t:|1697676921\n|start\n|switch|p1a: Milotic|Milotic, F, shiny|100\/100\n|switch|p1b: Raichu|Raichu, M, shiny|100\/100\n|switch|p2a: Toedscool|Toedscool, M|100\/100\n|switch|p2b: Golem|Golem, M|100\/100\n|turn|1\n|\n|t:|1697676941\n|-terastallize|p2a: Toedscool|Ghost\n|move|p1b: Raichu|Fake Out|p2a: Toedscool\n|-immune|p2a: Toedscool\n|move|p1a: Milotic|Icy Wind|p2a: Toedscool|[spread] p2a,p2b\n|-supereffective|p2b: Golem\n|-damage|p2a: Toedscool|92\/100\n|-damage|p2b: Golem|76\/100\n|-unboost|p2a: Toedscool|spe|1\n|-unboost|p2b: Golem|spe|1\n|move|p2b: Golem|Explosion|p1a: Milotic|[spread] p1a,p1b\n|-immune|p2a: Toedscool\n|-damage|p1a: Milotic|28\/100\n|-enditem|p1b: Raichu|Focus Sash\n|-damage|p1b: Raichu|1\/100\n|faint|p2b: Golem\n|move|p2a: Toedscool|Trick Room|p2a: Toedscool\n|-fieldstart|move: Trick Room|[of] p2a: Toedscool\n|\n|-heal|p1a: Milotic|34\/100|[from] item: Leftovers\n|upkeep\n|inactive|Sleepoligy has 90 seconds left.\n|\n|t:|1697676961\n|switch|p2b: Hippowdon|Hippowdon, F|100\/100\n|-weather|Sandstorm|[from] ability: Sand Stream|[of] p2b: Hippowdon\n|turn|2\n|\n|t:|1697676978\n|switch|p1b: Ninetales|Ninetales-Alola, F, shiny|100\/100\n|-weather|Snow|[from] ability: Snow Warning|[of] p1b: Ninetales\n|move|p2b: Hippowdon|Rock Slide|p1a: Milotic|[spread] p1a,p1b\n|-supereffective|p1b: Ninetales\n|-damage|p1a: Milotic|22\/100\n|-damage|p1b: Ninetales|66\/100\n|move|p1a: Milotic|Aqua Ring|p1a: Milotic\n|-start|p1a: Milotic|Aqua Ring\n|move|p2a: Toedscool|Toxic Spikes|p1a: Milotic\n|-sidestart|p1: squallo|move: Toxic Spikes\n|\n|-weather|Snow|[upkeep]\n|-heal|p1a: Milotic|28\/100|[from] item: Leftovers\n|-heal|p1a: Milotic|34\/100|[from] Aqua Ring\n|upkeep\n|turn|3\n|inactive|Sleepoligy has 120 seconds left.\n|c|\u2606squallo|Vulvudic gay\n|\n|t:|1697677003\n|move|p2a: Toedscool|Acid Spray|p1b: Ninetales\n|-supereffective|p1b: Ninetales\n|-damage|p1b: Ninetales|52\/100\n|-unboost|p1b: Ninetales|spd|2\n|move|p2b: Hippowdon|Rock Slide|p1b: Ninetales|[spread] p1a,p1b\n|-supereffective|p1b: Ninetales\n|-damage|p1a: Milotic|20\/100\n|-damage|p1b: Ninetales|18\/100\n|move|p1a: Milotic|Scald|p2b: Hippowdon\n|-supereffective|p2b: Hippowdon\n|-damage|p2b: Hippowdon|48\/100\n|-enditem|p2b: Hippowdon|Sitrus Berry|[eat]\n|-heal|p2b: Hippowdon|73\/100|[from] item: Sitrus Berry\n|move|p1b: Ninetales|Aurora Veil|p1b: Ninetales\n|-sidestart|p1: squallo|move: Aurora Veil\n|\n|-weather|Snow|[upkeep]\n|-heal|p1a: Milotic|26\/100|[from] item: Leftovers\n|-heal|p1a: Milotic|32\/100|[from] Aqua Ring\n|upkeep\n|turn|4\n|inactive|Sleepoligy has 120 seconds left.\n|\n|t:|1697677031\n|move|p2b: Hippowdon|Curse|p2b: Hippowdon\n|-unboost|p2b: Hippowdon|spe|1\n|-boost|p2b: Hippowdon|atk|1\n|-boost|p2b: Hippowdon|def|1\n|move|p1a: Milotic|Scald|p2b: Hippowdon\n|-supereffective|p2b: Hippowdon\n|-damage|p2b: Hippowdon|23\/100\n|move|p1b: Ninetales|Blizzard|p2b: Hippowdon|[spread] p2a,p2b\n|-supereffective|p2b: Hippowdon\n|-damage|p2a: Toedscool|66\/100\n|-damage|p2b: Hippowdon|0 fnt\n|-status|p2a: Toedscool|frz\n|faint|p2b: Hippowdon\n|cant|p2a: Toedscool|frz\n|\n|-weather|Snow|[upkeep]\n|-heal|p1a: Milotic|38\/100|[from] item: Leftovers\n|-heal|p1a: Milotic|44\/100|[from] Aqua Ring\n|upkeep\n|\n|t:|1697677044\n|switch|p2b: Ursaluna|Ursaluna-Bloodmoon, M|100\/100\n|turn|5\n|c|\u2606squallo|Gay vulva gay gay vulva\n|n|\u203dsquallo|squallo\n|c|&|\/log squallo was locked from talking by Artemis. (\u2606squallo: Gay vulva gay gay vulva)\n|c|&|\/raw <small>This action was done automatically. Want to learn more about the AI? <a href=\"https:\/\/www.smogon.com\/forums\/threads\/3570628\/#post-9056769\">Visit the information thread<\/a>.<\/small>\n|inactive|squallo has 120 seconds left.\n|\n|t:|1697677083\n|cant|p2a: Toedscool|frz\n|move|p2b: Ursaluna|Hyper Voice|p1b: Ninetales|[spread] p1a,p1b\n|-damage|p1a: Milotic|29\/100\n|-damage|p1b: Ninetales|0 fnt\n|faint|p1b: Ninetales\n|-enditem|p2b: Ursaluna|Throat Spray\n|-boost|p2b: Ursaluna|spa|1|[from] item: Throat Spray\n|move|p1a: Milotic|Scald|p2b: Ursaluna\n|-supereffective|p2b: Ursaluna\n|-damage|p2b: Ursaluna|50\/100\n|\n|-weather|Snow|[upkeep]\n|-heal|p1a: Milotic|35\/100|[from] item: Leftovers\n|-heal|p1a: Milotic|41\/100|[from] Aqua Ring\n|-fieldend|move: Trick Room\n|upkeep\n|\n|t:|1697677110\n|switch|p1b: Gallade|Gallade, M, shiny|100\/100\n|-status|p1b: Gallade|psn\n|turn|6\n|\n|t:|1697677123\n|switch|p2a: Gastrodon|Gastrodon, F|100\/100\n|move|p1b: Gallade|Night Slash|p2a: Gastrodon\n|-damage|p2a: Gastrodon|67\/100\n|move|p1a: Milotic|Scald|p2a: Gastrodon\n|-activate|p2a: Gastrodon|ability: Storm Drain\n|-ability|p2a: Gastrodon|Storm Drain|boost\n|-boost|p2a: Gastrodon|spa|1\n|move|p2b: Ursaluna|Hyper Voice|p1b: Gallade|[spread] p1a,p1b\n|-damage|p1a: Milotic|19\/100\n|-damage|p1b: Gallade|63\/100 psn\n|\n|-weather|none\n|-heal|p1a: Milotic|25\/100|[from] item: Leftovers\n|-heal|p2a: Gastrodon|73\/100|[from] item: Leftovers\n|-heal|p1a: Milotic|31\/100|[from] Aqua Ring\n|-damage|p1b: Gallade|50\/100 psn|[from] psn\n|upkeep\n|turn|7\n|\n|t:|1697677152\n|switch|p1b: Raichu|Raichu, M, shiny|1\/100\n|-status|p1b: Raichu|psn\n|move|p2b: Ursaluna|Protect|p2b: Ursaluna\n|-singleturn|p2b: Ursaluna|Protect\n|move|p1a: Milotic|Haze|p1a: Milotic\n|-clearallboost\n|move|p2a: Gastrodon|Earth Power|p1b: Raichu\n|-supereffective|p1b: Raichu\n|-damage|p1b: Raichu|0 fnt\n|faint|p1b: Raichu\n|\n|-heal|p1a: Milotic|37\/100|[from] item: Leftovers\n|-heal|p2a: Gastrodon|79\/100|[from] item: Leftovers\n|-heal|p1a: Milotic|43\/100|[from] Aqua Ring\n|upkeep\n|inactive|squallo has 120 seconds left.\n|\n|t:|1697677164\n|switch|p1b: Gallade|Gallade, M, shiny|50\/100 psn\n|turn|8\n|\n|t:|1697677170\n|move|p1b: Gallade|Leaf Blade|p2a: Gastrodon\n|-supereffective|p2a: Gastrodon\n|-damage|p2a: Gastrodon|0 fnt\n|faint|p2a: Gastrodon\n|move|p1a: Milotic|Scald|p2b: Ursaluna\n|-supereffective|p2b: Ursaluna\n|-damage|p2b: Ursaluna|0 fnt\n|faint|p2b: Ursaluna\n|\n|-heal|p1a: Milotic|49\/100|[from] item: Leftovers\n|-heal|p1a: Milotic|55\/100|[from] Aqua Ring\n|-damage|p1b: Gallade|38\/100 psn|[from] psn\n|upkeep\n|\n|t:|1697677183\n|switch|p2b: Toedscool|Toedscool, M, tera:Ghost|66\/100 frz\n|switch|p2a: Landorus|Landorus-Therian, M|100\/100\n|-ability|p2a: Landorus|Intimidate|boost\n|-unboost|p1a: Milotic|atk|1\n|-ability|p1a: Milotic|Competitive|boost\n|-boost|p1a: Milotic|spa|2\n|-unboost|p1b: Gallade|atk|1\n|turn|9\n|\n|t:|1697677192\n|switch|p1b: Talonflame|Talonflame, M|100\/100\n|cant|p2b: Toedscool|frz\n|move|p2a: Landorus|Rock Slide|p1b: Talonflame|[spread] p1a,p1b\n|-supereffective|p1b: Talonflame\n|-damage|p1a: Milotic|44\/100\n|-damage|p1b: Talonflame|10\/100\n|move|p1a: Milotic|Icy Wind|p2b: Toedscool|[spread] p2a,p2b\n|-supereffective|p2a: Landorus\n|-damage|p2a: Landorus|0 fnt\n|-damage|p2b: Toedscool|47\/100 frz\n|-unboost|p2b: Toedscool|spe|1\n|faint|p2a: Landorus\n|\n|-heal|p1a: Milotic|50\/100|[from] item: Leftovers\n|-heal|p1a: Milotic|56\/100|[from] Aqua Ring\n|upkeep\n|turn|10\n|-message|Sleepoligy forfeited.\n|\n|win|squallo\n|raw|squallo's rating: 1150 &rarr; <strong>1172<\/strong><br \/>(+22 for winning)\n|raw|Sleepoligy's rating: 1108 &rarr; <strong>1086<\/strong><br \/>(-22 for losing)\n","uploadtime":1697676867,"views":6,"p1id":"squallo","p2id":"sleepoligy","formatid":"gen9doublesou","rating":1086,"private":0,"password":""}