{"id":"gen9doublesou-1983271908","p1":"Slugling","p2":"RealKirby22","format":"[Gen 9] Doubles OU","log":"|j|\u2606Slugling\n|j|\u2606RealKirby22\n|t:|1699112776\n|gametype|doubles\n|player|p1|Slugling|skier|1000\n|player|p2|RealKirby22|brycen|1025\n|teamsize|p1|6\n|teamsize|p2|6\n|gen|9\n|tier|[Gen 9] Doubles OU\n|rated|\n|rule|Species Clause: Limit one of each Pok\u00e9mon\n|rule|OHKO Clause: OHKO moves are banned\n|rule|Evasion Moves Clause: Evasion moves are banned\n|rule|Gravity Sleep Clause: The combination of sleep-inducing moves with imperfect accuracy and Gravity or Gigantamax Orbeetle are banned\n|rule|Endless Battle Clause: Forcing endless battles is banned\n|rule|HP Percentage Mod: HP is shown in percentages\n|clearpoke\n|poke|p1|Golduck, F|\n|poke|p1|Kommo-o, M|\n|poke|p1|Dusclops, F|\n|poke|p1|Cresselia, F|\n|poke|p1|Landorus-Therian, M|\n|poke|p1|Iron Hands|\n|poke|p2|Blissey, F|\n|poke|p2|Muk-Alola, F|\n|poke|p2|Wyrdeer, M|\n|poke|p2|Clefairy, F|\n|poke|p2|Cresselia, F|\n|poke|p2|Glimmora, F|\n|teampreview\n|inactive|Battle timer is ON: inactive players will automatically lose when time's up. (requested by Slugling)\n|\n|t:|1699112788\n|start\n|switch|p1a: Golduck|Golduck, F|100\/100\n|switch|p1b: Kommo-o|Kommo-o, M|100\/100\n|switch|p2a: Blissey|Blissey, F|100\/100\n|switch|p2b: Muk|Muk-Alola, F|100\/100\n|turn|1\n|\n|t:|1699112805\n|move|p2b: Muk|Protect|p2b: Muk\n|-singleturn|p2b: Muk|Protect\n|move|p1a: Golduck|Simple Beam|p1b: Kommo-o\n|-endability|p1b: Kommo-o|Bulletproof|[from] move: Simple Beam\n|-ability|p1b: Kommo-o|Simple|[from] move: Simple Beam\n|move|p1b: Kommo-o|Clangorous Soul|p1b: Kommo-o\n|-boost|p1b: Kommo-o|atk|2\n|-boost|p1b: Kommo-o|def|2\n|-boost|p1b: Kommo-o|spa|2\n|-boost|p1b: Kommo-o|spd|2\n|-boost|p1b: Kommo-o|spe|2\n|-damage|p1b: Kommo-o|68\/100\n|move|p2a: Blissey|Healing Wish|p2a: Blissey\n|faint|p2a: Blissey\n|-ability|p2b: Muk|Serene Grace|[from] ability: Power of Alchemy|[of] p2a: Blissey\n|\n|upkeep\n|\n|t:|1699112823\n|switch|p2a: Wyrdeer|Wyrdeer, M|100\/100\n|-ability|p2a: Wyrdeer|Intimidate|boost\n|-unboost|p1a: Golduck|atk|1\n|-unboost|p1b: Kommo-o|atk|2\n|turn|2\n|\n|t:|1699112838\n|move|p1a: Golduck|Helping Hand|p1b: Kommo-o\n|-singleturn|p1b: Kommo-o|Helping Hand|[of] p1a: Golduck\n|move|p1b: Kommo-o|Clanging Scales|p2a: Wyrdeer|[spread] p2a,p2b\n|-damage|p2a: Wyrdeer|34\/100\n|-damage|p2b: Muk|38\/100\n|-unboost|p1b: Kommo-o|def|2\n|move|p2b: Muk|Curse|p2b: Muk\n|-unboost|p2b: Muk|spe|1\n|-boost|p2b: Muk|atk|1\n|-boost|p2b: Muk|def|1\n|move|p2a: Wyrdeer|Trick Room|p2a: Wyrdeer\n|-fieldstart|move: Trick Room|[of] p2a: Wyrdeer\n|\n|-heal|p2b: Muk|44\/100|[from] item: Leftovers\n|upkeep\n|turn|3\n|inactive|Slugling has 120 seconds left.\n|\n|t:|1699112874\n|-terastallize|p1b: Kommo-o|Steel\n|move|p2b: Muk|Rock Slide|p1b: Kommo-o|[spread] p1a,p1b\n|-resisted|p1b: Kommo-o\n|-damage|p1a: Golduck|76\/100\n|-damage|p1b: Kommo-o|60\/100\n|move|p2a: Wyrdeer|Light Screen|p2a: Wyrdeer\n|-sidestart|p2: RealKirby22|move: Light Screen\n|move|p1a: Golduck|Surf|p2b: Muk|[spread] p1b,p2a,p2b\n|-damage|p1b: Kommo-o|50\/100\n|-damage|p2a: Wyrdeer|22\/100\n|-damage|p2b: Muk|33\/100\n|-enditem|p1b: Kommo-o|Sitrus Berry|[eat]\n|-heal|p1b: Kommo-o|75\/100|[from] item: Sitrus Berry\n|cant|p1b: Kommo-o|flinch\n|\n|-heal|p2b: Muk|39\/100|[from] item: Leftovers\n|upkeep\n|turn|4\n|inactive|Slugling has 120 seconds left.\n|inactive|Slugling has 90 seconds left.\n|\n|t:|1699112924\n|switch|p2a: Clefairy|Clefairy, F|100\/100\n|switch|p1a: Iron Hands|Iron Hands|100\/100\n|-enditem|p1a: Iron Hands|Booster Energy\n|-activate|p1a: Iron Hands|ability: Quark Drive|[fromitem]\n|-start|p1a: Iron Hands|quarkdriveatk\n|move|p2b: Muk|Protect|p2b: Muk\n|-singleturn|p2b: Muk|Protect\n|move|p1b: Kommo-o|Iron Head|p2a: Clefairy\n|-supereffective|p2a: Clefairy\n|-damage|p2a: Clefairy|52\/100\n|\n|-heal|p2b: Muk|45\/100|[from] item: Leftovers\n|upkeep\n|turn|5\n|inactive|Slugling has 90 seconds left.\n|\n|t:|1699112956\n|move|p1a: Iron Hands|Fake Out|p2a: Clefairy\n|-damage|p2a: Clefairy|35\/100\n|move|p2b: Muk|Rock Slide|p1b: Kommo-o|[spread] p1a,p1b\n|-resisted|p1a: Iron Hands\n|-resisted|p1b: Kommo-o\n|-damage|p1a: Iron Hands|93\/100\n|-damage|p1b: Kommo-o|67\/100\n|cant|p2a: Clefairy|flinch\n|move|p1b: Kommo-o|Iron Head|p2b: Muk\n|-damage|p2b: Muk|29\/100\n|\n|-heal|p2b: Muk|35\/100|[from] item: Leftovers\n|upkeep\n|turn|6\n|inactive|Slugling has 90 seconds left.\n|\n|t:|1699112982\n|move|p1b: Kommo-o|Protect|p1b: Kommo-o\n|-singleturn|p1b: Kommo-o|Protect\n|move|p2b: Muk|Curse|p2b: Muk\n|-unboost|p2b: Muk|spe|1\n|-boost|p2b: Muk|atk|1\n|-boost|p2b: Muk|def|1\n|move|p2a: Clefairy|Life Dew|p2a: Clefairy|[spread] p2a,p2b\n|-heal|p2a: Clefairy|60\/100\n|-heal|p2b: Muk|60\/100\n|move|p1a: Iron Hands|Thunder Punch|p2a: Clefairy\n|-damage|p2a: Clefairy|19\/100\n|\n|-heal|p2b: Muk|66\/100|[from] item: Leftovers\n|-fieldend|move: Trick Room\n|upkeep\n|turn|7\n|inactive|Slugling has 90 seconds left.\n|\n|t:|1699113011\n|move|p1b: Kommo-o|Iron Head|p2a: Clefairy\n|-supereffective|p2a: Clefairy\n|-damage|p2a: Clefairy|0 fnt\n|faint|p2a: Clefairy\n|move|p1a: Iron Hands|Thunder Punch|p2b: Muk\n|-damage|p2b: Muk|37\/100\n|move|p2b: Muk|Rock Slide|p1a: Iron Hands|[spread] p1a,p1b\n|-resisted|p1a: Iron Hands\n|-resisted|p1b: Kommo-o\n|-damage|p1a: Iron Hands|83\/100\n|-damage|p1b: Kommo-o|58\/100\n|\n|-heal|p2b: Muk|43\/100|[from] item: Leftovers\n|-sideend|p2: RealKirby22|move: Light Screen\n|upkeep\n|\n|t:|1699113026\n|switch|p2a: Wyrdeer|Wyrdeer, M|22\/100\n|-heal|p2a: Wyrdeer|100\/100|[from] move: Healing Wish\n|-ability|p2a: Wyrdeer|Intimidate|boost\n|-unboost|p1a: Iron Hands|atk|1\n|-unboost|p1b: Kommo-o|atk|2\n|turn|8\n|inactive|Slugling has 90 seconds left.\n|\n|t:|1699113063\n|move|p2b: Muk|Protect|p2b: Muk\n|-singleturn|p2b: Muk|Protect\n|move|p1b: Kommo-o|Clanging Scales|p2b: Muk|[spread] p2a\n|-activate|p2b: Muk|move: Protect\n|-damage|p2a: Wyrdeer|58\/100\n|-unboost|p1b: Kommo-o|def|2\n|move|p1a: Iron Hands|Thunder Punch|p2a: Wyrdeer\n|-damage|p2a: Wyrdeer|18\/100\n|-status|p2a: Wyrdeer|par\n|move|p2a: Wyrdeer|Trick Room|p2a: Wyrdeer\n|-fieldstart|move: Trick Room|[of] p2a: Wyrdeer\n|\n|-heal|p2b: Muk|49\/100|[from] item: Leftovers\n|upkeep\n|turn|9\n|inactive|Slugling has 90 seconds left.\n|\n|t:|1699113095\n|move|p2b: Muk|Curse|p2b: Muk\n|-unboost|p2b: Muk|spe|1\n|-boost|p2b: Muk|atk|1\n|-boost|p2b: Muk|def|1\n|move|p2a: Wyrdeer|Reflect|p2a: Wyrdeer\n|-sidestart|p2: RealKirby22|Reflect\n|move|p1a: Iron Hands|Thunder Punch|p2a: Wyrdeer\n|-damage|p2a: Wyrdeer|0 fnt\n|faint|p2a: Wyrdeer\n|move|p1b: Kommo-o|Clanging Scales|p2b: Muk\n|-damage|p2b: Muk|0 fnt\n|faint|p2b: Muk\n|-unboost|p1b: Kommo-o|def|2\n|\n|upkeep\n|inactive|RealKirby22 has 120 seconds left.\n|-message|RealKirby22 forfeited.\n|\n|win|Slugling\n|raw|Slugling's rating: 1000 &rarr; <strong>1043<\/strong><br \/>(+43 for winning)\n|raw|RealKirby22's rating: 1025 &rarr; <strong>1010<\/strong><br \/>(-15 for losing)\n|l|\u2606RealKirby22\n","uploadtime":1699113152,"views":17,"p1id":"slugling","p2id":"realkirby22","formatid":"gen9doublesou","rating":1010,"private":0,"password":""}