{"id":"gen9doublesou-1989760314","p1":"AdvancedDigit","p2":"TropicalPete","format":"[Gen 9] Doubles OU","log":"|j|\u2606AdvancedDigit\n|j|\u2606TropicalPete\n|t:|1699893418\n|gametype|doubles\n|player|p1|AdvancedDigit|hilbert|1173\n|player|p2|TropicalPete|lyra|1120\n|teamsize|p1|6\n|teamsize|p2|6\n|gen|9\n|tier|[Gen 9] Doubles OU\n|rated|\n|rule|Species Clause: Limit one of each Pok\u00e9mon\n|rule|OHKO Clause: OHKO moves are banned\n|rule|Evasion Moves Clause: Evasion moves are banned\n|rule|Gravity Sleep Clause: The combination of sleep-inducing moves with imperfect accuracy and Gravity or Gigantamax Orbeetle are banned\n|rule|Endless Battle Clause: Forcing endless battles is banned\n|rule|HP Percentage Mod: HP is shown in percentages\n|clearpoke\n|poke|p1|Grafaiai, M|\n|poke|p1|Enamorus, F|\n|poke|p1|Kingambit, F|\n|poke|p1|Flutter Mane|\n|poke|p1|Cresselia, F|\n|poke|p1|Gliscor, M|\n|poke|p2|Tornadus, M|\n|poke|p2|Glimmora, F|\n|poke|p2|Iron Hands|\n|poke|p2|Ursaluna, M|\n|poke|p2|Sinistcha-Masterpiece|\n|poke|p2|Garganacl, M|\n|teampreview\n|\n|t:|1699893439\n|start\n|switch|p1a: Cresselia|Cresselia, F|100\/100\n|switch|p1b: Gliscor|Gliscor, M|100\/100\n|switch|p2a: Tornadus|Tornadus, M|100\/100\n|switch|p2b: Glimmora|Glimmora, F, shiny|100\/100\n|turn|1\n|\n|t:|1699893452\n|move|p2a: Tornadus|Tailwind|p2a: Tornadus\n|-sidestart|p2: TropicalPete|move: Tailwind\n|move|p2b: Glimmora|Stealth Rock|p1a: Cresselia\n|-sidestart|p1: AdvancedDigit|move: Stealth Rock\n|move|p1b: Gliscor|Earthquake|p2b: Glimmora|[spread] p2b\n|-immune|p1a: Cresselia|[from] ability: Levitate\n|-immune|p2a: Tornadus\n|-supereffective|p2b: Glimmora\n|-damage|p2b: Glimmora|9\/100\n|-activate|p2b: Glimmora|ability: Toxic Debris\n|-sidestart|p1: AdvancedDigit|move: Toxic Spikes\n|move|p1a: Cresselia|Skill Swap|p1b: Gliscor\n|-activate|p1a: Cresselia|move: Skill Swap|||[of] p1b: Gliscor\n|\n|-status|p1a: Cresselia|tox|[from] item: Toxic Orb\n|upkeep\n|turn|2\n|\n|t:|1699893472\n|move|p2b: Glimmora|Spikes|p1b: Gliscor\n|-sidestart|p1: AdvancedDigit|Spikes\n|move|p2a: Tornadus|Icy Wind|p1a: Cresselia|[spread] p1a,p1b\n|-supereffective|p1b: Gliscor\n|-damage|p1a: Cresselia|95\/100 tox\n|-damage|p1b: Gliscor|49\/100\n|-unboost|p1a: Cresselia|spe|1\n|-unboost|p1b: Gliscor|spe|1\n|move|p1b: Gliscor|Knock Off|p2b: Glimmora\n|-damage|p2b: Glimmora|0 fnt\n|-activate|p2b: Glimmora|ability: Toxic Debris\n|-sidestart|p1: AdvancedDigit|move: Toxic Spikes\n|-enditem|p2b: Glimmora|Focus Sash|[from] move: Knock Off|[of] p1b: Gliscor\n|faint|p2b: Glimmora\n|move|p1a: Cresselia|Calm Mind|p1a: Cresselia\n|-boost|p1a: Cresselia|spa|1\n|-boost|p1a: Cresselia|spd|1\n|\n|-heal|p1b: Gliscor|55\/100|[from] item: Leftovers\n|-heal|p1a: Cresselia|100\/100 tox|[from] ability: Poison Heal\n|upkeep\n|\n|t:|1699893491\n|switch|p2b: Sinistcha|Sinistcha-Masterpiece, shiny|100\/100\n|turn|3\n|\n|t:|1699893507\n|move|p2a: Tornadus|Taunt|p1a: Cresselia\n|-start|p1a: Cresselia|move: Taunt\n|move|p2b: Sinistcha|Calm Mind|p2b: Sinistcha\n|-boost|p2b: Sinistcha|spa|1\n|-boost|p2b: Sinistcha|spd|1\n|move|p1b: Gliscor|Knock Off|p2b: Sinistcha\n|-supereffective|p2b: Sinistcha\n|-damage|p2b: Sinistcha|62\/100\n|-enditem|p2b: Sinistcha|Heavy-Duty Boots|[from] move: Knock Off|[of] p1b: Gliscor\n|move|p1a: Cresselia|Moonblast|p2b: Sinistcha\n|-damage|p2b: Sinistcha|41\/100\n|\n|-heal|p1b: Gliscor|61\/100|[from] item: Leftovers\n|upkeep\n|turn|4\n|\n|t:|1699893525\n|move|p2a: Tornadus|Icy Wind|p1b: Gliscor|[spread] p1a,p1b\n|-supereffective|p1b: Gliscor\n|-crit|p1b: Gliscor\n|-damage|p1a: Cresselia|96\/100 tox\n|-damage|p1b: Gliscor|0 fnt\n|-unboost|p1a: Cresselia|spe|1\n|faint|p1b: Gliscor\n|move|p2b: Sinistcha|Shadow Ball|p1a: Cresselia\n|-supereffective|p1a: Cresselia\n|-damage|p1a: Cresselia|55\/100 tox\n|move|p1a: Cresselia|Moonblast|p2b: Sinistcha\n|-damage|p2b: Sinistcha|20\/100\n|\n|-heal|p1a: Cresselia|67\/100 tox|[from] ability: Poison Heal\n|-sideend|p2: TropicalPete|move: Tailwind\n|upkeep\n|\n|t:|1699893546\n|switch|p1b: Flutter Mane|Flutter Mane|100\/100\n|-damage|p1b: Flutter Mane|88\/100|[from] Stealth Rock\n|-status|p1b: Flutter Mane|tox\n|-damage|p1b: Flutter Mane|76\/100 tox|[from] Spikes\n|-enditem|p1b: Flutter Mane|Booster Energy\n|-activate|p1b: Flutter Mane|ability: Protosynthesis|[fromitem]\n|-start|p1b: Flutter Mane|protosynthesisspe\n|turn|5\n|\n|t:|1699893556\n|move|p2a: Tornadus|Tailwind|p2a: Tornadus\n|-sidestart|p2: TropicalPete|move: Tailwind\n|move|p1b: Flutter Mane|Dazzling Gleam|p2b: Sinistcha|[spread] p2a,p2b\n|-crit|p2b: Sinistcha\n|-damage|p2a: Tornadus|73\/100\n|-damage|p2b: Sinistcha|0 fnt\n|faint|p2b: Sinistcha\n|move|p1a: Cresselia|Moonblast|p2a: Tornadus\n|-damage|p2a: Tornadus|54\/100\n|\n|-damage|p1b: Flutter Mane|70\/100 tox|[from] psn\n|-heal|p1a: Cresselia|79\/100 tox|[from] ability: Poison Heal\n|-end|p1a: Cresselia|move: Taunt\n|upkeep\n|\n|t:|1699893569\n|switch|p2b: Garganacl|Garganacl, M, shiny|100\/100\n|turn|6\n|\n|t:|1699893586\n|move|p1b: Flutter Mane|Dazzling Gleam|p2b: Garganacl|[spread] p2a,p2b\n|-damage|p2a: Tornadus|27\/100\n|-damage|p2b: Garganacl|71\/100\n|move|p2a: Tornadus|Icy Wind|p1a: Cresselia|[spread] p1a,p1b\n|-damage|p1a: Cresselia|76\/100 tox\n|-damage|p1b: Flutter Mane|60\/100 tox\n|-unboost|p1a: Cresselia|spe|1\n|-unboost|p1b: Flutter Mane|spe|1\n|move|p2b: Garganacl|Salt Cure|p1a: Cresselia\n|-damage|p1a: Cresselia|66\/100 tox\n|-start|p1a: Cresselia|Salt Cure\n|move|p1a: Cresselia|Moonblast|p2b: Garganacl\n|-damage|p2b: Garganacl|46\/100\n|\n|-heal|p2b: Garganacl|52\/100|[from] item: Leftovers\n|-damage|p1b: Flutter Mane|47\/100 tox|[from] psn\n|-heal|p1a: Cresselia|79\/100 tox|[from] ability: Poison Heal\n|-damage|p1a: Cresselia|66\/100 tox|[from] Salt Cure\n|upkeep\n|turn|7\n|\n|t:|1699893611\n|move|p2a: Tornadus|Icy Wind|p1b: Flutter Mane|[spread] p1a,p1b\n|-damage|p1a: Cresselia|62\/100 tox\n|-damage|p1b: Flutter Mane|37\/100 tox\n|-unboost|p1a: Cresselia|spe|1\n|-unboost|p1b: Flutter Mane|spe|1\n|move|p1b: Flutter Mane|Dazzling Gleam|p2a: Tornadus|[spread] p2a,p2b\n|-damage|p2a: Tornadus|0 fnt\n|-damage|p2b: Garganacl|21\/100\n|faint|p2a: Tornadus\n|move|p2b: Garganacl|Recover|p2b: Garganacl\n|-heal|p2b: Garganacl|71\/100\n|move|p1a: Cresselia|Moonblast|p2b: Garganacl\n|-damage|p2b: Garganacl|47\/100\n|-unboost|p2b: Garganacl|spa|1\n|\n|-heal|p2b: Garganacl|53\/100|[from] item: Leftovers\n|-damage|p1b: Flutter Mane|19\/100 tox|[from] psn\n|-heal|p1a: Cresselia|75\/100 tox|[from] ability: Poison Heal\n|-damage|p1a: Cresselia|62\/100 tox|[from] Salt Cure\n|upkeep\n|\n|t:|1699893633\n|switch|p2a: Ursaluna|Ursaluna, M, shiny|100\/100\n|turn|8\n|\n|t:|1699893657\n|move|p2a: Ursaluna|Protect|p2a: Ursaluna\n|-singleturn|p2a: Ursaluna|Protect\n|move|p1b: Flutter Mane|Dazzling Gleam|p2b: Garganacl|[spread] p2b\n|-activate|p2a: Ursaluna|move: Protect\n|-damage|p2b: Garganacl|25\/100\n|move|p2b: Garganacl|Recover|p2b: Garganacl\n|-heal|p2b: Garganacl|75\/100\n|move|p1a: Cresselia|Moonblast|p2a: Ursaluna\n|-activate|p2a: Ursaluna|move: Protect\n|\n|-heal|p2b: Garganacl|82\/100|[from] item: Leftovers\n|-damage|p1b: Flutter Mane|0 fnt|[from] psn\n|faint|p1b: Flutter Mane\n|-end|p1b: Flutter Mane|Protosynthesis|[silent]\n|-heal|p1a: Cresselia|75\/100 tox|[from] ability: Poison Heal\n|-damage|p1a: Cresselia|62\/100 tox|[from] Salt Cure\n|-sideend|p2: TropicalPete|move: Tailwind\n|-status|p2a: Ursaluna|brn|[from] item: Flame Orb\n|upkeep\n|\n|t:|1699893682\n|switch|p1b: Grafaiai|Grafaiai, M|100\/100\n|-damage|p1b: Grafaiai|88\/100|[from] Stealth Rock\n|-sideend|p1: AdvancedDigit|move: Toxic Spikes|[of] p1b: Grafaiai\n|-damage|p1b: Grafaiai|76\/100|[from] Spikes\n|turn|9\n|\n|t:|1699893702\n|move|p1b: Grafaiai|Encore|p2a: Ursaluna\n|-start|p2a: Ursaluna|Encore\n|move|p2a: Ursaluna|Protect||[still]\n|-fail|p2a: Ursaluna\n|move|p2b: Garganacl|Salt Cure|p1b: Grafaiai\n|-crit|p1b: Grafaiai\n|-damage|p1b: Grafaiai|47\/100\n|-start|p1b: Grafaiai|Salt Cure\n|move|p1a: Cresselia|Calm Mind|p1a: Cresselia\n|-boost|p1a: Cresselia|spa|1\n|-boost|p1a: Cresselia|spd|1\n|\n|-heal|p2b: Garganacl|88\/100|[from] item: Leftovers\n|-heal|p1a: Cresselia|75\/100 tox|[from] ability: Poison Heal\n|-damage|p2a: Ursaluna|94\/100 brn|[from] brn\n|-damage|p1b: Grafaiai|34\/100|[from] Salt Cure\n|-damage|p1a: Cresselia|62\/100 tox|[from] Salt Cure\n|upkeep\n|turn|10\n|\n|t:|1699893729\n|move|p2a: Ursaluna|Protect|p2a: Ursaluna\n|-singleturn|p2a: Ursaluna|Protect\n|move|p1b: Grafaiai|Switcheroo|p2b: Garganacl\n|-activate|p1b: Grafaiai|move: Trick|[of] p2b: Garganacl\n|-item|p2b: Garganacl|Iron Ball|[from] move: Switcheroo\n|-item|p1b: Grafaiai|Leftovers|[from] move: Switcheroo\n|move|p1a: Cresselia|Moonblast|p2b: Garganacl\n|-damage|p2b: Garganacl|55\/100\n|move|p2b: Garganacl|Curse|p2b: Garganacl\n|-unboost|p2b: Garganacl|spe|1\n|-boost|p2b: Garganacl|atk|1\n|-boost|p2b: Garganacl|def|1\n|\n|-heal|p1b: Grafaiai|40\/100|[from] item: Leftovers\n|-heal|p1a: Cresselia|75\/100 tox|[from] ability: Poison Heal\n|-damage|p2a: Ursaluna|88\/100 brn|[from] brn\n|-damage|p1b: Grafaiai|28\/100|[from] Salt Cure\n|-damage|p1a: Cresselia|62\/100 tox|[from] Salt Cure\n|upkeep\n|turn|11\n|\n|t:|1699893754\n|move|p2a: Ursaluna|Protect|p2a: Ursaluna\n|-singleturn|p2a: Ursaluna|Protect\n|move|p1b: Grafaiai|Switcheroo|p1a: Cresselia\n|-activate|p1b: Grafaiai|move: Trick|[of] p1a: Cresselia\n|-item|p1a: Cresselia|Leftovers|[from] move: Switcheroo\n|-item|p1b: Grafaiai|Toxic Orb|[from] move: Switcheroo\n|move|p1a: Cresselia|Moonblast|p2b: Garganacl\n|-damage|p2b: Garganacl|25\/100\n|move|p2b: Garganacl|Recover|p2b: Garganacl\n|-heal|p2b: Garganacl|75\/100\n|\n|-heal|p1a: Cresselia|68\/100 tox|[from] item: Leftovers\n|-heal|p1a: Cresselia|81\/100 tox|[from] ability: Poison Heal\n|-damage|p2a: Ursaluna|82\/100 brn|[from] brn\n|-damage|p1b: Grafaiai|15\/100|[from] Salt Cure\n|-damage|p1a: Cresselia|68\/100 tox|[from] Salt Cure\n|-end|p2a: Ursaluna|Encore\n|upkeep\n|turn|12\n|inactive|Battle timer is ON: inactive players will automatically lose when time's up. (requested by AdvancedDigit)\n|\n|t:|1699893784\n|move|p1b: Grafaiai|Parting Shot|p2a: Ursaluna\n|-unboost|p2a: Ursaluna|atk|1\n|-unboost|p2a: Ursaluna|spa|1\n|\n|t:|1699893792\n|switch|p1b: Kingambit|Kingambit, F|100\/100|[from] Parting Shot\n|-damage|p1b: Kingambit|94\/100|[from] Stealth Rock\n|-damage|p1b: Kingambit|82\/100|[from] Spikes\n|move|p2a: Ursaluna|Facade|p1a: Cresselia\n|-damage|p1a: Cresselia|5\/100 tox\n|move|p1a: Cresselia|Moonlight|p1a: Cresselia\n|-heal|p1a: Cresselia|55\/100 tox\n|move|p2b: Garganacl|Body Press|p1a: Cresselia\n|-resisted|p1a: Cresselia\n|-damage|p1a: Cresselia|39\/100 tox\n|\n|-heal|p1b: Kingambit|88\/100|[from] item: Leftovers\n|-heal|p1a: Cresselia|45\/100 tox|[from] item: Leftovers\n|-heal|p1a: Cresselia|58\/100 tox|[from] ability: Poison Heal\n|-damage|p2a: Ursaluna|76\/100 brn|[from] brn\n|-damage|p1a: Cresselia|45\/100 tox|[from] Salt Cure\n|upkeep\n|turn|13\n|\n|t:|1699893818\n|-terastallize|p1b: Kingambit|Dark\n|move|p1b: Kingambit|Sucker Punch|p2a: Ursaluna\n|-damage|p2a: Ursaluna|40\/100 brn\n|move|p2a: Ursaluna|Headlong Rush|p1b: Kingambit\n|-damage|p1b: Kingambit|31\/100\n|-unboost|p2a: Ursaluna|def|1\n|-unboost|p2a: Ursaluna|spd|1\n|move|p1a: Cresselia|Moonlight|p1a: Cresselia\n|-heal|p1a: Cresselia|95\/100 tox\n|move|p2b: Garganacl|Curse|p2b: Garganacl\n|-unboost|p2b: Garganacl|spe|1\n|-boost|p2b: Garganacl|atk|1\n|-boost|p2b: Garganacl|def|1\n|\n|-heal|p1b: Kingambit|38\/100|[from] item: Leftovers\n|-heal|p1a: Cresselia|100\/100 tox|[from] item: Leftovers\n|-damage|p2a: Ursaluna|34\/100 brn|[from] brn\n|-damage|p1a: Cresselia|88\/100 tox|[from] Salt Cure\n|upkeep\n|turn|14\n|\n|t:|1699893840\n|switch|p2a: Iron Hands|Iron Hands|100\/100\n|move|p1b: Kingambit|Sucker Punch||[still]\n|-fail|p1b: Kingambit\n|move|p1a: Cresselia|Calm Mind|p1a: Cresselia\n|-boost|p1a: Cresselia|spa|1\n|-boost|p1a: Cresselia|spd|1\n|move|p2b: Garganacl|Curse|p2b: Garganacl\n|-unboost|p2b: Garganacl|spe|1\n|-boost|p2b: Garganacl|atk|1\n|-boost|p2b: Garganacl|def|1\n|\n|-heal|p1b: Kingambit|44\/100|[from] item: Leftovers\n|-heal|p1a: Cresselia|94\/100 tox|[from] item: Leftovers\n|-heal|p1a: Cresselia|100\/100 tox|[from] ability: Poison Heal\n|-damage|p1a: Cresselia|88\/100 tox|[from] Salt Cure\n|upkeep\n|turn|15\n|\n|t:|1699893864\n|move|p2a: Iron Hands|Wild Charge|p1b: Kingambit\n|-damage|p1b: Kingambit|3\/100\n|-damage|p2a: Iron Hands|92\/100|[from] Recoil\n|move|p1b: Kingambit|Iron Head|p2b: Garganacl\n|-supereffective|p2b: Garganacl\n|-damage|p2b: Garganacl|58\/100\n|move|p1a: Cresselia|Moonblast|p2a: Iron Hands\n|-supereffective|p2a: Iron Hands\n|-damage|p2a: Iron Hands|37\/100\n|-unboost|p2a: Iron Hands|spa|1\n|cant|p2b: Garganacl|flinch\n|\n|-heal|p1b: Kingambit|10\/100|[from] item: Leftovers\n|-heal|p1a: Cresselia|94\/100 tox|[from] item: Leftovers\n|-heal|p1a: Cresselia|100\/100 tox|[from] ability: Poison Heal\n|-damage|p1a: Cresselia|88\/100 tox|[from] Salt Cure\n|upkeep\n|turn|16\n|\n|t:|1699893886\n|move|p1b: Kingambit|Sucker Punch|p2a: Iron Hands\n|-resisted|p2a: Iron Hands\n|-damage|p2a: Iron Hands|19\/100\n|move|p2a: Iron Hands|Drain Punch|p1b: Kingambit\n|-supereffective|p1b: Kingambit\n|-damage|p1b: Kingambit|0 fnt\n|-heal|p2a: Iron Hands|23\/100|[from] drain|[of] p1b: Kingambit\n|faint|p1b: Kingambit\n|move|p1a: Cresselia|Moonblast|p2a: Iron Hands\n|-supereffective|p2a: Iron Hands\n|-damage|p2a: Iron Hands|0 fnt\n|faint|p2a: Iron Hands\n|-end|p2a: Iron Hands|Quark Drive|[silent]\n|move|p2b: Garganacl|Recover|p2b: Garganacl\n|-heal|p2b: Garganacl|100\/100\n|\n|-heal|p1a: Cresselia|94\/100 tox|[from] item: Leftovers\n|-heal|p1a: Cresselia|100\/100 tox|[from] ability: Poison Heal\n|-damage|p1a: Cresselia|88\/100 tox|[from] Salt Cure\n|upkeep\n|\n|t:|1699893904\n|switch|p1b: Enamorus|Enamorus, F|100\/100\n|switch|p2a: Ursaluna|Ursaluna, M, shiny|34\/100 brn\n|-damage|p1b: Enamorus|76\/100|[from] Stealth Rock\n|turn|17\n|\n|t:|1699893926\n|move|p1b: Enamorus|Superpower|p2a: Ursaluna\n|-supereffective|p2a: Ursaluna\n|-damage|p2a: Ursaluna|0 fnt\n|-boost|p1b: Enamorus|atk|1\n|-boost|p1b: Enamorus|def|1\n|faint|p2a: Ursaluna\n|move|p1a: Cresselia|Moonlight|p1a: Cresselia\n|-heal|p1a: Cresselia|100\/100 tox\n|move|p2b: Garganacl|Salt Cure|p1b: Enamorus\n|-supereffective|p1b: Enamorus\n|-damage|p1b: Enamorus|0 fnt\n|faint|p1b: Enamorus\n|\n|-damage|p1a: Cresselia|88\/100 tox|[from] Salt Cure\n|upkeep\n|c|\u2606AdvancedDigit|gg\n|\n|t:|1699893930\n|switch|p1b: Grafaiai|Grafaiai, M|15\/100\n|-damage|p1b: Grafaiai|3\/100|[from] Stealth Rock\n|-damage|p1b: Grafaiai|0 fnt|[from] Spikes\n|faint|p1b: Grafaiai\n|turn|18\n|\n|t:|1699893947\n|move|p1a: Cresselia|Calm Mind|p1a: Cresselia\n|-boost|p1a: Cresselia|spa|1\n|-boost|p1a: Cresselia|spd|1\n|move|p2b: Garganacl|Curse|p2b: Garganacl\n|-unboost|p2b: Garganacl|spe|1\n|-boost|p2b: Garganacl|atk|1\n|-boost|p2b: Garganacl|def|1\n|\n|-heal|p1a: Cresselia|94\/100 tox|[from] item: Leftovers\n|-heal|p1a: Cresselia|100\/100 tox|[from] ability: Poison Heal\n|-damage|p1a: Cresselia|88\/100 tox|[from] Salt Cure\n|upkeep\n|turn|19\n|\n|t:|1699893957\n|move|p1a: Cresselia|Moonblast|p2b: Garganacl\n|-damage|p2b: Garganacl|55\/100\n|-unboost|p2b: Garganacl|spa|1\n|move|p2b: Garganacl|Curse|p2b: Garganacl\n|-unboost|p2b: Garganacl|spe|1\n|-boost|p2b: Garganacl|atk|1\n|-boost|p2b: Garganacl|def|1\n|\n|-heal|p1a: Cresselia|94\/100 tox|[from] item: Leftovers\n|-heal|p1a: Cresselia|100\/100 tox|[from] ability: Poison Heal\n|-damage|p1a: Cresselia|88\/100 tox|[from] Salt Cure\n|upkeep\n|turn|20\n|\n|t:|1699893970\n|move|p1a: Cresselia|Moonblast|p2b: Garganacl\n|-damage|p2b: Garganacl|8\/100\n|-unboost|p2b: Garganacl|spa|1\n|move|p2b: Garganacl|Recover|p2b: Garganacl\n|-heal|p2b: Garganacl|58\/100\n|\n|-heal|p1a: Cresselia|94\/100 tox|[from] item: Leftovers\n|-heal|p1a: Cresselia|100\/100 tox|[from] ability: Poison Heal\n|-damage|p1a: Cresselia|88\/100 tox|[from] Salt Cure\n|upkeep\n|turn|21\n|\n|t:|1699893980\n|move|p1a: Cresselia|Calm Mind|p1a: Cresselia\n|-boost|p1a: Cresselia|spa|1\n|-boost|p1a: Cresselia|spd|1\n|move|p2b: Garganacl|Recover|p2b: Garganacl\n|-heal|p2b: Garganacl|100\/100\n|\n|-heal|p1a: Cresselia|94\/100 tox|[from] item: Leftovers\n|-heal|p1a: Cresselia|100\/100 tox|[from] ability: Poison Heal\n|-damage|p1a: Cresselia|88\/100 tox|[from] Salt Cure\n|upkeep\n|turn|22\n|\n|t:|1699894000\n|move|p1a: Cresselia|Calm Mind|p1a: Cresselia\n|-boost|p1a: Cresselia|spa|1\n|-boost|p1a: Cresselia|spd|1\n|move|p2b: Garganacl|Salt Cure|p1a: Cresselia\n|-damage|p1a: Cresselia|51\/100 tox\n|\n|-heal|p1a: Cresselia|57\/100 tox|[from] item: Leftovers\n|-heal|p1a: Cresselia|69\/100 tox|[from] ability: Poison Heal\n|-damage|p1a: Cresselia|57\/100 tox|[from] Salt Cure\n|upkeep\n|turn|23\n|\n|t:|1699894015\n|move|p1a: Cresselia|Moonblast|p2b: Garganacl\n|-damage|p2b: Garganacl|39\/100\n|-unboost|p2b: Garganacl|spa|1\n|move|p2b: Garganacl|Body Press|p1a: Cresselia\n|-resisted|p1a: Cresselia\n|-damage|p1a: Cresselia|21\/100 tox\n|\n|-heal|p1a: Cresselia|27\/100 tox|[from] item: Leftovers\n|-heal|p1a: Cresselia|39\/100 tox|[from] ability: Poison Heal\n|-damage|p1a: Cresselia|27\/100 tox|[from] Salt Cure\n|upkeep\n|turn|24\n|\n|t:|1699894035\n|-terastallize|p2b: Garganacl|Flying\n|move|p1a: Cresselia|Moonblast|p2b: Garganacl\n|-damage|p2b: Garganacl|0 fnt\n|faint|p2b: Garganacl\n|\n|win|AdvancedDigit\n|raw|AdvancedDigit's rating: 1173 &rarr; <strong>1194<\/strong><br \/>(+21 for winning)\n|raw|TropicalPete's rating: 1120 &rarr; <strong>1099<\/strong><br \/>(-21 for losing)\n|c|\u2606TropicalPete|gg\n","uploadtime":1699894051,"views":6,"p1id":"advanceddigit","p2id":"tropicalpete","formatid":"gen9doublesou","rating":1099,"private":0,"password":""}