{"id":"gen9doublesou-1991296702","p1":"Sebaszc08","p2":"bigchipboy","format":"[Gen 9] Doubles OU","log":"|j|\u2606Sebaszc08\n|j|\u2606bigchipboy\n|t:|1700065265\n|gametype|doubles\n|player|p1|Sebaszc08|psychic-gen4|1230\n|player|p2|bigchipboy|crasherwake|1253\n|teamsize|p1|6\n|teamsize|p2|6\n|gen|9\n|tier|[Gen 9] Doubles OU\n|rated|\n|rule|Species Clause: Limit one of each Pok\u00e9mon\n|rule|OHKO Clause: OHKO moves are banned\n|rule|Evasion Moves Clause: Evasion moves are banned\n|rule|Gravity Sleep Clause: The combination of sleep-inducing moves with imperfect accuracy and Gravity or Gigantamax Orbeetle are banned\n|rule|Endless Battle Clause: Forcing endless battles is banned\n|rule|HP Percentage Mod: HP is shown in percentages\n|clearpoke\n|poke|p1|Illumise, F|\n|poke|p1|Crawdaunt, M|\n|poke|p1|Ogerpon-Hearthflame, F|\n|poke|p1|Sinistcha|\n|poke|p1|Ursaluna-Bloodmoon, M|\n|poke|p1|Kingambit, M|\n|poke|p2|Kommo-o, F|\n|poke|p2|Gardevoir, F|\n|poke|p2|Ogerpon-Wellspring, F|\n|poke|p2|Iron Hands|\n|poke|p2|Arcanine-Hisui, F|\n|poke|p2|Sinistcha-Masterpiece|\n|teampreview\n|inactive|Battle timer is ON: inactive players will automatically lose when time's up. (requested by bigchipboy)\n|inactive|Sebaszc08 also wants the timer to be on.\n|\n|t:|1700065283\n|start\n|switch|p1a: Illumise|Illumise, F|100\/100\n|switch|p1b: Ogerpon|Ogerpon-Hearthflame, F|100\/100\n|switch|p2a: Iron Hands|Iron Hands|100\/100\n|switch|p2b: Kommo-o|Kommo-o, F|100\/100\n|-ability|p1b: Ogerpon|Mold Breaker\n|turn|1\n|\n|t:|1700065295\n|move|p1b: Ogerpon|Spiky Shield|p1b: Ogerpon\n|-singleturn|p1b: Ogerpon|move: Protect\n|move|p2a: Iron Hands|Fake Out|p1a: Illumise\n|-damage|p1a: Illumise|81\/100\n|cant|p1a: Illumise|flinch\n|move|p2b: Kommo-o|Clangorous Soul|p2b: Kommo-o\n|-boost|p2b: Kommo-o|atk|1\n|-boost|p2b: Kommo-o|def|1\n|-boost|p2b: Kommo-o|spa|1\n|-boost|p2b: Kommo-o|spd|1\n|-boost|p2b: Kommo-o|spe|1\n|-damage|p2b: Kommo-o|68\/100\n|\n|upkeep\n|turn|2\n|\n|t:|1700065311\n|move|p1a: Illumise|Encore|p2b: Kommo-o\n|-start|p2b: Kommo-o|Encore\n|move|p2b: Kommo-o|Clangorous Soul|p2b: Kommo-o\n|-boost|p2b: Kommo-o|atk|1\n|-boost|p2b: Kommo-o|def|1\n|-boost|p2b: Kommo-o|spa|1\n|-boost|p2b: Kommo-o|spd|1\n|-boost|p2b: Kommo-o|spe|1\n|-damage|p2b: Kommo-o|35\/100\n|move|p1b: Ogerpon|Ivy Cudgel|p2a: Iron Hands|[anim] Ivy Cudgel Fire\n|-damage|p2a: Iron Hands|60\/100\n|move|p2a: Iron Hands|Wild Charge|p1a: Illumise\n|-damage|p1a: Illumise|18\/100\n|-damage|p2a: Iron Hands|49\/100|[from] Recoil\n|\n|upkeep\n|turn|3\n|\n|t:|1700065339\n|-end|p2a: Iron Hands|Quark Drive|[silent]\n|switch|p2a: Sinistcha|Sinistcha-Masterpiece|100\/100\n|-heal|p2b: Kommo-o|60\/100|[from] ability: Hospitality|[of] p2a: Sinistcha\n|-terastallize|p2b: Kommo-o|Steel\n|move|p1a: Illumise|Tailwind|p1a: Illumise\n|-sidestart|p1: Sebaszc08|move: Tailwind\n|move|p1b: Ogerpon|Ivy Cudgel|p2a: Sinistcha|[anim] Ivy Cudgel Fire\n|-supereffective|p2a: Sinistcha\n|-damage|p2a: Sinistcha|0 fnt\n|faint|p2a: Sinistcha\n|move|p2b: Kommo-o|Clangorous Soul|p2b: Kommo-o\n|-boost|p2b: Kommo-o|atk|1\n|-boost|p2b: Kommo-o|def|1\n|-boost|p2b: Kommo-o|spa|1\n|-boost|p2b: Kommo-o|spd|1\n|-boost|p2b: Kommo-o|spe|1\n|-damage|p2b: Kommo-o|27\/100\n|\n|upkeep\n|inactive|bigchipboy has 120 seconds left.\n|\n|t:|1700065350\n|switch|p2a: Ogerpon|Ogerpon-Wellspring, F|100\/100\n|turn|4\n|\n|t:|1700065369\n|move|p1a: Illumise|Thunder Wave|p2a: Ogerpon\n|-status|p2a: Ogerpon|par\n|move|p1b: Ogerpon|Ivy Cudgel|p2a: Ogerpon|[anim] Ivy Cudgel Fire\n|-damage|p2a: Ogerpon|48\/100 par\n|move|p2b: Kommo-o|Clangorous Soul||[still]\n|-fail|p2b: Kommo-o\n|move|p2a: Ogerpon|Ivy Cudgel|p1b: Ogerpon|[anim] Ivy Cudgel Water\n|-damage|p1b: Ogerpon|34\/100\n|\n|-end|p2b: Kommo-o|Encore\n|upkeep\n|turn|5\n|\n|t:|1700065391\n|move|p2a: Ogerpon|Follow Me|p2a: Ogerpon\n|-singleturn|p2a: Ogerpon|move: Follow Me\n|move|p1b: Ogerpon|Ivy Cudgel|p2a: Ogerpon|[anim] Ivy Cudgel Fire\n|-damage|p2a: Ogerpon|0 fnt\n|faint|p2a: Ogerpon\n|move|p2b: Kommo-o|Drain Punch|p1b: Ogerpon\n|-damage|p1b: Ogerpon|0 fnt\n|-heal|p2b: Kommo-o|41\/100|[from] drain|[of] p1b: Ogerpon\n|faint|p1b: Ogerpon\n|move|p1a: Illumise|Infestation|p2b: Kommo-o\n|-resisted|p2b: Kommo-o\n|-damage|p2b: Kommo-o|41\/100\n|-activate|p2b: Kommo-o|move: Infestation|[of] p1a: Illumise\n|\n|-damage|p2b: Kommo-o|28\/100|[from] move: Infestation|[partiallytrapped]\n|upkeep\n|\n|t:|1700065417\n|switch|p1b: Crawdaunt|Crawdaunt, M|100\/100\n|switch|p2a: Arcanine|Arcanine-Hisui, F|100\/100\n|-ability|p2a: Arcanine|Intimidate|boost\n|-unboost|p1a: Illumise|atk|1\n|-unboost|p1b: Crawdaunt|atk|1\n|turn|6\n|\n|t:|1700065431\n|move|p1a: Illumise|Thunder Wave|p2a: Arcanine\n|-status|p2a: Arcanine|par\n|move|p2b: Kommo-o|Drain Punch|p1a: Illumise\n|-resisted|p1a: Illumise\n|-damage|p1a: Illumise|0 fnt\n|-heal|p2b: Kommo-o|36\/100|[from] drain|[of] p1a: Illumise\n|faint|p1a: Illumise\n|move|p1b: Crawdaunt|Knock Off|p2b: Kommo-o\n|-damage|p2b: Kommo-o|16\/100\n|-enditem|p2b: Kommo-o|Clear Amulet|[from] move: Knock Off|[of] p1b: Crawdaunt\n|-damage|p1b: Crawdaunt|91\/100|[from] item: Life Orb\n|move|p2a: Arcanine|Rock Slide|p1b: Crawdaunt\n|-damage|p1b: Crawdaunt|11\/100\n|\n|-end|p2b: Kommo-o|Infestation|[partiallytrapped]|[silent]\n|-sideend|p1: Sebaszc08|move: Tailwind\n|upkeep\n|\n|t:|1700065442\n|switch|p1a: Ursaluna|Ursaluna-Bloodmoon, M|100\/100\n|turn|7\n|\n|t:|1700065455\n|-terastallize|p1a: Ursaluna|Fairy\n|move|p2b: Kommo-o|Drain Punch|p1a: Ursaluna\n|-resisted|p1a: Ursaluna\n|-damage|p1a: Ursaluna|73\/100\n|-heal|p2b: Kommo-o|33\/100|[from] drain|[of] p1a: Ursaluna\n|move|p1b: Crawdaunt|Liquidation|p2a: Arcanine\n|-supereffective|p2a: Arcanine\n|-damage|p2a: Arcanine|0 fnt\n|faint|p2a: Arcanine\n|-damage|p1b: Crawdaunt|1\/100|[from] item: Life Orb\n|move|p1a: Ursaluna|Earth Power|p2b: Kommo-o\n|-supereffective|p2b: Kommo-o\n|-damage|p2b: Kommo-o|0 fnt\n|faint|p2b: Kommo-o\n|\n|upkeep\n|\n|t:|1700065464\n|switch|p2a: Iron Hands|Iron Hands|49\/100\n|switch|p2b: Gardevoir|Gardevoir, F|100\/100\n|-ability|p2b: Gardevoir|Adaptability|[from] ability: Trace|[of] p1b: Crawdaunt\n|turn|8\n|\n|t:|1700065477\n|switch|p1b: Sinistcha|Sinistcha|100\/100\n|-heal|p1a: Ursaluna|97\/100|[from] ability: Hospitality|[of] p1b: Sinistcha\n|move|p2a: Iron Hands|Fake Out|p1a: Ursaluna\n|-damage|p1a: Ursaluna|87\/100\n|move|p2b: Gardevoir|Draining Kiss|p1b: Sinistcha\n|-damage|p1b: Sinistcha|57\/100\n|cant|p1a: Ursaluna|flinch\n|\n|-heal|p1b: Sinistcha|63\/100|[from] item: Leftovers\n|upkeep\n|turn|9\n|\n|t:|1700065496\n|move|p2b: Gardevoir|Psychic|p1a: Ursaluna\n|-damage|p1a: Ursaluna|35\/100\n|move|p1b: Sinistcha|Strength Sap|p2a: Iron Hands\n|-unboost|p2a: Iron Hands|atk|1\n|-heal|p1b: Sinistcha|100\/100\n|move|p2a: Iron Hands|Wild Charge|p1b: Sinistcha\n|-resisted|p1b: Sinistcha\n|-damage|p1b: Sinistcha|89\/100\n|-damage|p2a: Iron Hands|47\/100|[from] Recoil\n|move|p1a: Ursaluna|Blood Moon|p2b: Gardevoir\n|-damage|p2b: Gardevoir|7\/100\n|\n|-heal|p1b: Sinistcha|95\/100|[from] item: Leftovers\n|upkeep\n|turn|10\n|inactive|bigchipboy has 120 seconds left.\n|\n|t:|1700065528\n|move|p2b: Gardevoir|Psychic|p1a: Ursaluna\n|-damage|p1a: Ursaluna|0 fnt\n|faint|p1a: Ursaluna\n|move|p1b: Sinistcha|Matcha Gotcha|p2b: Gardevoir|[spread] p2a,p2b\n|-damage|p2a: Iron Hands|33\/100\n|-heal|p1b: Sinistcha|100\/100|[from] drain|[of] p2a: Iron Hands\n|-damage|p2b: Gardevoir|0 fnt\n|-status|p2a: Iron Hands|brn\n|faint|p2b: Gardevoir\n|move|p2a: Iron Hands|Volt Switch|p1b: Sinistcha\n|-resisted|p1b: Sinistcha\n|-damage|p1b: Sinistcha|92\/100\n|\n|-heal|p1b: Sinistcha|98\/100|[from] item: Leftovers\n|-damage|p2a: Iron Hands|27\/100 brn|[from] brn\n|upkeep\n|\n|t:|1700065539\n|switch|p1a: Kingambit|Kingambit, M|100\/100\n|-activate|p1a: Kingambit|ability: Supreme Overlord\n|-start|p1a: Kingambit|fallen3|[silent]\n|turn|11\n|inactive|bigchipboy has 120 seconds left.\n|inactive|bigchipboy has 90 seconds left.\n|inactive|bigchipboy has 60 seconds left.\n|l|\u2606bigchipboy\n|inactive|bigchipboy disconnected and has a minute to reconnect!\n|player|p2|\n|inactive|bigchipboy has 30 seconds left.\n|j|\u2606bigchipboy\n|inactive|bigchipboy reconnected and has 30 seconds left.\n|player|p2|bigchipboy|crasherwake\n|inactive|bigchipboy has 20 seconds left.\n|inactive|bigchipboy has 15 seconds left.\n|inactive|bigchipboy has 10 seconds left.\n|inactive|bigchipboy has 5 seconds left.\n|-message|bigchipboy lost due to inactivity.\n|\n|win|Sebaszc08\n|raw|Sebaszc08's rating: 1230 &rarr; <strong>1257<\/strong><br \/>(+27 for winning)\n|raw|bigchipboy's rating: 1253 &rarr; <strong>1226<\/strong><br \/>(-27 for losing)\n","uploadtime":1700065696,"views":12,"p1id":"sebaszc08","p2id":"bigchipboy","formatid":"gen9doublesou","rating":1226,"private":0,"password":""}