{"id":"gen9doublesou-1972578215","p1":"Zwellish","p2":"Iwillhuntyoudown","format":"[Gen 9] Doubles OU","log":"|j|\u2606Zwellish\n|j|\u2606Iwillhuntyoudown\n|inactive|Battle timer is ON: inactive players will automatically lose when time's up.\n|t:|1697859423\n|gametype|doubles\n|player|p1|Zwellish|grimsley|\n|player|p2|Iwillhuntyoudown|cyrus-masters|\n|teamsize|p1|6\n|teamsize|p2|6\n|gen|9\n|tier|[Gen 9] Doubles OU\n|rated|Tournament battle\n|rule|Species Clause: Limit one of each Pok\u00e9mon\n|rule|OHKO Clause: OHKO moves are banned\n|rule|Evasion Moves Clause: Evasion moves are banned\n|rule|Gravity Sleep Clause: The combination of sleep-inducing moves with imperfect accuracy and Gravity or Gigantamax Orbeetle are banned\n|rule|Endless Battle Clause: Forcing endless battles is banned\n|rule|HP Percentage Mod: HP is shown in percentages\n|clearpoke\n|poke|p1|Cinderace, M|\n|poke|p1|Clawitzer, M|\n|poke|p1|Braviary-Hisui, M|\n|poke|p1|Fletchinder, M|\n|poke|p1|Sandslash, F|\n|poke|p1|Mismagius, F|\n|poke|p2|Glimmora, M|\n|poke|p2|Lucario, M|\n|poke|p2|Barraskewda, M|\n|poke|p2|Kilowattrel, M|\n|poke|p2|Sylveon, M|\n|poke|p2|Clefable, M|\n|teampreview\n|j|*Lady Monita \u263d\n|inactive|Zwellish also wants the timer to be on.\n|inactive|Iwillhuntyoudown also wants the timer to be on.\n|\n|t:|1697859445\n|start\n|switch|p1a: Sandslash|Sandslash, F, shiny|100\/100\n|switch|p1b: Braviary|Braviary-Hisui, M, shiny|100\/100\n|switch|p2a: Barraskewda|Barraskewda, M, shiny|100\/100\n|switch|p2b: Glimmora|Glimmora, M, shiny|100\/100\n|turn|1\n|\n|t:|1697859457\n|move|p2a: Barraskewda|Liquidation|p1a: Sandslash\n|-supereffective|p1a: Sandslash\n|-damage|p1a: Sandslash|0 fnt\n|-damage|p2a: Barraskewda|84\/100|[from] item: Rocky Helmet|[of] p1a: Sandslash\n|faint|p1a: Sandslash\n|move|p2b: Glimmora|Power Gem|p1b: Braviary\n|-supereffective|p1b: Braviary\n|-damage|p1b: Braviary|13\/100\n|move|p1b: Braviary|Esper Wing|p2b: Glimmora\n|-supereffective|p2b: Glimmora\n|-enditem|p2b: Glimmora|Focus Sash\n|-damage|p2b: Glimmora|1\/100\n|\n|-heal|p1b: Braviary|19\/100|[from] item: Leftovers\n|upkeep\n|\n|t:|1697859463\n|switch|p1a: Fletchinder|Fletchinder, M|100\/100\n|turn|2\n|\n|t:|1697859479\n|move|p1a: Fletchinder|Tailwind|p1a: Fletchinder\n|-sidestart|p1: Zwellish|move: Tailwind\n|move|p2a: Barraskewda|Liquidation|p1a: Fletchinder\n|-supereffective|p1a: Fletchinder\n|-damage|p1a: Fletchinder|0 fnt\n|faint|p1a: Fletchinder\n|move|p1b: Braviary|Esper Wing|p2a: Barraskewda\n|-damage|p2a: Barraskewda|0 fnt\n|faint|p2a: Barraskewda\n|move|p2b: Glimmora|Power Gem|p1b: Braviary\n|-supereffective|p1b: Braviary\n|-damage|p1b: Braviary|0 fnt\n|faint|p1b: Braviary\n|\n|upkeep\n|\n|t:|1697859497\n|switch|p2a: Sylveon|Sylveon, M, shiny|100\/100\n|switch|p1a: Clawitzer|Clawitzer, M, shiny|100\/100\n|switch|p1b: Mismagius|Mismagius, F|100\/100\n|turn|3\n|\n|t:|1697859512\n|move|p1b: Mismagius|Hyper Voice|p2b: Glimmora|[spread] p2a,p2b\n|-resisted|p2b: Glimmora\n|-damage|p2a: Sylveon|87\/100\n|-damage|p2b: Glimmora|0 fnt\n|faint|p2b: Glimmora\n|move|p1a: Clawitzer|Water Pulse|p2a: Sylveon\n|-damage|p2a: Sylveon|39\/100\n|move|p2a: Sylveon|Hyper Voice|p1b: Mismagius|[spread] p1a,p1b\n|-damage|p1a: Clawitzer|58\/100\n|-damage|p1b: Mismagius|51\/100\n|-enditem|p2a: Sylveon|Throat Spray\n|-boost|p2a: Sylveon|spa|1|[from] item: Throat Spray\n|\n|-heal|p1b: Mismagius|57\/100|[from] item: Leftovers\n|upkeep\n|\n|t:|1697859525\n|switch|p2b: Kilowattrel|Kilowattrel, M, shiny|100\/100\n|turn|4\n|\n|t:|1697859539\n|move|p1b: Mismagius|Shadow Ball|p2b: Kilowattrel\n|-damage|p2b: Kilowattrel|36\/100\n|move|p2b: Kilowattrel|Thunderbolt|p1a: Clawitzer\n|-supereffective|p1a: Clawitzer\n|-damage|p1a: Clawitzer|0 fnt\n|faint|p1a: Clawitzer\n|-damage|p2b: Kilowattrel|26\/100|[from] item: Life Orb\n|move|p2a: Sylveon|Hyper Voice|p1b: Mismagius\n|-damage|p1b: Mismagius|0 fnt\n|faint|p1b: Mismagius\n|\n|upkeep\n|\n|t:|1697859545\n|switch|p1b: Cinderace|Cinderace, M, shiny|100\/100\n|turn|5\n|\n|t:|1697859556\n|move|p1b: Cinderace|Gunk Shot|p2a: Sylveon\n|-start|p1b: Cinderace|typechange|Poison|[from] ability: Libero\n|-supereffective|p2a: Sylveon\n|-damage|p2a: Sylveon|0 fnt\n|faint|p2a: Sylveon\n|move|p2b: Kilowattrel|Thunderbolt|p1b: Cinderace\n|-damage|p1b: Cinderace|24\/100\n|-damage|p2b: Kilowattrel|16\/100|[from] item: Life Orb\n|\n|-sideend|p1: Zwellish|move: Tailwind\n|upkeep\n|\n|t:|1697859560\n|switch|p2a: Lucario|Lucario, M, shiny|100\/100\n|turn|6\n|\n|t:|1697859565\n|move|p2a: Lucario|Extreme Speed|p1b: Cinderace\n|-damage|p1b: Cinderace|0 fnt\n|faint|p1b: Cinderace\n|-damage|p2a: Lucario|91\/100|[from] item: Life Orb\n|\n|win|Iwillhuntyoudown\n|n|\u2606Zwellish|zwellish\n|n|\u2606Iwillhuntyoudown|iwillhuntyoudown\n|n|*Lady Monita \u263d|ladymonita\n","uploadtime":1697859566,"views":11,"p1id":"zwellish","p2id":"iwillhuntyoudown","formatid":"gen9doublesou","rating":0,"private":0,"password":""}