{"id":"gen9doublesou-1997325544","p1":"Rip_BarbaBranca","p2":"Ferdynand","format":"[Gen 9] Doubles OU","log":"|j|\u2606Rip_BarbaBranca\n|j|\u2606Ferdynand\n|t:|1700789660\n|gametype|doubles\n|player|p1|Rip_BarbaBranca|1|1257\n|player|p2|Ferdynand|hiker|1260\n|teamsize|p1|6\n|teamsize|p2|6\n|gen|9\n|tier|[Gen 9] Doubles OU\n|rated|\n|rule|Species Clause: Limit one of each Pok\u00e9mon\n|rule|OHKO Clause: OHKO moves are banned\n|rule|Evasion Moves Clause: Evasion moves are banned\n|rule|Gravity Sleep Clause: The combination of sleep-inducing moves with imperfect accuracy and Gravity or Gigantamax Orbeetle are banned\n|rule|Endless Battle Clause: Forcing endless battles is banned\n|rule|HP Percentage Mod: HP is shown in percentages\n|clearpoke\n|poke|p1|Chien-Pao|\n|poke|p1|Cloyster, M|\n|poke|p1|Gholdengo|\n|poke|p1|Chi-Yu|\n|poke|p1|Garganacl, M|\n|poke|p1|Toxapex, M|\n|poke|p2|Grimmsnarl, M|\n|poke|p2|Amoonguss, F|\n|poke|p2|Clefairy, M|\n|poke|p2|Flutter Mane|\n|poke|p2|Ogerpon-Hearthflame, F|\n|poke|p2|Torkoal, M|\n|teampreview\n|j| dprunty\n|inactive|Battle timer is ON: inactive players will automatically lose when time's up. (requested by Ferdynand)\n|\n|t:|1700789712\n|start\n|switch|p1a: Chi-Yu|Chi-Yu|100\/100\n|switch|p1b: Garganacl|Garganacl, M, shiny|100\/100\n|switch|p2a: Argentinus|Grimmsnarl, M|100\/100\n|switch|p2b: Flutter Mane|Flutter Mane|100\/100\n|-ability|p1a: Chi-Yu|Beads of Ruin\n|turn|1\n|inactive|Rip_BarbaBranca has 120 seconds left.\n|\n|t:|1700789749\n|-terastallize|p1a: Chi-Yu|Grass\n|move|p2a: Argentinus|Fake Out|p1a: Chi-Yu\n|-damage|p1a: Chi-Yu|84\/100\n|cant|p1a: Chi-Yu|flinch\n|move|p2b: Flutter Mane|Moonblast|p1b: Garganacl\n|-crit|p1b: Garganacl\n|-damage|p1b: Garganacl|0 fnt\n|faint|p1b: Garganacl\n|\n|upkeep\n|\n|t:|1700789766\n|switch|p1b: Chien-Pao|Chien-Pao|100\/100\n|-ability|p1b: Chien-Pao|Sword of Ruin\n|turn|2\n|inactive|Rip_BarbaBranca has 120 seconds left.\n|\n|t:|1700789789\n|move|p2a: Argentinus|Parting Shot|p1b: Chien-Pao\n|-hint|Since gen 7, Dark is immune to Prankster moves.\n|-immune|p1b: Chien-Pao\n|move|p1a: Chi-Yu|Tera Blast|p2b: Flutter Mane|[anim] Tera Blast Grass\n|-damage|p2b: Flutter Mane|39\/100\n|move|p2b: Flutter Mane|Moonblast|p1a: Chi-Yu\n|-damage|p1a: Chi-Yu|0 fnt\n|faint|p1a: Chi-Yu\n|move|p1b: Chien-Pao|Crunch|p2b: Flutter Mane\n|-damage|p2b: Flutter Mane|0 fnt\n|faint|p2b: Flutter Mane\n|-end|p2b: Flutter Mane|Protosynthesis|[silent]\n|-damage|p1b: Chien-Pao|91\/100|[from] item: Life Orb\n|\n|upkeep\n|l| dprunty\n|inactive|Rip_BarbaBranca has 120 seconds left.\n|\n|t:|1700789806\n|switch|p2b: Ogerpon|Ogerpon-Hearthflame, F|100\/100\n|switch|p1a: Cloyster|Cloyster, M, shiny|100\/100\n|-ability|p2b: Ogerpon|Mold Breaker\n|turn|3\n|\n|t:|1700789819\n|switch|p1b: Toxapex|Toxapex, M, shiny|100\/100\n|move|p2a: Argentinus|Reflect|p2a: Argentinus\n|-sidestart|p2: Ferdynand|Reflect\n|move|p2b: Ogerpon|Wood Hammer|p1a: Cloyster\n|-supereffective|p1a: Cloyster\n|-damage|p1a: Cloyster|0 fnt\n|faint|p1a: Cloyster\n|-damage|p2b: Ogerpon|74\/100|[from] Recoil\n|\n|upkeep\n|\n|t:|1700789832\n|switch|p1a: Chien-Pao|Chien-Pao|91\/100\n|-ability|p1a: Chien-Pao|Sword of Ruin\n|turn|4\n|j| dprunty\n|\n|t:|1700789850\n|move|p2b: Ogerpon|Spiky Shield|p2b: Ogerpon\n|-singleturn|p2b: Ogerpon|move: Protect\n|move|p2a: Argentinus|Parting Shot|p1b: Toxapex\n|-unboost|p1b: Toxapex|atk|1\n|-unboost|p1b: Toxapex|spa|1\n|\n|t:|1700789856\n|switch|p2a: Sussy|Amoonguss, F, shiny|100\/100|[from] Parting Shot\n|move|p1a: Chien-Pao|Ice Spinner|p2b: Ogerpon\n|-activate|p2b: Ogerpon|move: Protect\n|-damage|p1a: Chien-Pao|78\/100|[from] Spiky Shield|[of] p2b: Ogerpon\n|move|p1b: Toxapex|Toxic|p2b: Ogerpon\n|-activate|p2b: Ogerpon|move: Protect\n|\n|upkeep\n|turn|5\n|\n|t:|1700789875\n|move|p2a: Sussy|Protect|p2a: Sussy\n|-singleturn|p2a: Sussy|Protect\n|move|p1a: Chien-Pao|Ice Spinner|p2b: Ogerpon\n|-damage|p2b: Ogerpon|12\/100\n|-damage|p1a: Chien-Pao|68\/100|[from] item: Life Orb\n|move|p2b: Ogerpon|Ivy Cudgel|p1a: Chien-Pao|[anim] Ivy Cudgel Fire\n|-supereffective|p1a: Chien-Pao\n|-damage|p1a: Chien-Pao|0 fnt\n|faint|p1a: Chien-Pao\n|move|p1b: Toxapex|Toxic|p2b: Ogerpon\n|-status|p2b: Ogerpon|tox\n|\n|-damage|p2b: Ogerpon|6\/100 tox|[from] psn\n|upkeep\n|\n|t:|1700789889\n|switch|p1a: Gholdengo|Gholdengo, shiny|100\/100\n|turn|6\n|\n|t:|1700789911\n|move|p2b: Ogerpon|Spiky Shield|p2b: Ogerpon\n|-singleturn|p2b: Ogerpon|move: Protect\n|move|p1a: Gholdengo|Protect|p1a: Gholdengo\n|-singleturn|p1a: Gholdengo|Protect\n|move|p1b: Toxapex|Baneful Bunker|p1b: Toxapex\n|-singleturn|p1b: Toxapex|move: Protect\n|move|p2a: Sussy|Spore|p1b: Toxapex\n|-activate|p1b: Toxapex|move: Protect\n|\n|-damage|p2b: Ogerpon|0 fnt|[from] psn\n|faint|p2b: Ogerpon\n|upkeep\n|inactive|Ferdynand has 120 seconds left.\n|\n|t:|1700789935\n|switch|p2b: Torkoal|Torkoal, M|100\/100\n|-weather|SunnyDay|[from] ability: Drought|[of] p2b: Torkoal\n|turn|7\n|\n|t:|1700789962\n|move|p1a: Gholdengo|Shadow Ball|p2b: Torkoal\n|-damage|p2b: Torkoal|41\/100\n|move|p1b: Toxapex|Chilling Water|p2b: Torkoal\n|-supereffective|p2b: Torkoal\n|-damage|p2b: Torkoal|32\/100\n|-unboost|p2b: Torkoal|atk|1\n|move|p2a: Sussy|Spore|p1b: Toxapex\n|-status|p1b: Toxapex|slp|[from] move: Spore\n|move|p2b: Torkoal|Earth Power|p1a: Gholdengo\n|-supereffective|p1a: Gholdengo\n|-damage|p1a: Gholdengo|40\/100\n|\n|-weather|SunnyDay|[upkeep]\n|-heal|p1a: Gholdengo|46\/100|[from] item: Leftovers\n|-heal|p2b: Torkoal|38\/100|[from] item: Leftovers\n|upkeep\n|turn|8\n|\n|t:|1700789984\n|cant|p1b: Toxapex|slp\n|move|p2a: Sussy|Rage Powder|p2a: Sussy\n|-singleturn|p2a: Sussy|move: Rage Powder\n|move|p1a: Gholdengo|Shadow Ball|p2a: Sussy\n|-damage|p2a: Sussy|64\/100\n|-unboost|p2a: Sussy|spd|1\n|move|p2b: Torkoal|Earth Power|p1a: Gholdengo\n|-supereffective|p1a: Gholdengo\n|-damage|p1a: Gholdengo|0 fnt\n|faint|p1a: Gholdengo\n|\n|-weather|SunnyDay|[upkeep]\n|-heal|p2a: Sussy|70\/100|[from] item: Leftovers\n|-heal|p2b: Torkoal|44\/100|[from] item: Leftovers\n|upkeep\n|turn|9\n|l| dprunty\n|\n|t:|1700790006\n|switch|p2a: Clefairy|Clefairy, M|100\/100\n|-curestatus|p1b: Toxapex|slp|[msg]\n|move|p1b: Toxapex|Baneful Bunker|p1b: Toxapex\n|-singleturn|p1b: Toxapex|move: Protect\n|move|p2b: Torkoal|Earth Power|p1b: Toxapex\n|-activate|p1b: Toxapex|move: Protect\n|\n|-weather|SunnyDay|[upkeep]\n|-heal|p2b: Torkoal|50\/100|[from] item: Leftovers\n|upkeep\n|turn|10\n|\n|t:|1700790022\n|move|p2a: Clefairy|Life Dew||[still]|[spread] p2a,p2b\n|-fail|p2a: Clefairy|heal\n|-heal|p2b: Torkoal|75\/100\n|move|p1b: Toxapex|Toxic|p2a: Clefairy\n|-status|p2a: Clefairy|tox\n|move|p2b: Torkoal|Earth Power|p1b: Toxapex\n|-supereffective|p1b: Toxapex\n|-damage|p1b: Toxapex|66\/100\n|\n|-weather|SunnyDay|[upkeep]\n|-heal|p1b: Toxapex|73\/100|[from] item: Black Sludge\n|-heal|p2b: Torkoal|82\/100|[from] item: Leftovers\n|-damage|p2a: Clefairy|94\/100 tox|[from] psn\n|-sideend|p2: Ferdynand|Reflect\n|upkeep\n|turn|11\n|\n|t:|1700790045\n|move|p1b: Toxapex|Toxic|p2b: Torkoal\n|-status|p2b: Torkoal|tox\n|move|p2a: Clefairy|Life Dew|p2a: Clefairy|[spread] p2a,p2b\n|-heal|p2a: Clefairy|100\/100 tox\n|-heal|p2b: Torkoal|100\/100 tox\n|move|p2b: Torkoal|Earth Power|p1b: Toxapex\n|-supereffective|p1b: Toxapex\n|-damage|p1b: Toxapex|34\/100\n|\n|-weather|none\n|-heal|p1b: Toxapex|41\/100|[from] item: Black Sludge\n|-damage|p2a: Clefairy|88\/100 tox|[from] psn\n|-damage|p2b: Torkoal|94\/100 tox|[from] psn\n|upkeep\n|turn|12\n|\n|t:|1700790058\n|move|p1b: Toxapex|Baneful Bunker|p1b: Toxapex\n|-singleturn|p1b: Toxapex|move: Protect\n|move|p2a: Clefairy|Follow Me|p2a: Clefairy\n|-singleturn|p2a: Clefairy|move: Follow Me\n|move|p2b: Torkoal|Earth Power|p1b: Toxapex\n|-activate|p1b: Toxapex|move: Protect\n|\n|-heal|p1b: Toxapex|47\/100|[from] item: Black Sludge\n|-heal|p2b: Torkoal|100\/100 tox|[from] item: Leftovers\n|-damage|p2a: Clefairy|70\/100 tox|[from] psn\n|-damage|p2b: Torkoal|88\/100 tox|[from] psn\n|upkeep\n|turn|13\n|\n|t:|1700790070\n|move|p1b: Toxapex|Recover|p1b: Toxapex\n|-heal|p1b: Toxapex|97\/100\n|move|p2a: Clefairy|Life Dew|p2a: Clefairy|[spread] p2a,p2b\n|-heal|p2a: Clefairy|95\/100 tox\n|-heal|p2b: Torkoal|100\/100 tox\n|move|p2b: Torkoal|Earth Power|p1b: Toxapex\n|-supereffective|p1b: Toxapex\n|-damage|p1b: Toxapex|57\/100\n|\n|-heal|p1b: Toxapex|64\/100|[from] item: Black Sludge\n|-damage|p2a: Clefairy|70\/100 tox|[from] psn\n|-damage|p2b: Torkoal|82\/100 tox|[from] psn\n|upkeep\n|turn|14\n|\n|t:|1700790082\n|switch|p2a: Argentinus|Grimmsnarl, M|100\/100\n|switch|p2b: Sussy|Amoonguss, F, shiny|100\/100\n|move|p1b: Toxapex|Baneful Bunker||[still]\n|-fail|p1b: Toxapex\n|\n|-heal|p1b: Toxapex|70\/100|[from] item: Black Sludge\n|upkeep\n|turn|15\n|\n|t:|1700790102\n|move|p2a: Argentinus|Fake Out|p1b: Toxapex\n|-damage|p1b: Toxapex|63\/100\n|cant|p1b: Toxapex|flinch\n|move|p2b: Sussy|Spore|p1b: Toxapex\n|-status|p1b: Toxapex|slp|[from] move: Spore\n|\n|-heal|p1b: Toxapex|70\/100 slp|[from] item: Black Sludge\n|upkeep\n|turn|16\n|\n|t:|1700790112\n|switch|p2a: Torkoal|Torkoal, M|82\/100 tox\n|-weather|SunnyDay|[from] ability: Drought|[of] p2a: Torkoal\n|cant|p1b: Toxapex|slp\n|move|p2b: Sussy|Pollen Puff|p2a: Torkoal\n|-heal|p2a: Torkoal|100\/100 tox\n|\n|-weather|SunnyDay|[upkeep]\n|-heal|p1b: Toxapex|76\/100 slp|[from] item: Black Sludge\n|-damage|p2a: Torkoal|94\/100 tox|[from] psn\n|upkeep\n|turn|17\n|\n|t:|1700790125\n|cant|p1b: Toxapex|slp\n|move|p2b: Sussy|Pollen Puff|p1b: Toxapex\n|-resisted|p1b: Toxapex\n|-damage|p1b: Toxapex|70\/100 slp\n|move|p2a: Torkoal|Earth Power|p1b: Toxapex\n|-supereffective|p1b: Toxapex\n|-damage|p1b: Toxapex|31\/100 slp\n|\n|-weather|SunnyDay|[upkeep]\n|-heal|p1b: Toxapex|38\/100 slp|[from] item: Black Sludge\n|-heal|p2a: Torkoal|100\/100 tox|[from] item: Leftovers\n|-damage|p2a: Torkoal|88\/100 tox|[from] psn\n|upkeep\n|turn|18\n|\n|t:|1700790138\n|-curestatus|p1b: Toxapex|slp|[msg]\n|move|p1b: Toxapex|Baneful Bunker|p1b: Toxapex\n|-singleturn|p1b: Toxapex|move: Protect\n|move|p2b: Sussy|Pollen Puff|p1b: Toxapex\n|-activate|p1b: Toxapex|move: Protect\n|move|p2a: Torkoal|Earth Power|p1b: Toxapex\n|-activate|p1b: Toxapex|move: Protect\n|\n|-weather|SunnyDay|[upkeep]\n|-heal|p1b: Toxapex|44\/100|[from] item: Black Sludge\n|-heal|p2a: Torkoal|94\/100 tox|[from] item: Leftovers\n|-damage|p2a: Torkoal|76\/100 tox|[from] psn\n|upkeep\n|turn|19\n|\n|t:|1700790158\n|move|p1b: Toxapex|Recover|p1b: Toxapex\n|-heal|p1b: Toxapex|94\/100\n|move|p2b: Sussy|Spore|p1b: Toxapex\n|-status|p1b: Toxapex|slp|[from] move: Spore\n|move|p2a: Torkoal|Earth Power|p1b: Toxapex\n|-supereffective|p1b: Toxapex\n|-damage|p1b: Toxapex|56\/100 slp\n|\n|-weather|SunnyDay|[upkeep]\n|-heal|p1b: Toxapex|63\/100 slp|[from] item: Black Sludge\n|-heal|p2a: Torkoal|82\/100 tox|[from] item: Leftovers\n|-damage|p2a: Torkoal|58\/100 tox|[from] psn\n|upkeep\n|turn|20\n|\n|t:|1700790174\n|cant|p1b: Toxapex|slp\n|move|p2b: Sussy|Pollen Puff|p2a: Torkoal\n|-heal|p2a: Torkoal|100\/100 tox\n|move|p2a: Torkoal|Earth Power|p1b: Toxapex\n|-supereffective|p1b: Toxapex\n|-damage|p1b: Toxapex|25\/100 slp\n|\n|-weather|none\n|-heal|p1b: Toxapex|31\/100 slp|[from] item: Black Sludge\n|-damage|p2a: Torkoal|70\/100 tox|[from] psn\n|upkeep\n|turn|21\n|\n|t:|1700790188\n|cant|p1b: Toxapex|slp\n|move|p2b: Sussy|Pollen Puff|p1b: Toxapex\n|-resisted|p1b: Toxapex\n|-damage|p1b: Toxapex|25\/100 slp\n|move|p2a: Torkoal|Earth Power|p1b: Toxapex\n|-supereffective|p1b: Toxapex\n|-damage|p1b: Toxapex|0 fnt\n|faint|p1b: Toxapex\n|\n|win|Ferdynand\n|raw|Rip_BarbaBranca's rating: 1257 &rarr; <strong>1232<\/strong><br \/>(-25 for losing)\n|raw|Ferdynand's rating: 1260 &rarr; <strong>1285<\/strong><br \/>(+25 for winning)\n","uploadtime":1700790200,"views":6,"p1id":"ripbarbabranca","p2id":"ferdynand","formatid":"gen9doublesou","rating":1232,"private":0,"password":""}