{"id":"gen9doublesou-1971661922","p1":"aberinjela_gamer","p2":"CunnyEnjoyer69","format":"[Gen 9] Doubles OU","log":"|j|\u2606aberinjela_gamer\n|j|\u2606CunnyEnjoyer69\n|t:|1697758450\n|gametype|doubles\n|player|p1|aberinjela_gamer|2|1219\n|player|p2|CunnyEnjoyer69|schoolkidf-gen4|1203\n|teamsize|p1|6\n|teamsize|p2|6\n|gen|9\n|tier|[Gen 9] Doubles OU\n|rated|\n|rule|Species Clause: Limit one of each Pok\u00e9mon\n|rule|OHKO Clause: OHKO moves are banned\n|rule|Evasion Moves Clause: Evasion moves are banned\n|rule|Gravity Sleep Clause: The combination of sleep-inducing moves with imperfect accuracy and Gravity or Gigantamax Orbeetle are banned\n|rule|Endless Battle Clause: Forcing endless battles is banned\n|rule|HP Percentage Mod: HP is shown in percentages\n|clearpoke\n|poke|p1|Kingambit, M|\n|poke|p1|Zoroark-Hisui, M|\n|poke|p1|Ogerpon-Hearthflame, F|\n|poke|p1|Volcarona, F|\n|poke|p1|Iron Bundle|\n|poke|p1|Landorus-Therian, M|\n|poke|p2|Meowscarada, M|\n|poke|p2|Torkoal, M|\n|poke|p2|Ursaluna-Bloodmoon, M|\n|poke|p2|Great Tusk|\n|poke|p2|Enamorus-Therian, F|\n|poke|p2|Dusclops, M|\n|teampreview\n|inactive|Battle timer is ON: inactive players will automatically lose when time's up. (requested by CunnyEnjoyer69)\n|\n|t:|1697758466\n|start\n|switch|p1a: Radiance|Volcarona, F|100\/100\n|switch|p1b: Magnus|Kingambit, M|100\/100\n|switch|p2a: Torkoal|Torkoal, M|100\/100\n|switch|p2b: Meowscarada|Meowscarada, M|100\/100\n|-weather|SunnyDay|[from] ability: Drought|[of] p2a: Torkoal\n|turn|1\n|\n|t:|1697758478\n|move|p1b: Magnus|Nasty Plot|p1b: Magnus\n|-boost|p1b: Magnus|spa|2\n|move|p1a: Radiance|Quiver Dance|p1a: Radiance\n|-boost|p1a: Radiance|spa|1\n|-boost|p1a: Radiance|spd|1\n|-boost|p1a: Radiance|spe|1\n|move|p2a: Torkoal|Eruption|p1b: Magnus|[spread] p1a,p1b\n|-damage|p1a: Radiance|21\/100\n|-damage|p1b: Magnus|0 fnt\n|replace|p1b: Mochi|Zoroark-Hisui, M\n|-end|p1b: Mochi|Illusion\n|faint|p1b: Mochi\n|move|p2b: Meowscarada|Trick Room|p2b: Meowscarada\n|-start|p2b: Meowscarada|typechange|Psychic|[from] ability: Protean\n|-fieldstart|move: Trick Room|[of] p2b: Meowscarada\n|\n|-weather|SunnyDay|[upkeep]\n|upkeep\n|\n|t:|1697758495\n|switch|p1b: Magnus|Kingambit, M|100\/100\n|turn|2\n|\n|t:|1697758506\n|move|p2b: Meowscarada|Helping Hand|p2a: Torkoal\n|-singleturn|p2a: Torkoal|Helping Hand|[of] p2b: Meowscarada\n|move|p1b: Magnus|Sucker Punch||[still]\n|-fail|p1b: Magnus\n|move|p2a: Torkoal|Eruption|p1a: Radiance|[spread] p1a,p1b\n|-crit|p1a: Radiance\n|-supereffective|p1b: Magnus\n|-damage|p1a: Radiance|0 fnt\n|-damage|p1b: Magnus|0 fnt\n|faint|p1a: Radiance\n|faint|p1b: Magnus\n|\n|-weather|SunnyDay|[upkeep]\n|upkeep\n|\n|t:|1697758523\n|switch|p1b: Santa|Iron Bundle|100\/100\n|switch|p1a: The Face of OU|Landorus-Therian, M|100\/100\n|-ability|p1a: The Face of OU|Intimidate|boost\n|-unboost|p2a: Torkoal|atk|1\n|-unboost|p2b: Meowscarada|atk|1\n|-enditem|p1b: Santa|Booster Energy\n|-activate|p1b: Santa|ability: Quark Drive|[fromitem]\n|-start|p1b: Santa|quarkdrivespe\n|turn|3\n|\n|t:|1697758538\n|move|p2b: Meowscarada|Helping Hand|p2a: Torkoal\n|-singleturn|p2a: Torkoal|Helping Hand|[of] p2b: Meowscarada\n|move|p1b: Santa|Protect|p1b: Santa\n|-singleturn|p1b: Santa|Protect\n|move|p2a: Torkoal|Eruption|p1a: The Face of OU|[spread] p1a\n|-activate|p1b: Santa|move: Protect\n|-damage|p1a: The Face of OU|0 fnt\n|faint|p1a: The Face of OU\n|\n|-weather|SunnyDay|[upkeep]\n|upkeep\n|\n|t:|1697758548\n|switch|p1a: Onika|Ogerpon-Hearthflame, F|100\/100\n|-ability|p1a: Onika|Mold Breaker\n|turn|4\n|\n|t:|1697758556\n|move|p2b: Meowscarada|Helping Hand|p2a: Torkoal\n|-singleturn|p2a: Torkoal|Helping Hand|[of] p2b: Meowscarada\n|move|p1a: Onika|Spiky Shield|p1a: Onika\n|-singleturn|p1a: Onika|move: Protect\n|move|p2a: Torkoal|Eruption|p1b: Santa|[spread] p1b\n|-activate|p1a: Onika|move: Protect\n|-crit|p1b: Santa\n|-damage|p1b: Santa|0 fnt\n|faint|p1b: Santa\n|-end|p1b: Santa|Quark Drive|[silent]\n|\n|-weather|SunnyDay|[upkeep]\n|upkeep\n|turn|5\n|\n|t:|1697758575\n|-terastallize|p1a: Onika|Fire\n|detailschange|p1a: Onika|Ogerpon-Hearthflame-Tera, F, tera:Fire\n|-ability|p1a: Onika|Embody Aspect (Hearthflame)|boost\n|-boost|p1a: Onika|atk|1\n|move|p2b: Meowscarada|Helping Hand|p2a: Torkoal\n|-singleturn|p2a: Torkoal|Helping Hand|[of] p2b: Meowscarada\n|move|p2a: Torkoal|Eruption|p1a: Onika\n|-resisted|p1a: Onika\n|-damage|p1a: Onika|0 fnt\n|faint|p1a: Onika\n|\n|win|CunnyEnjoyer69\n|raw|aberinjela_gamer's rating: 1219 &rarr; <strong>1193<\/strong><br \/>(-26 for losing)\n|raw|CunnyEnjoyer69's rating: 1203 &rarr; <strong>1229<\/strong><br \/>(+26 for winning)\n|c|\u2606aberinjela_gamer|ggwp\n|l|\u2606aberinjela_gamer\n|c|\u2606CunnyEnjoyer69|Gg\n","uploadtime":1697758593,"views":17,"p1id":"aberinjelagamer","p2id":"cunnyenjoyer69","formatid":"gen9doublesou","rating":1193,"private":0,"password":""}