{"id":"gen9doublesou-1991039380","p1":"MooseOfTheSea","p2":"blazingk11","format":"[Gen 9] Doubles OU","log":"|j|\u2606MooseOfTheSea\n|j|\u2606blazingk11\n|t:|1700032721\n|gametype|doubles\n|player|p1|MooseOfTheSea|scientist|1273\n|player|p2|blazingk11|102|1243\n|teamsize|p1|6\n|teamsize|p2|6\n|gen|9\n|tier|[Gen 9] Doubles OU\n|rated|\n|rule|Species Clause: Limit one of each Pok\u00e9mon\n|rule|OHKO Clause: OHKO moves are banned\n|rule|Evasion Moves Clause: Evasion moves are banned\n|rule|Gravity Sleep Clause: The combination of sleep-inducing moves with imperfect accuracy and Gravity or Gigantamax Orbeetle are banned\n|rule|Endless Battle Clause: Forcing endless battles is banned\n|rule|HP Percentage Mod: HP is shown in percentages\n|clearpoke\n|poke|p1|Dachsbun, M|\n|poke|p1|Torkoal, M|\n|poke|p1|Frosmoth, M|\n|poke|p1|Abomasnow, M|\n|poke|p1|Skeledirge, M|\n|poke|p1|Arboliva, F|\n|poke|p2|Iron Jugulis|\n|poke|p2|Chi-Yu|\n|poke|p2|Talonflame, F|\n|poke|p2|Tauros-Paldea-Blaze, M|\n|poke|p2|Arcanine-Hisui, M|\n|poke|p2|Skeledirge, M|\n|teampreview\n|c|\u2606MooseOfTheSea|almost fired :(\n|inactive|Battle timer is ON: inactive players will automatically lose when time's up. (requested by blazingk11)\n|\n|t:|1700032748\n|start\n|switch|p1a: Gregorny|Dachsbun, M|100\/100\n|switch|p1b: Mr. Tortoise|Torkoal, M|100\/100\n|switch|p2a: Chi-Yu|Chi-Yu|100\/100\n|switch|p2b: Anti-Sun|Iron Jugulis|100\/100\n|-ability|p2a: Chi-Yu|Beads of Ruin\n|-weather|SunnyDay|[from] ability: Drought|[of] p1b: Mr. Tortoise\n|-item|p1b: Mr. Tortoise|Air Balloon\n|-enditem|p2b: Anti-Sun|Booster Energy\n|-activate|p2b: Anti-Sun|ability: Quark Drive|[fromitem]\n|-start|p2b: Anti-Sun|quarkdrivespe\n|turn|1\n|inactive|blazingk11 has 120 seconds left.\n|inactive|blazingk11 has 90 seconds left.\n|\n|t:|1700032809\n|move|p2b: Anti-Sun|Flash Cannon|p1a: Gregorny\n|-supereffective|p1a: Gregorny\n|-damage|p1a: Gregorny|13\/100\n|move|p1a: Gregorny|Substitute|p1a: Gregorny\n|-fail|p1a: Gregorny|move: Substitute|[weak]\n|move|p2a: Chi-Yu|Dark Pulse|p1b: Mr. Tortoise\n|-damage|p1b: Mr. Tortoise|42\/100\n|-enditem|p1b: Mr. Tortoise|Air Balloon\n|move|p1b: Mr. Tortoise|Lava Plume|p2b: Anti-Sun|[spread] p2a,p2b\n|-ability|p1a: Gregorny|Well-Baked Body|boost\n|-boost|p1a: Gregorny|def|2\n|-resisted|p2a: Chi-Yu\n|-crit|p2a: Chi-Yu\n|-damage|p2a: Chi-Yu|75\/100\n|-damage|p2b: Anti-Sun|58\/100\n|\n|-weather|SunnyDay|[upkeep]\n|-heal|p1a: Gregorny|19\/100|[from] item: Leftovers\n|upkeep\n|turn|2\n|c|\u2606MooseOfTheSea|anti sun :O\n|inactive|blazingk11 has 90 seconds left.\n|inactive|MooseOfTheSea has 120 seconds left.\n|inactive|MooseOfTheSea has 90 seconds left.\n|\n|t:|1700032886\n|move|p2b: Anti-Sun|Flash Cannon|p1a: Gregorny\n|-supereffective|p1a: Gregorny\n|-damage|p1a: Gregorny|0 fnt\n|faint|p1a: Gregorny\n|move|p2a: Chi-Yu|Dark Pulse|p1b: Mr. Tortoise\n|-damage|p1b: Mr. Tortoise|0 fnt\n|faint|p1b: Mr. Tortoise\n|\n|-weather|SunnyDay|[upkeep]\n|upkeep\n|\n|t:|1700032895\n|switch|p1a: Mr. President|Abomasnow, M|100\/100\n|switch|p1b: Mr. Lamp|Frosmoth, M|100\/100\n|-weather|Snow|[from] ability: Snow Warning|[of] p1a: Mr. President\n|turn|3\n|inactive|blazingk11 has 90 seconds left.\n|\n|t:|1700032911\n|-terastallize|p1b: Mr. Lamp|Ghost\n|move|p2b: Anti-Sun|Sunny Day|p2b: Anti-Sun\n|-weather|SunnyDay\n|move|p2a: Chi-Yu|Fire Blast|p1a: Mr. President\n|-supereffective|p1a: Mr. President\n|-enditem|p1a: Mr. President|Focus Sash\n|-damage|p1a: Mr. President|1\/100\n|move|p1b: Mr. Lamp|Quiver Dance|p1b: Mr. Lamp\n|-boost|p1b: Mr. Lamp|spa|1\n|-boost|p1b: Mr. Lamp|spd|1\n|-boost|p1b: Mr. Lamp|spe|1\n|move|p1a: Mr. President|Aurora Veil||[still]\n|-fail|p1a: Mr. President\n|\n|-weather|SunnyDay|[upkeep]\n|upkeep\n|turn|4\n|inactive|blazingk11 has 90 seconds left.\n|\n|t:|1700032935\n|move|p2b: Anti-Sun|Dark Pulse|p1a: Mr. President\n|-damage|p1a: Mr. President|0 fnt\n|faint|p1a: Mr. President\n|move|p1b: Mr. Lamp|Dazzling Gleam|p2b: Anti-Sun|[spread] p2a,p2b\n|-supereffective|p2b: Anti-Sun\n|-damage|p2a: Chi-Yu|38\/100\n|-damage|p2b: Anti-Sun|0 fnt\n|faint|p2b: Anti-Sun\n|-end|p2b: Anti-Sun|Quark Drive|[silent]\n|move|p2a: Chi-Yu|Dark Pulse|p1b: Mr. Lamp\n|-supereffective|p1b: Mr. Lamp\n|-damage|p1b: Mr. Lamp|43\/100\n|\n|-weather|SunnyDay|[upkeep]\n|upkeep\n|inactive|MooseOfTheSea has 120 seconds left.\n|\n|t:|1700032956\n|switch|p2b: Skeledirge|Skeledirge, M|100\/100\n|switch|p1a: Olive-you|Arboliva, F|100\/100\n|turn|5\n|\n|t:|1700032975\n|move|p1b: Mr. Lamp|Quiver Dance|p1b: Mr. Lamp\n|-boost|p1b: Mr. Lamp|spa|1\n|-boost|p1b: Mr. Lamp|spd|1\n|-boost|p1b: Mr. Lamp|spe|1\n|move|p2a: Chi-Yu|Dark Pulse|p1b: Mr. Lamp\n|-supereffective|p1b: Mr. Lamp\n|-damage|p1b: Mr. Lamp|0 fnt\n|faint|p1b: Mr. Lamp\n|move|p2b: Skeledirge|Shadow Ball|p1a: Olive-you\n|-immune|p1a: Olive-you\n|move|p1a: Olive-you|Pollen Puff|p1: Mr. Lamp|[notarget]\n|-fail|p1a: Olive-you\n|\n|-weather|SunnyDay|[upkeep]\n|upkeep\n|c|\u2606MooseOfTheSea|gg\n|\n|t:|1700032987\n|switch|p1b: Mr. Hat|Skeledirge, M|100\/100\n|turn|6\n|inactive|blazingk11 has 120 seconds left.\n|\n|t:|1700033008\n|move|p2a: Chi-Yu|Overheat|p1a: Olive-you\n|-supereffective|p1a: Olive-you\n|-damage|p1a: Olive-you|0 fnt\n|-unboost|p2a: Chi-Yu|spa|2\n|-enditem|p2a: Chi-Yu|Eject Pack\n|-fieldstart|move: Grassy Terrain|[from] ability: Seed Sower|[of] p1a: Olive-you\n|faint|p1a: Olive-you\n|\n|t:|1700033025\n|switch|p2a: Arcanine|Arcanine-Hisui, M, shiny|100\/100\n|move|p2b: Skeledirge|Torch Song|p1b: Mr. Hat\n|-resisted|p1b: Mr. Hat\n|-damage|p1b: Mr. Hat|78\/100\n|-boost|p2b: Skeledirge|spa|1\n|move|p1b: Mr. Hat|Torch Song|p2a: Arcanine\n|-resisted|p2a: Arcanine\n|-damage|p2a: Arcanine|86\/100\n|-boost|p1b: Mr. Hat|spa|1\n|-enditem|p1b: Mr. Hat|Throat Spray\n|-boost|p1b: Mr. Hat|spa|1|[from] item: Throat Spray\n|\n|-weather|SunnyDay|[upkeep]\n|-heal|p2a: Arcanine|92\/100|[from] Grassy Terrain\n|-heal|p1b: Mr. Hat|84\/100|[from] Grassy Terrain\n|upkeep\n|turn|7\n|inactive|blazingk11 has 120 seconds left.\n|c|\u2606blazingk11|gg :)\n|\n|t:|1700033050\n|move|p2a: Arcanine|Head Smash|p1b: Mr. Hat\n|-supereffective|p1b: Mr. Hat\n|-damage|p1b: Mr. Hat|0 fnt\n|faint|p1b: Mr. Hat\n|-damage|p2a: Arcanine|82\/100|[from] item: Life Orb\n|\n|win|blazingk11\n|raw|MooseOfTheSea's rating: 1273 &rarr; <strong>1246<\/strong><br \/>(-27 for losing)\n|raw|blazingk11's rating: 1243 &rarr; <strong>1270<\/strong><br \/>(+27 for winning)\n|c|\u2606MooseOfTheSea|wp\n|c|\u2606blazingk11|like the team\n|c|\u2606blazingk11|it a fire team in scarlet style\n|c|\u2606blazingk11|paradox hydreigon is tera fire\n","uploadtime":1700033122,"views":36,"p1id":"mooseofthesea","p2id":"blazingk11","formatid":"gen9doublesou","rating":1246,"private":0,"password":""}