{"id":"gen9doublesou-1972609001","p1":"elpape","p2":"Denvah_17","format":"[Gen 9] Doubles OU","log":"|j|\u2606elpape\n|j|\u2606Denvah_17\n|t:|1697863796\n|gametype|doubles\n|player|p1|elpape|dragontamer|1370\n|player|p2|Denvah_17|alder|1450\n|teamsize|p1|6\n|teamsize|p2|6\n|gen|9\n|tier|[Gen 9] Doubles OU\n|rated|\n|rule|Species Clause: Limit one of each Pok\u00e9mon\n|rule|OHKO Clause: OHKO moves are banned\n|rule|Evasion Moves Clause: Evasion moves are banned\n|rule|Gravity Sleep Clause: The combination of sleep-inducing moves with imperfect accuracy and Gravity or Gigantamax Orbeetle are banned\n|rule|Endless Battle Clause: Forcing endless battles is banned\n|rule|HP Percentage Mod: HP is shown in percentages\n|clearpoke\n|poke|p1|Ogerpon-Hearthflame, F|\n|poke|p1|Torkoal, F|\n|poke|p1|Mew|\n|poke|p1|Cresselia, F|\n|poke|p1|Rillaboom, M|\n|poke|p1|Clefable, F|\n|poke|p2|Sinistcha-Masterpiece|\n|poke|p2|Diancie|\n|poke|p2|Okidogi, M|\n|poke|p2|Ursaluna-Bloodmoon, M|\n|poke|p2|Volcanion|\n|poke|p2|Lokix, M|\n|teampreview\n|inactive|Battle timer is ON: inactive players will automatically lose when time's up. (requested by elpape)\n|inactive|elpape has 120 seconds left.\n|\n|t:|1697863844\n|start\n|switch|p1a: Rillaboom|Rillaboom, M, shiny|100\/100\n|switch|p1b: Mew|Mew|100\/100\n|switch|p2a: Batman|Lokix, M|100\/100\n|switch|p2b: Rihanna|Diancie, shiny|100\/100\n|-fieldstart|move: Grassy Terrain|[from] ability: Grassy Surge|[of] p1a: Rillaboom\n|turn|1\n|\n|t:|1697863865\n|move|p1a: Rillaboom|Fake Out|p2a: Batman\n|-damage|p2a: Batman|77\/100\n|cant|p2a: Batman|flinch\n|move|p1b: Mew|Iron Defense|p1b: Mew\n|-boost|p1b: Mew|def|2\n|move|p2b: Rihanna|Trick Room|p2b: Rihanna\n|-fieldstart|move: Trick Room|[of] p2b: Rihanna\n|\n|-heal|p2a: Batman|83\/100|[from] Grassy Terrain\n|upkeep\n|turn|2\n|\n|t:|1697863883\n|move|p2b: Rihanna|Dazzling Gleam|p1a: Rillaboom|[spread] p1a,p1b\n|-damage|p1a: Rillaboom|77\/100\n|-damage|p1b: Mew|85\/100\n|move|p1b: Mew|Amnesia|p1b: Mew\n|-boost|p1b: Mew|spd|2\n|move|p1a: Rillaboom|Wood Hammer|p2b: Rihanna\n|-supereffective|p2b: Rihanna\n|-damage|p2b: Rihanna|0 fnt\n|faint|p2b: Rihanna\n|-damage|p1a: Rillaboom|50\/100|[from] Recoil\n|move|p2a: Batman|Leech Life|p1a: Rillaboom\n|-supereffective|p1a: Rillaboom\n|-damage|p1a: Rillaboom|0 fnt\n|-heal|p2a: Batman|100\/100|[from] drain|[of] p1a: Rillaboom\n|faint|p1a: Rillaboom\n|-damage|p2a: Batman|91\/100|[from] item: Life Orb\n|\n|-heal|p1b: Mew|91\/100|[from] Grassy Terrain\n|-heal|p1b: Mew|97\/100|[from] item: Leftovers\n|-heal|p2a: Batman|97\/100|[from] Grassy Terrain\n|upkeep\n|inactive|elpape has 120 seconds left.\n|\n|t:|1697863929\n|switch|p2b: Grass Latte|Sinistcha-Masterpiece|100\/100\n|switch|p1a: Clefable|Clefable, F|100\/100\n|turn|3\n|\n|t:|1697863944\n|-terastallize|p2b: Grass Latte|Grass\n|move|p1a: Clefable|Cosmic Power|p1a: Clefable\n|-boost|p1a: Clefable|def|1\n|-boost|p1a: Clefable|spd|1\n|move|p2b: Grass Latte|Matcha Gotcha|p1b: Mew|[spread] p1a,p1b\n|-damage|p1a: Clefable|74\/100\n|-damage|p1b: Mew|79\/100\n|-status|p1b: Mew|brn\n|-activate|p1b: Mew|ability: Synchronize\n|-status|p2b: Grass Latte|brn\n|move|p1b: Mew|Iron Defense|p1b: Mew\n|-boost|p1b: Mew|def|2\n|move|p2a: Batman|Swords Dance|p2a: Batman\n|-boost|p2a: Batman|atk|2\n|\n|-heal|p1a: Clefable|80\/100|[from] Grassy Terrain\n|-heal|p1a: Clefable|86\/100|[from] item: Leftovers\n|-heal|p1b: Mew|85\/100 brn|[from] Grassy Terrain\n|-heal|p1b: Mew|91\/100 brn|[from] item: Leftovers\n|-heal|p2a: Batman|100\/100|[from] Grassy Terrain\n|-damage|p2b: Grass Latte|98\/100 brn|[from] brn\n|-damage|p1b: Mew|85\/100 brn|[from] brn\n|upkeep\n|turn|4\n|\n|t:|1697863972\n|move|p1a: Clefable|Cosmic Power|p1a: Clefable\n|-boost|p1a: Clefable|def|1\n|-boost|p1a: Clefable|spd|1\n|move|p2b: Grass Latte|Matcha Gotcha|p1a: Clefable|[spread] \n|-miss|p2b: Grass Latte|p1a: Clefable\n|-miss|p2b: Grass Latte|p1b: Mew\n|move|p1b: Mew|Body Press|p2a: Batman\n|-damage|p2a: Batman|50\/100\n|move|p2a: Batman|Leech Life|p1b: Mew\n|-supereffective|p1b: Mew\n|-crit|p1b: Mew\n|-damage|p1b: Mew|0 fnt\n|-heal|p2a: Batman|100\/100|[from] drain|[of] p1b: Mew\n|faint|p1b: Mew\n|-damage|p2a: Batman|91\/100|[from] item: Life Orb\n|\n|-heal|p1a: Clefable|92\/100|[from] Grassy Terrain\n|-heal|p1a: Clefable|98\/100|[from] item: Leftovers\n|-heal|p2b: Grass Latte|100\/100 brn|[from] Grassy Terrain\n|-heal|p2a: Batman|97\/100|[from] Grassy Terrain\n|-damage|p2b: Grass Latte|98\/100 brn|[from] brn\n|upkeep\n|inactive|elpape has 120 seconds left.\n|\n|t:|1697863996\n|switch|p1b: Torkoal|Torkoal, F|100\/100\n|-weather|SunnyDay|[from] ability: Drought|[of] p1b: Torkoal\n|turn|5\n|\n|t:|1697864007\n|move|p2a: Batman|Sucker Punch|p1b: Torkoal\n|-damage|p1b: Torkoal|33\/100\n|-damage|p2a: Batman|87\/100|[from] item: Life Orb\n|move|p1b: Torkoal|Flamethrower|p2a: Batman\n|-supereffective|p2a: Batman\n|-damage|p2a: Batman|0 fnt\n|faint|p2a: Batman\n|move|p1a: Clefable|Cosmic Power|p1a: Clefable\n|-boost|p1a: Clefable|def|1\n|-boost|p1a: Clefable|spd|1\n|move|p2b: Grass Latte|Scald|p1b: Torkoal\n|-supereffective|p1b: Torkoal\n|-damage|p1b: Torkoal|0 fnt\n|faint|p1b: Torkoal\n|\n|-weather|SunnyDay|[upkeep]\n|-heal|p1a: Clefable|100\/100|[from] Grassy Terrain\n|-heal|p2b: Grass Latte|100\/100 brn|[from] Grassy Terrain\n|-damage|p2b: Grass Latte|98\/100 brn|[from] brn\n|-fieldend|move: Trick Room\n|upkeep\n|\n|t:|1697864022\n|switch|p2a: Dogecoin|Okidogi, M|100\/100\n|switch|p1b: Cresselia|Cresselia, F|100\/100\n|turn|6\n|\n|t:|1697864029\n|move|p1b: Cresselia|Ally Switch|p1b: Cresselia\n|swap|p1b: Cresselia|0|[from] move: Ally Switch\n|move|p2a: Dogecoin|Gunk Shot|p1a: Cresselia\n|-damage|p1a: Cresselia|60\/100\n|-status|p1a: Cresselia|psn\n|move|p2b: Grass Latte|Matcha Gotcha|p1b: Clefable|[spread] p1b\n|-miss|p2b: Grass Latte|p1a: Cresselia\n|-damage|p1b: Clefable|83\/100\n|-heal|p2b: Grass Latte|100\/100 brn|[from] drain|[of] p1b: Clefable\n|move|p1b: Clefable|Stored Power|p2a: Dogecoin\n|-supereffective|p2a: Dogecoin\n|-damage|p2a: Dogecoin|0 fnt\n|faint|p2a: Dogecoin\n|\n|-weather|SunnyDay|[upkeep]\n|-heal|p1a: Cresselia|67\/100 psn|[from] item: Leftovers\n|-heal|p1b: Clefable|90\/100|[from] Grassy Terrain\n|-heal|p1b: Clefable|96\/100|[from] item: Leftovers\n|-damage|p1a: Cresselia|54\/100 psn|[from] psn\n|-damage|p2b: Grass Latte|98\/100 brn|[from] brn\n|upkeep\n|\n|t:|1697864042\n|switch|p2a: Mr. Saxobeat|Volcanion|100\/100\n|turn|7\n|\n|t:|1697864054\n|move|p2a: Mr. Saxobeat|Protect|p2a: Mr. Saxobeat\n|-singleturn|p2a: Mr. Saxobeat|Protect\n|move|p1a: Cresselia|Lunar Blessing|p1a: Cresselia|[spread] p1a,p1b\n|-heal|p1a: Cresselia|79\/100 psn\n|-curestatus|p1a: Cresselia|psn|[msg]\n|-heal|p1b: Clefable|100\/100\n|move|p2b: Grass Latte|Matcha Gotcha|p1a: Cresselia|[spread] p1a\n|-miss|p2b: Grass Latte|p1b: Clefable\n|-damage|p1a: Cresselia|50\/100\n|-heal|p2b: Grass Latte|100\/100 brn|[from] drain|[of] p1a: Cresselia\n|move|p1b: Clefable|Cosmic Power|p1b: Clefable\n|-boost|p1b: Clefable|def|1\n|-boost|p1b: Clefable|spd|1\n|\n|-weather|SunnyDay|[upkeep]\n|-heal|p1a: Cresselia|56\/100|[from] item: Leftovers\n|-damage|p2b: Grass Latte|98\/100 brn|[from] brn\n|upkeep\n|turn|8\n|\n|t:|1697864067\n|move|p1a: Cresselia|Calm Mind|p1a: Cresselia\n|-boost|p1a: Cresselia|spa|1\n|-boost|p1a: Cresselia|spd|1\n|move|p2b: Grass Latte|Matcha Gotcha|p1b: Clefable|[spread] p1a\n|-miss|p2b: Grass Latte|p1b: Clefable\n|-damage|p1a: Cresselia|34\/100\n|-heal|p2b: Grass Latte|100\/100 brn|[from] drain|[of] p1a: Cresselia\n|move|p2a: Mr. Saxobeat|Heat Wave|p1b: Clefable|[spread] p1a,p1b\n|-damage|p1a: Cresselia|7\/100\n|-damage|p1b: Clefable|81\/100\n|move|p1b: Clefable|Stored Power|p2b: Grass Latte\n|-damage|p2b: Grass Latte|49\/100 brn\n|\n|-weather|SunnyDay|[upkeep]\n|-heal|p1a: Cresselia|13\/100|[from] item: Leftovers\n|-heal|p2b: Grass Latte|55\/100 brn|[from] Grassy Terrain\n|-heal|p1b: Clefable|87\/100|[from] Grassy Terrain\n|-heal|p1b: Clefable|93\/100|[from] item: Leftovers\n|-damage|p2b: Grass Latte|52\/100 brn|[from] brn\n|-fieldend|move: Grassy Terrain\n|upkeep\n|turn|9\n|\n|t:|1697864085\n|move|p1a: Cresselia|Lunar Blessing|p1a: Cresselia|[spread] p1a,p1b\n|-heal|p1a: Cresselia|38\/100\n|-heal|p1b: Clefable|100\/100\n|move|p2b: Grass Latte|Matcha Gotcha|p1b: Clefable|[spread] p1a,p1b\n|-damage|p1a: Cresselia|21\/100\n|-heal|p2b: Grass Latte|66\/100 brn|[from] drain|[of] p1a: Cresselia\n|-damage|p1b: Clefable|89\/100\n|-heal|p2b: Grass Latte|73\/100 brn|[from] drain|[of] p1b: Clefable\n|move|p2a: Mr. Saxobeat|Heat Wave|p1b: Clefable|[spread] p1a,p1b\n|-damage|p1a: Cresselia|0 fnt\n|-damage|p1b: Clefable|71\/100\n|faint|p1a: Cresselia\n|move|p1b: Clefable|Stored Power|p2b: Grass Latte\n|-damage|p2b: Grass Latte|24\/100 brn\n|\n|-weather|SunnyDay|[upkeep]\n|-heal|p1b: Clefable|77\/100|[from] item: Leftovers\n|-damage|p2b: Grass Latte|21\/100 brn|[from] brn\n|upkeep\n|\n|t:|1697864102\n|switch|p1a: Ogerpon|Ogerpon-Hearthflame, F|100\/100\n|-ability|p1a: Ogerpon|Mold Breaker\n|turn|10\n|\n|t:|1697864118\n|-terastallize|p1a: Ogerpon|Fire\n|detailschange|p1a: Ogerpon|Ogerpon-Hearthflame-Tera, F, tera:Fire\n|-ability|p1a: Ogerpon|Embody Aspect (Hearthflame)|boost\n|-boost|p1a: Ogerpon|atk|1\n|move|p1a: Ogerpon|Swords Dance|p1a: Ogerpon\n|-boost|p1a: Ogerpon|atk|2\n|move|p2b: Grass Latte|Strength Sap|p1a: Ogerpon\n|-unboost|p1a: Ogerpon|atk|1\n|-heal|p2b: Grass Latte|100\/100 brn\n|move|p2a: Mr. Saxobeat|Heat Wave|p1b: Clefable|[spread] p1a,p1b\n|-resisted|p1a: Ogerpon\n|-damage|p1a: Ogerpon|65\/100\n|-damage|p1b: Clefable|57\/100\n|move|p1b: Clefable|Stored Power|p2b: Grass Latte\n|-damage|p2b: Grass Latte|51\/100 brn\n|\n|-weather|SunnyDay|[upkeep]\n|-heal|p1b: Clefable|64\/100|[from] item: Leftovers\n|-damage|p2b: Grass Latte|49\/100 brn|[from] brn\n|upkeep\n|turn|11\n|\n|t:|1697864142\n|move|p1a: Ogerpon|Horn Leech|p2b: Grass Latte\n|-resisted|p2b: Grass Latte\n|-damage|p2b: Grass Latte|13\/100 brn\n|-heal|p1a: Ogerpon|81\/100|[from] drain|[of] p2b: Grass Latte\n|move|p2b: Grass Latte|Matcha Gotcha|p1a: Ogerpon|[spread] p1b\n|-miss|p2b: Grass Latte|p1a: Ogerpon\n|-damage|p1b: Clefable|53\/100\n|-heal|p2b: Grass Latte|20\/100 brn|[from] drain|[of] p1b: Clefable\n|-status|p1b: Clefable|brn\n|move|p2a: Mr. Saxobeat|Steam Eruption|p1a: Ogerpon\n|-supereffective|p1a: Ogerpon\n|-damage|p1a: Ogerpon|12\/100\n|move|p1b: Clefable|Moonlight|p1b: Clefable\n|-heal|p1b: Clefable|100\/100 brn\n|\n|-weather|SunnyDay|[upkeep]\n|-damage|p2b: Grass Latte|17\/100 brn|[from] brn\n|upkeep\n|turn|12\n|\n|t:|1697864167\n|move|p1a: Ogerpon|Horn Leech|p2a: Mr. Saxobeat\n|-damage|p2a: Mr. Saxobeat|39\/100\n|-heal|p1a: Ogerpon|47\/100|[from] drain|[of] p2a: Mr. Saxobeat\n|move|p2b: Grass Latte|Matcha Gotcha|p1b: Clefable|[spread] p1a\n|-miss|p2b: Grass Latte|p1b: Clefable\n|-resisted|p1a: Ogerpon\n|-damage|p1a: Ogerpon|28\/100\n|-heal|p2b: Grass Latte|28\/100 brn|[from] drain|[of] p1a: Ogerpon\n|move|p2a: Mr. Saxobeat|Heat Wave|p1a: Ogerpon|[spread] p1a,p1b\n|-resisted|p1a: Ogerpon\n|-damage|p1a: Ogerpon|0 fnt\n|-damage|p1b: Clefable|80\/100 brn\n|faint|p1a: Ogerpon\n|move|p1b: Clefable|Stored Power|p2b: Grass Latte\n|-damage|p2b: Grass Latte|0 fnt\n|faint|p2b: Grass Latte\n|\n|-weather|none\n|-heal|p2a: Mr. Saxobeat|45\/100|[from] item: Leftovers\n|-heal|p1b: Clefable|87\/100 brn|[from] item: Leftovers\n|upkeep\n|inactive|Denvah_17 has 120 seconds left.\n|\n|t:|1697864180\n|switch|p2b: Freddy Fazbear|Ursaluna-Bloodmoon, M|100\/100\n|turn|13\n|\n|t:|1697864194\n|move|p2a: Mr. Saxobeat|Steam Eruption|p1b: Clefable\n|-damage|p1b: Clefable|68\/100 brn\n|move|p1b: Clefable|Stored Power|p2a: Mr. Saxobeat\n|-damage|p2a: Mr. Saxobeat|0 fnt\n|faint|p2a: Mr. Saxobeat\n|move|p2b: Freddy Fazbear|Hyper Voice|p1b: Clefable\n|-damage|p1b: Clefable|50\/100 brn\n|\n|-heal|p1b: Clefable|57\/100 brn|[from] item: Leftovers\n|upkeep\n|turn|14\n|\n|t:|1697864202\n|move|p1b: Clefable|Stored Power|p2b: Freddy Fazbear\n|-damage|p2b: Freddy Fazbear|52\/100\n|move|p2b: Freddy Fazbear|Calm Mind|p2b: Freddy Fazbear\n|-boost|p2b: Freddy Fazbear|spa|1\n|-boost|p2b: Freddy Fazbear|spd|1\n|\n|-heal|p1b: Clefable|63\/100 brn|[from] item: Leftovers\n|-heal|p2b: Freddy Fazbear|58\/100|[from] item: Leftovers\n|upkeep\n|turn|15\n|\n|t:|1697864206\n|move|p1b: Clefable|Stored Power|p2b: Freddy Fazbear\n|-damage|p2b: Freddy Fazbear|22\/100\n|move|p2b: Freddy Fazbear|Moonlight|p2b: Freddy Fazbear\n|-heal|p2b: Freddy Fazbear|72\/100\n|\n|-heal|p1b: Clefable|69\/100 brn|[from] item: Leftovers\n|-heal|p2b: Freddy Fazbear|78\/100|[from] item: Leftovers\n|upkeep\n|turn|16\n|\n|t:|1697864215\n|move|p1b: Clefable|Stored Power|p2b: Freddy Fazbear\n|-damage|p2b: Freddy Fazbear|43\/100\n|move|p2b: Freddy Fazbear|Calm Mind|p2b: Freddy Fazbear\n|-boost|p2b: Freddy Fazbear|spa|1\n|-boost|p2b: Freddy Fazbear|spd|1\n|\n|-heal|p1b: Clefable|75\/100 brn|[from] item: Leftovers\n|-heal|p2b: Freddy Fazbear|49\/100|[from] item: Leftovers\n|upkeep\n|turn|17\n|\n|t:|1697864222\n|move|p1b: Clefable|Cosmic Power|p1b: Clefable\n|-boost|p1b: Clefable|def|1\n|-boost|p1b: Clefable|spd|1\n|move|p2b: Freddy Fazbear|Moonlight|p2b: Freddy Fazbear\n|-heal|p2b: Freddy Fazbear|99\/100\n|\n|-heal|p1b: Clefable|81\/100 brn|[from] item: Leftovers\n|-heal|p2b: Freddy Fazbear|100\/100|[from] item: Leftovers\n|upkeep\n|turn|18\n|\n|t:|1697864229\n|move|p1b: Clefable|Stored Power|p2b: Freddy Fazbear\n|-damage|p2b: Freddy Fazbear|68\/100\n|move|p2b: Freddy Fazbear|Calm Mind|p2b: Freddy Fazbear\n|-boost|p2b: Freddy Fazbear|spa|1\n|-boost|p2b: Freddy Fazbear|spd|1\n|\n|-heal|p1b: Clefable|87\/100 brn|[from] item: Leftovers\n|-heal|p2b: Freddy Fazbear|74\/100|[from] item: Leftovers\n|upkeep\n|turn|19\n|\n|t:|1697864233\n|move|p1b: Clefable|Stored Power|p2b: Freddy Fazbear\n|-damage|p2b: Freddy Fazbear|48\/100\n|move|p2b: Freddy Fazbear|Calm Mind|p2b: Freddy Fazbear\n|-boost|p2b: Freddy Fazbear|spa|1\n|-boost|p2b: Freddy Fazbear|spd|1\n|\n|-heal|p1b: Clefable|94\/100 brn|[from] item: Leftovers\n|-heal|p2b: Freddy Fazbear|54\/100|[from] item: Leftovers\n|upkeep\n|turn|20\n|\n|t:|1697864238\n|move|p1b: Clefable|Stored Power|p2b: Freddy Fazbear\n|-damage|p2b: Freddy Fazbear|35\/100\n|move|p2b: Freddy Fazbear|Moonlight|p2b: Freddy Fazbear\n|-heal|p2b: Freddy Fazbear|84\/100\n|\n|-heal|p1b: Clefable|99\/100 brn|[from] item: Leftovers\n|-heal|p2b: Freddy Fazbear|90\/100|[from] item: Leftovers\n|upkeep\n|turn|21\n|\n|t:|1697864242\n|move|p1b: Clefable|Stored Power|p2b: Freddy Fazbear\n|-damage|p2b: Freddy Fazbear|70\/100\n|move|p2b: Freddy Fazbear|Calm Mind|p2b: Freddy Fazbear\n|-boost|p2b: Freddy Fazbear|spa|1\n|-boost|p2b: Freddy Fazbear|spd|1\n|\n|-heal|p1b: Clefable|100\/100 brn|[from] item: Leftovers\n|-heal|p2b: Freddy Fazbear|76\/100|[from] item: Leftovers\n|upkeep\n|turn|22\n|\n|t:|1697864247\n|move|p1b: Clefable|Stored Power|p2b: Freddy Fazbear\n|-damage|p2b: Freddy Fazbear|59\/100\n|move|p2b: Freddy Fazbear|Hyper Voice|p1b: Clefable\n|-damage|p1b: Clefable|50\/100 brn\n|\n|-heal|p1b: Clefable|57\/100 brn|[from] item: Leftovers\n|-heal|p2b: Freddy Fazbear|65\/100|[from] item: Leftovers\n|upkeep\n|turn|23\n|\n|t:|1697864253\n|move|p1b: Clefable|Stored Power|p2b: Freddy Fazbear\n|-damage|p2b: Freddy Fazbear|47\/100\n|move|p2b: Freddy Fazbear|Hyper Voice|p1b: Clefable\n|-damage|p1b: Clefable|10\/100 brn\n|\n|-heal|p1b: Clefable|16\/100 brn|[from] item: Leftovers\n|-heal|p2b: Freddy Fazbear|53\/100|[from] item: Leftovers\n|upkeep\n|turn|24\n|\n|t:|1697864256\n|move|p1b: Clefable|Moonlight|p1b: Clefable\n|-heal|p1b: Clefable|66\/100 brn\n|move|p2b: Freddy Fazbear|Hyper Voice|p1b: Clefable\n|-damage|p1b: Clefable|13\/100 brn\n|\n|-heal|p1b: Clefable|19\/100 brn|[from] item: Leftovers\n|-heal|p2b: Freddy Fazbear|59\/100|[from] item: Leftovers\n|upkeep\n|turn|25\n|\n|t:|1697864260\n|move|p1b: Clefable|Moonlight|p1b: Clefable\n|-heal|p1b: Clefable|69\/100 brn\n|move|p2b: Freddy Fazbear|Moonlight|p2b: Freddy Fazbear\n|-heal|p2b: Freddy Fazbear|100\/100\n|\n|-heal|p1b: Clefable|75\/100 brn|[from] item: Leftovers\n|upkeep\n|turn|26\n|\n|t:|1697864273\n|move|p1b: Clefable|Cosmic Power|p1b: Clefable\n|-boost|p1b: Clefable|def|1\n|-boost|p1b: Clefable|spd|1\n|move|p2b: Freddy Fazbear|Hyper Voice|p1b: Clefable\n|-damage|p1b: Clefable|33\/100 brn\n|\n|-heal|p1b: Clefable|40\/100 brn|[from] item: Leftovers\n|upkeep\n|turn|27\n|\n|t:|1697864280\n|move|p1b: Clefable|Stored Power|p2b: Freddy Fazbear\n|-damage|p2b: Freddy Fazbear|80\/100\n|move|p2b: Freddy Fazbear|Calm Mind|p2b: Freddy Fazbear\n|-boost|p2b: Freddy Fazbear|spa|1\n|-boost|p2b: Freddy Fazbear|spd|1\n|\n|-heal|p1b: Clefable|46\/100 brn|[from] item: Leftovers\n|-heal|p2b: Freddy Fazbear|86\/100|[from] item: Leftovers\n|upkeep\n|turn|28\n|\n|t:|1697864286\n|move|p1b: Clefable|Moonlight|p1b: Clefable\n|-heal|p1b: Clefable|96\/100 brn\n|move|p2b: Freddy Fazbear|Hyper Voice|p1b: Clefable\n|-damage|p1b: Clefable|50\/100 brn\n|\n|-heal|p1b: Clefable|56\/100 brn|[from] item: Leftovers\n|-heal|p2b: Freddy Fazbear|92\/100|[from] item: Leftovers\n|upkeep\n|turn|29\n|inactive|elpape has 120 seconds left.\n|inactive|elpape has 90 seconds left.\n|inactive|elpape has 60 seconds left.\n|\n|t:|1697864382\n|move|p1b: Clefable|Moonlight|p1b: Clefable\n|-heal|p1b: Clefable|100\/100 brn\n|move|p2b: Freddy Fazbear|Earth Power|p1b: Clefable\n|-damage|p1b: Clefable|50\/100 brn\n|\n|-heal|p1b: Clefable|57\/100 brn|[from] item: Leftovers\n|-heal|p2b: Freddy Fazbear|98\/100|[from] item: Leftovers\n|upkeep\n|turn|30\n|inactive|elpape has 60 seconds left.\n|inactive|elpape has 30 seconds left.\n|inactive|elpape has 20 seconds left.\n|inactive|elpape has 15 seconds left.\n|inactive|elpape has 10 seconds left.\n|inactive|elpape has 5 seconds left.\n|-message|elpape lost due to inactivity.\n|\n|win|Denvah_17\n|raw|elpape's rating: 1371 &rarr; <strong>1355<\/strong><br \/>(-16 for losing)\n|raw|Denvah_17's rating: 1450 &rarr; <strong>1466<\/strong><br \/>(+16 for winning)\n","uploadtime":1697864466,"views":12,"p1id":"elpape","p2id":"denvah17","formatid":"gen9doublesou","rating":1355,"private":0,"password":""}