{"id":"gen9doublesou-1980713073","p1":"talhabiggboi3","p2":"Kyukutsu","format":"[Gen 9] Doubles OU","log":"|j|\u2606talhabiggboi3\n|j|\u2606Kyukutsu\n|t:|1698817573\n|gametype|doubles\n|player|p1|talhabiggboi3|101|1318\n|player|p2|Kyukutsu|chuck|1616\n|teamsize|p1|6\n|teamsize|p2|6\n|gen|9\n|tier|[Gen 9] Doubles OU\n|rated|\n|rule|Species Clause: Limit one of each Pok\u00e9mon\n|rule|OHKO Clause: OHKO moves are banned\n|rule|Evasion Moves Clause: Evasion moves are banned\n|rule|Gravity Sleep Clause: The combination of sleep-inducing moves with imperfect accuracy and Gravity or Gigantamax Orbeetle are banned\n|rule|Endless Battle Clause: Forcing endless battles is banned\n|rule|HP Percentage Mod: HP is shown in percentages\n|clearpoke\n|poke|p1|Murkrow, F|\n|poke|p1|Garchomp, F|\n|poke|p1|Hydreigon, F|\n|poke|p1|Armarouge, F|\n|poke|p1|Maushold-Four|\n|poke|p1|Gholdengo|\n|poke|p2|Arcanine-Hisui, M|\n|poke|p2|Sylveon, M|\n|poke|p2|Hydreigon, F|\n|poke|p2|Scizor, F|\n|poke|p2|Sinistcha-Masterpiece|\n|poke|p2|Iron Hands|\n|teampreview\n|\n|t:|1698817586\n|start\n|switch|p1a: Murkrow|Murkrow, F|100\/100\n|switch|p1b: Gholdengo|Gholdengo|100\/100\n|switch|p2a: Dog|Arcanine-Hisui, M, shiny|100\/100\n|switch|p2b: Cat|Sylveon, M|100\/100\n|-ability|p2a: Dog|Intimidate|boost\n|-unboost|p1a: Murkrow|atk|1\n|-unboost|p1b: Gholdengo|atk|1\n|turn|1\n|inactive|Battle timer is ON: inactive players will automatically lose when time's up. (requested by Kyukutsu)\n|\n|t:|1698817612\n|-terastallize|p1b: Gholdengo|Steel\n|-terastallize|p2b: Cat|Ground\n|move|p1a: Murkrow|Tailwind|p1a: Murkrow\n|-sidestart|p1: talhabiggboi3|move: Tailwind\n|move|p1b: Gholdengo|Make It Rain|p2b: Cat|[spread] p2a,p2b\n|-damage|p2a: Dog|22\/100\n|-damage|p2b: Cat|18\/100\n|-unboost|p1b: Gholdengo|spa|1\n|move|p2a: Dog|Flare Blitz|p1b: Gholdengo\n|-supereffective|p1b: Gholdengo\n|-damage|p1b: Gholdengo|0 fnt\n|faint|p1b: Gholdengo\n|-damage|p2a: Dog|0 fnt|[from] Recoil\n|faint|p2a: Dog\n|move|p2b: Cat|Hyper Voice|p1a: Murkrow\n|-supereffective|p1a: Murkrow\n|-damage|p1a: Murkrow|0 fnt\n|faint|p1a: Murkrow\n|\n|upkeep\n|\n|t:|1698817637\n|switch|p1b: Hydreigon|Hydreigon, F|100\/100\n|switch|p2a: Hat Guy|Sinistcha-Masterpiece|100\/100\n|switch|p1a: Garchomp|Garchomp, F|100\/100\n|-heal|p2b: Cat|42\/100|[from] ability: Hospitality|[of] p2a: Hat Guy\n|turn|2\n|inactive|talhabiggboi3 has 120 seconds left.\n|inactive|Kyukutsu has 120 seconds left.\n|\n|t:|1698817678\n|switch|p2b: Bit Knight|Iron Hands|100\/100\n|move|p1a: Garchomp|Earthquake|p2b: Bit Knight|[spread] p2a,p2b\n|-immune|p1b: Hydreigon|[from] ability: Levitate\n|-resisted|p2a: Hat Guy\n|-supereffective|p2b: Bit Knight\n|-damage|p2a: Hat Guy|84\/100\n|-damage|p2b: Bit Knight|53\/100\n|move|p1b: Hydreigon|Dark Pulse|p2a: Hat Guy\n|-supereffective|p2a: Hat Guy\n|-damage|p2a: Hat Guy|0 fnt\n|faint|p2a: Hat Guy\n|-damage|p1b: Hydreigon|91\/100|[from] item: Life Orb\n|\n|upkeep\n|\n|t:|1698817694\n|switch|p2a: Cat|Sylveon, M, tera:Ground|42\/100\n|turn|3\n|inactive|Kyukutsu has 120 seconds left.\n|\n|t:|1698817704\n|move|p2b: Bit Knight|Fake Out|p1a: Garchomp\n|-damage|p1a: Garchomp|85\/100\n|-damage|p2b: Bit Knight|41\/100|[from] ability: Rough Skin|[of] p1a: Garchomp\n|cant|p1a: Garchomp|flinch\n|move|p1b: Hydreigon|Dark Pulse|p2a: Cat\n|-damage|p2a: Cat|3\/100\n|-damage|p1b: Hydreigon|81\/100|[from] item: Life Orb\n|move|p2a: Cat|Hyper Voice|p1a: Garchomp|[spread] p1a,p1b\n|-supereffective|p1a: Garchomp\n|-supereffective|p1b: Hydreigon\n|-damage|p1a: Garchomp|0 fnt\n|-damage|p1b: Hydreigon|0 fnt\n|faint|p1a: Garchomp\n|faint|p1b: Hydreigon\n|\n|upkeep\n|c|\u2606talhabiggboi3|bruhhghhhhhhh\n|\n|t:|1698817720\n|switch|p1a: Armarouge|Armarouge, F|100\/100\n|switch|p1b: Maushold|Maushold-Four|100\/100\n|turn|4\n|\n|t:|1698817737\n|move|p1b: Maushold|Population Bomb|p2a: Cat\n|-damage|p2a: Cat|0 fnt\n|faint|p2a: Cat\n|-hitcount|p2: Cat|1\n|move|p1a: Armarouge|Expanding Force|p2b: Bit Knight\n|-supereffective|p2b: Bit Knight\n|-damage|p2b: Bit Knight|0 fnt\n|faint|p2b: Bit Knight\n|-end|p2b: Bit Knight|Quark Drive|[silent]\n|-damage|p1a: Armarouge|91\/100|[from] item: Life Orb\n|\n|-sideend|p1: talhabiggboi3|move: Tailwind\n|upkeep\n|c|\u2606Kyukutsu|My sylveon is super bulky\n|inactive|Kyukutsu has 120 seconds left.\n|\n|t:|1698817759\n|switch|p2a: Puff Daddy|Hydreigon, F|100\/100\n|switch|p2b: Scyther MK 2|Scizor, F, shiny|100\/100\n|turn|5\n|\n|t:|1698817777\n|move|p1a: Armarouge|Protect|p1a: Armarouge\n|-singleturn|p1a: Armarouge|Protect\n|move|p2b: Scyther MK 2|Bullet Punch|p1a: Armarouge\n|-activate|p1a: Armarouge|move: Protect\n|move|p2a: Puff Daddy|Snarl|p1a: Armarouge|[spread] p1b\n|-activate|p1a: Armarouge|move: Protect\n|-crit|p1b: Maushold\n|-damage|p1b: Maushold|38\/100\n|-unboost|p1b: Maushold|spa|1\n|-damage|p2a: Puff Daddy|91\/100|[from] item: Life Orb\n|move|p1b: Maushold|Population Bomb|p2a: Puff Daddy\n|-damage|p2a: Puff Daddy|82\/100\n|-damage|p2a: Puff Daddy|73\/100\n|-damage|p2a: Puff Daddy|64\/100\n|-damage|p2a: Puff Daddy|56\/100\n|-damage|p2a: Puff Daddy|48\/100\n|-damage|p2a: Puff Daddy|39\/100\n|-damage|p2a: Puff Daddy|31\/100\n|-damage|p2a: Puff Daddy|21\/100\n|-damage|p2a: Puff Daddy|13\/100\n|-damage|p2a: Puff Daddy|4\/100\n|-hitcount|p2a: Puff Daddy|10\n|\n|upkeep\n|turn|6\n|inactive|talhabiggboi3 has 120 seconds left.\n|inactive|Kyukutsu has 120 seconds left.\n|c|\u2606Kyukutsu|Terrifying\n|\n|t:|1698817837\n|move|p1b: Maushold|Follow Me|p1b: Maushold\n|-singleturn|p1b: Maushold|move: Follow Me\n|move|p2b: Scyther MK 2|Bullet Punch|p1b: Maushold\n|-damage|p1b: Maushold|0 fnt\n|faint|p1b: Maushold\n|move|p2a: Puff Daddy|Snarl|p1a: Armarouge|[miss]\n|-miss|p2a: Puff Daddy|p1a: Armarouge\n|move|p1a: Armarouge|Armor Cannon|p2b: Scyther MK 2\n|-supereffective|p2b: Scyther MK 2\n|-damage|p2b: Scyther MK 2|0 fnt\n|-unboost|p1a: Armarouge|def|1\n|-unboost|p1a: Armarouge|spd|1\n|faint|p2b: Scyther MK 2\n|-damage|p1a: Armarouge|81\/100|[from] item: Life Orb\n|\n|upkeep\n|turn|7\n|\n|t:|1698817861\n|move|p2a: Puff Daddy|Snarl|p1a: Armarouge\n|-supereffective|p1a: Armarouge\n|-damage|p1a: Armarouge|0 fnt\n|faint|p1a: Armarouge\n|-damage|p2a: Puff Daddy|0 fnt|[from] item: Life Orb\n|faint|p2a: Puff Daddy\n|\n|win|Kyukutsu\n|raw|talhabiggboi3's rating: 1318 &rarr; <strong>1312<\/strong><br \/>(-6 for losing)\n|raw|Kyukutsu's rating: 1616 &rarr; <strong>1622<\/strong><br \/>(+6 for winning)\n|c|\u2606Kyukutsu|gg\n|l|\u2606talhabiggboi3\n","uploadtime":1698817913,"views":32,"p1id":"talhabiggboi3","p2id":"kyukutsu","formatid":"gen9doublesou","rating":1312,"private":0,"password":""}