{"id":"gen9doublesou-1993132828","p1":"ZingiestImp","p2":"metroide145","format":"[Gen 9] Doubles OU","log":"|j|\u2606ZingiestImp\n|j|\u2606metroide145\n|t:|1700268640\n|gametype|doubles\n|player|p1|ZingiestImp|pokekid|1127\n|player|p2|metroide145|swimmerf-gen4|1000\n|teamsize|p1|6\n|teamsize|p2|6\n|gen|9\n|tier|[Gen 9] Doubles OU\n|rated|\n|rule|Species Clause: Limit one of each Pok\u00e9mon\n|rule|OHKO Clause: OHKO moves are banned\n|rule|Evasion Moves Clause: Evasion moves are banned\n|rule|Gravity Sleep Clause: The combination of sleep-inducing moves with imperfect accuracy and Gravity or Gigantamax Orbeetle are banned\n|rule|Endless Battle Clause: Forcing endless battles is banned\n|rule|HP Percentage Mod: HP is shown in percentages\n|clearpoke\n|poke|p1|Skeledirge, F|\n|poke|p1|Meowscarada, F|\n|poke|p1|Diancie|\n|poke|p1|Rillaboom, F|\n|poke|p1|Walking Wake|\n|poke|p1|Clefable, M|\n|poke|p2|Rillaboom, F|\n|poke|p2|Toxapex, M|\n|poke|p2|Palafin, M|\n|poke|p2|Pelipper, F|\n|poke|p2|Iron Bundle|\n|poke|p2|Grimmsnarl, M|\n|teampreview\n|\n|t:|1700268651\n|start\n|switch|p1a: Skeledirge|Skeledirge, F, shiny|100\/100\n|switch|p1b: Meowscarada|Meowscarada, F|100\/100\n|switch|p2a: Pelipper|Pelipper, F|100\/100\n|switch|p2b: Iron Bundle|Iron Bundle|100\/100\n|-weather|RainDance|[from] ability: Drizzle|[of] p2a: Pelipper\n|-enditem|p2b: Iron Bundle|Booster Energy\n|-activate|p2b: Iron Bundle|ability: Quark Drive|[fromitem]\n|-start|p2b: Iron Bundle|quarkdrivespe\n|turn|1\n|inactive|Battle timer is ON: inactive players will automatically lose when time's up. (requested by metroide145)\n|inactive|metroide145 has 120 seconds left.\n|\n|t:|1700268692\n|-terastallize|p1a: Skeledirge|Water\n|move|p2a: Pelipper|Helping Hand|p2b: Iron Bundle\n|-singleturn|p2b: Iron Bundle|Helping Hand|[of] p2a: Pelipper\n|move|p2b: Iron Bundle|Icy Wind|p1a: Skeledirge|[spread] p1a,p1b\n|-resisted|p1a: Skeledirge\n|-supereffective|p1b: Meowscarada\n|-damage|p1a: Skeledirge|84\/100\n|-enditem|p1b: Meowscarada|Focus Sash\n|-damage|p1b: Meowscarada|1\/100\n|-unboost|p1a: Skeledirge|spe|1\n|-unboost|p1b: Meowscarada|spe|1\n|move|p1b: Meowscarada|Grass Pledge|p2b: Iron Bundle\n|-waiting|p1b: Meowscarada|p1a: Skeledirge\n|move|p1a: Skeledirge|Fire Pledge|p2b: Iron Bundle|[from]move: Grass Pledge\n|-combine\n|-damage|p2b: Iron Bundle|22\/100\n|-sidestart|p2: metroide145|Fire Pledge\n|\n|-weather|RainDance|[upkeep]\n|-damage|p2b: Iron Bundle|10\/100|[from] Fire Pledge\n|-damage|p2a: Pelipper|88\/100|[from] Fire Pledge\n|-heal|p1a: Skeledirge|90\/100|[from] item: Leftovers\n|upkeep\n|turn|2\n|inactive|ZingiestImp has 120 seconds left.\n|\n|t:|1700268725\n|move|p2a: Pelipper|Helping Hand|p2b: Iron Bundle\n|-singleturn|p2b: Iron Bundle|Helping Hand|[of] p2a: Pelipper\n|move|p2b: Iron Bundle|Icy Wind|p1b: Meowscarada|[spread] p1a,p1b\n|-resisted|p1a: Skeledirge\n|-supereffective|p1b: Meowscarada\n|-damage|p1a: Skeledirge|72\/100\n|-damage|p1b: Meowscarada|0 fnt\n|-unboost|p1a: Skeledirge|spe|1\n|faint|p1b: Meowscarada\n|move|p1a: Skeledirge|Torch Song|p2a: Pelipper\n|-resisted|p2a: Pelipper\n|-damage|p2a: Pelipper|74\/100\n|-boost|p1a: Skeledirge|spa|1\n|-enditem|p2a: Pelipper|Eject Button\n|inactive|metroide145 has 120 seconds left.\n|\n|t:|1700268744\n|switch|p2a: Palafin|Palafin, M|100\/100\n|\n|-weather|RainDance|[upkeep]\n|-damage|p2b: Iron Bundle|0 fnt|[from] Fire Pledge\n|faint|p2b: Iron Bundle\n|-end|p2b: Iron Bundle|Quark Drive|[silent]\n|-damage|p2a: Palafin|88\/100|[from] Fire Pledge\n|-heal|p2a: Palafin|94\/100|[from] item: Leftovers\n|-heal|p1a: Skeledirge|78\/100|[from] item: Leftovers\n|upkeep\n|inactive|metroide145 has 120 seconds left.\n|\n|t:|1700268794\n|switch|p2b: Pelipper|Pelipper, F|74\/100\n|switch|p1b: Rillaboom|Rillaboom, F|100\/100\n|-fieldstart|move: Grassy Terrain|[from] ability: Grassy Surge|[of] p1b: Rillaboom\n|turn|3\n|\n|t:|1700268808\n|move|p2b: Pelipper|Helping Hand|p2a: Palafin\n|-singleturn|p2a: Palafin|Helping Hand|[of] p2b: Pelipper\n|move|p1b: Rillaboom|Fake Out|p2a: Palafin\n|-damage|p2a: Palafin|78\/100\n|cant|p2a: Palafin|flinch\n|move|p1a: Skeledirge|Torch Song|p2a: Palafin\n|-resisted|p2a: Palafin\n|-damage|p2a: Palafin|60\/100\n|-boost|p1a: Skeledirge|spa|1\n|\n|-weather|RainDance|[upkeep]\n|-damage|p2a: Palafin|48\/100|[from] Fire Pledge\n|-heal|p2a: Palafin|54\/100|[from] Grassy Terrain\n|-heal|p2a: Palafin|60\/100|[from] item: Leftovers\n|-damage|p2b: Pelipper|62\/100|[from] Fire Pledge\n|-heal|p1a: Skeledirge|84\/100|[from] Grassy Terrain\n|-heal|p1a: Skeledirge|91\/100|[from] item: Leftovers\n|upkeep\n|turn|4\n|inactive|metroide145 has 120 seconds left.\n|\n|t:|1700268846\n|detailschange|p2a: Palafin|Palafin-Hero, M\n|switch|p2a: Rillaboom|Rillaboom, F|100\/100\n|switch|p2b: Toxapex|Toxapex, M|100\/100\n|move|p1b: Rillaboom|Grassy Glide|p2a: Rillaboom\n|-resisted|p2a: Rillaboom\n|-damage|p2a: Rillaboom|77\/100\n|move|p1a: Skeledirge|Shadow Ball|p2b: Toxapex\n|-damage|p2b: Toxapex|36\/100\n|\n|-weather|RainDance|[upkeep]\n|-damage|p2a: Rillaboom|64\/100|[from] Fire Pledge\n|-heal|p2a: Rillaboom|71\/100|[from] Grassy Terrain\n|-damage|p2b: Toxapex|24\/100|[from] Fire Pledge\n|-heal|p2b: Toxapex|30\/100|[from] Grassy Terrain\n|-heal|p2b: Toxapex|36\/100|[from] item: Leftovers\n|-heal|p1a: Skeledirge|97\/100|[from] Grassy Terrain\n|-heal|p1a: Skeledirge|100\/100|[from] item: Leftovers\n|-sideend|p2: metroide145|Fire Pledge\n|upkeep\n|turn|5\n|inactive|metroide145 has 120 seconds left.\n|inactive|ZingiestImp has 120 seconds left.\n|\n|t:|1700268889\n|move|p2a: Rillaboom|Fake Out|p1b: Rillaboom\n|-damage|p1b: Rillaboom|88\/100\n|cant|p1b: Rillaboom|flinch\n|move|p2b: Toxapex|Toxic|p1b: Rillaboom\n|-status|p1b: Rillaboom|tox\n|move|p1a: Skeledirge|Shadow Ball|p2b: Toxapex\n|-damage|p2b: Toxapex|0 fnt\n|faint|p2b: Toxapex\n|\n|-weather|none\n|-heal|p2a: Rillaboom|77\/100|[from] Grassy Terrain\n|-heal|p1b: Rillaboom|94\/100 tox|[from] Grassy Terrain\n|-heal|p1b: Rillaboom|100\/100 tox|[from] item: Leftovers\n|-damage|p1b: Rillaboom|94\/100 tox|[from] psn\n|upkeep\n|inactive|metroide145 has 90 seconds left.\n|\n|t:|1700268907\n|switch|p2b: Grimmsnarl|Grimmsnarl, M|100\/100\n|turn|6\n|inactive|metroide145 has 90 seconds left.\n|\n|t:|1700268937\n|switch|p1b: Diancie|Diancie|100\/100\n|move|p2a: Rillaboom|Fake Out||[still]\n|-hint|Fake Out only works on your first turn out.\n|-fail|p2a: Rillaboom\n|move|p2b: Grimmsnarl|Light Screen|p2b: Grimmsnarl\n|-sidestart|p2: metroide145|move: Light Screen\n|move|p1a: Skeledirge|Torch Song|p2a: Rillaboom\n|-supereffective|p2a: Rillaboom\n|-damage|p2a: Rillaboom|0 fnt\n|-boost|p1a: Skeledirge|spa|1\n|faint|p2a: Rillaboom\n|\n|upkeep\n|\n|t:|1700268952\n|switch|p2a: Pelipper|Pelipper, F|62\/100\n|-weather|RainDance|[from] ability: Drizzle|[of] p2a: Pelipper\n|turn|7\n|\n|t:|1700268964\n|move|p1a: Skeledirge|Protect|p1a: Skeledirge\n|-singleturn|p1a: Skeledirge|Protect\n|move|p2b: Grimmsnarl|Reflect|p2b: Grimmsnarl\n|-sidestart|p2: metroide145|Reflect\n|move|p1b: Diancie|Rock Polish|p1b: Diancie\n|-boost|p1b: Diancie|spe|2\n|move|p2a: Pelipper|Tailwind|p2a: Pelipper\n|-sidestart|p2: metroide145|move: Tailwind\n|\n|-weather|RainDance|[upkeep]\n|-fieldend|move: Grassy Terrain\n|upkeep\n|turn|8\n|inactive|metroide145 has 90 seconds left.\n|\n|t:|1700269000\n|move|p2b: Grimmsnarl|Parting Shot|p1a: Skeledirge\n|-unboost|p1a: Skeledirge|atk|1\n|-unboost|p1a: Skeledirge|spa|1\n|\n|t:|1700269005\n|switch|p2b: Palafin|Palafin-Hero, M|60\/100|[from] Parting Shot\n|-activate|p2b: Palafin|ability: Zero to Hero\n|move|p1b: Diancie|Diamond Storm|p2b: Palafin|[spread] p2a,p2b\n|-supereffective|p2a: Pelipper\n|-damage|p2a: Pelipper|28\/100\n|-damage|p2b: Palafin|44\/100\n|move|p2a: Pelipper|Tailwind||[still]\n|-fail|p2a: Pelipper\n|move|p1a: Skeledirge|Shadow Ball|p2a: Pelipper\n|-damage|p2a: Pelipper|0 fnt\n|faint|p2a: Pelipper\n|\n|-weather|RainDance|[upkeep]\n|-heal|p2b: Palafin|50\/100|[from] item: Leftovers\n|upkeep\n|\n|t:|1700269024\n|switch|p2a: Grimmsnarl|Grimmsnarl, M|100\/100\n|turn|9\n|inactive|metroide145 has 90 seconds left.\n|inactive|ZingiestImp has 120 seconds left.\n|\n|t:|1700269056\n|move|p2b: Palafin|Drain Punch|p1b: Diancie\n|-damage|p1b: Diancie|76\/100\n|-heal|p2b: Palafin|58\/100|[from] drain|[of] p1b: Diancie\n|move|p1b: Diancie|Body Press|p2a: Grimmsnarl\n|-damage|p2a: Grimmsnarl|71\/100\n|move|p2a: Grimmsnarl|Spirit Break|p1a: Skeledirge\n|-damage|p1a: Skeledirge|75\/100\n|-unboost|p1a: Skeledirge|spa|1\n|move|p1a: Skeledirge|Shadow Ball|p2b: Palafin\n|-damage|p2b: Palafin|23\/100\n|\n|-weather|RainDance|[upkeep]\n|-heal|p2b: Palafin|29\/100|[from] item: Leftovers\n|-heal|p1a: Skeledirge|82\/100|[from] item: Leftovers\n|upkeep\n|turn|10\n|inactive|metroide145 has 90 seconds left.\n|inactive|ZingiestImp has 120 seconds left.\n|\n|t:|1700269086\n|move|p2b: Palafin|Jet Punch|p1a: Skeledirge\n|-resisted|p1a: Skeledirge\n|-damage|p1a: Skeledirge|59\/100\n|move|p1b: Diancie|Diamond Storm|p2a: Grimmsnarl|[spread] p2a,p2b\n|-damage|p2a: Grimmsnarl|48\/100\n|-damage|p2b: Palafin|14\/100\n|-boost|p1b: Diancie|def|2\n|move|p2a: Grimmsnarl|Spirit Break|p1b: Diancie\n|-damage|p1b: Diancie|65\/100\n|move|p1a: Skeledirge|Torch Song|p2b: Palafin\n|-resisted|p2b: Palafin\n|-damage|p2b: Palafin|5\/100\n|-boost|p1a: Skeledirge|spa|1\n|\n|-weather|RainDance|[upkeep]\n|-heal|p2b: Palafin|11\/100|[from] item: Leftovers\n|-heal|p1a: Skeledirge|65\/100|[from] item: Leftovers\n|-sideend|p2: metroide145|move: Tailwind\n|upkeep\n|turn|11\n|-message|metroide145 forfeited.\n|\n|win|ZingiestImp\n|raw|ZingiestImp's rating: 1127 &rarr; <strong>1143<\/strong><br \/>(+16 for winning)\n|raw|metroide145's rating: 1000 &rarr; <strong>1000<\/strong><br \/>(+0 for losing)\n|l|\u2606metroide145\n","uploadtime":1700269109,"views":12,"p1id":"zingiestimp","p2id":"metroide145","formatid":"gen9doublesou","rating":1000,"private":0,"password":""}