{"id":"gen9doublesou-1999189210","p1":"ButterDeButtery","p2":"ISXIXH","format":"[Gen 9] Doubles OU","log":"|j|\u2606ButterDeButtery\n|j|\u2606ISXIXH\n|t:|1701043252\n|gametype|doubles\n|player|p1|ButterDeButtery|waitress|1182\n|player|p2|ISXIXH|pokemaniac|1170\n|teamsize|p1|6\n|teamsize|p2|6\n|gen|9\n|tier|[Gen 9] Doubles OU\n|rated|\n|rule|Species Clause: Limit one of each Pok\u00e9mon\n|rule|OHKO Clause: OHKO moves are banned\n|rule|Evasion Moves Clause: Evasion moves are banned\n|rule|Gravity Sleep Clause: The combination of sleep-inducing moves with imperfect accuracy and Gravity or Gigantamax Orbeetle are banned\n|rule|Endless Battle Clause: Forcing endless battles is banned\n|rule|HP Percentage Mod: HP is shown in percentages\n|clearpoke\n|poke|p1|Garganacl, F|\n|poke|p1|Amoonguss, F|\n|poke|p1|Chandelure, M|\n|poke|p1|Orthworm, M|\n|poke|p1|Vikavolt, F|\n|poke|p1|Iron Bundle|\n|poke|p2|Arcanine-Hisui, M|\n|poke|p2|Gastrodon, F|\n|poke|p2|Amoonguss, M|\n|poke|p2|Ursaluna, F|\n|poke|p2|Dusclops, M|\n|poke|p2|Flutter Mane|\n|teampreview\n|\n|t:|1701043272\n|start\n|switch|p1a: Orthworm|Orthworm, M|100\/100\n|switch|p1b: Vikavolt|Vikavolt, F|100\/100\n|switch|p2a: Ursaluna|Ursaluna, F|100\/100\n|switch|p2b: Amoonguss|Amoonguss, M|100\/100\n|turn|1\n|\n|t:|1701043302\n|move|p2a: Ursaluna|Drain Punch|p1a: Orthworm\n|-supereffective|p1a: Orthworm\n|-damage|p1a: Orthworm|54\/100\n|move|p1a: Orthworm|Coil|p1a: Orthworm\n|-boost|p1a: Orthworm|atk|1\n|-boost|p1a: Orthworm|def|1\n|-boost|p1a: Orthworm|accuracy|1\n|move|p2b: Amoonguss|Spore|p1b: Vikavolt\n|-status|p1b: Vikavolt|slp|[from] move: Spore\n|cant|p1b: Vikavolt|slp\n|\n|-heal|p1a: Orthworm|60\/100|[from] item: Leftovers\n|-status|p2a: Ursaluna|brn|[from] item: Flame Orb\n|upkeep\n|turn|2\n|\n|t:|1701043322\n|move|p2b: Amoonguss|Rage Powder|p2b: Amoonguss\n|-singleturn|p2b: Amoonguss|move: Rage Powder\n|move|p2a: Ursaluna|Drain Punch|p1a: Orthworm\n|-supereffective|p1a: Orthworm\n|-damage|p1a: Orthworm|14\/100\n|move|p1a: Orthworm|Earthquake|p2b: Amoonguss|[spread] p2a,p2b\n|-immune|p1b: Vikavolt|[from] ability: Levitate\n|-damage|p2a: Ursaluna|79\/100 brn\n|-damage|p2b: Amoonguss|76\/100\n|-curestatus|p1b: Vikavolt|slp|[msg]\n|move|p1b: Vikavolt|Thunder Wave|p2b: Amoonguss\n|-status|p2b: Amoonguss|par\n|\n|-heal|p1a: Orthworm|20\/100|[from] item: Leftovers\n|-heal|p2b: Amoonguss|82\/100 par|[from] item: Black Sludge\n|-damage|p2a: Ursaluna|73\/100 brn|[from] brn\n|upkeep\n|turn|3\n|\n|t:|1701043349\n|move|p2a: Ursaluna|Drain Punch|p1a: Orthworm\n|-supereffective|p1a: Orthworm\n|-damage|p1a: Orthworm|0 fnt\n|-heal|p2a: Ursaluna|81\/100 brn|[from] drain|[of] p1a: Orthworm\n|faint|p1a: Orthworm\n|move|p1b: Vikavolt|Sticky Web|p2a: Ursaluna\n|-sidestart|p2: ISXIXH|move: Sticky Web\n|cant|p2b: Amoonguss|par\n|\n|-heal|p2b: Amoonguss|88\/100 par|[from] item: Black Sludge\n|-damage|p2a: Ursaluna|75\/100 brn|[from] brn\n|upkeep\n|\n|t:|1701043366\n|switch|p1a: Iron Bundle|Iron Bundle|100\/100\n|turn|4\n|\n|t:|1701043377\n|switch|p2a: Gastrodon|Gastrodon, F|100\/100\n|-activate|p2a: Gastrodon|move: Sticky Web\n|-unboost|p2a: Gastrodon|spe|1\n|move|p1a: Iron Bundle|Blizzard|p2a: Gastrodon|[spread] p2a,p2b\n|-supereffective|p2b: Amoonguss\n|-damage|p2a: Gastrodon|51\/100\n|-damage|p2b: Amoonguss|0 fnt\n|faint|p2b: Amoonguss\n|move|p1b: Vikavolt|Volt Switch|p2a: Gastrodon\n|-immune|p2a: Gastrodon\n|\n|-heal|p2a: Gastrodon|57\/100|[from] item: Leftovers\n|upkeep\n|\n|t:|1701043388\n|switch|p2b: Arcanine|Arcanine-Hisui, M|100\/100\n|-activate|p2b: Arcanine|move: Sticky Web\n|-unboost|p2b: Arcanine|spe|1\n|-ability|p2b: Arcanine|Intimidate|boost\n|-unboost|p1a: Iron Bundle|atk|1\n|-unboost|p1b: Vikavolt|atk|1\n|turn|5\n|\n|t:|1701043399\n|-end|p1a: Iron Bundle|Quark Drive|[silent]\n|switch|p1a: Chandelure|Chandelure, M|100\/100\n|move|p2b: Arcanine|Rock Slide|p1b: Vikavolt|[spread] p1a,p1b\n|-supereffective|p1a: Chandelure\n|-supereffective|p1b: Vikavolt\n|-damage|p1a: Chandelure|29\/100\n|-damage|p1b: Vikavolt|57\/100\n|cant|p1b: Vikavolt|flinch\n|move|p2a: Gastrodon|Recover|p2a: Gastrodon\n|-heal|p2a: Gastrodon|100\/100\n|\n|-heal|p1b: Vikavolt|63\/100|[from] item: Leftovers\n|upkeep\n|turn|6\n|\n|t:|1701043417\n|move|p1a: Chandelure|Energy Ball|p2a: Gastrodon\n|-supereffective|p2a: Gastrodon\n|-damage|p2a: Gastrodon|0 fnt\n|faint|p2a: Gastrodon\n|move|p2b: Arcanine|Rock Slide|p1a: Chandelure|[spread] p1a,p1b\n|-supereffective|p1a: Chandelure\n|-supereffective|p1b: Vikavolt\n|-damage|p1a: Chandelure|0 fnt\n|-damage|p1b: Vikavolt|26\/100\n|faint|p1a: Chandelure\n|cant|p1b: Vikavolt|flinch\n|\n|-heal|p1b: Vikavolt|32\/100|[from] item: Leftovers\n|upkeep\n|\n|t:|1701043438\n|switch|p1a: Iron Bundle|Iron Bundle|100\/100\n|switch|p2a: Dusclops|Dusclops, M|100\/100\n|-activate|p2a: Dusclops|move: Sticky Web\n|-unboost|p2a: Dusclops|spe|1\n|-ability|p2a: Dusclops|Pressure\n|turn|7\n|\n|t:|1701043458\n|-terastallize|p2b: Arcanine|Flying\n|move|p1a: Iron Bundle|Hydro Pump|p2b: Arcanine\n|-crit|p2b: Arcanine\n|-damage|p2b: Arcanine|0 fnt\n|faint|p2b: Arcanine\n|move|p1b: Vikavolt|Thunder Wave|p2a: Dusclops\n|-status|p2a: Dusclops|par\n|cant|p2a: Dusclops|par\n|\n|-heal|p1b: Vikavolt|38\/100|[from] item: Leftovers\n|upkeep\n|\n|t:|1701043470\n|switch|p2b: Flutter Mane|Flutter Mane|100\/100\n|-activate|p2b: Flutter Mane|move: Sticky Web\n|-unboost|p2b: Flutter Mane|spe|1\n|-enditem|p2b: Flutter Mane|Booster Energy\n|-activate|p2b: Flutter Mane|ability: Protosynthesis|[fromitem]\n|-start|p2b: Flutter Mane|protosynthesisspa\n|turn|8\n|\n|t:|1701043488\n|move|p1a: Iron Bundle|Hydro Pump|p2b: Flutter Mane|[miss]\n|-miss|p1a: Iron Bundle|p2b: Flutter Mane\n|move|p2b: Flutter Mane|Dazzling Gleam|p1b: Vikavolt|[spread] p1a,p1b\n|-damage|p1a: Iron Bundle|22\/100\n|-damage|p1b: Vikavolt|0 fnt\n|faint|p1b: Vikavolt\n|move|p2a: Dusclops|Confuse Ray|p1a: Iron Bundle\n|-start|p1a: Iron Bundle|confusion\n|\n|upkeep\n|\n|t:|1701043501\n|switch|p1b: Amoonguss|Amoonguss, F|100\/100\n|turn|9\n|\n|t:|1701043511\n|-activate|p1a: Iron Bundle|confusion\n|move|p1a: Iron Bundle|Hydro Pump|p2b: Flutter Mane\n|-damage|p2b: Flutter Mane|17\/100\n|move|p2b: Flutter Mane|Dazzling Gleam|p1b: Amoonguss|[spread] p1a,p1b\n|-resisted|p1b: Amoonguss\n|-damage|p1a: Iron Bundle|0 fnt\n|-damage|p1b: Amoonguss|87\/100\n|faint|p1a: Iron Bundle\n|-end|p1a: Iron Bundle|Quark Drive|[silent]\n|move|p1b: Amoonguss|Spore|p2b: Flutter Mane\n|-status|p2b: Flutter Mane|slp|[from] move: Spore\n|move|p2a: Dusclops|Confuse Ray|p1b: Amoonguss\n|-start|p1b: Amoonguss|confusion\n|\n|-heal|p1b: Amoonguss|93\/100|[from] item: Leftovers\n|upkeep\n|\n|t:|1701043525\n|switch|p1a: Garganacl|Garganacl, F|100\/100\n|turn|10\n|\n|t:|1701043543\n|cant|p2b: Flutter Mane|slp\n|move|p1a: Garganacl|Salt Cure|p2a: Dusclops\n|-damage|p2a: Dusclops|92\/100 par\n|-start|p2a: Dusclops|Salt Cure\n|-activate|p1b: Amoonguss|confusion\n|move|p1b: Amoonguss|Clear Smog|p2b: Flutter Mane\n|-damage|p2b: Flutter Mane|1\/100 slp\n|-clearboost|p2b: Flutter Mane\n|move|p2a: Dusclops|Will-O-Wisp|p1a: Garganacl\n|-immune|p1a: Garganacl|[from] ability: Purifying Salt\n|\n|-heal|p1b: Amoonguss|99\/100|[from] item: Leftovers\n|-damage|p2a: Dusclops|80\/100 par|[from] Salt Cure\n|upkeep\n|turn|11\n|\n|t:|1701043565\n|-activate|p1b: Amoonguss|confusion\n|move|p1b: Amoonguss|Rage Powder|p1b: Amoonguss\n|-singleturn|p1b: Amoonguss|move: Rage Powder\n|cant|p2b: Flutter Mane|slp\n|move|p1a: Garganacl|Salt Cure|p2b: Flutter Mane\n|-damage|p2b: Flutter Mane|0 fnt\n|faint|p2b: Flutter Mane\n|-end|p2b: Flutter Mane|Protosynthesis|[silent]\n|cant|p2a: Dusclops|par\n|\n|-heal|p1b: Amoonguss|100\/100|[from] item: Leftovers\n|-damage|p2a: Dusclops|67\/100 par|[from] Salt Cure\n|upkeep\n|\n|t:|1701043574\n|switch|p2b: Ursaluna|Ursaluna, F|75\/100 brn\n|-activate|p2b: Ursaluna|move: Sticky Web\n|-unboost|p2b: Ursaluna|spe|1\n|turn|12\n|\n|t:|1701043592\n|-terastallize|p1a: Garganacl|Ghost\n|move|p2b: Ursaluna|Drain Punch|p1a: Garganacl\n|-immune|p1a: Garganacl\n|move|p1a: Garganacl|Salt Cure|p2b: Ursaluna\n|-resisted|p2b: Ursaluna\n|-damage|p2b: Ursaluna|71\/100 brn\n|-start|p2b: Ursaluna|Salt Cure\n|-activate|p1b: Amoonguss|confusion\n|-damage|p1b: Amoonguss|93\/100|[from] confusion\n|cant|p2a: Dusclops|par\n|\n|-heal|p1b: Amoonguss|99\/100|[from] item: Leftovers\n|-damage|p2b: Ursaluna|64\/100 brn|[from] brn\n|-damage|p2b: Ursaluna|52\/100 brn|[from] Salt Cure\n|-damage|p2a: Dusclops|55\/100 par|[from] Salt Cure\n|upkeep\n|turn|13\n|\n|t:|1701043621\n|-activate|p1b: Amoonguss|confusion\n|move|p1b: Amoonguss|Rage Powder|p1b: Amoonguss\n|-singleturn|p1b: Amoonguss|move: Rage Powder\n|move|p2b: Ursaluna|Headlong Rush|p1b: Amoonguss\n|-damage|p1b: Amoonguss|0 fnt\n|-unboost|p2b: Ursaluna|def|1\n|-unboost|p2b: Ursaluna|spd|1\n|faint|p1b: Amoonguss\n|move|p1a: Garganacl|Salt Cure|p2a: Dusclops\n|-damage|p2a: Dusclops|47\/100 par\n|move|p2a: Dusclops|Will-O-Wisp|p1a: Garganacl\n|-immune|p1a: Garganacl|[from] ability: Purifying Salt\n|\n|-damage|p2b: Ursaluna|46\/100 brn|[from] brn\n|-damage|p2b: Ursaluna|33\/100 brn|[from] Salt Cure\n|-damage|p2a: Dusclops|35\/100 par|[from] Salt Cure\n|upkeep\n|turn|14\n|\n|t:|1701043650\n|move|p2b: Ursaluna|Headlong Rush|p1a: Garganacl\n|-damage|p1a: Garganacl|46\/100\n|-unboost|p2b: Ursaluna|def|1\n|-unboost|p2b: Ursaluna|spd|1\n|move|p1a: Garganacl|Recover|p1a: Garganacl\n|-heal|p1a: Garganacl|96\/100\n|move|p2a: Dusclops|Confuse Ray|p1a: Garganacl\n|-start|p1a: Garganacl|confusion\n|\n|-heal|p1a: Garganacl|100\/100|[from] item: Leftovers\n|-damage|p2b: Ursaluna|27\/100 brn|[from] brn\n|-damage|p2b: Ursaluna|14\/100 brn|[from] Salt Cure\n|-damage|p2a: Dusclops|23\/100 par|[from] Salt Cure\n|upkeep\n|turn|15\n|\n|t:|1701043674\n|move|p2b: Ursaluna|Drain Punch|p1a: Garganacl\n|-immune|p1a: Garganacl\n|-activate|p1a: Garganacl|confusion\n|-damage|p1a: Garganacl|95\/100|[from] confusion\n|cant|p2a: Dusclops|par\n|\n|-heal|p1a: Garganacl|100\/100|[from] item: Leftovers\n|-damage|p2b: Ursaluna|8\/100 brn|[from] brn\n|-damage|p2b: Ursaluna|0 fnt|[from] Salt Cure\n|faint|p2b: Ursaluna\n|-damage|p2a: Dusclops|10\/100 par|[from] Salt Cure\n|upkeep\n|turn|16\n|\n|t:|1701043690\n|-activate|p1a: Garganacl|confusion\n|-damage|p1a: Garganacl|96\/100|[from] confusion\n|move|p2a: Dusclops|Hex|p1a: Garganacl\n|-supereffective|p1a: Garganacl\n|-damage|p1a: Garganacl|83\/100\n|\n|-heal|p1a: Garganacl|89\/100|[from] item: Leftovers\n|-damage|p2a: Dusclops|0 fnt|[from] Salt Cure\n|faint|p2a: Dusclops\n|\n|win|ButterDeButtery\n|upkeep\n|raw|ButterDeButtery's rating: 1182 &rarr; <strong>1206<\/strong><br \/>(+24 for winning)\n|raw|ISXIXH's rating: 1170 &rarr; <strong>1146<\/strong><br \/>(-24 for losing)\n|l|\u2606ISXIXH\n","uploadtime":1701043699,"views":7,"p1id":"butterdebuttery","p2id":"isxixh","formatid":"gen9doublesou","rating":1146,"private":0,"password":""}