{"id":"gen9doublesou-1978371037","p1":"Vlad 048","p2":"young trowel","format":"[Gen 9] Doubles OU","log":"|j|\u2606Vlad 048\n|j|\u2606young trowel\n|t:|1698530534\n|gametype|doubles\n|player|p1|Vlad 048|gentleman-gen4dp|1080\n|player|p2|young trowel|2|1000\n|teamsize|p1|6\n|teamsize|p2|6\n|gen|9\n|tier|[Gen 9] Doubles OU\n|rated|\n|rule|Species Clause: Limit one of each Pok\u00e9mon\n|rule|OHKO Clause: OHKO moves are banned\n|rule|Evasion Moves Clause: Evasion moves are banned\n|rule|Gravity Sleep Clause: The combination of sleep-inducing moves with imperfect accuracy and Gravity or Gigantamax Orbeetle are banned\n|rule|Endless Battle Clause: Forcing endless battles is banned\n|rule|HP Percentage Mod: HP is shown in percentages\n|clearpoke\n|poke|p1|Snorlax, M|\n|poke|p1|Sinistcha-Masterpiece|\n|poke|p1|Clefairy, M|\n|poke|p1|Kommo-o, M|\n|poke|p1|Landorus-Therian, M|\n|poke|p1|Iron Hands|\n|poke|p2|Walking Wake|\n|poke|p2|Gastrodon, M|\n|poke|p2|Clodsire, F|\n|poke|p2|Ogerpon-Wellspring, F|\n|poke|p2|Pelipper, F|\n|poke|p2|Landorus-Therian, M|\n|teampreview\n|\n|t:|1698530576\n|start\n|switch|p1a: Snorlax|Snorlax, M|100\/100\n|switch|p1b: Sinistcha|Sinistcha-Masterpiece|100\/100\n|switch|p2a: Pelipper|Pelipper, F|100\/100\n|switch|p2b: Gastrodon|Gastrodon, M|100\/100\n|-weather|RainDance|[from] ability: Drizzle|[of] p2a: Pelipper\n|turn|1\n|\n|t:|1698530613\n|-terastallize|p1a: Snorlax|Water\n|move|p2a: Pelipper|Hurricane|p1b: Sinistcha\n|-supereffective|p1b: Sinistcha\n|-damage|p1b: Sinistcha|0 fnt\n|faint|p1b: Sinistcha\n|move|p2b: Gastrodon|Icy Wind|p1a: Snorlax\n|-resisted|p1a: Snorlax\n|-damage|p1a: Snorlax|99\/100\n|-unboost|p1a: Snorlax|spe|1\n|move|p1a: Snorlax|Belly Drum|p1a: Snorlax\n|-damage|p1a: Snorlax|49\/100\n|-setboost|p1a: Snorlax|atk|6|[from] move: Belly Drum\n|-enditem|p1a: Snorlax|Sitrus Berry|[eat]\n|-heal|p1a: Snorlax|73\/100|[from] item: Sitrus Berry\n|\n|-weather|RainDance|[upkeep]\n|upkeep\n|\n|t:|1698530619\n|switch|p1b: Clefairy|Clefairy, M|100\/100\n|turn|2\n|\n|t:|1698530652\n|move|p2b: Gastrodon|Helping Hand|p2a: Pelipper\n|-singleturn|p2a: Pelipper|Helping Hand|[of] p2b: Gastrodon\n|move|p1b: Clefairy|Follow Me|p1b: Clefairy\n|-singleturn|p1b: Clefairy|move: Follow Me\n|move|p2a: Pelipper|Surf|p1a: Snorlax|[spread] p1a,p1b\n|-ability|p2b: Gastrodon|Storm Drain|boost\n|-boost|p2b: Gastrodon|spa|1\n|-resisted|p1a: Snorlax\n|-damage|p1a: Snorlax|57\/100\n|-damage|p1b: Clefairy|42\/100\n|move|p1a: Snorlax|Facade|p2b: Gastrodon\n|-damage|p2b: Gastrodon|0 fnt\n|faint|p2b: Gastrodon\n|\n|-weather|RainDance|[upkeep]\n|upkeep\n|\n|t:|1698530664\n|switch|p2b: Clodsire|Clodsire, F|100\/100\n|turn|3\n|\n|t:|1698530681\n|move|p2a: Pelipper|Surf|p1a: Snorlax|[spread] p1a,p1b\n|-immune|p2b: Clodsire|[from] ability: Water Absorb\n|-resisted|p1a: Snorlax\n|-damage|p1a: Snorlax|46\/100\n|-damage|p1b: Clefairy|1\/100\n|move|p1b: Clefairy|Heal Pulse|p1a: Snorlax\n|-heal|p1a: Snorlax|96\/100\n|move|p2b: Clodsire|Toxic|p1a: Snorlax\n|-status|p1a: Snorlax|tox\n|move|p1a: Snorlax|Facade|p2a: Pelipper\n|-damage|p2a: Pelipper|0 fnt\n|faint|p2a: Pelipper\n|\n|-weather|RainDance|[upkeep]\n|-damage|p1a: Snorlax|90\/100 tox|[from] psn\n|upkeep\n|\n|t:|1698530710\n|switch|p2a: Landorus|Landorus-Therian, M|100\/100\n|-ability|p2a: Landorus|Intimidate|boost\n|-unboost|p1a: Snorlax|atk|1\n|-unboost|p1b: Clefairy|atk|1\n|turn|4\n|\n|t:|1698530718\n|move|p1b: Clefairy|Helping Hand|p1a: Snorlax\n|-singleturn|p1a: Snorlax|Helping Hand|[of] p1b: Clefairy\n|move|p2a: Landorus|Rock Slide|p1b: Clefairy|[spread] p1a,p1b\n|-damage|p1a: Snorlax|72\/100 tox\n|-damage|p1b: Clefairy|0 fnt\n|faint|p1b: Clefairy\n|move|p2b: Clodsire|Curse|p2b: Clodsire\n|-unboost|p2b: Clodsire|spe|1\n|-boost|p2b: Clodsire|atk|1\n|-boost|p2b: Clodsire|def|1\n|cant|p1a: Snorlax|flinch\n|\n|-weather|RainDance|[upkeep]\n|-damage|p1a: Snorlax|60\/100 tox|[from] psn\n|upkeep\n|\n|t:|1698530739\n|switch|p1b: Iron Hands|Iron Hands|100\/100\n|turn|5\n|\n|t:|1698530753\n|move|p1b: Iron Hands|Fake Out|p2b: Clodsire\n|-damage|p2b: Clodsire|90\/100\n|move|p2a: Landorus|Rock Slide|p1b: Iron Hands|[spread] p1a,p1b\n|-resisted|p1b: Iron Hands\n|-damage|p1a: Snorlax|33\/100 tox\n|-damage|p1b: Iron Hands|88\/100\n|move|p1a: Snorlax|Facade|p2a: Landorus\n|-damage|p2a: Landorus|0 fnt\n|faint|p2a: Landorus\n|cant|p2b: Clodsire|flinch\n|\n|-weather|none\n|-heal|p2b: Clodsire|97\/100|[from] item: Leftovers\n|-damage|p1a: Snorlax|15\/100 tox|[from] psn\n|upkeep\n|\n|t:|1698530768\n|switch|p2a: Walking Wake|Walking Wake|100\/100\n|-enditem|p2a: Walking Wake|Booster Energy\n|-activate|p2a: Walking Wake|ability: Protosynthesis|[fromitem]\n|-start|p2a: Walking Wake|protosynthesisspa\n|turn|6\n|\n|t:|1698530778\n|move|p2a: Walking Wake|Protect|p2a: Walking Wake\n|-singleturn|p2a: Walking Wake|Protect\n|move|p1b: Iron Hands|Wild Charge|p2a: Walking Wake\n|-activate|p2a: Walking Wake|move: Protect\n|move|p1a: Snorlax|Facade|p2b: Clodsire\n|-damage|p2b: Clodsire|0 fnt\n|faint|p2b: Clodsire\n|\n|-damage|p1a: Snorlax|0 fnt|[from] psn\n|faint|p1a: Snorlax\n|upkeep\n|\n|t:|1698530790\n|switch|p1a: Landorus|Landorus-Therian, M|100\/100\n|switch|p2b: Ogerpon|Ogerpon-Wellspring, F|100\/100\n|-ability|p1a: Landorus|Intimidate|boost\n|-unboost|p2a: Walking Wake|atk|1\n|-unboost|p2b: Ogerpon|atk|1\n|turn|7\n|\n|t:|1698530803\n|move|p1a: Landorus|U-turn|p2b: Ogerpon\n|-supereffective|p2b: Ogerpon\n|-damage|p2b: Ogerpon|50\/100\n|\n|t:|1698530805\n|switch|p1a: Kommo-o|Kommo-o, M|100\/100|[from] U-turn\n|move|p2a: Walking Wake|Surf|p1a: Kommo-o|[spread] p1a,p1b\n|-heal|p2b: Ogerpon|75\/100|[from] ability: Water Absorb|[of] p2a: Walking Wake\n|-resisted|p1a: Kommo-o\n|-damage|p1a: Kommo-o|77\/100\n|-damage|p1b: Iron Hands|58\/100\n|move|p2b: Ogerpon|Substitute|p2b: Ogerpon\n|-start|p2b: Ogerpon|Substitute\n|-damage|p2b: Ogerpon|50\/100\n|move|p1b: Iron Hands|Wild Charge|p2a: Walking Wake\n|-damage|p2a: Walking Wake|45\/100\n|-damage|p1b: Iron Hands|48\/100|[from] Recoil\n|\n|upkeep\n|turn|8\n|\n|t:|1698530830\n|move|p2a: Walking Wake|Surf|p1b: Iron Hands|[spread] p1a,p1b\n|-heal|p2b: Ogerpon|75\/100|[from] ability: Water Absorb|[of] p2a: Walking Wake\n|-resisted|p1a: Kommo-o\n|-crit|p1b: Iron Hands\n|-damage|p1a: Kommo-o|53\/100\n|-damage|p1b: Iron Hands|0 fnt\n|faint|p1b: Iron Hands\n|-end|p1b: Iron Hands|Quark Drive|[silent]\n|move|p2b: Ogerpon|Horn Leech|p1a: Kommo-o\n|-resisted|p1a: Kommo-o\n|-damage|p1a: Kommo-o|39\/100\n|-heal|p2b: Ogerpon|81\/100|[from] drain|[of] p1a: Kommo-o\n|move|p1a: Kommo-o|Clanging Scales|p2a: Walking Wake|[spread] p2a,p2b\n|-supereffective|p2a: Walking Wake\n|-damage|p2a: Walking Wake|0 fnt\n|-damage|p2b: Ogerpon|47\/100\n|faint|p2a: Walking Wake\n|-end|p2a: Walking Wake|Protosynthesis|[silent]\n|-unboost|p1a: Kommo-o|def|1\n|-enditem|p1a: Kommo-o|Throat Spray\n|-boost|p1a: Kommo-o|spa|1|[from] item: Throat Spray\n|\n|upkeep\n|\n|t:|1698530844\n|switch|p1b: Landorus|Landorus-Therian, M|100\/100\n|-ability|p1b: Landorus|Intimidate|boost\n|-immune|p2b: Ogerpon\n|turn|9\n|-message|young trowel forfeited.\n|\n|win|Vlad 048\n|raw|Vlad 048's rating: 1080 &rarr; <strong>1102<\/strong><br \/>(+22 for winning)\n|raw|young trowel's rating: 1000 &rarr; <strong>1000<\/strong><br \/>(+0 for losing)\n|l|\u2606young trowel\n","uploadtime":1698530855,"views":21,"p1id":"vlad048","p2id":"youngtrowel","formatid":"gen9doublesou","rating":1000,"private":0,"password":""}