{"id":"gen9doublesou-1984397688","p1":"DABOMBA69","p2":"Thehombre","format":"[Gen 9] Doubles OU","log":"|j|\u2606DABOMBA69\n|j|\u2606Thehombre\n|t:|1699256409\n|gametype|doubles\n|player|p1|DABOMBA69|170|1041\n|player|p2|Thehombre|169|1143\n|teamsize|p1|6\n|teamsize|p2|6\n|gen|9\n|tier|[Gen 9] Doubles OU\n|rated|\n|rule|Species Clause: Limit one of each Pok\u00e9mon\n|rule|OHKO Clause: OHKO moves are banned\n|rule|Evasion Moves Clause: Evasion moves are banned\n|rule|Gravity Sleep Clause: The combination of sleep-inducing moves with imperfect accuracy and Gravity or Gigantamax Orbeetle are banned\n|rule|Endless Battle Clause: Forcing endless battles is banned\n|rule|HP Percentage Mod: HP is shown in percentages\n|clearpoke\n|poke|p1|Walking Wake|\n|poke|p1|Torkoal, F|\n|poke|p1|Gholdengo|\n|poke|p1|Ursaluna-Bloodmoon, M|\n|poke|p1|Flutter Mane|\n|poke|p1|Iron Valiant|\n|poke|p2|Chi-Yu|\n|poke|p2|Torkoal, M|\n|poke|p2|Volcarona, F|\n|poke|p2|Rotom-Heat|\n|poke|p2|Gastrodon, F|\n|poke|p2|Coalossal, F|\n|teampreview\n|inactive|Battle timer is ON: inactive players will automatically lose when time's up. (requested by Thehombre)\n|\n|t:|1699256415\n|start\n|switch|p1a: Torkoal|Torkoal, F|100\/100\n|switch|p1b: Walking Wake|Walking Wake|100\/100\n|switch|p2a: Chi-Yu|Chi-Yu|100\/100\n|switch|p2b: Torkoal|Torkoal, M|100\/100\n|-ability|p2a: Chi-Yu|Beads of Ruin\n|-weather|SunnyDay|[from] ability: Drought|[of] p2b: Torkoal\n|-activate|p1b: Walking Wake|ability: Protosynthesis\n|-start|p1b: Walking Wake|protosynthesisspa\n|turn|1\n|inactive|DABOMBA69 has 120 seconds left.\n|\n|t:|1699256446\n|switch|p2b: Gastrodon|Gastrodon, F|100\/100\n|move|p1b: Walking Wake|Hydro Steam|p2b: Gastrodon\n|-activate|p2b: Gastrodon|ability: Storm Drain\n|-ability|p2b: Gastrodon|Storm Drain|boost\n|-boost|p2b: Gastrodon|spa|1\n|move|p2a: Chi-Yu|Heat Wave|p1a: Torkoal|[spread] p1a\n|-miss|p2a: Chi-Yu|p1b: Walking Wake\n|-resisted|p1a: Torkoal\n|-damage|p1a: Torkoal|27\/100\n|move|p1a: Torkoal|Yawn|p2a: Chi-Yu\n|-start|p2a: Chi-Yu|move: Yawn|[of] p1a: Torkoal\n|\n|-weather|SunnyDay|[upkeep]\n|-heal|p1a: Torkoal|33\/100|[from] item: Leftovers\n|upkeep\n|turn|2\n|\n|t:|1699256466\n|switch|p2a: Torkoal|Torkoal, M|100\/100\n|move|p1a: Torkoal|Protect|p1a: Torkoal\n|-singleturn|p1a: Torkoal|Protect\n|move|p1b: Walking Wake|Hydro Steam|p2b: Gastrodon\n|-activate|p2b: Gastrodon|ability: Storm Drain\n|-ability|p2b: Gastrodon|Storm Drain|boost\n|-boost|p2b: Gastrodon|spa|1\n|move|p2b: Gastrodon|Earth Power|p1a: Torkoal\n|-activate|p1a: Torkoal|move: Protect\n|\n|-weather|SunnyDay|[upkeep]\n|-heal|p1a: Torkoal|39\/100|[from] item: Leftovers\n|upkeep\n|turn|3\n|inactive|DABOMBA69 has 120 seconds left.\n|\n|t:|1699256505\n|-end|p1b: Walking Wake|Protosynthesis|[silent]\n|switch|p1b: Ursaluna|Ursaluna-Bloodmoon, M|100\/100\n|move|p2b: Gastrodon|Earth Power|p1a: Torkoal\n|-supereffective|p1a: Torkoal\n|-damage|p1a: Torkoal|0 fnt\n|faint|p1a: Torkoal\n|move|p2a: Torkoal|Stealth Rock|p1b: Ursaluna\n|-sidestart|p1: DABOMBA69|move: Stealth Rock\n|\n|-weather|SunnyDay|[upkeep]\n|upkeep\n|inactive|DABOMBA69 has 90 seconds left.\n|\n|t:|1699256536\n|switch|p1a: Flutter Mane|Flutter Mane|100\/100\n|-damage|p1a: Flutter Mane|88\/100|[from] Stealth Rock\n|-activate|p1a: Flutter Mane|ability: Protosynthesis\n|-start|p1a: Flutter Mane|protosynthesisspe\n|-item|p1a: Flutter Mane|Air Balloon\n|turn|4\n|\n|t:|1699256550\n|switch|p2b: Coalossal|Coalossal, F|100\/100\n|move|p1a: Flutter Mane|Dazzling Gleam|p2b: Coalossal|[spread] p2a,p2b\n|-resisted|p2a: Torkoal\n|-resisted|p2b: Coalossal\n|-damage|p2a: Torkoal|80\/100\n|-damage|p2b: Coalossal|86\/100\n|move|p1b: Ursaluna|Calm Mind|p1b: Ursaluna\n|-boost|p1b: Ursaluna|spa|1\n|-boost|p1b: Ursaluna|spd|1\n|move|p2a: Torkoal|Heat Wave|p1a: Flutter Mane|[spread] p1a,p1b\n|-damage|p1a: Flutter Mane|33\/100\n|-damage|p1b: Ursaluna|52\/100\n|-enditem|p1a: Flutter Mane|Air Balloon\n|\n|-weather|SunnyDay|[upkeep]\n|upkeep\n|turn|5\n|inactive|DABOMBA69 has 120 seconds left.\n|\n|t:|1699256576\n|move|p1a: Flutter Mane|Shadow Ball|p2a: Torkoal\n|-crit|p2a: Torkoal\n|-damage|p2a: Torkoal|0 fnt\n|faint|p2a: Torkoal\n|move|p1b: Ursaluna|Earth Power|p2b: Coalossal\n|-supereffective|p2b: Coalossal\n|-damage|p2b: Coalossal|0 fnt\n|faint|p2b: Coalossal\n|\n|-weather|none\n|-end|p1a: Flutter Mane|Protosynthesis\n|upkeep\n|\n|t:|1699256585\n|switch|p2b: Volcarona|Volcarona, F|100\/100\n|switch|p2a: Chi-Yu|Chi-Yu|100\/100\n|-ability|p2a: Chi-Yu|Beads of Ruin\n|turn|6\n|inactive|DABOMBA69 has 120 seconds left.\n|\n|t:|1699256613\n|move|p1a: Flutter Mane|Dazzling Gleam|p2b: Volcarona|[spread] p2a,p2b\n|-resisted|p2b: Volcarona\n|-damage|p2a: Chi-Yu|65\/100\n|-damage|p2b: Volcarona|77\/100\n|move|p2a: Chi-Yu|Heat Wave|p1a: Flutter Mane|[spread] p1a,p1b\n|-damage|p1a: Flutter Mane|0 fnt\n|-damage|p1b: Ursaluna|2\/100\n|faint|p1a: Flutter Mane\n|-end|p1a: Flutter Mane|Protosynthesis|[silent]\n|move|p2b: Volcarona|Heat Wave|p1b: Ursaluna\n|-damage|p1b: Ursaluna|0 fnt\n|faint|p1b: Ursaluna\n|\n|upkeep\n|\n|t:|1699256630\n|switch|p1a: Iron Valiant|Iron Valiant|100\/100\n|switch|p1b: Walking Wake|Walking Wake|100\/100\n|-damage|p1a: Iron Valiant|94\/100|[from] Stealth Rock\n|-damage|p1b: Walking Wake|88\/100|[from] Stealth Rock\n|-enditem|p1a: Iron Valiant|Booster Energy\n|-activate|p1a: Iron Valiant|ability: Quark Drive|[fromitem]\n|-start|p1a: Iron Valiant|quarkdrivespe\n|turn|7\n|inactive|DABOMBA69 has 120 seconds left.\n|\n|t:|1699256648\n|switch|p2a: Gastrodon|Gastrodon, F|100\/100\n|move|p1a: Iron Valiant|Close Combat|p2a: Gastrodon\n|-damage|p2a: Gastrodon|34\/100\n|-unboost|p1a: Iron Valiant|def|1\n|-unboost|p1a: Iron Valiant|spd|1\n|move|p1b: Walking Wake|Hydro Steam|p2a: Gastrodon\n|-activate|p2a: Gastrodon|ability: Storm Drain\n|-ability|p2a: Gastrodon|Storm Drain|boost\n|-boost|p2a: Gastrodon|spa|1\n|move|p2b: Volcarona|Quiver Dance|p2b: Volcarona\n|-boost|p2b: Volcarona|spa|1\n|-boost|p2b: Volcarona|spd|1\n|-boost|p2b: Volcarona|spe|1\n|\n|-heal|p2a: Gastrodon|40\/100|[from] item: Leftovers\n|upkeep\n|turn|8\n|inactive|DABOMBA69 has 120 seconds left.\n|\n|t:|1699256675\n|move|p1a: Iron Valiant|Knock Off|p2b: Volcarona\n|-damage|p2b: Volcarona|25\/100\n|-enditem|p2b: Volcarona|Focus Sash|[from] move: Knock Off|[of] p1a: Iron Valiant\n|move|p2b: Volcarona|Bug Buzz|p1b: Walking Wake\n|-damage|p1b: Walking Wake|0 fnt\n|faint|p1b: Walking Wake\n|-end|p1b: Walking Wake|Protosynthesis|[silent]\n|move|p2a: Gastrodon|Recover|p2a: Gastrodon\n|-heal|p2a: Gastrodon|90\/100\n|\n|-heal|p2a: Gastrodon|97\/100|[from] item: Leftovers\n|upkeep\n|\n|t:|1699256687\n|switch|p1b: Gholdengo|Gholdengo|100\/100\n|-damage|p1b: Gholdengo|94\/100|[from] Stealth Rock\n|turn|9\n|inactive|DABOMBA69 has 120 seconds left.\n|\n|t:|1699256707\n|move|p1a: Iron Valiant|Knock Off|p2a: Gastrodon\n|-damage|p2a: Gastrodon|59\/100\n|-enditem|p2a: Gastrodon|Leftovers|[from] move: Knock Off|[of] p1a: Iron Valiant\n|move|p2b: Volcarona|Heat Wave|p1a: Iron Valiant|[spread] p1a,p1b\n|-supereffective|p1b: Gholdengo\n|-damage|p1a: Iron Valiant|0 fnt\n|-damage|p1b: Gholdengo|0 fnt\n|faint|p1a: Iron Valiant\n|-end|p1a: Iron Valiant|Quark Drive|[silent]\n|faint|p1b: Gholdengo\n|\n|win|Thehombre\n|raw|DABOMBA69's rating: 1041 &rarr; <strong>1029<\/strong><br \/>(-12 for losing)\n|raw|Thehombre's rating: 1143 &rarr; <strong>1161<\/strong><br \/>(+18 for winning)\n|l|\u2606DABOMBA69\n","uploadtime":1699256716,"views":7,"p1id":"dabomba69","p2id":"thehombre","formatid":"gen9doublesou","rating":1029,"private":0,"password":""}