{"id":"gen9doublesou-1969721664","p1":"days until","p2":"Vixen 4 Life","format":"[Gen 9] Doubles OU","log":"|j|\u2606days until\n|j|\u2606Vixen 4 Life\n|t:|1697560361\n|gametype|doubles\n|player|p1|days until|volkner|1389\n|player|p2|Vixen 4 Life|penny|1497\n|teamsize|p1|6\n|teamsize|p2|6\n|gen|9\n|tier|[Gen 9] Doubles OU\n|rated|\n|rule|Species Clause: Limit one of each Pok\u00e9mon\n|rule|OHKO Clause: OHKO moves are banned\n|rule|Evasion Moves Clause: Evasion moves are banned\n|rule|Gravity Sleep Clause: The combination of sleep-inducing moves with imperfect accuracy and Gravity or Gigantamax Orbeetle are banned\n|rule|Endless Battle Clause: Forcing endless battles is banned\n|rule|HP Percentage Mod: HP is shown in percentages\n|clearpoke\n|poke|p1|Weezing, M|\n|poke|p1|Iron Hands|\n|poke|p1|Sinistcha-Masterpiece|\n|poke|p1|Landorus-Therian, M|\n|poke|p1|Ogerpon-Hearthflame, F|\n|poke|p1|Roaring Moon|\n|poke|p2|Okidogi, M|\n|poke|p2|Gholdengo|\n|poke|p2|Rillaboom, F|\n|poke|p2|Fezandipiti, M|\n|poke|p2|Iron Hands|\n|poke|p2|Gyarados, F|\n|teampreview\n|inactive|Battle timer is ON: inactive players will automatically lose when time's up. (requested by days until)\n|inactive|days until has 120 seconds left.\n|\n|t:|1697560402\n|start\n|switch|p1a: Weezing|Weezing, M|100\/100\n|switch|p1b: Roaring Moon|Roaring Moon|100\/100\n|switch|p2a: Gyarados|Gyarados, F|100\/100\n|switch|p2b: Rillaboom|Rillaboom, F|100\/100\n|-ability|p1a: Weezing|Neutralizing Gas\n|-enditem|p1b: Roaring Moon|Booster Energy\n|-activate|p1b: Roaring Moon|ability: Protosynthesis|[fromitem]\n|-start|p1b: Roaring Moon|protosynthesisspe\n|turn|1\n|\n|t:|1697560419\n|move|p1b: Roaring Moon|Tailwind|p1b: Roaring Moon\n|-sidestart|p1: days until|move: Tailwind\n|move|p1a: Weezing|Will-O-Wisp|p2a: Gyarados\n|-status|p2a: Gyarados|brn\n|move|p2a: Gyarados|Thunder Wave|p1b: Roaring Moon\n|-status|p1b: Roaring Moon|par\n|move|p2b: Rillaboom|Substitute|p2b: Rillaboom\n|-start|p2b: Rillaboom|Substitute\n|-damage|p2b: Rillaboom|75\/100\n|\n|-heal|p2b: Rillaboom|82\/100|[from] item: Leftovers\n|-damage|p2a: Gyarados|94\/100 brn|[from] brn\n|upkeep\n|turn|2\n|\n|t:|1697560438\n|move|p1b: Roaring Moon|Breaking Swipe|p2a: Gyarados|[spread] p2a,p2b\n|-activate|p2b: Rillaboom|move: Substitute|[damage]\n|-damage|p2a: Gyarados|68\/100 brn\n|-unboost|p2a: Gyarados|atk|1\n|move|p1a: Weezing|Sludge Bomb|p2b: Rillaboom\n|-supereffective|p2b: Rillaboom\n|-end|p2b: Rillaboom|Substitute\n|move|p2a: Gyarados|Thunder Wave|p1a: Weezing|[miss]\n|-miss|p2a: Gyarados|p1a: Weezing\n|move|p2b: Rillaboom|Leech Seed|p1b: Roaring Moon\n|-start|p1b: Roaring Moon|move: Leech Seed\n|\n|-heal|p2b: Rillaboom|88\/100|[from] item: Leftovers\n|-damage|p1b: Roaring Moon|88\/100 par|[from] Leech Seed|[of] p2b: Rillaboom\n|-heal|p2b: Rillaboom|99\/100|[silent]\n|-damage|p2a: Gyarados|62\/100 brn|[from] brn\n|upkeep\n|turn|3\n|\n|t:|1697560458\n|move|p1b: Roaring Moon|Knock Off|p2a: Gyarados\n|-damage|p2a: Gyarados|5\/100 brn\n|-enditem|p2a: Gyarados|Safety Goggles|[from] move: Knock Off|[of] p1b: Roaring Moon\n|move|p1a: Weezing|Will-O-Wisp|p2b: Rillaboom\n|-status|p2b: Rillaboom|brn\n|move|p2a: Gyarados|Thunder Wave|p1a: Weezing\n|-status|p1a: Weezing|par\n|move|p2b: Rillaboom|Leech Seed|p1a: Weezing|[miss]\n|-miss|p2b: Rillaboom|p1a: Weezing\n|\n|-heal|p2b: Rillaboom|100\/100 brn|[from] item: Leftovers\n|-damage|p1b: Roaring Moon|75\/100 par|[from] Leech Seed|[of] p2b: Rillaboom\n|-damage|p2a: Gyarados|0 fnt|[from] brn\n|faint|p2a: Gyarados\n|-damage|p2b: Rillaboom|94\/100 brn|[from] brn\n|upkeep\n|\n|t:|1697560471\n|switch|p2a: Fezandipiti|Fezandipiti, M|100\/100\n|turn|4\n|\n|t:|1697560485\n|move|p1b: Roaring Moon|Knock Off|p2a: Fezandipiti\n|-resisted|p2a: Fezandipiti\n|-damage|p2a: Fezandipiti|72\/100\n|-enditem|p2a: Fezandipiti|Covert Cloak|[from] move: Knock Off|[of] p1b: Roaring Moon\n|move|p2a: Fezandipiti|Tailwind|p2a: Fezandipiti\n|-sidestart|p2: Vixen 4 Life|move: Tailwind\n|move|p2b: Rillaboom|Leech Seed|p1a: Weezing\n|-start|p1a: Weezing|move: Leech Seed\n|cant|p1a: Weezing|par\n|\n|-heal|p2b: Rillaboom|100\/100 brn|[from] item: Leftovers\n|-damage|p1b: Roaring Moon|63\/100 par|[from] Leech Seed|[of] p2b: Rillaboom\n|-damage|p1a: Weezing|88\/100 par|[from] Leech Seed|[of] p2b: Rillaboom\n|-damage|p2b: Rillaboom|94\/100 brn|[from] brn\n|-sideend|p1: days until|move: Tailwind\n|upkeep\n|turn|5\n|\n|t:|1697560514\n|-end|p1a: Weezing|ability: Neutralizing Gas\n|-fieldstart|move: Grassy Terrain|[from] ability: Grassy Surge|[of] p2b: Rillaboom\n|switch|p1a: Sinistcha|Sinistcha-Masterpiece|100\/100\n|-heal|p1b: Roaring Moon|88\/100 par|[from] ability: Hospitality|[of] p1a: Sinistcha\n|move|p2a: Fezandipiti|Dazzling Gleam|p1b: Roaring Moon|[spread] p1a,p1b\n|-supereffective|p1b: Roaring Moon\n|-damage|p1a: Sinistcha|84\/100\n|-damage|p1b: Roaring Moon|28\/100 par\n|move|p2b: Rillaboom|Substitute|p2b: Rillaboom\n|-start|p2b: Rillaboom|Substitute\n|-damage|p2b: Rillaboom|69\/100 brn\n|cant|p1b: Roaring Moon|par\n|\n|-heal|p2a: Fezandipiti|79\/100|[from] Grassy Terrain\n|-heal|p2b: Rillaboom|75\/100 brn|[from] Grassy Terrain\n|-heal|p2b: Rillaboom|82\/100 brn|[from] item: Leftovers\n|-heal|p1b: Roaring Moon|34\/100 par|[from] Grassy Terrain\n|-heal|p1a: Sinistcha|90\/100|[from] Grassy Terrain\n|-damage|p1b: Roaring Moon|22\/100 par|[from] Leech Seed|[of] p2b: Rillaboom\n|-heal|p2b: Rillaboom|93\/100 brn|[silent]\n|-damage|p2b: Rillaboom|87\/100 brn|[from] brn\n|upkeep\n|turn|6\n|inactive|days until has 120 seconds left.\n|\n|t:|1697560551\n|move|p2a: Fezandipiti|Dazzling Gleam|p1a: Sinistcha|[spread] p1a,p1b\n|-supereffective|p1b: Roaring Moon\n|-damage|p1a: Sinistcha|72\/100\n|-damage|p1b: Roaring Moon|0 fnt\n|faint|p1b: Roaring Moon\n|-end|p1b: Roaring Moon|Protosynthesis|[silent]\n|move|p2b: Rillaboom|Leech Seed|p1a: Sinistcha\n|-immune|p1a: Sinistcha\n|move|p1a: Sinistcha|Matcha Gotcha|p2a: Fezandipiti|[spread] p2a,p2b\n|-resisted|p2b: Rillaboom\n|-activate|p2b: Rillaboom|move: Substitute|[damage]\n|-heal|p1a: Sinistcha|84\/100|[from] drain|[of] p2b: Rillaboom\n|-resisted|p2a: Fezandipiti\n|-damage|p2a: Fezandipiti|66\/100\n|-heal|p1a: Sinistcha|91\/100|[from] drain|[of] p2a: Fezandipiti\n|\n|-heal|p2a: Fezandipiti|72\/100|[from] Grassy Terrain\n|-heal|p2b: Rillaboom|93\/100 brn|[from] Grassy Terrain\n|-heal|p2b: Rillaboom|99\/100 brn|[from] item: Leftovers\n|-heal|p1a: Sinistcha|97\/100|[from] Grassy Terrain\n|-damage|p2b: Rillaboom|93\/100 brn|[from] brn\n|upkeep\n|\n|t:|1697560560\n|switch|p1b: Landorus|Landorus-Therian, M|100\/100\n|-ability|p1b: Landorus|Intimidate|boost\n|-unboost|p2a: Fezandipiti|atk|1\n|-immune|p2b: Rillaboom\n|turn|7\n|\n|t:|1697560567\n|move|p2a: Fezandipiti|Icy Wind|p1b: Landorus|[spread] p1a,p1b\n|-supereffective|p1a: Sinistcha\n|-supereffective|p1b: Landorus\n|-damage|p1a: Sinistcha|81\/100\n|-damage|p1b: Landorus|67\/100\n|-unboost|p1a: Sinistcha|spe|1\n|-unboost|p1b: Landorus|spe|1\n|move|p2b: Rillaboom|Leech Seed|p1b: Landorus\n|-start|p1b: Landorus|move: Leech Seed\n|move|p1b: Landorus|Stomping Tantrum|p2a: Fezandipiti\n|-supereffective|p2a: Fezandipiti\n|-damage|p2a: Fezandipiti|0 fnt\n|faint|p2a: Fezandipiti\n|move|p1a: Sinistcha|Calm Mind|p1a: Sinistcha\n|-boost|p1a: Sinistcha|spa|1\n|-boost|p1a: Sinistcha|spd|1\n|\n|-heal|p2b: Rillaboom|99\/100 brn|[from] Grassy Terrain\n|-heal|p2b: Rillaboom|100\/100 brn|[from] item: Leftovers\n|-heal|p1a: Sinistcha|87\/100|[from] Grassy Terrain\n|-damage|p1b: Landorus|54\/100|[from] Leech Seed|[of] p2b: Rillaboom\n|-damage|p2b: Rillaboom|94\/100 brn|[from] brn\n|-sideend|p2: Vixen 4 Life|move: Tailwind\n|upkeep\n|\n|t:|1697560585\n|switch|p2a: Gholdengo|Gholdengo|100\/100\n|turn|8\n|\n|t:|1697560606\n|-terastallize|p2a: Gholdengo|Flying\n|move|p2b: Rillaboom|Grassy Glide|p1b: Landorus\n|-damage|p1b: Landorus|34\/100\n|move|p1b: Landorus|Stomping Tantrum|p2a: Gholdengo\n|-immune|p2a: Gholdengo\n|move|p2a: Gholdengo|Nasty Plot|p2a: Gholdengo\n|-boost|p2a: Gholdengo|spa|2\n|move|p1a: Sinistcha|Matcha Gotcha|p2a: Gholdengo|[spread] p2a,p2b\n|-resisted|p2b: Rillaboom\n|-end|p2b: Rillaboom|Substitute\n|-heal|p1a: Sinistcha|91\/100|[from] drain|[of] p2b: Rillaboom\n|-resisted|p2a: Gholdengo\n|-damage|p2a: Gholdengo|77\/100\n|-heal|p1a: Sinistcha|100\/100|[from] drain|[of] p2a: Gholdengo\n|\n|-heal|p2b: Rillaboom|100\/100 brn|[from] Grassy Terrain\n|-heal|p2a: Gholdengo|83\/100|[from] item: Leftovers\n|-damage|p1b: Landorus|22\/100|[from] Leech Seed|[of] p2b: Rillaboom\n|-damage|p2b: Rillaboom|94\/100 brn|[from] brn\n|upkeep\n|turn|9\n|\n|t:|1697560632\n|switch|p1b: Iron Hands|Iron Hands|100\/100\n|move|p2b: Rillaboom|Substitute|p2b: Rillaboom\n|-start|p2b: Rillaboom|Substitute\n|-damage|p2b: Rillaboom|69\/100 brn\n|move|p2a: Gholdengo|Shadow Ball|p1a: Sinistcha\n|-supereffective|p1a: Sinistcha\n|-damage|p1a: Sinistcha|0 fnt\n|faint|p1a: Sinistcha\n|\n|-heal|p2b: Rillaboom|75\/100 brn|[from] Grassy Terrain\n|-heal|p2b: Rillaboom|82\/100 brn|[from] item: Leftovers\n|-heal|p2a: Gholdengo|89\/100|[from] item: Leftovers\n|-damage|p2b: Rillaboom|75\/100 brn|[from] brn\n|-fieldend|move: Grassy Terrain\n|upkeep\n|inactive|days until has 120 seconds left.\n|\n|t:|1697560645\n|switch|p1a: Ogerpon|Ogerpon-Hearthflame, F|100\/100\n|-ability|p1a: Ogerpon|Mold Breaker\n|turn|10\n|\n|t:|1697560654\n|move|p1a: Ogerpon|Spiky Shield|p1a: Ogerpon\n|-singleturn|p1a: Ogerpon|move: Protect\n|move|p2b: Rillaboom|Leech Seed|p1b: Iron Hands\n|-start|p1b: Iron Hands|move: Leech Seed\n|move|p2a: Gholdengo|Make It Rain|p1a: Ogerpon|[spread] p1b\n|-activate|p1a: Ogerpon|move: Protect\n|-resisted|p1b: Iron Hands\n|-damage|p1b: Iron Hands|73\/100\n|-unboost|p2a: Gholdengo|spa|1\n|move|p1b: Iron Hands|Wild Charge|p2a: Gholdengo\n|-supereffective|p2a: Gholdengo\n|-damage|p2a: Gholdengo|0 fnt\n|faint|p2a: Gholdengo\n|-damage|p1b: Iron Hands|57\/100|[from] Recoil\n|\n|-heal|p2b: Rillaboom|82\/100 brn|[from] item: Leftovers\n|-damage|p1b: Iron Hands|45\/100|[from] Leech Seed|[of] p2b: Rillaboom\n|-heal|p2b: Rillaboom|97\/100 brn|[silent]\n|-damage|p2b: Rillaboom|91\/100 brn|[from] brn\n|upkeep\n|\n|t:|1697560669\n|switch|p2a: Okidogi|Okidogi, M|100\/100\n|turn|11\n|\n|t:|1697560696\n|move|p1a: Ogerpon|Stomping Tantrum|p2a: Okidogi\n|-supereffective|p2a: Okidogi\n|-damage|p2a: Okidogi|44\/100\n|move|p2a: Okidogi|Bulk Up|p2a: Okidogi\n|-boost|p2a: Okidogi|atk|1\n|-boost|p2a: Okidogi|def|1\n|move|p2b: Rillaboom|High Horsepower|p1a: Ogerpon\n|-damage|p1a: Ogerpon|79\/100\n|move|p1b: Iron Hands|Wild Charge|p2a: Okidogi\n|-damage|p2a: Okidogi|17\/100\n|-damage|p1b: Iron Hands|40\/100|[from] Recoil\n|\n|-heal|p2a: Okidogi|23\/100|[from] item: Leftovers\n|-heal|p2b: Rillaboom|97\/100 brn|[from] item: Leftovers\n|-damage|p1b: Iron Hands|27\/100|[from] Leech Seed|[of] p2b: Rillaboom\n|-heal|p2b: Rillaboom|100\/100 brn|[silent]\n|-damage|p2b: Rillaboom|94\/100 brn|[from] brn\n|upkeep\n|turn|12\n|\n|t:|1697560721\n|-end|p1b: Iron Hands|Quark Drive|[silent]\n|switch|p1b: Weezing|Weezing, M|88\/100 par\n|-ability|p1b: Weezing|Neutralizing Gas\n|move|p2a: Okidogi|Protect|p2a: Okidogi\n|-singleturn|p2a: Okidogi|Protect\n|move|p1a: Ogerpon|Ivy Cudgel|p2a: Okidogi\n|-activate|p2a: Okidogi|move: Protect\n|move|p2b: Rillaboom|Leech Seed|p1a: Ogerpon\n|-immune|p1a: Ogerpon\n|\n|-heal|p2a: Okidogi|29\/100|[from] item: Leftovers\n|-heal|p2b: Rillaboom|100\/100 brn|[from] item: Leftovers\n|-heal|p1b: Weezing|94\/100 par|[from] item: Leftovers\n|-damage|p2b: Rillaboom|94\/100 brn|[from] brn\n|upkeep\n|turn|13\n|\n|t:|1697560734\n|switch|p2a: Iron Hands|Iron Hands|100\/100\n|move|p1a: Ogerpon|Ivy Cudgel|p2a: Iron Hands\n|-damage|p2a: Iron Hands|57\/100\n|move|p2b: Rillaboom|Leech Seed|p1b: Weezing|[miss]\n|-miss|p2b: Rillaboom|p1b: Weezing\n|cant|p1b: Weezing|par\n|\n|-heal|p2b: Rillaboom|100\/100 brn|[from] item: Leftovers\n|-heal|p1b: Weezing|99\/100 par|[from] item: Leftovers\n|-damage|p2b: Rillaboom|94\/100 brn|[from] brn\n|upkeep\n|turn|14\n|\n|t:|1697560751\n|-terastallize|p1a: Ogerpon|Fire\n|detailschange|p1a: Ogerpon|Ogerpon-Hearthflame-Tera, F, tera:Fire\n|move|p2a: Iron Hands|Fake Out|p1b: Weezing\n|-damage|p1b: Weezing|89\/100 par\n|move|p1a: Ogerpon|Stomping Tantrum|p2a: Iron Hands\n|-supereffective|p2a: Iron Hands\n|-damage|p2a: Iron Hands|17\/100\n|move|p2b: Rillaboom|Leech Seed|p1b: Weezing\n|-start|p1b: Weezing|move: Leech Seed\n|cant|p1b: Weezing|flinch\n|\n|-heal|p2b: Rillaboom|100\/100 brn|[from] item: Leftovers\n|-heal|p1b: Weezing|95\/100 par|[from] item: Leftovers\n|-damage|p1b: Weezing|83\/100 par|[from] Leech Seed|[of] p2b: Rillaboom\n|-damage|p2b: Rillaboom|94\/100 brn|[from] brn\n|upkeep\n|turn|15\n|\n|t:|1697560764\n|move|p1a: Ogerpon|Stomping Tantrum|p2a: Iron Hands\n|-supereffective|p2a: Iron Hands\n|-damage|p2a: Iron Hands|0 fnt\n|faint|p2a: Iron Hands\n|-end|p2a: Iron Hands|Quark Drive|[silent]\n|move|p2b: Rillaboom|Leech Seed|p1a: Ogerpon\n|-start|p1a: Ogerpon|move: Leech Seed\n|move|p1b: Weezing|Sludge Bomb|p2b: Rillaboom\n|-supereffective|p2b: Rillaboom\n|-end|p2b: Rillaboom|Substitute\n|\n|-heal|p2b: Rillaboom|100\/100 brn|[from] item: Leftovers\n|-heal|p1b: Weezing|89\/100 par|[from] item: Leftovers\n|-damage|p1a: Ogerpon|67\/100|[from] Leech Seed|[of] p2b: Rillaboom\n|-damage|p1b: Weezing|77\/100 par|[from] Leech Seed|[of] p2b: Rillaboom\n|-damage|p2b: Rillaboom|94\/100 brn|[from] brn\n|upkeep\n|\n|t:|1697560773\n|switch|p2a: Okidogi|Okidogi, M|29\/100\n|turn|16\n|\n|t:|1697560783\n|-end|p1b: Weezing|ability: Neutralizing Gas\n|-ability|p1a: Ogerpon|Embody Aspect (Hearthflame)|boost\n|-boost|p1a: Ogerpon|atk|1\n|-fieldstart|move: Grassy Terrain|[from] ability: Grassy Surge|[of] p2b: Rillaboom\n|switch|p1b: Landorus|Landorus-Therian, M|22\/100\n|-ability|p1b: Landorus|Intimidate|boost\n|-ability|p2a: Okidogi|Guard Dog|boost\n|-boost|p2a: Okidogi|atk|1\n|-unboost|p2b: Rillaboom|atk|1\n|move|p1a: Ogerpon|Ivy Cudgel|p2b: Rillaboom\n|-supereffective|p2b: Rillaboom\n|-damage|p2b: Rillaboom|0 fnt\n|faint|p2b: Rillaboom\n|move|p2a: Okidogi|Drain Punch|p1a: Ogerpon\n|-damage|p1a: Ogerpon|0 fnt\n|-heal|p2a: Okidogi|56\/100|[from] drain|[of] p1a: Ogerpon\n|faint|p1a: Ogerpon\n|\n|-heal|p2a: Okidogi|62\/100|[from] Grassy Terrain\n|-heal|p2a: Okidogi|68\/100|[from] item: Leftovers\n|upkeep\n|\n|t:|1697560802\n|switch|p1a: Weezing|Weezing, M|77\/100 par\n|-ability|p1a: Weezing|Neutralizing Gas\n|turn|17\n|\n|t:|1697560808\n|move|p2a: Okidogi|Protect|p2a: Okidogi\n|-singleturn|p2a: Okidogi|Protect\n|move|p1b: Landorus|Stomping Tantrum|p2a: Okidogi\n|-activate|p2a: Okidogi|move: Protect\n|cant|p1a: Weezing|par\n|\n|-heal|p2a: Okidogi|74\/100|[from] Grassy Terrain\n|-heal|p2a: Okidogi|80\/100|[from] item: Leftovers\n|-heal|p1a: Weezing|83\/100 par|[from] Grassy Terrain\n|-heal|p1a: Weezing|89\/100 par|[from] item: Leftovers\n|upkeep\n|turn|18\n|\n|t:|1697560819\n|move|p1b: Landorus|Stomping Tantrum|p2a: Okidogi\n|-supereffective|p2a: Okidogi\n|-damage|p2a: Okidogi|1\/100\n|move|p2a: Okidogi|Poison Jab|p1b: Landorus\n|-resisted|p1b: Landorus\n|-damage|p1b: Landorus|0 fnt\n|faint|p1b: Landorus\n|cant|p1a: Weezing|par\n|\n|-heal|p2a: Okidogi|7\/100|[from] Grassy Terrain\n|-heal|p2a: Okidogi|13\/100|[from] item: Leftovers\n|-heal|p1a: Weezing|95\/100 par|[from] Grassy Terrain\n|-heal|p1a: Weezing|100\/100 par|[from] item: Leftovers\n|upkeep\n|\n|t:|1697560822\n|switch|p1b: Iron Hands|Iron Hands|27\/100\n|turn|19\n|\n|t:|1697560832\n|move|p2a: Okidogi|Protect|p2a: Okidogi\n|-singleturn|p2a: Okidogi|Protect\n|move|p1b: Iron Hands|Fake Out|p2a: Okidogi\n|-activate|p2a: Okidogi|move: Protect\n|cant|p1a: Weezing|par\n|\n|-heal|p2a: Okidogi|19\/100|[from] Grassy Terrain\n|-heal|p2a: Okidogi|25\/100|[from] item: Leftovers\n|-heal|p1b: Iron Hands|34\/100|[from] Grassy Terrain\n|upkeep\n|turn|20\n|\n|t:|1697560850\n|move|p2a: Okidogi|Drain Punch|p1b: Iron Hands\n|-damage|p1b: Iron Hands|0 fnt\n|-heal|p2a: Okidogi|47\/100|[from] drain|[of] p1b: Iron Hands\n|faint|p1b: Iron Hands\n|-end|p1b: Iron Hands|Quark Drive|[silent]\n|move|p1a: Weezing|Will-O-Wisp|p2a: Okidogi|[miss]\n|-miss|p1a: Weezing|p2a: Okidogi\n|\n|-heal|p2a: Okidogi|53\/100|[from] Grassy Terrain\n|-heal|p2a: Okidogi|59\/100|[from] item: Leftovers\n|-fieldend|move: Grassy Terrain\n|upkeep\n|turn|21\n|c|\u2606days until|omg\n|c|\u2606days until|fr.\n|\n|t:|1697560860\n|move|p2a: Okidogi|Bulk Up|p2a: Okidogi\n|-boost|p2a: Okidogi|atk|1\n|-boost|p2a: Okidogi|def|1\n|move|p1a: Weezing|Will-O-Wisp|p2a: Okidogi\n|-status|p2a: Okidogi|brn\n|\n|-heal|p2a: Okidogi|65\/100 brn|[from] item: Leftovers\n|-damage|p2a: Okidogi|59\/100 brn|[from] brn\n|upkeep\n|turn|22\n|\n|t:|1697560865\n|move|p2a: Okidogi|Drain Punch|p1a: Weezing\n|-resisted|p1a: Weezing\n|-damage|p1a: Weezing|84\/100 par\n|-heal|p2a: Okidogi|67\/100 brn|[from] drain|[of] p1a: Weezing\n|move|p1a: Weezing|Haze|p1a: Weezing\n|-clearallboost\n|\n|-heal|p2a: Okidogi|73\/100 brn|[from] item: Leftovers\n|-heal|p1a: Weezing|90\/100 par|[from] item: Leftovers\n|-damage|p2a: Okidogi|67\/100 brn|[from] brn\n|upkeep\n|turn|23\n|\n|t:|1697560874\n|move|p2a: Okidogi|Drain Punch|p1a: Weezing\n|-resisted|p1a: Weezing\n|-damage|p1a: Weezing|82\/100 par\n|-heal|p2a: Okidogi|70\/100 brn|[from] drain|[of] p1a: Weezing\n|move|p1a: Weezing|Sludge Bomb|p2a: Okidogi\n|-resisted|p2a: Okidogi\n|-damage|p2a: Okidogi|57\/100 brn\n|\n|-heal|p2a: Okidogi|63\/100 brn|[from] item: Leftovers\n|-heal|p1a: Weezing|88\/100 par|[from] item: Leftovers\n|-damage|p2a: Okidogi|57\/100 brn|[from] brn\n|upkeep\n|turn|24\n|\n|t:|1697560886\n|move|p2a: Okidogi|Bulk Up|p2a: Okidogi\n|-boost|p2a: Okidogi|atk|1\n|-boost|p2a: Okidogi|def|1\n|move|p1a: Weezing|Sludge Bomb|p2a: Okidogi\n|-resisted|p2a: Okidogi\n|-damage|p2a: Okidogi|44\/100 brn\n|\n|-heal|p2a: Okidogi|50\/100 brn|[from] item: Leftovers\n|-heal|p1a: Weezing|94\/100 par|[from] item: Leftovers\n|-damage|p2a: Okidogi|44\/100 brn|[from] brn\n|upkeep\n|turn|25\n|\n|t:|1697560899\n|move|p2a: Okidogi|Drain Punch|p1a: Weezing\n|-resisted|p1a: Weezing\n|-damage|p1a: Weezing|82\/100 par\n|-heal|p2a: Okidogi|49\/100 brn|[from] drain|[of] p1a: Weezing\n|move|p1a: Weezing|Sludge Bomb|p2a: Okidogi\n|-resisted|p2a: Okidogi\n|-damage|p2a: Okidogi|35\/100 brn\n|\n|-heal|p2a: Okidogi|41\/100 brn|[from] item: Leftovers\n|-heal|p1a: Weezing|88\/100 par|[from] item: Leftovers\n|-damage|p2a: Okidogi|35\/100 brn|[from] brn\n|upkeep\n|turn|26\n|\n|t:|1697560911\n|move|p2a: Okidogi|Drain Punch|p1a: Weezing\n|-resisted|p1a: Weezing\n|-damage|p1a: Weezing|76\/100 par\n|-heal|p2a: Okidogi|40\/100 brn|[from] drain|[of] p1a: Weezing\n|move|p1a: Weezing|Haze|p1a: Weezing\n|-clearallboost\n|\n|-heal|p2a: Okidogi|46\/100 brn|[from] item: Leftovers\n|-heal|p1a: Weezing|82\/100 par|[from] item: Leftovers\n|-damage|p2a: Okidogi|40\/100 brn|[from] brn\n|upkeep\n|turn|27\n|\n|t:|1697560917\n|move|p2a: Okidogi|Protect|p2a: Okidogi\n|-singleturn|p2a: Okidogi|Protect\n|move|p1a: Weezing|Sludge Bomb|p2a: Okidogi\n|-activate|p2a: Okidogi|move: Protect\n|\n|-heal|p2a: Okidogi|46\/100 brn|[from] item: Leftovers\n|-heal|p1a: Weezing|88\/100 par|[from] item: Leftovers\n|-damage|p2a: Okidogi|40\/100 brn|[from] brn\n|upkeep\n|turn|28\n|\n|t:|1697560928\n|move|p2a: Okidogi|Bulk Up|p2a: Okidogi\n|-boost|p2a: Okidogi|atk|1\n|-boost|p2a: Okidogi|def|1\n|cant|p1a: Weezing|par\n|\n|-heal|p2a: Okidogi|46\/100 brn|[from] item: Leftovers\n|-heal|p1a: Weezing|94\/100 par|[from] item: Leftovers\n|-damage|p2a: Okidogi|40\/100 brn|[from] brn\n|upkeep\n|turn|29\n|\n|t:|1697560934\n|move|p2a: Okidogi|Drain Punch|p1a: Weezing\n|-resisted|p1a: Weezing\n|-damage|p1a: Weezing|82\/100 par\n|-heal|p2a: Okidogi|46\/100 brn|[from] drain|[of] p1a: Weezing\n|move|p1a: Weezing|Haze|p1a: Weezing\n|-clearallboost\n|\n|-heal|p2a: Okidogi|52\/100 brn|[from] item: Leftovers\n|-heal|p1a: Weezing|88\/100 par|[from] item: Leftovers\n|-damage|p2a: Okidogi|46\/100 brn|[from] brn\n|upkeep\n|turn|30\n|\n|t:|1697560948\n|move|p2a: Okidogi|Protect|p2a: Okidogi\n|-singleturn|p2a: Okidogi|Protect\n|cant|p1a: Weezing|par\n|\n|-heal|p2a: Okidogi|52\/100 brn|[from] item: Leftovers\n|-heal|p1a: Weezing|94\/100 par|[from] item: Leftovers\n|-damage|p2a: Okidogi|46\/100 brn|[from] brn\n|upkeep\n|turn|31\n|\n|t:|1697560956\n|move|p2a: Okidogi|Drain Punch|p1a: Weezing\n|-resisted|p1a: Weezing\n|-damage|p1a: Weezing|85\/100 par\n|-heal|p2a: Okidogi|49\/100 brn|[from] drain|[of] p1a: Weezing\n|cant|p1a: Weezing|par\n|\n|-heal|p2a: Okidogi|56\/100 brn|[from] item: Leftovers\n|-heal|p1a: Weezing|91\/100 par|[from] item: Leftovers\n|-damage|p2a: Okidogi|49\/100 brn|[from] brn\n|upkeep\n|turn|32\n|\n|t:|1697560963\n|move|p2a: Okidogi|Bulk Up|p2a: Okidogi\n|-boost|p2a: Okidogi|atk|1\n|-boost|p2a: Okidogi|def|1\n|cant|p1a: Weezing|par\n|\n|-heal|p2a: Okidogi|56\/100 brn|[from] item: Leftovers\n|-heal|p1a: Weezing|97\/100 par|[from] item: Leftovers\n|-damage|p2a: Okidogi|49\/100 brn|[from] brn\n|upkeep\n|turn|33\n|\n|t:|1697560970\n|move|p2a: Okidogi|Poison Jab|p1a: Weezing\n|-resisted|p1a: Weezing\n|-damage|p1a: Weezing|85\/100 par\n|move|p1a: Weezing|Sludge Bomb|p2a: Okidogi\n|-resisted|p2a: Okidogi\n|-damage|p2a: Okidogi|35\/100 brn\n|\n|-heal|p2a: Okidogi|41\/100 brn|[from] item: Leftovers\n|-heal|p1a: Weezing|91\/100 par|[from] item: Leftovers\n|-damage|p2a: Okidogi|35\/100 brn|[from] brn\n|upkeep\n|turn|34\n|\n|t:|1697560978\n|move|p2a: Okidogi|Drain Punch|p1a: Weezing\n|-resisted|p1a: Weezing\n|-damage|p1a: Weezing|78\/100 par\n|-heal|p2a: Okidogi|41\/100 brn|[from] drain|[of] p1a: Weezing\n|move|p1a: Weezing|Haze|p1a: Weezing\n|-clearallboost\n|\n|-heal|p2a: Okidogi|47\/100 brn|[from] item: Leftovers\n|-heal|p1a: Weezing|84\/100 par|[from] item: Leftovers\n|-damage|p2a: Okidogi|41\/100 brn|[from] brn\n|upkeep\n|turn|35\n|\n|t:|1697560986\n|move|p2a: Okidogi|Protect|p2a: Okidogi\n|-singleturn|p2a: Okidogi|Protect\n|cant|p1a: Weezing|par\n|\n|-heal|p2a: Okidogi|47\/100 brn|[from] item: Leftovers\n|-heal|p1a: Weezing|90\/100 par|[from] item: Leftovers\n|-damage|p2a: Okidogi|41\/100 brn|[from] brn\n|upkeep\n|turn|36\n|\n|t:|1697560991\n|move|p2a: Okidogi|Drain Punch|p1a: Weezing\n|-resisted|p1a: Weezing\n|-damage|p1a: Weezing|82\/100 par\n|-heal|p2a: Okidogi|44\/100 brn|[from] drain|[of] p1a: Weezing\n|move|p1a: Weezing|Sludge Bomb|p2a: Okidogi\n|-resisted|p2a: Okidogi\n|-damage|p2a: Okidogi|30\/100 brn\n|\n|-heal|p2a: Okidogi|37\/100 brn|[from] item: Leftovers\n|-heal|p1a: Weezing|88\/100 par|[from] item: Leftovers\n|-damage|p2a: Okidogi|30\/100 brn|[from] brn\n|upkeep\n|turn|37\n|c|\u2606days until|gimme crit\n|\n|t:|1697561003\n|move|p2a: Okidogi|Drain Punch|p1a: Weezing\n|-resisted|p1a: Weezing\n|-damage|p1a: Weezing|80\/100 par\n|-heal|p2a: Okidogi|34\/100 brn|[from] drain|[of] p1a: Weezing\n|move|p1a: Weezing|Sludge Bomb|p2a: Okidogi\n|-resisted|p2a: Okidogi\n|-damage|p2a: Okidogi|22\/100 brn\n|\n|-heal|p2a: Okidogi|28\/100 brn|[from] item: Leftovers\n|-heal|p1a: Weezing|86\/100 par|[from] item: Leftovers\n|-damage|p2a: Okidogi|22\/100 brn|[from] brn\n|upkeep\n|turn|38\n|\n|t:|1697561011\n|move|p2a: Okidogi|Drain Punch|p1a: Weezing\n|-resisted|p1a: Weezing\n|-damage|p1a: Weezing|78\/100 par\n|-heal|p2a: Okidogi|25\/100 brn|[from] drain|[of] p1a: Weezing\n|cant|p1a: Weezing|par\n|\n|-heal|p2a: Okidogi|32\/100 brn|[from] item: Leftovers\n|-heal|p1a: Weezing|84\/100 par|[from] item: Leftovers\n|-damage|p2a: Okidogi|25\/100 brn|[from] brn\n|upkeep\n|turn|39\n|\n|t:|1697561017\n|move|p2a: Okidogi|Protect|p2a: Okidogi\n|-singleturn|p2a: Okidogi|Protect\n|cant|p1a: Weezing|par\n|\n|-heal|p2a: Okidogi|32\/100 brn|[from] item: Leftovers\n|-heal|p1a: Weezing|90\/100 par|[from] item: Leftovers\n|-damage|p2a: Okidogi|25\/100 brn|[from] brn\n|upkeep\n|turn|40\n|\n|t:|1697561021\n|move|p2a: Okidogi|Protect||[still]\n|-fail|p2a: Okidogi\n|move|p1a: Weezing|Sludge Bomb|p2a: Okidogi\n|-resisted|p2a: Okidogi\n|-damage|p2a: Okidogi|13\/100 brn\n|\n|-heal|p2a: Okidogi|19\/100 brn|[from] item: Leftovers\n|-heal|p1a: Weezing|96\/100 par|[from] item: Leftovers\n|-damage|p2a: Okidogi|13\/100 brn|[from] brn\n|upkeep\n|turn|41\n|\n|t:|1697561030\n|move|p2a: Okidogi|Drain Punch|p1a: Weezing\n|-resisted|p1a: Weezing\n|-damage|p1a: Weezing|88\/100 par\n|-heal|p2a: Okidogi|17\/100 brn|[from] drain|[of] p1a: Weezing\n|move|p1a: Weezing|Sludge Bomb|p2a: Okidogi\n|-resisted|p2a: Okidogi\n|-damage|p2a: Okidogi|2\/100 brn\n|\n|-heal|p2a: Okidogi|8\/100 brn|[from] item: Leftovers\n|-heal|p1a: Weezing|94\/100 par|[from] item: Leftovers\n|-damage|p2a: Okidogi|2\/100 brn|[from] brn\n|upkeep\n|turn|42\n|c|\u2606days until|lets gooooooooooooooo\n|\n|t:|1697561038\n|move|p2a: Okidogi|Drain Punch|p1a: Weezing\n|-resisted|p1a: Weezing\n|-damage|p1a: Weezing|86\/100 par\n|-heal|p2a: Okidogi|6\/100 brn|[from] drain|[of] p1a: Weezing\n|cant|p1a: Weezing|par\n|\n|-heal|p2a: Okidogi|12\/100 brn|[from] item: Leftovers\n|-heal|p1a: Weezing|92\/100 par|[from] item: Leftovers\n|-damage|p2a: Okidogi|6\/100 brn|[from] brn\n|upkeep\n|turn|43\n|c|\u2606days until|sike\n|\n|t:|1697561048\n|move|p2a: Okidogi|Protect|p2a: Okidogi\n|-singleturn|p2a: Okidogi|Protect\n|move|p1a: Weezing|Pain Split|p2a: Okidogi\n|-activate|p2a: Okidogi|move: Protect\n|\n|-heal|p2a: Okidogi|12\/100 brn|[from] item: Leftovers\n|-heal|p1a: Weezing|98\/100 par|[from] item: Leftovers\n|-damage|p2a: Okidogi|6\/100 brn|[from] brn\n|upkeep\n|turn|44\n|c|\u2606days until|come back here\n|\n|t:|1697561054\n|move|p2a: Okidogi|Drain Punch|p1a: Weezing\n|-resisted|p1a: Weezing\n|-damage|p1a: Weezing|90\/100 par\n|-heal|p2a: Okidogi|9\/100 brn|[from] drain|[of] p1a: Weezing\n|cant|p1a: Weezing|par\n|\n|-heal|p2a: Okidogi|15\/100 brn|[from] item: Leftovers\n|-heal|p1a: Weezing|96\/100 par|[from] item: Leftovers\n|-damage|p2a: Okidogi|9\/100 brn|[from] brn\n|upkeep\n|turn|45\n|\n|t:|1697561062\n|move|p2a: Okidogi|Bulk Up|p2a: Okidogi\n|-boost|p2a: Okidogi|atk|1\n|-boost|p2a: Okidogi|def|1\n|move|p1a: Weezing|Pain Split|p2a: Okidogi\n|-sethp|p2a: Okidogi|47\/100 brn|[from] move: Pain Split|[silent]\n|-sethp|p1a: Weezing|53\/100 par|[from] move: Pain Split\n|\n|-heal|p2a: Okidogi|53\/100 brn|[from] item: Leftovers\n|-heal|p1a: Weezing|59\/100 par|[from] item: Leftovers\n|-damage|p2a: Okidogi|47\/100 brn|[from] brn\n|upkeep\n|turn|46\n|\n|t:|1697561069\n|move|p2a: Okidogi|Poison Jab|p2: Rillaboom|[notarget]\n|-fail|p2a: Okidogi\n|move|p1a: Weezing|Sludge Bomb|p2a: Okidogi\n|-resisted|p2a: Okidogi\n|-damage|p2a: Okidogi|34\/100 brn\n|\n|-heal|p2a: Okidogi|40\/100 brn|[from] item: Leftovers\n|-heal|p1a: Weezing|65\/100 par|[from] item: Leftovers\n|-damage|p2a: Okidogi|34\/100 brn|[from] brn\n|upkeep\n|turn|47\n|\n|t:|1697561078\n|move|p2a: Okidogi|Poison Jab|p1a: Weezing\n|-resisted|p1a: Weezing\n|-damage|p1a: Weezing|54\/100 par\n|move|p1a: Weezing|Haze|p1a: Weezing\n|-clearallboost\n|\n|-heal|p2a: Okidogi|40\/100 brn|[from] item: Leftovers\n|-heal|p1a: Weezing|60\/100 par|[from] item: Leftovers\n|-damage|p2a: Okidogi|34\/100 brn|[from] brn\n|upkeep\n|turn|48\n|\n|t:|1697561087\n|move|p2a: Okidogi|Drain Punch|p1a: Weezing\n|-resisted|p1a: Weezing\n|-damage|p1a: Weezing|52\/100 par\n|-heal|p2a: Okidogi|37\/100 brn|[from] drain|[of] p1a: Weezing\n|move|p1a: Weezing|Sludge Bomb|p2a: Okidogi\n|-resisted|p2a: Okidogi\n|-damage|p2a: Okidogi|24\/100 brn\n|\n|-heal|p2a: Okidogi|30\/100 brn|[from] item: Leftovers\n|-heal|p1a: Weezing|58\/100 par|[from] item: Leftovers\n|-damage|p2a: Okidogi|24\/100 brn|[from] brn\n|upkeep\n|turn|49\n|\n|t:|1697561101\n|move|p2a: Okidogi|Poison Jab|p1a: Weezing\n|-resisted|p1a: Weezing\n|-damage|p1a: Weezing|50\/100 par\n|move|p1a: Weezing|Sludge Bomb|p2a: Okidogi\n|-resisted|p2a: Okidogi\n|-damage|p2a: Okidogi|11\/100 brn\n|\n|-heal|p2a: Okidogi|17\/100 brn|[from] item: Leftovers\n|-heal|p1a: Weezing|56\/100 par|[from] item: Leftovers\n|-damage|p2a: Okidogi|11\/100 brn|[from] brn\n|upkeep\n|turn|50\n|\n|t:|1697561108\n|move|p2a: Okidogi|Protect|p2a: Okidogi\n|-singleturn|p2a: Okidogi|Protect\n|move|p1a: Weezing|Pain Split|p2a: Okidogi\n|-activate|p2a: Okidogi|move: Protect\n|\n|-heal|p2a: Okidogi|17\/100 brn|[from] item: Leftovers\n|-heal|p1a: Weezing|62\/100 par|[from] item: Leftovers\n|-damage|p2a: Okidogi|11\/100 brn|[from] brn\n|upkeep\n|turn|51\n|\n|t:|1697561114\n|move|p2a: Okidogi|Poison Jab|p1a: Weezing\n|-resisted|p1a: Weezing\n|-damage|p1a: Weezing|53\/100 par\n|move|p1a: Weezing|Pain Split|p2a: Okidogi\n|-sethp|p2a: Okidogi|28\/100 brn|[from] move: Pain Split|[silent]\n|-sethp|p1a: Weezing|32\/100 par|[from] move: Pain Split\n|\n|-heal|p2a: Okidogi|34\/100 brn|[from] item: Leftovers\n|-heal|p1a: Weezing|38\/100 par|[from] item: Leftovers\n|-damage|p2a: Okidogi|28\/100 brn|[from] brn\n|upkeep\n|turn|52\n|\n|t:|1697561119\n|move|p2a: Okidogi|Bulk Up|p2a: Okidogi\n|-boost|p2a: Okidogi|atk|1\n|-boost|p2a: Okidogi|def|1\n|cant|p1a: Weezing|par\n|\n|-heal|p2a: Okidogi|34\/100 brn|[from] item: Leftovers\n|-heal|p1a: Weezing|44\/100 par|[from] item: Leftovers\n|-damage|p2a: Okidogi|28\/100 brn|[from] brn\n|upkeep\n|turn|53\n|\n|t:|1697561128\n|move|p2a: Okidogi|Poison Jab|p1a: Weezing\n|-resisted|p1a: Weezing\n|-damage|p1a: Weezing|31\/100 par\n|move|p1a: Weezing|Haze|p1a: Weezing\n|-clearallboost\n|\n|-heal|p2a: Okidogi|34\/100 brn|[from] item: Leftovers\n|-heal|p1a: Weezing|37\/100 par|[from] item: Leftovers\n|-damage|p2a: Okidogi|28\/100 brn|[from] brn\n|upkeep\n|turn|54\n|\n|t:|1697561134\n|move|p2a: Okidogi|Bulk Up|p2a: Okidogi\n|-boost|p2a: Okidogi|atk|1\n|-boost|p2a: Okidogi|def|1\n|move|p1a: Weezing|Sludge Bomb|p2a: Okidogi\n|-resisted|p2a: Okidogi\n|-damage|p2a: Okidogi|15\/100 brn\n|\n|-heal|p2a: Okidogi|21\/100 brn|[from] item: Leftovers\n|-heal|p1a: Weezing|43\/100 par|[from] item: Leftovers\n|-damage|p2a: Okidogi|15\/100 brn|[from] brn\n|upkeep\n|turn|55\n|\n|t:|1697561140\n|move|p2a: Okidogi|Poison Jab|p1a: Weezing\n|-resisted|p1a: Weezing\n|-damage|p1a: Weezing|30\/100 par\n|move|p1a: Weezing|Sludge Bomb|p2a: Okidogi\n|-resisted|p2a: Okidogi\n|-damage|p2a: Okidogi|1\/100 brn\n|\n|-heal|p2a: Okidogi|7\/100 brn|[from] item: Leftovers\n|-heal|p1a: Weezing|36\/100 par|[from] item: Leftovers\n|-damage|p2a: Okidogi|1\/100 brn|[from] brn\n|upkeep\n|turn|56\n|\n|t:|1697561149\n|move|p2a: Okidogi|Poison Jab|p1a: Weezing\n|-resisted|p1a: Weezing\n|-damage|p1a: Weezing|23\/100 par\n|move|p1a: Weezing|Will-O-Wisp|p2a: Okidogi\n|-fail|p2a: Okidogi|brn\n|\n|-heal|p2a: Okidogi|7\/100 brn|[from] item: Leftovers\n|-heal|p1a: Weezing|29\/100 par|[from] item: Leftovers\n|-damage|p2a: Okidogi|1\/100 brn|[from] brn\n|upkeep\n|turn|57\n|\n|t:|1697561154\n|move|p2a: Okidogi|Poison Jab|p1a: Weezing\n|-resisted|p1a: Weezing\n|-damage|p1a: Weezing|16\/100 par\n|cant|p1a: Weezing|par\n|\n|-heal|p2a: Okidogi|7\/100 brn|[from] item: Leftovers\n|-heal|p1a: Weezing|22\/100 par|[from] item: Leftovers\n|-damage|p2a: Okidogi|1\/100 brn|[from] brn\n|upkeep\n|turn|58\n|\n|t:|1697561163\n|move|p2a: Okidogi|Poison Jab|p1a: Weezing\n|-resisted|p1a: Weezing\n|-damage|p1a: Weezing|9\/100 par\n|move|p1a: Weezing|Haze|p1a: Weezing\n|-clearallboost\n|\n|-heal|p2a: Okidogi|7\/100 brn|[from] item: Leftovers\n|-heal|p1a: Weezing|15\/100 par|[from] item: Leftovers\n|-damage|p2a: Okidogi|1\/100 brn|[from] brn\n|upkeep\n|turn|59\n|\n|t:|1697561169\n|move|p2a: Okidogi|Bulk Up|p2a: Okidogi\n|-boost|p2a: Okidogi|atk|1\n|-boost|p2a: Okidogi|def|1\n|move|p1a: Weezing|Will-O-Wisp|p2a: Okidogi|[miss]\n|-miss|p1a: Weezing|p2a: Okidogi\n|\n|-heal|p2a: Okidogi|7\/100 brn|[from] item: Leftovers\n|-heal|p1a: Weezing|21\/100 par|[from] item: Leftovers\n|-damage|p2a: Okidogi|1\/100 brn|[from] brn\n|upkeep\n|turn|60\n|\n|t:|1697561174\n|move|p2a: Okidogi|Poison Jab|p1a: Weezing\n|-resisted|p1a: Weezing\n|-damage|p1a: Weezing|7\/100 par\n|cant|p1a: Weezing|par\n|\n|-heal|p2a: Okidogi|7\/100 brn|[from] item: Leftovers\n|-heal|p1a: Weezing|13\/100 par|[from] item: Leftovers\n|-damage|p2a: Okidogi|1\/100 brn|[from] brn\n|upkeep\n|turn|61\n|c|\u2606days until|HAHAHAHAHA\n|c|\u2606days until|IM DEAD\n|\n|t:|1697561183\n|move|p2a: Okidogi|Poison Jab|p1a: Weezing\n|-resisted|p1a: Weezing\n|-damage|p1a: Weezing|0 fnt\n|faint|p1a: Weezing\n|-end|p1a: Weezing|ability: Neutralizing Gas\n|\n|win|Vixen 4 Life\n|raw|days until's rating: 1389 &rarr; <strong>1375<\/strong><br \/>(-14 for losing)\n|raw|Vixen 4 Life's rating: 1497 &rarr; <strong>1511<\/strong><br \/>(+14 for winning)\n|c|\u2606Vixen 4 Life|Okidogi has the dog in him.\n|c|\u2606days until|\ud83d\udc80\ud83d\udc80\ud83d\udc80\ud83d\udc80\ud83d\udc80\ud83d\udc80\ud83d\udc80\n|l|\u2606days until\n","uploadtime":1697561207,"views":26,"p1id":"daysuntil","p2id":"vixen4life","formatid":"gen9doublesou","rating":1375,"private":0,"password":""}