{"id":"gen9doublesou-1970757462","p1":"Shadow Ballers","p2":"SigmaAlb","format":"[Gen 9] Doubles OU","log":"|j|\u2606Shadow Ballers\n|j|\u2606SigmaAlb\n|t:|1697664303\n|gametype|doubles\n|player|p1|Shadow Ballers|blaine|1322\n|player|p2|SigmaAlb|n-masters|1405\n|teamsize|p1|6\n|teamsize|p2|6\n|gen|9\n|tier|[Gen 9] Doubles OU\n|rated|\n|rule|Species Clause: Limit one of each Pok\u00e9mon\n|rule|OHKO Clause: OHKO moves are banned\n|rule|Evasion Moves Clause: Evasion moves are banned\n|rule|Gravity Sleep Clause: The combination of sleep-inducing moves with imperfect accuracy and Gravity or Gigantamax Orbeetle are banned\n|rule|Endless Battle Clause: Forcing endless battles is banned\n|rule|HP Percentage Mod: HP is shown in percentages\n|clearpoke\n|poke|p1|Talonflame, F|\n|poke|p1|Iron Hands|\n|poke|p1|Bruxish, M|\n|poke|p1|Weezing-Galar, F|\n|poke|p1|Ursaluna-Bloodmoon, M|\n|poke|p1|Sinistcha|\n|poke|p2|Flutter Mane|\n|poke|p2|Landorus-Therian, M|\n|poke|p2|Iron Hands|\n|poke|p2|Cresselia, F|\n|poke|p2|Heatran, M|\n|poke|p2|Ogerpon-Wellspring, F|\n|teampreview\n|\n|t:|1697664311\n|start\n|switch|p1a: Bruxish|Bruxish, M, shiny|100\/100\n|switch|p1b: Weezing|Weezing-Galar, F, shiny|100\/100\n|switch|p2a: Landorus|Landorus-Therian, M|100\/100\n|switch|p2b: Ogerpon|Ogerpon-Wellspring, F|100\/100\n|-ability|p1b: Weezing|Neutralizing Gas\n|-block|p1a: Bruxish|item: Ability Shield\n|turn|1\n|\n|t:|1697664325\n|move|p2a: Landorus|U-turn|p1a: Bruxish\n|-supereffective|p1a: Bruxish\n|-damage|p1a: Bruxish|7\/100\n|\n|t:|1697664335\n|switch|p2a: Iron Hands|Iron Hands|100\/100|[from] U-turn\n|move|p1b: Weezing|Sludge Bomb|p2b: Ogerpon\n|-supereffective|p2b: Ogerpon\n|-damage|p2b: Ogerpon|30\/100\n|move|p1a: Bruxish|Wave Crash|p2a: Iron Hands\n|-damage|p2a: Iron Hands|64\/100\n|-damage|p1a: Bruxish|0 fnt|[from] Recoil\n|faint|p1a: Bruxish\n|move|p2b: Ogerpon|Horn Leech|p1b: Weezing\n|-resisted|p1b: Weezing\n|-damage|p1b: Weezing|79\/100\n|-heal|p2b: Ogerpon|38\/100|[from] drain|[of] p1b: Weezing\n|\n|upkeep\n|\n|t:|1697664353\n|switch|p1a: Sinistcha|Sinistcha, shiny|100\/100\n|turn|2\n|\n|t:|1697664363\n|move|p2a: Iron Hands|Fake Out|p1b: Weezing\n|-damage|p1b: Weezing|63\/100\n|cant|p1b: Weezing|flinch\n|move|p2b: Ogerpon|Ivy Cudgel|p1b: Weezing\n|-damage|p1b: Weezing|0 fnt\n|faint|p1b: Weezing\n|-end|p1b: Weezing|ability: Neutralizing Gas\n|move|p1a: Sinistcha|Matcha Gotcha|p2b: Ogerpon|[spread] p2a,p2b\n|-damage|p2a: Iron Hands|48\/100\n|-damage|p2b: Ogerpon|8\/100\n|\n|upkeep\n|\n|t:|1697664385\n|switch|p1b: Talonflame|Talonflame, F, shiny|100\/100\n|turn|3\n|\n|t:|1697664392\n|move|p1b: Talonflame|Protect|p1b: Talonflame\n|-singleturn|p1b: Talonflame|Protect\n|move|p2b: Ogerpon|Spiky Shield|p2b: Ogerpon\n|-singleturn|p2b: Ogerpon|move: Protect\n|move|p1a: Sinistcha|Matcha Gotcha|p2a: Iron Hands|[spread] p2a\n|-activate|p2b: Ogerpon|move: Protect\n|-damage|p2a: Iron Hands|30\/100\n|move|p2a: Iron Hands|Wild Charge|p1b: Talonflame\n|-activate|p1b: Talonflame|move: Protect\n|\n|upkeep\n|turn|4\n|\n|t:|1697664405\n|switch|p1b: Ursaluna|Ursaluna-Bloodmoon, M|100\/100\n|switch|p2b: Cresselia|Cresselia, F|100\/100\n|move|p1a: Sinistcha|Matcha Gotcha|p2a: Iron Hands|[spread] p2a,p2b\n|-crit|p2a: Iron Hands\n|-damage|p2a: Iron Hands|6\/100\n|-damage|p2b: Cresselia|78\/100\n|move|p2a: Iron Hands|Wild Charge|p1b: Ursaluna\n|-immune|p1b: Ursaluna\n|\n|upkeep\n|turn|5\n|\n|t:|1697664423\n|-end|p2a: Iron Hands|Quark Drive|[silent]\n|switch|p2a: Ogerpon|Ogerpon-Wellspring, F|8\/100\n|move|p2b: Cresselia|Lunar Blessing|p2b: Cresselia|[spread] p2a,p2b\n|-heal|p2a: Ogerpon|33\/100\n|-heal|p2b: Cresselia|100\/100\n|move|p1a: Sinistcha|Matcha Gotcha|p2a: Ogerpon|[spread] p2a,p2b\n|-damage|p2a: Ogerpon|2\/100\n|-damage|p2b: Cresselia|80\/100\n|-status|p2a: Ogerpon|brn\n|-status|p2b: Cresselia|brn\n|move|p1b: Ursaluna|Blood Moon|p2b: Cresselia\n|-damage|p2b: Cresselia|25\/100 brn\n|\n|-damage|p2a: Ogerpon|0 fnt|[from] brn\n|faint|p2a: Ogerpon\n|-damage|p2b: Cresselia|19\/100 brn|[from] brn\n|upkeep\n|\n|t:|1697664439\n|switch|p2a: Iron Hands|Iron Hands|6\/100\n|turn|6\n|\n|t:|1697664450\n|switch|p1b: Iron Hands|Iron Hands, shiny|100\/100\n|move|p2b: Cresselia|Lunar Blessing|p2b: Cresselia|[spread] p2a,p2b\n|-heal|p2a: Iron Hands|31\/100\n|-heal|p2b: Cresselia|44\/100 brn\n|-curestatus|p2b: Cresselia|brn|[msg]\n|move|p1a: Sinistcha|Shadow Ball|p2a: Iron Hands\n|-damage|p2a: Iron Hands|10\/100\n|move|p2a: Iron Hands|Drain Punch|p1b: Iron Hands\n|-damage|p1b: Iron Hands|76\/100\n|-heal|p2a: Iron Hands|24\/100|[from] drain|[of] p1b: Iron Hands\n|\n|upkeep\n|turn|7\n|\n|t:|1697664467\n|-end|p2a: Iron Hands|Quark Drive|[silent]\n|switch|p2a: Flutter Mane|Flutter Mane|100\/100\n|-enditem|p2a: Flutter Mane|Booster Energy\n|-activate|p2a: Flutter Mane|ability: Protosynthesis|[fromitem]\n|-start|p2a: Flutter Mane|protosynthesisspe\n|move|p1b: Iron Hands|Fake Out|p2b: Cresselia\n|-damage|p2b: Cresselia|31\/100\n|cant|p2b: Cresselia|flinch\n|move|p1a: Sinistcha|Shadow Ball|p2a: Flutter Mane\n|-supereffective|p2a: Flutter Mane\n|-damage|p2a: Flutter Mane|16\/100\n|\n|upkeep\n|turn|8\n|\n|t:|1697664487\n|move|p1a: Sinistcha|Protect|p1a: Sinistcha\n|-singleturn|p1a: Sinistcha|Protect\n|move|p2a: Flutter Mane|Shadow Ball|p1a: Sinistcha\n|-activate|p1a: Sinistcha|move: Protect\n|move|p2b: Cresselia|Lunar Blessing|p2b: Cresselia|[spread] p2a,p2b\n|-heal|p2a: Flutter Mane|41\/100\n|-heal|p2b: Cresselia|56\/100\n|move|p1b: Iron Hands|Wild Charge|p2a: Flutter Mane\n|-damage|p2a: Flutter Mane|0 fnt\n|faint|p2a: Flutter Mane\n|-end|p2a: Flutter Mane|Protosynthesis|[silent]\n|-damage|p1b: Iron Hands|71\/100|[from] Recoil\n|\n|upkeep\n|\n|t:|1697664498\n|switch|p2a: Heatran|Heatran, M|100\/100\n|turn|9\n|\n|t:|1697664507\n|-end|p1b: Iron Hands|Quark Drive|[silent]\n|switch|p1b: Talonflame|Talonflame, F, shiny|100\/100\n|-terastallize|p1a: Sinistcha|Rock\n|move|p2b: Cresselia|Psychic|p1b: Talonflame\n|-damage|p1b: Talonflame|56\/100\n|move|p2a: Heatran|Flamethrower|p1a: Sinistcha\n|-resisted|p1a: Sinistcha\n|-damage|p1a: Sinistcha|59\/100\n|-damage|p2a: Heatran|91\/100|[from] item: Life Orb\n|move|p1a: Sinistcha|Shadow Ball|p2b: Cresselia\n|-supereffective|p2b: Cresselia\n|-damage|p2b: Cresselia|2\/100\n|\n|upkeep\n|turn|10\n|\n|t:|1697664535\n|switch|p1a: Iron Hands|Iron Hands, shiny|71\/100\n|move|p1b: Talonflame|Brave Bird|p2b: Cresselia\n|-damage|p2b: Cresselia|0 fnt\n|faint|p2b: Cresselia\n|-damage|p1b: Talonflame|55\/100|[from] Recoil\n|-damage|p1b: Talonflame|46\/100|[from] item: Life Orb\n|move|p2a: Heatran|Earth Power|p1a: Iron Hands\n|-supereffective|p1a: Iron Hands\n|-damage|p1a: Iron Hands|20\/100\n|-damage|p2a: Heatran|81\/100|[from] item: Life Orb\n|\n|upkeep\n|\n|t:|1697664549\n|switch|p2b: Landorus|Landorus-Therian, M|100\/100\n|-ability|p2b: Landorus|Intimidate|boost\n|-unboost|p1a: Iron Hands|atk|1\n|-unboost|p1b: Talonflame|atk|1\n|turn|11\n|\n|t:|1697664559\n|move|p1a: Iron Hands|Fake Out|p2b: Landorus\n|-damage|p2b: Landorus|86\/100\n|cant|p2b: Landorus|flinch\n|move|p1b: Talonflame|Tailwind|p1b: Talonflame\n|-sidestart|p1: Shadow Ballers|move: Tailwind\n|move|p2a: Heatran|Earth Power|p1a: Iron Hands\n|-supereffective|p1a: Iron Hands\n|-damage|p1a: Iron Hands|0 fnt\n|faint|p1a: Iron Hands\n|-end|p1a: Iron Hands|Quark Drive|[silent]\n|-damage|p2a: Heatran|71\/100|[from] item: Life Orb\n|\n|upkeep\n|\n|t:|1697664574\n|switch|p1a: Ursaluna|Ursaluna-Bloodmoon, M|100\/100\n|turn|12\n|\n|t:|1697664600\n|-terastallize|p2a: Heatran|Grass\n|move|p1b: Talonflame|Protect|p1b: Talonflame\n|-singleturn|p1b: Talonflame|Protect\n|move|p2b: Landorus|Rock Tomb|p1b: Talonflame\n|-activate|p1b: Talonflame|move: Protect\n|move|p1a: Ursaluna|Earth Power|p2a: Heatran\n|-resisted|p2a: Heatran\n|-damage|p2a: Heatran|46\/100\n|move|p2a: Heatran|Earth Power|p1a: Ursaluna\n|-damage|p1a: Ursaluna|69\/100\n|-damage|p2a: Heatran|36\/100|[from] item: Life Orb\n|\n|upkeep\n|turn|13\n|\n|t:|1697664622\n|switch|p1b: Sinistcha|Sinistcha, shiny, tera:Rock|59\/100\n|-heal|p1a: Ursaluna|94\/100|[from] ability: Hospitality|[of] p1b: Sinistcha\n|move|p2b: Landorus|Rock Tomb|p1a: Ursaluna\n|-resisted|p1a: Ursaluna\n|-damage|p1a: Ursaluna|85\/100\n|-unboost|p1a: Ursaluna|spe|1\n|move|p2a: Heatran|Earth Power|p1b: Sinistcha\n|-supereffective|p1b: Sinistcha\n|-damage|p1b: Sinistcha|0 fnt\n|faint|p1b: Sinistcha\n|-damage|p2a: Heatran|27\/100|[from] item: Life Orb\n|move|p1a: Ursaluna|Hyper Voice|p2b: Landorus|[spread] p2a,p2b\n|-damage|p2a: Heatran|0 fnt\n|-damage|p2b: Landorus|36\/100\n|faint|p2a: Heatran\n|\n|upkeep\n|\n|t:|1697664641\n|switch|p2a: Iron Hands|Iron Hands|24\/100\n|switch|p1b: Talonflame|Talonflame, F, shiny|46\/100\n|turn|14\n|\n|t:|1697664663\n|move|p2a: Iron Hands|Fake Out|p1a: Ursaluna\n|-damage|p1a: Ursaluna|74\/100\n|move|p1b: Talonflame|Brave Bird|p2b: Landorus\n|-damage|p2b: Landorus|0 fnt\n|faint|p2b: Landorus\n|-damage|p1b: Talonflame|33\/100|[from] Recoil\n|-damage|p1b: Talonflame|23\/100|[from] item: Life Orb\n|cant|p1a: Ursaluna|flinch\n|\n|-sideend|p1: Shadow Ballers|move: Tailwind\n|upkeep\n|turn|15\n|-message|SigmaAlb forfeited.\n|\n|win|Shadow Ballers\n|raw|Shadow Ballers's rating: 1322 &rarr; <strong>1347<\/strong><br \/>(+25 for winning)\n|raw|SigmaAlb's rating: 1405 &rarr; <strong>1380<\/strong><br \/>(-25 for losing)\n|l|\u2606SigmaAlb\n|c|\u2606Shadow Ballers|Gg\n","uploadtime":1697664695,"views":13,"p1id":"shadowballers","p2id":"sigmaalb","formatid":"gen9doublesou","rating":1347,"private":0,"password":""}