{"id":"gen9doublesou-1996862059","p1":"teedu_111","p2":"xavion9","format":"[Gen 9] Doubles OU","log":"|j|\u2606teedu_111\n|j|\u2606xavion9\n|inactive|Battle timer is ON: inactive players will automatically lose when time's up.\n|t:|1700736957\n|gametype|doubles\n|player|p1|teedu_111|skyla|\n|player|p2|xavion9|101|\n|teamsize|p1|6\n|teamsize|p2|6\n|gen|9\n|tier|[Gen 9] Doubles OU\n|rated|Tournament battle\n|rule|Species Clause: Limit one of each Pok\u00e9mon\n|rule|OHKO Clause: OHKO moves are banned\n|rule|Evasion Moves Clause: Evasion moves are banned\n|rule|Gravity Sleep Clause: The combination of sleep-inducing moves with imperfect accuracy and Gravity or Gigantamax Orbeetle are banned\n|rule|Endless Battle Clause: Forcing endless battles is banned\n|rule|HP Percentage Mod: HP is shown in percentages\n|clearpoke\n|poke|p1|Cresselia, F|\n|poke|p1|Basculegion-F, F|\n|poke|p1|Ursaluna, L99, M|\n|poke|p1|Heatran, M|\n|poke|p1|Flutter Mane|\n|poke|p1|Amoonguss, L99, M|\n|poke|p2|Rillaboom, M|\n|poke|p2|Ogerpon-Hearthflame, F|\n|poke|p2|Chien-Pao|\n|poke|p2|Dragonite, F|\n|poke|p2|Flutter Mane|\n|poke|p2|Gholdengo|\n|teampreview\n|j|*Lady Monita \u2746\n|inactive|teedu_111 also wants the timer to be on.\n|inactive|teedu_111 has 120 seconds left.\n|inactive|xavion9 has 120 seconds left.\n|\n|t:|1700737000\n|start\n|switch|p1a: Flutter Mane|Flutter Mane, shiny|100\/100\n|switch|p1b: Amoonguss|Amoonguss, L99, M, shiny|100\/100\n|switch|p2a: Rillaboom|Rillaboom, M|100\/100\n|switch|p2b: Ogerpon|Ogerpon-Hearthflame, F|100\/100\n|-ability|p2b: Ogerpon|Mold Breaker\n|-fieldstart|move: Grassy Terrain|[from] ability: Grassy Surge|[of] p2a: Rillaboom\n|turn|1\n|j| Rotom vending\n|l| Rotom vending\n|inactive|xavion9 has 120 seconds left.\n|\n|t:|1700737037\n|switch|p2b: Gholdengo|Gholdengo|100\/100\n|switch|p1b: Basculegion|Basculegion-F, F|100\/100\n|move|p1a: Flutter Mane|Moonblast|p2b: Gholdengo\n|-resisted|p2b: Gholdengo\n|-damage|p2b: Gholdengo|64\/100\n|-unboost|p2b: Gholdengo|spa|1\n|move|p2a: Rillaboom|U-turn|p1b: Basculegion\n|-resisted|p1b: Basculegion\n|-damage|p1b: Basculegion|86\/100\n|\n|t:|1700737067\n|switch|p2a: Flutter Mane|Flutter Mane|100\/100|[from] U-turn\n|\n|-heal|p2b: Gholdengo|70\/100|[from] Grassy Terrain\n|-heal|p1b: Basculegion|92\/100|[from] Grassy Terrain\n|upkeep\n|turn|2\n|\n|t:|1700737090\n|-end|p1a: Flutter Mane|Protosynthesis|[silent]\n|switch|p1a: Ursaluna|Ursaluna, L99, M, shiny|100\/100\n|move|p2a: Flutter Mane|Shadow Ball|p1a: Ursaluna\n|-immune|p1a: Ursaluna\n|move|p2b: Gholdengo|Make It Rain|p1b: Basculegion|[spread] p1a,p1b\n|-resisted|p1b: Basculegion\n|-damage|p1a: Ursaluna|67\/100\n|-damage|p1b: Basculegion|83\/100\n|-unboost|p2b: Gholdengo|spa|1\n|move|p1b: Basculegion|Last Respects|p2a: Flutter Mane\n|-supereffective|p2a: Flutter Mane\n|-damage|p2a: Flutter Mane|0 fnt\n|faint|p2a: Flutter Mane\n|-end|p2a: Flutter Mane|Protosynthesis|[silent]\n|\n|-heal|p2b: Gholdengo|76\/100|[from] Grassy Terrain\n|-heal|p1b: Basculegion|90\/100|[from] Grassy Terrain\n|-heal|p1a: Ursaluna|73\/100|[from] Grassy Terrain\n|-heal|p1a: Ursaluna|79\/100|[from] item: Leftovers\n|upkeep\n|inactive|xavion9 has 90 seconds left.\n|\n|t:|1700737109\n|switch|p2a: Chien-Pao|Chien-Pao|100\/100\n|-ability|p2a: Chien-Pao|Sword of Ruin\n|turn|3\n|\n|t:|1700737130\n|switch|p1b: Amoonguss|Amoonguss, L99, M, shiny|100\/100\n|switch|p1a: Heatran|Heatran, M, shiny|100\/100\n|move|p2a: Chien-Pao|Icicle Crash|p1b: Amoonguss\n|-supereffective|p1b: Amoonguss\n|-damage|p1b: Amoonguss|10\/100\n|move|p2b: Gholdengo|Make It Rain|p1b: Amoonguss|[spread] p1a,p1b\n|-resisted|p1a: Heatran\n|-damage|p1a: Heatran|95\/100\n|-damage|p1b: Amoonguss|0 fnt\n|-unboost|p2b: Gholdengo|spa|1\n|faint|p1b: Amoonguss\n|\n|-heal|p2b: Gholdengo|82\/100|[from] Grassy Terrain\n|-heal|p1a: Heatran|100\/100|[from] Grassy Terrain\n|upkeep\n|\n|t:|1700737141\n|switch|p1b: Cresselia|Cresselia, F, shiny|100\/100\n|turn|4\n|inactive|xavion9 has 120 seconds left.\n|\n|t:|1700737169\n|switch|p2b: Rillaboom|Rillaboom, M|100\/100\n|move|p2a: Chien-Pao|Protect|p2a: Chien-Pao\n|-singleturn|p2a: Chien-Pao|Protect\n|move|p1a: Heatran|Heat Wave|p2b: Rillaboom|[spread] p2b\n|-activate|p2a: Chien-Pao|move: Protect\n|-supereffective|p2b: Rillaboom\n|-damage|p2b: Rillaboom|31\/100\n|-damage|p1a: Heatran|91\/100|[from] item: Life Orb\n|move|p1b: Cresselia|Trick Room|p1b: Cresselia\n|-fieldstart|move: Trick Room|[of] p1b: Cresselia\n|\n|-heal|p1a: Heatran|97\/100|[from] Grassy Terrain\n|-heal|p2b: Rillaboom|37\/100|[from] Grassy Terrain\n|upkeep\n|turn|5\n|inactive|xavion9 has 120 seconds left.\n|\n|t:|1700737203\n|move|p2b: Rillaboom|Fake Out|p1a: Heatran\n|-resisted|p1a: Heatran\n|-damage|p1a: Heatran|89\/100\n|move|p1b: Cresselia|Ally Switch|p1b: Cresselia\n|swap|p1b: Cresselia|0|[from] move: Ally Switch\n|cant|p1b: Heatran|flinch\n|move|p2a: Chien-Pao|Sacred Sword|p1a: Cresselia\n|-resisted|p1a: Cresselia\n|-damage|p1a: Cresselia|89\/100\n|\n|-heal|p1b: Heatran|95\/100|[from] Grassy Terrain\n|-heal|p2b: Rillaboom|43\/100|[from] Grassy Terrain\n|-fieldend|move: Grassy Terrain\n|upkeep\n|turn|6\n|inactive|xavion9 has 120 seconds left.\n|\n|t:|1700737225\n|switch|p2a: Gholdengo|Gholdengo|82\/100\n|move|p1b: Heatran|Heat Wave|p2b: Rillaboom|[spread] p2a,p2b\n|-supereffective|p2a: Gholdengo\n|-supereffective|p2b: Rillaboom\n|-damage|p2a: Gholdengo|0 fnt\n|-damage|p2b: Rillaboom|0 fnt\n|faint|p2a: Gholdengo\n|faint|p2b: Rillaboom\n|-damage|p1b: Heatran|85\/100|[from] item: Life Orb\n|move|p1a: Cresselia|Moonblast|p2: Gholdengo|[notarget]\n|-fail|p1a: Cresselia\n|\n|upkeep\n|\n|t:|1700737236\n|switch|p2b: Chien-Pao|Chien-Pao|100\/100\n|switch|p2a: Ogerpon|Ogerpon-Hearthflame, F|100\/100\n|-ability|p2a: Ogerpon|Mold Breaker\n|-ability|p2b: Chien-Pao|Sword of Ruin\n|turn|7\n|\n|t:|1700737251\n|move|p2a: Ogerpon|Protect|p2a: Ogerpon\n|-singleturn|p2a: Ogerpon|Protect\n|move|p2b: Chien-Pao|Protect|p2b: Chien-Pao\n|-singleturn|p2b: Chien-Pao|Protect\n|move|p1a: Cresselia|Ally Switch|p1a: Cresselia\n|swap|p1a: Cresselia|1|[from] move: Ally Switch\n|move|p1a: Heatran|Flash Cannon|p2b: Chien-Pao\n|-activate|p2b: Chien-Pao|move: Protect\n|\n|upkeep\n|turn|8\n|\n|t:|1700737277\n|switch|p1a: Flutter Mane|Flutter Mane, shiny|100\/100\n|switch|p2b: Dragonite|Dragonite, F|100\/100\n|-terastallize|p2a: Ogerpon|Fire\n|detailschange|p2a: Ogerpon|Ogerpon-Hearthflame-Tera, F, tera:Fire\n|-ability|p2a: Ogerpon|Embody Aspect (Hearthflame)|boost\n|-boost|p2a: Ogerpon|atk|1\n|move|p1b: Cresselia|Moonblast|p2b: Dragonite\n|-supereffective|p2b: Dragonite\n|-damage|p2b: Dragonite|68\/100\n|move|p2a: Ogerpon|Ivy Cudgel|p1b: Cresselia|[anim] Ivy Cudgel Fire\n|-damage|p1b: Cresselia|20\/100\n|\n|-fieldend|move: Trick Room\n|upkeep\n|turn|9\n|inactive|xavion9 has 120 seconds left.\n|\n|t:|1700737314\n|switch|p1b: Heatran|Heatran, M, shiny|85\/100\n|move|p2b: Dragonite|Extreme Speed|p1b: Heatran\n|-resisted|p1b: Heatran\n|-damage|p1b: Heatran|65\/100\n|move|p1a: Flutter Mane|Shadow Ball|p2a: Ogerpon\n|-damage|p2a: Ogerpon|49\/100\n|move|p2a: Ogerpon|Ivy Cudgel|p1a: Flutter Mane|[anim] Ivy Cudgel Fire\n|-damage|p1a: Flutter Mane|0 fnt\n|faint|p1a: Flutter Mane\n|-end|p1a: Flutter Mane|Protosynthesis|[silent]\n|\n|upkeep\n|inactive|teedu_111 has 120 seconds left.\n|\n|t:|1700737328\n|switch|p1a: Basculegion|Basculegion-F, F|90\/100\n|turn|10\n|\n|t:|1700737352\n|switch|p2b: Chien-Pao|Chien-Pao|100\/100\n|-ability|p2b: Chien-Pao|Sword of Ruin\n|move|p1a: Basculegion|Aqua Jet|p2a: Ogerpon\n|-supereffective|p2a: Ogerpon\n|-damage|p2a: Ogerpon|0 fnt\n|faint|p2a: Ogerpon\n|move|p1b: Heatran|Flash Cannon|p2b: Chien-Pao\n|-supereffective|p2b: Chien-Pao\n|-enditem|p2b: Chien-Pao|Focus Sash\n|-damage|p2b: Chien-Pao|1\/100\n|-damage|p1b: Heatran|55\/100|[from] item: Life Orb\n|\n|upkeep\n|inactive|xavion9 has 120 seconds left.\n|\n|t:|1700737363\n|switch|p2a: Dragonite|Dragonite, F|68\/100\n|turn|11\n|\n|t:|1700737377\n|switch|p1b: Ursaluna|Ursaluna, L99, M, shiny|79\/100\n|move|p2b: Chien-Pao|Sucker Punch|p1a: Basculegion\n|-supereffective|p1a: Basculegion\n|-damage|p1a: Basculegion|0 fnt\n|faint|p1a: Basculegion\n|move|p2a: Dragonite|Stomping Tantrum|p1b: Ursaluna\n|-damage|p1b: Ursaluna|45\/100\n|\n|-heal|p1b: Ursaluna|51\/100|[from] item: Leftovers\n|upkeep\n|\n|t:|1700737382\n|switch|p1a: Cresselia|Cresselia, F, shiny|20\/100\n|turn|12\n|\n|t:|1700737394\n|move|p1b: Ursaluna|Protect|p1b: Ursaluna\n|-singleturn|p1b: Ursaluna|Protect\n|move|p2b: Chien-Pao|Sucker Punch||[still]\n|-fail|p2b: Chien-Pao\n|move|p2a: Dragonite|Stomping Tantrum|p1b: Ursaluna\n|-activate|p1b: Ursaluna|move: Protect\n|move|p1a: Cresselia|Trick Room|p1a: Cresselia\n|-fieldstart|move: Trick Room|[of] p1a: Cresselia\n|\n|-heal|p1b: Ursaluna|58\/100|[from] item: Leftovers\n|upkeep\n|turn|13\n|c|\u2606teedu_111|gg\n|\n|t:|1700737417\n|move|p2b: Chien-Pao|Sucker Punch||[still]\n|-fail|p2b: Chien-Pao\n|move|p1b: Ursaluna|Facade|p2b: Chien-Pao\n|-damage|p2b: Chien-Pao|0 fnt\n|faint|p2b: Chien-Pao\n|move|p1a: Cresselia|Lunar Blessing|p1a: Cresselia|[spread] p1a,p1b\n|-heal|p1a: Cresselia|45\/100\n|-heal|p1b: Ursaluna|82\/100\n|move|p2a: Dragonite|Stomping Tantrum|p1b: Ursaluna\n|-damage|p1b: Ursaluna|58\/100\n|\n|-heal|p1b: Ursaluna|64\/100|[from] item: Leftovers\n|upkeep\n|turn|14\n|-message|xavion9 forfeited.\n|\n|win|teedu_111\n|n|\u2606teedu_111|teedu111\n|n|\u2606xavion9|xavion9\n|n|*Lady Monita \u2746|ladymonita\n|l|*Lady Monita \u2746\n|l|\u2606xavion9\n","uploadtime":1700737433,"views":8,"p1id":"teedu111","p2id":"xavion9","formatid":"gen9doublesou","rating":0,"private":0,"password":""}