{"id":"gen9doublesou-1983473019","p1":"Peter Pan GC","p2":"frania","format":"[Gen 9] Doubles OU","log":"|j|\u2606Peter Pan GC\n|j|\u2606frania\n|t:|1699133854\n|gametype|doubles\n|player|p1|Peter Pan GC|acerola-masters|\n|player|p2|frania|#dpl9spectralthieves|\n|teamsize|p1|6\n|teamsize|p2|6\n|gen|9\n|tier|[Gen 9] Doubles OU\n|rule|Species Clause: Limit one of each Pok\u00e9mon\n|rule|OHKO Clause: OHKO moves are banned\n|rule|Evasion Moves Clause: Evasion moves are banned\n|rule|Gravity Sleep Clause: The combination of sleep-inducing moves with imperfect accuracy and Gravity or Gigantamax Orbeetle are banned\n|rule|Endless Battle Clause: Forcing endless battles is banned\n|rule|HP Percentage Mod: HP is shown in percentages\n|clearpoke\n|poke|p1|Ursaluna-Bloodmoon, M|\n|poke|p1|Grimmsnarl, M|\n|poke|p1|Sinistcha-Masterpiece|\n|poke|p1|Volcanion|\n|poke|p1|Iron Hands|\n|poke|p1|Kingambit, M|\n|poke|p2|Heatran, F|\n|poke|p2|Ogerpon-Wellspring, F|\n|poke|p2|Landorus-Therian, M|\n|poke|p2|Tornadus, M|\n|poke|p2|Iron Hands|\n|poke|p2|Flutter Mane|\n|teampreview\n|c|\u2606frania|hf\n|c|\u2606frania|can you also \/publicroom\n|c|\u2606frania|i made it private on accident\n|j| Shiritu\n|c|\u2606Peter Pan GC|\/log Peter Pan GC made this room public.\n|c|\u2606Peter Pan GC|ya\n|c|\u2606Peter Pan GC|glhf\n|c|\u2606frania|hf\n|j|+Yoda2798\n|l| Shiritu\n|j| Flying Beagle\n|\n|t:|1699133934\n|start\n|switch|p1a: Grimmsnarl|Grimmsnarl, M|100\/100\n|switch|p1b: Volcanion|Volcanion|100\/100\n|switch|p2a: Heatran|Heatran, F|100\/100\n|switch|p2b: Iron Hands|Iron Hands|100\/100\n|turn|1\n|j| Shiritu\n|j| Tenzai\n|j| The JRL\n|j|@yuki \u266a\n|inactive|Battle timer is ON: inactive players will automatically lose when time's up. (requested by Peter Pan GC)\n|j|+Mada\n|c|+Yoda2798|fran > pan\n|\n|t:|1699134002\n|switch|p1a: Iron Hands|Iron Hands|100\/100\n|move|p1b: Volcanion|Protect|p1b: Volcanion\n|-singleturn|p1b: Volcanion|Protect\n|move|p2b: Iron Hands|Fake Out|p1a: Iron Hands\n|-damage|p1a: Iron Hands|91\/100\n|move|p2a: Heatran|Flash Cannon|p1a: Iron Hands\n|-resisted|p1a: Iron Hands\n|-damage|p1a: Iron Hands|80\/100\n|\n|upkeep\n|turn|2\n|c|\u2606frania|misclick\n|c|\u2606frania|saved tho\n|inactive|frania has 270 seconds left.\n|\n|t:|1699134048\n|-terastallize|p2a: Heatran|Fairy\n|move|p1a: Iron Hands|Fake Out|p2a: Heatran\n|-damage|p2a: Heatran|87\/100\n|move|p2a: Heatran|Tera Blast|p1a: Iron Hands|[anim] Tera Blast Fairy\n|-supereffective|p1a: Iron Hands\n|-damage|p1a: Iron Hands|38\/100\n|move|p1b: Volcanion|Will-O-Wisp|p2b: Iron Hands\n|-status|p2b: Iron Hands|brn\n|move|p2b: Iron Hands|Volt Switch|p1b: Volcanion\n|-supereffective|p1b: Volcanion\n|-damage|p1b: Volcanion|79\/100\n|j| eric versus\u30c4\n|inactive|frania has 240 seconds left.\n|\n|t:|1699134071\n|-end|p2b: Iron Hands|Quark Drive|[silent]\n|switch|p2b: Landorus|Landorus-Therian, M|100\/100|[from] Volt Switch\n|-ability|p2b: Landorus|Intimidate|boost\n|-unboost|p1a: Iron Hands|atk|1\n|-unboost|p1b: Volcanion|atk|1\n|\n|upkeep\n|turn|3\n|inactive|frania has 240 seconds left.\n|inactive|Peter Pan GC has 270 seconds left.\n|\n|t:|1699134135\n|-end|p1a: Iron Hands|Quark Drive|[silent]\n|switch|p1a: Grimmsnarl|Grimmsnarl, M|100\/100\n|move|p2b: Landorus|Stomping Tantrum|p1b: Volcanion\n|-supereffective|p1b: Volcanion\n|-crit|p1b: Volcanion\n|-damage|p1b: Volcanion|0 fnt\n|faint|p1b: Volcanion\n|move|p2a: Heatran|Tera Blast|p1a: Grimmsnarl|[anim] Tera Blast Fairy\n|-supereffective|p1a: Grimmsnarl\n|-damage|p1a: Grimmsnarl|18\/100\n|\n|upkeep\n|inactive|Peter Pan GC has 240 seconds left.\n|j| DolphinVGC\n|inactive|Peter Pan GC has 210 seconds left.\n|j| Rabaton\n|inactive|Peter Pan GC has 180 seconds left.\n|\n|t:|1699134208\n|switch|p1b: Ursaluna|Ursaluna-Bloodmoon, M|100\/100\n|turn|4\n|inactive|frania has 240 seconds left.\n|inactive|frania has 210 seconds left.\n|j| seroo@!\n|inactive|frania has 180 seconds left.\n|\n|t:|1699134296\n|switch|p2a: Iron Hands|Iron Hands|100\/100 brn\n|move|p1a: Grimmsnarl|Light Screen|p1a: Grimmsnarl\n|-sidestart|p1: Peter Pan GC|move: Light Screen\n|move|p2b: Landorus|U-turn|p1a: Grimmsnarl\n|-damage|p1a: Grimmsnarl|0 fnt\n|faint|p1a: Grimmsnarl\n|\n|t:|1699134307\n|switch|p2b: Tornadus|Tornadus, M|100\/100|[from] U-turn\n|move|p1b: Ursaluna|Calm Mind|p1b: Ursaluna\n|-boost|p1b: Ursaluna|spa|1\n|-boost|p1b: Ursaluna|spd|1\n|\n|-damage|p2a: Iron Hands|94\/100 brn|[from] brn\n|upkeep\n|inactive|Peter Pan GC has 180 seconds left.\n|\n|t:|1699134324\n|switch|p1a: Iron Hands|Iron Hands|38\/100\n|turn|5\n|inactive|frania has 180 seconds left.\n|\n|t:|1699134350\n|-end|p2a: Iron Hands|Quark Drive|[silent]\n|switch|p2a: Landorus|Landorus-Therian, M|100\/100\n|-ability|p2a: Landorus|Intimidate|boost\n|-unboost|p1a: Iron Hands|atk|1\n|-unboost|p1b: Ursaluna|atk|1\n|move|p1a: Iron Hands|Fake Out|p2a: Landorus\n|-damage|p2a: Landorus|89\/100\n|move|p2b: Tornadus|Taunt|p1b: Ursaluna\n|-start|p1b: Ursaluna|move: Taunt\n|cant|p1b: Ursaluna|move: Taunt|Calm Mind\n|\n|upkeep\n|turn|6\n|inactive|Peter Pan GC has 210 seconds left.\n|inactive|frania has 180 seconds left.\n|inactive|Peter Pan GC has 180 seconds left.\n|\n|t:|1699134390\n|-end|p1a: Iron Hands|Quark Drive|[silent]\n|switch|p1a: Sinistcha|Sinistcha-Masterpiece|100\/100\n|move|p2b: Tornadus|Protect|p2b: Tornadus\n|-singleturn|p2b: Tornadus|Protect\n|move|p2a: Landorus|Stomping Tantrum|p1b: Ursaluna\n|-damage|p1b: Ursaluna|69\/100\n|move|p1b: Ursaluna|Blood Moon|p2b: Tornadus\n|-activate|p2b: Tornadus|move: Protect\n|\n|-heal|p1b: Ursaluna|75\/100|[from] item: Leftovers\n|upkeep\n|turn|7\n|j| theyummybagel\n|\n|t:|1699134409\n|move|p2b: Tornadus|Taunt|p1a: Sinistcha\n|-start|p1a: Sinistcha|move: Taunt\n|move|p2a: Landorus|Stomping Tantrum|p1b: Ursaluna\n|-damage|p1b: Ursaluna|47\/100\n|move|p1a: Sinistcha|Matcha Gotcha|p2a: Landorus|[spread] p2a,p2b\n|-resisted|p2b: Tornadus\n|-damage|p2a: Landorus|58\/100\n|-damage|p2b: Tornadus|83\/100\n|move|p1b: Ursaluna|Hyper Voice|p2b: Tornadus|[spread] p2a,p2b\n|-damage|p2a: Landorus|0 fnt\n|-damage|p2b: Tornadus|8\/100\n|faint|p2a: Landorus\n|\n|-heal|p1b: Ursaluna|53\/100|[from] item: Leftovers\n|-end|p1b: Ursaluna|move: Taunt\n|upkeep\n|\n|t:|1699134422\n|switch|p2a: Ogerpon|Ogerpon-Wellspring, F|100\/100\n|turn|8\n|inactive|frania has 180 seconds left.\n|inactive|Peter Pan GC has 210 seconds left.\n|\n|t:|1699134441\n|switch|p1a: Iron Hands|Iron Hands|38\/100\n|move|p1b: Ursaluna|Protect|p1b: Ursaluna\n|-singleturn|p1b: Ursaluna|Protect\n|move|p2b: Tornadus|Bleakwind Storm|p1a: Iron Hands|[spread] p1a\n|-activate|p1b: Ursaluna|move: Protect\n|-damage|p1a: Iron Hands|26\/100\n|-unboost|p1a: Iron Hands|spe|1\n|move|p2a: Ogerpon|Ivy Cudgel|p1b: Ursaluna\n|-activate|p1b: Ursaluna|move: Protect\n|\n|-heal|p1b: Ursaluna|59\/100|[from] item: Leftovers\n|upkeep\n|turn|9\n|inactive|frania has 180 seconds left.\n|inactive|Peter Pan GC has 210 seconds left.\n|\n|t:|1699134489\n|-terastallize|p1b: Ursaluna|Fairy\n|move|p2a: Ogerpon|Spiky Shield|p2a: Ogerpon\n|-singleturn|p2a: Ogerpon|move: Protect\n|move|p1a: Iron Hands|Fake Out|p2b: Tornadus\n|-crit|p2b: Tornadus\n|-damage|p2b: Tornadus|0 fnt\n|faint|p2b: Tornadus\n|move|p1b: Ursaluna|Blood Moon|p2a: Ogerpon\n|-activate|p2a: Ogerpon|move: Protect\n|\n|-heal|p1b: Ursaluna|65\/100|[from] item: Leftovers\n|upkeep\n|inactive|frania has 150 seconds left.\n|inactive|frania has 120 seconds left.\n|\n|t:|1699134541\n|switch|p2b: Iron Hands|Iron Hands|94\/100 brn\n|turn|10\n|inactive|frania has 120 seconds left.\n|inactive|frania has 90 seconds left.\n|j| ina fable.\n|\n|t:|1699134607\n|-end|p1a: Iron Hands|Quark Drive|[silent]\n|switch|p1a: Sinistcha|Sinistcha-Masterpiece|100\/100\n|-heal|p1b: Ursaluna|90\/100|[from] ability: Hospitality|[of] p1a: Sinistcha\n|move|p1b: Ursaluna|Protect|p1b: Ursaluna\n|-singleturn|p1b: Ursaluna|Protect\n|move|p2b: Iron Hands|Fake Out|p1b: Ursaluna\n|-activate|p1b: Ursaluna|move: Protect\n|move|p2a: Ogerpon|Swords Dance|p2a: Ogerpon\n|-boost|p2a: Ogerpon|atk|2\n|\n|-heal|p1b: Ursaluna|96\/100|[from] item: Leftovers\n|-damage|p2b: Iron Hands|88\/100 brn|[from] brn\n|upkeep\n|turn|11\n|inactive|frania has 90 seconds left.\n|inactive|frania has 60 seconds left.\n|inactive|frania has 30 seconds left.\n|inactive|Peter Pan GC has 210 seconds left.\n|\n|t:|1699134690\n|move|p2a: Ogerpon|Ivy Cudgel|p1b: Ursaluna\n|-damage|p1b: Ursaluna|28\/100\n|move|p1b: Ursaluna|Blood Moon|p2a: Ogerpon\n|-damage|p2a: Ogerpon|0 fnt\n|faint|p2a: Ogerpon\n|move|p2b: Iron Hands|Heavy Slam|p1b: Ursaluna\n|-supereffective|p1b: Ursaluna\n|-damage|p1b: Ursaluna|18\/100\n|move|p1a: Sinistcha|Trick Room|p1a: Sinistcha\n|-fieldstart|move: Trick Room|[of] p1a: Sinistcha\n|\n|-heal|p1b: Ursaluna|24\/100|[from] item: Leftovers\n|-damage|p2b: Iron Hands|82\/100 brn|[from] brn\n|-sideend|p1: Peter Pan GC|move: Light Screen\n|upkeep\n|inactive|frania has 30 seconds left.\n|\n|t:|1699134702\n|switch|p2a: Heatran|Heatran, F, tera:Fairy|87\/100\n|turn|12\n|inactive|frania has 30 seconds left.\n|\n|t:|1699134728\n|move|p1b: Ursaluna|Protect|p1b: Ursaluna\n|-singleturn|p1b: Ursaluna|Protect\n|move|p2b: Iron Hands|Volt Switch|p1a: Sinistcha\n|-resisted|p1a: Sinistcha\n|-damage|p1a: Sinistcha|95\/100\n|inactive|frania has 30 seconds left this turn.\n|\n|t:|1699134733\n|-end|p2b: Iron Hands|Quark Drive|[silent]\n|switch|p2b: Flutter Mane|Flutter Mane|100\/100|[from] Volt Switch\n|-enditem|p2b: Flutter Mane|Booster Energy\n|-activate|p2b: Flutter Mane|ability: Protosynthesis|[fromitem]\n|-start|p2b: Flutter Mane|protosynthesisspe\n|move|p1a: Sinistcha|Matcha Gotcha|p2b: Flutter Mane|[spread] p2b\n|-miss|p1a: Sinistcha|p2a: Heatran\n|-damage|p2b: Flutter Mane|79\/100\n|-heal|p1a: Sinistcha|100\/100|[from] drain|[of] p2b: Flutter Mane\n|move|p2a: Heatran|Heat Wave|p1a: Sinistcha|[spread] p1a\n|-activate|p1b: Ursaluna|move: Protect\n|-supereffective|p1a: Sinistcha\n|-damage|p1a: Sinistcha|31\/100\n|-enditem|p1a: Sinistcha|Sitrus Berry|[eat]\n|-heal|p1a: Sinistcha|55\/100|[from] item: Sitrus Berry\n|\n|-heal|p1b: Ursaluna|30\/100|[from] item: Leftovers\n|upkeep\n|turn|13\n|inactive|Peter Pan GC has 240 seconds left.\n|inactive|frania has 30 seconds left.\n|l|+Mada\n|inactive|frania has 20 seconds left.\n|inactive|frania has 15 seconds left.\n|\n|t:|1699134771\n|move|p2b: Flutter Mane|Protect|p2b: Flutter Mane\n|-singleturn|p2b: Flutter Mane|Protect\n|move|p1b: Ursaluna|Hyper Voice|p2a: Heatran|[spread] p2a\n|-activate|p2b: Flutter Mane|move: Protect\n|-damage|p2a: Heatran|40\/100\n|move|p1a: Sinistcha|Matcha Gotcha|p2a: Heatran|[spread] p2a\n|-activate|p2b: Flutter Mane|move: Protect\n|-damage|p2a: Heatran|18\/100\n|-heal|p1a: Sinistcha|66\/100|[from] drain|[of] p2a: Heatran\n|move|p2a: Heatran|Heat Wave|p1a: Sinistcha|[spread] p1a,p1b\n|-supereffective|p1a: Sinistcha\n|-damage|p1a: Sinistcha|0 fnt\n|-damage|p1b: Ursaluna|3\/100\n|faint|p1a: Sinistcha\n|\n|-heal|p1b: Ursaluna|9\/100|[from] item: Leftovers\n|upkeep\n|inactive|frania has 20 seconds left this turn.\n|\n|t:|1699134778\n|switch|p1a: Kingambit|Kingambit, M, shiny|100\/100\n|turn|14\n|\n|t:|1699134791\n|switch|p2a: Iron Hands|Iron Hands|82\/100 brn\n|move|p2b: Flutter Mane|Protect||[still]\n|-fail|p2b: Flutter Mane\n|move|p1a: Kingambit|Kowtow Cleave|p2a: Iron Hands\n|-resisted|p2a: Iron Hands\n|-damage|p2a: Iron Hands|65\/100 brn\n|move|p1b: Ursaluna|Blood Moon|p2b: Flutter Mane\n|-damage|p2b: Flutter Mane|0 fnt\n|faint|p2b: Flutter Mane\n|-end|p2b: Flutter Mane|Protosynthesis|[silent]\n|\n|-heal|p1b: Ursaluna|15\/100|[from] item: Leftovers\n|-damage|p2a: Iron Hands|59\/100 brn|[from] brn\n|upkeep\n|\n|t:|1699134797\n|switch|p2b: Heatran|Heatran, F, tera:Fairy|18\/100\n|turn|15\n|inactive|Peter Pan GC has 270 seconds left.\n|\n|t:|1699134821\n|move|p1a: Kingambit|Kowtow Cleave|p2b: Heatran\n|-resisted|p2b: Heatran\n|-damage|p2b: Heatran|0 fnt\n|faint|p2b: Heatran\n|move|p2a: Iron Hands|Heavy Slam|p1b: Ursaluna\n|-supereffective|p1b: Ursaluna\n|-damage|p1b: Ursaluna|5\/100\n|move|p1b: Ursaluna|Hyper Voice|p2a: Iron Hands\n|-damage|p2a: Iron Hands|23\/100 brn\n|\n|-heal|p1b: Ursaluna|11\/100|[from] item: Leftovers\n|-damage|p2a: Iron Hands|17\/100 brn|[from] brn\n|-fieldend|move: Trick Room\n|upkeep\n|turn|16\n|c|\u2606Peter Pan GC|gg\n|l| Rabaton\n|inactive|Peter Pan GC has 270 seconds left.\n|inactive|frania has 60 seconds left.\n|-message|frania forfeited.\n|\n|win|Peter Pan GC\n|l|\u2606frania\n|l| Flying Beagle\n|c| seroo|god\n|l| seroo\n|l| theyummybagel\n","uploadtime":1699134841,"views":158,"p1id":"peterpangc","p2id":"frania","formatid":"gen9doublesou","rating":0,"private":0,"password":""}