{"id":"gen9doublesou-1974533441","p1":"ChimeBliss","p2":"Eagle v","format":"[Gen 9] Doubles OU","log":"|j|\u2606ChimeBliss\n|j|\u2606Eagle v\n|t:|1698094956\n|gametype|doubles\n|player|p1|ChimeBliss|dawn-gen4pt|1487\n|player|p2|Eagle v|veteran|1404\n|teamsize|p1|6\n|teamsize|p2|6\n|gen|9\n|tier|[Gen 9] Doubles OU\n|rated|\n|rule|Species Clause: Limit one of each Pok\u00e9mon\n|rule|OHKO Clause: OHKO moves are banned\n|rule|Evasion Moves Clause: Evasion moves are banned\n|rule|Gravity Sleep Clause: The combination of sleep-inducing moves with imperfect accuracy and Gravity or Gigantamax Orbeetle are banned\n|rule|Endless Battle Clause: Forcing endless battles is banned\n|rule|HP Percentage Mod: HP is shown in percentages\n|clearpoke\n|poke|p1|Chien-Pao|\n|poke|p1|Tornadus, M|\n|poke|p1|Dragonite, F|\n|poke|p1|Chi-Yu|\n|poke|p1|Flutter Mane|\n|poke|p1|Landorus, M|\n|poke|p2|Tyranitar, F|\n|poke|p2|Diancie|\n|poke|p2|Houndstone, F|\n|poke|p2|Gholdengo|\n|poke|p2|Landorus-Therian, M|\n|poke|p2|Klefki, M|\n|teampreview\n|inactive|Battle timer is ON: inactive players will automatically lose when time's up. (requested by ChimeBliss)\n|\n|t:|1698094968\n|start\n|switch|p1a: Landorus|Landorus, M|100\/100\n|switch|p1b: Tornadus|Tornadus, M|100\/100\n|switch|p2a: Tyranitar|Tyranitar, F|100\/100\n|switch|p2b: Diancie|Diancie|100\/100\n|-weather|Sandstorm|[from] ability: Sand Stream|[of] p2a: Tyranitar\n|turn|1\n|inactive|Eagle v has 120 seconds left.\n|\n|t:|1698095005\n|move|p1b: Tornadus|Bleakwind Storm|p2b: Diancie|[spread] p2a,p2b\n|-resisted|p2a: Tyranitar\n|-crit|p2a: Tyranitar\n|-resisted|p2b: Diancie\n|-damage|p2a: Tyranitar|90\/100\n|-damage|p2b: Diancie|93\/100\n|move|p1a: Landorus|Earth Power|p2b: Diancie\n|-supereffective|p2b: Diancie\n|-damage|p2b: Diancie|31\/100\n|move|p2a: Tyranitar|Rock Slide|p1a: Landorus|[spread] p1a,p1b\n|-supereffective|p1b: Tornadus\n|-damage|p1a: Landorus|60\/100\n|-enditem|p1b: Tornadus|Focus Sash\n|-damage|p1b: Tornadus|1\/100\n|move|p2b: Diancie|Diamond Storm|p1b: Tornadus|[spread] p1a,p1b\n|-supereffective|p1b: Tornadus\n|-crit|p1b: Tornadus\n|-damage|p1a: Landorus|30\/100\n|-damage|p1b: Tornadus|0 fnt\n|-boost|p2b: Diancie|def|2\n|faint|p1b: Tornadus\n|\n|-weather|Sandstorm|[upkeep]\n|-heal|p2b: Diancie|37\/100|[from] item: Leftovers\n|upkeep\n|inactive|ChimeBliss has 120 seconds left.\n|\n|t:|1698095032\n|switch|p1b: Dragonite|Dragonite, F, shiny|100\/100\n|turn|2\n|\n|t:|1698095043\n|move|p1a: Landorus|Sandsear Storm|p2b: Diancie|[spread] p2b\n|-miss|p1a: Landorus|p2a: Tyranitar\n|-supereffective|p2b: Diancie\n|-damage|p2b: Diancie|0 fnt\n|faint|p2b: Diancie\n|move|p1b: Dragonite|Dragon Claw|p2a: Tyranitar\n|-damage|p2a: Tyranitar|38\/100\n|move|p2a: Tyranitar|Rock Slide|p1a: Landorus|[spread] p1a,p1b\n|-crit|p1a: Landorus\n|-supereffective|p1b: Dragonite\n|-damage|p1a: Landorus|0 fnt\n|-damage|p1b: Dragonite|34\/100\n|faint|p1a: Landorus\n|\n|-weather|Sandstorm|[upkeep]\n|-damage|p1b: Dragonite|28\/100|[from] Sandstorm\n|upkeep\n|\n|t:|1698095059\n|switch|p1a: Chi-Yu|Chi-Yu|100\/100\n|switch|p2b: Klefki|Klefki, M|100\/100\n|-ability|p1a: Chi-Yu|Beads of Ruin\n|turn|3\n|\n|t:|1698095073\n|move|p1a: Chi-Yu|Heat Wave|p2b: Klefki|[spread] p2a\n|-miss|p1a: Chi-Yu|p2b: Klefki\n|-resisted|p2a: Tyranitar\n|-damage|p2a: Tyranitar|29\/100\n|move|p1b: Dragonite|Dragon Claw|p2a: Tyranitar\n|-damage|p2a: Tyranitar|0 fnt\n|faint|p2a: Tyranitar\n|move|p2b: Klefki|Trick Room|p2b: Klefki\n|-fieldstart|move: Trick Room|[of] p2b: Klefki\n|\n|-weather|Sandstorm|[upkeep]\n|-damage|p1b: Dragonite|22\/100|[from] Sandstorm\n|-damage|p1a: Chi-Yu|95\/100|[from] Sandstorm\n|upkeep\n|\n|t:|1698095090\n|switch|p2a: Landorus|Landorus-Therian, M|100\/100\n|-ability|p2a: Landorus|Intimidate|boost\n|-unboost|p1a: Chi-Yu|atk|1\n|-fail|p1b: Dragonite|unboost|Attack|[from] ability: Inner Focus|[of] p1b: Dragonite\n|turn|4\n|\n|t:|1698095103\n|move|p2b: Klefki|Dazzling Gleam|p1a: Chi-Yu|[spread] p1a,p1b\n|-supereffective|p1b: Dragonite\n|-damage|p1a: Chi-Yu|74\/100\n|-damage|p1b: Dragonite|0 fnt\n|faint|p1b: Dragonite\n|move|p2a: Landorus|Sandsear Storm|p1a: Chi-Yu\n|-supereffective|p1a: Chi-Yu\n|-damage|p1a: Chi-Yu|0 fnt\n|faint|p1a: Chi-Yu\n|-damage|p2a: Landorus|91\/100|[from] item: Life Orb\n|\n|-weather|Sandstorm|[upkeep]\n|upkeep\n|\n|t:|1698095106\n|switch|p1b: Chien-Pao|Chien-Pao|100\/100\n|switch|p1a: Flutter Mane|Flutter Mane|100\/100\n|-ability|p1b: Chien-Pao|Sword of Ruin\n|turn|5\n|\n|t:|1698095129\n|move|p2b: Klefki|Dazzling Gleam|p1a: Flutter Mane|[spread] p1a,p1b\n|-supereffective|p1b: Chien-Pao\n|-damage|p1a: Flutter Mane|83\/100\n|-damage|p1b: Chien-Pao|44\/100\n|move|p2a: Landorus|Earthquake|p1b: Chien-Pao|[spread] p2b,p1a,p1b\n|-supereffective|p2b: Klefki\n|-damage|p2b: Klefki|0 fnt\n|-damage|p1a: Flutter Mane|0 fnt\n|-damage|p1b: Chien-Pao|0 fnt\n|faint|p2b: Klefki\n|faint|p1a: Flutter Mane\n|-end|p1a: Flutter Mane|Protosynthesis|[silent]\n|faint|p1b: Chien-Pao\n|-damage|p2a: Landorus|81\/100|[from] item: Life Orb\n|\n|win|Eagle v\n|raw|ChimeBliss's rating: 1487 &rarr; <strong>1462<\/strong><br \/>(-25 for losing)\n|raw|Eagle v's rating: 1404 &rarr; <strong>1429<\/strong><br \/>(+25 for winning)\n","uploadtime":1698095132,"views":13,"p1id":"chimebliss","p2id":"eaglev","formatid":"gen9doublesou","rating":1429,"private":0,"password":""}