{"id":"gen9doublesou-1977916551","p1":"psyducksweeps","p2":"Joecheve13","format":"[Gen 9] Doubles OU","log":"|j|\u2606psyducksweeps\n|j|\u2606Joecheve13\n|t:|1698466036\n|gametype|doubles\n|player|p1|psyducksweeps|morty-masters2|1431\n|player|p2|Joecheve13|psychic-gen4|1437\n|teamsize|p1|6\n|teamsize|p2|6\n|gen|9\n|tier|[Gen 9] Doubles OU\n|rated|\n|rule|Species Clause: Limit one of each Pok\u00e9mon\n|rule|OHKO Clause: OHKO moves are banned\n|rule|Evasion Moves Clause: Evasion moves are banned\n|rule|Gravity Sleep Clause: The combination of sleep-inducing moves with imperfect accuracy and Gravity or Gigantamax Orbeetle are banned\n|rule|Endless Battle Clause: Forcing endless battles is banned\n|rule|HP Percentage Mod: HP is shown in percentages\n|clearpoke\n|poke|p1|Torkoal, M|\n|poke|p1|Typhlosion-Hisui, F|\n|poke|p1|Lilligant-Hisui, F|\n|poke|p1|Flutter Mane|\n|poke|p1|Roaring Moon|\n|poke|p1|Arcanine-Hisui, M|\n|poke|p2|Sinistcha|\n|poke|p2|Garganacl, M|\n|poke|p2|Fezandipiti, M|\n|poke|p2|Sneasler, M|\n|poke|p2|Glimmora, F|\n|poke|p2|Typhlosion-Hisui, F|\n|teampreview\n|inactive|Battle timer is ON: inactive players will automatically lose when time's up. (requested by psyducksweeps)\n|\n|t:|1698466055\n|start\n|switch|p1a: Torkoal|Torkoal, M|100\/100\n|switch|p1b: Lilligant|Lilligant-Hisui, F, shiny|100\/100\n|switch|p2a: Typhlosion|Typhlosion-Hisui, F|100\/100\n|switch|p2b: Sneasler|Sneasler, M|100\/100\n|-ability|p2b: Sneasler|Pressure\n|-weather|SunnyDay|[from] ability: Drought|[of] p1a: Torkoal\n|turn|1\n|\n|t:|1698466072\n|move|p2b: Sneasler|Fake Out|p1a: Torkoal\n|-damage|p1a: Torkoal|88\/100\n|move|p1b: Lilligant|After You|p1a: Torkoal\n|-activate|p1a: Torkoal|move: After You\n|cant|p1a: Torkoal|flinch\n|move|p2a: Typhlosion|Eruption|p1a: Torkoal|[spread] p1a,p1b\n|-resisted|p1a: Torkoal\n|-supereffective|p1b: Lilligant\n|-damage|p1a: Torkoal|26\/100\n|-damage|p1b: Lilligant|0 fnt\n|faint|p1b: Lilligant\n|\n|-weather|SunnyDay|[upkeep]\n|upkeep\n|inactive|psyducksweeps has 120 seconds left.\n|\n|t:|1698466092\n|switch|p1b: Flutter Mane|Flutter Mane|100\/100\n|-activate|p1b: Flutter Mane|ability: Protosynthesis\n|-start|p1b: Flutter Mane|protosynthesisspe\n|turn|2\n|inactive|psyducksweeps has 120 seconds left.\n|\n|t:|1698466132\n|switch|p1a: Arcanine|Arcanine-Hisui, M|100\/100\n|move|p1b: Flutter Mane|Shadow Ball|p2a: Typhlosion\n|-supereffective|p2a: Typhlosion\n|-enditem|p2a: Typhlosion|Focus Sash\n|-damage|p2a: Typhlosion|1\/100\n|move|p2b: Sneasler|Dire Claw|p1b: Flutter Mane\n|-damage|p1b: Flutter Mane|0 fnt\n|faint|p1b: Flutter Mane\n|-end|p1b: Flutter Mane|Protosynthesis|[silent]\n|move|p2a: Typhlosion|Eruption|p1a: Arcanine\n|-resisted|p1a: Arcanine\n|-damage|p1a: Arcanine|99\/100\n|\n|-weather|SunnyDay|[upkeep]\n|upkeep\n|\n|t:|1698466152\n|switch|p1b: Typhlosion|Typhlosion-Hisui, F|100\/100\n|-item|p2b: Sneasler|Focus Sash|[from] ability: Frisk|[of] p1b: Typhlosion|[identify]\n|turn|3\n|inactive|psyducksweeps has 120 seconds left.\n|\n|t:|1698466178\n|move|p2a: Typhlosion|Protect|p2a: Typhlosion\n|-singleturn|p2a: Typhlosion|Protect\n|move|p1b: Typhlosion|Eruption|p2b: Sneasler|[spread] p2b\n|-activate|p2a: Typhlosion|move: Protect\n|-enditem|p2b: Sneasler|Focus Sash\n|-damage|p2b: Sneasler|1\/100\n|move|p1a: Arcanine|Head Smash|p2b: Sneasler\n|-resisted|p2b: Sneasler\n|-damage|p2b: Sneasler|0 fnt\n|faint|p2b: Sneasler\n|\n|-weather|SunnyDay|[upkeep]\n|upkeep\n|inactive|Joecheve13 has 120 seconds left.\n|\n|t:|1698466207\n|switch|p2b: Glimmora|Glimmora, F|100\/100\n|turn|4\n|inactive|Joecheve13 has 120 seconds left.\n|inactive|Joecheve13 has 90 seconds left.\n|\n|t:|1698466249\n|-terastallize|p1b: Typhlosion|Fire\n|move|p1b: Typhlosion|Eruption|p2a: Typhlosion|[spread] p2a,p2b\n|-resisted|p2a: Typhlosion\n|-resisted|p2b: Glimmora\n|-damage|p2a: Typhlosion|0 fnt\n|-damage|p2b: Glimmora|27\/100\n|faint|p2a: Typhlosion\n|move|p1a: Arcanine|Head Smash|p2b: Glimmora|[miss]\n|-miss|p1a: Arcanine|p2b: Glimmora\n|move|p2b: Glimmora|Power Gem|p1b: Typhlosion\n|-supereffective|p1b: Typhlosion\n|-damage|p1b: Typhlosion|0 fnt\n|faint|p1b: Typhlosion\n|\n|-weather|SunnyDay|[upkeep]\n|upkeep\n|\n|t:|1698466264\n|switch|p2a: Sinistcha|Sinistcha|100\/100\n|switch|p1b: Roaring Moon|Roaring Moon|100\/100\n|-activate|p1b: Roaring Moon|ability: Protosynthesis\n|-start|p1b: Roaring Moon|protosynthesisatk\n|-heal|p2b: Glimmora|51\/100|[from] ability: Hospitality|[of] p2a: Sinistcha\n|turn|5\n|inactive|Joecheve13 has 120 seconds left.\n|\n|t:|1698466279\n|move|p2a: Sinistcha|Protect|p2a: Sinistcha\n|-singleturn|p2a: Sinistcha|Protect\n|move|p1b: Roaring Moon|Crunch|p2a: Sinistcha\n|-activate|p2a: Sinistcha|move: Protect\n|move|p1a: Arcanine|Head Smash|p2b: Glimmora|[miss]\n|-miss|p1a: Arcanine|p2b: Glimmora\n|move|p2b: Glimmora|Earth Power|p1a: Arcanine\n|-supereffective|p1a: Arcanine\n|-damage|p1a: Arcanine|0 fnt\n|faint|p1a: Arcanine\n|\n|-weather|SunnyDay|[upkeep]\n|upkeep\n|c|\u2606psyducksweeps|BROOOOOOOO\n|-message|psyducksweeps forfeited.\n|\n|win|Joecheve13\n|raw|psyducksweeps's rating: 1431 &rarr; <strong>1411<\/strong><br \/>(-20 for losing)\n|raw|Joecheve13's rating: 1437 &rarr; <strong>1457<\/strong><br \/>(+20 for winning)\n","uploadtime":1698466303,"views":20,"p1id":"psyducksweeps","p2id":"joecheve13","formatid":"gen9doublesou","rating":1411,"private":0,"password":""}