{"id":"gen9doublesou-1994029406","p1":"prassai","p2":"kadenzah","format":"[Gen 9] Doubles OU","log":"|j|\u2606prassai\n|j|\u2606kadenzah\n|t:|1700396458\n|gametype|doubles\n|player|p1|prassai|2|1200\n|player|p2|kadenzah|blackbelt-gen4dp|1221\n|teamsize|p1|6\n|teamsize|p2|6\n|gen|9\n|tier|[Gen 9] Doubles OU\n|rated|\n|rule|Species Clause: Limit one of each Pok\u00e9mon\n|rule|OHKO Clause: OHKO moves are banned\n|rule|Evasion Moves Clause: Evasion moves are banned\n|rule|Gravity Sleep Clause: The combination of sleep-inducing moves with imperfect accuracy and Gravity or Gigantamax Orbeetle are banned\n|rule|Endless Battle Clause: Forcing endless battles is banned\n|rule|HP Percentage Mod: HP is shown in percentages\n|clearpoke\n|poke|p1|Regidrago|\n|poke|p1|Walking Wake|\n|poke|p1|Cresselia, F|\n|poke|p1|Skeledirge, M|\n|poke|p1|Murkrow, F|\n|poke|p1|Roaring Moon|\n|poke|p2|Armarouge, M|\n|poke|p2|Indeedee-F, F|\n|poke|p2|Amoonguss, M|\n|poke|p2|Flutter Mane|\n|poke|p2|Landorus-Therian, M|\n|poke|p2|Iron Bundle|\n|teampreview\n|inactive|Battle timer is ON: inactive players will automatically lose when time's up. (requested by prassai)\n|\n|t:|1700396479\n|start\n|switch|p1a: Murkrow|Murkrow, F|100\/100\n|switch|p1b: Walking Wake|Walking Wake|100\/100\n|switch|p2a: Indeedee|Indeedee-F, F|100\/100\n|switch|p2b: Armarouge|Armarouge, M|100\/100\n|-fieldstart|move: Psychic Terrain|[from] ability: Psychic Surge|[of] p2a: Indeedee\n|-enditem|p2a: Indeedee|Psychic Seed\n|-boost|p2a: Indeedee|spd|1|[from] item: Psychic Seed\n|-enditem|p1b: Walking Wake|Booster Energy\n|-activate|p1b: Walking Wake|ability: Protosynthesis|[fromitem]\n|-start|p1b: Walking Wake|protosynthesisspa\n|turn|1\n|\n|t:|1700396496\n|-terastallize|p1b: Walking Wake|Water\n|move|p2b: Armarouge|Protect|p2b: Armarouge\n|-singleturn|p2b: Armarouge|Protect\n|move|p1a: Murkrow|Thunder Wave|p2b: Armarouge\n|-activate|p2b: Armarouge|move: Psychic Terrain\n|move|p1b: Walking Wake|Surf|p2b: Armarouge|[spread] p1a,p2a\n|-activate|p2b: Armarouge|move: Protect\n|-enditem|p1a: Murkrow|Focus Sash\n|-damage|p1a: Murkrow|1\/100\n|-damage|p2a: Indeedee|62\/100\n|move|p2a: Indeedee|Trick Room|p2a: Indeedee\n|-fieldstart|move: Trick Room|[of] p2a: Indeedee\n|\n|upkeep\n|turn|2\n|\n|t:|1700396526\n|move|p1a: Murkrow|Thunder Wave|p2b: Armarouge\n|-activate|p2b: Armarouge|move: Psychic Terrain\n|move|p2b: Armarouge|Expanding Force|p1a: Murkrow|[spread] p1b\n|-immune|p1a: Murkrow\n|-damage|p1b: Walking Wake|39\/100\n|move|p2a: Indeedee|Psyshock|p1a: Murkrow\n|-immune|p1a: Murkrow\n|move|p1b: Walking Wake|Surf|p2b: Armarouge|[spread] p1a,p2a,p2b\n|-supereffective|p2b: Armarouge\n|-damage|p1a: Murkrow|0 fnt\n|-damage|p2a: Indeedee|17\/100\n|-damage|p2b: Armarouge|0 fnt\n|faint|p1a: Murkrow\n|faint|p2b: Armarouge\n|\n|upkeep\n|\n|t:|1700396550\n|switch|p2b: Landorus|Landorus-Therian, M|100\/100\n|switch|p1a: Skeledirge|Skeledirge, M|100\/100\n|-ability|p2b: Landorus|Intimidate|boost\n|-unboost|p1a: Skeledirge|atk|1\n|-unboost|p1b: Walking Wake|atk|1\n|turn|3\n|\n|t:|1700396570\n|switch|p1a: Cresselia|Cresselia, F|100\/100\n|switch|p2a: Amoonguss|Amoonguss, M|100\/100\n|move|p1b: Walking Wake|Surf|p2a: Amoonguss|[spread] p1a,p2a,p2b\n|-resisted|p2a: Amoonguss\n|-supereffective|p2b: Landorus\n|-damage|p1a: Cresselia|60\/100\n|-damage|p2a: Amoonguss|69\/100\n|-damage|p2b: Landorus|0 fnt\n|faint|p2b: Landorus\n|\n|-heal|p1a: Cresselia|66\/100|[from] item: Leftovers\n|upkeep\n|\n|t:|1700396586\n|switch|p2b: Flutter Mane|Flutter Mane|100\/100\n|-enditem|p2b: Flutter Mane|Booster Energy\n|-activate|p2b: Flutter Mane|ability: Protosynthesis|[fromitem]\n|-start|p2b: Flutter Mane|protosynthesisspe\n|turn|4\n|\n|t:|1700396600\n|move|p2a: Amoonguss|Spore|p1a: Cresselia\n|-status|p1a: Cresselia|slp|[from] move: Spore\n|cant|p1a: Cresselia|slp\n|move|p1b: Walking Wake|Surf|p2b: Flutter Mane|[spread] p1a,p2a,p2b\n|-resisted|p2a: Amoonguss\n|-damage|p1a: Cresselia|28\/100 slp\n|-damage|p2a: Amoonguss|40\/100\n|-damage|p2b: Flutter Mane|27\/100\n|move|p2b: Flutter Mane|Dazzling Gleam|p1a: Cresselia|[spread] p1a,p1b\n|-damage|p1a: Cresselia|10\/100 slp\n|-damage|p1b: Walking Wake|7\/100\n|\n|-heal|p1a: Cresselia|16\/100 slp|[from] item: Leftovers\n|upkeep\n|turn|5\n|\n|t:|1700396617\n|move|p2a: Amoonguss|Spore|p1b: Walking Wake\n|-status|p1b: Walking Wake|slp|[from] move: Spore\n|cant|p1a: Cresselia|slp\n|cant|p1b: Walking Wake|slp\n|move|p2b: Flutter Mane|Dazzling Gleam|p1b: Walking Wake|[spread] p1a,p1b\n|-damage|p1a: Cresselia|0 fnt\n|-damage|p1b: Walking Wake|0 fnt\n|faint|p1a: Cresselia\n|faint|p1b: Walking Wake\n|-end|p1b: Walking Wake|Protosynthesis|[silent]\n|\n|-fieldend|move: Trick Room\n|-fieldend|move: Psychic Terrain\n|upkeep\n|\n|t:|1700396625\n|switch|p1b: Skeledirge|Skeledirge, M|100\/100\n|switch|p1a: Roaring Moon|Roaring Moon|100\/100\n|-enditem|p1a: Roaring Moon|Booster Energy\n|-activate|p1a: Roaring Moon|ability: Protosynthesis|[fromitem]\n|-start|p1a: Roaring Moon|protosynthesisatk\n|turn|6\n|inactive|kadenzah has 120 seconds left.\n|\n|t:|1700396661\n|move|p2b: Flutter Mane|Dazzling Gleam|p1b: Skeledirge|[spread] p1a,p1b\n|-supereffective|p1a: Roaring Moon\n|-resisted|p1b: Skeledirge\n|-damage|p1a: Roaring Moon|0 fnt\n|-damage|p1b: Skeledirge|88\/100\n|faint|p1a: Roaring Moon\n|-end|p1a: Roaring Moon|Protosynthesis|[silent]\n|move|p1b: Skeledirge|Substitute|p1b: Skeledirge\n|-start|p1b: Skeledirge|Substitute\n|-damage|p1b: Skeledirge|63\/100\n|move|p2a: Amoonguss|Spore||[still]\n|-fail|p2a: Amoonguss\n|\n|upkeep\n|\n|t:|1700396665\n|switch|p1a: Regidrago|Regidrago|100\/100\n|turn|7\n|\n|t:|1700396681\n|move|p1a: Regidrago|Protect|p1a: Regidrago\n|-singleturn|p1a: Regidrago|Protect\n|move|p2b: Flutter Mane|Dazzling Gleam|p1b: Skeledirge|[spread] p1b\n|-activate|p1a: Regidrago|move: Protect\n|-resisted|p1b: Skeledirge\n|-activate|p1b: Skeledirge|move: Substitute|[damage]\n|move|p1b: Skeledirge|Torch Song|p2b: Flutter Mane\n|-damage|p2b: Flutter Mane|0 fnt\n|-boost|p1b: Skeledirge|spa|1\n|faint|p2b: Flutter Mane\n|-end|p2b: Flutter Mane|Protosynthesis|[silent]\n|-heal|p1b: Skeledirge|65\/100|[from] item: Shell Bell|[of] p2: Flutter Mane\n|move|p2a: Amoonguss|Spore|p1a: Regidrago\n|-activate|p1a: Regidrago|move: Protect\n|\n|upkeep\n|inactive|kadenzah has 120 seconds left.\n|\n|t:|1700396706\n|switch|p2b: Iron Bundle|Iron Bundle|100\/100\n|turn|8\n|\n|t:|1700396725\n|move|p2b: Iron Bundle|Icy Wind|p1a: Regidrago|[spread] p1a,p1b\n|-resisted|p1b: Skeledirge\n|-activate|p1b: Skeledirge|move: Substitute|[damage]\n|-supereffective|p1a: Regidrago\n|-damage|p1a: Regidrago|61\/100\n|-unboost|p1a: Regidrago|spe|1\n|move|p1b: Skeledirge|Torch Song|p2b: Iron Bundle\n|-damage|p2b: Iron Bundle|4\/100\n|-boost|p1b: Skeledirge|spa|1\n|-heal|p1b: Skeledirge|74\/100|[from] item: Shell Bell|[of] p2b: Iron Bundle\n|move|p2a: Amoonguss|Spore|p1a: Regidrago\n|-status|p1a: Regidrago|slp|[from] move: Spore\n|-enditem|p1a: Regidrago|Lum Berry|[eat]\n|-curestatus|p1a: Regidrago|slp|[msg]\n|move|p1a: Regidrago|Dragon Energy|p2a: Amoonguss|[spread] p2a,p2b\n|-damage|p2a: Amoonguss|0 fnt\n|-damage|p2b: Iron Bundle|0 fnt\n|faint|p2a: Amoonguss\n|faint|p2b: Iron Bundle\n|-end|p2b: Iron Bundle|Quark Drive|[silent]\n|\n|upkeep\n|inactive|kadenzah has 120 seconds left.\n|-message|kadenzah forfeited.\n|\n|win|prassai\n|raw|prassai's rating: 1200 &rarr; <strong>1227<\/strong><br \/>(+27 for winning)\n|raw|kadenzah's rating: 1221 &rarr; <strong>1194<\/strong><br \/>(-27 for losing)\n|l|\u2606kadenzah\n","uploadtime":1700396754,"views":12,"p1id":"prassai","p2id":"kadenzah","formatid":"gen9doublesou","rating":1194,"private":0,"password":""}