{"id":"gen9doublesou-1973767966","p1":"Ca$h ketchup","p2":"mikeyuwu","format":"[Gen 9] Doubles OU","log":"|j|\u2606Ca$h ketchup\n|j|\u2606mikeyuwu\n|t:|1698011417\n|gametype|doubles\n|player|p1|Ca$h ketchup|riley|1325\n|player|p2|mikeyuwu|psychic-gen4|1221\n|teamsize|p1|6\n|teamsize|p2|6\n|gen|9\n|tier|[Gen 9] Doubles OU\n|rated|\n|rule|Species Clause: Limit one of each Pok\u00e9mon\n|rule|OHKO Clause: OHKO moves are banned\n|rule|Evasion Moves Clause: Evasion moves are banned\n|rule|Gravity Sleep Clause: The combination of sleep-inducing moves with imperfect accuracy and Gravity or Gigantamax Orbeetle are banned\n|rule|Endless Battle Clause: Forcing endless battles is banned\n|rule|HP Percentage Mod: HP is shown in percentages\n|clearpoke\n|poke|p1|Gliscor, F|\n|poke|p1|Sinistcha-Masterpiece|\n|poke|p1|Empoleon, M|\n|poke|p1|Volcarona, M|\n|poke|p1|Zoroark-Hisui, M|\n|poke|p1|Grimmsnarl, M|\n|poke|p2|Garchomp, M|\n|poke|p2|Tyranitar, F|\n|poke|p2|Vaporeon, F|\n|poke|p2|Toxicroak, M|\n|poke|p2|Pelipper, F|\n|poke|p2|Abomasnow, M|\n|teampreview\n|inactive|Battle timer is ON: inactive players will automatically lose when time's up. (requested by Ca$h ketchup)\n|\n|t:|1698011428\n|start\n|switch|p1a: Grimmsnarl|Grimmsnarl, M|100\/100\n|switch|p1b: Empoleon|Empoleon, M|100\/100\n|switch|p2a: OTLHPM|Toxicroak, M|100\/100\n|switch|p2b: Harmacy|Vaporeon, F|100\/100\n|turn|1\n|\n|t:|1698011442\n|switch|p2b: Weather War|Pelipper, F|100\/100\n|-weather|RainDance|[from] ability: Drizzle|[of] p2b: Weather War\n|move|p1a: Grimmsnarl|Light Screen|p1a: Grimmsnarl\n|-sidestart|p1: Ca$h ketchup|move: Light Screen\n|move|p1b: Empoleon|Extrasensory|p2a: OTLHPM\n|-supereffective|p2a: OTLHPM\n|-damage|p2a: OTLHPM|0 fnt\n|faint|p2a: OTLHPM\n|\n|-weather|RainDance|[upkeep]\n|upkeep\n|\n|t:|1698011453\n|switch|p2a: ThcrThnSnkr|Tyranitar, F|100\/100\n|-weather|Sandstorm|[from] ability: Sand Stream|[of] p2a: ThcrThnSnkr\n|turn|2\n|\n|t:|1698011471\n|move|p1a: Grimmsnarl|Reflect|p1a: Grimmsnarl\n|-sidestart|p1: Ca$h ketchup|Reflect\n|move|p1b: Empoleon|Hyper Voice|p2a: ThcrThnSnkr|[spread] p2a,p2b\n|-resisted|p2a: ThcrThnSnkr\n|-damage|p2a: ThcrThnSnkr|95\/100\n|-damage|p2b: Weather War|51\/100\n|-enditem|p1b: Empoleon|Throat Spray\n|-boost|p1b: Empoleon|spa|1|[from] item: Throat Spray\n|move|p2b: Weather War|Chilling Water|p1a: Grimmsnarl\n|-damage|p1a: Grimmsnarl|92\/100\n|-unboost|p1a: Grimmsnarl|atk|1\n|move|p2a: ThcrThnSnkr|Knock Off|p1b: Empoleon\n|-supereffective|p1b: Empoleon\n|-damage|p1b: Empoleon|17\/100\n|replace|p1b: Zoroark|Zoroark-Hisui, M\n|-end|p1b: Zoroark|Illusion\n|\n|-weather|Sandstorm|[upkeep]\n|-damage|p1b: Zoroark|11\/100|[from] Sandstorm\n|-damage|p2b: Weather War|45\/100|[from] Sandstorm\n|-damage|p1a: Grimmsnarl|86\/100|[from] Sandstorm\n|upkeep\n|turn|3\n|\n|t:|1698011496\n|move|p1b: Zoroark|Hyper Voice|p2b: Weather War|[spread] p2a,p2b\n|-resisted|p2a: ThcrThnSnkr\n|-crit|p2a: ThcrThnSnkr\n|-damage|p2a: ThcrThnSnkr|85\/100\n|-damage|p2b: Weather War|0 fnt\n|faint|p2b: Weather War\n|move|p2a: ThcrThnSnkr|Rock Slide|p1b: Zoroark|[spread] p1a,p1b\n|-damage|p1a: Grimmsnarl|64\/100\n|-damage|p1b: Zoroark|0 fnt\n|faint|p1b: Zoroark\n|move|p1a: Grimmsnarl|Spirit Break|p2a: ThcrThnSnkr\n|-supereffective|p2a: ThcrThnSnkr\n|-damage|p2a: ThcrThnSnkr|45\/100\n|-unboost|p2a: ThcrThnSnkr|spa|1\n|\n|-weather|Sandstorm|[upkeep]\n|-damage|p1a: Grimmsnarl|58\/100|[from] Sandstorm\n|upkeep\n|\n|t:|1698011516\n|switch|p1b: Volcarona|Volcarona, M|100\/100\n|switch|p2b: Extra Spicy|Garchomp, M|100\/100\n|turn|4\n|\n|t:|1698011539\n|move|p1b: Volcarona|Giga Drain|p2a: ThcrThnSnkr\n|-supereffective|p2a: ThcrThnSnkr\n|-damage|p2a: ThcrThnSnkr|28\/100\n|move|p2b: Extra Spicy|Brick Break|p1a: Grimmsnarl\n|-sideend|p1: Ca$h ketchup|Reflect\n|-sideend|p1: Ca$h ketchup|move: Light Screen\n|-damage|p1a: Grimmsnarl|30\/100\n|move|p2a: ThcrThnSnkr|Rock Slide|p1b: Volcarona|[spread] p1a\n|-miss|p2a: ThcrThnSnkr|p1b: Volcarona\n|-damage|p1a: Grimmsnarl|0 fnt\n|faint|p1a: Grimmsnarl\n|\n|-weather|Sandstorm|[upkeep]\n|-damage|p1b: Volcarona|94\/100|[from] Sandstorm\n|upkeep\n|\n|t:|1698011553\n|switch|p1a: Sinistcha|Sinistcha-Masterpiece|100\/100\n|-heal|p1b: Volcarona|100\/100|[from] ability: Hospitality|[of] p1a: Sinistcha\n|turn|5\n|\n|t:|1698011571\n|move|p1b: Volcarona|Giga Drain|p2b: Extra Spicy\n|-damage|p2b: Extra Spicy|71\/100\n|move|p2b: Extra Spicy|Liquidation|p1b: Volcarona\n|-supereffective|p1b: Volcarona\n|-damage|p1b: Volcarona|30\/100\n|move|p1a: Sinistcha|Matcha Gotcha|p2b: Extra Spicy|[spread] p2a,p2b\n|-supereffective|p2a: ThcrThnSnkr\n|-damage|p2a: ThcrThnSnkr|13\/100\n|-damage|p2b: Extra Spicy|50\/100\n|move|p2a: ThcrThnSnkr|Knock Off|p1a: Sinistcha\n|-supereffective|p1a: Sinistcha\n|-damage|p1a: Sinistcha|39\/100\n|-enditem|p1a: Sinistcha|Big Root|[from] move: Knock Off|[of] p2a: ThcrThnSnkr\n|\n|-weather|Sandstorm|[upkeep]\n|-damage|p1b: Volcarona|24\/100|[from] Sandstorm\n|-damage|p1a: Sinistcha|33\/100|[from] Sandstorm\n|upkeep\n|turn|6\n|\n|t:|1698011602\n|move|p1b: Volcarona|Giga Drain|p2b: Extra Spicy\n|-damage|p2b: Extra Spicy|22\/100\n|-heal|p1b: Volcarona|43\/100|[from] drain|[of] p2b: Extra Spicy\n|move|p2b: Extra Spicy|Liquidation|p1b: Volcarona\n|-supereffective|p1b: Volcarona\n|-damage|p1b: Volcarona|0 fnt\n|faint|p1b: Volcarona\n|move|p1a: Sinistcha|Matcha Gotcha|p2b: Extra Spicy|[spread] p2a\n|-miss|p1a: Sinistcha|p2b: Extra Spicy\n|-supereffective|p2a: ThcrThnSnkr\n|-damage|p2a: ThcrThnSnkr|0 fnt\n|-heal|p1a: Sinistcha|40\/100|[from] drain|[of] p2a: ThcrThnSnkr\n|faint|p2a: ThcrThnSnkr\n|\n|-weather|none\n|upkeep\n|\n|t:|1698011621\n|switch|p1b: Gliscor|Gliscor, F|100\/100\n|switch|p2a: Cold Shoulder|Abomasnow, M, shiny|100\/100\n|-weather|Snow|[from] ability: Snow Warning|[of] p2a: Cold Shoulder\n|turn|7\n|\n|t:|1698011651\n|-terastallize|p1b: Gliscor|Water\n|move|p1b: Gliscor|Earthquake|p2b: Extra Spicy|[spread] p1a,p2a,p2b\n|-resisted|p1a: Sinistcha\n|-resisted|p2a: Cold Shoulder\n|-damage|p1a: Sinistcha|29\/100\n|-damage|p2a: Cold Shoulder|92\/100\n|-damage|p2b: Extra Spicy|3\/100\n|move|p2b: Extra Spicy|Poison Jab|p1a: Sinistcha\n|-damage|p1a: Sinistcha|13\/100\n|-status|p1a: Sinistcha|psn\n|move|p1a: Sinistcha|Matcha Gotcha|p2a: Cold Shoulder|[spread] p2a,p2b\n|-resisted|p2a: Cold Shoulder\n|-damage|p2a: Cold Shoulder|78\/100\n|-heal|p1a: Sinistcha|20\/100 psn|[from] drain|[of] p2a: Cold Shoulder\n|-damage|p2b: Extra Spicy|0 fnt\n|-heal|p1a: Sinistcha|21\/100 psn|[from] drain|[of] p2b: Extra Spicy\n|faint|p2b: Extra Spicy\n|move|p2a: Cold Shoulder|Blizzard|p1a: Sinistcha|[spread] p1a,p1b\n|-supereffective|p1a: Sinistcha\n|-resisted|p1b: Gliscor\n|-damage|p1a: Sinistcha|0 fnt\n|-damage|p1b: Gliscor|77\/100\n|faint|p1a: Sinistcha\n|\n|-weather|Snow|[upkeep]\n|-status|p1b: Gliscor|tox|[from] item: Toxic Orb\n|upkeep\n|\n|t:|1698011671\n|switch|p2b: Harmacy|Vaporeon, F|100\/100\n|switch|p1a: Empoleon|Empoleon, M|100\/100\n|turn|8\n|c|\u2606mikeyuwu|Gg\n|\n|t:|1698011685\n|move|p1b: Gliscor|Facade|p2b: Harmacy\n|-damage|p2b: Harmacy|74\/100\n|move|p2a: Cold Shoulder|Giga Drain|p1b: Gliscor\n|-supereffective|p1b: Gliscor\n|-damage|p1b: Gliscor|0 fnt\n|-heal|p2a: Cold Shoulder|100\/100|[from] drain|[of] p1b: Gliscor\n|faint|p1b: Gliscor\n|move|p2b: Harmacy|Copycat|p2b: Harmacy\n|move|p2b: Harmacy|Giga Drain|p1a: Empoleon|[from]move: Copycat\n|-damage|p1a: Empoleon|89\/100\n|-heal|p2b: Harmacy|79\/100|[from] drain|[of] p1a: Empoleon\n|move|p1a: Empoleon|Air Slash|p2a: Cold Shoulder\n|-supereffective|p2a: Cold Shoulder\n|-damage|p2a: Cold Shoulder|44\/100\n|\n|-weather|Snow|[upkeep]\n|-heal|p2b: Harmacy|85\/100|[from] item: Leftovers\n|upkeep\n|turn|9\n|c|\u2606Ca$h ketchup|gg\n|\n|t:|1698011711\n|-terastallize|p2a: Cold Shoulder|Water\n|move|p2a: Cold Shoulder|Leech Seed|p1a: Empoleon\n|-start|p1a: Empoleon|move: Leech Seed\n|move|p2b: Harmacy|Wish|p2b: Harmacy\n|move|p1a: Empoleon|Air Slash|p2a: Cold Shoulder\n|-damage|p2a: Cold Shoulder|18\/100\n|\n|-weather|Snow|[upkeep]\n|-heal|p2b: Harmacy|91\/100|[from] item: Leftovers\n|-damage|p1a: Empoleon|77\/100|[from] Leech Seed|[of] p2a: Cold Shoulder\n|-heal|p2a: Cold Shoulder|31\/100|[silent]\n|upkeep\n|turn|10\n|-message|Ca$h ketchup forfeited.\n|\n|win|mikeyuwu\n|raw|Ca$h ketchup's rating: 1325 &rarr; <strong>1299<\/strong><br \/>(-26 for losing)\n|raw|mikeyuwu's rating: 1221 &rarr; <strong>1253<\/strong><br \/>(+32 for winning)\n|l|\u2606Ca$h ketchup\n","uploadtime":1698011748,"views":14,"p1id":"cahketchup","p2id":"mikeyuwu","formatid":"gen9doublesou","rating":1253,"private":0,"password":""}