{"id":"gen9doublesou-1993770095","p1":"angelitopene","p2":"firoewf","format":"[Gen 9] Doubles OU","log":"|j|\u2606angelitopene\n|j|\u2606firoewf\n|t:|1700355173\n|gametype|doubles\n|player|p1|angelitopene|swimmer-gen4|1324\n|player|p2|firoewf|cynthia|1382\n|teamsize|p1|6\n|teamsize|p2|6\n|gen|9\n|tier|[Gen 9] Doubles OU\n|rated|\n|rule|Species Clause: Limit one of each Pok\u00e9mon\n|rule|OHKO Clause: OHKO moves are banned\n|rule|Evasion Moves Clause: Evasion moves are banned\n|rule|Gravity Sleep Clause: The combination of sleep-inducing moves with imperfect accuracy and Gravity or Gigantamax Orbeetle are banned\n|rule|Endless Battle Clause: Forcing endless battles is banned\n|rule|HP Percentage Mod: HP is shown in percentages\n|clearpoke\n|poke|p1|Empoleon, F|\n|poke|p1|Arcanine-Hisui, F|\n|poke|p1|Roaring Moon|\n|poke|p1|Farigiraf, M|\n|poke|p1|Zapdos-Galar|\n|poke|p1|Electrode-Hisui|\n|poke|p2|Kingambit, F|\n|poke|p2|Hariyama, M|\n|poke|p2|Torkoal, F|\n|poke|p2|Meowscarada, F|\n|poke|p2|Dragonite, F|\n|poke|p2|Farigiraf, F|\n|teampreview\n|inactive|Battle timer is ON: inactive players will automatically lose when time's up. (requested by angelitopene)\n|\n|t:|1700355184\n|start\n|switch|p1a: Farigiraf|Farigiraf, M|100\/100\n|switch|p1b: Zapdos|Zapdos-Galar|100\/100\n|switch|p2a: Hariyama|Hariyama, M|100\/100\n|switch|p2b: Farigiraf|Farigiraf, F|100\/100\n|turn|1\n|\n|t:|1700355195\n|move|p2a: Hariyama|Fake Out||[still]\n|cant|p1a: Farigiraf|ability: Armor Tail|Fake Out|[of] p2a: Hariyama\n|move|p1b: Zapdos|Tailwind|p1b: Zapdos\n|-sidestart|p1: angelitopene|move: Tailwind\n|move|p1a: Farigiraf|Twin Beam|p2a: Hariyama\n|-supereffective|p2a: Hariyama\n|-damage|p2a: Hariyama|54\/100\n|-supereffective|p2a: Hariyama\n|-damage|p2a: Hariyama|5\/100\n|-hitcount|p2a: Hariyama|2\n|move|p2b: Farigiraf|Trick Room|p2b: Farigiraf\n|-fieldstart|move: Trick Room|[of] p2b: Farigiraf\n|\n|-status|p2a: Hariyama|brn|[from] item: Flame Orb\n|upkeep\n|turn|2\n|\n|t:|1700355213\n|move|p1a: Farigiraf|Ally Switch|p1a: Farigiraf\n|swap|p1a: Farigiraf|1|[from] move: Ally Switch\n|move|p2a: Hariyama|Close Combat|p1a: Zapdos\n|-resisted|p1a: Zapdos\n|-damage|p1a: Zapdos|42\/100\n|-unboost|p2a: Hariyama|def|1\n|-unboost|p2a: Hariyama|spd|1\n|move|p2b: Farigiraf|Hyper Voice|p1a: Zapdos|[spread] p1a,p1b\n|-damage|p1a: Zapdos|10\/100\n|-damage|p1b: Farigiraf|70\/100\n|-enditem|p2b: Farigiraf|Throat Spray\n|-boost|p2b: Farigiraf|spa|1|[from] item: Throat Spray\n|move|p1a: Zapdos|Knock Off|p2b: Farigiraf\n|-supereffective|p2b: Farigiraf\n|-damage|p2b: Farigiraf|62\/100\n|\n|-heal|p1b: Farigiraf|76\/100|[from] item: Leftovers\n|-damage|p2a: Hariyama|0 fnt|[from] brn\n|faint|p2a: Hariyama\n|upkeep\n|j| Le_Baddie\n|\n|t:|1700355231\n|switch|p2a: Torkoal|Torkoal, F|100\/100\n|-weather|SunnyDay|[from] ability: Drought|[of] p2a: Torkoal\n|turn|3\n|inactive|angelitopene has 120 seconds left.\n|\n|t:|1700355283\n|switch|p1a: Empoleon|Empoleon, F|100\/100\n|-terastallize|p2a: Torkoal|Fire\n|move|p2b: Farigiraf|Protect|p2b: Farigiraf\n|-singleturn|p2b: Farigiraf|Protect\n|move|p2a: Torkoal|Eruption|p1a: Empoleon|[spread] p1a,p1b\n|-damage|p1a: Empoleon|20\/100\n|-damage|p1b: Farigiraf|0 fnt\n|faint|p1b: Farigiraf\n|\n|-weather|SunnyDay|[upkeep]\n|upkeep\n|\n|t:|1700355295\n|switch|p1b: Arcanine|Arcanine-Hisui, F|100\/100\n|-ability|p1b: Arcanine|Intimidate|boost\n|-unboost|p2a: Torkoal|atk|1\n|-unboost|p2b: Farigiraf|atk|1\n|turn|4\n|\n|t:|1700355307\n|switch|p2b: Kingambit|Kingambit, F|100\/100\n|-terastallize|p1b: Arcanine|Normal\n|move|p1b: Arcanine|Extreme Speed|p2a: Torkoal\n|-damage|p2a: Torkoal|54\/100\n|move|p2a: Torkoal|Eruption|p1a: Empoleon|[spread] p1a,p1b\n|-damage|p1a: Empoleon|0 fnt\n|-damage|p1b: Arcanine|20\/100\n|faint|p1a: Empoleon\n|\n|-weather|SunnyDay|[upkeep]\n|-sideend|p1: angelitopene|move: Tailwind\n|upkeep\n|\n|t:|1700355318\n|switch|p1a: Zapdos|Zapdos-Galar|10\/100\n|turn|5\n|\n|t:|1700355325\n|move|p1b: Arcanine|Extreme Speed|p2a: Torkoal\n|-damage|p2a: Torkoal|8\/100\n|move|p2b: Kingambit|Sucker Punch|p1a: Zapdos\n|-resisted|p1a: Zapdos\n|-damage|p1a: Zapdos|0 fnt\n|faint|p1a: Zapdos\n|move|p2a: Torkoal|Eruption|p1b: Arcanine\n|-damage|p1b: Arcanine|6\/100\n|\n|-weather|SunnyDay|[upkeep]\n|-fieldend|move: Trick Room\n|upkeep\n|\n|t:|1700355332\n|switch|p1a: Roaring Moon|Roaring Moon|100\/100\n|-activate|p1a: Roaring Moon|ability: Protosynthesis\n|-start|p1a: Roaring Moon|protosynthesisatk\n|turn|6\n|\n|t:|1700355340\n|move|p1b: Arcanine|Extreme Speed|p2a: Torkoal\n|-damage|p2a: Torkoal|0 fnt\n|faint|p2a: Torkoal\n|move|p2b: Kingambit|Sucker Punch||[still]\n|-fail|p2b: Kingambit\n|move|p1a: Roaring Moon|Dragon Dance|p1a: Roaring Moon\n|-boost|p1a: Roaring Moon|atk|1\n|-boost|p1a: Roaring Moon|spe|1\n|\n|-weather|SunnyDay|[upkeep]\n|upkeep\n|\n|t:|1700355351\n|switch|p2a: Farigiraf|Farigiraf, F|62\/100\n|turn|7\n|\n|t:|1700355357\n|move|p2b: Kingambit|Protect|p2b: Kingambit\n|-singleturn|p2b: Kingambit|Protect\n|move|p1b: Arcanine|Extreme Speed||[still]\n|cant|p2a: Farigiraf|ability: Armor Tail|Extreme Speed|[of] p1b: Arcanine\n|move|p1a: Roaring Moon|Crunch|p2a: Farigiraf\n|-supereffective|p2a: Farigiraf\n|-damage|p2a: Farigiraf|0 fnt\n|faint|p2a: Farigiraf\n|\n|-weather|none\n|-end|p1a: Roaring Moon|Protosynthesis\n|upkeep\n|-enditem|p1a: Roaring Moon|Booster Energy\n|-activate|p1a: Roaring Moon|ability: Protosynthesis|[fromitem]\n|-start|p1a: Roaring Moon|protosynthesisatk\n|\n|t:|1700355368\n|switch|p2a: Dragonite|Dragonite, F|100\/100\n|turn|8\n|inactive|firoewf has 120 seconds left.\n|\n|t:|1700355398\n|move|p1b: Arcanine|Extreme Speed|p2a: Dragonite\n|-damage|p2a: Dragonite|42\/100\n|move|p1a: Roaring Moon|Crunch|p2a: Dragonite\n|-damage|p2a: Dragonite|0 fnt\n|faint|p2a: Dragonite\n|move|p2b: Kingambit|Iron Head|p1b: Arcanine\n|-damage|p1b: Arcanine|0 fnt\n|faint|p1b: Arcanine\n|\n|upkeep\n|\n|t:|1700355407\n|switch|p1b: Electrode|Electrode-Hisui|100\/100\n|switch|p2a: Meowscarada|Meowscarada, F|100\/100\n|turn|9\n|\n|t:|1700355418\n|move|p2a: Meowscarada|Protect|p2a: Meowscarada\n|-singleturn|p2a: Meowscarada|Protect\n|move|p1a: Roaring Moon|Acrobatics|p2a: Meowscarada\n|-activate|p2a: Meowscarada|move: Protect\n|move|p1b: Electrode|Leech Seed|p2b: Kingambit\n|-start|p2b: Kingambit|move: Leech Seed\n|move|p2b: Kingambit|Iron Head|p1a: Roaring Moon\n|-damage|p1a: Roaring Moon|35\/100\n|\n|-damage|p2b: Kingambit|88\/100|[from] Leech Seed|[of] p1b: Electrode\n|upkeep\n|turn|10\n|\n|t:|1700355435\n|move|p2a: Meowscarada|Protect||[still]\n|-fail|p2a: Meowscarada\n|move|p1a: Roaring Moon|Acrobatics|p2a: Meowscarada\n|-supereffective|p2a: Meowscarada\n|-enditem|p2a: Meowscarada|Focus Sash\n|-damage|p2a: Meowscarada|1\/100\n|move|p1b: Electrode|Thunderbolt|p2b: Kingambit\n|-damage|p2b: Kingambit|54\/100\n|move|p2b: Kingambit|Iron Head|p1a: Roaring Moon\n|-damage|p1a: Roaring Moon|0 fnt\n|faint|p1a: Roaring Moon\n|-end|p1a: Roaring Moon|Protosynthesis|[silent]\n|\n|-damage|p2b: Kingambit|41\/100|[from] Leech Seed|[of] p1b: Electrode\n|upkeep\n|turn|11\n|\n|t:|1700355457\n|move|p1b: Electrode|Thunderbolt|p2a: Meowscarada\n|-resisted|p2a: Meowscarada\n|-damage|p2a: Meowscarada|0 fnt\n|faint|p2a: Meowscarada\n|move|p2b: Kingambit|Kowtow Cleave|p1b: Electrode\n|-damage|p1b: Electrode|9\/100\n|\n|-damage|p2b: Kingambit|29\/100|[from] Leech Seed|[of] p1b: Electrode\n|-heal|p1b: Electrode|28\/100|[silent]\n|upkeep\n|turn|12\n|\n|t:|1700355469\n|move|p1b: Electrode|Protect|p1b: Electrode\n|-singleturn|p1b: Electrode|Protect\n|move|p2b: Kingambit|Sucker Punch||[still]\n|-fail|p2b: Kingambit\n|\n|-damage|p2b: Kingambit|17\/100|[from] Leech Seed|[of] p1b: Electrode\n|-heal|p1b: Electrode|48\/100|[silent]\n|upkeep\n|turn|13\n|\n|t:|1700355477\n|move|p1b: Electrode|Protect|p1b: Electrode\n|-singleturn|p1b: Electrode|Protect\n|move|p2b: Kingambit|Sucker Punch||[still]\n|-fail|p2b: Kingambit\n|\n|-damage|p2b: Kingambit|4\/100|[from] Leech Seed|[of] p1b: Electrode\n|-heal|p1b: Electrode|67\/100|[silent]\n|upkeep\n|turn|14\n|\n|t:|1700355492\n|move|p1b: Electrode|Taunt|p2b: Kingambit\n|-start|p2b: Kingambit|move: Taunt\n|move|p2b: Kingambit|Iron Head|p1b: Electrode\n|-resisted|p1b: Electrode\n|-damage|p1b: Electrode|26\/100\n|\n|-damage|p2b: Kingambit|0 fnt|[from] Leech Seed|[of] p1b: Electrode\n|-heal|p1b: Electrode|32\/100|[silent]\n|faint|p2b: Kingambit\n|\n|win|angelitopene\n|upkeep\n|raw|angelitopene's rating: 1324 &rarr; <strong>1347<\/strong><br \/>(+23 for winning)\n|raw|firoewf's rating: 1382 &rarr; <strong>1359<\/strong><br \/>(-23 for losing)\n|c|\u2606firoewf|gg\n|l|\u2606firoewf\n|c|\u2606angelitopene|GG\n","uploadtime":1700355514,"views":8,"p1id":"angelitopene","p2id":"firoewf","formatid":"gen9doublesou","rating":1347,"private":0,"password":""}