{"id":"gen9doublesou-1986086466","p1":"RocketsViability","p2":"sivpix","format":"[Gen 9] Doubles OU","log":"|j|\u2606RocketsViability\n|j|\u2606sivpix\n|t:|1699448549\n|gametype|doubles\n|player|p1|RocketsViability|2|1125\n|player|p2|sivpix|266|1174\n|teamsize|p1|6\n|teamsize|p2|6\n|gen|9\n|tier|[Gen 9] Doubles OU\n|rated|\n|rule|Species Clause: Limit one of each Pok\u00e9mon\n|rule|OHKO Clause: OHKO moves are banned\n|rule|Evasion Moves Clause: Evasion moves are banned\n|rule|Gravity Sleep Clause: The combination of sleep-inducing moves with imperfect accuracy and Gravity or Gigantamax Orbeetle are banned\n|rule|Endless Battle Clause: Forcing endless battles is banned\n|rule|HP Percentage Mod: HP is shown in percentages\n|clearpoke\n|poke|p1|Ninetales-Alola, F|\n|poke|p1|Trevenant, F|\n|poke|p1|Goodra-Hisui, F|\n|poke|p1|Sandslash-Alola, M|\n|poke|p1|Torterra, M|\n|poke|p1|Empoleon, F|\n|poke|p2|Iron Hands|\n|poke|p2|Clefairy, M|\n|poke|p2|Tornadus, M|\n|poke|p2|Iron Bundle|\n|poke|p2|Ninetales-Alola, M|\n|poke|p2|Rillaboom, M|\n|teampreview\n|\n|t:|1699448557\n|start\n|switch|p1a: Trevenant|Trevenant, F|100\/100\n|switch|p1b: Sandslash|Sandslash-Alola, M|100\/100\n|switch|p2a: Iron Bundle|Iron Bundle|100\/100\n|switch|p2b: Ninetales|Ninetales-Alola, M|100\/100\n|-weather|Snow|[from] ability: Snow Warning|[of] p2b: Ninetales\n|-enditem|p2a: Iron Bundle|Booster Energy\n|-activate|p2a: Iron Bundle|ability: Quark Drive|[fromitem]\n|-start|p2a: Iron Bundle|quarkdrivespe\n|turn|1\n|inactive|Battle timer is ON: inactive players will automatically lose when time's up. (requested by sivpix)\n|\n|t:|1699448574\n|move|p2a: Iron Bundle|Blizzard|p1b: Sandslash|[spread] p1a,p1b\n|-supereffective|p1a: Trevenant\n|-resisted|p1b: Sandslash\n|-damage|p1a: Trevenant|38\/100\n|-damage|p1b: Sandslash|86\/100\n|-enditem|p1a: Trevenant|Sitrus Berry|[eat]\n|-heal|p1a: Trevenant|63\/100|[from] item: Sitrus Berry\n|move|p2b: Ninetales|Aurora Veil|p2b: Ninetales\n|-sidestart|p2: sivpix|move: Aurora Veil\n|move|p1b: Sandslash|Iron Head|p2b: Ninetales\n|-supereffective|p2b: Ninetales\n|-damage|p2b: Ninetales|2\/100\n|move|p1a: Trevenant|Disable|p2a: Iron Bundle\n|-start|p2a: Iron Bundle|Disable|Blizzard\n|\n|-weather|Snow|[upkeep]\n|-item|p1a: Trevenant|Sitrus Berry|[from] ability: Harvest\n|upkeep\n|turn|2\n|\n|t:|1699448594\n|move|p1a: Trevenant|Ally Switch|p1a: Trevenant\n|swap|p1a: Trevenant|1|[from] move: Ally Switch\n|move|p1a: Sandslash|Ice Shard|p2b: Ninetales\n|-resisted|p2b: Ninetales\n|-damage|p2b: Ninetales|0 fnt\n|faint|p2b: Ninetales\n|move|p2a: Iron Bundle|Hydro Pump|p1b: Trevenant\n|-resisted|p1b: Trevenant\n|-damage|p1b: Trevenant|42\/100\n|-enditem|p1b: Trevenant|Sitrus Berry|[eat]\n|-heal|p1b: Trevenant|67\/100|[from] item: Sitrus Berry\n|\n|-weather|Snow|[upkeep]\n|-item|p1b: Trevenant|Sitrus Berry|[from] ability: Harvest\n|upkeep\n|\n|t:|1699448601\n|switch|p2b: Clefairy|Clefairy, M|100\/100\n|turn|3\n|\n|t:|1699448611\n|move|p2b: Clefairy|Follow Me|p2b: Clefairy\n|-singleturn|p2b: Clefairy|move: Follow Me\n|move|p2a: Iron Bundle|Freeze-Dry|p1b: Trevenant\n|-supereffective|p1b: Trevenant\n|-damage|p1b: Trevenant|12\/100\n|-enditem|p1b: Trevenant|Sitrus Berry|[eat]\n|-heal|p1b: Trevenant|37\/100|[from] item: Sitrus Berry\n|move|p1a: Sandslash|Iron Head|p2b: Clefairy\n|-supereffective|p2b: Clefairy\n|-crit|p2b: Clefairy\n|-damage|p2b: Clefairy|0 fnt\n|faint|p2b: Clefairy\n|move|p1b: Trevenant|Toxic|p2a: Iron Bundle\n|-status|p2a: Iron Bundle|tox\n|\n|-weather|Snow|[upkeep]\n|-damage|p2a: Iron Bundle|95\/100 tox|[from] psn\n|-item|p1b: Trevenant|Sitrus Berry|[from] ability: Harvest\n|upkeep\n|-enditem|p1b: Trevenant|Sitrus Berry|[eat]\n|-heal|p1b: Trevenant|62\/100|[from] item: Sitrus Berry\n|\n|t:|1699448625\n|switch|p2b: Tornadus|Tornadus, M|100\/100\n|turn|4\n|\n|t:|1699448637\n|move|p2b: Tornadus|Taunt|p1b: Trevenant\n|-start|p1b: Trevenant|move: Taunt\n|move|p2a: Iron Bundle|Freeze-Dry|p1b: Trevenant\n|-supereffective|p1b: Trevenant\n|-damage|p1b: Trevenant|7\/100\n|move|p1a: Sandslash|Iron Head|p2a: Iron Bundle\n|-damage|p2a: Iron Bundle|74\/100 tox\n|cant|p1b: Trevenant|move: Taunt|Toxic\n|\n|-weather|Snow|[upkeep]\n|-damage|p2a: Iron Bundle|62\/100 tox|[from] psn\n|-item|p1b: Trevenant|Sitrus Berry|[from] ability: Harvest\n|upkeep\n|-enditem|p1b: Trevenant|Sitrus Berry|[eat]\n|-heal|p1b: Trevenant|32\/100|[from] item: Sitrus Berry\n|turn|5\n|\n|t:|1699448655\n|switch|p1b: Empoleon|Empoleon, F|100\/100\n|move|p2b: Tornadus|Tailwind|p2b: Tornadus\n|-sidestart|p2: sivpix|move: Tailwind\n|move|p1a: Sandslash|Ice Shard|p2b: Tornadus\n|-supereffective|p2b: Tornadus\n|-damage|p2b: Tornadus|63\/100\n|move|p2a: Iron Bundle|Freeze-Dry|p1b: Empoleon\n|-damage|p1b: Empoleon|67\/100\n|\n|-weather|Snow|[upkeep]\n|-heal|p1b: Empoleon|73\/100|[from] item: Leftovers\n|-damage|p2a: Iron Bundle|44\/100 tox|[from] psn\n|-end|p2a: Iron Bundle|Disable\n|-sideend|p2: sivpix|move: Aurora Veil\n|upkeep\n|turn|6\n|\n|t:|1699448671\n|-end|p2a: Iron Bundle|Quark Drive|[silent]\n|switch|p2a: Iron Hands|Iron Hands|100\/100\n|move|p1b: Empoleon|Protect|p1b: Empoleon\n|-singleturn|p1b: Empoleon|Protect\n|move|p1a: Sandslash|Ice Shard|p2b: Tornadus\n|-supereffective|p2b: Tornadus\n|-damage|p2b: Tornadus|7\/100\n|move|p2b: Tornadus|Bleakwind Storm|p1a: Sandslash|[spread] \n|-activate|p1b: Empoleon|move: Protect\n|-miss|p2b: Tornadus|p1a: Sandslash\n|\n|-weather|Snow|[upkeep]\n|-heal|p1b: Empoleon|80\/100|[from] item: Leftovers\n|upkeep\n|turn|7\n|\n|t:|1699448693\n|switch|p2b: Iron Bundle|Iron Bundle|44\/100 tox\n|switch|p1a: Trevenant|Trevenant, F|32\/100\n|move|p2a: Iron Hands|Drain Punch|p1a: Trevenant\n|-immune|p1a: Trevenant\n|move|p1b: Empoleon|Blizzard|p2b: Iron Bundle|[spread] p2a,p2b\n|-resisted|p2b: Iron Bundle\n|-damage|p2a: Iron Hands|84\/100\n|-damage|p2b: Iron Bundle|29\/100 tox\n|\n|-weather|Snow|[upkeep]\n|-heal|p1b: Empoleon|86\/100|[from] item: Leftovers\n|-damage|p2b: Iron Bundle|23\/100 tox|[from] psn\n|-item|p1a: Trevenant|Sitrus Berry|[from] ability: Harvest\n|upkeep\n|-enditem|p1a: Trevenant|Sitrus Berry|[eat]\n|-heal|p1a: Trevenant|57\/100|[from] item: Sitrus Berry\n|turn|8\n|\n|t:|1699448719\n|switch|p1a: Sandslash|Sandslash-Alola, M|86\/100\n|move|p1b: Empoleon|Protect|p1b: Empoleon\n|-singleturn|p1b: Empoleon|Protect\n|move|p2b: Iron Bundle|Blizzard|p1b: Empoleon|[spread] p1a\n|-activate|p1b: Empoleon|move: Protect\n|-resisted|p1a: Sandslash\n|-damage|p1a: Sandslash|70\/100\n|move|p2a: Iron Hands|Drain Punch|p1b: Empoleon\n|-activate|p1b: Empoleon|move: Protect\n|\n|-weather|none\n|-heal|p1b: Empoleon|92\/100|[from] item: Leftovers\n|-damage|p2b: Iron Bundle|12\/100 tox|[from] psn\n|-sideend|p2: sivpix|move: Tailwind\n|upkeep\n|turn|9\n|\n|t:|1699448739\n|switch|p1b: Ninetales|Ninetales-Alola, F|100\/100\n|-weather|Snow|[from] ability: Snow Warning|[of] p1b: Ninetales\n|move|p1a: Sandslash|Ice Shard|p2b: Iron Bundle\n|-resisted|p2b: Iron Bundle\n|-damage|p2b: Iron Bundle|8\/100 tox\n|move|p2b: Iron Bundle|Blizzard|p1b: Ninetales|[spread] p1a,p1b\n|-resisted|p1a: Sandslash\n|-resisted|p1b: Ninetales\n|-damage|p1a: Sandslash|57\/100\n|-damage|p1b: Ninetales|78\/100\n|move|p2a: Iron Hands|Drain Punch|p1a: Sandslash\n|-supereffective|p1a: Sandslash\n|-damage|p1a: Sandslash|0 fnt\n|-heal|p2a: Iron Hands|100\/100|[from] drain|[of] p1a: Sandslash\n|faint|p1a: Sandslash\n|\n|-weather|Snow|[upkeep]\n|-damage|p2b: Iron Bundle|0 fnt|[from] psn\n|faint|p2b: Iron Bundle\n|-end|p2b: Iron Bundle|Quark Drive|[silent]\n|upkeep\n|\n|t:|1699448755\n|switch|p2b: Tornadus|Tornadus, M|7\/100\n|switch|p1a: Trevenant|Trevenant, F|57\/100\n|turn|10\n|\n|t:|1699448770\n|move|p1a: Trevenant|Ally Switch|p1a: Trevenant\n|swap|p1a: Trevenant|1|[from] move: Ally Switch\n|move|p2b: Tornadus|Taunt|p1a: Ninetales\n|-start|p1a: Ninetales|move: Taunt\n|cant|p1a: Ninetales|move: Taunt|Aurora Veil\n|move|p2a: Iron Hands|Drain Punch|p1b: Trevenant\n|-immune|p1b: Trevenant\n|\n|-weather|Snow|[upkeep]\n|upkeep\n|turn|11\n|\n|t:|1699448783\n|move|p2b: Tornadus|Taunt|p1b: Trevenant\n|-start|p1b: Trevenant|move: Taunt\n|move|p1a: Ninetales|Blizzard|p2a: Iron Hands|[spread] p2a,p2b\n|-supereffective|p2b: Tornadus\n|-damage|p2a: Iron Hands|80\/100\n|-damage|p2b: Tornadus|0 fnt\n|faint|p2b: Tornadus\n|cant|p1b: Trevenant|move: Taunt|Toxic\n|move|p2a: Iron Hands|Drain Punch|p1a: Ninetales\n|-damage|p1a: Ninetales|30\/100\n|-heal|p2a: Iron Hands|94\/100|[from] drain|[of] p1a: Ninetales\n|\n|-weather|Snow|[upkeep]\n|-item|p1b: Trevenant|Sitrus Berry|[from] ability: Harvest\n|upkeep\n|\n|t:|1699448794\n|switch|p2b: Rillaboom|Rillaboom, M|100\/100\n|-fieldstart|move: Grassy Terrain|[from] ability: Grassy Surge|[of] p2b: Rillaboom\n|turn|12\n|\n|t:|1699448814\n|switch|p1a: Torterra|Torterra, M|100\/100\n|switch|p1b: Empoleon|Empoleon, F|92\/100\n|move|p2b: Rillaboom|Fake Out|p1a: Torterra\n|-damage|p1a: Torterra|82\/100\n|-damage|p2b: Rillaboom|91\/100|[from] item: Life Orb\n|move|p2a: Iron Hands|Thunder Punch|p1b: Empoleon\n|-supereffective|p1b: Empoleon\n|-damage|p1b: Empoleon|0 fnt\n|faint|p1b: Empoleon\n|\n|-weather|Snow|[upkeep]\n|-heal|p2b: Rillaboom|97\/100|[from] Grassy Terrain\n|-heal|p1a: Torterra|88\/100|[from] Grassy Terrain\n|-heal|p2a: Iron Hands|99\/100|[from] Grassy Terrain\n|upkeep\n|\n|t:|1699448823\n|switch|p1b: Trevenant|Trevenant, F|57\/100\n|turn|13\n|\n|t:|1699448833\n|move|p2b: Rillaboom|Grassy Glide|p1a: Torterra\n|-damage|p1a: Torterra|42\/100\n|-damage|p2b: Rillaboom|87\/100|[from] item: Life Orb\n|move|p1a: Torterra|Shell Smash|p1a: Torterra\n|-unboost|p1a: Torterra|def|1\n|-unboost|p1a: Torterra|spd|1\n|-boost|p1a: Torterra|atk|2\n|-boost|p1a: Torterra|spa|2\n|-boost|p1a: Torterra|spe|2\n|move|p1b: Trevenant|Toxic|p2a: Iron Hands\n|-status|p2a: Iron Hands|tox\n|move|p2a: Iron Hands|Thunder Punch|p1b: Trevenant\n|-resisted|p1b: Trevenant\n|-crit|p1b: Trevenant\n|-damage|p1b: Trevenant|19\/100\n|-enditem|p1b: Trevenant|Sitrus Berry|[eat]\n|-heal|p1b: Trevenant|44\/100|[from] item: Sitrus Berry\n|\n|-weather|Snow|[upkeep]\n|-heal|p1a: Torterra|49\/100|[from] Grassy Terrain\n|-heal|p2b: Rillaboom|93\/100|[from] Grassy Terrain\n|-heal|p1b: Trevenant|50\/100|[from] Grassy Terrain\n|-heal|p2a: Iron Hands|100\/100 tox|[from] Grassy Terrain\n|-damage|p2a: Iron Hands|94\/100 tox|[from] psn\n|-item|p1b: Trevenant|Sitrus Berry|[from] ability: Harvest\n|upkeep\n|-enditem|p1b: Trevenant|Sitrus Berry|[eat]\n|-heal|p1b: Trevenant|75\/100|[from] item: Sitrus Berry\n|turn|14\n|inactive|RocketsViability has 120 seconds left.\n|\n|t:|1699448872\n|move|p2b: Rillaboom|Grassy Glide|p1a: Torterra\n|-damage|p1a: Torterra|0 fnt\n|faint|p1a: Torterra\n|-damage|p2b: Rillaboom|83\/100|[from] item: Life Orb\n|move|p1b: Trevenant|Toxic|p2b: Rillaboom\n|-status|p2b: Rillaboom|tox\n|move|p2a: Iron Hands|Thunder Punch|p1b: Trevenant\n|-resisted|p1b: Trevenant\n|-damage|p1b: Trevenant|48\/100\n|\n|-weather|Snow|[upkeep]\n|-heal|p2b: Rillaboom|89\/100 tox|[from] Grassy Terrain\n|-heal|p1b: Trevenant|54\/100|[from] Grassy Terrain\n|-heal|p2a: Iron Hands|100\/100 tox|[from] Grassy Terrain\n|-damage|p2b: Rillaboom|83\/100 tox|[from] psn\n|-damage|p2a: Iron Hands|88\/100 tox|[from] psn\n|-item|p1b: Trevenant|Sitrus Berry|[from] ability: Harvest\n|upkeep\n|\n|t:|1699448888\n|switch|p1a: Goodra|Goodra-Hisui, F|100\/100\n|turn|15\n|-message|sivpix forfeited.\n|\n|win|RocketsViability\n|raw|RocketsViability's rating: 1125 &rarr; <strong>1154<\/strong><br \/>(+29 for winning)\n|raw|sivpix's rating: 1174 &rarr; <strong>1145<\/strong><br \/>(-29 for losing)\n|l|\u2606sivpix\n","uploadtime":1699448893,"views":16,"p1id":"rocketsviability","p2id":"sivpix","formatid":"gen9doublesou","rating":1145,"private":0,"password":""}