{"id":"gen9doublesou-1993806758","p1":"bananaszn","p2":"cowpwusi","format":"[Gen 9] Doubles OU","log":"|j|\u2606bananaszn\n|j|\u2606cowpwusi\n|t:|1700359616\n|gametype|doubles\n|player|p1|bananaszn|teamrocket|1283\n|player|p2|cowpwusi|dawn|1261\n|teamsize|p1|6\n|teamsize|p2|6\n|gen|9\n|tier|[Gen 9] Doubles OU\n|rated|\n|rule|Species Clause: Limit one of each Pok\u00e9mon\n|rule|OHKO Clause: OHKO moves are banned\n|rule|Evasion Moves Clause: Evasion moves are banned\n|rule|Gravity Sleep Clause: The combination of sleep-inducing moves with imperfect accuracy and Gravity or Gigantamax Orbeetle are banned\n|rule|Endless Battle Clause: Forcing endless battles is banned\n|rule|HP Percentage Mod: HP is shown in percentages\n|clearpoke\n|poke|p1|Scizor, F|\n|poke|p1|Tornadus, M|\n|poke|p1|Chien-Pao|\n|poke|p1|Iron Hands|\n|poke|p1|Volcanion|\n|poke|p1|Great Tusk|\n|poke|p2|Gholdengo|\n|poke|p2|Garganacl, M|\n|poke|p2|Great Tusk|\n|poke|p2|Tyranitar, F|\n|poke|p2|Corviknight, M|\n|poke|p2|Arcanine-Hisui, F|\n|teampreview\n|inactive|Battle timer is ON: inactive players will automatically lose when time's up. (requested by bananaszn)\n|\n|t:|1700359622\n|start\n|switch|p1a: YN Jay|Tornadus, M|100\/100\n|switch|p1b: Kawhi Leonard|Scizor, F|100\/100\n|switch|p2a: Tyranitar|Tyranitar, F|100\/100\n|switch|p2b: Corviknight|Corviknight, M|100\/100\n|-weather|Sandstorm|[from] ability: Sand Stream|[of] p2a: Tyranitar\n|turn|1\n|\n|t:|1700359639\n|move|p1a: YN Jay|Tailwind|p1a: YN Jay\n|-sidestart|p1: bananaszn|move: Tailwind\n|move|p1b: Kawhi Leonard|U-turn|p2a: Tyranitar\n|-supereffective|p2a: Tyranitar\n|-damage|p2a: Tyranitar|0 fnt\n|faint|p2a: Tyranitar\n|\n|t:|1700359651\n|switch|p1b: Druski|Iron Hands|100\/100|[from] U-turn\n|move|p2b: Corviknight|Taunt|p1a: YN Jay\n|-start|p1a: YN Jay|move: Taunt\n|\n|-weather|Sandstorm|[upkeep]\n|-damage|p1a: YN Jay|94\/100|[from] Sandstorm\n|-damage|p1b: Druski|94\/100|[from] Sandstorm\n|upkeep\n|\n|t:|1700359661\n|switch|p2a: Gholdengo|Gholdengo|100\/100\n|turn|2\n|\n|t:|1700359678\n|move|p1a: YN Jay|Bleakwind Storm|p2b: Corviknight|[spread] p2b\n|-miss|p1a: YN Jay|p2a: Gholdengo\n|-resisted|p2b: Corviknight\n|-damage|p2b: Corviknight|81\/100\n|move|p2a: Gholdengo|Nasty Plot|p2a: Gholdengo\n|-boost|p2a: Gholdengo|spa|2\n|move|p1b: Druski|Wild Charge|p2b: Corviknight\n|-supereffective|p2b: Corviknight\n|-damage|p2b: Corviknight|0 fnt\n|faint|p2b: Corviknight\n|-damage|p1b: Druski|76\/100|[from] Recoil\n|\n|-weather|Sandstorm|[upkeep]\n|-damage|p1a: YN Jay|88\/100|[from] Sandstorm\n|-damage|p1b: Druski|70\/100|[from] Sandstorm\n|upkeep\n|\n|t:|1700359693\n|switch|p2b: Arcanine|Arcanine-Hisui, F|100\/100\n|-ability|p2b: Arcanine|Intimidate|boost\n|-unboost|p1a: YN Jay|atk|1\n|-unboost|p1b: Druski|atk|1\n|turn|3\n|\n|t:|1700359705\n|switch|p1a: Great Tusk|Great Tusk|100\/100\n|move|p2a: Gholdengo|Make It Rain|p1b: Druski|[spread] p1a,p1b\n|-resisted|p1b: Druski\n|-damage|p1a: Great Tusk|36\/100\n|-damage|p1b: Druski|46\/100\n|-unboost|p2a: Gholdengo|spa|1\n|move|p2b: Arcanine|Rock Slide|p1b: Druski|[spread] p1a,p1b\n|-resisted|p1a: Great Tusk\n|-resisted|p1b: Druski\n|-damage|p1a: Great Tusk|27\/100\n|-damage|p1b: Druski|31\/100\n|move|p1b: Druski|Wild Charge|p2a: Gholdengo\n|-damage|p2a: Gholdengo|61\/100\n|-damage|p1b: Druski|24\/100|[from] Recoil\n|\n|-weather|Sandstorm|[upkeep]\n|-damage|p1b: Druski|18\/100|[from] Sandstorm\n|upkeep\n|turn|4\n|\n|t:|1700359727\n|move|p1a: Great Tusk|Headlong Rush|p2a: Gholdengo\n|-supereffective|p2a: Gholdengo\n|-damage|p2a: Gholdengo|0 fnt\n|-unboost|p1a: Great Tusk|def|1\n|-unboost|p1a: Great Tusk|spd|1\n|faint|p2a: Gholdengo\n|move|p2b: Arcanine|Rock Slide|p1b: Druski|[spread] p1a,p1b\n|-resisted|p1a: Great Tusk\n|-resisted|p1b: Druski\n|-damage|p1a: Great Tusk|16\/100\n|-damage|p1b: Druski|3\/100\n|move|p1b: Druski|Close Combat|p2b: Arcanine\n|-supereffective|p2b: Arcanine\n|-damage|p2b: Arcanine|0 fnt\n|-unboost|p1b: Druski|def|1\n|-unboost|p1b: Druski|spd|1\n|faint|p2b: Arcanine\n|\n|-weather|Sandstorm|[upkeep]\n|-damage|p1b: Druski|0 fnt|[from] Sandstorm\n|faint|p1b: Druski\n|-end|p1b: Druski|Quark Drive|[silent]\n|-sideend|p1: bananaszn|move: Tailwind\n|upkeep\n|\n|t:|1700359739\n|switch|p2a: Garganacl|Garganacl, M|100\/100\n|switch|p2b: Great Tusk|Great Tusk|100\/100\n|switch|p1b: Volcanion|Volcanion|100\/100\n|-enditem|p2b: Great Tusk|Booster Energy\n|-activate|p2b: Great Tusk|ability: Protosynthesis|[fromitem]\n|-start|p2b: Great Tusk|protosynthesisatk\n|turn|5\n|\n|t:|1700359750\n|move|p1a: Great Tusk|Ice Spinner|p2b: Great Tusk\n|-supereffective|p2b: Great Tusk\n|-damage|p2b: Great Tusk|61\/100\n|move|p2b: Great Tusk|Ice Spinner|p1a: Great Tusk\n|-supereffective|p1a: Great Tusk\n|-damage|p1a: Great Tusk|0 fnt\n|faint|p1a: Great Tusk\n|-end|p1a: Great Tusk|Protosynthesis|[silent]\n|move|p1b: Volcanion|Steam Eruption|p2a: Garganacl\n|-supereffective|p2a: Garganacl\n|-damage|p2a: Garganacl|29\/100\n|move|p2a: Garganacl|Salt Cure|p1b: Volcanion\n|-supereffective|p1b: Volcanion\n|-damage|p1b: Volcanion|76\/100\n|-start|p1b: Volcanion|Salt Cure\n|\n|-weather|none\n|-heal|p1b: Volcanion|82\/100|[from] item: Leftovers\n|-heal|p2a: Garganacl|35\/100|[from] item: Leftovers\n|-damage|p1b: Volcanion|57\/100|[from] Salt Cure\n|upkeep\n|\n|t:|1700359765\n|switch|p1a: Iggy Azalea|Chien-Pao|100\/100\n|-ability|p1a: Iggy Azalea|Sword of Ruin\n|turn|6\n|\n|t:|1700359772\n|move|p1a: Iggy Azalea|Sacred Sword|p2a: Garganacl\n|-supereffective|p2a: Garganacl\n|-damage|p2a: Garganacl|0 fnt\n|faint|p2a: Garganacl\n|-damage|p1a: Iggy Azalea|91\/100|[from] item: Life Orb\n|move|p2b: Great Tusk|Close Combat|p1a: Iggy Azalea\n|-supereffective|p1a: Iggy Azalea\n|-damage|p1a: Iggy Azalea|0 fnt\n|-unboost|p2b: Great Tusk|def|1\n|-unboost|p2b: Great Tusk|spd|1\n|faint|p1a: Iggy Azalea\n|move|p1b: Volcanion|Steam Eruption|p2b: Great Tusk\n|-supereffective|p2b: Great Tusk\n|-damage|p2b: Great Tusk|0 fnt\n|faint|p2b: Great Tusk\n|-end|p2b: Great Tusk|Protosynthesis|[silent]\n|\n|win|bananaszn\n|raw|bananaszn's rating: 1283 &rarr; <strong>1306<\/strong><br \/>(+23 for winning)\n|raw|cowpwusi's rating: 1261 &rarr; <strong>1238<\/strong><br \/>(-23 for losing)\n|l|\u2606cowpwusi\n|c|\u2606bananaszn|agency agency\n","uploadtime":1700359788,"views":11,"p1id":"bananaszn","p2id":"cowpwusi","formatid":"gen9doublesou","rating":1238,"private":0,"password":""}