{"id":"gen9doublesou-1987237954","p1":"Brawler206","p2":"Rungy","format":"[Gen 9] Doubles OU","log":"|j|\u2606Brawler206\n|j|\u2606Rungy\n|t:|1699568227\n|gametype|doubles\n|player|p1|Brawler206|marshal|1035\n|player|p2|Rungy|gambler|1090\n|teamsize|p1|6\n|teamsize|p2|6\n|gen|9\n|tier|[Gen 9] Doubles OU\n|rated|\n|rule|Species Clause: Limit one of each Pok\u00e9mon\n|rule|OHKO Clause: OHKO moves are banned\n|rule|Evasion Moves Clause: Evasion moves are banned\n|rule|Gravity Sleep Clause: The combination of sleep-inducing moves with imperfect accuracy and Gravity or Gigantamax Orbeetle are banned\n|rule|Endless Battle Clause: Forcing endless battles is banned\n|rule|HP Percentage Mod: HP is shown in percentages\n|clearpoke\n|poke|p1|Ceruledge, M|\n|poke|p1|Mismagius, F|\n|poke|p1|Okidogi, M|\n|poke|p1|Volbeat, M|\n|poke|p1|Gengar, F|\n|poke|p1|Ambipom, F|\n|poke|p2|Weezing-Galar, F|\n|poke|p2|Ninetales-Alola, F|\n|poke|p2|Farigiraf, F|\n|poke|p2|Gastrodon-East, M|\n|poke|p2|Wyrdeer, F|\n|poke|p2|Luxray, M|\n|teampreview\n|c|\u2606Rungy|glhf!\n|\n|t:|1699568254\n|start\n|switch|p1a: Gengar|Gengar, F|100\/100\n|switch|p1b: Ambipom|Ambipom, F|100\/100\n|switch|p2a: Assmar|Weezing-Galar, F|100\/100\n|switch|p2b: Gumiho|Ninetales-Alola, F|100\/100\n|-weather|Snow|[from] ability: Snow Warning|[of] p2b: Gumiho\n|-fieldstart|move: Misty Terrain|[from] ability: Misty Surge|[of] p2a: Assmar\n|turn|1\n|\n|t:|1699568269\n|switch|p2a: Mr. Rothschild|Farigiraf, F|100\/100\n|move|p1b: Ambipom|Fake Out||[still]\n|cant|p2a: Mr. Rothschild|ability: Armor Tail|Fake Out|[of] p1b: Ambipom\n|move|p1a: Gengar|Taunt|p2a: Mr. Rothschild\n|-start|p2a: Mr. Rothschild|move: Taunt\n|move|p2b: Gumiho|Aurora Veil|p2b: Gumiho\n|-sidestart|p2: Rungy|move: Aurora Veil\n|\n|-weather|Snow|[upkeep]\n|upkeep\n|turn|2\n|\n|t:|1699568282\n|move|p1b: Ambipom|Taunt|p2b: Gumiho\n|-start|p2b: Gumiho|move: Taunt\n|move|p1a: Gengar|Encore|p2b: Gumiho\n|-start|p2b: Gumiho|Encore\n|cant|p2b: Gumiho|move: Taunt|Aurora Veil\n|move|p2a: Mr. Rothschild|Psychic|p1a: Gengar\n|-supereffective|p1a: Gengar\n|-enditem|p1a: Gengar|Focus Sash\n|-damage|p1a: Gengar|1\/100\n|\n|-weather|Snow|[upkeep]\n|upkeep\n|turn|3\n|\n|t:|1699568303\n|switch|p2b: Versa|Luxray, M, shiny|100\/100\n|-ability|p2b: Versa|Intimidate|boost\n|-unboost|p1a: Gengar|atk|1\n|-unboost|p1b: Ambipom|atk|1\n|move|p1b: Ambipom|Knock Off|p2a: Mr. Rothschild\n|-supereffective|p2a: Mr. Rothschild\n|-damage|p2a: Mr. Rothschild|71\/100\n|-enditem|p2a: Mr. Rothschild|Adrenaline Orb|[from] move: Knock Off|[of] p1b: Ambipom\n|move|p1a: Gengar|Skill Swap|p2a: Mr. Rothschild\n|-activate|p1a: Gengar|move: Skill Swap|Armor Tail|Cursed Body|[of] p2a: Mr. Rothschild\n|move|p2a: Mr. Rothschild|Dazzling Gleam|p1b: Ambipom|[spread] p1a,p1b\n|-resisted|p1a: Gengar\n|-damage|p1a: Gengar|0 fnt\n|-damage|p1b: Ambipom|68\/100\n|faint|p1a: Gengar\n|\n|-weather|Snow|[upkeep]\n|-end|p2a: Mr. Rothschild|move: Taunt\n|upkeep\n|\n|t:|1699568319\n|switch|p1a: Mismagius|Mismagius, F|100\/100\n|turn|4\n|\n|t:|1699568334\n|switch|p2a: Khan|Gastrodon-East, M|100\/100\n|move|p1b: Ambipom|Taunt|p2a: Khan\n|-start|p2a: Khan|move: Taunt\n|move|p1a: Mismagius|Skill Swap|p2b: Versa\n|-activate|p1a: Mismagius|move: Skill Swap|Intimidate|Levitate|[of] p2b: Versa\n|-ability|p1a: Mismagius|Intimidate|boost\n|-unboost|p2a: Khan|atk|1\n|-unboost|p2b: Versa|atk|1\n|move|p2b: Versa|Trailblaze|p1b: Ambipom\n|-damage|p1b: Ambipom|48\/100\n|-boost|p2b: Versa|spe|1\n|\n|-weather|Snow|[upkeep]\n|upkeep\n|turn|5\n|\n|t:|1699568356\n|switch|p2a: Gumiho|Ninetales-Alola, F|100\/100\n|move|p1b: Ambipom|Knock Off|p2b: Versa\n|-damage|p2b: Versa|84\/100\n|-enditem|p2b: Versa|Shell Bell|[from] move: Knock Off|[of] p1b: Ambipom\n|move|p2b: Versa|Crunch|p1a: Mismagius\n|-supereffective|p1a: Mismagius\n|-crit|p1a: Mismagius\n|-damage|p1a: Mismagius|0 fnt\n|faint|p1a: Mismagius\n|\n|-weather|none\n|upkeep\n|\n|t:|1699568367\n|switch|p1a: Ceruledge|Ceruledge, M|100\/100\n|turn|6\n|\n|t:|1699568377\n|move|p1b: Ambipom|Taunt|p2a: Gumiho\n|-start|p2a: Gumiho|move: Taunt\n|move|p2b: Versa|Crunch|p1a: Ceruledge\n|-supereffective|p1a: Ceruledge\n|-damage|p1a: Ceruledge|46\/100\n|-ability|p1a: Ceruledge|Weak Armor|boost\n|-unboost|p1a: Ceruledge|def|1\n|-boost|p1a: Ceruledge|spe|2\n|-enditem|p1a: Ceruledge|Weakness Policy\n|-boost|p1a: Ceruledge|atk|2|[from] item: Weakness Policy\n|-boost|p1a: Ceruledge|spa|2|[from] item: Weakness Policy\n|move|p1a: Ceruledge|Bitter Blade|p2a: Gumiho\n|-supereffective|p2a: Gumiho\n|-damage|p2a: Gumiho|0 fnt\n|-heal|p1a: Ceruledge|96\/100|[from] drain|[of] p2a: Gumiho\n|faint|p2a: Gumiho\n|\n|upkeep\n|\n|t:|1699568394\n|switch|p2a: Khan|Gastrodon-East, M|100\/100\n|turn|7\n|\n|t:|1699568405\n|switch|p1b: Volbeat|Volbeat, M|100\/100\n|switch|p2b: Mr. Rothschild|Farigiraf, F|71\/100\n|move|p1a: Ceruledge|Protect|p1a: Ceruledge\n|-singleturn|p1a: Ceruledge|Protect\n|move|p2a: Khan|Water Pulse|p1a: Ceruledge\n|-activate|p1a: Ceruledge|move: Protect\n|\n|upkeep\n|turn|8\n|\n|t:|1699568437\n|switch|p1b: Ambipom|Ambipom, F|48\/100\n|switch|p2b: Versa|Luxray, M, shiny|84\/100\n|-ability|p2b: Versa|Intimidate|boost\n|-unboost|p1a: Ceruledge|atk|1\n|-unboost|p1b: Ambipom|atk|1\n|move|p1a: Ceruledge|Phantom Force||[still]\n|-prepare|p1a: Ceruledge|Phantom Force\n|move|p2a: Khan|Water Pulse|p1a: Ceruledge|[miss]\n|-miss|p2a: Khan|p1a: Ceruledge\n|\n|-sideend|p2: Rungy|move: Aurora Veil\n|-fieldend|Misty Terrain\n|upkeep\n|turn|9\n|\n|t:|1699568482\n|switch|p2b: O'deer|Wyrdeer, F|100\/100\n|switch|p2a: Mr. Rothschild|Farigiraf, F|71\/100\n|move|p1b: Ambipom|Fake Out||[still]\n|cant|p2a: Mr. Rothschild|ability: Armor Tail|Fake Out|[of] p1b: Ambipom\n|move|p1a: Ceruledge|Phantom Force|p2a: Mr. Rothschild|[from]lockedmove\n|-immune|p2a: Mr. Rothschild\n|\n|upkeep\n|turn|10\n|\n|t:|1699568508\n|switch|p1b: Okidogi|Okidogi, M|100\/100\n|move|p1a: Ceruledge|Bitter Blade|p2b: O'deer\n|-damage|p2b: O'deer|9\/100\n|-heal|p1a: Ceruledge|100\/100|[from] drain|[of] p2b: O'deer\n|move|p2b: O'deer|High Horsepower|p1a: Ceruledge\n|-supereffective|p1a: Ceruledge\n|-damage|p1a: Ceruledge|0 fnt\n|faint|p1a: Ceruledge\n|move|p2a: Mr. Rothschild|Psychic|p1b: Okidogi\n|-supereffective|p1b: Okidogi\n|-damage|p1b: Okidogi|0 fnt\n|faint|p1b: Okidogi\n|\n|upkeep\n|-message|Brawler206 forfeited.\n|\n|win|Rungy\n|raw|Brawler206's rating: 1035 &rarr; <strong>1022<\/strong><br \/>(-13 for losing)\n|raw|Rungy's rating: 1090 &rarr; <strong>1112<\/strong><br \/>(+22 for winning)\n|l|\u2606Brawler206\n","uploadtime":1699568524,"views":9,"p1id":"brawler206","p2id":"rungy","formatid":"gen9doublesou","rating":1022,"private":0,"password":""}