{"id":"gen9doublesou-1993492428","p1":"Ileftachildonmars","p2":"Xitzel","format":"[Gen 9] Doubles OU","log":"|j|\u2606Ileftachildonmars\n|j|\u2606Xitzel\n|t:|1700324364\n|gametype|doubles\n|player|p1|Ileftachildonmars|hilda|1045\n|player|p2|Xitzel|richboy|1077\n|teamsize|p1|6\n|teamsize|p2|6\n|gen|9\n|tier|[Gen 9] Doubles OU\n|rated|\n|rule|Species Clause: Limit one of each Pok\u00e9mon\n|rule|OHKO Clause: OHKO moves are banned\n|rule|Evasion Moves Clause: Evasion moves are banned\n|rule|Gravity Sleep Clause: The combination of sleep-inducing moves with imperfect accuracy and Gravity or Gigantamax Orbeetle are banned\n|rule|Endless Battle Clause: Forcing endless battles is banned\n|rule|HP Percentage Mod: HP is shown in percentages\n|clearpoke\n|poke|p1|Gyarados, M|\n|poke|p1|Flutter Mane|\n|poke|p1|Gholdengo|\n|poke|p1|Clefable, F|\n|poke|p1|Furret, F|\n|poke|p1|Quagsire, F|\n|poke|p2|Ninetales, M|\n|poke|p2|Amoonguss, F|\n|poke|p2|Arcanine-Hisui, M|\n|poke|p2|Garganacl, M|\n|poke|p2|Toxtricity-Low-Key, F|\n|poke|p2|Azumarill, M|\n|teampreview\n|\n|t:|1700324383\n|start\n|switch|p1a: Tooth fairy|Clefable, F|100\/100\n|switch|p1b: Tree|Gholdengo|100\/100\n|switch|p2a: Kibo|Ninetales, M|100\/100\n|switch|p2b: Toxtricity|Toxtricity-Low-Key, F|100\/100\n|-weather|SunnyDay|[from] ability: Drought|[of] p2a: Kibo\n|-item|p1b: Tree|Air Balloon\n|turn|1\n|\n|t:|1700324407\n|move|p2a: Kibo|Heat Wave|p1b: Tree|[spread] p1a\n|-miss|p2a: Kibo|p1b: Tree\n|-damage|p1a: Tooth fairy|62\/100\n|move|p2b: Toxtricity|Sludge Bomb|p1a: Tooth fairy\n|-supereffective|p1a: Tooth fairy\n|-crit|p1a: Tooth fairy\n|-damage|p1a: Tooth fairy|0 fnt\n|faint|p1a: Tooth fairy\n|move|p1b: Tree|Flash Cannon|p2b: Toxtricity\n|-resisted|p2b: Toxtricity\n|-damage|p2b: Toxtricity|68\/100\n|\n|-weather|SunnyDay|[upkeep]\n|-heal|p2b: Toxtricity|74\/100|[from] item: Leftovers\n|upkeep\n|\n|t:|1700324419\n|switch|p1a: Furry|Furret, F|100\/100\n|turn|2\n|\n|t:|1700324433\n|move|p2a: Kibo|Heat Wave|p1a: Furry|[spread] p1a,p1b\n|-supereffective|p1b: Tree\n|-damage|p1a: Furry|52\/100\n|-damage|p1b: Tree|16\/100\n|-enditem|p1b: Tree|Air Balloon\n|move|p2b: Toxtricity|Volt Switch|p1a: Furry\n|-damage|p1a: Furry|17\/100\n|\n|t:|1700324441\n|switch|p2b: Galio|Garganacl, M|100\/100|[from] Volt Switch\n|move|p1b: Tree|Thunderbolt|p2a: Kibo\n|-damage|p2a: Kibo|64\/100\n|move|p1a: Furry|Knock Off|p2b: Galio\n|-crit|p2b: Galio\n|-damage|p2b: Galio|84\/100\n|-enditem|p2b: Galio|Focus Sash|[from] move: Knock Off|[of] p1a: Furry\n|\n|-weather|SunnyDay|[upkeep]\n|-heal|p1a: Furry|23\/100|[from] item: Leftovers\n|upkeep\n|turn|3\n|\n|t:|1700324458\n|move|p1a: Furry|Follow Me|p1a: Furry\n|-singleturn|p1a: Furry|move: Follow Me\n|move|p2a: Kibo|Heat Wave|p1b: Tree|[spread] p1a,p1b\n|-supereffective|p1b: Tree\n|-damage|p1a: Furry|0 fnt\n|-damage|p1b: Tree|0 fnt\n|faint|p1a: Furry\n|faint|p1b: Tree\n|move|p2b: Galio|Salt Cure|p1: Furry|[notarget]\n|-fail|p2b: Galio\n|\n|-weather|SunnyDay|[upkeep]\n|upkeep\n|\n|t:|1700324468\n|switch|p1b: Beady boi|Flutter Mane|100\/100\n|switch|p1a: Quagmire|Quagsire, F|100\/100\n|-activate|p1b: Beady boi|ability: Protosynthesis\n|-start|p1b: Beady boi|protosynthesisspa\n|turn|4\n|\n|t:|1700324489\n|move|p1a: Quagmire|Helping Hand|p1b: Beady boi\n|-singleturn|p1b: Beady boi|Helping Hand|[of] p1a: Quagmire\n|move|p1b: Beady boi|Shadow Ball|p2a: Kibo\n|-damage|p2a: Kibo|0 fnt\n|faint|p2a: Kibo\n|move|p2b: Galio|Salt Cure|p1b: Beady boi\n|-damage|p1b: Beady boi|72\/100\n|-start|p1b: Beady boi|Salt Cure\n|\n|-weather|SunnyDay|[upkeep]\n|-heal|p1b: Beady boi|78\/100|[from] item: Leftovers\n|-damage|p1b: Beady boi|66\/100|[from] Salt Cure\n|upkeep\n|\n|t:|1700324497\n|switch|p2a: Degrease|Amoonguss, F|100\/100\n|turn|5\n|\n|t:|1700324510\n|move|p1a: Quagmire|Helping Hand|p1b: Beady boi\n|-singleturn|p1b: Beady boi|Helping Hand|[of] p1a: Quagmire\n|move|p1b: Beady boi|Moonblast|p2a: Degrease\n|-resisted|p2a: Degrease\n|-damage|p2a: Degrease|67\/100\n|-unboost|p2a: Degrease|spa|1\n|move|p2b: Galio|Salt Cure|p1b: Beady boi\n|-damage|p1b: Beady boi|37\/100\n|move|p2a: Degrease|Solar Beam||[still]\n|-prepare|p2a: Degrease|Solar Beam\n|-anim|p2a: Degrease|Solar Beam|p1a: Quagmire\n|-supereffective|p1a: Quagmire\n|-damage|p1a: Quagmire|0 fnt\n|faint|p1a: Quagmire\n|\n|-weather|SunnyDay|[upkeep]\n|-heal|p1b: Beady boi|44\/100|[from] item: Leftovers\n|-damage|p1b: Beady boi|31\/100|[from] Salt Cure\n|upkeep\n|\n|t:|1700324526\n|switch|p1a: Splash|Gyarados, M, shiny|100\/100\n|-ability|p1a: Splash|Intimidate|boost\n|-unboost|p2a: Degrease|atk|1\n|-unboost|p2b: Galio|atk|1\n|turn|6\n|\n|t:|1700324538\n|move|p2a: Degrease|Rage Powder|p2a: Degrease\n|-singleturn|p2a: Degrease|move: Rage Powder\n|move|p1b: Beady boi|Dark Pulse|p2a: Degrease\n|-damage|p2a: Degrease|40\/100\n|move|p1a: Splash|Crunch|p2a: Degrease\n|-damage|p2a: Degrease|15\/100\n|move|p2b: Galio|Salt Cure|p1a: Splash\n|-supereffective|p1a: Splash\n|-damage|p1a: Splash|80\/100\n|-start|p1a: Splash|Salt Cure\n|\n|-weather|SunnyDay|[upkeep]\n|-heal|p1b: Beady boi|37\/100|[from] item: Leftovers\n|-damage|p1b: Beady boi|25\/100|[from] Salt Cure\n|-damage|p1a: Splash|55\/100|[from] Salt Cure\n|upkeep\n|turn|7\n|\n|t:|1700324561\n|move|p1b: Beady boi|Shadow Ball|p2a: Degrease\n|-damage|p2a: Degrease|0 fnt\n|faint|p2a: Degrease\n|move|p2b: Galio|Salt Cure|p1a: Splash\n|-supereffective|p1a: Splash\n|-damage|p1a: Splash|37\/100\n|move|p1a: Splash|Avalanche|p2b: Galio\n|-damage|p2b: Galio|60\/100\n|\n|-weather|SunnyDay|[upkeep]\n|-heal|p1b: Beady boi|31\/100|[from] item: Leftovers\n|-damage|p1b: Beady boi|19\/100|[from] Salt Cure\n|-damage|p1a: Splash|12\/100|[from] Salt Cure\n|upkeep\n|\n|t:|1700324565\n|switch|p2a: Toxtricity|Toxtricity-Low-Key, F|74\/100\n|turn|8\n|\n|t:|1700324588\n|move|p1b: Beady boi|Moonblast|p2a: Toxtricity\n|-resisted|p2a: Toxtricity\n|-damage|p2a: Toxtricity|17\/100\n|move|p2a: Toxtricity|Sludge Bomb|p1b: Beady boi\n|-damage|p1b: Beady boi|0 fnt\n|faint|p1b: Beady boi\n|-end|p1b: Beady boi|Protosynthesis|[silent]\n|move|p1a: Splash|Crunch|p2b: Galio\n|-damage|p2b: Galio|46\/100\n|move|p2b: Galio|Salt Cure|p1a: Splash\n|-supereffective|p1a: Splash\n|-damage|p1a: Splash|0 fnt\n|faint|p1a: Splash\n|\n|win|Xitzel\n|raw|Ileftachildonmars's rating: 1045 &rarr; <strong>1030<\/strong><br \/>(-15 for losing)\n|raw|Xitzel's rating: 1077 &rarr; <strong>1103<\/strong><br \/>(+26 for winning)\n|c|\u2606Xitzel|Gg\n","uploadtime":1700324617,"views":10,"p1id":"ileftachildonmars","p2id":"xitzel","formatid":"gen9doublesou","rating":1030,"private":0,"password":""}