{"id":"gen9doublesou-1976605542","p1":"Arcanine2006","p2":"Gerrard 19962","format":"[Gen 9] Doubles OU","log":"|j|\u2606Arcanine2006\n|j|\u2606Gerrard 19962\n|t:|1698326552\n|gametype|doubles\n|player|p1|Arcanine2006|palmer|1132\n|player|p2|Gerrard 19962|koga|1105\n|teamsize|p1|4\n|teamsize|p2|6\n|gen|9\n|tier|[Gen 9] Doubles OU\n|rated|\n|rule|Species Clause: Limit one of each Pok\u00e9mon\n|rule|OHKO Clause: OHKO moves are banned\n|rule|Evasion Moves Clause: Evasion moves are banned\n|rule|Gravity Sleep Clause: The combination of sleep-inducing moves with imperfect accuracy and Gravity or Gigantamax Orbeetle are banned\n|rule|Endless Battle Clause: Forcing endless battles is banned\n|rule|HP Percentage Mod: HP is shown in percentages\n|clearpoke\n|poke|p1|Kilowattrel, M|\n|poke|p1|Raichu, M|\n|poke|p1|Pachirisu, F|\n|poke|p1|Jolteon, M|\n|poke|p2|Greninja-*, M|\n|poke|p2|Shiftry, M|\n|poke|p2|Weezing, M|\n|poke|p2|Mienshao, F|\n|poke|p2|Scizor, M|\n|poke|p2|Decidueye, M|\n|teampreview\n|inactive|Battle timer is ON: inactive players will automatically lose when time's up. (requested by Arcanine2006)\n|inactive|Gerrard 19962 has 120 seconds left.\n|inactive|Gerrard 19962 has 90 seconds left.\n|\n|t:|1698326632\n|start\n|switch|p1a: Kilowattrel|Kilowattrel, M, shiny|100\/100\n|switch|p1b: Raichu|Raichu, M|100\/100\n|switch|p2a: Mienshao|Mienshao, F, shiny|100\/100\n|switch|p2b: Shiftry|Shiftry, M|100\/100\n|turn|1\n|\n|t:|1698326646\n|move|p1b: Raichu|Fake Out|p2a: Mienshao\n|-damage|p2a: Mienshao|83\/100\n|cant|p2a: Mienshao|flinch\n|move|p1a: Kilowattrel|Tailwind|p1a: Kilowattrel\n|-sidestart|p1: Arcanine2006|move: Tailwind\n|-start|p1a: Kilowattrel|Charge|Tailwind|[from] ability: Wind Power\n|move|p2b: Shiftry|Rock Slide|p1a: Kilowattrel|[spread] p1a,p1b\n|-supereffective|p1a: Kilowattrel\n|-damage|p1a: Kilowattrel|31\/100\n|-damage|p1b: Raichu|58\/100\n|\n|upkeep\n|turn|2\n|\n|t:|1698326671\n|-terastallize|p1b: Raichu|Electric\n|move|p1a: Kilowattrel|Discharge|p2b: Shiftry|[spread] p2a,p2b\n|-ability|p1b: Raichu|Lightning Rod|boost\n|-boost|p1b: Raichu|spa|1\n|-resisted|p2b: Shiftry\n|-damage|p2a: Mienshao|0 fnt\n|-damage|p2b: Shiftry|60\/100\n|faint|p2a: Mienshao\n|-end|p1a: Kilowattrel|Charge|[silent]\n|move|p1b: Raichu|Discharge|p2b: Shiftry|[spread] p1a,p2b\n|-resisted|p2b: Shiftry\n|-damage|p1a: Kilowattrel|0 fnt\n|-damage|p2b: Shiftry|17\/100\n|-status|p2b: Shiftry|par\n|faint|p1a: Kilowattrel\n|cant|p2b: Shiftry|par\n|\n|upkeep\n|\n|t:|1698326690\n|switch|p1a: Pachirisu|Pachirisu, F, shiny|100\/100\n|switch|p2a: Weezing|Weezing, M|100\/100\n|turn|3\n|\n|t:|1698326696\n|move|p1a: Pachirisu|Follow Me|p1a: Pachirisu\n|-singleturn|p1a: Pachirisu|move: Follow Me\n|move|p1b: Raichu|Discharge|p2b: Shiftry|[spread] p2a,p2b\n|-immune|p1a: Pachirisu|[from] ability: Volt Absorb\n|-crit|p2a: Weezing\n|-resisted|p2b: Shiftry\n|-damage|p2a: Weezing|8\/100\n|-damage|p2b: Shiftry|0 fnt\n|-enditem|p2a: Weezing|Petaya Berry|[eat]\n|-boost|p2a: Weezing|spa|1|[from] item: Petaya Berry\n|faint|p2b: Shiftry\n|move|p2a: Weezing|Sludge Bomb|p1a: Pachirisu\n|-damage|p1a: Pachirisu|43\/100\n|\n|-heal|p1a: Pachirisu|49\/100|[from] item: Leftovers\n|upkeep\n|\n|t:|1698326713\n|switch|p2b: Greninja|Greninja, M|100\/100\n|turn|4\n|\n|t:|1698326718\n|move|p2b: Greninja|Protect|p2b: Greninja\n|-singleturn|p2b: Greninja|Protect\n|move|p1a: Pachirisu|Follow Me|p1a: Pachirisu\n|-singleturn|p1a: Pachirisu|move: Follow Me\n|move|p1b: Raichu|Discharge|p2b: Greninja|[spread] p2a\n|-activate|p2b: Greninja|move: Protect\n|-heal|p1a: Pachirisu|74\/100|[from] ability: Volt Absorb|[of] p1b: Raichu\n|-damage|p2a: Weezing|0 fnt\n|faint|p2a: Weezing\n|\n|-heal|p1a: Pachirisu|80\/100|[from] item: Leftovers\n|-sideend|p1: Arcanine2006|move: Tailwind\n|upkeep\n|\n|t:|1698326730\n|switch|p2a: Scizor|Scizor, M|100\/100\n|turn|5\n|\n|t:|1698326740\n|-terastallize|p2b: Greninja|Dragon\n|move|p1a: Pachirisu|Follow Me|p1a: Pachirisu\n|-singleturn|p1a: Pachirisu|move: Follow Me\n|move|p2b: Greninja|Blizzard|p1b: Raichu|[spread] p1a,p1b\n|-damage|p1a: Pachirisu|50\/100\n|-damage|p1b: Raichu|30\/100\n|move|p1b: Raichu|Discharge|p2a: Scizor|[spread] p2a,p2b\n|-heal|p1a: Pachirisu|75\/100|[from] ability: Volt Absorb|[of] p1b: Raichu\n|-resisted|p2b: Greninja\n|-damage|p2a: Scizor|44\/100\n|-damage|p2b: Greninja|65\/100\n|move|p2a: Scizor|Swords Dance|p2a: Scizor\n|-boost|p2a: Scizor|atk|2\n|\n|-heal|p1a: Pachirisu|82\/100|[from] item: Leftovers\n|upkeep\n|turn|6\n|\n|t:|1698326758\n|move|p1a: Pachirisu|Follow Me|p1a: Pachirisu\n|-singleturn|p1a: Pachirisu|move: Follow Me\n|move|p2a: Scizor|Bullet Punch|p1a: Pachirisu\n|-resisted|p1a: Pachirisu\n|-damage|p1a: Pachirisu|42\/100\n|move|p2b: Greninja|Blizzard|p1a: Pachirisu|[spread] p1a,p1b\n|-damage|p1a: Pachirisu|15\/100\n|-damage|p1b: Raichu|3\/100\n|move|p1b: Raichu|Discharge|p2a: Scizor|[spread] p2a,p2b\n|-heal|p1a: Pachirisu|40\/100|[from] ability: Volt Absorb|[of] p1b: Raichu\n|-resisted|p2b: Greninja\n|-damage|p2a: Scizor|0 fnt\n|-damage|p2b: Greninja|24\/100\n|faint|p2a: Scizor\n|\n|-heal|p1a: Pachirisu|46\/100|[from] item: Leftovers\n|upkeep\n|\n|t:|1698326771\n|switch|p2a: Decidueye|Decidueye, M, shiny|100\/100\n|turn|7\n|\n|t:|1698326797\n|move|p2b: Greninja|Blizzard|p1b: Raichu|[spread] p1a\n|-miss|p2b: Greninja|p1b: Raichu\n|-damage|p1a: Pachirisu|16\/100\n|move|p1b: Raichu|Discharge|p2b: Greninja|[spread] p2a,p2b\n|-heal|p1a: Pachirisu|41\/100|[from] ability: Volt Absorb|[of] p1b: Raichu\n|-resisted|p2a: Decidueye\n|-resisted|p2b: Greninja\n|-damage|p2a: Decidueye|80\/100\n|-damage|p2b: Greninja|0 fnt\n|faint|p2b: Greninja\n|move|p1a: Pachirisu|Nuzzle|p1b: Raichu\n|-activate|p1b: Raichu|ability: Lightning Rod\n|-ability|p1b: Raichu|Lightning Rod|boost\n|-boost|p1b: Raichu|spa|1\n|move|p2a: Decidueye|Tailwind|p2a: Decidueye\n|-sidestart|p2: Gerrard 19962|move: Tailwind\n|\n|-heal|p1a: Pachirisu|47\/100|[from] item: Leftovers\n|upkeep\n|turn|8\n|l|\u2606Arcanine2006\n|inactive|Arcanine2006 disconnected and has a minute to reconnect!\n|player|p1|\n|inactive|Arcanine2006 has 30 seconds to reconnect!\n|j|\u2606Arcanine2006\n|inactive|Arcanine2006 reconnected and has 90 seconds left.\n|player|p1|Arcanine2006|palmer\n|\n|t:|1698326866\n|move|p1a: Pachirisu|Follow Me|p1a: Pachirisu\n|-singleturn|p1a: Pachirisu|move: Follow Me\n|move|p2a: Decidueye|Razor Leaf|p1a: Pachirisu|[spread] p1a\n|-miss|p2a: Decidueye|p1b: Raichu\n|-damage|p1a: Pachirisu|18\/100\n|move|p1b: Raichu|Discharge|p2a: Decidueye|[spread] p2a\n|-heal|p1a: Pachirisu|43\/100|[from] ability: Volt Absorb|[of] p1b: Raichu\n|-resisted|p2a: Decidueye\n|-crit|p2a: Decidueye\n|-damage|p2a: Decidueye|35\/100\n|\n|-heal|p1a: Pachirisu|49\/100|[from] item: Leftovers\n|upkeep\n|turn|9\n|inactive|Arcanine2006 has 90 seconds left.\n|\n|t:|1698326888\n|move|p2a: Decidueye|Razor Leaf|p1a: Pachirisu|[spread] p1a,p1b\n|-damage|p1a: Pachirisu|19\/100\n|-damage|p1b: Raichu|0 fnt\n|faint|p1b: Raichu\n|move|p1a: Pachirisu|Nuzzle|p2a: Decidueye\n|-resisted|p2a: Decidueye\n|-damage|p2a: Decidueye|33\/100\n|-status|p2a: Decidueye|par\n|\n|-heal|p1a: Pachirisu|25\/100|[from] item: Leftovers\n|upkeep\n|inactive|Arcanine2006 has 90 seconds left.\n|\n|t:|1698326894\n|switch|p1b: Jolteon|Jolteon, M|100\/100\n|turn|10\n|-message|Gerrard 19962 forfeited.\n|\n|win|Arcanine2006\n|raw|Arcanine2006's rating: 1132 &rarr; <strong>1155<\/strong><br \/>(+23 for winning)\n|raw|Gerrard 19962's rating: 1105 &rarr; <strong>1082<\/strong><br \/>(-23 for losing)\n|l|\u2606Gerrard 19962\n","uploadtime":1698326919,"views":22,"p1id":"arcanine2006","p2id":"gerrard19962","formatid":"gen9doublesou","rating":1082,"private":0,"password":""}