{"id":"gen9doublesou-1999035353","p1":"reposefulpallas","p2":"selufer87","format":"[Gen 9] Doubles OU","log":"|j|\u2606reposefulpallas\n|j|\u2606selufer87\n|t:|1701026227\n|gametype|doubles\n|player|p1|reposefulpallas|psychic-gen3|1496\n|player|p2|selufer87|101|1635\n|teamsize|p1|6\n|teamsize|p2|6\n|gen|9\n|tier|[Gen 9] Doubles OU\n|rated|\n|rule|Species Clause: Limit one of each Pok\u00e9mon\n|rule|OHKO Clause: OHKO moves are banned\n|rule|Evasion Moves Clause: Evasion moves are banned\n|rule|Gravity Sleep Clause: The combination of sleep-inducing moves with imperfect accuracy and Gravity or Gigantamax Orbeetle are banned\n|rule|Endless Battle Clause: Forcing endless battles is banned\n|rule|HP Percentage Mod: HP is shown in percentages\n|clearpoke\n|poke|p1|Kommo-o, M|\n|poke|p1|Arcanine-Hisui, F|\n|poke|p1|Sinistcha|\n|poke|p1|Illumise, F|\n|poke|p1|Oricorio-Pom-Pom, M|\n|poke|p1|Chi-Yu|\n|poke|p2|Tyranitar, M|\n|poke|p2|Arcanine-Hisui, F|\n|poke|p2|Cresselia, F|\n|poke|p2|Kommo-o, F|\n|poke|p2|Toxapex, F|\n|poke|p2|Sinistcha|\n|teampreview\n|\n|t:|1701026278\n|start\n|switch|p1a: Girl's Best Friend|Arcanine-Hisui, F|100\/100\n|switch|p1b: Le Fishe Au Magma|Chi-Yu|100\/100\n|switch|p2a: Tyranitar|Tyranitar, M|100\/100\n|switch|p2b: Arcanine|Arcanine-Hisui, F|100\/100\n|-ability|p1b: Le Fishe Au Magma|Beads of Ruin\n|-ability|p1a: Girl's Best Friend|Intimidate|boost\n|-unboost|p2a: Tyranitar|atk|1\n|-unboost|p2b: Arcanine|atk|1\n|-ability|p2b: Arcanine|Intimidate|boost\n|-unboost|p1a: Girl's Best Friend|atk|1\n|-unboost|p1b: Le Fishe Au Magma|atk|1\n|-weather|Sandstorm|[from] ability: Sand Stream|[of] p2a: Tyranitar\n|turn|1\n|\n|t:|1701026307\n|switch|p1b: Cup of Cancer|Sinistcha|100\/100\n|switch|p2a: Kommo-o|Kommo-o, F|100\/100\n|move|p1a: Girl's Best Friend|Will-O-Wisp|p2a: Kommo-o\n|-status|p2a: Kommo-o|brn\n|move|p2b: Arcanine|Snarl|p1a: Girl's Best Friend|[spread] p1a,p1b\n|-supereffective|p1b: Cup of Cancer\n|-damage|p1a: Girl's Best Friend|93\/100\n|-damage|p1b: Cup of Cancer|77\/100\n|-unboost|p1a: Girl's Best Friend|spa|1\n|-unboost|p1b: Cup of Cancer|spa|1\n|\n|-weather|Sandstorm|[upkeep]\n|-damage|p1b: Cup of Cancer|71\/100|[from] Sandstorm\n|-heal|p1b: Cup of Cancer|77\/100|[from] item: Leftovers\n|-damage|p2a: Kommo-o|94\/100 brn|[from] brn\n|upkeep\n|turn|2\n|\n|t:|1701026346\n|switch|p1a: Disco King|Kommo-o, M|100\/100\n|move|p1b: Cup of Cancer|Protect|p1b: Cup of Cancer\n|-singleturn|p1b: Cup of Cancer|Protect\n|move|p2a: Kommo-o|Drain Punch|p1a: Disco King\n|-damage|p1a: Disco King|87\/100\n|-heal|p2a: Kommo-o|100\/100 brn|[from] drain|[of] p1a: Disco King\n|move|p2b: Arcanine|Snarl|p1a: Disco King|[spread] p1a\n|-activate|p1b: Cup of Cancer|move: Protect\n|-resisted|p1a: Disco King\n|-damage|p1a: Disco King|82\/100\n|\n|-weather|Sandstorm|[upkeep]\n|-damage|p1a: Disco King|75\/100|[from] Sandstorm\n|-damage|p1b: Cup of Cancer|71\/100|[from] Sandstorm\n|-heal|p1b: Cup of Cancer|77\/100|[from] item: Leftovers\n|-damage|p2a: Kommo-o|94\/100 brn|[from] brn\n|upkeep\n|turn|3\n|\n|t:|1701026370\n|switch|p2a: Toxapex|Toxapex, F|100\/100\n|move|p1a: Disco King|Clangorous Soul|p1a: Disco King\n|-boost|p1a: Disco King|atk|1\n|-boost|p1a: Disco King|def|1\n|-boost|p1a: Disco King|spa|1\n|-boost|p1a: Disco King|spd|1\n|-boost|p1a: Disco King|spe|1\n|-damage|p1a: Disco King|42\/100\n|move|p2b: Arcanine|Will-O-Wisp|p1a: Disco King|[miss]\n|-miss|p2b: Arcanine|p1a: Disco King\n|move|p1b: Cup of Cancer|Calm Mind|p1b: Cup of Cancer\n|-boost|p1b: Cup of Cancer|spa|1\n|-boost|p1b: Cup of Cancer|spd|1\n|\n|-weather|Sandstorm|[upkeep]\n|-damage|p1a: Disco King|36\/100|[from] Sandstorm\n|-damage|p1b: Cup of Cancer|71\/100|[from] Sandstorm\n|-damage|p2a: Toxapex|94\/100|[from] Sandstorm\n|-heal|p1b: Cup of Cancer|77\/100|[from] item: Leftovers\n|-heal|p2a: Toxapex|100\/100|[from] item: Black Sludge\n|upkeep\n|turn|4\n|\n|t:|1701026397\n|move|p2b: Arcanine|Protect|p2b: Arcanine\n|-singleturn|p2b: Arcanine|Protect\n|move|p1a: Disco King|Drain Punch|p2b: Arcanine\n|-activate|p2b: Arcanine|move: Protect\n|move|p1b: Cup of Cancer|Matcha Gotcha|p2a: Toxapex|[spread] p2a\n|-activate|p2b: Arcanine|move: Protect\n|-damage|p2a: Toxapex|80\/100\n|-heal|p1b: Cup of Cancer|86\/100|[from] drain|[of] p2a: Toxapex\n|move|p2a: Toxapex|Haze|p2a: Toxapex\n|-clearallboost\n|\n|-weather|Sandstorm|[upkeep]\n|-damage|p1a: Disco King|30\/100|[from] Sandstorm\n|-damage|p1b: Cup of Cancer|80\/100|[from] Sandstorm\n|-damage|p2a: Toxapex|74\/100|[from] Sandstorm\n|-heal|p1b: Cup of Cancer|86\/100|[from] item: Leftovers\n|-heal|p2a: Toxapex|80\/100|[from] item: Black Sludge\n|upkeep\n|turn|5\n|\n|t:|1701026431\n|switch|p1a: Girl's Best Friend|Arcanine-Hisui, F|93\/100\n|-ability|p1a: Girl's Best Friend|Intimidate|boost\n|-unboost|p2a: Toxapex|atk|1\n|-unboost|p2b: Arcanine|atk|1\n|switch|p2b: Sinistcha|Sinistcha|100\/100\n|-heal|p2a: Toxapex|100\/100|[from] ability: Hospitality|[of] p2b: Sinistcha\n|move|p1b: Cup of Cancer|Matcha Gotcha|p2b: Sinistcha|[spread] p2a,p2b\n|-resisted|p2b: Sinistcha\n|-damage|p2a: Toxapex|79\/100\n|-heal|p1b: Cup of Cancer|95\/100|[from] drain|[of] p2a: Toxapex\n|-damage|p2b: Sinistcha|81\/100\n|-heal|p1b: Cup of Cancer|100\/100|[from] drain|[of] p2b: Sinistcha\n|move|p2a: Toxapex|Infestation|p1b: Cup of Cancer\n|-damage|p1b: Cup of Cancer|97\/100\n|-activate|p1b: Cup of Cancer|move: Infestation|[of] p2a: Toxapex\n|\n|-weather|none\n|-heal|p1b: Cup of Cancer|100\/100|[from] item: Leftovers\n|-heal|p2a: Toxapex|86\/100|[from] item: Black Sludge\n|-damage|p1b: Cup of Cancer|88\/100|[from] move: Infestation|[partiallytrapped]\n|upkeep\n|turn|6\n|\n|t:|1701026466\n|switch|p2b: Arcanine|Arcanine-Hisui, F|100\/100\n|-ability|p2b: Arcanine|Intimidate|boost\n|-unboost|p1a: Girl's Best Friend|atk|1\n|-unboost|p1b: Cup of Cancer|atk|1\n|move|p2a: Toxapex|Wide Guard|p2a: Toxapex\n|-singleturn|p2a: Toxapex|Wide Guard\n|move|p1a: Girl's Best Friend|Flare Blitz|p2b: Arcanine\n|-resisted|p2b: Arcanine\n|-damage|p2b: Arcanine|91\/100\n|-damage|p1a: Girl's Best Friend|89\/100|[from] Recoil\n|move|p1b: Cup of Cancer|Calm Mind|p1b: Cup of Cancer\n|-boost|p1b: Cup of Cancer|spa|1\n|-boost|p1b: Cup of Cancer|spd|1\n|\n|-heal|p1b: Cup of Cancer|94\/100|[from] item: Leftovers\n|-heal|p2a: Toxapex|92\/100|[from] item: Black Sludge\n|-damage|p1b: Cup of Cancer|82\/100|[from] move: Infestation|[partiallytrapped]\n|upkeep\n|turn|7\n|\n|t:|1701026490\n|move|p1b: Cup of Cancer|Protect|p1b: Cup of Cancer\n|-singleturn|p1b: Cup of Cancer|Protect\n|move|p1a: Girl's Best Friend|Rock Slide|p2b: Arcanine|[spread] p2a,p2b\n|-supereffective|p2b: Arcanine\n|-damage|p2a: Toxapex|79\/100\n|-damage|p2b: Arcanine|57\/100\n|move|p2b: Arcanine|Will-O-Wisp|p1b: Cup of Cancer\n|-activate|p1b: Cup of Cancer|move: Protect\n|move|p2a: Toxapex|Haze|p2a: Toxapex\n|-clearallboost\n|\n|-heal|p1b: Cup of Cancer|88\/100|[from] item: Leftovers\n|-heal|p2a: Toxapex|85\/100|[from] item: Black Sludge\n|-damage|p1b: Cup of Cancer|75\/100|[from] move: Infestation|[partiallytrapped]\n|upkeep\n|turn|8\n|\n|t:|1701026511\n|move|p2a: Toxapex|Wide Guard|p2a: Toxapex\n|-singleturn|p2a: Toxapex|Wide Guard\n|move|p1a: Girl's Best Friend|Rock Slide|p2a: Toxapex|[spread] \n|-activate|p2a: Toxapex|move: Wide Guard\n|-activate|p2b: Arcanine|move: Wide Guard\n|move|p2b: Arcanine|Snarl|p1b: Cup of Cancer|[spread] p1a,p1b\n|-supereffective|p1b: Cup of Cancer\n|-damage|p1a: Girl's Best Friend|75\/100\n|-damage|p1b: Cup of Cancer|50\/100\n|-unboost|p1a: Girl's Best Friend|spa|1\n|-unboost|p1b: Cup of Cancer|spa|1\n|move|p1b: Cup of Cancer|Matcha Gotcha|p2b: Arcanine|[spread] \n|-activate|p2a: Toxapex|move: Wide Guard\n|-activate|p2b: Arcanine|move: Wide Guard\n|\n|-heal|p1b: Cup of Cancer|56\/100|[from] item: Leftovers\n|-heal|p2a: Toxapex|92\/100|[from] item: Black Sludge\n|-damage|p1b: Cup of Cancer|44\/100|[from] move: Infestation|[partiallytrapped]\n|upkeep\n|turn|9\n|\n|t:|1701026534\n|switch|p1b: Disco King|Kommo-o, M|30\/100\n|move|p2a: Toxapex|Wide Guard|p2a: Toxapex\n|-singleturn|p2a: Toxapex|Wide Guard\n|move|p1a: Girl's Best Friend|Rock Slide|p2b: Arcanine|[spread] \n|-activate|p2a: Toxapex|move: Wide Guard\n|-activate|p2b: Arcanine|move: Wide Guard\n|move|p2b: Arcanine|Snarl|p1b: Disco King|[spread] p1a,p1b\n|-resisted|p1b: Disco King\n|-damage|p1a: Girl's Best Friend|64\/100\n|-damage|p1b: Disco King|25\/100\n|-unboost|p1a: Girl's Best Friend|spa|1\n|\n|-heal|p2a: Toxapex|98\/100|[from] item: Black Sludge\n|upkeep\n|turn|10\n|inactive|Battle timer is ON: inactive players will automatically lose when time's up. (requested by reposefulpallas)\n|inactive|selufer87 has 120 seconds left.\n|\n|t:|1701026565\n|switch|p1a: Le Fishe Au Magma|Chi-Yu|100\/100\n|-ability|p1a: Le Fishe Au Magma|Beads of Ruin\n|switch|p2b: Cresselia|Cresselia, F|100\/100\n|move|p1b: Disco King|Dragon Claw|p2a: Toxapex\n|-damage|p2a: Toxapex|72\/100\n|move|p2a: Toxapex|Infestation|p1a: Le Fishe Au Magma\n|-damage|p1a: Le Fishe Au Magma|97\/100\n|-activate|p1a: Le Fishe Au Magma|move: Infestation|[of] p2a: Toxapex\n|\n|-heal|p2a: Toxapex|78\/100|[from] item: Black Sludge\n|-damage|p1a: Le Fishe Au Magma|85\/100|[from] move: Infestation|[partiallytrapped]\n|upkeep\n|turn|11\n|\n|t:|1701026591\n|switch|p2b: Tyranitar|Tyranitar, M|100\/100\n|-weather|Sandstorm|[from] ability: Sand Stream|[of] p2b: Tyranitar\n|move|p1a: Le Fishe Au Magma|Dark Pulse|p2a: Toxapex\n|-damage|p2a: Toxapex|14\/100\n|move|p1b: Disco King|Drain Punch|p2b: Tyranitar\n|-supereffective|p2b: Tyranitar\n|-damage|p2b: Tyranitar|0 fnt\n|-heal|p1b: Disco King|94\/100|[from] drain|[of] p2b: Tyranitar\n|faint|p2b: Tyranitar\n|move|p2a: Toxapex|Infestation|p1b: Disco King\n|-resisted|p1b: Disco King\n|-crit|p1b: Disco King\n|-damage|p1b: Disco King|91\/100\n|-activate|p1b: Disco King|move: Infestation|[of] p2a: Toxapex\n|\n|-weather|Sandstorm|[upkeep]\n|-damage|p1a: Le Fishe Au Magma|79\/100|[from] Sandstorm\n|-damage|p1b: Disco King|85\/100|[from] Sandstorm\n|-damage|p2a: Toxapex|7\/100|[from] Sandstorm\n|-heal|p2a: Toxapex|14\/100|[from] item: Black Sludge\n|-damage|p1a: Le Fishe Au Magma|66\/100|[from] move: Infestation|[partiallytrapped]\n|-damage|p1b: Disco King|72\/100|[from] move: Infestation|[partiallytrapped]\n|upkeep\n|inactive|selufer87 has 120 seconds left.\n|\n|t:|1701026613\n|switch|p2b: Arcanine|Arcanine-Hisui, F|57\/100\n|-ability|p2b: Arcanine|Intimidate|boost\n|-unboost|p1a: Le Fishe Au Magma|atk|1\n|-fail|p1b: Disco King|unboost|[from] item: Clear Amulet|[of] p1b: Disco King\n|turn|12\n|\n|t:|1701026633\n|switch|p2a: Kommo-o|Kommo-o, F|94\/100 brn\n|move|p1a: Le Fishe Au Magma|Dark Pulse|p2b: Arcanine\n|-damage|p2b: Arcanine|14\/100\n|-enditem|p2b: Arcanine|Aguav Berry|[eat]\n|-heal|p2b: Arcanine|47\/100|[from] item: Aguav Berry\n|move|p1b: Disco King|Dragon Claw|p2a: Kommo-o\n|-supereffective|p2a: Kommo-o\n|-damage|p2a: Kommo-o|35\/100 brn\n|-enditem|p2a: Kommo-o|Sitrus Berry|[eat]\n|-heal|p2a: Kommo-o|59\/100 brn|[from] item: Sitrus Berry\n|move|p2b: Arcanine|Will-O-Wisp|p1b: Disco King\n|-status|p1b: Disco King|brn\n|\n|-weather|Sandstorm|[upkeep]\n|-damage|p1a: Le Fishe Au Magma|60\/100|[from] Sandstorm\n|-damage|p1b: Disco King|66\/100 brn|[from] Sandstorm\n|-damage|p1b: Disco King|60\/100 brn|[from] brn\n|-damage|p2a: Kommo-o|53\/100 brn|[from] brn\n|-end|p1a: Le Fishe Au Magma|Infestation|[partiallytrapped]|[silent]\n|-end|p1b: Disco King|Infestation|[partiallytrapped]|[silent]\n|upkeep\n|turn|13\n|inactive|selufer87 has 120 seconds left.\n|\n|t:|1701026669\n|switch|p1a: Girl's Best Friend|Arcanine-Hisui, F|64\/100\n|-ability|p1a: Girl's Best Friend|Intimidate|boost\n|-unboost|p2a: Kommo-o|atk|1\n|-unboost|p2b: Arcanine|atk|1\n|move|p2a: Kommo-o|Protect|p2a: Kommo-o\n|-singleturn|p2a: Kommo-o|Protect\n|move|p1b: Disco King|Drain Punch|p2b: Arcanine\n|-supereffective|p2b: Arcanine\n|-crit|p2b: Arcanine\n|-damage|p2b: Arcanine|0 fnt\n|-heal|p1b: Disco King|92\/100 brn|[from] drain|[of] p2b: Arcanine\n|faint|p2b: Arcanine\n|\n|-weather|Sandstorm|[upkeep]\n|-damage|p1b: Disco King|85\/100 brn|[from] Sandstorm\n|-damage|p1b: Disco King|79\/100 brn|[from] brn\n|-damage|p2a: Kommo-o|47\/100 brn|[from] brn\n|upkeep\n|\n|t:|1701026687\n|switch|p2b: Sinistcha|Sinistcha|81\/100\n|-heal|p2a: Kommo-o|72\/100 brn|[from] ability: Hospitality|[of] p2b: Sinistcha\n|turn|14\n|inactive|selufer87 has 120 seconds left.\n|\n|t:|1701026702\n|switch|p1a: Backup Dancer|Oricorio-Pom-Pom, M|100\/100\n|switch|p2b: Cresselia|Cresselia, F|100\/100\n|move|p1b: Disco King|Clangorous Soul|p1b: Disco King\n|-boost|p1b: Disco King|atk|1\n|-boost|p1b: Disco King|def|1\n|-boost|p1b: Disco King|spa|1\n|-boost|p1b: Disco King|spd|1\n|-boost|p1b: Disco King|spe|1\n|-damage|p1b: Disco King|46\/100 brn\n|-activate|p1a: Backup Dancer|ability: Dancer\n|move|p1a: Backup Dancer|Clangorous Soul|p1a: Backup Dancer|[from]ability: Dancer\n|-boost|p1a: Backup Dancer|atk|1\n|-boost|p1a: Backup Dancer|def|1\n|-boost|p1a: Backup Dancer|spa|1\n|-boost|p1a: Backup Dancer|spd|1\n|-boost|p1a: Backup Dancer|spe|1\n|-damage|p1a: Backup Dancer|68\/100\n|move|p2a: Kommo-o|Clanging Scales|p1a: Backup Dancer|[spread] p1a,p1b\n|-supereffective|p1b: Disco King\n|-damage|p1a: Backup Dancer|38\/100\n|-damage|p1b: Disco King|1\/100 brn\n|-unboost|p2a: Kommo-o|def|1\n|\n|-weather|Sandstorm|[upkeep]\n|-damage|p1b: Disco King|0 fnt|[from] Sandstorm\n|-damage|p1a: Backup Dancer|32\/100|[from] Sandstorm\n|-damage|p2b: Cresselia|94\/100|[from] Sandstorm\n|faint|p1b: Disco King\n|-heal|p1a: Backup Dancer|38\/100|[from] item: Leftovers\n|-heal|p2b: Cresselia|100\/100|[from] item: Leftovers\n|-damage|p2a: Kommo-o|65\/100 brn|[from] brn\n|upkeep\n|\n|t:|1701026712\n|switch|p1b: Le Fishe Au Magma|Chi-Yu|60\/100\n|-ability|p1b: Le Fishe Au Magma|Beads of Ruin\n|turn|15\n|inactive|selufer87 has 120 seconds left.\n|\n|t:|1701026744\n|move|p2b: Cresselia|Ally Switch|p2b: Cresselia\n|swap|p2b: Cresselia|0|[from] move: Ally Switch\n|move|p1a: Backup Dancer|Air Slash|p2a: Cresselia\n|-damage|p2a: Cresselia|65\/100\n|move|p1b: Le Fishe Au Magma|Dark Pulse|p2b: Kommo-o\n|-resisted|p2b: Kommo-o\n|-damage|p2b: Kommo-o|29\/100 brn\n|move|p2b: Kommo-o|Drain Punch|p1b: Le Fishe Au Magma\n|-supereffective|p1b: Le Fishe Au Magma\n|-damage|p1b: Le Fishe Au Magma|29\/100\n|-heal|p2b: Kommo-o|43\/100 brn|[from] drain|[of] p1b: Le Fishe Au Magma\n|\n|-weather|none\n|-heal|p1a: Backup Dancer|44\/100|[from] item: Leftovers\n|-heal|p2a: Cresselia|71\/100|[from] item: Leftovers\n|-damage|p2b: Kommo-o|37\/100 brn|[from] brn\n|upkeep\n|turn|16\n|inactive|selufer87 has 120 seconds left.\n|\n|t:|1701026774\n|-terastallize|p2a: Cresselia|Rock\n|move|p2b: Kommo-o|Protect|p2b: Kommo-o\n|-singleturn|p2b: Kommo-o|Protect\n|move|p1a: Backup Dancer|Air Slash|p2a: Cresselia\n|-resisted|p2a: Cresselia\n|-damage|p2a: Cresselia|55\/100\n|move|p1b: Le Fishe Au Magma|Dark Pulse|p2a: Cresselia\n|-damage|p2a: Cresselia|11\/100\n|cant|p2a: Cresselia|flinch\n|\n|-heal|p1a: Backup Dancer|50\/100|[from] item: Leftovers\n|-heal|p2a: Cresselia|17\/100|[from] item: Leftovers\n|-damage|p2b: Kommo-o|31\/100 brn|[from] brn\n|upkeep\n|turn|17\n|inactive|selufer87 has 120 seconds left.\n|\n|t:|1701026797\n|move|p1a: Backup Dancer|Air Slash|p2b: Kommo-o\n|-supereffective|p2b: Kommo-o\n|-damage|p2b: Kommo-o|0 fnt\n|faint|p2b: Kommo-o\n|move|p1b: Le Fishe Au Magma|Dark Pulse|p2a: Cresselia\n|-damage|p2a: Cresselia|0 fnt\n|faint|p2a: Cresselia\n|\n|-heal|p1a: Backup Dancer|55\/100|[from] item: Leftovers\n|upkeep\n|inactive|selufer87 has 120 seconds left.\n|c|\u2606reposefulpallas|ggwp\n|\n|t:|1701026807\n|switch|p2b: Sinistcha|Sinistcha|81\/100\n|switch|p2a: Toxapex|Toxapex, F|47\/100\n|-heal|p2a: Toxapex|72\/100|[from] ability: Hospitality|[of] p2b: Sinistcha\n|turn|18\n|\n|t:|1701026825\n|move|p1a: Backup Dancer|Revelation Dance|p2a: Toxapex\n|-supereffective|p2a: Toxapex\n|-damage|p2a: Toxapex|0 fnt\n|faint|p2a: Toxapex\n|move|p1b: Le Fishe Au Magma|Dark Pulse|p2b: Sinistcha\n|-supereffective|p2b: Sinistcha\n|-damage|p2b: Sinistcha|0 fnt\n|faint|p2b: Sinistcha\n|\n|win|reposefulpallas\n|raw|reposefulpallas's rating: 1496 &rarr; <strong>1524<\/strong><br \/>(+28 for winning)\n|raw|selufer87's rating: 1635 &rarr; <strong>1607<\/strong><br \/>(-28 for losing)\n","uploadtime":1701026861,"views":7,"p1id":"reposefulpallas","p2id":"selufer87","formatid":"gen9doublesou","rating":1524,"private":0,"password":""}