{"id":"gen9doublesou-1993295147","p1":"codyreborn","p2":"Elite.4.Challenger","format":"[Gen 9] Doubles OU","log":"|j|\u2606codyreborn\n|j|\u2606Elite.4.Challenger\n|t:|1700292363\n|gametype|doubles\n|player|p1|codyreborn|pokemaniac|1384\n|player|p2|Elite.4.Challenger|rocker-gen3|1414\n|teamsize|p1|6\n|teamsize|p2|6\n|gen|9\n|tier|[Gen 9] Doubles OU\n|rated|\n|rule|Species Clause: Limit one of each Pok\u00e9mon\n|rule|OHKO Clause: OHKO moves are banned\n|rule|Evasion Moves Clause: Evasion moves are banned\n|rule|Gravity Sleep Clause: The combination of sleep-inducing moves with imperfect accuracy and Gravity or Gigantamax Orbeetle are banned\n|rule|Endless Battle Clause: Forcing endless battles is banned\n|rule|HP Percentage Mod: HP is shown in percentages\n|clearpoke\n|poke|p1|Milotic, F|\n|poke|p1|Heatran, M|\n|poke|p1|Dragapult, M|\n|poke|p1|Zapdos|\n|poke|p1|Rillaboom, M|\n|poke|p1|Kingambit, M|\n|poke|p2|Tornadus, M|\n|poke|p2|Regieleki|\n|poke|p2|Goodra-Hisui, F|\n|poke|p2|Basculegion-F, F|\n|poke|p2|Politoed, F|\n|poke|p2|Toxicroak, F|\n|teampreview\n|\n|t:|1700292385\n|start\n|switch|p1a: Heatran|Heatran, M, shiny|100\/100\n|switch|p1b: Rillaboom|Rillaboom, M, shiny|100\/100\n|switch|p2a: Regieleki|Regieleki|100\/100\n|switch|p2b: Michael Phelps|Basculegion-F, F|100\/100\n|-fieldstart|move: Grassy Terrain|[from] ability: Grassy Surge|[of] p1b: Rillaboom\n|turn|1\n|\n|t:|1700292412\n|-terastallize|p2b: Michael Phelps|Ice\n|move|p1b: Rillaboom|Fake Out|p2a: Regieleki\n|-damage|p2a: Regieleki|77\/100\n|cant|p2a: Regieleki|flinch\n|move|p2b: Michael Phelps|Ice Beam|p1b: Rillaboom\n|-supereffective|p1b: Rillaboom\n|-damage|p1b: Rillaboom|14\/100\n|move|p1a: Heatran|Will-O-Wisp|p2b: Michael Phelps\n|-status|p2b: Michael Phelps|brn\n|\n|-heal|p2a: Regieleki|83\/100|[from] Grassy Terrain\n|-heal|p1b: Rillaboom|20\/100|[from] Grassy Terrain\n|-damage|p2b: Michael Phelps|94\/100 brn|[from] brn\n|upkeep\n|turn|2\n|\n|t:|1700292435\n|switch|p1b: Milotic|Milotic, F, shiny|100\/100\n|move|p2a: Regieleki|Volt Switch|p1a: Heatran\n|-damage|p1a: Heatran|62\/100\n|\n|t:|1700292440\n|switch|p2a: Kermit the Frog|Politoed, F|100\/100|[from] Volt Switch\n|-weather|RainDance|[from] ability: Drizzle|[of] p2a: Kermit the Frog\n|move|p2b: Michael Phelps|Ice Beam|p1b: Milotic\n|-resisted|p1b: Milotic\n|-damage|p1b: Milotic|80\/100\n|move|p1a: Heatran|Magma Storm|p2b: Michael Phelps\n|-supereffective|p2b: Michael Phelps\n|-damage|p2b: Michael Phelps|44\/100 brn\n|-activate|p2b: Michael Phelps|move: Magma Storm|[of] p1a: Heatran\n|\n|-weather|RainDance|[upkeep]\n|-heal|p2b: Michael Phelps|50\/100 brn|[from] Grassy Terrain\n|-heal|p1a: Heatran|68\/100|[from] Grassy Terrain\n|-heal|p1a: Heatran|74\/100|[from] item: Leftovers\n|-heal|p1b: Milotic|86\/100|[from] Grassy Terrain\n|-damage|p2b: Michael Phelps|44\/100 brn|[from] brn\n|-damage|p2b: Michael Phelps|32\/100 brn|[from] move: Magma Storm|[partiallytrapped]\n|-status|p1b: Milotic|brn|[from] item: Flame Orb\n|upkeep\n|turn|3\n|\n|t:|1700292469\n|move|p2b: Michael Phelps|Ice Beam|p1a: Heatran\n|-resisted|p1a: Heatran\n|-damage|p1a: Heatran|63\/100\n|move|p1a: Heatran|Earth Power|p2b: Michael Phelps\n|-damage|p2b: Michael Phelps|3\/100 brn\n|-unboost|p2b: Michael Phelps|spd|1\n|move|p1b: Milotic|Icy Wind|p2a: Kermit the Frog|[spread] p2a,p2b\n|-resisted|p2a: Kermit the Frog\n|-resisted|p2b: Michael Phelps\n|-damage|p2a: Kermit the Frog|97\/100\n|-damage|p2b: Michael Phelps|0 fnt\n|-unboost|p2a: Kermit the Frog|spe|1\n|faint|p2b: Michael Phelps\n|-enditem|p2a: Kermit the Frog|Eject Button\n|\n|t:|1700292484\n|switch|p2a: Regieleki|Regieleki|83\/100\n|\n|-weather|RainDance|[upkeep]\n|-heal|p2a: Regieleki|89\/100|[from] Grassy Terrain\n|-heal|p1a: Heatran|70\/100|[from] Grassy Terrain\n|-heal|p1a: Heatran|76\/100|[from] item: Leftovers\n|-heal|p1b: Milotic|92\/100 brn|[from] Grassy Terrain\n|-damage|p1b: Milotic|86\/100 brn|[from] brn\n|upkeep\n|\n|t:|1700292496\n|switch|p2b: Kermit the Frog|Politoed, F|97\/100\n|turn|4\n|\n|t:|1700292509\n|-terastallize|p1a: Heatran|Grass\n|move|p2a: Regieleki|Volt Switch|p1b: Milotic\n|-supereffective|p1b: Milotic\n|-damage|p1b: Milotic|11\/100 brn\n|\n|t:|1700292518\n|switch|p2a: Goodra|Goodra-Hisui, F|100\/100|[from] Volt Switch\n|move|p1a: Heatran|Earth Power|p2a: Goodra\n|-supereffective|p2a: Goodra\n|-damage|p2a: Goodra|63\/100\n|move|p1b: Milotic|Icy Wind|p2a: Goodra|[spread] p2a,p2b\n|-resisted|p2b: Kermit the Frog\n|-damage|p2a: Goodra|56\/100\n|-damage|p2b: Kermit the Frog|94\/100\n|-unboost|p2a: Goodra|spe|1\n|-unboost|p2b: Kermit the Frog|spe|1\n|move|p2b: Kermit the Frog|Surf|p1b: Milotic|[spread] p2a,p1a,p1b\n|-resisted|p2a: Goodra\n|-resisted|p1a: Heatran\n|-resisted|p1b: Milotic\n|-damage|p2a: Goodra|47\/100\n|-damage|p1a: Heatran|66\/100\n|-damage|p1b: Milotic|1\/100 brn\n|\n|-weather|RainDance|[upkeep]\n|-heal|p1a: Heatran|72\/100|[from] Grassy Terrain\n|-heal|p1a: Heatran|78\/100|[from] item: Leftovers\n|-heal|p1b: Milotic|7\/100 brn|[from] Grassy Terrain\n|-heal|p2b: Kermit the Frog|99\/100|[from] Grassy Terrain\n|-heal|p2a: Goodra|52\/100|[from] Grassy Terrain\n|-damage|p1b: Milotic|1\/100 brn|[from] brn\n|upkeep\n|turn|5\n|\n|t:|1700292543\n|switch|p2a: Tornadus|Tornadus, M|100\/100\n|move|p2b: Kermit the Frog|Protect|p2b: Kermit the Frog\n|-singleturn|p2b: Kermit the Frog|Protect\n|move|p1a: Heatran|Magma Storm|p2a: Tornadus\n|-damage|p2a: Tornadus|73\/100\n|-activate|p2a: Tornadus|move: Magma Storm|[of] p1a: Heatran\n|move|p1b: Milotic|Recover|p1b: Milotic\n|-heal|p1b: Milotic|51\/100 brn\n|\n|-weather|RainDance|[upkeep]\n|-heal|p1a: Heatran|85\/100|[from] Grassy Terrain\n|-heal|p1a: Heatran|91\/100|[from] item: Leftovers\n|-heal|p1b: Milotic|57\/100 brn|[from] Grassy Terrain\n|-heal|p2b: Kermit the Frog|100\/100|[from] Grassy Terrain\n|-damage|p1b: Milotic|51\/100 brn|[from] brn\n|-damage|p2a: Tornadus|61\/100|[from] move: Magma Storm|[partiallytrapped]\n|-fieldend|move: Grassy Terrain\n|upkeep\n|turn|6\n|\n|t:|1700292568\n|move|p2a: Tornadus|Bleakwind Storm|p1a: Heatran|[spread] p1a,p1b\n|-supereffective|p1a: Heatran\n|-crit|p1b: Milotic\n|-damage|p1a: Heatran|41\/100\n|-damage|p1b: Milotic|10\/100 brn\n|move|p1a: Heatran|Magma Storm|p2b: Kermit the Frog|[miss]\n|-miss|p1a: Heatran|p2b: Kermit the Frog\n|move|p1b: Milotic|Icy Wind|p2a: Tornadus|[spread] p2a\n|-miss|p1b: Milotic|p2b: Kermit the Frog\n|-supereffective|p2a: Tornadus\n|-damage|p2a: Tornadus|33\/100\n|-unboost|p2a: Tornadus|spe|1\n|move|p2b: Kermit the Frog|Icy Wind|p1b: Milotic|[spread] p1a,p1b\n|-supereffective|p1a: Heatran\n|-resisted|p1b: Milotic\n|-damage|p1a: Heatran|28\/100\n|-damage|p1b: Milotic|7\/100 brn\n|-unboost|p1a: Heatran|spe|1\n|-unboost|p1b: Milotic|spe|1\n|\n|-weather|none\n|-heal|p1a: Heatran|34\/100|[from] item: Leftovers\n|-damage|p1b: Milotic|1\/100 brn|[from] brn\n|-damage|p2a: Tornadus|21\/100|[from] move: Magma Storm|[partiallytrapped]\n|upkeep\n|turn|7\n|\n|t:|1700292598\n|move|p2b: Kermit the Frog|Protect|p2b: Kermit the Frog\n|-singleturn|p2b: Kermit the Frog|Protect\n|move|p2a: Tornadus|Rain Dance|p2a: Tornadus\n|-weather|RainDance\n|move|p1a: Heatran|Magma Storm|p2b: Kermit the Frog\n|-activate|p2b: Kermit the Frog|move: Protect\n|move|p1b: Milotic|Recover|p1b: Milotic\n|-heal|p1b: Milotic|51\/100 brn\n|\n|-weather|RainDance|[upkeep]\n|-heal|p1a: Heatran|41\/100|[from] item: Leftovers\n|-damage|p1b: Milotic|45\/100 brn|[from] brn\n|-damage|p2a: Tornadus|9\/100|[from] move: Magma Storm|[partiallytrapped]\n|upkeep\n|turn|8\n|\n|t:|1700292617\n|move|p2a: Tornadus|Tailwind|p2a: Tornadus\n|-sidestart|p2: Elite.4.Challenger|move: Tailwind\n|move|p2b: Kermit the Frog|Icy Wind|p1a: Heatran|[spread] p1a,p1b\n|-supereffective|p1a: Heatran\n|-resisted|p1b: Milotic\n|-damage|p1a: Heatran|30\/100\n|-damage|p1b: Milotic|43\/100 brn\n|-unboost|p1a: Heatran|spe|1\n|-unboost|p1b: Milotic|spe|1\n|move|p1a: Heatran|Will-O-Wisp|p2b: Kermit the Frog\n|-status|p2b: Kermit the Frog|brn\n|move|p1b: Milotic|Icy Wind|p2b: Kermit the Frog|[spread] p2a,p2b\n|-supereffective|p2a: Tornadus\n|-resisted|p2b: Kermit the Frog\n|-damage|p2a: Tornadus|0 fnt\n|-damage|p2b: Kermit the Frog|97\/100 brn\n|-unboost|p2b: Kermit the Frog|spe|1\n|faint|p2a: Tornadus\n|\n|-weather|RainDance|[upkeep]\n|-heal|p1a: Heatran|36\/100|[from] item: Leftovers\n|-damage|p2b: Kermit the Frog|91\/100 brn|[from] brn\n|-damage|p1b: Milotic|37\/100 brn|[from] brn\n|upkeep\n|\n|t:|1700292640\n|switch|p2a: Regieleki|Regieleki|89\/100\n|turn|9\n|\n|t:|1700292650\n|switch|p1b: Rillaboom|Rillaboom, M, shiny|20\/100\n|-fieldstart|move: Grassy Terrain|[from] ability: Grassy Surge|[of] p1b: Rillaboom\n|move|p2b: Kermit the Frog|Protect|p2b: Kermit the Frog\n|-singleturn|p2b: Kermit the Frog|Protect\n|move|p2a: Regieleki|Volt Switch|p1b: Rillaboom\n|-resisted|p1b: Rillaboom\n|-damage|p1b: Rillaboom|0 fnt\n|faint|p1b: Rillaboom\n|j| bananaszn\n|\n|t:|1700292659\n|switch|p2a: Goodra|Goodra-Hisui, F|52\/100|[from] Volt Switch\n|move|p1a: Heatran|Earth Power|p2a: Goodra\n|-supereffective|p2a: Goodra\n|-damage|p2a: Goodra|15\/100\n|-enditem|p2a: Goodra|Iapapa Berry|[eat]\n|-heal|p2a: Goodra|49\/100|[from] item: Iapapa Berry\n|\n|-weather|RainDance|[upkeep]\n|-heal|p2a: Goodra|54\/100|[from] Grassy Terrain\n|-heal|p2b: Kermit the Frog|97\/100 brn|[from] Grassy Terrain\n|-heal|p1a: Heatran|42\/100|[from] Grassy Terrain\n|-heal|p1a: Heatran|48\/100|[from] item: Leftovers\n|-damage|p2b: Kermit the Frog|91\/100 brn|[from] brn\n|upkeep\n|\n|t:|1700292678\n|switch|p1b: Milotic|Milotic, F, shiny|37\/100 brn\n|turn|10\n|\n|t:|1700292690\n|move|p2a: Goodra|Body Press|p1b: Milotic\n|-damage|p1b: Milotic|22\/100 brn\n|move|p1b: Milotic|Icy Wind|p2a: Goodra|[spread] p2a,p2b\n|-resisted|p2b: Kermit the Frog\n|-damage|p2a: Goodra|48\/100\n|-damage|p2b: Kermit the Frog|88\/100 brn\n|-unboost|p2a: Goodra|spe|1\n|-unboost|p2b: Kermit the Frog|spe|1\n|move|p2b: Kermit the Frog|Icy Wind|p1b: Milotic|[spread] p1a,p1b\n|-supereffective|p1a: Heatran\n|-resisted|p1b: Milotic\n|-crit|p1b: Milotic\n|-damage|p1a: Heatran|37\/100\n|-damage|p1b: Milotic|18\/100 brn\n|-unboost|p1a: Heatran|spe|1\n|-unboost|p1b: Milotic|spe|1\n|move|p1a: Heatran|Will-O-Wisp|p2a: Goodra|[miss]\n|-miss|p1a: Heatran|p2a: Goodra\n|\n|-weather|RainDance|[upkeep]\n|-heal|p2a: Goodra|54\/100|[from] Grassy Terrain\n|-heal|p2b: Kermit the Frog|94\/100 brn|[from] Grassy Terrain\n|-heal|p1b: Milotic|24\/100 brn|[from] Grassy Terrain\n|-heal|p1a: Heatran|43\/100|[from] Grassy Terrain\n|-heal|p1a: Heatran|49\/100|[from] item: Leftovers\n|-damage|p2b: Kermit the Frog|88\/100 brn|[from] brn\n|-damage|p1b: Milotic|18\/100 brn|[from] brn\n|upkeep\n|turn|11\n|\n|t:|1700292719\n|move|p2b: Kermit the Frog|Surf|p1a: Heatran|[spread] p2a,p1a,p1b\n|-resisted|p2a: Goodra\n|-resisted|p1a: Heatran\n|-resisted|p1b: Milotic\n|-damage|p2a: Goodra|44\/100\n|-damage|p1a: Heatran|38\/100\n|-damage|p1b: Milotic|8\/100 brn\n|move|p1b: Milotic|Recover|p1b: Milotic\n|-heal|p1b: Milotic|58\/100 brn\n|move|p1a: Heatran|Will-O-Wisp|p2a: Goodra\n|-status|p2a: Goodra|brn\n|move|p2a: Goodra|Dragon Tail|p1a: Heatran\n|-damage|p1a: Heatran|31\/100\n|drag|p1a: Zapdos|Zapdos, shiny|100\/100\n|\n|-weather|none\n|-heal|p2a: Goodra|50\/100 brn|[from] Grassy Terrain\n|-heal|p2b: Kermit the Frog|94\/100 brn|[from] Grassy Terrain\n|-heal|p1b: Milotic|64\/100 brn|[from] Grassy Terrain\n|-damage|p2a: Goodra|44\/100 brn|[from] brn\n|-damage|p2b: Kermit the Frog|88\/100 brn|[from] brn\n|-damage|p1b: Milotic|58\/100 brn|[from] brn\n|-sideend|p2: Elite.4.Challenger|move: Tailwind\n|upkeep\n|turn|12\n|\n|t:|1700292758\n|move|p2b: Kermit the Frog|Protect|p2b: Kermit the Frog\n|-singleturn|p2b: Kermit the Frog|Protect\n|move|p1a: Zapdos|Thunderbolt|p2b: Kermit the Frog\n|-activate|p2b: Kermit the Frog|move: Protect\n|move|p1b: Milotic|Recover|p1b: Milotic\n|-heal|p1b: Milotic|100\/100 brn\n|move|p2a: Goodra|Flash Cannon|p1b: Milotic\n|-resisted|p1b: Milotic\n|-damage|p1b: Milotic|91\/100 brn\n|\n|-heal|p1b: Milotic|97\/100 brn|[from] Grassy Terrain\n|-heal|p2a: Goodra|50\/100 brn|[from] Grassy Terrain\n|-heal|p2b: Kermit the Frog|94\/100 brn|[from] Grassy Terrain\n|-damage|p1b: Milotic|91\/100 brn|[from] brn\n|-damage|p2a: Goodra|44\/100 brn|[from] brn\n|-damage|p2b: Kermit the Frog|88\/100 brn|[from] brn\n|upkeep\n|turn|13\n|\n|t:|1700292784\n|move|p1a: Zapdos|Thunderbolt|p2b: Kermit the Frog\n|-supereffective|p2b: Kermit the Frog\n|-damage|p2b: Kermit the Frog|25\/100 brn\n|move|p1b: Milotic|Scald|p2a: Goodra\n|-resisted|p2a: Goodra\n|-damage|p2a: Goodra|36\/100 brn\n|move|p2a: Goodra|Acid Armor|p2a: Goodra\n|-boost|p2a: Goodra|def|2\n|move|p2b: Kermit the Frog|Icy Wind|p1a: Zapdos|[spread] p1a,p1b\n|-supereffective|p1a: Zapdos\n|-resisted|p1b: Milotic\n|-damage|p1a: Zapdos|79\/100\n|-damage|p1b: Milotic|88\/100 brn\n|-unboost|p1a: Zapdos|spe|1\n|-unboost|p1b: Milotic|spe|1\n|\n|-heal|p2a: Goodra|42\/100 brn|[from] Grassy Terrain\n|-heal|p1b: Milotic|94\/100 brn|[from] Grassy Terrain\n|-heal|p2b: Kermit the Frog|31\/100 brn|[from] Grassy Terrain\n|-damage|p2a: Goodra|36\/100 brn|[from] brn\n|-damage|p1b: Milotic|88\/100 brn|[from] brn\n|-damage|p2b: Kermit the Frog|25\/100 brn|[from] brn\n|-fieldend|move: Grassy Terrain\n|upkeep\n|turn|14\n|\n|t:|1700292812\n|switch|p2b: Regieleki|Regieleki|89\/100\n|move|p1a: Zapdos|Thunderbolt|p2a: Goodra\n|-resisted|p2a: Goodra\n|-damage|p2a: Goodra|20\/100 brn\n|move|p2a: Goodra|Acid Armor|p2a: Goodra\n|-boost|p2a: Goodra|def|2\n|move|p1b: Milotic|Coil|p1b: Milotic\n|-boost|p1b: Milotic|atk|1\n|-boost|p1b: Milotic|def|1\n|-boost|p1b: Milotic|accuracy|1\n|\n|-damage|p2a: Goodra|14\/100 brn|[from] brn\n|-damage|p1b: Milotic|82\/100 brn|[from] brn\n|upkeep\n|turn|15\n|\n|t:|1700292833\n|move|p2b: Regieleki|Electro Ball|p1b: Milotic\n|-supereffective|p1b: Milotic\n|-damage|p1b: Milotic|0 fnt\n|faint|p1b: Milotic\n|move|p1a: Zapdos|Heat Wave|p2a: Goodra|[spread] p2a,p2b\n|-damage|p2a: Goodra|0 fnt\n|-damage|p2b: Regieleki|38\/100\n|faint|p2a: Goodra\n|\n|upkeep\n|\n|t:|1700292841\n|switch|p1b: Heatran|Heatran, M, shiny, tera:Grass|31\/100\n|switch|p2a: Kermit the Frog|Politoed, F|25\/100 brn\n|-weather|RainDance|[from] ability: Drizzle|[of] p2a: Kermit the Frog\n|turn|16\n|\n|t:|1700292859\n|move|p2b: Regieleki|Electro Ball|p1b: Heatran\n|-resisted|p1b: Heatran\n|-damage|p1b: Heatran|5\/100\n|move|p1a: Zapdos|Heat Wave|p2b: Regieleki|[spread] p2a,p2b\n|-resisted|p2a: Kermit the Frog\n|-damage|p2a: Kermit the Frog|21\/100 brn\n|-damage|p2b: Regieleki|13\/100\n|move|p1b: Heatran|Earth Power|p2b: Regieleki\n|-supereffective|p2b: Regieleki\n|-damage|p2b: Regieleki|0 fnt\n|faint|p2b: Regieleki\n|move|p2a: Kermit the Frog|Icy Wind|p1b: Heatran|[spread] p1a,p1b\n|-supereffective|p1a: Zapdos\n|-supereffective|p1b: Heatran\n|-damage|p1a: Zapdos|59\/100\n|-damage|p1b: Heatran|0 fnt\n|-unboost|p1a: Zapdos|spe|1\n|faint|p1b: Heatran\n|\n|-weather|RainDance|[upkeep]\n|-damage|p2a: Kermit the Frog|14\/100 brn|[from] brn\n|upkeep\n|\n|t:|1700292876\n|switch|p2b: Kermit the Dawg|Toxicroak, F, shiny|100\/100\n|switch|p1b: Dragapult|Dragapult, M, shiny|100\/100\n|turn|17\n|\n|t:|1700292887\n|move|p1b: Dragapult|Dragon Darts|p2b: Kermit the Dawg\n|-damage|p2b: Kermit the Dawg|32\/100\n|-anim|p1b: Dragapult|Dragon Darts|p2a: Kermit the Frog\n|-damage|p2a: Kermit the Frog|0 fnt\n|faint|p2a: Kermit the Frog\n|move|p2b: Kermit the Dawg|Poison Jab|p1a: Zapdos\n|-damage|p1a: Zapdos|0 fnt\n|faint|p1a: Zapdos\n|-damage|p2b: Kermit the Dawg|23\/100|[from] item: Life Orb\n|\n|-weather|RainDance|[upkeep]\n|-heal|p2b: Kermit the Dawg|35\/100|[from] ability: Dry Skin\n|upkeep\n|\n|t:|1700292898\n|switch|p1a: Kingambit|Kingambit, M, shiny|100\/100\n|turn|18\n|-message|Elite.4.Challenger forfeited.\n|\n|win|codyreborn\n|raw|codyreborn's rating: 1384 &rarr; <strong>1406<\/strong><br \/>(+22 for winning)\n|raw|Elite.4.Challenger's rating: 1414 &rarr; <strong>1392<\/strong><br \/>(-22 for losing)\n|l|\u2606Elite.4.Challenger\n|l|\u2606codyreborn\n","uploadtime":1700292950,"views":6,"p1id":"codyreborn","p2id":"elite4challenger","formatid":"gen9doublesou","rating":1392,"private":0,"password":""}