{"id":"gen9doublesou-1994123456","p1":"Paternalist","p2":"OPieceOfHeroGhost","format":"[Gen 9] Doubles OU","log":"|j|\u2606Paternalist\n|j|\u2606OPieceOfHeroGhost\n|t:|1700409650\n|gametype|doubles\n|player|p1|Paternalist|skytrainer|1526\n|player|p2|OPieceOfHeroGhost|morty|1505\n|teamsize|p1|6\n|teamsize|p2|6\n|gen|9\n|tier|[Gen 9] Doubles OU\n|rated|\n|rule|Species Clause: Limit one of each Pok\u00e9mon\n|rule|OHKO Clause: OHKO moves are banned\n|rule|Evasion Moves Clause: Evasion moves are banned\n|rule|Gravity Sleep Clause: The combination of sleep-inducing moves with imperfect accuracy and Gravity or Gigantamax Orbeetle are banned\n|rule|Endless Battle Clause: Forcing endless battles is banned\n|rule|HP Percentage Mod: HP is shown in percentages\n|clearpoke\n|poke|p1|Hatterene, F|\n|poke|p1|Brute Bonnet|\n|poke|p1|Ursaluna-Bloodmoon, M|\n|poke|p1|Iron Hands|\n|poke|p1|Dusknoir, F|\n|poke|p1|Torkoal, F|\n|poke|p2|Heatran, M|\n|poke|p2|Rillaboom, F|\n|poke|p2|Flutter Mane|\n|poke|p2|Chien-Pao|\n|poke|p2|Iron Hands|\n|poke|p2|Landorus-Therian, M|\n|teampreview\n|\n|t:|1700409665\n|start\n|switch|p1a: Iron Hands|Iron Hands|100\/100\n|switch|p1b: Hatterene|Hatterene, F|100\/100\n|switch|p2a: \u989d\u554a\uff01\u8150\u8680\u80c6\u6c41\uff01|Heatran, M|100\/100\n|switch|p2b: \u62cd\u6253\u7329|Rillaboom, F|100\/100\n|-fieldstart|move: Grassy Terrain|[from] ability: Grassy Surge|[of] p2b: \u62cd\u6253\u7329\n|turn|1\n|\n|t:|1700409680\n|move|p2b: \u62cd\u6253\u7329|Fake Out|p1b: Hatterene\n|-damage|p1b: Hatterene|89\/100\n|move|p2a: \u989d\u554a\uff01\u8150\u8680\u80c6\u6c41\uff01|Heat Wave|p1b: Hatterene|[spread] p1a\n|-miss|p2a: \u989d\u554a\uff01\u8150\u8680\u80c6\u6c41\uff01|p1b: Hatterene\n|-damage|p1a: Iron Hands|82\/100\n|move|p1a: Iron Hands|Close Combat|p2a: \u989d\u554a\uff01\u8150\u8680\u80c6\u6c41\uff01\n|-supereffective|p2a: \u989d\u554a\uff01\u8150\u8680\u80c6\u6c41\uff01\n|-damage|p2a: \u989d\u554a\uff01\u8150\u8680\u80c6\u6c41\uff01|0 fnt\n|-unboost|p1a: Iron Hands|def|1\n|-unboost|p1a: Iron Hands|spd|1\n|faint|p2a: \u989d\u554a\uff01\u8150\u8680\u80c6\u6c41\uff01\n|cant|p1b: Hatterene|flinch\n|\n|-heal|p1a: Iron Hands|88\/100|[from] Grassy Terrain\n|-heal|p1b: Hatterene|95\/100|[from] Grassy Terrain\n|upkeep\n|\n|t:|1700409692\n|switch|p2a: \u4f60\u62cd\u4e94\uff0c\u6211\u62cd\u516d\uff0c\u51fb\u638c\u5947\u88ad\u754f\u4e2a\u7f29|Iron Hands|100\/100\n|turn|2\n|\n|t:|1700409705\n|move|p2a: \u4f60\u62cd\u4e94\uff0c\u6211\u62cd\u516d\uff0c\u51fb\u638c\u5947\u88ad\u754f\u4e2a\u7f29|Fake Out|p1b: Hatterene\n|-damage|p1b: Hatterene|84\/100\n|move|p2b: \u62cd\u6253\u7329|High Horsepower|p1a: Iron Hands\n|-supereffective|p1a: Iron Hands\n|-damage|p1a: Iron Hands|19\/100\n|move|p1a: Iron Hands|Close Combat|p2a: \u4f60\u62cd\u4e94\uff0c\u6211\u62cd\u516d\uff0c\u51fb\u638c\u5947\u88ad\u754f\u4e2a\u7f29\n|-damage|p2a: \u4f60\u62cd\u4e94\uff0c\u6211\u62cd\u516d\uff0c\u51fb\u638c\u5947\u88ad\u754f\u4e2a\u7f29|50\/100\n|-unboost|p1a: Iron Hands|def|1\n|-unboost|p1a: Iron Hands|spd|1\n|cant|p1b: Hatterene|flinch\n|\n|-heal|p2a: \u4f60\u62cd\u4e94\uff0c\u6211\u62cd\u516d\uff0c\u51fb\u638c\u5947\u88ad\u754f\u4e2a\u7f29|56\/100|[from] Grassy Terrain\n|-heal|p1a: Iron Hands|25\/100|[from] Grassy Terrain\n|-heal|p1b: Hatterene|90\/100|[from] Grassy Terrain\n|upkeep\n|turn|3\n|\n|t:|1700409715\n|move|p2b: \u62cd\u6253\u7329|High Horsepower|p1a: Iron Hands\n|-supereffective|p1a: Iron Hands\n|-damage|p1a: Iron Hands|0 fnt\n|faint|p1a: Iron Hands\n|-end|p1a: Iron Hands|Quark Drive|[silent]\n|move|p2a: \u4f60\u62cd\u4e94\uff0c\u6211\u62cd\u516d\uff0c\u51fb\u638c\u5947\u88ad\u754f\u4e2a\u7f29|Heavy Slam|p1b: Hatterene\n|-supereffective|p1b: Hatterene\n|-damage|p1b: Hatterene|20\/100\n|move|p1b: Hatterene|Trick Room|p1b: Hatterene\n|-fieldstart|move: Trick Room|[of] p1b: Hatterene\n|\n|-heal|p1b: Hatterene|26\/100|[from] Grassy Terrain\n|-heal|p2a: \u4f60\u62cd\u4e94\uff0c\u6211\u62cd\u516d\uff0c\u51fb\u638c\u5947\u88ad\u754f\u4e2a\u7f29|62\/100|[from] Grassy Terrain\n|upkeep\n|\n|t:|1700409718\n|switch|p1a: Torkoal|Torkoal, F|100\/100\n|-weather|SunnyDay|[from] ability: Drought|[of] p1a: Torkoal\n|turn|4\n|\n|t:|1700409732\n|-end|p2a: \u4f60\u62cd\u4e94\uff0c\u6211\u62cd\u516d\uff0c\u51fb\u638c\u5947\u88ad\u754f\u4e2a\u7f29|Quark Drive|[silent]\n|switch|p2a: ku\ud83d\udcb0\u70ae|Chien-Pao|100\/100\n|-ability|p2a: ku\ud83d\udcb0\u70ae|Sword of Ruin\n|switch|p2b: \u571f\u732b\u8e29\u6211|Landorus-Therian, M|100\/100\n|-ability|p2b: \u571f\u732b\u8e29\u6211|Intimidate|boost\n|-unboost|p1a: Torkoal|atk|1\n|-unboost|p1b: Hatterene|atk|1\n|-terastallize|p1a: Torkoal|Fire\n|move|p1a: Torkoal|Eruption|p2a: ku\ud83d\udcb0\u70ae|[spread] p2a,p2b\n|-supereffective|p2a: ku\ud83d\udcb0\u70ae\n|-enditem|p2a: ku\ud83d\udcb0\u70ae|Focus Sash\n|-damage|p2a: ku\ud83d\udcb0\u70ae|1\/100\n|-damage|p2b: \u571f\u732b\u8e29\u6211|0 fnt\n|faint|p2b: \u571f\u732b\u8e29\u6211\n|move|p1b: Hatterene|Dazzling Gleam|p2a: ku\ud83d\udcb0\u70ae\n|-supereffective|p2a: ku\ud83d\udcb0\u70ae\n|-damage|p2a: ku\ud83d\udcb0\u70ae|0 fnt\n|faint|p2a: ku\ud83d\udcb0\u70ae\n|\n|-weather|SunnyDay|[upkeep]\n|-heal|p1b: Hatterene|32\/100|[from] Grassy Terrain\n|upkeep\n|\n|t:|1700409756\n|switch|p2b: \u4f60\u53d1\u59d0\u6c38\u8fdc\u662f\u4f60\u53d1\u59d0|Flutter Mane|100\/100\n|switch|p2a: \u62cd\u6253\u7329|Rillaboom, F|100\/100\n|-activate|p2b: \u4f60\u53d1\u59d0\u6c38\u8fdc\u662f\u4f60\u53d1\u59d0|ability: Protosynthesis\n|-start|p2b: \u4f60\u53d1\u59d0\u6c38\u8fdc\u662f\u4f60\u53d1\u59d0|protosynthesisspa\n|turn|5\n|\n|t:|1700409773\n|move|p2a: \u62cd\u6253\u7329|Fake Out|p1a: Torkoal\n|-damage|p1a: Torkoal|91\/100\n|cant|p1a: Torkoal|flinch\n|move|p1b: Hatterene|Mystical Fire|p2b: \u4f60\u53d1\u59d0\u6c38\u8fdc\u662f\u4f60\u53d1\u59d0\n|-damage|p2b: \u4f60\u53d1\u59d0\u6c38\u8fdc\u662f\u4f60\u53d1\u59d0|74\/100\n|-unboost|p2b: \u4f60\u53d1\u59d0\u6c38\u8fdc\u662f\u4f60\u53d1\u59d0|spa|1\n|move|p2b: \u4f60\u53d1\u59d0\u6c38\u8fdc\u662f\u4f60\u53d1\u59d0|Shadow Ball|p1a: Torkoal\n|-damage|p1a: Torkoal|19\/100\n|-unboost|p1a: Torkoal|spd|1\n|\n|-weather|SunnyDay|[upkeep]\n|-heal|p1a: Torkoal|25\/100|[from] Grassy Terrain\n|-heal|p1b: Hatterene|38\/100|[from] Grassy Terrain\n|-heal|p2b: \u4f60\u53d1\u59d0\u6c38\u8fdc\u662f\u4f60\u53d1\u59d0|80\/100|[from] Grassy Terrain\n|-fieldend|move: Grassy Terrain\n|upkeep\n|turn|6\n|\n|t:|1700409808\n|-end|p2b: \u4f60\u53d1\u59d0\u6c38\u8fdc\u662f\u4f60\u53d1\u59d0|Protosynthesis|[silent]\n|switch|p2b: \u4f60\u62cd\u4e94\uff0c\u6211\u62cd\u516d\uff0c\u51fb\u638c\u5947\u88ad\u754f\u4e2a\u7f29|Iron Hands|62\/100\n|-terastallize|p2a: \u62cd\u6253\u7329|Fire\n|move|p1a: Torkoal|Eruption|p2a: \u62cd\u6253\u7329|[spread] p2a,p2b\n|-resisted|p2a: \u62cd\u6253\u7329\n|-damage|p2a: \u62cd\u6253\u7329|83\/100\n|-damage|p2b: \u4f60\u62cd\u4e94\uff0c\u6211\u62cd\u516d\uff0c\u51fb\u638c\u5947\u88ad\u754f\u4e2a\u7f29|44\/100\n|move|p1b: Hatterene|Mystical Fire|p2a: \u62cd\u6253\u7329\n|-resisted|p2a: \u62cd\u6253\u7329\n|-damage|p2a: \u62cd\u6253\u7329|66\/100\n|-unboost|p2a: \u62cd\u6253\u7329|spa|1\n|move|p2a: \u62cd\u6253\u7329|High Horsepower|p1a: Torkoal\n|-supereffective|p1a: Torkoal\n|-damage|p1a: Torkoal|0 fnt\n|faint|p1a: Torkoal\n|\n|-weather|SunnyDay|[upkeep]\n|upkeep\n|\n|t:|1700409824\n|switch|p1a: Brute Bonnet|Brute Bonnet|100\/100\n|-activate|p1a: Brute Bonnet|ability: Protosynthesis\n|-start|p1a: Brute Bonnet|protosynthesisatk\n|turn|7\n|\n|t:|1700409837\n|move|p2b: \u4f60\u62cd\u4e94\uff0c\u6211\u62cd\u516d\uff0c\u51fb\u638c\u5947\u88ad\u754f\u4e2a\u7f29|Fake Out|p1a: Brute Bonnet\n|-damage|p1a: Brute Bonnet|87\/100\n|move|p1b: Hatterene|Dazzling Gleam|p2b: \u4f60\u62cd\u4e94\uff0c\u6211\u62cd\u516d\uff0c\u51fb\u638c\u5947\u88ad\u754f\u4e2a\u7f29|[spread] p2a,p2b\n|-resisted|p2a: \u62cd\u6253\u7329\n|-supereffective|p2b: \u4f60\u62cd\u4e94\uff0c\u6211\u62cd\u516d\uff0c\u51fb\u638c\u5947\u88ad\u754f\u4e2a\u7f29\n|-damage|p2a: \u62cd\u6253\u7329|52\/100\n|-damage|p2b: \u4f60\u62cd\u4e94\uff0c\u6211\u62cd\u516d\uff0c\u51fb\u638c\u5947\u88ad\u754f\u4e2a\u7f29|18\/100\n|cant|p1a: Brute Bonnet|flinch\n|move|p2a: \u62cd\u6253\u7329|U-turn|p1b: Hatterene\n|-damage|p1b: Hatterene|18\/100\n|\n|t:|1700409848\n|switch|p2a: \u4f60\u53d1\u59d0\u6c38\u8fdc\u662f\u4f60\u53d1\u59d0|Flutter Mane|80\/100|[from] U-turn\n|-activate|p2a: \u4f60\u53d1\u59d0\u6c38\u8fdc\u662f\u4f60\u53d1\u59d0|ability: Protosynthesis\n|-start|p2a: \u4f60\u53d1\u59d0\u6c38\u8fdc\u662f\u4f60\u53d1\u59d0|protosynthesisspa\n|\n|-weather|SunnyDay|[upkeep]\n|-fieldend|move: Trick Room\n|upkeep\n|turn|8\n|\n|t:|1700409859\n|move|p2a: \u4f60\u53d1\u59d0\u6c38\u8fdc\u662f\u4f60\u53d1\u59d0|Dazzling Gleam|p1a: Brute Bonnet|[spread] p1a,p1b\n|-supereffective|p1a: Brute Bonnet\n|-damage|p1a: Brute Bonnet|0 fnt\n|-damage|p1b: Hatterene|0 fnt\n|faint|p1a: Brute Bonnet\n|-end|p1a: Brute Bonnet|Protosynthesis|[silent]\n|faint|p1b: Hatterene\n|move|p2b: \u4f60\u62cd\u4e94\uff0c\u6211\u62cd\u516d\uff0c\u51fb\u638c\u5947\u88ad\u754f\u4e2a\u7f29|Drain Punch|p1: Brute Bonnet|[notarget]\n|-fail|p2b: \u4f60\u62cd\u4e94\uff0c\u6211\u62cd\u516d\uff0c\u51fb\u638c\u5947\u88ad\u754f\u4e2a\u7f29\n|\n|-weather|none\n|-end|p2a: \u4f60\u53d1\u59d0\u6c38\u8fdc\u662f\u4f60\u53d1\u59d0|Protosynthesis\n|upkeep\n|\n|t:|1700409865\n|switch|p1a: DOU Material|Dusknoir, F|100\/100\n|switch|p1b: Ursaluna|Ursaluna-Bloodmoon, M|100\/100\n|-item|p2a: \u4f60\u53d1\u59d0\u6c38\u8fdc\u662f\u4f60\u53d1\u59d0|Choice Specs|[from] ability: Frisk|[of] p1a: DOU Material|[identify]\n|-item|p2b: \u4f60\u62cd\u4e94\uff0c\u6211\u62cd\u516d\uff0c\u51fb\u638c\u5947\u88ad\u754f\u4e2a\u7f29|Assault Vest|[from] ability: Frisk|[of] p1a: DOU Material|[identify]\n|turn|9\n|\n|t:|1700409871\n|move|p2a: \u4f60\u53d1\u59d0\u6c38\u8fdc\u662f\u4f60\u53d1\u59d0|Dazzling Gleam|p1a: DOU Material|[spread] p1a,p1b\n|-damage|p1a: DOU Material|62\/100\n|-damage|p1b: Ursaluna|47\/100\n|move|p2b: \u4f60\u62cd\u4e94\uff0c\u6211\u62cd\u516d\uff0c\u51fb\u638c\u5947\u88ad\u754f\u4e2a\u7f29|Drain Punch|p1b: Ursaluna\n|-supereffective|p1b: Ursaluna\n|-damage|p1b: Ursaluna|0 fnt\n|-heal|p2b: \u4f60\u62cd\u4e94\uff0c\u6211\u62cd\u516d\uff0c\u51fb\u638c\u5947\u88ad\u754f\u4e2a\u7f29|39\/100|[from] drain|[of] p1b: Ursaluna\n|faint|p1b: Ursaluna\n|move|p1a: DOU Material|Trick Room|p1a: DOU Material\n|-fieldstart|move: Trick Room|[of] p1a: DOU Material\n|\n|upkeep\n|turn|10\n|\n|t:|1700409881\n|move|p1a: DOU Material|Poltergeist|p2a: \u4f60\u53d1\u59d0\u6c38\u8fdc\u662f\u4f60\u53d1\u59d0\n|-activate|p2a: \u4f60\u53d1\u59d0\u6c38\u8fdc\u662f\u4f60\u53d1\u59d0|move: Poltergeist|Choice Specs\n|-supereffective|p2a: \u4f60\u53d1\u59d0\u6c38\u8fdc\u662f\u4f60\u53d1\u59d0\n|-damage|p2a: \u4f60\u53d1\u59d0\u6c38\u8fdc\u662f\u4f60\u53d1\u59d0|0 fnt\n|faint|p2a: \u4f60\u53d1\u59d0\u6c38\u8fdc\u662f\u4f60\u53d1\u59d0\n|-end|p2a: \u4f60\u53d1\u59d0\u6c38\u8fdc\u662f\u4f60\u53d1\u59d0|Protosynthesis|[silent]\n|move|p2b: \u4f60\u62cd\u4e94\uff0c\u6211\u62cd\u516d\uff0c\u51fb\u638c\u5947\u88ad\u754f\u4e2a\u7f29|Heavy Slam|p1a: DOU Material\n|-damage|p1a: DOU Material|33\/100\n|\n|upkeep\n|\n|t:|1700409886\n|switch|p2a: \u62cd\u6253\u7329|Rillaboom, F, tera:Fire|52\/100\n|-fieldstart|move: Grassy Terrain|[from] ability: Grassy Surge|[of] p2a: \u62cd\u6253\u7329\n|turn|11\n|c|\u2606Paternalist|Fake out spam\n|c|\u2606Paternalist|Hella annoying\n|c|\u2606Paternalist|gg\n|-message|Paternalist forfeited.\n|\n|win|OPieceOfHeroGhost\n|raw|Paternalist's rating: 1526 &rarr; <strong>1505<\/strong><br \/>(-21 for losing)\n|raw|OPieceOfHeroGhost's rating: 1505 &rarr; <strong>1526<\/strong><br \/>(+21 for winning)\n|l|\u2606Paternalist\n","uploadtime":1700409926,"views":5,"p1id":"paternalist","p2id":"opieceofheroghost","formatid":"gen9doublesou","rating":1505,"private":0,"password":""}