{"id":"gen9doublesou-1989188338","p1":"skyland213","p2":"Warre_beans","format":"[Gen 9] Doubles OU","log":"|j|\u2606skyland213\n|j|\u2606Warre_beans\n|t:|1699821492\n|gametype|doubles\n|player|p1|skyland213|skier|1133\n|player|p2|Warre_beans|ghetsis|1100\n|teamsize|p1|6\n|teamsize|p2|6\n|gen|9\n|tier|[Gen 9] Doubles OU\n|rated|\n|rule|Species Clause: Limit one of each Pok\u00e9mon\n|rule|OHKO Clause: OHKO moves are banned\n|rule|Evasion Moves Clause: Evasion moves are banned\n|rule|Gravity Sleep Clause: The combination of sleep-inducing moves with imperfect accuracy and Gravity or Gigantamax Orbeetle are banned\n|rule|Endless Battle Clause: Forcing endless battles is banned\n|rule|HP Percentage Mod: HP is shown in percentages\n|clearpoke\n|poke|p1|Gholdengo|\n|poke|p1|Grimmsnarl, M|\n|poke|p1|Kleavor, F|\n|poke|p1|Rillaboom, F|\n|poke|p1|Murkrow, M|\n|poke|p1|Armarouge, F|\n|poke|p2|Arcanine-Hisui, F|\n|poke|p2|Zoroark-Hisui, M|\n|poke|p2|Chien-Pao|\n|poke|p2|Landorus-Therian, M|\n|poke|p2|Mimikyu, F|\n|poke|p2|Magnezone|\n|teampreview\n|inactive|Battle timer is ON: inactive players will automatically lose when time's up. (requested by Warre_beans)\n|\n|t:|1699821501\n|start\n|switch|p1a: Grimmsnarl|Grimmsnarl, M|100\/100\n|switch|p1b: Rillaboom|Rillaboom, F|100\/100\n|switch|p2a: Greater tusks|Chien-Pao|100\/100\n|switch|p2b: Magnepult|Magnezone|100\/100\n|-ability|p2a: Greater tusks|Sword of Ruin\n|-fieldstart|move: Grassy Terrain|[from] ability: Grassy Surge|[of] p1b: Rillaboom\n|turn|1\n|\n|t:|1699821520\n|move|p1b: Rillaboom|Fake Out|p2a: Greater tusks\n|-damage|p2a: Greater tusks|80\/100\n|move|p1a: Grimmsnarl|Reflect|p1a: Grimmsnarl\n|-sidestart|p1: skyland213|Reflect\n|cant|p2a: Greater tusks|flinch\n|move|p2b: Magnepult|Nasty Plot|p2b: Magnepult\n|-boost|p2b: Magnepult|spa|2\n|\n|-heal|p2a: Greater tusks|86\/100|[from] Grassy Terrain\n|upkeep\n|turn|2\n|\n|t:|1699821536\n|move|p1a: Grimmsnarl|Light Screen|p1a: Grimmsnarl\n|-sidestart|p1: skyland213|move: Light Screen\n|move|p2a: Greater tusks|Sacred Sword|p1a: Grimmsnarl\n|-damage|p1a: Grimmsnarl|75\/100\n|move|p2b: Magnepult|Flamethrower|p1b: Rillaboom\n|-supereffective|p1b: Rillaboom\n|-crit|p1b: Rillaboom\n|-damage|p1b: Rillaboom|0 fnt\n|faint|p1b: Rillaboom\n|\n|-heal|p2a: Greater tusks|92\/100|[from] Grassy Terrain\n|-heal|p1a: Grimmsnarl|82\/100|[from] Grassy Terrain\n|upkeep\n|\n|t:|1699821549\n|switch|p1b: Gholdengo|Gholdengo|100\/100\n|turn|3\n|\n|t:|1699821562\n|switch|p2a: Magnepult|Magnezone|100\/100\n|-item|p2a: Magnepult|Air Balloon\n|move|p1b: Gholdengo|Protect|p1b: Gholdengo\n|-singleturn|p1b: Gholdengo|Protect\n|move|p2b: Magnepult|Shadow Ball|p1b: Gholdengo\n|-activate|p1b: Gholdengo|move: Protect\n|move|p1a: Grimmsnarl|Foul Play|p2b: Magnepult\n|-supereffective|p2b: Magnepult\n|-damage|p2b: Magnepult|0 fnt\n|replace|p2b: femboi foxo|Zoroark-Hisui, M\n|-end|p2b: femboi foxo|Illusion\n|faint|p2b: femboi foxo\n|\n|-heal|p1a: Grimmsnarl|88\/100|[from] Grassy Terrain\n|upkeep\n|\n|t:|1699821580\n|switch|p2b: Greater tusks|Chien-Pao|92\/100\n|-ability|p2b: Greater tusks|Sword of Ruin\n|turn|4\n|\n|t:|1699821607\n|switch|p1b: Kleavor|Kleavor, F|100\/100\n|move|p2a: Magnepult|Protect|p2a: Magnepult\n|-singleturn|p2a: Magnepult|Protect\n|move|p1a: Grimmsnarl|Thunder Wave|p2b: Greater tusks\n|-hint|Since gen 7, Dark is immune to Prankster moves.\n|-immune|p2b: Greater tusks\n|move|p2b: Greater tusks|Crunch|p1b: Kleavor\n|-damage|p1b: Kleavor|56\/100\n|\n|-heal|p2b: Greater tusks|98\/100|[from] Grassy Terrain\n|-heal|p1b: Kleavor|62\/100|[from] Grassy Terrain\n|-heal|p1b: Kleavor|68\/100|[from] item: Leftovers\n|-heal|p1a: Grimmsnarl|94\/100|[from] Grassy Terrain\n|upkeep\n|turn|5\n|c|\u2606Warre_beans|!dt magnet pull\n|raw|<ul class=\"utilichart\"><li class=\"result\"><span class=\"col namecol\"><a href=\"https:\/\/dex.pokemonshowdown.com\/abilities\/magnetpull\">Magnet Pull<\/a><\/span> <span class=\"col abilitydesccol\">Prevents opposing Steel-type Pokemon from choosing to switch out.<\/span> <\/li><li style=\"clear:both\"><\/li><\/ul>\n|raw|<font size=\"1\"><font color=\"#686868\">Gen:<\/font> 3<\/font>\n\n|inactive|skyland213 has 120 seconds left.\n|inactive|Warre_beans has 120 seconds left.\n|\n|t:|1699821638\n|move|p2b: Greater tusks|Ice Spinner|p1b: Kleavor\n|-damage|p1b: Kleavor|29\/100\n|-fieldend|move: Grassy Terrain\n|move|p1b: Kleavor|X-Scissor|p2b: Greater tusks\n|-supereffective|p2b: Greater tusks\n|-damage|p2b: Greater tusks|0 fnt\n|faint|p2b: Greater tusks\n|move|p2a: Magnepult|Flash Cannon|p1b: Kleavor\n|-supereffective|p1b: Kleavor\n|-damage|p1b: Kleavor|0 fnt\n|faint|p1b: Kleavor\n|move|p1a: Grimmsnarl|Foul Play|p2a: Magnepult\n|-damage|p2a: Magnepult|80\/100\n|-enditem|p2a: Magnepult|Air Balloon\n|\n|upkeep\n|\n|t:|1699821659\n|switch|p2b: Avast|Mimikyu, F|100\/100\n|switch|p1b: Gholdengo|Gholdengo|100\/100\n|turn|6\n|\n|t:|1699821669\n|-terastallize|p2a: Magnepult|Fire\n|move|p1a: Grimmsnarl|Thunder Wave|p2b: Avast\n|-status|p2b: Avast|par\n|move|p1b: Gholdengo|Nasty Plot|p1b: Gholdengo\n|-boost|p1b: Gholdengo|spa|2\n|move|p2a: Magnepult|Tera Blast|p1b: Gholdengo|[anim] Tera Blast Fire\n|-supereffective|p1b: Gholdengo\n|-damage|p1b: Gholdengo|35\/100\n|move|p2b: Avast|Curse|p1a: Grimmsnarl\n|-start|p1a: Grimmsnarl|Curse|[of] p2b: Avast\n|-damage|p2b: Avast|50\/100 par\n|\n|-heal|p2b: Avast|57\/100 par|[from] item: Leftovers\n|-damage|p1a: Grimmsnarl|69\/100|[from] Curse\n|upkeep\n|turn|7\n|inactive|skyland213 has 120 seconds left.\n|\n|t:|1699821700\n|-terastallize|p1b: Gholdengo|Steel\n|move|p2a: Magnepult|Protect|p2a: Magnepult\n|-singleturn|p2a: Magnepult|Protect\n|move|p1a: Grimmsnarl|Thunder Wave|p2a: Magnepult\n|-activate|p2a: Magnepult|move: Protect\n|move|p1b: Gholdengo|Make It Rain|p2a: Magnepult|[spread] p2b\n|-activate|p2a: Magnepult|move: Protect\n|-activate|p2b: Avast|ability: Disguise\n|-damage|p2b: Avast|57\/100 par\n|-unboost|p1b: Gholdengo|spa|1\n|detailschange|p2b: Avast|Mimikyu-Busted, F\n|-damage|p2b: Avast|44\/100 par|[from] pokemon: Mimikyu-Busted\n|-damage|p1b: Gholdengo|25\/100|[from] item: Life Orb\n|move|p2b: Avast|Curse|p1b: Gholdengo\n|-immune|p1b: Gholdengo|[from] ability: Good as Gold\n|\n|-heal|p2b: Avast|50\/100 par|[from] item: Leftovers\n|-damage|p1a: Grimmsnarl|44\/100|[from] Curse\n|upkeep\n|turn|8\n|inactive|skyland213 has 120 seconds left.\n|inactive|Warre_beans has 120 seconds left.\n|\n|t:|1699821737\n|move|p2b: Avast|Protect|p2b: Avast\n|-singleturn|p2b: Avast|Protect\n|move|p1b: Gholdengo|Make It Rain|p2a: Magnepult|[spread] p2a\n|-activate|p2b: Avast|move: Protect\n|-resisted|p2a: Magnepult\n|-damage|p2a: Magnepult|8\/100\n|-unboost|p1b: Gholdengo|spa|1\n|-damage|p1b: Gholdengo|15\/100|[from] item: Life Orb\n|move|p2a: Magnepult|Tera Blast|p1b: Gholdengo|[anim] Tera Blast Fire\n|-supereffective|p1b: Gholdengo\n|-damage|p1b: Gholdengo|0 fnt\n|faint|p1b: Gholdengo\n|move|p1a: Grimmsnarl|Foul Play|p2a: Magnepult\n|-damage|p2a: Magnepult|0 fnt\n|faint|p2a: Magnepult\n|\n|-heal|p2b: Avast|56\/100 par|[from] item: Leftovers\n|-damage|p1a: Grimmsnarl|19\/100|[from] Curse\n|-sideend|p1: skyland213|Reflect\n|upkeep\n|inactive|Warre_beans has 120 seconds left.\n|\n|t:|1699821759\n|switch|p1b: Murkrow|Murkrow, M|100\/100\n|switch|p2a: Golden|Arcanine-Hisui, F, shiny|100\/100\n|turn|9\n|\n|t:|1699821774\n|switch|p1b: Armarouge|Armarouge, F|100\/100\n|move|p1a: Grimmsnarl|Thunder Wave|p2a: Golden|[miss]\n|-miss|p1a: Grimmsnarl|p2a: Golden\n|move|p2a: Golden|Wild Charge|p1b: Armarouge\n|-damage|p1b: Armarouge|73\/100\n|cant|p2b: Avast|par\n|\n|-heal|p2b: Avast|62\/100 par|[from] item: Leftovers\n|-damage|p1a: Grimmsnarl|0 fnt|[from] Curse\n|faint|p1a: Grimmsnarl\n|-sideend|p1: skyland213|move: Light Screen\n|upkeep\n|\n|t:|1699821786\n|switch|p1a: Murkrow|Murkrow, M|100\/100\n|turn|10\n|\n|t:|1699821801\n|move|p1a: Murkrow|Thunder Wave|p2a: Golden\n|-status|p2a: Golden|par\n|move|p1b: Armarouge|Aura Sphere|p2a: Golden\n|-supereffective|p2a: Golden\n|-damage|p2a: Golden|56\/100 par\n|move|p2b: Avast|Curse|p1b: Armarouge\n|-start|p1b: Armarouge|Curse|[of] p2b: Avast\n|-damage|p2b: Avast|12\/100 par\n|move|p2a: Golden|Wild Charge|p1a: Murkrow\n|-supereffective|p1a: Murkrow\n|-damage|p1a: Murkrow|33\/100\n|\n|-heal|p2b: Avast|18\/100 par|[from] item: Leftovers\n|-damage|p1b: Armarouge|49\/100|[from] Curse\n|upkeep\n|turn|11\n|\n|t:|1699821823\n|move|p2b: Avast|Protect|p2b: Avast\n|-singleturn|p2b: Avast|Protect\n|move|p1b: Armarouge|Aura Sphere|p2a: Golden\n|-supereffective|p2a: Golden\n|-damage|p2a: Golden|7\/100 par\n|move|p1a: Murkrow|Foul Play|p2b: Avast\n|-activate|p2b: Avast|move: Protect\n|move|p2a: Golden|Wild Charge|p1a: Murkrow\n|-supereffective|p1a: Murkrow\n|-damage|p1a: Murkrow|0 fnt\n|faint|p1a: Murkrow\n|\n|-heal|p2b: Avast|24\/100 par|[from] item: Leftovers\n|-damage|p1b: Armarouge|24\/100|[from] Curse\n|upkeep\n|turn|12\n|-message|skyland213 forfeited.\n|\n|win|Warre_beans\n|raw|skyland213's rating: 1133 &rarr; <strong>1106<\/strong><br \/>(-27 for losing)\n|raw|Warre_beans's rating: 1100 &rarr; <strong>1127<\/strong><br \/>(+27 for winning)\n|l|\u2606skyland213\n|l|\u2606Warre_beans\n|j|\u2606Warre_beans\n|player|p2|Warre_beans|ghetsis\n|j| Dark Koopatrol\n","uploadtime":1699822252,"views":16,"p1id":"skyland213","p2id":"warrebeans","formatid":"gen9doublesou","rating":1106,"private":0,"password":""}