{"id":"gen9doublesou-1974556308","p1":"Sandshrew Stone","p2":"SXD2002","format":"[Gen 9] Doubles OU","log":"|j|\u2606Sandshrew Stone\n|j|\u2606SXD2002\n|t:|1698097019\n|gametype|doubles\n|player|p1|Sandshrew Stone|hero-conquest|1110\n|player|p2|SXD2002|silver-masters|1145\n|teamsize|p1|6\n|teamsize|p2|6\n|gen|9\n|tier|[Gen 9] Doubles OU\n|rated|\n|rule|Species Clause: Limit one of each Pok\u00e9mon\n|rule|OHKO Clause: OHKO moves are banned\n|rule|Evasion Moves Clause: Evasion moves are banned\n|rule|Gravity Sleep Clause: The combination of sleep-inducing moves with imperfect accuracy and Gravity or Gigantamax Orbeetle are banned\n|rule|Endless Battle Clause: Forcing endless battles is banned\n|rule|HP Percentage Mod: HP is shown in percentages\n|clearpoke\n|poke|p1|Clefable, M|\n|poke|p1|Roaring Moon|\n|poke|p1|Espathra, M|\n|poke|p1|Oranguru, M|\n|poke|p1|Wo-Chien|\n|poke|p1|Toxapex, F|\n|poke|p2|Lurantis, M|\n|poke|p2|Murkrow, F|\n|poke|p2|Grimmsnarl, M|\n|poke|p2|Clefairy, F|\n|poke|p2|Talonflame, M|\n|poke|p2|Espeon, F|\n|teampreview\n|inactive|Battle timer is ON: inactive players will automatically lose when time's up. (requested by SXD2002)\n|\n|t:|1698097033\n|start\n|switch|p1a: Clefable|Clefable, M|100\/100\n|switch|p1b: Roaring Moon|Roaring Moon|100\/100\n|switch|p2a: Murkrow|Murkrow, F|100\/100\n|switch|p2b: Lurantis|Lurantis, M|100\/100\n|turn|1\n|\n|t:|1698097040\n|move|p2a: Murkrow|Screech|p2b: Lurantis|[miss]\n|-miss|p2a: Murkrow|p2b: Lurantis\n|move|p1b: Roaring Moon|Breaking Swipe|p2b: Lurantis|[spread] p2a,p2b\n|-damage|p2a: Murkrow|69\/100\n|-damage|p2b: Lurantis|73\/100\n|-unboost|p2a: Murkrow|atk|1\n|-boost|p2b: Lurantis|atk|1\n|move|p1a: Clefable|Cosmic Power|p1a: Clefable\n|-boost|p1a: Clefable|def|1\n|-boost|p1a: Clefable|spd|1\n|move|p2b: Lurantis|Superpower|p1b: Roaring Moon\n|-supereffective|p1b: Roaring Moon\n|-damage|p1b: Roaring Moon|0 fnt\n|-boost|p2b: Lurantis|atk|1\n|-boost|p2b: Lurantis|def|1\n|faint|p1b: Roaring Moon\n|-end|p1b: Roaring Moon|Protosynthesis|[silent]\n|\n|-heal|p2b: Lurantis|79\/100|[from] item: Leftovers\n|upkeep\n|\n|t:|1698097059\n|switch|p1b: Toxapex|Toxapex, F|100\/100\n|turn|2\n|inactive|SXD2002 has 120 seconds left.\n|\n|t:|1698097089\n|-terastallize|p2b: Lurantis|Steel\n|move|p2a: Murkrow|Snarl|p1a: Clefable|[spread] p1a,p1b\n|-resisted|p1a: Clefable\n|-damage|p1a: Clefable|98\/100\n|-damage|p1b: Toxapex|90\/100\n|-unboost|p1a: Clefable|spa|1\n|-unboost|p1b: Toxapex|spa|1\n|move|p1a: Clefable|Cosmic Power|p1a: Clefable\n|-boost|p1a: Clefable|def|1\n|-boost|p1a: Clefable|spd|1\n|move|p2b: Lurantis|Leaf Storm|p1b: Toxapex\n|-damage|p1b: Toxapex|58\/100\n|-boost|p2b: Lurantis|spa|2\n|move|p1b: Toxapex|Toxic|p2b: Lurantis\n|-immune|p2b: Lurantis\n|\n|-heal|p1a: Clefable|100\/100|[from] item: Leftovers\n|-heal|p2b: Lurantis|85\/100|[from] item: Leftovers\n|upkeep\n|turn|3\n|\n|t:|1698097117\n|move|p2a: Murkrow|Snarl|p1b: Toxapex|[spread] p1a,p1b\n|-resisted|p1a: Clefable\n|-damage|p1a: Clefable|98\/100\n|-damage|p1b: Toxapex|48\/100\n|-unboost|p1a: Clefable|spa|1\n|-unboost|p1b: Toxapex|spa|1\n|move|p1a: Clefable|Cosmic Power|p1a: Clefable\n|-boost|p1a: Clefable|def|1\n|-boost|p1a: Clefable|spd|1\n|move|p2b: Lurantis|Leaf Storm|p1b: Toxapex|[miss]\n|-miss|p2b: Lurantis|p1b: Toxapex\n|move|p1b: Toxapex|Infestation|p2b: Lurantis\n|-resisted|p2b: Lurantis\n|-damage|p2b: Lurantis|84\/100\n|-activate|p2b: Lurantis|move: Infestation|[of] p1b: Toxapex\n|\n|-heal|p1a: Clefable|100\/100|[from] item: Leftovers\n|-heal|p2b: Lurantis|90\/100|[from] item: Leftovers\n|-damage|p2b: Lurantis|78\/100|[from] move: Infestation|[partiallytrapped]\n|upkeep\n|turn|4\n|\n|t:|1698097132\n|move|p2a: Murkrow|Snarl|p1b: Toxapex|[spread] p1a,p1b\n|-resisted|p1a: Clefable\n|-damage|p1a: Clefable|99\/100\n|-damage|p1b: Toxapex|38\/100\n|-unboost|p1a: Clefable|spa|1\n|-unboost|p1b: Toxapex|spa|1\n|move|p1a: Clefable|Cosmic Power|p1a: Clefable\n|-boost|p1a: Clefable|def|1\n|-boost|p1a: Clefable|spd|1\n|move|p2b: Lurantis|Leaf Storm|p1b: Toxapex\n|-damage|p1b: Toxapex|0 fnt\n|-boost|p2b: Lurantis|spa|2\n|faint|p1b: Toxapex\n|\n|-heal|p1a: Clefable|100\/100|[from] item: Leftovers\n|-heal|p2b: Lurantis|84\/100|[from] item: Leftovers\n|-end|p2b: Lurantis|Infestation|[partiallytrapped]|[silent]\n|upkeep\n|\n|t:|1698097144\n|switch|p1b: Wo-Chien|Wo-Chien|100\/100\n|-ability|p1b: Wo-Chien|Tablets of Ruin\n|turn|5\n|\n|t:|1698097155\n|move|p2a: Murkrow|Screech|p2b: Lurantis\n|-boost|p2b: Lurantis|def|2\n|move|p1b: Wo-Chien|Leech Seed|p2b: Lurantis\n|-start|p2b: Lurantis|move: Leech Seed\n|move|p1a: Clefable|Cosmic Power|p1a: Clefable\n|-boost|p1a: Clefable|def|1\n|-boost|p1a: Clefable|spd|1\n|move|p2b: Lurantis|Leech Life|p1b: Wo-Chien\n|-supereffective|p1b: Wo-Chien\n|-damage|p1b: Wo-Chien|0 fnt\n|-heal|p2b: Lurantis|100\/100|[from] drain|[of] p1b: Wo-Chien\n|faint|p1b: Wo-Chien\n|\n|upkeep\n|\n|t:|1698097166\n|switch|p1b: Oranguru|Oranguru, M|100\/100\n|turn|6\n|\n|t:|1698097179\n|move|p1b: Oranguru|Protect|p1b: Oranguru\n|-singleturn|p1b: Oranguru|Protect\n|move|p2a: Murkrow|Feather Dance|p2b: Lurantis\n|-boost|p2b: Lurantis|atk|2\n|move|p1a: Clefable|Baton Pass|p1a: Clefable\n|\n|t:|1698097185\n|switch|p1a: Espathra|Espathra, M|100\/100|[from] Baton Pass\n|move|p2b: Lurantis|Leech Life|p1b: Oranguru\n|-activate|p1b: Oranguru|move: Protect\n|\n|-damage|p2b: Lurantis|88\/100|[from] Leech Seed|[of] p1b: Oranguru\n|upkeep\n|turn|7\n|\n|t:|1698097202\n|move|p1a: Espathra|Stored Power|p2b: Lurantis\n|-resisted|p2b: Lurantis\n|-damage|p2b: Lurantis|71\/100\n|move|p2a: Murkrow|Snarl|p1a: Espathra|[spread] p1a,p1b\n|-supereffective|p1a: Espathra\n|-supereffective|p1b: Oranguru\n|-damage|p1a: Espathra|90\/100\n|-damage|p1b: Oranguru|84\/100\n|-unboost|p1a: Espathra|spa|1\n|-unboost|p1b: Oranguru|spa|1\n|move|p1b: Oranguru|Psych Up|p1a: Espathra\n|-copyboost|p1b: Oranguru|p1a: Espathra|[from] move: Psych Up\n|move|p2b: Lurantis|Leech Life|p1b: Oranguru\n|-supereffective|p1b: Oranguru\n|-damage|p1b: Oranguru|52\/100\n|-heal|p2b: Lurantis|89\/100|[from] drain|[of] p1b: Oranguru\n|\n|-heal|p1a: Espathra|96\/100|[from] item: Leftovers\n|-heal|p1b: Oranguru|58\/100|[from] item: Leftovers\n|-heal|p2b: Lurantis|95\/100|[from] item: Leftovers\n|-damage|p2b: Lurantis|83\/100|[from] Leech Seed|[of] p1b: Oranguru\n|-heal|p1b: Oranguru|69\/100|[silent]\n|-ability|p1a: Espathra|Speed Boost|boost\n|-boost|p1a: Espathra|spe|1\n|upkeep\n|turn|8\n|inactive|Sandshrew Stone has 120 seconds left.\n|\n|t:|1698097234\n|move|p1b: Oranguru|Protect|p1b: Oranguru\n|-singleturn|p1b: Oranguru|Protect\n|move|p2a: Murkrow|Feather Dance|p2b: Lurantis\n|-boost|p2b: Lurantis|atk|2\n|move|p1a: Espathra|Stored Power|p2b: Lurantis\n|-resisted|p2b: Lurantis\n|-damage|p2b: Lurantis|69\/100\n|move|p2b: Lurantis|Leech Life|p1b: Oranguru\n|-activate|p1b: Oranguru|move: Protect\n|\n|-heal|p1a: Espathra|100\/100|[from] item: Leftovers\n|-heal|p1b: Oranguru|75\/100|[from] item: Leftovers\n|-heal|p2b: Lurantis|75\/100|[from] item: Leftovers\n|-damage|p2b: Lurantis|63\/100|[from] Leech Seed|[of] p1b: Oranguru\n|-heal|p1b: Oranguru|86\/100|[silent]\n|-ability|p1a: Espathra|Speed Boost|boost\n|-boost|p1a: Espathra|spe|1\n|upkeep\n|turn|9\n|\n|t:|1698097248\n|move|p2a: Murkrow|Thunder Wave|p1b: Oranguru\n|-status|p1b: Oranguru|par\n|move|p1a: Espathra|Stored Power|p2b: Lurantis\n|-resisted|p2b: Lurantis\n|-damage|p2b: Lurantis|47\/100\n|move|p2b: Lurantis|Leech Life|p1b: Oranguru\n|-supereffective|p1b: Oranguru\n|-damage|p1b: Oranguru|36\/100 par\n|-heal|p2b: Lurantis|75\/100|[from] drain|[of] p1b: Oranguru\n|cant|p1b: Oranguru|par\n|\n|-heal|p2b: Lurantis|81\/100|[from] item: Leftovers\n|-heal|p1b: Oranguru|42\/100 par|[from] item: Leftovers\n|-damage|p2b: Lurantis|69\/100|[from] Leech Seed|[of] p1b: Oranguru\n|-heal|p1b: Oranguru|53\/100 par|[silent]\n|-ability|p1a: Espathra|Speed Boost|boost\n|-boost|p1a: Espathra|spe|1\n|upkeep\n|turn|10\n|\n|t:|1698097265\n|move|p2a: Murkrow|Thunder Wave|p1a: Espathra\n|-status|p1a: Espathra|par\n|move|p1a: Espathra|Stored Power|p2b: Lurantis\n|-resisted|p2b: Lurantis\n|-damage|p2b: Lurantis|50\/100\n|move|p2b: Lurantis|Leech Life|p1a: Espathra\n|-supereffective|p1a: Espathra\n|-damage|p1a: Espathra|27\/100 par\n|-heal|p2b: Lurantis|86\/100|[from] drain|[of] p1a: Espathra\n|move|p1b: Oranguru|Rest|p1b: Oranguru\n|-status|p1b: Oranguru|slp|[from] move: Rest\n|-heal|p1b: Oranguru|100\/100 slp|[silent]\n|\n|-heal|p1a: Espathra|33\/100 par|[from] item: Leftovers\n|-heal|p2b: Lurantis|92\/100|[from] item: Leftovers\n|-damage|p2b: Lurantis|80\/100|[from] Leech Seed|[of] p1b: Oranguru\n|-ability|p1a: Espathra|Speed Boost|boost\n|-boost|p1a: Espathra|spe|1\n|upkeep\n|turn|11\n|-message|Sandshrew Stone forfeited.\n|\n|win|SXD2002\n|raw|Sandshrew Stone's rating: 1110 &rarr; <strong>1088<\/strong><br \/>(-22 for losing)\n|raw|SXD2002's rating: 1145 &rarr; <strong>1167<\/strong><br \/>(+22 for winning)\n|l|\u2606Sandshrew Stone\n|c|\u2606SXD2002|gg\n","uploadtime":1698097285,"views":12,"p1id":"sandshrewstone","p2id":"sxd2002","formatid":"gen9doublesou","rating":1088,"private":0,"password":""}