{"id":"gen9doublesou-1990972301","p1":"P3n1$$ucc3r","p2":"Thehombre","format":"[Gen 9] Doubles OU","log":"|j|\u2606P3n1$$ucc3r\n|j|\u2606Thehombre\n|t:|1700021658\n|gametype|doubles\n|player|p1|P3n1$$ucc3r|2|1150\n|player|p2|Thehombre|1|1154\n|teamsize|p1|6\n|teamsize|p2|6\n|gen|9\n|tier|[Gen 9] Doubles OU\n|rated|\n|rule|Species Clause: Limit one of each Pok\u00e9mon\n|rule|OHKO Clause: OHKO moves are banned\n|rule|Evasion Moves Clause: Evasion moves are banned\n|rule|Gravity Sleep Clause: The combination of sleep-inducing moves with imperfect accuracy and Gravity or Gigantamax Orbeetle are banned\n|rule|Endless Battle Clause: Forcing endless battles is banned\n|rule|HP Percentage Mod: HP is shown in percentages\n|clearpoke\n|poke|p1|Zapdos|\n|poke|p1|Tyranitar, F|\n|poke|p1|Dragapult, F|\n|poke|p1|Sinistcha|\n|poke|p1|Lycanroc, F|\n|poke|p1|Ogerpon-Wellspring, F|\n|poke|p2|Copperajah, M|\n|poke|p2|Bronzong|\n|poke|p2|Armarouge, F|\n|poke|p2|Torkoal, M|\n|poke|p2|Dipplin, F|\n|poke|p2|Great Tusk|\n|teampreview\n|inactive|Battle timer is ON: inactive players will automatically lose when time's up. (requested by P3n1$$ucc3r)\n|\n|t:|1700021681\n|start\n|switch|p1a: Dragapult|Dragapult, F|100\/100\n|switch|p1b: Ogerpon|Ogerpon-Wellspring, F|100\/100\n|switch|p2a: Copperajah|Copperajah, M|100\/100\n|switch|p2b: Bronzong|Bronzong|100\/100\n|turn|1\n|\n|t:|1700021704\n|move|p1a: Dragapult|Shadow Ball|p2b: Bronzong\n|-supereffective|p2b: Bronzong\n|-damage|p2b: Bronzong|42\/100\n|-damage|p1a: Dragapult|91\/100|[from] item: Life Orb\n|move|p1b: Ogerpon|U-turn|p2b: Bronzong\n|-damage|p2b: Bronzong|17\/100\n|\n|t:|1700021711\n|switch|p1b: Zapdos|Zapdos|100\/100|[from] U-turn\n|move|p2a: Copperajah|Curse|p2a: Copperajah\n|-unboost|p2a: Copperajah|spe|1\n|-boost|p2a: Copperajah|atk|1\n|-boost|p2a: Copperajah|def|1\n|move|p2b: Bronzong|Trick Room|p2b: Bronzong\n|-fieldstart|move: Trick Room|[of] p2b: Bronzong\n|\n|-heal|p2b: Bronzong|23\/100|[from] item: Leftovers\n|upkeep\n|turn|2\n|\n|t:|1700021724\n|move|p2b: Bronzong|Gyro Ball|p1a: Dragapult\n|-damage|p1a: Dragapult|31\/100\n|move|p2a: Copperajah|Rock Slide|p1b: Zapdos|[spread] p1a,p1b\n|-supereffective|p1b: Zapdos\n|-damage|p1a: Dragapult|0 fnt\n|-damage|p1b: Zapdos|47\/100\n|faint|p1a: Dragapult\n|cant|p1b: Zapdos|flinch\n|\n|-heal|p2b: Bronzong|29\/100|[from] item: Leftovers\n|upkeep\n|\n|t:|1700021740\n|switch|p1a: Sinistcha|Sinistcha|100\/100\n|-heal|p1b: Zapdos|72\/100|[from] ability: Hospitality|[of] p1a: Sinistcha\n|turn|3\n|\n|t:|1700021749\n|move|p1a: Sinistcha|Rage Powder|p1a: Sinistcha\n|-singleturn|p1a: Sinistcha|move: Rage Powder\n|move|p2b: Bronzong|Gyro Ball|p1a: Sinistcha\n|-damage|p1a: Sinistcha|85\/100\n|move|p2a: Copperajah|Rock Slide|p1a: Sinistcha|[spread] p1a,p1b\n|-supereffective|p1b: Zapdos\n|-damage|p1a: Sinistcha|62\/100\n|-damage|p1b: Zapdos|18\/100\n|cant|p1b: Zapdos|flinch\n|\n|-heal|p2b: Bronzong|35\/100|[from] item: Leftovers\n|-heal|p1a: Sinistcha|68\/100|[from] item: Leftovers\n|upkeep\n|turn|4\n|\n|t:|1700021765\n|move|p2b: Bronzong|Iron Defense|p2b: Bronzong\n|-boost|p2b: Bronzong|def|2\n|move|p2a: Copperajah|Rock Slide|p1b: Zapdos|[spread] p1a,p1b\n|-supereffective|p1b: Zapdos\n|-damage|p1a: Sinistcha|44\/100\n|-damage|p1b: Zapdos|0 fnt\n|faint|p1b: Zapdos\n|cant|p1a: Sinistcha|flinch\n|\n|-heal|p2b: Bronzong|42\/100|[from] item: Leftovers\n|-heal|p1a: Sinistcha|50\/100|[from] item: Leftovers\n|upkeep\n|\n|t:|1700021778\n|switch|p1b: Tyranitar|Tyranitar, F|100\/100\n|-weather|Sandstorm|[from] ability: Sand Stream|[of] p1b: Tyranitar\n|turn|5\n|\n|t:|1700021793\n|move|p2b: Bronzong|Body Press|p1b: Tyranitar\n|-supereffective|p1b: Tyranitar\n|-damage|p1b: Tyranitar|0 fnt\n|faint|p1b: Tyranitar\n|move|p2a: Copperajah|Heavy Slam|p1a: Sinistcha\n|-crit|p1a: Sinistcha\n|-damage|p1a: Sinistcha|0 fnt\n|faint|p1a: Sinistcha\n|\n|-weather|Sandstorm|[upkeep]\n|-heal|p2b: Bronzong|48\/100|[from] item: Leftovers\n|-fieldend|move: Trick Room\n|upkeep\n|-message|P3n1$$ucc3r forfeited.\n|\n|win|Thehombre\n|raw|P3n1$$ucc3r's rating: 1150 &rarr; <strong>1125<\/strong><br \/>(-25 for losing)\n|raw|Thehombre's rating: 1154 &rarr; <strong>1179<\/strong><br \/>(+25 for winning)\n|l|\u2606P3n1$$ucc3r\n","uploadtime":1700021801,"views":13,"p1id":"p3n1ucc3r","p2id":"thehombre","formatid":"gen9doublesou","rating":1125,"private":0,"password":""}