{"id":"gen9doublesou-1976824451","p1":"mikeyuwu","p2":"edkhan01","format":"[Gen 9] Doubles OU","log":"|j|\u2606mikeyuwu\n|j|\u2606edkhan01\n|t:|1698344307\n|gametype|doubles\n|player|p1|mikeyuwu|psychic-gen4|1188\n|player|p2|edkhan01|265|1111\n|teamsize|p1|6\n|teamsize|p2|6\n|gen|9\n|tier|[Gen 9] Doubles OU\n|rated|\n|rule|Species Clause: Limit one of each Pok\u00e9mon\n|rule|OHKO Clause: OHKO moves are banned\n|rule|Evasion Moves Clause: Evasion moves are banned\n|rule|Gravity Sleep Clause: The combination of sleep-inducing moves with imperfect accuracy and Gravity or Gigantamax Orbeetle are banned\n|rule|Endless Battle Clause: Forcing endless battles is banned\n|rule|HP Percentage Mod: HP is shown in percentages\n|clearpoke\n|poke|p1|Garchomp, M|\n|poke|p1|Tyranitar, F|\n|poke|p1|Vaporeon, F|\n|poke|p1|Toxicroak, M|\n|poke|p1|Pelipper, F|\n|poke|p1|Abomasnow, M|\n|poke|p2|Gliscor, F|\n|poke|p2|Sylveon, F|\n|poke|p2|Bronzong|\n|poke|p2|Medicham, F|\n|poke|p2|Cloyster, F|\n|poke|p2|Scovillain, M|\n|teampreview\n|\n|t:|1698344320\n|start\n|switch|p1a: OTLHPM|Toxicroak, M|100\/100\n|switch|p1b: Weather War|Pelipper, F|100\/100\n|switch|p2a: Medicham|Medicham, F|100\/100\n|switch|p2b: Bronzong|Bronzong|100\/100\n|-weather|RainDance|[from] ability: Drizzle|[of] p1b: Weather War\n|turn|1\n|\n|t:|1698344333\n|switch|p1a: Extra Spicy|Garchomp, M|100\/100\n|move|p2a: Medicham|Fake Out|p1b: Weather War\n|-damage|p1b: Weather War|88\/100\n|cant|p1b: Weather War|flinch\n|move|p2b: Bronzong|Trick Room|p2b: Bronzong\n|-fieldstart|move: Trick Room|[of] p2b: Bronzong\n|\n|-weather|RainDance|[upkeep]\n|upkeep\n|turn|2\n|\n|t:|1698344346\n|move|p2b: Bronzong|Confuse Ray|p1a: Extra Spicy\n|-start|p1a: Extra Spicy|confusion\n|move|p1b: Weather War|Hurricane|p2a: Medicham\n|-supereffective|p2a: Medicham\n|-damage|p2a: Medicham|13\/100\n|-enditem|p2a: Medicham|Weakness Policy\n|-boost|p2a: Medicham|atk|2|[from] item: Weakness Policy\n|-boost|p2a: Medicham|spa|2|[from] item: Weakness Policy\n|move|p2a: Medicham|Rock Slide|p1b: Weather War|[spread] p1a\n|-miss|p2a: Medicham|p1b: Weather War\n|-resisted|p1a: Extra Spicy\n|-damage|p1a: Extra Spicy|87\/100\n|-activate|p1a: Extra Spicy|confusion\n|move|p1a: Extra Spicy|Brick Break|p2b: Bronzong\n|-damage|p2b: Bronzong|82\/100\n|\n|-weather|RainDance|[upkeep]\n|upkeep\n|turn|3\n|\n|t:|1698344371\n|move|p2b: Bronzong|Confuse Ray|p1b: Weather War\n|-start|p1b: Weather War|confusion\n|-activate|p1b: Weather War|confusion\n|move|p1b: Weather War|Chilling Water|p2a: Medicham\n|-damage|p2a: Medicham|0 fnt\n|faint|p2a: Medicham\n|-activate|p1a: Extra Spicy|confusion\n|-damage|p1a: Extra Spicy|79\/100|[from] confusion\n|\n|-weather|RainDance|[upkeep]\n|upkeep\n|\n|t:|1698344385\n|switch|p2a: Cloyster|Cloyster, F|100\/100\n|turn|4\n|\n|t:|1698344394\n|switch|p1b: OTLHPM|Toxicroak, M|100\/100\n|switch|p1a: Cold Shoulder|Abomasnow, M, shiny|100\/100\n|-weather|Snow|[from] ability: Snow Warning|[of] p1a: Cold Shoulder\n|move|p2b: Bronzong|Rock Slide|p1a: Cold Shoulder|[spread] p1a,p1b\n|-supereffective|p1a: Cold Shoulder\n|-resisted|p1b: OTLHPM\n|-damage|p1a: Cold Shoulder|88\/100\n|-damage|p1b: OTLHPM|92\/100\n|move|p2a: Cloyster|Icicle Spear|p1a: Cold Shoulder\n|-crit|p1a: Cold Shoulder\n|-damage|p1a: Cold Shoulder|79\/100\n|-damage|p1a: Cold Shoulder|73\/100\n|-damage|p1a: Cold Shoulder|66\/100\n|-damage|p1a: Cold Shoulder|60\/100\n|-damage|p1a: Cold Shoulder|53\/100\n|-hitcount|p1a: Cold Shoulder|5\n|\n|-weather|Snow|[upkeep]\n|-heal|p1b: OTLHPM|99\/100|[from] item: Black Sludge\n|upkeep\n|turn|5\n|\n|t:|1698344411\n|move|p2b: Bronzong|Confuse Ray|p1b: OTLHPM\n|-start|p1b: OTLHPM|confusion\n|move|p1a: Cold Shoulder|Giga Drain|p2a: Cloyster\n|-supereffective|p2a: Cloyster\n|-damage|p2a: Cloyster|0 fnt\n|-heal|p1a: Cold Shoulder|96\/100|[from] drain|[of] p2a: Cloyster\n|faint|p2a: Cloyster\n|-activate|p1b: OTLHPM|confusion\n|move|p1b: OTLHPM|Drain Punch|p2b: Bronzong\n|-damage|p2b: Bronzong|52\/100\n|-heal|p1b: OTLHPM|100\/100|[from] drain|[of] p2b: Bronzong\n|\n|-weather|Snow|[upkeep]\n|-fieldend|move: Trick Room\n|upkeep\n|\n|t:|1698344421\n|switch|p2a: Scovillain|Scovillain, M|100\/100\n|turn|6\n|\n|t:|1698344435\n|switch|p1a: Weather War|Pelipper, F|88\/100\n|-weather|RainDance|[from] ability: Drizzle|[of] p1a: Weather War\n|-activate|p1b: OTLHPM|confusion\n|move|p1b: OTLHPM|Poison Jab|p2a: Scovillain\n|-supereffective|p2a: Scovillain\n|-damage|p2a: Scovillain|0 fnt\n|faint|p2a: Scovillain\n|move|p2b: Bronzong|Trick Room|p2b: Bronzong\n|-fieldstart|move: Trick Room|[of] p2b: Bronzong\n|\n|-weather|RainDance|[upkeep]\n|upkeep\n|\n|t:|1698344443\n|switch|p2a: Gliscor|Gliscor, F|100\/100\n|turn|7\n|\n|t:|1698344455\n|switch|p1b: Cold Shoulder|Abomasnow, M, shiny|96\/100\n|-weather|Snow|[from] ability: Snow Warning|[of] p1b: Cold Shoulder\n|move|p2b: Bronzong|Rock Slide|p1a: Weather War|[spread] p1a,p1b\n|-supereffective|p1a: Weather War\n|-supereffective|p1b: Cold Shoulder\n|-damage|p1a: Weather War|70\/100\n|-damage|p1b: Cold Shoulder|82\/100\n|move|p1a: Weather War|Blizzard|p2b: Bronzong|[spread] p2a,p2b\n|-supereffective|p2a: Gliscor\n|-crit|p2a: Gliscor\n|-resisted|p2b: Bronzong\n|-damage|p2a: Gliscor|0 fnt\n|-damage|p2b: Bronzong|44\/100\n|-status|p2b: Bronzong|frz\n|faint|p2a: Gliscor\n|\n|-weather|Snow|[upkeep]\n|upkeep\n|\n|t:|1698344466\n|switch|p2a: Sylveon|Sylveon, F|100\/100\n|turn|8\n|\n|t:|1698344475\n|cant|p2b: Bronzong|frz\n|move|p2a: Sylveon|Calm Mind|p2a: Sylveon\n|-boost|p2a: Sylveon|spa|1\n|-boost|p2a: Sylveon|spd|1\n|move|p1b: Cold Shoulder|Leech Seed|p2b: Bronzong\n|-start|p2b: Bronzong|move: Leech Seed\n|move|p1a: Weather War|Soak|p2a: Sylveon\n|-start|p2a: Sylveon|typechange|Water\n|\n|-weather|Snow|[upkeep]\n|-damage|p2b: Bronzong|32\/100 frz|[from] Leech Seed|[of] p1b: Cold Shoulder\n|-heal|p1b: Cold Shoulder|94\/100|[silent]\n|upkeep\n|turn|9\n|\n|t:|1698344487\n|switch|p1a: ThcrThnSnkr|Tyranitar, F|100\/100\n|-weather|Sandstorm|[from] ability: Sand Stream|[of] p1a: ThcrThnSnkr\n|cant|p2b: Bronzong|frz\n|move|p2a: Sylveon|Hyper Voice|p1a: ThcrThnSnkr|[spread] p1a,p1b\n|-supereffective|p1a: ThcrThnSnkr\n|-damage|p1a: ThcrThnSnkr|69\/100\n|-damage|p1b: Cold Shoulder|44\/100\n|-damage|p2a: Sylveon|91\/100|[from] item: Life Orb\n|move|p1b: Cold Shoulder|Giga Drain|p2a: Sylveon\n|-supereffective|p2a: Sylveon\n|-damage|p2a: Sylveon|67\/100\n|-heal|p1b: Cold Shoulder|57\/100|[from] drain|[of] p2a: Sylveon\n|\n|-weather|Sandstorm|[upkeep]\n|-damage|p2a: Sylveon|61\/100|[from] Sandstorm\n|-damage|p1b: Cold Shoulder|51\/100|[from] Sandstorm\n|-damage|p2b: Bronzong|19\/100 frz|[from] Leech Seed|[of] p1b: Cold Shoulder\n|-heal|p1b: Cold Shoulder|63\/100|[silent]\n|upkeep\n|turn|10\n|\n|t:|1698344512\n|-terastallize|p1a: ThcrThnSnkr|Rock\n|cant|p2b: Bronzong|frz\n|move|p2a: Sylveon|Hyper Voice|p1b: Cold Shoulder|[spread] p1a,p1b\n|-damage|p1a: ThcrThnSnkr|54\/100\n|-damage|p1b: Cold Shoulder|11\/100\n|-damage|p2a: Sylveon|51\/100|[from] item: Life Orb\n|move|p1a: ThcrThnSnkr|Thunderbolt|p2a: Sylveon\n|-supereffective|p2a: Sylveon\n|-damage|p2a: Sylveon|31\/100\n|move|p1b: Cold Shoulder|Leech Seed|p2a: Sylveon\n|-start|p2a: Sylveon|move: Leech Seed\n|\n|-weather|Sandstorm|[upkeep]\n|-damage|p2a: Sylveon|25\/100|[from] Sandstorm\n|-damage|p1b: Cold Shoulder|5\/100|[from] Sandstorm\n|-damage|p2b: Bronzong|7\/100 frz|[from] Leech Seed|[of] p1b: Cold Shoulder\n|-heal|p1b: Cold Shoulder|17\/100|[silent]\n|-damage|p2a: Sylveon|12\/100|[from] Leech Seed|[of] p1b: Cold Shoulder\n|-heal|p1b: Cold Shoulder|31\/100|[silent]\n|-fieldend|move: Trick Room\n|upkeep\n|turn|11\n|\n|t:|1698344528\n|switch|p1b: Harmacy|Vaporeon, F|100\/100\n|move|p1a: ThcrThnSnkr|Thunderbolt|p2a: Sylveon\n|-supereffective|p2a: Sylveon\n|-damage|p2a: Sylveon|0 fnt\n|faint|p2a: Sylveon\n|-curestatus|p2b: Bronzong|frz|[msg]\n|move|p2b: Bronzong|Trick Room|p2b: Bronzong\n|-fieldstart|move: Trick Room|[of] p2b: Bronzong\n|\n|-weather|Sandstorm|[upkeep]\n|-damage|p1b: Harmacy|94\/100|[from] Sandstorm\n|-heal|p1b: Harmacy|100\/100|[from] item: Leftovers\n|-damage|p2b: Bronzong|0 fnt|[from] Leech Seed|[of] p1b: Harmacy\n|faint|p2b: Bronzong\n|\n|win|mikeyuwu\n|upkeep\n|raw|mikeyuwu's rating: 1188 &rarr; <strong>1208<\/strong><br \/>(+20 for winning)\n|raw|edkhan01's rating: 1111 &rarr; <strong>1091<\/strong><br \/>(-20 for losing)\n|l|\u2606edkhan01\n","uploadtime":1698344549,"views":15,"p1id":"mikeyuwu","p2id":"edkhan01","formatid":"gen9doublesou","rating":1091,"private":0,"password":""}