{"id":"gen9doublesou-1983432608","p1":"SantiAgui","p2":"ingo184","format":"[Gen 9] Doubles OU","log":"|j|\u2606SantiAgui\n|j|\u2606ingo184\n|t:|1699129566\n|gametype|doubles\n|player|p1|SantiAgui|101|1167\n|player|p2|ingo184|266|1192\n|teamsize|p1|6\n|teamsize|p2|6\n|gen|9\n|tier|[Gen 9] Doubles OU\n|rated|\n|rule|Species Clause: Limit one of each Pok\u00e9mon\n|rule|OHKO Clause: OHKO moves are banned\n|rule|Evasion Moves Clause: Evasion moves are banned\n|rule|Gravity Sleep Clause: The combination of sleep-inducing moves with imperfect accuracy and Gravity or Gigantamax Orbeetle are banned\n|rule|Endless Battle Clause: Forcing endless battles is banned\n|rule|HP Percentage Mod: HP is shown in percentages\n|clearpoke\n|poke|p1|Meloetta|\n|poke|p1|Gardevoir, M|\n|poke|p1|Inteleon, M|\n|poke|p1|Leavanny, M|\n|poke|p1|Milotic, F|\n|poke|p1|Delphox, M|\n|poke|p2|Ditto|\n|poke|p2|Iron Hands|\n|poke|p2|Landorus-Therian, M|\n|poke|p2|Heatran, F|\n|poke|p2|Ogerpon-Wellspring, F|\n|poke|p2|Cresselia, F|\n|teampreview\n|inactive|Battle timer is ON: inactive players will automatically lose when time's up. (requested by SantiAgui)\n|\n|t:|1699129582\n|start\n|switch|p1a: Meloetta|Meloetta|100\/100\n|switch|p1b: Leavanny|Leavanny, M, shiny|100\/100\n|switch|p2a: Cresselia|Cresselia, F|100\/100\n|switch|p2b: Landorus|Landorus-Therian, M|100\/100\n|-ability|p2b: Landorus|Intimidate|boost\n|-unboost|p1a: Meloetta|atk|1\n|-unboost|p1b: Leavanny|atk|1\n|turn|1\n|\n|t:|1699129595\n|move|p2b: Landorus|U-turn|p1b: Leavanny\n|-supereffective|p1b: Leavanny\n|-damage|p1b: Leavanny|15\/100\n|\n|t:|1699129602\n|switch|p2b: Heatran|Heatran, F|100\/100|[from] U-turn\n|move|p1a: Meloetta|Trick|p2a: Cresselia\n|-activate|p1a: Meloetta|move: Trick|[of] p2a: Cresselia\n|-item|p2a: Cresselia|Choice Specs|[from] move: Trick\n|-item|p1a: Meloetta|Mental Herb|[from] move: Trick\n|move|p1b: Leavanny|Sticky Web|p2b: Heatran\n|-sidestart|p2: ingo184|move: Sticky Web\n|move|p2a: Cresselia|Trick Room|p2a: Cresselia\n|-fieldstart|move: Trick Room|[of] p2a: Cresselia\n|\n|upkeep\n|turn|2\n|\n|t:|1699129626\n|switch|p2a: Ogerpon|Ogerpon-Wellspring, F|100\/100\n|-activate|p2a: Ogerpon|move: Sticky Web\n|-unboost|p2a: Ogerpon|spe|1\n|move|p2b: Heatran|Heat Wave|p1b: Leavanny|[spread] p1a,p1b\n|-supereffective|p1b: Leavanny\n|-damage|p1a: Meloetta|60\/100\n|-damage|p1b: Leavanny|0 fnt\n|faint|p1b: Leavanny\n|-damage|p2b: Heatran|91\/100|[from] item: Life Orb\n|move|p1a: Meloetta|Psychic|p2a: Ogerpon\n|-damage|p2a: Ogerpon|54\/100\n|\n|upkeep\n|\n|t:|1699129632\n|switch|p1b: Milotic|Milotic, F, shiny|100\/100\n|turn|3\n|\n|t:|1699129659\n|switch|p2b: Iron Hands|Iron Hands|100\/100\n|-activate|p2b: Iron Hands|move: Sticky Web\n|-unboost|p2b: Iron Hands|spe|1\n|move|p2a: Ogerpon|Swords Dance|p2a: Ogerpon\n|-boost|p2a: Ogerpon|atk|2\n|move|p1b: Milotic|Coil|p1b: Milotic\n|-boost|p1b: Milotic|atk|1\n|-boost|p1b: Milotic|def|1\n|-boost|p1b: Milotic|accuracy|1\n|move|p1a: Meloetta|Thunderbolt|p2a: Ogerpon\n|-damage|p2a: Ogerpon|19\/100\n|\n|-status|p1b: Milotic|brn|[from] item: Flame Orb\n|upkeep\n|turn|4\n|inactive|ingo184 has 120 seconds left.\n|\n|t:|1699129691\n|move|p2b: Iron Hands|Wild Charge|p1b: Milotic\n|-supereffective|p1b: Milotic\n|-damage|p1b: Milotic|56\/100 brn\n|-damage|p2b: Iron Hands|91\/100|[from] Recoil\n|move|p2a: Ogerpon|Ivy Cudgel|p1a: Meloetta\n|-damage|p1a: Meloetta|0 fnt\n|faint|p1a: Meloetta\n|move|p1b: Milotic|Coil|p1b: Milotic\n|-boost|p1b: Milotic|atk|1\n|-boost|p1b: Milotic|def|1\n|-boost|p1b: Milotic|accuracy|1\n|\n|-damage|p1b: Milotic|50\/100 brn|[from] brn\n|upkeep\n|\n|t:|1699129709\n|switch|p1a: Gardevoir|Gardevoir, M, shiny|100\/100\n|turn|5\n|\n|t:|1699129723\n|move|p2b: Iron Hands|Fake Out||[still]\n|-hint|Fake Out only works on your first turn out.\n|-fail|p2b: Iron Hands\n|move|p2a: Ogerpon|Wood Hammer|p1b: Milotic\n|-supereffective|p1b: Milotic\n|-damage|p1b: Milotic|0 fnt\n|faint|p1b: Milotic\n|-damage|p2a: Ogerpon|0 fnt|[from] Recoil\n|faint|p2a: Ogerpon\n|move|p1a: Gardevoir|Life Dew||[still]\n|-fail|p1a: Gardevoir|heal\n|\n|-fieldend|move: Trick Room\n|upkeep\n|\n|t:|1699129736\n|switch|p2a: Cresselia|Cresselia, F|100\/100\n|switch|p1b: Delphox|Delphox, M, shiny|100\/100\n|turn|6\n|\n|t:|1699129753\n|move|p1b: Delphox|Psychic|p2b: Iron Hands\n|-supereffective|p2b: Iron Hands\n|-damage|p2b: Iron Hands|45\/100\n|move|p1a: Gardevoir|Thunder Wave|p2a: Cresselia\n|-status|p2a: Cresselia|par\n|move|p2b: Iron Hands|Volt Switch|p1b: Delphox\n|-damage|p1b: Delphox|85\/100\n|\n|t:|1699129765\n|-end|p2b: Iron Hands|Quark Drive|[silent]\n|switch|p2b: Heatran|Heatran, F|91\/100|[from] Volt Switch\n|-activate|p2b: Heatran|move: Sticky Web\n|-unboost|p2b: Heatran|spe|1\n|cant|p2a: Cresselia|par\n|\n|upkeep\n|turn|7\n|\n|t:|1699129779\n|switch|p1a: Inteleon|Inteleon, M|100\/100\n|move|p2b: Heatran|Protect|p2b: Heatran\n|-singleturn|p2b: Heatran|Protect\n|move|p1b: Delphox|Flame Charge|p2a: Cresselia\n|-damage|p2a: Cresselia|91\/100 par\n|-boost|p1b: Delphox|spe|1\n|move|p2a: Cresselia|Trick Room|p2a: Cresselia\n|-fieldstart|move: Trick Room|[of] p2a: Cresselia\n|\n|upkeep\n|turn|8\n|\n|t:|1699129805\n|switch|p2a: Iron Hands|Iron Hands|45\/100\n|-activate|p2a: Iron Hands|move: Sticky Web\n|-unboost|p2a: Iron Hands|spe|1\n|-terastallize|p2b: Heatran|Grass\n|move|p1a: Inteleon|Aqua Jet|p1b: Delphox\n|-supereffective|p1b: Delphox\n|-damage|p1b: Delphox|59\/100\n|-enditem|p1b: Delphox|Weakness Policy\n|-boost|p1b: Delphox|atk|2|[from] item: Weakness Policy\n|-boost|p1b: Delphox|spa|2|[from] item: Weakness Policy\n|move|p2b: Heatran|Tera Blast|p1a: Inteleon|[anim] Tera Blast Grass\n|-supereffective|p1a: Inteleon\n|-crit|p1a: Inteleon\n|-enditem|p1a: Inteleon|Focus Sash\n|-damage|p1a: Inteleon|1\/100\n|-damage|p2b: Heatran|81\/100|[from] item: Life Orb\n|move|p1b: Delphox|Shadow Ball|p2b: Heatran\n|-damage|p2b: Heatran|38\/100\n|-item|p1b: Delphox|Life Orb|[from] ability: Magician|[of] p2b: Heatran\n|\n|upkeep\n|turn|9\n|inactive|ingo184 has 120 seconds left.\n|\n|t:|1699129839\n|move|p2a: Iron Hands|Volt Switch|p1a: Inteleon\n|-supereffective|p1a: Inteleon\n|-damage|p1a: Inteleon|0 fnt\n|faint|p1a: Inteleon\n|inactive|ingo184 has 120 seconds left.\n|\n|t:|1699129844\n|-end|p2a: Iron Hands|Quark Drive|[silent]\n|switch|p2a: Ditto|Ditto, shiny|100\/100|[from] Volt Switch\n|-activate|p2a: Ditto|move: Sticky Web\n|-unboost|p2a: Ditto|spe|1\n|-transform|p2a: Ditto|p1b: Delphox|[from] ability: Imposter\n|move|p2b: Heatran|Earth Power|p1b: Delphox\n|-supereffective|p1b: Delphox\n|-damage|p1b: Delphox|0 fnt\n|faint|p1b: Delphox\n|\n|upkeep\n|\n|t:|1699129848\n|switch|p1b: Gardevoir|Gardevoir, M, shiny|100\/100\n|turn|10\n|-message|SantiAgui forfeited.\n|\n|win|ingo184\n|raw|SantiAgui's rating: 1167 &rarr; <strong>1144<\/strong><br \/>(-23 for losing)\n|raw|ingo184's rating: 1192 &rarr; <strong>1215<\/strong><br \/>(+23 for winning)\n|l|\u2606SantiAgui\n","uploadtime":1699130194,"views":14,"p1id":"santiagui","p2id":"ingo184","formatid":"gen9doublesou","rating":1144,"private":0,"password":""}