{"id":"gen9doublesou-1994671355","p1":"ChaosCrisps","p2":"LoganNightx","format":"[Gen 9] Doubles OU","log":"|j|\u2606ChaosCrisps\n|j|\u2606LoganNightx\n|t:|1700478788\n|gametype|doubles\n|player|p1|ChaosCrisps|pokekid|1201\n|player|p2|LoganNightx|unknownf|1098\n|teamsize|p1|6\n|teamsize|p2|6\n|gen|9\n|tier|[Gen 9] Doubles OU\n|rated|\n|rule|Species Clause: Limit one of each Pok\u00e9mon\n|rule|OHKO Clause: OHKO moves are banned\n|rule|Evasion Moves Clause: Evasion moves are banned\n|rule|Gravity Sleep Clause: The combination of sleep-inducing moves with imperfect accuracy and Gravity or Gigantamax Orbeetle are banned\n|rule|Endless Battle Clause: Forcing endless battles is banned\n|rule|HP Percentage Mod: HP is shown in percentages\n|clearpoke\n|poke|p1|Snorlax, M|\n|poke|p1|Sinistcha|\n|poke|p1|Landorus-Therian, M|\n|poke|p1|Iron Hands|\n|poke|p1|Clefairy, F|\n|poke|p1|Kommo-o, M|\n|poke|p2|Arboliva, M|\n|poke|p2|Torkoal, F|\n|poke|p2|Walking Wake|\n|poke|p2|Corviknight, M|\n|poke|p2|Krookodile, M|\n|poke|p2|Flutter Mane|\n|teampreview\n|\n|t:|1700478836\n|start\n|switch|p1a: Snorlax|Snorlax, M, shiny|100\/100\n|switch|p1b: Landorus|Landorus-Therian, M|100\/100\n|switch|p2a: Torkoal|Torkoal, F|100\/100\n|switch|p2b: Flutter Mane|Flutter Mane|100\/100\n|-ability|p1b: Landorus|Intimidate|boost\n|-unboost|p2a: Torkoal|atk|1\n|-unboost|p2b: Flutter Mane|atk|1\n|-weather|SunnyDay|[from] ability: Drought|[of] p2a: Torkoal\n|-activate|p2b: Flutter Mane|ability: Protosynthesis\n|-start|p2b: Flutter Mane|protosynthesisspe\n|turn|1\n|\n|t:|1700478854\n|move|p2a: Torkoal|Helping Hand|p2b: Flutter Mane\n|-singleturn|p2b: Flutter Mane|Helping Hand|[of] p2a: Torkoal\n|move|p2b: Flutter Mane|Moonblast|p1b: Landorus\n|-damage|p1b: Landorus|0 fnt\n|faint|p1b: Landorus\n|-damage|p2b: Flutter Mane|91\/100|[from] item: Life Orb\n|move|p1a: Snorlax|Belly Drum|p1a: Snorlax\n|-damage|p1a: Snorlax|51\/100\n|-setboost|p1a: Snorlax|atk|6|[from] move: Belly Drum\n|\n|-weather|SunnyDay|[upkeep]\n|upkeep\n|\n|t:|1700478865\n|switch|p1b: Sinistcha|Sinistcha, shiny|100\/100\n|-heal|p1a: Snorlax|75\/100|[from] ability: Hospitality|[of] p1b: Sinistcha\n|turn|2\n|\n|t:|1700478883\n|move|p1a: Snorlax|Protect|p1a: Snorlax\n|-singleturn|p1a: Snorlax|Protect\n|move|p2b: Flutter Mane|Moonblast|p1a: Snorlax\n|-activate|p1a: Snorlax|move: Protect\n|move|p2a: Torkoal|Eruption|p1a: Snorlax|[spread] p1b\n|-activate|p1a: Snorlax|move: Protect\n|-supereffective|p1b: Sinistcha\n|-damage|p1b: Sinistcha|0 fnt\n|faint|p1b: Sinistcha\n|\n|-weather|SunnyDay|[upkeep]\n|upkeep\n|\n|t:|1700478894\n|switch|p1b: Clefairy|Clefairy, F|100\/100\n|turn|3\n|\n|t:|1700478904\n|move|p2a: Torkoal|Helping Hand|p2b: Flutter Mane\n|-singleturn|p2b: Flutter Mane|Helping Hand|[of] p2a: Torkoal\n|move|p1b: Clefairy|Follow Me|p1b: Clefairy\n|-singleturn|p1b: Clefairy|move: Follow Me\n|move|p2b: Flutter Mane|Shadow Ball|p1b: Clefairy\n|-damage|p1b: Clefairy|37\/100\n|-damage|p2b: Flutter Mane|81\/100|[from] item: Life Orb\n|move|p1a: Snorlax|High Horsepower|p2b: Flutter Mane\n|-damage|p2b: Flutter Mane|0 fnt\n|faint|p2b: Flutter Mane\n|-end|p2b: Flutter Mane|Protosynthesis|[silent]\n|\n|-weather|SunnyDay|[upkeep]\n|upkeep\n|\n|t:|1700478920\n|switch|p2b: Corviknight|Corviknight, M|100\/100\n|turn|4\n|\n|t:|1700478932\n|move|p1b: Clefairy|Follow Me|p1b: Clefairy\n|-singleturn|p1b: Clefairy|move: Follow Me\n|move|p2b: Corviknight|Tailwind|p2b: Corviknight\n|-sidestart|p2: LoganNightx|move: Tailwind\n|move|p2a: Torkoal|Eruption|p1b: Clefairy|[spread] p1a,p1b\n|-crit|p1a: Snorlax\n|-damage|p1a: Snorlax|51\/100\n|-damage|p1b: Clefairy|0 fnt\n|faint|p1b: Clefairy\n|move|p1a: Snorlax|Facade|p2a: Torkoal\n|-damage|p2a: Torkoal|14\/100\n|-damage|p1a: Snorlax|35\/100|[from] item: Rocky Helmet|[of] p2a: Torkoal\n|-enditem|p1a: Snorlax|Sitrus Berry|[eat]\n|-heal|p1a: Snorlax|60\/100|[from] item: Sitrus Berry\n|\n|-weather|SunnyDay|[upkeep]\n|upkeep\n|\n|t:|1700478946\n|switch|p1b: Iron Hands|Iron Hands|100\/100\n|turn|5\n|\n|t:|1700478969\n|move|p1a: Snorlax|Protect|p1a: Snorlax\n|-singleturn|p1a: Snorlax|Protect\n|move|p2b: Corviknight|Iron Head|p1a: Snorlax\n|-activate|p1a: Snorlax|move: Protect\n|move|p2a: Torkoal|Clear Smog|p1a: Snorlax\n|-activate|p1a: Snorlax|move: Protect\n|move|p1b: Iron Hands|Wild Charge|p2b: Corviknight\n|-supereffective|p2b: Corviknight\n|-damage|p2b: Corviknight|42\/100\n|-damage|p1b: Iron Hands|87\/100|[from] Recoil\n|\n|-weather|none\n|-heal|p2b: Corviknight|48\/100|[from] item: Leftovers\n|upkeep\n|turn|6\n|\n|t:|1700479006\n|move|p2a: Torkoal|Helping Hand|p2b: Corviknight\n|-singleturn|p2b: Corviknight|Helping Hand|[of] p2a: Torkoal\n|move|p2b: Corviknight|Iron Head|p1b: Iron Hands\n|-resisted|p1b: Iron Hands\n|-damage|p1b: Iron Hands|73\/100\n|cant|p1b: Iron Hands|flinch\n|move|p1a: Snorlax|High Horsepower|p2a: Torkoal\n|-supereffective|p2a: Torkoal\n|-damage|p2a: Torkoal|0 fnt\n|-damage|p1a: Snorlax|43\/100|[from] item: Rocky Helmet|[of] p2a: Torkoal\n|faint|p2a: Torkoal\n|\n|-heal|p2b: Corviknight|54\/100|[from] item: Leftovers\n|upkeep\n|l|\u2606ChaosCrisps\n|player|p1|\n|\n|t:|1700479030\n|switch|p2a: Krookodile|Krookodile, M|100\/100\n|-ability|p2a: Krookodile|Intimidate|boost\n|-unboost|p1a: Snorlax|atk|1\n|-unboost|p1b: Iron Hands|atk|1\n|turn|7\n|j|\u2606ChaosCrisps\n|player|p1|ChaosCrisps|pokekid\n|\n|t:|1700479073\n|move|p2b: Corviknight|Iron Head|p1a: Snorlax\n|-damage|p1a: Snorlax|25\/100\n|move|p1b: Iron Hands|Drain Punch|p2a: Krookodile\n|-supereffective|p2a: Krookodile\n|-damage|p2a: Krookodile|37\/100\n|-heal|p1b: Iron Hands|97\/100|[from] drain|[of] p2a: Krookodile\n|-enditem|p2a: Krookodile|Sitrus Berry|[eat]\n|-heal|p2a: Krookodile|62\/100|[from] item: Sitrus Berry\n|move|p1a: Snorlax|Facade|p2a: Krookodile\n|-crit|p2a: Krookodile\n|-damage|p2a: Krookodile|0 fnt\n|faint|p2a: Krookodile\n|\n|-heal|p2b: Corviknight|61\/100|[from] item: Leftovers\n|-sideend|p2: LoganNightx|move: Tailwind\n|upkeep\n|l|\u2606ChaosCrisps\n|player|p1|\n|\n|t:|1700479097\n|switch|p2a: Walking Wake|Walking Wake|100\/100\n|turn|8\n|j|\u2606ChaosCrisps\n|player|p1|ChaosCrisps|pokekid\n|\n|t:|1700479167\n|-terastallize|p2a: Walking Wake|Fairy\n|move|p2a: Walking Wake|Dragon Pulse|p1b: Iron Hands\n|-damage|p1b: Iron Hands|66\/100\n|move|p2b: Corviknight|Tailwind|p2b: Corviknight\n|-sidestart|p2: LoganNightx|move: Tailwind\n|move|p1b: Iron Hands|Drain Punch|p2b: Corviknight\n|-damage|p2b: Corviknight|44\/100\n|-heal|p1b: Iron Hands|74\/100|[from] drain|[of] p2b: Corviknight\n|move|p1a: Snorlax|Facade|p2a: Walking Wake\n|-damage|p2a: Walking Wake|0 fnt\n|faint|p2a: Walking Wake\n|-end|p2a: Walking Wake|Protosynthesis|[silent]\n|\n|-heal|p2b: Corviknight|50\/100|[from] item: Leftovers\n|upkeep\n|\n|t:|1700479183\n|switch|p2a: Arboliva|Arboliva, M|100\/100\n|turn|9\n|\n|t:|1700479199\n|-end|p1b: Iron Hands|Quark Drive|[silent]\n|switch|p1b: Kommo-o|Kommo-o, M|100\/100\n|move|p2b: Corviknight|Iron Head|p1b: Kommo-o\n|-damage|p1b: Kommo-o|78\/100\n|move|p2a: Arboliva|Giga Drain|p1a: Snorlax\n|-damage|p1a: Snorlax|7\/100\n|move|p1a: Snorlax|Facade|p2a: Arboliva\n|-damage|p2a: Arboliva|0 fnt\n|faint|p2a: Arboliva\n|\n|-heal|p2b: Corviknight|57\/100|[from] item: Leftovers\n|upkeep\n|turn|10\n|\n|t:|1700479213\n|move|p1a: Snorlax|Protect|p1a: Snorlax\n|-singleturn|p1a: Snorlax|Protect\n|move|p2b: Corviknight|Iron Head|p1b: Kommo-o\n|-damage|p1b: Kommo-o|56\/100\n|move|p1b: Kommo-o|Clangorous Soul|p1b: Kommo-o\n|-boost|p1b: Kommo-o|atk|1\n|-boost|p1b: Kommo-o|def|1\n|-boost|p1b: Kommo-o|spa|1\n|-boost|p1b: Kommo-o|spd|1\n|-boost|p1b: Kommo-o|spe|1\n|-damage|p1b: Kommo-o|23\/100\n|-enditem|p1b: Kommo-o|Throat Spray\n|-boost|p1b: Kommo-o|spa|1|[from] item: Throat Spray\n|\n|-heal|p2b: Corviknight|63\/100|[from] item: Leftovers\n|upkeep\n|turn|11\n|\n|t:|1700479238\n|move|p1b: Kommo-o|Clangorous Soul||[still]\n|-fail|p1b: Kommo-o\n|move|p2b: Corviknight|Iron Head|p1b: Kommo-o\n|-damage|p1b: Kommo-o|8\/100\n|move|p1a: Snorlax|Facade|p2b: Corviknight\n|-resisted|p2b: Corviknight\n|-damage|p2b: Corviknight|34\/100\n|\n|-heal|p2b: Corviknight|40\/100|[from] item: Leftovers\n|-sideend|p2: LoganNightx|move: Tailwind\n|upkeep\n|turn|12\n|l|\u2606ChaosCrisps\n|player|p1|\n|j|\u2606ChaosCrisps\n|player|p1|ChaosCrisps|pokekid\n|\n|t:|1700479275\n|move|p1b: Kommo-o|Clanging Scales|p2b: Corviknight\n|-resisted|p2b: Corviknight\n|-damage|p2b: Corviknight|0 fnt\n|faint|p2b: Corviknight\n|\n|win|ChaosCrisps\n|raw|ChaosCrisps's rating: 1201 &rarr; <strong>1219<\/strong><br \/>(+18 for winning)\n|raw|LoganNightx's rating: 1098 &rarr; <strong>1080<\/strong><br \/>(-18 for losing)\n","uploadtime":1700479282,"views":15,"p1id":"chaoscrisps","p2id":"logannightx","formatid":"gen9doublesou","rating":1080,"private":0,"password":""}