{"id":"gen9doublesou-1993865049","p1":"bananaszn","p2":"MetaRafa","format":"[Gen 9] Doubles OU","log":"|j|\u2606bananaszn\n|j|\u2606MetaRafa\n|t:|1700367114\n|gametype|doubles\n|player|p1|bananaszn|teamrocket|1361\n|player|p2|MetaRafa|102|1171\n|teamsize|p1|6\n|teamsize|p2|6\n|gen|9\n|tier|[Gen 9] Doubles OU\n|rated|\n|rule|Species Clause: Limit one of each Pok\u00e9mon\n|rule|OHKO Clause: OHKO moves are banned\n|rule|Evasion Moves Clause: Evasion moves are banned\n|rule|Gravity Sleep Clause: The combination of sleep-inducing moves with imperfect accuracy and Gravity or Gigantamax Orbeetle are banned\n|rule|Endless Battle Clause: Forcing endless battles is banned\n|rule|HP Percentage Mod: HP is shown in percentages\n|clearpoke\n|poke|p1|Scizor, M|\n|poke|p1|Tornadus, M|\n|poke|p1|Chien-Pao|\n|poke|p1|Iron Hands|\n|poke|p1|Volcanion|\n|poke|p1|Great Tusk|\n|poke|p2|Gholdengo|\n|poke|p2|Iron Bundle|\n|poke|p2|Iron Hands|\n|poke|p2|Amoonguss, M|\n|poke|p2|Arcanine, F|\n|poke|p2|Roaring Moon|\n|teampreview\n|inactive|Battle timer is ON: inactive players will automatically lose when time's up. (requested by bananaszn)\n|inactive|bananaszn has 120 seconds left.\n|\n|t:|1700367150\n|start\n|switch|p1a: YN Jay|Tornadus, M|100\/100\n|switch|p1b: Kawhi Leonard|Scizor, M|100\/100\n|switch|p2a: Descongelaelpollo|Iron Bundle|100\/100\n|switch|p2b: Moneas|Gholdengo|100\/100\n|turn|1\n|\n|t:|1700367161\n|move|p1a: YN Jay|Tailwind|p1a: YN Jay\n|-sidestart|p1: bananaszn|move: Tailwind\n|move|p2a: Descongelaelpollo|Freeze-Dry|p1a: YN Jay\n|-supereffective|p1a: YN Jay\n|-enditem|p1a: YN Jay|Focus Sash\n|-damage|p1a: YN Jay|1\/100\n|move|p1b: Kawhi Leonard|U-turn|p2a: Descongelaelpollo\n|-damage|p2a: Descongelaelpollo|26\/100\n|\n|t:|1700367176\n|switch|p1b: Volcanion|Volcanion|100\/100|[from] U-turn\n|move|p2b: Moneas|Nasty Plot|p2b: Moneas\n|-boost|p2b: Moneas|spa|2\n|\n|upkeep\n|turn|2\n|\n|t:|1700367195\n|move|p2a: Descongelaelpollo|Protect|p2a: Descongelaelpollo\n|-singleturn|p2a: Descongelaelpollo|Protect\n|move|p1a: YN Jay|Bleakwind Storm|p2b: Moneas|[spread] p2b\n|-activate|p2a: Descongelaelpollo|move: Protect\n|-resisted|p2b: Moneas\n|-damage|p2b: Moneas|81\/100\n|move|p1b: Volcanion|Heat Wave|p2a: Descongelaelpollo|[spread] p2b\n|-activate|p2a: Descongelaelpollo|move: Protect\n|-supereffective|p2b: Moneas\n|-damage|p2b: Moneas|0 fnt\n|faint|p2b: Moneas\n|\n|upkeep\n|\n|t:|1700367209\n|switch|p2b: Hope|Roaring Moon|100\/100\n|-enditem|p2b: Hope|Booster Energy\n|-activate|p2b: Hope|ability: Protosynthesis|[fromitem]\n|-start|p2b: Hope|protosynthesisspe\n|turn|3\n|inactive|bananaszn has 120 seconds left.\n|\n|t:|1700367248\n|-end|p2a: Descongelaelpollo|Quark Drive|[silent]\n|switch|p2a: Guau|Arcanine, F|100\/100\n|-ability|p2a: Guau|Intimidate|boost\n|-unboost|p1a: YN Jay|atk|1\n|-unboost|p1b: Volcanion|atk|1\n|move|p1a: YN Jay|Bleakwind Storm|p2a: Guau|[spread] p2a,p2b\n|-damage|p2a: Guau|60\/100\n|-damage|p2b: Hope|68\/100\n|move|p2b: Hope|Throat Chop|p1a: YN Jay\n|-damage|p1a: YN Jay|0 fnt\n|faint|p1a: YN Jay\n|move|p1b: Volcanion|Heat Wave|p2a: Guau|[spread] p2a,p2b\n|-resisted|p2a: Guau\n|-resisted|p2b: Hope\n|-damage|p2a: Guau|40\/100\n|-damage|p2b: Hope|50\/100\n|\n|upkeep\n|\n|t:|1700367266\n|switch|p1a: Kawhi Leonard|Scizor, M|100\/100\n|turn|4\n|\n|t:|1700367275\n|move|p2b: Hope|Protect|p2b: Hope\n|-singleturn|p2b: Hope|Protect\n|move|p2a: Guau|Protect|p2a: Guau\n|-singleturn|p2a: Guau|Protect\n|move|p1b: Volcanion|Steam Eruption|p2a: Guau\n|-activate|p2a: Guau|move: Protect\n|move|p1a: Kawhi Leonard|U-turn|p2b: Hope\n|-activate|p2b: Hope|move: Protect\n|\n|-sideend|p1: bananaszn|move: Tailwind\n|upkeep\n|turn|5\n|\n|t:|1700367303\n|-end|p2b: Hope|Protosynthesis|[silent]\n|switch|p2b: Manospaja|Iron Hands|100\/100\n|-terastallize|p1a: Kawhi Leonard|Rock\n|move|p2a: Guau|Flare Blitz|p1a: Kawhi Leonard\n|-resisted|p1a: Kawhi Leonard\n|-damage|p1a: Kawhi Leonard|77\/100\n|-damage|p2a: Guau|33\/100|[from] Recoil\n|move|p1b: Volcanion|Steam Eruption|p2a: Guau\n|-supereffective|p2a: Guau\n|-damage|p2a: Guau|0 fnt\n|faint|p2a: Guau\n|move|p1a: Kawhi Leonard|U-turn|p2b: Manospaja\n|-resisted|p2b: Manospaja\n|-crit|p2b: Manospaja\n|-damage|p2b: Manospaja|67\/100\n|\n|t:|1700367317\n|switch|p1a: Great Tusk|Great Tusk|100\/100|[from] U-turn\n|\n|upkeep\n|\n|t:|1700367323\n|switch|p2a: Descongelaelpollo|Iron Bundle|26\/100\n|turn|6\n|\n|t:|1700367334\n|-end|p1a: Great Tusk|Protosynthesis|[silent]\n|switch|p1a: Kawhi Leonard|Scizor, M, tera:Rock|77\/100\n|-end|p2b: Manospaja|Quark Drive|[silent]\n|switch|p2b: Sus|Amoonguss, M|100\/100\n|move|p2a: Descongelaelpollo|Hydro Pump|p1a: Kawhi Leonard\n|-supereffective|p1a: Kawhi Leonard\n|-crit|p1a: Kawhi Leonard\n|-damage|p1a: Kawhi Leonard|0 fnt\n|faint|p1a: Kawhi Leonard\n|move|p1b: Volcanion|Heat Wave|p2b: Sus|[spread] p2a,p2b\n|-supereffective|p2b: Sus\n|-damage|p2a: Descongelaelpollo|0 fnt\n|-damage|p2b: Sus|29\/100\n|-enditem|p2b: Sus|Sitrus Berry|[eat]\n|-heal|p2b: Sus|54\/100|[from] item: Sitrus Berry\n|faint|p2a: Descongelaelpollo\n|-end|p2a: Descongelaelpollo|Quark Drive|[silent]\n|\n|upkeep\n|\n|t:|1700367349\n|switch|p2a: Manospaja|Iron Hands|67\/100\n|switch|p1a: Iggy Azalea|Chien-Pao|100\/100\n|-ability|p1a: Iggy Azalea|Sword of Ruin\n|turn|7\n|\n|t:|1700367367\n|switch|p2b: Hope|Roaring Moon|50\/100\n|-terastallize|p2a: Manospaja|Fire\n|move|p1a: Iggy Azalea|Protect|p1a: Iggy Azalea\n|-singleturn|p1a: Iggy Azalea|Protect\n|move|p1b: Volcanion|Steam Eruption|p2a: Manospaja\n|-supereffective|p2a: Manospaja\n|-damage|p2a: Manospaja|3\/100\n|move|p2a: Manospaja|Drain Punch|p1a: Iggy Azalea\n|-activate|p1a: Iggy Azalea|move: Protect\n|\n|upkeep\n|turn|8\n|\n|t:|1700367394\n|switch|p1a: Great Tusk|Great Tusk|100\/100\n|-end|p2a: Manospaja|Quark Drive|[silent]\n|switch|p2a: Sus|Amoonguss, M|88\/100\n|move|p2b: Hope|Protect|p2b: Hope\n|-singleturn|p2b: Hope|Protect\n|move|p1b: Volcanion|Steam Eruption|p2a: Sus\n|-resisted|p2a: Sus\n|-damage|p2a: Sus|61\/100\n|\n|upkeep\n|turn|9\n|\n|t:|1700367413\n|move|p2b: Hope|Acrobatics|p1b: Volcanion\n|-damage|p1b: Volcanion|67\/100\n|move|p1a: Great Tusk|Close Combat|p2b: Hope\n|-supereffective|p2b: Hope\n|-damage|p2b: Hope|0 fnt\n|-unboost|p1a: Great Tusk|def|1\n|-unboost|p1a: Great Tusk|spd|1\n|faint|p2b: Hope\n|-end|p2b: Hope|Protosynthesis|[silent]\n|move|p1b: Volcanion|Heat Wave|p2a: Sus\n|-supereffective|p2a: Sus\n|-damage|p2a: Sus|0 fnt\n|faint|p2a: Sus\n|\n|-heal|p1b: Volcanion|73\/100|[from] item: Leftovers\n|upkeep\n|\n|t:|1700367425\n|switch|p2b: Manospaja|Iron Hands, tera:Fire|3\/100\n|turn|10\n|\n|t:|1700367430\n|move|p1a: Great Tusk|Headlong Rush|p2b: Manospaja\n|-supereffective|p2b: Manospaja\n|-damage|p2b: Manospaja|0 fnt\n|-unboost|p1a: Great Tusk|def|1\n|-unboost|p1a: Great Tusk|spd|1\n|faint|p2b: Manospaja\n|-end|p2b: Manospaja|Quark Drive|[silent]\n|\n|win|bananaszn\n|raw|bananaszn's rating: 1361 &rarr; <strong>1371<\/strong><br \/>(+10 for winning)\n|raw|MetaRafa's rating: 1171 &rarr; <strong>1158<\/strong><br \/>(-13 for losing)\n","uploadtime":1700367435,"views":5,"p1id":"bananaszn","p2id":"metarafa","formatid":"gen9doublesou","rating":1158,"private":0,"password":""}