{"id":"gen9doublesou-1994218889","p1":"dxrftgfdr","p2":"Brocckoli","format":"[Gen 9] Doubles OU","log":"|j|\u2606dxrftgfdr\n|j|\u2606Brocckoli\n|t:|1700420179\n|gametype|doubles\n|player|p1|dxrftgfdr|170|1000\n|player|p2|Brocckoli|ash|1051\n|teamsize|p1|5\n|teamsize|p2|6\n|gen|9\n|tier|[Gen 9] Doubles OU\n|rated|\n|rule|Species Clause: Limit one of each Pok\u00e9mon\n|rule|OHKO Clause: OHKO moves are banned\n|rule|Evasion Moves Clause: Evasion moves are banned\n|rule|Gravity Sleep Clause: The combination of sleep-inducing moves with imperfect accuracy and Gravity or Gigantamax Orbeetle are banned\n|rule|Endless Battle Clause: Forcing endless battles is banned\n|rule|HP Percentage Mod: HP is shown in percentages\n|clearpoke\n|poke|p1|Wyrdeer, F|\n|poke|p1|Meowscarada, F|\n|poke|p1|Tropius, F|\n|poke|p1|Roaring Moon|\n|poke|p1|Gallade, M|\n|poke|p2|Oricorio-Pom-Pom, M|\n|poke|p2|Volcarona, F|\n|poke|p2|Uxie|\n|poke|p2|Flamigo, F|\n|poke|p2|Lilligant-Hisui, F|\n|poke|p2|Sylveon, M|\n|teampreview\n|inactive|Battle timer is ON: inactive players will automatically lose when time's up. (requested by Brocckoli)\n|\n|t:|1700420192\n|start\n|switch|p1a: Wyrdeer|Wyrdeer, F|100\/100\n|switch|p1b: Meowscarada|Meowscarada, F|100\/100\n|switch|p2a: Oricorio|Oricorio-Pom-Pom, M|100\/100\n|switch|p2b: Uxie|Uxie|100\/100\n|turn|1\n|\n|t:|1700420215\n|move|p1b: Meowscarada|Acrobatics|p2b: Uxie\n|-start|p1b: Meowscarada|typechange|Flying|[from] ability: Protean\n|-crit|p2b: Uxie\n|-damage|p2b: Uxie|64\/100\n|move|p2b: Uxie|Skill Swap|p2a: Oricorio\n|-activate|p2b: Uxie|move: Skill Swap|||[of] p2a: Oricorio\n|move|p2a: Oricorio|Quiver Dance|p2a: Oricorio\n|-boost|p2a: Oricorio|spa|1\n|-boost|p2a: Oricorio|spd|1\n|-boost|p2a: Oricorio|spe|1\n|-enditem|p1b: Meowscarada|Mirror Herb\n|-boost|p1b: Meowscarada|spa|1|[from] item: Mirror Herb\n|-boost|p1b: Meowscarada|spd|1|[from] item: Mirror Herb\n|-boost|p1b: Meowscarada|spe|1|[from] item: Mirror Herb\n|-activate|p2b: Uxie|ability: Dancer\n|move|p2b: Uxie|Quiver Dance|p2b: Uxie|[from]ability: Dancer\n|-boost|p2b: Uxie|spa|1\n|-boost|p2b: Uxie|spd|1\n|-boost|p2b: Uxie|spe|1\n|move|p1a: Wyrdeer|Psyshield Bash|p2a: Oricorio\n|-damage|p2a: Oricorio|71\/100\n|-boost|p1a: Wyrdeer|def|1\n|\n|-heal|p2b: Uxie|71\/100|[from] item: Leftovers\n|upkeep\n|turn|2\n|\n|t:|1700420241\n|move|p1b: Meowscarada|Petal Blizzard|p2b: Uxie|[spread] p2a,p2b\n|-ability|p1a: Wyrdeer|Sap Sipper|boost\n|-boost|p1a: Wyrdeer|atk|1\n|-resisted|p2a: Oricorio\n|-damage|p2a: Oricorio|62\/100\n|-damage|p2b: Uxie|50\/100\n|move|p2b: Uxie|Future Sight|p1a: Wyrdeer\n|-start|p2b: Uxie|move: Future Sight\n|move|p2a: Oricorio|Revelation Dance|p1b: Meowscarada\n|-supereffective|p1b: Meowscarada\n|-damage|p1b: Meowscarada|6\/100\n|-activate|p2b: Uxie|ability: Dancer\n|move|p2b: Uxie|Revelation Dance|p1b: Meowscarada|[from]ability: Dancer\n|-damage|p1b: Meowscarada|0 fnt\n|faint|p1b: Meowscarada\n|move|p1a: Wyrdeer|Psyshield Bash|p2a: Oricorio\n|-damage|p2a: Oricorio|17\/100\n|-boost|p1a: Wyrdeer|def|1\n|\n|-heal|p2b: Uxie|56\/100|[from] item: Leftovers\n|upkeep\n|inactive|dxrftgfdr has 120 seconds left.\n|\n|t:|1700420263\n|switch|p1b: Tropius|Tropius, F|100\/100\n|turn|3\n|inactive|dxrftgfdr has 120 seconds left.\n|\n|t:|1700420279\n|-terastallize|p1a: Wyrdeer|Ghost\n|move|p2b: Uxie|Protect|p2b: Uxie\n|-singleturn|p2b: Uxie|Protect\n|move|p2a: Oricorio|Quiver Dance|p2a: Oricorio\n|-boost|p2a: Oricorio|spa|1\n|-boost|p2a: Oricorio|spd|1\n|-boost|p2a: Oricorio|spe|1\n|-activate|p2b: Uxie|ability: Dancer\n|move|p2b: Uxie|Quiver Dance|p2b: Uxie|[from]ability: Dancer\n|-boost|p2b: Uxie|spa|1\n|-boost|p2b: Uxie|spd|1\n|-boost|p2b: Uxie|spe|1\n|move|p1a: Wyrdeer|Tera Blast|p2b: Uxie|[anim] Tera Blast Ghost\n|-activate|p2b: Uxie|move: Protect\n|move|p1b: Tropius|Sunny Day|p1b: Tropius\n|-weather|SunnyDay\n|\n|-weather|SunnyDay|[upkeep]\n|-heal|p2b: Uxie|62\/100|[from] item: Leftovers\n|upkeep\n|turn|4\n|inactive|Brocckoli has 120 seconds left.\n|\n|t:|1700420317\n|move|p2b: Uxie|Stored Power|p1a: Wyrdeer\n|-damage|p1a: Wyrdeer|30\/100\n|move|p2a: Oricorio|Revelation Dance|p1b: Tropius\n|-damage|p1b: Tropius|40\/100\n|-enditem|p1b: Tropius|Sitrus Berry|[eat]\n|-heal|p1b: Tropius|65\/100|[from] item: Sitrus Berry\n|-activate|p2b: Uxie|ability: Dancer\n|move|p2b: Uxie|Revelation Dance|p1b: Tropius|[from]ability: Dancer\n|-damage|p1b: Tropius|3\/100\n|move|p1a: Wyrdeer|Tera Blast|p2b: Uxie|[anim] Tera Blast Ghost\n|-supereffective|p2b: Uxie\n|-damage|p2b: Uxie|0 fnt\n|faint|p2b: Uxie\n|move|p1b: Tropius|Solar Beam||[still]\n|-prepare|p1b: Tropius|Solar Beam\n|-anim|p1b: Tropius|Solar Beam|p1a: Wyrdeer\n|-ability|p1a: Wyrdeer|Sap Sipper|boost\n|-boost|p1a: Wyrdeer|atk|1\n|\n|-weather|SunnyDay|[upkeep]\n|-end|p1a: Wyrdeer|move: Future Sight\n|-damage|p1a: Wyrdeer|0 fnt\n|faint|p1a: Wyrdeer\n|-item|p1b: Tropius|Sitrus Berry|[from] ability: Harvest\n|upkeep\n|-enditem|p1b: Tropius|Sitrus Berry|[eat]\n|-heal|p1b: Tropius|28\/100|[from] item: Sitrus Berry\n|\n|t:|1700420340\n|switch|p2b: Sylveon|Sylveon, M|100\/100\n|switch|p1a: Gallade|Gallade, M|100\/100\n|turn|5\n|\n|t:|1700420355\n|move|p2a: Oricorio|Protect|p2a: Oricorio\n|-singleturn|p2a: Oricorio|Protect\n|move|p1a: Gallade|Solar Blade||[still]\n|-prepare|p1a: Gallade|Solar Blade\n|-anim|p1a: Gallade|Solar Blade|p2b: Sylveon\n|-damage|p2b: Sylveon|29\/100\n|move|p2b: Sylveon|Psych Up|p2a: Oricorio\n|-copyboost|p2b: Sylveon|p2a: Oricorio|[from] move: Psych Up\n|move|p1b: Tropius|Solar Beam||[still]\n|-prepare|p1b: Tropius|Solar Beam\n|-anim|p1b: Tropius|Solar Beam|p2a: Oricorio\n|-activate|p2a: Oricorio|move: Protect\n|\n|-weather|SunnyDay|[upkeep]\n|-heal|p2b: Sylveon|35\/100|[from] item: Leftovers\n|-item|p1b: Tropius|Sitrus Berry|[from] ability: Harvest\n|upkeep\n|-enditem|p1b: Tropius|Sitrus Berry|[eat]\n|-heal|p1b: Tropius|52\/100|[from] item: Sitrus Berry\n|turn|6\n|\n|t:|1700420370\n|move|p2a: Oricorio|Roost|p2a: Oricorio\n|-heal|p2a: Oricorio|67\/100\n|-singleturn|p2a: Oricorio|move: Roost\n|move|p2b: Sylveon|Hyper Voice|p1a: Gallade|[spread] p1a,p1b\n|-supereffective|p1a: Gallade\n|-damage|p1a: Gallade|0 fnt\n|-damage|p1b: Tropius|0 fnt\n|faint|p1a: Gallade\n|faint|p1b: Tropius\n|\n|-weather|SunnyDay|[upkeep]\n|-heal|p2b: Sylveon|41\/100|[from] item: Leftovers\n|upkeep\n|-message|dxrftgfdr forfeited.\n|\n|win|Brocckoli\n|raw|dxrftgfdr's rating: 1000 &rarr; <strong>1000<\/strong><br \/>(+0 for losing)\n|raw|Brocckoli's rating: 1051 &rarr; <strong>1079<\/strong><br \/>(+28 for winning)\n|l|\u2606dxrftgfdr\n","uploadtime":1700420386,"views":4,"p1id":"dxrftgfdr","p2id":"brocckoli","formatid":"gen9doublesou","rating":1000,"private":0,"password":""}