{"id":"gen9doublesou-1986301372","p1":"GuessWho666","p2":"AGSI","format":"[Gen 9] Doubles OU","log":"|j|\u2606GuessWho666\n|j|\u2606AGSI\n|t:|1699467494\n|gametype|doubles\n|player|p1|GuessWho666|guitarist-gen4|1035\n|player|p2|AGSI|pilot|1033\n|teamsize|p1|6\n|teamsize|p2|6\n|gen|9\n|tier|[Gen 9] Doubles OU\n|rated|\n|rule|Species Clause: Limit one of each Pok\u00e9mon\n|rule|OHKO Clause: OHKO moves are banned\n|rule|Evasion Moves Clause: Evasion moves are banned\n|rule|Gravity Sleep Clause: The combination of sleep-inducing moves with imperfect accuracy and Gravity or Gigantamax Orbeetle are banned\n|rule|Endless Battle Clause: Forcing endless battles is banned\n|rule|HP Percentage Mod: HP is shown in percentages\n|clearpoke\n|poke|p1|Armarouge, M|\n|poke|p1|Dragapult, F|\n|poke|p1|Indeedee-F, F|\n|poke|p1|Dragonite, M|\n|poke|p1|Skeledirge, M|\n|poke|p1|Glimmora, M|\n|poke|p2|Roaring Moon|\n|poke|p2|Basculegion-F, F|\n|poke|p2|Sinistcha|\n|poke|p2|Fezandipiti, M|\n|poke|p2|Noivern, F|\n|poke|p2|Glimmora, M|\n|teampreview\n|inactive|Battle timer is ON: inactive players will automatically lose when time's up. (requested by AGSI)\n|\n|t:|1699467502\n|start\n|switch|p1a: Armarouge|Armarouge, M|100\/100\n|switch|p1b: Dragapult|Dragapult, F|100\/100\n|switch|p2a: Drago|Noivern, F, shiny|100\/100\n|switch|p2b: Fezandipiti|Fezandipiti, M|100\/100\n|turn|1\n|\n|t:|1699467519\n|switch|p2a: Glimmora|Glimmora, M|100\/100\n|-terastallize|p1a: Armarouge|Psychic\n|move|p1b: Dragapult|U-turn|p1a: Armarouge\n|-supereffective|p1a: Armarouge\n|-damage|p1a: Armarouge|65\/100\n|-ability|p1a: Armarouge|Weak Armor|boost\n|-unboost|p1a: Armarouge|def|1\n|-boost|p1a: Armarouge|spe|2\n|-enditem|p1a: Armarouge|Weakness Policy\n|-boost|p1a: Armarouge|atk|2|[from] item: Weakness Policy\n|-boost|p1a: Armarouge|spa|2|[from] item: Weakness Policy\n|\n|t:|1699467530\n|switch|p1b: Indeedee|Indeedee-F, F|100\/100|[from] U-turn\n|-fieldstart|move: Psychic Terrain|[from] ability: Psychic Surge|[of] p1b: Indeedee\n|move|p1a: Armarouge|Sunny Day|p1a: Armarouge\n|-weather|SunnyDay\n|move|p2b: Fezandipiti|Dazzling Gleam|p1b: Indeedee|[spread] p1a,p1b\n|-damage|p1a: Armarouge|34\/100\n|-damage|p1b: Indeedee|80\/100\n|-status|p1a: Armarouge|tox|[from] ability: Toxic Chain|[of] p2b: Fezandipiti\n|-status|p1b: Indeedee|tox|[from] ability: Toxic Chain|[of] p2b: Fezandipiti\n|\n|-weather|SunnyDay|[upkeep]\n|-heal|p1b: Indeedee|86\/100 tox|[from] item: Leftovers\n|-damage|p1a: Armarouge|28\/100 tox|[from] psn\n|-damage|p1b: Indeedee|80\/100 tox|[from] psn\n|upkeep\n|turn|2\n|\n|t:|1699467556\n|move|p1b: Indeedee|Helping Hand|p1a: Armarouge\n|-singleturn|p1a: Armarouge|Helping Hand|[of] p1b: Indeedee\n|move|p1a: Armarouge|Heat Wave|p2a: Glimmora|[spread] p2a,p2b\n|-resisted|p2a: Glimmora\n|-damage|p2a: Glimmora|11\/100\n|-damage|p2b: Fezandipiti|0 fnt\n|faint|p2b: Fezandipiti\n|move|p2a: Glimmora|Acid Spray|p1a: Armarouge\n|-damage|p1a: Armarouge|4\/100 tox\n|-unboost|p1a: Armarouge|spd|2\n|\n|-weather|SunnyDay|[upkeep]\n|-heal|p2a: Glimmora|18\/100|[from] item: Black Sludge\n|-heal|p1b: Indeedee|86\/100 tox|[from] item: Leftovers\n|-damage|p1a: Armarouge|0 fnt|[from] psn\n|faint|p1a: Armarouge\n|-damage|p1b: Indeedee|73\/100 tox|[from] psn\n|upkeep\n|\n|t:|1699467581\n|switch|p1a: Glimmora|Glimmora, M|100\/100\n|switch|p2b: Sinistcha|Sinistcha|100\/100\n|-heal|p2a: Glimmora|42\/100|[from] ability: Hospitality|[of] p2b: Sinistcha\n|turn|3\n|\n|t:|1699467593\n|move|p1a: Glimmora|Stealth Rock|p2a: Glimmora\n|-sidestart|p2: AGSI|move: Stealth Rock\n|move|p2a: Glimmora|Stealth Rock|p1b: Indeedee\n|-sidestart|p1: GuessWho666|move: Stealth Rock\n|move|p1b: Indeedee|Psychic|p2a: Glimmora\n|-supereffective|p2a: Glimmora\n|-damage|p2a: Glimmora|0 fnt\n|faint|p2a: Glimmora\n|move|p2b: Sinistcha|Scald|p1a: Glimmora\n|-supereffective|p1a: Glimmora\n|-damage|p1a: Glimmora|71\/100\n|\n|-weather|SunnyDay|[upkeep]\n|-heal|p1b: Indeedee|80\/100 tox|[from] item: Leftovers\n|-damage|p1b: Indeedee|61\/100 tox|[from] psn\n|upkeep\n|\n|t:|1699467606\n|switch|p2a: Drago|Noivern, F, shiny|100\/100\n|-damage|p2a: Drago|76\/100|[from] Stealth Rock\n|turn|4\n|\n|t:|1699467618\n|move|p1b: Indeedee|Follow Me|p1b: Indeedee\n|-singleturn|p1b: Indeedee|move: Follow Me\n|move|p2a: Drago|Tailwind|p2a: Drago\n|-sidestart|p2: AGSI|move: Tailwind\n|move|p2b: Sinistcha|Matcha Gotcha|p1a: Glimmora|[spread] p1a,p1b\n|-damage|p1a: Glimmora|37\/100\n|-damage|p1b: Indeedee|39\/100 tox\n|move|p1a: Glimmora|Mortal Spin|p2b: Sinistcha|[spread] p2a,p2b\n|-damage|p2a: Drago|71\/100\n|-damage|p2b: Sinistcha|98\/100\n|-status|p2a: Drago|psn\n|-status|p2b: Sinistcha|psn\n|-sideend|p1: GuessWho666|Stealth Rock|[from] move: Mortal Spin|[of] p1a: Glimmora\n|\n|-weather|SunnyDay|[upkeep]\n|-heal|p2b: Sinistcha|100\/100 psn|[from] item: Leftovers\n|-heal|p1b: Indeedee|46\/100 tox|[from] item: Leftovers\n|-damage|p2a: Drago|58\/100 psn|[from] psn\n|-damage|p2b: Sinistcha|88\/100 psn|[from] psn\n|-damage|p1b: Indeedee|21\/100 tox|[from] psn\n|upkeep\n|turn|5\n|\n|t:|1699467643\n|move|p1a: Glimmora|Spiky Shield|p1a: Glimmora\n|-singleturn|p1a: Glimmora|move: Protect\n|move|p2a: Drago|Air Slash|p1a: Glimmora\n|-activate|p1a: Glimmora|move: Protect\n|move|p2b: Sinistcha|Matcha Gotcha|p1b: Indeedee|[spread] p1b\n|-activate|p1a: Glimmora|move: Protect\n|-crit|p1b: Indeedee\n|-damage|p1b: Indeedee|0 fnt\n|-heal|p2b: Sinistcha|98\/100 psn|[from] drain|[of] p1b: Indeedee\n|faint|p1b: Indeedee\n|\n|-weather|none\n|-heal|p2b: Sinistcha|100\/100 psn|[from] item: Leftovers\n|-damage|p2a: Drago|46\/100 psn|[from] psn\n|-damage|p2b: Sinistcha|88\/100 psn|[from] psn\n|-fieldend|move: Psychic Terrain\n|upkeep\n|\n|t:|1699467654\n|switch|p1b: Dragonite|Dragonite, M|100\/100\n|turn|6\n|\n|t:|1699467671\n|move|p1b: Dragonite|Extreme Speed|p2a: Drago\n|-damage|p2a: Drago|0 fnt\n|faint|p2a: Drago\n|move|p2b: Sinistcha|Matcha Gotcha|p1a: Glimmora|[spread] p1b\n|-miss|p2b: Sinistcha|p1a: Glimmora\n|-resisted|p1b: Dragonite\n|-damage|p1b: Dragonite|98\/100\n|-heal|p2b: Sinistcha|90\/100 psn|[from] drain|[of] p1b: Dragonite\n|move|p1a: Glimmora|Sludge Bomb|p2b: Sinistcha\n|-damage|p2b: Sinistcha|29\/100 psn\n|\n|-heal|p2b: Sinistcha|35\/100 psn|[from] item: Leftovers\n|-damage|p2b: Sinistcha|23\/100 psn|[from] psn\n|upkeep\n|\n|t:|1699467685\n|switch|p2a: Basculegion|Basculegion-F, F|100\/100\n|-damage|p2a: Basculegion|88\/100|[from] Stealth Rock\n|turn|7\n|\n|t:|1699467699\n|switch|p1b: Dragapult|Dragapult, F|100\/100\n|move|p1a: Glimmora|Spiky Shield|p1a: Glimmora\n|-singleturn|p1a: Glimmora|move: Protect\n|move|p2a: Basculegion|Last Respects|p1b: Dragapult\n|-supereffective|p1b: Dragapult\n|-damage|p1b: Dragapult|0 fnt\n|faint|p1b: Dragapult\n|move|p2b: Sinistcha|Life Dew|p2b: Sinistcha|[spread] p2a,p2b\n|-heal|p2a: Basculegion|100\/100\n|-heal|p2b: Sinistcha|48\/100 psn\n|\n|-heal|p2b: Sinistcha|54\/100 psn|[from] item: Leftovers\n|-damage|p2b: Sinistcha|42\/100 psn|[from] psn\n|-sideend|p2: AGSI|move: Tailwind\n|upkeep\n|\n|t:|1699467709\n|switch|p1b: Skeledirge|Skeledirge, M|100\/100\n|turn|8\n|\n|t:|1699467723\n|switch|p2a: Roaring Moon|Roaring Moon|100\/100\n|-damage|p2a: Roaring Moon|88\/100|[from] Stealth Rock\n|-enditem|p2a: Roaring Moon|Booster Energy\n|-activate|p2a: Roaring Moon|ability: Protosynthesis|[fromitem]\n|-start|p2a: Roaring Moon|protosynthesisatk\n|move|p1a: Glimmora|Sludge Bomb|p2b: Sinistcha\n|-damage|p2b: Sinistcha|0 fnt\n|faint|p2b: Sinistcha\n|move|p1b: Skeledirge|Will-O-Wisp|p2a: Roaring Moon\n|-status|p2a: Roaring Moon|brn\n|\n|-damage|p2a: Roaring Moon|82\/100 brn|[from] brn\n|upkeep\n|\n|t:|1699467736\n|switch|p2b: Basculegion|Basculegion-F, F|100\/100\n|-damage|p2b: Basculegion|88\/100|[from] Stealth Rock\n|turn|9\n|\n|t:|1699467748\n|-terastallize|p2a: Roaring Moon|Flying\n|move|p1a: Glimmora|Spiky Shield|p1a: Glimmora\n|-singleturn|p1a: Glimmora|move: Protect\n|move|p2a: Roaring Moon|Acrobatics|p1b: Skeledirge\n|-damage|p1b: Skeledirge|65\/100\n|move|p2b: Basculegion|Surf|p1b: Skeledirge|[spread] p2a,p1b\n|-activate|p1a: Glimmora|move: Protect\n|-supereffective|p1b: Skeledirge\n|-damage|p2a: Roaring Moon|44\/100 brn\n|-damage|p1b: Skeledirge|0 fnt\n|faint|p1b: Skeledirge\n|\n|-damage|p2a: Roaring Moon|38\/100 brn|[from] brn\n|upkeep\n|\n|t:|1699467764\n|switch|p1b: Dragonite|Dragonite, M|98\/100\n|turn|10\n|inactive|GuessWho666 has 120 seconds left.\n|\n|t:|1699467795\n|move|p2a: Roaring Moon|Acrobatics|p1b: Dragonite\n|-damage|p1b: Dragonite|61\/100\n|move|p1a: Glimmora|Sludge Bomb|p2b: Basculegion\n|-resisted|p2b: Basculegion\n|-damage|p2b: Basculegion|64\/100\n|-status|p2b: Basculegion|psn\n|move|p2b: Basculegion|Surf|p1a: Glimmora|[spread] p2a,p1a,p1b\n|-supereffective|p1a: Glimmora\n|-resisted|p1b: Dragonite\n|-damage|p2a: Roaring Moon|0 fnt\n|-damage|p1a: Glimmora|0 fnt\n|-damage|p1b: Dragonite|41\/100\n|faint|p2a: Roaring Moon\n|-end|p2a: Roaring Moon|Protosynthesis|[silent]\n|faint|p1a: Glimmora\n|move|p1b: Dragonite|Dragon Claw|p2b: Basculegion\n|-damage|p2b: Basculegion|0 fnt\n|faint|p2b: Basculegion\n|\n|win|GuessWho666\n|raw|GuessWho666's rating: 1035 &rarr; <strong>1070<\/strong><br \/>(+35 for winning)\n|raw|AGSI's rating: 1033 &rarr; <strong>1018<\/strong><br \/>(-15 for losing)\n|l|\u2606AGSI\n|c|\u2606GuessWho666|gg\n","uploadtime":1699467813,"views":12,"p1id":"guesswho666","p2id":"agsi","formatid":"gen9doublesou","rating":1018,"private":0,"password":""}