{"id":"gen9doublesou-1987265102","p1":"riastylis","p2":"Kevin Dickey12","format":"[Gen 9] Doubles OU","log":"|j|\u2606riastylis\n|j|\u2606Kevin Dickey12\n|t:|1699571003\n|gametype|doubles\n|player|p1|riastylis|veteran|\n|player|p2|Kevin Dickey12|rosa|\n|teamsize|p1|6\n|teamsize|p2|6\n|gen|9\n|tier|[Gen 9] Doubles OU\n|rule|Species Clause: Limit one of each Pok\u00e9mon\n|rule|OHKO Clause: OHKO moves are banned\n|rule|Evasion Moves Clause: Evasion moves are banned\n|rule|Gravity Sleep Clause: The combination of sleep-inducing moves with imperfect accuracy and Gravity or Gigantamax Orbeetle are banned\n|rule|Endless Battle Clause: Forcing endless battles is banned\n|rule|HP Percentage Mod: HP is shown in percentages\n|clearpoke\n|poke|p1|Iron Leaves|\n|poke|p1|Quaquaval, F|\n|poke|p1|Garchomp, F|\n|poke|p1|Volcarona, F|\n|poke|p1|Gholdengo|\n|poke|p1|Regieleki|\n|poke|p2|Walking Wake|\n|poke|p2|Maushold-Four|\n|poke|p2|Hippowdon, F|\n|poke|p2|Bronzong|\n|poke|p2|Ninetales, M|\n|poke|p2|Enamorus, F|\n|teampreview\n|j| sadboigaming\n|j| Redzone92\n|j| StephenStone1130\n|\n|t:|1699571017\n|start\n|switch|p1a: Mothra|Volcarona, F|100\/100\n|switch|p1b: Gear4BounceMan|Regieleki, shiny|100\/100\n|switch|p2a: Suicune Who?|Walking Wake|100\/100\n|switch|p2b: HereComesTheSun \ud83c\udf1e|Ninetales, M, shiny|100\/100\n|-weather|SunnyDay|[from] ability: Drought|[of] p2b: HereComesTheSun \ud83c\udf1e\n|-activate|p2a: Suicune Who?|ability: Protosynthesis\n|-start|p2a: Suicune Who?|protosynthesisspe\n|-item|p1a: Mothra|Air Balloon\n|turn|1\n|j| GoDDanteX\n|\n|t:|1699571075\n|-terastallize|p2b: HereComesTheSun \ud83c\udf1e|Fire\n|move|p2a: Suicune Who?|Hydro Steam|p1b: Gear4BounceMan\n|-damage|p1b: Gear4BounceMan|0 fnt\n|faint|p1b: Gear4BounceMan\n|move|p2b: HereComesTheSun \ud83c\udf1e|Heat Wave|p1a: Mothra\n|-crit|p1a: Mothra\n|-damage|p1a: Mothra|4\/100\n|-enditem|p1a: Mothra|Air Balloon\n|move|p1a: Mothra|Tailwind|p1a: Mothra\n|-sidestart|p1: riastylis|move: Tailwind\n|\n|-weather|SunnyDay|[upkeep]\n|upkeep\n|\n|t:|1699571101\n|switch|p1b: Cascade|Garchomp, F, shiny|100\/100\n|turn|2\n|\n|t:|1699571125\n|-terastallize|p1b: Cascade|Water\n|move|p1b: Cascade|Swords Dance|p1b: Cascade\n|-boost|p1b: Cascade|atk|2\n|move|p1a: Mothra|Giga Drain|p2a: Suicune Who?\n|-damage|p2a: Suicune Who?|72\/100\n|-heal|p1a: Mothra|17\/100|[from] drain|[of] p2a: Suicune Who?\n|move|p2a: Suicune Who?|Hydro Steam|p1b: Cascade\n|-resisted|p1b: Cascade\n|-damage|p1b: Cascade|47\/100\n|-enditem|p1b: Cascade|Red Card|[of] p2a: Suicune Who?\n|-end|p2a: Suicune Who?|Protosynthesis|[silent]\n|drag|p2a: CHEEEEESE \ud83e\uddc0\ud83e\uddc0\ud83e\uddc0|Maushold-Four, shiny|100\/100\n|move|p2b: HereComesTheSun \ud83c\udf1e|Heat Wave|p1b: Cascade|[spread] p1a,p1b\n|-crit|p1a: Mothra\n|-resisted|p1b: Cascade\n|-damage|p1a: Mothra|0 fnt\n|-damage|p1b: Cascade|18\/100\n|faint|p1a: Mothra\n|\n|-weather|SunnyDay|[upkeep]\n|upkeep\n|\n|t:|1699571148\n|switch|p1a: Bon Clay|Quaquaval, F|100\/100\n|turn|3\n|\n|t:|1699571215\n|switch|p2a: PinkGenieThing|Enamorus, F, shiny|100\/100\n|switch|p2b: Taco Bell \ud83d\udd14 \ud83c\udf2e \ud83c\udf2f|Bronzong, shiny|100\/100\n|move|p1b: Cascade|Liquidation|p2b: Taco Bell \ud83d\udd14 \ud83c\udf2e \ud83c\udf2f\n|-damage|p2b: Taco Bell \ud83d\udd14 \ud83c\udf2e \ud83c\udf2f|64\/100\n|move|p1a: Bon Clay|Aqua Step|p2b: Taco Bell \ud83d\udd14 \ud83c\udf2e \ud83c\udf2f\n|-damage|p2b: Taco Bell \ud83d\udd14 \ud83c\udf2e \ud83c\udf2f|42\/100\n|-boost|p1a: Bon Clay|spe|1\n|\n|-weather|SunnyDay|[upkeep]\n|upkeep\n|turn|4\n|\n|t:|1699571239\n|move|p1a: Bon Clay|Aqua Step|p2a: PinkGenieThing\n|-damage|p2a: PinkGenieThing|53\/100\n|-boost|p1a: Bon Clay|spe|1\n|move|p1b: Cascade|Poison Jab|p2a: PinkGenieThing\n|-supereffective|p2a: PinkGenieThing\n|-damage|p2a: PinkGenieThing|0 fnt\n|faint|p2a: PinkGenieThing\n|move|p2b: Taco Bell \ud83d\udd14 \ud83c\udf2e \ud83c\udf2f|Psychic|p1b: Cascade\n|-damage|p1b: Cascade|0 fnt\n|faint|p1b: Cascade\n|\n|-weather|SunnyDay|[upkeep]\n|-sideend|p1: riastylis|move: Tailwind\n|upkeep\n|\n|t:|1699571268\n|switch|p2a: Suicune Who?|Walking Wake|72\/100\n|switch|p1b: Chopper|Iron Leaves|100\/100\n|-activate|p2a: Suicune Who?|ability: Protosynthesis\n|-start|p2a: Suicune Who?|protosynthesisspe\n|-enditem|p1b: Chopper|Booster Energy\n|-activate|p1b: Chopper|ability: Quark Drive|[fromitem]\n|-start|p1b: Chopper|quarkdrivespe\n|turn|5\n|\n|t:|1699571284\n|move|p1a: Bon Clay|Aqua Step|p2a: Suicune Who?\n|-resisted|p2a: Suicune Who?\n|-damage|p2a: Suicune Who?|64\/100\n|-boost|p1a: Bon Clay|spe|1\n|move|p2a: Suicune Who?|Dragon Pulse|p1a: Bon Clay\n|-damage|p1a: Bon Clay|15\/100\n|move|p1b: Chopper|Leaf Blade|p2a: Suicune Who?\n|-damage|p2a: Suicune Who?|19\/100\n|move|p2b: Taco Bell \ud83d\udd14 \ud83c\udf2e \ud83c\udf2f|Psychic|p1a: Bon Clay\n|-supereffective|p1a: Bon Clay\n|-damage|p1a: Bon Clay|0 fnt\n|faint|p1a: Bon Clay\n|\n|-weather|none\n|-end|p2a: Suicune Who?|Protosynthesis\n|upkeep\n|\n|t:|1699571301\n|switch|p1a: Gild Tesoro|Gholdengo|100\/100\n|turn|6\n|\n|t:|1699571352\n|-end|p2a: Suicune Who?|Protosynthesis|[silent]\n|switch|p2a: HereComesTheSun \ud83c\udf1e|Ninetales, M, shiny, tera:Fire|100\/100\n|-weather|SunnyDay|[from] ability: Drought|[of] p2a: HereComesTheSun \ud83c\udf1e\n|move|p1b: Chopper|Taunt|p2b: Taco Bell \ud83d\udd14 \ud83c\udf2e \ud83c\udf2f\n|-start|p2b: Taco Bell \ud83d\udd14 \ud83c\udf2e \ud83c\udf2f|move: Taunt\n|move|p1a: Gild Tesoro|Make It Rain|p2b: Taco Bell \ud83d\udd14 \ud83c\udf2e \ud83c\udf2f|[spread] p2a,p2b\n|-resisted|p2a: HereComesTheSun \ud83c\udf1e\n|-resisted|p2b: Taco Bell \ud83d\udd14 \ud83c\udf2e \ud83c\udf2f\n|-damage|p2a: HereComesTheSun \ud83c\udf1e|74\/100\n|-damage|p2b: Taco Bell \ud83d\udd14 \ud83c\udf2e \ud83c\udf2f|24\/100\n|-unboost|p1a: Gild Tesoro|spa|1\n|cant|p2b: Taco Bell \ud83d\udd14 \ud83c\udf2e \ud83c\udf2f|move: Taunt|Light Screen\n|\n|-weather|SunnyDay|[upkeep]\n|upkeep\n|turn|7\n|\n|t:|1699571402\n|switch|p2b: CHEEEEESE \ud83e\uddc0\ud83e\uddc0\ud83e\uddc0|Maushold-Four, shiny|100\/100\n|move|p2a: HereComesTheSun \ud83c\udf1e|Protect|p2a: HereComesTheSun \ud83c\udf1e\n|-singleturn|p2a: HereComesTheSun \ud83c\udf1e|Protect\n|move|p1b: Chopper|Sacred Sword|p2a: HereComesTheSun \ud83c\udf1e\n|-activate|p2a: HereComesTheSun \ud83c\udf1e|move: Protect\n|move|p1a: Gild Tesoro|Shadow Ball|p2b: CHEEEEESE \ud83e\uddc0\ud83e\uddc0\ud83e\uddc0\n|-immune|p2b: CHEEEEESE \ud83e\uddc0\ud83e\uddc0\ud83e\uddc0\n|\n|-weather|SunnyDay|[upkeep]\n|upkeep\n|turn|8\n|\n|t:|1699571436\n|move|p1a: Gild Tesoro|Protect|p1a: Gild Tesoro\n|-singleturn|p1a: Gild Tesoro|Protect\n|move|p2b: CHEEEEESE \ud83e\uddc0\ud83e\uddc0\ud83e\uddc0|Follow Me|p2b: CHEEEEESE \ud83e\uddc0\ud83e\uddc0\ud83e\uddc0\n|-singleturn|p2b: CHEEEEESE \ud83e\uddc0\ud83e\uddc0\ud83e\uddc0|move: Follow Me\n|move|p1b: Chopper|Leaf Blade|p2b: CHEEEEESE \ud83e\uddc0\ud83e\uddc0\ud83e\uddc0\n|-damage|p2b: CHEEEEESE \ud83e\uddc0\ud83e\uddc0\ud83e\uddc0|38\/100\n|move|p2a: HereComesTheSun \ud83c\udf1e|Heat Wave|p1a: Gild Tesoro|[spread] p1b\n|-activate|p1a: Gild Tesoro|move: Protect\n|-supereffective|p1b: Chopper\n|-crit|p1b: Chopper\n|-damage|p1b: Chopper|0 fnt\n|faint|p1b: Chopper\n|-end|p1b: Chopper|Quark Drive|[silent]\n|\n|-weather|SunnyDay|[upkeep]\n|upkeep\n|turn|9\n|\n|t:|1699571461\n|move|p2b: CHEEEEESE \ud83e\uddc0\ud83e\uddc0\ud83e\uddc0|Follow Me|p2b: CHEEEEESE \ud83e\uddc0\ud83e\uddc0\ud83e\uddc0\n|-singleturn|p2b: CHEEEEESE \ud83e\uddc0\ud83e\uddc0\ud83e\uddc0|move: Follow Me\n|move|p2a: HereComesTheSun \ud83c\udf1e|Heat Wave|p1a: Gild Tesoro\n|-supereffective|p1a: Gild Tesoro\n|-damage|p1a: Gild Tesoro|0 fnt\n|faint|p1a: Gild Tesoro\n|\n|win|Kevin Dickey12\n","uploadtime":1699571471,"views":24,"p1id":"riastylis","p2id":"kevindickey12","formatid":"gen9doublesou","rating":0,"private":0,"password":""}