{"id":"gen9doublesou-1991275782","p1":"flitxry","p2":"AdvancedDigit","format":"[Gen 9] Doubles OU","log":"|j|\u2606flitxry\n|j|\u2606AdvancedDigit\n|t:|1700063483\n|gametype|doubles\n|player|p1|flitxry|alder|1178\n|player|p2|AdvancedDigit|hilbert|1206\n|teamsize|p1|6\n|teamsize|p2|6\n|gen|9\n|tier|[Gen 9] Doubles OU\n|rated|\n|rule|Species Clause: Limit one of each Pok\u00e9mon\n|rule|OHKO Clause: OHKO moves are banned\n|rule|Evasion Moves Clause: Evasion moves are banned\n|rule|Gravity Sleep Clause: The combination of sleep-inducing moves with imperfect accuracy and Gravity or Gigantamax Orbeetle are banned\n|rule|Endless Battle Clause: Forcing endless battles is banned\n|rule|HP Percentage Mod: HP is shown in percentages\n|clearpoke\n|poke|p1|Dragalge, M|\n|poke|p1|Empoleon, F|\n|poke|p1|Sinistcha-Masterpiece|\n|poke|p1|Cresselia, F|\n|poke|p1|Rotom-Heat|\n|poke|p1|Scizor, F|\n|poke|p2|Grafaiai, F|\n|poke|p2|Enamorus, F|\n|poke|p2|Kingambit, F|\n|poke|p2|Flutter Mane|\n|poke|p2|Cresselia, F|\n|poke|p2|Gliscor, M|\n|teampreview\n|\n|t:|1700063533\n|start\n|switch|p1a: Dragalge|Dragalge, M, shiny|100\/100\n|switch|p1b: Scizor|Scizor, F, shiny|100\/100\n|switch|p2a: Cresselia|Cresselia, F|100\/100\n|switch|p2b: Gliscor|Gliscor, M|100\/100\n|turn|1\n|\n|t:|1700063562\n|move|p1b: Scizor|Swords Dance|p1b: Scizor\n|-boost|p1b: Scizor|atk|2\n|move|p2a: Cresselia|Skill Swap|p2b: Gliscor\n|-activate|p2a: Cresselia|move: Skill Swap|||[of] p2b: Gliscor\n|move|p2b: Gliscor|Knock Off|p1b: Scizor\n|-damage|p1b: Scizor|78\/100\n|-enditem|p1b: Scizor|Life Orb|[from] move: Knock Off|[of] p2b: Gliscor\n|move|p1a: Dragalge|Scald|p2b: Gliscor\n|-supereffective|p2b: Gliscor\n|-crit|p2b: Gliscor\n|-damage|p2b: Gliscor|14\/100\n|\n|-heal|p2b: Gliscor|20\/100|[from] item: Leftovers\n|-status|p2a: Cresselia|tox|[from] item: Toxic Orb\n|upkeep\n|turn|2\n|inactive|Battle timer is ON: inactive players will automatically lose when time's up. (requested by AdvancedDigit)\n|\n|t:|1700063590\n|switch|p2b: Grafaiai|Grafaiai, F|100\/100\n|move|p1b: Scizor|Bullet Punch|p2b: Grafaiai\n|-damage|p2b: Grafaiai|5\/100\n|move|p2a: Cresselia|Moonlight|p2a: Cresselia\n|-fail|p2a: Cresselia|heal\n|move|p1a: Dragalge|Scald|p2a: Cresselia\n|-damage|p2a: Cresselia|89\/100 tox\n|\n|-heal|p2b: Grafaiai|11\/100|[from] item: Leftovers\n|-heal|p2a: Cresselia|100\/100 tox|[from] ability: Poison Heal\n|upkeep\n|turn|3\n|inactive|flitxry has 120 seconds left.\n|inactive|AdvancedDigit has 120 seconds left.\n|\n|t:|1700063632\n|move|p2b: Grafaiai|Switcheroo|p2a: Cresselia\n|-activate|p2b: Grafaiai|move: Trick|[of] p2a: Cresselia\n|-item|p2a: Cresselia|Leftovers|[from] move: Switcheroo\n|-item|p2b: Grafaiai|Toxic Orb|[from] move: Switcheroo\n|move|p1b: Scizor|Trailblaze|p2b: Grafaiai\n|-resisted|p2b: Grafaiai\n|-damage|p2b: Grafaiai|0 fnt\n|-boost|p1b: Scizor|spe|1\n|faint|p2b: Grafaiai\n|move|p2a: Cresselia|Moonblast|p1b: Scizor\n|-resisted|p1b: Scizor\n|-damage|p1b: Scizor|65\/100\n|-unboost|p1b: Scizor|spa|1\n|move|p1a: Dragalge|Scald|p2a: Cresselia\n|-crit|p2a: Cresselia\n|-damage|p2a: Cresselia|85\/100 tox\n|\n|-heal|p2a: Cresselia|91\/100 tox|[from] item: Leftovers\n|-heal|p2a: Cresselia|100\/100 tox|[from] ability: Poison Heal\n|upkeep\n|inactive|AdvancedDigit has 120 seconds left.\n|\n|t:|1700063651\n|switch|p2b: Flutter Mane|Flutter Mane|100\/100\n|-enditem|p2b: Flutter Mane|Booster Energy\n|-activate|p2b: Flutter Mane|ability: Protosynthesis|[fromitem]\n|-start|p2b: Flutter Mane|protosynthesisspe\n|turn|4\n|inactive|AdvancedDigit has 120 seconds left.\n|\n|t:|1700063670\n|-terastallize|p2b: Flutter Mane|Ghost\n|move|p1b: Scizor|Bullet Punch|p2b: Flutter Mane\n|-damage|p2b: Flutter Mane|0 fnt\n|faint|p2b: Flutter Mane\n|-end|p2b: Flutter Mane|Protosynthesis|[silent]\n|move|p2a: Cresselia|Calm Mind|p2a: Cresselia\n|-boost|p2a: Cresselia|spa|1\n|-boost|p2a: Cresselia|spd|1\n|move|p1a: Dragalge|Dragon Pulse|p2a: Cresselia\n|-damage|p2a: Cresselia|89\/100 tox\n|\n|-heal|p2a: Cresselia|95\/100 tox|[from] item: Leftovers\n|-heal|p2a: Cresselia|100\/100 tox|[from] ability: Poison Heal\n|upkeep\n|inactive|AdvancedDigit has 120 seconds left.\n|\n|t:|1700063677\n|switch|p2b: Kingambit|Kingambit, F|100\/100\n|turn|5\n|\n|t:|1700063693\n|move|p1b: Scizor|Bullet Punch|p2b: Kingambit\n|-resisted|p2b: Kingambit\n|-damage|p2b: Kingambit|79\/100\n|move|p2b: Kingambit|Sucker Punch||[still]\n|-fail|p2b: Kingambit\n|move|p2a: Cresselia|Calm Mind|p2a: Cresselia\n|-boost|p2a: Cresselia|spa|1\n|-boost|p2a: Cresselia|spd|1\n|move|p1a: Dragalge|Scald|p2b: Kingambit\n|-damage|p2b: Kingambit|58\/100\n|\n|-heal|p2b: Kingambit|64\/100|[from] item: Leftovers\n|upkeep\n|turn|6\n|inactive|flitxry has 120 seconds left.\n|\n|t:|1700063738\n|move|p1b: Scizor|Bullet Punch|p2b: Kingambit\n|-resisted|p2b: Kingambit\n|-damage|p2b: Kingambit|41\/100\n|move|p2a: Cresselia|Moonblast|p1b: Scizor\n|-resisted|p1b: Scizor\n|-damage|p1b: Scizor|43\/100\n|move|p2b: Kingambit|Kowtow Cleave|p1b: Scizor\n|-damage|p1b: Scizor|0 fnt\n|faint|p1b: Scizor\n|move|p1a: Dragalge|Scald|p2b: Kingambit\n|-damage|p2b: Kingambit|18\/100\n|\n|-heal|p2b: Kingambit|25\/100|[from] item: Leftovers\n|upkeep\n|\n|t:|1700063754\n|switch|p1b: Rotom|Rotom-Heat, shiny|100\/100\n|turn|7\n|inactive|flitxry has 120 seconds left.\n|\n|t:|1700063778\n|move|p1b: Rotom|Nasty Plot|p1b: Rotom\n|-boost|p1b: Rotom|spa|2\n|move|p2a: Cresselia|Moonblast|p1a: Dragalge\n|-damage|p1a: Dragalge|73\/100\n|move|p2b: Kingambit|Kowtow Cleave|p1b: Rotom\n|-damage|p1b: Rotom|53\/100\n|move|p1a: Dragalge|Scald|p2b: Kingambit\n|-damage|p2b: Kingambit|4\/100\n|\n|-heal|p2b: Kingambit|10\/100|[from] item: Leftovers\n|upkeep\n|turn|8\n|inactive|flitxry has 120 seconds left.\n|inactive|flitxry has 90 seconds left.\n|\n|t:|1700063834\n|move|p2b: Kingambit|Sucker Punch|p1b: Rotom\n|-damage|p1b: Rotom|10\/100\n|move|p1b: Rotom|Hex|p2a: Cresselia\n|-supereffective|p2a: Cresselia\n|-damage|p2a: Cresselia|50\/100 tox\n|-damage|p1b: Rotom|0 fnt|[from] item: Life Orb\n|faint|p1b: Rotom\n|move|p2a: Cresselia|Moonblast|p1a: Dragalge\n|-damage|p1a: Dragalge|42\/100\n|move|p1a: Dragalge|Scald|p2b: Kingambit\n|-damage|p2b: Kingambit|0 fnt\n|faint|p2b: Kingambit\n|\n|-heal|p2a: Cresselia|56\/100 tox|[from] item: Leftovers\n|-heal|p2a: Cresselia|69\/100 tox|[from] ability: Poison Heal\n|upkeep\n|inactive|flitxry has 90 seconds left.\n|\n|t:|1700063853\n|switch|p1b: Cresselia|Cresselia, F, shiny|100\/100\n|switch|p2b: Gliscor|Gliscor, M|20\/100\n|turn|9\n|inactive|flitxry has 90 seconds left.\n|\n|t:|1700063886\n|move|p2a: Cresselia|Moonblast|p1a: Dragalge\n|-damage|p1a: Dragalge|12\/100\n|move|p1b: Cresselia|Lunar Blessing|p1b: Cresselia|[spread] p1a,p1b\n|-heal|p1a: Dragalge|37\/100\n|move|p2b: Gliscor|Knock Off|p1b: Cresselia\n|-supereffective|p1b: Cresselia\n|-damage|p1b: Cresselia|75\/100\n|-enditem|p1b: Cresselia|Leftovers|[from] move: Knock Off|[of] p2b: Gliscor\n|move|p1a: Dragalge|Scald|p2b: Gliscor\n|-supereffective|p2b: Gliscor\n|-damage|p2b: Gliscor|0 fnt\n|faint|p2b: Gliscor\n|\n|-heal|p2a: Cresselia|75\/100 tox|[from] item: Leftovers\n|-heal|p2a: Cresselia|87\/100 tox|[from] ability: Poison Heal\n|upkeep\n|\n|t:|1700063896\n|switch|p2b: Enamorus|Enamorus, F|100\/100\n|turn|10\n|\n|t:|1700063907\n|move|p2b: Enamorus|Superpower|p1a: Dragalge\n|-resisted|p1a: Dragalge\n|-damage|p1a: Dragalge|19\/100\n|-boost|p2b: Enamorus|atk|1\n|-boost|p2b: Enamorus|def|1\n|move|p2a: Cresselia|Calm Mind|p2a: Cresselia\n|-boost|p2a: Cresselia|spa|1\n|-boost|p2a: Cresselia|spd|1\n|move|p1b: Cresselia|Lunar Blessing|p1b: Cresselia|[spread] p1a,p1b\n|-heal|p1a: Dragalge|43\/100\n|-heal|p1b: Cresselia|99\/100\n|move|p1a: Dragalge|Haze|p1a: Dragalge\n|-clearallboost\n|\n|-heal|p2a: Cresselia|93\/100 tox|[from] item: Leftovers\n|-heal|p2a: Cresselia|100\/100 tox|[from] ability: Poison Heal\n|upkeep\n|turn|11\n|inactive|flitxry has 120 seconds left.\n|\n|t:|1700063927\n|move|p1b: Cresselia|Helping Hand|p1a: Dragalge\n|-singleturn|p1a: Dragalge|Helping Hand|[of] p1b: Cresselia\n|move|p2b: Enamorus|Earth Power|p1a: Dragalge\n|-supereffective|p1a: Dragalge\n|-damage|p1a: Dragalge|0 fnt\n|faint|p1a: Dragalge\n|move|p2a: Cresselia|Calm Mind|p2a: Cresselia\n|-boost|p2a: Cresselia|spa|1\n|-boost|p2a: Cresselia|spd|1\n|\n|upkeep\n|\n|t:|1700063938\n|switch|p1a: Empoleon|Empoleon, F, shiny|100\/100\n|turn|12\n|\n|t:|1700063945\n|move|p1b: Cresselia|Helping Hand|p1a: Empoleon\n|-singleturn|p1a: Empoleon|Helping Hand|[of] p1b: Cresselia\n|move|p2b: Enamorus|Superpower|p1a: Empoleon\n|-supereffective|p1a: Empoleon\n|-damage|p1a: Empoleon|26\/100\n|-boost|p2b: Enamorus|atk|1\n|-boost|p2b: Enamorus|def|1\n|move|p2a: Cresselia|Calm Mind|p2a: Cresselia\n|-boost|p2a: Cresselia|spa|1\n|-boost|p2a: Cresselia|spd|1\n|move|p1a: Empoleon|Flash Cannon|p2b: Enamorus\n|-supereffective|p2b: Enamorus\n|-damage|p2b: Enamorus|0 fnt\n|faint|p2b: Enamorus\n|\n|upkeep\n|turn|13\n|\n|t:|1700063964\n|-terastallize|p1a: Empoleon|Dragon\n|move|p2a: Cresselia|Calm Mind|p2a: Cresselia\n|-boost|p2a: Cresselia|spa|1\n|-boost|p2a: Cresselia|spd|1\n|move|p1b: Cresselia|Lunar Blessing|p1b: Cresselia|[spread] p1a,p1b\n|-heal|p1a: Empoleon|51\/100\n|-heal|p1b: Cresselia|100\/100\n|move|p1a: Empoleon|Flash Cannon|p2a: Cresselia\n|-damage|p2a: Cresselia|92\/100 tox\n|\n|-heal|p2a: Cresselia|98\/100 tox|[from] item: Leftovers\n|-heal|p2a: Cresselia|100\/100 tox|[from] ability: Poison Heal\n|upkeep\n|turn|14\n|\n|t:|1700063982\n|move|p1b: Cresselia|Psychic|p2a: Cresselia\n|-resisted|p2a: Cresselia\n|-damage|p2a: Cresselia|98\/100 tox\n|move|p2a: Cresselia|Calm Mind|p2a: Cresselia\n|-boost|p2a: Cresselia|spa|1\n|-boost|p2a: Cresselia|spd|1\n|move|p1a: Empoleon|Roost|p1a: Empoleon\n|-heal|p1a: Empoleon|100\/100\n|\n|-heal|p2a: Cresselia|100\/100 tox|[from] item: Leftovers\n|upkeep\n|turn|15\n|\n|t:|1700063990\n|move|p1b: Cresselia|Psychic|p2a: Cresselia\n|-resisted|p2a: Cresselia\n|-damage|p2a: Cresselia|98\/100 tox\n|move|p2a: Cresselia|Calm Mind|p2a: Cresselia\n|-boost|p2a: Cresselia|spa|1\n|-boost|p2a: Cresselia|spd|1\n|move|p1a: Empoleon|Flash Cannon|p2a: Cresselia\n|-damage|p2a: Cresselia|92\/100 tox\n|\n|-heal|p2a: Cresselia|98\/100 tox|[from] item: Leftovers\n|-heal|p2a: Cresselia|100\/100 tox|[from] ability: Poison Heal\n|upkeep\n|turn|16\n|\n|t:|1700064002\n|move|p1b: Cresselia|Helping Hand|p1a: Empoleon\n|-singleturn|p1a: Empoleon|Helping Hand|[of] p1b: Cresselia\n|move|p2a: Cresselia|Calm Mind|p2a: Cresselia\n|-boost|p2a: Cresselia|spa|1\n|-boost|p2a: Cresselia|spd|1\n|move|p1a: Empoleon|Flash Cannon|p2a: Cresselia\n|-damage|p2a: Cresselia|92\/100 tox\n|\n|-heal|p2a: Cresselia|98\/100 tox|[from] item: Leftovers\n|-heal|p2a: Cresselia|100\/100 tox|[from] ability: Poison Heal\n|upkeep\n|turn|17\n|c|\u2606AdvancedDigit|y tera\n|\n|t:|1700064013\n|move|p1b: Cresselia|Helping Hand|p1a: Empoleon\n|-singleturn|p1a: Empoleon|Helping Hand|[of] p1b: Cresselia\n|move|p2a: Cresselia|Moonblast|p1a: Empoleon\n|-supereffective|p1a: Empoleon\n|-damage|p1a: Empoleon|0 fnt\n|faint|p1a: Empoleon\n|\n|upkeep\n|c|\u2606AdvancedDigit|if i only have fairy move\n|\n|t:|1700064019\n|switch|p1a: Sinistcha|Sinistcha-Masterpiece|100\/100\n|turn|18\n|\n|t:|1700064027\n|move|p1b: Cresselia|Helping Hand|p1a: Sinistcha\n|-singleturn|p1a: Sinistcha|Helping Hand|[of] p1b: Cresselia\n|move|p2a: Cresselia|Moonblast|p1a: Sinistcha\n|-damage|p1a: Sinistcha|28\/100\n|move|p1a: Sinistcha|Night Shade|p2a: Cresselia\n|-damage|p2a: Cresselia|78\/100 tox\n|\n|-heal|p2a: Cresselia|84\/100 tox|[from] item: Leftovers\n|-heal|p1a: Sinistcha|34\/100|[from] item: Leftovers\n|-heal|p2a: Cresselia|96\/100 tox|[from] ability: Poison Heal\n|upkeep\n|turn|19\n|\n|t:|1700064041\n|move|p1b: Cresselia|Helping Hand|p1a: Sinistcha\n|-singleturn|p1a: Sinistcha|Helping Hand|[of] p1b: Cresselia\n|move|p2a: Cresselia|Moonblast|p1a: Sinistcha\n|-damage|p1a: Sinistcha|0 fnt\n|faint|p1a: Sinistcha\n|\n|-heal|p2a: Cresselia|100\/100 tox|[from] item: Leftovers\n|upkeep\n|turn|20\n|\n|t:|1700064052\n|move|p2a: Cresselia|Moonblast|p1b: Cresselia\n|-damage|p1b: Cresselia|57\/100\n|-unboost|p1b: Cresselia|spa|1\n|move|p1b: Cresselia|Psychic|p2a: Cresselia\n|-resisted|p2a: Cresselia\n|-crit|p2a: Cresselia\n|-damage|p2a: Cresselia|91\/100 tox\n|\n|-heal|p2a: Cresselia|97\/100 tox|[from] item: Leftovers\n|-heal|p2a: Cresselia|100\/100 tox|[from] ability: Poison Heal\n|upkeep\n|turn|21\n|c|\u2606AdvancedDigit|GG\n|c|\u2606flitxry|Gg\n|\n|t:|1700064074\n|move|p1b: Cresselia|Psychic|p2a: Cresselia\n|-resisted|p2a: Cresselia\n|-damage|p2a: Cresselia|99\/100 tox\n|move|p2a: Cresselia|Moonblast|p1b: Cresselia\n|-crit|p1b: Cresselia\n|-damage|p1b: Cresselia|0 fnt\n|faint|p1b: Cresselia\n|\n|win|AdvancedDigit\n|raw|flitxry's rating: 1178 &rarr; <strong>1155<\/strong><br \/>(-23 for losing)\n|raw|AdvancedDigit's rating: 1206 &rarr; <strong>1229<\/strong><br \/>(+23 for winning)\n|l|\u2606flitxry\n","uploadtime":1700064083,"views":11,"p1id":"flitxry","p2id":"advanceddigit","formatid":"gen9doublesou","rating":1155,"private":0,"password":""}