{"id":"gen9doublesou-1969109024","p1":"aceofspadez669","p2":"M0G0BY","format":"[Gen 9] Doubles OU","log":"|j|\u2606aceofspadez669\n|j|\u2606M0G0BY\n|t:|1697490780\n|gametype|doubles\n|player|p1|aceofspadez669|acetrainer-gen4|1416\n|player|p2|M0G0BY|169|1404\n|teamsize|p1|6\n|teamsize|p2|6\n|gen|9\n|tier|[Gen 9] Doubles OU\n|rated|\n|rule|Species Clause: Limit one of each Pok\u00e9mon\n|rule|OHKO Clause: OHKO moves are banned\n|rule|Evasion Moves Clause: Evasion moves are banned\n|rule|Gravity Sleep Clause: The combination of sleep-inducing moves with imperfect accuracy and Gravity or Gigantamax Orbeetle are banned\n|rule|Endless Battle Clause: Forcing endless battles is banned\n|rule|HP Percentage Mod: HP is shown in percentages\n|clearpoke\n|poke|p1|Staraptor, F|\n|poke|p1|Volbeat, M|\n|poke|p1|Shiftry, F|\n|poke|p1|Basculegion, M|\n|poke|p1|Amoonguss, F|\n|poke|p1|Politoed, M|\n|poke|p2|Ogerpon-Hearthflame, F|\n|poke|p2|Ursaluna-Bloodmoon, M|\n|poke|p2|Flutter Mane|\n|poke|p2|Chien-Pao|\n|poke|p2|Amoonguss, F|\n|poke|p2|Cresselia, F|\n|teampreview\n|inactive|Battle timer is ON: inactive players will automatically lose when time's up. (requested by aceofspadez669)\n|\n|t:|1697490802\n|start\n|switch|p1a: I am groot|Shiftry, F|100\/100\n|switch|p1b: thanos|Volbeat, M|100\/100\n|switch|p2a: Chien-Pao|Chien-Pao|100\/100\n|switch|p2b: Cresselia|Cresselia, F|100\/100\n|-ability|p2a: Chien-Pao|Sword of Ruin\n|turn|1\n|\n|t:|1697490831\n|-terastallize|p1a: I am groot|Rock\n|move|p1b: thanos|Tailwind|p1b: thanos\n|-sidestart|p1: aceofspadez669|move: Tailwind\n|-ability|p1a: I am groot|Wind Rider|boost\n|-boost|p1a: I am groot|atk|1\n|move|p1a: I am groot|Knock Off|p2b: Cresselia\n|-supereffective|p2b: Cresselia\n|-damage|p2b: Cresselia|0 fnt\n|-enditem|p2b: Cresselia|Leftovers|[from] move: Knock Off|[of] p1a: I am groot\n|faint|p2b: Cresselia\n|-damage|p1a: I am groot|91\/100|[from] item: Life Orb\n|move|p2a: Chien-Pao|Icy Wind|p1b: thanos|[spread] p1b\n|-ability|p1a: I am groot|Wind Rider|boost\n|-boost|p1a: I am groot|atk|1\n|-damage|p1b: thanos|83\/100\n|-damage|p2a: Chien-Pao|91\/100|[from] item: Life Orb\n|\n|upkeep\n|inactive|M0G0BY has 120 seconds left.\n|\n|t:|1697490862\n|switch|p2b: Amoonguss|Amoonguss, F|100\/100\n|turn|2\n|inactive|M0G0BY has 120 seconds left.\n|\n|t:|1697490868\n|move|p2b: Amoonguss|Rage Powder|p2b: Amoonguss\n|-singleturn|p2b: Amoonguss|move: Rage Powder\n|move|p1a: I am groot|Tera Blast|p2b: Amoonguss|[anim] Tera Blast Rock\n|-damage|p2b: Amoonguss|0 fnt\n|faint|p2b: Amoonguss\n|-damage|p1a: I am groot|81\/100|[from] item: Life Orb\n|move|p1b: thanos|Infestation|p2a: Chien-Pao\n|-supereffective|p2a: Chien-Pao\n|-damage|p2a: Chien-Pao|78\/100\n|-activate|p2a: Chien-Pao|move: Infestation|[of] p1b: thanos\n|move|p2a: Chien-Pao|Sacred Sword|p1a: I am groot\n|-supereffective|p1a: I am groot\n|-damage|p1a: I am groot|0 fnt\n|faint|p1a: I am groot\n|-damage|p2a: Chien-Pao|68\/100|[from] item: Life Orb\n|\n|-damage|p2a: Chien-Pao|56\/100|[from] move: Infestation|[partiallytrapped]\n|upkeep\n|\n|t:|1697490890\n|switch|p1a: Star lord|Staraptor, F|100\/100\n|switch|p2b: Ursaluna|Ursaluna-Bloodmoon, M|100\/100\n|-ability|p1a: Star lord|Intimidate|boost\n|-unboost|p2a: Chien-Pao|atk|1\n|-unboost|p2b: Ursaluna|atk|1\n|turn|3\n|\n|t:|1697490908\n|move|p1a: Star lord|U-turn|p2a: Chien-Pao\n|-supereffective|p2a: Chien-Pao\n|-damage|p2a: Chien-Pao|0 fnt\n|faint|p2a: Chien-Pao\n|\n|t:|1697490911\n|switch|p1a: Politoed|Politoed, M|100\/100|[from] U-turn\n|-weather|RainDance|[from] ability: Drizzle|[of] p1a: Politoed\n|move|p1b: thanos|Infestation|p2b: Ursaluna\n|-damage|p2b: Ursaluna|97\/100\n|-activate|p2b: Ursaluna|move: Infestation|[of] p1b: thanos\n|move|p2b: Ursaluna|Hyper Voice|p1a: Politoed|[spread] p1a,p1b\n|-crit|p1a: Politoed\n|-damage|p1a: Politoed|63\/100\n|-damage|p1b: thanos|36\/100\n|\n|-weather|RainDance|[upkeep]\n|-damage|p2b: Ursaluna|85\/100|[from] move: Infestation|[partiallytrapped]\n|upkeep\n|\n|t:|1697490926\n|switch|p2a: Flutter Mane|Flutter Mane|100\/100\n|-enditem|p2a: Flutter Mane|Booster Energy\n|-activate|p2a: Flutter Mane|ability: Protosynthesis|[fromitem]\n|-start|p2a: Flutter Mane|protosynthesisspe\n|turn|4\n|\n|t:|1697490937\n|switch|p1b: draxx|Amoonguss, F|100\/100\n|move|p2a: Flutter Mane|Dazzling Gleam|p1b: draxx|[spread] p1a,p1b\n|-resisted|p1b: draxx\n|-damage|p1a: Politoed|43\/100\n|-damage|p1b: draxx|89\/100\n|move|p1a: Politoed|Muddy Water|p2b: Ursaluna|[spread] p2a,p2b\n|-supereffective|p2b: Ursaluna\n|-damage|p2a: Flutter Mane|69\/100\n|-damage|p2b: Ursaluna|35\/100\n|move|p2b: Ursaluna|Hyper Voice|p1b: draxx|[spread] p1a,p1b\n|-damage|p1a: Politoed|19\/100\n|-damage|p1b: draxx|58\/100\n|\n|-weather|RainDance|[upkeep]\n|-heal|p1b: draxx|65\/100|[from] item: Black Sludge\n|-end|p2b: Ursaluna|Infestation|[partiallytrapped]|[silent]\n|-sideend|p1: aceofspadez669|move: Tailwind\n|upkeep\n|turn|5\n|\n|t:|1697490963\n|-terastallize|p2a: Flutter Mane|Water\n|move|p1a: Politoed|Protect|p1a: Politoed\n|-singleturn|p1a: Politoed|Protect\n|move|p2a: Flutter Mane|Dazzling Gleam|p1b: draxx|[spread] p1b\n|-activate|p1a: Politoed|move: Protect\n|-resisted|p1b: draxx\n|-damage|p1b: draxx|53\/100\n|move|p2b: Ursaluna|Blood Moon|p1b: draxx\n|-damage|p1b: draxx|0 fnt\n|faint|p1b: draxx\n|\n|-weather|RainDance|[upkeep]\n|upkeep\n|\n|t:|1697490978\n|switch|p1b: Basculegion|Basculegion, M|100\/100\n|turn|6\n|\n|t:|1697490993\n|switch|p1b: Star lord|Staraptor, F|100\/100\n|-ability|p1b: Star lord|Intimidate|boost\n|-unboost|p2a: Flutter Mane|atk|1\n|-unboost|p2b: Ursaluna|atk|1\n|move|p2a: Flutter Mane|Shadow Ball|p1b: Star lord\n|-immune|p1b: Star lord\n|move|p1a: Politoed|Muddy Water|p2b: Ursaluna|[spread] p2a,p2b\n|-resisted|p2a: Flutter Mane\n|-supereffective|p2b: Ursaluna\n|-damage|p2a: Flutter Mane|53\/100\n|-damage|p2b: Ursaluna|0 fnt\n|faint|p2b: Ursaluna\n|\n|-weather|RainDance|[upkeep]\n|upkeep\n|\n|t:|1697491004\n|switch|p2b: Ogerpon|Ogerpon-Hearthflame, F|100\/100\n|-ability|p2b: Ogerpon|Mold Breaker\n|turn|7\n|\n|t:|1697491023\n|move|p2a: Flutter Mane|Dazzling Gleam|p1b: Star lord|[spread] p1a,p1b\n|-damage|p1a: Politoed|0 fnt\n|-damage|p1b: Star lord|56\/100\n|faint|p1a: Politoed\n|move|p1b: Star lord|Brave Bird|p2b: Ogerpon\n|-supereffective|p2b: Ogerpon\n|-damage|p2b: Ogerpon|0 fnt\n|faint|p2b: Ogerpon\n|-damage|p1b: Star lord|30\/100|[from] Recoil\n|\n|-weather|RainDance|[upkeep]\n|upkeep\n|\n|t:|1697491028\n|switch|p1a: thanos|Volbeat, M|36\/100\n|turn|8\n|\n|t:|1697491039\n|move|p1a: thanos|Tailwind|p1a: thanos\n|-sidestart|p1: aceofspadez669|move: Tailwind\n|move|p1b: Star lord|Brave Bird|p2a: Flutter Mane\n|-damage|p2a: Flutter Mane|0 fnt\n|faint|p2a: Flutter Mane\n|-end|p2a: Flutter Mane|Protosynthesis|[silent]\n|-damage|p1b: Star lord|18\/100|[from] Recoil\n|\n|win|aceofspadez669\n|raw|aceofspadez669's rating: 1416 &rarr; <strong>1435<\/strong><br \/>(+19 for winning)\n|raw|M0G0BY's rating: 1404 &rarr; <strong>1385<\/strong><br \/>(-19 for losing)\n|c|\u2606aceofspadez669|gg\n|l|\u2606M0G0BY\n|c|\u2606aceofspadez669|scarfed\n","uploadtime":1697491071,"views":23,"p1id":"aceofspadez669","p2id":"m0g0by","formatid":"gen9doublesou","rating":1385,"private":0,"password":""}