{"id":"gen9doublesou-1997429156","p1":"TimberArrow","p2":"OPieceOfHeroGhost","format":"[Gen 9] Doubles OU","log":"|j|\u2606TimberArrow\n|j|\u2606OPieceOfHeroGhost\n|t:|1700803706\n|gametype|doubles\n|player|p1|TimberArrow|2|1359\n|player|p2|OPieceOfHeroGhost|morty|1507\n|teamsize|p1|6\n|teamsize|p2|6\n|gen|9\n|tier|[Gen 9] Doubles OU\n|rated|\n|rule|Species Clause: Limit one of each Pok\u00e9mon\n|rule|OHKO Clause: OHKO moves are banned\n|rule|Evasion Moves Clause: Evasion moves are banned\n|rule|Gravity Sleep Clause: The combination of sleep-inducing moves with imperfect accuracy and Gravity or Gigantamax Orbeetle are banned\n|rule|Endless Battle Clause: Forcing endless battles is banned\n|rule|HP Percentage Mod: HP is shown in percentages\n|clearpoke\n|poke|p1|Empoleon, M|\n|poke|p1|Garganacl, M|\n|poke|p1|Chi-Yu|\n|poke|p1|Landorus-Therian, M|\n|poke|p1|Vikavolt, M|\n|poke|p1|Tyranitar, M|\n|poke|p2|Tornadus, M|\n|poke|p2|Basculegion-F, F|\n|poke|p2|Ogerpon-Hearthflame, F|\n|poke|p2|Rillaboom, M|\n|poke|p2|Flutter Mane|\n|poke|p2|Chien-Pao|\n|teampreview\n|\n|t:|1700803716\n|start\n|switch|p1a: Landorus|Landorus-Therian, M|100\/100\n|switch|p1b: Chi-Yu|Chi-Yu|100\/100\n|switch|p2a: \u6069\u91cc\u514b\u2022\u666e\u5947|Tornadus, M|100\/100\n|switch|p2b: \u7ed9\u4f60\u6765\u4e2a\u5927\u6bd4\u6597|Rillaboom, M|100\/100\n|-ability|p1b: Chi-Yu|Beads of Ruin\n|-ability|p1a: Landorus|Intimidate|boost\n|-unboost|p2a: \u6069\u91cc\u514b\u2022\u666e\u5947|atk|1\n|-unboost|p2b: \u7ed9\u4f60\u6765\u4e2a\u5927\u6bd4\u6597|atk|1\n|-fieldstart|move: Grassy Terrain|[from] ability: Grassy Surge|[of] p2b: \u7ed9\u4f60\u6765\u4e2a\u5927\u6bd4\u6597\n|turn|1\n|\n|t:|1700803743\n|switch|p1b: Empoleon|Empoleon, M|100\/100\n|move|p2b: \u7ed9\u4f60\u6765\u4e2a\u5927\u6bd4\u6597|Fake Out|p1a: Landorus\n|-crit|p1a: Landorus\n|-damage|p1a: Landorus|76\/100\n|-damage|p2b: \u7ed9\u4f60\u6765\u4e2a\u5927\u6bd4\u6597|84\/100|[from] item: Rocky Helmet|[of] p1a: Landorus\n|move|p2a: \u6069\u91cc\u514b\u2022\u666e\u5947|Rain Dance|p2a: \u6069\u91cc\u514b\u2022\u666e\u5947\n|-weather|RainDance\n|cant|p1a: Landorus|flinch\n|\n|-weather|RainDance|[upkeep]\n|-heal|p2b: \u7ed9\u4f60\u6765\u4e2a\u5927\u6bd4\u6597|90\/100|[from] Grassy Terrain\n|upkeep\n|turn|2\n|\n|t:|1700803769\n|move|p2a: \u6069\u91cc\u514b\u2022\u666e\u5947|Taunt|p1a: Landorus\n|-start|p1a: Landorus|move: Taunt\n|cant|p1a: Landorus|move: Taunt|Substitute\n|move|p2b: \u7ed9\u4f60\u6765\u4e2a\u5927\u6bd4\u6597|U-turn|p1b: Empoleon\n|-resisted|p1b: Empoleon\n|-damage|p1b: Empoleon|91\/100\n|\n|t:|1700803790\n|switch|p2b: \u68d2\u6253NTR|Ogerpon-Hearthflame, F|100\/100|[from] U-turn\n|-ability|p2b: \u68d2\u6253NTR|Mold Breaker\n|move|p1b: Empoleon|Blizzard|p2a: \u6069\u91cc\u514b\u2022\u666e\u5947|[spread] p2a,p2b\n|-supereffective|p2a: \u6069\u91cc\u514b\u2022\u666e\u5947\n|-damage|p2a: \u6069\u91cc\u514b\u2022\u666e\u5947|47\/100\n|-damage|p2b: \u68d2\u6253NTR|69\/100\n|\n|-weather|RainDance|[upkeep]\n|-heal|p2b: \u68d2\u6253NTR|75\/100|[from] Grassy Terrain\n|-heal|p1b: Empoleon|97\/100|[from] Grassy Terrain\n|upkeep\n|turn|3\n|\n|t:|1700803813\n|switch|p1a: Garganacl|Garganacl, M|100\/100\n|move|p2b: \u68d2\u6253NTR|Swords Dance|p2b: \u68d2\u6253NTR\n|-boost|p2b: \u68d2\u6253NTR|atk|2\n|move|p2a: \u6069\u91cc\u514b\u2022\u666e\u5947|Bleakwind Storm|p1a: Garganacl|[spread] p1a,p1b\n|-resisted|p1a: Garganacl\n|-resisted|p1b: Empoleon\n|-damage|p1a: Garganacl|88\/100\n|-damage|p1b: Empoleon|83\/100\n|move|p1b: Empoleon|Hydro Pump|p2b: \u68d2\u6253NTR|[miss]\n|-miss|p1b: Empoleon|p2b: \u68d2\u6253NTR\n|-enditem|p1b: Empoleon|Blunder Policy\n|-boost|p1b: Empoleon|spe|2\n|\n|-weather|RainDance|[upkeep]\n|-heal|p1b: Empoleon|89\/100|[from] Grassy Terrain\n|-heal|p2b: \u68d2\u6253NTR|82\/100|[from] Grassy Terrain\n|-heal|p1a: Garganacl|94\/100|[from] Grassy Terrain\n|-heal|p1a: Garganacl|99\/100|[from] item: Leftovers\n|upkeep\n|turn|4\n|\n|t:|1700803840\n|-terastallize|p2b: \u68d2\u6253NTR|Fire\n|detailschange|p2b: \u68d2\u6253NTR|Ogerpon-Hearthflame-Tera, F, tera:Fire\n|-ability|p2b: \u68d2\u6253NTR|Embody Aspect (Hearthflame)|boost\n|-boost|p2b: \u68d2\u6253NTR|atk|1\n|move|p2a: \u6069\u91cc\u514b\u2022\u666e\u5947|Tailwind|p2a: \u6069\u91cc\u514b\u2022\u666e\u5947\n|-sidestart|p2: OPieceOfHeroGhost|move: Tailwind\n|move|p2b: \u68d2\u6253NTR|Ivy Cudgel|p1b: Empoleon|[anim] Ivy Cudgel Fire\n|-damage|p1b: Empoleon|0 fnt\n|faint|p1b: Empoleon\n|move|p1a: Garganacl|Salt Cure|p2b: \u68d2\u6253NTR\n|-supereffective|p2b: \u68d2\u6253NTR\n|-damage|p2b: \u68d2\u6253NTR|42\/100\n|-start|p2b: \u68d2\u6253NTR|Salt Cure\n|\n|-weather|RainDance|[upkeep]\n|-heal|p2b: \u68d2\u6253NTR|48\/100|[from] Grassy Terrain\n|-heal|p1a: Garganacl|100\/100|[from] Grassy Terrain\n|-damage|p2b: \u68d2\u6253NTR|35\/100|[from] Salt Cure\n|upkeep\n|\n|t:|1700803863\n|switch|p1b: Landorus|Landorus-Therian, M|76\/100\n|-ability|p1b: Landorus|Intimidate|boost\n|-unboost|p2a: \u6069\u91cc\u514b\u2022\u666e\u5947|atk|1\n|-unboost|p2b: \u68d2\u6253NTR|atk|1\n|turn|5\n|\n|t:|1700803872\n|move|p2a: \u6069\u91cc\u514b\u2022\u666e\u5947|Taunt|p1b: Landorus\n|-start|p1b: Landorus|move: Taunt\n|move|p2b: \u68d2\u6253NTR|Ivy Cudgel|p1b: Landorus|[anim] Ivy Cudgel Fire\n|-damage|p1b: Landorus|0 fnt\n|faint|p1b: Landorus\n|move|p1a: Garganacl|Iron Defense|p1a: Garganacl\n|-boost|p1a: Garganacl|def|2\n|\n|-weather|none\n|-heal|p2b: \u68d2\u6253NTR|41\/100|[from] Grassy Terrain\n|-damage|p2b: \u68d2\u6253NTR|29\/100|[from] Salt Cure\n|-fieldend|move: Grassy Terrain\n|upkeep\n|\n|t:|1700803900\n|switch|p1b: Chi-Yu|Chi-Yu|100\/100\n|-ability|p1b: Chi-Yu|Beads of Ruin\n|turn|6\n|\n|t:|1700803914\n|switch|p1b: Tyranitar|Tyranitar, M|100\/100\n|-weather|Sandstorm|[from] ability: Sand Stream|[of] p1b: Tyranitar\n|move|p2a: \u6069\u91cc\u514b\u2022\u666e\u5947|Taunt|p1a: Garganacl\n|-start|p1a: Garganacl|move: Taunt\n|move|p2b: \u68d2\u6253NTR|Ivy Cudgel|p1b: Tyranitar|[anim] Ivy Cudgel Fire\n|-resisted|p1b: Tyranitar\n|-damage|p1b: Tyranitar|41\/100\n|move|p1a: Garganacl|Salt Cure|p2b: \u68d2\u6253NTR\n|-supereffective|p2b: \u68d2\u6253NTR\n|-damage|p2b: \u68d2\u6253NTR|0 fnt\n|faint|p2b: \u68d2\u6253NTR\n|\n|-weather|Sandstorm|[upkeep]\n|-damage|p2a: \u6069\u91cc\u514b\u2022\u666e\u5947|41\/100|[from] Sandstorm\n|upkeep\n|\n|t:|1700803930\n|switch|p2b: \u53d1\u59d0\u725b\u903c|Flutter Mane|100\/100\n|turn|7\n|\n|t:|1700803949\n|move|p2a: \u6069\u91cc\u514b\u2022\u666e\u5947|Rain Dance|p2a: \u6069\u91cc\u514b\u2022\u666e\u5947\n|-weather|RainDance\n|move|p2b: \u53d1\u59d0\u725b\u903c|Moonblast|p1b: Tyranitar\n|-supereffective|p1b: Tyranitar\n|-damage|p1b: Tyranitar|0 fnt\n|faint|p1b: Tyranitar\n|move|p1a: Garganacl|Salt Cure|p2b: \u53d1\u59d0\u725b\u903c\n|-damage|p2b: \u53d1\u59d0\u725b\u903c|77\/100\n|-start|p2b: \u53d1\u59d0\u725b\u903c|Salt Cure\n|\n|-weather|RainDance|[upkeep]\n|-damage|p2b: \u53d1\u59d0\u725b\u903c|64\/100|[from] Salt Cure\n|-sideend|p2: OPieceOfHeroGhost|move: Tailwind\n|upkeep\n|\n|t:|1700803961\n|switch|p1b: Vikavolt|Vikavolt, M|100\/100\n|turn|8\n|\n|t:|1700803973\n|move|p2b: \u53d1\u59d0\u725b\u903c|Moonblast|p1a: Garganacl\n|-damage|p1a: Garganacl|46\/100\n|-unboost|p1a: Garganacl|spa|1\n|move|p2a: \u6069\u91cc\u514b\u2022\u666e\u5947|Bleakwind Storm|p1b: Vikavolt|[spread] p1a,p1b\n|-resisted|p1a: Garganacl\n|-damage|p1a: Garganacl|33\/100\n|-damage|p1b: Vikavolt|59\/100\n|-unboost|p1a: Garganacl|spe|1\n|-unboost|p1b: Vikavolt|spe|1\n|move|p1b: Vikavolt|Thunderbolt|p2b: \u53d1\u59d0\u725b\u903c\n|-damage|p2b: \u53d1\u59d0\u725b\u903c|0 fnt\n|faint|p2b: \u53d1\u59d0\u725b\u903c\n|-end|p2b: \u53d1\u59d0\u725b\u903c|Protosynthesis|[silent]\n|move|p1a: Garganacl|Salt Cure|p2a: \u6069\u91cc\u514b\u2022\u666e\u5947\n|-supereffective|p2a: \u6069\u91cc\u514b\u2022\u666e\u5947\n|-damage|p2a: \u6069\u91cc\u514b\u2022\u666e\u5947|10\/100\n|-start|p2a: \u6069\u91cc\u514b\u2022\u666e\u5947|Salt Cure\n|\n|-weather|RainDance|[upkeep]\n|-heal|p1a: Garganacl|39\/100|[from] item: Leftovers\n|-damage|p2a: \u6069\u91cc\u514b\u2022\u666e\u5947|0 fnt|[from] Salt Cure\n|faint|p2a: \u6069\u91cc\u514b\u2022\u666e\u5947\n|-end|p1a: Garganacl|move: Taunt\n|upkeep\n|\n|t:|1700803991\n|switch|p2b: \u7ed9\u4f60\u6765\u4e2a\u5927\u6bd4\u6597|Rillaboom, M|90\/100\n|switch|p2a: \u9ed1\u9c7c\u62ac\u68fa|Basculegion-F, F|100\/100\n|-fieldstart|move: Grassy Terrain|[from] ability: Grassy Surge|[of] p2b: \u7ed9\u4f60\u6765\u4e2a\u5927\u6bd4\u6597\n|turn|9\n|\n|t:|1700804076\n|move|p2a: \u9ed1\u9c7c\u62ac\u68fa|Liquidation|p1b: Vikavolt\n|-crit|p1b: Vikavolt\n|-damage|p1b: Vikavolt|0 fnt\n|faint|p1b: Vikavolt\n|-damage|p2a: \u9ed1\u9c7c\u62ac\u68fa|91\/100|[from] item: Life Orb\n|move|p2b: \u7ed9\u4f60\u6765\u4e2a\u5927\u6bd4\u6597|Wood Hammer|p1a: Garganacl\n|-supereffective|p1a: Garganacl\n|-damage|p1a: Garganacl|0 fnt\n|faint|p1a: Garganacl\n|-damage|p2b: \u7ed9\u4f60\u6765\u4e2a\u5927\u6bd4\u6597|79\/100|[from] Recoil\n|\n|-weather|RainDance|[upkeep]\n|-heal|p2a: \u9ed1\u9c7c\u62ac\u68fa|97\/100|[from] Grassy Terrain\n|-heal|p2b: \u7ed9\u4f60\u6765\u4e2a\u5927\u6bd4\u6597|85\/100|[from] Grassy Terrain\n|upkeep\n|\n|t:|1700804086\n|switch|p1b: Chi-Yu|Chi-Yu|100\/100\n|-ability|p1b: Chi-Yu|Beads of Ruin\n|turn|10\n|\n|t:|1700804094\n|-terastallize|p1b: Chi-Yu|Grass\n|move|p2a: \u9ed1\u9c7c\u62ac\u68fa|Protect|p2a: \u9ed1\u9c7c\u62ac\u68fa\n|-singleturn|p2a: \u9ed1\u9c7c\u62ac\u68fa|Protect\n|move|p1b: Chi-Yu|Heat Wave|p2b: \u7ed9\u4f60\u6765\u4e2a\u5927\u6bd4\u6597|[spread] p2b\n|-activate|p2a: \u9ed1\u9c7c\u62ac\u68fa|move: Protect\n|-supereffective|p2b: \u7ed9\u4f60\u6765\u4e2a\u5927\u6bd4\u6597\n|-damage|p2b: \u7ed9\u4f60\u6765\u4e2a\u5927\u6bd4\u6597|48\/100\n|move|p2b: \u7ed9\u4f60\u6765\u4e2a\u5927\u6bd4\u6597|U-turn|p1b: Chi-Yu\n|-supereffective|p1b: Chi-Yu\n|-damage|p1b: Chi-Yu|21\/100\n|\n|t:|1700804104\n|switch|p2b: \u7406\u5858\u6d3b\u5b9d|Chien-Pao|100\/100|[from] U-turn\n|-ability|p2b: \u7406\u5858\u6d3b\u5b9d|Sword of Ruin\n|\n|-weather|RainDance|[upkeep]\n|-heal|p1b: Chi-Yu|27\/100|[from] Grassy Terrain\n|-heal|p2a: \u9ed1\u9c7c\u62ac\u68fa|100\/100|[from] Grassy Terrain\n|upkeep\n|turn|11\n|\n|t:|1700804108\n|move|p2b: \u7406\u5858\u6d3b\u5b9d|Sucker Punch|p1b: Chi-Yu\n|-damage|p1b: Chi-Yu|0 fnt\n|faint|p1b: Chi-Yu\n|\n|win|OPieceOfHeroGhost\n|raw|TimberArrow's rating: 1359 &rarr; <strong>1347<\/strong><br \/>(-12 for losing)\n|raw|OPieceOfHeroGhost's rating: 1507 &rarr; <strong>1519<\/strong><br \/>(+12 for winning)\n|l|\u2606TimberArrow\n","uploadtime":1700804112,"views":9,"p1id":"timberarrow","p2id":"opieceofheroghost","formatid":"gen9doublesou","rating":1347,"private":0,"password":""}