{"id":"gen9doublesou-1976534416","p1":"Owegt","p2":"jackmcspoons","format":"[Gen 9] Doubles OU","log":"|j|\u2606Owegt\n|j|\u2606jackmcspoons\n|t:|1698318542\n|gametype|doubles\n|player|p1|Owegt|clown|1144\n|player|p2|jackmcspoons|ingo|1206\n|teamsize|p1|6\n|teamsize|p2|6\n|gen|9\n|tier|[Gen 9] Doubles OU\n|rated|\n|rule|Species Clause: Limit one of each Pok\u00e9mon\n|rule|OHKO Clause: OHKO moves are banned\n|rule|Evasion Moves Clause: Evasion moves are banned\n|rule|Gravity Sleep Clause: The combination of sleep-inducing moves with imperfect accuracy and Gravity or Gigantamax Orbeetle are banned\n|rule|Endless Battle Clause: Forcing endless battles is banned\n|rule|HP Percentage Mod: HP is shown in percentages\n|clearpoke\n|poke|p1|Oricorio-Pom-Pom, M|\n|poke|p1|Jirachi|\n|poke|p1|Sylveon, F|\n|poke|p1|Ditto|\n|poke|p1|Chien-Pao|\n|poke|p1|Indeedee-F, F|\n|poke|p2|Sinistcha-Masterpiece|\n|poke|p2|Iron Hands|\n|poke|p2|Palafin, M|\n|poke|p2|Pelipper, M|\n|poke|p2|Goodra-Hisui, M|\n|poke|p2|Iron Bundle|\n|teampreview\n|inactive|Battle timer is ON: inactive players will automatically lose when time's up. (requested by jackmcspoons)\n|\n|t:|1698318548\n|start\n|switch|p1a: Oricorio|Oricorio-Pom-Pom, M|100\/100\n|switch|p1b: Jirachi|Jirachi|100\/100\n|switch|p2a: Iron Bundle|Iron Bundle|100\/100\n|switch|p2b: Pelipper|Pelipper, M|100\/100\n|-weather|RainDance|[from] ability: Drizzle|[of] p2b: Pelipper\n|turn|1\n|\n|t:|1698318566\n|-terastallize|p1a: Oricorio|Steel\n|move|p2a: Iron Bundle|Icy Wind|p1b: Jirachi|[spread] p1a,p1b\n|-resisted|p1a: Oricorio\n|-resisted|p1b: Jirachi\n|-damage|p1a: Oricorio|81\/100\n|-damage|p1b: Jirachi|84\/100\n|-unboost|p1a: Oricorio|spe|1\n|-unboost|p1b: Jirachi|spe|1\n|move|p1b: Jirachi|Skill Swap|p1a: Oricorio\n|-activate|p1b: Jirachi|move: Skill Swap|||[of] p1a: Oricorio\n|move|p1a: Oricorio|Quiver Dance|p1a: Oricorio\n|-boost|p1a: Oricorio|spa|1\n|-boost|p1a: Oricorio|spd|1\n|-boost|p1a: Oricorio|spe|1\n|-activate|p1b: Jirachi|ability: Dancer\n|move|p1b: Jirachi|Quiver Dance|p1b: Jirachi|[from]ability: Dancer\n|-boost|p1b: Jirachi|spa|1\n|-boost|p1b: Jirachi|spd|1\n|-boost|p1b: Jirachi|spe|1\n|move|p2b: Pelipper|Hydro Pump|p1b: Jirachi\n|-damage|p1b: Jirachi|36\/100\n|\n|-weather|RainDance|[upkeep]\n|upkeep\n|turn|2\n|inactive|jackmcspoons has 120 seconds left.\n|\n|t:|1698318612\n|-end|p2a: Iron Bundle|Quark Drive|[silent]\n|switch|p2a: Goodra|Goodra-Hisui, M|100\/100\n|move|p1b: Jirachi|Protect|p1b: Jirachi\n|-singleturn|p1b: Jirachi|Protect\n|move|p1a: Oricorio|Quiver Dance|p1a: Oricorio\n|-boost|p1a: Oricorio|spa|1\n|-boost|p1a: Oricorio|spd|1\n|-boost|p1a: Oricorio|spe|1\n|-activate|p1b: Jirachi|ability: Dancer\n|move|p1b: Jirachi|Quiver Dance|p1b: Jirachi|[from]ability: Dancer\n|-boost|p1b: Jirachi|spa|1\n|-boost|p1b: Jirachi|spd|1\n|-boost|p1b: Jirachi|spe|1\n|move|p2b: Pelipper|U-turn|p1a: Oricorio\n|-resisted|p1a: Oricorio\n|-damage|p1a: Oricorio|76\/100\n|inactive|jackmcspoons has 90 seconds left.\n|\n|t:|1698318642\n|switch|p2b: Iron Hands|Iron Hands|100\/100|[from] U-turn\n|-enditem|p2b: Iron Hands|Booster Energy\n|-activate|p2b: Iron Hands|ability: Quark Drive|[fromitem]\n|-start|p2b: Iron Hands|quarkdriveatk\n|\n|-weather|RainDance|[upkeep]\n|upkeep\n|turn|3\n|inactive|jackmcspoons has 90 seconds left.\n|\n|t:|1698318673\n|switch|p2a: Iron Bundle|Iron Bundle|100\/100\n|move|p1b: Jirachi|Dazzling Gleam|p2a: Iron Bundle|[spread] p2a,p2b\n|-supereffective|p2b: Iron Hands\n|-damage|p2a: Iron Bundle|25\/100\n|-damage|p2b: Iron Hands|33\/100\n|move|p1a: Oricorio|Quiver Dance|p1a: Oricorio\n|-boost|p1a: Oricorio|spa|1\n|-boost|p1a: Oricorio|spd|1\n|-boost|p1a: Oricorio|spe|1\n|-activate|p1b: Jirachi|ability: Dancer\n|move|p1b: Jirachi|Quiver Dance|p1b: Jirachi|[from]ability: Dancer\n|-boost|p1b: Jirachi|spa|1\n|-boost|p1b: Jirachi|spd|1\n|-boost|p1b: Jirachi|spe|1\n|move|p2b: Iron Hands|Drain Punch|p1a: Oricorio\n|-supereffective|p1a: Oricorio\n|-damage|p1a: Oricorio|0 fnt\n|-heal|p2b: Iron Hands|55\/100|[from] drain|[of] p1a: Oricorio\n|faint|p1a: Oricorio\n|\n|-weather|RainDance|[upkeep]\n|upkeep\n|\n|t:|1698318689\n|switch|p1a: Sylveon|Sylveon, F, shiny|100\/100\n|turn|4\n|\n|t:|1698318698\n|move|p1b: Jirachi|Dazzling Gleam|p2b: Iron Hands|[spread] p2a,p2b\n|-supereffective|p2b: Iron Hands\n|-damage|p2a: Iron Bundle|0 fnt\n|-damage|p2b: Iron Hands|0 fnt\n|faint|p2a: Iron Bundle\n|-end|p2a: Iron Bundle|Quark Drive|[silent]\n|faint|p2b: Iron Hands\n|-end|p2b: Iron Hands|Quark Drive|[silent]\n|move|p1a: Sylveon|Psych Up|p1b: Jirachi\n|-copyboost|p1a: Sylveon|p1b: Jirachi|[from] move: Psych Up\n|\n|-weather|RainDance|[upkeep]\n|upkeep\n|\n|t:|1698318712\n|switch|p2a: Goodra|Goodra-Hisui, M|100\/100\n|switch|p2b: Sinistcha|Sinistcha-Masterpiece|100\/100\n|turn|5\n|inactive|jackmcspoons has 120 seconds left.\n|\n|t:|1698318724\n|move|p1b: Jirachi|Stored Power|p2a: Goodra\n|-resisted|p2a: Goodra\n|-damage|p2a: Goodra|50\/100\n|move|p1a: Sylveon|Hyper Voice|p2a: Goodra|[spread] p2a,p2b\n|-damage|p2a: Goodra|0 fnt\n|-damage|p2b: Sinistcha|0 fnt\n|faint|p2a: Goodra\n|faint|p2b: Sinistcha\n|\n|-weather|none\n|upkeep\n|inactive|jackmcspoons has 120 seconds left.\n|-message|jackmcspoons forfeited.\n|\n|win|Owegt\n|raw|Owegt's rating: 1144 &rarr; <strong>1173<\/strong><br \/>(+29 for winning)\n|raw|jackmcspoons's rating: 1206 &rarr; <strong>1177<\/strong><br \/>(-29 for losing)\n|l|\u2606jackmcspoons\n","uploadtime":1698318818,"views":22,"p1id":"owegt","p2id":"jackmcspoons","formatid":"gen9doublesou","rating":1173,"private":0,"password":""}