{"id":"gen9doublesou-1969612765","p1":"oceanofmemes","p2":"Massybassy","format":"[Gen 9] Doubles OU","log":"|j|\u2606oceanofmemes\n|j|\u2606Massybassy\n|t:|1697551900\n|gametype|doubles\n|player|p1|oceanofmemes|fisherman|1096\n|player|p2|Massybassy|102|1000\n|teamsize|p1|6\n|teamsize|p2|6\n|gen|9\n|tier|[Gen 9] Doubles OU\n|rated|\n|rule|Species Clause: Limit one of each Pok\u00e9mon\n|rule|OHKO Clause: OHKO moves are banned\n|rule|Evasion Moves Clause: Evasion moves are banned\n|rule|Gravity Sleep Clause: The combination of sleep-inducing moves with imperfect accuracy and Gravity or Gigantamax Orbeetle are banned\n|rule|Endless Battle Clause: Forcing endless battles is banned\n|rule|HP Percentage Mod: HP is shown in percentages\n|clearpoke\n|poke|p1|Scyther, M|\n|poke|p1|Tyranitar, F|\n|poke|p1|Ursaluna, M|\n|poke|p1|Decidueye-Hisui, F|\n|poke|p1|Empoleon, M|\n|poke|p1|Typhlosion-Hisui, M|\n|poke|p2|Flutter Mane|\n|poke|p2|Snorlax, F|\n|poke|p2|Mienshao, F|\n|poke|p2|Maushold-Four|\n|poke|p2|Eelektross, F|\n|poke|p2|Ogerpon-Hearthflame, F|\n|teampreview\n|\n|t:|1697551927\n|start\n|switch|p1a: big boy himself|Scyther, M|100\/100\n|switch|p1b: weed smoker|Typhlosion-Hisui, M, shiny|100\/100\n|switch|p2a: Mienshao|Mienshao, F|100\/100\n|switch|p2b: Maushold|Maushold-Four|100\/100\n|turn|1\n|\n|t:|1697551952\n|move|p2a: Mienshao|Fake Out|p1a: big boy himself\n|-damage|p1a: big boy himself|89\/100\n|cant|p1a: big boy himself|flinch\n|move|p2b: Maushold|Shadow Claw|p1b: weed smoker\n|-supereffective|p1b: weed smoker\n|-damage|p1b: weed smoker|57\/100\n|move|p1b: weed smoker|Extrasensory|p2a: Mienshao\n|-supereffective|p2a: Mienshao\n|-damage|p2a: Mienshao|23\/100\n|\n|-heal|p1b: weed smoker|63\/100|[from] item: Leftovers\n|-heal|p2a: Mienshao|29\/100|[from] item: Leftovers\n|-status|p2b: Maushold|brn|[from] item: Flame Orb\n|upkeep\n|turn|2\n|\n|t:|1697551987\n|move|p1a: big boy himself|Tailwind|p1a: big boy himself\n|-sidestart|p1: oceanofmemes|move: Tailwind\n|move|p1b: weed smoker|Extrasensory|p2a: Mienshao\n|-supereffective|p2a: Mienshao\n|-damage|p2a: Mienshao|0 fnt\n|faint|p2a: Mienshao\n|move|p2b: Maushold|Shadow Claw|p1b: weed smoker\n|-supereffective|p1b: weed smoker\n|-damage|p1b: weed smoker|40\/100\n|\n|-heal|p1b: weed smoker|46\/100|[from] item: Leftovers\n|-damage|p2b: Maushold|94\/100 brn|[from] brn\n|upkeep\n|\n|t:|1697552001\n|switch|p2a: Flutter Mane|Flutter Mane|100\/100\n|turn|3\n|\n|t:|1697552034\n|move|p1a: big boy himself|Close Combat|p2b: Maushold\n|-supereffective|p2b: Maushold\n|-damage|p2b: Maushold|0 fnt\n|-unboost|p1a: big boy himself|def|1\n|-unboost|p1a: big boy himself|spd|1\n|faint|p2b: Maushold\n|move|p1b: weed smoker|Shadow Ball|p2a: Flutter Mane\n|-supereffective|p2a: Flutter Mane\n|-damage|p2a: Flutter Mane|28\/100\n|-unboost|p2a: Flutter Mane|spd|1\n|move|p2a: Flutter Mane|Shadow Ball|p1b: weed smoker\n|-supereffective|p1b: weed smoker\n|-damage|p1b: weed smoker|0 fnt\n|faint|p1b: weed smoker\n|\n|-heal|p2a: Flutter Mane|34\/100|[from] item: Leftovers\n|upkeep\n|\n|t:|1697552060\n|switch|p2b: Ogerpon|Ogerpon-Hearthflame, F|100\/100\n|switch|p1b: feddy fazbore|Ursaluna, M, shiny|100\/100\n|-ability|p2b: Ogerpon|Mold Breaker\n|turn|4\n|\n|t:|1697552088\n|move|p2b: Ogerpon|Follow Me|p2b: Ogerpon\n|-singleturn|p2b: Ogerpon|move: Follow Me\n|move|p1a: big boy himself|Dual Wingbeat|p2b: Ogerpon\n|-supereffective|p2b: Ogerpon\n|-damage|p2b: Ogerpon|37\/100\n|-supereffective|p2b: Ogerpon\n|-damage|p2b: Ogerpon|0 fnt\n|faint|p2b: Ogerpon\n|-hitcount|p2: Ogerpon|2\n|move|p2a: Flutter Mane|Thunder Wave|p1a: big boy himself\n|-status|p1a: big boy himself|par\n|move|p1b: feddy fazbore|Headlong Rush|p2a: Flutter Mane\n|-damage|p2a: Flutter Mane|0 fnt\n|-unboost|p1b: feddy fazbore|def|1\n|-unboost|p1b: feddy fazbore|spd|1\n|faint|p2a: Flutter Mane\n|-end|p2a: Flutter Mane|Protosynthesis|[silent]\n|\n|-status|p1b: feddy fazbore|brn|[from] item: Flame Orb\n|upkeep\n|\n|t:|1697552108\n|switch|p2a: Snorlax|Snorlax, F|100\/100\n|switch|p2b: Eelektross|Eelektross, F|100\/100\n|turn|5\n|-message|Massybassy forfeited.\n|\n|win|oceanofmemes\n|raw|oceanofmemes's rating: 1096 &rarr; <strong>1115<\/strong><br \/>(+19 for winning)\n|raw|Massybassy's rating: 1000 &rarr; <strong>1000<\/strong><br \/>(+0 for losing)\n|l|\u2606Massybassy\n","uploadtime":1697552173,"views":20,"p1id":"oceanofmemes","p2id":"massybassy","formatid":"gen9doublesou","rating":1000,"private":0,"password":""}