{"id":"gen9doublesou-1972434263","p1":"mikeyuwu","p2":"kulta","format":"[Gen 9] Doubles OU","log":"|j|\u2606mikeyuwu\n|j|\u2606kulta\n|t:|1697842383\n|gametype|doubles\n|player|p1|mikeyuwu|psychic-gen4|1213\n|player|p2|kulta|cynthia|1214\n|teamsize|p1|6\n|teamsize|p2|6\n|gen|9\n|tier|[Gen 9] Doubles OU\n|rated|\n|rule|Species Clause: Limit one of each Pok\u00e9mon\n|rule|OHKO Clause: OHKO moves are banned\n|rule|Evasion Moves Clause: Evasion moves are banned\n|rule|Gravity Sleep Clause: The combination of sleep-inducing moves with imperfect accuracy and Gravity or Gigantamax Orbeetle are banned\n|rule|Endless Battle Clause: Forcing endless battles is banned\n|rule|HP Percentage Mod: HP is shown in percentages\n|clearpoke\n|poke|p1|Garchomp, M|\n|poke|p1|Tyranitar, F|\n|poke|p1|Vaporeon, F|\n|poke|p1|Toxicroak, M|\n|poke|p1|Pelipper, F|\n|poke|p1|Abomasnow, M|\n|poke|p2|Chien-Pao|\n|poke|p2|Baxcalibur, F|\n|poke|p2|Ninetales-Alola, F|\n|poke|p2|Abomasnow, F|\n|poke|p2|Cryogonal|\n|poke|p2|Froslass, F|\n|teampreview\n|inactive|Battle timer is ON: inactive players will automatically lose when time's up. (requested by kulta)\n|\n|t:|1697842396\n|start\n|switch|p1a: OTLHPM|Toxicroak, M|100\/100\n|switch|p1b: Cold Shoulder|Abomasnow, M, shiny|100\/100\n|switch|p2a: Cryogonal|Cryogonal|100\/100\n|switch|p2b: Abomasnow|Abomasnow, F|100\/100\n|-weather|Snow|[from] ability: Snow Warning|[of] p1b: Cold Shoulder\n|turn|1\n|\n|t:|1697842412\n|move|p2a: Cryogonal|Icy Wind|p1a: OTLHPM|[spread] p1a,p1b\n|-damage|p1a: OTLHPM|78\/100\n|-damage|p1b: Cold Shoulder|82\/100\n|-unboost|p1a: OTLHPM|spe|1\n|-unboost|p1b: Cold Shoulder|spe|1\n|move|p2b: Abomasnow|Aurora Veil|p2b: Abomasnow\n|-sidestart|p2: kulta|move: Aurora Veil\n|move|p1a: OTLHPM|Sunny Day|p1a: OTLHPM\n|-weather|SunnyDay\n|move|p1b: Cold Shoulder|Weather Ball|p2b: Abomasnow\n|-supereffective|p2b: Abomasnow\n|-damage|p2b: Abomasnow|37\/100\n|\n|-weather|SunnyDay|[upkeep]\n|-damage|p1a: OTLHPM|66\/100|[from] ability: Dry Skin|[of] p1a: OTLHPM\n|-heal|p1a: OTLHPM|72\/100|[from] item: Black Sludge\n|upkeep\n|turn|2\n|\n|t:|1697842436\n|switch|p2b: Ninetales|Ninetales-Alola, F|100\/100\n|-weather|Snow|[from] ability: Snow Warning|[of] p2b: Ninetales\n|switch|p1a: Extra Spicy|Garchomp, M|100\/100\n|move|p2a: Cryogonal|Icy Wind|p1b: Cold Shoulder|[spread] p1a,p1b\n|-supereffective|p1a: Extra Spicy\n|-damage|p1a: Extra Spicy|38\/100\n|-damage|p1b: Cold Shoulder|61\/100\n|-unboost|p1a: Extra Spicy|spe|1\n|-unboost|p1b: Cold Shoulder|spe|1\n|move|p1b: Cold Shoulder|Leech Seed|p2a: Cryogonal\n|-start|p2a: Cryogonal|move: Leech Seed\n|\n|-weather|Snow|[upkeep]\n|-damage|p2a: Cryogonal|88\/100|[from] Leech Seed|[of] p1b: Cold Shoulder\n|-heal|p1b: Cold Shoulder|72\/100|[silent]\n|upkeep\n|turn|3\n|\n|t:|1697842457\n|switch|p2b: Froslass|Froslass, F|100\/100\n|switch|p1b: ThcrThnSnkr|Tyranitar, F|100\/100\n|-weather|Sandstorm|[from] ability: Sand Stream|[of] p1b: ThcrThnSnkr\n|-terastallize|p1a: Extra Spicy|Steel\n|move|p2a: Cryogonal|Icy Wind|p1b: ThcrThnSnkr|[spread] p1b\n|-miss|p2a: Cryogonal|p1a: Extra Spicy\n|-damage|p1b: ThcrThnSnkr|95\/100\n|-unboost|p1b: ThcrThnSnkr|spe|1\n|move|p1a: Extra Spicy|Brick Break|p2b: Froslass\n|-immune|p2b: Froslass\n|\n|-weather|Sandstorm|[upkeep]\n|-damage|p2b: Froslass|94\/100|[from] Sandstorm\n|-damage|p2a: Cryogonal|82\/100|[from] Sandstorm\n|-damage|p2a: Cryogonal|70\/100|[from] Leech Seed|[of] p1b: ThcrThnSnkr\n|-heal|p1b: ThcrThnSnkr|100\/100|[silent]\n|upkeep\n|turn|4\n|\n|t:|1697842482\n|move|p2b: Froslass|Will-O-Wisp|p1b: ThcrThnSnkr|[miss]\n|-miss|p2b: Froslass|p1b: ThcrThnSnkr\n|move|p2a: Cryogonal|Icy Wind|p1b: ThcrThnSnkr|[spread] p1a,p1b\n|-resisted|p1a: Extra Spicy\n|-damage|p1a: Extra Spicy|30\/100\n|-damage|p1b: ThcrThnSnkr|94\/100\n|-unboost|p1a: Extra Spicy|spe|1\n|-unboost|p1b: ThcrThnSnkr|spe|1\n|move|p1a: Extra Spicy|Brick Break|p2a: Cryogonal\n|-sideend|p2: kulta|move: Aurora Veil\n|-supereffective|p2a: Cryogonal\n|-damage|p2a: Cryogonal|0 fnt\n|faint|p2a: Cryogonal\n|move|p1b: ThcrThnSnkr|Rock Slide|p2b: Froslass\n|-supereffective|p2b: Froslass\n|-damage|p2b: Froslass|0 fnt\n|faint|p2b: Froslass\n|\n|-weather|Sandstorm|[upkeep]\n|upkeep\n|inactive|kulta has 120 seconds left.\n|\n|t:|1697842500\n|switch|p2b: Abomasnow|Abomasnow, F|37\/100\n|switch|p2a: Baxcalibur|Baxcalibur, F|100\/100\n|-weather|Snow|[from] ability: Snow Warning|[of] p2b: Abomasnow\n|turn|5\n|\n|t:|1697842509\n|switch|p1a: OTLHPM|Toxicroak, M|72\/100\n|switch|p1b: Weather War|Pelipper, F|100\/100\n|-weather|RainDance|[from] ability: Drizzle|[of] p1b: Weather War\n|move|p2a: Baxcalibur|Earthquake|p1a: OTLHPM|[spread] p2b,p1a\n|-immune|p1b: Weather War\n|-resisted|p2b: Abomasnow\n|-supereffective|p1a: OTLHPM\n|-damage|p2b: Abomasnow|20\/100\n|-damage|p1a: OTLHPM|0 fnt\n|faint|p1a: OTLHPM\n|move|p2b: Abomasnow|Aurora Veil||[still]\n|-fail|p2b: Abomasnow\n|\n|-weather|RainDance|[upkeep]\n|upkeep\n|\n|t:|1697842522\n|switch|p1a: Harmacy|Vaporeon, F|100\/100\n|turn|6\n|\n|t:|1697842530\n|move|p2a: Baxcalibur|Dragon Dance|p2a: Baxcalibur\n|-boost|p2a: Baxcalibur|atk|1\n|-boost|p2a: Baxcalibur|spe|1\n|move|p1b: Weather War|Hurricane|p2b: Abomasnow\n|-supereffective|p2b: Abomasnow\n|-damage|p2b: Abomasnow|0 fnt\n|faint|p2b: Abomasnow\n|move|p1a: Harmacy|Copycat|p1a: Harmacy\n|move|p1a: Harmacy|Hurricane|p2a: Baxcalibur|[from]move: Copycat\n|-damage|p2a: Baxcalibur|74\/100\n|\n|-weather|RainDance|[upkeep]\n|upkeep\n|\n|t:|1697842543\n|switch|p2b: Ninetales|Ninetales-Alola, F|100\/100\n|-weather|Snow|[from] ability: Snow Warning|[of] p2b: Ninetales\n|turn|7\n|\n|t:|1697842556\n|switch|p1b: ThcrThnSnkr|Tyranitar, F|94\/100\n|-weather|Sandstorm|[from] ability: Sand Stream|[of] p1b: ThcrThnSnkr\n|move|p2a: Baxcalibur|Icicle Spear|p1b: ThcrThnSnkr\n|-damage|p1b: ThcrThnSnkr|74\/100\n|-damage|p1b: ThcrThnSnkr|49\/100\n|-damage|p1b: ThcrThnSnkr|28\/100\n|-damage|p1b: ThcrThnSnkr|6\/100\n|-hitcount|p1b: ThcrThnSnkr|4\n|move|p2b: Ninetales|Aurora Veil||[still]\n|-fail|p2b: Ninetales\n|move|p1a: Harmacy|Weather Ball|p2a: Baxcalibur\n|-supereffective|p2a: Baxcalibur\n|-crit|p2a: Baxcalibur\n|-damage|p2a: Baxcalibur|0 fnt\n|faint|p2a: Baxcalibur\n|\n|-weather|Sandstorm|[upkeep]\n|-damage|p2b: Ninetales|95\/100|[from] Sandstorm\n|-damage|p1a: Harmacy|94\/100|[from] Sandstorm\n|-heal|p1a: Harmacy|100\/100|[from] item: Leftovers\n|upkeep\n|\n|t:|1697842575\n|switch|p2a: Chien-Pao|Chien-Pao|100\/100\n|-ability|p2a: Chien-Pao|Sword of Ruin\n|turn|8\n|\n|t:|1697842585\n|move|p2a: Chien-Pao|Crunch|p1a: Harmacy\n|-damage|p1a: Harmacy|52\/100\n|-damage|p2a: Chien-Pao|91\/100|[from] item: Life Orb\n|move|p2b: Ninetales|Moonblast|p1b: ThcrThnSnkr\n|-supereffective|p1b: ThcrThnSnkr\n|-damage|p1b: ThcrThnSnkr|0 fnt\n|faint|p1b: ThcrThnSnkr\n|move|p1a: Harmacy|Weather Ball|p2a: Chien-Pao\n|-supereffective|p2a: Chien-Pao\n|-damage|p2a: Chien-Pao|11\/100\n|\n|-weather|Sandstorm|[upkeep]\n|-damage|p2a: Chien-Pao|5\/100|[from] Sandstorm\n|-damage|p2b: Ninetales|89\/100|[from] Sandstorm\n|-damage|p1a: Harmacy|46\/100|[from] Sandstorm\n|-heal|p1a: Harmacy|52\/100|[from] item: Leftovers\n|upkeep\n|\n|t:|1697842593\n|switch|p1b: Weather War|Pelipper, F|100\/100\n|-weather|RainDance|[from] ability: Drizzle|[of] p1b: Weather War\n|turn|9\n|\n|t:|1697842610\n|move|p2a: Chien-Pao|Ice Spinner|p1b: Weather War\n|-damage|p1b: Weather War|45\/100\n|-damage|p2a: Chien-Pao|0 fnt|[from] item: Life Orb\n|faint|p2a: Chien-Pao\n|move|p2b: Ninetales|Blizzard|p1a: Harmacy|[spread] p1a\n|-miss|p2b: Ninetales|p1b: Weather War\n|-resisted|p1a: Harmacy\n|-damage|p1a: Harmacy|40\/100\n|move|p1b: Weather War|Hurricane|p2b: Ninetales\n|-damage|p2b: Ninetales|47\/100\n|-start|p2b: Ninetales|confusion\n|move|p1a: Harmacy|Weather Ball|p2b: Ninetales\n|-damage|p2b: Ninetales|0 fnt\n|faint|p2b: Ninetales\n|\n|win|mikeyuwu\n|raw|mikeyuwu's rating: 1213 &rarr; <strong>1238<\/strong><br \/>(+25 for winning)\n|raw|kulta's rating: 1214 &rarr; <strong>1189<\/strong><br \/>(-25 for losing)\n|l|\u2606kulta\n","uploadtime":1697842630,"views":17,"p1id":"mikeyuwu","p2id":"kulta","formatid":"gen9doublesou","rating":1189,"private":0,"password":""}