{"id":"gen9doublesou-1979483337","p1":"Zacozolt","p2":"HeyPinkmin","format":"[Gen 9] Doubles OU","log":"|j|\u2606Zacozolt\n|j|\u2606HeyPinkmin\n|t:|1698686253\n|gametype|doubles\n|player|p1|Zacozolt|fisherman-gen4|1141\n|player|p2|HeyPinkmin|169|1112\n|teamsize|p1|6\n|teamsize|p2|6\n|gen|9\n|tier|[Gen 9] Doubles OU\n|rated|\n|rule|Species Clause: Limit one of each Pok\u00e9mon\n|rule|OHKO Clause: OHKO moves are banned\n|rule|Evasion Moves Clause: Evasion moves are banned\n|rule|Gravity Sleep Clause: The combination of sleep-inducing moves with imperfect accuracy and Gravity or Gigantamax Orbeetle are banned\n|rule|Endless Battle Clause: Forcing endless battles is banned\n|rule|HP Percentage Mod: HP is shown in percentages\n|clearpoke\n|poke|p1|Torterra, M|\n|poke|p1|Murkrow, M|\n|poke|p1|Clefable, F|\n|poke|p1|Espathra, F|\n|poke|p1|Manaphy|\n|poke|p1|Bisharp, M|\n|poke|p2|Ogerpon-Hearthflame, F|\n|poke|p2|Clefairy, F|\n|poke|p2|Kommo-o, M|\n|poke|p2|Tornadus, M|\n|poke|p2|Rillaboom, F|\n|poke|p2|Landorus-Therian, M|\n|teampreview\n|\n|t:|1698686279\n|start\n|switch|p1a: Espathra|Espathra, F|100\/100\n|switch|p1b: Bisharp|Bisharp, M, shiny|100\/100\n|switch|p2a: Rillaboom|Rillaboom, F|100\/100\n|switch|p2b: Tornadus|Tornadus, M|100\/100\n|-fieldstart|move: Grassy Terrain|[from] ability: Grassy Surge|[of] p2a: Rillaboom\n|-enditem|p2a: Rillaboom|Grassy Seed\n|-boost|p2a: Rillaboom|def|1|[from] item: Grassy Seed\n|turn|1\n|\n|t:|1698686304\n|move|p2a: Rillaboom|Fake Out|p1b: Bisharp\n|-resisted|p1b: Bisharp\n|-damage|p1b: Bisharp|96\/100\n|move|p2b: Tornadus|Taunt|p1a: Espathra\n|-start|p1a: Espathra|move: Taunt\n|cant|p1a: Espathra|move: Taunt|Skill Swap\n|cant|p1b: Bisharp|flinch\n|\n|-heal|p1b: Bisharp|100\/100|[from] Grassy Terrain\n|-ability|p1a: Espathra|Speed Boost|boost\n|-boost|p1a: Espathra|spe|1\n|upkeep\n|turn|2\n|\n|t:|1698686327\n|move|p2b: Tornadus|Tailwind|p2b: Tornadus\n|-sidestart|p2: HeyPinkmin|move: Tailwind\n|move|p1a: Espathra|Dazzling Gleam|p2a: Rillaboom|[spread] p2a,p2b\n|-damage|p2a: Rillaboom|85\/100\n|-damage|p2b: Tornadus|90\/100\n|move|p2a: Rillaboom|Wood Hammer|p1a: Espathra\n|-damage|p1a: Espathra|0 fnt\n|faint|p1a: Espathra\n|-damage|p2a: Rillaboom|53\/100|[from] Recoil\n|move|p1b: Bisharp|Swords Dance|p1b: Bisharp\n|-boost|p1b: Bisharp|atk|2\n|\n|-heal|p2a: Rillaboom|59\/100|[from] Grassy Terrain\n|upkeep\n|\n|t:|1698686342\n|switch|p1a: Murkrow|Murkrow, M|100\/100\n|turn|3\n|\n|t:|1698686350\n|move|p2b: Tornadus|Taunt|p1b: Bisharp\n|-hint|Since gen 7, Dark is immune to Prankster moves.\n|-immune|p1b: Bisharp\n|move|p1a: Murkrow|Tailwind|p1a: Murkrow\n|-sidestart|p1: Zacozolt|move: Tailwind\n|move|p2a: Rillaboom|Taunt|p1a: Murkrow\n|-start|p1a: Murkrow|move: Taunt\n|move|p1b: Bisharp|Poison Jab|p2a: Rillaboom\n|-supereffective|p2a: Rillaboom\n|-damage|p2a: Rillaboom|0 fnt\n|faint|p2a: Rillaboom\n|\n|upkeep\n|\n|t:|1698686368\n|switch|p2a: Ogerpon|Ogerpon-Hearthflame, F|100\/100\n|-ability|p2a: Ogerpon|Mold Breaker\n|turn|4\n|\n|t:|1698686391\n|move|p2a: Ogerpon|Spiky Shield|p2a: Ogerpon\n|-singleturn|p2a: Ogerpon|move: Protect\n|move|p1b: Bisharp|Sucker Punch||[still]\n|-fail|p1b: Bisharp\n|move|p2b: Tornadus|Bleakwind Storm|p1b: Bisharp|[spread] p1b\n|-miss|p2b: Tornadus|p1a: Murkrow\n|-resisted|p1b: Bisharp\n|-damage|p1b: Bisharp|84\/100\n|-unboost|p1b: Bisharp|spe|1\n|-ability|p1b: Bisharp|Defiant|boost\n|-boost|p1b: Bisharp|atk|2\n|move|p1a: Murkrow|U-turn|p2a: Ogerpon\n|-activate|p2a: Ogerpon|move: Protect\n|-damage|p1a: Murkrow|88\/100|[from] Spiky Shield|[of] p2a: Ogerpon\n|\n|-heal|p1b: Bisharp|90\/100|[from] Grassy Terrain\n|upkeep\n|turn|5\n|\n|t:|1698686416\n|move|p2a: Ogerpon|Ivy Cudgel|p1b: Bisharp\n|-supereffective|p1b: Bisharp\n|-damage|p1b: Bisharp|0 fnt\n|faint|p1b: Bisharp\n|move|p2b: Tornadus|Bleakwind Storm|p1a: Murkrow\n|-damage|p1a: Murkrow|53\/100\n|-unboost|p1a: Murkrow|spe|1\n|move|p1a: Murkrow|U-turn|p2b: Tornadus\n|-resisted|p2b: Tornadus\n|-damage|p2b: Tornadus|80\/100\n|\n|t:|1698686430\n|switch|p1a: Manaphy|Manaphy|100\/100|[from] U-turn\n|\n|-sideend|p2: HeyPinkmin|move: Tailwind\n|-fieldend|move: Grassy Terrain\n|upkeep\n|\n|t:|1698686435\n|switch|p1b: Clefable|Clefable, F|100\/100\n|turn|6\n|\n|t:|1698686454\n|move|p2a: Ogerpon|Spiky Shield|p2a: Ogerpon\n|-singleturn|p2a: Ogerpon|move: Protect\n|move|p2b: Tornadus|Taunt|p1a: Manaphy\n|-start|p1a: Manaphy|move: Taunt\n|cant|p1a: Manaphy|move: Taunt|Tail Glow\n|move|p1b: Clefable|Reflect|p1b: Clefable\n|-sidestart|p1: Zacozolt|Reflect\n|\n|-sideend|p1: Zacozolt|move: Tailwind\n|upkeep\n|turn|7\n|\n|t:|1698686471\n|move|p2a: Ogerpon|Horn Leech|p1a: Manaphy\n|-supereffective|p1a: Manaphy\n|-damage|p1a: Manaphy|46\/100\n|move|p2b: Tornadus|Bleakwind Storm|p1b: Clefable|[spread] p1b\n|-miss|p2b: Tornadus|p1a: Manaphy\n|-damage|p1b: Clefable|77\/100\n|-unboost|p1b: Clefable|spe|1\n|move|p1a: Manaphy|Ice Beam|p2b: Tornadus\n|-supereffective|p2b: Tornadus\n|-damage|p2b: Tornadus|31\/100\n|move|p1b: Clefable|Dazzling Gleam|p2a: Ogerpon|[spread] p2a,p2b\n|-resisted|p2a: Ogerpon\n|-damage|p2a: Ogerpon|90\/100\n|-damage|p2b: Tornadus|17\/100\n|\n|-heal|p1a: Manaphy|52\/100|[from] item: Leftovers\n|upkeep\n|turn|8\n|\n|t:|1698686489\n|move|p1b: Clefable|Follow Me|p1b: Clefable\n|-singleturn|p1b: Clefable|move: Follow Me\n|move|p2b: Tornadus|Taunt|p1b: Clefable\n|-start|p1b: Clefable|move: Taunt\n|move|p2a: Ogerpon|Horn Leech|p1b: Clefable\n|-damage|p1b: Clefable|47\/100\n|-heal|p2a: Ogerpon|100\/100|[from] drain|[of] p1b: Clefable\n|move|p1a: Manaphy|Ice Beam|p2b: Tornadus\n|-supereffective|p2b: Tornadus\n|-damage|p2b: Tornadus|0 fnt\n|faint|p2b: Tornadus\n|\n|-heal|p1a: Manaphy|58\/100|[from] item: Leftovers\n|-end|p1a: Manaphy|move: Taunt\n|upkeep\n|\n|t:|1698686505\n|switch|p2b: Clefairy|Clefairy, F|100\/100\n|turn|9\n|\n|t:|1698686523\n|move|p1a: Manaphy|Protect|p1a: Manaphy\n|-singleturn|p1a: Manaphy|Protect\n|move|p2a: Ogerpon|Focus Energy|p2a: Ogerpon\n|-start|p2a: Ogerpon|move: Focus Energy\n|move|p2b: Clefairy|Encore|p1b: Clefable\n|-start|p1b: Clefable|Encore\n|cant|p1b: Clefable|move: Taunt|Follow Me\n|\n|-heal|p1a: Manaphy|65\/100|[from] item: Leftovers\n|upkeep\n|turn|10\n|\n|t:|1698686547\n|-terastallize|p2a: Ogerpon|Fire\n|detailschange|p2a: Ogerpon|Ogerpon-Hearthflame-Tera, F, tera:Fire\n|-ability|p2a: Ogerpon|Embody Aspect (Hearthflame)|boost\n|-boost|p2a: Ogerpon|atk|1\n|move|p2a: Ogerpon|Horn Leech|p1a: Manaphy\n|-supereffective|p1a: Manaphy\n|-crit|p1a: Manaphy\n|-damage|p1a: Manaphy|0 fnt\n|faint|p1a: Manaphy\n|move|p2b: Clefairy|Dazzling Gleam|p1b: Clefable\n|-damage|p1b: Clefable|32\/100\n|-activate|p1b: Clefable|move: Struggle\n|move|p1b: Clefable|Struggle|p2b: Clefairy\n|-damage|p2b: Clefairy|92\/100\n|-damage|p1b: Clefable|7\/100|[from] recoil\n|\n|upkeep\n|\n|t:|1698686571\n|switch|p1a: Murkrow|Murkrow, M|53\/100\n|turn|11\n|\n|t:|1698686578\n|move|p2b: Clefairy|Follow Me|p2b: Clefairy\n|-singleturn|p2b: Clefairy|move: Follow Me\n|move|p1a: Murkrow|Tailwind|p1a: Murkrow\n|-sidestart|p1: Zacozolt|move: Tailwind\n|move|p2a: Ogerpon|Ivy Cudgel|p1a: Murkrow\n|-crit|p1a: Murkrow\n|-damage|p1a: Murkrow|0 fnt\n|faint|p1a: Murkrow\n|-activate|p1b: Clefable|move: Struggle\n|move|p1b: Clefable|Struggle|p2b: Clefairy\n|-damage|p2b: Clefairy|85\/100\n|-damage|p1b: Clefable|0 fnt|[from] recoil\n|faint|p1b: Clefable\n|\n|upkeep\n|\n|t:|1698686591\n|switch|p1a: Torterra|Torterra, M|100\/100\n|turn|12\n|\n|t:|1698686598\n|move|p1a: Torterra|Earthquake|p2a: Ogerpon|[spread] p2a,p2b\n|-supereffective|p2a: Ogerpon\n|-damage|p2a: Ogerpon|21\/100\n|-damage|p2b: Clefairy|43\/100\n|move|p2a: Ogerpon|Ivy Cudgel|p1a: Torterra\n|-supereffective|p1a: Torterra\n|-damage|p1a: Torterra|0 fnt\n|faint|p1a: Torterra\n|\n|win|HeyPinkmin\n|raw|Zacozolt's rating: 1141 &rarr; <strong>1114<\/strong><br \/>(-27 for losing)\n|raw|HeyPinkmin's rating: 1112 &rarr; <strong>1139<\/strong><br \/>(+27 for winning)\n|l|\u2606Zacozolt\n|c|\u2606HeyPinkmin|gg\n","uploadtime":1698686612,"views":12,"p1id":"zacozolt","p2id":"heypinkmin","formatid":"gen9doublesou","rating":1114,"private":0,"password":""}