{"id":"gen9doublesou-1980725686","p1":"TidalWhale","p2":"Mongoose556","format":"[Gen 9] Doubles OU","log":"|j|\u2606TidalWhale\n|j|\u2606Mongoose556\n|t:|1698820162\n|gametype|doubles\n|player|p1|TidalWhale|caitlin|1301\n|player|p2|Mongoose556|may|1208\n|teamsize|p1|6\n|teamsize|p2|4\n|gen|9\n|tier|[Gen 9] Doubles OU\n|rated|\n|rule|Species Clause: Limit one of each Pok\u00e9mon\n|rule|OHKO Clause: OHKO moves are banned\n|rule|Evasion Moves Clause: Evasion moves are banned\n|rule|Gravity Sleep Clause: The combination of sleep-inducing moves with imperfect accuracy and Gravity or Gigantamax Orbeetle are banned\n|rule|Endless Battle Clause: Forcing endless battles is banned\n|rule|HP Percentage Mod: HP is shown in percentages\n|clearpoke\n|poke|p1|Sylveon, M|\n|poke|p1|Grimmsnarl, M|\n|poke|p1|Hatterene, F|\n|poke|p1|Iron Valiant|\n|poke|p1|Azumarill, M|\n|poke|p1|Tinkaton, F|\n|poke|p2|Sableye, F|\n|poke|p2|Flutter Mane|\n|poke|p2|Ceruledge, M|\n|poke|p2|Dragapult, M|\n|teampreview\n|inactive|Battle timer is ON: inactive players will automatically lose when time's up. (requested by TidalWhale)\n|\n|t:|1698820170\n|start\n|switch|p1a: Fairy Kitty|Sylveon, M|100\/100\n|switch|p1b: Fairy Troll|Grimmsnarl, M|100\/100\n|switch|p2a: Sableye|Sableye, F|100\/100\n|switch|p2b: Flutter Mane|Flutter Mane|100\/100\n|turn|1\n|\n|t:|1698820182\n|-terastallize|p2b: Flutter Mane|Fairy\n|move|p1b: Fairy Troll|Light Screen|p1b: Fairy Troll\n|-sidestart|p1: TidalWhale|move: Light Screen\n|move|p2a: Sableye|Sunny Day|p2a: Sableye\n|-weather|SunnyDay\n|-activate|p2b: Flutter Mane|ability: Protosynthesis\n|-start|p2b: Flutter Mane|protosynthesisspa\n|move|p2b: Flutter Mane|Dazzling Gleam|p1b: Fairy Troll|[spread] p1a,p1b\n|-supereffective|p1b: Fairy Troll\n|-damage|p1a: Fairy Kitty|61\/100\n|-damage|p1b: Fairy Troll|0 fnt\n|faint|p1b: Fairy Troll\n|move|p1a: Fairy Kitty|Hyper Voice|p2a: Sableye|[spread] p2a,p2b\n|-supereffective|p2a: Sableye\n|-damage|p2a: Sableye|0 fnt\n|-damage|p2b: Flutter Mane|59\/100\n|faint|p2a: Sableye\n|-enditem|p1a: Fairy Kitty|Throat Spray\n|-boost|p1a: Fairy Kitty|spa|1|[from] item: Throat Spray\n|\n|-weather|SunnyDay|[upkeep]\n|upkeep\n|\n|t:|1698820200\n|switch|p1b: Fairy Witch|Hatterene, F, shiny|100\/100\n|switch|p2a: Dragapult|Dragapult, M|100\/100\n|turn|2\n|\n|t:|1698820210\n|-terastallize|p1b: Fairy Witch|Electric\n|move|p2a: Dragapult|Shadow Ball|p1a: Fairy Kitty\n|-damage|p1a: Fairy Kitty|35\/100\n|-unboost|p1a: Fairy Kitty|spd|1\n|move|p2b: Flutter Mane|Dazzling Gleam|p1b: Fairy Witch|[spread] p1a,p1b\n|-damage|p1a: Fairy Kitty|0 fnt\n|-damage|p1b: Fairy Witch|35\/100\n|faint|p1a: Fairy Kitty\n|move|p1b: Fairy Witch|Trick Room|p1b: Fairy Witch\n|-fieldstart|move: Trick Room|[of] p1b: Fairy Witch\n|\n|-weather|SunnyDay|[upkeep]\n|-heal|p1b: Fairy Witch|41\/100|[from] item: Leftovers\n|upkeep\n|\n|t:|1698820222\n|switch|p1a: Fairy Buddy|Azumarill, M, shiny|100\/100\n|turn|3\n|\n|t:|1698820229\n|move|p1b: Fairy Witch|Dazzling Gleam|p2a: Dragapult|[spread] p2a,p2b\n|-supereffective|p2a: Dragapult\n|-crit|p2a: Dragapult\n|-enditem|p2a: Dragapult|Focus Sash\n|-damage|p2a: Dragapult|1\/100\n|-damage|p2b: Flutter Mane|21\/100\n|move|p1a: Fairy Buddy|Play Rough|p2a: Dragapult\n|-supereffective|p2a: Dragapult\n|-damage|p2a: Dragapult|0 fnt\n|faint|p2a: Dragapult\n|move|p2b: Flutter Mane|Dazzling Gleam|p1b: Fairy Witch|[spread] p1a,p1b\n|-damage|p1a: Fairy Buddy|41\/100\n|-damage|p1b: Fairy Witch|0 fnt\n|faint|p1b: Fairy Witch\n|\n|-weather|SunnyDay|[upkeep]\n|upkeep\n|\n|t:|1698820241\n|switch|p1b: Fairy Princess|Tinkaton, F, shiny|100\/100\n|switch|p2a: Ceruledge|Ceruledge, M|100\/100\n|-ability|p1b: Fairy Princess|Mold Breaker\n|turn|4\n|\n|t:|1698820251\n|move|p1a: Fairy Buddy|Liquidation|p2a: Ceruledge\n|-supereffective|p2a: Ceruledge\n|-damage|p2a: Ceruledge|21\/100\n|move|p2a: Ceruledge|Bitter Blade|p1b: Fairy Princess\n|-supereffective|p1b: Fairy Princess\n|-damage|p1b: Fairy Princess|0 fnt\n|-heal|p2a: Ceruledge|75\/100|[from] drain|[of] p1b: Fairy Princess\n|faint|p1b: Fairy Princess\n|move|p2b: Flutter Mane|Dazzling Gleam|p1a: Fairy Buddy\n|-damage|p1a: Fairy Buddy|0 fnt\n|faint|p1a: Fairy Buddy\n|\n|-weather|SunnyDay|[upkeep]\n|upkeep\n|\n|t:|1698820264\n|switch|p1b: Fairy Queen|Iron Valiant, shiny|100\/100\n|-enditem|p1b: Fairy Queen|Booster Energy\n|-activate|p1b: Fairy Queen|ability: Quark Drive|[fromitem]\n|-start|p1b: Fairy Queen|quarkdrivespe\n|turn|5\n|-message|TidalWhale forfeited.\n|\n|win|Mongoose556\n|raw|TidalWhale's rating: 1301 &rarr; <strong>1276<\/strong><br \/>(-25 for losing)\n|raw|Mongoose556's rating: 1208 &rarr; <strong>1240<\/strong><br \/>(+32 for winning)\n|l|\u2606TidalWhale\n","uploadtime":1698820281,"views":26,"p1id":"tidalwhale","p2id":"mongoose556","formatid":"gen9doublesou","rating":1240,"private":0,"password":""}