{"id":"gen9doublesou-1982646820","p1":"MajorBowman","p2":"SusejVGC","format":"[Gen 9] Doubles OU","log":"|j|\u2606MajorBowman\n|j|\u2606SusejVGC\n|t:|1699032522\n|gametype|doubles\n|player|p1|MajorBowman|#majorbowman|\n|player|p2|SusejVGC|blue|\n|teamsize|p1|6\n|teamsize|p2|6\n|gen|9\n|tier|[Gen 9] Doubles OU\n|rule|Species Clause: Limit one of each Pok\u00e9mon\n|rule|OHKO Clause: OHKO moves are banned\n|rule|Evasion Moves Clause: Evasion moves are banned\n|rule|Gravity Sleep Clause: The combination of sleep-inducing moves with imperfect accuracy and Gravity or Gigantamax Orbeetle are banned\n|rule|Endless Battle Clause: Forcing endless battles is banned\n|rule|HP Percentage Mod: HP is shown in percentages\n|clearpoke\n|poke|p1|Arcanine-Hisui, M|\n|poke|p1|Rillaboom, M|\n|poke|p1|Tornadus, M|\n|poke|p1|Ogerpon-Wellspring, F|\n|poke|p1|Chien-Pao|\n|poke|p1|Gholdengo|\n|poke|p2|Ogerpon-Wellspring, F|\n|poke|p2|Heatran, M|\n|poke|p2|Flutter Mane|\n|poke|p2|Landorus-Therian, M|\n|poke|p2|Iron Hands|\n|poke|p2|Cresselia, F|\n|teampreview\n|c|\u2606MajorBowman|can you make it public?\n|j| Shiritu\n|j| Electrovalvula\n|l| Electrovalvula\n|j| TKBS\n|j| qsns\n|c|\u2606SusejVGC|how do I do that?\n|c|\u2606MajorBowman|\/\/publicroom i think\n|c|\u2606SusejVGC|\/log SusejVGC made this room public.\n|c|\u2606MajorBowman|thanks\n|c|\u2606MajorBowman|glhf\n|c|\u2606SusejVGC|yep hahahaha\n|c|\u2606SusejVGC|np :)\n|j| a spiffy spaceman\n|\n|t:|1699032647\n|start\n|switch|p1a: Arcanine|Arcanine-Hisui, M|100\/100\n|switch|p1b: Ogerpon|Ogerpon-Wellspring, F|100\/100\n|switch|p2a: Landorus|Landorus-Therian, M|100\/100\n|switch|p2b: Heatran|Heatran, M, shiny|100\/100\n|-ability|p2a: Landorus|Intimidate|boost\n|-unboost|p1a: Arcanine|atk|1\n|-unboost|p1b: Ogerpon|atk|1\n|-ability|p1a: Arcanine|Intimidate|boost\n|-unboost|p2a: Landorus|atk|1\n|-unboost|p2b: Heatran|atk|1\n|turn|1\n|j| theyummybagel\n|j| Contest hater\n|\n|t:|1699032670\n|switch|p1a: Tornadus|Tornadus, M|100\/100\n|move|p1b: Ogerpon|Spiky Shield|p1b: Ogerpon\n|-singleturn|p1b: Ogerpon|move: Protect\n|move|p2b: Heatran|Protect|p2b: Heatran\n|-singleturn|p2b: Heatran|Protect\n|move|p2a: Landorus|U-turn|p1b: Ogerpon\n|-activate|p1b: Ogerpon|move: Protect\n|-damage|p2a: Landorus|88\/100|[from] Spiky Shield|[of] p1b: Ogerpon\n|\n|upkeep\n|turn|2\n|j| juega persona\n|j| car dentist\n|j| seroo@!\n|\n|t:|1699032714\n|switch|p2a: Ogerpon|Ogerpon-Wellspring, F|100\/100\n|switch|p2b: Cresselia|Cresselia, F, shiny|100\/100\n|move|p1a: Tornadus|Rain Dance|p1a: Tornadus\n|-weather|RainDance\n|move|p1b: Ogerpon|Ivy Cudgel|p2b: Cresselia\n|-damage|p2b: Cresselia|66\/100\n|\n|-weather|RainDance|[upkeep]\n|upkeep\n|turn|3\n|\n|t:|1699032743\n|move|p2a: Ogerpon|Spiky Shield|p2a: Ogerpon\n|-singleturn|p2a: Ogerpon|move: Protect\n|move|p1a: Tornadus|Bleakwind Storm|p2a: Ogerpon|[spread] p2b\n|-activate|p2a: Ogerpon|move: Protect\n|-damage|p2b: Cresselia|46\/100\n|move|p1b: Ogerpon|Swords Dance|p1b: Ogerpon\n|-boost|p1b: Ogerpon|atk|2\n|move|p2b: Cresselia|Trick Room|p2b: Cresselia\n|-fieldstart|move: Trick Room|[of] p2b: Cresselia\n|\n|-weather|RainDance|[upkeep]\n|upkeep\n|turn|4\n|j| Smudge\n|j| RelicanthPrimal<><\n|j| AIRedzone\n|\n|t:|1699032762\n|switch|p2b: Iron Hands|Iron Hands|100\/100\n|switch|p1a: Rillaboom|Rillaboom, M|100\/100\n|-fieldstart|move: Grassy Terrain|[from] ability: Grassy Surge|[of] p1a: Rillaboom\n|move|p1b: Ogerpon|Ivy Cudgel|p2b: Iron Hands\n|-damage|p2b: Iron Hands|26\/100\n|move|p2a: Ogerpon|Ivy Cudgel|p1a: Rillaboom\n|-resisted|p1a: Rillaboom\n|-crit|p1a: Rillaboom\n|-damage|p1a: Rillaboom|37\/100\n|\n|-weather|RainDance|[upkeep]\n|-heal|p2b: Iron Hands|32\/100|[from] Grassy Terrain\n|-heal|p1a: Rillaboom|43\/100|[from] Grassy Terrain\n|upkeep\n|turn|5\n|j|+Mizuhime\n|j|+daawesomedude1 (\n|j| Charmdi\n|j| Heartsteel Sett\n|j| Tenzai\n|\n|t:|1699032802\n|move|p2b: Iron Hands|Fake Out|p1a: Rillaboom\n|-damage|p1a: Rillaboom|30\/100\n|cant|p1a: Rillaboom|flinch\n|move|p1b: Ogerpon|Grassy Glide|p2b: Iron Hands\n|-damage|p2b: Iron Hands|0 fnt\n|faint|p2b: Iron Hands\n|-end|p2b: Iron Hands|Quark Drive|[silent]\n|move|p2a: Ogerpon|Ivy Cudgel|p1a: Rillaboom\n|-resisted|p1a: Rillaboom\n|-damage|p1a: Rillaboom|0 fnt\n|faint|p1a: Rillaboom\n|\n|-weather|RainDance|[upkeep]\n|upkeep\n|j|+Frixel\n|c|+Mizuhime|is that legendary users majorbowman...\n|c| kaori\u273f|users?\n|c| kaori\u273f|implying ghosting?\n|c|+Mizuhime|yeah 2 people\n|c| AIRedzone|all of them\n|c|\u2606MajorBowman|i am many\n|\n|t:|1699032837\n|switch|p2b: Landorus|Landorus-Therian, M|88\/100\n|switch|p1a: Gholdengo|Gholdengo|100\/100\n|-ability|p2b: Landorus|Intimidate|boost\n|-unboost|p1a: Gholdengo|atk|1\n|-unboost|p1b: Ogerpon|atk|1\n|turn|6\n|c|+Mizuhime|omnipotent\n|j|+Actuarily\n|j| miirzaa\n|l| miirzaa\n|\n|t:|1699032891\n|-terastallize|p2b: Landorus|Flying\n|move|p1b: Ogerpon|Swords Dance|p1b: Ogerpon\n|-boost|p1b: Ogerpon|atk|2\n|move|p1a: Gholdengo|Make It Rain|p2b: Landorus|[spread] p2a,p2b\n|-resisted|p2a: Ogerpon\n|-damage|p2a: Ogerpon|64\/100\n|-damage|p2b: Landorus|0 fnt\n|-unboost|p1a: Gholdengo|spa|1\n|faint|p2b: Landorus\n|move|p2a: Ogerpon|Ivy Cudgel|p1a: Gholdengo\n|-damage|p1a: Gholdengo|0 fnt\n|faint|p1a: Gholdengo\n|\n|-weather|none\n|-heal|p2a: Ogerpon|70\/100|[from] Grassy Terrain\n|upkeep\n|j| ratpacker\n|c| kaori\u273f|holy shit\n|\n|t:|1699032963\n|switch|p2b: Flutter Mane|Flutter Mane|100\/100\n|switch|p1a: Chien-Pao|Chien-Pao|100\/100\n|-ability|p1a: Chien-Pao|Sword of Ruin\n|turn|7\n|l| RelicanthPrimal<><\n|j| RelicanthPrimal<><\n|j| Feyette\n|j| Lunarr\n|\n|t:|1699033009\n|-end|p2b: Flutter Mane|Protosynthesis|[silent]\n|switch|p2b: Cresselia|Cresselia, F, shiny|46\/100\n|-terastallize|p1a: Chien-Pao|Dark\n|move|p2a: Ogerpon|Spiky Shield|p2a: Ogerpon\n|-singleturn|p2a: Ogerpon|move: Protect\n|move|p1b: Ogerpon|Grassy Glide|p2a: Ogerpon\n|-activate|p2a: Ogerpon|move: Protect\n|-damage|p1b: Ogerpon|88\/100|[from] Spiky Shield|[of] p2a: Ogerpon\n|move|p1a: Chien-Pao|Sucker Punch||[still]\n|-fail|p1a: Chien-Pao\n|\n|-heal|p1b: Ogerpon|94\/100|[from] Grassy Terrain\n|-heal|p2a: Ogerpon|76\/100|[from] Grassy Terrain\n|-fieldend|move: Trick Room\n|upkeep\n|turn|8\n|l| Lunarr\n|l| Heartsteel Sett\n|\n|t:|1699033075\n|switch|p2a: Heatran|Heatran, M, shiny|100\/100\n|move|p1b: Ogerpon|Grassy Glide|p2b: Cresselia\n|-damage|p2b: Cresselia|0 fnt\n|faint|p2b: Cresselia\n|move|p1a: Chien-Pao|Icicle Crash|p2a: Heatran|[miss]\n|-miss|p1a: Chien-Pao|p2a: Heatran\n|\n|-heal|p1b: Ogerpon|99\/100|[from] Grassy Terrain\n|-fieldend|move: Grassy Terrain\n|upkeep\n|j| Heerv\n|\n|t:|1699033132\n|switch|p2b: Ogerpon|Ogerpon-Wellspring, F|76\/100\n|turn|9\n|\n|t:|1699033147\n|move|p2b: Ogerpon|Spiky Shield|p2b: Ogerpon\n|-singleturn|p2b: Ogerpon|move: Protect\n|move|p1b: Ogerpon|Spiky Shield|p1b: Ogerpon\n|-singleturn|p1b: Ogerpon|move: Protect\n|move|p1a: Chien-Pao|Sacred Sword|p2a: Heatran\n|-supereffective|p2a: Heatran\n|-damage|p2a: Heatran|8\/100\n|-damage|p1a: Chien-Pao|91\/100|[from] item: Life Orb\n|move|p2a: Heatran|Heat Wave|p1a: Chien-Pao|[spread] \n|-activate|p1b: Ogerpon|move: Protect\n|-miss|p2a: Heatran|p1a: Chien-Pao\n|\n|-heal|p2a: Heatran|15\/100|[from] item: Leftovers\n|upkeep\n|turn|10\n|l| Contest hater\n|\n|t:|1699033180\n|move|p1a: Chien-Pao|Icicle Crash|p2b: Ogerpon\n|-crit|p2b: Ogerpon\n|-damage|p2b: Ogerpon|0 fnt\n|faint|p2b: Ogerpon\n|-damage|p1a: Chien-Pao|81\/100|[from] item: Life Orb\n|move|p1b: Ogerpon|Grassy Glide|p2a: Heatran\n|-resisted|p2a: Heatran\n|-damage|p2a: Heatran|0 fnt\n|faint|p2a: Heatran\n|\n|upkeep\n|\n|t:|1699033190\n|switch|p2b: Flutter Mane|Flutter Mane|100\/100\n|turn|11\n|\n|t:|1699033193\n|move|p1a: Chien-Pao|Sucker Punch|p2b: Flutter Mane\n|-damage|p2b: Flutter Mane|0 fnt\n|faint|p2b: Flutter Mane\n|-end|p2b: Flutter Mane|Protosynthesis|[silent]\n|-damage|p1a: Chien-Pao|71\/100|[from] item: Life Orb\n|\n|win|MajorBowman\n|l|+Actuarily\n|j| Flying Beagle\n|l| juega persona\n|l| AIRedzone\n|l| a spiffy spaceman\n|j| ina fable.\n|c|\u2606SusejVGC|gg\n|c|\u2606MajorBowman|gg\n","uploadtime":1699033202,"views":182,"p1id":"majorbowman","p2id":"susejvgc","formatid":"gen9doublesou","rating":0,"private":0,"password":""}