{"id":"gen9doublesou-1968589615","p1":"Sargenbob","p2":"jwbbdbdbd","format":"[Gen 9] Doubles OU","log":"|j|\u2606Sargenbob\n|j|\u2606jwbbdbdbd\n|t:|1697438493\n|gametype|doubles\n|player|p1|Sargenbob|red|1147\n|player|p2|jwbbdbdbd|1|1000\n|teamsize|p1|6\n|teamsize|p2|6\n|gen|9\n|tier|[Gen 9] Doubles OU\n|rated|\n|rule|Species Clause: Limit one of each Pok\u00e9mon\n|rule|OHKO Clause: OHKO moves are banned\n|rule|Evasion Moves Clause: Evasion moves are banned\n|rule|Gravity Sleep Clause: The combination of sleep-inducing moves with imperfect accuracy and Gravity or Gigantamax Orbeetle are banned\n|rule|Endless Battle Clause: Forcing endless battles is banned\n|rule|HP Percentage Mod: HP is shown in percentages\n|clearpoke\n|poke|p1|Ursaluna-Bloodmoon, M|\n|poke|p1|Murkrow, M|\n|poke|p1|Kilowattrel, M|\n|poke|p1|Brambleghast, M|\n|poke|p1|Tinkaton, F|\n|poke|p1|Chi-Yu|\n|poke|p2|Greninja-*, M|\n|poke|p2|Amoonguss, M|\n|poke|p2|Politoed, F|\n|poke|p2|Gengar, F|\n|poke|p2|Blissey, F|\n|poke|p2|Corviknight, F|\n|teampreview\n|inactive|Battle timer is ON: inactive players will automatically lose when time's up. (requested by Sargenbob)\n|\n|t:|1697438505\n|start\n|switch|p1a: \u6232\u78bc\u70ba\u81ea\u5df1|Murkrow, M, shiny|100\/100\n|switch|p1b: Perigrin|Kilowattrel, M|100\/100\n|switch|p2a: Blissey|Blissey, F|100\/100\n|switch|p2b: Greninja|Greninja, M|100\/100\n|turn|1\n|\n|t:|1697438527\n|move|p1a: \u6232\u78bc\u70ba\u81ea\u5df1|Tailwind|p1a: \u6232\u78bc\u70ba\u81ea\u5df1\n|-sidestart|p1: Sargenbob|move: Tailwind\n|-start|p1b: Perigrin|Charge|Tailwind|[from] ability: Wind Power\n|move|p1b: Perigrin|Thunderbolt|p2b: Greninja\n|-supereffective|p2b: Greninja\n|-damage|p2b: Greninja|0 fnt\n|faint|p2b: Greninja\n|-damage|p1b: Perigrin|91\/100|[from] item: Life Orb\n|-end|p1b: Perigrin|Charge|[silent]\n|move|p2a: Blissey|Ice Beam|p1b: Perigrin\n|-supereffective|p1b: Perigrin\n|-damage|p1b: Perigrin|31\/100\n|\n|upkeep\n|inactive|jwbbdbdbd has 120 seconds left.\n|\n|t:|1697438546\n|switch|p2b: Amoonguss|Amoonguss, M|100\/100\n|turn|2\n|\n|t:|1697438556\n|move|p1a: \u6232\u78bc\u70ba\u81ea\u5df1|Taunt|p2a: Blissey\n|-start|p2a: Blissey|move: Taunt\n|move|p1b: Perigrin|Air Slash|p2b: Amoonguss\n|-supereffective|p2b: Amoonguss\n|-damage|p2b: Amoonguss|23\/100\n|-damage|p1b: Perigrin|21\/100|[from] item: Life Orb\n|cant|p2a: Blissey|move: Taunt|Sing\n|cant|p2b: Amoonguss|flinch\n|\n|-heal|p2b: Amoonguss|29\/100|[from] item: Leftovers\n|upkeep\n|turn|3\n|\n|t:|1697438574\n|switch|p2a: Gengar|Gengar, F|100\/100\n|switch|p2b: Corviknight|Corviknight, F|100\/100\n|-ability|p2b: Corviknight|Pressure\n|move|p1a: \u6232\u78bc\u70ba\u81ea\u5df1|Protect|p1a: \u6232\u78bc\u70ba\u81ea\u5df1\n|-singleturn|p1a: \u6232\u78bc\u70ba\u81ea\u5df1|Protect\n|move|p1b: Perigrin|Air Slash|p2b: Corviknight\n|-resisted|p2b: Corviknight\n|-damage|p2b: Corviknight|75\/100\n|-damage|p1b: Perigrin|12\/100|[from] item: Life Orb\n|\n|upkeep\n|turn|4\n|\n|t:|1697438594\n|move|p1a: \u6232\u78bc\u70ba\u81ea\u5df1|Taunt|p2b: Corviknight\n|-start|p2b: Corviknight|move: Taunt\n|move|p1b: Perigrin|Volt Switch|p2a: Gengar\n|-damage|p2a: Gengar|65\/100\n|-damage|p1b: Perigrin|2\/100|[from] item: Life Orb\n|\n|t:|1697438603\n|switch|p1b: Keanu|Brambleghast, M|100\/100|[from] Volt Switch\n|-ability|p1b: Keanu|Wind Rider|boost\n|-boost|p1b: Keanu|atk|1\n|move|p2a: Gengar|Poltergeist|p1b: Keanu|[miss]\n|-miss|p2a: Gengar|p1b: Keanu\n|move|p2b: Corviknight|Air Slash|p1a: \u6232\u78bc\u70ba\u81ea\u5df1\n|-damage|p1a: \u6232\u78bc\u70ba\u81ea\u5df1|78\/100\n|-damage|p2b: Corviknight|65\/100|[from] item: Life Orb\n|\n|-sideend|p1: Sargenbob|move: Tailwind\n|upkeep\n|turn|5\n|\n|t:|1697438625\n|move|p1a: \u6232\u78bc\u70ba\u81ea\u5df1|Tailwind|p1a: \u6232\u78bc\u70ba\u81ea\u5df1\n|-sidestart|p1: Sargenbob|move: Tailwind\n|-ability|p1b: Keanu|Wind Rider|boost\n|-boost|p1b: Keanu|atk|1\n|move|p1b: Keanu|Phantom Force||[still]\n|-prepare|p1b: Keanu|Phantom Force\n|-enditem|p1b: Keanu|Power Herb\n|-anim|p1b: Keanu|Phantom Force|p2a: Gengar\n|-supereffective|p2a: Gengar\n|-damage|p2a: Gengar|0 fnt\n|faint|p2a: Gengar\n|move|p2b: Corviknight|Air Slash|p1b: Keanu\n|-supereffective|p1b: Keanu\n|-damage|p1b: Keanu|26\/100\n|-damage|p2b: Corviknight|55\/100|[from] item: Life Orb\n|\n|upkeep\n|inactive|jwbbdbdbd has 120 seconds left.\n|\n|t:|1697438641\n|switch|p2a: Politoed|Politoed, F|100\/100\n|-weather|RainDance|[from] ability: Drizzle|[of] p2a: Politoed\n|turn|6\n|\n|t:|1697438650\n|move|p1a: \u6232\u78bc\u70ba\u81ea\u5df1|Protect|p1a: \u6232\u78bc\u70ba\u81ea\u5df1\n|-singleturn|p1a: \u6232\u78bc\u70ba\u81ea\u5df1|Protect\n|move|p1b: Keanu|Power Whip|p2a: Politoed\n|-supereffective|p2a: Politoed\n|-damage|p2a: Politoed|0 fnt\n|faint|p2a: Politoed\n|move|p2b: Corviknight|Air Slash|p1b: Keanu\n|-supereffective|p1b: Keanu\n|-damage|p1b: Keanu|0 fnt\n|faint|p1b: Keanu\n|-damage|p2b: Corviknight|45\/100|[from] item: Life Orb\n|\n|-weather|RainDance|[upkeep]\n|-end|p2b: Corviknight|move: Taunt\n|upkeep\n|\n|t:|1697438666\n|switch|p1b: Moon Knight|Ursaluna-Bloodmoon, M|100\/100\n|switch|p2a: Blissey|Blissey, F|100\/100\n|turn|7\n|\n|t:|1697438677\n|move|p1a: \u6232\u78bc\u70ba\u81ea\u5df1|Taunt|p2a: Blissey\n|-start|p2a: Blissey|move: Taunt\n|move|p1b: Moon Knight|Blood Moon|p2b: Corviknight\n|-resisted|p2b: Corviknight\n|-damage|p2b: Corviknight|0 fnt\n|faint|p2b: Corviknight\n|cant|p2a: Blissey|move: Taunt|Sing\n|\n|-weather|RainDance|[upkeep]\n|upkeep\n|\n|t:|1697438687\n|switch|p2b: Amoonguss|Amoonguss, M|29\/100\n|turn|8\n|\n|t:|1697438694\n|move|p1a: \u6232\u78bc\u70ba\u81ea\u5df1|Protect|p1a: \u6232\u78bc\u70ba\u81ea\u5df1\n|-singleturn|p1a: \u6232\u78bc\u70ba\u81ea\u5df1|Protect\n|move|p1b: Moon Knight|Vacuum Wave|p2b: Amoonguss\n|-resisted|p2b: Amoonguss\n|-damage|p2b: Amoonguss|22\/100\n|move|p2a: Blissey|Dazzling Gleam|p1b: Moon Knight|[spread] p1b\n|-activate|p1a: \u6232\u78bc\u70ba\u81ea\u5df1|move: Protect\n|-damage|p1b: Moon Knight|88\/100\n|move|p2b: Amoonguss|Sludge Bomb|p1a: \u6232\u78bc\u70ba\u81ea\u5df1\n|-activate|p1a: \u6232\u78bc\u70ba\u81ea\u5df1|move: Protect\n|\n|-weather|RainDance|[upkeep]\n|-heal|p1b: Moon Knight|94\/100|[from] item: Leftovers\n|-heal|p2b: Amoonguss|28\/100|[from] item: Leftovers\n|-sideend|p1: Sargenbob|move: Tailwind\n|upkeep\n|turn|9\n|\n|t:|1697438714\n|move|p1a: \u6232\u78bc\u70ba\u81ea\u5df1|Tailwind|p1a: \u6232\u78bc\u70ba\u81ea\u5df1\n|-sidestart|p1: Sargenbob|move: Tailwind\n|move|p1b: Moon Knight|Blood Moon|p2b: Amoonguss\n|-damage|p2b: Amoonguss|0 fnt\n|faint|p2b: Amoonguss\n|move|p2a: Blissey|Body Slam|p1b: Moon Knight\n|-crit|p1b: Moon Knight\n|-damage|p1b: Moon Knight|87\/100\n|-status|p1b: Moon Knight|par\n|\n|-weather|RainDance|[upkeep]\n|-heal|p1b: Moon Knight|93\/100 par|[from] item: Leftovers\n|-end|p2a: Blissey|move: Taunt\n|upkeep\n|turn|10\n|\n|t:|1697438728\n|move|p1a: \u6232\u78bc\u70ba\u81ea\u5df1|Taunt|p2a: Blissey\n|-start|p2a: Blissey|move: Taunt\n|move|p2a: Blissey|Ice Beam|p1a: \u6232\u78bc\u70ba\u81ea\u5df1\n|-supereffective|p1a: \u6232\u78bc\u70ba\u81ea\u5df1\n|-damage|p1a: \u6232\u78bc\u70ba\u81ea\u5df1|43\/100\n|-status|p1a: \u6232\u78bc\u70ba\u81ea\u5df1|frz\n|move|p1b: Moon Knight|Calm Mind|p1b: Moon Knight\n|-boost|p1b: Moon Knight|spa|1\n|-boost|p1b: Moon Knight|spd|1\n|\n|-weather|none\n|-heal|p1b: Moon Knight|99\/100 par|[from] item: Leftovers\n|upkeep\n|turn|11\n|\n|t:|1697438742\n|switch|p1a: Kirby|Tinkaton, F|100\/100\n|-ability|p1a: Kirby|Mold Breaker\n|move|p2a: Blissey|Dazzling Gleam|p1a: Kirby|[spread] p1a,p1b\n|-resisted|p1a: Kirby\n|-damage|p1a: Kirby|95\/100\n|-damage|p1b: Moon Knight|90\/100 par\n|move|p1b: Moon Knight|Blood Moon|p2a: Blissey\n|-damage|p2a: Blissey|56\/100\n|\n|-heal|p1b: Moon Knight|96\/100 par|[from] item: Leftovers\n|upkeep\n|turn|12\n|\n|t:|1697438755\n|move|p1a: Kirby|Fake Out|p2a: Blissey\n|-damage|p2a: Blissey|40\/100\n|cant|p2a: Blissey|flinch\n|move|p1b: Moon Knight|Calm Mind|p1b: Moon Knight\n|-boost|p1b: Moon Knight|spa|1\n|-boost|p1b: Moon Knight|spd|1\n|\n|-heal|p1b: Moon Knight|100\/100 par|[from] item: Leftovers\n|-end|p2a: Blissey|move: Taunt\n|-sideend|p1: Sargenbob|move: Tailwind\n|upkeep\n|turn|13\n|\n|t:|1697438763\n|move|p1a: Kirby|Gigaton Hammer|p2a: Blissey\n|-damage|p2a: Blissey|0 fnt\n|faint|p2a: Blissey\n|\n|win|Sargenbob\n|raw|Sargenbob's rating: 1147 &rarr; <strong>1162<\/strong><br \/>(+15 for winning)\n|raw|jwbbdbdbd's rating: 1000 &rarr; <strong>1000<\/strong><br \/>(+0 for losing)\n|l|\u2606jwbbdbdbd\n","uploadtime":1697438768,"views":20,"p1id":"sargenbob","p2id":"jwbbdbdbd","formatid":"gen9doublesou","rating":1000,"private":0,"password":""}