{"id":"gen9doublesou-1978567214","p1":"Fire410","p2":"noobhoee","format":"[Gen 9] Doubles OU","log":"|j|\u2606Fire410\n|j|\u2606noobhoee\n|t:|1698557325\n|gametype|doubles\n|player|p1|Fire410|koga|1216\n|player|p2|noobhoee|swimmerf-gen4|1131\n|teamsize|p1|6\n|teamsize|p2|6\n|gen|9\n|tier|[Gen 9] Doubles OU\n|rated|\n|rule|Species Clause: Limit one of each Pok\u00e9mon\n|rule|OHKO Clause: OHKO moves are banned\n|rule|Evasion Moves Clause: Evasion moves are banned\n|rule|Gravity Sleep Clause: The combination of sleep-inducing moves with imperfect accuracy and Gravity or Gigantamax Orbeetle are banned\n|rule|Endless Battle Clause: Forcing endless battles is banned\n|rule|HP Percentage Mod: HP is shown in percentages\n|clearpoke\n|poke|p1|Iron Hands|\n|poke|p1|Landorus-Therian, M|\n|poke|p1|Ogerpon-Wellspring, F|\n|poke|p1|Tornadus, M|\n|poke|p1|Sinistcha-Masterpiece|\n|poke|p1|Iron Bundle|\n|poke|p2|Amoonguss, F|\n|poke|p2|Manaphy|\n|poke|p2|Pelipper, M|\n|poke|p2|Cresselia, F|\n|poke|p2|Flamigo, M|\n|poke|p2|Sinistcha-Masterpiece|\n|teampreview\n|inactive|Battle timer is ON: inactive players will automatically lose when time's up. (requested by noobhoee)\n|\n|t:|1698557352\n|start\n|switch|p1a: Ogerpon|Ogerpon-Wellspring, F|100\/100\n|switch|p1b: Iron Bundle|Iron Bundle|100\/100\n|switch|p2a: Pelipper|Pelipper, M|100\/100\n|switch|p2b: Manaphy|Manaphy, shiny|100\/100\n|-weather|RainDance|[from] ability: Drizzle|[of] p2a: Pelipper\n|-enditem|p1b: Iron Bundle|Booster Energy\n|-activate|p1b: Iron Bundle|ability: Quark Drive|[fromitem]\n|-start|p1b: Iron Bundle|quarkdrivespe\n|turn|1\n|\n|t:|1698557376\n|switch|p2b: Cresselia|Cresselia, F, shiny|100\/100\n|move|p1b: Iron Bundle|Ice Beam|p2a: Pelipper\n|-damage|p2a: Pelipper|51\/100\n|move|p1a: Ogerpon|Swords Dance|p1a: Ogerpon\n|-boost|p1a: Ogerpon|atk|2\n|move|p2a: Pelipper|Tailwind|p2a: Pelipper\n|-sidestart|p2: noobhoee|move: Tailwind\n|\n|-weather|RainDance|[upkeep]\n|upkeep\n|turn|2\n|\n|t:|1698557395\n|-terastallize|p1a: Ogerpon|Water\n|detailschange|p1a: Ogerpon|Ogerpon-Wellspring-Tera, F, tera:Water\n|-ability|p1a: Ogerpon|Embody Aspect (Wellspring)|boost\n|-boost|p1a: Ogerpon|spd|1\n|move|p2b: Cresselia|Trick||[still]\n|-fail|p2b: Cresselia\n|move|p1b: Iron Bundle|Freeze-Dry|p2a: Pelipper\n|-supereffective|p2a: Pelipper\n|-damage|p2a: Pelipper|0 fnt\n|faint|p2a: Pelipper\n|move|p1a: Ogerpon|Ivy Cudgel|p2b: Cresselia\n|-damage|p2b: Cresselia|0 fnt\n|faint|p2b: Cresselia\n|\n|-weather|RainDance|[upkeep]\n|upkeep\n|inactive|noobhoee has 120 seconds left.\n|\n|t:|1698557425\n|switch|p2b: Amoonguss|Amoonguss, F|100\/100\n|switch|p2a: Flamigo|Flamigo, M|100\/100\n|-copyboost|p2a: Flamigo|p2b: Amoonguss|[from] ability: Costar\n|turn|3\n|inactive|noobhoee has 120 seconds left.\n|\n|t:|1698557451\n|-terastallize|p2a: Flamigo|Steel\n|move|p1a: Ogerpon|Spiky Shield|p1a: Ogerpon\n|-singleturn|p1a: Ogerpon|move: Protect\n|move|p2a: Flamigo|Low Kick|p1b: Iron Bundle\n|-supereffective|p1b: Iron Bundle\n|-damage|p1b: Iron Bundle|43\/100\n|move|p1b: Iron Bundle|Ice Beam|p2b: Amoonguss\n|-supereffective|p2b: Amoonguss\n|-damage|p2b: Amoonguss|19\/100\n|move|p2b: Amoonguss|Grass Knot|p1a: Ogerpon\n|-activate|p1a: Ogerpon|move: Protect\n|-damage|p2b: Amoonguss|6\/100|[from] Spiky Shield|[of] p1a: Ogerpon\n|\n|-weather|RainDance|[upkeep]\n|-heal|p2b: Amoonguss|12\/100|[from] item: Black Sludge\n|upkeep\n|turn|4\n|\n|t:|1698557472\n|-end|p1b: Iron Bundle|Quark Drive|[silent]\n|switch|p1b: Landorus|Landorus-Therian, M|100\/100\n|-ability|p1b: Landorus|Intimidate|boost\n|-unboost|p2a: Flamigo|atk|1\n|-unboost|p2b: Amoonguss|atk|1\n|move|p2a: Flamigo|Low Kick|p1b: Landorus\n|-resisted|p1b: Landorus\n|-damage|p1b: Landorus|85\/100\n|move|p1a: Ogerpon|Ivy Cudgel|p2a: Flamigo\n|-damage|p2a: Flamigo|0 fnt\n|faint|p2a: Flamigo\n|move|p2b: Amoonguss|Grass Knot|p1a: Ogerpon\n|-supereffective|p1a: Ogerpon\n|-damage|p1a: Ogerpon|69\/100\n|\n|-weather|RainDance|[upkeep]\n|-heal|p2b: Amoonguss|19\/100|[from] item: Black Sludge\n|-sideend|p2: noobhoee|move: Tailwind\n|upkeep\n|inactive|noobhoee has 120 seconds left.\n|\n|t:|1698557502\n|switch|p2a: Manaphy|Manaphy, shiny|100\/100\n|turn|5\n|inactive|Fire410 has 120 seconds left.\n|\n|t:|1698557534\n|move|p1b: Landorus|U-turn|p2b: Amoonguss\n|-damage|p2b: Amoonguss|0 fnt\n|-status|p1b: Landorus|par|[from] ability: Effect Spore|[of] p2b: Amoonguss\n|faint|p2b: Amoonguss\n|\n|t:|1698557539\n|switch|p1b: Iron Hands|Iron Hands|100\/100|[from] U-turn\n|move|p1a: Ogerpon|Horn Leech|p2a: Manaphy\n|-supereffective|p2a: Manaphy\n|-damage|p2a: Manaphy|0 fnt\n|-heal|p1a: Ogerpon|100\/100|[from] drain|[of] p2a: Manaphy\n|faint|p2a: Manaphy\n|\n|-weather|RainDance|[upkeep]\n|upkeep\n|inactive|noobhoee has 120 seconds left.\n|l|\u2606noobhoee\n|inactive|noobhoee disconnected and has a minute to reconnect!\n|player|p2|\n|c|\u2606Fire410|prolly shouldve set manaphy up with tail glow then used costar\n|c|\u2606Fire410|nvm\n|inactive|noobhoee has 30 seconds to reconnect!\n|inactive|noobhoee has 20 seconds to reconnect!\n|inactive|noobhoee has 15 seconds to reconnect!\n|inactive|noobhoee has 10 seconds to reconnect!\n|inactive|noobhoee has 5 seconds to reconnect!\n|-message|noobhoee lost due to inactivity.\n|\n|win|Fire410\n|raw|Fire410's rating: 1216 &rarr; <strong>1235<\/strong><br \/>(+19 for winning)\n|raw|noobhoee's rating: 1131 &rarr; <strong>1112<\/strong><br \/>(-19 for losing)\n","uploadtime":1698557629,"views":25,"p1id":"fire410","p2id":"noobhoee","formatid":"gen9doublesou","rating":1112,"private":0,"password":""}