{"id":"gen9doublesou-1982010902","p1":"BryanDXY","p2":"TNTvale","format":"[Gen 9] Doubles OU","log":"|j|\u2606BryanDXY\n|j|\u2606TNTvale\n|t:|1698959405\n|gametype|doubles\n|player|p1|BryanDXY|1|1294\n|player|p2|TNTvale|waiter|1314\n|teamsize|p1|6\n|teamsize|p2|6\n|gen|9\n|tier|[Gen 9] Doubles OU\n|rated|\n|rule|Species Clause: Limit one of each Pok\u00e9mon\n|rule|OHKO Clause: OHKO moves are banned\n|rule|Evasion Moves Clause: Evasion moves are banned\n|rule|Gravity Sleep Clause: The combination of sleep-inducing moves with imperfect accuracy and Gravity or Gigantamax Orbeetle are banned\n|rule|Endless Battle Clause: Forcing endless battles is banned\n|rule|HP Percentage Mod: HP is shown in percentages\n|clearpoke\n|poke|p1|Corviknight, F|\n|poke|p1|Amoonguss, M|\n|poke|p1|Talonflame, M|\n|poke|p1|Ninetales-Alola, F|\n|poke|p1|Basculegion-F, F|\n|poke|p1|Roaring Moon|\n|poke|p2|Regidrago|\n|poke|p2|Tornadus, M|\n|poke|p2|Chandelure, F|\n|poke|p2|Torkoal, M|\n|poke|p2|Maushold-Four|\n|poke|p2|Sinistcha-Masterpiece|\n|teampreview\n|\n|t:|1698959416\n|start\n|switch|p1a: Talonflame|Talonflame, M|100\/100\n|switch|p1b: Basculegion|Basculegion-F, F|100\/100\n|switch|p2a: Tornadus|Tornadus, M|100\/100\n|switch|p2b: Regidrago|Regidrago|100\/100\n|turn|1\n|inactive|Battle timer is ON: inactive players will automatically lose when time's up. (requested by BryanDXY)\n|\n|t:|1698959436\n|move|p2a: Tornadus|Tailwind|p2a: Tornadus\n|-sidestart|p2: TNTvale|move: Tailwind\n|move|p1a: Talonflame|Taunt|p2a: Tornadus\n|-start|p2a: Tornadus|move: Taunt\n|move|p2b: Regidrago|Dragon Energy|p1b: Basculegion|[spread] p1a,p1b\n|-damage|p1a: Talonflame|2\/100\n|-damage|p1b: Basculegion|4\/100\n|move|p1b: Basculegion|Substitute|p1b: Basculegion\n|-fail|p1b: Basculegion|move: Substitute|[weak]\n|\n|-heal|p1b: Basculegion|10\/100|[from] item: Leftovers\n|upkeep\n|turn|2\n|\n|t:|1698959454\n|move|p2a: Tornadus|Icy Wind|p1a: Talonflame|[spread] p1a,p1b\n|-resisted|p1b: Basculegion\n|-damage|p1a: Talonflame|0 fnt\n|-damage|p1b: Basculegion|1\/100\n|-unboost|p1b: Basculegion|spe|1\n|faint|p1a: Talonflame\n|move|p2b: Regidrago|Earth Power|p1b: Basculegion\n|-damage|p1b: Basculegion|0 fnt\n|faint|p1b: Basculegion\n|\n|upkeep\n|\n|t:|1698959461\n|switch|p1a: Corviknight|Corviknight, F|100\/100\n|switch|p1b: Ninetales|Ninetales-Alola, F|100\/100\n|-weather|Snow|[from] ability: Snow Warning|[of] p1b: Ninetales\n|turn|3\n|\n|t:|1698959483\n|switch|p2a: Chandelure|Chandelure, F|100\/100\n|switch|p2b: Torkoal|Torkoal, M|100\/100\n|-weather|SunnyDay|[from] ability: Drought|[of] p2b: Torkoal\n|move|p1b: Ninetales|Blizzard|p2b: Torkoal|[spread] p2b\n|-miss|p1b: Ninetales|p2a: Chandelure\n|-resisted|p2b: Torkoal\n|-damage|p2b: Torkoal|88\/100\n|move|p1a: Corviknight|Tailwind|p1a: Corviknight\n|-sidestart|p1: BryanDXY|move: Tailwind\n|\n|-weather|SunnyDay|[upkeep]\n|upkeep\n|turn|4\n|\n|t:|1698959505\n|switch|p1b: Roaring Moon|Roaring Moon|100\/100\n|-activate|p1b: Roaring Moon|ability: Protosynthesis\n|-start|p1b: Roaring Moon|protosynthesisatk\n|switch|p1a: Amoonguss|Amoonguss, M|100\/100\n|move|p2a: Chandelure|Heat Wave|p1a: Amoonguss|[spread] p1a,p1b\n|-supereffective|p1a: Amoonguss\n|-resisted|p1b: Roaring Moon\n|-damage|p1a: Amoonguss|0 fnt\n|-damage|p1b: Roaring Moon|71\/100\n|faint|p1a: Amoonguss\n|move|p2b: Torkoal|Eruption|p1b: Roaring Moon\n|-resisted|p1b: Roaring Moon\n|-damage|p1b: Roaring Moon|29\/100\n|\n|-weather|SunnyDay|[upkeep]\n|-sideend|p2: TNTvale|move: Tailwind\n|upkeep\n|\n|t:|1698959508\n|switch|p1a: Ninetales|Ninetales-Alola, F|100\/100\n|-weather|Snow|[from] ability: Snow Warning|[of] p1a: Ninetales\n|-end|p1b: Roaring Moon|Protosynthesis\n|-enditem|p1b: Roaring Moon|Booster Energy\n|-activate|p1b: Roaring Moon|ability: Protosynthesis|[fromitem]\n|-start|p1b: Roaring Moon|protosynthesisatk\n|turn|5\n|inactive|TNTvale has 120 seconds left.\n|\n|t:|1698959551\n|move|p2a: Chandelure|Protect|p2a: Chandelure\n|-singleturn|p2a: Chandelure|Protect\n|move|p1a: Ninetales|Aurora Veil|p1a: Ninetales\n|-sidestart|p1: BryanDXY|move: Aurora Veil\n|move|p1b: Roaring Moon|Throat Chop|p2a: Chandelure\n|-activate|p2a: Chandelure|move: Protect\n|move|p2b: Torkoal|Eruption|p1a: Ninetales|[spread] p1a,p1b\n|-supereffective|p1a: Ninetales\n|-resisted|p1b: Roaring Moon\n|-damage|p1a: Ninetales|45\/100\n|-damage|p1b: Roaring Moon|15\/100\n|\n|-weather|Snow|[upkeep]\n|upkeep\n|turn|6\n|inactive|TNTvale has 120 seconds left.\n|\n|t:|1698959582\n|switch|p2a: Tornadus|Tornadus, M|100\/100\n|move|p1a: Ninetales|Dazzling Gleam|p2a: Tornadus|[spread] p2a,p2b\n|-resisted|p2b: Torkoal\n|-damage|p2a: Tornadus|79\/100\n|-damage|p2b: Torkoal|79\/100\n|move|p1b: Roaring Moon|Throat Chop|p2a: Tornadus\n|-damage|p2a: Tornadus|0 fnt\n|faint|p2a: Tornadus\n|move|p2b: Torkoal|Rock Slide|p1a: Ninetales|[spread] p1a,p1b\n|-supereffective|p1a: Ninetales\n|-damage|p1a: Ninetales|34\/100\n|-damage|p1b: Roaring Moon|6\/100\n|\n|-weather|Snow|[upkeep]\n|-sideend|p1: BryanDXY|move: Tailwind\n|upkeep\n|\n|t:|1698959597\n|switch|p2a: Maushold|Maushold-Four|100\/100\n|turn|7\n|\n|t:|1698959615\n|move|p1b: Roaring Moon|Protect|p1b: Roaring Moon\n|-singleturn|p1b: Roaring Moon|Protect\n|move|p2a: Maushold|Follow Me|p2a: Maushold\n|-singleturn|p2a: Maushold|move: Follow Me\n|move|p1a: Ninetales|Blizzard|p2a: Maushold|[spread] p2a,p2b\n|-resisted|p2b: Torkoal\n|-damage|p2a: Maushold|71\/100\n|-damage|p2b: Torkoal|70\/100\n|move|p2b: Torkoal|Eruption|p1b: Roaring Moon|[spread] p1a\n|-activate|p1b: Roaring Moon|move: Protect\n|-supereffective|p1a: Ninetales\n|-damage|p1a: Ninetales|0 fnt\n|faint|p1a: Ninetales\n|\n|-weather|Snow|[upkeep]\n|upkeep\n|\n|t:|1698959625\n|switch|p1a: Corviknight|Corviknight, F|100\/100\n|turn|8\n|\n|t:|1698959635\n|move|p2a: Maushold|Population Bomb|p1a: Corviknight\n|-resisted|p1a: Corviknight\n|-damage|p1a: Corviknight|99\/100\n|-resisted|p1a: Corviknight\n|-damage|p1a: Corviknight|97\/100\n|-resisted|p1a: Corviknight\n|-damage|p1a: Corviknight|96\/100\n|-resisted|p1a: Corviknight\n|-damage|p1a: Corviknight|94\/100\n|-resisted|p1a: Corviknight\n|-damage|p1a: Corviknight|93\/100\n|-resisted|p1a: Corviknight\n|-damage|p1a: Corviknight|91\/100\n|-hitcount|p1a: Corviknight|6\n|move|p1b: Roaring Moon|Acrobatics|p2b: Torkoal\n|-damage|p2b: Torkoal|35\/100\n|cant|p1a: Corviknight|flinch\n|move|p2b: Torkoal|Eruption|p1a: Corviknight|[spread] p1a,p1b\n|-supereffective|p1a: Corviknight\n|-resisted|p1b: Roaring Moon\n|-damage|p1a: Corviknight|74\/100\n|-damage|p1b: Roaring Moon|1\/100\n|\n|-weather|Snow|[upkeep]\n|upkeep\n|turn|9\n|-message|BryanDXY forfeited.\n|\n|win|TNTvale\n|raw|BryanDXY's rating: 1294 &rarr; <strong>1270<\/strong><br \/>(-24 for losing)\n|raw|TNTvale's rating: 1314 &rarr; <strong>1333<\/strong><br \/>(+19 for winning)\n|l|\u2606BryanDXY\n","uploadtime":1698959691,"views":13,"p1id":"bryandxy","p2id":"tntvale","formatid":"gen9doublesou","rating":1270,"private":0,"password":""}