{"id":"gen9doublesou-1983740861","p1":"SaturnFr3ak","p2":"Jiraiya Ogama","format":"[Gen 9] Doubles OU","log":"|j|\u2606SaturnFr3ak\n|j|\u2606Jiraiya Ogama\n|t:|1699171242\n|gametype|doubles\n|player|p1|SaturnFr3ak|mina|1325\n|player|p2|Jiraiya Ogama|veteran-gen4|1386\n|teamsize|p1|6\n|teamsize|p2|6\n|gen|9\n|tier|[Gen 9] Doubles OU\n|rated|\n|rule|Species Clause: Limit one of each Pok\u00e9mon\n|rule|OHKO Clause: OHKO moves are banned\n|rule|Evasion Moves Clause: Evasion moves are banned\n|rule|Gravity Sleep Clause: The combination of sleep-inducing moves with imperfect accuracy and Gravity or Gigantamax Orbeetle are banned\n|rule|Endless Battle Clause: Forcing endless battles is banned\n|rule|HP Percentage Mod: HP is shown in percentages\n|clearpoke\n|poke|p1|Stonjourner, F|\n|poke|p1|Chi-Yu|\n|poke|p1|Passimian, M|\n|poke|p1|Flutter Mane|\n|poke|p1|Muk-Alola, M|\n|poke|p1|Sinistcha-Masterpiece|\n|poke|p2|Greninja-*, F|\n|poke|p2|Ogerpon-Hearthflame, F|\n|poke|p2|Tornadus, M|\n|poke|p2|Iron Hands|\n|poke|p2|Goodra-Hisui, F|\n|poke|p2|Flutter Mane|\n|teampreview\n|inactive|Battle timer is ON: inactive players will automatically lose when time's up. (requested by Jiraiya Ogama)\n|inactive|SaturnFr3ak has 120 seconds left.\n|\n|t:|1699171316\n|start\n|switch|p1a: Roxie|Stonjourner, F, shiny|100\/100\n|switch|p1b: OJ|Passimian, M, shiny|100\/100\n|switch|p2a: E Honda|Iron Hands|100\/100\n|switch|p2b: F\u016bjin|Tornadus, M|100\/100\n|turn|1\n|\n|t:|1699171328\n|-terastallize|p1b: OJ|Ice\n|move|p2a: E Honda|Fake Out|p1b: OJ\n|-crit|p1b: OJ\n|-damage|p1b: OJ|74\/100\n|move|p2b: F\u016bjin|Taunt|p1a: Roxie\n|-start|p1a: Roxie|move: Taunt\n|cant|p1b: OJ|flinch\n|cant|p1a: Roxie|move: Taunt|Sunny Day\n|\n|upkeep\n|turn|2\n|inactive|SaturnFr3ak has 120 seconds left.\n|\n|t:|1699171360\n|switch|p1b: Envy|Muk-Alola, M, shiny|100\/100\n|move|p2b: F\u016bjin|Tailwind|p2b: F\u016bjin\n|-sidestart|p2: Jiraiya Ogama|move: Tailwind\n|move|p2a: E Honda|Drain Punch|p1b: Envy\n|-damage|p1b: Envy|51\/100\n|move|p1a: Roxie|Body Press|p2a: E Honda\n|-damage|p2a: E Honda|78\/100\n|\n|upkeep\n|turn|3\n|\n|t:|1699171379\n|move|p2b: F\u016bjin|Bleakwind Storm|p1a: Roxie|[spread] p1a,p1b\n|-resisted|p1a: Roxie\n|-damage|p1a: Roxie|72\/100\n|-damage|p1b: Envy|32\/100\n|-unboost|p1b: Envy|spe|1\n|move|p2a: E Honda|Drain Punch|p1b: Envy\n|-damage|p1b: Envy|0 fnt\n|-heal|p2a: E Honda|93\/100|[from] drain|[of] p1b: Envy\n|faint|p1b: Envy\n|move|p1a: Roxie|Rock Blast|p2b: F\u016bjin\n|-supereffective|p2b: F\u016bjin\n|-damage|p2b: F\u016bjin|72\/100\n|-supereffective|p2b: F\u016bjin\n|-damage|p2b: F\u016bjin|45\/100\n|-supereffective|p2b: F\u016bjin\n|-damage|p2b: F\u016bjin|19\/100\n|-hitcount|p2b: F\u016bjin|3\n|\n|-end|p1a: Roxie|move: Taunt\n|upkeep\n|inactive|SaturnFr3ak has 120 seconds left.\n|\n|t:|1699171397\n|switch|p1b: OJ|Passimian, M, shiny, tera:Ice|74\/100\n|turn|4\n|\n|t:|1699171413\n|move|p2b: F\u016bjin|Protect|p2b: F\u016bjin\n|-singleturn|p2b: F\u016bjin|Protect\n|move|p1b: OJ|Close Combat|p2a: E Honda\n|-damage|p2a: E Honda|34\/100\n|-unboost|p1b: OJ|def|1\n|-unboost|p1b: OJ|spd|1\n|move|p2a: E Honda|Drain Punch|p1b: OJ\n|-supereffective|p1b: OJ\n|-damage|p1b: OJ|0 fnt\n|-heal|p2a: E Honda|61\/100|[from] drain|[of] p1b: OJ\n|faint|p1b: OJ\n|move|p1a: Roxie|Sunny Day|p1a: Roxie\n|-weather|SunnyDay\n|\n|-weather|SunnyDay|[upkeep]\n|upkeep\n|\n|t:|1699171427\n|switch|p1b: Missy|Flutter Mane|100\/100\n|-activate|p1b: Missy|ability: Protosynthesis\n|-start|p1b: Missy|protosynthesisspa\n|turn|5\n|\n|t:|1699171438\n|-terastallize|p2a: E Honda|Fairy\n|move|p2b: F\u016bjin|Taunt|p1a: Roxie\n|-start|p1a: Roxie|move: Taunt\n|move|p1b: Missy|Dazzling Gleam|p2b: F\u016bjin|[spread] p2a,p2b\n|-damage|p2a: E Honda|33\/100\n|-damage|p2b: F\u016bjin|0 fnt\n|faint|p2b: F\u016bjin\n|move|p2a: E Honda|Drain Punch|p1a: Roxie\n|-supereffective|p1a: Roxie\n|-damage|p1a: Roxie|22\/100\n|-heal|p2a: E Honda|52\/100|[from] drain|[of] p1a: Roxie\n|move|p1a: Roxie|Body Press|p2a: E Honda\n|-resisted|p2a: E Honda\n|-damage|p2a: E Honda|41\/100\n|\n|-weather|SunnyDay|[upkeep]\n|-sideend|p2: Jiraiya Ogama|move: Tailwind\n|upkeep\n|\n|t:|1699171452\n|switch|p2b: Nukekubi|Flutter Mane|100\/100\n|-activate|p2b: Nukekubi|ability: Protosynthesis\n|-start|p2b: Nukekubi|protosynthesisspe\n|turn|6\n|\n|t:|1699171463\n|move|p2b: Nukekubi|Shadow Ball|p1b: Missy\n|-supereffective|p1b: Missy\n|-damage|p1b: Missy|6\/100\n|move|p1b: Missy|Dazzling Gleam|p2a: E Honda|[spread] p2a,p2b\n|-damage|p2a: E Honda|9\/100\n|-damage|p2b: Nukekubi|41\/100\n|move|p1a: Roxie|Heat Crash|p2b: Nukekubi\n|-damage|p2b: Nukekubi|0 fnt\n|faint|p2b: Nukekubi\n|-end|p2b: Nukekubi|Protosynthesis|[silent]\n|move|p2a: E Honda|Thunder Punch|p1b: Missy\n|-damage|p1b: Missy|0 fnt\n|faint|p1b: Missy\n|-end|p1b: Missy|Protosynthesis|[silent]\n|\n|-weather|SunnyDay|[upkeep]\n|upkeep\n|\n|t:|1699171478\n|switch|p2b: \u014cgama|Greninja, F, shiny|100\/100\n|switch|p1b: Nemo|Chi-Yu|100\/100\n|-ability|p1b: Nemo|Beads of Ruin\n|turn|7\n|\n|t:|1699171489\n|move|p2b: \u014cgama|Rock Slide|p1a: Roxie|[spread] p1a\n|-start|p2b: \u014cgama|typechange|Rock|[from] ability: Protean\n|-miss|p2b: \u014cgama|p1b: Nemo\n|-damage|p1a: Roxie|1\/100\n|move|p1b: Nemo|Heat Wave|p2a: E Honda|[spread] p2a,p2b\n|-resisted|p2b: \u014cgama\n|-damage|p2a: E Honda|0 fnt\n|-damage|p2b: \u014cgama|0 fnt\n|faint|p2a: E Honda\n|-end|p2a: E Honda|Quark Drive|[silent]\n|faint|p2b: \u014cgama\n|cant|p1a: Roxie|flinch\n|\n|-weather|SunnyDay|[upkeep]\n|-end|p1a: Roxie|move: Taunt\n|upkeep\n|\n|t:|1699171501\n|switch|p2b: Hannya|Ogerpon-Hearthflame, F|100\/100\n|switch|p2a: Shussebora|Goodra-Hisui, F, shiny|100\/100\n|-ability|p2b: Hannya|Mold Breaker\n|turn|8\n|\n|t:|1699171527\n|move|p2b: Hannya|Spiky Shield|p2b: Hannya\n|-singleturn|p2b: Hannya|move: Protect\n|move|p1b: Nemo|Heat Wave|p2b: Hannya|[spread] p2a\n|-activate|p2b: Hannya|move: Protect\n|-damage|p2a: Shussebora|6\/100\n|move|p1a: Roxie|Rock Blast|p2b: Hannya\n|-activate|p2b: Hannya|move: Protect\n|move|p2a: Shussebora|Body Press|p1b: Nemo\n|-supereffective|p1b: Nemo\n|-damage|p1b: Nemo|21\/100\n|\n|-weather|SunnyDay|[upkeep]\n|-heal|p2a: Shussebora|12\/100|[from] item: Leftovers\n|upkeep\n|turn|9\n|\n|t:|1699171548\n|move|p1b: Nemo|Heat Wave|p2b: Hannya|[spread] p2b\n|-miss|p1b: Nemo|p2a: Shussebora\n|-damage|p2b: Hannya|0 fnt\n|faint|p2b: Hannya\n|move|p1a: Roxie|Rock Blast|p2a: Shussebora\n|-resisted|p2a: Shussebora\n|-damage|p2a: Shussebora|8\/100\n|-resisted|p2a: Shussebora\n|-damage|p2a: Shussebora|5\/100\n|-resisted|p2a: Shussebora\n|-damage|p2a: Shussebora|1\/100\n|-hitcount|p2a: Shussebora|3\n|move|p2a: Shussebora|Life Dew|p2a: Shussebora\n|-heal|p2a: Shussebora|26\/100\n|\n|-weather|SunnyDay|[upkeep]\n|-heal|p2a: Shussebora|32\/100|[from] item: Leftovers\n|upkeep\n|turn|10\n|-message|Jiraiya Ogama forfeited.\n|\n|win|SaturnFr3ak\n|raw|SaturnFr3ak's rating: 1325 &rarr; <strong>1348<\/strong><br \/>(+23 for winning)\n|raw|Jiraiya Ogama's rating: 1386 &rarr; <strong>1363<\/strong><br \/>(-23 for losing)\n|l|\u2606Jiraiya Ogama\n|c|\u2606SaturnFr3ak|I like your nicknames\n","uploadtime":1699171579,"views":8,"p1id":"saturnfr3ak","p2id":"jiraiyaogama","formatid":"gen9doublesou","rating":1348,"private":0,"password":""}