{"id":"gen9doublesou-1994941242","p1":"partyalttt","p2":"quazsanism","format":"[Gen 9] Doubles OU","log":"|j|\u2606partyalttt\n|j|\u2606quazsanism\n|t:|1700506610\n|gametype|doubles\n|player|p1|partyalttt|ghetsis|1055\n|player|p2|quazsanism|cynthia|1080\n|teamsize|p1|6\n|teamsize|p2|6\n|gen|9\n|tier|[Gen 9] Doubles OU\n|rated|\n|rule|Species Clause: Limit one of each Pok\u00e9mon\n|rule|OHKO Clause: OHKO moves are banned\n|rule|Evasion Moves Clause: Evasion moves are banned\n|rule|Gravity Sleep Clause: The combination of sleep-inducing moves with imperfect accuracy and Gravity or Gigantamax Orbeetle are banned\n|rule|Endless Battle Clause: Forcing endless battles is banned\n|rule|HP Percentage Mod: HP is shown in percentages\n|clearpoke\n|poke|p1|Armarouge, F|\n|poke|p1|Dragapult, M|\n|poke|p1|Indeedee-F, F|\n|poke|p1|Flamigo, F|\n|poke|p1|Landorus-Therian, M|\n|poke|p1|Gholdengo|\n|poke|p2|Sinistcha|\n|poke|p2|Landorus-Therian, M|\n|poke|p2|Iron Hands|\n|poke|p2|Clefairy, M|\n|poke|p2|Kommo-o, F|\n|poke|p2|Armarouge, F|\n|teampreview\n|inactive|Battle timer is ON: inactive players will automatically lose when time's up. (requested by partyalttt)\n|\n|t:|1700506635\n|start\n|switch|p1a: Armarouge|Armarouge, F|100\/100\n|switch|p1b: Dragapult|Dragapult, M, shiny|100\/100\n|switch|p2a: Iron Hands|Iron Hands|100\/100\n|switch|p2b: Armarouge|Armarouge, F|100\/100\n|turn|1\n|\n|t:|1700506652\n|-terastallize|p1a: Armarouge|Psychic\n|move|p2a: Iron Hands|Fake Out|p1a: Armarouge\n|-damage|p1a: Armarouge|87\/100\n|-ability|p1a: Armarouge|Weak Armor|boost\n|-unboost|p1a: Armarouge|def|1\n|-boost|p1a: Armarouge|spe|2\n|move|p1b: Dragapult|U-turn|p1a: Armarouge\n|-supereffective|p1a: Armarouge\n|-damage|p1a: Armarouge|41\/100\n|-ability|p1a: Armarouge|Weak Armor|boost\n|-unboost|p1a: Armarouge|def|1\n|-boost|p1a: Armarouge|spe|2\n|-enditem|p1a: Armarouge|Weakness Policy\n|-boost|p1a: Armarouge|atk|2|[from] item: Weakness Policy\n|-boost|p1a: Armarouge|spa|2|[from] item: Weakness Policy\n|\n|t:|1700506666\n|switch|p1b: Flamigo|Flamigo, F|100\/100|[from] U-turn\n|-copyboost|p1b: Flamigo|p1a: Armarouge|[from] ability: Costar\n|-enditem|p1b: Flamigo|White Herb\n|-clearnegativeboost|p1b: Flamigo|[silent]\n|cant|p1a: Armarouge|flinch\n|move|p2b: Armarouge|Dark Pulse|p1b: Flamigo\n|-resisted|p1b: Flamigo\n|-damage|p1b: Flamigo|82\/100\n|\n|upkeep\n|turn|2\n|\n|t:|1700506694\n|move|p1b: Flamigo|Close Combat|p2a: Iron Hands\n|-damage|p2a: Iron Hands|17\/100\n|-unboost|p1b: Flamigo|def|1\n|-unboost|p1b: Flamigo|spd|1\n|move|p1a: Armarouge|Shadow Ball|p2b: Armarouge\n|-supereffective|p2b: Armarouge\n|-damage|p2b: Armarouge|0 fnt\n|faint|p2b: Armarouge\n|move|p2a: Iron Hands|Heavy Slam|p1b: Flamigo\n|-damage|p1b: Flamigo|0 fnt\n|faint|p1b: Flamigo\n|\n|upkeep\n|\n|t:|1700506708\n|switch|p1b: Indeedee|Indeedee-F, F|100\/100\n|switch|p2b: Kommo-o|Kommo-o, F|100\/100\n|-fieldstart|move: Psychic Terrain|[from] ability: Psychic Surge|[of] p1b: Indeedee\n|-enditem|p1b: Indeedee|Psychic Seed\n|-boost|p1b: Indeedee|spd|1|[from] item: Psychic Seed\n|turn|3\n|\n|t:|1700506725\n|-terastallize|p2b: Kommo-o|Steel\n|move|p1b: Indeedee|Follow Me|p1b: Indeedee\n|-singleturn|p1b: Indeedee|move: Follow Me\n|move|p1a: Armarouge|Expanding Force|p2b: Kommo-o|[spread] p2a,p2b\n|-supereffective|p2a: Iron Hands\n|-resisted|p2b: Kommo-o\n|-damage|p2a: Iron Hands|0 fnt\n|-damage|p2b: Kommo-o|14\/100\n|faint|p2a: Iron Hands\n|-end|p2a: Iron Hands|Quark Drive|[silent]\n|move|p2b: Kommo-o|Clangorous Soul||[still]\n|-fail|p2b: Kommo-o\n|\n|upkeep\n|\n|t:|1700506736\n|switch|p2a: Sinistcha|Sinistcha|100\/100\n|-heal|p2b: Kommo-o|39\/100|[from] ability: Hospitality|[of] p2a: Sinistcha\n|turn|4\n|\n|t:|1700506746\n|move|p2a: Sinistcha|Rage Powder|p2a: Sinistcha\n|-singleturn|p2a: Sinistcha|move: Rage Powder\n|move|p1a: Armarouge|Heat Wave|p2b: Kommo-o|[spread] p2a,p2b\n|-supereffective|p2a: Sinistcha\n|-supereffective|p2b: Kommo-o\n|-damage|p2a: Sinistcha|0 fnt\n|-damage|p2b: Kommo-o|0 fnt\n|faint|p2a: Sinistcha\n|faint|p2b: Kommo-o\n|move|p1b: Indeedee|Reflect|p1b: Indeedee\n|-sidestart|p1: partyalttt|Reflect\n|\n|upkeep\n|\n|t:|1700506754\n|switch|p2b: Landorus|Landorus-Therian, M|100\/100\n|switch|p2a: Clefairy|Clefairy, M, shiny|100\/100\n|-ability|p2b: Landorus|Intimidate|boost\n|-unboost|p1a: Armarouge|atk|1\n|-unboost|p1b: Indeedee|atk|1\n|turn|5\n|\n|t:|1700506765\n|move|p1b: Indeedee|Follow Me|p1b: Indeedee\n|-singleturn|p1b: Indeedee|move: Follow Me\n|move|p2a: Clefairy|Follow Me|p2a: Clefairy\n|-singleturn|p2a: Clefairy|move: Follow Me\n|move|p1a: Armarouge|Expanding Force|p2a: Clefairy|[spread] p2a,p2b\n|-damage|p2a: Clefairy|0 fnt\n|-damage|p2b: Landorus|0 fnt\n|faint|p2a: Clefairy\n|faint|p2b: Landorus\n|\n|win|partyalttt\n|raw|partyalttt's rating: 1055 &rarr; <strong>1089<\/strong><br \/>(+34 for winning)\n|raw|quazsanism's rating: 1080 &rarr; <strong>1056<\/strong><br \/>(-24 for losing)\n|l|\u2606quazsanism\n","uploadtime":1700506779,"views":3,"p1id":"partyalttt","p2id":"quazsanism","formatid":"gen9doublesou","rating":1056,"private":0,"password":""}