{"id":"gen9doublesou-1989781049","p1":"its-sam87","p2":"3vangelion","format":"[Gen 9] Doubles OU","log":"|j|\u2606its-sam87\n|j|\u26063vangelion\n|t:|1699895189\n|gametype|doubles\n|player|p1|its-sam87|acetrainer-gen2|1488\n|player|p2|3vangelion|xerosic|1504\n|teamsize|p1|6\n|teamsize|p2|6\n|gen|9\n|tier|[Gen 9] Doubles OU\n|rated|\n|rule|Species Clause: Limit one of each Pok\u00e9mon\n|rule|OHKO Clause: OHKO moves are banned\n|rule|Evasion Moves Clause: Evasion moves are banned\n|rule|Gravity Sleep Clause: The combination of sleep-inducing moves with imperfect accuracy and Gravity or Gigantamax Orbeetle are banned\n|rule|Endless Battle Clause: Forcing endless battles is banned\n|rule|HP Percentage Mod: HP is shown in percentages\n|clearpoke\n|poke|p1|Tornadus, M|\n|poke|p1|Amoonguss, M|\n|poke|p1|Basculegion-F, F|\n|poke|p1|Pelipper, F|\n|poke|p1|Palafin, M|\n|poke|p1|Regieleki|\n|poke|p2|Kommo-o, M|\n|poke|p2|Tyranitar, M|\n|poke|p2|Rillaboom, M|\n|poke|p2|Flutter Mane|\n|poke|p2|Arcanine-Hisui, M|\n|poke|p2|Iron Bundle|\n|teampreview\n|inactive|Battle timer is ON: inactive players will automatically lose when time's up. (requested by 3vangelion)\n|inactive|its-sam87 also wants the timer to be on.\n|c|\u2606its-sam87|gl hf\n|\n|t:|1699895210\n|start\n|switch|p1a: Amoonguss|Amoonguss, M, shiny|100\/100\n|switch|p1b: Palafin|Palafin, M|100\/100\n|switch|p2a: Rillaboom|Rillaboom, M|100\/100\n|switch|p2b: Arcanine|Arcanine-Hisui, M|100\/100\n|-ability|p2b: Arcanine|Intimidate|boost\n|-unboost|p1a: Amoonguss|atk|1\n|-unboost|p1b: Palafin|atk|1\n|-fieldstart|move: Grassy Terrain|[from] ability: Grassy Surge|[of] p2a: Rillaboom\n|turn|1\n|\n|t:|1699895224\n|detailschange|p1b: Palafin|Palafin-Hero, M\n|switch|p1b: Tornadus|Tornadus, M, shiny|100\/100\n|-terastallize|p2b: Arcanine|Water\n|move|p1a: Amoonguss|Protect|p1a: Amoonguss\n|-singleturn|p1a: Amoonguss|Protect\n|move|p2b: Arcanine|Flare Blitz|p1a: Amoonguss\n|-activate|p1a: Amoonguss|move: Protect\n|move|p2a: Rillaboom|Taunt|p1a: Amoonguss\n|-activate|p1a: Amoonguss|move: Protect\n|\n|upkeep\n|turn|2\n|\n|t:|1699895250\n|move|p1b: Tornadus|Taunt|p2a: Rillaboom\n|-start|p2a: Rillaboom|move: Taunt\n|move|p2b: Arcanine|Rock Slide|p1a: Amoonguss|[spread] p1a,p1b\n|-supereffective|p1b: Tornadus\n|-damage|p1a: Amoonguss|84\/100\n|-damage|p1b: Tornadus|66\/100\n|move|p2a: Rillaboom|Wood Hammer|p1b: Tornadus\n|-resisted|p1b: Tornadus\n|-damage|p1b: Tornadus|21\/100\n|-damage|p2a: Rillaboom|87\/100|[from] Recoil\n|move|p1a: Amoonguss|Spore|p2b: Arcanine\n|-status|p2b: Arcanine|slp|[from] move: Spore\n|\n|-heal|p2a: Rillaboom|93\/100|[from] Grassy Terrain\n|-heal|p1a: Amoonguss|90\/100|[from] Grassy Terrain\n|upkeep\n|turn|3\n|c|\u26063vangelion|hf huh\n|c|\u26063vangelion|not a chance\n|\n|t:|1699895273\n|switch|p1a: Regieleki|Regieleki, shiny|100\/100\n|move|p1b: Tornadus|Tailwind|p1b: Tornadus\n|-sidestart|p1: its-sam87|move: Tailwind\n|move|p2a: Rillaboom|Grassy Glide|p1b: Tornadus\n|-resisted|p1b: Tornadus\n|-damage|p1b: Tornadus|1\/100\n|cant|p2b: Arcanine|slp\n|\n|-heal|p2a: Rillaboom|99\/100|[from] Grassy Terrain\n|upkeep\n|turn|4\n|\n|t:|1699895294\n|switch|p1b: Amoonguss|Amoonguss, M, shiny|100\/100\n|switch|p2b: Tyranitar|Tyranitar, M|100\/100\n|-weather|Sandstorm|[from] ability: Sand Stream|[of] p2b: Tyranitar\n|move|p1a: Regieleki|Volt Switch|p2b: Tyranitar\n|-damage|p2b: Tyranitar|77\/100\n|\n|t:|1699895303\n|switch|p1a: Palafin|Palafin-Hero, M|100\/100|[from] Volt Switch\n|-activate|p1a: Palafin|ability: Zero to Hero\n|move|p2a: Rillaboom|Wood Hammer|p1a: Palafin\n|-supereffective|p1a: Palafin\n|-damage|p1a: Palafin|0 fnt\n|faint|p1a: Palafin\n|-damage|p2a: Rillaboom|65\/100|[from] Recoil\n|\n|-weather|Sandstorm|[upkeep]\n|-damage|p2a: Rillaboom|59\/100|[from] Sandstorm\n|-damage|p1b: Amoonguss|94\/100|[from] Sandstorm\n|-heal|p2b: Tyranitar|83\/100|[from] Grassy Terrain\n|-heal|p2a: Rillaboom|65\/100|[from] Grassy Terrain\n|-heal|p1b: Amoonguss|100\/100|[from] Grassy Terrain\n|-end|p2a: Rillaboom|move: Taunt\n|upkeep\n|\n|t:|1699895311\n|switch|p1a: Tornadus|Tornadus, M, shiny|1\/100\n|turn|5\n|\n|t:|1699895325\n|switch|p2b: Arcanine|Arcanine-Hisui, M, tera:Water|100\/100 slp\n|-ability|p2b: Arcanine|Intimidate|boost\n|-unboost|p1a: Tornadus|atk|1\n|-unboost|p1b: Amoonguss|atk|1\n|move|p1a: Tornadus|Rain Dance|p1a: Tornadus\n|-weather|RainDance\n|move|p2a: Rillaboom|Grassy Glide|p1a: Tornadus\n|-resisted|p1a: Tornadus\n|-damage|p1a: Tornadus|0 fnt\n|faint|p1a: Tornadus\n|move|p1b: Amoonguss|Spore|p2b: Arcanine\n|-fail|p2b: Arcanine|slp\n|\n|-weather|RainDance|[upkeep]\n|-heal|p2a: Rillaboom|72\/100|[from] Grassy Terrain\n|-fieldend|move: Grassy Terrain\n|upkeep\n|\n|t:|1699895333\n|switch|p1a: Regieleki|Regieleki, shiny|100\/100\n|turn|6\n|\n|t:|1699895347\n|switch|p2b: Tyranitar|Tyranitar, M|83\/100\n|-weather|Sandstorm|[from] ability: Sand Stream|[of] p2b: Tyranitar\n|-terastallize|p1a: Regieleki|Ice\n|move|p1a: Regieleki|Tera Blast|p2a: Rillaboom|[anim] Tera Blast Ice\n|-supereffective|p2a: Rillaboom\n|-damage|p2a: Rillaboom|0 fnt\n|faint|p2a: Rillaboom\n|move|p1b: Amoonguss|Pollen Puff|p2b: Tyranitar\n|-supereffective|p2b: Tyranitar\n|-damage|p2b: Tyranitar|65\/100\n|\n|-weather|Sandstorm|[upkeep]\n|-damage|p1a: Regieleki|95\/100|[from] Sandstorm\n|-damage|p1b: Amoonguss|94\/100|[from] Sandstorm\n|-sideend|p1: its-sam87|move: Tailwind\n|upkeep\n|\n|t:|1699895367\n|switch|p2a: Arcanine|Arcanine-Hisui, M, tera:Water|100\/100 slp\n|-ability|p2a: Arcanine|Intimidate|boost\n|-unboost|p1a: Regieleki|atk|1\n|-unboost|p1b: Amoonguss|atk|1\n|turn|7\n|\n|t:|1699895374\n|move|p1a: Regieleki|Volt Switch|p2a: Arcanine\n|-supereffective|p2a: Arcanine\n|-damage|p2a: Arcanine|0 fnt\n|faint|p2a: Arcanine\n|\n|t:|1699895379\n|switch|p1a: Pelipper|Pelipper, F, shiny|100\/100|[from] Volt Switch\n|-weather|RainDance|[from] ability: Drizzle|[of] p1a: Pelipper\n|move|p2b: Tyranitar|Rock Slide|p1b: Amoonguss|[spread] p1a,p1b\n|-supereffective|p1a: Pelipper\n|-damage|p1a: Pelipper|54\/100\n|-damage|p1b: Amoonguss|69\/100\n|move|p1b: Amoonguss|Spore|p2b: Tyranitar\n|-status|p2b: Tyranitar|slp|[from] move: Spore\n|\n|-weather|RainDance|[upkeep]\n|upkeep\n|\n|t:|1699895392\n|switch|p2a: Iron Bundle|Iron Bundle|100\/100\n|-enditem|p2a: Iron Bundle|Booster Energy\n|-activate|p2a: Iron Bundle|ability: Quark Drive|[fromitem]\n|-start|p2a: Iron Bundle|quarkdrivespe\n|turn|8\n|\n|t:|1699895408\n|switch|p1a: Regieleki|Regieleki, shiny, tera:Ice|95\/100\n|move|p2a: Iron Bundle|Freeze-Dry|p1b: Amoonguss\n|-supereffective|p1b: Amoonguss\n|-damage|p1b: Amoonguss|8\/100\n|cant|p2b: Tyranitar|slp\n|move|p1b: Amoonguss|Spore|p2a: Iron Bundle\n|-status|p2a: Iron Bundle|slp|[from] move: Spore\n|\n|-weather|RainDance|[upkeep]\n|upkeep\n|turn|9\n|c|\u26063vangelion|\ud83d\ude44\n|c|\u26063vangelion|\ud83d\ude44\n|inactive|its-sam87 has 120 seconds left.\n|\n|t:|1699895463\n|-end|p2a: Iron Bundle|Quark Drive|[silent]\n|switch|p2a: Flutter Mane|Flutter Mane|100\/100\n|move|p1b: Amoonguss|Protect|p1b: Amoonguss\n|-singleturn|p1b: Amoonguss|Protect\n|move|p1a: Regieleki|Thunder|p2a: Flutter Mane\n|-crit|p2a: Flutter Mane\n|-damage|p2a: Flutter Mane|0 fnt\n|faint|p2a: Flutter Mane\n|-end|p2a: Flutter Mane|Protosynthesis|[silent]\n|-curestatus|p2b: Tyranitar|slp|[msg]\n|move|p2b: Tyranitar|Rock Slide|p1a: Regieleki|[spread] p1a\n|-activate|p1b: Amoonguss|move: Protect\n|-supereffective|p1a: Regieleki\n|-damage|p1a: Regieleki|0 fnt\n|faint|p1a: Regieleki\n|\n|-weather|RainDance|[upkeep]\n|upkeep\n|inactive|its-sam87 has 120 seconds left.\n|\n|t:|1699895479\n|switch|p1a: Pelipper|Pelipper, F, shiny|54\/100\n|switch|p2a: Kommo-o|Kommo-o, M|100\/100\n|turn|10\n|\n|t:|1699895493\n|switch|p2a: Iron Bundle|Iron Bundle|100\/100 slp\n|move|p1b: Amoonguss|Rage Powder|p1b: Amoonguss\n|-singleturn|p1b: Amoonguss|move: Rage Powder\n|move|p2b: Tyranitar|Rock Slide|p1a: Pelipper|[spread] p1a,p1b\n|-supereffective|p1a: Pelipper\n|-damage|p1a: Pelipper|5\/100\n|-damage|p1b: Amoonguss|0 fnt\n|faint|p1b: Amoonguss\n|cant|p1a: Pelipper|flinch\n|\n|-weather|RainDance|[upkeep]\n|upkeep\n|\n|t:|1699895503\n|switch|p1b: Basculegion|Basculegion-F, F|100\/100\n|turn|11\n|\n|t:|1699895524\n|switch|p2b: Kommo-o|Kommo-o, M|100\/100\n|move|p1a: Pelipper|Wide Guard|p1a: Pelipper\n|-singleturn|p1a: Pelipper|Wide Guard\n|move|p1b: Basculegion|Last Respects|p2a: Iron Bundle\n|-damage|p2a: Iron Bundle|0 fnt\n|faint|p2a: Iron Bundle\n|-end|p2a: Iron Bundle|Quark Drive|[silent]\n|\n|-weather|RainDance|[upkeep]\n|upkeep\n|\n|t:|1699895530\n|switch|p2a: Tyranitar|Tyranitar, M|65\/100\n|-weather|Sandstorm|[from] ability: Sand Stream|[of] p2a: Tyranitar\n|turn|12\n|\n|t:|1699895537\n|move|p1b: Basculegion|Wave Crash|p2a: Tyranitar\n|-supereffective|p2a: Tyranitar\n|-damage|p2a: Tyranitar|0 fnt\n|faint|p2a: Tyranitar\n|-damage|p1b: Basculegion|81\/100|[from] Recoil\n|move|p2b: Kommo-o|Iron Head|p1b: Basculegion\n|-resisted|p1b: Basculegion\n|-damage|p1b: Basculegion|70\/100\n|move|p1a: Pelipper|Hydro Pump|p2b: Kommo-o|[miss]\n|-miss|p1a: Pelipper|p2b: Kommo-o\n|\n|-weather|Sandstorm|[upkeep]\n|-damage|p1b: Basculegion|64\/100|[from] Sandstorm\n|-damage|p2b: Kommo-o|94\/100|[from] Sandstorm\n|-damage|p1a: Pelipper|0 fnt|[from] Sandstorm\n|faint|p1a: Pelipper\n|-heal|p2b: Kommo-o|100\/100|[from] item: Leftovers\n|upkeep\n|turn|13\n|\n|t:|1699895545\n|move|p1b: Basculegion|Last Respects|p2b: Kommo-o\n|-damage|p2b: Kommo-o|0 fnt\n|faint|p2b: Kommo-o\n|\n|win|its-sam87\n|raw|its-sam87's rating: 1488 &rarr; <strong>1509<\/strong><br \/>(+21 for winning)\n|raw|3vangelion's rating: 1504 &rarr; <strong>1483<\/strong><br \/>(-21 for losing)\n|c|\u2606its-sam87|gg\n|c|\u26063vangelion|lame\n|l|\u26063vangelion\n|l|\u2606its-sam87\n|j|\u2606its-sam87\n|player|p1|its-sam87|acetrainer-gen2\n","uploadtime":1699895980,"views":8,"p1id":"itssam87","p2id":"3vangelion","formatid":"gen9doublesou","rating":1483,"private":0,"password":""}