{"id":"gen9doublesou-1985875217","p1":"SingleThunder","p2":"VGCsavant","format":"[Gen 9] Doubles OU","log":"|j|\u2606SingleThunder\n|j|\u2606VGCsavant\n|inactive|Battle timer is ON: inactive players will automatically lose when time's up.\n|t:|1699416150\n|gametype|doubles\n|player|p1|SingleThunder|#dpl8ducks|\n|player|p2|VGCsavant|salvatore|\n|teamsize|p1|6\n|teamsize|p2|6\n|gen|9\n|tier|[Gen 9] Doubles OU\n|rated|Tournament battle\n|rule|Species Clause: Limit one of each Pok\u00e9mon\n|rule|OHKO Clause: OHKO moves are banned\n|rule|Evasion Moves Clause: Evasion moves are banned\n|rule|Gravity Sleep Clause: The combination of sleep-inducing moves with imperfect accuracy and Gravity or Gigantamax Orbeetle are banned\n|rule|Endless Battle Clause: Forcing endless battles is banned\n|rule|HP Percentage Mod: HP is shown in percentages\n|clearpoke\n|poke|p1|Enamorus, F|\n|poke|p1|Tornadus, M|\n|poke|p1|Iron Hands|\n|poke|p1|Ogerpon-Wellspring, F|\n|poke|p1|Landorus-Therian, M|\n|poke|p1|Heatran, M|\n|poke|p2|Ninetales-Alola, F|\n|poke|p2|Iron Hands|\n|poke|p2|Sinistcha-Masterpiece|\n|poke|p2|Baxcalibur, M|\n|poke|p2|Heatran, M|\n|poke|p2|Glimmora, M|\n|teampreview\n|inactive|VGCsavant also wants the timer to be on.\n|c|\u2606VGCsavant|glhf\n|inactive|SingleThunder has 120 seconds left.\n|\n|t:|1699416185\n|start\n|switch|p1a: Iron Hands|Iron Hands|100\/100\n|switch|p1b: Tornadus|Tornadus, M|100\/100\n|switch|p2a: Ninetales|Ninetales-Alola, F|100\/100\n|switch|p2b: Baxcalibur|Baxcalibur, M|100\/100\n|-weather|Snow|[from] ability: Snow Warning|[of] p2a: Ninetales\n|turn|1\n|\n|t:|1699416212\n|switch|p2a: Iron Hands|Iron Hands|100\/100\n|switch|p2b: Glimmora|Glimmora, M|100\/100\n|move|p1b: Tornadus|Tailwind|p1b: Tornadus\n|-sidestart|p1: SingleThunder|move: Tailwind\n|move|p1a: Iron Hands|Close Combat|p2b: Glimmora\n|-damage|p2b: Glimmora|13\/100\n|-unboost|p1a: Iron Hands|def|1\n|-unboost|p1a: Iron Hands|spd|1\n|-activate|p2b: Glimmora|ability: Toxic Debris\n|-sidestart|p1: SingleThunder|move: Toxic Spikes\n|\n|-weather|Snow|[upkeep]\n|upkeep\n|turn|2\n|j| Test Bots\n|inactive|SingleThunder has 120 seconds left.\n|inactive|VGCsavant has 120 seconds left.\n|\n|t:|1699416254\n|-end|p1a: Iron Hands|Quark Drive|[silent]\n|switch|p1a: Enamorus|Enamorus, F|100\/100\n|move|p1b: Tornadus|Bleakwind Storm|p2b: Glimmora|[spread] p2a,p2b\n|-resisted|p2b: Glimmora\n|-damage|p2a: Iron Hands|80\/100\n|-damage|p2b: Glimmora|0 fnt\n|faint|p2b: Glimmora\n|move|p2a: Iron Hands|Wild Charge|p1b: Tornadus\n|-supereffective|p1b: Tornadus\n|-damage|p1b: Tornadus|0 fnt\n|faint|p1b: Tornadus\n|-damage|p2a: Iron Hands|63\/100|[from] Recoil\n|\n|-weather|Snow|[upkeep]\n|upkeep\n|inactive|VGCsavant has 120 seconds left.\n|inactive|SingleThunder has 120 seconds left.\n|\n|t:|1699416281\n|switch|p1b: Ogerpon|Ogerpon-Wellspring, F|100\/100\n|switch|p2b: Ninetales|Ninetales-Alola, F|100\/100\n|-status|p1b: Ogerpon|psn\n|turn|3\n|inactive|VGCsavant has 120 seconds left.\n|\n|t:|1699416307\n|switch|p2b: Sinistcha|Sinistcha-Masterpiece|100\/100\n|-heal|p2a: Iron Hands|88\/100|[from] ability: Hospitality|[of] p2b: Sinistcha\n|-terastallize|p2a: Iron Hands|Grass\n|move|p1b: Ogerpon|Follow Me|p1b: Ogerpon\n|-singleturn|p1b: Ogerpon|move: Follow Me\n|move|p1a: Enamorus|Iron Head|p2b: Sinistcha\n|-damage|p2b: Sinistcha|77\/100\n|move|p2a: Iron Hands|Heavy Slam|p1b: Ogerpon\n|-resisted|p1b: Ogerpon\n|-damage|p1b: Ogerpon|72\/100 psn\n|\n|-weather|Snow|[upkeep]\n|-heal|p2b: Sinistcha|83\/100|[from] item: Leftovers\n|-damage|p1b: Ogerpon|59\/100 psn|[from] psn\n|upkeep\n|turn|4\n|inactive|SingleThunder has 120 seconds left.\n|inactive|VGCsavant has 120 seconds left.\n|\n|t:|1699416372\n|-terastallize|p1a: Enamorus|Flying\n|move|p1b: Ogerpon|Follow Me|p1b: Ogerpon\n|-singleturn|p1b: Ogerpon|move: Follow Me\n|move|p1a: Enamorus|Tera Blast|p2b: Sinistcha|[anim] Tera Blast Flying\n|-supereffective|p2b: Sinistcha\n|-damage|p2b: Sinistcha|0 fnt\n|faint|p2b: Sinistcha\n|move|p2a: Iron Hands|Wild Charge|p1b: Ogerpon\n|-damage|p1b: Ogerpon|0 fnt\n|faint|p1b: Ogerpon\n|-damage|p2a: Iron Hands|76\/100|[from] Recoil\n|\n|-weather|Snow|[upkeep]\n|-sideend|p1: SingleThunder|move: Tailwind\n|upkeep\n|inactive|VGCsavant has 120 seconds left.\n|\n|t:|1699416396\n|switch|p1b: Iron Hands|Iron Hands|100\/100\n|switch|p2b: Baxcalibur|Baxcalibur, M|100\/100\n|-status|p1b: Iron Hands|psn\n|turn|5\n|inactive|VGCsavant has 120 seconds left.\n|inactive|VGCsavant has 90 seconds left.\n|\n|t:|1699416439\n|move|p2b: Baxcalibur|Protect|p2b: Baxcalibur\n|-singleturn|p2b: Baxcalibur|Protect\n|move|p1b: Iron Hands|Fake Out|p2b: Baxcalibur\n|-activate|p2b: Baxcalibur|move: Protect\n|move|p1a: Enamorus|Tera Blast|p2a: Iron Hands|[anim] Tera Blast Flying\n|-supereffective|p2a: Iron Hands\n|-damage|p2a: Iron Hands|0 fnt\n|faint|p2a: Iron Hands\n|-end|p2a: Iron Hands|Quark Drive|[silent]\n|\n|-weather|none\n|-damage|p1b: Iron Hands|88\/100 psn|[from] psn\n|upkeep\n|inactive|VGCsavant has 90 seconds left.\n|\n|t:|1699416446\n|switch|p2a: Ninetales|Ninetales-Alola, F|100\/100\n|-weather|Snow|[from] ability: Snow Warning|[of] p2a: Ninetales\n|turn|6\n|\n|t:|1699416475\n|move|p2a: Ninetales|Aurora Veil|p2a: Ninetales\n|-sidestart|p2: VGCsavant|move: Aurora Veil\n|move|p1a: Enamorus|Superpower|p2b: Baxcalibur\n|-supereffective|p2b: Baxcalibur\n|-damage|p2b: Baxcalibur|66\/100\n|-boost|p1a: Enamorus|atk|1\n|-boost|p1a: Enamorus|def|1\n|move|p2b: Baxcalibur|Icicle Crash|p1a: Enamorus\n|-supereffective|p1a: Enamorus\n|-damage|p1a: Enamorus|1\/100\n|move|p1b: Iron Hands|Heavy Slam|p2a: Ninetales\n|-supereffective|p2a: Ninetales\n|-damage|p2a: Ninetales|0 fnt\n|faint|p2a: Ninetales\n|\n|-weather|Snow|[upkeep]\n|-damage|p1b: Iron Hands|76\/100 psn|[from] psn\n|upkeep\n|\n|t:|1699416486\n|switch|p2a: Heatran|Heatran, M|100\/100\n|turn|7\n|inactive|VGCsavant has 120 seconds left.\n|inactive|VGCsavant has 90 seconds left.\n|\n|t:|1699416538\n|-end|p1b: Iron Hands|Quark Drive|[silent]\n|switch|p1b: Landorus|Landorus-Therian, M|100\/100\n|-ability|p1b: Landorus|Intimidate|boost\n|-unboost|p2a: Heatran|atk|1\n|-fail|p2b: Baxcalibur|unboost|[from] item: Clear Amulet|[of] p2b: Baxcalibur\n|move|p2a: Heatran|Protect|p2a: Heatran\n|-singleturn|p2a: Heatran|Protect\n|move|p2b: Baxcalibur|Ice Shard|p1a: Enamorus\n|-supereffective|p1a: Enamorus\n|-damage|p1a: Enamorus|0 fnt\n|faint|p1a: Enamorus\n|\n|-weather|Snow|[upkeep]\n|upkeep\n|\n|t:|1699416546\n|switch|p1a: Iron Hands|Iron Hands|76\/100 psn\n|turn|8\n|inactive|VGCsavant has 90 seconds left.\n|\n|t:|1699416567\n|move|p2b: Baxcalibur|Protect|p2b: Baxcalibur\n|-singleturn|p2b: Baxcalibur|Protect\n|move|p1a: Iron Hands|Fake Out|p2b: Baxcalibur\n|-activate|p2b: Baxcalibur|move: Protect\n|move|p1b: Landorus|Stomping Tantrum|p2a: Heatran\n|-supereffective|p2a: Heatran\n|-damage|p2a: Heatran|0 fnt\n|faint|p2a: Heatran\n|\n|-weather|Snow|[upkeep]\n|-damage|p1a: Iron Hands|63\/100 psn|[from] psn\n|upkeep\n|turn|9\n|\n|t:|1699416588\n|-end|p1a: Iron Hands|Quark Drive|[silent]\n|switch|p1a: Heatran|Heatran, M|100\/100\n|move|p2b: Baxcalibur|Protect||[still]\n|-fail|p2b: Baxcalibur\n|move|p1b: Landorus|Stomping Tantrum|p2b: Baxcalibur\n|-damage|p2b: Baxcalibur|49\/100\n|\n|-weather|Snow|[upkeep]\n|upkeep\n|turn|10\n|c|\u2606VGCsavant|gg\n|l| Test Bots\n|\n|t:|1699416609\n|move|p2b: Baxcalibur|Ice Shard|p1b: Landorus\n|-supereffective|p1b: Landorus\n|-damage|p1b: Landorus|0 fnt\n|faint|p1b: Landorus\n|move|p1a: Heatran|Stealth Rock|p2b: Baxcalibur\n|-sidestart|p2: VGCsavant|move: Stealth Rock\n|\n|-weather|none\n|upkeep\n|\n|t:|1699416615\n|switch|p1b: Iron Hands|Iron Hands|63\/100 psn\n|turn|11\n|\n|t:|1699416636\n|move|p1a: Heatran|Protect|p1a: Heatran\n|-singleturn|p1a: Heatran|Protect\n|move|p2b: Baxcalibur|Glaive Rush|p1a: Heatran\n|-activate|p1a: Heatran|move: Protect\n|move|p1b: Iron Hands|Close Combat|p2b: Baxcalibur\n|-supereffective|p2b: Baxcalibur\n|-damage|p2b: Baxcalibur|0 fnt\n|-unboost|p1b: Iron Hands|def|1\n|-unboost|p1b: Iron Hands|spd|1\n|faint|p2b: Baxcalibur\n|\n|win|SingleThunder\n|n|\u2606SingleThunder|singlethunder\n|n|\u2606VGCsavant|vgcsavant\n","uploadtime":1699416637,"views":9,"p1id":"singlethunder","p2id":"vgcsavant","formatid":"gen9doublesou","rating":0,"private":0,"password":""}