{"id":"gen9doublesou-1973852746","p1":"Lkapkd","p2":"SmeargleOnAcid","format":"[Gen 9] Doubles OU","log":"|j|\u2606Lkapkd\n|j|\u2606SmeargleOnAcid\n|inactive|Battle timer is ON: inactive players will automatically lose when time's up.\n|t:|1698020653\n|gametype|doubles\n|player|p1|Lkapkd|#bltixsnorlaxes|\n|player|p2|SmeargleOnAcid|ninjaboy|\n|teamsize|p1|6\n|teamsize|p2|6\n|gen|9\n|tier|[Gen 9] Doubles OU\n|rated|Tournament battle\n|rule|Species Clause: Limit one of each Pok\u00e9mon\n|rule|OHKO Clause: OHKO moves are banned\n|rule|Evasion Moves Clause: Evasion moves are banned\n|rule|Gravity Sleep Clause: The combination of sleep-inducing moves with imperfect accuracy and Gravity or Gigantamax Orbeetle are banned\n|rule|Endless Battle Clause: Forcing endless battles is banned\n|rule|HP Percentage Mod: HP is shown in percentages\n|clearpoke\n|poke|p1|Flutter Mane|\n|poke|p1|Iron Hands|\n|poke|p1|Kingambit, F|\n|poke|p1|Amoonguss, F|\n|poke|p1|Volcanion|\n|poke|p1|Cresselia, F|\n|poke|p2|Passimian, F|\n|poke|p2|Enamorus, F|\n|poke|p2|Ribombee, F|\n|poke|p2|Chien-Pao|\n|poke|p2|Ursaluna-Bloodmoon, M|\n|poke|p2|Meowscarada, F|\n|teampreview\n|j|*Lady Monita \u263d\n|j| BB-8-NU\n|j| Piperflight\n|j| Goomy Guy12345\n|\n|t:|1698020667\n|start\n|switch|p1a: punisher|Iron Hands|100\/100\n|switch|p1b: kyoto|Volcanion|100\/100\n|switch|p2a: Passimian|Passimian, F|100\/100\n|switch|p2b: Enamorus|Enamorus, F|100\/100\n|turn|1\n|j|@Jadino\n|j| Samirsin\u2605\n|j|\u2729SamJo\n|\n|t:|1698020690\n|-terastallize|p2b: Enamorus|Ghost\n|move|p2a: Passimian|Protect|p2a: Passimian\n|-singleturn|p2a: Passimian|Protect\n|move|p1a: punisher|Fake Out|p2b: Enamorus\n|-immune|p2b: Enamorus\n|move|p2b: Enamorus|Tailwind|p2b: Enamorus\n|-sidestart|p2: SmeargleOnAcid|move: Tailwind\n|move|p1b: kyoto|Heat Wave|p2a: Passimian|[spread] p2b\n|-activate|p2a: Passimian|move: Protect\n|-damage|p2b: Enamorus|51\/100\n|\n|upkeep\n|turn|2\n|j| BrolynAlv\n|j| Fernijaes1504\n|j| Troutinspace\n|c| Fernijaes1504|Upa pa\n|c| Fernijaes1504|Patremenda skin\n|j| Bastian107_yt\n|l| Fernijaes1504\n|j| PokeArt2004\u2764\n|c|@Jadino|phoebe bridgers nicknames\n|\n|t:|1698020718\n|move|p2b: Enamorus|Healing Wish|p2b: Enamorus\n|faint|p2b: Enamorus\n|-ability|p2a: Passimian|Contrary|[from] ability: Receiver|[of] p2b: Enamorus\n|move|p2a: Passimian|Close Combat|p1a: punisher\n|-damage|p1a: punisher|58\/100\n|-boost|p2a: Passimian|def|1\n|-boost|p2a: Passimian|spd|1\n|move|p1b: kyoto|Heat Wave|p2a: Passimian\n|-damage|p2a: Passimian|51\/100\n|move|p1a: punisher|Heavy Slam|p2a: Passimian\n|-damage|p2a: Passimian|24\/100\n|-enditem|p2a: Passimian|Sitrus Berry|[eat]\n|-heal|p2a: Passimian|49\/100|[from] item: Sitrus Berry\n|\n|upkeep\n|j| PerfecTechs\n|c|@Jadino|you know ball\n|inactive|SmeargleOnAcid has 120 seconds left.\n|\n|t:|1698020733\n|switch|p2b: Ribombee|Ribombee, F|100\/100\n|turn|3\n|j| Vistar\n|c| Bastian107_yt|porque hay pokemons que usan pngs como modelo en combate?\n|c| Bastian107_yt|xd\n|\n|t:|1698020751\n|-end|p1a: punisher|Quark Drive|[silent]\n|switch|p1a: savior complex|Amoonguss, F|100\/100\n|move|p2b: Ribombee|Pollen Puff|p2a: Passimian\n|-heal|p2a: Passimian|99\/100\n|move|p2a: Passimian|Close Combat|p1a: savior complex\n|-resisted|p1a: savior complex\n|-damage|p1a: savior complex|75\/100\n|-boost|p2a: Passimian|def|1\n|-boost|p2a: Passimian|spd|1\n|-damage|p2a: Passimian|82\/100|[from] item: Rocky Helmet|[of] p1a: savior complex\n|move|p1b: kyoto|Heat Wave|p2b: Ribombee|[spread] p2a,p2b\n|-supereffective|p2b: Ribombee\n|-damage|p2a: Passimian|56\/100\n|-enditem|p2b: Ribombee|Focus Sash\n|-damage|p2b: Ribombee|1\/100\n|\n|upkeep\n|turn|4\n|j| hollowed mist 3\n|c|\u2729SamJo|neat oo\n|inactive|SmeargleOnAcid has 120 seconds left.\n|\n|t:|1698020806\n|move|p2a: Passimian|Protect|p2a: Passimian\n|-singleturn|p2a: Passimian|Protect\n|move|p2b: Ribombee|Pollen Puff|p1a: savior complex\n|-damage|p1a: savior complex|46\/100\n|move|p1b: kyoto|Heat Wave|p2a: Passimian|[spread] p2b\n|-activate|p2a: Passimian|move: Protect\n|-supereffective|p2b: Ribombee\n|-damage|p2b: Ribombee|0 fnt\n|faint|p2b: Ribombee\n|move|p1a: savior complex|Spore|p2a: Passimian\n|-activate|p2a: Passimian|move: Protect\n|\n|-sideend|p2: SmeargleOnAcid|move: Tailwind\n|upkeep\n|\n|t:|1698020813\n|switch|p2b: Meowscarada|Meowscarada, F|100\/100\n|turn|5\n|inactive|SmeargleOnAcid has 120 seconds left.\n|\n|t:|1698020827\n|switch|p1b: ICU|Cresselia, F|100\/100\n|move|p2b: Meowscarada|Ally Switch|p2b: Meowscarada\n|swap|p2b: Meowscarada|0|[from] move: Ally Switch\n|-heal|p2b: Passimian|100\/100|[from] move: Healing Wish\n|move|p2b: Passimian|Close Combat|p1a: savior complex\n|-resisted|p1a: savior complex\n|-damage|p1a: savior complex|24\/100\n|-boost|p2b: Passimian|def|1\n|-boost|p2b: Passimian|spd|1\n|-damage|p2b: Passimian|84\/100|[from] item: Rocky Helmet|[of] p1a: savior complex\n|move|p1a: savior complex|Spore|p2a: Meowscarada\n|-immune|p2a: Meowscarada\n|\n|upkeep\n|turn|6\n|j| Pokemmmooooooooon\n|inactive|SmeargleOnAcid has 120 seconds left.\n|\n|t:|1698020850\n|switch|p1a: kyoto|Volcanion|100\/100\n|move|p2a: Meowscarada|Charm|p2b: Passimian\n|-boost|p2b: Passimian|atk|2\n|move|p2b: Passimian|Close Combat|p1a: kyoto\n|-damage|p1a: kyoto|3\/100\n|-boost|p2b: Passimian|def|1\n|-boost|p2b: Passimian|spd|1\n|move|p1b: ICU|Trick Room|p1b: ICU\n|-fieldstart|move: Trick Room|[of] p1b: ICU\n|\n|upkeep\n|turn|7\n|\n|t:|1698020872\n|move|p2b: Passimian|Protect|p2b: Passimian\n|-singleturn|p2b: Passimian|Protect\n|move|p2a: Meowscarada|Sucker Punch|p1a: kyoto\n|-damage|p1a: kyoto|0 fnt\n|faint|p1a: kyoto\n|move|p1b: ICU|Psychic|p2b: Passimian\n|-activate|p2b: Passimian|move: Protect\n|\n|upkeep\n|\n|t:|1698020882\n|switch|p1a: moon song|Flutter Mane|100\/100\n|turn|8\n|\n|t:|1698020896\n|-end|p1a: moon song|Protosynthesis|[silent]\n|switch|p1a: savior complex|Amoonguss, F|57\/100\n|move|p2a: Meowscarada|Ally Switch|p2a: Meowscarada\n|swap|p2a: Meowscarada|1|[from] move: Ally Switch\n|move|p1b: ICU|Psychic|p2b: Meowscarada\n|-immune|p2b: Meowscarada\n|move|p2a: Passimian|Knock Off|p1a: savior complex\n|-damage|p1a: savior complex|6\/100\n|-damage|p2a: Passimian|68\/100|[from] item: Rocky Helmet|[of] p1a: savior complex\n|-enditem|p1a: savior complex|Rocky Helmet|[from] move: Knock Off|[of] p2a: Passimian\n|\n|upkeep\n|turn|9\n|\n|t:|1698020919\n|move|p2b: Meowscarada|Sucker Punch||[still]\n|-fail|p2b: Meowscarada\n|move|p1a: savior complex|Pollen Puff|p2b: Meowscarada\n|-supereffective|p2b: Meowscarada\n|-enditem|p2b: Meowscarada|Focus Sash\n|-damage|p2b: Meowscarada|1\/100\n|move|p1b: ICU|Lunar Blessing|p1b: ICU|[spread] p1a,p1b\n|-heal|p1a: savior complex|31\/100\n|move|p2a: Passimian|Close Combat|p1a: savior complex\n|-resisted|p1a: savior complex\n|-damage|p1a: savior complex|0 fnt\n|-boost|p2a: Passimian|def|1\n|-boost|p2a: Passimian|spd|1\n|faint|p1a: savior complex\n|\n|upkeep\n|\n|t:|1698020932\n|switch|p1a: punisher|Iron Hands|58\/100\n|turn|10\n|\n|t:|1698020942\n|move|p2a: Passimian|Protect|p2a: Passimian\n|-singleturn|p2a: Passimian|Protect\n|move|p1a: punisher|Fake Out|p2b: Meowscarada\n|-damage|p2b: Meowscarada|0 fnt\n|faint|p2b: Meowscarada\n|move|p1b: ICU|Psychic|p2a: Passimian\n|-activate|p2a: Passimian|move: Protect\n|\n|-fieldend|move: Trick Room\n|upkeep\n|\n|t:|1698020948\n|switch|p2b: Chien-Pao|Chien-Pao|100\/100\n|-ability|p2b: Chien-Pao|Sword of Ruin\n|turn|11\n|\n|t:|1698020960\n|move|p2b: Chien-Pao|Crunch|p1b: ICU\n|-supereffective|p1b: ICU\n|-damage|p1b: ICU|8\/100\n|-damage|p2b: Chien-Pao|91\/100|[from] item: Life Orb\n|move|p2a: Passimian|Close Combat|p1a: punisher\n|-damage|p1a: punisher|0 fnt\n|-boost|p2a: Passimian|def|1\n|-boost|p2a: Passimian|spd|1\n|faint|p1a: punisher\n|-end|p1a: punisher|Quark Drive|[silent]\n|move|p1b: ICU|Trick Room|p1b: ICU\n|-fieldstart|move: Trick Room|[of] p1b: ICU\n|\n|upkeep\n|\n|t:|1698020968\n|switch|p1a: i know the end|Kingambit, F|100\/100\n|-activate|p1a: i know the end|ability: Supreme Overlord\n|-start|p1a: i know the end|fallen3|[silent]\n|turn|12\n|\n|t:|1698020982\n|move|p2a: Passimian|Protect|p2a: Passimian\n|-singleturn|p2a: Passimian|Protect\n|move|p1a: i know the end|Kowtow Cleave|p2b: Chien-Pao\n|-resisted|p2b: Chien-Pao\n|-damage|p2b: Chien-Pao|37\/100\n|move|p2b: Chien-Pao|Sacred Sword|p1a: i know the end\n|-supereffective|p1a: i know the end\n|-damage|p1a: i know the end|0 fnt\n|faint|p1a: i know the end\n|-end|p1a: i know the end|fallen3|[silent]\n|-damage|p2b: Chien-Pao|27\/100|[from] item: Life Orb\n|move|p1b: ICU|Trick Room|p1b: ICU\n|-fieldend|move: Trick Room\n|\n|upkeep\n|c| PerfecTechs|vamos Smeargle, estas jugando muy bien\n|\n|t:|1698020990\n|switch|p1a: moon song|Flutter Mane|100\/100\n|turn|13\n|\n|t:|1698021011\n|-terastallize|p1a: moon song|Fairy\n|move|p2b: Chien-Pao|Crunch|p1a: moon song\n|-resisted|p1a: moon song\n|-damage|p1a: moon song|49\/100\n|-damage|p2b: Chien-Pao|17\/100|[from] item: Life Orb\n|move|p1a: moon song|Dazzling Gleam|p2a: Passimian|[spread] p2a,p2b\n|-supereffective|p2a: Passimian\n|-supereffective|p2b: Chien-Pao\n|-damage|p2a: Passimian|25\/100\n|-damage|p2b: Chien-Pao|0 fnt\n|faint|p2b: Chien-Pao\n|move|p2a: Passimian|Knock Off|p1a: moon song\n|-resisted|p1a: moon song\n|-damage|p1a: moon song|0 fnt\n|-enditem|p1a: moon song|Choice Specs|[from] move: Knock Off|[of] p2a: Passimian\n|faint|p1a: moon song\n|-end|p1a: moon song|Protosynthesis|[silent]\n|move|p1b: ICU|Psychic|p2a: Passimian\n|-supereffective|p2a: Passimian\n|-crit|p2a: Passimian\n|-damage|p2a: Passimian|0 fnt\n|faint|p2a: Passimian\n|\n|upkeep\n|j| Intergers\n|\n|t:|1698021020\n|switch|p2b: Ursaluna|Ursaluna-Bloodmoon, M|100\/100\n|turn|14\n|\n|t:|1698021032\n|move|p1b: ICU|Lunar Blessing|p1b: ICU\n|-heal|p1b: ICU|33\/100\n|move|p2b: Ursaluna|Blood Moon|p1b: ICU\n|-damage|p1b: ICU|0 fnt\n|faint|p1b: ICU\n|\n|win|SmeargleOnAcid\n|n|\u2606Lkapkd|lkapkd\n|n|\u2606SmeargleOnAcid|smeargleonacid\n|n|*Lady Monita \u263d|ladymonita\n|n| BB-8-NU|bb8nu\n|n| Piperflight|piperflight\n|n| Goomy Guy12345|goomyguy12345\n|n| Jadino|jadino\n|n| Samirsin\u2605|samirsin\n|n|+SamJo|samjo\n|n| BrolynAlv|brolynalv\n|n| Troutinspace|troutinspace\n|n| Bastian107_yt|bastian107yt\n|n| PokeArt2004\u2764|pokeart2004\n|n| PerfecTechs|perfectechs\n|n| Vistar|vistar\n|n| hollowed mist 3|hollowedmist3\n|n| Pokemmmooooooooon|pokemmmooooooooon\n|n| Intergers|intergers\n|l|*Lady Monita \u263d\n|l| BB-8-NU\n|l| hollowed mist 3\n|l|\u2606Lkapkd\n|l| Intergers\n|l| Troutinspace\n|l| Pokemmmooooooooon\n|c|\u2606SmeargleOnAcid|GG\n|l| Piperflight\n|l| Vistar\n|l| Samirsin\u2605\n|l| Jadino\n|j| ThisSimFuckinSucks\n|j| pollin777\n|j| 09-10a\n|l| PokeArt2004\u2764\n|j| lovemeowscarada\n|l| ThisSimFuckinSucks\n|l| lovemeowscarada\n|l| PerfecTechs\n|j| PerfecTechs\n|l| PerfecTechs\n|j| juanfe05\n|l| juanfe05\n|l| Bastian107_yt\n|l| 09-10a\n|j| lovemeowscarada\n|l| lovemeowscarada\n|l| pollin777\n|l| BrolynAlv\n|l|\u2606SmeargleOnAcid\n|j|\u2606SmeargleOnAcid\n|player|p2|SmeargleOnAcid|ninjaboy\n","uploadtime":1698021041,"views":30,"p1id":"lkapkd","p2id":"smeargleonacid","formatid":"gen9doublesou","rating":0,"private":0,"password":""}