{"id":"gen9doublesou-1976698233","p1":"Gasgar4","p2":"mebin777","format":"[Gen 9] Doubles OU","log":"|j|\u2606Gasgar4\n|j|\u2606mebin777\n|t:|1698334312\n|gametype|doubles\n|player|p1|Gasgar4|ghetsis|1682\n|player|p2|mebin777|1|1543\n|teamsize|p1|6\n|teamsize|p2|6\n|gen|9\n|tier|[Gen 9] Doubles OU\n|rated|\n|rule|Species Clause: Limit one of each Pok\u00e9mon\n|rule|OHKO Clause: OHKO moves are banned\n|rule|Evasion Moves Clause: Evasion moves are banned\n|rule|Gravity Sleep Clause: The combination of sleep-inducing moves with imperfect accuracy and Gravity or Gigantamax Orbeetle are banned\n|rule|Endless Battle Clause: Forcing endless battles is banned\n|rule|HP Percentage Mod: HP is shown in percentages\n|clearpoke\n|poke|p1|Dragonite, M|\n|poke|p1|Rillaboom, F|\n|poke|p1|Ursaluna-Bloodmoon, M|\n|poke|p1|Chien-Pao|\n|poke|p1|Landorus, M|\n|poke|p1|Garganacl, F|\n|poke|p2|Landorus-Therian, M|\n|poke|p2|Ogerpon-Hearthflame, F|\n|poke|p2|Heatran, M|\n|poke|p2|Iron Hands|\n|poke|p2|Iron Bundle|\n|poke|p2|Rillaboom, M|\n|teampreview\n|inactive|Battle timer is ON: inactive players will automatically lose when time's up. (requested by mebin777)\n|inactive|Gasgar4 also wants the timer to be on.\n|\n|t:|1698334345\n|start\n|switch|p1a: Rillaboom|Rillaboom, F|100\/100\n|switch|p1b: Landorus|Landorus, M|100\/100\n|switch|p2a: Landorus|Landorus-Therian, M|100\/100\n|switch|p2b: Iron Hands|Iron Hands|100\/100\n|-ability|p2a: Landorus|Intimidate|boost\n|-unboost|p1a: Rillaboom|atk|1\n|-unboost|p1b: Landorus|atk|1\n|-fieldstart|move: Grassy Terrain|[from] ability: Grassy Surge|[of] p1a: Rillaboom\n|turn|1\n|inactive|mebin777 has 120 seconds left.\n|inactive|Gasgar4 has 120 seconds left.\n|inactive|Gasgar4 has 90 seconds left.\n|\n|t:|1698334419\n|-terastallize|p1b: Landorus|Ghost\n|move|p1a: Rillaboom|Fake Out|p2a: Landorus\n|-damage|p2a: Landorus|91\/100\n|move|p2b: Iron Hands|Fake Out|p1b: Landorus\n|-immune|p1b: Landorus\n|cant|p2a: Landorus|flinch\n|move|p1b: Landorus|Substitute|p1b: Landorus\n|-start|p1b: Landorus|Substitute\n|-damage|p1b: Landorus|75\/100\n|\n|-heal|p1b: Landorus|82\/100|[from] Grassy Terrain\n|upkeep\n|turn|2\n|inactive|mebin777 has 120 seconds left.\n|inactive|Gasgar4 has 90 seconds left.\n|inactive|Gasgar4 has 60 seconds left.\n|\n|t:|1698334499\n|move|p2a: Landorus|Stomping Tantrum|p1b: Landorus\n|-end|p1b: Landorus|Substitute\n|move|p1b: Landorus|Earth Power|p2b: Iron Hands\n|-supereffective|p2b: Iron Hands\n|-crit|p2b: Iron Hands\n|-damage|p2b: Iron Hands|0 fnt\n|faint|p2b: Iron Hands\n|-end|p2b: Iron Hands|Quark Drive|[silent]\n|move|p1a: Rillaboom|U-turn|p2a: Landorus\n|-resisted|p2a: Landorus\n|-damage|p2a: Landorus|82\/100\n|\n|t:|1698334515\n|switch|p1a: Ursaluna|Ursaluna-Bloodmoon, M|100\/100|[from] U-turn\n|\n|-heal|p1b: Landorus|88\/100|[from] Grassy Terrain\n|upkeep\n|\n|t:|1698334528\n|switch|p2b: Rillaboom|Rillaboom, M|100\/100\n|turn|3\n|inactive|Gasgar4 has 60 seconds left.\n|\n|t:|1698334546\n|move|p2a: Landorus|Stomping Tantrum|p1b: Landorus\n|-damage|p1b: Landorus|36\/100\n|move|p1b: Landorus|Sludge Bomb|p2b: Rillaboom\n|-supereffective|p2b: Rillaboom\n|-damage|p2b: Rillaboom|8\/100\n|-enditem|p2b: Rillaboom|Sitrus Berry|[eat]\n|-heal|p2b: Rillaboom|33\/100|[from] item: Sitrus Berry\n|move|p2b: Rillaboom|Wood Hammer|p1a: Ursaluna\n|-supereffective|p1a: Ursaluna\n|-crit|p1a: Ursaluna\n|-damage|p1a: Ursaluna|0 fnt\n|faint|p1a: Ursaluna\n|-damage|p2b: Rillaboom|0 fnt|[from] Recoil\n|faint|p2b: Rillaboom\n|\n|-heal|p1b: Landorus|42\/100|[from] Grassy Terrain\n|upkeep\n|inactive|Gasgar4 has 60 seconds left.\n|c|\u2606Gasgar4|33% recoil \ud83d\ude02\n|\n|t:|1698334600\n|switch|p2b: Ogerpon|Ogerpon-Hearthflame, F|100\/100\n|switch|p1a: Rillaboom|Rillaboom, F|100\/100\n|-ability|p2b: Ogerpon|Mold Breaker\n|turn|4\n|inactive|mebin777 has 120 seconds left.\n|\n|t:|1698334642\n|-terastallize|p2b: Ogerpon|Fire\n|detailschange|p2b: Ogerpon|Ogerpon-Hearthflame-Tera, F, tera:Fire\n|-ability|p2b: Ogerpon|Embody Aspect (Hearthflame)|boost\n|-boost|p2b: Ogerpon|atk|1\n|move|p1b: Landorus|Protect|p1b: Landorus\n|-singleturn|p1b: Landorus|Protect\n|move|p2a: Landorus|Stomping Tantrum|p1b: Landorus\n|-activate|p1b: Landorus|move: Protect\n|move|p2b: Ogerpon|Ivy Cudgel|p1a: Rillaboom\n|-supereffective|p1a: Rillaboom\n|-damage|p1a: Rillaboom|0 fnt\n|faint|p1a: Rillaboom\n|\n|-heal|p1b: Landorus|49\/100|[from] Grassy Terrain\n|upkeep\n|\n|t:|1698334659\n|switch|p1a: Chien-Pao|Chien-Pao|100\/100\n|-ability|p1a: Chien-Pao|Sword of Ruin\n|turn|5\n|inactive|Gasgar4 has 60 seconds left.\n|\n|t:|1698334671\n|move|p1a: Chien-Pao|Protect|p1a: Chien-Pao\n|-singleturn|p1a: Chien-Pao|Protect\n|move|p2a: Landorus|Stomping Tantrum|p1b: Landorus\n|-damage|p1b: Landorus|0 fnt\n|faint|p1b: Landorus\n|move|p2b: Ogerpon|Ivy Cudgel|p1a: Chien-Pao\n|-activate|p1a: Chien-Pao|move: Protect\n|\n|-fieldend|move: Grassy Terrain\n|upkeep\n|inactive|Gasgar4 has 60 seconds left.\n|\n|t:|1698334679\n|switch|p1b: Dragonite|Dragonite, M|100\/100\n|turn|6\n|\n|t:|1698334696\n|switch|p2a: Heatran|Heatran, M|100\/100\n|move|p1b: Dragonite|Extreme Speed|p2b: Ogerpon\n|-damage|p2b: Ogerpon|44\/100\n|move|p1a: Chien-Pao|Ice Shard|p2a: Heatran\n|-resisted|p2a: Heatran\n|-damage|p2a: Heatran|95\/100\n|move|p2b: Ogerpon|Ivy Cudgel|p1a: Chien-Pao\n|-supereffective|p1a: Chien-Pao\n|-enditem|p1a: Chien-Pao|Focus Sash\n|-damage|p1a: Chien-Pao|1\/100\n|\n|upkeep\n|turn|7\n|inactive|Gasgar4 has 90 seconds left.\n|\n|t:|1698334717\n|move|p2b: Ogerpon|Spiky Shield|p2b: Ogerpon\n|-singleturn|p2b: Ogerpon|move: Protect\n|move|p1b: Dragonite|Extreme Speed|p2b: Ogerpon\n|-activate|p2b: Ogerpon|move: Protect\n|-damage|p1b: Dragonite|88\/100|[from] Spiky Shield|[of] p2b: Ogerpon\n|move|p1a: Chien-Pao|Sucker Punch|p2a: Heatran\n|-damage|p2a: Heatran|52\/100\n|move|p2a: Heatran|Heat Wave|p1a: Chien-Pao|[spread] p1a,p1b\n|-supereffective|p1a: Chien-Pao\n|-resisted|p1b: Dragonite\n|-damage|p1a: Chien-Pao|0 fnt\n|-damage|p1b: Dragonite|64\/100\n|faint|p1a: Chien-Pao\n|-damage|p2a: Heatran|42\/100|[from] item: Life Orb\n|\n|upkeep\n|\n|t:|1698334729\n|switch|p1a: Garganacl|Garganacl, F|100\/100\n|turn|8\n|\n|t:|1698334753\n|switch|p2b: Landorus|Landorus-Therian, M|82\/100\n|-ability|p2b: Landorus|Intimidate|boost\n|-unboost|p1a: Garganacl|atk|1\n|-fail|p1b: Dragonite|unboost|Attack|[from] ability: Inner Focus|[of] p1b: Dragonite\n|move|p1b: Dragonite|Extreme Speed|p2b: Landorus\n|-damage|p2b: Landorus|32\/100\n|move|p2a: Heatran|Flash Cannon|p1a: Garganacl\n|-supereffective|p1a: Garganacl\n|-damage|p1a: Garganacl|23\/100\n|-damage|p2a: Heatran|32\/100|[from] item: Life Orb\n|move|p1a: Garganacl|Salt Cure|p2a: Heatran\n|-damage|p2a: Heatran|24\/100\n|-start|p2a: Heatran|Salt Cure\n|\n|-heal|p1a: Garganacl|29\/100|[from] item: Leftovers\n|-damage|p2a: Heatran|0 fnt|[from] Salt Cure\n|faint|p2a: Heatran\n|upkeep\n|inactive|mebin777 has 120 seconds left.\n|\n|t:|1698334776\n|switch|p2a: Ogerpon|Ogerpon-Hearthflame-Tera, F, tera:Fire|44\/100\n|-ability|p2a: Ogerpon|Embody Aspect (Hearthflame)|boost\n|-boost|p2a: Ogerpon|atk|1\n|turn|9\n|inactive|Gasgar4 has 120 seconds left.\n|\n|t:|1698334795\n|move|p1b: Dragonite|Extreme Speed|p2b: Landorus\n|-damage|p2b: Landorus|0 fnt\n|faint|p2b: Landorus\n|move|p2a: Ogerpon|Ivy Cudgel|p1b: Dragonite\n|-resisted|p1b: Dragonite\n|-damage|p1b: Dragonite|10\/100\n|move|p1a: Garganacl|Salt Cure|p2a: Ogerpon\n|-supereffective|p2a: Ogerpon\n|-damage|p2a: Ogerpon|26\/100\n|-start|p2a: Ogerpon|Salt Cure\n|\n|-heal|p1a: Garganacl|36\/100|[from] item: Leftovers\n|-damage|p2a: Ogerpon|14\/100|[from] Salt Cure\n|upkeep\n|inactive|mebin777 has 120 seconds left.\n|\n|t:|1698334818\n|switch|p2b: Iron Bundle|Iron Bundle|100\/100\n|turn|10\n|inactive|Gasgar4 has 120 seconds left.\n|\n|t:|1698334849\n|move|p2a: Ogerpon|Spiky Shield|p2a: Ogerpon\n|-singleturn|p2a: Ogerpon|move: Protect\n|move|p1b: Dragonite|Extreme Speed|p2a: Ogerpon\n|-activate|p2a: Ogerpon|move: Protect\n|-damage|p1b: Dragonite|0 fnt|[from] Spiky Shield|[of] p2a: Ogerpon\n|faint|p1b: Dragonite\n|move|p2b: Iron Bundle|Icy Wind|p1a: Garganacl\n|-damage|p1a: Garganacl|21\/100\n|-unboost|p1a: Garganacl|spe|1\n|move|p1a: Garganacl|Recover|p1a: Garganacl\n|-heal|p1a: Garganacl|71\/100\n|\n|-heal|p1a: Garganacl|77\/100|[from] item: Leftovers\n|-damage|p2a: Ogerpon|2\/100|[from] Salt Cure\n|upkeep\n|turn|11\n|\n|t:|1698334874\n|move|p2b: Iron Bundle|Hydro Pump|p1a: Garganacl|[miss]\n|-miss|p2b: Iron Bundle|p1a: Garganacl\n|move|p2a: Ogerpon|Grassy Glide|p1a: Garganacl\n|-supereffective|p1a: Garganacl\n|-damage|p1a: Garganacl|15\/100\n|move|p1a: Garganacl|Salt Cure|p2b: Iron Bundle\n|-supereffective|p2b: Iron Bundle\n|-damage|p2b: Iron Bundle|83\/100\n|-start|p2b: Iron Bundle|Salt Cure\n|\n|-heal|p1a: Garganacl|22\/100|[from] item: Leftovers\n|-damage|p2b: Iron Bundle|58\/100|[from] Salt Cure\n|-damage|p2a: Ogerpon|0 fnt|[from] Salt Cure\n|faint|p2a: Ogerpon\n|upkeep\n|turn|12\n|\n|t:|1698334895\n|move|p2b: Iron Bundle|Hydro Pump|p1a: Garganacl|[miss]\n|-miss|p2b: Iron Bundle|p1a: Garganacl\n|move|p1a: Garganacl|Recover|p1a: Garganacl\n|-heal|p1a: Garganacl|72\/100\n|\n|-heal|p1a: Garganacl|78\/100|[from] item: Leftovers\n|-damage|p2b: Iron Bundle|33\/100|[from] Salt Cure\n|upkeep\n|turn|13\n|\n|t:|1698334913\n|move|p2b: Iron Bundle|Hydro Pump|p1a: Garganacl\n|-supereffective|p1a: Garganacl\n|-damage|p1a: Garganacl|16\/100\n|move|p1a: Garganacl|Salt Cure|p2b: Iron Bundle\n|-supereffective|p2b: Iron Bundle\n|-damage|p2b: Iron Bundle|14\/100\n|\n|-heal|p1a: Garganacl|23\/100|[from] item: Leftovers\n|-damage|p2b: Iron Bundle|0 fnt|[from] Salt Cure\n|faint|p2b: Iron Bundle\n|-end|p2b: Iron Bundle|Quark Drive|[silent]\n|\n|win|Gasgar4\n|upkeep\n|raw|Gasgar4's rating: 1682 &rarr; <strong>1694<\/strong><br \/>(+12 for winning)\n|raw|mebin777's rating: 1543 &rarr; <strong>1531<\/strong><br \/>(-12 for losing)\n|c|\u2606Gasgar4|XDDDDDDDD\n|l|\u2606mebin777\n|l|\u2606Gasgar4\n|j|\u2606Gasgar4\n|player|p1|Gasgar4|ghetsis\n","uploadtime":1698334933,"views":27,"p1id":"gasgar4","p2id":"mebin777","formatid":"gen9doublesou","rating":1531,"private":0,"password":""}