{"id":"gen9doublesou-1970868765","p1":"majner","p2":"BlazeBrawl","format":"[Gen 9] Doubles OU","log":"|j|\u2606majner\n|j|\u2606BlazeBrawl\n|t:|1697675529\n|gametype|doubles\n|player|p1|majner|265|1049\n|player|p2|BlazeBrawl|swimmerf-gen4dp|1127\n|teamsize|p1|6\n|teamsize|p2|6\n|gen|9\n|tier|[Gen 9] Doubles OU\n|rated|\n|rule|Species Clause: Limit one of each Pok\u00e9mon\n|rule|OHKO Clause: OHKO moves are banned\n|rule|Evasion Moves Clause: Evasion moves are banned\n|rule|Gravity Sleep Clause: The combination of sleep-inducing moves with imperfect accuracy and Gravity or Gigantamax Orbeetle are banned\n|rule|Endless Battle Clause: Forcing endless battles is banned\n|rule|HP Percentage Mod: HP is shown in percentages\n|clearpoke\n|poke|p1|Trevenant, F|\n|poke|p1|Torkoal, F|\n|poke|p1|Farigiraf, M|\n|poke|p1|Appletun, M|\n|poke|p1|Toxtricity-Low-Key, M|\n|poke|p1|Dedenne, F|\n|poke|p2|Grimmsnarl, M|\n|poke|p2|Pawmot, M|\n|poke|p2|Iron Hands|\n|poke|p2|Iron Moth|\n|poke|p2|Empoleon, M|\n|poke|p2|Gardevoir, F|\n|teampreview\n|\n|t:|1697675538\n|start\n|switch|p1a: Toxtricity|Toxtricity-Low-Key, M|100\/100\n|switch|p1b: Dedenne|Dedenne, F|100\/100\n|switch|p2a: Waffles|Pawmot, M|100\/100\n|switch|p2b: Grimmins|Grimmsnarl, M|100\/100\n|-item|p1b: Dedenne|Air Balloon\n|turn|1\n|\n|t:|1697675556\n|-terastallize|p1a: Toxtricity|Electric\n|move|p2b: Grimmins|Reflect|p2b: Grimmins\n|-sidestart|p2: BlazeBrawl|Reflect\n|move|p1a: Toxtricity|Thunderbolt|p2b: Grimmins\n|-damage|p2b: Grimmins|35\/100\n|move|p2a: Waffles|Bulk Up|p2a: Waffles\n|-boost|p2a: Waffles|atk|1\n|-boost|p2a: Waffles|def|1\n|move|p1b: Dedenne|Electric Terrain|p1b: Dedenne\n|-fieldstart|move: Electric Terrain\n|\n|upkeep\n|turn|2\n|\n|t:|1697675570\n|move|p1b: Dedenne|Helping Hand|p1a: Toxtricity\n|-singleturn|p1a: Toxtricity|Helping Hand|[of] p1b: Dedenne\n|move|p2b: Grimmins|Light Screen|p2b: Grimmins\n|-sidestart|p2: BlazeBrawl|move: Light Screen\n|move|p1a: Toxtricity|Thunderbolt|p2a: Waffles\n|-immune|p2a: Waffles|[from] ability: Volt Absorb\n|move|p2a: Waffles|Bulk Up|p2a: Waffles\n|-boost|p2a: Waffles|atk|1\n|-boost|p2a: Waffles|def|1\n|\n|upkeep\n|turn|3\n|\n|t:|1697675588\n|move|p2b: Grimmins|Protect|p2b: Grimmins\n|-singleturn|p2b: Grimmins|Protect\n|move|p1a: Toxtricity|Thunderbolt|p2b: Grimmins\n|-activate|p2b: Grimmins|move: Protect\n|move|p2a: Waffles|Bulk Up|p2a: Waffles\n|-boost|p2a: Waffles|atk|1\n|-boost|p2a: Waffles|def|1\n|move|p1b: Dedenne|Charm|p2a: Waffles\n|-unboost|p2a: Waffles|atk|2\n|\n|upkeep\n|turn|4\n|\n|t:|1697675615\n|switch|p2b: Trident|Empoleon, M|100\/100\n|move|p1a: Toxtricity|Thunderbolt|p2b: Trident\n|-supereffective|p2b: Trident\n|-damage|p2b: Trident|0 fnt\n|faint|p2b: Trident\n|move|p2a: Waffles|Baton Pass|p2a: Waffles\n|\n|t:|1697675625\n|switch|p2a: HariTron-9000|Iron Hands|100\/100|[from] Baton Pass\n|-activate|p2a: HariTron-9000|ability: Quark Drive\n|-start|p2a: HariTron-9000|quarkdrivedef\n|-item|p2a: HariTron-9000|Air Balloon\n|move|p1b: Dedenne|Charm|p2a: HariTron-9000\n|-unboost|p2a: HariTron-9000|atk|2\n|\n|upkeep\n|\n|t:|1697675636\n|switch|p2b: Property of:Silver|Iron Moth, shiny|100\/100\n|-activate|p2b: Property of:Silver|ability: Quark Drive\n|-start|p2b: Property of:Silver|quarkdrivespa\n|turn|5\n|\n|t:|1697675655\n|-terastallize|p2b: Property of:Silver|Flying\n|move|p1a: Toxtricity|Thunderbolt|p2b: Property of:Silver\n|-supereffective|p2b: Property of:Silver\n|-damage|p2b: Property of:Silver|0 fnt\n|faint|p2b: Property of:Silver\n|-end|p2b: Property of:Silver|Quark Drive|[silent]\n|move|p1b: Dedenne|Charm|p2a: HariTron-9000\n|-unboost|p2a: HariTron-9000|atk|2\n|move|p2a: HariTron-9000|Earthquake|p1b: Dedenne|[spread] p1a\n|-immune|p1b: Dedenne\n|-supereffective|p1a: Toxtricity\n|-damage|p1a: Toxtricity|64\/100\n|\n|-fieldend|move: Electric Terrain\n|-end|p2a: HariTron-9000|Quark Drive\n|upkeep\n|\n|t:|1697675666\n|switch|p2b: Aida|Gardevoir, F|100\/100\n|-ability|p2b: Aida|Plus|[from] ability: Trace|[of] p1b: Dedenne\n|turn|6\n|-activate|p2b: Aida|item: Quick Claw\n|\n|t:|1697675678\n|move|p1b: Dedenne|Helping Hand|p1a: Toxtricity\n|-singleturn|p1a: Toxtricity|Helping Hand|[of] p1b: Dedenne\n|move|p2b: Aida|Psychic|p1a: Toxtricity\n|-damage|p1a: Toxtricity|0 fnt\n|faint|p1a: Toxtricity\n|move|p2a: HariTron-9000|Drain Punch|p1b: Dedenne\n|-resisted|p1b: Dedenne\n|-damage|p1b: Dedenne|87\/100\n|-enditem|p1b: Dedenne|Air Balloon\n|\n|upkeep\n|\n|t:|1697675712\n|switch|p1a: Trevenant|Trevenant, F|100\/100\n|turn|7\n|\n|t:|1697675738\n|move|p1b: Dedenne|Nuzzle|p2b: Aida\n|-damage|p2b: Aida|95\/100\n|-status|p2b: Aida|par\n|cant|p2b: Aida|par\n|move|p2a: HariTron-9000|Earthquake|p1b: Dedenne|[spread] p2b,p1a,p1b\n|-resisted|p1a: Trevenant\n|-supereffective|p1b: Dedenne\n|-damage|p2b: Aida|80\/100 par\n|-damage|p1a: Trevenant|94\/100\n|-damage|p1b: Dedenne|52\/100\n|move|p1a: Trevenant|Phantom Force||[still]\n|-prepare|p1a: Trevenant|Phantom Force\n|\n|upkeep\n|turn|8\n|\n|t:|1697675752\n|move|p1b: Dedenne|Helping Hand|p1a: Trevenant\n|-singleturn|p1a: Trevenant|Helping Hand|[of] p1b: Dedenne\n|move|p2b: Aida|Shadow Ball|p1a: Trevenant|[miss]\n|-miss|p2b: Aida|p1a: Trevenant\n|move|p2a: HariTron-9000|Earthquake|p1b: Dedenne|[spread] p2b,p1b\n|-miss|p2a: HariTron-9000|p1a: Trevenant\n|-supereffective|p1b: Dedenne\n|-damage|p2b: Aida|65\/100 par\n|-damage|p1b: Dedenne|13\/100\n|move|p1a: Trevenant|Phantom Force|p2b: Aida|[from]lockedmove\n|-supereffective|p2b: Aida\n|-damage|p2b: Aida|0 fnt\n|faint|p2b: Aida\n|\n|-sideend|p2: BlazeBrawl|Reflect\n|upkeep\n|\n|t:|1697675759\n|switch|p2b: Grimmins|Grimmsnarl, M|35\/100\n|turn|9\n|\n|t:|1697675776\n|move|p1b: Dedenne|Charm|p2a: HariTron-9000\n|-unboost|p2a: HariTron-9000|atk|2\n|move|p2b: Grimmins|Leech Life|p1a: Trevenant\n|-damage|p1a: Trevenant|68\/100\n|-heal|p2b: Grimmins|47\/100|[from] drain|[of] p1a: Trevenant\n|move|p2a: HariTron-9000|Drain Punch|p1b: Dedenne\n|-resisted|p1b: Dedenne\n|-damage|p1b: Dedenne|2\/100\n|move|p1a: Trevenant|Horn Leech|p2b: Grimmins\n|-damage|p2b: Grimmins|0 fnt\n|-heal|p1a: Trevenant|93\/100|[from] drain|[of] p2b: Grimmins\n|faint|p2b: Grimmins\n|\n|-sideend|p2: BlazeBrawl|move: Light Screen\n|upkeep\n|\n|t:|1697675785\n|switch|p2b: Waffles|Pawmot, M|100\/100\n|turn|10\n|\n|t:|1697675804\n|switch|p1b: Torkoal|Torkoal, F|100\/100\n|-weather|SunnyDay|[from] ability: Drought|[of] p1b: Torkoal\n|move|p2b: Waffles|Helping Hand|p2a: HariTron-9000\n|-singleturn|p2a: HariTron-9000|Helping Hand|[of] p2b: Waffles\n|move|p2a: HariTron-9000|Drain Punch|p1b: Torkoal\n|-damage|p1b: Torkoal|89\/100\n|move|p1a: Trevenant|Phantom Force||[still]\n|-prepare|p1a: Trevenant|Phantom Force\n|\n|-weather|SunnyDay|[upkeep]\n|upkeep\n|turn|11\n|\n|t:|1697675818\n|move|p2b: Waffles|Bulk Up|p2b: Waffles\n|-boost|p2b: Waffles|atk|1\n|-boost|p2b: Waffles|def|1\n|move|p2a: HariTron-9000|Earthquake|p1a: Trevenant|[spread] p2b,p1b\n|-miss|p2a: HariTron-9000|p1a: Trevenant\n|-supereffective|p2b: Waffles\n|-crit|p2b: Waffles\n|-enditem|p2b: Waffles|Shuca Berry|[eat]\n|-enditem|p2b: Waffles|Shuca Berry|[weaken]\n|-supereffective|p1b: Torkoal\n|-damage|p2b: Waffles|27\/100\n|-damage|p1b: Torkoal|78\/100\n|move|p1a: Trevenant|Phantom Force|p2b: Waffles|[from]lockedmove\n|-damage|p2b: Waffles|0 fnt\n|faint|p2b: Waffles\n|move|p1b: Torkoal|Eruption|p2a: HariTron-9000\n|-damage|p2a: HariTron-9000|53\/100\n|-enditem|p2a: HariTron-9000|Air Balloon\n|\n|-weather|SunnyDay|[upkeep]\n|upkeep\n|turn|12\n|-message|BlazeBrawl forfeited.\n|\n|win|majner\n|raw|majner's rating: 1049 &rarr; <strong>1089<\/strong><br \/>(+40 for winning)\n|raw|BlazeBrawl's rating: 1127 &rarr; <strong>1096<\/strong><br \/>(-31 for losing)\n|l|\u2606BlazeBrawl\n","uploadtime":1697675839,"views":9,"p1id":"majner","p2id":"blazebrawl","formatid":"gen9doublesou","rating":1089,"private":0,"password":""}