{"id":"gen9doublesou-1980530745","p1":"LicencedPasta","p2":"PLS_PORT_MGS4","format":"[Gen 9] Doubles OU","log":"|j|\u2606LicencedPasta\n|j|\u2606PLS_PORT_MGS4\n|t:|1698794136\n|gametype|doubles\n|player|p1|LicencedPasta|artistf-gen6|1139\n|player|p2|PLS_PORT_MGS4|170|1049\n|teamsize|p1|6\n|teamsize|p2|6\n|gen|9\n|tier|[Gen 9] Doubles OU\n|rated|\n|rule|Species Clause: Limit one of each Pok\u00e9mon\n|rule|OHKO Clause: OHKO moves are banned\n|rule|Evasion Moves Clause: Evasion moves are banned\n|rule|Gravity Sleep Clause: The combination of sleep-inducing moves with imperfect accuracy and Gravity or Gigantamax Orbeetle are banned\n|rule|Endless Battle Clause: Forcing endless battles is banned\n|rule|HP Percentage Mod: HP is shown in percentages\n|clearpoke\n|poke|p1|Clefairy, M|\n|poke|p1|Sinistcha|\n|poke|p1|Dragonite, F|\n|poke|p1|Diancie|\n|poke|p1|Gholdengo|\n|poke|p1|Cresselia, F|\n|poke|p2|Armarouge, M|\n|poke|p2|Articuno-Galar|\n|poke|p2|Oranguru, F|\n|poke|p2|Wyrdeer, F|\n|poke|p2|Indeedee-F, F|\n|poke|p2|Gallade, M|\n|teampreview\n|inactive|Battle timer is ON: inactive players will automatically lose when time's up. (requested by PLS_PORT_MGS4)\n|inactive|LicencedPasta also wants the timer to be on.\n|\n|t:|1698794157\n|start\n|switch|p1a: Clefairy|Clefairy, M, shiny|100\/100\n|switch|p1b: Diancie|Diancie, shiny|100\/100\n|switch|p2a: Wyrdeer|Wyrdeer, F|100\/100\n|switch|p2b: Armarouge|Armarouge, M|100\/100\n|-ability|p2a: Wyrdeer|Intimidate|boost\n|-unboost|p1a: Clefairy|atk|1\n|-fail|p1b: Diancie|unboost|[from] ability: Clear Body|[of] p1b: Diancie\n|turn|1\n|\n|t:|1698794179\n|move|p2b: Armarouge|Endure|p2b: Armarouge\n|-singleturn|p2b: Armarouge|move: Endure\n|move|p2a: Wyrdeer|Hypnosis|p1a: Clefairy\n|-status|p1a: Clefairy|slp|[from] move: Hypnosis\n|cant|p1a: Clefairy|slp\n|move|p1b: Diancie|Diamond Storm|p2a: Wyrdeer|[spread] p2a,p2b\n|-supereffective|p2b: Armarouge\n|-damage|p2a: Wyrdeer|64\/100\n|-damage|p2b: Armarouge|25\/100\n|-ability|p2b: Armarouge|Weak Armor|boost\n|-unboost|p2b: Armarouge|def|1\n|-boost|p2b: Armarouge|spe|2\n|-enditem|p2b: Armarouge|Weakness Policy\n|-boost|p2b: Armarouge|atk|2|[from] item: Weakness Policy\n|-boost|p2b: Armarouge|spa|2|[from] item: Weakness Policy\n|\n|upkeep\n|turn|2\n|\n|t:|1698794200\n|switch|p2a: Indeedee|Indeedee-F, F|100\/100\n|-fieldstart|move: Psychic Terrain|[from] ability: Psychic Surge|[of] p2a: Indeedee\n|-terastallize|p2b: Armarouge|Psychic\n|cant|p1a: Clefairy|slp\n|move|p2b: Armarouge|Expanding Force|p1a: Clefairy|[spread] p1a,p1b\n|-damage|p1a: Clefairy|0 fnt\n|-damage|p1b: Diancie|4\/100\n|faint|p1a: Clefairy\n|move|p1b: Diancie|Diamond Storm|p2a: Indeedee|[spread] p2a,p2b\n|-damage|p2a: Indeedee|64\/100\n|-damage|p2b: Armarouge|0 fnt\n|faint|p2b: Armarouge\n|-enditem|p2a: Indeedee|Eject Button\n|inactive|PLS_PORT_MGS4 has 120 seconds left.\n|\n|t:|1698794218\n|switch|p2a: Wyrdeer|Wyrdeer, F|64\/100\n|-ability|p2a: Wyrdeer|Intimidate|boost\n|-fail|p1b: Diancie|unboost|[from] ability: Clear Body|[of] p1b: Diancie\n|\n|-heal|p1b: Diancie|10\/100|[from] item: Leftovers\n|upkeep\n|\n|t:|1698794222\n|switch|p2b: Articuno|Articuno-Galar|100\/100\n|switch|p1a: Sinistcha|Sinistcha|100\/100\n|-heal|p1b: Diancie|35\/100|[from] ability: Hospitality|[of] p1a: Sinistcha\n|turn|3\n|\n|t:|1698794250\n|move|p2b: Articuno|Protect|p2b: Articuno\n|-singleturn|p2b: Articuno|Protect\n|move|p1a: Sinistcha|Matcha Gotcha|p2a: Wyrdeer|[spread] p2a\n|-activate|p2b: Articuno|move: Protect\n|-damage|p2a: Wyrdeer|38\/100\n|-status|p2a: Wyrdeer|brn\n|move|p2a: Wyrdeer|Skill Swap|p1b: Diancie\n|-activate|p2a: Wyrdeer|move: Skill Swap|Clear Body|Intimidate|[of] p1b: Diancie\n|-ability|p1b: Diancie|Intimidate|boost\n|-fail|p2a: Wyrdeer|unboost|[from] ability: Clear Body|[of] p2a: Wyrdeer\n|-unboost|p2b: Articuno|atk|1\n|-ability|p2b: Articuno|Competitive|boost\n|-boost|p2b: Articuno|spa|2\n|-enditem|p2b: Articuno|Adrenaline Orb\n|-boost|p2b: Articuno|spe|1|[from] item: Adrenaline Orb\n|move|p1b: Diancie|Diamond Storm|p2a: Wyrdeer|[spread] p2a\n|-activate|p2b: Articuno|move: Protect\n|-damage|p2a: Wyrdeer|0 fnt\n|faint|p2a: Wyrdeer\n|\n|-heal|p1b: Diancie|41\/100|[from] item: Leftovers\n|upkeep\n|inactive|PLS_PORT_MGS4 has 120 seconds left.\n|c|\u2606LicencedPasta|clever\n|\n|t:|1698794277\n|switch|p2a: Gallade|Gallade, M|100\/100\n|turn|4\n|\n|t:|1698794286\n|move|p2b: Articuno|Freezing Glare|p1b: Diancie\n|-damage|p1b: Diancie|0 fnt\n|faint|p1b: Diancie\n|move|p2a: Gallade|Night Slash|p1a: Sinistcha\n|-supereffective|p1a: Sinistcha\n|-crit|p1a: Sinistcha\n|-damage|p1a: Sinistcha|0 fnt\n|faint|p1a: Sinistcha\n|\n|upkeep\n|\n|t:|1698794293\n|switch|p1a: Gholdengo|Gholdengo|100\/100\n|switch|p1b: Dragonite|Dragonite, F, shiny|100\/100\n|turn|5\n|\n|t:|1698794309\n|-terastallize|p1b: Dragonite|Normal\n|move|p2b: Articuno|Hurricane|p1b: Dragonite\n|-damage|p1b: Dragonite|45\/100\n|-start|p1b: Dragonite|confusion\n|move|p2a: Gallade|Night Slash|p1a: Gholdengo\n|-supereffective|p1a: Gholdengo\n|-damage|p1a: Gholdengo|27\/100\n|-activate|p1b: Dragonite|confusion\n|move|p1b: Dragonite|Thunder Punch|p2b: Articuno\n|-supereffective|p2b: Articuno\n|-damage|p2b: Articuno|34\/100\n|move|p1a: Gholdengo|Shadow Ball|p2a: Gallade\n|-supereffective|p2a: Gallade\n|-damage|p2a: Gallade|0 fnt\n|faint|p2a: Gallade\n|-damage|p1a: Gholdengo|18\/100|[from] item: Life Orb\n|\n|upkeep\n|\n|t:|1698794330\n|switch|p2a: Indeedee|Indeedee-F, F|64\/100\n|turn|6\n|\n|t:|1698794337\n|-activate|p1b: Dragonite|confusion\n|move|p1b: Dragonite|Extreme Speed|p2b: Articuno\n|-hint|Psychic Terrain doesn't affect Pok\u00e9mon immune to Ground.\n|-damage|p2b: Articuno|0 fnt\n|faint|p2b: Articuno\n|move|p2a: Indeedee|Follow Me|p2a: Indeedee\n|-singleturn|p2a: Indeedee|move: Follow Me\n|move|p1a: Gholdengo|Shadow Ball|p2a: Indeedee\n|-immune|p2a: Indeedee\n|\n|-fieldend|move: Psychic Terrain\n|upkeep\n|\n|t:|1698794346\n|switch|p2b: Oranguru|Oranguru, F|100\/100\n|turn|7\n|\n|t:|1698794356\n|-activate|p1b: Dragonite|confusion\n|-damage|p1b: Dragonite|28\/100|[from] confusion\n|move|p2b: Oranguru|Fling|p1a: Gholdengo\n|-supereffective|p1a: Gholdengo\n|-damage|p1a: Gholdengo|15\/100\n|-enditem|p2b: Oranguru|Mental Herb|[from] move: Fling\n|move|p2a: Indeedee|Dazzling Gleam|p1a: Gholdengo|[spread] p1a,p1b\n|-resisted|p1a: Gholdengo\n|-damage|p1a: Gholdengo|9\/100\n|-damage|p1b: Dragonite|14\/100\n|-enditem|p1b: Dragonite|Aguav Berry|[eat]\n|-heal|p1b: Dragonite|47\/100|[from] item: Aguav Berry\n|move|p1a: Gholdengo|Shadow Ball|p2a: Indeedee\n|-immune|p2a: Indeedee\n|\n|upkeep\n|turn|8\n|c|\u2606PLS_PORT_MGS4|LOL\n|c|\u2606PLS_PORT_MGS4|3%\n|c|\u2606LicencedPasta|i forgot it was normal lol\n|c|\u2606PLS_PORT_MGS4|BURNT THE FUCKING KITCHEN\n|inactive|LicencedPasta has 120 seconds left.\n|c|\u2606LicencedPasta|what did you fling?\n|\n|t:|1698794398\n|-end|p1b: Dragonite|confusion\n|move|p1b: Dragonite|Extreme Speed|p2a: Indeedee\n|-damage|p2a: Indeedee|18\/100\n|move|p2b: Oranguru|Instruct|p2a: Indeedee\n|-singleturn|p2a: Indeedee|move: Instruct|[of] p2b: Oranguru\n|move|p2a: Indeedee|Dazzling Gleam|p1a: Gholdengo|[spread] p1a,p1b\n|-resisted|p1a: Gholdengo\n|-damage|p1a: Gholdengo|2\/100\n|-damage|p1b: Dragonite|33\/100\n|move|p2a: Indeedee|Dazzling Gleam|p1a: Gholdengo|[spread] p1a,p1b\n|-resisted|p1a: Gholdengo\n|-damage|p1a: Gholdengo|0 fnt\n|-damage|p1b: Dragonite|19\/100\n|faint|p1a: Gholdengo\n|\n|upkeep\n|\n|t:|1698794400\n|switch|p1a: Cresselia|Cresselia, F|100\/100\n|turn|9\n|\n|t:|1698794415\n|move|p1b: Dragonite|Extreme Speed|p2a: Indeedee\n|-damage|p2a: Indeedee|0 fnt\n|faint|p2a: Indeedee\n|move|p2b: Oranguru|Instruct|p2: Indeedee|[notarget]\n|-fail|p2b: Oranguru\n|move|p1a: Cresselia|Lunar Blessing|p1a: Cresselia|[spread] p1a,p1b\n|-heal|p1b: Dragonite|44\/100\n|\n|upkeep\n|turn|10\n|\n|t:|1698794422\n|move|p1b: Dragonite|Extreme Speed|p2b: Oranguru\n|-crit|p2b: Oranguru\n|-damage|p2b: Oranguru|25\/100\n|move|p2b: Oranguru|Instruct|p1b: Dragonite\n|-singleturn|p1b: Dragonite|move: Instruct|[of] p2b: Oranguru\n|move|p1b: Dragonite|Extreme Speed|p2b: Oranguru\n|-damage|p2b: Oranguru|0 fnt\n|faint|p2b: Oranguru\n|\n|win|LicencedPasta\n|raw|LicencedPasta's rating: 1139 &rarr; <strong>1158<\/strong><br \/>(+19 for winning)\n|raw|PLS_PORT_MGS4's rating: 1049 &rarr; <strong>1036<\/strong><br \/>(-13 for losing)\n","uploadtime":1698794380,"views":23,"p1id":"licencedpasta","p2id":"plsportmgs4","formatid":"gen9doublesou","rating":1036,"private":0,"password":""}