{"id":"gen9doublesou-1977222052","p1":"Ghetsin'Time","p2":"skyridonte2345","format":"[Gen 9] Doubles OU","log":"|j|\u2606Ghetsin'Time\n|j|\u2606skyridonte2345\n|t:|1698389179\n|gametype|doubles\n|player|p1|Ghetsin'Time|ghetsis|1166\n|player|p2|skyridonte2345|blackbelt-gen4dp|1101\n|teamsize|p1|6\n|teamsize|p2|6\n|gen|9\n|tier|[Gen 9] Doubles OU\n|rated|\n|rule|Species Clause: Limit one of each Pok\u00e9mon\n|rule|OHKO Clause: OHKO moves are banned\n|rule|Evasion Moves Clause: Evasion moves are banned\n|rule|Gravity Sleep Clause: The combination of sleep-inducing moves with imperfect accuracy and Gravity or Gigantamax Orbeetle are banned\n|rule|Endless Battle Clause: Forcing endless battles is banned\n|rule|HP Percentage Mod: HP is shown in percentages\n|clearpoke\n|poke|p1|Garchomp, F|\n|poke|p1|Kilowattrel, F|\n|poke|p1|Garganacl, F|\n|poke|p1|Sylveon, M|\n|poke|p1|Ceruledge, M|\n|poke|p1|Wo-Chien|\n|poke|p2|Amoonguss, M|\n|poke|p2|Dragonite, M|\n|poke|p2|Flutter Mane|\n|poke|p2|Chien-Pao|\n|poke|p2|Heatran, F|\n|poke|p2|Glimmora, F|\n|teampreview\n|inactive|Battle timer is ON: inactive players will automatically lose when time's up. (requested by Ghetsin'Time)\n|\n|t:|1698389205\n|start\n|switch|p1a: Kilowattrel|Kilowattrel, F|100\/100\n|switch|p1b: Garchomp|Garchomp, F|100\/100\n|switch|p2a: Glimmora|Glimmora, F|100\/100\n|switch|p2b: Heatran|Heatran, F, shiny|100\/100\n|-item|p2b: Heatran|Air Balloon\n|turn|1\n|\n|t:|1698389231\n|move|p1a: Kilowattrel|Tailwind|p1a: Kilowattrel\n|-sidestart|p1: Ghetsin'Time|move: Tailwind\n|move|p1b: Garchomp|Earthquake|p2a: Glimmora|[spread] p2a\n|-immune|p1a: Kilowattrel\n|-immune|p2b: Heatran\n|-supereffective|p2a: Glimmora\n|-enditem|p2a: Glimmora|Focus Sash\n|-damage|p2a: Glimmora|1\/100\n|-activate|p2a: Glimmora|ability: Toxic Debris\n|-sidestart|p1: Ghetsin'Time|move: Toxic Spikes\n|move|p2a: Glimmora|Energy Ball|p1b: Garchomp\n|-damage|p1b: Garchomp|67\/100\n|move|p2b: Heatran|Magma Storm|p1a: Kilowattrel\n|-damage|p1a: Kilowattrel|18\/100\n|-activate|p1a: Kilowattrel|move: Magma Storm|[of] p2b: Heatran\n|\n|-damage|p1a: Kilowattrel|5\/100|[from] move: Magma Storm|[partiallytrapped]\n|upkeep\n|turn|2\n|inactive|Ghetsin'Time has 120 seconds left.\n|\n|t:|1698389263\n|move|p1a: Kilowattrel|Thunderbolt|p2b: Heatran\n|-damage|p2b: Heatran|72\/100\n|-enditem|p2b: Heatran|Air Balloon\n|move|p1b: Garchomp|Earthquake|p2b: Heatran|[spread] p2a,p2b\n|-immune|p1a: Kilowattrel\n|-supereffective|p2a: Glimmora\n|-supereffective|p2b: Heatran\n|-damage|p2a: Glimmora|0 fnt\n|-damage|p2b: Heatran|0 fnt\n|-activate|p2a: Glimmora|ability: Toxic Debris\n|-sidestart|p1: Ghetsin'Time|move: Toxic Spikes\n|faint|p2a: Glimmora\n|faint|p2b: Heatran\n|\n|-end|p1a: Kilowattrel|Magma Storm|[partiallytrapped]|[silent]\n|upkeep\n|inactive|skyridonte2345 has 120 seconds left.\n|\n|t:|1698389281\n|switch|p2a: Flutter Mane|Flutter Mane|100\/100\n|switch|p2b: Chien-Pao|Chien-Pao|100\/100\n|-ability|p2b: Chien-Pao|Sword of Ruin\n|turn|3\n|inactive|skyridonte2345 has 120 seconds left.\n|\n|t:|1698389306\n|move|p1a: Kilowattrel|Protect|p1a: Kilowattrel\n|-singleturn|p1a: Kilowattrel|Protect\n|move|p2b: Chien-Pao|Sucker Punch||[still]\n|-fail|p2b: Chien-Pao\n|move|p1b: Garchomp|Earthquake|p2b: Chien-Pao|[spread] p2a,p2b\n|-activate|p1a: Kilowattrel|move: Protect\n|-crit|p2b: Chien-Pao\n|-damage|p2a: Flutter Mane|0 fnt\n|-enditem|p2b: Chien-Pao|Focus Sash\n|-damage|p2b: Chien-Pao|1\/100\n|faint|p2a: Flutter Mane\n|-end|p2a: Flutter Mane|Protosynthesis|[silent]\n|\n|upkeep\n|\n|t:|1698389321\n|switch|p2a: Dragonite|Dragonite, M, shiny|100\/100\n|turn|4\n|\n|t:|1698389338\n|move|p2a: Dragonite|Extreme Speed|p1a: Kilowattrel\n|-damage|p1a: Kilowattrel|0 fnt\n|faint|p1a: Kilowattrel\n|move|p1b: Garchomp|Earthquake|p2b: Chien-Pao|[spread] p2b\n|-immune|p2a: Dragonite\n|-damage|p2b: Chien-Pao|0 fnt\n|faint|p2b: Chien-Pao\n|\n|-sideend|p1: Ghetsin'Time|move: Tailwind\n|upkeep\n|\n|t:|1698389352\n|switch|p2b: Amoonguss|Amoonguss, M, shiny|100\/100\n|switch|p1a: Wo-Chien|Wo-Chien|100\/100\n|-status|p1a: Wo-Chien|tox\n|-ability|p1a: Wo-Chien|Tablets of Ruin\n|turn|5\n|\n|t:|1698389368\n|-terastallize|p1a: Wo-Chien|Poison\n|move|p1b: Garchomp|Earthquake|p2b: Amoonguss|[spread] p1a,p2b\n|-immune|p2a: Dragonite\n|-supereffective|p1a: Wo-Chien\n|-damage|p1a: Wo-Chien|40\/100 tox\n|-damage|p2b: Amoonguss|64\/100\n|move|p2a: Dragonite|Fire Punch|p1a: Wo-Chien\n|-damage|p1a: Wo-Chien|23\/100 tox\n|move|p1a: Wo-Chien|Reflect|p1a: Wo-Chien\n|-sidestart|p1: Ghetsin'Time|Reflect\n|move|p2b: Amoonguss|Spore|p1b: Garchomp\n|-status|p1b: Garchomp|slp|[from] move: Spore\n|\n|-heal|p1a: Wo-Chien|29\/100 tox|[from] item: Leftovers\n|-heal|p2b: Amoonguss|70\/100|[from] item: Leftovers\n|-damage|p1a: Wo-Chien|23\/100 tox|[from] psn\n|upkeep\n|turn|6\n|inactive|Ghetsin'Time has 120 seconds left.\n|\n|t:|1698389400\n|switch|p1b: Sylveon|Sylveon, M|100\/100\n|-status|p1b: Sylveon|tox\n|switch|p1a: Garganacl|Garganacl, F|100\/100\n|move|p2a: Dragonite|Fire Punch|p1a: Garganacl\n|-resisted|p1a: Garganacl\n|-damage|p1a: Garganacl|94\/100\n|move|p2b: Amoonguss|Giga Drain|p1b: Sylveon\n|-damage|p1b: Sylveon|84\/100 tox\n|-heal|p2b: Amoonguss|78\/100|[from] drain|[of] p1b: Sylveon\n|\n|-heal|p2b: Amoonguss|84\/100|[from] item: Leftovers\n|-heal|p1a: Garganacl|100\/100|[from] item: Leftovers\n|-damage|p1b: Sylveon|78\/100 tox|[from] psn\n|upkeep\n|turn|7\n|\n|t:|1698389427\n|move|p2a: Dragonite|Earthquake|p1a: Garganacl|[spread] p2b,p1a,p1b\n|-supereffective|p1a: Garganacl\n|-damage|p2b: Amoonguss|61\/100\n|-damage|p1a: Garganacl|73\/100\n|-damage|p1b: Sylveon|53\/100 tox\n|move|p1b: Sylveon|Hyper Voice|p2a: Dragonite|[spread] p2a,p2b\n|-supereffective|p2a: Dragonite\n|-resisted|p2b: Amoonguss\n|-damage|p2a: Dragonite|58\/100\n|-damage|p2b: Amoonguss|43\/100\n|-enditem|p1b: Sylveon|Throat Spray\n|-boost|p1b: Sylveon|spa|1|[from] item: Throat Spray\n|move|p2b: Amoonguss|Sludge Bomb|p1b: Sylveon\n|-supereffective|p1b: Sylveon\n|-damage|p1b: Sylveon|16\/100 tox\n|move|p1a: Garganacl|Iron Defense|p1a: Garganacl\n|-boost|p1a: Garganacl|def|2\n|\n|-heal|p2b: Amoonguss|50\/100|[from] item: Leftovers\n|-heal|p1a: Garganacl|79\/100|[from] item: Leftovers\n|-damage|p1b: Sylveon|3\/100 tox|[from] psn\n|upkeep\n|turn|8\n|\n|t:|1698389453\n|move|p2a: Dragonite|Extreme Speed|p1b: Sylveon\n|-damage|p1b: Sylveon|0 fnt\n|faint|p1b: Sylveon\n|move|p2b: Amoonguss|Giga Drain|p1a: Garganacl\n|-supereffective|p1a: Garganacl\n|-damage|p1a: Garganacl|48\/100\n|-heal|p2b: Amoonguss|64\/100|[from] drain|[of] p1a: Garganacl\n|move|p1a: Garganacl|Salt Cure|p2a: Dragonite\n|-supereffective|p2a: Dragonite\n|-damage|p2a: Dragonite|26\/100\n|-start|p2a: Dragonite|Salt Cure\n|\n|-heal|p2b: Amoonguss|70\/100|[from] item: Leftovers\n|-heal|p1a: Garganacl|54\/100|[from] item: Leftovers\n|-damage|p2a: Dragonite|13\/100|[from] Salt Cure\n|upkeep\n|\n|t:|1698389457\n|switch|p1b: Wo-Chien|Wo-Chien, tera:Poison|23\/100 tox\n|-sideend|p1: Ghetsin'Time|move: Toxic Spikes|[of] p1b: Wo-Chien\n|-ability|p1b: Wo-Chien|Tablets of Ruin\n|turn|9\n|\n|t:|1698389478\n|move|p2a: Dragonite|Extreme Speed|p1b: Wo-Chien\n|-damage|p1b: Wo-Chien|12\/100 tox\n|move|p1b: Wo-Chien|Pollen Puff|p1a: Garganacl\n|-heal|p1a: Garganacl|100\/100\n|move|p2b: Amoonguss|Giga Drain|p1a: Garganacl\n|-supereffective|p1a: Garganacl\n|-damage|p1a: Garganacl|72\/100\n|-heal|p2b: Amoonguss|84\/100|[from] drain|[of] p1a: Garganacl\n|move|p1a: Garganacl|Iron Defense|p1a: Garganacl\n|-boost|p1a: Garganacl|def|2\n|\n|-heal|p1b: Wo-Chien|18\/100 tox|[from] item: Leftovers\n|-heal|p2b: Amoonguss|90\/100|[from] item: Leftovers\n|-heal|p1a: Garganacl|78\/100|[from] item: Leftovers\n|-damage|p1b: Wo-Chien|12\/100 tox|[from] psn\n|-damage|p2a: Dragonite|1\/100|[from] Salt Cure\n|-sideend|p1: Ghetsin'Time|Reflect\n|upkeep\n|turn|10\n|\n|t:|1698389503\n|move|p2a: Dragonite|Extreme Speed|p1b: Wo-Chien\n|-crit|p1b: Wo-Chien\n|-damage|p1b: Wo-Chien|0 fnt\n|faint|p1b: Wo-Chien\n|move|p2b: Amoonguss|Giga Drain|p1a: Garganacl\n|-supereffective|p1a: Garganacl\n|-damage|p1a: Garganacl|47\/100\n|-heal|p2b: Amoonguss|100\/100|[from] drain|[of] p1a: Garganacl\n|move|p1a: Garganacl|Salt Cure|p2b: Amoonguss\n|-damage|p2b: Amoonguss|90\/100\n|-start|p2b: Amoonguss|Salt Cure\n|\n|-heal|p2b: Amoonguss|96\/100|[from] item: Leftovers\n|-heal|p1a: Garganacl|53\/100|[from] item: Leftovers\n|-damage|p2a: Dragonite|0 fnt|[from] Salt Cure\n|faint|p2a: Dragonite\n|-damage|p2b: Amoonguss|84\/100|[from] Salt Cure\n|upkeep\n|\n|t:|1698389511\n|switch|p1b: Ceruledge|Ceruledge, M|100\/100\n|turn|11\n|\n|t:|1698389525\n|move|p1b: Ceruledge|Bitter Blade|p2b: Amoonguss\n|-supereffective|p2b: Amoonguss\n|-crit|p2b: Amoonguss\n|-damage|p2b: Amoonguss|0 fnt\n|faint|p2b: Amoonguss\n|\n|win|Ghetsin'Time\n|raw|Ghetsin&apos;Time's rating: 1166 &rarr; <strong>1186<\/strong><br \/>(+20 for winning)\n|raw|skyridonte2345's rating: 1101 &rarr; <strong>1081<\/strong><br \/>(-20 for losing)\n","uploadtime":1698389530,"views":21,"p1id":"ghetsintime","p2id":"skyridonte2345","formatid":"gen9doublesou","rating":1081,"private":0,"password":""}