{"id":"gen9doublesou-1978907608","p1":"zEEliooos","p2":"pignitewaggy","format":"[Gen 9] Doubles OU","log":"|j|\u2606zEEliooos\n|j|\u2606pignitewaggy\n|t:|1698608909\n|gametype|doubles\n|player|p1|zEEliooos|biker-gen4|1100\n|player|p2|pignitewaggy|bellelba|1227\n|teamsize|p1|6\n|teamsize|p2|6\n|gen|9\n|tier|[Gen 9] Doubles OU\n|rated|\n|rule|Species Clause: Limit one of each Pok\u00e9mon\n|rule|OHKO Clause: OHKO moves are banned\n|rule|Evasion Moves Clause: Evasion moves are banned\n|rule|Gravity Sleep Clause: The combination of sleep-inducing moves with imperfect accuracy and Gravity or Gigantamax Orbeetle are banned\n|rule|Endless Battle Clause: Forcing endless battles is banned\n|rule|HP Percentage Mod: HP is shown in percentages\n|clearpoke\n|poke|p1|Politoed, F|\n|poke|p1|Grimmsnarl, M|\n|poke|p1|Brute Bonnet|\n|poke|p1|Landorus, M|\n|poke|p1|Drednaw, F|\n|poke|p1|Gholdengo|\n|poke|p2|Pikachu, M|\n|poke|p2|Ogerpon-Wellspring, F|\n|poke|p2|Thundurus-Therian, M|\n|poke|p2|Sinistcha|\n|poke|p2|Gyarados, M|\n|poke|p2|Raichu-Alola, F|\n|teampreview\n|\n|t:|1698608935\n|start\n|switch|p1a: Politoed|Politoed, F|100\/100\n|switch|p1b: Landorus|Landorus, M|100\/100\n|switch|p2a: Pikachu|Pikachu, M, shiny|100\/100\n|switch|p2b: Raichu|Raichu-Alola, F|100\/100\n|-weather|RainDance|[from] ability: Drizzle|[of] p1a: Politoed\n|turn|1\n|\n|t:|1698608956\n|-terastallize|p2a: Pikachu|Ice\n|move|p1a: Politoed|Protect|p1a: Politoed\n|-singleturn|p1a: Politoed|Protect\n|move|p2a: Pikachu|Tera Blast|p1b: Landorus|[anim] Tera Blast Ice\n|-supereffective|p1b: Landorus\n|-damage|p1b: Landorus|0 fnt\n|faint|p1b: Landorus\n|move|p2b: Raichu|Discharge|p1a: Politoed|[spread] \n|-activate|p1a: Politoed|move: Protect\n|-ability|p2a: Pikachu|Lightning Rod|boost\n|-boost|p2a: Pikachu|spa|1\n|\n|-weather|RainDance|[upkeep]\n|upkeep\n|\n|t:|1698608981\n|switch|p1b: Brute Bonnet|Brute Bonnet|100\/100\n|turn|2\n|\n|t:|1698608992\n|switch|p1a: Gholdengo|Gholdengo|100\/100\n|-item|p1a: Gholdengo|Air Balloon\n|move|p1b: Brute Bonnet|Sucker Punch|p2b: Raichu\n|-supereffective|p2b: Raichu\n|-damage|p2b: Raichu|17\/100\n|move|p2a: Pikachu|Tera Blast|p1b: Brute Bonnet|[anim] Tera Blast Ice\n|-supereffective|p1b: Brute Bonnet\n|-damage|p1b: Brute Bonnet|0 fnt\n|faint|p1b: Brute Bonnet\n|-end|p1b: Brute Bonnet|Protosynthesis|[silent]\n|move|p2b: Raichu|Discharge|p1a: Gholdengo|[spread] p1a\n|-ability|p2a: Pikachu|Lightning Rod|boost\n|-boost|p2a: Pikachu|spa|1\n|-damage|p1a: Gholdengo|73\/100\n|-enditem|p1a: Gholdengo|Air Balloon\n|\n|-weather|RainDance|[upkeep]\n|upkeep\n|\n|t:|1698608996\n|switch|p1b: Drednaw|Drednaw, F|100\/100\n|turn|3\n|\n|t:|1698609048\n|-terastallize|p1b: Drednaw|Poison\n|move|p1b: Drednaw|Rock Slide|p2b: Raichu|[spread] p2a,p2b\n|-supereffective|p2a: Pikachu\n|-damage|p2a: Pikachu|0 fnt\n|-damage|p2b: Raichu|0 fnt\n|faint|p2a: Pikachu\n|faint|p2b: Raichu\n|move|p1a: Gholdengo|Make It Rain|p2: Pikachu|[notarget]\n|-fail|p1a: Gholdengo\n|\n|-weather|RainDance|[upkeep]\n|upkeep\n|\n|t:|1698609073\n|switch|p2a: Thundurus|Thundurus-Therian, M, shiny|100\/100\n|switch|p2b: Gyarados|Gyarados, M|100\/100\n|-ability|p2b: Gyarados|Intimidate|boost\n|-unboost|p1a: Gholdengo|atk|1\n|-unboost|p1b: Drednaw|atk|1\n|turn|4\n|\n|t:|1698609098\n|move|p1b: Drednaw|Rock Slide|p2b: Gyarados|[spread] p2a,p2b\n|-supereffective|p2a: Thundurus\n|-supereffective|p2b: Gyarados\n|-damage|p2a: Thundurus|8\/100\n|-damage|p2b: Gyarados|33\/100\n|move|p2a: Thundurus|Knock Off|p1b: Drednaw\n|-damage|p1b: Drednaw|75\/100\n|-enditem|p1b: Drednaw|Choice Band|[from] move: Knock Off|[of] p2a: Thundurus\n|move|p1a: Gholdengo|Thunder|p2b: Gyarados\n|-supereffective|p2b: Gyarados\n|-damage|p2b: Gyarados|0 fnt\n|faint|p2b: Gyarados\n|\n|-weather|RainDance|[upkeep]\n|upkeep\n|\n|t:|1698609109\n|switch|p2b: Sinistcha|Sinistcha|100\/100\n|-heal|p2a: Thundurus|32\/100|[from] ability: Hospitality|[of] p2b: Sinistcha\n|turn|5\n|\n|t:|1698609133\n|switch|p2b: Ogerpon|Ogerpon-Wellspring, F|100\/100\n|move|p1b: Drednaw|Ice Spinner|p2a: Thundurus\n|-supereffective|p2a: Thundurus\n|-damage|p2a: Thundurus|0 fnt\n|faint|p2a: Thundurus\n|move|p1a: Gholdengo|Nasty Plot|p1a: Gholdengo\n|-boost|p1a: Gholdengo|spa|2\n|\n|-weather|RainDance|[upkeep]\n|upkeep\n|\n|t:|1698609138\n|switch|p2a: Sinistcha|Sinistcha|100\/100\n|turn|6\n|\n|t:|1698609158\n|move|p2a: Sinistcha|Rage Powder|p2a: Sinistcha\n|-singleturn|p2a: Sinistcha|move: Rage Powder\n|move|p1b: Drednaw|Poison Jab|p2a: Sinistcha\n|-damage|p2a: Sinistcha|77\/100\n|-status|p2a: Sinistcha|psn\n|move|p2b: Ogerpon|Ivy Cudgel|p1b: Drednaw\n|-damage|p1b: Drednaw|0 fnt\n|faint|p1b: Drednaw\n|move|p1a: Gholdengo|Thunder|p2a: Sinistcha\n|-resisted|p2a: Sinistcha\n|-damage|p2a: Sinistcha|33\/100 psn\n|\n|-weather|RainDance|[upkeep]\n|-heal|p2a: Sinistcha|39\/100 psn|[from] item: Leftovers\n|-damage|p2a: Sinistcha|27\/100 psn|[from] psn\n|upkeep\n|\n|t:|1698609166\n|switch|p1b: Grimmsnarl|Grimmsnarl, M|100\/100\n|turn|7\n|\n|t:|1698609178\n|move|p1b: Grimmsnarl|Reflect|p1b: Grimmsnarl\n|-sidestart|p1: zEEliooos|Reflect\n|move|p2b: Ogerpon|Ivy Cudgel|p1a: Gholdengo\n|-damage|p1a: Gholdengo|0 fnt\n|faint|p1a: Gholdengo\n|move|p2a: Sinistcha|Matcha Gotcha|p1b: Grimmsnarl\n|-damage|p1b: Grimmsnarl|69\/100\n|-heal|p2a: Sinistcha|45\/100 psn|[from] drain|[of] p1b: Grimmsnarl\n|-status|p1b: Grimmsnarl|brn\n|\n|-weather|RainDance|[upkeep]\n|-heal|p2a: Sinistcha|51\/100 psn|[from] item: Leftovers\n|-damage|p2a: Sinistcha|38\/100 psn|[from] psn\n|-damage|p1b: Grimmsnarl|62\/100 brn|[from] brn\n|upkeep\n|\n|t:|1698609188\n|switch|p1a: Politoed|Politoed, F|100\/100\n|turn|8\n|\n|t:|1698609199\n|move|p1b: Grimmsnarl|Light Screen|p1b: Grimmsnarl\n|-sidestart|p1: zEEliooos|move: Light Screen\n|move|p2b: Ogerpon|Wood Hammer|p1a: Politoed\n|-supereffective|p1a: Politoed\n|-damage|p1a: Politoed|27\/100\n|-damage|p2b: Ogerpon|70\/100|[from] Recoil\n|move|p1a: Politoed|Icy Wind|p2b: Ogerpon|[spread] p2a,p2b\n|-supereffective|p2a: Sinistcha\n|-damage|p2a: Sinistcha|18\/100 psn\n|-damage|p2b: Ogerpon|60\/100\n|-unboost|p2a: Sinistcha|spe|1\n|-unboost|p2b: Ogerpon|spe|1\n|move|p2a: Sinistcha|Matcha Gotcha|p1b: Grimmsnarl|[spread] p1a,p1b\n|-supereffective|p1a: Politoed\n|-damage|p1a: Politoed|0 fnt\n|-heal|p2a: Sinistcha|33\/100 psn|[from] drain|[of] p1a: Politoed\n|-damage|p1b: Grimmsnarl|45\/100 brn\n|-heal|p2a: Sinistcha|43\/100 psn|[from] drain|[of] p1b: Grimmsnarl\n|faint|p1a: Politoed\n|\n|-weather|none\n|-heal|p2a: Sinistcha|49\/100 psn|[from] item: Leftovers\n|-damage|p2a: Sinistcha|37\/100 psn|[from] psn\n|-damage|p1b: Grimmsnarl|39\/100 brn|[from] brn\n|upkeep\n|turn|9\n|-message|zEEliooos forfeited.\n|\n|win|pignitewaggy\n|raw|zEEliooos's rating: 1100 &rarr; <strong>1084<\/strong><br \/>(-16 for losing)\n|raw|pignitewaggy's rating: 1227 &rarr; <strong>1243<\/strong><br \/>(+16 for winning)\n|l|\u2606zEEliooos\n|l|\u2606pignitewaggy\n|j|\u2606pignitewaggy\n|player|p2|pignitewaggy|bellelba\n","uploadtime":1698609360,"views":24,"p1id":"zeeliooos","p2id":"pignitewaggy","formatid":"gen9doublesou","rating":1084,"private":0,"password":""}