{"id":"gen9doublesou-1972087202","p1":"Daskhiel02","p2":"ChugChug15050","format":"[Gen 9] Doubles OU","log":"|j|\u2606Daskhiel02\n|j|\u2606ChugChug15050\n|t:|1697811730\n|gametype|doubles\n|player|p1|Daskhiel02|266|1358\n|player|p2|ChugChug15050|volkner|1430\n|teamsize|p1|6\n|teamsize|p2|6\n|gen|9\n|tier|[Gen 9] Doubles OU\n|rated|\n|rule|Species Clause: Limit one of each Pok\u00e9mon\n|rule|OHKO Clause: OHKO moves are banned\n|rule|Evasion Moves Clause: Evasion moves are banned\n|rule|Gravity Sleep Clause: The combination of sleep-inducing moves with imperfect accuracy and Gravity or Gigantamax Orbeetle are banned\n|rule|Endless Battle Clause: Forcing endless battles is banned\n|rule|HP Percentage Mod: HP is shown in percentages\n|clearpoke\n|poke|p1|Indeedee-F, F|\n|poke|p1|Arcanine, F|\n|poke|p1|Noivern, F|\n|poke|p1|Sinistcha|\n|poke|p1|Ceruledge, F|\n|poke|p1|Kommo-o, M|\n|poke|p2|Ceruledge, F|\n|poke|p2|Torkoal, M|\n|poke|p2|Goodra-Hisui, M|\n|poke|p2|Diancie|\n|poke|p2|Grimmsnarl, M|\n|poke|p2|Iron Hands|\n|teampreview\n|\n|t:|1697811763\n|start\n|switch|p1a: Kommo-o|Kommo-o, M|100\/100\n|switch|p1b: Indeedee|Indeedee-F, F|100\/100\n|switch|p2a: Grimmsnarl|Grimmsnarl, M|100\/100\n|switch|p2b: Diancie|Diancie|100\/100\n|-fieldstart|move: Psychic Terrain|[from] ability: Psychic Surge|[of] p1b: Indeedee\n|turn|1\n|\n|t:|1697811798\n|-terastallize|p1a: Kommo-o|Steel\n|move|p2a: Grimmsnarl|Reflect|p2a: Grimmsnarl\n|-sidestart|p2: ChugChug15050|Reflect\n|move|p1a: Kommo-o|Clangorous Soul|p1a: Kommo-o\n|-boost|p1a: Kommo-o|atk|1\n|-boost|p1a: Kommo-o|def|1\n|-boost|p1a: Kommo-o|spa|1\n|-boost|p1a: Kommo-o|spd|1\n|-boost|p1a: Kommo-o|spe|1\n|-damage|p1a: Kommo-o|68\/100\n|-enditem|p1a: Kommo-o|Throat Spray\n|-boost|p1a: Kommo-o|spa|1|[from] item: Throat Spray\n|move|p1b: Indeedee|Imprison|p1b: Indeedee\n|-start|p1b: Indeedee|move: Imprison\n|move|p2b: Diancie|Diamond Storm|p1b: Indeedee|[spread] p1a,p1b\n|-resisted|p1a: Kommo-o\n|-damage|p1a: Kommo-o|59\/100\n|-damage|p1b: Indeedee|75\/100\n|-boost|p2b: Diancie|def|2\n|\n|upkeep\n|turn|2\n|\n|t:|1697811848\n|switch|p1b: Sinistcha|Sinistcha|100\/100\n|-heal|p1a: Kommo-o|84\/100|[from] ability: Hospitality|[of] p1b: Sinistcha\n|move|p2a: Grimmsnarl|Light Screen|p2a: Grimmsnarl\n|-sidestart|p2: ChugChug15050|move: Light Screen\n|move|p1a: Kommo-o|Flash Cannon|p2b: Diancie\n|-supereffective|p2b: Diancie\n|-damage|p2b: Diancie|0 fnt\n|faint|p2b: Diancie\n|\n|upkeep\n|\n|t:|1697811859\n|switch|p2b: Goodra|Goodra-Hisui, M|100\/100\n|turn|3\n|\n|t:|1697811902\n|switch|p1b: Arcanine|Arcanine, F, shiny|100\/100\n|-ability|p1b: Arcanine|Intimidate|boost\n|-unboost|p2a: Grimmsnarl|atk|1\n|-unboost|p2b: Goodra|atk|1\n|move|p1a: Kommo-o|Protect|p1a: Kommo-o\n|-singleturn|p1a: Kommo-o|Protect\n|move|p2a: Grimmsnarl|Spirit Break|p1b: Arcanine\n|-resisted|p1b: Arcanine\n|-damage|p1b: Arcanine|86\/100\n|-unboost|p1b: Arcanine|spa|1\n|move|p2b: Goodra|Dragon Tail|p1a: Kommo-o\n|-activate|p1a: Kommo-o|move: Protect\n|\n|upkeep\n|turn|4\n|\n|t:|1697811921\n|move|p2a: Grimmsnarl|Parting Shot|p1b: Arcanine\n|-activate|p1b: Arcanine|move: Psychic Terrain\n|move|p1a: Kommo-o|Clanging Scales|p2b: Goodra|[spread] p2b\n|-immune|p2a: Grimmsnarl\n|-damage|p2b: Goodra|81\/100\n|-unboost|p1a: Kommo-o|def|1\n|move|p1b: Arcanine|Close Combat|p2b: Goodra\n|-supereffective|p2b: Goodra\n|-damage|p2b: Goodra|18\/100\n|-unboost|p1b: Arcanine|def|1\n|-unboost|p1b: Arcanine|spd|1\n|-ability|p2b: Goodra|Gooey\n|-unboost|p1b: Arcanine|spe|1\n|-damage|p1b: Arcanine|77\/100|[from] item: Life Orb\n|move|p2b: Goodra|Dragon Tail|p1a: Kommo-o\n|-resisted|p1a: Kommo-o\n|-damage|p1a: Kommo-o|76\/100\n|drag|p1a: Ceruledge|Ceruledge, F|100\/100\n|\n|upkeep\n|turn|5\n|\n|t:|1697811951\n|switch|p1b: Noivern|Noivern, F|100\/100\n|move|p1a: Ceruledge|Bitter Blade|p2b: Goodra\n|-damage|p2b: Goodra|0 fnt\n|-ability|p2b: Goodra|Gooey\n|-unboost|p1a: Ceruledge|spe|1\n|faint|p2b: Goodra\n|-damage|p1a: Ceruledge|91\/100|[from] item: Life Orb\n|move|p2a: Grimmsnarl|Spirit Break|p1b: Noivern\n|-supereffective|p1b: Noivern\n|-damage|p1b: Noivern|43\/100\n|-unboost|p1b: Noivern|spa|1\n|-enditem|p1b: Noivern|Weakness Policy\n|-boost|p1b: Noivern|atk|2|[from] item: Weakness Policy\n|-boost|p1b: Noivern|spa|2|[from] item: Weakness Policy\n|\n|-fieldend|move: Psychic Terrain\n|upkeep\n|\n|t:|1697811972\n|switch|p2b: Iron Hands|Iron Hands|100\/100\n|-enditem|p2b: Iron Hands|Booster Energy\n|-activate|p2b: Iron Hands|ability: Quark Drive|[fromitem]\n|-start|p2b: Iron Hands|quarkdriveatk\n|turn|6\n|\n|t:|1697812004\n|switch|p1a: Indeedee|Indeedee-F, F|75\/100\n|-fieldstart|move: Psychic Terrain|[from] ability: Psychic Surge|[of] p1a: Indeedee\n|move|p1b: Noivern|Protect|p1b: Noivern\n|-singleturn|p1b: Noivern|Protect\n|move|p2a: Grimmsnarl|Parting Shot|p1b: Noivern\n|-activate|p1b: Noivern|move: Protect\n|move|p2b: Iron Hands|Wild Charge|p1a: Indeedee\n|-damage|p1a: Indeedee|10\/100\n|-enditem|p1a: Indeedee|Sitrus Berry|[eat]\n|-heal|p1a: Indeedee|35\/100|[from] item: Sitrus Berry\n|-damage|p2b: Iron Hands|90\/100|[from] Recoil\n|\n|upkeep\n|turn|7\n|\n|t:|1697812034\n|switch|p1a: Sinistcha|Sinistcha|100\/100\n|-heal|p1b: Noivern|67\/100|[from] ability: Hospitality|[of] p1a: Sinistcha\n|move|p1b: Noivern|Boomburst|p2b: Iron Hands|[spread] p2a,p2b\n|-immune|p1a: Sinistcha\n|-damage|p2a: Grimmsnarl|68\/100\n|-damage|p2b: Iron Hands|48\/100\n|move|p2a: Grimmsnarl|Spirit Break|p1b: Noivern\n|-supereffective|p1b: Noivern\n|-damage|p1b: Noivern|13\/100\n|-unboost|p1b: Noivern|spa|1\n|move|p2b: Iron Hands|Wild Charge|p1a: Sinistcha\n|-resisted|p1a: Sinistcha\n|-damage|p1a: Sinistcha|66\/100\n|-damage|p2b: Iron Hands|42\/100|[from] Recoil\n|\n|upkeep\n|turn|8\n|\n|t:|1697812056\n|move|p1b: Noivern|Hurricane|p2b: Iron Hands\n|-crit|p2b: Iron Hands\n|-damage|p2b: Iron Hands|0 fnt\n|faint|p2b: Iron Hands\n|-end|p2b: Iron Hands|Quark Drive|[silent]\n|move|p1a: Sinistcha|Matcha Gotcha|p2a: Grimmsnarl|[miss]\n|-miss|p1a: Sinistcha|p2a: Grimmsnarl\n|move|p2a: Grimmsnarl|Spirit Break|p1b: Noivern\n|-supereffective|p1b: Noivern\n|-damage|p1b: Noivern|0 fnt\n|faint|p1b: Noivern\n|\n|-sideend|p2: ChugChug15050|Reflect\n|upkeep\n|\n|t:|1697812086\n|switch|p1b: Ceruledge|Ceruledge, F|91\/100\n|switch|p2b: Torkoal|Torkoal, M|100\/100\n|-weather|SunnyDay|[from] ability: Drought|[of] p2b: Torkoal\n|turn|9\n|c|\u2606ChugChug15050|!dt psychic terrain\n|raw|<ul class=\"utilichart\"><li class=\"result\"><span class=\"col movenamecol\"><a href=\"https:\/\/dex.pokemonshowdown.com\/moves\/psychicterrain\">Psychic Terrain<\/a><\/span> <span class=\"col typecol\"><img src=\"\/\/play.pokemonshowdown.com\/sprites\/types\/Psychic.png\" alt=\"Psychic\" width=\"32\" height=\"14\"><img src=\"\/\/play.pokemonshowdown.com\/sprites\/categories\/Status.png\" alt=\"Status\" width=\"32\" height=\"14\"><\/span> <span class=\"col widelabelcol\"><em>Accuracy<\/em><br>\u2014<\/span> <span class=\"col pplabelcol\"><em>PP<\/em><br>16<\/span> <span class=\"col movedesccol\">5 turns. Grounded: +Psychic power, priority-safe.<\/span> <\/li><li style=\"clear:both\"><\/li><\/ul>\n|raw|<font size=\"1\"><font color=\"#686868\">Priority:<\/font> 0&nbsp;|&ThickSpace;<font color=\"#686868\">Gen:<\/font> 7&nbsp;|&ThickSpace;&#10003; Bypasses Protect&nbsp;|&ThickSpace;<font color=\"#686868\">Z-Effect:<\/font>  Sp. Atk +1&nbsp;|&ThickSpace;<font color=\"#686868\">Target:<\/font> All Pok\u00e9mon<\/font>\n\n|\n|t:|1697812120\n|switch|p1a: Arcanine|Arcanine, F, shiny|77\/100\n|-ability|p1a: Arcanine|Intimidate|boost\n|-unboost|p2a: Grimmsnarl|atk|1\n|-unboost|p2b: Torkoal|atk|1\n|move|p2a: Grimmsnarl|Reflect|p2a: Grimmsnarl\n|-sidestart|p2: ChugChug15050|Reflect\n|move|p1b: Ceruledge|Poltergeist||[still]\n|-fail|p1b: Ceruledge\n|move|p2b: Torkoal|Earth Power|p1b: Ceruledge\n|-supereffective|p1b: Ceruledge\n|-damage|p1b: Ceruledge|42\/100\n|\n|-weather|SunnyDay|[upkeep]\n|-sideend|p2: ChugChug15050|move: Light Screen\n|upkeep\n|turn|10\n|inactive|Battle timer is ON: inactive players will automatically lose when time's up. (requested by ChugChug15050)\n|\n|t:|1697812221\n|switch|p1b: Indeedee|Indeedee-F, F|35\/100\n|move|p2a: Grimmsnarl|Light Screen|p2a: Grimmsnarl\n|-sidestart|p2: ChugChug15050|move: Light Screen\n|move|p1a: Arcanine|Flare Blitz|p2a: Grimmsnarl\n|-damage|p2a: Grimmsnarl|0 fnt\n|faint|p2a: Grimmsnarl\n|-damage|p1a: Arcanine|49\/100|[from] Recoil\n|-damage|p1a: Arcanine|39\/100|[from] item: Life Orb\n|move|p2b: Torkoal|Earth Power|p1b: Indeedee\n|-damage|p1b: Indeedee|10\/100\n|\n|-weather|SunnyDay|[upkeep]\n|-fieldend|move: Psychic Terrain\n|upkeep\n|\n|t:|1697812234\n|switch|p2a: Ceruledge|Ceruledge, F|100\/100\n|turn|11\n|\n|t:|1697812261\n|switch|p1a: Kommo-o|Kommo-o, M, tera:Steel|76\/100\n|switch|p1b: Sinistcha|Sinistcha|66\/100\n|-heal|p1a: Kommo-o|100\/100|[from] ability: Hospitality|[of] p1b: Sinistcha\n|move|p2a: Ceruledge|Bitter Blade|p1b: Sinistcha\n|-supereffective|p1b: Sinistcha\n|-damage|p1b: Sinistcha|0 fnt\n|faint|p1b: Sinistcha\n|move|p2b: Torkoal|Earth Power|p1a: Kommo-o\n|-supereffective|p1a: Kommo-o\n|-damage|p1a: Kommo-o|43\/100\n|\n|-weather|SunnyDay|[upkeep]\n|upkeep\n|inactive|Daskhiel02 has 120 seconds left.\n|\n|t:|1697812276\n|switch|p1b: Indeedee|Indeedee-F, F|10\/100\n|-fieldstart|move: Psychic Terrain|[from] ability: Psychic Surge|[of] p1b: Indeedee\n|turn|12\n|\n|t:|1697812287\n|switch|p1b: Ceruledge|Ceruledge, F|42\/100\n|move|p1a: Kommo-o|Protect|p1a: Kommo-o\n|-singleturn|p1a: Kommo-o|Protect\n|move|p2a: Ceruledge|Bitter Blade|p1a: Kommo-o\n|-activate|p1a: Kommo-o|move: Protect\n|move|p2b: Torkoal|Lava Plume|p1b: Ceruledge|[spread] p2a\n|-activate|p1a: Kommo-o|move: Protect\n|-start|p1b: Ceruledge|ability: Flash Fire\n|-resisted|p2a: Ceruledge\n|-damage|p2a: Ceruledge|86\/100\n|\n|-weather|SunnyDay|[upkeep]\n|upkeep\n|turn|13\n|inactive|Daskhiel02 has 120 seconds left.\n|\n|t:|1697812321\n|switch|p1a: Arcanine|Arcanine, F, shiny|39\/100\n|-ability|p1a: Arcanine|Intimidate|boost\n|-unboost|p2a: Ceruledge|atk|1\n|-unboost|p2b: Torkoal|atk|1\n|move|p2a: Ceruledge|Bitter Blade|p1a: Arcanine\n|-resisted|p1a: Arcanine\n|-damage|p1a: Arcanine|12\/100\n|-heal|p2a: Ceruledge|100\/100|[from] drain|[of] p1a: Arcanine\n|move|p1b: Ceruledge|Poltergeist|p2a: Ceruledge\n|-activate|p2a: Ceruledge|move: Poltergeist|Colbur Berry\n|-supereffective|p2a: Ceruledge\n|-damage|p2a: Ceruledge|0 fnt\n|faint|p2a: Ceruledge\n|-damage|p1b: Ceruledge|32\/100|[from] item: Life Orb\n|move|p2b: Torkoal|Earth Power|p1b: Ceruledge\n|-supereffective|p1b: Ceruledge\n|-damage|p1b: Ceruledge|0 fnt\n|faint|p1b: Ceruledge\n|\n|-weather|none\n|upkeep\n|inactive|Daskhiel02 has 120 seconds left.\n|\n|t:|1697812349\n|switch|p1b: Indeedee|Indeedee-F, F|10\/100\n|turn|14\n|inactive|Daskhiel02 has 120 seconds left.\n|\n|t:|1697812355\n|move|p1a: Arcanine|Close Combat|p2b: Torkoal\n|-damage|p2b: Torkoal|78\/100\n|-unboost|p1a: Arcanine|def|1\n|-unboost|p1a: Arcanine|spd|1\n|-damage|p1a: Arcanine|2\/100|[from] item: Life Orb\n|move|p1b: Indeedee|Psychic|p2b: Torkoal\n|-damage|p2b: Torkoal|43\/100\n|move|p2b: Torkoal|Lava Plume|p1a: Arcanine|[spread] p1a,p1b\n|-resisted|p1a: Arcanine\n|-damage|p1a: Arcanine|0 fnt\n|-damage|p1b: Indeedee|0 fnt\n|faint|p1a: Arcanine\n|faint|p1b: Indeedee\n|\n|upkeep\n|inactive|Daskhiel02 has 120 seconds left.\n|\n|t:|1697812366\n|switch|p1b: Kommo-o|Kommo-o, M, tera:Steel|43\/100\n|turn|15\n|\n|t:|1697812378\n|-terastallize|p2b: Torkoal|Fire\n|move|p1b: Kommo-o|Clanging Scales|p2b: Torkoal\n|-damage|p2b: Torkoal|0 fnt\n|faint|p2b: Torkoal\n|\n|win|Daskhiel02\n|raw|Daskhiel02's rating: 1358 &rarr; <strong>1382<\/strong><br \/>(+24 for winning)\n|raw|ChugChug15050's rating: 1430 &rarr; <strong>1406<\/strong><br \/>(-24 for losing)\n|c|\u2606ChugChug15050|gg\n|c|\u2606Daskhiel02|Gg!\n","uploadtime":1697812393,"views":14,"p1id":"daskhiel02","p2id":"chugchug15050","formatid":"gen9doublesou","rating":1382,"private":0,"password":""}