{"id":"gen9doublesou-1991496537","p1":"Liltlepoppito_2","p2":"PairOfBoltcutters","format":"[Gen 9] Doubles OU","log":"|j|\u2606Liltlepoppito_2\n|j|\u2606PairOfBoltcutters\n|t:|1700082281\n|gametype|doubles\n|player|p1|Liltlepoppito_2|hiker-gen4|1092\n|player|p2|PairOfBoltcutters|shadowtriad|1000\n|teamsize|p1|6\n|teamsize|p2|6\n|gen|9\n|tier|[Gen 9] Doubles OU\n|rated|\n|rule|Species Clause: Limit one of each Pok\u00e9mon\n|rule|OHKO Clause: OHKO moves are banned\n|rule|Evasion Moves Clause: Evasion moves are banned\n|rule|Gravity Sleep Clause: The combination of sleep-inducing moves with imperfect accuracy and Gravity or Gigantamax Orbeetle are banned\n|rule|Endless Battle Clause: Forcing endless battles is banned\n|rule|HP Percentage Mod: HP is shown in percentages\n|clearpoke\n|poke|p1|Greedent, M|\n|poke|p1|Arcanine-Hisui, F|\n|poke|p1|Landorus-Therian, M|\n|poke|p1|Ninetales-Alola, M|\n|poke|p1|Rillaboom, M|\n|poke|p1|Iron Hands|\n|poke|p2|Meowscarada, M|\n|poke|p2|Heatran, M|\n|poke|p2|Munkidori, M|\n|poke|p2|Typhlosion-Hisui, M|\n|poke|p2|Enamorus, F|\n|poke|p2|Amoonguss, F|\n|teampreview\n|inactive|Battle timer is ON: inactive players will automatically lose when time's up. (requested by Liltlepoppito_2)\n|\n|t:|1700082297\n|start\n|switch|p1a: Dog|Landorus-Therian, M|100\/100\n|switch|p1b: Mr. Hands|Iron Hands|100\/100\n|switch|p2a: Typhlosion|Typhlosion-Hisui, M|100\/100\n|switch|p2b: Meowscarada|Meowscarada, M|100\/100\n|-ability|p1a: Dog|Intimidate|boost\n|-unboost|p2a: Typhlosion|atk|1\n|-unboost|p2b: Meowscarada|atk|1\n|turn|1\n|c|\u2606PairOfBoltcutters|wombo combo\n|\n|t:|1700082316\n|move|p2b: Meowscarada|Grass Pledge|p1b: Mr. Hands\n|-waiting|p2b: Meowscarada|p2a: Typhlosion\n|move|p2a: Typhlosion|Fire Pledge|p1b: Mr. Hands|[from]move: Grass Pledge\n|-combine\n|-damage|p1b: Mr. Hands|0 fnt\n|-sidestart|p1: Liltlepoppito_2|Fire Pledge\n|faint|p1b: Mr. Hands\n|-end|p1b: Mr. Hands|Quark Drive|[silent]\n|move|p1a: Dog|Stomping Tantrum|p2a: Typhlosion\n|-supereffective|p2a: Typhlosion\n|-damage|p2a: Typhlosion|0 fnt\n|faint|p2a: Typhlosion\n|\n|-damage|p1a: Dog|88\/100|[from] Fire Pledge\n|upkeep\n|\n|t:|1700082333\n|switch|p2a: Heatran|Heatran, M|100\/100\n|switch|p1b: Boogie Man|Rillaboom, M|100\/100\n|-fieldstart|move: Grassy Terrain|[from] ability: Grassy Surge|[of] p1b: Boogie Man\n|turn|2\n|\n|t:|1700082358\n|-terastallize|p1b: Boogie Man|Water\n|move|p2b: Meowscarada|Flower Trick|p1a: Dog\n|-crit|p1a: Dog\n|-damage|p1a: Dog|0 fnt\n|faint|p1a: Dog\n|move|p1b: Boogie Man|Drain Punch|p2b: Meowscarada\n|-supereffective|p2b: Meowscarada\n|-damage|p2b: Meowscarada|0 fnt\n|faint|p2b: Meowscarada\n|-damage|p1b: Boogie Man|91\/100|[from] item: Life Orb\n|move|p2a: Heatran|Fire Blast|p1b: Boogie Man\n|-resisted|p1b: Boogie Man\n|-damage|p1b: Boogie Man|42\/100\n|\n|-damage|p1b: Boogie Man|30\/100|[from] Fire Pledge\n|-heal|p1b: Boogie Man|36\/100|[from] Grassy Terrain\n|upkeep\n|\n|t:|1700082383\n|switch|p2b: Amoonguss|Amoonguss, F, shiny|100\/100\n|switch|p1a: Biggie cheese|Greedent, M|100\/100\n|turn|3\n|\n|t:|1700082395\n|move|p1b: Boogie Man|Drain Punch|p2a: Heatran\n|-supereffective|p2a: Heatran\n|-damage|p2a: Heatran|41\/100\n|-heal|p1b: Boogie Man|69\/100|[from] drain|[of] p2a: Heatran\n|-damage|p1b: Boogie Man|59\/100|[from] item: Life Orb\n|move|p2a: Heatran|Dragon Pulse|p1b: Boogie Man\n|-damage|p1b: Boogie Man|15\/100\n|move|p2b: Amoonguss|Spore|p1a: Biggie cheese\n|-status|p1a: Biggie cheese|slp|[from] move: Spore\n|cant|p1a: Biggie cheese|slp\n|\n|-damage|p1b: Boogie Man|3\/100|[from] Fire Pledge\n|-heal|p1b: Boogie Man|9\/100|[from] Grassy Terrain\n|-heal|p2a: Heatran|47\/100|[from] Grassy Terrain\n|-damage|p1a: Biggie cheese|88\/100 slp|[from] Fire Pledge\n|-heal|p1a: Biggie cheese|94\/100 slp|[from] Grassy Terrain\n|upkeep\n|turn|4\n|l|\u2606Liltlepoppito_2\n|inactive|Liltlepoppito_2 disconnected and has a minute to reconnect!\n|player|p1|\n|inactive|PairOfBoltcutters has 120 seconds left.\n|j|\u2606Liltlepoppito_2\n|inactive|Liltlepoppito_2 reconnected and has 120 seconds left.\n|player|p1|Liltlepoppito_2|hiker-gen4\n|\n|t:|1700082432\n|move|p1b: Boogie Man|Drain Punch|p2a: Heatran\n|-supereffective|p2a: Heatran\n|-damage|p2a: Heatran|0 fnt\n|-heal|p1b: Boogie Man|36\/100|[from] drain|[of] p2a: Heatran\n|faint|p2a: Heatran\n|-damage|p1b: Boogie Man|26\/100|[from] item: Life Orb\n|move|p2b: Amoonguss|Body Slam|p1b: Boogie Man\n|-damage|p1b: Boogie Man|7\/100\n|cant|p1a: Biggie cheese|slp\n|\n|-damage|p1b: Boogie Man|0 fnt|[from] Fire Pledge\n|faint|p1b: Boogie Man\n|-damage|p1a: Biggie cheese|82\/100 slp|[from] Fire Pledge\n|-heal|p1a: Biggie cheese|88\/100 slp|[from] Grassy Terrain\n|-sideend|p1: Liltlepoppito_2|Fire Pledge\n|upkeep\n|\n|t:|1700082448\n|switch|p1b: Bork|Arcanine-Hisui, F|100\/100\n|switch|p2a: Munkidori|Munkidori, M|100\/100\n|-item|p1a: Biggie cheese|Sitrus Berry|[from] ability: Frisk|[of] p2a: Munkidori|[identify]\n|-item|p1b: Bork|Choice Band|[from] ability: Frisk|[of] p2a: Munkidori|[identify]\n|turn|5\n|\n|t:|1700082473\n|move|p2a: Munkidori|Gunk Shot|p1b: Bork\n|-resisted|p1b: Bork\n|-damage|p1b: Bork|86\/100\n|-status|p1b: Bork|psn\n|move|p1b: Bork|Flare Blitz|p2a: Munkidori\n|-damage|p2a: Munkidori|0 fnt\n|faint|p2a: Munkidori\n|move|p2b: Amoonguss|Spore||[still]\n|-fail|p2b: Amoonguss\n|-curestatus|p1a: Biggie cheese|slp|[msg]\n|move|p1a: Biggie cheese|Psychic Fangs|p2b: Amoonguss\n|-supereffective|p2b: Amoonguss\n|-damage|p2b: Amoonguss|49\/100\n|-damage|p1a: Biggie cheese|71\/100|[from] item: Rocky Helmet|[of] p2b: Amoonguss\n|\n|-heal|p1b: Bork|92\/100 psn|[from] Grassy Terrain\n|-heal|p2b: Amoonguss|55\/100|[from] Grassy Terrain\n|-heal|p1a: Biggie cheese|77\/100|[from] Grassy Terrain\n|-damage|p1b: Bork|80\/100 psn|[from] psn\n|upkeep\n|\n|t:|1700082482\n|switch|p2a: Enamorus|Enamorus, F|100\/100\n|turn|6\n|\n|t:|1700082493\n|move|p2a: Enamorus|Superpower|p1a: Biggie cheese\n|-supereffective|p1a: Biggie cheese\n|-crit|p1a: Biggie cheese\n|-damage|p1a: Biggie cheese|10\/100\n|-boost|p2a: Enamorus|atk|1\n|-boost|p2a: Enamorus|def|1\n|-enditem|p1a: Biggie cheese|Sitrus Berry|[eat]\n|-heal|p1a: Biggie cheese|35\/100|[from] item: Sitrus Berry\n|-heal|p1a: Biggie cheese|68\/100|[from] ability: Cheek Pouch\n|move|p1b: Bork|Flare Blitz|p2a: Enamorus\n|-damage|p2a: Enamorus|7\/100\n|move|p2b: Amoonguss|Rest|p2b: Amoonguss\n|-status|p2b: Amoonguss|slp|[from] move: Rest\n|-heal|p2b: Amoonguss|100\/100 slp|[silent]\n|move|p1a: Biggie cheese|Psychic Fangs|p2b: Amoonguss\n|-supereffective|p2b: Amoonguss\n|-damage|p2b: Amoonguss|45\/100 slp\n|-damage|p1a: Biggie cheese|52\/100|[from] item: Rocky Helmet|[of] p2b: Amoonguss\n|\n|-heal|p1b: Bork|86\/100 psn|[from] Grassy Terrain\n|-heal|p2b: Amoonguss|51\/100 slp|[from] Grassy Terrain\n|-heal|p1a: Biggie cheese|58\/100|[from] Grassy Terrain\n|-damage|p1b: Bork|74\/100 psn|[from] psn\n|-fieldend|move: Grassy Terrain\n|upkeep\n|turn|7\n|inactive|PairOfBoltcutters has 120 seconds left.\n|\n|t:|1700082526\n|move|p2a: Enamorus|Springtide Storm|p1b: Bork|[spread] p1a,p1b\n|-resisted|p1b: Bork\n|-damage|p1a: Biggie cheese|10\/100\n|-damage|p1b: Bork|50\/100 psn\n|move|p1b: Bork|Flare Blitz|p2a: Enamorus\n|-damage|p2a: Enamorus|0 fnt\n|faint|p2a: Enamorus\n|cant|p2b: Amoonguss|slp\n|move|p2b: Amoonguss|Sleep Talk|p2b: Amoonguss\n|move|p2b: Amoonguss|Rest||[from]move: Sleep Talk|[still]\n|-fail|p2b: Amoonguss\n|move|p1a: Biggie cheese|Body Slam|p2b: Amoonguss\n|-damage|p2b: Amoonguss|12\/100 slp\n|-damage|p1a: Biggie cheese|0 fnt|[from] item: Rocky Helmet|[of] p2b: Amoonguss\n|faint|p1a: Biggie cheese\n|\n|-damage|p1b: Bork|37\/100 psn|[from] psn\n|upkeep\n|inactive|Liltlepoppito_2 has 120 seconds left.\n|-message|PairOfBoltcutters forfeited.\n|\n|win|Liltlepoppito_2\n|raw|Liltlepoppito_2's rating: 1092 &rarr; <strong>1111<\/strong><br \/>(+19 for winning)\n|raw|PairOfBoltcutters's rating: 1000 &rarr; <strong>1000<\/strong><br \/>(+0 for losing)\n|l|\u2606PairOfBoltcutters\n","uploadtime":1700082549,"views":7,"p1id":"liltlepoppito2","p2id":"pairofboltcutters","formatid":"gen9doublesou","rating":1000,"private":0,"password":""}