{"id":"gen9doublesou-1969557697","p1":"Daskhiel02","p2":"AgentT3ch","format":"[Gen 9] Doubles OU","log":"|j|\u2606Daskhiel02\n|j|\u2606AgentT3ch\n|t:|1697546959\n|gametype|doubles\n|player|p1|Daskhiel02|102|1397\n|player|p2|AgentT3ch|iono|1299\n|teamsize|p1|6\n|teamsize|p2|6\n|gen|9\n|tier|[Gen 9] Doubles OU\n|rated|\n|rule|Species Clause: Limit one of each Pok\u00e9mon\n|rule|OHKO Clause: OHKO moves are banned\n|rule|Evasion Moves Clause: Evasion moves are banned\n|rule|Gravity Sleep Clause: The combination of sleep-inducing moves with imperfect accuracy and Gravity or Gigantamax Orbeetle are banned\n|rule|Endless Battle Clause: Forcing endless battles is banned\n|rule|HP Percentage Mod: HP is shown in percentages\n|clearpoke\n|poke|p1|Lycanroc-Midnight, F|\n|poke|p1|Indeedee-F, F|\n|poke|p1|Ribombee, F|\n|poke|p1|Sinistcha|\n|poke|p1|Kommo-o, M|\n|poke|p1|Tauros-Paldea-Aqua, M|\n|poke|p2|Iron Hands|\n|poke|p2|Diancie|\n|poke|p2|Slowking, F|\n|poke|p2|Enamorus, F|\n|poke|p2|Empoleon, F|\n|poke|p2|Chesnaught, F|\n|teampreview\n|c|\u2606AgentT3ch|hello\n|c|\u2606Daskhiel02|Hello o\/\n|\n|t:|1697547017\n|start\n|switch|p1a: Indeedee|Indeedee-F, F|100\/100\n|switch|p1b: Tauros|Tauros-Paldea-Aqua, M|100\/100\n|switch|p2a: Iron Hands|Iron Hands|100\/100\n|switch|p2b: Diancie|Diancie|100\/100\n|-ability|p1b: Tauros|Intimidate|boost\n|-unboost|p2a: Iron Hands|atk|1\n|-fail|p2b: Diancie|unboost|[from] ability: Clear Body|[of] p2b: Diancie\n|-fieldstart|move: Psychic Terrain|[from] ability: Psychic Surge|[of] p1a: Indeedee\n|turn|1\n|\n|t:|1697547039\n|move|p1b: Tauros|Raging Bull|p2b: Diancie\n|-supereffective|p2b: Diancie\n|-damage|p2b: Diancie|23\/100\n|-enditem|p2b: Diancie|Iapapa Berry|[eat]\n|-heal|p2b: Diancie|57\/100|[from] item: Iapapa Berry\n|-damage|p1b: Tauros|91\/100|[from] item: Life Orb\n|move|p1a: Indeedee|Imprison|p1a: Indeedee\n|-start|p1a: Indeedee|move: Imprison\n|move|p2a: Iron Hands|Thunder Punch|p1b: Tauros\n|-supereffective|p1b: Tauros\n|-crit|p1b: Tauros\n|-damage|p1b: Tauros|0 fnt\n|faint|p1b: Tauros\n|cant|p2b: Diancie|move: Imprison|Trick Room\n|\n|upkeep\n|\n|t:|1697547055\n|switch|p1b: Kommo-o|Kommo-o, M|100\/100\n|turn|2\n|c|\u2606AgentT3ch|i have an ai girlfriend :nerd_emoji:\n|\n|t:|1697547084\n|move|p1b: Kommo-o|Flash Cannon|p2b: Diancie\n|-supereffective|p2b: Diancie\n|-damage|p2b: Diancie|0 fnt\n|faint|p2b: Diancie\n|move|p1a: Indeedee|Psychic|p2a: Iron Hands\n|-supereffective|p2a: Iron Hands\n|-damage|p2a: Iron Hands|56\/100\n|move|p2a: Iron Hands|Ice Punch|p1b: Kommo-o\n|-supereffective|p1b: Kommo-o\n|-damage|p1b: Kommo-o|61\/100\n|\n|upkeep\n|\n|t:|1697547098\n|switch|p2b: Slowking|Slowking, F|100\/100\n|turn|3\n|\n|t:|1697547131\n|move|p1a: Indeedee|Follow Me|p1a: Indeedee\n|-singleturn|p1a: Indeedee|move: Follow Me\n|move|p1b: Kommo-o|Clangorous Soul|p1b: Kommo-o\n|-boost|p1b: Kommo-o|atk|1\n|-boost|p1b: Kommo-o|def|1\n|-boost|p1b: Kommo-o|spa|1\n|-boost|p1b: Kommo-o|spd|1\n|-boost|p1b: Kommo-o|spe|1\n|-damage|p1b: Kommo-o|28\/100\n|-enditem|p1b: Kommo-o|Throat Spray\n|-boost|p1b: Kommo-o|spa|1|[from] item: Throat Spray\n|move|p2a: Iron Hands|Ice Punch|p1a: Indeedee\n|-damage|p1a: Indeedee|83\/100\n|move|p2b: Slowking|Disable|p1a: Indeedee\n|-start|p1a: Indeedee|Disable|Follow Me\n|\n|upkeep\n|turn|4\n|\n|t:|1697547167\n|switch|p1a: Sinistcha|Sinistcha|100\/100\n|-heal|p1b: Kommo-o|53\/100|[from] ability: Hospitality|[of] p1a: Sinistcha\n|move|p1b: Kommo-o|Clanging Scales|p2a: Iron Hands|[spread] p2a,p2b\n|-damage|p2a: Iron Hands|11\/100\n|-damage|p2b: Slowking|45\/100\n|-unboost|p1b: Kommo-o|def|1\n|move|p2a: Iron Hands|Ice Punch|p1b: Kommo-o\n|-supereffective|p1b: Kommo-o\n|-damage|p1b: Kommo-o|17\/100\n|move|p2b: Slowking|Calm Mind|p2b: Slowking\n|-boost|p2b: Slowking|spa|1\n|-boost|p2b: Slowking|spd|1\n|\n|-heal|p2b: Slowking|52\/100|[from] item: Leftovers\n|upkeep\n|turn|5\n|\n|t:|1697547194\n|-end|p2a: Iron Hands|Quark Drive|[silent]\n|switch|p2a: Enamorus|Enamorus, F|100\/100\n|switch|p2b: Empoleon|Empoleon, F|100\/100\n|move|p1b: Kommo-o|Clanging Scales|p2b: Empoleon|[spread] p2b\n|-immune|p2a: Enamorus\n|-resisted|p2b: Empoleon\n|-damage|p2b: Empoleon|67\/100\n|-unboost|p1b: Kommo-o|def|1\n|move|p1a: Sinistcha|Shadow Ball|p2b: Empoleon\n|-damage|p2b: Empoleon|25\/100\n|\n|-fieldend|move: Psychic Terrain\n|upkeep\n|turn|6\n|\n|t:|1697547216\n|switch|p1a: Indeedee|Indeedee-F, F|83\/100\n|-fieldstart|move: Psychic Terrain|[from] ability: Psychic Surge|[of] p1a: Indeedee\n|move|p1b: Kommo-o|Flash Cannon|p2a: Enamorus\n|-supereffective|p2a: Enamorus\n|-damage|p2a: Enamorus|0 fnt\n|faint|p2a: Enamorus\n|move|p2b: Empoleon|Ice Beam|p1a: Indeedee\n|-damage|p1a: Indeedee|41\/100\n|-enditem|p1a: Indeedee|Sitrus Berry|[eat]\n|-heal|p1a: Indeedee|66\/100|[from] item: Sitrus Berry\n|\n|upkeep\n|\n|t:|1697547264\n|switch|p2a: Slowking|Slowking, F|85\/100\n|turn|7\n|\n|t:|1697547271\n|move|p1a: Indeedee|Follow Me|p1a: Indeedee\n|-singleturn|p1a: Indeedee|move: Follow Me\n|move|p1b: Kommo-o|Clanging Scales|p2a: Slowking|[spread] p2a,p2b\n|-resisted|p2b: Empoleon\n|-damage|p2a: Slowking|28\/100\n|-damage|p2b: Empoleon|0 fnt\n|faint|p2b: Empoleon\n|-unboost|p1b: Kommo-o|def|1\n|move|p2a: Slowking|Surf|p1b: Kommo-o|[spread] p1a,p1b\n|-resisted|p1b: Kommo-o\n|-damage|p1a: Indeedee|38\/100\n|-damage|p1b: Kommo-o|5\/100\n|\n|-heal|p2a: Slowking|34\/100|[from] item: Leftovers\n|upkeep\n|\n|t:|1697547283\n|switch|p2b: Chesnaught|Chesnaught, F|100\/100\n|turn|8\n|\n|t:|1697547294\n|move|p1b: Kommo-o|Clanging Scales|p2b: Chesnaught|[spread] p2a,p2b\n|-damage|p2a: Slowking|0 fnt\n|-damage|p2b: Chesnaught|25\/100\n|faint|p2a: Slowking\n|-unboost|p1b: Kommo-o|def|1\n|move|p1a: Indeedee|Psychic|p2b: Chesnaught\n|-supereffective|p2b: Chesnaught\n|-damage|p2b: Chesnaught|0 fnt\n|faint|p2b: Chesnaught\n|\n|upkeep\n|-message|AgentT3ch forfeited.\n|\n|win|Daskhiel02\n|raw|Daskhiel02's rating: 1397 &rarr; <strong>1412<\/strong><br \/>(+15 for winning)\n|raw|AgentT3ch's rating: 1299 &rarr; <strong>1281<\/strong><br \/>(-18 for losing)\n|l|\u2606AgentT3ch\n","uploadtime":1697547329,"views":14,"p1id":"daskhiel02","p2id":"agentt3ch","formatid":"gen9doublesou","rating":1281,"private":0,"password":""}