{"id":"gen9doublesou-1991511175","p1":"Mr. Alola Tales","p2":"Hadesll","format":"[Gen 9] Doubles OU","log":"|j|\u2606Mr. Alola Tales\n|j|\u203dHadesll\n|t:|1700083633\n|gametype|doubles\n|player|p1|Mr. Alola Tales|archer|1098\n|player|p2|Hadesll|n|1012\n|teamsize|p1|6\n|teamsize|p2|6\n|gen|9\n|tier|[Gen 9] Doubles OU\n|rated|\n|rule|Species Clause: Limit one of each Pok\u00e9mon\n|rule|OHKO Clause: OHKO moves are banned\n|rule|Evasion Moves Clause: Evasion moves are banned\n|rule|Gravity Sleep Clause: The combination of sleep-inducing moves with imperfect accuracy and Gravity or Gigantamax Orbeetle are banned\n|rule|Endless Battle Clause: Forcing endless battles is banned\n|rule|HP Percentage Mod: HP is shown in percentages\n|clearpoke\n|poke|p1|Ninetales-Alola, F|\n|poke|p1|Munkidori, M|\n|poke|p1|Slowking-Galar, F|\n|poke|p1|Flutter Mane|\n|poke|p1|Roaring Moon|\n|poke|p1|Maushold|\n|poke|p2|Poliwrath, M|\n|poke|p2|Pelipper, M|\n|poke|p2|Bombirdier, M|\n|poke|p2|Sableye, M|\n|poke|p2|Infernape, M|\n|poke|p2|Sinistcha|\n|teampreview\n|inactive|Battle timer is ON: inactive players will automatically lose when time's up. (requested by Mr. Alola Tales)\n|\n|t:|1700083643\n|start\n|switch|p1a: Monkey D. Dori|Munkidori, M|100\/100\n|switch|p1b: Gucci Mane|Flutter Mane|100\/100\n|switch|p2a: Pelipper|Pelipper, M|100\/100\n|switch|p2b: Sableye|Sableye, M, shiny|100\/100\n|-weather|RainDance|[from] ability: Drizzle|[of] p2a: Pelipper\n|-enditem|p1b: Gucci Mane|Booster Energy\n|-activate|p1b: Gucci Mane|ability: Protosynthesis|[fromitem]\n|-start|p1b: Gucci Mane|protosynthesisspa\n|turn|1\n|\n|t:|1700083661\n|move|p1a: Monkey D. Dori|Fake Out|p2a: Pelipper\n|-damage|p2a: Pelipper|92\/100\n|move|p2b: Sableye|Taunt|p1b: Gucci Mane\n|-start|p1b: Gucci Mane|move: Taunt\n|move|p1b: Gucci Mane|Dazzling Gleam|p2b: Sableye|[spread] p2a,p2b\n|-supereffective|p2b: Sableye\n|-damage|p2a: Pelipper|27\/100\n|-damage|p2b: Sableye|0 fnt\n|faint|p2b: Sableye\n|cant|p2a: Pelipper|flinch\n|\n|-weather|RainDance|[upkeep]\n|upkeep\n|\n|t:|1700083674\n|switch|p2b: Poliwrath|Poliwrath, M|100\/100\n|turn|2\n|\n|t:|1700083682\n|move|p2a: Pelipper|Wide Guard|p2a: Pelipper\n|-singleturn|p2a: Pelipper|Wide Guard\n|move|p2b: Poliwrath|Belly Drum|p2b: Poliwrath\n|-damage|p2b: Poliwrath|50\/100\n|-setboost|p2b: Poliwrath|atk|6|[from] move: Belly Drum\n|-enditem|p2b: Poliwrath|Sitrus Berry|[eat]\n|-heal|p2b: Poliwrath|75\/100|[from] item: Sitrus Berry\n|move|p1b: Gucci Mane|Dazzling Gleam|p2b: Poliwrath|[spread] \n|-activate|p2a: Pelipper|move: Wide Guard\n|-activate|p2b: Poliwrath|move: Wide Guard\n|move|p1a: Monkey D. Dori|Parting Shot|p2b: Poliwrath\n|-unboost|p2b: Poliwrath|atk|1\n|-unboost|p2b: Poliwrath|spa|1\n|\n|t:|1700083695\n|switch|p1a: 69 Tales|Ninetales-Alola, F, shiny|100\/100|[from] Parting Shot\n|-weather|Snow|[from] ability: Snow Warning|[of] p1a: 69 Tales\n|\n|-weather|Snow|[upkeep]\n|upkeep\n|turn|3\n|\n|t:|1700083718\n|-terastallize|p2b: Poliwrath|Poison\n|move|p1b: Gucci Mane|Shadow Ball|p2a: Pelipper\n|-damage|p2a: Pelipper|0 fnt\n|faint|p2a: Pelipper\n|move|p1a: 69 Tales|Encore|p2b: Poliwrath\n|-start|p2b: Poliwrath|Encore\n|move|p2b: Poliwrath|Belly Drum|p2b: Poliwrath\n|-damage|p2b: Poliwrath|25\/100\n|-setboost|p2b: Poliwrath|atk|6|[from] move: Belly Drum\n|\n|-weather|Snow|[upkeep]\n|-end|p1b: Gucci Mane|move: Taunt\n|upkeep\n|inactive|Hadesll has 120 seconds left.\n|\n|t:|1700083745\n|switch|p2a: Infernape|Infernape, M, shiny|100\/100\n|turn|4\n|\n|t:|1700083758\n|switch|p2b: Sinistcha|Sinistcha|100\/100\n|-terastallize|p1a: 69 Tales|Fire\n|move|p1b: Gucci Mane|Dazzling Gleam|p2a: Infernape|[spread] p2a,p2b\n|-damage|p2a: Infernape|58\/100\n|-damage|p2b: Sinistcha|55\/100\n|move|p1a: 69 Tales|Calm Mind|p1a: 69 Tales\n|-boost|p1a: 69 Tales|spa|1\n|-boost|p1a: 69 Tales|spd|1\n|move|p2a: Infernape|Raging Fury|p1a: 69 Tales\n|-resisted|p1a: 69 Tales\n|-damage|p1a: 69 Tales|56\/100\n|\n|-weather|Snow|[upkeep]\n|-heal|p2b: Sinistcha|61\/100|[from] item: Leftovers\n|upkeep\n|turn|5\n|\n|t:|1700083777\n|switch|p2b: Poliwrath|Poliwrath, M, tera:Poison|25\/100\n|move|p1b: Gucci Mane|Shadow Ball|p2a: Infernape\n|-damage|p2a: Infernape|0 fnt\n|faint|p2a: Infernape\n|move|p1a: 69 Tales|Blizzard|p2b: Poliwrath\n|-damage|p2b: Poliwrath|0 fnt\n|faint|p2b: Poliwrath\n|\n|-weather|Snow|[upkeep]\n|upkeep\n|\n|t:|1700083791\n|switch|p2a: Bombirdier|Bombirdier, M, shiny|100\/100\n|switch|p2b: Sinistcha|Sinistcha|61\/100\n|turn|6\n|c|\u2606Mr. Alola Tales|gg\n|\n|t:|1700083804\n|move|p2a: Bombirdier|Sucker Punch|p1b: Gucci Mane\n|-damage|p1b: Gucci Mane|24\/100\n|move|p1b: Gucci Mane|Dazzling Gleam|p2a: Bombirdier|[spread] p2a,p2b\n|-supereffective|p2a: Bombirdier\n|-enditem|p2a: Bombirdier|Focus Sash\n|-damage|p2a: Bombirdier|1\/100\n|-damage|p2b: Sinistcha|18\/100\n|move|p1a: 69 Tales|Blizzard|p2b: Sinistcha|[spread] p2a,p2b\n|-supereffective|p2a: Bombirdier\n|-supereffective|p2b: Sinistcha\n|-damage|p2a: Bombirdier|0 fnt\n|-damage|p2b: Sinistcha|0 fnt\n|faint|p2a: Bombirdier\n|faint|p2b: Sinistcha\n|\n|win|Mr. Alola Tales\n|raw|Mr. Alola Tales's rating: 1098 &rarr; <strong>1117<\/strong><br \/>(+19 for winning)\n|raw|Hadesll's rating: 1012 &rarr; <strong>1003<\/strong><br \/>(-9 for losing)\n","uploadtime":1700083818,"views":6,"p1id":"mralolatales","p2id":"hadesll","formatid":"gen9doublesou","rating":1003,"private":0,"password":""}