{"id":"gen9doublesou-1998518957","p1":"Elite.4.Challenger","p2":"F-KOJI","format":"[Gen 9] Doubles OU","log":"|j|\u2606Elite.4.Challenger\n|j|\u2606F-KOJI\n|t:|1700951508\n|gametype|doubles\n|player|p1|Elite.4.Challenger|rocker-gen3|1330\n|player|p2|F-KOJI|morty|1322\n|teamsize|p1|6\n|teamsize|p2|6\n|gen|9\n|tier|[Gen 9] Doubles OU\n|rated|\n|rule|Species Clause: Limit one of each Pok\u00e9mon\n|rule|OHKO Clause: OHKO moves are banned\n|rule|Evasion Moves Clause: Evasion moves are banned\n|rule|Gravity Sleep Clause: The combination of sleep-inducing moves with imperfect accuracy and Gravity or Gigantamax Orbeetle are banned\n|rule|Endless Battle Clause: Forcing endless battles is banned\n|rule|HP Percentage Mod: HP is shown in percentages\n|clearpoke\n|poke|p1|Hatterene, F|\n|poke|p1|Rillaboom, F|\n|poke|p1|Torkoal, M|\n|poke|p1|Typhlosion-Hisui, F|\n|poke|p1|Hoopa-Unbound|\n|poke|p1|Kingambit, M|\n|poke|p2|Ninetales-Alola, F|\n|poke|p2|Iron Hands|\n|poke|p2|Sinistcha-Masterpiece|\n|poke|p2|Iron Bundle|\n|poke|p2|Heatran, M|\n|poke|p2|Landorus-Therian, M|\n|teampreview\n|\n|t:|1700951536\n|start\n|switch|p1a: Joe's Ex-Wife|Hatterene, F|100\/100\n|switch|p1b: Rillaboom|Rillaboom, F|100\/100\n|switch|p2a: Landorus|Landorus-Therian, M|100\/100\n|switch|p2b: Ninetales|Ninetales-Alola, F, shiny|100\/100\n|-ability|p2a: Landorus|Intimidate|boost\n|-unboost|p1a: Joe's Ex-Wife|atk|1\n|-unboost|p1b: Rillaboom|atk|1\n|-weather|Snow|[from] ability: Snow Warning|[of] p2b: Ninetales\n|-fieldstart|move: Grassy Terrain|[from] ability: Grassy Surge|[of] p1b: Rillaboom\n|turn|1\n|\n|t:|1700951565\n|switch|p1b: Torkoal|Torkoal, M|100\/100\n|-weather|SunnyDay|[from] ability: Drought|[of] p1b: Torkoal\n|move|p2a: Landorus|U-turn|p1b: Torkoal\n|-resisted|p1b: Torkoal\n|-damage|p1b: Torkoal|91\/100\n|\n|t:|1700951573\n|switch|p2a: Iron Hands|Iron Hands, shiny|100\/100|[from] U-turn\n|move|p2b: Ninetales|Aurora Veil||[still]\n|-fail|p2b: Ninetales\n|move|p1a: Joe's Ex-Wife|Trick Room|p1a: Joe's Ex-Wife\n|-fieldstart|move: Trick Room|[of] p1a: Joe's Ex-Wife\n|\n|-weather|SunnyDay|[upkeep]\n|-heal|p1b: Torkoal|97\/100|[from] Grassy Terrain\n|upkeep\n|turn|2\n|\n|t:|1700951585\n|switch|p2b: Heatran|Heatran, M, shiny|100\/100\n|move|p2a: Iron Hands|Fake Out|p1b: Torkoal\n|-damage|p1b: Torkoal|84\/100\n|cant|p1b: Torkoal|flinch\n|move|p1a: Joe's Ex-Wife|Dazzling Gleam|p2b: Heatran|[spread] p2a,p2b\n|-supereffective|p2a: Iron Hands\n|-resisted|p2b: Heatran\n|-damage|p2a: Iron Hands|61\/100\n|-damage|p2b: Heatran|96\/100\n|\n|-weather|SunnyDay|[upkeep]\n|-heal|p1b: Torkoal|90\/100|[from] Grassy Terrain\n|-heal|p2a: Iron Hands|67\/100|[from] Grassy Terrain\n|-heal|p2b: Heatran|100\/100|[from] Grassy Terrain\n|upkeep\n|turn|3\n|\n|t:|1700951614\n|switch|p1b: Typhlosion|Typhlosion-Hisui, F|100\/100\n|-item|p2a: Iron Hands|Assault Vest|[from] ability: Frisk|[of] p1b: Typhlosion|[identify]\n|-item|p2b: Heatran|Leftovers|[from] ability: Frisk|[of] p1b: Typhlosion|[identify]\n|switch|p1a: Kingambit|Kingambit, M|100\/100\n|-end|p2a: Iron Hands|Quark Drive|[silent]\n|switch|p2a: Ninetales|Ninetales-Alola, F, shiny|100\/100\n|-weather|Snow|[from] ability: Snow Warning|[of] p2a: Ninetales\n|move|p2b: Heatran|Protect||[still]\n|-fail|p2b: Heatran\n|\n|-weather|Snow|[upkeep]\n|upkeep\n|turn|4\n|c|\u2606Elite.4.Challenger|wtf\n|c|\u2606Elite.4.Challenger|how did protect fail\n|\n|t:|1700951680\n|switch|p1b: Torkoal|Torkoal, M|90\/100\n|-weather|SunnyDay|[from] ability: Drought|[of] p1b: Torkoal\n|switch|p2a: Iron Hands|Iron Hands, shiny|67\/100\n|move|p1a: Kingambit|Iron Head|p2a: Iron Hands\n|-resisted|p2a: Iron Hands\n|-damage|p2a: Iron Hands|46\/100\n|-damage|p1a: Kingambit|91\/100|[from] item: Life Orb\n|move|p2b: Heatran|Heat Wave|p1a: Kingambit|[spread] p1a\n|-miss|p2b: Heatran|p1b: Torkoal\n|-supereffective|p1a: Kingambit\n|-damage|p1a: Kingambit|4\/100\n|\n|-weather|SunnyDay|[upkeep]\n|-heal|p1b: Torkoal|96\/100|[from] Grassy Terrain\n|-heal|p1a: Kingambit|10\/100|[from] Grassy Terrain\n|-heal|p2a: Iron Hands|52\/100|[from] Grassy Terrain\n|upkeep\n|turn|5\n|\n|t:|1700951701\n|switch|p1b: Typhlosion|Typhlosion-Hisui, F|100\/100\n|-item|p2a: Iron Hands|Assault Vest|[from] ability: Frisk|[of] p1b: Typhlosion|[identify]\n|-item|p2b: Heatran|Leftovers|[from] ability: Frisk|[of] p1b: Typhlosion|[identify]\n|switch|p2b: Ninetales|Ninetales-Alola, F, shiny|100\/100\n|-weather|Snow|[from] ability: Snow Warning|[of] p2b: Ninetales\n|move|p1a: Kingambit|Protect|p1a: Kingambit\n|-singleturn|p1a: Kingambit|Protect\n|move|p2a: Iron Hands|Fake Out|p1a: Kingambit\n|-activate|p1a: Kingambit|move: Protect\n|\n|-weather|Snow|[upkeep]\n|-heal|p1a: Kingambit|16\/100|[from] Grassy Terrain\n|-heal|p2a: Iron Hands|58\/100|[from] Grassy Terrain\n|-fieldend|move: Trick Room\n|-fieldend|move: Grassy Terrain\n|upkeep\n|turn|6\n|\n|t:|1700951723\n|switch|p2b: Heatran|Heatran, M, shiny|100\/100\n|switch|p1a: Torkoal|Torkoal, M|96\/100\n|-weather|SunnyDay|[from] ability: Drought|[of] p1a: Torkoal\n|move|p1b: Typhlosion|Focus Blast|p2b: Heatran\n|-supereffective|p2b: Heatran\n|-damage|p2b: Heatran|46\/100\n|move|p2a: Iron Hands|Drain Punch|p1a: Torkoal\n|-damage|p1a: Torkoal|64\/100\n|-heal|p2a: Iron Hands|69\/100|[from] drain|[of] p1a: Torkoal\n|\n|-weather|SunnyDay|[upkeep]\n|-heal|p2b: Heatran|52\/100|[from] item: Leftovers\n|upkeep\n|turn|7\n|\n|t:|1700951763\n|switch|p2b: Landorus|Landorus-Therian, M|100\/100\n|-ability|p2b: Landorus|Intimidate|boost\n|-unboost|p1a: Torkoal|atk|1\n|-unboost|p1b: Typhlosion|atk|1\n|switch|p1a: Joe's Ex-Wife|Hatterene, F|100\/100\n|move|p1b: Typhlosion|Focus Blast|p2b: Landorus\n|-resisted|p2b: Landorus\n|-damage|p2b: Landorus|74\/100\n|move|p2a: Iron Hands|Drain Punch|p1a: Joe's Ex-Wife\n|-resisted|p1a: Joe's Ex-Wife\n|-damage|p1a: Joe's Ex-Wife|86\/100\n|-heal|p2a: Iron Hands|73\/100|[from] drain|[of] p1a: Joe's Ex-Wife\n|\n|-weather|SunnyDay|[upkeep]\n|upkeep\n|turn|8\n|\n|t:|1700951789\n|move|p1b: Typhlosion|Protect|p1b: Typhlosion\n|-singleturn|p1b: Typhlosion|Protect\n|move|p2b: Landorus|Rock Slide|p1b: Typhlosion|[spread] p1a\n|-activate|p1b: Typhlosion|move: Protect\n|-damage|p1a: Joe's Ex-Wife|59\/100\n|move|p2a: Iron Hands|Heavy Slam|p1a: Joe's Ex-Wife\n|-supereffective|p1a: Joe's Ex-Wife\n|-damage|p1a: Joe's Ex-Wife|0 fnt\n|faint|p1a: Joe's Ex-Wife\n|\n|-weather|SunnyDay|[upkeep]\n|upkeep\n|\n|t:|1700951800\n|switch|p1a: Rillaboom|Rillaboom, F|100\/100\n|-fieldstart|move: Grassy Terrain|[from] ability: Grassy Surge|[of] p1a: Rillaboom\n|turn|9\n|\n|t:|1700951829\n|move|p2b: Landorus|Rock Slide|p1b: Typhlosion|[spread] p1a\n|-miss|p2b: Landorus|p1b: Typhlosion\n|-damage|p1a: Rillaboom|81\/100\n|move|p1b: Typhlosion|Eruption|p2a: Iron Hands|[spread] p2a,p2b\n|-damage|p2a: Iron Hands|20\/100\n|-damage|p2b: Landorus|0 fnt\n|faint|p2b: Landorus\n|move|p1a: Rillaboom|Wood Hammer|p2a: Iron Hands\n|-damage|p2a: Iron Hands|0 fnt\n|faint|p2a: Iron Hands\n|-end|p2a: Iron Hands|Quark Drive|[silent]\n|-damage|p1a: Rillaboom|73\/100|[from] Recoil\n|\n|-weather|SunnyDay|[upkeep]\n|-heal|p1a: Rillaboom|79\/100|[from] Grassy Terrain\n|upkeep\n|\n|t:|1700951848\n|switch|p2b: Heatran|Heatran, M, shiny|52\/100\n|switch|p2a: Iron Bundle|Iron Bundle|100\/100\n|-enditem|p2a: Iron Bundle|Booster Energy\n|-activate|p2a: Iron Bundle|ability: Quark Drive|[fromitem]\n|-start|p2a: Iron Bundle|quarkdrivespe\n|turn|10\n|\n|t:|1700951870\n|move|p2a: Iron Bundle|Blizzard|p1b: Typhlosion|[spread] p1a,p1b\n|-supereffective|p1a: Rillaboom\n|-resisted|p1b: Typhlosion\n|-damage|p1a: Rillaboom|24\/100\n|-damage|p1b: Typhlosion|78\/100\n|move|p1b: Typhlosion|Eruption|p2a: Iron Bundle|[spread] p2a\n|-start|p2b: Heatran|ability: Flash Fire\n|-damage|p2a: Iron Bundle|0 fnt\n|faint|p2a: Iron Bundle\n|-end|p2a: Iron Bundle|Quark Drive|[silent]\n|-heal|p1b: Typhlosion|87\/100|[from] item: Shell Bell|[of] p2b: Heatran\n|move|p1a: Rillaboom|Brick Break|p2b: Heatran\n|-supereffective|p2b: Heatran\n|-damage|p2b: Heatran|10\/100\n|move|p2b: Heatran|Earth Power|p1b: Typhlosion\n|-supereffective|p1b: Typhlosion\n|-damage|p1b: Typhlosion|26\/100\n|\n|-weather|SunnyDay|[upkeep]\n|-heal|p1b: Typhlosion|32\/100|[from] Grassy Terrain\n|-heal|p1a: Rillaboom|30\/100|[from] Grassy Terrain\n|-heal|p2b: Heatran|17\/100|[from] Grassy Terrain\n|-heal|p2b: Heatran|23\/100|[from] item: Leftovers\n|upkeep\n|\n|t:|1700951891\n|switch|p2a: Ninetales|Ninetales-Alola, F, shiny|100\/100\n|-weather|Snow|[from] ability: Snow Warning|[of] p2a: Ninetales\n|turn|11\n|\n|t:|1700951903\n|switch|p1b: Torkoal|Torkoal, M|64\/100\n|-weather|SunnyDay|[from] ability: Drought|[of] p1b: Torkoal\n|move|p2b: Heatran|Protect|p2b: Heatran\n|-singleturn|p2b: Heatran|Protect\n|move|p2a: Ninetales|Blizzard|p1b: Torkoal|[spread] \n|-miss|p2a: Ninetales|p1a: Rillaboom\n|-miss|p2a: Ninetales|p1b: Torkoal\n|move|p1a: Rillaboom|Brick Break|p2b: Heatran\n|-activate|p2b: Heatran|move: Protect\n|\n|-weather|SunnyDay|[upkeep]\n|-heal|p1a: Rillaboom|37\/100|[from] Grassy Terrain\n|-heal|p2b: Heatran|29\/100|[from] Grassy Terrain\n|-heal|p2b: Heatran|35\/100|[from] item: Leftovers\n|-heal|p1b: Torkoal|70\/100|[from] Grassy Terrain\n|upkeep\n|turn|12\n|\n|t:|1700951922\n|switch|p1b: Hoopa|Hoopa-Unbound|100\/100\n|-enditem|p1b: Hoopa|Grassy Seed\n|-boost|p1b: Hoopa|def|1|[from] item: Grassy Seed\n|move|p2a: Ninetales|Moonblast|p1a: Rillaboom\n|-damage|p1a: Rillaboom|11\/100\n|move|p1a: Rillaboom|Brick Break|p2b: Heatran\n|-supereffective|p2b: Heatran\n|-damage|p2b: Heatran|0 fnt\n|faint|p2b: Heatran\n|\n|-weather|SunnyDay|[upkeep]\n|-heal|p1a: Rillaboom|18\/100|[from] Grassy Terrain\n|upkeep\n|\n|t:|1700951933\n|switch|p2b: Sinistcha|Sinistcha-Masterpiece|100\/100\n|turn|13\n|\n|t:|1700951964\n|-terastallize|p1b: Hoopa|Fire\n|move|p2a: Ninetales|Blizzard|p1b: Hoopa|[spread] p1a,p1b\n|-supereffective|p1a: Rillaboom\n|-resisted|p1b: Hoopa\n|-damage|p1a: Rillaboom|0 fnt\n|-damage|p1b: Hoopa|88\/100\n|faint|p1a: Rillaboom\n|move|p2b: Sinistcha|Calm Mind|p2b: Sinistcha\n|-boost|p2b: Sinistcha|spa|1\n|-boost|p2b: Sinistcha|spd|1\n|move|p1b: Hoopa|Hyperspace Fury|p2b: Sinistcha\n|-supereffective|p2b: Sinistcha\n|-enditem|p2b: Sinistcha|Focus Sash\n|-damage|p2b: Sinistcha|1\/100\n|-unboost|p1b: Hoopa|def|1\n|\n|-weather|SunnyDay|[upkeep]\n|-heal|p2b: Sinistcha|7\/100|[from] Grassy Terrain\n|-heal|p1b: Hoopa|95\/100|[from] Grassy Terrain\n|-fieldend|move: Grassy Terrain\n|upkeep\n|\n|t:|1700951984\n|switch|p1a: Typhlosion|Typhlosion-Hisui, F|32\/100\n|-item|p2a: Ninetales|Light Clay|[from] ability: Frisk|[of] p1a: Typhlosion|[identify]\n|turn|14\n|\n|t:|1700952011\n|move|p2a: Ninetales|Blizzard|p1a: Typhlosion|[spread] p1b\n|-miss|p2a: Ninetales|p1a: Typhlosion\n|-resisted|p1b: Hoopa\n|-crit|p1b: Hoopa\n|-damage|p1b: Hoopa|74\/100\n|move|p1a: Typhlosion|Focus Blast|p2a: Ninetales|[miss]\n|-miss|p1a: Typhlosion|p2a: Ninetales\n|move|p2b: Sinistcha|Shadow Ball|p1b: Hoopa\n|-damage|p1b: Hoopa|22\/100\n|-unboost|p1b: Hoopa|spd|1\n|move|p1b: Hoopa|Hyperspace Fury|p2b: Sinistcha\n|-supereffective|p2b: Sinistcha\n|-damage|p2b: Sinistcha|0 fnt\n|-unboost|p1b: Hoopa|def|1\n|faint|p2b: Sinistcha\n|\n|-weather|SunnyDay|[upkeep]\n|upkeep\n|turn|15\n|\n|t:|1700952036\n|move|p2a: Ninetales|Blizzard|p1a: Typhlosion|[spread] p1b\n|-miss|p2a: Ninetales|p1a: Typhlosion\n|-resisted|p1b: Hoopa\n|-damage|p1b: Hoopa|4\/100\n|move|p1a: Typhlosion|Focus Blast|p2a: Ninetales\n|-damage|p2a: Ninetales|52\/100\n|-heal|p1a: Typhlosion|37\/100|[from] item: Shell Bell|[of] p2a: Ninetales\n|move|p1b: Hoopa|Trick Room|p1b: Hoopa\n|-fieldstart|move: Trick Room|[of] p1b: Hoopa\n|\n|-weather|SunnyDay|[upkeep]\n|upkeep\n|turn|16\n|-message|F-KOJI forfeited.\n|\n|win|Elite.4.Challenger\n|raw|Elite.4.Challenger's rating: 1330 &rarr; <strong>1350<\/strong><br \/>(+20 for winning)\n|raw|F-KOJI's rating: 1322 &rarr; <strong>1302<\/strong><br \/>(-20 for losing)\n|l|\u2606F-KOJI\n","uploadtime":1700952370,"views":8,"p1id":"elite4challenger","p2id":"fkoji","formatid":"gen9doublesou","rating":1302,"private":0,"password":""}