{"id":"gen9doublesou-1987627075","p1":"natural233","p2":"Schuey_007","format":"[Gen 9] Doubles OU","log":"|j|\u2606natural233\n|j|\u2606Schuey_007\n|t:|1699621341\n|gametype|doubles\n|player|p1|natural233|cynthia-gen4|1153\n|player|p2|Schuey_007|benga|1117\n|teamsize|p1|6\n|teamsize|p2|6\n|gen|9\n|tier|[Gen 9] Doubles OU\n|rated|\n|rule|Species Clause: Limit one of each Pok\u00e9mon\n|rule|OHKO Clause: OHKO moves are banned\n|rule|Evasion Moves Clause: Evasion moves are banned\n|rule|Gravity Sleep Clause: The combination of sleep-inducing moves with imperfect accuracy and Gravity or Gigantamax Orbeetle are banned\n|rule|Endless Battle Clause: Forcing endless battles is banned\n|rule|HP Percentage Mod: HP is shown in percentages\n|clearpoke\n|poke|p1|Amoonguss, F|\n|poke|p1|Chi-Yu|\n|poke|p1|Flutter Mane|\n|poke|p1|Dragonite, F|\n|poke|p1|Iron Hands|\n|poke|p1|Bisharp, F|\n|poke|p2|Garganacl, M|\n|poke|p2|Amoonguss, F|\n|poke|p2|Chien-Pao|\n|poke|p2|Dragonite, M|\n|poke|p2|Sinistcha|\n|poke|p2|Ursaluna-Bloodmoon, M|\n|teampreview\n|\n|t:|1699621353\n|start\n|switch|p1a: Amoonguss|Amoonguss, F|100\/100\n|switch|p1b: Chi-Yu|Chi-Yu|100\/100\n|switch|p2a: Garganacl|Garganacl, M|100\/100\n|switch|p2b: Amoonguss|Amoonguss, F|100\/100\n|-ability|p1b: Chi-Yu|Beads of Ruin\n|turn|1\n|\n|t:|1699621371\n|-terastallize|p2b: Amoonguss|Water\n|move|p1a: Amoonguss|Rage Powder|p1a: Amoonguss\n|-singleturn|p1a: Amoonguss|move: Rage Powder\n|move|p1b: Chi-Yu|Heat Wave|p2b: Amoonguss|[spread] p2a\n|-miss|p1b: Chi-Yu|p2b: Amoonguss\n|-resisted|p2a: Garganacl\n|-damage|p2a: Garganacl|84\/100\n|move|p2a: Garganacl|Salt Cure|p1a: Amoonguss\n|-damage|p1a: Amoonguss|85\/100\n|-start|p1a: Amoonguss|Salt Cure\n|move|p2b: Amoonguss|Toxic|p1a: Amoonguss\n|-immune|p1a: Amoonguss\n|\n|-heal|p2a: Garganacl|90\/100|[from] item: Leftovers\n|-heal|p1a: Amoonguss|91\/100|[from] item: Leftovers\n|-damage|p1a: Amoonguss|78\/100|[from] Salt Cure\n|upkeep\n|turn|2\n|inactive|Battle timer is ON: inactive players will automatically lose when time's up. (requested by natural233)\n|\n|t:|1699621399\n|switch|p1b: Iron Hands|Iron Hands|100\/100\n|move|p2a: Garganacl|Salt Cure|p1b: Iron Hands\n|-resisted|p1b: Iron Hands\n|-damage|p1b: Iron Hands|96\/100\n|-start|p1b: Iron Hands|Salt Cure\n|move|p1a: Amoonguss|Spore|p2b: Amoonguss\n|-status|p2b: Amoonguss|slp|[from] move: Spore\n|cant|p2b: Amoonguss|slp\n|\n|-heal|p2a: Garganacl|96\/100|[from] item: Leftovers\n|-heal|p1a: Amoonguss|85\/100|[from] item: Leftovers\n|-damage|p1b: Iron Hands|83\/100|[from] Salt Cure\n|-damage|p1a: Amoonguss|72\/100|[from] Salt Cure\n|upkeep\n|turn|3\n|\n|t:|1699621414\n|move|p2a: Garganacl|Protect|p2a: Garganacl\n|-singleturn|p2a: Garganacl|Protect\n|move|p1b: Iron Hands|Volt Switch|p2b: Amoonguss\n|-supereffective|p2b: Amoonguss\n|-damage|p2b: Amoonguss|78\/100 slp\n|\n|t:|1699621425\n|-end|p1b: Iron Hands|Quark Drive|[silent]\n|switch|p1b: Chi-Yu|Chi-Yu|100\/100|[from] Volt Switch\n|-ability|p1b: Chi-Yu|Beads of Ruin\n|move|p1a: Amoonguss|Spore|p2a: Garganacl\n|-activate|p2a: Garganacl|move: Protect\n|cant|p2b: Amoonguss|slp\n|\n|-heal|p2a: Garganacl|100\/100|[from] item: Leftovers\n|-heal|p1a: Amoonguss|78\/100|[from] item: Leftovers\n|-damage|p1a: Amoonguss|66\/100|[from] Salt Cure\n|upkeep\n|turn|4\n|\n|t:|1699621436\n|move|p1a: Amoonguss|Rage Powder|p1a: Amoonguss\n|-singleturn|p1a: Amoonguss|move: Rage Powder\n|move|p1b: Chi-Yu|Nasty Plot|p1b: Chi-Yu\n|-boost|p1b: Chi-Yu|spa|2\n|move|p2a: Garganacl|Salt Cure|p1a: Amoonguss\n|-damage|p1a: Amoonguss|50\/100\n|-curestatus|p2b: Amoonguss|slp|[msg]\n|move|p2b: Amoonguss|Toxic|p1a: Amoonguss\n|-immune|p1a: Amoonguss\n|\n|-heal|p1a: Amoonguss|56\/100|[from] item: Leftovers\n|-damage|p1a: Amoonguss|44\/100|[from] Salt Cure\n|upkeep\n|turn|5\n|\n|t:|1699621449\n|move|p1b: Chi-Yu|Dark Pulse|p2a: Garganacl\n|-damage|p2a: Garganacl|24\/100\n|move|p2a: Garganacl|Salt Cure|p1b: Chi-Yu\n|-supereffective|p1b: Chi-Yu\n|-damage|p1b: Chi-Yu|55\/100\n|-start|p1b: Chi-Yu|Salt Cure\n|move|p1a: Amoonguss|Spore|p2b: Amoonguss\n|-status|p2b: Amoonguss|slp|[from] move: Spore\n|cant|p2b: Amoonguss|slp\n|\n|-heal|p2a: Garganacl|30\/100|[from] item: Leftovers\n|-heal|p1a: Amoonguss|50\/100|[from] item: Leftovers\n|-damage|p1b: Chi-Yu|43\/100|[from] Salt Cure\n|-damage|p1a: Amoonguss|37\/100|[from] Salt Cure\n|upkeep\n|turn|6\n|\n|t:|1699621467\n|move|p2a: Garganacl|Protect|p2a: Garganacl\n|-singleturn|p2a: Garganacl|Protect\n|move|p1b: Chi-Yu|Dark Pulse|p2a: Garganacl\n|-activate|p2a: Garganacl|move: Protect\n|move|p1a: Amoonguss|Pollen Puff|p1b: Chi-Yu\n|-heal|p1b: Chi-Yu|93\/100\n|cant|p2b: Amoonguss|slp\n|\n|-heal|p2a: Garganacl|36\/100|[from] item: Leftovers\n|-heal|p1a: Amoonguss|44\/100|[from] item: Leftovers\n|-damage|p1b: Chi-Yu|80\/100|[from] Salt Cure\n|-damage|p1a: Amoonguss|31\/100|[from] Salt Cure\n|upkeep\n|turn|7\n|\n|t:|1699621499\n|switch|p1a: Iron Hands|Iron Hands|83\/100\n|cant|p2b: Amoonguss|slp\n|move|p1b: Chi-Yu|Dark Pulse|p2a: Garganacl\n|-damage|p2a: Garganacl|0 fnt\n|faint|p2a: Garganacl\n|\n|-damage|p1b: Chi-Yu|68\/100|[from] Salt Cure\n|upkeep\n|inactive|Schuey_007 has 120 seconds left.\n|\n|t:|1699621519\n|switch|p2a: Chien-Pao|Chien-Pao|100\/100\n|-ability|p2a: Chien-Pao|Sword of Ruin\n|turn|8\n|\n|t:|1699621528\n|move|p1a: Iron Hands|Fake Out|p2a: Chien-Pao\n|-damage|p2a: Chien-Pao|80\/100\n|cant|p2a: Chien-Pao|flinch\n|move|p1b: Chi-Yu|Dark Pulse|p2b: Amoonguss\n|-damage|p2b: Amoonguss|0 fnt\n|faint|p2b: Amoonguss\n|\n|-damage|p1b: Chi-Yu|55\/100|[from] Salt Cure\n|upkeep\n|\n|t:|1699621534\n|switch|p2b: Ursaluna|Ursaluna-Bloodmoon, M|100\/100\n|turn|9\n|\n|t:|1699621541\n|move|p2a: Chien-Pao|Sacred Sword|p1b: Chi-Yu\n|-supereffective|p1b: Chi-Yu\n|-damage|p1b: Chi-Yu|0 fnt\n|faint|p1b: Chi-Yu\n|-damage|p2a: Chien-Pao|70\/100|[from] item: Life Orb\n|move|p2b: Ursaluna|Calm Mind|p2b: Ursaluna\n|-boost|p2b: Ursaluna|spa|1\n|-boost|p2b: Ursaluna|spd|1\n|move|p1a: Iron Hands|Close Combat|p2b: Ursaluna\n|-supereffective|p2b: Ursaluna\n|-damage|p2b: Ursaluna|0 fnt\n|-unboost|p1a: Iron Hands|def|1\n|-unboost|p1a: Iron Hands|spd|1\n|faint|p2b: Ursaluna\n|\n|upkeep\n|\n|t:|1699621557\n|switch|p1b: Amoonguss|Amoonguss, F|64\/100\n|switch|p2b: Dragonite|Dragonite, M|100\/100\n|turn|10\n|\n|t:|1699621568\n|-end|p1a: Iron Hands|Quark Drive|[silent]\n|switch|p1a: Dragonite|Dragonite, F|100\/100\n|move|p2a: Chien-Pao|Ice Spinner|p1b: Amoonguss\n|-supereffective|p1b: Amoonguss\n|-damage|p1b: Amoonguss|0 fnt\n|faint|p1b: Amoonguss\n|-damage|p2a: Chien-Pao|60\/100|[from] item: Life Orb\n|move|p2b: Dragonite|Ice Spinner|p1a: Dragonite\n|-supereffective|p1a: Dragonite\n|-damage|p1a: Dragonite|0 fnt\n|faint|p1a: Dragonite\n|\n|upkeep\n|\n|t:|1699621581\n|switch|p1a: Flutter Mane|Flutter Mane|100\/100\n|switch|p1b: Iron Hands|Iron Hands|83\/100\n|turn|11\n|\n|t:|1699621604\n|move|p1b: Iron Hands|Fake Out|p2a: Chien-Pao\n|-damage|p2a: Chien-Pao|39\/100\n|cant|p2a: Chien-Pao|flinch\n|move|p1a: Flutter Mane|Dazzling Gleam|p2a: Chien-Pao|[spread] p2a,p2b\n|-supereffective|p2a: Chien-Pao\n|-supereffective|p2b: Dragonite\n|-damage|p2a: Chien-Pao|0 fnt\n|-damage|p2b: Dragonite|35\/100\n|faint|p2a: Chien-Pao\n|move|p2b: Dragonite|Ice Spinner|p1a: Flutter Mane\n|-damage|p1a: Flutter Mane|0 fnt\n|faint|p1a: Flutter Mane\n|-end|p1a: Flutter Mane|Protosynthesis|[silent]\n|\n|upkeep\n|\n|t:|1699621615\n|switch|p1a: Bisharp|Bisharp, F|100\/100\n|switch|p2a: Sinistcha|Sinistcha|100\/100\n|turn|12\n|\n|t:|1699621629\n|move|p1a: Bisharp|Sucker Punch|p2b: Dragonite\n|-damage|p2b: Dragonite|0 fnt\n|faint|p2b: Dragonite\n|move|p2a: Sinistcha|Matcha Gotcha|p1b: Iron Hands|[spread] \n|-miss|p2a: Sinistcha|p1a: Bisharp\n|-miss|p2a: Sinistcha|p1b: Iron Hands\n|move|p1b: Iron Hands|Wild Charge|p2a: Sinistcha\n|-resisted|p2a: Sinistcha\n|-damage|p2a: Sinistcha|81\/100\n|-damage|p1b: Iron Hands|80\/100|[from] Recoil\n|\n|-heal|p2a: Sinistcha|87\/100|[from] item: Leftovers\n|upkeep\n|turn|13\n|\n|t:|1699621641\n|move|p2a: Sinistcha|Matcha Gotcha|p1b: Iron Hands|[spread] p1a,p1b\n|-resisted|p1a: Bisharp\n|-damage|p1a: Bisharp|89\/100\n|-heal|p2a: Sinistcha|93\/100|[from] drain|[of] p1a: Bisharp\n|-damage|p1b: Iron Hands|65\/100\n|-heal|p2a: Sinistcha|100\/100|[from] drain|[of] p1b: Iron Hands\n|-status|p1a: Bisharp|brn\n|move|p1a: Bisharp|Swords Dance|p1a: Bisharp\n|-boost|p1a: Bisharp|atk|2\n|move|p1b: Iron Hands|Wild Charge|p2a: Sinistcha\n|-resisted|p2a: Sinistcha\n|-damage|p2a: Sinistcha|81\/100\n|-damage|p1b: Iron Hands|62\/100|[from] Recoil\n|\n|-heal|p2a: Sinistcha|87\/100|[from] item: Leftovers\n|-damage|p1a: Bisharp|83\/100 brn|[from] brn\n|upkeep\n|turn|14\n|\n|t:|1699621662\n|move|p1a: Bisharp|Sucker Punch||[still]\n|-fail|p1a: Bisharp\n|move|p2a: Sinistcha|Strength Sap|p1a: Bisharp\n|-unboost|p1a: Bisharp|atk|1\n|-ability|p1a: Bisharp|Defiant|boost\n|-boost|p1a: Bisharp|atk|2\n|-heal|p2a: Sinistcha|100\/100\n|move|p1b: Iron Hands|Wild Charge|p2a: Sinistcha\n|-resisted|p2a: Sinistcha\n|-damage|p2a: Sinistcha|82\/100\n|-damage|p1b: Iron Hands|59\/100|[from] Recoil\n|\n|-heal|p2a: Sinistcha|88\/100|[from] item: Leftovers\n|-damage|p1a: Bisharp|77\/100 brn|[from] brn\n|upkeep\n|turn|15\n|\n|t:|1699621673\n|move|p2a: Sinistcha|Strength Sap|p1a: Bisharp\n|-unboost|p1a: Bisharp|atk|1\n|-ability|p1a: Bisharp|Defiant|boost\n|-boost|p1a: Bisharp|atk|2\n|-heal|p2a: Sinistcha|100\/100\n|move|p1a: Bisharp|Iron Head|p2a: Sinistcha\n|-damage|p2a: Sinistcha|47\/100\n|move|p1b: Iron Hands|Wild Charge|p2a: Sinistcha\n|-resisted|p2a: Sinistcha\n|-damage|p2a: Sinistcha|29\/100\n|-damage|p1b: Iron Hands|56\/100|[from] Recoil\n|\n|-heal|p2a: Sinistcha|35\/100|[from] item: Leftovers\n|-damage|p1a: Bisharp|71\/100 brn|[from] brn\n|upkeep\n|turn|16\n|\n|t:|1699621689\n|move|p2a: Sinistcha|Strength Sap|p1b: Iron Hands\n|-unboost|p1b: Iron Hands|atk|1\n|-heal|p2a: Sinistcha|100\/100\n|move|p1a: Bisharp|Iron Head|p2a: Sinistcha\n|-damage|p2a: Sinistcha|52\/100\n|move|p1b: Iron Hands|Volt Switch|p2a: Sinistcha\n|-resisted|p2a: Sinistcha\n|-damage|p2a: Sinistcha|45\/100\n|\n|-heal|p2a: Sinistcha|51\/100|[from] item: Leftovers\n|-damage|p1a: Bisharp|65\/100 brn|[from] brn\n|upkeep\n|turn|17\n|\n|t:|1699621700\n|move|p2a: Sinistcha|Strength Sap|p1b: Iron Hands\n|-unboost|p1b: Iron Hands|atk|1\n|-heal|p2a: Sinistcha|100\/100\n|move|p1a: Bisharp|Swords Dance|p1a: Bisharp\n|-boost|p1a: Bisharp|atk|2\n|move|p1b: Iron Hands|Wild Charge|p2a: Sinistcha\n|-resisted|p2a: Sinistcha\n|-damage|p2a: Sinistcha|90\/100\n|-damage|p1b: Iron Hands|54\/100|[from] Recoil\n|\n|-heal|p2a: Sinistcha|96\/100|[from] item: Leftovers\n|-damage|p1a: Bisharp|59\/100 brn|[from] brn\n|upkeep\n|turn|18\n|\n|t:|1699621709\n|move|p2a: Sinistcha|Matcha Gotcha|p1a: Bisharp|[spread] p1a,p1b\n|-resisted|p1a: Bisharp\n|-damage|p1a: Bisharp|49\/100 brn\n|-heal|p2a: Sinistcha|100\/100|[from] drain|[of] p1a: Bisharp\n|-damage|p1b: Iron Hands|40\/100\n|move|p1a: Bisharp|Iron Head|p2a: Sinistcha\n|-damage|p2a: Sinistcha|37\/100\n|move|p1b: Iron Hands|Wild Charge|p2a: Sinistcha\n|-resisted|p2a: Sinistcha\n|-crit|p2a: Sinistcha\n|-damage|p2a: Sinistcha|5\/100\n|-damage|p1b: Iron Hands|35\/100|[from] Recoil\n|\n|-heal|p2a: Sinistcha|11\/100|[from] item: Leftovers\n|-damage|p1a: Bisharp|43\/100 brn|[from] brn\n|upkeep\n|turn|19\n|\n|t:|1699621721\n|move|p1a: Bisharp|Sucker Punch||[still]\n|-fail|p1a: Bisharp\n|move|p2a: Sinistcha|Strength Sap|p1a: Bisharp\n|-unboost|p1a: Bisharp|atk|1\n|-ability|p1a: Bisharp|Defiant|boost\n|-boost|p1a: Bisharp|atk|1\n|-heal|p2a: Sinistcha|100\/100\n|move|p1b: Iron Hands|Wild Charge|p2a: Sinistcha\n|-resisted|p2a: Sinistcha\n|-damage|p2a: Sinistcha|91\/100\n|-damage|p1b: Iron Hands|33\/100|[from] Recoil\n|\n|-heal|p2a: Sinistcha|97\/100|[from] item: Leftovers\n|-damage|p1a: Bisharp|37\/100 brn|[from] brn\n|upkeep\n|turn|20\n|\n|t:|1699621735\n|move|p2a: Sinistcha|Strength Sap|p1a: Bisharp\n|-unboost|p1a: Bisharp|atk|1\n|-ability|p1a: Bisharp|Defiant|boost\n|-boost|p1a: Bisharp|atk|1\n|-heal|p2a: Sinistcha|100\/100\n|move|p1a: Bisharp|Iron Head|p2a: Sinistcha\n|-damage|p2a: Sinistcha|39\/100\n|move|p1b: Iron Hands|Wild Charge|p2a: Sinistcha\n|-resisted|p2a: Sinistcha\n|-damage|p2a: Sinistcha|29\/100\n|-damage|p1b: Iron Hands|32\/100|[from] Recoil\n|\n|-heal|p2a: Sinistcha|35\/100|[from] item: Leftovers\n|-damage|p1a: Bisharp|31\/100 brn|[from] brn\n|upkeep\n|turn|21\n|\n|t:|1699621750\n|move|p2a: Sinistcha|Strength Sap|p1a: Bisharp\n|-unboost|p1a: Bisharp|atk|1\n|-ability|p1a: Bisharp|Defiant|boost\n|-boost|p1a: Bisharp|atk|1\n|-heal|p2a: Sinistcha|100\/100\n|move|p1a: Bisharp|Iron Head|p2a: Sinistcha\n|-damage|p2a: Sinistcha|33\/100\n|move|p1b: Iron Hands|Wild Charge|p2a: Sinistcha\n|-resisted|p2a: Sinistcha\n|-damage|p2a: Sinistcha|23\/100\n|-damage|p1b: Iron Hands|30\/100|[from] Recoil\n|\n|-heal|p2a: Sinistcha|29\/100|[from] item: Leftovers\n|-damage|p1a: Bisharp|25\/100 brn|[from] brn\n|upkeep\n|turn|22\n|\n|t:|1699621765\n|move|p2a: Sinistcha|Strength Sap|p1a: Bisharp\n|-unboost|p1a: Bisharp|atk|1\n|-ability|p1a: Bisharp|Defiant|boost\n|-boost|p1a: Bisharp|atk|1\n|-heal|p2a: Sinistcha|100\/100\n|move|p1a: Bisharp|Iron Head|p2a: Sinistcha\n|-damage|p2a: Sinistcha|40\/100\n|move|p1b: Iron Hands|Wild Charge|p2a: Sinistcha\n|-resisted|p2a: Sinistcha\n|-damage|p2a: Sinistcha|30\/100\n|-damage|p1b: Iron Hands|28\/100|[from] Recoil\n|\n|-heal|p2a: Sinistcha|36\/100|[from] item: Leftovers\n|-damage|p1a: Bisharp|19\/100 brn|[from] brn\n|upkeep\n|turn|23\n|\n|t:|1699621784\n|move|p2a: Sinistcha|Strength Sap|p1a: Bisharp\n|-unboost|p1a: Bisharp|atk|1\n|-ability|p1a: Bisharp|Defiant|boost\n|-boost|p1a: Bisharp|atk|1\n|-heal|p2a: Sinistcha|100\/100\n|move|p1a: Bisharp|Stone Edge|p2a: Sinistcha\n|-damage|p2a: Sinistcha|42\/100\n|move|p1b: Iron Hands|Wild Charge|p2a: Sinistcha\n|-resisted|p2a: Sinistcha\n|-crit|p2a: Sinistcha\n|-damage|p2a: Sinistcha|11\/100\n|-damage|p1b: Iron Hands|23\/100|[from] Recoil\n|\n|-heal|p2a: Sinistcha|17\/100|[from] item: Leftovers\n|-damage|p1a: Bisharp|13\/100 brn|[from] brn\n|upkeep\n|turn|24\n|\n|t:|1699621810\n|move|p2a: Sinistcha|Strength Sap|p1a: Bisharp\n|-unboost|p1a: Bisharp|atk|1\n|-ability|p1a: Bisharp|Defiant|boost\n|-boost|p1a: Bisharp|atk|1\n|-heal|p2a: Sinistcha|100\/100\n|move|p1a: Bisharp|Stone Edge|p2a: Sinistcha|[miss]\n|-miss|p1a: Bisharp|p2a: Sinistcha\n|move|p1b: Iron Hands|Wild Charge|p2a: Sinistcha\n|-resisted|p2a: Sinistcha\n|-damage|p2a: Sinistcha|90\/100\n|-damage|p1b: Iron Hands|21\/100|[from] Recoil\n|\n|-heal|p2a: Sinistcha|96\/100|[from] item: Leftovers\n|-damage|p1a: Bisharp|7\/100 brn|[from] brn\n|upkeep\n|turn|25\n|\n|t:|1699621823\n|move|p2a: Sinistcha|Matcha Gotcha|p1a: Bisharp|[spread] p1a,p1b\n|-resisted|p1a: Bisharp\n|-damage|p1a: Bisharp|0 fnt\n|-heal|p2a: Sinistcha|99\/100|[from] drain|[of] p1a: Bisharp\n|-damage|p1b: Iron Hands|7\/100\n|-heal|p2a: Sinistcha|100\/100|[from] drain|[of] p1b: Iron Hands\n|faint|p1a: Bisharp\n|move|p1b: Iron Hands|Wild Charge|p2a: Sinistcha\n|-resisted|p2a: Sinistcha\n|-damage|p2a: Sinistcha|90\/100\n|-damage|p1b: Iron Hands|5\/100|[from] Recoil\n|\n|-heal|p2a: Sinistcha|96\/100|[from] item: Leftovers\n|upkeep\n|turn|26\n|-message|natural233 forfeited.\n|\n|win|Schuey_007\n|raw|natural233's rating: 1153 &rarr; <strong>1125<\/strong><br \/>(-28 for losing)\n|raw|Schuey_007's rating: 1117 &rarr; <strong>1145<\/strong><br \/>(+28 for winning)\n|l|\u2606natural233\n","uploadtime":1699621849,"views":15,"p1id":"natural233","p2id":"schuey007","formatid":"gen9doublesou","rating":1125,"private":0,"password":""}