{"id":"gen9doublesou-1990846154","p1":"harpyeagle98","p2":"bananaszn","format":"[Gen 9] Doubles OU","log":"|j|\u2606harpyeagle98\n|j|\u2606bananaszn\n|t:|1700006982\n|gametype|doubles\n|player|p1|harpyeagle98|iris-gen5bw2|1235\n|player|p2|bananaszn|brycen|1273\n|teamsize|p1|6\n|teamsize|p2|6\n|gen|9\n|tier|[Gen 9] Doubles OU\n|rated|\n|rule|Species Clause: Limit one of each Pok\u00e9mon\n|rule|OHKO Clause: OHKO moves are banned\n|rule|Evasion Moves Clause: Evasion moves are banned\n|rule|Gravity Sleep Clause: The combination of sleep-inducing moves with imperfect accuracy and Gravity or Gigantamax Orbeetle are banned\n|rule|Endless Battle Clause: Forcing endless battles is banned\n|rule|HP Percentage Mod: HP is shown in percentages\n|clearpoke\n|poke|p1|Farigiraf, M|\n|poke|p1|Sinistcha-Masterpiece|\n|poke|p1|Grimmsnarl, M|\n|poke|p1|Palafin, F|\n|poke|p1|Landorus-Therian, M|\n|poke|p1|Heatran, M|\n|poke|p2|Amoonguss, F|\n|poke|p2|Glimmora, M|\n|poke|p2|Heatran, F|\n|poke|p2|Tyranitar, M|\n|poke|p2|Landorus, M|\n|poke|p2|Cresselia, F|\n|teampreview\n|inactive|Battle timer is ON: inactive players will automatically lose when time's up. (requested by harpyeagle98)\n|inactive|bananaszn has 120 seconds left.\n|\n|t:|1700007027\n|start\n|switch|p1a: Landorus|Landorus-Therian, M|100\/100\n|switch|p1b: Palafin|Palafin, F, shiny|100\/100\n|switch|p2a: Trippie Redd|Tyranitar, M|100\/100\n|switch|p2b: Ball Guy|Amoonguss, F|100\/100\n|-ability|p1a: Landorus|Intimidate|boost\n|-unboost|p2a: Trippie Redd|atk|1\n|-unboost|p2b: Ball Guy|atk|1\n|-weather|Sandstorm|[from] ability: Sand Stream|[of] p2a: Trippie Redd\n|turn|1\n|\n|t:|1700007042\n|detailschange|p1b: Palafin|Palafin-Hero, F, shiny\n|switch|p1b: Grimmsnarl|Grimmsnarl, M|100\/100\n|switch|p2a: Nicki Minaj|Cresselia, F|100\/100\n|move|p1a: Landorus|Taunt|p2b: Ball Guy\n|-start|p2b: Ball Guy|move: Taunt\n|cant|p2b: Ball Guy|move: Taunt|Spore\n|\n|-weather|Sandstorm|[upkeep]\n|-damage|p1b: Grimmsnarl|94\/100|[from] Sandstorm\n|-damage|p2b: Ball Guy|94\/100|[from] Sandstorm\n|upkeep\n|turn|2\n|j| Elite.4.Challenger\n|\n|t:|1700007077\n|switch|p2b: ROOT BEER|Landorus, M|100\/100\n|move|p1a: Landorus|U-turn|p2a: Nicki Minaj\n|-supereffective|p2a: Nicki Minaj\n|-damage|p2a: Nicki Minaj|62\/100\n|c| Elite.4.Challenger|ooo sandstorm team\n|\n|t:|1700007085\n|switch|p1a: Palafin|Palafin-Hero, F, shiny|100\/100|[from] U-turn\n|-activate|p1a: Palafin|ability: Zero to Hero\n|move|p2a: Nicki Minaj|Reflect|p2a: Nicki Minaj\n|-sidestart|p2: bananaszn|Reflect\n|move|p1b: Grimmsnarl|Foul Play|p2a: Nicki Minaj\n|-supereffective|p2a: Nicki Minaj\n|-damage|p2a: Nicki Minaj|46\/100\n|\n|-weather|Sandstorm|[upkeep]\n|-damage|p1a: Palafin|94\/100|[from] Sandstorm\n|-damage|p1b: Grimmsnarl|88\/100|[from] Sandstorm\n|-heal|p1a: Palafin|100\/100|[from] item: Leftovers\n|upkeep\n|turn|3\n|c|\u2606bananaszn|cooked this one earlier today\n|c|\u2606bananaszn|its got some highlights\n|\n|t:|1700007109\n|switch|p1a: Landorus|Landorus-Therian, M|100\/100\n|-ability|p1a: Landorus|Intimidate|boost\n|-unboost|p2a: Nicki Minaj|atk|1\n|-unboost|p2b: ROOT BEER|atk|1\n|switch|p2a: Ball Guy|Amoonguss, F|100\/100\n|move|p2b: ROOT BEER|Protect|p2b: ROOT BEER\n|-singleturn|p2b: ROOT BEER|Protect\n|move|p1b: Grimmsnarl|Reflect|p1b: Grimmsnarl\n|-sidestart|p1: harpyeagle98|Reflect\n|\n|-weather|Sandstorm|[upkeep]\n|-damage|p1b: Grimmsnarl|82\/100|[from] Sandstorm\n|-damage|p2a: Ball Guy|94\/100|[from] Sandstorm\n|upkeep\n|turn|4\n|inactive|harpyeagle98 has 120 seconds left.\n|inactive|bananaszn has 120 seconds left.\n|\n|t:|1700007166\n|switch|p1b: Farigiraf|Farigiraf, M|100\/100\n|switch|p2a: Gobba Goo|Heatran, F|100\/100\n|move|p2b: ROOT BEER|Rock Slide|p1b: Farigiraf|[spread] p1a,p1b\n|-damage|p1a: Landorus|90\/100\n|-damage|p1b: Farigiraf|89\/100\n|move|p1a: Landorus|Taunt|p2a: Gobba Goo\n|-start|p2a: Gobba Goo|move: Taunt\n|\n|-weather|Sandstorm|[upkeep]\n|-damage|p1b: Farigiraf|83\/100|[from] Sandstorm\n|-heal|p1a: Landorus|95\/100|[from] item: Leftovers\n|-heal|p1b: Farigiraf|89\/100|[from] item: Leftovers\n|upkeep\n|turn|5\n|inactive|bananaszn has 90 seconds left.\n|\n|t:|1700007197\n|switch|p2a: Ball Guy|Amoonguss, F|100\/100\n|move|p2b: ROOT BEER|Crunch|p1b: Farigiraf\n|-supereffective|p1b: Farigiraf\n|-damage|p1b: Farigiraf|66\/100\n|move|p1a: Landorus|Rock Slide|p2b: ROOT BEER|[spread] p2a,p2b\n|-damage|p2a: Ball Guy|88\/100\n|-damage|p2b: ROOT BEER|82\/100\n|move|p1b: Farigiraf|Psychic|p2b: ROOT BEER\n|-damage|p2b: ROOT BEER|14\/100\n|\n|-weather|Sandstorm|[upkeep]\n|-damage|p1b: Farigiraf|60\/100|[from] Sandstorm\n|-damage|p2a: Ball Guy|82\/100|[from] Sandstorm\n|-heal|p2b: ROOT BEER|20\/100|[from] item: Leftovers\n|-heal|p1a: Landorus|100\/100|[from] item: Leftovers\n|-heal|p1b: Farigiraf|66\/100|[from] item: Leftovers\n|upkeep\n|turn|6\n|\n|t:|1700007221\n|move|p2b: ROOT BEER|Protect|p2b: ROOT BEER\n|-singleturn|p2b: ROOT BEER|Protect\n|move|p1a: Landorus|Taunt|p2a: Ball Guy\n|-start|p2a: Ball Guy|move: Taunt\n|move|p1b: Farigiraf|Hyper Voice|p2b: ROOT BEER|[spread] p2a\n|-activate|p2b: ROOT BEER|move: Protect\n|-damage|p2a: Ball Guy|52\/100\n|cant|p2a: Ball Guy|move: Taunt|Spore\n|\n|-weather|Sandstorm|[upkeep]\n|-damage|p1b: Farigiraf|60\/100|[from] Sandstorm\n|-damage|p2a: Ball Guy|46\/100|[from] Sandstorm\n|-enditem|p2a: Ball Guy|Sitrus Berry|[eat]\n|-heal|p2a: Ball Guy|71\/100|[from] item: Sitrus Berry\n|-heal|p2b: ROOT BEER|26\/100|[from] item: Leftovers\n|-heal|p1b: Farigiraf|66\/100|[from] item: Leftovers\n|-sideend|p2: bananaszn|Reflect\n|upkeep\n|turn|7\n|inactive|bananaszn has 90 seconds left.\n|inactive|bananaszn has 60 seconds left.\n|\n|t:|1700007283\n|switch|p2b: Nicki Minaj|Cresselia, F|46\/100\n|switch|p2a: Trippie Redd|Tyranitar, M|100\/100\n|move|p1a: Landorus|U-turn|p2a: Trippie Redd\n|-supereffective|p2a: Trippie Redd\n|-damage|p2a: Trippie Redd|54\/100\n|inactive|harpyeagle98 has 120 seconds left.\n|\n|t:|1700007294\n|switch|p1a: Sinistcha|Sinistcha-Masterpiece|100\/100|[from] U-turn\n|-heal|p1b: Farigiraf|91\/100|[from] ability: Hospitality|[of] p1a: Sinistcha\n|move|p1b: Farigiraf|Hyper Voice|p2b: Nicki Minaj|[spread] p2a,p2b\n|-resisted|p2a: Trippie Redd\n|-damage|p2a: Trippie Redd|47\/100\n|-damage|p2b: Nicki Minaj|28\/100\n|\n|-weather|Sandstorm|[upkeep]\n|-damage|p1a: Sinistcha|95\/100|[from] Sandstorm\n|-damage|p1b: Farigiraf|85\/100|[from] Sandstorm\n|-heal|p1a: Sinistcha|100\/100|[from] item: Leftovers\n|-heal|p1b: Farigiraf|91\/100|[from] item: Leftovers\n|upkeep\n|turn|8\n|\n|t:|1700007310\n|switch|p1b: Landorus|Landorus-Therian, M|100\/100\n|-ability|p1b: Landorus|Intimidate|boost\n|-unboost|p2a: Trippie Redd|atk|1\n|-unboost|p2b: Nicki Minaj|atk|1\n|move|p2a: Trippie Redd|Protect|p2a: Trippie Redd\n|-singleturn|p2a: Trippie Redd|Protect\n|move|p2b: Nicki Minaj|Lunar Blessing|p2b: Nicki Minaj|[spread] p2a,p2b\n|-heal|p2a: Trippie Redd|72\/100\n|-heal|p2b: Nicki Minaj|53\/100\n|move|p1a: Sinistcha|Matcha Gotcha|p2b: Nicki Minaj|[spread] p2b\n|-activate|p2a: Trippie Redd|move: Protect\n|-damage|p2b: Nicki Minaj|37\/100\n|\n|-weather|none\n|upkeep\n|turn|9\n|inactive|bananaszn has 90 seconds left.\n|\n|t:|1700007342\n|switch|p2b: Gobba Goo|Heatran, F|100\/100\n|switch|p2a: Ball Guy|Amoonguss, F|100\/100\n|move|p1b: Landorus|U-turn|p2b: Gobba Goo\n|-resisted|p2b: Gobba Goo\n|-damage|p2b: Gobba Goo|94\/100\n|\n|t:|1700007355\n|switch|p1b: Farigiraf|Farigiraf, M|91\/100|[from] U-turn\n|move|p1a: Sinistcha|Shadow Ball|p2b: Gobba Goo\n|-damage|p2b: Gobba Goo|71\/100\n|\n|-heal|p1b: Farigiraf|97\/100|[from] item: Leftovers\n|upkeep\n|turn|10\n|inactive|bananaszn has 90 seconds left.\n|\n|t:|1700007388\n|move|p1a: Sinistcha|Rage Powder|p1a: Sinistcha\n|-singleturn|p1a: Sinistcha|move: Rage Powder\n|move|p2b: Gobba Goo|Heat Wave|p1b: Farigiraf|[spread] p1a,p1b\n|-supereffective|p1a: Sinistcha\n|-damage|p1a: Sinistcha|0 fnt\n|-damage|p1b: Farigiraf|56\/100\n|faint|p1a: Sinistcha\n|move|p1b: Farigiraf|Psychic|p2a: Ball Guy\n|-supereffective|p2a: Ball Guy\n|-damage|p2a: Ball Guy|21\/100\n|-unboost|p2a: Ball Guy|spd|1\n|move|p2a: Ball Guy|Pollen Puff|p1b: Farigiraf\n|-supereffective|p1b: Farigiraf\n|-damage|p1b: Farigiraf|20\/100\n|\n|-heal|p1b: Farigiraf|26\/100|[from] item: Leftovers\n|-sideend|p1: harpyeagle98|Reflect\n|upkeep\n|inactive|harpyeagle98 has 120 seconds left.\n|\n|t:|1700007406\n|switch|p1a: Palafin|Palafin-Hero, F, shiny|100\/100\n|turn|11\n|inactive|bananaszn has 90 seconds left.\n|inactive|harpyeagle98 has 120 seconds left.\n|\n|t:|1700007440\n|switch|p2a: Trippie Redd|Tyranitar, M|72\/100\n|-weather|Sandstorm|[from] ability: Sand Stream|[of] p2a: Trippie Redd\n|-terastallize|p2b: Gobba Goo|Grass\n|move|p1a: Palafin|Wave Crash|p2b: Gobba Goo\n|-resisted|p2b: Gobba Goo\n|-damage|p2b: Gobba Goo|38\/100\n|-damage|p1a: Palafin|89\/100|[from] Recoil\n|move|p2b: Gobba Goo|Heat Wave|p1a: Palafin|[spread] p1a,p1b\n|-resisted|p1a: Palafin\n|-damage|p1a: Palafin|67\/100\n|-damage|p1b: Farigiraf|0 fnt\n|faint|p1b: Farigiraf\n|\n|-weather|Sandstorm|[upkeep]\n|-damage|p1a: Palafin|61\/100|[from] Sandstorm\n|-damage|p2b: Gobba Goo|32\/100|[from] Sandstorm\n|-heal|p1a: Palafin|67\/100|[from] item: Leftovers\n|upkeep\n|\n|t:|1700007451\n|switch|p1b: Landorus|Landorus-Therian, M|100\/100\n|-ability|p1b: Landorus|Intimidate|boost\n|-unboost|p2a: Trippie Redd|atk|1\n|-unboost|p2b: Gobba Goo|atk|1\n|turn|12\n|c|\u2606bananaszn|32 on a tera is insanity\n|inactive|bananaszn has 90 seconds left.\n|c| Elite.4.Challenger|lol\n|c|\u2606bananaszn|but yk\n|c|\u2606bananaszn|we chill\n|\n|t:|1700007491\n|switch|p2b: Ball Guy|Amoonguss, F|54\/100\n|-terastallize|p1b: Landorus|Bug\n|move|p2a: Trippie Redd|Protect|p2a: Trippie Redd\n|-singleturn|p2a: Trippie Redd|Protect\n|move|p1a: Palafin|Drain Punch|p2a: Trippie Redd\n|-activate|p2a: Trippie Redd|move: Protect\n|move|p1b: Landorus|U-turn|p2b: Ball Guy\n|-damage|p2b: Ball Guy|20\/100\n|\n|t:|1700007505\n|switch|p1b: Heatran|Heatran, M|100\/100|[from] U-turn\n|\n|-weather|Sandstorm|[upkeep]\n|-damage|p1a: Palafin|61\/100|[from] Sandstorm\n|-damage|p2b: Ball Guy|14\/100|[from] Sandstorm\n|-heal|p1a: Palafin|67\/100|[from] item: Leftovers\n|upkeep\n|turn|13\n|inactive|bananaszn has 90 seconds left.\n|c|\u2606bananaszn|tera bug just for u turn damage is inanity i wont like\n|c|\u2606bananaszn|*lie\n|inactive|bananaszn has 60 seconds left.\n|\n|t:|1700007549\n|switch|p1b: Landorus|Landorus-Therian, M, tera:Bug|100\/100\n|-ability|p1b: Landorus|Intimidate|boost\n|-unboost|p2a: Trippie Redd|atk|1\n|-unboost|p2b: Ball Guy|atk|1\n|switch|p2a: Nicki Minaj|Cresselia, F|37\/100\n|switch|p2b: Gobba Goo|Heatran, F, tera:Grass|32\/100\n|move|p1a: Palafin|Wave Crash|p2a: Nicki Minaj\n|-damage|p2a: Nicki Minaj|0 fnt\n|faint|p2a: Nicki Minaj\n|-damage|p1a: Palafin|52\/100|[from] Recoil\n|\n|-weather|Sandstorm|[upkeep]\n|-damage|p1a: Palafin|45\/100|[from] Sandstorm\n|-damage|p1b: Landorus|95\/100|[from] Sandstorm\n|-damage|p2b: Gobba Goo|26\/100|[from] Sandstorm\n|-heal|p1a: Palafin|52\/100|[from] item: Leftovers\n|-heal|p1b: Landorus|100\/100|[from] item: Leftovers\n|upkeep\n|c| Elite.4.Challenger|you're not wrong\n|inactive|bananaszn has 60 seconds left.\n|c| Elite.4.Challenger|there are definitely better ones\n|c|\u2606bananaszn|yea like steel\n|c| Elite.4.Challenger|but damage is damage\n|c|\u2606bananaszn|which is what i run\n|c|\u2606bananaszn|yea residual is very nice\n|inactive|bananaszn has 30 seconds left.\n|\n|t:|1700007585\n|switch|p2a: Ball Guy|Amoonguss, F|47\/100\n|turn|14\n|inactive|bananaszn has 30 seconds left.\n|inactive|bananaszn has 20 seconds left.\n|inactive|bananaszn has 15 seconds left.\n|inactive|bananaszn has 10 seconds left.\n|\n|t:|1700007633\n|switch|p2b: Oran Berry|Glimmora, M|100\/100\n|move|p1a: Palafin|Tera Blast|p2a: Ball Guy\n|-damage|p2a: Ball Guy|32\/100\n|move|p1b: Landorus|U-turn|p2a: Ball Guy\n|-damage|p2a: Ball Guy|0 fnt\n|faint|p2a: Ball Guy\n|inactive|bananaszn has 15 seconds left this turn.\n|inactive|harpyeagle98 has 120 seconds left.\n|\n|t:|1700007653\n|switch|p1b: Grimmsnarl|Grimmsnarl, M|82\/100|[from] U-turn\n|\n|-weather|Sandstorm|[upkeep]\n|-damage|p1a: Palafin|45\/100|[from] Sandstorm\n|-damage|p1b: Grimmsnarl|76\/100|[from] Sandstorm\n|-heal|p1a: Palafin|52\/100|[from] item: Leftovers\n|upkeep\n|inactive|bananaszn has 20 seconds left this turn.\n|inactive|bananaszn has 15 seconds left.\n|inactive|bananaszn has 10 seconds left.\n|\n|t:|1700007665\n|switch|p2a: Gobba Goo|Heatran, F, tera:Grass|26\/100\n|turn|15\n|c| Elite.4.Challenger|save the game after you are done. i gtg\n|inactive|bananaszn has 30 seconds left.\n|c|\u2606bananaszn|alright\n|l| Elite.4.Challenger\n|\n|t:|1700007677\n|move|p1b: Grimmsnarl|Light Screen|p1b: Grimmsnarl\n|-sidestart|p1: harpyeagle98|move: Light Screen\n|move|p1a: Palafin|Wave Crash|p2b: Oran Berry\n|-supereffective|p2b: Oran Berry\n|-enditem|p2b: Oran Berry|Focus Sash\n|-damage|p2b: Oran Berry|1\/100\n|-activate|p2b: Oran Berry|ability: Toxic Debris\n|-sidestart|p1: harpyeagle98|move: Toxic Spikes\n|-damage|p1a: Palafin|16\/100|[from] Recoil\n|move|p2b: Oran Berry|Mortal Spin|p1a: Palafin|[spread] p1a,p1b\n|-supereffective|p1b: Grimmsnarl\n|-damage|p1a: Palafin|11\/100\n|-damage|p1b: Grimmsnarl|65\/100\n|-status|p1a: Palafin|psn\n|-status|p1b: Grimmsnarl|psn\n|move|p2a: Gobba Goo|Tera Blast|p1a: Palafin|[anim] Tera Blast Grass\n|-supereffective|p1a: Palafin\n|-damage|p1a: Palafin|0 fnt\n|faint|p1a: Palafin\n|\n|-weather|Sandstorm|[upkeep]\n|-damage|p2a: Gobba Goo|20\/100|[from] Sandstorm\n|-damage|p1b: Grimmsnarl|59\/100 psn|[from] Sandstorm\n|-damage|p1b: Grimmsnarl|46\/100 psn|[from] psn\n|upkeep\n|inactive|bananaszn has 30 seconds left this turn.\n|inactive|harpyeagle98 has 120 seconds left.\n|\n|t:|1700007698\n|switch|p1a: Heatran|Heatran, M|100\/100\n|turn|16\n|inactive|harpyeagle98 has 120 seconds left.\n|\n|t:|1700007723\n|switch|p1a: Landorus|Landorus-Therian, M, tera:Bug|100\/100\n|-status|p1a: Landorus|psn\n|-ability|p1a: Landorus|Intimidate|boost\n|-unboost|p2a: Gobba Goo|atk|1\n|-unboost|p2b: Oran Berry|atk|1\n|move|p2b: Oran Berry|Spiky Shield|p2b: Oran Berry\n|-singleturn|p2b: Oran Berry|move: Protect\n|move|p1b: Grimmsnarl|Reflect|p1b: Grimmsnarl\n|-sidestart|p1: harpyeagle98|Reflect\n|move|p2a: Gobba Goo|Flash Cannon|p1b: Grimmsnarl\n|-supereffective|p1b: Grimmsnarl\n|-damage|p1b: Grimmsnarl|0 fnt\n|faint|p1b: Grimmsnarl\n|\n|-weather|Sandstorm|[upkeep]\n|-damage|p1a: Landorus|95\/100 psn|[from] Sandstorm\n|-damage|p2a: Gobba Goo|13\/100|[from] Sandstorm\n|-heal|p1a: Landorus|100\/100 psn|[from] item: Leftovers\n|-damage|p1a: Landorus|88\/100 psn|[from] psn\n|upkeep\n|inactive|harpyeagle98 has 120 seconds left.\n|\n|t:|1700007742\n|switch|p1b: Heatran|Heatran, M|100\/100\n|turn|17\n|inactive|bananaszn has 60 seconds left.\n|\n|t:|1700007762\n|switch|p2a: ROOT BEER|Landorus, M|26\/100\n|move|p1b: Heatran|Dragon Pulse|p2a: ROOT BEER\n|-damage|p2a: ROOT BEER|0 fnt\n|faint|p2a: ROOT BEER\n|move|p2b: Oran Berry|Sludge Bomb|p1a: Landorus\n|-damage|p1a: Landorus|53\/100 psn\n|move|p1a: Landorus|Rock Slide|p2b: Oran Berry\n|-damage|p2b: Oran Berry|0 fnt\n|-activate|p2b: Oran Berry|ability: Toxic Debris\n|-sidestart|p1: harpyeagle98|move: Toxic Spikes\n|faint|p2b: Oran Berry\n|\n|-weather|Sandstorm|[upkeep]\n|-damage|p1a: Landorus|47\/100 psn|[from] Sandstorm\n|-heal|p1a: Landorus|53\/100 psn|[from] item: Leftovers\n|-damage|p1a: Landorus|41\/100 psn|[from] psn\n|upkeep\n|inactive|bananaszn has 60 seconds left.\n|\n|t:|1700007783\n|switch|p2a: Trippie Redd|Tyranitar, M|72\/100\n|switch|p2b: Gobba Goo|Heatran, F, tera:Grass|13\/100\n|turn|18\n|inactive|bananaszn has 60 seconds left.\n|\n|t:|1700007806\n|move|p1b: Heatran|Dragon Pulse|p2b: Gobba Goo\n|-damage|p2b: Gobba Goo|0 fnt\n|faint|p2b: Gobba Goo\n|move|p1a: Landorus|Stomping Tantrum|p2a: Trippie Redd\n|-supereffective|p2a: Trippie Redd\n|-damage|p2a: Trippie Redd|0 fnt\n|faint|p2a: Trippie Redd\n|\n|win|harpyeagle98\n|raw|harpyeagle98's rating: 1235 &rarr; <strong>1263<\/strong><br \/>(+28 for winning)\n|raw|bananaszn's rating: 1273 &rarr; <strong>1245<\/strong><br \/>(-28 for losing)\n","uploadtime":1700007814,"views":13,"p1id":"harpyeagle98","p2id":"bananaszn","formatid":"gen9doublesou","rating":1245,"private":0,"password":""}