{"id":"gen9doublesou-1999289239","p1":"tamename","p2":"Elin Baecil","format":"[Gen 9] Doubles OU","log":"|j|\u2606tamename\n|j|\u2606Elin Baecil\n|t:|1701055584\n|gametype|doubles\n|player|p1|tamename|2|1617\n|player|p2|Elin Baecil|leon-masters|1553\n|teamsize|p1|6\n|teamsize|p2|6\n|gen|9\n|tier|[Gen 9] Doubles OU\n|rated|\n|rule|Species Clause: Limit one of each Pok\u00e9mon\n|rule|OHKO Clause: OHKO moves are banned\n|rule|Evasion Moves Clause: Evasion moves are banned\n|rule|Gravity Sleep Clause: The combination of sleep-inducing moves with imperfect accuracy and Gravity or Gigantamax Orbeetle are banned\n|rule|Endless Battle Clause: Forcing endless battles is banned\n|rule|HP Percentage Mod: HP is shown in percentages\n|clearpoke\n|poke|p1|Sableye, F|\n|poke|p1|Arcanine, M|\n|poke|p1|Kingambit, F|\n|poke|p1|Amoonguss, F|\n|poke|p1|Ursaluna-Bloodmoon, M|\n|poke|p1|Farigiraf, M|\n|poke|p2|Armarouge, F|\n|poke|p2|Iron Bundle|\n|poke|p2|Indeedee-F, F|\n|poke|p2|Cetitan, M|\n|poke|p2|Ninetales-Alola, M|\n|poke|p2|Ogerpon-Wellspring, F|\n|teampreview\n|\n|t:|1701055641\n|start\n|switch|p1a: Arcanine|Arcanine, M|100\/100\n|switch|p1b: Amoonguss|Amoonguss, F|100\/100\n|switch|p2a: Armarouge|Armarouge, F|100\/100\n|switch|p2b: Iron Bundle|Iron Bundle|100\/100\n|-ability|p1a: Arcanine|Intimidate|boost\n|-unboost|p2a: Armarouge|atk|1\n|-unboost|p2b: Iron Bundle|atk|1\n|-enditem|p2b: Iron Bundle|Booster Energy\n|-activate|p2b: Iron Bundle|ability: Quark Drive|[fromitem]\n|-start|p2b: Iron Bundle|quarkdrivespe\n|turn|1\n|\n|t:|1701055685\n|-terastallize|p1a: Arcanine|Water\n|move|p1b: Amoonguss|Protect|p1b: Amoonguss\n|-singleturn|p1b: Amoonguss|Protect\n|move|p2b: Iron Bundle|Flip Turn|p2a: Armarouge\n|-supereffective|p2a: Armarouge\n|-damage|p2a: Armarouge|77\/100\n|-ability|p2a: Armarouge|Weak Armor|boost\n|-unboost|p2a: Armarouge|def|1\n|-boost|p2a: Armarouge|spe|2\n|-enditem|p2a: Armarouge|Weakness Policy\n|-boost|p2a: Armarouge|atk|2|[from] item: Weakness Policy\n|-boost|p2a: Armarouge|spa|2|[from] item: Weakness Policy\n|\n|t:|1701055690\n|-end|p2b: Iron Bundle|Quark Drive|[silent]\n|switch|p2b: Indeedee|Indeedee-F, F|100\/100|[from] Flip Turn\n|-fieldstart|move: Psychic Terrain|[from] ability: Psychic Surge|[of] p2b: Indeedee\n|move|p2a: Armarouge|Expanding Force|p1a: Arcanine|[spread] p1a\n|-activate|p1b: Amoonguss|move: Protect\n|-damage|p1a: Arcanine|4\/100\n|move|p1a: Arcanine|Snarl|p2b: Indeedee|[spread] p2a,p2b\n|-supereffective|p2a: Armarouge\n|-supereffective|p2b: Indeedee\n|-damage|p2a: Armarouge|52\/100\n|-damage|p2b: Indeedee|81\/100\n|-unboost|p2a: Armarouge|spa|1\n|-unboost|p2b: Indeedee|spa|1\n|\n|upkeep\n|turn|2\n|\n|t:|1701055702\n|switch|p1a: Kingambit|Kingambit, F|100\/100\n|switch|p1b: Sableye|Sableye, F, shiny|100\/100\n|move|p2b: Indeedee|Helping Hand|p2a: Armarouge\n|-singleturn|p2a: Armarouge|Helping Hand|[of] p2b: Indeedee\n|move|p2a: Armarouge|Expanding Force|p1b: Sableye|[spread] \n|-immune|p1a: Kingambit\n|-immune|p1b: Sableye\n|\n|upkeep\n|turn|3\n|\n|t:|1701055710\n|move|p1a: Kingambit|Protect|p1a: Kingambit\n|-singleturn|p1a: Kingambit|Protect\n|move|p2b: Indeedee|Follow Me|p2b: Indeedee\n|-singleturn|p2b: Indeedee|move: Follow Me\n|move|p2a: Armarouge|Heat Wave|p1a: Kingambit|[spread] p1b\n|-activate|p1a: Kingambit|move: Protect\n|-damage|p1b: Sableye|47\/100\n|-enditem|p1b: Sableye|Sitrus Berry|[eat]\n|-heal|p1b: Sableye|72\/100|[from] item: Sitrus Berry\n|move|p1b: Sableye|Foul Play|p2b: Indeedee\n|-supereffective|p2b: Indeedee\n|-crit|p2b: Indeedee\n|-damage|p2b: Indeedee|19\/100\n|-damage|p1b: Sableye|55\/100|[from] item: Rocky Helmet|[of] p2b: Indeedee\n|\n|upkeep\n|turn|4\n|l|\u2606tamename\n|player|p1|\n|inactive|Battle timer is ON: inactive players will automatically lose when time's up. (requested by Elin Baecil)\n|j|\u2606tamename\n|inactive|tamename reconnected and has 125 seconds left.\n|player|p1|tamename|2\n|inactive|tamename has 120 seconds left.\n|\n|t:|1701055835\n|switch|p1a: Arcanine|Arcanine, M, tera:Water|4\/100\n|-ability|p1a: Arcanine|Intimidate|boost\n|-unboost|p2a: Armarouge|atk|1\n|-unboost|p2b: Indeedee|atk|1\n|move|p2b: Indeedee|Helping Hand|p2a: Armarouge\n|-singleturn|p2a: Armarouge|Helping Hand|[of] p2b: Indeedee\n|move|p2a: Armarouge|Heat Wave|p1a: Arcanine|[spread] p1a,p1b\n|-resisted|p1a: Arcanine\n|-damage|p1a: Arcanine|0 fnt\n|-damage|p1b: Sableye|0 fnt\n|faint|p1a: Arcanine\n|faint|p1b: Sableye\n|\n|upkeep\n|\n|t:|1701055846\n|switch|p1a: Farigiraf|Farigiraf, M, shiny|100\/100\n|switch|p1b: Kingambit|Kingambit, F|100\/100\n|turn|5\n|inactive|Elin Baecil has 120 seconds left.\n|\n|t:|1701055883\n|move|p1b: Kingambit|Protect|p1b: Kingambit\n|-singleturn|p1b: Kingambit|Protect\n|move|p2a: Armarouge|Heat Wave|p1a: Farigiraf|[spread] p1a\n|-activate|p1b: Kingambit|move: Protect\n|-damage|p1a: Farigiraf|50\/100\n|-enditem|p1a: Farigiraf|Sitrus Berry|[eat]\n|-heal|p1a: Farigiraf|75\/100|[from] item: Sitrus Berry\n|move|p2b: Indeedee|Trick Room|p2b: Indeedee\n|-fieldstart|move: Trick Room|[of] p2b: Indeedee\n|move|p1a: Farigiraf|Trick Room|p1a: Farigiraf\n|-fieldend|move: Trick Room\n|\n|-fieldend|move: Psychic Terrain\n|upkeep\n|turn|6\n|inactive|Elin Baecil has 120 seconds left.\n|\n|t:|1701055914\n|switch|p1b: Ursaluna|Ursaluna-Bloodmoon, M|100\/100\n|move|p2b: Indeedee|Follow Me|p2b: Indeedee\n|-singleturn|p2b: Indeedee|move: Follow Me\n|move|p2a: Armarouge|Heat Wave|p1b: Ursaluna|[spread] p1a,p1b\n|-crit|p1b: Ursaluna\n|-damage|p1a: Farigiraf|27\/100\n|-damage|p1b: Ursaluna|44\/100\n|move|p1a: Farigiraf|Trick Room|p1a: Farigiraf\n|-fieldstart|move: Trick Room|[of] p1a: Farigiraf\n|\n|upkeep\n|turn|7\n|\n|t:|1701055932\n|move|p2a: Armarouge|Wide Guard|p2a: Armarouge\n|-singleturn|p2a: Armarouge|Wide Guard\n|move|p1b: Ursaluna|Hyper Voice|p2a: Armarouge|[spread] \n|-activate|p2a: Armarouge|move: Wide Guard\n|-activate|p2b: Indeedee|move: Wide Guard\n|move|p1a: Farigiraf|Hyper Voice|p2a: Armarouge|[spread] \n|-activate|p2a: Armarouge|move: Wide Guard\n|-activate|p2b: Indeedee|move: Wide Guard\n|move|p2b: Indeedee|Trick Room|p2b: Indeedee\n|-fieldend|move: Trick Room\n|\n|upkeep\n|turn|8\n|-message|tamename forfeited.\n|\n|win|Elin Baecil\n|raw|tamename's rating: 1617 &rarr; <strong>1593<\/strong><br \/>(-24 for losing)\n|raw|Elin Baecil's rating: 1553 &rarr; <strong>1577<\/strong><br \/>(+24 for winning)\n|l|\u2606tamename\n|l|\u2606Elin Baecil\n","uploadtime":1701055977,"views":10,"p1id":"tamename","p2id":"elinbaecil","formatid":"gen9doublesou","rating":1577,"private":0,"password":""}