{"id":"gen9doublesou-1987812283","p1":"mackerslol","p2":"Nesugosu","format":"[Gen 9] Doubles OU","log":"|j|\u2606mackerslol\n|j|\u2606Nesugosu\n|t:|1699639120\n|gametype|doubles\n|player|p1|mackerslol|iris|1035\n|player|p2|Nesugosu|pokemonbreeder-gen4|1135\n|teamsize|p1|6\n|teamsize|p2|6\n|gen|9\n|tier|[Gen 9] Doubles OU\n|rated|\n|rule|Species Clause: Limit one of each Pok\u00e9mon\n|rule|OHKO Clause: OHKO moves are banned\n|rule|Evasion Moves Clause: Evasion moves are banned\n|rule|Gravity Sleep Clause: The combination of sleep-inducing moves with imperfect accuracy and Gravity or Gigantamax Orbeetle are banned\n|rule|Endless Battle Clause: Forcing endless battles is banned\n|rule|HP Percentage Mod: HP is shown in percentages\n|clearpoke\n|poke|p1|Dondozo, M|\n|poke|p1|Garganacl, F|\n|poke|p1|Rillaboom, M|\n|poke|p1|Sneasler, M|\n|poke|p1|Farigiraf, F|\n|poke|p1|Copperajah, M|\n|poke|p2|Zoroark-Hisui, M|\n|poke|p2|Chi-Yu|\n|poke|p2|Sandy Shocks|\n|poke|p2|Sinistcha-Masterpiece|\n|poke|p2|Staraptor, M|\n|poke|p2|Cinderace, F|\n|teampreview\n|inactive|Battle timer is ON: inactive players will automatically lose when time's up. (requested by Nesugosu)\n|\n|t:|1699639154\n|start\n|switch|p1a: Farigiraf|Farigiraf, F|100\/100\n|switch|p1b: Garganacl|Garganacl, F|100\/100\n|switch|p2a: Sinistcha|Sinistcha-Masterpiece|100\/100\n|switch|p2b: Chi-Yu|Chi-Yu|100\/100\n|-ability|p2b: Chi-Yu|Beads of Ruin\n|turn|1\n|inactive|mackerslol has 120 seconds left.\n|\n|t:|1699639187\n|move|p2a: Sinistcha|Hyper Voice|p1a: Farigiraf|[spread] p1a,p1b\n|-resisted|p1b: Garganacl\n|-damage|p1a: Farigiraf|57\/100\n|-damage|p1b: Garganacl|67\/100\n|move|p2b: Chi-Yu|Heat Wave|p1b: Garganacl|[spread] p1a,p1b\n|-resisted|p1b: Garganacl\n|-damage|p1a: Farigiraf|19\/100\n|-damage|p1b: Garganacl|44\/100\n|move|p1b: Garganacl|Body Press|p2b: Chi-Yu\n|-supereffective|p2b: Chi-Yu\n|-damage|p2b: Chi-Yu|7\/100\n|move|p1a: Farigiraf|Trick Room|p1a: Farigiraf\n|-fieldstart|move: Trick Room|[of] p1a: Farigiraf\n|\n|-heal|p1b: Garganacl|50\/100|[from] item: Leftovers\n|-heal|p1a: Farigiraf|25\/100|[from] item: Leftovers\n|-heal|p2b: Chi-Yu|13\/100|[from] item: Leftovers\n|upkeep\n|turn|2\n|inactive|mackerslol has 120 seconds left.\n|\n|t:|1699639234\n|-terastallize|p1b: Garganacl|Ghost\n|move|p2b: Chi-Yu|Protect|p2b: Chi-Yu\n|-singleturn|p2b: Chi-Yu|Protect\n|move|p1b: Garganacl|Tera Blast|p2a: Sinistcha|[anim] Tera Blast Ghost\n|-immune|p2a: Sinistcha\n|move|p1a: Farigiraf|Shadow Ball|p2b: Chi-Yu\n|-activate|p2b: Chi-Yu|move: Protect\n|move|p2a: Sinistcha|Hyper Voice|p1a: Farigiraf|[spread] p1a\n|-immune|p1b: Garganacl\n|-damage|p1a: Farigiraf|0 fnt\n|faint|p1a: Farigiraf\n|\n|-heal|p1b: Garganacl|56\/100|[from] item: Leftovers\n|-heal|p2b: Chi-Yu|19\/100|[from] item: Leftovers\n|upkeep\n|c|\u2606mackerslol|pressed wrong move\n|c|\u2606mackerslol|D:\n|inactive|mackerslol has 90 seconds left.\n|\n|t:|1699639254\n|switch|p1a: Copperajah|Copperajah, M|100\/100\n|turn|3\n|\n|t:|1699639264\n|switch|p2a: Sinistcha|Sinistcha-Masterpiece|100\/100\n|-heal|p2b: Chi-Yu|44\/100|[from] ability: Hospitality|[of] p2a: Sinistcha\n|move|p1b: Garganacl|Recover|p1b: Garganacl\n|-heal|p1b: Garganacl|100\/100\n|move|p1a: Copperajah|Stealth Rock|p2a: Sinistcha\n|-sidestart|p2: Nesugosu|move: Stealth Rock\n|move|p2b: Chi-Yu|Heat Wave|p1a: Copperajah|[spread] p1a\n|-miss|p2b: Chi-Yu|p1b: Garganacl\n|-supereffective|p1a: Copperajah\n|-damage|p1a: Copperajah|31\/100\n|-status|p1a: Copperajah|brn\n|\n|-heal|p1a: Copperajah|37\/100 brn|[from] item: Leftovers\n|-heal|p2b: Chi-Yu|50\/100|[from] item: Leftovers\n|-damage|p1a: Copperajah|31\/100 brn|[from] brn\n|upkeep\n|turn|4\n|inactive|mackerslol has 120 seconds left.\n|inactive|Nesugosu has 120 seconds left.\n|\n|t:|1699639295\n|move|p2b: Chi-Yu|Protect|p2b: Chi-Yu\n|-singleturn|p2b: Chi-Yu|Protect\n|move|p1b: Garganacl|Body Press|p2b: Chi-Yu\n|-activate|p2b: Chi-Yu|move: Protect\n|move|p1a: Copperajah|Earthquake|p2b: Chi-Yu|[spread] p1b,p2a\n|-activate|p2b: Chi-Yu|move: Protect\n|-resisted|p2a: Sinistcha\n|-damage|p1b: Garganacl|95\/100\n|-damage|p2a: Sinistcha|97\/100\n|move|p2a: Sinistcha|Matcha Gotcha|p1a: Copperajah|[spread] p1a,p1b\n|-resisted|p1a: Copperajah\n|-damage|p1a: Copperajah|19\/100 brn\n|-heal|p2a: Sinistcha|100\/100|[from] drain|[of] p1a: Copperajah\n|-damage|p1b: Garganacl|67\/100\n|\n|-heal|p1b: Garganacl|74\/100|[from] item: Leftovers\n|-heal|p1a: Copperajah|25\/100 brn|[from] item: Leftovers\n|-heal|p2b: Chi-Yu|56\/100|[from] item: Leftovers\n|-damage|p1a: Copperajah|19\/100 brn|[from] brn\n|upkeep\n|turn|5\n|inactive|mackerslol has 120 seconds left.\n|inactive|Nesugosu has 120 seconds left.\n|\n|t:|1699639332\n|switch|p2b: Staraptor|Staraptor, M|100\/100\n|-damage|p2b: Staraptor|76\/100|[from] Stealth Rock\n|-ability|p2b: Staraptor|Intimidate|boost\n|-unboost|p1a: Copperajah|atk|1\n|-unboost|p1b: Garganacl|atk|1\n|move|p2a: Sinistcha|Protect|p2a: Sinistcha\n|-singleturn|p2a: Sinistcha|Protect\n|move|p1b: Garganacl|Body Press|p2b: Staraptor\n|-damage|p2b: Staraptor|34\/100\n|move|p1a: Copperajah|Heavy Slam|p2a: Sinistcha\n|-activate|p2a: Sinistcha|move: Protect\n|\n|-heal|p1b: Garganacl|80\/100|[from] item: Leftovers\n|-heal|p1a: Copperajah|25\/100 brn|[from] item: Leftovers\n|-damage|p1a: Copperajah|19\/100 brn|[from] brn\n|-fieldend|move: Trick Room\n|upkeep\n|turn|6\n|inactive|mackerslol has 120 seconds left.\n|inactive|Nesugosu has 120 seconds left.\n|\n|t:|1699639360\n|move|p1a: Copperajah|Protect|p1a: Copperajah\n|-singleturn|p1a: Copperajah|Protect\n|move|p2b: Staraptor|U-turn|p1b: Garganacl\n|-resisted|p1b: Garganacl\n|-damage|p1b: Garganacl|74\/100\n|\n|t:|1699639372\n|switch|p2b: Staraptor|Staraptor, M|100\/100|[from] U-turn\n|-damage|p2b: Staraptor|88\/100|[from] Stealth Rock\n|move|p2a: Sinistcha|Matcha Gotcha|p1b: Garganacl|[spread] p1b\n|-activate|p1a: Copperajah|move: Protect\n|-damage|p1b: Garganacl|51\/100\n|move|p1b: Garganacl|Iron Defense|p1b: Garganacl\n|-boost|p1b: Garganacl|def|2\n|\n|-heal|p1a: Copperajah|25\/100 brn|[from] item: Leftovers\n|-heal|p1b: Garganacl|57\/100|[from] item: Leftovers\n|-damage|p1a: Copperajah|19\/100 brn|[from] brn\n|upkeep\n|turn|7\n|inactive|Nesugosu has 120 seconds left.\n|\n|t:|1699639390\n|switch|p1a: Rillaboom|Rillaboom, M|100\/100\n|-fieldstart|move: Grassy Terrain|[from] ability: Grassy Surge|[of] p1a: Rillaboom\n|move|p2b: Staraptor|Shadow Ball|p1b: Garganacl\n|-supereffective|p1b: Garganacl\n|-damage|p1b: Garganacl|3\/100\n|move|p2a: Sinistcha|Hex|p1a: Rillaboom\n|-damage|p1a: Rillaboom|64\/100\n|-enditem|p1a: Rillaboom|Eject Button\n|\n|t:|1699639401\n|switch|p1a: Sneasler|Sneasler, M|100\/100\n|-enditem|p1a: Sneasler|Grassy Seed\n|-boost|p1a: Sneasler|def|1|[from] item: Grassy Seed\n|move|p1b: Garganacl|Recover|p1b: Garganacl\n|-heal|p1b: Garganacl|53\/100\n|\n|-heal|p2b: Staraptor|94\/100|[from] Grassy Terrain\n|-heal|p1b: Garganacl|60\/100|[from] Grassy Terrain\n|-heal|p1b: Garganacl|66\/100|[from] item: Leftovers\n|upkeep\n|turn|8\n|inactive|mackerslol has 120 seconds left.\n|\n|t:|1699639433\n|move|p1a: Sneasler|Swords Dance|p1a: Sneasler\n|-boost|p1a: Sneasler|atk|2\n|move|p2b: Staraptor|Shadow Ball|p1b: Garganacl\n|-supereffective|p1b: Garganacl\n|-damage|p1b: Garganacl|14\/100\n|move|p2a: Sinistcha|Scald|p1a: Sneasler\n|-damage|p1a: Sneasler|75\/100\n|-status|p1a: Sneasler|brn\n|move|p1b: Garganacl|Iron Defense|p1b: Garganacl\n|-boost|p1b: Garganacl|def|2\n|\n|-heal|p1a: Sneasler|81\/100 brn|[from] Grassy Terrain\n|-heal|p2b: Staraptor|99\/100|[from] Grassy Terrain\n|-heal|p1b: Garganacl|20\/100|[from] Grassy Terrain\n|-heal|p1b: Garganacl|26\/100|[from] item: Leftovers\n|-damage|p1a: Sneasler|75\/100 brn|[from] brn\n|upkeep\n|turn|9\n|\n|t:|1699639457\n|switch|p2b: Staraptor|Staraptor, M|34\/100\n|-damage|p2b: Staraptor|9\/100|[from] Stealth Rock\n|-ability|p2b: Staraptor|Intimidate|boost\n|-unboost|p1a: Sneasler|atk|1\n|-unboost|p1b: Garganacl|atk|1\n|move|p1a: Sneasler|Rock Slide|p2b: Staraptor|[spread] p2a,p2b\n|-supereffective|p2b: Staraptor\n|-damage|p2a: Sinistcha|90\/100\n|-damage|p2b: Staraptor|0 fnt\n|faint|p2b: Staraptor\n|cant|p2a: Sinistcha|flinch\n|move|p1b: Garganacl|Recover|p1b: Garganacl\n|-heal|p1b: Garganacl|76\/100\n|\n|-heal|p1a: Sneasler|81\/100 brn|[from] Grassy Terrain\n|-heal|p2a: Sinistcha|96\/100|[from] Grassy Terrain\n|-heal|p2a: Sinistcha|100\/100|[from] item: Leftovers\n|-heal|p1b: Garganacl|82\/100|[from] Grassy Terrain\n|-heal|p1b: Garganacl|89\/100|[from] item: Leftovers\n|-damage|p1a: Sneasler|75\/100 brn|[from] brn\n|upkeep\n|inactive|Nesugosu has 120 seconds left.\n|\n|t:|1699639484\n|switch|p2b: Sandy Shocks|Sandy Shocks|100\/100\n|turn|10\n|\n|t:|1699639504\n|move|p1a: Sneasler|Dire Claw|p2a: Sinistcha\n|-damage|p2a: Sinistcha|77\/100\n|move|p2b: Sandy Shocks|Earth Power|p1a: Sneasler\n|-supereffective|p1a: Sneasler\n|-damage|p1a: Sneasler|0 fnt\n|faint|p1a: Sneasler\n|move|p2a: Sinistcha|Matcha Gotcha|p1b: Garganacl\n|-damage|p1b: Garganacl|46\/100\n|-heal|p2a: Sinistcha|100\/100|[from] drain|[of] p1b: Garganacl\n|move|p1b: Garganacl|Iron Defense|p1b: Garganacl\n|-boost|p1b: Garganacl|def|2\n|\n|-heal|p1b: Garganacl|52\/100|[from] Grassy Terrain\n|-heal|p1b: Garganacl|59\/100|[from] item: Leftovers\n|upkeep\n|inactive|mackerslol has 120 seconds left.\n|\n|t:|1699639524\n|switch|p1a: Copperajah|Copperajah, M|19\/100 brn\n|turn|11\n|\n|t:|1699639539\n|move|p2b: Sandy Shocks|Volt Switch|p1b: Garganacl\n|-damage|p1b: Garganacl|26\/100\n|\n|t:|1699639547\n|-end|p2b: Sandy Shocks|Protosynthesis|[silent]\n|switch|p2b: Chi-Yu|Chi-Yu|56\/100|[from] Volt Switch\n|-damage|p2b: Chi-Yu|31\/100|[from] Stealth Rock\n|-ability|p2b: Chi-Yu|Beads of Ruin\n|move|p2a: Sinistcha|Matcha Gotcha|p1a: Copperajah|[spread] p1a\n|-miss|p2a: Sinistcha|p1b: Garganacl\n|-resisted|p1a: Copperajah\n|-crit|p1a: Copperajah\n|-damage|p1a: Copperajah|0 fnt\n|faint|p1a: Copperajah\n|move|p1b: Garganacl|Recover|p1b: Garganacl\n|-heal|p1b: Garganacl|76\/100\n|\n|-heal|p2b: Chi-Yu|37\/100|[from] Grassy Terrain\n|-heal|p2b: Chi-Yu|43\/100|[from] item: Leftovers\n|-heal|p1b: Garganacl|83\/100|[from] Grassy Terrain\n|-heal|p1b: Garganacl|89\/100|[from] item: Leftovers\n|-fieldend|move: Grassy Terrain\n|upkeep\n|\n|t:|1699639563\n|switch|p1a: Dondozo|Dondozo, M|100\/100\n|turn|12\n|\n|t:|1699639587\n|move|p2b: Chi-Yu|Dark Pulse|p1a: Dondozo\n|-damage|p1a: Dondozo|48\/100\n|move|p2a: Sinistcha|Matcha Gotcha|p1b: Garganacl|[spread] p1a,p1b\n|-supereffective|p1a: Dondozo\n|-damage|p1a: Dondozo|0 fnt\n|-damage|p1b: Garganacl|58\/100\n|faint|p1a: Dondozo\n|move|p1b: Garganacl|Body Press|p2b: Chi-Yu\n|-supereffective|p2b: Chi-Yu\n|-damage|p2b: Chi-Yu|0 fnt\n|faint|p2b: Chi-Yu\n|\n|-heal|p1b: Garganacl|64\/100|[from] item: Leftovers\n|upkeep\n|\n|t:|1699639601\n|switch|p2b: Cinderace|Cinderace, F|100\/100\n|switch|p1a: Rillaboom|Rillaboom, M|64\/100\n|-fieldstart|move: Grassy Terrain|[from] ability: Grassy Surge|[of] p1a: Rillaboom\n|turn|13\n|\n|t:|1699639626\n|move|p2b: Cinderace|Pyro Ball|p1a: Rillaboom\n|-supereffective|p1a: Rillaboom\n|-damage|p1a: Rillaboom|0 fnt\n|faint|p1a: Rillaboom\n|move|p2a: Sinistcha|Scald|p1b: Garganacl\n|-damage|p1b: Garganacl|44\/100\n|move|p1b: Garganacl|Tera Blast|p2b: Cinderace|[anim] Tera Blast Ghost\n|-damage|p2b: Cinderace|79\/100\n|\n|-heal|p2b: Cinderace|85\/100|[from] Grassy Terrain\n|-heal|p1b: Garganacl|50\/100|[from] Grassy Terrain\n|-heal|p1b: Garganacl|56\/100|[from] item: Leftovers\n|upkeep\n|turn|14\n|c|\u2606mackerslol|thought it was zoroark\n|c|\u2606mackerslol|coulda fakeout\n|\n|t:|1699639647\n|move|p2b: Cinderace|U-turn|p1b: Garganacl\n|-start|p2b: Cinderace|typechange|Bug|[from] ability: Libero\n|-resisted|p1b: Garganacl\n|-damage|p1b: Garganacl|54\/100\n|\n|t:|1699639652\n|switch|p2b: Cinderace|Cinderace, F|99\/100|[from] U-turn\n|-damage|p2b: Cinderace|88\/100|[from] Stealth Rock\n|move|p2a: Sinistcha|Matcha Gotcha|p1b: Garganacl\n|-damage|p1b: Garganacl|15\/100\n|move|p1b: Garganacl|Recover|p1b: Garganacl\n|-heal|p1b: Garganacl|65\/100\n|\n|-heal|p2b: Cinderace|94\/100|[from] Grassy Terrain\n|-heal|p1b: Garganacl|71\/100|[from] Grassy Terrain\n|-heal|p1b: Garganacl|77\/100|[from] item: Leftovers\n|upkeep\n|turn|15\n|\n|t:|1699639669\n|move|p2b: Cinderace|Shadow Ball|p1b: Garganacl\n|-supereffective|p1b: Garganacl\n|-damage|p1b: Garganacl|25\/100\n|move|p2a: Sinistcha|Matcha Gotcha|p1b: Garganacl\n|-damage|p1b: Garganacl|0 fnt\n|faint|p1b: Garganacl\n|\n|win|Nesugosu\n|raw|mackerslol's rating: 1035 &rarr; <strong>1024<\/strong><br \/>(-11 for losing)\n|raw|Nesugosu's rating: 1135 &rarr; <strong>1153<\/strong><br \/>(+18 for winning)\n|c|\u2606mackerslol|gg\n|l|\u2606mackerslol\n|c|\u2606Nesugosu|Gg\n","uploadtime":1699639697,"views":7,"p1id":"mackerslol","p2id":"nesugosu","formatid":"gen9doublesou","rating":1024,"private":0,"password":""}