{"id":"gen9doublesou-1983856512","p1":"qsns","p2":"Memoriies","format":"[Gen 9] Doubles OU","log":"|j|\u2606qsns\n|j|\u2606Memoriies\n|t:|1699192425\n|gametype|doubles\n|player|p1|qsns|#bssplviiidavesdragonairs|\n|player|p2|Memoriies|acetrainerf-gen4dp|\n|teamsize|p1|6\n|teamsize|p2|6\n|gen|9\n|tier|[Gen 9] Doubles OU\n|rule|Species Clause: Limit one of each Pok\u00e9mon\n|rule|OHKO Clause: OHKO moves are banned\n|rule|Evasion Moves Clause: Evasion moves are banned\n|rule|Gravity Sleep Clause: The combination of sleep-inducing moves with imperfect accuracy and Gravity or Gigantamax Orbeetle are banned\n|rule|Endless Battle Clause: Forcing endless battles is banned\n|rule|HP Percentage Mod: HP is shown in percentages\n|clearpoke\n|poke|p1|Iron Bundle|\n|poke|p1|Flutter Mane|\n|poke|p1|Ogerpon-Hearthflame, F|\n|poke|p1|Rillaboom, M|\n|poke|p1|Landorus-Therian, M|\n|poke|p1|Iron Hands|\n|poke|p2|Torkoal, M|\n|poke|p2|Lilligant-Hisui, F|\n|poke|p2|Flutter Mane|\n|poke|p2|Indeedee-F, F|\n|poke|p2|Ursaluna, F|\n|poke|p2|Armarouge, F|\n|teampreview\n|inactive|Battle timer is ON: inactive players will automatically lose when time's up. (requested by qsns)\n|c|\u2606qsns|hf\n|c|\u2606Memoriies|u2\n|inactive|qsns has 270 seconds left.\n|inactive|Memoriies has 270 seconds left.\n|inactive|qsns has 240 seconds left.\n|\n|t:|1699192493\n|start\n|switch|p1a: Ogerpon|Ogerpon-Hearthflame, F|100\/100\n|switch|p1b: Iron Hands|Iron Hands|100\/100\n|switch|p2a: Indeedee|Indeedee-F, F|100\/100\n|switch|p2b: Armarouge|Armarouge, F|100\/100\n|-ability|p1a: Ogerpon|Mold Breaker\n|-fieldstart|move: Psychic Terrain|[from] ability: Psychic Surge|[of] p2a: Indeedee\n|turn|1\n|inactive|Memoriies has 270 seconds left.\n|inactive|Memoriies has 240 seconds left.\n|\n|t:|1699192568\n|-end|p1b: Iron Hands|Quark Drive|[silent]\n|switch|p1b: Rillaboom|Rillaboom, M|100\/100\n|-fieldstart|move: Grassy Terrain|[from] ability: Grassy Surge|[of] p1b: Rillaboom\n|-terastallize|p1a: Ogerpon|Fire\n|detailschange|p1a: Ogerpon|Ogerpon-Hearthflame-Tera, F, tera:Fire\n|-ability|p1a: Ogerpon|Embody Aspect (Hearthflame)|boost\n|-boost|p1a: Ogerpon|atk|1\n|move|p1a: Ogerpon|Ivy Cudgel|p2a: Indeedee\n|-damage|p2a: Indeedee|0 fnt\n|faint|p2a: Indeedee\n|move|p2b: Armarouge|Trick Room|p2b: Armarouge\n|-fieldstart|move: Trick Room|[of] p2b: Armarouge\n|\n|upkeep\n|j| Iceberg77\n|j| Seroo\n|inactive|Memoriies has 210 seconds left.\n|\n|t:|1699192593\n|switch|p2a: Torkoal|Torkoal, M, shiny|100\/100\n|-weather|SunnyDay|[from] ability: Drought|[of] p2a: Torkoal\n|turn|2\n|l| Seroo\n|j| Seroo\n|j| Toxinalpaca\n|\n|t:|1699192616\n|-terastallize|p2a: Torkoal|Fire\n|move|p1b: Rillaboom|Fake Out|p2a: Torkoal\n|-damage|p2a: Torkoal|90\/100\n|cant|p2a: Torkoal|flinch\n|move|p2b: Armarouge|Armor Cannon|p1a: Ogerpon\n|-resisted|p1a: Ogerpon\n|-damage|p1a: Ogerpon|31\/100\n|-unboost|p2b: Armarouge|def|1\n|-unboost|p2b: Armarouge|spd|1\n|-damage|p2b: Armarouge|91\/100|[from] item: Life Orb\n|move|p1a: Ogerpon|Ivy Cudgel|p2a: Torkoal\n|-resisted|p2a: Torkoal\n|-crit|p2a: Torkoal\n|-damage|p2a: Torkoal|1\/100\n|\n|-weather|SunnyDay|[upkeep]\n|-heal|p2a: Torkoal|7\/100|[from] Grassy Terrain\n|-heal|p2b: Armarouge|97\/100|[from] Grassy Terrain\n|-heal|p1a: Ogerpon|38\/100|[from] Grassy Terrain\n|upkeep\n|turn|3\n|inactive|Memoriies has 240 seconds left.\n|c| Toxinalpaca|Nice avatar qsns\n|c|\u2606qsns|ty :)\n|inactive|qsns has 270 seconds left.\n|inactive|qsns has 240 seconds left.\n|\n|t:|1699192681\n|switch|p1a: Iron Hands|Iron Hands|100\/100\n|move|p2a: Torkoal|Protect|p2a: Torkoal\n|-singleturn|p2a: Torkoal|Protect\n|move|p1b: Rillaboom|Grassy Glide|p2a: Torkoal\n|-activate|p2a: Torkoal|move: Protect\n|move|p2b: Armarouge|Armor Cannon|p1b: Rillaboom\n|-supereffective|p1b: Rillaboom\n|-damage|p1b: Rillaboom|0 fnt\n|-unboost|p2b: Armarouge|def|1\n|-unboost|p2b: Armarouge|spd|1\n|faint|p1b: Rillaboom\n|-damage|p2b: Armarouge|87\/100|[from] item: Life Orb\n|\n|-weather|SunnyDay|[upkeep]\n|-heal|p2a: Torkoal|13\/100|[from] Grassy Terrain\n|-heal|p2b: Armarouge|93\/100|[from] Grassy Terrain\n|upkeep\n|inactive|qsns has 240 seconds left.\n|\n|t:|1699192690\n|switch|p1b: Landorus|Landorus-Therian, M|100\/100\n|-ability|p1b: Landorus|Intimidate|boost\n|-unboost|p2a: Torkoal|atk|1\n|-unboost|p2b: Armarouge|atk|1\n|turn|4\n|inactive|qsns has 240 seconds left.\n|\n|t:|1699192720\n|move|p1a: Iron Hands|Fake Out|p2b: Armarouge\n|-damage|p2b: Armarouge|64\/100\n|move|p2a: Torkoal|Heat Wave|p1a: Iron Hands|[spread] p1a,p1b\n|-damage|p1a: Iron Hands|63\/100\n|-damage|p1b: Landorus|33\/100\n|-enditem|p1b: Landorus|Sitrus Berry|[eat]\n|-heal|p1b: Landorus|58\/100|[from] item: Sitrus Berry\n|cant|p2b: Armarouge|flinch\n|move|p1b: Landorus|Stomping Tantrum|p2b: Armarouge\n|-supereffective|p2b: Armarouge\n|-damage|p2b: Armarouge|0 fnt\n|faint|p2b: Armarouge\n|\n|-weather|SunnyDay|[upkeep]\n|-heal|p2a: Torkoal|19\/100|[from] Grassy Terrain\n|-heal|p1a: Iron Hands|69\/100|[from] Grassy Terrain\n|upkeep\n|j| Jello1231\n|j|+Arcticblast\n|\n|t:|1699192734\n|switch|p2b: Ursaluna|Ursaluna, F|100\/100\n|turn|5\n|j|+zoe\n|j| Ninja\n|j| theyummybagel\n|l| theyummybagel\n|inactive|qsns has 240 seconds left.\n|\n|t:|1699192769\n|move|p2a: Torkoal|Heat Wave|p1a: Iron Hands|[spread] p1a,p1b\n|-damage|p1a: Iron Hands|29\/100\n|-damage|p1b: Landorus|0 fnt\n|faint|p1b: Landorus\n|move|p2b: Ursaluna|Headlong Rush|p1a: Iron Hands\n|-supereffective|p1a: Iron Hands\n|-damage|p1a: Iron Hands|0 fnt\n|-unboost|p2b: Ursaluna|def|1\n|-unboost|p2b: Ursaluna|spd|1\n|faint|p1a: Iron Hands\n|-end|p1a: Iron Hands|Quark Drive|[silent]\n|\n|-weather|SunnyDay|[upkeep]\n|-heal|p2a: Torkoal|25\/100|[from] Grassy Terrain\n|-fieldend|move: Trick Room\n|-fieldend|move: Grassy Terrain\n|-status|p2b: Ursaluna|brn|[from] item: Flame Orb\n|upkeep\n|j| Nido-Rus\n|j| theyummybagel\n|j| Peter Pan GC\n|\n|t:|1699192791\n|switch|p1b: Ogerpon|Ogerpon-Hearthflame-Tera, F, tera:Fire|38\/100\n|switch|p1a: Flutter Mane|Flutter Mane|100\/100\n|-activate|p1a: Flutter Mane|ability: Protosynthesis\n|-start|p1a: Flutter Mane|protosynthesisspa\n|-ability|p1b: Ogerpon|Embody Aspect (Hearthflame)|boost\n|-boost|p1b: Ogerpon|atk|1\n|turn|6\n|j| ina fable.\n|j| glimmeraqua\n|inactive|Memoriies has 270 seconds left.\n|inactive|qsns has 210 seconds left.\n|j| insane goob\n|\n|t:|1699192843\n|switch|p2a: Flutter Mane|Flutter Mane|100\/100\n|-activate|p2a: Flutter Mane|ability: Protosynthesis\n|-start|p2a: Flutter Mane|protosynthesisspe\n|move|p1a: Flutter Mane|Dazzling Gleam|p2a: Flutter Mane|[spread] p2a,p2b\n|-damage|p2a: Flutter Mane|45\/100\n|-damage|p2b: Ursaluna|23\/100 brn\n|move|p1b: Ogerpon|Horn Leech|p2a: Flutter Mane\n|-damage|p2a: Flutter Mane|0 fnt\n|-heal|p1b: Ogerpon|56\/100|[from] drain|[of] p2a: Flutter Mane\n|faint|p2a: Flutter Mane\n|-end|p2a: Flutter Mane|Protosynthesis|[silent]\n|move|p2b: Ursaluna|Headlong Rush|p1a: Flutter Mane\n|-damage|p1a: Flutter Mane|0 fnt\n|-unboost|p2b: Ursaluna|def|1\n|-unboost|p2b: Ursaluna|spd|1\n|faint|p1a: Flutter Mane\n|-end|p1a: Flutter Mane|Protosynthesis|[silent]\n|\n|-weather|none\n|-damage|p2b: Ursaluna|17\/100 brn|[from] brn\n|upkeep\n|inactive|Memoriies has 270 seconds left.\n|j| scpSeptember\n|n| seroo|seroo\n|inactive|Memoriies has 240 seconds left.\n|\n|t:|1699192878\n|switch|p2a: Torkoal|Torkoal, M, shiny, tera:Fire|25\/100\n|switch|p1a: Iron Bundle|Iron Bundle|100\/100\n|-weather|SunnyDay|[from] ability: Drought|[of] p2a: Torkoal\n|-enditem|p1a: Iron Bundle|Booster Energy\n|-activate|p1a: Iron Bundle|ability: Quark Drive|[fromitem]\n|-start|p1a: Iron Bundle|quarkdrivespe\n|turn|7\n|inactive|qsns has 240 seconds left.\n|l| ina fable.\n|j| RelicanthPrimal<><\n|l| scpSeptember\n|\n|t:|1699192910\n|move|p2a: Torkoal|Protect|p2a: Torkoal\n|-singleturn|p2a: Torkoal|Protect\n|move|p1a: Iron Bundle|Icy Wind|p2a: Torkoal|[spread] p2b\n|-activate|p2a: Torkoal|move: Protect\n|-supereffective|p2b: Ursaluna\n|-damage|p2b: Ursaluna|0 fnt\n|faint|p2b: Ursaluna\n|move|p1b: Ogerpon|Horn Leech|p2a: Torkoal\n|-activate|p2a: Torkoal|move: Protect\n|\n|-weather|SunnyDay|[upkeep]\n|upkeep\n|l| insane goob\n|\n|t:|1699192919\n|switch|p2b: Lilligant|Lilligant-Hisui, F, shiny|100\/100\n|turn|8\n|inactive|qsns has 240 seconds left.\n|\n|t:|1699192935\n|move|p1a: Iron Bundle|Protect|p1a: Iron Bundle\n|-singleturn|p1a: Iron Bundle|Protect\n|move|p1b: Ogerpon|Spiky Shield|p1b: Ogerpon\n|-singleturn|p1b: Ogerpon|move: Protect\n|move|p2b: Lilligant|After You|p2a: Torkoal\n|-activate|p2a: Torkoal|move: After You\n|move|p2a: Torkoal|Heat Wave|p1b: Ogerpon|[spread] \n|-activate|p1a: Iron Bundle|move: Protect\n|-activate|p1b: Ogerpon|move: Protect\n|\n|-weather|SunnyDay|[upkeep]\n|upkeep\n|turn|9\n|j| insane goob\n|l| Peter Pan GC\n|\n|t:|1699192959\n|move|p2b: Lilligant|After You|p2a: Torkoal\n|-activate|p2a: Torkoal|move: After You\n|move|p2a: Torkoal|Heat Wave|p1a: Iron Bundle|[spread] p1a,p1b\n|-resisted|p1b: Ogerpon\n|-damage|p1a: Iron Bundle|0 fnt\n|-damage|p1b: Ogerpon|17\/100\n|faint|p1a: Iron Bundle\n|-end|p1a: Iron Bundle|Quark Drive|[silent]\n|move|p1b: Ogerpon|Horn Leech|p2a: Torkoal\n|-resisted|p2a: Torkoal\n|-damage|p2a: Torkoal|1\/100\n|-heal|p1b: Ogerpon|30\/100|[from] drain|[of] p2a: Torkoal\n|\n|-weather|SunnyDay|[upkeep]\n|upkeep\n|turn|10\n|c|\u2606qsns|gg\n|\n|t:|1699192969\n|move|p2b: Lilligant|Close Combat|p1b: Ogerpon\n|-damage|p1b: Ogerpon|0 fnt\n|-unboost|p2b: Lilligant|def|1\n|-unboost|p2b: Lilligant|spd|1\n|faint|p1b: Ogerpon\n|\n|win|Memoriies\n|j| ina fable.\n|l|+Arcticblast\n|l| insane goob\n|j|+Yoda2798\n|l| theyummybagel\n|j| scpSeptember\n|l| Iceberg77\n|l| ina fable.\n|c|\u2606Memoriies|ggs\n|l| Nido-Rus\n|l|\u2606qsns\n|l| seroo\n|l| Ninja\n|l|+zoe\n|j| ratpacker\n|l|\u2606Memoriies\n|l|+Yoda2798\n|j| Raf\n|l| scpSeptember\n|j|\u2606Memoriies\n|player|p2|Memoriies|acetrainerf-gen4dp\n|l|\u2606Memoriies\n|player|p2|\n|l| Toxinalpaca\n|l| Raf\n|j| scpSeptember\n|j| Heerv\n|l| scpSeptember\n|j| tyo\n|l| tyo\n|l| ratpacker\n|l| Heerv\n|l| RelicanthPrimal<><\n|l| Jello1231\n|j| Xrn\n","uploadtime":1699192977,"views":199,"p1id":"qsns","p2id":"memoriies","formatid":"gen9doublesou","rating":0,"private":0,"password":""}