{"id":"gen9doublesou-1991663008","p1":"bananaszn","p2":"GSTERS","format":"[Gen 9] Doubles OU","log":"|j|\u2606bananaszn\n|j|\u2606GSTERS\n|t:|1700099899\n|gametype|doubles\n|player|p1|bananaszn|brycen|1325\n|player|p2|GSTERS|clair|1413\n|teamsize|p1|6\n|teamsize|p2|6\n|gen|9\n|tier|[Gen 9] Doubles OU\n|rated|\n|rule|Species Clause: Limit one of each Pok\u00e9mon\n|rule|OHKO Clause: OHKO moves are banned\n|rule|Evasion Moves Clause: Evasion moves are banned\n|rule|Gravity Sleep Clause: The combination of sleep-inducing moves with imperfect accuracy and Gravity or Gigantamax Orbeetle are banned\n|rule|Endless Battle Clause: Forcing endless battles is banned\n|rule|HP Percentage Mod: HP is shown in percentages\n|clearpoke\n|poke|p1|Grimmsnarl, M|\n|poke|p1|Hatterene, F|\n|poke|p1|Iron Hands|\n|poke|p1|Kingambit, M|\n|poke|p1|Sinistcha-Masterpiece|\n|poke|p1|Heatran, M|\n|poke|p2|Skeledirge, M|\n|poke|p2|Arboliva, F|\n|poke|p2|Farigiraf, M|\n|poke|p2|Empoleon, M|\n|poke|p2|Ribombee, F|\n|poke|p2|Landorus-Therian, M|\n|teampreview\n|inactive|Battle timer is ON: inactive players will automatically lose when time's up. (requested by bananaszn)\n|j| Elite.4.Challenger\n|inactive|bananaszn has 120 seconds left.\n|\n|t:|1700099957\n|start\n|switch|p1a: Joe's Ex-Wife|Hatterene, F|100\/100\n|switch|p1b: Gollum|Grimmsnarl, M|100\/100\n|switch|p2a: Farigiraf|Farigiraf, M|100\/100\n|switch|p2b: Ribombee|Ribombee, F|100\/100\n|turn|1\n|inactive|bananaszn has 120 seconds left.\n|inactive|bananaszn has 90 seconds left.\n|\n|t:|1700100029\n|move|p1a: Joe's Ex-Wife|Protect|p1a: Joe's Ex-Wife\n|-singleturn|p1a: Joe's Ex-Wife|Protect\n|move|p1b: Gollum|Parting Shot||[still]\n|cant|p2a: Farigiraf|ability: Armor Tail|Parting Shot|[of] p1b: Gollum\n|move|p2b: Ribombee|Switcheroo|p1b: Gollum\n|-activate|p2b: Ribombee|move: Trick|[of] p1b: Gollum\n|-item|p1b: Gollum|Choice Scarf|[from] move: Switcheroo\n|-item|p2b: Ribombee|Light Clay|[from] move: Switcheroo\n|move|p2a: Farigiraf|Reflect|p2a: Farigiraf\n|-sidestart|p2: GSTERS|Reflect\n|\n|upkeep\n|turn|2\n|inactive|bananaszn has 90 seconds left.\n|c| Elite.4.Challenger|i do that all the time\n|c|\u2606GSTERS|wha\n|c| Elite.4.Challenger|farigiraf is so good\n|\n|t:|1700100064\n|switch|p1b: Soju|Sinistcha-Masterpiece|100\/100\n|switch|p2a: Landorus|Landorus-Therian, M|100\/100\n|-ability|p2a: Landorus|Intimidate|boost\n|-unboost|p1a: Joe's Ex-Wife|atk|1\n|-unboost|p1b: Soju|atk|1\n|move|p2b: Ribombee|Light Screen|p2b: Ribombee\n|-sidestart|p2: GSTERS|move: Light Screen\n|move|p1a: Joe's Ex-Wife|Trick Room|p1a: Joe's Ex-Wife\n|-fieldstart|move: Trick Room|[of] p1a: Joe's Ex-Wife\n|\n|upkeep\n|turn|3\n|c| Elite.4.Challenger|priority moves when farigiraf is out\n|c|\u2606GSTERS|oh like u forget\n|c| Elite.4.Challenger|yeah\n|\n|t:|1700100081\n|switch|p2b: Empoleon|Empoleon, M|100\/100\n|move|p1a: Joe's Ex-Wife|Dazzling Gleam|p2b: Empoleon|[spread] p2a,p2b\n|-resisted|p2b: Empoleon\n|-damage|p2a: Landorus|76\/100\n|-damage|p2b: Empoleon|90\/100\n|move|p1b: Soju|Matcha Gotcha|p2a: Landorus|[spread] p2a,p2b\n|-damage|p2a: Landorus|52\/100\n|-damage|p2b: Empoleon|72\/100\n|move|p2a: Landorus|Stealth Rock|p1b: Soju\n|move|p1a: Joe's Ex-Wife|Stealth Rock|p2a: Landorus|[from]ability: Magic Bounce\n|-sidestart|p2: GSTERS|move: Stealth Rock\n|\n|-heal|p2a: Landorus|58\/100|[from] item: Leftovers\n|upkeep\n|turn|4\n|j| I like Glaceon yay\n|c| I like Glaceon yay|?\n|c|\u2606GSTERS|i forgot about magic bounce lol\n|c| Elite.4.Challenger|insane ability\n|\n|t:|1700100110\n|switch|p2a: Arboliva|Arboliva, F|100\/100\n|-damage|p2a: Arboliva|88\/100|[from] Stealth Rock\n|move|p1a: Joe's Ex-Wife|Protect|p1a: Joe's Ex-Wife\n|-singleturn|p1a: Joe's Ex-Wife|Protect\n|move|p2b: Empoleon|Flash Cannon|p1a: Joe's Ex-Wife\n|-activate|p1a: Joe's Ex-Wife|move: Protect\n|move|p1b: Soju|Shadow Ball|p2a: Arboliva\n|-immune|p2a: Arboliva\n|\n|upkeep\n|turn|5\n|c| I like Glaceon yay|ye\n|inactive|bananaszn has 120 seconds left.\n|c| I like Glaceon yay|????\n|\n|t:|1700100131\n|switch|p1a: Joe Gatto|Iron Hands|100\/100\n|move|p2a: Arboliva|Energy Ball|p1a: Joe Gatto\n|-damage|p1a: Joe Gatto|56\/100\n|move|p2b: Empoleon|Flash Cannon|p1a: Joe Gatto\n|-resisted|p1a: Joe Gatto\n|-damage|p1a: Joe Gatto|37\/100\n|move|p1b: Soju|Shadow Ball|p2b: Empoleon\n|-damage|p2b: Empoleon|46\/100\n|\n|-sideend|p2: GSTERS|Reflect\n|upkeep\n|turn|6\n|c| Elite.4.Challenger|bidoof\n|c| I like Glaceon yay|normal typing\n|inactive|bananaszn has 120 seconds left.\n|c| I like Glaceon yay|BIBARELLLLL\n|c| Elite.4.Challenger|ARCEUS!!!\n|\n|t:|1700100153\n|switch|p2b: Landorus|Landorus-Therian, M|58\/100\n|-damage|p2b: Landorus|46\/100|[from] Stealth Rock\n|-ability|p2b: Landorus|Intimidate|boost\n|-unboost|p1a: Joe Gatto|atk|1\n|-unboost|p1b: Soju|atk|1\n|move|p2a: Arboliva|Earth Power|p1a: Joe Gatto\n|-supereffective|p1a: Joe Gatto\n|-damage|p1a: Joe Gatto|0 fnt\n|faint|p1a: Joe Gatto\n|-end|p1a: Joe Gatto|Quark Drive|[silent]\n|move|p1b: Soju|Life Dew||[still]\n|-fail|p1b: Soju|heal\n|\n|-heal|p2b: Landorus|52\/100|[from] item: Leftovers\n|-fieldend|move: Trick Room\n|upkeep\n|c| I like Glaceon yay|MEWWWWA\n|\n|t:|1700100163\n|switch|p1a: Heatran|Heatran, M|100\/100\n|turn|7\n|c| I like Glaceon yay|no Joe\n|\n|t:|1700100175\n|-terastallize|p1a: Heatran|Grass\n|move|p2a: Arboliva|Protect|p2a: Arboliva\n|-singleturn|p2a: Arboliva|Protect\n|move|p1b: Soju|Rage Powder|p1b: Soju\n|-singleturn|p1b: Soju|move: Rage Powder\n|move|p2b: Landorus|Stealth Rock|p1b: Soju\n|-sidestart|p1: bananaszn|move: Stealth Rock\n|move|p1a: Heatran|Heat Wave|p2b: Landorus|[spread] p2b\n|-activate|p2a: Arboliva|move: Protect\n|-damage|p2b: Landorus|24\/100\n|\n|-heal|p2b: Landorus|30\/100|[from] item: Leftovers\n|upkeep\n|turn|8\n|c| Elite.4.Challenger|rip joe\n|c| I like Glaceon yay|ye\n|\n|t:|1700100194\n|switch|p2a: Empoleon|Empoleon, M|46\/100\n|-damage|p2a: Empoleon|40\/100|[from] Stealth Rock\n|move|p2b: Landorus|Rock Slide|p1a: Heatran|[spread] p1a,p1b\n|-damage|p1a: Heatran|82\/100\n|-damage|p1b: Soju|84\/100\n|move|p1b: Soju|Shadow Ball|p2b: Landorus\n|-damage|p2b: Landorus|1\/100\n|-unboost|p2b: Landorus|spd|1\n|cant|p1a: Heatran|flinch\n|\n|-heal|p2b: Landorus|7\/100|[from] item: Leftovers\n|upkeep\n|turn|9\n|c| I like Glaceon yay|Heatran isn\u2019t in Ubers?\n|c| I like Glaceon yay|strange\n|c| I like Glaceon yay|like mew\n|c|\u2606bananaszn|nah hes always OU\n|inactive|bananaszn has 120 seconds left.\n|inactive|GSTERS has 120 seconds left.\n|c|\u2606GSTERS|heatran is doable to deal with\n|c| I like Glaceon yay|same special attack stat as Glaceon\n|c| Elite.4.Challenger|uber isn't legendaries its just broken pokemon\n|c|\u2606bananaszn|yea\n|\n|t:|1700100236\n|switch|p1b: Joe's Ex-Wife|Hatterene, F|100\/100\n|-damage|p1b: Joe's Ex-Wife|88\/100|[from] Stealth Rock\n|move|p2b: Landorus|Rock Slide|p1a: Heatran|[spread] p1a,p1b\n|-damage|p1a: Heatran|63\/100\n|-damage|p1b: Joe's Ex-Wife|63\/100\n|move|p1a: Heatran|Earth Power|p2a: Empoleon\n|-supereffective|p2a: Empoleon\n|-damage|p2a: Empoleon|0 fnt\n|faint|p2a: Empoleon\n|\n|-heal|p2b: Landorus|13\/100|[from] item: Leftovers\n|-sideend|p2: GSTERS|move: Light Screen\n|upkeep\n|\n|t:|1700100250\n|switch|p2a: Ribombee|Ribombee, F|100\/100\n|-damage|p2a: Ribombee|76\/100|[from] Stealth Rock\n|turn|10\n|\n|t:|1700100262\n|move|p2a: Ribombee|Light Screen|p2a: Ribombee\n|-sidestart|p2: GSTERS|move: Light Screen\n|move|p2b: Landorus|Rock Slide|p1a: Heatran|[spread] p1a,p1b\n|-damage|p1a: Heatran|45\/100\n|-damage|p1b: Joe's Ex-Wife|36\/100\n|cant|p1a: Heatran|flinch\n|move|p1b: Joe's Ex-Wife|Trick Room|p1b: Joe's Ex-Wife\n|-fieldstart|move: Trick Room|[of] p1b: Joe's Ex-Wife\n|\n|-heal|p2b: Landorus|19\/100|[from] item: Leftovers\n|upkeep\n|turn|11\n|c| I like Glaceon yay|but lengendarys are broken\n|c| Elite.4.Challenger|like espartha in singles\n|c|\u2606bananaszn|hoopa unbound isnt\n|\n|t:|1700100281\n|move|p1b: Joe's Ex-Wife|Heal Pulse|p1a: Heatran\n|-heal|p1a: Heatran|95\/100\n|move|p1a: Heatran|Flash Cannon|p2a: Ribombee\n|-supereffective|p2a: Ribombee\n|-damage|p2a: Ribombee|0 fnt\n|faint|p2a: Ribombee\n|move|p2b: Landorus|U-turn|p1a: Heatran\n|-supereffective|p1a: Heatran\n|-damage|p1a: Heatran|48\/100\n|c| Elite.4.Challenger|for whatever reason\n|\n|t:|1700100292\n|switch|p2b: Farigiraf|Farigiraf, M|100\/100|[from] U-turn\n|-damage|p2b: Farigiraf|88\/100|[from] Stealth Rock\n|\n|-heal|p2b: Farigiraf|94\/100|[from] item: Leftovers\n|upkeep\n|c| Elite.4.Challenger|that pokemon is broken broken\n|\n|t:|1700100300\n|switch|p2a: Skeledirge|Skeledirge, M|100\/100\n|-damage|p2a: Skeledirge|76\/100|[from] Stealth Rock\n|turn|12\n|c| I like Glaceon yay|?\n|\n|t:|1700100313\n|move|p1b: Joe's Ex-Wife|Heal Pulse|p1a: Heatran\n|-heal|p1a: Heatran|98\/100\n|move|p2b: Farigiraf|Psychic|p1a: Heatran\n|-damage|p1a: Heatran|79\/100\n|move|p2a: Skeledirge|Shadow Ball|p1a: Heatran\n|-damage|p1a: Heatran|58\/100\n|-unboost|p1a: Heatran|spd|1\n|move|p1a: Heatran|Earth Power|p2a: Skeledirge\n|-supereffective|p2a: Skeledirge\n|-damage|p2a: Skeledirge|45\/100\n|-unboost|p2a: Skeledirge|spd|1\n|\n|-heal|p2b: Farigiraf|99\/100|[from] item: Leftovers\n|upkeep\n|turn|13\n|c| I like Glaceon yay|Hyperspace Fury\n|c|\u2606bananaszn|look at its defense sta\n|c|\u2606bananaszn|look at its typing\n|c|\u2606bananaszn|and look at the most common pivot move in pokemon\n|inactive|bananaszn has 120 seconds left.\n|\n|t:|1700100350\n|move|p1b: Joe's Ex-Wife|Heal Pulse|p1a: Heatran\n|-heal|p1a: Heatran|100\/100\n|move|p2b: Farigiraf|Psychic|p1a: Heatran\n|-damage|p1a: Heatran|75\/100\n|move|p2a: Skeledirge|Shadow Ball|p1b: Joe's Ex-Wife\n|-supereffective|p1b: Joe's Ex-Wife\n|-damage|p1b: Joe's Ex-Wife|0 fnt\n|faint|p1b: Joe's Ex-Wife\n|move|p1a: Heatran|Earth Power|p2a: Skeledirge\n|-supereffective|p2a: Skeledirge\n|-damage|p2a: Skeledirge|0 fnt\n|faint|p2a: Skeledirge\n|\n|-heal|p2b: Farigiraf|100\/100|[from] item: Leftovers\n|upkeep\n|inactive|bananaszn has 120 seconds left.\n|\n|t:|1700100371\n|switch|p1b: Judas|Kingambit, M|100\/100\n|switch|p2a: Arboliva|Arboliva, F|88\/100\n|-damage|p2a: Arboliva|76\/100|[from] Stealth Rock\n|-damage|p1b: Judas|94\/100|[from] Stealth Rock\n|turn|14\n|c|\u2606GSTERS|im scared\n|\n|t:|1700100383\n|move|p2a: Arboliva|Earth Power|p1b: Judas\n|-supereffective|p1b: Judas\n|-damage|p1b: Judas|16\/100\n|move|p2b: Farigiraf|Reflect|p2b: Farigiraf\n|-sidestart|p2: GSTERS|Reflect\n|move|p1b: Judas|Kowtow Cleave|p2b: Farigiraf\n|-supereffective|p2b: Farigiraf\n|-damage|p2b: Farigiraf|17\/100\n|-damage|p1b: Judas|6\/100|[from] item: Life Orb\n|move|p1a: Heatran|Heat Wave|p2a: Arboliva|[spread] p2a,p2b\n|-supereffective|p2a: Arboliva\n|-damage|p2a: Arboliva|26\/100\n|-damage|p2b: Farigiraf|0 fnt\n|-fieldstart|move: Grassy Terrain|[from] ability: Seed Sower|[of] p2a: Arboliva\n|faint|p2b: Farigiraf\n|\n|-heal|p2a: Arboliva|32\/100|[from] Grassy Terrain\n|-heal|p1b: Judas|12\/100|[from] Grassy Terrain\n|-heal|p1a: Heatran|81\/100|[from] Grassy Terrain\n|-fieldend|move: Trick Room\n|upkeep\n|\n|t:|1700100394\n|switch|p2b: Landorus|Landorus-Therian, M|19\/100\n|-damage|p2b: Landorus|7\/100|[from] Stealth Rock\n|-ability|p2b: Landorus|Intimidate|boost\n|-unboost|p1a: Heatran|atk|1\n|-unboost|p1b: Judas|atk|1\n|-ability|p1b: Judas|Defiant|boost\n|-boost|p1b: Judas|atk|2\n|turn|15\n|c| Elite.4.Challenger|lol\n|c|\u2606bananaszn|its getting kind of hot in here ngl\n|c|\u2606GSTERS|gg\n|\n|t:|1700100413\n|move|p1b: Judas|Sucker Punch|p2b: Landorus\n|-damage|p2b: Landorus|0 fnt\n|faint|p2b: Landorus\n|-damage|p1b: Judas|2\/100|[from] item: Life Orb\n|move|p1a: Heatran|Heat Wave|p2a: Arboliva\n|-supereffective|p2a: Arboliva\n|-damage|p2a: Arboliva|0 fnt\n|faint|p2a: Arboliva\n|\n|win|bananaszn\n|raw|bananaszn's rating: 1325 &rarr; <strong>1350<\/strong><br \/>(+25 for winning)\n|raw|GSTERS's rating: 1413 &rarr; <strong>1388<\/strong><br \/>(-25 for losing)\n|c|\u2606bananaszn|gg\n|l|\u2606GSTERS\n","uploadtime":1700100449,"views":5,"p1id":"bananaszn","p2id":"gsters","formatid":"gen9doublesou","rating":1350,"private":0,"password":""}