{"id":"gen9doublesou-1969065778","p1":"cappellari","p2":"Batataplays","format":"[Gen 9] Doubles OU","log":"|j|\u2606cappellari\n|j|\u2606Batataplays\n|inactive|Battle timer is ON: inactive players will automatically lose when time's up.\n|t:|1697487069\n|gametype|doubles\n|player|p1|cappellari|shadowtriad|\n|player|p2|Batataplays|marnie-masters3|\n|teamsize|p1|6\n|teamsize|p2|6\n|gen|9\n|tier|[Gen 9] Doubles OU\n|rated|Tournament battle\n|rule|Species Clause: Limit one of each Pok\u00e9mon\n|rule|OHKO Clause: OHKO moves are banned\n|rule|Evasion Moves Clause: Evasion moves are banned\n|rule|Gravity Sleep Clause: The combination of sleep-inducing moves with imperfect accuracy and Gravity or Gigantamax Orbeetle are banned\n|rule|Endless Battle Clause: Forcing endless battles is banned\n|rule|HP Percentage Mod: HP is shown in percentages\n|clearpoke\n|poke|p1|Basculegion-F, F|\n|poke|p1|Iron Valiant|\n|poke|p1|Arboliva, M|\n|poke|p1|Corviknight, M|\n|poke|p1|Crawdaunt, F|\n|poke|p1|Armarouge, M|\n|poke|p2|Rillaboom, F|\n|poke|p2|Ursaluna, F|\n|poke|p2|Cresselia, F|\n|poke|p2|Volcanion|\n|poke|p2|Flutter Mane|\n|poke|p2|Kleavor, F|\n|teampreview\n|c|\u2606Batataplays|Hevi fom\n|\n|t:|1697487095\n|start\n|switch|p1a: Iron Valiant|Iron Valiant|100\/100\n|switch|p1b: Basculegion|Basculegion-F, F, shiny|100\/100\n|switch|p2a: Kleavor|Kleavor, F|100\/100\n|switch|p2b: Volcanion|Volcanion|100\/100\n|-enditem|p1a: Iron Valiant|Booster Energy\n|-activate|p1a: Iron Valiant|ability: Quark Drive|[fromitem]\n|-start|p1a: Iron Valiant|quarkdrivespe\n|turn|1\n|\n|t:|1697487122\n|move|p1a: Iron Valiant|Poison Jab|p2b: Volcanion\n|-damage|p2b: Volcanion|80\/100\n|move|p2a: Kleavor|Stone Axe|p1b: Basculegion\n|-damage|p1b: Basculegion|27\/100\n|-sidestart|p1: cappellari|move: Stealth Rock\n|move|p1b: Basculegion|Wave Crash|p2a: Kleavor\n|-supereffective|p2a: Kleavor\n|-damage|p2a: Kleavor|0 fnt\n|faint|p2a: Kleavor\n|-damage|p1b: Basculegion|2\/100|[from] Recoil\n|move|p2b: Volcanion|Heat Wave|p1b: Basculegion|[spread] p1a,p1b\n|-resisted|p1b: Basculegion\n|-damage|p1a: Iron Valiant|25\/100\n|-damage|p1b: Basculegion|0 fnt\n|faint|p1b: Basculegion\n|\n|upkeep\n|\n|t:|1697487142\n|switch|p2a: Rillaboom|Rillaboom, F|100\/100\n|switch|p1b: Armarouge|Armarouge, M, shiny|100\/100\n|-fieldstart|move: Grassy Terrain|[from] ability: Grassy Surge|[of] p2a: Rillaboom\n|turn|2\n|\n|t:|1697487162\n|-terastallize|p2a: Rillaboom|Fire\n|move|p2a: Rillaboom|Grassy Glide|p1a: Iron Valiant\n|-damage|p1a: Iron Valiant|0 fnt\n|faint|p1a: Iron Valiant\n|-end|p1a: Iron Valiant|Quark Drive|[silent]\n|move|p1b: Armarouge|Psyshock|p2b: Volcanion\n|-damage|p2b: Volcanion|44\/100\n|move|p2b: Volcanion|Steam Eruption|p1b: Armarouge\n|-supereffective|p1b: Armarouge\n|-damage|p1b: Armarouge|0 fnt\n|faint|p1b: Armarouge\n|\n|-heal|p2b: Volcanion|50\/100|[from] Grassy Terrain\n|upkeep\n|inactive|cappellari has 120 seconds left.\n|\n|t:|1697487189\n|switch|p1a: Crawdaunt|Crawdaunt, F|100\/100\n|switch|p1b: Arboliva|Arboliva, M|100\/100\n|-damage|p1a: Crawdaunt|88\/100|[from] Stealth Rock\n|-damage|p1b: Arboliva|88\/100|[from] Stealth Rock\n|turn|3\n|\n|t:|1697487200\n|move|p2a: Rillaboom|Grassy Glide|p1a: Crawdaunt\n|-supereffective|p1a: Crawdaunt\n|-damage|p1a: Crawdaunt|0 fnt\n|faint|p1a: Crawdaunt\n|move|p2b: Volcanion|Heat Wave|p1b: Arboliva\n|-supereffective|p1b: Arboliva\n|-damage|p1b: Arboliva|6\/100\n|-enditem|p1b: Arboliva|Aguav Berry|[eat]\n|-heal|p1b: Arboliva|39\/100|[from] item: Aguav Berry\n|move|p1b: Arboliva|Strength Sap|p2b: Volcanion\n|-unboost|p2b: Volcanion|atk|1\n|-heal|p1b: Arboliva|95\/100\n|\n|-heal|p2b: Volcanion|56\/100|[from] Grassy Terrain\n|-heal|p1b: Arboliva|100\/100|[from] Grassy Terrain\n|upkeep\n|\n|t:|1697487214\n|switch|p1a: Corviknight|Corviknight, M, shiny|100\/100\n|-damage|p1a: Corviknight|88\/100|[from] Stealth Rock\n|turn|4\n|j| eunaomeconheco\n|\n|t:|1697487228\n|move|p1b: Arboliva|Protect|p1b: Arboliva\n|-singleturn|p1b: Arboliva|Protect\n|move|p2a: Rillaboom|U-turn|p1b: Arboliva\n|-activate|p1b: Arboliva|move: Protect\n|move|p1a: Corviknight|Sky Attack||[still]\n|-prepare|p1a: Corviknight|Sky Attack\n|-enditem|p1a: Corviknight|Power Herb\n|-anim|p1a: Corviknight|Sky Attack|p2a: Rillaboom\n|-damage|p2a: Rillaboom|58\/100\n|move|p2b: Volcanion|Heat Wave|p1a: Corviknight|[spread] \n|-activate|p1b: Arboliva|move: Protect\n|-miss|p2b: Volcanion|p1a: Corviknight\n|\n|-heal|p2a: Rillaboom|64\/100|[from] Grassy Terrain\n|-heal|p2b: Volcanion|62\/100|[from] Grassy Terrain\n|upkeep\n|turn|5\n|\n|t:|1697487245\n|move|p2a: Rillaboom|U-turn|p1b: Arboliva\n|-supereffective|p1b: Arboliva\n|-damage|p1b: Arboliva|56\/100\n|\n|t:|1697487249\n|switch|p2a: Cresselia|Cresselia, F|100\/100|[from] U-turn\n|move|p1a: Corviknight|Brave Bird|p2b: Volcanion\n|-damage|p2b: Volcanion|34\/100\n|-damage|p1a: Corviknight|79\/100|[from] Recoil\n|move|p2b: Volcanion|Heat Wave|p1a: Corviknight|[spread] p1a,p1b\n|-supereffective|p1a: Corviknight\n|-supereffective|p1b: Arboliva\n|-damage|p1a: Corviknight|0 fnt\n|-damage|p1b: Arboliva|1\/100\n|faint|p1a: Corviknight\n|move|p1b: Arboliva|Petal Blizzard|p2b: Volcanion|[spread] p2a,p2b\n|-damage|p2a: Cresselia|86\/100\n|-damage|p2b: Volcanion|16\/100\n|\n|-heal|p2b: Volcanion|22\/100|[from] Grassy Terrain\n|-heal|p1b: Arboliva|7\/100|[from] Grassy Terrain\n|upkeep\n|turn|6\n|\n|t:|1697487268\n|move|p1b: Arboliva|Protect|p1b: Arboliva\n|-singleturn|p1b: Arboliva|Protect\n|move|p2b: Volcanion|Sludge Bomb|p1b: Arboliva\n|-activate|p1b: Arboliva|move: Protect\n|move|p2a: Cresselia|Trick Room|p2a: Cresselia\n|-fieldstart|move: Trick Room|[of] p2a: Cresselia\n|\n|-heal|p1b: Arboliva|13\/100|[from] Grassy Terrain\n|-heal|p2b: Volcanion|28\/100|[from] Grassy Terrain\n|-fieldend|move: Grassy Terrain\n|upkeep\n|turn|7\n|\n|t:|1697487277\n|move|p1b: Arboliva|Petal Blizzard|p2b: Volcanion|[spread] p2a,p2b\n|-crit|p2b: Volcanion\n|-damage|p2a: Cresselia|75\/100\n|-damage|p2b: Volcanion|6\/100\n|move|p2a: Cresselia|Psychic|p1b: Arboliva\n|-damage|p1b: Arboliva|0 fnt\n|faint|p1b: Arboliva\n|\n|win|Batataplays\n|n|\u2606cappellari|cappellari\n|n|\u2606Batataplays|batataplays\n|n| eunaomeconheco|eunaomeconheco\n","uploadtime":1697487279,"views":8,"p1id":"cappellari","p2id":"batataplays","formatid":"gen9doublesou","rating":0,"private":0,"password":""}