{"id":"gen9doublesou-1979815316","p1":"C0SuMa","p2":"xenon8247 TTV","format":"[Gen 9] Doubles OU","log":"|j|\u2606C0SuMa\n|j|\u2606xenon8247 TTV\n|t:|1698716113\n|gametype|doubles\n|player|p1|C0SuMa|caitlin|1308\n|player|p2|xenon8247 TTV|lusamine-nihilego|1246\n|teamsize|p1|6\n|teamsize|p2|6\n|gen|9\n|tier|[Gen 9] Doubles OU\n|rated|\n|rule|Species Clause: Limit one of each Pok\u00e9mon\n|rule|OHKO Clause: OHKO moves are banned\n|rule|Evasion Moves Clause: Evasion moves are banned\n|rule|Gravity Sleep Clause: The combination of sleep-inducing moves with imperfect accuracy and Gravity or Gigantamax Orbeetle are banned\n|rule|Endless Battle Clause: Forcing endless battles is banned\n|rule|HP Percentage Mod: HP is shown in percentages\n|clearpoke\n|poke|p1|Ninetales-Alola, F|\n|poke|p1|Flutter Mane|\n|poke|p1|Iron Bundle|\n|poke|p1|Tornadus, M|\n|poke|p1|Iron Hands|\n|poke|p1|Cresselia, F|\n|poke|p2|Cresselia, F|\n|poke|p2|Glastrier|\n|poke|p2|Ursaluna, M|\n|poke|p2|Ninetales-Alola, F|\n|poke|p2|Sinistcha-Masterpiece|\n|poke|p2|Enamorus-Therian, F|\n|teampreview\n|\n|t:|1698716137\n|start\n|switch|p1a: Iron Bundle|Iron Bundle|100\/100\n|switch|p1b: Iron Hands|Iron Hands|100\/100\n|switch|p2a: Cresselia|Cresselia, F|100\/100\n|switch|p2b: Ninetales|Ninetales-Alola, F|100\/100\n|-weather|Snow|[from] ability: Snow Warning|[of] p2b: Ninetales\n|turn|1\n|\n|t:|1698716178\n|move|p1a: Iron Bundle|Aurora Veil|p1a: Iron Bundle\n|-sidestart|p1: C0SuMa|move: Aurora Veil\n|move|p2b: Ninetales|Aurora Veil|p2b: Ninetales\n|-sidestart|p2: xenon8247 TTV|move: Aurora Veil\n|move|p2a: Cresselia|Psychic|p1b: Iron Hands\n|-supereffective|p1b: Iron Hands\n|-damage|p1b: Iron Hands|75\/100\n|move|p1b: Iron Hands|Drain Punch|p2b: Ninetales\n|-damage|p2b: Ninetales|79\/100\n|-heal|p1b: Iron Hands|82\/100|[from] drain|[of] p2b: Ninetales\n|\n|-weather|Snow|[upkeep]\n|upkeep\n|turn|2\n|\n|t:|1698716211\n|-end|p1a: Iron Bundle|Quark Drive|[silent]\n|switch|p1a: Cresselia|Cresselia, F|100\/100\n|switch|p2b: Glastrier|Glastrier|100\/100\n|move|p2a: Cresselia|Ally Switch|p2a: Cresselia\n|swap|p2a: Cresselia|1|[from] move: Ally Switch\n|move|p1b: Iron Hands|Swords Dance|p1b: Iron Hands\n|-boost|p1b: Iron Hands|atk|2\n|\n|-weather|Snow|[upkeep]\n|upkeep\n|turn|3\n|\n|t:|1698716243\n|move|p2b: Cresselia|Ally Switch|p2b: Cresselia\n|swap|p2b: Cresselia|0|[from] move: Ally Switch\n|move|p1a: Cresselia|Lunar Blessing|p1a: Cresselia|[spread] p1a,p1b\n|-heal|p1b: Iron Hands|100\/100\n|move|p1b: Iron Hands|Swords Dance|p1b: Iron Hands\n|-boost|p1b: Iron Hands|atk|2\n|move|p2b: Glastrier|Stomping Tantrum|p1b: Iron Hands\n|-supereffective|p1b: Iron Hands\n|-damage|p1b: Iron Hands|73\/100\n|\n|-weather|Snow|[upkeep]\n|upkeep\n|turn|4\n|\n|t:|1698716268\n|move|p1a: Cresselia|Ally Switch|p1a: Cresselia\n|swap|p1a: Cresselia|1|[from] move: Ally Switch\n|move|p2a: Cresselia|Psychic|p1b: Cresselia\n|-resisted|p1b: Cresselia\n|-damage|p1b: Cresselia|95\/100\n|move|p1a: Iron Hands|Thunder Punch|p2b: Glastrier\n|-damage|p2b: Glastrier|65\/100\n|move|p2b: Glastrier|Icicle Crash|p1a: Iron Hands|[miss]\n|-miss|p2b: Glastrier|p1a: Iron Hands\n|\n|-weather|Snow|[upkeep]\n|-heal|p2b: Glastrier|71\/100|[from] item: Leftovers\n|upkeep\n|turn|5\n|\n|t:|1698716300\n|move|p1b: Cresselia|Lunar Blessing|p1b: Cresselia|[spread] p1a,p1b\n|-heal|p1a: Iron Hands|98\/100\n|-heal|p1b: Cresselia|100\/100\n|move|p2a: Cresselia|Lunar Blessing|p2a: Cresselia|[spread] p2a,p2b\n|-heal|p2b: Glastrier|96\/100\n|move|p1a: Iron Hands|Swords Dance|p1a: Iron Hands\n|-boost|p1a: Iron Hands|atk|2\n|move|p2b: Glastrier|Stomping Tantrum|p1a: Iron Hands\n|-supereffective|p1a: Iron Hands\n|-damage|p1a: Iron Hands|46\/100\n|-enditem|p1a: Iron Hands|Sitrus Berry|[eat]\n|-heal|p1a: Iron Hands|71\/100|[from] item: Sitrus Berry\n|\n|-weather|none\n|-heal|p2b: Glastrier|100\/100|[from] item: Leftovers\n|-sideend|p2: xenon8247 TTV|move: Aurora Veil\n|upkeep\n|turn|6\n|\n|t:|1698716321\n|move|p1b: Cresselia|Lunar Blessing|p1b: Cresselia|[spread] p1a,p1b\n|-heal|p1a: Iron Hands|96\/100\n|move|p2a: Cresselia|Psychic|p1b: Cresselia\n|-resisted|p1b: Cresselia\n|-damage|p1b: Cresselia|95\/100\n|move|p1a: Iron Hands|Drain Punch|p2b: Glastrier\n|-supereffective|p2b: Glastrier\n|-crit|p2b: Glastrier\n|-damage|p2b: Glastrier|0 fnt\n|-heal|p1a: Iron Hands|100\/100|[from] drain|[of] p2b: Glastrier\n|faint|p2b: Glastrier\n|\n|upkeep\n|\n|t:|1698716336\n|switch|p2b: Ninetales|Ninetales-Alola, F|79\/100\n|-weather|Snow|[from] ability: Snow Warning|[of] p2b: Ninetales\n|turn|7\n|\n|t:|1698716357\n|move|p2b: Ninetales|Aurora Veil|p2b: Ninetales\n|-sidestart|p2: xenon8247 TTV|move: Aurora Veil\n|move|p1b: Cresselia|Icy Wind|p2b: Ninetales|[spread] p2a,p2b\n|-resisted|p2b: Ninetales\n|-damage|p2a: Cresselia|97\/100\n|-damage|p2b: Ninetales|77\/100\n|-unboost|p2a: Cresselia|spe|1\n|-unboost|p2b: Ninetales|spe|1\n|move|p1a: Iron Hands|Thunder Punch|p2b: Ninetales\n|-damage|p2b: Ninetales|0 fnt\n|faint|p2b: Ninetales\n|move|p2a: Cresselia|Psychic|p1a: Iron Hands\n|-supereffective|p1a: Iron Hands\n|-damage|p1a: Iron Hands|74\/100\n|\n|-weather|Snow|[upkeep]\n|upkeep\n|\n|t:|1698716398\n|switch|p2b: Ursaluna|Ursaluna, M|100\/100\n|turn|8\n|inactive|Battle timer is ON: inactive players will automatically lose when time's up. (requested by xenon8247 TTV)\n|\n|t:|1698716437\n|move|p1b: Cresselia|Ally Switch|p1b: Cresselia\n|swap|p1b: Cresselia|0|[from] move: Ally Switch\n|move|p2a: Cresselia|Ally Switch|p2a: Cresselia\n|swap|p2a: Cresselia|1|[from] move: Ally Switch\n|move|p1b: Iron Hands|Drain Punch|p2b: Cresselia\n|-resisted|p2b: Cresselia\n|-damage|p2b: Cresselia|67\/100\n|-heal|p1b: Iron Hands|88\/100|[from] drain|[of] p2b: Cresselia\n|move|p2a: Ursaluna|Earthquake|p1b: Iron Hands|[spread] p1b\n|-immune|p2b: Cresselia|[from] ability: Levitate\n|-immune|p1a: Cresselia|[from] ability: Levitate\n|-supereffective|p1b: Iron Hands\n|-damage|p1b: Iron Hands|49\/100\n|\n|-weather|Snow|[upkeep]\n|-sideend|p1: C0SuMa|move: Aurora Veil\n|-status|p2a: Ursaluna|brn|[from] item: Flame Orb\n|upkeep\n|turn|9\n|inactive|xenon8247 TTV has 120 seconds left.\n|\n|t:|1698716470\n|move|p2b: Cresselia|Ally Switch||[still]\n|-fail|p2b: Cresselia\n|move|p1a: Cresselia|Icy Wind|p2b: Cresselia|[spread] p2a\n|-miss|p1a: Cresselia|p2b: Cresselia\n|-supereffective|p2a: Ursaluna\n|-damage|p2a: Ursaluna|92\/100 brn\n|-unboost|p2a: Ursaluna|spe|1\n|move|p1b: Iron Hands|Drain Punch|p2a: Ursaluna\n|-supereffective|p2a: Ursaluna\n|-damage|p2a: Ursaluna|0 fnt\n|-heal|p1b: Iron Hands|90\/100|[from] drain|[of] p2a: Ursaluna\n|faint|p2a: Ursaluna\n|\n|-weather|Snow|[upkeep]\n|upkeep\n|inactive|xenon8247 TTV has 120 seconds left.\n|\n|t:|1698716489\n|switch|p2a: Sinistcha|Sinistcha-Masterpiece|100\/100\n|-heal|p2b: Cresselia|92\/100|[from] ability: Hospitality|[of] p2a: Sinistcha\n|turn|10\n|inactive|xenon8247 TTV has 120 seconds left.\n|\n|t:|1698716521\n|switch|p1a: Iron Bundle|Iron Bundle|100\/100\n|move|p2a: Sinistcha|Rage Powder|p2a: Sinistcha\n|-singleturn|p2a: Sinistcha|move: Rage Powder\n|move|p1b: Iron Hands|Thunder Punch|p2a: Sinistcha\n|-resisted|p2a: Sinistcha\n|-damage|p2a: Sinistcha|57\/100\n|-damage|p1b: Iron Hands|74\/100|[from] item: Rocky Helmet|[of] p2a: Sinistcha\n|move|p2b: Cresselia|Psychic|p1b: Iron Hands\n|-supereffective|p1b: Iron Hands\n|-damage|p1b: Iron Hands|35\/100\n|\n|-weather|Snow|[upkeep]\n|upkeep\n|turn|11\n|inactive|xenon8247 TTV has 120 seconds left.\n|inactive|xenon8247 TTV has 90 seconds left.\n|\n|t:|1698716568\n|move|p1a: Iron Bundle|Aurora Veil|p1a: Iron Bundle\n|-sidestart|p1: C0SuMa|move: Aurora Veil\n|move|p2a: Sinistcha|Matcha Gotcha|p1a: Iron Bundle|[spread] p1a,p1b\n|-supereffective|p1a: Iron Bundle\n|-damage|p1a: Iron Bundle|18\/100\n|-heal|p2a: Sinistcha|87\/100|[from] drain|[of] p1a: Iron Bundle\n|-damage|p1b: Iron Hands|19\/100\n|-heal|p2a: Sinistcha|98\/100|[from] drain|[of] p1b: Iron Hands\n|move|p1b: Iron Hands|Thunder Punch|p2b: Cresselia\n|-damage|p2b: Cresselia|23\/100\n|move|p2b: Cresselia|Psychic|p1b: Iron Hands\n|-supereffective|p1b: Iron Hands\n|-damage|p1b: Iron Hands|0 fnt\n|faint|p1b: Iron Hands\n|-end|p1b: Iron Hands|Quark Drive|[silent]\n|\n|-weather|none\n|-sideend|p2: xenon8247 TTV|move: Aurora Veil\n|upkeep\n|\n|t:|1698716586\n|switch|p1b: Ninetales|Ninetales-Alola, F|100\/100\n|-weather|Snow|[from] ability: Snow Warning|[of] p1b: Ninetales\n|turn|12\n|inactive|xenon8247 TTV has 90 seconds left.\n|\n|t:|1698716613\n|move|p1a: Iron Bundle|Blizzard|p2a: Sinistcha|[spread] p2a,p2b\n|-supereffective|p2a: Sinistcha\n|-damage|p2a: Sinistcha|8\/100\n|-damage|p2b: Cresselia|0 fnt\n|faint|p2b: Cresselia\n|move|p1b: Ninetales|Blizzard|p2a: Sinistcha\n|-supereffective|p2a: Sinistcha\n|-damage|p2a: Sinistcha|0 fnt\n|faint|p2a: Sinistcha\n|\n|-weather|Snow|[upkeep]\n|upkeep\n|inactive|xenon8247 TTV has 90 seconds left.\n|\n|t:|1698716620\n|switch|p2b: Enamorus|Enamorus-Therian, F|100\/100\n|turn|13\n|c|\u2606C0SuMa|gg\n|c|\u2606xenon8247 TTV|gg\n|\n|t:|1698716643\n|move|p1a: Iron Bundle|Blizzard|p2b: Enamorus\n|-supereffective|p2b: Enamorus\n|-damage|p2b: Enamorus|0 fnt\n|faint|p2b: Enamorus\n|\n|win|C0SuMa\n|raw|C0SuMa's rating: 1308 &rarr; <strong>1324<\/strong><br \/>(+16 for winning)\n|raw|xenon8247 TTV's rating: 1246 &rarr; <strong>1225<\/strong><br \/>(-21 for losing)\n|c|\u2606xenon8247 TTV|gg\n","uploadtime":1698716649,"views":18,"p1id":"c0suma","p2id":"xenon8247ttv","formatid":"gen9doublesou","rating":1225,"private":0,"password":""}