{"id":"gen9doublesou-1974950432","p1":"Kabutomite","p2":"DoerreKong","format":"[Gen 9] Doubles OU","log":"|j|\u2606Kabutomite\n|j|\u2606DoerreKong\n|t:|1698148526\n|gametype|doubles\n|player|p1|Kabutomite|1|1336\n|player|p2|DoerreKong|ltsurge|1488\n|teamsize|p1|6\n|teamsize|p2|6\n|gen|9\n|tier|[Gen 9] Doubles OU\n|rated|\n|rule|Species Clause: Limit one of each Pok\u00e9mon\n|rule|OHKO Clause: OHKO moves are banned\n|rule|Evasion Moves Clause: Evasion moves are banned\n|rule|Gravity Sleep Clause: The combination of sleep-inducing moves with imperfect accuracy and Gravity or Gigantamax Orbeetle are banned\n|rule|Endless Battle Clause: Forcing endless battles is banned\n|rule|HP Percentage Mod: HP is shown in percentages\n|clearpoke\n|poke|p1|Iron Hands|\n|poke|p1|Pincurchin, F|\n|poke|p1|Palafin, F|\n|poke|p1|Grimmsnarl, M|\n|poke|p1|Flutter Mane|\n|poke|p1|Sneasler, F|\n|poke|p2|Torkoal, M|\n|poke|p2|Cresselia, F|\n|poke|p2|Diancie|\n|poke|p2|Iron Hands|\n|poke|p2|Ursaluna, F|\n|poke|p2|Farigiraf, F|\n|teampreview\n|inactive|Battle timer is ON: inactive players will automatically lose when time's up. (requested by DoerreKong)\n|\n|t:|1698148555\n|start\n|switch|p1a: Pincurchin|Pincurchin, F|100\/100\n|switch|p1b: Palafin|Palafin, F|100\/100\n|switch|p2a: Farigiraf|Farigiraf, F|100\/100\n|switch|p2b: Iron Hands|Iron Hands|100\/100\n|-fieldstart|move: Electric Terrain|[from] ability: Electric Surge|[of] p1a: Pincurchin\n|-activate|p2b: Iron Hands|ability: Quark Drive\n|-start|p2b: Iron Hands|quarkdrivedef\n|turn|1\n|\n|t:|1698148579\n|detailschange|p1b: Palafin|Palafin-Hero, F\n|switch|p1b: Grimmsnarl|Grimmsnarl, M|100\/100\n|move|p2a: Farigiraf|Imprison|p2a: Farigiraf\n|-start|p2a: Farigiraf|move: Imprison\n|move|p2b: Iron Hands|Iron Defense|p2b: Iron Hands\n|-boost|p2b: Iron Hands|def|2\n|move|p1a: Pincurchin|Thunder Wave|p2a: Farigiraf\n|-status|p2a: Farigiraf|par\n|\n|upkeep\n|turn|2\n|inactive|Kabutomite has 120 seconds left.\n|\n|t:|1698148624\n|move|p1b: Grimmsnarl|Fake Out||[still]\n|cant|p2a: Farigiraf|ability: Armor Tail|Fake Out|[of] p1b: Grimmsnarl\n|move|p2b: Iron Hands|Body Press|p1b: Grimmsnarl\n|-damage|p1b: Grimmsnarl|17\/100\n|-enditem|p1b: Grimmsnarl|Sitrus Berry|[eat]\n|-heal|p1b: Grimmsnarl|42\/100|[from] item: Sitrus Berry\n|move|p1a: Pincurchin|Toxic Spikes|p2b: Iron Hands\n|-sidestart|p2: DoerreKong|move: Toxic Spikes\n|cant|p2a: Farigiraf|par\n|\n|upkeep\n|turn|3\n|inactive|Kabutomite has 120 seconds left.\n|\n|t:|1698148647\n|switch|p1b: Sneasler|Sneasler, F|100\/100\n|move|p2b: Iron Hands|Body Press|p1a: Pincurchin\n|-damage|p1a: Pincurchin|11\/100\n|-enditem|p1a: Pincurchin|Eject Button\n|\n|t:|1698148662\n|switch|p1a: Flutter Mane|Flutter Mane|100\/100\n|move|p2a: Farigiraf|Trick Room|p2a: Farigiraf\n|-fieldstart|move: Trick Room|[of] p2a: Farigiraf\n|\n|upkeep\n|turn|4\n|inactive|Kabutomite has 120 seconds left.\n|\n|t:|1698148681\n|move|p2a: Farigiraf|Dazzling Gleam|p1b: Sneasler|[spread] p1a,p1b\n|-crit|p1b: Sneasler\n|-damage|p1a: Flutter Mane|84\/100\n|-damage|p1b: Sneasler|72\/100\n|move|p2b: Iron Hands|Thunder Punch|p1a: Flutter Mane\n|-damage|p1a: Flutter Mane|0 fnt\n|faint|p1a: Flutter Mane\n|-end|p1a: Flutter Mane|Protosynthesis|[silent]\n|move|p1b: Sneasler|U-turn|p2a: Farigiraf\n|-supereffective|p2a: Farigiraf\n|-damage|p2a: Farigiraf|60\/100 par\n|\n|t:|1698148691\n|switch|p1b: Palafin|Palafin-Hero, F|100\/100|[from] U-turn\n|-activate|p1b: Palafin|ability: Zero to Hero\n|\n|-heal|p2a: Farigiraf|66\/100 par|[from] item: Leftovers\n|upkeep\n|\n|t:|1698148698\n|switch|p1a: Sneasler|Sneasler, F|72\/100\n|turn|5\n|\n|t:|1698148714\n|-terastallize|p1b: Palafin|Grass\n|move|p1b: Palafin|Jet Punch||[still]\n|cant|p2a: Farigiraf|ability: Armor Tail|Jet Punch|[of] p1b: Palafin\n|cant|p2a: Farigiraf|par\n|move|p2b: Iron Hands|Thunder Punch|p1b: Palafin\n|-resisted|p1b: Palafin\n|-damage|p1b: Palafin|82\/100\n|move|p1a: Sneasler|Dire Claw|p2b: Iron Hands\n|-crit|p2b: Iron Hands\n|-damage|p2b: Iron Hands|74\/100\n|-status|p2b: Iron Hands|psn\n|\n|-heal|p2a: Farigiraf|72\/100 par|[from] item: Leftovers\n|-heal|p2b: Iron Hands|81\/100 psn|[from] item: Leftovers\n|-damage|p2b: Iron Hands|68\/100 psn|[from] psn\n|-fieldend|move: Electric Terrain\n|-end|p2b: Iron Hands|Quark Drive\n|upkeep\n|turn|6\n|\n|t:|1698148741\n|cant|p2a: Farigiraf|par\n|move|p2b: Iron Hands|Body Press|p1b: Palafin\n|-damage|p1b: Palafin|14\/100\n|move|p1b: Palafin|Drain Punch|p2b: Iron Hands\n|-damage|p2b: Iron Hands|60\/100 psn\n|-heal|p1b: Palafin|20\/100|[from] drain|[of] p2b: Iron Hands\n|move|p1a: Sneasler|Shadow Claw|p2b: Iron Hands\n|-crit|p2b: Iron Hands\n|-damage|p2b: Iron Hands|41\/100 psn\n|\n|-heal|p2a: Farigiraf|79\/100 par|[from] item: Leftovers\n|-heal|p2b: Iron Hands|47\/100 psn|[from] item: Leftovers\n|-damage|p2b: Iron Hands|35\/100 psn|[from] psn\n|upkeep\n|turn|7\n|\n|t:|1698148773\n|-end|p2b: Iron Hands|Quark Drive|[silent]\n|switch|p2b: Cresselia|Cresselia, F|100\/100\n|move|p1b: Palafin|Jet Punch||[still]\n|cant|p2a: Farigiraf|ability: Armor Tail|Jet Punch|[of] p1b: Palafin\n|move|p2a: Farigiraf|Dazzling Gleam|p1b: Palafin|[spread] p1a,p1b\n|-damage|p1a: Sneasler|51\/100\n|-damage|p1b: Palafin|3\/100\n|move|p1a: Sneasler|Shadow Claw|p2b: Cresselia\n|-supereffective|p2b: Cresselia\n|-damage|p2b: Cresselia|66\/100\n|\n|-heal|p2a: Farigiraf|85\/100 par|[from] item: Leftovers\n|-heal|p2b: Cresselia|72\/100|[from] item: Leftovers\n|-fieldend|move: Trick Room\n|upkeep\n|turn|8\n|\n|t:|1698148795\n|move|p1b: Palafin|Jet Punch||[still]\n|cant|p2a: Farigiraf|ability: Armor Tail|Jet Punch|[of] p1b: Palafin\n|move|p1a: Sneasler|Shadow Claw|p2b: Cresselia\n|-supereffective|p2b: Cresselia\n|-damage|p2b: Cresselia|38\/100\n|move|p2b: Cresselia|Calm Mind|p2b: Cresselia\n|-boost|p2b: Cresselia|spa|1\n|-boost|p2b: Cresselia|spd|1\n|cant|p2a: Farigiraf|par\n|\n|-heal|p2b: Cresselia|44\/100|[from] item: Leftovers\n|-heal|p2a: Farigiraf|91\/100 par|[from] item: Leftovers\n|upkeep\n|turn|9\n|\n|t:|1698148816\n|move|p1a: Sneasler|Shadow Claw|p2b: Cresselia\n|-supereffective|p2b: Cresselia\n|-damage|p2b: Cresselia|9\/100\n|move|p1b: Palafin|Ice Punch|p2b: Cresselia\n|-damage|p2b: Cresselia|0 fnt\n|faint|p2b: Cresselia\n|move|p2a: Farigiraf|Trick Room|p2a: Farigiraf\n|-fieldstart|move: Trick Room|[of] p2a: Farigiraf\n|\n|-heal|p2a: Farigiraf|97\/100 par|[from] item: Leftovers\n|upkeep\n|\n|t:|1698148829\n|switch|p2b: Torkoal|Torkoal, M|100\/100\n|-status|p2b: Torkoal|psn\n|-weather|SunnyDay|[from] ability: Drought|[of] p2b: Torkoal\n|turn|10\n|\n|t:|1698148849\n|move|p2b: Torkoal|Eruption|p1a: Sneasler|[spread] p1a,p1b\n|-crit|p1a: Sneasler\n|-supereffective|p1b: Palafin\n|-damage|p1a: Sneasler|0 fnt\n|-damage|p1b: Palafin|0 fnt\n|faint|p1a: Sneasler\n|faint|p1b: Palafin\n|move|p2a: Farigiraf|Dazzling Gleam|p1: Sneasler|[notarget]\n|-fail|p2a: Farigiraf\n|\n|-weather|SunnyDay|[upkeep]\n|-heal|p2a: Farigiraf|100\/100 par|[from] item: Leftovers\n|-damage|p2b: Torkoal|88\/100 psn|[from] psn\n|upkeep\n|-message|Kabutomite forfeited.\n|\n|win|DoerreKong\n|raw|Kabutomite's rating: 1336 &rarr; <strong>1324<\/strong><br \/>(-12 for losing)\n|raw|DoerreKong's rating: 1488 &rarr; <strong>1500<\/strong><br \/>(+12 for winning)\n|l|\u2606Kabutomite\n","uploadtime":1698148861,"views":18,"p1id":"kabutomite","p2id":"doerrekong","formatid":"gen9doublesou","rating":1324,"private":0,"password":""}