{"id":"gen9doublesou-1994537530","p1":"ProbSean","p2":"OPieceOfHeroGhost","format":"[Gen 9] Doubles OU","log":"|j|\u2606ProbSean\n|j|\u2606OPieceOfHeroGhost\n|t:|1700456313\n|gametype|doubles\n|player|p1|ProbSean|265|1413\n|player|p2|OPieceOfHeroGhost|morty|1496\n|teamsize|p1|6\n|teamsize|p2|6\n|gen|9\n|tier|[Gen 9] Doubles OU\n|rated|\n|rule|Species Clause: Limit one of each Pok\u00e9mon\n|rule|OHKO Clause: OHKO moves are banned\n|rule|Evasion Moves Clause: Evasion moves are banned\n|rule|Gravity Sleep Clause: The combination of sleep-inducing moves with imperfect accuracy and Gravity or Gigantamax Orbeetle are banned\n|rule|Endless Battle Clause: Forcing endless battles is banned\n|rule|HP Percentage Mod: HP is shown in percentages\n|clearpoke\n|poke|p1|Regidrago|\n|poke|p1|Tornadus, M|\n|poke|p1|Ogerpon-Hearthflame, F|\n|poke|p1|Flutter Mane|\n|poke|p1|Torkoal, M|\n|poke|p1|Lilligant-Hisui, F|\n|poke|p2|Heatran, M|\n|poke|p2|Rillaboom, M|\n|poke|p2|Flutter Mane|\n|poke|p2|Chien-Pao|\n|poke|p2|Iron Hands|\n|poke|p2|Landorus-Therian, M|\n|teampreview\n|\n|t:|1700456321\n|start\n|switch|p1a: Tornadus|Tornadus, M, shiny|100\/100\n|switch|p1b: Ogerpon|Ogerpon-Hearthflame, F|100\/100\n|switch|p2a: \u989d\u554a\uff01\u8150\u8680\u80c6\u6c41\uff01|Heatran, M|100\/100\n|switch|p2b: \u62cd\u6253\u7329|Rillaboom, M|100\/100\n|-ability|p1b: Ogerpon|Mold Breaker\n|-fieldstart|move: Grassy Terrain|[from] ability: Grassy Surge|[of] p2b: \u62cd\u6253\u7329\n|turn|1\n|\n|t:|1700456339\n|move|p1b: Ogerpon|Spiky Shield|p1b: Ogerpon\n|-singleturn|p1b: Ogerpon|move: Protect\n|move|p2b: \u62cd\u6253\u7329|Fake Out|p1b: Ogerpon\n|-activate|p1b: Ogerpon|move: Protect\n|-damage|p2b: \u62cd\u6253\u7329|88\/100|[from] Spiky Shield|[of] p1b: Ogerpon\n|move|p1a: Tornadus|Tailwind|p1a: Tornadus\n|-sidestart|p1: ProbSean|move: Tailwind\n|move|p2a: \u989d\u554a\uff01\u8150\u8680\u80c6\u6c41\uff01|Heat Wave|p1b: Ogerpon|[spread] p1a\n|-activate|p1b: Ogerpon|move: Protect\n|-damage|p1a: Tornadus|72\/100\n|\n|-heal|p2b: \u62cd\u6253\u7329|94\/100|[from] Grassy Terrain\n|upkeep\n|turn|2\n|\n|t:|1700456368\n|switch|p2b: \u571f\u732b\u8e29\u6211|Landorus-Therian, M|100\/100\n|-ability|p2b: \u571f\u732b\u8e29\u6211|Intimidate|boost\n|-unboost|p1a: Tornadus|atk|1\n|-unboost|p1b: Ogerpon|atk|1\n|move|p2a: \u989d\u554a\uff01\u8150\u8680\u80c6\u6c41\uff01|Protect|p2a: \u989d\u554a\uff01\u8150\u8680\u80c6\u6c41\uff01\n|-singleturn|p2a: \u989d\u554a\uff01\u8150\u8680\u80c6\u6c41\uff01|Protect\n|move|p1b: Ogerpon|Ivy Cudgel|p2a: \u989d\u554a\uff01\u8150\u8680\u80c6\u6c41\uff01|[anim] Ivy Cudgel Fire\n|-activate|p2a: \u989d\u554a\uff01\u8150\u8680\u80c6\u6c41\uff01|move: Protect\n|move|p1a: Tornadus|Bleakwind Storm|p2a: \u989d\u554a\uff01\u8150\u8680\u80c6\u6c41\uff01|[spread] p2b\n|-activate|p2a: \u989d\u554a\uff01\u8150\u8680\u80c6\u6c41\uff01|move: Protect\n|-damage|p2b: \u571f\u732b\u8e29\u6211|66\/100\n|\n|upkeep\n|turn|3\n|\n|t:|1700456393\n|switch|p2b: \u4f60\u62cd\u4e94\uff0c\u6211\u62cd\u516d\uff0c\u51fb\u638c\u5947\u88ad\u754f\u4e2a\u7f29|Iron Hands|100\/100\n|-terastallize|p1b: Ogerpon|Fire\n|detailschange|p1b: Ogerpon|Ogerpon-Hearthflame-Tera, F, tera:Fire\n|-ability|p1b: Ogerpon|Embody Aspect (Hearthflame)|boost\n|-boost|p1b: Ogerpon|atk|1\n|move|p1b: Ogerpon|Ivy Cudgel|p2b: \u4f60\u62cd\u4e94\uff0c\u6211\u62cd\u516d\uff0c\u51fb\u638c\u5947\u88ad\u754f\u4e2a\u7f29|[anim] Ivy Cudgel Fire\n|-damage|p2b: \u4f60\u62cd\u4e94\uff0c\u6211\u62cd\u516d\uff0c\u51fb\u638c\u5947\u88ad\u754f\u4e2a\u7f29|52\/100\n|move|p1a: Tornadus|Bleakwind Storm|p2b: \u4f60\u62cd\u4e94\uff0c\u6211\u62cd\u516d\uff0c\u51fb\u638c\u5947\u88ad\u754f\u4e2a\u7f29|[spread] p2a,p2b\n|-resisted|p2a: \u989d\u554a\uff01\u8150\u8680\u80c6\u6c41\uff01\n|-damage|p2a: \u989d\u554a\uff01\u8150\u8680\u80c6\u6c41\uff01|88\/100\n|-damage|p2b: \u4f60\u62cd\u4e94\uff0c\u6211\u62cd\u516d\uff0c\u51fb\u638c\u5947\u88ad\u754f\u4e2a\u7f29|36\/100\n|-unboost|p2b: \u4f60\u62cd\u4e94\uff0c\u6211\u62cd\u516d\uff0c\u51fb\u638c\u5947\u88ad\u754f\u4e2a\u7f29|spe|1\n|move|p2a: \u989d\u554a\uff01\u8150\u8680\u80c6\u6c41\uff01|Heat Wave|p1b: Ogerpon|[spread] p1a,p1b\n|-resisted|p1b: Ogerpon\n|-damage|p1a: Tornadus|43\/100\n|-damage|p1b: Ogerpon|78\/100\n|-status|p1a: Tornadus|brn\n|\n|-heal|p1b: Ogerpon|84\/100|[from] Grassy Terrain\n|-heal|p2a: \u989d\u554a\uff01\u8150\u8680\u80c6\u6c41\uff01|94\/100|[from] Grassy Terrain\n|-heal|p2a: \u989d\u554a\uff01\u8150\u8680\u80c6\u6c41\uff01|100\/100|[from] item: Leftovers\n|-heal|p2b: \u4f60\u62cd\u4e94\uff0c\u6211\u62cd\u516d\uff0c\u51fb\u638c\u5947\u88ad\u754f\u4e2a\u7f29|42\/100|[from] Grassy Terrain\n|-damage|p1a: Tornadus|37\/100 brn|[from] brn\n|upkeep\n|turn|4\n|\n|t:|1700456416\n|move|p1a: Tornadus|Protect|p1a: Tornadus\n|-singleturn|p1a: Tornadus|Protect\n|move|p1b: Ogerpon|Play Rough|p2b: \u4f60\u62cd\u4e94\uff0c\u6211\u62cd\u516d\uff0c\u51fb\u638c\u5947\u88ad\u754f\u4e2a\u7f29\n|-supereffective|p2b: \u4f60\u62cd\u4e94\uff0c\u6211\u62cd\u516d\uff0c\u51fb\u638c\u5947\u88ad\u754f\u4e2a\u7f29\n|-damage|p2b: \u4f60\u62cd\u4e94\uff0c\u6211\u62cd\u516d\uff0c\u51fb\u638c\u5947\u88ad\u754f\u4e2a\u7f29|0 fnt\n|faint|p2b: \u4f60\u62cd\u4e94\uff0c\u6211\u62cd\u516d\uff0c\u51fb\u638c\u5947\u88ad\u754f\u4e2a\u7f29\n|-end|p2b: \u4f60\u62cd\u4e94\uff0c\u6211\u62cd\u516d\uff0c\u51fb\u638c\u5947\u88ad\u754f\u4e2a\u7f29|Quark Drive|[silent]\n|move|p2a: \u989d\u554a\uff01\u8150\u8680\u80c6\u6c41\uff01|Heat Wave|p1b: Ogerpon|[spread] \n|-activate|p1a: Tornadus|move: Protect\n|-miss|p2a: \u989d\u554a\uff01\u8150\u8680\u80c6\u6c41\uff01|p1b: Ogerpon\n|\n|-heal|p1b: Ogerpon|90\/100|[from] Grassy Terrain\n|-damage|p1a: Tornadus|31\/100 brn|[from] brn\n|-sideend|p1: ProbSean|move: Tailwind\n|upkeep\n|\n|t:|1700456442\n|switch|p2b: \u571f\u732b\u8e29\u6211|Landorus-Therian, M|66\/100\n|-ability|p2b: \u571f\u732b\u8e29\u6211|Intimidate|boost\n|-unboost|p1a: Tornadus|atk|1\n|-unboost|p1b: Ogerpon|atk|1\n|turn|5\n|\n|t:|1700456460\n|switch|p1b: Flutter Mane|Flutter Mane|100\/100\n|-enditem|p1b: Flutter Mane|Booster Energy\n|-activate|p1b: Flutter Mane|ability: Protosynthesis|[fromitem]\n|-start|p1b: Flutter Mane|protosynthesisspe\n|move|p1a: Tornadus|Tailwind|p1a: Tornadus\n|-sidestart|p1: ProbSean|move: Tailwind\n|move|p2b: \u571f\u732b\u8e29\u6211|U-turn|p1a: Tornadus\n|-resisted|p1a: Tornadus\n|-damage|p1a: Tornadus|14\/100 brn\n|\n|t:|1700456482\n|switch|p2b: \u4f60\u53d1\u59d0\u6c38\u8fdc\u662f\u4f60\u53d1\u59d0|Flutter Mane|100\/100|[from] U-turn\n|move|p2a: \u989d\u554a\uff01\u8150\u8680\u80c6\u6c41\uff01|Heat Wave|p1b: Flutter Mane|[spread] p1a,p1b\n|-damage|p1a: Tornadus|0 fnt\n|-damage|p1b: Flutter Mane|58\/100\n|faint|p1a: Tornadus\n|\n|-heal|p1b: Flutter Mane|64\/100|[from] Grassy Terrain\n|-fieldend|move: Grassy Terrain\n|upkeep\n|\n|t:|1700456502\n|switch|p1a: Torkoal|Torkoal, M, shiny|100\/100\n|-weather|SunnyDay|[from] ability: Drought|[of] p1a: Torkoal\n|-activate|p2b: \u4f60\u53d1\u59d0\u6c38\u8fdc\u662f\u4f60\u53d1\u59d0|ability: Protosynthesis\n|-start|p2b: \u4f60\u53d1\u59d0\u6c38\u8fdc\u662f\u4f60\u53d1\u59d0|protosynthesisspa\n|turn|6\n|\n|t:|1700456528\n|-end|p2b: \u4f60\u53d1\u59d0\u6c38\u8fdc\u662f\u4f60\u53d1\u59d0|Protosynthesis|[silent]\n|switch|p2b: \u62cd\u6253\u7329|Rillaboom, M|94\/100\n|-fieldstart|move: Grassy Terrain|[from] ability: Grassy Surge|[of] p2b: \u62cd\u6253\u7329\n|-terastallize|p2a: \u989d\u554a\uff01\u8150\u8680\u80c6\u6c41\uff01|Grass\n|move|p1b: Flutter Mane|Icy Wind|p2b: \u62cd\u6253\u7329|[spread] p2a,p2b\n|-supereffective|p2a: \u989d\u554a\uff01\u8150\u8680\u80c6\u6c41\uff01\n|-supereffective|p2b: \u62cd\u6253\u7329\n|-damage|p2a: \u989d\u554a\uff01\u8150\u8680\u80c6\u6c41\uff01|74\/100\n|-damage|p2b: \u62cd\u6253\u7329|65\/100\n|-unboost|p2a: \u989d\u554a\uff01\u8150\u8680\u80c6\u6c41\uff01|spe|1\n|-unboost|p2b: \u62cd\u6253\u7329|spe|1\n|move|p1a: Torkoal|Earth Power|p2a: \u989d\u554a\uff01\u8150\u8680\u80c6\u6c41\uff01\n|-resisted|p2a: \u989d\u554a\uff01\u8150\u8680\u80c6\u6c41\uff01\n|-damage|p2a: \u989d\u554a\uff01\u8150\u8680\u80c6\u6c41\uff01|64\/100\n|move|p2a: \u989d\u554a\uff01\u8150\u8680\u80c6\u6c41\uff01|Earth Power|p1a: Torkoal\n|-supereffective|p1a: Torkoal\n|-damage|p1a: Torkoal|10\/100\n|\n|-weather|SunnyDay|[upkeep]\n|-heal|p1b: Flutter Mane|70\/100|[from] Grassy Terrain\n|-heal|p1a: Torkoal|16\/100|[from] Grassy Terrain\n|-heal|p2b: \u62cd\u6253\u7329|71\/100|[from] Grassy Terrain\n|-heal|p2a: \u989d\u554a\uff01\u8150\u8680\u80c6\u6c41\uff01|70\/100|[from] Grassy Terrain\n|-heal|p2a: \u989d\u554a\uff01\u8150\u8680\u80c6\u6c41\uff01|77\/100|[from] item: Leftovers\n|upkeep\n|turn|7\n|\n|t:|1700456560\n|move|p2a: \u989d\u554a\uff01\u8150\u8680\u80c6\u6c41\uff01|Protect|p2a: \u989d\u554a\uff01\u8150\u8680\u80c6\u6c41\uff01\n|-singleturn|p2a: \u989d\u554a\uff01\u8150\u8680\u80c6\u6c41\uff01|Protect\n|move|p2b: \u62cd\u6253\u7329|Grassy Glide|p1b: Flutter Mane\n|-damage|p1b: Flutter Mane|0 fnt\n|faint|p1b: Flutter Mane\n|-end|p1b: Flutter Mane|Protosynthesis|[silent]\n|move|p1a: Torkoal|Stealth Rock|p2a: \u989d\u554a\uff01\u8150\u8680\u80c6\u6c41\uff01\n|-sidestart|p2: OPieceOfHeroGhost|move: Stealth Rock\n|\n|-weather|SunnyDay|[upkeep]\n|-heal|p1a: Torkoal|22\/100|[from] Grassy Terrain\n|-heal|p2b: \u62cd\u6253\u7329|78\/100|[from] Grassy Terrain\n|-heal|p2a: \u989d\u554a\uff01\u8150\u8680\u80c6\u6c41\uff01|83\/100|[from] Grassy Terrain\n|-heal|p2a: \u989d\u554a\uff01\u8150\u8680\u80c6\u6c41\uff01|89\/100|[from] item: Leftovers\n|upkeep\n|\n|t:|1700456575\n|switch|p1b: Regidrago|Regidrago, shiny|100\/100\n|turn|8\n|\n|t:|1700456595\n|move|p2b: \u62cd\u6253\u7329|Grassy Glide|p1b: Regidrago\n|-resisted|p1b: Regidrago\n|-damage|p1b: Regidrago|73\/100\n|move|p1b: Regidrago|Dragon Energy|p2b: \u62cd\u6253\u7329|[spread] p2a,p2b\n|-damage|p2a: \u989d\u554a\uff01\u8150\u8680\u80c6\u6c41\uff01|39\/100\n|-damage|p2b: \u62cd\u6253\u7329|6\/100\n|move|p1a: Torkoal|Heat Wave|p2b: \u62cd\u6253\u7329|[spread] p2b\n|-start|p2a: \u989d\u554a\uff01\u8150\u8680\u80c6\u6c41\uff01|ability: Flash Fire\n|-supereffective|p2b: \u62cd\u6253\u7329\n|-damage|p2b: \u62cd\u6253\u7329|0 fnt\n|faint|p2b: \u62cd\u6253\u7329\n|move|p2a: \u989d\u554a\uff01\u8150\u8680\u80c6\u6c41\uff01|Heat Wave|p1b: Regidrago|[spread] p1a,p1b\n|-resisted|p1a: Torkoal\n|-crit|p1a: Torkoal\n|-resisted|p1b: Regidrago\n|-damage|p1a: Torkoal|0 fnt\n|-damage|p1b: Regidrago|23\/100\n|faint|p1a: Torkoal\n|\n|-weather|SunnyDay|[upkeep]\n|-heal|p1b: Regidrago|29\/100|[from] Grassy Terrain\n|-heal|p2a: \u989d\u554a\uff01\u8150\u8680\u80c6\u6c41\uff01|45\/100|[from] Grassy Terrain\n|-heal|p2a: \u989d\u554a\uff01\u8150\u8680\u80c6\u6c41\uff01|51\/100|[from] item: Leftovers\n|-sideend|p1: ProbSean|move: Tailwind\n|upkeep\n|\n|t:|1700456611\n|switch|p2b: \u4f60\u53d1\u59d0\u6c38\u8fdc\u662f\u4f60\u53d1\u59d0|Flutter Mane|100\/100\n|switch|p1a: Lilligant|Lilligant-Hisui, F, shiny|100\/100\n|-damage|p2b: \u4f60\u53d1\u59d0\u6c38\u8fdc\u662f\u4f60\u53d1\u59d0|88\/100|[from] Stealth Rock\n|-activate|p2b: \u4f60\u53d1\u59d0\u6c38\u8fdc\u662f\u4f60\u53d1\u59d0|ability: Protosynthesis\n|-start|p2b: \u4f60\u53d1\u59d0\u6c38\u8fdc\u662f\u4f60\u53d1\u59d0|protosynthesisspa\n|turn|9\n|\n|t:|1700456635\n|-end|p2b: \u4f60\u53d1\u59d0\u6c38\u8fdc\u662f\u4f60\u53d1\u59d0|Protosynthesis|[silent]\n|switch|p2b: \u571f\u732b\u8e29\u6211|Landorus-Therian, M|66\/100\n|-damage|p2b: \u571f\u732b\u8e29\u6211|53\/100|[from] Stealth Rock\n|-ability|p2b: \u571f\u732b\u8e29\u6211|Intimidate|boost\n|-unboost|p1a: Lilligant|atk|1\n|-unboost|p1b: Regidrago|atk|1\n|move|p1b: Regidrago|Protect|p1b: Regidrago\n|-singleturn|p1b: Regidrago|Protect\n|move|p1a: Lilligant|Ice Spinner|p2a: \u989d\u554a\uff01\u8150\u8680\u80c6\u6c41\uff01\n|-supereffective|p2a: \u989d\u554a\uff01\u8150\u8680\u80c6\u6c41\uff01\n|-damage|p2a: \u989d\u554a\uff01\u8150\u8680\u80c6\u6c41\uff01|22\/100\n|-fieldend|move: Grassy Terrain\n|move|p2a: \u989d\u554a\uff01\u8150\u8680\u80c6\u6c41\uff01|Heat Wave|p1a: Lilligant|[spread] p1a\n|-activate|p1b: Regidrago|move: Protect\n|-supereffective|p1a: Lilligant\n|-enditem|p1a: Lilligant|Focus Sash\n|-damage|p1a: Lilligant|1\/100\n|\n|-weather|SunnyDay|[upkeep]\n|-heal|p2a: \u989d\u554a\uff01\u8150\u8680\u80c6\u6c41\uff01|28\/100|[from] item: Leftovers\n|upkeep\n|turn|10\n|\n|t:|1700456659\n|move|p2a: \u989d\u554a\uff01\u8150\u8680\u80c6\u6c41\uff01|Protect|p2a: \u989d\u554a\uff01\u8150\u8680\u80c6\u6c41\uff01\n|-singleturn|p2a: \u989d\u554a\uff01\u8150\u8680\u80c6\u6c41\uff01|Protect\n|move|p1a: Lilligant|Ice Spinner|p2a: \u989d\u554a\uff01\u8150\u8680\u80c6\u6c41\uff01\n|-activate|p2a: \u989d\u554a\uff01\u8150\u8680\u80c6\u6c41\uff01|move: Protect\n|move|p2b: \u571f\u732b\u8e29\u6211|Rock Slide|p1b: Regidrago|[spread] p1a,p1b\n|-resisted|p1a: Lilligant\n|-damage|p1a: Lilligant|0 fnt\n|-damage|p1b: Regidrago|5\/100\n|faint|p1a: Lilligant\n|move|p1b: Regidrago|Draco Meteor|p2b: \u571f\u732b\u8e29\u6211\n|-damage|p2b: \u571f\u732b\u8e29\u6211|0 fnt\n|-unboost|p1b: Regidrago|spa|2\n|faint|p2b: \u571f\u732b\u8e29\u6211\n|\n|-weather|none\n|-heal|p2a: \u989d\u554a\uff01\u8150\u8680\u80c6\u6c41\uff01|35\/100|[from] item: Leftovers\n|upkeep\n|\n|t:|1700456670\n|switch|p1a: Ogerpon|Ogerpon-Hearthflame-Tera, F, tera:Fire|90\/100\n|switch|p2b: ku\ud83d\udcb0\u70ae|Chien-Pao|100\/100\n|-damage|p2b: ku\ud83d\udcb0\u70ae|76\/100|[from] Stealth Rock\n|-ability|p2b: ku\ud83d\udcb0\u70ae|Sword of Ruin\n|-ability|p1a: Ogerpon|Embody Aspect (Hearthflame)|boost\n|-boost|p1a: Ogerpon|atk|1\n|turn|11\n|\n|t:|1700456692\n|move|p1a: Ogerpon|Spiky Shield|p1a: Ogerpon\n|-singleturn|p1a: Ogerpon|move: Protect\n|move|p2b: ku\ud83d\udcb0\u70ae|Sacred Sword|p1b: Regidrago\n|-damage|p1b: Regidrago|0 fnt\n|faint|p1b: Regidrago\n|move|p2a: \u989d\u554a\uff01\u8150\u8680\u80c6\u6c41\uff01|Earth Power|p1a: Ogerpon\n|-activate|p1a: Ogerpon|move: Protect\n|\n|-heal|p2a: \u989d\u554a\uff01\u8150\u8680\u80c6\u6c41\uff01|41\/100|[from] item: Leftovers\n|upkeep\n|turn|12\n|\n|t:|1700456704\n|move|p2b: ku\ud83d\udcb0\u70ae|Protect|p2b: ku\ud83d\udcb0\u70ae\n|-singleturn|p2b: ku\ud83d\udcb0\u70ae|Protect\n|move|p2a: \u989d\u554a\uff01\u8150\u8680\u80c6\u6c41\uff01|Protect|p2a: \u989d\u554a\uff01\u8150\u8680\u80c6\u6c41\uff01\n|-singleturn|p2a: \u989d\u554a\uff01\u8150\u8680\u80c6\u6c41\uff01|Protect\n|move|p1a: Ogerpon|Ivy Cudgel|p2b: ku\ud83d\udcb0\u70ae|[anim] Ivy Cudgel Fire\n|-activate|p2b: ku\ud83d\udcb0\u70ae|move: Protect\n|\n|-heal|p2a: \u989d\u554a\uff01\u8150\u8680\u80c6\u6c41\uff01|47\/100|[from] item: Leftovers\n|upkeep\n|turn|13\n|\n|t:|1700456718\n|move|p2b: ku\ud83d\udcb0\u70ae|Sacred Sword|p1a: Ogerpon\n|-damage|p1a: Ogerpon|41\/100\n|move|p1a: Ogerpon|Play Rough|p2a: \u989d\u554a\uff01\u8150\u8680\u80c6\u6c41\uff01\n|-damage|p2a: \u989d\u554a\uff01\u8150\u8680\u80c6\u6c41\uff01|0 fnt\n|faint|p2a: \u989d\u554a\uff01\u8150\u8680\u80c6\u6c41\uff01\n|\n|upkeep\n|\n|t:|1700456726\n|switch|p2a: \u4f60\u53d1\u59d0\u6c38\u8fdc\u662f\u4f60\u53d1\u59d0|Flutter Mane|88\/100\n|-damage|p2a: \u4f60\u53d1\u59d0\u6c38\u8fdc\u662f\u4f60\u53d1\u59d0|76\/100|[from] Stealth Rock\n|turn|14\n|\n|t:|1700456734\n|move|p2b: ku\ud83d\udcb0\u70ae|Sucker Punch|p1a: Ogerpon\n|-damage|p1a: Ogerpon|0 fnt\n|faint|p1a: Ogerpon\n|\n|win|OPieceOfHeroGhost\n|raw|ProbSean's rating: 1413 &rarr; <strong>1398<\/strong><br \/>(-15 for losing)\n|raw|OPieceOfHeroGhost's rating: 1496 &rarr; <strong>1511<\/strong><br \/>(+15 for winning)\n|l|\u2606ProbSean\n","uploadtime":1700456751,"views":6,"p1id":"probsean","p2id":"opieceofheroghost","formatid":"gen9doublesou","rating":1398,"private":0,"password":""}