{"id":"gen9doublesou-1970042173","p1":"SunGodSolarie","p2":"theyellowgreninja","format":"[Gen 9] Doubles OU","log":"|j|\u2606SunGodSolarie\n|j|\u2606theyellowgreninja\n|inactive|Battle timer is ON: inactive players will automatically lose when time's up.\n|t:|1697588152\n|gametype|doubles\n|player|p1|SunGodSolarie|102|\n|player|p2|theyellowgreninja|265|\n|teamsize|p1|6\n|teamsize|p2|6\n|gen|9\n|tier|[Gen 9] Doubles OU\n|rated|Tournament battle\n|rule|Species Clause: Limit one of each Pok\u00e9mon\n|rule|OHKO Clause: OHKO moves are banned\n|rule|Evasion Moves Clause: Evasion moves are banned\n|rule|Gravity Sleep Clause: The combination of sleep-inducing moves with imperfect accuracy and Gravity or Gigantamax Orbeetle are banned\n|rule|Endless Battle Clause: Forcing endless battles is banned\n|rule|HP Percentage Mod: HP is shown in percentages\n|clearpoke\n|poke|p1|Pineco, F|\n|poke|p1|Clauncher, M|\n|poke|p1|Sandygast, F|\n|poke|p1|Girafarig, F|\n|poke|p1|Chimchar, F|\n|poke|p1|Raboot, F|\n|poke|p2|Zorua-Hisui, F|\n|poke|p2|Silicobra, F|\n|poke|p2|Fraxure, F|\n|poke|p2|Impidimp, M|\n|poke|p2|Gholdengo|\n|poke|p2|Mienfoo, M|\n|teampreview\n|inactive|theyellowgreninja also wants the timer to be on.\n|j|*Lady Monita \u263d\n|\n|t:|1697588173\n|start\n|switch|p1a: Raboot|Raboot, F|100\/100\n|switch|p1b: Girafarig|Girafarig, F|100\/100\n|switch|p2a: Impidimp|Impidimp, M|100\/100\n|switch|p2b: Silicobra|Silicobra, F, shiny|100\/100\n|turn|1\n|\n|t:|1697588189\n|switch|p1a: Sandygast|Sandygast, F|100\/100\n|move|p2a: Impidimp|Light Screen|p2a: Impidimp\n|-sidestart|p2: theyellowgreninja|move: Light Screen\n|move|p1b: Girafarig|Dazzling Gleam|p2a: Impidimp|[spread] p2a,p2b\n|-supereffective|p2a: Impidimp\n|-crit|p2b: Silicobra\n|-damage|p2a: Impidimp|77\/100\n|-damage|p2b: Silicobra|66\/100\n|move|p2b: Silicobra|Stealth Rock|p1b: Girafarig\n|-sidestart|p1: SunGodSolarie|move: Stealth Rock\n|\n|upkeep\n|turn|2\n|\n|t:|1697588206\n|move|p2a: Impidimp|Reflect|p2a: Impidimp\n|-sidestart|p2: theyellowgreninja|Reflect\n|move|p1b: Girafarig|Hyper Voice|p2a: Impidimp|[spread] p2a,p2b\n|-damage|p2a: Impidimp|59\/100\n|-damage|p2b: Silicobra|41\/100\n|move|p2b: Silicobra|Coil|p2b: Silicobra\n|-boost|p2b: Silicobra|atk|1\n|-boost|p2b: Silicobra|def|1\n|-boost|p2b: Silicobra|accuracy|1\n|move|p1a: Sandygast|Earth Power|p2a: Impidimp\n|-damage|p2a: Impidimp|36\/100\n|\n|upkeep\n|turn|3\n|\n|t:|1697588221\n|move|p2a: Impidimp|Thunder Wave|p1b: Girafarig\n|-status|p1b: Girafarig|par\n|move|p2b: Silicobra|Earthquake|p1b: Girafarig|[spread] p2a,p1a,p1b\n|-crit|p1b: Girafarig\n|-damage|p2a: Impidimp|0 fnt\n|-damage|p1a: Sandygast|68\/100\n|-damage|p1b: Girafarig|48\/100 par\n|faint|p2a: Impidimp\n|cant|p1b: Girafarig|par\n|move|p1a: Sandygast|Earth Power|p2b: Silicobra\n|-damage|p2b: Silicobra|10\/100\n|\n|upkeep\n|\n|t:|1697588235\n|switch|p2a: Mienfoo|Mienfoo, M, shiny|100\/100\n|turn|4\n|\n|t:|1697588245\n|move|p2a: Mienfoo|Fake Out|p1b: Girafarig\n|-damage|p1b: Girafarig|37\/100 par\n|move|p2b: Silicobra|Earthquake|p1b: Girafarig|[spread] p2a,p1a,p1b\n|-damage|p2a: Mienfoo|67\/100\n|-damage|p1a: Sandygast|31\/100\n|-damage|p1b: Girafarig|3\/100 par\n|move|p1b: Girafarig|Hyper Voice|p2b: Silicobra|[spread] p2a,p2b\n|-damage|p2a: Mienfoo|39\/100\n|-damage|p2b: Silicobra|0 fnt\n|faint|p2b: Silicobra\n|move|p1a: Sandygast|Shore Up|p1a: Sandygast\n|-heal|p1a: Sandygast|81\/100\n|\n|upkeep\n|\n|t:|1697588258\n|switch|p2b: Gholdengo|Gholdengo|100\/100\n|turn|5\n|\n|t:|1697588278\n|-terastallize|p1a: Sandygast|Grass\n|move|p2b: Gholdengo|Agility|p2b: Gholdengo\n|-boost|p2b: Gholdengo|spe|2\n|move|p2a: Mienfoo|Knock Off|p1a: Sandygast\n|-crit|p1a: Sandygast\n|-damage|p1a: Sandygast|45\/100\n|-enditem|p1a: Sandygast|Eviolite|[from] move: Knock Off|[of] p2a: Mienfoo\n|move|p1b: Girafarig|Dazzling Gleam|p2b: Gholdengo|[spread] p2a,p2b\n|-supereffective|p2a: Mienfoo\n|-damage|p2a: Mienfoo|8\/100\n|-damage|p2b: Gholdengo|64\/100\n|replace|p2b: Zorua|Zorua-Hisui, F, shiny\n|-end|p2b: Zorua|Illusion\n|move|p1a: Sandygast|Earth Power|p2b: Zorua\n|-damage|p2b: Zorua|0 fnt\n|faint|p2b: Zorua\n|\n|-sideend|p2: theyellowgreninja|move: Light Screen\n|upkeep\n|\n|t:|1697588299\n|switch|p2b: Fraxure|Fraxure, F, shiny|100\/100\n|-ability|p2b: Fraxure|Mold Breaker\n|turn|6\n|\n|t:|1697588309\n|move|p2b: Fraxure|Swords Dance|p2b: Fraxure\n|-boost|p2b: Fraxure|atk|2\n|move|p2a: Mienfoo|U-turn|p1b: Girafarig\n|-supereffective|p1b: Girafarig\n|-damage|p1b: Girafarig|0 fnt\n|faint|p1b: Girafarig\n|\n|t:|1697588316\n|switch|p2a: Gholdengo|Gholdengo|100\/100|[from] U-turn\n|-item|p2a: Gholdengo|Air Balloon\n|move|p1a: Sandygast|Destiny Bond|p1a: Sandygast\n|-singlemove|p1a: Sandygast|Destiny Bond\n|\n|-sideend|p2: theyellowgreninja|Reflect\n|upkeep\n|\n|t:|1697588322\n|switch|p1b: Pineco|Pineco, F|100\/100\n|-damage|p1b: Pineco|76\/100|[from] Stealth Rock\n|turn|7\n|\n|t:|1697588342\n|move|p2a: Gholdengo|Dazzling Gleam|p1b: Pineco|[spread] p1a,p1b\n|-damage|p1a: Sandygast|0 fnt\n|-damage|p1b: Pineco|22\/100\n|faint|p1a: Sandygast\n|-activate|p1a: Sandygast|move: Destiny Bond\n|faint|p2a: Gholdengo\n|move|p2b: Fraxure|Bulldoze|p1b: Pineco\n|-resisted|p1b: Pineco\n|-damage|p1b: Pineco|2\/100\n|-unboost|p1b: Pineco|spe|1\n|move|p1b: Pineco|Spikes|p2b: Fraxure\n|-sidestart|p2: theyellowgreninja|Spikes\n|\n|upkeep\n|c|\u2606theyellowgreninja|i thought destiny bond went away at the start of the turn :(\n|\n|t:|1697588361\n|switch|p2a: Mienfoo|Mienfoo, M, shiny|41\/100\n|switch|p1a: Chimchar|Chimchar, F|100\/100\n|-damage|p2a: Mienfoo|29\/100|[from] Spikes\n|-damage|p1a: Chimchar|76\/100|[from] Stealth Rock\n|turn|8\n|-enditem|p1b: Pineco|Custap Berry|[eat]\n|-activate|p1b: Pineco|item: Custap Berry|[consumed]\n|\n|t:|1697588376\n|move|p2a: Mienfoo|Fake Out|p1a: Chimchar\n|-damage|p1a: Chimchar|58\/100\n|cant|p1a: Chimchar|flinch\n|move|p1b: Pineco|Struggle Bug|p2b: Fraxure|[spread] p2a,p2b\n|-resisted|p2a: Mienfoo\n|-damage|p2a: Mienfoo|25\/100\n|-damage|p2b: Fraxure|94\/100\n|-unboost|p2a: Mienfoo|spa|1\n|-unboost|p2b: Fraxure|spa|1\n|move|p2b: Fraxure|Bulldoze|p1a: Chimchar|[spread] p2a,p1a,p1b\n|-supereffective|p1a: Chimchar\n|-resisted|p1b: Pineco\n|-damage|p2a: Mienfoo|0 fnt\n|-damage|p1a: Chimchar|0 fnt\n|-damage|p1b: Pineco|0 fnt\n|faint|p2a: Mienfoo\n|faint|p1a: Chimchar\n|faint|p1b: Pineco\n|\n|upkeep\n|\n|t:|1697588388\n|switch|p1a: Raboot|Raboot, F|100\/100\n|switch|p1b: Clauncher|Clauncher, M|100\/100\n|-damage|p1b: Clauncher|88\/100|[from] Stealth Rock\n|turn|9\n|\n|t:|1697588398\n|move|p1a: Raboot|Sucker Punch|p2b: Fraxure\n|-start|p1a: Raboot|typechange|Dark|[from] ability: Libero\n|-damage|p2b: Fraxure|67\/100\n|move|p2b: Fraxure|Outrage|p1b: Clauncher\n|-damage|p1b: Clauncher|0 fnt\n|faint|p1b: Clauncher\n|\n|upkeep\n|turn|10\n|\n|t:|1697588408\n|move|p1a: Raboot|Sucker Punch|p2b: Fraxure\n|-damage|p2b: Fraxure|43\/100\n|move|p2b: Fraxure|Outrage|p1a: Raboot|[from]lockedmove\n|-damage|p1a: Raboot|0 fnt\n|faint|p1a: Raboot\n|-start|p2b: Fraxure|confusion|[fatigue]\n|\n|win|theyellowgreninja\n|n|\u2606SunGodSolarie|sungodsolarie\n|n|\u2606theyellowgreninja|theyellowgreninja\n|n|*Lady Monita \u263d|ladymonita\n","uploadtime":1697588409,"views":17,"p1id":"sungodsolarie","p2id":"theyellowgreninja","formatid":"gen9doublesou","rating":0,"private":0,"password":""}