{"id":"gen9doublesou-1985648550","p1":"MageDream\/UHE","p2":"HellaBackWoods909","format":"[Gen 9] Doubles OU","log":"|j|\u2606MageDream\/UHE\n|j|\u2606HellaBackWoods909\n|t:|1699392189\n|gametype|doubles\n|player|p1|MageDream\/UHE|chuck|1298\n|player|p2|HellaBackWoods909|102|1372\n|teamsize|p1|6\n|teamsize|p2|6\n|gen|9\n|tier|[Gen 9] Doubles OU\n|rated|\n|rule|Species Clause: Limit one of each Pok\u00e9mon\n|rule|OHKO Clause: OHKO moves are banned\n|rule|Evasion Moves Clause: Evasion moves are banned\n|rule|Gravity Sleep Clause: The combination of sleep-inducing moves with imperfect accuracy and Gravity or Gigantamax Orbeetle are banned\n|rule|Endless Battle Clause: Forcing endless battles is banned\n|rule|HP Percentage Mod: HP is shown in percentages\n|clearpoke\n|poke|p1|Scizor, F|\n|poke|p1|Rillaboom, M|\n|poke|p1|Pelipper, F|\n|poke|p1|Walking Wake|\n|poke|p1|Tornadus, M|\n|poke|p1|Clefable, F|\n|poke|p2|Flutter Mane|\n|poke|p2|Manaphy|\n|poke|p2|Landorus-Therian, M|\n|poke|p2|Kingambit, F|\n|poke|p2|Chien-Pao|\n|poke|p2|Torkoal, F|\n|teampreview\n|\n|t:|1699392200\n|start\n|switch|p1a: Scizor|Scizor, F|100\/100\n|switch|p1b: Tornadus|Tornadus, M|100\/100\n|switch|p2a: Flutter Mane|Flutter Mane|100\/100\n|switch|p2b: Chien-Pao|Chien-Pao|100\/100\n|-ability|p2b: Chien-Pao|Sword of Ruin\n|turn|1\n|\n|t:|1699392216\n|-end|p2a: Flutter Mane|Protosynthesis|[silent]\n|switch|p2a: Landorus|Landorus-Therian, M|100\/100\n|-ability|p2a: Landorus|Intimidate|boost\n|-unboost|p1a: Scizor|atk|1\n|-unboost|p1b: Tornadus|atk|1\n|move|p1b: Tornadus|Tailwind|p1b: Tornadus\n|-sidestart|p1: MageDream\/UHE|move: Tailwind\n|move|p2b: Chien-Pao|Ice Spinner|p1b: Tornadus\n|-supereffective|p1b: Tornadus\n|-damage|p1b: Tornadus|0 fnt\n|faint|p1b: Tornadus\n|move|p1a: Scizor|U-turn|p2b: Chien-Pao\n|-supereffective|p2b: Chien-Pao\n|-damage|p2b: Chien-Pao|12\/100\n|-damage|p1a: Scizor|91\/100|[from] item: Life Orb\n|\n|t:|1699392230\n|switch|p1a: Pelipper|Pelipper, F|100\/100|[from] U-turn\n|-weather|RainDance|[from] ability: Drizzle|[of] p1a: Pelipper\n|\n|-weather|RainDance|[upkeep]\n|upkeep\n|\n|t:|1699392240\n|switch|p1b: Clefable|Clefable, F|100\/100\n|turn|2\n|\n|t:|1699392260\n|move|p2b: Chien-Pao|Crunch|p1a: Pelipper\n|-damage|p1a: Pelipper|46\/100\n|move|p1a: Pelipper|Surf|p2a: Landorus|[spread] p1b,p2a,p2b\n|-supereffective|p2a: Landorus\n|-damage|p1b: Clefable|53\/100\n|-damage|p2a: Landorus|0 fnt\n|-damage|p2b: Chien-Pao|0 fnt\n|faint|p2a: Landorus\n|faint|p2b: Chien-Pao\n|move|p1b: Clefable|Stealth Rock|p2: Landorus\n|-sidestart|p2: HellaBackWoods909|move: Stealth Rock\n|\n|-weather|RainDance|[upkeep]\n|-heal|p1a: Pelipper|53\/100|[from] item: Leftovers\n|upkeep\n|\n|t:|1699392268\n|switch|p2b: Flutter Mane|Flutter Mane|100\/100\n|switch|p2a: Torkoal|Torkoal, F|100\/100\n|-damage|p2b: Flutter Mane|88\/100|[from] Stealth Rock\n|-weather|SunnyDay|[from] ability: Drought|[of] p2a: Torkoal\n|-activate|p2b: Flutter Mane|ability: Protosynthesis\n|-start|p2b: Flutter Mane|protosynthesisspe\n|turn|3\n|\n|t:|1699392285\n|move|p1a: Pelipper|Wide Guard|p1a: Pelipper\n|-singleturn|p1a: Pelipper|Wide Guard\n|move|p2b: Flutter Mane|Dazzling Gleam|p1b: Clefable|[spread] \n|-activate|p1a: Pelipper|move: Wide Guard\n|-activate|p1b: Clefable|move: Wide Guard\n|move|p1b: Clefable|Moonblast|p2b: Flutter Mane\n|-damage|p2b: Flutter Mane|57\/100\n|move|p2a: Torkoal|Rapid Spin|p1b: Clefable\n|-damage|p1b: Clefable|45\/100\n|-boost|p2a: Torkoal|spe|1\n|-damage|p2a: Torkoal|84\/100|[from] item: Rocky Helmet|[of] p1b: Clefable\n|-sideend|p2: HellaBackWoods909|Stealth Rock|[from] move: Rapid Spin|[of] p2a: Torkoal\n|\n|-weather|SunnyDay|[upkeep]\n|-heal|p1a: Pelipper|59\/100|[from] item: Leftovers\n|upkeep\n|turn|4\n|\n|t:|1699392323\n|move|p1b: Clefable|Follow Me|p1b: Clefable\n|-singleturn|p1b: Clefable|move: Follow Me\n|move|p2b: Flutter Mane|Shadow Ball|p1b: Clefable\n|-damage|p1b: Clefable|7\/100\n|-unboost|p1b: Clefable|spd|1\n|move|p1a: Pelipper|Surf|p2a: Torkoal|[spread] p1b,p2a,p2b\n|-supereffective|p2a: Torkoal\n|-damage|p1b: Clefable|0 fnt\n|-damage|p2a: Torkoal|42\/100\n|-damage|p2b: Flutter Mane|46\/100\n|faint|p1b: Clefable\n|move|p2a: Torkoal|Yawn|p1a: Pelipper\n|-start|p1a: Pelipper|move: Yawn|[of] p2a: Torkoal\n|\n|-weather|SunnyDay|[upkeep]\n|-heal|p1a: Pelipper|65\/100|[from] item: Leftovers\n|-sideend|p1: MageDream\/UHE|move: Tailwind\n|upkeep\n|\n|t:|1699392342\n|switch|p1b: Scizor|Scizor, F|91\/100\n|turn|5\n|\n|t:|1699392385\n|-end|p2b: Flutter Mane|Protosynthesis|[silent]\n|switch|p2b: Manaphy|Manaphy|100\/100\n|switch|p1a: Walking Wake|Walking Wake|100\/100\n|-activate|p1a: Walking Wake|ability: Protosynthesis\n|-start|p1a: Walking Wake|protosynthesisspa\n|move|p1b: Scizor|Bullet Punch|p2b: Manaphy\n|-resisted|p2b: Manaphy\n|-damage|p2b: Manaphy|77\/100\n|-damage|p1b: Scizor|81\/100|[from] item: Life Orb\n|move|p2a: Torkoal|Heat Wave|p1a: Walking Wake|[spread] p1a,p1b\n|-resisted|p1a: Walking Wake\n|-supereffective|p1b: Scizor\n|-damage|p1a: Walking Wake|88\/100\n|-damage|p1b: Scizor|0 fnt\n|faint|p1b: Scizor\n|\n|-weather|SunnyDay|[upkeep]\n|-heal|p2b: Manaphy|83\/100|[from] item: Leftovers\n|upkeep\n|\n|t:|1699392403\n|switch|p1b: Rillaboom|Rillaboom, M|100\/100\n|-fieldstart|move: Grassy Terrain|[from] ability: Grassy Surge|[of] p1b: Rillaboom\n|-enditem|p1a: Walking Wake|Grassy Seed\n|-boost|p1a: Walking Wake|def|1|[from] item: Grassy Seed\n|turn|6\n|\n|t:|1699392428\n|switch|p2b: Flutter Mane|Flutter Mane|46\/100\n|-activate|p2b: Flutter Mane|ability: Protosynthesis\n|-start|p2b: Flutter Mane|protosynthesisspe\n|-terastallize|p1b: Rillaboom|Grass\n|move|p1b: Rillaboom|Grassy Glide|p2b: Flutter Mane\n|-damage|p2b: Flutter Mane|0 fnt\n|faint|p2b: Flutter Mane\n|-end|p2b: Flutter Mane|Protosynthesis|[silent]\n|move|p1a: Walking Wake|Hydro Steam|p2a: Torkoal\n|-supereffective|p2a: Torkoal\n|-damage|p2a: Torkoal|0 fnt\n|faint|p2a: Torkoal\n|\n|-weather|SunnyDay|[upkeep]\n|-heal|p1a: Walking Wake|94\/100|[from] Grassy Terrain\n|upkeep\n|\n|t:|1699392462\n|switch|p2b: Manaphy|Manaphy|83\/100\n|switch|p2a: Kingambit|Kingambit, F|100\/100\n|-activate|p2a: Kingambit|ability: Supreme Overlord\n|-start|p2a: Kingambit|fallen4|[silent]\n|turn|7\n|\n|t:|1699392471\n|switch|p1b: Pelipper|Pelipper, F|65\/100\n|-weather|RainDance|[from] ability: Drizzle|[of] p1b: Pelipper\n|-end|p1a: Walking Wake|Protosynthesis\n|-terastallize|p2a: Kingambit|Dragon\n|move|p1a: Walking Wake|Breaking Swipe|p2a: Kingambit|[spread] p2a,p2b\n|-supereffective|p2a: Kingambit\n|-damage|p2a: Kingambit|75\/100\n|-damage|p2b: Manaphy|68\/100\n|-unboost|p2a: Kingambit|atk|1\n|-unboost|p2b: Manaphy|atk|1\n|move|p2b: Manaphy|Ice Beam|p1a: Walking Wake\n|-damage|p1a: Walking Wake|62\/100\n|move|p2a: Kingambit|Poison Jab|p1b: Pelipper\n|-damage|p1b: Pelipper|33\/100\n|\n|-weather|RainDance|[upkeep]\n|-heal|p1a: Walking Wake|68\/100|[from] Grassy Terrain\n|-heal|p2b: Manaphy|74\/100|[from] Grassy Terrain\n|-heal|p2b: Manaphy|80\/100|[from] item: Leftovers\n|-heal|p1b: Pelipper|39\/100|[from] item: Leftovers\n|-heal|p2a: Kingambit|81\/100|[from] Grassy Terrain\n|upkeep\n|turn|8\n|-message|HellaBackWoods909 forfeited.\n|\n|win|MageDream\/UHE\n|raw|MageDream&#x2f;UHE's rating: 1298 &rarr; <strong>1328<\/strong><br \/>(+30 for winning)\n|raw|HellaBackWoods909's rating: 1372 &rarr; <strong>1348<\/strong><br \/>(-24 for losing)\n|l|\u2606HellaBackWoods909\n","uploadtime":1699392670,"views":10,"p1id":"magedreamuhe","p2id":"hellabackwoods909","formatid":"gen9doublesou","rating":1328,"private":0,"password":""}