{"id":"gen9doublesou-1982196517","p1":"chippers76","p2":"jackgw","format":"[Gen 9] Doubles OU","log":"|j|\u2606chippers76\n|j|\u2606jackgw\n|t:|1698978016\n|gametype|doubles\n|player|p1|chippers76|hilda-wonderlauncher|1185\n|player|p2|jackgw|1|1203\n|teamsize|p1|6\n|teamsize|p2|6\n|gen|9\n|tier|[Gen 9] Doubles OU\n|rated|\n|rule|Species Clause: Limit one of each Pok\u00e9mon\n|rule|OHKO Clause: OHKO moves are banned\n|rule|Evasion Moves Clause: Evasion moves are banned\n|rule|Gravity Sleep Clause: The combination of sleep-inducing moves with imperfect accuracy and Gravity or Gigantamax Orbeetle are banned\n|rule|Endless Battle Clause: Forcing endless battles is banned\n|rule|HP Percentage Mod: HP is shown in percentages\n|clearpoke\n|poke|p1|Typhlosion-Hisui, M|\n|poke|p1|Gholdengo|\n|poke|p1|Kleavor, F|\n|poke|p1|Tornadus, M|\n|poke|p1|Snorlax, F|\n|poke|p1|Grimmsnarl, M|\n|poke|p2|Sinistcha|\n|poke|p2|Garganacl, F|\n|poke|p2|Armarouge, M|\n|poke|p2|Iron Hands|\n|poke|p2|Indeedee-F, F|\n|poke|p2|Gholdengo|\n|teampreview\n|j| Gayspotter2\n|j| discord raider\n|j| Peldor\n|j| Zangoosefriend96\n|\n|t:|1698978048\n|start\n|switch|p1a: Thanks Doc|Tornadus, M|100\/100\n|switch|p1b: Mega Man Boss|Kleavor, F|100\/100\n|switch|p2a: Armarouge|Armarouge, M|100\/100\n|switch|p2b: Indeedee|Indeedee-F, F|100\/100\n|-fieldstart|move: Psychic Terrain|[from] ability: Psychic Surge|[of] p2b: Indeedee\n|turn|1\n|\n|t:|1698978068\n|move|p1a: Thanks Doc|Tailwind|p1a: Thanks Doc\n|-sidestart|p1: chippers76|move: Tailwind\n|move|p1b: Mega Man Boss|Stone Axe|p2a: Armarouge\n|-supereffective|p2a: Armarouge\n|-damage|p2a: Armarouge|28\/100\n|-sidestart|p2: jackgw|move: Stealth Rock\n|move|p2b: Indeedee|Dazzling Gleam|p1b: Mega Man Boss|[spread] p1a,p1b\n|-damage|p1a: Thanks Doc|83\/100\n|-damage|p1b: Mega Man Boss|89\/100\n|move|p2a: Armarouge|Trick Room|p2a: Armarouge\n|-fieldstart|move: Trick Room|[of] p2a: Armarouge\n|\n|upkeep\n|turn|2\n|j| Adamanzane\n|\n|t:|1698978087\n|switch|p1b: Snorlax|Snorlax, F|100\/100\n|move|p2a: Armarouge|Expanding Force|p1b: Snorlax|[spread] p1a,p1b\n|-crit|p1b: Snorlax\n|-damage|p1a: Thanks Doc|7\/100\n|-damage|p1b: Snorlax|60\/100\n|move|p2b: Indeedee|Dazzling Gleam|p1a: Thanks Doc|[spread] p1a,p1b\n|-damage|p1a: Thanks Doc|0 fnt\n|-damage|p1b: Snorlax|54\/100\n|faint|p1a: Thanks Doc\n|\n|-heal|p1b: Snorlax|60\/100|[from] item: Leftovers\n|upkeep\n|\n|t:|1698978114\n|switch|p1a: Grimmsnarl|Grimmsnarl, M|100\/100\n|turn|3\n|\n|t:|1698978128\n|move|p1a: Grimmsnarl|Light Screen|p1a: Grimmsnarl\n|-sidestart|p1: chippers76|move: Light Screen\n|move|p2a: Armarouge|Expanding Force|p1b: Snorlax|[spread] p1b\n|-immune|p1a: Grimmsnarl\n|-damage|p1b: Snorlax|40\/100\n|move|p2b: Indeedee|Dazzling Gleam|p1a: Grimmsnarl|[spread] p1a,p1b\n|-supereffective|p1a: Grimmsnarl\n|-crit|p1b: Snorlax\n|-damage|p1a: Grimmsnarl|83\/100\n|-damage|p1b: Snorlax|29\/100\n|move|p1b: Snorlax|Body Slam|p2a: Armarouge\n|-damage|p2a: Armarouge|6\/100\n|-status|p2a: Armarouge|par\n|\n|-heal|p1b: Snorlax|36\/100|[from] item: Leftovers\n|upkeep\n|turn|4\n|\n|t:|1698978154\n|move|p2a: Armarouge|Expanding Force|p1b: Snorlax|[spread] p1b\n|-immune|p1a: Grimmsnarl\n|-damage|p1b: Snorlax|15\/100\n|move|p2b: Indeedee|Dazzling Gleam|p1b: Snorlax|[spread] p1a,p1b\n|-supereffective|p1a: Grimmsnarl\n|-damage|p1a: Grimmsnarl|68\/100\n|-damage|p1b: Snorlax|11\/100\n|move|p1b: Snorlax|Body Slam|p2a: Armarouge\n|-damage|p2a: Armarouge|0 fnt\n|faint|p2a: Armarouge\n|move|p1a: Grimmsnarl|Spirit Break|p2b: Indeedee\n|-crit|p2b: Indeedee\n|-damage|p2b: Indeedee|55\/100\n|-unboost|p2b: Indeedee|spa|1\n|-damage|p1a: Grimmsnarl|51\/100|[from] item: Rocky Helmet|[of] p2b: Indeedee\n|\n|-heal|p1b: Snorlax|17\/100|[from] item: Leftovers\n|-sideend|p1: chippers76|move: Tailwind\n|upkeep\n|\n|t:|1698978172\n|switch|p2a: Garganacl|Garganacl, F|100\/100\n|-damage|p2a: Garganacl|88\/100|[from] Stealth Rock\n|turn|5\n|\n|t:|1698978192\n|switch|p2b: Iron Hands|Iron Hands|100\/100\n|-damage|p2b: Iron Hands|94\/100|[from] Stealth Rock\n|move|p1a: Grimmsnarl|Reflect|p1a: Grimmsnarl\n|-sidestart|p1: chippers76|Reflect\n|move|p2a: Garganacl|Body Press|p1b: Snorlax\n|-supereffective|p1b: Snorlax\n|-damage|p1b: Snorlax|0 fnt\n|faint|p1b: Snorlax\n|\n|-fieldend|move: Trick Room\n|-fieldend|move: Psychic Terrain\n|upkeep\n|\n|t:|1698978212\n|switch|p1b: Mega Man Boss|Kleavor, F|89\/100\n|turn|6\n|\n|t:|1698978224\n|move|p1b: Mega Man Boss|Close Combat|p2a: Garganacl\n|-supereffective|p2a: Garganacl\n|-damage|p2a: Garganacl|29\/100\n|-unboost|p1b: Mega Man Boss|def|1\n|-unboost|p1b: Mega Man Boss|spd|1\n|move|p1a: Grimmsnarl|Spirit Break|p2b: Iron Hands\n|-supereffective|p2b: Iron Hands\n|-damage|p2b: Iron Hands|53\/100\n|-unboost|p2b: Iron Hands|spa|1\n|move|p2b: Iron Hands|Earthquake|p1a: Grimmsnarl|[spread] p2a,p1a,p1b\n|-supereffective|p2a: Garganacl\n|-damage|p2a: Garganacl|0 fnt\n|-damage|p1a: Grimmsnarl|32\/100\n|-damage|p1b: Mega Man Boss|55\/100\n|faint|p2a: Garganacl\n|\n|upkeep\n|\n|t:|1698978236\n|switch|p2a: Sinistcha|Sinistcha|100\/100\n|-damage|p2a: Sinistcha|88\/100|[from] Stealth Rock\n|-heal|p2b: Iron Hands|78\/100|[from] ability: Hospitality|[of] p2a: Sinistcha\n|turn|7\n|\n|t:|1698978252\n|move|p1b: Mega Man Boss|Close Combat|p2b: Iron Hands\n|-damage|p2b: Iron Hands|45\/100\n|-unboost|p1b: Mega Man Boss|def|1\n|-unboost|p1b: Mega Man Boss|spd|1\n|move|p1a: Grimmsnarl|False Surrender|p2a: Sinistcha\n|-supereffective|p2a: Sinistcha\n|-damage|p2a: Sinistcha|31\/100\n|move|p2b: Iron Hands|Ice Punch|p1b: Mega Man Boss\n|-damage|p1b: Mega Man Boss|16\/100\n|move|p2a: Sinistcha|Trick Room|p2a: Sinistcha\n|-fieldstart|move: Trick Room|[of] p2a: Sinistcha\n|\n|upkeep\n|turn|8\n|\n|t:|1698978310\n|move|p2b: Iron Hands|Earthquake|p1a: Grimmsnarl|[spread] p2a,p1a,p1b\n|-resisted|p2a: Sinistcha\n|-damage|p2a: Sinistcha|17\/100\n|-damage|p1a: Grimmsnarl|14\/100\n|-damage|p1b: Mega Man Boss|0 fnt\n|faint|p1b: Mega Man Boss\n|move|p1a: Grimmsnarl|False Surrender|p2a: Sinistcha\n|-supereffective|p2a: Sinistcha\n|-damage|p2a: Sinistcha|0 fnt\n|faint|p2a: Sinistcha\n|\n|upkeep\n|\n|t:|1698978322\n|switch|p2a: Indeedee|Indeedee-F, F|55\/100\n|switch|p1b: Fabulous|Typhlosion-Hisui, M|100\/100\n|-damage|p2a: Indeedee|43\/100|[from] Stealth Rock\n|-fieldstart|move: Psychic Terrain|[from] ability: Psychic Surge|[of] p2a: Indeedee\n|-item|p2a: Indeedee|Rocky Helmet|[from] ability: Frisk|[of] p1b: Fabulous|[identify]\n|-item|p2b: Iron Hands|Assault Vest|[from] ability: Frisk|[of] p1b: Fabulous|[identify]\n|turn|9\n|\n|t:|1698978348\n|move|p2a: Indeedee|Protect|p2a: Indeedee\n|-singleturn|p2a: Indeedee|Protect\n|move|p2b: Iron Hands|Earthquake|p1a: Grimmsnarl|[spread] p1a,p1b\n|-activate|p2a: Indeedee|move: Protect\n|-supereffective|p1b: Fabulous\n|-damage|p1a: Grimmsnarl|0 fnt\n|-damage|p1b: Fabulous|40\/100\n|faint|p1a: Grimmsnarl\n|move|p1b: Fabulous|Eruption|p2b: Iron Hands|[spread] p2b\n|-activate|p2a: Indeedee|move: Protect\n|-damage|p2b: Iron Hands|33\/100\n|\n|upkeep\n|\n|t:|1698978358\n|switch|p1a: Surfs up dude|Gholdengo|100\/100\n|turn|10\n|\n|t:|1698978375\n|move|p1a: Surfs up dude|Protect|p1a: Surfs up dude\n|-singleturn|p1a: Surfs up dude|Protect\n|move|p2a: Indeedee|Follow Me|p2a: Indeedee\n|-singleturn|p2a: Indeedee|move: Follow Me\n|move|p2b: Iron Hands|Earthquake|p1b: Fabulous|[spread] p2a,p1b\n|-activate|p1a: Surfs up dude|move: Protect\n|-supereffective|p1b: Fabulous\n|-crit|p1b: Fabulous\n|-damage|p2a: Indeedee|12\/100\n|-damage|p1b: Fabulous|0 fnt\n|faint|p1b: Fabulous\n|\n|-sideend|p1: chippers76|move: Light Screen\n|upkeep\n|turn|11\n|\n|t:|1698978391\n|-terastallize|p2b: Iron Hands|Fighting\n|-terastallize|p1a: Surfs up dude|Steel\n|move|p2b: Iron Hands|Drain Punch|p1a: Surfs up dude\n|-supereffective|p1a: Surfs up dude\n|-damage|p1a: Surfs up dude|3\/100\n|-heal|p2b: Iron Hands|66\/100|[from] drain|[of] p1a: Surfs up dude\n|move|p2a: Indeedee|Shadow Ball|p1a: Surfs up dude\n|-damage|p1a: Surfs up dude|0 fnt\n|faint|p1a: Surfs up dude\n|\n|win|jackgw\n|raw|chippers76's rating: 1185 &rarr; <strong>1161<\/strong><br \/>(-24 for losing)\n|raw|jackgw's rating: 1203 &rarr; <strong>1227<\/strong><br \/>(+24 for winning)\n|l|\u2606jackgw\n","uploadtime":1698978406,"views":24,"p1id":"chippers76","p2id":"jackgw","formatid":"gen9doublesou","rating":1161,"private":0,"password":""}