{"id":"gen9doublesou-1978762474","p1":"Shadow Ballers","p2":"cotesmcgotes","format":"[Gen 9] Doubles OU","log":"|j|\u2606Shadow Ballers\n|j|\u2606cotesmcgotes\n|t:|1698592136\n|gametype|doubles\n|player|p1|Shadow Ballers|blaine|1476\n|player|p2|cotesmcgotes|flannery|1378\n|teamsize|p1|6\n|teamsize|p2|6\n|gen|9\n|tier|[Gen 9] Doubles OU\n|rated|\n|rule|Species Clause: Limit one of each Pok\u00e9mon\n|rule|OHKO Clause: OHKO moves are banned\n|rule|Evasion Moves Clause: Evasion moves are banned\n|rule|Gravity Sleep Clause: The combination of sleep-inducing moves with imperfect accuracy and Gravity or Gigantamax Orbeetle are banned\n|rule|Endless Battle Clause: Forcing endless battles is banned\n|rule|HP Percentage Mod: HP is shown in percentages\n|clearpoke\n|poke|p1|Ogerpon-Hearthflame, F|\n|poke|p1|Iron Hands|\n|poke|p1|Bruxish, F|\n|poke|p1|Weezing-Galar, F|\n|poke|p1|Ursaluna-Bloodmoon, M|\n|poke|p1|Moltres-Galar|\n|poke|p2|Ninetales-Alola, F|\n|poke|p2|Froslass, F|\n|poke|p2|Mamoswine, F|\n|poke|p2|Tornadus, M|\n|poke|p2|Cetitan, M|\n|poke|p2|Chien-Pao|\n|teampreview\n|inactive|Battle timer is ON: inactive players will automatically lose when time's up. (requested by Shadow Ballers)\n|\n|t:|1698592149\n|start\n|switch|p1a: Bruxish|Bruxish, F, shiny|100\/100\n|switch|p1b: Weezing|Weezing-Galar, F, shiny|100\/100\n|switch|p2a: Ninetales|Ninetales-Alola, F|100\/100\n|switch|p2b: Froslass|Froslass, F|100\/100\n|-ability|p1b: Weezing|Neutralizing Gas\n|-block|p1a: Bruxish|item: Ability Shield\n|turn|1\n|\n|t:|1698592161\n|switch|p2a: Tornadus|Tornadus, M|100\/100\n|move|p1a: Bruxish|Aqua Jet|p2a: Tornadus\n|-damage|p2a: Tornadus|73\/100\n|move|p1b: Weezing|Sludge Bomb|p2a: Tornadus\n|-damage|p2a: Tornadus|44\/100\n|-status|p2a: Tornadus|psn\n|move|p2b: Froslass|Thunder Wave|p1a: Bruxish\n|-status|p1a: Bruxish|par\n|\n|-damage|p2a: Tornadus|32\/100 psn|[from] psn\n|upkeep\n|turn|2\n|\n|t:|1698592178\n|move|p1a: Bruxish|Aqua Jet|p2a: Tornadus\n|-damage|p2a: Tornadus|9\/100 psn\n|move|p1b: Weezing|Sludge Bomb|p2a: Tornadus\n|-damage|p2a: Tornadus|0 fnt\n|faint|p2a: Tornadus\n|move|p2b: Froslass|Thunder Wave|p1b: Weezing\n|-status|p1b: Weezing|par\n|\n|upkeep\n|\n|t:|1698592186\n|switch|p2a: Mamoswine|Mamoswine, F|100\/100\n|turn|3\n|\n|t:|1698592192\n|-end|p1b: Weezing|ability: Neutralizing Gas\n|switch|p1b: Moltres|Moltres-Galar|100\/100\n|move|p2b: Froslass|Hex|p1a: Bruxish\n|-supereffective|p1a: Bruxish\n|-damage|p1a: Bruxish|0 fnt\n|faint|p1a: Bruxish\n|move|p2a: Mamoswine|High Horsepower|p1b: Moltres\n|-immune|p1b: Moltres\n|\n|upkeep\n|\n|t:|1698592209\n|switch|p1a: Iron Hands|Iron Hands, shiny|100\/100\n|turn|4\n|\n|t:|1698592230\n|switch|p2a: Ninetales|Ninetales-Alola, F|100\/100\n|-weather|Snow|[from] ability: Snow Warning|[of] p2a: Ninetales\n|move|p1a: Iron Hands|Fake Out|p2a: Ninetales\n|-damage|p2a: Ninetales|85\/100\n|move|p2b: Froslass|Aurora Veil|p2b: Froslass\n|-sidestart|p2: cotesmcgotes|move: Aurora Veil\n|move|p1b: Moltres|Fiery Wrath|p2b: Froslass|[spread] p2a,p2b\n|-resisted|p2a: Ninetales\n|-supereffective|p2b: Froslass\n|-damage|p2a: Ninetales|73\/100\n|-damage|p2b: Froslass|33\/100\n|\n|-weather|Snow|[upkeep]\n|upkeep\n|turn|5\n|\n|t:|1698592247\n|move|p1b: Moltres|Protect|p1b: Moltres\n|-singleturn|p1b: Moltres|Protect\n|move|p2b: Froslass|Blizzard|p1b: Moltres|[spread] p1a\n|-activate|p1b: Moltres|move: Protect\n|-damage|p1a: Iron Hands|81\/100\n|move|p2a: Ninetales|Moonblast|p1b: Moltres\n|-activate|p1b: Moltres|move: Protect\n|move|p1a: Iron Hands|Drain Punch|p2a: Ninetales\n|-damage|p2a: Ninetales|43\/100\n|-heal|p1a: Iron Hands|89\/100|[from] drain|[of] p2a: Ninetales\n|\n|-weather|Snow|[upkeep]\n|upkeep\n|turn|6\n|\n|t:|1698592273\n|-terastallize|p1b: Moltres|Steel\n|move|p2b: Froslass|Blizzard|p1b: Moltres|[spread] p1a,p1b\n|-resisted|p1b: Moltres\n|-damage|p1a: Iron Hands|70\/100\n|-damage|p1b: Moltres|89\/100\n|move|p2a: Ninetales|Moonblast|p1b: Moltres\n|-resisted|p1b: Moltres\n|-damage|p1b: Moltres|75\/100\n|move|p1b: Moltres|Tera Blast|p2a: Ninetales|[anim] Tera Blast Steel\n|-supereffective|p2a: Ninetales\n|-damage|p2a: Ninetales|0 fnt\n|faint|p2a: Ninetales\n|move|p1a: Iron Hands|Wild Charge|p2b: Froslass\n|-damage|p2b: Froslass|0 fnt\n|faint|p2b: Froslass\n|-damage|p1a: Iron Hands|66\/100|[from] Recoil\n|\n|-weather|Snow|[upkeep]\n|upkeep\n|inactive|cotesmcgotes has 120 seconds left.\n|\n|t:|1698592296\n|switch|p2b: Mamoswine|Mamoswine, F|100\/100\n|switch|p2a: Chien-Pao|Chien-Pao|100\/100\n|-ability|p2a: Chien-Pao|Sword of Ruin\n|turn|7\n|\n|t:|1698592314\n|-end|p1a: Iron Hands|Quark Drive|[silent]\n|switch|p1a: Weezing|Weezing-Galar, F, shiny|100\/100 par\n|-ability|p1a: Weezing|Neutralizing Gas\n|-terastallize|p2a: Chien-Pao|Fighting\n|move|p1b: Moltres|Protect|p1b: Moltres\n|-singleturn|p1b: Moltres|Protect\n|move|p2a: Chien-Pao|Sacred Sword|p1b: Moltres\n|-activate|p1b: Moltres|move: Protect\n|move|p2b: Mamoswine|High Horsepower|p1a: Weezing\n|-supereffective|p1a: Weezing\n|-damage|p1a: Weezing|0 fnt\n|faint|p1a: Weezing\n|-end|p1a: Weezing|ability: Neutralizing Gas\n|-ability|p2a: Chien-Pao|Sword of Ruin\n|\n|-weather|Snow|[upkeep]\n|upkeep\n|\n|t:|1698592334\n|switch|p1a: Iron Hands|Iron Hands, shiny|66\/100\n|turn|8\n|\n|t:|1698592341\n|move|p1a: Iron Hands|Fake Out|p2a: Chien-Pao\n|-damage|p2a: Chien-Pao|85\/100\n|cant|p2a: Chien-Pao|flinch\n|move|p2b: Mamoswine|High Horsepower|p1a: Iron Hands\n|-supereffective|p1a: Iron Hands\n|-damage|p1a: Iron Hands|0 fnt\n|faint|p1a: Iron Hands\n|-end|p1a: Iron Hands|Quark Drive|[silent]\n|move|p1b: Moltres|Air Slash|p2a: Chien-Pao\n|-supereffective|p2a: Chien-Pao\n|-damage|p2a: Chien-Pao|37\/100\n|\n|-weather|Snow|[upkeep]\n|-sideend|p2: cotesmcgotes|move: Aurora Veil\n|upkeep\n|\n|t:|1698592361\n|switch|p1a: Ogerpon|Ogerpon-Hearthflame, F|100\/100\n|-ability|p1a: Ogerpon|Mold Breaker\n|turn|9\n|\n|t:|1698592376\n|switch|p2a: Cetitan|Cetitan, M|100\/100\n|move|p1b: Moltres|Protect|p1b: Moltres\n|-singleturn|p1b: Moltres|Protect\n|move|p1a: Ogerpon|Ivy Cudgel|p2a: Cetitan\n|-supereffective|p2a: Cetitan\n|-damage|p2a: Cetitan|26\/100\n|move|p2b: Mamoswine|Rock Slide|p1b: Moltres|[spread] p1a\n|-activate|p1b: Moltres|move: Protect\n|-supereffective|p1a: Ogerpon\n|-crit|p1a: Ogerpon\n|-damage|p1a: Ogerpon|17\/100\n|\n|-weather|Snow|[upkeep]\n|upkeep\n|turn|10\n|\n|t:|1698592406\n|move|p1a: Ogerpon|Spiky Shield|p1a: Ogerpon\n|-singleturn|p1a: Ogerpon|move: Protect\n|move|p2b: Mamoswine|Ice Shard|p1a: Ogerpon\n|-activate|p1a: Ogerpon|move: Protect\n|move|p2a: Cetitan|Liquidation|p1b: Moltres\n|-damage|p1b: Moltres|49\/100\n|-ability|p1b: Moltres|Berserk|boost\n|-boost|p1b: Moltres|spa|1\n|move|p1b: Moltres|Fiery Wrath|p2b: Mamoswine|[spread] p2a,p2b\n|-damage|p2a: Cetitan|0 fnt\n|-damage|p2b: Mamoswine|30\/100\n|faint|p2a: Cetitan\n|\n|-weather|Snow|[upkeep]\n|upkeep\n|\n|t:|1698592421\n|switch|p2a: Chien-Pao|Chien-Pao, tera:Fighting|37\/100\n|-ability|p2a: Chien-Pao|Sword of Ruin\n|turn|11\n|\n|t:|1698592430\n|move|p1b: Moltres|Protect|p1b: Moltres\n|-singleturn|p1b: Moltres|Protect\n|move|p2b: Mamoswine|Ice Shard|p1a: Ogerpon\n|-damage|p1a: Ogerpon|0 fnt\n|faint|p1a: Ogerpon\n|move|p2a: Chien-Pao|Sacred Sword|p1b: Moltres\n|-activate|p1b: Moltres|move: Protect\n|\n|-weather|none\n|upkeep\n|\n|t:|1698592441\n|switch|p1a: Ursaluna|Ursaluna-Bloodmoon, M|100\/100\n|turn|12\n|inactive|cotesmcgotes has 120 seconds left.\n|\n|t:|1698592484\n|move|p2a: Chien-Pao|Sacred Sword|p1b: Moltres\n|-supereffective|p1b: Moltres\n|-damage|p1b: Moltres|0 fnt\n|faint|p1b: Moltres\n|move|p2b: Mamoswine|Icicle Crash|p1a: Ursaluna\n|-supereffective|p1a: Ursaluna\n|-damage|p1a: Ursaluna|20\/100\n|cant|p1a: Ursaluna|flinch\n|\n|upkeep\n|turn|13\n|inactive|Shadow Ballers has 120 seconds left.\n|inactive|Shadow Ballers has 90 seconds left.\n|l|\u2606Shadow Ballers\n|inactive|Shadow Ballers disconnected and has a minute to reconnect!\n|player|p1|\n|inactive|Shadow Ballers has 30 seconds to reconnect!\n|inactive|Shadow Ballers has 20 seconds to reconnect!\n|inactive|Shadow Ballers has 15 seconds to reconnect!\n|inactive|Shadow Ballers has 10 seconds to reconnect!\n|inactive|Shadow Ballers has 5 seconds to reconnect!\n|-message|Shadow Ballers lost due to inactivity.\n|\n|win|cotesmcgotes\n|inactive|Shadow Ballers has 30 seconds left this turn.\n|raw|Shadow Ballers's rating: 1476 &rarr; <strong>1451<\/strong><br \/>(-25 for losing)\n|raw|cotesmcgotes's rating: 1378 &rarr; <strong>1403<\/strong><br \/>(+25 for winning)\n","uploadtime":1698592614,"views":21,"p1id":"shadowballers","p2id":"cotesmcgotes","formatid":"gen9doublesou","rating":1403,"private":0,"password":""}