{"id":"gen9doublesou-1992016994","p1":"Blue Syrius","p2":"Diniz41","format":"[Gen 9] Doubles OU","log":"|j|\u2606Blue Syrius\n|j|\u2606Diniz41\n|t:|1700148049\n|gametype|doubles\n|player|p1|Blue Syrius|ninjaboy|1474\n|player|p2|Diniz41|hiker|1429\n|teamsize|p1|6\n|teamsize|p2|6\n|gen|9\n|tier|[Gen 9] Doubles OU\n|rated|\n|rule|Species Clause: Limit one of each Pok\u00e9mon\n|rule|OHKO Clause: OHKO moves are banned\n|rule|Evasion Moves Clause: Evasion moves are banned\n|rule|Gravity Sleep Clause: The combination of sleep-inducing moves with imperfect accuracy and Gravity or Gigantamax Orbeetle are banned\n|rule|Endless Battle Clause: Forcing endless battles is banned\n|rule|HP Percentage Mod: HP is shown in percentages\n|clearpoke\n|poke|p1|Farigiraf, F|\n|poke|p1|Chien-Pao|\n|poke|p1|Garchomp, M|\n|poke|p1|Tornadus, M|\n|poke|p1|Flutter Mane|\n|poke|p1|Chi-Yu|\n|poke|p2|Oranguru, M|\n|poke|p2|Gastrodon, M|\n|poke|p2|Chi-Yu|\n|poke|p2|Gothitelle, F|\n|poke|p2|Sinistcha|\n|poke|p2|Wo-Chien|\n|teampreview\n|\n|t:|1700148059\n|start\n|switch|p1a: Trick Room|Farigiraf, F|100\/100\n|switch|p1b: Swords Dance|Chien-Pao|100\/100\n|switch|p2a: Gastrodon|Gastrodon, M|100\/100\n|switch|p2b: Oranguru|Oranguru, M|100\/100\n|-ability|p1b: Swords Dance|Sword of Ruin\n|turn|1\n|inactive|Battle timer is ON: inactive players will automatically lose when time's up. (requested by Blue Syrius)\n|\n|t:|1700148084\n|move|p1b: Swords Dance|Ice Spinner|p2b: Oranguru\n|-damage|p2b: Oranguru|57\/100\n|move|p1a: Trick Room|Imprison|p1a: Trick Room\n|-start|p1a: Trick Room|move: Imprison\n|move|p2a: Gastrodon|Stockpile|p2a: Gastrodon\n|-start|p2a: Gastrodon|stockpile1\n|-boost|p2a: Gastrodon|def|1\n|-boost|p2a: Gastrodon|spd|1\n|cant|p2b: Oranguru|move: Imprison|Trick Room\n|\n|upkeep\n|turn|2\n|\n|t:|1700148099\n|move|p1b: Swords Dance|Sacred Sword|p2b: Oranguru\n|-damage|p2b: Oranguru|24\/100\n|move|p1a: Trick Room|Hyper Voice|p2a: Gastrodon|[spread] p2a,p2b\n|-damage|p2a: Gastrodon|83\/100\n|-damage|p2b: Oranguru|0 fnt\n|faint|p2b: Oranguru\n|move|p2a: Gastrodon|Stockpile|p2a: Gastrodon\n|-start|p2a: Gastrodon|stockpile2\n|-boost|p2a: Gastrodon|def|1\n|-boost|p2a: Gastrodon|spd|1\n|\n|-heal|p2a: Gastrodon|89\/100|[from] item: Leftovers\n|upkeep\n|\n|t:|1700148107\n|switch|p2b: Chi-Yu|Chi-Yu|100\/100\n|-ability|p2b: Chi-Yu|Beads of Ruin\n|turn|3\n|\n|t:|1700148123\n|-terastallize|p1a: Trick Room|Fairy\n|move|p1b: Swords Dance|Haze|p1b: Swords Dance\n|-clearallboost\n|move|p2b: Chi-Yu|Heat Wave|p1b: Swords Dance|[spread] p1a,p1b\n|-supereffective|p1b: Swords Dance\n|-damage|p1a: Trick Room|31\/100\n|-enditem|p1b: Swords Dance|Focus Sash\n|-damage|p1b: Swords Dance|1\/100\n|-enditem|p1a: Trick Room|Sitrus Berry|[eat]\n|-heal|p1a: Trick Room|56\/100|[from] item: Sitrus Berry\n|-damage|p2b: Chi-Yu|91\/100|[from] item: Life Orb\n|move|p1a: Trick Room|Tera Blast|p2b: Chi-Yu|[anim] Tera Blast Fairy\n|-damage|p2b: Chi-Yu|45\/100\n|move|p2a: Gastrodon|Icy Wind|p1a: Trick Room|[spread] p1a,p1b\n|-resisted|p1b: Swords Dance\n|-damage|p1a: Trick Room|45\/100\n|-damage|p1b: Swords Dance|0 fnt\n|-unboost|p1a: Trick Room|spe|1\n|faint|p1b: Swords Dance\n|\n|-heal|p2a: Gastrodon|96\/100|[from] item: Leftovers\n|upkeep\n|inactive|Blue Syrius has 120 seconds left.\n|\n|t:|1700148148\n|switch|p1b: Psyshock|Flutter Mane|100\/100\n|-enditem|p1b: Psyshock|Booster Energy\n|-activate|p1b: Psyshock|ability: Protosynthesis|[fromitem]\n|-start|p1b: Psyshock|protosynthesisspa\n|turn|4\n|\n|t:|1700148163\n|switch|p1a: Protect|Chi-Yu|100\/100\n|-ability|p1a: Protect|Beads of Ruin\n|move|p2b: Chi-Yu|Protect|p2b: Chi-Yu\n|-singleturn|p2b: Chi-Yu|Protect\n|move|p1b: Psyshock|Dazzling Gleam|p2b: Chi-Yu|[spread] p2a\n|-activate|p2b: Chi-Yu|move: Protect\n|-damage|p2a: Gastrodon|50\/100\n|move|p2a: Gastrodon|Icy Wind|p1a: Protect|[spread] p1a,p1b\n|-resisted|p1a: Protect\n|-crit|p1a: Protect\n|-crit|p1b: Psyshock\n|-damage|p1a: Protect|93\/100\n|-damage|p1b: Psyshock|82\/100\n|-unboost|p1a: Protect|spe|1\n|-unboost|p1b: Psyshock|spe|1\n|\n|-heal|p2a: Gastrodon|56\/100|[from] item: Leftovers\n|upkeep\n|turn|5\n|\n|t:|1700148180\n|move|p1b: Psyshock|Protect|p1b: Psyshock\n|-singleturn|p1b: Psyshock|Protect\n|move|p2b: Chi-Yu|Heat Wave|p1b: Psyshock|[spread] \n|-activate|p1b: Psyshock|move: Protect\n|-miss|p2b: Chi-Yu|p1a: Protect\n|move|p1a: Protect|Snarl|p2a: Gastrodon|[spread] \n|-miss|p1a: Protect|p2a: Gastrodon\n|-miss|p1a: Protect|p2b: Chi-Yu\n|move|p2a: Gastrodon|Earth Power|p1a: Protect\n|-supereffective|p1a: Protect\n|-damage|p1a: Protect|30\/100\n|\n|-heal|p2a: Gastrodon|62\/100|[from] item: Leftovers\n|upkeep\n|turn|6\n|c|\u2606Blue Syrius|wow seriously\n|\n|t:|1700148205\n|move|p2b: Chi-Yu|Heat Wave|p1a: Protect|[spread] \n|-miss|p2b: Chi-Yu|p1a: Protect\n|-miss|p2b: Chi-Yu|p1b: Psyshock\n|move|p1a: Protect|Snarl|p2b: Chi-Yu|[spread] p2a,p2b\n|-resisted|p2b: Chi-Yu\n|-damage|p2a: Gastrodon|43\/100\n|-damage|p2b: Chi-Yu|33\/100\n|-unboost|p2a: Gastrodon|spa|1\n|-unboost|p2b: Chi-Yu|spa|1\n|move|p1b: Psyshock|Shadow Ball|p2a: Gastrodon\n|-damage|p2a: Gastrodon|0 fnt\n|faint|p2a: Gastrodon\n|\n|upkeep\n|\n|t:|1700148212\n|switch|p2a: Sinistcha|Sinistcha|100\/100\n|-heal|p2b: Chi-Yu|58\/100|[from] ability: Hospitality|[of] p2a: Sinistcha\n|turn|7\n|\n|t:|1700148223\n|move|p2b: Chi-Yu|Heat Wave|p1a: Protect|[spread] p1a,p1b\n|-resisted|p1a: Protect\n|-damage|p1a: Protect|13\/100\n|-damage|p1b: Psyshock|39\/100\n|-damage|p2b: Chi-Yu|48\/100|[from] item: Life Orb\n|move|p1a: Protect|Snarl|p2a: Sinistcha|[spread] p2a,p2b\n|-supereffective|p2a: Sinistcha\n|-resisted|p2b: Chi-Yu\n|-damage|p2a: Sinistcha|28\/100\n|-damage|p2b: Chi-Yu|36\/100\n|-unboost|p2a: Sinistcha|spa|1\n|-unboost|p2b: Chi-Yu|spa|1\n|move|p1b: Psyshock|Shadow Ball|p2a: Sinistcha\n|-supereffective|p2a: Sinistcha\n|-damage|p2a: Sinistcha|0 fnt\n|faint|p2a: Sinistcha\n|\n|upkeep\n|\n|t:|1700148237\n|switch|p2a: Gothitelle|Gothitelle, F|100\/100\n|turn|8\n|\n|t:|1700148249\n|move|p2b: Chi-Yu|Heat Wave|p1b: Psyshock|[spread] p1b\n|-miss|p2b: Chi-Yu|p1a: Protect\n|-damage|p1b: Psyshock|6\/100\n|-damage|p2b: Chi-Yu|26\/100|[from] item: Life Orb\n|move|p1a: Protect|Snarl|p2b: Chi-Yu|[spread] p2a,p2b\n|-supereffective|p2a: Gothitelle\n|-crit|p2a: Gothitelle\n|-resisted|p2b: Chi-Yu\n|-damage|p2a: Gothitelle|43\/100\n|-damage|p2b: Chi-Yu|14\/100\n|-unboost|p2a: Gothitelle|spa|1\n|-ability|p2a: Gothitelle|Competitive|boost\n|-boost|p2a: Gothitelle|spa|2\n|-unboost|p2b: Chi-Yu|spa|1\n|move|p1b: Psyshock|Shadow Ball|p2a: Gothitelle\n|-supereffective|p2a: Gothitelle\n|-damage|p2a: Gothitelle|0 fnt\n|faint|p2a: Gothitelle\n|\n|upkeep\n|\n|t:|1700148257\n|switch|p2a: Wo-Chien|Wo-Chien|100\/100\n|-ability|p2a: Wo-Chien|Tablets of Ruin\n|turn|9\n|\n|t:|1700148269\n|move|p2b: Chi-Yu|Heat Wave|p1a: Protect|[spread] p1a\n|-miss|p2b: Chi-Yu|p1b: Psyshock\n|-resisted|p1a: Protect\n|-damage|p1a: Protect|1\/100\n|-damage|p2b: Chi-Yu|4\/100|[from] item: Life Orb\n|move|p1a: Protect|Snarl|p2a: Wo-Chien|[spread] p2a,p2b\n|-resisted|p2a: Wo-Chien\n|-resisted|p2b: Chi-Yu\n|-crit|p2b: Chi-Yu\n|-damage|p2a: Wo-Chien|91\/100\n|-damage|p2b: Chi-Yu|0 fnt\n|-unboost|p2a: Wo-Chien|spa|1\n|faint|p2b: Chi-Yu\n|move|p1b: Psyshock|Dazzling Gleam|p2a: Wo-Chien\n|-supereffective|p2a: Wo-Chien\n|-damage|p2a: Wo-Chien|0 fnt\n|faint|p2a: Wo-Chien\n|\n|win|Blue Syrius\n|raw|Blue Syrius's rating: 1474 &rarr; <strong>1491<\/strong><br \/>(+17 for winning)\n|raw|Diniz41's rating: 1429 &rarr; <strong>1412<\/strong><br \/>(-17 for losing)\n","uploadtime":1700148284,"views":9,"p1id":"bluesyrius","p2id":"diniz41","formatid":"gen9doublesou","rating":1412,"private":0,"password":""}