{"id":"gen9doublesou-1993035447","p1":"Penter","p2":"Docteur Grandhomme","format":"[Gen 9] Doubles OU","log":"|j|\u2606Penter\n|j|\u2606Docteur Grandhomme\n|inactive|Battle timer is ON: inactive players will automatically lose when time's up.\n|t:|1700257697\n|gametype|doubles\n|player|p1|Penter|n|\n|player|p2|Docteur Grandhomme|diantha-masters|\n|teamsize|p1|6\n|teamsize|p2|6\n|gen|9\n|tier|[Gen 9] Doubles OU\n|rated|Tournament battle\n|rule|Species Clause: Limit one of each Pok\u00e9mon\n|rule|OHKO Clause: OHKO moves are banned\n|rule|Evasion Moves Clause: Evasion moves are banned\n|rule|Gravity Sleep Clause: The combination of sleep-inducing moves with imperfect accuracy and Gravity or Gigantamax Orbeetle are banned\n|rule|Endless Battle Clause: Forcing endless battles is banned\n|rule|HP Percentage Mod: HP is shown in percentages\n|clearpoke\n|poke|p1|Munkidori, M|\n|poke|p1|Chien-Pao|\n|poke|p1|Ogerpon-Wellspring, F|\n|poke|p1|Arcanine-Hisui, F|\n|poke|p1|Rillaboom, M|\n|poke|p1|Flutter Mane|\n|poke|p2|Grimmsnarl, M|\n|poke|p2|Ursaluna-Bloodmoon, M|\n|poke|p2|Cresselia, F|\n|poke|p2|Sinistcha|\n|poke|p2|Garganacl, F|\n|poke|p2|Volcanion|\n|teampreview\n|j|*Lady Monita \u2746\n|j| BB-8-NU\n|inactive|Docteur Grandhomme also wants the timer to be on.\n|inactive|Penter has 120 seconds left.\n|inactive|Docteur Grandhomme has 120 seconds left.\n|inactive|Penter has 90 seconds left.\n|\n|t:|1700257763\n|start\n|switch|p1a: Munkidori|Munkidori, M|100\/100\n|switch|p1b: Rillaboom|Rillaboom, M|100\/100\n|switch|p2a: Garganacl|Garganacl, F|100\/100\n|switch|p2b: Cresselia|Cresselia, F|100\/100\n|-fieldstart|move: Grassy Terrain|[from] ability: Grassy Surge|[of] p1b: Rillaboom\n|turn|1\n|j| Shadowburn654\n|\n|t:|1700257791\n|move|p2a: Garganacl|Protect|p2a: Garganacl\n|-singleturn|p2a: Garganacl|Protect\n|move|p1a: Munkidori|Trick|p2b: Cresselia\n|-activate|p1a: Munkidori|move: Trick|[of] p2b: Cresselia\n|-item|p2b: Cresselia|Choice Specs|[from] move: Trick\n|-item|p1a: Munkidori|Leftovers|[from] move: Trick\n|move|p1b: Rillaboom|Wood Hammer|p2a: Garganacl\n|-activate|p2a: Garganacl|move: Protect\n|move|p2b: Cresselia|Icy Wind|p1a: Munkidori|[spread] p1a,p1b\n|-supereffective|p1b: Rillaboom\n|-damage|p1a: Munkidori|86\/100\n|-damage|p1b: Rillaboom|84\/100\n|-unboost|p1a: Munkidori|spe|1\n|-unboost|p1b: Rillaboom|spe|1\n|\n|-heal|p1a: Munkidori|92\/100|[from] Grassy Terrain\n|-heal|p1a: Munkidori|98\/100|[from] item: Leftovers\n|-heal|p1b: Rillaboom|90\/100|[from] Grassy Terrain\n|upkeep\n|turn|2\n|l| Shadowburn654\n|inactive|Penter has 120 seconds left.\n|\n|t:|1700257837\n|-terastallize|p2a: Garganacl|Poison\n|move|p1a: Munkidori|Sludge Bomb|p2a: Garganacl\n|-resisted|p2a: Garganacl\n|-damage|p2a: Garganacl|79\/100\n|move|p2b: Cresselia|Icy Wind|p1a: Munkidori|[spread] p1a,p1b\n|-supereffective|p1b: Rillaboom\n|-damage|p1a: Munkidori|86\/100\n|-damage|p1b: Rillaboom|73\/100\n|-unboost|p1a: Munkidori|spe|1\n|-unboost|p1b: Rillaboom|spe|1\n|move|p2a: Garganacl|Salt Cure|p1a: Munkidori\n|-damage|p1a: Munkidori|64\/100\n|-start|p1a: Munkidori|Salt Cure\n|move|p1b: Rillaboom|Wood Hammer|p2a: Garganacl\n|-resisted|p2a: Garganacl\n|-damage|p2a: Garganacl|56\/100\n|-damage|p1b: Rillaboom|65\/100|[from] Recoil\n|\n|-heal|p1a: Munkidori|70\/100|[from] Grassy Terrain\n|-heal|p1a: Munkidori|76\/100|[from] item: Leftovers\n|-heal|p2a: Garganacl|63\/100|[from] Grassy Terrain\n|-heal|p2a: Garganacl|69\/100|[from] item: Leftovers\n|-heal|p1b: Rillaboom|71\/100|[from] Grassy Terrain\n|-damage|p1a: Munkidori|64\/100|[from] Salt Cure\n|upkeep\n|turn|3\n|inactive|Penter has 120 seconds left.\n|\n|t:|1700257857\n|switch|p2b: Volcanion|Volcanion|100\/100\n|move|p2a: Garganacl|Protect|p2a: Garganacl\n|-singleturn|p2a: Garganacl|Protect\n|move|p1a: Munkidori|Psychic|p2a: Garganacl\n|-activate|p2a: Garganacl|move: Protect\n|move|p1b: Rillaboom|U-turn|p2b: Volcanion\n|-resisted|p2b: Volcanion\n|-damage|p2b: Volcanion|90\/100\n|inactive|Penter has 120 seconds left.\n|\n|t:|1700257871\n|switch|p1b: Arcanine|Arcanine-Hisui, F|100\/100|[from] U-turn\n|-ability|p1b: Arcanine|Intimidate|boost\n|-unboost|p2a: Garganacl|atk|1\n|-unboost|p2b: Volcanion|atk|1\n|\n|-heal|p2b: Volcanion|96\/100|[from] Grassy Terrain\n|-heal|p2b: Volcanion|100\/100|[from] item: Leftovers\n|-heal|p1a: Munkidori|70\/100|[from] Grassy Terrain\n|-heal|p1a: Munkidori|76\/100|[from] item: Leftovers\n|-heal|p2a: Garganacl|75\/100|[from] Grassy Terrain\n|-heal|p2a: Garganacl|81\/100|[from] item: Leftovers\n|-damage|p1a: Munkidori|63\/100|[from] Salt Cure\n|upkeep\n|turn|4\n|j| Arcanine Numbers\n|inactive|Penter has 120 seconds left.\n|\n|t:|1700257894\n|switch|p2a: Grimmsnarl|Grimmsnarl, M|100\/100\n|move|p1b: Arcanine|Rock Slide|p2a: Grimmsnarl|[spread] p2a,p2b\n|-supereffective|p2b: Volcanion\n|-damage|p2a: Grimmsnarl|51\/100\n|-damage|p2b: Volcanion|38\/100\n|move|p2b: Volcanion|Steam Eruption|p1b: Arcanine\n|-supereffective|p1b: Arcanine\n|-damage|p1b: Arcanine|0 fnt\n|faint|p1b: Arcanine\n|move|p1a: Munkidori|Psychic|p2a: Grimmsnarl\n|-immune|p2a: Grimmsnarl\n|\n|-heal|p2b: Volcanion|44\/100|[from] Grassy Terrain\n|-heal|p2b: Volcanion|50\/100|[from] item: Leftovers\n|-heal|p1a: Munkidori|69\/100|[from] Grassy Terrain\n|-heal|p1a: Munkidori|75\/100|[from] item: Leftovers\n|-heal|p2a: Grimmsnarl|57\/100|[from] Grassy Terrain\n|-damage|p1a: Munkidori|63\/100|[from] Salt Cure\n|upkeep\n|inactive|Penter has 120 seconds left.\n|\n|t:|1700257926\n|switch|p1b: Rillaboom|Rillaboom, M|71\/100\n|turn|5\n|j| RipDarkHam\n|\n|t:|1700257951\n|move|p1b: Rillaboom|Fake Out|p2a: Grimmsnarl\n|-damage|p2a: Grimmsnarl|37\/100\n|cant|p2a: Grimmsnarl|flinch\n|move|p2b: Volcanion|Heat Wave|p1a: Munkidori|[spread] p1a,p1b\n|-supereffective|p1b: Rillaboom\n|-damage|p1a: Munkidori|19\/100\n|-damage|p1b: Rillaboom|11\/100\n|move|p1a: Munkidori|Grass Knot|p2b: Volcanion\n|-damage|p2b: Volcanion|4\/100\n|\n|-heal|p1b: Rillaboom|17\/100|[from] Grassy Terrain\n|-heal|p2b: Volcanion|10\/100|[from] Grassy Terrain\n|-heal|p2b: Volcanion|16\/100|[from] item: Leftovers\n|-heal|p1a: Munkidori|25\/100|[from] Grassy Terrain\n|-heal|p1a: Munkidori|31\/100|[from] item: Leftovers\n|-heal|p2a: Grimmsnarl|43\/100|[from] Grassy Terrain\n|-damage|p1a: Munkidori|19\/100|[from] Salt Cure\n|-fieldend|move: Grassy Terrain\n|upkeep\n|turn|6\n|inactive|Penter has 120 seconds left.\n|\n|t:|1700257973\n|switch|p1a: Ogerpon|Ogerpon-Wellspring, F|100\/100\n|move|p2b: Volcanion|Protect|p2b: Volcanion\n|-singleturn|p2b: Volcanion|Protect\n|move|p1b: Rillaboom|U-turn|p2b: Volcanion\n|-activate|p2b: Volcanion|move: Protect\n|move|p2a: Grimmsnarl|Spirit Break|p1b: Rillaboom\n|-damage|p1b: Rillaboom|0 fnt\n|faint|p1b: Rillaboom\n|\n|-heal|p2b: Volcanion|22\/100|[from] item: Leftovers\n|upkeep\n|\n|t:|1700257983\n|switch|p1b: Flutter Mane|Flutter Mane|100\/100\n|-enditem|p1b: Flutter Mane|Booster Energy\n|-activate|p1b: Flutter Mane|ability: Protosynthesis|[fromitem]\n|-start|p1b: Flutter Mane|protosynthesisspe\n|turn|7\n|inactive|Penter has 120 seconds left.\n|l| RipDarkHam\n|j| AtariAlex\n|\n|t:|1700258009\n|move|p2a: Grimmsnarl|Reflect|p2a: Grimmsnarl\n|-sidestart|p2: Docteur Grandhomme|Reflect\n|move|p1b: Flutter Mane|Moonblast|p2a: Grimmsnarl\n|-supereffective|p2a: Grimmsnarl\n|-damage|p2a: Grimmsnarl|0 fnt\n|faint|p2a: Grimmsnarl\n|move|p1a: Ogerpon|Horn Leech|p2b: Volcanion\n|-damage|p2b: Volcanion|0 fnt\n|faint|p2b: Volcanion\n|\n|upkeep\n|j| RipDarkHam\n|\n|t:|1700258030\n|switch|p2b: Cresselia|Cresselia, F|100\/100\n|switch|p2a: Garganacl|Garganacl, F, tera:Poison|81\/100\n|turn|8\n|inactive|Penter has 120 seconds left.\n|j| Kuma Bartholomew\n|\n|t:|1700258062\n|move|p1a: Ogerpon|Spiky Shield|p1a: Ogerpon\n|-singleturn|p1a: Ogerpon|move: Protect\n|move|p1b: Flutter Mane|Shadow Ball|p2b: Cresselia\n|-supereffective|p2b: Cresselia\n|-damage|p2b: Cresselia|55\/100\n|move|p2b: Cresselia|Icy Wind|p1b: Flutter Mane|[spread] p1b\n|-activate|p1a: Ogerpon|move: Protect\n|-damage|p1b: Flutter Mane|90\/100\n|-unboost|p1b: Flutter Mane|spe|1\n|move|p2a: Garganacl|Salt Cure|p1a: Ogerpon\n|-activate|p1a: Ogerpon|move: Protect\n|\n|-heal|p2a: Garganacl|87\/100|[from] item: Leftovers\n|upkeep\n|turn|9\n|j| Yuri134\n|inactive|Penter has 120 seconds left.\n|\n|t:|1700258081\n|move|p1b: Flutter Mane|Shadow Ball|p2b: Cresselia\n|-supereffective|p2b: Cresselia\n|-damage|p2b: Cresselia|9\/100\n|move|p1a: Ogerpon|Ivy Cudgel|p2b: Cresselia|[anim] Ivy Cudgel Water\n|-damage|p2b: Cresselia|0 fnt\n|faint|p2b: Cresselia\n|move|p2a: Garganacl|Salt Cure|p1a: Ogerpon\n|-damage|p1a: Ogerpon|83\/100\n|-start|p1a: Ogerpon|Salt Cure\n|\n|-heal|p2a: Garganacl|94\/100|[from] item: Leftovers\n|-damage|p1a: Ogerpon|58\/100|[from] Salt Cure\n|upkeep\n|l| RipDarkHam\n|\n|t:|1700258093\n|switch|p2b: Ursaluna|Ursaluna-Bloodmoon, M|100\/100\n|turn|10\n|inactive|Penter has 120 seconds left.\n|l| Kuma Bartholomew\n|\n|t:|1700258118\n|switch|p1a: Munkidori|Munkidori, M|19\/100\n|move|p1b: Flutter Mane|Moonblast|p2b: Ursaluna\n|-damage|p2b: Ursaluna|63\/100\n|-unboost|p2b: Ursaluna|spa|1\n|move|p2b: Ursaluna|Blood Moon|p1b: Flutter Mane\n|-damage|p1b: Flutter Mane|34\/100\n|move|p2a: Garganacl|Salt Cure|p1b: Flutter Mane\n|-damage|p1b: Flutter Mane|12\/100\n|-start|p1b: Flutter Mane|Salt Cure\n|\n|-heal|p1a: Munkidori|25\/100|[from] item: Leftovers\n|-heal|p2a: Garganacl|99\/100|[from] item: Leftovers\n|-damage|p1b: Flutter Mane|0 fnt|[from] Salt Cure\n|faint|p1b: Flutter Mane\n|-end|p1b: Flutter Mane|Protosynthesis|[silent]\n|upkeep\n|j| xxxdusk\n|inactive|Penter has 90 seconds left.\n|\n|t:|1700258158\n|switch|p1b: Ogerpon|Ogerpon-Wellspring, F|58\/100\n|turn|11\n|\n|t:|1700258171\n|switch|p2a: Sinistcha|Sinistcha|100\/100\n|-heal|p2b: Ursaluna|88\/100|[from] ability: Hospitality|[of] p2a: Sinistcha\n|-terastallize|p1b: Ogerpon|Water\n|detailschange|p1b: Ogerpon|Ogerpon-Wellspring-Tera, F, tera:Water\n|-ability|p1b: Ogerpon|Embody Aspect (Wellspring)|boost\n|-boost|p1b: Ogerpon|spd|1\n|move|p1a: Munkidori|Psychic|p2a: Sinistcha\n|-damage|p2a: Sinistcha|47\/100\n|move|p1b: Ogerpon|Ivy Cudgel|p2b: Ursaluna|[anim] Ivy Cudgel Water\n|-supereffective|p2b: Ursaluna\n|-damage|p2b: Ursaluna|16\/100\n|move|p2b: Ursaluna|Earth Power|p1a: Munkidori\n|-supereffective|p1a: Munkidori\n|-damage|p1a: Munkidori|0 fnt\n|faint|p1a: Munkidori\n|\n|-heal|p2a: Sinistcha|53\/100|[from] item: Leftovers\n|upkeep\n|\n|t:|1700258178\n|switch|p1a: Chien-Pao|Chien-Pao|100\/100\n|-ability|p1a: Chien-Pao|Sword of Ruin\n|turn|12\n|inactive|Penter has 120 seconds left.\n|inactive|Penter has 90 seconds left.\n|\n|t:|1700258235\n|move|p2a: Sinistcha|Protect|p2a: Sinistcha\n|-singleturn|p2a: Sinistcha|Protect\n|move|p2b: Ursaluna|Vacuum Wave|p1a: Chien-Pao\n|-supereffective|p1a: Chien-Pao\n|-damage|p1a: Chien-Pao|30\/100\n|move|p1a: Chien-Pao|Lash Out|p2a: Sinistcha\n|-activate|p2a: Sinistcha|move: Protect\n|move|p1b: Ogerpon|Horn Leech|p2b: Ursaluna\n|-supereffective|p2b: Ursaluna\n|-damage|p2b: Ursaluna|0 fnt\n|-heal|p1b: Ogerpon|68\/100|[from] drain|[of] p2b: Ursaluna\n|faint|p2b: Ursaluna\n|\n|-heal|p2a: Sinistcha|59\/100|[from] item: Leftovers\n|upkeep\n|c|\u2606Docteur Grandhomme|that sp attack drop really fucked me though\n|\n|t:|1700258244\n|switch|p2b: Garganacl|Garganacl, F, tera:Poison|99\/100\n|turn|13\n|inactive|Penter has 90 seconds left.\n|\n|t:|1700258258\n|move|p1b: Ogerpon|Spiky Shield|p1b: Ogerpon\n|-singleturn|p1b: Ogerpon|move: Protect\n|move|p1a: Chien-Pao|Lash Out|p2a: Sinistcha\n|-supereffective|p2a: Sinistcha\n|-damage|p2a: Sinistcha|0 fnt\n|faint|p2a: Sinistcha\n|-damage|p1a: Chien-Pao|20\/100|[from] item: Life Orb\n|move|p2b: Garganacl|Salt Cure|p1a: Chien-Pao\n|-supereffective|p1a: Chien-Pao\n|-damage|p1a: Chien-Pao|0 fnt\n|faint|p1a: Chien-Pao\n|\n|-heal|p2b: Garganacl|100\/100|[from] item: Leftovers\n|upkeep\n|turn|14\n|\n|t:|1700258267\n|move|p1b: Ogerpon|Ivy Cudgel|p2b: Garganacl|[anim] Ivy Cudgel Water\n|-damage|p2b: Garganacl|71\/100\n|move|p2b: Garganacl|Salt Cure|p1b: Ogerpon\n|-damage|p1b: Ogerpon|51\/100\n|-start|p1b: Ogerpon|Salt Cure\n|\n|-heal|p2b: Garganacl|77\/100|[from] item: Leftovers\n|-damage|p1b: Ogerpon|26\/100|[from] Salt Cure\n|-sideend|p2: Docteur Grandhomme|Reflect\n|upkeep\n|turn|15\n|\n|t:|1700258276\n|move|p2b: Garganacl|Protect|p2b: Garganacl\n|-singleturn|p2b: Garganacl|Protect\n|move|p1b: Ogerpon|Ivy Cudgel|p2b: Garganacl|[anim] Ivy Cudgel Water\n|-activate|p2b: Garganacl|move: Protect\n|\n|-heal|p2b: Garganacl|83\/100|[from] item: Leftovers\n|-damage|p1b: Ogerpon|1\/100|[from] Salt Cure\n|upkeep\n|turn|16\n|j| Kuma Bartholomew\n|c|\u2606Docteur Grandhomme|to the crit\n|c|\u2606Docteur Grandhomme|gg\n|\n|t:|1700258284\n|move|p1b: Ogerpon|Ivy Cudgel|p2b: Garganacl|[anim] Ivy Cudgel Water\n|-damage|p2b: Garganacl|35\/100\n|move|p2b: Garganacl|Recover|p2b: Garganacl\n|-heal|p2b: Garganacl|85\/100\n|\n|-heal|p2b: Garganacl|91\/100|[from] item: Leftovers\n|-damage|p1b: Ogerpon|0 fnt|[from] Salt Cure\n|faint|p1b: Ogerpon\n|\n|win|Docteur Grandhomme\n|upkeep\n|n|\u2606Penter|penter\n|n|\u2606Docteur Grandhomme|docteurgrandhomme\n|n|*Lady Monita \u2746|ladymonita\n|n| BB-8-NU|bb8nu\n|n| Arcanine Numbers|arcaninenumbers\n|n| AtariAlex|atarialex\n|n| Yuri134|yuri134\n|n| xxxdusk|xxxdusk\n|n| Kuma Bartholomew|kumabartholomew\n|l|*Lady Monita \u2746\n|l| BB-8-NU\n|l|\u2606Penter\n|l| Kuma Bartholomew\n|l| xxxdusk\n|l| Yuri134\n","uploadtime":1700258285,"views":25,"p1id":"penter","p2id":"docteurgrandhomme","formatid":"gen9doublesou","rating":0,"private":0,"password":""}