{"id":"gen9doublesou-1995538433","p1":"ettiriddure","p2":"TY SM MY GUY","format":"[Gen 9] Doubles OU","log":"|j|\u2606ettiriddure\n|j|\u2606TY SM MY GUY\n|t:|1700580994\n|gametype|doubles\n|player|p1|ettiriddure|hilbert|1481\n|player|p2|TY SM MY GUY|hoopster|1345\n|teamsize|p1|6\n|teamsize|p2|6\n|gen|9\n|tier|[Gen 9] Doubles OU\n|rated|\n|rule|Species Clause: Limit one of each Pok\u00e9mon\n|rule|OHKO Clause: OHKO moves are banned\n|rule|Evasion Moves Clause: Evasion moves are banned\n|rule|Gravity Sleep Clause: The combination of sleep-inducing moves with imperfect accuracy and Gravity or Gigantamax Orbeetle are banned\n|rule|Endless Battle Clause: Forcing endless battles is banned\n|rule|HP Percentage Mod: HP is shown in percentages\n|clearpoke\n|poke|p1|Cresselia, F|\n|poke|p1|Ursaluna, F|\n|poke|p1|Torkoal, F|\n|poke|p1|Tornadus, M|\n|poke|p1|Regidrago|\n|poke|p1|Baxcalibur, F|\n|poke|p2|Kilowattrel, M|\n|poke|p2|Brambleghast, M|\n|poke|p2|Politoed, M|\n|poke|p2|Ting-Lu|\n|poke|p2|Hatterene, F|\n|poke|p2|Dragonite, M|\n|teampreview\n|inactive|Battle timer is ON: inactive players will automatically lose when time's up. (requested by ettiriddure)\n|\n|t:|1700581014\n|start\n|switch|p1a: Cresselia|Cresselia, F|100\/100\n|switch|p1b: Ursaluna|Ursaluna, F|100\/100\n|switch|p2a: Ting-Lu|Ting-Lu|100\/100\n|switch|p2b: Hatterene|Hatterene, F, shiny|100\/100\n|-ability|p2a: Ting-Lu|Vessel of Ruin\n|turn|1\n|\n|t:|1700581036\n|move|p2a: Ting-Lu|Stealth Rock|p1a: Cresselia\n|-sidestart|p1: ettiriddure|move: Stealth Rock\n|move|p2b: Hatterene|Nuzzle|p1b: Ursaluna\n|-immune|p1b: Ursaluna\n|move|p1b: Ursaluna|Swords Dance|p1b: Ursaluna\n|-boost|p1b: Ursaluna|atk|2\n|move|p1a: Cresselia|Trick Room|p1a: Cresselia\n|-fieldstart|move: Trick Room|[of] p1a: Cresselia\n|\n|-status|p1b: Ursaluna|brn|[from] item: Flame Orb\n|upkeep\n|turn|2\n|\n|t:|1700581050\n|move|p1a: Cresselia|Helping Hand|p1b: Ursaluna\n|-singleturn|p1b: Ursaluna|Helping Hand|[of] p1a: Cresselia\n|move|p2b: Hatterene|Mystical Fire|p1a: Cresselia\n|-damage|p1a: Cresselia|91\/100\n|-unboost|p1a: Cresselia|spa|1\n|move|p1b: Ursaluna|Earthquake|p2a: Ting-Lu|[spread] p2a,p2b\n|-immune|p1a: Cresselia|[from] ability: Levitate\n|-damage|p2a: Ting-Lu|13\/100\n|-damage|p2b: Hatterene|0 fnt\n|faint|p2b: Hatterene\n|move|p2a: Ting-Lu|Whirlwind|p1b: Ursaluna\n|drag|p1b: Baxcalibur|Baxcalibur, F|100\/100\n|-damage|p1b: Baxcalibur|76\/100|[from] Stealth Rock\n|\n|-heal|p2a: Ting-Lu|20\/100|[from] item: Leftovers\n|-heal|p1a: Cresselia|97\/100|[from] item: Leftovers\n|upkeep\n|\n|t:|1700581057\n|switch|p2b: Politoed|Politoed, M, shiny|100\/100\n|-weather|RainDance|[from] ability: Drizzle|[of] p2b: Politoed\n|turn|3\n|\n|t:|1700581080\n|move|p2a: Ting-Lu|Spikes|p1b: Baxcalibur\n|-sidestart|p1: ettiriddure|Spikes\n|move|p2b: Politoed|Mud-Slap|p1b: Baxcalibur\n|-damage|p1b: Baxcalibur|71\/100\n|-unboost|p1b: Baxcalibur|accuracy|1\n|move|p1b: Baxcalibur|Swords Dance|p1b: Baxcalibur\n|-boost|p1b: Baxcalibur|atk|2\n|move|p1a: Cresselia|Trick Room|p1a: Cresselia\n|-fieldend|move: Trick Room\n|\n|-weather|RainDance|[upkeep]\n|-heal|p1a: Cresselia|100\/100|[from] item: Leftovers\n|-heal|p2a: Ting-Lu|26\/100|[from] item: Leftovers\n|upkeep\n|turn|4\n|\n|t:|1700581101\n|move|p1b: Baxcalibur|Icicle Spear|p2a: Ting-Lu\n|-supereffective|p2a: Ting-Lu\n|-damage|p2a: Ting-Lu|2\/100\n|-supereffective|p2a: Ting-Lu\n|-damage|p2a: Ting-Lu|0 fnt\n|faint|p2a: Ting-Lu\n|-hitcount|p2: Ting-Lu|2\n|move|p1a: Cresselia|Lunar Blessing|p1a: Cresselia|[spread] p1a,p1b\n|-heal|p1b: Baxcalibur|96\/100\n|move|p2b: Politoed|Mud-Slap|p1b: Baxcalibur\n|-damage|p1b: Baxcalibur|90\/100\n|-unboost|p1b: Baxcalibur|accuracy|1\n|\n|-weather|RainDance|[upkeep]\n|upkeep\n|\n|t:|1700581109\n|switch|p2a: Brambleghast|Brambleghast, M, shiny|100\/100\n|turn|5\n|\n|t:|1700581130\n|switch|p1b: Torkoal|Torkoal, F|100\/100\n|-damage|p1b: Torkoal|76\/100|[from] Stealth Rock\n|-damage|p1b: Torkoal|63\/100|[from] Spikes\n|-weather|SunnyDay|[from] ability: Drought|[of] p1b: Torkoal\n|move|p2a: Brambleghast|Poltergeist|p1a: Cresselia\n|-activate|p1a: Cresselia|move: Poltergeist|Leftovers\n|-supereffective|p1a: Cresselia\n|-damage|p1a: Cresselia|5\/100\n|-damage|p2a: Brambleghast|91\/100|[from] item: Life Orb\n|move|p2b: Politoed|Icy Wind|p1b: Torkoal|[spread] p1a,p1b\n|-resisted|p1b: Torkoal\n|-damage|p1a: Cresselia|0 fnt\n|-damage|p1b: Torkoal|56\/100\n|-unboost|p1b: Torkoal|spe|1\n|faint|p1a: Cresselia\n|\n|-weather|SunnyDay|[upkeep]\n|upkeep\n|inactive|ettiriddure has 120 seconds left.\n|\n|t:|1700581150\n|switch|p1a: Baxcalibur|Baxcalibur, F|90\/100\n|-damage|p1a: Baxcalibur|65\/100|[from] Stealth Rock\n|-damage|p1a: Baxcalibur|53\/100|[from] Spikes\n|turn|6\n|inactive|ettiriddure has 120 seconds left.\n|\n|t:|1700581171\n|move|p2a: Brambleghast|Poltergeist|p1a: Baxcalibur\n|-activate|p1a: Baxcalibur|move: Poltergeist|Loaded Dice\n|-damage|p1a: Baxcalibur|0 fnt\n|faint|p1a: Baxcalibur\n|-damage|p2a: Brambleghast|81\/100|[from] item: Life Orb\n|move|p2b: Politoed|Weather Ball|p1b: Torkoal\n|-resisted|p1b: Torkoal\n|-damage|p1b: Torkoal|24\/100\n|move|p1b: Torkoal|Solar Beam||[still]\n|-prepare|p1b: Torkoal|Solar Beam\n|-anim|p1b: Torkoal|Solar Beam|p2b: Politoed\n|-supereffective|p2b: Politoed\n|-damage|p2b: Politoed|9\/100\n|\n|-weather|SunnyDay|[upkeep]\n|upkeep\n|inactive|ettiriddure has 120 seconds left.\n|\n|t:|1700581190\n|switch|p1a: Tornadus|Tornadus, M|100\/100\n|-damage|p1a: Tornadus|76\/100|[from] Stealth Rock\n|turn|7\n|\n|t:|1700581198\n|move|p1a: Tornadus|Tailwind|p1a: Tornadus\n|-sidestart|p1: ettiriddure|move: Tailwind\n|move|p2a: Brambleghast|Rapid Spin|p1b: Torkoal\n|-damage|p1b: Torkoal|8\/100\n|-boost|p2a: Brambleghast|spe|1\n|-damage|p2a: Brambleghast|71\/100|[from] item: Life Orb\n|move|p2b: Politoed|Icy Wind|p1b: Torkoal|[spread] p1a,p1b\n|-supereffective|p1a: Tornadus\n|-resisted|p1b: Torkoal\n|-damage|p1a: Tornadus|54\/100\n|-damage|p1b: Torkoal|0 fnt\n|-unboost|p1a: Tornadus|spe|1\n|faint|p1b: Torkoal\n|\n|-weather|SunnyDay|[upkeep]\n|upkeep\n|\n|t:|1700581213\n|switch|p1b: Regidrago|Regidrago|100\/100\n|-damage|p1b: Regidrago|88\/100|[from] Stealth Rock\n|-damage|p1b: Regidrago|76\/100|[from] Spikes\n|turn|8\n|\n|t:|1700581226\n|-terastallize|p1b: Regidrago|Dragon\n|move|p1b: Regidrago|Dragon Energy|p2a: Brambleghast|[spread] p2a,p2b\n|-damage|p2a: Brambleghast|0 fnt\n|-damage|p2b: Politoed|0 fnt\n|faint|p2a: Brambleghast\n|faint|p2b: Politoed\n|move|p1a: Tornadus|Hurricane|p2: Brambleghast|[notarget]\n|-fail|p1a: Tornadus\n|\n|-weather|SunnyDay|[upkeep]\n|upkeep\n|\n|t:|1700581231\n|switch|p2a: Kilowattrel|Kilowattrel, M, shiny|100\/100\n|switch|p2b: Dragonite|Dragonite, M, shiny|100\/100\n|turn|9\n|\n|t:|1700581241\n|-terastallize|p2a: Kilowattrel|Ice\n|move|p1a: Tornadus|Protect|p1a: Tornadus\n|-singleturn|p1a: Tornadus|Protect\n|move|p1b: Regidrago|Protect|p1b: Regidrago\n|-singleturn|p1b: Regidrago|Protect\n|move|p2a: Kilowattrel|Tailwind|p2a: Kilowattrel\n|-sidestart|p2: TY SM MY GUY|move: Tailwind\n|move|p2b: Dragonite|Dragon Dance|p2b: Dragonite\n|-boost|p2b: Dragonite|atk|1\n|-boost|p2b: Dragonite|spe|1\n|\n|-weather|none\n|upkeep\n|turn|10\n|c|\u2606TY SM MY GUY|Wow double protect is crazy\n|c|\u2606TY SM MY GUY|you mightve threw\n|inactive|TY SM MY GUY has 120 seconds left.\n|\n|t:|1700581273\n|move|p1a: Tornadus|Taunt|p2b: Dragonite\n|-start|p2b: Dragonite|move: Taunt\n|move|p2a: Kilowattrel|Tera Blast|p1b: Regidrago|[anim] Tera Blast Ice\n|-supereffective|p1b: Regidrago\n|-damage|p1b: Regidrago|0 fnt\n|faint|p1b: Regidrago\n|move|p2b: Dragonite|Ice Spinner|p1a: Tornadus\n|-supereffective|p1a: Tornadus\n|-damage|p1a: Tornadus|0 fnt\n|faint|p1a: Tornadus\n|\n|-sideend|p1: ettiriddure|move: Tailwind\n|upkeep\n|c|\u2606TY SM MY GUY|Hard throw\n|c|\u2606TY SM MY GUY|jeez\n|-message|ettiriddure forfeited.\n|\n|win|TY SM MY GUY\n|raw|ettiriddure's rating: 1481 &rarr; <strong>1454<\/strong><br \/>(-27 for losing)\n|raw|TY SM MY GUY's rating: 1345 &rarr; <strong>1372<\/strong><br \/>(+27 for winning)\n|l|\u2606ettiriddure\n","uploadtime":1700581289,"views":0,"p1id":"ettiriddure","p2id":"tysmmyguy","formatid":"gen9doublesou","rating":1372,"private":0,"password":""}