{"id":"gen9doublesou-1991582335","p1":"EL145898","p2":"bananaszn","format":"[Gen 9] Doubles OU","log":"|j|\u2606EL145898\n|j|\u2606bananaszn\n|t:|1700090798\n|gametype|doubles\n|player|p1|EL145898|1|1239\n|player|p2|bananaszn|brycen|1310\n|teamsize|p1|6\n|teamsize|p2|6\n|gen|9\n|tier|[Gen 9] Doubles OU\n|rated|\n|rule|Species Clause: Limit one of each Pok\u00e9mon\n|rule|OHKO Clause: OHKO moves are banned\n|rule|Evasion Moves Clause: Evasion moves are banned\n|rule|Gravity Sleep Clause: The combination of sleep-inducing moves with imperfect accuracy and Gravity or Gigantamax Orbeetle are banned\n|rule|Endless Battle Clause: Forcing endless battles is banned\n|rule|HP Percentage Mod: HP is shown in percentages\n|clearpoke\n|poke|p1|Meowscarada, F|\n|poke|p1|Tauros-Paldea-Blaze, M|\n|poke|p1|Kingambit, F|\n|poke|p1|Armarouge, M|\n|poke|p1|Indeedee-F, F|\n|poke|p1|Iron Bundle|\n|poke|p2|Glimmora, M|\n|poke|p2|Tyranitar, F|\n|poke|p2|Amoonguss, F|\n|poke|p2|Heatran, M|\n|poke|p2|Landorus, M|\n|poke|p2|Cresselia, F|\n|teampreview\n|inactive|Battle timer is ON: inactive players will automatically lose when time's up. (requested by bananaszn)\n|\n|t:|1700090803\n|start\n|switch|p1a: Meowscarada|Meowscarada, F|100\/100\n|switch|p1b: Tauros|Tauros-Paldea-Blaze, M|100\/100\n|switch|p2a: Trippie Redd|Tyranitar, F, shiny|100\/100\n|switch|p2b: Oran Berry|Glimmora, M, shiny|100\/100\n|-weather|Sandstorm|[from] ability: Sand Stream|[of] p2a: Trippie Redd\n|turn|1\n|\n|t:|1700090823\n|move|p2a: Trippie Redd|Protect|p2a: Trippie Redd\n|-singleturn|p2a: Trippie Redd|Protect\n|move|p1a: Meowscarada|Flower Trick|p1b: Tauros\n|-resisted|p1b: Tauros\n|-crit|p1b: Tauros\n|-damage|p1b: Tauros|79\/100\n|-setboost|p1b: Tauros|atk|6|[from] ability: Anger Point\n|move|p1b: Tauros|Earthquake|p2b: Oran Berry|[spread] p1a,p2b\n|-activate|p2a: Trippie Redd|move: Protect\n|-resisted|p1a: Meowscarada\n|-supereffective|p2b: Oran Berry\n|-damage|p1a: Meowscarada|36\/100\n|-enditem|p2b: Oran Berry|Focus Sash\n|-damage|p2b: Oran Berry|1\/100\n|move|p2b: Oran Berry|Mortal Spin|p1b: Tauros|[spread] p1a,p1b\n|-supereffective|p1a: Meowscarada\n|-damage|p1a: Meowscarada|21\/100\n|-damage|p1b: Tauros|74\/100\n|-status|p1a: Meowscarada|psn\n|-status|p1b: Tauros|psn\n|-enditem|p1a: Meowscarada|Salac Berry|[eat]\n|-boost|p1a: Meowscarada|spe|1|[from] item: Salac Berry\n|\n|-weather|Sandstorm|[upkeep]\n|-damage|p1a: Meowscarada|15\/100 psn|[from] Sandstorm\n|-damage|p1b: Tauros|68\/100 psn|[from] Sandstorm\n|-damage|p1a: Meowscarada|2\/100 psn|[from] psn\n|-damage|p1b: Tauros|55\/100 psn|[from] psn\n|upkeep\n|turn|2\n|\n|t:|1700090851\n|switch|p2b: Nicki Minaj|Cresselia, F, shiny|100\/100\n|switch|p2a: ROOT BEER|Landorus, M, shiny|100\/100\n|move|p1a: Meowscarada|Flower Trick|p2a: ROOT BEER\n|-crit|p2a: ROOT BEER\n|-damage|p2a: ROOT BEER|32\/100\n|move|p1b: Tauros|Earthquake|p2a: ROOT BEER|[spread] p1a\n|-immune|p2a: ROOT BEER\n|-immune|p2b: Nicki Minaj|[from] ability: Levitate\n|-resisted|p1a: Meowscarada\n|-crit|p1a: Meowscarada\n|-damage|p1a: Meowscarada|0 fnt\n|faint|p1a: Meowscarada\n|\n|-weather|Sandstorm|[upkeep]\n|-damage|p1b: Tauros|49\/100 psn|[from] Sandstorm\n|-heal|p2a: ROOT BEER|37\/100|[from] item: Leftovers\n|-damage|p1b: Tauros|37\/100 psn|[from] psn\n|upkeep\n|\n|t:|1700090865\n|switch|p1a: Indeedee|Indeedee-F, F|100\/100\n|-fieldstart|move: Psychic Terrain|[from] ability: Psychic Surge|[of] p1a: Indeedee\n|turn|3\n|\n|t:|1700090893\n|move|p2a: ROOT BEER|Protect|p2a: ROOT BEER\n|-singleturn|p2a: ROOT BEER|Protect\n|move|p1a: Indeedee|Follow Me|p1a: Indeedee\n|-singleturn|p1a: Indeedee|move: Follow Me\n|move|p1b: Tauros|Raging Bull|p2b: Nicki Minaj\n|-damage|p2b: Nicki Minaj|0 fnt\n|faint|p2b: Nicki Minaj\n|\n|-weather|Sandstorm|[upkeep]\n|-damage|p1b: Tauros|30\/100 psn|[from] Sandstorm\n|-damage|p1a: Indeedee|94\/100|[from] Sandstorm\n|-heal|p2a: ROOT BEER|43\/100|[from] item: Leftovers\n|-heal|p1a: Indeedee|100\/100|[from] item: Leftovers\n|-damage|p1b: Tauros|18\/100 psn|[from] psn\n|upkeep\n|\n|t:|1700090910\n|switch|p2b: Ball Guy|Amoonguss, F, shiny|100\/100\n|turn|4\n|\n|t:|1700090918\n|switch|p2b: Gobba Goo|Heatran, M, shiny|100\/100\n|move|p1a: Indeedee|Follow Me|p1a: Indeedee\n|-singleturn|p1a: Indeedee|move: Follow Me\n|move|p1b: Tauros|Raging Bull|p2b: Gobba Goo\n|-start|p2b: Gobba Goo|ability: Flash Fire\n|move|p2a: ROOT BEER|Crunch|p1a: Indeedee\n|-supereffective|p1a: Indeedee\n|-damage|p1a: Indeedee|17\/100\n|\n|-weather|Sandstorm|[upkeep]\n|-damage|p1b: Tauros|12\/100 psn|[from] Sandstorm\n|-damage|p1a: Indeedee|11\/100|[from] Sandstorm\n|-heal|p2a: ROOT BEER|49\/100|[from] item: Leftovers\n|-heal|p1a: Indeedee|17\/100|[from] item: Leftovers\n|-damage|p1b: Tauros|0 fnt|[from] psn\n|faint|p1b: Tauros\n|upkeep\n|\n|t:|1700090922\n|switch|p1b: Iron Bundle|Iron Bundle|100\/100\n|turn|5\n|\n|t:|1700090937\n|switch|p1a: Armarouge|Armarouge, M|100\/100\n|move|p2a: ROOT BEER|Protect|p2a: ROOT BEER\n|-singleturn|p2a: ROOT BEER|Protect\n|move|p1b: Iron Bundle|Flip Turn|p1a: Armarouge\n|-supereffective|p1a: Armarouge\n|-damage|p1a: Armarouge|66\/100\n|-ability|p1a: Armarouge|Weak Armor|boost\n|-unboost|p1a: Armarouge|def|1\n|-boost|p1a: Armarouge|spe|2\n|-enditem|p1a: Armarouge|Weakness Policy\n|-boost|p1a: Armarouge|atk|2|[from] item: Weakness Policy\n|-boost|p1a: Armarouge|spa|2|[from] item: Weakness Policy\n|\n|t:|1700090949\n|-end|p1b: Iron Bundle|Quark Drive|[silent]\n|switch|p1b: Indeedee|Indeedee-F, F|17\/100|[from] Flip Turn\n|move|p2b: Gobba Goo|Heat Wave|p1a: Armarouge|[spread] p1a,p1b\n|-resisted|p1a: Armarouge\n|-damage|p1a: Armarouge|26\/100\n|-damage|p1b: Indeedee|0 fnt\n|faint|p1b: Indeedee\n|\n|-weather|Sandstorm|[upkeep]\n|-damage|p1a: Armarouge|20\/100|[from] Sandstorm\n|-heal|p2a: ROOT BEER|55\/100|[from] item: Leftovers\n|upkeep\n|\n|t:|1700090957\n|switch|p1b: Iron Bundle|Iron Bundle|100\/100\n|turn|6\n|\n|t:|1700090970\n|switch|p2a: Trippie Redd|Tyranitar, F, shiny|100\/100\n|move|p1a: Armarouge|Expanding Force|p2a: Trippie Redd|[spread] p2b\n|-immune|p2a: Trippie Redd\n|-resisted|p2b: Gobba Goo\n|-damage|p2b: Gobba Goo|70\/100\n|move|p1b: Iron Bundle|Hydro Pump|p2b: Gobba Goo\n|-supereffective|p2b: Gobba Goo\n|-damage|p2b: Gobba Goo|7\/100\n|move|p2b: Gobba Goo|Heat Wave|p1a: Armarouge|[spread] p1a,p1b\n|-resisted|p1a: Armarouge\n|-damage|p1a: Armarouge|0 fnt\n|-damage|p1b: Iron Bundle|0 fnt\n|faint|p1a: Armarouge\n|faint|p1b: Iron Bundle\n|-end|p1b: Iron Bundle|Quark Drive|[silent]\n|\n|-weather|Sandstorm|[upkeep]\n|upkeep\n|-message|EL145898 forfeited.\n|\n|win|bananaszn\n|raw|EL145898's rating: 1239 &rarr; <strong>1219<\/strong><br \/>(-20 for losing)\n|raw|bananaszn's rating: 1310 &rarr; <strong>1326<\/strong><br \/>(+16 for winning)\n|l|\u2606EL145898\n|c|\u2606bananaszn|fraud ass strat\n","uploadtime":1700090996,"views":5,"p1id":"el145898","p2id":"bananaszn","formatid":"gen9doublesou","rating":1219,"private":0,"password":""}