{"id":"gen9doublesou-1969271764","p1":"Undala","p2":"PokeNize","format":"[Gen 9] Doubles OU","log":"|j|\u2606Undala\n|j|\u2606PokeNize\n|t:|1697508351\n|gametype|doubles\n|player|p1|Undala|170|1173\n|player|p2|PokeNize|red|1120\n|teamsize|p1|6\n|teamsize|p2|6\n|gen|9\n|tier|[Gen 9] Doubles OU\n|rated|\n|rule|Species Clause: Limit one of each Pok\u00e9mon\n|rule|OHKO Clause: OHKO moves are banned\n|rule|Evasion Moves Clause: Evasion moves are banned\n|rule|Gravity Sleep Clause: The combination of sleep-inducing moves with imperfect accuracy and Gravity or Gigantamax Orbeetle are banned\n|rule|Endless Battle Clause: Forcing endless battles is banned\n|rule|HP Percentage Mod: HP is shown in percentages\n|clearpoke\n|poke|p1|Flutter Mane|\n|poke|p1|Torkoal, F|\n|poke|p1|Toxapex, M|\n|poke|p1|Regidrago|\n|poke|p1|Talonflame, F|\n|poke|p1|Indeedee-F, F|\n|poke|p2|Ogerpon-Wellspring, F|\n|poke|p2|Ninetales-Alola, M|\n|poke|p2|Kingambit, M|\n|poke|p2|Ribombee, M|\n|poke|p2|Illumise, F|\n|poke|p2|Iron Hands|\n|teampreview\n|c|\u2606PokeNize|glhf\n|inactive|Battle timer is ON: inactive players will automatically lose when time's up. (requested by Undala)\n|\n|t:|1697508363\n|start\n|switch|p1a: Toxapex|Toxapex, M|100\/100\n|switch|p1b: Talonflame|Talonflame, F|100\/100\n|switch|p2a: Ogerpon|Ogerpon-Wellspring, F|100\/100\n|switch|p2b: Ninetales|Ninetales-Alola, M, shiny|100\/100\n|-weather|Snow|[from] ability: Snow Warning|[of] p2b: Ninetales\n|turn|1\n|\n|t:|1697508377\n|move|p1b: Talonflame|Flare Blitz|p2b: Ninetales\n|-supereffective|p2b: Ninetales\n|-damage|p2b: Ninetales|24\/100\n|-damage|p1b: Talonflame|75\/100|[from] Recoil\n|move|p2b: Ninetales|Aurora Veil|p2b: Ninetales\n|-sidestart|p2: PokeNize|move: Aurora Veil\n|move|p2a: Ogerpon|Ivy Cudgel|p1b: Talonflame\n|-supereffective|p1b: Talonflame\n|-damage|p1b: Talonflame|0 fnt\n|faint|p1b: Talonflame\n|move|p1a: Toxapex|Toxic Spikes|p2a: Ogerpon\n|-sidestart|p2: PokeNize|move: Toxic Spikes\n|\n|-weather|Snow|[upkeep]\n|upkeep\n|\n|t:|1697508392\n|switch|p1b: Master Oogway|Torkoal, F|100\/100\n|-weather|SunnyDay|[from] ability: Drought|[of] p1b: Master Oogway\n|turn|2\n|\n|t:|1697508406\n|move|p2b: Ninetales|Rain Dance|p2b: Ninetales\n|-weather|RainDance\n|move|p2a: Ogerpon|Swords Dance|p2a: Ogerpon\n|-boost|p2a: Ogerpon|atk|2\n|move|p1a: Toxapex|Poison Jab|p2a: Ogerpon\n|-supereffective|p2a: Ogerpon\n|-damage|p2a: Ogerpon|59\/100\n|-status|p2a: Ogerpon|psn\n|move|p1b: Master Oogway|Flamethrower|p2b: Ninetales\n|-supereffective|p2b: Ninetales\n|-damage|p2b: Ninetales|2\/100\n|\n|-weather|RainDance|[upkeep]\n|-damage|p2a: Ogerpon|47\/100 psn|[from] psn\n|upkeep\n|turn|3\n|\n|t:|1697508425\n|switch|p1b: Indeedee|Indeedee-F, F|100\/100\n|move|p2b: Ninetales|Freeze-Dry|p1a: Toxapex\n|-supereffective|p1a: Toxapex\n|-damage|p1a: Toxapex|65\/100\n|move|p2a: Ogerpon|Ivy Cudgel|p1b: Indeedee\n|-damage|p1b: Indeedee|0 fnt\n|faint|p1b: Indeedee\n|move|p1a: Toxapex|Liquidation|p2b: Ninetales\n|-damage|p2b: Ninetales|0 fnt\n|faint|p2b: Ninetales\n|\n|-weather|RainDance|[upkeep]\n|-heal|p1a: Toxapex|71\/100|[from] item: Black Sludge\n|-damage|p2a: Ogerpon|35\/100 psn|[from] psn\n|upkeep\n|\n|t:|1697508445\n|switch|p2b: Illumise|Illumise, F, shiny|100\/100\n|switch|p1b: Master Oogway|Torkoal, F|100\/100\n|-status|p2b: Illumise|psn\n|-weather|SunnyDay|[from] ability: Drought|[of] p1b: Master Oogway\n|turn|4\n|\n|t:|1697508458\n|move|p2b: Illumise|Helping Hand|p2a: Ogerpon\n|-singleturn|p2a: Ogerpon|Helping Hand|[of] p2b: Illumise\n|move|p2a: Ogerpon|Horn Leech|p1a: Toxapex\n|-damage|p1a: Toxapex|0 fnt\n|-heal|p2a: Ogerpon|70\/100 psn|[from] drain|[of] p1a: Toxapex\n|faint|p1a: Toxapex\n|move|p1b: Master Oogway|Flamethrower|p2b: Illumise\n|-supereffective|p2b: Illumise\n|-damage|p2b: Illumise|36\/100 psn\n|-enditem|p2b: Illumise|Sitrus Berry|[eat]\n|-heal|p2b: Illumise|61\/100 psn|[from] item: Sitrus Berry\n|\n|-weather|SunnyDay|[upkeep]\n|-damage|p2a: Ogerpon|58\/100 psn|[from] psn\n|-damage|p2b: Illumise|49\/100 psn|[from] psn\n|upkeep\n|\n|t:|1697508470\n|switch|p1a: Flutter Mane|Flutter Mane|100\/100\n|-activate|p1a: Flutter Mane|ability: Protosynthesis\n|-start|p1a: Flutter Mane|protosynthesisspa\n|turn|5\n|\n|t:|1697508480\n|-terastallize|p2a: Ogerpon|Water\n|detailschange|p2a: Ogerpon|Ogerpon-Wellspring-Tera, F, tera:Water\n|-ability|p2a: Ogerpon|Embody Aspect (Wellspring)|boost\n|-boost|p2a: Ogerpon|spd|1\n|move|p2b: Illumise|Tailwind|p2b: Illumise\n|-sidestart|p2: PokeNize|move: Tailwind\n|move|p2a: Ogerpon|Ivy Cudgel|p1a: Flutter Mane\n|-damage|p1a: Flutter Mane|0 fnt\n|faint|p1a: Flutter Mane\n|-end|p1a: Flutter Mane|Protosynthesis|[silent]\n|move|p1b: Master Oogway|Flamethrower|p2b: Illumise\n|-supereffective|p2b: Illumise\n|-damage|p2b: Illumise|0 fnt\n|faint|p2b: Illumise\n|\n|-weather|SunnyDay|[upkeep]\n|-damage|p2a: Ogerpon|46\/100 psn|[from] psn\n|-sideend|p2: PokeNize|move: Aurora Veil\n|upkeep\n|\n|t:|1697508495\n|switch|p1a: Regidrago|Regidrago|100\/100\n|switch|p2b: Kingambit|Kingambit, M, shiny|100\/100\n|turn|6\n|\n|t:|1697508501\n|move|p2b: Kingambit|Sucker Punch|p1a: Regidrago\n|-damage|p1a: Regidrago|53\/100\n|move|p2a: Ogerpon|Ivy Cudgel|p1b: Master Oogway\n|-supereffective|p1b: Master Oogway\n|-damage|p1b: Master Oogway|0 fnt\n|faint|p1b: Master Oogway\n|move|p1a: Regidrago|Dragon Energy|p2a: Ogerpon|[spread] p2a,p2b\n|-resisted|p2b: Kingambit\n|-damage|p2a: Ogerpon|15\/100 psn\n|-damage|p2b: Kingambit|83\/100\n|\n|-weather|SunnyDay|[upkeep]\n|-damage|p2a: Ogerpon|3\/100 psn|[from] psn\n|upkeep\n|turn|7\n|-message|Undala forfeited.\n|\n|win|PokeNize\n|raw|Undala's rating: 1173 &rarr; <strong>1144<\/strong><br \/>(-29 for losing)\n|raw|PokeNize's rating: 1120 &rarr; <strong>1149<\/strong><br \/>(+29 for winning)\n|l|\u2606Undala\n|c|\u2606PokeNize|gg\n","uploadtime":1697508780,"views":23,"p1id":"undala","p2id":"pokenize","formatid":"gen9doublesou","rating":1144,"private":0,"password":""}