{"id":"gen9doublesou-1999220107","p1":"Sushi Bum","p2":"tamename","format":"[Gen 9] Doubles OU","log":"|j|\u203dSushi Bum\n|j|\u2606tamename\n|t:|1701047050\n|gametype|doubles\n|player|p1|Sushi Bum|hexmaniac-gen6|1531\n|player|p2|tamename|2|1629\n|teamsize|p1|6\n|teamsize|p2|6\n|gen|9\n|tier|[Gen 9] Doubles OU\n|rated|\n|rule|Species Clause: Limit one of each Pok\u00e9mon\n|rule|OHKO Clause: OHKO moves are banned\n|rule|Evasion Moves Clause: Evasion moves are banned\n|rule|Gravity Sleep Clause: The combination of sleep-inducing moves with imperfect accuracy and Gravity or Gigantamax Orbeetle are banned\n|rule|Endless Battle Clause: Forcing endless battles is banned\n|rule|HP Percentage Mod: HP is shown in percentages\n|clearpoke\n|poke|p1|Tropius, F|\n|poke|p1|Indeedee, M|\n|poke|p1|Dragapult, M|\n|poke|p1|Ogerpon-Hearthflame, F|\n|poke|p1|Iron Valiant|\n|poke|p1|Chien-Pao|\n|poke|p2|Sableye, F|\n|poke|p2|Cinderace, F|\n|poke|p2|Kingambit, M|\n|poke|p2|Amoonguss, F|\n|poke|p2|Ursaluna-Bloodmoon, M|\n|poke|p2|Farigiraf, F|\n|teampreview\n|\n|t:|1701047087\n|start\n|switch|p1a: Indeedee|Indeedee, M|100\/100\n|switch|p1b: Ogerpon|Ogerpon-Hearthflame, F|100\/100\n|switch|p2a: Kingambit|Kingambit, M|100\/100\n|switch|p2b: Sableye|Sableye, F, shiny|100\/100\n|-fieldstart|move: Psychic Terrain|[from] ability: Psychic Surge|[of] p1a: Indeedee\n|-ability|p1b: Ogerpon|Mold Breaker\n|turn|1\n|\n|t:|1701047103\n|move|p2a: Kingambit|Protect|p2a: Kingambit\n|-singleturn|p2a: Kingambit|Protect\n|move|p1a: Indeedee|Trick|p2b: Sableye\n|-activate|p1a: Indeedee|move: Trick|[of] p2b: Sableye\n|-item|p2b: Sableye|Choice Scarf|[from] move: Trick\n|-item|p1a: Indeedee|Sitrus Berry|[from] move: Trick\n|move|p1b: Ogerpon|Ivy Cudgel|p2a: Kingambit|[anim] Ivy Cudgel Fire\n|-activate|p2a: Kingambit|move: Protect\n|move|p2b: Sableye|Foul Play|p1b: Ogerpon\n|-damage|p1b: Ogerpon|35\/100\n|\n|upkeep\n|turn|2\n|\n|t:|1701047119\n|switch|p2a: Cinderace|Cinderace, F|100\/100\n|move|p1b: Ogerpon|Ivy Cudgel|p2a: Cinderace|[anim] Ivy Cudgel Fire\n|-resisted|p2a: Cinderace\n|-damage|p2a: Cinderace|59\/100\n|move|p1a: Indeedee|Dazzling Gleam|p2b: Sableye|[spread] p2a,p2b\n|-resisted|p2a: Cinderace\n|-supereffective|p2b: Sableye\n|-damage|p2a: Cinderace|47\/100\n|-damage|p2b: Sableye|64\/100\n|move|p2b: Sableye|Foul Play|p1b: Ogerpon\n|-damage|p1b: Ogerpon|0 fnt\n|faint|p1b: Ogerpon\n|\n|upkeep\n|\n|t:|1701047145\n|switch|p1b: Chien-Pao|Chien-Pao|100\/100\n|-ability|p1b: Chien-Pao|Sword of Ruin\n|turn|3\n|\n|t:|1701047161\n|move|p1b: Chien-Pao|Protect|p1b: Chien-Pao\n|-singleturn|p1b: Chien-Pao|Protect\n|move|p2a: Cinderace|Protect|p2a: Cinderace\n|-start|p2a: Cinderace|typechange|Normal|[from] ability: Libero\n|-singleturn|p2a: Cinderace|Protect\n|move|p1a: Indeedee|Dazzling Gleam|p2b: Sableye|[spread] p2b\n|-activate|p2a: Cinderace|move: Protect\n|-supereffective|p2b: Sableye\n|-damage|p2b: Sableye|27\/100\n|move|p2b: Sableye|Foul Play|p1a: Indeedee\n|-supereffective|p1a: Indeedee\n|-damage|p1a: Indeedee|0 fnt\n|faint|p1a: Indeedee\n|\n|upkeep\n|\n|t:|1701047205\n|switch|p1a: Dragapult|Dragapult, M|100\/100\n|turn|4\n|\n|t:|1701047246\n|switch|p2a: Amoonguss|Amoonguss, F|100\/100\n|move|p1a: Dragapult|Dragon Darts|p2a: Amoonguss\n|-damage|p2a: Amoonguss|61\/100\n|-anim|p1a: Dragapult|Dragon Darts|p2b: Sableye\n|-damage|p2b: Sableye|0 fnt\n|faint|p2b: Sableye\n|-damage|p1a: Dragapult|91\/100|[from] item: Life Orb\n|move|p1b: Chien-Pao|Sacred Sword|p2a: Amoonguss\n|-resisted|p2a: Amoonguss\n|-damage|p2a: Amoonguss|43\/100\n|\n|-heal|p2a: Amoonguss|50\/100|[from] item: Leftovers\n|upkeep\n|\n|t:|1701047255\n|switch|p2b: Kingambit|Kingambit, M|100\/100\n|turn|5\n|\n|t:|1701047261\n|-terastallize|p1b: Chien-Pao|Grass\n|move|p2b: Kingambit|Protect|p2b: Kingambit\n|-singleturn|p2b: Kingambit|Protect\n|move|p2a: Amoonguss|Protect|p2a: Amoonguss\n|-singleturn|p2a: Amoonguss|Protect\n|move|p1a: Dragapult|Dragon Darts|p2a: Amoonguss\n|-activate|p2b: Kingambit|move: Protect\n|move|p1b: Chien-Pao|Sacred Sword|p2b: Kingambit\n|-activate|p2b: Kingambit|move: Protect\n|\n|-heal|p2a: Amoonguss|56\/100|[from] item: Leftovers\n|-fieldend|move: Psychic Terrain\n|upkeep\n|turn|6\n|\n|t:|1701047289\n|-terastallize|p2b: Kingambit|Dark\n|move|p1a: Dragapult|Protect|p1a: Dragapult\n|-singleturn|p1a: Dragapult|Protect\n|move|p2b: Kingambit|Sucker Punch||[still]\n|-fail|p2b: Kingambit\n|move|p1b: Chien-Pao|Sacred Sword|p2b: Kingambit\n|-supereffective|p2b: Kingambit\n|-damage|p2b: Kingambit|47\/100\n|move|p2a: Amoonguss|Pollen Puff|p1b: Chien-Pao\n|-supereffective|p1b: Chien-Pao\n|-damage|p1b: Chien-Pao|44\/100\n|\n|-heal|p2a: Amoonguss|62\/100|[from] item: Leftovers\n|upkeep\n|turn|7\n|\n|t:|1701047301\n|switch|p1a: Iron Valiant|Iron Valiant|100\/100\n|-enditem|p1a: Iron Valiant|Booster Energy\n|-activate|p1a: Iron Valiant|ability: Quark Drive|[fromitem]\n|-start|p1a: Iron Valiant|quarkdrivespe\n|move|p2b: Kingambit|Sucker Punch|p1b: Chien-Pao\n|-damage|p1b: Chien-Pao|0 fnt\n|faint|p1b: Chien-Pao\n|move|p2a: Amoonguss|Pollen Puff|p2b: Kingambit\n|-heal|p2b: Kingambit|97\/100\n|\n|-heal|p2a: Amoonguss|68\/100|[from] item: Leftovers\n|upkeep\n|\n|t:|1701047306\n|switch|p1b: Tropius|Tropius, F|100\/100\n|turn|8\n|\n|t:|1701047315\n|move|p2b: Kingambit|Protect|p2b: Kingambit\n|-singleturn|p2b: Kingambit|Protect\n|move|p1a: Iron Valiant|Encore|p2a: Amoonguss\n|-start|p2a: Amoonguss|Encore\n|move|p1b: Tropius|Air Slash|p2a: Amoonguss\n|-supereffective|p2a: Amoonguss\n|-damage|p2a: Amoonguss|39\/100\n|move|p2a: Amoonguss|Pollen Puff|p1a: Iron Valiant\n|-resisted|p1a: Iron Valiant\n|-damage|p1a: Iron Valiant|93\/100\n|\n|-heal|p2a: Amoonguss|45\/100|[from] item: Leftovers\n|upkeep\n|turn|9\n|\n|t:|1701047356\n|switch|p1b: Dragapult|Dragapult, M|91\/100\n|switch|p2b: Cinderace|Cinderace, F|47\/100\n|switch|p2a: Farigiraf|Farigiraf, F, shiny|100\/100\n|move|p1a: Iron Valiant|Aura Sphere|p2b: Cinderace\n|-damage|p2b: Cinderace|0 fnt\n|faint|p2b: Cinderace\n|\n|upkeep\n|\n|t:|1701047371\n|switch|p2b: Amoonguss|Amoonguss, F|78\/100\n|turn|10\n|l|\u203dSushi Bum\n|player|p1|\n|inactive|Battle timer is ON: inactive players will automatically lose when time's up. (requested by tamename)\n|inactive|Sushi Bum has 30 seconds to reconnect!\n|inactive|Sushi Bum has 20 seconds to reconnect!\n|inactive|Sushi Bum has 15 seconds to reconnect!\n|inactive|Sushi Bum has 10 seconds to reconnect!\n|inactive|Sushi Bum has 5 seconds to reconnect!\n|-message|Sushi Bum lost due to inactivity.\n|\n|win|tamename\n|raw|Sushi Bum's rating: 1531 &rarr; <strong>1516<\/strong><br \/>(-15 for losing)\n|raw|tamename's rating: 1629 &rarr; <strong>1644<\/strong><br \/>(+15 for winning)\n","uploadtime":1701047505,"views":8,"p1id":"sushibum","p2id":"tamename","formatid":"gen9doublesou","rating":1516,"private":0,"password":""}