{"id":"gen9doublesou-1971289919","p1":"readingbee","p2":"HavensNova","format":"[Gen 9] Doubles OU","log":"|j|\u2606readingbee\n|j|\u2606HavensNova\n|t:|1697726898\n|gametype|doubles\n|player|p1|readingbee|backersf|1156\n|player|p2|HavensNova|steven|1104\n|teamsize|p1|6\n|teamsize|p2|6\n|gen|9\n|tier|[Gen 9] Doubles OU\n|rated|\n|rule|Species Clause: Limit one of each Pok\u00e9mon\n|rule|OHKO Clause: OHKO moves are banned\n|rule|Evasion Moves Clause: Evasion moves are banned\n|rule|Gravity Sleep Clause: The combination of sleep-inducing moves with imperfect accuracy and Gravity or Gigantamax Orbeetle are banned\n|rule|Endless Battle Clause: Forcing endless battles is banned\n|rule|HP Percentage Mod: HP is shown in percentages\n|clearpoke\n|poke|p1|Amoonguss, M|\n|poke|p1|Cresselia, F|\n|poke|p1|Torkoal, M|\n|poke|p1|Iron Hands|\n|poke|p1|Indeedee-F, F|\n|poke|p1|Flutter Mane|\n|poke|p2|Rillaboom, F|\n|poke|p2|Sinistcha|\n|poke|p2|Ogerpon, F|\n|poke|p2|Basculegion-F, F|\n|poke|p2|Amoonguss, M|\n|poke|p2|Tornadus, M|\n|teampreview\n|inactive|Battle timer is ON: inactive players will automatically lose when time's up. (requested by HavensNova)\n|\n|t:|1697726911\n|start\n|switch|p1a: Cresselia|Cresselia, F|100\/100\n|switch|p1b: Indeedee|Indeedee-F, F|100\/100\n|switch|p2a: Ogerpon|Ogerpon, F|100\/100\n|switch|p2b: Rillaboom|Rillaboom, F|100\/100\n|-fieldstart|move: Grassy Terrain|[from] ability: Grassy Surge|[of] p2b: Rillaboom\n|-fieldstart|move: Psychic Terrain|[from] ability: Psychic Surge|[of] p1b: Indeedee\n|turn|1\n|\n|t:|1697726933\n|-terastallize|p2a: Ogerpon|Grass\n|detailschange|p2a: Ogerpon|Ogerpon-Teal-Tera, F, tera:Grass\n|-ability|p2a: Ogerpon|Embody Aspect (Teal)|boost\n|-boost|p2a: Ogerpon|spe|1\n|move|p2b: Rillaboom|Fake Out|p1b: Indeedee\n|-activate|p1b: Indeedee|move: Psychic Terrain\n|move|p1b: Indeedee|Follow Me|p1b: Indeedee\n|-singleturn|p1b: Indeedee|move: Follow Me\n|move|p2a: Ogerpon|Knock Off|p1b: Indeedee\n|-supereffective|p1b: Indeedee\n|-damage|p1b: Indeedee|30\/100\n|-enditem|p1b: Indeedee|Eject Button|[from] move: Knock Off|[of] p2a: Ogerpon\n|move|p1a: Cresselia|Trick Room|p1a: Cresselia\n|-fieldstart|move: Trick Room|[of] p1a: Cresselia\n|\n|upkeep\n|turn|2\n|\n|t:|1697726954\n|switch|p1a: Torkoal|Torkoal, M|100\/100\n|-weather|SunnyDay|[from] ability: Drought|[of] p1a: Torkoal\n|move|p1b: Indeedee|Protect|p1b: Indeedee\n|-singleturn|p1b: Indeedee|Protect\n|move|p2b: Rillaboom|U-turn|p1b: Indeedee\n|-activate|p1b: Indeedee|move: Protect\n|move|p2a: Ogerpon|Knock Off|p1a: Torkoal\n|-damage|p1a: Torkoal|74\/100\n|-enditem|p1a: Torkoal|Choice Specs|[from] move: Knock Off|[of] p2a: Ogerpon\n|\n|-weather|SunnyDay|[upkeep]\n|upkeep\n|turn|3\n|\n|t:|1697726982\n|move|p2a: Ogerpon|Spiky Shield|p2a: Ogerpon\n|-singleturn|p2a: Ogerpon|move: Protect\n|move|p1a: Torkoal|Eruption|p2a: Ogerpon|[spread] p2b\n|-activate|p2a: Ogerpon|move: Protect\n|-supereffective|p2b: Rillaboom\n|-damage|p2b: Rillaboom|0 fnt\n|faint|p2b: Rillaboom\n|move|p1b: Indeedee|Dazzling Gleam|p2a: Ogerpon\n|-activate|p2a: Ogerpon|move: Protect\n|\n|-weather|SunnyDay|[upkeep]\n|upkeep\n|\n|t:|1697726995\n|switch|p2b: Basculegion|Basculegion-F, F|100\/100\n|turn|4\n|\n|t:|1697727010\n|move|p2a: Ogerpon|Spiky Shield||[still]\n|-fail|p2a: Ogerpon\n|move|p1a: Torkoal|Eruption|p2a: Ogerpon|[spread] p2a,p2b\n|-supereffective|p2a: Ogerpon\n|-resisted|p2b: Basculegion\n|-damage|p2a: Ogerpon|0 fnt\n|-damage|p2b: Basculegion|73\/100\n|faint|p2a: Ogerpon\n|move|p1b: Indeedee|Dazzling Gleam|p2b: Basculegion\n|-damage|p2b: Basculegion|55\/100\n|move|p2b: Basculegion|Hydro Pump|p1a: Torkoal\n|-supereffective|p1a: Torkoal\n|-damage|p1a: Torkoal|8\/100\n|\n|-weather|SunnyDay|[upkeep]\n|upkeep\n|\n|t:|1697727026\n|switch|p2a: Sinistcha|Sinistcha|100\/100\n|-heal|p2b: Basculegion|80\/100|[from] ability: Hospitality|[of] p2a: Sinistcha\n|turn|5\n|\n|t:|1697727038\n|move|p1b: Indeedee|Protect|p1b: Indeedee\n|-singleturn|p1b: Indeedee|Protect\n|move|p1a: Torkoal|Solar Beam||[still]\n|-prepare|p1a: Torkoal|Solar Beam\n|-anim|p1a: Torkoal|Solar Beam|p2b: Basculegion\n|-supereffective|p2b: Basculegion\n|-damage|p2b: Basculegion|16\/100\n|move|p2a: Sinistcha|Matcha Gotcha|p1b: Indeedee|[spread] p1a\n|-activate|p1b: Indeedee|move: Protect\n|-resisted|p1a: Torkoal\n|-damage|p1a: Torkoal|0 fnt\n|faint|p1a: Torkoal\n|-damage|p2a: Sinistcha|91\/100|[from] item: Life Orb\n|move|p2b: Basculegion|Hydro Pump|p1b: Indeedee\n|-activate|p1b: Indeedee|move: Protect\n|\n|-weather|SunnyDay|[upkeep]\n|-fieldend|move: Trick Room\n|-fieldend|move: Psychic Terrain\n|upkeep\n|inactive|readingbee has 120 seconds left.\n|\n|t:|1697727071\n|switch|p1a: Iron Hands|Iron Hands|100\/100\n|turn|6\n|\n|t:|1697727082\n|move|p1b: Indeedee|Follow Me|p1b: Indeedee\n|-singleturn|p1b: Indeedee|move: Follow Me\n|move|p2b: Basculegion|Soak|p1b: Indeedee\n|-start|p1b: Indeedee|typechange|Water\n|move|p2a: Sinistcha|Matcha Gotcha|p1a: Iron Hands|[spread] p1a,p1b\n|-supereffective|p1b: Indeedee\n|-damage|p1a: Iron Hands|85\/100\n|-heal|p2a: Sinistcha|100\/100|[from] drain|[of] p1a: Iron Hands\n|-damage|p1b: Indeedee|0 fnt\n|faint|p1b: Indeedee\n|-damage|p2a: Sinistcha|91\/100|[from] item: Life Orb\n|move|p1a: Iron Hands|Thunder Punch|p2b: Basculegion\n|-supereffective|p2b: Basculegion\n|-crit|p2b: Basculegion\n|-damage|p2b: Basculegion|0 fnt\n|faint|p2b: Basculegion\n|\n|-weather|none\n|upkeep\n|\n|t:|1697727098\n|switch|p2b: Tornadus|Tornadus, M|100\/100\n|switch|p1b: Cresselia|Cresselia, F|100\/100\n|turn|7\n|\n|t:|1697727112\n|move|p1b: Cresselia|Protect|p1b: Cresselia\n|-singleturn|p1b: Cresselia|Protect\n|move|p2b: Tornadus|Bleakwind Storm|p1b: Cresselia|[spread] p1a\n|-activate|p1b: Cresselia|move: Protect\n|-damage|p1a: Iron Hands|69\/100\n|move|p2a: Sinistcha|Poltergeist|p1b: Cresselia\n|-activate|p1b: Cresselia|move: Protect\n|move|p1a: Iron Hands|Thunder Punch|p2b: Tornadus\n|-supereffective|p2b: Tornadus\n|-damage|p2b: Tornadus|0 fnt\n|faint|p2b: Tornadus\n|\n|upkeep\n|\n|t:|1697727125\n|switch|p2b: Amoonguss|Amoonguss, M|100\/100\n|turn|8\n|\n|t:|1697727139\n|switch|p1b: Flutter Mane|Flutter Mane|100\/100\n|-enditem|p1b: Flutter Mane|Booster Energy\n|-activate|p1b: Flutter Mane|ability: Protosynthesis|[fromitem]\n|-start|p1b: Flutter Mane|protosynthesisspe\n|move|p2a: Sinistcha|Matcha Gotcha|p1a: Iron Hands|[spread] p1a,p1b\n|-damage|p1a: Iron Hands|53\/100\n|-heal|p2a: Sinistcha|100\/100|[from] drain|[of] p1a: Iron Hands\n|-damage|p1b: Flutter Mane|72\/100\n|-status|p1b: Flutter Mane|brn\n|-damage|p2a: Sinistcha|91\/100|[from] item: Life Orb\n|move|p1a: Iron Hands|Ice Punch|p2b: Amoonguss\n|-supereffective|p2b: Amoonguss\n|-damage|p2b: Amoonguss|51\/100\n|move|p2b: Amoonguss|Spore|p1a: Iron Hands\n|-status|p1a: Iron Hands|slp|[from] move: Spore\n|\n|-heal|p2b: Amoonguss|58\/100|[from] item: Black Sludge\n|-damage|p1b: Flutter Mane|66\/100 brn|[from] brn\n|upkeep\n|turn|9\n|\n|t:|1697727164\n|move|p1b: Flutter Mane|Perish Song|p1b: Flutter Mane\n|-start|p1a: Iron Hands|perish3|[silent]\n|-start|p1b: Flutter Mane|perish3|[silent]\n|-start|p2a: Sinistcha|perish3|[silent]\n|-start|p2b: Amoonguss|perish3|[silent]\n|-fieldactivate|move: Perish Song\n|move|p2a: Sinistcha|Matcha Gotcha|p1b: Flutter Mane|[spread] p1a,p1b\n|-damage|p1a: Iron Hands|37\/100 slp\n|-heal|p2a: Sinistcha|100\/100|[from] drain|[of] p1a: Iron Hands\n|-damage|p1b: Flutter Mane|38\/100 brn\n|-damage|p2a: Sinistcha|91\/100|[from] item: Life Orb\n|cant|p1a: Iron Hands|slp\n|move|p2b: Amoonguss|Ingrain|p2b: Amoonguss\n|-start|p2b: Amoonguss|move: Ingrain\n|\n|-heal|p2b: Amoonguss|64\/100|[from] item: Black Sludge\n|-heal|p2b: Amoonguss|70\/100|[from] Ingrain\n|-damage|p1b: Flutter Mane|32\/100 brn|[from] brn\n|-start|p1b: Flutter Mane|perish3\n|-start|p2a: Sinistcha|perish3\n|-start|p1a: Iron Hands|perish3\n|-start|p2b: Amoonguss|perish3\n|upkeep\n|turn|10\n|inactive|readingbee has 120 seconds left.\n|\n|t:|1697727194\n|move|p1b: Flutter Mane|Memento|p2a: Sinistcha\n|-unboost|p2a: Sinistcha|atk|2\n|-unboost|p2a: Sinistcha|spa|2\n|faint|p1b: Flutter Mane\n|-end|p1b: Flutter Mane|Protosynthesis|[silent]\n|move|p2a: Sinistcha|Matcha Gotcha|p1a: Iron Hands|[miss]\n|-miss|p2a: Sinistcha|p1a: Iron Hands\n|-curestatus|p1a: Iron Hands|slp|[msg]\n|move|p1a: Iron Hands|Ice Punch|p2a: Sinistcha\n|-supereffective|p2a: Sinistcha\n|-damage|p2a: Sinistcha|40\/100\n|-status|p2a: Sinistcha|frz\n|move|p2b: Amoonguss|Pollen Puff|p1a: Iron Hands\n|-resisted|p1a: Iron Hands\n|-damage|p1a: Iron Hands|33\/100\n|\n|-heal|p2b: Amoonguss|76\/100|[from] item: Black Sludge\n|-heal|p2b: Amoonguss|83\/100|[from] Ingrain\n|-start|p2a: Sinistcha|perish2\n|-start|p1a: Iron Hands|perish2\n|-start|p2b: Amoonguss|perish2\n|upkeep\n|inactive|readingbee has 120 seconds left.\n|\n|t:|1697727215\n|switch|p1b: Cresselia|Cresselia, F|100\/100\n|turn|11\n|inactive|readingbee has 120 seconds left.\n|\n|t:|1697727225\n|move|p1b: Cresselia|Protect|p1b: Cresselia\n|-singleturn|p1b: Cresselia|Protect\n|move|p2b: Amoonguss|Rage Powder|p2b: Amoonguss\n|-singleturn|p2b: Amoonguss|move: Rage Powder\n|-curestatus|p2a: Sinistcha|frz|[from] move: Matcha Gotcha\n|move|p2a: Sinistcha|Matcha Gotcha|p1a: Iron Hands|[spread] \n|-activate|p1b: Cresselia|move: Protect\n|-miss|p2a: Sinistcha|p1a: Iron Hands\n|move|p1a: Iron Hands|Ice Punch|p2b: Amoonguss\n|-supereffective|p2b: Amoonguss\n|-damage|p2b: Amoonguss|33\/100\n|\n|-heal|p2b: Amoonguss|39\/100|[from] item: Black Sludge\n|-heal|p2b: Amoonguss|45\/100|[from] Ingrain\n|-start|p2a: Sinistcha|perish1\n|-start|p1a: Iron Hands|perish1\n|-start|p2b: Amoonguss|perish1\n|upkeep\n|turn|12\n|inactive|HavensNova has 120 seconds left.\n|inactive|HavensNova has 90 seconds left.\n|c|\u2606readingbee|I WAIT\n|\n|t:|1697727306\n|move|p2a: Sinistcha|Matcha Gotcha|p1b: Cresselia|[spread] p1a,p1b\n|-damage|p1a: Iron Hands|25\/100\n|-heal|p2a: Sinistcha|46\/100|[from] drain|[of] p1a: Iron Hands\n|-damage|p1b: Cresselia|92\/100\n|-heal|p2a: Sinistcha|51\/100|[from] drain|[of] p1b: Cresselia\n|-status|p1a: Iron Hands|brn\n|-damage|p2a: Sinistcha|42\/100|[from] item: Life Orb\n|move|p1b: Cresselia|Lunar Blessing|p1b: Cresselia|[spread] p1a,p1b\n|-heal|p1a: Iron Hands|50\/100 brn\n|-curestatus|p1a: Iron Hands|brn|[msg]\n|-heal|p1b: Cresselia|100\/100\n|move|p1a: Iron Hands|Ice Punch|p2b: Amoonguss\n|-supereffective|p2b: Amoonguss\n|-damage|p2b: Amoonguss|0 fnt\n|faint|p2b: Amoonguss\n|\n|-start|p2a: Sinistcha|perish0\n|-start|p1a: Iron Hands|perish0\n|upkeep\n|faint|p2a: Sinistcha\n|faint|p1a: Iron Hands\n|-end|p1a: Iron Hands|Quark Drive|[silent]\n|\n|win|readingbee\n|raw|readingbee's rating: 1156 &rarr; <strong>1177<\/strong><br \/>(+21 for winning)\n|raw|HavensNova's rating: 1104 &rarr; <strong>1083<\/strong><br \/>(-21 for losing)\n","uploadtime":1697727329,"views":16,"p1id":"readingbee","p2id":"havensnova","formatid":"gen9doublesou","rating":1083,"private":0,"password":""}