{"id":"gen9doublesou-1986408052","p1":"CosmicSleuth","p2":"Black_Kamui9","format":"[Gen 9] Doubles OU","log":"|j|\u2606CosmicSleuth\n|j|\u2606Black_Kamui9\n|t:|1699476459\n|gametype|doubles\n|player|p1|CosmicSleuth|colress|1341\n|player|p2|Black_Kamui9|ingo|1343\n|teamsize|p1|6\n|teamsize|p2|6\n|gen|9\n|tier|[Gen 9] Doubles OU\n|rated|\n|rule|Species Clause: Limit one of each Pok\u00e9mon\n|rule|OHKO Clause: OHKO moves are banned\n|rule|Evasion Moves Clause: Evasion moves are banned\n|rule|Gravity Sleep Clause: The combination of sleep-inducing moves with imperfect accuracy and Gravity or Gigantamax Orbeetle are banned\n|rule|Endless Battle Clause: Forcing endless battles is banned\n|rule|HP Percentage Mod: HP is shown in percentages\n|clearpoke\n|poke|p1|Hatterene, F|\n|poke|p1|Torkoal, F|\n|poke|p1|Diancie|\n|poke|p1|Indeedee-F, F|\n|poke|p1|Amoonguss, F|\n|poke|p1|Iron Hands|\n|poke|p2|Dragonite, M|\n|poke|p2|Baxcalibur, M|\n|poke|p2|Sneasler, M|\n|poke|p2|Arcanine-Hisui, M|\n|poke|p2|Grimmsnarl, M|\n|poke|p2|Gyarados, M|\n|teampreview\n|\n|t:|1699476477\n|start\n|switch|p1a: Penn|Hatterene, F|100\/100\n|switch|p1b: Teller|Indeedee-F, F|100\/100\n|switch|p2a: First Class|Sneasler, M|100\/100\n|switch|p2b: Pulp Fiction|Grimmsnarl, M|100\/100\n|-ability|p2a: First Class|Pressure\n|-fieldstart|move: Psychic Terrain|[from] ability: Psychic Surge|[of] p1b: Teller\n|turn|1\n|\n|t:|1699476497\n|move|p1b: Teller|Follow Me|p1b: Teller\n|-singleturn|p1b: Teller|move: Follow Me\n|move|p2b: Pulp Fiction|Light Screen|p2b: Pulp Fiction\n|-sidestart|p2: Black_Kamui9|move: Light Screen\n|move|p2a: First Class|Dire Claw|p1b: Teller\n|-damage|p1b: Teller|57\/100\n|-status|p1b: Teller|par\n|move|p1a: Penn|Trick Room|p1a: Penn\n|-fieldstart|move: Trick Room|[of] p1a: Penn\n|\n|upkeep\n|turn|2\n|\n|t:|1699476522\n|switch|p2b: Mach 5|Dragonite, M|100\/100\n|cant|p1b: Teller|par\n|move|p1a: Penn|Dazzling Gleam|p2b: Mach 5|[spread] p2a,p2b\n|-supereffective|p2b: Mach 5\n|-damage|p2a: First Class|72\/100\n|-damage|p2b: Mach 5|79\/100\n|move|p2a: First Class|Dire Claw|p1a: Penn\n|-supereffective|p1a: Penn\n|-crit|p1a: Penn\n|-enditem|p1a: Penn|Focus Sash\n|-damage|p1a: Penn|1\/100\n|-status|p1a: Penn|par\n|\n|upkeep\n|turn|3\n|\n|t:|1699476540\n|cant|p1b: Teller|par\n|move|p1a: Penn|Dazzling Gleam|p2b: Mach 5|[spread] p2a,p2b\n|-supereffective|p2b: Mach 5\n|-damage|p2a: First Class|43\/100\n|-damage|p2b: Mach 5|40\/100\n|move|p2b: Mach 5|Ice Spinner|p1b: Teller\n|-damage|p1b: Teller|29\/100 par\n|-fieldend|move: Psychic Terrain\n|move|p2a: First Class|U-turn|p1a: Penn\n|-damage|p1a: Penn|0 fnt\n|faint|p1a: Penn\n|\n|t:|1699476551\n|switch|p2a: Pulp Fiction|Grimmsnarl, M|100\/100|[from] U-turn\n|\n|upkeep\n|\n|t:|1699476555\n|switch|p1a: Mount Vesuvius|Torkoal, F, shiny|100\/100\n|-weather|SunnyDay|[from] ability: Drought|[of] p1a: Mount Vesuvius\n|turn|4\n|\n|t:|1699476568\n|-terastallize|p1a: Mount Vesuvius|Fire\n|move|p1b: Teller|Helping Hand|p1a: Mount Vesuvius\n|-singleturn|p1a: Mount Vesuvius|Helping Hand|[of] p1b: Teller\n|move|p2b: Mach 5|Extreme Speed|p1a: Mount Vesuvius\n|-damage|p1a: Mount Vesuvius|78\/100\n|move|p2a: Pulp Fiction|Parting Shot|p1a: Mount Vesuvius\n|-unboost|p1a: Mount Vesuvius|atk|1\n|-unboost|p1a: Mount Vesuvius|spa|1\n|\n|t:|1699476585\n|switch|p2a: Frost Gojira|Baxcalibur, M|100\/100|[from] Parting Shot\n|move|p1a: Mount Vesuvius|Eruption|p2b: Mach 5|[spread] p2a,p2b\n|-resisted|p2b: Mach 5\n|-damage|p2a: Frost Gojira|71\/100\n|-damage|p2b: Mach 5|10\/100\n|-ability|p2a: Frost Gojira|Thermal Exchange|boost\n|-boost|p2a: Frost Gojira|atk|1\n|\n|-weather|SunnyDay|[upkeep]\n|upkeep\n|turn|5\n|\n|t:|1699476607\n|-terastallize|p2a: Frost Gojira|Water\n|move|p1b: Teller|Follow Me|p1b: Teller\n|-singleturn|p1b: Teller|move: Follow Me\n|move|p2b: Mach 5|Extreme Speed|p1b: Teller\n|-damage|p1b: Teller|0 fnt\n|faint|p1b: Teller\n|move|p1a: Mount Vesuvius|Eruption|p2a: Frost Gojira|[spread] p2a,p2b\n|-resisted|p2a: Frost Gojira\n|-crit|p2a: Frost Gojira\n|-resisted|p2b: Mach 5\n|-damage|p2a: Frost Gojira|37\/100\n|-damage|p2b: Mach 5|0 fnt\n|-ability|p2a: Frost Gojira|Thermal Exchange|boost\n|-boost|p2a: Frost Gojira|atk|1\n|faint|p2b: Mach 5\n|move|p2a: Frost Gojira|Glaive Rush|p1a: Mount Vesuvius\n|-damage|p1a: Mount Vesuvius|0 fnt\n|-singlemove|p2a: Frost Gojira|Glaive Rush|[silent]\n|faint|p1a: Mount Vesuvius\n|\n|-weather|SunnyDay|[upkeep]\n|-fieldend|move: Trick Room\n|upkeep\n|\n|t:|1699476627\n|switch|p2b: First Class|Sneasler, M|43\/100\n|switch|p1b: Iron Hands|Iron Hands|100\/100\n|switch|p1a: Bedrock|Diancie|100\/100\n|-ability|p2b: First Class|Pressure\n|-enditem|p1b: Iron Hands|Booster Energy\n|-activate|p1b: Iron Hands|ability: Quark Drive|[fromitem]\n|-start|p1b: Iron Hands|quarkdriveatk\n|turn|6\n|\n|t:|1699476646\n|move|p2b: First Class|Dire Claw|p1a: Bedrock\n|-damage|p1a: Bedrock|63\/100\n|move|p2a: Frost Gojira|Glaive Rush|p1b: Iron Hands\n|-damage|p1b: Iron Hands|22\/100\n|-singlemove|p2a: Frost Gojira|Glaive Rush|[silent]\n|move|p1b: Iron Hands|Wild Charge|p2a: Frost Gojira\n|-supereffective|p2a: Frost Gojira\n|-damage|p2a: Frost Gojira|0 fnt\n|faint|p2a: Frost Gojira\n|-damage|p1b: Iron Hands|15\/100|[from] Recoil\n|move|p1a: Bedrock|Trick Room|p1a: Bedrock\n|-fieldstart|move: Trick Room|[of] p1a: Bedrock\n|\n|-weather|SunnyDay|[upkeep]\n|upkeep\n|\n|t:|1699476665\n|switch|p2a: Pulp Fiction|Grimmsnarl, M|100\/100\n|turn|7\n|\n|t:|1699476687\n|move|p2b: First Class|Protect|p2b: First Class\n|-singleturn|p2b: First Class|Protect\n|move|p2a: Pulp Fiction|Reflect|p2a: Pulp Fiction\n|-sidestart|p2: Black_Kamui9|Reflect\n|move|p1b: Iron Hands|Heavy Slam|p2b: First Class\n|-activate|p2b: First Class|move: Protect\n|move|p1a: Bedrock|Play Rough|p2a: Pulp Fiction\n|-supereffective|p2a: Pulp Fiction\n|-damage|p2a: Pulp Fiction|45\/100\n|\n|-weather|SunnyDay|[upkeep]\n|upkeep\n|turn|8\n|\n|t:|1699476706\n|move|p2a: Pulp Fiction|Parting Shot|p1b: Iron Hands\n|-unboost|p1b: Iron Hands|atk|1\n|-unboost|p1b: Iron Hands|spa|1\n|\n|t:|1699476711\n|switch|p2a: Akatsuki|Arcanine-Hisui, M|100\/100|[from] Parting Shot\n|-ability|p2a: Akatsuki|Intimidate|boost\n|-fail|p1a: Bedrock|unboost|[from] ability: Clear Body|[of] p1a: Bedrock\n|-unboost|p1b: Iron Hands|atk|1\n|move|p1b: Iron Hands|Close Combat|p2b: First Class\n|-resisted|p2b: First Class\n|-damage|p2b: First Class|16\/100\n|-unboost|p1b: Iron Hands|def|1\n|-unboost|p1b: Iron Hands|spd|1\n|move|p1a: Bedrock|Play Rough|p2a: Akatsuki\n|-resisted|p2a: Akatsuki\n|-damage|p2a: Akatsuki|88\/100\n|move|p2b: First Class|Dire Claw|p1a: Bedrock\n|-damage|p1a: Bedrock|24\/100\n|\n|-weather|none\n|-sideend|p2: Black_Kamui9|move: Light Screen\n|upkeep\n|turn|9\n|\n|t:|1699476732\n|move|p2b: First Class|Protect|p2b: First Class\n|-singleturn|p2b: First Class|Protect\n|move|p2a: Akatsuki|Extreme Speed|p1b: Iron Hands\n|-damage|p1b: Iron Hands|0 fnt\n|faint|p1b: Iron Hands\n|-end|p1b: Iron Hands|Quark Drive|[silent]\n|move|p1a: Bedrock|Diamond Storm|p2b: First Class|[spread] \n|-activate|p2b: First Class|move: Protect\n|-miss|p1a: Bedrock|p2a: Akatsuki\n|\n|upkeep\n|\n|t:|1699476738\n|switch|p1b: Black Mold|Amoonguss, F|100\/100\n|turn|10\n|-message|CosmicSleuth forfeited.\n|\n|win|Black_Kamui9\n|raw|CosmicSleuth's rating: 1341 &rarr; <strong>1321<\/strong><br \/>(-20 for losing)\n|raw|Black_Kamui9's rating: 1343 &rarr; <strong>1363<\/strong><br \/>(+20 for winning)\n|l|\u2606CosmicSleuth\n|c|\u2606Black_Kamui9|ggg\n","uploadtime":1699476778,"views":14,"p1id":"cosmicsleuth","p2id":"blackkamui9","formatid":"gen9doublesou","rating":1321,"private":0,"password":""}