{"id":"gen9doublesou-1981526315","p1":"C0SuMa","p2":"GhastlyPixie","format":"[Gen 9] Doubles OU","log":"|j|\u2606C0SuMa\n|j|\u2606GhastlyPixie\n|t:|1698912501\n|gametype|doubles\n|player|p1|C0SuMa|caitlin|1472\n|player|p2|GhastlyPixie|plasmagruntf|1543\n|teamsize|p1|6\n|teamsize|p2|6\n|gen|9\n|tier|[Gen 9] Doubles OU\n|rated|\n|rule|Species Clause: Limit one of each Pok\u00e9mon\n|rule|OHKO Clause: OHKO moves are banned\n|rule|Evasion Moves Clause: Evasion moves are banned\n|rule|Gravity Sleep Clause: The combination of sleep-inducing moves with imperfect accuracy and Gravity or Gigantamax Orbeetle are banned\n|rule|Endless Battle Clause: Forcing endless battles is banned\n|rule|HP Percentage Mod: HP is shown in percentages\n|clearpoke\n|poke|p1|Ninetales-Alola, F|\n|poke|p1|Flutter Mane|\n|poke|p1|Iron Bundle|\n|poke|p1|Ogerpon-Hearthflame, F|\n|poke|p1|Iron Hands|\n|poke|p1|Cresselia, F|\n|poke|p2|Gothitelle, F|\n|poke|p2|Clefairy, F|\n|poke|p2|Flutter Mane|\n|poke|p2|Chien-Pao|\n|poke|p2|Ogerpon-Hearthflame, F|\n|poke|p2|Palafin, F|\n|teampreview\n|inactive|Battle timer is ON: inactive players will automatically lose when time's up. (requested by C0SuMa)\n|inactive|C0SuMa has 120 seconds left.\n|\n|t:|1698912545\n|start\n|switch|p1a: Iron Bundle|Iron Bundle|100\/100\n|switch|p1b: Flutter Mane|Flutter Mane|100\/100\n|switch|p2a: Gothitelle|Gothitelle, F|100\/100\n|switch|p2b: Flutter Mane|Flutter Mane|100\/100\n|-item|p1a: Iron Bundle|Light Clay|[from] ability: Frisk|[of] p2a: Gothitelle|[identify]\n|-item|p1b: Flutter Mane|Life Orb|[from] ability: Frisk|[of] p2a: Gothitelle|[identify]\n|turn|1\n|inactive|GhastlyPixie has 120 seconds left.\n|\n|t:|1698912575\n|-end|p1b: Flutter Mane|Protosynthesis|[silent]\n|switch|p1b: Ninetales|Ninetales-Alola, F|100\/100\n|-weather|Snow|[from] ability: Snow Warning|[of] p1b: Ninetales\n|-terastallize|p2b: Flutter Mane|Fairy\n|move|p2a: Gothitelle|Fake Out|p1a: Iron Bundle\n|-damage|p1a: Iron Bundle|96\/100\n|cant|p1a: Iron Bundle|flinch\n|move|p2b: Flutter Mane|Dazzling Gleam|p1b: Ninetales|[spread] p1a,p1b\n|-damage|p1a: Iron Bundle|0 fnt\n|-damage|p1b: Ninetales|28\/100\n|faint|p1a: Iron Bundle\n|-end|p1a: Iron Bundle|Quark Drive|[silent]\n|\n|-weather|Snow|[upkeep]\n|upkeep\n|\n|t:|1698912593\n|switch|p1a: Flutter Mane|Flutter Mane|100\/100\n|turn|2\n|\n|t:|1698912610\n|-terastallize|p1a: Flutter Mane|Fairy\n|move|p2b: Flutter Mane|Dazzling Gleam|p1b: Ninetales|[spread] p1a,p1b\n|-damage|p1a: Flutter Mane|35\/100\n|-damage|p1b: Ninetales|0 fnt\n|faint|p1b: Ninetales\n|move|p1a: Flutter Mane|Dazzling Gleam|p2a: Gothitelle|[spread] p2a,p2b\n|-damage|p2a: Gothitelle|62\/100\n|-damage|p2b: Flutter Mane|45\/100\n|-damage|p1a: Flutter Mane|25\/100|[from] item: Life Orb\n|move|p2a: Gothitelle|Psychic|p1a: Flutter Mane\n|-damage|p1a: Flutter Mane|0 fnt\n|faint|p1a: Flutter Mane\n|-end|p1a: Flutter Mane|Protosynthesis|[silent]\n|\n|-weather|Snow|[upkeep]\n|upkeep\n|\n|t:|1698912630\n|switch|p1a: Iron Hands|Iron Hands|100\/100\n|switch|p1b: Ogerpon|Ogerpon-Hearthflame, F|100\/100\n|-ability|p1b: Ogerpon|Mold Breaker\n|turn|3\n|\n|t:|1698912641\n|move|p1a: Iron Hands|Fake Out|p2b: Flutter Mane\n|-damage|p2b: Flutter Mane|12\/100\n|cant|p2b: Flutter Mane|flinch\n|move|p1b: Ogerpon|Ivy Cudgel|p2b: Flutter Mane\n|-damage|p2b: Flutter Mane|0 fnt\n|faint|p2b: Flutter Mane\n|-end|p2b: Flutter Mane|Protosynthesis|[silent]\n|move|p2a: Gothitelle|Heal Pulse|p2: Flutter Mane|[notarget]\n|-fail|p2a: Gothitelle\n|\n|-weather|Snow|[upkeep]\n|upkeep\n|\n|t:|1698912646\n|switch|p2b: Palafin|Palafin, F|100\/100\n|turn|4\n|inactive|GhastlyPixie has 120 seconds left.\n|\n|t:|1698912679\n|detailschange|p2b: Palafin|Palafin-Hero, F\n|switch|p2b: Ogerpon|Ogerpon-Hearthflame, F|100\/100\n|-ability|p2b: Ogerpon|Mold Breaker\n|switch|p2a: Clefairy|Clefairy, F|100\/100\n|move|p1b: Ogerpon|Knock Off|p2a: Clefairy\n|-resisted|p2a: Clefairy\n|-damage|p2a: Clefairy|78\/100\n|-enditem|p2a: Clefairy|Eviolite|[from] move: Knock Off|[of] p1b: Ogerpon\n|move|p1a: Iron Hands|Thunder Punch|p2b: Ogerpon\n|-resisted|p2b: Ogerpon\n|-damage|p2b: Ogerpon|76\/100\n|\n|-weather|Snow|[upkeep]\n|upkeep\n|turn|5\n|\n|t:|1698912706\n|move|p2a: Clefairy|Helping Hand|p2b: Ogerpon\n|-singleturn|p2b: Ogerpon|Helping Hand|[of] p2a: Clefairy\n|move|p2b: Ogerpon|Ivy Cudgel|p1b: Ogerpon\n|-damage|p1b: Ogerpon|0 fnt\n|faint|p1b: Ogerpon\n|move|p1a: Iron Hands|Swords Dance|p1a: Iron Hands\n|-boost|p1a: Iron Hands|atk|2\n|\n|-weather|Snow|[upkeep]\n|upkeep\n|\n|t:|1698912714\n|switch|p1b: Cresselia|Cresselia, F|100\/100\n|turn|6\n|\n|t:|1698912727\n|move|p1b: Cresselia|Ally Switch|p1b: Cresselia\n|swap|p1b: Cresselia|0|[from] move: Ally Switch\n|move|p2a: Clefairy|Follow Me|p2a: Clefairy\n|-singleturn|p2a: Clefairy|move: Follow Me\n|move|p2b: Ogerpon|Ivy Cudgel|p1a: Cresselia\n|-crit|p1a: Cresselia\n|-damage|p1a: Cresselia|48\/100\n|move|p1b: Iron Hands|Drain Punch|p2a: Clefairy\n|-resisted|p2a: Clefairy\n|-damage|p2a: Clefairy|15\/100\n|\n|-weather|Snow|[upkeep]\n|upkeep\n|turn|7\n|\n|t:|1698912741\n|move|p2a: Clefairy|Follow Me|p2a: Clefairy\n|-singleturn|p2a: Clefairy|move: Follow Me\n|move|p2b: Ogerpon|Ivy Cudgel|p1a: Cresselia\n|-damage|p1a: Cresselia|15\/100\n|move|p1b: Iron Hands|Drain Punch|p2a: Clefairy\n|-resisted|p2a: Clefairy\n|-damage|p2a: Clefairy|0 fnt\n|faint|p2a: Clefairy\n|move|p1a: Cresselia|Trick Room|p1a: Cresselia\n|-fieldstart|move: Trick Room|[of] p1a: Cresselia\n|\n|-weather|Snow|[upkeep]\n|upkeep\n|\n|t:|1698912754\n|switch|p2a: Gothitelle|Gothitelle, F|62\/100\n|-item|p1a: Cresselia|Mental Herb|[from] ability: Frisk|[of] p2a: Gothitelle|[identify]\n|-item|p1b: Iron Hands|Sitrus Berry|[from] ability: Frisk|[of] p2a: Gothitelle|[identify]\n|turn|8\n|\n|t:|1698912768\n|move|p2b: Ogerpon|Spiky Shield|p2b: Ogerpon\n|-singleturn|p2b: Ogerpon|move: Protect\n|move|p1b: Iron Hands|Drain Punch|p2b: Ogerpon\n|-activate|p2b: Ogerpon|move: Protect\n|-damage|p1b: Iron Hands|88\/100|[from] Spiky Shield|[of] p2b: Ogerpon\n|move|p1a: Cresselia|Lunar Blessing|p1a: Cresselia|[spread] p1a,p1b\n|-heal|p1a: Cresselia|40\/100\n|-heal|p1b: Iron Hands|100\/100\n|move|p2a: Gothitelle|Trick Room|p2a: Gothitelle\n|-fieldend|move: Trick Room\n|\n|-weather|none\n|upkeep\n|turn|9\n|\n|t:|1698912792\n|switch|p2a: Chien-Pao|Chien-Pao|100\/100\n|-ability|p2a: Chien-Pao|Sword of Ruin\n|move|p2b: Ogerpon|Ivy Cudgel|p1a: Cresselia\n|-damage|p1a: Cresselia|0 fnt\n|faint|p1a: Cresselia\n|move|p1b: Iron Hands|Drain Punch|p2b: Ogerpon\n|-damage|p2b: Ogerpon|0 fnt\n|faint|p2b: Ogerpon\n|\n|upkeep\n|\n|t:|1698912801\n|switch|p2b: Palafin|Palafin-Hero, F|100\/100\n|-activate|p2b: Palafin|ability: Zero to Hero\n|turn|10\n|\n|t:|1698912817\n|move|p2a: Chien-Pao|Ice Spinner|p1b: Iron Hands\n|-damage|p1b: Iron Hands|69\/100\n|move|p2b: Palafin|Flip Turn|p1b: Iron Hands\n|-damage|p1b: Iron Hands|27\/100\n|-enditem|p1b: Iron Hands|Sitrus Berry|[eat]\n|-heal|p1b: Iron Hands|52\/100|[from] item: Sitrus Berry\n|\n|t:|1698912824\n|switch|p2b: Gothitelle|Gothitelle, F|62\/100|[from] Flip Turn\n|move|p1b: Iron Hands|Thunder Punch|p2b: Gothitelle\n|-damage|p2b: Gothitelle|0 fnt\n|faint|p2b: Gothitelle\n|\n|upkeep\n|\n|t:|1698912830\n|switch|p2b: Palafin|Palafin-Hero, F|100\/100\n|turn|11\n|c|\u2606C0SuMa|gg\n|\n|t:|1698912839\n|move|p2b: Palafin|Jet Punch|p1b: Iron Hands\n|-damage|p1b: Iron Hands|3\/100\n|move|p2a: Chien-Pao|Ice Spinner|p1b: Iron Hands\n|-damage|p1b: Iron Hands|0 fnt\n|faint|p1b: Iron Hands\n|-end|p1b: Iron Hands|Quark Drive|[silent]\n|\n|win|GhastlyPixie\n|raw|C0SuMa's rating: 1472 &rarr; <strong>1456<\/strong><br \/>(-16 for losing)\n|raw|GhastlyPixie's rating: 1543 &rarr; <strong>1559<\/strong><br \/>(+16 for winning)\n","uploadtime":1698912848,"views":31,"p1id":"c0suma","p2id":"ghastlypixie","formatid":"gen9doublesou","rating":1456,"private":0,"password":""}