{"id":"gen9doublesou-1977026632","p1":"Ghastlypixie","p2":"Cyronyx","format":"[Gen 9] Doubles OU","log":"|j|\u2606Ghastlypixie\n|j|\u2606Cyronyx\n|t:|1698363272\n|gametype|doubles\n|player|p1|Ghastlypixie|plasmagruntf|1310\n|player|p2|Cyronyx|hilbert|1244\n|teamsize|p1|6\n|teamsize|p2|6\n|gen|9\n|tier|[Gen 9] Doubles OU\n|rated|\n|rule|Species Clause: Limit one of each Pok\u00e9mon\n|rule|OHKO Clause: OHKO moves are banned\n|rule|Evasion Moves Clause: Evasion moves are banned\n|rule|Gravity Sleep Clause: The combination of sleep-inducing moves with imperfect accuracy and Gravity or Gigantamax Orbeetle are banned\n|rule|Endless Battle Clause: Forcing endless battles is banned\n|rule|HP Percentage Mod: HP is shown in percentages\n|clearpoke\n|poke|p1|Gothitelle, F|\n|poke|p1|Clefairy, F|\n|poke|p1|Flutter Mane|\n|poke|p1|Fezandipiti, M|\n|poke|p1|Arcanine-Hisui, F|\n|poke|p1|Iron Hands|\n|poke|p2|Alomomola, F|\n|poke|p2|Amoonguss, M|\n|poke|p2|Chandelure, F|\n|poke|p2|Kingambit, M|\n|poke|p2|Tornadus, M|\n|poke|p2|Landorus-Therian, M|\n|teampreview\n|inactive|Battle timer is ON: inactive players will automatically lose when time's up. (requested by Ghastlypixie)\n|\n|t:|1698363283\n|start\n|switch|p1a: Arcanine|Arcanine-Hisui, F, shiny|100\/100\n|switch|p1b: Iron Hands|Iron Hands, shiny|100\/100\n|switch|p2a: Tornadus|Tornadus, M|100\/100\n|switch|p2b: Chandelure|Chandelure, F, shiny|100\/100\n|-ability|p1a: Arcanine|Intimidate|boost\n|-unboost|p2a: Tornadus|atk|1\n|-unboost|p2b: Chandelure|atk|1\n|turn|1\n|\n|t:|1698363307\n|switch|p2b: Landorus|Landorus-Therian, M|100\/100\n|-ability|p2b: Landorus|Intimidate|boost\n|-unboost|p1a: Arcanine|atk|1\n|-unboost|p1b: Iron Hands|atk|1\n|move|p1b: Iron Hands|Fake Out|p2a: Tornadus\n|-damage|p2a: Tornadus|86\/100\n|cant|p2a: Tornadus|flinch\n|move|p1a: Arcanine|Rock Slide|p2a: Tornadus|[spread] p2a,p2b\n|-supereffective|p2a: Tornadus\n|-damage|p2a: Tornadus|32\/100\n|-damage|p2b: Landorus|85\/100\n|\n|-heal|p2b: Landorus|91\/100|[from] item: Leftovers\n|upkeep\n|turn|2\n|\n|t:|1698363328\n|switch|p1a: Clefairy|Clefairy, F|100\/100\n|move|p2a: Tornadus|Bleakwind Storm|p1b: Iron Hands|[spread] p1a,p1b\n|-damage|p1a: Clefairy|67\/100\n|-damage|p1b: Iron Hands|77\/100\n|-unboost|p1b: Iron Hands|spe|1\n|-damage|p2a: Tornadus|22\/100|[from] item: Life Orb\n|move|p2b: Landorus|Earthquake|p1b: Iron Hands|[spread] p1a,p1b\n|-immune|p2a: Tornadus\n|-supereffective|p1b: Iron Hands\n|-damage|p1a: Clefairy|24\/100\n|-damage|p1b: Iron Hands|42\/100\n|move|p1b: Iron Hands|Ice Punch|p2b: Landorus\n|-supereffective|p2b: Landorus\n|-damage|p2b: Landorus|36\/100\n|\n|-heal|p2b: Landorus|42\/100|[from] item: Leftovers\n|upkeep\n|turn|3\n|\n|t:|1698363352\n|move|p2a: Tornadus|Tailwind|p2a: Tornadus\n|-sidestart|p2: Cyronyx|move: Tailwind\n|move|p2b: Landorus|Earthquake|p1a: Clefairy|[spread] p1a,p1b\n|-immune|p2a: Tornadus\n|-supereffective|p1b: Iron Hands\n|-damage|p1a: Clefairy|0 fnt\n|-damage|p1b: Iron Hands|11\/100\n|faint|p1a: Clefairy\n|move|p1b: Iron Hands|Ice Punch|p2b: Landorus\n|-supereffective|p2b: Landorus\n|-damage|p2b: Landorus|0 fnt\n|faint|p2b: Landorus\n|\n|upkeep\n|\n|t:|1698363368\n|switch|p2b: Chandelure|Chandelure, F, shiny|100\/100\n|switch|p1a: Fezandipiti|Fezandipiti, M|100\/100\n|turn|4\n|\n|t:|1698363380\n|-end|p1b: Iron Hands|Quark Drive|[silent]\n|switch|p1b: Gothitelle|Gothitelle, F|100\/100\n|move|p2b: Chandelure|Trick|p1a: Fezandipiti\n|-activate|p2b: Chandelure|move: Trick|[of] p1a: Fezandipiti\n|-item|p1a: Fezandipiti|Choice Scarf|[from] move: Trick\n|-item|p2b: Chandelure|Leftovers|[from] move: Trick\n|move|p2a: Tornadus|Bleakwind Storm|p1b: Gothitelle|[spread] p1a,p1b\n|-crit|p1b: Gothitelle\n|-damage|p1a: Fezandipiti|48\/100\n|-damage|p1b: Gothitelle|21\/100\n|-enditem|p1b: Gothitelle|Sitrus Berry|[eat]\n|-heal|p1b: Gothitelle|45\/100|[from] item: Sitrus Berry\n|-damage|p2a: Tornadus|12\/100|[from] item: Life Orb\n|move|p1a: Fezandipiti|Icy Wind|p2b: Chandelure|[spread] p2a,p2b\n|-supereffective|p2a: Tornadus\n|-resisted|p2b: Chandelure\n|-damage|p2a: Tornadus|0 fnt\n|-damage|p2b: Chandelure|94\/100\n|-unboost|p2b: Chandelure|spe|1\n|-status|p2b: Chandelure|tox|[from] ability: Toxic Chain|[of] p1a: Fezandipiti\n|faint|p2a: Tornadus\n|\n|-heal|p2b: Chandelure|99\/100 tox|[from] item: Leftovers\n|-damage|p2b: Chandelure|94\/100 tox|[from] psn\n|upkeep\n|\n|t:|1698363401\n|switch|p2a: Amoonguss|Amoonguss, M, shiny|100\/100\n|turn|5\n|\n|t:|1698363413\n|move|p1a: Fezandipiti|Icy Wind|p2a: Amoonguss|[spread] p2a,p2b\n|-supereffective|p2a: Amoonguss\n|-resisted|p2b: Chandelure\n|-damage|p2a: Amoonguss|84\/100\n|-damage|p2b: Chandelure|87\/100 tox\n|-unboost|p2a: Amoonguss|spe|1\n|-unboost|p2b: Chandelure|spe|1\n|move|p2b: Chandelure|Shadow Ball|p1b: Gothitelle\n|-supereffective|p1b: Gothitelle\n|-damage|p1b: Gothitelle|0 fnt\n|faint|p1b: Gothitelle\n|move|p2a: Amoonguss|Spore|p1a: Fezandipiti\n|-status|p1a: Fezandipiti|slp|[from] move: Spore\n|\n|-heal|p2b: Chandelure|93\/100 tox|[from] item: Leftovers\n|-heal|p2a: Amoonguss|91\/100|[from] item: Leftovers\n|-damage|p2b: Chandelure|81\/100 tox|[from] psn\n|upkeep\n|\n|t:|1698363430\n|switch|p1b: Arcanine|Arcanine-Hisui, F, shiny|100\/100\n|-ability|p1b: Arcanine|Intimidate|boost\n|-unboost|p2a: Amoonguss|atk|1\n|-unboost|p2b: Chandelure|atk|1\n|turn|6\n|\n|t:|1698363441\n|switch|p2a: Alomomola|Alomomola, F, shiny|100\/100\n|-terastallize|p1b: Arcanine|Rock\n|cant|p1a: Fezandipiti|slp\n|move|p1b: Arcanine|Rock Slide|p2b: Chandelure|[spread] p2a,p2b\n|-supereffective|p2b: Chandelure\n|-damage|p2a: Alomomola|72\/100\n|-damage|p2b: Chandelure|0 fnt\n|faint|p2b: Chandelure\n|-enditem|p2a: Alomomola|Red Card|[of] p1b: Arcanine\n|drag|p1b: Iron Hands|Iron Hands, shiny|11\/100\n|\n|-sideend|p2: Cyronyx|move: Tailwind\n|upkeep\n|\n|t:|1698363453\n|switch|p2b: Amoonguss|Amoonguss, M, shiny|100\/100\n|turn|7\n|\n|t:|1698363462\n|-terastallize|p2a: Alomomola|Flying\n|move|p1b: Iron Hands|Fake Out|p2b: Amoonguss\n|-damage|p2b: Amoonguss|88\/100\n|cant|p1a: Fezandipiti|slp\n|move|p2a: Alomomola|Acrobatics|p1a: Fezandipiti\n|-damage|p1a: Fezandipiti|15\/100 slp\n|cant|p2b: Amoonguss|flinch\n|\n|-heal|p2b: Amoonguss|94\/100|[from] item: Leftovers\n|upkeep\n|turn|8\n|\n|t:|1698363484\n|-curestatus|p1a: Fezandipiti|slp|[msg]\n|move|p1a: Fezandipiti|Icy Wind|p2a: Alomomola|[spread] p2a,p2b\n|-supereffective|p2a: Alomomola\n|-supereffective|p2b: Amoonguss\n|-damage|p2a: Alomomola|57\/100\n|-damage|p2b: Amoonguss|77\/100\n|-unboost|p2a: Alomomola|spe|1\n|-unboost|p2b: Amoonguss|spe|1\n|move|p1b: Iron Hands|Wild Charge|p2a: Alomomola\n|-supereffective|p2a: Alomomola\n|-damage|p2a: Alomomola|0 fnt\n|faint|p2a: Alomomola\n|-damage|p1b: Iron Hands|0 fnt|[from] Recoil\n|faint|p1b: Iron Hands\n|-end|p1b: Iron Hands|Quark Drive|[silent]\n|move|p2b: Amoonguss|Giga Drain|p1a: Fezandipiti\n|-resisted|p1a: Fezandipiti\n|-damage|p1a: Fezandipiti|4\/100\n|-heal|p2b: Amoonguss|81\/100|[from] drain|[of] p1a: Fezandipiti\n|\n|-heal|p2b: Amoonguss|87\/100|[from] item: Leftovers\n|upkeep\n|\n|t:|1698363506\n|switch|p2a: Kingambit|Kingambit, M, shiny|100\/100\n|switch|p1b: Arcanine|Arcanine-Hisui, F, shiny, tera:Rock|100\/100\n|-ability|p1b: Arcanine|Intimidate|boost\n|-unboost|p2a: Kingambit|atk|1\n|-unboost|p2b: Amoonguss|atk|1\n|-activate|p2a: Kingambit|ability: Supreme Overlord\n|-start|p2a: Kingambit|fallen4|[silent]\n|turn|9\n|\n|t:|1698363519\n|move|p2a: Kingambit|Sucker Punch||[still]\n|-fail|p2a: Kingambit\n|move|p1a: Fezandipiti|Icy Wind|p2b: Amoonguss|[spread] p2a,p2b\n|-resisted|p2a: Kingambit\n|-supereffective|p2b: Amoonguss\n|-crit|p2b: Amoonguss\n|-damage|p2a: Kingambit|95\/100\n|-damage|p2b: Amoonguss|61\/100\n|-unboost|p2a: Kingambit|spe|1\n|-unboost|p2b: Amoonguss|spe|1\n|move|p1b: Arcanine|Will-O-Wisp|p2a: Kingambit\n|-status|p2a: Kingambit|brn\n|move|p2b: Amoonguss|Spore|p1b: Arcanine\n|-status|p1b: Arcanine|slp|[from] move: Spore\n|\n|-heal|p2a: Kingambit|100\/100 brn|[from] item: Leftovers\n|-heal|p2b: Amoonguss|67\/100|[from] item: Leftovers\n|-damage|p2a: Kingambit|94\/100 brn|[from] brn\n|upkeep\n|turn|10\n|\n|t:|1698363543\n|move|p1a: Fezandipiti|Icy Wind|p2a: Kingambit|[spread] p2a,p2b\n|-resisted|p2a: Kingambit\n|-supereffective|p2b: Amoonguss\n|-damage|p2a: Kingambit|89\/100 brn\n|-damage|p2b: Amoonguss|48\/100\n|-unboost|p2a: Kingambit|spe|1\n|-unboost|p2b: Amoonguss|spe|1\n|cant|p1b: Arcanine|slp\n|move|p2a: Kingambit|Swords Dance|p2a: Kingambit\n|-boost|p2a: Kingambit|atk|2\n|move|p2b: Amoonguss|Clear Smog|p1a: Fezandipiti\n|-damage|p1a: Fezandipiti|0 fnt\n|-clearboost|p1a: Fezandipiti\n|faint|p1a: Fezandipiti\n|\n|-heal|p2a: Kingambit|95\/100 brn|[from] item: Leftovers\n|-heal|p2b: Amoonguss|55\/100|[from] item: Leftovers\n|-damage|p2a: Kingambit|89\/100 brn|[from] brn\n|upkeep\n|\n|t:|1698363555\n|switch|p1a: Flutter Mane|Flutter Mane|100\/100\n|turn|11\n|\n|t:|1698363571\n|move|p1a: Flutter Mane|Moonblast|p2a: Kingambit\n|-damage|p2a: Kingambit|4\/100 brn\n|-curestatus|p1b: Arcanine|slp|[msg]\n|move|p1b: Arcanine|Flare Blitz|p2a: Kingambit\n|-supereffective|p2a: Kingambit\n|-damage|p2a: Kingambit|0 fnt\n|faint|p2a: Kingambit\n|-end|p2a: Kingambit|fallen4|[silent]\n|-damage|p1b: Arcanine|99\/100|[from] Recoil\n|move|p2b: Amoonguss|Giga Drain|p1b: Arcanine\n|-supereffective|p1b: Arcanine\n|-damage|p1b: Arcanine|48\/100\n|-heal|p2b: Amoonguss|76\/100|[from] drain|[of] p1b: Arcanine\n|\n|-heal|p2b: Amoonguss|82\/100|[from] item: Leftovers\n|upkeep\n|turn|12\n|\n|t:|1698363591\n|move|p1a: Flutter Mane|Moonblast|p2b: Amoonguss\n|-resisted|p2b: Amoonguss\n|-damage|p2b: Amoonguss|46\/100\n|move|p1b: Arcanine|Flare Blitz|p2b: Amoonguss\n|-supereffective|p2b: Amoonguss\n|-damage|p2b: Amoonguss|0 fnt\n|faint|p2b: Amoonguss\n|-damage|p1b: Arcanine|30\/100|[from] Recoil\n|\n|win|Ghastlypixie\n|raw|Ghastlypixie's rating: 1310 &rarr; <strong>1326<\/strong><br \/>(+16 for winning)\n|raw|Cyronyx's rating: 1244 &rarr; <strong>1224<\/strong><br \/>(-20 for losing)\n|l|\u2606Cyronyx\n","uploadtime":1698363607,"views":26,"p1id":"ghastlypixie","p2id":"cyronyx","formatid":"gen9doublesou","rating":1224,"private":0,"password":""}