{"id":"gen9doublesou-1999890165","p1":"DAILY_BREAD23","p2":"FabioLunar","format":"[Gen 9] Doubles OU","log":"|j|\u2606DAILY_BREAD23\n|j|\u2606FabioLunar\n|t:|1701126800\n|gametype|doubles\n|player|p1|DAILY_BREAD23|benga|1000\n|player|p2|FabioLunar|zinnia|1081\n|teamsize|p1|6\n|teamsize|p2|6\n|gen|9\n|tier|[Gen 9] Doubles OU\n|rated|\n|rule|Species Clause: Limit one of each Pok\u00e9mon\n|rule|OHKO Clause: OHKO moves are banned\n|rule|Evasion Moves Clause: Evasion moves are banned\n|rule|Gravity Sleep Clause: The combination of sleep-inducing moves with imperfect accuracy and Gravity or Gigantamax Orbeetle are banned\n|rule|Endless Battle Clause: Forcing endless battles is banned\n|rule|HP Percentage Mod: HP is shown in percentages\n|clearpoke\n|poke|p1|Dragapult, M|\n|poke|p1|Toxicroak, M|\n|poke|p1|Great Tusk|\n|poke|p1|Ninetales-Alola, M|\n|poke|p1|Rillaboom, M|\n|poke|p1|Dondozo, M|\n|poke|p2|Diancie|\n|poke|p2|Scovillain, F|\n|poke|p2|Sylveon, F|\n|poke|p2|Tsareena, F|\n|poke|p2|Dragapult, F|\n|poke|p2|Clefairy, M|\n|teampreview\n|\n|t:|1701126809\n|start\n|switch|p1a: Momke|Rillaboom, M, shiny|100\/100\n|switch|p1b: L\u2019anti|Dragapult, M, shiny|100\/100\n|switch|p2a: Scovillain|Scovillain, F|100\/100\n|switch|p2b: Diancie|Diancie|100\/100\n|-fieldstart|move: Grassy Terrain|[from] ability: Grassy Surge|[of] p1a: Momke\n|turn|1\n|\n|t:|1701126833\n|move|p1b: L\u2019anti|Dragon Darts|p2a: Scovillain\n|-damage|p2a: Scovillain|62\/100\n|-anim|p1b: L\u2019anti|Dragon Darts|p2a: Scovillain\n|-damage|p2a: Scovillain|22\/100\n|move|p1a: Momke|Drum Beating|p2b: Diancie\n|-supereffective|p2b: Diancie\n|-damage|p2b: Diancie|9\/100\n|-enditem|p2b: Diancie|Weakness Policy\n|-boost|p2b: Diancie|atk|2|[from] item: Weakness Policy\n|-boost|p2b: Diancie|spa|2|[from] item: Weakness Policy\n|move|p2a: Scovillain|Spicy Extract|p2b: Diancie\n|-fail|p2b: Diancie|unboost|[from] ability: Clear Body|[of] p2b: Diancie\n|-boost|p2b: Diancie|atk|2\n|move|p2b: Diancie|Diamond Storm|p1b: L\u2019anti|[spread] p1a,p1b\n|-damage|p1a: Momke|14\/100\n|-damage|p1b: L\u2019anti|21\/100\n|-boost|p2b: Diancie|def|2\n|\n|-heal|p1b: L\u2019anti|27\/100|[from] Grassy Terrain\n|-heal|p1a: Momke|20\/100|[from] Grassy Terrain\n|-heal|p2a: Scovillain|28\/100|[from] Grassy Terrain\n|-heal|p2a: Scovillain|35\/100|[from] item: Leftovers\n|-heal|p2b: Diancie|15\/100|[from] Grassy Terrain\n|-ability|p2a: Scovillain|Moody|boost\n|-boost|p2a: Scovillain|spd|2\n|-unboost|p2a: Scovillain|spe|1\n|upkeep\n|turn|2\n|\n|t:|1701126863\n|switch|p2a: Clefairy|Clefairy, M|100\/100\n|move|p2b: Diancie|Protect|p2b: Diancie\n|-singleturn|p2b: Diancie|Protect\n|move|p1b: L\u2019anti|Dragon Darts|p2a: Clefairy\n|-immune|p2a: Clefairy\n|move|p1a: Momke|Drum Beating|p2b: Diancie\n|-activate|p2b: Diancie|move: Protect\n|\n|-heal|p1b: L\u2019anti|33\/100|[from] Grassy Terrain\n|-heal|p1a: Momke|26\/100|[from] Grassy Terrain\n|-heal|p2b: Diancie|22\/100|[from] Grassy Terrain\n|upkeep\n|turn|3\n|\n|t:|1701126884\n|move|p2a: Clefairy|Follow Me|p2a: Clefairy\n|-singleturn|p2a: Clefairy|move: Follow Me\n|move|p1b: L\u2019anti|Dragon Darts|p2a: Clefairy\n|-immune|p2a: Clefairy\n|move|p1a: Momke|Drum Beating|p2a: Clefairy\n|-damage|p2a: Clefairy|41\/100\n|-unboost|p2a: Clefairy|spe|1\n|move|p2b: Diancie|Diamond Storm|p1a: Momke|[spread] p1a,p1b\n|-damage|p1a: Momke|0 fnt\n|-damage|p1b: L\u2019anti|0 fnt\n|-boost|p2b: Diancie|def|2\n|faint|p1a: Momke\n|faint|p1b: L\u2019anti\n|\n|-heal|p2b: Diancie|28\/100|[from] Grassy Terrain\n|-heal|p2a: Clefairy|47\/100|[from] Grassy Terrain\n|upkeep\n|\n|t:|1701126906\n|switch|p1b: Ram|Great Tusk, shiny|100\/100\n|switch|p1a: Glacier|Ninetales-Alola, M, shiny|100\/100\n|-weather|Snow|[from] ability: Snow Warning|[of] p1a: Glacier\n|turn|4\n|\n|t:|1701126949\n|move|p2b: Diancie|Protect|p2b: Diancie\n|-singleturn|p2b: Diancie|Protect\n|move|p1a: Glacier|Ice Beam|p2a: Clefairy\n|-damage|p2a: Clefairy|25\/100\n|move|p1b: Ram|Headlong Rush|p2b: Diancie\n|-activate|p2b: Diancie|move: Protect\n|move|p2a: Clefairy|Knock Off|p1a: Glacier\n|-resisted|p1a: Glacier\n|-damage|p1a: Glacier|95\/100\n|-enditem|p1a: Glacier|Choice Band|[from] move: Knock Off|[of] p2a: Clefairy\n|\n|-weather|Snow|[upkeep]\n|-heal|p1a: Glacier|100\/100|[from] Grassy Terrain\n|-heal|p2b: Diancie|34\/100|[from] Grassy Terrain\n|-heal|p2a: Clefairy|31\/100|[from] Grassy Terrain\n|upkeep\n|turn|5\n|\n|t:|1701126971\n|move|p2a: Clefairy|Follow Me|p2a: Clefairy\n|-singleturn|p2a: Clefairy|move: Follow Me\n|move|p1a: Glacier|Dazzling Gleam|p2a: Clefairy|[spread] p2a,p2b\n|-damage|p2a: Clefairy|18\/100\n|-damage|p2b: Diancie|25\/100\n|move|p1b: Ram|Headlong Rush|p2a: Clefairy\n|-damage|p2a: Clefairy|0 fnt\n|-unboost|p1b: Ram|def|1\n|-unboost|p1b: Ram|spd|1\n|faint|p2a: Clefairy\n|move|p2b: Diancie|Diamond Storm|p1a: Glacier|[spread] p1a,p1b\n|-supereffective|p1a: Glacier\n|-resisted|p1b: Ram\n|-damage|p1a: Glacier|0 fnt\n|-damage|p1b: Ram|78\/100\n|faint|p1a: Glacier\n|\n|-weather|Snow|[upkeep]\n|-heal|p1b: Ram|85\/100|[from] Grassy Terrain\n|-heal|p2b: Diancie|31\/100|[from] Grassy Terrain\n|-fieldend|move: Grassy Terrain\n|upkeep\n|\n|t:|1701126991\n|switch|p1a: Mint|Toxicroak, M, shiny|100\/100\n|switch|p2a: Dragapult|Dragapult, F|100\/100\n|turn|6\n|\n|t:|1701127024\n|move|p2b: Diancie|Protect|p2b: Diancie\n|-singleturn|p2b: Diancie|Protect\n|move|p2a: Dragapult|Dragon Darts|p1b: Ram\n|-damage|p1b: Ram|55\/100\n|-anim|p2a: Dragapult|Dragon Darts|p1a: Mint\n|-damage|p1a: Mint|71\/100\n|move|p1b: Ram|Headlong Rush|p2b: Diancie\n|-activate|p2b: Diancie|move: Protect\n|move|p1a: Mint|Dark Pulse|p2a: Dragapult\n|-supereffective|p2a: Dragapult\n|-damage|p2a: Dragapult|55\/100\n|\n|-weather|Snow|[upkeep]\n|upkeep\n|turn|7\n|\n|t:|1701127044\n|move|p2a: Dragapult|Psychic Fangs|p1b: Ram\n|-supereffective|p1b: Ram\n|-damage|p1b: Ram|0 fnt\n|faint|p1b: Ram\n|-end|p1b: Ram|Protosynthesis|[silent]\n|move|p1a: Mint|Dark Pulse|p2a: Dragapult\n|-supereffective|p2a: Dragapult\n|-damage|p2a: Dragapult|11\/100\n|move|p2b: Diancie|Diamond Storm|p1a: Mint\n|-resisted|p1a: Mint\n|-damage|p1a: Mint|9\/100\n|\n|-weather|Snow|[upkeep]\n|upkeep\n|\n|t:|1701127057\n|switch|p1b: Goldfish|Dondozo, M, shiny|100\/100\n|turn|8\n|\n|t:|1701127076\n|move|p2a: Dragapult|Phantom Force||[still]\n|-prepare|p2a: Dragapult|Phantom Force\n|move|p1a: Mint|Dark Pulse|p2b: Diancie\n|-resisted|p2b: Diancie\n|-damage|p2b: Diancie|25\/100\n|move|p2b: Diancie|Diamond Storm|p1a: Mint|[spread] p1a,p1b\n|-resisted|p1a: Mint\n|-damage|p1a: Mint|0 fnt\n|-damage|p1b: Goldfish|51\/100\n|-boost|p2b: Diancie|def|2\n|faint|p1a: Mint\n|move|p1b: Goldfish|Earthquake|p2b: Diancie|[spread] p2b\n|-miss|p1b: Goldfish|p2a: Dragapult\n|-supereffective|p2b: Diancie\n|-damage|p2b: Diancie|16\/100\n|\n|-weather|none\n|upkeep\n|turn|9\n|\n|t:|1701127106\n|-terastallize|p2b: Diancie|Rock\n|move|p2a: Dragapult|Phantom Force|p1b: Goldfish|[from]lockedmove\n|-damage|p1b: Goldfish|19\/100\n|move|p2b: Diancie|Diamond Storm|p1b: Goldfish\n|-damage|p1b: Goldfish|0 fnt\n|faint|p1b: Goldfish\n|\n|win|FabioLunar\n|raw|DAILY_BREAD23's rating: 1000 &rarr; <strong>1000<\/strong><br \/>(+0 for losing)\n|raw|FabioLunar's rating: 1081 &rarr; <strong>1102<\/strong><br \/>(+21 for winning)\n|l|\u2606DAILY_BREAD23\n","uploadtime":1701127140,"views":5,"p1id":"dailybread23","p2id":"fabiolunar","formatid":"gen9doublesou","rating":1000,"private":0,"password":""}