{"id":"gen9doublesou-1996599030","p1":"Kondroid","p2":"LThe Genesis","format":"[Gen 9] Doubles OU","log":"|j|\u2606Kondroid\n|j|\u2606LThe Genesis\n|t:|1700698938\n|gametype|doubles\n|player|p1|Kondroid|hilbert|1117\n|player|p2|LThe Genesis|gambler|1202\n|teamsize|p1|6\n|teamsize|p2|6\n|gen|9\n|tier|[Gen 9] Doubles OU\n|rated|\n|rule|Species Clause: Limit one of each Pok\u00e9mon\n|rule|OHKO Clause: OHKO moves are banned\n|rule|Evasion Moves Clause: Evasion moves are banned\n|rule|Gravity Sleep Clause: The combination of sleep-inducing moves with imperfect accuracy and Gravity or Gigantamax Orbeetle are banned\n|rule|Endless Battle Clause: Forcing endless battles is banned\n|rule|HP Percentage Mod: HP is shown in percentages\n|clearpoke\n|poke|p1|Snorlax, F|\n|poke|p1|Clefairy, F|\n|poke|p1|Sinistcha|\n|poke|p1|Goodra-Hisui, M|\n|poke|p1|Farigiraf, M|\n|poke|p1|Grimmsnarl, M|\n|poke|p2|Froslass, F|\n|poke|p2|Landorus-Therian, M|\n|poke|p2|Arcanine-Hisui, F|\n|poke|p2|Grimmsnarl, M|\n|poke|p2|Ninetales-Alola, F|\n|poke|p2|Baxcalibur, F|\n|teampreview\n|inactive|Battle timer is ON: inactive players will automatically lose when time's up. (requested by Kondroid)\n|\n|t:|1700698954\n|start\n|switch|p1a: Farigiraf|Farigiraf, M|100\/100\n|switch|p1b: Grimmsnarl|Grimmsnarl, M|100\/100\n|switch|p2a: Grimmsnarl|Grimmsnarl, M, shiny|100\/100\n|switch|p2b: Landorus|Landorus-Therian, M|100\/100\n|-ability|p2b: Landorus|Intimidate|boost\n|-unboost|p1a: Farigiraf|atk|1\n|-unboost|p1b: Grimmsnarl|atk|1\n|turn|1\n|\n|t:|1700698976\n|move|p1b: Grimmsnarl|Fake Out|p2b: Landorus\n|-damage|p2b: Landorus|89\/100\n|move|p2a: Grimmsnarl|Light Screen|p2a: Grimmsnarl\n|-sidestart|p2: LThe Genesis|move: Light Screen\n|cant|p2b: Landorus|flinch\n|move|p1a: Farigiraf|Trick Room|p1a: Farigiraf\n|-fieldstart|move: Trick Room|[of] p1a: Farigiraf\n|\n|upkeep\n|turn|2\n|\n|t:|1700698993\n|switch|p2a: Arcanine|Arcanine-Hisui, F, shiny|100\/100\n|move|p1b: Grimmsnarl|Reflect|p1b: Grimmsnarl\n|-sidestart|p1: Kondroid|Reflect\n|move|p1a: Farigiraf|Baton Pass|p1a: Farigiraf\n|\n|t:|1700699000\n|switch|p1a: Snorlax|Snorlax, F|100\/100|[from] Baton Pass\n|move|p2b: Landorus|U-turn|p1a: Snorlax\n|-damage|p1a: Snorlax|75\/100\n|\n|t:|1700699016\n|switch|p2b: Grimmsnarl|Grimmsnarl, M, shiny|100\/100|[from] U-turn\n|\n|upkeep\n|turn|3\n|\n|t:|1700699031\n|switch|p1b: Sinistcha|Sinistcha|100\/100\n|-heal|p1a: Snorlax|99\/100|[from] ability: Hospitality|[of] p1b: Sinistcha\n|move|p2b: Grimmsnarl|Reflect|p2b: Grimmsnarl\n|-sidestart|p2: LThe Genesis|Reflect\n|move|p1a: Snorlax|Belly Drum|p1a: Snorlax\n|-damage|p1a: Snorlax|50\/100\n|-setboost|p1a: Snorlax|atk|6|[from] move: Belly Drum\n|-enditem|p1a: Snorlax|Aguav Berry|[eat]\n|-heal|p1a: Snorlax|83\/100|[from] item: Aguav Berry\n|move|p2a: Arcanine|Flare Blitz|p1a: Snorlax\n|-damage|p1a: Snorlax|50\/100\n|\n|upkeep\n|turn|4\n|\n|t:|1700699054\n|switch|p1b: Clefairy|Clefairy, F|100\/100\n|move|p2b: Grimmsnarl|Parting Shot|p1a: Snorlax\n|-unboost|p1a: Snorlax|atk|1\n|-unboost|p1a: Snorlax|spa|1\n|\n|t:|1700699060\n|switch|p2b: Landorus|Landorus-Therian, M|89\/100|[from] Parting Shot\n|-ability|p2b: Landorus|Intimidate|boost\n|-unboost|p1a: Snorlax|atk|1\n|-unboost|p1b: Clefairy|atk|1\n|move|p1a: Snorlax|Facade|p2a: Arcanine\n|-resisted|p2a: Arcanine\n|-damage|p2a: Arcanine|66\/100\n|move|p2a: Arcanine|Flare Blitz|p1b: Clefairy\n|-damage|p1b: Clefairy|58\/100\n|-status|p1b: Clefairy|brn\n|\n|-damage|p1b: Clefairy|52\/100 brn|[from] brn\n|upkeep\n|turn|5\n|\n|t:|1700699083\n|move|p1a: Snorlax|Facade|p2b: Landorus\n|-damage|p2b: Landorus|32\/100\n|move|p1b: Clefairy|Heal Pulse|p1a: Snorlax\n|-heal|p1a: Snorlax|100\/100\n|move|p2a: Arcanine|Head Smash|p1a: Snorlax\n|-damage|p1a: Snorlax|68\/100\n|move|p2b: Landorus|U-turn|p1a: Snorlax\n|-damage|p1a: Snorlax|50\/100\n|\n|t:|1700699094\n|switch|p2b: Grimmsnarl|Grimmsnarl, M, shiny|100\/100|[from] U-turn\n|\n|-damage|p1b: Clefairy|46\/100 brn|[from] brn\n|-fieldend|move: Trick Room\n|upkeep\n|turn|6\n|\n|t:|1700699111\n|switch|p1b: Sinistcha|Sinistcha|100\/100\n|-heal|p1a: Snorlax|75\/100|[from] ability: Hospitality|[of] p1b: Sinistcha\n|move|p1a: Snorlax|Protect|p1a: Snorlax\n|-singleturn|p1a: Snorlax|Protect\n|move|p2b: Grimmsnarl|Taunt|p1b: Sinistcha\n|-start|p1b: Sinistcha|move: Taunt\n|move|p2a: Arcanine|Flare Blitz|p1a: Snorlax\n|-activate|p1a: Snorlax|move: Protect\n|\n|upkeep\n|turn|7\n|\n|t:|1700699130\n|move|p2b: Grimmsnarl|Parting Shot|p1a: Snorlax\n|-unboost|p1a: Snorlax|atk|1\n|-unboost|p1a: Snorlax|spa|1\n|\n|t:|1700699135\n|switch|p2b: Landorus|Landorus-Therian, M|32\/100|[from] Parting Shot\n|-ability|p2b: Landorus|Intimidate|boost\n|-unboost|p1a: Snorlax|atk|1\n|-unboost|p1b: Sinistcha|atk|1\n|move|p2a: Arcanine|Flare Blitz|p1b: Sinistcha\n|-supereffective|p1b: Sinistcha\n|-damage|p1b: Sinistcha|29\/100\n|move|p1b: Sinistcha|Matcha Gotcha|p2a: Arcanine|[spread] p2a,p2b\n|-damage|p2a: Arcanine|47\/100\n|-heal|p1b: Sinistcha|38\/100|[from] drain|[of] p2a: Arcanine\n|-damage|p2b: Landorus|5\/100\n|-heal|p1b: Sinistcha|50\/100|[from] drain|[of] p2b: Landorus\n|move|p1a: Snorlax|Facade|p2b: Landorus\n|-damage|p2b: Landorus|0 fnt\n|faint|p2b: Landorus\n|\n|-heal|p1b: Sinistcha|56\/100|[from] item: Leftovers\n|upkeep\n|inactive|LThe Genesis has 120 seconds left.\n|\n|t:|1700699158\n|switch|p2b: Grimmsnarl|Grimmsnarl, M, shiny|100\/100\n|turn|8\n|\n|t:|1700699169\n|switch|p1b: Farigiraf|Farigiraf, M|100\/100\n|move|p1a: Snorlax|Protect|p1a: Snorlax\n|-singleturn|p1a: Snorlax|Protect\n|move|p2b: Grimmsnarl|Parting Shot||[still]\n|cant|p1b: Farigiraf|ability: Armor Tail|Parting Shot|[of] p2b: Grimmsnarl\n|move|p2a: Arcanine|Flare Blitz|p1b: Farigiraf\n|-damage|p1b: Farigiraf|58\/100\n|\n|-sideend|p2: LThe Genesis|move: Light Screen\n|upkeep\n|turn|9\n|\n|t:|1700699191\n|switch|p2b: Ninetales|Ninetales-Alola, F|100\/100\n|-weather|Snow|[from] ability: Snow Warning|[of] p2b: Ninetales\n|move|p2a: Arcanine|Head Smash|p1a: Snorlax|[miss]\n|-miss|p2a: Arcanine|p1a: Snorlax\n|move|p1a: Snorlax|Facade|p2a: Arcanine\n|-resisted|p2a: Arcanine\n|-damage|p2a: Arcanine|24\/100\n|move|p1b: Farigiraf|Trick Room|p1b: Farigiraf\n|-fieldstart|move: Trick Room|[of] p1b: Farigiraf\n|\n|-weather|Snow|[upkeep]\n|-sideend|p1: Kondroid|Reflect\n|upkeep\n|turn|10\n|\n|t:|1700699215\n|switch|p2b: Grimmsnarl|Grimmsnarl, M, shiny|100\/100\n|move|p1a: Snorlax|Facade|p2a: Arcanine\n|-resisted|p2a: Arcanine\n|-damage|p2a: Arcanine|4\/100\n|move|p1b: Farigiraf|Baton Pass|p1b: Farigiraf\n|\n|t:|1700699224\n|switch|p1b: Sinistcha|Sinistcha|56\/100|[from] Baton Pass\n|-heal|p1a: Snorlax|99\/100|[from] ability: Hospitality|[of] p1b: Sinistcha\n|move|p2a: Arcanine|Head Smash|p1a: Snorlax|[miss]\n|-miss|p2a: Arcanine|p1a: Snorlax\n|\n|-weather|Snow|[upkeep]\n|-heal|p1b: Sinistcha|62\/100|[from] item: Leftovers\n|-sideend|p2: LThe Genesis|Reflect\n|upkeep\n|turn|11\n|\n|t:|1700699244\n|move|p1a: Snorlax|Protect|p1a: Snorlax\n|-singleturn|p1a: Snorlax|Protect\n|move|p2b: Grimmsnarl|Reflect|p2b: Grimmsnarl\n|-sidestart|p2: LThe Genesis|Reflect\n|move|p1b: Sinistcha|Matcha Gotcha|p2b: Grimmsnarl|[spread] p2a,p2b\n|-damage|p2a: Arcanine|0 fnt\n|-heal|p1b: Sinistcha|64\/100|[from] drain|[of] p2a: Arcanine\n|-damage|p2b: Grimmsnarl|75\/100\n|-heal|p1b: Sinistcha|79\/100|[from] drain|[of] p2b: Grimmsnarl\n|faint|p2a: Arcanine\n|\n|-weather|Snow|[upkeep]\n|-heal|p1b: Sinistcha|85\/100|[from] item: Leftovers\n|upkeep\n|inactive|LThe Genesis has 120 seconds left.\n|\n|t:|1700699267\n|switch|p2a: Froslass|Froslass, F|100\/100\n|turn|12\n|\n|t:|1700699283\n|move|p2b: Grimmsnarl|Parting Shot|p1a: Snorlax\n|-unboost|p1a: Snorlax|atk|1\n|-unboost|p1a: Snorlax|spa|1\n|\n|t:|1700699290\n|switch|p2b: Baxcalibur|Baxcalibur, F, shiny|100\/100|[from] Parting Shot\n|move|p1a: Snorlax|Crunch|p2a: Froslass\n|-supereffective|p2a: Froslass\n|-damage|p2a: Froslass|67\/100\n|move|p1b: Sinistcha|Matcha Gotcha|p2b: Baxcalibur|[spread] p2a,p2b\n|-resisted|p2b: Baxcalibur\n|-damage|p2a: Froslass|22\/100\n|-heal|p1b: Sinistcha|100\/100|[from] drain|[of] p2a: Froslass\n|-damage|p2b: Baxcalibur|84\/100\n|move|p2a: Froslass|Will-O-Wisp|p1a: Snorlax\n|-status|p1a: Snorlax|brn\n|\n|-weather|Snow|[upkeep]\n|-damage|p1a: Snorlax|94\/100 brn|[from] brn\n|upkeep\n|turn|13\n|\n|t:|1700699314\n|move|p2a: Froslass|Protect|p2a: Froslass\n|-singleturn|p2a: Froslass|Protect\n|move|p1b: Sinistcha|Rage Powder|p1b: Sinistcha\n|-singleturn|p1b: Sinistcha|move: Rage Powder\n|move|p1a: Snorlax|Facade|p2b: Baxcalibur\n|-damage|p2b: Baxcalibur|50\/100\n|move|p2b: Baxcalibur|Dragon Dance|p2b: Baxcalibur\n|-boost|p2b: Baxcalibur|atk|1\n|-boost|p2b: Baxcalibur|spe|1\n|\n|-weather|Snow|[upkeep]\n|-damage|p1a: Snorlax|88\/100 brn|[from] brn\n|-fieldend|move: Trick Room\n|upkeep\n|turn|14\n|\n|t:|1700699338\n|switch|p1b: Clefairy|Clefairy, F|46\/100 brn\n|move|p2b: Baxcalibur|Icicle Spear|p1b: Clefairy\n|-damage|p1b: Clefairy|19\/100 brn\n|-damage|p1b: Clefairy|0 fnt\n|faint|p1b: Clefairy\n|-hitcount|p1: Clefairy|2\n|move|p2a: Froslass|Icy Wind|p1a: Snorlax\n|-damage|p1a: Snorlax|81\/100 brn\n|-unboost|p1a: Snorlax|spe|1\n|move|p1a: Snorlax|Facade|p2b: Baxcalibur\n|-damage|p2b: Baxcalibur|18\/100\n|\n|-weather|Snow|[upkeep]\n|-damage|p1a: Snorlax|75\/100 brn|[from] brn\n|upkeep\n|inactive|Kondroid has 120 seconds left.\n|\n|t:|1700699356\n|switch|p1b: Grimmsnarl|Grimmsnarl, M|100\/100\n|turn|15\n|\n|t:|1700699371\n|move|p2a: Froslass|Protect|p2a: Froslass\n|-singleturn|p2a: Froslass|Protect\n|move|p1a: Snorlax|Protect|p1a: Snorlax\n|-singleturn|p1a: Snorlax|Protect\n|move|p1b: Grimmsnarl|Fake Out|p2b: Baxcalibur\n|-damage|p2b: Baxcalibur|12\/100\n|cant|p2b: Baxcalibur|flinch\n|\n|-weather|Snow|[upkeep]\n|-damage|p1a: Snorlax|69\/100 brn|[from] brn\n|upkeep\n|turn|16\n|inactive|LThe Genesis has 120 seconds left.\n|\n|t:|1700699401\n|switch|p1b: Sinistcha|Sinistcha|100\/100\n|-heal|p1a: Snorlax|94\/100 brn|[from] ability: Hospitality|[of] p1b: Sinistcha\n|move|p2b: Baxcalibur|Icicle Spear|p1a: Snorlax\n|-damage|p1a: Snorlax|71\/100 brn\n|-damage|p1a: Snorlax|50\/100 brn\n|-damage|p1a: Snorlax|27\/100 brn\n|-damage|p1a: Snorlax|8\/100 brn\n|-damage|p1a: Snorlax|0 fnt\n|faint|p1a: Snorlax\n|-hitcount|p1: Snorlax|5\n|move|p2a: Froslass|Icy Wind|p1b: Sinistcha\n|-supereffective|p1b: Sinistcha\n|-damage|p1b: Sinistcha|64\/100\n|-unboost|p1b: Sinistcha|spe|1\n|\n|-weather|none\n|-heal|p1b: Sinistcha|70\/100|[from] item: Leftovers\n|upkeep\n|inactive|Kondroid has 120 seconds left.\n|\n|t:|1700699426\n|switch|p1a: Farigiraf|Farigiraf, M|58\/100\n|turn|17\n|\n|t:|1700699453\n|switch|p2a: Ninetales|Ninetales-Alola, F|100\/100\n|-weather|Snow|[from] ability: Snow Warning|[of] p2a: Ninetales\n|move|p2b: Baxcalibur|Icicle Spear|p1b: Sinistcha\n|-supereffective|p1b: Sinistcha\n|-damage|p1b: Sinistcha|23\/100\n|-supereffective|p1b: Sinistcha\n|-damage|p1b: Sinistcha|0 fnt\n|faint|p1b: Sinistcha\n|-hitcount|p1: Sinistcha|2\n|move|p1a: Farigiraf|Trick Room|p1a: Farigiraf\n|-fieldstart|move: Trick Room|[of] p1a: Farigiraf\n|\n|-weather|Snow|[upkeep]\n|upkeep\n|\n|t:|1700699467\n|switch|p1b: Goodra|Goodra-Hisui, M|100\/100\n|turn|18\n|\n|t:|1700699486\n|-terastallize|p2a: Ninetales|Steel\n|move|p1a: Farigiraf|Psyshock|p2b: Baxcalibur\n|-damage|p2b: Baxcalibur|0 fnt\n|faint|p2b: Baxcalibur\n|move|p1b: Goodra|Flash Cannon|p2a: Ninetales\n|-resisted|p2a: Ninetales\n|-damage|p2a: Ninetales|76\/100\n|move|p2a: Ninetales|Aurora Veil|p2a: Ninetales\n|-sidestart|p2: LThe Genesis|move: Aurora Veil\n|\n|-weather|Snow|[upkeep]\n|-sideend|p2: LThe Genesis|Reflect\n|upkeep\n|\n|t:|1700699498\n|switch|p2b: Froslass|Froslass, F|22\/100\n|turn|19\n|\n|t:|1700699511\n|switch|p1b: Grimmsnarl|Grimmsnarl, M|100\/100\n|move|p2b: Froslass|Protect|p2b: Froslass\n|-singleturn|p2b: Froslass|Protect\n|move|p1a: Farigiraf|Calm Mind|p1a: Farigiraf\n|-boost|p1a: Farigiraf|spa|1\n|-boost|p1a: Farigiraf|spd|1\n|move|p2a: Ninetales|Blizzard|p1b: Grimmsnarl|[spread] p1a,p1b\n|-damage|p1a: Farigiraf|44\/100\n|-damage|p1b: Grimmsnarl|64\/100\n|\n|-weather|Snow|[upkeep]\n|upkeep\n|turn|20\n|\n|t:|1700699540\n|move|p1b: Grimmsnarl|Fake Out|p2a: Ninetales\n|-resisted|p2a: Ninetales\n|-damage|p2a: Ninetales|68\/100\n|move|p1a: Farigiraf|Baton Pass|p1a: Farigiraf\n|\n|t:|1700699545\n|switch|p1a: Goodra|Goodra-Hisui, M|100\/100|[from] Baton Pass\n|cant|p2a: Ninetales|flinch\n|move|p2b: Froslass|Will-O-Wisp|p1b: Grimmsnarl\n|-status|p1b: Grimmsnarl|brn\n|\n|-weather|Snow|[upkeep]\n|-damage|p1b: Grimmsnarl|58\/100 brn|[from] brn\n|upkeep\n|turn|21\n|\n|t:|1700699571\n|move|p1b: Grimmsnarl|Spirit Break|p2a: Ninetales\n|-resisted|p2a: Ninetales\n|-damage|p2a: Ninetales|57\/100\n|-unboost|p2a: Ninetales|spa|1\n|move|p1a: Goodra|Flash Cannon|p2b: Froslass\n|-supereffective|p2b: Froslass\n|-damage|p2b: Froslass|0 fnt\n|faint|p2b: Froslass\n|move|p2a: Ninetales|Dazzling Gleam|p1a: Goodra|[spread] p1a,p1b\n|-supereffective|p1b: Grimmsnarl\n|-damage|p1a: Goodra|96\/100\n|-damage|p1b: Grimmsnarl|26\/100 brn\n|\n|-weather|Snow|[upkeep]\n|-damage|p1b: Grimmsnarl|20\/100 brn|[from] brn\n|-fieldend|move: Trick Room\n|upkeep\n|-message|LThe Genesis forfeited.\n|\n|win|Kondroid\n|raw|Kondroid's rating: 1117 &rarr; <strong>1148<\/strong><br \/>(+31 for winning)\n|raw|LThe Genesis's rating: 1202 &rarr; <strong>1171<\/strong><br \/>(-31 for losing)\n|l|\u2606LThe Genesis\n","uploadtime":1700699586,"views":17,"p1id":"kondroid","p2id":"lthegenesis","formatid":"gen9doublesou","rating":1148,"private":0,"password":""}