{"id":"gen9doublesou-1982079339","p1":"kaya_araujo","p2":"TNTvale","format":"[Gen 9] Doubles OU","log":"|j|\u2606kaya_araujo\n|j|\u2606TNTvale\n|t:|1698965739\n|gametype|doubles\n|player|p1|kaya_araujo|265|1299\n|player|p2|TNTvale|waiter|1367\n|teamsize|p1|6\n|teamsize|p2|6\n|gen|9\n|tier|[Gen 9] Doubles OU\n|rated|\n|rule|Species Clause: Limit one of each Pok\u00e9mon\n|rule|OHKO Clause: OHKO moves are banned\n|rule|Evasion Moves Clause: Evasion moves are banned\n|rule|Gravity Sleep Clause: The combination of sleep-inducing moves with imperfect accuracy and Gravity or Gigantamax Orbeetle are banned\n|rule|Endless Battle Clause: Forcing endless battles is banned\n|rule|HP Percentage Mod: HP is shown in percentages\n|clearpoke\n|poke|p1|Abomasnow, M|\n|poke|p1|Froslass, F|\n|poke|p1|Milotic, F|\n|poke|p1|Sandslash-Alola, F|\n|poke|p1|Articuno|\n|poke|p1|Mamoswine, M|\n|poke|p2|Regidrago|\n|poke|p2|Tornadus, M|\n|poke|p2|Chandelure, M|\n|poke|p2|Torkoal, F|\n|poke|p2|Maushold-Four|\n|poke|p2|Sinistcha-Masterpiece|\n|teampreview\n|\n|t:|1698965745\n|start\n|switch|p1a: Froslass|Froslass, F|100\/100\n|switch|p1b: Abomasnow|Abomasnow, M|100\/100\n|switch|p2a: Regidrago|Regidrago|100\/100\n|switch|p2b: Tornadus|Tornadus, M|100\/100\n|-weather|Snow|[from] ability: Snow Warning|[of] p1b: Abomasnow\n|turn|1\n|c|\u2606TNTvale|Mono Ice ?\n|c|\u2606TNTvale|That's cool\n|\n|t:|1698965777\n|move|p1b: Abomasnow|Protect|p1b: Abomasnow\n|-singleturn|p1b: Abomasnow|Protect\n|move|p2b: Tornadus|Tailwind|p2b: Tornadus\n|-sidestart|p2: TNTvale|move: Tailwind\n|move|p2a: Regidrago|Dragon Energy|p1b: Abomasnow|[spread] p1a\n|-activate|p1b: Abomasnow|move: Protect\n|-damage|p1a: Froslass|0 fnt\n|faint|p1a: Froslass\n|\n|-weather|Snow|[upkeep]\n|upkeep\n|\n|t:|1698965787\n|switch|p1a: Sandslash|Sandslash-Alola, F|100\/100\n|turn|2\n|\n|t:|1698965798\n|-terastallize|p2a: Regidrago|Steel\n|move|p1b: Abomasnow|Ice Shard|p2a: Regidrago\n|-resisted|p2a: Regidrago\n|-damage|p2a: Regidrago|93\/100\n|move|p2b: Tornadus|Bleakwind Storm|p1b: Abomasnow|[spread] p1a,p1b\n|-resisted|p1a: Sandslash\n|-supereffective|p1b: Abomasnow\n|-damage|p1a: Sandslash|65\/100\n|-damage|p1b: Abomasnow|46\/100\n|-unboost|p1a: Sandslash|spe|1\n|move|p2a: Regidrago|Tera Blast|p1a: Sandslash|[anim] Tera Blast Steel\n|-damage|p1a: Sandslash|3\/100\n|move|p1a: Sandslash|Ice Spinner|p2a: Regidrago\n|-resisted|p2a: Regidrago\n|-damage|p2a: Regidrago|66\/100\n|-damage|p1a: Sandslash|0 fnt|[from] item: Life Orb\n|faint|p1a: Sandslash\n|\n|-weather|Snow|[upkeep]\n|upkeep\n|\n|t:|1698965816\n|switch|p1a: Milotic|Milotic, F|100\/100\n|turn|3\n|\n|t:|1698965828\n|move|p1b: Abomasnow|Protect|p1b: Abomasnow\n|-singleturn|p1b: Abomasnow|Protect\n|move|p2b: Tornadus|Bleakwind Storm|p1b: Abomasnow|[spread] \n|-activate|p1b: Abomasnow|move: Protect\n|-miss|p2b: Tornadus|p1a: Milotic\n|move|p2a: Regidrago|Dragon Energy|p1b: Abomasnow|[spread] p1a\n|-activate|p1b: Abomasnow|move: Protect\n|-damage|p1a: Milotic|71\/100\n|move|p1a: Milotic|Scald|p2a: Regidrago\n|-damage|p2a: Regidrago|46\/100\n|\n|-weather|Snow|[upkeep]\n|-heal|p1a: Milotic|77\/100|[from] item: Leftovers\n|upkeep\n|turn|4\n|\n|t:|1698965852\n|move|p1b: Abomasnow|Ice Shard|p2b: Tornadus\n|-supereffective|p2b: Tornadus\n|-damage|p2b: Tornadus|62\/100\n|move|p2b: Tornadus|Bleakwind Storm|p1b: Abomasnow|[spread] p1b\n|-miss|p2b: Tornadus|p1a: Milotic\n|-supereffective|p1b: Abomasnow\n|-crit|p1b: Abomasnow\n|-damage|p1b: Abomasnow|0 fnt\n|faint|p1b: Abomasnow\n|move|p2a: Regidrago|Dragon Energy|p1a: Milotic\n|-damage|p1a: Milotic|51\/100\n|move|p1a: Milotic|Icy Wind|p2a: Regidrago|[spread] p2a,p2b\n|-resisted|p2a: Regidrago\n|-supereffective|p2b: Tornadus\n|-damage|p2a: Regidrago|42\/100\n|-damage|p2b: Tornadus|39\/100\n|-unboost|p2a: Regidrago|spe|1\n|-unboost|p2b: Tornadus|spe|1\n|\n|-weather|Snow|[upkeep]\n|-heal|p2b: Tornadus|45\/100|[from] item: Leftovers\n|-heal|p1a: Milotic|57\/100|[from] item: Leftovers\n|-sideend|p2: TNTvale|move: Tailwind\n|upkeep\n|\n|t:|1698965873\n|switch|p1b: Mamoswine|Mamoswine, M|100\/100\n|turn|5\n|\n|t:|1698965884\n|move|p1b: Mamoswine|Ice Shard|p2b: Tornadus\n|-supereffective|p2b: Tornadus\n|-damage|p2b: Tornadus|0 fnt\n|faint|p2b: Tornadus\n|move|p1a: Milotic|Scald|p2a: Regidrago\n|-damage|p2a: Regidrago|20\/100\n|move|p2a: Regidrago|Dragon Energy|p1b: Mamoswine|[spread] p1a,p1b\n|-damage|p1a: Milotic|49\/100\n|-damage|p1b: Mamoswine|77\/100\n|\n|-weather|Snow|[upkeep]\n|-heal|p1b: Mamoswine|83\/100|[from] item: Leftovers\n|-heal|p1a: Milotic|55\/100|[from] item: Leftovers\n|upkeep\n|\n|t:|1698965896\n|switch|p2b: Torkoal|Torkoal, F|100\/100\n|-weather|SunnyDay|[from] ability: Drought|[of] p2b: Torkoal\n|turn|6\n|\n|t:|1698965906\n|switch|p1a: Articuno|Articuno|100\/100\n|move|p1b: Mamoswine|Earthquake|p2b: Torkoal|[spread] p2a,p2b\n|-immune|p1a: Articuno\n|-supereffective|p2a: Regidrago\n|-supereffective|p2b: Torkoal\n|-damage|p2a: Regidrago|0 fnt\n|-damage|p2b: Torkoal|41\/100\n|faint|p2a: Regidrago\n|move|p2b: Torkoal|Eruption|p1a: Articuno|[spread] p1a,p1b\n|-supereffective|p1a: Articuno\n|-supereffective|p1b: Mamoswine\n|-damage|p1a: Articuno|57\/100\n|-damage|p1b: Mamoswine|0 fnt\n|faint|p1b: Mamoswine\n|\n|-weather|SunnyDay|[upkeep]\n|-heal|p1a: Articuno|63\/100|[from] item: Leftovers\n|upkeep\n|\n|t:|1698965922\n|switch|p1b: Milotic|Milotic, F|55\/100\n|switch|p2a: Sinistcha|Sinistcha-Masterpiece|100\/100\n|-heal|p2b: Torkoal|66\/100|[from] ability: Hospitality|[of] p2a: Sinistcha\n|turn|7\n|\n|t:|1698965949\n|move|p1a: Articuno|Air Slash|p2a: Sinistcha\n|-supereffective|p2a: Sinistcha\n|-damage|p2a: Sinistcha|19\/100\n|move|p1b: Milotic|Hypnosis|p2a: Sinistcha\n|-status|p2a: Sinistcha|slp|[from] move: Hypnosis\n|cant|p2a: Sinistcha|slp\n|move|p2b: Torkoal|Eruption|p1a: Articuno|[spread] p1a,p1b\n|-supereffective|p1a: Articuno\n|-resisted|p1b: Milotic\n|-damage|p1a: Articuno|0 fnt\n|-damage|p1b: Milotic|44\/100\n|faint|p1a: Articuno\n|\n|-weather|SunnyDay|[upkeep]\n|-heal|p1b: Milotic|50\/100|[from] item: Leftovers\n|-heal|p2a: Sinistcha|25\/100 slp|[from] item: Leftovers\n|upkeep\n|turn|8\n|\n|t:|1698965973\n|move|p1b: Milotic|Icy Wind|p2b: Torkoal|[spread] p2a,p2b\n|-supereffective|p2a: Sinistcha\n|-resisted|p2b: Torkoal\n|-damage|p2a: Sinistcha|4\/100 slp\n|-damage|p2b: Torkoal|60\/100\n|-unboost|p2a: Sinistcha|spe|1\n|-unboost|p2b: Torkoal|spe|1\n|-curestatus|p2a: Sinistcha|slp|[msg]\n|move|p2a: Sinistcha|Matcha Gotcha|p1b: Milotic\n|-supereffective|p1b: Milotic\n|-damage|p1b: Milotic|0 fnt\n|-heal|p2a: Sinistcha|33\/100|[from] drain|[of] p1b: Milotic\n|faint|p1b: Milotic\n|\n|win|TNTvale\n|raw|kaya_araujo's rating: 1299 &rarr; <strong>1279<\/strong><br \/>(-20 for losing)\n|raw|TNTvale's rating: 1367 &rarr; <strong>1383<\/strong><br \/>(+16 for winning)\n|l|\u2606kaya_araujo\n","uploadtime":1698965987,"views":23,"p1id":"kayaaraujo","p2id":"tntvale","formatid":"gen9doublesou","rating":1279,"private":0,"password":""}