{"id":"gen9doublesou-1975339351","p1":"SXD2002","p2":"thoagox","format":"[Gen 9] Doubles OU","log":"|j|\u2606SXD2002\n|j|\u2606thoagox\n|t:|1698181226\n|gametype|doubles\n|player|p1|SXD2002|silver-masters|1055\n|player|p2|thoagox|101|1177\n|teamsize|p1|6\n|teamsize|p2|6\n|gen|9\n|tier|[Gen 9] Doubles OU\n|rated|\n|rule|Species Clause: Limit one of each Pok\u00e9mon\n|rule|OHKO Clause: OHKO moves are banned\n|rule|Evasion Moves Clause: Evasion moves are banned\n|rule|Gravity Sleep Clause: The combination of sleep-inducing moves with imperfect accuracy and Gravity or Gigantamax Orbeetle are banned\n|rule|Endless Battle Clause: Forcing endless battles is banned\n|rule|HP Percentage Mod: HP is shown in percentages\n|clearpoke\n|poke|p1|Lurantis, M|\n|poke|p1|Murkrow, M|\n|poke|p1|Grimmsnarl, M|\n|poke|p1|Clefairy, F|\n|poke|p1|Talonflame, M|\n|poke|p1|Espeon, M|\n|poke|p2|Palafin, M|\n|poke|p2|Gholdengo|\n|poke|p2|Meowscarada, M|\n|poke|p2|Baxcalibur, M|\n|poke|p2|Glimmora, M|\n|poke|p2|Kingambit, M|\n|teampreview\n|inactive|Battle timer is ON: inactive players will automatically lose when time's up. (requested by thoagox)\n|\n|t:|1698181233\n|start\n|switch|p1a: Murkrow|Murkrow, M|100\/100\n|switch|p1b: Lurantis|Lurantis, M|100\/100\n|switch|p2a: Palafin|Palafin, M, shiny|100\/100\n|switch|p2b: Gholdengo|Gholdengo|100\/100\n|turn|1\n|\n|t:|1698181243\n|-terastallize|p1b: Lurantis|Steel\n|move|p2a: Palafin|Flip Turn|p1a: Murkrow\n|-damage|p1a: Murkrow|67\/100\n|\n|t:|1698181248\n|detailschange|p2a: Palafin|Palafin-Hero, M, shiny\n|switch|p2a: Glimmora|Glimmora, M|100\/100|[from] Flip Turn\n|move|p2b: Gholdengo|Nasty Plot|p2b: Gholdengo\n|-boost|p2b: Gholdengo|spa|2\n|move|p1a: Murkrow|Snarl|p2a: Glimmora|[spread] p2b\n|-miss|p1a: Murkrow|p2a: Glimmora\n|-supereffective|p2b: Gholdengo\n|-damage|p2b: Gholdengo|70\/100\n|-unboost|p2b: Gholdengo|spa|1\n|move|p1b: Lurantis|Leaf Storm|p2b: Gholdengo\n|-resisted|p2b: Gholdengo\n|-damage|p2b: Gholdengo|49\/100\n|-boost|p1b: Lurantis|spa|2\n|\n|upkeep\n|turn|2\n|\n|t:|1698181269\n|move|p1a: Murkrow|Thunder Wave|p2a: Glimmora|[miss]\n|-miss|p1a: Murkrow|p2a: Glimmora\n|move|p2a: Glimmora|Sludge Wave|p1a: Murkrow|[spread] p1a\n|-immune|p2b: Gholdengo\n|-immune|p1b: Lurantis\n|-damage|p1a: Murkrow|36\/100\n|move|p2b: Gholdengo|Make It Rain|p1a: Murkrow|[spread] p1a,p1b\n|-resisted|p1b: Lurantis\n|-damage|p1a: Murkrow|0 fnt\n|-damage|p1b: Lurantis|65\/100\n|-unboost|p2b: Gholdengo|spa|1\n|faint|p1a: Murkrow\n|-damage|p2b: Gholdengo|39\/100|[from] item: Life Orb\n|move|p1b: Lurantis|Leaf Storm|p2b: Gholdengo\n|-resisted|p2b: Gholdengo\n|-damage|p2b: Gholdengo|0 fnt\n|-boost|p1b: Lurantis|spa|2\n|faint|p2b: Gholdengo\n|\n|-heal|p1b: Lurantis|71\/100|[from] item: Leftovers\n|upkeep\n|\n|t:|1698181286\n|switch|p2b: Palafin|Palafin-Hero, M, shiny|100\/100\n|switch|p1a: Grimmsnarl|Grimmsnarl, M|100\/100\n|-activate|p2b: Palafin|ability: Zero to Hero\n|turn|3\n|\n|t:|1698181299\n|move|p1b: Lurantis|Protect|p1b: Lurantis\n|-singleturn|p1b: Lurantis|Protect\n|move|p1a: Grimmsnarl|Scary Face|p2b: Palafin\n|-unboost|p2b: Palafin|spe|2\n|move|p2a: Glimmora|Sludge Wave|p1b: Lurantis|[spread] p2b,p1a\n|-activate|p1b: Lurantis|move: Protect\n|-supereffective|p1a: Grimmsnarl\n|-damage|p2b: Palafin|61\/100\n|-damage|p1a: Grimmsnarl|41\/100\n|move|p2b: Palafin|Drain Punch|p1b: Lurantis\n|-activate|p1b: Lurantis|move: Protect\n|\n|-heal|p1a: Grimmsnarl|47\/100|[from] item: Leftovers\n|-heal|p1b: Lurantis|77\/100|[from] item: Leftovers\n|upkeep\n|turn|4\n|\n|t:|1698181316\n|move|p1a: Grimmsnarl|Scary Face|p1b: Lurantis\n|-boost|p1b: Lurantis|spe|2\n|move|p2a: Glimmora|Sludge Wave|p1b: Lurantis|[spread] p2b,p1a\n|-immune|p1b: Lurantis\n|-supereffective|p1a: Grimmsnarl\n|-damage|p2b: Palafin|21\/100\n|-damage|p1a: Grimmsnarl|0 fnt\n|faint|p1a: Grimmsnarl\n|move|p1b: Lurantis|Leaf Storm|p2b: Palafin\n|-supereffective|p2b: Palafin\n|-damage|p2b: Palafin|0 fnt\n|-boost|p1b: Lurantis|spa|2\n|faint|p2b: Palafin\n|\n|-heal|p1b: Lurantis|83\/100|[from] item: Leftovers\n|upkeep\n|\n|t:|1698181324\n|switch|p2b: Baxcalibur|Baxcalibur, M, shiny|100\/100\n|switch|p1a: Talonflame|Talonflame, M|100\/100\n|turn|5\n|\n|t:|1698181336\n|move|p1a: Talonflame|Defog|p1b: Lurantis\n|-boost|p1b: Lurantis|evasion|1\n|move|p2b: Baxcalibur|Glaive Rush|p1b: Lurantis\n|-resisted|p1b: Lurantis\n|-damage|p1b: Lurantis|48\/100\n|-singlemove|p2b: Baxcalibur|Glaive Rush|[silent]\n|move|p2a: Glimmora|Power Gem|p1a: Talonflame\n|-supereffective|p1a: Talonflame\n|-damage|p1a: Talonflame|0 fnt\n|faint|p1a: Talonflame\n|move|p1b: Lurantis|Superpower|p2b: Baxcalibur\n|-supereffective|p2b: Baxcalibur\n|-damage|p2b: Baxcalibur|0 fnt\n|-boost|p1b: Lurantis|atk|1\n|-boost|p1b: Lurantis|def|1\n|faint|p2b: Baxcalibur\n|\n|-heal|p1b: Lurantis|54\/100|[from] item: Leftovers\n|upkeep\n|\n|t:|1698181347\n|switch|p1a: Clefairy|Clefairy, F|100\/100\n|switch|p2b: Meowscarada|Meowscarada, M, shiny|100\/100\n|turn|6\n|\n|t:|1698181360\n|move|p2b: Meowscarada|Knock Off|p1b: Lurantis\n|-start|p2b: Meowscarada|typechange|Dark|[from] ability: Protean\n|-damage|p1b: Lurantis|31\/100\n|-enditem|p1b: Lurantis|Leftovers|[from] move: Knock Off|[of] p2b: Meowscarada\n|move|p2a: Glimmora|Sludge Wave|p1b: Lurantis|[spread] p2b,p1a\n|-immune|p1b: Lurantis\n|-supereffective|p1a: Clefairy\n|-damage|p2b: Meowscarada|46\/100\n|-damage|p1a: Clefairy|57\/100\n|move|p1b: Lurantis|Superpower|p2b: Meowscarada\n|-supereffective|p2b: Meowscarada\n|-damage|p2b: Meowscarada|0 fnt\n|-boost|p1b: Lurantis|atk|1\n|-boost|p1b: Lurantis|def|1\n|faint|p2b: Meowscarada\n|move|p1a: Clefairy|Life Dew|p1a: Clefairy|[spread] p1a,p1b\n|-heal|p1a: Clefairy|82\/100\n|-heal|p1b: Lurantis|56\/100\n|\n|upkeep\n|\n|t:|1698181363\n|switch|p2b: Kingambit|Kingambit, M, shiny|100\/100\n|-activate|p2b: Kingambit|ability: Supreme Overlord\n|-start|p2b: Kingambit|fallen4|[silent]\n|turn|7\n|\n|t:|1698181381\n|move|p1a: Clefairy|Follow Me|p1a: Clefairy\n|-singleturn|p1a: Clefairy|move: Follow Me\n|move|p2a: Glimmora|Sludge Wave|p1a: Clefairy|[spread] p1a\n|-immune|p2b: Kingambit\n|-immune|p1b: Lurantis\n|-supereffective|p1a: Clefairy\n|-damage|p1a: Clefairy|34\/100\n|move|p1b: Lurantis|Superpower|p2b: Kingambit\n|-supereffective|p2b: Kingambit\n|-crit|p2b: Kingambit\n|-damage|p2b: Kingambit|0 fnt\n|-boost|p1b: Lurantis|atk|1\n|-boost|p1b: Lurantis|def|1\n|faint|p2b: Kingambit\n|-end|p2b: Kingambit|fallen4|[silent]\n|\n|upkeep\n|turn|8\n|\n|t:|1698181393\n|move|p1a: Clefairy|Protect|p1a: Clefairy\n|-singleturn|p1a: Clefairy|Protect\n|move|p2a: Glimmora|Sludge Wave|p1b: Lurantis|[spread] \n|-activate|p1a: Clefairy|move: Protect\n|-immune|p1b: Lurantis\n|move|p1b: Lurantis|Leaf Storm|p2a: Glimmora\n|-damage|p2a: Glimmora|0 fnt\n|faint|p2a: Glimmora\n|\n|win|SXD2002\n|raw|SXD2002's rating: 1055 &rarr; <strong>1097<\/strong><br \/>(+42 for winning)\n|raw|thoagox's rating: 1177 &rarr; <strong>1144<\/strong><br \/>(-33 for losing)\n|c|\u2606SXD2002|gg\n|c|\u2606thoagox|gg\n|l|\u2606thoagox\n","uploadtime":1698181404,"views":18,"p1id":"sxd2002","p2id":"thoagox","formatid":"gen9doublesou","rating":1097,"private":0,"password":""}