{"id":"gen9doublesou-1985569775","p1":"TheFlareDude","p2":"Sach2203","format":"[Gen 9] Doubles OU","log":"|j|\u2606TheFlareDude\n|j|\u2606Sach2203\n|t:|1699385433\n|gametype|doubles\n|player|p1|TheFlareDude|hilbert|1182\n|player|p2|Sach2203|pokemaniac|1080\n|teamsize|p1|6\n|teamsize|p2|6\n|gen|9\n|tier|[Gen 9] Doubles OU\n|rated|\n|rule|Species Clause: Limit one of each Pok\u00e9mon\n|rule|OHKO Clause: OHKO moves are banned\n|rule|Evasion Moves Clause: Evasion moves are banned\n|rule|Gravity Sleep Clause: The combination of sleep-inducing moves with imperfect accuracy and Gravity or Gigantamax Orbeetle are banned\n|rule|Endless Battle Clause: Forcing endless battles is banned\n|rule|HP Percentage Mod: HP is shown in percentages\n|clearpoke\n|poke|p1|Murkrow, F|\n|poke|p1|Dragapult, M|\n|poke|p1|Armarouge, F|\n|poke|p1|Indeedee-F, F|\n|poke|p1|Arboliva, F|\n|poke|p1|Brute Bonnet|\n|poke|p2|Politoed, M|\n|poke|p2|Goodra, M|\n|poke|p2|Kilowattrel, F|\n|poke|p2|Tornadus, M|\n|poke|p2|Infernape, M|\n|poke|p2|Snorlax, M|\n|teampreview\n|inactive|Battle timer is ON: inactive players will automatically lose when time's up. (requested by TheFlareDude)\n|inactive|TheFlareDude has 120 seconds left.\n|\n|t:|1699385469\n|start\n|switch|p1a: Murkrow|Murkrow, F, shiny|100\/100\n|switch|p1b: Brute Bonnet|Brute Bonnet, shiny|100\/100\n|switch|p2a: Politoed|Politoed, M, shiny|100\/100\n|switch|p2b: Goodra|Goodra, M, shiny|100\/100\n|-weather|RainDance|[from] ability: Drizzle|[of] p2a: Politoed\n|turn|1\n|\n|t:|1699385488\n|move|p1a: Murkrow|Tailwind|p1a: Murkrow\n|-sidestart|p1: TheFlareDude|move: Tailwind\n|move|p1b: Brute Bonnet|Sunny Day|p1b: Brute Bonnet\n|-weather|SunnyDay\n|-activate|p1b: Brute Bonnet|ability: Protosynthesis\n|-start|p1b: Brute Bonnet|protosynthesisatk\n|move|p2b: Goodra|Toxic|p1b: Brute Bonnet\n|-status|p1b: Brute Bonnet|tox\n|move|p2a: Politoed|Perish Song|p2a: Politoed\n|-start|p1a: Murkrow|perish3|[silent]\n|-start|p1b: Brute Bonnet|perish3|[silent]\n|-start|p2a: Politoed|perish3|[silent]\n|-start|p2b: Goodra|perish3|[silent]\n|-fieldactivate|move: Perish Song\n|\n|-weather|SunnyDay|[upkeep]\n|-damage|p1b: Brute Bonnet|94\/100 tox|[from] psn\n|-start|p1a: Murkrow|perish3\n|-start|p1b: Brute Bonnet|perish3\n|-start|p2b: Goodra|perish3\n|-start|p2a: Politoed|perish3\n|upkeep\n|turn|2\n|inactive|TheFlareDude has 120 seconds left.\n|\n|t:|1699385522\n|switch|p1a: Arboliva|Arboliva, F, shiny|100\/100\n|move|p1b: Brute Bonnet|Spore|p2a: Politoed\n|-status|p2a: Politoed|slp|[from] move: Spore\n|move|p2b: Goodra|Toxic|p1a: Arboliva\n|-status|p1a: Arboliva|tox\n|cant|p2a: Politoed|slp\n|\n|-weather|SunnyDay|[upkeep]\n|-heal|p1b: Brute Bonnet|100\/100 tox|[from] item: Leftovers\n|-damage|p1b: Brute Bonnet|88\/100 tox|[from] psn\n|-damage|p1a: Arboliva|94\/100 tox|[from] psn\n|-start|p1b: Brute Bonnet|perish2\n|-start|p2b: Goodra|perish2\n|-start|p2a: Politoed|perish2\n|upkeep\n|turn|3\n|\n|t:|1699385547\n|move|p1b: Brute Bonnet|Sucker Punch|p2b: Goodra\n|-damage|p2b: Goodra|47\/100\n|move|p1a: Arboliva|Giga Drain|p2a: Politoed\n|-supereffective|p2a: Politoed\n|-damage|p2a: Politoed|27\/100 slp\n|-heal|p1a: Arboliva|100\/100 tox|[from] drain|[of] p2a: Politoed\n|move|p2b: Goodra|Sludge Bomb|p1a: Arboliva\n|-supereffective|p1a: Arboliva\n|-damage|p1a: Arboliva|57\/100 tox\n|-fieldstart|move: Grassy Terrain|[from] ability: Seed Sower|[of] p1a: Arboliva\n|cant|p2a: Politoed|slp\n|\n|-weather|SunnyDay|[upkeep]\n|-heal|p1b: Brute Bonnet|94\/100 tox|[from] Grassy Terrain\n|-heal|p1b: Brute Bonnet|100\/100 tox|[from] item: Leftovers\n|-heal|p1a: Arboliva|63\/100 tox|[from] Grassy Terrain\n|-heal|p1a: Arboliva|69\/100 tox|[from] item: Leftovers\n|-heal|p2b: Goodra|53\/100|[from] Grassy Terrain\n|-heal|p2b: Goodra|59\/100|[from] item: Leftovers\n|-heal|p2a: Politoed|33\/100 slp|[from] Grassy Terrain\n|-damage|p1b: Brute Bonnet|82\/100 tox|[from] psn\n|-damage|p1a: Arboliva|57\/100 tox|[from] psn\n|-start|p1b: Brute Bonnet|perish1\n|-start|p2b: Goodra|perish1\n|-start|p2a: Politoed|perish1\n|upkeep\n|turn|4\n|inactive|Sach2203 has 120 seconds left.\n|\n|t:|1699385585\n|-end|p1b: Brute Bonnet|Protosynthesis|[silent]\n|switch|p1b: Murkrow|Murkrow, F, shiny|100\/100\n|switch|p2b: Infernape|Infernape, M|100\/100\n|switch|p2a: Tornadus|Tornadus, M|100\/100\n|move|p1a: Arboliva|Hyper Voice|p2b: Infernape|[spread] p2a,p2b\n|-damage|p2a: Tornadus|61\/100\n|-damage|p2b: Infernape|47\/100\n|-enditem|p2b: Infernape|Sitrus Berry|[eat]\n|-heal|p2b: Infernape|72\/100|[from] item: Sitrus Berry\n|\n|-weather|SunnyDay|[upkeep]\n|-heal|p2b: Infernape|78\/100|[from] Grassy Terrain\n|-heal|p2a: Tornadus|67\/100|[from] item: Leftovers\n|-heal|p1a: Arboliva|63\/100 tox|[from] Grassy Terrain\n|-heal|p1a: Arboliva|69\/100 tox|[from] item: Leftovers\n|-damage|p1a: Arboliva|51\/100 tox|[from] psn\n|-sideend|p1: TheFlareDude|move: Tailwind\n|upkeep\n|turn|5\n|inactive|Sach2203 has 120 seconds left.\n|\n|t:|1699385609\n|move|p1b: Murkrow|Tailwind|p1b: Murkrow\n|-sidestart|p1: TheFlareDude|move: Tailwind\n|move|p2a: Tornadus|Tailwind|p2a: Tornadus\n|-sidestart|p2: Sach2203|move: Tailwind\n|move|p2b: Infernape|Acrobatics|p1a: Arboliva\n|-supereffective|p1a: Arboliva\n|-damage|p1a: Arboliva|0 fnt\n|faint|p1a: Arboliva\n|\n|-weather|none\n|-heal|p2b: Infernape|84\/100|[from] Grassy Terrain\n|-heal|p2a: Tornadus|73\/100|[from] item: Leftovers\n|upkeep\n|\n|t:|1699385619\n|switch|p1a: Brute Bonnet|Brute Bonnet, shiny|82\/100 tox\n|turn|6\n|\n|t:|1699385641\n|move|p1a: Brute Bonnet|Sucker Punch|p2a: Tornadus\n|-damage|p2a: Tornadus|32\/100\n|move|p2b: Infernape|U-turn|p1b: Murkrow\n|-damage|p1b: Murkrow|59\/100\n|-enditem|p1b: Murkrow|Red Card|[of] p2b: Infernape\n|drag|p2b: Snorlax|Snorlax, M, shiny|100\/100\n|move|p1b: Murkrow|Icy Wind|p2a: Tornadus|[spread] p2a,p2b\n|-supereffective|p2a: Tornadus\n|-damage|p2a: Tornadus|16\/100\n|-damage|p2b: Snorlax|96\/100\n|-unboost|p2a: Tornadus|spe|1\n|-unboost|p2b: Snorlax|spe|1\n|move|p2a: Tornadus|U-turn|p1a: Brute Bonnet\n|-supereffective|p1a: Brute Bonnet\n|-crit|p1a: Brute Bonnet\n|-damage|p1a: Brute Bonnet|0 fnt\n|faint|p1a: Brute Bonnet\n|-end|p1a: Brute Bonnet|Protosynthesis|[silent]\n|\n|t:|1699385658\n|switch|p2a: Politoed|Politoed, M, shiny|33\/100 slp|[from] U-turn\n|-weather|RainDance|[from] ability: Drizzle|[of] p2a: Politoed\n|\n|-weather|RainDance|[upkeep]\n|-heal|p2a: Politoed|39\/100 slp|[from] Grassy Terrain\n|-heal|p2b: Snorlax|100\/100|[from] Grassy Terrain\n|upkeep\n|inactive|TheFlareDude has 120 seconds left.\n|\n|t:|1699385703\n|switch|p1a: Armarouge|Armarouge, F, shiny|100\/100\n|turn|7\n|\n|t:|1699385719\n|switch|p1a: Dragapult|Dragapult, M, shiny|100\/100\n|move|p1b: Murkrow|Foul Play|p2b: Snorlax\n|-damage|p2b: Snorlax|52\/100\n|cant|p2a: Politoed|slp\n|move|p2b: Snorlax|Crunch|p1a: Dragapult\n|-supereffective|p1a: Dragapult\n|-damage|p1a: Dragapult|29\/100\n|\n|-weather|RainDance|[upkeep]\n|-heal|p1a: Dragapult|35\/100|[from] Grassy Terrain\n|-heal|p2a: Politoed|45\/100 slp|[from] Grassy Terrain\n|-heal|p2b: Snorlax|59\/100|[from] Grassy Terrain\n|-fieldend|move: Grassy Terrain\n|upkeep\n|turn|8\n|inactive|TheFlareDude has 120 seconds left.\n|\n|t:|1699385763\n|move|p1a: Dragapult|U-turn|p2b: Snorlax\n|-damage|p2b: Snorlax|44\/100\n|\n|t:|1699385767\n|switch|p1a: Armarouge|Armarouge, F, shiny|100\/100|[from] U-turn\n|move|p1b: Murkrow|Foul Play|p2b: Snorlax\n|-damage|p2b: Snorlax|0 fnt\n|faint|p2b: Snorlax\n|-curestatus|p2a: Politoed|slp|[msg]\n|move|p2a: Politoed|Weather Ball|p1b: Murkrow\n|-damage|p1b: Murkrow|0 fnt\n|faint|p1b: Murkrow\n|\n|-weather|RainDance|[upkeep]\n|-sideend|p2: Sach2203|move: Tailwind\n|-sideend|p1: TheFlareDude|move: Tailwind\n|upkeep\n|\n|t:|1699385788\n|switch|p1b: Dragapult|Dragapult, M, shiny|35\/100\n|switch|p2b: Kilowattrel|Kilowattrel, F|100\/100\n|turn|9\n|\n|t:|1699385803\n|-terastallize|p1a: Armarouge|Psychic\n|move|p1b: Dragapult|U-turn|p1a: Armarouge\n|-supereffective|p1a: Armarouge\n|-damage|p1a: Armarouge|64\/100\n|-ability|p1a: Armarouge|Weak Armor|boost\n|-unboost|p1a: Armarouge|def|1\n|-boost|p1a: Armarouge|spe|2\n|-enditem|p1a: Armarouge|Weakness Policy\n|-boost|p1a: Armarouge|atk|2|[from] item: Weakness Policy\n|-boost|p1a: Armarouge|spa|2|[from] item: Weakness Policy\n|\n|t:|1699385812\n|switch|p1b: Indeedee|Indeedee-F, F|100\/100|[from] U-turn\n|-fieldstart|move: Psychic Terrain|[from] ability: Psychic Surge|[of] p1b: Indeedee\n|move|p1a: Armarouge|Expanding Force|p2b: Kilowattrel|[spread] p2a,p2b\n|-damage|p2a: Politoed|0 fnt\n|-damage|p2b: Kilowattrel|0 fnt\n|faint|p2a: Politoed\n|faint|p2b: Kilowattrel\n|\n|-weather|RainDance|[upkeep]\n|upkeep\n|\n|t:|1699385825\n|switch|p2b: Goodra|Goodra, M, shiny|59\/100\n|switch|p2a: Tornadus|Tornadus, M|16\/100\n|turn|10\n|\n|t:|1699385836\n|move|p1b: Indeedee|Follow Me|p1b: Indeedee\n|-singleturn|p1b: Indeedee|move: Follow Me\n|move|p2a: Tornadus|Tailwind|p2a: Tornadus\n|-sidestart|p2: Sach2203|move: Tailwind\n|move|p1a: Armarouge|Expanding Force|p2b: Goodra|[spread] p2a,p2b\n|-damage|p2a: Tornadus|0 fnt\n|-damage|p2b: Goodra|0 fnt\n|faint|p2a: Tornadus\n|faint|p2b: Goodra\n|\n|-weather|RainDance|[upkeep]\n|upkeep\n|-message|Sach2203 forfeited.\n|\n|win|TheFlareDude\n|raw|TheFlareDude's rating: 1182 &rarr; <strong>1200<\/strong><br \/>(+18 for winning)\n|raw|Sach2203's rating: 1080 &rarr; <strong>1064<\/strong><br \/>(-16 for losing)\n|l|\u2606Sach2203\n","uploadtime":1699386135,"views":9,"p1id":"theflaredude","p2id":"sach2203","formatid":"gen9doublesou","rating":1064,"private":0,"password":""}