{"id":"gen9doublesou-1993178740","p1":"carambolo","p2":"Foster121505","format":"[Gen 9] Doubles OU","log":"|j|\u2606carambolo\n|j|\u2606Foster121505\n|t:|1700274425\n|gametype|doubles\n|player|p1|carambolo|266|1468\n|player|p2|Foster121505|steven|1471\n|teamsize|p1|6\n|teamsize|p2|6\n|gen|9\n|tier|[Gen 9] Doubles OU\n|rated|\n|rule|Species Clause: Limit one of each Pok\u00e9mon\n|rule|OHKO Clause: OHKO moves are banned\n|rule|Evasion Moves Clause: Evasion moves are banned\n|rule|Gravity Sleep Clause: The combination of sleep-inducing moves with imperfect accuracy and Gravity or Gigantamax Orbeetle are banned\n|rule|Endless Battle Clause: Forcing endless battles is banned\n|rule|HP Percentage Mod: HP is shown in percentages\n|clearpoke\n|poke|p1|Spiritomb, M|\n|poke|p1|Gastrodon, M|\n|poke|p1|Kingambit, M|\n|poke|p1|Hatterene, F|\n|poke|p1|Armarouge, F|\n|poke|p1|Kommo-o, F|\n|poke|p2|Tornadus, M|\n|poke|p2|Iron Hands|\n|poke|p2|Rillaboom, M|\n|poke|p2|Flutter Mane|\n|poke|p2|Ogerpon-Hearthflame, F|\n|poke|p2|Heatran, F|\n|teampreview\n|\n|t:|1700274462\n|start\n|switch|p1a: Spektro|Spiritomb, M|100\/100\n|switch|p1b: Gre\u00f1as|Hatterene, F|100\/100\n|switch|p2a: Tornadus|Tornadus, M|100\/100\n|switch|p2b: Ogerpon|Ogerpon-Hearthflame, F|100\/100\n|-ability|p2b: Ogerpon|Mold Breaker\n|-ability|p1a: Spektro|Pressure\n|turn|1\n|\n|t:|1700274482\n|switch|p1b: Braza|Armarouge, F|100\/100\n|-terastallize|p2b: Ogerpon|Fire\n|detailschange|p2b: Ogerpon|Ogerpon-Hearthflame-Tera, F, tera:Fire\n|-ability|p2b: Ogerpon|Embody Aspect (Hearthflame)|boost\n|-boost|p2b: Ogerpon|atk|1\n|move|p2a: Tornadus|Sunny Day|p2a: Tornadus\n|-weather|SunnyDay\n|move|p2b: Ogerpon|Ivy Cudgel|p1b: Braza|[anim] Ivy Cudgel Fire\n|-start|p1b: Braza|ability: Flash Fire\n|move|p1a: Spektro|Trick Room|p1a: Spektro\n|-fieldstart|move: Trick Room|[of] p1a: Spektro\n|\n|-weather|SunnyDay|[upkeep]\n|upkeep\n|turn|2\n|\n|t:|1700274505\n|switch|p2a: Heatran|Heatran, F|100\/100\n|move|p2b: Ogerpon|Spiky Shield|p2b: Ogerpon\n|-singleturn|p2b: Ogerpon|move: Protect\n|move|p1a: Spektro|Snarl|p2b: Ogerpon|[spread] p2a\n|-activate|p2b: Ogerpon|move: Protect\n|-damage|p2a: Heatran|91\/100\n|-unboost|p2a: Heatran|spa|1\n|move|p1b: Braza|Psyshock|p2b: Ogerpon\n|-activate|p2b: Ogerpon|move: Protect\n|\n|-weather|SunnyDay|[upkeep]\n|upkeep\n|turn|3\n|\n|t:|1700274528\n|switch|p2b: Flutter Mane|Flutter Mane|100\/100\n|-activate|p2b: Flutter Mane|ability: Protosynthesis\n|-start|p2b: Flutter Mane|protosynthesisspa\n|move|p1a: Spektro|Snarl|p2a: Heatran|[spread] p2a,p2b\n|-damage|p2a: Heatran|83\/100\n|-damage|p2b: Flutter Mane|88\/100\n|-unboost|p2a: Heatran|spa|1\n|-unboost|p2b: Flutter Mane|spa|1\n|move|p1b: Braza|Aura Sphere|p2a: Heatran\n|-supereffective|p2a: Heatran\n|-damage|p2a: Heatran|40\/100\n|move|p2a: Heatran|Earth Power|p1b: Braza\n|-supereffective|p1b: Braza\n|-damage|p1b: Braza|60\/100\n|-unboost|p1b: Braza|spd|1\n|\n|-weather|SunnyDay|[upkeep]\n|upkeep\n|turn|4\n|\n|t:|1700274552\n|move|p1a: Spektro|Snarl|p2b: Flutter Mane|[spread] p2a,p2b\n|-damage|p2a: Heatran|32\/100\n|-damage|p2b: Flutter Mane|75\/100\n|-unboost|p2a: Heatran|spa|1\n|-unboost|p2b: Flutter Mane|spa|1\n|move|p1b: Braza|Aura Sphere|p2a: Heatran\n|-supereffective|p2a: Heatran\n|-damage|p2a: Heatran|0 fnt\n|faint|p2a: Heatran\n|move|p2b: Flutter Mane|Dazzling Gleam|p1a: Spektro|[spread] p1a,p1b\n|-supereffective|p1a: Spektro\n|-resisted|p1b: Braza\n|-damage|p1a: Spektro|58\/100\n|-damage|p1b: Braza|40\/100\n|\n|-weather|SunnyDay|[upkeep]\n|-heal|p1a: Spektro|64\/100|[from] item: Leftovers\n|upkeep\n|\n|t:|1700274566\n|switch|p2a: Iron Hands|Iron Hands|100\/100\n|turn|5\n|\n|t:|1700274585\n|move|p1a: Spektro|Will-O-Wisp|p2a: Iron Hands\n|-status|p2a: Iron Hands|brn\n|move|p2a: Iron Hands|Thunder Punch|p1b: Braza\n|-damage|p1b: Braza|22\/100\n|move|p1b: Braza|Heat Wave|p2b: Flutter Mane|[spread] p2a,p2b\n|-damage|p2a: Iron Hands|37\/100 brn\n|-damage|p2b: Flutter Mane|0 fnt\n|-enditem|p2a: Iron Hands|Sitrus Berry|[eat]\n|-heal|p2a: Iron Hands|62\/100 brn|[from] item: Sitrus Berry\n|faint|p2b: Flutter Mane\n|-end|p2b: Flutter Mane|Protosynthesis|[silent]\n|\n|-weather|none\n|-heal|p1a: Spektro|70\/100|[from] item: Leftovers\n|-damage|p2a: Iron Hands|55\/100 brn|[from] brn\n|-fieldend|move: Trick Room\n|upkeep\n|\n|t:|1700274600\n|switch|p2b: Ogerpon|Ogerpon-Hearthflame-Tera, F, tera:Fire|100\/100\n|-ability|p2b: Ogerpon|Embody Aspect (Hearthflame)|boost\n|-boost|p2b: Ogerpon|atk|1\n|turn|6\n|\n|t:|1700274609\n|move|p2b: Ogerpon|Horn Leech|p1b: Braza\n|-resisted|p1b: Braza\n|-damage|p1b: Braza|0 fnt\n|faint|p1b: Braza\n|move|p2a: Iron Hands|Thunder Punch|p1a: Spektro\n|-crit|p1a: Spektro\n|-damage|p1a: Spektro|42\/100\n|move|p1a: Spektro|Trick Room|p1a: Spektro\n|-fieldstart|move: Trick Room|[of] p1a: Spektro\n|\n|-heal|p1a: Spektro|48\/100|[from] item: Leftovers\n|-damage|p2a: Iron Hands|49\/100 brn|[from] brn\n|upkeep\n|\n|t:|1700274633\n|switch|p1b: Trujo|Gastrodon, M|100\/100\n|turn|7\n|\n|t:|1700274645\n|-terastallize|p1b: Trujo|Fire\n|move|p1a: Spektro|Hex|p2a: Iron Hands\n|-damage|p2a: Iron Hands|13\/100 brn\n|move|p1b: Trujo|Earth Power|p2b: Ogerpon\n|-supereffective|p2b: Ogerpon\n|-damage|p2b: Ogerpon|15\/100\n|move|p2a: Iron Hands|Fire Punch|p1a: Spektro\n|-damage|p1a: Spektro|36\/100\n|move|p2b: Ogerpon|Horn Leech|p1b: Trujo\n|-resisted|p1b: Trujo\n|-damage|p1b: Trujo|65\/100\n|-heal|p2b: Ogerpon|37\/100|[from] drain|[of] p1b: Trujo\n|\n|-heal|p1a: Spektro|42\/100|[from] item: Leftovers\n|-damage|p2a: Iron Hands|7\/100 brn|[from] brn\n|upkeep\n|turn|8\n|\n|t:|1700274666\n|move|p2b: Ogerpon|Spiky Shield|p2b: Ogerpon\n|-singleturn|p2b: Ogerpon|move: Protect\n|move|p1a: Spektro|Snarl|p2b: Ogerpon|[spread] p2a\n|-activate|p2b: Ogerpon|move: Protect\n|-resisted|p2a: Iron Hands\n|-damage|p2a: Iron Hands|2\/100 brn\n|-unboost|p2a: Iron Hands|spa|1\n|move|p1b: Trujo|Muddy Water|p2b: Ogerpon|[spread] p2a\n|-activate|p2b: Ogerpon|move: Protect\n|-damage|p2a: Iron Hands|0 fnt\n|faint|p2a: Iron Hands\n|-end|p2a: Iron Hands|Quark Drive|[silent]\n|-heal|p1b: Trujo|65\/100|[from] item: Shell Bell|[of] p2b: Ogerpon\n|\n|-heal|p1a: Spektro|48\/100|[from] item: Leftovers\n|upkeep\n|\n|t:|1700274680\n|switch|p2a: Tornadus|Tornadus, M|100\/100\n|turn|9\n|\n|t:|1700274688\n|switch|p2b: Rillaboom|Rillaboom, M|100\/100\n|-fieldstart|move: Grassy Terrain|[from] ability: Grassy Surge|[of] p2b: Rillaboom\n|move|p1a: Spektro|Hex|p2b: Rillaboom\n|-damage|p2b: Rillaboom|83\/100\n|move|p1b: Trujo|Muddy Water|p2b: Rillaboom|[spread] p2a,p2b\n|-resisted|p2b: Rillaboom\n|-damage|p2a: Tornadus|67\/100\n|-damage|p2b: Rillaboom|71\/100\n|-heal|p1b: Trujo|70\/100|[from] item: Shell Bell|[of] p2b: Rillaboom\n|move|p2a: Tornadus|Bleakwind Storm|p1a: Spektro|[spread] p1a,p1b\n|-damage|p1a: Spektro|19\/100\n|-damage|p1b: Trujo|40\/100\n|-unboost|p1a: Spektro|spe|1\n|-unboost|p1b: Trujo|spe|1\n|\n|-heal|p1a: Spektro|25\/100|[from] Grassy Terrain\n|-heal|p1a: Spektro|31\/100|[from] item: Leftovers\n|-heal|p1b: Trujo|46\/100|[from] Grassy Terrain\n|-heal|p2b: Rillaboom|77\/100|[from] Grassy Terrain\n|upkeep\n|turn|10\n|\n|t:|1700274710\n|switch|p1b: Bigotes|Kingambit, M|100\/100\n|move|p2b: Rillaboom|Grassy Glide|p1b: Bigotes\n|-resisted|p1b: Bigotes\n|-damage|p1b: Bigotes|87\/100\n|move|p1a: Spektro|Will-O-Wisp|p2b: Rillaboom\n|-status|p2b: Rillaboom|brn\n|move|p2a: Tornadus|Bleakwind Storm|p1b: Bigotes|[spread] p1a,p1b\n|-resisted|p1b: Bigotes\n|-damage|p1a: Spektro|2\/100\n|-damage|p1b: Bigotes|77\/100\n|\n|-heal|p1a: Spektro|8\/100|[from] Grassy Terrain\n|-heal|p1a: Spektro|14\/100|[from] item: Leftovers\n|-heal|p1b: Bigotes|83\/100|[from] Grassy Terrain\n|-heal|p2b: Rillaboom|83\/100 brn|[from] Grassy Terrain\n|-damage|p2b: Rillaboom|77\/100 brn|[from] brn\n|-fieldend|move: Trick Room\n|upkeep\n|turn|11\n|c|\u2606Foster121505|lo de bigotes es por xamrk?\n|\n|t:|1700274740\n|move|p2a: Tornadus|Tailwind|p2a: Tornadus\n|-sidestart|p2: Foster121505|move: Tailwind\n|move|p1b: Bigotes|Sucker Punch||[still]\n|-fail|p1b: Bigotes\n|move|p2b: Rillaboom|Drain Punch|p1b: Bigotes\n|-supereffective|p1b: Bigotes\n|-damage|p1b: Bigotes|44\/100\n|-heal|p2b: Rillaboom|97\/100 brn|[from] drain|[of] p1b: Bigotes\n|move|p1a: Spektro|Trick Room|p1a: Spektro\n|-fieldstart|move: Trick Room|[of] p1a: Spektro\n|\n|-heal|p1a: Spektro|20\/100|[from] Grassy Terrain\n|-heal|p1a: Spektro|26\/100|[from] item: Leftovers\n|-heal|p1b: Bigotes|50\/100|[from] Grassy Terrain\n|-heal|p2b: Rillaboom|100\/100 brn|[from] Grassy Terrain\n|-damage|p2b: Rillaboom|94\/100 brn|[from] brn\n|upkeep\n|turn|12\n|\n|t:|1700274756\n|move|p1a: Spektro|Snarl|p2a: Tornadus|[spread] p2a,p2b\n|-damage|p2a: Tornadus|51\/100\n|-damage|p2b: Rillaboom|84\/100 brn\n|-unboost|p2b: Rillaboom|spa|1\n|move|p1b: Bigotes|Iron Head|p2b: Rillaboom\n|-damage|p2b: Rillaboom|38\/100 brn\n|move|p2b: Rillaboom|Drain Punch|p1b: Bigotes\n|-supereffective|p1b: Bigotes\n|-damage|p1b: Bigotes|9\/100\n|-heal|p2b: Rillaboom|58\/100 brn|[from] drain|[of] p1b: Bigotes\n|move|p2a: Tornadus|Bleakwind Storm|p1b: Bigotes|[spread] p1a,p1b\n|-resisted|p1b: Bigotes\n|-damage|p1a: Spektro|0 fnt\n|-damage|p1b: Bigotes|0 fnt\n|faint|p1a: Spektro\n|faint|p1b: Bigotes\n|\n|-heal|p2b: Rillaboom|65\/100 brn|[from] Grassy Terrain\n|-damage|p2b: Rillaboom|58\/100 brn|[from] brn\n|upkeep\n|l|\u2606carambolo\n|player|p1|\n|j|\u2606carambolo\n|player|p1|carambolo|266\n|\n|t:|1700274833\n|switch|p1a: Trujo|Gastrodon, M, tera:Fire|46\/100\n|switch|p1b: Gre\u00f1as|Hatterene, F|100\/100\n|turn|13\n|\n|t:|1700274846\n|move|p2b: Rillaboom|Grassy Glide|p1b: Gre\u00f1as\n|-damage|p1b: Gre\u00f1as|81\/100\n|move|p1b: Gre\u00f1as|Life Dew|p1b: Gre\u00f1as|[spread] p1b\n|-ability|p1a: Trujo|Storm Drain|boost\n|-boost|p1a: Trujo|spa|1\n|-heal|p1b: Gre\u00f1as|100\/100\n|move|p1a: Trujo|Tera Blast|p2b: Rillaboom|[anim] Tera Blast Fire\n|-supereffective|p2b: Rillaboom\n|-damage|p2b: Rillaboom|0 fnt\n|faint|p2b: Rillaboom\n|-heal|p1a: Trujo|54\/100|[from] item: Shell Bell|[of] p2: Rillaboom\n|move|p2a: Tornadus|Bleakwind Storm|p1a: Trujo|[spread] p1a,p1b\n|-damage|p1a: Trujo|25\/100\n|-damage|p1b: Gre\u00f1as|71\/100\n|\n|-heal|p1b: Gre\u00f1as|77\/100|[from] Grassy Terrain\n|-heal|p1a: Trujo|31\/100|[from] Grassy Terrain\n|-fieldend|move: Grassy Terrain\n|upkeep\n|\n|t:|1700274864\n|switch|p2b: Ogerpon|Ogerpon-Hearthflame-Tera, F, tera:Fire|37\/100\n|-ability|p2b: Ogerpon|Embody Aspect (Hearthflame)|boost\n|-boost|p2b: Ogerpon|atk|1\n|turn|14\n|\n|t:|1700274878\n|move|p2b: Ogerpon|Spiky Shield|p2b: Ogerpon\n|-singleturn|p2b: Ogerpon|move: Protect\n|move|p1b: Gre\u00f1as|Dazzling Gleam|p2b: Ogerpon|[spread] p2a\n|-activate|p2b: Ogerpon|move: Protect\n|-damage|p2a: Tornadus|14\/100\n|move|p1a: Trujo|Earth Power|p2b: Ogerpon\n|-activate|p2b: Ogerpon|move: Protect\n|move|p2a: Tornadus|Bleakwind Storm|p1a: Trujo|[spread] p1a\n|-miss|p2a: Tornadus|p1b: Gre\u00f1as\n|-damage|p1a: Trujo|0 fnt\n|faint|p1a: Trujo\n|\n|-sideend|p2: Foster121505|move: Tailwind\n|upkeep\n|\n|t:|1700274886\n|switch|p1a: Kommo-o|Kommo-o, F|100\/100\n|turn|15\n|\n|t:|1700274902\n|move|p2b: Ogerpon|Spiky Shield||[still]\n|-fail|p2b: Ogerpon\n|move|p1b: Gre\u00f1as|Dazzling Gleam|p2b: Ogerpon|[spread] p2a,p2b\n|-resisted|p2b: Ogerpon\n|-damage|p2a: Tornadus|0 fnt\n|-damage|p2b: Ogerpon|20\/100\n|faint|p2a: Tornadus\n|move|p1a: Kommo-o|Drain Punch|p2b: Ogerpon\n|-damage|p2b: Ogerpon|0 fnt\n|faint|p2b: Ogerpon\n|\n|win|carambolo\n|raw|carambolo's rating: 1468 &rarr; <strong>1488<\/strong><br \/>(+20 for winning)\n|raw|Foster121505's rating: 1471 &rarr; <strong>1451<\/strong><br \/>(-20 for losing)\n|l|\u2606Foster121505\n","uploadtime":1700274948,"views":10,"p1id":"carambolo","p2id":"foster121505","formatid":"gen9doublesou","rating":1451,"private":0,"password":""}