{"id":"gen9doublesou-1982281701","p1":"ios90","p2":"Metal Jester","format":"[Gen 9] Doubles OU","log":"|j|\u2606ios90\n|j|\u2606Metal Jester\n|t:|1698989322\n|gametype|doubles\n|player|p1|ios90|giovanni|1141\n|player|p2|Metal Jester|ingo|1223\n|teamsize|p1|6\n|teamsize|p2|6\n|gen|9\n|tier|[Gen 9] Doubles OU\n|rated|\n|rule|Species Clause: Limit one of each Pok\u00e9mon\n|rule|OHKO Clause: OHKO moves are banned\n|rule|Evasion Moves Clause: Evasion moves are banned\n|rule|Gravity Sleep Clause: The combination of sleep-inducing moves with imperfect accuracy and Gravity or Gigantamax Orbeetle are banned\n|rule|Endless Battle Clause: Forcing endless battles is banned\n|rule|HP Percentage Mod: HP is shown in percentages\n|clearpoke\n|poke|p1|Fezandipiti, M|\n|poke|p1|Amoonguss, F|\n|poke|p1|Chi-Yu|\n|poke|p1|Ninetales-Alola, M|\n|poke|p1|Cresselia, F|\n|poke|p1|Grimmsnarl, M|\n|poke|p2|Scizor, M|\n|poke|p2|Scyther, M|\n|poke|p2|Kleavor, M|\n|poke|p2|Volcarona, F|\n|poke|p2|Vivillon-Fancy, F|\n|poke|p2|Great Tusk|\n|teampreview\n|inactive|Battle timer is ON: inactive players will automatically lose when time's up. (requested by Metal Jester)\n|\n|t:|1698989332\n|start\n|switch|p1a: Fezandipiti|Fezandipiti, M|100\/100\n|switch|p1b: Grimmsnarl|Grimmsnarl, M|100\/100\n|switch|p2a: Scyther|Scyther, M|100\/100\n|switch|p2b: Vivillon|Vivillon-Fancy, F, shiny|100\/100\n|turn|1\n|\n|t:|1698989351\n|move|p1b: Grimmsnarl|Fake Out|p2b: Vivillon\n|-damage|p2b: Vivillon|76\/100\n|move|p2a: Scyther|Tailwind|p2a: Scyther\n|-sidestart|p2: Metal Jester|move: Tailwind\n|cant|p2b: Vivillon|flinch\n|move|p1a: Fezandipiti|Icy Wind|p2b: Vivillon|[spread] p2a\n|-miss|p1a: Fezandipiti|p2b: Vivillon\n|-supereffective|p2a: Scyther\n|-damage|p2a: Scyther|88\/100\n|-unboost|p2a: Scyther|spe|1\n|\n|upkeep\n|turn|2\n|\n|t:|1698989371\n|move|p1b: Grimmsnarl|Taunt|p2b: Vivillon\n|-start|p2b: Vivillon|move: Taunt\n|cant|p2b: Vivillon|move: Taunt|Sleep Powder\n|move|p2a: Scyther|U-turn|p1b: Grimmsnarl\n|-damage|p1b: Grimmsnarl|58\/100\n|\n|t:|1698989379\n|switch|p2a: Scizor|Scizor, M|100\/100|[from] U-turn\n|move|p1a: Fezandipiti|Icy Wind|p2a: Scizor|[spread] p2a,p2b\n|-resisted|p2a: Scizor\n|-supereffective|p2b: Vivillon\n|-damage|p2a: Scizor|96\/100\n|-damage|p2b: Vivillon|47\/100\n|-unboost|p2a: Scizor|spe|1\n|-unboost|p2b: Vivillon|spe|1\n|\n|-heal|p1b: Grimmsnarl|64\/100|[from] item: Leftovers\n|upkeep\n|turn|3\n|\n|t:|1698989393\n|move|p1b: Grimmsnarl|Parting Shot|p2a: Scizor\n|-unboost|p2a: Scizor|atk|1\n|-unboost|p2a: Scizor|spa|1\n|\n|t:|1698989398\n|switch|p1b: Amoonguss|Amoonguss, F|100\/100|[from] Parting Shot\n|move|p2b: Vivillon|Hurricane|p1b: Amoonguss\n|-supereffective|p1b: Amoonguss\n|-damage|p1b: Amoonguss|21\/100\n|move|p1a: Fezandipiti|Icy Wind|p2a: Scizor|[spread] p2a,p2b\n|-resisted|p2a: Scizor\n|-supereffective|p2b: Vivillon\n|-damage|p2a: Scizor|92\/100\n|-damage|p2b: Vivillon|20\/100\n|-unboost|p2a: Scizor|spe|1\n|-unboost|p2b: Vivillon|spe|1\n|move|p2a: Scizor|Swords Dance|p2a: Scizor\n|-boost|p2a: Scizor|atk|2\n|\n|-heal|p1b: Amoonguss|28\/100|[from] item: Leftovers\n|upkeep\n|turn|4\n|\n|t:|1698989411\n|switch|p1b: Ninetales|Ninetales-Alola, M|100\/100\n|-weather|Snow|[from] ability: Snow Warning|[of] p1b: Ninetales\n|move|p2a: Scizor|Bullet Punch|p1a: Fezandipiti\n|-supereffective|p1a: Fezandipiti\n|-damage|p1a: Fezandipiti|5\/100\n|-damage|p2a: Scizor|82\/100|[from] item: Life Orb\n|move|p2b: Vivillon|Hurricane|p1b: Ninetales\n|-damage|p1b: Ninetales|52\/100\n|move|p1a: Fezandipiti|Icy Wind|p2b: Vivillon|[spread] p2b\n|-miss|p1a: Fezandipiti|p2a: Scizor\n|-supereffective|p2b: Vivillon\n|-damage|p2b: Vivillon|0 fnt\n|faint|p2b: Vivillon\n|\n|-weather|Snow|[upkeep]\n|-heal|p1a: Fezandipiti|12\/100|[from] item: Leftovers\n|-sideend|p2: Metal Jester|move: Tailwind\n|upkeep\n|\n|t:|1698989435\n|switch|p2b: Scyther|Scyther, M|88\/100\n|turn|5\n|\n|t:|1698989449\n|switch|p1a: Cresselia|Cresselia, F|100\/100\n|-terastallize|p2b: Scyther|Fighting\n|move|p2a: Scizor|Bullet Punch|p1b: Ninetales\n|-supereffective|p1b: Ninetales\n|-damage|p1b: Ninetales|0 fnt\n|faint|p1b: Ninetales\n|-damage|p2a: Scizor|72\/100|[from] item: Life Orb\n|move|p2b: Scyther|Tailwind|p2b: Scyther\n|-sidestart|p2: Metal Jester|move: Tailwind\n|\n|-weather|Snow|[upkeep]\n|upkeep\n|\n|t:|1698989463\n|switch|p1b: Chi-Yu|Chi-Yu|100\/100\n|-ability|p1b: Chi-Yu|Beads of Ruin\n|turn|6\n|\n|t:|1698989476\n|move|p2b: Scyther|Close Combat|p1b: Chi-Yu\n|-supereffective|p1b: Chi-Yu\n|-damage|p1b: Chi-Yu|0 fnt\n|-unboost|p2b: Scyther|def|1\n|-unboost|p2b: Scyther|spd|1\n|faint|p1b: Chi-Yu\n|move|p1a: Cresselia|Lunar Blessing||[still]\n|-fail|p1a: Cresselia\n|move|p2a: Scizor|U-turn|p1a: Cresselia\n|-supereffective|p1a: Cresselia\n|-damage|p1a: Cresselia|2\/100\n|-damage|p2a: Scizor|62\/100|[from] item: Life Orb\n|-message|ios90 forfeited.\n|\n|win|Metal Jester\n|raw|ios90's rating: 1141 &rarr; <strong>1122<\/strong><br \/>(-19 for losing)\n|raw|Metal Jester's rating: 1223 &rarr; <strong>1242<\/strong><br \/>(+19 for winning)\n|l|\u2606ios90\n","uploadtime":1698989488,"views":31,"p1id":"ios90","p2id":"metaljester","formatid":"gen9doublesou","rating":1122,"private":0,"password":""}