{"id":"gen9doublesou-1997631652","p1":"vegetasfeet","p2":"YungHurn1220","format":"[Gen 9] Doubles OU","log":"|j|\u2606vegetasfeet\n|j|\u2606YungHurn1220\n|t:|1700835317\n|gametype|doubles\n|player|p1|vegetasfeet|brycen|1332\n|player|p2|YungHurn1220|2|1299\n|teamsize|p1|6\n|teamsize|p2|6\n|gen|9\n|tier|[Gen 9] Doubles OU\n|rated|\n|rule|Species Clause: Limit one of each Pok\u00e9mon\n|rule|OHKO Clause: OHKO moves are banned\n|rule|Evasion Moves Clause: Evasion moves are banned\n|rule|Gravity Sleep Clause: The combination of sleep-inducing moves with imperfect accuracy and Gravity or Gigantamax Orbeetle are banned\n|rule|Endless Battle Clause: Forcing endless battles is banned\n|rule|HP Percentage Mod: HP is shown in percentages\n|clearpoke\n|poke|p1|Kingambit, F|\n|poke|p1|Goodra-Hisui, M|\n|poke|p1|Flutter Mane|\n|poke|p1|Rillaboom, M|\n|poke|p1|Dragonite, M|\n|poke|p1|Iron Hands|\n|poke|p2|Heatran, F|\n|poke|p2|Beartic, F|\n|poke|p2|Sinistcha|\n|poke|p2|Slowking, F|\n|poke|p2|Indeedee-F, F|\n|poke|p2|Abomasnow, M|\n|teampreview\n|inactive|Battle timer is ON: inactive players will automatically lose when time's up. (requested by YungHurn1220)\n|\n|t:|1700835345\n|start\n|switch|p1a: Kingambit|Kingambit, F|100\/100\n|switch|p1b: Rillaboom|Rillaboom, M|100\/100\n|switch|p2a: Indeedee|Indeedee-F, F|100\/100\n|switch|p2b: Abomasnow|Abomasnow, M|100\/100\n|-fieldstart|move: Grassy Terrain|[from] ability: Grassy Surge|[of] p1b: Rillaboom\n|-fieldstart|move: Psychic Terrain|[from] ability: Psychic Surge|[of] p2a: Indeedee\n|-weather|Snow|[from] ability: Snow Warning|[of] p2b: Abomasnow\n|turn|1\n|\n|t:|1700835361\n|move|p1a: Kingambit|Protect|p1a: Kingambit\n|-singleturn|p1a: Kingambit|Protect\n|move|p2a: Indeedee|Follow Me|p2a: Indeedee\n|-singleturn|p2a: Indeedee|move: Follow Me\n|move|p1b: Rillaboom|U-turn|p2a: Indeedee\n|-supereffective|p2a: Indeedee\n|-damage|p2a: Indeedee|28\/100\n|\n|t:|1700835368\n|switch|p1b: Flutter Mane|Flutter Mane|100\/100|[from] U-turn\n|move|p2b: Abomasnow|Aurora Veil|p2b: Abomasnow\n|-sidestart|p2: YungHurn1220|move: Aurora Veil\n|\n|-weather|Snow|[upkeep]\n|upkeep\n|turn|2\n|\n|t:|1700835385\n|switch|p1a: Rillaboom|Rillaboom, M|100\/100\n|-fieldstart|move: Grassy Terrain|[from] ability: Grassy Surge|[of] p1a: Rillaboom\n|-enditem|p1b: Flutter Mane|Grassy Seed\n|-boost|p1b: Flutter Mane|def|1|[from] item: Grassy Seed\n|move|p1b: Flutter Mane|Dazzling Gleam|p2a: Indeedee|[spread] p2a,p2b\n|-crit|p2a: Indeedee\n|-damage|p2a: Indeedee|0 fnt\n|-damage|p2b: Abomasnow|79\/100\n|faint|p2a: Indeedee\n|move|p2b: Abomasnow|Blizzard|p1a: Rillaboom|[spread] p1a,p1b\n|-supereffective|p1a: Rillaboom\n|-damage|p1a: Rillaboom|45\/100\n|-damage|p1b: Flutter Mane|70\/100\n|\n|-weather|Snow|[upkeep]\n|-heal|p1b: Flutter Mane|76\/100|[from] Grassy Terrain\n|-heal|p1a: Rillaboom|51\/100|[from] Grassy Terrain\n|-heal|p2b: Abomasnow|85\/100|[from] Grassy Terrain\n|upkeep\n|\n|t:|1700835394\n|switch|p2a: Sinistcha|Sinistcha|100\/100\n|-heal|p2b: Abomasnow|100\/100|[from] ability: Hospitality|[of] p2a: Sinistcha\n|turn|3\n|\n|t:|1700835404\n|move|p1b: Flutter Mane|Shadow Ball|p2a: Sinistcha\n|-supereffective|p2a: Sinistcha\n|-damage|p2a: Sinistcha|40\/100\n|move|p1a: Rillaboom|Brick Break|p2b: Abomasnow\n|-sideend|p2: YungHurn1220|move: Aurora Veil\n|-supereffective|p2b: Abomasnow\n|-damage|p2b: Abomasnow|58\/100\n|move|p2b: Abomasnow|Blizzard|p1a: Rillaboom|[spread] p1a,p1b\n|-supereffective|p1a: Rillaboom\n|-damage|p1a: Rillaboom|0 fnt\n|-damage|p1b: Flutter Mane|43\/100\n|faint|p1a: Rillaboom\n|move|p2a: Sinistcha|Trick Room|p2a: Sinistcha\n|-fieldstart|move: Trick Room|[of] p2a: Sinistcha\n|\n|-weather|Snow|[upkeep]\n|-heal|p2b: Abomasnow|64\/100|[from] Grassy Terrain\n|-heal|p2a: Sinistcha|46\/100|[from] Grassy Terrain\n|-heal|p1b: Flutter Mane|49\/100|[from] Grassy Terrain\n|upkeep\n|\n|t:|1700835415\n|switch|p1a: Iron Hands|Iron Hands|100\/100\n|-enditem|p1a: Iron Hands|Booster Energy\n|-activate|p1a: Iron Hands|ability: Quark Drive|[fromitem]\n|-start|p1a: Iron Hands|quarkdriveatk\n|turn|4\n|\n|t:|1700835433\n|-end|p1b: Flutter Mane|Protosynthesis|[silent]\n|switch|p1b: Kingambit|Kingambit, F|100\/100\n|move|p2b: Abomasnow|Aurora Veil|p2b: Abomasnow\n|-sidestart|p2: YungHurn1220|move: Aurora Veil\n|move|p1a: Iron Hands|Ice Punch|p2a: Sinistcha\n|-supereffective|p2a: Sinistcha\n|-damage|p2a: Sinistcha|0 fnt\n|faint|p2a: Sinistcha\n|\n|-weather|Snow|[upkeep]\n|-heal|p2b: Abomasnow|70\/100|[from] Grassy Terrain\n|upkeep\n|\n|t:|1700835448\n|switch|p2a: Heatran|Heatran, F|100\/100\n|turn|5\n|\n|t:|1700835459\n|move|p2b: Abomasnow|Blizzard|p1a: Iron Hands|[spread] p1a,p1b\n|-resisted|p1b: Kingambit\n|-damage|p1a: Iron Hands|67\/100\n|-damage|p1b: Kingambit|85\/100\n|move|p1b: Kingambit|Kowtow Cleave|p2a: Heatran\n|-damage|p2a: Heatran|62\/100\n|-damage|p1b: Kingambit|75\/100|[from] item: Life Orb\n|move|p1a: Iron Hands|Close Combat|p2a: Heatran\n|-supereffective|p2a: Heatran\n|-damage|p2a: Heatran|0 fnt\n|-unboost|p1a: Iron Hands|def|1\n|-unboost|p1a: Iron Hands|spd|1\n|faint|p2a: Heatran\n|\n|-weather|none\n|-heal|p2b: Abomasnow|76\/100|[from] Grassy Terrain\n|-heal|p1b: Kingambit|81\/100|[from] Grassy Terrain\n|-heal|p1a: Iron Hands|73\/100|[from] Grassy Terrain\n|upkeep\n|-message|YungHurn1220 forfeited.\n|\n|win|vegetasfeet\n|raw|vegetasfeet's rating: 1332 &rarr; <strong>1350<\/strong><br \/>(+18 for winning)\n|raw|YungHurn1220's rating: 1299 &rarr; <strong>1276<\/strong><br \/>(-23 for losing)\n|l|\u2606YungHurn1220\n","uploadtime":1700835477,"views":8,"p1id":"vegetasfeet","p2id":"yunghurn1220","formatid":"gen9doublesou","rating":1276,"private":0,"password":""}