{"id":"gen9doublesou-1998541061","p1":"Flinchhaxisgreat","p2":"brockpewtercitygym","format":"[Gen 9] Doubles OU","log":"|j|\u2606Flinchhaxisgreat\n|j|\u2606brockpewtercitygym\n|inactive|Battle timer is ON: inactive players will automatically lose when time's up.\n|t:|1700954099\n|gametype|doubles\n|player|p1|Flinchhaxisgreat|ethan-pokeathlon|\n|player|p2|brockpewtercitygym|brock|\n|teamsize|p1|6\n|teamsize|p2|6\n|gen|9\n|tier|[Gen 9] Doubles OU\n|rated|Tournament battle\n|rule|Species Clause: Limit one of each Pok\u00e9mon\n|rule|OHKO Clause: OHKO moves are banned\n|rule|Evasion Moves Clause: Evasion moves are banned\n|rule|Gravity Sleep Clause: The combination of sleep-inducing moves with imperfect accuracy and Gravity or Gigantamax Orbeetle are banned\n|rule|Endless Battle Clause: Forcing endless battles is banned\n|rule|HP Percentage Mod: HP is shown in percentages\n|clearpoke\n|poke|p1|Mandibuzz, F|\n|poke|p1|Snorlax, F|\n|poke|p1|Aipom, F|\n|poke|p1|Typhlosion-Hisui, M|\n|poke|p1|Greninja-*, M|\n|poke|p1|Grafaiai, M|\n|poke|p2|Gumshoos, M|\n|poke|p2|Lilligant-Hisui, F|\n|poke|p2|Bronzong|\n|poke|p2|Maushold|\n|poke|p2|Floatzel, M|\n|poke|p2|Kommo-o, F|\n|teampreview\n|j|*Lady Monita \u2746\n|\n|t:|1700954121\n|start\n|switch|p1a: Typhlosion|Typhlosion-Hisui, M|100\/100\n|switch|p1b: Greninja|Greninja, M|100\/100\n|switch|p2a: Bronzong|Bronzong|100\/100\n|switch|p2b: trump|Gumshoos, M|100\/100\n|turn|1\n|j| Brooklynn_Jiji\n|\n|t:|1700954134\n|-terastallize|p1a: Typhlosion|Fire\n|move|p2b: trump|Protect|p2b: trump\n|-singleturn|p2b: trump|Protect\n|move|p1a: Typhlosion|Eruption|p2a: Bronzong|[spread] p2a\n|-activate|p2b: trump|move: Protect\n|-supereffective|p2a: Bronzong\n|-damage|p2a: Bronzong|48\/100\n|move|p1b: Greninja|Hydro Pump|p2b: trump\n|-activate|p2b: trump|move: Protect\n|move|p2a: Bronzong|Trick Room|p2a: Bronzong\n|-fieldstart|move: Trick Room|[of] p2a: Bronzong\n|\n|upkeep\n|turn|2\n|c| Brooklynn_Jiji|kick his ass brock!\n|\n|t:|1700954154\n|switch|p1a: Mandibuzz|Mandibuzz, F|100\/100\n|move|p2a: Bronzong|Helping Hand|p2b: trump\n|-singleturn|p2b: trump|Helping Hand|[of] p2a: Bronzong\n|move|p2b: trump|Last Resort|p1a: Mandibuzz\n|-damage|p1a: Mandibuzz|0 fnt\n|faint|p1a: Mandibuzz\n|move|p1b: Greninja|Hydro Pump|p2b: trump\n|-damage|p2b: trump|33\/100\n|\n|upkeep\n|\n|t:|1700954168\n|switch|p1a: Aipom|Aipom, F|100\/100\n|turn|3\n|\n|t:|1700954173\n|move|p2b: trump|Protect|p2b: trump\n|-singleturn|p2b: trump|Protect\n|move|p1a: Aipom|Fake Out|p2b: trump\n|-activate|p2b: trump|move: Protect\n|move|p2a: Bronzong|Confuse Ray|p1b: Greninja\n|-start|p1b: Greninja|confusion\n|-activate|p1b: Greninja|confusion\n|-damage|p1b: Greninja|83\/100|[from] confusion\n|\n|upkeep\n|turn|4\n|\n|t:|1700954190\n|switch|p1b: Grafaiai|Grafaiai, M|100\/100\n|move|p1a: Aipom|Protect|p1a: Aipom\n|-singleturn|p1a: Aipom|Protect\n|move|p2a: Bronzong|Confuse Ray|p1a: Aipom\n|-activate|p1a: Aipom|move: Protect\n|move|p2b: trump|Last Resort|p1b: Grafaiai\n|-damage|p1b: Grafaiai|0 fnt\n|faint|p1b: Grafaiai\n|\n|upkeep\n|\n|t:|1700954197\n|switch|p1b: Snorlax|Snorlax, F|100\/100\n|turn|5\n|\n|t:|1700954212\n|move|p1b: Snorlax|Protect|p1b: Snorlax\n|-singleturn|p1b: Snorlax|Protect\n|move|p2a: Bronzong|Confuse Ray|p1b: Snorlax\n|-activate|p1b: Snorlax|move: Protect\n|move|p2b: trump|Last Resort|p1a: Aipom\n|-enditem|p1a: Aipom|Focus Sash\n|-damage|p1a: Aipom|1\/100\n|move|p1a: Aipom|Fury Swipes|p2b: trump\n|-damage|p2b: trump|24\/100\n|-damage|p2b: trump|15\/100\n|-damage|p2b: trump|7\/100\n|-damage|p2b: trump|0 fnt\n|faint|p2b: trump\n|-hitcount|p2: trump|4\n|\n|-fieldend|move: Trick Room\n|upkeep\n|\n|t:|1700954218\n|switch|p2b: Lilligant|Lilligant-Hisui, F|100\/100\n|turn|6\n|\n|t:|1700954238\n|switch|p1b: Greninja|Greninja, M|83\/100\n|move|p2b: Lilligant|Petal Blizzard|p1b: Greninja|[spread] p2a,p1a,p1b\n|-resisted|p2a: Bronzong\n|-supereffective|p1b: Greninja\n|-damage|p2a: Bronzong|24\/100\n|-damage|p1a: Aipom|0 fnt\n|-damage|p1b: Greninja|0 fnt\n|faint|p1a: Aipom\n|faint|p1b: Greninja\n|move|p2a: Bronzong|Confuse Ray|p1: Aipom|[notarget]\n|-fail|p2a: Bronzong\n|\n|upkeep\n|\n|t:|1700954245\n|switch|p1b: Snorlax|Snorlax, F|100\/100\n|switch|p1a: Typhlosion|Typhlosion-Hisui, M, tera:Fire|100\/100\n|turn|7\n|\n|t:|1700954252\n|move|p2a: Bronzong|Helping Hand|p2b: Lilligant\n|-singleturn|p2b: Lilligant|Helping Hand|[of] p2a: Bronzong\n|move|p1a: Typhlosion|Eruption|p2a: Bronzong|[spread] p2a,p2b\n|-supereffective|p2a: Bronzong\n|-supereffective|p2b: Lilligant\n|-damage|p2a: Bronzong|0 fnt\n|-damage|p2b: Lilligant|0 fnt\n|faint|p2a: Bronzong\n|faint|p2b: Lilligant\n|move|p1b: Snorlax|Belly Drum|p1b: Snorlax\n|-damage|p1b: Snorlax|50\/100\n|-setboost|p1b: Snorlax|atk|6|[from] move: Belly Drum\n|-enditem|p1b: Snorlax|Sitrus Berry|[eat]\n|-heal|p1b: Snorlax|75\/100|[from] item: Sitrus Berry\n|\n|upkeep\n|\n|t:|1700954258\n|switch|p2b: Kommo-o|Kommo-o, F|100\/100\n|switch|p2a: Floatzel|Floatzel, M|100\/100\n|turn|8\n|\n|t:|1700954264\n|move|p1a: Typhlosion|Eruption|p2b: Kommo-o|[spread] p2a,p2b\n|-resisted|p2a: Floatzel\n|-resisted|p2b: Kommo-o\n|-damage|p2a: Floatzel|32\/100\n|-damage|p2b: Kommo-o|61\/100\n|move|p2a: Floatzel|Wave Crash|p1a: Typhlosion\n|-supereffective|p1a: Typhlosion\n|-damage|p1a: Typhlosion|0 fnt\n|faint|p1a: Typhlosion\n|-damage|p2a: Floatzel|2\/100|[from] Recoil\n|move|p2b: Kommo-o|Clanging Scales|p1b: Snorlax\n|-damage|p1b: Snorlax|47\/100\n|-unboost|p2b: Kommo-o|def|1\n|-enditem|p2b: Kommo-o|Throat Spray\n|-boost|p2b: Kommo-o|spa|1|[from] item: Throat Spray\n|move|p1b: Snorlax|Facade|p2b: Kommo-o\n|-damage|p2b: Kommo-o|0 fnt\n|faint|p2b: Kommo-o\n|\n|upkeep\n|\n|t:|1700954267\n|switch|p2b: Maushold|Maushold|100\/100\n|turn|9\n|c|\u2606brockpewtercitygym|gg\n|\n|t:|1700954278\n|-terastallize|p2a: Floatzel|Water\n|move|p1b: Snorlax|Protect|p1b: Snorlax\n|-singleturn|p1b: Snorlax|Protect\n|move|p2b: Maushold|Bite|p1b: Snorlax\n|-activate|p1b: Snorlax|move: Protect\n|move|p2a: Floatzel|Wave Crash|p1b: Snorlax\n|-activate|p1b: Snorlax|move: Protect\n|\n|upkeep\n|turn|10\n|\n|t:|1700954283\n|move|p2b: Maushold|Bite|p1b: Snorlax\n|-damage|p1b: Snorlax|37\/100\n|move|p2a: Floatzel|Wave Crash|p1b: Snorlax\n|-damage|p1b: Snorlax|0 fnt\n|faint|p1b: Snorlax\n|-damage|p2a: Floatzel|0 fnt|[from] Recoil\n|faint|p2a: Floatzel\n|\n|win|brockpewtercitygym\n|n|\u2606Flinchhaxisgreat|flinchhaxisgreat\n|n|\u2606brockpewtercitygym|brockpewtercitygym\n|n|*Lady Monita \u2746|ladymonita\n|n| Brooklynn_Jiji|brooklynnjiji\n","uploadtime":1700954284,"views":7,"p1id":"flinchhaxisgreat","p2id":"brockpewtercitygym","formatid":"gen9doublesou","rating":0,"private":0,"password":""}