{"id":"gen9doublesou-1970660808","p1":"Friescake","p2":"SXD2002","format":"[Gen 9] Doubles OU","log":"|j|\u2606Friescake\n|j|\u2606SXD2002\n|t:|1697656138\n|gametype|doubles\n|player|p1|Friescake|waiter|1137\n|player|p2|SXD2002|silver-masters|1049\n|teamsize|p1|6\n|teamsize|p2|4\n|gen|9\n|tier|[Gen 9] Doubles OU\n|rated|\n|rule|Species Clause: Limit one of each Pok\u00e9mon\n|rule|OHKO Clause: OHKO moves are banned\n|rule|Evasion Moves Clause: Evasion moves are banned\n|rule|Gravity Sleep Clause: The combination of sleep-inducing moves with imperfect accuracy and Gravity or Gigantamax Orbeetle are banned\n|rule|Endless Battle Clause: Forcing endless battles is banned\n|rule|HP Percentage Mod: HP is shown in percentages\n|clearpoke\n|poke|p1|Clefable, M|\n|poke|p1|Dragapult, M|\n|poke|p1|Sneasler, M|\n|poke|p1|Sinistcha|\n|poke|p1|Ribombee, F|\n|poke|p1|Samurott-Hisui, F|\n|poke|p2|Lurantis, F|\n|poke|p2|Murkrow, F|\n|poke|p2|Grimmsnarl, M|\n|poke|p2|Clefairy, F|\n|teampreview\n|inactive|Battle timer is ON: inactive players will automatically lose when time's up. (requested by SXD2002)\n|\n|t:|1697656150\n|start\n|switch|p1a: Ribombee|Ribombee, F, shiny|100\/100\n|switch|p1b: Samurott|Samurott-Hisui, F, shiny|100\/100\n|switch|p2a: Grimmsnarl|Grimmsnarl, M|100\/100\n|switch|p2b: Lurantis|Lurantis, F|100\/100\n|turn|1\n|\n|t:|1697656166\n|move|p2a: Grimmsnarl|Scary Face|p2b: Lurantis\n|-boost|p2b: Lurantis|spe|2\n|move|p1b: Samurott|Flip Turn|p2a: Grimmsnarl\n|-damage|p2a: Grimmsnarl|67\/100\n|\n|t:|1697656172\n|switch|p1b: Sneasler|Sneasler, M, shiny|100\/100|[from] Flip Turn\n|move|p2b: Lurantis|Leaf Storm|p1b: Sneasler\n|-resisted|p1b: Sneasler\n|-damage|p1b: Sneasler|77\/100\n|-boost|p2b: Lurantis|spa|2\n|move|p1a: Ribombee|Switcheroo|p2a: Grimmsnarl\n|-activate|p1a: Ribombee|move: Trick|[of] p2a: Grimmsnarl\n|-item|p2a: Grimmsnarl|Lagging Tail|[from] move: Switcheroo\n|-item|p1a: Ribombee|Leftovers|[from] move: Switcheroo\n|\n|upkeep\n|turn|2\n|\n|t:|1697656190\n|-terastallize|p2b: Lurantis|Steel\n|move|p1b: Sneasler|Fake Out|p2b: Lurantis\n|-resisted|p2b: Lurantis\n|-damage|p2b: Lurantis|94\/100\n|move|p2a: Grimmsnarl|Fake Tears|p2b: Lurantis\n|-boost|p2b: Lurantis|spd|2\n|move|p1a: Ribombee|Pollen Puff|p2b: Lurantis\n|-resisted|p2b: Lurantis\n|-damage|p2b: Lurantis|87\/100\n|cant|p2b: Lurantis|flinch\n|\n|-heal|p2b: Lurantis|94\/100|[from] item: Leftovers\n|upkeep\n|turn|3\n|\n|t:|1697656207\n|move|p2b: Lurantis|Protect|p2b: Lurantis\n|-singleturn|p2b: Lurantis|Protect\n|move|p2a: Grimmsnarl|Parting Shot|p1b: Sneasler\n|-unboost|p1b: Sneasler|atk|1\n|-unboost|p1b: Sneasler|spa|1\n|\n|t:|1697656213\n|switch|p2a: Murkrow|Murkrow, F|100\/100|[from] Parting Shot\n|move|p1a: Ribombee|Switcheroo|p2b: Lurantis\n|-activate|p2b: Lurantis|move: Protect\n|move|p1b: Sneasler|Night Slash|p2b: Lurantis\n|-activate|p2b: Lurantis|move: Protect\n|\n|-heal|p2b: Lurantis|99\/100|[from] item: Leftovers\n|upkeep\n|turn|4\n|\n|t:|1697656231\n|move|p2a: Murkrow|Screech|p2b: Lurantis\n|-boost|p2b: Lurantis|def|2\n|move|p1a: Ribombee|Switcheroo|p2b: Lurantis\n|-activate|p1a: Ribombee|move: Trick|[of] p2b: Lurantis\n|-item|p2b: Lurantis|Leftovers|[from] move: Switcheroo\n|-item|p1a: Ribombee|Leftovers|[from] move: Switcheroo\n|move|p1b: Sneasler|Dire Claw|p2b: Lurantis\n|-immune|p2b: Lurantis\n|move|p2b: Lurantis|Superpower|p1b: Sneasler\n|-resisted|p1b: Sneasler\n|-damage|p1b: Sneasler|54\/100\n|-boost|p2b: Lurantis|atk|1\n|-boost|p2b: Lurantis|def|1\n|\n|-heal|p2b: Lurantis|100\/100|[from] item: Leftovers\n|upkeep\n|turn|5\n|\n|t:|1697656247\n|move|p2a: Murkrow|Screech|p2b: Lurantis\n|-boost|p2b: Lurantis|def|2\n|move|p1a: Ribombee|Tailwind|p1a: Ribombee\n|-sidestart|p1: Friescake|move: Tailwind\n|move|p1b: Sneasler|Night Slash|p2b: Lurantis\n|-damage|p2b: Lurantis|96\/100\n|move|p2b: Lurantis|Superpower|p1b: Sneasler\n|-resisted|p1b: Sneasler\n|-damage|p1b: Sneasler|17\/100\n|-boost|p2b: Lurantis|atk|1\n|-boost|p2b: Lurantis|def|1\n|\n|-heal|p2b: Lurantis|100\/100|[from] item: Leftovers\n|upkeep\n|turn|6\n|\n|t:|1697656261\n|move|p2a: Murkrow|Thunder Wave|p1a: Ribombee\n|-status|p1a: Ribombee|par\n|move|p1b: Sneasler|Night Slash|p2b: Lurantis\n|-damage|p2b: Lurantis|96\/100\n|move|p1a: Ribombee|Pollen Puff|p1b: Sneasler\n|-heal|p1b: Sneasler|67\/100\n|move|p2b: Lurantis|Leaf Storm|p1b: Sneasler\n|-resisted|p1b: Sneasler\n|-damage|p1b: Sneasler|13\/100\n|-boost|p2b: Lurantis|spa|2\n|\n|-heal|p2b: Lurantis|100\/100|[from] item: Leftovers\n|upkeep\n|turn|7\n|\n|t:|1697656290\n|move|p2a: Murkrow|Thunder Wave|p1b: Sneasler\n|-status|p1b: Sneasler|par\n|cant|p1a: Ribombee|par\n|cant|p1b: Sneasler|par\n|move|p2b: Lurantis|Leaf Storm|p1b: Sneasler\n|-resisted|p1b: Sneasler\n|-damage|p1b: Sneasler|0 fnt\n|-boost|p2b: Lurantis|spa|2\n|faint|p1b: Sneasler\n|\n|upkeep\n|inactive|Friescake has 120 seconds left.\n|\n|t:|1697656312\n|switch|p1b: Samurott|Samurott-Hisui, F, shiny|100\/100\n|turn|8\n|\n|t:|1697656322\n|move|p2a: Murkrow|Screech|p1a: Ribombee\n|-unboost|p1a: Ribombee|def|2\n|move|p1b: Samurott|Sacred Sword|p2b: Lurantis\n|-supereffective|p2b: Lurantis\n|-damage|p2b: Lurantis|16\/100\n|move|p1a: Ribombee|Switcheroo|p2a: Murkrow\n|-activate|p1a: Ribombee|move: Trick|[of] p2a: Murkrow\n|-item|p2a: Murkrow|Leftovers|[from] move: Switcheroo\n|-item|p1a: Ribombee|Eviolite|[from] move: Switcheroo\n|move|p2b: Lurantis|Superpower|p1b: Samurott\n|-supereffective|p1b: Samurott\n|-damage|p1b: Samurott|0 fnt\n|-boost|p2b: Lurantis|atk|1\n|faint|p1b: Samurott\n|\n|-heal|p2b: Lurantis|22\/100|[from] item: Leftovers\n|-sideend|p1: Friescake|move: Tailwind\n|upkeep\n|inactive|Friescake has 120 seconds left.\n|\n|t:|1697656346\n|switch|p1b: Dragapult|Dragapult, M, shiny|100\/100\n|turn|9\n|\n|t:|1697656356\n|move|p2b: Lurantis|Protect|p2b: Lurantis\n|-singleturn|p2b: Lurantis|Protect\n|move|p1b: Dragapult|Sucker Punch||[still]\n|-fail|p1b: Dragapult\n|move|p2a: Murkrow|Taunt|p1a: Ribombee\n|-start|p1a: Ribombee|move: Taunt\n|cant|p1a: Ribombee|move: Taunt|Tailwind\n|\n|-heal|p2b: Lurantis|28\/100|[from] item: Leftovers\n|upkeep\n|turn|10\n|\n|t:|1697656376\n|move|p1b: Dragapult|Sucker Punch|p2b: Lurantis\n|-damage|p2b: Lurantis|22\/100\n|move|p2a: Murkrow|Thunder Wave|p1b: Dragapult\n|-status|p1b: Dragapult|par\n|move|p2b: Lurantis|Superpower|p1a: Ribombee\n|-resisted|p1a: Ribombee\n|-damage|p1a: Ribombee|40\/100 par\n|-boost|p2b: Lurantis|atk|1\n|move|p1a: Ribombee|Pollen Puff|p2a: Murkrow\n|-damage|p2a: Murkrow|63\/100\n|\n|-heal|p2b: Lurantis|28\/100|[from] item: Leftovers\n|-heal|p2a: Murkrow|70\/100|[from] item: Leftovers\n|upkeep\n|turn|11\n|\n|t:|1697656398\n|switch|p2a: Clefairy|Clefairy, F|100\/100\n|move|p2b: Lurantis|Superpower|p1a: Ribombee\n|-resisted|p1a: Ribombee\n|-damage|p1a: Ribombee|0 fnt\n|-boost|p2b: Lurantis|atk|1\n|faint|p1a: Ribombee\n|move|p1b: Dragapult|Draco Meteor|p2b: Lurantis\n|-resisted|p2b: Lurantis\n|-crit|p2b: Lurantis\n|-damage|p2b: Lurantis|8\/100\n|-unboost|p1b: Dragapult|spa|2\n|-enditem|p1b: Dragapult|Eject Pack\n|\n|t:|1697656405\n|switch|p1b: Sinistcha|Sinistcha|100\/100\n|\n|-heal|p2b: Lurantis|14\/100|[from] item: Leftovers\n|upkeep\n|\n|t:|1697656413\n|switch|p1a: Clefable|Clefable, M, shiny|100\/100\n|turn|12\n|\n|t:|1697656420\n|move|p2b: Lurantis|Protect|p2b: Lurantis\n|-singleturn|p2b: Lurantis|Protect\n|move|p1a: Clefable|Follow Me|p1a: Clefable\n|-singleturn|p1a: Clefable|move: Follow Me\n|move|p1b: Sinistcha|Matcha Gotcha|p2b: Lurantis|[spread] p2a\n|-activate|p2b: Lurantis|move: Protect\n|-damage|p2a: Clefairy|85\/100\n|move|p2a: Clefairy|Life Dew|p2a: Clefairy|[spread] p2a,p2b\n|-heal|p2a: Clefairy|100\/100\n|-heal|p2b: Lurantis|39\/100\n|\n|-heal|p2b: Lurantis|45\/100|[from] item: Leftovers\n|upkeep\n|turn|13\n|\n|t:|1697656439\n|move|p2a: Clefairy|Helping Hand|p2b: Lurantis\n|-singleturn|p2b: Lurantis|Helping Hand|[of] p2a: Clefairy\n|move|p2b: Lurantis|Leaf Storm|p1a: Clefable|[miss]\n|-miss|p2b: Lurantis|p1a: Clefable\n|move|p1b: Sinistcha|Matcha Gotcha|p2a: Clefairy|[spread] p2a,p2b\n|-resisted|p2b: Lurantis\n|-damage|p2a: Clefairy|82\/100\n|-damage|p2b: Lurantis|41\/100\n|move|p1a: Clefable|Knock Off|p2b: Lurantis\n|-crit|p2b: Lurantis\n|-damage|p2b: Lurantis|22\/100\n|-enditem|p2b: Lurantis|Leftovers|[from] move: Knock Off|[of] p1a: Clefable\n|\n|upkeep\n|turn|14\n|\n|t:|1697656459\n|-terastallize|p1b: Sinistcha|Ground\n|move|p2b: Lurantis|Protect|p2b: Lurantis\n|-singleturn|p2b: Lurantis|Protect\n|move|p1b: Sinistcha|Tera Blast|p2b: Lurantis|[anim] Tera Blast Ground\n|-activate|p2b: Lurantis|move: Protect\n|move|p1a: Clefable|Knock Off|p2b: Lurantis\n|-activate|p2b: Lurantis|move: Protect\n|move|p2a: Clefairy|Life Dew|p2a: Clefairy|[spread] p2a,p2b\n|-heal|p2a: Clefairy|100\/100\n|-heal|p2b: Lurantis|47\/100\n|\n|upkeep\n|turn|15\n|\n|t:|1697656473\n|move|p2b: Lurantis|Leaf Storm|p1b: Sinistcha\n|-supereffective|p1b: Sinistcha\n|-damage|p1b: Sinistcha|0 fnt\n|faint|p1b: Sinistcha\n|move|p1a: Clefable|Knock Off|p2b: Lurantis\n|-damage|p2b: Lurantis|37\/100\n|move|p2a: Clefairy|Life Dew||[still]|[spread] p2a,p2b\n|-fail|p2a: Clefairy|heal\n|-heal|p2b: Lurantis|62\/100\n|\n|upkeep\n|\n|t:|1697656475\n|switch|p1b: Dragapult|Dragapult, M, shiny|100\/100 par\n|turn|16\n|-message|Friescake forfeited.\n|\n|win|SXD2002\n|raw|Friescake's rating: 1137 &rarr; <strong>1106<\/strong><br \/>(-31 for losing)\n|raw|SXD2002's rating: 1049 &rarr; <strong>1090<\/strong><br \/>(+41 for winning)\n","uploadtime":1697656482,"views":6,"p1id":"friescake","p2id":"sxd2002","formatid":"gen9doublesou","rating":1090,"private":0,"password":""}