{"id":"gen9doublesou-2000342521","p1":"TWDragonslayer","p2":"nonotmoi","format":"[Gen 9] Doubles OU","log":"|j|\u2606TWDragonslayer\n|j|\u2606nonotmoi\n|t:|1701186640\n|gametype|doubles\n|player|p1|TWDragonslayer|1|1000\n|player|p2|nonotmoi|102|1040\n|teamsize|p1|4\n|teamsize|p2|4\n|gen|9\n|tier|[Gen 9] Doubles OU\n|rated|\n|rule|Species Clause: Limit one of each Pok\u00e9mon\n|rule|OHKO Clause: OHKO moves are banned\n|rule|Evasion Moves Clause: Evasion moves are banned\n|rule|Gravity Sleep Clause: The combination of sleep-inducing moves with imperfect accuracy and Gravity or Gigantamax Orbeetle are banned\n|rule|Endless Battle Clause: Forcing endless battles is banned\n|rule|HP Percentage Mod: HP is shown in percentages\n|clearpoke\n|poke|p1|Corviknight, M|\n|poke|p1|Tyranitar, M|\n|poke|p1|Palafin, M|\n|poke|p1|Sinistcha-Masterpiece|\n|poke|p2|Oricorio, F|\n|poke|p2|Volcarona, M|\n|poke|p2|Kommo-o, F|\n|poke|p2|Lilligant, F|\n|teampreview\n|\n|t:|1701186655\n|start\n|switch|p1a: Palafin|Palafin, M|100\/100\n|switch|p1b: Corviknight|Corviknight, M|100\/100\n|switch|p2a: Lilligant|Lilligant, F|100\/100\n|switch|p2b: Oricorio|Oricorio, F|100\/100\n|turn|1\n|\n|t:|1701186691\n|detailschange|p1a: Palafin|Palafin-Hero, M\n|switch|p1a: Tyranitar|Tyranitar, M|100\/100\n|-weather|Sandstorm|[from] ability: Sand Stream|[of] p1a: Tyranitar\n|move|p2b: Oricorio|Quiver Dance|p2b: Oricorio\n|-boost|p2b: Oricorio|spa|1\n|-boost|p2b: Oricorio|spd|1\n|-boost|p2b: Oricorio|spe|1\n|move|p2a: Lilligant|Petal Dance|p1b: Corviknight\n|-resisted|p1b: Corviknight\n|-damage|p1b: Corviknight|89\/100\n|-activate|p2b: Oricorio|ability: Dancer\n|move|p2b: Oricorio|Petal Dance|p1b: Corviknight|[from]ability: Dancer\n|-resisted|p1b: Corviknight\n|-damage|p1b: Corviknight|78\/100\n|move|p1b: Corviknight|Hurricane|p2a: Lilligant\n|-supereffective|p2a: Lilligant\n|-crit|p2a: Lilligant\n|-damage|p2a: Lilligant|50\/100\n|\n|-weather|Sandstorm|[upkeep]\n|-damage|p2b: Oricorio|94\/100|[from] Sandstorm\n|-damage|p2a: Lilligant|44\/100|[from] Sandstorm\n|upkeep\n|turn|2\n|\n|t:|1701186721\n|-terastallize|p2b: Oricorio|Water\n|move|p2b: Oricorio|Quiver Dance|p2b: Oricorio\n|-boost|p2b: Oricorio|spa|1\n|-boost|p2b: Oricorio|spd|1\n|-boost|p2b: Oricorio|spe|1\n|move|p2a: Lilligant|Petal Dance|p1b: Corviknight|[from]lockedmove\n|-resisted|p1b: Corviknight\n|-damage|p1b: Corviknight|67\/100\n|-activate|p2b: Oricorio|ability: Dancer\n|move|p2b: Oricorio|Petal Dance|p1b: Corviknight|[from]ability: Dancer\n|-resisted|p1b: Corviknight\n|-damage|p1b: Corviknight|52\/100\n|move|p1b: Corviknight|Hurricane|p2a: Lilligant|[miss]\n|-miss|p1b: Corviknight|p2a: Lilligant\n|move|p1a: Tyranitar|Dragon Pulse|p2b: Oricorio\n|-damage|p2b: Oricorio|84\/100\n|\n|-weather|Sandstorm|[upkeep]\n|-damage|p2b: Oricorio|77\/100|[from] Sandstorm\n|-damage|p2a: Lilligant|38\/100|[from] Sandstorm\n|upkeep\n|turn|3\n|inactive|Battle timer is ON: inactive players will automatically lose when time's up. (requested by TWDragonslayer)\n|\n|t:|1701186766\n|move|p2b: Oricorio|Icy Wind|p1a: Tyranitar|[spread] p1a,p1b\n|-damage|p1a: Tyranitar|91\/100\n|-damage|p1b: Corviknight|33\/100\n|-unboost|p1a: Tyranitar|spe|1\n|-ability|p1b: Corviknight|Mirror Armor\n|-unboost|p2b: Oricorio|spe|1\n|move|p2a: Lilligant|Giga Drain|p1a: Tyranitar\n|-supereffective|p1a: Tyranitar\n|-damage|p1a: Tyranitar|59\/100\n|-heal|p2a: Lilligant|55\/100|[from] drain|[of] p1a: Tyranitar\n|move|p1b: Corviknight|Roost|p1b: Corviknight\n|-heal|p1b: Corviknight|83\/100\n|-singleturn|p1b: Corviknight|move: Roost\n|move|p1a: Tyranitar|Earthquake|p2b: Oricorio|[spread] p1b,p2a,p2b\n|-supereffective|p1b: Corviknight\n|-resisted|p2a: Lilligant\n|-damage|p1b: Corviknight|46\/100\n|-damage|p2a: Lilligant|41\/100\n|-damage|p2b: Oricorio|50\/100\n|-enditem|p2b: Oricorio|Sitrus Berry|[eat]\n|-heal|p2b: Oricorio|75\/100|[from] item: Sitrus Berry\n|\n|-weather|Sandstorm|[upkeep]\n|-damage|p2b: Oricorio|69\/100|[from] Sandstorm\n|-damage|p2a: Lilligant|35\/100|[from] Sandstorm\n|upkeep\n|turn|4\n|inactive|TWDragonslayer has 120 seconds left.\n|\n|t:|1701186799\n|move|p2b: Oricorio|Quiver Dance|p2b: Oricorio\n|-boost|p2b: Oricorio|spa|1\n|-boost|p2b: Oricorio|spd|1\n|-boost|p2b: Oricorio|spe|1\n|move|p2a: Lilligant|Pollen Puff|p2b: Oricorio\n|-heal|p2b: Oricorio|100\/100\n|move|p1b: Corviknight|Steel Wing|p2a: Lilligant\n|-damage|p2a: Lilligant|10\/100\n|move|p1a: Tyranitar|Crunch|p2a: Lilligant\n|-damage|p2a: Lilligant|0 fnt\n|faint|p2a: Lilligant\n|\n|-weather|Sandstorm|[upkeep]\n|-damage|p2b: Oricorio|94\/100|[from] Sandstorm\n|upkeep\n|inactive|nonotmoi has 120 seconds left.\n|\n|t:|1701186822\n|switch|p2a: Kommo-o|Kommo-o, F|100\/100\n|turn|5\n|inactive|nonotmoi has 120 seconds left.\n|\n|t:|1701186846\n|switch|p1b: Sinistcha|Sinistcha-Masterpiece|100\/100\n|-heal|p1a: Tyranitar|84\/100|[from] ability: Hospitality|[of] p1b: Sinistcha\n|move|p2b: Oricorio|Revelation Dance|p1a: Tyranitar\n|-supereffective|p1a: Tyranitar\n|-damage|p1a: Tyranitar|0 fnt\n|faint|p1a: Tyranitar\n|move|p2a: Kommo-o|Clangorous Soul|p2a: Kommo-o\n|-boost|p2a: Kommo-o|atk|1\n|-boost|p2a: Kommo-o|def|1\n|-boost|p2a: Kommo-o|spa|1\n|-boost|p2a: Kommo-o|spd|1\n|-boost|p2a: Kommo-o|spe|1\n|-damage|p2a: Kommo-o|68\/100\n|-activate|p2b: Oricorio|ability: Dancer\n|move|p2b: Oricorio|Clangorous Soul|p2b: Oricorio|[from]ability: Dancer\n|-boost|p2b: Oricorio|atk|1\n|-boost|p2b: Oricorio|def|1\n|-boost|p2b: Oricorio|spa|1\n|-boost|p2b: Oricorio|spd|1\n|-boost|p2b: Oricorio|spe|1\n|-damage|p2b: Oricorio|62\/100\n|\n|-weather|none\n|upkeep\n|\n|t:|1701186869\n|switch|p1a: Palafin|Palafin-Hero, M|100\/100\n|-activate|p1a: Palafin|ability: Zero to Hero\n|turn|6\n|\n|t:|1701186888\n|move|p2a: Kommo-o|Helping Hand|p2b: Oricorio\n|-singleturn|p2b: Oricorio|Helping Hand|[of] p2a: Kommo-o\n|move|p2b: Oricorio|Air Cutter|p1a: Palafin|[spread] p1a\n|-miss|p2b: Oricorio|p1b: Sinistcha\n|-damage|p1a: Palafin|36\/100\n|move|p1b: Sinistcha|Phantom Force||[still]\n|-prepare|p1b: Sinistcha|Phantom Force\n|move|p1a: Palafin|Counter||[still]\n|-fail|p1a: Palafin\n|\n|upkeep\n|turn|7\n|\n|t:|1701186905\n|move|p2a: Kommo-o|Helping Hand|p2b: Oricorio\n|-singleturn|p2b: Oricorio|Helping Hand|[of] p2a: Kommo-o\n|move|p1a: Palafin|Protect|p1a: Palafin\n|-singleturn|p1a: Palafin|Protect\n|move|p2b: Oricorio|Air Cutter|p1a: Palafin|[spread] \n|-miss|p2b: Oricorio|p1b: Sinistcha\n|-activate|p1a: Palafin|move: Protect\n|move|p1b: Sinistcha|Phantom Force|p2b: Oricorio|[from]lockedmove\n|-damage|p2b: Oricorio|38\/100\n|-damage|p1b: Sinistcha|91\/100|[from] item: Life Orb\n|\n|upkeep\n|turn|8\n|\n|t:|1701186924\n|move|p2a: Kommo-o|Helping Hand|p2b: Oricorio\n|-singleturn|p2b: Oricorio|Helping Hand|[of] p2a: Kommo-o\n|move|p2b: Oricorio|Air Cutter|p1a: Palafin|[spread] p1a,p1b\n|-supereffective|p1b: Sinistcha\n|-damage|p1a: Palafin|0 fnt\n|-damage|p1b: Sinistcha|0 fnt\n|faint|p1a: Palafin\n|faint|p1b: Sinistcha\n|\n|upkeep\n|\n|t:|1701186944\n|switch|p1b: Corviknight|Corviknight, M|46\/100\n|turn|9\n|\n|t:|1701186965\n|move|p2a: Kommo-o|Helping Hand|p2b: Oricorio\n|-singleturn|p2b: Oricorio|Helping Hand|[of] p2a: Kommo-o\n|move|p2b: Oricorio|Icy Wind|p1b: Corviknight\n|-damage|p1b: Corviknight|0 fnt\n|faint|p1b: Corviknight\n|\n|win|nonotmoi\n|raw|TWDragonslayer's rating: 1000 &rarr; <strong>1000<\/strong><br \/>(+0 for losing)\n|raw|nonotmoi's rating: 1040 &rarr; <strong>1070<\/strong><br \/>(+30 for winning)\n","uploadtime":1701186977,"views":11,"p1id":"twdragonslayer","p2id":"nonotmoi","formatid":"gen9doublesou","rating":1000,"private":0,"password":""}