{"id":"gen9doublesou-1994094243","p1":"FranciscoMelndez","p2":"wu liao de lan gou","format":"[Gen 9] Doubles OU","log":"|j|\u2606FranciscoMelndez\n|j|\u2606wu liao de lan gou\n|t:|1700406082\n|gametype|doubles\n|player|p1|FranciscoMelndez|1|1312\n|player|p2|wu liao de lan gou|marnie|1507\n|teamsize|p1|6\n|teamsize|p2|6\n|gen|9\n|tier|[Gen 9] Doubles OU\n|rated|\n|rule|Species Clause: Limit one of each Pok\u00e9mon\n|rule|OHKO Clause: OHKO moves are banned\n|rule|Evasion Moves Clause: Evasion moves are banned\n|rule|Gravity Sleep Clause: The combination of sleep-inducing moves with imperfect accuracy and Gravity or Gigantamax Orbeetle are banned\n|rule|Endless Battle Clause: Forcing endless battles is banned\n|rule|HP Percentage Mod: HP is shown in percentages\n|clearpoke\n|poke|p1|Flutter Mane|\n|poke|p1|Chi-Yu|\n|poke|p1|Tornadus, M|\n|poke|p1|Chien-Pao|\n|poke|p1|Landorus-Therian, M|\n|poke|p1|Ogerpon-Hearthflame, F|\n|poke|p2|Roaring Moon|\n|poke|p2|Gholdengo|\n|poke|p2|Weezing, M|\n|poke|p2|Sinistcha|\n|poke|p2|Volcanion|\n|poke|p2|Landorus-Therian, M|\n|teampreview\n|inactive|Battle timer is ON: inactive players will automatically lose when time's up. (requested by FranciscoMelndez)\n|\n|t:|1700406112\n|start\n|switch|p1a: Chi-Yu|Chi-Yu|100\/100\n|switch|p1b: Flutter Mane|Flutter Mane|100\/100\n|switch|p2a: Weezing|Weezing, M|100\/100\n|switch|p2b: Gholdengo|Gholdengo|100\/100\n|-ability|p2a: Weezing|Neutralizing Gas\n|turn|1\n|\n|t:|1700406140\n|-terastallize|p2b: Gholdengo|Fairy\n|move|p1a: Chi-Yu|Snarl|p2b: Gholdengo|[spread] p2a,p2b\n|-resisted|p2b: Gholdengo\n|-damage|p2a: Weezing|73\/100\n|-damage|p2b: Gholdengo|90\/100\n|-unboost|p2a: Weezing|spa|1\n|-unboost|p2b: Gholdengo|spa|1\n|move|p1b: Flutter Mane|Shadow Ball|p2b: Gholdengo\n|-damage|p2b: Gholdengo|44\/100\n|move|p2b: Gholdengo|Make It Rain|p1b: Flutter Mane|[spread] p1a,p1b\n|-resisted|p1a: Chi-Yu\n|-supereffective|p1b: Flutter Mane\n|-damage|p1a: Chi-Yu|83\/100\n|-damage|p1b: Flutter Mane|31\/100\n|-unboost|p2b: Gholdengo|spa|1\n|move|p2a: Weezing|Gunk Shot|p1b: Flutter Mane\n|-damage|p1b: Flutter Mane|0 fnt\n|faint|p1b: Flutter Mane\n|-end|p1b: Flutter Mane|Protosynthesis|[silent]\n|\n|-heal|p2b: Gholdengo|50\/100|[from] item: Leftovers\n|upkeep\n|\n|t:|1700406155\n|switch|p1b: Tornadus|Tornadus, M|100\/100\n|turn|2\n|\n|t:|1700406165\n|switch|p2b: Roaring Moon|Roaring Moon|100\/100\n|-enditem|p2b: Roaring Moon|Booster Energy\n|-activate|p2b: Roaring Moon|ability: Protosynthesis|[fromitem]\n|-start|p2b: Roaring Moon|protosynthesisspe\n|move|p1a: Chi-Yu|Snarl|p2b: Roaring Moon|[spread] p2a,p2b\n|-resisted|p2b: Roaring Moon\n|-damage|p2a: Weezing|43\/100\n|-damage|p2b: Roaring Moon|90\/100\n|-unboost|p2a: Weezing|spa|1\n|-unboost|p2b: Roaring Moon|spa|1\n|-enditem|p2a: Weezing|Sitrus Berry|[eat]\n|-heal|p2a: Weezing|68\/100|[from] item: Sitrus Berry\n|move|p1b: Tornadus|Bleakwind Storm|p2a: Weezing|[spread] p2a,p2b\n|-damage|p2a: Weezing|24\/100\n|-damage|p2b: Roaring Moon|51\/100\n|move|p2a: Weezing|Taunt|p1b: Tornadus\n|-start|p1b: Tornadus|move: Taunt\n|-enditem|p1b: Tornadus|Mental Herb\n|-end|p1b: Tornadus|move: Taunt\n|\n|upkeep\n|turn|3\n|inactive|wu liao de lan gou has 120 seconds left.\n|\n|t:|1700406199\n|switch|p1b: Landorus|Landorus-Therian, M|100\/100\n|move|p2b: Roaring Moon|Knock Off|p1b: Landorus\n|-damage|p1b: Landorus|42\/100\n|-enditem|p1b: Landorus|Choice Band|[from] move: Knock Off|[of] p2b: Roaring Moon\n|move|p1a: Chi-Yu|Snarl|p2b: Roaring Moon|[spread] p2a,p2b\n|-resisted|p2b: Roaring Moon\n|-damage|p2a: Weezing|0 fnt\n|-damage|p2b: Roaring Moon|39\/100\n|-unboost|p2b: Roaring Moon|spa|1\n|faint|p2a: Weezing\n|-end|p2a: Weezing|ability: Neutralizing Gas\n|-ability|p1a: Chi-Yu|Beads of Ruin\n|-ability|p1b: Landorus|Intimidate|boost\n|-unboost|p2b: Roaring Moon|atk|1\n|\n|upkeep\n|inactive|wu liao de lan gou has 120 seconds left.\n|\n|t:|1700406214\n|switch|p2a: Landorus|Landorus-Therian, M|100\/100\n|-ability|p2a: Landorus|Intimidate|boost\n|-unboost|p1a: Chi-Yu|atk|1\n|-unboost|p1b: Landorus|atk|1\n|turn|4\n|\n|t:|1700406233\n|-end|p2b: Roaring Moon|Protosynthesis|[silent]\n|switch|p2b: Gholdengo|Gholdengo, tera:Fairy|50\/100\n|move|p2a: Landorus|Stomping Tantrum|p1a: Chi-Yu\n|-supereffective|p1a: Chi-Yu\n|-damage|p1a: Chi-Yu|0 fnt\n|faint|p1a: Chi-Yu\n|move|p1b: Landorus|U-turn|p2b: Gholdengo\n|-resisted|p2b: Gholdengo\n|-damage|p2b: Gholdengo|42\/100\n|\n|t:|1700406238\n|switch|p1b: Tornadus|Tornadus, M|100\/100|[from] U-turn\n|\n|-heal|p2b: Gholdengo|48\/100|[from] item: Leftovers\n|upkeep\n|\n|t:|1700406248\n|switch|p1a: Landorus|Landorus-Therian, M|42\/100\n|-ability|p1a: Landorus|Intimidate|boost\n|-unboost|p2a: Landorus|atk|1\n|-unboost|p2b: Gholdengo|atk|1\n|turn|5\n|\n|t:|1700406257\n|switch|p2a: Sinistcha|Sinistcha|100\/100\n|-heal|p2b: Gholdengo|73\/100|[from] ability: Hospitality|[of] p2a: Sinistcha\n|move|p1b: Tornadus|Tailwind|p1b: Tornadus\n|-sidestart|p1: FranciscoMelndez|move: Tailwind\n|move|p1a: Landorus|Rock Slide|p2a: Sinistcha|[spread] p2a,p2b\n|-damage|p2a: Sinistcha|81\/100\n|-damage|p2b: Gholdengo|54\/100\n|move|p2b: Gholdengo|Make It Rain|p1a: Landorus|[spread] p1a,p1b\n|-damage|p1a: Landorus|0 fnt\n|-damage|p1b: Tornadus|36\/100\n|-unboost|p2b: Gholdengo|spa|1\n|faint|p1a: Landorus\n|\n|-heal|p2b: Gholdengo|61\/100|[from] item: Leftovers\n|-heal|p2a: Sinistcha|87\/100|[from] item: Leftovers\n|upkeep\n|\n|t:|1700406267\n|switch|p1a: Ogerpon|Ogerpon-Hearthflame, F|100\/100\n|-ability|p1a: Ogerpon|Mold Breaker\n|turn|6\n|\n|t:|1700406282\n|switch|p2b: Roaring Moon|Roaring Moon|39\/100\n|-terastallize|p1a: Ogerpon|Fire\n|detailschange|p1a: Ogerpon|Ogerpon-Hearthflame-Tera, F, tera:Fire\n|-ability|p1a: Ogerpon|Embody Aspect (Hearthflame)|boost\n|-boost|p1a: Ogerpon|atk|1\n|move|p1b: Tornadus|Sunny Day|p1b: Tornadus\n|-weather|SunnyDay\n|-activate|p2b: Roaring Moon|ability: Protosynthesis\n|-start|p2b: Roaring Moon|protosynthesisspe\n|move|p1a: Ogerpon|Ivy Cudgel|p2b: Roaring Moon|[anim] Ivy Cudgel Fire\n|-resisted|p2b: Roaring Moon\n|-crit|p2b: Roaring Moon\n|-damage|p2b: Roaring Moon|0 fnt\n|faint|p2b: Roaring Moon\n|-end|p2b: Roaring Moon|Protosynthesis|[silent]\n|move|p2a: Sinistcha|Trick Room|p2a: Sinistcha\n|-fieldstart|move: Trick Room|[of] p2a: Sinistcha\n|\n|-weather|SunnyDay|[upkeep]\n|-heal|p2a: Sinistcha|93\/100|[from] item: Leftovers\n|upkeep\n|\n|t:|1700406295\n|switch|p2b: Landorus|Landorus-Therian, M|100\/100\n|-ability|p2b: Landorus|Intimidate|boost\n|-unboost|p1a: Ogerpon|atk|1\n|-unboost|p1b: Tornadus|atk|1\n|turn|7\n|\n|t:|1700406305\n|switch|p2a: Volcanion|Volcanion|100\/100\n|move|p2b: Landorus|Stomping Tantrum|p1a: Ogerpon\n|-supereffective|p1a: Ogerpon\n|-damage|p1a: Ogerpon|0 fnt\n|faint|p1a: Ogerpon\n|move|p1b: Tornadus|Bleakwind Storm|p2b: Landorus|[spread] p2a,p2b\n|-damage|p2a: Volcanion|72\/100\n|-damage|p2b: Landorus|47\/100\n|-unboost|p2b: Landorus|spe|1\n|\n|-weather|SunnyDay|[upkeep]\n|upkeep\n|\n|t:|1700406310\n|switch|p1a: Chien-Pao|Chien-Pao|100\/100\n|-ability|p1a: Chien-Pao|Sword of Ruin\n|turn|8\n|\n|t:|1700406315\n|move|p2a: Volcanion|Heat Wave|p1b: Tornadus|[spread] p1a,p1b\n|-supereffective|p1a: Chien-Pao\n|-crit|p1b: Tornadus\n|-enditem|p1a: Chien-Pao|Focus Sash\n|-damage|p1a: Chien-Pao|1\/100\n|-damage|p1b: Tornadus|0 fnt\n|faint|p1b: Tornadus\n|move|p2b: Landorus|Stomping Tantrum|p1a: Chien-Pao\n|-damage|p1a: Chien-Pao|0 fnt\n|faint|p1a: Chien-Pao\n|\n|win|wu liao de lan gou\n|raw|FranciscoMelndez's rating: 1312 &rarr; <strong>1302<\/strong><br \/>(-10 for losing)\n|raw|wu liao de lan gou's rating: 1507 &rarr; <strong>1517<\/strong><br \/>(+10 for winning)\n|l|\u2606FranciscoMelndez\n","uploadtime":1700406325,"views":8,"p1id":"franciscomelndez","p2id":"wuliaodelangou","formatid":"gen9doublesou","rating":1302,"private":0,"password":""}