{"id":"gen9doublesou-1990634970","p1":"Blue Syrius","p2":"Azuretx","format":"[Gen 9] Doubles OU","log":"|j|\u2606Blue Syrius\n|j|\u2606Azuretx\n|t:|1699987506\n|gametype|doubles\n|player|p1|Blue Syrius|youngster-gen4dp|1104\n|player|p2|Azuretx|boarder|1113\n|teamsize|p1|6\n|teamsize|p2|6\n|gen|9\n|tier|[Gen 9] Doubles OU\n|rated|\n|rule|Species Clause: Limit one of each Pok\u00e9mon\n|rule|OHKO Clause: OHKO moves are banned\n|rule|Evasion Moves Clause: Evasion moves are banned\n|rule|Gravity Sleep Clause: The combination of sleep-inducing moves with imperfect accuracy and Gravity or Gigantamax Orbeetle are banned\n|rule|Endless Battle Clause: Forcing endless battles is banned\n|rule|HP Percentage Mod: HP is shown in percentages\n|clearpoke\n|poke|p1|Oranguru, F|\n|poke|p1|Diancie|\n|poke|p1|Grimmsnarl, M|\n|poke|p1|Arcanine-Hisui, M|\n|poke|p1|Flutter Mane|\n|poke|p1|Roaring Moon|\n|poke|p2|Thundurus-Therian, M|\n|poke|p2|Bellibolt, M|\n|poke|p2|Muk-Alola, F|\n|poke|p2|Zapdos|\n|poke|p2|Sandy Shocks|\n|poke|p2|Ogerpon-Wellspring, F|\n|teampreview\n|inactive|Battle timer is ON: inactive players will automatically lose when time's up. (requested by Blue Syrius)\n|\n|t:|1699987515\n|start\n|switch|p1a: Diancie|Diancie, shiny|100\/100\n|switch|p1b: Grimmsnarl|Grimmsnarl, M, shiny|100\/100\n|switch|p2a: Muk|Muk-Alola, F, shiny|100\/100\n|switch|p2b: Ogerpon|Ogerpon-Wellspring, F|100\/100\n|turn|1\n|inactive|Azuretx has 120 seconds left.\n|\n|t:|1699987548\n|move|p1b: Grimmsnarl|Reflect|p1b: Grimmsnarl\n|-sidestart|p1: Blue Syrius|Reflect\n|move|p2b: Ogerpon|Ivy Cudgel|p1a: Diancie|[anim] Ivy Cudgel Water\n|-supereffective|p1a: Diancie\n|-damage|p1a: Diancie|51\/100\n|move|p2a: Muk|Poison Jab|p1b: Grimmsnarl\n|-supereffective|p1b: Grimmsnarl\n|-damage|p1b: Grimmsnarl|60\/100\n|-status|p1b: Grimmsnarl|psn\n|move|p1a: Diancie|Iron Defense|p1a: Diancie\n|-boost|p1a: Diancie|def|2\n|\n|-damage|p1b: Grimmsnarl|47\/100 psn|[from] psn\n|upkeep\n|turn|2\n|\n|t:|1699987568\n|-terastallize|p1a: Diancie|Grass\n|move|p1b: Grimmsnarl|Thunder Wave|p2b: Ogerpon\n|-status|p2b: Ogerpon|par\n|move|p2b: Ogerpon|Ivy Cudgel|p1a: Diancie|[anim] Ivy Cudgel Water\n|-resisted|p1a: Diancie\n|-crit|p1a: Diancie\n|-damage|p1a: Diancie|26\/100\n|-enditem|p1a: Diancie|Sitrus Berry|[eat]\n|-heal|p1a: Diancie|51\/100|[from] item: Sitrus Berry\n|move|p2a: Muk|Poison Jab|p1b: Grimmsnarl\n|-supereffective|p1b: Grimmsnarl\n|-damage|p1b: Grimmsnarl|8\/100 psn\n|move|p1a: Diancie|Substitute|p1a: Diancie\n|-start|p1a: Diancie|Substitute\n|-damage|p1a: Diancie|26\/100\n|\n|-damage|p1b: Grimmsnarl|0 fnt|[from] psn\n|faint|p1b: Grimmsnarl\n|upkeep\n|inactive|Blue Syrius has 120 seconds left.\n|\n|t:|1699987595\n|switch|p1b: Roaring Moon|Roaring Moon|100\/100\n|-enditem|p1b: Roaring Moon|Booster Energy\n|-activate|p1b: Roaring Moon|ability: Protosynthesis|[fromitem]\n|-start|p1b: Roaring Moon|protosynthesisatk\n|turn|3\n|inactive|Blue Syrius has 120 seconds left.\n|inactive|Azuretx has 120 seconds left.\n|\n|t:|1699987627\n|move|p1b: Roaring Moon|Acrobatics|p2b: Ogerpon\n|-supereffective|p2b: Ogerpon\n|-damage|p2b: Ogerpon|0 fnt\n|faint|p2b: Ogerpon\n|-ability|p2a: Muk|Water Absorb|[from] ability: Power of Alchemy|[of] p2b: Ogerpon\n|move|p1a: Diancie|Calm Mind|p1a: Diancie\n|-boost|p1a: Diancie|spa|1\n|-boost|p1a: Diancie|spd|1\n|move|p2a: Muk|Poison Jab|p1a: Diancie\n|-supereffective|p1a: Diancie\n|-activate|p1a: Diancie|move: Substitute|[damage]\n|\n|upkeep\n|inactive|Azuretx has 120 seconds left.\n|\n|t:|1699987643\n|switch|p2b: Sandy Shocks|Sandy Shocks|100\/100\n|-enditem|p2b: Sandy Shocks|Booster Energy\n|-activate|p2b: Sandy Shocks|ability: Protosynthesis|[fromitem]\n|-start|p2b: Sandy Shocks|protosynthesisspe\n|turn|4\n|\n|t:|1699987660\n|move|p2b: Sandy Shocks|Zap Cannon|p1b: Roaring Moon\n|-resisted|p1b: Roaring Moon\n|-damage|p1b: Roaring Moon|77\/100\n|-status|p1b: Roaring Moon|par\n|cant|p1b: Roaring Moon|par\n|move|p2a: Muk|Poison Jab|p1a: Diancie\n|-supereffective|p1a: Diancie\n|-activate|p1a: Diancie|move: Substitute|[damage]\n|move|p1a: Diancie|Baton Pass|p1a: Diancie\n|\n|t:|1699987669\n|switch|p1a: Oranguru|Oranguru, F|100\/100|[from] Baton Pass\n|\n|upkeep\n|turn|5\n|\n|t:|1699987699\n|move|p2b: Sandy Shocks|Zap Cannon|p1b: Roaring Moon|[miss]\n|-miss|p2b: Sandy Shocks|p1b: Roaring Moon\n|move|p1b: Roaring Moon|Earthquake|p2b: Sandy Shocks|[spread] p2a,p2b\n|-activate|p1a: Oranguru|ability: Telepathy\n|-supereffective|p2a: Muk\n|-supereffective|p2b: Sandy Shocks\n|-damage|p2a: Muk|23\/100\n|-damage|p2b: Sandy Shocks|36\/100\n|move|p1a: Oranguru|Yawn|p2a: Muk\n|-start|p2a: Muk|move: Yawn|[of] p1a: Oranguru\n|move|p2a: Muk|Mean Look||[still]\n|-fail|p2a: Muk\n|\n|upkeep\n|turn|6\n|\n|t:|1699987721\n|move|p2b: Sandy Shocks|Gravity|p2b: Sandy Shocks\n|-fieldstart|move: Gravity\n|move|p1b: Roaring Moon|Rock Slide|p2a: Muk|[spread] p2a,p2b\n|-resisted|p2b: Sandy Shocks\n|-damage|p2a: Muk|0 fnt\n|-damage|p2b: Sandy Shocks|24\/100\n|faint|p2a: Muk\n|move|p1a: Oranguru|Instruct|p1b: Roaring Moon\n|-singleturn|p1b: Roaring Moon|move: Instruct|[of] p1a: Oranguru\n|move|p1b: Roaring Moon|Rock Slide|p2b: Sandy Shocks\n|-resisted|p2b: Sandy Shocks\n|-crit|p2b: Sandy Shocks\n|-damage|p2b: Sandy Shocks|0 fnt\n|faint|p2b: Sandy Shocks\n|-end|p2b: Sandy Shocks|Protosynthesis|[silent]\n|\n|upkeep\n|inactive|Azuretx has 120 seconds left.\n|\n|t:|1699987739\n|switch|p2b: Bellibolt|Bellibolt, M|100\/100\n|switch|p2a: Zapdos|Zapdos, shiny|100\/100\n|-ability|p2a: Zapdos|Pressure\n|turn|7\n|\n|t:|1699987755\n|move|p2a: Zapdos|Electric Terrain|p2a: Zapdos\n|-fieldstart|move: Electric Terrain\n|-enditem|p2a: Zapdos|Electric Seed\n|-boost|p2a: Zapdos|def|1|[from] item: Electric Seed\n|move|p1b: Roaring Moon|Rock Slide|p2a: Zapdos|[spread] p2a,p2b\n|-supereffective|p2a: Zapdos\n|-damage|p2a: Zapdos|63\/100\n|-damage|p2b: Bellibolt|78\/100\n|-start|p2b: Bellibolt|Charge|Rock Slide|[from] ability: Electromorphosis\n|move|p1a: Oranguru|Yawn|p2a: Zapdos\n|-activate|p2a: Zapdos|move: Electric Terrain\n|cant|p2b: Bellibolt|flinch\n|-end|p2b: Bellibolt|Charge|[silent]\n|\n|upkeep\n|turn|8\n|\n|t:|1699987774\n|move|p2a: Zapdos|U-turn|p1b: Roaring Moon\n|-supereffective|p1b: Roaring Moon\n|-damage|p1b: Roaring Moon|52\/100 par\n|\n|t:|1699987779\n|switch|p2a: Thundurus|Thundurus-Therian, M, shiny|100\/100|[from] U-turn\n|move|p1b: Roaring Moon|Rock Slide|p2b: Bellibolt|[spread] p2a,p2b\n|-supereffective|p2a: Thundurus\n|-damage|p2a: Thundurus|18\/100\n|-damage|p2b: Bellibolt|55\/100\n|-start|p2b: Bellibolt|Charge|Rock Slide|[from] ability: Electromorphosis\n|move|p1a: Oranguru|Instruct|p1b: Roaring Moon\n|-singleturn|p1b: Roaring Moon|move: Instruct|[of] p1a: Oranguru\n|move|p1b: Roaring Moon|Rock Slide|p2b: Bellibolt|[spread] p2a,p2b\n|-supereffective|p2a: Thundurus\n|-damage|p2a: Thundurus|0 fnt\n|-damage|p2b: Bellibolt|32\/100\n|-start|p2b: Bellibolt|Charge|Rock Slide|[from] ability: Electromorphosis\n|faint|p2a: Thundurus\n|cant|p2b: Bellibolt|flinch\n|-end|p2b: Bellibolt|Charge|[silent]\n|\n|-sideend|p1: Blue Syrius|Reflect\n|upkeep\n|\n|t:|1699987803\n|switch|p2a: Zapdos|Zapdos, shiny|63\/100\n|-ability|p2a: Zapdos|Pressure\n|turn|9\n|\n|t:|1699987814\n|move|p2b: Bellibolt|Sucker Punch|p1b: Roaring Moon\n|-resisted|p1b: Roaring Moon\n|-damage|p1b: Roaring Moon|45\/100 par\n|move|p2a: Zapdos|U-turn|p1b: Roaring Moon\n|-supereffective|p1b: Roaring Moon\n|-damage|p1b: Roaring Moon|8\/100 par\n|move|p1b: Roaring Moon|Rock Slide|p2a: Zapdos|[spread] p2a,p2b\n|-supereffective|p2a: Zapdos\n|-damage|p2a: Zapdos|11\/100\n|-damage|p2b: Bellibolt|9\/100\n|-start|p2b: Bellibolt|Charge|Rock Slide|[from] ability: Electromorphosis\n|move|p1a: Oranguru|Instruct|p1b: Roaring Moon\n|-singleturn|p1b: Roaring Moon|move: Instruct|[of] p1a: Oranguru\n|move|p1b: Roaring Moon|Rock Slide|p2b: Bellibolt|[spread] p2a,p2b\n|-supereffective|p2a: Zapdos\n|-damage|p2a: Zapdos|0 fnt\n|-damage|p2b: Bellibolt|0 fnt\n|faint|p2a: Zapdos\n|faint|p2b: Bellibolt\n|\n|win|Blue Syrius\n|raw|Blue Syrius's rating: 1104 &rarr; <strong>1130<\/strong><br \/>(+26 for winning)\n|raw|Azuretx's rating: 1113 &rarr; <strong>1087<\/strong><br \/>(-26 for losing)\n","uploadtime":1699987835,"views":5,"p1id":"bluesyrius","p2id":"azuretx","formatid":"gen9doublesou","rating":1087,"private":0,"password":""}