{"id":"gen9doublesou-1972189214","p1":"Vylara","p2":"Rungy","format":"[Gen 9] Doubles OU","log":"|j|\u2606Vylara\n|j|\u2606Rungy\n|t:|1697820039\n|gametype|doubles\n|player|p1|Vylara|veteranf|\n|player|p2|Rungy|gambler|\n|teamsize|p1|6\n|teamsize|p2|6\n|gen|9\n|tier|[Gen 9] Doubles OU\n|rule|Species Clause: Limit one of each Pok\u00e9mon\n|rule|OHKO Clause: OHKO moves are banned\n|rule|Evasion Moves Clause: Evasion moves are banned\n|rule|Gravity Sleep Clause: The combination of sleep-inducing moves with imperfect accuracy and Gravity or Gigantamax Orbeetle are banned\n|rule|Endless Battle Clause: Forcing endless battles is banned\n|rule|HP Percentage Mod: HP is shown in percentages\n|clearpoke\n|poke|p1|Gliscor, M|\n|poke|p1|Tinkaton, F|\n|poke|p1|Tyranitar, F|\n|poke|p1|Lycanroc-Dusk, F|\n|poke|p1|Garganacl, M|\n|poke|p1|Sandy Shocks|\n|poke|p2|Grimmsnarl, M|\n|poke|p2|Farigiraf, F|\n|poke|p2|Gastrodon-East, M|\n|poke|p2|Sinistcha|\n|poke|p2|Arcanine, F|\n|poke|p2|Goodra-Hisui, M|\n|teampreview\n|\n|t:|1697820052\n|start\n|switch|p1a: Tyranitar|Tyranitar, F|100\/100\n|switch|p1b: Gliscor|Gliscor, M|100\/100\n|switch|p2a: Mr. Rothschild|Farigiraf, F|100\/100\n|switch|p2b: Khan|Gastrodon-East, M|100\/100\n|-weather|Sandstorm|[from] ability: Sand Stream|[of] p1a: Tyranitar\n|turn|1\n|\n|t:|1697820106\n|switch|p2a: Grimey|Grimmsnarl, M|100\/100\n|switch|p1a: Lycanroc|Lycanroc-Dusk, F|100\/100\n|move|p1b: Gliscor|Lunge|p2a: Grimey\n|-damage|p2a: Grimey|74\/100\n|-unboost|p2a: Grimey|atk|1\n|move|p2b: Khan|Ice Beam|p1b: Gliscor|[miss]\n|-miss|p2b: Khan|p1b: Gliscor\n|\n|-weather|Sandstorm|[upkeep]\n|-damage|p2a: Grimey|68\/100|[from] Sandstorm\n|upkeep\n|turn|2\n|\n|t:|1697820138\n|move|p2a: Grimey|Misty Terrain|p2a: Grimey\n|-fieldstart|move: Misty Terrain\n|move|p1a: Lycanroc|Trailblaze|p2b: Khan\n|-supereffective|p2b: Khan\n|-damage|p2b: Khan|0 fnt\n|-boost|p1a: Lycanroc|spe|1\n|faint|p2b: Khan\n|move|p1b: Gliscor|Dual Wingbeat|p2a: Grimey\n|-damage|p2a: Grimey|48\/100\n|-damage|p2a: Grimey|27\/100\n|-hitcount|p2a: Grimey|2\n|\n|-weather|Sandstorm|[upkeep]\n|-damage|p2a: Grimey|21\/100|[from] Sandstorm\n|upkeep\n|\n|t:|1697820151\n|switch|p2b: Kratom|Sinistcha|100\/100\n|-heal|p2a: Grimey|46\/100|[from] ability: Hospitality|[of] p2b: Kratom\n|turn|3\n|\n|t:|1697820163\n|switch|p1a: Tinkaton|Tinkaton, F|100\/100\n|-ability|p1a: Tinkaton|Mold Breaker\n|move|p2a: Grimey|Parting Shot|p1a: Tinkaton\n|-unboost|p1a: Tinkaton|atk|1\n|-unboost|p1a: Tinkaton|spa|1\n|\n|t:|1697820171\n|switch|p2a: Goodra|Goodra-Hisui, M|100\/100|[from] Parting Shot\n|move|p1b: Gliscor|Swords Dance|p1b: Gliscor\n|-boost|p1b: Gliscor|atk|2\n|move|p2b: Kratom|Strength Sap|p1b: Gliscor\n|-unboost|p1b: Gliscor|atk|1\n|\n|-weather|Sandstorm|[upkeep]\n|-damage|p2b: Kratom|94\/100|[from] Sandstorm\n|upkeep\n|turn|4\n|\n|t:|1697820191\n|move|p1a: Tinkaton|Fake Out|p2a: Goodra\n|-resisted|p2a: Goodra\n|-damage|p2a: Goodra|97\/100\n|move|p1b: Gliscor|Dual Wingbeat|p2b: Kratom\n|-supereffective|p2b: Kratom\n|-damage|p2b: Kratom|32\/100\n|-supereffective|p2b: Kratom\n|-damage|p2b: Kratom|0 fnt\n|faint|p2b: Kratom\n|-hitcount|p2: Kratom|2\n|cant|p2a: Goodra|flinch\n|\n|-weather|Sandstorm|[upkeep]\n|upkeep\n|\n|t:|1697820203\n|switch|p2b: Fang|Arcanine, F|100\/100\n|turn|5\n|\n|t:|1697820216\n|switch|p1a: Sandy Shocks|Sandy Shocks|100\/100\n|-enditem|p1a: Sandy Shocks|Booster Energy\n|-activate|p1a: Sandy Shocks|ability: Protosynthesis|[fromitem]\n|-start|p1a: Sandy Shocks|protosynthesisspa\n|move|p1b: Gliscor|High Horsepower|p2a: Goodra\n|-supereffective|p2a: Goodra\n|-damage|p2a: Goodra|0 fnt\n|faint|p2a: Goodra\n|move|p2b: Fang|Flare Blitz|p1a: Sandy Shocks\n|-damage|p1a: Sandy Shocks|43\/100\n|-damage|p2b: Fang|82\/100|[from] Recoil\n|-heal|p2b: Fang|89\/100|[from] item: Shell Bell|[of] p1a: Sandy Shocks\n|\n|-weather|Sandstorm|[upkeep]\n|-damage|p2b: Fang|83\/100|[from] Sandstorm\n|upkeep\n|\n|t:|1697820231\n|switch|p2a: Mr. Rothschild|Farigiraf, F|100\/100\n|turn|6\n|\n|t:|1697820248\n|move|p1a: Sandy Shocks|Power Gem|p2b: Fang\n|-supereffective|p2b: Fang\n|-damage|p2b: Fang|0 fnt\n|faint|p2b: Fang\n|move|p1b: Gliscor|Lunge|p2a: Mr. Rothschild\n|-supereffective|p2a: Mr. Rothschild\n|-damage|p2a: Mr. Rothschild|22\/100\n|-unboost|p2a: Mr. Rothschild|atk|1\n|move|p2a: Mr. Rothschild|Hyper Voice|p1a: Sandy Shocks|[spread] p1a,p1b\n|-damage|p1a: Sandy Shocks|7\/100\n|-damage|p1b: Gliscor|51\/100\n|-enditem|p2a: Mr. Rothschild|Throat Spray\n|-boost|p2a: Mr. Rothschild|spa|1|[from] item: Throat Spray\n|\n|-weather|Sandstorm|[upkeep]\n|-damage|p2a: Mr. Rothschild|16\/100|[from] Sandstorm\n|upkeep\n|c|\u2606Rungy|gg\n|\n|t:|1697820264\n|switch|p2b: Grimey|Grimmsnarl, M|46\/100\n|turn|7\n|c|\u2606Vylara|gg\n|\n|t:|1697820283\n|-end|p1a: Sandy Shocks|Protosynthesis|[silent]\n|switch|p1a: Tinkaton|Tinkaton, F|100\/100\n|-ability|p1a: Tinkaton|Mold Breaker\n|move|p1b: Gliscor|Lunge|p2a: Mr. Rothschild\n|-supereffective|p2a: Mr. Rothschild\n|-damage|p2a: Mr. Rothschild|0 fnt\n|faint|p2a: Mr. Rothschild\n|move|p2b: Grimey|False Surrender|p1b: Gliscor\n|-damage|p1b: Gliscor|6\/100\n|\n|-weather|Sandstorm|[upkeep]\n|-damage|p2b: Grimey|40\/100|[from] Sandstorm\n|upkeep\n|turn|8\n|\n|t:|1697820300\n|switch|p1b: Tyranitar|Tyranitar, F|100\/100\n|move|p1a: Tinkaton|Gigaton Hammer|p2b: Grimey\n|-supereffective|p2b: Grimey\n|-damage|p2b: Grimey|0 fnt\n|faint|p2b: Grimey\n|\n|win|Vylara\n","uploadtime":1697820307,"views":13,"p1id":"vylara","p2id":"rungy","formatid":"gen9doublesou","rating":0,"private":0,"password":""}