{"id":"gen9doublesou-1985131415","p1":"jojitos","p2":"Joecheve13","format":"[Gen 9] Doubles OU","log":"|j|\u2606jojitos\n|j|\u2606Joecheve13\n|t:|1699335494\n|gametype|doubles\n|player|p1|jojitos|gentleman-gen4|1239\n|player|p2|Joecheve13|pokemaniac|1503\n|teamsize|p1|6\n|teamsize|p2|6\n|gen|9\n|tier|[Gen 9] Doubles OU\n|rated|\n|rule|Species Clause: Limit one of each Pok\u00e9mon\n|rule|OHKO Clause: OHKO moves are banned\n|rule|Evasion Moves Clause: Evasion moves are banned\n|rule|Gravity Sleep Clause: The combination of sleep-inducing moves with imperfect accuracy and Gravity or Gigantamax Orbeetle are banned\n|rule|Endless Battle Clause: Forcing endless battles is banned\n|rule|HP Percentage Mod: HP is shown in percentages\n|clearpoke\n|poke|p1|Kleavor, F|\n|poke|p1|Clodsire, M|\n|poke|p1|Iron Moth|\n|poke|p1|Sinistcha-Masterpiece|\n|poke|p1|Ninetales-Alola, M|\n|poke|p1|Mamoswine, F|\n|poke|p2|Pelipper, M|\n|poke|p2|Landorus, M|\n|poke|p2|Volcanion|\n|poke|p2|Tinkaton, F|\n|poke|p2|Grimmsnarl, M|\n|poke|p2|Dragonite, M|\n|teampreview\n|inactive|Battle timer is ON: inactive players will automatically lose when time's up. (requested by Joecheve13)\n|\n|t:|1699335515\n|start\n|switch|p1a: Ninetales|Ninetales-Alola, M|100\/100\n|switch|p1b: Mamoswine|Mamoswine, F|100\/100\n|switch|p2a: Landorus|Landorus, M|100\/100\n|switch|p2b: Tinkaton|Tinkaton, F|100\/100\n|-weather|Snow|[from] ability: Snow Warning|[of] p1a: Ninetales\n|turn|1\n|\n|t:|1699335525\n|move|p1a: Ninetales|Protect|p1a: Ninetales\n|-singleturn|p1a: Ninetales|Protect\n|move|p2a: Landorus|Stealth Rock|p1a: Ninetales\n|-sidestart|p1: jojitos|move: Stealth Rock\n|move|p2b: Tinkaton|Gigaton Hammer|p1a: Ninetales\n|-activate|p1a: Ninetales|move: Protect\n|move|p1b: Mamoswine|Knock Off|p2a: Landorus\n|-damage|p2a: Landorus|59\/100\n|-enditem|p2a: Landorus|Focus Sash|[from] move: Knock Off|[of] p1b: Mamoswine\n|\n|-weather|Snow|[upkeep]\n|upkeep\n|turn|2\n|\n|t:|1699335543\n|move|p2a: Landorus|Protect|p2a: Landorus\n|-singleturn|p2a: Landorus|Protect\n|move|p1b: Mamoswine|Ice Shard|p2a: Landorus\n|-activate|p2a: Landorus|move: Protect\n|move|p1a: Ninetales|Aurora Veil|p1a: Ninetales\n|-sidestart|p1: jojitos|move: Aurora Veil\n|move|p2b: Tinkaton|Play Rough|p1b: Mamoswine\n|-damage|p1b: Mamoswine|86\/100\n|-unboost|p1b: Mamoswine|atk|1\n|\n|-weather|Snow|[upkeep]\n|upkeep\n|turn|3\n|\n|t:|1699335565\n|switch|p2a: Pelipper|Pelipper, M|100\/100\n|-weather|RainDance|[from] ability: Drizzle|[of] p2a: Pelipper\n|move|p1a: Ninetales|Blizzard|p2b: Tinkaton|[spread] p2a,p2b\n|-resisted|p2b: Tinkaton\n|-damage|p2a: Pelipper|47\/100\n|-damage|p2b: Tinkaton|91\/100\n|-status|p2a: Pelipper|frz\n|-status|p2b: Tinkaton|frz\n|cant|p2b: Tinkaton|frz\n|move|p1b: Mamoswine|Rock Slide|p2b: Tinkaton|[spread] p2a,p2b\n|-supereffective|p2a: Pelipper\n|-resisted|p2b: Tinkaton\n|-damage|p2a: Pelipper|9\/100 frz\n|-damage|p2b: Tinkaton|83\/100 frz\n|\n|-weather|RainDance|[upkeep]\n|upkeep\n|turn|4\n|inactive|jojitos has 120 seconds left.\n|\n|t:|1699335602\n|switch|p1a: Kleavor|Kleavor, F, shiny|100\/100\n|-damage|p1a: Kleavor|76\/100|[from] Stealth Rock\n|cant|p2a: Pelipper|frz\n|cant|p2b: Tinkaton|frz\n|move|p1b: Mamoswine|Earthquake|p2a: Pelipper|[spread] p1a,p2b\n|-immune|p2a: Pelipper\n|-supereffective|p2b: Tinkaton\n|-damage|p1a: Kleavor|50\/100\n|-damage|p2b: Tinkaton|22\/100 frz\n|\n|-weather|RainDance|[upkeep]\n|upkeep\n|turn|5\n|\n|t:|1699335620\n|move|p1a: Kleavor|Stone Axe|p2a: Pelipper\n|-supereffective|p2a: Pelipper\n|-damage|p2a: Pelipper|0 fnt\n|-sidestart|p2: Joecheve13|move: Stealth Rock\n|faint|p2a: Pelipper\n|cant|p2b: Tinkaton|frz\n|move|p1b: Mamoswine|Rock Slide|p2b: Tinkaton\n|-resisted|p2b: Tinkaton\n|-damage|p2b: Tinkaton|11\/100 frz\n|\n|-weather|RainDance|[upkeep]\n|upkeep\n|\n|t:|1699335624\n|switch|p2a: Dragonite|Dragonite, M|100\/100\n|-damage|p2a: Dragonite|76\/100|[from] Stealth Rock\n|turn|6\n|\n|t:|1699335641\n|switch|p1a: Ninetales|Ninetales-Alola, M|100\/100\n|-damage|p1a: Ninetales|75\/100|[from] Stealth Rock\n|-weather|Snow|[from] ability: Snow Warning|[of] p1a: Ninetales\n|-terastallize|p2a: Dragonite|Normal\n|move|p1b: Mamoswine|Ice Shard|p2a: Dragonite\n|-damage|p2a: Dragonite|62\/100\n|cant|p2b: Tinkaton|frz\n|move|p2a: Dragonite|Brick Break|p1b: Mamoswine\n|-sideend|p1: jojitos|move: Aurora Veil\n|-supereffective|p1b: Mamoswine\n|-damage|p1b: Mamoswine|46\/100\n|\n|-weather|Snow|[upkeep]\n|upkeep\n|turn|7\n|\n|t:|1699335660\n|move|p1a: Ninetales|Protect|p1a: Ninetales\n|-singleturn|p1a: Ninetales|Protect\n|move|p2a: Dragonite|Extreme Speed|p1a: Ninetales\n|-activate|p1a: Ninetales|move: Protect\n|cant|p2b: Tinkaton|frz\n|move|p1b: Mamoswine|Rock Slide|p2a: Dragonite|[spread] p2a,p2b\n|-resisted|p2b: Tinkaton\n|-damage|p2a: Dragonite|49\/100\n|-damage|p2b: Tinkaton|3\/100 frz\n|\n|-weather|Snow|[upkeep]\n|upkeep\n|turn|8\n|\n|t:|1699335684\n|switch|p1a: Sinistcha|Sinistcha-Masterpiece|100\/100\n|-damage|p1a: Sinistcha|88\/100|[from] Stealth Rock\n|move|p2a: Dragonite|Extreme Speed|p1b: Mamoswine\n|-damage|p1b: Mamoswine|14\/100\n|move|p1b: Mamoswine|Ice Shard|p2b: Tinkaton\n|-resisted|p2b: Tinkaton\n|-damage|p2b: Tinkaton|0 fnt\n|faint|p2b: Tinkaton\n|\n|-weather|Snow|[upkeep]\n|upkeep\n|\n|t:|1699335697\n|switch|p2b: Volcanion|Volcanion|100\/100\n|-damage|p2b: Volcanion|75\/100|[from] Stealth Rock\n|turn|9\n|\n|t:|1699335714\n|switch|p1b: Clodsire|Clodsire, M, shiny|100\/100\n|-damage|p1b: Clodsire|94\/100|[from] Stealth Rock\n|move|p2a: Dragonite|Extreme Speed|p1b: Clodsire\n|-damage|p1b: Clodsire|56\/100\n|move|p2b: Volcanion|Heat Wave|p1b: Clodsire|[spread] p1a,p1b\n|-supereffective|p1a: Sinistcha\n|-damage|p1a: Sinistcha|49\/100\n|-damage|p1b: Clodsire|27\/100\n|-enditem|p1a: Sinistcha|Weakness Policy\n|-boost|p1a: Sinistcha|atk|2|[from] item: Weakness Policy\n|-boost|p1a: Sinistcha|spa|2|[from] item: Weakness Policy\n|move|p1a: Sinistcha|Reflect|p1a: Sinistcha\n|-sidestart|p1: jojitos|Reflect\n|\n|-weather|Snow|[upkeep]\n|-heal|p1b: Clodsire|33\/100|[from] item: Black Sludge\n|upkeep\n|turn|10\n|\n|t:|1699335740\n|move|p2a: Dragonite|Extreme Speed|p1b: Clodsire\n|-damage|p1b: Clodsire|9\/100\n|move|p1a: Sinistcha|Matcha Gotcha|p2a: Dragonite|[spread] p2a,p2b\n|-damage|p2a: Dragonite|0 fnt\n|-heal|p1a: Sinistcha|79\/100|[from] drain|[of] p2a: Dragonite\n|-damage|p2b: Volcanion|25\/100\n|-heal|p1a: Sinistcha|100\/100|[from] drain|[of] p2b: Volcanion\n|faint|p2a: Dragonite\n|move|p2b: Volcanion|Heat Wave|p1a: Sinistcha|[spread] p1a,p1b\n|-supereffective|p1a: Sinistcha\n|-damage|p1a: Sinistcha|56\/100\n|-damage|p1b: Clodsire|0 fnt\n|faint|p1b: Clodsire\n|\n|-weather|none\n|upkeep\n|\n|t:|1699335762\n|switch|p2a: Grimmsnarl|Grimmsnarl, M|100\/100\n|switch|p1b: Iron Moth|Iron Moth|100\/100\n|-damage|p1b: Iron Moth|76\/100|[from] Stealth Rock\n|-damage|p2a: Grimmsnarl|88\/100|[from] Stealth Rock\n|-enditem|p1b: Iron Moth|Booster Energy\n|-activate|p1b: Iron Moth|ability: Quark Drive|[fromitem]\n|-start|p1b: Iron Moth|quarkdrivespe\n|turn|11\n|\n|t:|1699335776\n|move|p2a: Grimmsnarl|Thunder Wave|p1a: Sinistcha\n|-status|p1a: Sinistcha|par\n|move|p1b: Iron Moth|Light Screen|p1b: Iron Moth\n|-sidestart|p1: jojitos|move: Light Screen\n|move|p2b: Volcanion|Steam Eruption|p1b: Iron Moth\n|-supereffective|p1b: Iron Moth\n|-damage|p1b: Iron Moth|0 fnt\n|faint|p1b: Iron Moth\n|-end|p1b: Iron Moth|Quark Drive|[silent]\n|move|p1a: Sinistcha|Matcha Gotcha|p2a: Grimmsnarl|[spread] p2a,p2b\n|-damage|p2a: Grimmsnarl|28\/100\n|-heal|p1a: Sinistcha|94\/100 par|[from] drain|[of] p2a: Grimmsnarl\n|-damage|p2b: Volcanion|0 fnt\n|-heal|p1a: Sinistcha|100\/100 par|[from] drain|[of] p2b: Volcanion\n|faint|p2b: Volcanion\n|\n|upkeep\n|\n|t:|1699335792\n|switch|p1b: Kleavor|Kleavor, F, shiny|50\/100\n|switch|p2b: Landorus|Landorus, M|59\/100\n|-damage|p2b: Landorus|47\/100|[from] Stealth Rock\n|-damage|p1b: Kleavor|26\/100|[from] Stealth Rock\n|turn|12\n|\n|t:|1699335804\n|move|p2a: Grimmsnarl|Reflect|p2a: Grimmsnarl\n|-sidestart|p2: Joecheve13|Reflect\n|move|p2b: Landorus|Sandsear Storm|p1b: Kleavor|[spread] \n|-miss|p2b: Landorus|p1a: Sinistcha\n|-miss|p2b: Landorus|p1b: Kleavor\n|move|p1b: Kleavor|Stone Axe|p2b: Landorus\n|-damage|p2b: Landorus|5\/100\n|move|p1a: Sinistcha|Matcha Gotcha|p2a: Grimmsnarl|[spread] p2a,p2b\n|-damage|p2a: Grimmsnarl|0 fnt\n|-damage|p2b: Landorus|0 fnt\n|faint|p2a: Grimmsnarl\n|faint|p2b: Landorus\n|\n|win|jojitos\n|raw|jojitos's rating: 1239 &rarr; <strong>1280<\/strong><br \/>(+41 for winning)\n|raw|Joecheve13's rating: 1503 &rarr; <strong>1470<\/strong><br \/>(-33 for losing)\n|l|\u2606Joecheve13\n","uploadtime":1699335852,"views":9,"p1id":"jojitos","p2id":"joecheve13","formatid":"gen9doublesou","rating":1280,"private":0,"password":""}