{"id":"gen9doublesou-1997862037","p1":"jimmypurple3000","p2":"h4v0ckn1ght","format":"[Gen 9] Doubles OU","log":"|j|\u2606jimmypurple3000\n|j|\u2606h4v0ckn1ght\n|inactive|Battle timer is ON: inactive players will automatically lose when time's up.\n|t:|1700860919\n|gametype|doubles\n|player|p1|jimmypurple3000|aetherfoundation|\n|player|p2|h4v0ckn1ght|rosa|\n|teamsize|p1|6\n|teamsize|p2|6\n|gen|9\n|tier|[Gen 9] Doubles OU\n|rated|Tournament battle\n|rule|Species Clause: Limit one of each Pok\u00e9mon\n|rule|OHKO Clause: OHKO moves are banned\n|rule|Evasion Moves Clause: Evasion moves are banned\n|rule|Gravity Sleep Clause: The combination of sleep-inducing moves with imperfect accuracy and Gravity or Gigantamax Orbeetle are banned\n|rule|Endless Battle Clause: Forcing endless battles is banned\n|rule|HP Percentage Mod: HP is shown in percentages\n|clearpoke\n|poke|p1|Tornadus, M|\n|poke|p1|Thundurus-Therian, M|\n|poke|p1|Politoed, M|\n|poke|p1|Palafin, M|\n|poke|p1|Farigiraf, F|\n|poke|p1|Kingambit, M|\n|poke|p2|Dachsbun, M|\n|poke|p2|Heatran, M|\n|poke|p2|Kleavor, M|\n|poke|p2|Glimmora, M|\n|poke|p2|Flutter Mane|\n|poke|p2|Dragonite, M|\n|teampreview\n|inactive|jimmypurple3000 also wants the timer to be on.\n|inactive|h4v0ckn1ght also wants the timer to be on.\n|c|\u2606h4v0ckn1ght|oh\n|c|\u2606h4v0ckn1ght|rain\n|c|\u2606h4v0ckn1ght|rip me\n|\n|t:|1700860937\n|start\n|switch|p1a: Tornadus|Tornadus, M|100\/100\n|switch|p1b: Thundurus|Thundurus-Therian, M|100\/100\n|switch|p2a: Glimmora|Glimmora, M|100\/100\n|switch|p2b: Kleavor|Kleavor, M|100\/100\n|turn|1\n|\n|t:|1700860954\n|switch|p1b: Politoed|Politoed, M|100\/100\n|-weather|RainDance|[from] ability: Drizzle|[of] p1b: Politoed\n|move|p2b: Kleavor|Stone Axe|p1b: Politoed\n|-damage|p1b: Politoed|39\/100\n|-sidestart|p1: jimmypurple3000|move: Stealth Rock\n|move|p1a: Tornadus|Bleakwind Storm|p2b: Kleavor|[spread] p2a,p2b\n|-resisted|p2a: Glimmora\n|-damage|p2a: Glimmora|76\/100\n|-damage|p2b: Kleavor|43\/100\n|-unboost|p2b: Kleavor|spe|1\n|move|p2a: Glimmora|Spikes|p1b: Politoed\n|-sidestart|p1: jimmypurple3000|Spikes\n|\n|-weather|RainDance|[upkeep]\n|upkeep\n|turn|2\n|inactive|h4v0ckn1ght has 120 seconds left.\n|\n|t:|1700861005\n|move|p1a: Tornadus|Tailwind|p1a: Tornadus\n|-sidestart|p1: jimmypurple3000|move: Tailwind\n|move|p1b: Politoed|Muddy Water|p2a: Glimmora|[spread] p2a,p2b\n|-supereffective|p2a: Glimmora\n|-supereffective|p2b: Kleavor\n|-damage|p2a: Glimmora|0 fnt\n|-damage|p2b: Kleavor|0 fnt\n|faint|p2a: Glimmora\n|faint|p2b: Kleavor\n|\n|-weather|RainDance|[upkeep]\n|upkeep\n|\n|t:|1700861009\n|switch|p2a: Flutter Mane|Flutter Mane|100\/100\n|switch|p2b: Dragonite|Dragonite, M|100\/100\n|turn|3\n|inactive|h4v0ckn1ght has 120 seconds left.\n|\n|t:|1700861020\n|move|p2b: Dragonite|Extreme Speed|p1b: Politoed\n|-crit|p1b: Politoed\n|-damage|p1b: Politoed|0 fnt\n|faint|p1b: Politoed\n|move|p1a: Tornadus|Bleakwind Storm|p2b: Dragonite|[spread] p2a,p2b\n|-damage|p2a: Flutter Mane|64\/100\n|-damage|p2b: Dragonite|69\/100\n|move|p2a: Flutter Mane|Moonblast|p1a: Tornadus\n|-enditem|p1a: Tornadus|Focus Sash\n|-damage|p1a: Tornadus|1\/100\n|\n|-weather|RainDance|[upkeep]\n|upkeep\n|\n|t:|1700861039\n|switch|p1b: Farigiraf|Farigiraf, F|100\/100\n|-damage|p1b: Farigiraf|88\/100|[from] Stealth Rock\n|-damage|p1b: Farigiraf|76\/100|[from] Spikes\n|turn|4\n|\n|t:|1700861047\n|move|p2b: Dragonite|Extreme Speed||[still]\n|cant|p1b: Farigiraf|ability: Armor Tail|Extreme Speed|[of] p2b: Dragonite\n|move|p1a: Tornadus|Bleakwind Storm|p2b: Dragonite|[spread] p2a,p2b\n|-damage|p2a: Flutter Mane|26\/100\n|-damage|p2b: Dragonite|35\/100\n|-unboost|p2a: Flutter Mane|spe|1\n|move|p1b: Farigiraf|Nasty Plot|p1b: Farigiraf\n|-boost|p1b: Farigiraf|spa|2\n|move|p2a: Flutter Mane|Moonblast|p1b: Farigiraf\n|-damage|p1b: Farigiraf|3\/100\n|-enditem|p1b: Farigiraf|Sitrus Berry|[eat]\n|-heal|p1b: Farigiraf|28\/100|[from] item: Sitrus Berry\n|\n|-weather|RainDance|[upkeep]\n|upkeep\n|turn|5\n|\n|t:|1700861073\n|switch|p2b: Heatran|Heatran, M|100\/100\n|move|p1a: Tornadus|Bleakwind Storm|p2a: Flutter Mane|[spread] p2a,p2b\n|-resisted|p2b: Heatran\n|-damage|p2a: Flutter Mane|0 fnt\n|-damage|p2b: Heatran|88\/100\n|faint|p2a: Flutter Mane\n|-end|p2a: Flutter Mane|Protosynthesis|[silent]\n|move|p1b: Farigiraf|Hyper Voice|p2b: Heatran\n|-resisted|p2b: Heatran\n|-damage|p2b: Heatran|56\/100\n|\n|-weather|RainDance|[upkeep]\n|-sideend|p1: jimmypurple3000|move: Tailwind\n|upkeep\n|\n|t:|1700861084\n|switch|p2a: Dachsbun|Dachsbun, M|100\/100\n|turn|6\n|\n|t:|1700861101\n|switch|p1b: Kingambit|Kingambit, M|100\/100\n|-damage|p1b: Kingambit|94\/100|[from] Stealth Rock\n|-damage|p1b: Kingambit|82\/100|[from] Spikes\n|move|p1a: Tornadus|Bleakwind Storm|p2b: Heatran|[spread] p2a,p2b\n|-resisted|p2b: Heatran\n|-damage|p2a: Dachsbun|73\/100\n|-damage|p2b: Heatran|44\/100\n|-unboost|p2b: Heatran|spe|1\n|move|p2a: Dachsbun|Trailblaze|p1b: Kingambit\n|-resisted|p1b: Kingambit\n|-damage|p1b: Kingambit|78\/100\n|-boost|p2a: Dachsbun|spe|1\n|move|p2b: Heatran|Lava Plume|p1b: Kingambit|[spread] p1a,p1b\n|-ability|p2a: Dachsbun|Well-Baked Body|boost\n|-boost|p2a: Dachsbun|def|2\n|-supereffective|p1b: Kingambit\n|-damage|p1a: Tornadus|0 fnt\n|-damage|p1b: Kingambit|53\/100\n|faint|p1a: Tornadus\n|\n|-weather|RainDance|[upkeep]\n|upkeep\n|inactive|jimmypurple3000 has 120 seconds left.\n|\n|t:|1700861125\n|switch|p1a: Palafin|Palafin, M|100\/100\n|-damage|p1a: Palafin|88\/100|[from] Stealth Rock\n|-damage|p1a: Palafin|76\/100|[from] Spikes\n|turn|7\n|inactive|h4v0ckn1ght has 120 seconds left.\n|inactive|h4v0ckn1ght has 90 seconds left.\n|\n|t:|1700861204\n|move|p2a: Dachsbun|Body Press|p1a: Palafin\n|-damage|p1a: Palafin|13\/100\n|move|p1a: Palafin|Wave Crash|p2b: Heatran\n|-supereffective|p2b: Heatran\n|-damage|p2b: Heatran|0 fnt\n|faint|p2b: Heatran\n|-damage|p1a: Palafin|0 fnt|[from] Recoil\n|faint|p1a: Palafin\n|move|p1b: Kingambit|Swords Dance|p1b: Kingambit\n|-boost|p1b: Kingambit|atk|2\n|\n|-weather|RainDance|[upkeep]\n|upkeep\n|\n|t:|1700861218\n|switch|p1a: Thundurus|Thundurus-Therian, M|100\/100\n|switch|p2b: Dragonite|Dragonite, M|35\/100\n|-damage|p1a: Thundurus|76\/100|[from] Stealth Rock\n|turn|8\n|inactive|h4v0ckn1ght has 90 seconds left.\n|inactive|h4v0ckn1ght has 60 seconds left.\n|inactive|jimmypurple3000 has 120 seconds left.\n|\n|t:|1700861305\n|switch|p1b: Farigiraf|Farigiraf, F|28\/100\n|-damage|p1b: Farigiraf|16\/100|[from] Stealth Rock\n|-damage|p1b: Farigiraf|4\/100|[from] Spikes\n|-terastallize|p2a: Dachsbun|Steel\n|move|p2b: Dragonite|Extreme Speed||[still]\n|cant|p1b: Farigiraf|ability: Armor Tail|Extreme Speed|[of] p2b: Dragonite\n|move|p2a: Dachsbun|Body Press|p1b: Farigiraf\n|-damage|p1b: Farigiraf|0 fnt\n|faint|p1b: Farigiraf\n|move|p1a: Thundurus|Wildbolt Storm|p2b: Dragonite|[spread] p2a,p2b\n|-damage|p2a: Dachsbun|44\/100\n|-damage|p2b: Dragonite|0 fnt\n|-status|p2a: Dachsbun|par\n|faint|p2b: Dragonite\n|\n|-weather|none\n|upkeep\n|inactive|jimmypurple3000 has 120 seconds left.\n|\n|t:|1700861319\n|switch|p1b: Kingambit|Kingambit, M|53\/100\n|-damage|p1b: Kingambit|47\/100|[from] Stealth Rock\n|-damage|p1b: Kingambit|34\/100|[from] Spikes\n|turn|9\n|inactive|jimmypurple3000 has 120 seconds left.\n|\n|t:|1700861344\n|move|p1a: Thundurus|Nasty Plot|p1a: Thundurus\n|-boost|p1a: Thundurus|spa|2\n|move|p2a: Dachsbun|Body Press|p1a: Thundurus\n|-resisted|p1a: Thundurus\n|-damage|p1a: Thundurus|36\/100\n|move|p1b: Kingambit|Swords Dance|p1b: Kingambit\n|-boost|p1b: Kingambit|atk|2\n|\n|upkeep\n|turn|10\n|\n|t:|1700861366\n|move|p1b: Kingambit|Sucker Punch|p2a: Dachsbun\n|-damage|p2a: Dachsbun|10\/100 par\n|move|p1a: Thundurus|Wildbolt Storm|p2a: Dachsbun\n|-damage|p2a: Dachsbun|0 fnt\n|faint|p2a: Dachsbun\n|\n|win|jimmypurple3000\n|n|\u2606jimmypurple3000|jimmypurple3000\n|n|\u2606h4v0ckn1ght|h4v0ckn1ght\n|c|\u2606jimmypurple3000|gg\n|c|\u2606h4v0ckn1ght|Gg\n|l|\u2606h4v0ckn1ght\n","uploadtime":1700861367,"views":4,"p1id":"jimmypurple3000","p2id":"h4v0ckn1ght","formatid":"gen9doublesou","rating":0,"private":0,"password":""}