{"id":"gen9doublesou-1989542329","p1":"imto","p2":"1000s are weird","format":"[Gen 9] Doubles OU","log":"|j|\u2606imto\n|j|\u26061000s are weird\n|t:|1699868483\n|gametype|doubles\n|player|p1|imto|crasherwake|1146\n|player|p2|1000s are weird|cynthia|1130\n|teamsize|p1|6\n|teamsize|p2|6\n|gen|9\n|tier|[Gen 9] Doubles OU\n|rated|\n|rule|Species Clause: Limit one of each Pok\u00e9mon\n|rule|OHKO Clause: OHKO moves are banned\n|rule|Evasion Moves Clause: Evasion moves are banned\n|rule|Gravity Sleep Clause: The combination of sleep-inducing moves with imperfect accuracy and Gravity or Gigantamax Orbeetle are banned\n|rule|Endless Battle Clause: Forcing endless battles is banned\n|rule|HP Percentage Mod: HP is shown in percentages\n|clearpoke\n|poke|p1|Amoonguss, F|\n|poke|p1|Palafin, M|\n|poke|p1|Dragonite, M|\n|poke|p1|Iron Hands|\n|poke|p1|Arcanine, M|\n|poke|p1|Flamigo, F|\n|poke|p2|Garganacl, M|\n|poke|p2|Clefairy, F|\n|poke|p2|Umbreon, M|\n|poke|p2|Grimmsnarl, M|\n|poke|p2|Vespiquen, F|\n|poke|p2|Hippowdon, F|\n|teampreview\n|\n|t:|1699868512\n|start\n|switch|p1a: Iron Hands|Iron Hands|100\/100\n|switch|p1b: the wall|Amoonguss, F|100\/100\n|switch|p2a: Grimmsnarl|Grimmsnarl, M|100\/100\n|switch|p2b: Clefairy|Clefairy, F|100\/100\n|turn|1\n|\n|t:|1699868542\n|move|p2a: Grimmsnarl|Fake Out|p1b: the wall\n|-damage|p1b: the wall|90\/100\n|move|p1a: Iron Hands|Thunder Punch|p2b: Clefairy\n|-damage|p2b: Clefairy|66\/100\n|move|p2b: Clefairy|Cosmic Power|p2b: Clefairy\n|-boost|p2b: Clefairy|def|1\n|-boost|p2b: Clefairy|spd|1\n|cant|p1b: the wall|flinch\n|\n|upkeep\n|turn|2\n|\n|t:|1699868563\n|move|p2a: Grimmsnarl|Parting Shot|p1a: Iron Hands\n|-unboost|p1a: Iron Hands|atk|1\n|-unboost|p1a: Iron Hands|spa|1\n|\n|t:|1699868570\n|switch|p2a: Hippowdon|Hippowdon, F|100\/100|[from] Parting Shot\n|-weather|Sandstorm|[from] ability: Sand Stream|[of] p2a: Hippowdon\n|move|p1a: Iron Hands|Drain Punch|p2a: Hippowdon\n|-damage|p2a: Hippowdon|91\/100\n|-damage|p1a: Iron Hands|84\/100|[from] item: Rocky Helmet|[of] p2a: Hippowdon\n|move|p2b: Clefairy|Baton Pass|p2b: Clefairy\n|\n|t:|1699868580\n|switch|p2b: Shio-San|Garganacl, M, shiny|100\/100|[from] Baton Pass\n|move|p1b: the wall|Spore|p2a: Hippowdon\n|-status|p2a: Hippowdon|slp|[from] move: Spore\n|\n|-weather|Sandstorm|[upkeep]\n|-damage|p1a: Iron Hands|78\/100|[from] Sandstorm\n|-damage|p1b: the wall|83\/100|[from] Sandstorm\n|-heal|p1a: Iron Hands|84\/100|[from] item: Leftovers\n|upkeep\n|turn|3\n|\n|t:|1699868607\n|-terastallize|p2b: Shio-San|Ghost\n|move|p1a: Iron Hands|Drain Punch|p2b: Shio-San\n|-immune|p2b: Shio-San\n|cant|p2a: Hippowdon|slp\n|move|p2b: Shio-San|Stealth Rock|p1b: the wall\n|-sidestart|p1: imto|move: Stealth Rock\n|move|p1b: the wall|Clear Smog|p2b: Shio-San\n|-resisted|p2b: Shio-San\n|-damage|p2b: Shio-San|97\/100\n|-clearboost|p2b: Shio-San\n|\n|-weather|Sandstorm|[upkeep]\n|-damage|p1a: Iron Hands|78\/100|[from] Sandstorm\n|-damage|p2b: Shio-San|91\/100|[from] Sandstorm\n|-damage|p1b: the wall|77\/100|[from] Sandstorm\n|-heal|p1a: Iron Hands|84\/100|[from] item: Leftovers\n|-heal|p2b: Shio-San|97\/100|[from] item: Leftovers\n|upkeep\n|turn|4\n|\n|t:|1699868629\n|switch|p1b: Palafin|Palafin, M|100\/100\n|-damage|p1b: Palafin|88\/100|[from] Stealth Rock\n|move|p1a: Iron Hands|Thunder Punch|p2b: Shio-San\n|-damage|p2b: Shio-San|79\/100\n|cant|p2a: Hippowdon|slp\n|move|p2b: Shio-San|Salt Cure|p1b: Palafin\n|-damage|p1b: Palafin|70\/100\n|-start|p1b: Palafin|Salt Cure\n|\n|-weather|Sandstorm|[upkeep]\n|-damage|p1b: Palafin|64\/100|[from] Sandstorm\n|-damage|p1a: Iron Hands|78\/100|[from] Sandstorm\n|-damage|p2b: Shio-San|73\/100|[from] Sandstorm\n|-heal|p1a: Iron Hands|84\/100|[from] item: Leftovers\n|-heal|p2b: Shio-San|79\/100|[from] item: Leftovers\n|-damage|p1b: Palafin|39\/100|[from] Salt Cure\n|upkeep\n|turn|5\n|\n|t:|1699868653\n|move|p1b: Palafin|Flip Turn|p2a: Hippowdon\n|-supereffective|p2a: Hippowdon\n|-damage|p2a: Hippowdon|62\/100 slp\n|-damage|p1b: Palafin|23\/100|[from] item: Rocky Helmet|[of] p2a: Hippowdon\n|\n|t:|1699868660\n|detailschange|p1b: Palafin|Palafin-Hero, M\n|switch|p1b: Arcanine|Arcanine, M|100\/100|[from] Flip Turn\n|-damage|p1b: Arcanine|76\/100|[from] Stealth Rock\n|-ability|p1b: Arcanine|Intimidate|boost\n|-unboost|p2a: Hippowdon|atk|1\n|-unboost|p2b: Shio-San|atk|1\n|move|p1a: Iron Hands|Thunder Punch|p2b: Shio-San\n|-crit|p2b: Shio-San\n|-damage|p2b: Shio-San|40\/100\n|-curestatus|p2a: Hippowdon|slp|[msg]\n|move|p2a: Hippowdon|Yawn|p1b: Arcanine\n|-start|p1b: Arcanine|move: Yawn|[of] p2a: Hippowdon\n|move|p2b: Shio-San|Recover|p2b: Shio-San\n|-heal|p2b: Shio-San|90\/100\n|\n|-weather|Sandstorm|[upkeep]\n|-damage|p1b: Arcanine|69\/100|[from] Sandstorm\n|-damage|p1a: Iron Hands|78\/100|[from] Sandstorm\n|-damage|p2b: Shio-San|84\/100|[from] Sandstorm\n|-heal|p1b: Arcanine|76\/100|[from] item: Leftovers\n|-heal|p1a: Iron Hands|84\/100|[from] item: Leftovers\n|-heal|p2b: Shio-San|90\/100|[from] item: Leftovers\n|upkeep\n|turn|6\n|\n|t:|1699868701\n|switch|p1b: Palafin|Palafin-Hero, M|23\/100\n|-damage|p1b: Palafin|10\/100|[from] Stealth Rock\n|-activate|p1b: Palafin|ability: Zero to Hero\n|-end|p1a: Iron Hands|Quark Drive|[silent]\n|switch|p1a: the wall|Amoonguss, F|100\/100\n|-damage|p1a: the wall|88\/100|[from] Stealth Rock\n|move|p2a: Hippowdon|Slack Off|p2a: Hippowdon\n|-heal|p2a: Hippowdon|100\/100\n|move|p2b: Shio-San|Salt Cure|p1b: Palafin\n|-damage|p1b: Palafin|0 fnt\n|faint|p1b: Palafin\n|\n|-weather|none\n|-heal|p2b: Shio-San|96\/100|[from] item: Leftovers\n|upkeep\n|\n|t:|1699868716\n|switch|p1b: Arcanine|Arcanine, M|76\/100\n|-damage|p1b: Arcanine|51\/100|[from] Stealth Rock\n|-ability|p1b: Arcanine|Intimidate|boost\n|-unboost|p2a: Hippowdon|atk|1\n|-unboost|p2b: Shio-San|atk|1\n|turn|7\n|\n|t:|1699868728\n|move|p1b: Arcanine|Morning Sun|p1b: Arcanine\n|-heal|p1b: Arcanine|100\/100\n|move|p2a: Hippowdon|Yawn|p1a: the wall\n|-start|p1a: the wall|move: Yawn|[of] p2a: Hippowdon\n|move|p2b: Shio-San|Salt Cure|p1b: Arcanine\n|-supereffective|p1b: Arcanine\n|-damage|p1b: Arcanine|82\/100\n|-start|p1b: Arcanine|Salt Cure\n|move|p1a: the wall|Spore|p2b: Shio-San\n|-immune|p2b: Shio-San|[from] ability: Purifying Salt\n|\n|-heal|p1b: Arcanine|88\/100|[from] item: Leftovers\n|-heal|p2b: Shio-San|100\/100|[from] item: Leftovers\n|-damage|p1b: Arcanine|76\/100|[from] Salt Cure\n|upkeep\n|turn|8\n|-message|imto forfeited.\n|\n|win|1000s are weird\n|raw|imto's rating: 1146 &rarr; <strong>1120<\/strong><br \/>(-26 for losing)\n|raw|1000s are weird's rating: 1130 &rarr; <strong>1156<\/strong><br \/>(+26 for winning)\n|l|\u2606imto\n|c|\u26061000s are weird|you been dominated\n","uploadtime":1699868761,"views":16,"p1id":"imto","p2id":"1000sareweird","formatid":"gen9doublesou","rating":1120,"private":0,"password":""}