{"id":"gen9doublesou-1989296185","p1":"SummerSoda_34","p2":"Dynzo","format":"[Gen 9] Doubles OU","log":"|j|\u2606SummerSoda_34\n|j|\u2606Dynzo\n|t:|1699833166\n|gametype|doubles\n|player|p1|SummerSoda_34|policeman|1014\n|player|p2|Dynzo|benga|1081\n|teamsize|p1|6\n|teamsize|p2|6\n|gen|9\n|tier|[Gen 9] Doubles OU\n|rated|\n|rule|Species Clause: Limit one of each Pok\u00e9mon\n|rule|OHKO Clause: OHKO moves are banned\n|rule|Evasion Moves Clause: Evasion moves are banned\n|rule|Gravity Sleep Clause: The combination of sleep-inducing moves with imperfect accuracy and Gravity or Gigantamax Orbeetle are banned\n|rule|Endless Battle Clause: Forcing endless battles is banned\n|rule|HP Percentage Mod: HP is shown in percentages\n|clearpoke\n|poke|p1|Trevenant, F|\n|poke|p1|Klefki, M|\n|poke|p1|Amoonguss, F|\n|poke|p1|Walking Wake|\n|poke|p1|Landorus-Therian, M|\n|poke|p1|Kingambit, F|\n|poke|p2|Kommo-o, F|\n|poke|p2|Golduck, M|\n|poke|p2|Regieleki|\n|poke|p2|Chi-Yu|\n|poke|p2|Dipplin, F|\n|poke|p2|Iron Bundle|\n|teampreview\n|inactive|Battle timer is ON: inactive players will automatically lose when time's up. (requested by SummerSoda_34)\n|l|\u2606Dynzo\n|inactive|Dynzo disconnected and has a minute to reconnect!\n|player|p2|\n|j|\u2606Dynzo\n|inactive|Dynzo reconnected and has 135 seconds left.\n|player|p2|Dynzo|benga\n|\n|t:|1699833193\n|start\n|switch|p1a: Klefki|Klefki, M|100\/100\n|switch|p1b: Amoonguss|Amoonguss, F|100\/100\n|switch|p2a: Kommo-o|Kommo-o, F, shiny|100\/100\n|switch|p2b: Golduck|Golduck, M, shiny|100\/100\n|-ability|p2b: Golduck|Cloud Nine\n|turn|1\n|\n|t:|1699833205\n|move|p2b: Golduck|Simple Beam|p2a: Kommo-o\n|-endability|p2a: Kommo-o|Bulletproof|[from] move: Simple Beam\n|-ability|p2a: Kommo-o|Simple|[from] move: Simple Beam\n|move|p2a: Kommo-o|Clangorous Soul|p2a: Kommo-o\n|-boost|p2a: Kommo-o|atk|2\n|-boost|p2a: Kommo-o|def|2\n|-boost|p2a: Kommo-o|spa|2\n|-boost|p2a: Kommo-o|spd|2\n|-boost|p2a: Kommo-o|spe|2\n|-damage|p2a: Kommo-o|68\/100\n|move|p1b: Amoonguss|Spore|p2a: Kommo-o\n|-status|p2a: Kommo-o|slp|[from] move: Spore\n|-enditem|p2a: Kommo-o|Lum Berry|[eat]\n|-curestatus|p2a: Kommo-o|slp|[msg]\n|move|p1a: Klefki|Trick Room|p1a: Klefki\n|-fieldstart|move: Trick Room|[of] p1a: Klefki\n|\n|upkeep\n|turn|2\n|c|\u2606SummerSoda_34|zzzzz\n|\n|t:|1699833234\n|switch|p1b: Kingambit|Kingambit, F|100\/100\n|move|p1a: Klefki|Reflect|p1a: Klefki\n|-sidestart|p1: SummerSoda_34|Reflect\n|move|p2b: Golduck|Ice Beam|p1b: Kingambit\n|-resisted|p1b: Kingambit\n|-damage|p1b: Kingambit|88\/100\n|move|p2a: Kommo-o|Flamethrower|p1b: Kingambit\n|-supereffective|p1b: Kingambit\n|-damage|p1b: Kingambit|0 fnt\n|faint|p1b: Kingambit\n|\n|upkeep\n|inactive|SummerSoda_34 has 120 seconds left.\n|c|\u2606SummerSoda_34|oh crap\n|c|\u2606SummerSoda_34|wait how\n|c|\u2606SummerSoda_34|you were snoozing\n|\n|t:|1699833257\n|switch|p1b: Amoonguss|Amoonguss, F|100\/100\n|turn|3\n|c|\u2606Dynzo|Lum\n|\n|t:|1699833278\n|switch|p1a: Landorus|Landorus-Therian, M|100\/100\n|-ability|p1a: Landorus|Intimidate|boost\n|-unboost|p2a: Kommo-o|atk|2\n|-unboost|p2b: Golduck|atk|1\n|switch|p2a: Dipplin|Dipplin, F|100\/100\n|-ability|p2a: Dipplin|Supersweet Syrup\n|-ability|p2a: Dipplin|Supersweet Syrup|boost\n|-unboost|p1a: Landorus|evasion|1\n|-unboost|p1b: Amoonguss|evasion|1\n|move|p1b: Amoonguss|Toxic|p2a: Dipplin\n|-status|p2a: Dipplin|tox\n|move|p2b: Golduck|Ice Beam|p1b: Amoonguss\n|-supereffective|p1b: Amoonguss\n|-damage|p1b: Amoonguss|69\/100\n|-status|p1b: Amoonguss|frz\n|\n|-damage|p2a: Dipplin|94\/100 tox|[from] psn\n|upkeep\n|turn|4\n|c|\u2606Dynzo|Zzzzzzz\n|c|\u2606SummerSoda_34|my lick\n|c|\u2606SummerSoda_34|*luck\n|\n|t:|1699833305\n|switch|p1b: Trevenant|Trevenant, F|100\/100\n|switch|p2b: Iron Bundle|Iron Bundle|100\/100\n|move|p2a: Dipplin|Protect|p2a: Dipplin\n|-singleturn|p2a: Dipplin|Protect\n|move|p1a: Landorus|Earthquake|p2a: Dipplin|[spread] p1b,p2b\n|-activate|p2a: Dipplin|move: Protect\n|-resisted|p1b: Trevenant\n|-damage|p1b: Trevenant|85\/100\n|-damage|p2b: Iron Bundle|50\/100\n|\n|-damage|p2a: Dipplin|82\/100 tox|[from] psn\n|upkeep\n|turn|5\n|\n|t:|1699833324\n|move|p2a: Dipplin|Pollen Puff|p2b: Iron Bundle\n|-heal|p2b: Iron Bundle|99\/100\n|move|p1b: Trevenant|Earthquake|p2b: Iron Bundle|[spread] p2a,p2b\n|-immune|p1a: Landorus\n|-resisted|p2a: Dipplin\n|-crit|p2a: Dipplin\n|-damage|p2a: Dipplin|71\/100 tox\n|-damage|p2b: Iron Bundle|61\/100\n|-damage|p1b: Trevenant|75\/100|[from] item: Life Orb\n|move|p1a: Landorus|Earthquake|p2a: Dipplin|[spread] p1b,p2a,p2b\n|-resisted|p1b: Trevenant\n|-resisted|p2a: Dipplin\n|-damage|p1b: Trevenant|59\/100\n|-damage|p2a: Dipplin|63\/100 tox\n|-damage|p2b: Iron Bundle|6\/100\n|move|p2b: Iron Bundle|Hydro Pump|p1a: Landorus\n|-supereffective|p1a: Landorus\n|-damage|p1a: Landorus|0 fnt\n|faint|p1a: Landorus\n|-damage|p2b: Iron Bundle|0 fnt|[from] item: Life Orb\n|faint|p2b: Iron Bundle\n|-end|p2b: Iron Bundle|Quark Drive|[silent]\n|\n|-damage|p2a: Dipplin|44\/100 tox|[from] psn\n|-fieldend|move: Trick Room\n|upkeep\n|c|\u2606SummerSoda_34|gg\n|\n|t:|1699833344\n|switch|p2b: Chi-Yu|Chi-Yu|100\/100\n|switch|p1a: Walking Wake|Walking Wake|100\/100\n|-ability|p2b: Chi-Yu|Beads of Ruin\n|-enditem|p1a: Walking Wake|Booster Energy\n|-activate|p1a: Walking Wake|ability: Protosynthesis|[fromitem]\n|-start|p1a: Walking Wake|protosynthesisspa\n|turn|6\n|\n|t:|1699833368\n|switch|p2b: Golduck|Golduck, M, shiny|100\/100\n|-ability|p2b: Golduck|Cloud Nine\n|move|p1a: Walking Wake|Draco Meteor|p2a: Dipplin\n|-supereffective|p2a: Dipplin\n|-damage|p2a: Dipplin|0 fnt\n|-unboost|p1a: Walking Wake|spa|2\n|faint|p2a: Dipplin\n|move|p1b: Trevenant|Foul Play|p2b: Golduck\n|-damage|p2b: Golduck|79\/100\n|-damage|p1b: Trevenant|49\/100|[from] item: Life Orb\n|\n|-sideend|p1: SummerSoda_34|Reflect\n|upkeep\n|\n|t:|1699833372\n|switch|p2a: Regieleki|Regieleki|100\/100\n|turn|7\n|\n|t:|1699833393\n|-end|p1a: Walking Wake|Protosynthesis|[silent]\n|switch|p1a: Klefki|Klefki, M|100\/100\n|move|p2a: Regieleki|Thunderbolt|p1a: Klefki\n|-damage|p1a: Klefki|29\/100\n|move|p2b: Golduck|Ice Beam|p1b: Trevenant\n|-supereffective|p1b: Trevenant\n|-damage|p1b: Trevenant|5\/100\n|move|p1b: Trevenant|Earthquake|p2a: Regieleki|[spread] p1a,p2a,p2b\n|-supereffective|p1a: Klefki\n|-supereffective|p2a: Regieleki\n|-damage|p1a: Klefki|0 fnt\n|-damage|p2a: Regieleki|0 fnt\n|-damage|p2b: Golduck|41\/100\n|faint|p1a: Klefki\n|faint|p2a: Regieleki\n|-damage|p1b: Trevenant|0 fnt|[from] item: Life Orb\n|faint|p1b: Trevenant\n|\n|upkeep\n|c|\u2606Dynzo|Gg?\n|\n|t:|1699833411\n|switch|p2a: Chi-Yu|Chi-Yu|100\/100\n|switch|p1a: Amoonguss|Amoonguss, F|100\/100 frz\n|switch|p1b: Walking Wake|Walking Wake|100\/100\n|-ability|p2a: Chi-Yu|Beads of Ruin\n|turn|8\n|c|\u2606SummerSoda_34|yeah gg\n|c|\u2606SummerSoda_34|its joever for me\n|c|\u2606Dynzo|Oh I forgot Abt feeze\n|\n|t:|1699833439\n|-terastallize|p2a: Chi-Yu|Fire\n|move|p2b: Golduck|Helping Hand|p2a: Chi-Yu\n|-singleturn|p2a: Chi-Yu|Helping Hand|[of] p2b: Golduck\n|move|p2a: Chi-Yu|Heat Wave|p1a: Amoonguss|[spread] p1a,p1b\n|-supereffective|p1a: Amoonguss\n|-resisted|p1b: Walking Wake\n|-damage|p1a: Amoonguss|0 fnt\n|-damage|p1b: Walking Wake|69\/100\n|faint|p1a: Amoonguss\n|move|p1b: Walking Wake|Surf|p2a: Chi-Yu|[spread] p2a,p2b\n|-supereffective|p2a: Chi-Yu\n|-resisted|p2b: Golduck\n|-damage|p2a: Chi-Yu|18\/100\n|-damage|p2b: Golduck|13\/100\n|\n|upkeep\n|turn|9\n|\n|t:|1699833459\n|move|p2b: Golduck|Helping Hand|p2a: Chi-Yu\n|-singleturn|p2a: Chi-Yu|Helping Hand|[of] p2b: Golduck\n|move|p2a: Chi-Yu|Heat Wave|p1b: Walking Wake|[miss]\n|-miss|p2a: Chi-Yu|p1b: Walking Wake\n|move|p1b: Walking Wake|Surf|p2a: Chi-Yu|[spread] p2a,p2b\n|-supereffective|p2a: Chi-Yu\n|-resisted|p2b: Golduck\n|-damage|p2a: Chi-Yu|0 fnt\n|-damage|p2b: Golduck|0 fnt\n|faint|p2a: Chi-Yu\n|faint|p2b: Golduck\n|\n|upkeep\n|\n|t:|1699833465\n|switch|p2b: Kommo-o|Kommo-o, F, shiny|68\/100\n|turn|10\n|c|\u2606SummerSoda_34|my luck?\n|c|\u2606Dynzo|The clutch\n|c|\u2606Dynzo|gfs\n|c|\u2606Dynzo|gg\n|\n|t:|1699833479\n|move|p1b: Walking Wake|Draco Meteor|p2b: Kommo-o\n|-supereffective|p2b: Kommo-o\n|-damage|p2b: Kommo-o|0 fnt\n|-unboost|p1b: Walking Wake|spa|2\n|faint|p2b: Kommo-o\n|\n|win|SummerSoda_34\n|raw|SummerSoda_34's rating: 1014 &rarr; <strong>1059<\/strong><br \/>(+45 for winning)\n|raw|Dynzo's rating: 1081 &rarr; <strong>1055<\/strong><br \/>(-26 for losing)\n|c|\u2606SummerSoda_34|gg!\n|c|\u2606SummerSoda_34|the clutch game is insane\n|c|\u2606Dynzo|Frr\n|c|\u2606Dynzo|ggs tho\n|c|\u2606SummerSoda_34|rematch?\n|c|\u2606Dynzo|Sure\n|l|\u2606Dynzo\n","uploadtime":1699833501,"views":17,"p1id":"summersoda34","p2id":"dynzo","formatid":"gen9doublesou","rating":1055,"private":0,"password":""}