{"id":"gen9doublesou-1979360177","p1":"TGA","p2":"Alexander90281","format":"[Gen 9] Doubles OU","log":"|j|\u2606TGA\n|j|\u2606Alexander90281\n|inactive|Battle timer is ON: inactive players will automatically lose when time's up.\n|t:|1698675118\n|gametype|doubles\n|player|p1|TGA|#capplixvenomicons|\n|player|p2|Alexander90281|tateandliza-gen6|\n|teamsize|p1|6\n|teamsize|p2|6\n|gen|9\n|tier|[Gen 9] Doubles OU\n|rated|Tournament battle\n|rule|Species Clause: Limit one of each Pok\u00e9mon\n|rule|OHKO Clause: OHKO moves are banned\n|rule|Evasion Moves Clause: Evasion moves are banned\n|rule|Gravity Sleep Clause: The combination of sleep-inducing moves with imperfect accuracy and Gravity or Gigantamax Orbeetle are banned\n|rule|Endless Battle Clause: Forcing endless battles is banned\n|rule|HP Percentage Mod: HP is shown in percentages\n|clearpoke\n|poke|p1|Ogerpon-Wellspring, F|\n|poke|p1|Gholdengo|\n|poke|p1|Chien-Pao|\n|poke|p1|Iron Hands|\n|poke|p1|Dragonite, F|\n|poke|p1|Glimmora, F|\n|poke|p2|Regidrago|\n|poke|p2|Hatterene, F|\n|poke|p2|Oranguru, M|\n|poke|p2|Torkoal, F|\n|poke|p2|Indeedee-F, F|\n|poke|p2|Iron Hands|\n|teampreview\n|j|*Lady Monita \u263d\n|inactive|TGA also wants the timer to be on.\n|j| formicX\n|j| Lkapkd\n|c|\u2606TGA|Hf\n|c|\u2606Alexander90281|:(\n|\n|t:|1698675134\n|start\n|switch|p1a: Glimmora|Glimmora, F|100\/100\n|switch|p1b: Gholdengo|Gholdengo|100\/100\n|switch|p2a: Oranguru|Oranguru, M|100\/100\n|switch|p2b: Iron Hands|Iron Hands|100\/100\n|turn|1\n|\n|t:|1698675147\n|move|p2b: Iron Hands|Fake Out|p1a: Glimmora\n|-resisted|p1a: Glimmora\n|-damage|p1a: Glimmora|91\/100\n|-activate|p1a: Glimmora|ability: Toxic Debris\n|-sidestart|p2: Alexander90281|move: Toxic Spikes\n|cant|p1a: Glimmora|flinch\n|move|p1b: Gholdengo|Nasty Plot|p1b: Gholdengo\n|-boost|p1b: Gholdengo|spa|2\n|move|p2a: Oranguru|Trick Room|p2a: Oranguru\n|-fieldstart|move: Trick Room|[of] p2a: Oranguru\n|\n|upkeep\n|turn|2\n|\n|t:|1698675161\n|-terastallize|p2b: Iron Hands|Ghost\n|move|p2a: Oranguru|Fling|p2b: Iron Hands\n|-supereffective|p2b: Iron Hands\n|-damage|p2b: Iron Hands|98\/100\n|-enditem|p2b: Iron Hands|Weakness Policy\n|-boost|p2b: Iron Hands|atk|2|[from] item: Weakness Policy\n|-boost|p2b: Iron Hands|spa|2|[from] item: Weakness Policy\n|-enditem|p2a: Oranguru|Mental Herb|[from] move: Fling\n|move|p2b: Iron Hands|Earthquake|p1b: Gholdengo|[spread] p1a,p1b\n|-activate|p2a: Oranguru|ability: Telepathy\n|-supereffective|p1a: Glimmora\n|-supereffective|p1b: Gholdengo\n|-damage|p1a: Glimmora|0 fnt\n|-damage|p1b: Gholdengo|0 fnt\n|-activate|p1a: Glimmora|ability: Toxic Debris\n|-sidestart|p2: Alexander90281|move: Toxic Spikes\n|faint|p1a: Glimmora\n|faint|p1b: Gholdengo\n|\n|upkeep\n|j| vkhss\n|\n|t:|1698675182\n|switch|p1b: Ogerpon|Ogerpon-Wellspring, F|100\/100\n|switch|p1a: Chien-Pao|Chien-Pao|100\/100\n|-ability|p1a: Chien-Pao|Sword of Ruin\n|turn|3\n|\n|t:|1698675188\n|switch|p2a: Indeedee|Indeedee-F, F|100\/100\n|-status|p2a: Indeedee|tox\n|-fieldstart|move: Psychic Terrain|[from] ability: Psychic Surge|[of] p2a: Indeedee\n|move|p1b: Ogerpon|Follow Me|p1b: Ogerpon\n|-singleturn|p1b: Ogerpon|move: Follow Me\n|move|p1a: Chien-Pao|Sucker Punch|p2b: Iron Hands\n|-activate|p2b: Iron Hands|move: Psychic Terrain\n|move|p2b: Iron Hands|Earthquake|p1b: Ogerpon|[spread] p2a,p1a,p1b\n|-resisted|p1b: Ogerpon\n|-enditem|p2a: Indeedee|Focus Sash\n|-damage|p2a: Indeedee|1\/100 tox\n|-damage|p1a: Chien-Pao|23\/100\n|-damage|p1b: Ogerpon|63\/100\n|\n|-damage|p2a: Indeedee|0 fnt|[from] psn\n|faint|p2a: Indeedee\n|upkeep\n|\n|t:|1698675205\n|switch|p2a: Oranguru|Oranguru, M|100\/100\n|-status|p2a: Oranguru|tox\n|turn|4\n|inactive|TGA has 120 seconds left.\n|j| JojoOui\n|j| lost goal 56\n|l| lost goal 56\n|inactive|TGA has 90 seconds left.\n|inactive|TGA has 60 seconds left.\n|j| naditza\n|l| formicX\n|j| Deliza\n|raw|<div class=\"broadcast-red\"><b>The server is restarting soon.<\/b><br \/>Please finish your battles quickly. No new battles can be started until the server resets in a few minutes.<\/div>\n|raw|<div class=\"broadcast-red\"><b>Moderated chat was set to +!<\/b><br \/>Only users of rank + and higher can talk.<\/div>\n|\n|t:|1698675315\n|move|p2a: Oranguru|Psychic|p1b: Ogerpon\n|-damage|p1b: Ogerpon|26\/100\n|move|p2b: Iron Hands|Earthquake|p1b: Ogerpon|[spread] p1a,p1b\n|-activate|p2a: Oranguru|ability: Telepathy\n|-resisted|p1b: Ogerpon\n|-damage|p1a: Chien-Pao|0 fnt\n|-damage|p1b: Ogerpon|0 fnt\n|faint|p1a: Chien-Pao\n|faint|p1b: Ogerpon\n|\n|-damage|p2a: Oranguru|94\/100 tox|[from] psn\n|upkeep\n|\n|t:|1698675321\n|switch|p1b: Dragonite|Dragonite, F|100\/100\n|switch|p1a: Iron Hands|Iron Hands|100\/100\n|turn|5\n|inactive|TGA has 60 seconds left.\n|c|\u2606TGA|gg\n|-message|TGA forfeited.\n|\n|win|Alexander90281\n|n|\u2606TGA|tga\n|n|\u2606Alexander90281|alexander90281\n|n|*Lady Monita \u263d|ladymonita\n|l|*Lady Monita \u263d\n|l|\u2606TGA\n|l|\u2606Alexander90281\n|j|+Sificon~\n|l|+Sificon~\n","uploadtime":1698675332,"views":36,"p1id":"tga","p2id":"alexander90281","formatid":"gen9doublesou","rating":0,"private":0,"password":""}