{"id":"gen9doublesou-1971540644","p1":"ChimeBliss","p2":"stgfds","format":"[Gen 9] Doubles OU","log":"|j|\u2606ChimeBliss\n|j|\u2606stgfds\n|t:|1697746745\n|gametype|doubles\n|player|p1|ChimeBliss|bianca|1000\n|player|p2|stgfds|102|1000\n|teamsize|p1|6\n|teamsize|p2|6\n|gen|9\n|tier|[Gen 9] Doubles OU\n|rated|\n|rule|Species Clause: Limit one of each Pok\u00e9mon\n|rule|OHKO Clause: OHKO moves are banned\n|rule|Evasion Moves Clause: Evasion moves are banned\n|rule|Gravity Sleep Clause: The combination of sleep-inducing moves with imperfect accuracy and Gravity or Gigantamax Orbeetle are banned\n|rule|Endless Battle Clause: Forcing endless battles is banned\n|rule|HP Percentage Mod: HP is shown in percentages\n|clearpoke\n|poke|p1|Tornadus, M|\n|poke|p1|Iron Hands|\n|poke|p1|Rillaboom, F|\n|poke|p1|Flutter Mane|\n|poke|p1|Ogerpon-Hearthflame, F|\n|poke|p1|Heatran, M|\n|poke|p2|Charizard, F|\n|poke|p2|Samurott-Hisui, F|\n|poke|p2|Shaymin-Sky|\n|poke|p2|Empoleon, M|\n|poke|p2|Jirachi|\n|poke|p2|Rillaboom, F|\n|teampreview\n|\n|t:|1697746779\n|start\n|switch|p1a: Ogerpon|Ogerpon-Hearthflame, F|100\/100\n|switch|p1b: Tornadus|Tornadus, M|100\/100\n|switch|p2a: Charizard|Charizard, F|100\/100\n|switch|p2b: Empoleon|Empoleon, M|100\/100\n|-ability|p1a: Ogerpon|Mold Breaker\n|turn|1\n|\n|t:|1697746819\n|switch|p1a: Heatran|Heatran, M|100\/100\n|move|p1b: Tornadus|Sunny Day|p1b: Tornadus\n|-weather|SunnyDay\n|move|p2a: Charizard|Fire Pledge|p1b: Tornadus\n|-waiting|p2a: Charizard|p2b: Empoleon\n|move|p2b: Empoleon|Water Pledge|p1b: Tornadus|[from]move: Fire Pledge\n|-combine\n|-damage|p1b: Tornadus|70\/100\n|-sidestart|p2: stgfds|Water Pledge\n|\n|-weather|SunnyDay|[upkeep]\n|upkeep\n|turn|2\n|\n|t:|1697746846\n|move|p1b: Tornadus|Tailwind|p1b: Tornadus\n|-sidestart|p1: ChimeBliss|move: Tailwind\n|move|p1a: Heatran|Earth Power|p2b: Empoleon\n|-supereffective|p2b: Empoleon\n|-damage|p2b: Empoleon|58\/100\n|move|p2a: Charizard|Rock Slide|p1b: Tornadus|[spread] p1a,p1b\n|-supereffective|p1b: Tornadus\n|-damage|p1a: Heatran|89\/100\n|-damage|p1b: Tornadus|44\/100\n|move|p2b: Empoleon|Waterfall|p1a: Heatran\n|-supereffective|p1a: Heatran\n|-damage|p1a: Heatran|70\/100\n|\n|-weather|SunnyDay|[upkeep]\n|upkeep\n|turn|3\n|\n|t:|1697746874\n|move|p1b: Tornadus|Bleakwind Storm|p2a: Charizard|[spread] p2a,p2b\n|-resisted|p2b: Empoleon\n|-damage|p2a: Charizard|72\/100\n|-damage|p2b: Empoleon|50\/100\n|-unboost|p2b: Empoleon|spe|1\n|move|p1a: Heatran|Earth Power|p2b: Empoleon\n|-supereffective|p2b: Empoleon\n|-damage|p2b: Empoleon|8\/100\n|move|p2a: Charizard|Air Slash|p1a: Heatran\n|-resisted|p1a: Heatran\n|-damage|p1a: Heatran|62\/100\n|move|p2b: Empoleon|Flip Turn|p1b: Tornadus\n|-damage|p1b: Tornadus|33\/100\n|\n|t:|1697746891\n|switch|p2b: Shaymin|Shaymin-Sky|100\/100|[from] Flip Turn\n|\n|-weather|SunnyDay|[upkeep]\n|upkeep\n|turn|4\n|\n|t:|1697746911\n|move|p1b: Tornadus|Bleakwind Storm|p2a: Charizard|[spread] p2a,p2b\n|-supereffective|p2b: Shaymin\n|-damage|p2a: Charizard|43\/100\n|-damage|p2b: Shaymin|23\/100\n|-enditem|p2b: Shaymin|Weakness Policy\n|-boost|p2b: Shaymin|atk|2|[from] item: Weakness Policy\n|-boost|p2b: Shaymin|spa|2|[from] item: Weakness Policy\n|move|p1a: Heatran|Heat Wave|p2a: Charizard|[spread] p2a,p2b\n|-resisted|p2a: Charizard\n|-supereffective|p2b: Shaymin\n|-damage|p2a: Charizard|18\/100\n|-damage|p2b: Shaymin|0 fnt\n|faint|p2b: Shaymin\n|move|p2a: Charizard|Rock Slide|p1a: Heatran|[spread] p1a,p1b\n|-supereffective|p1b: Tornadus\n|-damage|p1a: Heatran|51\/100\n|-damage|p1b: Tornadus|11\/100\n|\n|-weather|SunnyDay|[upkeep]\n|-sideend|p2: stgfds|Water Pledge\n|upkeep\n|\n|t:|1697746928\n|switch|p2b: Rillaboom|Rillaboom, F|100\/100\n|-fieldstart|move: Grassy Terrain|[from] ability: Grassy Surge|[of] p2b: Rillaboom\n|turn|5\n|-message|stgfds forfeited.\n|\n|win|ChimeBliss\n|raw|ChimeBliss's rating: 1000 &rarr; <strong>1040<\/strong><br \/>(+40 for winning)\n|raw|stgfds's rating: 1000 &rarr; <strong>1000<\/strong><br \/>(+0 for losing)\n|l|\u2606stgfds\n","uploadtime":1697746937,"views":9,"p1id":"chimebliss","p2id":"stgfds","formatid":"gen9doublesou","rating":1000,"private":0,"password":""}