{"id":"gen9doublesou-1978348094","p1":"Gualagualaguala","p2":"palazzone","format":"[Gen 9] Doubles OU","log":"|j|\u2606Gualagualaguala\n|j|\u2606palazzone\n|t:|1698527882\n|gametype|doubles\n|player|p1|Gualagualaguala|101|1142\n|player|p2|palazzone|nate|1083\n|teamsize|p1|6\n|teamsize|p2|6\n|gen|9\n|tier|[Gen 9] Doubles OU\n|rated|\n|rule|Species Clause: Limit one of each Pok\u00e9mon\n|rule|OHKO Clause: OHKO moves are banned\n|rule|Evasion Moves Clause: Evasion moves are banned\n|rule|Gravity Sleep Clause: The combination of sleep-inducing moves with imperfect accuracy and Gravity or Gigantamax Orbeetle are banned\n|rule|Endless Battle Clause: Forcing endless battles is banned\n|rule|HP Percentage Mod: HP is shown in percentages\n|clearpoke\n|poke|p1|Ribombee, M|\n|poke|p1|Shiftry, F|\n|poke|p1|Illumise, F|\n|poke|p1|Passimian, M|\n|poke|p1|Brambleghast, M|\n|poke|p1|Okidogi, M|\n|poke|p2|Chi-Yu|\n|poke|p2|Torkoal, M|\n|poke|p2|Jumpluff, M|\n|poke|p2|Great Tusk|\n|poke|p2|Glimmora, M|\n|poke|p2|Roaring Moon|\n|teampreview\n|inactive|Battle timer is ON: inactive players will automatically lose when time's up. (requested by Gualagualaguala)\n|\n|t:|1698527898\n|start\n|switch|p1a: Ribombee|Ribombee, M|100\/100\n|switch|p1b: Shiftry|Shiftry, F|100\/100\n|switch|p2a: Torkoal|Torkoal, M|100\/100\n|switch|p2b: Chi-Yu|Chi-Yu|100\/100\n|-ability|p2b: Chi-Yu|Beads of Ruin\n|-weather|SunnyDay|[from] ability: Drought|[of] p2a: Torkoal\n|turn|1\n|\n|t:|1698527914\n|-terastallize|p2b: Chi-Yu|Fire\n|move|p2a: Torkoal|Helping Hand|p2b: Chi-Yu\n|-singleturn|p2b: Chi-Yu|Helping Hand|[of] p2a: Torkoal\n|move|p1a: Ribombee|Tailwind|p1a: Ribombee\n|-sidestart|p1: Gualagualaguala|move: Tailwind\n|-ability|p1b: Shiftry|Wind Rider|boost\n|-boost|p1b: Shiftry|atk|1\n|move|p1b: Shiftry|Explosion|p2a: Torkoal|[spread] p1a,p2a,p2b\n|-enditem|p1a: Ribombee|Focus Sash\n|-damage|p1a: Ribombee|1\/100\n|-damage|p2a: Torkoal|41\/100\n|-damage|p2b: Chi-Yu|0 fnt\n|faint|p1b: Shiftry\n|faint|p2b: Chi-Yu\n|-enditem|p2a: Torkoal|Eject Button\n|\n|t:|1698527930\n|switch|p2a: Jumpluff|Jumpluff, M|100\/100\n|\n|-weather|SunnyDay|[upkeep]\n|upkeep\n|\n|t:|1698527941\n|switch|p2b: Torkoal|Torkoal, M|41\/100\n|switch|p1b: Brambleghast|Brambleghast, M|100\/100\n|-ability|p1b: Brambleghast|Wind Rider|boost\n|-boost|p1b: Brambleghast|atk|1\n|turn|2\n|\n|t:|1698527961\n|move|p1a: Ribombee|Skill Swap|p1b: Brambleghast\n|-activate|p1a: Ribombee|move: Skill Swap|||[of] p1b: Brambleghast\n|-ability|p1a: Ribombee|Wind Rider|boost\n|-boost|p1a: Ribombee|atk|1\n|move|p2a: Jumpluff|Tailwind|p2a: Jumpluff\n|-sidestart|p2: palazzone|move: Tailwind\n|move|p1b: Brambleghast|Phantom Force||[still]\n|-prepare|p1b: Brambleghast|Phantom Force\n|move|p2b: Torkoal|Heat Wave|p1b: Brambleghast|[spread] \n|-miss|p2b: Torkoal|p1b: Brambleghast\n|-ability|p1a: Ribombee|Wind Rider|boost\n|-boost|p1a: Ribombee|atk|1\n|\n|-weather|SunnyDay|[upkeep]\n|upkeep\n|turn|3\n|inactive|Gualagualaguala has 120 seconds left.\n|\n|t:|1698528001\n|move|p1a: Ribombee|Protect|p1a: Ribombee\n|-singleturn|p1a: Ribombee|Protect\n|move|p2a: Jumpluff|Sleep Powder|p1a: Ribombee\n|-activate|p1a: Ribombee|move: Protect\n|move|p1b: Brambleghast|Phantom Force|p2b: Torkoal|[from]lockedmove\n|-damage|p2b: Torkoal|0 fnt\n|faint|p2b: Torkoal\n|\n|-weather|SunnyDay|[upkeep]\n|upkeep\n|inactive|palazzone has 120 seconds left.\n|\n|t:|1698528016\n|switch|p2b: Glimmora|Glimmora, M|100\/100\n|turn|4\n|\n|t:|1698528036\n|switch|p1b: Passimian|Passimian, M|100\/100\n|move|p2a: Jumpluff|Sleep Powder|p1b: Passimian|[miss]\n|-miss|p2a: Jumpluff|p1b: Passimian\n|move|p1a: Ribombee|Moonblast|p2a: Jumpluff\n|-damage|p2a: Jumpluff|58\/100\n|-unboost|p2a: Jumpluff|spa|1\n|move|p2b: Glimmora|Power Gem|p1a: Ribombee\n|-supereffective|p1a: Ribombee\n|-damage|p1a: Ribombee|0 fnt\n|faint|p1a: Ribombee\n|-ability|p1b: Passimian|Wind Rider|boost\n|-boost|p1b: Passimian|atk|1\n|-ability|p1b: Passimian|Wind Rider|[from] ability: Receiver|[of] p1a: Ribombee\n|\n|-weather|SunnyDay|[upkeep]\n|-sideend|p1: Gualagualaguala|move: Tailwind\n|upkeep\n|inactive|Gualagualaguala has 120 seconds left.\n|\n|t:|1698528056\n|switch|p1a: Illumise|Illumise, F|100\/100\n|turn|5\n|\n|t:|1698528064\n|move|p1b: Passimian|Protect|p1b: Passimian\n|-singleturn|p1b: Passimian|Protect\n|move|p1a: Illumise|Tailwind|p1a: Illumise\n|-sidestart|p1: Gualagualaguala|move: Tailwind\n|-ability|p1b: Passimian|Wind Rider|boost\n|-boost|p1b: Passimian|atk|1\n|move|p2a: Jumpluff|Sleep Powder|p1b: Passimian\n|-activate|p1b: Passimian|move: Protect\n|move|p2b: Glimmora|Power Gem|p1a: Illumise\n|-supereffective|p1a: Illumise\n|-damage|p1a: Illumise|18\/100\n|\n|-weather|none\n|-sideend|p2: palazzone|move: Tailwind\n|upkeep\n|turn|6\n|\n|t:|1698528087\n|move|p1a: Illumise|Thunder Wave|p2b: Glimmora\n|-status|p2b: Glimmora|par\n|move|p1b: Passimian|Rock Slide|p2a: Jumpluff|[spread] p2a,p2b\n|-supereffective|p2a: Jumpluff\n|-crit|p2b: Glimmora\n|-damage|p2a: Jumpluff|0 fnt\n|-damage|p2b: Glimmora|25\/100 par\n|-activate|p2b: Glimmora|ability: Toxic Debris\n|-sidestart|p1: Gualagualaguala|move: Toxic Spikes\n|faint|p2a: Jumpluff\n|cant|p2b: Glimmora|flinch\n|\n|upkeep\n|\n|t:|1698528101\n|switch|p2a: Roaring Moon|Roaring Moon|100\/100\n|turn|7\n|\n|t:|1698528121\n|move|p1a: Illumise|Wish|p1a: Illumise\n|move|p1b: Passimian|Close Combat|p2a: Roaring Moon\n|-supereffective|p2a: Roaring Moon\n|-damage|p2a: Roaring Moon|0 fnt\n|-unboost|p1b: Passimian|def|1\n|-unboost|p1b: Passimian|spd|1\n|faint|p2a: Roaring Moon\n|-end|p2a: Roaring Moon|Protosynthesis|[silent]\n|cant|p2b: Glimmora|par\n|\n|upkeep\n|\n|t:|1698528131\n|switch|p2a: Great Tusk|Great Tusk|100\/100\n|turn|8\n|\n|t:|1698528150\n|move|p1a: Illumise|Charm|p2a: Great Tusk\n|-unboost|p2a: Great Tusk|atk|2\n|move|p1b: Passimian|Rock Slide|p2a: Great Tusk|[spread] p2a,p2b\n|-resisted|p2a: Great Tusk\n|-damage|p2a: Great Tusk|93\/100\n|-damage|p2b: Glimmora|0 fnt\n|-activate|p2b: Glimmora|ability: Toxic Debris\n|-sidestart|p1: Gualagualaguala|move: Toxic Spikes\n|faint|p2b: Glimmora\n|move|p2a: Great Tusk|Close Combat|p1b: Passimian\n|-damage|p1b: Passimian|41\/100\n|-unboost|p2a: Great Tusk|def|1\n|-unboost|p2a: Great Tusk|spd|1\n|\n|-heal|p1a: Illumise|68\/100|[from] move: Wish|[wisher] Illumise\n|-sideend|p1: Gualagualaguala|move: Tailwind\n|upkeep\n|turn|9\n|\n|t:|1698528167\n|move|p1a: Illumise|Charm|p2a: Great Tusk\n|-unboost|p2a: Great Tusk|atk|2\n|move|p1b: Passimian|Close Combat|p2a: Great Tusk\n|-damage|p2a: Great Tusk|0 fnt\n|-unboost|p1b: Passimian|def|1\n|-unboost|p1b: Passimian|spd|1\n|faint|p2a: Great Tusk\n|-end|p2a: Great Tusk|Protosynthesis|[silent]\n|\n|win|Gualagualaguala\n|raw|Gualagualaguala's rating: 1142 &rarr; <strong>1163<\/strong><br \/>(+21 for winning)\n|raw|palazzone's rating: 1083 &rarr; <strong>1064<\/strong><br \/>(-19 for losing)\n|l|\u2606palazzone\n|c|\u2606Gualagualaguala|Gg\n","uploadtime":1698528194,"views":20,"p1id":"gualagualaguala","p2id":"palazzone","formatid":"gen9doublesou","rating":1064,"private":0,"password":""}