{"id":"gen9doublesou-2000365454","p1":"Albanian Ash","p2":"Blue Kaiser dragon","format":"[Gen 9] Doubles OU","log":"|j|\u2606Albanian Ash\n|j|\u2606Blue Kaiser dragon\n|t:|1701188667\n|gametype|doubles\n|player|p1|Albanian Ash|nate|1295\n|player|p2|Blue Kaiser dragon|volkner|1263\n|teamsize|p1|6\n|teamsize|p2|6\n|gen|9\n|tier|[Gen 9] Doubles OU\n|rated|\n|rule|Species Clause: Limit one of each Pok\u00e9mon\n|rule|OHKO Clause: OHKO moves are banned\n|rule|Evasion Moves Clause: Evasion moves are banned\n|rule|Gravity Sleep Clause: The combination of sleep-inducing moves with imperfect accuracy and Gravity or Gigantamax Orbeetle are banned\n|rule|Endless Battle Clause: Forcing endless battles is banned\n|rule|HP Percentage Mod: HP is shown in percentages\n|clearpoke\n|poke|p1|Chien-Pao|\n|poke|p1|Ninetales-Alola, F|\n|poke|p1|Abomasnow, M|\n|poke|p1|Iron Bundle|\n|poke|p1|Baxcalibur, M|\n|poke|p1|Cetitan, M|\n|poke|p2|Kleavor, M|\n|poke|p2|Scizor, M|\n|poke|p2|Ogerpon-Wellspring, F|\n|poke|p2|Rabsca, M|\n|poke|p2|Scyther, F|\n|poke|p2|Ninetales-Alola, F|\n|teampreview\n|inactive|Battle timer is ON: inactive players will automatically lose when time's up. (requested by Albanian Ash)\n|\n|t:|1701188687\n|start\n|switch|p1a: Ninetales|Ninetales-Alola, F|100\/100\n|switch|p1b: Cetitan|Cetitan, M|100\/100\n|switch|p2a: Kleavor|Kleavor, M|100\/100\n|switch|p2b: Scizor|Scizor, M|100\/100\n|-weather|Snow|[from] ability: Snow Warning|[of] p1a: Ninetales\n|turn|1\n|\n|t:|1701188710\n|-terastallize|p1b: Cetitan|Water\n|move|p2b: Scizor|Bullet Punch|p1a: Ninetales\n|-supereffective|p1a: Ninetales\n|-damage|p1a: Ninetales|0 fnt\n|faint|p1a: Ninetales\n|move|p1b: Cetitan|Belly Drum|p1b: Cetitan\n|-damage|p1b: Cetitan|50\/100\n|-setboost|p1b: Cetitan|atk|6|[from] move: Belly Drum\n|-enditem|p1b: Cetitan|Sitrus Berry|[eat]\n|-heal|p1b: Cetitan|75\/100|[from] item: Sitrus Berry\n|move|p2a: Kleavor|Stone Axe|p1b: Cetitan\n|-damage|p1b: Cetitan|26\/100\n|-sidestart|p1: Albanian Ash|move: Stealth Rock\n|\n|-weather|Snow|[upkeep]\n|upkeep\n|\n|t:|1701188728\n|switch|p1a: Abomasnow|Abomasnow, M|100\/100\n|-damage|p1a: Abomasnow|75\/100|[from] Stealth Rock\n|turn|2\n|c|\u2606Blue Kaiser dragon|Oe that gotta hurt\n|c|\u2606Blue Kaiser dragon|Sorr\u00ff nine nine\n|inactive|Blue Kaiser dragon has 120 seconds left.\n|\n|t:|1701188767\n|move|p2b: Scizor|Bullet Punch|p1b: Cetitan\n|-resisted|p1b: Cetitan\n|-damage|p1b: Cetitan|9\/100\n|move|p1b: Cetitan|Liquidation|p2a: Kleavor\n|-supereffective|p2a: Kleavor\n|-damage|p2a: Kleavor|0 fnt\n|faint|p2a: Kleavor\n|move|p1a: Abomasnow|Chilling Water|p2b: Scizor\n|-damage|p2b: Scizor|76\/100\n|-unboost|p2b: Scizor|atk|1\n|\n|-weather|Snow|[upkeep]\n|upkeep\n|\n|t:|1701188788\n|switch|p2a: Ninetales|Ninetales-Alola, F|100\/100\n|turn|3\n|inactive|Blue Kaiser dragon has 120 seconds left.\n|\n|t:|1701188798\n|move|p1b: Cetitan|Ice Shard|p2b: Scizor\n|-resisted|p2b: Scizor\n|-damage|p2b: Scizor|21\/100\n|move|p2a: Ninetales|Aurora Veil|p2a: Ninetales\n|-sidestart|p2: Blue Kaiser dragon|move: Aurora Veil\n|move|p2b: Scizor|Bug Bite|p1a: Abomasnow\n|-supereffective|p1a: Abomasnow\n|-damage|p1a: Abomasnow|25\/100\n|move|p1a: Abomasnow|Chilling Water|p2b: Scizor\n|-damage|p2b: Scizor|6\/100\n|-unboost|p2b: Scizor|atk|1\n|\n|-weather|Snow|[upkeep]\n|upkeep\n|turn|4\n|\n|t:|1701188820\n|move|p1b: Cetitan|Ice Shard|p2b: Scizor\n|-resisted|p2b: Scizor\n|-damage|p2b: Scizor|0 fnt\n|faint|p2b: Scizor\n|move|p2a: Ninetales|Dazzling Gleam|p1b: Cetitan|[spread] p1a,p1b\n|-damage|p1a: Abomasnow|7\/100\n|-damage|p1b: Cetitan|0 fnt\n|faint|p1b: Cetitan\n|move|p1a: Abomasnow|Giga Drain|p2a: Ninetales\n|-damage|p2a: Ninetales|72\/100\n|-heal|p1a: Abomasnow|18\/100|[from] drain|[of] p2a: Ninetales\n|\n|-weather|Snow|[upkeep]\n|-heal|p2a: Ninetales|78\/100|[from] item: Leftovers\n|upkeep\n|\n|t:|1701188835\n|switch|p2b: Rabsca|Rabsca, M|100\/100\n|switch|p1b: Chien-Pao|Chien-Pao|100\/100\n|-damage|p1b: Chien-Pao|76\/100|[from] Stealth Rock\n|-ability|p1b: Chien-Pao|Sword of Ruin\n|turn|5\n|\n|t:|1701188855\n|move|p1b: Chien-Pao|Ice Spinner|p2b: Rabsca\n|-damage|p2b: Rabsca|55\/100\n|move|p2a: Ninetales|Dazzling Gleam|p1b: Chien-Pao|[spread] p1a,p1b\n|-supereffective|p1b: Chien-Pao\n|-damage|p1a: Abomasnow|0 fnt\n|-damage|p1b: Chien-Pao|0 fnt\n|faint|p1a: Abomasnow\n|faint|p1b: Chien-Pao\n|move|p2b: Rabsca|Revival Blessing|p2b: Rabsca\n|-enditem|p2b: Rabsca|Leppa Berry|[eat]\n|-activate|p2b: Rabsca|item: Leppa Berry|Revival Blessing|[consumed]\n|\n|t:|1701188867\n|-heal|p2: Scizor|50\/100|[from] move: Revival Blessing\n|\n|-weather|none\n|-heal|p2a: Ninetales|83\/100|[from] item: Leftovers\n|upkeep\n|\n|t:|1701188870\n|switch|p1b: Baxcalibur|Baxcalibur, M|100\/100\n|switch|p1a: Iron Bundle|Iron Bundle|100\/100\n|-damage|p1a: Iron Bundle|76\/100|[from] Stealth Rock\n|-damage|p1b: Baxcalibur|76\/100|[from] Stealth Rock\n|-enditem|p1a: Iron Bundle|Booster Energy\n|-activate|p1a: Iron Bundle|ability: Quark Drive|[fromitem]\n|-start|p1a: Iron Bundle|quarkdrivespe\n|turn|6\n|\n|t:|1701188888\n|move|p1a: Iron Bundle|Protect|p1a: Iron Bundle\n|-singleturn|p1a: Iron Bundle|Protect\n|move|p2a: Ninetales|Dazzling Gleam|p1a: Iron Bundle|[spread] p1b\n|-activate|p1a: Iron Bundle|move: Protect\n|-supereffective|p1b: Baxcalibur\n|-damage|p1b: Baxcalibur|28\/100\n|move|p1b: Baxcalibur|Dragon Dance|p1b: Baxcalibur\n|-boost|p1b: Baxcalibur|atk|1\n|-boost|p1b: Baxcalibur|spe|1\n|move|p2b: Rabsca|Recover|p2b: Rabsca\n|-heal|p2b: Rabsca|100\/100\n|\n|-heal|p2a: Ninetales|89\/100|[from] item: Leftovers\n|upkeep\n|turn|7\n|\n|t:|1701188911\n|move|p1a: Iron Bundle|Hydro Pump|p2b: Rabsca\n|-damage|p2b: Rabsca|59\/100\n|move|p1b: Baxcalibur|Icicle Spear|p2b: Rabsca\n|-damage|p2b: Rabsca|42\/100\n|-damage|p2b: Rabsca|23\/100\n|-damage|p2b: Rabsca|5\/100\n|-damage|p2b: Rabsca|0 fnt\n|faint|p2b: Rabsca\n|-hitcount|p2: Rabsca|4\n|move|p2a: Ninetales|Dazzling Gleam|p1a: Iron Bundle|[spread] p1a,p1b\n|-supereffective|p1b: Baxcalibur\n|-damage|p1a: Iron Bundle|28\/100\n|-damage|p1b: Baxcalibur|0 fnt\n|faint|p1b: Baxcalibur\n|\n|-heal|p2a: Ninetales|95\/100|[from] item: Leftovers\n|-sideend|p2: Blue Kaiser dragon|move: Aurora Veil\n|upkeep\n|inactive|Blue Kaiser dragon has 120 seconds left.\n|\n|t:|1701188931\n|switch|p2b: Scizor|Scizor, M|50\/100\n|turn|8\n|\n|t:|1701188939\n|move|p2b: Scizor|Bullet Punch|p1a: Iron Bundle\n|-damage|p1a: Iron Bundle|0 fnt\n|faint|p1a: Iron Bundle\n|-end|p1a: Iron Bundle|Quark Drive|[silent]\n|\n|win|Blue Kaiser dragon\n|raw|Albanian Ash's rating: 1295 &rarr; <strong>1268<\/strong><br \/>(-27 for losing)\n|raw|Blue Kaiser dragon's rating: 1263 &rarr; <strong>1290<\/strong><br \/>(+27 for winning)\n|l|\u2606Albanian Ash\n","uploadtime":1701188964,"views":10,"p1id":"albanianash","p2id":"bluekaiserdragon","formatid":"gen9doublesou","rating":1268,"private":0,"password":""}