{"id":"gen9doublesou-1968085078","p1":"marios tzavaaras","p2":"Sargenbob","format":"[Gen 9] Doubles OU","log":"|html|<div class=\"broadcast-blue\"><strong>[Gen 9] Doubles OU is currently suspecting Basculegion & Flutter Mane! For information on how to participate check out the <a href=\"https:\/\/www.smogon.com\/forums\/threads\/np-sv-dou-stage-8-double-trouble.3729153\/\">suspect thread<\/a>.<\/strong><\/div>\n|j|\u2606marios tzavaaras\n|j|\u2606Sargenbob\n|t:|1697382756\n|gametype|doubles\n|player|p1|marios tzavaaras|giovanni|1087\n|player|p2|Sargenbob|red|1088\n|teamsize|p1|6\n|teamsize|p2|6\n|gen|9\n|tier|[Gen 9] Doubles OU\n|rated|\n|rule|Species Clause: Limit one of each Pok\u00e9mon\n|rule|OHKO Clause: OHKO moves are banned\n|rule|Evasion Moves Clause: Evasion moves are banned\n|rule|Gravity Sleep Clause: The combination of sleep-inducing moves with imperfect accuracy and Gravity or Gigantamax Orbeetle are banned\n|rule|Endless Battle Clause: Forcing endless battles is banned\n|rule|HP Percentage Mod: HP is shown in percentages\n|clearpoke\n|poke|p1|Clefairy, F|\n|poke|p1|Arcanine-Hisui, M|\n|poke|p1|Cresselia, F|\n|poke|p1|Iron Hands|\n|poke|p1|Ninetales-Alola, M|\n|poke|p1|Baxcalibur, M|\n|poke|p2|Ursaluna-Bloodmoon, M|\n|poke|p2|Murkrow, F|\n|poke|p2|Kilowattrel, M|\n|poke|p2|Brambleghast, F|\n|poke|p2|Tinkaton, F|\n|poke|p2|Chi-Yu|\n|teampreview\n|inactive|Battle timer is ON: inactive players will automatically lose when time's up. (requested by Sargenbob)\n|\n|t:|1697382762\n|start\n|switch|p1a: Baxcalibur|Baxcalibur, M|100\/100\n|switch|p1b: Ninetales|Ninetales-Alola, M|100\/100\n|switch|p2a: \u6232\u78bc\u70ba\u81ea\u5df1|Murkrow, F, shiny|100\/100\n|switch|p2b: Perigrin|Kilowattrel, M|100\/100\n|-weather|Snow|[from] ability: Snow Warning|[of] p1b: Ninetales\n|turn|1\n|\n|t:|1697382774\n|move|p2a: \u6232\u78bc\u70ba\u81ea\u5df1|Taunt|p1b: Ninetales\n|-start|p1b: Ninetales|move: Taunt\n|move|p2b: Perigrin|Thunderbolt|p1a: Baxcalibur\n|-resisted|p1a: Baxcalibur\n|-damage|p1a: Baxcalibur|73\/100\n|-damage|p2b: Perigrin|91\/100|[from] item: Life Orb\n|cant|p1b: Ninetales|move: Taunt|Aurora Veil\n|move|p1a: Baxcalibur|Dragon Dance|p1a: Baxcalibur\n|-boost|p1a: Baxcalibur|atk|1\n|-boost|p1a: Baxcalibur|spe|1\n|\n|-weather|Snow|[upkeep]\n|-heal|p1a: Baxcalibur|79\/100|[from] ability: Ice Body\n|upkeep\n|turn|2\n|\n|t:|1697382787\n|move|p2a: \u6232\u78bc\u70ba\u81ea\u5df1|Tailwind|p2a: \u6232\u78bc\u70ba\u81ea\u5df1\n|-sidestart|p2: Sargenbob|move: Tailwind\n|-start|p2b: Perigrin|Charge|Tailwind|[from] ability: Wind Power\n|move|p2b: Perigrin|Thunderbolt|p1a: Baxcalibur\n|-resisted|p1a: Baxcalibur\n|-damage|p1a: Baxcalibur|20\/100\n|-damage|p2b: Perigrin|81\/100|[from] item: Life Orb\n|-end|p2b: Perigrin|Charge|[silent]\n|move|p1a: Baxcalibur|Icicle Spear|p2b: Perigrin\n|-supereffective|p2b: Perigrin\n|-damage|p2b: Perigrin|0 fnt\n|faint|p2b: Perigrin\n|-hitcount|p2: Perigrin|1\n|move|p1b: Ninetales|Blizzard|p2a: \u6232\u78bc\u70ba\u81ea\u5df1\n|-supereffective|p2a: \u6232\u78bc\u70ba\u81ea\u5df1\n|-damage|p2a: \u6232\u78bc\u70ba\u81ea\u5df1|33\/100\n|\n|-weather|Snow|[upkeep]\n|-heal|p1a: Baxcalibur|26\/100|[from] ability: Ice Body\n|upkeep\n|\n|t:|1697382793\n|switch|p2b: Keanu|Brambleghast, F|100\/100\n|-ability|p2b: Keanu|Wind Rider|boost\n|-boost|p2b: Keanu|atk|1\n|turn|3\n|\n|t:|1697382806\n|move|p2a: \u6232\u78bc\u70ba\u81ea\u5df1|Protect|p2a: \u6232\u78bc\u70ba\u81ea\u5df1\n|-singleturn|p2a: \u6232\u78bc\u70ba\u81ea\u5df1|Protect\n|move|p1a: Baxcalibur|Protect|p1a: Baxcalibur\n|-singleturn|p1a: Baxcalibur|Protect\n|move|p2b: Keanu|Phantom Force||[still]\n|-prepare|p2b: Keanu|Phantom Force\n|-enditem|p2b: Keanu|Power Herb\n|-anim|p2b: Keanu|Phantom Force|p1a: Baxcalibur\n|-activate|p1a: Baxcalibur|move: Phantom Force|[broken]\n|-damage|p1a: Baxcalibur|0 fnt\n|faint|p1a: Baxcalibur\n|move|p1b: Ninetales|Blizzard|p2b: Keanu|[spread] \n|-activate|p2a: \u6232\u78bc\u70ba\u81ea\u5df1|move: Protect\n|-ability|p2b: Keanu|Wind Rider|boost\n|-boost|p2b: Keanu|atk|1\n|\n|-weather|Snow|[upkeep]\n|-end|p1b: Ninetales|move: Taunt\n|upkeep\n|\n|t:|1697382822\n|switch|p1a: Arcanine|Arcanine-Hisui, M|100\/100\n|turn|4\n|\n|t:|1697382830\n|move|p2a: \u6232\u78bc\u70ba\u81ea\u5df1|Taunt|p1b: Ninetales\n|-start|p1b: Ninetales|move: Taunt\n|move|p2b: Keanu|Phantom Force||[still]\n|-prepare|p2b: Keanu|Phantom Force\n|move|p1b: Ninetales|Moonblast|p2a: \u6232\u78bc\u70ba\u81ea\u5df1\n|-supereffective|p2a: \u6232\u78bc\u70ba\u81ea\u5df1\n|-damage|p2a: \u6232\u78bc\u70ba\u81ea\u5df1|0 fnt\n|faint|p2a: \u6232\u78bc\u70ba\u81ea\u5df1\n|move|p1a: Arcanine|Flare Blitz|p2b: Keanu|[miss]\n|-miss|p1a: Arcanine|p2b: Keanu\n|\n|-weather|Snow|[upkeep]\n|upkeep\n|\n|t:|1697382841\n|switch|p2a: Moon Knight|Ursaluna-Bloodmoon, M|100\/100\n|turn|5\n|\n|t:|1697382856\n|move|p2b: Keanu|Phantom Force|p1a: Arcanine|[from]lockedmove\n|-damage|p1a: Arcanine|0 fnt\n|faint|p1a: Arcanine\n|move|p1b: Ninetales|Blizzard|p2b: Keanu|[spread] p2a\n|-ability|p2b: Keanu|Wind Rider|boost\n|-boost|p2b: Keanu|atk|1\n|-supereffective|p2a: Moon Knight\n|-damage|p2a: Moon Knight|50\/100\n|-status|p2a: Moon Knight|frz\n|-curestatus|p2a: Moon Knight|frz|[msg]\n|move|p2a: Moon Knight|Blood Moon|p1b: Ninetales\n|-damage|p1b: Ninetales|25\/100\n|\n|-weather|none\n|-heal|p2a: Moon Knight|56\/100|[from] item: Leftovers\n|-sideend|p2: Sargenbob|move: Tailwind\n|upkeep\n|\n|t:|1697382865\n|switch|p1a: Iron Hands|Iron Hands|100\/100\n|turn|6\n|\n|t:|1697382874\n|move|p1a: Iron Hands|Fake Out|p2a: Moon Knight\n|-damage|p2a: Moon Knight|45\/100\n|move|p2b: Keanu|Shadow Sneak|p1b: Ninetales\n|-damage|p1b: Ninetales|0 fnt\n|faint|p1b: Ninetales\n|cant|p2a: Moon Knight|flinch\n|\n|-heal|p2a: Moon Knight|52\/100|[from] item: Leftovers\n|upkeep\n|\n|t:|1697382882\n|switch|p1b: Clefairy|Clefairy, F|100\/100\n|turn|7\n|\n|t:|1697382891\n|move|p2b: Keanu|Phantom Force||[still]\n|-prepare|p2b: Keanu|Phantom Force\n|move|p2a: Moon Knight|Earth Power|p1a: Iron Hands\n|-supereffective|p1a: Iron Hands\n|-damage|p1a: Iron Hands|58\/100\n|move|p1a: Iron Hands|Drain Punch|p2a: Moon Knight\n|-supereffective|p2a: Moon Knight\n|-damage|p2a: Moon Knight|0 fnt\n|-heal|p1a: Iron Hands|83\/100|[from] drain|[of] p2a: Moon Knight\n|faint|p2a: Moon Knight\n|move|p1b: Clefairy|Draining Kiss|p2b: Keanu|[miss]\n|-miss|p1b: Clefairy|p2b: Keanu\n|\n|upkeep\n|\n|t:|1697382904\n|switch|p2a: Kirby|Tinkaton, F|100\/100\n|-ability|p2a: Kirby|Mold Breaker\n|turn|8\n|\n|t:|1697382923\n|move|p2a: Kirby|Fake Out|p1a: Iron Hands\n|-damage|p1a: Iron Hands|75\/100\n|move|p1b: Clefairy|Follow Me|p1b: Clefairy\n|-singleturn|p1b: Clefairy|move: Follow Me\n|move|p2b: Keanu|Phantom Force|p1b: Clefairy|[from]lockedmove\n|-damage|p1b: Clefairy|0 fnt\n|faint|p1b: Clefairy\n|cant|p1a: Iron Hands|flinch\n|\n|upkeep\n|\n|t:|1697382930\n|switch|p1b: Cresselia|Cresselia, F|100\/100\n|turn|9\n|\n|t:|1697382945\n|move|p2a: Kirby|Knock Off|p1a: Iron Hands\n|-resisted|p1a: Iron Hands\n|-damage|p1a: Iron Hands|65\/100\n|-enditem|p1a: Iron Hands|Assault Vest|[from] move: Knock Off|[of] p2a: Kirby\n|move|p2b: Keanu|Phantom Force||[still]\n|-prepare|p2b: Keanu|Phantom Force\n|move|p1b: Cresselia|Lunar Blessing|p1b: Cresselia|[spread] p1a,p1b\n|-heal|p1a: Iron Hands|90\/100\n|move|p1a: Iron Hands|Drain Punch|p2a: Kirby\n|-damage|p2a: Kirby|43\/100\n|-heal|p1a: Iron Hands|100\/100|[from] drain|[of] p2a: Kirby\n|\n|upkeep\n|turn|10\n|\n|t:|1697382958\n|move|p1b: Cresselia|Ally Switch|p1b: Cresselia\n|swap|p1b: Cresselia|0|[from] move: Ally Switch\n|move|p2a: Kirby|Play Rough|p1a: Cresselia\n|-damage|p1a: Cresselia|76\/100\n|-unboost|p1a: Cresselia|atk|1\n|move|p2b: Keanu|Phantom Force|p1b: Iron Hands|[from]lockedmove\n|-damage|p1b: Iron Hands|14\/100\n|move|p1b: Iron Hands|Drain Punch|p2a: Kirby\n|-damage|p2a: Kirby|0 fnt\n|-heal|p1b: Iron Hands|28\/100|[from] drain|[of] p2a: Kirby\n|faint|p2a: Kirby\n|\n|upkeep\n|\n|t:|1697382963\n|switch|p2a: \u91d1\u9c7c|Chi-Yu|100\/100\n|-ability|p2a: \u91d1\u9c7c|Beads of Ruin\n|turn|11\n|\n|t:|1697382986\n|-terastallize|p1b: Iron Hands|Grass\n|move|p2a: \u91d1\u9c7c|Flamethrower|p1b: Iron Hands\n|-supereffective|p1b: Iron Hands\n|-damage|p1b: Iron Hands|0 fnt\n|faint|p1b: Iron Hands\n|-end|p1b: Iron Hands|Quark Drive|[silent]\n|move|p2b: Keanu|Phantom Force||[still]\n|-prepare|p2b: Keanu|Phantom Force\n|move|p1a: Cresselia|Lunar Blessing|p1a: Cresselia\n|-heal|p1a: Cresselia|100\/100\n|\n|upkeep\n|turn|12\n|\n|t:|1697382998\n|move|p2a: \u91d1\u9c7c|Dark Pulse|p1a: Cresselia\n|-supereffective|p1a: Cresselia\n|-damage|p1a: Cresselia|37\/100\n|move|p2b: Keanu|Phantom Force|p1a: Cresselia|[from]lockedmove\n|-supereffective|p1a: Cresselia\n|-damage|p1a: Cresselia|0 fnt\n|faint|p1a: Cresselia\n|\n|win|Sargenbob\n|raw|marios tzavaaras's rating: 1087 &rarr; <strong>1064<\/strong><br \/>(-23 for losing)\n|raw|Sargenbob's rating: 1088 &rarr; <strong>1115<\/strong><br \/>(+27 for winning)\n|c|\u2606Sargenbob|gg\n","uploadtime":1697383004,"views":15,"p1id":"mariostzavaaras","p2id":"sargenbob","formatid":"gen9doublesou","rating":1064,"private":0,"password":""}