{"id":"gen9doublesou-1977365400","p1":"MiseryCloudNoah","p2":"Therms","format":"[Gen 9] Doubles OU","log":"|j|\u2606MiseryCloudNoah\n|j|\u2606Therms\n|t:|1698410205\n|gametype|doubles\n|player|p1|MiseryCloudNoah|169|1125\n|player|p2|Therms|170|1077\n|teamsize|p1|6\n|teamsize|p2|6\n|gen|9\n|tier|[Gen 9] Doubles OU\n|rated|\n|rule|Species Clause: Limit one of each Pok\u00e9mon\n|rule|OHKO Clause: OHKO moves are banned\n|rule|Evasion Moves Clause: Evasion moves are banned\n|rule|Gravity Sleep Clause: The combination of sleep-inducing moves with imperfect accuracy and Gravity or Gigantamax Orbeetle are banned\n|rule|Endless Battle Clause: Forcing endless battles is banned\n|rule|HP Percentage Mod: HP is shown in percentages\n|clearpoke\n|poke|p1|Garganacl, F|\n|poke|p1|Dragonite, F|\n|poke|p1|Sneasler, M|\n|poke|p1|Jirachi|\n|poke|p1|Cinderace, M|\n|poke|p1|Mandibuzz, F|\n|poke|p2|Flutter Mane|\n|poke|p2|Torkoal, F|\n|poke|p2|Lilligant, F|\n|poke|p2|Roaring Moon|\n|poke|p2|Ninetales, M|\n|poke|p2|Iron Hands|\n|teampreview\n|inactive|Battle timer is ON: inactive players will automatically lose when time's up. (requested by Therms)\n|\n|t:|1698410223\n|start\n|switch|p1a: LankyMF|Sneasler, M|100\/100\n|switch|p1b: Nebulous|Dragonite, F, shiny|100\/100\n|switch|p2a: Lilligant|Lilligant, F|100\/100\n|switch|p2b: Torkoal|Torkoal, F|100\/100\n|-weather|SunnyDay|[from] ability: Drought|[of] p2b: Torkoal\n|turn|1\n|inactive|MiseryCloudNoah has 120 seconds left.\n|\n|t:|1698410272\n|-terastallize|p2b: Torkoal|Fire\n|move|p1a: LankyMF|Fake Out|p2b: Torkoal\n|-enditem|p1a: LankyMF|Normal Gem|[from] gem\n|-damage|p2b: Torkoal|85\/100\n|move|p2a: Lilligant|After You|p2b: Torkoal\n|-activate|p2b: Torkoal|move: After You\n|cant|p2b: Torkoal|flinch\n|move|p1b: Nebulous|Dragon Dance|p1b: Nebulous\n|-boost|p1b: Nebulous|atk|1\n|-boost|p1b: Nebulous|spe|1\n|\n|-weather|SunnyDay|[upkeep]\n|upkeep\n|turn|2\n|inactive|MiseryCloudNoah has 120 seconds left.\n|inactive|MiseryCloudNoah has 90 seconds left.\n|\n|t:|1698410317\n|move|p1a: LankyMF|Acrobatics|p2a: Lilligant\n|-supereffective|p2a: Lilligant\n|-enditem|p2a: Lilligant|Focus Sash\n|-damage|p2a: Lilligant|1\/100\n|move|p2a: Lilligant|After You|p2b: Torkoal\n|-activate|p2b: Torkoal|move: After You\n|move|p2b: Torkoal|Eruption|p1b: Nebulous|[spread] p1a,p1b\n|-resisted|p1b: Nebulous\n|-damage|p1a: LankyMF|0 fnt\n|-damage|p1b: Nebulous|75\/100\n|faint|p1a: LankyMF\n|move|p1b: Nebulous|Dragon Dance|p1b: Nebulous\n|-boost|p1b: Nebulous|atk|1\n|-boost|p1b: Nebulous|spe|1\n|\n|-weather|SunnyDay|[upkeep]\n|-heal|p1b: Nebulous|81\/100|[from] item: Leftovers\n|upkeep\n|\n|t:|1698410345\n|switch|p1a: Star|Jirachi, shiny|100\/100\n|turn|3\n|\n|t:|1698410370\n|-terastallize|p1a: Star|Ground\n|move|p1b: Nebulous|Extreme Speed|p2b: Torkoal\n|-damage|p2b: Torkoal|39\/100\n|move|p2a: Lilligant|After You|p2b: Torkoal\n|-activate|p2b: Torkoal|move: After You\n|move|p2b: Torkoal|Flamethrower|p1a: Star\n|-damage|p1a: Star|28\/100\n|move|p1a: Star|Calm Mind|p1a: Star\n|-boost|p1a: Star|spa|1\n|-boost|p1a: Star|spd|1\n|\n|-weather|SunnyDay|[upkeep]\n|-heal|p1b: Nebulous|87\/100|[from] item: Leftovers\n|upkeep\n|turn|4\n|inactive|MiseryCloudNoah has 90 seconds left.\n|\n|t:|1698410398\n|move|p2b: Torkoal|Protect|p2b: Torkoal\n|-singleturn|p2b: Torkoal|Protect\n|move|p1b: Nebulous|Extreme Speed|p2b: Torkoal\n|-activate|p2b: Torkoal|move: Protect\n|move|p2a: Lilligant|Giga Drain|p1a: Star\n|-supereffective|p1a: Star\n|-damage|p1a: Star|0 fnt\n|-heal|p2a: Lilligant|15\/100|[from] drain|[of] p1a: Star\n|faint|p1a: Star\n|\n|-weather|SunnyDay|[upkeep]\n|-heal|p1b: Nebulous|93\/100|[from] item: Leftovers\n|upkeep\n|\n|t:|1698410410\n|switch|p1a: Garganacl|Garganacl, F, shiny|100\/100\n|turn|5\n|inactive|MiseryCloudNoah has 90 seconds left.\n|\n|t:|1698410423\n|move|p1b: Nebulous|Extreme Speed|p2b: Torkoal\n|-damage|p2b: Torkoal|0 fnt\n|faint|p2b: Torkoal\n|move|p2a: Lilligant|Giga Drain|p1a: Garganacl\n|-supereffective|p1a: Garganacl\n|-damage|p1a: Garganacl|53\/100\n|-heal|p2a: Lilligant|39\/100|[from] drain|[of] p1a: Garganacl\n|move|p1a: Garganacl|Body Press|p2a: Lilligant\n|-damage|p2a: Lilligant|2\/100\n|\n|-weather|none\n|-heal|p1b: Nebulous|99\/100|[from] item: Leftovers\n|-heal|p1a: Garganacl|59\/100|[from] item: Leftovers\n|upkeep\n|\n|t:|1698410437\n|switch|p2b: Ninetales|Ninetales, M, shiny|100\/100\n|-weather|SunnyDay|[from] ability: Drought|[of] p2b: Ninetales\n|turn|6\n|\n|t:|1698410454\n|switch|p2b: Roaring Moon|Roaring Moon|100\/100\n|-activate|p2b: Roaring Moon|ability: Protosynthesis\n|-start|p2b: Roaring Moon|protosynthesisatk\n|move|p1b: Nebulous|Extreme Speed|p2a: Lilligant\n|-damage|p2a: Lilligant|0 fnt\n|faint|p2a: Lilligant\n|move|p1a: Garganacl|Salt Cure|p2b: Roaring Moon\n|-damage|p2b: Roaring Moon|84\/100\n|-start|p2b: Roaring Moon|Salt Cure\n|\n|-weather|SunnyDay|[upkeep]\n|-heal|p1b: Nebulous|100\/100|[from] item: Leftovers\n|-heal|p1a: Garganacl|65\/100|[from] item: Leftovers\n|-damage|p2b: Roaring Moon|72\/100|[from] Salt Cure\n|upkeep\n|\n|t:|1698410470\n|switch|p2a: Iron Hands|Iron Hands|100\/100\n|-enditem|p2a: Iron Hands|Booster Energy\n|-activate|p2a: Iron Hands|ability: Quark Drive|[fromitem]\n|-start|p2a: Iron Hands|quarkdriveatk\n|turn|7\n|inactive|MiseryCloudNoah has 120 seconds left.\n|\n|t:|1698410485\n|move|p1b: Nebulous|Extreme Speed|p2b: Roaring Moon\n|-damage|p2b: Roaring Moon|0 fnt\n|faint|p2b: Roaring Moon\n|-end|p2b: Roaring Moon|Protosynthesis|[silent]\n|move|p2a: Iron Hands|Close Combat|p1a: Garganacl\n|-supereffective|p1a: Garganacl\n|-damage|p1a: Garganacl|0 fnt\n|-unboost|p2a: Iron Hands|def|1\n|-unboost|p2a: Iron Hands|spd|1\n|faint|p1a: Garganacl\n|\n|-weather|SunnyDay|[upkeep]\n|upkeep\n|\n|t:|1698410496\n|switch|p2b: Flutter Mane|Flutter Mane|100\/100\n|switch|p1a: Bizzurd|Mandibuzz, F, shiny|100\/100\n|-activate|p2b: Flutter Mane|ability: Protosynthesis\n|-start|p2b: Flutter Mane|protosynthesisspe\n|turn|8\n|\n|t:|1698410516\n|move|p1b: Nebulous|Extreme Speed|p2a: Iron Hands\n|-damage|p2a: Iron Hands|46\/100\n|move|p2b: Flutter Mane|Dazzling Gleam|p1a: Bizzurd|[spread] p1a,p1b\n|-supereffective|p1a: Bizzurd\n|-supereffective|p1b: Nebulous\n|-damage|p1a: Bizzurd|35\/100\n|-damage|p1b: Nebulous|52\/100\n|move|p2a: Iron Hands|Thunder Punch|p1a: Bizzurd\n|-supereffective|p1a: Bizzurd\n|-damage|p1a: Bizzurd|0 fnt\n|-damage|p2a: Iron Hands|29\/100|[from] item: Rocky Helmet|[of] p1a: Bizzurd\n|faint|p1a: Bizzurd\n|\n|-weather|SunnyDay|[upkeep]\n|-heal|p1b: Nebulous|58\/100|[from] item: Leftovers\n|upkeep\n|\n|t:|1698410530\n|switch|p1a: Scorch|Cinderace, M|100\/100\n|turn|9\n|\n|t:|1698410542\n|move|p1b: Nebulous|Extreme Speed|p2a: Iron Hands\n|-damage|p2a: Iron Hands|0 fnt\n|faint|p2a: Iron Hands\n|-end|p2a: Iron Hands|Quark Drive|[silent]\n|move|p2b: Flutter Mane|Dazzling Gleam|p1b: Nebulous|[spread] p1a,p1b\n|-resisted|p1a: Scorch\n|-supereffective|p1b: Nebulous\n|-damage|p1a: Scorch|69\/100\n|-damage|p1b: Nebulous|0 fnt\n|faint|p1b: Nebulous\n|move|p1a: Scorch|Pyro Ball|p2b: Flutter Mane|[miss]\n|-miss|p1a: Scorch|p2b: Flutter Mane\n|\n|-weather|SunnyDay|[upkeep]\n|upkeep\n|\n|t:|1698410552\n|switch|p2a: Ninetales|Ninetales, M, shiny|100\/100\n|turn|10\n|\n|t:|1698410558\n|move|p2b: Flutter Mane|Dazzling Gleam|p1a: Scorch\n|-resisted|p1a: Scorch\n|-damage|p1a: Scorch|25\/100\n|move|p1a: Scorch|Pyro Ball|p2b: Flutter Mane\n|-damage|p2b: Flutter Mane|0 fnt\n|faint|p2b: Flutter Mane\n|-end|p2b: Flutter Mane|Protosynthesis|[silent]\n|-damage|p1a: Scorch|15\/100|[from] item: Life Orb\n|move|p2a: Ninetales|Calm Mind|p2a: Ninetales\n|-boost|p2a: Ninetales|spa|1\n|-boost|p2a: Ninetales|spd|1\n|\n|-weather|none\n|upkeep\n|turn|11\n|\n|t:|1698410570\n|move|p1a: Scorch|Giga Impact|p2a: Ninetales\n|-start|p1a: Scorch|typechange|Normal|[from] ability: Libero\n|-damage|p2a: Ninetales|0 fnt\n|-mustrecharge|p1a: Scorch\n|faint|p2a: Ninetales\n|-damage|p1a: Scorch|5\/100|[from] item: Life Orb\n|\n|win|MiseryCloudNoah\n|raw|MiseryCloudNoah's rating: 1125 &rarr; <strong>1147<\/strong><br \/>(+22 for winning)\n|raw|Therms's rating: 1077 &rarr; <strong>1058<\/strong><br \/>(-19 for losing)\n","uploadtime":1698410583,"views":23,"p1id":"miserycloudnoah","p2id":"therms","formatid":"gen9doublesou","rating":1058,"private":0,"password":""}