{"id":"gen9doublesou-1990411718","p1":"unluckyloss837","p2":"Elite.4.Challenger","format":"[Gen 9] Doubles OU","log":"|j|\u2606unluckyloss837\n|j|\u2606Elite.4.Challenger\n|t:|1699968268\n|gametype|doubles\n|player|p1|unluckyloss837|red|1414\n|player|p2|Elite.4.Challenger|koga|1467\n|teamsize|p1|6\n|teamsize|p2|6\n|gen|9\n|tier|[Gen 9] Doubles OU\n|rated|\n|rule|Species Clause: Limit one of each Pok\u00e9mon\n|rule|OHKO Clause: OHKO moves are banned\n|rule|Evasion Moves Clause: Evasion moves are banned\n|rule|Gravity Sleep Clause: The combination of sleep-inducing moves with imperfect accuracy and Gravity or Gigantamax Orbeetle are banned\n|rule|Endless Battle Clause: Forcing endless battles is banned\n|rule|HP Percentage Mod: HP is shown in percentages\n|clearpoke\n|poke|p1|Gardevoir, F|\n|poke|p1|Vaporeon, F|\n|poke|p1|Cinderace, F|\n|poke|p1|Meowscarada, F|\n|poke|p1|Zoroark-Hisui, F|\n|poke|p1|Cresselia, F|\n|poke|p2|Zapdos|\n|poke|p2|Grimmsnarl, M|\n|poke|p2|Basculegion-F, F|\n|poke|p2|Goodra-Hisui, M|\n|poke|p2|Politoed, M|\n|poke|p2|Toxicroak, F|\n|teampreview\n|inactive|Battle timer is ON: inactive players will automatically lose when time's up. (requested by Elite.4.Challenger)\n|c|\u2606Elite.4.Challenger|glhf\n|\n|t:|1699968298\n|start\n|switch|p1a: Smash|Gardevoir, F, shiny|100\/100\n|switch|p1b: Copypasta|Vaporeon, F|100\/100\n|switch|p2a: Kermit the Frog|Politoed, M|100\/100\n|switch|p2b: Michael Phelps|Basculegion-F, F|100\/100\n|-weather|RainDance|[from] ability: Drizzle|[of] p2a: Kermit the Frog\n|turn|1\n|\n|t:|1699968326\n|move|p2a: Kermit the Frog|Helping Hand|p2b: Michael Phelps\n|-singleturn|p2b: Michael Phelps|Helping Hand|[of] p2a: Kermit the Frog\n|move|p2b: Michael Phelps|Surf|p1b: Copypasta|[spread] p2a,p1a\n|-immune|p1b: Copypasta|[from] ability: Water Absorb\n|-resisted|p2a: Kermit the Frog\n|-damage|p2a: Kermit the Frog|61\/100\n|-damage|p1a: Smash|0 fnt\n|faint|p1a: Smash\n|-enditem|p2a: Kermit the Frog|Eject Button\n|inactive|Elite.4.Challenger has 120 seconds left.\n|\n|t:|1699968337\n|switch|p2a: Kermit the Dawg|Toxicroak, F|100\/100\n|move|p1b: Copypasta|Yawn|p2a: Kermit the Dawg\n|-start|p2a: Kermit the Dawg|move: Yawn|[of] p1b: Copypasta\n|\n|-weather|RainDance|[upkeep]\n|upkeep\n|\n|t:|1699968353\n|switch|p1a: This team sucks|Cresselia, F, shiny|100\/100\n|turn|2\n|\n|t:|1699968369\n|switch|p2b: James Murray|Goodra-Hisui, M|100\/100\n|switch|p2a: Gollum|Grimmsnarl, M|100\/100\n|move|p1a: This team sucks|Bitter Malice|p2b: James Murray\n|-damage|p2b: James Murray|79\/100\n|-unboost|p2b: James Murray|atk|1\n|move|p1b: Copypasta|Yawn|p2b: James Murray\n|-start|p2b: James Murray|move: Yawn|[of] p1b: Copypasta\n|\n|-weather|RainDance|[upkeep]\n|upkeep\n|turn|3\n|inactive|Elite.4.Challenger has 120 seconds left.\n|\n|t:|1699968401\n|switch|p2b: Big Bird|Zapdos|100\/100\n|move|p2a: Gollum|Fake Out|p1b: Copypasta\n|-damage|p1b: Copypasta|86\/100\n|move|p1a: This team sucks|Bitter Malice|p2b: Big Bird\n|-damage|p2b: Big Bird|53\/100\n|-unboost|p2b: Big Bird|atk|1\n|cant|p1b: Copypasta|flinch\n|\n|-weather|RainDance|[upkeep]\n|-heal|p1b: Copypasta|92\/100|[from] item: Leftovers\n|upkeep\n|turn|4\n|inactive|Elite.4.Challenger has 120 seconds left.\n|\n|t:|1699968432\n|move|p1b: Copypasta|Protect|p1b: Copypasta\n|-singleturn|p1b: Copypasta|Protect\n|move|p2a: Gollum|Parting Shot|p1a: This team sucks\n|-unboost|p1a: This team sucks|atk|1\n|-unboost|p1a: This team sucks|spa|1\n|inactive|Elite.4.Challenger has 120 seconds left.\n|\n|t:|1699968441\n|switch|p2a: Kermit the Dawg|Toxicroak, F|100\/100|[from] Parting Shot\n|move|p1a: This team sucks|Bitter Malice|p2b: Big Bird\n|-damage|p2b: Big Bird|20\/100\n|-unboost|p2b: Big Bird|atk|1\n|move|p2b: Big Bird|Thunder|p1b: Copypasta\n|-activate|p1b: Copypasta|move: Protect\n|\n|-weather|RainDance|[upkeep]\n|-heal|p1b: Copypasta|99\/100|[from] item: Leftovers\n|upkeep\n|turn|5\n|\n|t:|1699968466\n|move|p2a: Kermit the Dawg|Fake Out|p1a: This team sucks\n|-immune|p1a: This team sucks\n|move|p1a: This team sucks|Bitter Malice|p2b: Big Bird\n|-crit|p2b: Big Bird\n|-damage|p2b: Big Bird|0 fnt\n|faint|p2b: Big Bird\n|move|p1b: Copypasta|Surf|p2a: Kermit the Dawg|[spread] p1a\n|-immune|p2a: Kermit the Dawg|[from] ability: Dry Skin\n|-damage|p1a: This team sucks|0 fnt\n|replace|p1a: Deception|Zoroark-Hisui, F, shiny\n|-end|p1a: Deception|Illusion\n|faint|p1a: Deception\n|\n|-weather|none\n|-heal|p1b: Copypasta|100\/100|[from] item: Leftovers\n|upkeep\n|\n|t:|1699968487\n|switch|p1a: This team sucks|Cresselia, F, shiny|100\/100\n|switch|p2b: Kermit the Frog|Politoed, M|61\/100\n|-weather|RainDance|[from] ability: Drizzle|[of] p2b: Kermit the Frog\n|turn|6\n|inactive|Elite.4.Challenger has 120 seconds left.\n|\n|t:|1699968526\n|move|p2a: Kermit the Dawg|Close Combat|p1b: Copypasta\n|-damage|p1b: Copypasta|7\/100\n|-unboost|p2a: Kermit the Dawg|def|1\n|-unboost|p2a: Kermit the Dawg|spd|1\n|-damage|p2a: Kermit the Dawg|91\/100|[from] item: Life Orb\n|move|p1a: This team sucks|Dazzling Gleam|p2b: Kermit the Frog|[spread] p2a,p2b\n|-crit|p2a: Kermit the Dawg\n|-damage|p2a: Kermit the Dawg|54\/100\n|-damage|p2b: Kermit the Frog|55\/100\n|move|p2b: Kermit the Frog|Icy Wind|p1b: Copypasta|[spread] p1a,p1b\n|-resisted|p1b: Copypasta\n|-damage|p1a: This team sucks|96\/100\n|-damage|p1b: Copypasta|4\/100\n|-unboost|p1a: This team sucks|spe|1\n|-unboost|p1b: Copypasta|spe|1\n|move|p1b: Copypasta|Yawn|p2a: Kermit the Dawg\n|-start|p2a: Kermit the Dawg|move: Yawn|[of] p1b: Copypasta\n|\n|-weather|RainDance|[upkeep]\n|-heal|p2a: Kermit the Dawg|66\/100|[from] ability: Dry Skin\n|-heal|p1b: Copypasta|10\/100|[from] item: Leftovers\n|upkeep\n|turn|7\n|inactive|Elite.4.Challenger has 120 seconds left.\n|\n|t:|1699968557\n|switch|p2a: Gollum|Grimmsnarl, M|100\/100\n|move|p2b: Kermit the Frog|Protect|p2b: Kermit the Frog\n|-singleturn|p2b: Kermit the Frog|Protect\n|move|p1b: Copypasta|Protect|p1b: Copypasta\n|-singleturn|p1b: Copypasta|Protect\n|move|p1a: This team sucks|Lunar Blessing|p1a: This team sucks|[spread] p1a,p1b\n|-heal|p1a: This team sucks|100\/100\n|-heal|p1b: Copypasta|35\/100\n|\n|-weather|RainDance|[upkeep]\n|-heal|p1b: Copypasta|41\/100|[from] item: Leftovers\n|upkeep\n|turn|8\n|inactive|Elite.4.Challenger has 120 seconds left.\n|\n|t:|1699968580\n|move|p2b: Kermit the Frog|Icy Wind|p1a: This team sucks|[spread] p1a,p1b\n|-resisted|p1b: Copypasta\n|-damage|p1a: This team sucks|96\/100\n|-damage|p1b: Copypasta|38\/100\n|-unboost|p1a: This team sucks|spe|1\n|-unboost|p1b: Copypasta|spe|1\n|move|p2a: Gollum|Play Rough|p1b: Copypasta|[miss]\n|-miss|p2a: Gollum|p1b: Copypasta\n|move|p1b: Copypasta|Surf|p2b: Kermit the Frog|[spread] p1a,p2a,p2b\n|-resisted|p2b: Kermit the Frog\n|-damage|p1a: This team sucks|72\/100\n|-damage|p2a: Gollum|48\/100\n|-damage|p2b: Kermit the Frog|38\/100\n|move|p1a: This team sucks|Trick Room|p1a: This team sucks\n|-fieldstart|move: Trick Room|[of] p1a: This team sucks\n|\n|-weather|RainDance|[upkeep]\n|-heal|p1b: Copypasta|45\/100|[from] item: Leftovers\n|upkeep\n|turn|9\n|inactive|Elite.4.Challenger has 120 seconds left.\n|\n|t:|1699968621\n|switch|p2b: James Murray|Goodra-Hisui, M|79\/100\n|move|p2a: Gollum|Parting Shot|p1b: Copypasta\n|-unboost|p1b: Copypasta|atk|1\n|-unboost|p1b: Copypasta|spa|1\n|\n|t:|1699968632\n|switch|p2a: Kermit the Frog|Politoed, M|38\/100|[from] Parting Shot\n|move|p1b: Copypasta|Surf|p2a: Kermit the Frog|[spread] p1a,p2a,p2b\n|-resisted|p2a: Kermit the Frog\n|-resisted|p2b: James Murray\n|-damage|p1a: This team sucks|55\/100\n|-damage|p2a: Kermit the Frog|27\/100\n|-damage|p2b: James Murray|69\/100\n|move|p1a: This team sucks|Lunar Blessing|p1a: This team sucks|[spread] p1a,p1b\n|-heal|p1a: This team sucks|80\/100\n|-heal|p1b: Copypasta|70\/100\n|\n|-weather|RainDance|[upkeep]\n|-heal|p1b: Copypasta|76\/100|[from] item: Leftovers\n|upkeep\n|turn|10\n|inactive|Elite.4.Challenger has 120 seconds left.\n|\n|t:|1699968656\n|move|p2a: Kermit the Frog|Protect|p2a: Kermit the Frog\n|-singleturn|p2a: Kermit the Frog|Protect\n|move|p1b: Copypasta|Ice Beam|p2b: James Murray\n|-damage|p2b: James Murray|58\/100\n|-status|p2b: James Murray|frz\n|move|p1a: This team sucks|Dazzling Gleam|p2b: James Murray|[spread] p2b\n|-activate|p2a: Kermit the Frog|move: Protect\n|-damage|p2b: James Murray|51\/100 frz\n|cant|p2b: James Murray|frz\n|\n|-weather|none\n|-heal|p1b: Copypasta|82\/100|[from] item: Leftovers\n|upkeep\n|turn|11\n|inactive|Elite.4.Challenger has 120 seconds left.\n|\n|t:|1699968693\n|switch|p2a: Gollum|Grimmsnarl, M|48\/100\n|move|p1b: Copypasta|Ice Beam|p2b: James Murray\n|-damage|p2b: James Murray|40\/100 frz\n|move|p1a: This team sucks|Dazzling Gleam|p2a: Gollum|[spread] p2a,p2b\n|-supereffective|p2a: Gollum\n|-damage|p2a: Gollum|23\/100\n|-damage|p2b: James Murray|34\/100 frz\n|-curestatus|p2b: James Murray|frz|[msg]\n|move|p2b: James Murray|Acid Spray|p1b: Copypasta\n|-damage|p1b: Copypasta|74\/100\n|-unboost|p1b: Copypasta|spd|2\n|\n|-heal|p1b: Copypasta|80\/100|[from] item: Leftovers\n|upkeep\n|turn|12\n|\n|t:|1699968717\n|move|p2a: Gollum|Fake Out|p1a: This team sucks\n|-damage|p1a: This team sucks|70\/100\n|move|p1b: Copypasta|Ice Beam|p2b: James Murray\n|-damage|p2b: James Murray|23\/100\n|-enditem|p2b: James Murray|Iapapa Berry|[eat]\n|-heal|p2b: James Murray|56\/100|[from] item: Iapapa Berry\n|cant|p1a: This team sucks|flinch\n|move|p2b: James Murray|Acid Spray|p1a: This team sucks\n|-damage|p1a: This team sucks|65\/100\n|-unboost|p1a: This team sucks|spd|2\n|\n|-heal|p1b: Copypasta|87\/100|[from] item: Leftovers\n|-fieldend|move: Trick Room\n|upkeep\n|turn|13\n|inactive|Elite.4.Challenger has 120 seconds left.\n|inactive|Elite.4.Challenger has 90 seconds left.\n|\n|t:|1699968752\n|move|p2a: Gollum|Play Rough|p1b: Copypasta\n|-crit|p1b: Copypasta\n|-damage|p1b: Copypasta|15\/100\n|move|p2b: James Murray|Flash Cannon|p1a: This team sucks\n|-damage|p1a: This team sucks|32\/100\n|-enditem|p1a: This team sucks|Sitrus Berry|[eat]\n|-heal|p1a: This team sucks|57\/100|[from] item: Sitrus Berry\n|move|p1a: This team sucks|Dazzling Gleam|p2b: James Murray|[spread] p2a,p2b\n|-supereffective|p2a: Gollum\n|-damage|p2a: Gollum|0 fnt\n|-damage|p2b: James Murray|50\/100\n|faint|p2a: Gollum\n|move|p1b: Copypasta|Ice Beam|p2b: James Murray\n|-damage|p2b: James Murray|39\/100\n|\n|-heal|p1b: Copypasta|21\/100|[from] item: Leftovers\n|upkeep\n|inactive|Elite.4.Challenger has 90 seconds left.\n|\n|t:|1699968772\n|switch|p2a: Michael Phelps|Basculegion-F, F|100\/100\n|turn|14\n|\n|t:|1699968780\n|switch|p1a: FurryBait|Cinderace, F, shiny|100\/100\n|switch|p1b: Digital Footprint|Meowscarada, F, shiny|100\/100\n|move|p2a: Michael Phelps|Shadow Ball|p1a: FurryBait\n|-damage|p1a: FurryBait|15\/100\n|move|p2b: James Murray|Flash Cannon|p1b: Digital Footprint\n|-damage|p1b: Digital Footprint|47\/100\n|-unboost|p1b: Digital Footprint|spd|1\n|\n|upkeep\n|turn|15\n|inactive|Elite.4.Challenger has 120 seconds left.\n|\n|t:|1699968804\n|switch|p2a: Kermit the Frog|Politoed, M|27\/100\n|-weather|RainDance|[from] ability: Drizzle|[of] p2a: Kermit the Frog\n|move|p1b: Digital Footprint|Flower Trick|p2a: Kermit the Frog\n|-start|p1b: Digital Footprint|typechange|Grass|[from] ability: Protean\n|-supereffective|p2a: Kermit the Frog\n|-crit|p2a: Kermit the Frog\n|-damage|p2a: Kermit the Frog|0 fnt\n|faint|p2a: Kermit the Frog\n|move|p1a: FurryBait|High Jump Kick|p2b: James Murray\n|-start|p1a: FurryBait|typechange|Fighting|[from] ability: Libero\n|-supereffective|p2b: James Murray\n|-damage|p2b: James Murray|0 fnt\n|faint|p2b: James Murray\n|-damage|p1a: FurryBait|5\/100|[from] item: Life Orb\n|\n|-weather|RainDance|[upkeep]\n|upkeep\n|\n|t:|1699968821\n|switch|p2a: Michael Phelps|Basculegion-F, F|100\/100\n|switch|p2b: Kermit the Dawg|Toxicroak, F|66\/100\n|turn|16\n|inactive|Elite.4.Challenger has 120 seconds left.\n|\n|t:|1699968838\n|switch|p1a: Copypasta|Vaporeon, F|21\/100\n|move|p2b: Kermit the Dawg|Fake Out|p1a: Copypasta\n|-damage|p1a: Copypasta|1\/100\n|-damage|p2b: Kermit the Dawg|57\/100|[from] item: Life Orb\n|move|p2a: Michael Phelps|Ice Beam|p1b: Digital Footprint\n|-supereffective|p1b: Digital Footprint\n|-damage|p1b: Digital Footprint|0 fnt\n|faint|p1b: Digital Footprint\n|\n|-weather|RainDance|[upkeep]\n|-heal|p2b: Kermit the Dawg|69\/100|[from] ability: Dry Skin\n|-heal|p1a: Copypasta|8\/100|[from] item: Leftovers\n|upkeep\n|\n|t:|1699968853\n|switch|p1b: This team sucks|Cresselia, F, shiny|57\/100\n|turn|17\n|\n|t:|1699968863\n|move|p1a: Copypasta|Protect|p1a: Copypasta\n|-singleturn|p1a: Copypasta|Protect\n|move|p2b: Kermit the Dawg|Sucker Punch||[still]\n|-fail|p2b: Kermit the Dawg\n|move|p2a: Michael Phelps|Ice Beam|p1a: Copypasta\n|-activate|p1a: Copypasta|move: Protect\n|move|p1b: This team sucks|Lunar Blessing|p1b: This team sucks|[spread] p1a,p1b\n|-heal|p1a: Copypasta|33\/100\n|-heal|p1b: This team sucks|82\/100\n|\n|-weather|RainDance|[upkeep]\n|-heal|p2b: Kermit the Dawg|81\/100|[from] ability: Dry Skin\n|-heal|p1a: Copypasta|39\/100|[from] item: Leftovers\n|upkeep\n|turn|18\n|inactive|unluckyloss837 has 120 seconds left.\n|\n|t:|1699968902\n|move|p2b: Kermit the Dawg|Sucker Punch||[still]\n|-fail|p2b: Kermit the Dawg\n|move|p2a: Michael Phelps|Ice Beam|p1b: This team sucks\n|-damage|p1b: This team sucks|61\/100\n|move|p1a: Copypasta|Yawn|p2b: Kermit the Dawg\n|-start|p2b: Kermit the Dawg|move: Yawn|[of] p1a: Copypasta\n|move|p1b: This team sucks|Trick Room|p1b: This team sucks\n|-fieldstart|move: Trick Room|[of] p1b: This team sucks\n|\n|-weather|RainDance|[upkeep]\n|-heal|p2b: Kermit the Dawg|94\/100|[from] ability: Dry Skin\n|-heal|p1a: Copypasta|45\/100|[from] item: Leftovers\n|upkeep\n|turn|19\n|\n|t:|1699968923\n|move|p1a: Copypasta|Yawn|p2a: Michael Phelps\n|-start|p2a: Michael Phelps|move: Yawn|[of] p1a: Copypasta\n|move|p1b: This team sucks|Lunar Blessing|p1b: This team sucks|[spread] p1a,p1b\n|-heal|p1a: Copypasta|70\/100\n|-heal|p1b: This team sucks|86\/100\n|move|p2b: Kermit the Dawg|Close Combat|p1a: Copypasta\n|-damage|p1a: Copypasta|0 fnt\n|-unboost|p2b: Kermit the Dawg|def|1\n|-unboost|p2b: Kermit the Dawg|spd|1\n|faint|p1a: Copypasta\n|-damage|p2b: Kermit the Dawg|84\/100|[from] item: Life Orb\n|move|p2a: Michael Phelps|Ice Beam|p1b: This team sucks\n|-damage|p1b: This team sucks|66\/100\n|\n|-weather|none\n|-end|p2b: Kermit the Dawg|move: Yawn|[silent]\n|-status|p2b: Kermit the Dawg|slp\n|upkeep\n|\n|t:|1699968939\n|switch|p1a: FurryBait|Cinderace, F, shiny|5\/100\n|turn|20\n|\n|t:|1699968966\n|-terastallize|p1b: This team sucks|Fairy\n|cant|p2b: Kermit the Dawg|slp\n|move|p1a: FurryBait|Sucker Punch|p2a: Michael Phelps\n|-start|p1a: FurryBait|typechange|Dark|[from] ability: Libero\n|-supereffective|p2a: Michael Phelps\n|-damage|p2a: Michael Phelps|0 fnt\n|faint|p2a: Michael Phelps\n|-damage|p1a: FurryBait|0 fnt|[from] item: Life Orb\n|faint|p1a: FurryBait\n|move|p1b: This team sucks|Dazzling Gleam|p2b: Kermit the Dawg\n|-damage|p2b: Kermit the Dawg|36\/100 slp\n|\n|upkeep\n|turn|21\n|\n|t:|1699968983\n|move|p1b: This team sucks|Dazzling Gleam|p2b: Kermit the Dawg\n|-damage|p2b: Kermit the Dawg|0 fnt\n|faint|p2b: Kermit the Dawg\n|\n|win|unluckyloss837\n|raw|unluckyloss837's rating: 1414 &rarr; <strong>1437<\/strong><br \/>(+23 for winning)\n|raw|Elite.4.Challenger's rating: 1467 &rarr; <strong>1444<\/strong><br \/>(-23 for losing)\n|l|\u2606Elite.4.Challenger\n","uploadtime":1699968999,"views":6,"p1id":"unluckyloss837","p2id":"elite4challenger","formatid":"gen9doublesou","rating":1437,"private":0,"password":""}