{"id":"gen9doublesou-1995931447","p1":"FunnyLlama69","p2":"RLisanidiot","format":"[Gen 9] Doubles OU","log":"|j|\u2606FunnyLlama69\n|j|\u2606RLisanidiot\n|t:|1700618806\n|gametype|doubles\n|player|p1|FunnyLlama69|170|1326\n|player|p2|RLisanidiot|unknownf|1300\n|teamsize|p1|6\n|teamsize|p2|6\n|gen|9\n|tier|[Gen 9] Doubles OU\n|rated|\n|rule|Species Clause: Limit one of each Pok\u00e9mon\n|rule|OHKO Clause: OHKO moves are banned\n|rule|Evasion Moves Clause: Evasion moves are banned\n|rule|Gravity Sleep Clause: The combination of sleep-inducing moves with imperfect accuracy and Gravity or Gigantamax Orbeetle are banned\n|rule|Endless Battle Clause: Forcing endless battles is banned\n|rule|HP Percentage Mod: HP is shown in percentages\n|clearpoke\n|poke|p1|Indeedee-F, F|\n|poke|p1|Armarouge, M|\n|poke|p1|Sneasler, M|\n|poke|p1|Ursaluna, F|\n|poke|p1|Amoonguss, F|\n|poke|p1|Arcanine, F|\n|poke|p2|Ninetales-Alola, F|\n|poke|p2|Chien-Pao|\n|poke|p2|Flutter Mane|\n|poke|p2|Tornadus, M|\n|poke|p2|Pachirisu, M|\n|poke|p2|Landorus-Therian, M|\n|teampreview\n|inactive|Battle timer is ON: inactive players will automatically lose when time's up. (requested by RLisanidiot)\n|\n|t:|1700618821\n|start\n|switch|p1a: Indeedee|Indeedee-F, F|100\/100\n|switch|p1b: Arcanine|Arcanine, F|100\/100\n|switch|p2a: Tornadus|Tornadus, M|100\/100\n|switch|p2b: Landorus|Landorus-Therian, M, shiny|100\/100\n|-ability|p2b: Landorus|Intimidate|boost\n|-unboost|p1a: Indeedee|atk|1\n|-unboost|p1b: Arcanine|atk|1\n|-ability|p1b: Arcanine|Intimidate|boost\n|-unboost|p2a: Tornadus|atk|1\n|-unboost|p2b: Landorus|atk|1\n|-fieldstart|move: Psychic Terrain|[from] ability: Psychic Surge|[of] p1a: Indeedee\n|turn|1\n|\n|t:|1700618846\n|switch|p1b: Ursaluna|Ursaluna, F|100\/100\n|move|p2b: Landorus|U-turn|p1a: Indeedee\n|-supereffective|p1a: Indeedee\n|-damage|p1a: Indeedee|72\/100\n|\n|t:|1700618855\n|switch|p2b: Flutter Mane|Flutter Mane|100\/100|[from] U-turn\n|move|p2a: Tornadus|Bleakwind Storm|p1a: Indeedee|[spread] p1a\n|-miss|p2a: Tornadus|p1b: Ursaluna\n|-damage|p1a: Indeedee|40\/100\n|move|p1a: Indeedee|Trick Room|p1a: Indeedee\n|-fieldstart|move: Trick Room|[of] p1a: Indeedee\n|\n|-status|p1b: Ursaluna|brn|[from] item: Flame Orb\n|upkeep\n|turn|2\n|inactive|FunnyLlama69 has 120 seconds left.\n|\n|t:|1700618887\n|-end|p2b: Flutter Mane|Protosynthesis|[silent]\n|switch|p2b: Landorus|Landorus-Therian, M, shiny|100\/100\n|-ability|p2b: Landorus|Intimidate|boost\n|-unboost|p1a: Indeedee|atk|1\n|-unboost|p1b: Ursaluna|atk|1\n|move|p1a: Indeedee|Protect|p1a: Indeedee\n|-singleturn|p1a: Indeedee|Protect\n|move|p1b: Ursaluna|Headlong Rush|p2b: Landorus\n|-immune|p2b: Landorus\n|move|p2a: Tornadus|Bleakwind Storm|p1a: Indeedee|[spread] p1b\n|-activate|p1a: Indeedee|move: Protect\n|-damage|p1b: Ursaluna|73\/100 brn\n|\n|-damage|p1b: Ursaluna|67\/100 brn|[from] brn\n|upkeep\n|turn|3\n|\n|t:|1700618902\n|move|p1b: Ursaluna|Facade|p2a: Tornadus\n|-damage|p2a: Tornadus|21\/100\n|move|p1a: Indeedee|Psychic|p2b: Landorus\n|-damage|p2b: Landorus|53\/100\n|move|p2a: Tornadus|Bleakwind Storm|p1a: Indeedee|[spread] p1a,p1b\n|-crit|p1a: Indeedee\n|-damage|p1a: Indeedee|0 fnt\n|-damage|p1b: Ursaluna|41\/100 brn\n|faint|p1a: Indeedee\n|move|p2b: Landorus|U-turn|p1b: Ursaluna\n|-damage|p1b: Ursaluna|24\/100 brn\n|\n|t:|1700618914\n|switch|p2b: Chien-Pao|Chien-Pao|100\/100|[from] U-turn\n|-ability|p2b: Chien-Pao|Sword of Ruin\n|\n|-damage|p1b: Ursaluna|18\/100 brn|[from] brn\n|upkeep\n|\n|t:|1700618917\n|switch|p1a: Sneasler|Sneasler, M|100\/100\n|-enditem|p1a: Sneasler|Psychic Seed\n|-boost|p1a: Sneasler|spd|1|[from] item: Psychic Seed\n|turn|4\n|\n|t:|1700618929\n|switch|p2b: Landorus|Landorus-Therian, M, shiny|53\/100\n|-ability|p2b: Landorus|Intimidate|boost\n|-unboost|p1a: Sneasler|atk|1\n|-unboost|p1b: Ursaluna|atk|1\n|move|p1b: Ursaluna|Facade|p2a: Tornadus\n|-damage|p2a: Tornadus|0 fnt\n|faint|p2a: Tornadus\n|move|p1a: Sneasler|Close Combat|p2b: Landorus\n|-resisted|p2b: Landorus\n|-damage|p2b: Landorus|27\/100\n|-unboost|p1a: Sneasler|def|1\n|-unboost|p1a: Sneasler|spd|1\n|\n|-damage|p1b: Ursaluna|12\/100 brn|[from] brn\n|upkeep\n|\n|t:|1700618940\n|switch|p2a: Pachirisu|Pachirisu, M|100\/100\n|turn|5\n|\n|t:|1700618949\n|move|p2a: Pachirisu|Follow Me|p2a: Pachirisu\n|-singleturn|p2a: Pachirisu|move: Follow Me\n|move|p1b: Ursaluna|Facade|p2a: Pachirisu\n|-damage|p2a: Pachirisu|24\/100\n|-enditem|p2a: Pachirisu|Sitrus Berry|[eat]\n|-heal|p2a: Pachirisu|49\/100|[from] item: Sitrus Berry\n|move|p2b: Landorus|U-turn|p1b: Ursaluna\n|-damage|p1b: Ursaluna|0 fnt\n|faint|p1b: Ursaluna\n|\n|t:|1700618964\n|switch|p2b: Ninetales|Ninetales-Alola, F, shiny|100\/100|[from] U-turn\n|-weather|Snow|[from] ability: Snow Warning|[of] p2b: Ninetales\n|move|p1a: Sneasler|Acrobatics|p2a: Pachirisu\n|-resisted|p2a: Pachirisu\n|-damage|p2a: Pachirisu|32\/100\n|\n|-weather|Snow|[upkeep]\n|-fieldend|move: Trick Room\n|-fieldend|move: Psychic Terrain\n|upkeep\n|\n|t:|1700618971\n|switch|p1b: Arcanine|Arcanine, F|100\/100\n|-ability|p1b: Arcanine|Intimidate|boost\n|-unboost|p2a: Pachirisu|atk|1\n|-unboost|p2b: Ninetales|atk|1\n|turn|6\n|\n|t:|1700618993\n|switch|p2a: Landorus|Landorus-Therian, M, shiny|27\/100\n|-ability|p2a: Landorus|Intimidate|boost\n|-unboost|p1a: Sneasler|atk|1\n|-unboost|p1b: Arcanine|atk|1\n|move|p1a: Sneasler|Poison Jab|p2b: Ninetales\n|-supereffective|p2b: Ninetales\n|-crit|p2b: Ninetales\n|-damage|p2b: Ninetales|0 fnt\n|faint|p2b: Ninetales\n|move|p1b: Arcanine|Wild Charge|p2a: Landorus\n|-immune|p2a: Landorus\n|\n|-weather|Snow|[upkeep]\n|upkeep\n|\n|t:|1700619005\n|switch|p2b: Pachirisu|Pachirisu, M|32\/100\n|turn|7\n|\n|t:|1700619013\n|move|p2b: Pachirisu|Follow Me|p2b: Pachirisu\n|-singleturn|p2b: Pachirisu|move: Follow Me\n|move|p1a: Sneasler|Poison Jab|p2b: Pachirisu\n|-damage|p2b: Pachirisu|5\/100\n|move|p2a: Landorus|Sandsear Storm|p1b: Arcanine|[spread] p1a,p1b\n|-supereffective|p1a: Sneasler\n|-supereffective|p1b: Arcanine\n|-damage|p1a: Sneasler|1\/100\n|-damage|p1b: Arcanine|13\/100\n|move|p1b: Arcanine|Wild Charge|p2b: Pachirisu\n|-heal|p2b: Pachirisu|30\/100|[from] ability: Volt Absorb|[of] p1b: Arcanine\n|\n|-weather|Snow|[upkeep]\n|upkeep\n|turn|8\n|\n|t:|1700619032\n|switch|p1b: Amoonguss|Amoonguss, F|100\/100\n|move|p2b: Pachirisu|Follow Me|p2b: Pachirisu\n|-singleturn|p2b: Pachirisu|move: Follow Me\n|move|p1a: Sneasler|Close Combat|p2b: Pachirisu\n|-damage|p2b: Pachirisu|0 fnt\n|-unboost|p1a: Sneasler|def|1\n|-unboost|p1a: Sneasler|spd|1\n|faint|p2b: Pachirisu\n|move|p2a: Landorus|Sandsear Storm|p1a: Sneasler|[spread] p1a,p1b\n|-supereffective|p1a: Sneasler\n|-damage|p1a: Sneasler|0 fnt\n|-damage|p1b: Amoonguss|74\/100\n|faint|p1a: Sneasler\n|\n|-weather|Snow|[upkeep]\n|upkeep\n|\n|t:|1700619050\n|switch|p1a: Arcanine|Arcanine, F|13\/100\n|switch|p2b: Chien-Pao|Chien-Pao|100\/100\n|-ability|p2b: Chien-Pao|Sword of Ruin\n|-ability|p1a: Arcanine|Intimidate|boost\n|-unboost|p2a: Landorus|atk|1\n|-unboost|p2b: Chien-Pao|atk|1\n|turn|9\n|\n|t:|1700619063\n|-terastallize|p1a: Arcanine|Normal\n|move|p1a: Arcanine|Extreme Speed|p2b: Chien-Pao\n|-damage|p2b: Chien-Pao|56\/100\n|move|p2a: Landorus|Sandsear Storm|p1a: Arcanine|[spread] p1a,p1b\n|-damage|p1a: Arcanine|0 fnt\n|-damage|p1b: Amoonguss|46\/100\n|faint|p1a: Arcanine\n|move|p2b: Chien-Pao|Ice Spinner|p1b: Amoonguss\n|-supereffective|p1b: Amoonguss\n|-damage|p1b: Amoonguss|0 fnt\n|-damage|p2b: Chien-Pao|40\/100|[from] item: Rocky Helmet|[of] p1b: Amoonguss\n|faint|p1b: Amoonguss\n|\n|-weather|none\n|upkeep\n|\n|t:|1700619070\n|switch|p1b: Armarouge|Armarouge, M|100\/100\n|turn|10\n|\n|t:|1700619078\n|move|p2b: Chien-Pao|Sucker Punch|p1b: Armarouge\n|-supereffective|p1b: Armarouge\n|-damage|p1b: Armarouge|43\/100\n|-ability|p1b: Armarouge|Weak Armor|boost\n|-unboost|p1b: Armarouge|def|1\n|-boost|p1b: Armarouge|spe|2\n|move|p2a: Landorus|Sandsear Storm|p1b: Armarouge\n|-supereffective|p1b: Armarouge\n|-damage|p1b: Armarouge|0 fnt\n|faint|p1b: Armarouge\n|\n|win|RLisanidiot\n|raw|FunnyLlama69's rating: 1326 &rarr; <strong>1305<\/strong><br \/>(-21 for losing)\n|raw|RLisanidiot's rating: 1300 &rarr; <strong>1327<\/strong><br \/>(+27 for winning)\n|l|\u2606FunnyLlama69\n","uploadtime":1700619090,"views":2,"p1id":"funnyllama69","p2id":"rlisanidiot","formatid":"gen9doublesou","rating":1305,"private":0,"password":""}