{"id":"gen9doublesou-1972657436","p1":"MythAst","p2":"Nakopow","format":"[Gen 9] Doubles OU","log":"|j|\u2606MythAst\n|j|\u2606Nakopow\n|t:|1697872060\n|gametype|doubles\n|player|p1|MythAst|cyrus-masters|\n|player|p2|Nakopow|2|\n|teamsize|p1|6\n|teamsize|p2|6\n|gen|9\n|tier|[Gen 9] Doubles OU\n|rule|Species Clause: Limit one of each Pok\u00e9mon\n|rule|OHKO Clause: OHKO moves are banned\n|rule|Evasion Moves Clause: Evasion moves are banned\n|rule|Gravity Sleep Clause: The combination of sleep-inducing moves with imperfect accuracy and Gravity or Gigantamax Orbeetle are banned\n|rule|Endless Battle Clause: Forcing endless battles is banned\n|rule|HP Percentage Mod: HP is shown in percentages\n|clearpoke\n|poke|p1|Tornadus, M|\n|poke|p1|Iron Hands|\n|poke|p1|Rillaboom, F|\n|poke|p1|Flutter Mane|\n|poke|p1|Ogerpon-Hearthflame, F|\n|poke|p1|Heatran, F|\n|poke|p2|Rillaboom, M|\n|poke|p2|Ursaluna, M|\n|poke|p2|Cresselia, F|\n|poke|p2|Volcanion|\n|poke|p2|Flutter Mane|\n|poke|p2|Kleavor, M|\n|teampreview\n|inactive|Battle timer is ON: inactive players will automatically lose when time's up. (requested by MythAst)\n|c|\u2606Nakopow|oh damn its the new mon\n|c|\u2606MythAst|Sorry for the previous mistake btw\n|c|\u2606Nakopow|its fine\n|inactive|Nakopow has 270 seconds left.\n|\n|t:|1697872101\n|start\n|switch|p1a: Tornadus|Tornadus, M|100\/100\n|switch|p1b: Flutter Mane|Flutter Mane|100\/100\n|switch|p2a: Rillaboom|Rillaboom, M|100\/100\n|switch|p2b: Cresselia|Cresselia, F|100\/100\n|-fieldstart|move: Grassy Terrain|[from] ability: Grassy Surge|[of] p2a: Rillaboom\n|turn|1\n|\n|t:|1697872116\n|move|p2b: Cresselia|Ally Switch|p2b: Cresselia\n|swap|p2b: Cresselia|0|[from] move: Ally Switch\n|move|p1a: Tornadus|Sunny Day|p1a: Tornadus\n|-weather|SunnyDay\n|-activate|p1b: Flutter Mane|ability: Protosynthesis\n|-start|p1b: Flutter Mane|protosynthesisspa\n|move|p1b: Flutter Mane|Moonblast|p2b: Rillaboom\n|-damage|p2b: Rillaboom|28\/100\n|move|p2b: Rillaboom|Wood Hammer|p1b: Flutter Mane\n|-damage|p1b: Flutter Mane|0 fnt\n|faint|p1b: Flutter Mane\n|-end|p1b: Flutter Mane|Protosynthesis|[silent]\n|-damage|p2b: Rillaboom|4\/100|[from] Recoil\n|\n|-weather|SunnyDay|[upkeep]\n|-heal|p2b: Rillaboom|11\/100|[from] Grassy Terrain\n|upkeep\n|\n|t:|1697872134\n|switch|p1b: Heatran|Heatran, F|100\/100\n|turn|2\n|\n|t:|1697872161\n|switch|p2b: Volcanion|Volcanion|100\/100\n|move|p1a: Tornadus|Taunt|p2a: Cresselia\n|-start|p2a: Cresselia|move: Taunt\n|move|p1b: Heatran|Heat Wave|p2b: Volcanion|[spread] p2b\n|-miss|p1b: Heatran|p2a: Cresselia\n|-resisted|p2b: Volcanion\n|-damage|p2b: Volcanion|91\/100\n|cant|p2a: Cresselia|move: Taunt|Trick Room\n|\n|-weather|SunnyDay|[upkeep]\n|-heal|p2b: Volcanion|97\/100|[from] Grassy Terrain\n|upkeep\n|turn|3\n|\n|t:|1697872186\n|switch|p1b: Rillaboom|Rillaboom, F|100\/100\n|move|p1a: Tornadus|Tailwind|p1a: Tornadus\n|-sidestart|p1: MythAst|move: Tailwind\n|move|p2b: Volcanion|Earth Power|p1b: Rillaboom\n|-resisted|p1b: Rillaboom\n|-damage|p1b: Rillaboom|87\/100\n|move|p2a: Cresselia|Psychic|p1a: Tornadus\n|-damage|p1a: Tornadus|72\/100\n|\n|-weather|SunnyDay|[upkeep]\n|-heal|p1b: Rillaboom|93\/100|[from] Grassy Terrain\n|-heal|p2b: Volcanion|100\/100|[from] Grassy Terrain\n|upkeep\n|turn|4\n|inactive|Nakopow has 270 seconds left.\n|\n|t:|1697872238\n|-terastallize|p2b: Volcanion|Grass\n|move|p1b: Rillaboom|Grassy Glide|p2b: Volcanion\n|-resisted|p2b: Volcanion\n|-damage|p2b: Volcanion|85\/100\n|move|p1a: Tornadus|Bleakwind Storm|p2a: Cresselia|[spread] p2a\n|-miss|p1a: Tornadus|p2b: Volcanion\n|-damage|p2a: Cresselia|85\/100\n|move|p2b: Volcanion|Heat Wave|p1a: Tornadus|[spread] p1a,p1b\n|-supereffective|p1b: Rillaboom\n|-damage|p1a: Tornadus|4\/100\n|-damage|p1b: Rillaboom|0 fnt\n|faint|p1b: Rillaboom\n|move|p2a: Cresselia|Psychic|p1a: Tornadus\n|-damage|p1a: Tornadus|0 fnt\n|faint|p1a: Tornadus\n|\n|-weather|SunnyDay|[upkeep]\n|-heal|p2b: Volcanion|91\/100|[from] Grassy Terrain\n|-end|p2a: Cresselia|move: Taunt\n|upkeep\n|\n|t:|1697872253\n|switch|p1a: Ogerpon|Ogerpon-Hearthflame, F|100\/100\n|switch|p1b: Heatran|Heatran, F|100\/100\n|-ability|p1a: Ogerpon|Mold Breaker\n|turn|5\n|inactive|Nakopow has 270 seconds left.\n|c|\u2606MythAst|That miss tho\n|\n|t:|1697872284\n|-terastallize|p1a: Ogerpon|Fire\n|detailschange|p1a: Ogerpon|Ogerpon-Hearthflame-Tera, F, tera:Fire\n|-ability|p1a: Ogerpon|Embody Aspect (Hearthflame)|boost\n|-boost|p1a: Ogerpon|atk|1\n|move|p1a: Ogerpon|Ivy Cudgel|p2a: Cresselia\n|-crit|p2a: Cresselia\n|-damage|p2a: Cresselia|0 fnt\n|faint|p2a: Cresselia\n|move|p1b: Heatran|Heat Wave|p2b: Volcanion\n|-supereffective|p2b: Volcanion\n|-damage|p2b: Volcanion|0 fnt\n|faint|p2b: Volcanion\n|\n|-weather|none\n|-fieldend|move: Grassy Terrain\n|upkeep\n|c|\u2606Nakopow|oh snap this is terrifying\n|inactive|Nakopow has 240 seconds left.\n|\n|t:|1697872317\n|switch|p2b: Ursaluna|Ursaluna, M|100\/100\n|switch|p2a: Rillaboom|Rillaboom, M|11\/100\n|-fieldstart|move: Grassy Terrain|[from] ability: Grassy Surge|[of] p2a: Rillaboom\n|turn|6\n|\n|t:|1697872325\n|move|p1a: Ogerpon|Spiky Shield|p1a: Ogerpon\n|-singleturn|p1a: Ogerpon|move: Protect\n|move|p2a: Rillaboom|Fake Out|p1a: Ogerpon\n|-activate|p1a: Ogerpon|move: Protect\n|-damage|p2a: Rillaboom|0 fnt|[from] Spiky Shield|[of] p1a: Ogerpon\n|faint|p2a: Rillaboom\n|move|p1b: Heatran|Heat Wave|p2b: Ursaluna\n|-damage|p2b: Ursaluna|62\/100\n|move|p2b: Ursaluna|Headlong Rush|p1a: Ogerpon\n|-activate|p1a: Ogerpon|move: Protect\n|-damage|p2b: Ursaluna|50\/100|[from] Spiky Shield|[of] p1a: Ogerpon\n|\n|-heal|p2b: Ursaluna|56\/100|[from] Grassy Terrain\n|-sideend|p1: MythAst|move: Tailwind\n|-status|p2b: Ursaluna|brn|[from] item: Flame Orb\n|upkeep\n|\n|t:|1697872331\n|switch|p2a: Kleavor|Kleavor, M|100\/100\n|turn|7\n|\n|t:|1697872347\n|move|p2b: Ursaluna|Protect|p2b: Ursaluna\n|-singleturn|p2b: Ursaluna|Protect\n|move|p2a: Kleavor|Stone Axe|p1a: Ogerpon\n|-supereffective|p1a: Ogerpon\n|-damage|p1a: Ogerpon|0 fnt\n|-sidestart|p1: MythAst|move: Stealth Rock\n|faint|p1a: Ogerpon\n|move|p1b: Heatran|Heat Wave|p2b: Ursaluna|[spread] p2a\n|-activate|p2b: Ursaluna|move: Protect\n|-damage|p2a: Kleavor|43\/100\n|\n|-heal|p2a: Kleavor|49\/100|[from] Grassy Terrain\n|-heal|p2b: Ursaluna|62\/100 brn|[from] Grassy Terrain\n|-damage|p2b: Ursaluna|56\/100 brn|[from] brn\n|upkeep\n|\n|t:|1697872354\n|switch|p1a: Iron Hands|Iron Hands|100\/100\n|-damage|p1a: Iron Hands|94\/100|[from] Stealth Rock\n|turn|8\n|inactive|Nakopow has 270 seconds left.\n|\n|t:|1697872379\n|switch|p2b: Flutter Mane|Flutter Mane|100\/100\n|move|p2a: Kleavor|Stone Axe|p1b: Heatran\n|-damage|p1b: Heatran|54\/100\n|move|p1b: Heatran|Heat Wave|p2b: Flutter Mane|[spread] p2b\n|-miss|p1b: Heatran|p2a: Kleavor\n|-damage|p2b: Flutter Mane|68\/100\n|move|p1a: Iron Hands|Drain Punch|p2b: Flutter Mane\n|-immune|p2b: Flutter Mane\n|\n|-heal|p2a: Kleavor|55\/100|[from] Grassy Terrain\n|-heal|p2b: Flutter Mane|74\/100|[from] Grassy Terrain\n|-heal|p1b: Heatran|60\/100|[from] Grassy Terrain\n|-heal|p1a: Iron Hands|100\/100|[from] Grassy Terrain\n|upkeep\n|turn|9\n|c|\u2606Nakopow|i do dodging\n|inactive|Nakopow has 270 seconds left.\n|c|\u2606MythAst|Yeah\n|c|\u2606MythAst|ALOT\n|\n|t:|1697872410\n|move|p1a: Iron Hands|Protect|p1a: Iron Hands\n|-singleturn|p1a: Iron Hands|Protect\n|move|p2a: Kleavor|Stone Axe|p1b: Heatran\n|-crit|p1b: Heatran\n|-damage|p1b: Heatran|0 fnt\n|faint|p1b: Heatran\n|move|p2b: Flutter Mane|Moonblast|p1a: Iron Hands\n|-activate|p1a: Iron Hands|move: Protect\n|\n|-heal|p2a: Kleavor|62\/100|[from] Grassy Terrain\n|-heal|p2b: Flutter Mane|80\/100|[from] Grassy Terrain\n|upkeep\n|turn|10\n|c|\u2606MythAst|nd that crit\n|c|\u2606MythAst|demn\n|\n|t:|1697872427\n|move|p2a: Kleavor|Stone Axe|p1a: Iron Hands\n|-resisted|p1a: Iron Hands\n|-damage|p1a: Iron Hands|81\/100\n|move|p2b: Flutter Mane|Moonblast|p1a: Iron Hands\n|-supereffective|p1a: Iron Hands\n|-damage|p1a: Iron Hands|0 fnt\n|faint|p1a: Iron Hands\n|-end|p1a: Iron Hands|Quark Drive|[silent]\n|\n|win|Nakopow\n|c|\u2606Nakopow|luck stat overpowered\n|c|\u2606MythAst|Gg\n","uploadtime":1697872435,"views":20,"p1id":"mythast","p2id":"nakopow","formatid":"gen9doublesou","rating":0,"private":0,"password":""}