{"id":"gen9doublesou-1998960883","p1":"TheBottledManiac","p2":"Zulneily","format":"[Gen 9] Doubles OU","log":"|j|\u2606TheBottledManiac\n|j|\u2606Zulneily\n|t:|1701018068\n|gametype|doubles\n|player|p1|TheBottledManiac|265|1077\n|player|p2|Zulneily|hilda-wonderlauncher|1132\n|teamsize|p1|6\n|teamsize|p2|6\n|gen|9\n|tier|[Gen 9] Doubles OU\n|rated|\n|rule|Species Clause: Limit one of each Pok\u00e9mon\n|rule|OHKO Clause: OHKO moves are banned\n|rule|Evasion Moves Clause: Evasion moves are banned\n|rule|Gravity Sleep Clause: The combination of sleep-inducing moves with imperfect accuracy and Gravity or Gigantamax Orbeetle are banned\n|rule|Endless Battle Clause: Forcing endless battles is banned\n|rule|HP Percentage Mod: HP is shown in percentages\n|clearpoke\n|poke|p1|Baxcalibur, F|\n|poke|p1|Ninetales-Alola, M|\n|poke|p1|Cetitan, F|\n|poke|p1|Iron Bundle|\n|poke|p1|Chien-Pao|\n|poke|p1|Dragapult, F|\n|poke|p2|Cinderace, M|\n|poke|p2|Chien-Pao|\n|poke|p2|Indeedee-F, F|\n|poke|p2|Amoonguss, F|\n|poke|p2|Flutter Mane|\n|poke|p2|Palafin, M|\n|teampreview\n|inactive|Battle timer is ON: inactive players will automatically lose when time's up. (requested by TheBottledManiac)\n|\n|t:|1701018102\n|start\n|switch|p1a: Baxcalibur|Baxcalibur, F|100\/100\n|switch|p1b: Iron Bundle|Iron Bundle|100\/100\n|switch|p2a: Palafin|Palafin, M|100\/100\n|switch|p2b: Indeedee|Indeedee-F, F|100\/100\n|-fieldstart|move: Psychic Terrain|[from] ability: Psychic Surge|[of] p2b: Indeedee\n|-enditem|p1b: Iron Bundle|Booster Energy\n|-activate|p1b: Iron Bundle|ability: Quark Drive|[fromitem]\n|-start|p1b: Iron Bundle|quarkdrivespe\n|turn|1\n|\n|t:|1701018129\n|move|p2b: Indeedee|Follow Me|p2b: Indeedee\n|-singleturn|p2b: Indeedee|move: Follow Me\n|move|p1b: Iron Bundle|Freeze-Dry|p2b: Indeedee\n|-damage|p2b: Indeedee|73\/100\n|move|p2a: Palafin|Flip Turn|p1a: Baxcalibur\n|-resisted|p1a: Baxcalibur\n|-damage|p1a: Baxcalibur|92\/100\n|inactive|Zulneily has 120 seconds left.\n|\n|t:|1701018147\n|detailschange|p2a: Palafin|Palafin-Hero, M\n|switch|p2a: Flutter Mane|Flutter Mane|100\/100|[from] Flip Turn\n|-enditem|p2a: Flutter Mane|Booster Energy\n|-activate|p2a: Flutter Mane|ability: Protosynthesis|[fromitem]\n|-start|p2a: Flutter Mane|protosynthesisspe\n|move|p1a: Baxcalibur|Glaive Rush|p2b: Indeedee\n|-damage|p2b: Indeedee|0 fnt\n|-singlemove|p1a: Baxcalibur|Glaive Rush|[silent]\n|faint|p2b: Indeedee\n|\n|upkeep\n|\n|t:|1701018166\n|switch|p2b: Amoonguss|Amoonguss, F|100\/100\n|turn|2\n|inactive|Zulneily has 120 seconds left.\n|\n|t:|1701018178\n|move|p2b: Amoonguss|Rage Powder|p2b: Amoonguss\n|-singleturn|p2b: Amoonguss|move: Rage Powder\n|move|p1a: Baxcalibur|Ice Shard|p2b: Amoonguss\n|-activate|p2b: Amoonguss|move: Psychic Terrain\n|move|p1b: Iron Bundle|Hydro Pump|p2b: Amoonguss\n|-resisted|p2b: Amoonguss\n|-damage|p2b: Amoonguss|81\/100\n|move|p2a: Flutter Mane|Dazzling Gleam|p1b: Iron Bundle|[spread] p1a,p1b\n|-supereffective|p1a: Baxcalibur\n|-damage|p1a: Baxcalibur|26\/100\n|-damage|p1b: Iron Bundle|33\/100\n|\n|-heal|p2b: Amoonguss|87\/100|[from] item: Black Sludge\n|upkeep\n|turn|3\n|\n|t:|1701018199\n|move|p1b: Iron Bundle|Protect|p1b: Iron Bundle\n|-singleturn|p1b: Iron Bundle|Protect\n|move|p2b: Amoonguss|Rage Powder|p2b: Amoonguss\n|-singleturn|p2b: Amoonguss|move: Rage Powder\n|move|p1a: Baxcalibur|Ice Shard|p2b: Amoonguss\n|-activate|p2b: Amoonguss|move: Psychic Terrain\n|move|p2a: Flutter Mane|Dazzling Gleam|p1b: Iron Bundle|[spread] p1a\n|-activate|p1b: Iron Bundle|move: Protect\n|-supereffective|p1a: Baxcalibur\n|-damage|p1a: Baxcalibur|0 fnt\n|faint|p1a: Baxcalibur\n|\n|-heal|p2b: Amoonguss|94\/100|[from] item: Black Sludge\n|upkeep\n|\n|t:|1701018214\n|switch|p1a: Ninetales|Ninetales-Alola, M|100\/100\n|-weather|Snow|[from] ability: Snow Warning|[of] p1a: Ninetales\n|turn|4\n|\n|t:|1701018233\n|move|p1b: Iron Bundle|Icy Wind|p2b: Amoonguss|[spread] p2a,p2b\n|-supereffective|p2b: Amoonguss\n|-damage|p2a: Flutter Mane|78\/100\n|-damage|p2b: Amoonguss|64\/100\n|-unboost|p2a: Flutter Mane|spe|1\n|-unboost|p2b: Amoonguss|spe|1\n|move|p2a: Flutter Mane|Dazzling Gleam|p1b: Iron Bundle|[spread] p1a,p1b\n|-damage|p1a: Ninetales|63\/100\n|-damage|p1b: Iron Bundle|0 fnt\n|faint|p1b: Iron Bundle\n|-end|p1b: Iron Bundle|Quark Drive|[silent]\n|move|p1a: Ninetales|Blizzard|p2a: Flutter Mane|[spread] p2a,p2b\n|-supereffective|p2b: Amoonguss\n|-damage|p2a: Flutter Mane|44\/100\n|-damage|p2b: Amoonguss|22\/100\n|move|p2b: Amoonguss|Spore|p1a: Ninetales\n|-status|p1a: Ninetales|slp|[from] move: Spore\n|\n|-weather|Snow|[upkeep]\n|-heal|p2b: Amoonguss|28\/100|[from] item: Black Sludge\n|upkeep\n|\n|t:|1701018250\n|switch|p1b: Cetitan|Cetitan, F|100\/100\n|turn|5\n|\n|t:|1701018275\n|move|p1b: Cetitan|Ice Shard|p2b: Amoonguss\n|-activate|p2b: Amoonguss|move: Psychic Terrain\n|move|p2a: Flutter Mane|Shadow Ball|p1b: Cetitan\n|-damage|p1b: Cetitan|49\/100\n|cant|p1a: Ninetales|slp\n|move|p2b: Amoonguss|Spore|p1b: Cetitan\n|-status|p1b: Cetitan|slp|[from] move: Spore\n|\n|-weather|Snow|[upkeep]\n|-heal|p2b: Amoonguss|34\/100|[from] item: Black Sludge\n|-fieldend|move: Psychic Terrain\n|upkeep\n|turn|6\n|\n|t:|1701018294\n|switch|p2b: Palafin|Palafin-Hero, M|100\/100\n|-activate|p2b: Palafin|ability: Zero to Hero\n|cant|p1b: Cetitan|slp\n|move|p2a: Flutter Mane|Dazzling Gleam|p1b: Cetitan|[spread] p1a,p1b\n|-damage|p1a: Ninetales|26\/100 slp\n|-damage|p1b: Cetitan|11\/100 slp\n|cant|p1a: Ninetales|slp\n|\n|-weather|Snow|[upkeep]\n|upkeep\n|turn|7\n|\n|t:|1701018315\n|move|p2b: Palafin|Jet Punch|p1b: Cetitan\n|-damage|p1b: Cetitan|0 fnt\n|faint|p1b: Cetitan\n|move|p2a: Flutter Mane|Dazzling Gleam|p1a: Ninetales\n|-damage|p1a: Ninetales|0 fnt\n|faint|p1a: Ninetales\n|\n|-weather|Snow|[upkeep]\n|upkeep\n|\n|t:|1701018322\n|switch|p1a: Chien-Pao|Chien-Pao|100\/100\n|switch|p1b: Dragapult|Dragapult, F|100\/100\n|-ability|p1a: Chien-Pao|Sword of Ruin\n|turn|8\n|inactive|TheBottledManiac has 120 seconds left.\n|\n|t:|1701018356\n|-terastallize|p1a: Chien-Pao|Dark\n|move|p2a: Flutter Mane|Protect|p2a: Flutter Mane\n|-singleturn|p2a: Flutter Mane|Protect\n|move|p1a: Chien-Pao|Sucker Punch|p2b: Palafin\n|-damage|p2b: Palafin|38\/100\n|move|p1b: Dragapult|Dragon Dance|p1b: Dragapult\n|-boost|p1b: Dragapult|atk|1\n|-boost|p1b: Dragapult|spe|1\n|move|p2b: Palafin|Drain Punch|p1a: Chien-Pao\n|-supereffective|p1a: Chien-Pao\n|-damage|p1a: Chien-Pao|25\/100\n|-heal|p2b: Palafin|71\/100|[from] drain|[of] p1a: Chien-Pao\n|\n|-weather|none\n|upkeep\n|turn|9\n|inactive|TheBottledManiac has 120 seconds left.\n|\n|t:|1701018382\n|move|p1a: Chien-Pao|Sucker Punch|p2b: Palafin\n|-damage|p2b: Palafin|14\/100\n|move|p2b: Palafin|Jet Punch|p1a: Chien-Pao\n|-damage|p1a: Chien-Pao|0 fnt\n|faint|p1a: Chien-Pao\n|move|p1b: Dragapult|Dragon Darts|p2b: Palafin\n|-damage|p2b: Palafin|0 fnt\n|faint|p2b: Palafin\n|move|p2a: Flutter Mane|Dazzling Gleam|p1b: Dragapult\n|-supereffective|p1b: Dragapult\n|-damage|p1b: Dragapult|0 fnt\n|faint|p1b: Dragapult\n|\n|win|Zulneily\n|raw|TheBottledManiac's rating: 1077 &rarr; <strong>1059<\/strong><br \/>(-18 for losing)\n|raw|Zulneily's rating: 1132 &rarr; <strong>1153<\/strong><br \/>(+21 for winning)\n|l|\u2606TheBottledManiac\n","uploadtime":1701018423,"views":9,"p1id":"thebottledmaniac","p2id":"zulneily","formatid":"gen9doublesou","rating":1059,"private":0,"password":""}