{"id":"gen9doublesou-1990621922","p1":"quio2","p2":"PsykidStar","format":"[Gen 9] Doubles OU","log":"|j|\u2606quio2\n|j|\u2606PsykidStar\n|t:|1699986449\n|gametype|doubles\n|player|p1|quio2|ninjaboy|1434\n|player|p2|PsykidStar|pokemonbreeder-gen4|1413\n|teamsize|p1|6\n|teamsize|p2|6\n|gen|9\n|tier|[Gen 9] Doubles OU\n|rated|\n|rule|Species Clause: Limit one of each Pok\u00e9mon\n|rule|OHKO Clause: OHKO moves are banned\n|rule|Evasion Moves Clause: Evasion moves are banned\n|rule|Gravity Sleep Clause: The combination of sleep-inducing moves with imperfect accuracy and Gravity or Gigantamax Orbeetle are banned\n|rule|Endless Battle Clause: Forcing endless battles is banned\n|rule|HP Percentage Mod: HP is shown in percentages\n|clearpoke\n|poke|p1|Oranguru, M|\n|poke|p1|Ursaluna-Bloodmoon, M|\n|poke|p1|Torkoal, M|\n|poke|p1|Farigiraf, F|\n|poke|p1|Kingambit, F|\n|poke|p1|Iron Hands|\n|poke|p2|Skeledirge, M|\n|poke|p2|Goodra-Hisui, F|\n|poke|p2|Baxcalibur, M|\n|poke|p2|Farigiraf, F|\n|poke|p2|Tinkaton, F|\n|poke|p2|Gliscor, M|\n|teampreview\n|inactive|Battle timer is ON: inactive players will automatically lose when time's up. (requested by PsykidStar)\n|inactive|PsykidStar has 120 seconds left.\n|\n|t:|1699986481\n|start\n|switch|p1a: Oranguru|Oranguru, M|100\/100\n|switch|p1b: Fred|Ursaluna-Bloodmoon, M|100\/100\n|switch|p2a: Skeledirge|Skeledirge, M|100\/100\n|switch|p2b: Farigiraf|Farigiraf, F|100\/100\n|turn|1\n|\n|t:|1699986507\n|move|p1b: Fred|Protect|p1b: Fred\n|-singleturn|p1b: Fred|Protect\n|move|p2a: Skeledirge|Snarl|p1b: Fred|[spread] \n|-activate|p1b: Fred|move: Protect\n|-miss|p2a: Skeledirge|p1a: Oranguru\n|move|p2b: Farigiraf|Hyper Voice|p1a: Oranguru|[spread] p1a\n|-activate|p1b: Fred|move: Protect\n|-damage|p1a: Oranguru|75\/100\n|-enditem|p2b: Farigiraf|Throat Spray\n|-boost|p2b: Farigiraf|spa|1|[from] item: Throat Spray\n|move|p1a: Oranguru|Trick Room|p1a: Oranguru\n|-fieldstart|move: Trick Room|[of] p1a: Oranguru\n|\n|upkeep\n|turn|2\n|\n|t:|1699986529\n|-terastallize|p1b: Fred|Normal\n|move|p1b: Fred|Blood Moon|p2a: Skeledirge\n|-damage|p2a: Skeledirge|0 fnt\n|faint|p2a: Skeledirge\n|move|p1a: Oranguru|Instruct|p1b: Fred\n|-singleturn|p1b: Fred|move: Instruct|[of] p1a: Oranguru\n|move|p1b: Fred|Blood Moon|p2b: Farigiraf\n|-damage|p2b: Farigiraf|0 fnt\n|faint|p2b: Farigiraf\n|-hint|Some effects can force a Pokemon to use Blood Moon again in a row.\n|\n|upkeep\n|\n|t:|1699986547\n|switch|p2b: Baxcalibur|Baxcalibur, M|100\/100\n|switch|p2a: Tinkaton|Tinkaton, F|100\/100\n|turn|3\n|\n|t:|1699986571\n|move|p1b: Fred|Protect|p1b: Fred\n|-singleturn|p1b: Fred|Protect\n|move|p2a: Tinkaton|Fake Out|p1a: Oranguru\n|-damage|p1a: Oranguru|66\/100\n|move|p1a: Oranguru|Hyper Voice|p2a: Tinkaton|[spread] p2a,p2b\n|-resisted|p2a: Tinkaton\n|-damage|p2a: Tinkaton|93\/100\n|-damage|p2b: Baxcalibur|78\/100\n|move|p2b: Baxcalibur|Icicle Spear|p1a: Oranguru\n|-damage|p1a: Oranguru|54\/100\n|-damage|p1a: Oranguru|42\/100\n|-damage|p1a: Oranguru|28\/100\n|-damage|p1a: Oranguru|17\/100\n|-damage|p1a: Oranguru|5\/100\n|-hitcount|p1a: Oranguru|5\n|\n|upkeep\n|turn|4\n|\n|t:|1699986590\n|move|p2b: Baxcalibur|Ice Shard|p1a: Oranguru\n|-crit|p1a: Oranguru\n|-damage|p1a: Oranguru|0 fnt\n|faint|p1a: Oranguru\n|move|p1b: Fred|Blood Moon|p2b: Baxcalibur\n|-damage|p2b: Baxcalibur|0 fnt\n|faint|p2b: Baxcalibur\n|move|p2a: Tinkaton|Knock Off|p1b: Fred\n|-damage|p1b: Fred|81\/100\n|-enditem|p1b: Fred|Silk Scarf|[from] move: Knock Off|[of] p2a: Tinkaton\n|\n|upkeep\n|\n|t:|1699986612\n|switch|p1a: Farigiraf|Farigiraf, F|100\/100\n|switch|p2b: Goodra|Goodra-Hisui, F|100\/100\n|turn|5\n|inactive|PsykidStar has 120 seconds left.\n|\n|t:|1699986663\n|move|p1a: Farigiraf|Helping Hand|p1b: Fred\n|-singleturn|p1b: Fred|Helping Hand|[of] p1a: Farigiraf\n|move|p1b: Fred|Earth Power|p2b: Goodra\n|-supereffective|p2b: Goodra\n|-damage|p2b: Goodra|0 fnt\n|faint|p2b: Goodra\n|move|p2a: Tinkaton|Knock Off|p1a: Farigiraf\n|-supereffective|p1a: Farigiraf\n|-damage|p1a: Farigiraf|60\/100\n|-enditem|p1a: Farigiraf|Leftovers|[from] move: Knock Off|[of] p2a: Tinkaton\n|\n|-fieldend|move: Trick Room\n|upkeep\n|\n|t:|1699986669\n|switch|p2b: Gliscor|Gliscor, M, shiny|100\/100\n|turn|6\n|\n|t:|1699986676\n|move|p1b: Fred|Protect|p1b: Fred\n|-singleturn|p1b: Fred|Protect\n|move|p2a: Tinkaton|Gigaton Hammer|p1a: Farigiraf\n|-damage|p1a: Farigiraf|12\/100\n|move|p2b: Gliscor|Swords Dance|p2b: Gliscor\n|-boost|p2b: Gliscor|atk|2\n|move|p1a: Farigiraf|Trick Room|p1a: Farigiraf\n|-fieldstart|move: Trick Room|[of] p1a: Farigiraf\n|\n|-status|p2b: Gliscor|tox|[from] item: Toxic Orb\n|upkeep\n|turn|7\n|\n|t:|1699986694\n|move|p1a: Farigiraf|Ally Switch|p1a: Farigiraf\n|swap|p1a: Farigiraf|1|[from] move: Ally Switch\n|move|p1a: Fred|Blood Moon|p2b: Gliscor\n|-damage|p2b: Gliscor|0 fnt\n|faint|p2b: Gliscor\n|move|p2a: Tinkaton|Knock Off|p1a: Fred\n|-damage|p1a: Fred|69\/100\n|\n|upkeep\n|turn|8\n|-message|PsykidStar forfeited.\n|\n|win|quio2\n|raw|quio2's rating: 1434 &rarr; <strong>1453<\/strong><br \/>(+19 for winning)\n|raw|PsykidStar's rating: 1413 &rarr; <strong>1394<\/strong><br \/>(-19 for losing)\n|l|\u2606PsykidStar\n","uploadtime":1699986723,"views":14,"p1id":"quio2","p2id":"psykidstar","formatid":"gen9doublesou","rating":1394,"private":0,"password":""}