{"id":"gen9doublesou-1992717679","p1":"rasil chatta","p2":"SoloNecro","format":"[Gen 9] Doubles OU","log":"|j|\u2606rasil chatta\n|j|\u2606SoloNecro\n|t:|1700228679\n|gametype|doubles\n|player|p1|rasil chatta|265|\n|player|p2|SoloNecro|cynthia|\n|teamsize|p1|6\n|teamsize|p2|6\n|gen|9\n|tier|[Gen 9] Doubles OU\n|rule|Species Clause: Limit one of each Pok\u00e9mon\n|rule|OHKO Clause: OHKO moves are banned\n|rule|Evasion Moves Clause: Evasion moves are banned\n|rule|Gravity Sleep Clause: The combination of sleep-inducing moves with imperfect accuracy and Gravity or Gigantamax Orbeetle are banned\n|rule|Endless Battle Clause: Forcing endless battles is banned\n|rule|HP Percentage Mod: HP is shown in percentages\n|clearpoke\n|poke|p1|Volcarona, M|\n|poke|p1|Heracross, M|\n|poke|p1|Scizor, F|\n|poke|p1|Rabsca, M|\n|poke|p1|Kleavor, F|\n|poke|p1|Ribombee, F|\n|poke|p2|Ninetales-Alola, F|\n|poke|p2|Chien-Pao|\n|poke|p2|Cetitan, M|\n|poke|p2|Baxcalibur, F|\n|poke|p2|Mamoswine, M|\n|poke|p2|Sandslash-Alola, F|\n|teampreview\n|j| SD8008\n|\n|t:|1700228700\n|start\n|switch|p1a: sakshyam ko kal|Scizor, F|100\/100\n|switch|p1b: meinvalorant|Rabsca, M|100\/100\n|switch|p2a: Mamoswine|Mamoswine, M|100\/100\n|switch|p2b: Sandslash|Sandslash-Alola, F|100\/100\n|turn|1\n|inactive|Battle timer is ON: inactive players will automatically lose when time's up. (requested by SoloNecro)\n|inactive|rasil chatta has 270 seconds left.\n|\n|t:|1700228778\n|move|p1b: meinvalorant|Protect|p1b: meinvalorant\n|-singleturn|p1b: meinvalorant|Protect\n|move|p2b: Sandslash|Knock Off|p1a: sakshyam ko kal\n|-damage|p1a: sakshyam ko kal|72\/100\n|-enditem|p1a: sakshyam ko kal|Clear Amulet|[from] move: Knock Off|[of] p2b: Sandslash\n|move|p1a: sakshyam ko kal|Close Combat|p2a: Mamoswine\n|-supereffective|p2a: Mamoswine\n|-damage|p2a: Mamoswine|13\/100\n|-unboost|p1a: sakshyam ko kal|def|1\n|-unboost|p1a: sakshyam ko kal|spd|1\n|move|p2a: Mamoswine|Rock Slide|p1a: sakshyam ko kal|[spread] p1a\n|-activate|p1b: meinvalorant|move: Protect\n|-damage|p1a: sakshyam ko kal|39\/100\n|\n|-heal|p2a: Mamoswine|19\/100|[from] item: Leftovers\n|upkeep\n|turn|2\n|inactive|rasil chatta has 270 seconds left.\n|inactive|SoloNecro has 270 seconds left.\n|\n|t:|1700228830\n|switch|p1a: hatti kira|Heracross, M|100\/100\n|move|p2a: Mamoswine|Protect|p2a: Mamoswine\n|-singleturn|p2a: Mamoswine|Protect\n|move|p2b: Sandslash|Ice Spinner|p1a: hatti kira\n|-damage|p1a: hatti kira|52\/100\n|move|p1b: meinvalorant|Psychic|p2a: Mamoswine\n|-activate|p2a: Mamoswine|move: Protect\n|\n|-heal|p2a: Mamoswine|25\/100|[from] item: Leftovers\n|upkeep\n|turn|3\n|inactive|rasil chatta has 270 seconds left.\n|inactive|SoloNecro has 270 seconds left.\n|inactive|rasil chatta has 240 seconds left.\n|inactive|SoloNecro has 240 seconds left.\n|\n|t:|1700228895\n|move|p1a: hatti kira|Close Combat|p2b: Sandslash\n|-supereffective|p2b: Sandslash\n|-damage|p2b: Sandslash|0 fnt\n|-unboost|p1a: hatti kira|def|1\n|-unboost|p1a: hatti kira|spd|1\n|faint|p2b: Sandslash\n|-ability|p1a: hatti kira|Moxie|boost\n|-boost|p1a: hatti kira|atk|1\n|move|p2a: Mamoswine|Rock Slide|p1b: meinvalorant|[spread] p1a,p1b\n|-supereffective|p1b: meinvalorant\n|-damage|p1a: hatti kira|10\/100\n|-damage|p1b: meinvalorant|58\/100\n|move|p1b: meinvalorant|Psychic|p2a: Mamoswine\n|-damage|p2a: Mamoswine|0 fnt\n|faint|p2a: Mamoswine\n|\n|upkeep\n|inactive|SoloNecro has 210 seconds left.\n|\n|t:|1700228926\n|switch|p2b: Ninetales|Ninetales-Alola, F|100\/100\n|switch|p2a: Cetitan|Cetitan, M|100\/100\n|-weather|Snow|[from] ability: Snow Warning|[of] p2b: Ninetales\n|turn|4\n|inactive|rasil chatta has 240 seconds left.\n|inactive|SoloNecro has 210 seconds left.\n|\n|t:|1700228961\n|move|p2a: Cetitan|Belly Drum|p2a: Cetitan\n|-damage|p2a: Cetitan|50\/100\n|-setboost|p2a: Cetitan|atk|6|[from] move: Belly Drum\n|-enditem|p2a: Cetitan|Sitrus Berry|[eat]\n|-heal|p2a: Cetitan|75\/100|[from] item: Sitrus Berry\n|move|p1a: hatti kira|Close Combat|p2a: Cetitan\n|-supereffective|p2a: Cetitan\n|-damage|p2a: Cetitan|0 fnt\n|-unboost|p1a: hatti kira|def|1\n|-unboost|p1a: hatti kira|spd|1\n|faint|p2a: Cetitan\n|-ability|p1a: hatti kira|Moxie|boost\n|-boost|p1a: hatti kira|atk|1\n|move|p2b: Ninetales|Dazzling Gleam|p1a: hatti kira|[spread] p1a,p1b\n|-supereffective|p1a: hatti kira\n|-crit|p1a: hatti kira\n|-damage|p1a: hatti kira|0 fnt\n|-damage|p1b: meinvalorant|36\/100\n|faint|p1a: hatti kira\n|move|p1b: meinvalorant|Trick Room|p1b: meinvalorant\n|-fieldstart|move: Trick Room|[of] p1b: meinvalorant\n|\n|-weather|Snow|[upkeep]\n|upkeep\n|inactive|rasil chatta has 240 seconds left.\n|inactive|SoloNecro has 210 seconds left.\n|\n|t:|1700228982\n|switch|p1a: sakshyam ko kal|Scizor, F|39\/100\n|switch|p2a: Chien-Pao|Chien-Pao|100\/100\n|-ability|p2a: Chien-Pao|Sword of Ruin\n|turn|5\n|inactive|SoloNecro has 210 seconds left.\n|\n|t:|1700229006\n|-terastallize|p2a: Chien-Pao|Ice\n|move|p1a: sakshyam ko kal|Bullet Punch|p2b: Ninetales\n|-supereffective|p2b: Ninetales\n|-damage|p2b: Ninetales|0 fnt\n|faint|p2b: Ninetales\n|move|p1b: meinvalorant|Revival Blessing|p1b: meinvalorant\n|-enditem|p1b: meinvalorant|Leppa Berry|[eat]\n|-activate|p1b: meinvalorant|item: Leppa Berry|Revival Blessing|[consumed]\n|\n|t:|1700229014\n|-heal|p1: hatti kira|50\/100|[from] move: Revival Blessing\n|move|p2a: Chien-Pao|Sacred Sword|p1a: sakshyam ko kal\n|-damage|p1a: sakshyam ko kal|0 fnt\n|faint|p1a: sakshyam ko kal\n|\n|-weather|Snow|[upkeep]\n|upkeep\n|inactive|rasil chatta has 240 seconds left.\n|\n|t:|1700229046\n|switch|p1a: manoj|Kleavor, F|100\/100\n|switch|p2b: Baxcalibur|Baxcalibur, F|100\/100\n|turn|6\n|\n|t:|1700229063\n|move|p1b: meinvalorant|Revival Blessing|p1b: meinvalorant\n|\n|t:|1700229066\n|-heal|p1: sakshyam ko kal|50\/100|[from] move: Revival Blessing\n|move|p1a: manoj|Close Combat|p2a: Chien-Pao\n|-supereffective|p2a: Chien-Pao\n|-damage|p2a: Chien-Pao|9\/100\n|-unboost|p1a: manoj|def|1\n|-unboost|p1a: manoj|spd|1\n|move|p2b: Baxcalibur|Scale Shot|p1a: manoj\n|-damage|p1a: manoj|64\/100\n|-damage|p1a: manoj|25\/100\n|-damage|p1a: manoj|0 fnt\n|faint|p1a: manoj\n|-hitcount|p1: manoj|3\n|-unboost|p2b: Baxcalibur|def|1\n|-boost|p2b: Baxcalibur|spe|1\n|move|p2a: Chien-Pao|Sacred Sword|p1b: meinvalorant\n|-resisted|p1b: meinvalorant\n|-damage|p1b: meinvalorant|21\/100\n|\n|-weather|Snow|[upkeep]\n|upkeep\n|inactive|rasil chatta has 240 seconds left.\n|\n|t:|1700229103\n|switch|p1a: Ribombee|Ribombee, F|100\/100\n|turn|7\n|inactive|rasil chatta has 240 seconds left.\n|inactive|SoloNecro has 270 seconds left.\n|\n|t:|1700229116\n|move|p1b: meinvalorant|Psychic|p2a: Chien-Pao\n|-damage|p2a: Chien-Pao|0 fnt\n|faint|p2a: Chien-Pao\n|move|p1a: Ribombee|Moonblast|p2b: Baxcalibur\n|-supereffective|p2b: Baxcalibur\n|-damage|p2b: Baxcalibur|30\/100\n|-unboost|p2b: Baxcalibur|spa|1\n|move|p2b: Baxcalibur|Icicle Crash|p1a: Ribombee\n|-enditem|p1a: Ribombee|Focus Sash\n|-damage|p1a: Ribombee|1\/100\n|\n|-weather|Snow|[upkeep]\n|upkeep\n|turn|8\n|\n|t:|1700229132\n|move|p2b: Baxcalibur|Protect|p2b: Baxcalibur\n|-singleturn|p2b: Baxcalibur|Protect\n|move|p1b: meinvalorant|Psychic|p2b: Baxcalibur\n|-activate|p2b: Baxcalibur|move: Protect\n|move|p1a: Ribombee|Tailwind|p1a: Ribombee\n|-sidestart|p1: rasil chatta|move: Tailwind\n|\n|-weather|none\n|-fieldend|move: Trick Room\n|upkeep\n|turn|9\n|inactive|rasil chatta has 270 seconds left.\n|inactive|SoloNecro has 270 seconds left.\n|\n|t:|1700229162\n|move|p1a: Ribombee|Stun Spore|p2b: Baxcalibur\n|-status|p2b: Baxcalibur|par\n|move|p2b: Baxcalibur|Scale Shot|p1b: meinvalorant\n|-damage|p1b: meinvalorant|4\/100\n|-damage|p1b: meinvalorant|0 fnt\n|faint|p1b: meinvalorant\n|-hitcount|p1: meinvalorant|2\n|-unboost|p2b: Baxcalibur|def|1\n|-boost|p2b: Baxcalibur|spe|1\n|\n|upkeep\n|inactive|rasil chatta has 240 seconds left.\n|\n|t:|1700229203\n|switch|p1b: kalo kira|Volcarona, M|100\/100\n|turn|10\n|inactive|rasil chatta has 240 seconds left.\n|inactive|rasil chatta has 210 seconds left.\n|inactive|rasil chatta has 180 seconds left.\n|inactive|rasil chatta has 150 seconds left.\n|\n|t:|1700229319\n|-terastallize|p1a: Ribombee|Steel\n|move|p1a: Ribombee|Protect|p1a: Ribombee\n|-singleturn|p1a: Ribombee|Protect\n|move|p1b: kalo kira|Heat Wave|p2b: Baxcalibur\n|-damage|p2b: Baxcalibur|0 fnt\n|faint|p2b: Baxcalibur\n|\n|win|rasil chatta\n|l|\u2606rasil chatta\n|l|\u2606SoloNecro\n|j|\u2606rasil chatta\n|player|p1|rasil chatta|265\n","uploadtime":1700229328,"views":11,"p1id":"rasilchatta","p2id":"solonecro","formatid":"gen9doublesou","rating":0,"private":0,"password":""}