{"id":"gen9doublesou-1999230626","p1":"vegetasfeet","p2":"pikkstein","format":"[Gen 9] Doubles OU","log":"|j|\u2606vegetasfeet\n|j|\u2606pikkstein\n|t:|1701048353\n|gametype|doubles\n|player|p1|vegetasfeet|brycen|1335\n|player|p2|pikkstein|linebacker|1248\n|teamsize|p1|6\n|teamsize|p2|6\n|gen|9\n|tier|[Gen 9] Doubles OU\n|rated|\n|rule|Species Clause: Limit one of each Pok\u00e9mon\n|rule|OHKO Clause: OHKO moves are banned\n|rule|Evasion Moves Clause: Evasion moves are banned\n|rule|Gravity Sleep Clause: The combination of sleep-inducing moves with imperfect accuracy and Gravity or Gigantamax Orbeetle are banned\n|rule|Endless Battle Clause: Forcing endless battles is banned\n|rule|HP Percentage Mod: HP is shown in percentages\n|clearpoke\n|poke|p1|Scizor, M|\n|poke|p1|Tornadus, M|\n|poke|p1|Chien-Pao|\n|poke|p1|Iron Hands|\n|poke|p1|Volcanion|\n|poke|p1|Great Tusk|\n|poke|p2|Arcanine-Hisui, F|\n|poke|p2|Sableye, M|\n|poke|p2|Amoonguss, F|\n|poke|p2|Gyarados, F|\n|poke|p2|Tornadus, M|\n|poke|p2|Gliscor, F|\n|teampreview\n|\n|t:|1701048384\n|start\n|switch|p1a: Volcanion|Volcanion|100\/100\n|switch|p1b: YN Jay|Tornadus, M|100\/100\n|switch|p2a: Gliscor|Gliscor, F, shiny|100\/100\n|switch|p2b: Sableye|Sableye, M, shiny|100\/100\n|turn|1\n|\n|t:|1701048420\n|switch|p1b: Great Tusk|Great Tusk|100\/100\n|move|p2b: Sableye|Fake Out|p1a: Volcanion\n|-damage|p1a: Volcanion|94\/100\n|move|p2a: Gliscor|Swords Dance|p2a: Gliscor\n|-boost|p2a: Gliscor|atk|2\n|cant|p1a: Volcanion|flinch\n|\n|-heal|p1a: Volcanion|99\/100|[from] item: Leftovers\n|-status|p2a: Gliscor|tox|[from] item: Toxic Orb\n|upkeep\n|turn|2\n|\n|t:|1701048459\n|switch|p2b: Gyarados|Gyarados, F|100\/100\n|-ability|p2b: Gyarados|Intimidate|boost\n|-unboost|p1a: Volcanion|atk|1\n|-unboost|p1b: Great Tusk|atk|1\n|move|p1a: Volcanion|Protect|p1a: Volcanion\n|-singleturn|p1a: Volcanion|Protect\n|move|p1b: Great Tusk|Ice Spinner|p2a: Gliscor\n|-supereffective|p2a: Gliscor\n|-damage|p2a: Gliscor|39\/100 tox\n|move|p2a: Gliscor|Earthquake|p1a: Volcanion|[spread] p1b\n|-activate|p1a: Volcanion|move: Protect\n|-immune|p2b: Gyarados\n|-damage|p1b: Great Tusk|47\/100\n|\n|-heal|p1a: Volcanion|100\/100|[from] item: Leftovers\n|-heal|p2a: Gliscor|51\/100 tox|[from] ability: Poison Heal\n|upkeep\n|turn|3\n|\n|t:|1701048486\n|-end|p1b: Great Tusk|Protosynthesis|[silent]\n|switch|p1b: Kawhi Leonard|Scizor, M|100\/100\n|switch|p1a: YN Jay|Tornadus, M|100\/100\n|move|p2a: Gliscor|Protect|p2a: Gliscor\n|-singleturn|p2a: Gliscor|Protect\n|move|p2b: Gyarados|Waterfall|p1b: Kawhi Leonard\n|-damage|p1b: Kawhi Leonard|53\/100\n|\n|-heal|p2a: Gliscor|63\/100 tox|[from] ability: Poison Heal\n|upkeep\n|turn|4\n|\n|t:|1701048505\n|move|p1a: YN Jay|Tailwind|p1a: YN Jay\n|-sidestart|p1: vegetasfeet|move: Tailwind\n|move|p1b: Kawhi Leonard|Bullet Punch|p2a: Gliscor\n|-damage|p2a: Gliscor|13\/100 tox\n|move|p2a: Gliscor|Rock Slide|p1a: YN Jay|[spread] p1a,p1b\n|-supereffective|p1a: YN Jay\n|-enditem|p1a: YN Jay|Focus Sash\n|-damage|p1a: YN Jay|1\/100\n|-damage|p1b: Kawhi Leonard|21\/100\n|move|p2b: Gyarados|Dragon Dance|p2b: Gyarados\n|-boost|p2b: Gyarados|atk|1\n|-boost|p2b: Gyarados|spe|1\n|\n|-heal|p2a: Gliscor|25\/100 tox|[from] ability: Poison Heal\n|upkeep\n|turn|5\n|\n|t:|1701048532\n|move|p2a: Gliscor|Protect|p2a: Gliscor\n|-singleturn|p2a: Gliscor|Protect\n|move|p1b: Kawhi Leonard|Bullet Punch|p2a: Gliscor\n|-activate|p2a: Gliscor|move: Protect\n|move|p1a: YN Jay|Bleakwind Storm|p2a: Gliscor|[spread] \n|-activate|p2a: Gliscor|move: Protect\n|-miss|p1a: YN Jay|p2b: Gyarados\n|move|p2b: Gyarados|Dragon Dance|p2b: Gyarados\n|-boost|p2b: Gyarados|atk|1\n|-boost|p2b: Gyarados|spe|1\n|\n|-heal|p2a: Gliscor|38\/100 tox|[from] ability: Poison Heal\n|upkeep\n|turn|6\n|\n|t:|1701048566\n|switch|p2a: Tornadus|Tornadus, M|100\/100\n|move|p1a: YN Jay|Taunt|p2b: Gyarados\n|-start|p2b: Gyarados|move: Taunt\n|move|p1b: Kawhi Leonard|Bullet Punch|p2a: Tornadus\n|-crit|p2a: Tornadus\n|-damage|p2a: Tornadus|0 fnt\n|faint|p2a: Tornadus\n|move|p2b: Gyarados|Waterfall|p1a: YN Jay\n|-damage|p1a: YN Jay|0 fnt\n|faint|p1a: YN Jay\n|\n|upkeep\n|\n|t:|1701048581\n|switch|p2a: Sableye|Sableye, M, shiny|100\/100\n|switch|p1a: Druski|Iron Hands|100\/100\n|turn|7\n|\n|t:|1701048594\n|-end|p1a: Druski|Quark Drive|[silent]\n|switch|p1a: Volcanion|Volcanion|100\/100\n|move|p2a: Sableye|Fake Out|p1a: Volcanion\n|-damage|p1a: Volcanion|94\/100\n|move|p1b: Kawhi Leonard|Bullet Punch|p2a: Sableye\n|-damage|p2a: Sableye|8\/100\n|move|p2b: Gyarados|Waterfall|p1b: Kawhi Leonard\n|-damage|p1b: Kawhi Leonard|0 fnt\n|faint|p1b: Kawhi Leonard\n|\n|-heal|p1a: Volcanion|100\/100|[from] item: Leftovers\n|-sideend|p1: vegetasfeet|move: Tailwind\n|upkeep\n|\n|t:|1701048603\n|switch|p1b: Druski|Iron Hands|100\/100\n|turn|8\n|\n|t:|1701048632\n|-terastallize|p2b: Gyarados|Steel\n|move|p1b: Druski|Fake Out|p2b: Gyarados\n|-resisted|p2b: Gyarados\n|-damage|p2b: Gyarados|93\/100\n|move|p2a: Sableye|Will-O-Wisp|p1b: Druski\n|-status|p1b: Druski|brn\n|cant|p2b: Gyarados|flinch\n|move|p1a: Volcanion|Steam Eruption|p2a: Sableye\n|-damage|p2a: Sableye|0 fnt\n|faint|p2a: Sableye\n|\n|-heal|p2b: Gyarados|99\/100|[from] item: Leftovers\n|-damage|p1b: Druski|94\/100 brn|[from] brn\n|-end|p2b: Gyarados|move: Taunt\n|upkeep\n|\n|t:|1701048649\n|switch|p2a: Gliscor|Gliscor, F, shiny|38\/100 tox\n|turn|9\n|\n|t:|1701048669\n|-terastallize|p1b: Druski|Grass\n|move|p2b: Gyarados|Earthquake|p1a: Volcanion|[spread] p1a,p1b\n|-immune|p2a: Gliscor\n|-supereffective|p1a: Volcanion\n|-resisted|p1b: Druski\n|-damage|p1a: Volcanion|4\/100\n|-damage|p1b: Druski|74\/100 brn\n|move|p2a: Gliscor|Swords Dance|p2a: Gliscor\n|-boost|p2a: Gliscor|atk|2\n|move|p1a: Volcanion|Heat Wave|p2b: Gyarados|[spread] p2a\n|-miss|p1a: Volcanion|p2b: Gyarados\n|-damage|p2a: Gliscor|0 fnt\n|faint|p2a: Gliscor\n|move|p1b: Druski|Close Combat|p2b: Gyarados\n|-supereffective|p2b: Gyarados\n|-damage|p2b: Gyarados|32\/100\n|-unboost|p1b: Druski|def|1\n|-unboost|p1b: Druski|spd|1\n|\n|-heal|p2b: Gyarados|38\/100|[from] item: Leftovers\n|-heal|p1a: Volcanion|10\/100|[from] item: Leftovers\n|-damage|p1b: Druski|68\/100 brn|[from] brn\n|upkeep\n|\n|t:|1701048694\n|switch|p2a: Amoonguss|Amoonguss, F|100\/100\n|turn|10\n|\n|t:|1701048701\n|move|p2b: Gyarados|Earthquake|p1a: Volcanion|[spread] p2a,p1a,p1b\n|-supereffective|p1a: Volcanion\n|-resisted|p1b: Druski\n|-damage|p2a: Amoonguss|46\/100\n|-damage|p1a: Volcanion|0 fnt\n|-damage|p1b: Druski|36\/100 brn\n|faint|p1a: Volcanion\n|move|p1b: Druski|Close Combat|p2b: Gyarados\n|-supereffective|p2b: Gyarados\n|-damage|p2b: Gyarados|0 fnt\n|-unboost|p1b: Druski|def|1\n|-unboost|p1b: Druski|spd|1\n|faint|p2b: Gyarados\n|move|p2a: Amoonguss|Pollen Puff|p2: Gyarados|[notarget]\n|-fail|p2a: Amoonguss\n|\n|-damage|p1b: Druski|30\/100 brn|[from] brn\n|upkeep\n|\n|t:|1701048713\n|switch|p2b: Arcanine|Arcanine-Hisui, F|100\/100\n|switch|p1a: Great Tusk|Great Tusk|47\/100\n|turn|11\n|\n|t:|1701048723\n|move|p2a: Amoonguss|Rage Powder|p2a: Amoonguss\n|-singleturn|p2a: Amoonguss|move: Rage Powder\n|move|p1a: Great Tusk|Headlong Rush|p2a: Amoonguss\n|-damage|p2a: Amoonguss|0 fnt\n|-unboost|p1a: Great Tusk|def|1\n|-unboost|p1a: Great Tusk|spd|1\n|faint|p2a: Amoonguss\n|move|p2b: Arcanine|Flare Blitz|p1a: Great Tusk\n|-damage|p1a: Great Tusk|0 fnt\n|faint|p1a: Great Tusk\n|-end|p1a: Great Tusk|Protosynthesis|[silent]\n|move|p1b: Druski|Volt Switch|p2b: Arcanine\n|-damage|p2b: Arcanine|87\/100\n|\n|t:|1701048732\n|-end|p1b: Druski|Quark Drive|[silent]\n|switch|p1b: Iggy Azalea|Chien-Pao|100\/100|[from] Volt Switch\n|-ability|p1b: Iggy Azalea|Sword of Ruin\n|\n|upkeep\n|\n|t:|1701048733\n|switch|p1a: Druski|Iron Hands, tera:Grass|30\/100 brn\n|turn|12\n|\n|t:|1701048740\n|move|p1b: Iggy Azalea|Sacred Sword|p2b: Arcanine\n|-supereffective|p2b: Arcanine\n|-damage|p2b: Arcanine|0 fnt\n|faint|p2b: Arcanine\n|-damage|p1b: Iggy Azalea|91\/100|[from] item: Life Orb\n|\n|win|vegetasfeet\n|raw|vegetasfeet's rating: 1335 &rarr; <strong>1350<\/strong><br \/>(+15 for winning)\n|raw|pikkstein's rating: 1248 &rarr; <strong>1229<\/strong><br \/>(-19 for losing)\n|l|\u2606pikkstein\n","uploadtime":1701048746,"views":8,"p1id":"vegetasfeet","p2id":"pikkstein","formatid":"gen9doublesou","rating":1229,"private":0,"password":""}