{"id":"gen9doublesou-1969855705","p1":"boristimus","p2":"MVP2536","format":"[Gen 9] Doubles OU","log":"|j|\u2606boristimus\n|j|\u2606MVP2536\n|inactive|Battle timer is ON: inactive players will automatically lose when time's up.\n|t:|1697570662\n|gametype|doubles\n|player|p1|boristimus|janitor|\n|player|p2|MVP2536|giovanni|\n|teamsize|p1|6\n|teamsize|p2|6\n|gen|9\n|tier|[Gen 9] Doubles OU\n|rated|Tournament battle\n|rule|Species Clause: Limit one of each Pok\u00e9mon\n|rule|OHKO Clause: OHKO moves are banned\n|rule|Evasion Moves Clause: Evasion moves are banned\n|rule|Gravity Sleep Clause: The combination of sleep-inducing moves with imperfect accuracy and Gravity or Gigantamax Orbeetle are banned\n|rule|Endless Battle Clause: Forcing endless battles is banned\n|rule|HP Percentage Mod: HP is shown in percentages\n|clearpoke\n|poke|p1|Weezing-Galar, F|\n|poke|p1|Altaria, F|\n|poke|p1|Salazzle, F|\n|poke|p1|Amoonguss, F|\n|poke|p1|Farigiraf, F|\n|poke|p1|Masquerain, F|\n|poke|p2|Gumshoos, F|\n|poke|p2|Scizor, M|\n|poke|p2|Greninja-*, M|\n|poke|p2|Braviary-Hisui, M|\n|poke|p2|Haunter, F|\n|poke|p2|Camerupt, F|\n|teampreview\n|j|*Lady Monita \u263d\n|\n|t:|1697570671\n|start\n|switch|p1a: Masquerain|Masquerain, F|100\/100\n|switch|p1b: Farigiraf|Farigiraf, F|100\/100\n|switch|p2a: Haunter|Haunter, F|100\/100\n|switch|p2b: Gumshoos|Gumshoos, F|100\/100\n|-ability|p1a: Masquerain|Intimidate|boost\n|-unboost|p2a: Haunter|atk|1\n|-unboost|p2b: Gumshoos|atk|1\n|turn|1\n|\n|t:|1697570684\n|move|p2a: Haunter|Thunderbolt|p1a: Masquerain\n|-supereffective|p1a: Masquerain\n|-enditem|p1a: Masquerain|Focus Sash\n|-damage|p1a: Masquerain|1\/100\n|-damage|p2a: Haunter|91\/100|[from] item: Life Orb\n|move|p1a: Masquerain|Sticky Web|p2a: Haunter\n|-sidestart|p2: MVP2536|move: Sticky Web\n|move|p1b: Farigiraf|Psyshock|p2a: Haunter\n|-supereffective|p2a: Haunter\n|-damage|p2a: Haunter|0 fnt\n|faint|p2a: Haunter\n|move|p2b: Gumshoos|Knock Off|p1b: Farigiraf\n|-supereffective|p1b: Farigiraf\n|-damage|p1b: Farigiraf|33\/100\n|-enditem|p1b: Farigiraf|Assault Vest|[from] move: Knock Off|[of] p2b: Gumshoos\n|\n|upkeep\n|\n|t:|1697570691\n|switch|p2a: Braviary|Braviary-Hisui, M|100\/100\n|turn|2\n|\n|t:|1697570710\n|move|p1a: Masquerain|Hurricane|p2a: Braviary|[miss]\n|-miss|p1a: Masquerain|p2a: Braviary\n|move|p2a: Braviary|Agility|p2a: Braviary\n|-boost|p2a: Braviary|spe|2\n|move|p1b: Farigiraf|Hyper Voice|p2a: Braviary|[spread] p2a,p2b\n|-damage|p2a: Braviary|57\/100\n|-damage|p2b: Gumshoos|55\/100\n|move|p2b: Gumshoos|Knock Off|p1b: Farigiraf\n|-supereffective|p1b: Farigiraf\n|-damage|p1b: Farigiraf|0 fnt\n|faint|p1b: Farigiraf\n|\n|upkeep\n|\n|t:|1697570717\n|switch|p1b: Weezing|Weezing-Galar, F|100\/100\n|turn|3\n|\n|t:|1697570730\n|move|p2a: Braviary|Psychic|p1b: Weezing\n|-supereffective|p1b: Weezing\n|-damage|p1b: Weezing|0 fnt\n|faint|p1b: Weezing\n|move|p1a: Masquerain|Hurricane|p2a: Braviary\n|-crit|p2a: Braviary\n|-damage|p2a: Braviary|0 fnt\n|faint|p2a: Braviary\n|move|p2b: Gumshoos|Knock Off|p1a: Masquerain\n|-damage|p1a: Masquerain|0 fnt\n|faint|p1a: Masquerain\n|\n|upkeep\n|\n|t:|1697570743\n|switch|p1a: Altaria|Altaria, F|100\/100\n|switch|p2a: Camerupt|Camerupt, F|100\/100\n|switch|p1b: Amoonguss|Amoonguss, F|100\/100\n|-ability|p1a: Altaria|Cloud Nine\n|-activate|p2a: Camerupt|move: Sticky Web\n|-unboost|p2a: Camerupt|spe|1\n|turn|4\n|\n|t:|1697570758\n|move|p1a: Altaria|Brave Bird|p2a: Camerupt\n|-damage|p2a: Camerupt|43\/100\n|-damage|p1a: Altaria|78\/100|[from] Recoil\n|move|p2b: Gumshoos|Knock Off|p1b: Amoonguss\n|-damage|p1b: Amoonguss|64\/100\n|-enditem|p1b: Amoonguss|Black Sludge|[from] move: Knock Off|[of] p2b: Gumshoos\n|move|p1b: Amoonguss|Spore|p2b: Gumshoos\n|-status|p2b: Gumshoos|slp|[from] move: Spore\n|move|p2a: Camerupt|Lava Plume|p1b: Amoonguss|[spread] p2b,p1a,p1b\n|-resisted|p1a: Altaria\n|-supereffective|p1b: Amoonguss\n|-damage|p2b: Gumshoos|25\/100 slp\n|-damage|p1a: Altaria|66\/100\n|-damage|p1b: Amoonguss|37\/100\n|-status|p1a: Altaria|brn\n|-status|p1b: Amoonguss|brn\n|\n|-heal|p2a: Camerupt|49\/100|[from] item: Leftovers\n|-damage|p1a: Altaria|60\/100 brn|[from] brn\n|-damage|p1b: Amoonguss|31\/100 brn|[from] brn\n|upkeep\n|turn|5\n|\n|t:|1697570776\n|move|p1a: Altaria|Brave Bird|p2a: Camerupt\n|-damage|p2a: Camerupt|21\/100\n|-damage|p1a: Altaria|49\/100 brn|[from] Recoil\n|cant|p2b: Gumshoos|slp\n|move|p1b: Amoonguss|Sludge Bomb|p2a: Camerupt\n|-resisted|p2a: Camerupt\n|-damage|p2a: Camerupt|9\/100\n|-status|p2a: Camerupt|psn\n|move|p2a: Camerupt|Lava Plume|p1b: Amoonguss|[spread] p2b,p1a,p1b\n|-resisted|p1a: Altaria\n|-supereffective|p1b: Amoonguss\n|-damage|p2b: Gumshoos|0 fnt\n|-damage|p1a: Altaria|37\/100 brn\n|-damage|p1b: Amoonguss|3\/100 brn\n|faint|p2b: Gumshoos\n|\n|-heal|p2a: Camerupt|15\/100 psn|[from] item: Leftovers\n|-damage|p2a: Camerupt|2\/100 psn|[from] psn\n|-damage|p1a: Altaria|31\/100 brn|[from] brn\n|-damage|p1b: Amoonguss|0 fnt|[from] brn\n|faint|p1b: Amoonguss\n|upkeep\n|\n|t:|1697570788\n|switch|p2b: Greninja|Greninja, M|100\/100\n|switch|p1b: Salazzle|Salazzle, F|100\/100\n|-activate|p2b: Greninja|move: Sticky Web\n|-unboost|p2b: Greninja|spe|1\n|turn|6\n|\n|t:|1697570799\n|-terastallize|p1b: Salazzle|Poison\n|move|p1b: Salazzle|Heat Wave|p2b: Greninja|[spread] p2a,p2b\n|-resisted|p2a: Camerupt\n|-resisted|p2b: Greninja\n|-damage|p2a: Camerupt|0 fnt\n|-damage|p2b: Greninja|65\/100\n|faint|p2a: Camerupt\n|move|p1a: Altaria|Brave Bird|p2b: Greninja\n|-damage|p2b: Greninja|29\/100\n|-damage|p1a: Altaria|20\/100 brn|[from] Recoil\n|move|p2b: Greninja|Surf|p1b: Salazzle|[spread] p1a,p1b\n|-resisted|p1a: Altaria\n|-damage|p1a: Altaria|0 fnt\n|-damage|p1b: Salazzle|20\/100\n|faint|p1a: Altaria\n|-ability|p2b: Greninja|Battle Bond|boost\n|-boost|p2b: Greninja|atk|1\n|-boost|p2b: Greninja|spa|1\n|-boost|p2b: Greninja|spe|1\n|-activate|p2b: Greninja|ability: Battle Bond\n|\n|upkeep\n|\n|t:|1697570806\n|switch|p2a: Scizor|Scizor, M|100\/100\n|-activate|p2a: Scizor|move: Sticky Web\n|-unboost|p2a: Scizor|spe|1\n|turn|7\n|\n|t:|1697570811\n|move|p2a: Scizor|Bullet Punch|p1b: Salazzle\n|-damage|p1b: Salazzle|0 fnt\n|faint|p1b: Salazzle\n|\n|win|MVP2536\n|n|\u2606boristimus|boristimus\n|n|\u2606MVP2536|mvp2536\n|n|*Lady Monita \u263d|ladymonita\n","uploadtime":1697570814,"views":9,"p1id":"boristimus","p2id":"mvp2536","formatid":"gen9doublesou","rating":0,"private":0,"password":""}