{"id":"gen9doublesou-1975340282","p1":"CrushingMoon","p2":"MisterPoke","format":"[Gen 9] Doubles OU","log":"|j|\u2606CrushingMoon\n|j|\u2606MisterPoke\n|t:|1698181310\n|gametype|doubles\n|player|p1|CrushingMoon|1|1176\n|player|p2|MisterPoke|drayden|1276\n|teamsize|p1|6\n|teamsize|p2|6\n|gen|9\n|tier|[Gen 9] Doubles OU\n|rated|\n|rule|Species Clause: Limit one of each Pok\u00e9mon\n|rule|OHKO Clause: OHKO moves are banned\n|rule|Evasion Moves Clause: Evasion moves are banned\n|rule|Gravity Sleep Clause: The combination of sleep-inducing moves with imperfect accuracy and Gravity or Gigantamax Orbeetle are banned\n|rule|Endless Battle Clause: Forcing endless battles is banned\n|rule|HP Percentage Mod: HP is shown in percentages\n|clearpoke\n|poke|p1|Delphox, F|\n|poke|p1|Typhlosion-Hisui, M|\n|poke|p1|Iron Moth|\n|poke|p1|Talonflame, F|\n|poke|p1|Torkoal, M|\n|poke|p1|Chi-Yu|\n|poke|p2|Landorus-Therian, M|\n|poke|p2|Empoleon, F|\n|poke|p2|Chandelure, M|\n|poke|p2|Ninetales-Alola, F|\n|poke|p2|Weezing-Galar, M|\n|poke|p2|Wo-Chien|\n|teampreview\n|inactive|Battle timer is ON: inactive players will automatically lose when time's up. (requested by CrushingMoon)\n|\n|t:|1698181327\n|start\n|switch|p1a: Iron Moth|Iron Moth|100\/100\n|switch|p1b: Talonflame|Talonflame, F|100\/100\n|switch|p2a: Landorus|Landorus-Therian, M|100\/100\n|switch|p2b: Ninetales|Ninetales-Alola, F|100\/100\n|-weather|Snow|[from] ability: Snow Warning|[of] p2b: Ninetales\n|-ability|p2a: Landorus|Intimidate|boost\n|-unboost|p1a: Iron Moth|atk|1\n|-unboost|p1b: Talonflame|atk|1\n|-enditem|p1a: Iron Moth|Booster Energy\n|-activate|p1a: Iron Moth|ability: Quark Drive|[fromitem]\n|-start|p1a: Iron Moth|quarkdrivespa\n|turn|1\n|\n|t:|1698181352\n|switch|p2b: Chandelure|Chandelure, M|100\/100\n|move|p1b: Talonflame|Tailwind|p1b: Talonflame\n|-sidestart|p1: CrushingMoon|move: Tailwind\n|move|p1a: Iron Moth|Flash Cannon|p2b: Chandelure\n|-resisted|p2b: Chandelure\n|-damage|p2b: Chandelure|71\/100\n|move|p2a: Landorus|Rock Slide|p1b: Talonflame|[spread] p1a,p1b\n|-supereffective|p1a: Iron Moth\n|-supereffective|p1b: Talonflame\n|-damage|p1a: Iron Moth|32\/100\n|-damage|p1b: Talonflame|1\/100\n|\n|-weather|Snow|[upkeep]\n|upkeep\n|turn|2\n|\n|t:|1698181368\n|move|p1a: Iron Moth|Energy Ball|p2a: Landorus\n|-damage|p2a: Landorus|46\/100\n|move|p1b: Talonflame|Brave Bird|p2b: Chandelure\n|-damage|p2b: Chandelure|28\/100\n|-damage|p1b: Talonflame|0 fnt|[from] Recoil\n|faint|p1b: Talonflame\n|move|p2a: Landorus|Rock Slide|p1a: Iron Moth\n|-supereffective|p1a: Iron Moth\n|-damage|p1a: Iron Moth|0 fnt\n|faint|p1a: Iron Moth\n|-end|p1a: Iron Moth|Quark Drive|[silent]\n|move|p2b: Chandelure|Shadow Ball|p1: Iron Moth|[notarget]\n|-fail|p2b: Chandelure\n|\n|-weather|Snow|[upkeep]\n|-heal|p2a: Landorus|52\/100|[from] item: Leftovers\n|upkeep\n|\n|t:|1698181385\n|switch|p1a: Chi-Yu|Chi-Yu|100\/100\n|switch|p1b: Typhlosion|Typhlosion-Hisui, M|100\/100\n|-ability|p1a: Chi-Yu|Beads of Ruin\n|-item|p2a: Landorus|Leftovers|[from] ability: Frisk|[of] p1b: Typhlosion|[identify]\n|-item|p2b: Chandelure|Choice Specs|[from] ability: Frisk|[of] p1b: Typhlosion|[identify]\n|turn|3\n|\n|t:|1698181402\n|move|p1a: Chi-Yu|Dark Pulse|p2a: Landorus\n|-crit|p2a: Landorus\n|-damage|p2a: Landorus|0 fnt\n|faint|p2a: Landorus\n|move|p1b: Typhlosion|Infernal Parade|p2b: Chandelure\n|-supereffective|p2b: Chandelure\n|-damage|p2b: Chandelure|0 fnt\n|faint|p2b: Chandelure\n|\n|-weather|Snow|[upkeep]\n|upkeep\n|\n|t:|1698181410\n|switch|p2a: Weezing|Weezing-Galar, M|100\/100\n|switch|p2b: Empoleon|Empoleon, F|100\/100\n|-ability|p2a: Weezing|Neutralizing Gas\n|turn|4\n|\n|t:|1698181429\n|move|p1a: Chi-Yu|Dark Pulse|p2b: Empoleon\n|-damage|p2b: Empoleon|64\/100\n|move|p1b: Typhlosion|Eruption|p2b: Empoleon|[spread] p2a,p2b\n|-damage|p2a: Weezing|29\/100\n|-damage|p2b: Empoleon|31\/100\n|move|p2a: Weezing|Sludge Bomb|p1a: Chi-Yu\n|-damage|p1a: Chi-Yu|55\/100\n|-status|p1a: Chi-Yu|psn\n|move|p2b: Empoleon|Hydro Pump|p1b: Typhlosion\n|-supereffective|p1b: Typhlosion\n|-damage|p1b: Typhlosion|4\/100\n|\n|-weather|Snow|[upkeep]\n|-heal|p2a: Weezing|35\/100|[from] item: Leftovers\n|-damage|p1a: Chi-Yu|43\/100 psn|[from] psn\n|-sideend|p1: CrushingMoon|move: Tailwind\n|upkeep\n|turn|5\n|\n|t:|1698181454\n|move|p1a: Chi-Yu|Dark Pulse|p2b: Empoleon\n|-damage|p2b: Empoleon|0 fnt\n|faint|p2b: Empoleon\n|move|p1b: Typhlosion|Extrasensory|p2a: Weezing\n|-supereffective|p2a: Weezing\n|-damage|p2a: Weezing|0 fnt\n|faint|p2a: Weezing\n|-end|p2a: Weezing|ability: Neutralizing Gas\n|-ability|p1a: Chi-Yu|Beads of Ruin\n|\n|-weather|none\n|-damage|p1a: Chi-Yu|30\/100 psn|[from] psn\n|upkeep\n|\n|t:|1698181457\n|switch|p2a: Ninetales|Ninetales-Alola, F|100\/100\n|switch|p2b: Wo-Chien|Wo-Chien|100\/100\n|-weather|Snow|[from] ability: Snow Warning|[of] p2a: Ninetales\n|-ability|p2b: Wo-Chien|Tablets of Ruin\n|turn|6\n|\n|t:|1698181482\n|switch|p1a: Torkoal|Torkoal, M|100\/100\n|-weather|SunnyDay|[from] ability: Drought|[of] p1a: Torkoal\n|move|p2a: Ninetales|Blizzard|p1a: Torkoal|[spread] \n|-miss|p2a: Ninetales|p1a: Torkoal\n|-miss|p2a: Ninetales|p1b: Typhlosion\n|move|p1b: Typhlosion|Brick Break|p2b: Wo-Chien\n|-supereffective|p2b: Wo-Chien\n|-damage|p2b: Wo-Chien|78\/100\n|move|p2b: Wo-Chien|Knock Off|p1a: Torkoal\n|-damage|p1a: Torkoal|79\/100\n|-enditem|p1a: Torkoal|Assault Vest|[from] move: Knock Off|[of] p2b: Wo-Chien\n|\n|-weather|SunnyDay|[upkeep]\n|-heal|p2b: Wo-Chien|84\/100|[from] item: Leftovers\n|upkeep\n|turn|7\n|\n|t:|1698181500\n|-terastallize|p2a: Ninetales|Water\n|move|p2a: Ninetales|Blizzard|p1a: Torkoal|[spread] p1b\n|-miss|p2a: Ninetales|p1a: Torkoal\n|-resisted|p1b: Typhlosion\n|-damage|p1b: Typhlosion|0 fnt\n|faint|p1b: Typhlosion\n|move|p2b: Wo-Chien|Knock Off|p1a: Torkoal\n|-damage|p1a: Torkoal|63\/100\n|move|p1a: Torkoal|Eruption|p2a: Ninetales|[spread] p2a,p2b\n|-resisted|p2a: Ninetales\n|-supereffective|p2b: Wo-Chien\n|-damage|p2a: Ninetales|74\/100\n|-damage|p2b: Wo-Chien|36\/100\n|\n|-weather|SunnyDay|[upkeep]\n|-heal|p2b: Wo-Chien|42\/100|[from] item: Leftovers\n|upkeep\n|\n|t:|1698181516\n|switch|p1b: Chi-Yu|Chi-Yu|30\/100 psn\n|-ability|p1b: Chi-Yu|Beads of Ruin\n|turn|8\n|\n|t:|1698181524\n|move|p2a: Ninetales|Moonblast|p1b: Chi-Yu\n|-damage|p1b: Chi-Yu|0 fnt\n|faint|p1b: Chi-Yu\n|move|p2b: Wo-Chien|Leech Seed|p1a: Torkoal\n|-start|p1a: Torkoal|move: Leech Seed\n|move|p1a: Torkoal|Body Press|p2b: Wo-Chien\n|-supereffective|p2b: Wo-Chien\n|-damage|p2b: Wo-Chien|11\/100\n|\n|-weather|SunnyDay|[upkeep]\n|-heal|p2b: Wo-Chien|17\/100|[from] item: Leftovers\n|-damage|p1a: Torkoal|50\/100|[from] Leech Seed|[of] p2b: Wo-Chien\n|-heal|p2b: Wo-Chien|29\/100|[silent]\n|upkeep\n|\n|t:|1698181527\n|switch|p1b: Delphox|Delphox, F|100\/100\n|turn|9\n|\n|t:|1698181540\n|move|p2a: Ninetales|Blizzard|p1b: Delphox|[spread] p1a,p1b\n|-resisted|p1a: Torkoal\n|-resisted|p1b: Delphox\n|-damage|p1a: Torkoal|28\/100\n|-damage|p1b: Delphox|83\/100\n|move|p1b: Delphox|Dazzling Gleam|p2a: Ninetales|[spread] p2a,p2b\n|-supereffective|p2b: Wo-Chien\n|-damage|p2a: Ninetales|51\/100\n|-damage|p2b: Wo-Chien|8\/100\n|-item|p1b: Delphox|Leftovers|[from] ability: Magician|[of] p2b: Wo-Chien\n|move|p2b: Wo-Chien|Knock Off|p1b: Delphox\n|-supereffective|p1b: Delphox\n|-crit|p1b: Delphox\n|-damage|p1b: Delphox|0 fnt\n|-enditem|p1b: Delphox|Leftovers|[from] move: Knock Off|[of] p2b: Wo-Chien\n|faint|p1b: Delphox\n|move|p1a: Torkoal|Body Press|p2a: Ninetales\n|-damage|p2a: Ninetales|22\/100\n|\n|-weather|SunnyDay|[upkeep]\n|-damage|p1a: Torkoal|16\/100|[from] Leech Seed|[of] p2b: Wo-Chien\n|-heal|p2b: Wo-Chien|19\/100|[silent]\n|upkeep\n|turn|10\n|c|\u2606MisterPoke|Well\n|c|\u2606MisterPoke|gg\n|\n|t:|1698181553\n|move|p2a: Ninetales|Freeze-Dry|p1a: Torkoal\n|-resisted|p1a: Torkoal\n|-damage|p1a: Torkoal|0 fnt\n|faint|p1a: Torkoal\n|\n|win|MisterPoke\n|raw|CrushingMoon's rating: 1176 &rarr; <strong>1158<\/strong><br \/>(-18 for losing)\n|raw|MisterPoke's rating: 1276 &rarr; <strong>1294<\/strong><br \/>(+18 for winning)\n|l|\u2606CrushingMoon\n","uploadtime":1698181563,"views":20,"p1id":"crushingmoon","p2id":"misterpoke","formatid":"gen9doublesou","rating":1158,"private":0,"password":""}