{"id":"gen9doublesou-1990053903","p1":"Mitsuakii","p2":"Di master8","format":"[Gen 9] Doubles OU","log":"|j|\u2606Mitsuakii\n|j|\u2606Di master8\n|inactive|Battle timer is ON: inactive players will automatically lose when time's up.\n|t:|1699919561\n|gametype|doubles\n|player|p1|Mitsuakii|psychicf-gen4|\n|player|p2|Di master8|flannery|\n|teamsize|p1|6\n|teamsize|p2|6\n|gen|9\n|tier|[Gen 9] Doubles OU\n|rated|Tournament battle\n|rule|Species Clause: Limit one of each Pok\u00e9mon\n|rule|OHKO Clause: OHKO moves are banned\n|rule|Evasion Moves Clause: Evasion moves are banned\n|rule|Gravity Sleep Clause: The combination of sleep-inducing moves with imperfect accuracy and Gravity or Gigantamax Orbeetle are banned\n|rule|Endless Battle Clause: Forcing endless battles is banned\n|rule|HP Percentage Mod: HP is shown in percentages\n|clearpoke\n|poke|p1|Grimmsnarl, M|\n|poke|p1|Diancie|\n|poke|p1|Ursaluna-Bloodmoon, M|\n|poke|p1|Kingambit, F|\n|poke|p1|Indeedee-F, F|\n|poke|p1|Sinistcha-Masterpiece|\n|poke|p2|Ninetales, F|\n|poke|p2|Lilligant-Hisui, F|\n|poke|p2|Flutter Mane|\n|poke|p2|Kleavor, F|\n|poke|p2|Grimmsnarl, M|\n|poke|p2|Walking Wake|\n|teampreview\n|j|*Lady Monita \u2746\n|j| BB-8-NU\n|c|\u2606Di master8|gl\n|c|\u2606Mitsuakii|u too\n|c|\u2606Mitsuakii|:)\n|\n|t:|1699919577\n|start\n|switch|p1a: Grimmsnarl|Grimmsnarl, M|100\/100\n|switch|p1b: Diancie|Diancie|100\/100\n|switch|p2a: Kleavor|Kleavor, F|100\/100\n|switch|p2b: Grimmsnarl|Grimmsnarl, M, shiny|100\/100\n|turn|1\n|\n|t:|1699919593\n|move|p2b: Grimmsnarl|Reflect|p2b: Grimmsnarl\n|-sidestart|p2: Di master8|Reflect\n|move|p1a: Grimmsnarl|Taunt|p2b: Grimmsnarl\n|-hint|Since gen 7, Dark is immune to Prankster moves.\n|-immune|p2b: Grimmsnarl\n|move|p2a: Kleavor|U-turn|p1a: Grimmsnarl\n|-damage|p1a: Grimmsnarl|52\/100\n|\n|t:|1699919601\n|switch|p2a: Ninetales|Ninetales, F|100\/100|[from] U-turn\n|-weather|SunnyDay|[from] ability: Drought|[of] p2a: Ninetales\n|move|p1b: Diancie|Trick Room|p1b: Diancie\n|-fieldstart|move: Trick Room|[of] p1b: Diancie\n|\n|-weather|SunnyDay|[upkeep]\n|upkeep\n|turn|2\n|\n|t:|1699919618\n|-terastallize|p2a: Ninetales|Grass\n|move|p1a: Grimmsnarl|Light Screen|p1a: Grimmsnarl\n|-sidestart|p1: Mitsuakii|move: Light Screen\n|move|p1b: Diancie|Diamond Storm|p2a: Ninetales|[spread] p2a,p2b\n|-damage|p2a: Ninetales|70\/100\n|-damage|p2b: Grimmsnarl|78\/100\n|-boost|p1b: Diancie|def|2\n|move|p2b: Grimmsnarl|Spirit Break|p1a: Grimmsnarl\n|-supereffective|p1a: Grimmsnarl\n|-damage|p1a: Grimmsnarl|0 fnt\n|faint|p1a: Grimmsnarl\n|move|p2a: Ninetales|Solar Beam||[still]\n|-prepare|p2a: Ninetales|Solar Beam\n|-anim|p2a: Ninetales|Solar Beam|p1b: Diancie\n|-supereffective|p1b: Diancie\n|-damage|p1b: Diancie|56\/100\n|-enditem|p1b: Diancie|Weakness Policy\n|-boost|p1b: Diancie|atk|2|[from] item: Weakness Policy\n|-boost|p1b: Diancie|spa|2|[from] item: Weakness Policy\n|\n|-weather|SunnyDay|[upkeep]\n|upkeep\n|\n|t:|1699919634\n|switch|p1a: Ursaluna|Ursaluna-Bloodmoon, M|100\/100\n|turn|3\n|c|\u2606Di master8|damn\n|\n|t:|1699919650\n|move|p2b: Grimmsnarl|Parting Shot|p1b: Diancie\n|-fail|p1b: Diancie|unboost|[from] ability: Clear Body|[of] p1b: Diancie\n|move|p1b: Diancie|Body Press|p2a: Ninetales\n|-damage|p2a: Ninetales|13\/100\n|move|p1a: Ursaluna|Blood Moon|p2b: Grimmsnarl\n|-damage|p2b: Grimmsnarl|6\/100\n|move|p2a: Ninetales|Solar Beam||[still]\n|-prepare|p2a: Ninetales|Solar Beam\n|-anim|p2a: Ninetales|Solar Beam|p1a: Ursaluna\n|-supereffective|p1a: Ursaluna\n|-damage|p1a: Ursaluna|29\/100\n|\n|-weather|SunnyDay|[upkeep]\n|-heal|p1a: Ursaluna|35\/100|[from] item: Leftovers\n|upkeep\n|turn|4\n|\n|t:|1699919661\n|move|p2a: Ninetales|Protect|p2a: Ninetales\n|-singleturn|p2a: Ninetales|Protect\n|move|p2b: Grimmsnarl|Light Screen|p2b: Grimmsnarl\n|-sidestart|p2: Di master8|move: Light Screen\n|move|p1b: Diancie|Diamond Storm|p2b: Grimmsnarl|[spread] p2b\n|-activate|p2a: Ninetales|move: Protect\n|-damage|p2b: Grimmsnarl|0 fnt\n|-boost|p1b: Diancie|def|2\n|faint|p2b: Grimmsnarl\n|move|p1a: Ursaluna|Hyper Voice|p2a: Ninetales\n|-activate|p2a: Ninetales|move: Protect\n|\n|-weather|SunnyDay|[upkeep]\n|-heal|p1a: Ursaluna|41\/100|[from] item: Leftovers\n|upkeep\n|j| Shoot2Thrill\n|\n|t:|1699919678\n|switch|p2b: Flutter Mane|Flutter Mane, shiny|100\/100\n|-activate|p2b: Flutter Mane|ability: Protosynthesis\n|-start|p2b: Flutter Mane|protosynthesisspe\n|turn|5\n|\n|t:|1699919691\n|move|p2a: Ninetales|Protect|p2a: Ninetales\n|-singleturn|p2a: Ninetales|Protect\n|move|p1b: Diancie|Diamond Storm|p2b: Flutter Mane|[spread] p2b\n|-activate|p2a: Ninetales|move: Protect\n|-damage|p2b: Flutter Mane|35\/100\n|-boost|p1b: Diancie|def|2\n|move|p1a: Ursaluna|Blood Moon|p2b: Flutter Mane\n|-damage|p2b: Flutter Mane|0 fnt\n|faint|p2b: Flutter Mane\n|-end|p2b: Flutter Mane|Protosynthesis|[silent]\n|\n|-weather|SunnyDay|[upkeep]\n|-heal|p1a: Ursaluna|47\/100|[from] item: Leftovers\n|-fieldend|move: Trick Room\n|upkeep\n|\n|t:|1699919703\n|switch|p2b: Lilligant|Lilligant-Hisui, F, shiny|100\/100\n|turn|6\n|\n|t:|1699919714\n|switch|p1a: Indeedee|Indeedee-F, F|100\/100\n|-fieldstart|move: Psychic Terrain|[from] ability: Psychic Surge|[of] p1a: Indeedee\n|-enditem|p1a: Indeedee|Psychic Seed\n|-boost|p1a: Indeedee|spd|1|[from] item: Psychic Seed\n|move|p1b: Diancie|Protect|p1b: Diancie\n|-singleturn|p1b: Diancie|Protect\n|move|p2b: Lilligant|Solar Blade||[still]\n|-prepare|p2b: Lilligant|Solar Blade\n|-anim|p2b: Lilligant|Solar Blade|p1a: Indeedee\n|-damage|p1a: Indeedee|21\/100\n|move|p2a: Ninetales|Solar Beam||[still]\n|-prepare|p2a: Ninetales|Solar Beam\n|-anim|p2a: Ninetales|Solar Beam|p1b: Diancie\n|-activate|p1b: Diancie|move: Protect\n|\n|-weather|SunnyDay|[upkeep]\n|upkeep\n|turn|7\n|\n|t:|1699919731\n|move|p1b: Diancie|Protect||[still]\n|-fail|p1b: Diancie\n|move|p2b: Lilligant|Solar Blade||[still]\n|-prepare|p2b: Lilligant|Solar Blade\n|-anim|p2b: Lilligant|Solar Blade|p1b: Diancie\n|-supereffective|p1b: Diancie\n|-damage|p1b: Diancie|32\/100\n|move|p2a: Ninetales|Solar Beam||[still]\n|-prepare|p2a: Ninetales|Solar Beam\n|-anim|p2a: Ninetales|Solar Beam|p1b: Diancie\n|-supereffective|p1b: Diancie\n|-damage|p1b: Diancie|0 fnt\n|faint|p1b: Diancie\n|move|p1a: Indeedee|Trick Room|p1a: Indeedee\n|-fieldstart|move: Trick Room|[of] p1a: Indeedee\n|\n|-weather|SunnyDay|[upkeep]\n|upkeep\n|\n|t:|1699919750\n|switch|p1b: Sinistcha|Sinistcha-Masterpiece|100\/100\n|-heal|p1a: Indeedee|46\/100|[from] ability: Hospitality|[of] p1b: Sinistcha\n|turn|8\n|\n|t:|1699919765\n|move|p2a: Ninetales|Protect|p2a: Ninetales\n|-singleturn|p2a: Ninetales|Protect\n|move|p1b: Sinistcha|Matcha Gotcha|p2b: Lilligant|[spread] \n|-activate|p2a: Ninetales|move: Protect\n|-miss|p1b: Sinistcha|p2b: Lilligant\n|move|p1a: Indeedee|Dazzling Gleam|p2a: Ninetales|[spread] p2b\n|-activate|p2a: Ninetales|move: Protect\n|-supereffective|p2b: Lilligant\n|-damage|p2b: Lilligant|62\/100\n|move|p2b: Lilligant|Solar Blade||[still]\n|-prepare|p2b: Lilligant|Solar Blade\n|-anim|p2b: Lilligant|Solar Blade|p1a: Indeedee\n|-damage|p1a: Indeedee|0 fnt\n|faint|p1a: Indeedee\n|\n|-weather|none\n|-sideend|p2: Di master8|Reflect\n|upkeep\n|\n|t:|1699919776\n|switch|p1a: Kingambit|Kingambit, F|100\/100\n|-activate|p1a: Kingambit|ability: Supreme Overlord\n|-start|p1a: Kingambit|fallen3|[silent]\n|turn|9\n|\n|t:|1699919788\n|switch|p2a: Kleavor|Kleavor, F|100\/100\n|move|p1a: Kingambit|Iron Head|p2b: Lilligant\n|-damage|p2b: Lilligant|0 fnt\n|faint|p2b: Lilligant\n|move|p1b: Sinistcha|Shadow Ball|p2a: Kleavor\n|-damage|p2a: Kleavor|72\/100\n|\n|-sideend|p1: Mitsuakii|move: Light Screen\n|upkeep\n|\n|t:|1699919797\n|switch|p2b: Walking Wake|Walking Wake|100\/100\n|turn|10\n|j| ScottOBrian\n|\n|t:|1699919810\n|move|p1a: Kingambit|Swords Dance|p1a: Kingambit\n|-boost|p1a: Kingambit|atk|2\n|move|p1b: Sinistcha|Matcha Gotcha|p2a: Kleavor|[spread] p2a,p2b\n|-damage|p2a: Kleavor|52\/100\n|-damage|p2b: Walking Wake|76\/100\n|move|p2a: Kleavor|Brick Break|p1a: Kingambit\n|-supereffective|p1a: Kingambit\n|-damage|p1a: Kingambit|17\/100\n|move|p2b: Walking Wake|Flamethrower|p1b: Sinistcha\n|-supereffective|p1b: Sinistcha\n|-damage|p1b: Sinistcha|0 fnt\n|faint|p1b: Sinistcha\n|\n|-heal|p1a: Kingambit|24\/100|[from] item: Leftovers\n|-fieldend|move: Psychic Terrain\n|upkeep\n|l| ScottOBrian\n|\n|t:|1699919814\n|switch|p1b: Ursaluna|Ursaluna-Bloodmoon, M|47\/100\n|turn|11\n|\n|t:|1699919827\n|move|p1a: Kingambit|Kowtow Cleave|p2b: Walking Wake\n|-damage|p2b: Walking Wake|0 fnt\n|faint|p2b: Walking Wake\n|-end|p2b: Walking Wake|Protosynthesis|[silent]\n|move|p1b: Ursaluna|Blood Moon|p2a: Kleavor\n|-resisted|p2a: Kleavor\n|-crit|p2a: Kleavor\n|-damage|p2a: Kleavor|0 fnt\n|faint|p2a: Kleavor\n|\n|-heal|p1a: Kingambit|30\/100|[from] item: Leftovers\n|-heal|p1b: Ursaluna|53\/100|[from] item: Leftovers\n|-sideend|p2: Di master8|move: Light Screen\n|-fieldend|move: Trick Room\n|upkeep\n|c|\u2606Di master8|damn crit\n|j| It's GG mate\n|c|\u2606Di master8|gg\n|c|\u2606Mitsuakii|it doesn't matter anyways\n|\n|t:|1699919851\n|switch|p2a: Ninetales|Ninetales, F, tera:Grass|13\/100\n|-weather|SunnyDay|[from] ability: Drought|[of] p2a: Ninetales\n|turn|12\n|c|\u2606Mitsuakii|base 140\n|l| It's GG mate\n|\n|t:|1699919861\n|move|p2a: Ninetales|Protect|p2a: Ninetales\n|-singleturn|p2a: Ninetales|Protect\n|move|p1a: Kingambit|Sucker Punch||[still]\n|-fail|p1a: Kingambit\n|move|p1b: Ursaluna|Hyper Voice|p2a: Ninetales\n|-activate|p2a: Ninetales|move: Protect\n|\n|-weather|SunnyDay|[upkeep]\n|-heal|p1b: Ursaluna|59\/100|[from] item: Leftovers\n|-heal|p1a: Kingambit|36\/100|[from] item: Leftovers\n|upkeep\n|turn|13\n|c|\u2606Mitsuakii|gg\n|c|\u2606Mitsuakii|wp\n|c|\u2606Mitsuakii|almost got me there\n|inactive|Di master8 has 120 seconds left.\n|c|\u2606Mitsuakii|pls don't timer stall.\n|c|\u2606Di master8|light screen and resistant\n|c|\u2606Di master8|but gg anyway\n|\n|t:|1699919913\n|move|p1a: Kingambit|Sucker Punch|p2a: Ninetales\n|-damage|p2a: Ninetales|0 fnt\n|faint|p2a: Ninetales\n|\n|win|Mitsuakii\n|n|\u2606Mitsuakii|mitsuakii\n|n|\u2606Di master8|dimaster8\n|n|*Lady Monita \u2746|ladymonita\n|n| BB-8-NU|bb8nu\n|n| Shoot2Thrill|shoot2thrill\n|l|*Lady Monita \u2746\n|l| BB-8-NU\n|l|\u2606Di master8\n|l| Shoot2Thrill\n|l|\u2606Mitsuakii\n|j|\u2606Di master8\n|player|p2|Di master8|flannery\n","uploadtime":1699920474,"views":24,"p1id":"mitsuakii","p2id":"dimaster8","formatid":"gen9doublesou","rating":0,"private":0,"password":""}