{"id":"gen9doublesou-1980954576","p1":"jared31899","p2":"gayautisticspider","format":"[Gen 9] Doubles OU","log":"|j|\u2606jared31899\n|j|\u2606gayautisticspider\n|t:|1698851973\n|gametype|doubles\n|player|p1|jared31899|101|1207\n|player|p2|gayautisticspider|alec-anime|1247\n|teamsize|p1|6\n|teamsize|p2|6\n|gen|9\n|tier|[Gen 9] Doubles OU\n|rated|\n|rule|Species Clause: Limit one of each Pok\u00e9mon\n|rule|OHKO Clause: OHKO moves are banned\n|rule|Evasion Moves Clause: Evasion moves are banned\n|rule|Gravity Sleep Clause: The combination of sleep-inducing moves with imperfect accuracy and Gravity or Gigantamax Orbeetle are banned\n|rule|Endless Battle Clause: Forcing endless battles is banned\n|rule|HP Percentage Mod: HP is shown in percentages\n|clearpoke\n|poke|p1|Volcanion|\n|poke|p1|Regieleki|\n|poke|p1|Tornadus, M|\n|poke|p1|Amoonguss, M|\n|poke|p1|Ogerpon-Wellspring, F|\n|poke|p1|Basculegion-F, F|\n|poke|p2|Empoleon, M|\n|poke|p2|Infernape, M|\n|poke|p2|Torterra, F|\n|poke|p2|Tornadus, M|\n|poke|p2|Ogerpon-Cornerstone, F|\n|poke|p2|Kingambit, M|\n|teampreview\n|inactive|Battle timer is ON: inactive players will automatically lose when time's up. (requested by gayautisticspider)\n|c|\u2606gayautisticspider|glhf\n|inactive|jared31899 has 120 seconds left.\n|\n|t:|1698852009\n|start\n|switch|p1a: Regieleki|Regieleki, shiny|100\/100\n|switch|p1b: Tornadus|Tornadus, M|100\/100\n|switch|p2a: Here comes the sun|Tornadus, M, shiny|100\/100\n|switch|p2b: Ogerpon|Ogerpon-Cornerstone, F|100\/100\n|turn|1\n|\n|t:|1698852030\n|-terastallize|p2a: Here comes the sun|Dark\n|move|p1b: Tornadus|Tailwind|p1b: Tornadus\n|-sidestart|p1: jared31899|move: Tailwind\n|move|p2a: Here comes the sun|Taunt|p1b: Tornadus\n|-start|p1b: Tornadus|move: Taunt\n|move|p1a: Regieleki|Volt Switch|p2a: Here comes the sun\n|-damage|p2a: Here comes the sun|51\/100\n|\n|t:|1698852042\n|switch|p1a: Volcanion|Volcanion|100\/100|[from] Volt Switch\n|move|p2b: Ogerpon|Swords Dance|p2b: Ogerpon\n|-boost|p2b: Ogerpon|atk|2\n|\n|upkeep\n|turn|2\n|\n|t:|1698852067\n|switch|p1b: Amoonguss|Amoonguss, M, shiny|100\/100\n|move|p2a: Here comes the sun|Tailwind|p2a: Here comes the sun\n|-sidestart|p2: gayautisticspider|move: Tailwind\n|move|p2b: Ogerpon|Ivy Cudgel|p1a: Volcanion\n|-supereffective|p1a: Volcanion\n|-damage|p1a: Volcanion|0 fnt\n|faint|p1a: Volcanion\n|\n|upkeep\n|\n|t:|1698852083\n|switch|p1a: Regieleki|Regieleki, shiny|100\/100\n|turn|3\n|\n|t:|1698852102\n|move|p2a: Here comes the sun|Taunt|p1b: Amoonguss\n|-start|p1b: Amoonguss|move: Taunt\n|move|p1a: Regieleki|Volt Switch|p2a: Here comes the sun\n|-damage|p2a: Here comes the sun|7\/100\n|\n|t:|1698852109\n|switch|p1a: Ogerpon|Ogerpon-Wellspring, F|100\/100|[from] Volt Switch\n|move|p2b: Ogerpon|Ivy Cudgel|p1a: Ogerpon\n|-damage|p1a: Ogerpon|0 fnt\n|faint|p1a: Ogerpon\n|move|p1b: Amoonguss|Pollen Puff|p2a: Here comes the sun\n|-supereffective|p2a: Here comes the sun\n|-damage|p2a: Here comes the sun|0 fnt\n|faint|p2a: Here comes the sun\n|\n|upkeep\n|inactive|gayautisticspider has 120 seconds left.\n|\n|t:|1698852143\n|switch|p2a: Son Goku|Infernape, M, shiny|100\/100\n|switch|p1a: Regieleki|Regieleki, shiny|100\/100\n|turn|4\n|c|\u2606gayautisticspider|A\n|\n|t:|1698852161\n|move|p1a: Regieleki|Volt Switch|p2b: Ogerpon\n|-resisted|p2b: Ogerpon\n|-damage|p2b: Ogerpon|65\/100\n|\n|t:|1698852165\n|switch|p1a: Tornadus|Tornadus, M|100\/100|[from] Volt Switch\n|move|p2b: Ogerpon|Ivy Cudgel|p1a: Tornadus\n|-supereffective|p1a: Tornadus\n|-damage|p1a: Tornadus|0 fnt\n|faint|p1a: Tornadus\n|move|p2a: Son Goku|Fire Punch|p1b: Amoonguss\n|-supereffective|p1b: Amoonguss\n|-damage|p1b: Amoonguss|25\/100\n|move|p1b: Amoonguss|Pollen Puff|p2b: Ogerpon\n|-supereffective|p2b: Ogerpon\n|-damage|p2b: Ogerpon|17\/100\n|\n|-sideend|p1: jared31899|move: Tailwind\n|upkeep\n|\n|t:|1698852178\n|switch|p1a: Regieleki|Regieleki, shiny|100\/100\n|turn|5\n|c|\u2606gayautisticspider|clap clap clap\n|\n|t:|1698852193\n|move|p2b: Ogerpon|Horn Leech|p1a: Regieleki\n|-damage|p1a: Regieleki|0 fnt\n|-heal|p2b: Ogerpon|67\/100|[from] drain|[of] p1a: Regieleki\n|faint|p1a: Regieleki\n|move|p2a: Son Goku|Fire Punch|p1b: Amoonguss\n|-supereffective|p1b: Amoonguss\n|-damage|p1b: Amoonguss|0 fnt\n|faint|p1b: Amoonguss\n|\n|-sideend|p2: gayautisticspider|move: Tailwind\n|upkeep\n|\n|t:|1698852202\n|switch|p1a: Basculegion|Basculegion-F, F|100\/100\n|turn|6\n|\n|t:|1698852213\n|move|p1a: Basculegion|Last Respects|p2b: Ogerpon\n|-damage|p2b: Ogerpon|0 fnt\n|faint|p2b: Ogerpon\n|move|p2a: Son Goku|Knock Off|p1a: Basculegion\n|-supereffective|p1a: Basculegion\n|-damage|p1a: Basculegion|23\/100\n|-enditem|p1a: Basculegion|Choice Scarf|[from] move: Knock Off|[of] p2a: Son Goku\n|\n|upkeep\n|\n|t:|1698852219\n|switch|p2b: Kim Jong Pokemon|Kingambit, M, shiny|100\/100\n|-activate|p2b: Kim Jong Pokemon|ability: Supreme Overlord\n|-start|p2b: Kim Jong Pokemon|fallen2|[silent]\n|turn|7\n|\n|t:|1698852230\n|-terastallize|p1a: Basculegion|Ghost\n|move|p2b: Kim Jong Pokemon|Sucker Punch|p1a: Basculegion\n|-supereffective|p1a: Basculegion\n|-damage|p1a: Basculegion|0 fnt\n|faint|p1a: Basculegion\n|\n|win|gayautisticspider\n|raw|jared31899's rating: 1207 &rarr; <strong>1185<\/strong><br \/>(-22 for losing)\n|raw|gayautisticspider's rating: 1247 &rarr; <strong>1269<\/strong><br \/>(+22 for winning)\n|c|\u2606gayautisticspider|gg, wp\n|l|\u2606jared31899\n","uploadtime":1698852273,"views":25,"p1id":"jared31899","p2id":"gayautisticspider","formatid":"gen9doublesou","rating":1185,"private":0,"password":""}