{"id":"gen9doublesou-1976355150","p1":"wertyop","p2":"solidstate0","format":"[Gen 9] Doubles OU","log":"|j|\u2606wertyop\n|j|\u2606solidstate0\n|t:|1698290434\n|gametype|doubles\n|player|p1|wertyop|265|1089\n|player|p2|solidstate0|waiter|1000\n|teamsize|p1|6\n|teamsize|p2|6\n|gen|9\n|tier|[Gen 9] Doubles OU\n|rated|\n|rule|Species Clause: Limit one of each Pok\u00e9mon\n|rule|OHKO Clause: OHKO moves are banned\n|rule|Evasion Moves Clause: Evasion moves are banned\n|rule|Gravity Sleep Clause: The combination of sleep-inducing moves with imperfect accuracy and Gravity or Gigantamax Orbeetle are banned\n|rule|Endless Battle Clause: Forcing endless battles is banned\n|rule|HP Percentage Mod: HP is shown in percentages\n|clearpoke\n|poke|p1|Oricorio-Sensu, F|\n|poke|p1|Wyrdeer, M|\n|poke|p1|Cresselia, F|\n|poke|p1|Volcarona, M|\n|poke|p1|Muk-Alola, M|\n|poke|p1|Kommo-o, F|\n|poke|p2|Zoroark-Hisui, M|\n|poke|p2|Polteageist-Antique|\n|poke|p2|Spiritomb, F|\n|poke|p2|Toxapex, M|\n|poke|p2|Volcarona, M|\n|poke|p2|Gholdengo|\n|teampreview\n|\n|t:|1698290460\n|start\n|switch|p1a: Oricorio|Oricorio-Sensu, F|100\/100\n|switch|p1b: Wyrdeer|Wyrdeer, M|100\/100\n|switch|p2a: Polteageist|Polteageist-Antique|100\/100\n|switch|p2b: Spiritomb|Spiritomb, F|100\/100\n|-ability|p1b: Wyrdeer|Intimidate|boost\n|-unboost|p2a: Polteageist|atk|1\n|-unboost|p2b: Spiritomb|atk|1\n|turn|1\n|\n|t:|1698290479\n|move|p2b: Spiritomb|Shadow Sneak|p1a: Oricorio\n|-supereffective|p1a: Oricorio\n|-damage|p1a: Oricorio|73\/100\n|move|p1a: Oricorio|Icy Wind|p2a: Polteageist|[spread] p2a,p2b\n|-damage|p2a: Polteageist|87\/100\n|-damage|p2b: Spiritomb|91\/100\n|-unboost|p2a: Polteageist|spe|1\n|-unboost|p2b: Spiritomb|spe|1\n|move|p2a: Polteageist|Shell Smash|p2a: Polteageist\n|-unboost|p2a: Polteageist|def|1\n|-unboost|p2a: Polteageist|spd|1\n|-boost|p2a: Polteageist|atk|2\n|-boost|p2a: Polteageist|spa|2\n|-boost|p2a: Polteageist|spe|2\n|move|p1b: Wyrdeer|Skill Swap|p1a: Oricorio\n|-activate|p1b: Wyrdeer|move: Skill Swap|||[of] p1a: Oricorio\n|-ability|p1a: Oricorio|Intimidate|boost\n|-unboost|p2a: Polteageist|atk|1\n|-unboost|p2b: Spiritomb|atk|1\n|\n|-heal|p2b: Spiritomb|97\/100|[from] item: Leftovers\n|upkeep\n|turn|2\n|\n|t:|1698290506\n|move|p1b: Wyrdeer|Protect|p1b: Wyrdeer\n|-singleturn|p1b: Wyrdeer|Protect\n|move|p2b: Spiritomb|Ally Switch|p2b: Spiritomb\n|swap|p2b: Spiritomb|0|[from] move: Ally Switch\n|move|p2b: Polteageist|Shadow Ball|p1a: Oricorio\n|-supereffective|p1a: Oricorio\n|-damage|p1a: Oricorio|0 fnt\n|faint|p1a: Oricorio\n|\n|-heal|p2a: Spiritomb|100\/100|[from] item: Leftovers\n|upkeep\n|\n|t:|1698290519\n|switch|p1a: Kommo-o|Kommo-o, F|100\/100\n|turn|3\n|\n|t:|1698290538\n|move|p2a: Spiritomb|Shadow Sneak|p1b: Wyrdeer\n|-immune|p1b: Wyrdeer\n|move|p2b: Polteageist|Giga Drain|p1b: Wyrdeer\n|-damage|p1b: Wyrdeer|63\/100\n|-heal|p2b: Polteageist|100\/100|[from] drain|[of] p1b: Wyrdeer\n|move|p1a: Kommo-o|Clangorous Soul|p1a: Kommo-o\n|-boost|p1a: Kommo-o|atk|1\n|-boost|p1a: Kommo-o|def|1\n|-boost|p1a: Kommo-o|spa|1\n|-boost|p1a: Kommo-o|spd|1\n|-boost|p1a: Kommo-o|spe|1\n|-damage|p1a: Kommo-o|68\/100\n|-enditem|p1a: Kommo-o|Throat Spray\n|-boost|p1a: Kommo-o|spa|1|[from] item: Throat Spray\n|-activate|p1b: Wyrdeer|ability: Dancer\n|move|p1b: Wyrdeer|Clangorous Soul|p1b: Wyrdeer|[from]ability: Dancer\n|-boost|p1b: Wyrdeer|atk|1\n|-boost|p1b: Wyrdeer|def|1\n|-boost|p1b: Wyrdeer|spa|1\n|-boost|p1b: Wyrdeer|spd|1\n|-boost|p1b: Wyrdeer|spe|1\n|-damage|p1b: Wyrdeer|30\/100\n|move|p1b: Wyrdeer|Lunge|p2a: Spiritomb\n|-damage|p2a: Spiritomb|68\/100\n|-unboost|p2a: Spiritomb|atk|1\n|\n|-heal|p1b: Wyrdeer|37\/100|[from] item: Leftovers\n|-heal|p2a: Spiritomb|74\/100|[from] item: Leftovers\n|upkeep\n|turn|4\n|\n|t:|1698290574\n|move|p1b: Wyrdeer|Protect|p1b: Wyrdeer\n|-singleturn|p1b: Wyrdeer|Protect\n|move|p2a: Spiritomb|Ally Switch|p2a: Spiritomb\n|swap|p2a: Spiritomb|1|[from] move: Ally Switch\n|move|p1a: Kommo-o|Clanging Scales|p2a: Polteageist|[spread] p2a,p2b\n|-enditem|p2a: Polteageist|Focus Sash\n|-damage|p2a: Polteageist|1\/100\n|-damage|p2b: Spiritomb|22\/100\n|-unboost|p1a: Kommo-o|def|1\n|move|p2a: Polteageist|Stored Power|p1a: Kommo-o\n|-supereffective|p1a: Kommo-o\n|-damage|p1a: Kommo-o|0 fnt\n|faint|p1a: Kommo-o\n|\n|-heal|p1b: Wyrdeer|43\/100|[from] item: Leftovers\n|-heal|p2b: Spiritomb|28\/100|[from] item: Leftovers\n|upkeep\n|\n|t:|1698290602\n|switch|p1a: Muk|Muk-Alola, M|100\/100\n|turn|5\n|\n|t:|1698290630\n|move|p2a: Polteageist|Giga Drain|p1b: Wyrdeer\n|-damage|p1b: Wyrdeer|17\/100\n|-heal|p2a: Polteageist|21\/100|[from] drain|[of] p1b: Wyrdeer\n|move|p1b: Wyrdeer|Lunge|p2a: Polteageist\n|-resisted|p2a: Polteageist\n|-damage|p2a: Polteageist|0 fnt\n|faint|p2a: Polteageist\n|move|p1a: Muk|Knock Off|p2b: Spiritomb\n|-damage|p2b: Spiritomb|0 fnt\n|-enditem|p2b: Spiritomb|Leftovers|[from] move: Knock Off|[of] p1a: Muk\n|faint|p2b: Spiritomb\n|\n|-heal|p1b: Wyrdeer|23\/100|[from] item: Leftovers\n|upkeep\n|\n|t:|1698290648\n|switch|p2a: Gholdengo|Gholdengo|100\/100\n|switch|p2b: Gholdengo|Gholdengo|100\/100\n|turn|6\n|\n|t:|1698290678\n|move|p1b: Wyrdeer|Protect|p1b: Wyrdeer\n|-singleturn|p1b: Wyrdeer|Protect\n|move|p2b: Gholdengo|Trick|p1b: Wyrdeer\n|-activate|p1b: Wyrdeer|move: Protect\n|move|p2a: Gholdengo|U-turn|p1a: Muk\n|-crit|p1a: Muk\n|-damage|p1a: Muk|76\/100\n|\n|t:|1698290685\n|switch|p2a: Volcarona|Volcarona, M|100\/100|[from] U-turn\n|move|p1a: Muk|Knock Off|p2b: Gholdengo\n|-supereffective|p2b: Gholdengo\n|-damage|p2b: Gholdengo|1\/100\n|-enditem|p2b: Gholdengo|Choice Scarf|[from] move: Knock Off|[of] p1a: Muk\n|\n|-heal|p1b: Wyrdeer|30\/100|[from] item: Leftovers\n|upkeep\n|turn|7\n|\n|t:|1698290713\n|move|p1a: Muk|Protect|p1a: Muk\n|-singleturn|p1a: Muk|Protect\n|move|p2a: Volcarona|Quiver Dance|p2a: Volcarona\n|-boost|p2a: Volcarona|spa|1\n|-boost|p2a: Volcarona|spd|1\n|-boost|p2a: Volcarona|spe|1\n|-activate|p1b: Wyrdeer|ability: Dancer\n|move|p1b: Wyrdeer|Quiver Dance|p1b: Wyrdeer|[from]ability: Dancer\n|-boost|p1b: Wyrdeer|spa|1\n|-boost|p1b: Wyrdeer|spd|1\n|-boost|p1b: Wyrdeer|spe|1\n|move|p1b: Wyrdeer|Psyshield Bash|p2b: Gholdengo\n|-resisted|p2b: Gholdengo\n|-damage|p2b: Gholdengo|0 fnt\n|-boost|p1b: Wyrdeer|def|1\n|faint|p2b: Gholdengo\n|\n|-heal|p1b: Wyrdeer|36\/100|[from] item: Leftovers\n|upkeep\n|\n|t:|1698290731\n|switch|p2b: Toxapex|Toxapex, M|100\/100\n|turn|8\n|inactive|Battle timer is ON: inactive players will automatically lose when time's up. (requested by solidstate0)\n|\n|t:|1698290769\n|move|p2a: Volcarona|Protect|p2a: Volcarona\n|-singleturn|p2a: Volcarona|Protect\n|move|p1b: Wyrdeer|Protect|p1b: Wyrdeer\n|-singleturn|p1b: Wyrdeer|Protect\n|move|p1a: Muk|Knock Off|p2b: Toxapex\n|-damage|p2b: Toxapex|73\/100\n|-enditem|p2b: Toxapex|Covert Cloak|[from] move: Knock Off|[of] p1a: Muk\n|move|p2b: Toxapex|Toxic|p1b: Wyrdeer\n|-activate|p1b: Wyrdeer|move: Protect\n|\n|-heal|p1b: Wyrdeer|42\/100|[from] item: Leftovers\n|upkeep\n|turn|9\n|\n|t:|1698290792\n|move|p2a: Volcarona|Heat Wave|p1b: Wyrdeer|[spread] p1a\n|-miss|p2a: Volcarona|p1b: Wyrdeer\n|-damage|p1a: Muk|31\/100\n|-status|p1a: Muk|brn\n|move|p1b: Wyrdeer|Psyshield Bash|p2b: Toxapex\n|-supereffective|p2b: Toxapex\n|-damage|p2b: Toxapex|25\/100\n|-boost|p1b: Wyrdeer|def|1\n|move|p1a: Muk|Knock Off|p2a: Volcarona\n|-damage|p2a: Volcarona|63\/100\n|-enditem|p2a: Volcarona|Heavy-Duty Boots|[from] move: Knock Off|[of] p1a: Muk\n|move|p2b: Toxapex|Ice Beam|p1b: Wyrdeer\n|-damage|p1b: Wyrdeer|37\/100\n|\n|-heal|p1b: Wyrdeer|43\/100|[from] item: Leftovers\n|-damage|p1a: Muk|25\/100 brn|[from] brn\n|upkeep\n|-enditem|p1a: Muk|Aguav Berry|[eat]\n|-heal|p1a: Muk|58\/100 brn|[from] item: Aguav Berry\n|turn|10\n|inactive|solidstate0 has 120 seconds left.\n|inactive|wertyop has 120 seconds left.\n|\n|t:|1698290846\n|move|p1a: Muk|Protect|p1a: Muk\n|-singleturn|p1a: Muk|Protect\n|move|p2a: Volcarona|Giga Drain|p1a: Muk\n|-activate|p1a: Muk|move: Protect\n|move|p1b: Wyrdeer|Skill Swap|p2a: Volcarona\n|-activate|p1b: Wyrdeer|move: Skill Swap|Flame Body|Dancer|[of] p2a: Volcarona\n|move|p2b: Toxapex|Ice Beam|p1a: Muk\n|-activate|p1a: Muk|move: Protect\n|\n|-heal|p1b: Wyrdeer|49\/100|[from] item: Leftovers\n|-damage|p1a: Muk|52\/100 brn|[from] brn\n|upkeep\n|turn|11\n|inactive|solidstate0 has 120 seconds left.\n|inactive|wertyop has 120 seconds left.\n|\n|t:|1698290873\n|move|p2a: Volcarona|Giga Drain|p1a: Muk\n|-resisted|p1a: Muk\n|-damage|p1a: Muk|35\/100 brn\n|-heal|p2a: Volcarona|74\/100|[from] drain|[of] p1a: Muk\n|move|p1b: Wyrdeer|Psyshield Bash|p2b: Toxapex\n|-supereffective|p2b: Toxapex\n|-damage|p2b: Toxapex|0 fnt\n|-boost|p1b: Wyrdeer|def|1\n|faint|p2b: Toxapex\n|move|p1a: Muk|Knock Off|p2a: Volcarona\n|-damage|p2a: Volcarona|49\/100\n|\n|-heal|p1b: Wyrdeer|55\/100|[from] item: Leftovers\n|-damage|p1a: Muk|29\/100 brn|[from] brn\n|upkeep\n|\n|t:|1698290885\n|switch|p2b: Zoroark|Zoroark-Hisui, M|100\/100\n|turn|12\n|-message|solidstate0 forfeited.\n|\n|win|wertyop\n|raw|wertyop's rating: 1089 &rarr; <strong>1109<\/strong><br \/>(+20 for winning)\n|raw|solidstate0's rating: 1000 &rarr; <strong>1000<\/strong><br \/>(+0 for losing)\n|l|\u2606solidstate0\n","uploadtime":1698290903,"views":16,"p1id":"wertyop","p2id":"solidstate0","formatid":"gen9doublesou","rating":1000,"private":0,"password":""}