{"id":"gen9doublesou-1983227790","p1":"Skeliton Lord","p2":"pokemonj trianer","format":"[Gen 9] Doubles OU","log":"|j|\u2606Skeliton Lord\n|j|\u2606pokemonj trianer\n|t:|1699107797\n|gametype|doubles\n|player|p1|Skeliton Lord|102|1333\n|player|p2|pokemonj trianer|2|1263\n|teamsize|p1|6\n|teamsize|p2|6\n|gen|9\n|tier|[Gen 9] Doubles OU\n|rated|\n|rule|Species Clause: Limit one of each Pok\u00e9mon\n|rule|OHKO Clause: OHKO moves are banned\n|rule|Evasion Moves Clause: Evasion moves are banned\n|rule|Gravity Sleep Clause: The combination of sleep-inducing moves with imperfect accuracy and Gravity or Gigantamax Orbeetle are banned\n|rule|Endless Battle Clause: Forcing endless battles is banned\n|rule|HP Percentage Mod: HP is shown in percentages\n|clearpoke\n|poke|p1|Flutter Mane|\n|poke|p1|Tornadus, M|\n|poke|p1|Great Tusk|\n|poke|p1|Glimmora, F|\n|poke|p1|Gholdengo|\n|poke|p1|Sinistcha-Masterpiece|\n|poke|p2|Ogerpon-Wellspring, F|\n|poke|p2|Torkoal, F|\n|poke|p2|Heatran, F|\n|poke|p2|Typhlosion-Hisui, M|\n|poke|p2|Talonflame, M|\n|poke|p2|Lilligant-Hisui, F|\n|teampreview\n|inactive|Battle timer is ON: inactive players will automatically lose when time's up. (requested by Skeliton Lord)\n|\n|t:|1699107821\n|start\n|switch|p1a: Flutter Mane|Flutter Mane|100\/100\n|switch|p1b: Gholdengo|Gholdengo|100\/100\n|switch|p2a: Torkoal|Torkoal, F, shiny|100\/100\n|switch|p2b: Lilligant|Lilligant-Hisui, F, shiny|100\/100\n|-weather|SunnyDay|[from] ability: Drought|[of] p2a: Torkoal\n|-activate|p1a: Flutter Mane|ability: Protosynthesis\n|-start|p1a: Flutter Mane|protosynthesisspa\n|turn|1\n|\n|t:|1699107842\n|move|p2b: Lilligant|Protect|p2b: Lilligant\n|-singleturn|p2b: Lilligant|Protect\n|move|p1a: Flutter Mane|Shadow Ball|p2b: Lilligant\n|-activate|p2b: Lilligant|move: Protect\n|move|p1b: Gholdengo|Shadow Ball|p2b: Lilligant\n|-activate|p2b: Lilligant|move: Protect\n|move|p2a: Torkoal|Yawn|p1b: Gholdengo\n|-immune|p1b: Gholdengo|[from] ability: Good as Gold\n|\n|-weather|SunnyDay|[upkeep]\n|upkeep\n|turn|2\n|inactive|pokemonj trianer has 120 seconds left.\n|\n|t:|1699107875\n|switch|p2b: Talonflame|Talonflame, M|100\/100\n|move|p1a: Flutter Mane|Substitute|p1a: Flutter Mane\n|-start|p1a: Flutter Mane|Substitute\n|-damage|p1a: Flutter Mane|76\/100\n|move|p1b: Gholdengo|Shadow Ball|p2a: Torkoal\n|-damage|p2a: Torkoal|2\/100\n|move|p2a: Torkoal|Yawn||[still]\n|-fail|p2a: Torkoal\n|\n|-weather|SunnyDay|[upkeep]\n|-heal|p2a: Torkoal|8\/100|[from] item: Leftovers\n|upkeep\n|turn|3\n|inactive|pokemonj trianer has 120 seconds left.\n|\n|t:|1699107900\n|move|p2b: Talonflame|Tailwind|p2b: Talonflame\n|-sidestart|p2: pokemonj trianer|move: Tailwind\n|move|p1a: Flutter Mane|Dazzling Gleam|p2b: Talonflame|[spread] p2a,p2b\n|-resisted|p2a: Torkoal\n|-resisted|p2b: Talonflame\n|-damage|p2a: Torkoal|0 fnt\n|-damage|p2b: Talonflame|73\/100\n|faint|p2a: Torkoal\n|move|p1b: Gholdengo|Shadow Ball|p2b: Talonflame\n|-damage|p2b: Talonflame|0 fnt\n|faint|p2b: Talonflame\n|\n|-weather|SunnyDay|[upkeep]\n|upkeep\n|inactive|pokemonj trianer has 120 seconds left.\n|\n|t:|1699107921\n|switch|p2b: Typhlosion|Typhlosion-Hisui, M|100\/100\n|switch|p2a: Heatran|Heatran, F|100\/100\n|-item|p2a: Heatran|Air Balloon\n|turn|4\n|inactive|pokemonj trianer has 120 seconds left.\n|\n|t:|1699107939\n|switch|p1b: Glimmora|Glimmora, F|100\/100\n|-item|p1b: Glimmora|Air Balloon\n|-terastallize|p1a: Flutter Mane|Normal\n|move|p2b: Typhlosion|Protect|p2b: Typhlosion\n|-singleturn|p2b: Typhlosion|Protect\n|move|p1a: Flutter Mane|Shadow Ball|p2b: Typhlosion\n|-activate|p2b: Typhlosion|move: Protect\n|move|p2a: Heatran|Heat Wave|p1a: Flutter Mane|[spread] p1a,p1b\n|-end|p1a: Flutter Mane|Substitute\n|-resisted|p1b: Glimmora\n|-damage|p1b: Glimmora|80\/100\n|-enditem|p1b: Glimmora|Air Balloon\n|\n|-weather|SunnyDay|[upkeep]\n|upkeep\n|turn|5\n|inactive|pokemonj trianer has 120 seconds left.\n|\n|t:|1699107984\n|move|p2b: Typhlosion|Eruption|p1a: Flutter Mane|[spread] p1a,p1b\n|-resisted|p1b: Glimmora\n|-damage|p1a: Flutter Mane|0 fnt\n|-damage|p1b: Glimmora|37\/100\n|faint|p1a: Flutter Mane\n|-end|p1a: Flutter Mane|Protosynthesis|[silent]\n|move|p2a: Heatran|Heat Wave|p1b: Glimmora\n|-resisted|p1b: Glimmora\n|-damage|p1b: Glimmora|7\/100\n|move|p1b: Glimmora|Power Gem|p2b: Typhlosion\n|-supereffective|p2b: Typhlosion\n|-damage|p2b: Typhlosion|2\/100\n|\n|-weather|none\n|upkeep\n|\n|t:|1699107993\n|switch|p1a: Tornadus|Tornadus, M|100\/100\n|turn|6\n|inactive|pokemonj trianer has 120 seconds left.\n|\n|t:|1699108008\n|move|p1a: Tornadus|Tailwind|p1a: Tornadus\n|-sidestart|p1: Skeliton Lord|move: Tailwind\n|move|p2b: Typhlosion|Shadow Ball|p1a: Tornadus\n|-damage|p1a: Tornadus|51\/100\n|move|p1b: Glimmora|Power Gem|p2a: Heatran\n|-damage|p2a: Heatran|77\/100\n|-enditem|p2a: Heatran|Air Balloon\n|move|p2a: Heatran|Heat Wave|p1a: Tornadus|[spread] p1a,p1b\n|-resisted|p1b: Glimmora\n|-damage|p1a: Tornadus|11\/100\n|-damage|p1b: Glimmora|0 fnt\n|faint|p1b: Glimmora\n|\n|-sideend|p2: pokemonj trianer|move: Tailwind\n|upkeep\n|\n|t:|1699108023\n|switch|p1b: Great Tusk|Great Tusk|100\/100\n|turn|7\n|\n|t:|1699108048\n|switch|p2a: Lilligant|Lilligant-Hisui, F, shiny|100\/100\n|move|p1a: Tornadus|Fly||[still]\n|-prepare|p1a: Tornadus|Fly\n|-enditem|p1a: Tornadus|Power Herb\n|-anim|p1a: Tornadus|Fly|p2b: Typhlosion\n|-damage|p2b: Typhlosion|0 fnt\n|faint|p2b: Typhlosion\n|move|p1b: Great Tusk|Headlong Rush|p2a: Lilligant\n|-resisted|p2a: Lilligant\n|-damage|p2a: Lilligant|49\/100\n|-unboost|p1b: Great Tusk|def|1\n|-unboost|p1b: Great Tusk|spd|1\n|-enditem|p1b: Great Tusk|Eject Pack\n|\n|t:|1699108057\n|-end|p1b: Great Tusk|Protosynthesis|[silent]\n|switch|p1b: Gholdengo|Gholdengo|100\/100\n|\n|upkeep\n|\n|t:|1699108063\n|switch|p2b: Heatran|Heatran, F|77\/100\n|turn|8\n|\n|t:|1699108077\n|move|p1a: Tornadus|Acrobatics|p2a: Lilligant\n|-supereffective|p2a: Lilligant\n|-damage|p2a: Lilligant|0 fnt\n|faint|p2a: Lilligant\n|move|p1b: Gholdengo|Shadow Ball|p2b: Heatran\n|-crit|p2b: Heatran\n|-damage|p2b: Heatran|14\/100\n|move|p2b: Heatran|Heat Wave|p1b: Gholdengo|[spread] p1a,p1b\n|-supereffective|p1b: Gholdengo\n|-damage|p1a: Tornadus|0 fnt\n|-damage|p1b: Gholdengo|26\/100\n|faint|p1a: Tornadus\n|\n|upkeep\n|\n|t:|1699108089\n|switch|p1a: Sinistcha|Sinistcha-Masterpiece|100\/100\n|switch|p2a: Ogerpon|Ogerpon-Wellspring, F|100\/100\n|-heal|p1b: Gholdengo|50\/100|[from] ability: Hospitality|[of] p1a: Sinistcha\n|turn|9\n|\n|t:|1699108100\n|move|p2b: Heatran|Protect|p2b: Heatran\n|-singleturn|p2b: Heatran|Protect\n|move|p1b: Gholdengo|Shadow Ball|p2b: Heatran\n|-activate|p2b: Heatran|move: Protect\n|move|p1a: Sinistcha|Iron Defense|p1a: Sinistcha\n|-boost|p1a: Sinistcha|def|2\n|move|p2a: Ogerpon|Substitute|p2a: Ogerpon\n|-start|p2a: Ogerpon|Substitute\n|-damage|p2a: Ogerpon|76\/100\n|\n|-sideend|p1: Skeliton Lord|move: Tailwind\n|upkeep\n|turn|10\n|inactive|pokemonj trianer has 120 seconds left.\n|\n|t:|1699108136\n|move|p2b: Heatran|Protect||[still]\n|-fail|p2b: Heatran\n|move|p1b: Gholdengo|Shadow Ball|p2b: Heatran\n|-damage|p2b: Heatran|0 fnt\n|faint|p2b: Heatran\n|move|p2a: Ogerpon|Ivy Cudgel|p1b: Gholdengo\n|-damage|p1b: Gholdengo|0 fnt\n|faint|p1b: Gholdengo\n|move|p1a: Sinistcha|Matcha Gotcha|p2a: Ogerpon|[miss]\n|-miss|p1a: Sinistcha|p2a: Ogerpon\n|\n|upkeep\n|\n|t:|1699108140\n|switch|p1b: Great Tusk|Great Tusk|100\/100\n|turn|11\n|\n|t:|1699108152\n|-terastallize|p2a: Ogerpon|Water\n|detailschange|p2a: Ogerpon|Ogerpon-Wellspring-Tera, F, tera:Water\n|-ability|p2a: Ogerpon|Embody Aspect (Wellspring)|boost\n|-boost|p2a: Ogerpon|spd|1\n|move|p1b: Great Tusk|Ice Spinner|p2a: Ogerpon\n|-resisted|p2a: Ogerpon\n|-activate|p2a: Ogerpon|move: Substitute|[damage]\n|move|p2a: Ogerpon|Ivy Cudgel|p1b: Great Tusk\n|-supereffective|p1b: Great Tusk\n|-damage|p1b: Great Tusk|3\/100\n|move|p1a: Sinistcha|Shadow Ball|p2a: Ogerpon\n|-end|p2a: Ogerpon|Substitute\n|\n|upkeep\n|turn|12\n|\n|t:|1699108167\n|move|p2a: Ogerpon|Spiky Shield|p2a: Ogerpon\n|-singleturn|p2a: Ogerpon|move: Protect\n|move|p1b: Great Tusk|Close Combat|p2a: Ogerpon\n|-activate|p2a: Ogerpon|move: Protect\n|-damage|p1b: Great Tusk|0 fnt|[from] Spiky Shield|[of] p2a: Ogerpon\n|faint|p1b: Great Tusk\n|-end|p1b: Great Tusk|Protosynthesis|[silent]\n|move|p1a: Sinistcha|Matcha Gotcha|p2a: Ogerpon\n|-activate|p2a: Ogerpon|move: Protect\n|\n|upkeep\n|turn|13\n|\n|t:|1699108180\n|move|p2a: Ogerpon|Substitute|p2a: Ogerpon\n|-start|p2a: Ogerpon|Substitute\n|-damage|p2a: Ogerpon|51\/100\n|move|p1a: Sinistcha|Calm Mind|p1a: Sinistcha\n|-boost|p1a: Sinistcha|spa|1\n|-boost|p1a: Sinistcha|spd|1\n|\n|upkeep\n|turn|14\n|\n|t:|1699108187\n|move|p2a: Ogerpon|Synthesis|p2a: Ogerpon\n|-heal|p2a: Ogerpon|100\/100\n|move|p1a: Sinistcha|Matcha Gotcha|p2a: Ogerpon\n|-supereffective|p2a: Ogerpon\n|-end|p2a: Ogerpon|Substitute\n|\n|upkeep\n|turn|15\n|\n|t:|1699108197\n|move|p2a: Ogerpon|Ivy Cudgel|p1a: Sinistcha\n|-resisted|p1a: Sinistcha\n|-damage|p1a: Sinistcha|85\/100\n|move|p1a: Sinistcha|Matcha Gotcha|p2a: Ogerpon\n|-supereffective|p2a: Ogerpon\n|-damage|p2a: Ogerpon|32\/100\n|-heal|p1a: Sinistcha|100\/100|[from] drain|[of] p2a: Ogerpon\n|\n|upkeep\n|turn|16\n|\n|t:|1699108205\n|move|p2a: Ogerpon|Ivy Cudgel|p1a: Sinistcha\n|-resisted|p1a: Sinistcha\n|-damage|p1a: Sinistcha|85\/100\n|move|p1a: Sinistcha|Matcha Gotcha|p2a: Ogerpon\n|-supereffective|p2a: Ogerpon\n|-damage|p2a: Ogerpon|0 fnt\n|-heal|p1a: Sinistcha|99\/100|[from] drain|[of] p2a: Ogerpon\n|faint|p2a: Ogerpon\n|\n|win|Skeliton Lord\n|raw|Skeliton Lord's rating: 1333 &rarr; <strong>1349<\/strong><br \/>(+16 for winning)\n|raw|pokemonj trianer's rating: 1263 &rarr; <strong>1243<\/strong><br \/>(-20 for losing)\n","uploadtime":1699108211,"views":27,"p1id":"skelitonlord","p2id":"pokemonjtrianer","formatid":"gen9doublesou","rating":1243,"private":0,"password":""}