{"id":"gen9doublesou-1970928225","p1":"GOD MAGIKARP11","p2":"15misfires","format":"[Gen 9] Doubles OU","log":"|j|\u2606GOD MAGIKARP11\n|j|\u260615misfires\n|t:|1697681761\n|gametype|doubles\n|player|p1|GOD MAGIKARP11|169|1291\n|player|p2|15misfires|169|1256\n|teamsize|p1|6\n|teamsize|p2|6\n|gen|9\n|tier|[Gen 9] Doubles OU\n|rated|\n|rule|Species Clause: Limit one of each Pok\u00e9mon\n|rule|OHKO Clause: OHKO moves are banned\n|rule|Evasion Moves Clause: Evasion moves are banned\n|rule|Gravity Sleep Clause: The combination of sleep-inducing moves with imperfect accuracy and Gravity or Gigantamax Orbeetle are banned\n|rule|Endless Battle Clause: Forcing endless battles is banned\n|rule|HP Percentage Mod: HP is shown in percentages\n|clearpoke\n|poke|p1|Azelf|\n|poke|p1|Flutter Mane|\n|poke|p1|Bronzong|\n|poke|p1|Garganacl, M|\n|poke|p1|Arcanine, M|\n|poke|p1|Samurott-Hisui, F|\n|poke|p2|Goodra, M|\n|poke|p2|Ribombee, M|\n|poke|p2|Breloom, M|\n|poke|p2|Thundurus-Therian, M|\n|poke|p2|Sneasler, F|\n|poke|p2|Sinistcha|\n|teampreview\n|\n|t:|1697681778\n|start\n|switch|p1a: Flutter Mane|Flutter Mane|100\/100\n|switch|p1b: Azelf|Azelf|100\/100\n|switch|p2a: Breloom|Breloom, M|100\/100\n|switch|p2b: Ribombee|Ribombee, M|100\/100\n|turn|1\n|\n|t:|1697681791\n|move|p1a: Flutter Mane|Dazzling Gleam|p2b: Ribombee|[spread] p2a,p2b\n|-supereffective|p2a: Breloom\n|-enditem|p2a: Breloom|Focus Sash\n|-damage|p2a: Breloom|1\/100\n|-damage|p2b: Ribombee|43\/100\n|move|p2b: Ribombee|Sticky Web|p1b: Azelf\n|-sidestart|p1: GOD MAGIKARP11|move: Sticky Web\n|move|p1b: Azelf|Explosion|p2a: Breloom|[spread] p2a,p2b\n|-immune|p1a: Flutter Mane\n|-enditem|p1b: Azelf|Normal Gem|[from] gem\n|-damage|p2a: Breloom|0 fnt\n|-damage|p2b: Ribombee|0 fnt\n|faint|p1b: Azelf\n|faint|p2a: Breloom\n|faint|p2b: Ribombee\n|\n|upkeep\n|inactive|Battle timer is ON: inactive players will automatically lose when time's up. (requested by GOD MAGIKARP11)\n|\n|t:|1697681818\n|switch|p2b: Sinistcha|Sinistcha|100\/100\n|switch|p1b: Bronzong|Bronzong|100\/100\n|switch|p2a: Goodra|Goodra, M|100\/100\n|turn|2\n|\n|t:|1697681840\n|-terastallize|p2a: Goodra|Steel\n|move|p1a: Flutter Mane|Dazzling Gleam|p2a: Goodra|[spread] p2a,p2b\n|-resisted|p2a: Goodra\n|-damage|p2a: Goodra|93\/100\n|-damage|p2b: Sinistcha|61\/100\n|move|p2a: Goodra|Toxic|p1a: Flutter Mane\n|-status|p1a: Flutter Mane|tox\n|move|p2b: Sinistcha|Matcha Gotcha|p1b: Bronzong|[spread] p1a,p1b\n|-resisted|p1b: Bronzong\n|-damage|p1a: Flutter Mane|74\/100 tox\n|-heal|p2b: Sinistcha|71\/100|[from] drain|[of] p1a: Flutter Mane\n|-damage|p1b: Bronzong|93\/100\n|-heal|p2b: Sinistcha|75\/100|[from] drain|[of] p1b: Bronzong\n|move|p1b: Bronzong|Light Screen|p1b: Bronzong\n|-sidestart|p1: GOD MAGIKARP11|move: Light Screen\n|\n|-heal|p2a: Goodra|99\/100|[from] item: Leftovers\n|-heal|p2b: Sinistcha|81\/100|[from] item: Leftovers\n|-damage|p1a: Flutter Mane|68\/100 tox|[from] psn\n|upkeep\n|turn|3\n|\n|t:|1697681864\n|move|p1a: Flutter Mane|Shadow Ball|p2b: Sinistcha\n|-supereffective|p2b: Sinistcha\n|-damage|p2b: Sinistcha|0 fnt\n|faint|p2b: Sinistcha\n|move|p2a: Goodra|Knock Off|p1a: Flutter Mane\n|-damage|p1a: Flutter Mane|22\/100 tox\n|-enditem|p1a: Flutter Mane|Focus Sash|[from] move: Knock Off|[of] p2a: Goodra\n|move|p1b: Bronzong|Gyro Ball|p2a: Goodra\n|-resisted|p2a: Goodra\n|-damage|p2a: Goodra|85\/100\n|-ability|p2a: Goodra|Gooey\n|-unboost|p1b: Bronzong|spe|1\n|\n|-heal|p2a: Goodra|91\/100|[from] item: Leftovers\n|-damage|p1a: Flutter Mane|10\/100 tox|[from] psn\n|upkeep\n|inactive|15misfires has 120 seconds left.\n|\n|t:|1697681885\n|switch|p2b: Thundurus|Thundurus-Therian, M|100\/100\n|turn|4\n|\n|t:|1697681897\n|move|p1a: Flutter Mane|Shadow Ball|p2b: Thundurus\n|-damage|p2b: Thundurus|43\/100\n|move|p2b: Thundurus|Taunt|p1b: Bronzong\n|-start|p1b: Bronzong|move: Taunt\n|move|p2a: Goodra|Life Dew|p2a: Goodra|[spread] p2a,p2b\n|-heal|p2a: Goodra|100\/100\n|-heal|p2b: Thundurus|68\/100\n|move|p1b: Bronzong|Gyro Ball|p2b: Thundurus\n|-resisted|p2b: Thundurus\n|-damage|p2b: Thundurus|30\/100\n|\n|-damage|p1a: Flutter Mane|0 fnt|[from] psn\n|faint|p1a: Flutter Mane\n|-end|p1a: Flutter Mane|Protosynthesis|[silent]\n|upkeep\n|\n|t:|1697681911\n|switch|p1a: Garganacl|Garganacl, M|100\/100\n|-activate|p1a: Garganacl|move: Sticky Web\n|-unboost|p1a: Garganacl|spe|1\n|turn|5\n|\n|t:|1697681935\n|switch|p2a: Sneasler|Sneasler, F|100\/100\n|-terastallize|p1a: Garganacl|Ghost\n|move|p2b: Thundurus|Thunderbolt|p1a: Garganacl\n|-crit|p1a: Garganacl\n|-damage|p1a: Garganacl|32\/100\n|-damage|p2b: Thundurus|20\/100|[from] item: Life Orb\n|move|p1a: Garganacl|Salt Cure|p2a: Sneasler\n|-resisted|p2a: Sneasler\n|-damage|p2a: Sneasler|89\/100\n|-start|p2a: Sneasler|Salt Cure\n|move|p1b: Bronzong|Gyro Ball|p2b: Thundurus\n|-resisted|p2b: Thundurus\n|-damage|p2b: Thundurus|0 fnt\n|faint|p2b: Thundurus\n|\n|-damage|p2a: Sneasler|77\/100|[from] Salt Cure\n|upkeep\n|\n|t:|1697681950\n|switch|p2b: Goodra|Goodra, M, tera:Steel|100\/100\n|turn|6\n|\n|t:|1697681964\n|move|p2a: Sneasler|Rock Slide|p1a: Garganacl|[spread] p1a,p1b\n|-resisted|p1b: Bronzong\n|-damage|p1a: Garganacl|19\/100\n|-damage|p1b: Bronzong|85\/100\n|move|p2b: Goodra|Knock Off|p1a: Garganacl\n|-supereffective|p1a: Garganacl\n|-damage|p1a: Garganacl|0 fnt\n|-enditem|p1a: Garganacl|Covert Cloak|[from] move: Knock Off|[of] p2b: Goodra\n|faint|p1a: Garganacl\n|move|p1b: Bronzong|Gyro Ball|p2a: Sneasler\n|-damage|p2a: Sneasler|1\/100\n|\n|-damage|p2a: Sneasler|0 fnt|[from] Salt Cure\n|faint|p2a: Sneasler\n|-end|p1b: Bronzong|move: Taunt\n|-sideend|p1: GOD MAGIKARP11|move: Light Screen\n|upkeep\n|\n|t:|1697681981\n|switch|p1a: Arcanine|Arcanine, M|100\/100\n|-activate|p1a: Arcanine|move: Sticky Web\n|-unboost|p1a: Arcanine|spe|1\n|-ability|p1a: Arcanine|Intimidate|boost\n|-unboost|p2b: Goodra|atk|1\n|turn|7\n|\n|t:|1697681997\n|move|p1a: Arcanine|Protect|p1a: Arcanine\n|-singleturn|p1a: Arcanine|Protect\n|move|p2b: Goodra|Bulldoze|p1b: Bronzong|[spread] \n|-activate|p1a: Arcanine|move: Protect\n|-immune|p1b: Bronzong|[from] ability: Levitate\n|move|p1b: Bronzong|Gyro Ball|p2b: Goodra\n|-resisted|p2b: Goodra\n|-damage|p2b: Goodra|79\/100\n|-ability|p2b: Goodra|Gooey\n|-unboost|p1b: Bronzong|spe|1\n|\n|-heal|p2b: Goodra|85\/100|[from] item: Leftovers\n|upkeep\n|turn|8\n|\n|t:|1697682014\n|move|p2b: Goodra|Toxic|p1a: Arcanine|[miss]\n|-miss|p2b: Goodra|p1a: Arcanine\n|move|p1a: Arcanine|Will-O-Wisp|p2b: Goodra\n|-status|p2b: Goodra|brn\n|move|p1b: Bronzong|Gyro Ball|p2b: Goodra\n|-resisted|p2b: Goodra\n|-damage|p2b: Goodra|56\/100 brn\n|-ability|p2b: Goodra|Gooey\n|-unboost|p1b: Bronzong|spe|1\n|\n|-heal|p2b: Goodra|62\/100 brn|[from] item: Leftovers\n|-damage|p2b: Goodra|56\/100 brn|[from] brn\n|upkeep\n|turn|9\n|\n|t:|1697682029\n|switch|p1a: Samurott|Samurott-Hisui, F, shiny|100\/100\n|-activate|p1a: Samurott|move: Sticky Web\n|-unboost|p1a: Samurott|spe|1\n|move|p2b: Goodra|Toxic|p1a: Samurott\n|-status|p1a: Samurott|tox\n|move|p1b: Bronzong|Gyro Ball|p2b: Goodra\n|-resisted|p2b: Goodra\n|-damage|p2b: Goodra|29\/100 brn\n|-ability|p2b: Goodra|Gooey\n|-unboost|p1b: Bronzong|spe|1\n|\n|-heal|p2b: Goodra|35\/100 brn|[from] item: Leftovers\n|-damage|p1a: Samurott|94\/100 tox|[from] psn\n|-damage|p2b: Goodra|29\/100 brn|[from] brn\n|upkeep\n|turn|10\n|\n|t:|1697682043\n|move|p2b: Goodra|Life Dew|p2b: Goodra\n|-heal|p2b: Goodra|54\/100 brn\n|move|p1a: Samurott|Ceaseless Edge|p2b: Goodra\n|-damage|p2b: Goodra|5\/100 brn\n|-ability|p2b: Goodra|Gooey\n|-unboost|p1a: Samurott|spe|1\n|-sidestart|p2: 15misfires|Spikes\n|move|p1b: Bronzong|Gyro Ball|p2b: Goodra\n|-resisted|p2b: Goodra\n|-damage|p2b: Goodra|0 fnt\n|-ability|p2b: Goodra|Gooey\n|-unboost|p1b: Bronzong|spe|1\n|faint|p2b: Goodra\n|\n|win|GOD MAGIKARP11\n|raw|GOD MAGIKARP11's rating: 1291 &rarr; <strong>1313<\/strong><br \/>(+22 for winning)\n|raw|15misfires's rating: 1256 &rarr; <strong>1234<\/strong><br \/>(-22 for losing)\n|l|\u260615misfires\n","uploadtime":1697682058,"views":15,"p1id":"godmagikarp11","p2id":"15misfires","formatid":"gen9doublesou","rating":1234,"private":0,"password":""}