{"id":"gen9doublesou-1969895542","p1":"sessomaru21","p2":"Daskhiel02","format":"[Gen 9] Doubles OU","log":"|j|\u2606sessomaru21\n|j|\u2606Daskhiel02\n|t:|1697573951\n|gametype|doubles\n|player|p1|sessomaru21|n|1253\n|player|p2|Daskhiel02|102|1403\n|teamsize|p1|6\n|teamsize|p2|6\n|gen|9\n|tier|[Gen 9] Doubles OU\n|rated|\n|rule|Species Clause: Limit one of each Pok\u00e9mon\n|rule|OHKO Clause: OHKO moves are banned\n|rule|Evasion Moves Clause: Evasion moves are banned\n|rule|Gravity Sleep Clause: The combination of sleep-inducing moves with imperfect accuracy and Gravity or Gigantamax Orbeetle are banned\n|rule|Endless Battle Clause: Forcing endless battles is banned\n|rule|HP Percentage Mod: HP is shown in percentages\n|clearpoke\n|poke|p1|Mienshao, F|\n|poke|p1|Ogerpon-Cornerstone, F|\n|poke|p1|Tyranitar, M|\n|poke|p1|Noivern, M|\n|poke|p1|Wo-Chien|\n|poke|p1|Fezandipiti, M|\n|poke|p2|Lycanroc-Midnight, F|\n|poke|p2|Indeedee-F, F|\n|poke|p2|Ribombee, F|\n|poke|p2|Sinistcha|\n|poke|p2|Kommo-o, M|\n|poke|p2|Arcanine-Hisui, M|\n|teampreview\n|\n|t:|1697573970\n|start\n|switch|p1a: Noivern|Noivern, M|100\/100\n|switch|p1b: Wo-Chien|Wo-Chien|100\/100\n|switch|p2a: Ribombee|Ribombee, F|100\/100\n|switch|p2b: Arcanine|Arcanine-Hisui, M|100\/100\n|-item|p2a: Ribombee|Focus Sash|[from] ability: Frisk|[of] p1a: Noivern|[identify]\n|-item|p2b: Arcanine|Life Orb|[from] ability: Frisk|[of] p1a: Noivern|[identify]\n|-ability|p2b: Arcanine|Intimidate|boost\n|-unboost|p1a: Noivern|atk|1\n|-unboost|p1b: Wo-Chien|atk|1\n|-ability|p1b: Wo-Chien|Tablets of Ruin\n|turn|1\n|\n|t:|1697573990\n|switch|p1a: Fezandipiti|Fezandipiti, M|100\/100\n|move|p1b: Wo-Chien|Protect|p1b: Wo-Chien\n|-singleturn|p1b: Wo-Chien|Protect\n|move|p2a: Ribombee|Sticky Web|p1a: Fezandipiti\n|-sidestart|p1: sessomaru21|move: Sticky Web\n|move|p2b: Arcanine|Head Smash|p1a: Fezandipiti\n|-damage|p1a: Fezandipiti|27\/100\n|-damage|p2b: Arcanine|60\/100|[from] Recoil\n|-damage|p2b: Arcanine|50\/100|[from] item: Life Orb\n|\n|-heal|p1a: Fezandipiti|33\/100|[from] item: Black Sludge\n|upkeep\n|turn|2\n|\n|t:|1697574019\n|move|p2a: Ribombee|Pollen Puff|p1b: Wo-Chien\n|-supereffective|p1b: Wo-Chien\n|-damage|p1b: Wo-Chien|0 fnt\n|faint|p1b: Wo-Chien\n|move|p2b: Arcanine|Flare Blitz|p1a: Fezandipiti\n|-damage|p1a: Fezandipiti|0 fnt\n|faint|p1a: Fezandipiti\n|-damage|p2b: Arcanine|39\/100|[from] Recoil\n|-damage|p2b: Arcanine|29\/100|[from] item: Life Orb\n|\n|upkeep\n|\n|t:|1697574032\n|switch|p1a: Tyranitar|Tyranitar, M|100\/100\n|switch|p1b: Ogerpon|Ogerpon-Cornerstone, F|100\/100\n|-activate|p1b: Ogerpon|move: Sticky Web\n|-unboost|p1b: Ogerpon|spe|1\n|-activate|p1a: Tyranitar|move: Sticky Web\n|-unboost|p1a: Tyranitar|spe|1\n|-weather|Sandstorm|[from] ability: Sand Stream|[of] p1a: Tyranitar\n|turn|3\n|\n|t:|1697574062\n|switch|p2b: Lycanroc|Lycanroc-Midnight, F|100\/100\n|move|p2a: Ribombee|Energy Ball|p1b: Ogerpon\n|-damage|p1b: Ogerpon|83\/100\n|-unboost|p1b: Ogerpon|spd|1\n|move|p1b: Ogerpon|Ivy Cudgel|p2a: Ribombee\n|-supereffective|p2a: Ribombee\n|-enditem|p2a: Ribombee|Focus Sash\n|-damage|p2a: Ribombee|1\/100\n|move|p1a: Tyranitar|Rock Slide|p2a: Ribombee|[spread] p2a,p2b\n|-supereffective|p2a: Ribombee\n|-crit|p2a: Ribombee\n|-damage|p2a: Ribombee|0 fnt\n|-damage|p2b: Lycanroc|64\/100\n|faint|p2a: Ribombee\n|\n|-weather|Sandstorm|[upkeep]\n|upkeep\n|\n|t:|1697574072\n|switch|p2a: Kommo-o|Kommo-o, M|100\/100\n|turn|4\n|\n|t:|1697574090\n|switch|p1a: Noivern|Noivern, M|100\/100\n|-item|p2a: Kommo-o|Throat Spray|[from] ability: Frisk|[of] p1a: Noivern|[identify]\n|-item|p2b: Lycanroc|Choice Band|[from] ability: Frisk|[of] p1a: Noivern|[identify]\n|move|p1b: Ogerpon|Spiky Shield|p1b: Ogerpon\n|-singleturn|p1b: Ogerpon|move: Protect\n|move|p2b: Lycanroc|Close Combat|p1b: Ogerpon\n|-activate|p1b: Ogerpon|move: Protect\n|-damage|p2b: Lycanroc|51\/100|[from] Spiky Shield|[of] p1b: Ogerpon\n|move|p2a: Kommo-o|Clangorous Soul|p2a: Kommo-o\n|-boost|p2a: Kommo-o|atk|1\n|-boost|p2a: Kommo-o|def|1\n|-boost|p2a: Kommo-o|spa|1\n|-boost|p2a: Kommo-o|spd|1\n|-boost|p2a: Kommo-o|spe|1\n|-damage|p2a: Kommo-o|68\/100\n|-enditem|p2a: Kommo-o|Throat Spray\n|-boost|p2a: Kommo-o|spa|1|[from] item: Throat Spray\n|\n|-weather|Sandstorm|[upkeep]\n|-damage|p2a: Kommo-o|62\/100|[from] Sandstorm\n|-damage|p1a: Noivern|94\/100|[from] Sandstorm\n|upkeep\n|turn|5\n|\n|t:|1697574130\n|switch|p2b: Sinistcha|Sinistcha|100\/100\n|-heal|p2a: Kommo-o|87\/100|[from] ability: Hospitality|[of] p2b: Sinistcha\n|switch|p1b: Mienshao|Mienshao, F|100\/100\n|-activate|p1b: Mienshao|move: Sticky Web\n|-unboost|p1b: Mienshao|spe|1\n|-terastallize|p2a: Kommo-o|Steel\n|move|p2a: Kommo-o|Flash Cannon|p1b: Mienshao\n|-damage|p1b: Mienshao|0 fnt\n|faint|p1b: Mienshao\n|move|p1a: Noivern|Tailwind|p1a: Noivern\n|-sidestart|p1: sessomaru21|move: Tailwind\n|\n|-weather|Sandstorm|[upkeep]\n|-damage|p1a: Noivern|88\/100|[from] Sandstorm\n|-damage|p2b: Sinistcha|94\/100|[from] Sandstorm\n|upkeep\n|\n|t:|1697574149\n|switch|p1b: Ogerpon|Ogerpon-Cornerstone, F|83\/100\n|-activate|p1b: Ogerpon|move: Sticky Web\n|-unboost|p1b: Ogerpon|spe|1\n|turn|6\n|\n|t:|1697574162\n|switch|p2b: Arcanine|Arcanine-Hisui, M|29\/100\n|-ability|p2b: Arcanine|Intimidate|boost\n|-unboost|p1a: Noivern|atk|1\n|-unboost|p1b: Ogerpon|atk|1\n|-terastallize|p1a: Noivern|Fire\n|move|p1a: Noivern|Heat Wave|p2b: Arcanine|[spread] p2a,p2b\n|-supereffective|p2a: Kommo-o\n|-resisted|p2b: Arcanine\n|-damage|p2a: Kommo-o|43\/100\n|-damage|p2b: Arcanine|23\/100\n|move|p2a: Kommo-o|Clanging Scales|p1b: Ogerpon|[spread] p1a,p1b\n|-damage|p1a: Noivern|6\/100\n|-damage|p1b: Ogerpon|32\/100\n|-unboost|p2a: Kommo-o|def|1\n|move|p1b: Ogerpon|Horn Leech|p2a: Kommo-o\n|-resisted|p2a: Kommo-o\n|-damage|p2a: Kommo-o|31\/100\n|-heal|p1b: Ogerpon|38\/100|[from] drain|[of] p2a: Kommo-o\n|\n|-weather|Sandstorm|[upkeep]\n|-damage|p1a: Noivern|0 fnt|[from] Sandstorm\n|faint|p1a: Noivern\n|upkeep\n|\n|t:|1697574179\n|switch|p1a: Tyranitar|Tyranitar, M|100\/100\n|-activate|p1a: Tyranitar|move: Sticky Web\n|-unboost|p1a: Tyranitar|spe|1\n|turn|7\n|\n|t:|1697574190\n|move|p1b: Ogerpon|Spiky Shield|p1b: Ogerpon\n|-singleturn|p1b: Ogerpon|move: Protect\n|move|p2a: Kommo-o|Aura Sphere|p1a: Tyranitar\n|-supereffective|p1a: Tyranitar\n|-damage|p1a: Tyranitar|14\/100\n|move|p2b: Arcanine|Head Smash|p1b: Ogerpon\n|-activate|p1b: Ogerpon|move: Protect\n|-damage|p2b: Arcanine|11\/100|[from] Spiky Shield|[of] p1b: Ogerpon\n|move|p1a: Tyranitar|Rock Slide|p2b: Arcanine|[spread] p2a,p2b\n|-resisted|p2a: Kommo-o\n|-supereffective|p2b: Arcanine\n|-damage|p2a: Kommo-o|20\/100\n|-damage|p2b: Arcanine|0 fnt\n|faint|p2b: Arcanine\n|\n|-weather|none\n|upkeep\n|\n|t:|1697574200\n|switch|p2b: Sinistcha|Sinistcha|94\/100\n|-heal|p2a: Kommo-o|45\/100|[from] ability: Hospitality|[of] p2b: Sinistcha\n|turn|8\n|\n|t:|1697574211\n|move|p2a: Kommo-o|Clanging Scales|p1b: Ogerpon|[spread] p1a,p1b\n|-damage|p1a: Tyranitar|0 fnt\n|-damage|p1b: Ogerpon|0 fnt\n|faint|p1a: Tyranitar\n|faint|p1b: Ogerpon\n|\n|win|Daskhiel02\n|raw|sessomaru21's rating: 1253 &rarr; <strong>1238<\/strong><br \/>(-15 for losing)\n|raw|Daskhiel02's rating: 1403 &rarr; <strong>1415<\/strong><br \/>(+12 for winning)\n|c|\u2606Daskhiel02|Well played!\n|c|\u2606sessomaru21|GG\n","uploadtime":1697574228,"views":9,"p1id":"sessomaru21","p2id":"daskhiel02","formatid":"gen9doublesou","rating":1238,"private":0,"password":""}