{"id":"gen9doublesou-1994430039","p1":"Niter2003","p2":"niter kawaii","format":"[Gen 9] Doubles OU","log":"|j|\u2606Niter2003\n|j|\u203dniter kawaii\n|t:|1700443031\n|gametype|doubles\n|player|p1|Niter2003|cynthia-gen4|\n|player|p2|niter kawaii|266|\n|teamsize|p1|6\n|teamsize|p2|6\n|gen|9\n|tier|[Gen 9] Doubles OU\n|rule|Species Clause: Limit one of each Pok\u00e9mon\n|rule|OHKO Clause: OHKO moves are banned\n|rule|Evasion Moves Clause: Evasion moves are banned\n|rule|Gravity Sleep Clause: The combination of sleep-inducing moves with imperfect accuracy and Gravity or Gigantamax Orbeetle are banned\n|rule|Endless Battle Clause: Forcing endless battles is banned\n|rule|HP Percentage Mod: HP is shown in percentages\n|clearpoke\n|poke|p1|Rillaboom, F|\n|poke|p1|Gholdengo|\n|poke|p1|Palafin, M|\n|poke|p1|Pelipper, M|\n|poke|p1|Landorus, M|\n|poke|p1|Iron Hands|\n|poke|p2|Moltres-Galar|\n|poke|p2|Chien-Pao|\n|poke|p2|Amoonguss, M|\n|poke|p2|Heatran, F|\n|poke|p2|Torkoal, M|\n|poke|p2|Palafin, M|\n|teampreview\n|\n|t:|1700443048\n|start\n|switch|p1a: Rillaboom|Rillaboom, F|100\/100\n|switch|p1b: Palafin|Palafin, M|100\/100\n|switch|p2a: Amoonguss|Amoonguss, M, shiny|100\/100\n|switch|p2b: Palafin|Palafin, M, shiny|100\/100\n|-fieldstart|move: Grassy Terrain|[from] ability: Grassy Surge|[of] p1a: Rillaboom\n|turn|1\n|\n|t:|1700443066\n|move|p1a: Rillaboom|Fake Out|p2b: Palafin\n|-crit|p2b: Palafin\n|-damage|p2b: Palafin|77\/100\n|cant|p2b: Palafin|flinch\n|move|p1b: Palafin|Flip Turn|p2a: Amoonguss\n|-resisted|p2a: Amoonguss\n|-damage|p2a: Amoonguss|82\/100\n|\n|t:|1700443086\n|detailschange|p1b: Palafin|Palafin-Hero, M\n|switch|p1b: Pelipper|Pelipper, M|100\/100|[from] Flip Turn\n|-weather|RainDance|[from] ability: Drizzle|[of] p1b: Pelipper\n|move|p2a: Amoonguss|Spore|p1b: Pelipper\n|-status|p1b: Pelipper|slp|[from] move: Spore\n|\n|-weather|RainDance|[upkeep]\n|-heal|p2b: Palafin|83\/100|[from] Grassy Terrain\n|-heal|p2a: Amoonguss|88\/100|[from] Grassy Terrain\n|-heal|p2a: Amoonguss|95\/100|[from] item: Black Sludge\n|upkeep\n|turn|2\n|\n|t:|1700443103\n|cant|p1b: Pelipper|slp\n|move|p2b: Palafin|Flip Turn|p1a: Rillaboom\n|-resisted|p1a: Rillaboom\n|-damage|p1a: Rillaboom|77\/100\n|\n|t:|1700443116\n|detailschange|p2b: Palafin|Palafin-Hero, M, shiny\n|switch|p2b: Torkoal|Torkoal, M|100\/100|[from] Flip Turn\n|-weather|SunnyDay|[from] ability: Drought|[of] p2b: Torkoal\n|move|p1a: Rillaboom|Wood Hammer|p2b: Torkoal\n|-resisted|p2b: Torkoal\n|-damage|p2b: Torkoal|73\/100\n|-damage|p1a: Rillaboom|69\/100|[from] Recoil\n|move|p2a: Amoonguss|Pollen Puff|p1a: Rillaboom\n|-supereffective|p1a: Rillaboom\n|-damage|p1a: Rillaboom|38\/100\n|-enditem|p1a: Rillaboom|Sitrus Berry|[eat]\n|-heal|p1a: Rillaboom|63\/100|[from] item: Sitrus Berry\n|\n|-weather|SunnyDay|[upkeep]\n|-heal|p1a: Rillaboom|69\/100|[from] Grassy Terrain\n|-heal|p2a: Amoonguss|100\/100|[from] Grassy Terrain\n|-heal|p2b: Torkoal|80\/100|[from] Grassy Terrain\n|upkeep\n|turn|3\n|\n|t:|1700443140\n|switch|p1b: Palafin|Palafin-Hero, M|100\/100\n|-activate|p1b: Palafin|ability: Zero to Hero\n|move|p1a: Rillaboom|U-turn|p2b: Torkoal\n|-resisted|p2b: Torkoal\n|-damage|p2b: Torkoal|72\/100\n|\n|t:|1700443146\n|switch|p1a: Pelipper|Pelipper, M|100\/100 slp|[from] U-turn\n|-weather|RainDance|[from] ability: Drizzle|[of] p1a: Pelipper\n|move|p2a: Amoonguss|Pollen Puff|p1a: Pelipper\n|-resisted|p1a: Pelipper\n|-damage|p1a: Pelipper|93\/100 slp\n|-enditem|p1a: Pelipper|Eject Button\n|\n|t:|1700443155\n|switch|p1a: Landorus|Landorus, M|100\/100\n|move|p2b: Torkoal|Eruption|p1a: Landorus|[spread] p1a,p1b\n|-resisted|p1b: Palafin\n|-damage|p1a: Landorus|80\/100\n|-damage|p1b: Palafin|92\/100\n|\n|-weather|RainDance|[upkeep]\n|-heal|p1b: Palafin|99\/100|[from] Grassy Terrain\n|-heal|p2b: Torkoal|78\/100|[from] Grassy Terrain\n|upkeep\n|turn|4\n|\n|t:|1700443180\n|move|p2b: Torkoal|Protect|p2b: Torkoal\n|-singleturn|p2b: Torkoal|Protect\n|move|p1a: Landorus|Sandsear Storm|p2a: Amoonguss|[spread] p2a\n|-activate|p2b: Torkoal|move: Protect\n|-damage|p2a: Amoonguss|67\/100\n|move|p1b: Palafin|Wave Crash|p2a: Amoonguss\n|-resisted|p2a: Amoonguss\n|-damage|p2a: Amoonguss|0 fnt\n|faint|p2a: Amoonguss\n|-damage|p1b: Palafin|75\/100|[from] Recoil\n|\n|-weather|RainDance|[upkeep]\n|-heal|p1b: Palafin|81\/100|[from] Grassy Terrain\n|-heal|p2b: Torkoal|84\/100|[from] Grassy Terrain\n|upkeep\n|\n|t:|1700443195\n|switch|p2a: Palafin|Palafin-Hero, M, shiny|83\/100\n|-activate|p2a: Palafin|ability: Zero to Hero\n|turn|5\n|\n|t:|1700443222\n|switch|p1a: Manolo|Iron Hands|100\/100\n|switch|p2b: Chien-Pao|Chien-Pao|100\/100\n|-ability|p2b: Chien-Pao|Sword of Ruin\n|-terastallize|p2a: Palafin|Water\n|move|p2a: Palafin|Jet Punch|p1a: Manolo\n|-damage|p1a: Manolo|2\/100\n|move|p1b: Palafin|Wave Crash|p2a: Palafin\n|-resisted|p2a: Palafin\n|-damage|p2a: Palafin|0 fnt\n|faint|p2a: Palafin\n|-damage|p1b: Palafin|58\/100|[from] Recoil\n|\n|-weather|RainDance|[upkeep]\n|-heal|p1b: Palafin|64\/100|[from] Grassy Terrain\n|-heal|p1a: Manolo|8\/100|[from] Grassy Terrain\n|-fieldend|move: Grassy Terrain\n|upkeep\n|\n|t:|1700443246\n|switch|p2a: Torkoal|Torkoal, M|84\/100\n|-weather|SunnyDay|[from] ability: Drought|[of] p2a: Torkoal\n|turn|6\n|\n|t:|1700443272\n|move|p2a: Torkoal|Protect|p2a: Torkoal\n|-singleturn|p2a: Torkoal|Protect\n|move|p1a: Manolo|Fake Out|p2b: Chien-Pao\n|-damage|p2b: Chien-Pao|80\/100\n|cant|p2b: Chien-Pao|flinch\n|move|p1b: Palafin|Wave Crash|p2a: Torkoal\n|-activate|p2a: Torkoal|move: Protect\n|\n|-weather|SunnyDay|[upkeep]\n|upkeep\n|turn|7\n|\n|t:|1700443296\n|-end|p1a: Manolo|Quark Drive|[silent]\n|switch|p1a: Pelipper|Pelipper, M|93\/100 slp\n|-weather|RainDance|[from] ability: Drizzle|[of] p1a: Pelipper\n|switch|p2a: Heatran|Heatran, F, shiny|100\/100\n|move|p2b: Chien-Pao|Ice Spinner|p1a: Pelipper\n|-damage|p1a: Pelipper|36\/100 slp\n|move|p1b: Palafin|Wave Crash|p2a: Heatran\n|-supereffective|p2a: Heatran\n|-damage|p2a: Heatran|0 fnt\n|faint|p2a: Heatran\n|-damage|p1b: Palafin|33\/100|[from] Recoil\n|\n|-weather|RainDance|[upkeep]\n|upkeep\n|\n|t:|1700443310\n|switch|p2a: Torkoal|Torkoal, M|84\/100\n|-weather|SunnyDay|[from] ability: Drought|[of] p2a: Torkoal\n|turn|8\n|\n|t:|1700443324\n|switch|p1a: Manolo|Iron Hands|8\/100\n|move|p2a: Torkoal|Protect|p2a: Torkoal\n|-singleturn|p2a: Torkoal|Protect\n|move|p2b: Chien-Pao|Crunch|p1b: Palafin\n|-damage|p1b: Palafin|0 fnt\n|faint|p1b: Palafin\n|\n|-weather|SunnyDay|[upkeep]\n|upkeep\n|\n|t:|1700443391\n|switch|p1b: Landorus|Landorus, M|80\/100\n|turn|9\n|\n|t:|1700443411\n|-end|p1a: Manolo|Quark Drive|[silent]\n|switch|p1a: Pelipper|Pelipper, M|36\/100 slp\n|-weather|RainDance|[from] ability: Drizzle|[of] p1a: Pelipper\n|switch|p2a: Moltres|Moltres-Galar|100\/100\n|move|p1b: Landorus|Sandsear Storm|p2a: Moltres|[spread] p2b\n|-immune|p2a: Moltres\n|-damage|p2b: Chien-Pao|0 fnt\n|faint|p2b: Chien-Pao\n|\n|-weather|RainDance|[upkeep]\n|upkeep\n|\n|t:|1700443422\n|switch|p2b: Torkoal|Torkoal, M|84\/100\n|-weather|SunnyDay|[from] ability: Drought|[of] p2b: Torkoal\n|turn|10\n|\n|t:|1700443431\n|switch|p1a: Manolo|Iron Hands|8\/100\n|move|p1b: Landorus|Sandsear Storm|p2b: Torkoal|[spread] p2b\n|-immune|p2a: Moltres\n|-supereffective|p2b: Torkoal\n|-damage|p2b: Torkoal|0 fnt\n|faint|p2b: Torkoal\n|move|p2a: Moltres|Substitute|p2a: Moltres\n|-start|p2a: Moltres|Substitute\n|-damage|p2a: Moltres|76\/100\n|\n|-weather|SunnyDay|[upkeep]\n|-heal|p2a: Moltres|82\/100|[from] item: Leftovers\n|upkeep\n|turn|11\n|\n|t:|1700443459\n|switch|p1b: Rillaboom|Rillaboom, F|69\/100\n|-fieldstart|move: Grassy Terrain|[from] ability: Grassy Surge|[of] p1b: Rillaboom\n|move|p2a: Moltres|Nasty Plot|p2a: Moltres\n|-boost|p2a: Moltres|spa|2\n|move|p1a: Manolo|Heavy Slam|p2a: Moltres\n|-end|p2a: Moltres|Substitute\n|\n|-weather|SunnyDay|[upkeep]\n|-heal|p2a: Moltres|88\/100|[from] item: Leftovers\n|-heal|p1b: Rillaboom|75\/100|[from] Grassy Terrain\n|-heal|p1a: Manolo|14\/100|[from] Grassy Terrain\n|upkeep\n|turn|12\n|\n|t:|1700443474\n|move|p1b: Rillaboom|Fake Out|p2a: Moltres\n|-damage|p2a: Moltres|74\/100\n|cant|p2a: Moltres|flinch\n|move|p1a: Manolo|Wild Charge|p2a: Moltres\n|-supereffective|p2a: Moltres\n|-damage|p2a: Moltres|0 fnt\n|faint|p2a: Moltres\n|-damage|p1a: Manolo|2\/100|[from] Recoil\n|\n|win|Niter2003\n|l|\u203dniter kawaii\n","uploadtime":1700443498,"views":7,"p1id":"niter2003","p2id":"niterkawaii","formatid":"gen9doublesou","rating":0,"private":0,"password":""}