{"id":"gen9doublesou-1983125340","p1":"Thaddmayo","p2":"Sleepoligy","format":"[Gen 9] Doubles OU","log":"|j|\u2606Thaddmayo\n|j|\u2606Sleepoligy\n|t:|1699091591\n|gametype|doubles\n|player|p1|Thaddmayo|bugcatcher-gen4dp|1057\n|player|p2|Sleepoligy|brycen|1087\n|teamsize|p1|6\n|teamsize|p2|6\n|gen|9\n|tier|[Gen 9] Doubles OU\n|rated|\n|rule|Species Clause: Limit one of each Pok\u00e9mon\n|rule|OHKO Clause: OHKO moves are banned\n|rule|Evasion Moves Clause: Evasion moves are banned\n|rule|Gravity Sleep Clause: The combination of sleep-inducing moves with imperfect accuracy and Gravity or Gigantamax Orbeetle are banned\n|rule|Endless Battle Clause: Forcing endless battles is banned\n|rule|HP Percentage Mod: HP is shown in percentages\n|clearpoke\n|poke|p1|Scizor, F|\n|poke|p1|Hatterene, F|\n|poke|p1|Palafin, F|\n|poke|p1|Roaring Moon|\n|poke|p1|Iron Moth|\n|poke|p1|Tyranitar, M|\n|poke|p2|Hippowdon, M|\n|poke|p2|Gligar, F|\n|poke|p2|Toedscruel, F|\n|poke|p2|Landorus-Therian, M|\n|poke|p2|Ursaluna-Bloodmoon, M|\n|poke|p2|Great Tusk|\n|teampreview\n|\n|t:|1699091635\n|start\n|switch|p1a: Palafin|Palafin, F|100\/100\n|switch|p1b: Iron Moth|Iron Moth|100\/100\n|switch|p2a: Gligar|Gligar, F|100\/100\n|switch|p2b: Great Tusk|Great Tusk|100\/100\n|-enditem|p1b: Iron Moth|Booster Energy\n|-activate|p1b: Iron Moth|ability: Quark Drive|[fromitem]\n|-start|p1b: Iron Moth|quarkdrivespa\n|-enditem|p2b: Great Tusk|Booster Energy\n|-activate|p2b: Great Tusk|ability: Protosynthesis|[fromitem]\n|-start|p2b: Great Tusk|protosynthesisatk\n|turn|1\n|inactive|Battle timer is ON: inactive players will automatically lose when time's up. (requested by Sleepoligy)\n|\n|t:|1699091676\n|-end|p1b: Iron Moth|Quark Drive|[silent]\n|switch|p1b: Hatterene|Hatterene, F|100\/100\n|detailschange|p1a: Palafin|Palafin-Hero, F\n|switch|p1a: Scizor|Scizor, F|100\/100\n|-terastallize|p2b: Great Tusk|Ground\n|move|p2b: Great Tusk|Earthquake|p1b: Hatterene|[spread] p1a,p1b\n|-immune|p2a: Gligar\n|-damage|p1a: Scizor|17\/100\n|-damage|p1b: Hatterene|19\/100\n|move|p2a: Gligar|Tailwind|p2a: Gligar\n|-sidestart|p2: Sleepoligy|move: Tailwind\n|\n|-heal|p1b: Hatterene|25\/100|[from] item: Leftovers\n|upkeep\n|turn|2\n|\n|t:|1699091699\n|move|p1a: Scizor|Bullet Punch|p2b: Great Tusk\n|-damage|p2b: Great Tusk|73\/100\n|move|p2b: Great Tusk|Earthquake|p1a: Scizor|[spread] p1a,p1b\n|-immune|p2a: Gligar\n|-damage|p1a: Scizor|0 fnt\n|-damage|p1b: Hatterene|0 fnt\n|faint|p1a: Scizor\n|faint|p1b: Hatterene\n|move|p2a: Gligar|Toxic Spikes|p1: Scizor\n|-sidestart|p1: Thaddmayo|move: Toxic Spikes\n|\n|upkeep\n|\n|t:|1699091714\n|switch|p1a: Roaring Moon|Roaring Moon|100\/100\n|switch|p1b: Palafin|Palafin-Hero, F|100\/100\n|-status|p1a: Roaring Moon|psn\n|-status|p1b: Palafin|psn\n|-activate|p1b: Palafin|ability: Zero to Hero\n|-enditem|p1a: Roaring Moon|Booster Energy\n|-activate|p1a: Roaring Moon|ability: Protosynthesis|[fromitem]\n|-start|p1a: Roaring Moon|protosynthesisatk\n|turn|3\n|\n|t:|1699091739\n|move|p2b: Great Tusk|Protect|p2b: Great Tusk\n|-singleturn|p2b: Great Tusk|Protect\n|move|p1b: Palafin|Jet Punch|p2b: Great Tusk\n|-activate|p2b: Great Tusk|move: Protect\n|move|p2a: Gligar|Struggle Bug|p1a: Roaring Moon|[spread] p1a,p1b\n|-supereffective|p1a: Roaring Moon\n|-damage|p1a: Roaring Moon|93\/100 psn\n|-damage|p1b: Palafin|97\/100 psn\n|-unboost|p1a: Roaring Moon|spa|1\n|-unboost|p1b: Palafin|spa|1\n|move|p1a: Roaring Moon|Throat Chop|p2a: Gligar\n|-damage|p2a: Gligar|59\/100\n|-start|p2a: Gligar|Throat Chop|[silent]\n|\n|-damage|p1a: Roaring Moon|81\/100 psn|[from] psn\n|-damage|p1b: Palafin|85\/100 psn|[from] psn\n|upkeep\n|turn|4\n|\n|t:|1699091761\n|switch|p2a: Landorus|Landorus-Therian, M|100\/100\n|-ability|p2a: Landorus|Intimidate|boost\n|-unboost|p1a: Roaring Moon|atk|1\n|-unboost|p1b: Palafin|atk|1\n|move|p1b: Palafin|Jet Punch|p2a: Landorus\n|-supereffective|p2a: Landorus\n|-damage|p2a: Landorus|42\/100\n|move|p2b: Great Tusk|Earthquake|p1b: Palafin|[spread] p1a,p1b\n|-immune|p2a: Landorus\n|-damage|p1a: Roaring Moon|0 fnt\n|-damage|p1b: Palafin|13\/100 psn\n|faint|p1a: Roaring Moon\n|-end|p1a: Roaring Moon|Protosynthesis|[silent]\n|\n|-damage|p1b: Palafin|0 fnt|[from] psn\n|faint|p1b: Palafin\n|-sideend|p2: Sleepoligy|move: Tailwind\n|upkeep\n|inactive|Thaddmayo has 120 seconds left.\n|\n|t:|1699091780\n|switch|p1a: Iron Moth|Iron Moth|100\/100\n|switch|p1b: Tyranitar|Tyranitar, M|100\/100\n|-ability|p1b: Tyranitar|Unnerve\n|-sideend|p1: Thaddmayo|move: Toxic Spikes|[of] p1a: Iron Moth\n|turn|5\n|-message|Thaddmayo forfeited.\n|\n|win|Sleepoligy\n|raw|Thaddmayo's rating: 1057 &rarr; <strong>1040<\/strong><br \/>(-17 for losing)\n|raw|Sleepoligy's rating: 1087 &rarr; <strong>1112<\/strong><br \/>(+25 for winning)\n|l|\u2606Thaddmayo\n","uploadtime":1699091802,"views":24,"p1id":"thaddmayo","p2id":"sleepoligy","formatid":"gen9doublesou","rating":1040,"private":0,"password":""}