{"id":"gen9doublesou-1968165777","p1":"Starcob","p2":"DerDepp_x24","format":"[Gen 9] Doubles OU","log":"|html|<div class=\"broadcast-blue\"><strong>[Gen 9] Doubles OU is currently suspecting Basculegion & Flutter Mane! For information on how to participate check out the <a href=\"https:\/\/www.smogon.com\/forums\/threads\/np-sv-dou-stage-8-double-trouble.3729153\/\">suspect thread<\/a>.<\/strong><\/div>\n|j|\u2606Starcob\n|j|\u2606DerDepp_x24\n|t:|1697390830\n|gametype|doubles\n|player|p1|Starcob|cynthia-gen4|1147\n|player|p2|DerDepp_x24|265|1146\n|teamsize|p1|6\n|teamsize|p2|6\n|gen|9\n|tier|[Gen 9] Doubles OU\n|rated|\n|rule|Species Clause: Limit one of each Pok\u00e9mon\n|rule|OHKO Clause: OHKO moves are banned\n|rule|Evasion Moves Clause: Evasion moves are banned\n|rule|Gravity Sleep Clause: The combination of sleep-inducing moves with imperfect accuracy and Gravity or Gigantamax Orbeetle are banned\n|rule|Endless Battle Clause: Forcing endless battles is banned\n|rule|HP Percentage Mod: HP is shown in percentages\n|clearpoke\n|poke|p1|Bruxish, F|\n|poke|p1|Torkoal, F|\n|poke|p1|Maushold|\n|poke|p1|Cresselia, F|\n|poke|p1|Conkeldurr, M|\n|poke|p1|Ursaluna, F|\n|poke|p2|Raichu, M|\n|poke|p2|Milotic, F|\n|poke|p2|Tyranitar, M|\n|poke|p2|Landorus, M|\n|poke|p2|Volcarona, F|\n|poke|p2|Dragonite, M|\n|teampreview\n|inactive|Battle timer is ON: inactive players will automatically lose when time's up. (requested by DerDepp_x24)\n|\n|t:|1697390852\n|start\n|switch|p1a: We are a Family|Maushold|100\/100\n|switch|p1b: I'm so beautiful|Bruxish, F|100\/100\n|switch|p2a: Ratte|Raichu, M|100\/100\n|switch|p2b: Lando|Landorus, M|100\/100\n|turn|1\n|\n|t:|1697390874\n|move|p2a: Ratte|Fake Out||[still]\n|cant|p1b: I'm so beautiful|ability: Dazzling|Fake Out|[of] p2a: Ratte\n|move|p1a: We are a Family|Follow Me|p1a: We are a Family\n|-singleturn|p1a: We are a Family|move: Follow Me\n|move|p2b: Lando|U-turn|p1a: We are a Family\n|-damage|p1a: We are a Family|64\/100\n|-damage|p2b: Lando|91\/100|[from] item: Life Orb\n|\n|t:|1697390881\n|switch|p2b: Stone Cold|Tyranitar, M|100\/100|[from] U-turn\n|-weather|Sandstorm|[from] ability: Sand Stream|[of] p2b: Stone Cold\n|move|p1b: I'm so beautiful|Trick Room|p1b: I'm so beautiful\n|-fieldstart|move: Trick Room|[of] p1b: I'm so beautiful\n|\n|-weather|Sandstorm|[upkeep]\n|-damage|p1b: I'm so beautiful|94\/100|[from] Sandstorm\n|-damage|p1a: We are a Family|57\/100|[from] Sandstorm\n|-damage|p2a: Ratte|94\/100|[from] Sandstorm\n|upkeep\n|turn|2\n|\n|t:|1697390907\n|move|p1b: I'm so beautiful|Aqua Jet|p2b: Stone Cold\n|-supereffective|p2b: Stone Cold\n|-damage|p2b: Stone Cold|71\/100\n|move|p1a: We are a Family|Population Bomb|p2a: Ratte\n|-damage|p2a: Ratte|73\/100\n|-damage|p2a: Ratte|50\/100\n|-damage|p2a: Ratte|28\/100\n|-damage|p2a: Ratte|6\/100\n|-damage|p2a: Ratte|0 fnt\n|faint|p2a: Ratte\n|-hitcount|p2: Ratte|5\n|move|p2b: Stone Cold|Dragon Tail|p1a: We are a Family|[miss]\n|-miss|p2b: Stone Cold|p1a: We are a Family\n|\n|-weather|Sandstorm|[upkeep]\n|-damage|p1b: I'm so beautiful|88\/100|[from] Sandstorm\n|-damage|p1a: We are a Family|51\/100|[from] Sandstorm\n|upkeep\n|\n|t:|1697390923\n|switch|p2a: Sepentina|Milotic, F|100\/100\n|turn|3\n|\n|t:|1697390944\n|move|p2a: Sepentina|Scald|p1a: We are a Family\n|-crit|p1a: We are a Family\n|-damage|p1a: We are a Family|0 fnt\n|faint|p1a: We are a Family\n|move|p1b: I'm so beautiful|Psychic Fangs|p2a: Sepentina\n|-damage|p2a: Sepentina|74\/100\n|move|p2b: Stone Cold|Dragon Tail|p1b: I'm so beautiful\n|-damage|p1b: I'm so beautiful|51\/100\n|drag|p1b: Ursaluna|Ursaluna, F|100\/100\n|\n|-weather|Sandstorm|[upkeep]\n|-damage|p2a: Sepentina|68\/100|[from] Sandstorm\n|-heal|p2a: Sepentina|74\/100|[from] item: Leftovers\n|-status|p1b: Ursaluna|brn|[from] item: Flame Orb\n|upkeep\n|inactive|Starcob has 120 seconds left.\n|\n|t:|1697390963\n|switch|p1a: CresselOPia|Cresselia, F|100\/100\n|turn|4\n|\n|t:|1697390987\n|move|p1a: CresselOPia|Helping Hand|p1b: Ursaluna\n|-singleturn|p1b: Ursaluna|Helping Hand|[of] p1a: CresselOPia\n|move|p2b: Stone Cold|Crunch|p1a: CresselOPia\n|-supereffective|p1a: CresselOPia\n|-damage|p1a: CresselOPia|43\/100\n|move|p1b: Ursaluna|Earthquake|p2b: Stone Cold|[spread] p2a,p2b\n|-immune|p1a: CresselOPia|[from] ability: Levitate\n|-supereffective|p2b: Stone Cold\n|-damage|p2a: Sepentina|12\/100\n|-damage|p2b: Stone Cold|0 fnt\n|faint|p2b: Stone Cold\n|move|p2a: Sepentina|Life Dew|p2a: Sepentina\n|-heal|p2a: Sepentina|37\/100\n|\n|-weather|Sandstorm|[upkeep]\n|-damage|p2a: Sepentina|31\/100|[from] Sandstorm\n|-heal|p2a: Sepentina|37\/100|[from] item: Leftovers\n|-damage|p1b: Ursaluna|94\/100 brn|[from] brn\n|upkeep\n|inactive|DerDepp_x24 has 120 seconds left.\n|\n|t:|1697391005\n|switch|p2b: DracoKnight|Dragonite, M|100\/100\n|turn|5\n|\n|t:|1697391021\n|move|p1b: Ursaluna|Facade|p2b: DracoKnight\n|-damage|p2b: DracoKnight|42\/100\n|move|p1a: CresselOPia|Lunar Blessing|p1a: CresselOPia|[spread] p1a,p1b\n|-heal|p1a: CresselOPia|68\/100\n|-heal|p1b: Ursaluna|100\/100 brn\n|-curestatus|p1b: Ursaluna|brn|[msg]\n|move|p2a: Sepentina|Scald|p1b: Ursaluna\n|-supereffective|p1b: Ursaluna\n|-crit|p1b: Ursaluna\n|-damage|p1b: Ursaluna|33\/100\n|move|p2b: DracoKnight|Dragon Dance|p2b: DracoKnight\n|-boost|p2b: DracoKnight|atk|1\n|-boost|p2b: DracoKnight|spe|1\n|\n|-weather|none\n|-heal|p2a: Sepentina|43\/100|[from] item: Leftovers\n|-fieldend|move: Trick Room\n|-status|p1b: Ursaluna|brn|[from] item: Flame Orb\n|upkeep\n|turn|6\n|inactive|DerDepp_x24 has 120 seconds left.\n|\n|t:|1697391054\n|move|p1b: Ursaluna|Protect|p1b: Ursaluna\n|-singleturn|p1b: Ursaluna|Protect\n|move|p2b: DracoKnight|Dragon Claw|p1b: Ursaluna\n|-activate|p1b: Ursaluna|move: Protect\n|move|p2a: Sepentina|Scald|p1b: Ursaluna\n|-activate|p1b: Ursaluna|move: Protect\n|move|p1a: CresselOPia|Trick Room|p1a: CresselOPia\n|-fieldstart|move: Trick Room|[of] p1a: CresselOPia\n|\n|-heal|p2a: Sepentina|49\/100|[from] item: Leftovers\n|-damage|p1b: Ursaluna|27\/100 brn|[from] brn\n|upkeep\n|turn|7\n|\n|t:|1697391074\n|-terastallize|p2b: DracoKnight|Normal\n|move|p1a: CresselOPia|Helping Hand|p1b: Ursaluna\n|-singleturn|p1b: Ursaluna|Helping Hand|[of] p1a: CresselOPia\n|move|p2b: DracoKnight|Extreme Speed|p1a: CresselOPia\n|-damage|p1a: CresselOPia|21\/100\n|move|p1b: Ursaluna|Facade|p2a: Sepentina\n|-damage|p2a: Sepentina|0 fnt\n|faint|p2a: Sepentina\n|\n|-damage|p1b: Ursaluna|20\/100 brn|[from] brn\n|upkeep\n|inactive|DerDepp_x24 has 120 seconds left.\n|\n|t:|1697391089\n|switch|p2a: Lando|Landorus, M|91\/100\n|turn|8\n|inactive|Starcob has 120 seconds left.\n|\n|t:|1697391133\n|move|p1a: CresselOPia|Helping Hand|p1b: Ursaluna\n|-singleturn|p1b: Ursaluna|Helping Hand|[of] p1a: CresselOPia\n|move|p2b: DracoKnight|Extreme Speed|p1a: CresselOPia\n|-damage|p1a: CresselOPia|0 fnt\n|faint|p1a: CresselOPia\n|move|p1b: Ursaluna|Facade|p2a: Lando\n|-damage|p2a: Lando|0 fnt\n|faint|p2a: Lando\n|\n|-damage|p1b: Ursaluna|14\/100 brn|[from] brn\n|upkeep\n|inactive|Starcob has 120 seconds left.\n|\n|t:|1697391154\n|switch|p1a: Turtl|Torkoal, F|100\/100\n|switch|p2a: Volcarona|Volcarona, F|100\/100\n|-weather|SunnyDay|[from] ability: Drought|[of] p1a: Turtl\n|turn|9\n|\n|t:|1697391169\n|-terastallize|p1a: Turtl|Fire\n|move|p2b: DracoKnight|Extreme Speed|p1b: Ursaluna\n|-damage|p1b: Ursaluna|0 fnt\n|faint|p1b: Ursaluna\n|move|p1a: Turtl|Eruption|p2b: DracoKnight|[spread] p2a,p2b\n|-damage|p2a: Volcarona|0 fnt\n|-damage|p2b: DracoKnight|0 fnt\n|faint|p2a: Volcarona\n|faint|p2b: DracoKnight\n|\n|win|Starcob\n|raw|Starcob's rating: 1147 &rarr; <strong>1172<\/strong><br \/>(+25 for winning)\n|raw|DerDepp_x24's rating: 1146 &rarr; <strong>1121<\/strong><br \/>(-25 for losing)\n|l|\u2606DerDepp_x24\n","uploadtime":1697391208,"views":9,"p1id":"starcob","p2id":"derdeppx24","formatid":"gen9doublesou","rating":1121,"private":0,"password":""}