{"id":"gen9doublesou-1985438027","p1":"UY QUE RICO PAPI","p2":"Goatfaceleafbrain","format":"[Gen 9] Doubles OU","log":"|j|\u2606UY QUE RICO PAPI\n|j|\u2606Goatfaceleafbrain\n|t:|1699374690\n|gametype|doubles\n|player|p1|UY QUE RICO PAPI|266|1388\n|player|p2|Goatfaceleafbrain|alder|1291\n|teamsize|p1|6\n|teamsize|p2|6\n|gen|9\n|tier|[Gen 9] Doubles OU\n|rated|\n|rule|Species Clause: Limit one of each Pok\u00e9mon\n|rule|OHKO Clause: OHKO moves are banned\n|rule|Evasion Moves Clause: Evasion moves are banned\n|rule|Gravity Sleep Clause: The combination of sleep-inducing moves with imperfect accuracy and Gravity or Gigantamax Orbeetle are banned\n|rule|Endless Battle Clause: Forcing endless battles is banned\n|rule|HP Percentage Mod: HP is shown in percentages\n|clearpoke\n|poke|p1|Trevenant, F|\n|poke|p1|Sableye, M|\n|poke|p1|Garganacl, M|\n|poke|p1|Ting-Lu|\n|poke|p1|Sinistcha|\n|poke|p1|Scream Tail|\n|poke|p2|Baxcalibur, F|\n|poke|p2|Gliscor, F|\n|poke|p2|Rillaboom, M|\n|poke|p2|Volcarona, F|\n|poke|p2|Copperajah, M|\n|poke|p2|Grimmsnarl, M|\n|teampreview\n|\n|t:|1699374706\n|start\n|switch|p1a: Sableye|Sableye, M|100\/100\n|switch|p1b: Scream Tail|Scream Tail|100\/100\n|switch|p2a: Copperajah|Copperajah, M|100\/100\n|switch|p2b: Grimmsnarl|Grimmsnarl, M|100\/100\n|turn|1\n|inactive|Battle timer is ON: inactive players will automatically lose when time's up. (requested by UY QUE RICO PAPI)\n|\n|t:|1699374721\n|move|p1a: Sableye|Reflect|p1a: Sableye\n|-sidestart|p1: UY QUE RICO PAPI|Reflect\n|move|p1b: Scream Tail|Amnesia|p1b: Scream Tail\n|-boost|p1b: Scream Tail|spd|2\n|move|p2b: Grimmsnarl|Spirit Break|p1a: Sableye\n|-supereffective|p1a: Sableye\n|-crit|p1a: Sableye\n|-damage|p1a: Sableye|0 fnt\n|faint|p1a: Sableye\n|move|p2a: Copperajah|Heavy Slam|p1b: Scream Tail\n|-supereffective|p1b: Scream Tail\n|-damage|p1b: Scream Tail|53\/100\n|\n|upkeep\n|inactive|UY QUE RICO PAPI has 120 seconds left.\n|\n|t:|1699374761\n|switch|p1a: Trevenant|Trevenant, F|100\/100\n|turn|2\n|\n|t:|1699374784\n|move|p1b: Scream Tail|Baton Pass|p1b: Scream Tail\n|\n|t:|1699374789\n|-end|p1b: Scream Tail|Protosynthesis|[silent]\n|switch|p1b: Garganacl|Garganacl, M|100\/100|[from] Baton Pass\n|move|p2b: Grimmsnarl|Spirit Break|p1b: Garganacl\n|-damage|p1b: Garganacl|91\/100\n|-unboost|p1b: Garganacl|spa|1\n|move|p1a: Trevenant|Leech Seed|p2b: Grimmsnarl\n|-start|p2b: Grimmsnarl|move: Leech Seed\n|move|p2a: Copperajah|Heat Crash|p1a: Trevenant\n|-supereffective|p1a: Trevenant\n|-damage|p1a: Trevenant|58\/100\n|\n|-damage|p2b: Grimmsnarl|88\/100|[from] Leech Seed|[of] p1a: Trevenant\n|-heal|p1a: Trevenant|69\/100|[silent]\n|upkeep\n|turn|3\n|\n|t:|1699374812\n|move|p2b: Grimmsnarl|Reflect|p2b: Grimmsnarl\n|-sidestart|p2: Goatfaceleafbrain|Reflect\n|move|p1a: Trevenant|Leech Seed|p2a: Copperajah\n|-start|p2a: Copperajah|move: Leech Seed\n|move|p1b: Garganacl|Curse|p1b: Garganacl\n|-unboost|p1b: Garganacl|spe|1\n|-boost|p1b: Garganacl|atk|1\n|-boost|p1b: Garganacl|def|1\n|move|p2a: Copperajah|Heavy Slam|p1b: Garganacl\n|-supereffective|p1b: Garganacl\n|-damage|p1b: Garganacl|64\/100\n|\n|-damage|p2b: Grimmsnarl|76\/100|[from] Leech Seed|[of] p1a: Trevenant\n|-heal|p1a: Trevenant|80\/100|[silent]\n|-damage|p2a: Copperajah|88\/100|[from] Leech Seed|[of] p1a: Trevenant\n|-heal|p1a: Trevenant|93\/100|[silent]\n|upkeep\n|turn|4\n|\n|t:|1699374842\n|switch|p2b: Rillaboom|Rillaboom, M|100\/100\n|-fieldstart|move: Grassy Terrain|[from] ability: Grassy Surge|[of] p2b: Rillaboom\n|-terastallize|p1b: Garganacl|Ghost\n|move|p1a: Trevenant|Substitute|p1a: Trevenant\n|-start|p1a: Trevenant|Substitute\n|-damage|p1a: Trevenant|68\/100\n|move|p2a: Copperajah|Heavy Slam|p1b: Garganacl\n|-damage|p1b: Garganacl|50\/100\n|-enditem|p1b: Garganacl|Sitrus Berry|[eat]\n|-heal|p1b: Garganacl|75\/100|[from] item: Sitrus Berry\n|move|p1b: Garganacl|Salt Cure|p2a: Copperajah\n|-resisted|p2a: Copperajah\n|-damage|p2a: Copperajah|82\/100\n|-start|p2a: Copperajah|Salt Cure\n|\n|-heal|p1a: Trevenant|74\/100|[from] Grassy Terrain\n|-heal|p2a: Copperajah|89\/100|[from] Grassy Terrain\n|-heal|p2a: Copperajah|95\/100|[from] item: Leftovers\n|-heal|p1b: Garganacl|82\/100|[from] Grassy Terrain\n|-damage|p2a: Copperajah|82\/100|[from] Leech Seed|[of] p1a: Trevenant\n|-heal|p1a: Trevenant|87\/100|[silent]\n|-damage|p2a: Copperajah|57\/100|[from] Salt Cure\n|upkeep\n|turn|5\n|\n|t:|1699374870\n|switch|p2a: Gliscor|Gliscor, F|100\/100\n|move|p1b: Garganacl|Protect|p1b: Garganacl\n|-singleturn|p1b: Garganacl|Protect\n|move|p2b: Rillaboom|Grassy Glide|p1b: Garganacl\n|-activate|p1b: Garganacl|move: Protect\n|move|p1a: Trevenant|Curse|p2b: Rillaboom\n|-start|p2b: Rillaboom|Curse|[of] p1a: Trevenant\n|-damage|p1a: Trevenant|37\/100\n|-enditem|p1a: Trevenant|Sitrus Berry|[eat]\n|-heal|p1a: Trevenant|62\/100|[from] item: Sitrus Berry\n|\n|-heal|p1a: Trevenant|68\/100|[from] Grassy Terrain\n|-heal|p1b: Garganacl|88\/100|[from] Grassy Terrain\n|-damage|p2b: Rillaboom|76\/100|[from] Curse\n|-status|p2a: Gliscor|tox|[from] item: Toxic Orb\n|upkeep\n|turn|6\n|\n|t:|1699374893\n|switch|p2b: Grimmsnarl|Grimmsnarl, M|76\/100\n|move|p2a: Gliscor|Knock Off|p1b: Garganacl\n|-supereffective|p1b: Garganacl\n|-damage|p1b: Garganacl|79\/100\n|move|p1a: Trevenant|Leech Seed|p2a: Gliscor\n|-start|p2a: Gliscor|move: Leech Seed\n|move|p1b: Garganacl|Curse|p2a: Gliscor\n|-start|p2a: Gliscor|Curse|[of] p1b: Garganacl\n|-damage|p1b: Garganacl|29\/100\n|\n|-heal|p2b: Grimmsnarl|82\/100|[from] Grassy Terrain\n|-heal|p1a: Trevenant|74\/100|[from] Grassy Terrain\n|-heal|p1b: Garganacl|35\/100|[from] Grassy Terrain\n|-damage|p2a: Gliscor|88\/100 tox|[from] Leech Seed|[of] p1a: Trevenant\n|-heal|p1a: Trevenant|84\/100|[silent]\n|-heal|p2a: Gliscor|100\/100 tox|[from] ability: Poison Heal\n|-damage|p2a: Gliscor|76\/100 tox|[from] Curse\n|-item|p1a: Trevenant|Sitrus Berry|[from] ability: Harvest\n|upkeep\n|turn|7\n|\n|t:|1699374918\n|move|p2a: Gliscor|Knock Off|p1a: Trevenant\n|-supereffective|p1a: Trevenant\n|-end|p1a: Trevenant|Substitute\n|move|p2b: Grimmsnarl|Spirit Break|p1a: Trevenant\n|-damage|p1a: Trevenant|68\/100\n|-unboost|p1a: Trevenant|spa|1\n|move|p1a: Trevenant|Curse|p2b: Grimmsnarl\n|-start|p2b: Grimmsnarl|Curse|[of] p1a: Trevenant\n|-damage|p1a: Trevenant|18\/100\n|-enditem|p1a: Trevenant|Sitrus Berry|[eat]\n|-heal|p1a: Trevenant|43\/100|[from] item: Sitrus Berry\n|move|p1b: Garganacl|Recover|p1b: Garganacl\n|-heal|p1b: Garganacl|85\/100\n|\n|-heal|p2b: Grimmsnarl|88\/100|[from] Grassy Terrain\n|-heal|p1a: Trevenant|49\/100|[from] Grassy Terrain\n|-heal|p1b: Garganacl|91\/100|[from] Grassy Terrain\n|-damage|p2a: Gliscor|63\/100 tox|[from] Leech Seed|[of] p1a: Trevenant\n|-heal|p1a: Trevenant|59\/100|[silent]\n|-heal|p2a: Gliscor|76\/100 tox|[from] ability: Poison Heal\n|-damage|p2a: Gliscor|51\/100 tox|[from] Curse\n|-damage|p2b: Grimmsnarl|63\/100|[from] Curse\n|-item|p1a: Trevenant|Sitrus Berry|[from] ability: Harvest\n|upkeep\n|turn|8\n|\n|t:|1699374946\n|move|p1a: Trevenant|Protect|p1a: Trevenant\n|-singleturn|p1a: Trevenant|Protect\n|move|p2a: Gliscor|Toxic|p1a: Trevenant\n|-activate|p1a: Trevenant|move: Protect\n|move|p2b: Grimmsnarl|Spirit Break|p1b: Garganacl\n|-damage|p1b: Garganacl|84\/100\n|-unboost|p1b: Garganacl|spa|1\n|move|p1b: Garganacl|Salt Cure|p2a: Gliscor\n|-damage|p2a: Gliscor|38\/100 tox\n|-start|p2a: Gliscor|Salt Cure\n|\n|-heal|p2b: Grimmsnarl|69\/100|[from] Grassy Terrain\n|-heal|p1a: Trevenant|65\/100|[from] Grassy Terrain\n|-heal|p1b: Garganacl|90\/100|[from] Grassy Terrain\n|-damage|p2a: Gliscor|25\/100 tox|[from] Leech Seed|[of] p1a: Trevenant\n|-heal|p1a: Trevenant|75\/100|[silent]\n|-heal|p2a: Gliscor|38\/100 tox|[from] ability: Poison Heal\n|-damage|p2a: Gliscor|13\/100 tox|[from] Curse\n|-damage|p2b: Grimmsnarl|44\/100|[from] Curse\n|-damage|p2a: Gliscor|0 fnt|[from] Salt Cure\n|faint|p2a: Gliscor\n|-sideend|p1: UY QUE RICO PAPI|Reflect\n|-fieldend|move: Grassy Terrain\n|upkeep\n|\n|t:|1699374959\n|switch|p2a: Volcarona|Volcarona, F|100\/100\n|turn|9\n|\n|t:|1699374979\n|switch|p1a: Ting-Lu|Ting-Lu|100\/100\n|-ability|p1a: Ting-Lu|Vessel of Ruin\n|move|p2b: Grimmsnarl|Light Screen|p2b: Grimmsnarl\n|-sidestart|p2: Goatfaceleafbrain|move: Light Screen\n|move|p2a: Volcarona|Quiver Dance|p2a: Volcarona\n|-boost|p2a: Volcarona|spa|1\n|-boost|p2a: Volcarona|spd|1\n|-boost|p2a: Volcarona|spe|1\n|move|p1b: Garganacl|Salt Cure|p2a: Volcarona\n|-supereffective|p2a: Volcarona\n|-damage|p2a: Volcarona|10\/100\n|-start|p2a: Volcarona|Salt Cure\n|\n|-damage|p2b: Grimmsnarl|20\/100|[from] Curse\n|-damage|p2a: Volcarona|0 fnt|[from] Salt Cure\n|faint|p2a: Volcarona\n|upkeep\n|-message|Goatfaceleafbrain forfeited.\n|\n|win|UY QUE RICO PAPI\n|raw|UY QUE RICO PAPI's rating: 1388 &rarr; <strong>1403<\/strong><br \/>(+15 for winning)\n|raw|Goatfaceleafbrain's rating: 1291 &rarr; <strong>1273<\/strong><br \/>(-18 for losing)\n|l|\u2606Goatfaceleafbrain\n","uploadtime":1699374999,"views":9,"p1id":"uyquericopapi","p2id":"goatfaceleafbrain","formatid":"gen9doublesou","rating":1273,"private":0,"password":""}