{"id":"gen9doublesou-1977615829","p1":"badplayerisplaying","p2":"switchxclusive","format":"[Gen 9] Doubles OU","log":"|j|\u2606badplayerisplaying\n|j|\u2606switchxclusive\n|t:|1698432120\n|gametype|doubles\n|player|p1|badplayerisplaying|tuber|1324\n|player|p2|switchxclusive|1|1286\n|teamsize|p1|6\n|teamsize|p2|6\n|gen|9\n|tier|[Gen 9] Doubles OU\n|rated|\n|rule|Species Clause: Limit one of each Pok\u00e9mon\n|rule|OHKO Clause: OHKO moves are banned\n|rule|Evasion Moves Clause: Evasion moves are banned\n|rule|Gravity Sleep Clause: The combination of sleep-inducing moves with imperfect accuracy and Gravity or Gigantamax Orbeetle are banned\n|rule|Endless Battle Clause: Forcing endless battles is banned\n|rule|HP Percentage Mod: HP is shown in percentages\n|clearpoke\n|poke|p1|Meowscarada, F|\n|poke|p1|Empoleon, F|\n|poke|p1|Ninetales-Alola, M|\n|poke|p1|Armarouge, M|\n|poke|p1|Indeedee-F, F|\n|poke|p1|Garganacl, F|\n|poke|p2|Sliggoo-Hisui, F|\n|poke|p2|Rillaboom, F|\n|poke|p2|Torkoal, F|\n|poke|p2|Grimmsnarl, M|\n|poke|p2|Hatterene, F|\n|poke|p2|Ting-Lu|\n|teampreview\n|\n|t:|1698432135\n|start\n|switch|p1a: Meowscarada|Meowscarada, F|100\/100\n|switch|p1b: Empoleon|Empoleon, F|100\/100\n|switch|p2a: Grimmsnarl|Grimmsnarl, M|100\/100\n|switch|p2b: Ting-Lu|Ting-Lu|100\/100\n|-ability|p2b: Ting-Lu|Vessel of Ruin\n|turn|1\n|\n|t:|1698432153\n|move|p2a: Grimmsnarl|Reflect|p2a: Grimmsnarl\n|-sidestart|p2: switchxclusive|Reflect\n|move|p1a: Meowscarada|Grass Pledge|p2b: Ting-Lu\n|-waiting|p1a: Meowscarada|p1b: Empoleon\n|move|p1b: Empoleon|Water Pledge|p2b: Ting-Lu|[from]move: Grass Pledge\n|-combine\n|-supereffective|p2b: Ting-Lu\n|-damage|p2b: Ting-Lu|24\/100\n|-sidestart|p2: switchxclusive|Grass Pledge\n|move|p2b: Ting-Lu|Stealth Rock|p1b: Empoleon\n|-sidestart|p1: badplayerisplaying|move: Stealth Rock\n|\n|-heal|p2b: Ting-Lu|31\/100|[from] item: Leftovers\n|upkeep\n|turn|2\n|\n|t:|1698432172\n|switch|p2b: Rillaboom|Rillaboom, F|100\/100\n|-fieldstart|move: Grassy Terrain|[from] ability: Grassy Surge|[of] p2b: Rillaboom\n|move|p2a: Grimmsnarl|Light Screen|p2a: Grimmsnarl\n|-sidestart|p2: switchxclusive|move: Light Screen\n|move|p1a: Meowscarada|Taunt|p2a: Grimmsnarl\n|-start|p1a: Meowscarada|typechange|Dark|[from] ability: Protean\n|-start|p2a: Grimmsnarl|move: Taunt\n|move|p1b: Empoleon|Water Pledge|p2b: Rillaboom\n|-resisted|p2b: Rillaboom\n|-crit|p2b: Rillaboom\n|-damage|p2b: Rillaboom|72\/100\n|\n|-heal|p2b: Rillaboom|78\/100|[from] Grassy Terrain\n|-heal|p2b: Rillaboom|84\/100|[from] item: Leftovers\n|upkeep\n|turn|3\n|\n|t:|1698432198\n|move|p2b: Rillaboom|Fake Out|p1b: Empoleon\n|-resisted|p1b: Empoleon\n|-damage|p1b: Empoleon|95\/100\n|move|p1a: Meowscarada|U-turn|p2b: Rillaboom\n|-supereffective|p2b: Rillaboom\n|-damage|p2b: Rillaboom|65\/100\n|\n|t:|1698432204\n|switch|p1a: Ninetales|Ninetales-Alola, M|100\/100|[from] U-turn\n|-damage|p1a: Ninetales|76\/100|[from] Stealth Rock\n|-weather|Snow|[from] ability: Snow Warning|[of] p1a: Ninetales\n|cant|p1b: Empoleon|flinch\n|move|p2a: Grimmsnarl|Crunch|p1a: Ninetales\n|-resisted|p1a: Ninetales\n|-damage|p1a: Ninetales|60\/100\n|\n|-weather|Snow|[upkeep]\n|-heal|p1a: Ninetales|66\/100|[from] Grassy Terrain\n|-heal|p1b: Empoleon|100\/100|[from] Grassy Terrain\n|-heal|p2b: Rillaboom|71\/100|[from] Grassy Terrain\n|-heal|p2b: Rillaboom|77\/100|[from] item: Leftovers\n|upkeep\n|turn|4\n|\n|t:|1698432230\n|switch|p2b: Torkoal|Torkoal, F|100\/100\n|switch|p2a: Sliggoo|Sliggoo-Hisui, F|100\/100\n|move|p1a: Ninetales|Encore||[still]\n|-fail|p1a: Ninetales\n|move|p1b: Empoleon|Blizzard|p2a: Sliggoo|[spread] p2a,p2b\n|-resisted|p2b: Torkoal\n|-damage|p2a: Sliggoo|92\/100\n|-damage|p2b: Torkoal|92\/100\n|\n|-weather|Snow|[upkeep]\n|-heal|p1a: Ninetales|72\/100|[from] Grassy Terrain\n|-heal|p2a: Sliggoo|98\/100|[from] Grassy Terrain\n|-heal|p2b: Torkoal|98\/100|[from] Grassy Terrain\n|-heal|p2b: Torkoal|100\/100|[from] item: Leftovers\n|-sideend|p2: switchxclusive|Grass Pledge\n|upkeep\n|turn|5\n|\n|t:|1698432254\n|move|p1a: Ninetales|Aurora Veil|p1a: Ninetales\n|-sidestart|p1: badplayerisplaying|move: Aurora Veil\n|move|p1b: Empoleon|Water Pledge|p2b: Torkoal\n|-supereffective|p2b: Torkoal\n|-damage|p2b: Torkoal|55\/100\n|move|p2a: Sliggoo|Curse|p2a: Sliggoo\n|-unboost|p2a: Sliggoo|spe|1\n|-boost|p2a: Sliggoo|atk|1\n|-boost|p2a: Sliggoo|def|1\n|move|p2b: Torkoal|Amnesia|p2b: Torkoal\n|-boost|p2b: Torkoal|spd|2\n|\n|-weather|Snow|[upkeep]\n|-heal|p1a: Ninetales|78\/100|[from] Grassy Terrain\n|-heal|p2a: Sliggoo|100\/100|[from] Grassy Terrain\n|-heal|p2b: Torkoal|61\/100|[from] Grassy Terrain\n|-heal|p2b: Torkoal|67\/100|[from] item: Leftovers\n|-sideend|p2: switchxclusive|Reflect\n|upkeep\n|turn|6\n|\n|t:|1698432276\n|move|p1a: Ninetales|Blizzard|p2b: Torkoal|[spread] p2a,p2b\n|-resisted|p2b: Torkoal\n|-damage|p2a: Sliggoo|91\/100\n|-damage|p2b: Torkoal|63\/100\n|move|p1b: Empoleon|Water Pledge|p2b: Torkoal\n|-supereffective|p2b: Torkoal\n|-damage|p2b: Torkoal|40\/100\n|move|p2a: Sliggoo|Life Dew|p2a: Sliggoo|[spread] p2a,p2b\n|-heal|p2a: Sliggoo|100\/100\n|-heal|p2b: Torkoal|65\/100\n|move|p2b: Torkoal|Amnesia|p2b: Torkoal\n|-boost|p2b: Torkoal|spd|2\n|\n|-weather|Snow|[upkeep]\n|-heal|p1a: Ninetales|84\/100|[from] Grassy Terrain\n|-heal|p2b: Torkoal|71\/100|[from] Grassy Terrain\n|-heal|p2b: Torkoal|77\/100|[from] item: Leftovers\n|-sideend|p2: switchxclusive|move: Light Screen\n|-fieldend|move: Grassy Terrain\n|upkeep\n|turn|7\n|inactive|Battle timer is ON: inactive players will automatically lose when time's up. (requested by switchxclusive)\n|\n|t:|1698432327\n|switch|p1a: Garganacl|Garganacl, F|100\/100\n|-damage|p1a: Garganacl|88\/100|[from] Stealth Rock\n|move|p1b: Empoleon|Blizzard|p2b: Torkoal|[spread] p2a,p2b\n|-resisted|p2b: Torkoal\n|-damage|p2a: Sliggoo|87\/100\n|-damage|p2b: Torkoal|73\/100\n|move|p2a: Sliggoo|Curse|p2a: Sliggoo\n|-unboost|p2a: Sliggoo|spe|1\n|-boost|p2a: Sliggoo|atk|1\n|-boost|p2a: Sliggoo|def|1\n|move|p2b: Torkoal|Iron Defense|p2b: Torkoal\n|-boost|p2b: Torkoal|def|2\n|\n|-weather|Snow|[upkeep]\n|-heal|p2b: Torkoal|79\/100|[from] item: Leftovers\n|upkeep\n|turn|8\n|\n|t:|1698432354\n|move|p1b: Empoleon|Water Pledge|p2b: Torkoal\n|-supereffective|p2b: Torkoal\n|-damage|p2b: Torkoal|54\/100\n|move|p1a: Garganacl|Salt Cure|p2a: Sliggoo\n|-resisted|p2a: Sliggoo\n|-damage|p2a: Sliggoo|84\/100\n|-start|p2a: Sliggoo|Salt Cure\n|move|p2b: Torkoal|Iron Defense|p2b: Torkoal\n|-boost|p2b: Torkoal|def|2\n|move|p2a: Sliggoo|Life Dew|p2a: Sliggoo|[spread] p2a,p2b\n|-heal|p2a: Sliggoo|100\/100\n|-heal|p2b: Torkoal|79\/100\n|\n|-weather|Snow|[upkeep]\n|-heal|p2b: Torkoal|85\/100|[from] item: Leftovers\n|-damage|p2a: Sliggoo|75\/100|[from] Salt Cure\n|upkeep\n|turn|9\n|\n|t:|1698432383\n|move|p1b: Empoleon|Water Pledge|p2b: Torkoal\n|-supereffective|p2b: Torkoal\n|-damage|p2b: Torkoal|57\/100\n|move|p1a: Garganacl|Salt Cure|p2b: Torkoal\n|-supereffective|p2b: Torkoal\n|-damage|p2b: Torkoal|49\/100\n|-start|p2b: Torkoal|Salt Cure\n|move|p2b: Torkoal|Body Press|p1a: Garganacl\n|-supereffective|p1a: Garganacl\n|-damage|p1a: Garganacl|38\/100\n|-enditem|p1a: Garganacl|Red Card|[of] p2b: Torkoal\n|drag|p2b: Ting-Lu|Ting-Lu|31\/100\n|-ability|p2b: Ting-Lu|Vessel of Ruin\n|move|p2a: Sliggoo|Iron Head|p1a: Garganacl\n|-supereffective|p1a: Garganacl\n|-damage|p1a: Garganacl|6\/100\n|\n|-weather|Snow|[upkeep]\n|-heal|p2b: Ting-Lu|37\/100|[from] item: Leftovers\n|-damage|p2a: Sliggoo|50\/100|[from] Salt Cure\n|-sideend|p1: badplayerisplaying|move: Aurora Veil\n|upkeep\n|turn|10\n|\n|t:|1698432410\n|switch|p2b: Rillaboom|Rillaboom, F|77\/100\n|-fieldstart|move: Grassy Terrain|[from] ability: Grassy Surge|[of] p2b: Rillaboom\n|move|p1b: Empoleon|Blizzard|p2b: Rillaboom|[spread] p2a,p2b\n|-supereffective|p2b: Rillaboom\n|-damage|p2a: Sliggoo|36\/100\n|-damage|p2b: Rillaboom|33\/100\n|move|p1a: Garganacl|Recover|p1a: Garganacl\n|-heal|p1a: Garganacl|56\/100\n|move|p2a: Sliggoo|Life Dew|p2a: Sliggoo|[spread] p2a,p2b\n|-heal|p2a: Sliggoo|61\/100\n|-heal|p2b: Rillaboom|58\/100\n|\n|-weather|none\n|-heal|p2b: Rillaboom|64\/100|[from] Grassy Terrain\n|-heal|p2b: Rillaboom|70\/100|[from] item: Leftovers\n|-heal|p1a: Garganacl|62\/100|[from] Grassy Terrain\n|-heal|p2a: Sliggoo|68\/100|[from] Grassy Terrain\n|-damage|p2a: Sliggoo|43\/100|[from] Salt Cure\n|upkeep\n|turn|11\n|inactive|badplayerisplaying has 120 seconds left.\n|inactive|switchxclusive has 120 seconds left.\n|\n|t:|1698432449\n|switch|p1b: Ninetales|Ninetales-Alola, M|84\/100\n|-damage|p1b: Ninetales|59\/100|[from] Stealth Rock\n|-weather|Snow|[from] ability: Snow Warning|[of] p1b: Ninetales\n|switch|p1a: Meowscarada|Meowscarada, F|100\/100\n|-damage|p1a: Meowscarada|88\/100|[from] Stealth Rock\n|move|p2b: Rillaboom|Taunt|p1a: Meowscarada\n|-start|p1a: Meowscarada|move: Taunt\n|move|p2a: Sliggoo|Iron Head|p1a: Meowscarada\n|-damage|p1a: Meowscarada|34\/100\n|\n|-weather|Snow|[upkeep]\n|-heal|p1a: Meowscarada|40\/100|[from] Grassy Terrain\n|-heal|p1b: Ninetales|65\/100|[from] Grassy Terrain\n|-heal|p2b: Rillaboom|76\/100|[from] Grassy Terrain\n|-heal|p2b: Rillaboom|82\/100|[from] item: Leftovers\n|-heal|p2a: Sliggoo|49\/100|[from] Grassy Terrain\n|-damage|p2a: Sliggoo|24\/100|[from] Salt Cure\n|upkeep\n|turn|12\n|inactive|badplayerisplaying has 120 seconds left.\n|inactive|switchxclusive has 120 seconds left.\n|\n|t:|1698432474\n|move|p2b: Rillaboom|Protect|p2b: Rillaboom\n|-singleturn|p2b: Rillaboom|Protect\n|move|p1a: Meowscarada|U-turn|p2b: Rillaboom\n|-start|p1a: Meowscarada|typechange|Bug|[from] ability: Protean\n|-activate|p2b: Rillaboom|move: Protect\n|move|p1b: Ninetales|Aurora Veil|p1b: Ninetales\n|-sidestart|p1: badplayerisplaying|move: Aurora Veil\n|move|p2a: Sliggoo|Iron Head|p1b: Ninetales\n|-supereffective|p1b: Ninetales\n|-damage|p1b: Ninetales|0 fnt\n|faint|p1b: Ninetales\n|\n|-weather|Snow|[upkeep]\n|-heal|p1a: Meowscarada|46\/100|[from] Grassy Terrain\n|-heal|p2b: Rillaboom|88\/100|[from] Grassy Terrain\n|-heal|p2b: Rillaboom|94\/100|[from] item: Leftovers\n|-heal|p2a: Sliggoo|30\/100|[from] Grassy Terrain\n|-damage|p2a: Sliggoo|5\/100|[from] Salt Cure\n|upkeep\n|inactive|badplayerisplaying has 120 seconds left.\n|\n|t:|1698432502\n|switch|p1b: Armarouge|Armarouge, M|100\/100\n|-damage|p1b: Armarouge|76\/100|[from] Stealth Rock\n|turn|13\n|inactive|badplayerisplaying has 120 seconds left.\n|\n|t:|1698432518\n|switch|p2b: Grimmsnarl|Grimmsnarl, M|100\/100\n|move|p1a: Meowscarada|U-turn|p2b: Grimmsnarl\n|-damage|p2b: Grimmsnarl|77\/100\n|\n|t:|1698432523\n|switch|p1a: Indeedee|Indeedee-F, F|100\/100|[from] U-turn\n|-damage|p1a: Indeedee|88\/100|[from] Stealth Rock\n|-fieldstart|move: Psychic Terrain|[from] ability: Psychic Surge|[of] p1a: Indeedee\n|-enditem|p1a: Indeedee|Psychic Seed\n|-boost|p1a: Indeedee|spd|1|[from] item: Psychic Seed\n|move|p1b: Armarouge|Expanding Force|p2a: Sliggoo|[spread] p2a\n|-immune|p2b: Grimmsnarl\n|-resisted|p2a: Sliggoo\n|-damage|p2a: Sliggoo|0 fnt\n|faint|p2a: Sliggoo\n|\n|-weather|Snow|[upkeep]\n|upkeep\n|\n|t:|1698432540\n|switch|p2a: Hatterene|Hatterene, F|100\/100\n|turn|14\n|\n|t:|1698432558\n|move|p1a: Indeedee|Helping Hand|p1b: Armarouge\n|-singleturn|p1b: Armarouge|Helping Hand|[of] p1a: Indeedee\n|move|p2b: Grimmsnarl|Light Screen|p2b: Grimmsnarl\n|-sidestart|p2: switchxclusive|move: Light Screen\n|move|p1b: Armarouge|Heat Wave|p2b: Grimmsnarl|[spread] p2a,p2b\n|-damage|p2a: Hatterene|66\/100\n|-damage|p2b: Grimmsnarl|37\/100\n|-enditem|p2b: Grimmsnarl|Sitrus Berry|[eat]\n|-heal|p2b: Grimmsnarl|62\/100|[from] item: Sitrus Berry\n|move|p2a: Hatterene|Trick Room|p2a: Hatterene\n|-fieldstart|move: Trick Room|[of] p2a: Hatterene\n|\n|-weather|Snow|[upkeep]\n|-heal|p2a: Hatterene|72\/100|[from] item: Leftovers\n|upkeep\n|turn|15\n|\n|t:|1698432587\n|move|p2a: Hatterene|Dazzling Gleam|p1a: Indeedee|[spread] p1a,p1b\n|-resisted|p1b: Armarouge\n|-damage|p1a: Indeedee|77\/100\n|-damage|p1b: Armarouge|65\/100\n|move|p2b: Grimmsnarl|Crunch|p1b: Armarouge\n|-supereffective|p1b: Armarouge\n|-damage|p1b: Armarouge|23\/100\n|-ability|p1b: Armarouge|Weak Armor|boost\n|-unboost|p1b: Armarouge|def|1\n|-boost|p1b: Armarouge|spe|2\n|-enditem|p1b: Armarouge|Weakness Policy\n|-boost|p1b: Armarouge|atk|2|[from] item: Weakness Policy\n|-boost|p1b: Armarouge|spa|2|[from] item: Weakness Policy\n|move|p1a: Indeedee|Heal Pulse|p1b: Armarouge\n|-heal|p1b: Armarouge|73\/100\n|move|p1b: Armarouge|Expanding Force|p2b: Grimmsnarl|[spread] p2a\n|-immune|p2b: Grimmsnarl\n|-resisted|p2a: Hatterene\n|-damage|p2a: Hatterene|34\/100\n|\n|-weather|Snow|[upkeep]\n|-heal|p2a: Hatterene|40\/100|[from] item: Leftovers\n|upkeep\n|turn|16\n|\n|t:|1698432612\n|move|p1a: Indeedee|Follow Me|p1a: Indeedee\n|-singleturn|p1a: Indeedee|move: Follow Me\n|move|p2a: Hatterene|Life Dew|p2a: Hatterene|[spread] p2a,p2b\n|-heal|p2a: Hatterene|65\/100\n|-heal|p2b: Grimmsnarl|87\/100\n|move|p2b: Grimmsnarl|Crunch|p1a: Indeedee\n|-supereffective|p1a: Indeedee\n|-damage|p1a: Indeedee|15\/100\n|move|p1b: Armarouge|Heat Wave|p2a: Hatterene|[spread] p2a,p2b\n|-damage|p2a: Hatterene|19\/100\n|-damage|p2b: Grimmsnarl|36\/100\n|\n|-weather|Snow|[upkeep]\n|-heal|p2a: Hatterene|25\/100|[from] item: Leftovers\n|-sideend|p1: badplayerisplaying|move: Aurora Veil\n|upkeep\n|turn|17\n|\n|t:|1698432639\n|switch|p2b: Ting-Lu|Ting-Lu|37\/100\n|-ability|p2b: Ting-Lu|Vessel of Ruin\n|move|p1a: Indeedee|Follow Me|p1a: Indeedee\n|-singleturn|p1a: Indeedee|move: Follow Me\n|move|p2a: Hatterene|Heal Pulse|p1a: Indeedee\n|-heal|p1a: Indeedee|66\/100\n|move|p1b: Armarouge|Heat Wave|p2a: Hatterene|[spread] p2a,p2b\n|-damage|p2a: Hatterene|0 fnt\n|-damage|p2b: Ting-Lu|11\/100\n|faint|p2a: Hatterene\n|\n|-weather|Snow|[upkeep]\n|-heal|p2b: Ting-Lu|17\/100|[from] item: Leftovers\n|-fieldend|move: Psychic Terrain\n|upkeep\n|inactive|switchxclusive has 120 seconds left.\n|\n|t:|1698432662\n|switch|p2a: Torkoal|Torkoal, F|49\/100\n|turn|18\n|\n|t:|1698432686\n|move|p1a: Indeedee|Follow Me|p1a: Indeedee\n|-singleturn|p1a: Indeedee|move: Follow Me\n|move|p2a: Torkoal|Amnesia|p2a: Torkoal\n|-boost|p2a: Torkoal|spd|2\n|move|p2b: Ting-Lu|Spikes|p1b: Armarouge\n|-sidestart|p1: badplayerisplaying|Spikes\n|move|p1b: Armarouge|Heat Wave|p2b: Ting-Lu|[spread] p2a,p2b\n|-resisted|p2a: Torkoal\n|-damage|p2a: Torkoal|41\/100\n|-damage|p2b: Ting-Lu|0 fnt\n|faint|p2b: Ting-Lu\n|\n|-weather|none\n|-heal|p2a: Torkoal|47\/100|[from] item: Leftovers\n|-sideend|p2: switchxclusive|move: Light Screen\n|-fieldend|move: Trick Room\n|upkeep\n|inactive|switchxclusive has 120 seconds left.\n|\n|t:|1698432704\n|switch|p2b: Grimmsnarl|Grimmsnarl, M|36\/100\n|turn|19\n|\n|t:|1698432724\n|move|p1a: Indeedee|Follow Me|p1a: Indeedee\n|-singleturn|p1a: Indeedee|move: Follow Me\n|move|p2b: Grimmsnarl|Light Screen|p2b: Grimmsnarl\n|-sidestart|p2: switchxclusive|move: Light Screen\n|move|p1b: Armarouge|Expanding Force|p2a: Torkoal\n|-damage|p2a: Torkoal|19\/100\n|move|p2a: Torkoal|Amnesia|p2a: Torkoal\n|-boost|p2a: Torkoal|spd|2\n|\n|-heal|p2a: Torkoal|25\/100|[from] item: Leftovers\n|upkeep\n|turn|20\n|\n|t:|1698432744\n|move|p1a: Indeedee|Follow Me|p1a: Indeedee\n|-singleturn|p1a: Indeedee|move: Follow Me\n|move|p1b: Armarouge|Expanding Force|p2a: Torkoal\n|-damage|p2a: Torkoal|6\/100\n|move|p2b: Grimmsnarl|Crunch|p1a: Indeedee\n|-supereffective|p1a: Indeedee\n|-damage|p1a: Indeedee|0 fnt\n|faint|p1a: Indeedee\n|move|p2a: Torkoal|Rest|p2a: Torkoal\n|-status|p2a: Torkoal|slp|[from] move: Rest\n|-heal|p2a: Torkoal|100\/100 slp|[silent]\n|\n|upkeep\n|\n|t:|1698432757\n|switch|p1a: Garganacl|Garganacl, F|62\/100\n|-damage|p1a: Garganacl|50\/100|[from] Stealth Rock\n|-damage|p1a: Garganacl|38\/100|[from] Spikes\n|turn|21\n|\n|t:|1698432771\n|move|p1b: Armarouge|Heat Wave|p2b: Grimmsnarl|[spread] p2a,p2b\n|-resisted|p2a: Torkoal\n|-damage|p2a: Torkoal|92\/100 slp\n|-damage|p2b: Grimmsnarl|0 fnt\n|faint|p2b: Grimmsnarl\n|move|p1a: Garganacl|Recover|p1a: Garganacl\n|-heal|p1a: Garganacl|88\/100\n|cant|p2a: Torkoal|slp\n|\n|-heal|p2a: Torkoal|98\/100 slp|[from] item: Leftovers\n|upkeep\n|-message|switchxclusive forfeited.\n|\n|win|badplayerisplaying\n|raw|badplayerisplaying's rating: 1324 &rarr; <strong>1342<\/strong><br \/>(+18 for winning)\n|raw|switchxclusive's rating: 1286 &rarr; <strong>1264<\/strong><br \/>(-22 for losing)\n|l|\u2606switchxclusive\n","uploadtime":1698432786,"views":12,"p1id":"badplayerisplaying","p2id":"switchxclusive","formatid":"gen9doublesou","rating":1264,"private":0,"password":""}