{"id":"gen9doublesou-1993450951","p1":"Nicfelisha","p2":"FlaringFox64","format":"[Gen 9] Doubles OU","log":"|j|\u2606Nicfelisha\n|j|\u2606FlaringFox64\n|t:|1700319505\n|gametype|doubles\n|player|p1|Nicfelisha|265|1000\n|player|p2|FlaringFox64|2|1029\n|teamsize|p1|6\n|teamsize|p2|6\n|gen|9\n|tier|[Gen 9] Doubles OU\n|rated|\n|rule|Species Clause: Limit one of each Pok\u00e9mon\n|rule|OHKO Clause: OHKO moves are banned\n|rule|Evasion Moves Clause: Evasion moves are banned\n|rule|Gravity Sleep Clause: The combination of sleep-inducing moves with imperfect accuracy and Gravity or Gigantamax Orbeetle are banned\n|rule|Endless Battle Clause: Forcing endless battles is banned\n|rule|HP Percentage Mod: HP is shown in percentages\n|clearpoke\n|poke|p1|Cresselia, F|\n|poke|p1|Hatterene, F|\n|poke|p1|Amoonguss, F|\n|poke|p1|Indeedee-F, F|\n|poke|p1|Glastrier|\n|poke|p1|Torkoal, M|\n|poke|p2|Bellibolt, M|\n|poke|p2|Oranguru, M|\n|poke|p2|Donphan, L1, M|\n|poke|p2|Blissey, F|\n|poke|p2|Corviknight, M|\n|poke|p2|Maushold-Four|\n|teampreview\n|inactive|Battle timer is ON: inactive players will automatically lose when time's up. (requested by FlaringFox64)\n|\n|t:|1700319524\n|start\n|switch|p1a: Hatterene|Hatterene, F|100\/100\n|switch|p1b: Amoonguss|Amoonguss, F|100\/100\n|switch|p2a: Bellibolt|Bellibolt, M|100\/100\n|switch|p2b: Oranguru|Oranguru, M|100\/100\n|turn|1\n|\n|t:|1700319547\n|move|p2a: Bellibolt|Protect|p2a: Bellibolt\n|-singleturn|p2a: Bellibolt|Protect\n|move|p1b: Amoonguss|Protect|p1b: Amoonguss\n|-singleturn|p1b: Amoonguss|Protect\n|move|p2b: Oranguru|Trick Room|p2b: Oranguru\n|-fieldstart|move: Trick Room|[of] p2b: Oranguru\n|move|p1a: Hatterene|Trick Room|p1a: Hatterene\n|-fieldend|move: Trick Room\n|\n|upkeep\n|turn|2\n|\n|t:|1700319574\n|switch|p1b: Indeedee|Indeedee-F, F|100\/100\n|-fieldstart|move: Psychic Terrain|[from] ability: Psychic Surge|[of] p1b: Indeedee\n|move|p2b: Oranguru|Instruct|p2a: Bellibolt\n|-singleturn|p2a: Bellibolt|move: Instruct|[of] p2b: Oranguru\n|move|p2a: Bellibolt|Protect|p2a: Bellibolt\n|-singleturn|p2a: Bellibolt|Protect\n|move|p2a: Bellibolt|Parabolic Charge|p1a: Hatterene|[spread] p1a,p1b\n|-activate|p2b: Oranguru|ability: Telepathy\n|-damage|p1a: Hatterene|77\/100\n|-damage|p1b: Indeedee|80\/100\n|move|p1a: Hatterene|Dazzling Gleam|p2a: Bellibolt|[spread] p2b\n|-activate|p2a: Bellibolt|move: Protect\n|-damage|p2b: Oranguru|74\/100\n|-damage|p1a: Hatterene|67\/100|[from] item: Life Orb\n|\n|-heal|p2b: Oranguru|80\/100|[from] item: Leftovers\n|upkeep\n|turn|3\n|inactive|Nicfelisha has 120 seconds left.\n|inactive|FlaringFox64 has 120 seconds left.\n|\n|t:|1700319622\n|move|p1b: Indeedee|Dazzling Gleam|p2a: Bellibolt|[spread] p2a,p2b\n|-damage|p2a: Bellibolt|89\/100\n|-damage|p2b: Oranguru|73\/100\n|-start|p2a: Bellibolt|Charge|Dazzling Gleam|[from] ability: Electromorphosis\n|move|p2b: Oranguru|Instruct|p2a: Bellibolt\n|-singleturn|p2a: Bellibolt|move: Instruct|[of] p2b: Oranguru\n|move|p2a: Bellibolt|Parabolic Charge|p1a: Hatterene|[spread] p1a,p1b\n|-activate|p2b: Oranguru|ability: Telepathy\n|-damage|p1a: Hatterene|21\/100\n|-heal|p2a: Bellibolt|100\/100|[from] drain|[of] p1a: Hatterene\n|-damage|p1b: Indeedee|42\/100\n|-end|p2a: Bellibolt|Charge|[silent]\n|move|p2a: Bellibolt|Parabolic Charge|p1a: Hatterene|[spread] p1a,p1b\n|-activate|p2b: Oranguru|ability: Telepathy\n|-damage|p1a: Hatterene|0 fnt\n|-damage|p1b: Indeedee|22\/100\n|faint|p1a: Hatterene\n|\n|-heal|p2b: Oranguru|79\/100|[from] item: Leftovers\n|upkeep\n|inactive|Nicfelisha has 90 seconds left.\n|\n|t:|1700319645\n|switch|p1a: Cresselia|Cresselia, F|100\/100\n|turn|4\n|\n|t:|1700319666\n|move|p1b: Indeedee|Protect|p1b: Indeedee\n|-singleturn|p1b: Indeedee|Protect\n|move|p2b: Oranguru|Instruct|p2a: Bellibolt\n|-singleturn|p2a: Bellibolt|move: Instruct|[of] p2b: Oranguru\n|move|p2a: Bellibolt|Parabolic Charge|p1b: Indeedee|[spread] p1a\n|-activate|p1b: Indeedee|move: Protect\n|-activate|p2b: Oranguru|ability: Telepathy\n|-damage|p1a: Cresselia|84\/100\n|move|p2a: Bellibolt|Parabolic Charge|p1b: Indeedee|[spread] p1a\n|-activate|p1b: Indeedee|move: Protect\n|-activate|p2b: Oranguru|ability: Telepathy\n|-damage|p1a: Cresselia|69\/100\n|move|p1a: Cresselia|Trick Room|p1a: Cresselia\n|-fieldstart|move: Trick Room|[of] p1a: Cresselia\n|\n|-heal|p2b: Oranguru|85\/100|[from] item: Leftovers\n|upkeep\n|turn|5\n|inactive|Nicfelisha has 120 seconds left.\n|\n|t:|1700319703\n|switch|p1b: Amoonguss|Amoonguss, F|100\/100\n|move|p2a: Bellibolt|Muddy Water|p1a: Cresselia|[spread] p1a,p1b\n|-resisted|p1b: Amoonguss\n|-damage|p1a: Cresselia|54\/100\n|-damage|p1b: Amoonguss|92\/100\n|move|p2b: Oranguru|Instruct|p2a: Bellibolt\n|-singleturn|p2a: Bellibolt|move: Instruct|[of] p2b: Oranguru\n|move|p2a: Bellibolt|Muddy Water|p1a: Cresselia|[spread] p1a,p1b\n|-resisted|p1b: Amoonguss\n|-damage|p1a: Cresselia|39\/100\n|-damage|p1b: Amoonguss|83\/100\n|-unboost|p1b: Amoonguss|accuracy|1\n|move|p1a: Cresselia|Ice Beam|p2b: Oranguru\n|-damage|p2b: Oranguru|75\/100\n|\n|-heal|p2b: Oranguru|81\/100|[from] item: Leftovers\n|upkeep\n|turn|6\n|inactive|Nicfelisha has 120 seconds left.\n|inactive|Nicfelisha has 90 seconds left.\n|\n|t:|1700319739\n|switch|p1a: Glastrier|Glastrier|100\/100\n|move|p1b: Amoonguss|Spore|p2b: Oranguru|[miss]\n|-miss|p1b: Amoonguss|p2b: Oranguru\n|move|p2a: Bellibolt|Parabolic Charge|p1a: Glastrier|[spread] p1a,p1b\n|-activate|p2b: Oranguru|ability: Telepathy\n|-resisted|p1b: Amoonguss\n|-damage|p1a: Glastrier|82\/100\n|-damage|p1b: Amoonguss|74\/100\n|move|p2b: Oranguru|Instruct|p2a: Bellibolt\n|-singleturn|p2a: Bellibolt|move: Instruct|[of] p2b: Oranguru\n|move|p2a: Bellibolt|Parabolic Charge|p1b: Amoonguss|[spread] p1a,p1b\n|-activate|p2b: Oranguru|ability: Telepathy\n|-resisted|p1b: Amoonguss\n|-damage|p1a: Glastrier|63\/100\n|-damage|p1b: Amoonguss|64\/100\n|\n|-heal|p2b: Oranguru|87\/100|[from] item: Leftovers\n|-fieldend|move: Psychic Terrain\n|upkeep\n|turn|7\n|inactive|Nicfelisha has 90 seconds left.\n|inactive|FlaringFox64 has 120 seconds left.\n|\n|t:|1700319796\n|move|p1b: Amoonguss|Spore|p2b: Oranguru\n|-status|p2b: Oranguru|slp|[from] move: Spore\n|move|p1a: Glastrier|High Horsepower|p2a: Bellibolt\n|-supereffective|p2a: Bellibolt\n|-damage|p2a: Bellibolt|33\/100\n|-start|p2a: Bellibolt|Charge|High Horsepower|[from] ability: Electromorphosis\n|move|p2a: Bellibolt|Parabolic Charge|p1b: Amoonguss|[spread] p1a,p1b\n|-activate|p2b: Oranguru|ability: Telepathy\n|-resisted|p1b: Amoonguss\n|-damage|p1a: Glastrier|27\/100\n|-heal|p2a: Bellibolt|50\/100|[from] drain|[of] p1a: Glastrier\n|-damage|p1b: Amoonguss|45\/100\n|-heal|p2a: Bellibolt|60\/100|[from] drain|[of] p1b: Amoonguss\n|-end|p2a: Bellibolt|Charge|[silent]\n|cant|p2b: Oranguru|slp\n|\n|-heal|p2a: Bellibolt|66\/100|[from] item: Leftovers\n|-heal|p2b: Oranguru|93\/100 slp|[from] item: Leftovers\n|upkeep\n|turn|8\n|-message|Nicfelisha forfeited.\n|\n|win|FlaringFox64\n|raw|Nicfelisha's rating: 1000 &rarr; <strong>1000<\/strong><br \/>(+0 for losing)\n|raw|FlaringFox64's rating: 1029 &rarr; <strong>1062<\/strong><br \/>(+33 for winning)\n|l|\u2606Nicfelisha\n","uploadtime":1700319821,"views":10,"p1id":"nicfelisha","p2id":"flaringfox64","formatid":"gen9doublesou","rating":1000,"private":0,"password":""}