{"id":"gen9doublesou-1973540837","p1":"xxholderoftehhaxxx","p2":"cotesmcgotes","format":"[Gen 9] Doubles OU","log":"|j|\u2606xxholderoftehhaxxx\n|j|\u2606cotesmcgotes\n|t:|1697988800\n|gametype|doubles\n|player|p1|xxholderoftehhaxxx|harlequin|1399\n|player|p2|cotesmcgotes|flannery|1357\n|teamsize|p1|6\n|teamsize|p2|6\n|gen|9\n|tier|[Gen 9] Doubles OU\n|rated|\n|rule|Species Clause: Limit one of each Pok\u00e9mon\n|rule|OHKO Clause: OHKO moves are banned\n|rule|Evasion Moves Clause: Evasion moves are banned\n|rule|Gravity Sleep Clause: The combination of sleep-inducing moves with imperfect accuracy and Gravity or Gigantamax Orbeetle are banned\n|rule|Endless Battle Clause: Forcing endless battles is banned\n|rule|HP Percentage Mod: HP is shown in percentages\n|clearpoke\n|poke|p1|Shiftry, F|\n|poke|p1|Tornadus, M|\n|poke|p1|Arbok, M|\n|poke|p1|Stonjourner, F|\n|poke|p1|Iron Moth|\n|poke|p1|Dondozo, M|\n|poke|p2|Manaphy|\n|poke|p2|Espathra, F|\n|poke|p2|Goodra-Hisui, F|\n|poke|p2|Ursaluna-Bloodmoon, M|\n|poke|p2|Ogerpon-Hearthflame, F|\n|poke|p2|Chien-Pao|\n|teampreview\n|\n|t:|1697988846\n|start\n|switch|p1a: Shiftry|Shiftry, F|100\/100\n|switch|p1b: Tornadus|Tornadus, M|100\/100\n|switch|p2a: Chien-Pao|Chien-Pao|100\/100\n|switch|p2b: Ogerpon|Ogerpon-Hearthflame, F|100\/100\n|-ability|p2a: Chien-Pao|Sword of Ruin\n|-ability|p2b: Ogerpon|Mold Breaker\n|turn|1\n|inactive|Battle timer is ON: inactive players will automatically lose when time's up. (requested by cotesmcgotes)\n|inactive|xxholderoftehhaxxx has 120 seconds left.\n|\n|t:|1697988892\n|switch|p1a: Arbok|Arbok, M|100\/100\n|-ability|p1a: Arbok|Intimidate|boost\n|-unboost|p2a: Chien-Pao|atk|1\n|-unboost|p2b: Ogerpon|atk|1\n|move|p1b: Tornadus|Tailwind|p1b: Tornadus\n|-sidestart|p1: xxholderoftehhaxxx|move: Tailwind\n|move|p2a: Chien-Pao|Ice Spinner|p1b: Tornadus\n|-supereffective|p1b: Tornadus\n|-damage|p1b: Tornadus|15\/100\n|move|p2b: Ogerpon|Ivy Cudgel|p1a: Arbok\n|-damage|p1a: Arbok|48\/100\n|\n|-heal|p1a: Arbok|54\/100|[from] item: Black Sludge\n|upkeep\n|turn|2\n|\n|t:|1697988917\n|move|p2b: Ogerpon|Spiky Shield|p2b: Ogerpon\n|-singleturn|p2b: Ogerpon|move: Protect\n|move|p1b: Tornadus|Focus Blast|p2a: Chien-Pao\n|-supereffective|p2a: Chien-Pao\n|-damage|p2a: Chien-Pao|0 fnt\n|faint|p2a: Chien-Pao\n|move|p1a: Arbok|Glare|p2b: Ogerpon\n|-activate|p2b: Ogerpon|move: Protect\n|\n|-heal|p1a: Arbok|60\/100|[from] item: Black Sludge\n|upkeep\n|inactive|cotesmcgotes has 120 seconds left.\n|\n|t:|1697988944\n|switch|p2a: Ursaluna|Ursaluna-Bloodmoon, M|100\/100\n|turn|3\n|\n|t:|1697988962\n|move|p1b: Tornadus|Protect|p1b: Tornadus\n|-singleturn|p1b: Tornadus|Protect\n|move|p1a: Arbok|Acid Spray|p2a: Ursaluna\n|-resisted|p2a: Ursaluna\n|-damage|p2a: Ursaluna|97\/100\n|-unboost|p2a: Ursaluna|spd|2\n|move|p2b: Ogerpon|Ivy Cudgel|p1b: Tornadus\n|-activate|p1b: Tornadus|move: Protect\n|move|p2a: Ursaluna|Earth Power|p1a: Arbok\n|-supereffective|p1a: Arbok\n|-damage|p1a: Arbok|0 fnt\n|faint|p1a: Arbok\n|\n|upkeep\n|\n|t:|1697988973\n|switch|p1a: Iron Moth|Iron Moth|100\/100\n|turn|4\n|\n|t:|1697988984\n|switch|p2a: Goodra|Goodra-Hisui, F|100\/100\n|-terastallize|p1a: Iron Moth|Fire\n|move|p1b: Tornadus|Bleakwind Storm|p2b: Ogerpon|[spread] p2a,p2b\n|-resisted|p2a: Goodra\n|-supereffective|p2b: Ogerpon\n|-damage|p2a: Goodra|92\/100\n|-damage|p2b: Ogerpon|31\/100\n|-unboost|p2b: Ogerpon|spe|1\n|move|p1a: Iron Moth|Heat Wave|p2a: Goodra|[spread] p2a,p2b\n|-damage|p2a: Goodra|58\/100\n|-damage|p2b: Ogerpon|0 fnt\n|faint|p2b: Ogerpon\n|-damage|p1a: Iron Moth|91\/100|[from] item: Life Orb\n|\n|-heal|p2a: Goodra|64\/100|[from] item: Leftovers\n|-sideend|p1: xxholderoftehhaxxx|move: Tailwind\n|upkeep\n|\n|t:|1697988998\n|switch|p2b: Ursaluna|Ursaluna-Bloodmoon, M|97\/100\n|turn|5\n|inactive|xxholderoftehhaxxx has 120 seconds left.\n|inactive|xxholderoftehhaxxx has 90 seconds left.\n|\n|t:|1697989068\n|move|p1b: Tornadus|Focus Blast|p2b: Ursaluna|[miss]\n|-miss|p1b: Tornadus|p2b: Ursaluna\n|move|p1a: Iron Moth|Heat Wave|p2b: Ursaluna|[spread] p2a\n|-miss|p1a: Iron Moth|p2b: Ursaluna\n|-damage|p2a: Goodra|30\/100\n|-damage|p1a: Iron Moth|81\/100|[from] item: Life Orb\n|move|p2a: Goodra|Iron Head|p1b: Tornadus\n|-damage|p1b: Tornadus|0 fnt\n|faint|p1b: Tornadus\n|move|p2b: Ursaluna|Earth Power|p1a: Iron Moth\n|-supereffective|p1a: Iron Moth\n|-damage|p1a: Iron Moth|0 fnt\n|faint|p1a: Iron Moth\n|-end|p1a: Iron Moth|Quark Drive|[silent]\n|\n|-heal|p2a: Goodra|36\/100|[from] item: Leftovers\n|upkeep\n|\n|t:|1697989081\n|switch|p1b: Stonjourner|Stonjourner, F|100\/100\n|switch|p1a: Shiftry|Shiftry, F|100\/100\n|turn|6\n|inactive|xxholderoftehhaxxx has 90 seconds left.\n|\n|t:|1697989112\n|-terastallize|p2b: Ursaluna|Fairy\n|move|p1a: Shiftry|Fake Out|p2b: Ursaluna\n|-damage|p2b: Ursaluna|87\/100\n|move|p1b: Stonjourner|Rock Polish|p1b: Stonjourner\n|-boost|p1b: Stonjourner|spe|2\n|move|p2a: Goodra|Iron Head|p1b: Stonjourner\n|-supereffective|p1b: Stonjourner\n|-damage|p1b: Stonjourner|56\/100\n|-enditem|p1b: Stonjourner|Weakness Policy\n|-boost|p1b: Stonjourner|atk|2|[from] item: Weakness Policy\n|-boost|p1b: Stonjourner|spa|2|[from] item: Weakness Policy\n|cant|p2b: Ursaluna|flinch\n|\n|-heal|p2a: Goodra|42\/100|[from] item: Leftovers\n|upkeep\n|turn|7\n|inactive|xxholderoftehhaxxx has 90 seconds left.\n|\n|t:|1697989142\n|move|p1b: Stonjourner|Wide Guard|p1b: Stonjourner\n|-singleturn|p1b: Stonjourner|Wide Guard\n|move|p1a: Shiftry|Explosion|p2a: Goodra|[spread] p2a,p2b\n|-activate|p1b: Stonjourner|move: Wide Guard\n|-resisted|p2a: Goodra\n|-damage|p2a: Goodra|11\/100\n|-damage|p2b: Ursaluna|43\/100\n|faint|p1a: Shiftry\n|move|p2a: Goodra|Life Dew|p2a: Goodra|[spread] p2a,p2b\n|-heal|p2a: Goodra|36\/100\n|-heal|p2b: Ursaluna|68\/100\n|move|p2b: Ursaluna|Moonblast|p1b: Stonjourner\n|-damage|p1b: Stonjourner|0 fnt\n|faint|p1b: Stonjourner\n|\n|-heal|p2a: Goodra|42\/100|[from] item: Leftovers\n|upkeep\n|-message|xxholderoftehhaxxx forfeited.\n|\n|win|cotesmcgotes\n|raw|xxholderoftehhaxxx's rating: 1399 &rarr; <strong>1377<\/strong><br \/>(-22 for losing)\n|raw|cotesmcgotes's rating: 1357 &rarr; <strong>1379<\/strong><br \/>(+22 for winning)\n|l|\u2606xxholderoftehhaxxx\n","uploadtime":1697989157,"views":22,"p1id":"xxholderoftehhaxxx","p2id":"cotesmcgotes","formatid":"gen9doublesou","rating":1377,"private":0,"password":""}