{"id":"gen9doublesou-1974331116","p1":"Mynameismarkiplier","p2":"edgypunishment","format":"[Gen 9] Doubles OU","log":"|j|\u2606Mynameismarkiplier\n|j|\u2606edgypunishment\n|t:|1698078482\n|gametype|doubles\n|player|p1|Mynameismarkiplier|n|1166\n|player|p2|edgypunishment|dawn|1088\n|teamsize|p1|6\n|teamsize|p2|6\n|gen|9\n|tier|[Gen 9] Doubles OU\n|rated|\n|rule|Species Clause: Limit one of each Pok\u00e9mon\n|rule|OHKO Clause: OHKO moves are banned\n|rule|Evasion Moves Clause: Evasion moves are banned\n|rule|Gravity Sleep Clause: The combination of sleep-inducing moves with imperfect accuracy and Gravity or Gigantamax Orbeetle are banned\n|rule|Endless Battle Clause: Forcing endless battles is banned\n|rule|HP Percentage Mod: HP is shown in percentages\n|clearpoke\n|poke|p1|Ninetales, F|\n|poke|p1|Typhlosion-Hisui, F|\n|poke|p1|Ogerpon-Hearthflame, F|\n|poke|p1|Walking Wake|\n|poke|p1|Torkoal, M|\n|poke|p1|Armarouge, F|\n|poke|p2|Florges-Blue, F|\n|poke|p2|Iron Valiant|\n|poke|p2|Flutter Mane|\n|poke|p2|Azumarill, M|\n|poke|p2|Carbink|\n|poke|p2|Tinkaton, F|\n|teampreview\n|inactive|Battle timer is ON: inactive players will automatically lose when time's up. (requested by edgypunishment)\n|\n|t:|1698078485\n|start\n|switch|p1a: Ninetales|Ninetales, F|100\/100\n|switch|p1b: Typhlosion|Typhlosion-Hisui, F|100\/100\n|switch|p2a: Florges|Florges-Blue, F|100\/100\n|switch|p2b: Iron Valiant|Iron Valiant|100\/100\n|-weather|SunnyDay|[from] ability: Drought|[of] p1a: Ninetales\n|-enditem|p2b: Iron Valiant|Booster Energy\n|-activate|p2a: Florges|ability: Symbiosis|Focus Sash|[of] p2b: Iron Valiant\n|-activate|p2b: Iron Valiant|ability: Quark Drive|[fromitem]\n|-start|p2b: Iron Valiant|quarkdrivespe\n|turn|1\n|\n|t:|1698078515\n|move|p1a: Ninetales|Helping Hand|p1b: Typhlosion\n|-singleturn|p1b: Typhlosion|Helping Hand|[of] p1a: Ninetales\n|move|p2a: Florges|Helping Hand|p2b: Iron Valiant\n|-singleturn|p2b: Iron Valiant|Helping Hand|[of] p2a: Florges\n|move|p2b: Iron Valiant|Zen Headbutt|p1b: Typhlosion\n|-damage|p1b: Typhlosion|40\/100\n|move|p1b: Typhlosion|Eruption|p2a: Florges|[spread] p2a,p2b\n|-damage|p2a: Florges|62\/100\n|-damage|p2b: Iron Valiant|13\/100\n|\n|-weather|SunnyDay|[upkeep]\n|upkeep\n|turn|2\n|\n|t:|1698078536\n|move|p1a: Ninetales|Helping Hand|p1b: Typhlosion\n|-singleturn|p1b: Typhlosion|Helping Hand|[of] p1a: Ninetales\n|move|p2b: Iron Valiant|Zen Headbutt|p1b: Typhlosion\n|-damage|p1b: Typhlosion|0 fnt\n|faint|p1b: Typhlosion\n|move|p2a: Florges|Calm Mind|p2a: Florges\n|-boost|p2a: Florges|spa|1\n|-boost|p2a: Florges|spd|1\n|\n|-weather|SunnyDay|[upkeep]\n|upkeep\n|\n|t:|1698078546\n|switch|p1b: Walking Wake|Walking Wake|100\/100\n|-activate|p1b: Walking Wake|ability: Protosynthesis\n|-start|p1b: Walking Wake|protosynthesisspe\n|turn|3\n|\n|t:|1698078569\n|move|p2b: Iron Valiant|Close Combat|p1a: Ninetales\n|-damage|p1a: Ninetales|27\/100\n|-unboost|p2b: Iron Valiant|def|1\n|-unboost|p2b: Iron Valiant|spd|1\n|move|p1b: Walking Wake|Hydro Steam|p2b: Iron Valiant\n|-damage|p2b: Iron Valiant|0 fnt\n|faint|p2b: Iron Valiant\n|-end|p2b: Iron Valiant|Quark Drive|[silent]\n|-damage|p1b: Walking Wake|91\/100|[from] item: Life Orb\n|move|p1a: Ninetales|Encore|p2a: Florges\n|-start|p2a: Florges|Encore\n|move|p2a: Florges|Calm Mind|p2a: Florges\n|-boost|p2a: Florges|spa|1\n|-boost|p2a: Florges|spd|1\n|\n|-weather|SunnyDay|[upkeep]\n|upkeep\n|inactive|edgypunishment has 120 seconds left.\n|\n|t:|1698078586\n|switch|p2b: Flutter Mane|Flutter Mane|100\/100\n|-activate|p2b: Flutter Mane|ability: Protosynthesis\n|-start|p2b: Flutter Mane|protosynthesisspe\n|turn|4\n|\n|t:|1698078598\n|switch|p1a: Ogerpon|Ogerpon-Hearthflame, F|100\/100\n|-ability|p1a: Ogerpon|Mold Breaker\n|move|p2b: Flutter Mane|Dazzling Gleam|p1a: Ogerpon|[spread] p1a,p1b\n|-resisted|p1a: Ogerpon\n|-supereffective|p1b: Walking Wake\n|-damage|p1a: Ogerpon|84\/100\n|-damage|p1b: Walking Wake|0 fnt\n|faint|p1b: Walking Wake\n|-end|p1b: Walking Wake|Protosynthesis|[silent]\n|move|p2a: Florges|Calm Mind|p2a: Florges\n|-boost|p2a: Florges|spa|1\n|-boost|p2a: Florges|spd|1\n|\n|-weather|SunnyDay|[upkeep]\n|upkeep\n|\n|t:|1698078606\n|switch|p1b: Armarouge|Armarouge, F|100\/100\n|turn|5\n|\n|t:|1698078620\n|-terastallize|p1a: Ogerpon|Fire\n|detailschange|p1a: Ogerpon|Ogerpon-Hearthflame-Tera, F, tera:Fire\n|-ability|p1a: Ogerpon|Embody Aspect (Hearthflame)|boost\n|-boost|p1a: Ogerpon|atk|1\n|move|p2b: Flutter Mane|Shadow Ball|p1b: Armarouge\n|-supereffective|p1b: Armarouge\n|-damage|p1b: Armarouge|0 fnt\n|faint|p1b: Armarouge\n|move|p1a: Ogerpon|Ivy Cudgel|p2a: Florges\n|-damage|p2a: Florges|0 fnt\n|faint|p2a: Florges\n|\n|-weather|SunnyDay|[upkeep]\n|upkeep\n|\n|t:|1698078633\n|switch|p1b: Torkoal|Torkoal, M|100\/100\n|switch|p2a: Carbink|Carbink|100\/100\n|turn|6\n|\n|t:|1698078648\n|move|p2b: Flutter Mane|Shadow Ball|p1a: Ogerpon\n|-damage|p1a: Ogerpon|36\/100\n|-unboost|p1a: Ogerpon|spd|1\n|move|p1a: Ogerpon|Horn Leech|p2a: Carbink\n|-supereffective|p2a: Carbink\n|-damage|p2a: Carbink|6\/100\n|-heal|p1a: Ogerpon|84\/100|[from] drain|[of] p2a: Carbink\n|move|p2a: Carbink|Stone Edge|p1b: Torkoal\n|-supereffective|p1b: Torkoal\n|-crit|p1b: Torkoal\n|-damage|p1b: Torkoal|67\/100\n|move|p1b: Torkoal|Earth Power|p2b: Flutter Mane\n|-damage|p2b: Flutter Mane|83\/100\n|\n|-weather|SunnyDay|[upkeep]\n|upkeep\n|turn|7\n|\n|t:|1698078667\n|move|p2b: Flutter Mane|Shadow Ball|p1a: Ogerpon\n|-damage|p1a: Ogerpon|14\/100\n|move|p1a: Ogerpon|Knock Off|p2b: Flutter Mane\n|-damage|p2b: Flutter Mane|0 fnt\n|-enditem|p2b: Flutter Mane|Expert Belt|[from] move: Knock Off|[of] p1a: Ogerpon\n|faint|p2b: Flutter Mane\n|-end|p2b: Flutter Mane|Protosynthesis|[silent]\n|move|p2a: Carbink|Stone Edge|p1b: Torkoal\n|-supereffective|p1b: Torkoal\n|-damage|p1b: Torkoal|45\/100\n|move|p1b: Torkoal|Earth Power|p2a: Carbink\n|-supereffective|p2a: Carbink\n|-damage|p2a: Carbink|0 fnt\n|faint|p2a: Carbink\n|\n|-weather|SunnyDay|[upkeep]\n|upkeep\n|\n|t:|1698078682\n|switch|p2b: Tinkaton|Tinkaton, F|100\/100\n|switch|p2a: Azumarill|Azumarill, M|100\/100\n|turn|8\n|\n|t:|1698078692\n|move|p2a: Azumarill|Aqua Jet|p1a: Ogerpon\n|-supereffective|p1a: Ogerpon\n|-damage|p1a: Ogerpon|0 fnt\n|faint|p1a: Ogerpon\n|move|p2b: Tinkaton|Brick Break|p1b: Torkoal\n|-damage|p1b: Torkoal|33\/100\n|move|p1b: Torkoal|Earth Power|p2b: Tinkaton\n|-supereffective|p2b: Tinkaton\n|-damage|p2b: Tinkaton|63\/100\n|\n|-weather|none\n|upkeep\n|\n|t:|1698078700\n|switch|p1a: Ninetales|Ninetales, F|27\/100\n|-weather|SunnyDay|[from] ability: Drought|[of] p1a: Ninetales\n|turn|9\n|-activate|p2b: Tinkaton|item: Quick Claw\n|\n|t:|1698078721\n|-terastallize|p2b: Tinkaton|Fairy\n|move|p1b: Torkoal|Protect|p1b: Torkoal\n|-singleturn|p1b: Torkoal|Protect\n|move|p2b: Tinkaton|Play Rough|p1b: Torkoal\n|-activate|p1b: Torkoal|move: Protect\n|move|p1a: Ninetales|Flamethrower|p2b: Tinkaton\n|-damage|p2b: Tinkaton|24\/100\n|move|p2a: Azumarill|Liquidation|p1a: Ninetales\n|-supereffective|p1a: Ninetales\n|-damage|p1a: Ninetales|0 fnt\n|faint|p1a: Ninetales\n|\n|-weather|SunnyDay|[upkeep]\n|upkeep\n|turn|10\n|\n|t:|1698078738\n|move|p2b: Tinkaton|Play Rough|p1b: Torkoal\n|-resisted|p1b: Torkoal\n|-damage|p1b: Torkoal|19\/100\n|move|p2a: Azumarill|Liquidation|p1b: Torkoal\n|-supereffective|p1b: Torkoal\n|-damage|p1b: Torkoal|0 fnt\n|faint|p1b: Torkoal\n|\n|win|edgypunishment\n|raw|Mynameismarkiplier's rating: 1166 &rarr; <strong>1134<\/strong><br \/>(-32 for losing)\n|raw|edgypunishment's rating: 1069 &rarr; <strong>1107<\/strong><br \/>(+38 for winning)\n|l|\u2606Mynameismarkiplier\n","uploadtime":1698078747,"views":15,"p1id":"mynameismarkiplier","p2id":"edgypunishment","formatid":"gen9doublesou","rating":1107,"private":0,"password":""}