{"id":"gen9doublesou-1995661041","p1":"switchxclusive","p2":"LordSandaime","format":"[Gen 9] Doubles OU","log":"|j|\u2606switchxclusive\n|j|\u2606LordSandaime\n|t:|1700591718\n|gametype|doubles\n|player|p1|switchxclusive|170|1292\n|player|p2|LordSandaime|alder|1549\n|teamsize|p1|6\n|teamsize|p2|6\n|gen|9\n|tier|[Gen 9] Doubles OU\n|rated|\n|rule|Species Clause: Limit one of each Pok\u00e9mon\n|rule|OHKO Clause: OHKO moves are banned\n|rule|Evasion Moves Clause: Evasion moves are banned\n|rule|Gravity Sleep Clause: The combination of sleep-inducing moves with imperfect accuracy and Gravity or Gigantamax Orbeetle are banned\n|rule|Endless Battle Clause: Forcing endless battles is banned\n|rule|HP Percentage Mod: HP is shown in percentages\n|clearpoke\n|poke|p1|Flamigo, F|\n|poke|p1|Kommo-o, M|\n|poke|p1|Manaphy|\n|poke|p1|Indeedee-F, F|\n|poke|p1|Clefairy, F|\n|poke|p1|Sinistcha|\n|poke|p2|Tyranitar, M|\n|poke|p2|Sneasler, M|\n|poke|p2|Gholdengo|\n|poke|p2|Volcarona, M|\n|poke|p2|Farigiraf, M|\n|poke|p2|Azumarill, M|\n|teampreview\n|inactive|Battle timer is ON: inactive players will automatically lose when time's up. (requested by LordSandaime)\n|inactive|switchxclusive has 120 seconds left.\n|\n|t:|1700591752\n|start\n|switch|p1a: Kommo-o|Kommo-o, M|100\/100\n|switch|p1b: Indeedee|Indeedee-F, F|100\/100\n|switch|p2a: Gholdengo|Gholdengo|100\/100\n|switch|p2b: Sneasler|Sneasler, M|100\/100\n|-fieldstart|move: Psychic Terrain|[from] ability: Psychic Surge|[of] p1b: Indeedee\n|turn|1\n|inactive|switchxclusive has 120 seconds left.\n|\n|t:|1700591789\n|-terastallize|p2a: Gholdengo|Steel\n|move|p2a: Gholdengo|Make It Rain|p1a: Kommo-o|[spread] p1a,p1b\n|-crit|p1a: Kommo-o\n|-damage|p1a: Kommo-o|19\/100\n|-damage|p1b: Indeedee|42\/100\n|-unboost|p2a: Gholdengo|spa|1\n|-enditem|p1a: Kommo-o|Sitrus Berry|[eat]\n|-heal|p1a: Kommo-o|44\/100|[from] item: Sitrus Berry\n|-enditem|p1b: Indeedee|Sitrus Berry|[eat]\n|-heal|p1b: Indeedee|67\/100|[from] item: Sitrus Berry\n|move|p2b: Sneasler|Dire Claw|p1a: Kommo-o\n|-damage|p1a: Kommo-o|7\/100\n|move|p1a: Kommo-o|Clangorous Soul||[still]\n|-fail|p1a: Kommo-o\n|move|p1b: Indeedee|Psyshock|p2b: Sneasler\n|-supereffective|p2b: Sneasler\n|-damage|p2b: Sneasler|0 fnt\n|faint|p2b: Sneasler\n|\n|upkeep\n|\n|t:|1700591802\n|switch|p2b: Tyranitar|Tyranitar, M|100\/100\n|-weather|Sandstorm|[from] ability: Sand Stream|[of] p2b: Tyranitar\n|turn|2\n|\n|t:|1700591826\n|switch|p1b: Sinistcha|Sinistcha|100\/100\n|-heal|p1a: Kommo-o|32\/100|[from] ability: Hospitality|[of] p1b: Sinistcha\n|move|p1a: Kommo-o|Protect|p1a: Kommo-o\n|-singleturn|p1a: Kommo-o|Protect\n|move|p2a: Gholdengo|Make It Rain|p1b: Sinistcha|[spread] p1b\n|-activate|p1a: Kommo-o|move: Protect\n|-damage|p1b: Sinistcha|65\/100\n|-unboost|p2a: Gholdengo|spa|1\n|move|p2b: Tyranitar|Knock Off|p1b: Sinistcha\n|-supereffective|p1b: Sinistcha\n|-damage|p1b: Sinistcha|0 fnt\n|-enditem|p1b: Sinistcha|Leftovers|[from] move: Knock Off|[of] p2b: Tyranitar\n|faint|p1b: Sinistcha\n|\n|-weather|Sandstorm|[upkeep]\n|upkeep\n|inactive|switchxclusive has 120 seconds left.\n|\n|t:|1700591855\n|switch|p1b: Indeedee|Indeedee-F, F|67\/100\n|turn|3\n|inactive|switchxclusive has 120 seconds left.\n|\n|t:|1700591872\n|switch|p2b: Azumarill|Azumarill, M|100\/100\n|-terastallize|p1a: Kommo-o|Steel\n|move|p1b: Indeedee|Helping Hand|p1a: Kommo-o\n|-singleturn|p1a: Kommo-o|Helping Hand|[of] p1b: Indeedee\n|move|p2a: Gholdengo|Make It Rain|p1a: Kommo-o|[spread] p1a,p1b\n|-resisted|p1a: Kommo-o\n|-damage|p1a: Kommo-o|17\/100\n|-damage|p1b: Indeedee|36\/100\n|-unboost|p2a: Gholdengo|spa|1\n|move|p1a: Kommo-o|Drain Punch|p2b: Azumarill\n|-resisted|p2b: Azumarill\n|-damage|p2b: Azumarill|82\/100\n|-heal|p1a: Kommo-o|30\/100|[from] drain|[of] p2b: Azumarill\n|\n|-weather|Sandstorm|[upkeep]\n|-damage|p1b: Indeedee|30\/100|[from] Sandstorm\n|-damage|p2b: Azumarill|76\/100|[from] Sandstorm\n|upkeep\n|turn|4\n|inactive|switchxclusive has 120 seconds left.\n|\n|t:|1700591902\n|switch|p2a: Volcarona|Volcarona, M|100\/100\n|move|p1b: Indeedee|Helping Hand|p1a: Kommo-o\n|-singleturn|p1a: Kommo-o|Helping Hand|[of] p1b: Indeedee\n|move|p1a: Kommo-o|Drain Punch|p2a: Volcarona\n|-resisted|p2a: Volcarona\n|-damage|p2a: Volcarona|72\/100\n|-heal|p1a: Kommo-o|44\/100|[from] drain|[of] p2a: Volcarona\n|-status|p1a: Kommo-o|brn|[from] ability: Flame Body|[of] p2a: Volcarona\n|move|p2b: Azumarill|Ice Spinner|p1b: Indeedee\n|-crit|p1b: Indeedee\n|-damage|p1b: Indeedee|0 fnt\n|-fieldend|move: Psychic Terrain\n|faint|p1b: Indeedee\n|\n|-weather|Sandstorm|[upkeep]\n|-damage|p2a: Volcarona|66\/100|[from] Sandstorm\n|-damage|p2b: Azumarill|70\/100|[from] Sandstorm\n|-damage|p1a: Kommo-o|38\/100 brn|[from] brn\n|upkeep\n|\n|t:|1700591928\n|switch|p1b: Clefairy|Clefairy, F|100\/100\n|turn|5\n|\n|t:|1700591944\n|move|p2a: Volcarona|Fiery Dance|p1a: Kommo-o\n|-supereffective|p1a: Kommo-o\n|-damage|p1a: Kommo-o|0 fnt\n|faint|p1a: Kommo-o\n|move|p2b: Azumarill|Belly Drum|p2b: Azumarill\n|-damage|p2b: Azumarill|20\/100\n|-setboost|p2b: Azumarill|atk|6|[from] move: Belly Drum\n|-enditem|p2b: Azumarill|Sitrus Berry|[eat]\n|-heal|p2b: Azumarill|45\/100|[from] item: Sitrus Berry\n|move|p1b: Clefairy|Heal Pulse|p1: Kommo-o|[notarget]\n|-fail|p1b: Clefairy\n|\n|-weather|Sandstorm|[upkeep]\n|-damage|p2a: Volcarona|60\/100|[from] Sandstorm\n|-damage|p2b: Azumarill|38\/100|[from] Sandstorm\n|-damage|p1b: Clefairy|94\/100|[from] Sandstorm\n|upkeep\n|\n|t:|1700591960\n|switch|p1a: Manaphy|Manaphy|100\/100\n|turn|6\n|\n|t:|1700591976\n|switch|p2b: Farigiraf|Farigiraf, M|100\/100\n|move|p1b: Clefairy|Follow Me|p1b: Clefairy\n|-singleturn|p1b: Clefairy|move: Follow Me\n|move|p2a: Volcarona|Tailwind|p2a: Volcarona\n|-sidestart|p2: LordSandaime|move: Tailwind\n|move|p1a: Manaphy|Heart Swap|p2b: Farigiraf\n|-swapboost|p1a: Manaphy|p2b: Farigiraf|[from] move: Heart Swap\n|\n|-weather|none\n|upkeep\n|turn|7\n|inactive|switchxclusive has 120 seconds left.\n|\n|t:|1700591995\n|move|p2a: Volcarona|Fiery Dance|p1b: Clefairy\n|-damage|p1b: Clefairy|57\/100\n|move|p2b: Farigiraf|Psychic|p1b: Clefairy\n|-damage|p1b: Clefairy|16\/100\n|move|p1a: Manaphy|Aqua Ring|p1a: Manaphy\n|-start|p1a: Manaphy|Aqua Ring\n|move|p1b: Clefairy|Cosmic Power|p1b: Clefairy\n|-boost|p1b: Clefairy|def|1\n|-boost|p1b: Clefairy|spd|1\n|\n|upkeep\n|turn|8\n|\n|t:|1700592014\n|switch|p1a: Flamigo|Flamigo, F|100\/100\n|-copyboost|p1a: Flamigo|p1b: Clefairy|[from] ability: Costar\n|move|p2a: Volcarona|Fiery Dance|p1b: Clefairy\n|-damage|p1b: Clefairy|0 fnt\n|faint|p1b: Clefairy\n|move|p2b: Farigiraf|Psychic|p1a: Flamigo\n|-supereffective|p1a: Flamigo\n|-damage|p1a: Flamigo|34\/100\n|-enditem|p1a: Flamigo|Sitrus Berry|[eat]\n|-heal|p1a: Flamigo|59\/100|[from] item: Sitrus Berry\n|\n|upkeep\n|\n|t:|1700592026\n|switch|p1b: Manaphy|Manaphy|100\/100\n|turn|9\n|\n|t:|1700592044\n|move|p2a: Volcarona|Giga Drain|p1b: Manaphy\n|-supereffective|p1b: Manaphy\n|-damage|p1b: Manaphy|62\/100\n|-heal|p2a: Volcarona|85\/100|[from] drain|[of] p1b: Manaphy\n|move|p2b: Farigiraf|Psychic|p1a: Flamigo\n|-supereffective|p1a: Flamigo\n|-damage|p1a: Flamigo|0 fnt\n|faint|p1a: Flamigo\n|move|p1b: Manaphy|Aqua Ring|p1b: Manaphy\n|-start|p1b: Manaphy|Aqua Ring\n|\n|-heal|p1b: Manaphy|69\/100|[from] item: Leftovers\n|-heal|p1b: Manaphy|75\/100|[from] Aqua Ring\n|-sideend|p2: LordSandaime|move: Tailwind\n|upkeep\n|turn|10\n|-message|switchxclusive forfeited.\n|\n|win|LordSandaime\n|raw|switchxclusive's rating: 1292 &rarr; <strong>1283<\/strong><br \/>(-9 for losing)\n|raw|LordSandaime's rating: 1549 &rarr; <strong>1556<\/strong><br \/>(+7 for winning)\n|l|\u2606switchxclusive\n","uploadtime":1700592065,"views":1,"p1id":"switchxclusive","p2id":"lordsandaime","formatid":"gen9doublesou","rating":1283,"private":0,"password":""}