{"id":"gen9doublesou-1970854245","p1":"hysali30","p2":"BlazeBrawl","format":"[Gen 9] Doubles OU","log":"|j|\u2606hysali30\n|j|\u2606BlazeBrawl\n|t:|1697674022\n|gametype|doubles\n|player|p1|hysali30|dancer|1222\n|player|p2|BlazeBrawl|swimmerf-gen4dp|1147\n|teamsize|p1|6\n|teamsize|p2|6\n|gen|9\n|tier|[Gen 9] Doubles OU\n|rated|\n|rule|Species Clause: Limit one of each Pok\u00e9mon\n|rule|OHKO Clause: OHKO moves are banned\n|rule|Evasion Moves Clause: Evasion moves are banned\n|rule|Gravity Sleep Clause: The combination of sleep-inducing moves with imperfect accuracy and Gravity or Gigantamax Orbeetle are banned\n|rule|Endless Battle Clause: Forcing endless battles is banned\n|rule|HP Percentage Mod: HP is shown in percentages\n|clearpoke\n|poke|p1|Tornadus, M|\n|poke|p1|Empoleon, M|\n|poke|p1|Scyther, M|\n|poke|p1|Ambipom, M|\n|poke|p1|Garchomp, M|\n|poke|p1|Tyranitar, F|\n|poke|p2|Grimmsnarl, M|\n|poke|p2|Pawmot, M|\n|poke|p2|Iron Hands|\n|poke|p2|Iron Moth|\n|poke|p2|Empoleon, M|\n|poke|p2|Gardevoir, F|\n|teampreview\n|inactive|Battle timer is ON: inactive players will automatically lose when time's up. (requested by hysali30)\n|\n|t:|1697674031\n|start\n|switch|p1a: Garchomp|Garchomp, M|100\/100\n|switch|p1b: Tyranitar|Tyranitar, F|100\/100\n|switch|p2a: Grimmins|Grimmsnarl, M|100\/100\n|switch|p2b: Waffles|Pawmot, M|100\/100\n|-weather|Sandstorm|[from] ability: Sand Stream|[of] p1b: Tyranitar\n|turn|1\n|\n|t:|1697674046\n|-terastallize|p1a: Garchomp|Poison\n|move|p2a: Grimmins|Reflect|p2a: Grimmins\n|-sidestart|p2: BlazeBrawl|Reflect\n|move|p2b: Waffles|Bulk Up|p2b: Waffles\n|-boost|p2b: Waffles|atk|1\n|-boost|p2b: Waffles|def|1\n|move|p1a: Garchomp|Swords Dance|p1a: Garchomp\n|-boost|p1a: Garchomp|atk|2\n|move|p1b: Tyranitar|Dragon Dance|p1b: Tyranitar\n|-boost|p1b: Tyranitar|atk|1\n|-boost|p1b: Tyranitar|spe|1\n|\n|-weather|Sandstorm|[upkeep]\n|-damage|p2b: Waffles|94\/100|[from] Sandstorm\n|-damage|p2a: Grimmins|94\/100|[from] Sandstorm\n|upkeep\n|turn|2\n|\n|t:|1697674066\n|move|p2a: Grimmins|Light Screen|p2a: Grimmins\n|-sidestart|p2: BlazeBrawl|move: Light Screen\n|move|p2b: Waffles|Bulk Up|p2b: Waffles\n|-boost|p2b: Waffles|atk|1\n|-boost|p2b: Waffles|def|1\n|move|p1a: Garchomp|Poison Jab|p2a: Grimmins\n|-supereffective|p2a: Grimmins\n|-damage|p2a: Grimmins|0 fnt\n|faint|p2a: Grimmins\n|-damage|p1a: Garchomp|91\/100|[from] item: Life Orb\n|move|p1b: Tyranitar|Stone Edge|p2b: Waffles|[miss]\n|-miss|p1b: Tyranitar|p2b: Waffles\n|\n|-weather|Sandstorm|[upkeep]\n|-damage|p2b: Waffles|88\/100|[from] Sandstorm\n|upkeep\n|inactive|BlazeBrawl has 120 seconds left.\n|\n|t:|1697674096\n|switch|p2a: Trident|Empoleon, M|100\/100\n|turn|3\n|inactive|BlazeBrawl has 120 seconds left.\n|\n|t:|1697674121\n|switch|p1b: Scyther|Scyther, M|100\/100\n|move|p2b: Waffles|Helping Hand|p2a: Trident\n|-singleturn|p2a: Trident|Helping Hand|[of] p2b: Waffles\n|move|p1a: Garchomp|Earthquake|p2a: Trident|[spread] p2a,p2b\n|-immune|p1b: Scyther\n|-supereffective|p2a: Trident\n|-supereffective|p2b: Waffles\n|-enditem|p2b: Waffles|Shuca Berry|[eat]\n|-enditem|p2b: Waffles|Shuca Berry|[weaken]\n|-damage|p2a: Trident|0 fnt\n|-damage|p2b: Waffles|36\/100\n|faint|p2a: Trident\n|-damage|p1a: Garchomp|81\/100|[from] item: Life Orb\n|\n|-weather|Sandstorm|[upkeep]\n|-damage|p1b: Scyther|94\/100|[from] Sandstorm\n|-damage|p2b: Waffles|30\/100|[from] Sandstorm\n|upkeep\n|\n|t:|1697674133\n|switch|p2a: Aida|Gardevoir, F|100\/100\n|-ability|p2a: Aida|Technician|[from] ability: Trace|[of] p1b: Scyther\n|turn|4\n|\n|t:|1697674147\n|move|p2b: Waffles|Baton Pass|p2b: Waffles\n|inactive|BlazeBrawl has 120 seconds left.\n|\n|t:|1697674159\n|switch|p2b: HariTron-9000|Iron Hands|100\/100|[from] Baton Pass\n|-item|p2b: HariTron-9000|Air Balloon\n|move|p1b: Scyther|Dual Wingbeat|p2b: HariTron-9000\n|-damage|p2b: HariTron-9000|92\/100\n|-enditem|p2b: HariTron-9000|Air Balloon\n|-damage|p2b: HariTron-9000|83\/100\n|-hitcount|p2b: HariTron-9000|2\n|move|p1a: Garchomp|Poison Jab|p2a: Aida\n|-supereffective|p2a: Aida\n|-damage|p2a: Aida|0 fnt\n|faint|p2a: Aida\n|-damage|p1a: Garchomp|71\/100|[from] item: Life Orb\n|\n|-weather|Sandstorm|[upkeep]\n|-damage|p1b: Scyther|88\/100|[from] Sandstorm\n|-damage|p2b: HariTron-9000|77\/100|[from] Sandstorm\n|upkeep\n|inactive|BlazeBrawl has 120 seconds left.\n|\n|t:|1697674182\n|switch|p2a: Waffles|Pawmot, M|30\/100\n|turn|5\n|\n|t:|1697674191\n|move|p2a: Waffles|Helping Hand|p2b: HariTron-9000\n|-singleturn|p2b: HariTron-9000|Helping Hand|[of] p2a: Waffles\n|move|p1b: Scyther|Dual Wingbeat|p2b: HariTron-9000\n|-damage|p2b: HariTron-9000|68\/100\n|-damage|p2b: HariTron-9000|60\/100\n|-hitcount|p2b: HariTron-9000|2\n|move|p1a: Garchomp|Earthquake|p2b: HariTron-9000|[spread] p2a,p2b\n|-immune|p1b: Scyther\n|-supereffective|p2a: Waffles\n|-supereffective|p2b: HariTron-9000\n|-damage|p2a: Waffles|0 fnt\n|-damage|p2b: HariTron-9000|14\/100\n|faint|p2a: Waffles\n|-damage|p1a: Garchomp|61\/100|[from] item: Life Orb\n|move|p2b: HariTron-9000|Earthquake|p1b: Scyther|[spread] \n|-immune|p1b: Scyther\n|-miss|p2b: HariTron-9000|p1a: Garchomp\n|\n|-weather|none\n|upkeep\n|inactive|BlazeBrawl has 120 seconds left.\n|-message|BlazeBrawl forfeited.\n|\n|win|hysali30\n|raw|hysali30's rating: 1222 &rarr; <strong>1242<\/strong><br \/>(+20 for winning)\n|raw|BlazeBrawl's rating: 1147 &rarr; <strong>1127<\/strong><br \/>(-20 for losing)\n|l|\u2606BlazeBrawl\n","uploadtime":1697674225,"views":14,"p1id":"hysali30","p2id":"blazebrawl","formatid":"gen9doublesou","rating":1127,"private":0,"password":""}