{"id":"gen9doublesou-1979272010","p1":"Dr Depresserino","p2":"jdr1409","format":"[Gen 9] Doubles OU","log":"|j|\u2606Dr Depresserino\n|j|\u2606jdr1409\n|t:|1698664446\n|gametype|doubles\n|player|p1|Dr Depresserino|170|1168\n|player|p2|jdr1409|bruno|1118\n|teamsize|p1|6\n|teamsize|p2|6\n|gen|9\n|tier|[Gen 9] Doubles OU\n|rated|\n|rule|Species Clause: Limit one of each Pok\u00e9mon\n|rule|OHKO Clause: OHKO moves are banned\n|rule|Evasion Moves Clause: Evasion moves are banned\n|rule|Gravity Sleep Clause: The combination of sleep-inducing moves with imperfect accuracy and Gravity or Gigantamax Orbeetle are banned\n|rule|Endless Battle Clause: Forcing endless battles is banned\n|rule|HP Percentage Mod: HP is shown in percentages\n|clearpoke\n|poke|p1|Muk-Alola, M|\n|poke|p1|Oricorio-Pa'u, L1, M|\n|poke|p1|Dragonite, M|\n|poke|p1|Altaria, M|\n|poke|p1|Lilligant-Hisui, F|\n|poke|p1|Quaquaval, M|\n|poke|p2|Chesnaught, F|\n|poke|p2|Trevenant, M|\n|poke|p2|Torkoal, M|\n|poke|p2|Ogerpon-Cornerstone, F|\n|poke|p2|Gliscor, M|\n|poke|p2|Iron Hands|\n|teampreview\n|\n|t:|1698664460\n|start\n|switch|p1a: Muk|Muk-Alola, M, shiny|100\/100\n|switch|p1b: Oricorio|Oricorio-Pa'u, L1, M, shiny|100\/100\n|switch|p2a: Iron Hands|Iron Hands|100\/100\n|switch|p2b: Gliscor|Gliscor, M|100\/100\n|turn|1\n|\n|t:|1698664474\n|move|p1a: Muk|Protect|p1a: Muk\n|-singleturn|p1a: Muk|Protect\n|move|p2b: Gliscor|High Horsepower|p1a: Muk\n|-activate|p1a: Muk|move: Protect\n|move|p2a: Iron Hands|Wild Charge|p1b: Oricorio\n|-supereffective|p1b: Oricorio\n|-damage|p1b: Oricorio|0 fnt\n|faint|p1b: Oricorio\n|-ability|p1a: Muk|Dancer|[from] ability: Power of Alchemy|[of] p1b: Oricorio\n|-damage|p2a: Iron Hands|99\/100|[from] Recoil\n|\n|-status|p2b: Gliscor|tox|[from] item: Toxic Orb\n|upkeep\n|\n|t:|1698664488\n|switch|p1b: Lilligant|Lilligant-Hisui, F, shiny|100\/100\n|turn|2\n|\n|t:|1698664511\n|switch|p2b: Trevenant|Trevenant, M|100\/100\n|-terastallize|p1a: Muk|Ground\n|move|p1b: Lilligant|Victory Dance|p1b: Lilligant\n|-boost|p1b: Lilligant|atk|1\n|-boost|p1b: Lilligant|def|1\n|-boost|p1b: Lilligant|spe|1\n|-activate|p1a: Muk|ability: Dancer\n|move|p1a: Muk|Victory Dance|p1a: Muk|[from]ability: Dancer\n|-boost|p1a: Muk|atk|1\n|-boost|p1a: Muk|def|1\n|-boost|p1a: Muk|spe|1\n|move|p1a: Muk|Knock Off|p2b: Trevenant\n|-supereffective|p2b: Trevenant\n|-enditem|p2b: Trevenant|Focus Sash\n|-damage|p2b: Trevenant|1\/100\n|move|p2a: Iron Hands|Heavy Slam|p1a: Muk\n|-crit|p1a: Muk\n|-damage|p1a: Muk|21\/100\n|\n|upkeep\n|turn|3\n|\n|t:|1698664541\n|switch|p2b: Ogerpon|Ogerpon-Cornerstone, F|100\/100\n|move|p1a: Muk|Protect|p1a: Muk\n|-singleturn|p1a: Muk|Protect\n|move|p1b: Lilligant|Victory Dance|p1b: Lilligant\n|-boost|p1b: Lilligant|atk|1\n|-boost|p1b: Lilligant|def|1\n|-boost|p1b: Lilligant|spe|1\n|-activate|p1a: Muk|ability: Dancer\n|move|p1a: Muk|Victory Dance|p1a: Muk|[from]ability: Dancer\n|-boost|p1a: Muk|atk|1\n|-boost|p1a: Muk|def|1\n|-boost|p1a: Muk|spe|1\n|move|p2a: Iron Hands|Drain Punch|p1a: Muk\n|-activate|p1a: Muk|move: Protect\n|\n|upkeep\n|turn|4\n|\n|t:|1698664560\n|move|p2b: Ogerpon|Follow Me|p2b: Ogerpon\n|-singleturn|p2b: Ogerpon|move: Follow Me\n|move|p1b: Lilligant|Ice Spinner|p2b: Ogerpon\n|-supereffective|p2b: Ogerpon\n|-ability|p2b: Ogerpon|Sturdy\n|-damage|p2b: Ogerpon|1\/100\n|move|p1a: Muk|Drain Punch|p2b: Ogerpon\n|-supereffective|p2b: Ogerpon\n|-damage|p2b: Ogerpon|0 fnt\n|-heal|p1a: Muk|21\/100|[from] drain|[of] p2b: Ogerpon\n|faint|p2b: Ogerpon\n|move|p2a: Iron Hands|Drain Punch|p1a: Muk\n|-damage|p1a: Muk|0 fnt\n|-heal|p2a: Iron Hands|100\/100|[from] drain|[of] p1a: Muk\n|faint|p1a: Muk\n|\n|upkeep\n|\n|t:|1698664581\n|switch|p2b: Gliscor|Gliscor, M|100\/100 tox\n|switch|p1a: Dragonite|Dragonite, M, shiny|100\/100\n|turn|5\n|\n|t:|1698664600\n|move|p1b: Lilligant|Ice Spinner|p2b: Gliscor\n|-supereffective|p2b: Gliscor\n|-damage|p2b: Gliscor|0 fnt\n|faint|p2b: Gliscor\n|move|p1a: Dragonite|Dragon Dance|p1a: Dragonite\n|-boost|p1a: Dragonite|atk|1\n|-boost|p1a: Dragonite|spe|1\n|move|p2a: Iron Hands|Wild Charge|p1a: Dragonite\n|-damage|p1a: Dragonite|73\/100\n|-damage|p2a: Iron Hands|96\/100|[from] Recoil\n|\n|-heal|p1a: Dragonite|79\/100|[from] item: Leftovers\n|upkeep\n|\n|t:|1698664614\n|switch|p2b: Torkoal|Torkoal, M|100\/100\n|-weather|SunnyDay|[from] ability: Drought|[of] p2b: Torkoal\n|turn|6\n|\n|t:|1698664627\n|-end|p2a: Iron Hands|Quark Drive|[silent]\n|switch|p2a: Trevenant|Trevenant, M|1\/100\n|move|p1b: Lilligant|Leaf Blade|p2a: Trevenant\n|-resisted|p2a: Trevenant\n|-damage|p2a: Trevenant|0 fnt\n|faint|p2a: Trevenant\n|move|p1a: Dragonite|Dragon Dance|p1a: Dragonite\n|-boost|p1a: Dragonite|atk|1\n|-boost|p1a: Dragonite|spe|1\n|move|p2b: Torkoal|Shell Smash|p2b: Torkoal\n|-unboost|p2b: Torkoal|def|1\n|-unboost|p2b: Torkoal|spd|1\n|-boost|p2b: Torkoal|atk|2\n|-boost|p2b: Torkoal|spa|2\n|-boost|p2b: Torkoal|spe|2\n|-enditem|p2b: Torkoal|White Herb\n|-clearnegativeboost|p2b: Torkoal|[silent]\n|\n|-weather|SunnyDay|[upkeep]\n|-heal|p1a: Dragonite|85\/100|[from] item: Leftovers\n|upkeep\n|\n|t:|1698664647\n|switch|p2a: Iron Hands|Iron Hands|96\/100\n|turn|7\n|\n|t:|1698664671\n|move|p2a: Iron Hands|Fake Out|p1a: Dragonite\n|-damage|p1a: Dragonite|68\/100\n|cant|p1a: Dragonite|flinch\n|move|p1b: Lilligant|Leech Seed|p2b: Torkoal\n|-start|p2b: Torkoal|move: Leech Seed\n|move|p2b: Torkoal|Eruption|p1b: Lilligant|[spread] p1a,p1b\n|-resisted|p1a: Dragonite\n|-supereffective|p1b: Lilligant\n|-crit|p1b: Lilligant\n|-damage|p1a: Dragonite|0 fnt\n|-damage|p1b: Lilligant|0 fnt\n|faint|p1a: Dragonite\n|faint|p1b: Lilligant\n|\n|-weather|SunnyDay|[upkeep]\n|upkeep\n|\n|t:|1698664681\n|switch|p1b: Quaquaval|Quaquaval, M, shiny|100\/100\n|switch|p1a: Altaria|Altaria, M, shiny|100\/100\n|-ability|p1a: Altaria|Cloud Nine\n|turn|8\n|\n|t:|1698664736\n|switch|p2b: Chesnaught|Chesnaught, F|100\/100\n|-terastallize|p2a: Iron Hands|Fairy\n|move|p1b: Quaquaval|Aqua Jet|p2b: Chesnaught\n|-resisted|p2b: Chesnaught\n|-damage|p2b: Chesnaught|86\/100\n|move|p1a: Altaria|Will-O-Wisp|p2a: Iron Hands\n|-status|p2a: Iron Hands|brn\n|move|p2a: Iron Hands|Wild Charge|p1b: Quaquaval\n|-supereffective|p1b: Quaquaval\n|-damage|p1b: Quaquaval|31\/100\n|-damage|p2a: Iron Hands|85\/100 brn|[from] Recoil\n|\n|-weather|SunnyDay|[upkeep]\n|-damage|p2a: Iron Hands|79\/100 brn|[from] brn\n|upkeep\n|turn|9\n|\n|t:|1698664769\n|move|p2b: Chesnaught|Protect|p2b: Chesnaught\n|-singleturn|p2b: Chesnaught|Protect\n|move|p1b: Quaquaval|Aqua Jet|p2a: Iron Hands\n|-damage|p2a: Iron Hands|61\/100 brn\n|move|p1a: Altaria|Dragon Dance|p1a: Altaria\n|-boost|p1a: Altaria|atk|1\n|-boost|p1a: Altaria|spe|1\n|move|p2a: Iron Hands|Wild Charge|p1a: Altaria\n|-damage|p1a: Altaria|71\/100\n|-damage|p2a: Iron Hands|55\/100 brn|[from] Recoil\n|\n|-weather|SunnyDay|[upkeep]\n|-heal|p1a: Altaria|77\/100|[from] item: Leftovers\n|-damage|p2a: Iron Hands|49\/100 brn|[from] brn\n|upkeep\n|turn|10\n|\n|t:|1698664795\n|move|p1b: Quaquaval|Aqua Jet|p2a: Iron Hands\n|-damage|p2a: Iron Hands|32\/100 brn\n|move|p1a: Altaria|Dragon Dance|p1a: Altaria\n|-boost|p1a: Altaria|atk|1\n|-boost|p1a: Altaria|spe|1\n|move|p2b: Chesnaught|Belly Drum|p2b: Chesnaught\n|-damage|p2b: Chesnaught|36\/100\n|-setboost|p2b: Chesnaught|atk|6|[from] move: Belly Drum\n|move|p2a: Iron Hands|Wild Charge|p1b: Quaquaval\n|-supereffective|p1b: Quaquaval\n|-damage|p1b: Quaquaval|0 fnt\n|faint|p1b: Quaquaval\n|-damage|p2a: Iron Hands|27\/100 brn|[from] Recoil\n|\n|-weather|none\n|-heal|p1a: Altaria|83\/100|[from] item: Leftovers\n|-damage|p2a: Iron Hands|21\/100 brn|[from] brn\n|upkeep\n|turn|11\n|\n|t:|1698664834\n|move|p2b: Chesnaught|Endure|p2b: Chesnaught\n|-singleturn|p2b: Chesnaught|move: Endure\n|move|p1a: Altaria|Play Rough|p2b: Chesnaught\n|-supereffective|p2b: Chesnaught\n|-activate|p2b: Chesnaught|move: Endure\n|-damage|p2b: Chesnaught|1\/100\n|-unboost|p2b: Chesnaught|atk|1\n|move|p2a: Iron Hands|Drain Punch|p2b: Chesnaught\n|-activate|p2b: Chesnaught|move: Endure\n|-damage|p2b: Chesnaught|1\/100\n|\n|-heal|p1a: Altaria|89\/100|[from] item: Leftovers\n|-damage|p2a: Iron Hands|15\/100 brn|[from] brn\n|upkeep\n|turn|12\n|-enditem|p2b: Chesnaught|Custap Berry|[eat]\n|-activate|p2b: Chesnaught|item: Custap Berry|[consumed]\n|\n|t:|1698664872\n|move|p2b: Chesnaught|Reversal|p1a: Altaria\n|-resisted|p1a: Altaria\n|-damage|p1a: Altaria|0 fnt\n|faint|p1a: Altaria\n|\n|win|jdr1409\n|raw|Dr Depresserino's rating: 1168 &rarr; <strong>1139<\/strong><br \/>(-29 for losing)\n|raw|jdr1409's rating: 1118 &rarr; <strong>1147<\/strong><br \/>(+29 for winning)\n|l|\u2606Dr Depresserino\n|c|\u2606jdr1409|Gg\n","uploadtime":1698664896,"views":14,"p1id":"drdepresserino","p2id":"jdr1409","formatid":"gen9doublesou","rating":1139,"private":0,"password":""}