{"id":"gen9doublesou-1984560651","p1":"justdragon16","p2":"Hdhaysdy","format":"[Gen 9] Doubles OU","log":"|j|\u2606justdragon16\n|j|\u2606Hdhaysdy\n|t:|1699279880\n|gametype|doubles\n|player|p1|justdragon16|gambler|1199\n|player|p2|Hdhaysdy|red|1087\n|teamsize|p1|6\n|teamsize|p2|6\n|gen|9\n|tier|[Gen 9] Doubles OU\n|rated|\n|rule|Species Clause: Limit one of each Pok\u00e9mon\n|rule|OHKO Clause: OHKO moves are banned\n|rule|Evasion Moves Clause: Evasion moves are banned\n|rule|Gravity Sleep Clause: The combination of sleep-inducing moves with imperfect accuracy and Gravity or Gigantamax Orbeetle are banned\n|rule|Endless Battle Clause: Forcing endless battles is banned\n|rule|HP Percentage Mod: HP is shown in percentages\n|clearpoke\n|poke|p1|Ogerpon-Hearthflame, F|\n|poke|p1|Dragonite, M|\n|poke|p1|Clefairy, F|\n|poke|p1|Kommo-o, F|\n|poke|p1|Sinistcha-Masterpiece|\n|poke|p1|Iron Hands|\n|poke|p2|Breloom, M|\n|poke|p2|Talonflame, F|\n|poke|p2|Glimmora, M|\n|poke|p2|Politoed, F|\n|poke|p2|Flutter Mane|\n|poke|p2|Ambipom, F|\n|teampreview\n|inactive|Battle timer is ON: inactive players will automatically lose when time's up. (requested by Hdhaysdy)\n|\n|t:|1699279893\n|start\n|switch|p1a: Kommo-o|Kommo-o, F|100\/100\n|switch|p1b: Iron Hands|Iron Hands|100\/100\n|switch|p2a: Ambipom|Ambipom, F|100\/100\n|switch|p2b: Talonflame|Talonflame, F|100\/100\n|turn|1\n|\n|t:|1699279904\n|move|p2a: Ambipom|Fake Out|p1b: Iron Hands\n|-damage|p1b: Iron Hands|82\/100\n|cant|p1b: Iron Hands|flinch\n|move|p2b: Talonflame|Tailwind|p2b: Talonflame\n|-sidestart|p2: Hdhaysdy|move: Tailwind\n|move|p1a: Kommo-o|Clangorous Soul|p1a: Kommo-o\n|-boost|p1a: Kommo-o|atk|1\n|-boost|p1a: Kommo-o|def|1\n|-boost|p1a: Kommo-o|spa|1\n|-boost|p1a: Kommo-o|spd|1\n|-boost|p1a: Kommo-o|spe|1\n|-damage|p1a: Kommo-o|68\/100\n|-enditem|p1a: Kommo-o|Throat Spray\n|-boost|p1a: Kommo-o|spa|1|[from] item: Throat Spray\n|\n|upkeep\n|turn|2\n|\n|t:|1699279924\n|move|p2b: Talonflame|Brave Bird|p1a: Kommo-o\n|-supereffective|p1a: Kommo-o\n|-damage|p1a: Kommo-o|12\/100\n|-damage|p2b: Talonflame|81\/100|[from] Recoil\n|move|p2a: Ambipom|Aerial Ace|p1a: Kommo-o\n|-supereffective|p1a: Kommo-o\n|-damage|p1a: Kommo-o|0 fnt\n|faint|p1a: Kommo-o\n|move|p1b: Iron Hands|Volt Switch|p2b: Talonflame\n|-supereffective|p2b: Talonflame\n|-damage|p2b: Talonflame|35\/100\n|\n|t:|1699279938\n|-end|p1b: Iron Hands|Quark Drive|[silent]\n|switch|p1b: Dragonite|Dragonite, M|100\/100|[from] Volt Switch\n|\n|upkeep\n|\n|t:|1699279944\n|switch|p1a: Clefairy|Clefairy, F|100\/100\n|turn|3\n|\n|t:|1699279955\n|switch|p2b: Glimmora|Glimmora, M|100\/100\n|-item|p2b: Glimmora|Air Balloon\n|move|p1a: Clefairy|Helping Hand|p1b: Dragonite\n|-singleturn|p1b: Dragonite|Helping Hand|[of] p1a: Clefairy\n|move|p1b: Dragonite|Extreme Speed|p2a: Ambipom\n|-damage|p2a: Ambipom|0 fnt\n|faint|p2a: Ambipom\n|\n|upkeep\n|\n|t:|1699279970\n|switch|p2a: Politoed|Politoed, F|100\/100\n|-weather|RainDance|[from] ability: Drizzle|[of] p2a: Politoed\n|turn|4\n|\n|t:|1699279985\n|move|p1a: Clefairy|Helping Hand|p1b: Dragonite\n|-singleturn|p1b: Dragonite|Helping Hand|[of] p1a: Clefairy\n|move|p1b: Dragonite|Extreme Speed|p2a: Politoed\n|-damage|p2a: Politoed|15\/100\n|move|p2b: Glimmora|Mortal Spin|p1b: Dragonite|[spread] p1a,p1b\n|-supereffective|p1a: Clefairy\n|-damage|p1a: Clefairy|92\/100\n|-damage|p1b: Dragonite|97\/100\n|-status|p1a: Clefairy|psn\n|-status|p1b: Dragonite|psn\n|move|p2a: Politoed|Icy Wind|p1a: Clefairy|[spread] p1a,p1b\n|-supereffective|p1b: Dragonite\n|-crit|p1b: Dragonite\n|-damage|p1a: Clefairy|83\/100 psn\n|-damage|p1b: Dragonite|51\/100 psn\n|-unboost|p1a: Clefairy|spe|1\n|-unboost|p1b: Dragonite|spe|1\n|\n|-weather|RainDance|[upkeep]\n|-heal|p2a: Politoed|21\/100|[from] item: Leftovers\n|-damage|p1b: Dragonite|39\/100 psn|[from] psn\n|-damage|p1a: Clefairy|70\/100 psn|[from] psn\n|-sideend|p2: Hdhaysdy|move: Tailwind\n|upkeep\n|turn|5\n|\n|t:|1699280013\n|move|p1b: Dragonite|Extreme Speed|p2b: Glimmora\n|-resisted|p2b: Glimmora\n|-damage|p2b: Glimmora|74\/100\n|-activate|p2b: Glimmora|ability: Toxic Debris\n|-sidestart|p1: justdragon16|move: Toxic Spikes\n|-enditem|p2b: Glimmora|Air Balloon\n|move|p2b: Glimmora|Sludge Bomb|p1a: Clefairy\n|-supereffective|p1a: Clefairy\n|-damage|p1a: Clefairy|0 fnt\n|faint|p1a: Clefairy\n|move|p2a: Politoed|Muddy Water|p1b: Dragonite\n|-resisted|p1b: Dragonite\n|-damage|p1b: Dragonite|11\/100 psn\n|-unboost|p1b: Dragonite|accuracy|1\n|\n|-weather|RainDance|[upkeep]\n|-heal|p2a: Politoed|27\/100|[from] item: Leftovers\n|-damage|p1b: Dragonite|0 fnt|[from] psn\n|faint|p1b: Dragonite\n|upkeep\n|inactive|justdragon16 has 120 seconds left.\n|\n|t:|1699280035\n|switch|p1b: Ogerpon|Ogerpon-Hearthflame, F|100\/100\n|switch|p1a: Iron Hands|Iron Hands|82\/100\n|-status|p1b: Ogerpon|psn\n|-ability|p1b: Ogerpon|Mold Breaker\n|-status|p1a: Iron Hands|psn\n|turn|6\n|inactive|justdragon16 has 120 seconds left.\n|inactive|Hdhaysdy has 120 seconds left.\n|\n|t:|1699280069\n|move|p1a: Iron Hands|Fake Out|p2b: Glimmora\n|-resisted|p2b: Glimmora\n|-damage|p2b: Glimmora|65\/100\n|-activate|p2b: Glimmora|ability: Toxic Debris\n|-sidestart|p1: justdragon16|move: Toxic Spikes\n|move|p1b: Ogerpon|Horn Leech|p2a: Politoed\n|-supereffective|p2a: Politoed\n|-damage|p2a: Politoed|0 fnt\n|faint|p2a: Politoed\n|cant|p2b: Glimmora|flinch\n|\n|-weather|RainDance|[upkeep]\n|-damage|p1b: Ogerpon|88\/100 psn|[from] psn\n|-damage|p1a: Iron Hands|70\/100 psn|[from] psn\n|upkeep\n|\n|t:|1699280072\n|switch|p2a: Talonflame|Talonflame, F|35\/100\n|turn|7\n|\n|t:|1699280101\n|-terastallize|p1b: Ogerpon|Fire\n|detailschange|p1b: Ogerpon|Ogerpon-Hearthflame-Tera, F, tera:Fire\n|-ability|p1b: Ogerpon|Embody Aspect (Hearthflame)|boost\n|-boost|p1b: Ogerpon|atk|1\n|move|p2a: Talonflame|Tailwind|p2a: Talonflame\n|-sidestart|p2: Hdhaysdy|move: Tailwind\n|move|p2b: Glimmora|Power Gem|p1b: Ogerpon\n|-supereffective|p1b: Ogerpon\n|-damage|p1b: Ogerpon|0 fnt\n|faint|p1b: Ogerpon\n|move|p1a: Iron Hands|Drain Punch|p2b: Glimmora\n|-damage|p2b: Glimmora|18\/100\n|-heal|p1a: Iron Hands|86\/100 psn|[from] drain|[of] p2b: Glimmora\n|\n|-weather|RainDance|[upkeep]\n|-damage|p1a: Iron Hands|74\/100 psn|[from] psn\n|upkeep\n|inactive|justdragon16 has 120 seconds left.\n|\n|t:|1699280115\n|switch|p1b: Sinistcha|Sinistcha-Masterpiece|100\/100\n|-status|p1b: Sinistcha|tox\n|-heal|p1a: Iron Hands|99\/100 psn|[from] ability: Hospitality|[of] p1b: Sinistcha\n|turn|8\n|\n|t:|1699280135\n|move|p2a: Talonflame|Roost|p2a: Talonflame\n|-heal|p2a: Talonflame|85\/100\n|-singleturn|p2a: Talonflame|move: Roost\n|move|p2b: Glimmora|Sludge Bomb|p1b: Sinistcha\n|-damage|p1b: Sinistcha|55\/100 tox\n|move|p1b: Sinistcha|Matcha Gotcha|p2a: Talonflame|[spread] p2a\n|-miss|p1b: Sinistcha|p2b: Glimmora\n|-resisted|p2a: Talonflame\n|-damage|p2a: Talonflame|65\/100\n|-heal|p1b: Sinistcha|64\/100 tox|[from] drain|[of] p2a: Talonflame\n|move|p1a: Iron Hands|Drain Punch|p2a: Talonflame\n|-damage|p2a: Talonflame|0 fnt\n|-heal|p1a: Iron Hands|100\/100 psn|[from] drain|[of] p2a: Talonflame\n|faint|p2a: Talonflame\n|\n|-weather|none\n|-damage|p1b: Sinistcha|58\/100 tox|[from] psn\n|-damage|p1a: Iron Hands|88\/100 psn|[from] psn\n|upkeep\n|\n|t:|1699280154\n|switch|p2a: Flutter Mane|Flutter Mane|100\/100\n|turn|9\n|\n|t:|1699280176\n|move|p2a: Flutter Mane|Dazzling Gleam|p1b: Sinistcha|[spread] p1a,p1b\n|-supereffective|p1a: Iron Hands\n|-damage|p1a: Iron Hands|53\/100 psn\n|-damage|p1b: Sinistcha|25\/100 tox\n|-enditem|p1b: Sinistcha|Aguav Berry|[eat]\n|-heal|p1b: Sinistcha|58\/100 tox|[from] item: Aguav Berry\n|move|p2b: Glimmora|Sludge Bomb|p1a: Iron Hands\n|-damage|p1a: Iron Hands|27\/100 psn\n|move|p1b: Sinistcha|Matcha Gotcha|p2b: Glimmora|[spread] p2a,p2b\n|-crit|p2b: Glimmora\n|-damage|p2a: Flutter Mane|75\/100\n|-heal|p1b: Sinistcha|67\/100 tox|[from] drain|[of] p2a: Flutter Mane\n|-damage|p2b: Glimmora|0 fnt\n|-heal|p1b: Sinistcha|75\/100 tox|[from] drain|[of] p2b: Glimmora\n|faint|p2b: Glimmora\n|move|p1a: Iron Hands|Heavy Slam|p2a: Flutter Mane\n|-supereffective|p2a: Flutter Mane\n|-damage|p2a: Flutter Mane|0 fnt\n|faint|p2a: Flutter Mane\n|-end|p2a: Flutter Mane|Protosynthesis|[silent]\n|\n|-damage|p1b: Sinistcha|63\/100 tox|[from] psn\n|-damage|p1a: Iron Hands|14\/100 psn|[from] psn\n|upkeep\n|\n|t:|1699280187\n|switch|p2b: Breloom|Breloom, M|100\/100\n|turn|10\n|\n|t:|1699280213\n|move|p2b: Breloom|Bullet Seed|p1a: Iron Hands\n|-damage|p1a: Iron Hands|0 fnt\n|faint|p1a: Iron Hands\n|-end|p1a: Iron Hands|Quark Drive|[silent]\n|-hitcount|p1: Iron Hands|1\n|move|p1b: Sinistcha|Matcha Gotcha|p2b: Breloom\n|-resisted|p2b: Breloom\n|-damage|p2b: Breloom|69\/100\n|-heal|p1b: Sinistcha|75\/100 tox|[from] drain|[of] p2b: Breloom\n|-status|p2b: Breloom|brn\n|\n|-damage|p1b: Sinistcha|57\/100 tox|[from] psn\n|-damage|p2b: Breloom|63\/100 brn|[from] brn\n|-sideend|p2: Hdhaysdy|move: Tailwind\n|upkeep\n|turn|11\n|\n|t:|1699280229\n|move|p2b: Breloom|Swords Dance|p2b: Breloom\n|-boost|p2b: Breloom|atk|2\n|move|p1b: Sinistcha|Matcha Gotcha|p2b: Breloom\n|-resisted|p2b: Breloom\n|-damage|p2b: Breloom|34\/100 brn\n|-heal|p1b: Sinistcha|68\/100 tox|[from] drain|[of] p2b: Breloom\n|\n|-damage|p1b: Sinistcha|44\/100 tox|[from] psn\n|-damage|p2b: Breloom|27\/100 brn|[from] brn\n|upkeep\n|turn|12\n|\n|t:|1699280240\n|-terastallize|p2b: Breloom|Steel\n|move|p2b: Breloom|Tera Blast|p1b: Sinistcha|[anim] Tera Blast Steel\n|-damage|p1b: Sinistcha|2\/100 tox\n|move|p1b: Sinistcha|Matcha Gotcha|p2b: Breloom\n|-resisted|p2b: Breloom\n|-damage|p2b: Breloom|0 fnt\n|-heal|p1b: Sinistcha|13\/100 tox|[from] drain|[of] p2b: Breloom\n|faint|p2b: Breloom\n|\n|win|justdragon16\n|raw|justdragon16's rating: 1199 &rarr; <strong>1216<\/strong><br \/>(+17 for winning)\n|raw|Hdhaysdy's rating: 1087 &rarr; <strong>1071<\/strong><br \/>(-16 for losing)\n|l|\u2606Hdhaysdy\n","uploadtime":1699280257,"views":9,"p1id":"justdragon16","p2id":"hdhaysdy","formatid":"gen9doublesou","rating":1071,"private":0,"password":""}