{"id":"gen9doublesou-1981528593","p1":"json.f","p2":"Metal Jester","format":"[Gen 9] Doubles OU","log":"|j|\u2606json.f\n|j|\u2606Metal Jester\n|t:|1698912916\n|gametype|doubles\n|player|p1|json.f|guitarist-gen4|1130\n|player|p2|Metal Jester|ingo|1239\n|teamsize|p1|6\n|teamsize|p2|6\n|gen|9\n|tier|[Gen 9] Doubles OU\n|rated|\n|rule|Species Clause: Limit one of each Pok\u00e9mon\n|rule|OHKO Clause: OHKO moves are banned\n|rule|Evasion Moves Clause: Evasion moves are banned\n|rule|Gravity Sleep Clause: The combination of sleep-inducing moves with imperfect accuracy and Gravity or Gigantamax Orbeetle are banned\n|rule|Endless Battle Clause: Forcing endless battles is banned\n|rule|HP Percentage Mod: HP is shown in percentages\n|clearpoke\n|poke|p1|Tyranitar, F|\n|poke|p1|Glimmora, F|\n|poke|p1|Empoleon, F|\n|poke|p1|Sinistcha-Masterpiece|\n|poke|p1|Grimmsnarl, M|\n|poke|p1|Arcanine-Hisui, F|\n|poke|p2|Tornadus, M|\n|poke|p2|Flutter Mane|\n|poke|p2|Iron Hands|\n|poke|p2|Landorus-Therian, M|\n|poke|p2|Heatran, M|\n|poke|p2|Chien-Pao|\n|teampreview\n|inactive|Battle timer is ON: inactive players will automatically lose when time's up. (requested by Metal Jester)\n|\n|t:|1698912937\n|start\n|switch|p1a: Empoleon|Empoleon, F|100\/100\n|switch|p1b: Grimmsnarl|Grimmsnarl, M|100\/100\n|switch|p2a: Tornadus|Tornadus, M|100\/100\n|switch|p2b: Iron Hands|Iron Hands|100\/100\n|turn|1\n|inactive|json.f has 120 seconds left.\n|\n|t:|1698912996\n|move|p2a: Tornadus|Tailwind|p2a: Tornadus\n|-sidestart|p2: Metal Jester|move: Tailwind\n|move|p1b: Grimmsnarl|Reflect|p1b: Grimmsnarl\n|-sidestart|p1: json.f|Reflect\n|move|p2b: Iron Hands|Drain Punch|p1a: Empoleon\n|-supereffective|p1a: Empoleon\n|-damage|p1a: Empoleon|41\/100\n|move|p1a: Empoleon|Hydro Pump|p2b: Iron Hands|[miss]\n|-miss|p1a: Empoleon|p2b: Iron Hands\n|\n|upkeep\n|turn|2\n|\n|t:|1698913016\n|-terastallize|p1a: Empoleon|Flying\n|move|p1b: Grimmsnarl|Parting Shot|p2b: Iron Hands\n|-unboost|p2b: Iron Hands|atk|1\n|-unboost|p2b: Iron Hands|spa|1\n|\n|t:|1698913027\n|switch|p1b: Glimmora|Glimmora, F|100\/100|[from] Parting Shot\n|move|p2a: Tornadus|Bleakwind Storm|p1a: Empoleon|[spread] p1a,p1b\n|-resisted|p1b: Glimmora\n|-damage|p1a: Empoleon|20\/100\n|-damage|p1b: Glimmora|77\/100\n|move|p2b: Iron Hands|Drain Punch|p1a: Empoleon\n|-resisted|p1a: Empoleon\n|-damage|p1a: Empoleon|9\/100\n|move|p1a: Empoleon|Hydro Pump|p2b: Iron Hands\n|-damage|p2b: Iron Hands|64\/100\n|\n|upkeep\n|turn|3\n|inactive|json.f has 120 seconds left.\n|\n|t:|1698913060\n|move|p2a: Tornadus|Bleakwind Storm|p1b: Glimmora|[spread] p1b\n|-miss|p2a: Tornadus|p1a: Empoleon\n|-resisted|p1b: Glimmora\n|-damage|p1b: Glimmora|54\/100\n|-unboost|p1b: Glimmora|spe|1\n|move|p2b: Iron Hands|Heavy Slam|p1b: Glimmora\n|-supereffective|p1b: Glimmora\n|-damage|p1b: Glimmora|3\/100\n|-activate|p1b: Glimmora|ability: Toxic Debris\n|-sidestart|p2: Metal Jester|move: Toxic Spikes\n|move|p1b: Glimmora|Sludge Wave|p2b: Iron Hands|[spread] p1a,p2a,p2b\n|-damage|p1a: Empoleon|0 fnt\n|-damage|p2a: Tornadus|46\/100\n|-damage|p2b: Iron Hands|40\/100\n|faint|p1a: Empoleon\n|\n|upkeep\n|inactive|json.f has 90 seconds left.\n|\n|t:|1698913080\n|switch|p1a: Tyranitar|Tyranitar, F|100\/100\n|-weather|Sandstorm|[from] ability: Sand Stream|[of] p1a: Tyranitar\n|turn|4\n|\n|t:|1698913091\n|switch|p1a: Sinistcha|Sinistcha-Masterpiece|100\/100\n|-heal|p1b: Glimmora|28\/100|[from] ability: Hospitality|[of] p1a: Sinistcha\n|move|p1b: Glimmora|Spiky Shield|p1b: Glimmora\n|-singleturn|p1b: Glimmora|move: Protect\n|move|p2a: Tornadus|Bleakwind Storm|p1b: Glimmora|[spread] p1a\n|-activate|p1b: Glimmora|move: Protect\n|-supereffective|p1a: Sinistcha\n|-damage|p1a: Sinistcha|18\/100\n|move|p2b: Iron Hands|Drain Punch|p1a: Sinistcha\n|-immune|p1a: Sinistcha\n|\n|-weather|Sandstorm|[upkeep]\n|-damage|p2a: Tornadus|40\/100|[from] Sandstorm\n|-damage|p2b: Iron Hands|34\/100|[from] Sandstorm\n|-damage|p1a: Sinistcha|12\/100|[from] Sandstorm\n|-sideend|p2: Metal Jester|move: Tailwind\n|upkeep\n|turn|5\n|inactive|json.f has 120 seconds left.\n|\n|t:|1698913120\n|move|p2a: Tornadus|Bleakwind Storm|p1b: Glimmora|[spread] p1b\n|-miss|p2a: Tornadus|p1a: Sinistcha\n|-resisted|p1b: Glimmora\n|-damage|p1b: Glimmora|11\/100\n|move|p1b: Glimmora|Power Gem|p2a: Tornadus\n|-supereffective|p2a: Tornadus\n|-damage|p2a: Tornadus|0 fnt\n|faint|p2a: Tornadus\n|move|p1a: Sinistcha|Matcha Gotcha|p2b: Iron Hands\n|-damage|p2b: Iron Hands|8\/100\n|-heal|p1a: Sinistcha|32\/100|[from] drain|[of] p2b: Iron Hands\n|move|p2b: Iron Hands|Drain Punch|p1b: Glimmora\n|-damage|p1b: Glimmora|0 fnt\n|-heal|p2b: Iron Hands|11\/100|[from] drain|[of] p1b: Glimmora\n|-activate|p1b: Glimmora|ability: Toxic Debris\n|-sidestart|p2: Metal Jester|move: Toxic Spikes\n|faint|p1b: Glimmora\n|\n|-weather|Sandstorm|[upkeep]\n|-damage|p1a: Sinistcha|26\/100|[from] Sandstorm\n|-damage|p2b: Iron Hands|5\/100|[from] Sandstorm\n|upkeep\n|inactive|json.f has 120 seconds left.\n|\n|t:|1698913148\n|switch|p2a: Heatran|Heatran, M, shiny|100\/100\n|switch|p1b: Grimmsnarl|Grimmsnarl, M|100\/100\n|turn|6\n|inactive|json.f has 120 seconds left.\n|\n|t:|1698913165\n|move|p1b: Grimmsnarl|Fake Out|p2a: Heatran\n|-resisted|p2a: Heatran\n|-damage|p2a: Heatran|96\/100\n|cant|p2a: Heatran|flinch\n|move|p1a: Sinistcha|Scald|p2a: Heatran\n|-supereffective|p2a: Heatran\n|-damage|p2a: Heatran|49\/100\n|move|p2b: Iron Hands|Heavy Slam|p1b: Grimmsnarl\n|-supereffective|p1b: Grimmsnarl\n|-damage|p1b: Grimmsnarl|55\/100\n|\n|-weather|Sandstorm|[upkeep]\n|-damage|p1a: Sinistcha|20\/100|[from] Sandstorm\n|-damage|p1b: Grimmsnarl|49\/100|[from] Sandstorm\n|-damage|p2b: Iron Hands|0 fnt|[from] Sandstorm\n|faint|p2b: Iron Hands\n|-end|p2b: Iron Hands|Quark Drive|[silent]\n|upkeep\n|\n|t:|1698913179\n|switch|p2b: Chien-Pao|Chien-Pao|100\/100\n|-status|p2b: Chien-Pao|tox\n|-ability|p2b: Chien-Pao|Sword of Ruin\n|turn|7\n|inactive|json.f has 120 seconds left.\n|\n|t:|1698913202\n|switch|p1a: Tyranitar|Tyranitar, F|100\/100\n|move|p2b: Chien-Pao|Ice Shard|p1a: Tyranitar\n|-damage|p1a: Tyranitar|87\/100\n|move|p1b: Grimmsnarl|Parting Shot|p2b: Chien-Pao\n|-hint|Since gen 7, Dark is immune to Prankster moves.\n|-immune|p2b: Chien-Pao\n|move|p2a: Heatran|Flash Cannon|p1b: Grimmsnarl\n|-supereffective|p1b: Grimmsnarl\n|-damage|p1b: Grimmsnarl|0 fnt\n|faint|p1b: Grimmsnarl\n|-damage|p2a: Heatran|39\/100|[from] item: Life Orb\n|\n|-weather|Sandstorm|[upkeep]\n|-damage|p2b: Chien-Pao|95\/100 tox|[from] Sandstorm\n|-heal|p1a: Tyranitar|93\/100|[from] item: Leftovers\n|-damage|p2b: Chien-Pao|89\/100 tox|[from] psn\n|upkeep\n|inactive|json.f has 120 seconds left.\n|\n|t:|1698913223\n|switch|p1b: Arcanine|Arcanine-Hisui, F|100\/100\n|turn|8\n|inactive|json.f has 120 seconds left.\n|\n|t:|1698913240\n|move|p2b: Chien-Pao|Protect|p2b: Chien-Pao\n|-singleturn|p2b: Chien-Pao|Protect\n|move|p1b: Arcanine|Head Smash|p2a: Heatran\n|-crit|p2a: Heatran\n|-damage|p2a: Heatran|0 fnt\n|faint|p2a: Heatran\n|-damage|p1b: Arcanine|91\/100|[from] item: Life Orb\n|move|p1a: Tyranitar|Rock Slide|p2b: Chien-Pao\n|-activate|p2b: Chien-Pao|move: Protect\n|\n|-weather|none\n|-heal|p1a: Tyranitar|99\/100|[from] item: Leftovers\n|-damage|p2b: Chien-Pao|77\/100 tox|[from] psn\n|-sideend|p1: json.f|Reflect\n|upkeep\n|\n|t:|1698913247\n|switch|p2a: Landorus|Landorus-Therian, M|100\/100\n|-ability|p2a: Landorus|Intimidate|boost\n|-unboost|p1a: Tyranitar|atk|1\n|-unboost|p1b: Arcanine|atk|1\n|turn|9\n|inactive|json.f has 120 seconds left.\n|\n|t:|1698913279\n|move|p2b: Chien-Pao|Protect|p2b: Chien-Pao\n|-singleturn|p2b: Chien-Pao|Protect\n|move|p2a: Landorus|Earthquake|p1a: Tyranitar|[spread] p1a,p1b\n|-activate|p2b: Chien-Pao|move: Protect\n|-supereffective|p1a: Tyranitar\n|-supereffective|p1b: Arcanine\n|-damage|p1a: Tyranitar|0 fnt\n|-damage|p1b: Arcanine|0 fnt\n|faint|p1a: Tyranitar\n|faint|p1b: Arcanine\n|-damage|p2a: Landorus|91\/100|[from] item: Life Orb\n|\n|-damage|p2b: Chien-Pao|59\/100 tox|[from] psn\n|upkeep\n|\n|t:|1698913297\n|switch|p1a: Sinistcha|Sinistcha-Masterpiece|20\/100\n|turn|10\n|\n|t:|1698913301\n|move|p2b: Chien-Pao|Ice Shard|p1a: Sinistcha\n|-supereffective|p1a: Sinistcha\n|-damage|p1a: Sinistcha|0 fnt\n|faint|p1a: Sinistcha\n|\n|win|Metal Jester\n|raw|json.f's rating: 1130 &rarr; <strong>1113<\/strong><br \/>(-17 for losing)\n|raw|Metal Jester's rating: 1239 &rarr; <strong>1256<\/strong><br \/>(+17 for winning)\n","uploadtime":1698913306,"views":30,"p1id":"jsonf","p2id":"metaljester","formatid":"gen9doublesou","rating":1113,"private":0,"password":""}