{"id":"gen9doublesou-1991971901","p1":"ghyjyb","p2":"Isthisnametaked","format":"[Gen 9] Doubles OU","log":"|j|\u2606ghyjyb\n|j|\u2606Isthisnametaked\n|t:|1700143904\n|gametype|doubles\n|player|p1|ghyjyb|medium|1000\n|player|p2|Isthisnametaked|101|1135\n|teamsize|p1|6\n|teamsize|p2|6\n|gen|9\n|tier|[Gen 9] Doubles OU\n|rated|\n|rule|Species Clause: Limit one of each Pok\u00e9mon\n|rule|OHKO Clause: OHKO moves are banned\n|rule|Evasion Moves Clause: Evasion moves are banned\n|rule|Gravity Sleep Clause: The combination of sleep-inducing moves with imperfect accuracy and Gravity or Gigantamax Orbeetle are banned\n|rule|Endless Battle Clause: Forcing endless battles is banned\n|rule|HP Percentage Mod: HP is shown in percentages\n|clearpoke\n|poke|p1|Snorlax, M|\n|poke|p1|Tornadus, M|\n|poke|p1|Kommo-o, M|\n|poke|p1|Sinistcha|\n|poke|p1|Chandelure, F|\n|poke|p1|Enamorus, F|\n|poke|p2|Baxcalibur, M|\n|poke|p2|Torkoal, F|\n|poke|p2|Walking Wake|\n|poke|p2|Amoonguss, F|\n|poke|p2|Rillaboom, F|\n|poke|p2|Heatran, M|\n|teampreview\n|\n|t:|1700143926\n|start\n|switch|p1a: Snorlax|Snorlax, M|100\/100\n|switch|p1b: Enamorus|Enamorus, F|100\/100\n|switch|p2a: Really Big Boom|Rillaboom, F|100\/100\n|switch|p2b: Hax Bax|Baxcalibur, M|100\/100\n|-fieldstart|move: Grassy Terrain|[from] ability: Grassy Surge|[of] p2a: Really Big Boom\n|turn|1\n|\n|t:|1700143944\n|-terastallize|p2b: Hax Bax|Steel\n|move|p1b: Enamorus|Tailwind|p1b: Enamorus\n|-sidestart|p1: ghyjyb|move: Tailwind\n|move|p2b: Hax Bax|Dragon Dance|p2b: Hax Bax\n|-boost|p2b: Hax Bax|atk|1\n|-boost|p2b: Hax Bax|spe|1\n|move|p2a: Really Big Boom|Knock Off|p1a: Snorlax\n|-damage|p1a: Snorlax|67\/100\n|-enditem|p1a: Snorlax|Leftovers|[from] move: Knock Off|[of] p2a: Really Big Boom\n|move|p1a: Snorlax|Belly Drum|p1a: Snorlax\n|-damage|p1a: Snorlax|17\/100\n|-setboost|p1a: Snorlax|atk|6|[from] move: Belly Drum\n|\n|-heal|p1a: Snorlax|23\/100|[from] Grassy Terrain\n|upkeep\n|turn|2\n|\n|t:|1700143977\n|switch|p1b: Sinistcha|Sinistcha|100\/100\n|-heal|p1a: Snorlax|48\/100|[from] ability: Hospitality|[of] p1b: Sinistcha\n|move|p2a: Really Big Boom|Grassy Glide|p1a: Snorlax\n|-damage|p1a: Snorlax|15\/100\n|move|p2b: Hax Bax|Icicle Spear|p1b: Sinistcha\n|-supereffective|p1b: Sinistcha\n|-damage|p1b: Sinistcha|60\/100\n|-supereffective|p1b: Sinistcha\n|-damage|p1b: Sinistcha|19\/100\n|-supereffective|p1b: Sinistcha\n|-damage|p1b: Sinistcha|0 fnt\n|faint|p1b: Sinistcha\n|-hitcount|p1: Sinistcha|3\n|move|p1a: Snorlax|Facade|p2a: Really Big Boom\n|-damage|p2a: Really Big Boom|0 fnt\n|faint|p2a: Really Big Boom\n|\n|-heal|p1a: Snorlax|21\/100|[from] Grassy Terrain\n|upkeep\n|\n|t:|1700144002\n|switch|p2a: More Coal|Torkoal, F|100\/100\n|switch|p1b: Enamorus|Enamorus, F|100\/100\n|-weather|SunnyDay|[from] ability: Drought|[of] p2a: More Coal\n|turn|3\n|\n|t:|1700144033\n|move|p1b: Enamorus|Superpower|p2b: Hax Bax\n|-supereffective|p2b: Hax Bax\n|-damage|p2b: Hax Bax|0 fnt\n|-boost|p1b: Enamorus|atk|1\n|-boost|p1b: Enamorus|def|1\n|faint|p2b: Hax Bax\n|-damage|p1b: Enamorus|90\/100|[from] item: Life Orb\n|move|p1a: Snorlax|Facade|p2a: More Coal\n|-damage|p2a: More Coal|26\/100\n|move|p2a: More Coal|Yawn|p1b: Enamorus\n|-start|p1b: Enamorus|move: Yawn|[of] p2a: More Coal\n|\n|-weather|SunnyDay|[upkeep]\n|-heal|p1a: Snorlax|27\/100|[from] Grassy Terrain\n|-heal|p2a: More Coal|32\/100|[from] Grassy Terrain\n|upkeep\n|\n|t:|1700144055\n|switch|p2b: imposter|Amoonguss, F|100\/100\n|turn|4\n|\n|t:|1700144074\n|move|p2b: imposter|Protect|p2b: imposter\n|-singleturn|p2b: imposter|Protect\n|move|p2a: More Coal|Protect|p2a: More Coal\n|-singleturn|p2a: More Coal|Protect\n|move|p1b: Enamorus|Superpower|p2a: More Coal\n|-activate|p2a: More Coal|move: Protect\n|move|p1a: Snorlax|Facade|p2b: imposter\n|-activate|p2b: imposter|move: Protect\n|\n|-weather|SunnyDay|[upkeep]\n|-heal|p1a: Snorlax|33\/100|[from] Grassy Terrain\n|-heal|p2a: More Coal|38\/100|[from] Grassy Terrain\n|-end|p1b: Enamorus|move: Yawn|[silent]\n|-status|p1b: Enamorus|slp\n|-sideend|p1: ghyjyb|move: Tailwind\n|upkeep\n|turn|5\n|\n|t:|1700144100\n|switch|p2a: Walking Woke|Walking Wake|100\/100\n|-activate|p2a: Walking Woke|ability: Protosynthesis\n|-start|p2a: Walking Woke|protosynthesisspe\n|cant|p1b: Enamorus|slp\n|move|p2b: imposter|Spore|p1a: Snorlax\n|-status|p1a: Snorlax|slp|[from] move: Spore\n|cant|p1a: Snorlax|slp\n|\n|-weather|SunnyDay|[upkeep]\n|-heal|p1a: Snorlax|39\/100 slp|[from] Grassy Terrain\n|-fieldend|move: Grassy Terrain\n|upkeep\n|turn|6\n|\n|t:|1700144129\n|move|p2a: Walking Woke|Hydro Steam|p1a: Snorlax\n|-damage|p1a: Snorlax|0 fnt\n|faint|p1a: Snorlax\n|cant|p1b: Enamorus|slp\n|move|p2b: imposter|Clear Smog|p1b: Enamorus\n|-supereffective|p1b: Enamorus\n|-damage|p1b: Enamorus|45\/100 slp\n|-clearboost|p1b: Enamorus\n|\n|-weather|SunnyDay|[upkeep]\n|upkeep\n|\n|t:|1700144146\n|switch|p1a: Kommo-o|Kommo-o, M|100\/100\n|turn|7\n|\n|t:|1700144172\n|-end|p2a: Walking Woke|Protosynthesis|[silent]\n|switch|p2a: Heat Man Ran|Heatran, M|100\/100\n|-curestatus|p1b: Enamorus|slp|[msg]\n|move|p1b: Enamorus|Play Rough|p2a: Heat Man Ran\n|-resisted|p2a: Heat Man Ran\n|-damage|p2a: Heat Man Ran|88\/100\n|-damage|p1b: Enamorus|35\/100|[from] item: Life Orb\n|move|p1a: Kommo-o|Clanging Scales|p2a: Heat Man Ran|[spread] p2a,p2b\n|-resisted|p2a: Heat Man Ran\n|-crit|p2a: Heat Man Ran\n|-damage|p2a: Heat Man Ran|67\/100\n|-damage|p2b: imposter|79\/100\n|-unboost|p1a: Kommo-o|def|1\n|-damage|p1a: Kommo-o|91\/100|[from] item: Life Orb\n|move|p2b: imposter|Spore|p1a: Kommo-o\n|-status|p1a: Kommo-o|slp|[from] move: Spore\n|\n|-weather|SunnyDay|[upkeep]\n|-heal|p2a: Heat Man Ran|73\/100|[from] item: Leftovers\n|upkeep\n|turn|8\n|\n|t:|1700144200\n|move|p2b: imposter|Rage Powder|p2b: imposter\n|-singleturn|p2b: imposter|move: Rage Powder\n|move|p1b: Enamorus|Superpower|p2b: imposter\n|-resisted|p2b: imposter\n|-damage|p2b: imposter|51\/100\n|-boost|p1b: Enamorus|atk|1\n|-boost|p1b: Enamorus|def|1\n|-damage|p1b: Enamorus|25\/100|[from] item: Life Orb\n|cant|p1a: Kommo-o|slp\n|move|p2a: Heat Man Ran|Flash Cannon|p1b: Enamorus\n|-supereffective|p1b: Enamorus\n|-damage|p1b: Enamorus|0 fnt\n|faint|p1b: Enamorus\n|\n|-weather|SunnyDay|[upkeep]\n|-heal|p2a: Heat Man Ran|79\/100|[from] item: Leftovers\n|upkeep\n|\n|t:|1700144215\n|switch|p1b: Chandelure|Chandelure, F, shiny|100\/100\n|turn|9\n|\n|t:|1700144242\n|switch|p2a: Walking Woke|Walking Wake|100\/100\n|-activate|p2a: Walking Woke|ability: Protosynthesis\n|-start|p2a: Walking Woke|protosynthesisspe\n|move|p2b: imposter|Protect|p2b: imposter\n|-singleturn|p2b: imposter|Protect\n|cant|p1a: Kommo-o|slp\n|move|p1b: Chandelure|Shadow Ball|p2b: imposter\n|-activate|p2b: imposter|move: Protect\n|\n|-weather|SunnyDay|[upkeep]\n|upkeep\n|turn|10\n|\n|t:|1700144275\n|move|p2b: imposter|Rage Powder|p2b: imposter\n|-singleturn|p2b: imposter|move: Rage Powder\n|move|p2a: Walking Woke|Dragon Pulse|p1a: Kommo-o\n|-supereffective|p1a: Kommo-o\n|-crit|p1a: Kommo-o\n|-damage|p1a: Kommo-o|0 fnt\n|faint|p1a: Kommo-o\n|move|p1b: Chandelure|Heat Wave|p2a: Walking Woke|[spread] p2a,p2b\n|-resisted|p2a: Walking Woke\n|-supereffective|p2b: imposter\n|-damage|p2a: Walking Woke|82\/100\n|-damage|p2b: imposter|0 fnt\n|-status|p2a: Walking Woke|brn\n|faint|p2b: imposter\n|\n|-weather|none\n|-end|p2a: Walking Woke|Protosynthesis\n|-damage|p2a: Walking Woke|76\/100 brn|[from] brn\n|upkeep\n|\n|t:|1700144293\n|switch|p1a: Tornadus|Tornadus, M|100\/100\n|switch|p2b: More Coal|Torkoal, F|38\/100\n|-weather|SunnyDay|[from] ability: Drought|[of] p2b: More Coal\n|-activate|p2a: Walking Woke|ability: Protosynthesis\n|-start|p2a: Walking Woke|protosynthesisspe\n|turn|11\n|-message|ghyjyb forfeited.\n|\n|win|Isthisnametaked\n|raw|ghyjyb's rating: 1000 &rarr; <strong>1000<\/strong><br \/>(+0 for losing)\n|raw|Isthisnametaked's rating: 1135 &rarr; <strong>1151<\/strong><br \/>(+16 for winning)\n|l|\u2606ghyjyb\n","uploadtime":1700144307,"views":20,"p1id":"ghyjyb","p2id":"isthisnametaked","formatid":"gen9doublesou","rating":1000,"private":0,"password":""}