{"id":"gen9doublesou-1984663668","p1":"Oreng3","p2":"TypeWildScizor","format":"[Gen 9] Doubles OU","log":"|j|\u2606Oreng3\n|j|\u2606TypeWildScizor\n|t:|1699288933\n|gametype|doubles\n|player|p1|Oreng3|gardenia|1461\n|player|p2|TypeWildScizor|cynthia|1471\n|teamsize|p1|6\n|teamsize|p2|6\n|gen|9\n|tier|[Gen 9] Doubles OU\n|rated|\n|rule|Species Clause: Limit one of each Pok\u00e9mon\n|rule|OHKO Clause: OHKO moves are banned\n|rule|Evasion Moves Clause: Evasion moves are banned\n|rule|Gravity Sleep Clause: The combination of sleep-inducing moves with imperfect accuracy and Gravity or Gigantamax Orbeetle are banned\n|rule|Endless Battle Clause: Forcing endless battles is banned\n|rule|HP Percentage Mod: HP is shown in percentages\n|clearpoke\n|poke|p1|Gastrodon-East, F|\n|poke|p1|Politoed, F|\n|poke|p1|Goodra-Hisui, M|\n|poke|p1|Shaymin-Sky|\n|poke|p1|Basculegion-F, F|\n|poke|p1|Walking Wake|\n|poke|p2|Flutter Mane|\n|poke|p2|Iron Hands|\n|poke|p2|Chien-Pao|\n|poke|p2|Ogerpon-Cornerstone, F|\n|poke|p2|Landorus-Therian, M|\n|poke|p2|Kingambit, M|\n|teampreview\n|inactive|Battle timer is ON: inactive players will automatically lose when time's up. (requested by TypeWildScizor)\n|inactive|Oreng3 also wants the timer to be on.\n|\n|t:|1699288947\n|start\n|switch|p1a: Gastrodon|Gastrodon-East, F, shiny|100\/100\n|switch|p1b: Politoed|Politoed, F, shiny|100\/100\n|switch|p2a: Iron Hands|Iron Hands|100\/100\n|switch|p2b: Landorus|Landorus-Therian, M|100\/100\n|-ability|p2b: Landorus|Intimidate|boost\n|-unboost|p1a: Gastrodon|atk|1\n|-unboost|p1b: Politoed|atk|1\n|-weather|RainDance|[from] ability: Drizzle|[of] p1b: Politoed\n|turn|1\n|\n|t:|1699288965\n|move|p2a: Iron Hands|Fake Out|p1b: Politoed\n|-damage|p1b: Politoed|82\/100\n|move|p2b: Landorus|U-turn|p1a: Gastrodon\n|-crit|p1a: Gastrodon\n|-damage|p1a: Gastrodon|58\/100\n|\n|t:|1699288975\n|switch|p2b: Flutter Mane|Flutter Mane|100\/100|[from] U-turn\n|cant|p1b: Politoed|flinch\n|move|p1a: Gastrodon|Surf|p2a: Iron Hands|[spread] p1b,p2a,p2b\n|-resisted|p1b: Politoed\n|-damage|p1b: Politoed|69\/100\n|-damage|p2a: Iron Hands|72\/100\n|-damage|p2b: Flutter Mane|51\/100\n|\n|-weather|RainDance|[upkeep]\n|-heal|p1a: Gastrodon|64\/100|[from] item: Leftovers\n|upkeep\n|turn|2\n|\n|t:|1699288992\n|-terastallize|p2a: Iron Hands|Grass\n|-terastallize|p1a: Gastrodon|Poison\n|move|p2b: Flutter Mane|Moonblast|p1a: Gastrodon\n|-resisted|p1a: Gastrodon\n|-damage|p1a: Gastrodon|34\/100\n|-unboost|p1a: Gastrodon|spa|1\n|-damage|p2b: Flutter Mane|41\/100|[from] item: Life Orb\n|move|p1b: Politoed|Surf|p2a: Iron Hands|[spread] p2a,p2b\n|-ability|p1a: Gastrodon|Storm Drain|boost\n|-boost|p1a: Gastrodon|spa|1\n|-resisted|p2a: Iron Hands\n|-damage|p2a: Iron Hands|62\/100\n|-damage|p2b: Flutter Mane|5\/100\n|move|p2a: Iron Hands|Wild Charge|p1b: Politoed\n|-supereffective|p1b: Politoed\n|-damage|p1b: Politoed|0 fnt\n|faint|p1b: Politoed\n|-damage|p2a: Iron Hands|49\/100|[from] Recoil\n|move|p1a: Gastrodon|Surf|p2b: Flutter Mane|[spread] p2a,p2b\n|-resisted|p2a: Iron Hands\n|-damage|p2a: Iron Hands|37\/100\n|-damage|p2b: Flutter Mane|0 fnt\n|faint|p2b: Flutter Mane\n|-end|p2b: Flutter Mane|Protosynthesis|[silent]\n|\n|-weather|RainDance|[upkeep]\n|-heal|p1a: Gastrodon|40\/100|[from] item: Leftovers\n|upkeep\n|\n|t:|1699289019\n|switch|p2b: Landorus|Landorus-Therian, M|100\/100\n|switch|p1b: Shaymin|Shaymin-Sky, shiny|100\/100\n|-ability|p2b: Landorus|Intimidate|boost\n|-unboost|p1a: Gastrodon|atk|1\n|-unboost|p1b: Shaymin|atk|1\n|turn|3\n|inactive|TypeWildScizor has 120 seconds left.\n|\n|t:|1699289051\n|-end|p2a: Iron Hands|Quark Drive|[silent]\n|switch|p2a: Kingambit|Kingambit, M|100\/100\n|-activate|p2a: Kingambit|ability: Supreme Overlord\n|-start|p2a: Kingambit|fallen1|[silent]\n|move|p1b: Shaymin|Air Slash|p2a: Kingambit\n|-resisted|p2a: Kingambit\n|-damage|p2a: Kingambit|88\/100\n|move|p2b: Landorus|Rock Slide|p1a: Gastrodon|[spread] p1a,p1b\n|-supereffective|p1b: Shaymin\n|-damage|p1a: Gastrodon|14\/100\n|-damage|p1b: Shaymin|48\/100\n|move|p1a: Gastrodon|Surf|p2b: Landorus|[spread] p1b,p2a,p2b\n|-resisted|p1b: Shaymin\n|-supereffective|p2b: Landorus\n|-damage|p1b: Shaymin|29\/100\n|-damage|p2a: Kingambit|61\/100\n|-damage|p2b: Landorus|5\/100\n|\n|-weather|RainDance|[upkeep]\n|-heal|p2b: Landorus|11\/100|[from] item: Leftovers\n|-heal|p1a: Gastrodon|20\/100|[from] item: Leftovers\n|upkeep\n|turn|4\n|\n|t:|1699289075\n|switch|p1b: Walking Wake|Walking Wake|100\/100\n|move|p2a: Kingambit|Sucker Punch||[still]\n|-fail|p2a: Kingambit\n|move|p2b: Landorus|Rock Slide|p1b: Walking Wake|[spread] p1b\n|-miss|p2b: Landorus|p1a: Gastrodon\n|-damage|p1b: Walking Wake|77\/100\n|move|p1a: Gastrodon|Surf|p2b: Landorus|[spread] p1b,p2a,p2b\n|-resisted|p1b: Walking Wake\n|-supereffective|p2b: Landorus\n|-damage|p1b: Walking Wake|67\/100\n|-damage|p2a: Kingambit|30\/100\n|-damage|p2b: Landorus|0 fnt\n|faint|p2b: Landorus\n|\n|-weather|RainDance|[upkeep]\n|-heal|p1a: Gastrodon|27\/100|[from] item: Leftovers\n|upkeep\n|inactive|TypeWildScizor has 120 seconds left.\n|\n|t:|1699289095\n|switch|p2b: Ogerpon|Ogerpon-Cornerstone, F|100\/100\n|turn|5\n|inactive|TypeWildScizor has 120 seconds left.\n|\n|t:|1699289115\n|move|p2b: Ogerpon|Follow Me|p2b: Ogerpon\n|-singleturn|p2b: Ogerpon|move: Follow Me\n|move|p2a: Kingambit|Sucker Punch|p1b: Walking Wake\n|-damage|p1b: Walking Wake|14\/100\n|move|p1b: Walking Wake|Hydro Steam|p2b: Ogerpon\n|-damage|p2b: Ogerpon|43\/100\n|move|p1a: Gastrodon|Earth Power|p2b: Ogerpon\n|-damage|p2b: Ogerpon|0 fnt\n|faint|p2b: Ogerpon\n|\n|-weather|RainDance|[upkeep]\n|-heal|p1a: Gastrodon|33\/100|[from] item: Leftovers\n|upkeep\n|inactive|TypeWildScizor has 120 seconds left.\n|\n|t:|1699289130\n|switch|p2b: Iron Hands|Iron Hands, tera:Grass|37\/100\n|turn|6\n|inactive|TypeWildScizor has 120 seconds left.\n|\n|t:|1699289150\n|move|p2b: Iron Hands|Fake Out|p1b: Walking Wake\n|-damage|p1b: Walking Wake|0 fnt\n|faint|p1b: Walking Wake\n|-end|p1b: Walking Wake|Protosynthesis|[silent]\n|move|p2a: Kingambit|Sucker Punch|p1a: Gastrodon\n|-damage|p1a: Gastrodon|0 fnt\n|faint|p1a: Gastrodon\n|\n|-weather|RainDance|[upkeep]\n|upkeep\n|\n|t:|1699289159\n|switch|p1b: Basculegion|Basculegion-F, F, shiny|100\/100\n|switch|p1a: Shaymin|Shaymin-Sky, shiny|29\/100\n|turn|7\n|\n|t:|1699289173\n|switch|p1b: Goodra|Goodra-Hisui, M, shiny|100\/100\n|move|p2a: Kingambit|Sucker Punch|p1a: Shaymin\n|-damage|p1a: Shaymin|0 fnt\n|faint|p1a: Shaymin\n|move|p2b: Iron Hands|Wild Charge|p1b: Goodra\n|-resisted|p1b: Goodra\n|-damage|p1b: Goodra|75\/100\n|-damage|p2b: Iron Hands|32\/100|[from] Recoil\n|\n|-weather|RainDance|[upkeep]\n|-heal|p1b: Goodra|81\/100|[from] item: Leftovers\n|upkeep\n|\n|t:|1699289178\n|switch|p1a: Basculegion|Basculegion-F, F, shiny|100\/100\n|turn|8\n|\n|t:|1699289203\n|-end|p2a: Kingambit|fallen1|[silent]\n|switch|p2a: Chien-Pao|Chien-Pao|100\/100\n|-ability|p2a: Chien-Pao|Sword of Ruin\n|move|p1a: Basculegion|Last Respects|p2b: Iron Hands\n|-damage|p2b: Iron Hands|0 fnt\n|faint|p2b: Iron Hands\n|-end|p2b: Iron Hands|Quark Drive|[silent]\n|move|p1b: Goodra|Body Press|p2a: Chien-Pao\n|-supereffective|p2a: Chien-Pao\n|-damage|p2a: Chien-Pao|5\/100\n|\n|-weather|none\n|-heal|p1b: Goodra|87\/100|[from] item: Leftovers\n|upkeep\n|\n|t:|1699289217\n|switch|p2b: Kingambit|Kingambit, M|30\/100\n|-activate|p2b: Kingambit|ability: Supreme Overlord\n|-start|p2b: Kingambit|fallen4|[silent]\n|turn|9\n|\n|t:|1699289229\n|move|p2a: Chien-Pao|Sucker Punch|p1a: Basculegion\n|-supereffective|p1a: Basculegion\n|-damage|p1a: Basculegion|0 fnt\n|faint|p1a: Basculegion\n|move|p1b: Goodra|Body Press|p2b: Kingambit\n|-supereffective|p2b: Kingambit\n|-damage|p2b: Kingambit|0 fnt\n|faint|p2b: Kingambit\n|-end|p2b: Kingambit|fallen4|[silent]\n|\n|-heal|p1b: Goodra|93\/100|[from] item: Leftovers\n|upkeep\n|turn|10\n|\n|t:|1699289242\n|move|p2a: Chien-Pao|Sacred Sword|p1b: Goodra\n|-supereffective|p1b: Goodra\n|-crit|p1b: Goodra\n|-damage|p1b: Goodra|0 fnt\n|faint|p1b: Goodra\n|\n|win|TypeWildScizor\n|raw|Oreng3's rating: 1461 &rarr; <strong>1442<\/strong><br \/>(-19 for losing)\n|raw|TypeWildScizor's rating: 1471 &rarr; <strong>1490<\/strong><br \/>(+19 for winning)\n|c|\u2606Oreng3|gg\n|c|\u2606TypeWildScizor|Gg\n","uploadtime":1699289280,"views":9,"p1id":"oreng3","p2id":"typewildscizor","formatid":"gen9doublesou","rating":1442,"private":0,"password":""}