{"id":"gen9doublesou-1975806982","p1":"Kyubey's Stand","p2":"Leblades123","format":"[Gen 9] Doubles OU","log":"|j|\u2606Kyubey's Stand\n|j|\u2606Leblades123\n|t:|1698239918\n|gametype|doubles\n|player|p1|Kyubey's Stand|fisherman-gen4|1130\n|player|p2|Leblades123|hiker-gen4|1173\n|teamsize|p1|6\n|teamsize|p2|6\n|gen|9\n|tier|[Gen 9] Doubles OU\n|rated|\n|rule|Species Clause: Limit one of each Pok\u00e9mon\n|rule|OHKO Clause: OHKO moves are banned\n|rule|Evasion Moves Clause: Evasion moves are banned\n|rule|Gravity Sleep Clause: The combination of sleep-inducing moves with imperfect accuracy and Gravity or Gigantamax Orbeetle are banned\n|rule|Endless Battle Clause: Forcing endless battles is banned\n|rule|HP Percentage Mod: HP is shown in percentages\n|clearpoke\n|poke|p1|Politoed, M|\n|poke|p1|Ludicolo, M|\n|poke|p1|Amoonguss, M|\n|poke|p1|Goodra-Hisui, F|\n|poke|p1|Pelipper, M|\n|poke|p1|Palafin, F|\n|poke|p2|Empoleon, F|\n|poke|p2|Sinistcha|\n|poke|p2|Magcargo, M|\n|poke|p2|Dragonite, M|\n|poke|p2|Weezing-Galar, M|\n|poke|p2|Kleavor, M|\n|teampreview\n|\n|t:|1698239938\n|start\n|switch|p1a: Politoed|Politoed, M|100\/100\n|switch|p1b: Palafin|Palafin, F|100\/100\n|switch|p2a: Kleavor|Kleavor, M|100\/100\n|switch|p2b: Sinistcha|Sinistcha|100\/100\n|-weather|RainDance|[from] ability: Drizzle|[of] p1a: Politoed\n|turn|1\n|inactive|Battle timer is ON: inactive players will automatically lose when time's up. (requested by Leblades123)\n|\n|t:|1698239958\n|detailschange|p1b: Palafin|Palafin-Hero, F\n|switch|p1b: Ludicolo|Ludicolo, M|100\/100\n|move|p1a: Politoed|Protect|p1a: Politoed\n|-singleturn|p1a: Politoed|Protect\n|move|p2a: Kleavor|Stone Axe|p1b: Ludicolo\n|-damage|p1b: Ludicolo|0 fnt\n|-sidestart|p1: Kyubey's Stand|move: Stealth Rock\n|faint|p1b: Ludicolo\n|move|p2b: Sinistcha|Matcha Gotcha|p1a: Politoed\n|-activate|p1a: Politoed|move: Protect\n|\n|-weather|RainDance|[upkeep]\n|upkeep\n|l|\u2606Leblades123\n|inactive|Leblades123 disconnected and has a minute to reconnect!\n|player|p2|\n|\n|t:|1698239971\n|switch|p1b: Palafin|Palafin-Hero, F|100\/100\n|-damage|p1b: Palafin|88\/100|[from] Stealth Rock\n|-activate|p1b: Palafin|ability: Zero to Hero\n|turn|2\n|j|\u2606Leblades123\n|inactive|Leblades123 reconnected and has 150 seconds left.\n|player|p2|Leblades123|hiker-gen4\n|\n|t:|1698239991\n|move|p1b: Palafin|Jet Punch|p2a: Kleavor\n|-supereffective|p2a: Kleavor\n|-damage|p2a: Kleavor|0 fnt\n|faint|p2a: Kleavor\n|move|p2b: Sinistcha|Matcha Gotcha|p1a: Politoed|[spread] p1a,p1b\n|-supereffective|p1a: Politoed\n|-supereffective|p1b: Palafin\n|-damage|p1a: Politoed|64\/100\n|-damage|p1b: Palafin|33\/100\n|move|p1a: Politoed|Ice Beam|p2b: Sinistcha\n|-supereffective|p2b: Sinistcha\n|-damage|p2b: Sinistcha|61\/100\n|\n|-weather|RainDance|[upkeep]\n|upkeep\n|\n|t:|1698240004\n|switch|p2a: Louise|Dragonite, M|100\/100\n|turn|3\n|\n|t:|1698240013\n|move|p2b: Sinistcha|Rage Powder|p2b: Sinistcha\n|-singleturn|p2b: Sinistcha|move: Rage Powder\n|move|p1b: Palafin|Jet Punch|p2b: Sinistcha\n|-resisted|p2b: Sinistcha\n|-damage|p2b: Sinistcha|30\/100\n|-enditem|p2b: Sinistcha|Sitrus Berry|[eat]\n|-heal|p2b: Sinistcha|55\/100|[from] item: Sitrus Berry\n|move|p2a: Louise|Dragon Dance|p2a: Louise\n|-boost|p2a: Louise|atk|1\n|-boost|p2a: Louise|spe|1\n|move|p1a: Politoed|Ice Beam|p2b: Sinistcha\n|-supereffective|p2b: Sinistcha\n|-damage|p2b: Sinistcha|15\/100\n|\n|-weather|RainDance|[upkeep]\n|upkeep\n|turn|4\n|\n|t:|1698240034\n|-terastallize|p2a: Louise|Normal\n|move|p2a: Louise|Extreme Speed|p1b: Palafin\n|-damage|p1b: Palafin|0 fnt\n|faint|p1b: Palafin\n|move|p2b: Sinistcha|Strength Sap|p1a: Politoed\n|-unboost|p1a: Politoed|atk|1\n|-heal|p2b: Sinistcha|55\/100\n|move|p1a: Politoed|Ice Beam|p2a: Louise\n|-damage|p2a: Louise|91\/100\n|\n|-weather|RainDance|[upkeep]\n|upkeep\n|\n|t:|1698240046\n|switch|p1b: Goodra|Goodra-Hisui, F|100\/100\n|-damage|p1b: Goodra|94\/100|[from] Stealth Rock\n|turn|5\n|\n|t:|1698240059\n|move|p2a: Louise|Scale Shot|p1b: Goodra\n|-damage|p1b: Goodra|75\/100\n|-damage|p1b: Goodra|55\/100\n|-damage|p1b: Goodra|34\/100\n|-damage|p1b: Goodra|11\/100\n|-damage|p1b: Goodra|0 fnt\n|faint|p1b: Goodra\n|-hitcount|p1: Goodra|5\n|-unboost|p2a: Louise|def|1\n|-boost|p2a: Louise|spe|1\n|move|p2b: Sinistcha|Matcha Gotcha|p1a: Politoed\n|-supereffective|p1a: Politoed\n|-damage|p1a: Politoed|22\/100\n|-heal|p2b: Sinistcha|79\/100|[from] drain|[of] p1a: Politoed\n|-enditem|p1a: Politoed|Sitrus Berry|[eat]\n|-heal|p1a: Politoed|46\/100|[from] item: Sitrus Berry\n|move|p1a: Politoed|Hydro Pump|p2b: Sinistcha\n|-resisted|p2b: Sinistcha\n|-damage|p2b: Sinistcha|53\/100\n|\n|-weather|none\n|upkeep\n|\n|t:|1698240078\n|switch|p1b: Pelipper|Pelipper, M|100\/100\n|-damage|p1b: Pelipper|76\/100|[from] Stealth Rock\n|-weather|RainDance|[from] ability: Drizzle|[of] p1b: Pelipper\n|turn|6\n|\n|t:|1698240096\n|move|p1b: Pelipper|Helping Hand|p1a: Politoed\n|-singleturn|p1a: Politoed|Helping Hand|[of] p1b: Pelipper\n|move|p2a: Louise|Scale Shot|p1b: Pelipper\n|-damage|p1b: Pelipper|49\/100\n|-damage|p1b: Pelipper|21\/100\n|-damage|p1b: Pelipper|0 fnt\n|faint|p1b: Pelipper\n|-hitcount|p1: Pelipper|3\n|-unboost|p2a: Louise|def|1\n|-boost|p2a: Louise|spe|1\n|move|p2b: Sinistcha|Matcha Gotcha|p1a: Politoed\n|-supereffective|p1a: Politoed\n|-damage|p1a: Politoed|0 fnt\n|-heal|p2b: Sinistcha|78\/100|[from] drain|[of] p1a: Politoed\n|faint|p1a: Politoed\n|\n|-weather|RainDance|[upkeep]\n|upkeep\n|\n|t:|1698240120\n|switch|p1a: Amoonguss|Amoonguss, M|100\/100\n|-damage|p1a: Amoonguss|88\/100|[from] Stealth Rock\n|turn|7\n|\n|t:|1698240138\n|move|p2a: Louise|Extreme Speed|p1a: Amoonguss\n|-damage|p1a: Amoonguss|37\/100\n|move|p2b: Sinistcha|Matcha Gotcha|p1a: Amoonguss\n|-resisted|p1a: Amoonguss\n|-damage|p1a: Amoonguss|29\/100\n|-heal|p2b: Sinistcha|83\/100|[from] drain|[of] p1a: Amoonguss\n|move|p1a: Amoonguss|Pollen Puff|p2a: Louise\n|-damage|p2a: Louise|73\/100\n|\n|-weather|RainDance|[upkeep]\n|upkeep\n|turn|8\n|\n|t:|1698240153\n|move|p2a: Louise|Extreme Speed|p1a: Amoonguss\n|-damage|p1a: Amoonguss|0 fnt\n|faint|p1a: Amoonguss\n|\n|win|Leblades123\n|raw|Kyubey&apos;s Stand's rating: 1130 &rarr; <strong>1108<\/strong><br \/>(-22 for losing)\n|raw|Leblades123's rating: 1173 &rarr; <strong>1195<\/strong><br \/>(+22 for winning)\n","uploadtime":1698240158,"views":14,"p1id":"kyubeysstand","p2id":"leblades123","formatid":"gen9doublesou","rating":1108,"private":0,"password":""}