{"id":"gen9doublesou-1985714001","p1":"TWOJACKETS66","p2":"Songfossil","format":"[Gen 9] Doubles OU","log":"|j|\u2606TWOJACKETS66\n|j|\u2606Songfossil\n|t:|1699398468\n|gametype|doubles\n|player|p1|TWOJACKETS66|fisherman-gen4|1089\n|player|p2|Songfossil|1|1056\n|teamsize|p1|6\n|teamsize|p2|6\n|gen|9\n|tier|[Gen 9] Doubles OU\n|rated|\n|rule|Species Clause: Limit one of each Pok\u00e9mon\n|rule|OHKO Clause: OHKO moves are banned\n|rule|Evasion Moves Clause: Evasion moves are banned\n|rule|Gravity Sleep Clause: The combination of sleep-inducing moves with imperfect accuracy and Gravity or Gigantamax Orbeetle are banned\n|rule|Endless Battle Clause: Forcing endless battles is banned\n|rule|HP Percentage Mod: HP is shown in percentages\n|clearpoke\n|poke|p1|Mimikyu, F|\n|poke|p1|Ursaluna, F|\n|poke|p1|Blissey, F|\n|poke|p1|Gholdengo|\n|poke|p1|Iron Hands|\n|poke|p1|Glimmora, M|\n|poke|p2|Oricorio-Pom-Pom, M|\n|poke|p2|Iron Moth|\n|poke|p2|Pawmot, F|\n|poke|p2|Slither Wing|\n|poke|p2|Azumarill, F|\n|poke|p2|Lilligant-Hisui, F|\n|teampreview\n|inactive|Battle timer is ON: inactive players will automatically lose when time's up. (requested by Songfossil)\n|\n|t:|1699398501\n|start\n|switch|p1a: Mimikyu|Mimikyu, F|100\/100\n|switch|p1b: Ursaluna|Ursaluna, F|100\/100\n|switch|p2a: Oricorio|Oricorio-Pom-Pom, M|100\/100\n|switch|p2b: Iron Moth|Iron Moth|100\/100\n|-enditem|p2b: Iron Moth|Booster Energy\n|-activate|p2b: Iron Moth|ability: Quark Drive|[fromitem]\n|-start|p2b: Iron Moth|quarkdrivespa\n|turn|1\n|inactive|TWOJACKETS66 has 120 seconds left.\n|\n|t:|1699398544\n|move|p2b: Iron Moth|Fiery Dance|p1a: Mimikyu\n|-activate|p1a: Mimikyu|ability: Disguise\n|-damage|p1a: Mimikyu|100\/100\n|-boost|p2b: Iron Moth|spa|1\n|detailschange|p1a: Mimikyu|Mimikyu-Busted, F\n|-damage|p1a: Mimikyu|88\/100|[from] pokemon: Mimikyu-Busted\n|-activate|p2a: Oricorio|ability: Dancer\n|move|p2a: Oricorio|Fiery Dance|p1a: Mimikyu|[from]ability: Dancer\n|-damage|p1a: Mimikyu|68\/100\n|move|p2a: Oricorio|Quiver Dance|p2a: Oricorio\n|-boost|p2a: Oricorio|spa|1\n|-boost|p2a: Oricorio|spd|1\n|-boost|p2a: Oricorio|spe|1\n|move|p1b: Ursaluna|Yawn|p2a: Oricorio\n|-start|p2a: Oricorio|move: Yawn|[of] p1b: Ursaluna\n|move|p1a: Mimikyu|Trick Room|p1a: Mimikyu\n|-fieldstart|move: Trick Room|[of] p1a: Mimikyu\n|\n|-status|p1b: Ursaluna|tox|[from] item: Toxic Orb\n|upkeep\n|turn|2\n|inactive|Songfossil has 120 seconds left.\n|\n|t:|1699398579\n|-terastallize|p2b: Iron Moth|Grass\n|move|p1a: Mimikyu|Protect|p1a: Mimikyu\n|-singleturn|p1a: Mimikyu|Protect\n|move|p1b: Ursaluna|Earthquake|p2a: Oricorio|[spread] p2b\n|-activate|p1a: Mimikyu|move: Protect\n|-immune|p2a: Oricorio\n|-resisted|p2b: Iron Moth\n|-damage|p2b: Iron Moth|60\/100\n|move|p2b: Iron Moth|Energy Ball|p1b: Ursaluna\n|-supereffective|p1b: Ursaluna\n|-damage|p1b: Ursaluna|0 fnt\n|faint|p1b: Ursaluna\n|move|p2a: Oricorio|Revelation Dance|p1a: Mimikyu\n|-activate|p1a: Mimikyu|move: Protect\n|\n|-end|p2a: Oricorio|move: Yawn|[silent]\n|-status|p2a: Oricorio|slp\n|upkeep\n|inactive|TWOJACKETS66 has 120 seconds left.\n|\n|t:|1699398607\n|switch|p1b: Glimmora|Glimmora, M|100\/100\n|turn|3\n|inactive|TWOJACKETS66 has 120 seconds left.\n|\n|t:|1699398623\n|move|p1a: Mimikyu|Thunder Wave||[still]\n|-fail|p1a: Mimikyu\n|move|p1b: Glimmora|Gunk Shot|p2b: Iron Moth\n|-supereffective|p2b: Iron Moth\n|-damage|p2b: Iron Moth|0 fnt\n|faint|p2b: Iron Moth\n|-end|p2b: Iron Moth|Quark Drive|[silent]\n|cant|p2a: Oricorio|slp\n|\n|upkeep\n|\n|t:|1699398639\n|switch|p2b: Slither Wing|Slither Wing|100\/100\n|turn|4\n|inactive|TWOJACKETS66 has 120 seconds left.\n|\n|t:|1699398672\n|move|p2b: Slither Wing|First Impression|p1b: Glimmora\n|-resisted|p1b: Glimmora\n|-damage|p1b: Glimmora|67\/100\n|-damage|p2b: Slither Wing|84\/100|[from] item: Rocky Helmet|[of] p1b: Glimmora\n|-activate|p1b: Glimmora|ability: Toxic Debris\n|-sidestart|p2: Songfossil|move: Toxic Spikes\n|move|p1a: Mimikyu|Shadow Sneak|p2a: Oricorio\n|-damage|p2a: Oricorio|82\/100 slp\n|move|p1b: Glimmora|Gunk Shot|p2b: Slither Wing\n|-damage|p2b: Slither Wing|46\/100\n|-status|p2b: Slither Wing|psn\n|cant|p2a: Oricorio|slp\n|\n|-damage|p2b: Slither Wing|34\/100 psn|[from] psn\n|upkeep\n|turn|5\n|\n|t:|1699398688\n|-end|p2b: Slither Wing|Protosynthesis|[silent]\n|switch|p2b: Pawmot|Pawmot, F|100\/100\n|-status|p2b: Pawmot|psn\n|move|p1a: Mimikyu|Protect|p1a: Mimikyu\n|-singleturn|p1a: Mimikyu|Protect\n|move|p1b: Glimmora|Spiky Shield|p1b: Glimmora\n|-singleturn|p1b: Glimmora|move: Protect\n|cant|p2a: Oricorio|slp\n|\n|-damage|p2b: Pawmot|88\/100 psn|[from] psn\n|-fieldend|move: Trick Room\n|upkeep\n|turn|6\n|\n|t:|1699398712\n|switch|p1b: Blissey|Blissey, F|100\/100\n|-curestatus|p2a: Oricorio|slp|[msg]\n|move|p2a: Oricorio|Quiver Dance|p2a: Oricorio\n|-boost|p2a: Oricorio|spa|1\n|-boost|p2a: Oricorio|spd|1\n|-boost|p2a: Oricorio|spe|1\n|move|p2b: Pawmot|Double Shock|p1a: Mimikyu\n|-damage|p1a: Mimikyu|0 fnt\n|-start|p2b: Pawmot|typechange|???\/Fighting|[from] move: Double Shock\n|faint|p1a: Mimikyu\n|\n|-damage|p2b: Pawmot|76\/100 psn|[from] psn\n|upkeep\n|inactive|TWOJACKETS66 has 120 seconds left.\n|\n|t:|1699398730\n|switch|p1a: Iron Hands|Iron Hands|100\/100\n|turn|7\n|inactive|Songfossil has 120 seconds left.\n|inactive|Songfossil has 90 seconds left.\n|\n|t:|1699398802\n|move|p2a: Oricorio|Hurricane|p1a: Iron Hands\n|-damage|p1a: Iron Hands|12\/100\n|move|p2b: Pawmot|Ice Punch|p1a: Iron Hands\n|-damage|p1a: Iron Hands|0 fnt\n|faint|p1a: Iron Hands\n|-end|p1a: Iron Hands|Quark Drive|[silent]\n|move|p1b: Blissey|Heal Pulse|p1: Iron Hands|[notarget]\n|-fail|p1b: Blissey\n|\n|-damage|p2b: Pawmot|63\/100 psn|[from] psn\n|upkeep\n|\n|t:|1699398816\n|switch|p1a: Gholdengo|Gholdengo|100\/100\n|turn|8\n|inactive|Songfossil has 90 seconds left.\n|\n|t:|1699398840\n|move|p2a: Oricorio|Revelation Dance|p1a: Gholdengo\n|-damage|p1a: Gholdengo|2\/100\n|move|p2b: Pawmot|Volt Switch|p1a: Gholdengo\n|-damage|p1a: Gholdengo|0 fnt\n|faint|p1a: Gholdengo\n|\n|t:|1699398843\n|switch|p2b: Slither Wing|Slither Wing|34\/100 psn|[from] Volt Switch\n|move|p1b: Blissey|Heal Pulse|p1: Gholdengo|[notarget]\n|-fail|p1b: Blissey\n|\n|-damage|p2b: Slither Wing|22\/100 psn|[from] psn\n|upkeep\n|\n|t:|1699398848\n|switch|p1a: Glimmora|Glimmora, M|67\/100\n|turn|9\n|inactive|Songfossil has 120 seconds left.\n|inactive|Songfossil has 90 seconds left.\n|\n|t:|1699398884\n|move|p2a: Oricorio|Revelation Dance|p1a: Glimmora\n|-damage|p1a: Glimmora|0 fnt\n|faint|p1a: Glimmora\n|move|p2b: Slither Wing|Close Combat|p1b: Blissey\n|-supereffective|p1b: Blissey\n|-damage|p1b: Blissey|0 fnt\n|-unboost|p2b: Slither Wing|def|1\n|-unboost|p2b: Slither Wing|spd|1\n|faint|p1b: Blissey\n|\n|win|Songfossil\n|raw|TWOJACKETS66's rating: 1089 &rarr; <strong>1065<\/strong><br \/>(-24 for losing)\n|raw|Songfossil's rating: 1078 &rarr; <strong>1107<\/strong><br \/>(+29 for winning)\n","uploadtime":1699398888,"views":9,"p1id":"twojackets66","p2id":"songfossil","formatid":"gen9doublesou","rating":1065,"private":0,"password":""}