{"id":"gen9doublesou-1984592658","p1":"1103c","p2":"Beanie4600","format":"[Gen 9] Doubles OU","log":"|j|\u26061103c\n|j|\u2606Beanie4600\n|t:|1699282823\n|gametype|doubles\n|player|p1|1103c|170|1089\n|player|p2|Beanie4600|102|1057\n|teamsize|p1|6\n|teamsize|p2|6\n|gen|9\n|tier|[Gen 9] Doubles OU\n|rated|\n|rule|Species Clause: Limit one of each Pok\u00e9mon\n|rule|OHKO Clause: OHKO moves are banned\n|rule|Evasion Moves Clause: Evasion moves are banned\n|rule|Gravity Sleep Clause: The combination of sleep-inducing moves with imperfect accuracy and Gravity or Gigantamax Orbeetle are banned\n|rule|Endless Battle Clause: Forcing endless battles is banned\n|rule|HP Percentage Mod: HP is shown in percentages\n|clearpoke\n|poke|p1|Torkoal, M|\n|poke|p1|Pincurchin, M|\n|poke|p1|Iron Valiant|\n|poke|p1|Walking Wake|\n|poke|p1|Sandy Shocks|\n|poke|p1|Iron Jugulis|\n|poke|p2|Armarouge, M|\n|poke|p2|Palafin, M|\n|poke|p2|Sinistcha-Masterpiece|\n|poke|p2|Dragonite, M|\n|poke|p2|Ninetales-Alola, F|\n|poke|p2|Kingambit, M|\n|teampreview\n|\n|t:|1699282831\n|start\n|switch|p1a: Torkoal|Torkoal, M, shiny|100\/100\n|switch|p1b: Pincurchin|Pincurchin, M, shiny|100\/100\n|switch|p2a: Palafin|Palafin, M|100\/100\n|switch|p2b: Sinistcha|Sinistcha-Masterpiece|100\/100\n|-weather|SunnyDay|[from] ability: Drought|[of] p1a: Torkoal\n|-fieldstart|move: Electric Terrain|[from] ability: Electric Surge|[of] p1b: Pincurchin\n|turn|1\n|inactive|Battle timer is ON: inactive players will automatically lose when time's up. (requested by Beanie4600)\n|inactive|1103c has 120 seconds left.\n|\n|t:|1699282877\n|switch|p1a: Iron Jugulis|Iron Jugulis|100\/100\n|-activate|p1a: Iron Jugulis|ability: Quark Drive\n|-start|p1a: Iron Jugulis|quarkdrivespe\n|move|p2a: Palafin|Flip Turn|p1a: Iron Jugulis\n|-damage|p1a: Iron Jugulis|81\/100\n|\n|t:|1699282891\n|detailschange|p2a: Palafin|Palafin-Hero, M\n|switch|p2a: Armarouge|Armarouge, M|100\/100|[from] Flip Turn\n|move|p2b: Sinistcha|Scald|p1a: Iron Jugulis\n|-damage|p1a: Iron Jugulis|65\/100\n|move|p1b: Pincurchin|Toxic Spikes|p2a: Armarouge\n|-sidestart|p2: Beanie4600|move: Toxic Spikes\n|\n|-weather|SunnyDay|[upkeep]\n|upkeep\n|turn|2\n|\n|t:|1699282920\n|move|p1a: Iron Jugulis|Dark Pulse|p2a: Armarouge\n|-supereffective|p2a: Armarouge\n|-damage|p2a: Armarouge|0 fnt\n|faint|p2a: Armarouge\n|-damage|p1a: Iron Jugulis|55\/100|[from] item: Life Orb\n|move|p2b: Sinistcha|Matcha Gotcha|p1a: Iron Jugulis|[spread] p1a\n|-miss|p2b: Sinistcha|p1b: Pincurchin\n|-resisted|p1a: Iron Jugulis\n|-damage|p1a: Iron Jugulis|35\/100\n|-status|p1a: Iron Jugulis|brn\n|move|p1b: Pincurchin|Toxic Spikes|p2b: Sinistcha\n|-sidestart|p2: Beanie4600|move: Toxic Spikes\n|\n|-weather|SunnyDay|[upkeep]\n|-damage|p1a: Iron Jugulis|29\/100 brn|[from] brn\n|upkeep\n|\n|t:|1699282934\n|switch|p2a: Kingambit|Kingambit, M|100\/100\n|-activate|p2a: Kingambit|ability: Supreme Overlord\n|-start|p2a: Kingambit|fallen1|[silent]\n|turn|3\n|\n|t:|1699282956\n|move|p1a: Iron Jugulis|Flamethrower|p2a: Kingambit\n|-supereffective|p2a: Kingambit\n|-damage|p2a: Kingambit|0 fnt\n|faint|p2a: Kingambit\n|-end|p2a: Kingambit|fallen1|[silent]\n|-damage|p1a: Iron Jugulis|19\/100 brn|[from] item: Life Orb\n|move|p2b: Sinistcha|Shadow Ball|p1b: Pincurchin\n|-damage|p1b: Pincurchin|46\/100\n|move|p1b: Pincurchin|Spikes|p2b: Sinistcha\n|-sidestart|p2: Beanie4600|Spikes\n|\n|-weather|SunnyDay|[upkeep]\n|-damage|p1a: Iron Jugulis|13\/100 brn|[from] brn\n|upkeep\n|\n|t:|1699282969\n|switch|p2a: Dragonite|Dragonite, M|100\/100\n|turn|4\n|\n|t:|1699282994\n|move|p1a: Iron Jugulis|Dragon Pulse|p2a: Dragonite\n|-supereffective|p2a: Dragonite\n|-damage|p2a: Dragonite|61\/100\n|-damage|p1a: Iron Jugulis|4\/100 brn|[from] item: Life Orb\n|move|p2a: Dragonite|Dragon Dance|p2a: Dragonite\n|-boost|p2a: Dragonite|atk|1\n|-boost|p2a: Dragonite|spe|1\n|move|p2b: Sinistcha|Matcha Gotcha|p1a: Iron Jugulis|[spread] p1a,p1b\n|-resisted|p1a: Iron Jugulis\n|-damage|p1a: Iron Jugulis|0 fnt\n|-damage|p1b: Pincurchin|9\/100\n|-status|p1b: Pincurchin|brn\n|faint|p1a: Iron Jugulis\n|-end|p1a: Iron Jugulis|Quark Drive|[silent]\n|move|p1b: Pincurchin|Recover|p1b: Pincurchin\n|-heal|p1b: Pincurchin|59\/100 brn\n|\n|-weather|SunnyDay|[upkeep]\n|-damage|p1b: Pincurchin|53\/100 brn|[from] brn\n|upkeep\n|inactive|1103c has 120 seconds left.\n|\n|t:|1699283029\n|switch|p1a: Walking Wake|Walking Wake|100\/100\n|-activate|p1a: Walking Wake|ability: Protosynthesis\n|-start|p1a: Walking Wake|protosynthesisspe\n|turn|5\n|inactive|1103c has 120 seconds left.\n|\n|t:|1699283048\n|move|p2a: Dragonite|Extreme Speed|p1b: Pincurchin\n|-damage|p1b: Pincurchin|0 fnt\n|faint|p1b: Pincurchin\n|move|p1a: Walking Wake|Dragon Pulse|p2a: Dragonite\n|-supereffective|p2a: Dragonite\n|-damage|p2a: Dragonite|0 fnt\n|faint|p2a: Dragonite\n|-damage|p1a: Walking Wake|91\/100|[from] item: Life Orb\n|move|p2b: Sinistcha|Matcha Gotcha|p1a: Walking Wake\n|-damage|p1a: Walking Wake|47\/100\n|\n|-weather|SunnyDay|[upkeep]\n|upkeep\n|inactive|1103c has 120 seconds left.\n|\n|t:|1699283088\n|switch|p2a: Ninetales|Ninetales-Alola, F|100\/100\n|switch|p1b: Iron Valiant|Iron Valiant|100\/100\n|-status|p2a: Ninetales|tox\n|-damage|p2a: Ninetales|88\/100 tox|[from] Spikes\n|-weather|Snow|[from] ability: Snow Warning|[of] p2a: Ninetales\n|-end|p1a: Walking Wake|Protosynthesis\n|-activate|p1b: Iron Valiant|ability: Quark Drive\n|-start|p1b: Iron Valiant|quarkdrivespe\n|turn|6\n|inactive|1103c has 90 seconds left.\n|inactive|1103c has 60 seconds left.\n|\n|t:|1699283151\n|-end|p1b: Iron Valiant|Quark Drive|[silent]\n|switch|p1b: Torkoal|Torkoal, M, shiny|100\/100\n|-weather|SunnyDay|[from] ability: Drought|[of] p1b: Torkoal\n|-activate|p1a: Walking Wake|ability: Protosynthesis\n|-start|p1a: Walking Wake|protosynthesisspe\n|move|p1a: Walking Wake|Hydro Steam|p2a: Ninetales\n|-damage|p2a: Ninetales|0 fnt\n|faint|p2a: Ninetales\n|-damage|p1a: Walking Wake|37\/100|[from] item: Life Orb\n|move|p2b: Sinistcha|Shadow Ball|p1b: Torkoal\n|-damage|p1b: Torkoal|60\/100\n|-unboost|p1b: Torkoal|spd|1\n|\n|-weather|SunnyDay|[upkeep]\n|upkeep\n|\n|t:|1699283166\n|switch|p2a: Palafin|Palafin-Hero, M|100\/100\n|-status|p2a: Palafin|tox\n|-damage|p2a: Palafin|88\/100 tox|[from] Spikes\n|-activate|p2a: Palafin|ability: Zero to Hero\n|turn|7\n|inactive|1103c has 60 seconds left.\n|\n|t:|1699283224\n|switch|p1b: Sandy Shocks|Sandy Shocks|100\/100\n|-activate|p1b: Sandy Shocks|ability: Protosynthesis\n|-start|p1b: Sandy Shocks|protosynthesisspe\n|-terastallize|p2b: Sinistcha|Ghost\n|move|p2a: Palafin|Jet Punch|p1b: Sandy Shocks\n|-supereffective|p1b: Sandy Shocks\n|-damage|p1b: Sandy Shocks|41\/100\n|move|p1a: Walking Wake|Weather Ball|p2b: Sinistcha\n|-damage|p2b: Sinistcha|47\/100\n|-damage|p1a: Walking Wake|28\/100|[from] item: Life Orb\n|move|p2b: Sinistcha|Matcha Gotcha|p1b: Sandy Shocks|[spread] p1a,p1b\n|-supereffective|p1b: Sandy Shocks\n|-crit|p1b: Sandy Shocks\n|-damage|p1a: Walking Wake|0 fnt\n|-heal|p2b: Sinistcha|60\/100|[from] drain|[of] p1a: Walking Wake\n|-damage|p1b: Sandy Shocks|0 fnt\n|-heal|p2b: Sinistcha|79\/100|[from] drain|[of] p1b: Sandy Shocks\n|faint|p1a: Walking Wake\n|-end|p1a: Walking Wake|Protosynthesis|[silent]\n|faint|p1b: Sandy Shocks\n|-end|p1b: Sandy Shocks|Protosynthesis|[silent]\n|\n|-weather|SunnyDay|[upkeep]\n|-damage|p2a: Palafin|82\/100 tox|[from] psn\n|upkeep\n|inactive|1103c has 30 seconds left.\n|inactive|1103c has 20 seconds left.\n|inactive|1103c has 15 seconds left.\n|\n|t:|1699283250\n|switch|p1a: Torkoal|Torkoal, M, shiny|60\/100\n|switch|p1b: Iron Valiant|Iron Valiant|100\/100\n|-activate|p1b: Iron Valiant|ability: Quark Drive\n|-start|p1b: Iron Valiant|quarkdrivespe\n|turn|8\n|inactive|1103c has 30 seconds left.\n|inactive|1103c has 20 seconds left.\n|inactive|1103c has 15 seconds left.\n|\n|t:|1699283279\n|move|p2a: Palafin|Jet Punch|p1a: Torkoal\n|-supereffective|p1a: Torkoal\n|-damage|p1a: Torkoal|19\/100\n|move|p1b: Iron Valiant|Energy Ball|p2a: Palafin\n|-supereffective|p2a: Palafin\n|-damage|p2a: Palafin|0 fnt\n|faint|p2a: Palafin\n|-damage|p1b: Iron Valiant|91\/100|[from] item: Life Orb\n|move|p2b: Sinistcha|Shadow Ball|p1b: Iron Valiant\n|-damage|p1b: Iron Valiant|17\/100\n|move|p1a: Torkoal|Amnesia|p1a: Torkoal\n|-boost|p1a: Torkoal|spd|2\n|\n|-weather|SunnyDay|[upkeep]\n|-fieldend|move: Electric Terrain\n|-end|p1b: Iron Valiant|Quark Drive\n|upkeep\n|turn|9\n|inactive|1103c has 30 seconds left.\n|inactive|1103c has 20 seconds left.\n|inactive|1103c has 15 seconds left.\n|inactive|1103c has 10 seconds left.\n|inactive|1103c has 5 seconds left.\n|\n|t:|1699283317\n|-terastallize|p1b: Iron Valiant|Fairy\n|move|p1b: Iron Valiant|Moonblast|p2b: Sinistcha\n|-damage|p2b: Sinistcha|12\/100\n|-unboost|p2b: Sinistcha|spa|1\n|-damage|p1b: Iron Valiant|8\/100|[from] item: Life Orb\n|move|p2b: Sinistcha|Matcha Gotcha|p1b: Iron Valiant|[spread] p1a,p1b\n|-resisted|p1a: Torkoal\n|-damage|p1a: Torkoal|15\/100\n|-heal|p2b: Sinistcha|15\/100|[from] drain|[of] p1a: Torkoal\n|-damage|p1b: Iron Valiant|0 fnt\n|-heal|p2b: Sinistcha|18\/100|[from] drain|[of] p1b: Iron Valiant\n|faint|p1b: Iron Valiant\n|-end|p1b: Iron Valiant|Quark Drive|[silent]\n|move|p1a: Torkoal|Solar Beam||[still]\n|-prepare|p1a: Torkoal|Solar Beam\n|-anim|p1a: Torkoal|Solar Beam|p2b: Sinistcha\n|-damage|p2b: Sinistcha|0 fnt\n|faint|p2b: Sinistcha\n|\n|win|1103c\n|inactive|1103c has 10 seconds left this turn.\n|raw|1103c's rating: 1089 &rarr; <strong>1113<\/strong><br \/>(+24 for winning)\n|raw|Beanie4600's rating: 1057 &rarr; <strong>1040<\/strong><br \/>(-17 for losing)\n|l|\u2606Beanie4600\n","uploadtime":1699283349,"views":13,"p1id":"1103c","p2id":"beanie4600","formatid":"gen9doublesou","rating":1040,"private":0,"password":""}