{"id":"gen9doublesou-1992189745","p1":"InsrtNameHere","p2":"EngineerPlaysMons","format":"[Gen 9] Doubles OU","log":"|j|\u2606InsrtNameHere\n|j|\u2606EngineerPlaysMons\n|t:|1700162425\n|gametype|doubles\n|player|p1|InsrtNameHere|burglar|1580\n|player|p2|EngineerPlaysMons|schoolkid-gen4|1648\n|teamsize|p1|6\n|teamsize|p2|6\n|gen|9\n|tier|[Gen 9] Doubles OU\n|rated|\n|rule|Species Clause: Limit one of each Pok\u00e9mon\n|rule|OHKO Clause: OHKO moves are banned\n|rule|Evasion Moves Clause: Evasion moves are banned\n|rule|Gravity Sleep Clause: The combination of sleep-inducing moves with imperfect accuracy and Gravity or Gigantamax Orbeetle are banned\n|rule|Endless Battle Clause: Forcing endless battles is banned\n|rule|HP Percentage Mod: HP is shown in percentages\n|clearpoke\n|poke|p1|Baxcalibur, M|\n|poke|p1|Torkoal, M|\n|poke|p1|Walking Wake|\n|poke|p1|Amoonguss, F|\n|poke|p1|Rillaboom, M|\n|poke|p1|Heatran, M|\n|poke|p2|Rillaboom, M|\n|poke|p2|Ninetales-Alola, F|\n|poke|p2|Glimmora, M|\n|poke|p2|Sinistcha-Masterpiece|\n|poke|p2|Volcanion|\n|poke|p2|Chi-Yu|\n|teampreview\n|c|\u2606EngineerPlaysMons|You made such a scary team\n|c|\u2606EngineerPlaysMons|go easy on me man it\u2019s midterm week\n|\n|t:|1700162507\n|start\n|switch|p1a: Curious George|Rillaboom, M|100\/100\n|switch|p1b: Love Fever|Heatran, M|100\/100\n|switch|p2a: Ninetales|Ninetales-Alola, F|100\/100\n|switch|p2b: Glimmora|Glimmora, M|100\/100\n|-weather|Snow|[from] ability: Snow Warning|[of] p2a: Ninetales\n|-fieldstart|move: Grassy Terrain|[from] ability: Grassy Surge|[of] p1a: Curious George\n|turn|1\n|\n|t:|1700162531\n|move|p2a: Ninetales|Protect|p2a: Ninetales\n|-singleturn|p2a: Ninetales|Protect\n|move|p1a: Curious George|Fake Out|p2a: Ninetales\n|-activate|p2a: Ninetales|move: Protect\n|move|p2b: Glimmora|Stealth Rock|p1a: Curious George\n|-sidestart|p1: InsrtNameHere|move: Stealth Rock\n|move|p1b: Love Fever|Stealth Rock|p2b: Glimmora\n|-sidestart|p2: EngineerPlaysMons|move: Stealth Rock\n|\n|-weather|Snow|[upkeep]\n|upkeep\n|turn|2\n|\n|t:|1700162557\n|switch|p1a: Phranklin|Torkoal, M|100\/100\n|-damage|p1a: Phranklin|76\/100|[from] Stealth Rock\n|-weather|SunnyDay|[from] ability: Drought|[of] p1a: Phranklin\n|move|p2a: Ninetales|Aurora Veil||[still]\n|-fail|p2a: Ninetales\n|move|p2b: Glimmora|Sludge Bomb|p1a: Phranklin\n|-damage|p1a: Phranklin|8\/100\n|move|p1b: Love Fever|Flash Cannon|p2a: Ninetales\n|-supereffective|p2a: Ninetales\n|-damage|p2a: Ninetales|0 fnt\n|faint|p2a: Ninetales\n|\n|-weather|SunnyDay|[upkeep]\n|-heal|p1a: Phranklin|14\/100|[from] Grassy Terrain\n|upkeep\n|c|\u2606EngineerPlaysMons|A bit rude tbh\n|\n|t:|1700162590\n|switch|p2a: Rillaboom|Rillaboom, M|100\/100\n|-damage|p2a: Rillaboom|88\/100|[from] Stealth Rock\n|turn|3\n|\n|t:|1700162607\n|-terastallize|p2a: Rillaboom|Fire\n|move|p1b: Love Fever|Protect|p1b: Love Fever\n|-singleturn|p1b: Love Fever|Protect\n|move|p1a: Phranklin|Protect|p1a: Phranklin\n|-singleturn|p1a: Phranklin|Protect\n|move|p2a: Rillaboom|Fake Out|p1b: Love Fever\n|-activate|p1b: Love Fever|move: Protect\n|move|p2b: Glimmora|Power Gem|p1b: Love Fever\n|-activate|p1b: Love Fever|move: Protect\n|\n|-weather|SunnyDay|[upkeep]\n|-heal|p2a: Rillaboom|94\/100|[from] Grassy Terrain\n|-heal|p1a: Phranklin|21\/100|[from] Grassy Terrain\n|upkeep\n|turn|4\n|c|\u2606InsrtNameHere|Oh sorry I'm not seeing your msgs I'm on mobile\n|c|\u2606InsrtNameHere|I'll go as easy as I can lol your team is just as scary lol\n|\n|t:|1700162704\n|move|p2b: Glimmora|Power Gem|p1b: Love Fever\n|-damage|p1b: Love Fever|65\/100\n|move|p2a: Rillaboom|Hammer Arm|p1b: Love Fever\n|-supereffective|p1b: Love Fever\n|-crit|p1b: Love Fever\n|-damage|p1b: Love Fever|0 fnt\n|-unboost|p2a: Rillaboom|spe|1\n|faint|p1b: Love Fever\n|move|p1a: Phranklin|Yawn|p2a: Rillaboom\n|-start|p2a: Rillaboom|move: Yawn|[of] p1a: Phranklin\n|\n|-weather|SunnyDay|[upkeep]\n|-heal|p2a: Rillaboom|100\/100|[from] Grassy Terrain\n|-heal|p1a: Phranklin|27\/100|[from] Grassy Terrain\n|upkeep\n|c|\u2606EngineerPlaysMons|Dude have you been struggling with the new gen as well?\n|\n|t:|1700162722\n|switch|p1b: Wake and Bake|Walking Wake|100\/100\n|-damage|p1b: Wake and Bake|88\/100|[from] Stealth Rock\n|-activate|p1b: Wake and Bake|ability: Protosynthesis\n|-start|p1b: Wake and Bake|protosynthesisspe\n|turn|5\n|c|\u2606EngineerPlaysMons|There\u2019s so much to remember I can\u2019t keep up\n|\n|t:|1700162753\n|switch|p2b: Volcanion|Volcanion|100\/100\n|-damage|p2b: Volcanion|76\/100|[from] Stealth Rock\n|switch|p2a: Sinistcha|Sinistcha-Masterpiece|100\/100\n|-damage|p2a: Sinistcha|88\/100|[from] Stealth Rock\n|-heal|p2b: Volcanion|100\/100|[from] ability: Hospitality|[of] p2a: Sinistcha\n|move|p1b: Wake and Bake|Hydro Steam|p2b: Volcanion\n|-immune|p2b: Volcanion|[from] ability: Water Absorb\n|move|p1a: Phranklin|Yawn|p2a: Sinistcha\n|-start|p2a: Sinistcha|move: Yawn|[of] p1a: Phranklin\n|\n|-weather|SunnyDay|[upkeep]\n|-heal|p1b: Wake and Bake|94\/100|[from] Grassy Terrain\n|-heal|p2a: Sinistcha|94\/100|[from] Grassy Terrain\n|-heal|p2a: Sinistcha|100\/100|[from] item: Leftovers\n|-heal|p1a: Phranklin|33\/100|[from] Grassy Terrain\n|-fieldend|move: Grassy Terrain\n|upkeep\n|turn|6\n|\n|t:|1700162806\n|-end|p1b: Wake and Bake|Protosynthesis|[silent]\n|switch|p1b: Big Bad Bax|Baxcalibur, M|100\/100\n|-damage|p1b: Big Bad Bax|76\/100|[from] Stealth Rock\n|switch|p2a: Glimmora|Glimmora, M|100\/100\n|-damage|p2a: Glimmora|88\/100|[from] Stealth Rock\n|switch|p1a: Fun Guy|Amoonguss, F|100\/100\n|-damage|p1a: Fun Guy|88\/100|[from] Stealth Rock\n|move|p2b: Volcanion|Earth Power|p1a: Fun Guy\n|-damage|p1a: Fun Guy|65\/100\n|\n|-weather|SunnyDay|[upkeep]\n|upkeep\n|turn|7\n|\n|t:|1700162857\n|-terastallize|p1a: Fun Guy|Water\n|move|p1b: Big Bad Bax|Protect|p1b: Big Bad Bax\n|-singleturn|p1b: Big Bad Bax|Protect\n|move|p2a: Glimmora|Power Gem|p1b: Big Bad Bax\n|-activate|p1b: Big Bad Bax|move: Protect\n|move|p2b: Volcanion|Heat Wave|p1b: Big Bad Bax|[spread] p1a\n|-activate|p1b: Big Bad Bax|move: Protect\n|-resisted|p1a: Fun Guy\n|-damage|p1a: Fun Guy|46\/100\n|move|p1a: Fun Guy|Spore|p2a: Glimmora\n|-status|p2a: Glimmora|slp|[from] move: Spore\n|\n|-weather|SunnyDay|[upkeep]\n|upkeep\n|turn|8\n|\n|t:|1700162893\n|switch|p2b: Rillaboom|Rillaboom, M, tera:Fire|100\/100\n|-damage|p2b: Rillaboom|76\/100|[from] Stealth Rock\n|-fieldstart|move: Grassy Terrain|[from] ability: Grassy Surge|[of] p2b: Rillaboom\n|move|p1b: Big Bad Bax|Dragon Dance|p1b: Big Bad Bax\n|-boost|p1b: Big Bad Bax|atk|1\n|-boost|p1b: Big Bad Bax|spe|1\n|cant|p2a: Glimmora|slp\n|move|p1a: Fun Guy|Spore|p2b: Rillaboom\n|-status|p2b: Rillaboom|slp|[from] move: Spore\n|\n|-weather|SunnyDay|[upkeep]\n|-heal|p1b: Big Bad Bax|82\/100|[from] Grassy Terrain\n|-heal|p2a: Glimmora|94\/100 slp|[from] Grassy Terrain\n|-heal|p2b: Rillaboom|82\/100 slp|[from] Grassy Terrain\n|-heal|p1a: Fun Guy|52\/100|[from] Grassy Terrain\n|upkeep\n|turn|9\n|c|\u2606EngineerPlaysMons|I FORGOT I TERRAED\n|\n|t:|1700162943\n|switch|p1a: Wake and Bake|Walking Wake|94\/100\n|-damage|p1a: Wake and Bake|82\/100|[from] Stealth Rock\n|-activate|p1a: Wake and Bake|ability: Protosynthesis\n|-start|p1a: Wake and Bake|protosynthesisspe\n|move|p1b: Big Bad Bax|Glaive Rush|p2a: Glimmora\n|-damage|p2a: Glimmora|0 fnt\n|-singlemove|p1b: Big Bad Bax|Glaive Rush|[silent]\n|-activate|p2a: Glimmora|ability: Toxic Debris\n|-sidestart|p1: InsrtNameHere|move: Toxic Spikes\n|faint|p2a: Glimmora\n|cant|p2b: Rillaboom|slp\n|\n|-weather|none\n|-end|p1a: Wake and Bake|Protosynthesis\n|-heal|p1a: Wake and Bake|88\/100|[from] Grassy Terrain\n|-heal|p1b: Big Bad Bax|88\/100|[from] Grassy Terrain\n|-heal|p2b: Rillaboom|88\/100 slp|[from] Grassy Terrain\n|upkeep\n|\n|t:|1700162962\n|switch|p2a: Sinistcha|Sinistcha-Masterpiece|100\/100\n|-damage|p2a: Sinistcha|88\/100|[from] Stealth Rock\n|-heal|p2b: Rillaboom|100\/100 slp|[from] ability: Hospitality|[of] p2a: Sinistcha\n|turn|10\n|\n|t:|1700162983\n|move|p2a: Sinistcha|Protect|p2a: Sinistcha\n|-singleturn|p2a: Sinistcha|Protect\n|move|p1b: Big Bad Bax|Icicle Spear|p2a: Sinistcha\n|-activate|p2a: Sinistcha|move: Protect\n|move|p1a: Wake and Bake|Hydro Steam|p2b: Rillaboom\n|-supereffective|p2b: Rillaboom\n|-damage|p2b: Rillaboom|0 fnt\n|faint|p2b: Rillaboom\n|\n|-heal|p1b: Big Bad Bax|94\/100|[from] Grassy Terrain\n|-heal|p1a: Wake and Bake|94\/100|[from] Grassy Terrain\n|-heal|p2a: Sinistcha|94\/100|[from] Grassy Terrain\n|-heal|p2a: Sinistcha|100\/100|[from] item: Leftovers\n|upkeep\n|\n|t:|1700163001\n|switch|p2b: Volcanion|Volcanion|100\/100\n|-damage|p2b: Volcanion|76\/100|[from] Stealth Rock\n|turn|11\n|\n|t:|1700163014\n|-end|p1a: Wake and Bake|Protosynthesis|[silent]\n|switch|p1a: Curious George|Rillaboom, M|100\/100\n|-damage|p1a: Curious George|88\/100|[from] Stealth Rock\n|-status|p1a: Curious George|psn\n|move|p1b: Big Bad Bax|Glaive Rush|p2b: Volcanion\n|-damage|p2b: Volcanion|0 fnt\n|-singlemove|p1b: Big Bad Bax|Glaive Rush|[silent]\n|faint|p2b: Volcanion\n|move|p2a: Sinistcha|Matcha Gotcha|p1b: Big Bad Bax|[spread] p1b\n|-miss|p2a: Sinistcha|p1a: Curious George\n|-resisted|p1b: Big Bad Bax\n|-damage|p1b: Big Bad Bax|57\/100\n|\n|-heal|p1b: Big Bad Bax|63\/100|[from] Grassy Terrain\n|-heal|p1a: Curious George|94\/100 psn|[from] Grassy Terrain\n|-damage|p1a: Curious George|82\/100 psn|[from] psn\n|upkeep\n|c|\u2606EngineerPlaysMons|Gg\n|\n|t:|1700163029\n|switch|p2b: Chi-Yu|Chi-Yu|100\/100\n|-damage|p2b: Chi-Yu|76\/100|[from] Stealth Rock\n|-ability|p2b: Chi-Yu|Beads of Ruin\n|turn|12\n|\n|t:|1700163040\n|move|p1a: Curious George|Fake Out|p2b: Chi-Yu\n|-damage|p2b: Chi-Yu|51\/100\n|move|p1b: Big Bad Bax|Icicle Spear|p2a: Sinistcha\n|-supereffective|p2a: Sinistcha\n|-damage|p2a: Sinistcha|55\/100\n|-supereffective|p2a: Sinistcha\n|-damage|p2a: Sinistcha|9\/100\n|-supereffective|p2a: Sinistcha\n|-damage|p2a: Sinistcha|0 fnt\n|faint|p2a: Sinistcha\n|-hitcount|p2: Sinistcha|3\n|cant|p2b: Chi-Yu|flinch\n|\n|-heal|p1b: Big Bad Bax|70\/100|[from] Grassy Terrain\n|-heal|p2b: Chi-Yu|57\/100|[from] Grassy Terrain\n|-heal|p1a: Curious George|88\/100 psn|[from] Grassy Terrain\n|-damage|p1a: Curious George|76\/100 psn|[from] psn\n|-fieldend|move: Grassy Terrain\n|upkeep\n|turn|13\n|c|\u2606EngineerPlaysMons|That Tera mistake was too big\n|\n|t:|1700163071\n|move|p1b: Big Bad Bax|Glaive Rush|p2b: Chi-Yu\n|-damage|p2b: Chi-Yu|0 fnt\n|-singlemove|p1b: Big Bad Bax|Glaive Rush|[silent]\n|faint|p2b: Chi-Yu\n|\n|win|InsrtNameHere\n|raw|InsrtNameHere's rating: 1580 &rarr; <strong>1604<\/strong><br \/>(+24 for winning)\n|raw|EngineerPlaysMons's rating: 1648 &rarr; <strong>1624<\/strong><br \/>(-24 for losing)\n|c|\u2606InsrtNameHere|You played so well. I thought you'd turn it around\n|c|\u2606EngineerPlaysMons|Gg good luck on your other games!\n|c|\u2606InsrtNameHere|GG good luck with midterms\n|c|\u2606EngineerPlaysMons|Lol thank you cx\n|l|\u2606EngineerPlaysMons\n|c|\u2606InsrtNameHere|Do you mind if I save the replay?\n","uploadtime":1700163152,"views":36,"p1id":"insrtnamehere","p2id":"engineerplaysmons","formatid":"gen9doublesou","rating":1604,"private":0,"password":""}