{"id":"gen9doublesou-1979124701","p1":"FireFrostDragon","p2":"freebird88","format":"[Gen 9] Doubles OU","log":"|j|\u2606FireFrostDragon\n|j|\u2606freebird88\n|inactive|Battle timer is ON: inactive players will automatically lose when time's up.\n|t:|1698635529\n|gametype|doubles\n|player|p1|FireFrostDragon|acetrainerf|\n|player|p2|freebird88|clown|\n|teamsize|p1|6\n|teamsize|p2|6\n|gen|9\n|tier|[Gen 9] Doubles OU\n|rated|Tournament battle\n|rule|Species Clause: Limit one of each Pok\u00e9mon\n|rule|OHKO Clause: OHKO moves are banned\n|rule|Evasion Moves Clause: Evasion moves are banned\n|rule|Gravity Sleep Clause: The combination of sleep-inducing moves with imperfect accuracy and Gravity or Gigantamax Orbeetle are banned\n|rule|Endless Battle Clause: Forcing endless battles is banned\n|rule|HP Percentage Mod: HP is shown in percentages\n|clearpoke\n|poke|p1|Barboach, F|\n|poke|p1|Sprigatito, M|\n|poke|p1|Surskit, M|\n|poke|p1|Cubchoo, M|\n|poke|p1|Gimmighoul|\n|poke|p1|Milotic, F|\n|poke|p2|Spoink, F|\n|poke|p2|Sentret, M|\n|poke|p2|Flittle, F|\n|poke|p2|Shroomish, F|\n|poke|p2|Glimmet, M|\n|poke|p2|Hippopotas, F|\n|teampreview\n|j|*Lady Monita \u263d\n|c|\u2606freebird88|gl\n|\n|t:|1698635542\n|start\n|switch|p1a: Surskit|Surskit, M|100\/100\n|switch|p1b: Barboach|Barboach, F|100\/100\n|switch|p2a: Glimmet|Glimmet, M|100\/100\n|switch|p2b: Hippopotas|Hippopotas, F|100\/100\n|-weather|Sandstorm|[from] ability: Sand Stream|[of] p2b: Hippopotas\n|turn|1\n|c|\u2606FireFrostDragon|I see where this is going\n|j| DreamyFleur\n|c|\u2606FireFrostDragon|gl\n|l| DreamyFleur\n|c|\u2606freebird88|lol\n|\n|t:|1698635561\n|move|p1a: Surskit|Hydro Pump|p2a: Glimmet|[miss]\n|-miss|p1a: Surskit|p2a: Glimmet\n|move|p2a: Glimmet|Spikes|p1b: Barboach\n|-sidestart|p1: FireFrostDragon|Spikes\n|move|p1b: Barboach|Stealth Rock|p2a: Glimmet\n|-sidestart|p2: freebird88|move: Stealth Rock\n|move|p2b: Hippopotas|Stealth Rock|p1a: Surskit\n|-sidestart|p1: FireFrostDragon|move: Stealth Rock\n|\n|-weather|Sandstorm|[upkeep]\n|-damage|p1a: Surskit|95\/100|[from] Sandstorm\n|upkeep\n|turn|2\n|j| Legobff\n|c| Legobff|the spikes might be annoying\n|\n|t:|1698635581\n|move|p1a: Surskit|Hydro Pump|p2a: Glimmet|[miss]\n|-miss|p1a: Surskit|p2a: Glimmet\n|move|p2a: Glimmet|Spikes|p1a: Surskit\n|-sidestart|p1: FireFrostDragon|Spikes\n|move|p1b: Barboach|High Horsepower|p2a: Glimmet\n|-supereffective|p2a: Glimmet\n|-enditem|p2a: Glimmet|Focus Sash\n|-damage|p2a: Glimmet|1\/100\n|-activate|p2a: Glimmet|ability: Toxic Debris\n|-sidestart|p1: FireFrostDragon|move: Toxic Spikes\n|move|p2b: Hippopotas|Yawn|p1b: Barboach\n|-start|p1b: Barboach|move: Yawn|[of] p2b: Hippopotas\n|\n|-weather|Sandstorm|[upkeep]\n|-damage|p1a: Surskit|89\/100|[from] Sandstorm\n|upkeep\n|turn|3\n|c|\u2606FireFrostDragon|know what'd be nice\n|c|\u2606FireFrostDragon|hitting my attacks\n|c| Legobff|two miss in a row, wow\n|c|\u2606freebird88|unfortunate really\n|c|\u2606freebird88|sorry\n|c|\u2606FireFrostDragon|it's ok\n|inactive|freebird88 has 120 seconds left.\n|\n|t:|1698635613\n|move|p1a: Surskit|Bug Buzz|p2a: Glimmet\n|-resisted|p2a: Glimmet\n|-damage|p2a: Glimmet|0 fnt\n|faint|p2a: Glimmet\n|move|p1b: Barboach|Liquidation|p2b: Hippopotas\n|-supereffective|p2b: Hippopotas\n|-damage|p2b: Hippopotas|72\/100\n|move|p2b: Hippopotas|Yawn|p1a: Surskit\n|-start|p1a: Surskit|move: Yawn|[of] p2b: Hippopotas\n|\n|-weather|Sandstorm|[upkeep]\n|-damage|p1a: Surskit|83\/100|[from] Sandstorm\n|-end|p1b: Barboach|move: Yawn|[silent]\n|-status|p1b: Barboach|slp\n|upkeep\n|inactive|freebird88 has 120 seconds left.\n|\n|t:|1698635627\n|switch|p2a: Flittle|Flittle, F|100\/100\n|-damage|p2a: Flittle|88\/100|[from] Stealth Rock\n|turn|4\n|c| Legobff|there is no sleep clause, wow\n|\n|t:|1698635644\n|move|p1a: Surskit|Bug Buzz|p2a: Flittle\n|-supereffective|p2a: Flittle\n|-damage|p2a: Flittle|11\/100\n|cant|p1b: Barboach|slp\n|move|p2a: Flittle|Calm Mind|p2a: Flittle\n|-boost|p2a: Flittle|spa|1\n|-boost|p2a: Flittle|spd|1\n|move|p2b: Hippopotas|Whirlwind|p1b: Barboach\n|drag|p1b: Milotic|Milotic, F|100\/100\n|\n|-weather|Sandstorm|[upkeep]\n|-damage|p1a: Surskit|77\/100|[from] Sandstorm\n|-damage|p1b: Milotic|94\/100|[from] Sandstorm\n|-damage|p2a: Flittle|5\/100|[from] Sandstorm\n|-end|p1a: Surskit|move: Yawn|[silent]\n|-status|p1a: Surskit|slp\n|-ability|p2a: Flittle|Speed Boost|boost\n|-boost|p2a: Flittle|spe|1\n|upkeep\n|turn|5\n|inactive|freebird88 has 120 seconds left.\n|\n|t:|1698635678\n|cant|p1a: Surskit|slp\n|move|p2a: Flittle|Stored Power|p1a: Surskit\n|-damage|p1a: Surskit|27\/100 slp\n|move|p1b: Milotic|Scald|p2b: Hippopotas\n|-supereffective|p2b: Hippopotas\n|-damage|p2b: Hippopotas|1\/100\n|move|p2b: Hippopotas|Yawn|p1b: Milotic\n|-start|p1b: Milotic|move: Yawn|[of] p2b: Hippopotas\n|\n|-weather|none\n|-ability|p2a: Flittle|Speed Boost|boost\n|-boost|p2a: Flittle|spe|1\n|upkeep\n|turn|6\n|j| kakosirhon\n|inactive|freebird88 has 120 seconds left.\n|\n|t:|1698635708\n|switch|p1b: Barboach|Barboach, F|100\/100 slp\n|-damage|p1b: Barboach|84\/100 slp|[from] Spikes\n|-damage|p1b: Barboach|78\/100 slp|[from] Stealth Rock\n|move|p2a: Flittle|Stored Power|p1a: Surskit\n|-damage|p1a: Surskit|0 fnt\n|faint|p1a: Surskit\n|move|p2b: Hippopotas|Stomping Tantrum|p1b: Barboach\n|-damage|p1b: Barboach|40\/100 slp\n|\n|-ability|p2a: Flittle|Speed Boost|boost\n|-boost|p2a: Flittle|spe|1\n|upkeep\n|\n|t:|1698635721\n|switch|p1a: Sprigatito|Sprigatito, M|100\/100\n|-damage|p1a: Sprigatito|84\/100|[from] Spikes\n|-damage|p1a: Sprigatito|72\/100|[from] Stealth Rock\n|-status|p1a: Sprigatito|psn\n|turn|7\n|\n|t:|1698635735\n|move|p1a: Sprigatito|Sucker Punch|p2a: Flittle\n|-start|p1a: Sprigatito|typechange|Dark|[from] ability: Protean\n|-supereffective|p2a: Flittle\n|-damage|p2a: Flittle|0 fnt\n|faint|p2a: Flittle\n|cant|p1b: Barboach|slp\n|move|p2b: Hippopotas|Stomping Tantrum|p1b: Barboach\n|-damage|p1b: Barboach|6\/100 slp\n|\n|-damage|p1a: Sprigatito|59\/100 psn|[from] psn\n|upkeep\n|inactive|freebird88 has 120 seconds left.\n|\n|t:|1698635756\n|switch|p2a: Sentret|Sentret, M|100\/100\n|-damage|p2a: Sentret|88\/100|[from] Stealth Rock\n|-item|p1a: Sprigatito|Choice Band|[from] ability: Frisk|[of] p2a: Sentret|[identify]\n|-item|p1b: Barboach|Eviolite|[from] ability: Frisk|[of] p2a: Sentret|[identify]\n|turn|8\n|\n|t:|1698635784\n|move|p1a: Sprigatito|Sucker Punch|p2b: Hippopotas\n|-damage|p2b: Hippopotas|0 fnt\n|faint|p2b: Hippopotas\n|move|p2a: Sentret|Quick Attack|p1b: Barboach\n|-damage|p1b: Barboach|0 fnt\n|faint|p1b: Barboach\n|\n|-damage|p1a: Sprigatito|47\/100 psn|[from] psn\n|upkeep\n|\n|t:|1698635800\n|switch|p1b: Gimmighoul|Gimmighoul|100\/100\n|switch|p2b: Shroomish|Shroomish, F|100\/100\n|-damage|p2b: Shroomish|88\/100|[from] Stealth Rock\n|-damage|p1b: Gimmighoul|84\/100|[from] Spikes\n|-damage|p1b: Gimmighoul|72\/100|[from] Stealth Rock\n|-status|p1b: Gimmighoul|psn\n|turn|9\n|\n|t:|1698635817\n|move|p2b: Shroomish|Protect|p2b: Shroomish\n|-singleturn|p2b: Shroomish|Protect\n|move|p1a: Sprigatito|Sucker Punch|p2a: Sentret\n|-damage|p2a: Sentret|21\/100\n|move|p2a: Sentret|Knock Off|p1b: Gimmighoul\n|-supereffective|p1b: Gimmighoul\n|-damage|p1b: Gimmighoul|33\/100 psn\n|-ability|p1b: Gimmighoul|Rattled|boost\n|-boost|p1b: Gimmighoul|spe|1\n|-enditem|p1b: Gimmighoul|Eviolite|[from] move: Knock Off|[of] p2a: Sentret\n|move|p1b: Gimmighoul|Shadow Ball|p2b: Shroomish\n|-activate|p2b: Shroomish|move: Protect\n|\n|-damage|p1a: Sprigatito|35\/100 psn|[from] psn\n|-damage|p1b: Gimmighoul|21\/100 psn|[from] psn\n|upkeep\n|turn|10\n|\n|t:|1698635842\n|move|p2a: Sentret|Follow Me|p2a: Sentret\n|-singleturn|p2a: Sentret|move: Follow Me\n|move|p1a: Sprigatito|Sucker Punch||[still]\n|-fail|p1a: Sprigatito\n|move|p2b: Shroomish|Seed Bomb|p1a: Sprigatito\n|-damage|p1a: Sprigatito|9\/100 psn\n|move|p1b: Gimmighoul|Shadow Ball|p2a: Sentret\n|-immune|p2a: Sentret\n|\n|-damage|p1a: Sprigatito|0 fnt|[from] psn\n|faint|p1a: Sprigatito\n|-damage|p1b: Gimmighoul|8\/100 psn|[from] psn\n|upkeep\n|\n|t:|1698635853\n|switch|p1a: Cubchoo|Cubchoo, M|100\/100\n|-damage|p1a: Cubchoo|84\/100|[from] Spikes\n|-damage|p1a: Cubchoo|59\/100|[from] Stealth Rock\n|-status|p1a: Cubchoo|psn\n|turn|11\n|\n|t:|1698635877\n|move|p2b: Shroomish|Protect|p2b: Shroomish\n|-singleturn|p2b: Shroomish|Protect\n|move|p2a: Sentret|Quick Attack|p1a: Cubchoo\n|-damage|p1a: Cubchoo|43\/100 psn\n|move|p1b: Gimmighoul|Light Screen|p1b: Gimmighoul\n|-sidestart|p1: FireFrostDragon|move: Light Screen\n|move|p1a: Cubchoo|Avalanche|p2b: Shroomish\n|-activate|p2b: Shroomish|move: Protect\n|\n|-damage|p1a: Cubchoo|30\/100 psn|[from] psn\n|-damage|p1b: Gimmighoul|0 fnt|[from] psn\n|faint|p1b: Gimmighoul\n|upkeep\n|\n|t:|1698635885\n|switch|p1b: Milotic|Milotic, F|94\/100\n|turn|12\n|inactive|FireFrostDragon has 120 seconds left.\n|inactive|freebird88 has 120 seconds left.\n|\n|t:|1698635938\n|-terastallize|p1b: Milotic|Steel\n|move|p2a: Sentret|Follow Me|p2a: Sentret\n|-singleturn|p2a: Sentret|move: Follow Me\n|move|p1b: Milotic|Scald|p2a: Sentret\n|-damage|p2a: Sentret|0 fnt\n|faint|p2a: Sentret\n|move|p2b: Shroomish|Spore|p1b: Milotic\n|-status|p1b: Milotic|slp|[from] move: Spore\n|move|p1a: Cubchoo|Avalanche|p2b: Shroomish\n|-supereffective|p2b: Shroomish\n|-damage|p2b: Shroomish|56\/100\n|\n|-damage|p1a: Cubchoo|18\/100 psn|[from] psn\n|upkeep\n|\n|t:|1698635949\n|switch|p2a: Spoink|Spoink, F|100\/100\n|-damage|p2a: Spoink|88\/100|[from] Stealth Rock\n|turn|13\n|\n|t:|1698635970\n|cant|p1b: Milotic|slp\n|move|p2a: Spoink|Dazzling Gleam|p1a: Cubchoo|[spread] p1a,p1b\n|-resisted|p1b: Milotic\n|-damage|p1a: Cubchoo|12\/100 psn\n|-damage|p1b: Milotic|92\/100 slp\n|move|p2b: Shroomish|Seed Bomb|p1b: Milotic\n|-resisted|p1b: Milotic\n|-damage|p1b: Milotic|89\/100 slp\n|move|p1a: Cubchoo|Avalanche|p2b: Shroomish\n|-supereffective|p2b: Shroomish\n|-damage|p2b: Shroomish|21\/100\n|\n|-damage|p1a: Cubchoo|0 fnt|[from] psn\n|faint|p1a: Cubchoo\n|upkeep\n|turn|14\n|inactive|freebird88 has 120 seconds left.\n|\n|t:|1698636004\n|-curestatus|p1b: Milotic|slp|[msg]\n|move|p1b: Milotic|Scald|p2b: Shroomish\n|-resisted|p2b: Shroomish\n|-damage|p2b: Shroomish|10\/100\n|-status|p2b: Shroomish|brn\n|move|p2a: Spoink|Icy Wind|p1b: Milotic\n|-resisted|p1b: Milotic\n|-damage|p1b: Milotic|86\/100\n|-unboost|p1b: Milotic|spe|1\n|move|p2b: Shroomish|Seed Bomb|p1b: Milotic\n|-resisted|p1b: Milotic\n|-damage|p1b: Milotic|84\/100\n|\n|-damage|p2b: Shroomish|4\/100 brn|[from] brn\n|upkeep\n|turn|15\n|\n|t:|1698636027\n|move|p2a: Spoink|Dazzling Gleam|p1b: Milotic\n|-resisted|p1b: Milotic\n|-damage|p1b: Milotic|81\/100\n|move|p1b: Milotic|Scald|p2b: Shroomish\n|-resisted|p2b: Shroomish\n|-damage|p2b: Shroomish|0 fnt\n|faint|p2b: Shroomish\n|\n|-sideend|p1: FireFrostDragon|move: Light Screen\n|upkeep\n|turn|16\n|inactive|freebird88 has 120 seconds left.\n|l| Legobff\n|\n|t:|1698636039\n|move|p2a: Spoink|Protect|p2a: Spoink\n|-singleturn|p2a: Spoink|Protect\n|move|p1b: Milotic|Scald|p2a: Spoink\n|-activate|p2a: Spoink|move: Protect\n|\n|upkeep\n|turn|17\n|\n|t:|1698636044\n|move|p2a: Spoink|Dazzling Gleam|p1b: Milotic\n|-resisted|p1b: Milotic\n|-damage|p1b: Milotic|76\/100\n|move|p1b: Milotic|Scald|p2a: Spoink\n|-damage|p2a: Spoink|73\/100\n|\n|upkeep\n|turn|18\n|\n|t:|1698636050\n|move|p2a: Spoink|Protect|p2a: Spoink\n|-singleturn|p2a: Spoink|Protect\n|move|p1b: Milotic|Scald|p2a: Spoink\n|-activate|p2a: Spoink|move: Protect\n|\n|upkeep\n|turn|19\n|\n|t:|1698636056\n|move|p2a: Spoink|Dazzling Gleam|p1b: Milotic\n|-resisted|p1b: Milotic\n|-damage|p1b: Milotic|71\/100\n|move|p1b: Milotic|Scald|p2a: Spoink\n|-damage|p2a: Spoink|57\/100\n|\n|upkeep\n|turn|20\n|j| DreamyFleur\n|\n|t:|1698636064\n|move|p2a: Spoink|Protect|p2a: Spoink\n|-singleturn|p2a: Spoink|Protect\n|move|p1b: Milotic|Haze|p1b: Milotic\n|-clearallboost\n|\n|upkeep\n|turn|21\n|\n|t:|1698636073\n|move|p1b: Milotic|Scald|p2a: Spoink\n|-damage|p2a: Spoink|39\/100\n|-status|p2a: Spoink|brn\n|move|p2a: Spoink|Encore|p1b: Milotic\n|-start|p1b: Milotic|Encore\n|\n|-damage|p2a: Spoink|33\/100 brn|[from] brn\n|upkeep\n|turn|22\n|c|\u2606freebird88|gg\n|\n|t:|1698636081\n|move|p1b: Milotic|Scald|p2a: Spoink\n|-damage|p2a: Spoink|16\/100 brn\n|move|p2a: Spoink|Dazzling Gleam|p1b: Milotic\n|-resisted|p1b: Milotic\n|-damage|p1b: Milotic|66\/100\n|\n|-damage|p2a: Spoink|10\/100 brn|[from] brn\n|upkeep\n|turn|23\n|c|\u2606FireFrostDragon|gg\n|\n|t:|1698636085\n|move|p1b: Milotic|Scald|p2a: Spoink\n|-damage|p2a: Spoink|0 fnt\n|faint|p2a: Spoink\n|\n|win|FireFrostDragon\n|n|\u2606FireFrostDragon|firefrostdragon\n|n|\u2606freebird88|freebird88\n|n|*Lady Monita \u263d|ladymonita\n|n| kakosirhon|kakosirhon\n|n| DreamyFleur|dreamyfleur\n","uploadtime":1698636087,"views":18,"p1id":"firefrostdragon","p2id":"freebird88","formatid":"gen9doublesou","rating":0,"private":0,"password":""}