{"id":"gen9doublesou-1987591683","p1":"MarianoFarv","p2":"OG_Kalos Kid","format":"[Gen 9] Doubles OU","log":"|j|\u2606MarianoFarv\n|j|\u2606OG_Kalos Kid\n|t:|1699616723\n|gametype|doubles\n|player|p1|MarianoFarv|170|1257\n|player|p2|OG_Kalos Kid|265|1288\n|teamsize|p1|6\n|teamsize|p2|6\n|gen|9\n|tier|[Gen 9] Doubles OU\n|rated|\n|rule|Species Clause: Limit one of each Pok\u00e9mon\n|rule|OHKO Clause: OHKO moves are banned\n|rule|Evasion Moves Clause: Evasion moves are banned\n|rule|Gravity Sleep Clause: The combination of sleep-inducing moves with imperfect accuracy and Gravity or Gigantamax Orbeetle are banned\n|rule|Endless Battle Clause: Forcing endless battles is banned\n|rule|HP Percentage Mod: HP is shown in percentages\n|clearpoke\n|poke|p1|Ogerpon-Wellspring, F|\n|poke|p1|Arcanine-Hisui, M|\n|poke|p1|Clefairy, F|\n|poke|p1|Regidrago|\n|poke|p1|Kleavor, F|\n|poke|p1|Iron Hands|\n|poke|p2|Kleavor, M|\n|poke|p2|Grimmsnarl, M|\n|poke|p2|Gliscor, M|\n|poke|p2|Goodra-Hisui, F|\n|poke|p2|Sinistcha|\n|poke|p2|Volcanion|\n|teampreview\n|\n|t:|1699616732\n|start\n|switch|p1a: BREAK ON THROUGH|Clefairy, F|100\/100\n|switch|p1b: PEACE FROG|Kleavor, F|100\/100\n|switch|p2a: Kleavor|Kleavor, M|100\/100\n|switch|p2b: Grimmsnarl|Grimmsnarl, M|100\/100\n|turn|1\n|\n|t:|1699616751\n|move|p2b: Grimmsnarl|Fake Out|p1b: PEACE FROG\n|-resisted|p1b: PEACE FROG\n|-damage|p1b: PEACE FROG|95\/100\n|move|p1a: BREAK ON THROUGH|Follow Me|p1a: BREAK ON THROUGH\n|-singleturn|p1a: BREAK ON THROUGH|move: Follow Me\n|move|p2a: Kleavor|Stone Axe|p1a: BREAK ON THROUGH\n|-damage|p1a: BREAK ON THROUGH|56\/100\n|-sidestart|p1: MarianoFarv|move: Stealth Rock\n|cant|p1b: PEACE FROG|flinch\n|\n|upkeep\n|turn|2\n|\n|t:|1699616794\n|switch|p2a: Sinistcha|Sinistcha|100\/100\n|move|p1a: BREAK ON THROUGH|Follow Me|p1a: BREAK ON THROUGH\n|-singleturn|p1a: BREAK ON THROUGH|move: Follow Me\n|move|p2b: Grimmsnarl|Parting Shot|p1a: BREAK ON THROUGH\n|-unboost|p1a: BREAK ON THROUGH|atk|1\n|-unboost|p1a: BREAK ON THROUGH|spa|1\n|\n|t:|1699616811\n|switch|p2b: Kleavor|Kleavor, M|100\/100|[from] Parting Shot\n|move|p1b: PEACE FROG|Stone Axe|p2b: Kleavor\n|-supereffective|p2b: Kleavor\n|-damage|p2b: Kleavor|0 fnt\n|-sidestart|p2: OG_Kalos Kid|move: Stealth Rock\n|faint|p2b: Kleavor\n|\n|upkeep\n|\n|t:|1699616819\n|switch|p2b: Grimmsnarl|Grimmsnarl, M|100\/100\n|-damage|p2b: Grimmsnarl|88\/100|[from] Stealth Rock\n|turn|3\n|\n|t:|1699616829\n|move|p2b: Grimmsnarl|Fake Out|p1b: PEACE FROG\n|-resisted|p1b: PEACE FROG\n|-damage|p1b: PEACE FROG|91\/100\n|move|p1a: BREAK ON THROUGH|Follow Me|p1a: BREAK ON THROUGH\n|-singleturn|p1a: BREAK ON THROUGH|move: Follow Me\n|cant|p1b: PEACE FROG|flinch\n|move|p2a: Sinistcha|Shadow Ball|p1a: BREAK ON THROUGH\n|-damage|p1a: BREAK ON THROUGH|28\/100\n|\n|-heal|p2b: Grimmsnarl|94\/100|[from] item: Leftovers\n|upkeep\n|turn|4\n|\n|t:|1699616843\n|move|p2b: Grimmsnarl|Protect|p2b: Grimmsnarl\n|-singleturn|p2b: Grimmsnarl|Protect\n|move|p1a: BREAK ON THROUGH|Follow Me|p1a: BREAK ON THROUGH\n|-singleturn|p1a: BREAK ON THROUGH|move: Follow Me\n|move|p1b: PEACE FROG|Tailwind|p1b: PEACE FROG\n|-sidestart|p1: MarianoFarv|move: Tailwind\n|move|p2a: Sinistcha|Shadow Ball|p1a: BREAK ON THROUGH\n|-damage|p1a: BREAK ON THROUGH|0 fnt\n|faint|p1a: BREAK ON THROUGH\n|\n|-heal|p2b: Grimmsnarl|99\/100|[from] item: Leftovers\n|upkeep\n|\n|t:|1699616861\n|switch|p1a: WHISKY BAR|Arcanine-Hisui, M|100\/100\n|-damage|p1a: WHISKY BAR|76\/100|[from] Stealth Rock\n|-ability|p1a: WHISKY BAR|Intimidate|boost\n|-unboost|p2a: Sinistcha|atk|1\n|-unboost|p2b: Grimmsnarl|atk|1\n|turn|5\n|\n|t:|1699616871\n|switch|p2a: Gliscor|Gliscor, M|100\/100\n|-damage|p2a: Gliscor|88\/100|[from] Stealth Rock\n|move|p2b: Grimmsnarl|Parting Shot|p1b: PEACE FROG\n|-unboost|p1b: PEACE FROG|atk|1\n|-unboost|p1b: PEACE FROG|spa|1\n|\n|t:|1699616881\n|switch|p2b: Volcanion|Volcanion|100\/100|[from] Parting Shot\n|-damage|p2b: Volcanion|76\/100|[from] Stealth Rock\n|move|p1b: PEACE FROG|U-turn|p2a: Gliscor\n|-resisted|p2a: Gliscor\n|-damage|p2a: Gliscor|80\/100\n|\n|t:|1699616892\n|switch|p1b: THE CRYSTAL SHIP|Regidrago|100\/100|[from] U-turn\n|-damage|p1b: THE CRYSTAL SHIP|88\/100|[from] Stealth Rock\n|move|p1a: WHISKY BAR|Rock Slide|p2a: Gliscor|[spread] p2a,p2b\n|-supereffective|p2b: Volcanion\n|-damage|p2a: Gliscor|63\/100\n|-damage|p2b: Volcanion|31\/100\n|-enditem|p2b: Volcanion|Sitrus Berry|[eat]\n|-heal|p2b: Volcanion|56\/100|[from] item: Sitrus Berry\n|\n|-status|p2a: Gliscor|tox|[from] item: Toxic Orb\n|upkeep\n|turn|6\n|\n|t:|1699616911\n|move|p2a: Gliscor|Protect|p2a: Gliscor\n|-singleturn|p2a: Gliscor|Protect\n|move|p2b: Volcanion|Protect|p2b: Volcanion\n|-singleturn|p2b: Volcanion|Protect\n|move|p1b: THE CRYSTAL SHIP|Dragon Energy|p2a: Gliscor|[spread] \n|-activate|p2a: Gliscor|move: Protect\n|-activate|p2b: Volcanion|move: Protect\n|move|p1a: WHISKY BAR|Rock Slide|p2a: Gliscor|[spread] \n|-activate|p2a: Gliscor|move: Protect\n|-activate|p2b: Volcanion|move: Protect\n|\n|-heal|p2a: Gliscor|75\/100 tox|[from] ability: Poison Heal\n|upkeep\n|turn|7\n|\n|t:|1699616958\n|switch|p2a: Sinistcha|Sinistcha|100\/100\n|-damage|p2a: Sinistcha|88\/100|[from] Stealth Rock\n|-heal|p2b: Volcanion|81\/100|[from] ability: Hospitality|[of] p2a: Sinistcha\n|switch|p2b: Grimmsnarl|Grimmsnarl, M|99\/100\n|-damage|p2b: Grimmsnarl|88\/100|[from] Stealth Rock\n|move|p1b: THE CRYSTAL SHIP|Dragon Energy|p2b: Grimmsnarl|[spread] p2a\n|-immune|p2b: Grimmsnarl\n|-damage|p2a: Sinistcha|0 fnt\n|faint|p2a: Sinistcha\n|move|p1a: WHISKY BAR|Rock Slide|p2b: Grimmsnarl\n|-damage|p2b: Grimmsnarl|41\/100\n|\n|-heal|p2b: Grimmsnarl|47\/100|[from] item: Leftovers\n|-sideend|p1: MarianoFarv|move: Tailwind\n|upkeep\n|\n|t:|1699616974\n|switch|p2a: Goodra|Goodra-Hisui, F|100\/100\n|-damage|p2a: Goodra|94\/100|[from] Stealth Rock\n|turn|8\n|\n|t:|1699616995\n|move|p1b: THE CRYSTAL SHIP|Protect|p1b: THE CRYSTAL SHIP\n|-singleturn|p1b: THE CRYSTAL SHIP|Protect\n|move|p1a: WHISKY BAR|Extreme Speed|p2b: Grimmsnarl\n|-damage|p2b: Grimmsnarl|12\/100\n|move|p2b: Grimmsnarl|Parting Shot|p1b: THE CRYSTAL SHIP\n|-activate|p1b: THE CRYSTAL SHIP|move: Protect\n|move|p2a: Goodra|Draco Meteor|p1b: THE CRYSTAL SHIP\n|-activate|p1b: THE CRYSTAL SHIP|move: Protect\n|\n|-heal|p2b: Grimmsnarl|18\/100|[from] item: Leftovers\n|-heal|p2a: Goodra|100\/100|[from] item: Leftovers\n|upkeep\n|turn|9\n|\n|t:|1699617010\n|move|p2b: Grimmsnarl|Protect|p2b: Grimmsnarl\n|-singleturn|p2b: Grimmsnarl|Protect\n|move|p1a: WHISKY BAR|Extreme Speed|p2b: Grimmsnarl\n|-activate|p2b: Grimmsnarl|move: Protect\n|move|p1b: THE CRYSTAL SHIP|Dragon Energy|p2b: Grimmsnarl|[spread] p2a\n|-activate|p2b: Grimmsnarl|move: Protect\n|-damage|p2a: Goodra|54\/100\n|move|p2a: Goodra|Life Dew|p2a: Goodra|[spread] p2a,p2b\n|-heal|p2a: Goodra|79\/100\n|-heal|p2b: Grimmsnarl|43\/100\n|\n|-heal|p2b: Grimmsnarl|49\/100|[from] item: Leftovers\n|-heal|p2a: Goodra|85\/100|[from] item: Leftovers\n|upkeep\n|turn|10\n|\n|t:|1699617033\n|move|p1a: WHISKY BAR|Extreme Speed|p2b: Grimmsnarl\n|-damage|p2b: Grimmsnarl|16\/100\n|move|p2b: Grimmsnarl|Parting Shot|p1a: WHISKY BAR\n|-unboost|p1a: WHISKY BAR|atk|1\n|-unboost|p1a: WHISKY BAR|spa|1\n|\n|t:|1699617042\n|switch|p2b: Volcanion|Volcanion|81\/100|[from] Parting Shot\n|-damage|p2b: Volcanion|56\/100|[from] Stealth Rock\n|move|p1b: THE CRYSTAL SHIP|Dragon Energy|p2a: Goodra|[spread] p2a,p2b\n|-damage|p2a: Goodra|39\/100\n|-damage|p2b: Volcanion|0 fnt\n|faint|p2b: Volcanion\n|move|p2a: Goodra|Draco Meteor|p1b: THE CRYSTAL SHIP\n|-supereffective|p1b: THE CRYSTAL SHIP\n|-damage|p1b: THE CRYSTAL SHIP|0 fnt\n|-unboost|p2a: Goodra|spa|2\n|faint|p1b: THE CRYSTAL SHIP\n|\n|-heal|p2a: Goodra|45\/100|[from] item: Leftovers\n|upkeep\n|\n|t:|1699617057\n|switch|p1b: PEACE FROG|Kleavor, F|91\/100\n|switch|p2b: Grimmsnarl|Grimmsnarl, M|16\/100\n|-damage|p1b: PEACE FROG|66\/100|[from] Stealth Rock\n|-damage|p2b: Grimmsnarl|3\/100|[from] Stealth Rock\n|turn|11\n|\n|t:|1699617078\n|-terastallize|p2a: Goodra|Ghost\n|move|p2b: Grimmsnarl|Protect|p2b: Grimmsnarl\n|-singleturn|p2b: Grimmsnarl|Protect\n|move|p1a: WHISKY BAR|Extreme Speed|p2a: Goodra\n|-immune|p2a: Goodra\n|move|p1b: PEACE FROG|Tailwind|p1b: PEACE FROG\n|-sidestart|p1: MarianoFarv|move: Tailwind\n|move|p2a: Goodra|Life Dew|p2a: Goodra|[spread] p2a,p2b\n|-heal|p2a: Goodra|70\/100\n|-heal|p2b: Grimmsnarl|28\/100\n|\n|-heal|p2b: Grimmsnarl|35\/100|[from] item: Leftovers\n|-heal|p2a: Goodra|76\/100|[from] item: Leftovers\n|upkeep\n|turn|12\n|\n|t:|1699617109\n|move|p2b: Grimmsnarl|Parting Shot|p1b: PEACE FROG\n|-unboost|p1b: PEACE FROG|atk|1\n|-unboost|p1b: PEACE FROG|spa|1\n|\n|t:|1699617113\n|switch|p2b: Gliscor|Gliscor, M|75\/100 tox|[from] Parting Shot\n|-damage|p2b: Gliscor|63\/100 tox|[from] Stealth Rock\n|move|p1b: PEACE FROG|Stone Axe|p2a: Goodra\n|-damage|p2a: Goodra|46\/100\n|move|p1a: WHISKY BAR|Rock Slide|p2a: Goodra|[spread] p2a,p2b\n|-damage|p2a: Goodra|27\/100\n|-damage|p2b: Gliscor|49\/100 tox\n|cant|p2a: Goodra|flinch\n|\n|-heal|p2a: Goodra|33\/100|[from] item: Leftovers\n|-heal|p2b: Gliscor|62\/100 tox|[from] ability: Poison Heal\n|upkeep\n|turn|13\n|\n|t:|1699617141\n|move|p2b: Gliscor|Protect|p2b: Gliscor\n|-singleturn|p2b: Gliscor|Protect\n|move|p2a: Goodra|Protect|p2a: Goodra\n|-singleturn|p2a: Goodra|Protect\n|move|p1b: PEACE FROG|Stone Axe|p2a: Goodra\n|-activate|p2a: Goodra|move: Protect\n|move|p1a: WHISKY BAR|Head Smash|p2b: Gliscor\n|-activate|p2b: Gliscor|move: Protect\n|\n|-heal|p2a: Goodra|40\/100|[from] item: Leftovers\n|-heal|p2b: Gliscor|74\/100 tox|[from] ability: Poison Heal\n|upkeep\n|turn|14\n|\n|t:|1699617169\n|move|p1b: PEACE FROG|Protect|p1b: PEACE FROG\n|-singleturn|p1b: PEACE FROG|Protect\n|move|p1a: WHISKY BAR|Rock Slide|p2b: Gliscor|[spread] p2a,p2b\n|-damage|p2a: Goodra|21\/100\n|-damage|p2b: Gliscor|63\/100 tox\n|cant|p2b: Gliscor|flinch\n|move|p2a: Goodra|Life Dew|p2a: Goodra|[spread] p2a,p2b\n|-heal|p2a: Goodra|46\/100\n|-heal|p2b: Gliscor|88\/100 tox\n|\n|-heal|p2a: Goodra|52\/100|[from] item: Leftovers\n|-heal|p2b: Gliscor|99\/100 tox|[from] ability: Poison Heal\n|-sideend|p1: MarianoFarv|move: Tailwind\n|upkeep\n|turn|15\n|\n|t:|1699617192\n|switch|p2a: Grimmsnarl|Grimmsnarl, M|35\/100\n|-damage|p2a: Grimmsnarl|22\/100|[from] Stealth Rock\n|move|p1b: PEACE FROG|Tailwind|p1b: PEACE FROG\n|-sidestart|p1: MarianoFarv|move: Tailwind\n|move|p1a: WHISKY BAR|Head Smash|p2b: Gliscor\n|-damage|p2b: Gliscor|67\/100 tox\n|-damage|p1a: WHISKY BAR|61\/100|[from] Recoil\n|move|p2b: Gliscor|High Horsepower|p1a: WHISKY BAR\n|-supereffective|p1a: WHISKY BAR\n|-damage|p1a: WHISKY BAR|0 fnt\n|faint|p1a: WHISKY BAR\n|\n|-heal|p2a: Grimmsnarl|28\/100|[from] item: Leftovers\n|-heal|p2b: Gliscor|80\/100 tox|[from] ability: Poison Heal\n|upkeep\n|\n|t:|1699617203\n|switch|p1a: SPANISH CARAVAN|Ogerpon-Wellspring, F|100\/100\n|-damage|p1a: SPANISH CARAVAN|88\/100|[from] Stealth Rock\n|turn|16\n|\n|t:|1699617225\n|-terastallize|p1a: SPANISH CARAVAN|Water\n|detailschange|p1a: SPANISH CARAVAN|Ogerpon-Wellspring-Tera, F, tera:Water\n|-ability|p1a: SPANISH CARAVAN|Embody Aspect (Wellspring)|boost\n|-boost|p1a: SPANISH CARAVAN|spd|1\n|move|p1a: SPANISH CARAVAN|Spiky Shield|p1a: SPANISH CARAVAN\n|-singleturn|p1a: SPANISH CARAVAN|move: Protect\n|move|p2a: Grimmsnarl|Parting Shot|p1b: PEACE FROG\n|-unboost|p1b: PEACE FROG|atk|1\n|-unboost|p1b: PEACE FROG|spa|1\n|inactive|Battle timer is ON: inactive players will automatically lose when time's up. (requested by OG_Kalos Kid)\n|\n|t:|1699617234\n|switch|p2a: Goodra|Goodra-Hisui, F, tera:Ghost|52\/100|[from] Parting Shot\n|-damage|p2a: Goodra|40\/100|[from] Stealth Rock\n|move|p1b: PEACE FROG|Stone Axe|p2a: Goodra\n|-damage|p2a: Goodra|17\/100\n|move|p2b: Gliscor|Toxic|p1a: SPANISH CARAVAN\n|-activate|p1a: SPANISH CARAVAN|move: Protect\n|\n|-heal|p2a: Goodra|23\/100|[from] item: Leftovers\n|-heal|p2b: Gliscor|92\/100 tox|[from] ability: Poison Heal\n|upkeep\n|turn|17\n|\n|t:|1699617251\n|move|p2a: Goodra|Protect|p2a: Goodra\n|-singleturn|p2a: Goodra|Protect\n|move|p1a: SPANISH CARAVAN|Ivy Cudgel|p2b: Gliscor\n|-supereffective|p2b: Gliscor\n|-damage|p2b: Gliscor|0 fnt\n|faint|p2b: Gliscor\n|move|p1b: PEACE FROG|U-turn|p2a: Goodra\n|-activate|p2a: Goodra|move: Protect\n|\n|-heal|p2a: Goodra|29\/100|[from] item: Leftovers\n|upkeep\n|-message|OG_Kalos Kid forfeited.\n|\n|win|MarianoFarv\n|raw|MarianoFarv's rating: 1257 &rarr; <strong>1284<\/strong><br \/>(+27 for winning)\n|raw|OG_Kalos Kid's rating: 1288 &rarr; <strong>1261<\/strong><br \/>(-27 for losing)\n|l|\u2606OG_Kalos Kid\n","uploadtime":1699617267,"views":11,"p1id":"marianofarv","p2id":"ogkaloskid","formatid":"gen9doublesou","rating":1261,"private":0,"password":""}