{"id":"gen9doublesou-1996951025","p1":"GhostMasterMorty","p2":"airbrutus","format":"[Gen 9] Doubles OU","log":"|j|\u2606GhostMasterMorty\n|j|\u2606airbrutus\n|t:|1700748760\n|gametype|doubles\n|player|p1|GhostMasterMorty|morty|1031\n|player|p2|airbrutus|169|1105\n|teamsize|p1|6\n|teamsize|p2|6\n|gen|9\n|tier|[Gen 9] Doubles OU\n|rated|\n|rule|Species Clause: Limit one of each Pok\u00e9mon\n|rule|OHKO Clause: OHKO moves are banned\n|rule|Evasion Moves Clause: Evasion moves are banned\n|rule|Gravity Sleep Clause: The combination of sleep-inducing moves with imperfect accuracy and Gravity or Gigantamax Orbeetle are banned\n|rule|Endless Battle Clause: Forcing endless battles is banned\n|rule|HP Percentage Mod: HP is shown in percentages\n|clearpoke\n|poke|p1|Mew|\n|poke|p1|Samurott, F|\n|poke|p1|Ninetales-Alola, M|\n|poke|p1|Beartic, F|\n|poke|p1|Greninja-*, M|\n|poke|p1|Chansey, F|\n|poke|p2|Ursaluna-Bloodmoon, M|\n|poke|p2|Diancie|\n|poke|p2|Quagsire, F|\n|poke|p2|Sylveon, M|\n|poke|p2|Tauros-Paldea-Blaze, M|\n|poke|p2|Lurantis, F|\n|teampreview\n|inactive|Battle timer is ON: inactive players will automatically lose when time's up. (requested by airbrutus)\n|c|\u2606GhostMasterMorty|GLHF\n|inactive|GhostMasterMorty has 120 seconds left.\n|\n|t:|1700748794\n|start\n|switch|p1a: Mew|Mew|100\/100\n|switch|p1b: Samurott|Samurott, F|100\/100\n|switch|p2a: Ursaluna|Ursaluna-Bloodmoon, M|100\/100\n|switch|p2b: Sylveon|Sylveon, M|100\/100\n|turn|1\n|\n|t:|1700748815\n|-terastallize|p1b: Samurott|Steel\n|move|p1a: Mew|Fire Pledge|p2a: Ursaluna\n|-waiting|p1a: Mew|p1b: Samurott\n|move|p1b: Samurott|Water Pledge|p2a: Ursaluna|[from]move: Fire Pledge\n|-combine\n|-supereffective|p2a: Ursaluna\n|-damage|p2a: Ursaluna|0 fnt\n|-sidestart|p1: GhostMasterMorty|Water Pledge\n|faint|p2a: Ursaluna\n|move|p2b: Sylveon|Light Screen|p2b: Sylveon\n|-sidestart|p2: airbrutus|move: Light Screen\n|\n|upkeep\n|\n|t:|1700748829\n|switch|p2a: Tauros|Tauros-Paldea-Blaze, M|100\/100\n|-ability|p2a: Tauros|Intimidate|boost\n|-unboost|p1a: Mew|atk|1\n|-unboost|p1b: Samurott|atk|1\n|turn|2\n|\n|t:|1700748841\n|switch|p1b: Ninetales|Ninetales-Alola, M|100\/100\n|-weather|Snow|[from] ability: Snow Warning|[of] p1b: Ninetales\n|move|p2a: Tauros|Raging Bull|p1b: Ninetales\n|-supereffective|p1b: Ninetales\n|-damage|p1b: Ninetales|19\/100\n|move|p1a: Mew|Blizzard|p2b: Sylveon|[spread] p2a,p2b\n|-resisted|p2a: Tauros\n|-damage|p2a: Tauros|87\/100\n|-damage|p2b: Sylveon|93\/100\n|move|p2b: Sylveon|Light Screen||[still]\n|-fail|p2b: Sylveon\n|\n|-weather|Snow|[upkeep]\n|upkeep\n|turn|3\n|inactive|GhostMasterMorty has 120 seconds left.\n|inactive|airbrutus has 120 seconds left.\n|\n|t:|1700748882\n|switch|p1b: Samurott|Samurott, F, tera:Steel|100\/100\n|move|p1a: Mew|Blizzard|p2a: Tauros|[spread] p2a,p2b\n|-resisted|p2a: Tauros\n|-damage|p2a: Tauros|74\/100\n|-damage|p2b: Sylveon|84\/100\n|-status|p2a: Tauros|frz\n|cant|p2a: Tauros|frz\n|move|p2b: Sylveon|Wish|p2b: Sylveon\n|\n|-weather|Snow|[upkeep]\n|upkeep\n|turn|4\n|\n|t:|1700748903\n|switch|p1b: Chansey|Chansey, F|100\/100\n|move|p1a: Mew|Blizzard|p2b: Sylveon|[spread] p2a,p2b\n|-resisted|p2a: Tauros\n|-damage|p2a: Tauros|61\/100 frz\n|-damage|p2b: Sylveon|75\/100\n|cant|p2a: Tauros|frz\n|move|p2b: Sylveon|Copycat|p2b: Sylveon\n|move|p2b: Sylveon|Blizzard|p1b: Chansey|[from]move: Copycat|[spread] p1a,p1b\n|-damage|p1a: Mew|78\/100\n|-damage|p1b: Chansey|94\/100\n|-status|p1a: Mew|frz\n|\n|-weather|Snow|[upkeep]\n|-heal|p2b: Sylveon|100\/100|[from] move: Wish|[wisher] Sylveon\n|-heal|p1a: Mew|84\/100 frz|[from] item: Leftovers\n|-sideend|p1: GhostMasterMorty|Water Pledge\n|upkeep\n|turn|5\n|inactive|GhostMasterMorty has 120 seconds left.\n|\n|t:|1700748935\n|switch|p1a: Beartic|Beartic, F|100\/100\n|cant|p2a: Tauros|frz\n|move|p2b: Sylveon|Copycat|p2b: Sylveon\n|move|p2b: Sylveon|Blizzard|p1a: Beartic|[from]move: Copycat|[spread] p1a,p1b\n|-resisted|p1a: Beartic\n|-damage|p1a: Beartic|88\/100\n|-damage|p1b: Chansey|88\/100\n|move|p1b: Chansey|Blizzard|p2b: Sylveon|[spread] p2a,p2b\n|-resisted|p2a: Tauros\n|-damage|p2a: Tauros|57\/100 frz\n|-damage|p2b: Sylveon|97\/100\n|\n|-weather|Snow|[upkeep]\n|-heal|p1a: Beartic|94\/100|[from] item: Leftovers\n|-sideend|p2: airbrutus|move: Light Screen\n|upkeep\n|turn|6\n|\n|t:|1700748957\n|move|p1a: Beartic|Blizzard|p2b: Sylveon|[spread] p2a,p2b\n|-resisted|p2a: Tauros\n|-damage|p2a: Tauros|42\/100 frz\n|-damage|p2b: Sylveon|87\/100\n|cant|p2a: Tauros|frz\n|move|p2b: Sylveon|Copycat|p2b: Sylveon\n|move|p2b: Sylveon|Blizzard|p1b: Chansey|[from]move: Copycat|[spread] p1a,p1b\n|-resisted|p1a: Beartic\n|-damage|p1a: Beartic|82\/100\n|-damage|p1b: Chansey|81\/100\n|move|p1b: Chansey|Blizzard|p2b: Sylveon|[spread] p2a,p2b\n|-resisted|p2a: Tauros\n|-crit|p2a: Tauros\n|-damage|p2a: Tauros|31\/100 frz\n|-damage|p2b: Sylveon|82\/100\n|\n|-weather|Snow|[upkeep]\n|-heal|p1a: Beartic|88\/100|[from] item: Leftovers\n|upkeep\n|turn|7\n|inactive|airbrutus has 120 seconds left.\n|\n|t:|1700748994\n|move|p1a: Beartic|Rock Slide|p2b: Sylveon|[spread] p2b\n|-miss|p1a: Beartic|p2a: Tauros\n|-damage|p2b: Sylveon|59\/100\n|cant|p2a: Tauros|frz\n|move|p2b: Sylveon|Light Screen|p2b: Sylveon\n|-sidestart|p2: airbrutus|move: Light Screen\n|move|p1b: Chansey|Blizzard|p2b: Sylveon|[spread] p2a,p2b\n|-resisted|p2a: Tauros\n|-damage|p2a: Tauros|27\/100 frz\n|-damage|p2b: Sylveon|56\/100\n|\n|-weather|Snow|[upkeep]\n|-heal|p1a: Beartic|94\/100|[from] item: Leftovers\n|upkeep\n|turn|8\n|\n|t:|1700749013\n|move|p1a: Beartic|Icicle Crash|p2b: Sylveon\n|-damage|p2b: Sylveon|0 fnt\n|faint|p2b: Sylveon\n|cant|p2a: Tauros|frz\n|move|p1b: Chansey|Blizzard|p2a: Tauros\n|-resisted|p2a: Tauros\n|-damage|p2a: Tauros|22\/100 frz\n|\n|-weather|Snow|[upkeep]\n|-heal|p1a: Beartic|99\/100|[from] item: Leftovers\n|upkeep\n|\n|t:|1700749025\n|switch|p2b: Lurantis|Lurantis, F|100\/100\n|turn|9\n|\n|t:|1700749033\n|move|p1a: Beartic|Icicle Crash|p2b: Lurantis\n|-supereffective|p2b: Lurantis\n|-damage|p2b: Lurantis|4\/100\n|cant|p2a: Tauros|frz\n|move|p2b: Lurantis|Superpower|p1a: Beartic\n|-supereffective|p1a: Beartic\n|-damage|p1a: Beartic|38\/100\n|-boost|p2b: Lurantis|atk|1\n|-boost|p2b: Lurantis|def|1\n|move|p1b: Chansey|Blizzard|p2b: Lurantis|[spread] p2a,p2b\n|-resisted|p2a: Tauros\n|-supereffective|p2b: Lurantis\n|-damage|p2a: Tauros|18\/100 frz\n|-damage|p2b: Lurantis|0 fnt\n|faint|p2b: Lurantis\n|\n|-weather|none\n|-heal|p1a: Beartic|44\/100|[from] item: Leftovers\n|upkeep\n|\n|t:|1700749037\n|switch|p2b: Diancie|Diancie|100\/100\n|turn|10\n|inactive|GhostMasterMorty has 120 seconds left.\n|\n|t:|1700749069\n|switch|p1a: Samurott|Samurott, F, tera:Steel|100\/100\n|switch|p1b: Ninetales|Ninetales-Alola, M|19\/100\n|-weather|Snow|[from] ability: Snow Warning|[of] p1b: Ninetales\n|-terastallize|p2b: Diancie|Rock\n|cant|p2a: Tauros|frz\n|move|p2b: Diancie|Diamond Storm|p1b: Ninetales|[spread] p1a,p1b\n|-resisted|p1a: Samurott\n|-supereffective|p1b: Ninetales\n|-damage|p1a: Samurott|68\/100\n|-damage|p1b: Ninetales|0 fnt\n|faint|p1b: Ninetales\n|-damage|p2b: Diancie|91\/100|[from] item: Life Orb\n|\n|-weather|Snow|[upkeep]\n|-heal|p1a: Samurott|74\/100|[from] item: Leftovers\n|upkeep\n|inactive|GhostMasterMorty has 120 seconds left.\n|\n|t:|1700749092\n|switch|p1b: Mew|Mew|84\/100 frz\n|turn|11\n|\n|t:|1700749102\n|cant|p2a: Tauros|frz\n|-curestatus|p1b: Mew|frz|[msg]\n|move|p1b: Mew|Fire Pledge|p2a: Tauros\n|-waiting|p1b: Mew|p1a: Samurott\n|move|p1a: Samurott|Water Pledge|p2b: Diancie|[from]move: Fire Pledge\n|-combine\n|-supereffective|p2b: Diancie\n|-damage|p2b: Diancie|7\/100\n|-sidestart|p1: GhostMasterMorty|Water Pledge\n|move|p2b: Diancie|Diamond Storm|p1b: Mew|[spread] p1a,p1b\n|-resisted|p1a: Samurott\n|-damage|p1a: Samurott|44\/100\n|-damage|p1b: Mew|27\/100\n|-boost|p2b: Diancie|def|2\n|-damage|p2b: Diancie|0 fnt|[from] item: Life Orb\n|faint|p2b: Diancie\n|\n|-weather|Snow|[upkeep]\n|-heal|p1b: Mew|33\/100|[from] item: Leftovers\n|-heal|p1a: Samurott|50\/100|[from] item: Leftovers\n|-sideend|p2: airbrutus|move: Light Screen\n|upkeep\n|\n|t:|1700749121\n|switch|p2b: Quagsire|Quagsire, F|100\/100\n|turn|12\n|\n|t:|1700749130\n|move|p1b: Mew|Blizzard|p2a: Tauros|[spread] p2a,p2b\n|-resisted|p2a: Tauros\n|-damage|p2a: Tauros|0 fnt\n|-damage|p2b: Quagsire|70\/100\n|faint|p2a: Tauros\n|move|p1a: Samurott|Blizzard|p2b: Quagsire\n|-damage|p2b: Quagsire|26\/100\n|move|p2b: Quagsire|Muddy Water|p1b: Mew|[spread] p1a,p1b\n|-damage|p1a: Samurott|24\/100\n|-damage|p1b: Mew|7\/100\n|-unboost|p1a: Samurott|accuracy|1\n|\n|-weather|Snow|[upkeep]\n|-heal|p1b: Mew|13\/100|[from] item: Leftovers\n|-heal|p1a: Samurott|30\/100|[from] item: Leftovers\n|upkeep\n|turn|13\n|\n|t:|1700749154\n|move|p1b: Mew|Fire Pledge|p2b: Quagsire\n|-resisted|p2b: Quagsire\n|-damage|p2b: Quagsire|13\/100\n|move|p1a: Samurott|Blizzard|p2b: Quagsire\n|-damage|p2b: Quagsire|0 fnt\n|faint|p2b: Quagsire\n|\n|win|GhostMasterMorty\n|raw|GhostMasterMorty's rating: 1031 &rarr; <strong>1074<\/strong><br \/>(+43 for winning)\n|raw|airbrutus's rating: 1105 &rarr; <strong>1075<\/strong><br \/>(-30 for losing)\n|l|\u2606airbrutus\n|c|\u2606GhostMasterMorty|GGWP\n","uploadtime":1700749165,"views":7,"p1id":"ghostmastermorty","p2id":"airbrutus","formatid":"gen9doublesou","rating":1074,"private":0,"password":""}