{"id":"gen9doublesou-1990139882","p1":"angeltrex","p2":"Bluejay123","format":"[Gen 9] Doubles OU","log":"|j|\u2606angeltrex\n|j|\u2606Bluejay123\n|t:|1699928881\n|gametype|doubles\n|player|p1|angeltrex|1|1094\n|player|p2|Bluejay123|hugh|1149\n|teamsize|p1|6\n|teamsize|p2|6\n|gen|9\n|tier|[Gen 9] Doubles OU\n|rated|\n|rule|Species Clause: Limit one of each Pok\u00e9mon\n|rule|OHKO Clause: OHKO moves are banned\n|rule|Evasion Moves Clause: Evasion moves are banned\n|rule|Gravity Sleep Clause: The combination of sleep-inducing moves with imperfect accuracy and Gravity or Gigantamax Orbeetle are banned\n|rule|Endless Battle Clause: Forcing endless battles is banned\n|rule|HP Percentage Mod: HP is shown in percentages\n|clearpoke\n|poke|p1|Skeledirge, M|\n|poke|p1|Torkoal, M|\n|poke|p1|Tauros-Paldea-Blaze, M|\n|poke|p1|Armarouge, F|\n|poke|p1|Oricorio, M|\n|poke|p1|Volcarona, F|\n|poke|p2|Glimmora, M|\n|poke|p2|Samurott-Hisui, M|\n|poke|p2|Garchomp, M|\n|poke|p2|Hatterene, F|\n|poke|p2|Iron Hands|\n|poke|p2|Torkoal, M|\n|teampreview\n|\n|t:|1699928894\n|start\n|switch|p1a: Tauros|Tauros-Paldea-Blaze, M|100\/100\n|switch|p1b: Armarouge|Armarouge, F|100\/100\n|switch|p2a: *Dies*|Glimmora, M|100\/100\n|switch|p2b: Your weeb friend|Samurott-Hisui, M|100\/100\n|-ability|p1a: Tauros|Intimidate|boost\n|-unboost|p2a: *Dies*|atk|1\n|-unboost|p2b: Your weeb friend|atk|1\n|turn|1\n|c|\u2606Bluejay123|nice team\n|\n|t:|1699928914\n|switch|p2b: Catch these hands|Iron Hands|100\/100\n|-enditem|p2b: Catch these hands|Booster Energy\n|-activate|p2b: Catch these hands|ability: Quark Drive|[fromitem]\n|-start|p2b: Catch these hands|quarkdriveatk\n|move|p2a: *Dies*|Mortal Spin|p1a: Tauros|[spread] p1a,p1b\n|-damage|p1a: Tauros|96\/100\n|-damage|p1b: Armarouge|97\/100\n|-status|p1a: Tauros|psn\n|-status|p1b: Armarouge|psn\n|-ability|p1b: Armarouge|Weak Armor|boost\n|-unboost|p1b: Armarouge|def|1\n|-boost|p1b: Armarouge|spe|2\n|move|p1b: Armarouge|Psychic Terrain|p1b: Armarouge\n|-fieldstart|move: Psychic Terrain\n|move|p1a: Tauros|Double Kick|p2b: Catch these hands\n|-damage|p2b: Catch these hands|91\/100\n|-damage|p2b: Catch these hands|83\/100\n|-hitcount|p2b: Catch these hands|2\n|\n|-damage|p1b: Armarouge|84\/100 psn|[from] psn\n|-damage|p1a: Tauros|84\/100 psn|[from] psn\n|upkeep\n|turn|2\n|inactive|Battle timer is ON: inactive players will automatically lose when time's up. (requested by angeltrex)\n|\n|t:|1699928936\n|move|p1b: Armarouge|Expanding Force|p2b: Catch these hands|[spread] p2a,p2b\n|-supereffective|p2a: *Dies*\n|-supereffective|p2b: Catch these hands\n|-enditem|p2a: *Dies*|Focus Sash\n|-damage|p2a: *Dies*|1\/100\n|-damage|p2b: Catch these hands|0 fnt\n|faint|p2b: Catch these hands\n|-end|p2b: Catch these hands|Quark Drive|[silent]\n|move|p2a: *Dies*|Stealth Rock|p1a: Tauros\n|-sidestart|p1: angeltrex|move: Stealth Rock\n|move|p1a: Tauros|Facade|p2a: *Dies*\n|-resisted|p2a: *Dies*\n|-damage|p2a: *Dies*|0 fnt\n|-activate|p2a: *Dies*|ability: Toxic Debris\n|-sidestart|p1: angeltrex|move: Toxic Spikes\n|faint|p2a: *Dies*\n|\n|-damage|p1b: Armarouge|72\/100 psn|[from] psn\n|-damage|p1a: Tauros|71\/100 psn|[from] psn\n|upkeep\n|\n|t:|1699928952\n|switch|p2a: Your weeb friend|Samurott-Hisui, M|100\/100\n|switch|p2b: Mr.Sandman|Garchomp, M|100\/100\n|turn|3\n|\n|t:|1699928966\n|move|p1b: Armarouge|Expanding Force|p2b: Mr.Sandman|[spread] p2b\n|-immune|p2a: Your weeb friend\n|-damage|p2b: Mr.Sandman|33\/100\n|move|p2b: Mr.Sandman|Stomping Tantrum|p1a: Tauros\n|-supereffective|p1a: Tauros\n|-damage|p1a: Tauros|0 fnt\n|faint|p1a: Tauros\n|move|p2a: Your weeb friend|Ceaseless Edge|p1b: Armarouge\n|-supereffective|p1b: Armarouge\n|-damage|p1b: Armarouge|0 fnt\n|-sidestart|p1: angeltrex|Spikes\n|faint|p1b: Armarouge\n|\n|upkeep\n|\n|t:|1699928973\n|switch|p1a: Skeledirge|Skeledirge, M|100\/100\n|switch|p1b: Torkoal|Torkoal, M|100\/100\n|-damage|p1a: Skeledirge|76\/100|[from] Stealth Rock\n|-status|p1a: Skeledirge|psn\n|-damage|p1a: Skeledirge|63\/100 psn|[from] Spikes\n|-damage|p1b: Torkoal|76\/100|[from] Stealth Rock\n|-status|p1b: Torkoal|psn\n|-damage|p1b: Torkoal|63\/100 psn|[from] Spikes\n|-weather|SunnyDay|[from] ability: Drought|[of] p1b: Torkoal\n|turn|4\n|\n|t:|1699928993\n|move|p2b: Mr.Sandman|Stomping Tantrum|p1b: Torkoal\n|-supereffective|p1b: Torkoal\n|-damage|p1b: Torkoal|8\/100 psn\n|move|p2a: Your weeb friend|Ceaseless Edge|p1a: Skeledirge\n|-supereffective|p1a: Skeledirge\n|-damage|p1a: Skeledirge|0 fnt\n|-sidestart|p1: angeltrex|Spikes\n|faint|p1a: Skeledirge\n|move|p1b: Torkoal|Body Press|p2a: Your weeb friend\n|-supereffective|p2a: Your weeb friend\n|-damage|p2a: Your weeb friend|19\/100\n|\n|-weather|SunnyDay|[upkeep]\n|-damage|p1b: Torkoal|0 fnt|[from] psn\n|faint|p1b: Torkoal\n|upkeep\n|\n|t:|1699928999\n|switch|p1a: Volcarona|Volcarona, F|100\/100\n|switch|p1b: Oricorio|Oricorio, M|100\/100\n|-damage|p1a: Volcarona|50\/100|[from] Stealth Rock\n|-status|p1a: Volcarona|psn\n|-damage|p1a: Volcarona|34\/100 psn|[from] Spikes\n|-damage|p1b: Oricorio|50\/100|[from] Stealth Rock\n|turn|5\n|c|\u2606Bluejay123|gg\n|\n|t:|1699929025\n|-terastallize|p1b: Oricorio|Rock\n|move|p2b: Mr.Sandman|Stomping Tantrum|p1a: Volcarona\n|-damage|p1a: Volcarona|0 fnt\n|faint|p1a: Volcarona\n|move|p2a: Your weeb friend|Aqua Cutter|p1b: Oricorio\n|-supereffective|p1b: Oricorio\n|-damage|p1b: Oricorio|0 fnt\n|faint|p1b: Oricorio\n|\n|win|Bluejay123\n|raw|angeltrex's rating: 1094 &rarr; <strong>1074<\/strong><br \/>(-20 for losing)\n|raw|Bluejay123's rating: 1149 &rarr; <strong>1170<\/strong><br \/>(+21 for winning)\n|l|\u2606angeltrex\n","uploadtime":1699929048,"views":6,"p1id":"angeltrex","p2id":"bluejay123","formatid":"gen9doublesou","rating":1074,"private":0,"password":""}