{"id":"gen9doublesou-1972059790","p1":"joecheve13","p2":"Daskhiel02","format":"[Gen 9] Doubles OU","log":"|j|\u2606joecheve13\n|j|\u2606Daskhiel02\n|t:|1697809383\n|gametype|doubles\n|player|p1|joecheve13|clay|1362\n|player|p2|Daskhiel02|266|1311\n|teamsize|p1|6\n|teamsize|p2|6\n|gen|9\n|tier|[Gen 9] Doubles OU\n|rated|\n|rule|Species Clause: Limit one of each Pok\u00e9mon\n|rule|OHKO Clause: OHKO moves are banned\n|rule|Evasion Moves Clause: Evasion moves are banned\n|rule|Gravity Sleep Clause: The combination of sleep-inducing moves with imperfect accuracy and Gravity or Gigantamax Orbeetle are banned\n|rule|Endless Battle Clause: Forcing endless battles is banned\n|rule|HP Percentage Mod: HP is shown in percentages\n|clearpoke\n|poke|p1|Sableye, F|\n|poke|p1|Torkoal, M|\n|poke|p1|Volcarona, M|\n|poke|p1|Hariyama, F|\n|poke|p1|Walking Wake|\n|poke|p1|Roaring Moon|\n|poke|p2|Indeedee-F, F|\n|poke|p2|Arcanine, F|\n|poke|p2|Noivern, F|\n|poke|p2|Sinistcha|\n|poke|p2|Ceruledge, F|\n|poke|p2|Kommo-o, M|\n|teampreview\n|\n|t:|1697809405\n|start\n|switch|p1a: Roaring Moon|Roaring Moon|100\/100\n|switch|p1b: Volcarona|Volcarona, M|100\/100\n|switch|p2a: Noivern|Noivern, F|100\/100\n|switch|p2b: Ceruledge|Ceruledge, F|100\/100\n|turn|1\n|\n|t:|1697809432\n|-terastallize|p2a: Noivern|Normal\n|move|p2b: Ceruledge|Vacuum Wave|p2a: Noivern\n|-supereffective|p2a: Noivern\n|-damage|p2a: Noivern|85\/100\n|-enditem|p2a: Noivern|Weakness Policy\n|-boost|p2a: Noivern|atk|2|[from] item: Weakness Policy\n|-boost|p2a: Noivern|spa|2|[from] item: Weakness Policy\n|-damage|p2b: Ceruledge|91\/100|[from] item: Life Orb\n|move|p2a: Noivern|Boomburst|p1b: Volcarona|[spread] p1a,p1b\n|-immune|p2b: Ceruledge\n|-damage|p1a: Roaring Moon|12\/100\n|-damage|p1b: Volcarona|17\/100\n|move|p1a: Roaring Moon|Knock Off|p2b: Ceruledge\n|-supereffective|p2b: Ceruledge\n|-damage|p2b: Ceruledge|0 fnt\n|-enditem|p2b: Ceruledge|Life Orb|[from] move: Knock Off|[of] p1a: Roaring Moon\n|faint|p2b: Ceruledge\n|move|p1b: Volcarona|Quiver Dance|p1b: Volcarona\n|-boost|p1b: Volcarona|spa|1\n|-boost|p1b: Volcarona|spd|1\n|-boost|p1b: Volcarona|spe|1\n|\n|-heal|p1b: Volcarona|23\/100|[from] item: Leftovers\n|upkeep\n|\n|t:|1697809454\n|switch|p2b: Indeedee|Indeedee-F, F|100\/100\n|-fieldstart|move: Psychic Terrain|[from] ability: Psychic Surge|[of] p2b: Indeedee\n|turn|2\n|inactive|Battle timer is ON: inactive players will automatically lose when time's up. (requested by joecheve13)\n|\n|t:|1697809476\n|switch|p2b: Sinistcha|Sinistcha|100\/100\n|-heal|p2a: Noivern|100\/100|[from] ability: Hospitality|[of] p2b: Sinistcha\n|move|p1b: Volcarona|Heat Wave|p2a: Noivern|[spread] p2a,p2b\n|-supereffective|p2b: Sinistcha\n|-damage|p2a: Noivern|22\/100\n|-damage|p2b: Sinistcha|2\/100\n|move|p2a: Noivern|Boomburst|p1a: Roaring Moon|[spread] p1a,p1b\n|-immune|p2b: Sinistcha\n|-damage|p1a: Roaring Moon|0 fnt\n|-damage|p1b: Volcarona|0 fnt\n|faint|p1a: Roaring Moon\n|-end|p1a: Roaring Moon|Protosynthesis|[silent]\n|faint|p1b: Volcarona\n|\n|upkeep\n|\n|t:|1697809496\n|switch|p1a: Hariyama|Hariyama, F|100\/100\n|switch|p1b: Torkoal|Torkoal, M|100\/100\n|-weather|SunnyDay|[from] ability: Drought|[of] p1b: Torkoal\n|turn|3\n|\n|t:|1697809512\n|move|p2a: Noivern|Protect|p2a: Noivern\n|-singleturn|p2a: Noivern|Protect\n|move|p1a: Hariyama|Wide Guard|p1a: Hariyama\n|-singleturn|p1a: Hariyama|Wide Guard\n|move|p2b: Sinistcha|Shadow Ball|p1b: Torkoal\n|-damage|p1b: Torkoal|59\/100\n|move|p1b: Torkoal|Stealth Rock|p2a: Noivern\n|-sidestart|p2: Daskhiel02|move: Stealth Rock\n|\n|-weather|SunnyDay|[upkeep]\n|-status|p1a: Hariyama|brn|[from] item: Flame Orb\n|upkeep\n|turn|4\n|\n|t:|1697809526\n|move|p1a: Hariyama|Wide Guard|p1a: Hariyama\n|-singleturn|p1a: Hariyama|Wide Guard\n|move|p2a: Noivern|Hurricane|p1a: Hariyama\n|-supereffective|p1a: Hariyama\n|-crit|p1a: Hariyama\n|-damage|p1a: Hariyama|0 fnt\n|faint|p1a: Hariyama\n|move|p2b: Sinistcha|Shadow Ball|p1b: Torkoal\n|-damage|p1b: Torkoal|20\/100\n|move|p1b: Torkoal|Heat Wave|p2a: Noivern|[spread] p2a,p2b\n|-supereffective|p2b: Sinistcha\n|-damage|p2a: Noivern|0 fnt\n|-damage|p2b: Sinistcha|0 fnt\n|faint|p2a: Noivern\n|faint|p2b: Sinistcha\n|\n|-weather|SunnyDay|[upkeep]\n|upkeep\n|\n|t:|1697809541\n|switch|p2a: Indeedee|Indeedee-F, F|100\/100\n|switch|p2b: Kommo-o|Kommo-o, M|100\/100\n|switch|p1a: Sableye|Sableye, F|100\/100\n|-damage|p2b: Kommo-o|94\/100|[from] Stealth Rock\n|-damage|p2a: Indeedee|88\/100|[from] Stealth Rock\n|turn|5\n|\n|t:|1697809569\n|move|p2a: Indeedee|Follow Me|p2a: Indeedee\n|-singleturn|p2a: Indeedee|move: Follow Me\n|move|p1a: Sableye|Reflect|p1a: Sableye\n|-sidestart|p1: joecheve13|Reflect\n|move|p2b: Kommo-o|Clangorous Soul|p2b: Kommo-o\n|-boost|p2b: Kommo-o|atk|1\n|-boost|p2b: Kommo-o|def|1\n|-boost|p2b: Kommo-o|spa|1\n|-boost|p2b: Kommo-o|spd|1\n|-boost|p2b: Kommo-o|spe|1\n|-damage|p2b: Kommo-o|61\/100\n|-enditem|p2b: Kommo-o|Throat Spray\n|-boost|p2b: Kommo-o|spa|1|[from] item: Throat Spray\n|move|p1b: Torkoal|Clear Smog|p2a: Indeedee\n|-damage|p2a: Indeedee|78\/100\n|-clearboost|p2a: Indeedee\n|\n|-weather|SunnyDay|[upkeep]\n|upkeep\n|turn|6\n|\n|t:|1697809592\n|move|p2a: Indeedee|Follow Me|p2a: Indeedee\n|-singleturn|p2a: Indeedee|move: Follow Me\n|move|p2b: Kommo-o|Clangorous Soul|p2b: Kommo-o\n|-boost|p2b: Kommo-o|atk|1\n|-boost|p2b: Kommo-o|def|1\n|-boost|p2b: Kommo-o|spa|1\n|-boost|p2b: Kommo-o|spd|1\n|-boost|p2b: Kommo-o|spe|1\n|-damage|p2b: Kommo-o|28\/100\n|move|p1a: Sableye|Snarl|p2a: Indeedee|[spread] p2a\n|-immune|p2b: Kommo-o|[from] ability: Soundproof\n|-supereffective|p2a: Indeedee\n|-damage|p2a: Indeedee|59\/100\n|-unboost|p2a: Indeedee|spa|1\n|move|p1b: Torkoal|Heat Wave|p2b: Kommo-o|[spread] p2a,p2b\n|-resisted|p2b: Kommo-o\n|-damage|p2a: Indeedee|25\/100\n|-damage|p2b: Kommo-o|20\/100\n|-enditem|p2a: Indeedee|Sitrus Berry|[eat]\n|-heal|p2a: Indeedee|50\/100|[from] item: Sitrus Berry\n|\n|-weather|SunnyDay|[upkeep]\n|-fieldend|move: Psychic Terrain\n|upkeep\n|turn|7\n|\n|t:|1697809609\n|move|p2a: Indeedee|Follow Me|p2a: Indeedee\n|-singleturn|p2a: Indeedee|move: Follow Me\n|move|p1a: Sableye|Encore|p2a: Indeedee\n|-start|p2a: Indeedee|Encore\n|move|p2b: Kommo-o|Clanging Scales|p1b: Torkoal|[spread] p1a,p1b\n|-damage|p1a: Sableye|0 fnt\n|-damage|p1b: Torkoal|0 fnt\n|faint|p1a: Sableye\n|faint|p1b: Torkoal\n|-unboost|p2b: Kommo-o|def|1\n|\n|-weather|SunnyDay|[upkeep]\n|upkeep\n|\n|t:|1697809616\n|switch|p1b: Walking Wake|Walking Wake|100\/100\n|-activate|p1b: Walking Wake|ability: Protosynthesis\n|-start|p1b: Walking Wake|protosynthesisspa\n|turn|8\n|\n|t:|1697809624\n|-terastallize|p1b: Walking Wake|Fairy\n|move|p2a: Indeedee|Follow Me|p2a: Indeedee\n|-singleturn|p2a: Indeedee|move: Follow Me\n|move|p2b: Kommo-o|Clanging Scales|p1b: Walking Wake\n|-immune|p1b: Walking Wake\n|move|p1b: Walking Wake|Tera Blast|p2a: Indeedee|[anim] Tera Blast Fairy\n|-damage|p2a: Indeedee|0 fnt\n|faint|p2a: Indeedee\n|\n|-weather|SunnyDay|[upkeep]\n|upkeep\n|\n|t:|1697809628\n|switch|p2a: Arcanine|Arcanine, F, shiny|100\/100\n|-damage|p2a: Arcanine|76\/100|[from] Stealth Rock\n|-ability|p2a: Arcanine|Intimidate|boost\n|-unboost|p1b: Walking Wake|atk|1\n|turn|9\n|\n|t:|1697809651\n|move|p2b: Kommo-o|Flash Cannon|p1b: Walking Wake\n|-supereffective|p1b: Walking Wake\n|-enditem|p1b: Walking Wake|Focus Sash\n|-damage|p1b: Walking Wake|1\/100\n|move|p2a: Arcanine|Flare Blitz|p1b: Walking Wake\n|-damage|p1b: Walking Wake|0 fnt\n|faint|p1b: Walking Wake\n|-end|p1b: Walking Wake|Protosynthesis|[silent]\n|-damage|p2a: Arcanine|75\/100|[from] Recoil\n|-damage|p2a: Arcanine|65\/100|[from] item: Life Orb\n|\n|win|Daskhiel02\n|raw|joecheve13's rating: 1362 &rarr; <strong>1339<\/strong><br \/>(-23 for losing)\n|raw|Daskhiel02's rating: 1311 &rarr; <strong>1334<\/strong><br \/>(+23 for winning)\n|c|\u2606Daskhiel02|gg!\n","uploadtime":1697809663,"views":13,"p1id":"joecheve13","p2id":"daskhiel02","formatid":"gen9doublesou","rating":1334,"private":0,"password":""}