{"id":"gen9doublesou-1973123897","p1":"Ghastlypixie","p2":"Blaze32132","format":"[Gen 9] Doubles OU","log":"|j|\u2606Ghastlypixie\n|j|\u203dBlaze32132\n|t:|1697930285\n|gametype|doubles\n|player|p1|Ghastlypixie|plasmagruntf|1052\n|player|p2|Blaze32132|265|1032\n|teamsize|p1|6\n|teamsize|p2|6\n|gen|9\n|tier|[Gen 9] Doubles OU\n|rated|\n|rule|Species Clause: Limit one of each Pok\u00e9mon\n|rule|OHKO Clause: OHKO moves are banned\n|rule|Evasion Moves Clause: Evasion moves are banned\n|rule|Gravity Sleep Clause: The combination of sleep-inducing moves with imperfect accuracy and Gravity or Gigantamax Orbeetle are banned\n|rule|Endless Battle Clause: Forcing endless battles is banned\n|rule|HP Percentage Mod: HP is shown in percentages\n|clearpoke\n|poke|p1|Landorus-Therian, M|\n|poke|p1|Weezing, F|\n|poke|p1|Heatran, F|\n|poke|p1|Tornadus, M|\n|poke|p1|Flutter Mane|\n|poke|p1|Rillaboom, F|\n|poke|p2|Grimmsnarl, M|\n|poke|p2|Sneasler, F|\n|poke|p2|Cresselia, F|\n|poke|p2|Corviknight, M|\n|poke|p2|Samurott-Hisui, M|\n|poke|p2|Landorus-Therian, M|\n|teampreview\n|inactive|Battle timer is ON: inactive players will automatically lose when time's up. (requested by Ghastlypixie)\n|\n|t:|1697930300\n|start\n|switch|p1a: Weezing|Weezing, F, shiny|100\/100\n|switch|p1b: Landorus|Landorus-Therian, M|100\/100\n|switch|p2a: Grimmsnarl|Grimmsnarl, M, shiny|100\/100\n|switch|p2b: Sneasler|Sneasler, F, shiny|100\/100\n|-ability|p1a: Weezing|Neutralizing Gas\n|-block|p1b: Landorus|item: Ability Shield\n|-ability|p1b: Landorus|Intimidate|boost\n|-unboost|p2a: Grimmsnarl|atk|1\n|-unboost|p2b: Sneasler|atk|1\n|turn|1\n|inactive|Blaze32132 has 120 seconds left.\n|inactive|Blaze32132 has 90 seconds left.\n|\n|t:|1697930370\n|move|p2b: Sneasler|Fake Out|p1b: Landorus\n|-damage|p1b: Landorus|88\/100\n|move|p2a: Grimmsnarl|Fake Out|p1a: Weezing\n|-damage|p1a: Weezing|94\/100\n|cant|p1b: Landorus|flinch\n|cant|p1a: Weezing|flinch\n|\n|-heal|p1a: Weezing|99\/100|[from] item: Black Sludge\n|upkeep\n|turn|2\n|\n|t:|1697930381\n|move|p2b: Sneasler|U-turn|p1b: Landorus\n|-resisted|p1b: Landorus\n|-damage|p1b: Landorus|79\/100\n|\n|t:|1697930384\n|switch|p2b: Landorus|Landorus-Therian, M, shiny|100\/100|[from] U-turn\n|move|p1b: Landorus|Stealth Rock|p2b: Landorus\n|-sidestart|p2: Blaze32132|move: Stealth Rock\n|move|p2a: Grimmsnarl|Reflect|p2a: Grimmsnarl\n|-sidestart|p2: Blaze32132|Reflect\n|move|p1a: Weezing|Taunt|p2a: Grimmsnarl\n|-start|p2a: Grimmsnarl|move: Taunt\n|\n|-heal|p1a: Weezing|100\/100|[from] item: Black Sludge\n|upkeep\n|turn|3\n|inactive|Ghastlypixie has 120 seconds left.\n|\n|t:|1697930416\n|switch|p2a: Corviknight|Corviknight, M, shiny|100\/100\n|-damage|p2a: Corviknight|88\/100|[from] Stealth Rock\n|move|p1b: Landorus|U-turn|p2b: Landorus\n|-resisted|p2b: Landorus\n|-damage|p2b: Landorus|94\/100\n|inactive|Ghastlypixie has 120 seconds left.\n|\n|t:|1697930429\n|switch|p1b: Tornadus|Tornadus, M|100\/100|[from] U-turn\n|move|p2b: Landorus|Stealth Rock|p1b: Tornadus\n|-sidestart|p1: Ghastlypixie|move: Stealth Rock\n|move|p1a: Weezing|Will-O-Wisp|p2b: Landorus\n|-status|p2b: Landorus|brn\n|\n|-heal|p2b: Landorus|99\/100 brn|[from] item: Leftovers\n|-heal|p2a: Corviknight|94\/100|[from] item: Leftovers\n|-damage|p2b: Landorus|94\/100 brn|[from] brn\n|upkeep\n|turn|4\n|inactive|Ghastlypixie has 120 seconds left.\n|\n|t:|1697930459\n|-end|p1a: Weezing|ability: Neutralizing Gas\n|-ability|p2b: Landorus|Intimidate|boost\n|-unboost|p1a: Weezing|atk|1\n|-unboost|p1b: Tornadus|atk|1\n|switch|p1a: Landorus|Landorus-Therian, M|79\/100\n|-damage|p1a: Landorus|67\/100|[from] Stealth Rock\n|-ability|p1a: Landorus|Intimidate|boost\n|-ability|p2a: Corviknight|Mirror Armor\n|-unboost|p1a: Landorus|atk|1\n|-unboost|p2b: Landorus|atk|1\n|move|p1b: Tornadus|Tailwind|p1b: Tornadus\n|-sidestart|p1: Ghastlypixie|move: Tailwind\n|move|p2b: Landorus|Earthquake|p1b: Tornadus|[spread] \n|-immune|p2a: Corviknight\n|-immune|p1a: Landorus\n|-immune|p1b: Tornadus\n|move|p2a: Corviknight|Brave Bird|p1b: Tornadus\n|-damage|p1b: Tornadus|54\/100\n|-damage|p2a: Corviknight|80\/100|[from] Recoil\n|\n|-heal|p2b: Landorus|99\/100 brn|[from] item: Leftovers\n|-heal|p2a: Corviknight|87\/100|[from] item: Leftovers\n|-damage|p2b: Landorus|94\/100 brn|[from] brn\n|upkeep\n|turn|5\n|inactive|Ghastlypixie has 120 seconds left.\n|\n|t:|1697930497\n|move|p1b: Tornadus|Sunny Day|p1b: Tornadus\n|-weather|SunnyDay\n|move|p1a: Landorus|U-turn|p2a: Corviknight\n|-resisted|p2a: Corviknight\n|-damage|p2a: Corviknight|85\/100\n|\n|t:|1697930508\n|switch|p1a: Heatran|Heatran, F|100\/100|[from] U-turn\n|-damage|p1a: Heatran|88\/100|[from] Stealth Rock\n|move|p2b: Landorus|U-turn|p1b: Tornadus\n|-resisted|p1b: Tornadus\n|-damage|p1b: Tornadus|50\/100\n|\n|t:|1697930519\n|switch|p2b: Sneasler|Sneasler, F, shiny|100\/100|[from] U-turn\n|-damage|p2b: Sneasler|95\/100|[from] Stealth Rock\n|move|p2a: Corviknight|Bulk Up|p2a: Corviknight\n|-boost|p2a: Corviknight|atk|1\n|-boost|p2a: Corviknight|def|1\n|\n|-weather|SunnyDay|[upkeep]\n|-heal|p2a: Corviknight|91\/100|[from] item: Leftovers\n|upkeep\n|turn|6\n|inactive|Ghastlypixie has 120 seconds left.\n|\n|t:|1697930541\n|move|p2b: Sneasler|Fake Out|p1a: Heatran\n|-resisted|p1a: Heatran\n|-damage|p1a: Heatran|81\/100\n|move|p1b: Tornadus|Taunt|p2a: Corviknight\n|-start|p2a: Corviknight|move: Taunt\n|cant|p1a: Heatran|flinch\n|move|p2a: Corviknight|Brave Bird|p1b: Tornadus\n|-damage|p1b: Tornadus|0 fnt\n|faint|p1b: Tornadus\n|-damage|p2a: Corviknight|77\/100|[from] Recoil\n|\n|-weather|SunnyDay|[upkeep]\n|-heal|p2a: Corviknight|83\/100|[from] item: Leftovers\n|upkeep\n|\n|t:|1697930552\n|switch|p1b: Flutter Mane|Flutter Mane, shiny|100\/100\n|-damage|p1b: Flutter Mane|88\/100|[from] Stealth Rock\n|-activate|p1b: Flutter Mane|ability: Protosynthesis\n|-start|p1b: Flutter Mane|protosynthesisspe\n|turn|7\n|inactive|Ghastlypixie has 120 seconds left.\n|\n|t:|1697930568\n|-terastallize|p1a: Heatran|Fairy\n|move|p1b: Flutter Mane|Dazzling Gleam|p2b: Sneasler|[spread] p2a,p2b\n|-resisted|p2a: Corviknight\n|-damage|p2a: Corviknight|59\/100\n|-damage|p2b: Sneasler|28\/100\n|move|p1a: Heatran|Heat Wave|p2b: Sneasler|[spread] p2a,p2b\n|-supereffective|p2a: Corviknight\n|-damage|p2a: Corviknight|0 fnt\n|-damage|p2b: Sneasler|0 fnt\n|faint|p2a: Corviknight\n|faint|p2b: Sneasler\n|-damage|p1a: Heatran|71\/100|[from] item: Life Orb\n|\n|-weather|SunnyDay|[upkeep]\n|-sideend|p1: Ghastlypixie|move: Tailwind\n|upkeep\n|-message|Blaze32132 forfeited.\n|\n|win|Ghastlypixie\n|raw|Ghastlypixie's rating: 1052 &rarr; <strong>1082<\/strong><br \/>(+30 for winning)\n|raw|Blaze32132's rating: 1032 &rarr; <strong>1018<\/strong><br \/>(-14 for losing)\n|l|\u203dBlaze32132\n","uploadtime":1697930585,"views":15,"p1id":"ghastlypixie","p2id":"blaze32132","formatid":"gen9doublesou","rating":1018,"private":0,"password":""}