{"id":"gen9doublesou-1980556777","p1":"C0SuMa","p2":"lvBreakfast","format":"[Gen 9] Doubles OU","log":"|j|\u2606C0SuMa\n|j|\u2606lvBreakfast\n|t:|1698796993\n|gametype|doubles\n|player|p1|C0SuMa|caitlin|1368\n|player|p2|lvBreakfast|sabi|1459\n|teamsize|p1|6\n|teamsize|p2|6\n|gen|9\n|tier|[Gen 9] Doubles OU\n|rated|\n|rule|Species Clause: Limit one of each Pok\u00e9mon\n|rule|OHKO Clause: OHKO moves are banned\n|rule|Evasion Moves Clause: Evasion moves are banned\n|rule|Gravity Sleep Clause: The combination of sleep-inducing moves with imperfect accuracy and Gravity or Gigantamax Orbeetle are banned\n|rule|Endless Battle Clause: Forcing endless battles is banned\n|rule|HP Percentage Mod: HP is shown in percentages\n|clearpoke\n|poke|p1|Ninetales-Alola, F|\n|poke|p1|Flutter Mane|\n|poke|p1|Iron Bundle|\n|poke|p1|Tornadus, M|\n|poke|p1|Iron Hands|\n|poke|p1|Cresselia, F|\n|poke|p2|Sinistcha-Masterpiece|\n|poke|p2|Ogerpon-Cornerstone, F|\n|poke|p2|Haxorus, F|\n|poke|p2|Jirachi|\n|poke|p2|Ceruledge, F|\n|poke|p2|Weavile, F|\n|teampreview\n|\n|t:|1698797016\n|start\n|switch|p1a: Iron Bundle|Iron Bundle|100\/100\n|switch|p1b: Tornadus|Tornadus, M|100\/100\n|switch|p2a: Chien Pao|Weavile, F|100\/100\n|switch|p2b: Golizopod|Haxorus, F, shiny|100\/100\n|-ability|p2b: Golizopod|Mold Breaker\n|turn|1\n|\n|t:|1698797036\n|switch|p1b: Ninetales|Ninetales-Alola, F|100\/100\n|-weather|Snow|[from] ability: Snow Warning|[of] p1b: Ninetales\n|move|p2a: Chien Pao|Fake Out|p1a: Iron Bundle\n|-damage|p1a: Iron Bundle|89\/100\n|cant|p1a: Iron Bundle|flinch\n|move|p2b: Golizopod|Breaking Swipe|p1a: Iron Bundle|[spread] p1a\n|-immune|p1b: Ninetales\n|-damage|p1a: Iron Bundle|61\/100\n|-unboost|p1a: Iron Bundle|atk|1\n|-damage|p2b: Golizopod|91\/100|[from] item: Life Orb\n|\n|-weather|Snow|[upkeep]\n|upkeep\n|turn|2\n|\n|t:|1698797051\n|switch|p2b: Emolga? :(|Jirachi|100\/100\n|move|p1a: Iron Bundle|Aurora Veil|p1a: Iron Bundle\n|-sidestart|p1: C0SuMa|move: Aurora Veil\n|move|p2a: Chien Pao|Knock Off|p1a: Iron Bundle\n|-damage|p1a: Iron Bundle|37\/100\n|-enditem|p1a: Iron Bundle|Light Clay|[from] move: Knock Off|[of] p2a: Chien Pao\n|move|p1b: Ninetales|Blizzard|p2b: Emolga? :(|[spread] p2a,p2b\n|-resisted|p2a: Chien Pao\n|-resisted|p2b: Emolga? :(\n|-damage|p2a: Chien Pao|82\/100\n|-damage|p2b: Emolga? :(|87\/100\n|\n|-weather|Snow|[upkeep]\n|upkeep\n|turn|3\n|\n|t:|1698797084\n|switch|p1b: Cresselia|Cresselia, F|100\/100\n|move|p1a: Iron Bundle|Hydro Pump|p2b: Emolga? :(\n|-damage|p2b: Emolga? :(|36\/100\n|move|p2a: Chien Pao|Knock Off|p1b: Cresselia\n|-supereffective|p1b: Cresselia\n|-damage|p1b: Cresselia|62\/100\n|-enditem|p1b: Cresselia|Mental Herb|[from] move: Knock Off|[of] p2a: Chien Pao\n|move|p2b: Emolga? :(|Iron Head|p1a: Iron Bundle\n|-damage|p1a: Iron Bundle|19\/100\n|\n|-weather|Snow|[upkeep]\n|upkeep\n|turn|4\n|\n|t:|1698797107\n|move|p1a: Iron Bundle|Hydro Pump|p2b: Emolga? :(\n|-damage|p2b: Emolga? :(|0 fnt\n|faint|p2b: Emolga? :(\n|move|p2a: Chien Pao|Knock Off|p1b: Cresselia\n|-supereffective|p1b: Cresselia\n|-damage|p1b: Cresselia|36\/100\n|move|p1b: Cresselia|Lunar Blessing|p1b: Cresselia|[spread] p1a,p1b\n|-heal|p1a: Iron Bundle|44\/100\n|-heal|p1b: Cresselia|61\/100\n|\n|-weather|Snow|[upkeep]\n|upkeep\n|\n|t:|1698797115\n|switch|p2b: Golizopod|Haxorus, F, shiny|91\/100\n|-ability|p2b: Golizopod|Mold Breaker\n|turn|5\n|\n|t:|1698797138\n|move|p2b: Golizopod|First Impression|p1b: Cresselia\n|-supereffective|p1b: Cresselia\n|-damage|p1b: Cresselia|24\/100\n|-damage|p2b: Golizopod|81\/100|[from] item: Life Orb\n|move|p1a: Iron Bundle|Blizzard|p2b: Golizopod|[spread] p2a,p2b\n|-resisted|p2a: Chien Pao\n|-supereffective|p2b: Golizopod\n|-damage|p2a: Chien Pao|55\/100\n|-damage|p2b: Golizopod|0 fnt\n|faint|p2b: Golizopod\n|move|p2a: Chien Pao|Knock Off|p1b: Cresselia\n|-supereffective|p1b: Cresselia\n|-damage|p1b: Cresselia|0 fnt\n|faint|p1b: Cresselia\n|\n|-weather|Snow|[upkeep]\n|upkeep\n|\n|t:|1698797158\n|switch|p2b: Marshad0w|Ceruledge, F|100\/100\n|switch|p1b: Iron Hands|Iron Hands|100\/100\n|turn|6\n|\n|t:|1698797170\n|move|p1b: Iron Hands|Fake Out|p2a: Chien Pao\n|-damage|p2a: Chien Pao|38\/100\n|move|p1a: Iron Bundle|Hydro Pump|p2b: Marshad0w\n|-supereffective|p2b: Marshad0w\n|-enditem|p2b: Marshad0w|Focus Sash\n|-damage|p2b: Marshad0w|1\/100\n|cant|p2a: Chien Pao|flinch\n|move|p2b: Marshad0w|Bitter Blade|p1a: Iron Bundle\n|-damage|p1a: Iron Bundle|14\/100\n|-heal|p2b: Marshad0w|13\/100|[from] drain|[of] p1a: Iron Bundle\n|\n|-weather|Snow|[upkeep]\n|upkeep\n|turn|7\n|\n|t:|1698797195\n|move|p2b: Marshad0w|Shadow Sneak|p1a: Iron Bundle\n|-damage|p1a: Iron Bundle|3\/100\n|move|p1a: Iron Bundle|Blizzard|p2a: Chien Pao|[spread] p2a,p2b\n|-resisted|p2a: Chien Pao\n|-resisted|p2b: Marshad0w\n|-damage|p2a: Chien Pao|8\/100\n|-damage|p2b: Marshad0w|0 fnt\n|faint|p2b: Marshad0w\n|move|p2a: Chien Pao|Knock Off|p1b: Iron Hands\n|-resisted|p1b: Iron Hands\n|-damage|p1b: Iron Hands|91\/100\n|-enditem|p1b: Iron Hands|Sitrus Berry|[from] move: Knock Off|[of] p2a: Chien Pao\n|move|p1b: Iron Hands|Drain Punch|p2a: Chien Pao\n|-supereffective|p2a: Chien Pao\n|-damage|p2a: Chien Pao|0 fnt\n|-heal|p1b: Iron Hands|93\/100|[from] drain|[of] p2a: Chien Pao\n|faint|p2a: Chien Pao\n|\n|-weather|Snow|[upkeep]\n|upkeep\n|\n|t:|1698797211\n|switch|p2a: Smelly boy|Sinistcha-Masterpiece|100\/100\n|switch|p2b: OgerpOwO|Ogerpon-Cornerstone, F|100\/100\n|turn|8\n|\n|t:|1698797225\n|move|p1a: Iron Bundle|Blizzard|p2a: Smelly boy|[spread] p2a,p2b\n|-supereffective|p2a: Smelly boy\n|-supereffective|p2b: OgerpOwO\n|-damage|p2a: Smelly boy|10\/100\n|-ability|p2b: OgerpOwO|Sturdy\n|-damage|p2b: OgerpOwO|1\/100\n|-status|p2b: OgerpOwO|frz\n|cant|p2b: OgerpOwO|frz\n|move|p2a: Smelly boy|Strength Sap|p1b: Iron Hands\n|-unboost|p1b: Iron Hands|atk|1\n|-heal|p2a: Smelly boy|100\/100\n|move|p1b: Iron Hands|Swords Dance|p1b: Iron Hands\n|-boost|p1b: Iron Hands|atk|2\n|\n|-weather|none\n|upkeep\n|turn|9\n|c|\u2606C0SuMa|gg\n|c|\u2606lvBreakfast|I undererestimated iron bundle\n|c|\u2606lvBreakfast|Ggs\n|c|\u2606C0SuMa|lol yeah\n|\n|t:|1698797264\n|-end|p1b: Iron Hands|Quark Drive|[silent]\n|switch|p1b: Ninetales|Ninetales-Alola, F|100\/100\n|-weather|Snow|[from] ability: Snow Warning|[of] p1b: Ninetales\n|move|p1a: Iron Bundle|Blizzard|p2b: OgerpOwO|[spread] p2a,p2b\n|-supereffective|p2a: Smelly boy\n|-supereffective|p2b: OgerpOwO\n|-damage|p2a: Smelly boy|9\/100\n|-damage|p2b: OgerpOwO|0 fnt\n|faint|p2b: OgerpOwO\n|move|p2a: Smelly boy|Strength Sap|p1b: Ninetales\n|-unboost|p1b: Ninetales|atk|1\n|-heal|p2a: Smelly boy|47\/100\n|\n|-weather|Snow|[upkeep]\n|-heal|p2a: Smelly boy|53\/100|[from] item: Leftovers\n|-sideend|p1: C0SuMa|move: Aurora Veil\n|upkeep\n|turn|10\n|\n|t:|1698797278\n|-terastallize|p2a: Smelly boy|Steel\n|move|p1a: Iron Bundle|Blizzard|p2a: Smelly boy\n|-resisted|p2a: Smelly boy\n|-damage|p2a: Smelly boy|24\/100\n|move|p1b: Ninetales|Blizzard|p2a: Smelly boy\n|-resisted|p2a: Smelly boy\n|-damage|p2a: Smelly boy|2\/100\n|move|p2a: Smelly boy|Matcha Gotcha|p1a: Iron Bundle|[spread] p1a,p1b\n|-supereffective|p1a: Iron Bundle\n|-damage|p1a: Iron Bundle|0 fnt\n|-heal|p2a: Smelly boy|3\/100|[from] drain|[of] p1a: Iron Bundle\n|-damage|p1b: Ninetales|66\/100\n|-heal|p2a: Smelly boy|18\/100|[from] drain|[of] p1b: Ninetales\n|faint|p1a: Iron Bundle\n|-end|p1a: Iron Bundle|Quark Drive|[silent]\n|\n|-weather|Snow|[upkeep]\n|-heal|p2a: Smelly boy|24\/100|[from] item: Leftovers\n|upkeep\n|\n|t:|1698797293\n|switch|p1a: Iron Hands|Iron Hands|93\/100\n|turn|11\n|\n|t:|1698797298\n|move|p1a: Iron Hands|Fake Out|p2a: Smelly boy\n|-resisted|p2a: Smelly boy\n|-damage|p2a: Smelly boy|18\/100\n|move|p1b: Ninetales|Blizzard|p2a: Smelly boy\n|-resisted|p2a: Smelly boy\n|-damage|p2a: Smelly boy|0 fnt\n|faint|p2a: Smelly boy\n|\n|win|C0SuMa\n|raw|C0SuMa's rating: 1368 &rarr; <strong>1393<\/strong><br \/>(+25 for winning)\n|raw|lvBreakfast's rating: 1459 &rarr; <strong>1434<\/strong><br \/>(-25 for losing)\n|l|\u2606lvBreakfast\n","uploadtime":1698797314,"views":16,"p1id":"c0suma","p2id":"lvbreakfast","formatid":"gen9doublesou","rating":1393,"private":0,"password":""}