{"id":"gen9doublesou-1976684447","p1":"GunnarRM","p2":"Gasgar4","format":"[Gen 9] Doubles OU","log":"|j|\u2606GunnarRM\n|j|\u2606Gasgar4\n|t:|1698333239\n|gametype|doubles\n|player|p1|GunnarRM|266|1528\n|player|p2|Gasgar4|ghetsis|1670\n|teamsize|p1|6\n|teamsize|p2|6\n|gen|9\n|tier|[Gen 9] Doubles OU\n|rated|\n|rule|Species Clause: Limit one of each Pok\u00e9mon\n|rule|OHKO Clause: OHKO moves are banned\n|rule|Evasion Moves Clause: Evasion moves are banned\n|rule|Gravity Sleep Clause: The combination of sleep-inducing moves with imperfect accuracy and Gravity or Gigantamax Orbeetle are banned\n|rule|Endless Battle Clause: Forcing endless battles is banned\n|rule|HP Percentage Mod: HP is shown in percentages\n|clearpoke\n|poke|p1|Cresselia, F|\n|poke|p1|Ursaluna, M|\n|poke|p1|Kingambit, M|\n|poke|p1|Slowking-Galar, M|\n|poke|p1|Amoonguss, F|\n|poke|p1|Glastrier|\n|poke|p2|Dragonite, M|\n|poke|p2|Rillaboom, M|\n|poke|p2|Ursaluna-Bloodmoon, M|\n|poke|p2|Chien-Pao|\n|poke|p2|Landorus, M|\n|poke|p2|Garganacl, F|\n|teampreview\n|inactive|Battle timer is ON: inactive players will automatically lose when time's up. (requested by Gasgar4)\n|inactive|Gasgar4 has 120 seconds left.\n|\n|t:|1698333282\n|start\n|switch|p1a: Glastrier|Glastrier|100\/100\n|switch|p1b: Slowking|Slowking-Galar, M|100\/100\n|switch|p2a: Rillaboom|Rillaboom, M|100\/100\n|switch|p2b: Ursaluna|Ursaluna-Bloodmoon, M|100\/100\n|-fieldstart|move: Grassy Terrain|[from] ability: Grassy Surge|[of] p2a: Rillaboom\n|turn|1\n|\n|t:|1698333299\n|move|p2a: Rillaboom|Fake Out|p1b: Slowking\n|-damage|p1b: Slowking|91\/100\n|move|p2b: Ursaluna|Earth Power|p1b: Slowking\n|-supereffective|p1b: Slowking\n|-enditem|p1b: Slowking|Shuca Berry|[eat]\n|-enditem|p1b: Slowking|Shuca Berry|[weaken]\n|-damage|p1b: Slowking|49\/100\n|move|p1a: Glastrier|Icicle Crash|p2a: Rillaboom\n|-supereffective|p2a: Rillaboom\n|-crit|p2a: Rillaboom\n|-damage|p2a: Rillaboom|0 fnt\n|faint|p2a: Rillaboom\n|-ability|p1a: Glastrier|Chilling Neigh|boost\n|-boost|p1a: Glastrier|atk|1\n|cant|p1b: Slowking|flinch\n|\n|-heal|p1b: Slowking|55\/100|[from] Grassy Terrain\n|upkeep\n|\n|t:|1698333315\n|switch|p2a: Garganacl|Garganacl, F|100\/100\n|turn|2\n|\n|t:|1698333321\n|switch|p1b: Cresselia|Cresselia, F|100\/100\n|move|p2b: Ursaluna|Earth Power|p1b: Cresselia\n|-immune|p1b: Cresselia|[from] ability: Levitate\n|move|p2a: Garganacl|Salt Cure|p1a: Glastrier\n|-supereffective|p1a: Glastrier\n|-damage|p1a: Glastrier|84\/100\n|-start|p1a: Glastrier|Salt Cure\n|move|p1a: Glastrier|High Horsepower|p2a: Garganacl\n|-supereffective|p2a: Garganacl\n|-damage|p2a: Garganacl|17\/100\n|\n|-heal|p2a: Garganacl|23\/100|[from] Grassy Terrain\n|-heal|p2a: Garganacl|29\/100|[from] item: Leftovers\n|-heal|p1a: Glastrier|90\/100|[from] Grassy Terrain\n|-damage|p1a: Glastrier|77\/100|[from] Salt Cure\n|upkeep\n|turn|3\n|inactive|Gasgar4 has 120 seconds left.\n|\n|t:|1698333370\n|switch|p2a: Dragonite|Dragonite, M|100\/100\n|move|p2b: Ursaluna|Blood Moon|p1a: Glastrier\n|-damage|p1a: Glastrier|13\/100\n|move|p1a: Glastrier|Icicle Crash|p2a: Dragonite\n|-supereffective|p2a: Dragonite\n|-damage|p2a: Dragonite|0 fnt\n|faint|p2a: Dragonite\n|-ability|p1a: Glastrier|Chilling Neigh|boost\n|-boost|p1a: Glastrier|atk|1\n|move|p1b: Cresselia|Trick Room|p1b: Cresselia\n|-fieldstart|move: Trick Room|[of] p1b: Cresselia\n|\n|-heal|p1a: Glastrier|19\/100|[from] Grassy Terrain\n|-damage|p1a: Glastrier|6\/100|[from] Salt Cure\n|upkeep\n|\n|t:|1698333387\n|switch|p2a: Garganacl|Garganacl, F|29\/100\n|turn|4\n|\n|t:|1698333403\n|move|p1b: Cresselia|Ally Switch|p1b: Cresselia\n|swap|p1b: Cresselia|0|[from] move: Ally Switch\n|move|p2b: Ursaluna|Vacuum Wave|p1a: Cresselia\n|-resisted|p1a: Cresselia\n|-damage|p1a: Cresselia|96\/100\n|move|p1b: Glastrier|High Horsepower|p2a: Garganacl|[miss]\n|-miss|p1b: Glastrier|p2a: Garganacl\n|move|p2a: Garganacl|Recover|p2a: Garganacl\n|-heal|p2a: Garganacl|79\/100\n|\n|-heal|p1b: Glastrier|13\/100|[from] Grassy Terrain\n|-heal|p2a: Garganacl|85\/100|[from] Grassy Terrain\n|-heal|p2a: Garganacl|92\/100|[from] item: Leftovers\n|-damage|p1b: Glastrier|0 fnt|[from] Salt Cure\n|faint|p1b: Glastrier\n|upkeep\n|\n|t:|1698333408\n|switch|p1b: Ursaluna|Ursaluna, M|100\/100\n|turn|5\n|\n|t:|1698333434\n|move|p1a: Cresselia|Ally Switch||[still]\n|-fail|p1a: Cresselia\n|move|p2a: Garganacl|Stealth Rock|p1a: Cresselia\n|-sidestart|p1: GunnarRM|move: Stealth Rock\n|move|p1b: Ursaluna|Swords Dance|p1b: Ursaluna\n|-boost|p1b: Ursaluna|atk|2\n|move|p2b: Ursaluna|Blood Moon|p1b: Ursaluna\n|-damage|p1b: Ursaluna|31\/100\n|\n|-heal|p2a: Garganacl|98\/100|[from] Grassy Terrain\n|-heal|p2a: Garganacl|100\/100|[from] item: Leftovers\n|-heal|p1b: Ursaluna|37\/100|[from] Grassy Terrain\n|-fieldend|move: Grassy Terrain\n|-status|p1b: Ursaluna|brn|[from] item: Flame Orb\n|upkeep\n|turn|6\n|\n|t:|1698333457\n|move|p2a: Garganacl|Wide Guard|p2a: Garganacl\n|-singleturn|p2a: Garganacl|Wide Guard\n|move|p2b: Ursaluna|Vacuum Wave|p1b: Ursaluna\n|-supereffective|p1b: Ursaluna\n|-damage|p1b: Ursaluna|11\/100 brn\n|move|p1b: Ursaluna|Earthquake|p2a: Garganacl|[spread] \n|-activate|p2a: Garganacl|move: Wide Guard\n|-activate|p2b: Ursaluna|move: Wide Guard\n|-immune|p1a: Cresselia|[from] ability: Levitate\n|move|p1a: Cresselia|Lunar Blessing|p1a: Cresselia|[spread] p1a,p1b\n|-heal|p1a: Cresselia|100\/100\n|-heal|p1b: Ursaluna|36\/100 brn\n|-curestatus|p1b: Ursaluna|brn|[msg]\n|\n|-status|p1b: Ursaluna|brn|[from] item: Flame Orb\n|upkeep\n|turn|7\n|\n|t:|1698333485\n|move|p2a: Garganacl|Wide Guard|p2a: Garganacl\n|-singleturn|p2a: Garganacl|Wide Guard\n|move|p1a: Cresselia|Ally Switch|p1a: Cresselia\n|swap|p1a: Cresselia|1|[from] move: Ally Switch\n|move|p1a: Ursaluna|Facade|p2a: Garganacl\n|-resisted|p2a: Garganacl\n|-damage|p2a: Garganacl|8\/100\n|move|p2b: Ursaluna|Blood Moon|p1a: Ursaluna\n|-damage|p1a: Ursaluna|0 fnt\n|faint|p1a: Ursaluna\n|\n|-heal|p2a: Garganacl|15\/100|[from] item: Leftovers\n|-fieldend|move: Trick Room\n|upkeep\n|\n|t:|1698333502\n|switch|p1a: Amoonguss|Amoonguss, F, shiny|100\/100\n|-damage|p1a: Amoonguss|88\/100|[from] Stealth Rock\n|turn|8\n|\n|t:|1698333518\n|-terastallize|p1a: Amoonguss|Grass\n|move|p1b: Cresselia|Ice Beam|p2a: Garganacl\n|-damage|p2a: Garganacl|2\/100\n|move|p2b: Ursaluna|Earth Power|p1a: Amoonguss\n|-resisted|p1a: Amoonguss\n|-damage|p1a: Amoonguss|64\/100\n|-unboost|p1a: Amoonguss|spd|1\n|move|p1a: Amoonguss|Giga Drain|p2b: Ursaluna\n|-supereffective|p2b: Ursaluna\n|-damage|p2b: Ursaluna|63\/100\n|-heal|p1a: Amoonguss|83\/100|[from] drain|[of] p2b: Ursaluna\n|move|p2a: Garganacl|Recover|p2a: Garganacl\n|-heal|p2a: Garganacl|52\/100\n|\n|-damage|p1a: Amoonguss|70\/100|[from] item: Black Sludge\n|-heal|p2a: Garganacl|58\/100|[from] item: Leftovers\n|upkeep\n|turn|9\n|\n|t:|1698333542\n|move|p2b: Ursaluna|Blood Moon|p1a: Amoonguss\n|-damage|p1a: Amoonguss|0 fnt\n|faint|p1a: Amoonguss\n|move|p2a: Garganacl|Recover|p2a: Garganacl\n|-heal|p2a: Garganacl|100\/100\n|move|p1b: Cresselia|Trick Room|p1b: Cresselia\n|-fieldstart|move: Trick Room|[of] p1b: Cresselia\n|\n|upkeep\n|\n|t:|1698333548\n|switch|p1a: Kingambit|Kingambit, M|100\/100\n|-damage|p1a: Kingambit|94\/100|[from] Stealth Rock\n|-activate|p1a: Kingambit|ability: Supreme Overlord\n|-start|p1a: Kingambit|fallen3|[silent]\n|turn|10\n|\n|t:|1698333567\n|-terastallize|p2a: Garganacl|Water\n|move|p1b: Cresselia|Ally Switch|p1b: Cresselia\n|swap|p1b: Cresselia|0|[from] move: Ally Switch\n|move|p2b: Ursaluna|Vacuum Wave|p1a: Cresselia\n|-resisted|p1a: Cresselia\n|-damage|p1a: Cresselia|95\/100\n|move|p2a: Garganacl|Salt Cure|p1a: Cresselia\n|-damage|p1a: Cresselia|87\/100\n|-start|p1a: Cresselia|Salt Cure\n|move|p1b: Kingambit|Iron Head|p2a: Garganacl\n|-resisted|p2a: Garganacl\n|-damage|p2a: Garganacl|81\/100\n|\n|-heal|p2a: Garganacl|87\/100|[from] item: Leftovers\n|-heal|p1b: Kingambit|100\/100|[from] item: Leftovers\n|-damage|p1a: Cresselia|74\/100|[from] Salt Cure\n|upkeep\n|turn|11\n|\n|t:|1698333582\n|-end|p1b: Kingambit|fallen3|[silent]\n|switch|p1b: Slowking|Slowking-Galar, M|89\/100\n|-damage|p1b: Slowking|76\/100|[from] Stealth Rock\n|move|p2b: Ursaluna|Vacuum Wave|p1b: Slowking\n|-resisted|p1b: Slowking\n|-damage|p1b: Slowking|73\/100\n|move|p2a: Garganacl|Salt Cure|p1b: Slowking\n|-damage|p1b: Slowking|64\/100\n|-start|p1b: Slowking|Salt Cure\n|move|p1a: Cresselia|Ice Beam|p2b: Ursaluna\n|-supereffective|p2b: Ursaluna\n|-damage|p2b: Ursaluna|37\/100\n|-status|p2b: Ursaluna|frz\n|\n|-heal|p2a: Garganacl|93\/100|[from] item: Leftovers\n|-damage|p1b: Slowking|51\/100|[from] Salt Cure\n|-damage|p1a: Cresselia|62\/100|[from] Salt Cure\n|upkeep\n|turn|12\n|\n|t:|1698333604\n|move|p1b: Slowking|Psychic|p2b: Ursaluna\n|-damage|p2b: Ursaluna|13\/100 frz\n|move|p2a: Garganacl|Salt Cure|p1a: Cresselia\n|-damage|p1a: Cresselia|53\/100\n|cant|p2b: Ursaluna|frz\n|move|p1a: Cresselia|Ice Beam|p2b: Ursaluna\n|-supereffective|p2b: Ursaluna\n|-crit|p2b: Ursaluna\n|-damage|p2b: Ursaluna|0 fnt\n|faint|p2b: Ursaluna\n|\n|-heal|p2a: Garganacl|99\/100|[from] item: Leftovers\n|-damage|p1b: Slowking|39\/100|[from] Salt Cure\n|-damage|p1a: Cresselia|40\/100|[from] Salt Cure\n|upkeep\n|\n|t:|1698333618\n|switch|p2b: Landorus|Landorus, M|100\/100\n|turn|13\n|\n|t:|1698333631\n|switch|p1a: Kingambit|Kingambit, M|100\/100\n|-damage|p1a: Kingambit|94\/100|[from] Stealth Rock\n|-activate|p1a: Kingambit|ability: Supreme Overlord\n|-start|p1a: Kingambit|fallen3|[silent]\n|move|p2b: Landorus|Protect|p2b: Landorus\n|-singleturn|p2b: Landorus|Protect\n|move|p1b: Slowking|Psychic|p2a: Garganacl\n|-damage|p2a: Garganacl|76\/100\n|move|p2a: Garganacl|Salt Cure|p1a: Kingambit\n|-resisted|p1a: Kingambit\n|-crit|p1a: Kingambit\n|-damage|p1a: Kingambit|87\/100\n|-start|p1a: Kingambit|Salt Cure\n|\n|-heal|p2a: Garganacl|82\/100|[from] item: Leftovers\n|-heal|p1a: Kingambit|93\/100|[from] item: Leftovers\n|-damage|p1b: Slowking|26\/100|[from] Salt Cure\n|-damage|p1a: Kingambit|68\/100|[from] Salt Cure\n|-fieldend|move: Trick Room\n|upkeep\n|turn|14\n|\n|t:|1698333656\n|-end|p1a: Kingambit|fallen3|[silent]\n|switch|p1a: Cresselia|Cresselia, F|40\/100\n|-damage|p1a: Cresselia|28\/100|[from] Stealth Rock\n|move|p2b: Landorus|Substitute|p2b: Landorus\n|-start|p2b: Landorus|Substitute\n|-damage|p2b: Landorus|75\/100\n|move|p2a: Garganacl|Salt Cure|p1b: Slowking\n|-damage|p1b: Slowking|16\/100\n|move|p1b: Slowking|Trick Room|p1b: Slowking\n|-fieldstart|move: Trick Room|[of] p1b: Slowking\n|\n|-heal|p2a: Garganacl|89\/100|[from] item: Leftovers\n|-damage|p1b: Slowking|3\/100|[from] Salt Cure\n|upkeep\n|turn|15\n|\n|t:|1698333677\n|move|p1a: Cresselia|Ally Switch|p1a: Cresselia\n|swap|p1a: Cresselia|1|[from] move: Ally Switch\n|move|p1a: Slowking|Psychic|p2a: Garganacl\n|-damage|p2a: Garganacl|68\/100\n|move|p2a: Garganacl|Salt Cure|p1b: Cresselia\n|-damage|p1b: Cresselia|20\/100\n|-start|p1b: Cresselia|Salt Cure\n|move|p2b: Landorus|Earth Power|p1a: Slowking\n|-supereffective|p1a: Slowking\n|-damage|p1a: Slowking|0 fnt\n|faint|p1a: Slowking\n|\n|-heal|p2a: Garganacl|74\/100|[from] item: Leftovers\n|-damage|p1b: Cresselia|7\/100|[from] Salt Cure\n|upkeep\n|\n|t:|1698333682\n|switch|p1a: Kingambit|Kingambit, M|68\/100\n|-damage|p1a: Kingambit|62\/100|[from] Stealth Rock\n|-activate|p1a: Kingambit|ability: Supreme Overlord\n|-start|p1a: Kingambit|fallen4|[silent]\n|turn|16\n|\n|t:|1698333702\n|move|p2a: Garganacl|Salt Cure|p1a: Kingambit\n|-resisted|p1a: Kingambit\n|-damage|p1a: Kingambit|57\/100\n|-start|p1a: Kingambit|Salt Cure\n|move|p1a: Kingambit|Kowtow Cleave|p2a: Garganacl\n|-damage|p2a: Garganacl|30\/100\n|move|p1b: Cresselia|Lunar Blessing|p1b: Cresselia|[spread] p1a,p1b\n|-heal|p1a: Kingambit|82\/100\n|-heal|p1b: Cresselia|32\/100\n|move|p2b: Landorus|Earth Power|p1a: Kingambit\n|-supereffective|p1a: Kingambit\n|-damage|p1a: Kingambit|0 fnt\n|faint|p1a: Kingambit\n|-end|p1a: Kingambit|fallen4|[silent]\n|\n|-heal|p2a: Garganacl|37\/100|[from] item: Leftovers\n|-damage|p1b: Cresselia|20\/100|[from] Salt Cure\n|upkeep\n|turn|17\n|inactive|GunnarRM has 120 seconds left.\n|-message|GunnarRM forfeited.\n|\n|win|Gasgar4\n|raw|GunnarRM's rating: 1528 &rarr; <strong>1516<\/strong><br \/>(-12 for losing)\n|raw|Gasgar4's rating: 1670 &rarr; <strong>1682<\/strong><br \/>(+12 for winning)\n|l|\u2606GunnarRM\n","uploadtime":1698333753,"views":24,"p1id":"gunnarrm","p2id":"gasgar4","formatid":"gen9doublesou","rating":1516,"private":0,"password":""}