{"id":"gen9doublesou-1971056119","p1":"Dregone","p2":"rektcom","format":"[Gen 9] Doubles OU","log":"|j|\u2606Dregone\n|j|\u2606rektcom\n|inactive|Battle timer is ON: inactive players will automatically lose when time's up.\n|t:|1697699577\n|gametype|doubles\n|player|p1|Dregone|cynthia-masters|\n|player|p2|rektcom|hexmaniac-gen3jp|\n|teamsize|p1|6\n|teamsize|p2|6\n|gen|9\n|tier|[Gen 9] Doubles OU\n|rated|Tournament battle\n|rule|Species Clause: Limit one of each Pok\u00e9mon\n|rule|OHKO Clause: OHKO moves are banned\n|rule|Evasion Moves Clause: Evasion moves are banned\n|rule|Gravity Sleep Clause: The combination of sleep-inducing moves with imperfect accuracy and Gravity or Gigantamax Orbeetle are banned\n|rule|Endless Battle Clause: Forcing endless battles is banned\n|rule|HP Percentage Mod: HP is shown in percentages\n|rule|Camomons Mod: Pok\u00e9mon have their types set to match their first two moves.\n|clearpoke\n|poke|p1|Tornadus, M|\n|poke|p1|Iron Hands|\n|poke|p1|Rillaboom, M|\n|poke|p1|Flutter Mane|\n|poke|p1|Ogerpon-Hearthflame, F|\n|poke|p1|Heatran, F|\n|poke|p2|Diancie|\n|poke|p2|Cresselia, F|\n|poke|p2|Regidrago|\n|poke|p2|Volcanion|\n|poke|p2|Iron Hands|\n|poke|p2|Ursaluna-Bloodmoon, M|\n|teampreview\n|j|*Lady Monita \u263d\n|inactive|Dregone also wants the timer to be on.\n|j| AshKetchumsPikachu\n|c|\u2606Dregone|glhf\n|c|\u2606rektcom|u2\n|\n|t:|1697699592\n|start\n|switch|p1a: Rillaboom|Rillaboom, M|100\/100\n|switch|p1b: Tornadus|Tornadus, M|100\/100\n|switch|p2a: Volcanion|Volcanion|100\/100\n|switch|p2b: Iron Hands|Iron Hands|100\/100\n|-start|p1b: Tornadus|typechange|Flying|[silent]\n|-start|p1a: Rillaboom|typechange|Normal\/Grass|[silent]\n|-fieldstart|move: Grassy Terrain|[from] ability: Grassy Surge|[of] p1a: Rillaboom\n|-start|p2a: Volcanion|typechange|Ground\/Fire|[silent]\n|-start|p2b: Iron Hands|typechange|Electric\/Fighting|[silent]\n|-start|p1a: Rillaboom|typechange|Normal\/Grass|[silent]\n|-start|p2a: Volcanion|typechange|Ground\/Fire|[silent]\n|-start|p2b: Iron Hands|typechange|Electric\/Fighting|[silent]\n|turn|1\n|j| IamnotIsak369\n|c| AshKetchumsPikachu|oh shi-\n|\n|t:|1697699611\n|move|p1a: Rillaboom|Fake Out|p2b: Iron Hands\n|-damage|p2b: Iron Hands|86\/100\n|move|p1b: Tornadus|Tailwind|p1b: Tornadus\n|-sidestart|p1: Dregone|move: Tailwind\n|move|p2a: Volcanion|Heat Wave|p1b: Tornadus|[spread] p1a,p1b\n|-supereffective|p1a: Rillaboom\n|-damage|p1a: Rillaboom|33\/100\n|-damage|p1b: Tornadus|57\/100\n|cant|p2b: Iron Hands|flinch\n|\n|-heal|p1a: Rillaboom|39\/100|[from] Grassy Terrain\n|-heal|p2b: Iron Hands|92\/100|[from] Grassy Terrain\n|upkeep\n|turn|2\n|c| AshKetchumsPikachu|damn volcanion actually good typing\n|c| AshKetchumsPikachu|water absorb removes the 4x weakness and only has a ground 2x\n|\n|t:|1697699638\n|move|p1b: Tornadus|Bleakwind Storm|p2a: Volcanion|[spread] p2b\n|-miss|p1b: Tornadus|p2a: Volcanion\n|-crit|p2b: Iron Hands\n|-damage|p2b: Iron Hands|67\/100\n|-unboost|p2b: Iron Hands|spe|1\n|move|p1a: Rillaboom|U-turn|p2b: Iron Hands\n|-resisted|p2b: Iron Hands\n|-damage|p2b: Iron Hands|57\/100\n|\n|t:|1697699650\n|switch|p1a: Heatran|Heatran, F|100\/100|[from] U-turn\n|-start|p1a: Heatran|typechange|Fire\/Steel|[silent]\n|move|p2a: Volcanion|Steam Eruption|p1a: Heatran\n|-supereffective|p1a: Heatran\n|-damage|p1a: Heatran|50\/100\n|move|p2b: Iron Hands|Wild Charge|p1b: Tornadus\n|-supereffective|p1b: Tornadus\n|-damage|p1b: Tornadus|0 fnt\n|faint|p1b: Tornadus\n|-damage|p2b: Iron Hands|46\/100|[from] Recoil\n|\n|-heal|p1a: Heatran|57\/100|[from] Grassy Terrain\n|-heal|p2b: Iron Hands|52\/100|[from] Grassy Terrain\n|upkeep\n|c| AshKetchumsPikachu|tornadus shouldve used sunny day ngl\n|inactive|Dregone has 120 seconds left.\n|\n|t:|1697699669\n|switch|p1b: Flutter Mane|Flutter Mane|100\/100\n|-start|p1b: Flutter Mane|typechange|Fairy|[silent]\n|-start|p1b: Flutter Mane|typechange|Fairy|[silent]\n|turn|3\n|\n|t:|1697699686\n|-terastallize|p2b: Iron Hands|Fire\n|move|p1b: Flutter Mane|Moonblast|p2b: Iron Hands\n|-resisted|p2b: Iron Hands\n|-damage|p2b: Iron Hands|33\/100\n|move|p1a: Heatran|Earth Power|p2a: Volcanion\n|-supereffective|p2a: Volcanion\n|-damage|p2a: Volcanion|57\/100\n|move|p2a: Volcanion|Heavy Slam|p1b: Flutter Mane\n|-supereffective|p1b: Flutter Mane\n|-damage|p1b: Flutter Mane|0 fnt\n|faint|p1b: Flutter Mane\n|-end|p1b: Flutter Mane|Protosynthesis|[silent]\n|move|p2b: Iron Hands|Drain Punch|p1a: Heatran\n|-supereffective|p1a: Heatran\n|-damage|p1a: Heatran|0 fnt\n|-heal|p2b: Iron Hands|55\/100|[from] drain|[of] p1a: Heatran\n|faint|p1a: Heatran\n|\n|-heal|p2a: Volcanion|63\/100|[from] Grassy Terrain\n|-heal|p2b: Iron Hands|61\/100|[from] Grassy Terrain\n|upkeep\n|inactive|Dregone has 120 seconds left.\n|\n|t:|1697699707\n|switch|p1b: Iron Hands|Iron Hands|100\/100\n|switch|p1a: Ogerpon|Ogerpon-Hearthflame, F|100\/100\n|-start|p1a: Ogerpon|typechange|Grass\/Normal|[silent]\n|-ability|p1a: Ogerpon|Mold Breaker\n|-start|p1b: Iron Hands|typechange|Normal\/Fighting|[silent]\n|-start|p1a: Ogerpon|typechange|Grass\/Normal|[silent]\n|-start|p1b: Iron Hands|typechange|Normal\/Fighting|[silent]\n|turn|4\n|inactive|Dregone has 120 seconds left.\n|\n|t:|1697699748\n|move|p1a: Ogerpon|Substitute|p1a: Ogerpon\n|-start|p1a: Ogerpon|Substitute\n|-damage|p1a: Ogerpon|76\/100\n|move|p1b: Iron Hands|Swords Dance|p1b: Iron Hands\n|-boost|p1b: Iron Hands|atk|2\n|move|p2a: Volcanion|Heat Wave|p1a: Ogerpon|[spread] p1b\n|-miss|p2a: Volcanion|p1a: Ogerpon\n|-damage|p1b: Iron Hands|72\/100\n|-status|p1b: Iron Hands|brn\n|move|p2b: Iron Hands|Drain Punch|p1a: Ogerpon\n|-supereffective|p1a: Ogerpon\n|-end|p1a: Ogerpon|Substitute\n|-heal|p2b: Iron Hands|70\/100|[from] drain|[of] p1a: Ogerpon\n|\n|-heal|p1a: Ogerpon|82\/100|[from] Grassy Terrain\n|-heal|p1b: Iron Hands|78\/100 brn|[from] Grassy Terrain\n|-heal|p2a: Volcanion|69\/100|[from] Grassy Terrain\n|-heal|p2b: Iron Hands|76\/100|[from] Grassy Terrain\n|-damage|p1b: Iron Hands|72\/100 brn|[from] brn\n|-sideend|p1: Dregone|move: Tailwind\n|upkeep\n|turn|5\n|c|\u2606Dregone|oh\n|c|\u2606Dregone|thats unfortunate\n|c| AshKetchumsPikachu|damn\n|inactive|Dregone has 90 seconds left.\n|\n|t:|1697699788\n|-terastallize|p1a: Ogerpon|Fire\n|detailschange|p1a: Ogerpon|Ogerpon-Hearthflame-Tera, F, tera:Fire\n|-ability|p1a: Ogerpon|Embody Aspect (Hearthflame)|boost\n|-boost|p1a: Ogerpon|atk|1\n|move|p1a: Ogerpon|Ivy Cudgel|p2a: Volcanion\n|-resisted|p2a: Volcanion\n|-damage|p2a: Volcanion|33\/100\n|move|p1b: Iron Hands|Drain Punch|p2a: Volcanion\n|-damage|p2a: Volcanion|3\/100\n|-heal|p1b: Iron Hands|84\/100 brn|[from] drain|[of] p2a: Volcanion\n|move|p2a: Volcanion|Heat Wave|p1a: Ogerpon|[spread] p1a,p1b\n|-resisted|p1a: Ogerpon\n|-damage|p1a: Ogerpon|58\/100\n|-damage|p1b: Iron Hands|54\/100 brn\n|move|p2b: Iron Hands|Drain Punch|p1a: Ogerpon\n|-damage|p1a: Ogerpon|2\/100\n|-heal|p2b: Iron Hands|95\/100|[from] drain|[of] p1a: Ogerpon\n|\n|-heal|p1a: Ogerpon|8\/100|[from] Grassy Terrain\n|-heal|p1b: Iron Hands|60\/100 brn|[from] Grassy Terrain\n|-heal|p2a: Volcanion|9\/100|[from] Grassy Terrain\n|-heal|p2b: Iron Hands|100\/100|[from] Grassy Terrain\n|-damage|p1b: Iron Hands|54\/100 brn|[from] brn\n|-fieldend|move: Grassy Terrain\n|upkeep\n|turn|6\n|c| AshKetchumsPikachu|rip\n|inactive|Dregone has 90 seconds left.\n|inactive|rektcom has 120 seconds left.\n|c| AshKetchumsPikachu|to be fair tho diancie diamond storm killed half ur team\n|\n|t:|1697699825\n|move|p1a: Ogerpon|Spiky Shield|p1a: Ogerpon\n|-singleturn|p1a: Ogerpon|move: Protect\n|move|p1b: Iron Hands|Drain Punch|p2a: Volcanion\n|-crit|p2a: Volcanion\n|-damage|p2a: Volcanion|0 fnt\n|-heal|p1b: Iron Hands|58\/100 brn|[from] drain|[of] p2a: Volcanion\n|faint|p2a: Volcanion\n|move|p2b: Iron Hands|Drain Punch|p1a: Ogerpon\n|-activate|p1a: Ogerpon|move: Protect\n|-damage|p2b: Iron Hands|88\/100|[from] Spiky Shield|[of] p1a: Ogerpon\n|\n|-damage|p1b: Iron Hands|51\/100 brn|[from] brn\n|upkeep\n|c| AshKetchumsPikachu|instantly\n|inactive|rektcom has 120 seconds left.\n|\n|t:|1697699835\n|switch|p2a: Cresselia|Cresselia, F, shiny|100\/100\n|-start|p2a: Cresselia|typechange|Psychic\/Fairy|[silent]\n|-start|p2a: Cresselia|typechange|Psychic\/Fairy|[silent]\n|turn|7\n|inactive|Dregone has 90 seconds left.\n|\n|t:|1697699853\n|move|p1a: Ogerpon|Ivy Cudgel|p2a: Cresselia\n|-damage|p2a: Cresselia|48\/100\n|move|p1b: Iron Hands|Drain Punch|p2b: Iron Hands\n|-damage|p2b: Iron Hands|62\/100\n|-heal|p1b: Iron Hands|65\/100 brn|[from] drain|[of] p2b: Iron Hands\n|move|p2b: Iron Hands|Drain Punch|p1a: Ogerpon\n|-damage|p1a: Ogerpon|0 fnt\n|-heal|p2b: Iron Hands|65\/100|[from] drain|[of] p1a: Ogerpon\n|faint|p1a: Ogerpon\n|move|p2a: Cresselia|Trick Room|p2a: Cresselia\n|-fieldstart|move: Trick Room|[of] p2a: Cresselia\n|\n|-damage|p1b: Iron Hands|58\/100 brn|[from] brn\n|upkeep\n|\n|t:|1697699858\n|switch|p1a: Rillaboom|Rillaboom, M|39\/100\n|-start|p1a: Rillaboom|typechange|Normal\/Grass|[silent]\n|-fieldstart|move: Grassy Terrain|[from] ability: Grassy Surge|[of] p1a: Rillaboom\n|-start|p1a: Rillaboom|typechange|Normal\/Grass|[silent]\n|turn|8\n|c| AshKetchumsPikachu|rip the game's over\n|\n|t:|1697699877\n|move|p1a: Rillaboom|Fake Out|p2b: Iron Hands\n|-damage|p2b: Iron Hands|50\/100\n|cant|p2b: Iron Hands|flinch\n|move|p2a: Cresselia|Lunar Blessing|p2a: Cresselia|[spread] p2a,p2b\n|-heal|p2a: Cresselia|73\/100\n|-heal|p2b: Iron Hands|75\/100\n|move|p1b: Iron Hands|Drain Punch|p2b: Iron Hands\n|-damage|p2b: Iron Hands|48\/100\n|-heal|p1b: Iron Hands|72\/100 brn|[from] drain|[of] p2b: Iron Hands\n|\n|-heal|p2b: Iron Hands|55\/100|[from] Grassy Terrain\n|-heal|p1b: Iron Hands|78\/100 brn|[from] Grassy Terrain\n|-heal|p1a: Rillaboom|46\/100|[from] Grassy Terrain\n|-damage|p1b: Iron Hands|72\/100 brn|[from] brn\n|upkeep\n|turn|9\n|inactive|Dregone has 120 seconds left.\n|c| AshKetchumsPikachu|even if glide crit and kills cresselia\n|c| AshKetchumsPikachu|oh\n|c| AshKetchumsPikachu|rip\n|\n|t:|1697699897\n|move|p2b: Iron Hands|Drain Punch|p1a: Rillaboom\n|-supereffective|p1a: Rillaboom\n|-damage|p1a: Rillaboom|0 fnt\n|-heal|p2b: Iron Hands|74\/100|[from] drain|[of] p1a: Rillaboom\n|faint|p1a: Rillaboom\n|move|p2a: Cresselia|Lunar Blessing|p2a: Cresselia|[spread] p2a,p2b\n|-heal|p2a: Cresselia|98\/100\n|-heal|p2b: Iron Hands|99\/100\n|move|p1b: Iron Hands|Drain Punch|p2b: Iron Hands\n|-damage|p2b: Iron Hands|71\/100\n|-heal|p1b: Iron Hands|86\/100 brn|[from] drain|[of] p2b: Iron Hands\n|\n|-heal|p2b: Iron Hands|78\/100|[from] Grassy Terrain\n|-heal|p1b: Iron Hands|93\/100 brn|[from] Grassy Terrain\n|-damage|p1b: Iron Hands|86\/100 brn|[from] brn\n|upkeep\n|-start|p1: Rillaboom|typechange|Normal\/Grass|[silent]\n|turn|10\n|c|\u2606Dregone|ggwp\n|-message|Dregone forfeited.\n|\n|win|rektcom\n|n|\u2606Dregone|dregone\n|n|\u2606rektcom|rektcom\n|n|*Lady Monita \u263d|ladymonita\n|n| AshKetchumsPikachu|ashketchumspikachu\n|n| IamnotIsak369|iamnotisak369\n","uploadtime":1697699911,"views":22,"p1id":"dregone","p2id":"rektcom","formatid":"gen9doublesou","rating":0,"private":0,"password":""}