{"id":"gen9doublesou-1993718842","p1":"My cat named maceo","p2":"RekeJG","format":"[Gen 9] Doubles OU","log":"|j|\u2606My cat named maceo\n|j|\u2606RekeJG\n|t:|1700349146\n|gametype|doubles\n|player|p1|My cat named maceo|steven|1093\n|player|p2|RekeJG|veteran|1070\n|teamsize|p1|6\n|teamsize|p2|6\n|gen|9\n|tier|[Gen 9] Doubles OU\n|rated|\n|rule|Species Clause: Limit one of each Pok\u00e9mon\n|rule|OHKO Clause: OHKO moves are banned\n|rule|Evasion Moves Clause: Evasion moves are banned\n|rule|Gravity Sleep Clause: The combination of sleep-inducing moves with imperfect accuracy and Gravity or Gigantamax Orbeetle are banned\n|rule|Endless Battle Clause: Forcing endless battles is banned\n|rule|HP Percentage Mod: HP is shown in percentages\n|clearpoke\n|poke|p1|Iron Hands|\n|poke|p1|Arcanine-Hisui, M|\n|poke|p1|Ogerpon, F|\n|poke|p1|Sneasler, M|\n|poke|p1|Chesnaught, M|\n|poke|p1|Chi-Yu|\n|poke|p2|Toxapex, M|\n|poke|p2|Ting-Lu|\n|poke|p2|Dragapult, M|\n|poke|p2|Rotom-Heat|\n|poke|p2|Ninetales-Alola, M|\n|poke|p2|Corviknight, M|\n|teampreview\n|inactive|Battle timer is ON: inactive players will automatically lose when time's up. (requested by RekeJG)\n|\n|t:|1700349152\n|start\n|switch|p1a: Sneasler|Sneasler, M|100\/100\n|switch|p1b: Chesnaught|Chesnaught, M, shiny|100\/100\n|switch|p2a: Ninetales|Ninetales-Alola, M, shiny|100\/100\n|switch|p2b: Corviknight|Corviknight, M, shiny|100\/100\n|-weather|Snow|[from] ability: Snow Warning|[of] p2a: Ninetales\n|turn|1\n|\n|t:|1700349170\n|move|p1a: Sneasler|Fake Out|p2b: Corviknight\n|-enditem|p1a: Sneasler|Normal Gem|[from] gem\n|-resisted|p2b: Corviknight\n|-damage|p2b: Corviknight|93\/100\n|move|p2a: Ninetales|Aurora Veil|p2a: Ninetales\n|-sidestart|p2: RekeJG|move: Aurora Veil\n|cant|p2b: Corviknight|flinch\n|move|p1b: Chesnaught|Iron Defense|p1b: Chesnaught\n|-boost|p1b: Chesnaught|def|2\n|\n|-weather|Snow|[upkeep]\n|-heal|p2b: Corviknight|99\/100|[from] item: Leftovers\n|upkeep\n|turn|2\n|\n|t:|1700349197\n|move|p1a: Sneasler|Acrobatics|p2b: Corviknight\n|-resisted|p2b: Corviknight\n|-damage|p2b: Corviknight|89\/100\n|move|p2a: Ninetales|Blizzard|p1a: Sneasler|[spread] p1a,p1b\n|-supereffective|p1b: Chesnaught\n|-damage|p1a: Sneasler|57\/100\n|-damage|p1b: Chesnaught|52\/100\n|move|p2b: Corviknight|Brave Bird|p1a: Sneasler\n|-supereffective|p1a: Sneasler\n|-damage|p1a: Sneasler|0 fnt\n|faint|p1a: Sneasler\n|-damage|p2b: Corviknight|73\/100|[from] Recoil\n|move|p1b: Chesnaught|Leech Seed|p2a: Ninetales\n|-start|p2a: Ninetales|move: Leech Seed\n|\n|-weather|Snow|[upkeep]\n|-heal|p2b: Corviknight|79\/100|[from] item: Leftovers\n|-heal|p1b: Chesnaught|58\/100|[from] item: Leftovers\n|-damage|p2a: Ninetales|88\/100|[from] Leech Seed|[of] p1b: Chesnaught\n|-heal|p1b: Chesnaught|67\/100|[silent]\n|upkeep\n|\n|t:|1700349204\n|switch|p1a: Brian hands|Iron Hands|100\/100\n|turn|3\n|inactive|RekeJG has 120 seconds left.\n|\n|t:|1700349236\n|switch|p2a: Ting-Lu|Ting-Lu|100\/100\n|-ability|p2a: Ting-Lu|Vessel of Ruin\n|move|p1a: Brian hands|Fake Out|p2b: Corviknight\n|-resisted|p2b: Corviknight\n|-damage|p2b: Corviknight|76\/100\n|cant|p2b: Corviknight|flinch\n|move|p1b: Chesnaught|Iron Defense|p1b: Chesnaught\n|-boost|p1b: Chesnaught|def|2\n|\n|-weather|Snow|[upkeep]\n|-heal|p2b: Corviknight|82\/100|[from] item: Leftovers\n|-heal|p1b: Chesnaught|73\/100|[from] item: Leftovers\n|upkeep\n|turn|4\n|inactive|RekeJG has 120 seconds left.\n|\n|t:|1700349269\n|move|p2b: Corviknight|Brave Bird|p1b: Chesnaught\n|-supereffective|p1b: Chesnaught\n|-damage|p1b: Chesnaught|32\/100\n|-damage|p2b: Corviknight|67\/100|[from] Recoil\n|move|p1b: Chesnaught|Body Press|p2a: Ting-Lu\n|-supereffective|p2a: Ting-Lu\n|-damage|p2a: Ting-Lu|39\/100\n|move|p1a: Brian hands|Wild Charge|p2b: Corviknight\n|-supereffective|p2b: Corviknight\n|-damage|p2b: Corviknight|30\/100\n|-damage|p1a: Brian hands|94\/100|[from] Recoil\n|move|p2a: Ting-Lu|Earthquake|p1a: Brian hands|[spread] p1a,p1b\n|-immune|p2b: Corviknight\n|-supereffective|p1a: Brian hands\n|-resisted|p1b: Chesnaught\n|-damage|p1a: Brian hands|48\/100\n|-damage|p1b: Chesnaught|28\/100\n|\n|-weather|Snow|[upkeep]\n|-heal|p2b: Corviknight|36\/100|[from] item: Leftovers\n|-heal|p1b: Chesnaught|34\/100|[from] item: Leftovers\n|upkeep\n|turn|5\n|inactive|RekeJG has 120 seconds left.\n|\n|t:|1700349300\n|move|p1b: Chesnaught|Protect|p1b: Chesnaught\n|-singleturn|p1b: Chesnaught|Protect\n|move|p2b: Corviknight|Roost|p2b: Corviknight\n|-heal|p2b: Corviknight|86\/100\n|-singleturn|p2b: Corviknight|move: Roost\n|move|p1a: Brian hands|Wild Charge|p2b: Corviknight\n|-damage|p2b: Corviknight|67\/100\n|-damage|p1a: Brian hands|44\/100|[from] Recoil\n|move|p2a: Ting-Lu|Earthquake|p1a: Brian hands|[spread] p2b,p1a\n|-activate|p1b: Chesnaught|move: Protect\n|-supereffective|p2b: Corviknight\n|-supereffective|p1a: Brian hands\n|-damage|p2b: Corviknight|34\/100\n|-damage|p1a: Brian hands|0 fnt\n|faint|p1a: Brian hands\n|-end|p1a: Brian hands|Quark Drive|[silent]\n|\n|-weather|none\n|-heal|p2b: Corviknight|40\/100|[from] item: Leftovers\n|-heal|p1b: Chesnaught|40\/100|[from] item: Leftovers\n|upkeep\n|\n|t:|1700349318\n|switch|p1a: Ogerpon|Ogerpon, F|100\/100\n|turn|6\n|\n|t:|1700349334\n|move|p1a: Ogerpon|Swords Dance|p1a: Ogerpon\n|-boost|p1a: Ogerpon|atk|2\n|move|p2b: Corviknight|Roost|p2b: Corviknight\n|-heal|p2b: Corviknight|90\/100\n|-singleturn|p2b: Corviknight|move: Roost\n|move|p1b: Chesnaught|Body Press|p2a: Ting-Lu\n|-supereffective|p2a: Ting-Lu\n|-damage|p2a: Ting-Lu|0 fnt\n|faint|p2a: Ting-Lu\n|\n|-heal|p2b: Corviknight|96\/100|[from] item: Leftovers\n|-heal|p1b: Chesnaught|46\/100|[from] item: Leftovers\n|upkeep\n|inactive|RekeJG has 120 seconds left.\n|\n|t:|1700349352\n|switch|p2a: Dragapult|Dragapult, M|100\/100\n|turn|7\n|\n|t:|1700349371\n|move|p2a: Dragapult|Dragon Darts|p1a: Ogerpon\n|-damage|p1a: Ogerpon|59\/100\n|-anim|p2a: Dragapult|Dragon Darts|p1b: Chesnaught\n|-damage|p1b: Chesnaught|38\/100\n|-damage|p2a: Dragapult|91\/100|[from] item: Life Orb\n|move|p1a: Ogerpon|Ivy Cudgel|p2a: Dragapult\n|-resisted|p2a: Dragapult\n|-damage|p2a: Dragapult|44\/100\n|move|p2b: Corviknight|Brave Bird|p1b: Chesnaught\n|-supereffective|p1b: Chesnaught\n|-damage|p1b: Chesnaught|2\/100\n|-damage|p2b: Corviknight|83\/100|[from] Recoil\n|move|p1b: Chesnaught|Leech Seed|p2b: Corviknight\n|-start|p2b: Corviknight|move: Leech Seed\n|\n|-heal|p2b: Corviknight|89\/100|[from] item: Leftovers\n|-heal|p1b: Chesnaught|8\/100|[from] item: Leftovers\n|-damage|p2b: Corviknight|77\/100|[from] Leech Seed|[of] p1b: Chesnaught\n|-heal|p1b: Chesnaught|19\/100|[silent]\n|upkeep\n|turn|8\n|inactive|RekeJG has 120 seconds left.\n|\n|t:|1700349404\n|switch|p2b: Ninetales|Ninetales-Alola, M, shiny|88\/100\n|-weather|Snow|[from] ability: Snow Warning|[of] p2b: Ninetales\n|move|p1b: Chesnaught|Protect|p1b: Chesnaught\n|-singleturn|p1b: Chesnaught|Protect\n|move|p2a: Dragapult|Dragon Darts|p1a: Ogerpon\n|-damage|p1a: Ogerpon|19\/100\n|-anim|p2a: Dragapult|Dragon Darts|p1a: Ogerpon\n|-damage|p1a: Ogerpon|0 fnt\n|faint|p1a: Ogerpon\n|-damage|p2a: Dragapult|34\/100|[from] item: Life Orb\n|\n|-weather|Snow|[upkeep]\n|-heal|p1b: Chesnaught|25\/100|[from] item: Leftovers\n|-sideend|p2: RekeJG|move: Aurora Veil\n|upkeep\n|\n|t:|1700349419\n|switch|p1a: Chi-Yu|Chi-Yu|100\/100\n|-ability|p1a: Chi-Yu|Beads of Ruin\n|turn|9\n|\n|t:|1700349434\n|move|p2a: Dragapult|Dragon Darts|p1a: Chi-Yu\n|-damage|p1a: Chi-Yu|46\/100\n|-anim|p2a: Dragapult|Dragon Darts|p1b: Chesnaught\n|-damage|p1b: Chesnaught|17\/100\n|-damage|p2a: Dragapult|24\/100|[from] item: Life Orb\n|move|p1a: Chi-Yu|Dark Pulse|p2a: Dragapult\n|-supereffective|p2a: Dragapult\n|-damage|p2a: Dragapult|0 fnt\n|faint|p2a: Dragapult\n|move|p2b: Ninetales|Aurora Veil|p2b: Ninetales\n|-sidestart|p2: RekeJG|move: Aurora Veil\n|move|p1b: Chesnaught|Iron Defense|p1b: Chesnaught\n|-boost|p1b: Chesnaught|def|2\n|\n|-weather|Snow|[upkeep]\n|-heal|p1b: Chesnaught|23\/100|[from] item: Leftovers\n|upkeep\n|inactive|RekeJG has 120 seconds left.\n|\n|t:|1700349461\n|switch|p2a: Rotom calor|Rotom-Heat|100\/100\n|turn|10\n|inactive|RekeJG has 120 seconds left.\n|\n|t:|1700349485\n|move|p1a: Chi-Yu|Dark Pulse|p2a: Rotom calor\n|-damage|p2a: Rotom calor|45\/100\n|move|p2b: Ninetales|Draining Kiss|p1a: Chi-Yu\n|-damage|p1a: Chi-Yu|26\/100\n|-heal|p2b: Ninetales|100\/100|[from] drain|[of] p1a: Chi-Yu\n|move|p2a: Rotom calor|Overheat|p1b: Chesnaught\n|-supereffective|p1b: Chesnaught\n|-damage|p1b: Chesnaught|0 fnt\n|-unboost|p2a: Rotom calor|spa|2\n|faint|p1b: Chesnaught\n|\n|-weather|Snow|[upkeep]\n|upkeep\n|\n|t:|1700349495\n|switch|p1b: Arcanine|Arcanine-Hisui, M|100\/100\n|turn|11\n|inactive|RekeJG has 120 seconds left.\n|\n|t:|1700349553\n|-terastallize|p1b: Arcanine|Normal\n|-terastallize|p2a: Rotom calor|Water\n|move|p1b: Arcanine|Extreme Speed|p2b: Ninetales\n|-damage|p2b: Ninetales|60\/100\n|move|p1a: Chi-Yu|Dark Pulse|p2a: Rotom calor\n|-damage|p2a: Rotom calor|0 fnt\n|faint|p2a: Rotom calor\n|move|p2b: Ninetales|Chilling Water|p1b: Arcanine\n|-damage|p1b: Arcanine|80\/100\n|-unboost|p1b: Arcanine|atk|1\n|\n|-weather|Snow|[upkeep]\n|upkeep\n|inactive|RekeJG has 90 seconds left.\n|\n|t:|1700349574\n|switch|p2a: Toxapex|Toxapex, M|100\/100\n|turn|12\n|inactive|RekeJG has 90 seconds left.\n|\n|t:|1700349596\n|move|p2a: Toxapex|Baneful Bunker|p2a: Toxapex\n|-singleturn|p2a: Toxapex|move: Protect\n|move|p1b: Arcanine|Extreme Speed|p2a: Toxapex\n|-activate|p2a: Toxapex|move: Protect\n|-status|p1b: Arcanine|psn\n|move|p1a: Chi-Yu|Dark Pulse|p2a: Toxapex\n|-activate|p2a: Toxapex|move: Protect\n|move|p2b: Ninetales|Draining Kiss|p1a: Chi-Yu\n|-damage|p1a: Chi-Yu|2\/100\n|-heal|p2b: Ninetales|75\/100|[from] drain|[of] p1a: Chi-Yu\n|\n|-weather|none\n|-damage|p1b: Arcanine|67\/100 psn|[from] psn\n|upkeep\n|turn|13\n|inactive|RekeJG has 90 seconds left.\n|\n|t:|1700349627\n|move|p1b: Arcanine|Extreme Speed|p2a: Toxapex\n|-damage|p2a: Toxapex|79\/100\n|move|p1a: Chi-Yu|Dark Pulse|p2a: Toxapex\n|-damage|p2a: Toxapex|32\/100\n|move|p2b: Ninetales|Draining Kiss|p1a: Chi-Yu\n|-damage|p1a: Chi-Yu|0 fnt\n|-heal|p2b: Ninetales|77\/100|[from] drain|[of] p1a: Chi-Yu\n|faint|p1a: Chi-Yu\n|cant|p2a: Toxapex|flinch\n|\n|-heal|p2a: Toxapex|38\/100|[from] item: Leftovers\n|-damage|p1b: Arcanine|55\/100 psn|[from] psn\n|upkeep\n|turn|14\n|-message|My cat named maceo forfeited.\n|\n|win|RekeJG\n|raw|My cat named maceo's rating: 1093 &rarr; <strong>1067<\/strong><br \/>(-26 for losing)\n|raw|RekeJG's rating: 1070 &rarr; <strong>1101<\/strong><br \/>(+31 for winning)\n|l|\u2606My cat named maceo\n","uploadtime":1700349650,"views":7,"p1id":"mycatnamedmaceo","p2id":"rekejg","formatid":"gen9doublesou","rating":1067,"private":0,"password":""}