{"id":"gen9doublesou-1973241009","p1":"mikeyuwu","p2":"Alobar","format":"[Gen 9] Doubles OU","log":"|j|\u2606mikeyuwu\n|j|\u2606Alobar\n|t:|1697943291\n|gametype|doubles\n|player|p1|mikeyuwu|psychic-gen4|1176\n|player|p2|Alobar|102|1265\n|teamsize|p1|6\n|teamsize|p2|6\n|gen|9\n|tier|[Gen 9] Doubles OU\n|rated|\n|rule|Species Clause: Limit one of each Pok\u00e9mon\n|rule|OHKO Clause: OHKO moves are banned\n|rule|Evasion Moves Clause: Evasion moves are banned\n|rule|Gravity Sleep Clause: The combination of sleep-inducing moves with imperfect accuracy and Gravity or Gigantamax Orbeetle are banned\n|rule|Endless Battle Clause: Forcing endless battles is banned\n|rule|HP Percentage Mod: HP is shown in percentages\n|clearpoke\n|poke|p1|Garchomp, M|\n|poke|p1|Tyranitar, F|\n|poke|p1|Vaporeon, F|\n|poke|p1|Toxicroak, M|\n|poke|p1|Pelipper, F|\n|poke|p1|Abomasnow, M|\n|poke|p2|Amoonguss, M|\n|poke|p2|Volcanion|\n|poke|p2|Ditto|\n|poke|p2|Dragapult, F|\n|poke|p2|Diancie|\n|poke|p2|Grimmsnarl, M|\n|teampreview\n|\n|t:|1697943303\n|start\n|switch|p1a: OTLHPM|Toxicroak, M|100\/100\n|switch|p1b: Harmacy|Vaporeon, F|100\/100\n|switch|p2a: Diancie|Diancie|100\/100\n|switch|p2b: Grimmsnarl|Grimmsnarl, M|100\/100\n|turn|1\n|inactive|Battle timer is ON: inactive players will automatically lose when time's up. (requested by mikeyuwu)\n|\n|t:|1697943347\n|move|p2b: Grimmsnarl|Fake Out|p1b: Harmacy\n|-damage|p1b: Harmacy|92\/100\n|move|p1a: OTLHPM|Poison Jab|p2a: Diancie\n|-damage|p2a: Diancie|67\/100\n|cant|p1b: Harmacy|flinch\n|move|p2a: Diancie|Stealth Rock|p1a: OTLHPM\n|-sidestart|p1: mikeyuwu|move: Stealth Rock\n|\n|-heal|p1b: Harmacy|98\/100|[from] item: Leftovers\n|upkeep\n|turn|2\n|\n|t:|1697943358\n|switch|p1a: Weather War|Pelipper, F|100\/100\n|-weather|RainDance|[from] ability: Drizzle|[of] p1a: Weather War\n|switch|p2a: Amoonguss|Amoonguss, M|100\/100\n|move|p2b: Grimmsnarl|Reflect|p2b: Grimmsnarl\n|-sidestart|p2: Alobar|Reflect\n|move|p1b: Harmacy|Weather Ball|p2a: Amoonguss\n|-resisted|p2a: Amoonguss\n|-damage|p2a: Amoonguss|76\/100\n|\n|-weather|RainDance|[upkeep]\n|-heal|p1b: Harmacy|100\/100|[from] item: Leftovers\n|-heal|p2a: Amoonguss|82\/100|[from] item: Black Sludge\n|upkeep\n|turn|3\n|\n|t:|1697943374\n|move|p2b: Grimmsnarl|Light Screen|p2b: Grimmsnarl\n|-sidestart|p2: Alobar|move: Light Screen\n|move|p1a: Weather War|Hurricane|p2a: Amoonguss\n|-supereffective|p2a: Amoonguss\n|-damage|p2a: Amoonguss|45\/100\n|-start|p2a: Amoonguss|confusion\n|move|p1b: Harmacy|Copycat|p1b: Harmacy\n|move|p1b: Harmacy|Hurricane|p2b: Grimmsnarl|[from]move: Copycat\n|-damage|p2b: Grimmsnarl|88\/100\n|-activate|p2a: Amoonguss|confusion\n|-damage|p2a: Amoonguss|39\/100|[from] confusion\n|\n|-weather|RainDance|[upkeep]\n|-heal|p2a: Amoonguss|45\/100|[from] item: Black Sludge\n|upkeep\n|turn|4\n|\n|t:|1697943397\n|move|p1a: Weather War|Hurricane|p2a: Amoonguss\n|-supereffective|p2a: Amoonguss\n|-damage|p2a: Amoonguss|5\/100\n|move|p1b: Harmacy|Copycat|p1b: Harmacy\n|move|p1b: Harmacy|Hurricane|p2a: Amoonguss|[from]move: Copycat\n|-supereffective|p2a: Amoonguss\n|-damage|p2a: Amoonguss|0 fnt\n|faint|p2a: Amoonguss\n|move|p2b: Grimmsnarl|Spirit Break|p1b: Harmacy\n|-damage|p1b: Harmacy|77\/100\n|-unboost|p1b: Harmacy|spa|1\n|\n|-weather|RainDance|[upkeep]\n|-heal|p1b: Harmacy|83\/100|[from] item: Leftovers\n|upkeep\n|\n|t:|1697943401\n|switch|p2a: Volcanion|Volcanion|100\/100\n|turn|5\n|\n|t:|1697943416\n|switch|p1a: ThcrThnSnkr|Tyranitar, F|100\/100\n|-damage|p1a: ThcrThnSnkr|88\/100|[from] Stealth Rock\n|-weather|Sandstorm|[from] ability: Sand Stream|[of] p1a: ThcrThnSnkr\n|move|p2a: Volcanion|Steam Eruption|p1b: Harmacy|[miss]\n|-miss|p2a: Volcanion|p1b: Harmacy\n|move|p1b: Harmacy|Wish|p1b: Harmacy\n|move|p2b: Grimmsnarl|Spirit Break|p1a: ThcrThnSnkr\n|-supereffective|p1a: ThcrThnSnkr\n|-damage|p1a: ThcrThnSnkr|34\/100\n|-unboost|p1a: ThcrThnSnkr|spa|1\n|\n|-weather|Sandstorm|[upkeep]\n|-damage|p2a: Volcanion|94\/100|[from] Sandstorm\n|-damage|p1b: Harmacy|77\/100|[from] Sandstorm\n|-damage|p2b: Grimmsnarl|81\/100|[from] Sandstorm\n|-heal|p1b: Harmacy|83\/100|[from] item: Leftovers\n|upkeep\n|turn|6\n|\n|t:|1697943435\n|switch|p1a: OTLHPM|Toxicroak, M|100\/100\n|-damage|p1a: OTLHPM|94\/100|[from] Stealth Rock\n|switch|p1b: Extra Spicy|Garchomp, M|100\/100\n|-damage|p1b: Extra Spicy|94\/100|[from] Stealth Rock\n|move|p2a: Volcanion|Steam Eruption|p1a: OTLHPM\n|-heal|p1a: OTLHPM|100\/100|[from] ability: Dry Skin|[of] p2a: Volcanion\n|move|p2b: Grimmsnarl|Spirit Break|p1b: Extra Spicy\n|-supereffective|p1b: Extra Spicy\n|-damage|p1b: Extra Spicy|55\/100\n|-unboost|p1b: Extra Spicy|spa|1\n|-damage|p2b: Grimmsnarl|69\/100|[from] ability: Rough Skin|[of] p1b: Extra Spicy\n|-damage|p2b: Grimmsnarl|53\/100|[from] item: Rocky Helmet|[of] p1b: Extra Spicy\n|\n|-weather|Sandstorm|[upkeep]\n|-damage|p1a: OTLHPM|94\/100|[from] Sandstorm\n|-damage|p2a: Volcanion|88\/100|[from] Sandstorm\n|-damage|p2b: Grimmsnarl|46\/100|[from] Sandstorm\n|-heal|p1b: Extra Spicy|100\/100|[from] move: Wish|[wisher] Harmacy\n|-heal|p1a: OTLHPM|100\/100|[from] item: Black Sludge\n|upkeep\n|turn|7\n|\n|t:|1697943454\n|switch|p2b: Diancie|Diancie|67\/100\n|move|p1b: Extra Spicy|Brick Break|p2a: Volcanion\n|-sideend|p2: Alobar|Reflect\n|-sideend|p2: Alobar|move: Light Screen\n|-damage|p2a: Volcanion|72\/100\n|move|p1a: OTLHPM|Poison Jab|p2b: Diancie\n|-damage|p2b: Diancie|37\/100\n|-status|p2b: Diancie|psn\n|move|p2a: Volcanion|Steam Eruption|p1b: Extra Spicy\n|-damage|p1b: Extra Spicy|13\/100\n|\n|-weather|Sandstorm|[upkeep]\n|-damage|p1a: OTLHPM|94\/100|[from] Sandstorm\n|-damage|p2a: Volcanion|66\/100|[from] Sandstorm\n|-heal|p1a: OTLHPM|100\/100|[from] item: Black Sludge\n|-damage|p2b: Diancie|25\/100 psn|[from] psn\n|upkeep\n|turn|8\n|\n|t:|1697943469\n|switch|p1b: Weather War|Pelipper, F|100\/100\n|-weather|RainDance|[from] ability: Drizzle|[of] p1b: Weather War\n|switch|p2a: Grimmsnarl|Grimmsnarl, M|46\/100\n|move|p1a: OTLHPM|Earthquake|p2b: Diancie|[spread] p2a,p2b\n|-immune|p1b: Weather War\n|-supereffective|p2b: Diancie\n|-damage|p2a: Grimmsnarl|16\/100\n|-damage|p2b: Diancie|0 fnt\n|faint|p2b: Diancie\n|\n|-weather|RainDance|[upkeep]\n|upkeep\n|\n|t:|1697943476\n|switch|p2b: Volcanion|Volcanion|66\/100\n|turn|9\n|\n|t:|1697943485\n|move|p2a: Grimmsnarl|Reflect|p2a: Grimmsnarl\n|-sidestart|p2: Alobar|Reflect\n|move|p1a: OTLHPM|Earthquake|p2b: Volcanion|[spread] p2a,p2b\n|-immune|p1b: Weather War\n|-supereffective|p2b: Volcanion\n|-damage|p2a: Grimmsnarl|0 fnt\n|-damage|p2b: Volcanion|41\/100\n|faint|p2a: Grimmsnarl\n|move|p2b: Volcanion|Steam Eruption|p1b: Weather War\n|-resisted|p1b: Weather War\n|-damage|p1b: Weather War|0 fnt\n|faint|p1b: Weather War\n|\n|-weather|RainDance|[upkeep]\n|upkeep\n|\n|t:|1697943498\n|switch|p1b: Harmacy|Vaporeon, F|83\/100\n|switch|p2a: Ditto|Ditto|100\/100\n|-transform|p2a: Ditto|p1b: Harmacy|[from] ability: Imposter\n|-damage|p1b: Harmacy|71\/100|[from] Stealth Rock\n|turn|10\n|\n|t:|1697943515\n|switch|p1a: Cold Shoulder|Abomasnow, M, shiny|100\/100\n|-damage|p1a: Cold Shoulder|76\/100|[from] Stealth Rock\n|-weather|Snow|[from] ability: Snow Warning|[of] p1a: Cold Shoulder\n|move|p2a: Ditto|Weather Ball|p1b: Harmacy\n|-resisted|p1b: Harmacy\n|-damage|p1b: Harmacy|62\/100\n|move|p2b: Volcanion|Steam Eruption|p1b: Harmacy|[miss]\n|-miss|p2b: Volcanion|p1b: Harmacy\n|move|p1b: Harmacy|Copycat|p1b: Harmacy\n|move|p1b: Harmacy|Steam Eruption|p2b: Volcanion|[from]move: Copycat\n|-heal|p2b: Volcanion|66\/100|[from] ability: Water Absorb|[of] p1b: Harmacy\n|\n|-weather|Snow|[upkeep]\n|-heal|p1b: Harmacy|68\/100|[from] item: Leftovers\n|upkeep\n|turn|11\n|\n|t:|1697943532\n|-terastallize|p1a: Cold Shoulder|Water\n|move|p2a: Ditto|Weather Ball|p1a: Cold Shoulder\n|-resisted|p1a: Cold Shoulder\n|-crit|p1a: Cold Shoulder\n|-damage|p1a: Cold Shoulder|53\/100\n|move|p2b: Volcanion|Steam Eruption|p1a: Cold Shoulder\n|-resisted|p1a: Cold Shoulder\n|-damage|p1a: Cold Shoulder|3\/100\n|move|p1a: Cold Shoulder|Giga Drain|p2a: Ditto\n|-supereffective|p2a: Ditto\n|-damage|p2a: Ditto|40\/100\n|-heal|p1a: Cold Shoulder|29\/100|[from] drain|[of] p2a: Ditto\n|move|p1b: Harmacy|Copycat|p1b: Harmacy\n|move|p1b: Harmacy|Giga Drain|p2b: Volcanion|[from]move: Copycat\n|-damage|p2b: Volcanion|47\/100\n|-heal|p1b: Harmacy|75\/100|[from] drain|[of] p2b: Volcanion\n|\n|-weather|Snow|[upkeep]\n|-heal|p1b: Harmacy|81\/100|[from] item: Leftovers\n|upkeep\n|turn|12\n|\n|t:|1697943550\n|switch|p1a: ThcrThnSnkr|Tyranitar, F|34\/100\n|-damage|p1a: ThcrThnSnkr|22\/100|[from] Stealth Rock\n|-weather|Sandstorm|[from] ability: Sand Stream|[of] p1a: ThcrThnSnkr\n|move|p2a: Ditto|Weather Ball|p2b: Volcanion\n|-supereffective|p2b: Volcanion\n|-damage|p2b: Volcanion|0 fnt\n|faint|p2b: Volcanion\n|move|p1b: Harmacy|Weather Ball|p2a: Ditto\n|-damage|p2a: Ditto|8\/100\n|\n|-weather|Sandstorm|[upkeep]\n|-damage|p2a: Ditto|2\/100|[from] Sandstorm\n|-damage|p1b: Harmacy|75\/100|[from] Sandstorm\n|-heal|p1b: Harmacy|81\/100|[from] item: Leftovers\n|upkeep\n|\n|t:|1697943554\n|switch|p2b: Dragapult|Dragapult, F|100\/100\n|turn|13\n|c|\u2606mikeyuwu|Rip\n|\n|t:|1697943570\n|switch|p1a: Extra Spicy|Garchomp, M|13\/100\n|-damage|p1a: Extra Spicy|7\/100|[from] Stealth Rock\n|move|p2b: Dragapult|Dragon Dance|p2b: Dragapult\n|-boost|p2b: Dragapult|atk|1\n|-boost|p2b: Dragapult|spe|1\n|move|p2a: Ditto|Weather Ball|p1b: Harmacy\n|-damage|p1b: Harmacy|61\/100\n|move|p1b: Harmacy|Wish|p1b: Harmacy\n|\n|-weather|Sandstorm|[upkeep]\n|-damage|p2b: Dragapult|95\/100|[from] Sandstorm\n|-damage|p2a: Ditto|0 fnt|[from] Sandstorm\n|-damage|p1b: Harmacy|55\/100|[from] Sandstorm\n|faint|p2a: Ditto\n|-heal|p1b: Harmacy|61\/100|[from] item: Leftovers\n|upkeep\n|turn|14\n|\n|t:|1697943581\n|move|p2b: Dragapult|Dragon Darts|p1a: Extra Spicy\n|-supereffective|p1a: Extra Spicy\n|-damage|p1a: Extra Spicy|0 fnt\n|-anim|p2b: Dragapult|Dragon Darts|p1b: Harmacy\n|-damage|p1b: Harmacy|33\/100\n|faint|p1a: Extra Spicy\n|move|p1b: Harmacy|Icy Wind|p2b: Dragapult\n|-supereffective|p2b: Dragapult\n|-damage|p2b: Dragapult|59\/100\n|\n|-weather|Sandstorm|[upkeep]\n|-damage|p2b: Dragapult|53\/100|[from] Sandstorm\n|-damage|p1b: Harmacy|27\/100|[from] Sandstorm\n|-heal|p1b: Harmacy|77\/100|[from] move: Wish|[wisher] Harmacy\n|-heal|p1b: Harmacy|83\/100|[from] item: Leftovers\n|upkeep\n|\n|t:|1697943590\n|switch|p1a: Cold Shoulder|Abomasnow, M, shiny, tera:Water|29\/100\n|-damage|p1a: Cold Shoulder|16\/100|[from] Stealth Rock\n|-weather|Snow|[from] ability: Snow Warning|[of] p1a: Cold Shoulder\n|turn|15\n|\n|t:|1697943599\n|move|p2b: Dragapult|Dragon Darts|p1a: Cold Shoulder\n|-damage|p1a: Cold Shoulder|0 fnt\n|-anim|p2b: Dragapult|Dragon Darts|p1b: Harmacy\n|-damage|p1b: Harmacy|52\/100\n|faint|p1a: Cold Shoulder\n|move|p1b: Harmacy|Weather Ball|p2b: Dragapult\n|-supereffective|p2b: Dragapult\n|-damage|p2b: Dragapult|0 fnt\n|faint|p2b: Dragapult\n|\n|win|mikeyuwu\n|raw|mikeyuwu's rating: 1176 &rarr; <strong>1207<\/strong><br \/>(+31 for winning)\n|raw|Alobar's rating: 1265 &rarr; <strong>1234<\/strong><br \/>(-31 for losing)\n|l|\u2606Alobar\n|c|\u2606mikeyuwu|Gg\n","uploadtime":1697943614,"views":20,"p1id":"mikeyuwu","p2id":"alobar","formatid":"gen9doublesou","rating":1207,"private":0,"password":""}