{"id":"gen9doublesou-1969629790","p1":"Sargenbob","p2":"JordiDaMaster","format":"[Gen 9] Doubles OU","log":"|j|\u2606Sargenbob\n|j|\u2606JordiDaMaster\n|t:|1697553255\n|gametype|doubles\n|player|p1|Sargenbob|red|1024\n|player|p2|JordiDaMaster|koga|1103\n|teamsize|p1|6\n|teamsize|p2|6\n|gen|9\n|tier|[Gen 9] Doubles OU\n|rated|\n|rule|Species Clause: Limit one of each Pok\u00e9mon\n|rule|OHKO Clause: OHKO moves are banned\n|rule|Evasion Moves Clause: Evasion moves are banned\n|rule|Gravity Sleep Clause: The combination of sleep-inducing moves with imperfect accuracy and Gravity or Gigantamax Orbeetle are banned\n|rule|Endless Battle Clause: Forcing endless battles is banned\n|rule|HP Percentage Mod: HP is shown in percentages\n|clearpoke\n|poke|p1|Oranguru, F|\n|poke|p1|Torkoal, F|\n|poke|p1|Amoonguss, M|\n|poke|p1|Garganacl, F|\n|poke|p1|Toxapex, M|\n|poke|p1|Gothitelle, F|\n|poke|p2|Chien-Pao|\n|poke|p2|Gholdengo|\n|poke|p2|Tyranitar, M|\n|poke|p2|Quaquaval, F|\n|poke|p2|Amoonguss, M|\n|poke|p2|Iron Treads|\n|teampreview\n|inactive|Battle timer is ON: inactive players will automatically lose when time's up. (requested by Sargenbob)\n|\n|t:|1697553280\n|start\n|switch|p1a: Donkey Kong|Oranguru, F, shiny|100\/100\n|switch|p1b: Stronghold|Garganacl, F|100\/100\n|switch|p2a: Iron Treads|Iron Treads|100\/100\n|switch|p2b: Gholdengo|Gholdengo|100\/100\n|turn|1\n|\n|t:|1697553296\n|move|p2a: Iron Treads|Stealth Rock|p1a: Donkey Kong\n|-sidestart|p1: Sargenbob|move: Stealth Rock\n|move|p2b: Gholdengo|Nasty Plot|p2b: Gholdengo\n|-boost|p2b: Gholdengo|spa|2\n|move|p1b: Stronghold|Salt Cure|p2b: Gholdengo\n|-resisted|p2b: Gholdengo\n|-damage|p2b: Gholdengo|94\/100\n|-start|p2b: Gholdengo|Salt Cure\n|move|p1a: Donkey Kong|Trick Room|p1a: Donkey Kong\n|-fieldstart|move: Trick Room|[of] p1a: Donkey Kong\n|\n|-heal|p2b: Gholdengo|99\/100|[from] item: Leftovers\n|-damage|p2b: Gholdengo|75\/100|[from] Salt Cure\n|upkeep\n|turn|2\n|\n|t:|1697553320\n|move|p1a: Donkey Kong|Protect|p1a: Donkey Kong\n|-singleturn|p1a: Donkey Kong|Protect\n|move|p1b: Stronghold|Salt Cure|p2a: Iron Treads\n|-resisted|p2a: Iron Treads\n|-damage|p2a: Iron Treads|99\/100\n|-start|p2a: Iron Treads|Salt Cure\n|move|p2b: Gholdengo|Shadow Ball|p1a: Donkey Kong\n|-activate|p1a: Donkey Kong|move: Protect\n|move|p2a: Iron Treads|Heavy Slam|p1b: Stronghold\n|-supereffective|p1b: Stronghold\n|-damage|p1b: Stronghold|84\/100\n|\n|-heal|p1b: Stronghold|90\/100|[from] item: Leftovers\n|-heal|p2b: Gholdengo|81\/100|[from] item: Leftovers\n|-heal|p2a: Iron Treads|100\/100|[from] item: Leftovers\n|-damage|p2b: Gholdengo|57\/100|[from] Salt Cure\n|-damage|p2a: Iron Treads|75\/100|[from] Salt Cure\n|upkeep\n|turn|3\n|\n|t:|1697553340\n|move|p1b: Stronghold|Iron Defense|p1b: Stronghold\n|-boost|p1b: Stronghold|def|2\n|move|p1a: Donkey Kong|Instruct|p1b: Stronghold\n|-singleturn|p1b: Stronghold|move: Instruct|[of] p1a: Donkey Kong\n|move|p1b: Stronghold|Iron Defense|p1b: Stronghold\n|-boost|p1b: Stronghold|def|2\n|move|p2b: Gholdengo|Recover|p2b: Gholdengo\n|-heal|p2b: Gholdengo|100\/100\n|move|p2a: Iron Treads|Heavy Slam|p1a: Donkey Kong\n|-damage|p1a: Donkey Kong|73\/100\n|\n|-heal|p1b: Stronghold|96\/100|[from] item: Leftovers\n|-heal|p2a: Iron Treads|82\/100|[from] item: Leftovers\n|-damage|p2b: Gholdengo|76\/100|[from] Salt Cure\n|-damage|p2a: Iron Treads|57\/100|[from] Salt Cure\n|upkeep\n|turn|4\n|\n|t:|1697553363\n|move|p1b: Stronghold|Body Press|p2a: Iron Treads\n|-supereffective|p2a: Iron Treads\n|-damage|p2a: Iron Treads|0 fnt\n|faint|p2a: Iron Treads\n|-end|p2a: Iron Treads|Quark Drive|[silent]\n|move|p1a: Donkey Kong|Psychic|p2b: Gholdengo\n|-resisted|p2b: Gholdengo\n|-damage|p2b: Gholdengo|62\/100\n|-unboost|p2b: Gholdengo|spd|1\n|move|p2b: Gholdengo|Shadow Ball|p1a: Donkey Kong\n|-immune|p1a: Donkey Kong\n|\n|-heal|p1b: Stronghold|100\/100|[from] item: Leftovers\n|-heal|p2b: Gholdengo|68\/100|[from] item: Leftovers\n|-damage|p2b: Gholdengo|44\/100|[from] Salt Cure\n|upkeep\n|inactive|JordiDaMaster has 120 seconds left.\n|\n|t:|1697553379\n|switch|p2a: Amoonguss|Amoonguss, M|100\/100\n|turn|5\n|\n|t:|1697553391\n|move|p1a: Donkey Kong|Protect|p1a: Donkey Kong\n|-singleturn|p1a: Donkey Kong|Protect\n|move|p1b: Stronghold|Body Press|p2a: Amoonguss\n|-resisted|p2a: Amoonguss\n|-damage|p2a: Amoonguss|73\/100\n|move|p2a: Amoonguss|Toxic|p1a: Donkey Kong\n|-activate|p1a: Donkey Kong|move: Protect\n|move|p2b: Gholdengo|Recover|p2b: Gholdengo\n|-heal|p2b: Gholdengo|94\/100\n|\n|-heal|p2a: Amoonguss|80\/100|[from] item: Black Sludge\n|-heal|p2b: Gholdengo|99\/100|[from] item: Leftovers\n|-damage|p2b: Gholdengo|75\/100|[from] Salt Cure\n|-fieldend|move: Trick Room\n|upkeep\n|turn|6\n|\n|t:|1697553421\n|switch|p2b: Tyranitar|Tyranitar, M|100\/100\n|-weather|Sandstorm|[from] ability: Sand Stream|[of] p2b: Tyranitar\n|move|p2a: Amoonguss|Giga Drain|p1b: Stronghold\n|-supereffective|p1b: Stronghold\n|-damage|p1b: Stronghold|79\/100\n|-heal|p2a: Amoonguss|90\/100|[from] drain|[of] p1b: Stronghold\n|move|p1b: Stronghold|Salt Cure|p2a: Amoonguss\n|-damage|p2a: Amoonguss|80\/100\n|-start|p2a: Amoonguss|Salt Cure\n|move|p1a: Donkey Kong|Trick Room|p1a: Donkey Kong\n|-fieldstart|move: Trick Room|[of] p1a: Donkey Kong\n|\n|-weather|Sandstorm|[upkeep]\n|-damage|p2a: Amoonguss|74\/100|[from] Sandstorm\n|-damage|p1a: Donkey Kong|67\/100|[from] Sandstorm\n|-heal|p1b: Stronghold|85\/100|[from] item: Leftovers\n|-heal|p2a: Amoonguss|80\/100|[from] item: Black Sludge\n|-damage|p2a: Amoonguss|67\/100|[from] Salt Cure\n|upkeep\n|turn|7\n|\n|t:|1697553446\n|move|p1a: Donkey Kong|Protect|p1a: Donkey Kong\n|-singleturn|p1a: Donkey Kong|Protect\n|move|p1b: Stronghold|Body Press|p2b: Tyranitar\n|-supereffective|p2b: Tyranitar\n|-damage|p2b: Tyranitar|0 fnt\n|faint|p2b: Tyranitar\n|move|p2a: Amoonguss|Giga Drain|p1b: Stronghold\n|-supereffective|p1b: Stronghold\n|-damage|p1b: Stronghold|62\/100\n|-heal|p2a: Amoonguss|79\/100|[from] drain|[of] p1b: Stronghold\n|\n|-weather|Sandstorm|[upkeep]\n|-damage|p2a: Amoonguss|72\/100|[from] Sandstorm\n|-damage|p1a: Donkey Kong|60\/100|[from] Sandstorm\n|-heal|p1b: Stronghold|68\/100|[from] item: Leftovers\n|-heal|p2a: Amoonguss|79\/100|[from] item: Black Sludge\n|-damage|p2a: Amoonguss|66\/100|[from] Salt Cure\n|upkeep\n|inactive|JordiDaMaster has 120 seconds left.\n|\n|t:|1697553461\n|switch|p2b: Quaquaval|Quaquaval, F|100\/100\n|turn|8\n|\n|t:|1697553471\n|move|p1b: Stronghold|Body Press|p2a: Amoonguss\n|-resisted|p2a: Amoonguss\n|-damage|p2a: Amoonguss|37\/100\n|move|p2a: Amoonguss|Giga Drain|p1b: Stronghold\n|-supereffective|p1b: Stronghold\n|-damage|p1b: Stronghold|46\/100\n|-heal|p2a: Amoonguss|47\/100|[from] drain|[of] p1b: Stronghold\n|move|p1a: Donkey Kong|Psychic|p2b: Quaquaval\n|-supereffective|p2b: Quaquaval\n|-damage|p2b: Quaquaval|34\/100\n|move|p2b: Quaquaval|Aqua Step|p1b: Stronghold\n|-supereffective|p1b: Stronghold\n|-crit|p1b: Stronghold\n|-damage|p1b: Stronghold|0 fnt\n|-boost|p2b: Quaquaval|spe|1\n|faint|p1b: Stronghold\n|-ability|p2b: Quaquaval|Moxie|boost\n|-boost|p2b: Quaquaval|atk|1\n|\n|-weather|Sandstorm|[upkeep]\n|-damage|p2a: Amoonguss|41\/100|[from] Sandstorm\n|-damage|p1a: Donkey Kong|54\/100|[from] Sandstorm\n|-damage|p2b: Quaquaval|28\/100|[from] Sandstorm\n|-heal|p2a: Amoonguss|47\/100|[from] item: Black Sludge\n|-damage|p2a: Amoonguss|35\/100|[from] Salt Cure\n|upkeep\n|\n|t:|1697553484\n|switch|p1b: Rafael|Torkoal, F, shiny|100\/100\n|-damage|p1b: Rafael|76\/100|[from] Stealth Rock\n|-weather|SunnyDay|[from] ability: Drought|[of] p1b: Rafael\n|turn|9\n|\n|t:|1697553500\n|move|p1b: Rafael|Eruption|p2a: Amoonguss|[spread] p2a,p2b\n|-supereffective|p2a: Amoonguss\n|-resisted|p2b: Quaquaval\n|-damage|p2a: Amoonguss|0 fnt\n|-damage|p2b: Quaquaval|0 fnt\n|faint|p2a: Amoonguss\n|faint|p2b: Quaquaval\n|move|p1a: Donkey Kong|Psychic|p2: Amoonguss|[notarget]\n|-fail|p1a: Donkey Kong\n|\n|-weather|SunnyDay|[upkeep]\n|upkeep\n|\n|t:|1697553511\n|switch|p2a: Chien-Pao|Chien-Pao|100\/100\n|switch|p2b: Gholdengo|Gholdengo|75\/100\n|-ability|p2a: Chien-Pao|Sword of Ruin\n|turn|10\n|\n|t:|1697553528\n|move|p1a: Donkey Kong|Protect|p1a: Donkey Kong\n|-singleturn|p1a: Donkey Kong|Protect\n|move|p2a: Chien-Pao|Sucker Punch||[still]\n|-fail|p2a: Chien-Pao\n|move|p1b: Rafael|Eruption|p2b: Gholdengo|[spread] p2a,p2b\n|-supereffective|p2a: Chien-Pao\n|-supereffective|p2b: Gholdengo\n|-enditem|p2a: Chien-Pao|Focus Sash\n|-damage|p2a: Chien-Pao|1\/100\n|-damage|p2b: Gholdengo|0 fnt\n|faint|p2b: Gholdengo\n|\n|-weather|SunnyDay|[upkeep]\n|-fieldend|move: Trick Room\n|upkeep\n|turn|11\n|-message|JordiDaMaster forfeited.\n|\n|win|Sargenbob\n|raw|Sargenbob's rating: 1024 &rarr; <strong>1069<\/strong><br \/>(+45 for winning)\n|raw|JordiDaMaster's rating: 1103 &rarr; <strong>1072<\/strong><br \/>(-31 for losing)\n|l|\u2606JordiDaMaster\n","uploadtime":1697553551,"views":24,"p1id":"sargenbob","p2id":"jordidamaster","formatid":"gen9doublesou","rating":1069,"private":0,"password":""}