{"id":"gen9doublesou-1986623380","p1":"yuki6677","p2":"sadboigaming","format":"[Gen 9] Doubles OU","log":"|j|\u2606yuki6677\n|j|\u2606sadboigaming\n|t:|1699499115\n|gametype|doubles\n|player|p1|yuki6677|265|1041\n|player|p2|sadboigaming|unknown|1080\n|teamsize|p1|6\n|teamsize|p2|6\n|gen|9\n|tier|[Gen 9] Doubles OU\n|rated|\n|rule|Species Clause: Limit one of each Pok\u00e9mon\n|rule|OHKO Clause: OHKO moves are banned\n|rule|Evasion Moves Clause: Evasion moves are banned\n|rule|Gravity Sleep Clause: The combination of sleep-inducing moves with imperfect accuracy and Gravity or Gigantamax Orbeetle are banned\n|rule|Endless Battle Clause: Forcing endless battles is banned\n|rule|HP Percentage Mod: HP is shown in percentages\n|clearpoke\n|poke|p1|Amoonguss, F|\n|poke|p1|Meowscarada, F|\n|poke|p1|Tauros-Paldea-Blaze, M|\n|poke|p1|Palafin, F|\n|poke|p1|Maushold-Four|\n|poke|p1|Goodra-Hisui, F|\n|poke|p2|Great Tusk|\n|poke|p2|Torkoal, M|\n|poke|p2|Hoopa|\n|poke|p2|Thundurus, M|\n|poke|p2|Enamorus-Therian, F|\n|poke|p2|Regidrago|\n|teampreview\n|\n|t:|1699499128\n|start\n|switch|p1a: Goodra|Goodra-Hisui, F, shiny|100\/100\n|switch|p1b: Meowscarada|Meowscarada, F, shiny|100\/100\n|switch|p2a: Torkoal|Torkoal, M, shiny|100\/100\n|switch|p2b: Regidrago|Regidrago, shiny|100\/100\n|-weather|SunnyDay|[from] ability: Drought|[of] p2a: Torkoal\n|turn|1\n|\n|t:|1699499157\n|move|p1b: Meowscarada|Flower Trick|p1a: Goodra\n|-start|p1b: Meowscarada|typechange|Grass|[from] ability: Protean\n|-ability|p1a: Goodra|Sap Sipper|boost\n|-boost|p1a: Goodra|atk|1\n|move|p2b: Regidrago|Scale Shot|p1a: Goodra\n|-crit|p1a: Goodra\n|-damage|p1a: Goodra|82\/100\n|-damage|p1a: Goodra|71\/100\n|-damage|p1a: Goodra|59\/100\n|-damage|p1a: Goodra|47\/100\n|-damage|p1a: Goodra|36\/100\n|-hitcount|p1a: Goodra|5\n|-unboost|p2b: Regidrago|def|1\n|-boost|p2b: Regidrago|spe|1\n|move|p1a: Goodra|Acid Armor|p1a: Goodra\n|-boost|p1a: Goodra|def|2\n|move|p2a: Torkoal|Stealth Rock|p1a: Goodra\n|-sidestart|p1: yuki6677|move: Stealth Rock\n|\n|-weather|SunnyDay|[upkeep]\n|upkeep\n|turn|2\n|\n|t:|1699499197\n|-terastallize|p1a: Goodra|Steel\n|move|p2b: Regidrago|Scale Shot|p1a: Goodra|[miss]\n|-miss|p2b: Regidrago|p1a: Goodra\n|move|p1b: Meowscarada|Knock Off|p2b: Regidrago\n|-damage|p2b: Regidrago|53\/100\n|-enditem|p2b: Regidrago|Loaded Dice|[from] move: Knock Off|[of] p1b: Meowscarada\n|move|p1a: Goodra|Dragon Pulse|p2b: Regidrago\n|-supereffective|p2b: Regidrago\n|-damage|p2b: Regidrago|0 fnt\n|faint|p2b: Regidrago\n|move|p2a: Torkoal|Eruption|p1a: Goodra|[spread] p1a,p1b\n|-supereffective|p1a: Goodra\n|-supereffective|p1b: Meowscarada\n|-damage|p1a: Goodra|0 fnt\n|-damage|p1b: Meowscarada|0 fnt\n|faint|p1a: Goodra\n|faint|p1b: Meowscarada\n|\n|-weather|SunnyDay|[upkeep]\n|upkeep\n|\n|t:|1699499218\n|switch|p1b: Tauros|Tauros-Paldea-Blaze, M|100\/100\n|switch|p2b: Great Tusk|Great Tusk|100\/100\n|switch|p1a: Palafin|Palafin, F, shiny|100\/100\n|-damage|p1b: Tauros|88\/100|[from] Stealth Rock\n|-damage|p1a: Palafin|88\/100|[from] Stealth Rock\n|-activate|p2b: Great Tusk|ability: Protosynthesis\n|-start|p2b: Great Tusk|protosynthesisatk\n|turn|3\n|\n|t:|1699499244\n|-terastallize|p2a: Torkoal|Flying\n|move|p1b: Tauros|Stone Edge|p2a: Torkoal\n|-supereffective|p2a: Torkoal\n|-damage|p2a: Torkoal|71\/100\n|move|p1a: Palafin|Flip Turn|p2b: Great Tusk\n|-supereffective|p2b: Great Tusk\n|-damage|p2b: Great Tusk|82\/100\n|\n|t:|1699499254\n|detailschange|p1a: Palafin|Palafin-Hero, F, shiny\n|switch|p1a: Amoonguss|Amoonguss, F, shiny|100\/100|[from] Flip Turn\n|-damage|p1a: Amoonguss|88\/100|[from] Stealth Rock\n|move|p2b: Great Tusk|Earthquake|p1b: Tauros|[spread] p1a,p1b\n|-immune|p2a: Torkoal\n|-supereffective|p1b: Tauros\n|-damage|p1a: Amoonguss|45\/100\n|-damage|p1b: Tauros|0 fnt\n|faint|p1b: Tauros\n|move|p2a: Torkoal|Stomping Tantrum|p1a: Amoonguss\n|-damage|p1a: Amoonguss|32\/100\n|\n|-weather|SunnyDay|[upkeep]\n|upkeep\n|\n|t:|1699499268\n|switch|p1b: Palafin|Palafin-Hero, F, shiny|88\/100\n|-damage|p1b: Palafin|76\/100|[from] Stealth Rock\n|-activate|p1b: Palafin|ability: Zero to Hero\n|turn|4\n|\n|t:|1699499281\n|move|p1b: Palafin|Bulk Up|p1b: Palafin\n|-boost|p1b: Palafin|atk|1\n|-boost|p1b: Palafin|def|1\n|move|p2b: Great Tusk|Earthquake|p1a: Amoonguss|[spread] p1a,p1b\n|-immune|p2a: Torkoal\n|-damage|p1a: Amoonguss|0 fnt\n|-damage|p1b: Palafin|41\/100\n|faint|p1a: Amoonguss\n|move|p2a: Torkoal|Eruption|p1b: Palafin\n|-resisted|p1b: Palafin\n|-damage|p1b: Palafin|13\/100\n|\n|-weather|SunnyDay|[upkeep]\n|upkeep\n|\n|t:|1699499294\n|switch|p1a: Maushold|Maushold-Four, shiny|100\/100\n|-damage|p1a: Maushold|88\/100|[from] Stealth Rock\n|turn|5\n|\n|t:|1699499306\n|move|p1b: Palafin|Liquidation|p2b: Great Tusk\n|-supereffective|p2b: Great Tusk\n|-damage|p2b: Great Tusk|17\/100\n|-unboost|p2b: Great Tusk|def|1\n|move|p1a: Maushold|Population Bomb|p2a: Torkoal\n|-damage|p2a: Torkoal|64\/100\n|-damage|p1a: Maushold|71\/100|[from] item: Rocky Helmet|[of] p2a: Torkoal\n|-damage|p2a: Torkoal|57\/100\n|-damage|p1a: Maushold|55\/100|[from] item: Rocky Helmet|[of] p2a: Torkoal\n|-damage|p2a: Torkoal|50\/100\n|-damage|p1a: Maushold|38\/100|[from] item: Rocky Helmet|[of] p2a: Torkoal\n|-damage|p2a: Torkoal|44\/100\n|-damage|p1a: Maushold|22\/100|[from] item: Rocky Helmet|[of] p2a: Torkoal\n|-damage|p2a: Torkoal|38\/100\n|-damage|p1a: Maushold|5\/100|[from] item: Rocky Helmet|[of] p2a: Torkoal\n|-damage|p2a: Torkoal|30\/100\n|-damage|p1a: Maushold|0 fnt|[from] item: Rocky Helmet|[of] p2a: Torkoal\n|faint|p1a: Maushold\n|-hitcount|p2a: Torkoal|6\n|move|p2b: Great Tusk|Close Combat|p1b: Palafin\n|-damage|p1b: Palafin|0 fnt\n|-unboost|p2b: Great Tusk|def|1\n|-unboost|p2b: Great Tusk|spd|1\n|faint|p1b: Palafin\n|\n|win|sadboigaming\n|raw|yuki6677's rating: 1041 &rarr; <strong>1027<\/strong><br \/>(-14 for losing)\n|raw|sadboigaming's rating: 1080 &rarr; <strong>1105<\/strong><br \/>(+25 for winning)\n","uploadtime":1699499332,"views":11,"p1id":"yuki6677","p2id":"sadboigaming","formatid":"gen9doublesou","rating":1027,"private":0,"password":""}