{"id":"gen9doublesou-1998842488","p1":"Mukilpro","p2":"Adfgdfb","format":"[Gen 9] Doubles OU","log":"|j|\u2606Mukilpro\n|j|\u2606Adfgdfb\n|t:|1701001618\n|gametype|doubles\n|player|p1|Mukilpro|265|1059\n|player|p2|Adfgdfb|266|1000\n|teamsize|p1|6\n|teamsize|p2|6\n|gen|9\n|tier|[Gen 9] Doubles OU\n|rated|\n|rule|Species Clause: Limit one of each Pok\u00e9mon\n|rule|OHKO Clause: OHKO moves are banned\n|rule|Evasion Moves Clause: Evasion moves are banned\n|rule|Gravity Sleep Clause: The combination of sleep-inducing moves with imperfect accuracy and Gravity or Gigantamax Orbeetle are banned\n|rule|Endless Battle Clause: Forcing endless battles is banned\n|rule|HP Percentage Mod: HP is shown in percentages\n|clearpoke\n|poke|p1|Skeledirge, F|\n|poke|p1|Torkoal, F|\n|poke|p1|Roaring Moon|\n|poke|p1|Walking Wake|\n|poke|p1|Rillaboom, F|\n|poke|p1|Scream Tail|\n|poke|p2|Flutter Mane|\n|poke|p2|Chi-Yu|\n|poke|p2|Landorus, M|\n|poke|p2|Volbeat, M|\n|poke|p2|Rillaboom, M|\n|poke|p2|Iron Hands|\n|teampreview\n|inactive|Battle timer is ON: inactive players will automatically lose when time's up. (requested by Adfgdfb)\n|inactive|Adfgdfb has 120 seconds left.\n|\n|t:|1701001656\n|start\n|switch|p1a: Rillaboom|Rillaboom, F|100\/100\n|switch|p1b: Scream Tail|Scream Tail|100\/100\n|switch|p2a: Volbeat|Volbeat, M|100\/100\n|switch|p2b: Rillaboom|Rillaboom, M|100\/100\n|-fieldstart|move: Grassy Terrain|[from] ability: Grassy Surge|[of] p2b: Rillaboom\n|turn|1\n|inactive|Mukilpro has 120 seconds left.\n|\n|t:|1701001688\n|switch|p1a: Torkoal|Torkoal, F|100\/100\n|-weather|SunnyDay|[from] ability: Drought|[of] p1a: Torkoal\n|-activate|p1b: Scream Tail|ability: Protosynthesis\n|-start|p1b: Scream Tail|protosynthesisdef\n|move|p2b: Rillaboom|Fake Out|p1a: Torkoal\n|-damage|p1a: Torkoal|91\/100\n|move|p2a: Volbeat|Tail Glow|p2a: Volbeat\n|-boost|p2a: Volbeat|spa|3\n|move|p1b: Scream Tail|Wish|p1b: Scream Tail\n|\n|-weather|SunnyDay|[upkeep]\n|-heal|p1a: Torkoal|97\/100|[from] Grassy Terrain\n|upkeep\n|turn|2\n|inactive|Mukilpro has 120 seconds left.\n|\n|t:|1701001723\n|switch|p2b: Iron Hands|Iron Hands|100\/100\n|move|p2a: Volbeat|Substitute|p2a: Volbeat\n|-start|p2a: Volbeat|Substitute\n|-damage|p2a: Volbeat|76\/100\n|move|p1b: Scream Tail|Fake Tears||[still]\n|-fail|p1b: Scream Tail\n|move|p1a: Torkoal|Body Press|p2b: Iron Hands\n|-damage|p2b: Iron Hands|78\/100\n|\n|-weather|SunnyDay|[upkeep]\n|-heal|p2a: Volbeat|82\/100|[from] Grassy Terrain\n|-heal|p2b: Iron Hands|84\/100|[from] Grassy Terrain\n|-heal|p1a: Torkoal|100\/100|[from] Grassy Terrain\n|upkeep\n|turn|3\n|inactive|Mukilpro has 120 seconds left.\n|\n|t:|1701001748\n|-end|p1b: Scream Tail|Protosynthesis|[silent]\n|switch|p1b: Roaring Moon|Roaring Moon, shiny|100\/100\n|-activate|p1b: Roaring Moon|ability: Protosynthesis\n|-start|p1b: Roaring Moon|protosynthesisatk\n|move|p2b: Iron Hands|Fake Out|p1a: Torkoal\n|-damage|p1a: Torkoal|89\/100\n|move|p2a: Volbeat|Baton Pass|p2a: Volbeat\n|\n|t:|1701001760\n|switch|p2a: Flutter Mane|Flutter Mane|100\/100|[from] Baton Pass\n|-activate|p2a: Flutter Mane|ability: Protosynthesis\n|-start|p2a: Flutter Mane|protosynthesisspa\n|cant|p1a: Torkoal|flinch\n|\n|-weather|SunnyDay|[upkeep]\n|-heal|p2b: Iron Hands|91\/100|[from] Grassy Terrain\n|-heal|p1a: Torkoal|95\/100|[from] Grassy Terrain\n|upkeep\n|turn|4\n|inactive|Adfgdfb has 120 seconds left.\n|\n|t:|1701001795\n|-end|p2b: Iron Hands|Quark Drive|[silent]\n|switch|p2b: Chi-Yu|Chi-Yu|100\/100\n|-ability|p2b: Chi-Yu|Beads of Ruin\n|-terastallize|p1b: Roaring Moon|Dark\n|move|p2a: Flutter Mane|Dazzling Gleam|p1a: Torkoal|[spread] p1a,p1b\n|-resisted|p1a: Torkoal\n|-supereffective|p1b: Roaring Moon\n|-damage|p1a: Torkoal|8\/100\n|-damage|p1b: Roaring Moon|0 fnt\n|faint|p1b: Roaring Moon\n|-end|p1b: Roaring Moon|Protosynthesis|[silent]\n|move|p1a: Torkoal|Iron Defense|p1a: Torkoal\n|-boost|p1a: Torkoal|def|2\n|\n|-weather|SunnyDay|[upkeep]\n|-heal|p1a: Torkoal|14\/100|[from] Grassy Terrain\n|upkeep\n|inactive|Mukilpro has 120 seconds left.\n|\n|t:|1701001826\n|switch|p1b: Walking Wake|Walking Wake|100\/100\n|-activate|p1b: Walking Wake|ability: Protosynthesis\n|-start|p1b: Walking Wake|protosynthesisspa\n|turn|5\n|inactive|Mukilpro has 120 seconds left.\n|\n|t:|1701001846\n|move|p2b: Chi-Yu|Snarl|p1a: Torkoal|[spread] p1a,p1b\n|-damage|p1a: Torkoal|0 fnt\n|-damage|p1b: Walking Wake|76\/100\n|-unboost|p1b: Walking Wake|spa|1\n|faint|p1a: Torkoal\n|move|p2a: Flutter Mane|Dazzling Gleam|p1b: Walking Wake\n|-supereffective|p1b: Walking Wake\n|-damage|p1b: Walking Wake|0 fnt\n|faint|p1b: Walking Wake\n|-end|p1b: Walking Wake|Protosynthesis|[silent]\n|\n|-weather|SunnyDay|[upkeep]\n|-fieldend|move: Grassy Terrain\n|upkeep\n|-message|Mukilpro forfeited.\n|\n|win|Adfgdfb\n|raw|Mukilpro's rating: 1059 &rarr; <strong>1037<\/strong><br \/>(-22 for losing)\n|raw|Adfgdfb's rating: 1000 &rarr; <strong>1047<\/strong><br \/>(+47 for winning)\n|l|\u2606Mukilpro\n","uploadtime":1701001917,"views":16,"p1id":"mukilpro","p2id":"adfgdfb","formatid":"gen9doublesou","rating":1037,"private":0,"password":""}