{"id":"gen9doublesou-1984778165","p1":"josealga","p2":"pegasusilios119","format":"[Gen 9] Doubles OU","log":"|j|\u2606josealga\n|j|\u2606pegasusilios119\n|t:|1699298236\n|gametype|doubles\n|player|p1|josealga|psychic-gen4|1185\n|player|p2|pegasusilios119|1|1131\n|teamsize|p1|6\n|teamsize|p2|6\n|gen|9\n|tier|[Gen 9] Doubles OU\n|rated|\n|rule|Species Clause: Limit one of each Pok\u00e9mon\n|rule|OHKO Clause: OHKO moves are banned\n|rule|Evasion Moves Clause: Evasion moves are banned\n|rule|Gravity Sleep Clause: The combination of sleep-inducing moves with imperfect accuracy and Gravity or Gigantamax Orbeetle are banned\n|rule|Endless Battle Clause: Forcing endless battles is banned\n|rule|HP Percentage Mod: HP is shown in percentages\n|clearpoke\n|poke|p1|Espeon, F|\n|poke|p1|Espathra, F|\n|poke|p1|Gothitelle, F|\n|poke|p1|Indeedee-F, F|\n|poke|p1|Armarouge, M|\n|poke|p1|Gallade, M|\n|poke|p2|Iron Jugulis|\n|poke|p2|Farigiraf, M|\n|poke|p2|Orthworm, F|\n|poke|p2|Ting-Lu|\n|poke|p2|Maushold|\n|poke|p2|Gholdengo|\n|teampreview\n|inactive|Battle timer is ON: inactive players will automatically lose when time's up. (requested by pegasusilios119)\n|c|\u2606pegasusilios119|glhf\n|c|\u2606pegasusilios119|mono psychic\n|c|\u2606pegasusilios119|nice\n|c|\u2606josealga|thx\n|\n|t:|1699298256\n|start\n|switch|p1a: Indeedee|Indeedee-F, F, shiny|100\/100\n|switch|p1b: Espeon|Espeon, F|100\/100\n|switch|p2a: Iron Jugulis|Iron Jugulis|100\/100\n|switch|p2b: Maushold|Maushold|100\/100\n|-fieldstart|move: Psychic Terrain|[from] ability: Psychic Surge|[of] p1a: Indeedee\n|turn|1\n|\n|t:|1699298281\n|move|p1a: Indeedee|Helping Hand|p1b: Espeon\n|-singleturn|p1b: Espeon|Helping Hand|[of] p1a: Indeedee\n|move|p2b: Maushold|Population Bomb|p1b: Espeon\n|-damage|p1b: Espeon|84\/100\n|-damage|p1b: Espeon|68\/100\n|-damage|p1b: Espeon|51\/100\n|-damage|p1b: Espeon|34\/100\n|-damage|p1b: Espeon|20\/100\n|-damage|p1b: Espeon|5\/100\n|-damage|p1b: Espeon|0 fnt\n|faint|p1b: Espeon\n|-hitcount|p1: Espeon|7\n|move|p2a: Iron Jugulis|Taunt|p1a: Indeedee\n|-start|p1a: Indeedee|move: Taunt\n|\n|upkeep\n|c|\u2606pegasusilios119|i hate espathra\n|c|\u2606pegasusilios119|oop\n|inactive|josealga has 120 seconds left.\n|\n|t:|1699298303\n|switch|p1b: Armarouge|Armarouge, M, shiny|100\/100\n|turn|2\n|\n|t:|1699298317\n|move|p1b: Armarouge|Protect|p1b: Armarouge\n|-singleturn|p1b: Armarouge|Protect\n|move|p2b: Maushold|Population Bomb|p1a: Indeedee\n|-damage|p1a: Indeedee|88\/100\n|-damage|p1a: Indeedee|75\/100\n|-damage|p1a: Indeedee|63\/100\n|-damage|p1a: Indeedee|52\/100\n|-damage|p1a: Indeedee|40\/100\n|-damage|p1a: Indeedee|28\/100\n|-damage|p1a: Indeedee|14\/100\n|-damage|p1a: Indeedee|2\/100\n|-crit|p1a: Indeedee\n|-damage|p1a: Indeedee|0 fnt\n|faint|p1a: Indeedee\n|-hitcount|p1: Indeedee|9\n|move|p2a: Iron Jugulis|Dark Pulse|p1b: Armarouge\n|-activate|p1b: Armarouge|move: Protect\n|\n|upkeep\n|inactive|josealga has 120 seconds left.\n|c|\u2606pegasusilios119|on the other hand i love maushold\n|c|\u2606pegasusilios119|maushold go brrrr\n|c|\u2606josealga|hahah\n|c|\u2606pegasusilios119|:)\n|c|\u2606josealga|maushold it's op\n|c|\u2606pegasusilios119|yep\n|c|\u2606pegasusilios119|wait\n|inactive|josealga has 90 seconds left.\n|\n|t:|1699298363\n|switch|p1a: Gallade|Gallade, M, shiny|100\/100\n|turn|3\n|c|\u2606pegasusilios119|is that gothitelle without shadow tag?\n|c|\u2606pegasusilios119|that crazy\n|c|\u2606josealga|yeah, cuz shadow tag is banned\n|inactive|josealga has 90 seconds left.\n|c|\u2606pegasusilios119|*thats\n|c|\u2606pegasusilios119|mmhmm\n|\n|t:|1699298413\n|move|p2b: Maushold|Taunt|p1b: Armarouge\n|-start|p1b: Armarouge|move: Taunt\n|move|p2a: Iron Jugulis|Hurricane|p1a: Gallade\n|-supereffective|p1a: Gallade\n|-damage|p1a: Gallade|0 fnt\n|faint|p1a: Gallade\n|-damage|p2a: Iron Jugulis|91\/100|[from] item: Life Orb\n|move|p1b: Armarouge|Expanding Force|p2b: Maushold|[spread] p2b\n|-immune|p2a: Iron Jugulis\n|-damage|p2b: Maushold|30\/100\n|\n|upkeep\n|inactive|josealga has 60 seconds left.\n|\n|t:|1699298431\n|switch|p1a: Espathra|Espathra, F, shiny|100\/100\n|-enditem|p1a: Espathra|Psychic Seed\n|-boost|p1a: Espathra|spd|1|[from] item: Psychic Seed\n|turn|4\n|\n|t:|1699298442\n|move|p2b: Maushold|Population Bomb|p1a: Espathra\n|-damage|p1a: Espathra|94\/100\n|-damage|p1a: Espathra|87\/100\n|-damage|p1a: Espathra|80\/100\n|-damage|p1a: Espathra|73\/100\n|-damage|p1a: Espathra|67\/100\n|-crit|p1a: Espathra\n|-damage|p1a: Espathra|56\/100\n|-damage|p1a: Espathra|49\/100\n|-damage|p1a: Espathra|42\/100\n|-damage|p1a: Espathra|36\/100\n|-damage|p1a: Espathra|29\/100\n|-hitcount|p1a: Espathra|10\n|move|p2a: Iron Jugulis|Dark Pulse|p1b: Armarouge\n|-supereffective|p1b: Armarouge\n|-damage|p1b: Armarouge|0 fnt\n|faint|p1b: Armarouge\n|-damage|p2a: Iron Jugulis|81\/100|[from] item: Life Orb\n|move|p1a: Espathra|Substitute|p1a: Espathra\n|-start|p1a: Espathra|Substitute\n|-damage|p1a: Espathra|4\/100\n|\n|-ability|p1a: Espathra|Speed Boost|boost\n|-boost|p1a: Espathra|spe|1\n|upkeep\n|inactive|josealga has 60 seconds left.\n|c|\u2606josealga|gg\n|c|\u2606josealga|i have no choice\n|c|\u2606pegasusilios119|mmm? i mean you could win\n|\n|t:|1699298472\n|switch|p1b: Gothitelle|Gothitelle, F, shiny|100\/100\n|turn|5\n|c|\u2606pegasusilios119|like\n|c|\u2606pegasusilios119|technically\n|c|\u2606josealga|no way\n|inactive|josealga has 60 seconds left.\n|c|\u2606pegasusilios119|yeah actually no sry\n|\n|t:|1699298508\n|switch|p2b: Ting-Lu|Ting-Lu|100\/100\n|-ability|p2b: Ting-Lu|Vessel of Ruin\n|-terastallize|p1b: Gothitelle|Ice\n|move|p1a: Espathra|Stored Power|p2b: Ting-Lu\n|-immune|p2b: Ting-Lu\n|move|p2a: Iron Jugulis|Dark Pulse|p1a: Espathra\n|-supereffective|p1a: Espathra\n|-end|p1a: Espathra|Substitute\n|-damage|p2a: Iron Jugulis|71\/100|[from] item: Life Orb\n|move|p1b: Gothitelle|Tera Blast|p2a: Iron Jugulis|[anim] Tera Blast Ice\n|-supereffective|p2a: Iron Jugulis\n|-damage|p2a: Iron Jugulis|0 fnt\n|faint|p2a: Iron Jugulis\n|-end|p2a: Iron Jugulis|Quark Drive|[silent]\n|\n|-ability|p1a: Espathra|Speed Boost|boost\n|-boost|p1a: Espathra|spe|1\n|upkeep\n|c|\u2606pegasusilios119|but i never want to say gg early\n|c|\u2606pegasusilios119|damn i wanted to get a perfect game\n|c|\u2606pegasusilios119|but\n|inactive|pegasusilios119 has 120 seconds left.\n|\n|t:|1699298535\n|switch|p2a: Gholdengo|Gholdengo|100\/100\n|turn|6\n|inactive|josealga has 60 seconds left.\n|\n|t:|1699298553\n|move|p1a: Espathra|Roost|p1a: Espathra\n|-heal|p1a: Espathra|54\/100\n|-singleturn|p1a: Espathra|move: Roost\n|move|p2a: Gholdengo|Make It Rain|p1b: Gothitelle|[spread] p1a,p1b\n|-supereffective|p1b: Gothitelle\n|-damage|p1a: Espathra|20\/100\n|-damage|p1b: Gothitelle|53\/100\n|-unboost|p2a: Gholdengo|spa|1\n|move|p1b: Gothitelle|Tera Blast|p2b: Ting-Lu|[anim] Tera Blast Ice\n|-supereffective|p2b: Ting-Lu\n|-damage|p2b: Ting-Lu|53\/100\n|move|p2b: Ting-Lu|Earthquake|p1b: Gothitelle|[spread] p2a,p1a,p1b\n|-supereffective|p2a: Gholdengo\n|-damage|p2a: Gholdengo|0 fnt\n|-damage|p1a: Espathra|0 fnt\n|-damage|p1b: Gothitelle|0 fnt\n|faint|p2a: Gholdengo\n|faint|p1a: Espathra\n|faint|p1b: Gothitelle\n|\n|win|pegasusilios119\n|raw|josealga's rating: 1185 &rarr; <strong>1156<\/strong><br \/>(-29 for losing)\n|raw|pegasusilios119's rating: 1131 &rarr; <strong>1160<\/strong><br \/>(+29 for winning)\n|c|\u2606pegasusilios119|ggs\n|c|\u2606josealga|;)\n","uploadtime":1699298570,"views":11,"p1id":"josealga","p2id":"pegasusilios119","formatid":"gen9doublesou","rating":1156,"private":0,"password":""}