{"id":"gen9doublesou-1999974138","p1":"NoSoyJhon","p2":"830r","format":"[Gen 9] Doubles OU","log":"|j|\u2606NoSoyJhon\n|j|\u2606830r\n|t:|1701136447\n|gametype|doubles\n|player|p1|NoSoyJhon|ingo|1173\n|player|p2|830r|veteran|1346\n|teamsize|p1|6\n|teamsize|p2|6\n|gen|9\n|tier|[Gen 9] Doubles OU\n|rated|\n|rule|Species Clause: Limit one of each Pok\u00e9mon\n|rule|OHKO Clause: OHKO moves are banned\n|rule|Evasion Moves Clause: Evasion moves are banned\n|rule|Gravity Sleep Clause: The combination of sleep-inducing moves with imperfect accuracy and Gravity or Gigantamax Orbeetle are banned\n|rule|Endless Battle Clause: Forcing endless battles is banned\n|rule|HP Percentage Mod: HP is shown in percentages\n|clearpoke\n|poke|p1|Murkrow, M|\n|poke|p1|Chien-Pao|\n|poke|p1|Dragonite, M|\n|poke|p1|Ogerpon-Wellspring, F|\n|poke|p1|Flutter Mane|\n|poke|p1|Sableye, F|\n|poke|p2|Sneasler, M|\n|poke|p2|Tornadus, M|\n|poke|p2|Regidrago|\n|poke|p2|Iron Moth|\n|poke|p2|Flutter Mane|\n|poke|p2|Gholdengo|\n|teampreview\n|inactive|Battle timer is ON: inactive players will automatically lose when time's up. (requested by 830r)\n|\n|t:|1701136454\n|start\n|switch|p1a: Ogerpon|Ogerpon-Wellspring, F|100\/100\n|switch|p1b: Murkrow|Murkrow, M|100\/100\n|switch|p2a: Sneasler|Sneasler, M|100\/100\n|switch|p2b: Tornadus|Tornadus, M|100\/100\n|turn|1\n|\n|t:|1701136467\n|move|p2a: Sneasler|Fake Out|p1a: Ogerpon\n|-damage|p1a: Ogerpon|81\/100\n|move|p2b: Tornadus|Swagger|p1a: Ogerpon\n|-boost|p1a: Ogerpon|atk|2\n|-enditem|p2b: Tornadus|Mirror Herb\n|-boost|p2b: Tornadus|atk|2|[from] item: Mirror Herb\n|-enditem|p2a: Sneasler|Mirror Herb\n|-boost|p2a: Sneasler|atk|2|[from] item: Mirror Herb\n|-start|p1a: Ogerpon|confusion\n|move|p1b: Murkrow|Tailwind|p1b: Murkrow\n|-sidestart|p1: NoSoyJhon|move: Tailwind\n|cant|p1a: Ogerpon|flinch\n|\n|upkeep\n|turn|2\n|\n|t:|1701136485\n|move|p1b: Murkrow|Thunder Wave|p2a: Sneasler\n|-status|p2a: Sneasler|par\n|-activate|p1a: Ogerpon|confusion\n|move|p1a: Ogerpon|Ivy Cudgel|p2b: Tornadus|[anim] Ivy Cudgel Water\n|-damage|p2b: Tornadus|0 fnt\n|faint|p2b: Tornadus\n|move|p2a: Sneasler|Acrobatics|p1a: Ogerpon\n|-supereffective|p1a: Ogerpon\n|-damage|p1a: Ogerpon|0 fnt\n|faint|p1a: Ogerpon\n|\n|upkeep\n|\n|t:|1701136501\n|switch|p2b: Flutter Mane|Flutter Mane|100\/100\n|switch|p1a: Flutter Mane|Flutter Mane|100\/100\n|-enditem|p2b: Flutter Mane|Booster Energy\n|-activate|p2b: Flutter Mane|ability: Protosynthesis|[fromitem]\n|-start|p2b: Flutter Mane|protosynthesisspa\n|turn|3\n|\n|t:|1701136510\n|move|p1b: Murkrow|Thunder Wave|p2b: Flutter Mane\n|-status|p2b: Flutter Mane|par\n|move|p1a: Flutter Mane|Dazzling Gleam|p2a: Sneasler|[spread] p2a,p2b\n|-damage|p2a: Sneasler|38\/100 par\n|-damage|p2b: Flutter Mane|48\/100 par\n|move|p2a: Sneasler|Acrobatics|p1a: Flutter Mane\n|-damage|p1a: Flutter Mane|0 fnt\n|faint|p1a: Flutter Mane\n|-end|p1a: Flutter Mane|Protosynthesis|[silent]\n|move|p2b: Flutter Mane|Dazzling Gleam|p1b: Murkrow\n|-supereffective|p1b: Murkrow\n|-damage|p1b: Murkrow|0 fnt\n|faint|p1b: Murkrow\n|\n|upkeep\n|\n|t:|1701136519\n|switch|p1a: Chien-Pao|Chien-Pao|100\/100\n|switch|p1b: Dragonite|Dragonite, M|100\/100\n|-ability|p1a: Chien-Pao|Sword of Ruin\n|turn|4\n|\n|t:|1701136538\n|-terastallize|p1b: Dragonite|Normal\n|move|p1b: Dragonite|Extreme Speed|p2a: Sneasler\n|-damage|p2a: Sneasler|0 fnt\n|faint|p2a: Sneasler\n|move|p1a: Chien-Pao|Ice Spinner|p2b: Flutter Mane\n|-damage|p2b: Flutter Mane|0 fnt\n|faint|p2b: Flutter Mane\n|-end|p2b: Flutter Mane|Protosynthesis|[silent]\n|\n|-sideend|p1: NoSoyJhon|move: Tailwind\n|upkeep\n|\n|t:|1701136551\n|switch|p2b: Support support|Iron Moth|100\/100\n|switch|p2a: Artillery support|Regidrago|100\/100\n|-enditem|p2b: Support support|Booster Energy\n|-activate|p2b: Support support|ability: Quark Drive|[fromitem]\n|-start|p2b: Support support|quarkdrivespa\n|turn|5\n|\n|t:|1701136572\n|-terastallize|p2a: Artillery support|Steel\n|move|p1b: Dragonite|Extreme Speed|p2b: Support support\n|-damage|p2b: Support support|0 fnt\n|faint|p2b: Support support\n|-end|p2b: Support support|Quark Drive|[silent]\n|move|p1a: Chien-Pao|Ice Spinner|p2a: Artillery support\n|-resisted|p2a: Artillery support\n|-damage|p2a: Artillery support|70\/100\n|move|p2a: Artillery support|Dragon Energy|p1a: Chien-Pao|[spread] p1a,p1b\n|-damage|p1a: Chien-Pao|13\/100\n|-damage|p1b: Dragonite|47\/100\n|\n|upkeep\n|\n|t:|1701136578\n|switch|p2b: Gholdengo|Gholdengo|100\/100\n|turn|6\n|\n|t:|1701136599\n|switch|p1b: Sableye|Sableye, F|100\/100\n|move|p1a: Chien-Pao|Crunch|p2b: Gholdengo\n|-supereffective|p2b: Gholdengo\n|-damage|p2b: Gholdengo|0 fnt\n|faint|p2b: Gholdengo\n|move|p2a: Artillery support|Dragon Energy|p1b: Sableye|[spread] p1a,p1b\n|-damage|p1a: Chien-Pao|0 fnt\n|-damage|p1b: Sableye|19\/100\n|faint|p1a: Chien-Pao\n|\n|-heal|p1b: Sableye|25\/100|[from] item: Leftovers\n|upkeep\n|\n|t:|1701136604\n|switch|p1a: Dragonite|Dragonite, M, tera:Normal|47\/100\n|turn|7\n|\n|t:|1701136617\n|move|p1b: Sableye|Light Screen|p1b: Sableye\n|-sidestart|p1: NoSoyJhon|move: Light Screen\n|move|p2a: Artillery support|Dragon Energy|p1b: Sableye|[spread] p1a,p1b\n|-damage|p1a: Dragonite|8\/100\n|-damage|p1b: Sableye|0 fnt\n|faint|p1b: Sableye\n|move|p1a: Dragonite|Earthquake|p2a: Artillery support\n|-supereffective|p2a: Artillery support\n|-damage|p2a: Artillery support|0 fnt\n|faint|p2a: Artillery support\n|\n|win|NoSoyJhon\n|raw|NoSoyJhon's rating: 1173 &rarr; <strong>1210<\/strong><br \/>(+37 for winning)\n|raw|830r's rating: 1346 &rarr; <strong>1317<\/strong><br \/>(-29 for losing)\n|l|\u2606NoSoyJhon\n","uploadtime":1701136655,"views":9,"p1id":"nosoyjhon","p2id":"830r","formatid":"gen9doublesou","rating":1210,"private":0,"password":""}