{"id":"gen9doublesou-1978568129","p1":"Fireredkomodo","p2":"far_buzzard","format":"[Gen 9] Doubles OU","log":"|j|\u2606Fireredkomodo\n|j|\u2606far_buzzard\n|t:|1698557489\n|gametype|doubles\n|player|p1|Fireredkomodo|102|1040\n|player|p2|far_buzzard|veteran|1000\n|teamsize|p1|6\n|teamsize|p2|6\n|gen|9\n|tier|[Gen 9] Doubles OU\n|rated|\n|rule|Species Clause: Limit one of each Pok\u00e9mon\n|rule|OHKO Clause: OHKO moves are banned\n|rule|Evasion Moves Clause: Evasion moves are banned\n|rule|Gravity Sleep Clause: The combination of sleep-inducing moves with imperfect accuracy and Gravity or Gigantamax Orbeetle are banned\n|rule|Endless Battle Clause: Forcing endless battles is banned\n|rule|HP Percentage Mod: HP is shown in percentages\n|clearpoke\n|poke|p1|Ursaluna, F|\n|poke|p1|Sinistcha|\n|poke|p1|Landorus-Therian, M|\n|poke|p1|Clefairy, M|\n|poke|p1|Rillaboom, M|\n|poke|p1|Kommo-o, F|\n|poke|p2|Farigiraf, M|\n|poke|p2|Ninetales-Alola, M|\n|poke|p2|Scream Tail|\n|poke|p2|Ariados, M|\n|poke|p2|Heracross, F|\n|poke|p2|Arboliva, F|\n|teampreview\n|inactive|Battle timer is ON: inactive players will automatically lose when time's up. (requested by far_buzzard)\n|\n|t:|1698557501\n|start\n|switch|p1a: Ursaluna|Ursaluna, F|100\/100\n|switch|p1b: Landorus|Landorus-Therian, M|100\/100\n|switch|p2a: Ariados|Ariados, M, shiny|100\/100\n|switch|p2b: Arboliva|Arboliva, F, shiny|100\/100\n|-ability|p1a: Ursaluna|Unnerve\n|-ability|p1b: Landorus|Intimidate|boost\n|-unboost|p2a: Ariados|atk|1\n|-unboost|p2b: Arboliva|atk|1\n|turn|1\n|\n|t:|1698557526\n|move|p1b: Landorus|U-turn|p2b: Arboliva\n|-supereffective|p2b: Arboliva\n|-damage|p2b: Arboliva|46\/100\n|-fieldstart|move: Grassy Terrain|[from] ability: Seed Sower|[of] p2b: Arboliva\n|\n|t:|1698557537\n|switch|p1b: Clefairy|Clefairy, M|100\/100|[from] U-turn\n|move|p1a: Ursaluna|Belly Drum|p1a: Ursaluna\n|-damage|p1a: Ursaluna|50\/100\n|-setboost|p1a: Ursaluna|atk|6|[from] move: Belly Drum\n|-enditem|p1a: Ursaluna|Sitrus Berry|[eat]\n|-heal|p1a: Ursaluna|75\/100|[from] item: Sitrus Berry\n|move|p2a: Ariados|Sticky Web|p1b: Clefairy\n|-sidestart|p1: Fireredkomodo|move: Sticky Web\n|move|p2b: Arboliva|Reflect|p2b: Arboliva\n|-sidestart|p2: far_buzzard|Reflect\n|\n|-heal|p1a: Ursaluna|82\/100|[from] Grassy Terrain\n|-heal|p2b: Arboliva|52\/100|[from] Grassy Terrain\n|upkeep\n|turn|2\n|inactive|Fireredkomodo has 120 seconds left.\n|\n|t:|1698557575\n|move|p1b: Clefairy|Follow Me|p1b: Clefairy\n|-singleturn|p1b: Clefairy|move: Follow Me\n|move|p1a: Ursaluna|Facade|p2a: Ariados\n|-damage|p2a: Ariados|0 fnt\n|faint|p2a: Ariados\n|move|p2b: Arboliva|Light Screen|p2b: Arboliva\n|-sidestart|p2: far_buzzard|move: Light Screen\n|\n|-heal|p1a: Ursaluna|88\/100|[from] Grassy Terrain\n|-heal|p2b: Arboliva|58\/100|[from] Grassy Terrain\n|upkeep\n|\n|t:|1698557587\n|switch|p2a: Scream Tail|Scream Tail, shiny|100\/100\n|turn|3\n|\n|t:|1698557609\n|move|p1b: Clefairy|Follow Me|p1b: Clefairy\n|-singleturn|p1b: Clefairy|move: Follow Me\n|move|p2a: Scream Tail|Drain Punch|p1b: Clefairy\n|-resisted|p1b: Clefairy\n|-damage|p1b: Clefairy|92\/100\n|move|p1a: Ursaluna|Facade|p2a: Scream Tail\n|-damage|p2a: Scream Tail|21\/100\n|move|p2b: Arboliva|Leech Seed|p1b: Clefairy\n|-start|p1b: Clefairy|move: Leech Seed\n|\n|-heal|p2a: Scream Tail|28\/100|[from] Grassy Terrain\n|-heal|p2a: Scream Tail|34\/100|[from] item: Leftovers\n|-heal|p1a: Ursaluna|94\/100|[from] Grassy Terrain\n|-heal|p2b: Arboliva|64\/100|[from] Grassy Terrain\n|-heal|p1b: Clefairy|98\/100|[from] Grassy Terrain\n|-damage|p1b: Clefairy|86\/100|[from] Leech Seed|[of] p2b: Arboliva\n|-heal|p2b: Arboliva|76\/100|[silent]\n|upkeep\n|turn|4\n|inactive|Fireredkomodo has 120 seconds left.\n|inactive|far_buzzard has 120 seconds left.\n|\n|t:|1698557640\n|-end|p2a: Scream Tail|Protosynthesis|[silent]\n|switch|p2a: Farigiraf|Farigiraf, M, shiny|100\/100\n|switch|p2b: Ninetales|Ninetales-Alola, M, shiny|100\/100\n|-weather|Snow|[from] ability: Snow Warning|[of] p2b: Ninetales\n|move|p1b: Clefairy|Protect|p1b: Clefairy\n|-singleturn|p1b: Clefairy|Protect\n|move|p1a: Ursaluna|Facade|p2a: Farigiraf\n|-damage|p2a: Farigiraf|0 fnt\n|faint|p2a: Farigiraf\n|\n|-weather|Snow|[upkeep]\n|-heal|p1a: Ursaluna|99\/100|[from] Grassy Terrain\n|-heal|p1b: Clefairy|92\/100|[from] Grassy Terrain\n|-damage|p1b: Clefairy|80\/100|[from] Leech Seed|[of] p2b: Ninetales\n|upkeep\n|inactive|far_buzzard has 120 seconds left.\n|\n|t:|1698557657\n|switch|p2a: Heracross|Heracross, F, shiny|100\/100\n|turn|5\n|\n|t:|1698557665\n|move|p1b: Clefairy|Follow Me|p1b: Clefairy\n|-singleturn|p1b: Clefairy|move: Follow Me\n|move|p2b: Ninetales|Blizzard|p1b: Clefairy|[spread] p1a,p1b\n|-supereffective|p1a: Ursaluna\n|-damage|p1a: Ursaluna|76\/100\n|-damage|p1b: Clefairy|62\/100\n|move|p2a: Heracross|Earthquake|p1b: Clefairy|[spread] p2b,p1a,p1b\n|-damage|p2b: Ninetales|93\/100\n|-damage|p1a: Ursaluna|70\/100\n|-damage|p1b: Clefairy|50\/100\n|move|p1a: Ursaluna|Facade|p2a: Heracross\n|-damage|p2a: Heracross|0 fnt\n|faint|p2a: Heracross\n|\n|-weather|Snow|[upkeep]\n|-heal|p2b: Ninetales|99\/100|[from] Grassy Terrain\n|-heal|p2b: Ninetales|100\/100|[from] item: Leftovers\n|-heal|p1a: Ursaluna|76\/100|[from] Grassy Terrain\n|-heal|p1b: Clefairy|56\/100|[from] Grassy Terrain\n|-damage|p1b: Clefairy|44\/100|[from] Leech Seed|[of] p2b: Ninetales\n|-fieldend|move: Grassy Terrain\n|upkeep\n|inactive|far_buzzard has 120 seconds left.\n|c|\u2606far_buzzard|f u c k off\n|-message|far_buzzard forfeited.\n|\n|win|Fireredkomodo\n|raw|Fireredkomodo's rating: 1040 &rarr; <strong>1070<\/strong><br \/>(+30 for winning)\n|raw|far_buzzard's rating: 1000 &rarr; <strong>1000<\/strong><br \/>(+0 for losing)\n","uploadtime":1698557684,"views":22,"p1id":"fireredkomodo","p2id":"farbuzzard","formatid":"gen9doublesou","rating":1000,"private":0,"password":""}