{"id":"gen9doublesou-1980531391","p1":"Import","p2":"uhdfhadfdaf","format":"[Gen 9] Doubles OU","log":"|j|\u2606Import\n|j|\u2606uhdfhadfdaf\n|t:|1698794207\n|gametype|doubles\n|player|p1|Import|koga|1298\n|player|p2|uhdfhadfdaf|cynthia-gen4|1305\n|teamsize|p1|6\n|teamsize|p2|6\n|gen|9\n|tier|[Gen 9] Doubles OU\n|rated|\n|rule|Species Clause: Limit one of each Pok\u00e9mon\n|rule|OHKO Clause: OHKO moves are banned\n|rule|Evasion Moves Clause: Evasion moves are banned\n|rule|Gravity Sleep Clause: The combination of sleep-inducing moves with imperfect accuracy and Gravity or Gigantamax Orbeetle are banned\n|rule|Endless Battle Clause: Forcing endless battles is banned\n|rule|HP Percentage Mod: HP is shown in percentages\n|clearpoke\n|poke|p1|Kilowattrel, M|\n|poke|p1|Pelipper, M|\n|poke|p1|Palafin, M|\n|poke|p1|Cloyster, M|\n|poke|p1|Gastrodon, F|\n|poke|p1|Quaquaval, M|\n|poke|p2|Torterra, F|\n|poke|p2|Golduck, M|\n|poke|p2|Sinistcha-Masterpiece|\n|poke|p2|Sableye, F|\n|poke|p2|Diancie|\n|poke|p2|Corviknight, M|\n|teampreview\n|inactive|Battle timer is ON: inactive players will automatically lose when time's up. (requested by Import)\n|\n|t:|1698794218\n|start\n|switch|p1a: Gastrodon|Gastrodon, F|100\/100\n|switch|p1b: Cloyster|Cloyster, M, shiny|100\/100\n|switch|p2a: TOILET WRECKA|Torterra, F|100\/100\n|switch|p2b: 0GERPON|Golduck, M|100\/100\n|-ability|p2b: 0GERPON|Cloud Nine\n|turn|1\n|\n|t:|1698794235\n|-terastallize|p2a: TOILET WRECKA|Steel\n|move|p2b: 0GERPON|Simple Beam|p2a: TOILET WRECKA\n|-endability|p2a: TOILET WRECKA|Shell Armor|[from] move: Simple Beam\n|-ability|p2a: TOILET WRECKA|Simple|[from] move: Simple Beam\n|move|p1b: Cloyster|Icicle Spear|p2a: TOILET WRECKA\n|-resisted|p2a: TOILET WRECKA\n|-damage|p2a: TOILET WRECKA|95\/100\n|-resisted|p2a: TOILET WRECKA\n|-damage|p2a: TOILET WRECKA|89\/100\n|-resisted|p2a: TOILET WRECKA\n|-damage|p2a: TOILET WRECKA|83\/100\n|-resisted|p2a: TOILET WRECKA\n|-damage|p2a: TOILET WRECKA|77\/100\n|-resisted|p2a: TOILET WRECKA\n|-damage|p2a: TOILET WRECKA|71\/100\n|-hitcount|p2a: TOILET WRECKA|5\n|move|p2a: TOILET WRECKA|Shell Smash|p2a: TOILET WRECKA\n|-unboost|p2a: TOILET WRECKA|def|2\n|-unboost|p2a: TOILET WRECKA|spd|2\n|-boost|p2a: TOILET WRECKA|atk|4\n|-boost|p2a: TOILET WRECKA|spa|4\n|-boost|p2a: TOILET WRECKA|spe|4\n|-enditem|p2a: TOILET WRECKA|White Herb\n|-clearnegativeboost|p2a: TOILET WRECKA|[silent]\n|move|p1a: Gastrodon|Stealth Rock|p2b: 0GERPON\n|-sidestart|p2: uhdfhadfdaf|move: Stealth Rock\n|\n|upkeep\n|turn|2\n|\n|t:|1698794264\n|switch|p2b: MONARCH|Corviknight, M|100\/100\n|-damage|p2b: MONARCH|88\/100|[from] Stealth Rock\n|move|p2a: TOILET WRECKA|Earthquake|p1a: Gastrodon|[spread] p1a,p1b\n|-immune|p2b: MONARCH\n|-damage|p1a: Gastrodon|0 fnt\n|-damage|p1b: Cloyster|20\/100\n|faint|p1a: Gastrodon\n|move|p1b: Cloyster|Icicle Spear|p2a: TOILET WRECKA\n|-resisted|p2a: TOILET WRECKA\n|-damage|p2a: TOILET WRECKA|66\/100\n|-resisted|p2a: TOILET WRECKA\n|-damage|p2a: TOILET WRECKA|60\/100\n|-resisted|p2a: TOILET WRECKA\n|-damage|p2a: TOILET WRECKA|54\/100\n|-resisted|p2a: TOILET WRECKA\n|-damage|p2a: TOILET WRECKA|48\/100\n|-resisted|p2a: TOILET WRECKA\n|-damage|p2a: TOILET WRECKA|42\/100\n|-hitcount|p2a: TOILET WRECKA|5\n|\n|upkeep\n|inactive|Import has 120 seconds left.\n|\n|t:|1698794277\n|switch|p1a: Palafin|Palafin, M|100\/100\n|turn|3\n|\n|t:|1698794292\n|detailschange|p1a: Palafin|Palafin-Hero, M\n|switch|p1a: Pelipper|Pelipper, M, shiny|100\/100\n|-weather|RainDance|[from] ability: Drizzle|[of] p1a: Pelipper\n|move|p2a: TOILET WRECKA|Earthquake|p1b: Cloyster|[spread] p1b\n|-immune|p2b: MONARCH\n|-immune|p1a: Pelipper\n|-damage|p1b: Cloyster|0 fnt\n|faint|p1b: Cloyster\n|move|p2b: MONARCH|Tailwind|p2b: MONARCH\n|-sidestart|p2: uhdfhadfdaf|move: Tailwind\n|\n|-weather|RainDance|[upkeep]\n|upkeep\n|\n|t:|1698794304\n|switch|p1b: Kilowattrel|Kilowattrel, M|100\/100\n|turn|4\n|\n|t:|1698794315\n|switch|p2b: RAHHHHHHHHHHHHHHHH|Sinistcha-Masterpiece|100\/100\n|-damage|p2b: RAHHHHHHHHHHHHHHHH|88\/100|[from] Stealth Rock\n|-heal|p2a: TOILET WRECKA|67\/100|[from] ability: Hospitality|[of] p2b: RAHHHHHHHHHHHHHHHH\n|move|p2a: TOILET WRECKA|Rock Slide|p1a: Pelipper|[spread] p1a\n|-miss|p2a: TOILET WRECKA|p1b: Kilowattrel\n|-supereffective|p1a: Pelipper\n|-damage|p1a: Pelipper|0 fnt\n|faint|p1a: Pelipper\n|move|p1b: Kilowattrel|Hurricane|p2a: TOILET WRECKA\n|-resisted|p2a: TOILET WRECKA\n|-damage|p2a: TOILET WRECKA|23\/100\n|-start|p2a: TOILET WRECKA|confusion\n|\n|-weather|RainDance|[upkeep]\n|upkeep\n|\n|t:|1698794330\n|switch|p1a: Palafin|Palafin-Hero, M|100\/100\n|-activate|p1a: Palafin|ability: Zero to Hero\n|turn|5\n|\n|t:|1698794352\n|-terastallize|p1a: Palafin|Water\n|move|p1a: Palafin|Jet Punch|p2a: TOILET WRECKA\n|-damage|p2a: TOILET WRECKA|0 fnt\n|faint|p2a: TOILET WRECKA\n|move|p2b: RAHHHHHHHHHHHHHHHH|Matcha Gotcha|p1b: Kilowattrel|[spread] p1a,p1b\n|-supereffective|p1a: Palafin\n|-resisted|p1b: Kilowattrel\n|-damage|p1a: Palafin|28\/100\n|-heal|p2b: RAHHHHHHHHHHHHHHHH|100\/100|[from] drain|[of] p1a: Palafin\n|-damage|p1b: Kilowattrel|71\/100\n|-status|p1a: Palafin|brn\n|-status|p1b: Kilowattrel|brn\n|move|p1b: Kilowattrel|Hurricane|p2b: RAHHHHHHHHHHHHHHHH\n|-supereffective|p2b: RAHHHHHHHHHHHHHHHH\n|-enditem|p2b: RAHHHHHHHHHHHHHHHH|Focus Sash\n|-damage|p2b: RAHHHHHHHHHHHHHHHH|1\/100\n|-start|p2b: RAHHHHHHHHHHHHHHHH|confusion\n|\n|-weather|RainDance|[upkeep]\n|-damage|p1b: Kilowattrel|65\/100 brn|[from] brn\n|-damage|p1a: Palafin|22\/100 brn|[from] brn\n|upkeep\n|inactive|uhdfhadfdaf has 120 seconds left.\n|\n|t:|1698794372\n|switch|p2a: DEVIANT|Sableye, F, shiny|100\/100\n|-damage|p2a: DEVIANT|88\/100|[from] Stealth Rock\n|turn|6\n|\n|t:|1698794392\n|move|p2a: DEVIANT|Fake Out|p1b: Kilowattrel\n|-damage|p1b: Kilowattrel|51\/100 brn\n|move|p1a: Palafin|Jet Punch|p2b: RAHHHHHHHHHHHHHHHH\n|-resisted|p2b: RAHHHHHHHHHHHHHHHH\n|-damage|p2b: RAHHHHHHHHHHHHHHHH|0 fnt\n|faint|p2b: RAHHHHHHHHHHHHHHHH\n|cant|p1b: Kilowattrel|flinch\n|\n|-weather|RainDance|[upkeep]\n|-damage|p1b: Kilowattrel|45\/100 brn|[from] brn\n|-damage|p1a: Palafin|15\/100 brn|[from] brn\n|-sideend|p2: uhdfhadfdaf|move: Tailwind\n|upkeep\n|\n|t:|1698794400\n|switch|p2b: BEEFCAKE|Diancie|100\/100\n|-damage|p2b: BEEFCAKE|88\/100|[from] Stealth Rock\n|turn|7\n|\n|t:|1698794419\n|move|p1a: Palafin|Jet Punch|p2b: BEEFCAKE\n|-supereffective|p2b: BEEFCAKE\n|-damage|p2b: BEEFCAKE|0 fnt\n|faint|p2b: BEEFCAKE\n|move|p2a: DEVIANT|Disable|p1b: Kilowattrel\n|-start|p1b: Kilowattrel|Disable|Hurricane\n|cant|p1b: Kilowattrel|Disable|Hurricane\n|\n|-weather|none\n|-damage|p1b: Kilowattrel|39\/100 brn|[from] brn\n|-damage|p1a: Palafin|9\/100 brn|[from] brn\n|upkeep\n|\n|t:|1698794426\n|switch|p2b: MONARCH|Corviknight, M|88\/100\n|-damage|p2b: MONARCH|75\/100|[from] Stealth Rock\n|turn|8\n|\n|t:|1698794450\n|switch|p1b: Quaquaval|Quaquaval, M|100\/100\n|move|p1a: Palafin|Jet Punch|p2a: DEVIANT\n|-damage|p2a: DEVIANT|32\/100\n|-enditem|p2a: DEVIANT|Sitrus Berry|[eat]\n|-heal|p2a: DEVIANT|57\/100|[from] item: Sitrus Berry\n|move|p2a: DEVIANT|Shadow Sneak|p1a: Palafin\n|-damage|p1a: Palafin|0 fnt\n|faint|p1a: Palafin\n|move|p2b: MONARCH|Tailwind|p2b: MONARCH\n|-sidestart|p2: uhdfhadfdaf|move: Tailwind\n|\n|upkeep\n|\n|t:|1698794452\n|switch|p1a: Kilowattrel|Kilowattrel, M|39\/100 brn\n|turn|9\n|\n|t:|1698794476\n|switch|p2a: 0GERPON|Golduck, M|100\/100\n|-damage|p2a: 0GERPON|88\/100|[from] Stealth Rock\n|-ability|p2a: 0GERPON|Cloud Nine\n|move|p1a: Kilowattrel|Thunderbolt|p2b: MONARCH\n|-supereffective|p2b: MONARCH\n|-damage|p2b: MONARCH|0 fnt\n|faint|p2b: MONARCH\n|move|p1b: Quaquaval|Aqua Step|p2a: 0GERPON\n|-resisted|p2a: 0GERPON\n|-damage|p2a: 0GERPON|66\/100\n|-boost|p1b: Quaquaval|spe|1\n|\n|-damage|p1a: Kilowattrel|33\/100 brn|[from] brn\n|upkeep\n|\n|t:|1698794489\n|switch|p2b: DEVIANT|Sableye, F, shiny|57\/100\n|-damage|p2b: DEVIANT|45\/100|[from] Stealth Rock\n|turn|10\n|\n|t:|1698794511\n|move|p2b: DEVIANT|Fake Out|p1a: Kilowattrel\n|-damage|p1a: Kilowattrel|20\/100 brn\n|move|p2a: 0GERPON|Psychic|p1b: Quaquaval\n|-supereffective|p1b: Quaquaval\n|-crit|p1b: Quaquaval\n|-damage|p1b: Quaquaval|17\/100\n|move|p1b: Quaquaval|Bulk Up|p1b: Quaquaval\n|-boost|p1b: Quaquaval|atk|1\n|-boost|p1b: Quaquaval|def|1\n|cant|p1a: Kilowattrel|flinch\n|\n|-damage|p1a: Kilowattrel|14\/100 brn|[from] brn\n|upkeep\n|turn|11\n|\n|t:|1698794531\n|move|p2b: DEVIANT|Shadow Sneak|p1a: Kilowattrel\n|-damage|p1a: Kilowattrel|0 fnt\n|faint|p1a: Kilowattrel\n|move|p2a: 0GERPON|Psychic|p1b: Quaquaval\n|-supereffective|p1b: Quaquaval\n|-crit|p1b: Quaquaval\n|-damage|p1b: Quaquaval|0 fnt\n|faint|p1b: Quaquaval\n|\n|win|uhdfhadfdaf\n|raw|Import's rating: 1298 &rarr; <strong>1274<\/strong><br \/>(-24 for losing)\n|raw|uhdfhadfdaf's rating: 1305 &rarr; <strong>1325<\/strong><br \/>(+20 for winning)\n|l|\u2606Import\n|c|\u2606uhdfhadfdaf|gg\n","uploadtime":1698794540,"views":28,"p1id":"import","p2id":"uhdfhadfdaf","formatid":"gen9doublesou","rating":1274,"private":0,"password":""}