{"id":"gen9doublesou-1971680873","p1":"SXD2002","p2":"kataia","format":"[Gen 9] Doubles OU","log":"|j|\u2606SXD2002\n|j|\u2606kataia\n|t:|1697760484\n|gametype|doubles\n|player|p1|SXD2002|silver-masters|1067\n|player|p2|kataia|unknown|1142\n|teamsize|p1|4\n|teamsize|p2|6\n|gen|9\n|tier|[Gen 9] Doubles OU\n|rated|\n|rule|Species Clause: Limit one of each Pok\u00e9mon\n|rule|OHKO Clause: OHKO moves are banned\n|rule|Evasion Moves Clause: Evasion moves are banned\n|rule|Gravity Sleep Clause: The combination of sleep-inducing moves with imperfect accuracy and Gravity or Gigantamax Orbeetle are banned\n|rule|Endless Battle Clause: Forcing endless battles is banned\n|rule|HP Percentage Mod: HP is shown in percentages\n|clearpoke\n|poke|p1|Lurantis, M|\n|poke|p1|Murkrow, M|\n|poke|p1|Grimmsnarl, M|\n|poke|p1|Clefairy, M|\n|poke|p2|Basculegion-F, F|\n|poke|p2|Leavanny, M|\n|poke|p2|Regieleki|\n|poke|p2|Hatterene, F|\n|poke|p2|Roaring Moon|\n|poke|p2|Iron Valiant|\n|teampreview\n|inactive|Battle timer is ON: inactive players will automatically lose when time's up. (requested by SXD2002)\n|\n|t:|1697760503\n|start\n|switch|p1a: Grimmsnarl|Grimmsnarl, M|100\/100\n|switch|p1b: Lurantis|Lurantis, M|100\/100\n|switch|p2a: Regieleki|Regieleki|100\/100\n|switch|p2b: Iron Valiant|Iron Valiant, shiny|100\/100\n|turn|1\n|inactive|SXD2002 has 120 seconds left.\n|inactive|kataia has 120 seconds left.\n|\n|t:|1697760558\n|move|p1a: Grimmsnarl|Fake Tears|p1b: Lurantis\n|-boost|p1b: Lurantis|spd|2\n|move|p2a: Regieleki|Light Screen|p2a: Regieleki\n|-sidestart|p2: kataia|move: Light Screen\n|move|p2b: Iron Valiant|Knock Off|p1a: Grimmsnarl\n|-resisted|p1a: Grimmsnarl\n|-damage|p1a: Grimmsnarl|91\/100\n|-enditem|p1a: Grimmsnarl|Leftovers|[from] move: Knock Off|[of] p2b: Iron Valiant\n|move|p1b: Lurantis|Leaf Storm|p2a: Regieleki\n|-damage|p2a: Regieleki|48\/100\n|-boost|p1b: Lurantis|spa|2\n|\n|upkeep\n|turn|2\n|inactive|SXD2002 has 120 seconds left.\n|inactive|kataia has 120 seconds left.\n|\n|t:|1697760580\n|move|p1a: Grimmsnarl|Fake Tears|p1b: Lurantis\n|-boost|p1b: Lurantis|spd|2\n|move|p2a: Regieleki|Volt Switch|p1b: Lurantis\n|-resisted|p1b: Lurantis\n|-damage|p1b: Lurantis|96\/100\n|\n|t:|1697760596\n|switch|p2a: Leavanny|Leavanny, M|100\/100|[from] Volt Switch\n|move|p2b: Iron Valiant|Dazzling Gleam|p1b: Lurantis|[spread] p1a,p1b\n|-supereffective|p1a: Grimmsnarl\n|-damage|p1a: Grimmsnarl|53\/100\n|-damage|p1b: Lurantis|90\/100\n|move|p1b: Lurantis|Superpower|p2a: Leavanny\n|-resisted|p2a: Leavanny\n|-damage|p2a: Leavanny|82\/100\n|-boost|p1b: Lurantis|atk|1\n|-boost|p1b: Lurantis|def|1\n|\n|-heal|p2a: Leavanny|88\/100|[from] item: Leftovers\n|-heal|p1b: Lurantis|96\/100|[from] item: Leftovers\n|upkeep\n|turn|3\n|inactive|kataia has 90 seconds left.\n|\n|t:|1697760632\n|-end|p2b: Iron Valiant|Quark Drive|[silent]\n|switch|p2b: Hatterene|Hatterene, F, shiny|100\/100\n|-terastallize|p1b: Lurantis|Steel\n|move|p1a: Grimmsnarl|Fake Tears|p1b: Lurantis\n|-boost|p1b: Lurantis|spd|2\n|move|p2a: Leavanny|Knock Off|p1b: Lurantis\n|-damage|p1b: Lurantis|79\/100\n|-enditem|p1b: Lurantis|Leftovers|[from] move: Knock Off|[of] p2a: Leavanny\n|move|p1b: Lurantis|Leaf Storm|p2b: Hatterene\n|-crit|p2b: Hatterene\n|-damage|p2b: Hatterene|0 fnt\n|-boost|p1b: Lurantis|spa|2\n|faint|p2b: Hatterene\n|\n|-heal|p2a: Leavanny|94\/100|[from] item: Leftovers\n|upkeep\n|\n|t:|1697760656\n|switch|p2b: Regieleki|Regieleki|48\/100\n|turn|4\n|inactive|kataia has 90 seconds left.\n|\n|t:|1697760681\n|move|p1a: Grimmsnarl|Scary Face|p1b: Lurantis\n|-boost|p1b: Lurantis|spe|2\n|move|p2b: Regieleki|Reflect|p2b: Regieleki\n|-sidestart|p2: kataia|Reflect\n|move|p2a: Leavanny|Fell Stinger|p1a: Grimmsnarl\n|-damage|p1a: Grimmsnarl|30\/100\n|move|p1b: Lurantis|Superpower|p2b: Regieleki\n|-damage|p2b: Regieleki|0 fnt\n|-boost|p1b: Lurantis|atk|1\n|-boost|p1b: Lurantis|def|1\n|faint|p2b: Regieleki\n|\n|-heal|p2a: Leavanny|99\/100|[from] item: Leftovers\n|upkeep\n|inactive|kataia has 60 seconds left.\n|\n|t:|1697760702\n|switch|p2b: Iron Valiant|Iron Valiant, shiny|100\/100\n|turn|5\n|\n|t:|1697760716\n|move|p1b: Lurantis|Protect|p1b: Lurantis\n|-singleturn|p1b: Lurantis|Protect\n|move|p2b: Iron Valiant|Vacuum Wave|p1a: Grimmsnarl\n|-damage|p1a: Grimmsnarl|18\/100\n|move|p1a: Grimmsnarl|Scary Face|p2b: Iron Valiant\n|-unboost|p2b: Iron Valiant|spe|2\n|move|p2a: Leavanny|Fell Stinger|p1a: Grimmsnarl\n|-damage|p1a: Grimmsnarl|0 fnt\n|faint|p1a: Grimmsnarl\n|-boost|p2a: Leavanny|atk|3\n|\n|-heal|p2a: Leavanny|100\/100|[from] item: Leftovers\n|-sideend|p2: kataia|move: Light Screen\n|upkeep\n|\n|t:|1697760729\n|switch|p1a: Murkrow|Murkrow, M|100\/100\n|turn|6\n|inactive|kataia has 90 seconds left.\n|\n|t:|1697760749\n|move|p2a: Leavanny|Protect|p2a: Leavanny\n|-singleturn|p2a: Leavanny|Protect\n|move|p1a: Murkrow|Thunder Wave|p2b: Iron Valiant\n|-status|p2b: Iron Valiant|par\n|move|p1b: Lurantis|Leaf Storm|p2b: Iron Valiant\n|-damage|p2b: Iron Valiant|7\/100 par\n|-boost|p1b: Lurantis|spa|2\n|cant|p2b: Iron Valiant|par\n|\n|upkeep\n|turn|7\n|\n|t:|1697760774\n|move|p1a: Murkrow|Screech|p1b: Lurantis\n|-boost|p1b: Lurantis|def|2\n|cant|p2b: Iron Valiant|par\n|move|p2a: Leavanny|Knock Off|p1a: Murkrow\n|-resisted|p1a: Murkrow\n|-damage|p1a: Murkrow|64\/100\n|-enditem|p1a: Murkrow|Eviolite|[from] move: Knock Off|[of] p2a: Leavanny\n|move|p1b: Lurantis|Superpower|p2b: Iron Valiant\n|-resisted|p2b: Iron Valiant\n|-damage|p2b: Iron Valiant|0 fnt\n|-boost|p1b: Lurantis|atk|1\n|-boost|p1b: Lurantis|def|1\n|faint|p2b: Iron Valiant\n|-end|p2b: Iron Valiant|Quark Drive|[silent]\n|\n|upkeep\n|inactive|kataia has 90 seconds left.\n|\n|t:|1697760796\n|switch|p2b: Basculegion|Basculegion-F, F, shiny|100\/100\n|turn|8\n|inactive|kataia has 90 seconds left.\n|\n|t:|1697760838\n|move|p1b: Lurantis|Protect|p1b: Lurantis\n|-singleturn|p1b: Lurantis|Protect\n|move|p1a: Murkrow|Thunder Wave|p2b: Basculegion\n|-status|p2b: Basculegion|par\n|cant|p2b: Basculegion|par\n|move|p2a: Leavanny|Fell Stinger|p1a: Murkrow\n|-damage|p1a: Murkrow|0 fnt\n|faint|p1a: Murkrow\n|-boost|p2a: Leavanny|atk|3\n|\n|-sideend|p2: kataia|Reflect\n|upkeep\n|\n|t:|1697760849\n|switch|p1a: Clefairy|Clefairy, M|100\/100\n|turn|9\n|inactive|kataia has 90 seconds left.\n|\n|t:|1697760887\n|move|p1a: Clefairy|Helping Hand|p1b: Lurantis\n|-singleturn|p1b: Lurantis|Helping Hand|[of] p1a: Clefairy\n|move|p2a: Leavanny|Knock Off|p1a: Clefairy\n|-resisted|p1a: Clefairy\n|-damage|p1a: Clefairy|51\/100\n|-enditem|p1a: Clefairy|Eviolite|[from] move: Knock Off|[of] p2a: Leavanny\n|move|p1b: Lurantis|Leaf Storm|p2b: Basculegion|[miss]\n|-miss|p1b: Lurantis|p2b: Basculegion\n|cant|p2b: Basculegion|par\n|\n|upkeep\n|turn|10\n|\n|t:|1697760913\n|move|p1a: Clefairy|Helping Hand|p1b: Lurantis\n|-singleturn|p1b: Lurantis|Helping Hand|[of] p1a: Clefairy\n|move|p2a: Leavanny|Protect|p2a: Leavanny\n|-singleturn|p2a: Leavanny|Protect\n|move|p2b: Basculegion|Aqua Jet|p1a: Clefairy\n|-damage|p1a: Clefairy|0 fnt\n|faint|p1a: Clefairy\n|-damage|p2b: Basculegion|91\/100 par|[from] item: Life Orb\n|move|p1b: Lurantis|Pollen Puff|p2a: Leavanny\n|-activate|p2a: Leavanny|move: Protect\n|\n|upkeep\n|turn|11\n|inactive|kataia has 60 seconds left.\n|\n|t:|1697760949\n|move|p2a: Leavanny|Fell Stinger|p1b: Lurantis\n|-resisted|p1b: Lurantis\n|-damage|p1b: Lurantis|68\/100\n|move|p1b: Lurantis|Pollen Puff|p2a: Leavanny\n|-supereffective|p2a: Leavanny\n|-damage|p2a: Leavanny|0 fnt\n|faint|p2a: Leavanny\n|move|p2b: Basculegion|Scale Shot|p1b: Lurantis\n|-resisted|p1b: Lurantis\n|-damage|p1b: Lurantis|66\/100\n|-resisted|p1b: Lurantis\n|-damage|p1b: Lurantis|65\/100\n|-resisted|p1b: Lurantis\n|-damage|p1b: Lurantis|63\/100\n|-hitcount|p1b: Lurantis|3\n|-unboost|p2b: Basculegion|def|1\n|-boost|p2b: Basculegion|spe|1\n|-damage|p2b: Basculegion|81\/100 par|[from] item: Life Orb\n|\n|upkeep\n|\n|t:|1697760967\n|switch|p2a: Roaring Moon|Roaring Moon, shiny|100\/100\n|turn|12\n|inactive|kataia has 60 seconds left.\n|\n|t:|1697760990\n|-terastallize|p2a: Roaring Moon|Fairy\n|move|p2a: Roaring Moon|Substitute|p2a: Roaring Moon\n|-start|p2a: Roaring Moon|Substitute\n|-damage|p2a: Roaring Moon|76\/100\n|move|p1b: Lurantis|Leaf Storm|p2b: Basculegion\n|-supereffective|p2b: Basculegion\n|-damage|p2b: Basculegion|0 fnt\n|faint|p2b: Basculegion\n|\n|upkeep\n|turn|13\n|inactive|kataia has 60 seconds left.\n|\n|t:|1697761005\n|move|p2a: Roaring Moon|Scale Shot|p1b: Lurantis\n|-resisted|p1b: Lurantis\n|-damage|p1b: Lurantis|61\/100\n|-resisted|p1b: Lurantis\n|-damage|p1b: Lurantis|59\/100\n|-resisted|p1b: Lurantis\n|-damage|p1b: Lurantis|57\/100\n|-resisted|p1b: Lurantis\n|-damage|p1b: Lurantis|55\/100\n|-resisted|p1b: Lurantis\n|-damage|p1b: Lurantis|52\/100\n|-hitcount|p1b: Lurantis|5\n|-unboost|p2a: Roaring Moon|def|1\n|-boost|p2a: Roaring Moon|spe|1\n|move|p1b: Lurantis|Pollen Puff|p2a: Roaring Moon\n|-resisted|p2a: Roaring Moon\n|-end|p2a: Roaring Moon|Substitute\n|\n|upkeep\n|turn|14\n|\n|t:|1697761027\n|move|p2a: Roaring Moon|Scale Shot|p1b: Lurantis|[miss]\n|-miss|p2a: Roaring Moon|p1b: Lurantis\n|move|p1b: Lurantis|Superpower|p2a: Roaring Moon\n|-resisted|p2a: Roaring Moon\n|-crit|p2a: Roaring Moon\n|-damage|p2a: Roaring Moon|0 fnt\n|-boost|p1b: Lurantis|atk|1\n|-boost|p1b: Lurantis|def|1\n|faint|p2a: Roaring Moon\n|-end|p2a: Roaring Moon|Protosynthesis|[silent]\n|\n|win|SXD2002\n|raw|SXD2002's rating: 1067 &rarr; <strong>1103<\/strong><br \/>(+36 for winning)\n|raw|kataia's rating: 1142 &rarr; <strong>1112<\/strong><br \/>(-30 for losing)\n|c|\u2606SXD2002|gg\n|l|\u2606kataia\n","uploadtime":1697761037,"views":14,"p1id":"sxd2002","p2id":"kataia","formatid":"gen9doublesou","rating":1103,"private":0,"password":""}