{"id":"gen9doublesou-1980535660","p1":"UY QUE RICO PAPI","p2":"Yakogoro","format":"[Gen 9] Doubles OU","log":"|j|\u2606UY QUE RICO PAPI\n|j|\u203dYakogoro\n|t:|1698794661\n|gametype|doubles\n|player|p1|UY QUE RICO PAPI|1|1196\n|player|p2|Yakogoro|265|1156\n|teamsize|p1|6\n|teamsize|p2|6\n|gen|9\n|tier|[Gen 9] Doubles OU\n|rated|\n|rule|Species Clause: Limit one of each Pok\u00e9mon\n|rule|OHKO Clause: OHKO moves are banned\n|rule|Evasion Moves Clause: Evasion moves are banned\n|rule|Gravity Sleep Clause: The combination of sleep-inducing moves with imperfect accuracy and Gravity or Gigantamax Orbeetle are banned\n|rule|Endless Battle Clause: Forcing endless battles is banned\n|rule|HP Percentage Mod: HP is shown in percentages\n|clearpoke\n|poke|p1|Bronzong|\n|poke|p1|Weavile, F|\n|poke|p1|Hatterene, F|\n|poke|p1|Ursaluna, F|\n|poke|p1|Trevenant, F|\n|poke|p1|Orthworm, M|\n|poke|p2|Ursaluna, F|\n|poke|p2|Cresselia, F|\n|poke|p2|Heatran, M|\n|poke|p2|Flutter Mane|\n|poke|p2|Iron Hands|\n|poke|p2|Abomasnow, M|\n|teampreview\n|inactive|Battle timer is ON: inactive players will automatically lose when time's up. (requested by Yakogoro)\n|\n|t:|1698794681\n|start\n|switch|p1a: Bronzong|Bronzong|100\/100\n|switch|p1b: Weavile|Weavile, F|100\/100\n|switch|p2a: Iron Hands|Iron Hands|100\/100\n|switch|p2b: Cresselia|Cresselia, F, shiny|100\/100\n|turn|1\n|\n|t:|1698794691\n|move|p1b: Weavile|Fake Out|p2a: Iron Hands\n|-damage|p2a: Iron Hands|92\/100\n|cant|p2a: Iron Hands|flinch\n|move|p1a: Bronzong|Stealth Rock|p2a: Iron Hands\n|-sidestart|p2: Yakogoro|move: Stealth Rock\n|move|p2b: Cresselia|Trick Room|p2b: Cresselia\n|-fieldstart|move: Trick Room|[of] p2b: Cresselia\n|\n|upkeep\n|turn|2\n|\n|t:|1698794716\n|move|p1b: Weavile|Helping Hand|p1a: Bronzong\n|-singleturn|p1a: Bronzong|Helping Hand|[of] p1b: Weavile\n|move|p1a: Bronzong|Steel Beam|p2b: Cresselia\n|-damage|p2b: Cresselia|57\/100\n|-damage|p1a: Bronzong|50\/100|[from] steelbeam\n|move|p2a: Iron Hands|Drain Punch|p1b: Weavile\n|-supereffective|p1b: Weavile\n|-enditem|p1b: Weavile|Focus Sash\n|-damage|p1b: Weavile|1\/100\n|-heal|p2a: Iron Hands|100\/100|[from] drain|[of] p1b: Weavile\n|-enditem|p2a: Iron Hands|Assault Vest|[silent]|[from] ability: Pickpocket|[of] p2a: Iron Hands\n|-item|p1b: Weavile|Assault Vest|[from] ability: Pickpocket|[of] p2a: Iron Hands\n|move|p2b: Cresselia|Future Sight|p1a: Bronzong\n|-start|p2b: Cresselia|move: Future Sight\n|\n|upkeep\n|turn|3\n|inactive|Yakogoro has 120 seconds left.\n|\n|t:|1698794755\n|move|p2b: Cresselia|Ally Switch|p2b: Cresselia\n|swap|p2b: Cresselia|0|[from] move: Ally Switch\n|move|p1b: Weavile|Ice Shard|p2b: Iron Hands\n|-damage|p2b: Iron Hands|89\/100\n|move|p1a: Bronzong|Steel Beam|p2b: Iron Hands|[miss]\n|-miss|p1a: Bronzong|p2b: Iron Hands\n|-damage|p1a: Bronzong|0 fnt|[from] steelbeam\n|faint|p1a: Bronzong\n|move|p2b: Iron Hands|Heavy Slam|p1b: Weavile\n|-supereffective|p1b: Weavile\n|-damage|p1b: Weavile|0 fnt\n|faint|p1b: Weavile\n|\n|upkeep\n|inactive|UY QUE RICO PAPI has 120 seconds left.\n|\n|t:|1698794770\n|switch|p1a: Orthworm|Orthworm, M|100\/100\n|switch|p1b: Ursaluna|Ursaluna, F|100\/100\n|turn|4\n|\n|t:|1698794790\n|switch|p2a: Abomasnow|Abomasnow, M, shiny|100\/100\n|-damage|p2a: Abomasnow|76\/100|[from] Stealth Rock\n|-weather|Snow|[from] ability: Snow Warning|[of] p2a: Abomasnow\n|move|p1b: Ursaluna|Protect|p1b: Ursaluna\n|-singleturn|p1b: Ursaluna|Protect\n|move|p2b: Iron Hands|Drain Punch|p2a: Abomasnow\n|-supereffective|p2a: Abomasnow\n|-damage|p2a: Abomasnow|13\/100\n|-heal|p2b: Iron Hands|100\/100|[from] drain|[of] p2a: Abomasnow\n|move|p1a: Orthworm|Smack Down|p2a: Abomasnow\n|-supereffective|p2a: Abomasnow\n|-damage|p2a: Abomasnow|0 fnt\n|faint|p2a: Abomasnow\n|\n|-weather|Snow|[upkeep]\n|-end|p1a: Orthworm|move: Future Sight\n|-resisted|p1a: Orthworm\n|-damage|p1a: Orthworm|85\/100\n|-status|p1b: Ursaluna|brn|[from] item: Flame Orb\n|upkeep\n|inactive|Yakogoro has 120 seconds left.\n|\n|t:|1698794816\n|switch|p2a: Heatran|Heatran, M, shiny|100\/100\n|-damage|p2a: Heatran|88\/100|[from] Stealth Rock\n|turn|5\n|\n|t:|1698794834\n|-terastallize|p1b: Ursaluna|Ground\n|move|p1b: Ursaluna|Earthquake|p2b: Iron Hands|[spread] p2a,p2b\n|-heal|p1a: Orthworm|100\/100|[from] ability: Earth Eater|[of] p1b: Ursaluna\n|-supereffective|p2a: Heatran\n|-supereffective|p2b: Iron Hands\n|-damage|p2a: Heatran|0 fnt\n|-damage|p2b: Iron Hands|0 fnt\n|faint|p2a: Heatran\n|faint|p2b: Iron Hands\n|-end|p2b: Iron Hands|Quark Drive|[silent]\n|move|p1a: Orthworm|Shed Tail|p1a: Orthworm\n|-start|p1a: Orthworm|Substitute|[from] move: Shed Tail\n|-damage|p1a: Orthworm|50\/100\n|-enditem|p1a: Orthworm|Sitrus Berry|[eat]\n|-heal|p1a: Orthworm|75\/100|[from] item: Sitrus Berry\n|inactive|UY QUE RICO PAPI has 120 seconds left.\n|\n|t:|1698794858\n|switch|p1a: Trevenant|Trevenant, F|100\/100|[from] Shed Tail\n|\n|-weather|Snow|[upkeep]\n|-damage|p1b: Ursaluna|94\/100 brn|[from] brn\n|-fieldend|move: Trick Room\n|upkeep\n|\n|t:|1698794866\n|switch|p2a: Flutter Mane|Flutter Mane|100\/100\n|switch|p2b: Cresselia|Cresselia, F, shiny|57\/100\n|-damage|p2a: Flutter Mane|88\/100|[from] Stealth Rock\n|-damage|p2b: Cresselia|45\/100|[from] Stealth Rock\n|turn|6\n|inactive|UY QUE RICO PAPI has 120 seconds left.\n|\n|t:|1698794900\n|-terastallize|p2a: Flutter Mane|Water\n|move|p1b: Ursaluna|Protect|p1b: Ursaluna\n|-singleturn|p1b: Ursaluna|Protect\n|move|p2a: Flutter Mane|Tera Blast|p1b: Ursaluna|[anim] Tera Blast Water\n|-activate|p1b: Ursaluna|move: Protect\n|move|p2b: Cresselia|Lunar Blessing|p2b: Cresselia|[spread] p2a,p2b\n|-heal|p2a: Flutter Mane|100\/100\n|-heal|p2b: Cresselia|70\/100\n|move|p1a: Trevenant|Disable|p2a: Flutter Mane\n|-start|p2a: Flutter Mane|Disable|Tera Blast\n|\n|-weather|Snow|[upkeep]\n|-damage|p1b: Ursaluna|88\/100 brn|[from] brn\n|upkeep\n|turn|7\n|\n|t:|1698794922\n|-end|p2a: Flutter Mane|Protosynthesis|[silent]\n|switch|p2a: Ursaluna|Ursaluna, F, shiny|100\/100\n|-damage|p2a: Ursaluna|94\/100|[from] Stealth Rock\n|move|p1a: Trevenant|Ally Switch|p1a: Trevenant\n|swap|p1a: Trevenant|1|[from] move: Ally Switch\n|move|p2b: Cresselia|Future Sight|p1b: Trevenant\n|-start|p2b: Cresselia|move: Future Sight\n|move|p1a: Ursaluna|Facade|p2b: Cresselia\n|-damage|p2b: Cresselia|0 fnt\n|-damage|p1a: Ursaluna|71\/100 brn|[from] item: Rocky Helmet|[of] p2b: Cresselia\n|faint|p2b: Cresselia\n|\n|-weather|Snow|[upkeep]\n|-damage|p1a: Ursaluna|65\/100 brn|[from] brn\n|-status|p2a: Ursaluna|brn|[from] item: Flame Orb\n|upkeep\n|\n|t:|1698794925\n|switch|p2b: Flutter Mane|Flutter Mane, tera:Water|100\/100\n|-damage|p2b: Flutter Mane|88\/100|[from] Stealth Rock\n|turn|8\n|inactive|Yakogoro has 120 seconds left.\n|\n|t:|1698794956\n|move|p1a: Ursaluna|Protect|p1a: Ursaluna\n|-singleturn|p1a: Ursaluna|Protect\n|move|p2b: Flutter Mane|Shadow Ball|p1b: Trevenant\n|-supereffective|p1b: Trevenant\n|-end|p1b: Trevenant|Substitute\n|move|p2a: Ursaluna|Swords Dance|p2a: Ursaluna\n|-boost|p2a: Ursaluna|atk|2\n|move|p1b: Trevenant|Trick Room|p1b: Trevenant\n|-fieldstart|move: Trick Room|[of] p1b: Trevenant\n|\n|-weather|none\n|-damage|p1a: Ursaluna|59\/100 brn|[from] brn\n|-damage|p2a: Ursaluna|88\/100 brn|[from] brn\n|upkeep\n|turn|9\n|\n|t:|1698794980\n|switch|p1a: Orthworm|Orthworm, M|75\/100\n|move|p2a: Ursaluna|Protect|p2a: Ursaluna\n|-singleturn|p2a: Ursaluna|Protect\n|move|p1b: Trevenant|Destiny Bond|p1b: Trevenant\n|-singlemove|p1b: Trevenant|Destiny Bond\n|move|p2b: Flutter Mane|Shadow Ball|p1b: Trevenant\n|-supereffective|p1b: Trevenant\n|-damage|p1b: Trevenant|12\/100\n|-enditem|p1b: Trevenant|Sitrus Berry|[eat]\n|-heal|p1b: Trevenant|37\/100|[from] item: Sitrus Berry\n|\n|-end|p1b: Trevenant|move: Future Sight\n|-damage|p1b: Trevenant|11\/100\n|-damage|p2a: Ursaluna|82\/100 brn|[from] brn\n|-item|p1b: Trevenant|Sitrus Berry|[from] ability: Harvest\n|upkeep\n|-enditem|p1b: Trevenant|Sitrus Berry|[eat]\n|-heal|p1b: Trevenant|36\/100|[from] item: Sitrus Berry\n|turn|10\n|\n|t:|1698795006\n|move|p2a: Ursaluna|Facade|p1b: Trevenant\n|-immune|p1b: Trevenant\n|move|p1b: Trevenant|Disable|p2b: Flutter Mane\n|-start|p2b: Flutter Mane|Disable|Shadow Ball\n|move|p1a: Orthworm|Shed Tail|p1a: Orthworm\n|-start|p1a: Orthworm|Substitute|[from] move: Shed Tail\n|-damage|p1a: Orthworm|25\/100\n|\n|t:|1698795014\n|switch|p1a: Hatterene|Hatterene, F|100\/100|[from] Shed Tail\n|cant|p2b: Flutter Mane|Disable|Shadow Ball\n|\n|-damage|p2a: Ursaluna|76\/100 brn|[from] brn\n|-item|p1b: Trevenant|Sitrus Berry|[from] ability: Harvest\n|upkeep\n|-enditem|p1b: Trevenant|Sitrus Berry|[eat]\n|-heal|p1b: Trevenant|61\/100|[from] item: Sitrus Berry\n|turn|11\n|\n|t:|1698795038\n|move|p1a: Hatterene|Dazzling Gleam|p2b: Flutter Mane|[spread] p2a,p2b\n|-damage|p2a: Ursaluna|45\/100 brn\n|-damage|p2b: Flutter Mane|61\/100\n|move|p2a: Ursaluna|Earthquake|p1b: Trevenant|[spread] p2b,p1a,p1b\n|-end|p1a: Hatterene|Substitute\n|-resisted|p1b: Trevenant\n|-damage|p2b: Flutter Mane|0 fnt\n|-damage|p1b: Trevenant|0 fnt\n|faint|p2b: Flutter Mane\n|-end|p2b: Flutter Mane|Protosynthesis|[silent]\n|faint|p1b: Trevenant\n|\n|-damage|p2a: Ursaluna|38\/100 brn|[from] brn\n|upkeep\n|inactive|UY QUE RICO PAPI has 120 seconds left.\n|-message|Yakogoro forfeited.\n|\n|win|UY QUE RICO PAPI\n|raw|UY QUE RICO PAPI's rating: 1196 &rarr; <strong>1218<\/strong><br \/>(+22 for winning)\n|raw|Yakogoro's rating: 1156 &rarr; <strong>1134<\/strong><br \/>(-22 for losing)\n|l|\u203dYakogoro\n","uploadtime":1698795065,"views":32,"p1id":"uyquericopapi","p2id":"yakogoro","formatid":"gen9doublesou","rating":1134,"private":0,"password":""}