{"id":"gen9doublesou-1987698984","p1":"cotesmcgotes","p2":"Jooooddd","format":"[Gen 9] Doubles OU","log":"|j|\u2606cotesmcgotes\n|j|\u2606Jooooddd\n|t:|1699628815\n|gametype|doubles\n|player|p1|cotesmcgotes|flannery|1320\n|player|p2|Jooooddd|2|1391\n|teamsize|p1|6\n|teamsize|p2|6\n|gen|9\n|tier|[Gen 9] Doubles OU\n|rated|\n|rule|Species Clause: Limit one of each Pok\u00e9mon\n|rule|OHKO Clause: OHKO moves are banned\n|rule|Evasion Moves Clause: Evasion moves are banned\n|rule|Gravity Sleep Clause: The combination of sleep-inducing moves with imperfect accuracy and Gravity or Gigantamax Orbeetle are banned\n|rule|Endless Battle Clause: Forcing endless battles is banned\n|rule|HP Percentage Mod: HP is shown in percentages\n|clearpoke\n|poke|p1|Cresselia, F|\n|poke|p1|Overqwil, F|\n|poke|p1|Tornadus, M|\n|poke|p1|Palafin, F|\n|poke|p1|Flutter Mane|\n|poke|p1|Amoonguss, F|\n|poke|p2|Snorlax, F|\n|poke|p2|Sinistcha|\n|poke|p2|Landorus-Therian, M|\n|poke|p2|Iron Hands|\n|poke|p2|Kommo-o, M|\n|poke|p2|Happiny, F|\n|teampreview\n|inactive|Battle timer is ON: inactive players will automatically lose when time's up. (requested by Jooooddd)\n|\n|t:|1699628825\n|start\n|switch|p1a: Tornadus|Tornadus, M, shiny|100\/100\n|switch|p1b: Palafin|Palafin, F|100\/100\n|switch|p2a: Landorus|Landorus-Therian, M|100\/100\n|switch|p2b: Snorlax|Snorlax, F|100\/100\n|-ability|p2a: Landorus|Intimidate|boost\n|-unboost|p1a: Tornadus|atk|1\n|-unboost|p1b: Palafin|atk|1\n|turn|1\n|\n|t:|1699628834\n|move|p1a: Tornadus|Tailwind|p1a: Tornadus\n|-sidestart|p1: cotesmcgotes|move: Tailwind\n|move|p1b: Palafin|Flip Turn|p2a: Landorus\n|-supereffective|p2a: Landorus\n|-damage|p2a: Landorus|70\/100\n|\n|t:|1699628840\n|detailschange|p1b: Palafin|Palafin-Hero, F\n|switch|p1b: Flutter Mane|Flutter Mane|100\/100|[from] Flip Turn\n|move|p2a: Landorus|U-turn|p1b: Flutter Mane\n|-resisted|p1b: Flutter Mane\n|-damage|p1b: Flutter Mane|85\/100\n|\n|t:|1699628854\n|switch|p2a: Happiny|Happiny, F|100\/100|[from] U-turn\n|move|p2b: Snorlax|Belly Drum|p2b: Snorlax\n|-damage|p2b: Snorlax|50\/100\n|-setboost|p2b: Snorlax|atk|6|[from] move: Belly Drum\n|-enditem|p2b: Snorlax|Sitrus Berry|[eat]\n|-heal|p2b: Snorlax|75\/100|[from] item: Sitrus Berry\n|\n|upkeep\n|turn|2\n|\n|t:|1699628879\n|move|p1a: Tornadus|Taunt|p2a: Happiny\n|-start|p2a: Happiny|move: Taunt\n|move|p1b: Flutter Mane|Dazzling Gleam|p2b: Snorlax|[spread] p2a,p2b\n|-damage|p2a: Happiny|75\/100\n|-damage|p2b: Snorlax|60\/100\n|move|p2a: Happiny|Icy Wind|p1b: Flutter Mane|[spread] p1a,p1b\n|-supereffective|p1a: Tornadus\n|-damage|p1a: Tornadus|97\/100\n|-damage|p1b: Flutter Mane|83\/100\n|-unboost|p1a: Tornadus|spe|1\n|-unboost|p1b: Flutter Mane|spe|1\n|move|p2b: Snorlax|High Horsepower|p1b: Flutter Mane\n|-damage|p1b: Flutter Mane|0 fnt\n|faint|p1b: Flutter Mane\n|-end|p1b: Flutter Mane|Protosynthesis|[silent]\n|\n|upkeep\n|\n|t:|1699628892\n|switch|p1b: Overqwil|Overqwil, F|100\/100\n|turn|3\n|\n|t:|1699628910\n|switch|p2a: Sinistcha|Sinistcha|100\/100\n|-heal|p2b: Snorlax|85\/100|[from] ability: Hospitality|[of] p2a: Sinistcha\n|move|p1a: Tornadus|Rain Dance|p1a: Tornadus\n|-weather|RainDance\n|move|p1b: Overqwil|Crunch|p2b: Snorlax\n|-damage|p2b: Snorlax|53\/100\n|move|p2b: Snorlax|High Horsepower|p1b: Overqwil\n|-supereffective|p1b: Overqwil\n|-damage|p1b: Overqwil|0 fnt\n|faint|p1b: Overqwil\n|\n|-weather|RainDance|[upkeep]\n|upkeep\n|\n|t:|1699628920\n|switch|p1b: Palafin|Palafin-Hero, F|100\/100\n|-activate|p1b: Palafin|ability: Zero to Hero\n|turn|4\n|\n|t:|1699628939\n|-terastallize|p1b: Palafin|Fighting\n|move|p2b: Snorlax|Protect|p2b: Snorlax\n|-singleturn|p2b: Snorlax|Protect\n|move|p1b: Palafin|Drain Punch|p2b: Snorlax\n|-activate|p2b: Snorlax|move: Protect\n|move|p1a: Tornadus|Bleakwind Storm|p2a: Sinistcha|[spread] p2a\n|-activate|p2b: Snorlax|move: Protect\n|-supereffective|p2a: Sinistcha\n|-damage|p2a: Sinistcha|46\/100\n|-unboost|p2a: Sinistcha|spe|1\n|move|p2a: Sinistcha|Matcha Gotcha|p1a: Tornadus|[spread] p1a,p1b\n|-resisted|p1a: Tornadus\n|-damage|p1a: Tornadus|87\/100\n|-heal|p2a: Sinistcha|51\/100|[from] drain|[of] p1a: Tornadus\n|-damage|p1b: Palafin|74\/100\n|-heal|p2a: Sinistcha|64\/100|[from] drain|[of] p1b: Palafin\n|-status|p1b: Palafin|brn\n|\n|-weather|RainDance|[upkeep]\n|-heal|p2a: Sinistcha|70\/100|[from] item: Leftovers\n|-damage|p1b: Palafin|68\/100 brn|[from] brn\n|-sideend|p1: cotesmcgotes|move: Tailwind\n|upkeep\n|turn|5\n|inactive|Jooooddd has 120 seconds left.\n|\n|t:|1699628971\n|move|p1a: Tornadus|Tailwind|p1a: Tornadus\n|-sidestart|p1: cotesmcgotes|move: Tailwind\n|move|p1b: Palafin|Drain Punch|p2b: Snorlax\n|-supereffective|p2b: Snorlax\n|-damage|p2b: Snorlax|15\/100\n|-heal|p1b: Palafin|93\/100 brn|[from] drain|[of] p2b: Snorlax\n|move|p2b: Snorlax|Facade|p1a: Tornadus\n|-damage|p1a: Tornadus|0 fnt\n|faint|p1a: Tornadus\n|move|p2a: Sinistcha|Trick Room|p2a: Sinistcha\n|-fieldstart|move: Trick Room|[of] p2a: Sinistcha\n|\n|-weather|RainDance|[upkeep]\n|-heal|p2a: Sinistcha|77\/100|[from] item: Leftovers\n|-damage|p1b: Palafin|87\/100 brn|[from] brn\n|upkeep\n|\n|t:|1699628985\n|switch|p1a: Amoonguss|Amoonguss, F, shiny|100\/100\n|turn|6\n|\n|t:|1699628998\n|move|p1b: Palafin|Jet Punch|p2b: Snorlax\n|-damage|p2b: Snorlax|0 fnt\n|faint|p2b: Snorlax\n|move|p2a: Sinistcha|Matcha Gotcha|p1a: Amoonguss|[spread] p1a,p1b\n|-resisted|p1a: Amoonguss\n|-damage|p1a: Amoonguss|95\/100\n|-heal|p2a: Sinistcha|80\/100|[from] drain|[of] p1a: Amoonguss\n|-damage|p1b: Palafin|62\/100 brn\n|-heal|p2a: Sinistcha|93\/100|[from] drain|[of] p1b: Palafin\n|move|p1a: Amoonguss|Pollen Puff|p2a: Sinistcha\n|-damage|p2a: Sinistcha|68\/100\n|\n|-weather|RainDance|[upkeep]\n|-heal|p2a: Sinistcha|74\/100|[from] item: Leftovers\n|-damage|p1b: Palafin|56\/100 brn|[from] brn\n|upkeep\n|l|\u2606cotesmcgotes\n|inactive|cotesmcgotes disconnected and has a minute to reconnect!\n|player|p1|\n|inactive|Jooooddd has 120 seconds left.\n|\n|t:|1699629023\n|switch|p2b: Iron Hands|Iron Hands|100\/100\n|turn|7\n|j|\u2606cotesmcgotes\n|inactive|cotesmcgotes reconnected and has 150 seconds left.\n|player|p1|cotesmcgotes|flannery\n|\n|t:|1699629040\n|move|p2b: Iron Hands|Fake Out|p1b: Palafin\n|-damage|p1b: Palafin|39\/100 brn\n|move|p2a: Sinistcha|Strength Sap|p1b: Palafin\n|-unboost|p1b: Palafin|atk|1\n|-heal|p2a: Sinistcha|100\/100\n|move|p1a: Amoonguss|Spore|p2b: Iron Hands\n|-status|p2b: Iron Hands|slp|[from] move: Spore\n|cant|p1b: Palafin|flinch\n|\n|-weather|RainDance|[upkeep]\n|-damage|p1b: Palafin|32\/100 brn|[from] brn\n|upkeep\n|turn|8\n|\n|t:|1699629060\n|switch|p1b: Cresselia|Cresselia, F, shiny|100\/100\n|move|p2a: Sinistcha|Matcha Gotcha|p1a: Amoonguss|[spread] p1a,p1b\n|-resisted|p1a: Amoonguss\n|-damage|p1a: Amoonguss|89\/100\n|-damage|p1b: Cresselia|84\/100\n|cant|p2b: Iron Hands|slp\n|move|p1a: Amoonguss|Giga Drain|p2b: Iron Hands\n|-damage|p2b: Iron Hands|74\/100 slp\n|-heal|p1a: Amoonguss|100\/100|[from] drain|[of] p2b: Iron Hands\n|\n|-weather|RainDance|[upkeep]\n|-heal|p2b: Iron Hands|80\/100 slp|[from] item: Leftovers\n|-heal|p1b: Cresselia|90\/100|[from] item: Leftovers\n|-sideend|p1: cotesmcgotes|move: Tailwind\n|upkeep\n|turn|9\n|\n|t:|1699629089\n|move|p1a: Amoonguss|Rage Powder|p1a: Amoonguss\n|-singleturn|p1a: Amoonguss|move: Rage Powder\n|move|p2a: Sinistcha|Matcha Gotcha|p1a: Amoonguss|[spread] p1a,p1b\n|-resisted|p1a: Amoonguss\n|-damage|p1a: Amoonguss|94\/100\n|-damage|p1b: Cresselia|75\/100\n|-status|p1a: Amoonguss|brn\n|-curestatus|p2b: Iron Hands|slp|[msg]\n|move|p2b: Iron Hands|Heavy Slam|p1a: Amoonguss\n|-damage|p1a: Amoonguss|41\/100 brn\n|move|p1b: Cresselia|Calm Mind|p1b: Cresselia\n|-boost|p1b: Cresselia|spa|1\n|-boost|p1b: Cresselia|spd|1\n|\n|-weather|RainDance|[upkeep]\n|-heal|p2b: Iron Hands|86\/100|[from] item: Leftovers\n|-heal|p1b: Cresselia|81\/100|[from] item: Leftovers\n|-damage|p1a: Amoonguss|35\/100 brn|[from] brn\n|-fieldend|move: Trick Room\n|upkeep\n|turn|10\n|\n|t:|1699629106\n|switch|p1a: Palafin|Palafin-Hero, F, tera:Fighting|32\/100 brn\n|move|p1b: Cresselia|Calm Mind|p1b: Cresselia\n|-boost|p1b: Cresselia|spa|1\n|-boost|p1b: Cresselia|spd|1\n|move|p2b: Iron Hands|Heavy Slam|p1a: Palafin\n|-damage|p1a: Palafin|3\/100 brn\n|move|p2a: Sinistcha|Matcha Gotcha|p1b: Cresselia|[spread] p1a,p1b\n|-damage|p1a: Palafin|0 fnt\n|-damage|p1b: Cresselia|73\/100\n|faint|p1a: Palafin\n|\n|-weather|none\n|-heal|p1b: Cresselia|79\/100|[from] item: Leftovers\n|-heal|p2b: Iron Hands|92\/100|[from] item: Leftovers\n|upkeep\n|\n|t:|1699629115\n|switch|p1a: Amoonguss|Amoonguss, F, shiny|68\/100 brn\n|turn|11\n|\n|t:|1699629126\n|move|p1b: Cresselia|Calm Mind|p1b: Cresselia\n|-boost|p1b: Cresselia|spa|1\n|-boost|p1b: Cresselia|spd|1\n|move|p2b: Iron Hands|Heavy Slam|p1a: Amoonguss\n|-damage|p1a: Amoonguss|16\/100 brn\n|move|p2a: Sinistcha|Matcha Gotcha|p1b: Cresselia|[spread] p1b\n|-miss|p2a: Sinistcha|p1a: Amoonguss\n|-damage|p1b: Cresselia|73\/100\n|move|p1a: Amoonguss|Spore|p2b: Iron Hands\n|-status|p2b: Iron Hands|slp|[from] move: Spore\n|\n|-heal|p1b: Cresselia|79\/100|[from] item: Leftovers\n|-heal|p2b: Iron Hands|99\/100 slp|[from] item: Leftovers\n|-damage|p1a: Amoonguss|10\/100 brn|[from] brn\n|upkeep\n|turn|12\n|\n|t:|1699629144\n|move|p1b: Cresselia|Stored Power|p2a: Sinistcha\n|-damage|p2a: Sinistcha|0 fnt\n|faint|p2a: Sinistcha\n|cant|p2b: Iron Hands|slp\n|move|p1a: Amoonguss|Giga Drain|p2b: Iron Hands\n|-damage|p2b: Iron Hands|75\/100 slp\n|-heal|p1a: Amoonguss|26\/100 brn|[from] drain|[of] p2b: Iron Hands\n|\n|-heal|p1b: Cresselia|85\/100|[from] item: Leftovers\n|-heal|p2b: Iron Hands|81\/100 slp|[from] item: Leftovers\n|-damage|p1a: Amoonguss|20\/100 brn|[from] brn\n|upkeep\n|\n|t:|1699629154\n|switch|p2a: Landorus|Landorus-Therian, M|70\/100\n|-ability|p2a: Landorus|Intimidate|boost\n|-unboost|p1a: Amoonguss|atk|1\n|-unboost|p1b: Cresselia|atk|1\n|turn|13\n|\n|t:|1699629167\n|move|p2a: Landorus|U-turn|p1b: Cresselia\n|-supereffective|p1b: Cresselia\n|-damage|p1b: Cresselia|44\/100\n|\n|t:|1699629170\n|switch|p2a: Happiny|Happiny, F|75\/100|[from] U-turn\n|move|p1b: Cresselia|Stored Power|p2b: Iron Hands\n|-supereffective|p2b: Iron Hands\n|-damage|p2b: Iron Hands|0 fnt\n|faint|p2b: Iron Hands\n|-end|p2b: Iron Hands|Quark Drive|[silent]\n|move|p1a: Amoonguss|Giga Drain|p2a: Happiny\n|-damage|p2a: Happiny|51\/100\n|-heal|p1a: Amoonguss|35\/100 brn|[from] drain|[of] p2a: Happiny\n|\n|-heal|p1b: Cresselia|50\/100|[from] item: Leftovers\n|-damage|p1a: Amoonguss|29\/100 brn|[from] brn\n|upkeep\n|\n|t:|1699629182\n|switch|p2b: Landorus|Landorus-Therian, M|70\/100\n|-ability|p2b: Landorus|Intimidate|boost\n|-unboost|p1a: Amoonguss|atk|1\n|-unboost|p1b: Cresselia|atk|1\n|turn|14\n|\n|t:|1699629196\n|move|p1a: Amoonguss|Rage Powder|p1a: Amoonguss\n|-singleturn|p1a: Amoonguss|move: Rage Powder\n|move|p2b: Landorus|U-turn|p1a: Amoonguss\n|-damage|p1a: Amoonguss|0 fnt\n|faint|p1a: Amoonguss\n|\n|t:|1699629209\n|switch|p2b: Kommo-o|Kommo-o, M|100\/100|[from] U-turn\n|move|p1b: Cresselia|Stored Power|p2b: Kommo-o\n|-supereffective|p2b: Kommo-o\n|-damage|p2b: Kommo-o|0 fnt\n|faint|p2b: Kommo-o\n|move|p2a: Happiny|Icy Wind|p1b: Cresselia\n|-damage|p1b: Cresselia|49\/100\n|-unboost|p1b: Cresselia|spe|1\n|\n|-heal|p1b: Cresselia|55\/100|[from] item: Leftovers\n|upkeep\n|\n|t:|1699629220\n|switch|p2b: Landorus|Landorus-Therian, M|70\/100\n|-ability|p2b: Landorus|Intimidate|boost\n|-unboost|p1b: Cresselia|atk|1\n|turn|15\n|\n|t:|1699629229\n|move|p2b: Landorus|U-turn|p1b: Cresselia\n|-supereffective|p1b: Cresselia\n|-damage|p1b: Cresselia|12\/100\n|move|p1b: Cresselia|Stored Power|p2b: Landorus\n|-crit|p2b: Landorus\n|-damage|p2b: Landorus|0 fnt\n|faint|p2b: Landorus\n|move|p2a: Happiny|Hyper Voice|p1b: Cresselia\n|-damage|p1b: Cresselia|9\/100\n|\n|-heal|p1b: Cresselia|15\/100|[from] item: Leftovers\n|upkeep\n|turn|16\n|-message|Jooooddd forfeited.\n|\n|win|cotesmcgotes\n|raw|cotesmcgotes's rating: 1320 &rarr; <strong>1344<\/strong><br \/>(+24 for winning)\n|raw|Jooooddd's rating: 1391 &rarr; <strong>1367<\/strong><br \/>(-24 for losing)\n|l|\u2606Jooooddd\n","uploadtime":1699629244,"views":5,"p1id":"cotesmcgotes","p2id":"jooooddd","formatid":"gen9doublesou","rating":1344,"private":0,"password":""}