{"id":"gen9doublesou-1970169775","p1":"brass shark","p2":"Ice-2-m33t-u","format":"[Gen 9] Doubles OU","log":"|j|\u2606brass shark\n|j|\u2606Ice-2-m33t-u\n|t:|1697604383\n|gametype|doubles\n|player|p1|brass shark|102|1132\n|player|p2|Ice-2-m33t-u|101|1177\n|teamsize|p1|6\n|teamsize|p2|6\n|gen|9\n|tier|[Gen 9] Doubles OU\n|rated|\n|rule|Species Clause: Limit one of each Pok\u00e9mon\n|rule|OHKO Clause: OHKO moves are banned\n|rule|Evasion Moves Clause: Evasion moves are banned\n|rule|Gravity Sleep Clause: The combination of sleep-inducing moves with imperfect accuracy and Gravity or Gigantamax Orbeetle are banned\n|rule|Endless Battle Clause: Forcing endless battles is banned\n|rule|HP Percentage Mod: HP is shown in percentages\n|clearpoke\n|poke|p1|Scream Tail|\n|poke|p1|Tinkaton, F|\n|poke|p1|Zoroark-Hisui, M|\n|poke|p1|Kleavor, M|\n|poke|p1|Lokix, M|\n|poke|p1|Magnezone|\n|poke|p2|Lilligant-Hisui, F|\n|poke|p2|Torkoal, F|\n|poke|p2|Flutter Mane|\n|poke|p2|Chien-Pao|\n|poke|p2|Dragonite, M|\n|poke|p2|Diancie|\n|teampreview\n|inactive|Battle timer is ON: inactive players will automatically lose when time's up. (requested by Ice-2-m33t-u)\n|\n|t:|1697604413\n|start\n|switch|p1a: Kleavor|Kleavor, M|100\/100\n|switch|p1b: Magnezone|Magnezone|100\/100\n|switch|p2a: Torkoal|Torkoal, F|100\/100\n|switch|p2b: Lilligant|Lilligant-Hisui, F|100\/100\n|-item|p1b: Magnezone|Air Balloon\n|-weather|SunnyDay|[from] ability: Drought|[of] p2a: Torkoal\n|turn|1\n|\n|t:|1697604443\n|move|p2b: Lilligant|Solar Blade||[still]\n|-prepare|p2b: Lilligant|Solar Blade\n|-anim|p2b: Lilligant|Solar Blade|p1a: Kleavor\n|-damage|p1a: Kleavor|26\/100\n|move|p1a: Kleavor|Stone Axe|p2a: Torkoal\n|-supereffective|p2a: Torkoal\n|-damage|p2a: Torkoal|25\/100\n|-sidestart|p2: Ice-2-m33t-u|move: Stealth Rock\n|move|p1b: Magnezone|Flamethrower|p2b: Lilligant\n|-supereffective|p2b: Lilligant\n|-enditem|p2b: Lilligant|Focus Sash\n|-damage|p2b: Lilligant|1\/100\n|move|p2a: Torkoal|Eruption|p1a: Kleavor|[spread] p1a,p1b\n|-damage|p1a: Kleavor|0 fnt\n|-damage|p1b: Magnezone|57\/100\n|replace|p1b: Zoroark|Zoroark-Hisui, M\n|-end|p1b: Zoroark|Illusion\n|-enditem|p1b: Zoroark|Air Balloon\n|faint|p1a: Kleavor\n|\n|-weather|SunnyDay|[upkeep]\n|upkeep\n|inactive|brass shark has 120 seconds left.\n|\n|t:|1697604461\n|switch|p1a: Tinkaton|Tinkaton, F|100\/100\n|-ability|p1a: Tinkaton|Mold Breaker\n|turn|2\n|\n|t:|1697604485\n|move|p1a: Tinkaton|Fake Out|p2b: Lilligant\n|-damage|p2b: Lilligant|0 fnt\n|faint|p2b: Lilligant\n|move|p1b: Zoroark|Bitter Malice|p2a: Torkoal\n|-damage|p2a: Torkoal|0 fnt\n|faint|p2a: Torkoal\n|\n|-weather|SunnyDay|[upkeep]\n|upkeep\n|\n|t:|1697604493\n|switch|p2b: Chien-Pao|Chien-Pao|100\/100\n|switch|p2a: Diancie|Diancie|100\/100\n|-damage|p2b: Chien-Pao|76\/100|[from] Stealth Rock\n|-ability|p2b: Chien-Pao|Sword of Ruin\n|-damage|p2a: Diancie|88\/100|[from] Stealth Rock\n|turn|3\n|\n|t:|1697604505\n|move|p2b: Chien-Pao|Sucker Punch|p1b: Zoroark\n|-supereffective|p1b: Zoroark\n|-damage|p1b: Zoroark|0 fnt\n|faint|p1b: Zoroark\n|move|p1a: Tinkaton|Light Screen|p1a: Tinkaton\n|-sidestart|p1: brass shark|move: Light Screen\n|move|p2a: Diancie|Trick Room|p2a: Diancie\n|-fieldstart|move: Trick Room|[of] p2a: Diancie\n|\n|-weather|SunnyDay|[upkeep]\n|upkeep\n|\n|t:|1697604519\n|switch|p1b: Lokix|Lokix, M|100\/100\n|turn|4\n|\n|t:|1697604538\n|switch|p2b: Flutter Mane|Flutter Mane|100\/100\n|-damage|p2b: Flutter Mane|88\/100|[from] Stealth Rock\n|-activate|p2b: Flutter Mane|ability: Protosynthesis\n|-start|p2b: Flutter Mane|protosynthesisspa\n|move|p1b: Lokix|First Impression|p2b: Flutter Mane\n|-resisted|p2b: Flutter Mane\n|-damage|p2b: Flutter Mane|59\/100\n|move|p2a: Diancie|Diamond Storm|p1a: Tinkaton|[spread] p1a,p1b\n|-resisted|p1a: Tinkaton\n|-supereffective|p1b: Lokix\n|-damage|p1a: Tinkaton|76\/100\n|-damage|p1b: Lokix|0 fnt\n|-boost|p2a: Diancie|def|2\n|faint|p1b: Lokix\n|move|p1a: Tinkaton|Gigaton Hammer|p2a: Diancie\n|-supereffective|p2a: Diancie\n|-damage|p2a: Diancie|0 fnt\n|faint|p2a: Diancie\n|\n|-weather|SunnyDay|[upkeep]\n|upkeep\n|inactive|brass shark has 120 seconds left.\n|\n|t:|1697604578\n|switch|p2a: Dragonite|Dragonite, M|100\/100\n|switch|p1b: Magnezone|Magnezone|100\/100\n|-damage|p2a: Dragonite|75\/100|[from] Stealth Rock\n|turn|5\n|inactive|brass shark has 120 seconds left.\n|\n|t:|1697604608\n|move|p1b: Magnezone|Volt Switch|p2a: Dragonite\n|-damage|p2a: Dragonite|7\/100\n|\n|t:|1697604611\n|switch|p1b: Scream Tail|Scream Tail|100\/100|[from] Volt Switch\n|-activate|p1b: Scream Tail|ability: Protosynthesis\n|-start|p1b: Scream Tail|protosynthesisspd\n|move|p2a: Dragonite|Fire Punch|p1b: Scream Tail\n|-damage|p1b: Scream Tail|50\/100\n|move|p1a: Tinkaton|Knock Off|p2b: Flutter Mane\n|-damage|p2b: Flutter Mane|21\/100\n|-enditem|p2b: Flutter Mane|Choice Specs|[from] move: Knock Off|[of] p1a: Tinkaton\n|move|p2b: Flutter Mane|Dazzling Gleam|p1b: Scream Tail|[spread] p1a,p1b\n|-resisted|p1a: Tinkaton\n|-damage|p1a: Tinkaton|62\/100\n|-damage|p1b: Scream Tail|37\/100\n|\n|-weather|none\n|-end|p1b: Scream Tail|Protosynthesis\n|-end|p2b: Flutter Mane|Protosynthesis\n|upkeep\n|turn|6\n|inactive|brass shark has 120 seconds left.\n|\n|t:|1697604647\n|switch|p1a: Magnezone|Magnezone|100\/100\n|-end|p2b: Flutter Mane|Protosynthesis|[silent]\n|switch|p2b: Chien-Pao|Chien-Pao|76\/100\n|-damage|p2b: Chien-Pao|51\/100|[from] Stealth Rock\n|-ability|p2b: Chien-Pao|Sword of Ruin\n|move|p1b: Scream Tail|Psychic Fangs|p2a: Dragonite\n|-damage|p2a: Dragonite|0 fnt\n|faint|p2a: Dragonite\n|-damage|p1b: Scream Tail|27\/100|[from] item: Life Orb\n|\n|upkeep\n|\n|t:|1697604659\n|switch|p2a: Flutter Mane|Flutter Mane|21\/100\n|-damage|p2a: Flutter Mane|8\/100|[from] Stealth Rock\n|turn|7\n|inactive|brass shark has 120 seconds left.\n|\n|t:|1697604690\n|move|p1a: Magnezone|Thunderbolt|p2a: Flutter Mane\n|-damage|p2a: Flutter Mane|0 fnt\n|faint|p2a: Flutter Mane\n|-end|p2a: Flutter Mane|Protosynthesis|[silent]\n|move|p1b: Scream Tail|Drain Punch|p2b: Chien-Pao\n|-supereffective|p2b: Chien-Pao\n|-damage|p2b: Chien-Pao|0 fnt\n|-heal|p1b: Scream Tail|45\/100|[from] drain|[of] p2b: Chien-Pao\n|faint|p2b: Chien-Pao\n|-damage|p1b: Scream Tail|35\/100|[from] item: Life Orb\n|\n|win|brass shark\n|raw|brass shark's rating: 1132 &rarr; <strong>1160<\/strong><br \/>(+28 for winning)\n|raw|Ice-2-m33t-u's rating: 1177 &rarr; <strong>1149<\/strong><br \/>(-28 for losing)\n","uploadtime":1697604707,"views":20,"p1id":"brassshark","p2id":"ice2m33tu","formatid":"gen9doublesou","rating":1149,"private":0,"password":""}