{"id":"gen9doublesou-1983620776","p1":"zoe","p2":"Memoric","format":"[Gen 9] Doubles OU","log":"|j|\u2606zoe\n|j|\u2606Memoric\n|t:|1699150371\n|gametype|doubles\n|player|p1|zoe|#uuplxiidols|\n|player|p2|Memoric|#memoric|\n|teamsize|p1|6\n|teamsize|p2|6\n|gen|9\n|tier|[Gen 9] Doubles OU\n|rule|Species Clause: Limit one of each Pok\u00e9mon\n|rule|OHKO Clause: OHKO moves are banned\n|rule|Evasion Moves Clause: Evasion moves are banned\n|rule|Gravity Sleep Clause: The combination of sleep-inducing moves with imperfect accuracy and Gravity or Gigantamax Orbeetle are banned\n|rule|Endless Battle Clause: Forcing endless battles is banned\n|rule|HP Percentage Mod: HP is shown in percentages\n|clearpoke\n|poke|p1|Flutter Mane|\n|poke|p1|Landorus-Therian, M|\n|poke|p1|Iron Hands|\n|poke|p1|Heatran, F|\n|poke|p1|Volbeat, M|\n|poke|p1|Ogerpon-Wellspring, F|\n|poke|p2|Indeedee-F, F|\n|poke|p2|Flutter Mane|\n|poke|p2|Armarouge, M|\n|poke|p2|Diancie|\n|poke|p2|Ogerpon-Wellspring, F|\n|poke|p2|Iron Hands|\n|teampreview\n|inactive|Battle timer is ON: inactive players will automatically lose when time's up. (requested by zoe)\n|c|\u2606Memoric|did i fall off this hard?\n|c|\u2606Memoric|is this PiC?\n|j| insane goob\n|j| Lunarr\n|c|\u2606zoe|glhf\n|c|\u2606Memoric|hf\n|j| R4ye\n|j| kaori\u273f\n|inactive|zoe has 270 seconds left.\n|inactive|Memoric has 270 seconds left.\n|j|+ryo yamada2001\n|c|\u2606zoe|no if this were pic I would be loading klawd\n|j|+Arcticblast\n|c|\u2606zoe|klawf\n|j| MADARAAAA\n|j|+Mizuhime\n|j|+daawesomedude1 (\n|c| kaori\u273f|holy shit thats a volbeat\n|inactive|zoe has 240 seconds left.\n|inactive|Memoric has 240 seconds left.\n|\n|t:|1699150441\n|start\n|switch|p1a: Black Powder Stomp|Landorus-Therian, M|100\/100\n|switch|p1b: Filthy Oubliette|Volbeat, M|100\/100\n|switch|p2a: intellectual greed|Flutter Mane|100\/100\n|switch|p2b: caffeine|Ogerpon-Wellspring, F|100\/100\n|-ability|p1a: Black Powder Stomp|Intimidate|boost\n|-unboost|p2a: intellectual greed|atk|1\n|-unboost|p2b: caffeine|atk|1\n|turn|1\n|\n|t:|1699150458\n|-terastallize|p1a: Black Powder Stomp|Flying\n|move|p1b: Filthy Oubliette|Tail Glow|p1b: Filthy Oubliette\n|-boost|p1b: Filthy Oubliette|spa|3\n|move|p1a: Black Powder Stomp|Tera Blast|p2b: caffeine|[anim] Tera Blast Flying\n|-supereffective|p2b: caffeine\n|-damage|p2b: caffeine|0 fnt\n|faint|p2b: caffeine\n|move|p2a: intellectual greed|Dazzling Gleam|p1a: Black Powder Stomp|[spread] p1a,p1b\n|-damage|p1a: Black Powder Stomp|42\/100\n|-damage|p1b: Filthy Oubliette|62\/100\n|\n|upkeep\n|\n|t:|1699150469\n|switch|p2b: teeth|Diancie, shiny|100\/100\n|turn|2\n|j| Jello1231\n|j|+Actuarily\n|j| Heerv\n|\n|t:|1699150487\n|-end|p2a: intellectual greed|Protosynthesis|[silent]\n|switch|p2a: argyle|Indeedee-F, F|100\/100\n|-fieldstart|move: Psychic Terrain|[from] ability: Psychic Surge|[of] p2a: argyle\n|move|p1b: Filthy Oubliette|Baton Pass|p1b: Filthy Oubliette\n|\n|t:|1699150492\n|switch|p1b: Forge Fire Roar|Heatran, F|100\/100|[from] Baton Pass\n|move|p1a: Black Powder Stomp|Tera Blast|p2a: argyle|[anim] Tera Blast Flying\n|-damage|p2a: argyle|29\/100\n|move|p2b: teeth|Trick Room|p2b: teeth\n|-fieldstart|move: Trick Room|[of] p2b: teeth\n|\n|upkeep\n|turn|3\n|\n|t:|1699150502\n|move|p1b: Forge Fire Roar|Protect|p1b: Forge Fire Roar\n|-singleturn|p1b: Forge Fire Roar|Protect\n|move|p2b: teeth|Diamond Storm|p1b: Forge Fire Roar|[spread] p1a\n|-activate|p1b: Forge Fire Roar|move: Protect\n|-supereffective|p1a: Black Powder Stomp\n|-damage|p1a: Black Powder Stomp|0 fnt\n|faint|p1a: Black Powder Stomp\n|move|p2a: argyle|Psychic|p1b: Forge Fire Roar\n|-activate|p1b: Forge Fire Roar|move: Protect\n|\n|upkeep\n|\n|t:|1699150508\n|switch|p1a: The Hollow Howl|Ogerpon-Wellspring, F|100\/100\n|turn|4\n|\n|t:|1699150523\n|move|p2b: teeth|Protect|p2b: teeth\n|-singleturn|p2b: teeth|Protect\n|move|p2a: argyle|Psychic|p1a: The Hollow Howl\n|-crit|p1a: The Hollow Howl\n|-damage|p1a: The Hollow Howl|43\/100\n|move|p1b: Forge Fire Roar|Flash Cannon|p2b: teeth\n|-activate|p2b: teeth|move: Protect\n|move|p1a: The Hollow Howl|Ivy Cudgel|p2a: argyle\n|-damage|p2a: argyle|0 fnt\n|faint|p2a: argyle\n|\n|upkeep\n|\n|t:|1699150527\n|switch|p2a: hypochondriac|Armarouge, M|100\/100\n|turn|5\n|j| Smudge\n|l| insane goob\n|inactive|zoe has 270 seconds left.\n|\n|t:|1699150559\n|-terastallize|p2a: hypochondriac|Grass\n|move|p1a: The Hollow Howl|Follow Me|p1a: The Hollow Howl\n|-singleturn|p1a: The Hollow Howl|move: Follow Me\n|move|p2b: teeth|Diamond Storm|p1a: The Hollow Howl|[spread] p1a,p1b\n|-damage|p1a: The Hollow Howl|12\/100\n|-damage|p1b: Forge Fire Roar|74\/100\n|-boost|p2b: teeth|def|2\n|move|p2a: hypochondriac|Expanding Force|p1b: Forge Fire Roar|[spread] p1a,p1b\n|-resisted|p1b: Forge Fire Roar\n|-damage|p1a: The Hollow Howl|0 fnt\n|-damage|p1b: Forge Fire Roar|33\/100\n|-enditem|p1b: Forge Fire Roar|Sitrus Berry|[eat]\n|-heal|p1b: Forge Fire Roar|58\/100|[from] item: Sitrus Berry\n|faint|p1a: The Hollow Howl\n|-damage|p2a: hypochondriac|91\/100|[from] item: Life Orb\n|move|p1b: Forge Fire Roar|Flash Cannon|p2a: hypochondriac\n|-damage|p2a: hypochondriac|0 fnt\n|faint|p2a: hypochondriac\n|\n|upkeep\n|\n|t:|1699150576\n|switch|p2a: stung|Iron Hands|100\/100\n|switch|p1a: Filthy Oubliette|Volbeat, M|62\/100\n|-enditem|p2a: stung|Psychic Seed\n|-boost|p2a: stung|spd|1|[from] item: Psychic Seed\n|turn|6\n|c| kaori\u273f|ayo\n|\n|t:|1699150586\n|-end|p2a: stung|Quark Drive|[silent]\n|switch|p2a: intellectual greed|Flutter Mane|100\/100\n|move|p1b: Forge Fire Roar|Protect|p1b: Forge Fire Roar\n|-singleturn|p1b: Forge Fire Roar|Protect\n|move|p1a: Filthy Oubliette|Tailwind|p1a: Filthy Oubliette\n|-sidestart|p1: zoe|move: Tailwind\n|move|p2b: teeth|Diamond Storm|p1b: Forge Fire Roar|[spread] p1a\n|-activate|p1b: Forge Fire Roar|move: Protect\n|-supereffective|p1a: Filthy Oubliette\n|-damage|p1a: Filthy Oubliette|0 fnt\n|-boost|p2b: teeth|def|2\n|faint|p1a: Filthy Oubliette\n|\n|-fieldend|move: Trick Room\n|-fieldend|move: Psychic Terrain\n|upkeep\n|\n|t:|1699150592\n|switch|p1a: Bullet Hell Yes|Flutter Mane|100\/100\n|turn|7\n|\n|t:|1699150598\n|move|p2b: teeth|Protect|p2b: teeth\n|-singleturn|p2b: teeth|Protect\n|move|p1a: Bullet Hell Yes|Shadow Ball|p2a: intellectual greed\n|-supereffective|p2a: intellectual greed\n|-damage|p2a: intellectual greed|0 fnt\n|faint|p2a: intellectual greed\n|-end|p2a: intellectual greed|Protosynthesis|[silent]\n|move|p1b: Forge Fire Roar|Flash Cannon|p2b: teeth\n|-activate|p2b: teeth|move: Protect\n|\n|upkeep\n|\n|t:|1699150603\n|switch|p2a: stung|Iron Hands|100\/100\n|turn|8\n|j|+zee\n|l|+Mizuhime\n|j| qsns\n|\n|t:|1699150611\n|-end|p1a: Bullet Hell Yes|Protosynthesis|[silent]\n|switch|p1a: Hulk Melting|Iron Hands|100\/100\n|move|p2a: stung|Fake Out|p1b: Forge Fire Roar\n|-resisted|p1b: Forge Fire Roar\n|-damage|p1b: Forge Fire Roar|50\/100\n|cant|p1b: Forge Fire Roar|flinch\n|move|p2b: teeth|Trick Room|p2b: teeth\n|-fieldstart|move: Trick Room|[of] p2b: teeth\n|\n|upkeep\n|turn|9\n|j|+Mizuhime\n|\n|t:|1699150633\n|move|p1b: Forge Fire Roar|Protect|p1b: Forge Fire Roar\n|-singleturn|p1b: Forge Fire Roar|Protect\n|move|p2b: teeth|Diamond Storm|p1b: Forge Fire Roar|[spread] p1a\n|-activate|p1b: Forge Fire Roar|move: Protect\n|-resisted|p1a: Hulk Melting\n|-damage|p1a: Hulk Melting|90\/100\n|move|p2a: stung|Drain Punch|p1b: Forge Fire Roar\n|-activate|p1b: Forge Fire Roar|move: Protect\n|move|p1a: Hulk Melting|Close Combat|p2a: stung\n|-damage|p2a: stung|58\/100\n|-unboost|p1a: Hulk Melting|def|1\n|-unboost|p1a: Hulk Melting|spd|1\n|\n|-sideend|p1: zoe|move: Tailwind\n|upkeep\n|turn|10\n|\n|t:|1699150656\n|-end|p1a: Hulk Melting|Quark Drive|[silent]\n|switch|p1a: Bullet Hell Yes|Flutter Mane|100\/100\n|move|p2b: teeth|Moonblast|p1a: Bullet Hell Yes\n|-damage|p1a: Bullet Hell Yes|70\/100\n|move|p2a: stung|Drain Punch|p1b: Forge Fire Roar\n|-supereffective|p1b: Forge Fire Roar\n|-damage|p1b: Forge Fire Roar|0 fnt\n|-heal|p2a: stung|75\/100|[from] drain|[of] p1b: Forge Fire Roar\n|faint|p1b: Forge Fire Roar\n|\n|upkeep\n|\n|t:|1699150663\n|switch|p1b: Hulk Melting|Iron Hands|90\/100\n|turn|11\n|\n|t:|1699150675\n|move|p1b: Hulk Melting|Fake Out|p2a: stung\n|-damage|p2a: stung|66\/100\n|move|p2b: teeth|Diamond Storm|p1b: Hulk Melting|[spread] p1a,p1b\n|-resisted|p1b: Hulk Melting\n|-damage|p1a: Bullet Hell Yes|11\/100\n|-damage|p1b: Hulk Melting|80\/100\n|cant|p2a: stung|flinch\n|move|p1a: Bullet Hell Yes|Dazzling Gleam|p2b: teeth|[spread] p2a,p2b\n|-supereffective|p2a: stung\n|-damage|p2a: stung|0 fnt\n|-damage|p2b: teeth|72\/100\n|faint|p2a: stung\n|-end|p2a: stung|Quark Drive|[silent]\n|\n|upkeep\n|turn|12\n|l|+Actuarily\n|\n|t:|1699150690\n|move|p2b: teeth|Moonblast|p1a: Bullet Hell Yes\n|-damage|p1a: Bullet Hell Yes|0 fnt\n|faint|p1a: Bullet Hell Yes\n|-end|p1a: Bullet Hell Yes|Protosynthesis|[silent]\n|move|p1b: Hulk Melting|Ice Punch|p2b: teeth\n|-damage|p2b: teeth|65\/100\n|\n|-fieldend|move: Trick Room\n|upkeep\n|turn|13\n|\n|t:|1699150693\n|move|p1b: Hulk Melting|Close Combat|p2b: teeth\n|-damage|p2b: teeth|50\/100\n|-unboost|p1b: Hulk Melting|def|1\n|-unboost|p1b: Hulk Melting|spd|1\n|move|p2b: teeth|Moonblast|p1b: Hulk Melting\n|-supereffective|p1b: Hulk Melting\n|-damage|p1b: Hulk Melting|29\/100\n|\n|upkeep\n|turn|14\n|\n|t:|1699150698\n|move|p1b: Hulk Melting|Close Combat|p2b: teeth\n|-damage|p2b: teeth|33\/100\n|-unboost|p1b: Hulk Melting|def|1\n|-unboost|p1b: Hulk Melting|spd|1\n|move|p2b: teeth|Moonblast|p1b: Hulk Melting\n|-supereffective|p1b: Hulk Melting\n|-damage|p1b: Hulk Melting|0 fnt\n|faint|p1b: Hulk Melting\n|-end|p1b: Hulk Melting|Quark Drive|[silent]\n|\n|win|Memoric\n|c|\u2606zoe|gg\n|c|\u2606Memoric|gg\n|l| kaori\u273f\n|l|+Arcticblast\n|j| insane goob\n|l|+daawesomedude1 (\n|l|\u2606zoe\n|l| insane goob\n|j| chartreuse hippo\n|l| R4ye\n|l| chartreuse hippo\n|j| Xrn\n|l| MADARAAAA\n|l| qsns\n|l|+Mizuhime\n","uploadtime":1699150719,"views":136,"p1id":"zoe","p2id":"memoric","formatid":"gen9doublesou","rating":0,"private":0,"password":""}