{"id":"gen9doublesou-1997916092","p1":"MymLuis11","p2":"Jaiper_Showdown","format":"[Gen 9] Doubles OU","log":"|j|\u2606MymLuis11\n|j|\u2606Jaiper_Showdown\n|t:|1700867081\n|gametype|doubles\n|player|p1|MymLuis11|170|1500\n|player|p2|Jaiper_Showdown|nate|1571\n|teamsize|p1|6\n|teamsize|p2|6\n|gen|9\n|tier|[Gen 9] Doubles OU\n|rated|\n|rule|Species Clause: Limit one of each Pok\u00e9mon\n|rule|OHKO Clause: OHKO moves are banned\n|rule|Evasion Moves Clause: Evasion moves are banned\n|rule|Gravity Sleep Clause: The combination of sleep-inducing moves with imperfect accuracy and Gravity or Gigantamax Orbeetle are banned\n|rule|Endless Battle Clause: Forcing endless battles is banned\n|rule|HP Percentage Mod: HP is shown in percentages\n|clearpoke\n|poke|p1|Moltres-Galar|\n|poke|p1|Meowscarada, M|\n|poke|p1|Garchomp, M|\n|poke|p1|Chien-Pao|\n|poke|p1|Murkrow, M|\n|poke|p1|Cinderace, M|\n|poke|p2|Tyranitar, M|\n|poke|p2|Sylveon, F|\n|poke|p2|Sableye, M|\n|poke|p2|Farigiraf, M|\n|poke|p2|Armarouge, M|\n|poke|p2|Staraptor, M|\n|teampreview\n|inactive|Battle timer is ON: inactive players will automatically lose when time's up. (requested by MymLuis11)\n|\n|t:|1700867098\n|start\n|switch|p1a: Chien-Pao|Chien-Pao|100\/100\n|switch|p1b: Meowscarada|Meowscarada, M|100\/100\n|switch|p2a: Staraptor|Staraptor, M|100\/100\n|switch|p2b: Sylveon|Sylveon, F|100\/100\n|-ability|p2a: Staraptor|Intimidate|boost\n|-unboost|p1a: Chien-Pao|atk|1\n|-unboost|p1b: Meowscarada|atk|1\n|-ability|p1a: Chien-Pao|Sword of Ruin\n|turn|1\n|\n|t:|1700867107\n|-terastallize|p1a: Chien-Pao|Ghost\n|move|p2a: Staraptor|U-turn|p1b: Meowscarada\n|-supereffective|p1b: Meowscarada\n|-crit|p1b: Meowscarada\n|-damage|p1b: Meowscarada|0 fnt\n|faint|p1b: Meowscarada\n|\n|t:|1700867119\n|switch|p2a: Tyranitar|Tyranitar, M|100\/100|[from] U-turn\n|-weather|Sandstorm|[from] ability: Sand Stream|[of] p2a: Tyranitar\n|move|p1a: Chien-Pao|Throat Chop|p2b: Sylveon\n|-resisted|p2b: Sylveon\n|-damage|p2b: Sylveon|79\/100\n|-start|p2b: Sylveon|Throat Chop|[silent]\n|cant|p2b: Sylveon|move: Throat Chop\n|\n|-weather|Sandstorm|[upkeep]\n|-damage|p1a: Chien-Pao|95\/100|[from] Sandstorm\n|-damage|p2b: Sylveon|73\/100|[from] Sandstorm\n|upkeep\n|\n|t:|1700867131\n|switch|p1b: Murkrow|Murkrow, M|100\/100\n|turn|2\n|\n|t:|1700867143\n|switch|p2a: Sableye|Sableye, M|100\/100\n|move|p1b: Murkrow|Haze|p1b: Murkrow\n|-clearallboost\n|move|p1a: Chien-Pao|Sacred Sword|p2a: Sableye\n|-immune|p2a: Sableye\n|move|p2b: Sylveon|Tera Blast|p1b: Murkrow\n|-supereffective|p1b: Murkrow\n|-damage|p1b: Murkrow|20\/100\n|\n|-weather|Sandstorm|[upkeep]\n|-damage|p1a: Chien-Pao|89\/100|[from] Sandstorm\n|-damage|p1b: Murkrow|14\/100|[from] Sandstorm\n|-damage|p2b: Sylveon|66\/100|[from] Sandstorm\n|-damage|p2a: Sableye|95\/100|[from] Sandstorm\n|-end|p2b: Sylveon|Throat Chop|[silent]\n|upkeep\n|turn|3\n|\n|t:|1700867162\n|switch|p2b: Staraptor|Staraptor, M|100\/100\n|-ability|p2b: Staraptor|Intimidate|boost\n|-unboost|p1a: Chien-Pao|atk|1\n|-unboost|p1b: Murkrow|atk|1\n|move|p2a: Sableye|Will-O-Wisp|p1a: Chien-Pao|[miss]\n|-miss|p2a: Sableye|p1a: Chien-Pao\n|move|p1a: Chien-Pao|Ice Spinner|p2b: Staraptor\n|-supereffective|p2b: Staraptor\n|-damage|p2b: Staraptor|0 fnt\n|faint|p2b: Staraptor\n|move|p1b: Murkrow|Foul Play|p2a: Sableye\n|-damage|p2a: Sableye|48\/100\n|\n|-weather|Sandstorm|[upkeep]\n|-damage|p1a: Chien-Pao|83\/100|[from] Sandstorm\n|-damage|p1b: Murkrow|8\/100|[from] Sandstorm\n|-damage|p2a: Sableye|42\/100|[from] Sandstorm\n|upkeep\n|\n|t:|1700867179\n|switch|p2b: Armarouge|Armarouge, M|100\/100\n|turn|4\n|\n|t:|1700867185\n|move|p1b: Murkrow|Haze|p1b: Murkrow\n|-clearallboost\n|move|p2a: Sableye|Shadow Sneak|p2b: Armarouge\n|-supereffective|p2b: Armarouge\n|-damage|p2b: Armarouge|71\/100\n|-ability|p2b: Armarouge|Weak Armor|boost\n|-unboost|p2b: Armarouge|def|1\n|-boost|p2b: Armarouge|spe|2\n|-enditem|p2b: Armarouge|Weakness Policy\n|-boost|p2b: Armarouge|atk|2|[from] item: Weakness Policy\n|-boost|p2b: Armarouge|spa|2|[from] item: Weakness Policy\n|move|p2b: Armarouge|Heat Wave|p1b: Murkrow|[spread] p1a,p1b\n|-damage|p1a: Chien-Pao|0 fnt\n|-damage|p1b: Murkrow|0 fnt\n|faint|p1a: Chien-Pao\n|faint|p1b: Murkrow\n|\n|-weather|Sandstorm|[upkeep]\n|-damage|p2b: Armarouge|65\/100|[from] Sandstorm\n|-damage|p2a: Sableye|36\/100|[from] Sandstorm\n|upkeep\n|\n|t:|1700867199\n|switch|p1a: Garchomp|Garchomp, M|100\/100\n|switch|p1b: Moltres|Moltres-Galar, shiny|100\/100\n|turn|5\n|\n|t:|1700867213\n|switch|p2a: Sylveon|Sylveon, F|66\/100\n|-terastallize|p2b: Armarouge|Dark\n|move|p2b: Armarouge|Stored Power|p1a: Garchomp\n|-damage|p1a: Garchomp|0 fnt\n|faint|p1a: Garchomp\n|move|p1b: Moltres|Fiery Wrath|p2a: Sylveon|[spread] p2a,p2b\n|-resisted|p2a: Sylveon\n|-resisted|p2b: Armarouge\n|-damage|p2a: Sylveon|55\/100\n|-damage|p2b: Armarouge|45\/100\n|\n|-weather|none\n|upkeep\n|\n|t:|1700867239\n|switch|p1a: Cinderace|Cinderace, M|100\/100\n|turn|6\n|\n|t:|1700867244\n|move|p2b: Armarouge|Protect|p2b: Armarouge\n|-singleturn|p2b: Armarouge|Protect\n|move|p1a: Cinderace|High Jump Kick|p2b: Armarouge\n|-start|p1a: Cinderace|typechange|Fighting|[from] ability: Libero\n|-activate|p2b: Armarouge|move: Protect\n|-damage|p1a: Cinderace|51\/100|[from] highjumpkick\n|move|p1b: Moltres|Fiery Wrath|p2a: Sylveon|[spread] p2a\n|-activate|p2b: Armarouge|move: Protect\n|-resisted|p2a: Sylveon\n|-damage|p2a: Sylveon|45\/100\n|move|p2a: Sylveon|Hyper Voice|p1a: Cinderace|[spread] p1a,p1b\n|-supereffective|p1a: Cinderace\n|-supereffective|p1b: Moltres\n|-damage|p1a: Cinderace|0 fnt\n|-damage|p1b: Moltres|39\/100\n|-enditem|p1b: Moltres|Weakness Policy\n|-boost|p1b: Moltres|atk|2|[from] item: Weakness Policy\n|-boost|p1b: Moltres|spa|2|[from] item: Weakness Policy\n|faint|p1a: Cinderace\n|-ability|p1b: Moltres|Berserk|boost\n|-boost|p1b: Moltres|spa|1\n|-enditem|p2a: Sylveon|Throat Spray\n|-boost|p2a: Sylveon|spa|1|[from] item: Throat Spray\n|\n|upkeep\n|turn|7\n|\n|t:|1700867262\n|move|p2b: Armarouge|Aura Sphere|p1b: Moltres\n|-damage|p1b: Moltres|0 fnt\n|faint|p1b: Moltres\n|\n|win|Jaiper_Showdown\n|raw|MymLuis11's rating: 1500 &rarr; <strong>1484<\/strong><br \/>(-16 for losing)\n|raw|Jaiper_Showdown's rating: 1571 &rarr; <strong>1587<\/strong><br \/>(+16 for winning)\n|l|\u2606MymLuis11\n","uploadtime":1700867273,"views":1,"p1id":"mymluis11","p2id":"jaipershowdown","formatid":"gen9doublesou","rating":1484,"private":0,"password":""}