{"id":"gen9doublesou-1986148866","p1":"RocketsViability","p2":"Mbozzo11","format":"[Gen 9] Doubles OU","log":"|j|\u2606RocketsViability\n|j|\u2606Mbozzo11\n|t:|1699454835\n|gametype|doubles\n|player|p1|RocketsViability|169|1178\n|player|p2|Mbozzo11|red|1066\n|teamsize|p1|6\n|teamsize|p2|6\n|gen|9\n|tier|[Gen 9] Doubles OU\n|rated|\n|rule|Species Clause: Limit one of each Pok\u00e9mon\n|rule|OHKO Clause: OHKO moves are banned\n|rule|Evasion Moves Clause: Evasion moves are banned\n|rule|Gravity Sleep Clause: The combination of sleep-inducing moves with imperfect accuracy and Gravity or Gigantamax Orbeetle are banned\n|rule|Endless Battle Clause: Forcing endless battles is banned\n|rule|HP Percentage Mod: HP is shown in percentages\n|clearpoke\n|poke|p1|Ninetales-Alola, F|\n|poke|p1|Trevenant, M|\n|poke|p1|Goodra-Hisui, M|\n|poke|p1|Sandslash-Alola, F|\n|poke|p1|Torterra, M|\n|poke|p1|Empoleon, M|\n|poke|p2|Rillaboom, F|\n|poke|p2|Basculegion-F, F|\n|poke|p2|Amoonguss, M|\n|poke|p2|Toxapex, F|\n|poke|p2|Walking Wake|\n|poke|p2|Tinkaton, F|\n|teampreview\n|inactive|Battle timer is ON: inactive players will automatically lose when time's up. (requested by Mbozzo11)\n|\n|t:|1699454864\n|start\n|switch|p1a: Trevenant|Trevenant, M|100\/100\n|switch|p1b: Torterra|Torterra, M|100\/100\n|switch|p2a: Tinkaton|Tinkaton, F|100\/100\n|switch|p2b: Toxapex|Toxapex, F|100\/100\n|-ability|p2a: Tinkaton|Mold Breaker\n|turn|1\n|\n|t:|1699454881\n|move|p2a: Tinkaton|Fake Out|p1b: Torterra\n|-damage|p1b: Torterra|91\/100\n|move|p1a: Trevenant|Ally Switch|p1a: Trevenant\n|swap|p1a: Trevenant|1|[from] move: Ally Switch\n|cant|p1a: Torterra|flinch\n|move|p2b: Toxapex|Infestation|p1a: Torterra\n|-supereffective|p1a: Torterra\n|-damage|p1a: Torterra|84\/100\n|-activate|p1a: Torterra|move: Infestation|[of] p2b: Toxapex\n|\n|-damage|p1a: Torterra|71\/100|[from] move: Infestation|[partiallytrapped]\n|upkeep\n|turn|2\n|\n|t:|1699454899\n|switch|p1b: Goodra|Goodra-Hisui, M|100\/100\n|move|p2a: Tinkaton|Stealth Rock|p1a: Torterra\n|-sidestart|p1: RocketsViability|move: Stealth Rock\n|move|p1a: Torterra|Rock Blast|p2b: Toxapex\n|-damage|p2b: Toxapex|95\/100\n|-damage|p2b: Toxapex|90\/100\n|-damage|p2b: Toxapex|85\/100\n|-damage|p2b: Toxapex|79\/100\n|-damage|p2b: Toxapex|74\/100\n|-hitcount|p2b: Toxapex|5\n|move|p2b: Toxapex|Toxic|p1a: Torterra\n|-status|p1a: Torterra|tox\n|\n|-heal|p2b: Toxapex|80\/100|[from] item: Black Sludge\n|-damage|p1a: Torterra|65\/100 tox|[from] psn\n|-damage|p1a: Torterra|53\/100 tox|[from] move: Infestation|[partiallytrapped]\n|upkeep\n|turn|3\n|\n|t:|1699454924\n|move|p2a: Tinkaton|Thunder Wave|p1b: Goodra\n|-status|p1b: Goodra|par\n|move|p1a: Torterra|Rock Blast|p2b: Toxapex\n|-damage|p2b: Toxapex|75\/100\n|-damage|p2b: Toxapex|70\/100\n|-damage|p2b: Toxapex|65\/100\n|-crit|p2b: Toxapex\n|-damage|p2b: Toxapex|57\/100\n|-hitcount|p2b: Toxapex|4\n|move|p2b: Toxapex|Infestation|p1b: Goodra\n|-resisted|p1b: Goodra\n|-damage|p1b: Goodra|99\/100 par\n|-activate|p1b: Goodra|move: Infestation|[of] p2b: Toxapex\n|-damage|p2b: Toxapex|40\/100|[from] item: Rocky Helmet|[of] p1b: Goodra\n|cant|p1b: Goodra|par\n|\n|-heal|p2b: Toxapex|47\/100|[from] item: Black Sludge\n|-damage|p1a: Torterra|41\/100 tox|[from] psn\n|-damage|p1a: Torterra|28\/100 tox|[from] move: Infestation|[partiallytrapped]\n|-damage|p1b: Goodra|87\/100 par|[from] move: Infestation|[partiallytrapped]\n|upkeep\n|turn|4\n|\n|t:|1699454951\n|move|p2b: Toxapex|Baneful Bunker|p2b: Toxapex\n|-singleturn|p2b: Toxapex|move: Protect\n|move|p2a: Tinkaton|Feint|p1b: Goodra\n|-resisted|p1b: Goodra\n|-damage|p1b: Goodra|84\/100 par\n|move|p1a: Torterra|Rock Blast|p2b: Toxapex\n|-activate|p2b: Toxapex|move: Protect\n|cant|p1b: Goodra|par\n|\n|-heal|p2b: Toxapex|53\/100|[from] item: Black Sludge\n|-damage|p1a: Torterra|10\/100 tox|[from] psn\n|-damage|p1a: Torterra|0 fnt|[from] move: Infestation|[partiallytrapped]\n|faint|p1a: Torterra\n|-damage|p1b: Goodra|71\/100 par|[from] move: Infestation|[partiallytrapped]\n|upkeep\n|\n|t:|1699454960\n|switch|p1a: Ninetales|Ninetales-Alola, F|100\/100\n|-damage|p1a: Ninetales|76\/100|[from] Stealth Rock\n|-weather|Snow|[from] ability: Snow Warning|[of] p1a: Ninetales\n|turn|5\n|\n|t:|1699454980\n|switch|p1a: Empoleon|Empoleon, M|100\/100\n|-damage|p1a: Empoleon|94\/100|[from] Stealth Rock\n|move|p2a: Tinkaton|Feint|p1a: Empoleon\n|-resisted|p1a: Empoleon\n|-crit|p1a: Empoleon\n|-damage|p1a: Empoleon|89\/100\n|move|p2b: Toxapex|Toxic|p1a: Empoleon\n|-immune|p1a: Empoleon\n|move|p1b: Goodra|Blizzard|p2a: Tinkaton|[spread] p2a,p2b\n|-resisted|p2a: Tinkaton\n|-resisted|p2b: Toxapex\n|-damage|p2a: Tinkaton|85\/100\n|-damage|p2b: Toxapex|41\/100\n|-status|p2a: Tinkaton|frz\n|\n|-weather|Snow|[upkeep]\n|-heal|p2a: Tinkaton|91\/100 frz|[from] item: Leftovers\n|-heal|p1a: Empoleon|95\/100|[from] item: Leftovers\n|-heal|p2b: Toxapex|48\/100|[from] item: Black Sludge\n|-damage|p1b: Goodra|59\/100 par|[from] move: Infestation|[partiallytrapped]\n|upkeep\n|turn|6\n|\n|t:|1699455000\n|cant|p2a: Tinkaton|frz\n|move|p1a: Empoleon|Hydro Pump|p2b: Toxapex|[miss]\n|-miss|p1a: Empoleon|p2b: Toxapex\n|move|p2b: Toxapex|Infestation|p1a: Empoleon\n|-resisted|p1a: Empoleon\n|-damage|p1a: Empoleon|93\/100\n|-activate|p1a: Empoleon|move: Infestation|[of] p2b: Toxapex\n|move|p1b: Goodra|Blizzard|p2b: Toxapex|[spread] p2a,p2b\n|-resisted|p2a: Tinkaton\n|-resisted|p2b: Toxapex\n|-damage|p2a: Tinkaton|77\/100 frz\n|-damage|p2b: Toxapex|36\/100\n|\n|-weather|Snow|[upkeep]\n|-heal|p2a: Tinkaton|83\/100 frz|[from] item: Leftovers\n|-heal|p1a: Empoleon|99\/100|[from] item: Leftovers\n|-heal|p2b: Toxapex|42\/100|[from] item: Black Sludge\n|-damage|p1a: Empoleon|87\/100|[from] move: Infestation|[partiallytrapped]\n|-damage|p1b: Goodra|47\/100 par|[from] move: Infestation|[partiallytrapped]\n|upkeep\n|turn|7\n|\n|t:|1699455022\n|move|p2b: Toxapex|Baneful Bunker|p2b: Toxapex\n|-singleturn|p2b: Toxapex|move: Protect\n|cant|p2a: Tinkaton|frz\n|move|p1a: Empoleon|Hydro Pump|p2b: Toxapex\n|-activate|p2b: Toxapex|move: Protect\n|move|p1b: Goodra|Blizzard|p2b: Toxapex|[spread] p2a\n|-activate|p2b: Toxapex|move: Protect\n|-resisted|p2a: Tinkaton\n|-damage|p2a: Tinkaton|68\/100 frz\n|\n|-weather|Snow|[upkeep]\n|-heal|p2a: Tinkaton|74\/100 frz|[from] item: Leftovers\n|-heal|p1a: Empoleon|93\/100|[from] item: Leftovers\n|-heal|p2b: Toxapex|48\/100|[from] item: Black Sludge\n|-damage|p1a: Empoleon|81\/100|[from] move: Infestation|[partiallytrapped]\n|-end|p1b: Goodra|Infestation|[partiallytrapped]\n|upkeep\n|turn|8\n|\n|t:|1699455044\n|-curestatus|p2a: Tinkaton|frz|[msg]\n|move|p2a: Tinkaton|Thunder Wave|p1a: Empoleon\n|-status|p1a: Empoleon|par\n|move|p2b: Toxapex|Infestation|p1b: Goodra\n|-resisted|p1b: Goodra\n|-damage|p1b: Goodra|46\/100 par\n|-activate|p1b: Goodra|move: Infestation|[of] p2b: Toxapex\n|-damage|p2b: Toxapex|32\/100|[from] item: Rocky Helmet|[of] p1b: Goodra\n|cant|p1b: Goodra|par\n|move|p1a: Empoleon|Hydro Pump|p2b: Toxapex\n|-resisted|p2b: Toxapex\n|-damage|p2b: Toxapex|8\/100\n|\n|-weather|Snow|[upkeep]\n|-heal|p2a: Tinkaton|80\/100|[from] item: Leftovers\n|-heal|p2b: Toxapex|14\/100|[from] item: Black Sludge\n|-heal|p1a: Empoleon|87\/100 par|[from] item: Leftovers\n|-damage|p1b: Goodra|33\/100 par|[from] move: Infestation|[partiallytrapped]\n|-damage|p1a: Empoleon|75\/100 par|[from] move: Infestation|[partiallytrapped]\n|upkeep\n|turn|9\n|\n|t:|1699455073\n|switch|p2b: Walking Wake|Walking Wake|100\/100\n|move|p2a: Tinkaton|Feint|p1a: Empoleon\n|-resisted|p1a: Empoleon\n|-damage|p1a: Empoleon|71\/100 par\n|move|p1a: Empoleon|Hydro Pump|p2b: Walking Wake\n|-resisted|p2b: Walking Wake\n|-damage|p2b: Walking Wake|85\/100\n|move|p1b: Goodra|Blizzard|p2a: Tinkaton|[spread] p2a,p2b\n|-resisted|p2a: Tinkaton\n|-damage|p2a: Tinkaton|65\/100\n|-damage|p2b: Walking Wake|51\/100\n|\n|-weather|Snow|[upkeep]\n|-heal|p2b: Walking Wake|57\/100|[from] item: Leftovers\n|-heal|p2a: Tinkaton|71\/100|[from] item: Leftovers\n|-heal|p1a: Empoleon|77\/100 par|[from] item: Leftovers\n|-end|p1b: Goodra|Infestation|[partiallytrapped]|[silent]\n|-end|p1a: Empoleon|Infestation|[partiallytrapped]|[silent]\n|upkeep\n|turn|10\n|\n|t:|1699455098\n|move|p2a: Tinkaton|Feint|p1a: Empoleon\n|-resisted|p1a: Empoleon\n|-damage|p1a: Empoleon|74\/100 par\n|move|p2b: Walking Wake|Flamethrower|p1a: Empoleon\n|-damage|p1a: Empoleon|48\/100 par\n|move|p1b: Goodra|Blizzard|p2b: Walking Wake|[spread] p2a,p2b\n|-resisted|p2a: Tinkaton\n|-damage|p2a: Tinkaton|57\/100\n|-damage|p2b: Walking Wake|27\/100\n|move|p1a: Empoleon|Blizzard|p2a: Tinkaton|[spread] p2a,p2b\n|-resisted|p2a: Tinkaton\n|-damage|p2a: Tinkaton|42\/100\n|-damage|p2b: Walking Wake|0 fnt\n|faint|p2b: Walking Wake\n|-end|p2b: Walking Wake|Protosynthesis|[silent]\n|\n|-weather|Snow|[upkeep]\n|-heal|p2a: Tinkaton|48\/100|[from] item: Leftovers\n|-heal|p1a: Empoleon|54\/100 par|[from] item: Leftovers\n|upkeep\n|inactive|Mbozzo11 has 120 seconds left.\n|\n|t:|1699455118\n|switch|p2b: Toxapex|Toxapex, F|47\/100\n|turn|11\n|\n|t:|1699455136\n|switch|p2a: Basculegion|Basculegion-F, F|100\/100\n|move|p2b: Toxapex|Infestation|p1b: Goodra\n|-resisted|p1b: Goodra\n|-damage|p1b: Goodra|32\/100 par\n|-activate|p1b: Goodra|move: Infestation|[of] p2b: Toxapex\n|-damage|p2b: Toxapex|31\/100|[from] item: Rocky Helmet|[of] p1b: Goodra\n|cant|p1a: Empoleon|par\n|cant|p1b: Goodra|par\n|\n|-weather|Snow|[upkeep]\n|-heal|p2b: Toxapex|37\/100|[from] item: Black Sludge\n|-heal|p1a: Empoleon|60\/100 par|[from] item: Leftovers\n|-damage|p1b: Goodra|20\/100 par|[from] move: Infestation|[partiallytrapped]\n|upkeep\n|turn|12\n|c|\u2606RocketsViability|true pain\n|\n|t:|1699455154\n|move|p2a: Basculegion|Shadow Ball|p1a: Empoleon\n|-damage|p1a: Empoleon|17\/100 par\n|-unboost|p1a: Empoleon|spd|1\n|-ability|p1a: Empoleon|Competitive|boost\n|-boost|p1a: Empoleon|spa|2\n|move|p2b: Toxapex|Recover|p2b: Toxapex\n|-heal|p2b: Toxapex|87\/100\n|cant|p1b: Goodra|par\n|move|p1a: Empoleon|Blizzard|p2a: Basculegion|[spread] p2a,p2b\n|-resisted|p2a: Basculegion\n|-resisted|p2b: Toxapex\n|-damage|p2a: Basculegion|73\/100\n|-damage|p2b: Toxapex|66\/100\n|\n|-weather|none\n|-heal|p2b: Toxapex|72\/100|[from] item: Black Sludge\n|-heal|p1a: Empoleon|24\/100 par|[from] item: Leftovers\n|-damage|p1b: Goodra|7\/100 par|[from] move: Infestation|[partiallytrapped]\n|upkeep\n|turn|13\n|\n|t:|1699455176\n|move|p2b: Toxapex|Baneful Bunker|p2b: Toxapex\n|-singleturn|p2b: Toxapex|move: Protect\n|move|p1a: Empoleon|Protect|p1a: Empoleon\n|-singleturn|p1a: Empoleon|Protect\n|move|p2a: Basculegion|Shadow Ball|p1a: Empoleon\n|-activate|p1a: Empoleon|move: Protect\n|cant|p1b: Goodra|par\n|\n|-heal|p2b: Toxapex|78\/100|[from] item: Black Sludge\n|-heal|p1a: Empoleon|30\/100 par|[from] item: Leftovers\n|-damage|p1b: Goodra|0 fnt|[from] move: Infestation|[partiallytrapped]\n|faint|p1b: Goodra\n|upkeep\n|\n|t:|1699455188\n|switch|p1b: Trevenant|Trevenant, M|100\/100\n|-damage|p1b: Trevenant|88\/100|[from] Stealth Rock\n|turn|14\n|\n|t:|1699455196\n|move|p1b: Trevenant|Ally Switch|p1b: Trevenant\n|swap|p1b: Trevenant|0|[from] move: Ally Switch\n|move|p2a: Basculegion|Shadow Ball|p1a: Trevenant\n|-supereffective|p1a: Trevenant\n|-damage|p1a: Trevenant|14\/100\n|-enditem|p1a: Trevenant|Sitrus Berry|[eat]\n|-heal|p1a: Trevenant|39\/100|[from] item: Sitrus Berry\n|move|p2b: Toxapex|Infestation|p1b: Empoleon\n|-resisted|p1b: Empoleon\n|-damage|p1b: Empoleon|28\/100 par\n|-activate|p1b: Empoleon|move: Infestation|[of] p2b: Toxapex\n|move|p1b: Empoleon|Hydro Pump|p2b: Toxapex|[miss]\n|-miss|p1b: Empoleon|p2b: Toxapex\n|\n|-heal|p2b: Toxapex|84\/100|[from] item: Black Sludge\n|-heal|p1b: Empoleon|34\/100 par|[from] item: Leftovers\n|-damage|p1b: Empoleon|21\/100 par|[from] move: Infestation|[partiallytrapped]\n|-item|p1a: Trevenant|Sitrus Berry|[from] ability: Harvest\n|upkeep\n|-enditem|p1a: Trevenant|Sitrus Berry|[eat]\n|-heal|p1a: Trevenant|64\/100|[from] item: Sitrus Berry\n|turn|15\n|\n|t:|1699455218\n|-terastallize|p1a: Trevenant|Steel\n|move|p1a: Trevenant|Ally Switch||[still]\n|-fail|p1a: Trevenant\n|move|p2a: Basculegion|Shadow Ball|p1a: Trevenant\n|-damage|p1a: Trevenant|28\/100\n|move|p2b: Toxapex|Recover|p2b: Toxapex\n|-heal|p2b: Toxapex|100\/100\n|move|p1b: Empoleon|Hydro Pump|p2b: Toxapex\n|-resisted|p2b: Toxapex\n|-damage|p2b: Toxapex|51\/100\n|\n|-heal|p2b: Toxapex|57\/100|[from] item: Black Sludge\n|-heal|p1b: Empoleon|28\/100 par|[from] item: Leftovers\n|-damage|p1b: Empoleon|15\/100 par|[from] move: Infestation|[partiallytrapped]\n|-item|p1a: Trevenant|Sitrus Berry|[from] ability: Harvest\n|upkeep\n|-enditem|p1a: Trevenant|Sitrus Berry|[eat]\n|-heal|p1a: Trevenant|53\/100|[from] item: Sitrus Berry\n|turn|16\n|\n|t:|1699455236\n|move|p2b: Toxapex|Baneful Bunker|p2b: Toxapex\n|-singleturn|p2b: Toxapex|move: Protect\n|move|p1b: Empoleon|Protect|p1b: Empoleon\n|-singleturn|p1b: Empoleon|Protect\n|move|p2a: Basculegion|Shadow Ball|p1a: Trevenant\n|-damage|p1a: Trevenant|16\/100\n|move|p1a: Trevenant|Disable|p2a: Basculegion\n|-start|p2a: Basculegion|Disable|Shadow Ball\n|\n|-heal|p2b: Toxapex|63\/100|[from] item: Black Sludge\n|-heal|p1b: Empoleon|21\/100 par|[from] item: Leftovers\n|-damage|p1b: Empoleon|9\/100 par|[from] move: Infestation|[partiallytrapped]\n|upkeep\n|turn|17\n|\n|t:|1699455256\n|move|p2a: Basculegion|Ice Beam|p1a: Trevenant\n|-resisted|p1a: Trevenant\n|-damage|p1a: Trevenant|5\/100\n|move|p1a: Trevenant|Toxic|p2a: Basculegion\n|-status|p2a: Basculegion|tox\n|move|p2b: Toxapex|Recover|p2b: Toxapex\n|-heal|p2b: Toxapex|100\/100\n|cant|p1b: Empoleon|par\n|\n|-heal|p1b: Empoleon|15\/100 par|[from] item: Leftovers\n|-damage|p2a: Basculegion|67\/100 tox|[from] psn\n|-damage|p1b: Empoleon|3\/100 par|[from] move: Infestation|[partiallytrapped]\n|-item|p1a: Trevenant|Sitrus Berry|[from] ability: Harvest\n|upkeep\n|-enditem|p1a: Trevenant|Sitrus Berry|[eat]\n|-heal|p1a: Trevenant|30\/100|[from] item: Sitrus Berry\n|turn|18\n|\n|t:|1699455280\n|switch|p1a: Sandslash|Sandslash-Alola, F|100\/100\n|-damage|p1a: Sandslash|88\/100|[from] Stealth Rock\n|move|p2a: Basculegion|Ice Beam|p1a: Sandslash\n|-resisted|p1a: Sandslash\n|-damage|p1a: Sandslash|79\/100\n|move|p2b: Toxapex|Infestation|p1b: Empoleon\n|-resisted|p1b: Empoleon\n|-damage|p1b: Empoleon|1\/100 par\n|move|p1b: Empoleon|Air Slash|p2a: Basculegion\n|-damage|p2a: Basculegion|16\/100 tox\n|-enditem|p2a: Basculegion|Aguav Berry|[eat]\n|-heal|p2a: Basculegion|49\/100 tox|[from] item: Aguav Berry\n|\n|-heal|p1b: Empoleon|7\/100 par|[from] item: Leftovers\n|-damage|p2a: Basculegion|37\/100 tox|[from] psn\n|-end|p1b: Empoleon|Infestation|[partiallytrapped]\n|upkeep\n|turn|19\n|\n|t:|1699455305\n|move|p1b: Empoleon|Protect|p1b: Empoleon\n|-singleturn|p1b: Empoleon|Protect\n|move|p2a: Basculegion|Hydro Pump|p1a: Sandslash\n|-damage|p1a: Sandslash|0 fnt\n|faint|p1a: Sandslash\n|move|p2b: Toxapex|Infestation|p1b: Empoleon\n|-activate|p1b: Empoleon|move: Protect\n|\n|-heal|p1b: Empoleon|13\/100 par|[from] item: Leftovers\n|-damage|p2a: Basculegion|19\/100 tox|[from] psn\n|upkeep\n|\n|t:|1699455312\n|switch|p1a: Ninetales|Ninetales-Alola, F|76\/100\n|-damage|p1a: Ninetales|51\/100|[from] Stealth Rock\n|-weather|Snow|[from] ability: Snow Warning|[of] p1a: Ninetales\n|turn|20\n|\n|t:|1699455326\n|move|p1a: Ninetales|Aurora Veil|p1a: Ninetales\n|-sidestart|p1: RocketsViability|move: Aurora Veil\n|move|p2a: Basculegion|Hydro Pump|p1a: Ninetales\n|-damage|p1a: Ninetales|0 fnt\n|faint|p1a: Ninetales\n|move|p2b: Toxapex|Infestation|p1b: Empoleon\n|-resisted|p1b: Empoleon\n|-damage|p1b: Empoleon|12\/100 par\n|-activate|p1b: Empoleon|move: Infestation|[of] p2b: Toxapex\n|move|p1b: Empoleon|Blizzard|p2b: Toxapex|[spread] p2a,p2b\n|-resisted|p2a: Basculegion\n|-resisted|p2b: Toxapex\n|-damage|p2a: Basculegion|0 fnt\n|-damage|p2b: Toxapex|76\/100\n|faint|p2a: Basculegion\n|\n|-weather|Snow|[upkeep]\n|-heal|p2b: Toxapex|82\/100|[from] item: Black Sludge\n|-heal|p1b: Empoleon|18\/100 par|[from] item: Leftovers\n|-damage|p1b: Empoleon|6\/100 par|[from] move: Infestation|[partiallytrapped]\n|upkeep\n|\n|t:|1699455345\n|switch|p1a: Trevenant|Trevenant, M, tera:Steel|30\/100\n|switch|p2a: Tinkaton|Tinkaton, F|48\/100\n|-ability|p2a: Tinkaton|Mold Breaker\n|-damage|p1a: Trevenant|23\/100|[from] Stealth Rock\n|turn|21\n|\n|t:|1699455360\n|move|p2a: Tinkaton|Fake Out|p1b: Empoleon\n|-resisted|p1b: Empoleon\n|-damage|p1b: Empoleon|3\/100 par\n|move|p1a: Trevenant|Disable|p2b: Toxapex\n|-start|p2b: Toxapex|Disable|Infestation\n|cant|p2b: Toxapex|Disable|Infestation\n|cant|p1b: Empoleon|flinch\n|\n|-weather|Snow|[upkeep]\n|-heal|p2a: Tinkaton|54\/100|[from] item: Leftovers\n|-heal|p2b: Toxapex|88\/100|[from] item: Black Sludge\n|-heal|p1b: Empoleon|9\/100 par|[from] item: Leftovers\n|-damage|p1b: Empoleon|0 fnt|[from] move: Infestation|[partiallytrapped]\n|faint|p1b: Empoleon\n|upkeep\n|turn|22\n|\n|t:|1699455376\n|move|p2b: Toxapex|Baneful Bunker|p2b: Toxapex\n|-singleturn|p2b: Toxapex|move: Protect\n|move|p2a: Tinkaton|Feint|p1a: Trevenant\n|-resisted|p1a: Trevenant\n|-damage|p1a: Trevenant|21\/100\n|move|p1a: Trevenant|Horn Leech|p2a: Tinkaton\n|-resisted|p2a: Tinkaton\n|-damage|p2a: Tinkaton|34\/100\n|-heal|p1a: Trevenant|29\/100|[from] drain|[of] p2a: Tinkaton\n|\n|-weather|Snow|[upkeep]\n|-heal|p2a: Tinkaton|40\/100|[from] item: Leftovers\n|-heal|p2b: Toxapex|95\/100|[from] item: Black Sludge\n|-item|p1a: Trevenant|Sitrus Berry|[from] ability: Harvest\n|upkeep\n|-enditem|p1a: Trevenant|Sitrus Berry|[eat]\n|-heal|p1a: Trevenant|54\/100|[from] item: Sitrus Berry\n|turn|23\n|\n|t:|1699455393\n|move|p2a: Tinkaton|Thunder Wave|p1a: Trevenant\n|-status|p1a: Trevenant|par\n|move|p2b: Toxapex|Recover|p2b: Toxapex\n|-heal|p2b: Toxapex|100\/100\n|move|p1a: Trevenant|Horn Leech|p2a: Tinkaton\n|-resisted|p2a: Tinkaton\n|-damage|p2a: Tinkaton|19\/100\n|-heal|p1a: Trevenant|63\/100 par|[from] drain|[of] p2a: Tinkaton\n|\n|-weather|Snow|[upkeep]\n|-heal|p2a: Tinkaton|25\/100|[from] item: Leftovers\n|-item|p1a: Trevenant|Sitrus Berry|[from] ability: Harvest\n|upkeep\n|turn|24\n|\n|t:|1699455415\n|switch|p2a: Amoonguss|Amoonguss, M|100\/100\n|move|p2b: Toxapex|Baneful Bunker|p2b: Toxapex\n|-singleturn|p2b: Toxapex|move: Protect\n|move|p1a: Trevenant|Horn Leech|p2a: Amoonguss\n|-resisted|p2a: Amoonguss\n|-damage|p2a: Amoonguss|93\/100\n|-heal|p1a: Trevenant|67\/100 par|[from] drain|[of] p2a: Amoonguss\n|\n|-weather|Snow|[upkeep]\n|-heal|p2a: Amoonguss|99\/100|[from] item: Black Sludge\n|-end|p2b: Toxapex|Disable\n|-sideend|p1: RocketsViability|move: Aurora Veil\n|upkeep\n|turn|25\n|\n|t:|1699455433\n|move|p2b: Toxapex|Infestation|p1a: Trevenant\n|-resisted|p1a: Trevenant\n|-damage|p1a: Trevenant|66\/100 par\n|-activate|p1a: Trevenant|move: Infestation|[of] p2b: Toxapex\n|move|p2a: Amoonguss|Pollen Puff|p1a: Trevenant\n|-resisted|p1a: Trevenant\n|-damage|p1a: Trevenant|59\/100 par\n|move|p1a: Trevenant|Disable|p2b: Toxapex\n|-start|p2b: Toxapex|Disable|Infestation\n|\n|-weather|Snow|[upkeep]\n|-heal|p2a: Amoonguss|100\/100|[from] item: Black Sludge\n|-damage|p1a: Trevenant|47\/100 par|[from] move: Infestation|[partiallytrapped]\n|upkeep\n|-enditem|p1a: Trevenant|Sitrus Berry|[eat]\n|-heal|p1a: Trevenant|72\/100 par|[from] item: Sitrus Berry\n|turn|26\n|\n|t:|1699455458\n|move|p2b: Toxapex|Baneful Bunker|p2b: Toxapex\n|-singleturn|p2b: Toxapex|move: Protect\n|move|p2a: Amoonguss|Pollen Puff|p1a: Trevenant\n|-resisted|p1a: Trevenant\n|-damage|p1a: Trevenant|66\/100 par\n|move|p1a: Trevenant|Disable|p2a: Amoonguss\n|-start|p2a: Amoonguss|Disable|Pollen Puff\n|\n|-weather|Snow|[upkeep]\n|-damage|p1a: Trevenant|53\/100 par|[from] move: Infestation|[partiallytrapped]\n|upkeep\n|turn|27\n|\n|t:|1699455479\n|switch|p2a: Tinkaton|Tinkaton, F|25\/100\n|-ability|p2a: Tinkaton|Mold Breaker\n|move|p2b: Toxapex|Recover||[still]\n|-fail|p2b: Toxapex|heal\n|move|p1a: Trevenant|Horn Leech|p2a: Tinkaton\n|-resisted|p2a: Tinkaton\n|-damage|p2a: Tinkaton|6\/100\n|-heal|p1a: Trevenant|61\/100 par|[from] drain|[of] p2a: Tinkaton\n|\n|-weather|none\n|-heal|p2a: Tinkaton|12\/100|[from] item: Leftovers\n|-damage|p1a: Trevenant|49\/100 par|[from] move: Infestation|[partiallytrapped]\n|upkeep\n|turn|28\n|\n|t:|1699455492\n|move|p2b: Toxapex|Baneful Bunker|p2b: Toxapex\n|-singleturn|p2b: Toxapex|move: Protect\n|move|p2a: Tinkaton|Fake Out|p1a: Trevenant\n|-resisted|p1a: Trevenant\n|-damage|p1a: Trevenant|44\/100 par\n|cant|p1a: Trevenant|flinch\n|\n|-heal|p2a: Tinkaton|18\/100|[from] item: Leftovers\n|-damage|p1a: Trevenant|31\/100 par|[from] move: Infestation|[partiallytrapped]\n|-item|p1a: Trevenant|Sitrus Berry|[from] ability: Harvest\n|upkeep\n|-enditem|p1a: Trevenant|Sitrus Berry|[eat]\n|-heal|p1a: Trevenant|56\/100 par|[from] item: Sitrus Berry\n|turn|29\n|\n|t:|1699455510\n|move|p2a: Tinkaton|Feint|p1a: Trevenant\n|-resisted|p1a: Trevenant\n|-damage|p1a: Trevenant|52\/100 par\n|move|p2b: Toxapex|Recover||[still]\n|-fail|p2b: Toxapex|heal\n|move|p1a: Trevenant|Horn Leech|p2a: Tinkaton\n|-resisted|p2a: Tinkaton\n|-damage|p2a: Tinkaton|0 fnt\n|-heal|p1a: Trevenant|59\/100 par|[from] drain|[of] p2a: Tinkaton\n|faint|p2a: Tinkaton\n|\n|-damage|p1a: Trevenant|47\/100 par|[from] move: Infestation|[partiallytrapped]\n|-end|p2b: Toxapex|Disable\n|-item|p1a: Trevenant|Sitrus Berry|[from] ability: Harvest\n|upkeep\n|-enditem|p1a: Trevenant|Sitrus Berry|[eat]\n|-heal|p1a: Trevenant|72\/100 par|[from] item: Sitrus Berry\n|\n|t:|1699455517\n|switch|p2a: Rillaboom|Rillaboom, F|100\/100\n|-fieldstart|move: Grassy Terrain|[from] ability: Grassy Surge|[of] p2a: Rillaboom\n|turn|30\n|\n|t:|1699455528\n|move|p2a: Rillaboom|Fake Out|p1a: Trevenant\n|-resisted|p1a: Trevenant\n|-damage|p1a: Trevenant|64\/100 par\n|move|p2b: Toxapex|Infestation|p1a: Trevenant\n|-resisted|p1a: Trevenant\n|-crit|p1a: Trevenant\n|-damage|p1a: Trevenant|62\/100 par\n|cant|p1a: Trevenant|flinch\n|\n|-heal|p1a: Trevenant|68\/100 par|[from] Grassy Terrain\n|-end|p1a: Trevenant|Infestation|[partiallytrapped]\n|-item|p1a: Trevenant|Sitrus Berry|[from] ability: Harvest\n|upkeep\n|turn|31\n|\n|t:|1699455547\n|move|p2a: Rillaboom|Knock Off|p1a: Trevenant\n|-damage|p1a: Trevenant|32\/100 par\n|-enditem|p1a: Trevenant|Sitrus Berry|[from] move: Knock Off|[of] p2a: Rillaboom\n|move|p2b: Toxapex|Infestation|p1a: Trevenant\n|-resisted|p1a: Trevenant\n|-damage|p1a: Trevenant|31\/100 par\n|-activate|p1a: Trevenant|move: Infestation|[of] p2b: Toxapex\n|cant|p1a: Trevenant|par\n|\n|-heal|p1a: Trevenant|37\/100 par|[from] Grassy Terrain\n|-damage|p1a: Trevenant|25\/100 par|[from] move: Infestation|[partiallytrapped]\n|upkeep\n|turn|32\n|\n|t:|1699455555\n|move|p2a: Rillaboom|Knock Off|p1a: Trevenant\n|-damage|p1a: Trevenant|0 fnt\n|faint|p1a: Trevenant\n|\n|win|Mbozzo11\n|raw|RocketsViability's rating: 1178 &rarr; <strong>1145<\/strong><br \/>(-33 for losing)\n|raw|Mbozzo11's rating: 1066 &rarr; <strong>1105<\/strong><br \/>(+39 for winning)\n|l|\u2606Mbozzo11\n|c|\u2606RocketsViability|why didnt you go intro rilla in the first place\n","uploadtime":1699455575,"views":8,"p1id":"rocketsviability","p2id":"mbozzo11","formatid":"gen9doublesou","rating":1105,"private":0,"password":""}