{"id":"gen9doublesou-1970173155","p1":"Jackmim","p2":"nobodyhatesthis","format":"[Gen 9] Doubles OU","log":"|j|\u2606Jackmim\n|j|\u2606nobodyhatesthis\n|t:|1697604881\n|gametype|doubles\n|player|p1|Jackmim|opal|1028\n|player|p2|nobodyhatesthis|1|1067\n|teamsize|p1|6\n|teamsize|p2|6\n|gen|9\n|tier|[Gen 9] Doubles OU\n|rated|\n|rule|Species Clause: Limit one of each Pok\u00e9mon\n|rule|OHKO Clause: OHKO moves are banned\n|rule|Evasion Moves Clause: Evasion moves are banned\n|rule|Gravity Sleep Clause: The combination of sleep-inducing moves with imperfect accuracy and Gravity or Gigantamax Orbeetle are banned\n|rule|Endless Battle Clause: Forcing endless battles is banned\n|rule|HP Percentage Mod: HP is shown in percentages\n|clearpoke\n|poke|p1|Weezing-Galar, F|\n|poke|p1|Hatterene, F|\n|poke|p1|Tinkaton, F|\n|poke|p1|Gardevoir, F|\n|poke|p1|Tinkatuff, F|\n|poke|p1|Enamorus, F|\n|poke|p2|Ogerpon-Cornerstone, F|\n|poke|p2|Clefable, F|\n|poke|p2|Farigiraf, F|\n|poke|p2|Tornadus, M|\n|poke|p2|Sinistcha|\n|poke|p2|Flutter Mane|\n|teampreview\n|\n|t:|1697604891\n|start\n|switch|p1a: Pinky Pie|Tinkatuff, F|100\/100\n|switch|p1b: Pink|Tinkaton, F, shiny|100\/100\n|switch|p2a: Ogerpon|Ogerpon-Cornerstone, F|100\/100\n|switch|p2b: Clefable|Clefable, F|100\/100\n|-ability|p1a: Pinky Pie|Mold Breaker\n|turn|1\n|\n|t:|1697604910\n|move|p1a: Pinky Pie|Fake Out|p2a: Ogerpon\n|-resisted|p2a: Ogerpon\n|-damage|p2a: Ogerpon|95\/100\n|move|p2b: Clefable|Follow Me|p2b: Clefable\n|-singleturn|p2b: Clefable|move: Follow Me\n|cant|p2a: Ogerpon|flinch\n|move|p1b: Pink|Knock Off|p2b: Clefable\n|-resisted|p2b: Clefable\n|-damage|p2b: Clefable|91\/100\n|-enditem|p2b: Clefable|Life Orb|[from] move: Knock Off|[of] p1b: Pink\n|\n|upkeep\n|turn|2\n|\n|t:|1697604925\n|move|p1a: Pinky Pie|Helping Hand|p1b: Pink\n|-singleturn|p1b: Pink|Helping Hand|[of] p1a: Pinky Pie\n|move|p2b: Clefable|Follow Me|p2b: Clefable\n|-singleturn|p2b: Clefable|move: Follow Me\n|move|p2a: Ogerpon|Focus Energy|p2a: Ogerpon\n|-start|p2a: Ogerpon|move: Focus Energy\n|move|p1b: Pink|Gigaton Hammer|p2b: Clefable\n|-supereffective|p2b: Clefable\n|-damage|p2b: Clefable|0 fnt\n|faint|p2b: Clefable\n|\n|upkeep\n|\n|t:|1697604935\n|switch|p2b: Sinistcha|Sinistcha|100\/100\n|-heal|p2a: Ogerpon|100\/100|[from] ability: Hospitality|[of] p2b: Sinistcha\n|turn|3\n|\n|t:|1697604951\n|switch|p1b: Black Pink|Gardevoir, F, shiny|100\/100\n|-ability|p1b: Black Pink|Hospitality|[from] ability: Trace|[of] p2b: Sinistcha\n|switch|p1a: Jisoo|Hatterene, F|100\/100\n|move|p2a: Ogerpon|Swords Dance|p2a: Ogerpon\n|-boost|p2a: Ogerpon|atk|2\n|move|p2b: Sinistcha|Matcha Gotcha|p1a: Jisoo|[spread] p1a,p1b\n|-damage|p1a: Jisoo|69\/100\n|-damage|p1b: Black Pink|64\/100\n|\n|upkeep\n|turn|4\n|\n|t:|1697604976\n|move|p2a: Ogerpon|Ivy Cudgel|p1a: Jisoo\n|-crit|p1a: Jisoo\n|-damage|p1a: Jisoo|0 fnt\n|faint|p1a: Jisoo\n|move|p1b: Black Pink|Mystical Fire|p2a: Ogerpon\n|-damage|p2a: Ogerpon|59\/100\n|-unboost|p2a: Ogerpon|spa|1\n|-damage|p1b: Black Pink|55\/100|[from] item: Life Orb\n|move|p2b: Sinistcha|Leaf Storm|p1b: Black Pink\n|-damage|p1b: Black Pink|0 fnt\n|-unboost|p2b: Sinistcha|spa|2\n|faint|p1b: Black Pink\n|\n|upkeep\n|\n|t:|1697604991\n|switch|p1b: Pink|Tinkaton, F, shiny|100\/100\n|switch|p1a: Pinky Pie|Tinkatuff, F|100\/100\n|-ability|p1a: Pinky Pie|Mold Breaker\n|turn|5\n|\n|t:|1697605006\n|switch|p2b: Tornadus|Tornadus, M|100\/100\n|move|p1a: Pinky Pie|Fake Out|p2a: Ogerpon\n|-resisted|p2a: Ogerpon\n|-damage|p2a: Ogerpon|53\/100\n|cant|p2a: Ogerpon|flinch\n|move|p1b: Pink|Gigaton Hammer|p2a: Ogerpon\n|-supereffective|p2a: Ogerpon\n|-damage|p2a: Ogerpon|0 fnt\n|faint|p2a: Ogerpon\n|\n|upkeep\n|\n|t:|1697605017\n|switch|p2a: Farigiraf|Farigiraf, F|100\/100\n|turn|6\n|\n|t:|1697605033\n|move|p2b: Tornadus|Tailwind|p2b: Tornadus\n|-sidestart|p2: nobodyhatesthis|move: Tailwind\n|move|p2a: Farigiraf|Skill Swap|p1b: Pink\n|-activate|p2a: Farigiraf|move: Skill Swap|Own Tempo|Armor Tail|[of] p1b: Pink\n|move|p1b: Pink|Knock Off|p2a: Farigiraf\n|-supereffective|p2a: Farigiraf\n|-damage|p2a: Farigiraf|56\/100\n|-enditem|p2a: Farigiraf|Aguav Berry|[from] move: Knock Off|[of] p1b: Pink\n|move|p1a: Pinky Pie|Fake Tears|p2b: Tornadus\n|-unboost|p2b: Tornadus|spd|2\n|\n|upkeep\n|turn|7\n|\n|t:|1697605050\n|move|p2b: Tornadus|Bleakwind Storm|p1b: Pink|[spread] p1a\n|-miss|p2b: Tornadus|p1b: Pink\n|-resisted|p1a: Pinky Pie\n|-damage|p1a: Pinky Pie|86\/100\n|move|p2a: Farigiraf|Dazzling Gleam|p1a: Pinky Pie|[spread] p1a,p1b\n|-resisted|p1a: Pinky Pie\n|-resisted|p1b: Pink\n|-damage|p1a: Pinky Pie|79\/100\n|-damage|p1b: Pink|91\/100\n|move|p1b: Pink|Gigaton Hammer|p2a: Farigiraf\n|-damage|p2a: Farigiraf|0 fnt\n|faint|p2a: Farigiraf\n|move|p1a: Pinky Pie|Metronome|p1a: Pinky Pie\n|move|p1a: Pinky Pie|Psystrike|p2b: Tornadus|[from]move: Metronome\n|-damage|p2b: Tornadus|84\/100\n|\n|upkeep\n|\n|t:|1697605068\n|switch|p2a: Flutter Mane|Flutter Mane|100\/100\n|-enditem|p2a: Flutter Mane|Booster Energy\n|-activate|p2a: Flutter Mane|ability: Protosynthesis|[fromitem]\n|-start|p2a: Flutter Mane|protosynthesisspa\n|turn|8\n|\n|t:|1697605083\n|move|p2a: Flutter Mane|Icy Wind|p1b: Pink|[spread] p1a,p1b\n|-resisted|p1a: Pinky Pie\n|-resisted|p1b: Pink\n|-damage|p1a: Pinky Pie|71\/100\n|-damage|p1b: Pink|80\/100\n|-unboost|p1a: Pinky Pie|spe|1\n|-unboost|p1b: Pink|spe|1\n|move|p2b: Tornadus|Icy Wind|p1b: Pink|[spread] p1a,p1b\n|-resisted|p1a: Pinky Pie\n|-resisted|p1b: Pink\n|-damage|p1a: Pinky Pie|65\/100\n|-damage|p1b: Pink|73\/100\n|-unboost|p1a: Pinky Pie|spe|1\n|-unboost|p1b: Pink|spe|1\n|move|p1b: Pink|Knock Off|p2a: Flutter Mane\n|-damage|p2a: Flutter Mane|69\/100\n|move|p1a: Pinky Pie|Fake Tears|p2a: Flutter Mane\n|-unboost|p2a: Flutter Mane|spd|2\n|\n|upkeep\n|turn|9\n|\n|t:|1697605108\n|switch|p2b: Sinistcha|Sinistcha|100\/100\n|-heal|p2a: Flutter Mane|93\/100|[from] ability: Hospitality|[of] p2b: Sinistcha\n|move|p1a: Pinky Pie|Helping Hand|p1b: Pink\n|-singleturn|p1b: Pink|Helping Hand|[of] p1a: Pinky Pie\n|move|p2a: Flutter Mane|Hex|p1b: Pink\n|-damage|p1b: Pink|18\/100\n|move|p1b: Pink|Gigaton Hammer|p2a: Flutter Mane\n|-supereffective|p2a: Flutter Mane\n|-damage|p2a: Flutter Mane|0 fnt\n|faint|p2a: Flutter Mane\n|-end|p2a: Flutter Mane|Protosynthesis|[silent]\n|\n|-sideend|p2: nobodyhatesthis|move: Tailwind\n|upkeep\n|\n|t:|1697605116\n|switch|p2a: Tornadus|Tornadus, M|84\/100\n|turn|10\n|\n|t:|1697605130\n|move|p2a: Tornadus|Icy Wind|p1a: Pinky Pie|[spread] p1a,p1b\n|-resisted|p1a: Pinky Pie\n|-resisted|p1b: Pink\n|-damage|p1a: Pinky Pie|60\/100\n|-damage|p1b: Pink|10\/100\n|-unboost|p1a: Pinky Pie|spe|1\n|-unboost|p1b: Pink|spe|1\n|move|p2b: Sinistcha|Nasty Plot|p2b: Sinistcha\n|-boost|p2b: Sinistcha|spa|2\n|move|p1b: Pink|Knock Off|p2b: Sinistcha\n|-supereffective|p2b: Sinistcha\n|-damage|p2b: Sinistcha|55\/100\n|-enditem|p2b: Sinistcha|Aguav Berry|[from] move: Knock Off|[of] p1b: Pink\n|move|p1a: Pinky Pie|Fake Tears|p2a: Tornadus\n|-unboost|p2a: Tornadus|spd|2\n|\n|upkeep\n|turn|11\n|\n|t:|1697605147\n|move|p2a: Tornadus|Icy Wind|p1b: Pink|[spread] p1a,p1b\n|-resisted|p1a: Pinky Pie\n|-resisted|p1b: Pink\n|-damage|p1a: Pinky Pie|55\/100\n|-damage|p1b: Pink|2\/100\n|-unboost|p1a: Pinky Pie|spe|1\n|-unboost|p1b: Pink|spe|1\n|move|p2b: Sinistcha|Matcha Gotcha|p1a: Pinky Pie|[spread] p1a,p1b\n|-resisted|p1a: Pinky Pie\n|-resisted|p1b: Pink\n|-damage|p1a: Pinky Pie|27\/100\n|-heal|p2b: Sinistcha|69\/100|[from] drain|[of] p1a: Pinky Pie\n|-damage|p1b: Pink|0 fnt\n|-heal|p2b: Sinistcha|69\/100|[from] drain|[of] p1b: Pink\n|faint|p1b: Pink\n|move|p1a: Pinky Pie|Metronome|p1a: Pinky Pie\n|move|p1a: Pinky Pie|Wildbolt Storm|p2a: Tornadus|[from]move: Metronome|[spread] p2a,p2b\n|-supereffective|p2a: Tornadus\n|-resisted|p2b: Sinistcha\n|-damage|p2a: Tornadus|36\/100\n|-damage|p2b: Sinistcha|65\/100\n|\n|upkeep\n|\n|t:|1697605165\n|switch|p1b: Wyndon|Weezing-Galar, F|100\/100\n|turn|12\n|\n|t:|1697605177\n|move|p2a: Tornadus|Bleakwind Storm|p1a: Pinky Pie|[spread] p1a,p1b\n|-resisted|p1a: Pinky Pie\n|-crit|p1a: Pinky Pie\n|-damage|p1a: Pinky Pie|6\/100\n|-damage|p1b: Wyndon|49\/100\n|move|p2b: Sinistcha|Matcha Gotcha|p1a: Pinky Pie|[spread] p1a,p1b\n|-resisted|p1a: Pinky Pie\n|-resisted|p1b: Wyndon\n|-damage|p1a: Pinky Pie|0 fnt\n|-heal|p2b: Sinistcha|68\/100|[from] drain|[of] p1a: Pinky Pie\n|-damage|p1b: Wyndon|3\/100\n|-heal|p2b: Sinistcha|90\/100|[from] drain|[of] p1b: Wyndon\n|-status|p1b: Wyndon|brn\n|faint|p1a: Pinky Pie\n|move|p1b: Wyndon|Toxic|p2b: Sinistcha\n|-status|p2b: Sinistcha|tox\n|\n|-damage|p2b: Sinistcha|84\/100 tox|[from] psn\n|-damage|p1b: Wyndon|0 fnt|[from] brn\n|faint|p1b: Wyndon\n|upkeep\n|\n|t:|1697605197\n|switch|p1b: Ros\u00e9|Enamorus, F|100\/100\n|turn|13\n|\n|t:|1697605214\n|move|p2a: Tornadus|Icy Wind|p1b: Ros\u00e9\n|-supereffective|p1b: Ros\u00e9\n|-damage|p1b: Ros\u00e9|48\/100\n|-boost|p1b: Ros\u00e9|spe|1\n|move|p1b: Ros\u00e9|Springtide Storm|p2b: Sinistcha|[spread] p2a,p2b\n|-damage|p2a: Tornadus|0 fnt\n|-damage|p2b: Sinistcha|36\/100 tox\n|faint|p2a: Tornadus\n|move|p2b: Sinistcha|Leaf Storm|p1b: Ros\u00e9\n|-resisted|p1b: Ros\u00e9\n|-damage|p1b: Ros\u00e9|0 fnt\n|-unboost|p2b: Sinistcha|spa|2\n|faint|p1b: Ros\u00e9\n|\n|win|nobodyhatesthis\n|raw|Jackmim's rating: 1028 &rarr; <strong>1015<\/strong><br \/>(-13 for losing)\n|raw|nobodyhatesthis's rating: 1067 &rarr; <strong>1094<\/strong><br \/>(+27 for winning)\n|c|\u2606Jackmim|gg\n|l|\u2606Jackmim\n|c|\u2606nobodyhatesthis|gg\n","uploadtime":1697605237,"views":20,"p1id":"jackmim","p2id":"nobodyhatesthis","formatid":"gen9doublesou","rating":1015,"private":0,"password":""}