{"id":"gen9doublesou-1972216339","p1":"BlackLeague","p2":"Tarifa Zero","format":"[Gen 9] Doubles OU","log":"|j|\u2606BlackLeague\n|j|\u2606Tarifa Zero\n|t:|1697822259\n|gametype|doubles\n|player|p1|BlackLeague|1|1427\n|player|p2|Tarifa Zero|giovanni|1573\n|teamsize|p1|6\n|teamsize|p2|6\n|gen|9\n|tier|[Gen 9] Doubles OU\n|rated|\n|rule|Species Clause: Limit one of each Pok\u00e9mon\n|rule|OHKO Clause: OHKO moves are banned\n|rule|Evasion Moves Clause: Evasion moves are banned\n|rule|Gravity Sleep Clause: The combination of sleep-inducing moves with imperfect accuracy and Gravity or Gigantamax Orbeetle are banned\n|rule|Endless Battle Clause: Forcing endless battles is banned\n|rule|HP Percentage Mod: HP is shown in percentages\n|clearpoke\n|poke|p1|Scizor, M|\n|poke|p1|Abomasnow, M|\n|poke|p1|Chimecho, M|\n|poke|p1|Chandelure, M|\n|poke|p1|Ursaluna, M|\n|poke|p1|Palafin, F|\n|poke|p2|Rillaboom, M|\n|poke|p2|Iron Hands|\n|poke|p2|Ninetales-Alola, M|\n|poke|p2|Iron Jugulis|\n|poke|p2|Garganacl, M|\n|poke|p2|Glimmora, M|\n|teampreview\n|inactive|Battle timer is ON: inactive players will automatically lose when time's up. (requested by BlackLeague)\n|\n|t:|1697822267\n|start\n|switch|p1a: Chimecho|Chimecho, M|100\/100\n|switch|p1b: Palafin|Palafin, F|100\/100\n|switch|p2a: Glimmora|Glimmora, M|100\/100\n|switch|p2b: Iron Jugulis|Iron Jugulis|100\/100\n|-enditem|p2b: Iron Jugulis|Booster Energy\n|-activate|p2b: Iron Jugulis|ability: Quark Drive|[fromitem]\n|-start|p2b: Iron Jugulis|quarkdrivespe\n|turn|1\n|\n|t:|1697822295\n|detailschange|p1b: Palafin|Palafin-Hero, F\n|switch|p1b: Abomasnow|Abomasnow, M|100\/100\n|-weather|Snow|[from] ability: Snow Warning|[of] p1b: Abomasnow\n|move|p2b: Iron Jugulis|Dark Pulse|p1a: Chimecho\n|-supereffective|p1a: Chimecho\n|-damage|p1a: Chimecho|21\/100\n|move|p2a: Glimmora|Mortal Spin|p1b: Abomasnow|[spread] p1a,p1b\n|-supereffective|p1b: Abomasnow\n|-damage|p1a: Chimecho|17\/100\n|-damage|p1b: Abomasnow|94\/100\n|-status|p1b: Abomasnow|psn\n|move|p1a: Chimecho|Trick Room|p1a: Chimecho\n|-fieldstart|move: Trick Room|[of] p1a: Chimecho\n|\n|-weather|Snow|[upkeep]\n|-damage|p1b: Abomasnow|81\/100 psn|[from] psn\n|upkeep\n|turn|2\n|\n|t:|1697822318\n|-end|p2b: Iron Jugulis|Quark Drive|[silent]\n|switch|p2b: Iron Hands|Iron Hands|100\/100\n|move|p1a: Chimecho|Helping Hand|p1b: Abomasnow\n|-singleturn|p1b: Abomasnow|Helping Hand|[of] p1a: Chimecho\n|move|p1b: Abomasnow|Blizzard|p2a: Glimmora|[spread] p2a,p2b\n|-enditem|p2a: Glimmora|Focus Sash\n|-damage|p2a: Glimmora|1\/100\n|-damage|p2b: Iron Hands|59\/100\n|-damage|p1b: Abomasnow|71\/100 psn|[from] item: Life Orb\n|move|p2a: Glimmora|Sludge Bomb|p1b: Abomasnow\n|-supereffective|p1b: Abomasnow\n|-damage|p1b: Abomasnow|0 fnt\n|faint|p1b: Abomasnow\n|\n|-weather|Snow|[upkeep]\n|upkeep\n|\n|t:|1697822328\n|switch|p1b: Ursaluna|Ursaluna, M|100\/100\n|turn|3\n|\n|t:|1697822339\n|move|p1b: Ursaluna|Protect|p1b: Ursaluna\n|-singleturn|p1b: Ursaluna|Protect\n|move|p2b: Iron Hands|Fake Out|p1b: Ursaluna\n|-activate|p1b: Ursaluna|move: Protect\n|move|p1a: Chimecho|Encore|p2b: Iron Hands\n|-start|p2b: Iron Hands|Encore\n|move|p2a: Glimmora|Mortal Spin|p1a: Chimecho|[spread] p1a\n|-activate|p1b: Ursaluna|move: Protect\n|-damage|p1a: Chimecho|13\/100\n|\n|-weather|Snow|[upkeep]\n|-status|p1b: Ursaluna|brn|[from] item: Flame Orb\n|upkeep\n|turn|4\n|\n|t:|1697822354\n|-end|p2b: Iron Hands|Quark Drive|[silent]\n|switch|p2b: Iron Jugulis|Iron Jugulis|100\/100\n|switch|p1a: Scizor|Scizor, M|100\/100\n|move|p1b: Ursaluna|Earthquake|p2a: Glimmora|[spread] p1a,p2a\n|-immune|p2b: Iron Jugulis\n|-supereffective|p2a: Glimmora\n|-damage|p1a: Scizor|33\/100\n|-damage|p2a: Glimmora|0 fnt\n|-activate|p2a: Glimmora|ability: Toxic Debris\n|-sidestart|p1: BlackLeague|move: Toxic Spikes\n|faint|p2a: Glimmora\n|\n|-weather|Snow|[upkeep]\n|-damage|p1b: Ursaluna|94\/100 brn|[from] brn\n|upkeep\n|\n|t:|1697822368\n|switch|p2a: Rillaboom|Rillaboom, M|100\/100\n|-fieldstart|move: Grassy Terrain|[from] ability: Grassy Surge|[of] p2a: Rillaboom\n|turn|5\n|\n|t:|1697822374\n|move|p2a: Rillaboom|Fake Out|p1b: Ursaluna\n|-damage|p1b: Ursaluna|84\/100 brn\n|cant|p1b: Ursaluna|flinch\n|move|p1a: Scizor|U-turn|p2a: Rillaboom\n|-supereffective|p2a: Rillaboom\n|-damage|p2a: Rillaboom|33\/100\n|\n|t:|1697822380\n|switch|p1a: Chandelure|Chandelure, M|100\/100|[from] U-turn\n|-status|p1a: Chandelure|psn\n|move|p2b: Iron Jugulis|Flamethrower|p1a: Chandelure\n|-start|p1a: Chandelure|ability: Flash Fire\n|\n|-weather|none\n|-heal|p1b: Ursaluna|90\/100 brn|[from] Grassy Terrain\n|-heal|p2a: Rillaboom|39\/100|[from] Grassy Terrain\n|-damage|p1a: Chandelure|88\/100 psn|[from] psn\n|-damage|p1b: Ursaluna|84\/100 brn|[from] brn\n|-fieldend|move: Trick Room\n|upkeep\n|turn|6\n|\n|t:|1697822397\n|switch|p2a: Garganacl|Garganacl, M|100\/100\n|switch|p1b: Scizor|Scizor, M|33\/100\n|-terastallize|p1a: Chandelure|Bug\n|move|p2b: Iron Jugulis|Dark Pulse|p1a: Chandelure\n|-damage|p1a: Chandelure|45\/100 psn\n|move|p1a: Chandelure|Heat Wave|p2b: Iron Jugulis|[spread] p2a,p2b\n|-resisted|p2a: Garganacl\n|-damage|p2a: Garganacl|80\/100\n|-damage|p2b: Iron Jugulis|36\/100\n|\n|-heal|p1b: Scizor|39\/100|[from] Grassy Terrain\n|-heal|p1a: Chandelure|51\/100 psn|[from] Grassy Terrain\n|-heal|p2a: Garganacl|86\/100|[from] Grassy Terrain\n|-heal|p2a: Garganacl|93\/100|[from] item: Leftovers\n|-damage|p1a: Chandelure|38\/100 psn|[from] psn\n|upkeep\n|turn|7\n|\n|t:|1697822422\n|-terastallize|p2b: Iron Jugulis|Steel\n|move|p1b: Scizor|Bullet Punch|p2b: Iron Jugulis\n|-resisted|p2b: Iron Jugulis\n|-damage|p2b: Iron Jugulis|11\/100\n|move|p2b: Iron Jugulis|Dark Pulse|p1a: Chandelure\n|-damage|p1a: Chandelure|0 fnt\n|faint|p1a: Chandelure\n|move|p2a: Garganacl|Salt Cure|p1b: Scizor\n|-damage|p1b: Scizor|26\/100\n|-start|p1b: Scizor|Salt Cure\n|\n|-heal|p2b: Iron Jugulis|17\/100|[from] Grassy Terrain\n|-heal|p1b: Scizor|32\/100|[from] Grassy Terrain\n|-heal|p2a: Garganacl|99\/100|[from] Grassy Terrain\n|-heal|p2a: Garganacl|100\/100|[from] item: Leftovers\n|-damage|p1b: Scizor|8\/100|[from] Salt Cure\n|upkeep\n|\n|t:|1697822432\n|switch|p1a: Ursaluna|Ursaluna, M|84\/100 brn\n|turn|8\n|\n|t:|1697822447\n|switch|p1b: Chimecho|Chimecho, M|13\/100\n|move|p2b: Iron Jugulis|Dark Pulse|p1a: Ursaluna\n|-damage|p1a: Ursaluna|53\/100 brn\n|move|p1a: Ursaluna|Earthquake|p2b: Iron Jugulis|[spread] p2a,p2b\n|-immune|p1b: Chimecho|[from] ability: Levitate\n|-supereffective|p2a: Garganacl\n|-supereffective|p2b: Iron Jugulis\n|-damage|p2a: Garganacl|61\/100\n|-damage|p2b: Iron Jugulis|0 fnt\n|faint|p2b: Iron Jugulis\n|-end|p2b: Iron Jugulis|Quark Drive|[silent]\n|move|p2a: Garganacl|Salt Cure|p1a: Ursaluna\n|-resisted|p1a: Ursaluna\n|-damage|p1a: Ursaluna|47\/100 brn\n|-start|p1a: Ursaluna|Salt Cure\n|\n|-heal|p1a: Ursaluna|54\/100 brn|[from] Grassy Terrain\n|-heal|p2a: Garganacl|67\/100|[from] Grassy Terrain\n|-heal|p2a: Garganacl|74\/100|[from] item: Leftovers\n|-damage|p1a: Ursaluna|47\/100 brn|[from] brn\n|-damage|p1a: Ursaluna|35\/100 brn|[from] Salt Cure\n|upkeep\n|inactive|Tarifa Zero has 120 seconds left.\n|\n|t:|1697822469\n|switch|p2b: Ninetales|Ninetales-Alola, M|100\/100\n|-weather|Snow|[from] ability: Snow Warning|[of] p2b: Ninetales\n|turn|9\n|inactive|BlackLeague has 120 seconds left.\n|\n|t:|1697822520\n|move|p2b: Ninetales|Dazzling Gleam|p1b: Chimecho|[spread] p1a,p1b\n|-damage|p1a: Ursaluna|16\/100 brn\n|-damage|p1b: Chimecho|0 fnt\n|faint|p1b: Chimecho\n|move|p1a: Ursaluna|Earthquake|p2b: Ninetales|[spread] p2a,p2b\n|-supereffective|p2a: Garganacl\n|-damage|p2a: Garganacl|36\/100\n|-damage|p2b: Ninetales|70\/100\n|move|p2a: Garganacl|Body Press|p1a: Ursaluna\n|-supereffective|p1a: Ursaluna\n|-damage|p1a: Ursaluna|0 fnt\n|faint|p1a: Ursaluna\n|\n|-weather|Snow|[upkeep]\n|-heal|p2b: Ninetales|76\/100|[from] Grassy Terrain\n|-heal|p2a: Garganacl|42\/100|[from] Grassy Terrain\n|-heal|p2a: Garganacl|48\/100|[from] item: Leftovers\n|-fieldend|move: Grassy Terrain\n|upkeep\n|\n|t:|1697822524\n|switch|p1b: Palafin|Palafin-Hero, F|100\/100\n|switch|p1a: Scizor|Scizor, M|8\/100\n|-status|p1b: Palafin|psn\n|-activate|p1b: Palafin|ability: Zero to Hero\n|turn|10\n|\n|t:|1697822542\n|move|p1a: Scizor|Bullet Punch|p2b: Ninetales\n|-supereffective|p2b: Ninetales\n|-damage|p2b: Ninetales|0 fnt\n|faint|p2b: Ninetales\n|move|p1b: Palafin|Wave Crash|p2a: Garganacl\n|-supereffective|p2a: Garganacl\n|-crit|p2a: Garganacl\n|-damage|p2a: Garganacl|0 fnt\n|faint|p2a: Garganacl\n|-damage|p1b: Palafin|87\/100 psn|[from] Recoil\n|\n|-weather|Snow|[upkeep]\n|-damage|p1b: Palafin|75\/100 psn|[from] psn\n|upkeep\n|\n|t:|1697822553\n|switch|p2b: Rillaboom|Rillaboom, M|39\/100\n|switch|p2a: Iron Hands|Iron Hands|59\/100\n|-fieldstart|move: Grassy Terrain|[from] ability: Grassy Surge|[of] p2b: Rillaboom\n|turn|11\n|\n|t:|1697822572\n|move|p1a: Scizor|Quick Guard|p1a: Scizor\n|-singleturn|p1a: Scizor|Quick Guard\n|move|p2a: Iron Hands|Fake Out|p1a: Scizor\n|-activate|p1a: Scizor|move: Quick Guard\n|move|p2b: Rillaboom|Grassy Glide|p1b: Palafin\n|-activate|p1b: Palafin|move: Quick Guard\n|move|p1b: Palafin|Wave Crash|p2a: Iron Hands\n|-damage|p2a: Iron Hands|15\/100\n|-damage|p1b: Palafin|58\/100 psn|[from] Recoil\n|\n|-weather|Snow|[upkeep]\n|-heal|p1b: Palafin|64\/100 psn|[from] Grassy Terrain\n|-heal|p2b: Rillaboom|45\/100|[from] Grassy Terrain\n|-heal|p1a: Scizor|14\/100|[from] Grassy Terrain\n|-heal|p2a: Iron Hands|21\/100|[from] Grassy Terrain\n|-damage|p1b: Palafin|51\/100 psn|[from] psn\n|upkeep\n|turn|12\n|\n|t:|1697822595\n|move|p1b: Palafin|Jet Punch|p2a: Iron Hands\n|-damage|p2a: Iron Hands|0 fnt\n|faint|p2a: Iron Hands\n|-end|p2a: Iron Hands|Quark Drive|[silent]\n|move|p2b: Rillaboom|Grassy Glide|p1b: Palafin\n|-supereffective|p1b: Palafin\n|-damage|p1b: Palafin|0 fnt\n|faint|p1b: Palafin\n|move|p1a: Scizor|U-turn|p2b: Rillaboom\n|-supereffective|p2b: Rillaboom\n|-damage|p2b: Rillaboom|0 fnt\n|faint|p2b: Rillaboom\n|\n|win|BlackLeague\n|raw|BlackLeague's rating: 1427 &rarr; <strong>1455<\/strong><br \/>(+28 for winning)\n|raw|Tarifa Zero's rating: 1573 &rarr; <strong>1545<\/strong><br \/>(-28 for losing)\n|c|\u2606BlackLeague|gg\n|l|\u2606Tarifa Zero\n","uploadtime":1697822611,"views":20,"p1id":"blackleague","p2id":"tarifazero","formatid":"gen9doublesou","rating":1455,"private":0,"password":""}