{"id":"gen9doublesou-1996905976","p1":"HEAVY-DUTY B0OTY","p2":"Bhaviswar 2","format":"[Gen 9] Doubles OU","log":"|j|\u2606HEAVY-DUTY B0OTY\n|j|\u2606Bhaviswar 2\n|inactive|Battle timer is ON: inactive players will automatically lose when time's up.\n|t:|1700743088\n|gametype|doubles\n|player|p1|HEAVY-DUTY B0OTY|swimmerf-gen6|\n|player|p2|Bhaviswar 2|volkner|\n|teamsize|p1|4\n|teamsize|p2|4\n|gen|9\n|tier|[Gen 9] Doubles OU\n|rated|Tournament battle\n|rule|Species Clause: Limit one of each Pok\u00e9mon\n|rule|OHKO Clause: OHKO moves are banned\n|rule|Evasion Moves Clause: Evasion moves are banned\n|rule|Gravity Sleep Clause: The combination of sleep-inducing moves with imperfect accuracy and Gravity or Gigantamax Orbeetle are banned\n|rule|Endless Battle Clause: Forcing endless battles is banned\n|rule|HP Percentage Mod: HP is shown in percentages\n|clearpoke\n|poke|p1|Shroodle, F|\n|poke|p1|Florges-White, F|\n|poke|p1|Wiglett, M|\n|poke|p1|Coalossal, M|\n|poke|p2|Haxorus, M|\n|poke|p2|Dragapult, M|\n|poke|p2|Flittle, F|\n|poke|p2|Drowzee, F|\n|teampreview\n|j|*Lady Monita \u2746\n|\n|t:|1700743105\n|start\n|switch|p1a: Shroodle|Shroodle, F|100\/100\n|switch|p1b: Florges|Florges-White, F|100\/100\n|switch|p2a: Flittle|Flittle, F|100\/100\n|switch|p2b: Dragapult|Dragapult, M, shiny|100\/100\n|turn|1\n|\n|t:|1700743118\n|switch|p2b: Drowzee|Drowzee, F|100\/100\n|-activate|p2b: Drowzee|ability: Forewarn|Moonblast|[of] p1b: Florges\n|move|p2a: Flittle|Trick|p1b: Florges\n|-activate|p2a: Flittle|move: Trick|[of] p1b: Florges\n|-item|p1b: Florges|Toxic Orb|[from] move: Trick\n|-item|p2a: Flittle|Sitrus Berry|[from] move: Trick\n|move|p1a: Shroodle|Knock Off|p2a: Flittle\n|-supereffective|p2a: Flittle\n|-damage|p2a: Flittle|0 fnt\n|-enditem|p2a: Flittle|Sitrus Berry|[from] move: Knock Off|[of] p1a: Shroodle\n|faint|p2a: Flittle\n|move|p1b: Florges|Moonblast|p2b: Drowzee\n|-damage|p2b: Drowzee|71\/100\n|\n|-status|p1b: Florges|tox|[from] item: Toxic Orb\n|upkeep\n|\n|t:|1700743128\n|switch|p2a: Haxorus|Haxorus, M, shiny|100\/100\n|-ability|p2a: Haxorus|Mold Breaker\n|turn|2\n|\n|t:|1700743153\n|move|p2a: Haxorus|Iron Head|p1b: Florges\n|-supereffective|p1b: Florges\n|-damage|p1b: Florges|50\/100 tox\n|move|p1a: Shroodle|Knock Off|p2b: Drowzee\n|-supereffective|p2b: Drowzee\n|-damage|p2b: Drowzee|4\/100\n|-enditem|p2b: Drowzee|Eviolite|[from] move: Knock Off|[of] p1a: Shroodle\n|cant|p1b: Florges|flinch\n|move|p2b: Drowzee|Fire Punch|p1b: Florges\n|-damage|p1b: Florges|35\/100 tox\n|\n|-damage|p1b: Florges|29\/100 tox|[from] psn\n|upkeep\n|turn|3\n|\n|t:|1700743179\n|switch|p1b: Wiglett|Wiglett, M|100\/100\n|move|p2a: Haxorus|Iron Head|p1b: Wiglett\n|-resisted|p1b: Wiglett\n|-damage|p1b: Wiglett|46\/100\n|-ability|p1b: Wiglett|Gooey\n|-unboost|p2a: Haxorus|spe|1\n|move|p1a: Shroodle|Knock Off|p2b: Drowzee\n|-supereffective|p2b: Drowzee\n|-damage|p2b: Drowzee|0 fnt\n|faint|p2b: Drowzee\n|\n|upkeep\n|\n|t:|1700743189\n|switch|p2b: Dragapult|Dragapult, M, shiny|100\/100\n|turn|4\n|\n|t:|1700743214\n|switch|p1b: Florges|Florges-White, F|29\/100 tox\n|move|p1a: Shroodle|Copycat|p1a: Shroodle\n|move|p1a: Shroodle|Knock Off|p2b: Dragapult|[from]move: Copycat\n|-supereffective|p2b: Dragapult\n|-damage|p2b: Dragapult|32\/100\n|-enditem|p2b: Dragapult|Leftovers|[from] move: Knock Off|[of] p1a: Shroodle\n|move|p2b: Dragapult|Dragon Dance|p2b: Dragapult\n|-boost|p2b: Dragapult|atk|1\n|-boost|p2b: Dragapult|spe|1\n|move|p2a: Haxorus|Scale Shot|p1b: Florges\n|-immune|p1b: Florges\n|\n|-damage|p1b: Florges|23\/100 tox|[from] psn\n|upkeep\n|turn|5\n|j| huraharatg\n|\n|t:|1700743233\n|-terastallize|p2a: Haxorus|Rock\n|move|p1a: Shroodle|Encore|p2b: Dragapult\n|-start|p2b: Dragapult|Encore\n|move|p2b: Dragapult|Dragon Dance|p2b: Dragapult\n|-boost|p2b: Dragapult|atk|1\n|-boost|p2b: Dragapult|spe|1\n|move|p2a: Haxorus|Iron Head|p1b: Florges\n|-supereffective|p1b: Florges\n|-damage|p1b: Florges|0 fnt\n|faint|p1b: Florges\n|\n|upkeep\n|\n|t:|1700743246\n|switch|p1b: Wiglett|Wiglett, M|46\/100\n|turn|6\n|\n|t:|1700743266\n|-terastallize|p1b: Wiglett|Water\n|move|p2b: Dragapult|Dragon Dance|p2b: Dragapult\n|-boost|p2b: Dragapult|atk|1\n|-boost|p2b: Dragapult|spe|1\n|move|p1b: Wiglett|Liquidation|p2a: Haxorus\n|-supereffective|p2a: Haxorus\n|-damage|p2a: Haxorus|12\/100\n|-unboost|p2a: Haxorus|def|1\n|move|p1a: Shroodle|Knock Off|p2a: Haxorus\n|-damage|p2a: Haxorus|0 fnt\n|-enditem|p2a: Haxorus|Focus Sash|[from] move: Knock Off|[of] p1a: Shroodle\n|faint|p2a: Haxorus\n|\n|upkeep\n|turn|7\n|\n|t:|1700743280\n|move|p2b: Dragapult|Dragon Dance|p2b: Dragapult\n|-boost|p2b: Dragapult|atk|1\n|-boost|p2b: Dragapult|spe|1\n|move|p1b: Wiglett|Throat Chop|p2b: Dragapult\n|-supereffective|p2b: Dragapult\n|-damage|p2b: Dragapult|0 fnt\n|faint|p2b: Dragapult\n|\n|win|HEAVY-DUTY B0OTY\n|n|\u2606HEAVY-DUTY B0OTY|heavydutyb0oty\n|n|\u2606Bhaviswar 2|bhaviswar2\n|n|*Lady Monita \u2746|ladymonita\n|n| huraharatg|huraharatg\n|l|*Lady Monita \u2746\n|c|\u2606HEAVY-DUTY B0OTY|gg\n|l|\u2606Bhaviswar 2\n","uploadtime":1700743288,"views":3,"p1id":"heavydutyb0oty","p2id":"bhaviswar2","formatid":"gen9doublesou","rating":0,"private":0,"password":""}