{"id":"gen9doublesou-1969432324","p1":"Azure_saphire","p2":"Entity625","format":"[Gen 9] Doubles OU","log":"|j|\u2606Azure_saphire\n|j|\u2606Entity625\n|t:|1697530731\n|gametype|doubles\n|player|p1|Azure_saphire|2|\n|player|p2|Entity625|lance|\n|teamsize|p1|6\n|teamsize|p2|6\n|gen|9\n|tier|[Gen 9] Doubles OU\n|rule|Species Clause: Limit one of each Pok\u00e9mon\n|rule|OHKO Clause: OHKO moves are banned\n|rule|Evasion Moves Clause: Evasion moves are banned\n|rule|Gravity Sleep Clause: The combination of sleep-inducing moves with imperfect accuracy and Gravity or Gigantamax Orbeetle are banned\n|rule|Endless Battle Clause: Forcing endless battles is banned\n|rule|HP Percentage Mod: HP is shown in percentages\n|clearpoke\n|poke|p1|Skeledirge, M|\n|poke|p1|Palafin, M|\n|poke|p1|Glimmora, M|\n|poke|p1|Dragonite, F|\n|poke|p1|Meowscarada, F|\n|poke|p1|Ting-Lu|\n|poke|p2|Palafin, M|\n|poke|p2|Pelipper, F|\n|poke|p2|Amoonguss, M|\n|poke|p2|Ogerpon-Wellspring, F|\n|poke|p2|Gholdengo|\n|poke|p2|Kilowattrel, M|\n|teampreview\n|c|\u2606Entity625|this team is called bee movie\n|\n|t:|1697530804\n|start\n|switch|p1a: Palafin|Palafin, M|100\/100\n|switch|p1b: Glimmora|Glimmora, M|100\/100\n|switch|p2a: gigachad|Palafin, M, shiny|100\/100\n|switch|p2b: Bob|Pelipper, F, shiny|100\/100\n|-weather|RainDance|[from] ability: Drizzle|[of] p2b: Bob\n|turn|1\n|c|\u2606Azure_saphire|NO WAY\n|c|\u2606Azure_saphire|pls no kill palafin\n|\n|t:|1697530850\n|detailschange|p1a: Palafin|Palafin-Hero, M\n|switch|p1a: Meowscarada|Meowscarada, F|100\/100\n|move|p2a: gigachad|Flip Turn|p1a: Meowscarada\n|-resisted|p1a: Meowscarada\n|-damage|p1a: Meowscarada|76\/100\n|\n|t:|1697530873\n|detailschange|p2a: gigachad|Palafin-Hero, M, shiny\n|switch|p2a: Kyle|Kilowattrel, M, shiny|100\/100|[from] Flip Turn\n|move|p1b: Glimmora|Stealth Rock|p2b: Bob\n|-sidestart|p2: Entity625|move: Stealth Rock\n|move|p2b: Bob|Tailwind|p2b: Bob\n|-sidestart|p2: Entity625|move: Tailwind\n|\n|-weather|RainDance|[upkeep]\n|upkeep\n|turn|2\n|c|\u2606Entity625|idk what im doing\n|c|\u2606Azure_saphire|I'm screwed\n|c|\u2606Entity625|im died\n|c|\u2606Entity625|u hv exact same team as last time lmao\n|c|\u2606Entity625|i care more about my shinies than winning\n|c|\u2606Azure_saphire|I couldn't be bothered\n|c|\u2606Azure_saphire|to change team\n|c|\u2606Azure_saphire|I used to run a sun team\n|c|\u2606Entity625|can we do ubers\n|c|\u2606Azure_saphire|I might try to find it again\n|c|\u2606Entity625|or smth\n|c|\u2606Azure_saphire|ok sure\n|c|\u2606Azure_saphire|ubers\n|c|\u2606Entity625|i want to spam legendary\n|c|\u2606Entity625|also move\n|c|\u2606Azure_saphire|lmao\n|c|\u2606Entity625|take ur time\n|\n|t:|1697530962\n|switch|p1b: Dragonite|Dragonite, F|100\/100\n|move|p2b: Bob|Helping Hand|p2a: Kyle\n|-singleturn|p2a: Kyle|Helping Hand|[of] p2b: Bob\n|move|p2a: Kyle|Hurricane|p1a: Meowscarada\n|-supereffective|p1a: Meowscarada\n|-damage|p1a: Meowscarada|0 fnt\n|faint|p1a: Meowscarada\n|\n|-weather|RainDance|[upkeep]\n|upkeep\n|c|\u2606Entity625|lol\n|c|\u2606Azure_saphire|scawwy\n|c|\u2606Azure_saphire|oh shit\n|\n|t:|1697530983\n|switch|p1a: Palafin|Palafin-Hero, M|100\/100\n|-activate|p1a: Palafin|ability: Zero to Hero\n|turn|3\n|c|\u2606Azure_saphire|ZERO TO HERO!\n|\n|t:|1697531006\n|move|p2b: Bob|Helping Hand|p2a: Kyle\n|-singleturn|p2a: Kyle|Helping Hand|[of] p2b: Bob\n|move|p2a: Kyle|Thunder|p1a: Palafin\n|-supereffective|p1a: Palafin\n|-damage|p1a: Palafin|32\/100\n|move|p1a: Palafin|Zen Headbutt|p2b: Bob\n|-damage|p2b: Bob|70\/100\n|move|p1b: Dragonite|Ice Spinner|p2a: Kyle\n|-supereffective|p2a: Kyle\n|-damage|p2a: Kyle|0 fnt\n|faint|p2a: Kyle\n|\n|-weather|RainDance|[upkeep]\n|upkeep\n|c|\u2606Azure_saphire|OH NO\n|c|\u2606Azure_saphire|why u so mean\n|c|\u2606Entity625|noooo kyle\n|c|\u2606Azure_saphire|now palafin is low\n|\n|t:|1697531045\n|switch|p2a: crying child|Ogerpon-Wellspring, F|100\/100\n|-damage|p2a: crying child|88\/100|[from] Stealth Rock\n|turn|4\n|c|\u2606Entity625|idk\n|\n|t:|1697531093\n|move|p2a: crying child|Spiky Shield|p2a: crying child\n|-singleturn|p2a: crying child|move: Protect\n|move|p2b: Bob|Hurricane|p1a: Palafin\n|-damage|p1a: Palafin|13\/100\n|move|p1a: Palafin|Close Combat|p2b: Bob\n|-resisted|p2b: Bob\n|-damage|p2b: Bob|50\/100\n|-unboost|p1a: Palafin|def|1\n|-unboost|p1a: Palafin|spd|1\n|move|p1b: Dragonite|Ice Spinner|p2a: crying child\n|-activate|p2a: crying child|move: Protect\n|-damage|p1b: Dragonite|88\/100|[from] Spiky Shield|[of] p2a: crying child\n|\n|-weather|RainDance|[upkeep]\n|-sideend|p2: Entity625|move: Tailwind\n|upkeep\n|turn|5\n|c|\u2606Azure_saphire|stop trying to kill PALAFIN\n|\n|t:|1697531128\n|move|p2a: crying child|Follow Me|p2a: crying child\n|-singleturn|p2a: crying child|move: Follow Me\n|move|p1a: Palafin|Flip Turn|p2a: crying child\n|-heal|p2a: crying child|100\/100|[from] ability: Water Absorb|[of] p1a: Palafin\n|move|p1b: Dragonite|Ice Spinner|p2a: crying child\n|-damage|p2a: crying child|58\/100\n|move|p2b: Bob|Tailwind|p2b: Bob\n|-sidestart|p2: Entity625|move: Tailwind\n|\n|-weather|RainDance|[upkeep]\n|upkeep\n|turn|6\n|c|\u2606Azure_saphire|ice spinerrrrrrr\n|c|\u2606Azure_saphire|OH SHIT\n|c|\u2606Entity625|lolll\n|c|\u2606Azure_saphire|that's gay\n|c|\u2606Entity625|thanks for health\n|c|\u2606Azure_saphire|no way you follow me again\n|c|\u2606Azure_saphire|you wouldn't\n|\n|t:|1697531154\n|switch|p1a: Glimmora|Glimmora, M|100\/100\n|move|p2a: crying child|Spikes|p1b: Dragonite\n|-sidestart|p1: Azure_saphire|Spikes\n|move|p2b: Bob|Hurricane|p1a: Glimmora\n|-resisted|p1a: Glimmora\n|-damage|p1a: Glimmora|80\/100\n|move|p1b: Dragonite|Ice Spinner|p2a: crying child\n|-damage|p2a: crying child|18\/100\n|\n|-weather|RainDance|[upkeep]\n|upkeep\n|turn|7\n|c|\u2606Azure_saphire|you wouldn't\n|c|\u2606Azure_saphire|yess\n|c|\u2606Azure_saphire|ok time for gimmora sweep\n|c|\u2606Azure_saphire|be scared\n|\n|t:|1697531202\n|switch|p2b: Money|Gholdengo, shiny|100\/100\n|-damage|p2b: Money|94\/100|[from] Stealth Rock\n|move|p2a: crying child|Spiky Shield|p2a: crying child\n|-singleturn|p2a: crying child|move: Protect\n|move|p1b: Dragonite|Ice Spinner|p2a: crying child\n|-activate|p2a: crying child|move: Protect\n|-damage|p1b: Dragonite|76\/100|[from] Spiky Shield|[of] p2a: crying child\n|move|p1a: Glimmora|Sludge Bomb|p2b: Money\n|-immune|p2b: Money\n|\n|-weather|RainDance|[upkeep]\n|upkeep\n|turn|8\n|c|\u2606Entity625|lol\n|c|\u2606Azure_saphire|bruh\n|c|\u2606Azure_saphire|bad game\n|\n|t:|1697531228\n|move|p2a: crying child|Follow Me|p2a: crying child\n|-singleturn|p2a: crying child|move: Follow Me\n|move|p2b: Money|Make It Rain|p1a: Glimmora|[spread] p1a,p1b\n|-supereffective|p1a: Glimmora\n|-damage|p1a: Glimmora|0 fnt\n|-damage|p1b: Dragonite|25\/100\n|-unboost|p2b: Money|spa|1\n|faint|p1a: Glimmora\n|move|p1b: Dragonite|Ice Spinner|p2a: crying child\n|-damage|p2a: crying child|0 fnt\n|faint|p2a: crying child\n|\n|-weather|none\n|-sideend|p2: Entity625|move: Tailwind\n|upkeep\n|c|\u2606Azure_saphire|die money\n|c|\u2606Azure_saphire|I'm leaving this shit game\n|c|\u2606Entity625|money is better\n|\n|t:|1697531243\n|switch|p2a: Bob|Pelipper, F, shiny|50\/100\n|switch|p1a: Skeledirge|Skeledirge, M|100\/100\n|-damage|p1a: Skeledirge|88\/100|[from] Spikes\n|-damage|p2a: Bob|25\/100|[from] Stealth Rock\n|-weather|RainDance|[from] ability: Drizzle|[of] p2a: Bob\n|turn|9\n|c|\u2606Azure_saphire|oh shit\n|c|\u2606Azure_saphire|I need to switch\n|\n|t:|1697531274\n|move|p2b: Money|Protect|p2b: Money\n|-singleturn|p2b: Money|Protect\n|move|p1b: Dragonite|Ice Spinner|p2a: Bob\n|-damage|p2a: Bob|0 fnt\n|faint|p2a: Bob\n|move|p1a: Skeledirge|Torch Song|p2b: Money\n|-activate|p2b: Money|move: Protect\n|\n|-weather|RainDance|[upkeep]\n|upkeep\n|\n|t:|1697531285\n|switch|p2a: gigachad|Palafin-Hero, M, shiny|100\/100\n|-activate|p2a: gigachad|ability: Zero to Hero\n|turn|10\n|c|\u2606Azure_saphire|nahhhhhhhhhhh\n|\n|t:|1697531318\n|switch|p1b: Palafin|Palafin-Hero, M|13\/100\n|-damage|p1b: Palafin|0 fnt|[from] Spikes\n|faint|p1b: Palafin\n|-terastallize|p2a: gigachad|Water\n|-terastallize|p1a: Skeledirge|Grass\n|move|p2a: gigachad|Liquidation|p1a: Skeledirge\n|-resisted|p1a: Skeledirge\n|-damage|p1a: Skeledirge|43\/100\n|move|p2b: Money|Make It Rain|p1a: Skeledirge\n|-damage|p1a: Skeledirge|0 fnt\n|-unboost|p2b: Money|spa|1\n|faint|p1a: Skeledirge\n|\n|-weather|RainDance|[upkeep]\n|upkeep\n|c|\u2606Entity625|bruh\n|c|\u2606Entity625|lol\n|c|\u2606Azure_saphire|I hate this game\n|\n|t:|1697531334\n|switch|p1b: Ting-Lu|Ting-Lu|100\/100\n|switch|p1a: Dragonite|Dragonite, F|25\/100\n|-damage|p1b: Ting-Lu|88\/100|[from] Spikes\n|-ability|p1b: Ting-Lu|Vessel of Ruin\n|turn|11\n|\n|t:|1697531369\n|switch|p2b: sussy baka|Amoonguss, M, shiny|100\/100\n|-damage|p2b: sussy baka|88\/100|[from] Stealth Rock\n|move|p2a: gigachad|Liquidation|p1b: Ting-Lu\n|-supereffective|p1b: Ting-Lu\n|-damage|p1b: Ting-Lu|0 fnt\n|faint|p1b: Ting-Lu\n|move|p1a: Dragonite|Fire Punch|p2b: sussy baka\n|-supereffective|p2b: sussy baka\n|-damage|p2b: sussy baka|48\/100\n|-damage|p1a: Dragonite|9\/100|[from] item: Rocky Helmet|[of] p2b: sussy baka\n|\n|-weather|RainDance|[upkeep]\n|upkeep\n|turn|12\n|c|\u2606Azure_saphire|terrible game\n|\n|t:|1697531388\n|move|p2a: gigachad|Outrage|p1a: Dragonite\n|-supereffective|p1a: Dragonite\n|-damage|p1a: Dragonite|0 fnt\n|faint|p1a: Dragonite\n|\n|win|Entity625\n|c|\u2606Entity625|funny\n","uploadtime":1697531397,"views":25,"p1id":"azuresaphire","p2id":"entity625","formatid":"gen9doublesou","rating":0,"private":0,"password":""}