{"id":"gen9doublesou-1977619539","p1":"harris629","p2":"VikrThe","format":"[Gen 9] Doubles OU","log":"|j|\u2606harris629\n|j|\u2606VikrThe\n|t:|1698432440\n|gametype|doubles\n|player|p1|harris629|266|1259\n|player|p2|VikrThe|101|1319\n|teamsize|p1|6\n|teamsize|p2|6\n|gen|9\n|tier|[Gen 9] Doubles OU\n|rated|\n|rule|Species Clause: Limit one of each Pok\u00e9mon\n|rule|OHKO Clause: OHKO moves are banned\n|rule|Evasion Moves Clause: Evasion moves are banned\n|rule|Gravity Sleep Clause: The combination of sleep-inducing moves with imperfect accuracy and Gravity or Gigantamax Orbeetle are banned\n|rule|Endless Battle Clause: Forcing endless battles is banned\n|rule|HP Percentage Mod: HP is shown in percentages\n|clearpoke\n|poke|p1|Politoed, M|\n|poke|p1|Ludicolo, M|\n|poke|p1|Basculegion-F, F|\n|poke|p1|Gastrodon-East, M|\n|poke|p1|Gyarados, M|\n|poke|p1|Golduck, F|\n|poke|p2|Gliscor, F|\n|poke|p2|Tornadus, M|\n|poke|p2|Iron Hands|\n|poke|p2|Landorus-Therian, M|\n|poke|p2|Grimmsnarl, M|\n|poke|p2|Sinistcha|\n|teampreview\n|inactive|Battle timer is ON: inactive players will automatically lose when time's up. (requested by harris629)\n|\n|t:|1698432459\n|start\n|switch|p1a: Politoed|Politoed, M|100\/100\n|switch|p1b: Ludicolo|Ludicolo, M|100\/100\n|switch|p2a: Grimmsnarl|Grimmsnarl, M|100\/100\n|switch|p2b: Iron Hands|Iron Hands|100\/100\n|-weather|RainDance|[from] ability: Drizzle|[of] p1a: Politoed\n|turn|1\n|inactive|harris629 has 120 seconds left.\n|\n|t:|1698432508\n|switch|p1a: Gastrodon|Gastrodon-East, M|100\/100\n|move|p2b: Iron Hands|Fake Out|p1b: Ludicolo\n|-damage|p1b: Ludicolo|78\/100\n|move|p2a: Grimmsnarl|Light Screen|p2a: Grimmsnarl\n|-sidestart|p2: VikrThe|move: Light Screen\n|cant|p1b: Ludicolo|flinch\n|\n|-weather|RainDance|[upkeep]\n|upkeep\n|turn|2\n|\n|t:|1698432537\n|move|p2a: Grimmsnarl|Swagger|p1a: Gastrodon\n|-boost|p1a: Gastrodon|atk|2\n|-enditem|p2b: Iron Hands|Mirror Herb\n|-boost|p2b: Iron Hands|atk|2|[from] item: Mirror Herb\n|-start|p1a: Gastrodon|confusion\n|move|p1b: Ludicolo|Surf|p2a: Grimmsnarl|[spread] p2a,p2b\n|-ability|p1a: Gastrodon|Storm Drain|boost\n|-boost|p1a: Gastrodon|spa|1\n|-crit|p2a: Grimmsnarl\n|-damage|p2a: Grimmsnarl|54\/100\n|-damage|p2b: Iron Hands|81\/100\n|move|p2b: Iron Hands|Drain Punch|p1a: Gastrodon\n|-damage|p1a: Gastrodon|35\/100\n|-heal|p2b: Iron Hands|100\/100|[from] drain|[of] p1a: Gastrodon\n|-activate|p1a: Gastrodon|confusion\n|move|p1a: Gastrodon|Earth Power|p2b: Iron Hands\n|-supereffective|p2b: Iron Hands\n|-damage|p2b: Iron Hands|62\/100\n|\n|-weather|RainDance|[upkeep]\n|-heal|p1a: Gastrodon|41\/100|[from] item: Leftovers\n|upkeep\n|turn|3\n|inactive|VikrThe has 120 seconds left.\n|inactive|VikrThe has 90 seconds left.\n|\n|t:|1698432599\n|move|p2a: Grimmsnarl|Reflect|p2a: Grimmsnarl\n|-sidestart|p2: VikrThe|Reflect\n|move|p1b: Ludicolo|Surf|p2a: Grimmsnarl|[spread] p2a,p2b\n|-ability|p1a: Gastrodon|Storm Drain|boost\n|-boost|p1a: Gastrodon|spa|1\n|-damage|p2a: Grimmsnarl|32\/100\n|-damage|p2b: Iron Hands|43\/100\n|move|p2b: Iron Hands|Drain Punch|p1b: Ludicolo\n|-damage|p1b: Ludicolo|0 fnt\n|-heal|p2b: Iron Hands|68\/100|[from] drain|[of] p1b: Ludicolo\n|faint|p1b: Ludicolo\n|-activate|p1a: Gastrodon|confusion\n|move|p1a: Gastrodon|Recover|p1a: Gastrodon\n|-heal|p1a: Gastrodon|91\/100\n|\n|-weather|RainDance|[upkeep]\n|-heal|p1a: Gastrodon|97\/100|[from] item: Leftovers\n|upkeep\n|inactive|harris629 has 120 seconds left.\n|\n|t:|1698432622\n|switch|p1b: Golduck|Golduck, F|100\/100\n|turn|4\n|\n|t:|1698432634\n|move|p1b: Golduck|Nasty Plot|p1b: Golduck\n|-boost|p1b: Golduck|spa|2\n|move|p2a: Grimmsnarl|Spirit Break|p1a: Gastrodon\n|-damage|p1a: Gastrodon|73\/100\n|-unboost|p1a: Gastrodon|spa|1\n|move|p2b: Iron Hands|Drain Punch|p1a: Gastrodon\n|-damage|p1a: Gastrodon|3\/100\n|-heal|p2b: Iron Hands|100\/100|[from] drain|[of] p1a: Gastrodon\n|-activate|p1a: Gastrodon|confusion\n|-damage|p1a: Gastrodon|0 fnt|[from] confusion\n|faint|p1a: Gastrodon\n|\n|-weather|RainDance|[upkeep]\n|upkeep\n|\n|t:|1698432648\n|switch|p1a: Basculegion|Basculegion-F, F|100\/100\n|turn|5\n|\n|t:|1698432663\n|switch|p2a: Landorus|Landorus-Therian, M|100\/100\n|-ability|p2a: Landorus|Intimidate|boost\n|-unboost|p1a: Basculegion|atk|1\n|-unboost|p1b: Golduck|atk|1\n|move|p1b: Golduck|Surf|p2b: Iron Hands|[spread] p1a,p2a,p2b\n|-resisted|p1a: Basculegion\n|-supereffective|p2a: Landorus\n|-damage|p1a: Basculegion|45\/100\n|-damage|p2a: Landorus|0 fnt\n|-damage|p2b: Iron Hands|58\/100\n|faint|p2a: Landorus\n|move|p1a: Basculegion|Wave Crash|p2b: Iron Hands\n|-damage|p2b: Iron Hands|26\/100\n|-damage|p1a: Basculegion|33\/100|[from] Recoil\n|move|p2b: Iron Hands|Wild Charge|p1a: Basculegion\n|-supereffective|p1a: Basculegion\n|-damage|p1a: Basculegion|0 fnt\n|faint|p1a: Basculegion\n|-damage|p2b: Iron Hands|19\/100|[from] Recoil\n|\n|-weather|RainDance|[upkeep]\n|upkeep\n|\n|t:|1698432679\n|switch|p2a: Sinistcha|Sinistcha|100\/100\n|switch|p1a: Politoed|Politoed, M|100\/100\n|-heal|p2b: Iron Hands|44\/100|[from] ability: Hospitality|[of] p2a: Sinistcha\n|turn|6\n|\n|t:|1698432692\n|move|p1b: Golduck|Surf|p2a: Sinistcha|[spread] p1a,p2a,p2b\n|-resisted|p1a: Politoed\n|-resisted|p2a: Sinistcha\n|-damage|p1a: Politoed|65\/100\n|-damage|p2a: Sinistcha|65\/100\n|-damage|p2b: Iron Hands|4\/100\n|move|p2a: Sinistcha|Matcha Gotcha|p1a: Politoed|[spread] p1a,p1b\n|-supereffective|p1a: Politoed\n|-supereffective|p1b: Golduck\n|-damage|p1a: Politoed|24\/100\n|-heal|p2a: Sinistcha|87\/100|[from] drain|[of] p1a: Politoed\n|-damage|p1b: Golduck|28\/100\n|-heal|p2a: Sinistcha|100\/100|[from] drain|[of] p1b: Golduck\n|move|p1a: Politoed|Icy Wind|p2b: Iron Hands|[spread] p2a,p2b\n|-supereffective|p2a: Sinistcha\n|-damage|p2a: Sinistcha|87\/100\n|-damage|p2b: Iron Hands|0 fnt\n|-unboost|p2a: Sinistcha|spe|1\n|faint|p2b: Iron Hands\n|-end|p2b: Iron Hands|Quark Drive|[silent]\n|\n|-weather|RainDance|[upkeep]\n|upkeep\n|inactive|VikrThe has 120 seconds left.\n|\n|t:|1698432718\n|switch|p2b: Tornadus|Tornadus, M|100\/100\n|turn|7\n|\n|t:|1698432732\n|move|p2b: Tornadus|Tailwind|p2b: Tornadus\n|-sidestart|p2: VikrThe|move: Tailwind\n|move|p1b: Golduck|Surf|p2b: Tornadus|[spread] p1a,p2a,p2b\n|-resisted|p1a: Politoed\n|-crit|p1a: Politoed\n|-resisted|p2a: Sinistcha\n|-damage|p1a: Politoed|0 fnt\n|-damage|p2a: Sinistcha|47\/100\n|-damage|p2b: Tornadus|51\/100\n|-enditem|p2a: Sinistcha|Sitrus Berry|[eat]\n|-heal|p2a: Sinistcha|72\/100|[from] item: Sitrus Berry\n|faint|p1a: Politoed\n|move|p2a: Sinistcha|Matcha Gotcha|p1b: Golduck\n|-supereffective|p1b: Golduck\n|-damage|p1b: Golduck|0 fnt\n|-heal|p2a: Sinistcha|85\/100|[from] drain|[of] p1b: Golduck\n|faint|p1b: Golduck\n|\n|-weather|RainDance|[upkeep]\n|upkeep\n|-message|harris629 forfeited.\n|\n|win|VikrThe\n|raw|harris629's rating: 1259 &rarr; <strong>1238<\/strong><br \/>(-21 for losing)\n|raw|VikrThe's rating: 1319 &rarr; <strong>1336<\/strong><br \/>(+17 for winning)\n|l|\u2606harris629\n","uploadtime":1698432746,"views":15,"p1id":"harris629","p2id":"vikrthe","formatid":"gen9doublesou","rating":1238,"private":0,"password":""}