{"id":"gen9doublesou-1993286331","p1":"Mait27","p2":"fritsbjee","format":"[Gen 9] Doubles OU","log":"|j|\u2606Mait27\n|j|\u2606fritsbjee\n|t:|1700290563\n|gametype|doubles\n|player|p1|Mait27|burglar|1516\n|player|p2|fritsbjee|102|1397\n|teamsize|p1|6\n|teamsize|p2|6\n|gen|9\n|tier|[Gen 9] Doubles OU\n|rated|\n|rule|Species Clause: Limit one of each Pok\u00e9mon\n|rule|OHKO Clause: OHKO moves are banned\n|rule|Evasion Moves Clause: Evasion moves are banned\n|rule|Gravity Sleep Clause: The combination of sleep-inducing moves with imperfect accuracy and Gravity or Gigantamax Orbeetle are banned\n|rule|Endless Battle Clause: Forcing endless battles is banned\n|rule|HP Percentage Mod: HP is shown in percentages\n|clearpoke\n|poke|p1|Iron Hands|\n|poke|p1|Heatran, F|\n|poke|p1|Ninetales-Alola, F|\n|poke|p1|Roaring Moon|\n|poke|p1|Amoonguss, M|\n|poke|p1|Thundurus-Therian, M|\n|poke|p2|Arcanine, M|\n|poke|p2|Mamoswine, M|\n|poke|p2|Gastrodon, F|\n|poke|p2|Gliscor, M|\n|poke|p2|Scizor, M|\n|poke|p2|Sinistcha-Masterpiece|\n|teampreview\n|inactive|Battle timer is ON: inactive players will automatically lose when time's up. (requested by fritsbjee)\n|\n|t:|1700290577\n|start\n|switch|p1a: Ninetales|Ninetales-Alola, F|100\/100\n|switch|p1b: Iron Hands|Iron Hands|100\/100\n|switch|p2a: Arcanine|Arcanine, M|100\/100\n|switch|p2b: Scizor|Scizor, M|100\/100\n|-weather|Snow|[from] ability: Snow Warning|[of] p1a: Ninetales\n|-ability|p2a: Arcanine|Intimidate|boost\n|-unboost|p1a: Ninetales|atk|1\n|-unboost|p1b: Iron Hands|atk|1\n|turn|1\n|\n|t:|1700290597\n|switch|p1a: Heatran|Heatran, F|100\/100\n|move|p2b: Scizor|Bullet Punch|p1a: Heatran\n|-resisted|p1a: Heatran\n|-damage|p1a: Heatran|89\/100\n|move|p2a: Arcanine|Will-O-Wisp|p1b: Iron Hands|[miss]\n|-miss|p2a: Arcanine|p1b: Iron Hands\n|move|p1b: Iron Hands|Drain Punch|p2b: Scizor\n|-damage|p2b: Scizor|70\/100\n|\n|-weather|Snow|[upkeep]\n|upkeep\n|turn|2\n|\n|t:|1700290623\n|switch|p2b: Gastrodon|Gastrodon, F|100\/100\n|-end|p1b: Iron Hands|Quark Drive|[silent]\n|switch|p1b: Ninetales|Ninetales-Alola, F|100\/100\n|move|p2a: Arcanine|Will-O-Wisp|p1b: Ninetales\n|-status|p1b: Ninetales|brn\n|move|p1a: Heatran|Earth Power|p2a: Arcanine\n|-supereffective|p2a: Arcanine\n|-damage|p2a: Arcanine|51\/100\n|\n|-weather|Snow|[upkeep]\n|-heal|p2a: Arcanine|57\/100|[from] item: Leftovers\n|-damage|p1b: Ninetales|94\/100 brn|[from] brn\n|upkeep\n|turn|3\n|\n|t:|1700290644\n|move|p1b: Ninetales|Aurora Veil|p1b: Ninetales\n|-sidestart|p1: Mait27|move: Aurora Veil\n|move|p2a: Arcanine|Flare Blitz|p1b: Ninetales\n|-supereffective|p1b: Ninetales\n|-damage|p1b: Ninetales|45\/100 brn\n|-damage|p2a: Arcanine|42\/100|[from] Recoil\n|move|p1a: Heatran|Earth Power|p2a: Arcanine\n|-supereffective|p2a: Arcanine\n|-damage|p2a: Arcanine|0 fnt\n|faint|p2a: Arcanine\n|move|p2b: Gastrodon|Earth Power|p1a: Heatran\n|-supereffective|p1a: Heatran\n|-enditem|p1a: Heatran|Shuca Berry|[eat]\n|-enditem|p1a: Heatran|Shuca Berry|[weaken]\n|-damage|p1a: Heatran|46\/100\n|\n|-weather|Snow|[upkeep]\n|-damage|p1b: Ninetales|39\/100 brn|[from] brn\n|upkeep\n|inactive|fritsbjee has 120 seconds left.\n|\n|t:|1700290663\n|switch|p2a: Scizor|Scizor, M|70\/100\n|turn|4\n|\n|t:|1700290676\n|switch|p1b: Amoonguss|Amoonguss, M|100\/100\n|-terastallize|p1a: Heatran|Grass\n|move|p2a: Scizor|Bullet Punch|p1b: Amoonguss\n|-damage|p1b: Amoonguss|65\/100\n|move|p1a: Heatran|Heat Wave|p2b: Gastrodon|[spread] p2b\n|-miss|p1a: Heatran|p2a: Scizor\n|-resisted|p2b: Gastrodon\n|-damage|p2b: Gastrodon|88\/100\n|move|p2b: Gastrodon|Ice Beam|p1a: Heatran\n|-supereffective|p1a: Heatran\n|-damage|p1a: Heatran|15\/100\n|\n|-weather|Snow|[upkeep]\n|upkeep\n|turn|5\n|\n|t:|1700290706\n|move|p1b: Amoonguss|Rage Powder|p1b: Amoonguss\n|-singleturn|p1b: Amoonguss|move: Rage Powder\n|move|p2a: Scizor|Bullet Punch|p1b: Amoonguss\n|-damage|p1b: Amoonguss|31\/100\n|move|p1a: Heatran|Heat Wave|p2b: Gastrodon|[spread] p2a\n|-miss|p1a: Heatran|p2b: Gastrodon\n|-supereffective|p2a: Scizor\n|-damage|p2a: Scizor|0 fnt\n|faint|p2a: Scizor\n|move|p2b: Gastrodon|Ice Beam|p1b: Amoonguss\n|-supereffective|p1b: Amoonguss\n|-damage|p1b: Amoonguss|5\/100\n|-enditem|p1b: Amoonguss|Wiki Berry|[eat]\n|-heal|p1b: Amoonguss|38\/100|[from] item: Wiki Berry\n|\n|-weather|none\n|upkeep\n|inactive|fritsbjee has 120 seconds left.\n|\n|t:|1700290725\n|switch|p2a: Mamoswine|Mamoswine, M|100\/100\n|turn|6\n|\n|t:|1700290744\n|move|p2a: Mamoswine|Icicle Spear|p1b: Amoonguss\n|-supereffective|p1b: Amoonguss\n|-damage|p1b: Amoonguss|21\/100\n|-supereffective|p1b: Amoonguss\n|-damage|p1b: Amoonguss|2\/100\n|-supereffective|p1b: Amoonguss\n|-damage|p1b: Amoonguss|0 fnt\n|faint|p1b: Amoonguss\n|-hitcount|p1: Amoonguss|3\n|move|p1a: Heatran|Will-O-Wisp|p2a: Mamoswine\n|-status|p2a: Mamoswine|brn\n|move|p2b: Gastrodon|Ice Beam|p1a: Heatran\n|-supereffective|p1a: Heatran\n|-damage|p1a: Heatran|0 fnt\n|faint|p1a: Heatran\n|\n|-damage|p2a: Mamoswine|94\/100 brn|[from] brn\n|upkeep\n|inactive|Mait27 has 120 seconds left.\n|\n|t:|1700290790\n|switch|p1a: Iron Hands|Iron Hands|100\/100\n|switch|p1b: Thundurus|Thundurus-Therian, M|100\/100\n|turn|7\n|\n|t:|1700290802\n|move|p1b: Thundurus|Psychic|p2b: Gastrodon\n|-damage|p2b: Gastrodon|57\/100\n|move|p2a: Mamoswine|Icicle Spear|p1b: Thundurus\n|-supereffective|p1b: Thundurus\n|-damage|p1b: Thundurus|88\/100\n|-supereffective|p1b: Thundurus\n|-damage|p1b: Thundurus|76\/100\n|-supereffective|p1b: Thundurus\n|-damage|p1b: Thundurus|63\/100\n|-supereffective|p1b: Thundurus\n|-crit|p1b: Thundurus\n|-damage|p1b: Thundurus|31\/100\n|-supereffective|p1b: Thundurus\n|-damage|p1b: Thundurus|18\/100\n|-hitcount|p1b: Thundurus|5\n|move|p1a: Iron Hands|Drain Punch|p2a: Mamoswine\n|-supereffective|p2a: Mamoswine\n|-damage|p2a: Mamoswine|10\/100 brn\n|move|p2b: Gastrodon|Earth Power|p1a: Iron Hands\n|-supereffective|p1a: Iron Hands\n|-damage|p1a: Iron Hands|69\/100\n|\n|-damage|p2a: Mamoswine|4\/100 brn|[from] brn\n|-sideend|p1: Mait27|move: Aurora Veil\n|upkeep\n|turn|8\n|inactive|Mait27 has 120 seconds left.\n|inactive|fritsbjee has 120 seconds left.\n|\n|t:|1700290832\n|move|p1b: Thundurus|Psychic|p2b: Gastrodon\n|-damage|p2b: Gastrodon|27\/100\n|move|p2a: Mamoswine|Icicle Spear|p1b: Thundurus\n|-supereffective|p1b: Thundurus\n|-damage|p1b: Thundurus|0 fnt\n|faint|p1b: Thundurus\n|-hitcount|p1: Thundurus|1\n|move|p1a: Iron Hands|Drain Punch|p2b: Gastrodon\n|-damage|p2b: Gastrodon|0 fnt\n|-heal|p1a: Iron Hands|80\/100|[from] drain|[of] p2b: Gastrodon\n|faint|p2b: Gastrodon\n|\n|-damage|p2a: Mamoswine|0 fnt|[from] brn\n|faint|p2a: Mamoswine\n|upkeep\n|\n|t:|1700290849\n|switch|p1b: Ninetales|Ninetales-Alola, F|39\/100 brn\n|switch|p2a: Sinistcha|Sinistcha-Masterpiece|100\/100\n|switch|p2b: Gliscor|Gliscor, M|100\/100\n|-weather|Snow|[from] ability: Snow Warning|[of] p1b: Ninetales\n|turn|9\n|\n|t:|1700290874\n|move|p2b: Gliscor|Protect|p2b: Gliscor\n|-singleturn|p2b: Gliscor|Protect\n|move|p1b: Ninetales|Howl|p1b: Ninetales|[spread] p1a,p1b\n|-boost|p1a: Iron Hands|atk|1\n|-boost|p1b: Ninetales|atk|1\n|move|p2a: Sinistcha|Night Shade|p1b: Ninetales\n|-damage|p1b: Ninetales|11\/100 brn\n|move|p1a: Iron Hands|Ice Punch|p2a: Sinistcha\n|-supereffective|p2a: Sinistcha\n|-damage|p2a: Sinistcha|39\/100\n|\n|-weather|Snow|[upkeep]\n|-heal|p2a: Sinistcha|45\/100|[from] item: Leftovers\n|-damage|p1b: Ninetales|5\/100 brn|[from] brn\n|-status|p2b: Gliscor|tox|[from] item: Toxic Orb\n|upkeep\n|turn|10\n|\n|t:|1700290899\n|-terastallize|p2b: Gliscor|Normal\n|move|p1b: Ninetales|Encore|p2b: Gliscor\n|-start|p2b: Gliscor|Encore\n|move|p2b: Gliscor|Protect|p2b: Gliscor\n|-singleturn|p2b: Gliscor|Protect\n|move|p2a: Sinistcha|Matcha Gotcha|p1a: Iron Hands|[spread] p1a,p1b\n|-damage|p1a: Iron Hands|65\/100\n|-heal|p2a: Sinistcha|56\/100|[from] drain|[of] p1a: Iron Hands\n|-damage|p1b: Ninetales|0 fnt\n|-heal|p2a: Sinistcha|59\/100|[from] drain|[of] p1b: Ninetales\n|-status|p1a: Iron Hands|brn\n|faint|p1b: Ninetales\n|move|p1a: Iron Hands|Ice Punch|p2a: Sinistcha\n|-supereffective|p2a: Sinistcha\n|-damage|p2a: Sinistcha|30\/100\n|\n|-weather|Snow|[upkeep]\n|-heal|p2a: Sinistcha|36\/100|[from] item: Leftovers\n|-damage|p1a: Iron Hands|59\/100 brn|[from] brn\n|upkeep\n|inactive|Mait27 has 120 seconds left.\n|\n|t:|1700290922\n|switch|p1b: Roaring Moon|Roaring Moon|100\/100\n|-enditem|p1b: Roaring Moon|Booster Energy\n|-activate|p1b: Roaring Moon|ability: Protosynthesis|[fromitem]\n|-start|p1b: Roaring Moon|protosynthesisatk\n|turn|11\n|\n|t:|1700290931\n|move|p2b: Gliscor|Protect||[still]\n|-fail|p2b: Gliscor\n|move|p1b: Roaring Moon|Knock Off|p2a: Sinistcha\n|-supereffective|p2a: Sinistcha\n|-damage|p2a: Sinistcha|0 fnt\n|-enditem|p2a: Sinistcha|Leftovers|[from] move: Knock Off|[of] p1b: Roaring Moon\n|faint|p2a: Sinistcha\n|move|p1a: Iron Hands|Ice Punch|p2b: Gliscor\n|-damage|p2b: Gliscor|78\/100 tox\n|\n|-weather|Snow|[upkeep]\n|-heal|p2b: Gliscor|90\/100 tox|[from] ability: Poison Heal\n|-damage|p1a: Iron Hands|53\/100 brn|[from] brn\n|upkeep\n|turn|12\n|\n|t:|1700290947\n|move|p2b: Gliscor|Protect|p2b: Gliscor\n|-singleturn|p2b: Gliscor|Protect\n|move|p1b: Roaring Moon|Dragon Dance|p1b: Roaring Moon\n|-boost|p1b: Roaring Moon|atk|1\n|-boost|p1b: Roaring Moon|spe|1\n|move|p1a: Iron Hands|Drain Punch|p2b: Gliscor\n|-activate|p2b: Gliscor|move: Protect\n|\n|-weather|Snow|[upkeep]\n|-heal|p2b: Gliscor|100\/100 tox|[from] ability: Poison Heal\n|-damage|p1a: Iron Hands|47\/100 brn|[from] brn\n|-end|p2b: Gliscor|Encore\n|upkeep\n|turn|13\n|\n|t:|1700290973\n|move|p1b: Roaring Moon|Knock Off|p2b: Gliscor\n|-damage|p2b: Gliscor|0 fnt\n|-enditem|p2b: Gliscor|Toxic Orb|[from] move: Knock Off|[of] p1b: Roaring Moon\n|faint|p2b: Gliscor\n|\n|win|Mait27\n|raw|Mait27's rating: 1516 &rarr; <strong>1529<\/strong><br \/>(+13 for winning)\n|raw|fritsbjee's rating: 1397 &rarr; <strong>1384<\/strong><br \/>(-13 for losing)\n|l|\u2606fritsbjee\n|c|\u2606Mait27|GG\n","uploadtime":1700290995,"views":26,"p1id":"mait27","p2id":"fritsbjee","formatid":"gen9doublesou","rating":1384,"private":0,"password":""}