{"id":"gen9doublesou-1997652559","p1":"Pokeminis","p2":"buddhist ameba","format":"[Gen 9] Doubles OU","log":"|j|\u2606Pokeminis\n|j|\u2606buddhist ameba\n|t:|1700837836\n|gametype|doubles\n|player|p1|Pokeminis|266|1368\n|player|p2|buddhist ameba|101|1622\n|teamsize|p1|6\n|teamsize|p2|6\n|gen|9\n|tier|[Gen 9] Doubles OU\n|rated|\n|rule|Species Clause: Limit one of each Pok\u00e9mon\n|rule|OHKO Clause: OHKO moves are banned\n|rule|Evasion Moves Clause: Evasion moves are banned\n|rule|Gravity Sleep Clause: The combination of sleep-inducing moves with imperfect accuracy and Gravity or Gigantamax Orbeetle are banned\n|rule|Endless Battle Clause: Forcing endless battles is banned\n|rule|HP Percentage Mod: HP is shown in percentages\n|clearpoke\n|poke|p1|Hoopa-Unbound|\n|poke|p1|Heatran, F|\n|poke|p1|Rillaboom, F|\n|poke|p1|Grimmsnarl, M|\n|poke|p1|Azumarill, M|\n|poke|p1|Diancie|\n|poke|p2|Rillaboom, F|\n|poke|p2|Iron Bundle|\n|poke|p2|Chi-Yu|\n|poke|p2|Diancie|\n|poke|p2|Ninetales-Alola, M|\n|poke|p2|Heatran, F|\n|teampreview\n|inactive|Battle timer is ON: inactive players will automatically lose when time's up. (requested by Pokeminis)\n|c|\u2606buddhist ameba|glhf\n|c|\u2606Pokeminis|Thx\n|inactive|buddhist ameba has 120 seconds left.\n|c|\u2606Pokeminis|u2\n|c|\u2606buddhist ameba|ty\n|\n|t:|1700837890\n|start\n|switch|p1a: Rillaboom|Rillaboom, F, shiny|100\/100\n|switch|p1b: Hoopa|Hoopa-Unbound|100\/100\n|switch|p2a: Heatran|Heatran, F|100\/100\n|switch|p2b: Iron Bundle|Iron Bundle|100\/100\n|-fieldstart|move: Grassy Terrain|[from] ability: Grassy Surge|[of] p1a: Rillaboom\n|-enditem|p1b: Hoopa|Grassy Seed\n|-boost|p1b: Hoopa|def|1|[from] item: Grassy Seed\n|-enditem|p2b: Iron Bundle|Booster Energy\n|-activate|p2b: Iron Bundle|ability: Quark Drive|[fromitem]\n|-start|p2b: Iron Bundle|quarkdrivespe\n|turn|1\n|\n|t:|1700837915\n|move|p2b: Iron Bundle|Protect|p2b: Iron Bundle\n|-singleturn|p2b: Iron Bundle|Protect\n|move|p2a: Heatran|Protect|p2a: Heatran\n|-singleturn|p2a: Heatran|Protect\n|move|p1a: Rillaboom|Fake Out|p2a: Heatran\n|-activate|p2a: Heatran|move: Protect\n|move|p1b: Hoopa|Trick Room|p1b: Hoopa\n|-fieldstart|move: Trick Room|[of] p1b: Hoopa\n|\n|upkeep\n|turn|2\n|inactive|buddhist ameba has 120 seconds left.\n|\n|t:|1700837954\n|-terastallize|p1a: Rillaboom|Fire\n|-terastallize|p2a: Heatran|Grass\n|move|p1a: Rillaboom|Grassy Glide|p2b: Iron Bundle\n|-supereffective|p2b: Iron Bundle\n|-damage|p2b: Iron Bundle|0 fnt\n|faint|p2b: Iron Bundle\n|-end|p2b: Iron Bundle|Quark Drive|[silent]\n|move|p1b: Hoopa|Hyperspace Fury|p2a: Heatran\n|-damage|p2a: Heatran|41\/100\n|-unboost|p1b: Hoopa|def|1\n|-enditem|p2a: Heatran|Sitrus Berry|[eat]\n|-heal|p2a: Heatran|66\/100|[from] item: Sitrus Berry\n|move|p2a: Heatran|Heat Wave|p1b: Hoopa|[spread] p1b\n|-miss|p2a: Heatran|p1a: Rillaboom\n|-damage|p1b: Hoopa|68\/100\n|\n|-heal|p1b: Hoopa|74\/100|[from] Grassy Terrain\n|-heal|p2a: Heatran|73\/100|[from] Grassy Terrain\n|upkeep\n|\n|t:|1700837970\n|switch|p2b: Rillaboom|Rillaboom, F|100\/100\n|turn|3\n|inactive|buddhist ameba has 120 seconds left.\n|\n|t:|1700837981\n|move|p2b: Rillaboom|Fake Out|p1b: Hoopa\n|-damage|p1b: Hoopa|52\/100\n|cant|p1b: Hoopa|flinch\n|move|p1a: Rillaboom|U-turn|p2a: Heatran\n|-supereffective|p2a: Heatran\n|-damage|p2a: Heatran|26\/100\n|\n|t:|1700838000\n|switch|p1a: Diancie|Diancie, shiny|100\/100|[from] U-turn\n|move|p2a: Heatran|Heat Wave|p1b: Hoopa|[spread] p1b\n|-miss|p2a: Heatran|p1a: Diancie\n|-damage|p1b: Hoopa|19\/100\n|\n|-heal|p1b: Hoopa|25\/100|[from] Grassy Terrain\n|-heal|p2a: Heatran|33\/100|[from] Grassy Terrain\n|upkeep\n|turn|4\n|\n|t:|1700838025\n|move|p2a: Heatran|Protect|p2a: Heatran\n|-singleturn|p2a: Heatran|Protect\n|move|p2b: Rillaboom|Grassy Glide|p1b: Hoopa\n|-damage|p1b: Hoopa|0 fnt\n|faint|p1b: Hoopa\n|move|p1a: Diancie|Diamond Storm|p2a: Heatran|[spread] p2b\n|-activate|p2a: Heatran|move: Protect\n|-damage|p2b: Rillaboom|72\/100\n|-boost|p1a: Diancie|def|2\n|\n|-heal|p2a: Heatran|39\/100|[from] Grassy Terrain\n|-heal|p2b: Rillaboom|78\/100|[from] Grassy Terrain\n|upkeep\n|\n|t:|1700838046\n|switch|p1b: Rillaboom|Rillaboom, F, shiny, tera:Fire|100\/100\n|turn|5\n|\n|t:|1700838067\n|switch|p2b: Diancie|Diancie|100\/100\n|move|p1a: Diancie|Diamond Storm|p2b: Diancie|[spread] p2a,p2b\n|-damage|p2a: Heatran|13\/100\n|-damage|p2b: Diancie|76\/100\n|-boost|p1a: Diancie|def|2\n|move|p1b: Rillaboom|U-turn|p2a: Heatran\n|-supereffective|p2a: Heatran\n|-damage|p2a: Heatran|0 fnt\n|faint|p2a: Heatran\n|\n|t:|1700838081\n|switch|p1b: Grimmsnarl|Grimmsnarl, M, shiny|100\/100|[from] U-turn\n|\n|-heal|p2b: Diancie|82\/100|[from] Grassy Terrain\n|-fieldend|move: Trick Room\n|-fieldend|move: Grassy Terrain\n|upkeep\n|\n|t:|1700838092\n|switch|p2a: Chi-Yu|Chi-Yu|100\/100\n|-ability|p2a: Chi-Yu|Beads of Ruin\n|turn|6\n|\n|t:|1700838106\n|move|p1b: Grimmsnarl|Light Screen|p1b: Grimmsnarl\n|-sidestart|p1: Pokeminis|move: Light Screen\n|move|p2a: Chi-Yu|Heat Wave|p1b: Grimmsnarl|[spread] p1a,p1b\n|-resisted|p1a: Diancie\n|-damage|p1a: Diancie|82\/100\n|-damage|p1b: Grimmsnarl|60\/100\n|move|p2b: Diancie|Play Rough|p1b: Grimmsnarl\n|-supereffective|p1b: Grimmsnarl\n|-damage|p1b: Grimmsnarl|0 fnt\n|faint|p1b: Grimmsnarl\n|move|p1a: Diancie|Diamond Storm|p2b: Diancie|[spread] p2a,p2b\n|-supereffective|p2a: Chi-Yu\n|-damage|p2a: Chi-Yu|0 fnt\n|-damage|p2b: Diancie|56\/100\n|faint|p2a: Chi-Yu\n|\n|upkeep\n|\n|t:|1700838123\n|switch|p2a: Rillaboom|Rillaboom, F|78\/100\n|switch|p1b: Heatran|Heatran, F|100\/100\n|-fieldstart|move: Grassy Terrain|[from] ability: Grassy Surge|[of] p2a: Rillaboom\n|turn|7\n|\n|t:|1700838140\n|move|p2a: Rillaboom|Fake Out|p1b: Heatran\n|-resisted|p1b: Heatran\n|-damage|p1b: Heatran|94\/100\n|cant|p1b: Heatran|flinch\n|move|p2b: Diancie|Body Press|p1b: Heatran\n|-supereffective|p1b: Heatran\n|-damage|p1b: Heatran|53\/100\n|move|p1a: Diancie|Diamond Storm|p2a: Rillaboom|[spread] p2b\n|-miss|p1a: Diancie|p2a: Rillaboom\n|-damage|p2b: Diancie|29\/100\n|-boost|p1a: Diancie|def|2\n|\n|-heal|p2a: Rillaboom|84\/100|[from] Grassy Terrain\n|-heal|p1b: Heatran|60\/100|[from] Grassy Terrain\n|-heal|p2b: Diancie|36\/100|[from] Grassy Terrain\n|-heal|p1a: Diancie|88\/100|[from] Grassy Terrain\n|upkeep\n|turn|8\n|\n|t:|1700838158\n|move|p2a: Rillaboom|Grassy Glide|p1a: Diancie\n|-supereffective|p1a: Diancie\n|-damage|p1a: Diancie|74\/100\n|-enditem|p1a: Diancie|Weakness Policy\n|-boost|p1a: Diancie|atk|2|[from] item: Weakness Policy\n|-boost|p1a: Diancie|spa|2|[from] item: Weakness Policy\n|move|p1b: Heatran|Heat Wave|p2b: Diancie|[spread] p2a,p2b\n|-supereffective|p2a: Rillaboom\n|-resisted|p2b: Diancie\n|-damage|p2a: Rillaboom|6\/100\n|-damage|p2b: Diancie|15\/100\n|-damage|p1b: Heatran|50\/100|[from] item: Life Orb\n|move|p2b: Diancie|Body Press|p1b: Heatran\n|-supereffective|p1b: Heatran\n|-damage|p1b: Heatran|8\/100\n|move|p1a: Diancie|Diamond Storm|p2b: Diancie|[spread] p2a,p2b\n|-damage|p2a: Rillaboom|0 fnt\n|-damage|p2b: Diancie|0 fnt\n|faint|p2a: Rillaboom\n|faint|p2b: Diancie\n|\n|-heal|p1b: Heatran|14\/100|[from] Grassy Terrain\n|-heal|p1a: Diancie|80\/100|[from] Grassy Terrain\n|upkeep\n|\n|t:|1700838162\n|switch|p2b: Ninetales|Ninetales-Alola, M|100\/100\n|-weather|Snow|[from] ability: Snow Warning|[of] p2b: Ninetales\n|turn|9\n|c|\u2606buddhist ameba|gg\n|c|\u2606Pokeminis|Gg\n|\n|t:|1700838176\n|move|p2b: Ninetales|Protect|p2b: Ninetales\n|-singleturn|p2b: Ninetales|Protect\n|move|p1b: Heatran|Flash Cannon|p2b: Ninetales\n|-activate|p2b: Ninetales|move: Protect\n|move|p1a: Diancie|Diamond Storm|p2b: Ninetales\n|-activate|p2b: Ninetales|move: Protect\n|\n|-weather|Snow|[upkeep]\n|-heal|p1b: Heatran|21\/100|[from] Grassy Terrain\n|-heal|p1a: Diancie|86\/100|[from] Grassy Terrain\n|upkeep\n|turn|10\n|c|\u2606Pokeminis|wp\n|\n|t:|1700838189\n|move|p2b: Ninetales|Moonblast|p1a: Diancie\n|-damage|p1a: Diancie|66\/100\n|move|p1b: Heatran|Flash Cannon|p2b: Ninetales\n|-supereffective|p2b: Ninetales\n|-damage|p2b: Ninetales|0 fnt\n|faint|p2b: Ninetales\n|-damage|p1b: Heatran|11\/100|[from] item: Life Orb\n|\n|win|Pokeminis\n|raw|Pokeminis's rating: 1368 &rarr; <strong>1400<\/strong><br \/>(+32 for winning)\n|raw|buddhist ameba's rating: 1622 &rarr; <strong>1590<\/strong><br \/>(-32 for losing)\n|l|\u2606buddhist ameba\n|j|\u2606buddhist ameba\n|player|p2|buddhist ameba|101\n|l|\u2606Pokeminis\n","uploadtime":1700838206,"views":1,"p1id":"pokeminis","p2id":"buddhistameba","formatid":"gen9doublesou","rating":1400,"private":0,"password":""}