{"id":"gen9doublesou-2000091680","p1":"blizard2137","p2":"mikeyuwu","format":"[Gen 9] Doubles OU","log":"|j|\u2606blizard2137\n|j|\u2606mikeyuwu\n|t:|1701153180\n|gametype|doubles\n|player|p1|blizard2137|marley|1353\n|player|p2|mikeyuwu|psychic-gen4|1301\n|teamsize|p1|6\n|teamsize|p2|6\n|gen|9\n|tier|[Gen 9] Doubles OU\n|rated|\n|rule|Species Clause: Limit one of each Pok\u00e9mon\n|rule|OHKO Clause: OHKO moves are banned\n|rule|Evasion Moves Clause: Evasion moves are banned\n|rule|Gravity Sleep Clause: The combination of sleep-inducing moves with imperfect accuracy and Gravity or Gigantamax Orbeetle are banned\n|rule|Endless Battle Clause: Forcing endless battles is banned\n|rule|HP Percentage Mod: HP is shown in percentages\n|clearpoke\n|poke|p1|Armarouge, F|\n|poke|p1|Indeedee-F, F|\n|poke|p1|Torkoal, M|\n|poke|p1|Roaring Moon|\n|poke|p1|Ursaluna, F|\n|poke|p1|Bronzong|\n|poke|p2|Garchomp, M|\n|poke|p2|Tyranitar, F|\n|poke|p2|Vaporeon, F|\n|poke|p2|Toxicroak, M|\n|poke|p2|Pelipper, F|\n|poke|p2|Abomasnow, M|\n|teampreview\n|\n|t:|1701153189\n|start\n|switch|p1a: Ursaluna|Ursaluna, F|100\/100\n|switch|p1b: Roaring Moon|Roaring Moon|100\/100\n|switch|p2a: OTLHPM|Toxicroak, M|100\/100\n|switch|p2b: Harmacy|Vaporeon, F|100\/100\n|-enditem|p1b: Roaring Moon|Booster Energy\n|-activate|p1b: Roaring Moon|ability: Protosynthesis|[fromitem]\n|-start|p1b: Roaring Moon|protosynthesisspe\n|turn|1\n|\n|t:|1701153208\n|switch|p2a: Weather War|Pelipper, F|100\/100\n|-weather|RainDance|[from] ability: Drizzle|[of] p2a: Weather War\n|move|p1a: Ursaluna|Protect|p1a: Ursaluna\n|-singleturn|p1a: Ursaluna|Protect\n|move|p1b: Roaring Moon|Tailwind|p1b: Roaring Moon\n|-sidestart|p1: blizard2137|move: Tailwind\n|move|p2b: Harmacy|Weather Ball|p1a: Ursaluna\n|-activate|p1a: Ursaluna|move: Protect\n|\n|-weather|RainDance|[upkeep]\n|-status|p1a: Ursaluna|brn|[from] item: Flame Orb\n|upkeep\n|turn|2\n|\n|t:|1701153236\n|switch|p1a: Torkoal|Torkoal, M|100\/100\n|-weather|SunnyDay|[from] ability: Drought|[of] p1a: Torkoal\n|move|p1b: Roaring Moon|Breaking Swipe|p2a: Weather War|[spread] p2a,p2b\n|-damage|p2a: Weather War|82\/100\n|-damage|p2b: Harmacy|83\/100\n|-unboost|p2a: Weather War|atk|1\n|-unboost|p2b: Harmacy|atk|1\n|move|p2a: Weather War|Chilling Water|p1a: Torkoal\n|-supereffective|p1a: Torkoal\n|-damage|p1a: Torkoal|77\/100\n|-unboost|p1a: Torkoal|atk|1\n|move|p2b: Harmacy|Icy Wind|p1a: Torkoal|[spread] p1a\n|-miss|p2b: Harmacy|p1b: Roaring Moon\n|-resisted|p1a: Torkoal\n|-damage|p1a: Torkoal|70\/100\n|-unboost|p1a: Torkoal|spe|1\n|\n|-weather|SunnyDay|[upkeep]\n|-heal|p2b: Harmacy|89\/100|[from] item: Leftovers\n|upkeep\n|turn|3\n|\n|t:|1701153265\n|switch|p2a: ThcrThnSnkr|Tyranitar, F|100\/100\n|-weather|Sandstorm|[from] ability: Sand Stream|[of] p2a: ThcrThnSnkr\n|move|p1b: Roaring Moon|Breaking Swipe|p2b: Harmacy|[spread] p2a,p2b\n|-damage|p2a: ThcrThnSnkr|78\/100\n|-damage|p2b: Harmacy|72\/100\n|-unboost|p2a: ThcrThnSnkr|atk|1\n|-unboost|p2b: Harmacy|atk|1\n|move|p2b: Harmacy|Weather Ball|p1a: Torkoal\n|-supereffective|p1a: Torkoal\n|-crit|p1a: Torkoal\n|-damage|p1a: Torkoal|0 fnt\n|faint|p1a: Torkoal\n|\n|-weather|Sandstorm|[upkeep]\n|-damage|p1b: Roaring Moon|95\/100|[from] Sandstorm\n|-damage|p2b: Harmacy|66\/100|[from] Sandstorm\n|-heal|p2b: Harmacy|72\/100|[from] item: Leftovers\n|upkeep\n|\n|t:|1701153303\n|switch|p1a: Ursaluna|Ursaluna, F|100\/100 brn\n|turn|4\n|\n|t:|1701153311\n|switch|p2a: Weather War|Pelipper, F|82\/100\n|-weather|RainDance|[from] ability: Drizzle|[of] p2a: Weather War\n|move|p1b: Roaring Moon|Earthquake|p2a: Weather War|[spread] p1a,p2b\n|-immune|p2a: Weather War\n|-damage|p1a: Ursaluna|82\/100 brn\n|-damage|p2b: Harmacy|52\/100\n|move|p1a: Ursaluna|Earthquake|p2b: Harmacy|[spread] p1b,p2b\n|-immune|p2a: Weather War\n|-damage|p1b: Roaring Moon|4\/100\n|-damage|p2b: Harmacy|4\/100\n|move|p2b: Harmacy|Icy Wind|p1b: Roaring Moon|[spread] p1a,p1b\n|-supereffective|p1a: Ursaluna\n|-supereffective|p1b: Roaring Moon\n|-damage|p1a: Ursaluna|64\/100 brn\n|-damage|p1b: Roaring Moon|0 fnt\n|-unboost|p1a: Ursaluna|spe|1\n|faint|p1b: Roaring Moon\n|-end|p1b: Roaring Moon|Protosynthesis|[silent]\n|\n|-weather|RainDance|[upkeep]\n|-heal|p2b: Harmacy|10\/100|[from] item: Leftovers\n|-damage|p1a: Ursaluna|58\/100 brn|[from] brn\n|-sideend|p1: blizard2137|move: Tailwind\n|upkeep\n|\n|t:|1701153321\n|switch|p1b: Bronzong|Bronzong|100\/100\n|turn|5\n|\n|t:|1701153331\n|move|p1a: Ursaluna|Protect|p1a: Ursaluna\n|-singleturn|p1a: Ursaluna|Protect\n|move|p2a: Weather War|Soak|p1b: Bronzong\n|-start|p1b: Bronzong|typechange|Water\n|move|p2b: Harmacy|Weather Ball|p1a: Ursaluna\n|-activate|p1a: Ursaluna|move: Protect\n|move|p1b: Bronzong|Trick Room|p1b: Bronzong\n|-fieldstart|move: Trick Room|[of] p1b: Bronzong\n|\n|-weather|RainDance|[upkeep]\n|-heal|p2b: Harmacy|16\/100|[from] item: Leftovers\n|-damage|p1a: Ursaluna|52\/100 brn|[from] brn\n|upkeep\n|turn|6\n|\n|t:|1701153352\n|switch|p2b: Extra Spicy|Garchomp, M|100\/100\n|move|p1b: Bronzong|Body Press|p2b: Extra Spicy\n|-damage|p2b: Extra Spicy|89\/100\n|-damage|p1b: Bronzong|88\/100|[from] ability: Rough Skin|[of] p2b: Extra Spicy\n|-damage|p1b: Bronzong|72\/100|[from] item: Rocky Helmet|[of] p2b: Extra Spicy\n|move|p1a: Ursaluna|Facade|p2a: Weather War\n|-damage|p2a: Weather War|0 fnt\n|faint|p2a: Weather War\n|\n|-weather|RainDance|[upkeep]\n|-damage|p1a: Ursaluna|46\/100 brn|[from] brn\n|upkeep\n|\n|t:|1701153365\n|switch|p2a: Cold Shoulder|Abomasnow, M, shiny|100\/100\n|-weather|Snow|[from] ability: Snow Warning|[of] p2a: Cold Shoulder\n|turn|7\n|\n|t:|1701153379\n|move|p1b: Bronzong|Body Press|p2b: Extra Spicy\n|-damage|p2b: Extra Spicy|75\/100\n|-damage|p1b: Bronzong|59\/100|[from] ability: Rough Skin|[of] p2b: Extra Spicy\n|-damage|p1b: Bronzong|43\/100|[from] item: Rocky Helmet|[of] p2b: Extra Spicy\n|move|p1a: Ursaluna|Facade|p2b: Extra Spicy\n|-damage|p2b: Extra Spicy|0 fnt\n|-damage|p1a: Ursaluna|34\/100 brn|[from] ability: Rough Skin|[of] p2b: Extra Spicy\n|-damage|p1a: Ursaluna|17\/100 brn|[from] item: Rocky Helmet|[of] p2b: Extra Spicy\n|faint|p2b: Extra Spicy\n|move|p2a: Cold Shoulder|Giga Drain|p1b: Bronzong\n|-supereffective|p1b: Bronzong\n|-damage|p1b: Bronzong|9\/100\n|\n|-weather|Snow|[upkeep]\n|-damage|p1a: Ursaluna|11\/100 brn|[from] brn\n|upkeep\n|\n|t:|1701153394\n|switch|p2b: Harmacy|Vaporeon, F|16\/100\n|turn|8\n|\n|t:|1701153411\n|move|p1b: Bronzong|Body Press|p2b: Harmacy\n|-damage|p2b: Harmacy|0 fnt\n|faint|p2b: Harmacy\n|move|p1a: Ursaluna|Facade|p2a: Cold Shoulder\n|-damage|p2a: Cold Shoulder|28\/100\n|move|p2a: Cold Shoulder|Blizzard|p1a: Ursaluna|[spread] p1a,p1b\n|-supereffective|p1a: Ursaluna\n|-resisted|p1b: Bronzong\n|-damage|p1a: Ursaluna|0 fnt\n|-damage|p1b: Bronzong|0 fnt\n|faint|p1a: Ursaluna\n|faint|p1b: Bronzong\n|\n|-weather|Snow|[upkeep]\n|upkeep\n|\n|t:|1701153418\n|switch|p1b: Indeedee|Indeedee-F, F|100\/100\n|switch|p1a: Armarouge|Armarouge, F|100\/100\n|switch|p2b: ThcrThnSnkr|Tyranitar, F|78\/100\n|-weather|Sandstorm|[from] ability: Sand Stream|[of] p2b: ThcrThnSnkr\n|-fieldstart|move: Psychic Terrain|[from] ability: Psychic Surge|[of] p1b: Indeedee\n|turn|9\n|\n|t:|1701153444\n|move|p1b: Indeedee|Follow Me|p1b: Indeedee\n|-singleturn|p1b: Indeedee|move: Follow Me\n|move|p2b: ThcrThnSnkr|Knock Off|p1b: Indeedee\n|-supereffective|p1b: Indeedee\n|-damage|p1b: Indeedee|0 fnt\n|-enditem|p1b: Indeedee|Safety Goggles|[from] move: Knock Off|[of] p2b: ThcrThnSnkr\n|faint|p1b: Indeedee\n|move|p2a: Cold Shoulder|Leech Seed|p1a: Armarouge\n|-start|p1a: Armarouge|move: Leech Seed\n|move|p1a: Armarouge|Heat Wave|p2b: ThcrThnSnkr|[spread] p2a,p2b\n|-supereffective|p2a: Cold Shoulder\n|-resisted|p2b: ThcrThnSnkr\n|-damage|p2a: Cold Shoulder|0 fnt\n|-damage|p2b: ThcrThnSnkr|72\/100\n|-status|p2b: ThcrThnSnkr|brn\n|faint|p2a: Cold Shoulder\n|\n|-weather|Sandstorm|[upkeep]\n|-damage|p1a: Armarouge|94\/100|[from] Sandstorm\n|-damage|p2b: ThcrThnSnkr|66\/100 brn|[from] brn\n|-fieldend|move: Trick Room\n|upkeep\n|\n|t:|1701153455\n|switch|p2a: OTLHPM|Toxicroak, M|100\/100\n|turn|10\n|\n|t:|1701153460\n|-terastallize|p2a: OTLHPM|Dark\n|move|p1a: Armarouge|Endure|p1a: Armarouge\n|-singleturn|p1a: Armarouge|move: Endure\n|move|p2a: OTLHPM|Poison Jab|p1a: Armarouge\n|-damage|p1a: Armarouge|52\/100\n|-ability|p1a: Armarouge|Weak Armor|boost\n|-unboost|p1a: Armarouge|def|1\n|-boost|p1a: Armarouge|spe|2\n|move|p2b: ThcrThnSnkr|Rock Slide|p1a: Armarouge|[miss]\n|-miss|p2b: ThcrThnSnkr|p1a: Armarouge\n|\n|-weather|Sandstorm|[upkeep]\n|-damage|p1a: Armarouge|46\/100|[from] Sandstorm\n|-damage|p2a: OTLHPM|94\/100|[from] Sandstorm\n|-damage|p2a: OTLHPM|82\/100|[from] item: Black Sludge\n|-damage|p1a: Armarouge|34\/100|[from] Leech Seed|[of] p2a: OTLHPM\n|-heal|p2a: OTLHPM|95\/100|[silent]\n|-damage|p2b: ThcrThnSnkr|60\/100 brn|[from] brn\n|upkeep\n|turn|11\n|\n|t:|1701153488\n|-terastallize|p1a: Armarouge|Psychic\n|move|p1a: Armarouge|Heat Wave|p2b: ThcrThnSnkr|[spread] p2a,p2b\n|-resisted|p2b: ThcrThnSnkr\n|-damage|p2a: OTLHPM|31\/100\n|-damage|p2b: ThcrThnSnkr|54\/100 brn\n|move|p2a: OTLHPM|Poison Jab|p1a: Armarouge\n|-damage|p1a: Armarouge|0 fnt\n|faint|p1a: Armarouge\n|\n|win|mikeyuwu\n|raw|blizard2137's rating: 1353 &rarr; <strong>1330<\/strong><br \/>(-23 for losing)\n|raw|mikeyuwu's rating: 1301 &rarr; <strong>1324<\/strong><br \/>(+23 for winning)\n|l|\u2606blizard2137\n","uploadtime":1701153509,"views":7,"p1id":"blizard2137","p2id":"mikeyuwu","formatid":"gen9doublesou","rating":1324,"private":0,"password":""}