{"id":"gen9doublesou-1979460120","p1":"IronValiantIsHot","p2":"ch0deing","format":"[Gen 9] Doubles OU","log":"|j|\u203dIronValiantIsHot\n|j|\u2606ch0deing\n|t:|1698684411\n|gametype|doubles\n|player|p1|IronValiantIsHot|winona|1139\n|player|p2|ch0deing|supernerd|1091\n|teamsize|p1|6\n|teamsize|p2|6\n|gen|9\n|tier|[Gen 9] Doubles OU\n|rated|\n|rule|Species Clause: Limit one of each Pok\u00e9mon\n|rule|OHKO Clause: OHKO moves are banned\n|rule|Evasion Moves Clause: Evasion moves are banned\n|rule|Gravity Sleep Clause: The combination of sleep-inducing moves with imperfect accuracy and Gravity or Gigantamax Orbeetle are banned\n|rule|Endless Battle Clause: Forcing endless battles is banned\n|rule|HP Percentage Mod: HP is shown in percentages\n|clearpoke\n|poke|p1|Chi-Yu|\n|poke|p1|Wo-Chien|\n|poke|p1|Iron Bundle|\n|poke|p1|Salamence, F|\n|poke|p1|Sylveon, F|\n|poke|p1|Gallade, M|\n|poke|p2|Trevenant, M|\n|poke|p2|Fezandipiti, M|\n|poke|p2|Dragonite, M|\n|poke|p2|Mamoswine, F|\n|poke|p2|Chi-Yu|\n|poke|p2|Palafin, M|\n|teampreview\n|inactive|Battle timer is ON: inactive players will automatically lose when time's up. (requested by ch0deing)\n|\n|t:|1698684423\n|start\n|switch|p1a: Iron Bundle|Iron Bundle|100\/100\n|switch|p1b: Sylveon|Sylveon, F|100\/100\n|switch|p2a: Fezandipiti|Fezandipiti, M|100\/100\n|switch|p2b: Trevenant|Trevenant, M|100\/100\n|turn|1\n|\n|t:|1698684440\n|-terastallize|p1b: Sylveon|Steel\n|move|p1a: Iron Bundle|Freeze-Dry|p2b: Trevenant\n|-supereffective|p2b: Trevenant\n|-damage|p2b: Trevenant|17\/100\n|-enditem|p2b: Trevenant|Aguav Berry|[eat]\n|-heal|p2b: Trevenant|50\/100|[from] item: Aguav Berry\n|move|p2a: Fezandipiti|Tailwind|p2a: Fezandipiti\n|-sidestart|p2: ch0deing|move: Tailwind\n|move|p2b: Trevenant|Giga Drain|p1a: Iron Bundle\n|-supereffective|p1a: Iron Bundle\n|-damage|p1a: Iron Bundle|29\/100\n|-heal|p2b: Trevenant|74\/100|[from] drain|[of] p1a: Iron Bundle\n|move|p1b: Sylveon|Tera Blast|p2a: Fezandipiti|[anim] Tera Blast Steel\n|-supereffective|p2a: Fezandipiti\n|-damage|p2a: Fezandipiti|66\/100\n|\n|-heal|p2a: Fezandipiti|72\/100|[from] item: Black Sludge\n|-item|p2b: Trevenant|Aguav Berry|[from] ability: Harvest\n|upkeep\n|turn|2\n|\n|t:|1698684461\n|move|p2a: Fezandipiti|Dazzling Gleam|p1b: Sylveon|[spread] p1a,p1b\n|-resisted|p1b: Sylveon\n|-damage|p1a: Iron Bundle|0 fnt\n|-damage|p1b: Sylveon|95\/100\n|faint|p1a: Iron Bundle\n|-end|p1a: Iron Bundle|Quark Drive|[silent]\n|move|p2b: Trevenant|Giga Drain|p1b: Sylveon\n|-resisted|p1b: Sylveon\n|-damage|p1b: Sylveon|89\/100\n|-heal|p2b: Trevenant|77\/100|[from] drain|[of] p1b: Sylveon\n|move|p1b: Sylveon|Calm Mind|p1b: Sylveon\n|-boost|p1b: Sylveon|spa|1\n|-boost|p1b: Sylveon|spd|1\n|\n|-heal|p2a: Fezandipiti|78\/100|[from] item: Black Sludge\n|-heal|p1b: Sylveon|95\/100|[from] item: Leftovers\n|upkeep\n|\n|t:|1698684474\n|switch|p1a: Chi-Yu|Chi-Yu|100\/100\n|-ability|p1a: Chi-Yu|Beads of Ruin\n|turn|3\n|\n|t:|1698684492\n|move|p2a: Fezandipiti|Dual Wingbeat|p1a: Chi-Yu|[miss]\n|-miss|p2a: Fezandipiti|p1a: Chi-Yu\n|move|p2b: Trevenant|Leech Seed|p1b: Sylveon\n|-start|p1b: Sylveon|move: Leech Seed\n|move|p1a: Chi-Yu|Snarl|p2b: Trevenant|[spread] p2a,p2b\n|-resisted|p2a: Fezandipiti\n|-supereffective|p2b: Trevenant\n|-damage|p2a: Fezandipiti|69\/100\n|-damage|p2b: Trevenant|32\/100\n|-unboost|p2a: Fezandipiti|spa|1\n|-unboost|p2b: Trevenant|spa|1\n|move|p1b: Sylveon|Calm Mind|p1b: Sylveon\n|-boost|p1b: Sylveon|spa|1\n|-boost|p1b: Sylveon|spd|1\n|\n|-heal|p2a: Fezandipiti|75\/100|[from] item: Black Sludge\n|-heal|p1b: Sylveon|100\/100|[from] item: Leftovers\n|-damage|p1b: Sylveon|88\/100|[from] Leech Seed|[of] p2b: Trevenant\n|-heal|p2b: Trevenant|45\/100|[silent]\n|upkeep\n|turn|4\n|\n|t:|1698684519\n|switch|p2b: Palafin|Palafin, M|100\/100\n|move|p2a: Fezandipiti|Dazzling Gleam|p1b: Sylveon|[spread] p1a,p1b\n|-resisted|p1b: Sylveon\n|-damage|p1a: Chi-Yu|95\/100\n|-damage|p1b: Sylveon|86\/100\n|move|p1a: Chi-Yu|Heat Wave|p2a: Fezandipiti|[spread] p2a,p2b\n|-resisted|p2b: Palafin\n|-damage|p2a: Fezandipiti|47\/100\n|-damage|p2b: Palafin|66\/100\n|move|p1b: Sylveon|Hyper Voice|p2b: Palafin|[spread] p2a,p2b\n|-resisted|p2a: Fezandipiti\n|-damage|p2a: Fezandipiti|21\/100\n|-damage|p2b: Palafin|0 fnt\n|faint|p2b: Palafin\n|\n|-heal|p2a: Fezandipiti|27\/100|[from] item: Black Sludge\n|-heal|p1b: Sylveon|92\/100|[from] item: Leftovers\n|-sideend|p2: ch0deing|move: Tailwind\n|upkeep\n|inactive|ch0deing has 120 seconds left.\n|\n|t:|1698684540\n|switch|p2b: Dragonite|Dragonite, M|100\/100\n|turn|5\n|\n|t:|1698684552\n|move|p2b: Dragonite|Dragon Dance|p2b: Dragonite\n|-boost|p2b: Dragonite|atk|1\n|-boost|p2b: Dragonite|spe|1\n|move|p1a: Chi-Yu|Snarl|p2b: Dragonite|[spread] p2a,p2b\n|-resisted|p2a: Fezandipiti\n|-damage|p2a: Fezandipiti|19\/100\n|-damage|p2b: Dragonite|84\/100\n|-unboost|p2a: Fezandipiti|spa|1\n|-unboost|p2b: Dragonite|spa|1\n|move|p2a: Fezandipiti|Tailwind|p2a: Fezandipiti\n|-sidestart|p2: ch0deing|move: Tailwind\n|move|p1b: Sylveon|Hyper Voice|p2b: Dragonite|[spread] p2a,p2b\n|-resisted|p2a: Fezandipiti\n|-supereffective|p2b: Dragonite\n|-damage|p2a: Fezandipiti|0 fnt\n|-damage|p2b: Dragonite|0 fnt\n|faint|p2a: Fezandipiti\n|faint|p2b: Dragonite\n|\n|-heal|p1b: Sylveon|98\/100|[from] item: Leftovers\n|upkeep\n|inactive|ch0deing has 120 seconds left.\n|\n|t:|1698684568\n|switch|p2b: Chi-Yu|Chi-Yu|100\/100\n|switch|p2a: Trevenant|Trevenant, M|45\/100\n|-ability|p2b: Chi-Yu|Beads of Ruin\n|turn|6\n|\n|t:|1698684588\n|move|p2b: Chi-Yu|Heat Wave|p1b: Sylveon|[spread] p1a,p1b\n|-resisted|p1a: Chi-Yu\n|-supereffective|p1b: Sylveon\n|-damage|p1a: Chi-Yu|79\/100\n|-damage|p1b: Sylveon|47\/100\n|move|p2a: Trevenant|Will-O-Wisp|p1b: Sylveon\n|-status|p1b: Sylveon|brn\n|move|p1a: Chi-Yu|Snarl|p2b: Chi-Yu|[spread] p2a,p2b\n|-supereffective|p2a: Trevenant\n|-resisted|p2b: Chi-Yu\n|-damage|p2a: Trevenant|0 fnt\n|-damage|p2b: Chi-Yu|88\/100\n|-unboost|p2b: Chi-Yu|spa|1\n|faint|p2a: Trevenant\n|move|p1b: Sylveon|Hyper Voice|p2b: Chi-Yu\n|-damage|p2b: Chi-Yu|0 fnt\n|faint|p2b: Chi-Yu\n|\n|-heal|p1b: Sylveon|53\/100 brn|[from] item: Leftovers\n|-damage|p1b: Sylveon|47\/100 brn|[from] brn\n|upkeep\n|inactive|ch0deing has 120 seconds left.\n|\n|t:|1698684615\n|switch|p2b: Mamoswine|Mamoswine, F|100\/100\n|turn|7\n|\n|t:|1698684625\n|move|p2b: Mamoswine|Knock Off|p1a: Chi-Yu\n|-resisted|p1a: Chi-Yu\n|-damage|p1a: Chi-Yu|60\/100\n|-enditem|p1a: Chi-Yu|Assault Vest|[from] move: Knock Off|[of] p2b: Mamoswine\n|move|p1a: Chi-Yu|Heat Wave|p2b: Mamoswine\n|-supereffective|p2b: Mamoswine\n|-damage|p2b: Mamoswine|24\/100\n|move|p1b: Sylveon|Tera Blast|p2b: Mamoswine|[anim] Tera Blast Steel\n|-supereffective|p2b: Mamoswine\n|-damage|p2b: Mamoswine|0 fnt\n|faint|p2b: Mamoswine\n|\n|win|IronValiantIsHot\n|raw|IronValiantIsHot's rating: 1139 &rarr; <strong>1161<\/strong><br \/>(+22 for winning)\n|raw|ch0deing's rating: 1091 &rarr; <strong>1071<\/strong><br \/>(-20 for losing)\n|l|\u2606ch0deing\n","uploadtime":1698684637,"views":14,"p1id":"ironvaliantishot","p2id":"ch0deing","formatid":"gen9doublesou","rating":1071,"private":0,"password":""}