{"id":"gen9doublesou-1998112951","p1":"JustRadAlex","p2":"RequisTheGoat","format":"[Gen 9] Doubles OU","log":"|j|\u2606JustRadAlex\n|j|\u2606RequisTheGoat\n|t:|1700893569\n|gametype|doubles\n|player|p1|JustRadAlex|juan|1424\n|player|p2|RequisTheGoat|blue|1447\n|teamsize|p1|6\n|teamsize|p2|6\n|gen|9\n|tier|[Gen 9] Doubles OU\n|rated|\n|rule|Species Clause: Limit one of each Pok\u00e9mon\n|rule|OHKO Clause: OHKO moves are banned\n|rule|Evasion Moves Clause: Evasion moves are banned\n|rule|Gravity Sleep Clause: The combination of sleep-inducing moves with imperfect accuracy and Gravity or Gigantamax Orbeetle are banned\n|rule|Endless Battle Clause: Forcing endless battles is banned\n|rule|HP Percentage Mod: HP is shown in percentages\n|clearpoke\n|poke|p1|Iron Hands|\n|poke|p1|Grimmsnarl, M|\n|poke|p1|Cresselia, F|\n|poke|p1|Rillaboom, F|\n|poke|p1|Empoleon, M|\n|poke|p1|Landorus-Therian, M|\n|poke|p2|Tornadus, M|\n|poke|p2|Ogerpon-Hearthflame, F|\n|poke|p2|Iron Bundle|\n|poke|p2|Farigiraf, M|\n|poke|p2|Kingambit, M|\n|poke|p2|Iron Hands|\n|teampreview\n|inactive|Battle timer is ON: inactive players will automatically lose when time's up. (requested by RequisTheGoat)\n|\n|t:|1700893604\n|start\n|switch|p1a: Grimmsnarl|Grimmsnarl, M, shiny|100\/100\n|switch|p1b: Kingleon|Empoleon, M, shiny|100\/100\n|switch|p2a: Farigiraf|Farigiraf, M|100\/100\n|switch|p2b: Iron Hands|Iron Hands|100\/100\n|turn|1\n|\n|t:|1700893621\n|switch|p1b: Landorus|Landorus-Therian, M|100\/100\n|-ability|p1b: Landorus|Intimidate|boost\n|-unboost|p2a: Farigiraf|atk|1\n|-unboost|p2b: Iron Hands|atk|1\n|move|p2b: Iron Hands|Fake Out|p1a: Grimmsnarl\n|-damage|p1a: Grimmsnarl|87\/100\n|cant|p1a: Grimmsnarl|flinch\n|move|p2a: Farigiraf|Hyper Voice|p1b: Landorus|[spread] p1a,p1b\n|-damage|p1a: Grimmsnarl|50\/100\n|-damage|p1b: Landorus|58\/100\n|\n|upkeep\n|turn|2\n|\n|t:|1700893638\n|-end|p2b: Iron Hands|Quark Drive|[silent]\n|switch|p2b: Tornadus|Tornadus, M|100\/100\n|move|p1a: Grimmsnarl|Light Screen|p1a: Grimmsnarl\n|-sidestart|p1: JustRadAlex|move: Light Screen\n|move|p1b: Landorus|U-turn|p2a: Farigiraf\n|-supereffective|p2a: Farigiraf\n|-damage|p2a: Farigiraf|54\/100\n|\n|t:|1700893649\n|switch|p1b: Iron Hands|Iron Hands|100\/100|[from] U-turn\n|move|p2a: Farigiraf|Hyper Voice|p1a: Grimmsnarl|[spread] p1a,p1b\n|-crit|p1a: Grimmsnarl\n|-damage|p1a: Grimmsnarl|0 fnt\n|-damage|p1b: Iron Hands|89\/100\n|faint|p1a: Grimmsnarl\n|\n|upkeep\n|\n|t:|1700893655\n|switch|p1a: Kingleon|Empoleon, M, shiny|100\/100\n|turn|3\n|inactive|RequisTheGoat has 120 seconds left.\n|\n|t:|1700893687\n|switch|p2b: Ogerpon|Ogerpon-Hearthflame, F|100\/100\n|-ability|p2b: Ogerpon|Mold Breaker\n|move|p2a: Farigiraf|Protect|p2a: Farigiraf\n|-singleturn|p2a: Farigiraf|Protect\n|move|p1a: Kingleon|Ice Beam|p2b: Ogerpon\n|-damage|p2b: Ogerpon|62\/100\n|move|p1b: Iron Hands|Drain Punch|p2a: Farigiraf\n|-activate|p2a: Farigiraf|move: Protect\n|\n|upkeep\n|turn|4\n|\n|t:|1700893711\n|-terastallize|p1a: Kingleon|Poison\n|move|p2a: Farigiraf|Ally Switch||[still]\n|-fail|p2a: Farigiraf\n|move|p2b: Ogerpon|Swords Dance|p2b: Ogerpon\n|-boost|p2b: Ogerpon|atk|2\n|move|p1a: Kingleon|Tera Blast|p2b: Ogerpon|[anim] Tera Blast Poison\n|-supereffective|p2b: Ogerpon\n|-damage|p2b: Ogerpon|0 fnt\n|faint|p2b: Ogerpon\n|move|p1b: Iron Hands|Drain Punch|p2a: Farigiraf\n|-damage|p2a: Farigiraf|9\/100\n|-heal|p1b: Iron Hands|100\/100|[from] drain|[of] p2a: Farigiraf\n|\n|upkeep\n|\n|t:|1700893718\n|switch|p2b: Kingambit|Kingambit, M|100\/100\n|-activate|p2b: Kingambit|ability: Supreme Overlord\n|-start|p2b: Kingambit|fallen1|[silent]\n|turn|5\n|-message|RequisTheGoat forfeited.\n|\n|win|JustRadAlex\n|raw|JustRadAlex's rating: 1424 &rarr; <strong>1445<\/strong><br \/>(+21 for winning)\n|raw|RequisTheGoat's rating: 1447 &rarr; <strong>1426<\/strong><br \/>(-21 for losing)\n|l|\u2606RequisTheGoat\n","uploadtime":1700893776,"views":17,"p1id":"justradalex","p2id":"requisthegoat","formatid":"gen9doublesou","rating":1426,"private":0,"password":""}