{"id":"gen9doublesou-1976395164","p1":"jctpm26","p2":"SXD2002","format":"[Gen 9] Doubles OU","log":"|j|\u2606jctpm26\n|j|\u2606SXD2002\n|t:|1698296032\n|gametype|doubles\n|player|p1|jctpm26|iris-gen5bw2|1162\n|player|p2|SXD2002|silver-masters|1137\n|teamsize|p1|6\n|teamsize|p2|6\n|gen|9\n|tier|[Gen 9] Doubles OU\n|rated|\n|rule|Species Clause: Limit one of each Pok\u00e9mon\n|rule|OHKO Clause: OHKO moves are banned\n|rule|Evasion Moves Clause: Evasion moves are banned\n|rule|Gravity Sleep Clause: The combination of sleep-inducing moves with imperfect accuracy and Gravity or Gigantamax Orbeetle are banned\n|rule|Endless Battle Clause: Forcing endless battles is banned\n|rule|HP Percentage Mod: HP is shown in percentages\n|clearpoke\n|poke|p1|Noivern, F|\n|poke|p1|Breloom, F|\n|poke|p1|Samurott-Hisui, M|\n|poke|p1|Arcanine, M|\n|poke|p1|Glimmora, M|\n|poke|p1|Ninetales-Alola, F|\n|poke|p2|Lurantis, F|\n|poke|p2|Murkrow, M|\n|poke|p2|Grimmsnarl, M|\n|poke|p2|Clefairy, F|\n|poke|p2|Talonflame, F|\n|poke|p2|Espeon, M|\n|teampreview\n|inactive|Battle timer is ON: inactive players will automatically lose when time's up. (requested by SXD2002)\n|\n|t:|1698296048\n|start\n|switch|p1a: Samurott|Samurott-Hisui, M|100\/100\n|switch|p1b: Glimmora|Glimmora, M|100\/100\n|switch|p2a: Murkrow|Murkrow, M|100\/100\n|switch|p2b: Lurantis|Lurantis, F|100\/100\n|turn|1\n|\n|t:|1698296063\n|-terastallize|p2b: Lurantis|Steel\n|move|p2a: Murkrow|Screech|p2b: Lurantis\n|-boost|p2b: Lurantis|def|2\n|move|p1a: Samurott|Ice Beam|p2a: Murkrow\n|-supereffective|p2a: Murkrow\n|-damage|p2a: Murkrow|61\/100\n|move|p1b: Glimmora|Power Gem|p2a: Murkrow\n|-supereffective|p2a: Murkrow\n|-damage|p2a: Murkrow|0 fnt\n|faint|p2a: Murkrow\n|move|p2b: Lurantis|Leaf Storm|p1b: Glimmora\n|-damage|p1b: Glimmora|53\/100\n|-boost|p2b: Lurantis|spa|2\n|\n|upkeep\n|\n|t:|1698296077\n|switch|p2a: Grimmsnarl|Grimmsnarl, M|100\/100\n|turn|2\n|inactive|jctpm26 has 120 seconds left.\n|\n|t:|1698296113\n|move|p2a: Grimmsnarl|Fake Tears|p2b: Lurantis\n|-boost|p2b: Lurantis|spd|2\n|move|p1a: Samurott|Ice Beam|p2a: Grimmsnarl\n|-damage|p2a: Grimmsnarl|81\/100\n|move|p1b: Glimmora|Earth Power|p2b: Lurantis\n|-supereffective|p2b: Lurantis\n|-damage|p2b: Lurantis|76\/100\n|move|p2b: Lurantis|Leaf Storm|p1b: Glimmora\n|-damage|p1b: Glimmora|0 fnt\n|-boost|p2b: Lurantis|spa|2\n|faint|p1b: Glimmora\n|\n|-heal|p2a: Grimmsnarl|88\/100|[from] item: Leftovers\n|-heal|p2b: Lurantis|82\/100|[from] item: Leftovers\n|upkeep\n|\n|t:|1698296122\n|switch|p1b: Arcanine|Arcanine, M|100\/100\n|-ability|p1b: Arcanine|Intimidate|boost\n|-unboost|p2a: Grimmsnarl|atk|1\n|-boost|p2b: Lurantis|atk|1\n|turn|3\n|\n|t:|1698296133\n|move|p2b: Lurantis|Protect|p2b: Lurantis\n|-singleturn|p2b: Lurantis|Protect\n|move|p2a: Grimmsnarl|Scary Face|p1b: Arcanine\n|-unboost|p1b: Arcanine|spe|2\n|move|p1a: Samurott|Chilling Water|p2b: Lurantis\n|-activate|p2b: Lurantis|move: Protect\n|move|p1b: Arcanine|Fire Fang|p2b: Lurantis\n|-activate|p2b: Lurantis|move: Protect\n|\n|-heal|p2a: Grimmsnarl|94\/100|[from] item: Leftovers\n|-heal|p2b: Lurantis|88\/100|[from] item: Leftovers\n|upkeep\n|turn|4\n|\n|t:|1698296149\n|move|p2a: Grimmsnarl|Scary Face|p2b: Lurantis\n|-boost|p2b: Lurantis|spe|2\n|move|p1a: Samurott|Chilling Water|p2a: Grimmsnarl\n|-damage|p2a: Grimmsnarl|77\/100\n|-unboost|p2a: Grimmsnarl|atk|1\n|move|p2b: Lurantis|Superpower|p1b: Arcanine\n|-damage|p1b: Arcanine|41\/100\n|-boost|p2b: Lurantis|atk|1\n|-boost|p2b: Lurantis|def|1\n|move|p1b: Arcanine|Iron Head|p2a: Grimmsnarl\n|-supereffective|p2a: Grimmsnarl\n|-damage|p2a: Grimmsnarl|4\/100\n|\n|-heal|p2b: Lurantis|94\/100|[from] item: Leftovers\n|-heal|p2a: Grimmsnarl|10\/100|[from] item: Leftovers\n|upkeep\n|turn|5\n|\n|t:|1698296165\n|move|p2a: Grimmsnarl|Fake Tears|p2b: Lurantis\n|-boost|p2b: Lurantis|spd|2\n|move|p1a: Samurott|Chilling Water|p2a: Grimmsnarl\n|-damage|p2a: Grimmsnarl|0 fnt\n|faint|p2a: Grimmsnarl\n|move|p2b: Lurantis|Superpower|p1b: Arcanine\n|-damage|p1b: Arcanine|0 fnt\n|-boost|p2b: Lurantis|atk|1\n|-boost|p2b: Lurantis|def|1\n|faint|p1b: Arcanine\n|\n|-heal|p2b: Lurantis|100\/100|[from] item: Leftovers\n|upkeep\n|\n|t:|1698296177\n|switch|p1b: Breloom|Breloom, F|100\/100\n|switch|p2a: Talonflame|Talonflame, F|100\/100\n|turn|6\n|\n|t:|1698296184\n|move|p2b: Lurantis|Protect|p2b: Lurantis\n|-singleturn|p2b: Lurantis|Protect\n|move|p2a: Talonflame|Will-O-Wisp|p1b: Breloom\n|-status|p1b: Breloom|brn\n|move|p1a: Samurott|Chilling Water|p2a: Talonflame\n|-supereffective|p2a: Talonflame\n|-damage|p2a: Talonflame|45\/100\n|-unboost|p2a: Talonflame|atk|1\n|move|p1b: Breloom|Spore|p2b: Lurantis\n|-activate|p2b: Lurantis|move: Protect\n|\n|-damage|p1b: Breloom|94\/100 brn|[from] brn\n|upkeep\n|turn|7\n|\n|t:|1698296198\n|move|p2a: Talonflame|Defog|p2b: Lurantis\n|-boost|p2b: Lurantis|evasion|1\n|move|p1a: Samurott|Chilling Water|p2a: Talonflame\n|-supereffective|p2a: Talonflame\n|-damage|p2a: Talonflame|0 fnt\n|faint|p2a: Talonflame\n|move|p2b: Lurantis|Superpower|p1b: Breloom\n|-damage|p1b: Breloom|2\/100 brn\n|-boost|p2b: Lurantis|atk|1\n|-boost|p2b: Lurantis|def|1\n|-damage|p2b: Lurantis|84\/100|[from] item: Rocky Helmet|[of] p1b: Breloom\n|move|p1b: Breloom|Spore|p2b: Lurantis|[miss]\n|-miss|p1b: Breloom|p2b: Lurantis\n|\n|-heal|p2b: Lurantis|90\/100|[from] item: Leftovers\n|-damage|p1b: Breloom|0 fnt|[from] brn\n|faint|p1b: Breloom\n|upkeep\n|\n|t:|1698296216\n|switch|p2a: Espeon|Espeon, M|100\/100\n|switch|p1b: Noivern|Noivern, F|100\/100\n|turn|8\n|\n|t:|1698296234\n|-terastallize|p1b: Noivern|Steel\n|move|p2a: Espeon|Protect|p2a: Espeon\n|-singleturn|p2a: Espeon|Protect\n|move|p1b: Noivern|Flamethrower|p2b: Lurantis\n|-supereffective|p2b: Lurantis\n|-damage|p2b: Lurantis|77\/100\n|move|p1a: Samurott|Chilling Water|p2b: Lurantis\n|-crit|p2b: Lurantis\n|-damage|p2b: Lurantis|51\/100\n|-boost|p2b: Lurantis|atk|1\n|move|p2b: Lurantis|Leaf Storm|p1a: Samurott\n|-supereffective|p1a: Samurott\n|-damage|p1a: Samurott|0 fnt\n|-boost|p2b: Lurantis|spa|2\n|faint|p1a: Samurott\n|\n|-heal|p2b: Lurantis|57\/100|[from] item: Leftovers\n|upkeep\n|\n|t:|1698296238\n|switch|p1a: Ninetales|Ninetales-Alola, F|100\/100\n|-weather|Snow|[from] ability: Snow Warning|[of] p1a: Ninetales\n|turn|9\n|\n|t:|1698296255\n|move|p2a: Espeon|Psych Up|p2b: Lurantis\n|-copyboost|p2a: Espeon|p2b: Lurantis|[from] move: Psych Up\n|move|p1b: Noivern|Flamethrower|p2b: Lurantis|[miss]\n|-miss|p1b: Noivern|p2b: Lurantis\n|move|p1a: Ninetales|Blizzard|p2a: Espeon|[spread] p2a,p2b\n|-resisted|p2b: Lurantis\n|-damage|p2a: Espeon|86\/100\n|-damage|p2b: Lurantis|54\/100\n|move|p2b: Lurantis|Superpower|p1b: Noivern\n|-supereffective|p1b: Noivern\n|-damage|p1b: Noivern|0 fnt\n|-boost|p2b: Lurantis|atk|1\n|-boost|p2b: Lurantis|def|1\n|faint|p1b: Noivern\n|\n|-weather|Snow|[upkeep]\n|-heal|p2a: Espeon|92\/100|[from] item: Leftovers\n|-heal|p2b: Lurantis|60\/100|[from] item: Leftovers\n|upkeep\n|turn|10\n|-message|jctpm26 forfeited.\n|\n|win|SXD2002\n|raw|jctpm26's rating: 1162 &rarr; <strong>1135<\/strong><br \/>(-27 for losing)\n|raw|SXD2002's rating: 1137 &rarr; <strong>1164<\/strong><br \/>(+27 for winning)\n|l|\u2606jctpm26\n","uploadtime":1698296274,"views":25,"p1id":"jctpm26","p2id":"sxd2002","formatid":"gen9doublesou","rating":1135,"private":0,"password":""}