{"id":"gen9doublesou-1971267309","p1":"SilverFoxRequiem","p2":"Nikkidk","format":"[Gen 9] Doubles OU","log":"|j|\u2606SilverFoxRequiem\n|j|\u2606Nikkidk\n|t:|1697725103\n|gametype|doubles\n|player|p1|SilverFoxRequiem|ingo|1127\n|player|p2|Nikkidk|n|1051\n|teamsize|p1|6\n|teamsize|p2|6\n|gen|9\n|tier|[Gen 9] Doubles OU\n|rated|\n|rule|Species Clause: Limit one of each Pok\u00e9mon\n|rule|OHKO Clause: OHKO moves are banned\n|rule|Evasion Moves Clause: Evasion moves are banned\n|rule|Gravity Sleep Clause: The combination of sleep-inducing moves with imperfect accuracy and Gravity or Gigantamax Orbeetle are banned\n|rule|Endless Battle Clause: Forcing endless battles is banned\n|rule|HP Percentage Mod: HP is shown in percentages\n|clearpoke\n|poke|p1|Avalugg-Hisui, M|\n|poke|p1|Indeedee-F, F|\n|poke|p1|Basculegion, M|\n|poke|p1|Meowscarada, M|\n|poke|p1|Iron Hands|\n|poke|p1|Goodra-Hisui, F|\n|poke|p2|Arcanine, M|\n|poke|p2|Weavile, M|\n|poke|p2|Clefairy, M|\n|poke|p2|Roaring Moon|\n|poke|p2|Torkoal, M|\n|poke|p2|Heatran, M|\n|teampreview\n|inactive|Battle timer is ON: inactive players will automatically lose when time's up. (requested by Nikkidk)\n|\n|t:|1697725117\n|start\n|switch|p1a: Avalugg|Avalugg-Hisui, M, shiny|100\/100\n|switch|p1b: Indeedee|Indeedee-F, F, shiny|100\/100\n|switch|p2a: Arcanine|Arcanine, M, shiny|100\/100\n|switch|p2b: Weavile|Weavile, M|100\/100\n|-ability|p2b: Weavile|Pressure\n|turn|1\n|inactive|SilverFoxRequiem has 120 seconds left.\n|\n|t:|1697725154\n|move|p2b: Weavile|Beat Up|p2a: Arcanine\n|-damage|p2a: Arcanine|93\/100\n|-ability|p2a: Arcanine|Justified|boost\n|-boost|p2a: Arcanine|atk|1\n|-damage|p2a: Arcanine|84\/100\n|-ability|p2a: Arcanine|Justified|boost\n|-boost|p2a: Arcanine|atk|1\n|-damage|p2a: Arcanine|79\/100\n|-ability|p2a: Arcanine|Justified|boost\n|-boost|p2a: Arcanine|atk|1\n|-damage|p2a: Arcanine|70\/100\n|-ability|p2a: Arcanine|Justified|boost\n|-boost|p2a: Arcanine|atk|1\n|-damage|p2a: Arcanine|64\/100\n|-ability|p2a: Arcanine|Justified|boost\n|-boost|p2a: Arcanine|atk|1\n|-damage|p2a: Arcanine|57\/100\n|-ability|p2a: Arcanine|Justified|boost\n|-boost|p2a: Arcanine|atk|1\n|-hitcount|p2a: Arcanine|6\n|move|p2a: Arcanine|Crunch|p1b: Indeedee\n|-supereffective|p1b: Indeedee\n|-damage|p1b: Indeedee|0 fnt\n|faint|p1b: Indeedee\n|move|p1a: Avalugg|Iron Defense|p1a: Avalugg\n|-boost|p1a: Avalugg|def|2\n|\n|upkeep\n|\n|t:|1697725167\n|switch|p1b: Goodra|Goodra-Hisui, F, shiny|100\/100\n|turn|2\n|inactive|Nikkidk has 120 seconds left.\n|\n|t:|1697725219\n|-terastallize|p2a: Arcanine|Normal\n|move|p2b: Weavile|Brick Break|p1a: Avalugg\n|-supereffective|p1a: Avalugg\n|-damage|p1a: Avalugg|85\/100\n|-enditem|p1a: Avalugg|Weakness Policy\n|-boost|p1a: Avalugg|atk|2|[from] item: Weakness Policy\n|-boost|p1a: Avalugg|spa|2|[from] item: Weakness Policy\n|move|p2a: Arcanine|Crunch|p1a: Avalugg\n|-damage|p1a: Avalugg|64\/100\n|move|p1b: Goodra|Acid Armor|p1b: Goodra\n|-boost|p1b: Goodra|def|2\n|move|p1a: Avalugg|Body Press|p2b: Weavile\n|-supereffective|p2b: Weavile\n|-damage|p2b: Weavile|0 fnt\n|faint|p2b: Weavile\n|\n|upkeep\n|inactive|Nikkidk has 90 seconds left.\n|\n|t:|1697725236\n|switch|p2b: Torkoal|Torkoal, M, shiny|100\/100\n|-weather|SunnyDay|[from] ability: Drought|[of] p2b: Torkoal\n|turn|3\n|\n|t:|1697725256\n|move|p2a: Arcanine|Extreme Speed|p1a: Avalugg\n|-resisted|p1a: Avalugg\n|-damage|p1a: Avalugg|47\/100\n|move|p1b: Goodra|Dragon Pulse|p2a: Arcanine\n|-damage|p2a: Arcanine|30\/100\n|move|p1a: Avalugg|Body Press|p2b: Torkoal\n|-damage|p2b: Torkoal|46\/100\n|move|p2b: Torkoal|Clear Smog|p1a: Avalugg\n|-resisted|p1a: Avalugg\n|-damage|p1a: Avalugg|37\/100\n|-clearboost|p1a: Avalugg\n|\n|-weather|SunnyDay|[upkeep]\n|upkeep\n|turn|4\n|inactive|Nikkidk has 120 seconds left.\n|\n|t:|1697725280\n|move|p1a: Avalugg|Protect|p1a: Avalugg\n|-singleturn|p1a: Avalugg|Protect\n|move|p2a: Arcanine|Extreme Speed|p1a: Avalugg\n|-activate|p1a: Avalugg|move: Protect\n|move|p1b: Goodra|Dragon Pulse|p2a: Arcanine\n|-damage|p2a: Arcanine|2\/100\n|move|p2b: Torkoal|Eruption|p1a: Avalugg|[spread] p1b\n|-activate|p1a: Avalugg|move: Protect\n|-damage|p1b: Goodra|90\/100\n|\n|-weather|SunnyDay|[upkeep]\n|-heal|p1b: Goodra|96\/100|[from] item: Leftovers\n|upkeep\n|turn|5\n|inactive|Nikkidk has 120 seconds left.\n|\n|t:|1697725310\n|move|p2a: Arcanine|Extreme Speed|p1b: Goodra\n|-resisted|p1b: Goodra\n|-damage|p1b: Goodra|61\/100\n|move|p1b: Goodra|Dragon Pulse|p2a: Arcanine\n|-damage|p2a: Arcanine|0 fnt\n|faint|p2a: Arcanine\n|move|p1a: Avalugg|Body Press|p2b: Torkoal\n|-damage|p2b: Torkoal|18\/100\n|move|p2b: Torkoal|Clear Smog|p1b: Goodra\n|-immune|p1b: Goodra\n|\n|-weather|SunnyDay|[upkeep]\n|-heal|p1b: Goodra|67\/100|[from] item: Leftovers\n|upkeep\n|\n|t:|1697725327\n|switch|p2a: Roaring Moon|Roaring Moon, shiny|100\/100\n|-activate|p2a: Roaring Moon|ability: Protosynthesis\n|-start|p2a: Roaring Moon|protosynthesisatk\n|turn|6\n|inactive|Nikkidk has 120 seconds left.\n|\n|t:|1697725354\n|-terastallize|p1b: Goodra|Steel\n|move|p2a: Roaring Moon|Crunch|p1b: Goodra\n|-damage|p1b: Goodra|39\/100\n|move|p1b: Goodra|Dragon Pulse|p2a: Roaring Moon\n|-supereffective|p2a: Roaring Moon\n|-damage|p2a: Roaring Moon|42\/100\n|move|p1a: Avalugg|Iron Defense|p1a: Avalugg\n|-boost|p1a: Avalugg|def|2\n|move|p2b: Torkoal|Eruption|p1b: Goodra|[spread] p1a,p1b\n|-supereffective|p1b: Goodra\n|-damage|p1a: Avalugg|21\/100\n|-damage|p1b: Goodra|30\/100\n|\n|-weather|SunnyDay|[upkeep]\n|-heal|p1b: Goodra|36\/100|[from] item: Leftovers\n|upkeep\n|turn|7\n|inactive|Nikkidk has 120 seconds left.\n|\n|t:|1697725378\n|move|p2a: Roaring Moon|Crunch|p1b: Goodra\n|-damage|p1b: Goodra|11\/100\n|move|p1b: Goodra|Dragon Pulse|p2b: Torkoal\n|-damage|p2b: Torkoal|0 fnt\n|faint|p2b: Torkoal\n|move|p1a: Avalugg|Heavy Slam|p2a: Roaring Moon\n|-damage|p2a: Roaring Moon|31\/100\n|\n|-weather|SunnyDay|[upkeep]\n|-heal|p1b: Goodra|17\/100|[from] item: Leftovers\n|upkeep\n|\n|t:|1697725391\n|switch|p2b: Heatran|Heatran, M, shiny|100\/100\n|turn|8\n|inactive|Nikkidk has 120 seconds left.\n|\n|t:|1697725400\n|move|p2a: Roaring Moon|Crunch|p1b: Goodra\n|-damage|p1b: Goodra|0 fnt\n|faint|p1b: Goodra\n|move|p2b: Heatran|Heat Wave|p1a: Avalugg\n|-damage|p1a: Avalugg|0 fnt\n|faint|p1a: Avalugg\n|\n|-weather|SunnyDay|[upkeep]\n|upkeep\n|\n|t:|1697725412\n|switch|p1b: Meowscarada|Meowscarada, M, shiny|100\/100\n|switch|p1a: Basculegion|Basculegion, M, shiny|100\/100\n|turn|9\n|\n|t:|1697725436\n|move|p2a: Roaring Moon|Crunch|p1a: Basculegion\n|-supereffective|p1a: Basculegion\n|-damage|p1a: Basculegion|0 fnt\n|faint|p1a: Basculegion\n|move|p1b: Meowscarada|Low Kick|p2a: Roaring Moon\n|-supereffective|p2a: Roaring Moon\n|-damage|p2a: Roaring Moon|0 fnt\n|faint|p2a: Roaring Moon\n|-end|p2a: Roaring Moon|Protosynthesis|[silent]\n|move|p2b: Heatran|Heat Wave|p1b: Meowscarada\n|-supereffective|p1b: Meowscarada\n|-enditem|p1b: Meowscarada|Focus Sash\n|-damage|p1b: Meowscarada|1\/100\n|-status|p1b: Meowscarada|brn\n|\n|-weather|SunnyDay|[upkeep]\n|-damage|p1b: Meowscarada|0 fnt|[from] brn\n|faint|p1b: Meowscarada\n|upkeep\n|\n|t:|1697725454\n|switch|p2a: Clefairy|Clefairy, M, shiny|100\/100\n|switch|p1a: Iron Hands|Iron Hands, shiny|100\/100\n|-enditem|p1a: Iron Hands|Booster Energy\n|-activate|p1a: Iron Hands|ability: Quark Drive|[fromitem]\n|-start|p1a: Iron Hands|quarkdriveatk\n|turn|10\n|\n|t:|1697725474\n|move|p2a: Clefairy|Follow Me|p2a: Clefairy\n|-singleturn|p2a: Clefairy|move: Follow Me\n|move|p2b: Heatran|Heat Wave|p1a: Iron Hands\n|-damage|p1a: Iron Hands|0 fnt\n|faint|p1a: Iron Hands\n|-end|p1a: Iron Hands|Quark Drive|[silent]\n|\n|win|Nikkidk\n|raw|SilverFoxRequiem's rating: 1127 &rarr; <strong>1097<\/strong><br \/>(-30 for losing)\n|raw|Nikkidk's rating: 1051 &rarr; <strong>1090<\/strong><br \/>(+39 for winning)\n|l|\u2606SilverFoxRequiem\n","uploadtime":1697725484,"views":15,"p1id":"silverfoxrequiem","p2id":"nikkidk","formatid":"gen9doublesou","rating":1090,"private":0,"password":""}