{"id":"gen9doublesou-1993463636","p1":"Kiky14","p2":"tiiim48","format":"[Gen 9] Doubles OU","log":"|j|\u2606Kiky14\n|j|\u2606tiiim48\n|t:|1700321022\n|gametype|doubles\n|player|p1|Kiky14|hilda-wonderlauncher|1491\n|player|p2|tiiim48|swimmerf|1550\n|teamsize|p1|6\n|teamsize|p2|6\n|gen|9\n|tier|[Gen 9] Doubles OU\n|rated|\n|rule|Species Clause: Limit one of each Pok\u00e9mon\n|rule|OHKO Clause: OHKO moves are banned\n|rule|Evasion Moves Clause: Evasion moves are banned\n|rule|Gravity Sleep Clause: The combination of sleep-inducing moves with imperfect accuracy and Gravity or Gigantamax Orbeetle are banned\n|rule|Endless Battle Clause: Forcing endless battles is banned\n|rule|HP Percentage Mod: HP is shown in percentages\n|clearpoke\n|poke|p1|Sinistcha|\n|poke|p1|Moltres-Galar|\n|poke|p1|Arcanine-Hisui, F|\n|poke|p1|Ogerpon-Wellspring, F|\n|poke|p1|Klefki, M|\n|poke|p1|Okidogi, M|\n|poke|p2|Ninetales-Alola, F|\n|poke|p2|Armarouge, M|\n|poke|p2|Flamigo, F|\n|poke|p2|Iron Bundle|\n|poke|p2|Indeedee-F, F|\n|poke|p2|Talonflame, F|\n|teampreview\n|inactive|Battle timer is ON: inactive players will automatically lose when time's up. (requested by tiiim48)\n|\n|t:|1700321045\n|start\n|switch|p1a: Klefki|Klefki, M|100\/100\n|switch|p1b: Okidogi|Okidogi, M|100\/100\n|switch|p2a: Princess|Armarouge, M, shiny|100\/100\n|switch|p2b: Talonflame|Talonflame, F, shiny|100\/100\n|turn|1\n|inactive|Kiky14 has 120 seconds left.\n|\n|t:|1700321081\n|switch|p1a: Arcanine|Arcanine-Hisui, F|100\/100\n|-ability|p1a: Arcanine|Intimidate|boost\n|-unboost|p2a: Princess|atk|1\n|-unboost|p2b: Talonflame|atk|1\n|move|p2a: Princess|Protect|p2a: Princess\n|-singleturn|p2a: Princess|Protect\n|move|p1b: Okidogi|Protect|p1b: Okidogi\n|-singleturn|p1b: Okidogi|Protect\n|move|p2b: Talonflame|Taunt|p1a: Arcanine\n|-start|p1a: Arcanine|move: Taunt\n|\n|upkeep\n|turn|2\n|\n|t:|1700321100\n|switch|p1b: Moltres|Moltres-Galar|100\/100\n|-terastallize|p2a: Princess|Psychic\n|move|p2b: Talonflame|U-turn|p2a: Princess\n|-supereffective|p2a: Princess\n|-damage|p2a: Princess|86\/100\n|-ability|p2a: Princess|Weak Armor|boost\n|-unboost|p2a: Princess|def|1\n|-boost|p2a: Princess|spe|2\n|-enditem|p2a: Princess|Weakness Policy\n|-boost|p2a: Princess|atk|2|[from] item: Weakness Policy\n|-boost|p2a: Princess|spa|2|[from] item: Weakness Policy\n|\n|t:|1700321109\n|switch|p2b: Follow me :3|Indeedee-F, F, shiny|100\/100|[from] U-turn\n|-fieldstart|move: Psychic Terrain|[from] ability: Psychic Surge|[of] p2b: Follow me :3\n|move|p2a: Princess|Expanding Force|p1b: Moltres|[spread] p1a\n|-immune|p1b: Moltres\n|-crit|p1a: Arcanine\n|-damage|p1a: Arcanine|0 fnt\n|faint|p1a: Arcanine\n|\n|upkeep\n|\n|t:|1700321121\n|switch|p1a: Klefki|Klefki, M|100\/100\n|turn|3\n|\n|t:|1700321132\n|move|p2b: Follow me :3|Follow Me|p2b: Follow me :3\n|-singleturn|p2b: Follow me :3|move: Follow Me\n|move|p1a: Klefki|Light Screen|p1a: Klefki\n|-sidestart|p1: Kiky14|move: Light Screen\n|move|p2a: Princess|Armor Cannon|p1a: Klefki\n|-supereffective|p1a: Klefki\n|-damage|p1a: Klefki|0 fnt\n|-unboost|p2a: Princess|def|1\n|-unboost|p2a: Princess|spd|1\n|faint|p1a: Klefki\n|move|p1b: Moltres|Agility|p1b: Moltres\n|-boost|p1b: Moltres|spe|2\n|\n|upkeep\n|\n|t:|1700321145\n|switch|p1a: Ogerpon|Ogerpon-Wellspring, F|100\/100\n|turn|4\n|\n|t:|1700321157\n|-terastallize|p1b: Moltres|Dark\n|move|p2b: Follow me :3|Follow Me|p2b: Follow me :3\n|-singleturn|p2b: Follow me :3|move: Follow Me\n|move|p2a: Princess|Expanding Force|p1b: Moltres|[spread] p1a\n|-immune|p1b: Moltres\n|-damage|p1a: Ogerpon|12\/100\n|move|p1b: Moltres|Fiery Wrath|p2b: Follow me :3|[spread] p2a,p2b\n|-supereffective|p2a: Princess\n|-supereffective|p2b: Follow me :3\n|-damage|p2a: Princess|0 fnt\n|-damage|p2b: Follow me :3|33\/100\n|faint|p2a: Princess\n|move|p1a: Ogerpon|Leech Seed|p2b: Follow me :3\n|-start|p2b: Follow me :3|move: Leech Seed\n|\n|-damage|p2b: Follow me :3|21\/100|[from] Leech Seed|[of] p1a: Ogerpon\n|-heal|p1a: Ogerpon|27\/100|[silent]\n|upkeep\n|\n|t:|1700321171\n|switch|p2a: Alola mola|Ninetales-Alola, F, shiny|100\/100\n|-weather|Snow|[from] ability: Snow Warning|[of] p2a: Alola mola\n|turn|5\n|\n|t:|1700321196\n|move|p2b: Follow me :3|Follow Me|p2b: Follow me :3\n|-singleturn|p2b: Follow me :3|move: Follow Me\n|move|p1b: Moltres|Fiery Wrath|p2b: Follow me :3|[spread] p2a,p2b\n|-resisted|p2a: Alola mola\n|-supereffective|p2b: Follow me :3\n|-damage|p2a: Alola mola|81\/100\n|-damage|p2b: Follow me :3|0 fnt\n|faint|p2b: Follow me :3\n|move|p2a: Alola mola|Aurora Veil|p2a: Alola mola\n|-sidestart|p2: tiiim48|move: Aurora Veil\n|move|p1a: Ogerpon|Ivy Cudgel|p2a: Alola mola|[anim] Ivy Cudgel Water\n|-damage|p2a: Alola mola|49\/100\n|\n|-weather|Snow|[upkeep]\n|upkeep\n|\n|t:|1700321206\n|switch|p2b: Uhhhhhhhhhh|Iron Bundle, shiny|100\/100\n|turn|6\n|\n|t:|1700321225\n|move|p1a: Ogerpon|Spiky Shield|p1a: Ogerpon\n|-singleturn|p1a: Ogerpon|move: Protect\n|move|p1b: Moltres|Fiery Wrath|p2b: Uhhhhhhhhhh|[spread] p2a,p2b\n|-resisted|p2a: Alola mola\n|-crit|p2b: Uhhhhhhhhhh\n|-damage|p2a: Alola mola|35\/100\n|-damage|p2b: Uhhhhhhhhhh|0 fnt\n|faint|p2b: Uhhhhhhhhhh\n|-end|p2b: Uhhhhhhhhhh|Quark Drive|[silent]\n|move|p2a: Alola mola|Dazzling Gleam|p1a: Ogerpon|[spread] p1b\n|-activate|p1a: Ogerpon|move: Protect\n|-supereffective|p1b: Moltres\n|-damage|p1b: Moltres|82\/100\n|-enditem|p1b: Moltres|Weakness Policy\n|-boost|p1b: Moltres|atk|2|[from] item: Weakness Policy\n|-boost|p1b: Moltres|spa|2|[from] item: Weakness Policy\n|\n|-weather|Snow|[upkeep]\n|upkeep\n|-message|tiiim48 forfeited.\n|\n|win|Kiky14\n|raw|Kiky14's rating: 1491 &rarr; <strong>1514<\/strong><br \/>(+23 for winning)\n|raw|tiiim48's rating: 1550 &rarr; <strong>1527<\/strong><br \/>(-23 for losing)\n|l|\u2606tiiim48\n","uploadtime":1700321372,"views":4,"p1id":"kiky14","p2id":"tiiim48","formatid":"gen9doublesou","rating":1514,"private":0,"password":""}