{"id":"gen9doublesou-1985452224","p1":"Megamt666","p2":"UY QUE RICO PAPI","format":"[Gen 9] Doubles OU","log":"|j|\u2606Megamt666\n|j|\u2606UY QUE RICO PAPI\n|t:|1699375851\n|gametype|doubles\n|player|p1|Megamt666|alder|1317\n|player|p2|UY QUE RICO PAPI|266|1370\n|teamsize|p1|6\n|teamsize|p2|6\n|gen|9\n|tier|[Gen 9] Doubles OU\n|rated|\n|rule|Species Clause: Limit one of each Pok\u00e9mon\n|rule|OHKO Clause: OHKO moves are banned\n|rule|Evasion Moves Clause: Evasion moves are banned\n|rule|Gravity Sleep Clause: The combination of sleep-inducing moves with imperfect accuracy and Gravity or Gigantamax Orbeetle are banned\n|rule|Endless Battle Clause: Forcing endless battles is banned\n|rule|HP Percentage Mod: HP is shown in percentages\n|clearpoke\n|poke|p1|Iron Bundle|\n|poke|p1|Armarouge, M|\n|poke|p1|Indeedee-F, F|\n|poke|p1|Tornadus, M|\n|poke|p1|Slither Wing|\n|poke|p1|Cresselia, F|\n|poke|p2|Trevenant, M|\n|poke|p2|Sableye, F|\n|poke|p2|Garganacl, M|\n|poke|p2|Ting-Lu|\n|poke|p2|Sinistcha|\n|poke|p2|Scream Tail|\n|teampreview\n|inactive|Battle timer is ON: inactive players will automatically lose when time's up. (requested by UY QUE RICO PAPI)\n|\n|t:|1699375859\n|start\n|switch|p1a: Armarouge|Armarouge, M|100\/100\n|switch|p1b: Iron Bundle|Iron Bundle|100\/100\n|switch|p2a: Sableye|Sableye, F|100\/100\n|switch|p2b: Scream Tail|Scream Tail|100\/100\n|turn|1\n|inactive|UY QUE RICO PAPI has 120 seconds left.\n|\n|t:|1699375906\n|move|p2a: Sableye|Skill Swap|p1a: Armarouge\n|-activate|p2a: Sableye|move: Skill Swap|Weak Armor|Prankster|[of] p1a: Armarouge\n|move|p1b: Iron Bundle|Flip Turn|p1a: Armarouge\n|-supereffective|p1a: Armarouge\n|-damage|p1a: Armarouge|74\/100\n|-enditem|p1a: Armarouge|Weakness Policy\n|-boost|p1a: Armarouge|atk|2|[from] item: Weakness Policy\n|-boost|p1a: Armarouge|spa|2|[from] item: Weakness Policy\n|\n|t:|1699375918\n|-end|p1b: Iron Bundle|Quark Drive|[silent]\n|switch|p1b: Tornadus|Tornadus, M|100\/100|[from] Flip Turn\n|move|p2b: Scream Tail|Amnesia|p2b: Scream Tail\n|-boost|p2b: Scream Tail|spd|2\n|move|p1a: Armarouge|Heat Wave|p2b: Scream Tail|[spread] p2a,p2b\n|-damage|p2a: Sableye|24\/100\n|-damage|p2b: Scream Tail|73\/100\n|\n|upkeep\n|turn|2\n|\n|t:|1699375939\n|switch|p2a: Ting-Lu|Ting-Lu|100\/100\n|-ability|p2a: Ting-Lu|Vessel of Ruin\n|move|p1b: Tornadus|Tailwind|p1b: Tornadus\n|-sidestart|p1: Megamt666|move: Tailwind\n|move|p1a: Armarouge|Heat Wave|p2a: Ting-Lu|[spread] p2a\n|-miss|p1a: Armarouge|p2b: Scream Tail\n|-damage|p2a: Ting-Lu|57\/100\n|move|p2b: Scream Tail|Baton Pass|p2b: Scream Tail\n|inactive|UY QUE RICO PAPI has 120 seconds left.\n|\n|t:|1699375952\n|-end|p2b: Scream Tail|Protosynthesis|[silent]\n|switch|p2b: Garganacl|Garganacl, M|100\/100|[from] Baton Pass\n|\n|-heal|p2a: Ting-Lu|63\/100|[from] item: Leftovers\n|upkeep\n|turn|3\n|\n|t:|1699375974\n|move|p2b: Garganacl|Protect|p2b: Garganacl\n|-singleturn|p2b: Garganacl|Protect\n|move|p1b: Tornadus|Sunny Day|p1b: Tornadus\n|-weather|SunnyDay\n|move|p1a: Armarouge|Heat Wave|p2a: Ting-Lu|[spread] p2a\n|-activate|p2b: Garganacl|move: Protect\n|-damage|p2a: Ting-Lu|0 fnt\n|faint|p2a: Ting-Lu\n|\n|-weather|SunnyDay|[upkeep]\n|upkeep\n|\n|t:|1699375984\n|switch|p2a: Sableye|Sableye, F|24\/100\n|turn|4\n|\n|t:|1699375995\n|move|p1b: Tornadus|Protect|p1b: Tornadus\n|-singleturn|p1b: Tornadus|Protect\n|move|p2a: Sableye|Light Screen|p2a: Sableye\n|-sidestart|p2: UY QUE RICO PAPI|move: Light Screen\n|move|p1a: Armarouge|Heat Wave|p2a: Sableye|[spread] p2a\n|-miss|p1a: Armarouge|p2b: Garganacl\n|-damage|p2a: Sableye|0 fnt\n|faint|p2a: Sableye\n|move|p2b: Garganacl|Salt Cure|p1a: Armarouge\n|-supereffective|p1a: Armarouge\n|-damage|p1a: Armarouge|42\/100\n|-start|p1a: Armarouge|Salt Cure\n|\n|-weather|SunnyDay|[upkeep]\n|-damage|p1a: Armarouge|30\/100|[from] Salt Cure\n|upkeep\n|\n|t:|1699376010\n|switch|p2a: Scream Tail|Scream Tail|73\/100\n|-activate|p2a: Scream Tail|ability: Protosynthesis\n|-start|p2a: Scream Tail|protosynthesisdef\n|turn|5\n|\n|t:|1699376025\n|switch|p1b: Cresselia|Cresselia, F|100\/100\n|move|p1a: Armarouge|Protect|p1a: Armarouge\n|-singleturn|p1a: Armarouge|Protect\n|move|p2b: Garganacl|Protect|p2b: Garganacl\n|-singleturn|p2b: Garganacl|Protect\n|move|p2a: Scream Tail|Amnesia|p2a: Scream Tail\n|-boost|p2a: Scream Tail|spd|2\n|\n|-weather|SunnyDay|[upkeep]\n|-damage|p1a: Armarouge|17\/100|[from] Salt Cure\n|-sideend|p1: Megamt666|move: Tailwind\n|upkeep\n|turn|6\n|\n|t:|1699376044\n|move|p1b: Cresselia|Helping Hand|p1a: Armarouge\n|-singleturn|p1a: Armarouge|Helping Hand|[of] p1b: Cresselia\n|move|p2a: Scream Tail|Encore|p1a: Armarouge\n|-start|p1a: Armarouge|Encore\n|move|p1a: Armarouge|Protect||[still]\n|-fail|p1a: Armarouge\n|move|p2b: Garganacl|Curse|p2b: Garganacl\n|-unboost|p2b: Garganacl|spe|1\n|-boost|p2b: Garganacl|atk|1\n|-boost|p2b: Garganacl|def|1\n|\n|-weather|SunnyDay|[upkeep]\n|-damage|p1a: Armarouge|5\/100|[from] Salt Cure\n|upkeep\n|turn|7\n|\n|t:|1699376064\n|move|p1a: Armarouge|Protect|p1a: Armarouge\n|-singleturn|p1a: Armarouge|Protect\n|move|p2a: Scream Tail|Stealth Rock|p1a: Armarouge\n|-sidestart|p1: Megamt666|move: Stealth Rock\n|move|p1b: Cresselia|Psychic|p2b: Garganacl\n|-damage|p2b: Garganacl|93\/100\n|move|p2b: Garganacl|Curse|p2b: Garganacl\n|-unboost|p2b: Garganacl|spe|1\n|-boost|p2b: Garganacl|atk|1\n|-boost|p2b: Garganacl|def|1\n|\n|-weather|none\n|-end|p2a: Scream Tail|Protosynthesis\n|-damage|p1a: Armarouge|0 fnt|[from] Salt Cure\n|faint|p1a: Armarouge\n|upkeep\n|inactive|Megamt666 has 120 seconds left.\n|\n|t:|1699376086\n|switch|p1a: Slither Wing|Slither Wing|100\/100\n|-damage|p1a: Slither Wing|88\/100|[from] Stealth Rock\n|turn|8\n|\n|t:|1699376110\n|-terastallize|p2b: Garganacl|Ghost\n|move|p1b: Cresselia|Helping Hand|p1a: Slither Wing\n|-singleturn|p1a: Slither Wing|Helping Hand|[of] p1b: Cresselia\n|move|p1a: Slither Wing|First Impression|p2a: Scream Tail\n|-damage|p2a: Scream Tail|15\/100\n|-enditem|p2a: Scream Tail|Sitrus Berry|[eat]\n|-heal|p2a: Scream Tail|40\/100|[from] item: Sitrus Berry\n|move|p2a: Scream Tail|Baton Pass|p2a: Scream Tail\n|\n|t:|1699376122\n|-end|p2a: Scream Tail|Protosynthesis|[silent]\n|switch|p2a: Trevenant|Trevenant, M|100\/100|[from] Baton Pass\n|move|p2b: Garganacl|Curse|p1b: Cresselia\n|-start|p1b: Cresselia|Curse|[of] p2b: Garganacl\n|-damage|p2b: Garganacl|43\/100\n|-enditem|p2b: Garganacl|Sitrus Berry|[eat]\n|-heal|p2b: Garganacl|68\/100|[from] item: Sitrus Berry\n|\n|-damage|p1b: Cresselia|76\/100|[from] Curse\n|upkeep\n|turn|9\n|\n|t:|1699376143\n|move|p1b: Cresselia|Helping Hand|p1a: Slither Wing\n|-singleturn|p1a: Slither Wing|Helping Hand|[of] p1b: Cresselia\n|move|p1a: Slither Wing|Leech Life|p2a: Trevenant\n|-damage|p2a: Trevenant|33\/100\n|-heal|p1a: Slither Wing|100\/100|[from] drain|[of] p2a: Trevenant\n|-enditem|p2a: Trevenant|Sitrus Berry|[eat]\n|-heal|p2a: Trevenant|58\/100|[from] item: Sitrus Berry\n|move|p2a: Trevenant|Substitute|p2a: Trevenant\n|-start|p2a: Trevenant|Substitute\n|-damage|p2a: Trevenant|33\/100\n|move|p2b: Garganacl|Salt Cure|p1b: Cresselia\n|-crit|p1b: Cresselia\n|-damage|p1b: Cresselia|51\/100\n|-start|p1b: Cresselia|Salt Cure\n|\n|-heal|p1b: Cresselia|57\/100|[from] item: Leftovers\n|-damage|p1b: Cresselia|32\/100|[from] Curse\n|-damage|p1b: Cresselia|20\/100|[from] Salt Cure\n|-item|p2a: Trevenant|Sitrus Berry|[from] ability: Harvest\n|upkeep\n|-enditem|p2a: Trevenant|Sitrus Berry|[eat]\n|-heal|p2a: Trevenant|58\/100|[from] item: Sitrus Berry\n|turn|10\n|\n|t:|1699376173\n|move|p1a: Slither Wing|Leech Life|p2b: Garganacl\n|-resisted|p2b: Garganacl\n|-damage|p2b: Garganacl|61\/100\n|move|p1b: Cresselia|Lunar Blessing|p1b: Cresselia|[spread] p1a,p1b\n|-heal|p1b: Cresselia|45\/100\n|move|p2a: Trevenant|Leech Seed|p1b: Cresselia\n|-start|p1b: Cresselia|move: Leech Seed\n|move|p2b: Garganacl|Salt Cure|p1a: Slither Wing\n|-damage|p1a: Slither Wing|66\/100\n|-start|p1a: Slither Wing|Salt Cure\n|\n|-heal|p1b: Cresselia|51\/100|[from] item: Leftovers\n|-damage|p1b: Cresselia|38\/100|[from] Leech Seed|[of] p2a: Trevenant\n|-heal|p2a: Trevenant|71\/100|[silent]\n|-damage|p1b: Cresselia|14\/100|[from] Curse\n|-damage|p1a: Slither Wing|54\/100|[from] Salt Cure\n|-damage|p1b: Cresselia|1\/100|[from] Salt Cure\n|-item|p2a: Trevenant|Sitrus Berry|[from] ability: Harvest\n|upkeep\n|turn|11\n|\n|t:|1699376201\n|move|p1a: Slither Wing|U-turn|p2a: Trevenant\n|-end|p2a: Trevenant|Substitute\n|\n|t:|1699376205\n|-end|p1a: Slither Wing|Protosynthesis|[silent]\n|switch|p1a: Iron Bundle|Iron Bundle|100\/100|[from] U-turn\n|-damage|p1a: Iron Bundle|76\/100|[from] Stealth Rock\n|move|p1b: Cresselia|Psychic|p2a: Trevenant\n|-damage|p2a: Trevenant|62\/100\n|move|p2a: Trevenant|Curse|p1a: Iron Bundle\n|-start|p1a: Iron Bundle|Curse|[of] p2a: Trevenant\n|-damage|p2a: Trevenant|12\/100\n|-enditem|p2a: Trevenant|Sitrus Berry|[eat]\n|-heal|p2a: Trevenant|37\/100|[from] item: Sitrus Berry\n|move|p2b: Garganacl|Salt Cure|p1a: Iron Bundle\n|-supereffective|p1a: Iron Bundle\n|-damage|p1a: Iron Bundle|13\/100\n|-start|p1a: Iron Bundle|Salt Cure\n|\n|-heal|p1b: Cresselia|7\/100|[from] item: Leftovers\n|-damage|p1b: Cresselia|0 fnt|[from] Leech Seed|[of] p2a: Trevenant\n|-heal|p2a: Trevenant|44\/100|[silent]\n|faint|p1b: Cresselia\n|-damage|p1a: Iron Bundle|0 fnt|[from] Curse\n|faint|p1a: Iron Bundle\n|-end|p1a: Iron Bundle|Quark Drive|[silent]\n|-sideend|p2: UY QUE RICO PAPI|move: Light Screen\n|-item|p2a: Trevenant|Sitrus Berry|[from] ability: Harvest\n|upkeep\n|-enditem|p2a: Trevenant|Sitrus Berry|[eat]\n|-heal|p2a: Trevenant|68\/100|[from] item: Sitrus Berry\n|inactive|Megamt666 has 120 seconds left.\n|\n|t:|1699376234\n|switch|p1a: Tornadus|Tornadus, M|100\/100\n|switch|p1b: Slither Wing|Slither Wing|54\/100\n|-damage|p1a: Tornadus|76\/100|[from] Stealth Rock\n|-damage|p1b: Slither Wing|41\/100|[from] Stealth Rock\n|turn|12\n|\n|t:|1699376247\n|move|p2a: Trevenant|Protect|p2a: Trevenant\n|-singleturn|p2a: Trevenant|Protect\n|move|p1b: Slither Wing|First Impression|p2a: Trevenant\n|-activate|p2a: Trevenant|move: Protect\n|move|p1a: Tornadus|Sunny Day|p1a: Tornadus\n|-weather|SunnyDay\n|-activate|p1b: Slither Wing|ability: Protosynthesis\n|-start|p1b: Slither Wing|protosynthesisatk\n|move|p2b: Garganacl|Salt Cure|p1a: Tornadus\n|-supereffective|p1a: Tornadus\n|-damage|p1a: Tornadus|8\/100\n|\n|-weather|SunnyDay|[upkeep]\n|-item|p2a: Trevenant|Sitrus Berry|[from] ability: Harvest\n|upkeep\n|turn|13\n|inactive|Megamt666 has 120 seconds left.\n|inactive|UY QUE RICO PAPI has 120 seconds left.\n|\n|t:|1699376297\n|switch|p2a: Sinistcha|Sinistcha|100\/100\n|-heal|p2b: Garganacl|86\/100|[from] ability: Hospitality|[of] p2a: Sinistcha\n|move|p1a: Tornadus|Tailwind|p1a: Tornadus\n|-sidestart|p1: Megamt666|move: Tailwind\n|move|p1b: Slither Wing|Leech Life|p2a: Sinistcha\n|-damage|p2a: Sinistcha|47\/100\n|-heal|p1b: Slither Wing|71\/100|[from] drain|[of] p2a: Sinistcha\n|move|p2b: Garganacl|Salt Cure|p1b: Slither Wing\n|-damage|p1b: Slither Wing|40\/100\n|-start|p1b: Slither Wing|Salt Cure\n|\n|-weather|SunnyDay|[upkeep]\n|-heal|p2a: Sinistcha|53\/100|[from] item: Leftovers\n|-damage|p1b: Slither Wing|28\/100|[from] Salt Cure\n|upkeep\n|turn|14\n|inactive|Megamt666 has 120 seconds left.\n|inactive|UY QUE RICO PAPI has 120 seconds left.\n|c|\u2606Megamt666|Cringe\n|\n|t:|1699376348\n|move|p1a: Tornadus|Bleakwind Storm|p2b: Garganacl|[spread] \n|-miss|p1a: Tornadus|p2a: Sinistcha\n|-miss|p1a: Tornadus|p2b: Garganacl\n|move|p1b: Slither Wing|Leech Life|p2b: Garganacl\n|-resisted|p2b: Garganacl\n|-damage|p2b: Garganacl|78\/100\n|-heal|p1b: Slither Wing|34\/100|[from] drain|[of] p2b: Garganacl\n|move|p2a: Sinistcha|Strength Sap|p1b: Slither Wing\n|-unboost|p1b: Slither Wing|atk|1\n|-heal|p2a: Sinistcha|100\/100\n|move|p2b: Garganacl|Salt Cure|p1b: Slither Wing\n|-damage|p1b: Slither Wing|4\/100\n|\n|-weather|SunnyDay|[upkeep]\n|-damage|p1b: Slither Wing|0 fnt|[from] Salt Cure\n|faint|p1b: Slither Wing\n|-end|p1b: Slither Wing|Protosynthesis|[silent]\n|upkeep\n|\n|t:|1699376368\n|switch|p1b: Indeedee|Indeedee-F, F|100\/100\n|-damage|p1b: Indeedee|88\/100|[from] Stealth Rock\n|-fieldstart|move: Psychic Terrain|[from] ability: Psychic Surge|[of] p1b: Indeedee\n|-enditem|p1b: Indeedee|Psychic Seed\n|-boost|p1b: Indeedee|spd|1|[from] item: Psychic Seed\n|turn|15\n|inactive|UY QUE RICO PAPI has 120 seconds left.\n|\n|t:|1699376381\n|move|p1a: Tornadus|Bleakwind Storm|p2b: Garganacl|[spread] p2a,p2b\n|-supereffective|p2a: Sinistcha\n|-damage|p2a: Sinistcha|5\/100\n|-damage|p2b: Garganacl|60\/100\n|move|p1b: Indeedee|Psychic|p2a: Sinistcha\n|-damage|p2a: Sinistcha|0 fnt\n|faint|p2a: Sinistcha\n|move|p2b: Garganacl|Salt Cure|p1a: Tornadus\n|-supereffective|p1a: Tornadus\n|-damage|p1a: Tornadus|0 fnt\n|faint|p1a: Tornadus\n|\n|-weather|SunnyDay|[upkeep]\n|upkeep\n|\n|t:|1699376394\n|switch|p2a: Scream Tail|Scream Tail|40\/100\n|-activate|p2a: Scream Tail|ability: Protosynthesis\n|-start|p2a: Scream Tail|protosynthesisdef\n|turn|16\n|inactive|UY QUE RICO PAPI has 120 seconds left.\n|\n|t:|1699376410\n|move|p1b: Indeedee|Psychic|p2a: Scream Tail\n|-resisted|p2a: Scream Tail\n|-damage|p2a: Scream Tail|26\/100\n|move|p2a: Scream Tail|Amnesia|p2a: Scream Tail\n|-boost|p2a: Scream Tail|spd|2\n|move|p2b: Garganacl|Recover|p2b: Garganacl\n|-heal|p2b: Garganacl|100\/100\n|\n|-weather|none\n|-end|p2a: Scream Tail|Protosynthesis\n|-sideend|p1: Megamt666|move: Tailwind\n|upkeep\n|turn|17\n|\n|t:|1699376433\n|move|p2a: Scream Tail|Baton Pass|p2a: Scream Tail\n|\n|t:|1699376443\n|-end|p2a: Scream Tail|Protosynthesis|[silent]\n|switch|p2a: Trevenant|Trevenant, M|68\/100|[from] Baton Pass\n|move|p1b: Indeedee|Psychic|p2a: Trevenant\n|-damage|p2a: Trevenant|46\/100\n|-enditem|p2a: Trevenant|Sitrus Berry|[eat]\n|-heal|p2a: Trevenant|71\/100|[from] item: Sitrus Berry\n|move|p2b: Garganacl|Curse|p1b: Indeedee\n|-start|p1b: Indeedee|Curse|[of] p2b: Garganacl\n|-damage|p2b: Garganacl|50\/100\n|\n|-damage|p1b: Indeedee|63\/100|[from] Curse\n|-item|p2a: Trevenant|Sitrus Berry|[from] ability: Harvest\n|upkeep\n|turn|18\n|\n|t:|1699376460\n|move|p1b: Indeedee|Psychic|p2a: Trevenant\n|-damage|p2a: Trevenant|49\/100\n|-enditem|p2a: Trevenant|Sitrus Berry|[eat]\n|-heal|p2a: Trevenant|74\/100|[from] item: Sitrus Berry\n|move|p2a: Trevenant|Leech Seed|p1b: Indeedee\n|-start|p1b: Indeedee|move: Leech Seed\n|move|p2b: Garganacl|Recover|p2b: Garganacl\n|-heal|p2b: Garganacl|100\/100\n|\n|-damage|p1b: Indeedee|50\/100|[from] Leech Seed|[of] p2a: Trevenant\n|-heal|p2a: Trevenant|86\/100|[silent]\n|-damage|p1b: Indeedee|25\/100|[from] Curse\n|-item|p2a: Trevenant|Sitrus Berry|[from] ability: Harvest\n|upkeep\n|turn|19\n|\n|t:|1699376478\n|move|p2a: Trevenant|Protect|p2a: Trevenant\n|-singleturn|p2a: Trevenant|Protect\n|move|p1b: Indeedee|Psychic|p2a: Trevenant\n|-activate|p2a: Trevenant|move: Protect\n|move|p2b: Garganacl|Salt Cure|p1b: Indeedee\n|-damage|p1b: Indeedee|0 fnt\n|faint|p1b: Indeedee\n|\n|win|UY QUE RICO PAPI\n|raw|Megamt666's rating: 1317 &rarr; <strong>1300<\/strong><br \/>(-17 for losing)\n|raw|UY QUE RICO PAPI's rating: 1370 &rarr; <strong>1387<\/strong><br \/>(+17 for winning)\n|l|\u2606Megamt666\n","uploadtime":1699376606,"views":8,"p1id":"megamt666","p2id":"uyquericopapi","formatid":"gen9doublesou","rating":1300,"private":0,"password":""}