{"id":"gen9doublesou-1972868182","p1":"Jello1231","p2":"SingleThunder","format":"[Gen 9] Doubles OU","log":"|j|\u2606Jello1231\n|j|\u2606SingleThunder\n|t:|1697903883\n|gametype|doubles\n|player|p1|Jello1231|sonia-professor|\n|player|p2|SingleThunder|#dpl8ducks|\n|teamsize|p1|6\n|teamsize|p2|6\n|gen|9\n|tier|[Gen 9] Doubles OU\n|rule|Species Clause: Limit one of each Pok\u00e9mon\n|rule|OHKO Clause: OHKO moves are banned\n|rule|Evasion Moves Clause: Evasion moves are banned\n|rule|Gravity Sleep Clause: The combination of sleep-inducing moves with imperfect accuracy and Gravity or Gigantamax Orbeetle are banned\n|rule|Endless Battle Clause: Forcing endless battles is banned\n|rule|HP Percentage Mod: HP is shown in percentages\n|clearpoke\n|poke|p1|Iron Bundle|\n|poke|p1|Ninetales-Alola, M|\n|poke|p1|Chi-Yu|\n|poke|p1|Iron Hands|\n|poke|p1|Rillaboom, M|\n|poke|p1|Landorus-Therian, M|\n|poke|p2|Landorus-Therian, M|\n|poke|p2|Iron Hands|\n|poke|p2|Kingambit, M|\n|poke|p2|Volcanion|\n|poke|p2|Cresselia, F|\n|poke|p2|Flutter Mane|\n|teampreview\n|c|\u2606SingleThunder|linking\n|j| qsns\n|j| Iceberg77\n|j| kenyJ\n|c|\u2606SingleThunder|back\n|j| NinjaSnapple\n|j| Eragon11145\n|inactive|Battle timer is ON: inactive players will automatically lose when time's up. (requested by Jello1231)\n|\n|t:|1697904020\n|start\n|switch|p1a: Mother|Ninetales-Alola, M, shiny|100\/100\n|switch|p1b: Rillaboom|Rillaboom, M|100\/100\n|switch|p2a: Lando|Landorus-Therian, M|100\/100\n|switch|p2b: Cress|Cresselia, F|100\/100\n|-weather|Snow|[from] ability: Snow Warning|[of] p1a: Mother\n|-ability|p2a: Lando|Intimidate|boost\n|-unboost|p1a: Mother|atk|1\n|-unboost|p1b: Rillaboom|atk|1\n|-fieldstart|move: Grassy Terrain|[from] ability: Grassy Surge|[of] p1b: Rillaboom\n|turn|1\n|l| Eragon11145\n|inactive|SingleThunder has 270 seconds left.\n|\n|t:|1697904053\n|switch|p2b: Volcanion|Volcanion|100\/100\n|move|p1b: Rillaboom|Fake Out|p2a: Lando\n|-damage|p2a: Lando|93\/100\n|move|p1a: Mother|Aurora Veil|p1a: Mother\n|-sidestart|p1: Jello1231|move: Aurora Veil\n|cant|p2a: Lando|flinch\n|\n|-weather|Snow|[upkeep]\n|upkeep\n|turn|2\n|inactive|SingleThunder has 270 seconds left.\n|inactive|Jello1231 has 270 seconds left.\n|inactive|SingleThunder has 240 seconds left.\n|inactive|Jello1231 has 240 seconds left.\n|inactive|SingleThunder has 210 seconds left.\n|\n|t:|1697904155\n|move|p1a: Mother|Blizzard|p2a: Lando|[spread] p2a,p2b\n|-supereffective|p2a: Lando\n|-resisted|p2b: Volcanion\n|-damage|p2a: Lando|18\/100\n|-damage|p2b: Volcanion|96\/100\n|move|p2a: Lando|Stomping Tantrum|p1b: Rillaboom\n|-resisted|p1b: Rillaboom\n|-damage|p1b: Rillaboom|77\/100\n|move|p1b: Rillaboom|Wood Hammer|p2a: Lando\n|-damage|p2a: Lando|0 fnt\n|faint|p2a: Lando\n|-damage|p1b: Rillaboom|72\/100|[from] Recoil\n|move|p2b: Volcanion|Heat Wave|p1b: Rillaboom|[spread] p1a,p1b\n|-supereffective|p1a: Mother\n|-supereffective|p1b: Rillaboom\n|-damage|p1a: Mother|50\/100\n|-damage|p1b: Rillaboom|41\/100\n|\n|-weather|Snow|[upkeep]\n|-heal|p1a: Mother|56\/100|[from] Grassy Terrain\n|-heal|p1b: Rillaboom|47\/100|[from] Grassy Terrain\n|-heal|p2b: Volcanion|100\/100|[from] Grassy Terrain\n|upkeep\n|inactive|SingleThunder has 180 seconds left.\n|\n|t:|1697904192\n|switch|p2a: Cress|Cresselia, F|100\/100\n|turn|3\n|inactive|SingleThunder has 180 seconds left.\n|\n|t:|1697904220\n|move|p1a: Mother|Encore|p2b: Volcanion\n|-start|p2b: Volcanion|Encore\n|move|p1b: Rillaboom|U-turn|p2a: Cress\n|-supereffective|p2a: Cress\n|-damage|p2a: Cress|84\/100\n|\n|t:|1697904225\n|switch|p1b: Chi-Yu|Chi-Yu|100\/100|[from] U-turn\n|-ability|p1b: Chi-Yu|Beads of Ruin\n|-enditem|p1b: Chi-Yu|Grassy Seed\n|-boost|p1b: Chi-Yu|def|1|[from] item: Grassy Seed\n|move|p2b: Volcanion|Heat Wave|p1a: Mother|[spread] p1a,p1b\n|-supereffective|p1a: Mother\n|-resisted|p1b: Chi-Yu\n|-damage|p1a: Mother|0 fnt\n|-damage|p1b: Chi-Yu|89\/100\n|faint|p1a: Mother\n|move|p2a: Cress|Trick Room|p2a: Cress\n|-fieldstart|move: Trick Room|[of] p2a: Cress\n|\n|-weather|Snow|[upkeep]\n|-heal|p1b: Chi-Yu|95\/100|[from] Grassy Terrain\n|upkeep\n|inactive|Jello1231 has 240 seconds left.\n|\n|t:|1697904247\n|switch|p1a: Iron Bundle|Iron Bundle|100\/100\n|turn|4\n|inactive|SingleThunder has 180 seconds left.\n|inactive|SingleThunder has 150 seconds left.\n|\n|t:|1697904298\n|move|p2a: Cress|Helping Hand|p2b: Volcanion\n|-singleturn|p2b: Volcanion|Helping Hand|[of] p2a: Cress\n|move|p2b: Volcanion|Heat Wave|p1b: Chi-Yu|[spread] p1b\n|-miss|p2b: Volcanion|p1a: Iron Bundle\n|-resisted|p1b: Chi-Yu\n|-damage|p1b: Chi-Yu|78\/100\n|move|p1b: Chi-Yu|Nasty Plot|p1b: Chi-Yu\n|-boost|p1b: Chi-Yu|spa|2\n|move|p1a: Iron Bundle|Hydro Pump|p2a: Cress\n|-damage|p2a: Cress|14\/100\n|\n|-weather|Snow|[upkeep]\n|-heal|p1b: Chi-Yu|84\/100|[from] Grassy Terrain\n|upkeep\n|turn|5\n|j| Toxinalpaca\n|inactive|Jello1231 has 270 seconds left.\n|inactive|SingleThunder has 150 seconds left.\n|\n|t:|1697904325\n|-end|p1a: Iron Bundle|Quark Drive|[silent]\n|switch|p1a: Iron Hands|Iron Hands|100\/100\n|move|p2a: Cress|Psychic|p1a: Iron Hands\n|-supereffective|p1a: Iron Hands\n|-damage|p1a: Iron Hands|77\/100\n|move|p2b: Volcanion|Heat Wave|p1a: Iron Hands|[spread] p1a\n|-miss|p2b: Volcanion|p1b: Chi-Yu\n|-damage|p1a: Iron Hands|60\/100\n|move|p1b: Chi-Yu|Dark Pulse|p2b: Volcanion\n|-damage|p2b: Volcanion|24\/100\n|\n|-weather|none\n|-heal|p1a: Iron Hands|66\/100|[from] Grassy Terrain\n|-heal|p2b: Volcanion|30\/100|[from] Grassy Terrain\n|-heal|p1b: Chi-Yu|90\/100|[from] Grassy Terrain\n|-end|p2b: Volcanion|Encore\n|-fieldend|move: Grassy Terrain\n|upkeep\n|turn|6\n|j| Kuroiwa\n|inactive|Jello1231 has 270 seconds left.\n|inactive|SingleThunder has 150 seconds left.\n|l| Toxinalpaca\n|\n|t:|1697904364\n|move|p1a: Iron Hands|Fake Out|p2b: Volcanion\n|-damage|p2b: Volcanion|18\/100\n|move|p2a: Cress|Lunar Blessing|p2a: Cress|[spread] p2a,p2b\n|-heal|p2a: Cress|39\/100\n|-heal|p2b: Volcanion|43\/100\n|cant|p2b: Volcanion|flinch\n|move|p1b: Chi-Yu|Heat Wave|p2a: Cress|[spread] p2a,p2b\n|-resisted|p2b: Volcanion\n|-damage|p2a: Cress|0 fnt\n|-damage|p2b: Volcanion|27\/100\n|faint|p2a: Cress\n|\n|upkeep\n|\n|t:|1697904386\n|switch|p2a: Hands|Iron Hands|100\/100\n|turn|7\n|inactive|Jello1231 has 270 seconds left.\n|inactive|SingleThunder has 120 seconds left.\n|j| Nido-Rus\n|inactive|SingleThunder has 90 seconds left.\n|\n|t:|1697904449\n|-end|p1a: Iron Hands|Quark Drive|[silent]\n|switch|p1a: Iron Bundle|Iron Bundle|100\/100\n|move|p1b: Chi-Yu|Protect|p1b: Chi-Yu\n|-singleturn|p1b: Chi-Yu|Protect\n|move|p2a: Hands|Fake Out|p1a: Iron Bundle\n|-damage|p1a: Iron Bundle|88\/100\n|move|p2b: Volcanion|Heat Wave|p1a: Iron Bundle|[spread] p1a\n|-activate|p1b: Chi-Yu|move: Protect\n|-damage|p1a: Iron Bundle|17\/100\n|\n|-fieldend|move: Trick Room\n|upkeep\n|turn|8\n|inactive|Jello1231 has 270 seconds left.\n|inactive|SingleThunder has 90 seconds left.\n|j| Raf\n|j| Viper\n|inactive|Jello1231 has 240 seconds left.\n|l| Viper\n|\n|t:|1697904515\n|-terastallize|p1b: Chi-Yu|Poison\n|-terastallize|p2a: Hands|Water\n|move|p1a: Iron Bundle|Freeze-Dry|p2b: Volcanion\n|-damage|p2b: Volcanion|0 fnt\n|faint|p2b: Volcanion\n|move|p1b: Chi-Yu|Nasty Plot|p1b: Chi-Yu\n|-boost|p1b: Chi-Yu|spa|2\n|move|p2a: Hands|Drain Punch|p1b: Chi-Yu\n|-resisted|p1b: Chi-Yu\n|-damage|p1b: Chi-Yu|77\/100\n|\n|-sideend|p1: Jello1231|move: Aurora Veil\n|upkeep\n|j| Eragon11145\n|inactive|SingleThunder has 60 seconds left.\n|\n|t:|1697904564\n|switch|p2b: Flutter|Flutter Mane|100\/100\n|-enditem|p2b: Flutter|Booster Energy\n|-activate|p2b: Flutter|ability: Protosynthesis|[fromitem]\n|-start|p2b: Flutter|protosynthesisspe\n|turn|9\n|l| Eragon11145\n|\n|t:|1697904593\n|move|p2b: Flutter|Substitute|p2b: Flutter\n|-start|p2b: Flutter|Substitute\n|-damage|p2b: Flutter|76\/100\n|move|p1a: Iron Bundle|Freeze-Dry|p2a: Hands\n|-supereffective|p2a: Hands\n|-damage|p2a: Hands|30\/100\n|-status|p2a: Hands|frz\n|move|p1b: Chi-Yu|Dark Pulse|p2b: Flutter\n|-end|p2b: Flutter|Substitute\n|-curestatus|p2a: Hands|frz|[msg]\n|move|p2a: Hands|Wild Charge|p1b: Chi-Yu\n|-damage|p1b: Chi-Yu|35\/100\n|-damage|p2a: Hands|23\/100|[from] Recoil\n|\n|upkeep\n|turn|10\n|inactive|Jello1231 has 270 seconds left.\n|j|+Actuarily\n|inactive|SingleThunder has 30 seconds left.\n|\n|t:|1697904629\n|-end|p1a: Iron Bundle|Quark Drive|[silent]\n|switch|p1a: Rillaboom|Rillaboom, M|47\/100\n|-fieldstart|move: Grassy Terrain|[from] ability: Grassy Surge|[of] p1a: Rillaboom\n|move|p2b: Flutter|Protect|p2b: Flutter\n|-singleturn|p2b: Flutter|Protect\n|move|p1b: Chi-Yu|Heat Wave|p2b: Flutter|[spread] p2a\n|-activate|p2b: Flutter|move: Protect\n|-resisted|p2a: Hands\n|-damage|p2a: Hands|0 fnt\n|faint|p2a: Hands\n|-end|p2a: Hands|Quark Drive|[silent]\n|\n|-heal|p2b: Flutter|82\/100|[from] Grassy Terrain\n|-heal|p1b: Chi-Yu|41\/100|[from] Grassy Terrain\n|-heal|p1a: Rillaboom|53\/100|[from] Grassy Terrain\n|upkeep\n|inactive|SingleThunder has 30 seconds left this turn.\n|\n|t:|1697904637\n|switch|p2a: Gambit|Kingambit, M|100\/100\n|turn|11\n|\n|t:|1697904651\n|move|p1a: Rillaboom|Fake Out|p2a: Gambit\n|-resisted|p2a: Gambit\n|-damage|p2a: Gambit|96\/100\n|cant|p2a: Gambit|flinch\n|move|p2b: Flutter|Shadow Ball|p1b: Chi-Yu\n|-damage|p1b: Chi-Yu|2\/100\n|move|p1b: Chi-Yu|Heat Wave|p2b: Flutter|[spread] p2a\n|-miss|p1b: Chi-Yu|p2b: Flutter\n|-supereffective|p2a: Gambit\n|-damage|p2a: Gambit|0 fnt\n|faint|p2a: Gambit\n|\n|-heal|p2b: Flutter|88\/100|[from] Grassy Terrain\n|-heal|p1b: Chi-Yu|8\/100|[from] Grassy Terrain\n|-heal|p1a: Rillaboom|60\/100|[from] Grassy Terrain\n|upkeep\n|turn|12\n|inactive|SingleThunder has 60 seconds left.\n|\n|t:|1697904669\n|move|p2b: Flutter|Protect|p2b: Flutter\n|-singleturn|p2b: Flutter|Protect\n|move|p1b: Chi-Yu|Protect|p1b: Chi-Yu\n|-singleturn|p1b: Chi-Yu|Protect\n|move|p1a: Rillaboom|Wood Hammer|p2b: Flutter\n|-activate|p2b: Flutter|move: Protect\n|\n|-heal|p2b: Flutter|94\/100|[from] Grassy Terrain\n|-heal|p1b: Chi-Yu|14\/100|[from] Grassy Terrain\n|-heal|p1a: Rillaboom|66\/100|[from] Grassy Terrain\n|upkeep\n|turn|13\n|\n|t:|1697904678\n|switch|p1b: Landorus|Landorus-Therian, M|100\/100\n|-ability|p1b: Landorus|Intimidate|boost\n|-unboost|p2b: Flutter|atk|1\n|move|p2b: Flutter|Moonblast|p1a: Rillaboom\n|-damage|p1a: Rillaboom|34\/100\n|move|p1a: Rillaboom|Wood Hammer|p2b: Flutter\n|-damage|p2b: Flutter|0 fnt\n|faint|p2b: Flutter\n|-end|p2b: Flutter|Protosynthesis|[silent]\n|-damage|p1a: Rillaboom|10\/100|[from] Recoil\n|\n|win|Jello1231\n|c|\u2606Jello1231|Ggs\n|l| Nido-Rus\n|l| Iceberg77\n|c|\u2606SingleThunder|gg\n|j| 0meltdown\n|l|+Actuarily\n|l| NinjaSnapple\n|j| theyummybagel\n|l| Raf\n|j| Eragon11145\n|l| Eragon11145\n|l| kenyJ\n|l| Kuroiwa\n|l| theyummybagel\n|l| 0meltdown\n|j| Time is over\n","uploadtime":1697905622,"views":41,"p1id":"jello1231","p2id":"singlethunder","formatid":"gen9doublesou","rating":0,"private":0,"password":""}