{"id":"gen9doublesou-1996768016","p1":"Geniusatstuff","p2":"Capricoberry","format":"[Gen 9] Doubles OU","log":"|j|\u2606Geniusatstuff\n|j|\u2606Capricoberry\n|t:|1700721959\n|gametype|doubles\n|player|p1|Geniusatstuff|265|1217\n|player|p2|Capricoberry|170|1273\n|teamsize|p1|6\n|teamsize|p2|6\n|gen|9\n|tier|[Gen 9] Doubles OU\n|rated|\n|rule|Species Clause: Limit one of each Pok\u00e9mon\n|rule|OHKO Clause: OHKO moves are banned\n|rule|Evasion Moves Clause: Evasion moves are banned\n|rule|Gravity Sleep Clause: The combination of sleep-inducing moves with imperfect accuracy and Gravity or Gigantamax Orbeetle are banned\n|rule|Endless Battle Clause: Forcing endless battles is banned\n|rule|HP Percentage Mod: HP is shown in percentages\n|clearpoke\n|poke|p1|Armarouge, F|\n|poke|p1|Chien-Pao|\n|poke|p1|Indeedee-F, F|\n|poke|p1|Tornadus, M|\n|poke|p1|Sneasler, F|\n|poke|p1|Palafin, F|\n|poke|p2|Stonjourner, F|\n|poke|p2|Torkoal, F|\n|poke|p2|Rillaboom, F|\n|poke|p2|Ceruledge, M|\n|poke|p2|Milotic, M|\n|poke|p2|Florges, F|\n|teampreview\n|\n|t:|1700721982\n|start\n|switch|p1a: Tornadus|Tornadus, M|100\/100\n|switch|p1b: Palafin|Palafin, F|100\/100\n|switch|p2a: Smokey|Torkoal, F|100\/100\n|switch|p2b: Ceruledge|Ceruledge, M, shiny|100\/100\n|-weather|SunnyDay|[from] ability: Drought|[of] p2a: Smokey\n|turn|1\n|inactive|Battle timer is ON: inactive players will automatically lose when time's up. (requested by Capricoberry)\n|\n|t:|1700722004\n|detailschange|p1b: Palafin|Palafin-Hero, F\n|switch|p1b: Indeedee|Indeedee-F, F|100\/100\n|-fieldstart|move: Psychic Terrain|[from] ability: Psychic Surge|[of] p1b: Indeedee\n|-terastallize|p1a: Tornadus|Flying\n|move|p2b: Ceruledge|Protect|p2b: Ceruledge\n|-singleturn|p2b: Ceruledge|Protect\n|move|p2a: Smokey|Protect|p2a: Smokey\n|-singleturn|p2a: Smokey|Protect\n|move|p1a: Tornadus|Bleakwind Storm|p2a: Smokey|[spread] \n|-activate|p2a: Smokey|move: Protect\n|-activate|p2b: Ceruledge|move: Protect\n|\n|-weather|SunnyDay|[upkeep]\n|upkeep\n|turn|2\n|\n|t:|1700722025\n|switch|p2b: Estonia|Stonjourner, F|100\/100\n|switch|p1b: Chien-Pao|Chien-Pao|100\/100\n|-ability|p1b: Chien-Pao|Sword of Ruin\n|move|p1a: Tornadus|Bleakwind Storm|p2a: Smokey|[spread] p2a,p2b\n|-resisted|p2b: Estonia\n|-damage|p2a: Smokey|43\/100\n|-damage|p2b: Estonia|76\/100\n|-unboost|p2b: Estonia|spe|1\n|move|p2a: Smokey|Heat Wave|p1b: Chien-Pao|[spread] p1a,p1b\n|-supereffective|p1b: Chien-Pao\n|-damage|p1a: Tornadus|36\/100\n|-damage|p1b: Chien-Pao|0 fnt\n|faint|p1b: Chien-Pao\n|\n|-weather|SunnyDay|[upkeep]\n|upkeep\n|inactive|Geniusatstuff has 120 seconds left.\n|\n|t:|1700722043\n|switch|p1b: Sneasler|Sneasler, F|100\/100\n|-enditem|p1b: Sneasler|Psychic Seed\n|-boost|p1b: Sneasler|spd|1|[from] item: Psychic Seed\n|turn|3\n|\n|t:|1700722054\n|-terastallize|p2b: Estonia|Fire\n|move|p2a: Smokey|Protect|p2a: Smokey\n|-singleturn|p2a: Smokey|Protect\n|move|p1b: Sneasler|Close Combat|p2b: Estonia\n|-damage|p2b: Estonia|37\/100\n|-unboost|p1b: Sneasler|def|1\n|-unboost|p1b: Sneasler|spd|1\n|move|p1a: Tornadus|Bleakwind Storm|p2b: Estonia|[spread] p2b\n|-activate|p2a: Smokey|move: Protect\n|-damage|p2b: Estonia|0 fnt\n|faint|p2b: Estonia\n|\n|-weather|SunnyDay|[upkeep]\n|upkeep\n|\n|t:|1700722073\n|switch|p2b: Milotic|Milotic, M|100\/100\n|turn|4\n|\n|t:|1700722086\n|move|p1b: Sneasler|Rock Slide|p2a: Smokey|[spread] p2a,p2b\n|-supereffective|p2a: Smokey\n|-crit|p2b: Milotic\n|-damage|p2a: Smokey|12\/100\n|-damage|p2b: Milotic|68\/100\n|move|p1a: Tornadus|Bleakwind Storm|p2a: Smokey|[spread] p2a,p2b\n|-damage|p2a: Smokey|0 fnt\n|-damage|p2b: Milotic|35\/100\n|faint|p2a: Smokey\n|move|p2b: Milotic|Hypnosis|p1b: Sneasler\n|-status|p1b: Sneasler|slp|[from] move: Hypnosis\n|\n|-weather|SunnyDay|[upkeep]\n|upkeep\n|\n|t:|1700722090\n|switch|p2a: Donkey Kong|Rillaboom, F|100\/100\n|-fieldstart|move: Grassy Terrain|[from] ability: Grassy Surge|[of] p2a: Donkey Kong\n|turn|5\n|\n|t:|1700722112\n|switch|p1a: Indeedee|Indeedee-F, F|100\/100\n|-fieldstart|move: Psychic Terrain|[from] ability: Psychic Surge|[of] p1a: Indeedee\n|switch|p2a: Florges|Florges, F|100\/100\n|cant|p1b: Sneasler|slp\n|move|p2b: Milotic|Hypnosis|p1a: Indeedee\n|-status|p1a: Indeedee|slp|[from] move: Hypnosis\n|\n|-weather|SunnyDay|[upkeep]\n|upkeep\n|turn|6\n|\n|t:|1700722132\n|switch|p1a: Armarouge|Armarouge, F|100\/100\n|cant|p1b: Sneasler|slp\n|move|p2b: Milotic|Coil|p2b: Milotic\n|-boost|p2b: Milotic|atk|1\n|-boost|p2b: Milotic|def|1\n|-boost|p2b: Milotic|accuracy|1\n|move|p2a: Florges|Pollen Puff|p2b: Milotic\n|-heal|p2b: Milotic|85\/100\n|\n|-weather|SunnyDay|[upkeep]\n|upkeep\n|turn|7\n|\n|t:|1700722154\n|switch|p2a: Donkey Kong|Rillaboom, F|100\/100\n|-fieldstart|move: Grassy Terrain|[from] ability: Grassy Surge|[of] p2a: Donkey Kong\n|cant|p1b: Sneasler|slp\n|move|p1a: Armarouge|Expanding Force|p2b: Milotic\n|-damage|p2b: Milotic|59\/100\n|move|p2b: Milotic|Hypnosis|p1a: Armarouge\n|-status|p1a: Armarouge|slp|[from] move: Hypnosis\n|\n|-weather|SunnyDay|[upkeep]\n|-heal|p2b: Milotic|65\/100|[from] Grassy Terrain\n|upkeep\n|turn|8\n|\n|t:|1700722177\n|switch|p1a: Indeedee|Indeedee-F, F|100\/100 slp\n|-fieldstart|move: Psychic Terrain|[from] ability: Psychic Surge|[of] p1a: Indeedee\n|move|p2a: Donkey Kong|Protect|p2a: Donkey Kong\n|-singleturn|p2a: Donkey Kong|Protect\n|-curestatus|p1b: Sneasler|slp|[msg]\n|move|p1b: Sneasler|Dire Claw|p2a: Donkey Kong\n|-activate|p2a: Donkey Kong|move: Protect\n|move|p2b: Milotic|Coil|p2b: Milotic\n|-boost|p2b: Milotic|atk|1\n|-boost|p2b: Milotic|def|1\n|-boost|p2b: Milotic|accuracy|1\n|\n|-weather|none\n|upkeep\n|turn|9\n|\n|t:|1700722197\n|switch|p2a: Ceruledge|Ceruledge, M, shiny|100\/100\n|cant|p1a: Indeedee|slp\n|move|p1b: Sneasler|Dire Claw|p2a: Ceruledge\n|-resisted|p2a: Ceruledge\n|-damage|p2a: Ceruledge|79\/100\n|-status|p2a: Ceruledge|slp\n|move|p2b: Milotic|Hypnosis|p1b: Sneasler\n|-status|p1b: Sneasler|slp|[from] move: Hypnosis\n|\n|upkeep\n|turn|10\n|\n|t:|1700722225\n|switch|p2a: Donkey Kong|Rillaboom, F|100\/100\n|-fieldstart|move: Grassy Terrain|[from] ability: Grassy Surge|[of] p2a: Donkey Kong\n|cant|p1b: Sneasler|slp\n|cant|p1a: Indeedee|slp\n|move|p2b: Milotic|Dragon Tail|p1b: Sneasler\n|-damage|p1b: Sneasler|68\/100 slp\n|drag|p1b: Tornadus|Tornadus, M, tera:Flying|36\/100\n|\n|-heal|p2b: Milotic|71\/100|[from] Grassy Terrain\n|upkeep\n|turn|11\n|inactive|Geniusatstuff has 120 seconds left.\n|\n|t:|1700722267\n|switch|p1b: Sneasler|Sneasler, F|68\/100 slp\n|switch|p1a: Armarouge|Armarouge, F|100\/100 slp\n|move|p2a: Donkey Kong|Fake Out|p1b: Sneasler\n|-damage|p1b: Sneasler|45\/100 slp\n|move|p2b: Milotic|Dragon Tail|p1b: Sneasler\n|-damage|p1b: Sneasler|24\/100 slp\n|drag|p1b: Tornadus|Tornadus, M, tera:Flying|36\/100\n|\n|-heal|p2b: Milotic|77\/100|[from] Grassy Terrain\n|upkeep\n|turn|12\n|inactive|Geniusatstuff has 120 seconds left.\n|\n|t:|1700722291\n|switch|p1b: Indeedee|Indeedee-F, F|100\/100 slp\n|-fieldstart|move: Psychic Terrain|[from] ability: Psychic Surge|[of] p1b: Indeedee\n|switch|p2a: Florges|Florges, F|100\/100\n|cant|p1a: Armarouge|slp\n|move|p2b: Milotic|Dragon Tail|p1b: Indeedee\n|-damage|p1b: Indeedee|82\/100 slp\n|-damage|p2b: Milotic|60\/100|[from] item: Rocky Helmet|[of] p1b: Indeedee\n|drag|p1b: Sneasler|Sneasler, F|24\/100 slp\n|\n|upkeep\n|turn|13\n|\n|t:|1700722311\n|cant|p1b: Sneasler|slp\n|cant|p1a: Armarouge|slp\n|move|p2a: Florges|Psychic|p1b: Sneasler\n|-supereffective|p1b: Sneasler\n|-damage|p1b: Sneasler|0 fnt\n|faint|p1b: Sneasler\n|move|p2b: Milotic|Dragon Tail|p1a: Armarouge\n|-damage|p1a: Armarouge|83\/100 slp\n|-ability|p1a: Armarouge|Weak Armor|boost\n|-unboost|p1a: Armarouge|def|1\n|-boost|p1a: Armarouge|spe|2\n|drag|p1a: Indeedee|Indeedee-F, F|82\/100 slp\n|\n|upkeep\n|inactive|Geniusatstuff has 120 seconds left.\n|\n|t:|1700722326\n|switch|p1b: Palafin|Palafin-Hero, F|100\/100\n|-activate|p1b: Palafin|ability: Zero to Hero\n|turn|14\n|\n|t:|1700722345\n|switch|p1a: Armarouge|Armarouge, F|83\/100 slp\n|move|p1b: Palafin|Wave Crash|p2a: Florges\n|-damage|p2a: Florges|2\/100\n|-damage|p1b: Palafin|66\/100|[from] Recoil\n|move|p2a: Florges|Psychic|p1b: Palafin\n|-damage|p1b: Palafin|30\/100\n|move|p2b: Milotic|Dragon Tail|p1b: Palafin\n|-damage|p1b: Palafin|12\/100\n|drag|p1b: Indeedee|Indeedee-F, F|82\/100 slp\n|\n|upkeep\n|turn|15\n|\n|t:|1700722368\n|switch|p2a: Donkey Kong|Rillaboom, F|100\/100\n|-fieldstart|move: Grassy Terrain|[from] ability: Grassy Surge|[of] p2a: Donkey Kong\n|-curestatus|p1b: Indeedee|slp|[msg]\n|move|p1b: Indeedee|Follow Me|p1b: Indeedee\n|-singleturn|p1b: Indeedee|move: Follow Me\n|cant|p1a: Armarouge|slp\n|move|p2b: Milotic|Dragon Tail|p1b: Indeedee\n|-damage|p1b: Indeedee|62\/100\n|-damage|p2b: Milotic|44\/100|[from] item: Rocky Helmet|[of] p1b: Indeedee\n|drag|p1b: Palafin|Palafin-Hero, F|12\/100\n|\n|-heal|p1b: Palafin|18\/100|[from] Grassy Terrain\n|-heal|p1a: Armarouge|89\/100 slp|[from] Grassy Terrain\n|-heal|p2b: Milotic|50\/100|[from] Grassy Terrain\n|upkeep\n|turn|16\n|inactive|Capricoberry has 120 seconds left.\n|\n|t:|1700722409\n|switch|p1b: Indeedee|Indeedee-F, F|62\/100\n|-fieldstart|move: Psychic Terrain|[from] ability: Psychic Surge|[of] p1b: Indeedee\n|move|p2a: Donkey Kong|Protect|p2a: Donkey Kong\n|-singleturn|p2a: Donkey Kong|Protect\n|-curestatus|p1a: Armarouge|slp|[msg]\n|move|p1a: Armarouge|Expanding Force|p2b: Milotic|[spread] p2b\n|-activate|p2a: Donkey Kong|move: Protect\n|-damage|p2b: Milotic|16\/100\n|move|p2b: Milotic|Dragon Tail|p1a: Armarouge\n|-damage|p1a: Armarouge|73\/100\n|-ability|p1a: Armarouge|Weak Armor|boost\n|-unboost|p1a: Armarouge|def|1\n|-boost|p1a: Armarouge|spe|2\n|drag|p1a: Tornadus|Tornadus, M, tera:Flying|36\/100\n|\n|upkeep\n|turn|17\n|inactive|Capricoberry has 120 seconds left.\n|inactive|Geniusatstuff has 120 seconds left.\n|\n|t:|1700722439\n|switch|p1b: Armarouge|Armarouge, F|73\/100\n|switch|p2b: Florges|Florges, F|2\/100\n|switch|p2a: Ceruledge|Ceruledge, M, shiny|79\/100 slp\n|move|p1a: Tornadus|Bleakwind Storm|p2b: Florges|[spread] p2b\n|-miss|p1a: Tornadus|p2a: Ceruledge\n|-damage|p2b: Florges|0 fnt\n|faint|p2b: Florges\n|\n|upkeep\n|\n|t:|1700722444\n|switch|p2b: Milotic|Milotic, M|16\/100\n|turn|18\n|\n|t:|1700722459\n|switch|p2a: Donkey Kong|Rillaboom, F|100\/100\n|-fieldstart|move: Grassy Terrain|[from] ability: Grassy Surge|[of] p2a: Donkey Kong\n|move|p1a: Tornadus|Bleakwind Storm|p2a: Donkey Kong|[spread] p2a,p2b\n|-supereffective|p2a: Donkey Kong\n|-damage|p2a: Donkey Kong|0 fnt\n|-damage|p2b: Milotic|0 fnt\n|faint|p2a: Donkey Kong\n|faint|p2b: Milotic\n|move|p1b: Armarouge|Expanding Force|p2: Donkey Kong|[notarget]\n|-fail|p1b: Armarouge\n|\n|-heal|p1b: Armarouge|79\/100|[from] Grassy Terrain\n|upkeep\n|-message|Capricoberry forfeited.\n|\n|win|Geniusatstuff\n|raw|Geniusatstuff's rating: 1217 &rarr; <strong>1246<\/strong><br \/>(+29 for winning)\n|raw|Capricoberry's rating: 1273 &rarr; <strong>1244<\/strong><br \/>(-29 for losing)\n|l|\u2606Capricoberry\n","uploadtime":1700722480,"views":9,"p1id":"geniusatstuff","p2id":"capricoberry","formatid":"gen9doublesou","rating":1244,"private":0,"password":""}