{"id":"gen9doublesou-1999384568","p1":"embleemeke","p2":"Low Tier Goodra","format":"[Gen 9] Doubles OU","log":"|j|\u2606embleemeke\n|j|\u2606Low Tier Goodra\n|t:|1701071235\n|gametype|doubles\n|player|p1|embleemeke|1|1596\n|player|p2|Low Tier Goodra|jasmine|1757\n|teamsize|p1|6\n|teamsize|p2|6\n|gen|9\n|tier|[Gen 9] Doubles OU\n|rated|\n|rule|Species Clause: Limit one of each Pok\u00e9mon\n|rule|OHKO Clause: OHKO moves are banned\n|rule|Evasion Moves Clause: Evasion moves are banned\n|rule|Gravity Sleep Clause: The combination of sleep-inducing moves with imperfect accuracy and Gravity or Gigantamax Orbeetle are banned\n|rule|Endless Battle Clause: Forcing endless battles is banned\n|rule|HP Percentage Mod: HP is shown in percentages\n|clearpoke\n|poke|p1|Armarouge, M|\n|poke|p1|Indeedee-F, F|\n|poke|p1|Ursaluna-Bloodmoon, M|\n|poke|p1|Iron Hands|\n|poke|p1|Torkoal, M|\n|poke|p1|Cresselia, F|\n|poke|p2|Rillaboom, M|\n|poke|p2|Sinistcha-Masterpiece|\n|poke|p2|Volcanion|\n|poke|p2|Diancie|\n|poke|p2|Ursaluna, M|\n|poke|p2|Amoonguss, M|\n|teampreview\n|inactive|Battle timer is ON: inactive players will automatically lose when time's up. (requested by embleemeke)\n|\n|t:|1701071270\n|start\n|switch|p1a: Armarouge|Armarouge, M, shiny|100\/100\n|switch|p1b: Indeedee|Indeedee-F, F, shiny|100\/100\n|switch|p2a: Diana|Diancie|100\/100\n|switch|p2b: Kettle|Volcanion|100\/100\n|-fieldstart|move: Psychic Terrain|[from] ability: Psychic Surge|[of] p1b: Indeedee\n|turn|1\n|inactive|embleemeke has 120 seconds left.\n|inactive|Low Tier Goodra has 120 seconds left.\n|\n|t:|1701071327\n|move|p2b: Kettle|Steam Eruption|p1a: Armarouge\n|-supereffective|p1a: Armarouge\n|-damage|p1a: Armarouge|0 fnt\n|faint|p1a: Armarouge\n|-damage|p2b: Kettle|91\/100|[from] item: Life Orb\n|move|p1b: Indeedee|Psychic|p2b: Kettle\n|-damage|p2b: Kettle|53\/100\n|move|p2a: Diana|Diamond Storm|p1b: Indeedee\n|-damage|p1b: Indeedee|53\/100\n|\n|upkeep\n|inactive|embleemeke has 120 seconds left.\n|\n|t:|1701071344\n|switch|p1a: Ursaluna|Ursaluna-Bloodmoon, M|100\/100\n|turn|2\n|\n|t:|1701071353\n|switch|p2a: Smoke Loud|Rillaboom, M|100\/100\n|-fieldstart|move: Grassy Terrain|[from] ability: Grassy Surge|[of] p2a: Smoke Loud\n|move|p2b: Kettle|Protect|p2b: Kettle\n|-singleturn|p2b: Kettle|Protect\n|move|p1a: Ursaluna|Hyper Voice|p2b: Kettle|[spread] p2a\n|-activate|p2b: Kettle|move: Protect\n|-damage|p2a: Smoke Loud|69\/100\n|move|p1b: Indeedee|Trick Room|p1b: Indeedee\n|-fieldstart|move: Trick Room|[of] p1b: Indeedee\n|\n|-heal|p1b: Indeedee|59\/100|[from] Grassy Terrain\n|-heal|p2b: Kettle|59\/100|[from] Grassy Terrain\n|-heal|p2a: Smoke Loud|75\/100|[from] Grassy Terrain\n|upkeep\n|turn|3\n|\n|t:|1701071379\n|move|p2a: Smoke Loud|Fake Out|p1a: Ursaluna\n|-damage|p1a: Ursaluna|91\/100\n|cant|p1a: Ursaluna|flinch\n|move|p1b: Indeedee|Psychic|p2a: Smoke Loud\n|-damage|p2a: Smoke Loud|52\/100\n|move|p2b: Kettle|Steam Eruption|p1a: Ursaluna\n|-supereffective|p1a: Ursaluna\n|-damage|p1a: Ursaluna|0 fnt\n|faint|p1a: Ursaluna\n|-damage|p2b: Kettle|49\/100|[from] item: Life Orb\n|\n|-heal|p1b: Indeedee|65\/100|[from] Grassy Terrain\n|-heal|p2b: Kettle|55\/100|[from] Grassy Terrain\n|-heal|p2a: Smoke Loud|58\/100|[from] Grassy Terrain\n|upkeep\n|\n|t:|1701071386\n|switch|p1a: Iron Hands|Iron Hands, shiny|100\/100\n|-enditem|p1a: Iron Hands|Booster Energy\n|-activate|p1a: Iron Hands|ability: Quark Drive|[fromitem]\n|-start|p1a: Iron Hands|quarkdriveatk\n|turn|4\n|\n|t:|1701071404\n|switch|p2b: Arturo|Amoonguss, M|100\/100\n|move|p1b: Indeedee|Follow Me|p1b: Indeedee\n|-singleturn|p1b: Indeedee|move: Follow Me\n|move|p1a: Iron Hands|Wild Charge|p2b: Arturo\n|-resisted|p2b: Arturo\n|-damage|p2b: Arturo|65\/100\n|-damage|p1a: Iron Hands|93\/100|[from] Recoil\n|move|p2a: Smoke Loud|Wood Hammer|p1b: Indeedee\n|-damage|p1b: Indeedee|0 fnt\n|faint|p1b: Indeedee\n|-damage|p2a: Smoke Loud|39\/100|[from] Recoil\n|\n|-heal|p2b: Arturo|71\/100|[from] Grassy Terrain\n|-heal|p2b: Arturo|77\/100|[from] item: Leftovers\n|-heal|p1a: Iron Hands|99\/100|[from] Grassy Terrain\n|-heal|p2a: Smoke Loud|45\/100|[from] Grassy Terrain\n|upkeep\n|\n|t:|1701071411\n|switch|p1b: Torkoal|Torkoal, M, shiny|100\/100\n|-weather|SunnyDay|[from] ability: Drought|[of] p1b: Torkoal\n|turn|5\n|\n|t:|1701071434\n|switch|p2a: Kettle|Volcanion|55\/100\n|-terastallize|p1b: Torkoal|Fire\n|-terastallize|p2b: Arturo|Fire\n|move|p1b: Torkoal|Eruption|p2a: Kettle|[spread] p2a,p2b\n|-resisted|p2a: Kettle\n|-resisted|p2b: Arturo\n|-damage|p2a: Kettle|23\/100\n|-damage|p2b: Arturo|37\/100\n|move|p2b: Arturo|Spore|p1b: Torkoal\n|-status|p1b: Torkoal|slp|[from] move: Spore\n|move|p1a: Iron Hands|Ice Punch|p2a: Kettle\n|-resisted|p2a: Kettle\n|-damage|p2a: Kettle|16\/100\n|\n|-weather|SunnyDay|[upkeep]\n|-heal|p2b: Arturo|43\/100|[from] Grassy Terrain\n|-heal|p2b: Arturo|49\/100|[from] item: Leftovers\n|-heal|p1a: Iron Hands|100\/100|[from] Grassy Terrain\n|-heal|p2a: Kettle|22\/100|[from] Grassy Terrain\n|upkeep\n|turn|6\n|\n|t:|1701071463\n|cant|p1b: Torkoal|slp\n|move|p2b: Arturo|Spore|p1a: Iron Hands\n|-status|p1a: Iron Hands|slp|[from] move: Spore\n|cant|p1a: Iron Hands|slp\n|move|p2a: Kettle|Heat Wave|p1a: Iron Hands|[spread] p1a,p1b\n|-resisted|p1b: Torkoal\n|-damage|p1a: Iron Hands|25\/100 slp\n|-damage|p1b: Torkoal|47\/100 slp\n|-damage|p2a: Kettle|12\/100|[from] item: Life Orb\n|\n|-weather|SunnyDay|[upkeep]\n|-heal|p1b: Torkoal|53\/100 slp|[from] Grassy Terrain\n|-heal|p2b: Arturo|55\/100|[from] Grassy Terrain\n|-heal|p2b: Arturo|61\/100|[from] item: Leftovers\n|-heal|p1a: Iron Hands|31\/100 slp|[from] Grassy Terrain\n|-heal|p2a: Kettle|18\/100|[from] Grassy Terrain\n|-fieldend|move: Trick Room\n|-fieldend|move: Grassy Terrain\n|upkeep\n|turn|7\n|\n|t:|1701071481\n|move|p2a: Kettle|Heat Wave|p1b: Torkoal|[spread] p1a,p1b\n|-resisted|p1b: Torkoal\n|-damage|p1a: Iron Hands|0 fnt\n|-damage|p1b: Torkoal|0 fnt\n|faint|p1a: Iron Hands\n|-end|p1a: Iron Hands|Quark Drive|[silent]\n|faint|p1b: Torkoal\n|-damage|p2a: Kettle|8\/100|[from] item: Life Orb\n|move|p2b: Arturo|Pollen Puff|p2a: Kettle\n|-heal|p2a: Kettle|58\/100\n|\n|-weather|SunnyDay|[upkeep]\n|-heal|p2b: Arturo|67\/100|[from] item: Leftovers\n|upkeep\n|\n|t:|1701071485\n|switch|p1b: Cresselia|Cresselia, F, shiny|100\/100\n|turn|8\n|j| Elite.4.Challenger\n|\n|t:|1701071496\n|move|p2a: Kettle|Heat Wave|p1b: Cresselia\n|-damage|p1b: Cresselia|33\/100\n|-damage|p2a: Kettle|48\/100|[from] item: Life Orb\n|move|p1b: Cresselia|Dazzling Gleam|p2b: Arturo|[spread] p2a,p2b\n|-resisted|p2a: Kettle\n|-resisted|p2b: Arturo\n|-damage|p2a: Kettle|43\/100\n|-damage|p2b: Arturo|63\/100\n|move|p2b: Arturo|Pollen Puff|p2a: Kettle\n|-heal|p2a: Kettle|93\/100\n|\n|-weather|SunnyDay|[upkeep]\n|-heal|p1b: Cresselia|39\/100|[from] item: Leftovers\n|-heal|p2b: Arturo|69\/100|[from] item: Leftovers\n|upkeep\n|turn|9\n|l| Elite.4.Challenger\n|\n|t:|1701071510\n|move|p1b: Cresselia|Protect|p1b: Cresselia\n|-singleturn|p1b: Cresselia|Protect\n|move|p2a: Kettle|Heat Wave|p1b: Cresselia\n|-activate|p1b: Cresselia|move: Protect\n|move|p2b: Arturo|Spore|p1b: Cresselia\n|-activate|p1b: Cresselia|move: Protect\n|\n|-weather|none\n|-heal|p1b: Cresselia|46\/100|[from] item: Leftovers\n|-heal|p2b: Arturo|75\/100|[from] item: Leftovers\n|upkeep\n|turn|10\n|\n|t:|1701071520\n|move|p2a: Kettle|Steam Eruption|p1b: Cresselia\n|-damage|p1b: Cresselia|0 fnt\n|faint|p1b: Cresselia\n|-damage|p2a: Kettle|83\/100|[from] item: Life Orb\n|\n|win|Low Tier Goodra\n|raw|embleemeke's rating: 1596 &rarr; <strong>1585<\/strong><br \/>(-11 for losing)\n|raw|Low Tier Goodra's rating: 1757 &rarr; <strong>1768<\/strong><br \/>(+11 for winning)\n|c|\u2606embleemeke|spore L\n|l|\u2606embleemeke\n|c|\u2606Low Tier Goodra|rip\n","uploadtime":1701071625,"views":8,"p1id":"embleemeke","p2id":"lowtiergoodra","formatid":"gen9doublesou","rating":1585,"private":0,"password":""}