{"id":"gen9doublesou-1999947377","p1":"pomomb","p2":"Kerm1t The FROG","format":"[Gen 9] Doubles OU","log":"|j|\u2606pomomb\n|j|\u2606Kerm1t The FROG\n|t:|1701133307\n|gametype|doubles\n|player|p1|pomomb|parasollady|1191\n|player|p2|Kerm1t The FROG|artist|1109\n|teamsize|p1|6\n|teamsize|p2|6\n|gen|9\n|tier|[Gen 9] Doubles OU\n|rated|\n|rule|Species Clause: Limit one of each Pok\u00e9mon\n|rule|OHKO Clause: OHKO moves are banned\n|rule|Evasion Moves Clause: Evasion moves are banned\n|rule|Gravity Sleep Clause: The combination of sleep-inducing moves with imperfect accuracy and Gravity or Gigantamax Orbeetle are banned\n|rule|Endless Battle Clause: Forcing endless battles is banned\n|rule|HP Percentage Mod: HP is shown in percentages\n|clearpoke\n|poke|p1|Landorus-Therian, M|\n|poke|p1|Chi-Yu|\n|poke|p1|Zapdos|\n|poke|p1|Cresselia, F|\n|poke|p1|Toxicroak, M|\n|poke|p1|Roaring Moon|\n|poke|p2|Okidogi, M|\n|poke|p2|Brute Bonnet|\n|poke|p2|Torkoal, M|\n|poke|p2|Volcanion|\n|poke|p2|Mimikyu, F|\n|poke|p2|Roaring Moon|\n|teampreview\n|\n|t:|1701133322\n|start\n|switch|p1a: Inari Okami|Landorus-Therian, M|100\/100\n|switch|p1b: Thunderbird|Zapdos|100\/100\n|switch|p2a: Cloaked|Brute Bonnet, shiny|100\/100\n|switch|p2b: llehS|Torkoal, M, shiny|100\/100\n|-ability|p1a: Inari Okami|Intimidate|boost\n|-unboost|p2a: Cloaked|atk|1\n|-enditem|p2a: Cloaked|Adrenaline Orb\n|-boost|p2a: Cloaked|spe|1|[from] item: Adrenaline Orb\n|-unboost|p2b: llehS|atk|1\n|-weather|SunnyDay|[from] ability: Drought|[of] p2b: llehS\n|-activate|p2a: Cloaked|ability: Protosynthesis\n|-start|p2a: Cloaked|protosynthesisspe\n|turn|1\n|\n|t:|1701133367\n|move|p2a: Cloaked|Spore|p1a: Inari Okami\n|-activate|p1a: Inari Okami|item: Safety Goggles|Spore\n|move|p1b: Thunderbird|Tailwind|p1b: Thunderbird\n|-sidestart|p1: pomomb|move: Tailwind\n|move|p1a: Inari Okami|Gravity|p1a: Inari Okami\n|-fieldstart|move: Gravity\n|move|p2b: llehS|Solar Beam||[still]\n|-prepare|p2b: llehS|Solar Beam\n|-anim|p2b: llehS|Solar Beam|p1a: Inari Okami\n|-damage|p1a: Inari Okami|70\/100\n|\n|-weather|SunnyDay|[upkeep]\n|upkeep\n|turn|2\n|\n|t:|1701133401\n|move|p1b: Thunderbird|Hurricane|p2a: Cloaked|[miss]\n|-miss|p1b: Thunderbird|p2a: Cloaked\n|move|p1a: Inari Okami|Sandsear Storm|p2b: llehS|[spread] p2a,p2b\n|-resisted|p2a: Cloaked\n|-supereffective|p2b: llehS\n|-damage|p2a: Cloaked|86\/100\n|-damage|p2b: llehS|32\/100\n|move|p2a: Cloaked|Spore|p1b: Thunderbird\n|-status|p1b: Thunderbird|slp|[from] move: Spore\n|move|p2b: llehS|Eruption|p1a: Inari Okami|[spread] p1a,p1b\n|-damage|p1a: Inari Okami|49\/100\n|-damage|p1b: Thunderbird|80\/100 slp\n|\n|-weather|SunnyDay|[upkeep]\n|-heal|p1b: Thunderbird|86\/100 slp|[from] item: Leftovers\n|upkeep\n|turn|3\n|\n|t:|1701133438\n|move|p2b: llehS|Protect|p2b: llehS\n|-singleturn|p2b: llehS|Protect\n|cant|p1b: Thunderbird|slp\n|move|p1a: Inari Okami|Sandsear Storm|p2b: llehS|[spread] p2a\n|-activate|p2b: llehS|move: Protect\n|-resisted|p2a: Cloaked\n|-damage|p2a: Cloaked|72\/100\n|move|p2a: Cloaked|Seed Bomb|p1a: Inari Okami\n|-damage|p1a: Inari Okami|26\/100\n|\n|-weather|SunnyDay|[upkeep]\n|-heal|p1b: Thunderbird|92\/100 slp|[from] item: Leftovers\n|upkeep\n|turn|4\n|\n|t:|1701133464\n|-curestatus|p1b: Thunderbird|slp|[msg]\n|move|p1b: Thunderbird|Hurricane|p2a: Cloaked\n|-supereffective|p2a: Cloaked\n|-damage|p2a: Cloaked|0 fnt\n|faint|p2a: Cloaked\n|-end|p2a: Cloaked|Protosynthesis|[silent]\n|move|p1a: Inari Okami|U-turn|p2b: llehS\n|-resisted|p2b: llehS\n|-damage|p2b: llehS|24\/100\n|\n|t:|1701133474\n|switch|p1a: Crescent Moon|Cresselia, F|100\/100|[from] U-turn\n|move|p2b: llehS|Rest|p2b: llehS\n|-status|p2b: llehS|slp|[from] move: Rest\n|-heal|p2b: llehS|100\/100 slp|[silent]\n|-enditem|p2b: llehS|Chesto Berry|[eat]\n|-curestatus|p2b: llehS|slp|[msg]\n|\n|-weather|SunnyDay|[upkeep]\n|-heal|p1b: Thunderbird|98\/100|[from] item: Leftovers\n|-sideend|p1: pomomb|move: Tailwind\n|upkeep\n|\n|t:|1701133488\n|switch|p2a: Glider|Roaring Moon, shiny|100\/100\n|-activate|p2a: Glider|ability: Protosynthesis\n|-start|p2a: Glider|protosynthesisatk\n|turn|5\n|\n|t:|1701133501\n|move|p2a: Glider|Jaw Lock|p1a: Crescent Moon\n|-supereffective|p1a: Crescent Moon\n|-damage|p1a: Crescent Moon|40\/100\n|-activate|p2a: Glider|trapped\n|-activate|p1a: Crescent Moon|trapped\n|move|p1b: Thunderbird|Tailwind|p1b: Thunderbird\n|-sidestart|p1: pomomb|move: Tailwind\n|move|p1a: Crescent Moon|Ice Beam|p2a: Glider\n|-supereffective|p2a: Glider\n|-damage|p2a: Glider|73\/100\n|move|p2b: llehS|Eruption|p1b: Thunderbird|[spread] p1a,p1b\n|-damage|p1a: Crescent Moon|9\/100\n|-damage|p1b: Thunderbird|38\/100\n|\n|-weather|none\n|-end|p2a: Glider|Protosynthesis\n|-heal|p1b: Thunderbird|44\/100|[from] item: Leftovers\n|-fieldend|move: Gravity\n|upkeep\n|turn|6\n|\n|t:|1701133531\n|move|p1b: Thunderbird|Protect|p1b: Thunderbird\n|-singleturn|p1b: Thunderbird|Protect\n|move|p1a: Crescent Moon|Lunar Blessing|p1a: Crescent Moon|[spread] p1a,p1b\n|-heal|p1a: Crescent Moon|34\/100\n|-heal|p1b: Thunderbird|69\/100\n|move|p2a: Glider|Breaking Swipe|p1a: Crescent Moon|[spread] p1a\n|-activate|p1b: Thunderbird|move: Protect\n|-damage|p1a: Crescent Moon|18\/100\n|-unboost|p1a: Crescent Moon|atk|1\n|move|p2b: llehS|Eruption|p1a: Crescent Moon|[spread] p1a\n|-activate|p1b: Thunderbird|move: Protect\n|-damage|p1a: Crescent Moon|0 fnt\n|faint|p1a: Crescent Moon\n|\n|-heal|p1b: Thunderbird|75\/100|[from] item: Leftovers\n|upkeep\n|\n|t:|1701133553\n|switch|p1a: Inari Okami|Landorus-Therian, M|26\/100\n|-ability|p1a: Inari Okami|Intimidate|boost\n|-unboost|p2a: Glider|atk|1\n|-unboost|p2b: llehS|atk|1\n|turn|7\n|\n|t:|1701133566\n|move|p2b: llehS|Protect|p2b: llehS\n|-singleturn|p2b: llehS|Protect\n|move|p1b: Thunderbird|Hurricane|p2a: Glider\n|-damage|p2a: Glider|24\/100\n|-start|p2a: Glider|confusion\n|move|p1a: Inari Okami|Gravity|p1a: Inari Okami\n|-fieldstart|move: Gravity\n|-activate|p2a: Glider|confusion\n|move|p2a: Glider|Breaking Swipe|p1a: Inari Okami|[spread] p1a,p1b\n|-damage|p1a: Inari Okami|7\/100\n|-damage|p1b: Thunderbird|55\/100\n|-unboost|p1a: Inari Okami|atk|1\n|-unboost|p1b: Thunderbird|atk|1\n|-status|p2a: Glider|par|[from] ability: Static|[of] p1b: Thunderbird\n|\n|-heal|p1b: Thunderbird|61\/100|[from] item: Leftovers\n|upkeep\n|turn|8\n|\n|t:|1701133594\n|move|p1b: Thunderbird|Zap Cannon|p2b: llehS\n|-damage|p2b: llehS|43\/100\n|-status|p2b: llehS|par\n|move|p1a: Inari Okami|U-turn|p2a: Glider\n|-supereffective|p2a: Glider\n|-damage|p2a: Glider|0 fnt\n|faint|p2a: Glider\n|-end|p2a: Glider|Protosynthesis|[silent]\n|\n|t:|1701133607\n|switch|p1a: Frog|Toxicroak, M|100\/100|[from] U-turn\n|move|p2b: llehS|Eruption|p1a: Frog|[spread] p1a,p1b\n|-damage|p1a: Frog|81\/100\n|-damage|p1b: Thunderbird|45\/100\n|\n|-heal|p1b: Thunderbird|51\/100|[from] item: Leftovers\n|-sideend|p1: pomomb|move: Tailwind\n|upkeep\n|\n|t:|1701133631\n|switch|p2a: Doge|Okidogi, M|100\/100\n|turn|9\n|\n|t:|1701133651\n|move|p1b: Thunderbird|Zap Cannon|p2a: Doge\n|-damage|p2a: Doge|43\/100\n|-status|p2a: Doge|par\n|move|p1a: Frog|Dynamic Punch|p2a: Doge\n|-resisted|p2a: Doge\n|-damage|p2a: Doge|20\/100 par\n|-start|p2a: Doge|confusion\n|-activate|p2a: Doge|confusion\n|move|p2a: Doge|Fling|p1a: Frog\n|-resisted|p1a: Frog\n|-damage|p1a: Frog|72\/100\n|-enditem|p2a: Doge|Toxic Orb|[from] move: Fling\n|move|p2b: llehS|Rest|p2b: llehS\n|-status|p2b: llehS|slp|[from] move: Rest\n|-heal|p2b: llehS|100\/100 slp|[silent]\n|\n|-heal|p1b: Thunderbird|57\/100|[from] item: Leftovers\n|upkeep\n|turn|10\n|\n|t:|1701133692\n|move|p1b: Thunderbird|Tailwind|p1b: Thunderbird\n|-sidestart|p1: pomomb|move: Tailwind\n|move|p1a: Frog|Dynamic Punch|p2b: llehS\n|-damage|p2b: llehS|59\/100 slp\n|-start|p2b: llehS|confusion\n|-activate|p2a: Doge|confusion\n|-damage|p2a: Doge|8\/100 par|[from] confusion\n|cant|p2b: llehS|slp\n|\n|-heal|p1b: Thunderbird|63\/100|[from] item: Leftovers\n|upkeep\n|turn|11\n|-message|Kerm1t The FROG forfeited.\n|\n|win|pomomb\n|raw|pomomb's rating: 1191 &rarr; <strong>1210<\/strong><br \/>(+19 for winning)\n|raw|Kerm1t The FROG's rating: 1109 &rarr; <strong>1090<\/strong><br \/>(-19 for losing)\n|l|\u2606Kerm1t The FROG\n|c|\u2606pomomb|gg\n","uploadtime":1701133742,"views":23,"p1id":"pomomb","p2id":"kerm1tthefrog","formatid":"gen9doublesou","rating":1090,"private":0,"password":""}