{"id":"gen9doublesou-1990510551","p1":"vegetasfeet","p2":"Shadowcloak69","format":"[Gen 9] Doubles OU","log":"|j|\u2606vegetasfeet\n|j|\u2606Shadowcloak69\n|t:|1699977408\n|gametype|doubles\n|player|p1|vegetasfeet|brycen|1209\n|player|p2|Shadowcloak69|youngster|1088\n|teamsize|p1|6\n|teamsize|p2|6\n|gen|9\n|tier|[Gen 9] Doubles OU\n|rated|\n|rule|Species Clause: Limit one of each Pok\u00e9mon\n|rule|OHKO Clause: OHKO moves are banned\n|rule|Evasion Moves Clause: Evasion moves are banned\n|rule|Gravity Sleep Clause: The combination of sleep-inducing moves with imperfect accuracy and Gravity or Gigantamax Orbeetle are banned\n|rule|Endless Battle Clause: Forcing endless battles is banned\n|rule|HP Percentage Mod: HP is shown in percentages\n|clearpoke\n|poke|p1|Zapdos|\n|poke|p1|Grimmsnarl, M|\n|poke|p1|Basculegion-F, F|\n|poke|p1|Goodra-Hisui, F|\n|poke|p1|Politoed, F|\n|poke|p1|Tsareena, F|\n|poke|p2|Raichu, F|\n|poke|p2|Azumarill, F|\n|poke|p2|Dragonite, M|\n|poke|p2|Clefable, M|\n|poke|p2|Toxicroak, F|\n|poke|p2|Quagsire, F|\n|teampreview\n|\n|t:|1699977432\n|start\n|switch|p1a: Grimmsnarl|Grimmsnarl, M|100\/100\n|switch|p1b: Tsareena|Tsareena, F|100\/100\n|switch|p2a: Raichu|Raichu, F|100\/100\n|switch|p2b: Azumarill|Azumarill, F|100\/100\n|-item|p2a: Raichu|Air Balloon\n|turn|1\n|\n|t:|1699977474\n|move|p2a: Raichu|Fake Out||[still]\n|cant|p1b: Tsareena|ability: Queenly Majesty|Fake Out|[of] p2a: Raichu\n|move|p1b: Tsareena|Trop Kick|p2b: Azumarill\n|-supereffective|p2b: Azumarill\n|-damage|p2b: Azumarill|31\/100\n|-unboost|p2b: Azumarill|atk|1\n|move|p1a: Grimmsnarl|Spirit Break|p2a: Raichu\n|-damage|p2a: Raichu|21\/100\n|-unboost|p2a: Raichu|spa|1\n|-enditem|p2a: Raichu|Air Balloon\n|move|p2b: Azumarill|Rain Dance|p2b: Azumarill\n|-weather|RainDance\n|\n|-weather|RainDance|[upkeep]\n|upkeep\n|turn|2\n|\n|t:|1699977503\n|move|p1a: Grimmsnarl|Reflect|p1a: Grimmsnarl\n|-sidestart|p1: vegetasfeet|Reflect\n|move|p2a: Raichu|Volt Tackle|p1a: Grimmsnarl\n|-damage|p1a: Grimmsnarl|67\/100\n|-damage|p2a: Raichu|4\/100|[from] Recoil\n|move|p1b: Tsareena|Trop Kick|p2b: Azumarill\n|-supereffective|p2b: Azumarill\n|-damage|p2b: Azumarill|0 fnt\n|faint|p2b: Azumarill\n|\n|-weather|RainDance|[upkeep]\n|upkeep\n|\n|t:|1699977511\n|switch|p2b: Toxicroak|Toxicroak, F|100\/100\n|turn|3\n|\n|t:|1699977524\n|move|p2a: Raichu|Thunder|p1a: Grimmsnarl\n|-damage|p1a: Grimmsnarl|40\/100\n|move|p2b: Toxicroak|Gunk Shot|p1b: Tsareena|[miss]\n|-miss|p2b: Toxicroak|p1b: Tsareena\n|move|p1b: Tsareena|Trop Kick|p2b: Toxicroak\n|-resisted|p2b: Toxicroak\n|-damage|p2b: Toxicroak|74\/100\n|-unboost|p2b: Toxicroak|atk|1\n|move|p1a: Grimmsnarl|Spirit Break|p2a: Raichu\n|-damage|p2a: Raichu|0 fnt\n|faint|p2a: Raichu\n|\n|-weather|RainDance|[upkeep]\n|-heal|p2b: Toxicroak|86\/100|[from] ability: Dry Skin\n|-heal|p2b: Toxicroak|92\/100|[from] item: Black Sludge\n|upkeep\n|\n|t:|1699977537\n|switch|p2a: Clefable|Clefable, M|100\/100\n|turn|4\n|\n|t:|1699977551\n|move|p2b: Toxicroak|Gunk Shot|p1a: Grimmsnarl\n|-supereffective|p1a: Grimmsnarl\n|-damage|p1a: Grimmsnarl|0 fnt\n|faint|p1a: Grimmsnarl\n|move|p1b: Tsareena|Trop Kick|p2b: Toxicroak\n|-resisted|p2b: Toxicroak\n|-damage|p2b: Toxicroak|68\/100\n|-unboost|p2b: Toxicroak|atk|1\n|move|p2a: Clefable|Moonblast|p1b: Tsareena\n|-damage|p1b: Tsareena|67\/100\n|\n|-weather|RainDance|[upkeep]\n|-heal|p2b: Toxicroak|80\/100|[from] ability: Dry Skin\n|-heal|p2b: Toxicroak|86\/100|[from] item: Black Sludge\n|upkeep\n|\n|t:|1699977567\n|switch|p1a: Big Bird|Zapdos|100\/100\n|turn|5\n|\n|t:|1699977598\n|switch|p2b: Dragonite|Dragonite, M|100\/100\n|move|p1a: Big Bird|Hurricane|p2b: Dragonite\n|-damage|p2b: Dragonite|61\/100\n|move|p1b: Tsareena|Trop Kick|p2b: Dragonite\n|-resisted|p2b: Dragonite\n|-crit|p2b: Dragonite\n|-damage|p2b: Dragonite|47\/100\n|-unboost|p2b: Dragonite|atk|1\n|move|p2a: Clefable|Icy Wind|p1b: Tsareena|[spread] p1a,p1b\n|-supereffective|p1a: Big Bird\n|-crit|p1a: Big Bird\n|-supereffective|p1b: Tsareena\n|-damage|p1a: Big Bird|47\/100\n|-damage|p1b: Tsareena|49\/100\n|-unboost|p1a: Big Bird|spe|1\n|-unboost|p1b: Tsareena|spe|1\n|\n|-weather|none\n|upkeep\n|turn|6\n|\n|t:|1699977626\n|move|p2b: Dragonite|Outrage|p1a: Big Bird\n|-damage|p1a: Big Bird|12\/100\n|-status|p2b: Dragonite|par|[from] ability: Static|[of] p1a: Big Bird\n|-enditem|p2b: Dragonite|Lum Berry|[eat]\n|-curestatus|p2b: Dragonite|par|[msg]\n|move|p1a: Big Bird|Tailwind|p1a: Big Bird\n|-sidestart|p1: vegetasfeet|move: Tailwind\n|move|p1b: Tsareena|Trop Kick|p2a: Clefable\n|-damage|p2a: Clefable|62\/100\n|-unboost|p2a: Clefable|atk|1\n|move|p2a: Clefable|Life Dew|p2a: Clefable|[spread] p2a,p2b\n|-heal|p2a: Clefable|87\/100\n|-heal|p2b: Dragonite|72\/100\n|\n|upkeep\n|turn|7\n|\n|t:|1699977650\n|move|p1a: Big Bird|Hurricane|p2a: Clefable\n|-damage|p2a: Clefable|22\/100\n|move|p2b: Dragonite|Outrage|p1a: Big Bird|[from]lockedmove\n|-damage|p1a: Big Bird|0 fnt\n|faint|p1a: Big Bird\n|-start|p2b: Dragonite|confusion|[fatigue]\n|move|p1b: Tsareena|Trop Kick|p2a: Clefable\n|-damage|p2a: Clefable|0 fnt\n|faint|p2a: Clefable\n|\n|upkeep\n|\n|t:|1699977661\n|switch|p1a: Kermit the Frog|Politoed, F|100\/100\n|switch|p2a: Toxicroak|Toxicroak, F|86\/100\n|-weather|RainDance|[from] ability: Drizzle|[of] p1a: Kermit the Frog\n|turn|8\n|\n|t:|1699977683\n|switch|p2b: Quagsire|Quagsire, F|100\/100\n|move|p1a: Kermit the Frog|Icy Wind|p2a: Toxicroak|[spread] p2a,p2b\n|-damage|p2a: Toxicroak|72\/100\n|-damage|p2b: Quagsire|89\/100\n|-unboost|p2a: Toxicroak|spe|1\n|-unboost|p2b: Quagsire|spe|1\n|move|p1b: Tsareena|Trop Kick|p2b: Quagsire\n|-supereffective|p2b: Quagsire\n|-damage|p2b: Quagsire|0 fnt\n|faint|p2b: Quagsire\n|move|p2a: Toxicroak|Gunk Shot|p1b: Tsareena\n|-supereffective|p1b: Tsareena\n|-damage|p1b: Tsareena|0 fnt\n|faint|p1b: Tsareena\n|\n|-weather|RainDance|[upkeep]\n|-heal|p2a: Toxicroak|84\/100|[from] ability: Dry Skin\n|-heal|p2a: Toxicroak|90\/100|[from] item: Black Sludge\n|upkeep\n|\n|t:|1699977698\n|switch|p1b: Michael Phelps|Basculegion-F, F|100\/100\n|switch|p2b: Dragonite|Dragonite, M|72\/100\n|turn|9\n|\n|t:|1699977711\n|move|p1a: Kermit the Frog|Protect|p1a: Kermit the Frog\n|-singleturn|p1a: Kermit the Frog|Protect\n|move|p1b: Michael Phelps|Ice Beam|p2b: Dragonite\n|-supereffective|p2b: Dragonite\n|-damage|p2b: Dragonite|0 fnt\n|faint|p2b: Dragonite\n|move|p2a: Toxicroak|Gunk Shot|p1a: Kermit the Frog\n|-activate|p1a: Kermit the Frog|move: Protect\n|\n|-weather|RainDance|[upkeep]\n|-heal|p2a: Toxicroak|100\/100|[from] ability: Dry Skin\n|-sideend|p1: vegetasfeet|Reflect\n|-sideend|p1: vegetasfeet|move: Tailwind\n|upkeep\n|turn|10\n|\n|t:|1699977739\n|-terastallize|p1b: Michael Phelps|Ice\n|move|p1a: Kermit the Frog|Helping Hand|p1b: Michael Phelps\n|-singleturn|p1b: Michael Phelps|Helping Hand|[of] p1a: Kermit the Frog\n|move|p2a: Toxicroak|Sucker Punch|p1b: Michael Phelps\n|-damage|p1b: Michael Phelps|74\/100\n|move|p1b: Michael Phelps|Ice Beam|p2a: Toxicroak\n|-damage|p2a: Toxicroak|0 fnt\n|faint|p2a: Toxicroak\n|\n|win|vegetasfeet\n|raw|vegetasfeet's rating: 1209 &rarr; <strong>1226<\/strong><br \/>(+17 for winning)\n|raw|Shadowcloak69's rating: 1088 &rarr; <strong>1073<\/strong><br \/>(-15 for losing)\n|l|\u2606Shadowcloak69\n","uploadtime":1699977752,"views":13,"p1id":"vegetasfeet","p2id":"shadowcloak69","formatid":"gen9doublesou","rating":1073,"private":0,"password":""}