{"id":"gen9doublesou-1988765377","p1":"MopisEdibles","p2":"Chriz3007","format":"[Gen 9] Doubles OU","log":"|j|\u2606MopisEdibles\n|j|\u2606Chriz3007\n|inactive|Battle timer is ON: inactive players will automatically lose when time's up.\n|t:|1699760262\n|gametype|doubles\n|player|p1|MopisEdibles|flannery|\n|player|p2|Chriz3007|266|\n|teamsize|p1|6\n|teamsize|p2|6\n|gen|9\n|tier|[Gen 9] Doubles OU\n|rated|Tournament battle\n|rule|Species Clause: Limit one of each Pok\u00e9mon\n|rule|OHKO Clause: OHKO moves are banned\n|rule|Evasion Moves Clause: Evasion moves are banned\n|rule|Gravity Sleep Clause: The combination of sleep-inducing moves with imperfect accuracy and Gravity or Gigantamax Orbeetle are banned\n|rule|Endless Battle Clause: Forcing endless battles is banned\n|rule|HP Percentage Mod: HP is shown in percentages\n|clearpoke\n|poke|p1|Drakloak, F|\n|poke|p1|Bellsprout, F|\n|poke|p1|Deerling, F|\n|poke|p1|Vulpix-Alola, F|\n|poke|p1|Sandile, M|\n|poke|p1|Gligar, M|\n|poke|p2|Piloswine, M|\n|poke|p2|Meowth-Alola, F|\n|poke|p2|Dusclops, M|\n|poke|p2|Breloom, F|\n|poke|p2|Smoliv, F|\n|poke|p2|Vigoroth, M|\n|teampreview\n|j|*Lady Monita \u2746\n|j| doctor coolress\n|inactive|Chriz3007 has 120 seconds left.\n|\n|t:|1699760294\n|start\n|switch|p1a: Sandile|Sandile, M|100\/100\n|switch|p1b: Vulpix|Vulpix-Alola, F|100\/100\n|switch|p2a: Meowth|Meowth-Alola, F|100\/100\n|switch|p2b: Vigoroth|Vigoroth, M|100\/100\n|-weather|Snow|[from] ability: Snow Warning|[of] p1b: Vulpix\n|-ability|p1a: Sandile|Intimidate|boost\n|-unboost|p2a: Meowth|atk|1\n|-unboost|p2b: Vigoroth|atk|1\n|turn|1\n|\n|t:|1699760301\n|move|p2a: Meowth|Fake Out|p1b: Vulpix\n|-damage|p1b: Vulpix|94\/100\n|cant|p1b: Vulpix|flinch\n|move|p1a: Sandile|Stealth Rock|p2b: Vigoroth\n|-sidestart|p2: Chriz3007|move: Stealth Rock\n|move|p2b: Vigoroth|Bulk Up|p2b: Vigoroth\n|-boost|p2b: Vigoroth|atk|1\n|-boost|p2b: Vigoroth|def|1\n|\n|-weather|Snow|[upkeep]\n|upkeep\n|turn|2\n|inactive|Chriz3007 has 120 seconds left.\n|l| doctor coolress\n|inactive|Chriz3007 has 90 seconds left.\n|\n|t:|1699760367\n|move|p1b: Vulpix|Aurora Veil|p1b: Vulpix\n|-sidestart|p1: MopisEdibles|move: Aurora Veil\n|move|p1a: Sandile|Earthquake|p2b: Vigoroth|[spread] p1b,p2a,p2b\n|-damage|p1b: Vulpix|71\/100\n|-damage|p2a: Meowth|72\/100\n|-damage|p2b: Vigoroth|89\/100\n|move|p2b: Vigoroth|Bulk Up|p2b: Vigoroth\n|-boost|p2b: Vigoroth|atk|1\n|-boost|p2b: Vigoroth|def|1\n|move|p2a: Meowth|Knock Off|p1a: Sandile\n|-resisted|p1a: Sandile\n|-damage|p1a: Sandile|95\/100\n|-enditem|p1a: Sandile|Eviolite|[from] move: Knock Off|[of] p2a: Meowth\n|\n|-weather|Snow|[upkeep]\n|upkeep\n|turn|3\n|\n|t:|1699760384\n|move|p1b: Vulpix|Blizzard|p2a: Meowth|[spread] p2a,p2b\n|-damage|p2a: Meowth|40\/100\n|-damage|p2b: Vigoroth|72\/100\n|move|p1a: Sandile|Earthquake|p2a: Meowth|[spread] p1b,p2a,p2b\n|-damage|p1b: Vulpix|49\/100\n|-damage|p2a: Meowth|8\/100\n|-damage|p2b: Vigoroth|63\/100\n|move|p2b: Vigoroth|Bulk Up|p2b: Vigoroth\n|-boost|p2b: Vigoroth|atk|1\n|-boost|p2b: Vigoroth|def|1\n|move|p2a: Meowth|Parting Shot|p1b: Vulpix\n|-unboost|p1b: Vulpix|atk|1\n|-unboost|p1b: Vulpix|spa|1\n|inactive|Chriz3007 has 90 seconds left.\n|\n|t:|1699760399\n|switch|p2a: Piloswine|Piloswine, M|100\/100|[from] Parting Shot\n|-damage|p2a: Piloswine|88\/100|[from] Stealth Rock\n|\n|-weather|Snow|[upkeep]\n|upkeep\n|turn|4\n|\n|t:|1699760407\n|move|p1b: Vulpix|Blizzard|p2b: Vigoroth|[spread] p2a,p2b\n|-damage|p2a: Piloswine|81\/100\n|-damage|p2b: Vigoroth|52\/100\n|move|p1a: Sandile|Stone Edge|p2a: Piloswine\n|-damage|p2a: Piloswine|72\/100\n|move|p2b: Vigoroth|Slack Off|p2b: Vigoroth\n|-heal|p2b: Vigoroth|100\/100\n|move|p2a: Piloswine|Curse|p2a: Piloswine\n|-unboost|p2a: Piloswine|spe|1\n|-boost|p2a: Piloswine|atk|1\n|-boost|p2a: Piloswine|def|1\n|\n|-weather|Snow|[upkeep]\n|upkeep\n|turn|5\n|inactive|Chriz3007 has 120 seconds left.\n|\n|t:|1699760434\n|move|p1b: Vulpix|Blizzard|p2b: Vigoroth|[spread] p2a,p2b\n|-damage|p2a: Piloswine|65\/100\n|-damage|p2b: Vigoroth|91\/100\n|move|p1a: Sandile|Stone Edge|p2a: Piloswine\n|-damage|p2a: Piloswine|57\/100\n|move|p2b: Vigoroth|Bulk Up|p2b: Vigoroth\n|-boost|p2b: Vigoroth|atk|1\n|-boost|p2b: Vigoroth|def|1\n|move|p2a: Piloswine|Curse|p2a: Piloswine\n|-unboost|p2a: Piloswine|spe|1\n|-boost|p2a: Piloswine|atk|1\n|-boost|p2a: Piloswine|def|1\n|\n|-weather|none\n|upkeep\n|turn|6\n|\n|t:|1699760448\n|move|p1b: Vulpix|Blizzard|p2b: Vigoroth|[spread] p2a\n|-miss|p1b: Vulpix|p2b: Vigoroth\n|-damage|p2a: Piloswine|50\/100\n|move|p1a: Sandile|Stone Edge|p2a: Piloswine\n|-damage|p2a: Piloswine|42\/100\n|move|p2b: Vigoroth|Body Slam|p1b: Vulpix\n|-damage|p1b: Vulpix|0 fnt\n|faint|p1b: Vulpix\n|move|p2a: Piloswine|Icicle Crash|p1a: Sandile\n|-supereffective|p1a: Sandile\n|-damage|p1a: Sandile|0 fnt\n|faint|p1a: Sandile\n|\n|-sideend|p1: MopisEdibles|move: Aurora Veil\n|upkeep\n|\n|t:|1699760467\n|switch|p1b: Drakloak|Drakloak, F|100\/100\n|switch|p1a: Deerling|Deerling, F|100\/100\n|turn|7\n|inactive|Chriz3007 has 120 seconds left.\n|\n|t:|1699760502\n|move|p1b: Drakloak|Surf|p2b: Vigoroth|[spread] p1a,p2a,p2b\n|-resisted|p1a: Deerling\n|-supereffective|p2a: Piloswine\n|-damage|p1a: Deerling|85\/100\n|-damage|p2a: Piloswine|1\/100\n|-damage|p2b: Vigoroth|76\/100\n|move|p1a: Deerling|Thunder Wave|p2b: Vigoroth\n|-status|p2b: Vigoroth|par\n|move|p2b: Vigoroth|Body Slam|p1a: Deerling\n|-damage|p1a: Deerling|16\/100\n|move|p2a: Piloswine|Icicle Crash|p1b: Drakloak\n|-supereffective|p1b: Drakloak\n|-damage|p1b: Drakloak|0 fnt\n|faint|p1b: Drakloak\n|\n|upkeep\n|-message|MopisEdibles forfeited.\n|\n|win|Chriz3007\n|n|\u2606MopisEdibles|mopisedibles\n|n|\u2606Chriz3007|chriz3007\n|n|*Lady Monita \u2746|ladymonita\n","uploadtime":1699760515,"views":7,"p1id":"mopisedibles","p2id":"chriz3007","formatid":"gen9doublesou","rating":0,"private":0,"password":""}