{"id":"gen9doublesou-1993945463","p1":"poketough","p2":"tumblezz","format":"[Gen 9] Doubles OU","log":"|j|\u2606poketough\n|j|\u2606tumblezz\n|inactive|Battle timer is ON: inactive players will automatically lose when time's up.\n|t:|1700380306\n|gametype|doubles\n|player|p1|poketough|emmet|\n|player|p2|tumblezz|102|\n|teamsize|p1|6\n|teamsize|p2|6\n|gen|9\n|tier|[Gen 9] Doubles OU\n|rated|Tournament battle\n|rule|Species Clause: Limit one of each Pok\u00e9mon\n|rule|OHKO Clause: OHKO moves are banned\n|rule|Evasion Moves Clause: Evasion moves are banned\n|rule|Gravity Sleep Clause: The combination of sleep-inducing moves with imperfect accuracy and Gravity or Gigantamax Orbeetle are banned\n|rule|Endless Battle Clause: Forcing endless battles is banned\n|rule|HP Percentage Mod: HP is shown in percentages\n|clearpoke\n|poke|p1|Revavroom, F|\n|poke|p1|Qwilfish-Hisui, F|\n|poke|p1|Thwackey, M|\n|poke|p1|Dragapult, M|\n|poke|p1|Diglett, F|\n|poke|p1|Munchlax, F|\n|poke|p2|Lampent, F|\n|poke|p2|Gligar, M|\n|poke|p2|Spidops, F|\n|poke|p2|Crabrawler, F|\n|poke|p2|Kilowattrel, M|\n|poke|p2|Rellor, F|\n|teampreview\n|j|*Lady Monita \u2746\n|inactive|poketough also wants the timer to be on.\n|inactive|poketough has 120 seconds left.\n|inactive|poketough has 90 seconds left.\n|\n|t:|1700380369\n|start\n|switch|p1a: Thwackey|Thwackey, M|100\/100\n|switch|p1b: Dragapult|Dragapult, M|100\/100\n|switch|p2a: Spidops|Spidops, F|100\/100\n|switch|p2b: Gligar|Gligar, M|100\/100\n|-fieldstart|move: Grassy Terrain|[from] ability: Grassy Surge|[of] p1a: Thwackey\n|turn|1\n|\n|t:|1700380378\n|move|p1a: Thwackey|Fake Out|p2a: Spidops\n|-damage|p2a: Spidops|89\/100\n|move|p1b: Dragapult|Draco Meteor|p2b: Gligar\n|-damage|p2b: Gligar|29\/100\n|-unboost|p1b: Dragapult|spa|2\n|-damage|p1b: Dragapult|91\/100|[from] item: Life Orb\n|move|p2b: Gligar|Knock Off|p1b: Dragapult\n|-supereffective|p1b: Dragapult\n|-damage|p1b: Dragapult|38\/100\n|-enditem|p1b: Dragapult|Life Orb|[from] move: Knock Off|[of] p2b: Gligar\n|cant|p2a: Spidops|flinch\n|\n|-heal|p1b: Dragapult|44\/100|[from] Grassy Terrain\n|-heal|p2a: Spidops|95\/100|[from] Grassy Terrain\n|upkeep\n|turn|2\n|\n|t:|1700380405\n|move|p1b: Dragapult|Shadow Ball|p2b: Gligar\n|-damage|p2b: Gligar|12\/100\n|move|p1a: Thwackey|U-turn|p2b: Gligar\n|-resisted|p2b: Gligar\n|-damage|p2b: Gligar|8\/100\n|\n|t:|1700380415\n|switch|p1a: Qwilfish|Qwilfish-Hisui, F|100\/100|[from] U-turn\n|-ability|p1a: Qwilfish|Intimidate|boost\n|-unboost|p2a: Spidops|atk|1\n|-unboost|p2b: Gligar|atk|1\n|move|p2b: Gligar|Knock Off|p1b: Dragapult\n|-supereffective|p1b: Dragapult\n|-crit|p1b: Dragapult\n|-damage|p1b: Dragapult|0 fnt\n|faint|p1b: Dragapult\n|move|p2a: Spidops|Sticky Web|p1a: Qwilfish\n|-sidestart|p1: poketough|move: Sticky Web\n|\n|-heal|p2a: Spidops|100\/100|[from] Grassy Terrain\n|upkeep\n|inactive|poketough has 120 seconds left.\n|\n|t:|1700380428\n|switch|p1b: Diglett|Diglett, F|100\/100\n|-activate|p1b: Diglett|move: Sticky Web\n|-unboost|p1b: Diglett|spe|1\n|turn|3\n|\n|t:|1700380446\n|move|p1a: Qwilfish|Liquidation|p2b: Gligar\n|-supereffective|p2b: Gligar\n|-crit|p2b: Gligar\n|-damage|p2b: Gligar|0 fnt\n|faint|p2b: Gligar\n|move|p1b: Diglett|Stealth Rock|p2a: Spidops\n|-sidestart|p2: tumblezz|move: Stealth Rock\n|move|p2a: Spidops|Spikes|p1b: Diglett\n|-sidestart|p1: poketough|Spikes\n|\n|upkeep\n|\n|t:|1700380461\n|switch|p2b: Crabrawler|Crabrawler, F|100\/100\n|-damage|p2b: Crabrawler|95\/100|[from] Stealth Rock\n|turn|4\n|\n|t:|1700380484\n|move|p1a: Qwilfish|Liquidation|p2b: Crabrawler\n|-damage|p2b: Crabrawler|66\/100\n|move|p2b: Crabrawler|Bulk Up|p2b: Crabrawler\n|-boost|p2b: Crabrawler|atk|1\n|-boost|p2b: Crabrawler|def|1\n|move|p1b: Diglett|Final Gambit|p2b: Crabrawler\n|-damage|p2b: Crabrawler|0 fnt\n|faint|p1b: Diglett\n|faint|p2b: Crabrawler\n|move|p2a: Spidops|Spikes|p1a: Qwilfish\n|-sidestart|p1: poketough|Spikes\n|\n|upkeep\n|\n|t:|1700380507\n|switch|p1b: Revavroom|Revavroom, F, shiny|100\/100\n|switch|p2b: Lampent|Lampent, F|100\/100\n|-activate|p1b: Revavroom|move: Sticky Web\n|-unboost|p1b: Revavroom|spe|1\n|-damage|p1b: Revavroom|84\/100|[from] Spikes\n|-damage|p2b: Lampent|76\/100|[from] Stealth Rock\n|turn|5\n|\n|t:|1700380531\n|-terastallize|p2b: Lampent|Grass\n|move|p1a: Qwilfish|Liquidation|p2b: Lampent\n|-resisted|p2b: Lampent\n|-damage|p2b: Lampent|53\/100\n|-unboost|p2b: Lampent|def|1\n|move|p2b: Lampent|Flamethrower|p1b: Revavroom\n|-supereffective|p1b: Revavroom\n|-damage|p1b: Revavroom|0 fnt\n|faint|p1b: Revavroom\n|move|p2a: Spidops|Circle Throw|p1a: Qwilfish\n|-damage|p1a: Qwilfish|89\/100\n|drag|p1a: Thwackey|Thwackey, M|100\/100\n|-activate|p1a: Thwackey|move: Sticky Web\n|-unboost|p1a: Thwackey|spe|1\n|-damage|p1a: Thwackey|84\/100|[from] Spikes\n|\n|-heal|p2b: Lampent|59\/100|[from] Grassy Terrain\n|-heal|p1a: Thwackey|90\/100|[from] Grassy Terrain\n|-fieldend|move: Grassy Terrain\n|upkeep\n|\n|t:|1700380546\n|switch|p1b: Munchlax|Munchlax, F|100\/100\n|-activate|p1b: Munchlax|move: Sticky Web\n|-unboost|p1b: Munchlax|spe|1\n|-damage|p1b: Munchlax|84\/100|[from] Spikes\n|turn|6\n|\n|t:|1700380573\n|move|p1a: Thwackey|Fake Out|p2b: Lampent\n|-damage|p2b: Lampent|28\/100\n|cant|p2b: Lampent|flinch\n|move|p1b: Munchlax|Gunk Shot|p2b: Lampent\n|-supereffective|p2b: Lampent\n|-damage|p2b: Lampent|0 fnt\n|faint|p2b: Lampent\n|move|p2a: Spidops|Circle Throw|p1b: Munchlax\n|-supereffective|p1b: Munchlax\n|-crit|p1b: Munchlax\n|-damage|p1b: Munchlax|38\/100\n|drag|p1b: Qwilfish|Qwilfish-Hisui, F|89\/100\n|-activate|p1b: Qwilfish|move: Sticky Web\n|-unboost|p1b: Qwilfish|spe|1\n|-damage|p1b: Qwilfish|72\/100|[from] Spikes\n|-ability|p1b: Qwilfish|Intimidate|boost\n|-unboost|p2a: Spidops|atk|1\n|\n|upkeep\n|\n|t:|1700380584\n|switch|p2b: Kilowattrel|Kilowattrel, M|100\/100\n|-damage|p2b: Kilowattrel|76\/100|[from] Stealth Rock\n|turn|7\n|\n|t:|1700380608\n|switch|p1a: Munchlax|Munchlax, F|38\/100\n|-activate|p1a: Munchlax|move: Sticky Web\n|-unboost|p1a: Munchlax|spe|1\n|-damage|p1a: Munchlax|21\/100|[from] Spikes\n|switch|p2a: Rellor|Rellor, F|100\/100\n|-damage|p2a: Rellor|76\/100|[from] Stealth Rock\n|move|p2b: Kilowattrel|Air Slash|p1a: Munchlax\n|-damage|p1a: Munchlax|3\/100\n|move|p1b: Qwilfish|Crunch|p2b: Kilowattrel\n|-damage|p2b: Kilowattrel|8\/100\n|\n|upkeep\n|turn|8\n|\n|t:|1700380629\n|move|p1b: Qwilfish|Aqua Jet|p2b: Kilowattrel\n|-damage|p2b: Kilowattrel|0 fnt\n|faint|p2b: Kilowattrel\n|move|p2a: Rellor|Cosmic Power|p2a: Rellor\n|-boost|p2a: Rellor|def|1\n|-boost|p2a: Rellor|spd|1\n|move|p1a: Munchlax|Body Slam|p2a: Rellor\n|-damage|p2a: Rellor|52\/100\n|-status|p2a: Rellor|par\n|\n|upkeep\n|\n|t:|1700380638\n|switch|p2b: Spidops|Spidops, F|100\/100\n|-damage|p2b: Spidops|76\/100|[from] Stealth Rock\n|turn|9\n|\n|t:|1700380652\n|move|p1b: Qwilfish|Crunch|p2a: Rellor\n|-damage|p2a: Rellor|30\/100 par\n|cant|p2a: Rellor|par\n|move|p1a: Munchlax|Rock Slide|p2a: Rellor|[spread] p2a,p2b\n|-supereffective|p2a: Rellor\n|-supereffective|p2b: Spidops\n|-damage|p2a: Rellor|12\/100 par\n|-damage|p2b: Spidops|40\/100\n|move|p2b: Spidops|Circle Throw|p1b: Qwilfish|[miss]\n|-miss|p2b: Spidops|p1b: Qwilfish\n|\n|upkeep\n|turn|10\n|\n|t:|1700380669\n|move|p1b: Qwilfish|Crunch|p2a: Rellor\n|-crit|p2a: Rellor\n|-damage|p2a: Rellor|0 fnt\n|faint|p2a: Rellor\n|move|p1a: Munchlax|Rock Slide|p2b: Spidops\n|-supereffective|p2b: Spidops\n|-damage|p2b: Spidops|0 fnt\n|faint|p2b: Spidops\n|\n|win|poketough\n|n|\u2606poketough|poketough\n|n|\u2606tumblezz|tumblezz\n|n|*Lady Monita \u2746|ladymonita\n","uploadtime":1700380670,"views":5,"p1id":"poketough","p2id":"tumblezz","formatid":"gen9doublesou","rating":0,"private":0,"password":""}