{"id":"gen9doublesou-1979608400","p1":"Solstorm5","p2":"Docteur Grandhomme","format":"[Gen 9] Doubles OU","log":"|j|\u2606Solstorm5\n|j|\u2606Docteur Grandhomme\n|inactive|Battle timer is ON: inactive players will automatically lose when time's up.\n|t:|1698696307\n|gametype|doubles\n|player|p1|Solstorm5|marnie-masters3|\n|player|p2|Docteur Grandhomme|diantha-masters|\n|teamsize|p1|6\n|teamsize|p2|6\n|gen|9\n|tier|[Gen 9] Doubles OU\n|rated|Tournament battle\n|rule|Species Clause: Limit one of each Pok\u00e9mon\n|rule|OHKO Clause: OHKO moves are banned\n|rule|Evasion Moves Clause: Evasion moves are banned\n|rule|Gravity Sleep Clause: The combination of sleep-inducing moves with imperfect accuracy and Gravity or Gigantamax Orbeetle are banned\n|rule|Endless Battle Clause: Forcing endless battles is banned\n|rule|HP Percentage Mod: HP is shown in percentages\n|clearpoke\n|poke|p1|Clefairy, F|\n|poke|p1|Kommo-o, M|\n|poke|p1|Rillaboom, M|\n|poke|p1|Landorus-Therian, M|\n|poke|p1|Ursaluna, F|\n|poke|p1|Sinistcha|\n|poke|p2|Grimmsnarl, M|\n|poke|p2|Ursaluna-Bloodmoon, M|\n|poke|p2|Cresselia, F|\n|poke|p2|Sinistcha|\n|poke|p2|Garganacl, M|\n|poke|p2|Volcanion|\n|teampreview\n|j|*Lady Monita \u263d\n|inactive|Docteur Grandhomme also wants the timer to be on.\n|c|\u2606Docteur Grandhomme|ugh similar ideas\n|inactive|Solstorm5 has 120 seconds left.\n|c|\u2606Solstorm5|hfhf :)\n|inactive|Solstorm5 has 90 seconds left.\n|c|\u2606Docteur Grandhomme|u2\n|\n|t:|1698696389\n|start\n|switch|p1a: Rillaboom|Rillaboom, M|100\/100\n|switch|p1b: Ursaluna|Ursaluna, F|100\/100\n|switch|p2a: Grimmsnarl|Grimmsnarl, M|100\/100\n|switch|p2b: Garganacl|Garganacl, M|100\/100\n|-fieldstart|move: Grassy Terrain|[from] ability: Grassy Surge|[of] p1a: Rillaboom\n|turn|1\n|\n|t:|1698696404\n|move|p2a: Grimmsnarl|Reflect|p2a: Grimmsnarl\n|-sidestart|p2: Docteur Grandhomme|Reflect\n|move|p1a: Rillaboom|Wood Hammer|p2b: Garganacl\n|-supereffective|p2b: Garganacl\n|-damage|p2b: Garganacl|38\/100\n|-damage|p1a: Rillaboom|80\/100|[from] Recoil\n|move|p1b: Ursaluna|Swords Dance|p1b: Ursaluna\n|-boost|p1b: Ursaluna|atk|2\n|move|p2b: Garganacl|Salt Cure|p1b: Ursaluna\n|-resisted|p1b: Ursaluna\n|-damage|p1b: Ursaluna|95\/100\n|-start|p1b: Ursaluna|Salt Cure\n|\n|-heal|p1a: Rillaboom|86\/100|[from] Grassy Terrain\n|-heal|p1b: Ursaluna|100\/100|[from] Grassy Terrain\n|-heal|p2b: Garganacl|44\/100|[from] Grassy Terrain\n|-heal|p2b: Garganacl|50\/100|[from] item: Leftovers\n|-damage|p1b: Ursaluna|88\/100|[from] Salt Cure\n|-status|p1b: Ursaluna|brn|[from] item: Flame Orb\n|upkeep\n|turn|2\n|\n|t:|1698696424\n|switch|p2a: Sinistcha|Sinistcha|100\/100\n|-heal|p2b: Garganacl|75\/100|[from] ability: Hospitality|[of] p2a: Sinistcha\n|move|p2b: Garganacl|Protect|p2b: Garganacl\n|-singleturn|p2b: Garganacl|Protect\n|move|p1a: Rillaboom|Wood Hammer|p2b: Garganacl\n|-activate|p2b: Garganacl|move: Protect\n|move|p1b: Ursaluna|Facade|p2a: Sinistcha\n|-immune|p2a: Sinistcha\n|\n|-heal|p1a: Rillaboom|92\/100|[from] Grassy Terrain\n|-heal|p1b: Ursaluna|94\/100 brn|[from] Grassy Terrain\n|-heal|p2b: Garganacl|82\/100|[from] Grassy Terrain\n|-heal|p2b: Garganacl|88\/100|[from] item: Leftovers\n|-damage|p1b: Ursaluna|88\/100 brn|[from] brn\n|-damage|p1b: Ursaluna|75\/100 brn|[from] Salt Cure\n|upkeep\n|turn|3\n|\n|t:|1698696448\n|switch|p2b: Grimmsnarl|Grimmsnarl, M|100\/100\n|move|p1a: Rillaboom|Wood Hammer|p2b: Grimmsnarl\n|-damage|p2b: Grimmsnarl|32\/100\n|-damage|p1a: Rillaboom|70\/100|[from] Recoil\n|move|p2a: Sinistcha|Matcha Gotcha|p1b: Ursaluna|[spread] p1a,p1b\n|-resisted|p1a: Rillaboom\n|-supereffective|p1b: Ursaluna\n|-damage|p1a: Rillaboom|55\/100\n|-damage|p1b: Ursaluna|17\/100 brn\n|move|p1b: Ursaluna|High Horsepower|p2b: Grimmsnarl\n|-damage|p2b: Grimmsnarl|0 fnt\n|faint|p2b: Grimmsnarl\n|\n|-heal|p1a: Rillaboom|61\/100|[from] Grassy Terrain\n|-heal|p1b: Ursaluna|24\/100 brn|[from] Grassy Terrain\n|-damage|p1b: Ursaluna|17\/100 brn|[from] brn\n|-damage|p1b: Ursaluna|5\/100 brn|[from] Salt Cure\n|upkeep\n|inactive|Docteur Grandhomme has 120 seconds left.\n|\n|t:|1698696464\n|switch|p2b: Garganacl|Garganacl, M|88\/100\n|turn|4\n|\n|t:|1698696471\n|switch|p1b: Sinistcha|Sinistcha|100\/100\n|-heal|p1a: Rillaboom|86\/100|[from] ability: Hospitality|[of] p1b: Sinistcha\n|move|p2b: Garganacl|Protect|p2b: Garganacl\n|-singleturn|p2b: Garganacl|Protect\n|move|p1a: Rillaboom|Wood Hammer|p2b: Garganacl\n|-activate|p2b: Garganacl|move: Protect\n|move|p2a: Sinistcha|Matcha Gotcha|p1a: Rillaboom|[spread] p1a,p1b\n|-resisted|p1a: Rillaboom\n|-resisted|p1b: Sinistcha\n|-damage|p1a: Rillaboom|70\/100\n|-damage|p1b: Sinistcha|83\/100\n|\n|-heal|p1a: Rillaboom|76\/100|[from] Grassy Terrain\n|-heal|p1b: Sinistcha|89\/100|[from] Grassy Terrain\n|-heal|p2b: Garganacl|94\/100|[from] Grassy Terrain\n|-heal|p2b: Garganacl|99\/100|[from] item: Leftovers\n|upkeep\n|turn|5\n|\n|t:|1698696484\n|-terastallize|p2b: Garganacl|Poison\n|move|p1a: Rillaboom|Wood Hammer|p2b: Garganacl\n|-resisted|p2b: Garganacl\n|-damage|p2b: Garganacl|85\/100\n|-damage|p1a: Rillaboom|71\/100|[from] Recoil\n|move|p2a: Sinistcha|Calm Mind|p2a: Sinistcha\n|-boost|p2a: Sinistcha|spa|1\n|-boost|p2a: Sinistcha|spd|1\n|move|p1b: Sinistcha|Matcha Gotcha|p2b: Garganacl|[spread] p2a,p2b\n|-resisted|p2a: Sinistcha\n|-resisted|p2b: Garganacl\n|-damage|p2a: Sinistcha|89\/100\n|-heal|p1b: Sinistcha|94\/100|[from] drain|[of] p2a: Sinistcha\n|-damage|p2b: Garganacl|70\/100\n|-heal|p1b: Sinistcha|100\/100|[from] drain|[of] p2b: Garganacl\n|move|p2b: Garganacl|Salt Cure|p1b: Sinistcha\n|-damage|p1b: Sinistcha|87\/100\n|-start|p1b: Sinistcha|Salt Cure\n|\n|-heal|p1a: Rillaboom|77\/100|[from] Grassy Terrain\n|-heal|p2a: Sinistcha|95\/100|[from] Grassy Terrain\n|-heal|p2a: Sinistcha|100\/100|[from] item: Leftovers\n|-heal|p1b: Sinistcha|93\/100|[from] Grassy Terrain\n|-heal|p2b: Garganacl|76\/100|[from] Grassy Terrain\n|-heal|p2b: Garganacl|82\/100|[from] item: Leftovers\n|-damage|p1b: Sinistcha|81\/100|[from] Salt Cure\n|-fieldend|move: Grassy Terrain\n|upkeep\n|turn|6\n|\n|t:|1698696502\n|switch|p1b: Landorus|Landorus-Therian, M|100\/100\n|-ability|p1b: Landorus|Intimidate|boost\n|-unboost|p2a: Sinistcha|atk|1\n|-unboost|p2b: Garganacl|atk|1\n|move|p1a: Rillaboom|U-turn|p2a: Sinistcha\n|-damage|p2a: Sinistcha|84\/100\n|\n|t:|1698696516\n|switch|p1a: Kommo-o|Kommo-o, M|100\/100|[from] U-turn\n|move|p2a: Sinistcha|Calm Mind|p2a: Sinistcha\n|-boost|p2a: Sinistcha|spa|1\n|-boost|p2a: Sinistcha|spd|1\n|move|p2b: Garganacl|Salt Cure|p1a: Kommo-o\n|-resisted|p1a: Kommo-o\n|-damage|p1a: Kommo-o|96\/100\n|-start|p1a: Kommo-o|Salt Cure\n|\n|-heal|p2a: Sinistcha|90\/100|[from] item: Leftovers\n|-heal|p2b: Garganacl|89\/100|[from] item: Leftovers\n|-damage|p1a: Kommo-o|83\/100|[from] Salt Cure\n|upkeep\n|turn|7\n|\n|t:|1698696531\n|switch|p2b: Cresselia|Cresselia, F|100\/100\n|-terastallize|p1b: Landorus|Flying\n|move|p1b: Landorus|Tera Blast|p2a: Sinistcha|[anim] Tera Blast Flying\n|-supereffective|p2a: Sinistcha\n|-damage|p2a: Sinistcha|14\/100\n|move|p1a: Kommo-o|Fire Punch|p2a: Sinistcha\n|-supereffective|p2a: Sinistcha\n|-damage|p2a: Sinistcha|0 fnt\n|faint|p2a: Sinistcha\n|\n|-damage|p1a: Kommo-o|71\/100|[from] Salt Cure\n|upkeep\n|\n|t:|1698696544\n|switch|p2a: Garganacl|Garganacl, M, tera:Poison|89\/100\n|turn|8\n|inactive|Solstorm5 has 120 seconds left.\n|\n|t:|1698696603\n|switch|p1b: Rillaboom|Rillaboom, M|77\/100\n|-fieldstart|move: Grassy Terrain|[from] ability: Grassy Surge|[of] p1b: Rillaboom\n|switch|p1a: Sinistcha|Sinistcha|81\/100\n|-heal|p1b: Rillaboom|100\/100|[from] ability: Hospitality|[of] p1a: Sinistcha\n|move|p2b: Cresselia|Icy Wind|p1b: Rillaboom|[spread] p1a,p1b\n|-supereffective|p1a: Sinistcha\n|-supereffective|p1b: Rillaboom\n|-damage|p1a: Sinistcha|68\/100\n|-damage|p1b: Rillaboom|90\/100\n|-unboost|p1a: Sinistcha|spe|1\n|-unboost|p1b: Rillaboom|spe|1\n|move|p2a: Garganacl|Salt Cure|p1b: Rillaboom\n|-damage|p1b: Rillaboom|77\/100\n|-start|p1b: Rillaboom|Salt Cure\n|\n|-heal|p1b: Rillaboom|83\/100|[from] Grassy Terrain\n|-heal|p2a: Garganacl|95\/100|[from] Grassy Terrain\n|-heal|p2a: Garganacl|100\/100|[from] item: Leftovers\n|-heal|p1a: Sinistcha|74\/100|[from] Grassy Terrain\n|-damage|p1b: Rillaboom|71\/100|[from] Salt Cure\n|-sideend|p2: Docteur Grandhomme|Reflect\n|upkeep\n|turn|9\n|\n|t:|1698696620\n|move|p2b: Cresselia|Icy Wind|p1b: Rillaboom|[spread] p1a,p1b\n|-supereffective|p1a: Sinistcha\n|-supereffective|p1b: Rillaboom\n|-damage|p1a: Sinistcha|60\/100\n|-damage|p1b: Rillaboom|59\/100\n|-unboost|p1a: Sinistcha|spe|1\n|-unboost|p1b: Rillaboom|spe|1\n|move|p2a: Garganacl|Salt Cure|p1a: Sinistcha\n|-crit|p1a: Sinistcha\n|-damage|p1a: Sinistcha|41\/100\n|-start|p1a: Sinistcha|Salt Cure\n|-enditem|p1a: Sinistcha|Sitrus Berry|[eat]\n|-heal|p1a: Sinistcha|66\/100|[from] item: Sitrus Berry\n|move|p1b: Rillaboom|Wood Hammer|p2b: Cresselia\n|-damage|p2b: Cresselia|51\/100\n|-damage|p1b: Rillaboom|41\/100|[from] Recoil\n|move|p1a: Sinistcha|Matcha Gotcha|p2b: Cresselia|[spread] p2a,p2b\n|-resisted|p2a: Garganacl\n|-damage|p2a: Garganacl|86\/100\n|-heal|p1a: Sinistcha|74\/100|[from] drain|[of] p2a: Garganacl\n|-damage|p2b: Cresselia|31\/100\n|-heal|p1a: Sinistcha|88\/100|[from] drain|[of] p2b: Cresselia\n|\n|-heal|p2b: Cresselia|37\/100|[from] item: Leftovers\n|-heal|p2a: Garganacl|92\/100|[from] Grassy Terrain\n|-heal|p2a: Garganacl|98\/100|[from] item: Leftovers\n|-heal|p1b: Rillaboom|47\/100|[from] Grassy Terrain\n|-heal|p1a: Sinistcha|94\/100|[from] Grassy Terrain\n|-damage|p1b: Rillaboom|35\/100|[from] Salt Cure\n|-damage|p1a: Sinistcha|81\/100|[from] Salt Cure\n|upkeep\n|turn|10\n|inactive|Solstorm5 has 120 seconds left.\n|\n|t:|1698696648\n|switch|p2a: Volcanion|Volcanion|100\/100\n|move|p2b: Cresselia|Lunar Blessing|p2b: Cresselia|[spread] p2a,p2b\n|-heal|p2b: Cresselia|62\/100\n|move|p1b: Rillaboom|U-turn|p2b: Cresselia\n|-supereffective|p2b: Cresselia\n|-damage|p2b: Cresselia|34\/100\n|inactive|Solstorm5 has 90 seconds left.\n|\n|t:|1698696671\n|switch|p1b: Landorus|Landorus-Therian, M, tera:Flying|100\/100|[from] U-turn\n|-ability|p1b: Landorus|Intimidate|boost\n|-unboost|p2a: Volcanion|atk|1\n|-unboost|p2b: Cresselia|atk|1\n|move|p1a: Sinistcha|Matcha Gotcha|p2b: Cresselia|[spread] p2a,p2b\n|-damage|p2a: Volcanion|71\/100\n|-heal|p1a: Sinistcha|97\/100|[from] drain|[of] p2a: Volcanion\n|-damage|p2b: Cresselia|13\/100\n|-heal|p1a: Sinistcha|100\/100|[from] drain|[of] p2b: Cresselia\n|\n|-heal|p2b: Cresselia|19\/100|[from] item: Leftovers\n|-heal|p2a: Volcanion|77\/100|[from] Grassy Terrain\n|-heal|p2a: Volcanion|83\/100|[from] item: Leftovers\n|-damage|p1a: Sinistcha|88\/100|[from] Salt Cure\n|upkeep\n|turn|11\n|\n|t:|1698696685\n|move|p1b: Landorus|Stomping Tantrum|p2a: Volcanion\n|-supereffective|p2a: Volcanion\n|-damage|p2a: Volcanion|8\/100\n|move|p2b: Cresselia|Lunar Blessing|p2b: Cresselia|[spread] p2a,p2b\n|-heal|p2a: Volcanion|33\/100\n|-heal|p2b: Cresselia|44\/100\n|move|p2a: Volcanion|Heat Wave|p1a: Sinistcha|[spread] p1a,p1b\n|-supereffective|p1a: Sinistcha\n|-damage|p1a: Sinistcha|15\/100\n|-damage|p1b: Landorus|47\/100\n|move|p1a: Sinistcha|Matcha Gotcha|p2a: Volcanion|[spread] p2b\n|-miss|p1a: Sinistcha|p2a: Volcanion\n|-damage|p2b: Cresselia|24\/100\n|-heal|p1a: Sinistcha|28\/100|[from] drain|[of] p2b: Cresselia\n|\n|-heal|p2b: Cresselia|30\/100|[from] item: Leftovers\n|-heal|p2a: Volcanion|39\/100|[from] Grassy Terrain\n|-heal|p2a: Volcanion|45\/100|[from] item: Leftovers\n|-heal|p1a: Sinistcha|34\/100|[from] Grassy Terrain\n|-damage|p1a: Sinistcha|22\/100|[from] Salt Cure\n|upkeep\n|turn|12\n|inactive|Solstorm5 has 120 seconds left.\n|\n|t:|1698696710\n|switch|p1a: Clefairy|Clefairy, F|100\/100\n|move|p2a: Volcanion|Protect|p2a: Volcanion\n|-singleturn|p2a: Volcanion|Protect\n|move|p1b: Landorus|Stomping Tantrum|p2a: Volcanion\n|-activate|p2a: Volcanion|move: Protect\n|move|p2b: Cresselia|Icy Wind|p1b: Landorus|[spread] p1a,p1b\n|-supereffective|p1b: Landorus\n|-damage|p1a: Clefairy|94\/100\n|-damage|p1b: Landorus|35\/100\n|-unboost|p1a: Clefairy|spe|1\n|-unboost|p1b: Landorus|spe|1\n|\n|-heal|p2b: Cresselia|36\/100|[from] item: Leftovers\n|-heal|p2a: Volcanion|51\/100|[from] Grassy Terrain\n|-heal|p2a: Volcanion|57\/100|[from] item: Leftovers\n|-heal|p1a: Clefairy|100\/100|[from] Grassy Terrain\n|-fieldend|move: Grassy Terrain\n|upkeep\n|turn|13\n|\n|t:|1698696723\n|move|p1b: Landorus|Stomping Tantrum|p2a: Volcanion\n|-supereffective|p2a: Volcanion\n|-damage|p2a: Volcanion|0 fnt\n|faint|p2a: Volcanion\n|move|p2b: Cresselia|Icy Wind|p1b: Landorus|[spread] p1a,p1b\n|-supereffective|p1b: Landorus\n|-damage|p1a: Clefairy|95\/100\n|-damage|p1b: Landorus|21\/100\n|-unboost|p1a: Clefairy|spe|1\n|-unboost|p1b: Landorus|spe|1\n|move|p1a: Clefairy|Heal Pulse|p1b: Landorus\n|-heal|p1b: Landorus|71\/100\n|\n|-heal|p2b: Cresselia|42\/100|[from] item: Leftovers\n|upkeep\n|\n|t:|1698696730\n|switch|p2a: Ursaluna|Ursaluna-Bloodmoon, M|100\/100\n|turn|14\n|inactive|Solstorm5 has 120 seconds left.\n|\n|t:|1698696776\n|switch|p1b: Kommo-o|Kommo-o, M|71\/100\n|move|p2b: Cresselia|Icy Wind|p1a: Clefairy|[spread] p1a,p1b\n|-supereffective|p1b: Kommo-o\n|-damage|p1a: Clefairy|90\/100\n|-damage|p1b: Kommo-o|60\/100\n|-unboost|p1a: Clefairy|spe|1\n|move|p2a: Ursaluna|Blood Moon|p1b: Kommo-o\n|-damage|p1b: Kommo-o|0 fnt\n|faint|p1b: Kommo-o\n|move|p1a: Clefairy|Heal Pulse|p1: Kommo-o|[notarget]\n|-fail|p1a: Clefairy\n|\n|-heal|p2b: Cresselia|48\/100|[from] item: Leftovers\n|upkeep\n|\n|t:|1698696789\n|switch|p1b: Rillaboom|Rillaboom, M|35\/100\n|-fieldstart|move: Grassy Terrain|[from] ability: Grassy Surge|[of] p1b: Rillaboom\n|turn|15\n|inactive|Solstorm5 has 120 seconds left.\n|\n|t:|1698696810\n|switch|p2a: Garganacl|Garganacl, M, tera:Poison|98\/100\n|move|p1b: Rillaboom|Wood Hammer|p2a: Garganacl\n|-resisted|p2a: Garganacl\n|-damage|p2a: Garganacl|76\/100\n|-damage|p1b: Rillaboom|27\/100|[from] Recoil\n|move|p2b: Cresselia|Lunar Blessing|p2b: Cresselia|[spread] p2a,p2b\n|-heal|p2a: Garganacl|100\/100\n|-heal|p2b: Cresselia|73\/100\n|move|p1a: Clefairy|Heal Pulse|p1b: Rillaboom\n|-heal|p1b: Rillaboom|77\/100\n|\n|-heal|p1b: Rillaboom|84\/100|[from] Grassy Terrain\n|-heal|p2b: Cresselia|80\/100|[from] item: Leftovers\n|-heal|p1a: Clefairy|96\/100|[from] Grassy Terrain\n|upkeep\n|turn|16\n|\n|t:|1698696825\n|move|p1a: Clefairy|Helping Hand|p1b: Rillaboom\n|-singleturn|p1b: Rillaboom|Helping Hand|[of] p1a: Clefairy\n|move|p1b: Rillaboom|Wood Hammer|p2b: Cresselia\n|-damage|p2b: Cresselia|4\/100\n|-damage|p1b: Rillaboom|56\/100|[from] Recoil\n|move|p2b: Cresselia|Icy Wind|p1a: Clefairy|[spread] p1a,p1b\n|-supereffective|p1b: Rillaboom\n|-damage|p1a: Clefairy|90\/100\n|-damage|p1b: Rillaboom|48\/100\n|-unboost|p1a: Clefairy|spe|1\n|-unboost|p1b: Rillaboom|spe|1\n|move|p2a: Garganacl|Salt Cure|p1a: Clefairy\n|-damage|p1a: Clefairy|78\/100\n|-start|p1a: Clefairy|Salt Cure\n|\n|-heal|p2b: Cresselia|10\/100|[from] item: Leftovers\n|-heal|p1b: Rillaboom|54\/100|[from] Grassy Terrain\n|-heal|p1a: Clefairy|84\/100|[from] Grassy Terrain\n|-damage|p1a: Clefairy|71\/100|[from] Salt Cure\n|upkeep\n|turn|17\n|\n|t:|1698696846\n|move|p2b: Cresselia|Icy Wind|p1a: Clefairy|[spread] p1a,p1b\n|-supereffective|p1b: Rillaboom\n|-damage|p1a: Clefairy|66\/100\n|-damage|p1b: Rillaboom|47\/100\n|-unboost|p1a: Clefairy|spe|1\n|-unboost|p1b: Rillaboom|spe|1\n|move|p2a: Garganacl|Salt Cure|p1b: Rillaboom\n|-damage|p1b: Rillaboom|37\/100\n|-start|p1b: Rillaboom|Salt Cure\n|move|p1b: Rillaboom|Wood Hammer|p2b: Cresselia\n|-damage|p2b: Cresselia|0 fnt\n|faint|p2b: Cresselia\n|-damage|p1b: Rillaboom|33\/100|[from] Recoil\n|move|p1a: Clefairy|Heal Pulse|p1b: Rillaboom\n|-heal|p1b: Rillaboom|83\/100\n|\n|-heal|p1b: Rillaboom|90\/100|[from] Grassy Terrain\n|-heal|p1a: Clefairy|72\/100|[from] Grassy Terrain\n|-damage|p1b: Rillaboom|77\/100|[from] Salt Cure\n|-damage|p1a: Clefairy|60\/100|[from] Salt Cure\n|upkeep\n|\n|t:|1698696856\n|switch|p2b: Ursaluna|Ursaluna-Bloodmoon, M|100\/100\n|turn|18\n|\n|t:|1698696878\n|switch|p1b: Sinistcha|Sinistcha|22\/100\n|-heal|p1a: Clefairy|85\/100|[from] ability: Hospitality|[of] p1b: Sinistcha\n|switch|p1a: Landorus|Landorus-Therian, M, tera:Flying|71\/100\n|-ability|p1a: Landorus|Intimidate|boost\n|-unboost|p2a: Garganacl|atk|1\n|-unboost|p2b: Ursaluna|atk|1\n|move|p2b: Ursaluna|Blood Moon|p1b: Sinistcha\n|-damage|p1b: Sinistcha|0 fnt\n|faint|p1b: Sinistcha\n|move|p2a: Garganacl|Salt Cure|p1a: Landorus\n|-supereffective|p1a: Landorus\n|-damage|p1a: Landorus|52\/100\n|-start|p1a: Landorus|Salt Cure\n|\n|-damage|p1a: Landorus|39\/100|[from] Salt Cure\n|upkeep\n|\n|t:|1698696891\n|switch|p1b: Rillaboom|Rillaboom, M|77\/100\n|turn|19\n|\n|t:|1698696902\n|move|p1a: Landorus|Stomping Tantrum|p2a: Garganacl\n|-supereffective|p2a: Garganacl\n|-damage|p2a: Garganacl|51\/100\n|move|p1b: Rillaboom|Wood Hammer|p2b: Ursaluna\n|-supereffective|p2b: Ursaluna\n|-damage|p2b: Ursaluna|0 fnt\n|faint|p2b: Ursaluna\n|-damage|p1b: Rillaboom|42\/100|[from] Recoil\n|move|p2a: Garganacl|Salt Cure|p1a: Landorus\n|-supereffective|p1a: Landorus\n|-damage|p1a: Landorus|17\/100\n|\n|-heal|p1b: Rillaboom|48\/100|[from] Grassy Terrain\n|-heal|p2a: Garganacl|58\/100|[from] Grassy Terrain\n|-heal|p2a: Garganacl|64\/100|[from] item: Leftovers\n|-damage|p1a: Landorus|5\/100|[from] Salt Cure\n|-fieldend|move: Grassy Terrain\n|upkeep\n|turn|20\n|\n|t:|1698696917\n|switch|p1b: Clefairy|Clefairy, F|85\/100\n|move|p2a: Garganacl|Protect|p2a: Garganacl\n|-singleturn|p2a: Garganacl|Protect\n|move|p1a: Landorus|Stomping Tantrum|p2a: Garganacl\n|-activate|p2a: Garganacl|move: Protect\n|\n|-heal|p2a: Garganacl|70\/100|[from] item: Leftovers\n|-damage|p1a: Landorus|0 fnt|[from] Salt Cure\n|faint|p1a: Landorus\n|upkeep\n|\n|t:|1698696923\n|switch|p1a: Ursaluna|Ursaluna, F|5\/100 brn\n|turn|21\n|\n|t:|1698696928\n|move|p1a: Ursaluna|High Horsepower|p2a: Garganacl\n|-supereffective|p2a: Garganacl\n|-damage|p2a: Garganacl|0 fnt\n|faint|p2a: Garganacl\n|\n|win|Solstorm5\n|n|\u2606Solstorm5|solstorm5\n|n|\u2606Docteur Grandhomme|docteurgrandhomme\n|n|*Lady Monita \u263d|ladymonita\n|l|*Lady Monita \u263d\n|c|\u2606Solstorm5|gg\n|l|\u2606Docteur Grandhomme\n","uploadtime":1698696934,"views":24,"p1id":"solstorm5","p2id":"docteurgrandhomme","formatid":"gen9doublesou","rating":0,"private":0,"password":""}