{"id":"gen9doublesou-1993686885","p1":"MattCol","p2":"gonegeb","format":"[Gen 9] Doubles OU","log":"|j|\u2606MattCol\n|j|\u2606gonegeb\n|t:|1700345567\n|gametype|doubles\n|player|p1|MattCol|102|\n|player|p2|gonegeb|alain|\n|teamsize|p1|6\n|teamsize|p2|6\n|gen|9\n|tier|[Gen 9] Doubles OU\n|rule|Species Clause: Limit one of each Pok\u00e9mon\n|rule|OHKO Clause: OHKO moves are banned\n|rule|Evasion Moves Clause: Evasion moves are banned\n|rule|Gravity Sleep Clause: The combination of sleep-inducing moves with imperfect accuracy and Gravity or Gigantamax Orbeetle are banned\n|rule|Endless Battle Clause: Forcing endless battles is banned\n|rule|HP Percentage Mod: HP is shown in percentages\n|clearpoke\n|poke|p1|Quaquaval, F|\n|poke|p1|Baxcalibur, F|\n|poke|p1|Cinderace, M|\n|poke|p1|Slowbro-Galar, F|\n|poke|p1|Zarude-Dada|\n|poke|p1|Pelipper, M|\n|poke|p2|Lucario, M|\n|poke|p2|Umbreon, M|\n|poke|p2|Arcanine, F|\n|poke|p2|Maushold|\n|poke|p2|Ceruledge, M|\n|poke|p2|Torkoal, M|\n|teampreview\n|\n|t:|1700345623\n|start\n|switch|p1a: Cinderace|Cinderace, M|100\/100\n|switch|p1b: Slowbro|Slowbro-Galar, F|100\/100\n|switch|p2a: Obsidian|Ceruledge, M, shiny|100\/100\n|switch|p2b: The Meta|Torkoal, M, shiny|100\/100\n|-weather|SunnyDay|[from] ability: Drought|[of] p2b: The Meta\n|turn|1\n|\n|t:|1700345695\n|switch|p2b: Pryna|Arcanine, F, shiny|100\/100\n|-ability|p2b: Pryna|Intimidate|boost\n|-unboost|p1a: Cinderace|atk|1\n|-unboost|p1b: Slowbro|atk|1\n|move|p1a: Cinderace|U-turn|p2b: Pryna\n|-start|p1a: Cinderace|typechange|Bug|[from] ability: Libero\n|-resisted|p2b: Pryna\n|-damage|p2b: Pryna|88\/100\n|-damage|p1a: Cinderace|91\/100|[from] item: Life Orb\n|\n|t:|1700345704\n|switch|p1a: Pelipper|Pelipper, M|100\/100|[from] U-turn\n|-weather|RainDance|[from] ability: Drizzle|[of] p1a: Pelipper\n|move|p2a: Obsidian|Bulk Up|p2a: Obsidian\n|-boost|p2a: Obsidian|atk|1\n|-boost|p2a: Obsidian|def|1\n|move|p1b: Slowbro|Nasty Plot|p1b: Slowbro\n|-boost|p1b: Slowbro|spa|2\n|\n|-weather|RainDance|[upkeep]\n|upkeep\n|turn|2\n|-activate|p1b: Slowbro|ability: Quick Draw\n|\n|t:|1700345723\n|switch|p2b: The Meta|Torkoal, M, shiny|100\/100\n|-weather|SunnyDay|[from] ability: Drought|[of] p2b: The Meta\n|move|p1b: Slowbro|Shadow Ball|p2a: Obsidian\n|-supereffective|p2a: Obsidian\n|-damage|p2a: Obsidian|30\/100\n|-enditem|p2a: Obsidian|Weakness Policy\n|-boost|p2a: Obsidian|atk|2|[from] item: Weakness Policy\n|-boost|p2a: Obsidian|spa|2|[from] item: Weakness Policy\n|move|p2a: Obsidian|Bitter Blade|p1b: Slowbro\n|-damage|p1b: Slowbro|0 fnt\n|-heal|p2a: Obsidian|86\/100|[from] drain|[of] p1b: Slowbro\n|faint|p1b: Slowbro\n|move|p1a: Pelipper|Hydro Pump|p2b: The Meta\n|-supereffective|p2b: The Meta\n|-damage|p2b: The Meta|40\/100\n|\n|-weather|SunnyDay|[upkeep]\n|upkeep\n|\n|t:|1700345747\n|switch|p1b: Baxcalibur|Baxcalibur, F|100\/100\n|turn|3\n|\n|t:|1700345773\n|switch|p2b: Pryna|Arcanine, F, shiny|88\/100\n|-ability|p2b: Pryna|Intimidate|boost\n|-unboost|p1a: Pelipper|atk|1\n|-unboost|p1b: Baxcalibur|atk|1\n|-terastallize|p1b: Baxcalibur|Fairy\n|move|p1b: Baxcalibur|Earthquake|p2a: Obsidian|[spread] p2a,p2b\n|-immune|p1a: Pelipper\n|-supereffective|p2a: Obsidian\n|-supereffective|p2b: Pryna\n|-damage|p2a: Obsidian|56\/100\n|-damage|p2b: Pryna|53\/100\n|move|p2a: Obsidian|Bitter Blade|p1b: Baxcalibur\n|-damage|p1b: Baxcalibur|0 fnt\n|-heal|p2a: Obsidian|100\/100|[from] drain|[of] p1b: Baxcalibur\n|faint|p1b: Baxcalibur\n|move|p1a: Pelipper|Tailwind|p1a: Pelipper\n|-sidestart|p1: MattCol|move: Tailwind\n|\n|-weather|SunnyDay|[upkeep]\n|upkeep\n|\n|t:|1700345793\n|switch|p1b: Quaquaval|Quaquaval, F|100\/100\n|turn|4\n|\n|t:|1700345803\n|-terastallize|p2a: Obsidian|Fairy\n|move|p1b: Quaquaval|Aqua Step|p2a: Obsidian\n|-damage|p2a: Obsidian|84\/100\n|-boost|p1b: Quaquaval|spe|1\n|move|p1a: Pelipper|Hydro Pump|p2a: Obsidian|[miss]\n|-miss|p1a: Pelipper|p2a: Obsidian\n|move|p2b: Pryna|Flare Blitz|p2a: Obsidian\n|-start|p2a: Obsidian|ability: Flash Fire\n|move|p2a: Obsidian|Bitter Blade|p1b: Quaquaval\n|-resisted|p1b: Quaquaval\n|-damage|p1b: Quaquaval|0 fnt\n|-heal|p2a: Obsidian|100\/100|[from] drain|[of] p1b: Quaquaval\n|faint|p1b: Quaquaval\n|\n|-weather|SunnyDay|[upkeep]\n|upkeep\n|\n|t:|1700345820\n|switch|p1b: Zarude|Zarude-Dada|100\/100\n|turn|5\n|\n|t:|1700345840\n|move|p2b: Pryna|Extreme Speed|p1b: Zarude\n|-damage|p1b: Zarude|83\/100\n|move|p1b: Zarude|Crunch|p2a: Obsidian\n|-resisted|p2a: Obsidian\n|-damage|p2a: Obsidian|84\/100\n|move|p1a: Pelipper|Hydro Pump|p2b: Pryna\n|-supereffective|p2b: Pryna\n|-damage|p2b: Pryna|10\/100\n|-enditem|p2b: Pryna|Sitrus Berry|[eat]\n|-heal|p2b: Pryna|35\/100|[from] item: Sitrus Berry\n|move|p2a: Obsidian|Bitter Blade|p1b: Zarude\n|-supereffective|p1b: Zarude\n|-damage|p1b: Zarude|0 fnt\n|-heal|p2a: Obsidian|100\/100|[from] drain|[of] p1b: Zarude\n|faint|p1b: Zarude\n|\n|-weather|SunnyDay|[upkeep]\n|upkeep\n|\n|t:|1700345858\n|switch|p1b: Cinderace|Cinderace, M|91\/100\n|turn|6\n|\n|t:|1700345865\n|move|p1b: Cinderace|High Jump Kick|p2a: Obsidian\n|-start|p1b: Cinderace|typechange|Fighting|[from] ability: Libero\n|-resisted|p2a: Obsidian\n|-damage|p2a: Obsidian|70\/100\n|-damage|p1b: Cinderace|81\/100|[from] item: Life Orb\n|move|p1a: Pelipper|Hurricane|p2a: Obsidian\n|-damage|p2a: Obsidian|37\/100\n|-start|p2a: Obsidian|confusion\n|move|p2b: Pryna|Morning Sun|p2b: Pryna\n|-heal|p2b: Pryna|100\/100\n|-activate|p2a: Obsidian|confusion\n|move|p2a: Obsidian|Bitter Blade|p1b: Cinderace\n|-damage|p1b: Cinderace|0 fnt\n|-heal|p2a: Obsidian|71\/100|[from] drain|[of] p1b: Cinderace\n|faint|p1b: Cinderace\n|\n|-weather|none\n|-sideend|p1: MattCol|move: Tailwind\n|upkeep\n|turn|7\n|\n|t:|1700345888\n|switch|p2b: The Meta|Torkoal, M, shiny|40\/100\n|-weather|SunnyDay|[from] ability: Drought|[of] p2b: The Meta\n|-activate|p2a: Obsidian|confusion\n|-damage|p2a: Obsidian|49\/100|[from] confusion\n|move|p1a: Pelipper|Hurricane|p2a: Obsidian\n|-damage|p2a: Obsidian|21\/100\n|\n|-weather|SunnyDay|[upkeep]\n|upkeep\n|turn|8\n|\n|t:|1700345915\n|switch|p2b: Howlite|Maushold|100\/100\n|-activate|p2a: Obsidian|confusion\n|-damage|p2a: Obsidian|0 fnt|[from] confusion\n|faint|p2a: Obsidian\n|move|p1a: Pelipper|Hurricane|p2b: Howlite|[miss]\n|-miss|p1a: Pelipper|p2b: Howlite\n|\n|-weather|SunnyDay|[upkeep]\n|upkeep\n|\n|t:|1700345922\n|switch|p2a: Anubis|Lucario, M|100\/100\n|turn|9\n|\n|t:|1700345931\n|move|p2b: Howlite|Beat Up|p2a: Anubis\n|-resisted|p2a: Anubis\n|-damage|p2a: Anubis|98\/100\n|-ability|p2a: Anubis|Justified|boost\n|-boost|p2a: Anubis|atk|1\n|-resisted|p2a: Anubis\n|-damage|p2a: Anubis|96\/100\n|-ability|p2a: Anubis|Justified|boost\n|-boost|p2a: Anubis|atk|1\n|-resisted|p2a: Anubis\n|-damage|p2a: Anubis|94\/100\n|-ability|p2a: Anubis|Justified|boost\n|-boost|p2a: Anubis|atk|1\n|-resisted|p2a: Anubis\n|-damage|p2a: Anubis|92\/100\n|-ability|p2a: Anubis|Justified|boost\n|-boost|p2a: Anubis|atk|1\n|-resisted|p2a: Anubis\n|-damage|p2a: Anubis|90\/100\n|-ability|p2a: Anubis|Justified|boost\n|-boost|p2a: Anubis|atk|1\n|-hitcount|p2a: Anubis|5\n|move|p2a: Anubis|Drain Punch|p1a: Pelipper\n|-resisted|p1a: Pelipper\n|-damage|p1a: Pelipper|34\/100\n|-heal|p2a: Anubis|100\/100|[from] drain|[of] p1a: Pelipper\n|move|p1a: Pelipper|Hydro Pump|p2a: Anubis\n|-damage|p2a: Anubis|63\/100\n|\n|-weather|SunnyDay|[upkeep]\n|upkeep\n|turn|10\n|\n|t:|1700345939\n|move|p2b: Howlite|Follow Me|p2b: Howlite\n|-singleturn|p2b: Howlite|move: Follow Me\n|move|p2a: Anubis|Extreme Speed|p1a: Pelipper\n|-damage|p1a: Pelipper|0 fnt\n|faint|p1a: Pelipper\n|\n|win|gonegeb\n|l|\u2606MattCol\n|l|\u2606gonegeb\n|j|\u2606gonegeb\n|player|p2|gonegeb|alain\n","uploadtime":1700346137,"views":10,"p1id":"mattcol","p2id":"gonegeb","formatid":"gen9doublesou","rating":0,"private":0,"password":""}