{"id":"gen9doublesou-1984895900","p1":"tskkk","p2":"FEARLESS PARROT","format":"[Gen 9] Doubles OU","log":"|j|\u2606tskkk\n|j|\u2606FEARLESS PARROT\n|t:|1699308524\n|gametype|doubles\n|player|p1|tskkk|preschoolerf|\n|player|p2|FEARLESS PARROT|steven|\n|teamsize|p1|6\n|teamsize|p2|6\n|gen|9\n|tier|[Gen 9] Doubles OU\n|rule|Species Clause: Limit one of each Pok\u00e9mon\n|rule|OHKO Clause: OHKO moves are banned\n|rule|Evasion Moves Clause: Evasion moves are banned\n|rule|Gravity Sleep Clause: The combination of sleep-inducing moves with imperfect accuracy and Gravity or Gigantamax Orbeetle are banned\n|rule|Endless Battle Clause: Forcing endless battles is banned\n|rule|HP Percentage Mod: HP is shown in percentages\n|clearpoke\n|poke|p1|Cresselia, F|\n|poke|p1|Iron Hands|\n|poke|p1|Kingambit, F|\n|poke|p1|Amoonguss, M|\n|poke|p1|Palafin, F|\n|poke|p1|Flutter Mane|\n|poke|p2|Tornadus, M|\n|poke|p2|Arcanine-Hisui, M|\n|poke|p2|Iron Hands|\n|poke|p2|Dragapult, F|\n|poke|p2|Sinistcha|\n|poke|p2|Chien-Pao|\n|teampreview\n|inactive|Battle timer is ON: inactive players will automatically lose when time's up. (requested by FEARLESS PARROT)\n|\n|t:|1699308544\n|start\n|switch|p1a: Palafin|Palafin, F|100\/100\n|switch|p1b: Lunar|Cresselia, F, shiny|100\/100\n|switch|p2a: .|Tornadus, M|100\/100\n|switch|p2b: ..|Arcanine-Hisui, M|100\/100\n|-ability|p2b: ..|Intimidate|boost\n|-unboost|p1a: Palafin|atk|1\n|-unboost|p1b: Lunar|atk|1\n|turn|1\n|\n|t:|1699308559\n|switch|p2b: .....|Sinistcha|100\/100\n|move|p2a: .|Taunt|p1b: Lunar\n|-start|p1b: Lunar|move: Taunt\n|move|p1a: Palafin|Flip Turn|p2b: .....\n|-resisted|p2b: .....\n|-crit|p2b: .....\n|-damage|p2b: .....|79\/100\n|\n|t:|1699308571\n|detailschange|p1a: Palafin|Palafin-Hero, F\n|switch|p1a: Queen|Kingambit, F, shiny|100\/100|[from] Flip Turn\n|cant|p1b: Lunar|move: Taunt|Trick Room\n|\n|upkeep\n|turn|2\n|\n|t:|1699308594\n|switch|p1b: Palafin|Palafin-Hero, F|100\/100\n|-activate|p1b: Palafin|ability: Zero to Hero\n|switch|p2b: ...|Iron Hands|100\/100\n|move|p2a: .|Bleakwind Storm|p1b: Palafin|[spread] p1a,p1b\n|-resisted|p1a: Queen\n|-damage|p1a: Queen|86\/100\n|-damage|p1b: Palafin|53\/100\n|-unboost|p1a: Queen|spe|1\n|move|p1a: Queen|Kowtow Cleave|p2b: ...\n|-resisted|p2b: ...\n|-damage|p2b: ...|83\/100\n|\n|upkeep\n|turn|3\n|inactive|tskkk has 270 seconds left.\n|\n|t:|1699308625\n|move|p2b: ...|Fake Out|p1b: Palafin\n|-damage|p1b: Palafin|37\/100\n|move|p2a: .|Tailwind|p2a: .\n|-sidestart|p2: FEARLESS PARROT|move: Tailwind\n|cant|p1b: Palafin|flinch\n|move|p1a: Queen|Low Kick|p2b: ...\n|-damage|p2b: ...|50\/100\n|\n|upkeep\n|turn|4\n|\n|t:|1699308650\n|move|p2a: .|Bleakwind Storm|p1b: Palafin|[spread] p1a\n|-miss|p2a: .|p1b: Palafin\n|-resisted|p1a: Queen\n|-damage|p1a: Queen|73\/100\n|move|p2b: ...|Wild Charge|p1b: Palafin\n|-supereffective|p1b: Palafin\n|-damage|p1b: Palafin|0 fnt\n|faint|p1b: Palafin\n|-damage|p2b: ...|43\/100|[from] Recoil\n|move|p1a: Queen|Low Kick|p2b: ...\n|-damage|p2b: ...|11\/100\n|\n|upkeep\n|inactive|tskkk has 270 seconds left.\n|\n|t:|1699308670\n|switch|p1b: Iron Hands|Iron Hands, shiny|100\/100\n|turn|5\n|\n|t:|1699308683\n|-end|p2b: ...|Quark Drive|[silent]\n|switch|p2b: .....|Sinistcha|79\/100\n|move|p1b: Iron Hands|Fake Out|p2a: .\n|-damage|p2a: .|80\/100\n|cant|p2a: .|flinch\n|move|p1a: Queen|Kowtow Cleave|p2a: .\n|-crit|p2a: .\n|-damage|p2a: .|0 fnt\n|faint|p2a: .\n|\n|upkeep\n|\n|t:|1699308699\n|switch|p2a: ..|Arcanine-Hisui, M|100\/100\n|-ability|p2a: ..|Intimidate|boost\n|-unboost|p1a: Queen|atk|1\n|-unboost|p1b: Iron Hands|atk|1\n|turn|6\n|\n|t:|1699308727\n|-end|p1a: Queen|fallenundefined|[silent]\n|switch|p1a: Puff|Amoonguss, M, shiny|100\/100\n|move|p2a: ..|Flare Blitz|p1a: Puff\n|-supereffective|p1a: Puff\n|-damage|p1a: Puff|0 fnt\n|faint|p1a: Puff\n|-damage|p2a: ..|60\/100|[from] Recoil\n|move|p2b: .....|Matcha Gotcha|p1b: Iron Hands\n|-damage|p1b: Iron Hands|80\/100\n|-heal|p2b: .....|94\/100|[from] drain|[of] p1b: Iron Hands\n|move|p1b: Iron Hands|Drain Punch|p2a: ..\n|-supereffective|p2a: ..\n|-damage|p2a: ..|0 fnt\n|-heal|p1b: Iron Hands|99\/100|[from] drain|[of] p2a: ..\n|faint|p2a: ..\n|\n|-sideend|p2: FEARLESS PARROT|move: Tailwind\n|upkeep\n|\n|t:|1699308746\n|switch|p2a: ....|Dragapult, F|100\/100\n|switch|p1a: Lunar|Cresselia, F, shiny|100\/100\n|turn|7\n|\n|t:|1699308757\n|move|p2a: ....|Phantom Force||[still]\n|-prepare|p2a: ....|Phantom Force\n|move|p2b: .....|Matcha Gotcha|p1b: Iron Hands|[spread] p1b\n|-miss|p2b: .....|p1a: Lunar\n|-damage|p1b: Iron Hands|86\/100\n|-heal|p2b: .....|100\/100|[from] drain|[of] p1b: Iron Hands\n|-status|p1b: Iron Hands|brn\n|move|p1b: Iron Hands|Heavy Slam|p2a: ....|[miss]\n|-miss|p1b: Iron Hands|p2a: ....\n|move|p1a: Lunar|Trick Room|p1a: Lunar\n|-fieldstart|move: Trick Room|[of] p1a: Lunar\n|\n|-damage|p1b: Iron Hands|80\/100 brn|[from] brn\n|upkeep\n|turn|8\n|\n|t:|1699308777\n|-terastallize|p2b: .....|Ghost\n|-terastallize|p1a: Lunar|Normal\n|move|p1b: Iron Hands|Heavy Slam|p2a: ....|[miss]\n|-miss|p1b: Iron Hands|p2a: ....\n|move|p2b: .....|Shadow Ball|p1a: Lunar\n|-immune|p1a: Lunar\n|move|p1a: Lunar|Lunar Blessing|p1a: Lunar|[spread] p1a,p1b\n|-heal|p1b: Iron Hands|100\/100 brn\n|-curestatus|p1b: Iron Hands|brn|[msg]\n|move|p2a: ....|Phantom Force|p1a: Lunar|[from]lockedmove\n|-immune|p1a: Lunar\n|\n|upkeep\n|turn|9\n|c|\u2606FEARLESS PARROT|What a tera\n|c|\u2606FEARLESS PARROT|Nice move\n|inactive|FEARLESS PARROT has 270 seconds left.\n|\n|t:|1699308811\n|-end|p1b: Iron Hands|Quark Drive|[silent]\n|switch|p1b: Flutter Mane|Flutter Mane|100\/100\n|move|p2b: .....|Matcha Gotcha|p1a: Lunar|[spread] p1a,p1b\n|-damage|p1a: Lunar|83\/100\n|-damage|p1b: Flutter Mane|68\/100\n|move|p1a: Lunar|Lunar Blessing|p1a: Lunar|[spread] p1a,p1b\n|-heal|p1a: Lunar|100\/100\n|-heal|p1b: Flutter Mane|93\/100\n|move|p2a: ....|U-turn|p1a: Lunar\n|-damage|p1a: Lunar|80\/100\n|-damage|p2a: ....|91\/100|[from] item: Life Orb\n|inactive|FEARLESS PARROT has 270 seconds left.\n|\n|t:|1699308822\n|switch|p2a: ...|Iron Hands|11\/100|[from] U-turn\n|\n|-heal|p1a: Lunar|86\/100|[from] item: Leftovers\n|upkeep\n|turn|10\n|\n|t:|1699308837\n|-end|p1b: Flutter Mane|Protosynthesis|[silent]\n|switch|p1b: Iron Hands|Iron Hands, shiny|100\/100\n|move|p2a: ...|Fake Out|p1a: Lunar\n|-damage|p1a: Lunar|76\/100\n|move|p2b: .....|Shadow Ball|p1b: Iron Hands\n|-damage|p1b: Iron Hands|72\/100\n|cant|p1a: Lunar|flinch\n|\n|-heal|p1a: Lunar|82\/100|[from] item: Leftovers\n|upkeep\n|turn|11\n|\n|t:|1699308856\n|-end|p2a: ...|Quark Drive|[silent]\n|switch|p2a: ....|Dragapult, F|91\/100\n|move|p1a: Lunar|Helping Hand|p1b: Iron Hands\n|-singleturn|p1b: Iron Hands|Helping Hand|[of] p1a: Lunar\n|move|p1b: Iron Hands|Heavy Slam|p2a: ....\n|-damage|p2a: ....|9\/100\n|move|p2b: .....|Matcha Gotcha|p1a: Lunar|[spread] p1a,p1b\n|-damage|p1a: Lunar|67\/100\n|-damage|p1b: Iron Hands|58\/100\n|-status|p1b: Iron Hands|brn\n|\n|-heal|p1a: Lunar|73\/100|[from] item: Leftovers\n|-damage|p1b: Iron Hands|52\/100 brn|[from] brn\n|-fieldend|move: Trick Room\n|upkeep\n|turn|12\n|\n|t:|1699308878\n|move|p2a: ....|Dragon Darts|p1b: Iron Hands\n|-damage|p1b: Iron Hands|28\/100 brn\n|-anim|p2a: ....|Dragon Darts|p1a: Lunar\n|-damage|p1a: Lunar|52\/100\n|-damage|p2a: ....|0 fnt|[from] item: Life Orb\n|faint|p2a: ....\n|move|p1a: Lunar|Lunar Blessing|p1a: Lunar|[spread] p1a,p1b\n|-heal|p1a: Lunar|77\/100\n|-heal|p1b: Iron Hands|53\/100 brn\n|-curestatus|p1b: Iron Hands|brn|[msg]\n|move|p2b: .....|Matcha Gotcha|p1a: Lunar|[spread] p1a,p1b\n|-damage|p1a: Lunar|62\/100\n|-damage|p1b: Iron Hands|37\/100\n|move|p1b: Iron Hands|Heavy Slam|p2b: .....\n|-damage|p2b: .....|57\/100\n|\n|-heal|p1a: Lunar|68\/100|[from] item: Leftovers\n|upkeep\n|\n|t:|1699308894\n|switch|p2a: ...|Iron Hands|11\/100\n|turn|13\n|\n|t:|1699308905\n|switch|p1a: Flutter Mane|Flutter Mane|93\/100\n|move|p2a: ...|Fake Out|p1a: Flutter Mane\n|-immune|p1a: Flutter Mane\n|move|p2b: .....|Matcha Gotcha|p1a: Flutter Mane|[spread] p1a,p1b\n|-damage|p1a: Flutter Mane|62\/100\n|-heal|p2b: .....|68\/100|[from] drain|[of] p1a: Flutter Mane\n|-damage|p1b: Iron Hands|23\/100\n|-heal|p2b: .....|78\/100|[from] drain|[of] p1b: Iron Hands\n|move|p1b: Iron Hands|Heavy Slam|p2b: .....\n|-damage|p2b: .....|36\/100\n|-enditem|p2b: .....|Sitrus Berry|[eat]\n|-heal|p2b: .....|61\/100|[from] item: Sitrus Berry\n|\n|upkeep\n|turn|14\n|\n|t:|1699308925\n|move|p1a: Flutter Mane|Dazzling Gleam|p2b: .....|[spread] p2a,p2b\n|-supereffective|p2a: ...\n|-damage|p2a: ...|0 fnt\n|-damage|p2b: .....|11\/100\n|faint|p2a: ...\n|-end|p2a: ...|Quark Drive|[silent]\n|move|p2b: .....|Matcha Gotcha|p1b: Iron Hands|[spread] p1b\n|-miss|p2b: .....|p1a: Flutter Mane\n|-damage|p1b: Iron Hands|10\/100\n|-heal|p2b: .....|21\/100|[from] drain|[of] p1b: Iron Hands\n|move|p1b: Iron Hands|Heavy Slam|p2b: .....\n|-damage|p2b: .....|0 fnt\n|faint|p2b: .....\n|\n|upkeep\n|c|\u2606FEARLESS PARROT|Fuuuuck\n|c|\u2606FEARLESS PARROT|well played\n|\n|t:|1699308944\n|switch|p2b: ......|Chien-Pao|100\/100\n|-ability|p2b: ......|Sword of Ruin\n|turn|15\n|c|\u2606tskkk|had to predict like heck\n|\n|t:|1699308958\n|move|p1a: Flutter Mane|Dazzling Gleam|p2b: ......\n|-supereffective|p2b: ......\n|-enditem|p2b: ......|Focus Sash\n|-damage|p2b: ......|1\/100\n|move|p2b: ......|Ice Spinner|p1b: Iron Hands\n|-damage|p1b: Iron Hands|0 fnt\n|faint|p1b: Iron Hands\n|-end|p1b: Iron Hands|Quark Drive|[silent]\n|\n|upkeep\n|c|\u2606FEARLESS PARROT|And you did it to perfection\n|\n|t:|1699308969\n|switch|p1b: Queen|Kingambit, F, shiny|73\/100\n|-activate|p1b: Queen|ability: Supreme Overlord\n|-start|p1b: Queen|fallen3|[silent]\n|turn|16\n|\n|t:|1699308977\n|-end|p1a: Flutter Mane|Protosynthesis|[silent]\n|switch|p1a: Lunar|Cresselia, F, shiny, tera:Normal|68\/100\n|move|p2b: ......|Sucker Punch||[still]\n|-fail|p2b: ......\n|move|p1b: Queen|Sucker Punch||[still]\n|-fail|p1b: Queen\n|\n|-heal|p1a: Lunar|74\/100|[from] item: Leftovers\n|upkeep\n|turn|17\n|\n|t:|1699308988\n|move|p2b: ......|Protect|p2b: ......\n|-singleturn|p2b: ......|Protect\n|move|p1b: Queen|Sucker Punch||[still]\n|-fail|p1b: Queen\n|move|p1a: Lunar|Tera Blast|p2b: ......|[anim] Tera Blast Normal\n|-activate|p2b: ......|move: Protect\n|\n|-heal|p1a: Lunar|80\/100|[from] item: Leftovers\n|upkeep\n|turn|18\n|\n|t:|1699309001\n|move|p2b: ......|Sucker Punch|p1b: Queen\n|-resisted|p1b: Queen\n|-damage|p1b: Queen|55\/100\n|move|p1b: Queen|Sucker Punch||[still]\n|-fail|p1b: Queen\n|move|p1a: Lunar|Lunar Blessing|p1a: Lunar|[spread] p1a,p1b\n|-heal|p1a: Lunar|100\/100\n|-heal|p1b: Queen|80\/100\n|\n|upkeep\n|turn|19\n|\n|t:|1699309016\n|move|p2b: ......|Ice Spinner|p1a: Lunar\n|-damage|p1a: Lunar|61\/100\n|move|p1a: Lunar|Lunar Blessing|p1a: Lunar|[spread] p1a,p1b\n|-heal|p1a: Lunar|86\/100\n|-heal|p1b: Queen|100\/100\n|move|p1b: Queen|Low Kick|p2b: ......\n|-supereffective|p2b: ......\n|-damage|p2b: ......|0 fnt\n|faint|p2b: ......\n|\n|win|tskkk\n|c|\u2606FEARLESS PARROT|Alr ill stop now \ud83d\ude02\n","uploadtime":1699309026,"views":11,"p1id":"tskkk","p2id":"fearlessparrot","formatid":"gen9doublesou","rating":0,"private":0,"password":""}