{"id":"gen9doublesou-1992049685","p1":"matkar","p2":"Makoish","format":"[Gen 9] Doubles OU","log":"|j|\u2606matkar\n|j|\u2606Makoish\n|t:|1700150854\n|gametype|doubles\n|player|p1|matkar|riley|1086\n|player|p2|Makoish|265|1166\n|teamsize|p1|6\n|teamsize|p2|6\n|gen|9\n|tier|[Gen 9] Doubles OU\n|rated|\n|rule|Species Clause: Limit one of each Pok\u00e9mon\n|rule|OHKO Clause: OHKO moves are banned\n|rule|Evasion Moves Clause: Evasion moves are banned\n|rule|Gravity Sleep Clause: The combination of sleep-inducing moves with imperfect accuracy and Gravity or Gigantamax Orbeetle are banned\n|rule|Endless Battle Clause: Forcing endless battles is banned\n|rule|HP Percentage Mod: HP is shown in percentages\n|clearpoke\n|poke|p1|Farigiraf, M|\n|poke|p1|Flutter Mane|\n|poke|p1|Kommo-o, F|\n|poke|p1|Iron Hands|\n|poke|p1|Ogerpon-Wellspring, F|\n|poke|p1|Gliscor, F|\n|poke|p2|Flapple, M|\n|poke|p2|Oranguru, M|\n|poke|p2|Gogoat, M|\n|poke|p2|Iron Leaves|\n|poke|p2|Sylveon, M|\n|poke|p2|Garganacl, M|\n|teampreview\n|inactive|Battle timer is ON: inactive players will automatically lose when time's up. (requested by matkar)\n|inactive|matkar has 120 seconds left.\n|\n|t:|1700150897\n|start\n|switch|p1a: Iron Hands|Iron Hands, shiny|100\/100\n|switch|p1b: Flutter Mane|Flutter Mane|100\/100\n|switch|p2a: Sylveon|Sylveon, M|100\/100\n|switch|p2b: Garganacl|Garganacl, M|100\/100\n|turn|1\n|\n|t:|1700150913\n|-end|p1b: Flutter Mane|Protosynthesis|[silent]\n|switch|p1b: Farigiraf|Farigiraf, M, shiny|100\/100\n|move|p2a: Sylveon|Hyper Voice|p1a: Iron Hands|[spread] p1a,p1b\n|-supereffective|p1a: Iron Hands\n|-damage|p1a: Iron Hands|47\/100\n|-damage|p1b: Farigiraf|53\/100\n|move|p2b: Garganacl|Salt Cure|p1b: Farigiraf\n|-damage|p1b: Farigiraf|39\/100\n|-start|p1b: Farigiraf|Salt Cure\n|move|p1a: Iron Hands|Heavy Slam|p2a: Sylveon\n|-supereffective|p2a: Sylveon\n|-damage|p2a: Sylveon|7\/100\n|\n|-heal|p1b: Farigiraf|45\/100|[from] item: Leftovers\n|-damage|p1b: Farigiraf|33\/100|[from] Salt Cure\n|upkeep\n|turn|2\n|\n|t:|1700150937\n|-end|p1a: Iron Hands|Quark Drive|[silent]\n|switch|p1a: Flutter Mane|Flutter Mane|100\/100\n|move|p1b: Farigiraf|Protect|p1b: Farigiraf\n|-singleturn|p1b: Farigiraf|Protect\n|move|p2a: Sylveon|Hyper Voice|p1b: Farigiraf|[spread] p1a\n|-activate|p1b: Farigiraf|move: Protect\n|-damage|p1a: Flutter Mane|51\/100\n|move|p2b: Garganacl|Gravity|p2b: Garganacl\n|-fieldstart|move: Gravity\n|\n|-heal|p1b: Farigiraf|39\/100|[from] item: Leftovers\n|-damage|p1b: Farigiraf|27\/100|[from] Salt Cure\n|upkeep\n|turn|3\n|inactive|matkar has 120 seconds left.\n|\n|t:|1700150973\n|move|p2b: Garganacl|Wide Guard|p2b: Garganacl\n|-singleturn|p2b: Garganacl|Wide Guard\n|move|p1a: Flutter Mane|Moonblast|p2a: Sylveon\n|-damage|p2a: Sylveon|0 fnt\n|faint|p2a: Sylveon\n|move|p1b: Farigiraf|Hyper Voice|p2b: Garganacl\n|-activate|p2b: Garganacl|move: Wide Guard\n|\n|-heal|p1b: Farigiraf|33\/100|[from] item: Leftovers\n|-damage|p1b: Farigiraf|21\/100|[from] Salt Cure\n|upkeep\n|\n|t:|1700150986\n|switch|p2a: Flapple|Flapple, M|100\/100\n|turn|4\n|\n|t:|1700151000\n|-terastallize|p2a: Flapple|Grass\n|move|p1a: Flutter Mane|Moonblast|p2a: Flapple\n|-damage|p2a: Flapple|0 fnt\n|faint|p2a: Flapple\n|move|p1b: Farigiraf|Psyshock|p2b: Garganacl\n|-damage|p2b: Garganacl|82\/100\n|move|p2b: Garganacl|Salt Cure|p1a: Flutter Mane\n|-damage|p1a: Flutter Mane|22\/100\n|-start|p1a: Flutter Mane|Salt Cure\n|\n|-heal|p1b: Farigiraf|27\/100|[from] item: Leftovers\n|-damage|p1a: Flutter Mane|10\/100|[from] Salt Cure\n|-damage|p1b: Farigiraf|14\/100|[from] Salt Cure\n|upkeep\n|\n|t:|1700151018\n|switch|p2a: Gogoat|Gogoat, M|100\/100\n|turn|5\n|\n|t:|1700151029\n|move|p1b: Farigiraf|Helping Hand|p1a: Flutter Mane\n|-singleturn|p1a: Flutter Mane|Helping Hand|[of] p1b: Farigiraf\n|move|p1a: Flutter Mane|Moonblast|p2a: Gogoat\n|-damage|p2a: Gogoat|1\/100\n|move|p2a: Gogoat|Grassy Terrain|p2a: Gogoat\n|-fieldstart|move: Grassy Terrain\n|-enditem|p2a: Gogoat|Grassy Seed\n|-boost|p2a: Gogoat|def|1|[from] item: Grassy Seed\n|move|p2b: Garganacl|Salt Cure|p1a: Flutter Mane\n|-damage|p1a: Flutter Mane|0 fnt\n|faint|p1a: Flutter Mane\n|-end|p1a: Flutter Mane|Protosynthesis|[silent]\n|\n|-heal|p2a: Gogoat|7\/100|[from] Grassy Terrain\n|-heal|p1b: Farigiraf|21\/100|[from] Grassy Terrain\n|-heal|p1b: Farigiraf|27\/100|[from] item: Leftovers\n|-heal|p2b: Garganacl|88\/100|[from] Grassy Terrain\n|-damage|p1b: Farigiraf|14\/100|[from] Salt Cure\n|upkeep\n|\n|t:|1700151046\n|switch|p1a: Iron Hands|Iron Hands, shiny|47\/100\n|turn|6\n|\n|t:|1700151057\n|move|p1a: Iron Hands|Fake Out|p2a: Gogoat\n|-damage|p2a: Gogoat|0 fnt\n|faint|p2a: Gogoat\n|move|p1b: Farigiraf|Psyshock|p2b: Garganacl\n|-damage|p2b: Garganacl|68\/100\n|move|p2b: Garganacl|Salt Cure|p1a: Iron Hands\n|-resisted|p1a: Iron Hands\n|-damage|p1a: Iron Hands|44\/100\n|-start|p1a: Iron Hands|Salt Cure\n|\n|-heal|p1b: Farigiraf|21\/100|[from] Grassy Terrain\n|-heal|p1b: Farigiraf|27\/100|[from] item: Leftovers\n|-heal|p2b: Garganacl|74\/100|[from] Grassy Terrain\n|-heal|p1a: Iron Hands|50\/100|[from] Grassy Terrain\n|-damage|p1b: Farigiraf|14\/100|[from] Salt Cure\n|-damage|p1a: Iron Hands|38\/100|[from] Salt Cure\n|-fieldend|move: Gravity\n|upkeep\n|\n|t:|1700151073\n|switch|p2a: Iron Leaves|Iron Leaves|100\/100\n|-enditem|p2a: Iron Leaves|Booster Energy\n|-activate|p2a: Iron Leaves|ability: Quark Drive|[fromitem]\n|-start|p2a: Iron Leaves|quarkdriveatk\n|turn|7\n|\n|t:|1700151090\n|move|p2a: Iron Leaves|Leaf Blade|p1a: Iron Hands\n|-damage|p1a: Iron Hands|1\/100\n|move|p1b: Farigiraf|Psyshock|p2a: Iron Leaves\n|-resisted|p2a: Iron Leaves\n|-damage|p2a: Iron Leaves|80\/100\n|move|p2b: Garganacl|Salt Cure|p1a: Iron Hands\n|-resisted|p1a: Iron Hands\n|-crit|p1a: Iron Hands\n|-damage|p1a: Iron Hands|0 fnt\n|faint|p1a: Iron Hands\n|-end|p1a: Iron Hands|Quark Drive|[silent]\n|\n|-heal|p2a: Iron Leaves|86\/100|[from] Grassy Terrain\n|-heal|p1b: Farigiraf|21\/100|[from] Grassy Terrain\n|-heal|p1b: Farigiraf|27\/100|[from] item: Leftovers\n|-heal|p2b: Garganacl|80\/100|[from] Grassy Terrain\n|-damage|p1b: Farigiraf|14\/100|[from] Salt Cure\n|upkeep\n|\n|t:|1700151111\n|switch|p1a: Gliscor|Gliscor, F, shiny|100\/100\n|turn|8\n|\n|t:|1700151128\n|move|p1a: Gliscor|Protect|p1a: Gliscor\n|-singleturn|p1a: Gliscor|Protect\n|move|p2a: Iron Leaves|Leaf Blade|p1a: Gliscor\n|-activate|p1a: Gliscor|move: Protect\n|move|p1b: Farigiraf|Hyper Voice|p2b: Garganacl|[spread] p2a,p2b\n|-resisted|p2b: Garganacl\n|-damage|p2a: Iron Leaves|57\/100\n|-damage|p2b: Garganacl|66\/100\n|move|p2b: Garganacl|Salt Cure|p1a: Gliscor\n|-activate|p1a: Gliscor|move: Protect\n|\n|-heal|p2a: Iron Leaves|63\/100|[from] Grassy Terrain\n|-heal|p1b: Farigiraf|21\/100|[from] Grassy Terrain\n|-heal|p1b: Farigiraf|27\/100|[from] item: Leftovers\n|-heal|p2b: Garganacl|72\/100|[from] Grassy Terrain\n|-damage|p1b: Farigiraf|14\/100|[from] Salt Cure\n|-status|p1a: Gliscor|tox|[from] item: Toxic Orb\n|upkeep\n|turn|9\n|\n|t:|1700151154\n|move|p2a: Iron Leaves|Psyblade|p1a: Gliscor\n|-damage|p1a: Gliscor|62\/100 tox\n|move|p1a: Gliscor|Facade|p2a: Iron Leaves\n|-damage|p2a: Iron Leaves|27\/100\n|move|p1b: Farigiraf|Hyper Voice|p2a: Iron Leaves|[spread] p2a,p2b\n|-resisted|p2b: Garganacl\n|-damage|p2a: Iron Leaves|0 fnt\n|-damage|p2b: Garganacl|58\/100\n|faint|p2a: Iron Leaves\n|-end|p2a: Iron Leaves|Quark Drive|[silent]\n|move|p2b: Garganacl|Salt Cure|p1a: Gliscor\n|-damage|p1a: Gliscor|51\/100 tox\n|-start|p1a: Gliscor|Salt Cure\n|\n|-heal|p1b: Farigiraf|21\/100|[from] Grassy Terrain\n|-heal|p1b: Farigiraf|27\/100|[from] item: Leftovers\n|-heal|p2b: Garganacl|64\/100|[from] Grassy Terrain\n|-heal|p1a: Gliscor|63\/100 tox|[from] ability: Poison Heal\n|-damage|p1a: Gliscor|51\/100 tox|[from] Salt Cure\n|-damage|p1b: Farigiraf|14\/100|[from] Salt Cure\n|-fieldend|move: Grassy Terrain\n|upkeep\n|\n|t:|1700151171\n|switch|p2a: Oranguru|Oranguru, M|100\/100\n|turn|10\n|\n|t:|1700151183\n|move|p1b: Farigiraf|Helping Hand|p1a: Gliscor\n|-singleturn|p1a: Gliscor|Helping Hand|[of] p1b: Farigiraf\n|move|p1a: Gliscor|Facade|p2a: Oranguru\n|-damage|p2a: Oranguru|52\/100\n|move|p2a: Oranguru|Psychic Terrain|p2a: Oranguru\n|-fieldstart|move: Psychic Terrain\n|move|p2b: Garganacl|Salt Cure|p1a: Gliscor\n|-damage|p1a: Gliscor|41\/100 tox\n|\n|-heal|p2a: Oranguru|58\/100|[from] item: Leftovers\n|-heal|p1b: Farigiraf|21\/100|[from] item: Leftovers\n|-heal|p1a: Gliscor|53\/100 tox|[from] ability: Poison Heal\n|-damage|p1a: Gliscor|41\/100 tox|[from] Salt Cure\n|-damage|p1b: Farigiraf|8\/100|[from] Salt Cure\n|upkeep\n|turn|11\n|c|\u2606matkar|gg\n|\n|t:|1700151201\n|move|p1a: Gliscor|Facade|p2a: Oranguru\n|-damage|p2a: Oranguru|27\/100\n|move|p2a: Oranguru|Psychic|p1a: Gliscor\n|-damage|p1a: Gliscor|0 fnt\n|faint|p1a: Gliscor\n|move|p1b: Farigiraf|Hyper Voice|p2b: Garganacl|[spread] p2a,p2b\n|-resisted|p2b: Garganacl\n|-damage|p2a: Oranguru|3\/100\n|-damage|p2b: Garganacl|50\/100\n|move|p2b: Garganacl|Salt Cure|p1b: Farigiraf\n|-damage|p1b: Farigiraf|0 fnt\n|faint|p1b: Farigiraf\n|\n|-heal|p2a: Oranguru|10\/100|[from] item: Leftovers\n|upkeep\n|\n|t:|1700151213\n|switch|p1a: Ogerpon|Ogerpon-Wellspring, F|100\/100\n|switch|p1b: Kommo-o|Kommo-o, F, shiny|100\/100\n|turn|12\n|\n|t:|1700151220\n|move|p1a: Ogerpon|Ivy Cudgel|p2a: Oranguru|[anim] Ivy Cudgel Water\n|-damage|p2a: Oranguru|0 fnt\n|faint|p2a: Oranguru\n|move|p1b: Kommo-o|Clangorous Soul|p1b: Kommo-o\n|-boost|p1b: Kommo-o|atk|1\n|-boost|p1b: Kommo-o|def|1\n|-boost|p1b: Kommo-o|spa|1\n|-boost|p1b: Kommo-o|spd|1\n|-boost|p1b: Kommo-o|spe|1\n|-damage|p1b: Kommo-o|68\/100\n|-enditem|p1b: Kommo-o|Throat Spray\n|-boost|p1b: Kommo-o|spa|1|[from] item: Throat Spray\n|move|p2b: Garganacl|Salt Cure|p1a: Ogerpon\n|-damage|p1a: Ogerpon|86\/100\n|-start|p1a: Ogerpon|Salt Cure\n|\n|-damage|p1a: Ogerpon|61\/100|[from] Salt Cure\n|upkeep\n|turn|13\n|-message|Makoish forfeited.\n|\n|win|matkar\n|raw|matkar's rating: 1086 &rarr; <strong>1119<\/strong><br \/>(+33 for winning)\n|raw|Makoish's rating: 1166 &rarr; <strong>1135<\/strong><br \/>(-31 for losing)\n|l|\u2606Makoish\n","uploadtime":1700151243,"views":5,"p1id":"matkar","p2id":"makoish","formatid":"gen9doublesou","rating":1119,"private":0,"password":""}