{"id":"gen9doublesou-1990070508","p1":"Critian Caceorte","p2":"MonkeyLover227","format":"[Gen 9] Doubles OU","log":"|j|\u2606Critian Caceorte\n|j|\u2606MonkeyLover227\n|t:|1699921356\n|gametype|doubles\n|player|p1|Critian Caceorte|hilda|1279\n|player|p2|MonkeyLover227|benga|1366\n|teamsize|p1|6\n|teamsize|p2|6\n|gen|9\n|tier|[Gen 9] Doubles OU\n|rated|\n|rule|Species Clause: Limit one of each Pok\u00e9mon\n|rule|OHKO Clause: OHKO moves are banned\n|rule|Evasion Moves Clause: Evasion moves are banned\n|rule|Gravity Sleep Clause: The combination of sleep-inducing moves with imperfect accuracy and Gravity or Gigantamax Orbeetle are banned\n|rule|Endless Battle Clause: Forcing endless battles is banned\n|rule|HP Percentage Mod: HP is shown in percentages\n|clearpoke\n|poke|p1|Torkoal, F|\n|poke|p1|Ninetales, M|\n|poke|p1|Scovillain, F|\n|poke|p1|Lilligant-Hisui, F|\n|poke|p1|Dachsbun, F|\n|poke|p1|Walking Wake|\n|poke|p2|Samurott-Hisui, F|\n|poke|p2|Ursaluna-Bloodmoon, M|\n|poke|p2|Cresselia, F|\n|poke|p2|Glimmora, M|\n|poke|p2|Kingambit, M|\n|poke|p2|Flutter Mane|\n|teampreview\n|inactive|Battle timer is ON: inactive players will automatically lose when time's up. (requested by MonkeyLover227)\n|\n|t:|1699921359\n|start\n|switch|p1a: Torkoal|Torkoal, F|100\/100\n|switch|p1b: Dachsbun|Dachsbun, F|100\/100\n|switch|p2a: Cresselia|Cresselia, F|100\/100\n|switch|p2b: Glimmora|Glimmora, M|100\/100\n|-weather|SunnyDay|[from] ability: Drought|[of] p1a: Torkoal\n|turn|1\n|\n|t:|1699921376\n|move|p2b: Glimmora|Stealth Rock|p1a: Torkoal\n|-sidestart|p1: Critian Caceorte|move: Stealth Rock\n|move|p1b: Dachsbun|Agility|p1b: Dachsbun\n|-boost|p1b: Dachsbun|spe|2\n|move|p1a: Torkoal|Lava Plume|p2b: Glimmora|[spread] p2a,p2b\n|-ability|p1b: Dachsbun|Well-Baked Body|boost\n|-boost|p1b: Dachsbun|def|2\n|-resisted|p2b: Glimmora\n|-crit|p2b: Glimmora\n|-damage|p2a: Cresselia|70\/100\n|-damage|p2b: Glimmora|56\/100\n|move|p2a: Cresselia|Trick Room|p2a: Cresselia\n|-fieldstart|move: Trick Room|[of] p2a: Cresselia\n|\n|-weather|SunnyDay|[upkeep]\n|-heal|p2a: Cresselia|76\/100|[from] item: Leftovers\n|upkeep\n|turn|2\n|\n|t:|1699921395\n|move|p1a: Torkoal|Lava Plume|p2a: Cresselia|[spread] p2a,p2b\n|-ability|p1b: Dachsbun|Well-Baked Body|boost\n|-boost|p1b: Dachsbun|def|2\n|-resisted|p2b: Glimmora\n|-damage|p2a: Cresselia|42\/100\n|-damage|p2b: Glimmora|22\/100\n|-status|p2a: Cresselia|brn\n|-status|p2b: Glimmora|brn\n|move|p2a: Cresselia|Thunder Wave|p1b: Dachsbun\n|-status|p1b: Dachsbun|par\n|move|p1b: Dachsbun|Work Up|p1b: Dachsbun\n|-boost|p1b: Dachsbun|atk|1\n|-boost|p1b: Dachsbun|spa|1\n|move|p2b: Glimmora|Mortal Spin|p1b: Dachsbun|[spread] p1a,p1b\n|-supereffective|p1b: Dachsbun\n|-damage|p1a: Torkoal|98\/100\n|-damage|p1b: Dachsbun|99\/100 par\n|-status|p1a: Torkoal|psn\n|\n|-weather|SunnyDay|[upkeep]\n|-heal|p2a: Cresselia|48\/100 brn|[from] item: Leftovers\n|-damage|p1a: Torkoal|86\/100 psn|[from] psn\n|-damage|p2a: Cresselia|42\/100 brn|[from] brn\n|-damage|p2b: Glimmora|16\/100 brn|[from] brn\n|upkeep\n|turn|3\n|\n|t:|1699921420\n|move|p1a: Torkoal|Lava Plume|p2b: Glimmora|[spread] p2a,p2b\n|-ability|p1b: Dachsbun|Well-Baked Body|boost\n|-boost|p1b: Dachsbun|def|2\n|-resisted|p2b: Glimmora\n|-damage|p2a: Cresselia|10\/100 brn\n|-damage|p2b: Glimmora|0 fnt\n|faint|p2b: Glimmora\n|move|p2a: Cresselia|Lunar Blessing|p2a: Cresselia\n|-heal|p2a: Cresselia|35\/100 brn\n|-curestatus|p2a: Cresselia|brn|[msg]\n|cant|p1b: Dachsbun|par\n|\n|-weather|SunnyDay|[upkeep]\n|-heal|p2a: Cresselia|41\/100|[from] item: Leftovers\n|-damage|p1a: Torkoal|73\/100 psn|[from] psn\n|upkeep\n|\n|t:|1699921433\n|switch|p2b: Ursaluna|Ursaluna-Bloodmoon, M|100\/100\n|turn|4\n|\n|t:|1699921442\n|-terastallize|p2b: Ursaluna|Ground\n|move|p1a: Torkoal|Lava Plume|p2a: Cresselia|[spread] p2a,p2b\n|-immune|p1b: Dachsbun|[from] ability: Well-Baked Body\n|-damage|p2a: Cresselia|5\/100\n|-damage|p2b: Ursaluna|38\/100\n|-status|p2a: Cresselia|brn\n|move|p2b: Ursaluna|Earth Power|p1b: Dachsbun\n|-damage|p1b: Dachsbun|26\/100 par\n|move|p2a: Cresselia|Psychic|p1a: Torkoal\n|-damage|p1a: Torkoal|44\/100 psn\n|move|p1b: Dachsbun|Baton Pass|p1b: Dachsbun\n|\n|t:|1699921455\n|switch|p1b: Walking Wake|Walking Wake|100\/100|[from] Baton Pass\n|-damage|p1b: Walking Wake|88\/100|[from] Stealth Rock\n|-activate|p1b: Walking Wake|ability: Protosynthesis\n|-start|p1b: Walking Wake|protosynthesisdef\n|\n|-weather|SunnyDay|[upkeep]\n|-heal|p2b: Ursaluna|44\/100|[from] item: Leftovers\n|-heal|p2a: Cresselia|11\/100 brn|[from] item: Leftovers\n|-damage|p1a: Torkoal|31\/100 psn|[from] psn\n|-damage|p2a: Cresselia|5\/100 brn|[from] brn\n|upkeep\n|turn|5\n|\n|t:|1699921471\n|move|p1a: Torkoal|Lava Plume|p2a: Cresselia|[spread] p1b,p2a,p2b\n|-resisted|p1b: Walking Wake\n|-crit|p1b: Walking Wake\n|-damage|p1b: Walking Wake|74\/100\n|-damage|p2a: Cresselia|0 fnt\n|-damage|p2b: Ursaluna|0 fnt\n|faint|p2a: Cresselia\n|faint|p2b: Ursaluna\n|move|p1b: Walking Wake|Hydro Steam|p2: Cresselia|[notarget]\n|-fail|p1b: Walking Wake\n|\n|-weather|none\n|-end|p1b: Walking Wake|Protosynthesis\n|-damage|p1a: Torkoal|19\/100 psn|[from] psn\n|-fieldend|move: Trick Room\n|upkeep\n|\n|t:|1699921482\n|switch|p2a: Flutter Mane|Flutter Mane|100\/100\n|switch|p2b: Samurott|Samurott-Hisui, F|100\/100\n|-enditem|p2a: Flutter Mane|Booster Energy\n|-activate|p2a: Flutter Mane|ability: Protosynthesis|[fromitem]\n|-start|p2a: Flutter Mane|protosynthesisspe\n|turn|6\n|\n|t:|1699921495\n|switch|p1a: Ninetales|Ninetales, M|100\/100\n|-damage|p1a: Ninetales|76\/100|[from] Stealth Rock\n|-weather|SunnyDay|[from] ability: Drought|[of] p1a: Ninetales\n|-activate|p1b: Walking Wake|ability: Protosynthesis\n|-start|p1b: Walking Wake|protosynthesisdef\n|move|p1b: Walking Wake|Hydro Steam|p2a: Flutter Mane\n|-damage|p2a: Flutter Mane|2\/100\n|move|p2a: Flutter Mane|Dazzling Gleam|p1b: Walking Wake|[spread] p1a,p1b\n|-resisted|p1a: Ninetales\n|-supereffective|p1b: Walking Wake\n|-damage|p1a: Ninetales|56\/100\n|-damage|p1b: Walking Wake|22\/100\n|move|p2b: Samurott|Ceaseless Edge|p1a: Ninetales\n|-crit|p1a: Ninetales\n|-damage|p1a: Ninetales|0 fnt\n|-sidestart|p1: Critian Caceorte|Spikes\n|faint|p1a: Ninetales\n|-damage|p2b: Samurott|91\/100|[from] item: Life Orb\n|\n|-weather|SunnyDay|[upkeep]\n|upkeep\n|\n|t:|1699921513\n|switch|p1a: Lilligant|Lilligant-Hisui, F|100\/100\n|-damage|p1a: Lilligant|94\/100|[from] Stealth Rock\n|-damage|p1a: Lilligant|82\/100|[from] Spikes\n|turn|7\n|-message|MonkeyLover227 forfeited.\n|\n|win|Critian Caceorte\n|raw|Critian Caceorte's rating: 1279 &rarr; <strong>1310<\/strong><br \/>(+31 for winning)\n|raw|MonkeyLover227's rating: 1366 &rarr; <strong>1341<\/strong><br \/>(-25 for losing)\n|l|\u2606MonkeyLover227\n","uploadtime":1699921523,"views":13,"p1id":"critiancaceorte","p2id":"monkeylover227","formatid":"gen9doublesou","rating":1310,"private":0,"password":""}