{"id":"gen9doublesou-1984759342","p1":"VioletStargazer","p2":"yisuspty","format":"[Gen 9] Doubles OU","log":"|j|\u2606VioletStargazer\n|j|\u2606yisuspty\n|t:|1699296706\n|gametype|doubles\n|player|p1|VioletStargazer|clair|1450\n|player|p2|yisuspty|youngn|1428\n|teamsize|p1|6\n|teamsize|p2|6\n|gen|9\n|tier|[Gen 9] Doubles OU\n|rated|\n|rule|Species Clause: Limit one of each Pok\u00e9mon\n|rule|OHKO Clause: OHKO moves are banned\n|rule|Evasion Moves Clause: Evasion moves are banned\n|rule|Gravity Sleep Clause: The combination of sleep-inducing moves with imperfect accuracy and Gravity or Gigantamax Orbeetle are banned\n|rule|Endless Battle Clause: Forcing endless battles is banned\n|rule|HP Percentage Mod: HP is shown in percentages\n|clearpoke\n|poke|p1|Roaring Moon|\n|poke|p1|Ursaluna-Bloodmoon, M|\n|poke|p1|Chien-Pao|\n|poke|p1|Ogerpon-Wellspring, F|\n|poke|p1|Heatran, F|\n|poke|p1|Tornadus, M|\n|poke|p2|Walking Wake|\n|poke|p2|Torkoal, M|\n|poke|p2|Armarouge, F|\n|poke|p2|Iron Bundle|\n|poke|p2|Indeedee-F, F|\n|poke|p2|Lilligant-Hisui, F|\n|teampreview\n|j| La_Colonia\n|\n|t:|1699296760\n|start\n|switch|p1a: Roaring Moon|Roaring Moon|100\/100\n|switch|p1b: Ogerpon|Ogerpon-Wellspring, F|100\/100\n|switch|p2a: Iron Bundle|Iron Bundle|100\/100\n|switch|p2b: Armarouge|Armarouge, F, shiny|100\/100\n|-enditem|p2a: Iron Bundle|Booster Energy\n|-activate|p2a: Iron Bundle|ability: Quark Drive|[fromitem]\n|-start|p2a: Iron Bundle|quarkdrivespe\n|-enditem|p1a: Roaring Moon|Booster Energy\n|-activate|p1a: Roaring Moon|ability: Protosynthesis|[fromitem]\n|-start|p1a: Roaring Moon|protosynthesisatk\n|turn|1\n|\n|t:|1699296805\n|move|p1b: Ogerpon|Follow Me|p1b: Ogerpon\n|-singleturn|p1b: Ogerpon|move: Follow Me\n|move|p2a: Iron Bundle|Flip Turn|p1b: Ogerpon\n|-immune|p1b: Ogerpon|[from] ability: Water Absorb\n|move|p1a: Roaring Moon|Knock Off|p2b: Armarouge\n|-supereffective|p2b: Armarouge\n|-damage|p2b: Armarouge|0 fnt\n|-enditem|p2b: Armarouge|Weakness Policy|[from] move: Knock Off|[of] p1a: Roaring Moon\n|faint|p2b: Armarouge\n|\n|upkeep\n|\n|t:|1699296814\n|switch|p2b: Walking Wake|Walking Wake|100\/100\n|turn|2\n|\n|t:|1699296827\n|-end|p2a: Iron Bundle|Quark Drive|[silent]\n|switch|p2a: Torkoal|Torkoal, M|100\/100\n|-weather|SunnyDay|[from] ability: Drought|[of] p2a: Torkoal\n|-activate|p2b: Walking Wake|ability: Protosynthesis\n|-start|p2b: Walking Wake|protosynthesisspe\n|move|p2b: Walking Wake|Draco Meteor|p1a: Roaring Moon\n|-supereffective|p1a: Roaring Moon\n|-damage|p1a: Roaring Moon|0 fnt\n|-unboost|p2b: Walking Wake|spa|2\n|faint|p1a: Roaring Moon\n|-end|p1a: Roaring Moon|Protosynthesis|[silent]\n|-damage|p2b: Walking Wake|91\/100|[from] item: Life Orb\n|move|p1b: Ogerpon|Horn Leech|p2a: Torkoal\n|-resisted|p2a: Torkoal\n|-damage|p2a: Torkoal|83\/100\n|\n|-weather|SunnyDay|[upkeep]\n|upkeep\n|\n|t:|1699296847\n|switch|p1a: Tornadus|Tornadus, M|100\/100\n|turn|3\n|\n|t:|1699296858\n|-end|p2b: Walking Wake|Protosynthesis|[silent]\n|switch|p2b: Lilligant|Lilligant-Hisui, F|100\/100\n|move|p1a: Tornadus|Tailwind|p1a: Tornadus\n|-sidestart|p1: VioletStargazer|move: Tailwind\n|move|p1b: Ogerpon|Ivy Cudgel|p2a: Torkoal\n|-supereffective|p2a: Torkoal\n|-damage|p2a: Torkoal|32\/100\n|move|p2a: Torkoal|Heat Wave|p1a: Tornadus|[spread] p1a,p1b\n|-damage|p1a: Tornadus|44\/100\n|-damage|p1b: Ogerpon|34\/100\n|\n|-weather|SunnyDay|[upkeep]\n|upkeep\n|turn|4\n|\n|t:|1699296914\n|move|p2b: Lilligant|After You|p2a: Torkoal\n|-activate|p2a: Torkoal|move: After You\n|move|p2a: Torkoal|Heat Wave|p1a: Tornadus|[spread] p1a,p1b\n|-damage|p1a: Tornadus|0 fnt\n|-damage|p1b: Ogerpon|0 fnt\n|faint|p1a: Tornadus\n|faint|p1b: Ogerpon\n|\n|-weather|SunnyDay|[upkeep]\n|upkeep\n|\n|t:|1699296927\n|switch|p1a: Heatran|Heatran, F|100\/100\n|switch|p1b: Chien-Pao|Chien-Pao|100\/100\n|-ability|p1b: Chien-Pao|Sword of Ruin\n|turn|5\n|\n|t:|1699296947\n|switch|p2a: Indeedee|Indeedee-F, F, shiny|100\/100\n|-fieldstart|move: Psychic Terrain|[from] ability: Psychic Surge|[of] p2a: Indeedee\n|move|p1b: Chien-Pao|Sucker Punch||[still]\n|-fail|p1b: Chien-Pao\n|move|p2b: Lilligant|Close Combat|p1a: Heatran\n|-supereffective|p1a: Heatran\n|-damage|p1a: Heatran|0 fnt\n|-unboost|p2b: Lilligant|def|1\n|-unboost|p2b: Lilligant|spd|1\n|faint|p1a: Heatran\n|\n|-weather|SunnyDay|[upkeep]\n|upkeep\n|\n|t:|1699296963\n|switch|p1a: Ursaluna|Ursaluna-Bloodmoon, M|100\/100\n|turn|6\n|\n|t:|1699296976\n|move|p1a: Ursaluna|Protect|p1a: Ursaluna\n|-singleturn|p1a: Ursaluna|Protect\n|move|p1b: Chien-Pao|Ice Spinner|p2b: Lilligant\n|-supereffective|p2b: Lilligant\n|-enditem|p2b: Lilligant|Focus Sash\n|-damage|p2b: Lilligant|1\/100\n|-fieldend|move: Psychic Terrain\n|move|p2b: Lilligant|Solar Blade||[still]\n|-prepare|p2b: Lilligant|Solar Blade\n|-anim|p2b: Lilligant|Solar Blade|p1a: Ursaluna\n|-activate|p1a: Ursaluna|move: Protect\n|move|p2a: Indeedee|Dazzling Gleam|p1a: Ursaluna|[spread] p1b\n|-activate|p1a: Ursaluna|move: Protect\n|-supereffective|p1b: Chien-Pao\n|-damage|p1b: Chien-Pao|59\/100\n|\n|-weather|none\n|-sideend|p1: VioletStargazer|move: Tailwind\n|upkeep\n|turn|7\n|\n|t:|1699296997\n|switch|p2b: Iron Bundle|Iron Bundle|100\/100\n|switch|p2a: Torkoal|Torkoal, M|32\/100\n|-weather|SunnyDay|[from] ability: Drought|[of] p2a: Torkoal\n|move|p1b: Chien-Pao|Ice Shard|p2b: Iron Bundle\n|-resisted|p2b: Iron Bundle\n|-damage|p2b: Iron Bundle|93\/100\n|move|p1a: Ursaluna|Blood Moon|p2a: Torkoal\n|-damage|p2a: Torkoal|0 fnt\n|faint|p2a: Torkoal\n|\n|-weather|SunnyDay|[upkeep]\n|upkeep\n|\n|t:|1699297010\n|switch|p2a: Lilligant|Lilligant-Hisui, F|1\/100\n|turn|8\n|\n|t:|1699297024\n|-end|p2b: Iron Bundle|Quark Drive|[silent]\n|switch|p2b: Indeedee|Indeedee-F, F, shiny|100\/100\n|-fieldstart|move: Psychic Terrain|[from] ability: Psychic Surge|[of] p2b: Indeedee\n|move|p1a: Ursaluna|Protect|p1a: Ursaluna\n|-singleturn|p1a: Ursaluna|Protect\n|move|p1b: Chien-Pao|Ice Shard|p2a: Lilligant\n|-activate|p2a: Lilligant|move: Psychic Terrain\n|move|p2a: Lilligant|Solar Blade||[still]\n|-prepare|p2a: Lilligant|Solar Blade\n|-anim|p2a: Lilligant|Solar Blade|p1a: Ursaluna\n|-activate|p1a: Ursaluna|move: Protect\n|\n|-weather|SunnyDay|[upkeep]\n|upkeep\n|turn|9\n|\n|t:|1699297042\n|move|p2b: Indeedee|Helping Hand|p2a: Lilligant\n|-singleturn|p2a: Lilligant|Helping Hand|[of] p2b: Indeedee\n|move|p2a: Lilligant|Solar Blade||[still]\n|-prepare|p2a: Lilligant|Solar Blade\n|-anim|p2a: Lilligant|Solar Blade|p1a: Ursaluna\n|-supereffective|p1a: Ursaluna\n|-damage|p1a: Ursaluna|0 fnt\n|faint|p1a: Ursaluna\n|move|p1b: Chien-Pao|Ice Spinner|p2a: Lilligant\n|-supereffective|p2a: Lilligant\n|-damage|p2a: Lilligant|0 fnt\n|-fieldend|move: Psychic Terrain\n|faint|p2a: Lilligant\n|\n|-weather|SunnyDay|[upkeep]\n|upkeep\n|\n|t:|1699297051\n|switch|p2a: Walking Wake|Walking Wake|91\/100\n|-activate|p2a: Walking Wake|ability: Protosynthesis\n|-start|p2a: Walking Wake|protosynthesisspe\n|turn|10\n|\n|t:|1699297070\n|-terastallize|p2a: Walking Wake|Fairy\n|-terastallize|p1b: Chien-Pao|Ghost\n|move|p2a: Walking Wake|Flamethrower|p1b: Chien-Pao\n|-damage|p1b: Chien-Pao|0 fnt\n|faint|p1b: Chien-Pao\n|-damage|p2a: Walking Wake|81\/100|[from] item: Life Orb\n|\n|win|yisuspty\n|raw|VioletStargazer's rating: 1450 &rarr; <strong>1429<\/strong><br \/>(-21 for losing)\n|raw|yisuspty's rating: 1428 &rarr; <strong>1449<\/strong><br \/>(+21 for winning)\n|l|\u2606VioletStargazer\n|l|\u2606yisuspty\n","uploadtime":1699297080,"views":8,"p1id":"violetstargazer","p2id":"yisuspty","formatid":"gen9doublesou","rating":1429,"private":0,"password":""}