{"id":"gen9doublesou-1997087241","p1":"9Lightning","p2":"PoliteGhost","format":"[Gen 9] Doubles OU","log":"|j|\u26069Lightning\n|j|\u2606PoliteGhost\n|t:|1700763181\n|gametype|doubles\n|player|p1|9Lightning|brock|1288\n|player|p2|PoliteGhost|giovanni|1436\n|teamsize|p1|6\n|teamsize|p2|6\n|gen|9\n|tier|[Gen 9] Doubles OU\n|rated|\n|rule|Species Clause: Limit one of each Pok\u00e9mon\n|rule|OHKO Clause: OHKO moves are banned\n|rule|Evasion Moves Clause: Evasion moves are banned\n|rule|Gravity Sleep Clause: The combination of sleep-inducing moves with imperfect accuracy and Gravity or Gigantamax Orbeetle are banned\n|rule|Endless Battle Clause: Forcing endless battles is banned\n|rule|HP Percentage Mod: HP is shown in percentages\n|clearpoke\n|poke|p1|Arcanine-Hisui, F|\n|poke|p1|Rillaboom, M|\n|poke|p1|Chien-Pao|\n|poke|p1|Tauros-Paldea-Aqua, M|\n|poke|p1|Chandelure, M|\n|poke|p1|Sinistcha|\n|poke|p2|Amoonguss, F|\n|poke|p2|Iron Hands|\n|poke|p2|Landorus-Therian, M|\n|poke|p2|Flutter Mane|\n|poke|p2|Iron Bundle|\n|poke|p2|Chi-Yu|\n|teampreview\n|inactive|Battle timer is ON: inactive players will automatically lose when time's up. (requested by 9Lightning)\n|\n|t:|1700763195\n|start\n|switch|p1a: Chandelure|Chandelure, M|100\/100\n|switch|p1b: Chien-Pao|Chien-Pao|100\/100\n|switch|p2a: Iron Bundle|Iron Bundle|100\/100\n|switch|p2b: Landorus|Landorus-Therian, M|100\/100\n|-ability|p1b: Chien-Pao|Sword of Ruin\n|-ability|p2b: Landorus|Intimidate|boost\n|-unboost|p1a: Chandelure|atk|1\n|-unboost|p1b: Chien-Pao|atk|1\n|turn|1\n|\n|t:|1700763219\n|-terastallize|p1a: Chandelure|Grass\n|move|p1a: Chandelure|Energy Ball|p2a: Iron Bundle\n|-supereffective|p2a: Iron Bundle\n|-enditem|p2a: Iron Bundle|Focus Sash\n|-damage|p2a: Iron Bundle|1\/100\n|move|p2a: Iron Bundle|Hydro Pump|p1a: Chandelure\n|-resisted|p1a: Chandelure\n|-damage|p1a: Chandelure|63\/100\n|move|p1b: Chien-Pao|Ice Spinner|p2b: Landorus\n|-supereffective|p2b: Landorus\n|-damage|p2b: Landorus|0 fnt\n|faint|p2b: Landorus\n|\n|upkeep\n|\n|t:|1700763238\n|switch|p2b: Iron Hands|Iron Hands|100\/100\n|turn|2\n|\n|t:|1700763256\n|switch|p1a: Tauros|Tauros-Paldea-Aqua, M|100\/100\n|-ability|p1a: Tauros|Intimidate|boost\n|-unboost|p2a: Iron Bundle|atk|1\n|-unboost|p2b: Iron Hands|atk|1\n|-end|p2a: Iron Bundle|Quark Drive|[silent]\n|switch|p2a: Amoonguss|Amoonguss, F|100\/100\n|move|p2b: Iron Hands|Fake Out|p1a: Tauros\n|-damage|p1a: Tauros|83\/100\n|move|p1b: Chien-Pao|Ice Shard|p2a: Amoonguss\n|-supereffective|p2a: Amoonguss\n|-damage|p2a: Amoonguss|71\/100\n|\n|upkeep\n|turn|3\n|\n|t:|1700763284\n|switch|p1b: Sinistcha|Sinistcha|100\/100\n|-heal|p1a: Tauros|100\/100|[from] ability: Hospitality|[of] p1b: Sinistcha\n|switch|p1a: Rillaboom|Rillaboom, M|100\/100\n|-fieldstart|move: Grassy Terrain|[from] ability: Grassy Surge|[of] p1a: Rillaboom\n|move|p2b: Iron Hands|Drain Punch|p1b: Sinistcha\n|-immune|p1b: Sinistcha\n|move|p2a: Amoonguss|Spore|p1b: Sinistcha\n|-immune|p1b: Sinistcha\n|\n|-heal|p2a: Amoonguss|77\/100|[from] Grassy Terrain\n|upkeep\n|turn|4\n|\n|t:|1700763313\n|switch|p1b: Chien-Pao|Chien-Pao|100\/100\n|-ability|p1b: Chien-Pao|Sword of Ruin\n|move|p1a: Rillaboom|Fake Out|p2a: Amoonguss\n|-damage|p2a: Amoonguss|58\/100\n|-damage|p1a: Rillaboom|84\/100|[from] item: Rocky Helmet|[of] p2a: Amoonguss\n|move|p2b: Iron Hands|Drain Punch|p1a: Rillaboom\n|-damage|p1a: Rillaboom|45\/100\n|cant|p2a: Amoonguss|flinch\n|\n|-heal|p1a: Rillaboom|51\/100|[from] Grassy Terrain\n|-heal|p2a: Amoonguss|64\/100|[from] Grassy Terrain\n|upkeep\n|turn|5\n|\n|t:|1700763343\n|move|p1a: Rillaboom|Grassy Glide|p2b: Iron Hands\n|-damage|p2b: Iron Hands|64\/100\n|move|p1b: Chien-Pao|Ice Spinner|p2a: Amoonguss\n|-supereffective|p2a: Amoonguss\n|-damage|p2a: Amoonguss|0 fnt\n|-damage|p1b: Chien-Pao|84\/100|[from] item: Rocky Helmet|[of] p2a: Amoonguss\n|-fieldend|move: Grassy Terrain\n|faint|p2a: Amoonguss\n|move|p2b: Iron Hands|Drain Punch|p1a: Rillaboom\n|-damage|p1a: Rillaboom|14\/100\n|-heal|p2b: Iron Hands|80\/100|[from] drain|[of] p1a: Rillaboom\n|\n|upkeep\n|\n|t:|1700763352\n|switch|p2a: Chi-Yu|Chi-Yu|100\/100\n|-ability|p2a: Chi-Yu|Beads of Ruin\n|turn|6\n|\n|t:|1700763380\n|-terastallize|p2a: Chi-Yu|Ghost\n|move|p1a: Rillaboom|Protect|p1a: Rillaboom\n|-singleturn|p1a: Rillaboom|Protect\n|move|p1b: Chien-Pao|Ice Spinner|p2a: Chi-Yu\n|-damage|p2a: Chi-Yu|10\/100\n|move|p2a: Chi-Yu|Will-O-Wisp|p1b: Chien-Pao\n|-status|p1b: Chien-Pao|brn\n|move|p2b: Iron Hands|Drain Punch|p1a: Rillaboom\n|-activate|p1a: Rillaboom|move: Protect\n|\n|-damage|p1b: Chien-Pao|78\/100 brn|[from] brn\n|upkeep\n|turn|7\n|\n|t:|1700763402\n|move|p2a: Chi-Yu|Protect|p2a: Chi-Yu\n|-singleturn|p2a: Chi-Yu|Protect\n|move|p1b: Chien-Pao|Ice Shard|p2a: Chi-Yu\n|-activate|p2a: Chi-Yu|move: Protect\n|move|p1a: Rillaboom|Drum Beating|p2b: Iron Hands\n|-damage|p2b: Iron Hands|44\/100\n|-unboost|p2b: Iron Hands|spe|1\n|move|p2b: Iron Hands|Drain Punch|p1b: Chien-Pao\n|-supereffective|p1b: Chien-Pao\n|-damage|p1b: Chien-Pao|0 fnt\n|-heal|p2b: Iron Hands|68\/100|[from] drain|[of] p1b: Chien-Pao\n|faint|p1b: Chien-Pao\n|\n|upkeep\n|inactive|9Lightning has 120 seconds left.\n|\n|t:|1700763421\n|switch|p1b: Tauros|Tauros-Paldea-Aqua, M|100\/100\n|-ability|p1b: Tauros|Intimidate|boost\n|-unboost|p2a: Chi-Yu|atk|1\n|-unboost|p2b: Iron Hands|atk|1\n|turn|8\n|\n|t:|1700763438\n|switch|p2a: Flutter Mane|Flutter Mane|100\/100\n|-enditem|p2a: Flutter Mane|Booster Energy\n|-activate|p2a: Flutter Mane|ability: Protosynthesis|[fromitem]\n|-start|p2a: Flutter Mane|protosynthesisspe\n|switch|p1a: Sinistcha|Sinistcha|100\/100\n|move|p1b: Tauros|Aqua Jet|p2a: Flutter Mane\n|-damage|p2a: Flutter Mane|44\/100\n|move|p2b: Iron Hands|Wild Charge|p1b: Tauros\n|-supereffective|p1b: Tauros\n|-damage|p1b: Tauros|39\/100\n|-damage|p2b: Iron Hands|59\/100|[from] Recoil\n|\n|upkeep\n|turn|9\n|\n|t:|1700763466\n|move|p2a: Flutter Mane|Protect|p2a: Flutter Mane\n|-singleturn|p2a: Flutter Mane|Protect\n|move|p1a: Sinistcha|Rage Powder|p1a: Sinistcha\n|-singleturn|p1a: Sinistcha|move: Rage Powder\n|move|p1b: Tauros|Aqua Jet|p2a: Flutter Mane\n|-activate|p2a: Flutter Mane|move: Protect\n|move|p2b: Iron Hands|Wild Charge|p1a: Sinistcha\n|-resisted|p1a: Sinistcha\n|-damage|p1a: Sinistcha|92\/100\n|-damage|p2b: Iron Hands|57\/100|[from] Recoil\n|\n|upkeep\n|turn|10\n|\n|t:|1700763494\n|-end|p2a: Flutter Mane|Protosynthesis|[silent]\n|switch|p2a: Iron Bundle|Iron Bundle|1\/100\n|move|p1a: Sinistcha|Rage Powder|p1a: Sinistcha\n|-singleturn|p1a: Sinistcha|move: Rage Powder\n|move|p1b: Tauros|Aqua Jet|p2a: Iron Bundle\n|-resisted|p2a: Iron Bundle\n|-damage|p2a: Iron Bundle|0 fnt\n|faint|p2a: Iron Bundle\n|-end|p2a: Iron Bundle|Quark Drive|[silent]\n|move|p2b: Iron Hands|Heavy Slam|p1a: Sinistcha\n|-damage|p1a: Sinistcha|74\/100\n|\n|upkeep\n|inactive|PoliteGhost has 120 seconds left.\n|\n|t:|1700763505\n|switch|p2a: Chi-Yu|Chi-Yu, tera:Ghost|10\/100\n|-ability|p2a: Chi-Yu|Beads of Ruin\n|turn|11\n|\n|t:|1700763521\n|move|p2a: Chi-Yu|Protect|p2a: Chi-Yu\n|-singleturn|p2a: Chi-Yu|Protect\n|move|p1a: Sinistcha|Rage Powder|p1a: Sinistcha\n|-singleturn|p1a: Sinistcha|move: Rage Powder\n|move|p1b: Tauros|Aqua Jet|p2a: Chi-Yu\n|-activate|p2a: Chi-Yu|move: Protect\n|move|p2b: Iron Hands|Heavy Slam|p1a: Sinistcha\n|-damage|p1a: Sinistcha|58\/100\n|\n|upkeep\n|turn|12\n|\n|t:|1700763548\n|-end|p2b: Iron Hands|Quark Drive|[silent]\n|switch|p2b: Flutter Mane|Flutter Mane|44\/100\n|move|p1a: Sinistcha|Rage Powder|p1a: Sinistcha\n|-singleturn|p1a: Sinistcha|move: Rage Powder\n|move|p1b: Tauros|Aqua Jet|p2a: Chi-Yu\n|-damage|p2a: Chi-Yu|0 fnt\n|faint|p2a: Chi-Yu\n|\n|upkeep\n|\n|t:|1700763550\n|switch|p2a: Iron Hands|Iron Hands|57\/100\n|turn|13\n|\n|t:|1700763563\n|move|p2a: Iron Hands|Fake Out|p1b: Tauros\n|-damage|p1b: Tauros|19\/100\n|move|p1a: Sinistcha|Rage Powder|p1a: Sinistcha\n|-singleturn|p1a: Sinistcha|move: Rage Powder\n|cant|p1b: Tauros|flinch\n|move|p2b: Flutter Mane|Shadow Ball|p1a: Sinistcha\n|-supereffective|p1a: Sinistcha\n|-damage|p1a: Sinistcha|0 fnt\n|faint|p1a: Sinistcha\n|\n|upkeep\n|\n|t:|1700763579\n|switch|p1a: Rillaboom|Rillaboom, M|14\/100\n|-fieldstart|move: Grassy Terrain|[from] ability: Grassy Surge|[of] p1a: Rillaboom\n|turn|14\n|\n|t:|1700763588\n|move|p2b: Flutter Mane|Protect|p2b: Flutter Mane\n|-singleturn|p2b: Flutter Mane|Protect\n|move|p1b: Tauros|Aqua Jet|p2b: Flutter Mane\n|-activate|p2b: Flutter Mane|move: Protect\n|move|p1a: Rillaboom|Grassy Glide|p2a: Iron Hands\n|-damage|p2a: Iron Hands|33\/100\n|move|p2a: Iron Hands|Drain Punch|p1b: Tauros\n|-damage|p1b: Tauros|0 fnt\n|-heal|p2a: Iron Hands|38\/100|[from] drain|[of] p1b: Tauros\n|faint|p1b: Tauros\n|\n|-heal|p2b: Flutter Mane|50\/100|[from] Grassy Terrain\n|-heal|p1a: Rillaboom|20\/100|[from] Grassy Terrain\n|-heal|p2a: Iron Hands|45\/100|[from] Grassy Terrain\n|upkeep\n|\n|t:|1700763608\n|switch|p1b: Chandelure|Chandelure, M, tera:Grass|63\/100\n|turn|15\n|\n|t:|1700763626\n|move|p1b: Chandelure|Trick|p2a: Iron Hands\n|-activate|p1b: Chandelure|move: Trick|[of] p2a: Iron Hands\n|-item|p2a: Iron Hands|Choice Scarf|[from] move: Trick\n|-item|p1b: Chandelure|Assault Vest|[from] move: Trick\n|move|p2b: Flutter Mane|Moonblast|p1b: Chandelure\n|-damage|p1b: Chandelure|10\/100\n|move|p1a: Rillaboom|Drum Beating|p2a: Iron Hands\n|-damage|p2a: Iron Hands|5\/100\n|-unboost|p2a: Iron Hands|spe|1\n|move|p2a: Iron Hands|Drain Punch|p1a: Rillaboom\n|-damage|p1a: Rillaboom|0 fnt\n|-heal|p2a: Iron Hands|13\/100|[from] drain|[of] p1a: Rillaboom\n|faint|p1a: Rillaboom\n|\n|-heal|p2b: Flutter Mane|56\/100|[from] Grassy Terrain\n|-heal|p1b: Chandelure|16\/100|[from] Grassy Terrain\n|-heal|p2a: Iron Hands|20\/100|[from] Grassy Terrain\n|upkeep\n|\n|t:|1700763646\n|switch|p1a: Arcanine|Arcanine-Hisui, F|100\/100\n|-ability|p1a: Arcanine|Intimidate|boost\n|-unboost|p2a: Iron Hands|atk|1\n|-unboost|p2b: Flutter Mane|atk|1\n|turn|16\n|\n|t:|1700763662\n|move|p2b: Flutter Mane|Moonblast|p1b: Chandelure\n|-damage|p1b: Chandelure|0 fnt\n|faint|p1b: Chandelure\n|move|p1a: Arcanine|Head Smash|p2b: Flutter Mane\n|-damage|p2b: Flutter Mane|0 fnt\n|faint|p2b: Flutter Mane\n|-end|p2b: Flutter Mane|Protosynthesis|[silent]\n|-damage|p1a: Arcanine|79\/100|[from] Recoil\n|move|p2a: Iron Hands|Drain Punch|p1a: Arcanine\n|-supereffective|p1a: Arcanine\n|-damage|p1a: Arcanine|1\/100\n|-heal|p2a: Iron Hands|46\/100|[from] drain|[of] p1a: Arcanine\n|\n|-heal|p1a: Arcanine|7\/100|[from] Grassy Terrain\n|-heal|p2a: Iron Hands|53\/100|[from] Grassy Terrain\n|upkeep\n|turn|17\n|\n|t:|1700763680\n|move|p1a: Arcanine|Head Smash|p2a: Iron Hands|[miss]\n|-miss|p1a: Arcanine|p2a: Iron Hands\n|move|p2a: Iron Hands|Drain Punch|p1a: Arcanine\n|-supereffective|p1a: Arcanine\n|-damage|p1a: Arcanine|0 fnt\n|-heal|p2a: Iron Hands|55\/100|[from] drain|[of] p1a: Arcanine\n|faint|p1a: Arcanine\n|\n|win|PoliteGhost\n|raw|9Lightning's rating: 1288 &rarr; <strong>1273<\/strong><br \/>(-15 for losing)\n|raw|PoliteGhost's rating: 1436 &rarr; <strong>1448<\/strong><br \/>(+12 for winning)\n|l|\u26069Lightning\n","uploadtime":1700763693,"views":10,"p1id":"9lightning","p2id":"politeghost","formatid":"gen9doublesou","rating":1273,"private":0,"password":""}