{"id":"gen9doublesou-1968734599","p1":"Yellow Paint","p2":"hoiymenomimnn 4v6","format":"[Gen 9] Doubles OU","log":"|j|\u2606Yellow Paint\n|j|\u2606hoiymenomimnn 4v6\n|t:|1697459498\n|gametype|doubles\n|player|p1|Yellow Paint|artist|\n|player|p2|hoiymenomimnn 4v6|policeman-gen4|\n|teamsize|p1|6\n|teamsize|p2|6\n|gen|9\n|tier|[Gen 9] Doubles OU\n|rule|Species Clause: Limit one of each Pok\u00e9mon\n|rule|OHKO Clause: OHKO moves are banned\n|rule|Evasion Moves Clause: Evasion moves are banned\n|rule|Gravity Sleep Clause: The combination of sleep-inducing moves with imperfect accuracy and Gravity or Gigantamax Orbeetle are banned\n|rule|Endless Battle Clause: Forcing endless battles is banned\n|rule|HP Percentage Mod: HP is shown in percentages\n|clearpoke\n|poke|p1|Rillaboom, M|\n|poke|p1|Glimmora, F|\n|poke|p1|Basculegion, M|\n|poke|p1|Iron Hands|\n|poke|p1|Chien-Pao|\n|poke|p1|Ogerpon-Hearthflame, F|\n|poke|p2|Diancie|\n|poke|p2|Indeedee-F, F|\n|poke|p2|Armarouge, M|\n|poke|p2|Torkoal, L99, M|\n|poke|p2|Sinistcha-Masterpiece|\n|poke|p2|Regidrago|\n|teampreview\n|\n|t:|1697459546\n|start\n|switch|p1a: Chien-Pao|Chien-Pao|100\/100\n|switch|p1b: Ogerpon|Ogerpon-Hearthflame, F|100\/100\n|switch|p2a: Heal Pulse|Indeedee-F, F|100\/100\n|switch|p2b: Aura Sphere|Armarouge, M|100\/100\n|-ability|p1a: Chien-Pao|Sword of Ruin\n|-ability|p1b: Ogerpon|Mold Breaker\n|-fieldstart|move: Psychic Terrain|[from] ability: Psychic Surge|[of] p2a: Heal Pulse\n|turn|1\n|\n|t:|1697459586\n|move|p2a: Heal Pulse|Follow Me|p2a: Heal Pulse\n|-singleturn|p2a: Heal Pulse|move: Follow Me\n|move|p1a: Chien-Pao|Icicle Crash|p2a: Heal Pulse\n|-damage|p2a: Heal Pulse|29\/100\n|-enditem|p2a: Heal Pulse|Eject Button\n|-damage|p1a: Chien-Pao|91\/100|[from] item: Life Orb\n|\n|t:|1697459624\n|switch|p2a: Shell Smash|Torkoal, L99, M|100\/100\n|-weather|SunnyDay|[from] ability: Drought|[of] p2a: Shell Smash\n|move|p1b: Ogerpon|Ivy Cudgel|p2a: Shell Smash\n|-resisted|p2a: Shell Smash\n|-damage|p2a: Shell Smash|52\/100\n|move|p2b: Aura Sphere|Trick Room|p2b: Aura Sphere\n|-fieldstart|move: Trick Room|[of] p2b: Aura Sphere\n|\n|-weather|SunnyDay|[upkeep]\n|upkeep\n|turn|2\n|\n|t:|1697459655\n|switch|p1b: Rillaboom|Rillaboom, M|100\/100\n|-fieldstart|move: Grassy Terrain|[from] ability: Grassy Surge|[of] p1b: Rillaboom\n|move|p1a: Chien-Pao|Sucker Punch|p2a: Shell Smash\n|-damage|p2a: Shell Smash|5\/100\n|-damage|p1a: Chien-Pao|81\/100|[from] item: Life Orb\n|move|p2a: Shell Smash|Heat Wave|p1a: Chien-Pao|[spread] p1a,p1b\n|-supereffective|p1a: Chien-Pao\n|-supereffective|p1b: Rillaboom\n|-damage|p1a: Chien-Pao|0 fnt\n|-damage|p1b: Rillaboom|0 fnt\n|faint|p1a: Chien-Pao\n|faint|p1b: Rillaboom\n|move|p2b: Aura Sphere|Expanding Force|p1: Chien-Pao|[notarget]\n|-fail|p2b: Aura Sphere\n|\n|-weather|SunnyDay|[upkeep]\n|-heal|p2a: Shell Smash|11\/100|[from] Grassy Terrain\n|upkeep\n|\n|t:|1697459671\n|switch|p1b: Ogerpon|Ogerpon-Hearthflame, F|100\/100\n|switch|p1a: Iron Hands|Iron Hands|100\/100\n|-ability|p1b: Ogerpon|Mold Breaker\n|turn|3\n|\n|t:|1697459686\n|switch|p2a: Heal Pulse|Indeedee-F, F|29\/100\n|-fieldstart|move: Psychic Terrain|[from] ability: Psychic Surge|[of] p2a: Heal Pulse\n|-terastallize|p1b: Ogerpon|Fire\n|detailschange|p1b: Ogerpon|Ogerpon-Hearthflame-Tera, F, tera:Fire\n|-ability|p1b: Ogerpon|Embody Aspect (Hearthflame)|boost\n|-boost|p1b: Ogerpon|atk|1\n|move|p2b: Aura Sphere|Expanding Force|p1a: Iron Hands|[spread] p1a,p1b\n|-supereffective|p1a: Iron Hands\n|-damage|p1a: Iron Hands|19\/100\n|-damage|p1b: Ogerpon|16\/100\n|-damage|p2b: Aura Sphere|91\/100|[from] item: Life Orb\n|move|p1a: Iron Hands|Wild Charge|p2b: Aura Sphere\n|-damage|p2b: Aura Sphere|46\/100\n|-damage|p1a: Iron Hands|11\/100|[from] Recoil\n|move|p1b: Ogerpon|Grassy Glide|p2a: Heal Pulse\n|-damage|p2a: Heal Pulse|0 fnt\n|faint|p2a: Heal Pulse\n|\n|-weather|SunnyDay|[upkeep]\n|upkeep\n|\n|t:|1697459714\n|switch|p2a: Life Dew|Sinistcha-Masterpiece|100\/100\n|-heal|p2b: Aura Sphere|71\/100|[from] ability: Hospitality|[of] p2a: Life Dew\n|turn|4\n|c|\u2606Yellow Paint|I lose from this position unless you throw\n|c|\u2606hoiymenomimnn 4v6|ye that tork living won me\n|\n|t:|1697459745\n|move|p1b: Ogerpon|Spiky Shield|p1b: Ogerpon\n|-singleturn|p1b: Ogerpon|move: Protect\n|move|p2a: Life Dew|Reflect|p2a: Life Dew\n|-sidestart|p2: hoiymenomimnn 4v6|Reflect\n|move|p2b: Aura Sphere|Expanding Force|p1a: Iron Hands|[spread] p1a\n|-activate|p1b: Ogerpon|move: Protect\n|-supereffective|p1a: Iron Hands\n|-damage|p1a: Iron Hands|0 fnt\n|faint|p1a: Iron Hands\n|-end|p1a: Iron Hands|Quark Drive|[silent]\n|-damage|p2b: Aura Sphere|61\/100|[from] item: Life Orb\n|\n|-weather|SunnyDay|[upkeep]\n|upkeep\n|\n|t:|1697459753\n|switch|p1a: Basculegion|Basculegion, M|100\/100\n|turn|5\n|\n|t:|1697459764\n|switch|p1b: Glimmora|Glimmora, F|100\/100\n|move|p2a: Life Dew|Matcha Gotcha|p1b: Glimmora|[spread] p1a,p1b\n|-supereffective|p1a: Basculegion\n|-damage|p1a: Basculegion|46\/100\n|-damage|p1b: Glimmora|71\/100\n|move|p2b: Aura Sphere|Expanding Force|p1b: Glimmora|[spread] p1a,p1b\n|-supereffective|p1b: Glimmora\n|-damage|p1a: Basculegion|0 fnt\n|-damage|p1b: Glimmora|0 fnt\n|faint|p1a: Basculegion\n|faint|p1b: Glimmora\n|-damage|p2b: Aura Sphere|51\/100|[from] item: Life Orb\n|\n|-weather|none\n|-fieldend|move: Trick Room\n|upkeep\n|c|\u2606Yellow Paint|gg\n|-message|Yellow Paint forfeited.\n|\n|win|hoiymenomimnn 4v6\n|c|\u2606hoiymenomimnn 4v6|gg\n","uploadtime":1697459782,"views":16,"p1id":"yellowpaint","p2id":"hoiymenomimnn4v6","formatid":"gen9doublesou","rating":0,"private":0,"password":""}