{"id":"gen9doublesou-1980795110","p1":"arturosada","p2":"keykiko","format":"[Gen 9] Doubles OU","log":"|j|\u2606arturosada\n|j|\u2606keykiko\n|t:|1698834448\n|gametype|doubles\n|player|p1|arturosada|101|1287\n|player|p2|keykiko|lillie|1372\n|teamsize|p1|6\n|teamsize|p2|6\n|gen|9\n|tier|[Gen 9] Doubles OU\n|rated|\n|rule|Species Clause: Limit one of each Pok\u00e9mon\n|rule|OHKO Clause: OHKO moves are banned\n|rule|Evasion Moves Clause: Evasion moves are banned\n|rule|Gravity Sleep Clause: The combination of sleep-inducing moves with imperfect accuracy and Gravity or Gigantamax Orbeetle are banned\n|rule|Endless Battle Clause: Forcing endless battles is banned\n|rule|HP Percentage Mod: HP is shown in percentages\n|clearpoke\n|poke|p1|Charizard, M|\n|poke|p1|Sinistcha-Masterpiece|\n|poke|p1|Clefairy, F|\n|poke|p1|Iron Hands|\n|poke|p1|Chien-Pao|\n|poke|p1|Dragonite, M|\n|poke|p2|Volcanion|\n|poke|p2|Ninetales, M|\n|poke|p2|Torkoal, F|\n|poke|p2|Walking Wake|\n|poke|p2|Chi-Yu|\n|poke|p2|Flutter Mane|\n|teampreview\n|\n|t:|1698834466\n|start\n|switch|p1a: Charizard|Charizard, M|100\/100\n|switch|p1b: Clefairy|Clefairy, F|100\/100\n|switch|p2a: Chi-Yu|Chi-Yu|100\/100\n|switch|p2b: Ninetales|Ninetales, M|100\/100\n|-ability|p2a: Chi-Yu|Beads of Ruin\n|-weather|SunnyDay|[from] ability: Drought|[of] p2b: Ninetales\n|turn|1\n|\n|t:|1698834502\n|-terastallize|p1a: Charizard|Rock\n|move|p1b: Clefairy|Follow Me|p1b: Clefairy\n|-singleturn|p1b: Clefairy|move: Follow Me\n|move|p2a: Chi-Yu|Dark Pulse|p1b: Clefairy\n|-resisted|p1b: Clefairy\n|-damage|p1b: Clefairy|83\/100\n|move|p1a: Charizard|Rock Slide|p2b: Ninetales|[spread] p2a,p2b\n|-supereffective|p2a: Chi-Yu\n|-supereffective|p2b: Ninetales\n|-enditem|p2b: Ninetales|Charti Berry|[eat]\n|-enditem|p2b: Ninetales|Charti Berry|[weaken]\n|-damage|p2a: Chi-Yu|26\/100\n|-damage|p2b: Ninetales|70\/100\n|move|p2b: Ninetales|Heat Wave|p1b: Clefairy|[spread] p1a,p1b\n|-resisted|p1a: Charizard\n|-damage|p1a: Charizard|73\/100\n|-damage|p1b: Clefairy|49\/100\n|\n|-weather|SunnyDay|[upkeep]\n|upkeep\n|turn|2\n|\n|t:|1698834543\n|switch|p2a: Walking Wake|Walking Wake|100\/100\n|-activate|p2a: Walking Wake|ability: Protosynthesis\n|-start|p2a: Walking Wake|protosynthesisspe\n|move|p1b: Clefairy|Follow Me|p1b: Clefairy\n|-singleturn|p1b: Clefairy|move: Follow Me\n|move|p2b: Ninetales|Heat Wave|p1b: Clefairy|[spread] p1a,p1b\n|-resisted|p1a: Charizard\n|-damage|p1a: Charizard|52\/100\n|-damage|p1b: Clefairy|23\/100\n|move|p1a: Charizard|Belly Drum|p1a: Charizard\n|-damage|p1a: Charizard|2\/100\n|-setboost|p1a: Charizard|atk|6|[from] move: Belly Drum\n|-enditem|p1a: Charizard|Sitrus Berry|[eat]\n|-heal|p1a: Charizard|27\/100|[from] item: Sitrus Berry\n|\n|-weather|SunnyDay|[upkeep]\n|upkeep\n|turn|3\n|\n|t:|1698834583\n|move|p1b: Clefairy|Follow Me|p1b: Clefairy\n|-singleturn|p1b: Clefairy|move: Follow Me\n|move|p2a: Walking Wake|Hydro Steam|p1b: Clefairy\n|-damage|p1b: Clefairy|0 fnt\n|faint|p1b: Clefairy\n|move|p1a: Charizard|Acrobatics|p2a: Walking Wake\n|-enditem|p2a: Walking Wake|Focus Sash\n|-damage|p2a: Walking Wake|1\/100\n|move|p2b: Ninetales|Heat Wave|p1a: Charizard|[miss]\n|-miss|p2b: Ninetales|p1a: Charizard\n|\n|-weather|SunnyDay|[upkeep]\n|upkeep\n|\n|t:|1698834606\n|switch|p1b: Sinistcha|Sinistcha-Masterpiece|100\/100\n|-heal|p1a: Charizard|52\/100|[from] ability: Hospitality|[of] p1b: Sinistcha\n|turn|4\n|\n|t:|1698834616\n|move|p1b: Sinistcha|Rage Powder|p1b: Sinistcha\n|-singleturn|p1b: Sinistcha|move: Rage Powder\n|move|p2a: Walking Wake|Hydro Steam|p1b: Sinistcha\n|-resisted|p1b: Sinistcha\n|-damage|p1b: Sinistcha|64\/100\n|move|p1a: Charizard|Flame Charge|p2a: Walking Wake\n|-resisted|p2a: Walking Wake\n|-damage|p2a: Walking Wake|0 fnt\n|-boost|p1a: Charizard|spe|1\n|faint|p2a: Walking Wake\n|-end|p2a: Walking Wake|Protosynthesis|[silent]\n|move|p2b: Ninetales|Heat Wave|p1a: Charizard|[spread] p1a,p1b\n|-resisted|p1a: Charizard\n|-supereffective|p1b: Sinistcha\n|-damage|p1a: Charizard|25\/100\n|-damage|p1b: Sinistcha|0 fnt\n|faint|p1b: Sinistcha\n|\n|-weather|SunnyDay|[upkeep]\n|upkeep\n|inactive|Battle timer is ON: inactive players will automatically lose when time's up. (requested by keykiko)\n|\n|t:|1698834656\n|switch|p2a: Flutter Mane|Flutter Mane|100\/100\n|switch|p1b: Chien-Pao|Chien-Pao|100\/100\n|-ability|p1b: Chien-Pao|Sword of Ruin\n|-activate|p2a: Flutter Mane|ability: Protosynthesis\n|-start|p2a: Flutter Mane|protosynthesisspe\n|turn|5\n|\n|t:|1698834671\n|-terastallize|p2a: Flutter Mane|Fairy\n|move|p1b: Chien-Pao|Sucker Punch|p2a: Flutter Mane\n|-resisted|p2a: Flutter Mane\n|-damage|p2a: Flutter Mane|52\/100\n|move|p2a: Flutter Mane|Dazzling Gleam|p1a: Charizard|[spread] p1a,p1b\n|-supereffective|p1b: Chien-Pao\n|-damage|p1a: Charizard|0 fnt\n|-enditem|p1b: Chien-Pao|Focus Sash\n|-damage|p1b: Chien-Pao|1\/100\n|faint|p1a: Charizard\n|move|p2b: Ninetales|Foul Play|p1b: Chien-Pao\n|-resisted|p1b: Chien-Pao\n|-damage|p1b: Chien-Pao|0 fnt\n|faint|p1b: Chien-Pao\n|\n|-weather|none\n|-end|p2a: Flutter Mane|Protosynthesis\n|upkeep\n|\n|t:|1698834687\n|switch|p1b: Iron Hands|Iron Hands|100\/100\n|switch|p1a: Dragonite|Dragonite, M|100\/100\n|-enditem|p1b: Iron Hands|Booster Energy\n|-activate|p1b: Iron Hands|ability: Quark Drive|[fromitem]\n|-start|p1b: Iron Hands|quarkdriveatk\n|turn|6\n|\n|t:|1698834695\n|move|p2b: Ninetales|Helping Hand|p2a: Flutter Mane\n|-singleturn|p2a: Flutter Mane|Helping Hand|[of] p2b: Ninetales\n|move|p1b: Iron Hands|Fake Out|p2a: Flutter Mane\n|-damage|p2a: Flutter Mane|8\/100\n|cant|p2a: Flutter Mane|flinch\n|move|p1a: Dragonite|Dragon Dance|p1a: Dragonite\n|-boost|p1a: Dragonite|atk|1\n|-boost|p1a: Dragonite|spe|1\n|\n|upkeep\n|turn|7\n|\n|t:|1698834709\n|move|p1a: Dragonite|Extreme Speed|p2a: Flutter Mane\n|-crit|p2a: Flutter Mane\n|-damage|p2a: Flutter Mane|0 fnt\n|faint|p2a: Flutter Mane\n|-end|p2a: Flutter Mane|Protosynthesis|[silent]\n|move|p2b: Ninetales|Foul Play|p1a: Dragonite\n|-damage|p1a: Dragonite|71\/100\n|move|p1b: Iron Hands|Drain Punch|p2b: Ninetales\n|-damage|p2b: Ninetales|0 fnt\n|faint|p2b: Ninetales\n|\n|upkeep\n|\n|t:|1698834722\n|switch|p2a: Torkoal|Torkoal, F|100\/100\n|switch|p2b: Volcanion|Volcanion|100\/100\n|-weather|SunnyDay|[from] ability: Drought|[of] p2a: Torkoal\n|turn|8\n|\n|t:|1698834742\n|move|p2b: Volcanion|Protect|p2b: Volcanion\n|-singleturn|p2b: Volcanion|Protect\n|move|p1a: Dragonite|Dragon Claw|p2b: Volcanion\n|-activate|p2b: Volcanion|move: Protect\n|move|p1b: Iron Hands|Drain Punch|p2a: Torkoal\n|-damage|p2a: Torkoal|62\/100\n|move|p2a: Torkoal|Yawn|p1a: Dragonite\n|-start|p1a: Dragonite|move: Yawn|[of] p2a: Torkoal\n|\n|-weather|SunnyDay|[upkeep]\n|upkeep\n|turn|9\n|\n|t:|1698834768\n|move|p2a: Torkoal|Protect|p2a: Torkoal\n|-singleturn|p2a: Torkoal|Protect\n|move|p1a: Dragonite|Dragon Claw|p2b: Volcanion\n|-damage|p2b: Volcanion|31\/100\n|move|p2b: Volcanion|Heat Wave|p1b: Iron Hands|[spread] p1a,p1b\n|-resisted|p1a: Dragonite\n|-damage|p1a: Dragonite|44\/100\n|-damage|p1b: Iron Hands|49\/100\n|-status|p1a: Dragonite|brn\n|move|p1b: Iron Hands|Drain Punch|p2b: Volcanion\n|-damage|p2b: Volcanion|0 fnt\n|-heal|p1b: Iron Hands|58\/100|[from] drain|[of] p2b: Volcanion\n|faint|p2b: Volcanion\n|\n|-weather|SunnyDay|[upkeep]\n|-damage|p1a: Dragonite|38\/100 brn|[from] brn\n|-end|p1a: Dragonite|move: Yawn|[silent]\n|upkeep\n|\n|t:|1698834780\n|switch|p2b: Chi-Yu|Chi-Yu|26\/100\n|-ability|p2b: Chi-Yu|Beads of Ruin\n|turn|10\n|\n|t:|1698834793\n|move|p1a: Dragonite|Extreme Speed|p2b: Chi-Yu\n|-damage|p2b: Chi-Yu|0 fnt\n|faint|p2b: Chi-Yu\n|move|p1b: Iron Hands|Drain Punch|p2a: Torkoal\n|-damage|p2a: Torkoal|25\/100\n|-heal|p1b: Iron Hands|70\/100|[from] drain|[of] p2a: Torkoal\n|move|p2a: Torkoal|Heat Wave|p1b: Iron Hands|[spread] p1a,p1b\n|-resisted|p1a: Dragonite\n|-damage|p1a: Dragonite|15\/100 brn\n|-damage|p1b: Iron Hands|34\/100\n|\n|-weather|SunnyDay|[upkeep]\n|-damage|p1a: Dragonite|9\/100 brn|[from] brn\n|upkeep\n|turn|11\n|\n|t:|1698834806\n|move|p2a: Torkoal|Protect|p2a: Torkoal\n|-singleturn|p2a: Torkoal|Protect\n|move|p1a: Dragonite|Dragon Dance|p1a: Dragonite\n|-boost|p1a: Dragonite|atk|1\n|-boost|p1a: Dragonite|spe|1\n|move|p1b: Iron Hands|Swords Dance|p1b: Iron Hands\n|-boost|p1b: Iron Hands|atk|2\n|\n|-weather|SunnyDay|[upkeep]\n|-damage|p1a: Dragonite|3\/100 brn|[from] brn\n|upkeep\n|turn|12\n|-message|keykiko forfeited.\n|\n|win|arturosada\n|raw|arturosada's rating: 1287 &rarr; <strong>1318<\/strong><br \/>(+31 for winning)\n|raw|keykiko's rating: 1372 &rarr; <strong>1347<\/strong><br \/>(-25 for losing)\n|l|\u2606keykiko\n|l|\u2606arturosada\n|j|\u2606keykiko\n|player|p2|keykiko|lillie\n","uploadtime":1698834869,"views":19,"p1id":"arturosada","p2id":"keykiko","formatid":"gen9doublesou","rating":1318,"private":0,"password":""}