{"id":"gen9doublesou-1978633420","p1":"Cake Royalty","p2":"Haneoka_Meimi","format":"[Gen 9] Doubles OU","log":"|j|\u2606Cake Royalty\n|j|\u2606Haneoka_Meimi\n|t:|1698571282\n|gametype|doubles\n|player|p1|Cake Royalty|n|1242\n|player|p2|Haneoka_Meimi|170|1318\n|teamsize|p1|6\n|teamsize|p2|6\n|gen|9\n|tier|[Gen 9] Doubles OU\n|rated|\n|rule|Species Clause: Limit one of each Pok\u00e9mon\n|rule|OHKO Clause: OHKO moves are banned\n|rule|Evasion Moves Clause: Evasion moves are banned\n|rule|Gravity Sleep Clause: The combination of sleep-inducing moves with imperfect accuracy and Gravity or Gigantamax Orbeetle are banned\n|rule|Endless Battle Clause: Forcing endless battles is banned\n|rule|HP Percentage Mod: HP is shown in percentages\n|clearpoke\n|poke|p1|Politoed, F|\n|poke|p1|Rotom-Wash|\n|poke|p1|Toxapex, M|\n|poke|p1|Slowking, F|\n|poke|p1|Drednaw, M|\n|poke|p1|Basculegion-F, F|\n|poke|p2|Tornadus, M|\n|poke|p2|Ursaluna-Bloodmoon, M|\n|poke|p2|Chi-Yu|\n|poke|p2|Iron Hands|\n|poke|p2|Armarouge, F|\n|poke|p2|Indeedee-F, F|\n|teampreview\n|inactive|Battle timer is ON: inactive players will automatically lose when time's up. (requested by Cake Royalty)\n|\n|t:|1698571303\n|start\n|switch|p1a: Mother|Politoed, F|100\/100\n|switch|p1b: Britney Spears|Toxapex, M|100\/100\n|switch|p2a: Iron Hands|Iron Hands|100\/100\n|switch|p2b: Ursaluna|Ursaluna-Bloodmoon, M|100\/100\n|-weather|RainDance|[from] ability: Drizzle|[of] p1a: Mother\n|turn|1\n|\n|t:|1698571324\n|-terastallize|p2b: Ursaluna|Normal\n|move|p1a: Mother|Protect|p1a: Mother\n|-singleturn|p1a: Mother|Protect\n|move|p2a: Iron Hands|Fake Out|p1a: Mother\n|-activate|p1a: Mother|move: Protect\n|move|p2b: Ursaluna|Hyper Voice|p1a: Mother|[spread] p1b\n|-activate|p1a: Mother|move: Protect\n|-damage|p1b: Britney Spears|58\/100\n|move|p1b: Britney Spears|Toxic Spikes|p2b: Ursaluna\n|-sidestart|p2: Haneoka_Meimi|move: Toxic Spikes\n|\n|-weather|RainDance|[upkeep]\n|-heal|p1b: Britney Spears|64\/100|[from] item: Leftovers\n|upkeep\n|turn|2\n|\n|t:|1698571351\n|move|p1b: Britney Spears|Baneful Bunker|p1b: Britney Spears\n|-singleturn|p1b: Britney Spears|move: Protect\n|move|p1a: Mother|Focus Blast|p2b: Ursaluna\n|-supereffective|p2b: Ursaluna\n|-damage|p2b: Ursaluna|46\/100\n|move|p2b: Ursaluna|Earth Power|p1b: Britney Spears\n|-activate|p1b: Britney Spears|move: Protect\n|move|p2a: Iron Hands|Wild Charge|p1a: Mother\n|-supereffective|p1a: Mother\n|-damage|p1a: Mother|0 fnt\n|faint|p1a: Mother\n|-damage|p2a: Iron Hands|82\/100|[from] Recoil\n|\n|-weather|RainDance|[upkeep]\n|-heal|p1b: Britney Spears|69\/100|[from] item: Leftovers\n|upkeep\n|inactive|Cake Royalty has 120 seconds left.\n|\n|t:|1698571369\n|switch|p1a: Rocky Gnaw|Drednaw, M|100\/100\n|turn|3\n|\n|t:|1698571380\n|switch|p1b: I'm stuck|Rotom-Wash|100\/100\n|move|p2b: Ursaluna|Vacuum Wave|p1a: Rocky Gnaw\n|-supereffective|p1a: Rocky Gnaw\n|-damage|p1a: Rocky Gnaw|51\/100\n|move|p1a: Rocky Gnaw|High Horsepower|p2a: Iron Hands\n|-supereffective|p2a: Iron Hands\n|-damage|p2a: Iron Hands|24\/100\n|-damage|p1a: Rocky Gnaw|41\/100|[from] item: Life Orb\n|move|p2a: Iron Hands|Drain Punch|p1a: Rocky Gnaw\n|-supereffective|p1a: Rocky Gnaw\n|-damage|p1a: Rocky Gnaw|0 fnt\n|-heal|p2a: Iron Hands|37\/100|[from] drain|[of] p1a: Rocky Gnaw\n|faint|p1a: Rocky Gnaw\n|\n|-weather|RainDance|[upkeep]\n|upkeep\n|\n|t:|1698571394\n|switch|p1a: Deja Vu|Slowking, F|100\/100\n|turn|4\n|\n|t:|1698571416\n|move|p1b: I'm stuck|Hydro Pump|p2b: Ursaluna\n|-damage|p2b: Ursaluna|0 fnt\n|faint|p2b: Ursaluna\n|move|p2a: Iron Hands|Wild Charge|p1a: Deja Vu\n|-supereffective|p1a: Deja Vu\n|-damage|p1a: Deja Vu|0 fnt\n|faint|p1a: Deja Vu\n|-damage|p2a: Iron Hands|17\/100|[from] Recoil\n|\n|-weather|RainDance|[upkeep]\n|upkeep\n|\n|t:|1698571440\n|switch|p2b: Indeedee|Indeedee-F, F|100\/100\n|switch|p1a: Britney Spears|Toxapex, M|100\/100\n|-status|p2b: Indeedee|psn\n|-fieldstart|move: Psychic Terrain|[from] ability: Psychic Surge|[of] p2b: Indeedee\n|turn|5\n|inactive|Cake Royalty has 120 seconds left.\n|\n|t:|1698571475\n|move|p1b: I'm stuck|Protect|p1b: I'm stuck\n|-singleturn|p1b: I'm stuck|Protect\n|move|p1a: Britney Spears|Baneful Bunker|p1a: Britney Spears\n|-singleturn|p1a: Britney Spears|move: Protect\n|move|p2a: Iron Hands|Wild Charge|p1b: I'm stuck\n|-activate|p1b: I'm stuck|move: Protect\n|move|p2b: Indeedee|Trick Room|p2b: Indeedee\n|-fieldstart|move: Trick Room|[of] p2b: Indeedee\n|\n|-weather|RainDance|[upkeep]\n|-damage|p2b: Indeedee|88\/100 psn|[from] psn\n|upkeep\n|turn|6\n|inactive|Cake Royalty has 120 seconds left.\n|\n|t:|1698571497\n|-terastallize|p1b: I'm stuck|Ghost\n|move|p1a: Britney Spears|Wide Guard|p1a: Britney Spears\n|-singleturn|p1a: Britney Spears|Wide Guard\n|move|p2b: Indeedee|Follow Me|p2b: Indeedee\n|-singleturn|p2b: Indeedee|move: Follow Me\n|move|p2a: Iron Hands|Wild Charge|p1b: I'm stuck\n|-damage|p1b: I'm stuck|44\/100\n|-damage|p2a: Iron Hands|9\/100|[from] Recoil\n|move|p1b: I'm stuck|Volt Switch|p2b: Indeedee\n|-damage|p2b: Indeedee|62\/100 psn\n|inactive|Cake Royalty has 120 seconds left.\n|\n|t:|1698571506\n|switch|p1b: Death|Basculegion-F, F|100\/100|[from] Volt Switch\n|\n|-weather|RainDance|[upkeep]\n|-heal|p2b: Indeedee|69\/100 psn|[from] item: Leftovers\n|-damage|p2b: Indeedee|56\/100 psn|[from] psn\n|upkeep\n|turn|7\n|\n|t:|1698571521\n|switch|p1b: I'm stuck|Rotom-Wash, tera:Ghost|44\/100\n|move|p2b: Indeedee|Follow Me|p2b: Indeedee\n|-singleturn|p2b: Indeedee|move: Follow Me\n|move|p1a: Britney Spears|Toxic Spikes|p2b: Indeedee\n|-sidestart|p2: Haneoka_Meimi|move: Toxic Spikes\n|move|p2a: Iron Hands|Wild Charge|p1b: I'm stuck\n|-damage|p1b: I'm stuck|0 fnt\n|faint|p1b: I'm stuck\n|-damage|p2a: Iron Hands|3\/100|[from] Recoil\n|\n|-weather|RainDance|[upkeep]\n|-heal|p2b: Indeedee|62\/100 psn|[from] item: Leftovers\n|-damage|p2b: Indeedee|50\/100 psn|[from] psn\n|upkeep\n|\n|t:|1698571530\n|switch|p1b: Death|Basculegion-F, F|100\/100\n|turn|8\n|\n|t:|1698571540\n|move|p1a: Britney Spears|Baneful Bunker|p1a: Britney Spears\n|-singleturn|p1a: Britney Spears|move: Protect\n|move|p2b: Indeedee|Follow Me|p2b: Indeedee\n|-singleturn|p2b: Indeedee|move: Follow Me\n|move|p2a: Iron Hands|Wild Charge|p1b: Death\n|-supereffective|p1b: Death\n|-damage|p1b: Death|0 fnt\n|faint|p1b: Death\n|-damage|p2a: Iron Hands|0 fnt|[from] Recoil\n|faint|p2a: Iron Hands\n|-end|p2a: Iron Hands|Quark Drive|[silent]\n|\n|-weather|none\n|-heal|p2b: Indeedee|56\/100 psn|[from] item: Leftovers\n|-damage|p2b: Indeedee|43\/100 psn|[from] psn\n|upkeep\n|-message|Cake Royalty forfeited.\n|\n|win|Haneoka_Meimi\n|raw|Cake Royalty's rating: 1242 &rarr; <strong>1222<\/strong><br \/>(-20 for losing)\n|raw|Haneoka_Meimi's rating: 1318 &rarr; <strong>1334<\/strong><br \/>(+16 for winning)\n|l|\u2606Cake Royalty\n","uploadtime":1698571559,"views":20,"p1id":"cakeroyalty","p2id":"haneokameimi","formatid":"gen9doublesou","rating":1222,"private":0,"password":""}