{"id":"gen9doublesou-1988846141","p1":"An_Idiotz","p2":"jjgoingmax","format":"[Gen 9] Doubles OU","log":"|j|\u2606An_Idiotz\n|j|\u2606jjgoingmax\n|t:|1699772708\n|gametype|doubles\n|player|p1|An_Idiotz|hilbert|1089\n|player|p2|jjgoingmax|winona|1107\n|teamsize|p1|6\n|teamsize|p2|6\n|gen|9\n|tier|[Gen 9] Doubles OU\n|rated|\n|rule|Species Clause: Limit one of each Pok\u00e9mon\n|rule|OHKO Clause: OHKO moves are banned\n|rule|Evasion Moves Clause: Evasion moves are banned\n|rule|Gravity Sleep Clause: The combination of sleep-inducing moves with imperfect accuracy and Gravity or Gigantamax Orbeetle are banned\n|rule|Endless Battle Clause: Forcing endless battles is banned\n|rule|HP Percentage Mod: HP is shown in percentages\n|clearpoke\n|poke|p1|Spidops, M|\n|poke|p1|Oranguru, M|\n|poke|p1|Ursaluna, F|\n|poke|p1|Empoleon, F|\n|poke|p1|Slowking-Galar, F|\n|poke|p1|Espeon, F|\n|poke|p2|Espathra, F|\n|poke|p2|Flamigo, M|\n|poke|p2|Amoonguss, M|\n|poke|p2|Grimmsnarl, M|\n|poke|p2|Barraskewda, M|\n|poke|p2|Chi-Yu|\n|teampreview\n|inactive|Battle timer is ON: inactive players will automatically lose when time's up. (requested by An_Idiotz)\n|l|\u2606jjgoingmax\n|inactive|jjgoingmax disconnected and has a minute to reconnect!\n|player|p2|\n|j|\u2606jjgoingmax\n|inactive|jjgoingmax reconnected and has 140 seconds left.\n|player|p2|jjgoingmax|winona\n|\n|t:|1699772733\n|start\n|switch|p1a: Spidops|Spidops, M|100\/100\n|switch|p1b: Espeon|Espeon, F|100\/100\n|switch|p2a: Chi-Yu|Chi-Yu|100\/100\n|switch|p2b: Barraskewda|Barraskewda, M|100\/100\n|-ability|p2a: Chi-Yu|Beads of Ruin\n|turn|1\n|\n|t:|1699772742\n|move|p2b: Barraskewda|Liquidation|p1b: Espeon\n|-damage|p1b: Espeon|15\/100\n|-damage|p2b: Barraskewda|91\/100|[from] item: Life Orb\n|move|p1b: Espeon|Skill Swap|p2a: Chi-Yu\n|-activate|p1b: Espeon|move: Skill Swap|Beads of Ruin|Magic Bounce|[of] p2a: Chi-Yu\n|-ability|p1b: Espeon|Beads of Ruin\n|move|p2a: Chi-Yu|Heat Wave|p1a: Spidops|[spread] p1a,p1b\n|-supereffective|p1a: Spidops\n|-damage|p1a: Spidops|7\/100\n|-damage|p1b: Espeon|0 fnt\n|faint|p1b: Espeon\n|move|p1a: Spidops|Sticky Web|p2b: Barraskewda\n|move|p2a: Chi-Yu|Sticky Web|p1a: Spidops|[from]ability: Magic Bounce\n|-sidestart|p1: An_Idiotz|move: Sticky Web\n|\n|upkeep\n|\n|t:|1699772757\n|switch|p1b: Empoleon|Empoleon, F|100\/100\n|-activate|p1b: Empoleon|move: Sticky Web\n|-unboost|p1b: Empoleon|spe|1\n|-ability|p1b: Empoleon|Competitive|boost\n|-boost|p1b: Empoleon|spa|2\n|turn|2\n|\n|t:|1699772775\n|switch|p1a: Slowking|Slowking-Galar, F|100\/100\n|-activate|p1a: Slowking|move: Sticky Web\n|-unboost|p1a: Slowking|spe|1\n|move|p2b: Barraskewda|Acupressure|p2a: Chi-Yu\n|-boost|p2a: Chi-Yu|def|2\n|move|p2a: Chi-Yu|Burning Jealousy|p1a: Slowking|[spread] p1a,p1b\n|-damage|p1a: Slowking|80\/100\n|-damage|p1b: Empoleon|77\/100\n|move|p1b: Empoleon|Surf|p2a: Chi-Yu|[spread] p1a,p2a,p2b\n|-supereffective|p2a: Chi-Yu\n|-resisted|p2b: Barraskewda\n|-damage|p1a: Slowking|32\/100\n|-damage|p2a: Chi-Yu|0 fnt\n|-damage|p2b: Barraskewda|26\/100\n|faint|p2a: Chi-Yu\n|\n|-heal|p1a: Slowking|38\/100|[from] item: Leftovers\n|upkeep\n|\n|t:|1699772788\n|switch|p2a: Espathra|Espathra, F|100\/100\n|turn|3\n|\n|t:|1699772802\n|switch|p1b: Ursaluna|Ursaluna, F|100\/100\n|-activate|p1b: Ursaluna|move: Sticky Web\n|-unboost|p1b: Ursaluna|spe|1\n|move|p2b: Barraskewda|Acupressure|p2a: Espathra\n|-boost|p2a: Espathra|spd|2\n|move|p2a: Espathra|Lumina Crash|p1a: Slowking\n|-damage|p1a: Slowking|10\/100\n|-unboost|p1a: Slowking|spd|2\n|move|p1a: Slowking|Trick Room|p1a: Slowking\n|-fieldstart|move: Trick Room|[of] p1a: Slowking\n|\n|-heal|p1a: Slowking|16\/100|[from] item: Leftovers\n|upkeep\n|turn|4\n|\n|t:|1699772816\n|switch|p1a: Oranguru|Oranguru, M|100\/100\n|-activate|p1a: Oranguru|move: Sticky Web\n|-unboost|p1a: Oranguru|spe|1\n|move|p2a: Espathra|Protect|p2a: Espathra\n|-singleturn|p2a: Espathra|Protect\n|move|p1b: Ursaluna|Belly Drum|p1b: Ursaluna\n|-damage|p1b: Ursaluna|51\/100\n|-setboost|p1b: Ursaluna|atk|6|[from] move: Belly Drum\n|-ability|p2a: Espathra|Opportunist|boost\n|-boost|p2a: Espathra|atk|6\n|-enditem|p2a: Espathra|Mirror Herb\n|-boost|p2a: Espathra|atk|0\n|move|p2b: Barraskewda|Liquidation|p1b: Ursaluna\n|-supereffective|p1b: Ursaluna\n|-damage|p1b: Ursaluna|0 fnt\n|faint|p1b: Ursaluna\n|-damage|p2b: Barraskewda|16\/100|[from] item: Life Orb\n|\n|-status|p1a: Oranguru|brn|[from] item: Flame Orb\n|upkeep\n|\n|t:|1699772834\n|switch|p1b: Empoleon|Empoleon, F|77\/100\n|-activate|p1b: Empoleon|move: Sticky Web\n|-unboost|p1b: Empoleon|spe|1\n|-ability|p1b: Empoleon|Competitive|boost\n|-boost|p1b: Empoleon|spa|2\n|-ability|p2a: Espathra|Opportunist|boost\n|-boost|p2a: Espathra|spa|2\n|turn|5\n|\n|t:|1699772877\n|-terastallize|p1b: Empoleon|Water\n|move|p1b: Empoleon|Surf|p2b: Barraskewda|[spread] p2a,p2b\n|-activate|p1a: Oranguru|ability: Telepathy\n|-resisted|p2b: Barraskewda\n|-damage|p2a: Espathra|40\/100\n|-damage|p2b: Barraskewda|0 fnt\n|faint|p2b: Barraskewda\n|move|p1a: Oranguru|Instruct|p1b: Empoleon\n|-singleturn|p1b: Empoleon|move: Instruct|[of] p1a: Oranguru\n|move|p1b: Empoleon|Surf|p2a: Espathra|[spread] p2a\n|-activate|p1a: Oranguru|ability: Telepathy\n|-damage|p2a: Espathra|0 fnt\n|faint|p2a: Espathra\n|\n|-damage|p1a: Oranguru|94\/100 brn|[from] brn\n|upkeep\n|inactive|jjgoingmax has 120 seconds left.\n|\n|t:|1699772890\n|switch|p2a: Amoonguss|Amoonguss, M|100\/100\n|switch|p2b: Flamigo|Flamigo, M|100\/100\n|-copyboost|p2b: Flamigo|p2a: Amoonguss|[from] ability: Costar\n|turn|6\n|\n|t:|1699772897\n|move|p2b: Flamigo|Wide Guard|p2b: Flamigo\n|-singleturn|p2b: Flamigo|Wide Guard\n|move|p1b: Empoleon|Blizzard|p2b: Flamigo|[spread] \n|-activate|p2a: Amoonguss|move: Wide Guard\n|-activate|p2b: Flamigo|move: Wide Guard\n|move|p2a: Amoonguss|Giga Drain|p1b: Empoleon\n|-supereffective|p1b: Empoleon\n|-damage|p1b: Empoleon|17\/100\n|-enditem|p1b: Empoleon|Petaya Berry|[eat]\n|-boost|p1b: Empoleon|spa|1|[from] item: Petaya Berry\n|move|p1a: Oranguru|Instruct|p1b: Empoleon\n|-singleturn|p1b: Empoleon|move: Instruct|[of] p1a: Oranguru\n|move|p1b: Empoleon|Blizzard|p2b: Flamigo|[spread] \n|-activate|p2a: Amoonguss|move: Wide Guard\n|-activate|p2b: Flamigo|move: Wide Guard\n|\n|-damage|p1a: Oranguru|88\/100 brn|[from] brn\n|upkeep\n|turn|7\n|\n|t:|1699772922\n|switch|p1b: Slowking|Slowking-Galar, F|49\/100\n|-activate|p1b: Slowking|move: Sticky Web\n|-unboost|p1b: Slowking|spe|1\n|move|p2b: Flamigo|Wide Guard|p2b: Flamigo\n|-singleturn|p2b: Flamigo|Wide Guard\n|move|p2a: Amoonguss|Giga Drain|p1b: Slowking\n|-resisted|p1b: Slowking\n|-damage|p1b: Slowking|37\/100\n|move|p1a: Oranguru|Fling|p2b: Flamigo\n|-resisted|p2b: Flamigo\n|-damage|p2b: Flamigo|99\/100\n|-status|p2b: Flamigo|brn\n|-enditem|p1a: Oranguru|Flame Orb|[from] move: Fling\n|\n|-heal|p1b: Slowking|43\/100|[from] item: Leftovers\n|-damage|p1a: Oranguru|82\/100 brn|[from] brn\n|-damage|p2b: Flamigo|93\/100 brn|[from] brn\n|-fieldend|move: Trick Room\n|upkeep\n|turn|8\n|\n|t:|1699772932\n|move|p2b: Flamigo|Close Combat|p1a: Oranguru\n|-damage|p1a: Oranguru|60\/100 brn\n|-unboost|p2b: Flamigo|def|1\n|-unboost|p2b: Flamigo|spd|1\n|-enditem|p2b: Flamigo|White Herb\n|-clearnegativeboost|p2b: Flamigo|[silent]\n|move|p1a: Oranguru|Gravity|p1a: Oranguru\n|-fieldstart|move: Gravity\n|move|p2a: Amoonguss|Stomping Tantrum|p1b: Slowking\n|-supereffective|p1b: Slowking\n|-damage|p1b: Slowking|19\/100\n|move|p1b: Slowking|Slack Off|p1b: Slowking\n|-heal|p1b: Slowking|69\/100\n|\n|-heal|p1b: Slowking|75\/100|[from] item: Leftovers\n|-damage|p2b: Flamigo|86\/100 brn|[from] brn\n|-damage|p1a: Oranguru|54\/100 brn|[from] brn\n|upkeep\n|turn|9\n|\n|t:|1699772947\n|move|p2b: Flamigo|Close Combat|p1a: Oranguru\n|-damage|p1a: Oranguru|31\/100 brn\n|-unboost|p2b: Flamigo|def|1\n|-unboost|p2b: Flamigo|spd|1\n|move|p1a: Oranguru|Instruct|p1b: Slowking\n|-singleturn|p1b: Slowking|move: Instruct|[of] p1a: Oranguru\n|move|p1b: Slowking|Slack Off|p1b: Slowking\n|-heal|p1b: Slowking|100\/100\n|move|p2a: Amoonguss|Spore|p1b: Slowking\n|-status|p1b: Slowking|slp|[from] move: Spore\n|cant|p1b: Slowking|slp\n|\n|-damage|p2b: Flamigo|80\/100 brn|[from] brn\n|-damage|p1a: Oranguru|25\/100 brn|[from] brn\n|upkeep\n|turn|10\n|\n|t:|1699772968\n|move|p2b: Flamigo|Close Combat|p1a: Oranguru\n|-damage|p1a: Oranguru|1\/100 brn\n|-unboost|p2b: Flamigo|def|1\n|-unboost|p2b: Flamigo|spd|1\n|move|p1a: Oranguru|Instruct|p1b: Slowking\n|-singleturn|p1b: Slowking|move: Instruct|[of] p1a: Oranguru\n|cant|p1b: Slowking|slp\n|move|p2a: Amoonguss|Stomping Tantrum|p1b: Slowking\n|-supereffective|p1b: Slowking\n|-crit|p1b: Slowking\n|-damage|p1b: Slowking|66\/100 slp\n|-curestatus|p1b: Slowking|slp|[msg]\n|move|p1b: Slowking|Sludge Bomb|p2b: Flamigo\n|-damage|p2b: Flamigo|0 fnt\n|faint|p2b: Flamigo\n|\n|-heal|p1b: Slowking|72\/100|[from] item: Leftovers\n|-damage|p1a: Oranguru|0 fnt|[from] brn\n|faint|p1a: Oranguru\n|upkeep\n|\n|t:|1699772972\n|switch|p2b: Grimmsnarl|Grimmsnarl, M, shiny|100\/100\n|switch|p1a: Empoleon|Empoleon, F, tera:Water|17\/100\n|-activate|p1a: Empoleon|move: Sticky Web\n|-unboost|p1a: Empoleon|spe|1\n|-ability|p1a: Empoleon|Competitive|boost\n|-boost|p1a: Empoleon|spa|2\n|turn|11\n|\n|t:|1699772979\n|switch|p1a: Spidops|Spidops, M|7\/100\n|-activate|p1a: Spidops|move: Sticky Web\n|-unboost|p1a: Spidops|spe|1\n|move|p2b: Grimmsnarl|Foul Play|p1a: Spidops\n|-damage|p1a: Spidops|0 fnt\n|faint|p1a: Spidops\n|move|p2a: Amoonguss|Spore|p1b: Slowking\n|-status|p1b: Slowking|slp|[from] move: Spore\n|cant|p1b: Slowking|slp\n|\n|-heal|p1b: Slowking|78\/100 slp|[from] item: Leftovers\n|upkeep\n|\n|t:|1699772988\n|switch|p1a: Empoleon|Empoleon, F, tera:Water|17\/100\n|-activate|p1a: Empoleon|move: Sticky Web\n|-unboost|p1a: Empoleon|spe|1\n|-ability|p1a: Empoleon|Competitive|boost\n|-boost|p1a: Empoleon|spa|2\n|turn|12\n|\n|t:|1699772996\n|move|p1a: Empoleon|Endure|p1a: Empoleon\n|-singleturn|p1a: Empoleon|move: Endure\n|move|p2b: Grimmsnarl|Foul Play|p1b: Slowking\n|-supereffective|p1b: Slowking\n|-damage|p1b: Slowking|50\/100 slp\n|move|p2a: Amoonguss|Giga Drain|p1a: Empoleon\n|-supereffective|p1a: Empoleon\n|-activate|p1a: Empoleon|move: Endure\n|-damage|p1a: Empoleon|1\/100\n|-curestatus|p1b: Slowking|slp|[msg]\n|move|p1b: Slowking|Trick Room|p1b: Slowking\n|-fieldstart|move: Trick Room|[of] p1b: Slowking\n|\n|-heal|p1b: Slowking|56\/100|[from] item: Leftovers\n|-fieldend|move: Gravity\n|upkeep\n|turn|13\n|\n|t:|1699773012\n|move|p2b: Grimmsnarl|Flatter|p1a: Empoleon\n|-boost|p1a: Empoleon|spa|1\n|-start|p1a: Empoleon|confusion\n|move|p1b: Slowking|Sludge Bomb|p2b: Grimmsnarl\n|-supereffective|p2b: Grimmsnarl\n|-damage|p2b: Grimmsnarl|52\/100\n|-activate|p1a: Empoleon|confusion\n|move|p1a: Empoleon|Blizzard|p2b: Grimmsnarl|[spread] p2a\n|-miss|p1a: Empoleon|p2b: Grimmsnarl\n|-supereffective|p2a: Amoonguss\n|-damage|p2a: Amoonguss|0 fnt\n|faint|p2a: Amoonguss\n|\n|-heal|p1b: Slowking|62\/100|[from] item: Leftovers\n|upkeep\n|turn|14\n|\n|t:|1699773025\n|move|p1b: Slowking|Sludge Bomb|p2b: Grimmsnarl\n|-supereffective|p2b: Grimmsnarl\n|-damage|p2b: Grimmsnarl|2\/100\n|-activate|p1a: Empoleon|confusion\n|move|p1a: Empoleon|Steel Beam|p2b: Grimmsnarl\n|-supereffective|p2b: Grimmsnarl\n|-damage|p2b: Grimmsnarl|0 fnt\n|-damage|p1a: Empoleon|0 fnt|[from] steelbeam\n|faint|p1a: Empoleon\n|faint|p2b: Grimmsnarl\n|\n|win|An_Idiotz\n|raw|An_Idiotz's rating: 1089 &rarr; <strong>1117<\/strong><br \/>(+28 for winning)\n|raw|jjgoingmax's rating: 1107 &rarr; <strong>1081<\/strong><br \/>(-26 for losing)\n|l|\u2606jjgoingmax\n","uploadtime":1699773035,"views":25,"p1id":"anidiotz","p2id":"jjgoingmax","formatid":"gen9doublesou","rating":1081,"private":0,"password":""}