{"id":"gen9doublesou-1979827058","p1":"pignitewaggy","p2":"Happieferret19","format":"[Gen 9] Doubles OU","log":"|j|\u2606pignitewaggy\n|j|\u2606Happieferret19\n|t:|1698717348\n|gametype|doubles\n|player|p1|pignitewaggy|bellelba|1045\n|player|p2|Happieferret19|palmer|1181\n|teamsize|p1|6\n|teamsize|p2|6\n|gen|9\n|tier|[Gen 9] Doubles OU\n|rated|\n|rule|Species Clause: Limit one of each Pok\u00e9mon\n|rule|OHKO Clause: OHKO moves are banned\n|rule|Evasion Moves Clause: Evasion moves are banned\n|rule|Gravity Sleep Clause: The combination of sleep-inducing moves with imperfect accuracy and Gravity or Gigantamax Orbeetle are banned\n|rule|Endless Battle Clause: Forcing endless battles is banned\n|rule|HP Percentage Mod: HP is shown in percentages\n|clearpoke\n|poke|p1|Thundurus-Therian, M|\n|poke|p1|Raichu, F|\n|poke|p1|Pincurchin, M|\n|poke|p1|Golem-Alola, F|\n|poke|p1|Meowscarada, M|\n|poke|p1|Gardevoir, F|\n|poke|p2|Pelipper, M|\n|poke|p2|Basculegion-F, F|\n|poke|p2|Regieleki|\n|poke|p2|Toxicroak, F|\n|poke|p2|Iron Bundle|\n|poke|p2|Ludicolo, M|\n|teampreview\n|inactive|Battle timer is ON: inactive players will automatically lose when time's up. (requested by Happieferret19)\n|\n|t:|1698717365\n|start\n|switch|p1a: Gardevoir|Gardevoir, F|100\/100\n|switch|p1b: Golem|Golem-Alola, F|100\/100\n|switch|p2a: Pelipper|Pelipper, M|100\/100\n|switch|p2b: Basculegion|Basculegion-F, F|100\/100\n|-weather|RainDance|[from] ability: Drizzle|[of] p2a: Pelipper\n|turn|1\n|\n|t:|1698717380\n|-terastallize|p1b: Golem|Flying\n|move|p1a: Gardevoir|Helping Hand|p1b: Golem\n|-singleturn|p1b: Golem|Helping Hand|[of] p1a: Gardevoir\n|move|p2b: Basculegion|Surf|p1b: Golem|[spread] p2a,p1a,p1b\n|-resisted|p2a: Pelipper\n|-crit|p2a: Pelipper\n|-damage|p2a: Pelipper|25\/100\n|-damage|p1a: Gardevoir|40\/100\n|-damage|p1b: Golem|19\/100\n|move|p2a: Pelipper|U-turn|p1a: Gardevoir\n|-damage|p1a: Gardevoir|28\/100\n|\n|t:|1698717394\n|switch|p2a: Regieleki|Regieleki|100\/100|[from] U-turn\n|move|p1b: Golem|Explosion|p2a: Regieleki|[spread] p2a,p2b\n|-activate|p1a: Gardevoir|ability: Telepathy\n|-resisted|p2a: Regieleki\n|-supereffective|p2b: Basculegion\n|-damage|p2a: Regieleki|0 fnt\n|-damage|p2b: Basculegion|0 fnt\n|faint|p1b: Golem\n|faint|p2a: Regieleki\n|faint|p2b: Basculegion\n|\n|-weather|RainDance|[upkeep]\n|upkeep\n|\n|t:|1698717418\n|switch|p2a: Iron Bundle|Iron Bundle|100\/100\n|switch|p2b: Pelipper|Pelipper, M|25\/100\n|switch|p1b: Meowscarada|Meowscarada, M|100\/100\n|-enditem|p2a: Iron Bundle|Booster Energy\n|-activate|p2a: Iron Bundle|ability: Quark Drive|[fromitem]\n|-start|p2a: Iron Bundle|quarkdrivespa\n|turn|2\n|\n|t:|1698717439\n|-terastallize|p2a: Iron Bundle|Flying\n|move|p1b: Meowscarada|Copycat|p1b: Meowscarada\n|-start|p1b: Meowscarada|typechange|Normal|[from] ability: Protean\n|move|p1b: Meowscarada|Explosion|p2b: Pelipper|[from]move: Copycat|[spread] p2a,p2b\n|-activate|p1a: Gardevoir|ability: Telepathy\n|-damage|p2a: Iron Bundle|0 fnt\n|-damage|p2b: Pelipper|0 fnt\n|faint|p1b: Meowscarada\n|faint|p2a: Iron Bundle\n|-end|p2a: Iron Bundle|Quark Drive|[silent]\n|faint|p2b: Pelipper\n|move|p1a: Gardevoir|Moonblast|p2: Iron Bundle|[notarget]\n|-fail|p1a: Gardevoir\n|\n|-weather|RainDance|[upkeep]\n|upkeep\n|c|\u2606Happieferret19|What a fun set\n|\n|t:|1698717457\n|switch|p1b: Thundurus|Thundurus-Therian, M, shiny|100\/100\n|switch|p2a: Toxicroak|Toxicroak, F, shiny|100\/100\n|switch|p2b: Ludicolo|Ludicolo, M|100\/100\n|turn|3\n|c|\u2606Happieferret19|Very creative!\n|\n|t:|1698717473\n|move|p2a: Toxicroak|Fake Out|p1b: Thundurus\n|-crit|p1b: Thundurus\n|-damage|p1b: Thundurus|70\/100\n|cant|p1b: Thundurus|flinch\n|move|p1a: Gardevoir|Destiny Bond|p1a: Gardevoir\n|-singlemove|p1a: Gardevoir|Destiny Bond\n|move|p2b: Ludicolo|Leech Seed|p1a: Gardevoir\n|-start|p1a: Gardevoir|move: Leech Seed\n|\n|-weather|RainDance|[upkeep]\n|-damage|p1a: Gardevoir|15\/100|[from] Leech Seed|[of] p2b: Ludicolo\n|upkeep\n|turn|4\n|\n|t:|1698717493\n|move|p1a: Gardevoir|Helping Hand|p1b: Thundurus\n|-singleturn|p1b: Thundurus|Helping Hand|[of] p1a: Gardevoir\n|move|p1b: Thundurus|Discharge|p2a: Toxicroak|[spread] p2a,p2b\n|-activate|p1a: Gardevoir|ability: Telepathy\n|-damage|p2a: Toxicroak|35\/100\n|-damage|p2b: Ludicolo|65\/100\n|move|p2a: Toxicroak|Poison Jab|p1b: Thundurus\n|-damage|p1b: Thundurus|6\/100\n|-status|p1b: Thundurus|psn\n|move|p2b: Ludicolo|Leech Seed|p1b: Thundurus\n|-start|p1b: Thundurus|move: Leech Seed\n|\n|-weather|RainDance|[upkeep]\n|-heal|p2a: Toxicroak|47\/100|[from] ability: Dry Skin\n|-heal|p2b: Ludicolo|71\/100|[from] ability: Rain Dish\n|-heal|p2a: Toxicroak|53\/100|[from] item: Black Sludge\n|-heal|p2b: Ludicolo|77\/100|[from] item: Leftovers\n|-damage|p1b: Thundurus|0 fnt|[from] Leech Seed|[of] p2b: Ludicolo\n|-heal|p2b: Ludicolo|81\/100|[silent]\n|faint|p1b: Thundurus\n|-damage|p1a: Gardevoir|3\/100|[from] Leech Seed|[of] p2b: Ludicolo\n|-heal|p2b: Ludicolo|93\/100|[silent]\n|upkeep\n|\n|t:|1698717504\n|switch|p1b: Raichu|Raichu, F|100\/100\n|turn|5\n|\n|t:|1698717525\n|move|p1b: Raichu|Discharge|p2b: Ludicolo|[spread] p2a,p2b\n|-activate|p1a: Gardevoir|ability: Telepathy\n|-damage|p2a: Toxicroak|17\/100\n|-damage|p2b: Ludicolo|73\/100\n|move|p1a: Gardevoir|Destiny Bond|p1a: Gardevoir\n|-singlemove|p1a: Gardevoir|Destiny Bond\n|move|p2a: Toxicroak|Poison Jab|p1b: Raichu\n|-damage|p1b: Raichu|25\/100\n|-status|p1b: Raichu|psn\n|move|p2b: Ludicolo|Surf|p1b: Raichu|[spread] p1a,p1b\n|-heal|p2a: Toxicroak|42\/100|[from] ability: Dry Skin|[of] p2b: Ludicolo\n|-damage|p1a: Gardevoir|0 fnt\n|-damage|p1b: Raichu|0 fnt\n|faint|p1a: Gardevoir\n|-activate|p1a: Gardevoir|move: Destiny Bond\n|faint|p1b: Raichu\n|faint|p2b: Ludicolo\n|\n|-weather|RainDance|[upkeep]\n|-heal|p2a: Toxicroak|54\/100|[from] ability: Dry Skin\n|-heal|p2a: Toxicroak|60\/100|[from] item: Black Sludge\n|upkeep\n|\n|t:|1698717541\n|switch|p1b: Pincurchin|Pincurchin, M|100\/100\n|turn|6\n|\n|t:|1698717552\n|move|p2a: Toxicroak|Drain Punch|p1b: Pincurchin\n|-damage|p1b: Pincurchin|61\/100\n|-heal|p2a: Toxicroak|76\/100|[from] drain|[of] p1b: Pincurchin\n|move|p1b: Pincurchin|Discharge|p2a: Toxicroak\n|-damage|p2a: Toxicroak|17\/100\n|-status|p2a: Toxicroak|par\n|-damage|p1b: Pincurchin|51\/100|[from] item: Life Orb\n|\n|-weather|RainDance|[upkeep]\n|-heal|p2a: Toxicroak|29\/100 par|[from] ability: Dry Skin\n|-heal|p2a: Toxicroak|35\/100 par|[from] item: Black Sludge\n|upkeep\n|turn|7\n|\n|t:|1698717567\n|move|p2a: Toxicroak|Drain Punch|p1b: Pincurchin\n|-damage|p1b: Pincurchin|13\/100\n|-heal|p2a: Toxicroak|51\/100 par|[from] drain|[of] p1b: Pincurchin\n|move|p1b: Pincurchin|Discharge|p2a: Toxicroak\n|-crit|p2a: Toxicroak\n|-damage|p2a: Toxicroak|0 fnt\n|faint|p2a: Toxicroak\n|-damage|p1b: Pincurchin|3\/100|[from] item: Life Orb\n|\n|win|pignitewaggy\n|raw|pignitewaggy's rating: 1045 &rarr; <strong>1091<\/strong><br \/>(+46 for winning)\n|raw|Happieferret19's rating: 1181 &rarr; <strong>1147<\/strong><br \/>(-34 for losing)\n|l|\u2606Happieferret19\n","uploadtime":1698717586,"views":22,"p1id":"pignitewaggy","p2id":"happieferret19","formatid":"gen9doublesou","rating":1091,"private":0,"password":""}