{"id":"gen9doublesou-1975352297","p1":"pignitewaggy","p2":"plantshrine","format":"[Gen 9] Doubles OU","log":"|j|\u2606pignitewaggy\n|j|\u2606plantshrine\n|t:|1698182430\n|gametype|doubles\n|player|p1|pignitewaggy|2|1245\n|player|p2|plantshrine|gardenia|1161\n|teamsize|p1|6\n|teamsize|p2|6\n|gen|9\n|tier|[Gen 9] Doubles OU\n|rated|\n|rule|Species Clause: Limit one of each Pok\u00e9mon\n|rule|OHKO Clause: OHKO moves are banned\n|rule|Evasion Moves Clause: Evasion moves are banned\n|rule|Gravity Sleep Clause: The combination of sleep-inducing moves with imperfect accuracy and Gravity or Gigantamax Orbeetle are banned\n|rule|Endless Battle Clause: Forcing endless battles is banned\n|rule|HP Percentage Mod: HP is shown in percentages\n|clearpoke\n|poke|p1|Gyarados, F|\n|poke|p1|Tornadus, M|\n|poke|p1|Iron Hands|\n|poke|p1|Orthworm, F|\n|poke|p1|Tauros-Paldea-Blaze, M|\n|poke|p1|Oranguru, F|\n|poke|p2|Typhlosion-Hisui, M|\n|poke|p2|Ninetales, M|\n|poke|p2|Farigiraf, M|\n|poke|p2|Iron Valiant|\n|poke|p2|Trevenant, M|\n|poke|p2|Moltres-Galar|\n|teampreview\n|\n|t:|1698182459\n|start\n|switch|p1a: Tornadus|Tornadus, M, shiny|100\/100\n|switch|p1b: Orthworm|Orthworm, F|100\/100\n|switch|p2a: Moltres|Moltres-Galar|100\/100\n|switch|p2b: Ninetales|Ninetales, M, shiny|100\/100\n|-weather|SunnyDay|[from] ability: Drought|[of] p2b: Ninetales\n|turn|1\n|\n|t:|1698182491\n|move|p1a: Tornadus|Tailwind|p1a: Tornadus\n|-sidestart|p1: pignitewaggy|move: Tailwind\n|move|p1b: Orthworm|Shed Tail|p1b: Orthworm\n|-start|p1b: Orthworm|Substitute|[from] move: Shed Tail\n|-damage|p1b: Orthworm|50\/100\n|-enditem|p1b: Orthworm|Sitrus Berry|[eat]\n|-heal|p1b: Orthworm|75\/100|[from] item: Sitrus Berry\n|\n|t:|1698182501\n|switch|p1b: Iron Hands|Iron Hands|100\/100|[from] Shed Tail\n|move|p2b: Ninetales|Overheat|p1b: Iron Hands|[miss]\n|-miss|p2b: Ninetales|p1b: Iron Hands\n|move|p2a: Moltres|Nasty Plot|p2a: Moltres\n|-boost|p2a: Moltres|spa|2\n|\n|-weather|SunnyDay|[upkeep]\n|upkeep\n|turn|2\n|\n|t:|1698182547\n|-terastallize|p1b: Iron Hands|Fire\n|-terastallize|p2a: Moltres|Dark\n|move|p1a: Tornadus|U-turn|p2a: Moltres\n|-supereffective|p2a: Moltres\n|-damage|p2a: Moltres|68\/100\n|\n|t:|1698182555\n|switch|p1a: Oranguru|Oranguru, F|100\/100|[from] U-turn\n|move|p1b: Iron Hands|Belly Drum|p1b: Iron Hands\n|-damage|p1b: Iron Hands|50\/100\n|-setboost|p1b: Iron Hands|atk|6|[from] move: Belly Drum\n|-enditem|p1b: Iron Hands|Sitrus Berry|[eat]\n|-heal|p1b: Iron Hands|75\/100|[from] item: Sitrus Berry\n|move|p2b: Ninetales|Solar Beam||[still]\n|-prepare|p2b: Ninetales|Solar Beam\n|-anim|p2b: Ninetales|Solar Beam|p1b: Iron Hands\n|-resisted|p1b: Iron Hands\n|-activate|p1b: Iron Hands|move: Substitute|[damage]\n|move|p2a: Moltres|Air Slash|p1b: Iron Hands\n|-end|p1b: Iron Hands|Substitute\n|\n|-weather|SunnyDay|[upkeep]\n|-heal|p2a: Moltres|74\/100|[from] item: Leftovers\n|upkeep\n|turn|3\n|\n|t:|1698182589\n|switch|p2a: Trevenant|Trevenant, M|100\/100\n|move|p1b: Iron Hands|Drain Punch|p2a: Trevenant\n|-immune|p2a: Trevenant\n|move|p2b: Ninetales|Overheat|p1a: Oranguru|[miss]\n|-miss|p2b: Ninetales|p1a: Oranguru\n|move|p1a: Oranguru|Instruct|p1b: Iron Hands\n|-singleturn|p1b: Iron Hands|move: Instruct|[of] p1a: Oranguru\n|move|p1b: Iron Hands|Drain Punch|p2a: Trevenant\n|-immune|p2a: Trevenant\n|\n|-weather|SunnyDay|[upkeep]\n|upkeep\n|turn|4\n|\n|t:|1698182619\n|move|p2a: Trevenant|Endure|p2a: Trevenant\n|-singleturn|p2a: Trevenant|move: Endure\n|move|p1b: Iron Hands|Earthquake|p2a: Trevenant|[spread] p2a,p2b\n|-activate|p1a: Oranguru|ability: Telepathy\n|-resisted|p2a: Trevenant\n|-supereffective|p2b: Ninetales\n|-damage|p2a: Trevenant|37\/100\n|-damage|p2b: Ninetales|0 fnt\n|faint|p2b: Ninetales\n|move|p1a: Oranguru|Instruct|p1b: Iron Hands\n|-singleturn|p1b: Iron Hands|move: Instruct|[of] p1a: Oranguru\n|move|p1b: Iron Hands|Earthquake|p2a: Trevenant|[spread] p2a\n|-activate|p1a: Oranguru|ability: Telepathy\n|-resisted|p2a: Trevenant\n|-activate|p2a: Trevenant|move: Endure\n|-damage|p2a: Trevenant|1\/100\n|\n|-weather|SunnyDay|[upkeep]\n|-sideend|p1: pignitewaggy|move: Tailwind\n|upkeep\n|\n|t:|1698182640\n|switch|p2b: Typhlosion|Typhlosion-Hisui, M, shiny|100\/100\n|turn|5\n|-enditem|p2a: Trevenant|Custap Berry|[eat]\n|-activate|p2a: Trevenant|item: Custap Berry|[consumed]\n|\n|t:|1698182654\n|move|p2a: Trevenant|Forest's Curse||[still]\n|-fail|p2a: Trevenant\n|move|p2b: Typhlosion|Eruption|p1b: Iron Hands|[spread] p1a,p1b\n|-resisted|p1b: Iron Hands\n|-damage|p1a: Oranguru|46\/100\n|-damage|p1b: Iron Hands|46\/100\n|move|p1b: Iron Hands|Earthquake|p2a: Trevenant|[spread] p2a,p2b\n|-activate|p1a: Oranguru|ability: Telepathy\n|-resisted|p2a: Trevenant\n|-supereffective|p2b: Typhlosion\n|-damage|p2a: Trevenant|0 fnt\n|-damage|p2b: Typhlosion|0 fnt\n|faint|p2a: Trevenant\n|faint|p2b: Typhlosion\n|move|p1a: Oranguru|Trick Room|p1a: Oranguru\n|-fieldstart|move: Trick Room|[of] p1a: Oranguru\n|\n|-weather|none\n|upkeep\n|-message|plantshrine forfeited.\n|\n|win|pignitewaggy\n|raw|pignitewaggy's rating: 1245 &rarr; <strong>1264<\/strong><br \/>(+19 for winning)\n|raw|plantshrine's rating: 1161 &rarr; <strong>1142<\/strong><br \/>(-19 for losing)\n|l|\u2606plantshrine\n","uploadtime":1698182676,"views":23,"p1id":"pignitewaggy","p2id":"plantshrine","formatid":"gen9doublesou","rating":1142,"private":0,"password":""}