{"id":"gen9doublesou-1973076391","p1":"Gen5IsGoodISwear","p2":"DRGpoke","format":"[Gen 9] Doubles OU","log":"|j|\u2606Gen5IsGoodISwear\n|j|\u2606DRGpoke\n|t:|1697924983\n|gametype|doubles\n|player|p1|Gen5IsGoodISwear|rosa|1547\n|player|p2|DRGpoke|scientistf|1688\n|teamsize|p1|6\n|teamsize|p2|6\n|gen|9\n|tier|[Gen 9] Doubles OU\n|rated|\n|rule|Species Clause: Limit one of each Pok\u00e9mon\n|rule|OHKO Clause: OHKO moves are banned\n|rule|Evasion Moves Clause: Evasion moves are banned\n|rule|Gravity Sleep Clause: The combination of sleep-inducing moves with imperfect accuracy and Gravity or Gigantamax Orbeetle are banned\n|rule|Endless Battle Clause: Forcing endless battles is banned\n|rule|HP Percentage Mod: HP is shown in percentages\n|clearpoke\n|poke|p1|Ursaluna-Bloodmoon, M|\n|poke|p1|Amoonguss, M|\n|poke|p1|Indeedee-F, F|\n|poke|p1|Kingambit, M|\n|poke|p1|Heatran, F|\n|poke|p1|Flutter Mane|\n|poke|p2|Wo-Chien|\n|poke|p2|Scream Tail|\n|poke|p2|Rotom-Wash|\n|poke|p2|Landorus-Therian, M|\n|poke|p2|Goodra-Hisui, F|\n|poke|p2|Chien-Pao|\n|teampreview\n|j| hoiymenomimnn 4v6\n|c| hoiymenomimnn 4v6|omg\n|c| hoiymenomimnn 4v6|screamtail snail AND meme snail\n|\n|t:|1697925047\n|start\n|switch|p1a: Ursaluna|Ursaluna-Bloodmoon, M|100\/100\n|switch|p1b: Indeedee|Indeedee-F, F|100\/100\n|switch|p2a: Goodra|Goodra-Hisui, F|100\/100\n|switch|p2b: Rotom|Rotom-Wash|100\/100\n|-fieldstart|move: Psychic Terrain|[from] ability: Psychic Surge|[of] p1b: Indeedee\n|-enditem|p1b: Indeedee|Psychic Seed\n|-boost|p1b: Indeedee|spd|1|[from] item: Psychic Seed\n|turn|1\n|\n|t:|1697925065\n|switch|p2a: Landorus|Landorus-Therian, M|100\/100\n|-ability|p2a: Landorus|Intimidate|boost\n|-unboost|p1a: Ursaluna|atk|1\n|-unboost|p1b: Indeedee|atk|1\n|move|p1a: Ursaluna|Protect|p1a: Ursaluna\n|-singleturn|p1a: Ursaluna|Protect\n|move|p2b: Rotom|Trick|p1a: Ursaluna\n|-activate|p1a: Ursaluna|move: Protect\n|move|p1b: Indeedee|Trick Room|p1b: Indeedee\n|-fieldstart|move: Trick Room|[of] p1b: Indeedee\n|\n|upkeep\n|turn|2\n|c| hoiymenomimnn 4v6|sir ursabloodmon does special damage\n|\n|t:|1697925115\n|switch|p2b: Goodra|Goodra-Hisui, F|100\/100\n|-terastallize|p1a: Ursaluna|Normal\n|move|p1b: Indeedee|Helping Hand|p1a: Ursaluna\n|-singleturn|p1a: Ursaluna|Helping Hand|[of] p1b: Indeedee\n|move|p1a: Ursaluna|Hyper Voice|p2b: Goodra|[spread] p2a,p2b\n|-resisted|p2b: Goodra\n|-damage|p2a: Landorus|0 fnt\n|-damage|p2b: Goodra|79\/100\n|faint|p2a: Landorus\n|-enditem|p1a: Ursaluna|Throat Spray\n|-boost|p1a: Ursaluna|spa|1|[from] item: Throat Spray\n|\n|-heal|p2b: Goodra|85\/100|[from] item: Leftovers\n|upkeep\n|\n|t:|1697925131\n|switch|p2a: Wo-Chien|Wo-Chien|100\/100\n|-ability|p2a: Wo-Chien|Tablets of Ruin\n|turn|3\n|\n|t:|1697925139\n|move|p1b: Indeedee|Helping Hand|p1a: Ursaluna\n|-singleturn|p1a: Ursaluna|Helping Hand|[of] p1b: Indeedee\n|move|p2b: Goodra|Protect|p2b: Goodra\n|-singleturn|p2b: Goodra|Protect\n|move|p1a: Ursaluna|Earth Power|p2b: Goodra\n|-activate|p2b: Goodra|move: Protect\n|move|p2a: Wo-Chien|Leech Seed|p1a: Ursaluna\n|-start|p1a: Ursaluna|move: Leech Seed\n|\n|-heal|p2b: Goodra|91\/100|[from] item: Leftovers\n|-damage|p1a: Ursaluna|88\/100|[from] Leech Seed|[of] p2a: Wo-Chien\n|upkeep\n|turn|4\n|\n|t:|1697925154\n|switch|p2b: Rotom|Rotom-Wash|100\/100\n|move|p1b: Indeedee|Helping Hand|p1a: Ursaluna\n|-singleturn|p1a: Ursaluna|Helping Hand|[of] p1b: Indeedee\n|move|p1a: Ursaluna|Hyper Voice|p2b: Rotom|[spread] p2a,p2b\n|-damage|p2a: Wo-Chien|33\/100\n|-damage|p2b: Rotom|0 fnt\n|faint|p2b: Rotom\n|move|p2a: Wo-Chien|Knock Off|p1b: Indeedee\n|-supereffective|p1b: Indeedee\n|-crit|p1b: Indeedee\n|-damage|p1b: Indeedee|42\/100\n|\n|-heal|p2a: Wo-Chien|39\/100|[from] item: Leftovers\n|-damage|p1a: Ursaluna|76\/100|[from] Leech Seed|[of] p2a: Wo-Chien\n|-heal|p2a: Wo-Chien|53\/100|[silent]\n|upkeep\n|\n|t:|1697925165\n|switch|p2b: Goodra|Goodra-Hisui, F|91\/100\n|turn|5\n|\n|t:|1697925174\n|switch|p2b: Scream Tail|Scream Tail|100\/100\n|move|p1b: Indeedee|Helping Hand|p1a: Ursaluna\n|-singleturn|p1a: Ursaluna|Helping Hand|[of] p1b: Indeedee\n|move|p2a: Wo-Chien|Protect|p2a: Wo-Chien\n|-singleturn|p2a: Wo-Chien|Protect\n|move|p1a: Ursaluna|Earth Power|p2b: Scream Tail\n|-damage|p2b: Scream Tail|18\/100\n|\n|-heal|p2a: Wo-Chien|60\/100|[from] item: Leftovers\n|-heal|p2b: Scream Tail|24\/100|[from] item: Leftovers\n|-damage|p1a: Ursaluna|64\/100|[from] Leech Seed|[of] p2a: Wo-Chien\n|-heal|p2a: Wo-Chien|74\/100|[silent]\n|-fieldend|move: Trick Room\n|-fieldend|move: Psychic Terrain\n|upkeep\n|turn|6\n|c| hoiymenomimnn 4v6|o yes, knock off the indeedee without an item\n|\n|t:|1697925204\n|move|p1b: Indeedee|Helping Hand|p1a: Ursaluna\n|-singleturn|p1a: Ursaluna|Helping Hand|[of] p1b: Indeedee\n|move|p2b: Scream Tail|Encore|p1a: Ursaluna\n|-start|p1a: Ursaluna|Encore\n|move|p2a: Wo-Chien|Knock Off|p1b: Indeedee\n|-supereffective|p1b: Indeedee\n|-damage|p1b: Indeedee|3\/100\n|move|p1a: Ursaluna|Earth Power|p2b: Scream Tail\n|-damage|p2b: Scream Tail|0 fnt\n|faint|p2b: Scream Tail\n|-end|p2b: Scream Tail|Protosynthesis|[silent]\n|\n|-heal|p2a: Wo-Chien|80\/100|[from] item: Leftovers\n|-damage|p1a: Ursaluna|51\/100|[from] Leech Seed|[of] p2a: Wo-Chien\n|-heal|p2a: Wo-Chien|94\/100|[silent]\n|upkeep\n|\n|t:|1697925216\n|switch|p2b: Chien-Pao|Chien-Pao|100\/100\n|-ability|p2b: Chien-Pao|Sword of Ruin\n|turn|7\n|\n|t:|1697925225\n|move|p1b: Indeedee|Follow Me|p1b: Indeedee\n|-singleturn|p1b: Indeedee|move: Follow Me\n|move|p2b: Chien-Pao|Crunch|p1b: Indeedee\n|-supereffective|p1b: Indeedee\n|-damage|p1b: Indeedee|0 fnt\n|faint|p1b: Indeedee\n|move|p2a: Wo-Chien|Knock Off|p1a: Ursaluna\n|-damage|p1a: Ursaluna|34\/100\n|move|p1a: Ursaluna|Earth Power|p2b: Chien-Pao\n|-damage|p2b: Chien-Pao|0 fnt\n|faint|p2b: Chien-Pao\n|\n|-heal|p2a: Wo-Chien|99\/100|[from] item: Leftovers\n|-damage|p1a: Ursaluna|22\/100|[from] Leech Seed|[of] p2a: Wo-Chien\n|-heal|p2a: Wo-Chien|100\/100|[silent]\n|upkeep\n|\n|t:|1697925238\n|switch|p2b: Goodra|Goodra-Hisui, F|91\/100\n|switch|p1b: Amoonguss|Amoonguss, M|100\/100\n|turn|8\n|\n|t:|1697925251\n|move|p1b: Amoonguss|Rage Powder|p1b: Amoonguss\n|-singleturn|p1b: Amoonguss|move: Rage Powder\n|move|p2a: Wo-Chien|Giga Drain|p1a: Ursaluna\n|-damage|p1a: Ursaluna|0 fnt\n|faint|p1a: Ursaluna\n|move|p2b: Goodra|Flash Cannon|p1b: Amoonguss\n|-damage|p1b: Amoonguss|81\/100\n|\n|-heal|p2b: Goodra|97\/100|[from] item: Leftovers\n|-heal|p1b: Amoonguss|87\/100|[from] item: Leftovers\n|upkeep\n|\n|t:|1697925265\n|switch|p1a: Heatran|Heatran, F|100\/100\n|-item|p1a: Heatran|Air Balloon\n|turn|9\n|j|%Yellow Paint\n|\n|t:|1697925273\n|move|p1a: Heatran|Overheat|p2a: Wo-Chien|[miss]\n|-miss|p1a: Heatran|p2a: Wo-Chien\n|move|p2a: Wo-Chien|Leech Seed|p1a: Heatran\n|-start|p1a: Heatran|move: Leech Seed\n|move|p2b: Goodra|Flash Cannon|p1b: Amoonguss\n|-damage|p1b: Amoonguss|69\/100\n|move|p1b: Amoonguss|Spore|p2b: Goodra\n|-ability|p2b: Goodra|Sap Sipper|boost\n|-boost|p2b: Goodra|atk|1\n|\n|-heal|p2b: Goodra|100\/100|[from] item: Leftovers\n|-heal|p1b: Amoonguss|75\/100|[from] item: Leftovers\n|-damage|p1a: Heatran|88\/100|[from] Leech Seed|[of] p2a: Wo-Chien\n|upkeep\n|turn|10\n|\n|t:|1697925289\n|move|p1a: Heatran|Overheat|p2a: Wo-Chien\n|-supereffective|p2a: Wo-Chien\n|-damage|p2a: Wo-Chien|17\/100\n|-unboost|p1a: Heatran|spa|2\n|move|p2a: Wo-Chien|Knock Off|p1b: Amoonguss\n|-damage|p1b: Amoonguss|46\/100\n|-enditem|p1b: Amoonguss|Leftovers|[from] move: Knock Off|[of] p2a: Wo-Chien\n|move|p2b: Goodra|Life Dew||[still]|[spread] p2a,p2b\n|-heal|p2a: Wo-Chien|42\/100\n|-fail|p2b: Goodra|heal\n|move|p1b: Amoonguss|Pollen Puff|p1a: Heatran\n|-heal|p1a: Heatran|100\/100\n|\n|-heal|p2a: Wo-Chien|48\/100|[from] item: Leftovers\n|-damage|p1a: Heatran|88\/100|[from] Leech Seed|[of] p2a: Wo-Chien\n|-heal|p2a: Wo-Chien|61\/100|[silent]\n|upkeep\n|turn|11\n|\n|t:|1697925311\n|switch|p1a: Kingambit|Kingambit, M|100\/100\n|move|p1b: Amoonguss|Rage Powder|p1b: Amoonguss\n|-singleturn|p1b: Amoonguss|move: Rage Powder\n|move|p2a: Wo-Chien|Leech Seed|p1a: Kingambit\n|-start|p1a: Kingambit|move: Leech Seed\n|move|p2b: Goodra|Life Dew||[still]|[spread] p2a,p2b\n|-heal|p2a: Wo-Chien|86\/100\n|-fail|p2b: Goodra|heal\n|\n|-heal|p2a: Wo-Chien|92\/100|[from] item: Leftovers\n|-damage|p1a: Kingambit|88\/100|[from] Leech Seed|[of] p2a: Wo-Chien\n|-heal|p2a: Wo-Chien|100\/100|[silent]\n|upkeep\n|turn|12\n|\n|t:|1697925321\n|move|p2a: Wo-Chien|Knock Off|p1a: Kingambit\n|-resisted|p1a: Kingambit\n|-damage|p1a: Kingambit|78\/100\n|-enditem|p1a: Kingambit|Life Orb|[from] move: Knock Off|[of] p2a: Wo-Chien\n|move|p2b: Goodra|Flash Cannon|p1b: Amoonguss\n|-damage|p1b: Amoonguss|28\/100\n|-unboost|p1b: Amoonguss|spd|1\n|move|p1a: Kingambit|Brick Break|p2b: Goodra\n|-supereffective|p2b: Goodra\n|-damage|p2b: Goodra|59\/100\n|move|p1b: Amoonguss|Pollen Puff|p2a: Wo-Chien\n|-supereffective|p2a: Wo-Chien\n|-damage|p2a: Wo-Chien|62\/100\n|\n|-heal|p2a: Wo-Chien|68\/100|[from] item: Leftovers\n|-heal|p2b: Goodra|65\/100|[from] item: Leftovers\n|-damage|p1a: Kingambit|66\/100|[from] Leech Seed|[of] p2a: Wo-Chien\n|-heal|p2a: Wo-Chien|82\/100|[silent]\n|upkeep\n|turn|13\n|\n|t:|1697925351\n|move|p1b: Amoonguss|Protect|p1b: Amoonguss\n|-singleturn|p1b: Amoonguss|Protect\n|move|p2a: Wo-Chien|Leech Seed|p1b: Amoonguss\n|-activate|p1b: Amoonguss|move: Protect\n|move|p2b: Goodra|Flash Cannon|p1b: Amoonguss\n|-activate|p1b: Amoonguss|move: Protect\n|move|p1a: Kingambit|Brick Break|p2b: Goodra\n|-supereffective|p2b: Goodra\n|-damage|p2b: Goodra|24\/100\n|\n|-heal|p2a: Wo-Chien|88\/100|[from] item: Leftovers\n|-heal|p2b: Goodra|30\/100|[from] item: Leftovers\n|-damage|p1a: Kingambit|53\/100|[from] Leech Seed|[of] p2a: Wo-Chien\n|-heal|p2a: Wo-Chien|100\/100|[silent]\n|upkeep\n|turn|14\n|l|%Yellow Paint\n|\n|t:|1697925377\n|-terastallize|p2b: Goodra|Water\n|move|p2a: Wo-Chien|Giga Drain|p1a: Kingambit\n|-resisted|p1a: Kingambit\n|-damage|p1a: Kingambit|41\/100\n|move|p2b: Goodra|Life Dew||[still]|[spread] p2a,p2b\n|-fail|p2a: Wo-Chien|heal\n|-heal|p2b: Goodra|55\/100\n|move|p1a: Kingambit|Brick Break|p2b: Goodra\n|-damage|p2b: Goodra|36\/100\n|move|p1b: Amoonguss|Pollen Puff|p1a: Kingambit\n|-heal|p1a: Kingambit|91\/100\n|\n|-heal|p2b: Goodra|42\/100|[from] item: Leftovers\n|-damage|p1a: Kingambit|79\/100|[from] Leech Seed|[of] p2a: Wo-Chien\n|upkeep\n|turn|15\n|\n|t:|1697925395\n|move|p2a: Wo-Chien|Knock Off|p1b: Amoonguss\n|-damage|p1b: Amoonguss|9\/100\n|move|p2b: Goodra|Life Dew||[still]|[spread] p2a,p2b\n|-fail|p2a: Wo-Chien|heal\n|-heal|p2b: Goodra|67\/100\n|move|p1a: Kingambit|Brick Break|p2a: Wo-Chien\n|-supereffective|p2a: Wo-Chien\n|-damage|p2a: Wo-Chien|60\/100\n|move|p1b: Amoonguss|Pollen Puff|p2a: Wo-Chien\n|-supereffective|p2a: Wo-Chien\n|-damage|p2a: Wo-Chien|23\/100\n|\n|-heal|p2a: Wo-Chien|29\/100|[from] item: Leftovers\n|-heal|p2b: Goodra|73\/100|[from] item: Leftovers\n|-damage|p1a: Kingambit|67\/100|[from] Leech Seed|[of] p2a: Wo-Chien\n|-heal|p2a: Wo-Chien|42\/100|[silent]\n|upkeep\n|turn|16\n|\n|t:|1697925419\n|move|p1b: Amoonguss|Protect|p1b: Amoonguss\n|-singleturn|p1b: Amoonguss|Protect\n|move|p2a: Wo-Chien|Knock Off|p1b: Amoonguss\n|-activate|p1b: Amoonguss|move: Protect\n|move|p2b: Goodra|Life Dew|p2b: Goodra|[spread] p2a,p2b\n|-heal|p2a: Wo-Chien|68\/100\n|-heal|p2b: Goodra|98\/100\n|move|p1a: Kingambit|Brick Break|p2a: Wo-Chien\n|-supereffective|p2a: Wo-Chien\n|-damage|p2a: Wo-Chien|24\/100\n|\n|-heal|p2a: Wo-Chien|30\/100|[from] item: Leftovers\n|-heal|p2b: Goodra|100\/100|[from] item: Leftovers\n|-damage|p1a: Kingambit|54\/100|[from] Leech Seed|[of] p2a: Wo-Chien\n|-heal|p2a: Wo-Chien|43\/100|[silent]\n|upkeep\n|turn|17\n|\n|t:|1697925429\n|move|p2a: Wo-Chien|Knock Off|p1b: Amoonguss\n|-damage|p1b: Amoonguss|0 fnt\n|faint|p1b: Amoonguss\n|move|p2b: Goodra|Life Dew||[still]|[spread] p2a,p2b\n|-heal|p2a: Wo-Chien|68\/100\n|-fail|p2b: Goodra|heal\n|move|p1a: Kingambit|Brick Break|p2a: Wo-Chien\n|-supereffective|p2a: Wo-Chien\n|-damage|p2a: Wo-Chien|31\/100\n|\n|-heal|p2a: Wo-Chien|37\/100|[from] item: Leftovers\n|-damage|p1a: Kingambit|42\/100|[from] Leech Seed|[of] p2a: Wo-Chien\n|-heal|p2a: Wo-Chien|50\/100|[silent]\n|upkeep\n|c| hoiymenomimnn 4v6|HOLY SHIT JUST KILL HIM WITH HEATRAN\n|\n|t:|1697925446\n|switch|p1b: Flutter Mane|Flutter Mane|100\/100\n|turn|18\n|\n|t:|1697925463\n|move|p2a: Wo-Chien|Protect|p2a: Wo-Chien\n|-singleturn|p2a: Wo-Chien|Protect\n|move|p1b: Flutter Mane|Dazzling Gleam|p2b: Goodra|[spread] p2b\n|-activate|p2a: Wo-Chien|move: Protect\n|-damage|p2b: Goodra|78\/100\n|move|p2b: Goodra|Flash Cannon|p1b: Flutter Mane\n|-supereffective|p1b: Flutter Mane\n|-damage|p1b: Flutter Mane|33\/100\n|move|p1a: Kingambit|Kowtow Cleave|p2b: Goodra\n|-damage|p2b: Goodra|43\/100\n|\n|-heal|p2a: Wo-Chien|57\/100|[from] item: Leftovers\n|-heal|p2b: Goodra|49\/100|[from] item: Leftovers\n|-damage|p1a: Kingambit|29\/100|[from] Leech Seed|[of] p2a: Wo-Chien\n|-heal|p2a: Wo-Chien|70\/100|[silent]\n|upkeep\n|turn|19\n|\n|t:|1697925481\n|move|p1b: Flutter Mane|Dazzling Gleam|p2a: Wo-Chien|[spread] p2a,p2b\n|-supereffective|p2a: Wo-Chien\n|-damage|p2a: Wo-Chien|14\/100\n|-damage|p2b: Goodra|24\/100\n|move|p2a: Wo-Chien|Giga Drain|p1b: Flutter Mane\n|-damage|p1b: Flutter Mane|8\/100\n|-heal|p2a: Wo-Chien|22\/100|[from] drain|[of] p1b: Flutter Mane\n|move|p2b: Goodra|Life Dew|p2b: Goodra|[spread] p2a,p2b\n|-heal|p2a: Wo-Chien|48\/100\n|-heal|p2b: Goodra|49\/100\n|move|p1a: Kingambit|Kowtow Cleave|p2b: Goodra\n|-damage|p2b: Goodra|15\/100\n|\n|-heal|p2a: Wo-Chien|54\/100|[from] item: Leftovers\n|-heal|p2b: Goodra|21\/100|[from] item: Leftovers\n|-damage|p1a: Kingambit|17\/100|[from] Leech Seed|[of] p2a: Wo-Chien\n|-heal|p2a: Wo-Chien|67\/100|[silent]\n|upkeep\n|turn|20\n|\n|t:|1697925504\n|-end|p1b: Flutter Mane|Protosynthesis|[silent]\n|switch|p1b: Heatran|Heatran, F|88\/100\n|-item|p1b: Heatran|Air Balloon\n|move|p2a: Wo-Chien|Protect|p2a: Wo-Chien\n|-singleturn|p2a: Wo-Chien|Protect\n|move|p2b: Goodra|Protect|p2b: Goodra\n|-singleturn|p2b: Goodra|Protect\n|move|p1a: Kingambit|Kowtow Cleave|p2b: Goodra\n|-activate|p2b: Goodra|move: Protect\n|\n|-heal|p2a: Wo-Chien|73\/100|[from] item: Leftovers\n|-heal|p2b: Goodra|27\/100|[from] item: Leftovers\n|-damage|p1a: Kingambit|5\/100|[from] Leech Seed|[of] p2a: Wo-Chien\n|-heal|p2a: Wo-Chien|87\/100|[silent]\n|upkeep\n|turn|21\n|\n|t:|1697925513\n|move|p1b: Heatran|Overheat|p2a: Wo-Chien\n|-supereffective|p2a: Wo-Chien\n|-damage|p2a: Wo-Chien|0 fnt\n|-unboost|p1b: Heatran|spa|2\n|faint|p2a: Wo-Chien\n|move|p2b: Goodra|Life Dew|p2b: Goodra\n|-heal|p2b: Goodra|52\/100\n|move|p1a: Kingambit|Brick Break|p2b: Goodra\n|-damage|p2b: Goodra|22\/100\n|\n|-heal|p2b: Goodra|28\/100|[from] item: Leftovers\n|upkeep\n|turn|22\n|\n|t:|1697925526\n|move|p1b: Heatran|Earth Power|p2b: Goodra\n|-damage|p2b: Goodra|19\/100\n|move|p2b: Goodra|Flash Cannon|p1a: Kingambit\n|-resisted|p1a: Kingambit\n|-damage|p1a: Kingambit|0 fnt\n|faint|p1a: Kingambit\n|\n|-heal|p2b: Goodra|25\/100|[from] item: Leftovers\n|upkeep\n|\n|t:|1697925529\n|switch|p1a: Flutter Mane|Flutter Mane|8\/100\n|turn|23\n|\n|t:|1697925534\n|move|p2b: Goodra|Protect|p2b: Goodra\n|-singleturn|p2b: Goodra|Protect\n|move|p1a: Flutter Mane|Energy Ball|p2b: Goodra\n|-activate|p2b: Goodra|move: Protect\n|move|p1b: Heatran|Earth Power|p2b: Goodra\n|-activate|p2b: Goodra|move: Protect\n|\n|-heal|p2b: Goodra|31\/100|[from] item: Leftovers\n|upkeep\n|turn|24\n|\n|t:|1697925539\n|move|p1a: Flutter Mane|Energy Ball|p2b: Goodra\n|-ability|p2b: Goodra|Sap Sipper|boost\n|-boost|p2b: Goodra|atk|1\n|move|p1b: Heatran|Earth Power|p2b: Goodra\n|-damage|p2b: Goodra|22\/100\n|-unboost|p2b: Goodra|spd|1\n|move|p2b: Goodra|Flash Cannon|p1a: Flutter Mane\n|-supereffective|p1a: Flutter Mane\n|-damage|p1a: Flutter Mane|0 fnt\n|faint|p1a: Flutter Mane\n|-end|p1a: Flutter Mane|Protosynthesis|[silent]\n|\n|-heal|p2b: Goodra|29\/100|[from] item: Leftovers\n|upkeep\n|turn|25\n|\n|t:|1697925544\n|move|p1b: Heatran|Earth Power|p2b: Goodra\n|-damage|p2b: Goodra|15\/100\n|move|p2b: Goodra|Life Dew|p2b: Goodra\n|-heal|p2b: Goodra|40\/100\n|\n|-heal|p2b: Goodra|46\/100|[from] item: Leftovers\n|upkeep\n|turn|26\n|\n|t:|1697925548\n|move|p2b: Goodra|Protect|p2b: Goodra\n|-singleturn|p2b: Goodra|Protect\n|move|p1b: Heatran|Earth Power|p2b: Goodra\n|-activate|p2b: Goodra|move: Protect\n|\n|-heal|p2b: Goodra|52\/100|[from] item: Leftovers\n|upkeep\n|turn|27\n|c| hoiymenomimnn 4v6|LMFAO\n|\n|t:|1697925552\n|move|p1b: Heatran|Earth Power|p2b: Goodra\n|-damage|p2b: Goodra|38\/100\n|move|p2b: Goodra|Flash Cannon|p1b: Heatran\n|-resisted|p1b: Heatran\n|-damage|p1b: Heatran|82\/100\n|-enditem|p1b: Heatran|Air Balloon\n|\n|-heal|p2b: Goodra|44\/100|[from] item: Leftovers\n|upkeep\n|turn|28\n|\n|t:|1697925557\n|move|p2b: Goodra|Protect|p2b: Goodra\n|-singleturn|p2b: Goodra|Protect\n|move|p1b: Heatran|Earth Power|p2b: Goodra\n|-activate|p2b: Goodra|move: Protect\n|\n|-heal|p2b: Goodra|50\/100|[from] item: Leftovers\n|upkeep\n|turn|29\n|\n|t:|1697925561\n|move|p1b: Heatran|Earth Power|p2b: Goodra\n|-damage|p2b: Goodra|38\/100\n|move|p2b: Goodra|Life Dew|p2b: Goodra\n|-heal|p2b: Goodra|63\/100\n|\n|-heal|p2b: Goodra|69\/100|[from] item: Leftovers\n|upkeep\n|turn|30\n|\n|t:|1697925566\n|move|p2b: Goodra|Protect|p2b: Goodra\n|-singleturn|p2b: Goodra|Protect\n|move|p1b: Heatran|Earth Power|p2b: Goodra\n|-activate|p2b: Goodra|move: Protect\n|\n|-heal|p2b: Goodra|75\/100|[from] item: Leftovers\n|upkeep\n|turn|31\n|\n|t:|1697925569\n|move|p1b: Heatran|Earth Power|p2b: Goodra\n|-damage|p2b: Goodra|61\/100\n|move|p2b: Goodra|Flash Cannon|p1b: Heatran\n|-resisted|p1b: Heatran\n|-damage|p1b: Heatran|75\/100\n|\n|-heal|p2b: Goodra|68\/100|[from] item: Leftovers\n|upkeep\n|turn|32\n|\n|t:|1697925575\n|move|p1b: Heatran|Earth Power|p2b: Goodra\n|-damage|p2b: Goodra|55\/100\n|move|p2b: Goodra|Flash Cannon|p1b: Heatran\n|-resisted|p1b: Heatran\n|-damage|p1b: Heatran|68\/100\n|\n|-heal|p2b: Goodra|61\/100|[from] item: Leftovers\n|upkeep\n|turn|33\n|\n|t:|1697925579\n|move|p2b: Goodra|Protect|p2b: Goodra\n|-singleturn|p2b: Goodra|Protect\n|move|p1b: Heatran|Earth Power|p2b: Goodra\n|-activate|p2b: Goodra|move: Protect\n|\n|-heal|p2b: Goodra|67\/100|[from] item: Leftovers\n|upkeep\n|turn|34\n|\n|t:|1697925584\n|move|p1b: Heatran|Earth Power|p2b: Goodra\n|-damage|p2b: Goodra|53\/100\n|move|p2b: Goodra|Flash Cannon|p1b: Heatran\n|-resisted|p1b: Heatran\n|-damage|p1b: Heatran|62\/100\n|\n|-heal|p2b: Goodra|59\/100|[from] item: Leftovers\n|upkeep\n|turn|35\n|\n|t:|1697925590\n|move|p1b: Heatran|Earth Power|p2b: Goodra\n|-damage|p2b: Goodra|46\/100\n|move|p2b: Goodra|Life Dew|p2b: Goodra\n|-heal|p2b: Goodra|71\/100\n|\n|-heal|p2b: Goodra|77\/100|[from] item: Leftovers\n|upkeep\n|turn|36\n|\n|t:|1697925593\n|move|p1b: Heatran|Earth Power|p2b: Goodra\n|-damage|p2b: Goodra|65\/100\n|move|p2b: Goodra|Flash Cannon|p1b: Heatran\n|-resisted|p1b: Heatran\n|-crit|p1b: Heatran\n|-damage|p1b: Heatran|52\/100\n|\n|-heal|p2b: Goodra|71\/100|[from] item: Leftovers\n|upkeep\n|turn|37\n|\n|t:|1697925598\n|move|p1b: Heatran|Earth Power|p2b: Goodra\n|-damage|p2b: Goodra|57\/100\n|move|p2b: Goodra|Flash Cannon|p1b: Heatran\n|-resisted|p1b: Heatran\n|-damage|p1b: Heatran|46\/100\n|-unboost|p1b: Heatran|spd|1\n|\n|-heal|p2b: Goodra|63\/100|[from] item: Leftovers\n|upkeep\n|turn|38\n|\n|t:|1697925608\n|move|p1b: Heatran|Flamethrower|p2b: Goodra\n|-resisted|p2b: Goodra\n|-damage|p2b: Goodra|54\/100\n|move|p2b: Goodra|Flash Cannon|p1b: Heatran\n|-resisted|p1b: Heatran\n|-damage|p1b: Heatran|37\/100\n|\n|-heal|p2b: Goodra|60\/100|[from] item: Leftovers\n|upkeep\n|turn|39\n|\n|t:|1697925614\n|move|p2b: Goodra|Protect|p2b: Goodra\n|-singleturn|p2b: Goodra|Protect\n|move|p1b: Heatran|Flamethrower|p2b: Goodra\n|-activate|p2b: Goodra|move: Protect\n|\n|-heal|p2b: Goodra|66\/100|[from] item: Leftovers\n|upkeep\n|turn|40\n|\n|t:|1697925619\n|move|p1b: Heatran|Flamethrower|p2b: Goodra\n|-resisted|p2b: Goodra\n|-damage|p2b: Goodra|55\/100\n|move|p2b: Goodra|Life Dew|p2b: Goodra\n|-heal|p2b: Goodra|80\/100\n|\n|-heal|p2b: Goodra|86\/100|[from] item: Leftovers\n|upkeep\n|turn|41\n|\n|t:|1697925623\n|move|p1b: Heatran|Flash Cannon|p2b: Goodra\n|-resisted|p2b: Goodra\n|-damage|p2b: Goodra|77\/100\n|move|p2b: Goodra|Flash Cannon|p1b: Heatran\n|-resisted|p1b: Heatran\n|-damage|p1b: Heatran|28\/100\n|\n|-heal|p2b: Goodra|83\/100|[from] item: Leftovers\n|upkeep\n|turn|42\n|\n|t:|1697925627\n|move|p1b: Heatran|Flash Cannon|p2b: Goodra\n|-resisted|p2b: Goodra\n|-damage|p2b: Goodra|75\/100\n|-unboost|p2b: Goodra|spd|1\n|move|p2b: Goodra|Flash Cannon|p1b: Heatran\n|-resisted|p1b: Heatran\n|-damage|p1b: Heatran|19\/100\n|\n|-heal|p2b: Goodra|81\/100|[from] item: Leftovers\n|upkeep\n|turn|43\n|\n|t:|1697925631\n|move|p1b: Heatran|Flash Cannon|p2b: Goodra\n|-resisted|p2b: Goodra\n|-damage|p2b: Goodra|69\/100\n|move|p2b: Goodra|Draco Meteor|p1b: Heatran\n|-resisted|p1b: Heatran\n|-damage|p1b: Heatran|0 fnt\n|-unboost|p2b: Goodra|spa|2\n|faint|p1b: Heatran\n|\n|win|DRGpoke\n|raw|Gen5IsGoodISwear's rating: 1547 &rarr; <strong>1535<\/strong><br \/>(-12 for losing)\n|raw|DRGpoke's rating: 1688 &rarr; <strong>1700<\/strong><br \/>(+12 for winning)\n|l|\u2606Gen5IsGoodISwear\n","uploadtime":1697925691,"views":9,"p1id":"gen5isgoodiswear","p2id":"drgpoke","formatid":"gen9doublesou","rating":1535,"private":0,"password":""}