{"id":"gen9doublesou-1973996498","p1":"Annasa","p2":"sadboigaming","format":"[Gen 9] Doubles OU","log":"|j|\u2606Annasa\n|j|\u2606sadboigaming\n|t:|1698038785\n|gametype|doubles\n|player|p1|Annasa|1|\n|player|p2|sadboigaming|unknown|\n|teamsize|p1|6\n|teamsize|p2|6\n|gen|9\n|tier|[Gen 9] Doubles OU\n|rule|Species Clause: Limit one of each Pok\u00e9mon\n|rule|OHKO Clause: OHKO moves are banned\n|rule|Evasion Moves Clause: Evasion moves are banned\n|rule|Gravity Sleep Clause: The combination of sleep-inducing moves with imperfect accuracy and Gravity or Gigantamax Orbeetle are banned\n|rule|Endless Battle Clause: Forcing endless battles is banned\n|rule|HP Percentage Mod: HP is shown in percentages\n|clearpoke\n|poke|p1|Kingambit, M|\n|poke|p1|Ogerpon-Wellspring, F|\n|poke|p1|Ribombee, F|\n|poke|p1|Iron Valiant|\n|poke|p1|Garchomp, F|\n|poke|p1|Munkidori, M|\n|poke|p2|Regidrago|\n|poke|p2|Hoopa|\n|poke|p2|Torkoal, M|\n|poke|p2|Great Tusk|\n|poke|p2|Thundurus, M|\n|poke|p2|Enamorus-Therian, F|\n|teampreview\n|\n|t:|1698038803\n|start\n|switch|p1a: Ogerpon|Ogerpon-Wellspring, F|100\/100\n|switch|p1b: Ribombee|Ribombee, F|100\/100\n|switch|p2a: Torkoal|Torkoal, M, shiny|100\/100\n|switch|p2b: Enamorus|Enamorus-Therian, F|100\/100\n|turn|1\n|\n|t:|1698038826\n|move|p1b: Ribombee|Sticky Web|p2b: Enamorus\n|-sidestart|p2: sadboigaming|move: Sticky Web\n|move|p1a: Ogerpon|Ivy Cudgel|p2b: Enamorus\n|-damage|p2b: Enamorus|44\/100\n|move|p2b: Enamorus|Dazzling Gleam|p1b: Ribombee|[spread] p1a,p1b\n|-damage|p1a: Ogerpon|44\/100\n|-damage|p1b: Ribombee|41\/100\n|-damage|p2b: Enamorus|34\/100|[from] item: Life Orb\n|move|p2a: Torkoal|Sludge Bomb|p1a: Ogerpon\n|-supereffective|p1a: Ogerpon\n|-damage|p1a: Ogerpon|0 fnt\n|faint|p1a: Ogerpon\n|\n|upkeep\n|\n|t:|1698038839\n|switch|p1a: dushane|Munkidori, M|100\/100\n|turn|2\n|\n|t:|1698038860\n|move|p1b: Ribombee|Moonblast|p2a: Torkoal\n|-resisted|p2a: Torkoal\n|-damage|p2a: Torkoal|79\/100\n|move|p1a: dushane|Focus Blast|p2a: Torkoal|[miss]\n|-miss|p1a: dushane|p2a: Torkoal\n|move|p2b: Enamorus|Earth Power|p1a: dushane\n|-supereffective|p1a: dushane\n|-damage|p1a: dushane|0 fnt\n|faint|p1a: dushane\n|-damage|p2b: Enamorus|25\/100|[from] item: Life Orb\n|move|p2a: Torkoal|Eruption|p1b: Ribombee\n|-supereffective|p1b: Ribombee\n|-damage|p1b: Ribombee|0 fnt\n|faint|p1b: Ribombee\n|\n|-heal|p2a: Torkoal|85\/100|[from] item: Leftovers\n|upkeep\n|\n|t:|1698038876\n|switch|p1b: Iron Valiant|Iron Valiant|100\/100\n|switch|p1a: Garchomp|Garchomp, F|100\/100\n|turn|3\n|\n|t:|1698038889\n|move|p1b: Iron Valiant|Aura Sphere|p2a: Torkoal\n|-damage|p2a: Torkoal|11\/100\n|move|p1a: Garchomp|Iron Head|p2b: Enamorus\n|-supereffective|p2b: Enamorus\n|-damage|p2b: Enamorus|0 fnt\n|faint|p2b: Enamorus\n|move|p2a: Torkoal|Sludge Bomb|p1b: Iron Valiant\n|-supereffective|p1b: Iron Valiant\n|-damage|p1b: Iron Valiant|3\/100\n|\n|-heal|p2a: Torkoal|17\/100|[from] item: Leftovers\n|upkeep\n|\n|t:|1698038901\n|switch|p2b: Regidrago|Regidrago, shiny|100\/100\n|-activate|p2b: Regidrago|move: Sticky Web\n|-unboost|p2b: Regidrago|spe|1\n|turn|4\n|\n|t:|1698038919\n|-terastallize|p2b: Regidrago|Steel\n|move|p1b: Iron Valiant|Aura Sphere|p2b: Regidrago\n|-supereffective|p2b: Regidrago\n|-damage|p2b: Regidrago|0 fnt\n|faint|p2b: Regidrago\n|move|p1a: Garchomp|Iron Head|p2a: Torkoal\n|-resisted|p2a: Torkoal\n|-damage|p2a: Torkoal|3\/100\n|cant|p2a: Torkoal|flinch\n|\n|-heal|p2a: Torkoal|9\/100|[from] item: Leftovers\n|upkeep\n|\n|t:|1698038937\n|switch|p2b: Great Tusk|Great Tusk|100\/100\n|-activate|p2b: Great Tusk|move: Sticky Web\n|-unboost|p2b: Great Tusk|spe|1\n|-enditem|p2b: Great Tusk|Booster Energy\n|-activate|p2b: Great Tusk|ability: Protosynthesis|[fromitem]\n|-start|p2b: Great Tusk|protosynthesisatk\n|turn|5\n|\n|t:|1698038947\n|move|p1b: Iron Valiant|Aura Sphere|p2b: Great Tusk\n|-damage|p2b: Great Tusk|15\/100\n|move|p1a: Garchomp|Iron Head|p2a: Torkoal\n|-resisted|p2a: Torkoal\n|-damage|p2a: Torkoal|0 fnt\n|faint|p2a: Torkoal\n|move|p2b: Great Tusk|Ice Spinner|p1a: Garchomp\n|-supereffective|p1a: Garchomp\n|-damage|p1a: Garchomp|0 fnt\n|-damage|p2b: Great Tusk|3\/100|[from] ability: Rough Skin|[of] p1a: Garchomp\n|faint|p1a: Garchomp\n|\n|upkeep\n|\n|t:|1698038960\n|switch|p1a: Kingambit|Kingambit, M|100\/100\n|switch|p2a: Hoopa|Hoopa|100\/100\n|-activate|p2a: Hoopa|move: Sticky Web\n|-unboost|p2a: Hoopa|spe|1\n|-activate|p1a: Kingambit|ability: Supreme Overlord\n|-start|p1a: Kingambit|fallen4|[silent]\n|turn|6\n|\n|t:|1698038982\n|move|p1a: Kingambit|Sucker Punch|p2a: Hoopa\n|-supereffective|p2a: Hoopa\n|-damage|p2a: Hoopa|0 fnt\n|faint|p2a: Hoopa\n|move|p1b: Iron Valiant|Aura Sphere|p2b: Great Tusk\n|-damage|p2b: Great Tusk|0 fnt\n|faint|p2b: Great Tusk\n|-end|p2b: Great Tusk|Protosynthesis|[silent]\n|\n|upkeep\n|\n|t:|1698038989\n|switch|p2a: Thundurus|Thundurus, M, shiny|100\/100\n|turn|7\n|\n|t:|1698039002\n|move|p1b: Iron Valiant|Aura Sphere|p2a: Thundurus\n|-resisted|p2a: Thundurus\n|-damage|p2a: Thundurus|58\/100\n|move|p2a: Thundurus|U-turn|p1b: Iron Valiant\n|-resisted|p1b: Iron Valiant\n|-damage|p1b: Iron Valiant|0 fnt\n|faint|p1b: Iron Valiant\n|-end|p1b: Iron Valiant|Quark Drive|[silent]\n|move|p1a: Kingambit|Kowtow Cleave|p2a: Thundurus\n|-damage|p2a: Thundurus|0 fnt\n|faint|p2a: Thundurus\n|\n|win|Annasa\n|l|\u2606sadboigaming\n|j|\u2606sadboigaming\n|player|p2|sadboigaming|unknown\n","uploadtime":1698039435,"views":33,"p1id":"annasa","p2id":"sadboigaming","formatid":"gen9doublesou","rating":0,"private":0,"password":""}