{"id":"gen9doublesou-1992099510","p1":"yescaman","p2":"CaptainSuds","format":"[Gen 9] Doubles OU","log":"|j|\u2606yescaman\n|j|\u2606CaptainSuds\n|t:|1700155040\n|gametype|doubles\n|player|p1|yescaman|chuck|1178\n|player|p2|CaptainSuds|1|1299\n|teamsize|p1|6\n|teamsize|p2|6\n|gen|9\n|tier|[Gen 9] Doubles OU\n|rated|\n|rule|Species Clause: Limit one of each Pok\u00e9mon\n|rule|OHKO Clause: OHKO moves are banned\n|rule|Evasion Moves Clause: Evasion moves are banned\n|rule|Gravity Sleep Clause: The combination of sleep-inducing moves with imperfect accuracy and Gravity or Gigantamax Orbeetle are banned\n|rule|Endless Battle Clause: Forcing endless battles is banned\n|rule|HP Percentage Mod: HP is shown in percentages\n|clearpoke\n|poke|p1|Gliscor, M|\n|poke|p1|Goodra-Hisui, M|\n|poke|p1|Flutter Mane|\n|poke|p1|Amoonguss, F|\n|poke|p1|Indeedee-F, F|\n|poke|p1|Palafin, F|\n|poke|p2|Ribombee, M|\n|poke|p2|Mamoswine, M|\n|poke|p2|Mightyena, F|\n|poke|p2|Arcanine, F|\n|poke|p2|Ting-Lu|\n|poke|p2|Rillaboom, M|\n|teampreview\n|inactive|Battle timer is ON: inactive players will automatically lose when time's up. (requested by yescaman)\n|\n|t:|1700155053\n|start\n|switch|p1a: Indeedee|Indeedee-F, F|100\/100\n|switch|p1b: Palafin|Palafin, F|100\/100\n|switch|p2a: Ribombee|Ribombee, M|100\/100\n|switch|p2b: Ting-Lu|Ting-Lu|100\/100\n|-fieldstart|move: Psychic Terrain|[from] ability: Psychic Surge|[of] p1a: Indeedee\n|-enditem|p1a: Indeedee|Psychic Seed\n|-boost|p1a: Indeedee|spd|1|[from] item: Psychic Seed\n|-ability|p2b: Ting-Lu|Vessel of Ruin\n|turn|1\n|\n|t:|1700155074\n|switch|p1a: Flutter Mane|Flutter Mane|100\/100\n|move|p2b: Ting-Lu|Protect|p2b: Ting-Lu\n|-singleturn|p2b: Ting-Lu|Protect\n|move|p2a: Ribombee|Stun Spore|p1b: Palafin|[miss]\n|-miss|p2a: Ribombee|p1b: Palafin\n|move|p1b: Palafin|Flip Turn|p2b: Ting-Lu\n|-activate|p2b: Ting-Lu|move: Protect\n|\n|upkeep\n|turn|2\n|\n|t:|1700155093\n|move|p1a: Flutter Mane|Moonblast|p2b: Ting-Lu\n|-supereffective|p2b: Ting-Lu\n|-damage|p2b: Ting-Lu|47\/100\n|move|p2a: Ribombee|Stun Spore|p1b: Palafin\n|-status|p1b: Palafin|par\n|move|p1b: Palafin|Flip Turn|p2b: Ting-Lu\n|-supereffective|p2b: Ting-Lu\n|-damage|p2b: Ting-Lu|16\/100\n|\n|t:|1700155110\n|detailschange|p1b: Palafin|Palafin-Hero, F\n|switch|p1b: Goodra|Goodra-Hisui, M|100\/100|[from] Flip Turn\n|move|p2b: Ting-Lu|Stealth Rock|p1a: Flutter Mane\n|-sidestart|p1: yescaman|move: Stealth Rock\n|\n|-heal|p2b: Ting-Lu|22\/100|[from] item: Leftovers\n|upkeep\n|turn|3\n|\n|t:|1700155118\n|move|p2b: Ting-Lu|Protect|p2b: Ting-Lu\n|-singleturn|p2b: Ting-Lu|Protect\n|move|p1a: Flutter Mane|Moonblast|p2b: Ting-Lu\n|-activate|p2b: Ting-Lu|move: Protect\n|move|p2a: Ribombee|Stun Spore|p1a: Flutter Mane\n|-status|p1a: Flutter Mane|par\n|move|p1b: Goodra|Heavy Slam|p2a: Ribombee\n|-supereffective|p2a: Ribombee\n|-enditem|p2a: Ribombee|Focus Sash\n|-damage|p2a: Ribombee|1\/100\n|\n|-heal|p2b: Ting-Lu|28\/100|[from] item: Leftovers\n|upkeep\n|turn|4\n|\n|t:|1700155141\n|move|p2a: Ribombee|Sticky Web|p1a: Flutter Mane\n|-sidestart|p1: yescaman|move: Sticky Web\n|move|p1a: Flutter Mane|Moonblast|p2a: Ribombee\n|-damage|p2a: Ribombee|0 fnt\n|faint|p2a: Ribombee\n|move|p1b: Goodra|Body Press|p2b: Ting-Lu\n|-supereffective|p2b: Ting-Lu\n|-damage|p2b: Ting-Lu|5\/100\n|move|p2b: Ting-Lu|Throat Chop|p1a: Flutter Mane\n|-damage|p1a: Flutter Mane|18\/100 par\n|-start|p1a: Flutter Mane|Throat Chop|[silent]\n|\n|-heal|p2b: Ting-Lu|11\/100|[from] item: Leftovers\n|upkeep\n|\n|t:|1700155159\n|switch|p2a: Mightyena|Mightyena, F, shiny|100\/100\n|turn|5\n|\n|t:|1700155173\n|move|p2b: Ting-Lu|Protect|p2b: Ting-Lu\n|-singleturn|p2b: Ting-Lu|Protect\n|move|p1a: Flutter Mane|Moonblast|p2a: Mightyena\n|-supereffective|p2a: Mightyena\n|-damage|p2a: Mightyena|0 fnt\n|faint|p2a: Mightyena\n|move|p1b: Goodra|Body Press|p2b: Ting-Lu\n|-activate|p2b: Ting-Lu|move: Protect\n|\n|-heal|p2b: Ting-Lu|17\/100|[from] item: Leftovers\n|-end|p1a: Flutter Mane|Throat Chop|[silent]\n|-fieldend|move: Psychic Terrain\n|upkeep\n|\n|t:|1700155180\n|switch|p2a: Arcanine|Arcanine, F|100\/100\n|-ability|p2a: Arcanine|Intimidate|boost\n|-unboost|p1a: Flutter Mane|atk|1\n|-unboost|p1b: Goodra|atk|1\n|turn|6\n|\n|t:|1700155195\n|switch|p1b: Gliscor|Gliscor, M|100\/100\n|-damage|p1b: Gliscor|88\/100|[from] Stealth Rock\n|move|p2a: Arcanine|Will-O-Wisp|p1b: Gliscor\n|-status|p1b: Gliscor|brn\n|cant|p1a: Flutter Mane|par\n|move|p2b: Ting-Lu|Throat Chop|p1a: Flutter Mane\n|-damage|p1a: Flutter Mane|0 fnt\n|faint|p1a: Flutter Mane\n|-end|p1a: Flutter Mane|Protosynthesis|[silent]\n|\n|-heal|p2b: Ting-Lu|23\/100|[from] item: Leftovers\n|-damage|p1b: Gliscor|82\/100 brn|[from] brn\n|upkeep\n|\n|t:|1700155207\n|switch|p1a: Palafin|Palafin-Hero, F|100\/100 par\n|-damage|p1a: Palafin|88\/100 par|[from] Stealth Rock\n|-activate|p1a: Palafin|move: Sticky Web\n|-unboost|p1a: Palafin|spe|1\n|-activate|p1a: Palafin|ability: Zero to Hero\n|turn|7\n|\n|t:|1700155218\n|switch|p2a: Rillaboom|Rillaboom, M|100\/100\n|-fieldstart|move: Grassy Terrain|[from] ability: Grassy Surge|[of] p2a: Rillaboom\n|move|p2b: Ting-Lu|Protect|p2b: Ting-Lu\n|-singleturn|p2b: Ting-Lu|Protect\n|move|p1b: Gliscor|Toxic|p2b: Ting-Lu\n|-activate|p2b: Ting-Lu|move: Protect\n|cant|p1a: Palafin|par\n|\n|-heal|p2b: Ting-Lu|29\/100|[from] Grassy Terrain\n|-heal|p2b: Ting-Lu|35\/100|[from] item: Leftovers\n|-heal|p1a: Palafin|94\/100 par|[from] Grassy Terrain\n|-damage|p1b: Gliscor|76\/100 brn|[from] brn\n|upkeep\n|turn|8\n|\n|t:|1700155241\n|switch|p1b: Indeedee|Indeedee-F, F|100\/100\n|-damage|p1b: Indeedee|88\/100|[from] Stealth Rock\n|-activate|p1b: Indeedee|move: Sticky Web\n|-unboost|p1b: Indeedee|spe|1\n|-fieldstart|move: Psychic Terrain|[from] ability: Psychic Surge|[of] p1b: Indeedee\n|move|p2a: Rillaboom|Fake Out|p1a: Palafin\n|-activate|p1a: Palafin|move: Psychic Terrain\n|move|p2b: Ting-Lu|Throat Chop|p1a: Palafin\n|-damage|p1a: Palafin|58\/100 par\n|-start|p1a: Palafin|Throat Chop|[silent]\n|move|p1a: Palafin|Wave Crash|p2b: Ting-Lu\n|-supereffective|p2b: Ting-Lu\n|-damage|p2b: Ting-Lu|0 fnt\n|faint|p2b: Ting-Lu\n|-damage|p1a: Palafin|41\/100 par|[from] Recoil\n|\n|upkeep\n|inactive|CaptainSuds has 120 seconds left.\n|\n|t:|1700155261\n|switch|p2b: Mamoswine|Mamoswine, M|100\/100\n|turn|9\n|\n|t:|1700155271\n|move|p1b: Indeedee|Follow Me|p1b: Indeedee\n|-singleturn|p1b: Indeedee|move: Follow Me\n|move|p2b: Mamoswine|Trailblaze|p1b: Indeedee\n|-damage|p1b: Indeedee|63\/100\n|-boost|p2b: Mamoswine|spe|1\n|move|p2a: Rillaboom|U-turn|p1b: Indeedee\n|-supereffective|p1b: Indeedee\n|-damage|p1b: Indeedee|5\/100\n|\n|t:|1700155279\n|switch|p2a: Arcanine|Arcanine, F|100\/100|[from] U-turn\n|-ability|p2a: Arcanine|Intimidate|boost\n|-unboost|p1a: Palafin|atk|1\n|-unboost|p1b: Indeedee|atk|1\n|move|p1a: Palafin|Wave Crash|p2b: Mamoswine\n|-supereffective|p2b: Mamoswine\n|-damage|p2b: Mamoswine|0 fnt\n|faint|p2b: Mamoswine\n|-damage|p1a: Palafin|7\/100 par|[from] Recoil\n|\n|-end|p1a: Palafin|Throat Chop|[silent]\n|upkeep\n|\n|t:|1700155287\n|switch|p2b: Rillaboom|Rillaboom, M|100\/100\n|-fieldstart|move: Grassy Terrain|[from] ability: Grassy Surge|[of] p2b: Rillaboom\n|turn|10\n|\n|t:|1700155302\n|move|p2b: Rillaboom|Fake Out|p1a: Palafin\n|-damage|p1a: Palafin|0 fnt\n|faint|p1a: Palafin\n|move|p1b: Indeedee|Follow Me|p1b: Indeedee\n|-singleturn|p1b: Indeedee|move: Follow Me\n|move|p2a: Arcanine|Snarl|p1b: Indeedee|[miss]\n|-miss|p2a: Arcanine|p1b: Indeedee\n|\n|-heal|p1b: Indeedee|11\/100|[from] Grassy Terrain\n|upkeep\n|\n|t:|1700155311\n|switch|p1a: Gliscor|Gliscor, M|76\/100 brn\n|-damage|p1a: Gliscor|63\/100 brn|[from] Stealth Rock\n|turn|11\n|inactive|yescaman has 120 seconds left.\n|\n|t:|1700155366\n|-terastallize|p2a: Arcanine|Grass\n|move|p2b: Rillaboom|Grassy Glide|p1a: Gliscor\n|-damage|p1a: Gliscor|38\/100 brn\n|move|p2a: Arcanine|Snarl|p1b: Indeedee|[spread] p1a,p1b\n|-supereffective|p1b: Indeedee\n|-damage|p1a: Gliscor|30\/100 brn\n|-damage|p1b: Indeedee|0 fnt\n|-unboost|p1a: Gliscor|spa|1\n|faint|p1b: Indeedee\n|move|p1a: Gliscor|Toxic|p2a: Arcanine\n|-status|p2a: Arcanine|tox\n|\n|-damage|p2a: Arcanine|94\/100 tox|[from] psn\n|-damage|p1a: Gliscor|24\/100 brn|[from] brn\n|upkeep\n|inactive|yescaman has 90 seconds left.\n|\n|t:|1700155380\n|switch|p1b: Goodra|Goodra-Hisui, M|100\/100\n|-damage|p1b: Goodra|94\/100|[from] Stealth Rock\n|-activate|p1b: Goodra|move: Sticky Web\n|-unboost|p1b: Goodra|spe|1\n|turn|12\n|\n|t:|1700155403\n|move|p2b: Rillaboom|Grassy Glide|p1a: Gliscor\n|-damage|p1a: Gliscor|0 fnt\n|faint|p1a: Gliscor\n|move|p2a: Arcanine|Will-O-Wisp|p1b: Goodra\n|-status|p1b: Goodra|brn\n|move|p1b: Goodra|Shelter|p1b: Goodra\n|-boost|p1b: Goodra|def|2\n|\n|-heal|p2a: Arcanine|100\/100 tox|[from] Grassy Terrain\n|-heal|p1b: Goodra|100\/100 brn|[from] Grassy Terrain\n|-damage|p2a: Arcanine|88\/100 tox|[from] psn\n|-damage|p1b: Goodra|94\/100 brn|[from] brn\n|upkeep\n|\n|t:|1700155407\n|switch|p1a: Amoonguss|Amoonguss, F|100\/100\n|-damage|p1a: Amoonguss|88\/100|[from] Stealth Rock\n|-activate|p1a: Amoonguss|move: Sticky Web\n|-unboost|p1a: Amoonguss|spe|1\n|turn|13\n|\n|t:|1700155430\n|move|p2a: Arcanine|Flare Blitz|p1a: Amoonguss\n|-supereffective|p1a: Amoonguss\n|-damage|p1a: Amoonguss|17\/100\n|-damage|p2a: Arcanine|62\/100 tox|[from] Recoil\n|move|p2b: Rillaboom|U-turn|p1a: Amoonguss\n|-damage|p1a: Amoonguss|0 fnt\n|faint|p1a: Amoonguss\n|move|p1b: Goodra|Shelter|p1b: Goodra\n|-boost|p1b: Goodra|def|2\n|\n|-heal|p2a: Arcanine|68\/100 tox|[from] Grassy Terrain\n|-heal|p1b: Goodra|100\/100 brn|[from] Grassy Terrain\n|-damage|p2a: Arcanine|49\/100 tox|[from] psn\n|-damage|p1b: Goodra|94\/100 brn|[from] brn\n|upkeep\n|-enditem|p2a: Arcanine|Sitrus Berry|[eat]\n|-heal|p2a: Arcanine|74\/100 tox|[from] item: Sitrus Berry\n|turn|14\n|inactive|CaptainSuds has 120 seconds left.\n|\n|t:|1700155468\n|move|p2a: Arcanine|Flare Blitz|p1b: Goodra\n|-damage|p1b: Goodra|81\/100 brn\n|-damage|p2a: Arcanine|70\/100 tox|[from] Recoil\n|move|p2b: Rillaboom|Drain Punch|p1b: Goodra\n|-supereffective|p1b: Goodra\n|-damage|p1b: Goodra|65\/100 brn\n|move|p1b: Goodra|Shelter|p1b: Goodra\n|-boost|p1b: Goodra|def|2\n|\n|-heal|p2a: Arcanine|77\/100 tox|[from] Grassy Terrain\n|-heal|p1b: Goodra|71\/100 brn|[from] Grassy Terrain\n|-damage|p2a: Arcanine|52\/100 tox|[from] psn\n|-damage|p1b: Goodra|65\/100 brn|[from] brn\n|-fieldend|move: Grassy Terrain\n|upkeep\n|turn|15\n|inactive|CaptainSuds has 120 seconds left.\n|\n|t:|1700155501\n|move|p2a: Arcanine|Flare Blitz|p1b: Goodra\n|-damage|p1b: Goodra|55\/100 brn\n|-damage|p2a: Arcanine|49\/100 tox|[from] Recoil\n|move|p2b: Rillaboom|Drain Punch|p1b: Goodra\n|-supereffective|p1b: Goodra\n|-damage|p1b: Goodra|44\/100 brn\n|move|p1b: Goodra|Body Press|p2a: Arcanine\n|-damage|p2a: Arcanine|6\/100 tox\n|\n|-damage|p2a: Arcanine|0 fnt|[from] psn\n|faint|p2a: Arcanine\n|-damage|p1b: Goodra|38\/100 brn|[from] brn\n|upkeep\n|turn|16\n|inactive|CaptainSuds has 120 seconds left.\n|inactive|CaptainSuds has 90 seconds left.\n|\n|t:|1700155556\n|move|p2b: Rillaboom|Drain Punch|p1b: Goodra\n|-supereffective|p1b: Goodra\n|-damage|p1b: Goodra|27\/100 brn\n|move|p1b: Goodra|Rest|p1b: Goodra\n|-status|p1b: Goodra|slp|[from] move: Rest\n|-heal|p1b: Goodra|100\/100 slp|[silent]\n|-enditem|p1b: Goodra|Chesto Berry|[eat]\n|-curestatus|p1b: Goodra|slp|[msg]\n|\n|upkeep\n|turn|17\n|\n|t:|1700155569\n|move|p2b: Rillaboom|Drain Punch|p1b: Goodra\n|-supereffective|p1b: Goodra\n|-damage|p1b: Goodra|88\/100\n|move|p1b: Goodra|Body Press|p2b: Rillaboom\n|-damage|p2b: Rillaboom|33\/100\n|\n|upkeep\n|turn|18\n|c|\u2606yescaman|Gg\n|inactive|CaptainSuds has 120 seconds left.\n|inactive|CaptainSuds has 90 seconds left.\n|inactive|CaptainSuds has 60 seconds left.\n|-message|CaptainSuds forfeited.\n|\n|win|yescaman\n|raw|yescaman's rating: 1178 &rarr; <strong>1210<\/strong><br \/>(+32 for winning)\n|raw|CaptainSuds's rating: 1279 &rarr; <strong>1247<\/strong><br \/>(-32 for losing)\n|l|\u2606CaptainSuds\n","uploadtime":1700155708,"views":15,"p1id":"yescaman","p2id":"captainsuds","formatid":"gen9doublesou","rating":1210,"private":0,"password":""}