{"id":"gen9doublesou-1992599016","p1":"chadguy","p2":"zurichard27","format":"[Gen 9] Doubles OU","log":"|j|\u2606chadguy\n|j|\u2606zurichard27\n|inactive|Battle timer is ON: inactive players will automatically lose when time's up.\n|t:|1700212481\n|gametype|doubles\n|player|p1|chadguy|102|\n|player|p2|zurichard27|grimsley-gen7|\n|teamsize|p1|6\n|teamsize|p2|6\n|gen|9\n|tier|[Gen 9] Doubles OU\n|rated|Tournament battle\n|rule|Species Clause: Limit one of each Pok\u00e9mon\n|rule|OHKO Clause: OHKO moves are banned\n|rule|Evasion Moves Clause: Evasion moves are banned\n|rule|Gravity Sleep Clause: The combination of sleep-inducing moves with imperfect accuracy and Gravity or Gigantamax Orbeetle are banned\n|rule|Endless Battle Clause: Forcing endless battles is banned\n|rule|HP Percentage Mod: HP is shown in percentages\n|clearpoke\n|poke|p1|Dunsparce, F|\n|poke|p1|Ursaluna-Bloodmoon, M|\n|poke|p1|Azumarill, M|\n|poke|p1|Noivern, M|\n|poke|p1|Lokix, F|\n|poke|p1|Floette, F|\n|poke|p2|Mandibuzz, F|\n|poke|p2|Palossand, F|\n|poke|p2|Gliscor, M|\n|poke|p2|Trevenant, F|\n|poke|p2|Mienshao, F|\n|poke|p2|Mightyena, F|\n|teampreview\n|j|*Lady Monita \u2746\n|c|\u2606zurichard27|hf\n|c|\u2606chadguy|u2\n|\n|t:|1700212505\n|start\n|switch|p1a: Ursaluna|Ursaluna-Bloodmoon, M|100\/100\n|switch|p1b: Noivern|Noivern, M|100\/100\n|switch|p2a: Mandibuzz|Mandibuzz, F|100\/100\n|switch|p2b: Gliscor|Gliscor, M|100\/100\n|turn|1\n|\n|t:|1700212528\n|move|p1b: Noivern|Hurricane|p2a: Mandibuzz\n|-damage|p2a: Mandibuzz|46\/100\n|-damage|p1b: Noivern|91\/100|[from] item: Life Orb\n|move|p2b: Gliscor|U-turn|p1b: Noivern\n|-resisted|p1b: Noivern\n|-damage|p1b: Noivern|76\/100\n|\n|t:|1700212538\n|switch|p2b: Palossand|Palossand, F, shiny|100\/100|[from] U-turn\n|move|p2a: Mandibuzz|Knock Off|p1b: Noivern\n|-damage|p1b: Noivern|46\/100\n|-enditem|p1b: Noivern|Life Orb|[from] move: Knock Off|[of] p2a: Mandibuzz\n|move|p1a: Ursaluna|Calm Mind|p1a: Ursaluna\n|-boost|p1a: Ursaluna|spa|1\n|-boost|p1a: Ursaluna|spd|1\n|\n|upkeep\n|turn|2\n|\n|t:|1700212561\n|switch|p2a: Trevenant|Trevenant, F, shiny|100\/100\n|move|p1b: Noivern|Hurricane|p2a: Trevenant\n|-supereffective|p2a: Trevenant\n|-damage|p2a: Trevenant|33\/100\n|-start|p2a: Trevenant|confusion\n|-enditem|p2a: Trevenant|Sitrus Berry|[eat]\n|-heal|p2a: Trevenant|57\/100|[from] item: Sitrus Berry\n|move|p1a: Ursaluna|Blood Moon|p2b: Palossand\n|-damage|p2b: Palossand|0 fnt\n|faint|p2b: Palossand\n|\n|-item|p2a: Trevenant|Sitrus Berry|[from] ability: Harvest\n|upkeep\n|inactive|zurichard27 has 120 seconds left.\n|\n|t:|1700212580\n|switch|p2b: Mienshao|Mienshao, F, shiny|100\/100\n|turn|3\n|\n|t:|1700212594\n|move|p2b: Mienshao|Fake Out|p1b: Noivern\n|-damage|p1b: Noivern|24\/100\n|-damage|p2b: Mienshao|91\/100|[from] item: Life Orb\n|cant|p1b: Noivern|flinch\n|-activate|p2a: Trevenant|confusion\n|move|p2a: Trevenant|Horn Leech|p1a: Ursaluna\n|-supereffective|p1a: Ursaluna\n|-damage|p1a: Ursaluna|62\/100\n|-heal|p2a: Trevenant|79\/100|[from] drain|[of] p1a: Ursaluna\n|move|p1a: Ursaluna|Hyper Voice|p2b: Mienshao|[spread] p2a,p2b\n|-damage|p2a: Trevenant|32\/100\n|-damage|p2b: Mienshao|0 fnt\n|-enditem|p2a: Trevenant|Sitrus Berry|[eat]\n|-heal|p2a: Trevenant|57\/100|[from] item: Sitrus Berry\n|faint|p2b: Mienshao\n|\n|-heal|p1a: Ursaluna|68\/100|[from] item: Leftovers\n|-item|p2a: Trevenant|Sitrus Berry|[from] ability: Harvest\n|upkeep\n|\n|t:|1700212610\n|switch|p2b: Mightyena|Mightyena, F, shiny|100\/100\n|-ability|p2b: Mightyena|Intimidate|boost\n|-unboost|p1a: Ursaluna|atk|1\n|-unboost|p1b: Noivern|atk|1\n|turn|4\n|\n|t:|1700212625\n|move|p1b: Noivern|Heat Wave|p2b: Mightyena|[spread] p2a,p2b\n|-supereffective|p2a: Trevenant\n|-damage|p2a: Trevenant|29\/100\n|-damage|p2b: Mightyena|62\/100\n|-enditem|p2a: Trevenant|Sitrus Berry|[eat]\n|-heal|p2a: Trevenant|53\/100|[from] item: Sitrus Berry\n|move|p2b: Mightyena|Crunch|p1a: Ursaluna\n|-damage|p1a: Ursaluna|44\/100\n|-activate|p2a: Trevenant|confusion\n|move|p2a: Trevenant|Rock Slide|p1a: Ursaluna|[spread] p1a,p1b\n|-resisted|p1a: Ursaluna\n|-supereffective|p1b: Noivern\n|-damage|p1a: Ursaluna|40\/100\n|-damage|p1b: Noivern|0 fnt\n|faint|p1b: Noivern\n|move|p1a: Ursaluna|Blood Moon|p2b: Mightyena\n|-damage|p2b: Mightyena|0 fnt\n|faint|p2b: Mightyena\n|\n|-heal|p1a: Ursaluna|46\/100|[from] item: Leftovers\n|upkeep\n|c|\u2606zurichard27|damn\n|c|\u2606zurichard27|gg\n|c|\u2606chadguy|gg\n|c|\u2606chadguy|blood moon op\n|inactive|zurichard27 has 120 seconds left.\n|\n|t:|1700212659\n|switch|p1b: Lokix|Lokix, F|100\/100\n|switch|p2b: Gliscor|Gliscor, M|100\/100\n|turn|5\n|\n|t:|1700212667\n|move|p1b: Lokix|First Impression|p2a: Trevenant\n|-damage|p2a: Trevenant|0 fnt\n|faint|p2a: Trevenant\n|-damage|p1b: Lokix|91\/100|[from] item: Life Orb\n|move|p2b: Gliscor|Earthquake|p1a: Ursaluna|[spread] p1a,p1b\n|-resisted|p1b: Lokix\n|-damage|p1a: Ursaluna|24\/100\n|-damage|p1b: Lokix|69\/100\n|move|p1a: Ursaluna|Hyper Voice|p2b: Gliscor\n|-damage|p2b: Gliscor|0 fnt\n|faint|p2b: Gliscor\n|\n|-heal|p1a: Ursaluna|30\/100|[from] item: Leftovers\n|upkeep\n|\n|t:|1700212672\n|switch|p2b: Mandibuzz|Mandibuzz, F|46\/100\n|turn|6\n|j| arnavgupta\n|inactive|zurichard27 has 120 seconds left.\n|\n|t:|1700212725\n|switch|p1b: Azumarill|Azumarill, M|100\/100\n|move|p2b: Mandibuzz|Toxic|p1a: Ursaluna|[miss]\n|-miss|p2b: Mandibuzz|p1a: Ursaluna\n|move|p1a: Ursaluna|Blood Moon|p2b: Mandibuzz\n|-damage|p2b: Mandibuzz|0 fnt\n|faint|p2b: Mandibuzz\n|\n|win|chadguy\n|n|\u2606chadguy|chadguy\n|n|\u2606zurichard27|zurichard27\n|n|*Lady Monita \u2746|ladymonita\n|n| arnavgupta|arnavgupta\n","uploadtime":1700212726,"views":11,"p1id":"chadguy","p2id":"zurichard27","formatid":"gen9doublesou","rating":0,"private":0,"password":""}