{"id":"gen9doublesou-1983382837","p1":"theyummybagel","p2":"InkVG","format":"[Gen 9] Doubles OU","log":"|j|\u2606theyummybagel\n|j|\u2606InkVG\n|t:|1699124310\n|gametype|doubles\n|player|p1|theyummybagel|#scl3breakers|\n|player|p2|InkVG|#inkvg|\n|teamsize|p1|6\n|teamsize|p2|6\n|gen|9\n|tier|[Gen 9] Doubles OU\n|rule|Species Clause: Limit one of each Pok\u00e9mon\n|rule|OHKO Clause: OHKO moves are banned\n|rule|Evasion Moves Clause: Evasion moves are banned\n|rule|Gravity Sleep Clause: The combination of sleep-inducing moves with imperfect accuracy and Gravity or Gigantamax Orbeetle are banned\n|rule|Endless Battle Clause: Forcing endless battles is banned\n|rule|HP Percentage Mod: HP is shown in percentages\n|clearpoke\n|poke|p1|Palafin, F|\n|poke|p1|Landorus-Therian, M|\n|poke|p1|Iron Hands|\n|poke|p1|Amoonguss, M|\n|poke|p1|Gholdengo|\n|poke|p1|Tornadus, M|\n|poke|p2|Roaring Moon|\n|poke|p2|Flutter Mane|\n|poke|p2|Amoonguss, F|\n|poke|p2|Heatran, M|\n|poke|p2|Landorus-Therian, M|\n|poke|p2|Iron Hands|\n|teampreview\n|inactive|Battle timer is ON: inactive players will automatically lose when time's up. (requested by theyummybagel)\n|j| AIRedzone\n|j| Trickroomiscringe\n|inactive|theyummybagel has 270 seconds left.\n|inactive|InkVG has 270 seconds left.\n|j| Eragon11145\n|j| juega persona\n|c|\u2606InkVG|glhf\n|c| AIRedzone|Gogogo Sid\n|c| Eragon11145|gaming\n|j|+ryo yamada2001\n|j| Lunarr\n|j| smudgerox\n|l| Lunarr\n|j|+Arcticblast\n|l| smudgerox\n|j| Heerv\n|inactive|theyummybagel has 240 seconds left.\n|j| Faaagamer@!\n|j| ratpacker\n|l| Eragon11145\n|j| big pichu\n|l|\u2606theyummybagel\n|inactive|theyummybagel disconnected and has 300 seconds to reconnect!\n|player|p1|\n|j| chartreuse hippo\n|j| sanjaydas\n|j|\u2606theyummybagel\n|inactive|theyummybagel reconnected and has 230 seconds left.\n|player|p1|theyummybagel|#scl3breakers\n|j|+daawesomedude1 (\n|inactive|theyummybagel has 210 seconds left.\n|c|\u2606theyummybagel|glhf\n|\n|t:|1699124427\n|start\n|switch|p1a: Palafin|Palafin, F|100\/100\n|switch|p1b: Landorus|Landorus-Therian, M|100\/100\n|switch|p2a: Landorus|Landorus-Therian, M|100\/100\n|switch|p2b: Flutter Mane|Flutter Mane|100\/100\n|-ability|p1b: Landorus|Intimidate|boost\n|-unboost|p2a: Landorus|atk|1\n|-unboost|p2b: Flutter Mane|atk|1\n|-ability|p2a: Landorus|Intimidate|boost\n|-fail|p1a: Palafin|unboost|[from] item: Clear Amulet|[of] p1a: Palafin\n|-unboost|p1b: Landorus|atk|1\n|turn|1\n|j|+zoe\n|\n|t:|1699124447\n|detailschange|p1a: Palafin|Palafin-Hero, F\n|switch|p1a: Amoonguss|Amoonguss, M|100\/100\n|move|p1b: Landorus|Stealth Rock|p2b: Flutter Mane\n|-sidestart|p2: InkVG|move: Stealth Rock\n|move|p2b: Flutter Mane|Moonblast|p1a: Amoonguss\n|-resisted|p1a: Amoonguss\n|-damage|p1a: Amoonguss|72\/100\n|-enditem|p1a: Amoonguss|Eject Button\n|inactive|theyummybagel has 270 seconds left.\n|\n|t:|1699124458\n|switch|p1a: Tornadus|Tornadus, M|100\/100\n|move|p2a: Landorus|Stealth Rock|p1b: Landorus\n|-sidestart|p1: theyummybagel|move: Stealth Rock\n|\n|upkeep\n|turn|2\n|l|+zoe\n|\n|t:|1699124477\n|switch|p1b: Gholdengo|Gholdengo|100\/100\n|-damage|p1b: Gholdengo|94\/100|[from] Stealth Rock\n|move|p1a: Tornadus|Tailwind|p1a: Tornadus\n|-sidestart|p1: theyummybagel|move: Tailwind\n|move|p2b: Flutter Mane|Moonblast|p1a: Tornadus\n|-crit|p1a: Tornadus\n|-damage|p1a: Tornadus|0 fnt\n|faint|p1a: Tornadus\n|move|p2a: Landorus|U-turn|p1b: Gholdengo\n|-resisted|p1b: Gholdengo\n|-damage|p1b: Gholdengo|91\/100\n|\n|t:|1699124487\n|switch|p2a: Heatran|Heatran, M|100\/100|[from] U-turn\n|-damage|p2a: Heatran|88\/100|[from] Stealth Rock\n|\n|-heal|p1b: Gholdengo|97\/100|[from] item: Leftovers\n|upkeep\n|j| Topperlecat\n|j| wiiiu\n|\n|t:|1699124499\n|switch|p1a: Palafin|Palafin-Hero, F|100\/100\n|-damage|p1a: Palafin|88\/100|[from] Stealth Rock\n|-activate|p1a: Palafin|ability: Zero to Hero\n|turn|3\n|inactive|theyummybagel has 270 seconds left.\n|\n|t:|1699124537\n|move|p2a: Heatran|Protect|p2a: Heatran\n|-singleturn|p2a: Heatran|Protect\n|move|p1a: Palafin|Bulk Up|p1a: Palafin\n|-boost|p1a: Palafin|atk|1\n|-boost|p1a: Palafin|def|1\n|move|p1b: Gholdengo|Nasty Plot|p1b: Gholdengo\n|-boost|p1b: Gholdengo|spa|2\n|move|p2b: Flutter Mane|Moonblast|p1a: Palafin\n|-damage|p1a: Palafin|20\/100\n|\n|-heal|p1b: Gholdengo|100\/100|[from] item: Leftovers\n|upkeep\n|turn|4\n|c| wiiiu|THE READ\n|inactive|theyummybagel has 270 seconds left.\n|inactive|InkVG has 270 seconds left.\n|l| AIRedzone\n|j| smudgerox\n|\n|t:|1699124577\n|-end|p2b: Flutter Mane|Protosynthesis|[silent]\n|switch|p2b: Iron Hands|Iron Hands|100\/100\n|-damage|p2b: Iron Hands|94\/100|[from] Stealth Rock\n|-terastallize|p1a: Palafin|Fighting\n|move|p1a: Palafin|Drain Punch|p2a: Heatran\n|-supereffective|p2a: Heatran\n|-damage|p2a: Heatran|0 fnt\n|-heal|p1a: Palafin|61\/100|[from] drain|[of] p2a: Heatran\n|faint|p2a: Heatran\n|move|p1b: Gholdengo|Make It Rain|p2b: Iron Hands\n|-resisted|p2b: Iron Hands\n|-damage|p2b: Iron Hands|65\/100\n|-unboost|p1b: Gholdengo|spa|1\n|\n|upkeep\n|\n|t:|1699124596\n|switch|p2a: Amoonguss|Amoonguss, F|100\/100\n|-damage|p2a: Amoonguss|88\/100|[from] Stealth Rock\n|turn|5\n|j| AIRedzone\n|l| smudgerox\n|inactive|InkVG has 270 seconds left.\n|j| ImNextUp\n|\n|t:|1699124608\n|move|p1a: Palafin|Protect|p1a: Palafin\n|-singleturn|p1a: Palafin|Protect\n|move|p1b: Gholdengo|Nasty Plot|p1b: Gholdengo\n|-boost|p1b: Gholdengo|spa|2\n|move|p2b: Iron Hands|Wild Charge|p1b: Gholdengo\n|-damage|p1b: Gholdengo|58\/100\n|-damage|p2b: Iron Hands|57\/100|[from] Recoil\n|move|p2a: Amoonguss|Spore|p1a: Palafin\n|-activate|p1a: Palafin|move: Protect\n|\n|-heal|p1b: Gholdengo|64\/100|[from] item: Leftovers\n|-sideend|p1: theyummybagel|move: Tailwind\n|upkeep\n|turn|6\n|inactive|InkVG has 270 seconds left.\n|j| Lemurro\n|j| akakPUMPKIN\n|\n|t:|1699124653\n|-terastallize|p2a: Amoonguss|Water\n|move|p1a: Palafin|Drain Punch|p2a: Amoonguss\n|-damage|p2a: Amoonguss|34\/100\n|-heal|p1a: Palafin|90\/100|[from] drain|[of] p2a: Amoonguss\n|-enditem|p2a: Amoonguss|Sitrus Berry|[eat]\n|-heal|p2a: Amoonguss|58\/100|[from] item: Sitrus Berry\n|move|p1b: Gholdengo|Shadow Ball|p2a: Amoonguss\n|-damage|p2a: Amoonguss|0 fnt\n|faint|p2a: Amoonguss\n|move|p2b: Iron Hands|Wild Charge|p1b: Gholdengo\n|-damage|p1b: Gholdengo|15\/100\n|-damage|p2b: Iron Hands|47\/100|[from] Recoil\n|\n|-heal|p1b: Gholdengo|21\/100|[from] item: Leftovers\n|upkeep\n|\n|t:|1699124658\n|switch|p2a: Roaring Moon|Roaring Moon|100\/100\n|-damage|p2a: Roaring Moon|88\/100|[from] Stealth Rock\n|-enditem|p2a: Roaring Moon|Booster Energy\n|-activate|p2a: Roaring Moon|ability: Protosynthesis|[fromitem]\n|-start|p2a: Roaring Moon|protosynthesisatk\n|turn|7\n|j| F3rrari450\n|inactive|InkVG has 270 seconds left.\n|inactive|theyummybagel has 270 seconds left.\n|inactive|InkVG has 240 seconds left.\n|\n|t:|1699124709\n|move|p2a: Roaring Moon|Protect|p2a: Roaring Moon\n|-singleturn|p2a: Roaring Moon|Protect\n|move|p1a: Palafin|Drain Punch|p2a: Roaring Moon\n|-activate|p2a: Roaring Moon|move: Protect\n|move|p1b: Gholdengo|Shadow Ball|p2b: Iron Hands\n|-damage|p2b: Iron Hands|0 fnt\n|faint|p2b: Iron Hands\n|-end|p2b: Iron Hands|Quark Drive|[silent]\n|\n|-heal|p1b: Gholdengo|27\/100|[from] item: Leftovers\n|upkeep\n|inactive|InkVG has 240 seconds left.\n|\n|t:|1699124716\n|switch|p2b: Flutter Mane|Flutter Mane|100\/100\n|-damage|p2b: Flutter Mane|88\/100|[from] Stealth Rock\n|turn|8\n|inactive|theyummybagel has 270 seconds left.\n|\n|t:|1699124729\n|move|p1a: Palafin|Protect|p1a: Palafin\n|-singleturn|p1a: Palafin|Protect\n|move|p2a: Roaring Moon|Knock Off|p1b: Gholdengo\n|-supereffective|p1b: Gholdengo\n|-damage|p1b: Gholdengo|0 fnt\n|-enditem|p1b: Gholdengo|Leftovers|[from] move: Knock Off|[of] p2a: Roaring Moon\n|faint|p1b: Gholdengo\n|move|p2b: Flutter Mane|Moonblast|p1a: Palafin\n|-activate|p1a: Palafin|move: Protect\n|\n|upkeep\n|inactive|theyummybagel has 270 seconds left.\n|l| akakPUMPKIN\n|inactive|theyummybagel has 240 seconds left.\n|\n|t:|1699124773\n|switch|p1b: Landorus|Landorus-Therian, M|100\/100\n|-damage|p1b: Landorus|88\/100|[from] Stealth Rock\n|-ability|p1b: Landorus|Intimidate|boost\n|-unboost|p2a: Roaring Moon|atk|1\n|-unboost|p2b: Flutter Mane|atk|1\n|turn|9\n|\n|t:|1699124785\n|move|p1a: Palafin|Jet Punch|p2b: Flutter Mane\n|-damage|p2b: Flutter Mane|0 fnt\n|faint|p2b: Flutter Mane\n|-end|p2b: Flutter Mane|Protosynthesis|[silent]\n|move|p1b: Landorus|Stomping Tantrum|p2a: Roaring Moon\n|-damage|p2a: Roaring Moon|34\/100\n|move|p2a: Roaring Moon|Dragon Dance|p2a: Roaring Moon\n|-boost|p2a: Roaring Moon|atk|1\n|-boost|p2a: Roaring Moon|spe|1\n|\n|upkeep\n|\n|t:|1699124787\n|switch|p2b: Landorus|Landorus-Therian, M|100\/100\n|-damage|p2b: Landorus|88\/100|[from] Stealth Rock\n|-ability|p2b: Landorus|Intimidate|boost\n|-fail|p1a: Palafin|unboost|[from] item: Clear Amulet|[of] p1a: Palafin\n|-unboost|p1b: Landorus|atk|1\n|turn|10\n|inactive|theyummybagel has 270 seconds left.\n|\n|t:|1699124802\n|move|p1a: Palafin|Jet Punch|p2b: Landorus\n|-supereffective|p2b: Landorus\n|-damage|p2b: Landorus|0 fnt\n|faint|p2b: Landorus\n|move|p2a: Roaring Moon|Acrobatics|p1a: Palafin\n|-supereffective|p1a: Palafin\n|-damage|p1a: Palafin|29\/100\n|move|p1b: Landorus|Stomping Tantrum|p2a: Roaring Moon\n|-damage|p2a: Roaring Moon|0 fnt\n|faint|p2a: Roaring Moon\n|-end|p2a: Roaring Moon|Protosynthesis|[silent]\n|\n|win|theyummybagel\n|c|\u2606InkVG|gg\n|c|\u2606theyummybagel|gg\n|l| Lemurro\n|l| Heerv\n","uploadtime":1699124821,"views":177,"p1id":"theyummybagel","p2id":"inkvg","formatid":"gen9doublesou","rating":0,"private":0,"password":""}