{"id":"gen9doublesou-1983448194","p1":"ForbiddenBread","p2":"TheHonoredOne75","format":"[Gen 9] Doubles OU","log":"|j|\u2606ForbiddenBread\n|j|\u2606TheHonoredOne75\n|t:|1699131217\n|gametype|doubles\n|player|p1|ForbiddenBread|169|1033\n|player|p2|TheHonoredOne75|benga|1096\n|teamsize|p1|6\n|teamsize|p2|6\n|gen|9\n|tier|[Gen 9] Doubles OU\n|rated|\n|rule|Species Clause: Limit one of each Pok\u00e9mon\n|rule|OHKO Clause: OHKO moves are banned\n|rule|Evasion Moves Clause: Evasion moves are banned\n|rule|Gravity Sleep Clause: The combination of sleep-inducing moves with imperfect accuracy and Gravity or Gigantamax Orbeetle are banned\n|rule|Endless Battle Clause: Forcing endless battles is banned\n|rule|HP Percentage Mod: HP is shown in percentages\n|clearpoke\n|poke|p1|Farigiraf, F|\n|poke|p1|Diancie|\n|poke|p1|Flutter Mane|\n|poke|p1|Torkoal, F|\n|poke|p1|Nosepass, M|\n|poke|p1|Chi-Yu|\n|poke|p2|Cresselia, F|\n|poke|p2|Indeedee-F, F|\n|poke|p2|Ursaluna, M|\n|poke|p2|Kingambit, F|\n|poke|p2|Amoonguss, M|\n|poke|p2|Iron Bundle|\n|teampreview\n|inactive|Battle timer is ON: inactive players will automatically lose when time's up. (requested by ForbiddenBread)\n|\n|t:|1699131240\n|start\n|switch|p1a: Farigiraf|Farigiraf, F|100\/100\n|switch|p1b: Chi-Yu|Chi-Yu|100\/100\n|switch|p2a: Amoonguss|Amoonguss, M|100\/100\n|switch|p2b: Indeedee|Indeedee-F, F|100\/100\n|-ability|p1b: Chi-Yu|Beads of Ruin\n|-fieldstart|move: Psychic Terrain|[from] ability: Psychic Surge|[of] p2b: Indeedee\n|-enditem|p2b: Indeedee|Psychic Seed\n|-boost|p2b: Indeedee|spd|1|[from] item: Psychic Seed\n|turn|1\n|inactive|TheHonoredOne75 has 120 seconds left.\n|\n|t:|1699131283\n|move|p2a: Amoonguss|Rage Powder|p2a: Amoonguss\n|-singleturn|p2a: Amoonguss|move: Rage Powder\n|move|p1b: Chi-Yu|Heat Wave|p2a: Amoonguss|[spread] p2a,p2b\n|-supereffective|p2a: Amoonguss\n|-damage|p2a: Amoonguss|3\/100\n|-damage|p2b: Indeedee|76\/100\n|move|p1a: Farigiraf|Imprison|p1a: Farigiraf\n|-start|p1a: Farigiraf|move: Imprison\n|cant|p2b: Indeedee|move: Imprison|Trick Room\n|\n|upkeep\n|turn|2\n|inactive|TheHonoredOne75 has 120 seconds left.\n|\n|t:|1699131316\n|switch|p2a: Ursaluna|Ursaluna, M|100\/100\n|move|p2b: Indeedee|Protect|p2b: Indeedee\n|-singleturn|p2b: Indeedee|Protect\n|move|p1b: Chi-Yu|Heat Wave|p2b: Indeedee|[spread] p2a\n|-activate|p2b: Indeedee|move: Protect\n|-damage|p2a: Ursaluna|58\/100\n|move|p1a: Farigiraf|Dazzling Gleam|p2b: Indeedee|[spread] p2a\n|-activate|p2b: Indeedee|move: Protect\n|-damage|p2a: Ursaluna|33\/100\n|\n|-status|p2a: Ursaluna|brn|[from] item: Flame Orb\n|upkeep\n|turn|3\n|inactive|TheHonoredOne75 has 120 seconds left.\n|\n|t:|1699131347\n|switch|p2b: Cresselia|Cresselia, F|100\/100\n|move|p1b: Chi-Yu|Fire Blast|p2a: Ursaluna\n|-damage|p2a: Ursaluna|0 fnt\n|faint|p2a: Ursaluna\n|move|p1a: Farigiraf|Nasty Plot|p1a: Farigiraf\n|-boost|p1a: Farigiraf|spa|2\n|\n|upkeep\n|\n|t:|1699131361\n|switch|p2a: Kingambit|Kingambit, F|100\/100\n|turn|4\n|inactive|TheHonoredOne75 has 120 seconds left.\n|\n|t:|1699131375\n|move|p2b: Cresselia|Helping Hand|p2a: Kingambit\n|-singleturn|p2a: Kingambit|Helping Hand|[of] p2b: Cresselia\n|move|p2a: Kingambit|Sucker Punch||[still]\n|cant|p1a: Farigiraf|ability: Armor Tail|Sucker Punch|[of] p2a: Kingambit\n|move|p1b: Chi-Yu|Heat Wave|p2a: Kingambit|[spread] p2a\n|-miss|p1b: Chi-Yu|p2b: Cresselia\n|-supereffective|p2a: Kingambit\n|-damage|p2a: Kingambit|39\/100\n|move|p1a: Farigiraf|Dazzling Gleam|p2a: Kingambit|[spread] p2a,p2b\n|-damage|p2a: Kingambit|2\/100\n|-damage|p2b: Cresselia|74\/100\n|\n|-heal|p2b: Cresselia|80\/100|[from] item: Leftovers\n|upkeep\n|turn|5\n|-message|TheHonoredOne75 forfeited.\n|\n|win|ForbiddenBread\n|raw|ForbiddenBread's rating: 1033 &rarr; <strong>1074<\/strong><br \/>(+41 for winning)\n|raw|TheHonoredOne75's rating: 1096 &rarr; <strong>1067<\/strong><br \/>(-29 for losing)\n|l|\u2606TheHonoredOne75\n","uploadtime":1699131438,"views":19,"p1id":"forbiddenbread","p2id":"thehonoredone75","formatid":"gen9doublesou","rating":1067,"private":0,"password":""}