{"id":"gen9doublesou-1995452636","p1":"dropthemike","p2":"sevazul26","format":"[Gen 9] Doubles OU","log":"|j|\u2606dropthemike\n|j|\u2606sevazul26\n|t:|1700572474\n|gametype|doubles\n|player|p1|dropthemike|roxie|1065\n|player|p2|sevazul26|265|1012\n|teamsize|p1|6\n|teamsize|p2|6\n|gen|9\n|tier|[Gen 9] Doubles OU\n|rated|\n|rule|Species Clause: Limit one of each Pok\u00e9mon\n|rule|OHKO Clause: OHKO moves are banned\n|rule|Evasion Moves Clause: Evasion moves are banned\n|rule|Gravity Sleep Clause: The combination of sleep-inducing moves with imperfect accuracy and Gravity or Gigantamax Orbeetle are banned\n|rule|Endless Battle Clause: Forcing endless battles is banned\n|rule|HP Percentage Mod: HP is shown in percentages\n|clearpoke\n|poke|p1|Skeledirge, M|\n|poke|p1|Diancie|\n|poke|p1|Noivern, M|\n|poke|p1|Regieleki|\n|poke|p1|Samurott, M|\n|poke|p1|Chesnaught, M|\n|poke|p2|Snorlax, F|\n|poke|p2|Sinistcha-Masterpiece|\n|poke|p2|Landorus-Therian, M|\n|poke|p2|Iron Hands|\n|poke|p2|Clefairy, F|\n|poke|p2|Kommo-o, F|\n|teampreview\n|inactive|Battle timer is ON: inactive players will automatically lose when time's up. (requested by sevazul26)\n|inactive|dropthemike also wants the timer to be on.\n|\n|t:|1700572502\n|start\n|switch|p1a: Skeledirge|Skeledirge, M|100\/100\n|switch|p1b: Chesnaught|Chesnaught, M|100\/100\n|switch|p2a: Landorus|Landorus-Therian, M|100\/100\n|switch|p2b: Clefairy|Clefairy, F|100\/100\n|-ability|p2a: Landorus|Intimidate|boost\n|-unboost|p1a: Skeledirge|atk|1\n|-unboost|p1b: Chesnaught|atk|1\n|turn|1\n|\n|t:|1700572520\n|move|p2b: Clefairy|Protect|p2b: Clefairy\n|-singleturn|p2b: Clefairy|Protect\n|move|p2a: Landorus|Rock Slide|p1b: Chesnaught|[spread] p1a,p1b\n|-supereffective|p1a: Skeledirge\n|-resisted|p1b: Chesnaught\n|-damage|p1a: Skeledirge|64\/100\n|-damage|p1b: Chesnaught|95\/100\n|move|p1a: Skeledirge|Fire Pledge|p2b: Clefairy\n|-waiting|p1a: Skeledirge|p1b: Chesnaught\n|move|p1b: Chesnaught|Grass Pledge|p2b: Clefairy|[from]move: Fire Pledge\n|-activate|p2b: Clefairy|move: Protect\n|\n|upkeep\n|turn|2\n|\n|t:|1700572536\n|move|p2b: Clefairy|Follow Me|p2b: Clefairy\n|-singleturn|p2b: Clefairy|move: Follow Me\n|move|p2a: Landorus|U-turn|p1b: Chesnaught\n|-damage|p1b: Chesnaught|80\/100\n|\n|t:|1700572545\n|switch|p2a: Snorlax|Snorlax, F|100\/100|[from] U-turn\n|move|p1a: Skeledirge|Fire Pledge|p2b: Clefairy\n|-waiting|p1a: Skeledirge|p1b: Chesnaught\n|move|p1b: Chesnaught|Grass Pledge|p2b: Clefairy|[from]move: Fire Pledge\n|-combine\n|-damage|p2b: Clefairy|69\/100\n|-sidestart|p2: sevazul26|Fire Pledge\n|\n|-damage|p2b: Clefairy|57\/100|[from] Fire Pledge\n|-damage|p2a: Snorlax|88\/100|[from] Fire Pledge\n|upkeep\n|turn|3\n|\n|t:|1700572566\n|move|p2b: Clefairy|Follow Me|p2b: Clefairy\n|-singleturn|p2b: Clefairy|move: Follow Me\n|move|p1a: Skeledirge|Torch Song|p2b: Clefairy\n|-damage|p2b: Clefairy|21\/100\n|-boost|p1a: Skeledirge|spa|1\n|move|p1b: Chesnaught|Close Combat|p2b: Clefairy\n|-resisted|p2b: Clefairy\n|-damage|p2b: Clefairy|7\/100\n|-unboost|p1b: Chesnaught|def|1\n|-unboost|p1b: Chesnaught|spd|1\n|move|p2a: Snorlax|Belly Drum|p2a: Snorlax\n|-damage|p2a: Snorlax|38\/100\n|-setboost|p2a: Snorlax|atk|6|[from] move: Belly Drum\n|-enditem|p2a: Snorlax|Sitrus Berry|[eat]\n|-heal|p2a: Snorlax|63\/100|[from] item: Sitrus Berry\n|\n|-damage|p2b: Clefairy|0 fnt|[from] Fire Pledge\n|faint|p2b: Clefairy\n|-damage|p2a: Snorlax|51\/100|[from] Fire Pledge\n|upkeep\n|\n|t:|1700572584\n|switch|p2b: Sinistcha|Sinistcha-Masterpiece|100\/100\n|-heal|p2a: Snorlax|76\/100|[from] ability: Hospitality|[of] p2b: Sinistcha\n|turn|4\n|\n|t:|1700572594\n|move|p1a: Skeledirge|Torch Song|p2b: Sinistcha\n|-supereffective|p2b: Sinistcha\n|-damage|p2b: Sinistcha|0 fnt\n|-boost|p1a: Skeledirge|spa|1\n|faint|p2b: Sinistcha\n|move|p1b: Chesnaught|Close Combat|p2a: Snorlax\n|-supereffective|p2a: Snorlax\n|-damage|p2a: Snorlax|31\/100\n|-unboost|p1b: Chesnaught|def|1\n|-unboost|p1b: Chesnaught|spd|1\n|move|p2a: Snorlax|High Horsepower|p1b: Chesnaught\n|-resisted|p1b: Chesnaught\n|-damage|p1b: Chesnaught|19\/100\n|\n|-damage|p2a: Snorlax|19\/100|[from] Fire Pledge\n|upkeep\n|\n|t:|1700572611\n|switch|p2b: Iron Hands|Iron Hands|100\/100\n|turn|5\n|\n|t:|1700572622\n|move|p1a: Skeledirge|Will-O-Wisp|p2b: Iron Hands|[miss]\n|-miss|p1a: Skeledirge|p2b: Iron Hands\n|move|p2b: Iron Hands|Heavy Slam|p1a: Skeledirge\n|-resisted|p1a: Skeledirge\n|-damage|p1a: Skeledirge|58\/100\n|move|p1b: Chesnaught|Close Combat|p2a: Snorlax\n|-supereffective|p2a: Snorlax\n|-damage|p2a: Snorlax|0 fnt\n|-unboost|p1b: Chesnaught|def|1\n|-unboost|p1b: Chesnaught|spd|1\n|faint|p2a: Snorlax\n|\n|-damage|p2b: Iron Hands|88\/100|[from] Fire Pledge\n|-heal|p2b: Iron Hands|94\/100|[from] item: Leftovers\n|-sideend|p2: sevazul26|Fire Pledge\n|upkeep\n|\n|t:|1700572636\n|switch|p2a: Kommo-o|Kommo-o, F|100\/100\n|turn|6\n|\n|t:|1700572644\n|move|p2a: Kommo-o|Clangorous Soul|p2a: Kommo-o\n|-boost|p2a: Kommo-o|atk|1\n|-boost|p2a: Kommo-o|def|1\n|-boost|p2a: Kommo-o|spa|1\n|-boost|p2a: Kommo-o|spd|1\n|-boost|p2a: Kommo-o|spe|1\n|-damage|p2a: Kommo-o|68\/100\n|-enditem|p2a: Kommo-o|Throat Spray\n|-boost|p2a: Kommo-o|spa|1|[from] item: Throat Spray\n|move|p1a: Skeledirge|Fire Pledge|p2a: Kommo-o\n|-waiting|p1a: Skeledirge|p1b: Chesnaught\n|move|p1b: Chesnaught|Grass Pledge|p2a: Kommo-o|[from]move: Fire Pledge\n|-combine\n|-resisted|p2a: Kommo-o\n|-damage|p2a: Kommo-o|55\/100\n|-sidestart|p2: sevazul26|Fire Pledge\n|move|p2b: Iron Hands|Drain Punch|p1a: Skeledirge\n|-immune|p1a: Skeledirge\n|\n|-damage|p2a: Kommo-o|42\/100|[from] Fire Pledge\n|-damage|p2b: Iron Hands|82\/100|[from] Fire Pledge\n|-heal|p2b: Iron Hands|88\/100|[from] item: Leftovers\n|upkeep\n|turn|7\n|\n|t:|1700572667\n|move|p2a: Kommo-o|Clanging Scales|p1a: Skeledirge|[spread] p1a,p1b\n|-crit|p1a: Skeledirge\n|-damage|p1a: Skeledirge|0 fnt\n|-damage|p1b: Chesnaught|0 fnt\n|faint|p1a: Skeledirge\n|faint|p1b: Chesnaught\n|-unboost|p2a: Kommo-o|def|1\n|move|p2b: Iron Hands|Drain Punch|p1: Skeledirge|[notarget]\n|-fail|p2b: Iron Hands\n|\n|-damage|p2a: Kommo-o|30\/100|[from] Fire Pledge\n|-damage|p2b: Iron Hands|76\/100|[from] Fire Pledge\n|-heal|p2b: Iron Hands|82\/100|[from] item: Leftovers\n|upkeep\n|inactive|dropthemike has 120 seconds left.\n|\n|t:|1700572688\n|switch|p1a: Diancie|Diancie|100\/100\n|switch|p1b: Noivern|Noivern, M|100\/100\n|turn|8\n|inactive|sevazul26 has 120 seconds left.\n|\n|t:|1700572738\n|move|p1b: Noivern|Dragon Pulse|p2a: Kommo-o\n|-supereffective|p2a: Kommo-o\n|-damage|p2a: Kommo-o|0 fnt\n|faint|p2a: Kommo-o\n|move|p1a: Diancie|Substitute|p1a: Diancie\n|-start|p1a: Diancie|Substitute\n|-damage|p1a: Diancie|76\/100\n|move|p2b: Iron Hands|Drain Punch|p1a: Diancie\n|-end|p1a: Diancie|Substitute\n|-heal|p2b: Iron Hands|90\/100|[from] drain|[of] p1a: Diancie\n|\n|-heal|p1a: Diancie|82\/100|[from] item: Leftovers\n|-damage|p2b: Iron Hands|78\/100|[from] Fire Pledge\n|-heal|p2b: Iron Hands|84\/100|[from] item: Leftovers\n|upkeep\n|\n|t:|1700572751\n|switch|p2a: Landorus|Landorus-Therian, M|100\/100\n|-ability|p2a: Landorus|Intimidate|boost\n|-fail|p1a: Diancie|unboost|[from] ability: Clear Body|[of] p1a: Diancie\n|-unboost|p1b: Noivern|atk|1\n|turn|9\n|inactive|sevazul26 has 120 seconds left.\n|\n|t:|1700572771\n|-terastallize|p2a: Landorus|Ground\n|move|p1b: Noivern|Dragon Pulse|p2b: Iron Hands\n|-damage|p2b: Iron Hands|55\/100\n|move|p2a: Landorus|Tera Blast|p1a: Diancie|[anim] Tera Blast Ground\n|-supereffective|p1a: Diancie\n|-damage|p1a: Diancie|0 fnt\n|faint|p1a: Diancie\n|move|p2b: Iron Hands|Drain Punch|p1b: Noivern\n|-resisted|p1b: Noivern\n|-damage|p1b: Noivern|74\/100\n|-heal|p2b: Iron Hands|64\/100|[from] drain|[of] p1b: Noivern\n|\n|-heal|p1b: Noivern|81\/100|[from] item: Leftovers\n|-damage|p2a: Landorus|88\/100|[from] Fire Pledge\n|-heal|p2a: Landorus|94\/100|[from] item: Leftovers\n|-damage|p2b: Iron Hands|52\/100|[from] Fire Pledge\n|-heal|p2b: Iron Hands|58\/100|[from] item: Leftovers\n|-sideend|p2: sevazul26|Fire Pledge\n|upkeep\n|inactive|dropthemike has 120 seconds left.\n|\n|t:|1700572790\n|switch|p1a: Samurott|Samurott, M|100\/100\n|turn|10\n|\n|t:|1700572797\n|move|p1b: Noivern|Tailwind|p1b: Noivern\n|-sidestart|p1: dropthemike|move: Tailwind\n|move|p1a: Samurott|Rain Dance|p1a: Samurott\n|-weather|RainDance\n|move|p2a: Landorus|Tera Blast|p1b: Noivern|[anim] Tera Blast Ground\n|-immune|p1b: Noivern\n|move|p2b: Iron Hands|Wild Charge|p1a: Samurott\n|-supereffective|p1a: Samurott\n|-enditem|p1a: Samurott|Focus Sash\n|-damage|p1a: Samurott|1\/100\n|-damage|p2b: Iron Hands|36\/100|[from] Recoil\n|\n|-weather|RainDance|[upkeep]\n|-heal|p1b: Noivern|87\/100|[from] item: Leftovers\n|-heal|p2a: Landorus|100\/100|[from] item: Leftovers\n|-heal|p2b: Iron Hands|42\/100|[from] item: Leftovers\n|upkeep\n|turn|11\n|inactive|sevazul26 has 120 seconds left.\n|\n|t:|1700572833\n|move|p1b: Noivern|Hurricane|p2b: Iron Hands\n|-damage|p2b: Iron Hands|4\/100\n|-start|p2b: Iron Hands|confusion\n|move|p1a: Samurott|Water Pulse|p2a: Landorus\n|-supereffective|p2a: Landorus\n|-damage|p2a: Landorus|0 fnt\n|faint|p2a: Landorus\n|-activate|p2b: Iron Hands|confusion\n|move|p2b: Iron Hands|Wild Charge|p1b: Noivern\n|-damage|p1b: Noivern|24\/100\n|-damage|p2b: Iron Hands|0 fnt|[from] Recoil\n|faint|p2b: Iron Hands\n|-end|p2b: Iron Hands|Quark Drive|[silent]\n|\n|win|dropthemike\n|raw|dropthemike's rating: 1065 &rarr; <strong>1091<\/strong><br \/>(+26 for winning)\n|raw|sevazul26's rating: 1012 &rarr; <strong>1002<\/strong><br \/>(-10 for losing)\n|c|\u2606dropthemike|gg\n|l|\u2606sevazul26\n","uploadtime":1700572850,"views":20,"p1id":"dropthemike","p2id":"sevazul26","formatid":"gen9doublesou","rating":1002,"private":0,"password":""}