{"id":"gen9doublesou-1991386290","p1":"Tures1","p2":"Blue Syrius","format":"[Gen 9] Doubles OU","log":"|j|\u2606Tures1\n|j|\u2606Blue Syrius\n|t:|1700072789\n|gametype|doubles\n|player|p1|Tures1|266|1210\n|player|p2|Blue Syrius|ninjaboy|1284\n|teamsize|p1|6\n|teamsize|p2|6\n|gen|9\n|tier|[Gen 9] Doubles OU\n|rated|\n|rule|Species Clause: Limit one of each Pok\u00e9mon\n|rule|OHKO Clause: OHKO moves are banned\n|rule|Evasion Moves Clause: Evasion moves are banned\n|rule|Gravity Sleep Clause: The combination of sleep-inducing moves with imperfect accuracy and Gravity or Gigantamax Orbeetle are banned\n|rule|Endless Battle Clause: Forcing endless battles is banned\n|rule|HP Percentage Mod: HP is shown in percentages\n|clearpoke\n|poke|p1|Combee, F|\n|poke|p1|Gothitelle, F|\n|poke|p1|Lilligant, F|\n|poke|p1|Cresselia, F|\n|poke|p1|Grafaiai, F|\n|poke|p1|Lurantis, F|\n|poke|p2|Regidrago|\n|poke|p2|Diancie|\n|poke|p2|Chien-Pao|\n|poke|p2|Hoopa-Unbound|\n|poke|p2|Farigiraf, F|\n|poke|p2|Gholdengo|\n|teampreview\n|\n|t:|1700072806\n|start\n|switch|p1a: Lurantis|Lurantis, F, shiny|100\/100\n|switch|p1b: Lilligant|Lilligant, F, shiny|100\/100\n|switch|p2a: Chien-Pao|Chien-Pao|100\/100\n|switch|p2b: Diancie|Diancie, shiny|100\/100\n|-ability|p2a: Chien-Pao|Sword of Ruin\n|turn|1\n|inactive|Battle timer is ON: inactive players will automatically lose when time's up. (requested by Blue Syrius)\n|\n|t:|1700072837\n|-terastallize|p2b: Diancie|Flying\n|move|p2a: Chien-Pao|Ice Spinner|p1b: Lilligant\n|-supereffective|p1b: Lilligant\n|-damage|p1b: Lilligant|0 fnt\n|faint|p1b: Lilligant\n|move|p1a: Lurantis|Superpower|p2a: Chien-Pao\n|-supereffective|p2a: Chien-Pao\n|-enditem|p2a: Chien-Pao|Focus Sash\n|-damage|p2a: Chien-Pao|1\/100\n|-unboost|p1a: Lurantis|atk|1\n|-unboost|p1a: Lurantis|def|1\n|move|p2b: Diancie|Trick Room|p2b: Diancie\n|-fieldstart|move: Trick Room|[of] p2b: Diancie\n|\n|upkeep\n|\n|t:|1700072850\n|switch|p1b: Gothitelle|Gothitelle, F|100\/100\n|-item|p2b: Diancie|Sitrus Berry|[from] ability: Frisk|[of] p1b: Gothitelle|[identify]\n|turn|2\n|\n|t:|1700072864\n|switch|p1a: Grafaiai|Grafaiai, F|100\/100\n|switch|p2a: Gholdengo|Gholdengo|100\/100\n|move|p1b: Gothitelle|Fake Out|p2a: Gholdengo\n|-immune|p2a: Gholdengo\n|move|p2b: Diancie|Diamond Storm|p1b: Gothitelle|[spread] p1a,p1b\n|-damage|p1a: Grafaiai|52\/100\n|-damage|p1b: Gothitelle|75\/100\n|-boost|p2b: Diancie|def|2\n|\n|-heal|p1b: Gothitelle|81\/100|[from] item: Leftovers\n|upkeep\n|turn|3\n|\n|t:|1700072887\n|move|p2b: Diancie|Diamond Storm|p1a: Grafaiai|[spread] p1a,p1b\n|-damage|p1a: Grafaiai|7\/100\n|-damage|p1b: Gothitelle|54\/100\n|move|p1b: Gothitelle|Reflect|p1b: Gothitelle\n|-sidestart|p1: Tures1|Reflect\n|move|p2a: Gholdengo|Nasty Plot|p2a: Gholdengo\n|-boost|p2a: Gholdengo|spa|2\n|move|p1a: Grafaiai|Knock Off|p2a: Gholdengo\n|-supereffective|p2a: Gholdengo\n|-damage|p2a: Gholdengo|48\/100\n|-enditem|p2a: Gholdengo|Life Orb|[from] move: Knock Off|[of] p1a: Grafaiai\n|\n|-heal|p1b: Gothitelle|60\/100|[from] item: Leftovers\n|upkeep\n|turn|4\n|\n|t:|1700072906\n|move|p2b: Diancie|Diamond Storm|p1a: Grafaiai|[spread] p1a,p1b\n|-damage|p1a: Grafaiai|0 fnt\n|-damage|p1b: Gothitelle|42\/100\n|-boost|p2b: Diancie|def|2\n|faint|p1a: Grafaiai\n|move|p1b: Gothitelle|Future Sight|p2b: Diancie\n|-start|p1b: Gothitelle|move: Future Sight\n|move|p2a: Gholdengo|Recover|p2a: Gholdengo\n|-heal|p2a: Gholdengo|98\/100\n|\n|-heal|p1b: Gothitelle|48\/100|[from] item: Leftovers\n|upkeep\n|\n|t:|1700072918\n|switch|p1a: Lurantis|Lurantis, F, shiny|100\/100\n|turn|5\n|\n|t:|1700072928\n|move|p2a: Gholdengo|Protect|p2a: Gholdengo\n|-singleturn|p2a: Gholdengo|Protect\n|move|p2b: Diancie|Diamond Storm|p1b: Gothitelle|[spread] p1a,p1b\n|-damage|p1a: Lurantis|82\/100\n|-damage|p1b: Gothitelle|31\/100\n|-boost|p2b: Diancie|def|2\n|move|p1a: Lurantis|Knock Off|p2a: Gholdengo\n|-activate|p2a: Gholdengo|move: Protect\n|move|p1b: Gothitelle|Light Screen|p1b: Gothitelle\n|-sidestart|p1: Tures1|move: Light Screen\n|\n|-heal|p1a: Lurantis|88\/100|[from] item: Leftovers\n|-heal|p1b: Gothitelle|37\/100|[from] item: Leftovers\n|-fieldend|move: Trick Room\n|upkeep\n|turn|6\n|\n|t:|1700072954\n|switch|p1b: Cresselia|Cresselia, F, shiny|100\/100\n|move|p2a: Gholdengo|Nasty Plot|p2a: Gholdengo\n|-boost|p2a: Gholdengo|spa|2\n|move|p1a: Lurantis|Knock Off|p2a: Gholdengo\n|-supereffective|p2a: Gholdengo\n|-damage|p2a: Gholdengo|54\/100\n|move|p2b: Diancie|Trick Room|p2b: Diancie\n|-fieldstart|move: Trick Room|[of] p2b: Diancie\n|\n|-end|p2b: Diancie|move: Future Sight\n|-damage|p2b: Diancie|75\/100\n|-heal|p1a: Lurantis|94\/100|[from] item: Leftovers\n|upkeep\n|turn|7\n|\n|t:|1700072974\n|move|p2b: Diancie|Diamond Storm|p1b: Cresselia|[spread] p1a,p1b\n|-damage|p1a: Lurantis|77\/100\n|-damage|p1b: Cresselia|92\/100\n|move|p1a: Lurantis|Knock Off|p2a: Gholdengo\n|-supereffective|p2a: Gholdengo\n|-damage|p2a: Gholdengo|12\/100\n|move|p2a: Gholdengo|Recover|p2a: Gholdengo\n|-heal|p2a: Gholdengo|62\/100\n|move|p1b: Cresselia|Calm Mind|p1b: Cresselia\n|-boost|p1b: Cresselia|spa|1\n|-boost|p1b: Cresselia|spd|1\n|\n|-heal|p1a: Lurantis|83\/100|[from] item: Leftovers\n|-heal|p1b: Cresselia|98\/100|[from] item: Leftovers\n|-sideend|p1: Tures1|Reflect\n|upkeep\n|turn|8\n|\n|t:|1700072992\n|move|p2b: Diancie|Diamond Storm|p1b: Cresselia|[spread] p1a,p1b\n|-damage|p1a: Lurantis|57\/100\n|-damage|p1b: Cresselia|83\/100\n|move|p1a: Lurantis|Knock Off|p2a: Gholdengo\n|-supereffective|p2a: Gholdengo\n|-damage|p2a: Gholdengo|20\/100\n|move|p2a: Gholdengo|Make It Rain|p1b: Cresselia|[spread] p1a,p1b\n|-damage|p1a: Lurantis|0 fnt\n|-damage|p1b: Cresselia|37\/100\n|-unboost|p2a: Gholdengo|spa|1\n|faint|p1a: Lurantis\n|move|p1b: Cresselia|Calm Mind|p1b: Cresselia\n|-boost|p1b: Cresselia|spa|1\n|-boost|p1b: Cresselia|spd|1\n|\n|-heal|p1b: Cresselia|43\/100|[from] item: Leftovers\n|upkeep\n|\n|t:|1700073002\n|switch|p1a: Gothitelle|Gothitelle, F|37\/100\n|-item|p2b: Diancie|Sitrus Berry|[from] ability: Frisk|[of] p1a: Gothitelle|[identify]\n|turn|9\n|\n|t:|1700073013\n|move|p1a: Gothitelle|Fake Out|p2b: Diancie\n|-damage|p2b: Diancie|73\/100\n|cant|p2b: Diancie|flinch\n|move|p2a: Gholdengo|Make It Rain|p1a: Gothitelle|[spread] p1a,p1b\n|-damage|p1a: Gothitelle|0 fnt\n|-damage|p1b: Cresselia|15\/100\n|-unboost|p2a: Gholdengo|spa|1\n|faint|p1a: Gothitelle\n|move|p1b: Cresselia|Moonlight|p1b: Cresselia\n|-heal|p1b: Cresselia|65\/100\n|\n|-heal|p1b: Cresselia|71\/100|[from] item: Leftovers\n|-sideend|p1: Tures1|move: Light Screen\n|upkeep\n|\n|t:|1700073022\n|switch|p1a: Combee|Combee, F|100\/100\n|turn|10\n|\n|t:|1700073049\n|move|p2b: Diancie|Diamond Storm|p1a: Combee|[spread] p1a,p1b\n|-supereffective|p1a: Combee\n|-damage|p1a: Combee|0 fnt\n|-damage|p1b: Cresselia|58\/100\n|faint|p1a: Combee\n|move|p2a: Gholdengo|Make It Rain|p1b: Cresselia\n|-damage|p1b: Cresselia|14\/100\n|-unboost|p2a: Gholdengo|spa|1\n|move|p1b: Cresselia|Moonblast|p2a: Gholdengo\n|-resisted|p2a: Gholdengo\n|-damage|p2a: Gholdengo|3\/100\n|\n|-heal|p1b: Cresselia|20\/100|[from] item: Leftovers\n|-fieldend|move: Trick Room\n|upkeep\n|turn|11\n|-message|Tures1 forfeited.\n|\n|win|Blue Syrius\n|raw|Tures1's rating: 1210 &rarr; <strong>1190<\/strong><br \/>(-20 for losing)\n|raw|Blue Syrius's rating: 1284 &rarr; <strong>1304<\/strong><br \/>(+20 for winning)\n|l|\u2606Tures1\n","uploadtime":1700073068,"views":9,"p1id":"tures1","p2id":"bluesyrius","formatid":"gen9doublesou","rating":1190,"private":0,"password":""}