{"id":"gen9doublesou-1989335718","p1":"YuriKnifuWaifu","p2":"Hazurrdust","format":"[Gen 9] Doubles OU","log":"|j|\u2606YuriKnifuWaifu\n|j|\u2606Hazurrdust\n|t:|1699837757\n|gametype|doubles\n|player|p1|YuriKnifuWaifu|dragontamer|\n|player|p2|Hazurrdust|169|\n|teamsize|p1|6\n|teamsize|p2|6\n|gen|9\n|tier|[Gen 9] Doubles OU\n|rule|Species Clause: Limit one of each Pok\u00e9mon\n|rule|OHKO Clause: OHKO moves are banned\n|rule|Evasion Moves Clause: Evasion moves are banned\n|rule|Gravity Sleep Clause: The combination of sleep-inducing moves with imperfect accuracy and Gravity or Gigantamax Orbeetle are banned\n|rule|Endless Battle Clause: Forcing endless battles is banned\n|rule|HP Percentage Mod: HP is shown in percentages\n|clearpoke\n|poke|p1|Wugtrio, F|\n|poke|p1|Magnezone|\n|poke|p1|Skeledirge, F|\n|poke|p1|Rabsca, F|\n|poke|p1|Drifblim, F|\n|poke|p1|Carbink|\n|poke|p2|Decidueye, M|\n|poke|p2|Noivern, F|\n|poke|p2|Slowking, M|\n|poke|p2|Talonflame, F|\n|poke|p2|Mudsdale, F|\n|poke|p2|Lucario, M|\n|teampreview\n|c|\u2606YuriKnifuWaifu|GLHF :)\n|j| ShrimpKing\n|c| ShrimpKing|WE ARE IN\n|\n|t:|1699837859\n|start\n|switch|p1a: Buckle|Skeledirge, F, shiny|100\/100\n|switch|p1b: You_Trash|Carbink, shiny|100\/100\n|switch|p2a: Alvaro|Lucario, M|100\/100\n|switch|p2b: Casey|Noivern, F|100\/100\n|turn|1\n|\n|t:|1699837969\n|move|p2a: Alvaro|Bullet Punch|p1b: You_Trash\n|-supereffective|p1b: You_Trash\n|-damage|p1b: You_Trash|37\/100\n|move|p2b: Casey|U-turn|p1b: You_Trash\n|-resisted|p1b: You_Trash\n|-damage|p1b: You_Trash|33\/100\n|\n|t:|1699837975\n|switch|p2b: Kilogree|Talonflame, F|100\/100|[from] U-turn\n|move|p1a: Buckle|Heat Wave|p2a: Alvaro|[spread] p2a,p2b\n|-supereffective|p2a: Alvaro\n|-resisted|p2b: Kilogree\n|-damage|p2a: Alvaro|0 fnt\n|-damage|p2b: Kilogree|78\/100\n|faint|p2a: Alvaro\n|move|p1b: You_Trash|Light Screen|p1b: You_Trash\n|-sidestart|p1: YuriKnifuWaifu|move: Light Screen\n|\n|-heal|p2b: Kilogree|84\/100|[from] item: Leftovers\n|-heal|p1b: You_Trash|39\/100|[from] item: Leftovers\n|upkeep\n|\n|t:|1699837989\n|switch|p2a: Wilfred|Slowking, M|100\/100\n|turn|2\n|\n|t:|1699838031\n|move|p2b: Kilogree|Tailwind|p2b: Kilogree\n|-sidestart|p2: Hazurrdust|move: Tailwind\n|move|p2a: Wilfred|Chilling Water|p1b: You_Trash\n|-supereffective|p1b: You_Trash\n|-damage|p1b: You_Trash|20\/100\n|move|p1a: Buckle|Shadow Ball|p2a: Wilfred\n|-supereffective|p2a: Wilfred\n|-damage|p2a: Wilfred|36\/100\n|move|p1b: You_Trash|Rock Slide|p2a: Wilfred|[spread] p2a,p2b\n|-supereffective|p2b: Kilogree\n|-damage|p2a: Wilfred|24\/100\n|-damage|p2b: Kilogree|0 fnt\n|faint|p2b: Kilogree\n|\n|-heal|p1b: You_Trash|26\/100|[from] item: Leftovers\n|upkeep\n|\n|t:|1699838058\n|switch|p2b: Casey|Noivern, F|100\/100\n|turn|3\n|\n|t:|1699838097\n|switch|p2a: Oscar Repellent|Mudsdale, F|100\/100\n|move|p2b: Casey|Dragon Pulse|p1b: You_Trash\n|-immune|p1b: You_Trash\n|move|p1a: Buckle|Shadow Ball|p2a: Oscar Repellent\n|-crit|p2a: Oscar Repellent\n|-damage|p2a: Oscar Repellent|57\/100\n|-ability|p2a: Oscar Repellent|Stamina|boost\n|-boost|p2a: Oscar Repellent|def|1\n|move|p1b: You_Trash|Stealth Rock|p2b: Casey\n|-sidestart|p2: Hazurrdust|move: Stealth Rock\n|\n|-heal|p1b: You_Trash|33\/100|[from] item: Leftovers\n|upkeep\n|turn|4\n|\n|t:|1699838217\n|move|p2b: Casey|Dragon Pulse|p1a: Buckle\n|-damage|p1a: Buckle|39\/100\n|move|p2a: Oscar Repellent|High Horsepower|p1a: Buckle\n|-supereffective|p1a: Buckle\n|-damage|p1a: Buckle|0 fnt\n|faint|p1a: Buckle\n|move|p1b: You_Trash|Rock Slide|p2a: Oscar Repellent|[spread] p2a,p2b\n|-resisted|p2a: Oscar Repellent\n|-supereffective|p2b: Casey\n|-damage|p2a: Oscar Repellent|53\/100\n|-damage|p2b: Casey|55\/100\n|-ability|p2a: Oscar Repellent|Stamina|boost\n|-boost|p2a: Oscar Repellent|def|1\n|\n|-heal|p1b: You_Trash|39\/100|[from] item: Leftovers\n|upkeep\n|\n|t:|1699838236\n|switch|p1a: One|Wugtrio, F, shiny|100\/100\n|turn|5\n|\n|t:|1699838268\n|switch|p2a: Tenishi|Decidueye, M, shiny|100\/100\n|-damage|p2a: Tenishi|88\/100|[from] Stealth Rock\n|move|p2b: Casey|Dragon Pulse|p1a: One\n|-damage|p1a: One|0 fnt\n|faint|p1a: One\n|move|p1b: You_Trash|Rock Slide|p2a: Tenishi|[spread] p2a,p2b\n|-supereffective|p2b: Casey\n|-damage|p2a: Tenishi|66\/100\n|-damage|p2b: Casey|9\/100\n|\n|-heal|p1b: You_Trash|45\/100|[from] item: Leftovers\n|-sideend|p1: YuriKnifuWaifu|move: Light Screen\n|-sideend|p2: Hazurrdust|move: Tailwind\n|upkeep\n|\n|t:|1699838281\n|switch|p1a: Two|Magnezone, shiny|100\/100\n|turn|6\n|\n|t:|1699838321\n|switch|p2b: Oscar Repellent|Mudsdale, F|53\/100\n|-damage|p2b: Oscar Repellent|47\/100|[from] Stealth Rock\n|move|p2a: Tenishi|Leaf Blade|p1b: You_Trash\n|-supereffective|p1b: You_Trash\n|-damage|p1b: You_Trash|0 fnt\n|faint|p1b: You_Trash\n|-heal|p2a: Tenishi|71\/100|[from] item: Shell Bell|[of] p1: You_Trash\n|move|p1a: Two|Electroweb|p2a: Tenishi|[spread] p2a\n|-immune|p2b: Oscar Repellent\n|-resisted|p2a: Tenishi\n|-damage|p2a: Tenishi|56\/100\n|-unboost|p2a: Tenishi|spe|1\n|\n|upkeep\n|\n|t:|1699838336\n|switch|p1b: My|Rabsca, F, shiny|100\/100\n|turn|7\n|\n|t:|1699838530\n|switch|p2b: Wilfred|Slowking, M|57\/100\n|-damage|p2b: Wilfred|44\/100|[from] Stealth Rock\n|move|p1b: My|Revival Blessing|p1b: My\n|\n|t:|1699838545\n|-heal|p1: Buckle|50\/100|[from] move: Revival Blessing\n|move|p1a: Two|Volt Switch|p2a: Tenishi\n|-resisted|p2a: Tenishi\n|-damage|p2a: Tenishi|37\/100\n|\n|t:|1699838552\n|switch|p1a: Shoe|Drifblim, F, shiny|100\/100|[from] Volt Switch\n|move|p2a: Tenishi|Roost|p2a: Tenishi\n|-heal|p2a: Tenishi|87\/100\n|-singleturn|p2a: Tenishi|move: Roost\n|\n|-status|p1a: Shoe|brn|[from] item: Flame Orb\n|upkeep\n|turn|8\n|\n|t:|1699838586\n|move|p1a: Shoe|Shadow Ball|p2b: Wilfred\n|-supereffective|p2b: Wilfred\n|-damage|p2b: Wilfred|0 fnt\n|faint|p2b: Wilfred\n|move|p1b: My|Dazzling Gleam|p2a: Tenishi\n|-crit|p2a: Tenishi\n|-damage|p2a: Tenishi|51\/100\n|move|p2a: Tenishi|Spirit Shackle|p1a: Shoe\n|-supereffective|p1a: Shoe\n|-damage|p1a: Shoe|0 fnt\n|faint|p1a: Shoe\n|-heal|p2a: Tenishi|68\/100|[from] item: Shell Bell|[of] p1: Shoe\n|\n|upkeep\n|\n|t:|1699838681\n|switch|p1a: Buckle|Skeledirge, F, shiny|50\/100\n|switch|p2b: Casey|Noivern, F|9\/100\n|-damage|p2b: Casey|0 fnt|[from] Stealth Rock\n|faint|p2b: Casey\n|\n|t:|1699838690\n|switch|p2b: Oscar Repellent|Mudsdale, F|47\/100\n|-damage|p2b: Oscar Repellent|40\/100|[from] Stealth Rock\n|turn|9\n|\n|t:|1699838766\n|-terastallize|p1a: Buckle|Fire\n|-terastallize|p2a: Tenishi|Dark\n|move|p1b: My|Sludge Bomb|p2b: Oscar Repellent\n|-resisted|p2b: Oscar Repellent\n|-damage|p2b: Oscar Repellent|31\/100\n|-ability|p2b: Oscar Repellent|Stamina|boost\n|-boost|p2b: Oscar Repellent|def|1\n|move|p1a: Buckle|Torch Song|p2a: Tenishi\n|-damage|p2a: Tenishi|20\/100\n|-boost|p1a: Buckle|spa|1\n|-enditem|p1a: Buckle|Throat Spray\n|-boost|p1a: Buckle|spa|1|[from] item: Throat Spray\n|move|p2a: Tenishi|Spirit Shackle|p1a: Buckle\n|-damage|p1a: Buckle|16\/100\n|-activate|p1a: Buckle|trapped\n|-heal|p2a: Tenishi|25\/100|[from] item: Shell Bell|[of] p1a: Buckle\n|move|p2b: Oscar Repellent|High Horsepower|p1a: Buckle\n|-supereffective|p1a: Buckle\n|-crit|p1a: Buckle\n|-damage|p1a: Buckle|0 fnt\n|faint|p1a: Buckle\n|\n|upkeep\n|\n|t:|1699838786\n|switch|p1a: Two|Magnezone, shiny|100\/100\n|turn|10\n|c| ShrimpKing|O.O\n|c| ShrimpKing|*SNORRRRRRRRRRRRRRRRRRRRRRRRRRT*\n|c| ShrimpKing|MIIIIIIIMIMIMIMMIMIMIIMIMIMM\n|c| ShrimpKing|*Pen Drops*\n|\n|t:|1699839055\n|move|p1b: My|Dazzling Gleam|p2b: Oscar Repellent|[spread] p2a,p2b\n|-supereffective|p2a: Tenishi\n|-damage|p2a: Tenishi|0 fnt\n|-damage|p2b: Oscar Repellent|19\/100\n|-ability|p2b: Oscar Repellent|Stamina|boost\n|-boost|p2b: Oscar Repellent|def|1\n|faint|p2a: Tenishi\n|move|p1a: Two|Electroweb|p2b: Oscar Repellent\n|-immune|p2b: Oscar Repellent\n|move|p2b: Oscar Repellent|High Horsepower|p1b: My\n|-resisted|p1b: My\n|-damage|p1b: My|77\/100\n|\n|upkeep\n|turn|11\n|c| ShrimpKing|*shits loudly*\n|\n|t:|1699839135\n|move|p1b: My|Dazzling Gleam|p2b: Oscar Repellent\n|-damage|p2b: Oscar Repellent|2\/100\n|-ability|p2b: Oscar Repellent|Stamina|boost\n|-boost|p2b: Oscar Repellent|def|1\n|move|p1a: Two|Flash Cannon|p2b: Oscar Repellent\n|-damage|p2b: Oscar Repellent|0 fnt\n|faint|p2b: Oscar Repellent\n|\n|win|YuriKnifuWaifu\n|c|\u2606YuriKnifuWaifu|GG\n|c| ShrimpKing|WOHHHHHHHHHHHHHHHHHHHHHHHHHHHHHHHHHHHHH\n|l|\u2606Hazurrdust\n","uploadtime":1699839155,"views":43,"p1id":"yuriknifuwaifu","p2id":"hazurrdust","formatid":"gen9doublesou","rating":0,"private":0,"password":""}