{"id":"gen9doublesou-2000534737","p1":"TomatoChanD","p2":"TheGrim\/S","format":"[Gen 9] Doubles OU","log":"|j|\u2606TomatoChanD\n|j|\u2606TheGrim\/S\n|t:|1701203069\n|gametype|doubles\n|player|p1|TomatoChanD|cynthia-gen4|1108\n|player|p2|TheGrim\/S|170|1053\n|teamsize|p1|6\n|teamsize|p2|6\n|gen|9\n|tier|[Gen 9] Doubles OU\n|rated|\n|rule|Species Clause: Limit one of each Pok\u00e9mon\n|rule|OHKO Clause: OHKO moves are banned\n|rule|Evasion Moves Clause: Evasion moves are banned\n|rule|Gravity Sleep Clause: The combination of sleep-inducing moves with imperfect accuracy and Gravity or Gigantamax Orbeetle are banned\n|rule|Endless Battle Clause: Forcing endless battles is banned\n|rule|HP Percentage Mod: HP is shown in percentages\n|clearpoke\n|poke|p1|Chi-Yu|\n|poke|p1|Torkoal, M|\n|poke|p1|Kingambit, M|\n|poke|p1|Palafin, F|\n|poke|p1|Amoonguss, F|\n|poke|p1|Pelipper, F|\n|poke|p2|Toedscruel, F|\n|poke|p2|Altaria, F|\n|poke|p2|Gyarados, F|\n|poke|p2|Weezing, M|\n|poke|p2|Houndstone, F|\n|poke|p2|Tyranitar, F|\n|teampreview\n|inactive|Battle timer is ON: inactive players will automatically lose when time's up. (requested by TomatoChanD)\n|\n|t:|1701203081\n|start\n|switch|p1a: Palafin|Palafin, F|100\/100\n|switch|p1b: Pelipper|Pelipper, F, shiny|100\/100\n|switch|p2a: Altaria|Altaria, F|100\/100\n|switch|p2b: Gyarados|Gyarados, F|100\/100\n|-ability|p2a: Altaria|Cloud Nine\n|-ability|p2b: Gyarados|Intimidate|boost\n|-unboost|p1a: Palafin|atk|1\n|-unboost|p1b: Pelipper|atk|1\n|-weather|RainDance|[from] ability: Drizzle|[of] p1b: Pelipper\n|turn|1\n|\n|t:|1701203100\n|move|p1a: Palafin|Flip Turn|p2a: Altaria\n|-resisted|p2a: Altaria\n|-damage|p2a: Altaria|91\/100\n|-damage|p1a: Palafin|91\/100|[from] item: Life Orb\n|\n|t:|1701203107\n|detailschange|p1a: Palafin|Palafin-Hero, F\n|switch|p1a: Kingambit|Kingambit, M, shiny|100\/100|[from] Flip Turn\n|move|p2a: Altaria|Brave Bird|p1b: Pelipper\n|-damage|p1b: Pelipper|66\/100\n|-damage|p2a: Altaria|80\/100|[from] Recoil\n|move|p2b: Gyarados|Thunder Wave|p1b: Pelipper|[miss]\n|-miss|p2b: Gyarados|p1b: Pelipper\n|move|p1b: Pelipper|Icy Wind|p2b: Gyarados|[spread] p2a,p2b\n|-supereffective|p2a: Altaria\n|-damage|p2a: Altaria|47\/100\n|-damage|p2b: Gyarados|93\/100\n|-unboost|p2b: Gyarados|spe|1\n|\n|-weather|RainDance|[upkeep]\n|-heal|p1b: Pelipper|72\/100|[from] item: Leftovers\n|upkeep\n|turn|2\n|\n|t:|1701203130\n|move|p2a: Altaria|Play Rough|p1a: Kingambit\n|-damage|p1a: Kingambit|84\/100\n|move|p1b: Pelipper|Tailwind|p1b: Pelipper\n|-sidestart|p1: TomatoChanD|move: Tailwind\n|move|p1a: Kingambit|Flash Cannon|p2a: Altaria\n|-damage|p2a: Altaria|29\/100\n|move|p2b: Gyarados|Waterfall|p1a: Kingambit\n|-damage|p1a: Kingambit|56\/100\n|\n|-weather|RainDance|[upkeep]\n|-heal|p1b: Pelipper|79\/100|[from] item: Leftovers\n|-heal|p1a: Kingambit|62\/100|[from] item: Leftovers\n|upkeep\n|turn|3\n|inactive|TomatoChanD has 120 seconds left.\n|\n|t:|1701203163\n|switch|p2a: Weezing|Weezing, M, shiny|100\/100\n|-ability|p2a: Weezing|Neutralizing Gas\n|-block|p2b: Gyarados|item: Ability Shield\n|move|p1b: Pelipper|Helping Hand|p1a: Kingambit\n|-singleturn|p1a: Kingambit|Helping Hand|[of] p1b: Pelipper\n|move|p1a: Kingambit|Kowtow Cleave|p2a: Weezing\n|-damage|p2a: Weezing|27\/100\n|-enditem|p2a: Weezing|Sitrus Berry|[eat]\n|-heal|p2a: Weezing|52\/100|[from] item: Sitrus Berry\n|move|p2b: Gyarados|Crunch|p1b: Pelipper\n|-damage|p1b: Pelipper|58\/100\n|\n|-weather|RainDance|[upkeep]\n|-heal|p1b: Pelipper|64\/100|[from] item: Leftovers\n|-heal|p1a: Kingambit|68\/100|[from] item: Leftovers\n|upkeep\n|turn|4\n|\n|t:|1701203192\n|move|p1b: Pelipper|Icy Wind|p2b: Gyarados|[spread] p2a,p2b\n|-damage|p2a: Weezing|41\/100\n|-damage|p2b: Gyarados|85\/100\n|-unboost|p2a: Weezing|spe|1\n|-unboost|p2b: Gyarados|spe|1\n|move|p1a: Kingambit|Kowtow Cleave|p2a: Weezing\n|-damage|p2a: Weezing|0 fnt\n|faint|p2a: Weezing\n|-end|p2a: Weezing|ability: Neutralizing Gas\n|move|p2b: Gyarados|Crunch|p1b: Pelipper\n|-damage|p1b: Pelipper|45\/100\n|\n|-weather|RainDance|[upkeep]\n|-heal|p1b: Pelipper|51\/100|[from] item: Leftovers\n|-heal|p1a: Kingambit|75\/100|[from] item: Leftovers\n|upkeep\n|inactive|TheGrim\/S has 120 seconds left.\n|\n|t:|1701203211\n|switch|p2a: Toedscruel|Toedscruel, F|100\/100\n|turn|5\n|\n|t:|1701203223\n|move|p1b: Pelipper|Icy Wind|p2b: Gyarados|[spread] p2a,p2b\n|-supereffective|p2a: Toedscruel\n|-damage|p2a: Toedscruel|69\/100\n|-damage|p2b: Gyarados|77\/100\n|-unboost|p2a: Toedscruel|spe|1\n|-unboost|p2b: Gyarados|spe|1\n|move|p1a: Kingambit|Kowtow Cleave|p2b: Gyarados\n|-damage|p2b: Gyarados|30\/100\n|move|p2a: Toedscruel|Energy Ball|p1b: Pelipper\n|-damage|p1b: Pelipper|13\/100\n|move|p2b: Gyarados|Waterfall|p1a: Kingambit\n|-damage|p1a: Kingambit|30\/100\n|\n|-weather|none\n|-heal|p1b: Pelipper|19\/100|[from] item: Leftovers\n|-heal|p1a: Kingambit|36\/100|[from] item: Leftovers\n|-sideend|p1: TomatoChanD|move: Tailwind\n|upkeep\n|turn|6\n|\n|t:|1701203242\n|move|p1b: Pelipper|Helping Hand|p1a: Kingambit\n|-singleturn|p1a: Kingambit|Helping Hand|[of] p1b: Pelipper\n|move|p2a: Toedscruel|Energy Ball|p1b: Pelipper\n|-damage|p1b: Pelipper|0 fnt\n|faint|p1b: Pelipper\n|move|p1a: Kingambit|Kowtow Cleave|p2a: Toedscruel\n|-crit|p2a: Toedscruel\n|-damage|p2a: Toedscruel|0 fnt\n|-damage|p1a: Kingambit|19\/100|[from] item: Rocky Helmet|[of] p2a: Toedscruel\n|faint|p2a: Toedscruel\n|move|p2b: Gyarados|Waterfall|p1a: Kingambit\n|-damage|p1a: Kingambit|0 fnt\n|faint|p1a: Kingambit\n|-end|p1a: Kingambit|fallenundefined|[silent]\n|\n|upkeep\n|\n|t:|1701203260\n|switch|p2a: Houndstone|Houndstone, F|100\/100\n|switch|p1b: Amoonguss|Amoonguss, F, shiny|100\/100\n|switch|p1a: Palafin|Palafin-Hero, F|91\/100\n|-activate|p1a: Palafin|ability: Zero to Hero\n|turn|7\n|inactive|TheGrim\/S has 120 seconds left.\n|\n|t:|1701203292\n|switch|p2b: Tyranitar|Tyranitar, F|100\/100\n|-weather|Sandstorm|[from] ability: Sand Stream|[of] p2b: Tyranitar\n|-terastallize|p2a: Houndstone|Dragon\n|move|p2a: Houndstone|Psychic Fangs|p1b: Amoonguss\n|-supereffective|p1b: Amoonguss\n|-damage|p1b: Amoonguss|27\/100\n|move|p1a: Palafin|Ice Beam|p2b: Tyranitar\n|-damage|p2b: Tyranitar|86\/100\n|-status|p2b: Tyranitar|frz\n|-damage|p1a: Palafin|81\/100|[from] item: Life Orb\n|move|p1b: Amoonguss|Toxic|p2a: Houndstone\n|-status|p2a: Houndstone|tox\n|\n|-weather|Sandstorm|[upkeep]\n|-damage|p1a: Palafin|74\/100|[from] Sandstorm\n|-damage|p1b: Amoonguss|21\/100|[from] Sandstorm\n|-heal|p2b: Tyranitar|92\/100 frz|[from] item: Leftovers\n|-heal|p1b: Amoonguss|27\/100|[from] item: Leftovers\n|-damage|p2a: Houndstone|94\/100 tox|[from] psn\n|upkeep\n|turn|8\n|inactive|TheGrim\/S has 120 seconds left.\n|\n|t:|1701203319\n|move|p1b: Amoonguss|Protect|p1b: Amoonguss\n|-singleturn|p1b: Amoonguss|Protect\n|move|p2a: Houndstone|Psychic Fangs|p1a: Palafin\n|-damage|p1a: Palafin|35\/100\n|move|p1a: Palafin|Ice Beam|p2a: Houndstone\n|-supereffective|p2a: Houndstone\n|-damage|p2a: Houndstone|33\/100 tox\n|-damage|p1a: Palafin|25\/100|[from] item: Life Orb\n|cant|p2b: Tyranitar|frz\n|\n|-weather|Sandstorm|[upkeep]\n|-damage|p1a: Palafin|18\/100|[from] Sandstorm\n|-damage|p1b: Amoonguss|21\/100|[from] Sandstorm\n|-heal|p2b: Tyranitar|98\/100 frz|[from] item: Leftovers\n|-heal|p1b: Amoonguss|27\/100|[from] item: Leftovers\n|-damage|p2a: Houndstone|21\/100 tox|[from] psn\n|upkeep\n|turn|9\n|\n|t:|1701203342\n|move|p1b: Amoonguss|Rage Powder|p1b: Amoonguss\n|-singleturn|p1b: Amoonguss|move: Rage Powder\n|move|p2a: Houndstone|Psychic Fangs|p1b: Amoonguss\n|-supereffective|p1b: Amoonguss\n|-damage|p1b: Amoonguss|0 fnt\n|faint|p1b: Amoonguss\n|move|p1a: Palafin|Ice Beam|p2a: Houndstone\n|-supereffective|p2a: Houndstone\n|-damage|p2a: Houndstone|0 fnt\n|faint|p2a: Houndstone\n|-damage|p1a: Palafin|8\/100|[from] item: Life Orb\n|-curestatus|p2b: Tyranitar|frz|[msg]\n|move|p2b: Tyranitar|Flamethrower|p1a: Palafin\n|-resisted|p1a: Palafin\n|-damage|p1a: Palafin|0 fnt\n|faint|p1a: Palafin\n|\n|-weather|Sandstorm|[upkeep]\n|-heal|p2b: Tyranitar|100\/100|[from] item: Leftovers\n|upkeep\n|\n|t:|1701203359\n|switch|p1a: Chi-Yu|Chi-Yu|100\/100\n|switch|p2a: Gyarados|Gyarados, F|30\/100\n|switch|p1b: Torkoal|Torkoal, M, shiny|100\/100\n|-ability|p1a: Chi-Yu|Beads of Ruin\n|-ability|p2a: Gyarados|Intimidate|boost\n|-unboost|p1a: Chi-Yu|atk|1\n|-unboost|p1b: Torkoal|atk|1\n|-weather|SunnyDay|[from] ability: Drought|[of] p1b: Torkoal\n|turn|10\n|\n|t:|1701203378\n|-terastallize|p1a: Chi-Yu|Fire\n|move|p1a: Chi-Yu|Heat Wave|p2a: Gyarados|[spread] p2a,p2b\n|-resisted|p2a: Gyarados\n|-resisted|p2b: Tyranitar\n|-crit|p2b: Tyranitar\n|-damage|p2a: Gyarados|0 fnt\n|-damage|p2b: Tyranitar|25\/100\n|faint|p2a: Gyarados\n|-damage|p1a: Chi-Yu|91\/100|[from] item: Life Orb\n|move|p2b: Tyranitar|Rock Slide|p1b: Torkoal|[spread] p1a,p1b\n|-supereffective|p1a: Chi-Yu\n|-supereffective|p1b: Torkoal\n|-damage|p1a: Chi-Yu|4\/100\n|-damage|p1b: Torkoal|65\/100\n|move|p1b: Torkoal|Overheat|p2b: Tyranitar|[miss]\n|-miss|p1b: Torkoal|p2b: Tyranitar\n|\n|-weather|SunnyDay|[upkeep]\n|-heal|p2b: Tyranitar|31\/100|[from] item: Leftovers\n|-heal|p1b: Torkoal|71\/100|[from] item: Leftovers\n|upkeep\n|\n|t:|1701203395\n|switch|p2a: Altaria|Altaria, F|29\/100\n|-ability|p2a: Altaria|Cloud Nine\n|turn|11\n|\n|t:|1701203408\n|move|p2a: Altaria|Protect|p2a: Altaria\n|-singleturn|p2a: Altaria|Protect\n|move|p2b: Tyranitar|Protect|p2b: Tyranitar\n|-singleturn|p2b: Tyranitar|Protect\n|move|p1a: Chi-Yu|Heat Wave|p2a: Altaria|[spread] \n|-activate|p2a: Altaria|move: Protect\n|-activate|p2b: Tyranitar|move: Protect\n|move|p1b: Torkoal|Overheat|p2b: Tyranitar\n|-activate|p2b: Tyranitar|move: Protect\n|\n|-weather|SunnyDay|[upkeep]\n|-heal|p2b: Tyranitar|37\/100|[from] item: Leftovers\n|-heal|p1b: Torkoal|77\/100|[from] item: Leftovers\n|upkeep\n|turn|12\n|\n|t:|1701203426\n|move|p1a: Chi-Yu|Heat Wave|p2a: Altaria|[spread] p2a,p2b\n|-resisted|p2a: Altaria\n|-resisted|p2b: Tyranitar\n|-damage|p2a: Altaria|0 fnt\n|-damage|p2b: Tyranitar|2\/100\n|faint|p2a: Altaria\n|-damage|p1a: Chi-Yu|0 fnt|[from] item: Life Orb\n|faint|p1a: Chi-Yu\n|move|p2b: Tyranitar|Rock Slide|p1b: Torkoal\n|-supereffective|p1b: Torkoal\n|-damage|p1b: Torkoal|26\/100\n|move|p1b: Torkoal|Overheat|p2b: Tyranitar\n|-resisted|p2b: Tyranitar\n|-damage|p2b: Tyranitar|0 fnt\n|-unboost|p1b: Torkoal|spa|2\n|faint|p2b: Tyranitar\n|\n|win|TomatoChanD\n|raw|TomatoChanD's rating: 1108 &rarr; <strong>1129<\/strong><br \/>(+21 for winning)\n|raw|TheGrim&#x2f;S's rating: 1053 &rarr; <strong>1038<\/strong><br \/>(-15 for losing)\n|c|\u2606TomatoChanD|gg\n|l|\u2606TheGrim\/S\n","uploadtime":1701203759,"views":20,"p1id":"tomatochand","p2id":"thegrims","formatid":"gen9doublesou","rating":1038,"private":0,"password":""}