{"id":"gen9doublesou-1993723227","p1":"gonegeb","p2":"MattCol","format":"[Gen 9] Doubles OU","log":"|j|\u2606gonegeb\n|j|\u2606MattCol\n|t:|1700349643\n|gametype|doubles\n|player|p1|gonegeb|alain|\n|player|p2|MattCol|102|\n|teamsize|p1|6\n|teamsize|p2|6\n|gen|9\n|tier|[Gen 9] Doubles OU\n|rule|Species Clause: Limit one of each Pok\u00e9mon\n|rule|OHKO Clause: OHKO moves are banned\n|rule|Evasion Moves Clause: Evasion moves are banned\n|rule|Gravity Sleep Clause: The combination of sleep-inducing moves with imperfect accuracy and Gravity or Gigantamax Orbeetle are banned\n|rule|Endless Battle Clause: Forcing endless battles is banned\n|rule|HP Percentage Mod: HP is shown in percentages\n|clearpoke\n|poke|p1|Lucario, M|\n|poke|p1|Umbreon, M|\n|poke|p1|Arcanine, F|\n|poke|p1|Maushold|\n|poke|p1|Ceruledge, M|\n|poke|p1|Torkoal, M|\n|poke|p2|Quaquaval, M|\n|poke|p2|Baxcalibur, M|\n|poke|p2|Cinderace, M|\n|poke|p2|Slowbro-Galar, F|\n|poke|p2|Zarude-Dada|\n|poke|p2|Pelipper, M|\n|teampreview\n|\n|t:|1700349661\n|start\n|switch|p1a: Obsidian|Ceruledge, M, shiny|100\/100\n|switch|p1b: The Meta|Torkoal, M, shiny|100\/100\n|switch|p2a: Cinderace|Cinderace, M|100\/100\n|switch|p2b: Slowbro|Slowbro-Galar, F|100\/100\n|-weather|SunnyDay|[from] ability: Drought|[of] p1b: The Meta\n|turn|1\n|\n|t:|1700349706\n|switch|p1b: Pryna|Arcanine, F, shiny|100\/100\n|-ability|p1b: Pryna|Intimidate|boost\n|-unboost|p2a: Cinderace|atk|1\n|-unboost|p2b: Slowbro|atk|1\n|move|p2a: Cinderace|U-turn|p1a: Obsidian\n|-start|p2a: Cinderace|typechange|Bug|[from] ability: Libero\n|-resisted|p1a: Obsidian\n|-damage|p1a: Obsidian|92\/100\n|-damage|p2a: Cinderace|91\/100|[from] item: Life Orb\n|\n|t:|1700349725\n|switch|p2a: Pelipper|Pelipper, M|100\/100|[from] U-turn\n|-weather|RainDance|[from] ability: Drizzle|[of] p2a: Pelipper\n|move|p1a: Obsidian|Bulk Up|p1a: Obsidian\n|-boost|p1a: Obsidian|atk|1\n|-boost|p1a: Obsidian|def|1\n|move|p2b: Slowbro|Nasty Plot|p2b: Slowbro\n|-boost|p2b: Slowbro|spa|2\n|\n|-weather|RainDance|[upkeep]\n|upkeep\n|turn|2\n|-activate|p2b: Slowbro|ability: Quick Draw\n|\n|t:|1700350022\n|switch|p1b: The Meta|Torkoal, M, shiny|100\/100\n|-weather|SunnyDay|[from] ability: Drought|[of] p1b: The Meta\n|move|p2b: Slowbro|Shadow Ball|p1a: Obsidian\n|-supereffective|p1a: Obsidian\n|-damage|p1a: Obsidian|18\/100\n|-enditem|p1a: Obsidian|Weakness Policy\n|-boost|p1a: Obsidian|atk|2|[from] item: Weakness Policy\n|-boost|p1a: Obsidian|spa|2|[from] item: Weakness Policy\n|move|p1a: Obsidian|Bitter Blade|p2a: Pelipper\n|-resisted|p2a: Pelipper\n|-damage|p2a: Pelipper|25\/100\n|-heal|p1a: Obsidian|53\/100|[from] drain|[of] p2a: Pelipper\n|-enditem|p2a: Pelipper|Eject Button\n|\n|t:|1700350064\n|switch|p2a: Zarude|Zarude-Dada|100\/100\n|\n|-weather|SunnyDay|[upkeep]\n|upkeep\n|turn|3\n|\n|t:|1700350106\n|switch|p1b: Pryna|Arcanine, F, shiny|100\/100\n|-ability|p1b: Pryna|Intimidate|boost\n|-unboost|p2a: Zarude|atk|1\n|-unboost|p2b: Slowbro|atk|1\n|-terastallize|p1a: Obsidian|Fairy\n|move|p2a: Zarude|Crunch|p1a: Obsidian\n|-resisted|p1a: Obsidian\n|-damage|p1a: Obsidian|43\/100\n|move|p1a: Obsidian|Bitter Blade|p2b: Slowbro\n|-damage|p2b: Slowbro|0 fnt\n|-heal|p1a: Obsidian|99\/100|[from] drain|[of] p2b: Slowbro\n|faint|p2b: Slowbro\n|\n|-weather|SunnyDay|[upkeep]\n|upkeep\n|\n|t:|1700350125\n|switch|p2b: Pelipper|Pelipper, M|25\/100\n|-weather|RainDance|[from] ability: Drizzle|[of] p2b: Pelipper\n|turn|4\n|\n|t:|1700350172\n|move|p2a: Zarude|Jungle Healing|p2a: Zarude|[spread] p2a,p2b\n|-heal|p2b: Pelipper|50\/100\n|move|p1b: Pryna|Sunny Day|p1b: Pryna\n|-weather|SunnyDay\n|move|p1a: Obsidian|Bitter Blade|p2a: Zarude\n|-supereffective|p2a: Zarude\n|-enditem|p2a: Zarude|Focus Sash\n|-damage|p2a: Zarude|1\/100\n|-heal|p1a: Obsidian|100\/100|[from] drain|[of] p2a: Zarude\n|move|p2b: Pelipper|Hurricane|p1a: Obsidian\n|-damage|p1a: Obsidian|70\/100\n|\n|-weather|SunnyDay|[upkeep]\n|upkeep\n|turn|5\n|\n|t:|1700350194\n|move|p1b: Pryna|Extreme Speed|p2a: Zarude\n|-damage|p2a: Zarude|0 fnt\n|faint|p2a: Zarude\n|move|p1a: Obsidian|Bitter Blade|p2b: Pelipper\n|-resisted|p2b: Pelipper\n|-damage|p2b: Pelipper|0 fnt\n|-heal|p1a: Obsidian|93\/100|[from] drain|[of] p2b: Pelipper\n|faint|p2b: Pelipper\n|\n|-weather|SunnyDay|[upkeep]\n|upkeep\n|\n|t:|1700350213\n|switch|p2a: Baxcalibur|Baxcalibur, M|100\/100\n|switch|p2b: Cinderace|Cinderace, M|91\/100\n|turn|6\n|l|\u2606gonegeb\n|player|p1|\n|j|\u2606gonegeb\n|player|p1|gonegeb|alain\n|l|\u2606gonegeb\n|player|p1|\n|j|\u2606gonegeb\n|player|p1|gonegeb|alain\n|\n|t:|1700350272\n|-terastallize|p2a: Baxcalibur|Fairy\n|move|p2b: Cinderace|High Jump Kick|p1a: Obsidian\n|-start|p2b: Cinderace|typechange|Fighting|[from] ability: Libero\n|-resisted|p1a: Obsidian\n|-damage|p1a: Obsidian|60\/100\n|-damage|p2b: Cinderace|81\/100|[from] item: Life Orb\n|move|p2a: Baxcalibur|Icicle Spear|p1a: Obsidian\n|-damage|p1a: Obsidian|48\/100\n|-damage|p1a: Obsidian|35\/100\n|-damage|p1a: Obsidian|22\/100\n|-damage|p1a: Obsidian|9\/100\n|-hitcount|p1a: Obsidian|4\n|move|p1b: Pryna|Flare Blitz|p2b: Cinderace\n|-damage|p2b: Cinderace|0 fnt\n|faint|p2b: Cinderace\n|-damage|p1b: Pryna|80\/100|[from] Recoil\n|move|p1a: Obsidian|Bitter Blade|p2a: Baxcalibur\n|-crit|p2a: Baxcalibur\n|-damage|p2a: Baxcalibur|0 fnt\n|-heal|p1a: Obsidian|62\/100|[from] drain|[of] p2a: Baxcalibur\n|faint|p2a: Baxcalibur\n|\n|-weather|SunnyDay|[upkeep]\n|upkeep\n|c|\u2606MattCol|That\u2019s crazy\n|\n|t:|1700350302\n|switch|p2a: Quaquaval|Quaquaval, M|100\/100\n|turn|7\n|\n|t:|1700350318\n|move|p2a: Quaquaval|Aqua Step|p1b: Pryna\n|-supereffective|p1b: Pryna\n|-damage|p1b: Pryna|45\/100\n|-boost|p2a: Quaquaval|spe|1\n|-enditem|p1b: Pryna|Sitrus Berry|[eat]\n|-heal|p1b: Pryna|70\/100|[from] item: Sitrus Berry\n|move|p1b: Pryna|Flare Blitz|p2a: Quaquaval\n|-resisted|p2a: Quaquaval\n|-damage|p2a: Quaquaval|54\/100\n|-status|p2a: Quaquaval|brn\n|-damage|p1b: Pryna|58\/100|[from] Recoil\n|move|p1a: Obsidian|Bitter Blade|p2a: Quaquaval\n|-resisted|p2a: Quaquaval\n|-damage|p2a: Quaquaval|0 fnt\n|-heal|p1a: Obsidian|85\/100|[from] drain|[of] p2a: Quaquaval\n|faint|p2a: Quaquaval\n|\n|win|gonegeb\n|l|\u2606MattCol\n","uploadtime":1700350336,"views":10,"p1id":"gonegeb","p2id":"mattcol","formatid":"gen9doublesou","rating":0,"private":0,"password":""}