{"id":"gen9doublesou-1972098130","p1":"Pohja","p2":"iceandice","format":"[Gen 9] Doubles OU","log":"|j|\u2606Pohja\n|j|\u2606iceandice\n|t:|1697812655\n|gametype|doubles\n|player|p1|Pohja|liza|1051\n|player|p2|iceandice|elesa|1000\n|teamsize|p1|4\n|teamsize|p2|6\n|gen|9\n|tier|[Gen 9] Doubles OU\n|rated|\n|rule|Species Clause: Limit one of each Pok\u00e9mon\n|rule|OHKO Clause: OHKO moves are banned\n|rule|Evasion Moves Clause: Evasion moves are banned\n|rule|Gravity Sleep Clause: The combination of sleep-inducing moves with imperfect accuracy and Gravity or Gigantamax Orbeetle are banned\n|rule|Endless Battle Clause: Forcing endless battles is banned\n|rule|HP Percentage Mod: HP is shown in percentages\n|clearpoke\n|poke|p1|Golduck, F|\n|poke|p1|Polteageist-Antique|\n|poke|p1|Barraskewda, M|\n|poke|p1|Indeedee-F, F|\n|poke|p2|Noivern, M|\n|poke|p2|Maushold-Four|\n|poke|p2|Clefable, F|\n|poke|p2|Blissey, F|\n|poke|p2|Oranguru, M|\n|poke|p2|Ribombee, F|\n|teampreview\n|inactive|Battle timer is ON: inactive players will automatically lose when time's up. (requested by Pohja)\n|j| Marreant\n|\n|t:|1697812667\n|start\n|switch|p1a: Golduck|Golduck, F|100\/100\n|switch|p1b: Polteageist|Polteageist-Antique|100\/100\n|switch|p2a: Oranguru|Oranguru, M|100\/100\n|switch|p2b: Noivern|Noivern, M|100\/100\n|turn|1\n|\n|t:|1697812681\n|move|p2b: Noivern|Boomburst|p1a: Golduck|[spread] p2a,p1a\n|-immune|p1b: Polteageist\n|-damage|p2a: Oranguru|82\/100\n|-damage|p1a: Golduck|63\/100\n|-enditem|p2b: Noivern|Throat Spray\n|-boost|p2b: Noivern|spa|1|[from] item: Throat Spray\n|-activate|p2a: Oranguru|ability: Symbiosis|Leftovers|[of] p2b: Noivern\n|move|p1a: Golduck|Simple Beam|p1b: Polteageist\n|-endability|p1b: Polteageist|Cursed Body|[from] move: Simple Beam\n|-ability|p1b: Polteageist|Simple|[from] move: Simple Beam\n|move|p1b: Polteageist|Shell Smash|p1b: Polteageist\n|-unboost|p1b: Polteageist|def|2\n|-unboost|p1b: Polteageist|spd|2\n|-boost|p1b: Polteageist|atk|4\n|-boost|p1b: Polteageist|spa|4\n|-boost|p1b: Polteageist|spe|4\n|-enditem|p1b: Polteageist|White Herb\n|-clearnegativeboost|p1b: Polteageist|[silent]\n|move|p2a: Oranguru|Instruct|p2b: Noivern\n|-singleturn|p2b: Noivern|move: Instruct|[of] p2a: Oranguru\n|move|p2b: Noivern|Boomburst|p1a: Golduck|[spread] p2a,p1a\n|-immune|p1b: Polteageist\n|-damage|p2a: Oranguru|54\/100\n|-damage|p1a: Golduck|9\/100\n|\n|upkeep\n|turn|2\n|inactive|Pohja has 120 seconds left.\n|\n|t:|1697812724\n|move|p2b: Noivern|Protect|p2b: Noivern\n|-singleturn|p2b: Noivern|Protect\n|move|p1b: Polteageist|Calm Mind|p1b: Polteageist\n|-boost|p1b: Polteageist|spa|2\n|-boost|p1b: Polteageist|spd|2\n|move|p1a: Golduck|Flip Turn|p2b: Noivern\n|-activate|p2b: Noivern|move: Protect\n|move|p2a: Oranguru|Yawn|p1b: Polteageist\n|-start|p1b: Polteageist|move: Yawn|[of] p2a: Oranguru\n|\n|upkeep\n|turn|3\n|inactive|Pohja has 120 seconds left.\n|\n|t:|1697812748\n|-terastallize|p2b: Noivern|Normal\n|move|p2a: Oranguru|Protect|p2a: Oranguru\n|-singleturn|p2a: Oranguru|Protect\n|move|p1b: Polteageist|Stored Power|p2b: Noivern\n|-damage|p2b: Noivern|0 fnt\n|faint|p2b: Noivern\n|move|p1a: Golduck|Encore|p2a: Oranguru\n|-activate|p2a: Oranguru|move: Protect\n|\n|-end|p1b: Polteageist|move: Yawn|[silent]\n|-status|p1b: Polteageist|slp\n|upkeep\n|\n|t:|1697812753\n|switch|p2b: Clefable|Clefable, F|100\/100\n|turn|4\n|\n|t:|1697812784\n|switch|p1a: Indeedee|Indeedee-F, F|100\/100\n|-fieldstart|move: Psychic Terrain|[from] ability: Psychic Surge|[of] p1a: Indeedee\n|switch|p2a: Blissey|Blissey, F|100\/100\n|cant|p1b: Polteageist|slp\n|move|p2b: Clefable|Trick|p1b: Polteageist\n|-activate|p2b: Clefable|move: Trick|[of] p1b: Polteageist\n|-item|p1b: Polteageist|Toxic Orb|[from] move: Trick\n|-enditem|p2b: Clefable|Toxic Orb|[silent]|[from] move: Trick\n|\n|upkeep\n|turn|5\n|\n|t:|1697812805\n|move|p1a: Indeedee|Helping Hand|p1b: Polteageist\n|-singleturn|p1b: Polteageist|Helping Hand|[of] p1a: Indeedee\n|cant|p1b: Polteageist|slp\n|move|p2b: Clefable|Stealth Rock|p1a: Indeedee\n|-sidestart|p1: Pohja|move: Stealth Rock\n|move|p2a: Blissey|Hyper Voice|p1a: Indeedee|[spread] p1a\n|-immune|p1b: Polteageist\n|-damage|p1a: Indeedee|79\/100\n|\n|upkeep\n|turn|6\n|l| Marreant\n|\n|t:|1697812830\n|switch|p2a: Ribombee|Ribombee, F|100\/100\n|move|p1a: Indeedee|Helping Hand|p1b: Polteageist\n|-singleturn|p1b: Polteageist|Helping Hand|[of] p1a: Indeedee\n|-curestatus|p1b: Polteageist|slp|[msg]\n|move|p1b: Polteageist|Stored Power|p2b: Clefable\n|-damage|p2b: Clefable|0 fnt\n|faint|p2b: Clefable\n|\n|-status|p1b: Polteageist|tox|[from] item: Toxic Orb\n|upkeep\n|inactive|iceandice has 120 seconds left.\n|\n|t:|1697812845\n|switch|p2b: Oranguru|Oranguru, M|54\/100\n|turn|7\n|\n|t:|1697812854\n|move|p1a: Indeedee|Helping Hand|p1b: Polteageist\n|-singleturn|p1b: Polteageist|Helping Hand|[of] p1a: Indeedee\n|move|p2b: Oranguru|Protect|p2b: Oranguru\n|-singleturn|p2b: Oranguru|Protect\n|move|p1b: Polteageist|Stored Power|p2a: Ribombee\n|-damage|p2a: Ribombee|0 fnt\n|faint|p2a: Ribombee\n|\n|-damage|p1b: Polteageist|94\/100 tox|[from] psn\n|upkeep\n|\n|t:|1697812869\n|switch|p2a: Maushold|Maushold-Four|100\/100\n|turn|8\n|\n|t:|1697812883\n|switch|p2b: Blissey|Blissey, F|100\/100\n|move|p1a: Indeedee|Helping Hand|p1b: Polteageist\n|-singleturn|p1b: Polteageist|Helping Hand|[of] p1a: Indeedee\n|move|p1b: Polteageist|Stored Power|p2a: Maushold\n|-damage|p2a: Maushold|0 fnt\n|faint|p2a: Maushold\n|\n|-damage|p1b: Polteageist|82\/100 tox|[from] psn\n|-fieldend|move: Psychic Terrain\n|upkeep\n|\n|t:|1697812894\n|switch|p2a: Oranguru|Oranguru, M|54\/100\n|turn|9\n|\n|t:|1697812900\n|move|p1a: Indeedee|Helping Hand|p1b: Polteageist\n|-singleturn|p1b: Polteageist|Helping Hand|[of] p1a: Indeedee\n|move|p1b: Polteageist|Stored Power|p2b: Blissey\n|-damage|p2b: Blissey|0 fnt\n|faint|p2b: Blissey\n|move|p2a: Oranguru|Instruct|p2: Blissey|[notarget]\n|-fail|p2a: Oranguru\n|\n|-damage|p1b: Polteageist|64\/100 tox|[from] psn\n|upkeep\n|turn|10\n|\n|t:|1697812913\n|move|p1a: Indeedee|Helping Hand|p1b: Polteageist\n|-singleturn|p1b: Polteageist|Helping Hand|[of] p1a: Indeedee\n|move|p2a: Oranguru|Protect|p2a: Oranguru\n|-singleturn|p2a: Oranguru|Protect\n|move|p1b: Polteageist|Stored Power|p2a: Oranguru\n|-activate|p2a: Oranguru|move: Protect\n|\n|-damage|p1b: Polteageist|39\/100 tox|[from] psn\n|upkeep\n|turn|11\n|\n|t:|1697812924\n|move|p1a: Indeedee|Helping Hand|p1b: Polteageist\n|-singleturn|p1b: Polteageist|Helping Hand|[of] p1a: Indeedee\n|move|p2a: Oranguru|Protect||[still]\n|-fail|p2a: Oranguru\n|move|p1b: Polteageist|Stored Power|p2a: Oranguru\n|-resisted|p2a: Oranguru\n|-damage|p2a: Oranguru|0 fnt\n|faint|p2a: Oranguru\n|\n|win|Pohja\n|raw|Pohja's rating: 1051 &rarr; <strong>1079<\/strong><br \/>(+28 for winning)\n|raw|iceandice's rating: 1000 &rarr; <strong>1000<\/strong><br \/>(+0 for losing)\n|l|\u2606iceandice\n","uploadtime":1697812957,"views":18,"p1id":"pohja","p2id":"iceandice","formatid":"gen9doublesou","rating":1000,"private":0,"password":""}