{"id":"gen9doublesou-1995245183","p1":"vegetasfeet","p2":"Xerxeous","format":"[Gen 9] Doubles OU","log":"|j|\u2606vegetasfeet\n|j|\u2606Xerxeous\n|t:|1700539435\n|gametype|doubles\n|player|p1|vegetasfeet|teamrocket|1345\n|player|p2|Xerxeous|psychic-gen3rs|1219\n|teamsize|p1|6\n|teamsize|p2|6\n|gen|9\n|tier|[Gen 9] Doubles OU\n|rated|\n|rule|Species Clause: Limit one of each Pok\u00e9mon\n|rule|OHKO Clause: OHKO moves are banned\n|rule|Evasion Moves Clause: Evasion moves are banned\n|rule|Gravity Sleep Clause: The combination of sleep-inducing moves with imperfect accuracy and Gravity or Gigantamax Orbeetle are banned\n|rule|Endless Battle Clause: Forcing endless battles is banned\n|rule|HP Percentage Mod: HP is shown in percentages\n|clearpoke\n|poke|p1|Dragapult, F|\n|poke|p1|Tinkaton, F|\n|poke|p1|Iron Bundle|\n|poke|p1|Landorus-Therian, M|\n|poke|p1|Goodra-Hisui, F|\n|poke|p1|Ogerpon-Wellspring, F|\n|poke|p2|Shiftry, F|\n|poke|p2|Indeedee-F, F|\n|poke|p2|Armarouge, F|\n|poke|p2|Hatterene, F|\n|poke|p2|Espathra, M|\n|poke|p2|Gallade, M|\n|teampreview\n|inactive|Battle timer is ON: inactive players will automatically lose when time's up. (requested by vegetasfeet)\n|inactive|vegetasfeet has 120 seconds left.\n|\n|t:|1700539466\n|start\n|switch|p1a: Dragapult|Dragapult, F, shiny|100\/100\n|switch|p1b: Tinkaton|Tinkaton, F, shiny|100\/100\n|switch|p2a: Eustace|Shiftry, F, shiny|100\/100\n|switch|p2b: Muriel|Indeedee-F, F, shiny|100\/100\n|-fieldstart|move: Psychic Terrain|[from] ability: Psychic Surge|[of] p2b: Muriel\n|turn|1\n|\n|t:|1700539476\n|move|p1a: Dragapult|U-turn|p2a: Eustace\n|-supereffective|p2a: Eustace\n|-enditem|p2a: Eustace|Focus Sash\n|-damage|p2a: Eustace|1\/100\n|\n|t:|1700539481\n|switch|p1a: Goodra|Goodra-Hisui, F, shiny|100\/100|[from] U-turn\n|move|p1b: Tinkaton|Gigaton Hammer|p2b: Muriel\n|-damage|p2b: Muriel|24\/100\n|move|p2b: Muriel|Reflect|p2b: Muriel\n|-sidestart|p2: Xerxeous|Reflect\n|move|p2a: Eustace|Tailwind|p2a: Eustace\n|-sidestart|p2: Xerxeous|move: Tailwind\n|-ability|p2a: Eustace|Wind Rider|boost\n|-boost|p2a: Eustace|atk|1\n|\n|upkeep\n|turn|2\n|\n|t:|1700539499\n|move|p1b: Tinkaton|Protect|p1b: Tinkaton\n|-singleturn|p1b: Tinkaton|Protect\n|move|p2b: Muriel|Psychic|p1a: Goodra\n|-resisted|p1a: Goodra\n|-damage|p1a: Goodra|87\/100\n|move|p2a: Eustace|Explosion|p1a: Goodra|[spread] p2b,p1a\n|-activate|p1b: Tinkaton|move: Protect\n|-resisted|p1a: Goodra\n|-damage|p2b: Muriel|0 fnt\n|-damage|p1a: Goodra|58\/100\n|faint|p2a: Eustace\n|faint|p2b: Muriel\n|move|p1a: Goodra|Acid Armor|p1a: Goodra\n|-boost|p1a: Goodra|def|2\n|\n|-heal|p1a: Goodra|64\/100|[from] item: Leftovers\n|upkeep\n|\n|t:|1700539516\n|switch|p2b: Henry|Gallade, M|100\/100\n|switch|p2a: Courage|Armarouge, F, shiny|100\/100\n|turn|3\n|\n|t:|1700539536\n|switch|p1b: Landorus|Landorus-Therian, M, shiny|100\/100\n|-ability|p1b: Landorus|Intimidate|boost\n|-unboost|p2a: Courage|atk|1\n|-unboost|p2b: Henry|atk|1\n|move|p1a: Goodra|Protect|p1a: Goodra\n|-singleturn|p1a: Goodra|Protect\n|move|p2b: Henry|Sacred Sword|p1a: Goodra\n|-activate|p1a: Goodra|move: Protect\n|move|p2a: Courage|Armor Cannon|p1b: Landorus\n|-damage|p1b: Landorus|21\/100\n|-unboost|p2a: Courage|def|1\n|-unboost|p2a: Courage|spd|1\n|\n|-heal|p1a: Goodra|70\/100|[from] item: Leftovers\n|upkeep\n|turn|4\n|\n|t:|1700539564\n|-terastallize|p1a: Goodra|Flying\n|move|p2b: Henry|Sacred Sword|p1a: Goodra\n|-resisted|p1a: Goodra\n|-damage|p1a: Goodra|53\/100\n|move|p1b: Landorus|Stealth Rock|p2b: Henry\n|-sidestart|p2: Xerxeous|move: Stealth Rock\n|move|p2a: Courage|Expanding Force|p1a: Goodra|[spread] p1a,p1b\n|-damage|p1a: Goodra|11\/100\n|-damage|p1b: Landorus|0 fnt\n|faint|p1b: Landorus\n|move|p1a: Goodra|Heavy Slam|p2b: Henry\n|-damage|p2b: Henry|55\/100\n|\n|-heal|p1a: Goodra|17\/100|[from] item: Leftovers\n|-sideend|p2: Xerxeous|move: Tailwind\n|upkeep\n|inactive|vegetasfeet has 120 seconds left.\n|\n|t:|1700539587\n|switch|p1b: Dragapult|Dragapult, F, shiny|100\/100\n|turn|5\n|\n|t:|1700539592\n|move|p1a: Goodra|Protect|p1a: Goodra\n|-singleturn|p1a: Goodra|Protect\n|move|p2b: Henry|Sacred Sword|p1a: Goodra\n|-activate|p1a: Goodra|move: Protect\n|move|p1b: Dragapult|Phantom Force||[still]\n|-prepare|p1b: Dragapult|Phantom Force\n|move|p2a: Courage|Expanding Force|p1a: Goodra|[spread] \n|-miss|p2a: Courage|p1b: Dragapult\n|-activate|p1a: Goodra|move: Protect\n|\n|-heal|p1a: Goodra|24\/100|[from] item: Leftovers\n|-sideend|p2: Xerxeous|Reflect\n|-fieldend|move: Psychic Terrain\n|upkeep\n|turn|6\n|\n|t:|1700539606\n|switch|p1a: Tinkaton|Tinkaton, F, shiny|100\/100\n|move|p2b: Henry|Sacred Sword|p1a: Tinkaton\n|-damage|p1a: Tinkaton|34\/100\n|move|p1b: Dragapult|Phantom Force|p2a: Courage|[from]lockedmove\n|-supereffective|p2a: Courage\n|-damage|p2a: Courage|0 fnt\n|faint|p2a: Courage\n|\n|-heal|p1a: Tinkaton|40\/100|[from] item: Leftovers\n|upkeep\n|\n|t:|1700539609\n|switch|p2a: Anamay|Espathra, M, shiny|100\/100\n|-damage|p2a: Anamay|88\/100|[from] Stealth Rock\n|turn|7\n|\n|t:|1700539620\n|move|p2a: Anamay|Protect|p2a: Anamay\n|-singleturn|p2a: Anamay|Protect\n|move|p1a: Tinkaton|Fake Out|p2b: Henry\n|-damage|p2b: Henry|37\/100\n|cant|p2b: Henry|flinch\n|move|p1b: Dragapult|Phantom Force||[still]\n|-prepare|p1b: Dragapult|Phantom Force\n|\n|-heal|p1a: Tinkaton|46\/100|[from] item: Leftovers\n|-ability|p2a: Anamay|Speed Boost|boost\n|-boost|p2a: Anamay|spe|1\n|upkeep\n|turn|8\n|\n|t:|1700539638\n|-terastallize|p2a: Anamay|Fairy\n|move|p1a: Tinkaton|Protect|p1a: Tinkaton\n|-singleturn|p1a: Tinkaton|Protect\n|move|p2a: Anamay|Shadow Ball|p1b: Dragapult|[miss]\n|-miss|p2a: Anamay|p1b: Dragapult\n|move|p2b: Henry|Sacred Sword|p1a: Tinkaton\n|-activate|p1a: Tinkaton|move: Protect\n|move|p1b: Dragapult|Phantom Force|p2a: Anamay|[from]lockedmove\n|-damage|p2a: Anamay|0 fnt\n|faint|p2a: Anamay\n|\n|-heal|p1a: Tinkaton|52\/100|[from] item: Leftovers\n|upkeep\n|\n|t:|1700539642\n|switch|p2a: Ma Bagge|Hatterene, F|100\/100\n|-damage|p2a: Ma Bagge|88\/100|[from] Stealth Rock\n|turn|9\n|c|\u2606Xerxeous|gg\n|c|\u2606vegetasfeet|gg\n|\n|t:|1700539657\n|switch|p1a: Ogerpon|Ogerpon-Wellspring, F|100\/100\n|move|p2b: Henry|Sacred Sword|p1a: Ogerpon\n|-damage|p1a: Ogerpon|43\/100\n|move|p1b: Dragapult|Phantom Force||[still]\n|-prepare|p1b: Dragapult|Phantom Force\n|move|p2a: Ma Bagge|Mystical Fire|p1a: Ogerpon\n|-damage|p1a: Ogerpon|6\/100\n|-unboost|p1a: Ogerpon|spa|1\n|\n|-heal|p2a: Ma Bagge|94\/100|[from] item: Leftovers\n|upkeep\n|turn|10\n|\n|t:|1700539672\n|move|p2b: Henry|Sacred Sword|p1a: Ogerpon\n|-damage|p1a: Ogerpon|0 fnt\n|faint|p1a: Ogerpon\n|move|p1b: Dragapult|Phantom Force|p2a: Ma Bagge|[from]lockedmove\n|-supereffective|p2a: Ma Bagge\n|-damage|p2a: Ma Bagge|0 fnt\n|faint|p2a: Ma Bagge\n|\n|upkeep\n|\n|t:|1700539680\n|switch|p1a: Tinkaton|Tinkaton, F, shiny|52\/100\n|turn|11\n|\n|t:|1700539683\n|move|p1a: Tinkaton|Fake Out|p2b: Henry\n|-damage|p2b: Henry|20\/100\n|cant|p2b: Henry|flinch\n|move|p1b: Dragapult|Phantom Force||[still]\n|-prepare|p1b: Dragapult|Phantom Force\n|\n|-heal|p1a: Tinkaton|58\/100|[from] item: Leftovers\n|upkeep\n|turn|12\n|c|\u2606Xerxeous|gg\n|\n|t:|1700539691\n|move|p1a: Tinkaton|Protect|p1a: Tinkaton\n|-singleturn|p1a: Tinkaton|Protect\n|move|p2b: Henry|Sacred Sword|p1a: Tinkaton\n|-activate|p1a: Tinkaton|move: Protect\n|move|p1b: Dragapult|Phantom Force|p2b: Henry|[from]lockedmove\n|-supereffective|p2b: Henry\n|-damage|p2b: Henry|0 fnt\n|faint|p2b: Henry\n|\n|win|vegetasfeet\n|raw|vegetasfeet's rating: 1345 &rarr; <strong>1358<\/strong><br \/>(+13 for winning)\n|raw|Xerxeous's rating: 1219 &rarr; <strong>1203<\/strong><br \/>(-16 for losing)\n|l|\u2606Xerxeous\n|c|\u2606vegetasfeet|gg\n","uploadtime":1700539697,"views":3,"p1id":"vegetasfeet","p2id":"xerxeous","formatid":"gen9doublesou","rating":1203,"private":0,"password":""}