{"id":"gen9doublesou-1994453844","p1":"robbym77","p2":"hysali30","format":"[Gen 9] Doubles OU","log":"|j|\u2606robbym77\n|j|\u2606hysali30\n|t:|1700445710\n|gametype|doubles\n|player|p1|robbym77|169|1114\n|player|p2|hysali30|dancer|1149\n|teamsize|p1|6\n|teamsize|p2|6\n|gen|9\n|tier|[Gen 9] Doubles OU\n|rated|\n|rule|Species Clause: Limit one of each Pok\u00e9mon\n|rule|OHKO Clause: OHKO moves are banned\n|rule|Evasion Moves Clause: Evasion moves are banned\n|rule|Gravity Sleep Clause: The combination of sleep-inducing moves with imperfect accuracy and Gravity or Gigantamax Orbeetle are banned\n|rule|Endless Battle Clause: Forcing endless battles is banned\n|rule|HP Percentage Mod: HP is shown in percentages\n|clearpoke\n|poke|p1|Torkoal, M|\n|poke|p1|Rillaboom, F|\n|poke|p1|Clefairy, M|\n|poke|p1|Farigiraf, M|\n|poke|p1|Landorus-Therian, M|\n|poke|p1|Iron Hands|\n|poke|p2|Dachsbun, M|\n|poke|p2|Farigiraf, M|\n|poke|p2|Skeledirge, F|\n|poke|p2|Corviknight, M|\n|poke|p2|Gastrodon-East, M|\n|poke|p2|Overqwil, F|\n|teampreview\n|inactive|Battle timer is ON: inactive players will automatically lose when time's up. (requested by hysali30)\n|inactive|robbym77 has 120 seconds left.\n|\n|t:|1700445744\n|start\n|switch|p1a: Torkoal|Torkoal, M|100\/100\n|switch|p1b: Rillaboom|Rillaboom, F|100\/100\n|switch|p2a: Corviknight|Corviknight, M|100\/100\n|switch|p2b: Skeledirge|Skeledirge, F|100\/100\n|-fieldstart|move: Grassy Terrain|[from] ability: Grassy Surge|[of] p1b: Rillaboom\n|-weather|SunnyDay|[from] ability: Drought|[of] p1a: Torkoal\n|turn|1\n|\n|t:|1700445762\n|switch|p2a: Dachsbun|Dachsbun, M|100\/100\n|move|p1b: Rillaboom|Fake Out|p2b: Skeledirge\n|-immune|p2b: Skeledirge\n|move|p2b: Skeledirge|Will-O-Wisp|p1b: Rillaboom\n|-status|p1b: Rillaboom|brn\n|move|p1a: Torkoal|Eruption|p2a: Dachsbun|[spread] p2b\n|-ability|p2a: Dachsbun|Well-Baked Body|boost\n|-boost|p2a: Dachsbun|def|2\n|-resisted|p2b: Skeledirge\n|-damage|p2b: Skeledirge|68\/100\n|\n|-weather|SunnyDay|[upkeep]\n|-heal|p2b: Skeledirge|75\/100|[from] Grassy Terrain\n|-damage|p1b: Rillaboom|94\/100 brn|[from] brn\n|upkeep\n|turn|2\n|inactive|hysali30 has 120 seconds left.\n|\n|t:|1700445799\n|move|p2a: Dachsbun|Body Press|p1a: Torkoal\n|-damage|p1a: Torkoal|54\/100\n|move|p1b: Rillaboom|U-turn|p2a: Dachsbun\n|-resisted|p2a: Dachsbun\n|-damage|p2a: Dachsbun|99\/100\n|-damage|p1b: Rillaboom|78\/100 brn|[from] item: Rocky Helmet|[of] p2a: Dachsbun\n|inactive|robbym77 has 120 seconds left.\n|\n|t:|1700445811\n|switch|p1b: Landorus|Landorus-Therian, M|100\/100|[from] U-turn\n|-ability|p1b: Landorus|Intimidate|boost\n|-unboost|p2a: Dachsbun|atk|1\n|-unboost|p2b: Skeledirge|atk|1\n|move|p2b: Skeledirge|Torch Song|p1b: Landorus\n|-damage|p1b: Landorus|69\/100\n|-boost|p2b: Skeledirge|spa|1\n|move|p1a: Torkoal|Solar Beam||[still]\n|-prepare|p1a: Torkoal|Solar Beam\n|-anim|p1a: Torkoal|Solar Beam|p2a: Dachsbun\n|-damage|p2a: Dachsbun|40\/100\n|\n|-weather|SunnyDay|[upkeep]\n|-heal|p2a: Dachsbun|46\/100|[from] Grassy Terrain\n|-heal|p2b: Skeledirge|81\/100|[from] Grassy Terrain\n|-heal|p1a: Torkoal|60\/100|[from] Grassy Terrain\n|upkeep\n|turn|3\n|inactive|robbym77 has 120 seconds left.\n|\n|t:|1700445847\n|-terastallize|p2b: Skeledirge|Fairy\n|move|p1b: Landorus|Rock Slide|p2a: Dachsbun|[spread] p2a,p2b\n|-crit|p2b: Skeledirge\n|-damage|p2a: Dachsbun|38\/100\n|-damage|p2b: Skeledirge|56\/100\n|move|p2a: Dachsbun|Wish|p2a: Dachsbun\n|move|p2b: Skeledirge|Will-O-Wisp|p1b: Landorus\n|-status|p1b: Landorus|brn\n|move|p1a: Torkoal|Solar Beam||[still]\n|-prepare|p1a: Torkoal|Solar Beam\n|-anim|p1a: Torkoal|Solar Beam|p2a: Dachsbun\n|-damage|p2a: Dachsbun|0 fnt\n|faint|p2a: Dachsbun\n|\n|-weather|SunnyDay|[upkeep]\n|-heal|p2b: Skeledirge|62\/100|[from] Grassy Terrain\n|-heal|p1a: Torkoal|66\/100|[from] Grassy Terrain\n|-damage|p1b: Landorus|63\/100 brn|[from] brn\n|upkeep\n|inactive|hysali30 has 120 seconds left.\n|\n|t:|1700445865\n|switch|p2a: Overqwil|Overqwil, F|100\/100\n|turn|4\n|\n|t:|1700445880\n|move|p2a: Overqwil|Barb Barrage|p1a: Torkoal\n|-damage|p1a: Torkoal|43\/100\n|move|p1b: Landorus|U-turn|p2a: Overqwil\n|-damage|p2a: Overqwil|83\/100\n|\n|t:|1700445892\n|switch|p1b: Farigiraf|Farigiraf, M|100\/100|[from] U-turn\n|move|p2b: Skeledirge|Torch Song|p1b: Farigiraf\n|-damage|p1b: Farigiraf|28\/100\n|-boost|p2b: Skeledirge|spa|1\n|-enditem|p1b: Farigiraf|Sitrus Berry|[eat]\n|-heal|p1b: Farigiraf|53\/100|[from] item: Sitrus Berry\n|move|p1a: Torkoal|Solar Beam||[still]\n|-prepare|p1a: Torkoal|Solar Beam\n|-anim|p1a: Torkoal|Solar Beam|p2b: Skeledirge\n|-damage|p2b: Skeledirge|25\/100\n|\n|-weather|SunnyDay|[upkeep]\n|-heal|p2a: Overqwil|100\/100|[from] move: Wish|[wisher] Dachsbun\n|-heal|p2b: Skeledirge|31\/100|[from] Grassy Terrain\n|-heal|p1b: Farigiraf|59\/100|[from] Grassy Terrain\n|-heal|p1a: Torkoal|48\/100|[from] Grassy Terrain\n|upkeep\n|turn|5\n|inactive|robbym77 has 120 seconds left.\n|\n|t:|1700445925\n|move|p2a: Overqwil|Barb Barrage|p1a: Torkoal\n|-crit|p1a: Torkoal\n|-damage|p1a: Torkoal|12\/100\n|-status|p1a: Torkoal|psn\n|move|p2b: Skeledirge|Slack Off|p2b: Skeledirge\n|-heal|p2b: Skeledirge|81\/100\n|move|p1a: Torkoal|Solar Beam||[still]\n|-prepare|p1a: Torkoal|Solar Beam\n|-anim|p1a: Torkoal|Solar Beam|p2b: Skeledirge\n|-damage|p2b: Skeledirge|47\/100\n|move|p1b: Farigiraf|Trick Room|p1b: Farigiraf\n|-fieldstart|move: Trick Room|[of] p1b: Farigiraf\n|\n|-weather|none\n|-heal|p1a: Torkoal|18\/100 psn|[from] Grassy Terrain\n|-heal|p1b: Farigiraf|65\/100|[from] Grassy Terrain\n|-heal|p2b: Skeledirge|53\/100|[from] Grassy Terrain\n|-damage|p1a: Torkoal|6\/100 psn|[from] psn\n|-fieldend|move: Grassy Terrain\n|upkeep\n|turn|6\n|\n|t:|1700445952\n|switch|p1b: Iron Hands|Iron Hands|100\/100\n|move|p2a: Overqwil|Aqua Jet|p1a: Torkoal\n|-supereffective|p1a: Torkoal\n|-damage|p1a: Torkoal|0 fnt\n|faint|p1a: Torkoal\n|move|p2b: Skeledirge|Torch Song|p1b: Iron Hands\n|-damage|p1b: Iron Hands|72\/100\n|-boost|p2b: Skeledirge|spa|1\n|\n|upkeep\n|inactive|robbym77 has 120 seconds left.\n|\n|t:|1700445967\n|switch|p1a: Landorus|Landorus-Therian, M|63\/100 brn\n|-ability|p1a: Landorus|Intimidate|boost\n|-unboost|p2a: Overqwil|atk|1\n|-enditem|p2a: Overqwil|Adrenaline Orb\n|-boost|p2a: Overqwil|spe|1|[from] item: Adrenaline Orb\n|-unboost|p2b: Skeledirge|atk|1\n|turn|7\n|inactive|robbym77 has 120 seconds left.\n|\n|t:|1700446004\n|switch|p1a: Clefairy|Clefairy, M|100\/100\n|move|p1b: Iron Hands|Fake Out|p2a: Overqwil\n|-damage|p2a: Overqwil|81\/100\n|cant|p2a: Overqwil|flinch\n|move|p2b: Skeledirge|Torch Song|p1a: Clefairy\n|-damage|p1a: Clefairy|43\/100\n|-boost|p2b: Skeledirge|spa|1\n|\n|upkeep\n|turn|8\n|inactive|robbym77 has 120 seconds left.\n|inactive|hysali30 has 120 seconds left.\n|inactive|robbym77 has 90 seconds left.\n|inactive|hysali30 has 90 seconds left.\n|\n|t:|1700446079\n|move|p1a: Clefairy|Heal Pulse|p1b: Iron Hands\n|-heal|p1b: Iron Hands|100\/100\n|move|p1b: Iron Hands|Wild Charge|p2b: Skeledirge\n|-damage|p2b: Skeledirge|14\/100\n|-damage|p1b: Iron Hands|92\/100|[from] Recoil\n|move|p2b: Skeledirge|Torch Song|p1a: Clefairy\n|-damage|p1a: Clefairy|0 fnt\n|-boost|p2b: Skeledirge|spa|1\n|faint|p1a: Clefairy\n|move|p2a: Overqwil|Barb Barrage|p1b: Iron Hands\n|-damage|p1b: Iron Hands|77\/100\n|\n|upkeep\n|\n|t:|1700446108\n|switch|p1a: Rillaboom|Rillaboom, F|78\/100 brn\n|-fieldstart|move: Grassy Terrain|[from] ability: Grassy Surge|[of] p1a: Rillaboom\n|turn|9\n|inactive|hysali30 has 90 seconds left.\n|\n|t:|1700446140\n|move|p1a: Rillaboom|Fake Out|p2b: Skeledirge\n|-damage|p2b: Skeledirge|9\/100\n|move|p1b: Iron Hands|Drain Punch|p2a: Overqwil\n|-damage|p2a: Overqwil|28\/100\n|-heal|p1b: Iron Hands|95\/100|[from] drain|[of] p2a: Overqwil\n|-status|p1b: Iron Hands|psn|[from] ability: Poison Point|[of] p2a: Overqwil\n|cant|p2b: Skeledirge|flinch\n|move|p2a: Overqwil|Barb Barrage|p1a: Rillaboom\n|-supereffective|p1a: Rillaboom\n|-damage|p1a: Rillaboom|46\/100 brn\n|\n|-heal|p1b: Iron Hands|100\/100 psn|[from] Grassy Terrain\n|-heal|p2b: Skeledirge|15\/100|[from] Grassy Terrain\n|-heal|p1a: Rillaboom|52\/100 brn|[from] Grassy Terrain\n|-heal|p2a: Overqwil|35\/100|[from] Grassy Terrain\n|-damage|p1b: Iron Hands|88\/100 psn|[from] psn\n|-damage|p1a: Rillaboom|46\/100 brn|[from] brn\n|-fieldend|move: Trick Room\n|upkeep\n|turn|10\n|inactive|robbym77 has 90 seconds left.\n|inactive|hysali30 has 90 seconds left.\n|\n|t:|1700446163\n|move|p1a: Rillaboom|Grassy Glide|p2b: Skeledirge\n|-damage|p2b: Skeledirge|1\/100\n|move|p2a: Overqwil|Barb Barrage|p1b: Iron Hands\n|-damage|p1b: Iron Hands|61\/100 psn\n|move|p2b: Skeledirge|Torch Song|p1a: Rillaboom\n|-supereffective|p1a: Rillaboom\n|-damage|p1a: Rillaboom|0 fnt\n|-boost|p2b: Skeledirge|spa|1\n|faint|p1a: Rillaboom\n|move|p1b: Iron Hands|Drain Punch|p2a: Overqwil\n|-damage|p2a: Overqwil|0 fnt\n|-heal|p1b: Iron Hands|73\/100 psn|[from] drain|[of] p2a: Overqwil\n|faint|p2a: Overqwil\n|\n|-heal|p2b: Skeledirge|7\/100|[from] Grassy Terrain\n|-heal|p1b: Iron Hands|79\/100 psn|[from] Grassy Terrain\n|-damage|p1b: Iron Hands|67\/100 psn|[from] psn\n|upkeep\n|inactive|robbym77 has 90 seconds left.\n|inactive|hysali30 has 90 seconds left.\n|\n|t:|1700446194\n|switch|p2a: Corviknight|Corviknight, M|100\/100\n|switch|p1a: Farigiraf|Farigiraf, M|65\/100\n|turn|11\n|inactive|robbym77 has 90 seconds left.\n|\n|t:|1700446218\n|switch|p2a: Gastrodon|Gastrodon-East, M, shiny|100\/100\n|move|p2b: Skeledirge|Torch Song|p1a: Farigiraf\n|-damage|p1a: Farigiraf|0 fnt\n|faint|p1a: Farigiraf\n|move|p1b: Iron Hands|Wild Charge|p2a: Gastrodon\n|-immune|p2a: Gastrodon\n|\n|-heal|p2b: Skeledirge|13\/100|[from] Grassy Terrain\n|-heal|p1b: Iron Hands|73\/100 psn|[from] Grassy Terrain\n|-damage|p1b: Iron Hands|61\/100 psn|[from] psn\n|upkeep\n|\n|t:|1700446226\n|switch|p1a: Landorus|Landorus-Therian, M|63\/100 brn\n|-ability|p1a: Landorus|Intimidate|boost\n|-unboost|p2a: Gastrodon|atk|1\n|-unboost|p2b: Skeledirge|atk|1\n|turn|12\n|inactive|hysali30 has 120 seconds left.\n|\n|t:|1700446243\n|move|p1a: Landorus|Rock Slide|p2a: Gastrodon|[spread] p2a,p2b\n|-resisted|p2a: Gastrodon\n|-damage|p2a: Gastrodon|95\/100\n|-damage|p2b: Skeledirge|4\/100\n|move|p2b: Skeledirge|Torch Song|p1b: Iron Hands\n|-damage|p1b: Iron Hands|0 fnt\n|faint|p1b: Iron Hands\n|-end|p1b: Iron Hands|Quark Drive|[silent]\n|move|p2a: Gastrodon|Hydro Pump|p1a: Landorus\n|-supereffective|p1a: Landorus\n|-damage|p1a: Landorus|8\/100 brn\n|\n|-heal|p2b: Skeledirge|11\/100|[from] Grassy Terrain\n|-heal|p2a: Gastrodon|100\/100|[from] Grassy Terrain\n|-damage|p1a: Landorus|2\/100 brn|[from] brn\n|upkeep\n|turn|13\n|inactive|robbym77 has 120 seconds left.\n|inactive|hysali30 has 120 seconds left.\n|c|\u2606robbym77|gg\n|\n|t:|1700446264\n|switch|p2b: Corviknight|Corviknight, M|100\/100\n|move|p1a: Landorus|Rock Slide|p2b: Corviknight|[spread] p2b\n|-miss|p1a: Landorus|p2a: Gastrodon\n|-damage|p2b: Corviknight|93\/100\n|move|p2a: Gastrodon|Acid Armor|p2a: Gastrodon\n|-boost|p2a: Gastrodon|def|2\n|\n|-damage|p1a: Landorus|0 fnt|[from] brn\n|faint|p1a: Landorus\n|\n|win|hysali30\n|upkeep\n|raw|robbym77's rating: 1114 &rarr; <strong>1092<\/strong><br \/>(-22 for losing)\n|raw|hysali30's rating: 1149 &rarr; <strong>1171<\/strong><br \/>(+22 for winning)\n|c|\u2606hysali30|Gg\n|l|\u2606robbym77\n","uploadtime":1700446282,"views":3,"p1id":"robbym77","p2id":"hysali30","formatid":"gen9doublesou","rating":1092,"private":0,"password":""}