{"id":"gen9doublesou-1983924430","p1":"spikeyhair","p2":"Wisdom1472","format":"[Gen 9] Doubles OU","log":"|j|\u2606spikeyhair\n|j|\u2606Wisdom1472\n|t:|1699200530\n|gametype|doubles\n|player|p1|spikeyhair|cynthia|1186\n|player|p2|Wisdom1472|swimmer|1161\n|teamsize|p1|6\n|teamsize|p2|6\n|gen|9\n|tier|[Gen 9] Doubles OU\n|rated|\n|rule|Species Clause: Limit one of each Pok\u00e9mon\n|rule|OHKO Clause: OHKO moves are banned\n|rule|Evasion Moves Clause: Evasion moves are banned\n|rule|Gravity Sleep Clause: The combination of sleep-inducing moves with imperfect accuracy and Gravity or Gigantamax Orbeetle are banned\n|rule|Endless Battle Clause: Forcing endless battles is banned\n|rule|HP Percentage Mod: HP is shown in percentages\n|clearpoke\n|poke|p1|Sinistcha-Masterpiece|\n|poke|p1|Iron Hands|\n|poke|p1|Indeedee-F, F|\n|poke|p1|Ursaluna, F|\n|poke|p1|Amoonguss, F|\n|poke|p1|Heatran, F|\n|poke|p2|Glimmora, M|\n|poke|p2|Sinistcha|\n|poke|p2|Ursaluna-Bloodmoon, M|\n|poke|p2|Okidogi, M|\n|poke|p2|Flutter Mane|\n|poke|p2|Kommo-o, F|\n|teampreview\n|\n|t:|1699200551\n|start\n|switch|p1a: Indeedee|Indeedee-F, F|100\/100\n|switch|p1b: Heatran|Heatran, F|100\/100\n|switch|p2a: Tea time|Sinistcha|100\/100\n|switch|p2b: Bowow|Okidogi, M|100\/100\n|-fieldstart|move: Psychic Terrain|[from] ability: Psychic Surge|[of] p1a: Indeedee\n|turn|1\n|\n|t:|1699200569\n|-terastallize|p2a: Tea time|Water\n|move|p2a: Tea time|Rage Powder|p2a: Tea time\n|-singleturn|p2a: Tea time|move: Rage Powder\n|move|p2b: Bowow|Drain Punch|p1b: Heatran\n|-supereffective|p1b: Heatran\n|-damage|p1b: Heatran|29\/100\n|move|p1b: Heatran|Heat Wave|p2b: Bowow|[spread] p2a,p2b\n|-resisted|p2a: Tea time\n|-damage|p2a: Tea time|76\/100\n|-damage|p2b: Bowow|74\/100\n|move|p1a: Indeedee|Trick Room|p1a: Indeedee\n|-fieldstart|move: Trick Room|[of] p1a: Indeedee\n|\n|-heal|p2a: Tea time|82\/100|[from] item: Leftovers\n|upkeep\n|turn|2\n|\n|t:|1699200606\n|switch|p1b: Amoonguss|Amoonguss, F|100\/100\n|switch|p2b: Glimmorbin time|Glimmora, M|100\/100\n|-item|p2b: Glimmorbin time|Air Balloon\n|move|p1a: Indeedee|Psychic|p2b: Glimmorbin time\n|-supereffective|p2b: Glimmorbin time\n|-damage|p2b: Glimmorbin time|11\/100\n|-enditem|p2b: Glimmorbin time|Air Balloon\n|move|p2a: Tea time|Trick Room|p2a: Tea time\n|-fieldend|move: Trick Room\n|\n|-heal|p2a: Tea time|88\/100|[from] item: Leftovers\n|upkeep\n|turn|3\n|\n|t:|1699200644\n|switch|p2a: Kommo-o|Kommo-o, F|100\/100\n|move|p2b: Glimmorbin time|Sludge Bomb|p1a: Indeedee\n|-damage|p1a: Indeedee|56\/100\n|-status|p1a: Indeedee|psn\n|move|p1b: Amoonguss|Spore|p2a: Kommo-o\n|-immune|p2a: Kommo-o|[from] ability: Overcoat\n|move|p1a: Indeedee|Trick Room|p1a: Indeedee\n|-fieldstart|move: Trick Room|[of] p1a: Indeedee\n|\n|-damage|p1a: Indeedee|43\/100 psn|[from] psn\n|upkeep\n|turn|4\n|\n|t:|1699200667\n|move|p1b: Amoonguss|Pollen Puff|p1a: Indeedee\n|-heal|p1a: Indeedee|93\/100 psn\n|move|p1a: Indeedee|Psychic|p2a: Kommo-o\n|-supereffective|p2a: Kommo-o\n|-damage|p2a: Kommo-o|20\/100\n|move|p2b: Glimmorbin time|Stealth Rock|p1a: Indeedee\n|-sidestart|p1: spikeyhair|move: Stealth Rock\n|move|p2a: Kommo-o|Ice Punch|p1b: Amoonguss\n|-supereffective|p1b: Amoonguss\n|-damage|p1b: Amoonguss|50\/100\n|\n|-heal|p1b: Amoonguss|56\/100|[from] item: Black Sludge\n|-heal|p2a: Kommo-o|26\/100|[from] item: Leftovers\n|-damage|p1a: Indeedee|81\/100 psn|[from] psn\n|upkeep\n|turn|5\n|\n|t:|1699200705\n|switch|p1b: Ursaluna|Ursaluna, F|100\/100\n|-damage|p1b: Ursaluna|94\/100|[from] Stealth Rock\n|switch|p2b: Bowow|Okidogi, M|74\/100\n|switch|p2a: Tea time|Sinistcha, tera:Water|88\/100\n|-heal|p2b: Bowow|99\/100|[from] ability: Hospitality|[of] p2a: Tea time\n|move|p1a: Indeedee|Psychic|p2a: Tea time\n|-damage|p2a: Tea time|42\/100\n|\n|-heal|p2a: Tea time|48\/100|[from] item: Leftovers\n|-damage|p1a: Indeedee|68\/100 psn|[from] psn\n|-fieldend|move: Psychic Terrain\n|-status|p1b: Ursaluna|brn|[from] item: Flame Orb\n|upkeep\n|turn|6\n|\n|t:|1699200745\n|switch|p2a: Flutter Mane|Flutter Mane|100\/100\n|switch|p2b: Glimmorbin time|Glimmora, M|11\/100\n|move|p1b: Ursaluna|Double-Edge|p2a: Flutter Mane\n|-immune|p2a: Flutter Mane\n|move|p1a: Indeedee|Psychic|p2b: Glimmorbin time\n|-supereffective|p2b: Glimmorbin time\n|-damage|p2b: Glimmorbin time|0 fnt\n|faint|p2b: Glimmorbin time\n|\n|-damage|p1a: Indeedee|56\/100 psn|[from] psn\n|-damage|p1b: Ursaluna|88\/100 brn|[from] brn\n|upkeep\n|\n|t:|1699200758\n|switch|p2b: Kommo-o|Kommo-o, F|26\/100\n|turn|7\n|\n|t:|1699200782\n|switch|p1a: Sinistcha|Sinistcha-Masterpiece|100\/100\n|-damage|p1a: Sinistcha|88\/100|[from] Stealth Rock\n|-heal|p1b: Ursaluna|100\/100 brn|[from] ability: Hospitality|[of] p1a: Sinistcha\n|move|p1b: Ursaluna|Double-Edge|p2b: Kommo-o\n|-damage|p2b: Kommo-o|0 fnt\n|faint|p2b: Kommo-o\n|-damage|p1b: Ursaluna|95\/100 brn|[from] Recoil\n|move|p2a: Flutter Mane|Dazzling Gleam|p1a: Sinistcha|[spread] p1a,p1b\n|-damage|p1a: Sinistcha|28\/100\n|-damage|p1b: Ursaluna|54\/100 brn\n|\n|-damage|p1b: Ursaluna|48\/100 brn|[from] brn\n|-fieldend|move: Trick Room\n|upkeep\n|\n|t:|1699200798\n|switch|p2b: Baloo|Ursaluna-Bloodmoon, M|100\/100\n|turn|8\n|\n|t:|1699200819\n|switch|p1b: Heatran|Heatran, F|29\/100\n|-damage|p1b: Heatran|17\/100|[from] Stealth Rock\n|switch|p1a: Amoonguss|Amoonguss, F|89\/100\n|-damage|p1a: Amoonguss|77\/100|[from] Stealth Rock\n|move|p2a: Flutter Mane|Dazzling Gleam|p1a: Amoonguss|[spread] p1a,p1b\n|-resisted|p1a: Amoonguss\n|-resisted|p1b: Heatran\n|-damage|p1a: Amoonguss|61\/100\n|-damage|p1b: Heatran|10\/100\n|move|p2b: Baloo|Hyper Voice|p1b: Heatran|[spread] p1a,p1b\n|-resisted|p1b: Heatran\n|-damage|p1a: Amoonguss|37\/100\n|-damage|p1b: Heatran|0 fnt\n|faint|p1b: Heatran\n|-enditem|p2b: Baloo|Throat Spray\n|-boost|p2b: Baloo|spa|1|[from] item: Throat Spray\n|\n|-heal|p1a: Amoonguss|43\/100|[from] item: Black Sludge\n|upkeep\n|\n|t:|1699200841\n|switch|p1b: Indeedee|Indeedee-F, F|56\/100 psn\n|-damage|p1b: Indeedee|43\/100 psn|[from] Stealth Rock\n|-fieldstart|move: Psychic Terrain|[from] ability: Psychic Surge|[of] p1b: Indeedee\n|turn|9\n|\n|t:|1699200851\n|move|p2a: Flutter Mane|Dazzling Gleam|p1a: Amoonguss|[spread] p1a,p1b\n|-resisted|p1a: Amoonguss\n|-damage|p1a: Amoonguss|27\/100\n|-damage|p1b: Indeedee|5\/100 psn\n|move|p2b: Baloo|Hyper Voice|p1b: Indeedee|[spread] p1a,p1b\n|-damage|p1a: Amoonguss|0 fnt\n|-damage|p1b: Indeedee|0 fnt\n|faint|p1a: Amoonguss\n|faint|p1b: Indeedee\n|\n|upkeep\n|\n|t:|1699200861\n|switch|p1b: Iron Hands|Iron Hands|100\/100\n|switch|p1a: Sinistcha|Sinistcha-Masterpiece|28\/100\n|-damage|p1b: Iron Hands|94\/100|[from] Stealth Rock\n|-damage|p1a: Sinistcha|16\/100|[from] Stealth Rock\n|-heal|p1b: Iron Hands|100\/100|[from] ability: Hospitality|[of] p1a: Sinistcha\n|-enditem|p1b: Iron Hands|Booster Energy\n|-activate|p1b: Iron Hands|ability: Quark Drive|[fromitem]\n|-start|p1b: Iron Hands|quarkdriveatk\n|-enditem|p1a: Sinistcha|Iapapa Berry|[eat]\n|-heal|p1a: Sinistcha|49\/100|[from] item: Iapapa Berry\n|turn|10\n|\n|t:|1699200877\n|move|p2b: Baloo|Vacuum Wave|p1a: Sinistcha\n|-activate|p1a: Sinistcha|move: Psychic Terrain\n|move|p2a: Flutter Mane|Dazzling Gleam|p1b: Iron Hands|[spread] p1a,p1b\n|-supereffective|p1b: Iron Hands\n|-damage|p1a: Sinistcha|0 fnt\n|-damage|p1b: Iron Hands|9\/100\n|faint|p1a: Sinistcha\n|move|p1b: Iron Hands|Drain Punch|p2b: Baloo\n|-supereffective|p2b: Baloo\n|-damage|p2b: Baloo|27\/100\n|-heal|p1b: Iron Hands|40\/100|[from] drain|[of] p2b: Baloo\n|\n|upkeep\n|\n|t:|1699200887\n|switch|p1a: Ursaluna|Ursaluna, F|48\/100 brn\n|-damage|p1a: Ursaluna|42\/100 brn|[from] Stealth Rock\n|turn|11\n|\n|t:|1699200897\n|move|p2a: Flutter Mane|Dazzling Gleam|p1b: Iron Hands|[spread] p1a,p1b\n|-supereffective|p1b: Iron Hands\n|-damage|p1a: Ursaluna|0 fnt\n|-damage|p1b: Iron Hands|0 fnt\n|faint|p1a: Ursaluna\n|faint|p1b: Iron Hands\n|-end|p1b: Iron Hands|Quark Drive|[silent]\n|\n|win|Wisdom1472\n|raw|spikeyhair's rating: 1186 &rarr; <strong>1159<\/strong><br \/>(-27 for losing)\n|raw|Wisdom1472's rating: 1161 &rarr; <strong>1188<\/strong><br \/>(+27 for winning)\n|c|\u2606spikeyhair|gg\n|l|\u2606spikeyhair\n","uploadtime":1699200909,"views":9,"p1id":"spikeyhair","p2id":"wisdom1472","formatid":"gen9doublesou","rating":1159,"private":0,"password":""}