{"id":"gen9doublesou-1988997130","p1":"JRB2022","p2":"Lenoxum","format":"[Gen 9] Doubles OU","log":"|j|\u2606JRB2022\n|j|\u2606Lenoxum\n|inactive|Battle timer is ON: inactive players will automatically lose when time's up.\n|t:|1699800113\n|gametype|doubles\n|player|p1|JRB2022|rosa|\n|player|p2|Lenoxum|turo-ai|\n|teamsize|p1|6\n|teamsize|p2|6\n|gen|9\n|tier|[Gen 9] Doubles OU\n|rated|Tournament battle\n|rule|Species Clause: Limit one of each Pok\u00e9mon\n|rule|OHKO Clause: OHKO moves are banned\n|rule|Evasion Moves Clause: Evasion moves are banned\n|rule|Gravity Sleep Clause: The combination of sleep-inducing moves with imperfect accuracy and Gravity or Gigantamax Orbeetle are banned\n|rule|Endless Battle Clause: Forcing endless battles is banned\n|rule|HP Percentage Mod: HP is shown in percentages\n|clearpoke\n|poke|p1|Wooper-Paldea, M|\n|poke|p1|Barraskewda, F|\n|poke|p1|Swanna, M|\n|poke|p1|Cetoddle, F|\n|poke|p1|Swinub, F|\n|poke|p1|Tinkatink, F|\n|poke|p2|Buizel, F|\n|poke|p2|Makuhita, M|\n|poke|p2|Foongus, F|\n|poke|p2|Psyduck, M|\n|poke|p2|Milotic, F|\n|poke|p2|Timburr, F|\n|teampreview\n|j|*Lady Monita \u2746\n|inactive|JRB2022 also wants the timer to be on.\n|j| Beepboopgottem\n|c|\u2606Lenoxum|glhf\n|l| Beepboopgottem\n|\n|t:|1699800133\n|start\n|switch|p1a: Wooper|Wooper-Paldea, M|100\/100\n|switch|p1b: Swanna|Swanna, M|100\/100\n|switch|p2a: Makuhita|Makuhita, M, shiny|100\/100\n|switch|p2b: Milotic|Milotic, F, shiny|100\/100\n|turn|1\n|\n|t:|1699800144\n|move|p1a: Wooper|Helping Hand|p1b: Swanna\n|-singleturn|p1b: Swanna|Helping Hand|[of] p1a: Wooper\n|move|p2a: Makuhita|Fake Out|p1b: Swanna\n|-damage|p1b: Swanna|84\/100\n|cant|p1b: Swanna|flinch\n|move|p2b: Milotic|Scald|p1a: Wooper\n|-immune|p1a: Wooper|[from] ability: Water Absorb\n|\n|-status|p2b: Milotic|brn|[from] item: Flame Orb\n|upkeep\n|turn|2\n|c|\u2606Lenoxum|bruh\n|c|\u2606Lenoxum|oof\n|\n|t:|1699800173\n|move|p1a: Wooper|Helping Hand|p1b: Swanna\n|-singleturn|p1b: Swanna|Helping Hand|[of] p1a: Wooper\n|move|p1b: Swanna|Surf|p2a: Makuhita|[spread] p2a,p2b\n|-immune|p1a: Wooper|[from] ability: Water Absorb\n|-resisted|p2b: Milotic\n|-damage|p2a: Makuhita|36\/100\n|-damage|p2b: Milotic|84\/100 brn\n|move|p2b: Milotic|Ice Beam|p1a: Wooper\n|-supereffective|p1a: Wooper\n|-enditem|p1a: Wooper|Focus Sash\n|-damage|p1a: Wooper|1\/100\n|move|p2a: Makuhita|Knock Off|p1b: Swanna\n|-damage|p1b: Swanna|43\/100\n|-enditem|p1b: Swanna|Assault Vest|[from] move: Knock Off|[of] p2a: Makuhita\n|\n|-damage|p2b: Milotic|78\/100 brn|[from] brn\n|upkeep\n|turn|3\n|\n|t:|1699800196\n|move|p1a: Wooper|Helping Hand|p1b: Swanna\n|-singleturn|p1b: Swanna|Helping Hand|[of] p1a: Wooper\n|move|p1b: Swanna|Surf|p2a: Makuhita|[spread] p2a,p2b\n|-heal|p1a: Wooper|26\/100|[from] ability: Water Absorb|[of] p1b: Swanna\n|-resisted|p2b: Milotic\n|-crit|p2b: Milotic\n|-damage|p2a: Makuhita|0 fnt\n|-damage|p2b: Milotic|54\/100 brn\n|faint|p2a: Makuhita\n|move|p2b: Milotic|Ice Beam|p1b: Swanna\n|-damage|p1b: Swanna|0 fnt\n|faint|p1b: Swanna\n|\n|-damage|p2b: Milotic|48\/100 brn|[from] brn\n|upkeep\n|\n|t:|1699800214\n|switch|p1b: Cetoddle|Cetoddle, F|100\/100\n|switch|p2a: Foongus|Foongus, F, shiny|100\/100\n|turn|4\n|\n|t:|1699800222\n|switch|p2a: Psyduck|Psyduck, M, shiny|100\/100\n|-ability|p2a: Psyduck|Cloud Nine\n|move|p1a: Wooper|Helping Hand|p1b: Cetoddle\n|-singleturn|p1b: Cetoddle|Helping Hand|[of] p1a: Wooper\n|move|p2b: Milotic|Recover|p2b: Milotic\n|-heal|p2b: Milotic|98\/100 brn\n|move|p1b: Cetoddle|Avalanche|p2a: Psyduck\n|-resisted|p2a: Psyduck\n|-damage|p2a: Psyduck|77\/100\n|-damage|p1b: Cetoddle|91\/100|[from] item: Life Orb\n|\n|-damage|p2b: Milotic|92\/100 brn|[from] brn\n|upkeep\n|turn|5\n|\n|t:|1699800243\n|move|p1a: Wooper|Helping Hand|p1b: Cetoddle\n|-singleturn|p1b: Cetoddle|Helping Hand|[of] p1a: Wooper\n|move|p2b: Milotic|Scald|p1b: Cetoddle\n|-damage|p1b: Cetoddle|32\/100\n|-status|p1b: Cetoddle|brn\n|move|p2a: Psyduck|Icy Wind|p1a: Wooper|[spread] p1a,p1b\n|-supereffective|p1a: Wooper\n|-resisted|p1b: Cetoddle\n|-damage|p1a: Wooper|0 fnt\n|-damage|p1b: Cetoddle|24\/100 brn\n|-unboost|p1b: Cetoddle|spe|1\n|faint|p1a: Wooper\n|move|p1b: Cetoddle|Earthquake|p2a: Psyduck|[spread] p2a,p2b\n|-damage|p2a: Psyduck|54\/100\n|-damage|p2b: Milotic|82\/100 brn\n|-damage|p1b: Cetoddle|14\/100 brn|[from] item: Life Orb\n|\n|-damage|p2b: Milotic|75\/100 brn|[from] brn\n|-damage|p1b: Cetoddle|8\/100 brn|[from] brn\n|upkeep\n|\n|t:|1699800256\n|switch|p1a: Barraskewda|Barraskewda, F|100\/100\n|turn|6\n|\n|t:|1699800267\n|-terastallize|p1a: Barraskewda|Fighting\n|move|p1b: Cetoddle|Helping Hand|p1a: Barraskewda\n|-singleturn|p1a: Barraskewda|Helping Hand|[of] p1b: Cetoddle\n|move|p1a: Barraskewda|Close Combat|p2b: Milotic\n|-damage|p2b: Milotic|0 fnt\n|-unboost|p1a: Barraskewda|def|1\n|-unboost|p1a: Barraskewda|spd|1\n|faint|p2b: Milotic\n|move|p2a: Psyduck|Icy Wind|p1a: Barraskewda|[spread] p1a,p1b\n|-resisted|p1b: Cetoddle\n|-damage|p1a: Barraskewda|67\/100\n|-damage|p1b: Cetoddle|1\/100 brn\n|-unboost|p1a: Barraskewda|spe|1\n|-unboost|p1b: Cetoddle|spe|1\n|\n|-damage|p1b: Cetoddle|0 fnt|[from] brn\n|faint|p1b: Cetoddle\n|upkeep\n|\n|t:|1699800291\n|switch|p2b: Buizel|Buizel, F, shiny|100\/100\n|switch|p1b: Swinub|Swinub, F|100\/100\n|turn|7\n|\n|t:|1699800312\n|switch|p1a: Tinkatink|Tinkatink, F|100\/100\n|-ability|p1a: Tinkatink|Mold Breaker\n|move|p2b: Buizel|Liquidation|p1a: Tinkatink\n|-damage|p1a: Tinkatink|34\/100\n|move|p2a: Psyduck|Hydro Pump|p1b: Swinub|[miss]\n|-miss|p2a: Psyduck|p1b: Swinub\n|move|p1b: Swinub|Roar|p2a: Psyduck\n|drag|p2a: Timburr|Timburr, F, shiny|100\/100\n|\n|upkeep\n|turn|8\n|\n|t:|1699800333\n|switch|p1b: Barraskewda|Barraskewda, F, tera:Fighting|67\/100\n|move|p1a: Tinkatink|Fake Out|p2b: Buizel\n|-crit|p2b: Buizel\n|-damage|p2b: Buizel|63\/100\n|cant|p2b: Buizel|flinch\n|move|p2a: Timburr|Drain Punch|p1b: Barraskewda\n|-damage|p1b: Barraskewda|0 fnt\n|faint|p1b: Barraskewda\n|\n|upkeep\n|c|\u2606Lenoxum|gg\n|-message|JRB2022 forfeited.\n|\n|win|Lenoxum\n|n|\u2606JRB2022|jrb2022\n|n|\u2606Lenoxum|lenoxum\n|n|*Lady Monita \u2746|ladymonita\n","uploadtime":1699800353,"views":7,"p1id":"jrb2022","p2id":"lenoxum","formatid":"gen9doublesou","rating":0,"private":0,"password":""}