{"id":"gen9doublesou-1997266477","p1":"Pookaflock","p2":"Dingo Nut","format":"[Gen 9] Doubles OU","log":"|j|\u203dPookaflock\n|j|\u2606Dingo Nut\n|t:|1700782355\n|gametype|doubles\n|player|p1|Pookaflock|n|1058\n|player|p2|Dingo Nut|2|1149\n|teamsize|p1|6\n|teamsize|p2|6\n|gen|9\n|tier|[Gen 9] Doubles OU\n|rated|\n|rule|Species Clause: Limit one of each Pok\u00e9mon\n|rule|OHKO Clause: OHKO moves are banned\n|rule|Evasion Moves Clause: Evasion moves are banned\n|rule|Gravity Sleep Clause: The combination of sleep-inducing moves with imperfect accuracy and Gravity or Gigantamax Orbeetle are banned\n|rule|Endless Battle Clause: Forcing endless battles is banned\n|rule|HP Percentage Mod: HP is shown in percentages\n|clearpoke\n|poke|p1|Arcanine-Hisui, M|\n|poke|p1|Ogerpon-Wellspring, F|\n|poke|p1|Iron Hands|\n|poke|p1|Tornadus, M|\n|poke|p1|Iron Bundle|\n|poke|p1|Gholdengo|\n|poke|p2|Regidrago|\n|poke|p2|Persian-Alola, F|\n|poke|p2|Ninetales-Alola, M|\n|poke|p2|Wo-Chien|\n|poke|p2|Sandslash-Alola, M|\n|poke|p2|Flutter Mane|\n|teampreview\n|\n|t:|1700782397\n|start\n|switch|p1a: Ogerpon|Ogerpon-Wellspring, F|100\/100\n|switch|p1b: Tornadus|Tornadus, M|100\/100\n|switch|p2a: Persian|Persian-Alola, F|100\/100\n|switch|p2b: Regidrago|Regidrago|100\/100\n|turn|1\n|\n|t:|1700782424\n|move|p2a: Persian|Fake Out|p1a: Ogerpon\n|-damage|p1a: Ogerpon|95\/100\n|cant|p1a: Ogerpon|flinch\n|move|p1b: Tornadus|Tailwind|p1b: Tornadus\n|-sidestart|p1: Pookaflock|move: Tailwind\n|move|p2b: Regidrago|Dragon Energy|p1b: Tornadus|[spread] p1a,p1b\n|-damage|p1a: Ogerpon|24\/100\n|-damage|p1b: Tornadus|33\/100\n|\n|upkeep\n|turn|2\n|\n|t:|1700782441\n|move|p1a: Ogerpon|Ivy Cudgel|p2a: Persian|[anim] Ivy Cudgel Water\n|-damage|p2a: Persian|71\/100\n|move|p1b: Tornadus|Bleakwind Storm|p2a: Persian|[spread] p2a\n|-miss|p1b: Tornadus|p2b: Regidrago\n|-damage|p2a: Persian|18\/100\n|move|p2a: Persian|Parting Shot|p1a: Ogerpon\n|-unboost|p1a: Ogerpon|atk|1\n|-unboost|p1a: Ogerpon|spa|1\n|\n|t:|1700782462\n|switch|p2a: Wo-Chien|Wo-Chien|100\/100|[from] Parting Shot\n|-ability|p2a: Wo-Chien|Tablets of Ruin\n|move|p2b: Regidrago|Dragon Energy|p1b: Tornadus|[spread] p1a,p1b\n|-damage|p1a: Ogerpon|0 fnt\n|-damage|p1b: Tornadus|0 fnt\n|faint|p1a: Ogerpon\n|faint|p1b: Tornadus\n|\n|upkeep\n|\n|t:|1700782525\n|switch|p1a: Iron Hands|Iron Hands|100\/100\n|switch|p1b: Arcanine|Arcanine-Hisui, M|100\/100\n|-ability|p1b: Arcanine|Intimidate|boost\n|-unboost|p2a: Wo-Chien|atk|1\n|-unboost|p2b: Regidrago|atk|1\n|turn|3\n|inactive|Battle timer is ON: inactive players will automatically lose when time's up. (requested by Dingo Nut)\n|inactiveoff|Battle timer is now OFF.\n|\n|t:|1700782579\n|move|p1a: Iron Hands|Fake Out|p2b: Regidrago\n|-damage|p2b: Regidrago|91\/100\n|move|p1b: Arcanine|Flare Blitz|p2a: Wo-Chien\n|-supereffective|p2a: Wo-Chien\n|-damage|p2a: Wo-Chien|0 fnt\n|faint|p2a: Wo-Chien\n|-damage|p1b: Arcanine|65\/100|[from] Recoil\n|cant|p2b: Regidrago|flinch\n|\n|upkeep\n|\n|t:|1700782592\n|switch|p2a: Flutter Mane|Flutter Mane|100\/100\n|-enditem|p2a: Flutter Mane|Booster Energy\n|-activate|p2a: Flutter Mane|ability: Protosynthesis|[fromitem]\n|-start|p2a: Flutter Mane|protosynthesisspe\n|turn|4\n|\n|t:|1700782611\n|switch|p1b: Gholdengo|Gholdengo|100\/100\n|move|p2a: Flutter Mane|Dazzling Gleam|p1a: Iron Hands|[spread] p1a,p1b\n|-supereffective|p1a: Iron Hands\n|-crit|p1a: Iron Hands\n|-resisted|p1b: Gholdengo\n|-damage|p1a: Iron Hands|49\/100\n|-damage|p1b: Gholdengo|84\/100\n|move|p1a: Iron Hands|Heavy Slam|p2a: Flutter Mane\n|-supereffective|p2a: Flutter Mane\n|-damage|p2a: Flutter Mane|0 fnt\n|faint|p2a: Flutter Mane\n|-end|p2a: Flutter Mane|Protosynthesis|[silent]\n|move|p2b: Regidrago|Dragon Energy|p1a: Iron Hands|[spread] p1a,p1b\n|-resisted|p1b: Gholdengo\n|-damage|p1a: Iron Hands|16\/100\n|-damage|p1b: Gholdengo|51\/100\n|\n|-heal|p1b: Gholdengo|57\/100|[from] item: Leftovers\n|-sideend|p1: Pookaflock|move: Tailwind\n|upkeep\n|\n|t:|1700782644\n|switch|p2a: Ninetales|Ninetales-Alola, M|100\/100\n|-weather|Snow|[from] ability: Snow Warning|[of] p2a: Ninetales\n|turn|5\n|inactive|Battle timer is ON: inactive players will automatically lose when time's up. (requested by Dingo Nut)\n|inactive|Pookaflock has 120 seconds left.\n|\n|t:|1700782751\n|move|p1b: Gholdengo|Protect|p1b: Gholdengo\n|-singleturn|p1b: Gholdengo|Protect\n|move|p2a: Ninetales|Aurora Veil|p2a: Ninetales\n|-sidestart|p2: Dingo Nut|move: Aurora Veil\n|move|p2b: Regidrago|Draco Meteor|p1b: Gholdengo\n|-activate|p1b: Gholdengo|move: Protect\n|move|p1a: Iron Hands|Drain Punch|p2a: Ninetales\n|-damage|p2a: Ninetales|78\/100\n|-heal|p1a: Iron Hands|25\/100|[from] drain|[of] p2a: Ninetales\n|\n|-weather|Snow|[upkeep]\n|-heal|p1b: Gholdengo|63\/100|[from] item: Leftovers\n|upkeep\n|turn|6\n|inactive|Pookaflock has 120 seconds left.\n|\n|t:|1700782789\n|move|p2a: Ninetales|Helping Hand|p2b: Regidrago\n|-singleturn|p2b: Regidrago|Helping Hand|[of] p2a: Ninetales\n|move|p1b: Gholdengo|Nasty Plot|p1b: Gholdengo\n|-boost|p1b: Gholdengo|spa|2\n|move|p2b: Regidrago|Dragon Energy|p1a: Iron Hands|[spread] p1a,p1b\n|-resisted|p1b: Gholdengo\n|-damage|p1a: Iron Hands|0 fnt\n|-damage|p1b: Gholdengo|14\/100\n|faint|p1a: Iron Hands\n|-end|p1a: Iron Hands|Quark Drive|[silent]\n|\n|-weather|Snow|[upkeep]\n|-heal|p1b: Gholdengo|20\/100|[from] item: Leftovers\n|upkeep\n|\n|t:|1700782803\n|switch|p1a: Iron Bundle|Iron Bundle|100\/100\n|-enditem|p1a: Iron Bundle|Booster Energy\n|-activate|p1a: Iron Bundle|ability: Quark Drive|[fromitem]\n|-start|p1a: Iron Bundle|quarkdrivespe\n|turn|7\n|inactive|Pookaflock has 120 seconds left.\n|inactive|Dingo Nut has 120 seconds left.\n|\n|t:|1700782838\n|move|p1b: Gholdengo|Protect|p1b: Gholdengo\n|-singleturn|p1b: Gholdengo|Protect\n|move|p1a: Iron Bundle|Freeze-Dry|p2b: Regidrago\n|-supereffective|p2b: Regidrago\n|-damage|p2b: Regidrago|43\/100\n|move|p2a: Ninetales|Blizzard|p1a: Iron Bundle|[spread] p1a\n|-activate|p1b: Gholdengo|move: Protect\n|-resisted|p1a: Iron Bundle\n|-damage|p1a: Iron Bundle|82\/100\n|move|p2b: Regidrago|Dragon Energy|p1b: Gholdengo|[spread] p1a\n|-activate|p1b: Gholdengo|move: Protect\n|-damage|p1a: Iron Bundle|17\/100\n|\n|-weather|Snow|[upkeep]\n|-heal|p1b: Gholdengo|26\/100|[from] item: Leftovers\n|upkeep\n|turn|8\n|inactive|Pookaflock has 120 seconds left.\n|\n|t:|1700782867\n|move|p2b: Regidrago|Endure|p2b: Regidrago\n|-singleturn|p2b: Regidrago|move: Endure\n|move|p1a: Iron Bundle|Icy Wind|p2b: Regidrago|[spread] p2a,p2b\n|-resisted|p2a: Ninetales\n|-supereffective|p2b: Regidrago\n|-damage|p2a: Ninetales|71\/100\n|-damage|p2b: Regidrago|18\/100\n|-unboost|p2a: Ninetales|spe|1\n|-unboost|p2b: Regidrago|spe|1\n|move|p1b: Gholdengo|Make It Rain|p2a: Ninetales|[spread] p2a,p2b\n|-supereffective|p2a: Ninetales\n|-damage|p2a: Ninetales|0 fnt\n|-activate|p2b: Regidrago|move: Endure\n|-damage|p2b: Regidrago|1\/100\n|-unboost|p1b: Gholdengo|spa|1\n|faint|p2a: Ninetales\n|\n|-weather|Snow|[upkeep]\n|-heal|p1b: Gholdengo|33\/100|[from] item: Leftovers\n|upkeep\n|\n|t:|1700782880\n|switch|p2a: Sandslash|Sandslash-Alola, M|100\/100\n|turn|9\n|inactive|Pookaflock has 120 seconds left.\n|inactive|Dingo Nut has 120 seconds left.\n|-enditem|p2b: Regidrago|Custap Berry|[eat]\n|-activate|p2b: Regidrago|item: Custap Berry|[consumed]\n|\n|t:|1700782919\n|-terastallize|p2a: Sandslash|Steel\n|move|p1a: Iron Bundle|Protect|p1a: Iron Bundle\n|-singleturn|p1a: Iron Bundle|Protect\n|move|p1b: Gholdengo|Protect|p1b: Gholdengo\n|-singleturn|p1b: Gholdengo|Protect\n|move|p2b: Regidrago|Draco Meteor|p1a: Iron Bundle\n|-activate|p1a: Iron Bundle|move: Protect\n|move|p2a: Sandslash|Swords Dance|p2a: Sandslash\n|-boost|p2a: Sandslash|atk|2\n|\n|-weather|Snow|[upkeep]\n|-heal|p1b: Gholdengo|39\/100|[from] item: Leftovers\n|-sideend|p2: Dingo Nut|move: Aurora Veil\n|upkeep\n|turn|10\n|inactive|Pookaflock has 120 seconds left.\n|inactive|Dingo Nut has 120 seconds left.\n|\n|t:|1700782965\n|move|p1a: Iron Bundle|Icy Wind|p2a: Sandslash|[spread] p2b\n|-miss|p1a: Iron Bundle|p2a: Sandslash\n|-supereffective|p2b: Regidrago\n|-damage|p2b: Regidrago|0 fnt\n|faint|p2b: Regidrago\n|move|p1b: Gholdengo|Shadow Ball|p2a: Sandslash|[miss]\n|-miss|p1b: Gholdengo|p2a: Sandslash\n|move|p2a: Sandslash|Iron Head|p1b: Gholdengo\n|-resisted|p1b: Gholdengo\n|-damage|p1b: Gholdengo|0 fnt\n|faint|p1b: Gholdengo\n|\n|-weather|Snow|[upkeep]\n|upkeep\n|\n|t:|1700782979\n|switch|p1b: Arcanine|Arcanine-Hisui, M|65\/100\n|switch|p2b: Persian|Persian-Alola, F|18\/100\n|-ability|p1b: Arcanine|Intimidate|boost\n|-unboost|p2a: Sandslash|atk|1\n|-unboost|p2b: Persian|atk|1\n|turn|11\n|inactive|Pookaflock has 120 seconds left.\n|inactiveoff|Battle timer is now OFF.\n|\n|t:|1700783028\n|-terastallize|p1b: Arcanine|Fairy\n|move|p2b: Persian|Fake Out|p1b: Arcanine\n|-damage|p1b: Arcanine|60\/100\n|move|p1a: Iron Bundle|Icy Wind|p2a: Sandslash|[spread] p2a,p2b\n|-resisted|p2a: Sandslash\n|-damage|p2a: Sandslash|86\/100\n|-damage|p2b: Persian|0 fnt\n|-unboost|p2a: Sandslash|spe|1\n|faint|p2b: Persian\n|cant|p1b: Arcanine|flinch\n|move|p2a: Sandslash|Iron Head|p1b: Arcanine\n|-supereffective|p1b: Arcanine\n|-damage|p1b: Arcanine|0 fnt\n|faint|p1b: Arcanine\n|\n|-weather|Snow|[upkeep]\n|upkeep\n|turn|12\n|\n|t:|1700783047\n|move|p1a: Iron Bundle|Protect|p1a: Iron Bundle\n|-singleturn|p1a: Iron Bundle|Protect\n|move|p2a: Sandslash|Iron Head|p1a: Iron Bundle\n|-activate|p1a: Iron Bundle|move: Protect\n|\n|-weather|none\n|upkeep\n|turn|13\n|\n|t:|1700783070\n|move|p1a: Iron Bundle|Hydro Pump|p2a: Sandslash\n|-damage|p2a: Sandslash|10\/100\n|move|p2a: Sandslash|Iron Head|p1a: Iron Bundle\n|-damage|p1a: Iron Bundle|0 fnt\n|faint|p1a: Iron Bundle\n|-end|p1a: Iron Bundle|Quark Drive|[silent]\n|\n|win|Dingo Nut\n|raw|Pookaflock's rating: 1058 &rarr; <strong>1044<\/strong><br \/>(-14 for losing)\n|raw|Dingo Nut's rating: 1149 &rarr; <strong>1168<\/strong><br \/>(+19 for winning)\n|c|\u2606Dingo Nut|ggwp\n|c|\u2606Dingo Nut|close af\n","uploadtime":1700783116,"views":9,"p1id":"pookaflock","p2id":"dingonut","formatid":"gen9doublesou","rating":1044,"private":0,"password":""}