{"id":"gen9doublesou-1990951008","p1":"LordSandaime","p2":"crapominable","format":"[Gen 9] Doubles OU","log":"|j|\u2606LordSandaime\n|j|\u2606crapominable\n|t:|1700018878\n|gametype|doubles\n|player|p1|LordSandaime|alder|1697\n|player|p2|crapominable|dancer|1522\n|teamsize|p1|6\n|teamsize|p2|6\n|gen|9\n|tier|[Gen 9] Doubles OU\n|rated|\n|rule|Species Clause: Limit one of each Pok\u00e9mon\n|rule|OHKO Clause: OHKO moves are banned\n|rule|Evasion Moves Clause: Evasion moves are banned\n|rule|Gravity Sleep Clause: The combination of sleep-inducing moves with imperfect accuracy and Gravity or Gigantamax Orbeetle are banned\n|rule|Endless Battle Clause: Forcing endless battles is banned\n|rule|HP Percentage Mod: HP is shown in percentages\n|clearpoke\n|poke|p1|Tyranitar, M|\n|poke|p1|Sneasler, M|\n|poke|p1|Gholdengo|\n|poke|p1|Volcarona, M|\n|poke|p1|Farigiraf, M|\n|poke|p1|Azumarill, M|\n|poke|p2|Chien-Pao|\n|poke|p2|Ogerpon-Hearthflame, F|\n|poke|p2|Iron Hands|\n|poke|p2|Sinistcha|\n|poke|p2|Ursaluna-Bloodmoon, M|\n|poke|p2|Empoleon, M|\n|teampreview\n|inactive|Battle timer is ON: inactive players will automatically lose when time's up. (requested by LordSandaime)\n|\n|t:|1700018894\n|start\n|switch|p1a: Sneasler|Sneasler, M|100\/100\n|switch|p1b: Azumarill|Azumarill, M|100\/100\n|switch|p2a: Ogerpon|Ogerpon-Hearthflame, F|100\/100\n|switch|p2b: Chien-Pao|Chien-Pao|100\/100\n|-ability|p2b: Chien-Pao|Sword of Ruin\n|-ability|p2a: Ogerpon|Mold Breaker\n|turn|1\n|\n|t:|1700018917\n|switch|p2b: Sinistcha|Sinistcha|100\/100\n|-terastallize|p1b: Azumarill|Dragon\n|move|p2a: Ogerpon|Spiky Shield|p2a: Ogerpon\n|-singleturn|p2a: Ogerpon|move: Protect\n|move|p1a: Sneasler|Fake Out|p2b: Sinistcha\n|-immune|p2b: Sinistcha\n|move|p1b: Azumarill|Belly Drum|p1b: Azumarill\n|-damage|p1b: Azumarill|50\/100\n|-setboost|p1b: Azumarill|atk|6|[from] move: Belly Drum\n|-enditem|p1b: Azumarill|Sitrus Berry|[eat]\n|-heal|p1b: Azumarill|75\/100|[from] item: Sitrus Berry\n|\n|upkeep\n|turn|2\n|\n|t:|1700018932\n|-terastallize|p2a: Ogerpon|Fire\n|detailschange|p2a: Ogerpon|Ogerpon-Hearthflame-Tera, F, tera:Fire\n|-ability|p2a: Ogerpon|Embody Aspect (Hearthflame)|boost\n|-boost|p2a: Ogerpon|atk|1\n|move|p1b: Azumarill|Protect|p1b: Azumarill\n|-singleturn|p1b: Azumarill|Protect\n|move|p2b: Sinistcha|Rage Powder|p2b: Sinistcha\n|-singleturn|p2b: Sinistcha|move: Rage Powder\n|move|p1a: Sneasler|Dire Claw|p2b: Sinistcha\n|-damage|p2b: Sinistcha|59\/100\n|move|p2a: Ogerpon|Ivy Cudgel|p1b: Azumarill|[anim] Ivy Cudgel Fire\n|-activate|p1b: Azumarill|move: Protect\n|\n|upkeep\n|turn|3\n|\n|t:|1700018956\n|move|p2b: Sinistcha|Rage Powder|p2b: Sinistcha\n|-singleturn|p2b: Sinistcha|move: Rage Powder\n|move|p1a: Sneasler|Dire Claw|p2b: Sinistcha\n|-damage|p2b: Sinistcha|19\/100\n|-status|p2b: Sinistcha|slp\n|-enditem|p2b: Sinistcha|Sitrus Berry|[eat]\n|-heal|p2b: Sinistcha|44\/100 slp|[from] item: Sitrus Berry\n|move|p2a: Ogerpon|Ivy Cudgel|p1b: Azumarill|[anim] Ivy Cudgel Fire\n|-resisted|p1b: Azumarill\n|-damage|p1b: Azumarill|11\/100\n|move|p1b: Azumarill|Ice Spinner|p2b: Sinistcha\n|-supereffective|p2b: Sinistcha\n|-damage|p2b: Sinistcha|0 fnt\n|faint|p2b: Sinistcha\n|\n|upkeep\n|\n|t:|1700018969\n|switch|p2b: Chien-Pao|Chien-Pao|100\/100\n|-ability|p2b: Chien-Pao|Sword of Ruin\n|turn|4\n|\n|t:|1700018975\n|move|p1b: Azumarill|Protect|p1b: Azumarill\n|-singleturn|p1b: Azumarill|Protect\n|move|p2b: Chien-Pao|Ice Shard|p1b: Azumarill\n|-activate|p1b: Azumarill|move: Protect\n|move|p1a: Sneasler|Close Combat|p2a: Ogerpon\n|-crit|p2a: Ogerpon\n|-damage|p2a: Ogerpon|0 fnt\n|-unboost|p1a: Sneasler|def|1\n|-unboost|p1a: Sneasler|spd|1\n|-enditem|p1a: Sneasler|White Herb\n|-clearnegativeboost|p1a: Sneasler|[silent]\n|faint|p2a: Ogerpon\n|\n|upkeep\n|\n|t:|1700018987\n|switch|p2a: Iron Hands|Iron Hands|100\/100\n|turn|5\n|\n|t:|1700018994\n|switch|p1a: Farigiraf|Farigiraf, M|100\/100\n|move|p2a: Iron Hands|Fake Out||[still]\n|cant|p1a: Farigiraf|ability: Armor Tail|Fake Out|[of] p2a: Iron Hands\n|move|p2b: Chien-Pao|Ice Shard||[still]\n|cant|p1a: Farigiraf|ability: Armor Tail|Ice Shard|[of] p2b: Chien-Pao\n|move|p1b: Azumarill|Ice Spinner|p2a: Iron Hands\n|-damage|p2a: Iron Hands|0 fnt\n|faint|p2a: Iron Hands\n|-end|p2a: Iron Hands|Quark Drive|[silent]\n|\n|upkeep\n|-message|crapominable forfeited.\n|\n|win|LordSandaime\n|raw|LordSandaime's rating: 1697 &rarr; <strong>1708<\/strong><br \/>(+11 for winning)\n|raw|crapominable's rating: 1522 &rarr; <strong>1511<\/strong><br \/>(-11 for losing)\n|l|\u2606crapominable\n","uploadtime":1700019009,"views":11,"p1id":"lordsandaime","p2id":"crapominable","formatid":"gen9doublesou","rating":1511,"private":0,"password":""}