{"id":"gen9doublesou-1992739558","p1":"Gogooie","p2":"bigbranonbampus","format":"[Gen 9] Doubles OU","log":"|j|\u2606Gogooie\n|j|\u2606bigbranonbampus\n|t:|1700230950\n|gametype|doubles\n|player|p1|Gogooie|2|1078\n|player|p2|bigbranonbampus|hiker|1167\n|teamsize|p1|6\n|teamsize|p2|6\n|gen|9\n|tier|[Gen 9] Doubles OU\n|rated|\n|rule|Species Clause: Limit one of each Pok\u00e9mon\n|rule|OHKO Clause: OHKO moves are banned\n|rule|Evasion Moves Clause: Evasion moves are banned\n|rule|Gravity Sleep Clause: The combination of sleep-inducing moves with imperfect accuracy and Gravity or Gigantamax Orbeetle are banned\n|rule|Endless Battle Clause: Forcing endless battles is banned\n|rule|HP Percentage Mod: HP is shown in percentages\n|clearpoke\n|poke|p1|Quaquaval, F|\n|poke|p1|Chi-Yu|\n|poke|p1|Amoonguss, F|\n|poke|p1|Flamigo, M|\n|poke|p1|Wo-Chien|\n|poke|p1|Altaria, M|\n|poke|p2|Sneasler, M|\n|poke|p2|Scream Tail|\n|poke|p2|Ninetales, F|\n|poke|p2|Baxcalibur, M|\n|poke|p2|Ogerpon-Cornerstone, F|\n|poke|p2|Ceruledge, M|\n|teampreview\n|inactive|Battle timer is ON: inactive players will automatically lose when time's up. (requested by bigbranonbampus)\n|\n|t:|1700230965\n|start\n|switch|p1a: Quaquaval|Quaquaval, F|100\/100\n|switch|p1b: Altaria|Altaria, M|100\/100\n|switch|p2a: Scream Tail|Scream Tail|100\/100\n|switch|p2b: Ogerpon|Ogerpon-Cornerstone, F|100\/100\n|turn|1\n|\n|t:|1700230981\n|move|p2a: Scream Tail|Howl|p2a: Scream Tail|[spread] p2a,p2b\n|-boost|p2a: Scream Tail|atk|1\n|-boost|p2b: Ogerpon|atk|1\n|move|p2b: Ogerpon|Trailblaze|p1a: Quaquaval\n|-supereffective|p1a: Quaquaval\n|-damage|p1a: Quaquaval|0 fnt\n|-boost|p2b: Ogerpon|spe|1\n|faint|p1a: Quaquaval\n|move|p1b: Altaria|Tailwind|p1b: Altaria\n|-sidestart|p1: Gogooie|move: Tailwind\n|\n|upkeep\n|\n|t:|1700230992\n|switch|p1a: Chi-Yu|Chi-Yu|100\/100\n|-ability|p1a: Chi-Yu|Beads of Ruin\n|turn|2\n|\n|t:|1700231004\n|move|p2b: Ogerpon|Spiky Shield|p2b: Ogerpon\n|-singleturn|p2b: Ogerpon|move: Protect\n|move|p1a: Chi-Yu|Heat Wave|p2b: Ogerpon|[spread] p2a\n|-activate|p2b: Ogerpon|move: Protect\n|-damage|p2a: Scream Tail|54\/100\n|-damage|p1a: Chi-Yu|91\/100|[from] item: Life Orb\n|move|p1b: Altaria|Flamethrower|p2b: Ogerpon\n|-activate|p2b: Ogerpon|move: Protect\n|move|p2a: Scream Tail|Wish|p2a: Scream Tail\n|\n|-heal|p2a: Scream Tail|60\/100|[from] item: Leftovers\n|upkeep\n|turn|3\n|\n|t:|1700231024\n|-terastallize|p2b: Ogerpon|Rock\n|detailschange|p2b: Ogerpon|Ogerpon-Cornerstone-Tera, F, tera:Rock\n|-ability|p2b: Ogerpon|Embody Aspect (Cornerstone)|boost\n|-boost|p2b: Ogerpon|def|1\n|move|p2a: Scream Tail|Protect|p2a: Scream Tail\n|-singleturn|p2a: Scream Tail|Protect\n|move|p1a: Chi-Yu|Heat Wave|p2a: Scream Tail|[spread] p2b\n|-activate|p2a: Scream Tail|move: Protect\n|-resisted|p2b: Ogerpon\n|-damage|p2b: Ogerpon|65\/100\n|-damage|p1a: Chi-Yu|81\/100|[from] item: Life Orb\n|move|p2b: Ogerpon|Ivy Cudgel|p1a: Chi-Yu|[anim] Ivy Cudgel Rock\n|-supereffective|p1a: Chi-Yu\n|-damage|p1a: Chi-Yu|0 fnt\n|faint|p1a: Chi-Yu\n|move|p1b: Altaria|Dazzling Gleam|p2a: Scream Tail|[spread] p2b\n|-activate|p2a: Scream Tail|move: Protect\n|-damage|p2b: Ogerpon|52\/100\n|\n|-heal|p2a: Scream Tail|100\/100|[from] move: Wish|[wisher] Scream Tail\n|upkeep\n|\n|t:|1700231046\n|switch|p1a: Wo-Chien|Wo-Chien|100\/100\n|-ability|p1a: Wo-Chien|Tablets of Ruin\n|turn|4\n|\n|t:|1700231054\n|move|p2b: Ogerpon|Spiky Shield|p2b: Ogerpon\n|-singleturn|p2b: Ogerpon|move: Protect\n|move|p1b: Altaria|Rain Dance|p1b: Altaria\n|-weather|RainDance\n|move|p2a: Scream Tail|Howl|p2a: Scream Tail|[spread] p2a,p2b\n|-boost|p2a: Scream Tail|atk|1\n|-boost|p2b: Ogerpon|atk|1\n|move|p1a: Wo-Chien|Giga Drain|p2b: Ogerpon\n|-activate|p2b: Ogerpon|move: Protect\n|\n|-weather|RainDance|[upkeep]\n|-sideend|p1: Gogooie|move: Tailwind\n|upkeep\n|turn|5\n|\n|t:|1700231076\n|move|p2b: Ogerpon|Ivy Cudgel|p1a: Wo-Chien|[anim] Ivy Cudgel Rock\n|-damage|p1a: Wo-Chien|1\/100\n|move|p2a: Scream Tail|Dazzling Gleam|p1b: Altaria|[spread] p1a,p1b\n|-supereffective|p1a: Wo-Chien\n|-supereffective|p1b: Altaria\n|-damage|p1a: Wo-Chien|0 fnt\n|-damage|p1b: Altaria|82\/100\n|faint|p1a: Wo-Chien\n|move|p1b: Altaria|Tailwind|p1b: Altaria\n|-sidestart|p1: Gogooie|move: Tailwind\n|\n|-weather|RainDance|[upkeep]\n|upkeep\n|\n|t:|1700231088\n|switch|p1a: Flamigo|Flamigo, M|100\/100\n|-copyboost|p1a: Flamigo|p1b: Altaria|[from] ability: Costar\n|turn|6\n|\n|t:|1700231099\n|move|p2b: Ogerpon|Spiky Shield|p2b: Ogerpon\n|-singleturn|p2b: Ogerpon|move: Protect\n|move|p2a: Scream Tail|Protect|p2a: Scream Tail\n|-singleturn|p2a: Scream Tail|Protect\n|move|p1a: Flamigo|Acrobatics|p2a: Scream Tail\n|-activate|p2a: Scream Tail|move: Protect\n|move|p1b: Altaria|Dazzling Gleam|p2b: Ogerpon|[spread] \n|-activate|p2a: Scream Tail|move: Protect\n|-activate|p2b: Ogerpon|move: Protect\n|\n|-weather|RainDance|[upkeep]\n|upkeep\n|turn|7\n|\n|t:|1700231118\n|move|p2b: Ogerpon|Follow Me|p2b: Ogerpon\n|-singleturn|p2b: Ogerpon|move: Follow Me\n|move|p1a: Flamigo|Acrobatics|p2b: Ogerpon\n|-resisted|p2b: Ogerpon\n|-damage|p2b: Ogerpon|32\/100\n|move|p1b: Altaria|Dazzling Gleam|p2a: Scream Tail|[spread] p2a,p2b\n|-damage|p2a: Scream Tail|93\/100\n|-damage|p2b: Ogerpon|19\/100\n|move|p2a: Scream Tail|Howl|p2a: Scream Tail|[spread] p2a,p2b\n|-boost|p2a: Scream Tail|atk|1\n|-boost|p2b: Ogerpon|atk|1\n|\n|-weather|RainDance|[upkeep]\n|-heal|p2a: Scream Tail|99\/100|[from] item: Leftovers\n|upkeep\n|turn|8\n|inactive|Gogooie has 120 seconds left.\n|\n|t:|1700231150\n|move|p2b: Ogerpon|Spiky Shield|p2b: Ogerpon\n|-singleturn|p2b: Ogerpon|move: Protect\n|move|p1a: Flamigo|Hurricane|p2b: Ogerpon\n|-activate|p2b: Ogerpon|move: Protect\n|move|p1b: Altaria|Flamethrower|p2a: Scream Tail\n|-damage|p2a: Scream Tail|94\/100\n|move|p2a: Scream Tail|Wish|p2a: Scream Tail\n|\n|-weather|RainDance|[upkeep]\n|-heal|p2a: Scream Tail|99\/100|[from] item: Leftovers\n|-sideend|p1: Gogooie|move: Tailwind\n|upkeep\n|turn|9\n|\n|t:|1700231166\n|move|p2b: Ogerpon|Ivy Cudgel|p1b: Altaria|[anim] Ivy Cudgel Rock\n|-supereffective|p1b: Altaria\n|-damage|p1b: Altaria|0 fnt\n|faint|p1b: Altaria\n|move|p2a: Scream Tail|Dazzling Gleam|p1a: Flamigo\n|-supereffective|p1a: Flamigo\n|-damage|p1a: Flamigo|34\/100\n|move|p1a: Flamigo|Tailwind|p1a: Flamigo\n|-sidestart|p1: Gogooie|move: Tailwind\n|\n|-weather|RainDance|[upkeep]\n|-heal|p2a: Scream Tail|100\/100|[from] move: Wish|[wisher] Scream Tail\n|upkeep\n|\n|t:|1700231174\n|switch|p1b: Amoonguss|Amoonguss, F|100\/100\n|turn|10\n|\n|t:|1700231183\n|move|p1b: Amoonguss|Rage Powder|p1b: Amoonguss\n|-singleturn|p1b: Amoonguss|move: Rage Powder\n|move|p1a: Flamigo|Hurricane|p2a: Scream Tail\n|-damage|p2a: Scream Tail|78\/100\n|move|p2b: Ogerpon|Ivy Cudgel|p1b: Amoonguss|[anim] Ivy Cudgel Rock\n|-damage|p1b: Amoonguss|0 fnt\n|faint|p1b: Amoonguss\n|move|p2a: Scream Tail|Dazzling Gleam|p1a: Flamigo\n|-supereffective|p1a: Flamigo\n|-damage|p1a: Flamigo|0 fnt\n|faint|p1a: Flamigo\n|\n|win|bigbranonbampus\n|raw|Gogooie's rating: 1078 &rarr; <strong>1062<\/strong><br \/>(-16 for losing)\n|raw|bigbranonbampus's rating: 1167 &rarr; <strong>1186<\/strong><br \/>(+19 for winning)\n|l|\u2606Gogooie\n","uploadtime":1700231203,"views":34,"p1id":"gogooie","p2id":"bigbranonbampus","formatid":"gen9doublesou","rating":1062,"private":0,"password":""}