{"id":"gen9doublesou-1978969642","p1":"plantshrine","p2":"npcmonkey","format":"[Gen 9] Doubles OU","log":"|j|\u2606plantshrine\n|j|\u2606npcmonkey\n|t:|1698615932\n|gametype|doubles\n|player|p1|plantshrine|gardenia|1164\n|player|p2|npcmonkey|1|1195\n|teamsize|p1|6\n|teamsize|p2|6\n|gen|9\n|tier|[Gen 9] Doubles OU\n|rated|\n|rule|Species Clause: Limit one of each Pok\u00e9mon\n|rule|OHKO Clause: OHKO moves are banned\n|rule|Evasion Moves Clause: Evasion moves are banned\n|rule|Gravity Sleep Clause: The combination of sleep-inducing moves with imperfect accuracy and Gravity or Gigantamax Orbeetle are banned\n|rule|Endless Battle Clause: Forcing endless battles is banned\n|rule|HP Percentage Mod: HP is shown in percentages\n|clearpoke\n|poke|p1|Poliwrath, F|\n|poke|p1|Grimmsnarl, M|\n|poke|p1|Sinistcha-Masterpiece|\n|poke|p1|Murkrow, F|\n|poke|p1|Chien-Pao|\n|poke|p1|Farigiraf, F|\n|poke|p2|Amoonguss, M|\n|poke|p2|Clefairy, M|\n|poke|p2|Chi-Yu|\n|poke|p2|Gholdengo|\n|poke|p2|Grimmsnarl, M|\n|poke|p2|Roaring Moon|\n|teampreview\n|inactive|Battle timer is ON: inactive players will automatically lose when time's up. (requested by npcmonkey)\n|\n|t:|1698615948\n|start\n|switch|p1a: Poliwrath|Poliwrath, F|100\/100\n|switch|p1b: Grimmsnarl|Grimmsnarl, M|100\/100\n|switch|p2a: Gartengnom|Grimmsnarl, M|100\/100\n|switch|p2b: Goldfisch Jimmy|Chi-Yu|100\/100\n|-ability|p2b: Goldfisch Jimmy|Beads of Ruin\n|turn|1\n|\n|t:|1698615972\n|switch|p1a: Farigiraf|Farigiraf, F|100\/100\n|move|p2a: Gartengnom|Fake Out||[still]\n|cant|p1a: Farigiraf|ability: Armor Tail|Fake Out|[of] p2a: Gartengnom\n|move|p1b: Grimmsnarl|Light Screen|p1b: Grimmsnarl\n|-sidestart|p1: plantshrine|move: Light Screen\n|move|p2b: Goldfisch Jimmy|Overheat|p1a: Farigiraf\n|-crit|p1a: Farigiraf\n|-damage|p1a: Farigiraf|0 fnt\n|-unboost|p2b: Goldfisch Jimmy|spa|2\n|faint|p1a: Farigiraf\n|\n|upkeep\n|inactive|plantshrine has 120 seconds left.\n|\n|t:|1698616010\n|switch|p1a: Murkrow|Murkrow, F|100\/100\n|turn|2\n|inactive|plantshrine has 120 seconds left.\n|\n|t:|1698616033\n|switch|p2b: E T|Clefairy, M|100\/100\n|move|p1a: Murkrow|Rain Dance|p1a: Murkrow\n|-weather|RainDance\n|move|p1b: Grimmsnarl|Parting Shot|p2b: E T\n|-unboost|p2b: E T|atk|1\n|-unboost|p2b: E T|spa|1\n|\n|t:|1698616041\n|switch|p1b: Poliwrath|Poliwrath, F|100\/100|[from] Parting Shot\n|move|p2a: Gartengnom|Light Screen|p2a: Gartengnom\n|-sidestart|p2: npcmonkey|move: Light Screen\n|\n|-weather|RainDance|[upkeep]\n|upkeep\n|turn|3\n|\n|t:|1698616057\n|-terastallize|p1b: Poliwrath|Electric\n|move|p1a: Murkrow|Thunder Wave|p2b: E T\n|-status|p2b: E T|par\n|move|p2a: Gartengnom|Parting Shot|p1b: Poliwrath\n|-unboost|p1b: Poliwrath|atk|1\n|-unboost|p1b: Poliwrath|spa|1\n|\n|t:|1698616067\n|switch|p2a: Sailor Moon|Roaring Moon|100\/100|[from] Parting Shot\n|-enditem|p2a: Sailor Moon|Booster Energy\n|-activate|p2a: Sailor Moon|ability: Protosynthesis|[fromitem]\n|-start|p2a: Sailor Moon|protosynthesisatk\n|move|p1b: Poliwrath|Belly Drum|p1b: Poliwrath\n|-damage|p1b: Poliwrath|51\/100\n|-setboost|p1b: Poliwrath|atk|6|[from] move: Belly Drum\n|move|p2b: E T|Life Dew||[still]|[still]|[spread] \n|-fail|p2a: Sailor Moon|heal\n|-fail|p2b: E T|heal\n|\n|-weather|RainDance|[upkeep]\n|upkeep\n|turn|4\n|inactive|npcmonkey has 120 seconds left.\n|\n|t:|1698616112\n|move|p1a: Murkrow|Tailwind|p1a: Murkrow\n|-sidestart|p1: plantshrine|move: Tailwind\n|move|p1b: Poliwrath|Drain Punch|p2a: Sailor Moon\n|-supereffective|p2a: Sailor Moon\n|-damage|p2a: Sailor Moon|0 fnt\n|-heal|p1b: Poliwrath|100\/100|[from] drain|[of] p2a: Sailor Moon\n|faint|p2a: Sailor Moon\n|-end|p2a: Sailor Moon|Protosynthesis|[silent]\n|move|p2b: E T|Encore|p1b: Poliwrath\n|-start|p1b: Poliwrath|Encore\n|\n|-weather|RainDance|[upkeep]\n|upkeep\n|\n|t:|1698616129\n|switch|p2a: Cheesestring|Gholdengo|100\/100\n|turn|5\n|\n|t:|1698616158\n|switch|p1a: Chien-Pao|Chien-Pao|100\/100\n|-ability|p1a: Chien-Pao|Sword of Ruin\n|cant|p2b: E T|par\n|move|p1b: Poliwrath|Drain Punch|p2b: E T\n|-resisted|p2b: E T\n|-damage|p2b: E T|0 fnt\n|faint|p2b: E T\n|move|p2a: Cheesestring|Shadow Ball|p1b: Poliwrath\n|-damage|p1b: Poliwrath|73\/100\n|\n|-weather|RainDance|[upkeep]\n|upkeep\n|\n|t:|1698616175\n|switch|p2b: Goldfisch Jimmy|Chi-Yu|100\/100\n|-ability|p2b: Goldfisch Jimmy|Beads of Ruin\n|turn|6\n|inactive|npcmonkey has 120 seconds left.\n|\n|t:|1698616200\n|move|p1b: Poliwrath|Drain Punch|p2b: Goldfisch Jimmy\n|-supereffective|p2b: Goldfisch Jimmy\n|-damage|p2b: Goldfisch Jimmy|0 fnt\n|-heal|p1b: Poliwrath|100\/100|[from] drain|[of] p2b: Goldfisch Jimmy\n|faint|p2b: Goldfisch Jimmy\n|move|p1a: Chien-Pao|Crunch|p2a: Cheesestring\n|-supereffective|p2a: Cheesestring\n|-damage|p2a: Cheesestring|0 fnt\n|faint|p2a: Cheesestring\n|-damage|p1a: Chien-Pao|91\/100|[from] item: Life Orb\n|\n|-weather|none\n|upkeep\n|-message|npcmonkey forfeited.\n|\n|win|plantshrine\n|raw|plantshrine's rating: 1164 &rarr; <strong>1191<\/strong><br \/>(+27 for winning)\n|raw|npcmonkey's rating: 1195 &rarr; <strong>1168<\/strong><br \/>(-27 for losing)\n|l|\u2606npcmonkey\n|l|\u2606plantshrine\n|j|\u2606plantshrine\n|player|p1|plantshrine|gardenia\n","uploadtime":1698616234,"views":25,"p1id":"plantshrine","p2id":"npcmonkey","formatid":"gen9doublesou","rating":1168,"private":0,"password":""}