{"id":"gen9doublesou-1989113607","p1":"Twink1","p2":"Supre333","format":"[Gen 9] Doubles OU","log":"|j|\u2606Twink1\n|j|\u2606Supre333\n|t:|1699813671\n|gametype|doubles\n|player|p1|Twink1|101|1226\n|player|p2|Supre333|hugh|1116\n|teamsize|p1|6\n|teamsize|p2|6\n|gen|9\n|tier|[Gen 9] Doubles OU\n|rated|\n|rule|Species Clause: Limit one of each Pok\u00e9mon\n|rule|OHKO Clause: OHKO moves are banned\n|rule|Evasion Moves Clause: Evasion moves are banned\n|rule|Gravity Sleep Clause: The combination of sleep-inducing moves with imperfect accuracy and Gravity or Gigantamax Orbeetle are banned\n|rule|Endless Battle Clause: Forcing endless battles is banned\n|rule|HP Percentage Mod: HP is shown in percentages\n|clearpoke\n|poke|p1|Lycanroc, M|\n|poke|p1|Sandslash, M|\n|poke|p1|Tyranitar, M|\n|poke|p1|Gliscor, M|\n|poke|p1|Orthworm, M|\n|poke|p1|Mismagius, M|\n|poke|p2|Iron Hands|\n|poke|p2|Indeedee-F, F|\n|poke|p2|Armarouge, M|\n|poke|p2|Farigiraf, F|\n|poke|p2|Brute Bonnet|\n|poke|p2|Vikavolt, F|\n|teampreview\n|\n|t:|1699813686\n|start\n|switch|p1a: Tyranitar|Tyranitar, M|100\/100\n|switch|p1b: Sandslash|Sandslash, M|100\/100\n|switch|p2a: Farigiraf|Farigiraf, F|100\/100\n|switch|p2b: Iron Hands|Iron Hands|100\/100\n|-weather|Sandstorm|[from] ability: Sand Stream|[of] p1a: Tyranitar\n|turn|1\n|\n|t:|1699813701\n|move|p2b: Iron Hands|Fake Out|p1a: Tyranitar\n|-resisted|p1a: Tyranitar\n|-damage|p1a: Tyranitar|94\/100\n|move|p1b: Sandslash|Knock Off|p2a: Farigiraf\n|-supereffective|p2a: Farigiraf\n|-damage|p2a: Farigiraf|37\/100\n|-enditem|p2a: Farigiraf|King's Rock|[from] move: Knock Off|[of] p1b: Sandslash\n|cant|p1a: Tyranitar|flinch\n|move|p2a: Farigiraf|Trick Room|p2a: Farigiraf\n|-fieldstart|move: Trick Room|[of] p2a: Farigiraf\n|\n|-weather|Sandstorm|[upkeep]\n|-damage|p2b: Iron Hands|94\/100|[from] Sandstorm\n|-damage|p2a: Farigiraf|30\/100|[from] Sandstorm\n|upkeep\n|turn|2\n|\n|t:|1699813731\n|switch|p1a: Mismagius|Mismagius, M|100\/100\n|-singleturn|p2b: Iron Hands|move: Focus Punch\n|move|p2a: Farigiraf|Twin Beam|p1b: Sandslash\n|-damage|p1b: Sandslash|58\/100\n|-damage|p1b: Sandslash|21\/100\n|-hitcount|p1b: Sandslash|2\n|move|p1b: Sandslash|Knock Off|p2a: Farigiraf\n|-supereffective|p2a: Farigiraf\n|-damage|p2a: Farigiraf|0 fnt\n|faint|p2a: Farigiraf\n|move|p2b: Iron Hands|Focus Punch|p1a: Mismagius\n|-immune|p1a: Mismagius\n|\n|-weather|Sandstorm|[upkeep]\n|-damage|p2b: Iron Hands|88\/100|[from] Sandstorm\n|upkeep\n|\n|t:|1699813739\n|switch|p2a: Brute Bonnet|Brute Bonnet|100\/100\n|-enditem|p2a: Brute Bonnet|Booster Energy\n|-activate|p2a: Brute Bonnet|ability: Protosynthesis|[fromitem]\n|-start|p2a: Brute Bonnet|protosynthesisatk\n|turn|3\n|\n|t:|1699813764\n|move|p2a: Brute Bonnet|Crunch|p1a: Mismagius\n|-supereffective|p1a: Mismagius\n|-damage|p1a: Mismagius|0 fnt\n|faint|p1a: Mismagius\n|move|p2b: Iron Hands|Heavy Slam|p1b: Sandslash\n|-damage|p1b: Sandslash|0 fnt\n|faint|p1b: Sandslash\n|\n|-weather|Sandstorm|[upkeep]\n|-damage|p2a: Brute Bonnet|94\/100|[from] Sandstorm\n|-damage|p2b: Iron Hands|82\/100|[from] Sandstorm\n|upkeep\n|\n|t:|1699813784\n|switch|p1b: Orthworm|Orthworm, M|100\/100\n|switch|p1a: Lycanroc|Lycanroc, M|100\/100\n|turn|4\n|\n|t:|1699813801\n|-singleturn|p2b: Iron Hands|move: Focus Punch\n|move|p2a: Brute Bonnet|Close Combat|p1a: Lycanroc\n|-supereffective|p1a: Lycanroc\n|-enditem|p1a: Lycanroc|Focus Sash\n|-damage|p1a: Lycanroc|1\/100\n|-unboost|p2a: Brute Bonnet|def|1\n|-unboost|p2a: Brute Bonnet|spd|1\n|move|p1b: Orthworm|Iron Defense|p1b: Orthworm\n|-boost|p1b: Orthworm|def|2\n|move|p1a: Lycanroc|Psychic Fangs|p2b: Iron Hands\n|-supereffective|p2b: Iron Hands\n|-damage|p2b: Iron Hands|44\/100\n|cant|p2b: Iron Hands|Focus Punch|Focus Punch\n|\n|-weather|Sandstorm|[upkeep]\n|-damage|p2a: Brute Bonnet|88\/100|[from] Sandstorm\n|-damage|p2b: Iron Hands|38\/100|[from] Sandstorm\n|upkeep\n|turn|5\n|\n|t:|1699813829\n|move|p2a: Brute Bonnet|Close Combat|p1b: Orthworm\n|-supereffective|p1b: Orthworm\n|-damage|p1b: Orthworm|61\/100\n|-unboost|p2a: Brute Bonnet|def|1\n|-unboost|p2a: Brute Bonnet|spd|1\n|move|p2b: Iron Hands|Heavy Slam|p1a: Lycanroc\n|-supereffective|p1a: Lycanroc\n|-crit|p1a: Lycanroc\n|-damage|p1a: Lycanroc|0 fnt\n|faint|p1a: Lycanroc\n|move|p1b: Orthworm|Iron Defense|p1b: Orthworm\n|-boost|p1b: Orthworm|def|2\n|\n|-weather|none\n|-heal|p1b: Orthworm|67\/100|[from] item: Leftovers\n|-fieldend|move: Trick Room\n|upkeep\n|\n|t:|1699813845\n|switch|p1a: Tyranitar|Tyranitar, M|94\/100\n|-weather|Sandstorm|[from] ability: Sand Stream|[of] p1a: Tyranitar\n|turn|6\n|\n|t:|1699813859\n|-singleturn|p2b: Iron Hands|move: Focus Punch\n|move|p1b: Orthworm|Iron Defense|p1b: Orthworm\n|-boost|p1b: Orthworm|def|2\n|move|p1a: Tyranitar|Earthquake|p2b: Iron Hands|[spread] p2a,p2b\n|-heal|p1b: Orthworm|92\/100|[from] ability: Earth Eater|[of] p1a: Tyranitar\n|-resisted|p2a: Brute Bonnet\n|-supereffective|p2b: Iron Hands\n|-damage|p2a: Brute Bonnet|72\/100\n|-damage|p2b: Iron Hands|11\/100\n|move|p2a: Brute Bonnet|Spore|p1a: Tyranitar\n|-status|p1a: Tyranitar|slp|[from] move: Spore\n|cant|p2b: Iron Hands|Focus Punch|Focus Punch\n|\n|-weather|Sandstorm|[upkeep]\n|-damage|p2b: Iron Hands|4\/100|[from] Sandstorm\n|-damage|p2a: Brute Bonnet|66\/100|[from] Sandstorm\n|-heal|p1b: Orthworm|98\/100|[from] item: Leftovers\n|upkeep\n|turn|7\n|\n|t:|1699813882\n|-singleturn|p2b: Iron Hands|move: Focus Punch\n|move|p1b: Orthworm|Body Press|p2a: Brute Bonnet\n|-supereffective|p2a: Brute Bonnet\n|-damage|p2a: Brute Bonnet|0 fnt\n|faint|p2a: Brute Bonnet\n|-end|p2a: Brute Bonnet|Protosynthesis|[silent]\n|cant|p1a: Tyranitar|slp\n|move|p2b: Iron Hands|Focus Punch|p1a: Tyranitar\n|-supereffective|p1a: Tyranitar\n|-damage|p1a: Tyranitar|0 fnt\n|faint|p1a: Tyranitar\n|\n|-weather|Sandstorm|[upkeep]\n|-damage|p2b: Iron Hands|0 fnt|[from] Sandstorm\n|faint|p2b: Iron Hands\n|-end|p2b: Iron Hands|Quark Drive|[silent]\n|-heal|p1b: Orthworm|100\/100|[from] item: Leftovers\n|upkeep\n|\n|t:|1699813900\n|switch|p1a: Gliscor|Gliscor, M|100\/100\n|switch|p2b: Armarouge|Armarouge, M|100\/100\n|switch|p2a: Indeedee|Indeedee-F, F|100\/100\n|-fieldstart|move: Psychic Terrain|[from] ability: Psychic Surge|[of] p2a: Indeedee\n|-enditem|p2a: Indeedee|Psychic Seed\n|-boost|p2a: Indeedee|spd|1|[from] item: Psychic Seed\n|turn|8\n|\n|t:|1699813918\n|move|p2a: Indeedee|Follow Me|p2a: Indeedee\n|-singleturn|p2a: Indeedee|move: Follow Me\n|move|p1a: Gliscor|Crabhammer|p2a: Indeedee\n|-damage|p2a: Indeedee|57\/100\n|move|p1b: Orthworm|Body Press|p2a: Indeedee\n|-damage|p2a: Indeedee|0 fnt\n|faint|p2a: Indeedee\n|move|p2b: Armarouge|Expanding Force|p1a: Gliscor|[spread] p1a,p1b\n|-resisted|p1b: Orthworm\n|-damage|p1a: Gliscor|0 fnt\n|-damage|p1b: Orthworm|33\/100\n|faint|p1a: Gliscor\n|\n|-weather|Sandstorm|[upkeep]\n|-damage|p2b: Armarouge|94\/100|[from] Sandstorm\n|-heal|p1b: Orthworm|39\/100|[from] item: Leftovers\n|upkeep\n|\n|t:|1699813929\n|switch|p2a: Vikavolt|Vikavolt, F|100\/100\n|turn|9\n|\n|t:|1699813943\n|move|p1b: Orthworm|Protect|p1b: Orthworm\n|-singleturn|p1b: Orthworm|Protect\n|move|p2b: Armarouge|Expanding Force|p1b: Orthworm\n|-activate|p1b: Orthworm|move: Protect\n|move|p2a: Vikavolt|Thunderbolt|p1b: Orthworm\n|-activate|p1b: Orthworm|move: Protect\n|\n|-weather|Sandstorm|[upkeep]\n|-damage|p2b: Armarouge|88\/100|[from] Sandstorm\n|-damage|p2a: Vikavolt|94\/100|[from] Sandstorm\n|-heal|p1b: Orthworm|45\/100|[from] item: Leftovers\n|upkeep\n|turn|10\n|\n|t:|1699813956\n|move|p1b: Orthworm|Body Press|p2b: Armarouge\n|-resisted|p2b: Armarouge\n|-damage|p2b: Armarouge|28\/100\n|move|p2b: Armarouge|Expanding Force|p1b: Orthworm\n|-resisted|p1b: Orthworm\n|-damage|p1b: Orthworm|0 fnt\n|faint|p1b: Orthworm\n|\n|win|Supre333\n|raw|Twink1's rating: 1226 &rarr; <strong>1193<\/strong><br \/>(-33 for losing)\n|raw|Supre333's rating: 1116 &rarr; <strong>1149<\/strong><br \/>(+33 for winning)\n|l|\u2606Twink1\n","uploadtime":1699813971,"views":19,"p1id":"twink1","p2id":"supre333","formatid":"gen9doublesou","rating":1149,"private":0,"password":""}