{"id":"gen9doublesou-1995493057","p1":"2345678b","p2":"Blackbelt59","format":"[Gen 9] Doubles OU","log":"|j|\u26062345678b\n|j|\u2606Blackbelt59\n|t:|1700576764\n|gametype|doubles\n|player|p1|2345678b|grimsley|1298\n|player|p2|Blackbelt59|palmer|1264\n|teamsize|p1|6\n|teamsize|p2|6\n|gen|9\n|tier|[Gen 9] Doubles OU\n|rated|\n|rule|Species Clause: Limit one of each Pok\u00e9mon\n|rule|OHKO Clause: OHKO moves are banned\n|rule|Evasion Moves Clause: Evasion moves are banned\n|rule|Gravity Sleep Clause: The combination of sleep-inducing moves with imperfect accuracy and Gravity or Gigantamax Orbeetle are banned\n|rule|Endless Battle Clause: Forcing endless battles is banned\n|rule|HP Percentage Mod: HP is shown in percentages\n|clearpoke\n|poke|p1|Torkoal, M|\n|poke|p1|Scovillain, F|\n|poke|p1|Roaring Moon|\n|poke|p1|Landorus-Therian, M|\n|poke|p1|Gholdengo|\n|poke|p1|Brute Bonnet|\n|poke|p2|Muk-Alola, M|\n|poke|p2|Landorus-Therian, M|\n|poke|p2|Salamence, F|\n|poke|p2|Rotom-Wash|\n|poke|p2|Dudunsparce-*, F|\n|poke|p2|Chandelure, F|\n|teampreview\n|inactive|Battle timer is ON: inactive players will automatically lose when time's up. (requested by 2345678b)\n|\n|t:|1700576801\n|start\n|switch|p1a: Landorus|Landorus-Therian, M|100\/100\n|switch|p1b: Brute Bonnet|Brute Bonnet|100\/100\n|switch|p2a: Bro|Landorus-Therian, M|100\/100\n|switch|p2b: Women|Rotom-Wash|100\/100\n|-ability|p1a: Landorus|Intimidate|boost\n|-unboost|p2a: Bro|atk|1\n|-unboost|p2b: Women|atk|1\n|-ability|p2a: Bro|Intimidate|boost\n|-unboost|p1a: Landorus|atk|1\n|-unboost|p1b: Brute Bonnet|atk|1\n|turn|1\n|\n|t:|1700576828\n|move|p1a: Landorus|U-turn|p2b: Women\n|-damage|p2b: Women|80\/100\n|\n|t:|1700576838\n|switch|p1a: Roaring Moon|Roaring Moon|100\/100|[from] U-turn\n|move|p2a: Bro|Earthquake|p1a: Roaring Moon|[spread] p1a,p1b\n|-immune|p2b: Women|[from] ability: Levitate\n|-resisted|p1b: Brute Bonnet\n|-crit|p1b: Brute Bonnet\n|-damage|p1a: Roaring Moon|65\/100\n|-damage|p1b: Brute Bonnet|76\/100\n|move|p2b: Women|Hydro Pump|p1a: Roaring Moon\n|-resisted|p1a: Roaring Moon\n|-damage|p1a: Roaring Moon|45\/100\n|move|p1b: Brute Bonnet|Spore|p2a: Bro\n|-status|p2a: Bro|slp|[from] move: Spore\n|\n|-heal|p1b: Brute Bonnet|82\/100|[from] item: Leftovers\n|upkeep\n|turn|2\n|c|\u2606Blackbelt59|spore go crazy\n|inactive|Blackbelt59 has 120 seconds left.\n|c|\u26062345678b|Yes sirr\n|\n|t:|1700576870\n|-end|p1b: Brute Bonnet|Protosynthesis|[silent]\n|switch|p1b: Torkoal|Torkoal, M|100\/100\n|-weather|SunnyDay|[from] ability: Drought|[of] p1b: Torkoal\n|-activate|p1a: Roaring Moon|ability: Protosynthesis\n|-start|p1a: Roaring Moon|protosynthesisspe\n|move|p1a: Roaring Moon|Protect|p1a: Roaring Moon\n|-singleturn|p1a: Roaring Moon|Protect\n|cant|p2a: Bro|slp\n|move|p2b: Women|Will-O-Wisp|p1a: Roaring Moon\n|-activate|p1a: Roaring Moon|move: Protect\n|\n|-weather|SunnyDay|[upkeep]\n|upkeep\n|turn|3\n|inactive|Blackbelt59 has 120 seconds left.\n|\n|t:|1700576897\n|-end|p1a: Roaring Moon|Protosynthesis|[silent]\n|switch|p1a: Scovillain|Scovillain, F|100\/100\n|switch|p2a: House Party|Chandelure, F|100\/100\n|move|p2b: Women|Hydro Pump|p1b: Torkoal\n|-supereffective|p1b: Torkoal\n|-damage|p1b: Torkoal|67\/100\n|move|p1b: Torkoal|Solar Beam||[still]\n|-prepare|p1b: Torkoal|Solar Beam\n|-anim|p1b: Torkoal|Solar Beam|p2b: Women\n|-supereffective|p2b: Women\n|-damage|p2b: Women|43\/100\n|\n|-weather|SunnyDay|[upkeep]\n|upkeep\n|turn|4\n|\n|t:|1700576920\n|switch|p1b: Roaring Moon|Roaring Moon|45\/100\n|-activate|p1b: Roaring Moon|ability: Protosynthesis\n|-start|p1b: Roaring Moon|protosynthesisspe\n|move|p2b: Women|Protect|p2b: Women\n|-singleturn|p2b: Women|Protect\n|move|p1a: Scovillain|Rage Powder|p1a: Scovillain\n|-singleturn|p1a: Scovillain|move: Rage Powder\n|move|p2a: House Party|Calm Mind|p2a: House Party\n|-boost|p2a: House Party|spa|1\n|-boost|p2a: House Party|spd|1\n|\n|-weather|SunnyDay|[upkeep]\n|upkeep\n|turn|5\n|\n|t:|1700576940\n|move|p2a: House Party|Protect|p2a: House Party\n|-singleturn|p2a: House Party|Protect\n|move|p1b: Roaring Moon|Rock Slide|p2a: House Party|[spread] p2b\n|-activate|p2a: House Party|move: Protect\n|-damage|p2b: Women|24\/100\n|-enditem|p2b: Women|Iapapa Berry|[eat]\n|-heal|p2b: Women|57\/100|[from] item: Iapapa Berry\n|move|p1a: Scovillain|Spicy Extract|p1b: Roaring Moon\n|-fail|p1b: Roaring Moon|unboost|[from] item: Clear Amulet|[of] p1b: Roaring Moon\n|-boost|p1b: Roaring Moon|atk|2\n|move|p2b: Women|Hydro Pump|p1a: Scovillain\n|-crit|p1a: Scovillain\n|-damage|p1a: Scovillain|56\/100\n|\n|-weather|SunnyDay|[upkeep]\n|upkeep\n|turn|6\n|inactive|Blackbelt59 has 120 seconds left.\n|c|\u2606Blackbelt59|!dt Spicy Extract\n|raw|<ul class=\"utilichart\"><li class=\"result\"><span class=\"col movenamecol\"><a href=\"https:\/\/dex.pokemonshowdown.com\/moves\/spicyextract\">Spicy Extract<\/a><\/span> <span class=\"col typecol\"><img src=\"\/\/play.pokemonshowdown.com\/sprites\/types\/Grass.png\" alt=\"Grass\" width=\"32\" height=\"14\"><img src=\"\/\/play.pokemonshowdown.com\/sprites\/categories\/Status.png\" alt=\"Status\" width=\"32\" height=\"14\"><\/span> <span class=\"col widelabelcol\"><em>Accuracy<\/em><br>\u2014<\/span> <span class=\"col pplabelcol\"><em>PP<\/em><br>24<\/span> <span class=\"col movedesccol\">Raises target's Atk by 2 and lowers its Def by 2.<\/span> <\/li><li style=\"clear:both\"><\/li><\/ul>\n|raw|<font size=\"1\"><font color=\"#686868\">Priority:<\/font> 0&nbsp;|&ThickSpace;<font color=\"#686868\">Gen:<\/font> 9&nbsp;|&ThickSpace;&#10003; Bounceable&nbsp;|&ThickSpace;<font color=\"#686868\">Z-Effect:<\/font> None&nbsp;|&ThickSpace;<font color=\"#686868\">Target:<\/font> One Adjacent Pok\u00e9mon<\/font>\n\n|c|\u2606Blackbelt59|woah\n|c|\u26062345678b|lol\n|c|\u2606Blackbelt59|crazy\n|c|\u2606Blackbelt59|im old. idk some of this shit\n|c|\u26062345678b|Dont blame you\n|inactive|Blackbelt59 has 90 seconds left.\n|\n|t:|1700577006\n|-terastallize|p2a: House Party|Water\n|move|p1a: Scovillain|Rage Powder|p1a: Scovillain\n|-singleturn|p1a: Scovillain|move: Rage Powder\n|move|p1b: Roaring Moon|Rock Slide|p2b: Women|[spread] p2a,p2b\n|-crit|p2b: Women\n|-damage|p2a: House Party|39\/100\n|-damage|p2b: Women|0 fnt\n|faint|p2b: Women\n|move|p2a: House Party|Flamethrower|p1a: Scovillain\n|-damage|p1a: Scovillain|0 fnt\n|faint|p1a: Scovillain\n|\n|-weather|SunnyDay|[upkeep]\n|upkeep\n|c|\u26062345678b|This stuff is pretty botom of the barrel\n|inactive|Blackbelt59 has 90 seconds left.\n|c|\u2606Blackbelt59|I played scarlet and Voleit just dont know some of the new stuff yet\n|\n|t:|1700577044\n|switch|p1a: Landorus|Landorus-Therian, M|100\/100\n|switch|p2b: Bro|Landorus-Therian, M|100\/100 slp\n|-ability|p1a: Landorus|Intimidate|boost\n|-unboost|p2a: House Party|atk|1\n|-unboost|p2b: Bro|atk|1\n|-ability|p2b: Bro|Intimidate|boost\n|-unboost|p1a: Landorus|atk|1\n|-fail|p1b: Roaring Moon|unboost|[from] item: Clear Amulet|[of] p1b: Roaring Moon\n|turn|7\n|inactive|Blackbelt59 has 90 seconds left.\n|c|\u26062345678b|I didnt even play the games\n|inactive|2345678b has 120 seconds left.\n|\n|t:|1700577076\n|move|p2a: House Party|Protect|p2a: House Party\n|-singleturn|p2a: House Party|Protect\n|move|p1b: Roaring Moon|Rock Slide|p2a: House Party|[spread] p2b\n|-activate|p2a: House Party|move: Protect\n|-damage|p2b: Bro|54\/100 slp\n|move|p1a: Landorus|Rock Slide|p2b: Bro|[spread] p2b\n|-activate|p2a: House Party|move: Protect\n|-damage|p2b: Bro|36\/100 slp\n|cant|p2b: Bro|slp\n|\n|-weather|SunnyDay|[upkeep]\n|upkeep\n|turn|8\n|inactive|Blackbelt59 has 90 seconds left.\n|\n|t:|1700577095\n|move|p1b: Roaring Moon|Rock Slide|p2b: Bro|[spread] p2a,p2b\n|-damage|p2a: House Party|0 fnt\n|-damage|p2b: Bro|0 fnt\n|faint|p2a: House Party\n|faint|p2b: Bro\n|move|p1a: Landorus|Rock Slide|p2: House Party|[notarget]\n|-fail|p1a: Landorus\n|\n|-weather|SunnyDay|[upkeep]\n|upkeep\n|inactive|Blackbelt59 has 90 seconds left.\n|\n|t:|1700577106\n|switch|p2b: Mountain Dew|Muk-Alola, M|100\/100\n|switch|p2a: There is three now|Dudunsparce-Three-Segment, F|100\/100\n|turn|9\n|inactive|Blackbelt59 has 90 seconds left.\n|\n|t:|1700577129\n|move|p1b: Roaring Moon|Protect|p1b: Roaring Moon\n|-singleturn|p1b: Roaring Moon|Protect\n|move|p1a: Landorus|Rock Slide|p2b: Mountain Dew|[spread] p2a,p2b\n|-damage|p2a: There is three now|87\/100\n|-damage|p2b: Mountain Dew|85\/100\n|cant|p2a: There is three now|flinch\n|cant|p2b: Mountain Dew|flinch\n|\n|-weather|none\n|-end|p1b: Roaring Moon|Protosynthesis\n|-heal|p2a: There is three now|94\/100|[from] item: Leftovers\n|-heal|p2b: Mountain Dew|91\/100|[from] item: Black Sludge\n|upkeep\n|turn|10\n|c|\u2606Blackbelt59|bruh\n|\n|t:|1700577151\n|switch|p1a: Torkoal|Torkoal, M|67\/100\n|-weather|SunnyDay|[from] ability: Drought|[of] p1a: Torkoal\n|-activate|p1b: Roaring Moon|ability: Protosynthesis\n|-start|p1b: Roaring Moon|protosynthesisatk\n|-terastallize|p1b: Roaring Moon|Steel\n|move|p1b: Roaring Moon|Rock Slide|p2a: There is three now|[spread] p2a,p2b\n|-damage|p2a: There is three now|46\/100\n|-damage|p2b: Mountain Dew|35\/100\n|move|p2a: There is three now|Coil|p2a: There is three now\n|-boost|p2a: There is three now|atk|1\n|-boost|p2a: There is three now|def|1\n|-boost|p2a: There is three now|accuracy|1\n|move|p2b: Mountain Dew|Gunk Shot|p1b: Roaring Moon\n|-immune|p1b: Roaring Moon\n|\n|-weather|SunnyDay|[upkeep]\n|-heal|p2a: There is three now|52\/100|[from] item: Leftovers\n|-heal|p2b: Mountain Dew|41\/100|[from] item: Black Sludge\n|upkeep\n|turn|11\n|inactive|Blackbelt59 has 120 seconds left.\n|c|\u26062345678b|I am so sorry dude\n|\n|t:|1700577176\n|move|p2a: There is three now|Protect|p2a: There is three now\n|-singleturn|p2a: There is three now|Protect\n|move|p2b: Mountain Dew|Protect|p2b: Mountain Dew\n|-singleturn|p2b: Mountain Dew|Protect\n|move|p1b: Roaring Moon|Rock Slide|p2a: There is three now|[spread] \n|-activate|p2a: There is three now|move: Protect\n|-activate|p2b: Mountain Dew|move: Protect\n|move|p1a: Torkoal|Will-O-Wisp|p2a: There is three now\n|-activate|p2a: There is three now|move: Protect\n|\n|-weather|SunnyDay|[upkeep]\n|-heal|p2a: There is three now|59\/100|[from] item: Leftovers\n|-heal|p2b: Mountain Dew|47\/100|[from] item: Black Sludge\n|upkeep\n|turn|12\n|inactive|Blackbelt59 has 120 seconds left.\n|\n|t:|1700577200\n|switch|p1a: Gholdengo|Gholdengo|100\/100\n|move|p1b: Roaring Moon|Protect|p1b: Roaring Moon\n|-singleturn|p1b: Roaring Moon|Protect\n|move|p2a: There is three now|Baton Pass|p2a: There is three now\n|\n|t:|1700577206\n|switch|p2a: Rawr XD|Salamence, F|100\/100|[from] Baton Pass\n|move|p2b: Mountain Dew|Fire Punch|p1b: Roaring Moon\n|-activate|p1b: Roaring Moon|move: Protect\n|\n|-weather|SunnyDay|[upkeep]\n|-heal|p2b: Mountain Dew|53\/100|[from] item: Black Sludge\n|upkeep\n|turn|13\n|inactive|Blackbelt59 has 120 seconds left.\n|\n|t:|1700577244\n|move|p1b: Roaring Moon|Rock Slide|p2b: Mountain Dew|[spread] p2a,p2b\n|-supereffective|p2a: Rawr XD\n|-damage|p2a: Rawr XD|20\/100\n|-damage|p2b: Mountain Dew|0 fnt\n|faint|p2b: Mountain Dew\n|move|p2a: Rawr XD|Dragon Dance|p2a: Rawr XD\n|-boost|p2a: Rawr XD|atk|1\n|-boost|p2a: Rawr XD|spe|1\n|move|p1a: Gholdengo|Make It Rain|p2a: Rawr XD\n|-damage|p2a: Rawr XD|0 fnt\n|-unboost|p1a: Gholdengo|spa|1\n|faint|p2a: Rawr XD\n|\n|-weather|SunnyDay|[upkeep]\n|upkeep\n|\n|t:|1700577255\n|switch|p2b: There is three now|Dudunsparce-Three-Segment, F|59\/100\n|turn|14\n|c|\u2606Blackbelt59|yea gg\n|inactive|Blackbelt59 has 120 seconds left.\n|\n|t:|1700577267\n|move|p1b: Roaring Moon|Rock Slide|p2b: There is three now|[miss]\n|-miss|p1b: Roaring Moon|p2b: There is three now\n|move|p1a: Gholdengo|Make It Rain|p2b: There is three now\n|-damage|p2b: There is three now|12\/100\n|-unboost|p1a: Gholdengo|spa|1\n|move|p2b: There is three now|Hyper Drill|p1b: Roaring Moon\n|-resisted|p1b: Roaring Moon\n|-damage|p1b: Roaring Moon|19\/100\n|\n|-weather|SunnyDay|[upkeep]\n|-heal|p2b: There is three now|18\/100|[from] item: Leftovers\n|upkeep\n|turn|15\n|\n|t:|1700577283\n|move|p2b: There is three now|Protect|p2b: There is three now\n|-singleturn|p2b: There is three now|Protect\n|move|p1b: Roaring Moon|Knock Off|p2b: There is three now\n|-activate|p2b: There is three now|move: Protect\n|move|p1a: Gholdengo|Make It Rain|p2b: There is three now\n|-activate|p2b: There is three now|move: Protect\n|\n|-weather|SunnyDay|[upkeep]\n|-heal|p2b: There is three now|24\/100|[from] item: Leftovers\n|upkeep\n|turn|16\n|c|\u26062345678b|ggs\n|\n|t:|1700577296\n|move|p1b: Roaring Moon|Knock Off|p2b: There is three now\n|-damage|p2b: There is three now|0 fnt\n|-enditem|p2b: There is three now|Leftovers|[from] move: Knock Off|[of] p1b: Roaring Moon\n|faint|p2b: There is three now\n|\n|win|2345678b\n|raw|2345678b's rating: 1298 &rarr; <strong>1321<\/strong><br \/>(+23 for winning)\n|raw|Blackbelt59's rating: 1264 &rarr; <strong>1241<\/strong><br \/>(-23 for losing)\n|c|\u2606Blackbelt59|good luck good sir\n|c|\u2606Blackbelt59|with whatever you get up too\n|l|\u26062345678b\n|j|\u26062345678b\n|player|p1|2345678b|grimsley\n","uploadtime":1700577344,"views":10,"p1id":"2345678b","p2id":"blackbelt59","formatid":"gen9doublesou","rating":1241,"private":0,"password":""}