{"id":"gen9doublesou-1977776431","p1":"murmurxxx","p2":"elpape","format":"[Gen 9] Doubles OU","log":"|j|\u2606murmurxxx\n|j|\u2606elpape\n|t:|1698448267\n|gametype|doubles\n|player|p1|murmurxxx|169|1358\n|player|p2|elpape|dragontamer|1465\n|teamsize|p1|6\n|teamsize|p2|6\n|gen|9\n|tier|[Gen 9] Doubles OU\n|rated|\n|rule|Species Clause: Limit one of each Pok\u00e9mon\n|rule|OHKO Clause: OHKO moves are banned\n|rule|Evasion Moves Clause: Evasion moves are banned\n|rule|Gravity Sleep Clause: The combination of sleep-inducing moves with imperfect accuracy and Gravity or Gigantamax Orbeetle are banned\n|rule|Endless Battle Clause: Forcing endless battles is banned\n|rule|HP Percentage Mod: HP is shown in percentages\n|clearpoke\n|poke|p1|Torkoal, M|\n|poke|p1|Chi-Yu|\n|poke|p1|Tornadus, M|\n|poke|p1|Brute Bonnet|\n|poke|p1|Walking Wake|\n|poke|p1|Great Tusk|\n|poke|p2|Mew|\n|poke|p2|Torkoal, F|\n|poke|p2|Ogerpon-Hearthflame, F|\n|poke|p2|Cresselia, F|\n|poke|p2|Rillaboom, M|\n|poke|p2|Dragonite, F|\n|teampreview\n|inactive|Battle timer is ON: inactive players will automatically lose when time's up. (requested by elpape)\n|inactive|elpape has 120 seconds left.\n|\n|t:|1698448310\n|start\n|switch|p1a: Tornadus|Tornadus, M|100\/100\n|switch|p1b: Brute Bonnet|Brute Bonnet|100\/100\n|switch|p2a: Dragonite|Dragonite, F|100\/100\n|switch|p2b: Ogerpon|Ogerpon-Hearthflame, F|100\/100\n|-ability|p2b: Ogerpon|Mold Breaker\n|turn|1\n|inactive|murmurxxx has 120 seconds left.\n|\n|t:|1698448344\n|-terastallize|p2b: Ogerpon|Fire\n|detailschange|p2b: Ogerpon|Ogerpon-Hearthflame-Tera, F, tera:Fire\n|-ability|p2b: Ogerpon|Embody Aspect (Hearthflame)|boost\n|-boost|p2b: Ogerpon|atk|1\n|-terastallize|p1b: Brute Bonnet|Ghost\n|move|p2a: Dragonite|Extreme Speed|p1a: Tornadus\n|-damage|p1a: Tornadus|26\/100\n|move|p1a: Tornadus|Tailwind|p1a: Tornadus\n|-sidestart|p1: murmurxxx|move: Tailwind\n|move|p1b: Brute Bonnet|Spore|p2a: Dragonite\n|-status|p2a: Dragonite|slp|[from] move: Spore\n|move|p2b: Ogerpon|Ivy Cudgel|p1b: Brute Bonnet\n|-damage|p1b: Brute Bonnet|0 fnt\n|faint|p1b: Brute Bonnet\n|-end|p1b: Brute Bonnet|Protosynthesis|[silent]\n|\n|upkeep\n|inactive|murmurxxx has 120 seconds left.\n|\n|t:|1698448363\n|switch|p1b: Walking Wake|Walking Wake|100\/100\n|turn|2\n|\n|t:|1698448383\n|switch|p1a: Torkoal|Torkoal, M|100\/100\n|-weather|SunnyDay|[from] ability: Drought|[of] p1a: Torkoal\n|-activate|p1b: Walking Wake|ability: Protosynthesis\n|-start|p1b: Walking Wake|protosynthesisspe\n|switch|p2a: Rillaboom|Rillaboom, M|100\/100\n|-fieldstart|move: Grassy Terrain|[from] ability: Grassy Surge|[of] p2a: Rillaboom\n|move|p2b: Ogerpon|Grassy Glide|p1a: Torkoal\n|-resisted|p1a: Torkoal\n|-damage|p1a: Torkoal|76\/100\n|move|p1b: Walking Wake|Hydro Steam|p2b: Ogerpon\n|-supereffective|p2b: Ogerpon\n|-damage|p2b: Ogerpon|0 fnt\n|faint|p2b: Ogerpon\n|-damage|p1b: Walking Wake|91\/100|[from] item: Life Orb\n|\n|-weather|SunnyDay|[upkeep]\n|-heal|p1b: Walking Wake|97\/100|[from] Grassy Terrain\n|-heal|p1a: Torkoal|82\/100|[from] Grassy Terrain\n|upkeep\n|inactive|elpape has 120 seconds left.\n|\n|t:|1698448399\n|switch|p2b: Dragonite|Dragonite, F|100\/100 slp\n|turn|3\n|\n|t:|1698448418\n|move|p2a: Rillaboom|Fake Out|p1b: Walking Wake\n|-damage|p1b: Walking Wake|81\/100\n|cant|p1b: Walking Wake|flinch\n|cant|p2b: Dragonite|slp\n|move|p1a: Torkoal|Heat Wave|p2a: Rillaboom|[spread] p2a\n|-miss|p1a: Torkoal|p2b: Dragonite\n|-supereffective|p2a: Rillaboom\n|-damage|p2a: Rillaboom|0 fnt\n|faint|p2a: Rillaboom\n|\n|-weather|SunnyDay|[upkeep]\n|-heal|p1b: Walking Wake|87\/100|[from] Grassy Terrain\n|-heal|p1a: Torkoal|88\/100|[from] Grassy Terrain\n|upkeep\n|inactive|elpape has 120 seconds left.\n|\n|t:|1698448460\n|switch|p2a: Mew|Mew|100\/100\n|turn|4\n|\n|t:|1698448480\n|switch|p2b: Torkoal|Torkoal, F|100\/100\n|move|p1b: Walking Wake|Draco Meteor|p2b: Torkoal|[miss]\n|-miss|p1b: Walking Wake|p2b: Torkoal\n|move|p2a: Mew|Amnesia|p2a: Mew\n|-boost|p2a: Mew|spd|2\n|move|p1a: Torkoal|Heat Wave|p2a: Mew|[spread] p2a,p2b\n|-resisted|p2b: Torkoal\n|-damage|p2a: Mew|80\/100\n|-damage|p2b: Torkoal|69\/100\n|\n|-weather|SunnyDay|[upkeep]\n|-heal|p1b: Walking Wake|93\/100|[from] Grassy Terrain\n|-heal|p2a: Mew|86\/100|[from] Grassy Terrain\n|-heal|p2a: Mew|92\/100|[from] item: Leftovers\n|-heal|p1a: Torkoal|94\/100|[from] Grassy Terrain\n|-heal|p2b: Torkoal|75\/100|[from] Grassy Terrain\n|-sideend|p1: murmurxxx|move: Tailwind\n|upkeep\n|turn|5\n|c|\u2606murmurxxx|lol\n|c|\u2606murmurxxx|so sad\n|\n|t:|1698448506\n|move|p1b: Walking Wake|Hydro Steam|p2b: Torkoal\n|-supereffective|p2b: Torkoal\n|-damage|p2b: Torkoal|0 fnt\n|faint|p2b: Torkoal\n|-damage|p1b: Walking Wake|83\/100|[from] item: Life Orb\n|move|p2a: Mew|Amnesia|p2a: Mew\n|-boost|p2a: Mew|spd|2\n|move|p1a: Torkoal|Heat Wave|p2a: Mew\n|-damage|p2a: Mew|75\/100\n|\n|-weather|SunnyDay|[upkeep]\n|-heal|p1b: Walking Wake|90\/100|[from] Grassy Terrain\n|-heal|p2a: Mew|81\/100|[from] Grassy Terrain\n|-heal|p2a: Mew|87\/100|[from] item: Leftovers\n|-heal|p1a: Torkoal|100\/100|[from] Grassy Terrain\n|upkeep\n|\n|t:|1698448515\n|switch|p2b: Dragonite|Dragonite, F|100\/100 slp\n|turn|6\n|\n|t:|1698448535\n|-curestatus|p2b: Dragonite|slp|[msg]\n|move|p2b: Dragonite|Extreme Speed|p1b: Walking Wake\n|-damage|p1b: Walking Wake|42\/100\n|move|p1b: Walking Wake|Draco Meteor|p2b: Dragonite\n|-supereffective|p2b: Dragonite\n|-damage|p2b: Dragonite|0 fnt\n|-unboost|p1b: Walking Wake|spa|2\n|faint|p2b: Dragonite\n|-damage|p1b: Walking Wake|32\/100|[from] item: Life Orb\n|move|p2a: Mew|Iron Defense|p2a: Mew\n|-boost|p2a: Mew|def|2\n|move|p1a: Torkoal|Yawn|p2a: Mew\n|-start|p2a: Mew|move: Yawn|[of] p1a: Torkoal\n|\n|-weather|SunnyDay|[upkeep]\n|-heal|p1b: Walking Wake|38\/100|[from] Grassy Terrain\n|-heal|p2a: Mew|93\/100|[from] Grassy Terrain\n|-heal|p2a: Mew|99\/100|[from] item: Leftovers\n|upkeep\n|\n|t:|1698448544\n|switch|p2b: Cresselia|Cresselia, F|100\/100\n|turn|7\n|\n|t:|1698448562\n|-end|p1b: Walking Wake|Protosynthesis|[silent]\n|switch|p1b: Chi-Yu|Chi-Yu|100\/100\n|-ability|p1b: Chi-Yu|Beads of Ruin\n|move|p2a: Mew|Amnesia|p2a: Mew\n|-boost|p2a: Mew|spd|2\n|move|p2b: Cresselia|Calm Mind|p2b: Cresselia\n|-boost|p2b: Cresselia|spa|1\n|-boost|p2b: Cresselia|spd|1\n|move|p1a: Torkoal|Heat Wave|p2b: Cresselia|[spread] p2a,p2b\n|-damage|p2a: Mew|86\/100\n|-damage|p2b: Cresselia|73\/100\n|-status|p2a: Mew|brn\n|-activate|p2a: Mew|ability: Synchronize\n|-immune|p1a: Torkoal\n|\n|-weather|SunnyDay|[upkeep]\n|-heal|p2a: Mew|92\/100 brn|[from] Grassy Terrain\n|-heal|p2a: Mew|98\/100 brn|[from] item: Leftovers\n|-heal|p2b: Cresselia|80\/100|[from] item: Leftovers\n|-damage|p2a: Mew|92\/100 brn|[from] brn\n|-end|p2a: Mew|move: Yawn|[silent]\n|upkeep\n|turn|8\n|c|\u2606murmurxxx|LOL\n|c|\u2606murmurxxx|THIS BURN\n|c|\u2606murmurxxx|WTF\n|c|\u2606murmurxxx|NOT FAIR\n|c|\u2606murmurxxx|OMFG\n|c|\u2606murmurxxx|THIS BURN\n|c|\u2606murmurxxx|WTF\n|inactive|murmurxxx has 120 seconds left.\n|\n|t:|1698448596\n|move|p1b: Chi-Yu|Heat Wave|p2b: Cresselia|[spread] p2a,p2b\n|-crit|p2b: Cresselia\n|-damage|p2a: Mew|75\/100 brn\n|-damage|p2b: Cresselia|5\/100\n|move|p2a: Mew|Iron Defense|p2a: Mew\n|-boost|p2a: Mew|def|2\n|move|p2b: Cresselia|Lunar Blessing|p2b: Cresselia|[spread] p2a,p2b\n|-heal|p2a: Mew|99\/100 brn\n|-curestatus|p2a: Mew|brn|[msg]\n|-heal|p2b: Cresselia|30\/100\n|move|p1a: Torkoal|Heat Wave|p2b: Cresselia|[spread] p2a,p2b\n|-damage|p2a: Mew|88\/100\n|-damage|p2b: Cresselia|4\/100\n|-status|p2b: Cresselia|brn\n|\n|-weather|SunnyDay|[upkeep]\n|-heal|p2a: Mew|94\/100|[from] Grassy Terrain\n|-heal|p2a: Mew|99\/100|[from] item: Leftovers\n|-heal|p2b: Cresselia|10\/100 brn|[from] item: Leftovers\n|-damage|p2b: Cresselia|4\/100 brn|[from] brn\n|upkeep\n|turn|9\n|c|\u2606murmurxxx|omfg\n|inactive|elpape has 120 seconds left.\n|\n|t:|1698448629\n|move|p1b: Chi-Yu|Heat Wave|p2b: Cresselia|[spread] p2a,p2b\n|-damage|p2a: Mew|85\/100\n|-damage|p2b: Cresselia|0 fnt\n|-status|p2a: Mew|brn\n|-activate|p2a: Mew|ability: Synchronize\n|-immune|p1b: Chi-Yu\n|faint|p2b: Cresselia\n|move|p2a: Mew|Body Press|p1b: Chi-Yu\n|-supereffective|p1b: Chi-Yu\n|-damage|p1b: Chi-Yu|0 fnt\n|faint|p1b: Chi-Yu\n|move|p1a: Torkoal|Yawn||[still]\n|-fail|p1a: Torkoal\n|\n|-weather|none\n|-heal|p2a: Mew|91\/100 brn|[from] Grassy Terrain\n|-heal|p2a: Mew|97\/100 brn|[from] item: Leftovers\n|-damage|p2a: Mew|91\/100 brn|[from] brn\n|-fieldend|move: Grassy Terrain\n|upkeep\n|inactive|murmurxxx has 120 seconds left.\n|c|\u2606murmurxxx|WTF\n|c|\u2606murmurxxx|AGAIN FUCKING BURn\n|c|\u2606murmurxxx|OMFG\n|c|\u2606murmurxxx|WHAT SI THIS GMAE\n|\n|t:|1698448658\n|switch|p1b: Tornadus|Tornadus, M|26\/100\n|turn|10\n|inactive|murmurxxx has 120 seconds left.\n|inactive|elpape has 120 seconds left.\n|\n|t:|1698448697\n|move|p1b: Tornadus|Bleakwind Storm|p2a: Mew\n|-damage|p2a: Mew|79\/100 brn\n|-unboost|p2a: Mew|spe|1\n|move|p2a: Mew|Body Press|p1b: Tornadus\n|-resisted|p1b: Tornadus\n|-damage|p1b: Tornadus|0 fnt\n|faint|p1b: Tornadus\n|move|p1a: Torkoal|Earth Power|p2a: Mew\n|-damage|p2a: Mew|73\/100 brn\n|\n|-heal|p2a: Mew|79\/100 brn|[from] item: Leftovers\n|-damage|p2a: Mew|73\/100 brn|[from] brn\n|upkeep\n|inactive|murmurxxx has 90 seconds left.\n|\n|t:|1698448721\n|switch|p1b: Walking Wake|Walking Wake|38\/100\n|turn|11\n|\n|t:|1698448732\n|switch|p1a: Great Tusk|Great Tusk|100\/100\n|move|p1b: Walking Wake|Protect|p1b: Walking Wake\n|-singleturn|p1b: Walking Wake|Protect\n|move|p2a: Mew|Body Press|p1b: Walking Wake\n|-activate|p1b: Walking Wake|move: Protect\n|\n|-heal|p2a: Mew|79\/100 brn|[from] item: Leftovers\n|-damage|p2a: Mew|73\/100 brn|[from] brn\n|upkeep\n|turn|12\n|\n|t:|1698448750\n|-end|p1b: Walking Wake|Protosynthesis|[silent]\n|switch|p1b: Torkoal|Torkoal, M|100\/100\n|-weather|SunnyDay|[from] ability: Drought|[of] p1b: Torkoal\n|-activate|p1a: Great Tusk|ability: Protosynthesis\n|-start|p1a: Great Tusk|protosynthesisatk\n|move|p1a: Great Tusk|Headlong Rush|p2a: Mew\n|-damage|p2a: Mew|58\/100 brn\n|-unboost|p1a: Great Tusk|def|1\n|-unboost|p1a: Great Tusk|spd|1\n|move|p2a: Mew|Body Press|p1b: Torkoal\n|-damage|p1b: Torkoal|72\/100\n|\n|-weather|SunnyDay|[upkeep]\n|-heal|p2a: Mew|64\/100 brn|[from] item: Leftovers\n|-damage|p2a: Mew|58\/100 brn|[from] brn\n|upkeep\n|turn|13\n|c|\u2606elpape|A\n|\n|t:|1698448771\n|move|p1a: Great Tusk|Headlong Rush|p2a: Mew\n|-damage|p2a: Mew|41\/100 brn\n|-unboost|p1a: Great Tusk|def|1\n|-unboost|p1a: Great Tusk|spd|1\n|move|p2a: Mew|Iron Defense|p2a: Mew\n|-boost|p2a: Mew|def|2\n|move|p1b: Torkoal|Heat Wave|p2a: Mew|[miss]\n|-miss|p1b: Torkoal|p2a: Mew\n|\n|-weather|SunnyDay|[upkeep]\n|-heal|p2a: Mew|48\/100 brn|[from] item: Leftovers\n|-damage|p2a: Mew|41\/100 brn|[from] brn\n|upkeep\n|turn|14\n|c|\u2606murmurxxx|THIS IS A JOKE\n|\n|t:|1698448789\n|move|p1a: Great Tusk|Headlong Rush|p2a: Mew\n|-damage|p2a: Mew|31\/100 brn\n|-unboost|p1a: Great Tusk|def|1\n|-unboost|p1a: Great Tusk|spd|1\n|move|p2a: Mew|Body Press|p1a: Great Tusk\n|-damage|p1a: Great Tusk|8\/100\n|move|p1b: Torkoal|Heat Wave|p2a: Mew\n|-damage|p2a: Mew|17\/100 brn\n|\n|-weather|SunnyDay|[upkeep]\n|-heal|p2a: Mew|24\/100 brn|[from] item: Leftovers\n|-damage|p2a: Mew|17\/100 brn|[from] brn\n|upkeep\n|turn|15\n|-message|elpape forfeited.\n|\n|win|murmurxxx\n|raw|murmurxxx's rating: 1358 &rarr; <strong>1384<\/strong><br \/>(+26 for winning)\n|raw|elpape's rating: 1465 &rarr; <strong>1439<\/strong><br \/>(-26 for losing)\n|l|\u2606elpape\n","uploadtime":1698448642,"views":20,"p1id":"murmurxxx","p2id":"elpape","formatid":"gen9doublesou","rating":1384,"private":0,"password":""}