{"id":"gen9doublesou-1989977603","p1":"Jesuuuus","p2":"sirgarf","format":"[Gen 9] Doubles OU","log":"|j|\u2606Jesuuuus\n|j|\u2606sirgarf\n|inactive|Battle timer is ON: inactive players will automatically lose when time's up.\n|t:|1699911930\n|gametype|doubles\n|player|p1|Jesuuuus|alec-anime|\n|player|p2|sirgarf|ghetsis|\n|teamsize|p1|6\n|teamsize|p2|6\n|gen|9\n|tier|[Gen 9] Doubles OU\n|rated|Tournament battle\n|rule|Species Clause: Limit one of each Pok\u00e9mon\n|rule|OHKO Clause: OHKO moves are banned\n|rule|Evasion Moves Clause: Evasion moves are banned\n|rule|Gravity Sleep Clause: The combination of sleep-inducing moves with imperfect accuracy and Gravity or Gigantamax Orbeetle are banned\n|rule|Endless Battle Clause: Forcing endless battles is banned\n|rule|HP Percentage Mod: HP is shown in percentages\n|clearpoke\n|poke|p1|Iron Hands|\n|poke|p1|Amoonguss, M|\n|poke|p1|Volcanion|\n|poke|p1|Landorus-Therian, M|\n|poke|p1|Flutter Mane|\n|poke|p1|Chien-Pao|\n|poke|p2|Talonflame, F|\n|poke|p2|Arcanine-Hisui, F|\n|poke|p2|Sneasler, M|\n|poke|p2|Ogerpon, F|\n|poke|p2|Sylveon, M|\n|poke|p2|Basculegion-F, F|\n|teampreview\n|inactive|sirgarf also wants the timer to be on.\n|c|\u2606Jesuuuus|gl hf amigo\n|inactive|Jesuuuus has 120 seconds left.\n|inactive|sirgarf has 120 seconds left.\n|j|+ratpacker\n|c|\u2606sirgarf|you too\n|c|\u2606Jesuuuus|i love teal ogperpon\n|c|\u2606sirgarf|I am using my duu team so I will likely lose\n|c|\u2606sirgarf|fr its cool\n|c|\u2606Jesuuuus|does it run encore\n|inactive|Jesuuuus has 90 seconds left.\n|j| Lawrence_lmao\n|c|\u2606Jesuuuus|if not its a tech i reccommend\n|c|\u2606Jesuuuus|tho that is vgc\n|c|\u2606sirgarf|maybe\n|c|\u2606Jesuuuus|:0\n|inactive|Jesuuuus has 60 seconds left.\n|\n|t:|1699912028\n|start\n|switch|p1a: Landorus|Landorus-Therian, M|100\/100\n|switch|p1b: Iron Hands|Iron Hands|100\/100\n|switch|p2a: Talonflame|Talonflame, F|100\/100\n|switch|p2b: Arcanine|Arcanine-Hisui, F|100\/100\n|-ability|p2b: Arcanine|Intimidate|boost\n|-unboost|p1a: Landorus|atk|1\n|-unboost|p1b: Iron Hands|atk|1\n|-ability|p1a: Landorus|Intimidate|boost\n|-unboost|p2a: Talonflame|atk|1\n|-unboost|p2b: Arcanine|atk|1\n|turn|1\n|\n|t:|1699912054\n|move|p2a: Talonflame|Tailwind|p2a: Talonflame\n|-sidestart|p2: sirgarf|move: Tailwind\n|move|p2b: Arcanine|Rock Slide|p1b: Iron Hands|[spread] p1a,p1b\n|-resisted|p1b: Iron Hands\n|-damage|p1a: Landorus|76\/100\n|-damage|p1b: Iron Hands|91\/100\n|cant|p1a: Landorus|flinch\n|cant|p1b: Iron Hands|flinch\n|\n|upkeep\n|turn|2\n|c|\u2606sirgarf|yooo\n|\n|t:|1699912072\n|move|p1a: Landorus|Protect|p1a: Landorus\n|-singleturn|p1a: Landorus|Protect\n|move|p2a: Talonflame|Brave Bird|p1b: Iron Hands\n|-damage|p1b: Iron Hands|77\/100\n|-damage|p2a: Talonflame|94\/100|[from] Recoil\n|move|p2b: Arcanine|Rock Slide|p1b: Iron Hands|[spread] p1b\n|-activate|p1a: Landorus|move: Protect\n|-resisted|p1b: Iron Hands\n|-damage|p1b: Iron Hands|68\/100\n|cant|p1b: Iron Hands|flinch\n|\n|upkeep\n|turn|3\n|c|\u2606Jesuuuus|who wins\n|c|\u2606sirgarf|yooo\n|c|\u2606Jesuuuus|spore spammer vs rock slide spammer\n|\n|t:|1699912096\n|move|p2a: Talonflame|Brave Bird|p1b: Iron Hands\n|-damage|p1b: Iron Hands|54\/100\n|-damage|p2a: Talonflame|87\/100|[from] Recoil\n|move|p2b: Arcanine|Rock Slide|p1a: Landorus|[spread] p1a,p1b\n|-resisted|p1b: Iron Hands\n|-damage|p1a: Landorus|52\/100\n|-damage|p1b: Iron Hands|46\/100\n|move|p1a: Landorus|Stomping Tantrum|p2b: Arcanine\n|-supereffective|p2b: Arcanine\n|-crit|p2b: Arcanine\n|-damage|p2b: Arcanine|0 fnt\n|faint|p2b: Arcanine\n|cant|p1b: Iron Hands|flinch\n|\n|upkeep\n|c|\u2606sirgarf|Wait is rock slide toxic?\n|inactive|sirgarf has 120 seconds left.\n|c|\u2606Jesuuuus|not really\n|\n|t:|1699912116\n|switch|p2b: Ogerpon|Ogerpon, F|100\/100\n|turn|4\n|c|\u2606sirgarf|oh ok good\n|c|\u2606Jesuuuus|i dont think\n|c|\u2606Jesuuuus|but i dont think spore is toxic either so\n|c|\u2606sirgarf|I dont want to hurt others expierecnes\n|inactive|sirgarf has 120 seconds left.\n|\n|t:|1699912142\n|move|p2a: Talonflame|Flare Blitz|p1b: Iron Hands\n|-damage|p1b: Iron Hands|33\/100\n|-damage|p2a: Talonflame|82\/100|[from] Recoil\n|move|p2b: Ogerpon|Ivy Cudgel|p1a: Landorus\n|-crit|p1a: Landorus\n|-damage|p1a: Landorus|0 fnt\n|faint|p1a: Landorus\n|move|p1b: Iron Hands|Volt Switch|p2a: Talonflame\n|-supereffective|p2a: Talonflame\n|-damage|p2a: Talonflame|51\/100\n|\n|t:|1699912157\n|-end|p1b: Iron Hands|Quark Drive|[silent]\n|switch|p1b: Chien-Pao|Chien-Pao|100\/100|[from] Volt Switch\n|-ability|p1b: Chien-Pao|Sword of Ruin\n|\n|-sideend|p2: sirgarf|move: Tailwind\n|upkeep\n|\n|t:|1699912158\n|switch|p1a: Volcanion|Volcanion|100\/100\n|turn|5\n|\n|t:|1699912183\n|move|p1b: Chien-Pao|Protect|p1b: Chien-Pao\n|-singleturn|p1b: Chien-Pao|Protect\n|move|p2a: Talonflame|Tailwind|p2a: Talonflame\n|-sidestart|p2: sirgarf|move: Tailwind\n|move|p2b: Ogerpon|Ivy Cudgel|p1a: Volcanion\n|-crit|p1a: Volcanion\n|-damage|p1a: Volcanion|39\/100\n|move|p1a: Volcanion|Will-O-Wisp|p2b: Ogerpon\n|-status|p2b: Ogerpon|brn\n|\n|-heal|p1a: Volcanion|45\/100|[from] item: Leftovers\n|-damage|p2b: Ogerpon|94\/100 brn|[from] brn\n|upkeep\n|turn|6\n|inactive|sirgarf has 120 seconds left.\n|\n|t:|1699912217\n|switch|p1a: Amoonguss|Amoonguss, M|100\/100\n|move|p1b: Chien-Pao|Sucker Punch|p2a: Talonflame\n|-damage|p2a: Talonflame|0 fnt\n|faint|p2a: Talonflame\n|move|p2b: Ogerpon|Ivy Cudgel|p1a: Amoonguss\n|-resisted|p1a: Amoonguss\n|-damage|p1a: Amoonguss|95\/100\n|\n|-damage|p2b: Ogerpon|88\/100 brn|[from] brn\n|upkeep\n|inactive|sirgarf has 120 seconds left.\n|\n|t:|1699912229\n|switch|p2a: Sneasler|Sneasler, M|100\/100\n|turn|7\n|\n|t:|1699912237\n|move|p1b: Chien-Pao|Protect|p1b: Chien-Pao\n|-singleturn|p1b: Chien-Pao|Protect\n|move|p2b: Ogerpon|Ivy Cudgel|p1a: Amoonguss\n|-resisted|p1a: Amoonguss\n|-damage|p1a: Amoonguss|90\/100\n|move|p2a: Sneasler|Close Combat|p1b: Chien-Pao\n|-activate|p1b: Chien-Pao|move: Protect\n|move|p1a: Amoonguss|Spore|p2a: Sneasler\n|-status|p2a: Sneasler|slp|[from] move: Spore\n|\n|-damage|p2b: Ogerpon|82\/100 brn|[from] brn\n|upkeep\n|turn|8\n|inactive|sirgarf has 120 seconds left.\n|\n|t:|1699912271\n|switch|p1b: Iron Hands|Iron Hands|33\/100\n|move|p2b: Ogerpon|Leech Seed|p1b: Iron Hands\n|-start|p1b: Iron Hands|move: Leech Seed\n|cant|p2a: Sneasler|slp\n|move|p1a: Amoonguss|Pollen Puff|p1b: Iron Hands\n|-heal|p1b: Iron Hands|83\/100\n|\n|-damage|p1b: Iron Hands|70\/100|[from] Leech Seed|[of] p2b: Ogerpon\n|-heal|p2b: Ogerpon|99\/100 brn|[silent]\n|-damage|p2b: Ogerpon|93\/100 brn|[from] brn\n|-sideend|p2: sirgarf|move: Tailwind\n|upkeep\n|turn|9\n|inactive|sirgarf has 120 seconds left.\n|\n|t:|1699912297\n|move|p2b: Ogerpon|Ivy Cudgel|p1b: Iron Hands\n|-crit|p1b: Iron Hands\n|-damage|p1b: Iron Hands|52\/100\n|cant|p2a: Sneasler|slp\n|move|p1b: Iron Hands|Volt Switch|p2a: Sneasler\n|-damage|p2a: Sneasler|85\/100 slp\n|\n|t:|1699912303\n|-end|p1b: Iron Hands|Quark Drive|[silent]\n|switch|p1b: Volcanion|Volcanion|45\/100|[from] Volt Switch\n|move|p1a: Amoonguss|Pollen Puff|p1b: Volcanion\n|-heal|p1b: Volcanion|95\/100\n|\n|-heal|p1b: Volcanion|100\/100|[from] item: Leftovers\n|-damage|p2b: Ogerpon|87\/100 brn|[from] brn\n|upkeep\n|turn|10\n|\n|t:|1699912312\n|move|p1b: Volcanion|Protect|p1b: Volcanion\n|-singleturn|p1b: Volcanion|Protect\n|move|p2b: Ogerpon|Ivy Cudgel|p1b: Volcanion\n|-activate|p1b: Volcanion|move: Protect\n|-curestatus|p2a: Sneasler|slp|[msg]\n|move|p2a: Sneasler|Acrobatics|p1a: Amoonguss\n|-supereffective|p1a: Amoonguss\n|-damage|p1a: Amoonguss|54\/100\n|move|p1a: Amoonguss|Pollen Puff|p2b: Ogerpon\n|-supereffective|p2b: Ogerpon\n|-damage|p2b: Ogerpon|52\/100 brn\n|\n|-damage|p2b: Ogerpon|46\/100 brn|[from] brn\n|upkeep\n|turn|11\n|\n|t:|1699912329\n|switch|p1a: Iron Hands|Iron Hands|52\/100\n|move|p2b: Ogerpon|Ivy Cudgel|p1a: Iron Hands\n|-damage|p1a: Iron Hands|39\/100\n|move|p2a: Sneasler|Acrobatics|p1a: Iron Hands\n|-damage|p1a: Iron Hands|26\/100\n|move|p1b: Volcanion|Will-O-Wisp|p2a: Sneasler\n|-status|p2a: Sneasler|brn\n|\n|-damage|p2b: Ogerpon|40\/100 brn|[from] brn\n|-damage|p2a: Sneasler|79\/100 brn|[from] brn\n|upkeep\n|turn|12\n|l|+ratpacker\n|\n|t:|1699912341\n|switch|p1b: Amoonguss|Amoonguss, M|88\/100\n|move|p1a: Iron Hands|Fake Out|p2a: Sneasler\n|-damage|p2a: Sneasler|52\/100 brn\n|move|p2b: Ogerpon|Ivy Cudgel|p1a: Iron Hands\n|-crit|p1a: Iron Hands\n|-damage|p1a: Iron Hands|7\/100\n|cant|p2a: Sneasler|flinch\n|\n|-damage|p2b: Ogerpon|34\/100 brn|[from] brn\n|-damage|p2a: Sneasler|46\/100 brn|[from] brn\n|upkeep\n|turn|13\n|\n|t:|1699912368\n|-end|p1a: Iron Hands|Quark Drive|[silent]\n|switch|p1a: Volcanion|Volcanion|100\/100\n|move|p2b: Ogerpon|Ivy Cudgel|p1a: Volcanion\n|-damage|p1a: Volcanion|86\/100\n|move|p2a: Sneasler|Swords Dance|p2a: Sneasler\n|-boost|p2a: Sneasler|atk|2\n|move|p1b: Amoonguss|Pollen Puff|p2b: Ogerpon\n|-supereffective|p2b: Ogerpon\n|-damage|p2b: Ogerpon|0 fnt\n|faint|p2b: Ogerpon\n|\n|-heal|p1a: Volcanion|92\/100|[from] item: Leftovers\n|-damage|p2a: Sneasler|40\/100 brn|[from] brn\n|upkeep\n|inactive|sirgarf has 120 seconds left.\n|\n|t:|1699912379\n|switch|p2b: Basculegion|Basculegion-F, F|100\/100\n|turn|14\n|\n|t:|1699912394\n|-terastallize|p2a: Sneasler|Flying\n|move|p1b: Amoonguss|Rage Powder|p1b: Amoonguss\n|-singleturn|p1b: Amoonguss|move: Rage Powder\n|move|p2a: Sneasler|Acrobatics|p1b: Amoonguss\n|-supereffective|p1b: Amoonguss\n|-damage|p1b: Amoonguss|28\/100\n|-enditem|p1b: Amoonguss|Sitrus Berry|[eat]\n|-heal|p1b: Amoonguss|53\/100|[from] item: Sitrus Berry\n|move|p2b: Basculegion|Last Respects|p1b: Amoonguss\n|-damage|p1b: Amoonguss|0 fnt\n|faint|p1b: Amoonguss\n|move|p1a: Volcanion|Steam Eruption|p2a: Sneasler\n|-damage|p2a: Sneasler|0 fnt\n|faint|p2a: Sneasler\n|\n|-heal|p1a: Volcanion|98\/100|[from] item: Leftovers\n|upkeep\n|\n|t:|1699912410\n|switch|p2a: Sylveon|Sylveon, M|100\/100\n|switch|p1b: Chien-Pao|Chien-Pao|100\/100\n|-ability|p1b: Chien-Pao|Sword of Ruin\n|turn|15\n|\n|t:|1699912420\n|move|p1b: Chien-Pao|Protect|p1b: Chien-Pao\n|-singleturn|p1b: Chien-Pao|Protect\n|move|p2b: Basculegion|Last Respects|p1a: Volcanion\n|-damage|p1a: Volcanion|0 fnt\n|faint|p1a: Volcanion\n|move|p2a: Sylveon|Hyper Voice|p1b: Chien-Pao\n|-activate|p1b: Chien-Pao|move: Protect\n|\n|upkeep\n|\n|t:|1699912426\n|switch|p1a: Flutter Mane|Flutter Mane|100\/100\n|turn|16\n|\n|t:|1699912437\n|-end|p1a: Flutter Mane|Protosynthesis|[silent]\n|switch|p1a: Iron Hands|Iron Hands|7\/100\n|move|p1b: Chien-Pao|Crunch|p2b: Basculegion\n|-supereffective|p2b: Basculegion\n|-damage|p2b: Basculegion|0 fnt\n|faint|p2b: Basculegion\n|move|p2a: Sylveon|Hyper Voice|p1b: Chien-Pao|[spread] p1a,p1b\n|-supereffective|p1a: Iron Hands\n|-supereffective|p1b: Chien-Pao\n|-damage|p1a: Iron Hands|0 fnt\n|-enditem|p1b: Chien-Pao|Focus Sash\n|-damage|p1b: Chien-Pao|1\/100\n|faint|p1a: Iron Hands\n|-end|p1a: Iron Hands|Quark Drive|[silent]\n|-damage|p2a: Sylveon|91\/100|[from] item: Life Orb\n|\n|upkeep\n|\n|t:|1699912442\n|switch|p1a: Flutter Mane|Flutter Mane|100\/100\n|turn|17\n|c|\u2606Jesuuuus|gg wp\n|c|\u2606sirgarf|gg\n|\n|t:|1699912456\n|-terastallize|p1a: Flutter Mane|Fairy\n|move|p1b: Chien-Pao|Ice Spinner|p2a: Sylveon\n|-damage|p2a: Sylveon|22\/100\n|move|p1a: Flutter Mane|Moonblast|p2a: Sylveon\n|-damage|p2a: Sylveon|0 fnt\n|faint|p2a: Sylveon\n|\n|win|Jesuuuus\n|n|\u2606Jesuuuus|jesuuuus\n|n|\u2606sirgarf|sirgarf\n|n| Lawrence_lmao|lawrencelmao\n","uploadtime":1699912457,"views":9,"p1id":"jesuuuus","p2id":"sirgarf","formatid":"gen9doublesou","rating":0,"private":0,"password":""}