{"id":"gen9doublesou-1989938354","p1":"earthcrackle","p2":"bananaszn","format":"[Gen 9] Doubles OU","log":"|j|\u2606earthcrackle\n|j|\u2606bananaszn\n|t:|1699908387\n|gametype|doubles\n|player|p1|earthcrackle|ninjaboy|1256\n|player|p2|bananaszn|brycen|1374\n|teamsize|p1|6\n|teamsize|p2|6\n|gen|9\n|tier|[Gen 9] Doubles OU\n|rated|\n|rule|Species Clause: Limit one of each Pok\u00e9mon\n|rule|OHKO Clause: OHKO moves are banned\n|rule|Evasion Moves Clause: Evasion moves are banned\n|rule|Gravity Sleep Clause: The combination of sleep-inducing moves with imperfect accuracy and Gravity or Gigantamax Orbeetle are banned\n|rule|Endless Battle Clause: Forcing endless battles is banned\n|rule|HP Percentage Mod: HP is shown in percentages\n|clearpoke\n|poke|p1|Grafaiai, F|\n|poke|p1|Ninetales-Alola, M|\n|poke|p1|Samurott-Hisui, M|\n|poke|p1|Landorus-Therian, M|\n|poke|p1|Zapdos|\n|poke|p1|Garchomp, F|\n|poke|p2|Poliwrath, M|\n|poke|p2|Pelipper, F|\n|poke|p2|Basculegion-F, F|\n|poke|p2|Zapdos|\n|poke|p2|Landorus, M|\n|poke|p2|Tsareena, F|\n|teampreview\n|inactive|Battle timer is ON: inactive players will automatically lose when time's up. (requested by earthcrackle)\n|\n|t:|1699908391\n|start\n|switch|p1a: Grafaiai|Grafaiai, F|100\/100\n|switch|p1b: Ninetales|Ninetales-Alola, M|100\/100\n|switch|p2a: Pelipper|Pelipper, F|100\/100\n|switch|p2b: Poliwrath|Poliwrath, M|100\/100\n|-weather|Snow|[from] ability: Snow Warning|[of] p1b: Ninetales\n|-weather|RainDance|[from] ability: Drizzle|[of] p2a: Pelipper\n|turn|1\n|\n|t:|1699908410\n|switch|p1b: Samurott|Samurott-Hisui, M|100\/100\n|move|p2a: Pelipper|Wide Guard|p2a: Pelipper\n|-singleturn|p2a: Pelipper|Wide Guard\n|move|p1a: Grafaiai|Parting Shot|p2b: Poliwrath\n|-unboost|p2b: Poliwrath|atk|1\n|-unboost|p2b: Poliwrath|spa|1\n|\n|t:|1699908419\n|switch|p1a: Ninetales|Ninetales-Alola, M|100\/100|[from] Parting Shot\n|-weather|Snow|[from] ability: Snow Warning|[of] p1a: Ninetales\n|move|p2b: Poliwrath|Liquidation|p1b: Samurott\n|-resisted|p1b: Samurott\n|-damage|p1b: Samurott|77\/100\n|\n|-weather|Snow|[upkeep]\n|upkeep\n|turn|2\n|inactive|bananaszn has 120 seconds left.\n|\n|t:|1699908451\n|switch|p2b: Tsareena|Tsareena, F|100\/100\n|switch|p2a: Basculegion|Basculegion-F, F|100\/100\n|move|p1a: Ninetales|Aurora Veil|p1a: Ninetales\n|-sidestart|p1: earthcrackle|move: Aurora Veil\n|move|p1b: Samurott|Ceaseless Edge|p2a: Basculegion\n|-supereffective|p2a: Basculegion\n|-damage|p2a: Basculegion|0 fnt\n|-sidestart|p2: bananaszn|Spikes\n|faint|p2a: Basculegion\n|\n|-weather|Snow|[upkeep]\n|upkeep\n|inactive|bananaszn has 120 seconds left.\n|\n|t:|1699908463\n|switch|p2a: Pelipper|Pelipper, F|100\/100\n|-weather|RainDance|[from] ability: Drizzle|[of] p2a: Pelipper\n|turn|3\n|\n|t:|1699908484\n|switch|p1a: Grafaiai|Grafaiai, F|100\/100\n|move|p2a: Pelipper|Wide Guard|p2a: Pelipper\n|-singleturn|p2a: Pelipper|Wide Guard\n|move|p1b: Samurott|Ceaseless Edge|p2b: Tsareena\n|-damage|p2b: Tsareena|51\/100\n|-sidestart|p2: bananaszn|Spikes\n|move|p2b: Tsareena|Trop Kick|p1b: Samurott\n|-supereffective|p1b: Samurott\n|-damage|p1b: Samurott|20\/100\n|-unboost|p1b: Samurott|atk|1\n|\n|-weather|RainDance|[upkeep]\n|upkeep\n|turn|4\n|inactive|bananaszn has 120 seconds left.\n|\n|t:|1699908515\n|move|p1a: Grafaiai|U-turn|p2b: Tsareena\n|-supereffective|p2b: Tsareena\n|-damage|p2b: Tsareena|9\/100\n|\n|t:|1699908518\n|switch|p1a: Ninetales|Ninetales-Alola, M|100\/100|[from] U-turn\n|-weather|Snow|[from] ability: Snow Warning|[of] p1a: Ninetales\n|move|p1b: Samurott|Ceaseless Edge|p2b: Tsareena\n|-damage|p2b: Tsareena|0 fnt\n|-sidestart|p2: bananaszn|Spikes\n|faint|p2b: Tsareena\n|move|p2a: Pelipper|Tailwind|p2a: Pelipper\n|-sidestart|p2: bananaszn|move: Tailwind\n|\n|-weather|Snow|[upkeep]\n|upkeep\n|inactive|bananaszn has 120 seconds left.\n|\n|t:|1699908530\n|switch|p2b: Landorus|Landorus, M|100\/100\n|turn|5\n|\n|t:|1699908541\n|-terastallize|p2b: Landorus|Steel\n|move|p1b: Samurott|Aqua Jet|p2b: Landorus\n|-damage|p2b: Landorus|86\/100\n|move|p2b: Landorus|Sludge Bomb|p1a: Ninetales\n|-supereffective|p1a: Ninetales\n|-damage|p1a: Ninetales|26\/100\n|move|p2a: Pelipper|Hurricane|p1b: Samurott\n|-damage|p1b: Samurott|0 fnt\n|faint|p1b: Samurott\n|move|p1a: Ninetales|Chilling Water|p2b: Landorus\n|-damage|p2b: Landorus|70\/100\n|-unboost|p2b: Landorus|atk|1\n|\n|-weather|Snow|[upkeep]\n|upkeep\n|\n|t:|1699908563\n|switch|p1b: Landorus|Landorus-Therian, M|100\/100\n|-ability|p1b: Landorus|Intimidate|boost\n|-unboost|p2a: Pelipper|atk|1\n|-unboost|p2b: Landorus|atk|1\n|turn|6\n|\n|t:|1699908578\n|switch|p1a: Zapdos|Zapdos|100\/100\n|move|p2b: Landorus|Sandsear Storm|p1b: Landorus|[spread] \n|-immune|p1a: Zapdos\n|-immune|p1b: Landorus\n|move|p2a: Pelipper|Hydro Pump|p1b: Landorus\n|-supereffective|p1b: Landorus\n|-damage|p1b: Landorus|40\/100\n|move|p1b: Landorus|Earthquake|p2a: Pelipper|[spread] p2b\n|-immune|p1a: Zapdos\n|-immune|p2a: Pelipper\n|-supereffective|p2b: Landorus\n|-damage|p2b: Landorus|0 fnt\n|faint|p2b: Landorus\n|\n|-weather|Snow|[upkeep]\n|-heal|p1b: Landorus|46\/100|[from] item: Leftovers\n|upkeep\n|\n|t:|1699908595\n|switch|p2b: Zapdos|Zapdos|100\/100\n|turn|7\n|\n|t:|1699908610\n|move|p2b: Zapdos|Hurricane|p1b: Landorus\n|-damage|p1b: Landorus|0 fnt\n|faint|p1b: Landorus\n|move|p2a: Pelipper|Hurricane|p1a: Zapdos\n|-resisted|p1a: Zapdos\n|-crit|p1a: Zapdos\n|-damage|p1a: Zapdos|77\/100\n|-start|p1a: Zapdos|confusion\n|-activate|p1a: Zapdos|confusion\n|move|p1a: Zapdos|Discharge|p2a: Pelipper|[spread] p2a,p2b\n|-supereffective|p2a: Pelipper\n|-damage|p2a: Pelipper|0 fnt\n|-damage|p2b: Zapdos|66\/100\n|faint|p2a: Pelipper\n|\n|-weather|Snow|[upkeep]\n|-sideend|p2: bananaszn|move: Tailwind\n|upkeep\n|\n|t:|1699908624\n|switch|p1b: Ninetales|Ninetales-Alola, M|26\/100\n|switch|p2a: Poliwrath|Poliwrath, M|100\/100\n|-damage|p2a: Poliwrath|76\/100|[from] Spikes\n|turn|8\n|\n|t:|1699908635\n|move|p1b: Ninetales|Blizzard|p2a: Poliwrath|[spread] p2a,p2b\n|-resisted|p2a: Poliwrath\n|-supereffective|p2b: Zapdos\n|-damage|p2a: Poliwrath|55\/100\n|-damage|p2b: Zapdos|0 fnt\n|faint|p2b: Zapdos\n|move|p2a: Poliwrath|Liquidation|p1b: Ninetales\n|-damage|p1b: Ninetales|0 fnt\n|faint|p1b: Ninetales\n|-activate|p1a: Zapdos|confusion\n|-damage|p1a: Zapdos|68\/100|[from] confusion\n|\n|-weather|none\n|upkeep\n|\n|t:|1699908646\n|switch|p1b: Grafaiai|Grafaiai, F|100\/100\n|turn|9\n|-message|bananaszn forfeited.\n|\n|win|earthcrackle\n|raw|earthcrackle's rating: 1256 &rarr; <strong>1289<\/strong><br \/>(+33 for winning)\n|raw|bananaszn's rating: 1374 &rarr; <strong>1347<\/strong><br \/>(-27 for losing)\n","uploadtime":1699908657,"views":22,"p1id":"earthcrackle","p2id":"bananaszn","formatid":"gen9doublesou","rating":1289,"private":0,"password":""}