{"id":"gen9doublesou-1968889848","p1":"Almost Trainer","p2":"Frost870","format":"[Gen 9] Doubles OU","log":"|j|\u2606Almost Trainer\n|j|\u2606Frost870\n|t:|1697473133\n|gametype|doubles\n|player|p1|Almost Trainer|unknown|1685\n|player|p2|Frost870|larry|1522\n|teamsize|p1|6\n|teamsize|p2|6\n|gen|9\n|tier|[Gen 9] Doubles OU\n|rated|\n|rule|Species Clause: Limit one of each Pok\u00e9mon\n|rule|OHKO Clause: OHKO moves are banned\n|rule|Evasion Moves Clause: Evasion moves are banned\n|rule|Gravity Sleep Clause: The combination of sleep-inducing moves with imperfect accuracy and Gravity or Gigantamax Orbeetle are banned\n|rule|Endless Battle Clause: Forcing endless battles is banned\n|rule|HP Percentage Mod: HP is shown in percentages\n|clearpoke\n|poke|p1|Iron Hands|\n|poke|p1|Ursaluna-Bloodmoon, M|\n|poke|p1|Rillaboom, M|\n|poke|p1|Farigiraf, F|\n|poke|p1|Arcanine, F|\n|poke|p1|Espathra, F|\n|poke|p2|Golduck, F|\n|poke|p2|Ogerpon-Hearthflame, F|\n|poke|p2|Sinistcha|\n|poke|p2|Kommo-o, F|\n|poke|p2|Flamigo, F|\n|poke|p2|Iron Hands|\n|teampreview\n|inactive|Battle timer is ON: inactive players will automatically lose when time's up. (requested by Frost870)\n|inactive|Almost Trainer also wants the timer to be on.\n|inactive|Almost Trainer has 120 seconds left.\n|\n|t:|1697473186\n|start\n|switch|p1a: Farigiraf|Farigiraf, F|100\/100\n|switch|p1b: Espathra|Espathra, F|100\/100\n|switch|p2a: Golduck|Golduck, F|100\/100\n|switch|p2b: Kommo-o|Kommo-o, F|100\/100\n|-ability|p2a: Golduck|Cloud Nine\n|turn|1\n|\n|t:|1697473205\n|-terastallize|p2b: Kommo-o|Fire\n|move|p2a: Golduck|Simple Beam|p2b: Kommo-o\n|-endability|p2b: Kommo-o|Soundproof|[from] move: Simple Beam\n|-ability|p2b: Kommo-o|Simple|[from] move: Simple Beam\n|move|p2b: Kommo-o|Clangorous Soul|p2b: Kommo-o\n|-boost|p2b: Kommo-o|atk|2\n|-boost|p2b: Kommo-o|def|2\n|-boost|p2b: Kommo-o|spa|2\n|-boost|p2b: Kommo-o|spd|2\n|-boost|p2b: Kommo-o|spe|2\n|-damage|p2b: Kommo-o|68\/100\n|move|p1b: Espathra|Calm Mind|p1b: Espathra\n|-boost|p1b: Espathra|spa|1\n|-boost|p1b: Espathra|spd|1\n|move|p1a: Farigiraf|Dazzling Gleam|p2a: Golduck|[spread] p2a,p2b\n|-resisted|p2b: Kommo-o\n|-damage|p2a: Golduck|72\/100\n|-damage|p2b: Kommo-o|61\/100\n|\n|-ability|p1b: Espathra|Speed Boost|boost\n|-boost|p1b: Espathra|spe|1\n|upkeep\n|turn|2\n|inactive|Almost Trainer has 120 seconds left.\n|inactive|Frost870 has 120 seconds left.\n|\n|t:|1697473244\n|switch|p2a: Sinistcha|Sinistcha|100\/100\n|-heal|p2b: Kommo-o|86\/100|[from] ability: Hospitality|[of] p2a: Sinistcha\n|switch|p1a: Iron Hands|Iron Hands|100\/100\n|move|p2b: Kommo-o|Clangorous Soul|p2b: Kommo-o\n|-boost|p2b: Kommo-o|atk|2\n|-boost|p2b: Kommo-o|def|2\n|-boost|p2b: Kommo-o|spa|2\n|-boost|p2b: Kommo-o|spd|2\n|-boost|p2b: Kommo-o|spe|2\n|-damage|p2b: Kommo-o|53\/100\n|move|p1b: Espathra|Calm Mind|p1b: Espathra\n|-boost|p1b: Espathra|spa|1\n|-boost|p1b: Espathra|spd|1\n|\n|-ability|p1b: Espathra|Speed Boost|boost\n|-boost|p1b: Espathra|spe|1\n|upkeep\n|turn|3\n|inactive|Almost Trainer has 120 seconds left.\n|\n|t:|1697473272\n|move|p2b: Kommo-o|Protect|p2b: Kommo-o\n|-singleturn|p2b: Kommo-o|Protect\n|move|p1a: Iron Hands|Fake Out|p2b: Kommo-o\n|-activate|p2b: Kommo-o|move: Protect\n|move|p1b: Espathra|Lumina Crash|p2a: Sinistcha\n|-damage|p2a: Sinistcha|40\/100\n|-unboost|p2a: Sinistcha|spd|2\n|-enditem|p2a: Sinistcha|Sitrus Berry|[eat]\n|-heal|p2a: Sinistcha|65\/100|[from] item: Sitrus Berry\n|move|p2a: Sinistcha|Life Dew|p2a: Sinistcha|[spread] p2a,p2b\n|-heal|p2a: Sinistcha|90\/100\n|-heal|p2b: Kommo-o|78\/100\n|\n|-ability|p1b: Espathra|Speed Boost|boost\n|-boost|p1b: Espathra|spe|1\n|upkeep\n|turn|4\n|inactive|Almost Trainer has 120 seconds left.\n|\n|t:|1697473316\n|-end|p1a: Iron Hands|Quark Drive|[silent]\n|switch|p1a: Rillaboom|Rillaboom, M|100\/100\n|-fieldstart|move: Grassy Terrain|[from] ability: Grassy Surge|[of] p1a: Rillaboom\n|-enditem|p1b: Espathra|Grassy Seed\n|-boost|p1b: Espathra|def|1|[from] item: Grassy Seed\n|move|p2a: Sinistcha|Rage Powder|p2a: Sinistcha\n|-singleturn|p2a: Sinistcha|move: Rage Powder\n|move|p2b: Kommo-o|Clangorous Soul|p2b: Kommo-o\n|-boost|p2b: Kommo-o|atk|2\n|-boost|p2b: Kommo-o|def|2\n|-boost|p2b: Kommo-o|spa|2\n|-boost|p2b: Kommo-o|spd|2\n|-boost|p2b: Kommo-o|spe|2\n|-damage|p2b: Kommo-o|45\/100\n|-enditem|p2b: Kommo-o|Sitrus Berry|[eat]\n|-heal|p2b: Kommo-o|70\/100|[from] item: Sitrus Berry\n|move|p1b: Espathra|Calm Mind|p1b: Espathra\n|-boost|p1b: Espathra|spa|1\n|-boost|p1b: Espathra|spd|1\n|\n|-heal|p2b: Kommo-o|76\/100|[from] Grassy Terrain\n|-heal|p2a: Sinistcha|96\/100|[from] Grassy Terrain\n|-ability|p1b: Espathra|Speed Boost|boost\n|-boost|p1b: Espathra|spe|1\n|upkeep\n|turn|5\n|inactive|Almost Trainer has 120 seconds left.\n|inactive|Frost870 has 120 seconds left.\n|\n|t:|1697473351\n|switch|p2a: Flamigo|Flamigo, F|100\/100\n|-copyboost|p2a: Flamigo|p2b: Kommo-o|[from] ability: Costar\n|move|p2b: Kommo-o|Protect|p2b: Kommo-o\n|-singleturn|p2b: Kommo-o|Protect\n|move|p1a: Rillaboom|Grassy Glide|p2a: Flamigo\n|-resisted|p2a: Flamigo\n|-damage|p2a: Flamigo|94\/100\n|move|p1b: Espathra|Lumina Crash|p2a: Flamigo\n|-supereffective|p2a: Flamigo\n|-damage|p2a: Flamigo|38\/100\n|\n|-heal|p2b: Kommo-o|82\/100|[from] Grassy Terrain\n|-ability|p1b: Espathra|Speed Boost|boost\n|-boost|p1b: Espathra|spe|1\n|upkeep\n|turn|6\n|inactive|Almost Trainer has 120 seconds left.\n|inactive|Frost870 has 120 seconds left.\n|inactive|Almost Trainer has 90 seconds left.\n|\n|t:|1697473389\n|move|p1b: Espathra|Protect|p1b: Espathra\n|-singleturn|p1b: Espathra|Protect\n|move|p2a: Flamigo|Throat Chop|p1b: Espathra\n|-activate|p1b: Espathra|move: Protect\n|move|p2b: Kommo-o|Clanging Scales|p1a: Rillaboom|[spread] p1a\n|-activate|p1b: Espathra|move: Protect\n|-damage|p1a: Rillaboom|7\/100\n|-unboost|p2b: Kommo-o|def|2\n|move|p1a: Rillaboom|High Horsepower|p2b: Kommo-o\n|-supereffective|p2b: Kommo-o\n|-damage|p2b: Kommo-o|59\/100\n|\n|-heal|p2b: Kommo-o|65\/100|[from] Grassy Terrain\n|-heal|p1a: Rillaboom|14\/100|[from] Grassy Terrain\n|-ability|p1b: Espathra|Speed Boost|boost\n|-boost|p1b: Espathra|spe|1\n|upkeep\n|turn|7\n|inactive|Almost Trainer has 90 seconds left.\n|\n|t:|1697473422\n|switch|p1a: Arcanine|Arcanine, F|100\/100\n|-ability|p1a: Arcanine|Intimidate|boost\n|-fail|p2a: Flamigo|unboost|[from] item: Clear Amulet|[of] p2a: Flamigo\n|-unboost|p2b: Kommo-o|atk|2\n|-terastallize|p1b: Espathra|Steel\n|move|p2a: Flamigo|Detect|p2a: Flamigo\n|-singleturn|p2a: Flamigo|Protect\n|move|p2b: Kommo-o|Clanging Scales|p1b: Espathra|[spread] p1a,p1b\n|-resisted|p1b: Espathra\n|-damage|p1a: Arcanine|0 fnt\n|-damage|p1b: Espathra|65\/100\n|faint|p1a: Arcanine\n|-unboost|p2b: Kommo-o|def|2\n|move|p1b: Espathra|Lumina Crash|p2a: Flamigo\n|-activate|p2a: Flamigo|move: Protect\n|\n|-heal|p2b: Kommo-o|71\/100|[from] Grassy Terrain\n|-heal|p1b: Espathra|71\/100|[from] Grassy Terrain\n|upkeep\n|\n|t:|1697473448\n|switch|p1a: Rillaboom|Rillaboom, M|14\/100\n|turn|8\n|\n|t:|1697473460\n|move|p2a: Flamigo|Detect||[still]\n|-fail|p2a: Flamigo\n|move|p1a: Rillaboom|Fake Out|p2a: Flamigo\n|-damage|p2a: Flamigo|33\/100\n|move|p2b: Kommo-o|Clanging Scales|p1b: Espathra|[spread] p1a,p1b\n|-resisted|p1b: Espathra\n|-damage|p1a: Rillaboom|0 fnt\n|-damage|p1b: Espathra|31\/100\n|faint|p1a: Rillaboom\n|-unboost|p2b: Kommo-o|def|2\n|move|p1b: Espathra|Lumina Crash|p2a: Flamigo\n|-supereffective|p2a: Flamigo\n|-damage|p2a: Flamigo|0 fnt\n|faint|p2a: Flamigo\n|\n|-heal|p2b: Kommo-o|77\/100|[from] Grassy Terrain\n|-heal|p1b: Espathra|37\/100|[from] Grassy Terrain\n|-fieldend|move: Grassy Terrain\n|upkeep\n|inactive|Almost Trainer has 90 seconds left.\n|\n|t:|1697473492\n|switch|p2a: Sinistcha|Sinistcha|96\/100\n|switch|p1a: Iron Hands|Iron Hands|100\/100\n|-heal|p2b: Kommo-o|100\/100|[from] ability: Hospitality|[of] p2a: Sinistcha\n|turn|9\n|inactive|Almost Trainer has 90 seconds left.\n|inactive|Almost Trainer has 60 seconds left.\n|\n|t:|1697473545\n|move|p2b: Kommo-o|Protect|p2b: Kommo-o\n|-singleturn|p2b: Kommo-o|Protect\n|move|p2a: Sinistcha|Protect|p2a: Sinistcha\n|-singleturn|p2a: Sinistcha|Protect\n|move|p1a: Iron Hands|Fake Out|p2b: Kommo-o\n|-activate|p2b: Kommo-o|move: Protect\n|move|p1b: Espathra|Calm Mind|p1b: Espathra\n|-boost|p1b: Espathra|spa|1\n|-boost|p1b: Espathra|spd|1\n|\n|upkeep\n|turn|10\n|inactive|Almost Trainer has 60 seconds left.\n|inactive|Frost870 has 120 seconds left.\n|\n|t:|1697473591\n|-end|p1a: Iron Hands|Quark Drive|[silent]\n|switch|p1a: Ursaluna|Ursaluna-Bloodmoon, M|100\/100\n|move|p2a: Sinistcha|Rage Powder|p2a: Sinistcha\n|-singleturn|p2a: Sinistcha|move: Rage Powder\n|move|p2b: Kommo-o|Boomburst|p1a: Ursaluna|[spread] p1a,p1b\n|-immune|p2a: Sinistcha\n|-resisted|p1b: Espathra\n|-damage|p1a: Ursaluna|0 fnt\n|-damage|p1b: Espathra|10\/100\n|faint|p1a: Ursaluna\n|move|p1b: Espathra|Baton Pass|p1b: Espathra\n|inactive|Almost Trainer has 30 seconds left.\n|\n|t:|1697473602\n|switch|p1b: Farigiraf|Farigiraf, F|100\/100|[from] Baton Pass\n|\n|upkeep\n|inactive|Almost Trainer has 30 seconds left.\n|\n|t:|1697473607\n|switch|p1a: Iron Hands|Iron Hands|100\/100\n|turn|11\n|\n|t:|1697473617\n|move|p2b: Kommo-o|Protect|p2b: Kommo-o\n|-singleturn|p2b: Kommo-o|Protect\n|move|p2a: Sinistcha|Protect|p2a: Sinistcha\n|-singleturn|p2a: Sinistcha|Protect\n|move|p1a: Iron Hands|Fake Out|p2b: Kommo-o\n|-activate|p2b: Kommo-o|move: Protect\n|move|p1b: Farigiraf|Stored Power|p2a: Sinistcha\n|-activate|p2a: Sinistcha|move: Protect\n|\n|upkeep\n|turn|12\n|inactive|Almost Trainer has 60 seconds left.\n|\n|t:|1697473634\n|-end|p1a: Iron Hands|Quark Drive|[silent]\n|switch|p1a: Espathra|Espathra, F, tera:Steel|10\/100\n|move|p2a: Sinistcha|Rage Powder|p2a: Sinistcha\n|-singleturn|p2a: Sinistcha|move: Rage Powder\n|move|p2b: Kommo-o|Clanging Scales|p1a: Espathra|[spread] p1a,p1b\n|-resisted|p1a: Espathra\n|-damage|p1a: Espathra|0 fnt\n|-damage|p1b: Farigiraf|47\/100\n|faint|p1a: Espathra\n|-unboost|p2b: Kommo-o|def|2\n|move|p1b: Farigiraf|Stored Power|p2a: Sinistcha\n|-damage|p2a: Sinistcha|0 fnt\n|faint|p2a: Sinistcha\n|\n|-heal|p1b: Farigiraf|53\/100|[from] item: Leftovers\n|upkeep\n|\n|t:|1697473649\n|switch|p1a: Iron Hands|Iron Hands|100\/100\n|switch|p2a: Ogerpon|Ogerpon-Hearthflame, F|100\/100\n|-ability|p2a: Ogerpon|Mold Breaker\n|turn|13\n|inactive|Almost Trainer has 90 seconds left.\n|\n|t:|1697473670\n|move|p2b: Kommo-o|Protect|p2b: Kommo-o\n|-singleturn|p2b: Kommo-o|Protect\n|move|p2a: Ogerpon|Spiky Shield|p2a: Ogerpon\n|-singleturn|p2a: Ogerpon|move: Protect\n|move|p1a: Iron Hands|Fake Out|p2b: Kommo-o\n|-activate|p2b: Kommo-o|move: Protect\n|move|p1b: Farigiraf|Hyper Voice|p2b: Kommo-o|[spread] \n|-activate|p2a: Ogerpon|move: Protect\n|-activate|p2b: Kommo-o|move: Protect\n|\n|-heal|p1b: Farigiraf|59\/100|[from] item: Leftovers\n|upkeep\n|turn|14\n|inactive|Almost Trainer has 90 seconds left.\n|\n|t:|1697473686\n|move|p2a: Ogerpon|Follow Me|p2a: Ogerpon\n|-singleturn|p2a: Ogerpon|move: Follow Me\n|move|p2b: Kommo-o|Clanging Scales|p1b: Farigiraf|[spread] p1a,p1b\n|-damage|p1a: Iron Hands|15\/100\n|-damage|p1b: Farigiraf|2\/100\n|-unboost|p2b: Kommo-o|def|2\n|move|p1b: Farigiraf|Stored Power|p2a: Ogerpon\n|-damage|p2a: Ogerpon|0 fnt\n|faint|p2a: Ogerpon\n|move|p1a: Iron Hands|Drain Punch|p2b: Kommo-o\n|-damage|p2b: Kommo-o|0 fnt\n|-heal|p1a: Iron Hands|48\/100|[from] drain|[of] p2b: Kommo-o\n|faint|p2b: Kommo-o\n|\n|-heal|p1b: Farigiraf|8\/100|[from] item: Leftovers\n|upkeep\n|c|\u2606Frost870|oh no\n|\n|t:|1697473706\n|switch|p2a: Iron Hands|Iron Hands|100\/100\n|switch|p2b: Golduck|Golduck, F|72\/100\n|-ability|p2b: Golduck|Cloud Nine\n|turn|15\n|c|\u2606Frost870|well then\n|\n|t:|1697473733\n|move|p1b: Farigiraf|Stored Power|p2a: Iron Hands\n|-supereffective|p2a: Iron Hands\n|-damage|p2a: Iron Hands|0 fnt\n|faint|p2a: Iron Hands\n|-end|p2a: Iron Hands|Quark Drive|[silent]\n|move|p2b: Golduck|Icy Wind|p1a: Iron Hands|[spread] p1a,p1b\n|-damage|p1a: Iron Hands|41\/100\n|-damage|p1b: Farigiraf|4\/100\n|-unboost|p1a: Iron Hands|spe|1\n|-unboost|p1b: Farigiraf|spe|1\n|move|p1a: Iron Hands|Wild Charge|p2b: Golduck\n|-supereffective|p2b: Golduck\n|-damage|p2b: Golduck|0 fnt\n|faint|p2b: Golduck\n|-damage|p1a: Iron Hands|29\/100|[from] Recoil\n|\n|win|Almost Trainer\n|raw|Almost Trainer's rating: 1685 &rarr; <strong>1696<\/strong><br \/>(+11 for winning)\n|raw|Frost870's rating: 1522 &rarr; <strong>1511<\/strong><br \/>(-11 for losing)\n|c|\u2606Frost870|gg\n","uploadtime":1697473761,"views":18,"p1id":"almosttrainer","p2id":"frost870","formatid":"gen9doublesou","rating":1511,"private":0,"password":""}