{"id":"gen9doublesou-1979809907","p1":"drethenugget","p2":"Jourvicious","format":"[Gen 9] Doubles OU","log":"|j|\u2606drethenugget\n|j|\u2606Jourvicious\n|t:|1698715553\n|gametype|doubles\n|player|p1|drethenugget|pokemaniac|1319\n|player|p2|Jourvicious|guitarist|1324\n|teamsize|p1|6\n|teamsize|p2|6\n|gen|9\n|tier|[Gen 9] Doubles OU\n|rated|\n|rule|Species Clause: Limit one of each Pok\u00e9mon\n|rule|OHKO Clause: OHKO moves are banned\n|rule|Evasion Moves Clause: Evasion moves are banned\n|rule|Gravity Sleep Clause: The combination of sleep-inducing moves with imperfect accuracy and Gravity or Gigantamax Orbeetle are banned\n|rule|Endless Battle Clause: Forcing endless battles is banned\n|rule|HP Percentage Mod: HP is shown in percentages\n|clearpoke\n|poke|p1|Ambipom, M|\n|poke|p1|Chien-Pao|\n|poke|p1|Rillaboom, F|\n|poke|p1|Scizor, M|\n|poke|p1|Pelipper, M|\n|poke|p1|Landorus, M|\n|poke|p2|Kommo-o, M|\n|poke|p2|Shiftry, F|\n|poke|p2|Tornadus, M|\n|poke|p2|Arcanine-Hisui, F|\n|poke|p2|Sinistcha-Masterpiece|\n|poke|p2|Ninetales-Alola, M|\n|teampreview\n|inactive|Battle timer is ON: inactive players will automatically lose when time's up. (requested by Jourvicious)\n|\n|t:|1698715566\n|start\n|switch|p1a: Ambipom|Ambipom, M|100\/100\n|switch|p1b: Chien-Pao|Chien-Pao|100\/100\n|switch|p2a: Tornadus|Tornadus, M|100\/100\n|switch|p2b: Shiftry|Shiftry, F, shiny|100\/100\n|-ability|p1b: Chien-Pao|Sword of Ruin\n|turn|1\n|\n|t:|1698715592\n|-terastallize|p2a: Tornadus|Ghost\n|move|p1a: Ambipom|Fake Out|p2a: Tornadus\n|-immune|p2a: Tornadus\n|move|p2b: Shiftry|Fake Out|p1a: Ambipom\n|-damage|p1a: Ambipom|78\/100\n|move|p2a: Tornadus|Tailwind|p2a: Tornadus\n|-sidestart|p2: Jourvicious|move: Tailwind\n|-ability|p2b: Shiftry|Wind Rider|boost\n|-boost|p2b: Shiftry|atk|1\n|move|p1b: Chien-Pao|Ice Spinner|p2a: Tornadus\n|-damage|p2a: Tornadus|44\/100\n|\n|upkeep\n|turn|2\n|\n|t:|1698715609\n|move|p2a: Tornadus|Bleakwind Storm|p1a: Ambipom|[spread] p1a,p1b\n|-damage|p1a: Ambipom|22\/100\n|-damage|p1b: Chien-Pao|41\/100\n|-unboost|p1a: Ambipom|spe|1\n|move|p2b: Shiftry|Leaf Storm|p1b: Chien-Pao\n|-crit|p1b: Chien-Pao\n|-damage|p1b: Chien-Pao|0 fnt\n|-unboost|p2b: Shiftry|spa|2\n|faint|p1b: Chien-Pao\n|move|p1a: Ambipom|Last Resort|p2b: Shiftry\n|-enditem|p2b: Shiftry|Focus Sash\n|-damage|p2b: Shiftry|1\/100\n|\n|upkeep\n|\n|t:|1698715635\n|switch|p1b: Scizor|Scizor, M|100\/100\n|turn|3\n|\n|t:|1698715648\n|switch|p1a: Rillaboom|Rillaboom, F|100\/100\n|-fieldstart|move: Grassy Terrain|[from] ability: Grassy Surge|[of] p1a: Rillaboom\n|move|p2b: Shiftry|Sucker Punch||[still]\n|-fail|p2b: Shiftry\n|move|p1b: Scizor|Bullet Punch|p2b: Shiftry\n|-damage|p2b: Shiftry|0 fnt\n|faint|p2b: Shiftry\n|move|p2a: Tornadus|Bleakwind Storm|p1a: Rillaboom|[spread] p1a\n|-miss|p2a: Tornadus|p1b: Scizor\n|-supereffective|p1a: Rillaboom\n|-damage|p1a: Rillaboom|20\/100\n|-unboost|p1a: Rillaboom|spe|1\n|\n|-heal|p2a: Tornadus|50\/100|[from] Grassy Terrain\n|-heal|p1a: Rillaboom|26\/100|[from] Grassy Terrain\n|upkeep\n|\n|t:|1698715663\n|switch|p2b: Sinistcha|Sinistcha-Masterpiece|100\/100\n|-heal|p2a: Tornadus|75\/100|[from] ability: Hospitality|[of] p2b: Sinistcha\n|turn|4\n|\n|t:|1698715673\n|move|p1a: Rillaboom|Grassy Glide|p2a: Tornadus\n|-damage|p2a: Tornadus|23\/100\n|move|p1b: Scizor|Bullet Punch|p2a: Tornadus\n|-damage|p2a: Tornadus|0 fnt\n|faint|p2a: Tornadus\n|move|p2b: Sinistcha|Matcha Gotcha|p1b: Scizor|[spread] p1a,p1b\n|-resisted|p1a: Rillaboom\n|-resisted|p1b: Scizor\n|-damage|p1a: Rillaboom|3\/100\n|-damage|p1b: Scizor|92\/100\n|\n|-heal|p1a: Rillaboom|9\/100|[from] Grassy Terrain\n|-heal|p1b: Scizor|98\/100|[from] Grassy Terrain\n|-sideend|p2: Jourvicious|move: Tailwind\n|upkeep\n|\n|t:|1698715689\n|switch|p2a: Kommo-o|Kommo-o, M|100\/100\n|turn|5\n|\n|t:|1698715704\n|switch|p1a: Pelipper|Pelipper, M|100\/100\n|-weather|RainDance|[from] ability: Drizzle|[of] p1a: Pelipper\n|move|p2a: Kommo-o|Clangorous Soul|p2a: Kommo-o\n|-boost|p2a: Kommo-o|atk|1\n|-boost|p2a: Kommo-o|def|1\n|-boost|p2a: Kommo-o|spa|1\n|-boost|p2a: Kommo-o|spd|1\n|-boost|p2a: Kommo-o|spe|1\n|-damage|p2a: Kommo-o|68\/100\n|move|p2b: Sinistcha|Matcha Gotcha|p1a: Pelipper|[spread] p1b\n|-miss|p2b: Sinistcha|p1a: Pelipper\n|-resisted|p1b: Scizor\n|-damage|p1b: Scizor|88\/100\n|-status|p1b: Scizor|brn\n|move|p1b: Scizor|Lunge|p2b: Sinistcha\n|-damage|p2b: Sinistcha|81\/100\n|-unboost|p2b: Sinistcha|atk|1\n|\n|-weather|RainDance|[upkeep]\n|-heal|p2a: Kommo-o|74\/100|[from] Grassy Terrain\n|-heal|p2b: Sinistcha|87\/100|[from] Grassy Terrain\n|-heal|p1b: Scizor|94\/100 brn|[from] Grassy Terrain\n|-damage|p1b: Scizor|88\/100 brn|[from] brn\n|upkeep\n|turn|6\n|\n|t:|1698715728\n|switch|p2b: Ninetales|Ninetales-Alola, M|100\/100\n|-weather|Snow|[from] ability: Snow Warning|[of] p2b: Ninetales\n|move|p2a: Kommo-o|Drain Punch|p1b: Scizor\n|-damage|p1b: Scizor|41\/100 brn\n|-heal|p2a: Kommo-o|97\/100|[from] drain|[of] p1b: Scizor\n|move|p1b: Scizor|Lunge|p2a: Kommo-o\n|-resisted|p2a: Kommo-o\n|-damage|p2a: Kommo-o|91\/100\n|move|p1a: Pelipper|Hurricane|p2a: Kommo-o\n|-supereffective|p2a: Kommo-o\n|-damage|p2a: Kommo-o|33\/100\n|\n|-weather|Snow|[upkeep]\n|-heal|p2a: Kommo-o|39\/100|[from] Grassy Terrain\n|-heal|p1b: Scizor|47\/100 brn|[from] Grassy Terrain\n|-damage|p1b: Scizor|41\/100 brn|[from] brn\n|upkeep\n|turn|7\n|\n|t:|1698715749\n|switch|p2b: Sinistcha|Sinistcha-Masterpiece|87\/100\n|-heal|p2a: Kommo-o|64\/100|[from] ability: Hospitality|[of] p2b: Sinistcha\n|move|p1b: Scizor|Bullet Punch|p2b: Sinistcha\n|-damage|p2b: Sinistcha|70\/100\n|move|p2a: Kommo-o|Drain Punch|p1b: Scizor\n|-damage|p1b: Scizor|0 fnt\n|-heal|p2a: Kommo-o|84\/100|[from] drain|[of] p1b: Scizor\n|faint|p1b: Scizor\n|move|p1a: Pelipper|Tailwind|p1a: Pelipper\n|-sidestart|p1: drethenugget|move: Tailwind\n|\n|-weather|Snow|[upkeep]\n|-heal|p2a: Kommo-o|90\/100|[from] Grassy Terrain\n|-heal|p2b: Sinistcha|76\/100|[from] Grassy Terrain\n|-fieldend|move: Grassy Terrain\n|upkeep\n|\n|t:|1698715766\n|switch|p1b: Landorus|Landorus, M|100\/100\n|turn|8\n|\n|t:|1698715776\n|switch|p1a: Rillaboom|Rillaboom, F|9\/100\n|-fieldstart|move: Grassy Terrain|[from] ability: Grassy Surge|[of] p1a: Rillaboom\n|-terastallize|p1b: Landorus|Flying\n|move|p1b: Landorus|Tera Blast|p2a: Kommo-o|[anim] Tera Blast Flying\n|-supereffective|p2a: Kommo-o\n|-damage|p2a: Kommo-o|32\/100\n|move|p2a: Kommo-o|Iron Head|p1b: Landorus\n|-damage|p1b: Landorus|59\/100\n|move|p2b: Sinistcha|Matcha Gotcha|p1a: Rillaboom|[spread] p1b\n|-miss|p2b: Sinistcha|p1a: Rillaboom\n|-resisted|p1b: Landorus\n|-damage|p1b: Landorus|40\/100\n|-heal|p2b: Sinistcha|85\/100|[from] drain|[of] p1b: Landorus\n|\n|-weather|Snow|[upkeep]\n|-heal|p1a: Rillaboom|15\/100|[from] Grassy Terrain\n|-heal|p2a: Kommo-o|39\/100|[from] Grassy Terrain\n|-heal|p2b: Sinistcha|91\/100|[from] Grassy Terrain\n|upkeep\n|turn|9\n|\n|t:|1698715794\n|move|p2a: Kommo-o|Protect|p2a: Kommo-o\n|-singleturn|p2a: Kommo-o|Protect\n|move|p1a: Rillaboom|Fake Out|p2a: Kommo-o\n|-activate|p2a: Kommo-o|move: Protect\n|move|p1b: Landorus|Tera Blast|p2b: Sinistcha|[anim] Tera Blast Flying\n|-supereffective|p2b: Sinistcha\n|-damage|p2b: Sinistcha|0 fnt\n|faint|p2b: Sinistcha\n|\n|-weather|Snow|[upkeep]\n|-heal|p1a: Rillaboom|21\/100|[from] Grassy Terrain\n|-heal|p2a: Kommo-o|45\/100|[from] Grassy Terrain\n|upkeep\n|\n|t:|1698715802\n|switch|p2b: Arcanine|Arcanine-Hisui, F|100\/100\n|-ability|p2b: Arcanine|Intimidate|boost\n|-unboost|p1a: Rillaboom|atk|1\n|-unboost|p1b: Landorus|atk|1\n|turn|10\n|\n|t:|1698715811\n|move|p2b: Arcanine|Extreme Speed|p1b: Landorus\n|-damage|p1b: Landorus|0 fnt\n|faint|p1b: Landorus\n|move|p1a: Rillaboom|Grassy Glide|p2a: Kommo-o\n|-resisted|p2a: Kommo-o\n|-damage|p2a: Kommo-o|38\/100\n|move|p2a: Kommo-o|Drain Punch|p1a: Rillaboom\n|-damage|p1a: Rillaboom|0 fnt\n|-heal|p2a: Kommo-o|48\/100|[from] drain|[of] p1a: Rillaboom\n|faint|p1a: Rillaboom\n|\n|-weather|none\n|-heal|p2a: Kommo-o|54\/100|[from] Grassy Terrain\n|-sideend|p1: drethenugget|move: Tailwind\n|upkeep\n|-message|drethenugget forfeited.\n|\n|win|Jourvicious\n|raw|drethenugget's rating: 1319 &rarr; <strong>1299<\/strong><br \/>(-20 for losing)\n|raw|Jourvicious's rating: 1324 &rarr; <strong>1344<\/strong><br \/>(+20 for winning)\n|l|\u2606drethenugget\n","uploadtime":1698715820,"views":26,"p1id":"drethenugget","p2id":"jourvicious","formatid":"gen9doublesou","rating":1299,"private":0,"password":""}