{"id":"gen9doublesou-1984073891","p1":"pasteels99","p2":"KyroZag","format":"[Gen 9] Doubles OU","log":"|j|\u2606pasteels99\n|j|\u2606KyroZag\n|t:|1699215982\n|gametype|doubles\n|player|p1|pasteels99|rocketgrunt|1181\n|player|p2|KyroZag|ash|1185\n|teamsize|p1|6\n|teamsize|p2|6\n|gen|9\n|tier|[Gen 9] Doubles OU\n|rated|\n|rule|Species Clause: Limit one of each Pok\u00e9mon\n|rule|OHKO Clause: OHKO moves are banned\n|rule|Evasion Moves Clause: Evasion moves are banned\n|rule|Gravity Sleep Clause: The combination of sleep-inducing moves with imperfect accuracy and Gravity or Gigantamax Orbeetle are banned\n|rule|Endless Battle Clause: Forcing endless battles is banned\n|rule|HP Percentage Mod: HP is shown in percentages\n|clearpoke\n|poke|p1|Gliscor, F|\n|poke|p1|Chi-Yu|\n|poke|p1|Meowscarada, M|\n|poke|p1|Revavroom, F|\n|poke|p1|Regieleki|\n|poke|p1|Articuno-Galar|\n|poke|p2|Houndstone, F|\n|poke|p2|Gastrodon-East, F|\n|poke|p2|Lycanroc, M|\n|poke|p2|Tyranitar, M|\n|poke|p2|Flutter Mane|\n|poke|p2|Sableye, F|\n|teampreview\n|inactive|Battle timer is ON: inactive players will automatically lose when time's up. (requested by KyroZag)\n|\n|t:|1699216002\n|start\n|switch|p1a: Gliscor|Gliscor, F|100\/100\n|switch|p1b: Articuno|Articuno-Galar|100\/100\n|switch|p2a: Sableye|Sableye, F|100\/100\n|switch|p2b: Flutter Mane|Flutter Mane|100\/100\n|turn|1\n|\n|t:|1699216013\n|move|p2a: Sableye|Taunt|p1a: Gliscor\n|-start|p1a: Gliscor|move: Taunt\n|move|p2b: Flutter Mane|Shadow Ball|p1b: Articuno\n|-supereffective|p1b: Articuno\n|-damage|p1b: Articuno|0 fnt\n|faint|p1b: Articuno\n|-damage|p2b: Flutter Mane|91\/100|[from] item: Life Orb\n|cant|p1a: Gliscor|move: Taunt|Stealth Rock\n|\n|-status|p1a: Gliscor|tox|[from] item: Toxic Orb\n|upkeep\n|\n|t:|1699216024\n|switch|p1b: Revavroom|Revavroom, F|100\/100\n|turn|2\n|\n|t:|1699216036\n|-terastallize|p2b: Flutter Mane|Steel\n|move|p2a: Sableye|Encore||[still]\n|-fail|p2a: Sableye\n|move|p2b: Flutter Mane|Shadow Ball|p1b: Revavroom\n|-damage|p1b: Revavroom|13\/100\n|-damage|p2b: Flutter Mane|81\/100|[from] item: Life Orb\n|move|p1a: Gliscor|Knock Off|p2a: Sableye\n|-damage|p2a: Sableye|83\/100\n|-enditem|p2a: Sableye|Safety Goggles|[from] move: Knock Off|[of] p1a: Gliscor\n|move|p1b: Revavroom|Spin Out|p2b: Flutter Mane\n|-resisted|p2b: Flutter Mane\n|-damage|p2b: Flutter Mane|0 fnt\n|-unboost|p1b: Revavroom|spe|2\n|faint|p2b: Flutter Mane\n|-end|p2b: Flutter Mane|Protosynthesis|[silent]\n|\n|upkeep\n|\n|t:|1699216053\n|switch|p2b: Tyranitar|Tyranitar, M|100\/100\n|-weather|Sandstorm|[from] ability: Sand Stream|[of] p2b: Tyranitar\n|turn|3\n|\n|t:|1699216069\n|move|p2a: Sableye|Reflect|p2a: Sableye\n|-sidestart|p2: KyroZag|Reflect\n|move|p1a: Gliscor|Knock Off|p2b: Tyranitar\n|-resisted|p2b: Tyranitar\n|-damage|p2b: Tyranitar|96\/100\n|-enditem|p2b: Tyranitar|Leftovers|[from] move: Knock Off|[of] p1a: Gliscor\n|move|p2b: Tyranitar|Ice Punch|p1a: Gliscor\n|-supereffective|p1a: Gliscor\n|-damage|p1a: Gliscor|3\/100 tox\n|move|p1b: Revavroom|Spin Out|p2b: Tyranitar\n|-supereffective|p2b: Tyranitar\n|-damage|p2b: Tyranitar|19\/100\n|-unboost|p1b: Revavroom|spe|2\n|\n|-weather|Sandstorm|[upkeep]\n|-damage|p2a: Sableye|77\/100|[from] Sandstorm\n|-heal|p1a: Gliscor|16\/100 tox|[from] ability: Poison Heal\n|-end|p1a: Gliscor|move: Taunt\n|upkeep\n|turn|4\n|\n|t:|1699216095\n|move|p1a: Gliscor|Stealth Rock|p2a: Sableye\n|-sidestart|p2: KyroZag|move: Stealth Rock\n|move|p2b: Tyranitar|Rock Slide|p1b: Revavroom|[spread] p1a,p1b\n|-resisted|p1b: Revavroom\n|-damage|p1a: Gliscor|0 fnt\n|-damage|p1b: Revavroom|0 fnt\n|faint|p1a: Gliscor\n|faint|p1b: Revavroom\n|move|p2a: Sableye|Foul Play|p1: Gliscor|[notarget]\n|-fail|p2a: Sableye\n|\n|-weather|Sandstorm|[upkeep]\n|-damage|p2a: Sableye|71\/100|[from] Sandstorm\n|upkeep\n|inactive|pasteels99 has 120 seconds left.\n|\n|t:|1699216107\n|switch|p1a: Meowscarada|Meowscarada, M|100\/100\n|switch|p1b: Chi-Yu|Chi-Yu|100\/100\n|-ability|p1b: Chi-Yu|Beads of Ruin\n|turn|5\n|\n|t:|1699216125\n|move|p1a: Meowscarada|Play Rough|p2a: Sableye\n|-start|p1a: Meowscarada|typechange|Fairy|[from] ability: Protean\n|-supereffective|p2a: Sableye\n|-damage|p2a: Sableye|0 fnt\n|faint|p2a: Sableye\n|-damage|p1a: Meowscarada|91\/100|[from] item: Life Orb\n|move|p1b: Chi-Yu|Heat Wave|p2b: Tyranitar\n|-resisted|p2b: Tyranitar\n|-damage|p2b: Tyranitar|0 fnt\n|faint|p2b: Tyranitar\n|\n|-weather|Sandstorm|[upkeep]\n|-damage|p1a: Meowscarada|85\/100|[from] Sandstorm\n|-damage|p1b: Chi-Yu|95\/100|[from] Sandstorm\n|upkeep\n|\n|t:|1699216141\n|switch|p2b: Gastrodon|Gastrodon-East, F|100\/100\n|switch|p2a: Houndstone|Houndstone, F|100\/100\n|-damage|p2a: Houndstone|88\/100|[from] Stealth Rock\n|-damage|p2b: Gastrodon|94\/100|[from] Stealth Rock\n|turn|6\n|\n|t:|1699216152\n|move|p2a: Houndstone|Last Respects|p1a: Meowscarada\n|-damage|p1a: Meowscarada|0 fnt\n|faint|p1a: Meowscarada\n|move|p1b: Chi-Yu|Heat Wave|p2b: Gastrodon|[spread] p2b\n|-miss|p1b: Chi-Yu|p2a: Houndstone\n|-resisted|p2b: Gastrodon\n|-damage|p2b: Gastrodon|60\/100\n|move|p2b: Gastrodon|Earth Power|p1b: Chi-Yu\n|-supereffective|p1b: Chi-Yu\n|-damage|p1b: Chi-Yu|1\/100\n|\n|-weather|Sandstorm|[upkeep]\n|-damage|p1b: Chi-Yu|0 fnt|[from] Sandstorm\n|faint|p1b: Chi-Yu\n|upkeep\n|\n|t:|1699216165\n|switch|p1a: Regieleki|Regieleki|100\/100\n|turn|7\n|\n|t:|1699216173\n|-terastallize|p1a: Regieleki|Ice\n|move|p1a: Regieleki|Tera Blast|p2b: Gastrodon|[anim] Tera Blast Ice\n|-damage|p2b: Gastrodon|27\/100\n|move|p2a: Houndstone|Last Respects|p1a: Regieleki\n|-enditem|p1a: Regieleki|Focus Sash\n|-damage|p1a: Regieleki|1\/100\n|move|p2b: Gastrodon|Earth Power|p1a: Regieleki\n|-damage|p1a: Regieleki|0 fnt\n|faint|p1a: Regieleki\n|\n|win|KyroZag\n|raw|pasteels99's rating: 1181 &rarr; <strong>1156<\/strong><br \/>(-25 for losing)\n|raw|KyroZag's rating: 1185 &rarr; <strong>1210<\/strong><br \/>(+25 for winning)\n|l|\u2606pasteels99\n|c|\u2606KyroZag|Gg\n","uploadtime":1699216193,"views":11,"p1id":"pasteels99","p2id":"kyrozag","formatid":"gen9doublesou","rating":1156,"private":0,"password":""}