{"id":"gen9doublesou-1988625305","p1":"CROCODLLE","p2":"Ogcrimmson","format":"[Gen 9] Doubles OU","log":"|j|\u2606CROCODLLE\n|j|\u2606Ogcrimmson\n|t:|1699743364\n|gametype|doubles\n|player|p1|CROCODLLE|102|\n|player|p2|Ogcrimmson|caitlin|\n|teamsize|p1|6\n|teamsize|p2|6\n|gen|9\n|tier|[Gen 9] Doubles OU\n|rule|Species Clause: Limit one of each Pok\u00e9mon\n|rule|OHKO Clause: OHKO moves are banned\n|rule|Evasion Moves Clause: Evasion moves are banned\n|rule|Gravity Sleep Clause: The combination of sleep-inducing moves with imperfect accuracy and Gravity or Gigantamax Orbeetle are banned\n|rule|Endless Battle Clause: Forcing endless battles is banned\n|rule|HP Percentage Mod: HP is shown in percentages\n|clearpoke\n|poke|p1|Lilligant-Hisui, F|\n|poke|p1|Dipplin, F|\n|poke|p1|Armarouge, F|\n|poke|p1|Mamoswine, F|\n|poke|p1|Slowking-Galar, F|\n|poke|p1|Azumarill, F|\n|poke|p2|Ribombee, F|\n|poke|p2|Slaking, M|\n|poke|p2|Weezing-Galar, M|\n|poke|p2|Milotic, M|\n|poke|p2|Sinistcha-Masterpiece|\n|poke|p2|Illumise, F|\n|teampreview\n|\n|t:|1699743401\n|start\n|switch|p1a: Dipplin|Dipplin, F|100\/100\n|switch|p1b: Lilligant|Lilligant-Hisui, F|100\/100\n|switch|p2a: Ribombee|Ribombee, F, shiny|100\/100\n|switch|p2b: Milotic|Milotic, M, shiny|100\/100\n|-ability|p1a: Dipplin|Supersweet Syrup\n|-ability|p1a: Dipplin|Supersweet Syrup|boost\n|-unboost|p2a: Ribombee|evasion|1\n|-unboost|p2b: Milotic|evasion|1\n|-ability|p2b: Milotic|Competitive|boost\n|-boost|p2b: Milotic|spa|2\n|turn|1\n|\n|t:|1699743425\n|move|p2a: Ribombee|Switcheroo|p1b: Lilligant\n|-activate|p2a: Ribombee|move: Trick|[of] p1b: Lilligant\n|-item|p1b: Lilligant|Toxic Orb|[from] move: Switcheroo\n|-item|p2a: Ribombee|Focus Sash|[from] move: Switcheroo\n|move|p1b: Lilligant|Close Combat|p2b: Milotic\n|-damage|p2b: Milotic|30\/100\n|-unboost|p1b: Lilligant|def|1\n|-unboost|p1b: Lilligant|spd|1\n|-enditem|p2b: Milotic|Sitrus Berry|[eat]\n|-heal|p2b: Milotic|55\/100|[from] item: Sitrus Berry\n|move|p2b: Milotic|Coil|p2b: Milotic\n|-boost|p2b: Milotic|atk|1\n|-boost|p2b: Milotic|def|1\n|-boost|p2b: Milotic|accuracy|1\n|move|p1a: Dipplin|Syrup Bomb|p2a: Ribombee\n|-resisted|p2a: Ribombee\n|-damage|p2a: Ribombee|84\/100\n|\n|-status|p1b: Lilligant|tox|[from] item: Toxic Orb\n|upkeep\n|turn|2\n|j| dphoenix84\n|\n|t:|1699743462\n|move|p2a: Ribombee|Pollen Puff|p2b: Milotic\n|-heal|p2b: Milotic|100\/100\n|move|p1b: Lilligant|Close Combat|p2b: Milotic\n|-damage|p2b: Milotic|59\/100\n|-unboost|p1b: Lilligant|def|1\n|-unboost|p1b: Lilligant|spd|1\n|move|p2b: Milotic|Coil|p2b: Milotic\n|-boost|p2b: Milotic|atk|1\n|-boost|p2b: Milotic|def|1\n|-boost|p2b: Milotic|accuracy|1\n|move|p1a: Dipplin|Syrup Bomb|p2b: Milotic\n|-supereffective|p2b: Milotic\n|-damage|p2b: Milotic|33\/100\n|-start|p2b: Milotic|Syrup Bomb\n|\n|-damage|p1b: Lilligant|94\/100 tox|[from] psn\n|-unboost|p2b: Milotic|spe|1\n|upkeep\n|turn|3\n|\n|t:|1699743511\n|switch|p1b: Slowking|Slowking-Galar, F|100\/100\n|-clearboost|p1a: Dipplin|[from] ability: Curious Medicine|[of] p1b: Slowking\n|move|p2a: Ribombee|Pollen Puff|p2b: Milotic\n|-heal|p2b: Milotic|83\/100\n|move|p2b: Milotic|Blizzard|p1a: Dipplin|[spread] p1a,p1b\n|-supereffective|p1a: Dipplin\n|-crit|p1b: Slowking\n|-damage|p1a: Dipplin|0 fnt\n|-damage|p1b: Slowking|70\/100\n|-status|p1b: Slowking|frz\n|faint|p1a: Dipplin\n|\n|-unboost|p2b: Milotic|spe|1\n|upkeep\n|\n|t:|1699743527\n|switch|p1a: Mamoswine|Mamoswine, F|100\/100\n|turn|4\n|\n|t:|1699743540\n|move|p1a: Mamoswine|Ice Shard|p2a: Ribombee\n|-damage|p2a: Ribombee|24\/100\n|move|p2a: Ribombee|Sticky Web|p1b: Slowking\n|-sidestart|p1: CROCODLLE|move: Sticky Web\n|move|p2b: Milotic|Hypnosis|p1a: Mamoswine\n|-status|p1a: Mamoswine|slp|[from] move: Hypnosis\n|cant|p1b: Slowking|frz\n|\n|-unboost|p2b: Milotic|spe|1\n|upkeep\n|turn|5\n|\n|t:|1699743559\n|switch|p1a: Armarouge|Armarouge, F|100\/100\n|-activate|p1a: Armarouge|move: Sticky Web\n|-unboost|p1a: Armarouge|spe|1\n|move|p2a: Ribombee|Pollen Puff|p1b: Slowking\n|-damage|p1b: Slowking|49\/100 frz\n|cant|p1b: Slowking|frz\n|move|p2b: Milotic|Blizzard|p1a: Armarouge|[spread] p1a,p1b\n|-resisted|p1a: Armarouge\n|-damage|p1a: Armarouge|78\/100\n|-damage|p1b: Slowking|30\/100 frz\n|\n|-end|p2b: Milotic|Syrup Bomb|[silent]\n|upkeep\n|turn|6\n|\n|t:|1699743596\n|switch|p1b: Azumarill|Azumarill, F|100\/100\n|-activate|p1b: Azumarill|move: Sticky Web\n|-unboost|p1b: Azumarill|spe|1\n|move|p2a: Ribombee|Pollen Puff|p1b: Azumarill\n|-resisted|p1b: Azumarill\n|-damage|p1b: Azumarill|87\/100\n|move|p1a: Armarouge|Armor Cannon|p2a: Ribombee\n|-supereffective|p2a: Ribombee\n|-damage|p2a: Ribombee|0 fnt\n|-unboost|p1a: Armarouge|def|1\n|-unboost|p1a: Armarouge|spd|1\n|faint|p2a: Ribombee\n|move|p2b: Milotic|Blizzard|p1a: Armarouge|[spread] p1a,p1b\n|-resisted|p1a: Armarouge\n|-resisted|p1b: Azumarill\n|-damage|p1a: Armarouge|48\/100\n|-damage|p1b: Azumarill|80\/100\n|\n|-heal|p1b: Azumarill|86\/100|[from] item: Leftovers\n|upkeep\n|\n|t:|1699743616\n|switch|p2a: Illumise|Illumise, F, shiny|100\/100\n|turn|7\n|\n|t:|1699743636\n|switch|p1b: Lilligant|Lilligant-Hisui, F|94\/100 tox\n|-activate|p1b: Lilligant|move: Sticky Web\n|-unboost|p1b: Lilligant|spe|1\n|move|p2a: Illumise|Rain Dance|p2a: Illumise\n|-weather|RainDance\n|move|p2b: Milotic|Hypnosis||[still]\n|-fail|p2b: Milotic\n|move|p1a: Armarouge|Trick Room|p1a: Armarouge\n|-fieldstart|move: Trick Room|[of] p1a: Armarouge\n|\n|-weather|RainDance|[upkeep]\n|-damage|p1b: Lilligant|88\/100 tox|[from] psn\n|upkeep\n|turn|8\n|\n|t:|1699743654\n|move|p2a: Illumise|Fake Tears|p1b: Lilligant\n|-unboost|p1b: Lilligant|spd|2\n|move|p2b: Milotic|Blizzard|p1a: Armarouge|[spread] p1a,p1b\n|-resisted|p1a: Armarouge\n|-supereffective|p1b: Lilligant\n|-damage|p1a: Armarouge|17\/100\n|-damage|p1b: Lilligant|0 fnt\n|faint|p1b: Lilligant\n|move|p1a: Armarouge|Energy Ball|p2b: Milotic\n|-supereffective|p2b: Milotic\n|-damage|p2b: Milotic|36\/100\n|\n|-weather|RainDance|[upkeep]\n|upkeep\n|\n|t:|1699743669\n|switch|p1b: Mamoswine|Mamoswine, F|100\/100 slp\n|-activate|p1b: Mamoswine|move: Sticky Web\n|-unboost|p1b: Mamoswine|spe|1\n|turn|9\n|\n|t:|1699743683\n|move|p2a: Illumise|Fake Tears|p1b: Mamoswine\n|-unboost|p1b: Mamoswine|spd|2\n|move|p2b: Milotic|Blizzard|p1a: Armarouge|[spread] p1a,p1b\n|-resisted|p1a: Armarouge\n|-damage|p1a: Armarouge|0 fnt\n|-damage|p1b: Mamoswine|43\/100 slp\n|faint|p1a: Armarouge\n|cant|p1b: Mamoswine|slp\n|\n|-weather|RainDance|[upkeep]\n|upkeep\n|\n|t:|1699743692\n|switch|p1a: Azumarill|Azumarill, F|86\/100\n|-activate|p1a: Azumarill|move: Sticky Web\n|-unboost|p1a: Azumarill|spe|1\n|turn|10\n|\n|t:|1699743708\n|switch|p2a: Sinistcha|Sinistcha-Masterpiece, shiny|100\/100\n|-heal|p2b: Milotic|61\/100|[from] ability: Hospitality|[of] p2a: Sinistcha\n|move|p1a: Azumarill|Chilling Water|p2a: Sinistcha\n|-resisted|p2a: Sinistcha\n|-damage|p2a: Sinistcha|93\/100\n|-unboost|p2a: Sinistcha|atk|1\n|move|p2b: Milotic|Blizzard|p1a: Azumarill|[spread] p1a,p1b\n|-resisted|p1a: Azumarill\n|-damage|p1a: Azumarill|79\/100\n|-damage|p1b: Mamoswine|0 fnt\n|faint|p1b: Mamoswine\n|\n|-weather|RainDance|[upkeep]\n|-heal|p1a: Azumarill|85\/100|[from] item: Leftovers\n|-heal|p2a: Sinistcha|99\/100|[from] item: Leftovers\n|upkeep\n|\n|t:|1699743722\n|switch|p1b: Slowking|Slowking-Galar, F|30\/100 frz\n|-activate|p1b: Slowking|move: Sticky Web\n|-unboost|p1b: Slowking|spe|1\n|-clearboost|p1a: Azumarill|[from] ability: Curious Medicine|[of] p1b: Slowking\n|turn|11\n|\n|t:|1699743753\n|cant|p1b: Slowking|frz\n|move|p2b: Milotic|Hypnosis|p1a: Azumarill\n|-status|p1a: Azumarill|slp|[from] move: Hypnosis\n|cant|p1a: Azumarill|slp\n|move|p2a: Sinistcha|Calm Mind|p2a: Sinistcha\n|-boost|p2a: Sinistcha|spa|1\n|-boost|p2a: Sinistcha|spd|1\n|\n|-weather|none\n|-heal|p1a: Azumarill|92\/100 slp|[from] item: Leftovers\n|-heal|p2a: Sinistcha|100\/100|[from] item: Leftovers\n|-fieldend|move: Trick Room\n|upkeep\n|turn|12\n|\n|t:|1699743773\n|move|p2a: Sinistcha|Hex|p1b: Slowking\n|-supereffective|p1b: Slowking\n|-damage|p1b: Slowking|0 fnt\n|faint|p1b: Slowking\n|-curestatus|p1a: Azumarill|slp|[msg]\n|move|p1a: Azumarill|Play Rough|p2a: Sinistcha\n|-damage|p2a: Sinistcha|85\/100\n|move|p2b: Milotic|Blizzard|p1a: Azumarill\n|-resisted|p1a: Azumarill\n|-damage|p1a: Azumarill|83\/100\n|\n|-heal|p2a: Sinistcha|91\/100|[from] item: Leftovers\n|-heal|p1a: Azumarill|89\/100|[from] item: Leftovers\n|upkeep\n|turn|13\n|\n|t:|1699743793\n|move|p2a: Sinistcha|Matcha Gotcha|p1a: Azumarill\n|-supereffective|p1a: Azumarill\n|-damage|p1a: Azumarill|19\/100\n|-heal|p2a: Sinistcha|100\/100|[from] drain|[of] p1a: Azumarill\n|-status|p1a: Azumarill|brn\n|move|p1a: Azumarill|Play Rough|p2b: Milotic\n|-damage|p2b: Milotic|58\/100\n|move|p2b: Milotic|Hypnosis||[still]\n|-fail|p2b: Milotic\n|\n|-heal|p1a: Azumarill|25\/100 brn|[from] item: Leftovers\n|-damage|p1a: Azumarill|19\/100 brn|[from] brn\n|upkeep\n|turn|14\n|\n|t:|1699743810\n|-terastallize|p1a: Azumarill|Water\n|move|p2a: Sinistcha|Matcha Gotcha|p1a: Azumarill\n|-supereffective|p1a: Azumarill\n|-damage|p1a: Azumarill|0 fnt\n|faint|p1a: Azumarill\n|\n|win|Ogcrimmson\n","uploadtime":1699743819,"views":21,"p1id":"crocodlle","p2id":"ogcrimmson","formatid":"gen9doublesou","rating":0,"private":0,"password":""}