{"id":"gen9doublesou-1968304884","p1":"The real piva","p2":"edgypunishment","format":"[Gen 9] Doubles OU","log":"|html|<div class=\"broadcast-blue\"><strong>[Gen 9] Doubles OU is currently suspecting Basculegion & Flutter Mane! For information on how to participate check out the <a href=\"https:\/\/www.smogon.com\/forums\/threads\/np-sv-dou-stage-8-double-trouble.3729153\/\">suspect thread<\/a>.<\/strong><\/div>\n|j|\u2606The real piva\n|j|\u2606edgypunishment\n|t:|1697404270\n|gametype|doubles\n|player|p1|The real piva|n|1026\n|player|p2|edgypunishment|dawn|1127\n|teamsize|p1|6\n|teamsize|p2|6\n|gen|9\n|tier|[Gen 9] Doubles OU\n|rated|\n|rule|Species Clause: Limit one of each Pok\u00e9mon\n|rule|OHKO Clause: OHKO moves are banned\n|rule|Evasion Moves Clause: Evasion moves are banned\n|rule|Gravity Sleep Clause: The combination of sleep-inducing moves with imperfect accuracy and Gravity or Gigantamax Orbeetle are banned\n|rule|Endless Battle Clause: Forcing endless battles is banned\n|rule|HP Percentage Mod: HP is shown in percentages\n|clearpoke\n|poke|p1|Goodra-Hisui, F|\n|poke|p1|Infernape, F|\n|poke|p1|Gardevoir, F|\n|poke|p1|Iron Jugulis|\n|poke|p1|Gastrodon-East, M|\n|poke|p1|Voltorb-Hisui|\n|poke|p2|Mabosstiff, M|\n|poke|p2|Grimmsnarl, M|\n|poke|p2|Kingambit, F|\n|poke|p2|Iron Jugulis|\n|poke|p2|Sableye, M|\n|poke|p2|Overqwil, F|\n|teampreview\n|inactive|Battle timer is ON: inactive players will automatically lose when time's up. (requested by edgypunishment)\n|\n|t:|1697404302\n|start\n|switch|p1a: Madara|Infernape, F|100\/100\n|switch|p1b: Zoro|Iron Jugulis|100\/100\n|switch|p2a: Mabosstiff|Mabosstiff, M|100\/100\n|switch|p2b: Grimmsnarl|Grimmsnarl, M|100\/100\n|-enditem|p1b: Zoro|Booster Energy\n|-activate|p1b: Zoro|ability: Quark Drive|[fromitem]\n|-start|p1b: Zoro|quarkdrivespa\n|turn|1\n|inactive|edgypunishment has 120 seconds left.\n|\n|t:|1697404348\n|-terastallize|p1a: Madara|Fire\n|move|p2b: Grimmsnarl|Reflect|p2b: Grimmsnarl\n|-sidestart|p2: edgypunishment|Reflect\n|move|p1b: Zoro|Tailwind|p1b: Zoro\n|-sidestart|p1: The real piva|move: Tailwind\n|move|p1a: Madara|Close Combat|p2a: Mabosstiff\n|-supereffective|p2a: Mabosstiff\n|-damage|p2a: Mabosstiff|22\/100\n|-unboost|p1a: Madara|def|1\n|-unboost|p1a: Madara|spd|1\n|move|p2a: Mabosstiff|Psychic Fangs|p1a: Madara\n|-damage|p1a: Madara|38\/100\n|\n|upkeep\n|turn|2\n|inactive|edgypunishment has 120 seconds left.\n|\n|t:|1697404373\n|move|p2b: Grimmsnarl|Light Screen|p2b: Grimmsnarl\n|-sidestart|p2: edgypunishment|move: Light Screen\n|move|p1b: Zoro|Air Slash|p2b: Grimmsnarl\n|-damage|p2b: Grimmsnarl|56\/100\n|move|p1a: Madara|Close Combat|p2a: Mabosstiff\n|-supereffective|p2a: Mabosstiff\n|-damage|p2a: Mabosstiff|0 fnt\n|-unboost|p1a: Madara|def|1\n|-unboost|p1a: Madara|spd|1\n|faint|p2a: Mabosstiff\n|-heal|p1a: Madara|41\/100|[from] item: Shell Bell|[of] p2: Mabosstiff\n|\n|upkeep\n|inactive|edgypunishment has 90 seconds left.\n|c|\u2606The real piva|Come on\n|inactive|edgypunishment has 60 seconds left.\n|\n|t:|1697404452\n|switch|p2a: Kingambit|Kingambit, F|100\/100\n|-activate|p2a: Kingambit|ability: Supreme Overlord\n|-start|p2a: Kingambit|fallen1|[silent]\n|turn|3\n|inactive|edgypunishment has 60 seconds left.\n|\n|t:|1697404468\n|move|p2a: Kingambit|Sucker Punch|p1a: Madara\n|-damage|p1a: Madara|0 fnt\n|faint|p1a: Madara\n|move|p1b: Zoro|Air Slash|p2b: Grimmsnarl\n|-damage|p2b: Grimmsnarl|13\/100\n|move|p2b: Grimmsnarl|Spirit Break|p1b: Zoro\n|-supereffective|p1b: Zoro\n|-damage|p1b: Zoro|2\/100\n|-unboost|p1b: Zoro|spa|1\n|\n|upkeep\n|\n|t:|1697404481\n|switch|p1a: Gastrodon|Gastrodon-East, M|100\/100\n|turn|4\n|\n|t:|1697404490\n|move|p2a: Kingambit|Sucker Punch||[still]\n|-fail|p2a: Kingambit\n|move|p1b: Zoro|Tailwind||[still]\n|-fail|p1b: Zoro\n|move|p1a: Gastrodon|Earthquake|p2b: Grimmsnarl|[spread] p2a,p2b\n|-immune|p1b: Zoro\n|-supereffective|p2a: Kingambit\n|-damage|p2a: Kingambit|64\/100\n|-damage|p2b: Grimmsnarl|0 fnt\n|faint|p2b: Grimmsnarl\n|\n|-heal|p2a: Kingambit|70\/100|[from] item: Leftovers\n|-sideend|p1: The real piva|move: Tailwind\n|upkeep\n|inactive|edgypunishment has 60 seconds left.\n|\n|t:|1697404518\n|switch|p2b: Sableye|Sableye, M|100\/100\n|turn|5\n|c|\u2606The real piva|reflet\u00ecct and light screen, clown\n|\n|t:|1697404535\n|move|p2a: Kingambit|Sucker Punch||[still]\n|-fail|p2a: Kingambit\n|move|p2b: Sableye|Disable|p1a: Gastrodon\n|-start|p1a: Gastrodon|Disable|Earthquake\n|move|p1b: Zoro|Tailwind|p1b: Zoro\n|-sidestart|p1: The real piva|move: Tailwind\n|cant|p1a: Gastrodon|Disable|Earthquake\n|\n|-heal|p2a: Kingambit|77\/100|[from] item: Leftovers\n|upkeep\n|turn|6\n|inactive|edgypunishment has 90 seconds left.\n|\n|t:|1697404564\n|move|p2b: Sableye|Will-O-Wisp|p1b: Zoro\n|-hint|Since gen 7, Dark is immune to Prankster moves.\n|-immune|p1b: Zoro\n|move|p1b: Zoro|Air Slash|p2a: Kingambit\n|-resisted|p2a: Kingambit\n|-damage|p2a: Kingambit|67\/100\n|move|p1a: Gastrodon|Surf|p2a: Kingambit|[spread] p1b,p2a,p2b\n|-damage|p1b: Zoro|0 fnt\n|-damage|p2a: Kingambit|54\/100\n|-damage|p2b: Sableye|83\/100\n|faint|p1b: Zoro\n|-end|p1b: Zoro|Quark Drive|[silent]\n|cant|p2a: Kingambit|flinch\n|\n|-heal|p2a: Kingambit|60\/100|[from] item: Leftovers\n|upkeep\n|inactive|The real piva has 120 seconds left.\n|\n|t:|1697404578\n|switch|p1b: Minato|Voltorb-Hisui|100\/100\n|turn|7\n|\n|t:|1697404590\n|move|p2b: Sableye|Will-O-Wisp|p1b: Minato\n|-status|p1b: Minato|brn\n|move|p1b: Minato|Thunderbolt|p2a: Kingambit\n|-damage|p2a: Kingambit|49\/100\n|move|p1a: Gastrodon|Ice Beam|p2b: Sableye\n|-crit|p2b: Sableye\n|-damage|p2b: Sableye|49\/100\n|move|p2a: Kingambit|Kowtow Cleave|p1a: Gastrodon\n|-crit|p1a: Gastrodon\n|-damage|p1a: Gastrodon|18\/100\n|\n|-heal|p2a: Kingambit|55\/100|[from] item: Leftovers\n|-damage|p1b: Minato|94\/100 brn|[from] brn\n|upkeep\n|turn|8\n|inactive|edgypunishment has 120 seconds left.\n|\n|t:|1697404615\n|move|p2b: Sableye|Disable|p1b: Minato\n|-start|p1b: Minato|Disable|Thunderbolt\n|move|p2a: Kingambit|Sucker Punch|p1a: Gastrodon\n|-damage|p1a: Gastrodon|0 fnt\n|faint|p1a: Gastrodon\n|cant|p1b: Minato|Disable|Thunderbolt\n|\n|-heal|p2a: Kingambit|61\/100|[from] item: Leftovers\n|-damage|p1b: Minato|88\/100 brn|[from] brn\n|-sideend|p2: edgypunishment|Reflect\n|-sideend|p1: The real piva|move: Tailwind\n|upkeep\n|inactive|The real piva has 120 seconds left.\n|\n|t:|1697404626\n|switch|p1a: CC|Gardevoir, F|100\/100\n|turn|9\n|\n|t:|1697404640\n|move|p2b: Sableye|Recover|p2b: Sableye\n|-heal|p2b: Sableye|99\/100\n|move|p1b: Minato|Giga Drain|p2b: Sableye\n|-damage|p2b: Sableye|86\/100\n|-heal|p1b: Minato|98\/100 brn|[from] drain|[of] p2b: Sableye\n|move|p1a: CC|Shadow Ball|p2b: Sableye\n|-damage|p2b: Sableye|67\/100\n|move|p2a: Kingambit|Iron Head|p1a: CC\n|-supereffective|p1a: CC\n|-damage|p1a: CC|0 fnt\n|faint|p1a: CC\n|\n|-heal|p2a: Kingambit|67\/100|[from] item: Leftovers\n|-damage|p1b: Minato|92\/100 brn|[from] brn\n|-sideend|p2: edgypunishment|move: Light Screen\n|upkeep\n|\n|t:|1697404656\n|switch|p1a: Sirio|Goodra-Hisui, F|100\/100\n|turn|10\n|\n|t:|1697404674\n|move|p2b: Sableye|Will-O-Wisp|p1a: Sirio\n|-status|p1a: Sirio|brn\n|move|p1b: Minato|Energy Ball|p2b: Sableye\n|-damage|p2b: Sableye|46\/100\n|move|p1a: Sirio|Ice Beam|p2b: Sableye\n|-damage|p2b: Sableye|21\/100\n|move|p2a: Kingambit|Swords Dance|p2a: Kingambit\n|-boost|p2a: Kingambit|atk|2\n|\n|-heal|p2a: Kingambit|73\/100|[from] item: Leftovers\n|-damage|p1b: Minato|86\/100 brn|[from] brn\n|-damage|p1a: Sirio|94\/100 brn|[from] brn\n|upkeep\n|turn|11\n|\n|t:|1697404695\n|-terastallize|p2a: Kingambit|Dark\n|move|p2b: Sableye|Quash|p1a: Sirio\n|-activate|p1a: Sirio|move: Quash\n|move|p1b: Minato|Giga Drain|p2b: Sableye\n|-damage|p2b: Sableye|4\/100\n|-heal|p1b: Minato|99\/100 brn|[from] drain|[of] p2b: Sableye\n|move|p2a: Kingambit|Kowtow Cleave|p1a: Sirio\n|-damage|p1a: Sirio|0 fnt\n|-ability|p1a: Sirio|Gooey\n|-unboost|p2a: Kingambit|spe|1\n|faint|p1a: Sirio\n|\n|-heal|p2a: Kingambit|79\/100|[from] item: Leftovers\n|-damage|p1b: Minato|94\/100 brn|[from] brn\n|-end|p1b: Minato|Disable\n|upkeep\n|turn|12\n|-message|The real piva forfeited.\n|\n|win|edgypunishment\n|raw|The real piva's rating: 1026 &rarr; <strong>1016<\/strong><br \/>(-10 for losing)\n|raw|edgypunishment's rating: 1127 &rarr; <strong>1145<\/strong><br \/>(+18 for winning)\n|l|\u2606The real piva\n","uploadtime":1697404725,"views":9,"p1id":"therealpiva","p2id":"edgypunishment","formatid":"gen9doublesou","rating":1016,"private":0,"password":""}