{"id":"gen9doublesou-1996616687","p1":"bobbybigballzzz","p2":"Straw-Hat26","format":"[Gen 9] Doubles OU","log":"|j|\u2606bobbybigballzzz\n|j|\u2606Straw-Hat26\n|t:|1700701060\n|gametype|doubles\n|player|p1|bobbybigballzzz|pokemonranger-gen4|1285\n|player|p2|Straw-Hat26|1|1368\n|teamsize|p1|6\n|teamsize|p2|6\n|gen|9\n|tier|[Gen 9] Doubles OU\n|rated|\n|rule|Species Clause: Limit one of each Pok\u00e9mon\n|rule|OHKO Clause: OHKO moves are banned\n|rule|Evasion Moves Clause: Evasion moves are banned\n|rule|Gravity Sleep Clause: The combination of sleep-inducing moves with imperfect accuracy and Gravity or Gigantamax Orbeetle are banned\n|rule|Endless Battle Clause: Forcing endless battles is banned\n|rule|HP Percentage Mod: HP is shown in percentages\n|clearpoke\n|poke|p1|Farigiraf, F|\n|poke|p1|Landorus, M|\n|poke|p1|Tyranitar, F|\n|poke|p1|Lycanroc, F|\n|poke|p1|Heatran, F|\n|poke|p1|Houndstone, F|\n|poke|p2|Zoroark-Hisui, F|\n|poke|p2|Amoonguss, F|\n|poke|p2|Sableye, M|\n|poke|p2|Garganacl, F|\n|poke|p2|Rillaboom, F|\n|poke|p2|Volcarona, F|\n|teampreview\n|\n|t:|1700701071\n|start\n|switch|p1a: Farigiraf|Farigiraf, F, shiny|100\/100\n|switch|p1b: Landorus|Landorus, M|100\/100\n|switch|p2a: Amoonguss|Amoonguss, F|100\/100\n|switch|p2b: Sableye|Sableye, M|100\/100\n|turn|1\n|\n|t:|1700701090\n|move|p2b: Sableye|Taunt||[still]\n|cant|p1a: Farigiraf|ability: Armor Tail|Taunt|[of] p2b: Sableye\n|move|p1b: Landorus|Psychic|p2a: Amoonguss\n|-supereffective|p2a: Amoonguss\n|-damage|p2a: Amoonguss|37\/100\n|move|p1a: Farigiraf|Psychic|p2a: Amoonguss\n|-supereffective|p2a: Amoonguss\n|-crit|p2a: Amoonguss\n|-damage|p2a: Amoonguss|0 fnt\n|faint|p2a: Amoonguss\n|\n|upkeep\n|inactive|Battle timer is ON: inactive players will automatically lose when time's up. (requested by Straw-Hat26)\n|\n|t:|1700701102\n|switch|p2a: Volcarona|Volcarona, F|100\/100\n|turn|2\n|\n|t:|1700701119\n|-terastallize|p2a: Volcarona|Bug\n|move|p1a: Farigiraf|Helping Hand|p1b: Landorus\n|-singleturn|p1b: Landorus|Helping Hand|[of] p1a: Farigiraf\n|move|p1b: Landorus|Sandsear Storm|p2b: Sableye|[spread] p2a,p2b\n|-resisted|p2a: Volcarona\n|-damage|p2a: Volcarona|54\/100\n|-enditem|p2b: Sableye|Focus Sash\n|-damage|p2b: Sableye|1\/100\n|move|p2a: Volcarona|Quiver Dance|p2a: Volcarona\n|-boost|p2a: Volcarona|spa|1\n|-boost|p2a: Volcarona|spd|1\n|-boost|p2a: Volcarona|spe|1\n|move|p2b: Sableye|Dark Pulse|p1a: Farigiraf\n|-supereffective|p1a: Farigiraf\n|-damage|p1a: Farigiraf|59\/100\n|\n|upkeep\n|turn|3\n|inactive|bobbybigballzzz has 120 seconds left.\n|inactive|Straw-Hat26 has 120 seconds left.\n|\n|t:|1700701167\n|move|p1a: Farigiraf|Helping Hand|p1b: Landorus\n|-singleturn|p1b: Landorus|Helping Hand|[of] p1a: Farigiraf\n|move|p2a: Volcarona|Bug Buzz|p1b: Landorus\n|-resisted|p1b: Landorus\n|-damage|p1b: Landorus|35\/100\n|move|p1b: Landorus|Psychic|p2a: Volcarona\n|-damage|p2a: Volcarona|7\/100\n|-enditem|p2a: Volcarona|Sitrus Berry|[eat]\n|-heal|p2a: Volcarona|31\/100|[from] item: Sitrus Berry\n|move|p2b: Sableye|Dark Pulse|p1a: Farigiraf\n|-supereffective|p1a: Farigiraf\n|-damage|p1a: Farigiraf|19\/100\n|\n|upkeep\n|turn|4\n|inactive|bobbybigballzzz has 120 seconds left.\n|\n|t:|1700701179\n|move|p1b: Landorus|Protect|p1b: Landorus\n|-singleturn|p1b: Landorus|Protect\n|move|p2a: Volcarona|Heat Wave|p1b: Landorus|[spread] p1a\n|-activate|p1b: Landorus|move: Protect\n|-damage|p1a: Farigiraf|0 fnt\n|faint|p1a: Farigiraf\n|move|p2b: Sableye|Dark Pulse|p1b: Landorus\n|-activate|p1b: Landorus|move: Protect\n|\n|upkeep\n|inactive|bobbybigballzzz has 120 seconds left.\n|\n|t:|1700701186\n|switch|p1a: Lycanroc|Lycanroc, F, shiny|100\/100\n|turn|5\n|\n|t:|1700701210\n|switch|p2a: Rillaboom|Rillaboom, F|100\/100\n|-fieldstart|move: Grassy Terrain|[from] ability: Grassy Surge|[of] p2a: Rillaboom\n|-enditem|p2a: Rillaboom|Grassy Seed\n|-boost|p2a: Rillaboom|def|1|[from] item: Grassy Seed\n|switch|p1b: Tyranitar|Tyranitar, F, shiny|100\/100\n|-weather|Sandstorm|[from] ability: Sand Stream|[of] p1b: Tyranitar\n|move|p1a: Lycanroc|Rock Slide|p2a: Rillaboom|[spread] p2a,p2b\n|-damage|p2a: Rillaboom|82\/100\n|-damage|p2b: Sableye|0 fnt\n|faint|p2b: Sableye\n|\n|-weather|Sandstorm|[upkeep]\n|-damage|p2a: Rillaboom|76\/100|[from] Sandstorm\n|-heal|p2a: Rillaboom|82\/100|[from] Grassy Terrain\n|upkeep\n|inactive|Straw-Hat26 has 120 seconds left.\n|\n|t:|1700701226\n|switch|p2b: Volcarona|Volcarona, F, tera:Bug|31\/100\n|turn|6\n|\n|t:|1700701233\n|-terastallize|p1b: Tyranitar|Flying\n|move|p2a: Rillaboom|Grassy Glide|p1a: Lycanroc\n|-supereffective|p1a: Lycanroc\n|-enditem|p1a: Lycanroc|Focus Sash\n|-damage|p1a: Lycanroc|1\/100\n|move|p1a: Lycanroc|Rock Slide|p2b: Volcarona|[spread] p2b\n|-miss|p1a: Lycanroc|p2a: Rillaboom\n|-supereffective|p2b: Volcarona\n|-damage|p2b: Volcarona|0 fnt\n|faint|p2b: Volcarona\n|move|p1b: Tyranitar|Tera Blast|p2a: Rillaboom|[anim] Tera Blast Flying\n|-supereffective|p2a: Rillaboom\n|-damage|p2a: Rillaboom|22\/100\n|\n|-weather|Sandstorm|[upkeep]\n|-damage|p2a: Rillaboom|16\/100|[from] Sandstorm\n|-damage|p1b: Tyranitar|94\/100|[from] Sandstorm\n|-heal|p1a: Lycanroc|7\/100|[from] Grassy Terrain\n|-heal|p2a: Rillaboom|22\/100|[from] Grassy Terrain\n|upkeep\n|\n|t:|1700701243\n|switch|p2b: Garganacl|Garganacl, F|100\/100\n|turn|7\n|\n|t:|1700701255\n|switch|p1a: Heatran|Heatran, F|100\/100\n|move|p2a: Rillaboom|Grassy Glide|p1a: Heatran\n|-resisted|p1a: Heatran\n|-damage|p1a: Heatran|93\/100\n|move|p1b: Tyranitar|Tera Blast|p2a: Rillaboom|[anim] Tera Blast Flying\n|-supereffective|p2a: Rillaboom\n|-damage|p2a: Rillaboom|0 fnt\n|faint|p2a: Rillaboom\n|move|p2b: Garganacl|Iron Defense|p2b: Garganacl\n|-boost|p2b: Garganacl|def|2\n|\n|-weather|Sandstorm|[upkeep]\n|-damage|p1b: Tyranitar|88\/100|[from] Sandstorm\n|-heal|p1a: Heatran|99\/100|[from] Grassy Terrain\n|-heal|p1a: Heatran|100\/100|[from] item: Leftovers\n|upkeep\n|\n|t:|1700701261\n|switch|p2a: Garganacl|Garganacl, F|100\/100\n|turn|8\n|\n|t:|1700701283\n|move|p2a: Garganacl|Nasty Plot|p2a: Garganacl\n|-boost|p2a: Garganacl|spa|2\n|move|p1a: Heatran|Earth Power|p2b: Garganacl\n|-supereffective|p2b: Garganacl\n|-damage|p2b: Garganacl|70\/100\n|move|p1b: Tyranitar|Knock Off|p2a: Garganacl\n|-supereffective|p2a: Garganacl\n|-enditem|p2a: Garganacl|Focus Sash\n|-damage|p2a: Garganacl|1\/100\n|replace|p2a: Zoroark|Zoroark-Hisui, F\n|-end|p2a: Zoroark|Illusion\n|move|p2b: Garganacl|Body Press|p1a: Heatran\n|-supereffective|p1a: Heatran\n|-damage|p1a: Heatran|18\/100\n|\n|-weather|Sandstorm|[upkeep]\n|-damage|p2a: Zoroark|0 fnt|[from] Sandstorm\n|-damage|p1b: Tyranitar|82\/100|[from] Sandstorm\n|faint|p2a: Zoroark\n|-heal|p1a: Heatran|24\/100|[from] Grassy Terrain\n|-heal|p1a: Heatran|30\/100|[from] item: Leftovers\n|-heal|p2b: Garganacl|76\/100|[from] Grassy Terrain\n|-heal|p2b: Garganacl|82\/100|[from] item: Leftovers\n|upkeep\n|turn|9\n|\n|t:|1700701301\n|move|p1a: Heatran|Earth Power|p2b: Garganacl\n|-supereffective|p2b: Garganacl\n|-damage|p2b: Garganacl|50\/100\n|move|p1b: Tyranitar|Knock Off|p2b: Garganacl\n|-damage|p2b: Garganacl|32\/100\n|-enditem|p2b: Garganacl|Leftovers|[from] move: Knock Off|[of] p1b: Tyranitar\n|move|p2b: Garganacl|Salt Cure|p1a: Heatran\n|-damage|p1a: Heatran|19\/100\n|-start|p1a: Heatran|Salt Cure\n|\n|-weather|none\n|-heal|p1a: Heatran|25\/100|[from] Grassy Terrain\n|-heal|p1a: Heatran|31\/100|[from] item: Leftovers\n|-heal|p2b: Garganacl|39\/100|[from] Grassy Terrain\n|-damage|p1a: Heatran|6\/100|[from] Salt Cure\n|-fieldend|move: Grassy Terrain\n|upkeep\n|turn|10\n|\n|t:|1700701320\n|switch|p1b: Landorus|Landorus, M|35\/100\n|move|p1a: Heatran|Earth Power|p2b: Garganacl\n|-supereffective|p2b: Garganacl\n|-damage|p2b: Garganacl|0 fnt\n|faint|p2b: Garganacl\n|\n|win|bobbybigballzzz\n|raw|bobbybigballzzz's rating: 1285 &rarr; <strong>1316<\/strong><br \/>(+31 for winning)\n|raw|Straw-Hat26's rating: 1368 &rarr; <strong>1343<\/strong><br \/>(-25 for losing)\n|l|\u2606Straw-Hat26\n","uploadtime":1700701392,"views":18,"p1id":"bobbybigballzzz","p2id":"strawhat26","formatid":"gen9doublesou","rating":1316,"private":0,"password":""}