{"id":"gen9doublesou-1986507408","p1":"ac1516","p2":"oshawott07","format":"[Gen 9] Doubles OU","log":"|j|\u2606ac1516\n|j|\u2606oshawott07\n|t:|1699486153\n|gametype|doubles\n|player|p1|ac1516|supernerd|1428\n|player|p2|oshawott07|shadowtriad|1477\n|teamsize|p1|6\n|teamsize|p2|6\n|gen|9\n|tier|[Gen 9] Doubles OU\n|rated|\n|rule|Species Clause: Limit one of each Pok\u00e9mon\n|rule|OHKO Clause: OHKO moves are banned\n|rule|Evasion Moves Clause: Evasion moves are banned\n|rule|Gravity Sleep Clause: The combination of sleep-inducing moves with imperfect accuracy and Gravity or Gigantamax Orbeetle are banned\n|rule|Endless Battle Clause: Forcing endless battles is banned\n|rule|HP Percentage Mod: HP is shown in percentages\n|clearpoke\n|poke|p1|Rabsca, M|\n|poke|p1|Golem-Alola, F|\n|poke|p1|Ursaluna-Bloodmoon, M|\n|poke|p1|Slowking-Galar, F|\n|poke|p1|Trevenant, M|\n|poke|p1|Torkoal, M|\n|poke|p2|Walking Wake|\n|poke|p2|Torkoal, M|\n|poke|p2|Arcanine, F|\n|poke|p2|Ceruledge, F|\n|poke|p2|Ogerpon-Hearthflame, F|\n|poke|p2|Shiftry, M|\n|teampreview\n|inactive|Battle timer is ON: inactive players will automatically lose when time's up. (requested by oshawott07)\n|\n|t:|1699486167\n|start\n|switch|p1a: Slowking|Slowking-Galar, F|100\/100\n|switch|p1b: Trevenant|Trevenant, M|100\/100\n|switch|p2a: Torkoal|Torkoal, M|100\/100\n|switch|p2b: Ogerpon|Ogerpon-Hearthflame, F|100\/100\n|-ability|p2b: Ogerpon|Mold Breaker\n|-weather|SunnyDay|[from] ability: Drought|[of] p2a: Torkoal\n|turn|1\n|\n|t:|1699486184\n|switch|p1b: Torkoal|Torkoal, M|100\/100\n|-terastallize|p2b: Ogerpon|Fire\n|detailschange|p2b: Ogerpon|Ogerpon-Hearthflame-Tera, F, tera:Fire\n|-ability|p2b: Ogerpon|Embody Aspect (Hearthflame)|boost\n|-boost|p2b: Ogerpon|atk|1\n|move|p2b: Ogerpon|Ivy Cudgel|p1a: Slowking\n|-damage|p1a: Slowking|0 fnt\n|faint|p1a: Slowking\n|move|p2a: Torkoal|Stealth Rock|p1b: Torkoal\n|-sidestart|p1: ac1516|move: Stealth Rock\n|\n|-weather|SunnyDay|[upkeep]\n|upkeep\n|inactive|ac1516 has 120 seconds left.\n|\n|t:|1699486210\n|switch|p1a: Rabsca|Rabsca, M|100\/100\n|-damage|p1a: Rabsca|76\/100|[from] Stealth Rock\n|turn|2\n|\n|t:|1699486224\n|switch|p2a: Shiftry|Shiftry, M|100\/100\n|-terastallize|p1a: Rabsca|Water\n|move|p2b: Ogerpon|Ivy Cudgel|p1a: Rabsca\n|-resisted|p1a: Rabsca\n|-damage|p1a: Rabsca|6\/100\n|move|p1b: Torkoal|Earth Power|p2b: Ogerpon\n|-supereffective|p2b: Ogerpon\n|-damage|p2b: Ogerpon|40\/100\n|move|p1a: Rabsca|Trick Room|p1a: Rabsca\n|-fieldstart|move: Trick Room|[of] p1a: Rabsca\n|\n|-weather|SunnyDay|[upkeep]\n|upkeep\n|turn|3\n|\n|t:|1699486244\n|switch|p2b: Walking Wake|Walking Wake|100\/100\n|-activate|p2b: Walking Wake|ability: Protosynthesis\n|-start|p2b: Walking Wake|protosynthesisspa\n|move|p2a: Shiftry|Fake Out|p1a: Rabsca\n|-damage|p1a: Rabsca|0 fnt\n|faint|p1a: Rabsca\n|move|p1b: Torkoal|Eruption|p2b: Walking Wake|[spread] p2a,p2b\n|-supereffective|p2a: Shiftry\n|-crit|p2a: Shiftry\n|-resisted|p2b: Walking Wake\n|-damage|p2a: Shiftry|0 fnt\n|-damage|p2b: Walking Wake|83\/100\n|faint|p2a: Shiftry\n|\n|-weather|SunnyDay|[upkeep]\n|upkeep\n|\n|t:|1699486259\n|switch|p1a: Golem|Golem-Alola, F|100\/100\n|switch|p2a: Arcanine|Arcanine, F|100\/100\n|-damage|p1a: Golem|88\/100|[from] Stealth Rock\n|-ability|p2a: Arcanine|Intimidate|boost\n|-unboost|p1a: Golem|atk|1\n|-unboost|p1b: Torkoal|atk|1\n|turn|4\n|\n|t:|1699486269\n|move|p1b: Torkoal|Protect|p1b: Torkoal\n|-singleturn|p1b: Torkoal|Protect\n|move|p1a: Golem|Explosion|p2b: Walking Wake|[spread] p2a,p2b\n|-activate|p1b: Torkoal|move: Protect\n|-damage|p2a: Arcanine|0 fnt\n|-damage|p2b: Walking Wake|0 fnt\n|faint|p1a: Golem\n|faint|p2a: Arcanine\n|faint|p2b: Walking Wake\n|-end|p2b: Walking Wake|Protosynthesis|[silent]\n|\n|-weather|SunnyDay|[upkeep]\n|upkeep\n|\n|t:|1699486279\n|switch|p1a: Ursaluna|Ursaluna-Bloodmoon, M|100\/100\n|switch|p2a: Ceruledge|Ceruledge, F|100\/100\n|switch|p2b: Ogerpon|Ogerpon-Hearthflame-Tera, F, tera:Fire|40\/100\n|-damage|p1a: Ursaluna|94\/100|[from] Stealth Rock\n|-ability|p2b: Ogerpon|Embody Aspect (Hearthflame)|boost\n|-boost|p2b: Ogerpon|atk|1\n|turn|5\n|\n|t:|1699486291\n|move|p2b: Ogerpon|Spiky Shield|p2b: Ogerpon\n|-singleturn|p2b: Ogerpon|move: Protect\n|move|p1b: Torkoal|Earth Power|p2b: Ogerpon\n|-activate|p2b: Ogerpon|move: Protect\n|move|p1a: Ursaluna|Earth Power|p2a: Ceruledge\n|-supereffective|p2a: Ceruledge\n|-damage|p2a: Ceruledge|0 fnt\n|faint|p2a: Ceruledge\n|\n|-weather|none\n|upkeep\n|\n|t:|1699486299\n|switch|p2a: Torkoal|Torkoal, M|100\/100\n|-weather|SunnyDay|[from] ability: Drought|[of] p2a: Torkoal\n|turn|6\n|\n|t:|1699486328\n|move|p2b: Ogerpon|Spiky Shield||[still]\n|-fail|p2b: Ogerpon\n|move|p1b: Torkoal|Earth Power|p2b: Ogerpon\n|-supereffective|p2b: Ogerpon\n|-damage|p2b: Ogerpon|0 fnt\n|faint|p2b: Ogerpon\n|move|p2a: Torkoal|Flamethrower|p1a: Ursaluna\n|-damage|p1a: Ursaluna|51\/100\n|move|p1a: Ursaluna|Hyper Voice|p2a: Torkoal\n|-damage|p2a: Torkoal|39\/100\n|\n|-weather|SunnyDay|[upkeep]\n|-fieldend|move: Trick Room\n|upkeep\n|turn|7\n|-message|oshawott07 forfeited.\n|\n|win|ac1516\n|raw|ac1516's rating: 1428 &rarr; <strong>1451<\/strong><br \/>(+23 for winning)\n|raw|oshawott07's rating: 1477 &rarr; <strong>1454<\/strong><br \/>(-23 for losing)\n|l|\u2606oshawott07\n","uploadtime":1699486343,"views":19,"p1id":"ac1516","p2id":"oshawott07","formatid":"gen9doublesou","rating":1451,"private":0,"password":""}