{"id":"gen9doublesou-1981941941","p1":"mikeyuwu","p2":"obolinho2","format":"[Gen 9] Doubles OU","log":"|j|\u2606mikeyuwu\n|j|\u2606obolinho2\n|t:|1698953555\n|gametype|doubles\n|player|p1|mikeyuwu|psychic-gen4|1113\n|player|p2|obolinho2|lucas|1072\n|teamsize|p1|6\n|teamsize|p2|6\n|gen|9\n|tier|[Gen 9] Doubles OU\n|rated|\n|rule|Species Clause: Limit one of each Pok\u00e9mon\n|rule|OHKO Clause: OHKO moves are banned\n|rule|Evasion Moves Clause: Evasion moves are banned\n|rule|Gravity Sleep Clause: The combination of sleep-inducing moves with imperfect accuracy and Gravity or Gigantamax Orbeetle are banned\n|rule|Endless Battle Clause: Forcing endless battles is banned\n|rule|HP Percentage Mod: HP is shown in percentages\n|clearpoke\n|poke|p1|Garchomp, M|\n|poke|p1|Tyranitar, F|\n|poke|p1|Vaporeon, F|\n|poke|p1|Toxicroak, M|\n|poke|p1|Pelipper, F|\n|poke|p1|Abomasnow, M|\n|poke|p2|Empoleon, F|\n|poke|p2|Cresselia, F|\n|poke|p2|Torkoal, F|\n|poke|p2|Gardevoir, M|\n|poke|p2|Decidueye, F|\n|poke|p2|Skeledirge, F|\n|teampreview\n|\n|t:|1698953572\n|start\n|switch|p1a: OTLHPM|Toxicroak, M|100\/100\n|switch|p1b: Harmacy|Vaporeon, F|100\/100\n|switch|p2a: Empoleon|Empoleon, F|100\/100\n|switch|p2b: Gardevoir|Gardevoir, M|100\/100\n|-ability|p2b: Gardevoir|Hydration|[from] ability: Trace|[of] p1b: Harmacy\n|turn|1\n|\n|t:|1698953593\n|switch|p2b: Cresselia|Cresselia, F|100\/100\n|switch|p1a: ThcrThnSnkr|Tyranitar, F|100\/100\n|-weather|Sandstorm|[from] ability: Sand Stream|[of] p1a: ThcrThnSnkr\n|-terastallize|p2a: Empoleon|Fairy\n|move|p1b: Harmacy|Copycat|p1b: Harmacy\n|move|p2a: Empoleon|Air Slash|p1a: ThcrThnSnkr\n|-resisted|p1a: ThcrThnSnkr\n|-damage|p1a: ThcrThnSnkr|97\/100\n|\n|-weather|Sandstorm|[upkeep]\n|-damage|p1b: Harmacy|94\/100|[from] Sandstorm\n|-damage|p2b: Cresselia|94\/100|[from] Sandstorm\n|-damage|p2a: Empoleon|94\/100|[from] Sandstorm\n|-heal|p1b: Harmacy|100\/100|[from] item: Leftovers\n|-heal|p2b: Cresselia|100\/100|[from] item: Leftovers\n|-heal|p2a: Empoleon|100\/100|[from] item: Leftovers\n|upkeep\n|turn|2\n|\n|t:|1698953615\n|move|p1a: ThcrThnSnkr|Knock Off|p2b: Cresselia\n|-supereffective|p2b: Cresselia\n|-damage|p2b: Cresselia|43\/100\n|-enditem|p2b: Cresselia|Leftovers|[from] move: Knock Off|[of] p1a: ThcrThnSnkr\n|move|p1b: Harmacy|Copycat|p1b: Harmacy\n|move|p1b: Harmacy|Knock Off|p2a: Empoleon|[from]move: Copycat\n|-resisted|p2a: Empoleon\n|-damage|p2a: Empoleon|93\/100\n|-enditem|p2a: Empoleon|Leftovers|[from] move: Knock Off|[of] p1b: Harmacy\n|move|p2a: Empoleon|Ice Beam|p1a: ThcrThnSnkr\n|-damage|p1a: ThcrThnSnkr|88\/100\n|move|p2b: Cresselia|Trick Room|p2b: Cresselia\n|-fieldstart|move: Trick Room|[of] p2b: Cresselia\n|\n|-weather|Sandstorm|[upkeep]\n|-damage|p2a: Empoleon|87\/100|[from] Sandstorm\n|-damage|p2b: Cresselia|37\/100|[from] Sandstorm\n|-damage|p1b: Harmacy|94\/100|[from] Sandstorm\n|-heal|p1b: Harmacy|100\/100|[from] item: Leftovers\n|upkeep\n|turn|3\n|\n|t:|1698953658\n|switch|p1a: Weather War|Pelipper, F|100\/100\n|-weather|RainDance|[from] ability: Drizzle|[of] p1a: Weather War\n|move|p2a: Empoleon|Weather Ball|p1b: Harmacy\n|-resisted|p1b: Harmacy\n|-damage|p1b: Harmacy|68\/100\n|move|p2b: Cresselia|Psychic|p1b: Harmacy\n|-crit|p1b: Harmacy\n|-damage|p1b: Harmacy|42\/100\n|move|p1b: Harmacy|Weather Ball|p2a: Empoleon\n|-damage|p2a: Empoleon|40\/100\n|\n|-weather|RainDance|[upkeep]\n|-heal|p1b: Harmacy|48\/100|[from] item: Leftovers\n|upkeep\n|turn|4\n|\n|t:|1698953680\n|switch|p1b: ThcrThnSnkr|Tyranitar, F|88\/100\n|-weather|Sandstorm|[from] ability: Sand Stream|[of] p1b: ThcrThnSnkr\n|switch|p1a: OTLHPM|Toxicroak, M|100\/100\n|move|p2a: Empoleon|Air Slash|p1b: ThcrThnSnkr\n|-resisted|p1b: ThcrThnSnkr\n|-damage|p1b: ThcrThnSnkr|84\/100\n|move|p2b: Cresselia|Psychic|p1b: ThcrThnSnkr\n|-immune|p1b: ThcrThnSnkr\n|\n|-weather|Sandstorm|[upkeep]\n|-damage|p2a: Empoleon|34\/100|[from] Sandstorm\n|-damage|p2b: Cresselia|31\/100|[from] Sandstorm\n|-damage|p1a: OTLHPM|94\/100|[from] Sandstorm\n|-heal|p1a: OTLHPM|100\/100|[from] item: Black Sludge\n|upkeep\n|turn|5\n|\n|t:|1698953722\n|switch|p1a: Extra Spicy|Garchomp, M|100\/100\n|move|p2a: Empoleon|Air Slash|p1a: Extra Spicy\n|-damage|p1a: Extra Spicy|77\/100\n|move|p2b: Cresselia|Lunar Blessing|p2b: Cresselia|[spread] p2a,p2b\n|-heal|p2a: Empoleon|59\/100\n|-heal|p2b: Cresselia|56\/100\n|move|p1b: ThcrThnSnkr|Heavy Slam|p2a: Empoleon\n|-supereffective|p2a: Empoleon\n|-damage|p2a: Empoleon|21\/100\n|\n|-weather|Sandstorm|[upkeep]\n|-damage|p2a: Empoleon|15\/100|[from] Sandstorm\n|-damage|p2b: Cresselia|49\/100|[from] Sandstorm\n|upkeep\n|turn|6\n|\n|t:|1698953736\n|move|p2a: Empoleon|Ice Beam|p1a: Extra Spicy\n|-supereffective|p1a: Extra Spicy\n|-damage|p1a: Extra Spicy|0 fnt\n|faint|p1a: Extra Spicy\n|move|p2b: Cresselia|Psychic|p1b: ThcrThnSnkr\n|-immune|p1b: ThcrThnSnkr\n|move|p1b: ThcrThnSnkr|Heavy Slam|p2a: Empoleon\n|-supereffective|p2a: Empoleon\n|-damage|p2a: Empoleon|0 fnt\n|faint|p2a: Empoleon\n|\n|-weather|Sandstorm|[upkeep]\n|-damage|p2b: Cresselia|43\/100|[from] Sandstorm\n|-fieldend|move: Trick Room\n|upkeep\n|\n|t:|1698953748\n|switch|p1a: OTLHPM|Toxicroak, M|100\/100\n|switch|p2a: Gardevoir|Gardevoir, M|100\/100\n|-ability|p2a: Gardevoir|Sand Stream|[from] ability: Trace|[of] p1b: ThcrThnSnkr\n|turn|7\n|\n|t:|1698953770\n|switch|p2a: Torkoal|Torkoal, F|100\/100\n|-weather|SunnyDay|[from] ability: Drought|[of] p2a: Torkoal\n|-terastallize|p1a: OTLHPM|Dark\n|move|p1a: OTLHPM|Poison Jab|p2a: Torkoal\n|-damage|p2a: Torkoal|72\/100\n|-status|p2a: Torkoal|psn\n|move|p1b: ThcrThnSnkr|Heavy Slam|p2a: Torkoal\n|-resisted|p2a: Torkoal\n|-damage|p2a: Torkoal|65\/100 psn\n|move|p2b: Cresselia|Trick Room|p2b: Cresselia\n|-fieldstart|move: Trick Room|[of] p2b: Cresselia\n|\n|-weather|SunnyDay|[upkeep]\n|-damage|p1a: OTLHPM|88\/100|[from] ability: Dry Skin|[of] p1a: OTLHPM\n|-damage|p1a: OTLHPM|76\/100|[from] item: Black Sludge\n|-damage|p2a: Torkoal|53\/100 psn|[from] psn\n|upkeep\n|turn|8\n|\n|t:|1698953793\n|switch|p1a: Weather War|Pelipper, F|100\/100\n|-weather|RainDance|[from] ability: Drizzle|[of] p1a: Weather War\n|move|p2a: Torkoal|Earth Power|p1b: ThcrThnSnkr\n|-supereffective|p1b: ThcrThnSnkr\n|-damage|p1b: ThcrThnSnkr|61\/100\n|-unboost|p1b: ThcrThnSnkr|spd|1\n|move|p2b: Cresselia|Lunar Blessing|p2b: Cresselia|[spread] p2a,p2b\n|-heal|p2a: Torkoal|78\/100 psn\n|-curestatus|p2a: Torkoal|psn|[msg]\n|-heal|p2b: Cresselia|68\/100\n|move|p1b: ThcrThnSnkr|Rock Slide|p2a: Torkoal|[spread] p2a,p2b\n|-supereffective|p2a: Torkoal\n|-damage|p2a: Torkoal|42\/100\n|-damage|p2b: Cresselia|52\/100\n|\n|-weather|RainDance|[upkeep]\n|upkeep\n|turn|9\n|\n|t:|1698953817\n|switch|p1b: Cold Shoulder|Abomasnow, M, shiny|100\/100\n|-weather|Snow|[from] ability: Snow Warning|[of] p1b: Cold Shoulder\n|move|p2a: Torkoal|Protect|p2a: Torkoal\n|-singleturn|p2a: Torkoal|Protect\n|move|p2b: Cresselia|Lunar Blessing|p2b: Cresselia|[spread] p2a,p2b\n|-heal|p2a: Torkoal|68\/100\n|-heal|p2b: Cresselia|77\/100\n|move|p1a: Weather War|Blizzard|p2b: Cresselia|[spread] p2b\n|-activate|p2a: Torkoal|move: Protect\n|-damage|p2b: Cresselia|67\/100\n|\n|-weather|Snow|[upkeep]\n|upkeep\n|turn|10\n|\n|t:|1698953842\n|switch|p1b: Harmacy|Vaporeon, F|48\/100\n|move|p2a: Torkoal|Eruption|p1b: Harmacy|[spread] p1a,p1b\n|-resisted|p1a: Weather War\n|-resisted|p1b: Harmacy\n|-damage|p1a: Weather War|76\/100\n|-damage|p1b: Harmacy|35\/100\n|move|p2b: Cresselia|Psychic|p1a: Weather War\n|-damage|p1a: Weather War|38\/100\n|move|p1a: Weather War|Chilling Water|p2a: Torkoal\n|-supereffective|p2a: Torkoal\n|-damage|p2a: Torkoal|24\/100\n|-unboost|p2a: Torkoal|atk|1\n|\n|-weather|Snow|[upkeep]\n|-heal|p1b: Harmacy|42\/100|[from] item: Leftovers\n|upkeep\n|turn|11\n|\n|t:|1698953872\n|switch|p2a: Gardevoir|Gardevoir, M|100\/100\n|-ability|p2a: Gardevoir|Hydration|[from] ability: Trace|[of] p1b: Harmacy\n|switch|p1a: ThcrThnSnkr|Tyranitar, F|61\/100\n|-weather|Sandstorm|[from] ability: Sand Stream|[of] p1a: ThcrThnSnkr\n|move|p2b: Cresselia|Psychic|p1b: Harmacy\n|-damage|p1b: Harmacy|24\/100\n|move|p1b: Harmacy|Wish|p1b: Harmacy\n|\n|-weather|Sandstorm|[upkeep]\n|-damage|p2b: Cresselia|61\/100|[from] Sandstorm\n|-damage|p1b: Harmacy|18\/100|[from] Sandstorm\n|-damage|p2a: Gardevoir|94\/100|[from] Sandstorm\n|-heal|p1b: Harmacy|24\/100|[from] item: Leftovers\n|-fieldend|move: Trick Room\n|upkeep\n|turn|12\n|\n|t:|1698953899\n|switch|p2a: Torkoal|Torkoal, F|24\/100\n|-weather|SunnyDay|[from] ability: Drought|[of] p2a: Torkoal\n|move|p1a: ThcrThnSnkr|Heavy Slam|p2a: Torkoal\n|-resisted|p2a: Torkoal\n|-damage|p2a: Torkoal|17\/100\n|move|p1b: Harmacy|Weather Ball|p2a: Torkoal\n|-resisted|p2a: Torkoal\n|-damage|p2a: Torkoal|0 fnt\n|faint|p2a: Torkoal\n|move|p2b: Cresselia|Trick Room|p2b: Cresselia\n|-fieldstart|move: Trick Room|[of] p2b: Cresselia\n|\n|-weather|SunnyDay|[upkeep]\n|-heal|p1b: Harmacy|74\/100|[from] move: Wish|[wisher] Harmacy\n|-heal|p1b: Harmacy|80\/100|[from] item: Leftovers\n|upkeep\n|\n|t:|1698953912\n|switch|p2a: Decidueye|Decidueye, F|100\/100\n|turn|13\n|\n|t:|1698953942\n|switch|p1a: Cold Shoulder|Abomasnow, M, shiny|100\/100\n|-weather|Snow|[from] ability: Snow Warning|[of] p1a: Cold Shoulder\n|move|p2b: Cresselia|Ally Switch|p2b: Cresselia\n|swap|p2b: Cresselia|0|[from] move: Ally Switch\n|move|p2b: Decidueye|Solar Beam||[still]\n|-prepare|p2b: Decidueye|Solar Beam\n|move|p1b: Harmacy|Weather Ball|p2a: Cresselia\n|-damage|p2a: Cresselia|46\/100\n|\n|-weather|Snow|[upkeep]\n|-heal|p1b: Harmacy|86\/100|[from] item: Leftovers\n|upkeep\n|turn|14\n|\n|t:|1698953971\n|switch|p1b: OTLHPM|Toxicroak, M, tera:Dark|76\/100\n|move|p2a: Cresselia|Lunar Blessing|p2a: Cresselia|[spread] p2a,p2b\n|-heal|p2a: Cresselia|71\/100\n|move|p2b: Decidueye|Solar Beam|p1a: Cold Shoulder|[from]lockedmove\n|-resisted|p1a: Cold Shoulder\n|-damage|p1a: Cold Shoulder|84\/100\n|move|p1a: Cold Shoulder|Blizzard|p2a: Cresselia|[spread] p2a,p2b\n|-supereffective|p2b: Decidueye\n|-damage|p2a: Cresselia|54\/100\n|-damage|p2b: Decidueye|44\/100\n|\n|-weather|Snow|[upkeep]\n|-damage|p1b: OTLHPM|63\/100|[from] item: Black Sludge\n|upkeep\n|turn|15\n|\n|t:|1698953988\n|switch|p2a: Skeledirge|Skeledirge, F|100\/100\n|move|p2b: Decidueye|Grassy Terrain|p2b: Decidueye\n|-fieldstart|move: Grassy Terrain\n|move|p1a: Cold Shoulder|Blizzard|p2b: Decidueye|[spread] p2a,p2b\n|-resisted|p2a: Skeledirge\n|-supereffective|p2b: Decidueye\n|-damage|p2a: Skeledirge|90\/100\n|-damage|p2b: Decidueye|0 fnt\n|faint|p2b: Decidueye\n|move|p1b: OTLHPM|Poison Jab|p2a: Skeledirge\n|-resisted|p2a: Skeledirge\n|-damage|p2a: Skeledirge|74\/100\n|\n|-weather|Snow|[upkeep]\n|-heal|p2a: Skeledirge|80\/100|[from] Grassy Terrain\n|-heal|p2a: Skeledirge|86\/100|[from] item: Leftovers\n|-heal|p1a: Cold Shoulder|90\/100|[from] Grassy Terrain\n|-heal|p1b: OTLHPM|69\/100|[from] Grassy Terrain\n|-damage|p1b: OTLHPM|57\/100|[from] item: Black Sludge\n|upkeep\n|\n|t:|1698953996\n|switch|p2b: Gardevoir|Gardevoir, M|94\/100\n|-ability|p2b: Gardevoir|Snow Warning|[from] ability: Trace|[of] p1a: Cold Shoulder\n|turn|16\n|\n|t:|1698954013\n|switch|p1a: ThcrThnSnkr|Tyranitar, F|61\/100\n|-weather|Sandstorm|[from] ability: Sand Stream|[of] p1a: ThcrThnSnkr\n|switch|p1b: Harmacy|Vaporeon, F|86\/100\n|move|p2a: Skeledirge|Torch Song|p1a: ThcrThnSnkr\n|-resisted|p1a: ThcrThnSnkr\n|-damage|p1a: ThcrThnSnkr|56\/100\n|-boost|p2a: Skeledirge|spa|1\n|move|p2b: Gardevoir|Moonblast|p1b: Harmacy\n|-damage|p1b: Harmacy|51\/100\n|-unboost|p1b: Harmacy|spa|1\n|\n|-weather|Sandstorm|[upkeep]\n|-damage|p1b: Harmacy|45\/100|[from] Sandstorm\n|-damage|p2a: Skeledirge|80\/100|[from] Sandstorm\n|-damage|p2b: Gardevoir|88\/100|[from] Sandstorm\n|-heal|p1b: Harmacy|51\/100|[from] Grassy Terrain\n|-heal|p1b: Harmacy|57\/100|[from] item: Leftovers\n|-heal|p1a: ThcrThnSnkr|62\/100|[from] Grassy Terrain\n|-heal|p2a: Skeledirge|86\/100|[from] Grassy Terrain\n|-heal|p2a: Skeledirge|92\/100|[from] item: Leftovers\n|-heal|p2b: Gardevoir|94\/100|[from] Grassy Terrain\n|-fieldend|move: Trick Room\n|upkeep\n|turn|17\n|\n|t:|1698954034\n|move|p2b: Gardevoir|Moonblast|p1a: ThcrThnSnkr\n|-supereffective|p1a: ThcrThnSnkr\n|-damage|p1a: ThcrThnSnkr|35\/100\n|move|p1a: ThcrThnSnkr|Heavy Slam|p2b: Gardevoir\n|-supereffective|p2b: Gardevoir\n|-damage|p2b: Gardevoir|0 fnt\n|faint|p2b: Gardevoir\n|move|p2a: Skeledirge|Will-O-Wisp|p1a: ThcrThnSnkr\n|-status|p1a: ThcrThnSnkr|brn\n|move|p1b: Harmacy|Weather Ball|p2a: Skeledirge\n|-supereffective|p2a: Skeledirge\n|-damage|p2a: Skeledirge|57\/100\n|\n|-weather|Sandstorm|[upkeep]\n|-damage|p2a: Skeledirge|51\/100|[from] Sandstorm\n|-damage|p1b: Harmacy|51\/100|[from] Sandstorm\n|-heal|p1a: ThcrThnSnkr|41\/100 brn|[from] Grassy Terrain\n|-heal|p2a: Skeledirge|57\/100|[from] Grassy Terrain\n|-heal|p2a: Skeledirge|64\/100|[from] item: Leftovers\n|-heal|p1b: Harmacy|57\/100|[from] Grassy Terrain\n|-heal|p1b: Harmacy|63\/100|[from] item: Leftovers\n|-damage|p1a: ThcrThnSnkr|35\/100 brn|[from] brn\n|upkeep\n|\n|t:|1698954043\n|switch|p2b: Cresselia|Cresselia, F|54\/100\n|turn|18\n|\n|t:|1698954058\n|switch|p1a: Weather War|Pelipper, F|38\/100\n|-weather|RainDance|[from] ability: Drizzle|[of] p1a: Weather War\n|switch|p1b: OTLHPM|Toxicroak, M, tera:Dark|57\/100\n|move|p2b: Cresselia|Ally Switch|p2b: Cresselia\n|swap|p2b: Cresselia|0|[from] move: Ally Switch\n|move|p2b: Skeledirge|Slack Off|p2b: Skeledirge\n|-heal|p2b: Skeledirge|100\/100\n|\n|-weather|RainDance|[upkeep]\n|-heal|p1b: OTLHPM|69\/100|[from] ability: Dry Skin\n|-heal|p1b: OTLHPM|76\/100|[from] Grassy Terrain\n|-damage|p1b: OTLHPM|63\/100|[from] item: Black Sludge\n|upkeep\n|turn|19\n|\n|t:|1698954079\n|switch|p1a: Harmacy|Vaporeon, F|63\/100\n|move|p1b: OTLHPM|Poison Jab|p2b: Skeledirge\n|-resisted|p2b: Skeledirge\n|-damage|p2b: Skeledirge|85\/100\n|move|p2b: Skeledirge|Torch Song|p1a: Harmacy\n|-resisted|p1a: Harmacy\n|-damage|p1a: Harmacy|55\/100\n|-boost|p2b: Skeledirge|spa|1\n|move|p2a: Cresselia|Psychic|p1a: Harmacy\n|-damage|p1a: Harmacy|36\/100\n|\n|-weather|RainDance|[upkeep]\n|-heal|p1b: OTLHPM|76\/100|[from] ability: Dry Skin\n|-heal|p1b: OTLHPM|82\/100|[from] Grassy Terrain\n|-damage|p1b: OTLHPM|69\/100|[from] item: Black Sludge\n|-heal|p2b: Skeledirge|91\/100|[from] Grassy Terrain\n|-heal|p2b: Skeledirge|97\/100|[from] item: Leftovers\n|-heal|p1a: Harmacy|42\/100|[from] Grassy Terrain\n|-heal|p1a: Harmacy|48\/100|[from] item: Leftovers\n|-fieldend|move: Grassy Terrain\n|upkeep\n|turn|20\n|\n|t:|1698954092\n|move|p1b: OTLHPM|Poison Jab|p2b: Skeledirge\n|-resisted|p2b: Skeledirge\n|-damage|p2b: Skeledirge|79\/100\n|move|p2b: Skeledirge|Will-O-Wisp|p1b: OTLHPM\n|-status|p1b: OTLHPM|brn\n|move|p1a: Harmacy|Weather Ball|p2a: Cresselia\n|-damage|p2a: Cresselia|24\/100\n|move|p2a: Cresselia|Psychic|p1a: Harmacy\n|-damage|p1a: Harmacy|30\/100\n|\n|-weather|RainDance|[upkeep]\n|-heal|p1b: OTLHPM|82\/100 brn|[from] ability: Dry Skin\n|-damage|p1b: OTLHPM|69\/100 brn|[from] item: Black Sludge\n|-heal|p2b: Skeledirge|85\/100|[from] item: Leftovers\n|-heal|p1a: Harmacy|36\/100|[from] item: Leftovers\n|-damage|p1b: OTLHPM|63\/100 brn|[from] brn\n|upkeep\n|turn|21\n|\n|t:|1698954105\n|move|p1b: OTLHPM|Poison Jab|p2b: Skeledirge\n|-resisted|p2b: Skeledirge\n|-damage|p2b: Skeledirge|78\/100\n|move|p2b: Skeledirge|Torch Song|p1a: Harmacy\n|-resisted|p1a: Harmacy\n|-damage|p1a: Harmacy|26\/100\n|-boost|p2b: Skeledirge|spa|1\n|move|p1a: Harmacy|Wish|p1a: Harmacy\n|move|p2a: Cresselia|Lunar Blessing|p2a: Cresselia|[spread] p2a,p2b\n|-heal|p2a: Cresselia|49\/100\n|-heal|p2b: Skeledirge|100\/100\n|\n|-weather|RainDance|[upkeep]\n|-heal|p1b: OTLHPM|76\/100 brn|[from] ability: Dry Skin\n|-damage|p1b: OTLHPM|63\/100 brn|[from] item: Black Sludge\n|-heal|p1a: Harmacy|32\/100|[from] item: Leftovers\n|-damage|p1b: OTLHPM|57\/100 brn|[from] brn\n|upkeep\n|turn|22\n|\n|t:|1698954127\n|move|p1b: OTLHPM|Poison Jab|p2b: Skeledirge\n|-resisted|p2b: Skeledirge\n|-damage|p2b: Skeledirge|92\/100\n|-status|p2b: Skeledirge|psn\n|move|p2b: Skeledirge|Torch Song|p1a: Harmacy\n|-resisted|p1a: Harmacy\n|-crit|p1a: Harmacy\n|-damage|p1a: Harmacy|12\/100\n|-boost|p2b: Skeledirge|spa|1\n|move|p1a: Harmacy|Weather Ball|p2b: Skeledirge\n|-supereffective|p2b: Skeledirge\n|-damage|p2b: Skeledirge|17\/100 psn\n|move|p2a: Cresselia|Trick Room|p2a: Cresselia\n|-fieldstart|move: Trick Room|[of] p2a: Cresselia\n|\n|-weather|none\n|-heal|p1a: Harmacy|62\/100|[from] move: Wish|[wisher] Harmacy\n|-heal|p1a: Harmacy|68\/100|[from] item: Leftovers\n|-heal|p2b: Skeledirge|23\/100 psn|[from] item: Leftovers\n|-damage|p1b: OTLHPM|44\/100 brn|[from] item: Black Sludge\n|-damage|p2b: Skeledirge|10\/100 psn|[from] psn\n|-damage|p1b: OTLHPM|38\/100 brn|[from] brn\n|upkeep\n|turn|23\n|\n|t:|1698954151\n|switch|p1b: ThcrThnSnkr|Tyranitar, F|35\/100 brn\n|-weather|Sandstorm|[from] ability: Sand Stream|[of] p1b: ThcrThnSnkr\n|move|p2a: Cresselia|Lunar Blessing|p2a: Cresselia|[spread] p2a,p2b\n|-heal|p2a: Cresselia|74\/100\n|-heal|p2b: Skeledirge|35\/100 psn\n|-curestatus|p2b: Skeledirge|psn|[msg]\n|move|p1a: Harmacy|Weather Ball|p2b: Skeledirge\n|-supereffective|p2b: Skeledirge\n|-damage|p2b: Skeledirge|0 fnt\n|faint|p2b: Skeledirge\n|\n|-weather|Sandstorm|[upkeep]\n|-damage|p2a: Cresselia|68\/100|[from] Sandstorm\n|-damage|p1a: Harmacy|62\/100|[from] Sandstorm\n|-heal|p1a: Harmacy|68\/100|[from] item: Leftovers\n|-damage|p1b: ThcrThnSnkr|29\/100 brn|[from] brn\n|upkeep\n|turn|24\n|c|\u2606mikeyuwu|Gg\n|-message|obolinho2 forfeited.\n|\n|win|mikeyuwu\n|raw|mikeyuwu's rating: 1113 &rarr; <strong>1135<\/strong><br \/>(+22 for winning)\n|raw|obolinho2's rating: 1072 &rarr; <strong>1054<\/strong><br \/>(-18 for losing)\n|l|\u2606obolinho2\n","uploadtime":1698954174,"views":15,"p1id":"mikeyuwu","p2id":"obolinho2","formatid":"gen9doublesou","rating":1054,"private":0,"password":""}