{"id":"gen9doublesou-1992872344","p1":"ytz789","p2":"yescaman","format":"[Gen 9] Doubles OU","log":"|j|\u2606ytz789\n|j|\u2606yescaman\n|t:|1700242748\n|gametype|doubles\n|player|p1|ytz789|265|1286\n|player|p2|yescaman|chuck|1190\n|teamsize|p1|6\n|teamsize|p2|6\n|gen|9\n|tier|[Gen 9] Doubles OU\n|rated|\n|rule|Species Clause: Limit one of each Pok\u00e9mon\n|rule|OHKO Clause: OHKO moves are banned\n|rule|Evasion Moves Clause: Evasion moves are banned\n|rule|Gravity Sleep Clause: The combination of sleep-inducing moves with imperfect accuracy and Gravity or Gigantamax Orbeetle are banned\n|rule|Endless Battle Clause: Forcing endless battles is banned\n|rule|HP Percentage Mod: HP is shown in percentages\n|clearpoke\n|poke|p1|Dragonite, M|\n|poke|p1|Thundurus, M|\n|poke|p1|Heatran, M|\n|poke|p1|Landorus-Therian, M|\n|poke|p1|Rillaboom, M|\n|poke|p1|Amoonguss, M|\n|poke|p2|Gliscor, M|\n|poke|p2|Goodra-Hisui, M|\n|poke|p2|Flutter Mane|\n|poke|p2|Amoonguss, M|\n|poke|p2|Indeedee-F, F|\n|poke|p2|Palafin, F|\n|teampreview\n|inactive|Battle timer is ON: inactive players will automatically lose when time's up. (requested by yescaman)\n|\n|t:|1700242772\n|start\n|switch|p1a: Heatran|Heatran, M, shiny|100\/100\n|switch|p1b: Thundurus|Thundurus, M, shiny|100\/100\n|switch|p2a: Indeedee|Indeedee-F, F|100\/100\n|switch|p2b: Palafin|Palafin, F|100\/100\n|-fieldstart|move: Psychic Terrain|[from] ability: Psychic Surge|[of] p2a: Indeedee\n|-enditem|p2a: Indeedee|Psychic Seed\n|-boost|p2a: Indeedee|spd|1|[from] item: Psychic Seed\n|turn|1\n|\n|t:|1700242790\n|-terastallize|p1a: Heatran|Flying\n|move|p2a: Indeedee|Follow Me|p2a: Indeedee\n|-singleturn|p2a: Indeedee|move: Follow Me\n|move|p1b: Thundurus|Thunderbolt|p2a: Indeedee\n|-damage|p2a: Indeedee|79\/100\n|-status|p2a: Indeedee|par\n|move|p2b: Palafin|Flip Turn|p1a: Heatran\n|-damage|p1a: Heatran|80\/100\n|\n|t:|1700242807\n|detailschange|p2b: Palafin|Palafin-Hero, F\n|switch|p2b: Flutter Mane|Flutter Mane|100\/100|[from] Flip Turn\n|move|p1a: Heatran|Heat Wave|p2b: Flutter Mane|[spread] p2a,p2b\n|-damage|p2a: Indeedee|62\/100 par\n|-damage|p2b: Flutter Mane|70\/100\n|\n|-heal|p1a: Heatran|87\/100|[from] item: Leftovers\n|upkeep\n|turn|2\n|\n|t:|1700242825\n|move|p2b: Flutter Mane|Thunderbolt|p1a: Heatran\n|-supereffective|p1a: Heatran\n|-damage|p1a: Heatran|46\/100\n|-status|p1a: Heatran|par\n|move|p1b: Thundurus|Dark Pulse|p2a: Indeedee\n|-supereffective|p2a: Indeedee\n|-damage|p2a: Indeedee|35\/100 par\n|cant|p2a: Indeedee|par\n|move|p1a: Heatran|Heat Wave|p2b: Flutter Mane|[spread] p2a,p2b\n|-damage|p2a: Indeedee|20\/100 par\n|-damage|p2b: Flutter Mane|39\/100\n|\n|-heal|p1a: Heatran|52\/100 par|[from] item: Leftovers\n|upkeep\n|turn|3\n|\n|t:|1700242850\n|switch|p1a: Landorus|Landorus-Therian, M, shiny|100\/100\n|-ability|p1a: Landorus|Intimidate|boost\n|-unboost|p2a: Indeedee|atk|1\n|-unboost|p2b: Flutter Mane|atk|1\n|move|p2b: Flutter Mane|Thunderbolt|p1a: Landorus\n|-immune|p1a: Landorus\n|move|p1b: Thundurus|Dark Pulse|p2a: Indeedee\n|-supereffective|p2a: Indeedee\n|-damage|p2a: Indeedee|0 fnt\n|faint|p2a: Indeedee\n|\n|upkeep\n|\n|t:|1700242854\n|switch|p2a: Palafin|Palafin-Hero, F|100\/100\n|-activate|p2a: Palafin|ability: Zero to Hero\n|turn|4\n|\n|t:|1700242872\n|-end|p2b: Flutter Mane|Protosynthesis|[silent]\n|switch|p2b: Gliscor|Gliscor, M|100\/100\n|switch|p1a: Amoonguss|Amoonguss, M, shiny|100\/100\n|move|p2a: Palafin|Protect|p2a: Palafin\n|-singleturn|p2a: Palafin|Protect\n|move|p1b: Thundurus|Thunderbolt|p2a: Palafin\n|-activate|p2a: Palafin|move: Protect\n|\n|-status|p2b: Gliscor|tox|[from] item: Toxic Orb\n|upkeep\n|turn|5\n|\n|t:|1700242888\n|switch|p2a: Amoonguss|Amoonguss, M|100\/100\n|move|p1a: Amoonguss|Rage Powder|p1a: Amoonguss\n|-singleturn|p1a: Amoonguss|move: Rage Powder\n|move|p1b: Thundurus|Thunderbolt|p2a: Amoonguss\n|-resisted|p2a: Amoonguss\n|-damage|p2a: Amoonguss|81\/100\n|move|p2b: Gliscor|Toxic|p1a: Amoonguss\n|-immune|p1a: Amoonguss\n|\n|-heal|p2a: Amoonguss|87\/100|[from] item: Black Sludge\n|-fieldend|move: Psychic Terrain\n|upkeep\n|turn|6\n|\n|t:|1700242914\n|move|p1b: Thundurus|Taunt|p2b: Gliscor\n|-start|p2b: Gliscor|move: Taunt\n|cant|p2b: Gliscor|move: Taunt|Swords Dance\n|move|p2a: Amoonguss|Spore|p1b: Thundurus\n|-status|p1b: Thundurus|slp|[from] move: Spore\n|move|p1a: Amoonguss|Energy Ball|p2b: Gliscor\n|-damage|p2b: Gliscor|73\/100 tox\n|\n|-heal|p2a: Amoonguss|94\/100|[from] item: Black Sludge\n|-heal|p2b: Gliscor|86\/100 tox|[from] ability: Poison Heal\n|upkeep\n|turn|7\n|\n|t:|1700242940\n|switch|p2b: Goodra|Goodra-Hisui, M|100\/100\n|cant|p1b: Thundurus|slp\n|move|p1a: Amoonguss|Energy Ball|p2b: Goodra\n|-ability|p2b: Goodra|Sap Sipper|boost\n|-boost|p2b: Goodra|atk|1\n|move|p2a: Amoonguss|Clear Smog|p1a: Amoonguss\n|-damage|p1a: Amoonguss|91\/100\n|-clearboost|p1a: Amoonguss\n|\n|-heal|p2a: Amoonguss|99\/100|[from] item: Black Sludge\n|-heal|p1a: Amoonguss|97\/100|[from] item: Leftovers\n|upkeep\n|turn|8\n|\n|t:|1700242961\n|switch|p1a: Landorus|Landorus-Therian, M, shiny|100\/100\n|-ability|p1a: Landorus|Intimidate|boost\n|-unboost|p2a: Amoonguss|atk|1\n|-unboost|p2b: Goodra|atk|1\n|cant|p1b: Thundurus|slp\n|move|p2b: Goodra|Shelter|p2b: Goodra\n|-boost|p2b: Goodra|def|2\n|move|p2a: Amoonguss|Pollen Puff|p1a: Landorus\n|-resisted|p1a: Landorus\n|-damage|p1a: Landorus|88\/100\n|\n|-heal|p2a: Amoonguss|100\/100|[from] item: Black Sludge\n|upkeep\n|turn|9\n|\n|t:|1700242978\n|cant|p1b: Thundurus|slp\n|move|p1a: Landorus|Swords Dance|p1a: Landorus\n|-boost|p1a: Landorus|atk|2\n|move|p2b: Goodra|Shelter|p2b: Goodra\n|-boost|p2b: Goodra|def|2\n|move|p2a: Amoonguss|Spore|p1a: Landorus\n|-status|p1a: Landorus|slp|[from] move: Spore\n|\n|upkeep\n|turn|10\n|\n|t:|1700242991\n|-curestatus|p1b: Thundurus|slp|[msg]\n|move|p1b: Thundurus|Taunt|p2a: Amoonguss\n|-start|p2a: Amoonguss|move: Taunt\n|cant|p1a: Landorus|slp\n|move|p2b: Goodra|Shelter|p2b: Goodra\n|-boost|p2b: Goodra|def|2\n|move|p2a: Amoonguss|Clear Smog|p1a: Landorus\n|-resisted|p1a: Landorus\n|-damage|p1a: Landorus|79\/100 slp\n|-clearboost|p1a: Landorus\n|\n|upkeep\n|turn|11\n|\n|t:|1700243005\n|move|p1b: Thundurus|Thunder Wave|p2b: Goodra\n|-status|p2b: Goodra|par\n|cant|p1a: Landorus|slp\n|move|p2a: Amoonguss|Pollen Puff|p1b: Thundurus\n|-resisted|p1b: Thundurus\n|-damage|p1b: Thundurus|89\/100\n|move|p2b: Goodra|Body Press|p1b: Thundurus\n|-resisted|p1b: Thundurus\n|-damage|p1b: Thundurus|29\/100\n|-enditem|p1b: Thundurus|Sitrus Berry|[eat]\n|-heal|p1b: Thundurus|53\/100|[from] item: Sitrus Berry\n|\n|upkeep\n|turn|12\n|\n|t:|1700243028\n|switch|p2a: Gliscor|Gliscor, M|86\/100 tox\n|move|p1b: Thundurus|Dark Pulse|p2b: Goodra\n|-damage|p2b: Goodra|85\/100 par\n|cant|p1a: Landorus|slp\n|cant|p2b: Goodra|par\n|\n|-heal|p2a: Gliscor|98\/100 tox|[from] ability: Poison Heal\n|upkeep\n|turn|13\n|\n|t:|1700243046\n|move|p2a: Gliscor|Protect|p2a: Gliscor\n|-singleturn|p2a: Gliscor|Protect\n|move|p1b: Thundurus|Taunt|p2a: Gliscor\n|-activate|p2a: Gliscor|move: Protect\n|-curestatus|p1a: Landorus|slp|[msg]\n|move|p1a: Landorus|Swords Dance|p1a: Landorus\n|-boost|p1a: Landorus|atk|2\n|move|p2b: Goodra|Body Press|p1b: Thundurus\n|-resisted|p1b: Thundurus\n|-crit|p1b: Thundurus\n|-damage|p1b: Thundurus|0 fnt\n|faint|p1b: Thundurus\n|\n|-heal|p2a: Gliscor|100\/100 tox|[from] ability: Poison Heal\n|upkeep\n|\n|t:|1700243059\n|switch|p1b: Dragonite|Dragonite, M, shiny|100\/100\n|turn|14\n|\n|t:|1700243071\n|move|p1a: Landorus|Earthquake|p2a: Gliscor|[spread] p2b\n|-immune|p1b: Dragonite\n|-immune|p2a: Gliscor\n|-supereffective|p2b: Goodra\n|-damage|p2b: Goodra|44\/100 par\n|move|p1b: Dragonite|Dragon Dance|p1b: Dragonite\n|-boost|p1b: Dragonite|atk|1\n|-boost|p1b: Dragonite|spe|1\n|move|p2a: Gliscor|Toxic|p1b: Dragonite\n|-status|p1b: Dragonite|tox\n|cant|p2b: Goodra|par\n|\n|-damage|p1b: Dragonite|94\/100 tox|[from] psn\n|upkeep\n|turn|15\n|\n|t:|1700243090\n|move|p1b: Dragonite|Dragon Claw|p2a: Gliscor\n|-damage|p2a: Gliscor|47\/100 tox\n|move|p1a: Landorus|Earthquake|p2a: Gliscor|[spread] p2b\n|-immune|p1b: Dragonite\n|-immune|p2a: Gliscor\n|-supereffective|p2b: Goodra\n|-damage|p2b: Goodra|8\/100 par\n|move|p2a: Gliscor|Toxic|p1a: Landorus\n|-status|p1a: Landorus|tox\n|move|p2b: Goodra|Rest|p2b: Goodra\n|-status|p2b: Goodra|slp|[from] move: Rest\n|-heal|p2b: Goodra|100\/100 slp|[silent]\n|-enditem|p2b: Goodra|Chesto Berry|[eat]\n|-curestatus|p2b: Goodra|slp|[msg]\n|\n|-damage|p1b: Dragonite|82\/100 tox|[from] psn\n|-damage|p1a: Landorus|73\/100 tox|[from] psn\n|-heal|p2a: Gliscor|60\/100 tox|[from] ability: Poison Heal\n|upkeep\n|turn|16\n|\n|t:|1700243111\n|move|p2a: Gliscor|Protect|p2a: Gliscor\n|-singleturn|p2a: Gliscor|Protect\n|move|p1b: Dragonite|Dragon Dance|p1b: Dragonite\n|-boost|p1b: Dragonite|atk|1\n|-boost|p1b: Dragonite|spe|1\n|move|p1a: Landorus|Swords Dance|p1a: Landorus\n|-boost|p1a: Landorus|atk|2\n|move|p2b: Goodra|Body Press|p1a: Landorus\n|-resisted|p1a: Landorus\n|-damage|p1a: Landorus|27\/100 tox\n|\n|-damage|p1b: Dragonite|63\/100 tox|[from] psn\n|-damage|p1a: Landorus|15\/100 tox|[from] psn\n|-heal|p2a: Gliscor|72\/100 tox|[from] ability: Poison Heal\n|upkeep\n|-enditem|p1a: Landorus|Iapapa Berry|[eat]\n|-heal|p1a: Landorus|48\/100 tox|[from] item: Iapapa Berry\n|turn|17\n|\n|t:|1700243139\n|move|p1b: Dragonite|Dragon Claw|p2a: Gliscor\n|-damage|p2a: Gliscor|0 fnt\n|faint|p2a: Gliscor\n|move|p1a: Landorus|Earthquake|p2b: Goodra|[spread] p2b\n|-immune|p1b: Dragonite\n|-supereffective|p2b: Goodra\n|-damage|p2b: Goodra|39\/100\n|move|p2b: Goodra|Body Press|p1a: Landorus\n|-resisted|p1a: Landorus\n|-damage|p1a: Landorus|0 fnt\n|faint|p1a: Landorus\n|\n|-damage|p1b: Dragonite|39\/100 tox|[from] psn\n|upkeep\n|\n|t:|1700243151\n|switch|p1a: Heatran|Heatran, M, shiny, tera:Flying|52\/100 par\n|switch|p2a: Amoonguss|Amoonguss, M|100\/100\n|turn|18\n|\n|t:|1700243164\n|move|p1b: Dragonite|Dragon Claw|p2a: Amoonguss\n|-damage|p2a: Amoonguss|29\/100\n|move|p2b: Goodra|Rest|p2b: Goodra\n|-status|p2b: Goodra|slp|[from] move: Rest\n|-heal|p2b: Goodra|100\/100 slp|[silent]\n|move|p2a: Amoonguss|Clear Smog|p1b: Dragonite\n|-damage|p1b: Dragonite|24\/100 tox\n|-clearboost|p1b: Dragonite\n|-enditem|p1b: Dragonite|Iapapa Berry|[eat]\n|-heal|p1b: Dragonite|57\/100 tox|[from] item: Iapapa Berry\n|move|p1a: Heatran|Heat Wave|p2a: Amoonguss|[spread] p2b\n|-miss|p1a: Heatran|p2a: Amoonguss\n|-damage|p2b: Goodra|83\/100 slp\n|\n|-heal|p2a: Amoonguss|36\/100|[from] item: Black Sludge\n|-heal|p1a: Heatran|59\/100 par|[from] item: Leftovers\n|-damage|p1b: Dragonite|26\/100 tox|[from] psn\n|upkeep\n|turn|19\n|\n|t:|1700243187\n|switch|p2a: Flutter Mane|Flutter Mane|39\/100\n|move|p1b: Dragonite|Dragon Claw|p2a: Flutter Mane\n|-immune|p2a: Flutter Mane\n|cant|p2b: Goodra|slp\n|cant|p1a: Heatran|par\n|\n|-heal|p1a: Heatran|65\/100 par|[from] item: Leftovers\n|-damage|p1b: Dragonite|0 fnt|[from] psn\n|faint|p1b: Dragonite\n|upkeep\n|\n|t:|1700243201\n|switch|p1b: Amoonguss|Amoonguss, M, shiny|100\/100\n|turn|20\n|\n|t:|1700243223\n|move|p2a: Flutter Mane|Mystical Fire|p1b: Amoonguss\n|-supereffective|p1b: Amoonguss\n|-damage|p1b: Amoonguss|59\/100\n|-unboost|p1b: Amoonguss|spa|1\n|cant|p2b: Goodra|slp\n|move|p1b: Amoonguss|Toxic|p2a: Flutter Mane\n|-status|p2a: Flutter Mane|tox\n|move|p1a: Heatran|Heat Wave|p2a: Flutter Mane|[spread] p2b\n|-miss|p1a: Heatran|p2a: Flutter Mane\n|-damage|p2b: Goodra|65\/100 slp\n|\n|-heal|p1b: Amoonguss|65\/100|[from] item: Leftovers\n|-heal|p1a: Heatran|71\/100 par|[from] item: Leftovers\n|-damage|p2a: Flutter Mane|33\/100 tox|[from] psn\n|upkeep\n|turn|21\n|\n|t:|1700243241\n|move|p2a: Flutter Mane|Mystical Fire|p1b: Amoonguss\n|-supereffective|p1b: Amoonguss\n|-damage|p1b: Amoonguss|28\/100\n|-unboost|p1b: Amoonguss|spa|1\n|-curestatus|p2b: Goodra|slp|[msg]\n|move|p2b: Goodra|Body Press|p1a: Heatran\n|-resisted|p1a: Heatran\n|-damage|p1a: Heatran|34\/100 par\n|move|p1b: Amoonguss|Energy Ball|p2b: Goodra\n|-ability|p2b: Goodra|Sap Sipper|boost\n|-boost|p2b: Goodra|atk|1\n|cant|p1a: Heatran|par\n|\n|-heal|p1b: Amoonguss|34\/100|[from] item: Leftovers\n|-heal|p1a: Heatran|40\/100 par|[from] item: Leftovers\n|-damage|p2a: Flutter Mane|22\/100 tox|[from] psn\n|upkeep\n|turn|22\n|\n|t:|1700243258\n|move|p1b: Amoonguss|Rage Powder|p1b: Amoonguss\n|-singleturn|p1b: Amoonguss|move: Rage Powder\n|move|p2a: Flutter Mane|Mystical Fire|p1b: Amoonguss\n|-supereffective|p1b: Amoonguss\n|-crit|p1b: Amoonguss\n|-damage|p1b: Amoonguss|0 fnt\n|faint|p1b: Amoonguss\n|move|p2b: Goodra|Heavy Slam|p1a: Heatran\n|-damage|p1a: Heatran|24\/100 par\n|move|p1a: Heatran|Will-O-Wisp|p2b: Goodra\n|-status|p2b: Goodra|brn\n|\n|-heal|p1a: Heatran|31\/100 par|[from] item: Leftovers\n|-damage|p2a: Flutter Mane|4\/100 tox|[from] psn\n|-damage|p2b: Goodra|59\/100 brn|[from] brn\n|upkeep\n|\n|t:|1700243264\n|switch|p1b: Rillaboom|Rillaboom, M, shiny|100\/100\n|-fieldstart|move: Grassy Terrain|[from] ability: Grassy Surge|[of] p1b: Rillaboom\n|turn|23\n|\n|t:|1700243286\n|move|p2a: Flutter Mane|Mystical Fire|p1b: Rillaboom\n|-supereffective|p1b: Rillaboom\n|-damage|p1b: Rillaboom|55\/100\n|-unboost|p1b: Rillaboom|spa|1\n|move|p1b: Rillaboom|Earthquake|p2b: Goodra|[spread] p2a,p2b\n|-immune|p1a: Heatran\n|-supereffective|p2b: Goodra\n|-damage|p2a: Flutter Mane|0 fnt\n|-damage|p2b: Goodra|52\/100 brn\n|faint|p2a: Flutter Mane\n|-end|p2a: Flutter Mane|Protosynthesis|[silent]\n|move|p2b: Goodra|Heavy Slam|p1a: Heatran\n|-damage|p1a: Heatran|23\/100 par\n|move|p1a: Heatran|Heat Wave|p2b: Goodra\n|-damage|p2b: Goodra|28\/100 brn\n|\n|-heal|p1b: Rillaboom|61\/100|[from] Grassy Terrain\n|-heal|p2b: Goodra|34\/100 brn|[from] Grassy Terrain\n|-heal|p1a: Heatran|29\/100 par|[from] item: Leftovers\n|-damage|p2b: Goodra|28\/100 brn|[from] brn\n|upkeep\n|\n|t:|1700243297\n|switch|p2a: Palafin|Palafin-Hero, F|100\/100\n|turn|24\n|\n|t:|1700243313\n|move|p1b: Rillaboom|Grassy Glide|p2a: Palafin\n|-supereffective|p2a: Palafin\n|-damage|p2a: Palafin|25\/100\n|move|p2a: Palafin|Close Combat|p1b: Rillaboom\n|-crit|p1b: Rillaboom\n|-damage|p1b: Rillaboom|0 fnt\n|-unboost|p2a: Palafin|def|1\n|-unboost|p2a: Palafin|spd|1\n|faint|p1b: Rillaboom\n|move|p2b: Goodra|Rest|p2b: Goodra\n|-status|p2b: Goodra|slp|[from] move: Rest\n|-heal|p2b: Goodra|100\/100 slp|[silent]\n|cant|p1a: Heatran|par\n|\n|-heal|p2a: Palafin|31\/100|[from] Grassy Terrain\n|-heal|p1a: Heatran|35\/100 par|[from] item: Leftovers\n|upkeep\n|turn|25\n|-message|ytz789 forfeited.\n|\n|win|yescaman\n|raw|ytz789's rating: 1286 &rarr; <strong>1254<\/strong><br \/>(-32 for losing)\n|raw|yescaman's rating: 1190 &rarr; <strong>1222<\/strong><br \/>(+32 for winning)\n|l|\u2606ytz789\n|l|\u2606yescaman\n|j|\u2606yescaman\n|player|p2|yescaman|chuck\n","uploadtime":1700243476,"views":8,"p1id":"ytz789","p2id":"yescaman","formatid":"gen9doublesou","rating":1222,"private":0,"password":""}