{"id":"gen9doublesou-1974995322","p1":"HellaBackWoods909","p2":"slimeree","format":"[Gen 9] Doubles OU","log":"|j|\u2606HellaBackWoods909\n|j|\u2606slimeree\n|t:|1698153256\n|gametype|doubles\n|player|p1|HellaBackWoods909|169|1358\n|player|p2|slimeree|dawn|1483\n|teamsize|p1|6\n|teamsize|p2|6\n|gen|9\n|tier|[Gen 9] Doubles OU\n|rated|\n|rule|Species Clause: Limit one of each Pok\u00e9mon\n|rule|OHKO Clause: OHKO moves are banned\n|rule|Evasion Moves Clause: Evasion moves are banned\n|rule|Gravity Sleep Clause: The combination of sleep-inducing moves with imperfect accuracy and Gravity or Gigantamax Orbeetle are banned\n|rule|Endless Battle Clause: Forcing endless battles is banned\n|rule|HP Percentage Mod: HP is shown in percentages\n|clearpoke\n|poke|p1|Iron Bundle|\n|poke|p1|Flutter Mane|\n|poke|p1|Torkoal, F|\n|poke|p1|Iron Valiant|\n|poke|p1|Great Tusk|\n|poke|p1|Iron Hands|\n|poke|p2|Ninetales-Alola, F|\n|poke|p2|Arcanine-Hisui, M|\n|poke|p2|Sinistcha-Masterpiece|\n|poke|p2|Iron Hands|\n|poke|p2|Flutter Mane|\n|poke|p2|Landorus, M|\n|teampreview\n|inactive|Battle timer is ON: inactive players will automatically lose when time's up. (requested by HellaBackWoods909)\n|\n|t:|1698153294\n|start\n|switch|p1a: Iron Hands|Iron Hands|100\/100\n|switch|p1b: Flutter Mane|Flutter Mane|100\/100\n|switch|p2a: Landorus|Landorus, M|100\/100\n|switch|p2b: Iron Hands|Iron Hands|100\/100\n|turn|1\n|l|\u2606slimeree\n|inactive|slimeree disconnected and has a minute to reconnect!\n|player|p2|\n|j|\u2606slimeree\n|inactive|slimeree reconnected and has 105 seconds left.\n|player|p2|slimeree|dawn\n|inactive|slimeree has 90 seconds left.\n|\n|t:|1698153367\n|move|p2a: Landorus|Protect|p2a: Landorus\n|-singleturn|p2a: Landorus|Protect\n|move|p1a: Iron Hands|Fake Out|p2a: Landorus\n|-activate|p2a: Landorus|move: Protect\n|move|p1b: Flutter Mane|Dazzling Gleam|p2b: Iron Hands|[spread] p2b\n|-activate|p2a: Landorus|move: Protect\n|-supereffective|p2b: Iron Hands\n|-damage|p2b: Iron Hands|45\/100\n|move|p2b: Iron Hands|Heavy Slam|p1b: Flutter Mane\n|-supereffective|p1b: Flutter Mane\n|-damage|p1b: Flutter Mane|0 fnt\n|faint|p1b: Flutter Mane\n|-end|p1b: Flutter Mane|Protosynthesis|[silent]\n|\n|upkeep\n|\n|t:|1698153380\n|switch|p1b: Iron Bundle|Iron Bundle|100\/100\n|-enditem|p1b: Iron Bundle|Booster Energy\n|-activate|p1b: Iron Bundle|ability: Quark Drive|[fromitem]\n|-start|p1b: Iron Bundle|quarkdrivespe\n|turn|2\n|\n|t:|1698153393\n|-terastallize|p2a: Landorus|Water\n|move|p1b: Iron Bundle|Icy Wind|p2a: Landorus|[spread] p2a,p2b\n|-resisted|p2a: Landorus\n|-damage|p2a: Landorus|89\/100\n|-damage|p2b: Iron Hands|33\/100\n|-unboost|p2a: Landorus|spe|1\n|-unboost|p2b: Iron Hands|spe|1\n|move|p2a: Landorus|Sandsear Storm|p1a: Iron Hands|[spread] p1a,p1b\n|-supereffective|p1a: Iron Hands\n|-damage|p1a: Iron Hands|26\/100\n|-damage|p1b: Iron Bundle|0 fnt\n|faint|p1b: Iron Bundle\n|-end|p1b: Iron Bundle|Quark Drive|[silent]\n|move|p1a: Iron Hands|Drain Punch|p2b: Iron Hands\n|-damage|p2b: Iron Hands|7\/100\n|-heal|p1a: Iron Hands|38\/100|[from] drain|[of] p2b: Iron Hands\n|move|p2b: Iron Hands|Drain Punch|p1a: Iron Hands\n|-damage|p1a: Iron Hands|9\/100\n|-heal|p2b: Iron Hands|23\/100|[from] drain|[of] p1a: Iron Hands\n|\n|upkeep\n|\n|t:|1698153401\n|switch|p1b: Iron Valiant|Iron Valiant|100\/100\n|-enditem|p1b: Iron Valiant|Booster Energy\n|-activate|p1b: Iron Valiant|ability: Quark Drive|[fromitem]\n|-start|p1b: Iron Valiant|quarkdrivespe\n|turn|3\n|inactive|slimeree has 120 seconds left.\n|inactive|slimeree has 90 seconds left.\n|\n|t:|1698153455\n|-end|p2b: Iron Hands|Quark Drive|[silent]\n|switch|p2b: Sinistcha|Sinistcha-Masterpiece, shiny|100\/100\n|-heal|p2a: Landorus|100\/100|[from] ability: Hospitality|[of] p2b: Sinistcha\n|move|p1b: Iron Valiant|Calm Mind|p1b: Iron Valiant\n|-boost|p1b: Iron Valiant|spa|1\n|-boost|p1b: Iron Valiant|spd|1\n|move|p2a: Landorus|Sandsear Storm|p1b: Iron Valiant|[spread] p1a,p1b\n|-supereffective|p1a: Iron Hands\n|-damage|p1a: Iron Hands|0 fnt\n|-damage|p1b: Iron Valiant|17\/100\n|faint|p1a: Iron Hands\n|-end|p1a: Iron Hands|Quark Drive|[silent]\n|\n|upkeep\n|\n|t:|1698153463\n|switch|p1a: Great Tusk|Great Tusk|100\/100\n|-enditem|p1a: Great Tusk|Booster Energy\n|-activate|p1a: Great Tusk|ability: Protosynthesis|[fromitem]\n|-start|p1a: Great Tusk|protosynthesisdef\n|turn|4\n|inactive|slimeree has 90 seconds left.\n|\n|t:|1698153487\n|move|p2b: Sinistcha|Rage Powder|p2b: Sinistcha\n|-singleturn|p2b: Sinistcha|move: Rage Powder\n|move|p1b: Iron Valiant|Dazzling Gleam|p2b: Sinistcha|[spread] p2a,p2b\n|-damage|p2a: Landorus|50\/100\n|-damage|p2b: Sinistcha|57\/100\n|move|p1a: Great Tusk|Ice Spinner|p2b: Sinistcha\n|-supereffective|p2b: Sinistcha\n|-damage|p2b: Sinistcha|8\/100\n|-damage|p1a: Great Tusk|84\/100|[from] item: Rocky Helmet|[of] p2b: Sinistcha\n|move|p2a: Landorus|Sandsear Storm|p1a: Great Tusk|[spread] p1a\n|-miss|p2a: Landorus|p1b: Iron Valiant\n|-damage|p1a: Great Tusk|0 fnt\n|faint|p1a: Great Tusk\n|-end|p1a: Great Tusk|Protosynthesis|[silent]\n|\n|upkeep\n|\n|t:|1698153491\n|switch|p1a: Torkoal|Torkoal, F|100\/100\n|-weather|SunnyDay|[from] ability: Drought|[of] p1a: Torkoal\n|turn|5\n|\n|t:|1698153520\n|move|p2a: Landorus|Protect|p2a: Landorus\n|-singleturn|p2a: Landorus|Protect\n|move|p2b: Sinistcha|Rage Powder|p2b: Sinistcha\n|-singleturn|p2b: Sinistcha|move: Rage Powder\n|move|p1b: Iron Valiant|Dazzling Gleam|p2a: Landorus|[spread] p2b\n|-activate|p2a: Landorus|move: Protect\n|-damage|p2b: Sinistcha|0 fnt\n|faint|p2b: Sinistcha\n|move|p1a: Torkoal|Stealth Rock|p2a: Landorus\n|-sidestart|p2: slimeree|move: Stealth Rock\n|\n|-weather|SunnyDay|[upkeep]\n|upkeep\n|inactive|slimeree has 90 seconds left.\n|\n|t:|1698153532\n|switch|p2b: Iron Hands|Iron Hands|23\/100\n|-damage|p2b: Iron Hands|17\/100|[from] Stealth Rock\n|turn|6\n|\n|t:|1698153545\n|-terastallize|p1a: Torkoal|Flying\n|move|p2b: Iron Hands|Fake Out|p1b: Iron Valiant\n|-damage|p1b: Iron Valiant|0 fnt\n|faint|p1b: Iron Valiant\n|-end|p1b: Iron Valiant|Quark Drive|[silent]\n|move|p2a: Landorus|Sludge Bomb|p1a: Torkoal\n|-damage|p1a: Torkoal|28\/100\n|move|p1a: Torkoal|Yawn|p2a: Landorus\n|-start|p2a: Landorus|move: Yawn|[of] p1a: Torkoal\n|\n|-weather|SunnyDay|[upkeep]\n|upkeep\n|turn|7\n|inactive|slimeree has 120 seconds left.\n|\n|t:|1698153564\n|move|p2a: Landorus|Sludge Bomb|p1a: Torkoal\n|-damage|p1a: Torkoal|0 fnt\n|faint|p1a: Torkoal\n|\n|win|slimeree\n|raw|HellaBackWoods909's rating: 1358 &rarr; <strong>1345<\/strong><br \/>(-13 for losing)\n|raw|slimeree's rating: 1483 &rarr; <strong>1496<\/strong><br \/>(+13 for winning)\n|l|\u2606HellaBackWoods909\n","uploadtime":1698153573,"views":19,"p1id":"hellabackwoods909","p2id":"slimeree","formatid":"gen9doublesou","rating":1345,"private":0,"password":""}