{"id":"gen9doublesou-1989003428","p1":"WhyUsernameNotWork","p2":"Absolitary37","format":"[Gen 9] Doubles OU","log":"|j|\u2606WhyUsernameNotWork\n|j|\u2606Absolitary37\n|t:|1699800939\n|gametype|doubles\n|player|p1|WhyUsernameNotWork|blackbelt|1008\n|player|p2|Absolitary37|grimsley|1032\n|teamsize|p1|6\n|teamsize|p2|6\n|gen|9\n|tier|[Gen 9] Doubles OU\n|rated|\n|rule|Species Clause: Limit one of each Pok\u00e9mon\n|rule|OHKO Clause: OHKO moves are banned\n|rule|Evasion Moves Clause: Evasion moves are banned\n|rule|Gravity Sleep Clause: The combination of sleep-inducing moves with imperfect accuracy and Gravity or Gigantamax Orbeetle are banned\n|rule|Endless Battle Clause: Forcing endless battles is banned\n|rule|HP Percentage Mod: HP is shown in percentages\n|clearpoke\n|poke|p1|Snorlax, F|\n|poke|p1|Ninetales-Alola, F|\n|poke|p1|Frosmoth, M|\n|poke|p1|Chien-Pao|\n|poke|p1|Gholdengo|\n|poke|p1|Chansey, F|\n|poke|p2|Stantler, M|\n|poke|p2|Oricorio-Sensu, M|\n|poke|p2|Empoleon, M|\n|poke|p2|Cresselia, F|\n|poke|p2|Okidogi, M|\n|poke|p2|Armarouge, F|\n|teampreview\n|c|\u2606Absolitary37|glhf\n|c|\u2606WhyUsernameNotWork|you too!\n|\n|t:|1699800960\n|start\n|switch|p1a: Ninetales|Ninetales-Alola, F|100\/100\n|switch|p1b: Gholdengo|Gholdengo|100\/100\n|switch|p2a: Stantler|Stantler, M|100\/100\n|switch|p2b: Oricorio|Oricorio-Sensu, M|100\/100\n|-weather|Snow|[from] ability: Snow Warning|[of] p1a: Ninetales\n|-ability|p2a: Stantler|Intimidate|boost\n|-unboost|p1a: Ninetales|atk|1\n|-unboost|p1b: Gholdengo|atk|1\n|turn|1\n|\n|t:|1699800986\n|move|p1a: Ninetales|Aurora Veil|p1a: Ninetales\n|-sidestart|p1: WhyUsernameNotWork|move: Aurora Veil\n|move|p2a: Stantler|Skill Swap|p2b: Oricorio\n|-activate|p2a: Stantler|move: Skill Swap|||[of] p2b: Oricorio\n|-ability|p2b: Oricorio|Intimidate|boost\n|-unboost|p1a: Ninetales|atk|1\n|-unboost|p1b: Gholdengo|atk|1\n|move|p2b: Oricorio|Swords Dance|p2b: Oricorio\n|-boost|p2b: Oricorio|atk|2\n|-activate|p2a: Stantler|ability: Dancer\n|move|p2a: Stantler|Swords Dance|p2a: Stantler|[from]ability: Dancer\n|-boost|p2a: Stantler|atk|2\n|move|p1b: Gholdengo|Thunder Wave|p2a: Stantler\n|-status|p2a: Stantler|par\n|\n|-weather|Snow|[upkeep]\n|upkeep\n|turn|2\n|\n|t:|1699801014\n|move|p1a: Ninetales|Freeze-Dry|p2b: Oricorio\n|-supereffective|p2b: Oricorio\n|-damage|p2b: Oricorio|11\/100\n|move|p2b: Oricorio|Revelation Dance|p1b: Gholdengo\n|-supereffective|p1b: Gholdengo\n|-damage|p1b: Gholdengo|47\/100\n|-activate|p2a: Stantler|ability: Dancer\n|move|p2a: Stantler|Revelation Dance|p1b: Gholdengo|[from]ability: Dancer\n|-immune|p1b: Gholdengo\n|move|p1b: Gholdengo|Make It Rain|p2a: Stantler|[spread] p2a,p2b\n|-damage|p2a: Stantler|39\/100 par\n|-damage|p2b: Oricorio|0 fnt\n|-unboost|p1b: Gholdengo|spa|1\n|-enditem|p2a: Stantler|Sitrus Berry|[eat]\n|-heal|p2a: Stantler|64\/100 par|[from] item: Sitrus Berry\n|faint|p2b: Oricorio\n|cant|p2a: Stantler|par\n|\n|-weather|Snow|[upkeep]\n|-heal|p1b: Gholdengo|53\/100|[from] item: Leftovers\n|upkeep\n|\n|t:|1699801037\n|switch|p2b: Cresselia|Cresselia, F|100\/100\n|turn|3\n|\n|t:|1699801057\n|switch|p1a: Frosmoth|Frosmoth, M|100\/100\n|switch|p1b: Snorlax|Snorlax, F|100\/100\n|-terastallize|p2a: Stantler|Ground\n|move|p2b: Cresselia|Ally Switch|p2b: Cresselia\n|swap|p2b: Cresselia|0|[from] move: Ally Switch\n|move|p2b: Stantler|Earthquake|p1a: Frosmoth|[spread] p1a,p1b\n|-immune|p2a: Cresselia|[from] ability: Levitate\n|-resisted|p1a: Frosmoth\n|-damage|p1a: Frosmoth|80\/100\n|-damage|p1b: Snorlax|61\/100\n|\n|-weather|Snow|[upkeep]\n|-heal|p1a: Frosmoth|87\/100|[from] item: Leftovers\n|-heal|p1b: Snorlax|67\/100|[from] item: Leftovers\n|upkeep\n|turn|4\n|\n|t:|1699801088\n|-terastallize|p1b: Snorlax|Ice\n|move|p2a: Cresselia|Psychic Terrain|p2a: Cresselia\n|-fieldstart|move: Psychic Terrain\n|move|p1a: Frosmoth|Blizzard|p2b: Stantler|[spread] p2a,p2b\n|-supereffective|p2b: Stantler\n|-damage|p2a: Cresselia|68\/100\n|-damage|p2b: Stantler|0 fnt\n|faint|p2b: Stantler\n|move|p1b: Snorlax|Ice Punch|p2a: Cresselia\n|-damage|p2a: Cresselia|36\/100\n|-enditem|p2a: Cresselia|Sitrus Berry|[eat]\n|-heal|p2a: Cresselia|61\/100|[from] item: Sitrus Berry\n|\n|-weather|Snow|[upkeep]\n|-heal|p1a: Frosmoth|93\/100|[from] item: Leftovers\n|-heal|p1b: Snorlax|73\/100|[from] item: Leftovers\n|upkeep\n|\n|t:|1699801099\n|switch|p2b: Empoleon|Empoleon, M|100\/100\n|turn|5\n|\n|t:|1699801117\n|switch|p1b: Gholdengo|Gholdengo|53\/100\n|move|p2a: Cresselia|Ally Switch|p2a: Cresselia\n|swap|p2a: Cresselia|1|[from] move: Ally Switch\n|move|p1a: Frosmoth|Bug Buzz|p2a: Empoleon\n|-resisted|p2a: Empoleon\n|-damage|p2a: Empoleon|79\/100\n|move|p2a: Empoleon|Flash Cannon|p1a: Frosmoth\n|-supereffective|p1a: Frosmoth\n|-damage|p1a: Frosmoth|65\/100\n|\n|-weather|none\n|-heal|p1b: Gholdengo|59\/100|[from] item: Leftovers\n|-heal|p1a: Frosmoth|71\/100|[from] item: Leftovers\n|-sideend|p1: WhyUsernameNotWork|move: Aurora Veil\n|upkeep\n|turn|6\n|\n|t:|1699801139\n|switch|p2b: Okidogi|Okidogi, M|100\/100\n|move|p1b: Gholdengo|Recover|p1b: Gholdengo\n|-heal|p1b: Gholdengo|100\/100\n|move|p1a: Frosmoth|Tailwind|p1a: Frosmoth\n|-sidestart|p1: WhyUsernameNotWork|move: Tailwind\n|move|p2a: Empoleon|Hydro Pump|p1b: Gholdengo|[miss]\n|-miss|p2a: Empoleon|p1b: Gholdengo\n|\n|-heal|p1a: Frosmoth|77\/100|[from] item: Leftovers\n|upkeep\n|turn|7\n|\n|t:|1699801159\n|switch|p1a: Ninetales|Ninetales-Alola, F|100\/100\n|-weather|Snow|[from] ability: Snow Warning|[of] p1a: Ninetales\n|move|p1b: Gholdengo|Thunder Wave|p2b: Okidogi\n|-status|p2b: Okidogi|par\n|move|p2a: Empoleon|Hydro Pump|p1b: Gholdengo\n|-damage|p1b: Gholdengo|49\/100\n|move|p2b: Okidogi|Fling|p2a: Empoleon\n|-damage|p2a: Empoleon|75\/100\n|-boost|p2a: Empoleon|spa|1|[from] item: Petaya Berry\n|-enditem|p2b: Okidogi|Petaya Berry|[from] move: Fling\n|\n|-weather|Snow|[upkeep]\n|-heal|p1b: Gholdengo|56\/100|[from] item: Leftovers\n|upkeep\n|turn|8\n|\n|t:|1699801186\n|switch|p2b: Armarouge|Armarouge, F|100\/100\n|move|p1a: Ninetales|Aurora Veil|p1a: Ninetales\n|-sidestart|p1: WhyUsernameNotWork|move: Aurora Veil\n|move|p1b: Gholdengo|Thunder Wave|p2a: Empoleon\n|-status|p2a: Empoleon|par\n|move|p2a: Empoleon|Flash Cannon|p1a: Ninetales\n|-supereffective|p1a: Ninetales\n|-enditem|p1a: Ninetales|Focus Sash\n|-damage|p1a: Ninetales|1\/100\n|\n|-weather|Snow|[upkeep]\n|-heal|p1b: Gholdengo|62\/100|[from] item: Leftovers\n|-fieldend|move: Psychic Terrain\n|upkeep\n|turn|9\n|\n|t:|1699801227\n|move|p1a: Ninetales|Freeze-Dry|p2a: Empoleon\n|-damage|p2a: Empoleon|51\/100 par\n|move|p1b: Gholdengo|Hex|p2a: Empoleon\n|-damage|p2a: Empoleon|0 fnt\n|faint|p2a: Empoleon\n|move|p2b: Armarouge|Heat Wave|p1a: Ninetales|[spread] p1a,p1b\n|-supereffective|p1a: Ninetales\n|-supereffective|p1b: Gholdengo\n|-damage|p1a: Ninetales|0 fnt\n|-damage|p1b: Gholdengo|0 fnt\n|faint|p1a: Ninetales\n|faint|p1b: Gholdengo\n|\n|-weather|Snow|[upkeep]\n|-sideend|p1: WhyUsernameNotWork|move: Tailwind\n|upkeep\n|\n|t:|1699801243\n|switch|p1a: Snorlax|Snorlax, F, tera:Ice|73\/100\n|switch|p1b: Chansey|Chansey, F|100\/100\n|switch|p2a: Okidogi|Okidogi, M|100\/100 par\n|turn|10\n|\n|t:|1699801256\n|move|p1b: Chansey|Helping Hand|p1a: Snorlax\n|-singleturn|p1a: Snorlax|Helping Hand|[of] p1b: Chansey\n|move|p2b: Armarouge|Heat Wave|p1b: Chansey|[spread] p1a,p1b\n|-supereffective|p1a: Snorlax\n|-damage|p1a: Snorlax|50\/100\n|-damage|p1b: Chansey|91\/100\n|cant|p2a: Okidogi|par\n|move|p1a: Snorlax|Rock Slide|p2a: Okidogi|[spread] p2a,p2b\n|-resisted|p2a: Okidogi\n|-supereffective|p2b: Armarouge\n|-damage|p2a: Okidogi|87\/100 par\n|-damage|p2b: Armarouge|45\/100\n|-ability|p2b: Armarouge|Weak Armor|boost\n|-unboost|p2b: Armarouge|def|1\n|-boost|p2b: Armarouge|spe|2\n|\n|-weather|Snow|[upkeep]\n|-heal|p1a: Snorlax|57\/100|[from] item: Leftovers\n|upkeep\n|turn|11\n|\n|t:|1699801277\n|move|p2b: Armarouge|Heat Wave|p1b: Chansey|[spread] p1a\n|-miss|p2b: Armarouge|p1b: Chansey\n|-supereffective|p1a: Snorlax\n|-damage|p1a: Snorlax|31\/100\n|cant|p2a: Okidogi|par\n|move|p1b: Chansey|Heal Pulse|p1a: Snorlax\n|-heal|p1a: Snorlax|81\/100\n|move|p1a: Snorlax|Rock Slide|p2a: Okidogi|[spread] p2a,p2b\n|-resisted|p2a: Okidogi\n|-supereffective|p2b: Armarouge\n|-damage|p2a: Okidogi|78\/100 par\n|-damage|p2b: Armarouge|0 fnt\n|faint|p2b: Armarouge\n|\n|-weather|none\n|-heal|p1a: Snorlax|88\/100|[from] item: Leftovers\n|upkeep\n|c|\u2606Absolitary37|ggs.\n|\n|t:|1699801286\n|switch|p2b: Cresselia|Cresselia, F|61\/100\n|turn|12\n|c|\u2606WhyUsernameNotWork|gg\n|\n|t:|1699801312\n|move|p1b: Chansey|Helping Hand|p1a: Snorlax\n|-singleturn|p1a: Snorlax|Helping Hand|[of] p1b: Chansey\n|move|p2b: Cresselia|Ally Switch|p2b: Cresselia\n|swap|p2b: Cresselia|0|[from] move: Ally Switch\n|move|p2b: Okidogi|Drain Punch|p1a: Snorlax\n|-supereffective|p1a: Snorlax\n|-damage|p1a: Snorlax|44\/100\n|-heal|p2b: Okidogi|100\/100 par|[from] drain|[of] p1a: Snorlax\n|move|p1a: Snorlax|Iron Head|p2b: Okidogi\n|-damage|p2b: Okidogi|63\/100 par\n|\n|-heal|p1a: Snorlax|50\/100|[from] item: Leftovers\n|-sideend|p1: WhyUsernameNotWork|move: Aurora Veil\n|upkeep\n|turn|13\n|\n|t:|1699801337\n|switch|p1b: Chien-Pao|Chien-Pao|100\/100\n|-ability|p1b: Chien-Pao|Sword of Ruin\n|switch|p1a: Frosmoth|Frosmoth, M|77\/100\n|move|p2a: Cresselia|Future Sight|p1a: Frosmoth\n|-start|p2a: Cresselia|move: Future Sight\n|move|p2b: Okidogi|Drain Punch|p1a: Frosmoth\n|-damage|p1a: Frosmoth|0 fnt\n|-heal|p2b: Okidogi|100\/100 par|[from] drain|[of] p1a: Frosmoth\n|faint|p1a: Frosmoth\n|\n|upkeep\n|\n|t:|1699801355\n|switch|p1a: Snorlax|Snorlax, F, tera:Ice|50\/100\n|turn|14\n|\n|t:|1699801376\n|move|p2a: Cresselia|Ally Switch|p2a: Cresselia\n|swap|p2a: Cresselia|1|[from] move: Ally Switch\n|move|p1b: Chien-Pao|Sacred Sword|p2b: Cresselia\n|-resisted|p2b: Cresselia\n|-damage|p2b: Cresselia|46\/100\n|move|p2a: Okidogi|Drain Punch|p1b: Chien-Pao\n|-supereffective|p1b: Chien-Pao\n|-damage|p1b: Chien-Pao|0 fnt\n|faint|p1b: Chien-Pao\n|move|p1a: Snorlax|Rock Slide|p2a: Okidogi|[spread] p2a,p2b\n|-resisted|p2a: Okidogi\n|-damage|p2a: Okidogi|92\/100 par\n|-damage|p2b: Cresselia|31\/100\n|\n|-heal|p1a: Snorlax|56\/100|[from] item: Leftovers\n|upkeep\n|\n|t:|1699801389\n|switch|p1b: Chansey|Chansey, F|91\/100\n|turn|15\n|\n|t:|1699801406\n|move|p1b: Chansey|Helping Hand|p1a: Snorlax\n|-singleturn|p1a: Snorlax|Helping Hand|[of] p1b: Chansey\n|move|p2b: Cresselia|Future Sight|p1b: Chansey\n|-start|p2b: Cresselia|move: Future Sight\n|move|p2a: Okidogi|Drain Punch|p1a: Snorlax\n|-supereffective|p1a: Snorlax\n|-damage|p1a: Snorlax|0 fnt\n|-heal|p2a: Okidogi|100\/100 par|[from] drain|[of] p1a: Snorlax\n|faint|p1a: Snorlax\n|\n|-hint|Future Sight did not hit because the target is fainted.\n|upkeep\n|turn|16\n|c|\u2606Absolitary37|...wow reverse sweep huh\n|\n|t:|1699801428\n|move|p1b: Chansey|Helping Hand|p1: Snorlax|[notarget]\n|-fail|p1b: Chansey\n|move|p2b: Cresselia|Ally Switch|p2b: Cresselia\n|swap|p2b: Cresselia|0|[from] move: Ally Switch\n|move|p2b: Okidogi|Drain Punch|p1b: Chansey\n|-supereffective|p1b: Chansey\n|-damage|p1b: Chansey|0 fnt\n|faint|p1b: Chansey\n|\n|win|Absolitary37\n|raw|WhyUsernameNotWork's rating: 1008 &rarr; <strong>1000<\/strong><br \/>(-8 for losing)\n|raw|Absolitary37's rating: 1032 &rarr; <strong>1065<\/strong><br \/>(+33 for winning)\n|c|\u2606WhyUsernameNotWork|indeed\n|l|\u2606WhyUsernameNotWork\n|c|\u2606Absolitary37|i was not expecting okidogi to sweep\n","uploadtime":1699801448,"views":8,"p1id":"whyusernamenotwork","p2id":"absolitary37","formatid":"gen9doublesou","rating":1000,"private":0,"password":""}