{"id":"gen9doublesou-1985684542","p1":"BattleMEEE","p2":"melffy_king","format":"[Gen 9] Doubles OU","log":"|j|\u2606BattleMEEE\n|j|\u2606melffy_king\n|t:|1699395528\n|gametype|doubles\n|player|p1|BattleMEEE|265|1025\n|player|p2|melffy_king|harlequin|1086\n|teamsize|p1|6\n|teamsize|p2|6\n|gen|9\n|tier|[Gen 9] Doubles OU\n|rated|\n|rule|Species Clause: Limit one of each Pok\u00e9mon\n|rule|OHKO Clause: OHKO moves are banned\n|rule|Evasion Moves Clause: Evasion moves are banned\n|rule|Gravity Sleep Clause: The combination of sleep-inducing moves with imperfect accuracy and Gravity or Gigantamax Orbeetle are banned\n|rule|Endless Battle Clause: Forcing endless battles is banned\n|rule|HP Percentage Mod: HP is shown in percentages\n|clearpoke\n|poke|p1|Kingambit, F|\n|poke|p1|Flutter Mane|\n|poke|p1|Glimmora, M|\n|poke|p1|Sinistcha-Masterpiece|\n|poke|p1|Toxapex, M|\n|poke|p1|Gyarados, F|\n|poke|p2|Chien-Pao|\n|poke|p2|Palafin, M|\n|poke|p2|Dragapult, M|\n|poke|p2|Landorus-Therian, M|\n|poke|p2|Iron Hands|\n|poke|p2|Kingambit, F|\n|teampreview\n|inactive|Battle timer is ON: inactive players will automatically lose when time's up. (requested by melffy_king)\n|\n|t:|1699395536\n|start\n|switch|p1a: Glimmora|Glimmora, M|100\/100\n|switch|p1b: Toxapex|Toxapex, M|100\/100\n|switch|p2a: Iron Hands|Iron Hands|100\/100\n|switch|p2b: Palafin|Palafin, M|100\/100\n|-enditem|p2a: Iron Hands|Booster Energy\n|-activate|p2a: Iron Hands|ability: Quark Drive|[fromitem]\n|-start|p2a: Iron Hands|quarkdriveatk\n|turn|1\n|\n|t:|1699395555\n|move|p2b: Palafin|Flip Turn|p1a: Glimmora\n|-supereffective|p1a: Glimmora\n|-damage|p1a: Glimmora|25\/100\n|-activate|p1a: Glimmora|ability: Toxic Debris\n|-sidestart|p2: melffy_king|move: Toxic Spikes\n|\n|t:|1699395564\n|detailschange|p2b: Palafin|Palafin-Hero, M\n|switch|p2b: Dragapult|Dragapult, M|100\/100|[from] Flip Turn\n|-status|p2b: Dragapult|psn\n|move|p1a: Glimmora|Toxic||[still]\n|-fail|p1a: Glimmora\n|move|p2a: Iron Hands|Drain Punch|p1a: Glimmora\n|-damage|p1a: Glimmora|0 fnt\n|-activate|p1a: Glimmora|ability: Toxic Debris\n|-sidestart|p2: melffy_king|move: Toxic Spikes\n|faint|p1a: Glimmora\n|move|p1b: Toxapex|Toxic|p2a: Iron Hands\n|-status|p2a: Iron Hands|tox\n|\n|-damage|p2b: Dragapult|88\/100 psn|[from] psn\n|-damage|p2a: Iron Hands|94\/100 tox|[from] psn\n|upkeep\n|\n|t:|1699395584\n|switch|p1a: Flutter Mane|Flutter Mane|100\/100\n|-enditem|p1a: Flutter Mane|Booster Energy\n|-activate|p1a: Flutter Mane|ability: Protosynthesis|[fromitem]\n|-start|p1a: Flutter Mane|protosynthesisspe\n|turn|2\n|\n|t:|1699395600\n|move|p1a: Flutter Mane|Dazzling Gleam|p2b: Dragapult|[spread] p2a,p2b\n|-supereffective|p2a: Iron Hands\n|-supereffective|p2b: Dragapult\n|-damage|p2a: Iron Hands|49\/100 tox\n|-damage|p2b: Dragapult|13\/100 psn\n|move|p2b: Dragapult|Dragon Darts|p1b: Toxapex\n|-damage|p1b: Toxapex|87\/100\n|-anim|p2b: Dragapult|Dragon Darts|p1b: Toxapex\n|-damage|p1b: Toxapex|75\/100\n|move|p2a: Iron Hands|Ice Punch|p1a: Flutter Mane\n|-damage|p1a: Flutter Mane|24\/100\n|move|p1b: Toxapex|Surf|p2b: Dragapult|[spread] p1a,p2a,p2b\n|-crit|p1a: Flutter Mane\n|-resisted|p2b: Dragapult\n|-damage|p1a: Flutter Mane|2\/100\n|-damage|p2a: Iron Hands|38\/100 tox\n|-damage|p2b: Dragapult|6\/100 psn\n|\n|-heal|p1b: Toxapex|81\/100|[from] item: Black Sludge\n|-damage|p2b: Dragapult|0 fnt|[from] psn\n|faint|p2b: Dragapult\n|-damage|p2a: Iron Hands|26\/100 tox|[from] psn\n|upkeep\n|inactive|melffy_king has 120 seconds left.\n|\n|t:|1699395629\n|switch|p2b: Landorus|Landorus-Therian, M|100\/100\n|-ability|p2b: Landorus|Intimidate|boost\n|-unboost|p1a: Flutter Mane|atk|1\n|-unboost|p1b: Toxapex|atk|1\n|turn|3\n|\n|t:|1699395643\n|move|p1a: Flutter Mane|Dazzling Gleam|p2b: Landorus|[spread] p2a,p2b\n|-supereffective|p2a: Iron Hands\n|-damage|p2a: Iron Hands|0 fnt\n|-damage|p2b: Landorus|56\/100\n|faint|p2a: Iron Hands\n|-end|p2a: Iron Hands|Quark Drive|[silent]\n|move|p2b: Landorus|Earthquake|p1b: Toxapex|[spread] p1a,p1b\n|-supereffective|p1b: Toxapex\n|-damage|p1a: Flutter Mane|0 fnt\n|-damage|p1b: Toxapex|31\/100\n|faint|p1a: Flutter Mane\n|-end|p1a: Flutter Mane|Protosynthesis|[silent]\n|move|p1b: Toxapex|Toxic|p2b: Landorus\n|-status|p2b: Landorus|tox\n|\n|-heal|p1b: Toxapex|38\/100|[from] item: Black Sludge\n|-damage|p2b: Landorus|50\/100 tox|[from] psn\n|upkeep\n|\n|t:|1699395662\n|switch|p1a: Gyarados|Gyarados, F|100\/100\n|switch|p2a: Palafin|Palafin-Hero, M|100\/100\n|-status|p2a: Palafin|tox\n|-activate|p2a: Palafin|ability: Zero to Hero\n|turn|4\n|\n|t:|1699395688\n|-terastallize|p2b: Landorus|Ground\n|move|p1b: Toxapex|Baneful Bunker|p1b: Toxapex\n|-singleturn|p1b: Toxapex|move: Protect\n|move|p2b: Landorus|Earthquake|p1a: Gyarados|[spread] p2a\n|-activate|p1b: Toxapex|move: Protect\n|-immune|p1a: Gyarados\n|-crit|p2a: Palafin\n|-damage|p2a: Palafin|15\/100 tox\n|move|p2a: Palafin|Zen Headbutt|p1a: Gyarados\n|-damage|p1a: Gyarados|45\/100\n|move|p1a: Gyarados|Earthquake|p2a: Palafin|[spread] p2a,p2b\n|-activate|p1b: Toxapex|move: Protect\n|-damage|p2a: Palafin|0 fnt\n|-damage|p2b: Landorus|15\/100 tox\n|faint|p2a: Palafin\n|-ability|p1a: Gyarados|Moxie|boost\n|-boost|p1a: Gyarados|atk|1\n|-damage|p1a: Gyarados|35\/100|[from] item: Life Orb\n|\n|-heal|p1b: Toxapex|44\/100|[from] item: Black Sludge\n|-damage|p2b: Landorus|3\/100 tox|[from] psn\n|upkeep\n|\n|t:|1699395711\n|switch|p2a: Kingambit|Kingambit, F|100\/100\n|-activate|p2a: Kingambit|ability: Supreme Overlord\n|-start|p2a: Kingambit|fallen3|[silent]\n|turn|5\n|\n|t:|1699395725\n|move|p1a: Gyarados|Protect|p1a: Gyarados\n|-singleturn|p1a: Gyarados|Protect\n|move|p2a: Kingambit|Sucker Punch||[still]\n|-fail|p2a: Kingambit\n|move|p2b: Landorus|Earthquake|p1b: Toxapex|[spread] p2a,p1b\n|-activate|p1a: Gyarados|move: Protect\n|-supereffective|p2a: Kingambit\n|-crit|p2a: Kingambit\n|-supereffective|p1b: Toxapex\n|-damage|p2a: Kingambit|0 fnt\n|-damage|p1b: Toxapex|0 fnt\n|faint|p2a: Kingambit\n|-end|p2a: Kingambit|fallen3|[silent]\n|faint|p1b: Toxapex\n|\n|-damage|p2b: Landorus|0 fnt|[from] psn\n|faint|p2b: Landorus\n|upkeep\n|inactive|melffy_king has 120 seconds left.\n|c|\u2606melffy_king|this teams sick\n|c|\u2606melffy_king|could you share\n|\n|t:|1699395766\n|switch|p2a: Chien-Pao|Chien-Pao|100\/100\n|switch|p1b: Sinistcha|Sinistcha-Masterpiece|100\/100\n|-status|p2a: Chien-Pao|tox\n|-ability|p2a: Chien-Pao|Sword of Ruin\n|-heal|p1a: Gyarados|60\/100|[from] ability: Hospitality|[of] p1b: Sinistcha\n|turn|6\n|c|\u2606BattleMEEE|most def\n|c|\u2606BattleMEEE|I just put it together\n|c|\u2606BattleMEEE|thank you\n|c|\u2606melffy_king|its really cool\n|\n|t:|1699395794\n|move|p2a: Chien-Pao|Ice Spinner|p1a: Gyarados\n|-damage|p1a: Gyarados|0 fnt\n|faint|p1a: Gyarados\n|-damage|p2a: Chien-Pao|91\/100 tox|[from] item: Life Orb\n|move|p1b: Sinistcha|Hex|p2a: Chien-Pao\n|-resisted|p2a: Chien-Pao\n|-damage|p2a: Chien-Pao|29\/100 tox\n|\n|-damage|p2a: Chien-Pao|23\/100 tox|[from] psn\n|upkeep\n|\n|t:|1699395803\n|switch|p1a: Kingambit|Kingambit, F|100\/100\n|-activate|p1a: Kingambit|ability: Supreme Overlord\n|-start|p1a: Kingambit|fallen4|[silent]\n|turn|7\n|c|\u2606BattleMEEE|how do I share the team?\n|\n|t:|1699395818\n|move|p2a: Chien-Pao|Protect|p2a: Chien-Pao\n|-singleturn|p2a: Chien-Pao|Protect\n|move|p1b: Sinistcha|Hex|p2a: Chien-Pao\n|-activate|p2a: Chien-Pao|move: Protect\n|move|p1a: Kingambit|Iron Head|p2a: Chien-Pao\n|-activate|p2a: Chien-Pao|move: Protect\n|\n|-damage|p2a: Chien-Pao|11\/100 tox|[from] psn\n|upkeep\n|turn|8\n|c|\u2606melffy_king|i think you just go to team builder\n|c|\u2606melffy_king|and press export on the pokemon\n|c|\u2606BattleMEEE|ok one sec\n|c|\u2606melffy_king|thnks\n|inactive|melffy_king has 120 seconds left.\n|inactive|melffy_king has 90 seconds left.\n|\n|t:|1699395894\n|move|p2a: Chien-Pao|Sucker Punch|p1a: Kingambit\n|-resisted|p1a: Kingambit\n|-damage|p1a: Kingambit|81\/100\n|-damage|p2a: Chien-Pao|1\/100 tox|[from] item: Life Orb\n|move|p1b: Sinistcha|Hex|p2a: Chien-Pao\n|-resisted|p2a: Chien-Pao\n|-damage|p2a: Chien-Pao|0 fnt\n|faint|p2a: Chien-Pao\n|\n|win|BattleMEEE\n|raw|BattleMEEE's rating: 1025 &rarr; <strong>1068<\/strong><br \/>(+43 for winning)\n|raw|melffy_king's rating: 1086 &rarr; <strong>1059<\/strong><br \/>(-27 for losing)\n|c|\u2606melffy_king|gg\n|c|\u2606BattleMEEE|gg\n|c|\u2606BattleMEEE|trying to send it\n|c|\u2606BattleMEEE|but it says too many lines?\n|c|\u2606BattleMEEE|wait\n|c|\u2606BattleMEEE|here we go\n|c|\u2606BattleMEEE|fmll I need to confirm my account lmao\n|c|\u2606melffy_king|haha\n|c|\u2606melffy_king|no stress man\n|c|\u2606BattleMEEE|hold on I'll type it\n|c|\u2606BattleMEEE|enter with Glimmora and Toxapex to set poison then set traps\n|c|\u2606BattleMEEE|Toxapex has black sludge and regenerator with baneful bunker and toxic\n|c|\u2606BattleMEEE|Glimmora is just a throw way, no item on it, has to have toxic though, with toxic debris ability\n|c|\u2606BattleMEEE|then the physical attackers are just building for kingambit\n|c|\u2606BattleMEEE|flutter mane with booster energy and dazzling gleam\n|c|\u2606melffy_king|thnk you so much\n|c|\u2606BattleMEEE|gyarados with life orb and earth quake and protect, also iron head, probably gonna swap waterfall\n|c|\u2606melffy_king|this really helps me out\n|c|\u2606BattleMEEE|sinischa for the free heals\n|c|\u2606BattleMEEE|glad you like the team, have fun!\n|c|\u2606melffy_king|thank you so much\n|c|\u2606melffy_king|cya\n","uploadtime":1699395983,"views":9,"p1id":"battlemeee","p2id":"melffyking","formatid":"gen9doublesou","rating":1059,"private":0,"password":""}