{"id":"gen9doublesou-2000484852","p1":"jlakg","p2":"grenadee","format":"[Gen 9] Doubles OU","log":"|j|\u2606jlakg\n|j|\u2606grenadee\n|inactive|Battle timer is ON: inactive players will automatically lose when time's up.\n|t:|1701198721\n|gametype|doubles\n|player|p1|jlakg|colress|\n|player|p2|grenadee|bugcatcher-gen4dp|\n|teamsize|p1|6\n|teamsize|p2|6\n|gen|9\n|tier|[Gen 9] Doubles OU\n|rated|Tournament battle\n|rule|Species Clause: Limit one of each Pok\u00e9mon\n|rule|OHKO Clause: OHKO moves are banned\n|rule|Evasion Moves Clause: Evasion moves are banned\n|rule|Gravity Sleep Clause: The combination of sleep-inducing moves with imperfect accuracy and Gravity or Gigantamax Orbeetle are banned\n|rule|Endless Battle Clause: Forcing endless battles is banned\n|rule|HP Percentage Mod: HP is shown in percentages\n|clearpoke\n|poke|p1|Cresselia, F|\n|poke|p1|Flutter Mane|\n|poke|p1|Ursaluna, F|\n|poke|p1|Iron Hands|\n|poke|p1|Sinistcha-Masterpiece|\n|poke|p1|Heatran, F|\n|poke|p2|Ceruledge, F|\n|poke|p2|Maushold|\n|poke|p2|Gallade, M|\n|poke|p2|Torkoal, F|\n|poke|p2|Iron Leaves|\n|poke|p2|Meowscarada, F|\n|teampreview\n|j|*Lady Monita \u2746\n|j| BB-8-NU\n|j| Regirock16\n|j| RichardBabley795\n|c| Regirock16|glhf\n|j| latinalover12345\n|c|\u2606jlakg|GL\n|c| latinalover12345|lets go jlakg\n|c| RichardBabley795|KIll em\n|n|\u203djlakg|jlakg\n|c|\u2606grenadee|gl omg im so anxious\n|\n|t:|1701198748\n|start\n|switch|p1a: Flutter Mane|Flutter Mane|100\/100\n|switch|p1b: Ursaluna|Ursaluna, F, shiny|100\/100\n|switch|p2a: Ceruledge|Ceruledge, F, shiny|100\/100\n|switch|p2b: Maushold|Maushold|100\/100\n|-enditem|p1a: Flutter Mane|Booster Energy\n|-activate|p1a: Flutter Mane|ability: Protosynthesis|[fromitem]\n|-start|p1a: Flutter Mane|protosynthesisspa\n|turn|1\n|c| latinalover12345|whoever loses likes black girthy pee pee in their mouth\n|inactive|grenadee has 120 seconds left.\n|c| RichardBabley795|wtf\n|\n|t:|1701198790\n|-terastallize|p2a: Ceruledge|Grass\n|move|p1b: Ursaluna|Protect|p1b: Ursaluna\n|-singleturn|p1b: Ursaluna|Protect\n|move|p2b: Maushold|U-turn|p2a: Ceruledge\n|-supereffective|p2a: Ceruledge\n|-damage|p2a: Ceruledge|75\/100\n|-ability|p2a: Ceruledge|Weak Armor|boost\n|-unboost|p2a: Ceruledge|def|1\n|-boost|p2a: Ceruledge|spe|2\n|-enditem|p2a: Ceruledge|Weakness Policy\n|-boost|p2a: Ceruledge|atk|2|[from] item: Weakness Policy\n|-boost|p2a: Ceruledge|spa|2|[from] item: Weakness Policy\n|c| Regirock16|yeah wtf\n|\n|t:|1701198804\n|switch|p2b: Torkoal|Torkoal, F, shiny|100\/100|[from] U-turn\n|-weather|SunnyDay|[from] ability: Drought|[of] p2b: Torkoal\n|move|p2a: Ceruledge|Bitter Blade|p1a: Flutter Mane\n|-damage|p1a: Flutter Mane|0 fnt\n|-heal|p2a: Ceruledge|100\/100|[from] drain|[of] p1a: Flutter Mane\n|faint|p1a: Flutter Mane\n|-end|p1a: Flutter Mane|Protosynthesis|[silent]\n|\n|-weather|SunnyDay|[upkeep]\n|-status|p1b: Ursaluna|brn|[from] item: Flame Orb\n|upkeep\n|\n|t:|1701198818\n|switch|p1a: Cresselia|Cresselia, F|100\/100\n|turn|2\n|c| latinalover12345|ik u not talking richard\n|\n|t:|1701198830\n|-terastallize|p1a: Cresselia|Fairy\n|move|p2a: Ceruledge|Solar Blade||[still]\n|-prepare|p2a: Ceruledge|Solar Blade\n|-anim|p2a: Ceruledge|Solar Blade|p1b: Ursaluna\n|-supereffective|p1b: Ursaluna\n|-damage|p1b: Ursaluna|0 fnt\n|faint|p1b: Ursaluna\n|move|p2b: Torkoal|Ancient Power|p1a: Cresselia\n|-damage|p1a: Cresselia|89\/100\n|move|p1a: Cresselia|Trick Room|p1a: Cresselia\n|-fieldstart|move: Trick Room|[of] p1a: Cresselia\n|\n|-weather|SunnyDay|[upkeep]\n|upkeep\n|j| Arcanine Numbers\n|c| latinalover12345|ur name is literally richard\n|\n|t:|1701198846\n|switch|p1b: Iron Hands|Iron Hands|100\/100\n|turn|3\n|c| RichardBabley795|So what\n|\n|t:|1701198860\n|move|p2a: Ceruledge|Protect|p2a: Ceruledge\n|-singleturn|p2a: Ceruledge|Protect\n|move|p1b: Iron Hands|Fake Out|p2a: Ceruledge\n|-activate|p2a: Ceruledge|move: Protect\n|move|p2b: Torkoal|Ancient Power|p1a: Cresselia\n|-damage|p1a: Cresselia|78\/100\n|move|p1a: Cresselia|Psychic|p2b: Torkoal\n|-damage|p2b: Torkoal|67\/100\n|\n|-weather|SunnyDay|[upkeep]\n|upkeep\n|turn|4\n|c| RichardBabley795|Mods crush his skull\n|\n|t:|1701198890\n|move|p2b: Torkoal|Ancient Power|p1a: Cresselia\n|-damage|p1a: Cresselia|69\/100\n|move|p1b: Iron Hands|Wild Charge|p2a: Ceruledge\n|-resisted|p2a: Ceruledge\n|-damage|p2a: Ceruledge|49\/100\n|-ability|p2a: Ceruledge|Weak Armor|boost\n|-unboost|p2a: Ceruledge|def|1\n|-boost|p2a: Ceruledge|spe|2\n|-damage|p1b: Iron Hands|93\/100|[from] Recoil\n|move|p1a: Cresselia|Psychic|p2b: Torkoal\n|-damage|p2b: Torkoal|36\/100\n|move|p2a: Ceruledge|Bitter Blade|p1b: Iron Hands\n|-damage|p1b: Iron Hands|1\/100\n|-heal|p2a: Ceruledge|100\/100|[from] drain|[of] p1b: Iron Hands\n|\n|-weather|SunnyDay|[upkeep]\n|upkeep\n|turn|5\n|c| latinalover12345|geek\n|c| latinalover12345|calling for mods\n|c| latinalover12345|what a GEEK\n|\n|t:|1701198909\n|move|p2a: Ceruledge|Protect|p2a: Ceruledge\n|-singleturn|p2a: Ceruledge|Protect\n|move|p2b: Torkoal|Heat Wave|p1a: Cresselia|[spread] p1a\n|-miss|p2b: Torkoal|p1b: Iron Hands\n|-damage|p1a: Cresselia|42\/100\n|move|p1b: Iron Hands|Heavy Slam|p2a: Ceruledge\n|-activate|p2a: Ceruledge|move: Protect\n|move|p1a: Cresselia|Lunar Blessing|p1a: Cresselia|[spread] p1a,p1b\n|-heal|p1a: Cresselia|67\/100\n|-heal|p1b: Iron Hands|26\/100\n|\n|-weather|SunnyDay|[upkeep]\n|upkeep\n|turn|6\n|c| latinalover12345|be a man\n|c| RichardBabley795|nah\n|\n|t:|1701198930\n|move|p2b: Torkoal|Ancient Power|p1a: Cresselia\n|-damage|p1a: Cresselia|56\/100\n|move|p1b: Iron Hands|Heavy Slam|p2a: Ceruledge\n|-damage|p2a: Ceruledge|0 fnt\n|faint|p2a: Ceruledge\n|move|p1a: Cresselia|Lunar Blessing|p1a: Cresselia|[spread] p1a,p1b\n|-heal|p1a: Cresselia|81\/100\n|-heal|p1b: Iron Hands|51\/100\n|\n|-weather|SunnyDay|[upkeep]\n|-fieldend|move: Trick Room\n|upkeep\n|j| SighofEnd\n|\n|t:|1701198941\n|switch|p2a: Iron Leaves|Iron Leaves|100\/100\n|turn|7\n|j| dvobisdum\n|j| Wertix\n|c| latinalover12345|jlakg i hope u win\n|\n|t:|1701198953\n|-end|p1b: Iron Hands|Quark Drive|[silent]\n|switch|p1b: Heatran|Heatran, F|100\/100\n|move|p2b: Torkoal|Helping Hand|p2a: Iron Leaves\n|-singleturn|p2a: Iron Leaves|Helping Hand|[of] p2b: Torkoal\n|move|p2a: Iron Leaves|Leaf Blade|p1b: Heatran\n|-resisted|p1b: Heatran\n|-damage|p1b: Heatran|77\/100\n|move|p1a: Cresselia|Moonblast|p2a: Iron Leaves\n|-damage|p2a: Iron Leaves|76\/100\n|\n|-weather|SunnyDay|[upkeep]\n|-heal|p1b: Heatran|83\/100|[from] item: Leftovers\n|upkeep\n|turn|8\n|\n|t:|1701198972\n|move|p2a: Iron Leaves|Leaf Blade|p1a: Cresselia\n|-damage|p1a: Cresselia|39\/100\n|move|p1b: Heatran|Heat Wave|p2a: Iron Leaves|[spread] p2a,p2b\n|-supereffective|p2a: Iron Leaves\n|-resisted|p2b: Torkoal\n|-damage|p2a: Iron Leaves|0 fnt\n|-damage|p2b: Torkoal|0 fnt\n|faint|p2a: Iron Leaves\n|-end|p2a: Iron Leaves|Quark Drive|[silent]\n|faint|p2b: Torkoal\n|move|p1a: Cresselia|Trick Room|p1a: Cresselia\n|-fieldstart|move: Trick Room|[of] p1a: Cresselia\n|\n|-weather|none\n|-heal|p1b: Heatran|90\/100|[from] item: Leftovers\n|upkeep\n|c| Regirock16|dam\n|c|\u2606grenadee|gg\n|\n|t:|1701198989\n|switch|p2b: Maushold|Maushold|100\/100\n|switch|p2a: Gallade|Gallade, M, shiny|100\/100\n|turn|9\n|c| dvobisdum|yo\n|c| Regirock16|yo\n|c| RichardBabley795|-uh oh\n|inactive|jlakg has 120 seconds left.\n|\n|t:|1701199026\n|move|p2b: Maushold|Follow Me|p2b: Maushold\n|-singleturn|p2b: Maushold|move: Follow Me\n|move|p1a: Cresselia|Moonblast|p2b: Maushold\n|-damage|p2b: Maushold|69\/100\n|move|p1b: Heatran|Heavy Slam|p2b: Maushold\n|-damage|p2b: Maushold|25\/100\n|move|p2a: Gallade|Sacred Sword|p1b: Heatran\n|-supereffective|p1b: Heatran\n|-damage|p1b: Heatran|0 fnt\n|faint|p1b: Heatran\n|\n|upkeep\n|\n|t:|1701199030\n|switch|p1b: Iron Hands|Iron Hands|51\/100\n|turn|10\n|\n|t:|1701199046\n|move|p1b: Iron Hands|Fake Out|p2a: Gallade\n|-damage|p2a: Gallade|81\/100\n|move|p2b: Maushold|Follow Me|p2b: Maushold\n|-singleturn|p2b: Maushold|move: Follow Me\n|move|p1a: Cresselia|Lunar Blessing|p1a: Cresselia|[spread] p1a,p1b\n|-heal|p1a: Cresselia|64\/100\n|-heal|p1b: Iron Hands|76\/100\n|cant|p2a: Gallade|flinch\n|\n|upkeep\n|turn|11\n|c| RichardBabley795|why are you not using population bomb\n|\n|t:|1701199061\n|move|p2b: Maushold|Follow Me|p2b: Maushold\n|-singleturn|p2b: Maushold|move: Follow Me\n|move|p1b: Iron Hands|Drain Punch|p2b: Maushold\n|-supereffective|p2b: Maushold\n|-damage|p2b: Maushold|0 fnt\n|-heal|p1b: Iron Hands|85\/100|[from] drain|[of] p2b: Maushold\n|faint|p2b: Maushold\n|move|p1a: Cresselia|Moonblast|p2a: Gallade\n|-supereffective|p2a: Gallade\n|-crit|p2a: Gallade\n|-damage|p2a: Gallade|2\/100\n|move|p2a: Gallade|Sacred Sword|p1b: Iron Hands\n|-damage|p1b: Iron Hands|37\/100\n|\n|upkeep\n|c| Regirock16|mousehold is a supporter\n|\n|t:|1701199074\n|switch|p2b: Meowscarada|Meowscarada, F|100\/100\n|turn|12\n|c| latinalover12345|lets goooooooo\n|c| Regirock16|i think\n|c| latinalover12345|good guys win\n|j|&Siegfried\n|c| Wertix|pop bomb is for singles\n|c| latinalover12345|plus im not banned\n|c|\u2606grenadee|yeah it is\n|c| RichardBabley795|its so over\n|c| latinalover12345|lesssss goooooo\n|c|&Siegfried|you're right, you're not banned\n|c| dvobisdum|LEESSSS GOOOO\n|c|&Siegfried|\/log latinalover12345 was locked from talking by Siegfried. (inappropriate)\n|c|&Siegfried|you're locked\n|c| RichardBabley795|SIEG LET SGOOOOOOOOo\n|c| Regirock16|lmao\n|c| RichardBabley795|GET EM\n|inactive|grenadee has 120 seconds left.\n|\n|t:|1701199104\n|move|p1b: Iron Hands|Drain Punch|p2b: Meowscarada\n|-supereffective|p2b: Meowscarada\n|-damage|p2b: Meowscarada|0 fnt\n|-heal|p1b: Iron Hands|67\/100|[from] drain|[of] p2b: Meowscarada\n|faint|p2b: Meowscarada\n|move|p1a: Cresselia|Moonblast|p2a: Gallade\n|-supereffective|p2a: Gallade\n|-damage|p2a: Gallade|0 fnt\n|faint|p2a: Gallade\n|\n|win|jlakg\n|n|\u203djlakg|jlakg\n|n|\u2606grenadee|grenadee\n|n|*Lady Monita \u2746|ladymonita\n|n| BB-8-NU|bb8nu\n|n| Regirock16|regirock16\n|n| RichardBabley795|richardbabley795\n|n| Arcanine Numbers|arcaninenumbers\n|n| SighofEnd|sighofend\n|n| dvobisdum|dvobisdum\n|n| Wertix|wertix\n|n|&Siegfried|siegfried\n|l|*Lady Monita \u2746\n|l| BB-8-NU\n|c|\u2606grenadee|gg\n|c| Wertix|SIEG SWEEP\n|c| dvobisdum|WOOOOOOOOOO\n|l|&Siegfried\n|c| SighofEnd|gg\n|l| Wertix\n|l| dvobisdum\n|l| Regirock16\n|l| RichardBabley795\n|l| SighofEnd\n|j|+Lyci\n|l|+Lyci\n|j|&Siegfried\n","uploadtime":1701199101,"views":7,"p1id":"jlakg","p2id":"grenadee","formatid":"gen9doublesou","rating":0,"private":0,"password":""}