{"id":"gen9doublesou-1991135331","p1":"SOS AMONGOS","p2":"SteelMan2007","format":"[Gen 9] Doubles OU","log":"|j|\u2606SOS AMONGOS\n|j|\u2606SteelMan2007\n|t:|1700048293\n|gametype|doubles\n|player|p1|SOS AMONGOS|ghetsis-gen5bw|1111\n|player|p2|SteelMan2007|265|1159\n|teamsize|p1|6\n|teamsize|p2|6\n|gen|9\n|tier|[Gen 9] Doubles OU\n|rated|\n|rule|Species Clause: Limit one of each Pok\u00e9mon\n|rule|OHKO Clause: OHKO moves are banned\n|rule|Evasion Moves Clause: Evasion moves are banned\n|rule|Gravity Sleep Clause: The combination of sleep-inducing moves with imperfect accuracy and Gravity or Gigantamax Orbeetle are banned\n|rule|Endless Battle Clause: Forcing endless battles is banned\n|rule|HP Percentage Mod: HP is shown in percentages\n|clearpoke\n|poke|p1|Iron Hands|\n|poke|p1|Arcanine-Hisui, M|\n|poke|p1|Toxapex, F|\n|poke|p1|Tornadus, M|\n|poke|p1|Glimmora, M|\n|poke|p1|Maushold|\n|poke|p2|Glimmora, F|\n|poke|p2|Sinistcha-Masterpiece|\n|poke|p2|Amoonguss, F|\n|poke|p2|Gastrodon, M|\n|poke|p2|Ninetales-Alola, F|\n|poke|p2|Walking Wake|\n|teampreview\n|\n|t:|1700048304\n|start\n|switch|p1a: Iron Hands|Iron Hands, shiny|100\/100\n|switch|p1b: Tornadus|Tornadus, M, shiny|100\/100\n|switch|p2a: Aftermath|Glimmora, F|100\/100\n|switch|p2b: Sea me later|Gastrodon, M|100\/100\n|turn|1\n|\n|t:|1700048324\n|move|p1a: Iron Hands|Fake Out|p2b: Sea me later\n|-damage|p2b: Sea me later|88\/100\n|-enditem|p2b: Sea me later|Red Card|[of] p1a: Iron Hands\n|-end|p1a: Iron Hands|Quark Drive|[silent]\n|drag|p1a: Toxapex|Toxapex, F, shiny|100\/100\n|move|p1b: Tornadus|Tailwind|p1b: Tornadus\n|-sidestart|p1: SOS AMONGOS|move: Tailwind\n|move|p2a: Aftermath|Stealth Rock|p1a: Toxapex\n|-sidestart|p1: SOS AMONGOS|move: Stealth Rock\n|cant|p2b: Sea me later|flinch\n|\n|upkeep\n|turn|2\n|\n|t:|1700048343\n|move|p1b: Tornadus|Bleakwind Storm|p2a: Aftermath|[spread] p2a,p2b\n|-resisted|p2a: Aftermath\n|-damage|p2a: Aftermath|83\/100\n|-damage|p2b: Sea me later|58\/100\n|-unboost|p2a: Aftermath|spe|1\n|-unboost|p2b: Sea me later|spe|1\n|move|p1a: Toxapex|Toxic|p2b: Sea me later\n|-status|p2b: Sea me later|tox\n|move|p2a: Aftermath|Spikes|p1b: Tornadus\n|-sidestart|p1: SOS AMONGOS|Spikes\n|move|p2b: Sea me later|Spikes|p1b: Tornadus\n|-sidestart|p1: SOS AMONGOS|Spikes\n|\n|-damage|p2b: Sea me later|51\/100 tox|[from] psn\n|upkeep\n|turn|3\n|\n|t:|1700048369\n|move|p1b: Tornadus|Bleakwind Storm|p2b: Sea me later|[spread] p2a,p2b\n|-resisted|p2a: Aftermath\n|-damage|p2a: Aftermath|65\/100\n|-damage|p2b: Sea me later|23\/100 tox\n|-unboost|p2a: Aftermath|spe|1\n|move|p1a: Toxapex|Icy Wind|p2b: Sea me later|[spread] p2a,p2b\n|-damage|p2a: Aftermath|60\/100\n|-damage|p2b: Sea me later|19\/100 tox\n|-unboost|p2a: Aftermath|spe|1\n|-unboost|p2b: Sea me later|spe|1\n|move|p2a: Aftermath|Mortal Spin|p1a: Toxapex|[spread] p1a,p1b\n|-resisted|p1a: Toxapex\n|-crit|p1b: Tornadus\n|-damage|p1a: Toxapex|99\/100\n|-damage|p1b: Tornadus|93\/100\n|-status|p1b: Tornadus|psn\n|move|p2b: Sea me later|Spikes|p1a: Toxapex\n|-sidestart|p1: SOS AMONGOS|Spikes\n|\n|-damage|p1b: Tornadus|81\/100 psn|[from] psn\n|-damage|p2b: Sea me later|7\/100 tox|[from] psn\n|upkeep\n|turn|4\n|\n|t:|1700048392\n|move|p2a: Aftermath|Spiky Shield|p2a: Aftermath\n|-singleturn|p2a: Aftermath|move: Protect\n|move|p1b: Tornadus|Bleakwind Storm|p2a: Aftermath|[spread] p2b\n|-activate|p2a: Aftermath|move: Protect\n|-damage|p2b: Sea me later|0 fnt\n|faint|p2b: Sea me later\n|move|p1a: Toxapex|Icy Wind|p2a: Aftermath\n|-activate|p2a: Aftermath|move: Protect\n|\n|-damage|p1b: Tornadus|69\/100 psn|[from] psn\n|-sideend|p1: SOS AMONGOS|move: Tailwind\n|upkeep\n|\n|t:|1700048399\n|switch|p2b: Pink Ice|Ninetales-Alola, F, shiny|100\/100\n|-weather|Snow|[from] ability: Snow Warning|[of] p2b: Pink Ice\n|turn|5\n|\n|t:|1700048410\n|move|p2b: Pink Ice|Blizzard|p1a: Toxapex|[spread] p1a,p1b\n|-resisted|p1a: Toxapex\n|-supereffective|p1b: Tornadus\n|-crit|p1b: Tornadus\n|-damage|p1a: Toxapex|81\/100\n|-damage|p1b: Tornadus|0 fnt\n|faint|p1b: Tornadus\n|-damage|p2b: Pink Ice|91\/100|[from] item: Life Orb\n|move|p1a: Toxapex|Toxic|p2b: Pink Ice\n|-status|p2b: Pink Ice|tox\n|move|p2a: Aftermath|Mortal Spin|p1a: Toxapex\n|-resisted|p1a: Toxapex\n|-damage|p1a: Toxapex|79\/100\n|\n|-weather|Snow|[upkeep]\n|-damage|p2b: Pink Ice|85\/100 tox|[from] psn\n|upkeep\n|\n|t:|1700048436\n|switch|p1b: Glimmora|Glimmora, M, shiny|100\/100\n|-damage|p1b: Glimmora|88\/100|[from] Stealth Rock\n|-damage|p1b: Glimmora|63\/100|[from] Spikes\n|turn|6\n|\n|t:|1700048456\n|move|p2a: Aftermath|Spiky Shield|p2a: Aftermath\n|-singleturn|p2a: Aftermath|move: Protect\n|move|p2b: Pink Ice|Blizzard|p1a: Toxapex|[spread] p1a,p1b\n|-resisted|p1a: Toxapex\n|-crit|p1a: Toxapex\n|-damage|p1a: Toxapex|53\/100\n|-damage|p1b: Glimmora|20\/100\n|-damage|p2b: Pink Ice|75\/100 tox|[from] item: Life Orb\n|move|p1b: Glimmora|Rock Slide|p2a: Aftermath|[spread] p2b\n|-activate|p2a: Aftermath|move: Protect\n|-supereffective|p2b: Pink Ice\n|-damage|p2b: Pink Ice|37\/100 tox\n|move|p1a: Toxapex|Icy Wind|p2b: Pink Ice|[spread] p2b\n|-activate|p2a: Aftermath|move: Protect\n|-resisted|p2b: Pink Ice\n|-damage|p2b: Pink Ice|34\/100 tox\n|-unboost|p2b: Pink Ice|spe|1\n|\n|-weather|Snow|[upkeep]\n|-damage|p2b: Pink Ice|21\/100 tox|[from] psn\n|upkeep\n|turn|7\n|\n|t:|1700048484\n|move|p1b: Glimmora|Spiky Shield|p1b: Glimmora\n|-singleturn|p1b: Glimmora|move: Protect\n|move|p2b: Pink Ice|Blizzard|p1b: Glimmora|[spread] p1a\n|-activate|p1b: Glimmora|move: Protect\n|-resisted|p1a: Toxapex\n|-damage|p1a: Toxapex|36\/100\n|-enditem|p1a: Toxapex|Sitrus Berry|[eat]\n|-heal|p1a: Toxapex|61\/100|[from] item: Sitrus Berry\n|-damage|p2b: Pink Ice|12\/100 tox|[from] item: Life Orb\n|move|p1a: Toxapex|Icy Wind|p2a: Aftermath|[spread] p2a,p2b\n|-resisted|p2b: Pink Ice\n|-damage|p2a: Aftermath|54\/100\n|-damage|p2b: Pink Ice|9\/100 tox\n|-unboost|p2a: Aftermath|spe|1\n|-unboost|p2b: Pink Ice|spe|1\n|move|p2a: Aftermath|Mortal Spin|p1a: Toxapex|[spread] p1a\n|-activate|p1b: Glimmora|move: Protect\n|-damage|p2a: Aftermath|42\/100|[from] Spiky Shield|[of] p1b: Glimmora\n|-resisted|p1a: Toxapex\n|-damage|p1a: Toxapex|60\/100\n|\n|-weather|Snow|[upkeep]\n|-damage|p2b: Pink Ice|0 fnt|[from] psn\n|faint|p2b: Pink Ice\n|upkeep\n|\n|t:|1700048501\n|switch|p2b: Run Boi|Walking Wake|100\/100\n|-enditem|p2b: Run Boi|Booster Energy\n|-activate|p2b: Run Boi|ability: Protosynthesis|[fromitem]\n|-start|p2b: Run Boi|protosynthesisspe\n|turn|8\n|\n|t:|1700048514\n|move|p2a: Aftermath|Spiky Shield|p2a: Aftermath\n|-singleturn|p2a: Aftermath|move: Protect\n|move|p1b: Glimmora|Mortal Spin|p2a: Aftermath|[spread] p2b\n|-activate|p2a: Aftermath|move: Protect\n|-damage|p1b: Glimmora|7\/100|[from] Spiky Shield|[of] p2a: Aftermath\n|-damage|p2b: Run Boi|95\/100\n|-status|p2b: Run Boi|psn\n|-sideend|p1: SOS AMONGOS|Spikes|[from] move: Mortal Spin|[of] p1b: Glimmora\n|-sideend|p1: SOS AMONGOS|Stealth Rock|[from] move: Mortal Spin|[of] p1b: Glimmora\n|move|p1a: Toxapex|Icy Wind|p2b: Run Boi|[spread] p2b\n|-activate|p2a: Aftermath|move: Protect\n|-damage|p2b: Run Boi|88\/100 psn\n|-unboost|p2b: Run Boi|spe|1\n|move|p2b: Run Boi|Dragon Tail|p1a: Toxapex\n|-damage|p1a: Toxapex|47\/100\n|drag|p1a: Arcanine|Arcanine-Hisui, M, shiny|100\/100\n|\n|-weather|Snow|[upkeep]\n|-damage|p2b: Run Boi|76\/100 psn|[from] psn\n|upkeep\n|turn|9\n|\n|t:|1700048547\n|move|p2b: Run Boi|Hydro Steam|p1a: Arcanine\n|-supereffective|p1a: Arcanine\n|-damage|p1a: Arcanine|0 fnt\n|faint|p1a: Arcanine\n|move|p1b: Glimmora|Rock Slide|p2a: Aftermath|[spread] p2b\n|-miss|p1b: Glimmora|p2a: Aftermath\n|-damage|p2b: Run Boi|62\/100 psn\n|move|p2a: Aftermath|Spikes|p1b: Glimmora\n|-sidestart|p1: SOS AMONGOS|Spikes\n|\n|-weather|none\n|-damage|p2b: Run Boi|49\/100 psn|[from] psn\n|upkeep\n|\n|t:|1700048561\n|switch|p1a: Toxapex|Toxapex, F, shiny|81\/100\n|-damage|p1a: Toxapex|68\/100|[from] Spikes\n|turn|10\n|\n|t:|1700048576\n|move|p1b: Glimmora|Spiky Shield|p1b: Glimmora\n|-singleturn|p1b: Glimmora|move: Protect\n|move|p2b: Run Boi|Hydro Steam|p1b: Glimmora\n|-activate|p1b: Glimmora|move: Protect\n|move|p1a: Toxapex|Icy Wind|p2b: Run Boi|[spread] p2a,p2b\n|-damage|p2a: Aftermath|37\/100\n|-damage|p2b: Run Boi|44\/100 psn\n|-unboost|p2a: Aftermath|spe|1\n|-unboost|p2b: Run Boi|spe|1\n|move|p2a: Aftermath|Spikes|p1b: Glimmora\n|-sidestart|p1: SOS AMONGOS|Spikes\n|\n|-damage|p2b: Run Boi|31\/100 psn|[from] psn\n|upkeep\n|turn|11\n|\n|t:|1700048601\n|move|p2b: Run Boi|Hydro Steam|p1b: Glimmora\n|-supereffective|p1b: Glimmora\n|-damage|p1b: Glimmora|0 fnt\n|faint|p1b: Glimmora\n|move|p1a: Toxapex|Haze|p1a: Toxapex\n|-clearallboost\n|move|p2a: Aftermath|Spikes|p1a: Toxapex\n|-sidestart|p1: SOS AMONGOS|Spikes\n|\n|-damage|p2b: Run Boi|19\/100 psn|[from] psn\n|upkeep\n|\n|t:|1700048612\n|switch|p1b: Iron Hands|Iron Hands, shiny|100\/100\n|-damage|p1b: Iron Hands|76\/100|[from] Spikes\n|turn|12\n|\n|t:|1700048627\n|move|p1b: Iron Hands|Fake Out|p2a: Aftermath\n|-resisted|p2a: Aftermath\n|-damage|p2a: Aftermath|31\/100\n|-activate|p2a: Aftermath|ability: Toxic Debris\n|-sidestart|p1: SOS AMONGOS|move: Toxic Spikes\n|cant|p2a: Aftermath|flinch\n|move|p1a: Toxapex|Icy Wind|p2a: Aftermath|[spread] p2a,p2b\n|-damage|p2a: Aftermath|26\/100\n|-damage|p2b: Run Boi|14\/100 psn\n|-unboost|p2a: Aftermath|spe|1\n|-unboost|p2b: Run Boi|spe|1\n|move|p2b: Run Boi|Dragon Tail|p1b: Iron Hands\n|-damage|p1b: Iron Hands|65\/100\n|-end|p1b: Iron Hands|Quark Drive|[silent]\n|drag|p1b: Maushold|Maushold, shiny|100\/100\n|-damage|p1b: Maushold|76\/100|[from] Spikes\n|-status|p1b: Maushold|psn\n|\n|-damage|p1b: Maushold|63\/100 psn|[from] psn\n|-damage|p2b: Run Boi|1\/100 psn|[from] psn\n|upkeep\n|turn|13\n|\n|t:|1700048658\n|move|p1b: Maushold|Population Bomb|p2a: Aftermath\n|-resisted|p2a: Aftermath\n|-damage|p2a: Aftermath|24\/100\n|-activate|p2a: Aftermath|ability: Toxic Debris\n|-sidestart|p1: SOS AMONGOS|move: Toxic Spikes\n|-resisted|p2a: Aftermath\n|-damage|p2a: Aftermath|22\/100\n|-resisted|p2a: Aftermath\n|-damage|p2a: Aftermath|20\/100\n|-hitcount|p2a: Aftermath|3\n|cant|p2a: Aftermath|flinch\n|move|p1a: Toxapex|Icy Wind|p2b: Run Boi|[spread] p2b\n|-miss|p1a: Toxapex|p2a: Aftermath\n|-damage|p2b: Run Boi|0 fnt\n|faint|p2b: Run Boi\n|-end|p2b: Run Boi|Protosynthesis|[silent]\n|\n|-damage|p1b: Maushold|51\/100 psn|[from] psn\n|upkeep\n|\n|t:|1700048677\n|switch|p2b: Tea anyone|Sinistcha-Masterpiece|100\/100\n|-heal|p2a: Aftermath|45\/100|[from] ability: Hospitality|[of] p2b: Tea anyone\n|turn|14\n|\n|t:|1700048696\n|move|p2a: Aftermath|Spiky Shield|p2a: Aftermath\n|-singleturn|p2a: Aftermath|move: Protect\n|move|p1b: Maushold|Beat Up|p2b: Tea anyone\n|-supereffective|p2b: Tea anyone\n|-damage|p2b: Tea anyone|96\/100\n|-supereffective|p2b: Tea anyone\n|-damage|p2b: Tea anyone|92\/100\n|-supereffective|p2b: Tea anyone\n|-damage|p2b: Tea anyone|86\/100\n|-hitcount|p2b: Tea anyone|3\n|cant|p2b: Tea anyone|flinch\n|move|p1a: Toxapex|Icy Wind|p2a: Aftermath|[spread] p2b\n|-activate|p2a: Aftermath|move: Protect\n|-supereffective|p2b: Tea anyone\n|-damage|p2b: Tea anyone|73\/100\n|-unboost|p2b: Tea anyone|spe|1\n|\n|-heal|p2b: Tea anyone|79\/100|[from] item: Leftovers\n|-damage|p1b: Maushold|38\/100 psn|[from] psn\n|upkeep\n|turn|15\n|\n|t:|1700048723\n|move|p1b: Maushold|Beat Up|p2b: Tea anyone\n|-supereffective|p2b: Tea anyone\n|-crit|p2b: Tea anyone\n|-damage|p2b: Tea anyone|73\/100\n|-supereffective|p2b: Tea anyone\n|-damage|p2b: Tea anyone|70\/100\n|-supereffective|p2b: Tea anyone\n|-damage|p2b: Tea anyone|64\/100\n|-hitcount|p2b: Tea anyone|3\n|move|p2a: Aftermath|Mortal Spin|p1b: Maushold|[spread] p1a,p1b\n|-resisted|p1a: Toxapex\n|-damage|p1a: Toxapex|67\/100\n|-damage|p1b: Maushold|32\/100 psn\n|cant|p2b: Tea anyone|flinch\n|move|p1a: Toxapex|Toxic|p2b: Tea anyone\n|-status|p2b: Tea anyone|tox\n|\n|-heal|p2b: Tea anyone|70\/100 tox|[from] item: Leftovers\n|-damage|p1b: Maushold|20\/100 psn|[from] psn\n|-damage|p2b: Tea anyone|64\/100 tox|[from] psn\n|upkeep\n|turn|16\n|\n|t:|1700048748\n|move|p2a: Aftermath|Spiky Shield|p2a: Aftermath\n|-singleturn|p2a: Aftermath|move: Protect\n|move|p1b: Maushold|Follow Me|p1b: Maushold\n|-singleturn|p1b: Maushold|move: Follow Me\n|move|p2b: Tea anyone|Matcha Gotcha|p1b: Maushold|[spread] p1a,p1b\n|-damage|p1a: Toxapex|47\/100\n|-heal|p2b: Tea anyone|72\/100 tox|[from] drain|[of] p1a: Toxapex\n|-damage|p1b: Maushold|0 fnt\n|-heal|p2b: Tea anyone|80\/100 tox|[from] drain|[of] p1b: Maushold\n|-status|p1a: Toxapex|brn\n|faint|p1b: Maushold\n|move|p1a: Toxapex|Icy Wind|p2b: Tea anyone|[spread] \n|-activate|p2a: Aftermath|move: Protect\n|-miss|p1a: Toxapex|p2b: Tea anyone\n|\n|-heal|p2b: Tea anyone|86\/100 tox|[from] item: Leftovers\n|-damage|p2b: Tea anyone|74\/100 tox|[from] psn\n|-damage|p1a: Toxapex|41\/100 brn|[from] brn\n|upkeep\n|\n|t:|1700048768\n|switch|p1b: Iron Hands|Iron Hands, shiny|65\/100\n|-damage|p1b: Iron Hands|40\/100|[from] Spikes\n|-status|p1b: Iron Hands|tox\n|turn|17\n|\n|t:|1700048778\n|move|p1b: Iron Hands|Drain Punch|p2a: Aftermath\n|-damage|p2a: Aftermath|9\/100\n|-heal|p1b: Iron Hands|52\/100 tox|[from] drain|[of] p2a: Aftermath\n|move|p2a: Aftermath|Mortal Spin|p1b: Iron Hands|[spread] p1a,p1b\n|-resisted|p1a: Toxapex\n|-damage|p1a: Toxapex|40\/100 brn\n|-damage|p1b: Iron Hands|49\/100 tox\n|move|p2b: Tea anyone|Matcha Gotcha|p1b: Iron Hands|[spread] p1a,p1b\n|-damage|p1a: Toxapex|13\/100 brn\n|-heal|p2b: Tea anyone|84\/100 tox|[from] drain|[of] p1a: Toxapex\n|-damage|p1b: Iron Hands|17\/100 tox\n|-heal|p2b: Tea anyone|100\/100 tox|[from] drain|[of] p1b: Iron Hands\n|move|p1a: Toxapex|Icy Wind|p2b: Tea anyone|[spread] p2a,p2b\n|-supereffective|p2b: Tea anyone\n|-damage|p2a: Aftermath|3\/100\n|-damage|p2b: Tea anyone|87\/100 tox\n|-unboost|p2a: Aftermath|spe|1\n|-unboost|p2b: Tea anyone|spe|1\n|\n|-heal|p1b: Iron Hands|23\/100 tox|[from] item: Leftovers\n|-heal|p2b: Tea anyone|93\/100 tox|[from] item: Leftovers\n|-damage|p1b: Iron Hands|17\/100 tox|[from] psn\n|-damage|p2b: Tea anyone|75\/100 tox|[from] psn\n|-damage|p1a: Toxapex|8\/100 brn|[from] brn\n|upkeep\n|turn|18\n|\n|t:|1700048818\n|move|p1a: Toxapex|Baneful Bunker|p1a: Toxapex\n|-singleturn|p1a: Toxapex|move: Protect\n|move|p2a: Aftermath|Spiky Shield|p2a: Aftermath\n|-singleturn|p2a: Aftermath|move: Protect\n|move|p1b: Iron Hands|Drain Punch|p2a: Aftermath\n|-activate|p2a: Aftermath|move: Protect\n|-damage|p1b: Iron Hands|5\/100 tox|[from] Spiky Shield|[of] p2a: Aftermath\n|move|p2b: Tea anyone|Matcha Gotcha|p1a: Toxapex|[spread] p1b\n|-activate|p1a: Toxapex|move: Protect\n|-damage|p1b: Iron Hands|0 fnt\n|-heal|p2b: Tea anyone|78\/100 tox|[from] drain|[of] p1b: Iron Hands\n|faint|p1b: Iron Hands\n|-end|p1b: Iron Hands|Quark Drive|[silent]\n|\n|-heal|p2b: Tea anyone|84\/100 tox|[from] item: Leftovers\n|-damage|p2b: Tea anyone|60\/100 tox|[from] psn\n|-damage|p1a: Toxapex|2\/100 brn|[from] brn\n|upkeep\n|turn|19\n|-message|SOS AMONGOS forfeited.\n|\n|win|SteelMan2007\n|raw|SOS AMONGOS's rating: 1111 &rarr; <strong>1089<\/strong><br \/>(-22 for losing)\n|raw|SteelMan2007's rating: 1159 &rarr; <strong>1181<\/strong><br \/>(+22 for winning)\n|l|\u2606SOS AMONGOS\n|c|\u2606SteelMan2007|gg\n","uploadtime":1700048844,"views":12,"p1id":"sosamongos","p2id":"steelman2007","formatid":"gen9doublesou","rating":1089,"private":0,"password":""}