{"id":"gen9doublesou-1996772429","p1":"HEAVY-DUTY B0OTY","p2":"Zoaderman","format":"[Gen 9] Doubles OU","log":"|j|\u2606HEAVY-DUTY B0OTY\n|j|\u2606Zoaderman\n|inactive|Battle timer is ON: inactive players will automatically lose when time's up.\n|t:|1700722737\n|gametype|doubles\n|player|p1|HEAVY-DUTY B0OTY|swimmerf-gen6|\n|player|p2|Zoaderman|169|\n|teamsize|p1|2\n|teamsize|p2|2\n|gen|9\n|tier|[Gen 9] Doubles OU\n|rated|Tournament battle\n|rule|Species Clause: Limit one of each Pok\u00e9mon\n|rule|OHKO Clause: OHKO moves are banned\n|rule|Evasion Moves Clause: Evasion moves are banned\n|rule|Gravity Sleep Clause: The combination of sleep-inducing moves with imperfect accuracy and Gravity or Gigantamax Orbeetle are banned\n|rule|Endless Battle Clause: Forcing endless battles is banned\n|rule|HP Percentage Mod: HP is shown in percentages\n|clearpoke\n|poke|p1|Toedscruel, F|\n|poke|p1|Mandibuzz, F|\n|poke|p2|Grimmsnarl, M|\n|poke|p2|Lurantis, F|\n|teampreview\n|j|*Lady Monita \u2746\n|\n|t:|1700722740\n|start\n|switch|p1a: Toedscruel|Toedscruel, F|100\/100\n|switch|p1b: Mandibuzz|Mandibuzz, F|100\/100\n|switch|p2a: Lurantis|Lurantis, F|100\/100\n|switch|p2b: Grimmsnarl|Grimmsnarl, M|100\/100\n|turn|1\n|c|\u2606HEAVY-DUTY B0OTY|hf\n|j| sevenwik\n|\n|t:|1700722767\n|-terastallize|p1b: Mandibuzz|Poison\n|move|p2b: Grimmsnarl|Fake Out|p1b: Mandibuzz\n|-damage|p1b: Mandibuzz|92\/100\n|cant|p1b: Mandibuzz|flinch\n|move|p2a: Lurantis|Superpower|p1a: Toedscruel\n|-damage|p1a: Toedscruel|66\/100\n|-boost|p2a: Lurantis|atk|1\n|-boost|p2a: Lurantis|def|1\n|move|p1a: Toedscruel|Spore|p2b: Grimmsnarl\n|-status|p2b: Grimmsnarl|slp|[from] move: Spore\n|\n|upkeep\n|turn|2\n|\n|t:|1700722792\n|cant|p2b: Grimmsnarl|slp\n|move|p1a: Toedscruel|Foul Play|p2a: Lurantis\n|-damage|p2a: Lurantis|67\/100\n|move|p1b: Mandibuzz|Toxic|p2a: Lurantis\n|-status|p2a: Lurantis|tox\n|move|p2a: Lurantis|Superpower|p1a: Toedscruel\n|-damage|p1a: Toedscruel|16\/100\n|-boost|p2a: Lurantis|atk|1\n|-boost|p2a: Lurantis|def|1\n|-enditem|p1a: Toedscruel|Sitrus Berry|[eat]\n|-heal|p1a: Toedscruel|41\/100|[from] item: Sitrus Berry\n|\n|-damage|p2a: Lurantis|61\/100 tox|[from] psn\n|upkeep\n|turn|3\n|\n|t:|1700722804\n|cant|p2b: Grimmsnarl|slp\n|move|p1a: Toedscruel|Foul Play|p2a: Lurantis\n|-damage|p2a: Lurantis|26\/100 tox\n|move|p1b: Mandibuzz|Iron Defense|p1b: Mandibuzz\n|-boost|p1b: Mandibuzz|def|2\n|move|p2a: Lurantis|Leech Life|p1a: Toedscruel\n|-supereffective|p1a: Toedscruel\n|-damage|p1a: Toedscruel|0 fnt\n|-heal|p2a: Lurantis|48\/100 tox|[from] drain|[of] p1a: Toedscruel\n|faint|p1a: Toedscruel\n|\n|-damage|p2a: Lurantis|35\/100 tox|[from] psn\n|upkeep\n|turn|4\n|\n|t:|1700722816\n|-terastallize|p2a: Lurantis|Rock\n|-curestatus|p2b: Grimmsnarl|slp|[msg]\n|move|p2b: Grimmsnarl|Thunder Wave|p1b: Mandibuzz\n|-status|p1b: Mandibuzz|par\n|move|p2a: Lurantis|Tera Blast|p1b: Mandibuzz|[anim] Tera Blast Rock\n|-damage|p1b: Mandibuzz|62\/100 par\n|cant|p1b: Mandibuzz|par\n|\n|-damage|p2a: Lurantis|17\/100 tox|[from] psn\n|upkeep\n|turn|5\n|\n|t:|1700722826\n|move|p2b: Grimmsnarl|Fake Tears|p1b: Mandibuzz\n|-unboost|p1b: Mandibuzz|spd|2\n|move|p2a: Lurantis|Tera Blast|p1b: Mandibuzz|[anim] Tera Blast Rock\n|-damage|p1b: Mandibuzz|32\/100 par\n|-enditem|p1b: Mandibuzz|Sitrus Berry|[eat]\n|-heal|p1b: Mandibuzz|57\/100 par|[from] item: Sitrus Berry\n|cant|p1b: Mandibuzz|par\n|\n|-damage|p2a: Lurantis|0 fnt|[from] psn\n|faint|p2a: Lurantis\n|upkeep\n|turn|6\n|c|\u2606Zoaderman|gg\n|c|\u2606HEAVY-DUTY B0OTY|gg\n|\n|t:|1700722837\n|move|p2b: Grimmsnarl|Scary Face|p1b: Mandibuzz\n|-unboost|p1b: Mandibuzz|spe|2\n|cant|p1b: Mandibuzz|par\n|\n|upkeep\n|turn|7\n|\n|t:|1700722843\n|move|p2b: Grimmsnarl|Fake Out||[still]\n|-hint|Fake Out only works on your first turn out.\n|-fail|p2b: Grimmsnarl\n|cant|p1b: Mandibuzz|par\n|\n|upkeep\n|turn|8\n|\n|t:|1700722847\n|move|p2b: Grimmsnarl|Scary Face|p1b: Mandibuzz\n|-unboost|p1b: Mandibuzz|spe|2\n|cant|p1b: Mandibuzz|par\n|\n|upkeep\n|turn|9\n|c|\u2606HEAVY-DUTY B0OTY|bruh\n|-message|Zoaderman forfeited.\n|\n|win|HEAVY-DUTY B0OTY\n|n|\u2606HEAVY-DUTY B0OTY|heavydutyb0oty\n|n|\u2606Zoaderman|zoaderman\n|n|*Lady Monita \u2746|ladymonita\n|n| sevenwik|sevenwik\n","uploadtime":1700722854,"views":1,"p1id":"heavydutyb0oty","p2id":"zoaderman","formatid":"gen9doublesou","rating":0,"private":0,"password":""}