{"id":"gen9doublesou-1987731324","p1":"mikeyuwu","p2":"CodyReborn","format":"[Gen 9] Doubles OU","log":"|j|\u2606mikeyuwu\n|j|\u2606CodyReborn\n|t:|1699631784\n|gametype|doubles\n|player|p1|mikeyuwu|psychic-gen4|1251\n|player|p2|CodyReborn|pokemaniac|1251\n|teamsize|p1|6\n|teamsize|p2|6\n|gen|9\n|tier|[Gen 9] Doubles OU\n|rated|\n|rule|Species Clause: Limit one of each Pok\u00e9mon\n|rule|OHKO Clause: OHKO moves are banned\n|rule|Evasion Moves Clause: Evasion moves are banned\n|rule|Gravity Sleep Clause: The combination of sleep-inducing moves with imperfect accuracy and Gravity or Gigantamax Orbeetle are banned\n|rule|Endless Battle Clause: Forcing endless battles is banned\n|rule|HP Percentage Mod: HP is shown in percentages\n|clearpoke\n|poke|p1|Garchomp, M|\n|poke|p1|Tyranitar, F|\n|poke|p1|Vaporeon, F|\n|poke|p1|Toxicroak, M|\n|poke|p1|Pelipper, F|\n|poke|p1|Abomasnow, M|\n|poke|p2|Milotic, F|\n|poke|p2|Kingambit, M|\n|poke|p2|Heatran, M|\n|poke|p2|Dragapult, M|\n|poke|p2|Zapdos|\n|poke|p2|Scizor, M|\n|teampreview\n|\n|t:|1699631794\n|start\n|switch|p1a: OTLHPM|Toxicroak, M|100\/100\n|switch|p1b: Harmacy|Vaporeon, F|100\/100\n|switch|p2a: Heatran|Heatran, M, shiny|100\/100\n|switch|p2b: Zapdos|Zapdos, shiny|100\/100\n|turn|1\n|\n|t:|1699631808\n|switch|p1b: Extra Spicy|Garchomp, M|100\/100\n|-terastallize|p2a: Heatran|Grass\n|move|p2b: Zapdos|Tailwind|p2b: Zapdos\n|-sidestart|p2: CodyReborn|move: Tailwind\n|move|p2a: Heatran|Magma Storm|p1a: OTLHPM\n|-damage|p1a: OTLHPM|40\/100\n|-activate|p1a: OTLHPM|move: Magma Storm|[of] p2a: Heatran\n|move|p1a: OTLHPM|Poison Jab|p2b: Zapdos\n|-damage|p2b: Zapdos|50\/100\n|-status|p2b: Zapdos|psn\n|-status|p1a: OTLHPM|par|[from] ability: Static|[of] p2b: Zapdos\n|\n|-heal|p1a: OTLHPM|46\/100 par|[from] item: Black Sludge\n|-damage|p2b: Zapdos|38\/100 psn|[from] psn\n|-damage|p1a: OTLHPM|33\/100 par|[from] move: Magma Storm|[partiallytrapped]\n|upkeep\n|turn|2\n|\n|t:|1699631830\n|move|p2b: Zapdos|Thunderbolt|p1a: OTLHPM\n|-damage|p1a: OTLHPM|0 fnt\n|faint|p1a: OTLHPM\n|move|p2a: Heatran|Will-O-Wisp|p1b: Extra Spicy\n|-status|p1b: Extra Spicy|brn\n|move|p1b: Extra Spicy|Poison Jab|p2a: Heatran\n|-supereffective|p2a: Heatran\n|-damage|p2a: Heatran|81\/100\n|\n|-heal|p2a: Heatran|87\/100|[from] item: Leftovers\n|-damage|p2b: Zapdos|25\/100 psn|[from] psn\n|-damage|p1b: Extra Spicy|94\/100 brn|[from] brn\n|upkeep\n|\n|t:|1699631839\n|switch|p1a: ThcrThnSnkr|Tyranitar, F|100\/100\n|-weather|Sandstorm|[from] ability: Sand Stream|[of] p1a: ThcrThnSnkr\n|turn|3\n|\n|t:|1699631851\n|move|p2b: Zapdos|Thunderbolt|p1a: ThcrThnSnkr\n|-damage|p1a: ThcrThnSnkr|87\/100\n|move|p2a: Heatran|Will-O-Wisp|p1a: ThcrThnSnkr\n|-status|p1a: ThcrThnSnkr|brn\n|move|p1b: Extra Spicy|Poison Jab|p2a: Heatran\n|-supereffective|p2a: Heatran\n|-damage|p2a: Heatran|68\/100\n|-status|p2a: Heatran|psn\n|move|p1a: ThcrThnSnkr|Rock Slide|p2a: Heatran|[spread] \n|-miss|p1a: ThcrThnSnkr|p2a: Heatran\n|-miss|p1a: ThcrThnSnkr|p2b: Zapdos\n|\n|-weather|Sandstorm|[upkeep]\n|-damage|p2b: Zapdos|19\/100 psn|[from] Sandstorm\n|-damage|p2a: Heatran|62\/100 psn|[from] Sandstorm\n|-heal|p2a: Heatran|68\/100 psn|[from] item: Leftovers\n|-damage|p2b: Zapdos|6\/100 psn|[from] psn\n|-damage|p2a: Heatran|56\/100 psn|[from] psn\n|-damage|p1b: Extra Spicy|88\/100 brn|[from] brn\n|-damage|p1a: ThcrThnSnkr|81\/100 brn|[from] brn\n|upkeep\n|turn|4\n|\n|t:|1699631878\n|move|p2b: Zapdos|Thunderbolt|p1a: ThcrThnSnkr\n|-damage|p1a: ThcrThnSnkr|67\/100 brn\n|move|p2a: Heatran|Magma Storm|p1a: ThcrThnSnkr\n|-resisted|p1a: ThcrThnSnkr\n|-damage|p1a: ThcrThnSnkr|60\/100 brn\n|-activate|p1a: ThcrThnSnkr|move: Magma Storm|[of] p2a: Heatran\n|move|p1b: Extra Spicy|Poison Jab|p2a: Heatran\n|-supereffective|p2a: Heatran\n|-damage|p2a: Heatran|37\/100 psn\n|move|p1a: ThcrThnSnkr|Rock Slide|p2b: Zapdos|[spread] p2a,p2b\n|-supereffective|p2b: Zapdos\n|-damage|p2a: Heatran|26\/100 psn\n|-damage|p2b: Zapdos|0 fnt\n|faint|p2b: Zapdos\n|\n|-weather|Sandstorm|[upkeep]\n|-damage|p2a: Heatran|20\/100 psn|[from] Sandstorm\n|-heal|p2a: Heatran|26\/100 psn|[from] item: Leftovers\n|-damage|p2a: Heatran|13\/100 psn|[from] psn\n|-damage|p1b: Extra Spicy|82\/100 brn|[from] brn\n|-damage|p1a: ThcrThnSnkr|54\/100 brn|[from] brn\n|-damage|p1a: ThcrThnSnkr|42\/100 brn|[from] move: Magma Storm|[partiallytrapped]\n|-sideend|p2: CodyReborn|move: Tailwind\n|upkeep\n|\n|t:|1699631901\n|switch|p2b: Dragapult|Dragapult, M, shiny|100\/100\n|turn|5\n|\n|t:|1699631921\n|move|p2b: Dragapult|Dragon Darts|p1b: Extra Spicy\n|-supereffective|p1b: Extra Spicy\n|-damage|p1b: Extra Spicy|31\/100 brn\n|-anim|p2b: Dragapult|Dragon Darts|p1a: ThcrThnSnkr\n|-damage|p1a: ThcrThnSnkr|2\/100 brn\n|move|p1b: Extra Spicy|Poison Jab|p2a: Heatran\n|-supereffective|p2a: Heatran\n|-damage|p2a: Heatran|0 fnt\n|faint|p2a: Heatran\n|move|p1a: ThcrThnSnkr|Knock Off|p2b: Dragapult\n|-supereffective|p2b: Dragapult\n|-damage|p2b: Dragapult|42\/100\n|-enditem|p2b: Dragapult|Choice Band|[from] move: Knock Off|[of] p1a: ThcrThnSnkr\n|\n|-weather|Sandstorm|[upkeep]\n|-damage|p2b: Dragapult|36\/100|[from] Sandstorm\n|-damage|p1b: Extra Spicy|25\/100 brn|[from] brn\n|-damage|p1a: ThcrThnSnkr|0 fnt|[from] brn\n|faint|p1a: ThcrThnSnkr\n|upkeep\n|\n|t:|1699631937\n|switch|p2a: Kingambit|Kingambit, M, shiny|100\/100\n|switch|p1a: Cold Shoulder|Abomasnow, M, shiny|100\/100\n|-weather|Snow|[from] ability: Snow Warning|[of] p1a: Cold Shoulder\n|turn|6\n|\n|t:|1699631946\n|-terastallize|p1a: Cold Shoulder|Water\n|move|p2b: Dragapult|Dragon Darts|p1b: Extra Spicy\n|-supereffective|p1b: Extra Spicy\n|-damage|p1b: Extra Spicy|0 fnt\n|-anim|p2b: Dragapult|Dragon Darts|p1a: Cold Shoulder\n|-damage|p1a: Cold Shoulder|79\/100\n|faint|p1b: Extra Spicy\n|move|p1a: Cold Shoulder|Blizzard|p2a: Kingambit|[spread] p2a,p2b\n|-resisted|p2a: Kingambit\n|-supereffective|p2b: Dragapult\n|-damage|p2a: Kingambit|86\/100\n|-damage|p2b: Dragapult|0 fnt\n|faint|p2b: Dragapult\n|move|p2a: Kingambit|Swords Dance|p2a: Kingambit\n|-boost|p2a: Kingambit|atk|2\n|\n|-weather|Snow|[upkeep]\n|upkeep\n|\n|t:|1699631969\n|switch|p2b: Milotic|Milotic, F, shiny|100\/100\n|switch|p1b: Weather War|Pelipper, F|100\/100\n|-weather|RainDance|[from] ability: Drizzle|[of] p1b: Weather War\n|turn|7\n|\n|t:|1699631981\n|move|p2b: Milotic|Ice Beam|p1b: Weather War\n|-damage|p1b: Weather War|73\/100\n|move|p1b: Weather War|Soak|p2a: Kingambit\n|-start|p2a: Kingambit|typechange|Water\n|move|p1a: Cold Shoulder|Giga Drain|p2a: Kingambit\n|-supereffective|p2a: Kingambit\n|-damage|p2a: Kingambit|31\/100\n|-heal|p1a: Cold Shoulder|100\/100|[from] drain|[of] p2a: Kingambit\n|move|p2a: Kingambit|Kowtow Cleave|p1a: Cold Shoulder\n|-damage|p1a: Cold Shoulder|33\/100\n|\n|-weather|RainDance|[upkeep]\n|-status|p2b: Milotic|brn|[from] item: Flame Orb\n|upkeep\n|turn|8\n|\n|t:|1699632001\n|move|p2a: Kingambit|Sucker Punch|p1a: Cold Shoulder\n|-damage|p1a: Cold Shoulder|0 fnt\n|faint|p1a: Cold Shoulder\n|move|p2b: Milotic|Scald|p1b: Weather War\n|-resisted|p1b: Weather War\n|-damage|p1b: Weather War|41\/100\n|move|p1b: Weather War|Hurricane|p2b: Milotic\n|-damage|p2b: Milotic|80\/100 brn\n|\n|-weather|RainDance|[upkeep]\n|-damage|p2b: Milotic|74\/100 brn|[from] brn\n|upkeep\n|\n|t:|1699632018\n|switch|p1a: Harmacy|Vaporeon, F|100\/100\n|turn|9\n|\n|t:|1699632053\n|move|p2b: Milotic|Scald|p1b: Weather War\n|-resisted|p1b: Weather War\n|-damage|p1b: Weather War|11\/100\n|move|p1b: Weather War|Hurricane|p2a: Kingambit\n|-crit|p2a: Kingambit\n|-damage|p2a: Kingambit|0 fnt\n|faint|p2a: Kingambit\n|move|p1a: Harmacy|Copycat|p1a: Harmacy\n|move|p1a: Harmacy|Hurricane|p2b: Milotic|[from]move: Copycat\n|-damage|p2b: Milotic|57\/100 brn\n|\n|-weather|RainDance|[upkeep]\n|-damage|p2b: Milotic|51\/100 brn|[from] brn\n|upkeep\n|\n|t:|1699632065\n|switch|p2a: Scizor|Scizor, M, shiny|100\/100\n|turn|10\n|\n|t:|1699632077\n|move|p2a: Scizor|Bullet Punch|p1b: Weather War\n|-resisted|p1b: Weather War\n|-damage|p1b: Weather War|0 fnt\n|faint|p1b: Weather War\n|-damage|p2a: Scizor|91\/100|[from] item: Life Orb\n|move|p2b: Milotic|Scald|p1a: Harmacy\n|-resisted|p1a: Harmacy\n|-damage|p1a: Harmacy|85\/100\n|move|p1a: Harmacy|Weather Ball|p2a: Scizor\n|-damage|p2a: Scizor|27\/100\n|\n|-weather|RainDance|[upkeep]\n|-heal|p1a: Harmacy|91\/100|[from] item: Leftovers\n|-damage|p2b: Milotic|45\/100 brn|[from] brn\n|upkeep\n|turn|11\n|\n|t:|1699632101\n|move|p2a: Scizor|Bullet Punch|p1a: Harmacy\n|-resisted|p1a: Harmacy\n|-damage|p1a: Harmacy|74\/100\n|-damage|p2a: Scizor|17\/100|[from] item: Life Orb\n|move|p2b: Milotic|Scald|p1a: Harmacy\n|-resisted|p1a: Harmacy\n|-damage|p1a: Harmacy|57\/100\n|-status|p1a: Harmacy|brn\n|move|p1a: Harmacy|Weather Ball|p2a: Scizor\n|-damage|p2a: Scizor|0 fnt\n|faint|p2a: Scizor\n|\n|-weather|none\n|-heal|p1a: Harmacy|63\/100 brn|[from] item: Leftovers\n|-damage|p2b: Milotic|39\/100 brn|[from] brn\n|-damage|p1a: Harmacy|57\/100 brn|[from] brn\n|upkeep\n|turn|12\n|\n|t:|1699632116\n|move|p2b: Milotic|Recover|p2b: Milotic\n|-heal|p2b: Milotic|89\/100 brn\n|move|p1a: Harmacy|Wish|p1a: Harmacy\n|\n|-heal|p1a: Harmacy|63\/100 brn|[from] item: Leftovers\n|-damage|p2b: Milotic|83\/100 brn|[from] brn\n|-damage|p1a: Harmacy|57\/100 brn|[from] brn\n|upkeep\n|turn|13\n|\n|t:|1699632129\n|move|p2b: Milotic|Scald|p1a: Harmacy\n|-resisted|p1a: Harmacy\n|-damage|p1a: Harmacy|46\/100 brn\n|move|p1a: Harmacy|Copycat|p1a: Harmacy\n|move|p1a: Harmacy|Scald|p2b: Milotic|[from]move: Copycat\n|-resisted|p2b: Milotic\n|-damage|p2b: Milotic|74\/100 brn\n|\n|-heal|p1a: Harmacy|96\/100 brn|[from] move: Wish|[wisher] Harmacy\n|-heal|p1a: Harmacy|100\/100 brn|[from] item: Leftovers\n|-damage|p2b: Milotic|68\/100 brn|[from] brn\n|-damage|p1a: Harmacy|94\/100 brn|[from] brn\n|upkeep\n|turn|14\n|\n|t:|1699632153\n|move|p2b: Milotic|Scald|p1a: Harmacy\n|-resisted|p1a: Harmacy\n|-damage|p1a: Harmacy|83\/100 brn\n|move|p1a: Harmacy|Copycat|p1a: Harmacy\n|move|p1a: Harmacy|Scald|p2b: Milotic|[from]move: Copycat\n|-resisted|p2b: Milotic\n|-damage|p2b: Milotic|60\/100 brn\n|\n|-heal|p1a: Harmacy|89\/100 brn|[from] item: Leftovers\n|-damage|p2b: Milotic|54\/100 brn|[from] brn\n|-damage|p1a: Harmacy|83\/100 brn|[from] brn\n|upkeep\n|turn|15\n|\n|t:|1699632165\n|move|p2b: Milotic|Ice Beam|p1a: Harmacy\n|-resisted|p1a: Harmacy\n|-damage|p1a: Harmacy|75\/100 brn\n|move|p1a: Harmacy|Copycat|p1a: Harmacy\n|move|p1a: Harmacy|Ice Beam|p2b: Milotic|[from]move: Copycat\n|-resisted|p2b: Milotic\n|-damage|p2b: Milotic|46\/100 brn\n|\n|-heal|p1a: Harmacy|81\/100 brn|[from] item: Leftovers\n|-damage|p2b: Milotic|40\/100 brn|[from] brn\n|-damage|p1a: Harmacy|75\/100 brn|[from] brn\n|upkeep\n|turn|16\n|\n|t:|1699632176\n|move|p2b: Milotic|Scald|p1a: Harmacy\n|-resisted|p1a: Harmacy\n|-damage|p1a: Harmacy|64\/100 brn\n|move|p1a: Harmacy|Weather Ball|p2b: Milotic\n|-damage|p2b: Milotic|33\/100 brn\n|\n|-heal|p1a: Harmacy|70\/100 brn|[from] item: Leftovers\n|-damage|p2b: Milotic|27\/100 brn|[from] brn\n|-damage|p1a: Harmacy|64\/100 brn|[from] brn\n|upkeep\n|turn|17\n|\n|t:|1699632185\n|move|p2b: Milotic|Recover|p2b: Milotic\n|-heal|p2b: Milotic|77\/100 brn\n|move|p1a: Harmacy|Copycat|p1a: Harmacy\n|move|p1a: Harmacy|Recover|p1a: Harmacy|[from]move: Copycat\n|-heal|p1a: Harmacy|100\/100 brn\n|\n|-damage|p2b: Milotic|71\/100 brn|[from] brn\n|-damage|p1a: Harmacy|94\/100 brn|[from] brn\n|upkeep\n|turn|18\n|\n|t:|1699632194\n|move|p2b: Milotic|Attract|p1a: Harmacy\n|-immune|p1a: Harmacy\n|move|p1a: Harmacy|Icy Wind|p2b: Milotic\n|-resisted|p2b: Milotic\n|-damage|p2b: Milotic|66\/100 brn\n|-unboost|p2b: Milotic|spe|1\n|\n|-heal|p1a: Harmacy|100\/100 brn|[from] item: Leftovers\n|-damage|p1a: Harmacy|94\/100 brn|[from] brn\n|-damage|p2b: Milotic|60\/100 brn|[from] brn\n|upkeep\n|turn|19\n|\n|t:|1699632206\n|move|p1a: Harmacy|Icy Wind|p2b: Milotic|[miss]\n|-miss|p1a: Harmacy|p2b: Milotic\n|move|p2b: Milotic|Recover|p2b: Milotic\n|-heal|p2b: Milotic|100\/100 brn\n|\n|-heal|p1a: Harmacy|100\/100 brn|[from] item: Leftovers\n|-damage|p1a: Harmacy|94\/100 brn|[from] brn\n|-damage|p2b: Milotic|94\/100 brn|[from] brn\n|upkeep\n|turn|20\n|\n|t:|1699632215\n|move|p1a: Harmacy|Icy Wind|p2b: Milotic\n|-resisted|p2b: Milotic\n|-damage|p2b: Milotic|91\/100 brn\n|-unboost|p2b: Milotic|spe|1\n|move|p2b: Milotic|Attract|p1a: Harmacy\n|-immune|p1a: Harmacy\n|\n|-heal|p1a: Harmacy|100\/100 brn|[from] item: Leftovers\n|-damage|p1a: Harmacy|94\/100 brn|[from] brn\n|-damage|p2b: Milotic|85\/100 brn|[from] brn\n|upkeep\n|turn|21\n|\n|t:|1699632225\n|move|p1a: Harmacy|Icy Wind|p2b: Milotic\n|-resisted|p2b: Milotic\n|-damage|p2b: Milotic|80\/100 brn\n|-unboost|p2b: Milotic|spe|1\n|move|p2b: Milotic|Attract|p1a: Harmacy\n|-immune|p1a: Harmacy\n|\n|-heal|p1a: Harmacy|100\/100 brn|[from] item: Leftovers\n|-damage|p1a: Harmacy|94\/100 brn|[from] brn\n|-damage|p2b: Milotic|74\/100 brn|[from] brn\n|upkeep\n|turn|22\n|\n|t:|1699632229\n|move|p1a: Harmacy|Icy Wind|p2b: Milotic\n|-resisted|p2b: Milotic\n|-damage|p2b: Milotic|70\/100 brn\n|-unboost|p2b: Milotic|spe|1\n|move|p2b: Milotic|Attract|p1a: Harmacy\n|-immune|p1a: Harmacy\n|\n|-heal|p1a: Harmacy|100\/100 brn|[from] item: Leftovers\n|-damage|p1a: Harmacy|94\/100 brn|[from] brn\n|-damage|p2b: Milotic|64\/100 brn|[from] brn\n|upkeep\n|turn|23\n|\n|t:|1699632239\n|move|p1a: Harmacy|Icy Wind|p2b: Milotic\n|-resisted|p2b: Milotic\n|-damage|p2b: Milotic|60\/100 brn\n|-unboost|p2b: Milotic|spe|1\n|move|p2b: Milotic|Attract|p1a: Harmacy\n|-immune|p1a: Harmacy\n|\n|-heal|p1a: Harmacy|100\/100 brn|[from] item: Leftovers\n|-damage|p1a: Harmacy|94\/100 brn|[from] brn\n|-damage|p2b: Milotic|54\/100 brn|[from] brn\n|upkeep\n|turn|24\n|c|\u2606mikeyuwu|I think i win the ppstall war\n|\n|t:|1699632250\n|move|p1a: Harmacy|Icy Wind|p2b: Milotic\n|-resisted|p2b: Milotic\n|-damage|p2b: Milotic|49\/100 brn\n|-unboost|p2b: Milotic|spe|1\n|move|p2b: Milotic|Attract|p1a: Harmacy\n|-immune|p1a: Harmacy\n|\n|-heal|p1a: Harmacy|100\/100 brn|[from] item: Leftovers\n|-damage|p1a: Harmacy|94\/100 brn|[from] brn\n|-damage|p2b: Milotic|43\/100 brn|[from] brn\n|upkeep\n|turn|25\n|\n|t:|1699632263\n|move|p1a: Harmacy|Icy Wind|p2b: Milotic\n|-resisted|p2b: Milotic\n|-damage|p2b: Milotic|39\/100 brn\n|move|p2b: Milotic|Attract|p1a: Harmacy\n|-immune|p1a: Harmacy\n|\n|-heal|p1a: Harmacy|100\/100 brn|[from] item: Leftovers\n|-damage|p1a: Harmacy|94\/100 brn|[from] brn\n|-damage|p2b: Milotic|33\/100 brn|[from] brn\n|upkeep\n|turn|26\n|\n|t:|1699632272\n|move|p1a: Harmacy|Icy Wind|p2b: Milotic\n|-resisted|p2b: Milotic\n|-damage|p2b: Milotic|28\/100 brn\n|move|p2b: Milotic|Attract|p1a: Harmacy\n|-immune|p1a: Harmacy\n|\n|-heal|p1a: Harmacy|100\/100 brn|[from] item: Leftovers\n|-damage|p1a: Harmacy|94\/100 brn|[from] brn\n|-damage|p2b: Milotic|22\/100 brn|[from] brn\n|upkeep\n|turn|27\n|\n|t:|1699632281\n|move|p1a: Harmacy|Icy Wind|p2b: Milotic\n|-resisted|p2b: Milotic\n|-damage|p2b: Milotic|18\/100 brn\n|move|p2b: Milotic|Recover|p2b: Milotic\n|-heal|p2b: Milotic|68\/100 brn\n|\n|-heal|p1a: Harmacy|100\/100 brn|[from] item: Leftovers\n|-damage|p1a: Harmacy|94\/100 brn|[from] brn\n|-damage|p2b: Milotic|62\/100 brn|[from] brn\n|upkeep\n|turn|28\n|\n|t:|1699632290\n|move|p1a: Harmacy|Copycat|p1a: Harmacy\n|move|p1a: Harmacy|Recover|p1a: Harmacy|[from]move: Copycat\n|-heal|p1a: Harmacy|100\/100 brn\n|move|p2b: Milotic|Recover|p2b: Milotic\n|-heal|p2b: Milotic|100\/100 brn\n|\n|-damage|p1a: Harmacy|94\/100 brn|[from] brn\n|-damage|p2b: Milotic|94\/100 brn|[from] brn\n|upkeep\n|turn|29\n|\n|t:|1699632300\n|move|p1a: Harmacy|Icy Wind|p2b: Milotic\n|-resisted|p2b: Milotic\n|-damage|p2b: Milotic|91\/100 brn\n|move|p2b: Milotic|Attract|p1a: Harmacy\n|-immune|p1a: Harmacy\n|\n|-heal|p1a: Harmacy|100\/100 brn|[from] item: Leftovers\n|-damage|p1a: Harmacy|94\/100 brn|[from] brn\n|-damage|p2b: Milotic|85\/100 brn|[from] brn\n|upkeep\n|turn|30\n|\n|t:|1699632310\n|move|p1a: Harmacy|Icy Wind|p2b: Milotic\n|-resisted|p2b: Milotic\n|-damage|p2b: Milotic|80\/100 brn\n|move|p2b: Milotic|Attract|p1a: Harmacy\n|-immune|p1a: Harmacy\n|\n|-heal|p1a: Harmacy|100\/100 brn|[from] item: Leftovers\n|-damage|p1a: Harmacy|94\/100 brn|[from] brn\n|-damage|p2b: Milotic|74\/100 brn|[from] brn\n|upkeep\n|turn|31\n|\n|t:|1699632323\n|move|p1a: Harmacy|Icy Wind|p2b: Milotic\n|-resisted|p2b: Milotic\n|-damage|p2b: Milotic|70\/100 brn\n|move|p2b: Milotic|Attract|p1a: Harmacy\n|-immune|p1a: Harmacy\n|\n|-heal|p1a: Harmacy|100\/100 brn|[from] item: Leftovers\n|-damage|p1a: Harmacy|94\/100 brn|[from] brn\n|-damage|p2b: Milotic|64\/100 brn|[from] brn\n|upkeep\n|turn|32\n|\n|t:|1699632330\n|move|p1a: Harmacy|Weather Ball|p2b: Milotic\n|-damage|p2b: Milotic|57\/100 brn\n|move|p2b: Milotic|Attract|p1a: Harmacy\n|-immune|p1a: Harmacy\n|\n|-heal|p1a: Harmacy|100\/100 brn|[from] item: Leftovers\n|-damage|p1a: Harmacy|94\/100 brn|[from] brn\n|-damage|p2b: Milotic|51\/100 brn|[from] brn\n|upkeep\n|turn|33\n|\n|t:|1699632339\n|move|p1a: Harmacy|Icy Wind|p2b: Milotic\n|-resisted|p2b: Milotic\n|-damage|p2b: Milotic|47\/100 brn\n|move|p2b: Milotic|Recover|p2b: Milotic\n|-heal|p2b: Milotic|97\/100 brn\n|\n|-heal|p1a: Harmacy|100\/100 brn|[from] item: Leftovers\n|-damage|p1a: Harmacy|94\/100 brn|[from] brn\n|-damage|p2b: Milotic|91\/100 brn|[from] brn\n|upkeep\n|turn|34\n|\n|t:|1699632348\n|move|p1a: Harmacy|Icy Wind|p2b: Milotic\n|-resisted|p2b: Milotic\n|-damage|p2b: Milotic|87\/100 brn\n|move|p2b: Milotic|Scald|p1a: Harmacy\n|-resisted|p1a: Harmacy\n|-damage|p1a: Harmacy|84\/100 brn\n|\n|-heal|p1a: Harmacy|90\/100 brn|[from] item: Leftovers\n|-damage|p1a: Harmacy|84\/100 brn|[from] brn\n|-damage|p2b: Milotic|80\/100 brn|[from] brn\n|upkeep\n|turn|35\n|\n|t:|1699632359\n|move|p1a: Harmacy|Icy Wind|p2b: Milotic\n|-resisted|p2b: Milotic\n|-damage|p2b: Milotic|76\/100 brn\n|move|p2b: Milotic|Scald|p1a: Harmacy\n|-resisted|p1a: Harmacy\n|-damage|p1a: Harmacy|74\/100 brn\n|\n|-heal|p1a: Harmacy|80\/100 brn|[from] item: Leftovers\n|-damage|p1a: Harmacy|74\/100 brn|[from] brn\n|-damage|p2b: Milotic|70\/100 brn|[from] brn\n|upkeep\n|turn|36\n|\n|t:|1699632371\n|move|p1a: Harmacy|Copycat|p1a: Harmacy\n|move|p1a: Harmacy|Scald|p2b: Milotic|[from]move: Copycat\n|-resisted|p2b: Milotic\n|-damage|p2b: Milotic|62\/100 brn\n|move|p2b: Milotic|Scald|p1a: Harmacy\n|-resisted|p1a: Harmacy\n|-damage|p1a: Harmacy|63\/100 brn\n|\n|-heal|p1a: Harmacy|69\/100 brn|[from] item: Leftovers\n|-damage|p1a: Harmacy|63\/100 brn|[from] brn\n|-damage|p2b: Milotic|56\/100 brn|[from] brn\n|upkeep\n|turn|37\n|\n|t:|1699632386\n|move|p1a: Harmacy|Icy Wind|p2b: Milotic\n|-resisted|p2b: Milotic\n|-damage|p2b: Milotic|51\/100 brn\n|move|p2b: Milotic|Scald|p1a: Harmacy\n|-resisted|p1a: Harmacy\n|-damage|p1a: Harmacy|52\/100 brn\n|\n|-heal|p1a: Harmacy|58\/100 brn|[from] item: Leftovers\n|-damage|p1a: Harmacy|52\/100 brn|[from] brn\n|-damage|p2b: Milotic|45\/100 brn|[from] brn\n|upkeep\n|turn|38\n|\n|t:|1699632397\n|move|p1a: Harmacy|Wish|p1a: Harmacy\n|move|p2b: Milotic|Ice Beam|p1a: Harmacy\n|-resisted|p1a: Harmacy\n|-damage|p1a: Harmacy|44\/100 brn\n|\n|-heal|p1a: Harmacy|50\/100 brn|[from] item: Leftovers\n|-damage|p1a: Harmacy|44\/100 brn|[from] brn\n|-damage|p2b: Milotic|39\/100 brn|[from] brn\n|upkeep\n|turn|39\n|\n|t:|1699632408\n|move|p1a: Harmacy|Copycat|p1a: Harmacy\n|move|p1a: Harmacy|Ice Beam|p2b: Milotic|[from]move: Copycat\n|-resisted|p2b: Milotic\n|-damage|p2b: Milotic|32\/100 brn\n|move|p2b: Milotic|Scald|p1a: Harmacy\n|-resisted|p1a: Harmacy\n|-damage|p1a: Harmacy|33\/100 brn\n|\n|-heal|p1a: Harmacy|83\/100 brn|[from] move: Wish|[wisher] Harmacy\n|-heal|p1a: Harmacy|89\/100 brn|[from] item: Leftovers\n|-damage|p1a: Harmacy|83\/100 brn|[from] brn\n|-damage|p2b: Milotic|26\/100 brn|[from] brn\n|upkeep\n|turn|40\n|\n|t:|1699632419\n|move|p1a: Harmacy|Copycat|p1a: Harmacy\n|move|p1a: Harmacy|Scald|p2b: Milotic|[from]move: Copycat\n|-resisted|p2b: Milotic\n|-damage|p2b: Milotic|17\/100 brn\n|move|p2b: Milotic|Recover|p2b: Milotic\n|-heal|p2b: Milotic|67\/100 brn\n|\n|-heal|p1a: Harmacy|89\/100 brn|[from] item: Leftovers\n|-damage|p1a: Harmacy|83\/100 brn|[from] brn\n|-damage|p2b: Milotic|61\/100 brn|[from] brn\n|upkeep\n|turn|41\n|\n|t:|1699632429\n|move|p1a: Harmacy|Copycat|p1a: Harmacy\n|move|p1a: Harmacy|Recover|p1a: Harmacy|[from]move: Copycat\n|-heal|p1a: Harmacy|100\/100 brn\n|move|p2b: Milotic|Scald|p1a: Harmacy\n|-resisted|p1a: Harmacy\n|-damage|p1a: Harmacy|89\/100 brn\n|\n|-heal|p1a: Harmacy|95\/100 brn|[from] item: Leftovers\n|-damage|p1a: Harmacy|89\/100 brn|[from] brn\n|-damage|p2b: Milotic|55\/100 brn|[from] brn\n|upkeep\n|turn|42\n|\n|t:|1699632442\n|move|p1a: Harmacy|Weather Ball|p2b: Milotic\n|-damage|p2b: Milotic|47\/100 brn\n|move|p2b: Milotic|Recover|p2b: Milotic\n|-heal|p2b: Milotic|97\/100 brn\n|\n|-heal|p1a: Harmacy|95\/100 brn|[from] item: Leftovers\n|-damage|p1a: Harmacy|89\/100 brn|[from] brn\n|-damage|p2b: Milotic|91\/100 brn|[from] brn\n|upkeep\n|turn|43\n|\n|t:|1699632452\n|move|p1a: Harmacy|Weather Ball|p2b: Milotic\n|-damage|p2b: Milotic|83\/100 brn\n|move|p2b: Milotic|Scald|p1a: Harmacy\n|-resisted|p1a: Harmacy\n|-crit|p1a: Harmacy\n|-damage|p1a: Harmacy|72\/100 brn\n|\n|-heal|p1a: Harmacy|78\/100 brn|[from] item: Leftovers\n|-damage|p1a: Harmacy|72\/100 brn|[from] brn\n|-damage|p2b: Milotic|77\/100 brn|[from] brn\n|upkeep\n|turn|44\n|c|\u2606mikeyuwu|So you have one recover\n|\n|t:|1699632462\n|move|p1a: Harmacy|Weather Ball|p2b: Milotic\n|-damage|p2b: Milotic|69\/100 brn\n|move|p2b: Milotic|Scald|p1a: Harmacy\n|-resisted|p1a: Harmacy\n|-damage|p1a: Harmacy|61\/100 brn\n|\n|-heal|p1a: Harmacy|67\/100 brn|[from] item: Leftovers\n|-damage|p1a: Harmacy|61\/100 brn|[from] brn\n|-damage|p2b: Milotic|63\/100 brn|[from] brn\n|upkeep\n|turn|45\n|c|\u2606CodyReborn|nope im all out lol\n|\n|t:|1699632478\n|move|p1a: Harmacy|Weather Ball|p2b: Milotic\n|-damage|p2b: Milotic|55\/100 brn\n|move|p2b: Milotic|Scald|p1a: Harmacy\n|-resisted|p1a: Harmacy\n|-damage|p1a: Harmacy|50\/100 brn\n|\n|-heal|p1a: Harmacy|56\/100 brn|[from] item: Leftovers\n|-damage|p1a: Harmacy|50\/100 brn|[from] brn\n|-damage|p2b: Milotic|48\/100 brn|[from] brn\n|upkeep\n|turn|46\n|\n|t:|1699632489\n|move|p1a: Harmacy|Wish|p1a: Harmacy\n|move|p2b: Milotic|Scald|p1a: Harmacy\n|-resisted|p1a: Harmacy\n|-damage|p1a: Harmacy|39\/100 brn\n|\n|-heal|p1a: Harmacy|45\/100 brn|[from] item: Leftovers\n|-damage|p1a: Harmacy|39\/100 brn|[from] brn\n|-damage|p2b: Milotic|42\/100 brn|[from] brn\n|upkeep\n|turn|47\n|\n|t:|1699632494\n|move|p1a: Harmacy|Copycat|p1a: Harmacy\n|move|p1a: Harmacy|Scald|p2b: Milotic|[from]move: Copycat\n|-resisted|p2b: Milotic\n|-damage|p2b: Milotic|33\/100 brn\n|move|p2b: Milotic|Scald|p1a: Harmacy\n|-resisted|p1a: Harmacy\n|-damage|p1a: Harmacy|28\/100 brn\n|\n|-heal|p1a: Harmacy|78\/100 brn|[from] move: Wish|[wisher] Harmacy\n|-heal|p1a: Harmacy|84\/100 brn|[from] item: Leftovers\n|-damage|p1a: Harmacy|78\/100 brn|[from] brn\n|-damage|p2b: Milotic|27\/100 brn|[from] brn\n|upkeep\n|turn|48\n|-message|CodyReborn forfeited.\n|\n|win|mikeyuwu\n|raw|mikeyuwu's rating: 1251 &rarr; <strong>1276<\/strong><br \/>(+25 for winning)\n|raw|CodyReborn's rating: 1251 &rarr; <strong>1226<\/strong><br \/>(-25 for losing)\n|l|\u2606CodyReborn\n","uploadtime":1699632510,"views":21,"p1id":"mikeyuwu","p2id":"codyreborn","formatid":"gen9doublesou","rating":1226,"private":0,"password":""}