{"id":"gen9doublesou-1991507195","p1":"eBOTT","p2":"MMszinho","format":"[Gen 9] Doubles OU","log":"|j|\u2606eBOTT\n|j|\u2606MMszinho\n|t:|1700083269\n|gametype|doubles\n|player|p1|eBOTT|101|1417\n|player|p2|MMszinho|marshal|1378\n|teamsize|p1|6\n|teamsize|p2|6\n|gen|9\n|tier|[Gen 9] Doubles OU\n|rated|\n|rule|Species Clause: Limit one of each Pok\u00e9mon\n|rule|OHKO Clause: OHKO moves are banned\n|rule|Evasion Moves Clause: Evasion moves are banned\n|rule|Gravity Sleep Clause: The combination of sleep-inducing moves with imperfect accuracy and Gravity or Gigantamax Orbeetle are banned\n|rule|Endless Battle Clause: Forcing endless battles is banned\n|rule|HP Percentage Mod: HP is shown in percentages\n|clearpoke\n|poke|p1|Iron Hands|\n|poke|p1|Oranguru, M|\n|poke|p1|Kingambit, M|\n|poke|p1|Vikavolt, F|\n|poke|p1|Ursaluna, F|\n|poke|p1|Sinistcha-Masterpiece|\n|poke|p2|Pelipper, F|\n|poke|p2|Raichu, F|\n|poke|p2|Toxicroak, F|\n|poke|p2|Palafin, M|\n|poke|p2|Sylveon, M|\n|poke|p2|Garchomp, F|\n|teampreview\n|\n|t:|1700083292\n|start\n|switch|p1a: Oranguru|Oranguru, M|100\/100\n|switch|p1b: Iron Hands|Iron Hands|100\/100\n|switch|p2a: Pelipper|Pelipper, F|100\/100\n|switch|p2b: Palafin|Palafin, M|100\/100\n|-weather|RainDance|[from] ability: Drizzle|[of] p2a: Pelipper\n|-enditem|p1b: Iron Hands|Booster Energy\n|-activate|p1b: Iron Hands|ability: Quark Drive|[fromitem]\n|-start|p1b: Iron Hands|quarkdriveatk\n|turn|1\n|\n|t:|1700083305\n|detailschange|p2b: Palafin|Palafin-Hero, M\n|switch|p2b: Raichu|Raichu, F|100\/100\n|-item|p2b: Raichu|Air Balloon\n|move|p1b: Iron Hands|Fake Out|p2a: Pelipper\n|-damage|p2a: Pelipper|78\/100\n|cant|p2a: Pelipper|flinch\n|move|p1a: Oranguru|Trick Room|p1a: Oranguru\n|-fieldstart|move: Trick Room|[of] p1a: Oranguru\n|\n|-weather|RainDance|[upkeep]\n|upkeep\n|turn|2\n|\n|t:|1700083332\n|move|p2b: Raichu|Protect|p2b: Raichu\n|-singleturn|p2b: Raichu|Protect\n|move|p1b: Iron Hands|Wild Charge|p2b: Raichu\n|-activate|p2b: Raichu|ability: Lightning Rod\n|-activate|p2b: Raichu|move: Protect\n|move|p1a: Oranguru|Instruct|p1b: Iron Hands\n|-singleturn|p1b: Iron Hands|move: Instruct|[of] p1a: Oranguru\n|move|p1b: Iron Hands|Wild Charge|p2b: Raichu\n|-activate|p2b: Raichu|ability: Lightning Rod\n|-activate|p2b: Raichu|move: Protect\n|move|p2a: Pelipper|Surf|p1a: Oranguru|[spread] p1a,p1b\n|-activate|p2b: Raichu|move: Protect\n|-damage|p1a: Oranguru|74\/100\n|-damage|p1b: Iron Hands|55\/100\n|\n|-weather|RainDance|[upkeep]\n|upkeep\n|turn|3\n|\n|t:|1700083357\n|-terastallize|p2b: Raichu|Flying\n|move|p1b: Iron Hands|Wild Charge|p2b: Raichu\n|-ability|p2b: Raichu|Lightning Rod|boost\n|-boost|p2b: Raichu|spa|1\n|move|p1a: Oranguru|Instruct|p1b: Iron Hands\n|-singleturn|p1b: Iron Hands|move: Instruct|[of] p1a: Oranguru\n|move|p1b: Iron Hands|Wild Charge|p2b: Raichu\n|-ability|p2b: Raichu|Lightning Rod|boost\n|-boost|p2b: Raichu|spa|1\n|move|p2a: Pelipper|Hurricane|p1a: Oranguru\n|-damage|p1a: Oranguru|46\/100\n|move|p2b: Raichu|Nuzzle|p1a: Oranguru\n|-damage|p1a: Oranguru|38\/100\n|-status|p1a: Oranguru|par\n|\n|-weather|RainDance|[upkeep]\n|upkeep\n|turn|4\n|\n|t:|1700083374\n|move|p2b: Raichu|Protect|p2b: Raichu\n|-singleturn|p2b: Raichu|Protect\n|move|p1a: Oranguru|Knock Off|p2b: Raichu\n|-activate|p2b: Raichu|move: Protect\n|move|p1b: Iron Hands|Ice Punch|p2b: Raichu\n|-activate|p2b: Raichu|move: Protect\n|move|p2a: Pelipper|Surf|p1a: Oranguru|[spread] p1a,p1b\n|-activate|p2b: Raichu|move: Protect\n|-damage|p1a: Oranguru|11\/100 par\n|-damage|p1b: Iron Hands|15\/100\n|\n|-weather|RainDance|[upkeep]\n|upkeep\n|turn|5\n|\n|t:|1700083393\n|switch|p2b: Toxicroak|Toxicroak, F|100\/100\n|move|p1a: Oranguru|Protect|p1a: Oranguru\n|-singleturn|p1a: Oranguru|Protect\n|move|p1b: Iron Hands|Ice Punch|p2b: Toxicroak\n|-damage|p2b: Toxicroak|46\/100\n|move|p2a: Pelipper|Surf|p1a: Oranguru|[spread] p1b\n|-activate|p1a: Oranguru|move: Protect\n|-heal|p2b: Toxicroak|70\/100|[from] ability: Dry Skin|[of] p2a: Pelipper\n|-damage|p1b: Iron Hands|0 fnt\n|faint|p1b: Iron Hands\n|-end|p1b: Iron Hands|Quark Drive|[silent]\n|\n|-weather|RainDance|[upkeep]\n|-heal|p2b: Toxicroak|83\/100|[from] ability: Dry Skin\n|-fieldend|move: Trick Room\n|upkeep\n|\n|t:|1700083398\n|switch|p1b: Vikavolt|Vikavolt, F|100\/100\n|turn|6\n|\n|t:|1700083416\n|switch|p2b: Raichu|Raichu, F, tera:Flying|100\/100\n|-item|p2b: Raichu|Air Balloon\n|move|p2a: Pelipper|Hurricane|p1a: Oranguru\n|-damage|p1a: Oranguru|0 fnt\n|faint|p1a: Oranguru\n|move|p1b: Vikavolt|Discharge|p2b: Raichu|[spread] p2a\n|-ability|p2b: Raichu|Lightning Rod|boost\n|-boost|p2b: Raichu|spa|1\n|-supereffective|p2a: Pelipper\n|-damage|p2a: Pelipper|0 fnt\n|faint|p2a: Pelipper\n|\n|-weather|RainDance|[upkeep]\n|upkeep\n|\n|t:|1700083435\n|switch|p2a: Sylveon|Sylveon, M|100\/100\n|switch|p1a: Sinistcha|Sinistcha-Masterpiece|100\/100\n|turn|7\n|\n|t:|1700083453\n|-terastallize|p1b: Vikavolt|Rock\n|move|p2b: Raichu|Nuzzle|p1a: Sinistcha\n|-resisted|p1a: Sinistcha\n|-damage|p1a: Sinistcha|97\/100\n|-status|p1a: Sinistcha|par\n|move|p2a: Sylveon|Hyper Voice|p1a: Sinistcha|[spread] p1a,p1b\n|-damage|p1a: Sinistcha|51\/100 par\n|-damage|p1b: Vikavolt|68\/100\n|-enditem|p2a: Sylveon|Throat Spray\n|-boost|p2a: Sylveon|spa|1|[from] item: Throat Spray\n|move|p1b: Vikavolt|Tera Blast|p2b: Raichu|[anim] Tera Blast Rock\n|-supereffective|p2b: Raichu\n|-damage|p2b: Raichu|0 fnt\n|-enditem|p2b: Raichu|Air Balloon\n|faint|p2b: Raichu\n|move|p1a: Sinistcha|Trick Room|p1a: Sinistcha\n|-fieldstart|move: Trick Room|[of] p1a: Sinistcha\n|\n|-weather|RainDance|[upkeep]\n|upkeep\n|\n|t:|1700083498\n|switch|p2b: Palafin|Palafin-Hero, M|100\/100\n|-activate|p2b: Palafin|ability: Zero to Hero\n|turn|8\n|\n|t:|1700083508\n|move|p2b: Palafin|Jet Punch|p1b: Vikavolt\n|-supereffective|p1b: Vikavolt\n|-damage|p1b: Vikavolt|0 fnt\n|faint|p1b: Vikavolt\n|move|p1a: Sinistcha|Matcha Gotcha|p2a: Sylveon|[spread] p2a,p2b\n|-supereffective|p2b: Palafin\n|-damage|p2a: Sylveon|79\/100\n|-heal|p1a: Sinistcha|63\/100 par|[from] drain|[of] p2a: Sylveon\n|-damage|p2b: Palafin|36\/100\n|-heal|p1a: Sinistcha|98\/100 par|[from] drain|[of] p2b: Palafin\n|move|p2a: Sylveon|Hyper Voice|p1a: Sinistcha\n|-damage|p1a: Sinistcha|5\/100 par\n|-enditem|p1a: Sinistcha|Iapapa Berry|[eat]\n|-heal|p1a: Sinistcha|38\/100 par|[from] item: Iapapa Berry\n|\n|-weather|none\n|upkeep\n|\n|t:|1700083520\n|switch|p1b: Ursaluna|Ursaluna, F|100\/100\n|turn|9\n|\n|t:|1700083531\n|move|p1b: Ursaluna|Protect|p1b: Ursaluna\n|-singleturn|p1b: Ursaluna|Protect\n|move|p2b: Palafin|Jet Punch|p1b: Ursaluna\n|-activate|p1b: Ursaluna|move: Protect\n|cant|p1a: Sinistcha|par\n|move|p2a: Sylveon|Hyper Voice|p1a: Sinistcha|[spread] p1a\n|-activate|p1b: Ursaluna|move: Protect\n|-damage|p1a: Sinistcha|0 fnt\n|faint|p1a: Sinistcha\n|\n|-status|p1b: Ursaluna|brn|[from] item: Flame Orb\n|upkeep\n|\n|t:|1700083539\n|switch|p1a: Kingambit|Kingambit, M|100\/100\n|turn|10\n|\n|t:|1700083559\n|move|p2a: Sylveon|Protect|p2a: Sylveon\n|-singleturn|p2a: Sylveon|Protect\n|move|p1a: Kingambit|Sucker Punch|p2b: Palafin\n|-damage|p2b: Palafin|0 fnt\n|faint|p2b: Palafin\n|-damage|p1a: Kingambit|91\/100|[from] item: Life Orb\n|move|p1b: Ursaluna|Facade|p2a: Sylveon\n|-activate|p2a: Sylveon|move: Protect\n|\n|-damage|p1b: Ursaluna|94\/100 brn|[from] brn\n|upkeep\n|\n|t:|1700083597\n|switch|p2b: Toxicroak|Toxicroak, F|83\/100\n|turn|11\n|\n|t:|1700083607\n|move|p2b: Toxicroak|Fake Out|p1b: Ursaluna\n|-damage|p1b: Ursaluna|85\/100 brn\n|move|p1a: Kingambit|Iron Head|p2a: Sylveon\n|-supereffective|p2a: Sylveon\n|-damage|p2a: Sylveon|0 fnt\n|faint|p2a: Sylveon\n|-damage|p1a: Kingambit|81\/100|[from] item: Life Orb\n|cant|p1b: Ursaluna|flinch\n|\n|-damage|p1b: Ursaluna|79\/100 brn|[from] brn\n|-fieldend|move: Trick Room\n|upkeep\n|\n|t:|1700083612\n|switch|p2a: Garchomp|Garchomp, F|100\/100\n|turn|12\n|\n|t:|1700083626\n|move|p1a: Kingambit|Sucker Punch|p2a: Garchomp\n|-damage|p2a: Garchomp|56\/100\n|-damage|p1a: Kingambit|68\/100|[from] ability: Rough Skin|[of] p2a: Garchomp\n|-damage|p1a: Kingambit|52\/100|[from] item: Rocky Helmet|[of] p2a: Garchomp\n|-damage|p1a: Kingambit|42\/100|[from] item: Life Orb\n|move|p2a: Garchomp|Dragon Claw|p1b: Ursaluna\n|-damage|p1b: Ursaluna|53\/100 brn\n|move|p2b: Toxicroak|Drain Punch|p1b: Ursaluna\n|-supereffective|p1b: Ursaluna\n|-damage|p1b: Ursaluna|2\/100 brn\n|-heal|p2b: Toxicroak|100\/100|[from] drain|[of] p1b: Ursaluna\n|move|p1b: Ursaluna|Earthquake|p2b: Toxicroak|[spread] p1a,p2a,p2b\n|-supereffective|p1a: Kingambit\n|-supereffective|p2b: Toxicroak\n|-damage|p1a: Kingambit|0 fnt\n|-damage|p2a: Garchomp|0 fnt\n|-damage|p2b: Toxicroak|0 fnt\n|faint|p1a: Kingambit\n|faint|p2a: Garchomp\n|faint|p2b: Toxicroak\n|\n|win|eBOTT\n|raw|eBOTT's rating: 1417 &rarr; <strong>1435<\/strong><br \/>(+18 for winning)\n|raw|MMszinho's rating: 1378 &rarr; <strong>1360<\/strong><br \/>(-18 for losing)\n|l|\u2606eBOTT\n|l|\u2606MMszinho\n|j|\u2606MMszinho\n|player|p2|MMszinho|marshal\n","uploadtime":1700083710,"views":9,"p1id":"ebott","p2id":"mmszinho","formatid":"gen9doublesou","rating":1360,"private":0,"password":""}