{"id":"gen9doublesou-1985071283","p1":"smexydevvi","p2":"Aj.Purp","format":"[Gen 9] Doubles OU","log":"|j|\u2606smexydevvi\n|j|\u2606Aj.Purp\n|t:|1699327176\n|gametype|doubles\n|player|p1|smexydevvi|cynthia-gen4|1085\n|player|p2|Aj.Purp|brycenman|1131\n|teamsize|p1|6\n|teamsize|p2|6\n|gen|9\n|tier|[Gen 9] Doubles OU\n|rated|\n|rule|Species Clause: Limit one of each Pok\u00e9mon\n|rule|OHKO Clause: OHKO moves are banned\n|rule|Evasion Moves Clause: Evasion moves are banned\n|rule|Gravity Sleep Clause: The combination of sleep-inducing moves with imperfect accuracy and Gravity or Gigantamax Orbeetle are banned\n|rule|Endless Battle Clause: Forcing endless battles is banned\n|rule|HP Percentage Mod: HP is shown in percentages\n|clearpoke\n|poke|p1|Arboliva, M|\n|poke|p1|Torkoal, F|\n|poke|p1|Vaporeon, F|\n|poke|p1|Overqwil, M|\n|poke|p1|Hatterene, F|\n|poke|p1|Scream Tail|\n|poke|p2|Sneasler, F|\n|poke|p2|Rillaboom, M|\n|poke|p2|Regieleki|\n|poke|p2|Empoleon, M|\n|poke|p2|Arcanine, M|\n|poke|p2|Farigiraf, F|\n|teampreview\n|\n|t:|1699327192\n|start\n|switch|p1a: Scream Tail|Scream Tail|100\/100\n|switch|p1b: Overqwil|Overqwil, M|100\/100\n|switch|p2a: Sneasler|Sneasler, F|100\/100\n|switch|p2b: Rillaboom|Rillaboom, M|100\/100\n|-ability|p1b: Overqwil|Intimidate|boost\n|-unboost|p2a: Sneasler|atk|1\n|-unboost|p2b: Rillaboom|atk|1\n|-fieldstart|move: Grassy Terrain|[from] ability: Grassy Surge|[of] p2b: Rillaboom\n|-enditem|p2a: Sneasler|Grassy Seed\n|-boost|p2a: Sneasler|def|1|[from] item: Grassy Seed\n|turn|1\n|\n|t:|1699327228\n|-terastallize|p2a: Sneasler|Flying\n|move|p2b: Rillaboom|Fake Out|p1a: Scream Tail\n|-damage|p1a: Scream Tail|94\/100\n|move|p2a: Sneasler|Swords Dance|p2a: Sneasler\n|-boost|p2a: Sneasler|atk|2\n|cant|p1a: Scream Tail|flinch\n|move|p1b: Overqwil|Toxic|p2b: Rillaboom\n|-status|p2b: Rillaboom|tox\n|\n|-heal|p1a: Scream Tail|99\/100|[from] Grassy Terrain\n|-heal|p1a: Scream Tail|100\/100|[from] item: Leftovers\n|-damage|p2b: Rillaboom|94\/100 tox|[from] psn\n|upkeep\n|turn|2\n|\n|t:|1699327267\n|switch|p1b: Torkoal|Torkoal, F|100\/100\n|-weather|SunnyDay|[from] ability: Drought|[of] p1b: Torkoal\n|-activate|p1a: Scream Tail|ability: Protosynthesis\n|-start|p1a: Scream Tail|protosynthesisspe\n|move|p2a: Sneasler|Close Combat|p1b: Torkoal\n|-damage|p1b: Torkoal|24\/100\n|-unboost|p2a: Sneasler|def|1\n|-unboost|p2a: Sneasler|spd|1\n|move|p1a: Scream Tail|Encore|p2a: Sneasler\n|-start|p2a: Sneasler|Encore\n|move|p2b: Rillaboom|Knock Off|p1a: Scream Tail\n|-damage|p1a: Scream Tail|83\/100\n|-enditem|p1a: Scream Tail|Leftovers|[from] move: Knock Off|[of] p2b: Rillaboom\n|\n|-weather|SunnyDay|[upkeep]\n|-heal|p1a: Scream Tail|90\/100|[from] Grassy Terrain\n|-heal|p2b: Rillaboom|100\/100 tox|[from] Grassy Terrain\n|-heal|p1b: Torkoal|31\/100|[from] Grassy Terrain\n|-damage|p2b: Rillaboom|88\/100 tox|[from] psn\n|upkeep\n|turn|3\n|\n|t:|1699327308\n|switch|p1b: Overqwil|Overqwil, M|100\/100\n|-ability|p1b: Overqwil|Intimidate|boost\n|-unboost|p2a: Sneasler|atk|1\n|-unboost|p2b: Rillaboom|atk|1\n|move|p2a: Sneasler|Close Combat|p1b: Overqwil\n|-damage|p1b: Overqwil|28\/100\n|-unboost|p2a: Sneasler|def|1\n|-unboost|p2a: Sneasler|spd|1\n|move|p1a: Scream Tail|Thunder Wave|p2a: Sneasler\n|-status|p2a: Sneasler|par\n|move|p2b: Rillaboom|Wood Hammer|p1a: Scream Tail\n|-damage|p1a: Scream Tail|57\/100\n|-damage|p2b: Rillaboom|74\/100 tox|[from] Recoil\n|\n|-weather|SunnyDay|[upkeep]\n|-heal|p1a: Scream Tail|63\/100|[from] Grassy Terrain\n|-heal|p1b: Overqwil|34\/100|[from] Grassy Terrain\n|-heal|p2b: Rillaboom|81\/100 tox|[from] Grassy Terrain\n|-heal|p1b: Overqwil|40\/100|[from] item: Leftovers\n|-damage|p2b: Rillaboom|62\/100 tox|[from] psn\n|upkeep\n|turn|4\n|\n|t:|1699327345\n|-end|p1a: Scream Tail|Protosynthesis|[silent]\n|switch|p1a: Vaporeon|Vaporeon, F|100\/100\n|switch|p2b: Arcanine|Arcanine, M|100\/100\n|-ability|p2b: Arcanine|Intimidate|boost\n|-unboost|p1a: Vaporeon|atk|1\n|-unboost|p1b: Overqwil|atk|1\n|move|p2a: Sneasler|Close Combat|p1b: Overqwil\n|-damage|p1b: Overqwil|0 fnt\n|-unboost|p2a: Sneasler|def|1\n|-unboost|p2a: Sneasler|spd|1\n|faint|p1b: Overqwil\n|\n|-weather|SunnyDay|[upkeep]\n|upkeep\n|\n|t:|1699327360\n|switch|p1b: Scream Tail|Scream Tail|63\/100\n|-activate|p1b: Scream Tail|ability: Protosynthesis\n|-start|p1b: Scream Tail|protosynthesisspe\n|turn|5\n|\n|t:|1699327374\n|move|p2b: Arcanine|Helping Hand|p2a: Sneasler\n|-singleturn|p2a: Sneasler|Helping Hand|[of] p2b: Arcanine\n|move|p1b: Scream Tail|Thunder Wave|p2b: Arcanine\n|-status|p2b: Arcanine|par\n|move|p2a: Sneasler|Close Combat|p1b: Scream Tail\n|-resisted|p1b: Scream Tail\n|-damage|p1b: Scream Tail|42\/100\n|-unboost|p2a: Sneasler|def|1\n|-unboost|p2a: Sneasler|spd|1\n|move|p1a: Vaporeon|Muddy Water|p2b: Arcanine|[spread] p2a,p2b\n|-supereffective|p2b: Arcanine\n|-damage|p2a: Sneasler|25\/100 par\n|-damage|p2b: Arcanine|67\/100 par\n|\n|-weather|SunnyDay|[upkeep]\n|-heal|p1b: Scream Tail|48\/100|[from] Grassy Terrain\n|-heal|p2b: Arcanine|73\/100 par|[from] Grassy Terrain\n|-heal|p2b: Arcanine|80\/100 par|[from] item: Leftovers\n|-end|p2a: Sneasler|Encore\n|-fieldend|move: Grassy Terrain\n|upkeep\n|turn|6\n|\n|t:|1699327413\n|switch|p2b: Rillaboom|Rillaboom, M|62\/100 tox\n|-fieldstart|move: Grassy Terrain|[from] ability: Grassy Surge|[of] p2b: Rillaboom\n|move|p1b: Scream Tail|Encore||[still]\n|-fail|p1b: Scream Tail\n|move|p2a: Sneasler|Gunk Shot|p1b: Scream Tail\n|-supereffective|p1b: Scream Tail\n|-damage|p1b: Scream Tail|0 fnt\n|faint|p1b: Scream Tail\n|-end|p1b: Scream Tail|Protosynthesis|[silent]\n|move|p1a: Vaporeon|Muddy Water|p2a: Sneasler|[spread] p2a,p2b\n|-resisted|p2b: Rillaboom\n|-damage|p2a: Sneasler|0 fnt\n|-damage|p2b: Rillaboom|51\/100 tox\n|faint|p2a: Sneasler\n|\n|-weather|SunnyDay|[upkeep]\n|-heal|p2b: Rillaboom|57\/100 tox|[from] Grassy Terrain\n|-damage|p2b: Rillaboom|51\/100 tox|[from] psn\n|upkeep\n|\n|t:|1699327432\n|switch|p1b: Hatterene|Hatterene, F|100\/100\n|switch|p2a: Regieleki|Regieleki|100\/100\n|turn|7\n|\n|t:|1699327447\n|move|p2b: Rillaboom|Fake Out|p1b: Hatterene\n|-damage|p1b: Hatterene|87\/100\n|move|p2a: Regieleki|Thunderbolt|p1a: Vaporeon\n|-supereffective|p1a: Vaporeon\n|-damage|p1a: Vaporeon|0 fnt\n|faint|p1a: Vaporeon\n|cant|p1b: Hatterene|flinch\n|\n|-weather|SunnyDay|[upkeep]\n|-heal|p2b: Rillaboom|57\/100 tox|[from] Grassy Terrain\n|-heal|p1b: Hatterene|93\/100|[from] Grassy Terrain\n|-damage|p2b: Rillaboom|45\/100 tox|[from] psn\n|upkeep\n|-enditem|p2b: Rillaboom|Sitrus Berry|[eat]\n|-heal|p2b: Rillaboom|70\/100 tox|[from] item: Sitrus Berry\n|\n|t:|1699327462\n|switch|p1a: Arboliva|Arboliva, M|100\/100\n|turn|8\n|\n|t:|1699327475\n|move|p2a: Regieleki|Thunderbolt|p1a: Arboliva\n|-resisted|p1a: Arboliva\n|-damage|p1a: Arboliva|78\/100\n|move|p2b: Rillaboom|Acrobatics|p1a: Arboliva\n|-supereffective|p1a: Arboliva\n|-damage|p1a: Arboliva|4\/100\n|-enditem|p1a: Arboliva|Sitrus Berry|[eat]\n|-heal|p1a: Arboliva|29\/100|[from] item: Sitrus Berry\n|move|p1a: Arboliva|Growth|p1a: Arboliva\n|-boost|p1a: Arboliva|atk|2\n|-boost|p1a: Arboliva|spa|2\n|move|p1b: Hatterene|Mystical Fire|p2a: Regieleki\n|-damage|p2a: Regieleki|14\/100\n|-unboost|p2a: Regieleki|spa|1\n|\n|-weather|SunnyDay|[upkeep]\n|-heal|p2a: Regieleki|20\/100|[from] Grassy Terrain\n|-heal|p2b: Rillaboom|76\/100 tox|[from] Grassy Terrain\n|-heal|p1a: Arboliva|35\/100|[from] Grassy Terrain\n|-heal|p1b: Hatterene|99\/100|[from] Grassy Terrain\n|-damage|p2b: Rillaboom|58\/100 tox|[from] psn\n|-item|p1a: Arboliva|Sitrus Berry|[from] ability: Harvest\n|upkeep\n|-enditem|p1a: Arboliva|Sitrus Berry|[eat]\n|-heal|p1a: Arboliva|60\/100|[from] item: Sitrus Berry\n|turn|9\n|\n|t:|1699327508\n|move|p1a: Arboliva|Protect|p1a: Arboliva\n|-singleturn|p1a: Arboliva|Protect\n|move|p2a: Regieleki|Thunderbolt|p1b: Hatterene\n|-damage|p1b: Hatterene|65\/100\n|move|p2b: Rillaboom|Acrobatics|p1a: Arboliva\n|-activate|p1a: Arboliva|move: Protect\n|move|p1b: Hatterene|Mystical Fire|p2b: Rillaboom\n|-supereffective|p2b: Rillaboom\n|-damage|p2b: Rillaboom|0 fnt\n|faint|p2b: Rillaboom\n|\n|-weather|none\n|-heal|p2a: Regieleki|26\/100|[from] Grassy Terrain\n|-heal|p1a: Arboliva|66\/100|[from] Grassy Terrain\n|-heal|p1b: Hatterene|71\/100|[from] Grassy Terrain\n|-item|p1a: Arboliva|Sitrus Berry|[from] ability: Harvest\n|upkeep\n|\n|t:|1699327531\n|switch|p2b: Arcanine|Arcanine, M|80\/100 par\n|-ability|p2b: Arcanine|Intimidate|boost\n|-unboost|p1a: Arboliva|atk|1\n|-unboost|p1b: Hatterene|atk|1\n|turn|10\n|\n|t:|1699327566\n|switch|p2a: Farigiraf|Farigiraf, F|100\/100\n|move|p1a: Arboliva|Giga Drain|p2a: Farigiraf\n|-damage|p2a: Farigiraf|12\/100\n|-heal|p1a: Arboliva|100\/100|[from] drain|[of] p2a: Farigiraf\n|cant|p2b: Arcanine|par\n|move|p1b: Hatterene|Psychic|p2b: Arcanine\n|-damage|p2b: Arcanine|26\/100 par\n|\n|-heal|p2a: Farigiraf|18\/100|[from] Grassy Terrain\n|-heal|p2b: Arcanine|32\/100 par|[from] Grassy Terrain\n|-heal|p2b: Arcanine|38\/100 par|[from] item: Leftovers\n|-heal|p1b: Hatterene|77\/100|[from] Grassy Terrain\n|-fieldend|move: Grassy Terrain\n|upkeep\n|turn|11\n|\n|t:|1699327594\n|move|p2a: Farigiraf|Ally Switch|p2a: Farigiraf\n|swap|p2a: Farigiraf|1|[from] move: Ally Switch\n|move|p1a: Arboliva|Giga Drain|p2b: Farigiraf\n|-damage|p2b: Farigiraf|0 fnt\n|faint|p2b: Farigiraf\n|move|p2a: Arcanine|Snarl|p1b: Hatterene|[spread] p1a,p1b\n|-damage|p1a: Arboliva|95\/100\n|-damage|p1b: Hatterene|71\/100\n|-unboost|p1a: Arboliva|spa|1\n|-unboost|p1b: Hatterene|spa|1\n|move|p1b: Hatterene|Psychic|p2a: Arcanine\n|-damage|p2a: Arcanine|4\/100 par\n|\n|-heal|p2a: Arcanine|10\/100 par|[from] item: Leftovers\n|upkeep\n|\n|t:|1699327612\n|switch|p2b: Regieleki|Regieleki|26\/100\n|turn|12\n|\n|t:|1699327637\n|switch|p1b: Torkoal|Torkoal, F|31\/100\n|-weather|SunnyDay|[from] ability: Drought|[of] p1b: Torkoal\n|move|p2a: Arcanine|Helping Hand|p2b: Regieleki\n|-singleturn|p2b: Regieleki|Helping Hand|[of] p2a: Arcanine\n|move|p2b: Regieleki|Tera Blast|p1a: Arboliva\n|-damage|p1a: Arboliva|60\/100\n|move|p1a: Arboliva|Giga Drain|p2a: Arcanine\n|-resisted|p2a: Arcanine\n|-damage|p2a: Arcanine|0 fnt\n|-heal|p1a: Arboliva|65\/100|[from] drain|[of] p2a: Arcanine\n|faint|p2a: Arcanine\n|\n|-weather|SunnyDay|[upkeep]\n|upkeep\n|\n|t:|1699327654\n|switch|p2a: Empoleon|Empoleon, M|100\/100\n|turn|13\n|\n|t:|1699327665\n|move|p2b: Regieleki|Tera Blast|p1b: Torkoal\n|-damage|p1b: Torkoal|0 fnt\n|faint|p1b: Torkoal\n|move|p2a: Empoleon|Yawn|p1a: Arboliva\n|-start|p1a: Arboliva|move: Yawn|[of] p2a: Empoleon\n|move|p1a: Arboliva|Giga Drain|p2a: Empoleon\n|-damage|p2a: Empoleon|58\/100\n|-heal|p1a: Arboliva|87\/100|[from] drain|[of] p2a: Empoleon\n|\n|-weather|SunnyDay|[upkeep]\n|upkeep\n|\n|t:|1699327675\n|switch|p1b: Hatterene|Hatterene, F|71\/100\n|turn|14\n|\n|t:|1699327693\n|move|p2b: Regieleki|Tera Blast|p1b: Hatterene\n|-damage|p1b: Hatterene|49\/100\n|move|p2a: Empoleon|Icy Wind|p1a: Arboliva|[spread] p1a,p1b\n|-supereffective|p1a: Arboliva\n|-damage|p1a: Arboliva|67\/100\n|-damage|p1b: Hatterene|39\/100\n|-unboost|p1a: Arboliva|spe|1\n|-unboost|p1b: Hatterene|spe|1\n|move|p1a: Arboliva|Leech Seed|p2a: Empoleon\n|-start|p2a: Empoleon|move: Leech Seed\n|move|p1b: Hatterene|Mystical Fire|p2a: Empoleon\n|-damage|p2a: Empoleon|18\/100\n|-unboost|p2a: Empoleon|spa|1\n|-ability|p2a: Empoleon|Competitive|boost\n|-boost|p2a: Empoleon|spa|2\n|\n|-weather|SunnyDay|[upkeep]\n|-damage|p2a: Empoleon|6\/100|[from] Leech Seed|[of] p1a: Arboliva\n|-heal|p1a: Arboliva|80\/100|[silent]\n|-end|p1a: Arboliva|move: Yawn|[silent]\n|-status|p1a: Arboliva|slp\n|upkeep\n|turn|15\n|\n|t:|1699327721\n|move|p2b: Regieleki|Tera Blast|p1a: Arboliva\n|-damage|p1a: Arboliva|59\/100 slp\n|move|p2a: Empoleon|Air Slash|p1a: Arboliva\n|-supereffective|p1a: Arboliva\n|-damage|p1a: Arboliva|10\/100 slp\n|-enditem|p1a: Arboliva|Sitrus Berry|[eat]\n|-heal|p1a: Arboliva|34\/100 slp|[from] item: Sitrus Berry\n|cant|p1a: Arboliva|slp\n|move|p1b: Hatterene|Giga Drain|p2a: Empoleon\n|-damage|p2a: Empoleon|0 fnt\n|-heal|p1b: Hatterene|42\/100|[from] drain|[of] p2a: Empoleon\n|faint|p2a: Empoleon\n|\n|-weather|SunnyDay|[upkeep]\n|-item|p1a: Arboliva|Sitrus Berry|[from] ability: Harvest\n|upkeep\n|-enditem|p1a: Arboliva|Sitrus Berry|[eat]\n|-heal|p1a: Arboliva|59\/100 slp|[from] item: Sitrus Berry\n|turn|16\n|\n|t:|1699327742\n|move|p2b: Regieleki|Tera Blast|p1b: Hatterene\n|-damage|p1b: Hatterene|19\/100\n|-curestatus|p1a: Arboliva|slp|[msg]\n|move|p1a: Arboliva|Giga Drain|p2b: Regieleki\n|-damage|p2b: Regieleki|0 fnt\n|-heal|p1a: Arboliva|70\/100|[from] drain|[of] p2b: Regieleki\n|faint|p2b: Regieleki\n|\n|win|smexydevvi\n|raw|smexydevvi's rating: 1085 &rarr; <strong>1116<\/strong><br \/>(+31 for winning)\n|raw|Aj.Purp's rating: 1131 &rarr; <strong>1103<\/strong><br \/>(-28 for losing)\n|l|\u2606Aj.Purp\n","uploadtime":1699327758,"views":11,"p1id":"smexydevvi","p2id":"ajpurp","formatid":"gen9doublesou","rating":1103,"private":0,"password":""}