{"id":"gen9doublesou-1973755389","p1":"That1HappieGuy","p2":"Yurokun","format":"[Gen 9] Doubles OU","log":"|j|\u2606That1HappieGuy\n|j|\u2606Yurokun\n|t:|1698010148\n|gametype|doubles\n|player|p1|That1HappieGuy|caitlin|1097\n|player|p2|Yurokun|shadowtriad|1121\n|teamsize|p1|6\n|teamsize|p2|6\n|gen|9\n|tier|[Gen 9] Doubles OU\n|rated|\n|rule|Species Clause: Limit one of each Pok\u00e9mon\n|rule|OHKO Clause: OHKO moves are banned\n|rule|Evasion Moves Clause: Evasion moves are banned\n|rule|Gravity Sleep Clause: The combination of sleep-inducing moves with imperfect accuracy and Gravity or Gigantamax Orbeetle are banned\n|rule|Endless Battle Clause: Forcing endless battles is banned\n|rule|HP Percentage Mod: HP is shown in percentages\n|clearpoke\n|poke|p1|Ogerpon-Wellspring, F|\n|poke|p1|Flutter Mane|\n|poke|p1|Great Tusk|\n|poke|p1|Volbeat, M|\n|poke|p1|Roaring Moon|\n|poke|p1|Garganacl, M|\n|poke|p2|Chien-Pao|\n|poke|p2|Sinistcha-Masterpiece|\n|poke|p2|Tornadus, M|\n|poke|p2|Garchomp, F|\n|poke|p2|Samurott-Hisui, M|\n|poke|p2|Cresselia, F|\n|teampreview\n|\n|t:|1698010167\n|start\n|switch|p1a: Ogerpon|Ogerpon-Wellspring, F|100\/100\n|switch|p1b: Volbeat|Volbeat, M|100\/100\n|switch|p2a: Tornadus|Tornadus, M|100\/100\n|switch|p2b: Samurott|Samurott-Hisui, M|100\/100\n|turn|1\n|inactive|Battle timer is ON: inactive players will automatically lose when time's up. (requested by That1HappieGuy)\n|\n|t:|1698010177\n|move|p1a: Ogerpon|Follow Me|p1a: Ogerpon\n|-singleturn|p1a: Ogerpon|move: Follow Me\n|move|p2a: Tornadus|Tailwind|p2a: Tornadus\n|-sidestart|p2: Yurokun|move: Tailwind\n|move|p1b: Volbeat|Tail Glow|p1b: Volbeat\n|-boost|p1b: Volbeat|spa|3\n|move|p2b: Samurott|Ceaseless Edge|p1a: Ogerpon\n|-damage|p1a: Ogerpon|45\/100\n|-sidestart|p1: That1HappieGuy|Spikes\n|\n|upkeep\n|turn|2\n|c|\u2606Yurokun|WHAT I JUST SAW\n|inactive|Yurokun has 120 seconds left.\n|c|\u2606That1HappieGuy|*shrug*\n|c|\u2606That1HappieGuy|I dont know\n|inactive|Yurokun has 90 seconds left.\n|c|\u2606Yurokun|damn im shocked\n|c|\u2606Yurokun|hold a moment i need some time to recompose\n|c|\u2606Yurokun|damn\n|inactive|Yurokun has 60 seconds left.\n|\n|t:|1698010271\n|move|p1a: Ogerpon|Spiky Shield|p1a: Ogerpon\n|-singleturn|p1a: Ogerpon|move: Protect\n|move|p1b: Volbeat|Thunder Wave|p2a: Tornadus\n|-status|p2a: Tornadus|par\n|move|p2b: Samurott|Ceaseless Edge|p1a: Ogerpon\n|-activate|p1a: Ogerpon|move: Protect\n|-damage|p2b: Samurott|88\/100|[from] Spiky Shield|[of] p1a: Ogerpon\n|move|p2a: Tornadus|Heat Wave|p1b: Volbeat|[spread] p1b\n|-activate|p1a: Ogerpon|move: Protect\n|-supereffective|p1b: Volbeat\n|-damage|p1b: Volbeat|39\/100\n|\n|upkeep\n|turn|3\n|\n|t:|1698010291\n|move|p1b: Volbeat|Baton Pass|p1b: Volbeat\n|\n|t:|1698010293\n|switch|p1b: Flutter Mane|Flutter Mane, shiny|100\/100|[from] Baton Pass\n|-damage|p1b: Flutter Mane|88\/100|[from] Spikes\n|-enditem|p1b: Flutter Mane|Booster Energy\n|-activate|p1b: Flutter Mane|ability: Protosynthesis|[fromitem]\n|-start|p1b: Flutter Mane|protosynthesisspa\n|move|p2b: Samurott|Ceaseless Edge|p1a: Ogerpon\n|-damage|p1a: Ogerpon|0 fnt\n|-sidestart|p1: That1HappieGuy|Spikes\n|faint|p1a: Ogerpon\n|cant|p2a: Tornadus|par\n|\n|upkeep\n|\n|t:|1698010308\n|switch|p1a: Garganacl|Garganacl, M|100\/100\n|-damage|p1a: Garganacl|84\/100|[from] Spikes\n|turn|4\n|\n|t:|1698010317\n|move|p2b: Samurott|Ceaseless Edge|p1b: Flutter Mane\n|-damage|p1b: Flutter Mane|0 fnt\n|-sidestart|p1: That1HappieGuy|Spikes\n|faint|p1b: Flutter Mane\n|-end|p1b: Flutter Mane|Protosynthesis|[silent]\n|move|p2a: Tornadus|Sludge Bomb|p1a: Garganacl\n|-resisted|p1a: Garganacl\n|-damage|p1a: Garganacl|70\/100\n|move|p1a: Garganacl|Stealth Rock|p2b: Samurott\n|-sidestart|p2: Yurokun|move: Stealth Rock\n|\n|-sideend|p2: Yurokun|move: Tailwind\n|upkeep\n|c|\u2606That1HappieGuy|is that samuratt choice scarffed?\n|\n|t:|1698010341\n|switch|p1b: Roaring Moon|Roaring Moon|100\/100\n|-damage|p1b: Roaring Moon|75\/100|[from] Spikes\n|-enditem|p1b: Roaring Moon|Booster Energy\n|-activate|p1b: Roaring Moon|ability: Protosynthesis|[fromitem]\n|-start|p1b: Roaring Moon|protosynthesisatk\n|turn|5\n|c|\u2606Yurokun|yessir\n|c|\u2606That1HappieGuy|makes sense\n|\n|t:|1698010356\n|-terastallize|p1b: Roaring Moon|Steel\n|move|p2a: Tornadus|Tailwind|p2a: Tornadus\n|-sidestart|p2: Yurokun|move: Tailwind\n|move|p2b: Samurott|Ceaseless Edge|p1a: Garganacl\n|-damage|p1a: Garganacl|32\/100\n|-damage|p2b: Samurott|72\/100|[from] item: Rocky Helmet|[of] p1a: Garganacl\n|move|p1b: Roaring Moon|Dragon Dance|p1b: Roaring Moon\n|-boost|p1b: Roaring Moon|atk|1\n|-boost|p1b: Roaring Moon|spe|1\n|move|p1a: Garganacl|Salt Cure|p2a: Tornadus\n|-supereffective|p2a: Tornadus\n|-crit|p2a: Tornadus\n|-damage|p2a: Tornadus|32\/100 par\n|-start|p2a: Tornadus|Salt Cure\n|\n|-heal|p2a: Tornadus|38\/100 par|[from] item: Leftovers\n|-damage|p2a: Tornadus|25\/100 par|[from] Salt Cure\n|upkeep\n|turn|6\n|c|\u2606Yurokun|damn u got me off guard\n|\n|t:|1698010382\n|move|p2b: Samurott|Ceaseless Edge|p1a: Garganacl\n|-damage|p1a: Garganacl|0 fnt\n|-damage|p2b: Samurott|55\/100|[from] item: Rocky Helmet|[of] p1a: Garganacl\n|faint|p1a: Garganacl\n|move|p1b: Roaring Moon|Acrobatics|p2b: Samurott\n|-damage|p2b: Samurott|0 fnt\n|faint|p2b: Samurott\n|move|p2a: Tornadus|Heat Wave|p1b: Roaring Moon\n|-supereffective|p1b: Roaring Moon\n|-crit|p1b: Roaring Moon\n|-damage|p1b: Roaring Moon|0 fnt\n|faint|p1b: Roaring Moon\n|-end|p1b: Roaring Moon|Protosynthesis|[silent]\n|\n|-heal|p2a: Tornadus|31\/100 par|[from] item: Leftovers\n|-damage|p2a: Tornadus|19\/100 par|[from] Salt Cure\n|upkeep\n|c|\u2606That1HappieGuy|i always forget I terastelize\n|\n|t:|1698010401\n|switch|p1b: Great Tusk|Great Tusk, shiny|100\/100\n|switch|p2b: Chien-Pao|Chien-Pao|100\/100\n|switch|p1a: Volbeat|Volbeat, M|39\/100\n|-damage|p2b: Chien-Pao|76\/100|[from] Stealth Rock\n|-ability|p2b: Chien-Pao|Sword of Ruin\n|-damage|p1a: Volbeat|15\/100|[from] Spikes\n|-damage|p1b: Great Tusk|75\/100|[from] Spikes\n|-enditem|p1b: Great Tusk|Booster Energy\n|-activate|p1b: Great Tusk|ability: Protosynthesis|[fromitem]\n|-start|p1b: Great Tusk|protosynthesisdef\n|turn|7\n|c|\u2606Yurokun|you are a genius\n|\n|t:|1698010424\n|move|p1a: Volbeat|Thunder Wave|p2b: Chien-Pao\n|-hint|Since gen 7, Dark is immune to Prankster moves.\n|-immune|p2b: Chien-Pao\n|move|p2b: Chien-Pao|Psychic Fangs|p1b: Great Tusk\n|-supereffective|p1b: Great Tusk\n|-damage|p1b: Great Tusk|30\/100\n|move|p2a: Tornadus|Heat Wave|p1b: Great Tusk|[spread] p1a,p1b\n|-supereffective|p1a: Volbeat\n|-damage|p1a: Volbeat|0 fnt\n|-damage|p1b: Great Tusk|0 fnt\n|faint|p1a: Volbeat\n|faint|p1b: Great Tusk\n|-end|p1b: Great Tusk|Protosynthesis|[silent]\n|\n|win|Yurokun\n|raw|That1HappieGuy's rating: 1097 &rarr; <strong>1074<\/strong><br \/>(-23 for losing)\n|raw|Yurokun's rating: 1121 &rarr; <strong>1144<\/strong><br \/>(+23 for winning)\n","uploadtime":1698010429,"views":15,"p1id":"that1happieguy","p2id":"yurokun","formatid":"gen9doublesou","rating":1074,"private":0,"password":""}