{"id":"gen9doublesou-1982279378","p1":"cg3002","p2":"RinKamii","format":"[Gen 9] Doubles OU","log":"|j|\u2606cg3002\n|j|\u2606RinKamii\n|t:|1698988945\n|gametype|doubles\n|player|p1|cg3002|dancer|1227\n|player|p2|RinKamii|n|1127\n|teamsize|p1|6\n|teamsize|p2|6\n|gen|9\n|tier|[Gen 9] Doubles OU\n|rated|\n|rule|Species Clause: Limit one of each Pok\u00e9mon\n|rule|OHKO Clause: OHKO moves are banned\n|rule|Evasion Moves Clause: Evasion moves are banned\n|rule|Gravity Sleep Clause: The combination of sleep-inducing moves with imperfect accuracy and Gravity or Gigantamax Orbeetle are banned\n|rule|Endless Battle Clause: Forcing endless battles is banned\n|rule|HP Percentage Mod: HP is shown in percentages\n|clearpoke\n|poke|p1|Tyranitar, M|\n|poke|p1|Klefki, M|\n|poke|p1|Lycanroc, F|\n|poke|p1|Copperajah, M|\n|poke|p1|Perrserker, F|\n|poke|p1|Houndstone, M|\n|poke|p2|Sinistcha|\n|poke|p2|Snorlax, M|\n|poke|p2|Gliscor, F|\n|poke|p2|Flutter Mane|\n|poke|p2|Torkoal, F|\n|poke|p2|Amoonguss, F|\n|teampreview\n|\n|t:|1698988963\n|start\n|switch|p1a: Klefki|Klefki, M|100\/100\n|switch|p1b: Perrserker|Perrserker, F|100\/100\n|switch|p2a: Snorlax|Snorlax, M|100\/100\n|switch|p2b: Amoonguss|Amoonguss, F|100\/100\n|turn|1\n|\n|t:|1698988972\n|move|p2b: Amoonguss|Rage Powder|p2b: Amoonguss\n|-singleturn|p2b: Amoonguss|move: Rage Powder\n|move|p1a: Klefki|Misty Terrain|p1a: Klefki\n|-fieldstart|move: Misty Terrain\n|move|p2a: Snorlax|Belly Drum|p2a: Snorlax\n|-damage|p2a: Snorlax|50\/100\n|-setboost|p2a: Snorlax|atk|6|[from] move: Belly Drum\n|-enditem|p2a: Snorlax|Sitrus Berry|[eat]\n|-heal|p2a: Snorlax|75\/100|[from] item: Sitrus Berry\n|move|p1b: Perrserker|Stealth Rock|p2a: Snorlax\n|-sidestart|p2: RinKamii|move: Stealth Rock\n|\n|upkeep\n|turn|2\n|\n|t:|1698988987\n|switch|p1b: Houndstone|Houndstone, M|100\/100\n|switch|p2b: Sinistcha|Sinistcha|100\/100\n|-damage|p2b: Sinistcha|88\/100|[from] Stealth Rock\n|-heal|p2a: Snorlax|99\/100|[from] ability: Hospitality|[of] p2b: Sinistcha\n|move|p2a: Snorlax|Protect|p2a: Snorlax\n|-singleturn|p2a: Snorlax|Protect\n|move|p1a: Klefki|Spikes|p2a: Snorlax\n|-sidestart|p2: RinKamii|Spikes\n|\n|upkeep\n|turn|3\n|\n|t:|1698989004\n|move|p1a: Klefki|Spikes|p2a: Snorlax\n|-sidestart|p2: RinKamii|Spikes\n|move|p2b: Sinistcha|Matcha Gotcha|p1b: Houndstone|[spread] p1a,p1b\n|-resisted|p1a: Klefki\n|-damage|p1a: Klefki|86\/100\n|-heal|p2b: Sinistcha|95\/100|[from] drain|[of] p1a: Klefki\n|-damage|p1b: Houndstone|72\/100\n|-heal|p2b: Sinistcha|100\/100|[from] drain|[of] p1b: Houndstone\n|move|p2a: Snorlax|High Horsepower|p1b: Houndstone\n|-damage|p1b: Houndstone|0 fnt\n|faint|p1b: Houndstone\n|\n|upkeep\n|\n|t:|1698989019\n|switch|p1b: Copperajah|Copperajah, M|100\/100\n|turn|4\n|\n|t:|1698989033\n|switch|p1a: Perrserker|Perrserker, F|100\/100\n|move|p1b: Copperajah|Protect|p1b: Copperajah\n|-singleturn|p1b: Copperajah|Protect\n|move|p2a: Snorlax|High Horsepower|p1b: Copperajah\n|-activate|p1b: Copperajah|move: Protect\n|move|p2b: Sinistcha|Trick Room|p2b: Sinistcha\n|-fieldstart|move: Trick Room|[of] p2b: Sinistcha\n|\n|upkeep\n|turn|5\n|\n|t:|1698989046\n|-terastallize|p1b: Copperajah|Fairy\n|move|p1a: Perrserker|Helping Hand|p1b: Copperajah\n|-singleturn|p1b: Copperajah|Helping Hand|[of] p1a: Perrserker\n|move|p1b: Copperajah|Iron Head|p2b: Sinistcha\n|-damage|p2b: Sinistcha|0 fnt\n|faint|p2b: Sinistcha\n|move|p2a: Snorlax|High Horsepower|p1b: Copperajah\n|-damage|p1b: Copperajah|0 fnt\n|faint|p1b: Copperajah\n|\n|-fieldend|Misty Terrain\n|upkeep\n|\n|t:|1698989058\n|switch|p1b: Tyranitar|Tyranitar, M|100\/100\n|switch|p2b: Gliscor|Gliscor, F|100\/100\n|-weather|Sandstorm|[from] ability: Sand Stream|[of] p1b: Tyranitar\n|-damage|p2b: Gliscor|88\/100|[from] Stealth Rock\n|turn|6\n|\n|t:|1698989088\n|-terastallize|p2a: Snorlax|Water\n|move|p1a: Perrserker|Helping Hand|p1b: Tyranitar\n|-singleturn|p1b: Tyranitar|Helping Hand|[of] p1a: Perrserker\n|move|p2a: Snorlax|High Horsepower|p1a: Perrserker\n|-supereffective|p1a: Perrserker\n|-damage|p1a: Perrserker|0 fnt\n|faint|p1a: Perrserker\n|move|p2b: Gliscor|Toxic|p1b: Tyranitar\n|-status|p1b: Tyranitar|tox\n|move|p1b: Tyranitar|Dragon Tail|p2a: Snorlax|[miss]\n|-miss|p1b: Tyranitar|p2a: Snorlax\n|\n|-weather|Sandstorm|[upkeep]\n|-damage|p2a: Snorlax|94\/100|[from] Sandstorm\n|-damage|p1b: Tyranitar|94\/100 tox|[from] psn\n|-status|p2b: Gliscor|tox|[from] item: Toxic Orb\n|upkeep\n|c|\u2606cg3002|yikes\n|c|\u2606cg3002|gg wp\n|c|\u2606RinKamii|Gg\n|-message|cg3002 forfeited.\n|\n|win|RinKamii\n|raw|cg3002's rating: 1227 &rarr; <strong>1195<\/strong><br \/>(-32 for losing)\n|raw|RinKamii's rating: 1127 &rarr; <strong>1159<\/strong><br \/>(+32 for winning)\n|l|\u2606cg3002\n","uploadtime":1698989128,"views":23,"p1id":"cg3002","p2id":"rinkamii","formatid":"gen9doublesou","rating":1159,"private":0,"password":""}