{"id":"gen9doublesou-1989707352","p1":"ManicManwith","p2":"Pentgunz","format":"[Gen 9] Doubles OU","log":"|j|\u2606ManicManwith\n|j|\u2606Pentgunz\n|t:|1699888775\n|gametype|doubles\n|player|p1|ManicManwith|tate-masters|1066\n|player|p2|Pentgunz|169|1217\n|teamsize|p1|6\n|teamsize|p2|6\n|gen|9\n|tier|[Gen 9] Doubles OU\n|rated|\n|rule|Species Clause: Limit one of each Pok\u00e9mon\n|rule|OHKO Clause: OHKO moves are banned\n|rule|Evasion Moves Clause: Evasion moves are banned\n|rule|Gravity Sleep Clause: The combination of sleep-inducing moves with imperfect accuracy and Gravity or Gigantamax Orbeetle are banned\n|rule|Endless Battle Clause: Forcing endless battles is banned\n|rule|HP Percentage Mod: HP is shown in percentages\n|clearpoke\n|poke|p1|Scizor, M|\n|poke|p1|Gastrodon-East, F|\n|poke|p1|Charizard, M|\n|poke|p1|Walking Wake|\n|poke|p1|Sinistcha-Masterpiece|\n|poke|p1|Torkoal, M|\n|poke|p2|Goodra-Hisui, F|\n|poke|p2|Breloom, M|\n|poke|p2|Dragapult, M|\n|poke|p2|Chi-Yu|\n|poke|p2|Rabsca, M|\n|poke|p2|Diancie|\n|teampreview\n|\n|t:|1699888792\n|start\n|switch|p1a: narfs orgwarfel|Torkoal, M|100\/100\n|switch|p1b: suicune real|Walking Wake|100\/100\n|switch|p2a: Goodra|Goodra-Hisui, F, shiny|100\/100\n|switch|p2b: Diancie|Diancie|100\/100\n|-weather|SunnyDay|[from] ability: Drought|[of] p1a: narfs orgwarfel\n|-activate|p1b: suicune real|ability: Protosynthesis\n|-start|p1b: suicune real|protosynthesisspa\n|turn|1\n|inactive|Battle timer is ON: inactive players will automatically lose when time's up. (requested by Pentgunz)\n|\n|t:|1699888820\n|switch|p1a: gassy g|Gastrodon-East, F, shiny|100\/100\n|-terastallize|p2a: Goodra|Water\n|move|p1b: suicune real|Surf|p2b: Diancie|[spread] p2a,p2b\n|-ability|p1a: gassy g|Storm Drain|boost\n|-boost|p1a: gassy g|spa|1\n|-resisted|p2a: Goodra\n|-supereffective|p2b: Diancie\n|-damage|p2a: Goodra|91\/100\n|-damage|p2b: Diancie|53\/100\n|-enditem|p2b: Diancie|Weakness Policy\n|-boost|p2b: Diancie|atk|2|[from] item: Weakness Policy\n|-boost|p2b: Diancie|spa|2|[from] item: Weakness Policy\n|move|p2a: Goodra|Acid Armor|p2a: Goodra\n|-boost|p2a: Goodra|def|2\n|move|p2b: Diancie|Diamond Storm|p1a: gassy g|[spread] p1b\n|-miss|p2b: Diancie|p1a: gassy g\n|-damage|p1b: suicune real|26\/100\n|\n|-weather|SunnyDay|[upkeep]\n|-heal|p2a: Goodra|97\/100|[from] item: Leftovers\n|upkeep\n|turn|2\n|inactive|ManicManwith has 120 seconds left.\n|\n|t:|1699888860\n|switch|p1a: ka-pow|Scizor, M|100\/100\n|move|p2b: Diancie|Protect|p2b: Diancie\n|-singleturn|p2b: Diancie|Protect\n|move|p1b: suicune real|Surf|p2a: Goodra|[spread] p1a,p2a\n|-activate|p2b: Diancie|move: Protect\n|-resisted|p2a: Goodra\n|-damage|p1a: ka-pow|59\/100\n|-damage|p2a: Goodra|86\/100\n|move|p2a: Goodra|Body Press|p1b: suicune real\n|-damage|p1b: suicune real|0 fnt\n|faint|p1b: suicune real\n|-end|p1b: suicune real|Protosynthesis|[silent]\n|\n|-weather|SunnyDay|[upkeep]\n|-heal|p2a: Goodra|92\/100|[from] item: Leftovers\n|upkeep\n|\n|t:|1699888877\n|switch|p1b: *sip*|Sinistcha-Masterpiece|100\/100\n|-heal|p1a: ka-pow|84\/100|[from] ability: Hospitality|[of] p1b: *sip*\n|turn|3\n|\n|t:|1699888898\n|switch|p2b: Breloom|Breloom, M|100\/100\n|move|p1a: ka-pow|Swords Dance|p1a: ka-pow\n|-boost|p1a: ka-pow|atk|2\n|move|p1b: *sip*|Matcha Gotcha|p2a: Goodra|[spread] p2b\n|-ability|p2a: Goodra|Sap Sipper|boost\n|-boost|p2a: Goodra|atk|1\n|-resisted|p2b: Breloom\n|-damage|p2b: Breloom|82\/100\n|move|p2a: Goodra|Body Press|p1a: ka-pow\n|-damage|p1a: ka-pow|35\/100\n|-enditem|p1a: ka-pow|Sitrus Berry|[eat]\n|-heal|p1a: ka-pow|59\/100|[from] item: Sitrus Berry\n|\n|-weather|SunnyDay|[upkeep]\n|-heal|p2a: Goodra|99\/100|[from] item: Leftovers\n|upkeep\n|turn|4\n|inactive|ManicManwith has 120 seconds left.\n|\n|t:|1699888941\n|move|p1b: *sip*|Rage Powder|p1b: *sip*\n|-singleturn|p1b: *sip*|move: Rage Powder\n|move|p2b: Breloom|Mach Punch|p1a: ka-pow\n|-crit|p1a: ka-pow\n|-damage|p1a: ka-pow|8\/100\n|move|p1a: ka-pow|Acrobatics|p2b: Breloom\n|-supereffective|p2b: Breloom\n|-damage|p2b: Breloom|0 fnt\n|faint|p2b: Breloom\n|move|p2a: Goodra|Body Press|p1b: *sip*\n|-immune|p1b: *sip*\n|\n|-weather|SunnyDay|[upkeep]\n|-heal|p2a: Goodra|100\/100|[from] item: Leftovers\n|upkeep\n|inactive|Pentgunz has 120 seconds left.\n|\n|t:|1699888965\n|switch|p2b: Chi-Yu|Chi-Yu|100\/100\n|-ability|p2b: Chi-Yu|Beads of Ruin\n|turn|5\n|\n|t:|1699888981\n|move|p1b: *sip*|Rage Powder|p1b: *sip*\n|-singleturn|p1b: *sip*|move: Rage Powder\n|move|p1a: ka-pow|Bullet Punch|p2b: Chi-Yu\n|-resisted|p2b: Chi-Yu\n|-damage|p2b: Chi-Yu|41\/100\n|move|p2b: Chi-Yu|Heat Wave|p1b: *sip*|[spread] p1a\n|-miss|p2b: Chi-Yu|p1b: *sip*\n|-supereffective|p1a: ka-pow\n|-damage|p1a: ka-pow|0 fnt\n|faint|p1a: ka-pow\n|move|p2a: Goodra|Acid Armor|p2a: Goodra\n|-boost|p2a: Goodra|def|2\n|\n|-weather|none\n|upkeep\n|inactive|ManicManwith has 120 seconds left.\n|\n|t:|1699888995\n|switch|p1a: gassy g|Gastrodon-East, F, shiny|100\/100\n|turn|6\n|inactive|ManicManwith has 120 seconds left.\n|\n|t:|1699889022\n|switch|p1b: the rizzard of oz|Charizard, M|100\/100\n|move|p2b: Chi-Yu|Heat Wave|p1b: the rizzard of oz|[spread] p1a\n|-miss|p2b: Chi-Yu|p1b: the rizzard of oz\n|-resisted|p1a: gassy g\n|-damage|p1a: gassy g|79\/100\n|move|p2a: Goodra|Heavy Slam|p1b: the rizzard of oz\n|-resisted|p1b: the rizzard of oz\n|-damage|p1b: the rizzard of oz|72\/100\n|move|p1a: gassy g|Clear Smog|p2a: Goodra\n|-damage|p2a: Goodra|88\/100\n|-clearboost|p2a: Goodra\n|\n|-heal|p2a: Goodra|94\/100|[from] item: Leftovers\n|upkeep\n|turn|7\n|inactive|ManicManwith has 120 seconds left.\n|inactive|Pentgunz has 120 seconds left.\n|\n|t:|1699889055\n|switch|p2b: Diancie|Diancie|53\/100\n|move|p2a: Goodra|Protect|p2a: Goodra\n|-singleturn|p2a: Goodra|Protect\n|move|p1b: the rizzard of oz|Belly Drum|p1b: the rizzard of oz\n|-damage|p1b: the rizzard of oz|22\/100\n|-setboost|p1b: the rizzard of oz|atk|6|[from] move: Belly Drum\n|-enditem|p1b: the rizzard of oz|Salac Berry|[eat]\n|-boost|p1b: the rizzard of oz|spe|1|[from] item: Salac Berry\n|move|p1a: gassy g|Muddy Water|p2b: Diancie|[spread] p2b\n|-activate|p2a: Goodra|move: Protect\n|-supereffective|p2b: Diancie\n|-damage|p2b: Diancie|9\/100\n|\n|-heal|p2a: Goodra|99\/100|[from] item: Leftovers\n|upkeep\n|turn|8\n|inactive|ManicManwith has 120 seconds left.\n|\n|t:|1699889094\n|move|p2b: Diancie|Protect|p2b: Diancie\n|-singleturn|p2b: Diancie|Protect\n|move|p1b: the rizzard of oz|Acrobatics|p2b: Diancie\n|-activate|p2b: Diancie|move: Protect\n|move|p2a: Goodra|Heavy Slam|p1b: the rizzard of oz\n|-resisted|p1b: the rizzard of oz\n|-damage|p1b: the rizzard of oz|2\/100\n|move|p1a: gassy g|Muddy Water|p2a: Goodra|[spread] \n|-activate|p2b: Diancie|move: Protect\n|-miss|p1a: gassy g|p2a: Goodra\n|\n|-heal|p2a: Goodra|100\/100|[from] item: Leftovers\n|upkeep\n|turn|9\n|inactive|ManicManwith has 120 seconds left.\n|inactive|Pentgunz has 120 seconds left.\n|\n|t:|1699889127\n|move|p2a: Goodra|Protect|p2a: Goodra\n|-singleturn|p2a: Goodra|Protect\n|move|p1b: the rizzard of oz|Acrobatics|p2a: Goodra\n|-activate|p2a: Goodra|move: Protect\n|move|p1a: gassy g|Clear Smog|p2b: Diancie\n|-crit|p2b: Diancie\n|-damage|p2b: Diancie|0 fnt\n|-clearboost|p2b: Diancie\n|faint|p2b: Diancie\n|\n|upkeep\n|inactive|Pentgunz has 120 seconds left.\n|\n|t:|1699889158\n|switch|p2b: Chi-Yu|Chi-Yu|41\/100\n|-ability|p2b: Chi-Yu|Beads of Ruin\n|turn|10\n|\n|t:|1699889169\n|move|p2b: Chi-Yu|Snarl|p1a: gassy g|[spread] p1a\n|-miss|p2b: Chi-Yu|p1b: the rizzard of oz\n|-damage|p1a: gassy g|53\/100\n|-unboost|p1a: gassy g|spa|1\n|move|p1b: the rizzard of oz|Acrobatics|p2a: Goodra\n|-damage|p2a: Goodra|0 fnt\n|faint|p2a: Goodra\n|move|p1a: gassy g|Muddy Water|p2b: Chi-Yu\n|-supereffective|p2b: Chi-Yu\n|-crit|p2b: Chi-Yu\n|-damage|p2b: Chi-Yu|0 fnt\n|faint|p2b: Chi-Yu\n|\n|upkeep\n|\n|t:|1699889175\n|switch|p2b: Rabsca|Rabsca, M, shiny|100\/100\n|switch|p2a: Dragapult|Dragapult, M|100\/100\n|turn|11\n|\n|t:|1699889194\n|move|p1b: the rizzard of oz|Acrobatics|p2a: Dragapult\n|-crit|p2a: Dragapult\n|-damage|p2a: Dragapult|0 fnt\n|faint|p2a: Dragapult\n|move|p1a: gassy g|Ice Beam|p2b: Rabsca\n|-damage|p2b: Rabsca|83\/100\n|move|p2b: Rabsca|Revival Blessing|p2b: Rabsca\n|-enditem|p2b: Rabsca|Leppa Berry|[eat]\n|-activate|p2b: Rabsca|item: Leppa Berry|Revival Blessing|[consumed]\n|\n|t:|1699889199\n|-heal|p2: Breloom|50\/100|[from] move: Revival Blessing\n|\n|upkeep\n|\n|t:|1699889201\n|switch|p2a: Breloom|Breloom, M|50\/100\n|turn|12\n|\n|t:|1699889215\n|move|p2a: Breloom|Mach Punch|p1b: the rizzard of oz\n|-resisted|p1b: the rizzard of oz\n|-damage|p1b: the rizzard of oz|0 fnt\n|faint|p1b: the rizzard of oz\n|move|p1a: gassy g|Ice Beam|p2a: Breloom\n|-supereffective|p2a: Breloom\n|-damage|p2a: Breloom|0 fnt\n|faint|p2a: Breloom\n|move|p2b: Rabsca|Revival Blessing|p2b: Rabsca\n|\n|t:|1699889224\n|-heal|p2: Chi-Yu|50\/100|[from] move: Revival Blessing\n|\n|upkeep\n|c|\u2606ManicManwith|what\n|\n|t:|1699889245\n|switch|p1b: narfs orgwarfel|Torkoal, M|100\/100\n|switch|p2a: Chi-Yu|Chi-Yu|50\/100\n|-ability|p2a: Chi-Yu|Beads of Ruin\n|-weather|SunnyDay|[from] ability: Drought|[of] p1b: narfs orgwarfel\n|turn|13\n|inactive|Pentgunz has 120 seconds left.\n|\n|t:|1699889277\n|move|p2a: Chi-Yu|Snarl|p1a: gassy g|[spread] p1a,p1b\n|-damage|p1a: gassy g|26\/100\n|-damage|p1b: narfs orgwarfel|60\/100\n|-unboost|p1a: gassy g|spa|1\n|-unboost|p1b: narfs orgwarfel|spa|1\n|-enditem|p1a: gassy g|Sitrus Berry|[eat]\n|-heal|p1a: gassy g|50\/100|[from] item: Sitrus Berry\n|move|p1a: gassy g|Muddy Water|p2a: Chi-Yu|[spread] p2a,p2b\n|-supereffective|p2a: Chi-Yu\n|-damage|p2a: Chi-Yu|35\/100\n|-damage|p2b: Rabsca|74\/100\n|-unboost|p2a: Chi-Yu|accuracy|1\n|move|p2b: Rabsca|Bug Buzz|p1a: gassy g\n|-damage|p1a: gassy g|7\/100\n|move|p1b: narfs orgwarfel|Eruption|p2a: Chi-Yu|[spread] p2a,p2b\n|-resisted|p2a: Chi-Yu\n|-supereffective|p2b: Rabsca\n|-damage|p2a: Chi-Yu|18\/100\n|-damage|p2b: Rabsca|0 fnt\n|faint|p2b: Rabsca\n|\n|-weather|SunnyDay|[upkeep]\n|-heal|p1b: narfs orgwarfel|66\/100|[from] item: Leftovers\n|upkeep\n|turn|14\n|inactive|ManicManwith has 120 seconds left.\n|\n|t:|1699889329\n|move|p2a: Chi-Yu|Snarl|p1b: narfs orgwarfel|[spread] p1a,p1b\n|-damage|p1a: gassy g|0 fnt\n|-damage|p1b: narfs orgwarfel|29\/100\n|-unboost|p1b: narfs orgwarfel|spa|1\n|faint|p1a: gassy g\n|move|p1b: narfs orgwarfel|Clear Smog|p2a: Chi-Yu\n|-damage|p2a: Chi-Yu|10\/100\n|-clearboost|p2a: Chi-Yu\n|\n|-weather|SunnyDay|[upkeep]\n|-heal|p1b: narfs orgwarfel|35\/100|[from] item: Leftovers\n|upkeep\n|\n|t:|1699889342\n|switch|p1a: *sip*|Sinistcha-Masterpiece|100\/100\n|-heal|p1b: narfs orgwarfel|60\/100|[from] ability: Hospitality|[of] p1a: *sip*\n|turn|15\n|\n|t:|1699889355\n|move|p2a: Chi-Yu|Snarl|p1b: narfs orgwarfel|[spread] p1a,p1b\n|-supereffective|p1a: *sip*\n|-damage|p1a: *sip*|27\/100\n|-damage|p1b: narfs orgwarfel|22\/100\n|-unboost|p1a: *sip*|spa|1\n|-unboost|p1b: narfs orgwarfel|spa|1\n|move|p1a: *sip*|Strength Sap|p2a: Chi-Yu\n|-unboost|p2a: Chi-Yu|atk|1\n|-heal|p1a: *sip*|78\/100\n|move|p1b: narfs orgwarfel|Eruption|p2a: Chi-Yu\n|-resisted|p2a: Chi-Yu\n|-damage|p2a: Chi-Yu|4\/100\n|\n|-weather|SunnyDay|[upkeep]\n|-heal|p1a: *sip*|84\/100|[from] item: Leftovers\n|-heal|p1b: narfs orgwarfel|28\/100|[from] item: Leftovers\n|upkeep\n|turn|16\n|\n|t:|1699889369\n|move|p2a: Chi-Yu|Snarl|p1b: narfs orgwarfel|[spread] p1a,p1b\n|-supereffective|p1a: *sip*\n|-damage|p1a: *sip*|11\/100\n|-damage|p1b: narfs orgwarfel|0 fnt\n|-unboost|p1a: *sip*|spa|1\n|faint|p1b: narfs orgwarfel\n|move|p1a: *sip*|Matcha Gotcha|p2a: Chi-Yu\n|-resisted|p2a: Chi-Yu\n|-damage|p2a: Chi-Yu|0 fnt\n|-heal|p1a: *sip*|13\/100|[from] drain|[of] p2a: Chi-Yu\n|faint|p2a: Chi-Yu\n|\n|win|ManicManwith\n|raw|ManicManwith's rating: 1066 &rarr; <strong>1108<\/strong><br \/>(+42 for winning)\n|raw|Pentgunz's rating: 1217 &rarr; <strong>1182<\/strong><br \/>(-35 for losing)\n","uploadtime":1699889381,"views":18,"p1id":"manicmanwith","p2id":"pentgunz","formatid":"gen9doublesou","rating":1108,"private":0,"password":""}