{"id":"gen9doublesou-1994037330","p1":"olalei","p2":"OPieceOfHeroGhost","format":"[Gen 9] Doubles OU","log":"|j|\u2606olalei\n|j|\u2606OPieceOfHeroGhost\n|t:|1700397840\n|gametype|doubles\n|player|p1|olalei|2|1363\n|player|p2|OPieceOfHeroGhost|morty|1631\n|teamsize|p1|6\n|teamsize|p2|6\n|gen|9\n|tier|[Gen 9] Doubles OU\n|rated|\n|rule|Species Clause: Limit one of each Pok\u00e9mon\n|rule|OHKO Clause: OHKO moves are banned\n|rule|Evasion Moves Clause: Evasion moves are banned\n|rule|Gravity Sleep Clause: The combination of sleep-inducing moves with imperfect accuracy and Gravity or Gigantamax Orbeetle are banned\n|rule|Endless Battle Clause: Forcing endless battles is banned\n|rule|HP Percentage Mod: HP is shown in percentages\n|clearpoke\n|poke|p1|Ogerpon-Hearthflame, F|\n|poke|p1|Torkoal, M|\n|poke|p1|Flutter Mane|\n|poke|p1|Tornadus, M|\n|poke|p1|Landorus-Therian, M|\n|poke|p1|Chien-Pao|\n|poke|p2|Dipplin, F|\n|poke|p2|Ogerpon-Hearthflame, F|\n|poke|p2|Torkoal, F|\n|poke|p2|Volcanion|\n|poke|p2|Landorus-Therian, M|\n|poke|p2|Rillaboom, M|\n|teampreview\n|inactive|Battle timer is ON: inactive players will automatically lose when time's up. (requested by olalei)\n|\n|t:|1700397846\n|start\n|switch|p1a: Tornadus|Tornadus, M|100\/100\n|switch|p1b: Landorus|Landorus-Therian, M|100\/100\n|switch|p2a: \u6b7b\u7f20\u70c2\u6253\u6253\u4e00\u6253|Dipplin, F|100\/100\n|switch|p2b: \u5211\u90e8\u5c1a\u4e66|Rillaboom, M|100\/100\n|-ability|p1b: Landorus|Intimidate|boost\n|-unboost|p2a: \u6b7b\u7f20\u70c2\u6253\u6253\u4e00\u6253|atk|1\n|-unboost|p2b: \u5211\u90e8\u5c1a\u4e66|atk|1\n|-fieldstart|move: Grassy Terrain|[from] ability: Grassy Surge|[of] p2b: \u5211\u90e8\u5c1a\u4e66\n|turn|1\n|\n|t:|1700397867\n|move|p2b: \u5211\u90e8\u5c1a\u4e66|Fake Out|p1b: Landorus\n|-damage|p1b: Landorus|91\/100\n|move|p1a: Tornadus|Tailwind|p1a: Tornadus\n|-sidestart|p1: olalei|move: Tailwind\n|cant|p1b: Landorus|flinch\n|move|p2a: \u6b7b\u7f20\u70c2\u6253\u6253\u4e00\u6253|Growth|p2a: \u6b7b\u7f20\u70c2\u6253\u6253\u4e00\u6253\n|-boost|p2a: \u6b7b\u7f20\u70c2\u6253\u6253\u4e00\u6253|atk|1\n|-boost|p2a: \u6b7b\u7f20\u70c2\u6253\u6253\u4e00\u6253|spa|1\n|\n|upkeep\n|turn|2\n|\n|t:|1700397893\n|switch|p2b: \u68d2\u6253\u7eaf\u7231\u6218\u58eb|Ogerpon-Hearthflame, F|100\/100\n|-ability|p2b: \u68d2\u6253\u7eaf\u7231\u6218\u58eb|Mold Breaker\n|move|p1a: Tornadus|Taunt|p2a: \u6b7b\u7f20\u70c2\u6253\u6253\u4e00\u6253\n|-start|p2a: \u6b7b\u7f20\u70c2\u6253\u6253\u4e00\u6253|move: Taunt\n|move|p1b: Landorus|U-turn|p2b: \u68d2\u6253\u7eaf\u7231\u6218\u58eb\n|-damage|p2b: \u68d2\u6253\u7eaf\u7231\u6218\u58eb|68\/100\n|\n|t:|1700397905\n|switch|p1b: Flutter Mane|Flutter Mane|100\/100|[from] U-turn\n|cant|p2a: \u6b7b\u7f20\u70c2\u6253\u6253\u4e00\u6253|move: Taunt|Recover\n|\n|-heal|p2b: \u68d2\u6253\u7eaf\u7231\u6218\u58eb|75\/100|[from] Grassy Terrain\n|upkeep\n|turn|3\n|\n|t:|1700397922\n|-terastallize|p2b: \u68d2\u6253\u7eaf\u7231\u6218\u58eb|Fire\n|detailschange|p2b: \u68d2\u6253\u7eaf\u7231\u6218\u58eb|Ogerpon-Hearthflame-Tera, F, tera:Fire\n|-ability|p2b: \u68d2\u6253\u7eaf\u7231\u6218\u58eb|Embody Aspect (Hearthflame)|boost\n|-boost|p2b: \u68d2\u6253\u7eaf\u7231\u6218\u58eb|atk|1\n|move|p2b: \u68d2\u6253\u7eaf\u7231\u6218\u58eb|Grassy Glide|p1b: Flutter Mane\n|-damage|p1b: Flutter Mane|4\/100\n|move|p2a: \u6b7b\u7f20\u70c2\u6253\u6253\u4e00\u6253|Grassy Glide|p1b: Flutter Mane\n|-damage|p1b: Flutter Mane|0 fnt\n|faint|p1b: Flutter Mane\n|-end|p1b: Flutter Mane|Protosynthesis|[silent]\n|move|p1a: Tornadus|Bleakwind Storm|p2a: \u6b7b\u7f20\u70c2\u6253\u6253\u4e00\u6253|[spread] p2b\n|-miss|p1a: Tornadus|p2a: \u6b7b\u7f20\u70c2\u6253\u6253\u4e00\u6253\n|-damage|p2b: \u68d2\u6253\u7eaf\u7231\u6218\u58eb|36\/100\n|-unboost|p2b: \u68d2\u6253\u7eaf\u7231\u6218\u58eb|spe|1\n|\n|-heal|p2b: \u68d2\u6253\u7eaf\u7231\u6218\u58eb|43\/100|[from] Grassy Terrain\n|upkeep\n|\n|t:|1700397941\n|switch|p1b: Landorus|Landorus-Therian, M|91\/100\n|-ability|p1b: Landorus|Intimidate|boost\n|-unboost|p2a: \u6b7b\u7f20\u70c2\u6253\u6253\u4e00\u6253|atk|1\n|-unboost|p2b: \u68d2\u6253\u7eaf\u7231\u6218\u58eb|atk|1\n|turn|4\n|\n|t:|1700397957\n|switch|p2b: \u6025\u901f\u6298\u8fd4\u53cd\u4e00\u53cd|Landorus-Therian, M|100\/100\n|-ability|p2b: \u6025\u901f\u6298\u8fd4\u53cd\u4e00\u53cd|Intimidate|boost\n|-unboost|p1a: Tornadus|atk|1\n|-unboost|p1b: Landorus|atk|1\n|move|p2a: \u6b7b\u7f20\u70c2\u6253\u6253\u4e00\u6253|Grassy Glide|p1b: Landorus\n|-damage|p1b: Landorus|78\/100\n|move|p1a: Tornadus|Bleakwind Storm|p2b: \u6025\u901f\u6298\u8fd4\u53cd\u4e00\u53cd|[spread] p2a,p2b\n|-supereffective|p2a: \u6b7b\u7f20\u70c2\u6253\u6253\u4e00\u6253\n|-damage|p2a: \u6b7b\u7f20\u70c2\u6253\u6253\u4e00\u6253|56\/100\n|-damage|p2b: \u6025\u901f\u6298\u8fd4\u53cd\u4e00\u53cd|58\/100\n|move|p1b: Landorus|Rock Slide|p2a: \u6b7b\u7f20\u70c2\u6253\u6253\u4e00\u6253|[spread] p2a,p2b\n|-damage|p2a: \u6b7b\u7f20\u70c2\u6253\u6253\u4e00\u6253|49\/100\n|-damage|p2b: \u6025\u901f\u6298\u8fd4\u53cd\u4e00\u53cd|41\/100\n|\n|-heal|p2a: \u6b7b\u7f20\u70c2\u6253\u6253\u4e00\u6253|55\/100|[from] Grassy Terrain\n|-end|p2a: \u6b7b\u7f20\u70c2\u6253\u6253\u4e00\u6253|move: Taunt\n|-sideend|p1: olalei|move: Tailwind\n|upkeep\n|turn|5\n|inactive|OPieceOfHeroGhost has 120 seconds left.\n|\n|t:|1700397995\n|switch|p2b: \u4e5d\u5c3e\u662f\u4ec0\u4e48\u5e9f\u7269|Torkoal, F|100\/100\n|-weather|SunnyDay|[from] ability: Drought|[of] p2b: \u4e5d\u5c3e\u662f\u4ec0\u4e48\u5e9f\u7269\n|move|p1a: Tornadus|Tailwind|p1a: Tornadus\n|-sidestart|p1: olalei|move: Tailwind\n|move|p1b: Landorus|U-turn|p2a: \u6b7b\u7f20\u70c2\u6253\u6253\u4e00\u6253\n|-supereffective|p2a: \u6b7b\u7f20\u70c2\u6253\u6253\u4e00\u6253\n|-damage|p2a: \u6b7b\u7f20\u70c2\u6253\u6253\u4e00\u6253|36\/100\n|inactive|olalei has 120 seconds left.\n|\n|t:|1700398015\n|switch|p1b: Chien-Pao|Chien-Pao|100\/100|[from] U-turn\n|-ability|p1b: Chien-Pao|Sword of Ruin\n|move|p2a: \u6b7b\u7f20\u70c2\u6253\u6253\u4e00\u6253|Growth|p2a: \u6b7b\u7f20\u70c2\u6253\u6253\u4e00\u6253\n|-boost|p2a: \u6b7b\u7f20\u70c2\u6253\u6253\u4e00\u6253|atk|2\n|-boost|p2a: \u6b7b\u7f20\u70c2\u6253\u6253\u4e00\u6253|spa|2\n|\n|-weather|SunnyDay|[upkeep]\n|-heal|p2a: \u6b7b\u7f20\u70c2\u6253\u6253\u4e00\u6253|42\/100|[from] Grassy Terrain\n|-fieldend|move: Grassy Terrain\n|upkeep\n|turn|6\n|inactive|olalei has 120 seconds left.\n|\n|t:|1700398037\n|switch|p2b: \u5211\u90e8\u5c1a\u4e66|Rillaboom, M|100\/100\n|-fieldstart|move: Grassy Terrain|[from] ability: Grassy Surge|[of] p2b: \u5211\u90e8\u5c1a\u4e66\n|move|p2a: \u6b7b\u7f20\u70c2\u6253\u6253\u4e00\u6253|Grassy Glide|p1b: Chien-Pao\n|-damage|p1b: Chien-Pao|63\/100\n|move|p1a: Tornadus|Bleakwind Storm|p2a: \u6b7b\u7f20\u70c2\u6253\u6253\u4e00\u6253|[spread] p2b\n|-miss|p1a: Tornadus|p2a: \u6b7b\u7f20\u70c2\u6253\u6253\u4e00\u6253\n|-supereffective|p2b: \u5211\u90e8\u5c1a\u4e66\n|-damage|p2b: \u5211\u90e8\u5c1a\u4e66|45\/100\n|move|p1b: Chien-Pao|Ice Spinner|p2a: \u6b7b\u7f20\u70c2\u6253\u6253\u4e00\u6253\n|-supereffective|p2a: \u6b7b\u7f20\u70c2\u6253\u6253\u4e00\u6253\n|-damage|p2a: \u6b7b\u7f20\u70c2\u6253\u6253\u4e00\u6253|0 fnt\n|-fieldend|move: Grassy Terrain\n|faint|p2a: \u6b7b\u7f20\u70c2\u6253\u6253\u4e00\u6253\n|\n|-weather|SunnyDay|[upkeep]\n|upkeep\n|inactive|OPieceOfHeroGhost has 120 seconds left.\n|\n|t:|1700398053\n|switch|p2a: \u8fd9\u4e2a\u5df4\u5c14\u51ef\u5c3c\u6069\u7942\u80fd\u5e72\u4ec0\u4e48\uff1f|Volcanion|100\/100\n|turn|7\n|\n|t:|1700398065\n|switch|p1b: Landorus|Landorus-Therian, M|78\/100\n|-ability|p1b: Landorus|Intimidate|boost\n|-unboost|p2a: \u8fd9\u4e2a\u5df4\u5c14\u51ef\u5c3c\u6069\u7942\u80fd\u5e72\u4ec0\u4e48\uff1f|atk|1\n|-unboost|p2b: \u5211\u90e8\u5c1a\u4e66|atk|1\n|switch|p2b: \u4e5d\u5c3e\u662f\u4ec0\u4e48\u5e9f\u7269|Torkoal, F|100\/100\n|move|p1a: Tornadus|Bleakwind Storm|p2a: \u8fd9\u4e2a\u5df4\u5c14\u51ef\u5c3c\u6069\u7942\u80fd\u5e72\u4ec0\u4e48\uff1f|[spread] \n|-miss|p1a: Tornadus|p2a: \u8fd9\u4e2a\u5df4\u5c14\u51ef\u5c3c\u6069\u7942\u80fd\u5e72\u4ec0\u4e48\uff1f\n|-miss|p1a: Tornadus|p2b: \u4e5d\u5c3e\u662f\u4ec0\u4e48\u5e9f\u7269\n|move|p2a: \u8fd9\u4e2a\u5df4\u5c14\u51ef\u5c3c\u6069\u7942\u80fd\u5e72\u4ec0\u4e48\uff1f|Heat Wave|p1a: Tornadus|[spread] p1a\n|-miss|p2a: \u8fd9\u4e2a\u5df4\u5c14\u51ef\u5c3c\u6069\u7942\u80fd\u5e72\u4ec0\u4e48\uff1f|p1b: Landorus\n|-damage|p1a: Tornadus|19\/100\n|\n|-weather|SunnyDay|[upkeep]\n|upkeep\n|turn|8\n|\n|t:|1700398085\n|move|p2a: \u8fd9\u4e2a\u5df4\u5c14\u51ef\u5c3c\u6069\u7942\u80fd\u5e72\u4ec0\u4e48\uff1f|Protect|p2a: \u8fd9\u4e2a\u5df4\u5c14\u51ef\u5c3c\u6069\u7942\u80fd\u5e72\u4ec0\u4e48\uff1f\n|-singleturn|p2a: \u8fd9\u4e2a\u5df4\u5c14\u51ef\u5c3c\u6069\u7942\u80fd\u5e72\u4ec0\u4e48\uff1f|Protect\n|move|p1a: Tornadus|Bleakwind Storm|p2b: \u4e5d\u5c3e\u662f\u4ec0\u4e48\u5e9f\u7269|[spread] p2b\n|-activate|p2a: \u8fd9\u4e2a\u5df4\u5c14\u51ef\u5c3c\u6069\u7942\u80fd\u5e72\u4ec0\u4e48\uff1f|move: Protect\n|-damage|p2b: \u4e5d\u5c3e\u662f\u4ec0\u4e48\u5e9f\u7269|61\/100\n|-unboost|p2b: \u4e5d\u5c3e\u662f\u4ec0\u4e48\u5e9f\u7269|spe|1\n|move|p1b: Landorus|Stomping Tantrum|p2a: \u8fd9\u4e2a\u5df4\u5c14\u51ef\u5c3c\u6069\u7942\u80fd\u5e72\u4ec0\u4e48\uff1f\n|-activate|p2a: \u8fd9\u4e2a\u5df4\u5c14\u51ef\u5c3c\u6069\u7942\u80fd\u5e72\u4ec0\u4e48\uff1f|move: Protect\n|move|p2b: \u4e5d\u5c3e\u662f\u4ec0\u4e48\u5e9f\u7269|Stealth Rock|p1a: Tornadus\n|-sidestart|p1: olalei|move: Stealth Rock\n|\n|-weather|SunnyDay|[upkeep]\n|-sideend|p1: olalei|move: Tailwind\n|upkeep\n|turn|9\n|\n|t:|1700398110\n|switch|p2a: \u6025\u901f\u6298\u8fd4\u53cd\u4e00\u53cd|Landorus-Therian, M|41\/100\n|-ability|p2a: \u6025\u901f\u6298\u8fd4\u53cd\u4e00\u53cd|Intimidate|boost\n|-unboost|p1a: Tornadus|atk|1\n|-unboost|p1b: Landorus|atk|1\n|move|p1a: Tornadus|Tailwind|p1a: Tornadus\n|-sidestart|p1: olalei|move: Tailwind\n|move|p1b: Landorus|Stomping Tantrum|p2a: \u6025\u901f\u6298\u8fd4\u53cd\u4e00\u53cd\n|-immune|p2a: \u6025\u901f\u6298\u8fd4\u53cd\u4e00\u53cd\n|move|p2b: \u4e5d\u5c3e\u662f\u4ec0\u4e48\u5e9f\u7269|Heat Wave|p1a: Tornadus|[spread] p1a,p1b\n|-damage|p1a: Tornadus|0 fnt\n|-damage|p1b: Landorus|54\/100\n|faint|p1a: Tornadus\n|\n|-weather|none\n|upkeep\n|\n|t:|1700398122\n|switch|p1a: Ogerpon|Ogerpon-Hearthflame, F|100\/100\n|-damage|p1a: Ogerpon|76\/100|[from] Stealth Rock\n|-ability|p1a: Ogerpon|Mold Breaker\n|turn|10\n|\n|t:|1700398154\n|switch|p2a: \u8fd9\u4e2a\u5df4\u5c14\u51ef\u5c3c\u6069\u7942\u80fd\u5e72\u4ec0\u4e48\uff1f|Volcanion|100\/100\n|-terastallize|p1a: Ogerpon|Fire\n|detailschange|p1a: Ogerpon|Ogerpon-Hearthflame-Tera, F, tera:Fire\n|-ability|p1a: Ogerpon|Embody Aspect (Hearthflame)|boost\n|-boost|p1a: Ogerpon|atk|1\n|move|p1a: Ogerpon|Ivy Cudgel|p2a: \u8fd9\u4e2a\u5df4\u5c14\u51ef\u5c3c\u6069\u7942\u80fd\u5e72\u4ec0\u4e48\uff1f|[anim] Ivy Cudgel Fire\n|-resisted|p2a: \u8fd9\u4e2a\u5df4\u5c14\u51ef\u5c3c\u6069\u7942\u80fd\u5e72\u4ec0\u4e48\uff1f\n|-damage|p2a: \u8fd9\u4e2a\u5df4\u5c14\u51ef\u5c3c\u6069\u7942\u80fd\u5e72\u4ec0\u4e48\uff1f|77\/100\n|move|p1b: Landorus|Stomping Tantrum|p2b: \u4e5d\u5c3e\u662f\u4ec0\u4e48\u5e9f\u7269\n|-supereffective|p2b: \u4e5d\u5c3e\u662f\u4ec0\u4e48\u5e9f\u7269\n|-damage|p2b: \u4e5d\u5c3e\u662f\u4ec0\u4e48\u5e9f\u7269|0 fnt\n|faint|p2b: \u4e5d\u5c3e\u662f\u4ec0\u4e48\u5e9f\u7269\n|\n|-heal|p2a: \u8fd9\u4e2a\u5df4\u5c14\u51ef\u5c3c\u6069\u7942\u80fd\u5e72\u4ec0\u4e48\uff1f|84\/100|[from] item: Leftovers\n|upkeep\n|inactive|OPieceOfHeroGhost has 120 seconds left.\n|\n|t:|1700398170\n|switch|p2b: \u6025\u901f\u6298\u8fd4\u53cd\u4e00\u53cd|Landorus-Therian, M|41\/100\n|-ability|p2b: \u6025\u901f\u6298\u8fd4\u53cd\u4e00\u53cd|Intimidate|boost\n|-unboost|p1a: Ogerpon|atk|1\n|-unboost|p1b: Landorus|atk|1\n|turn|11\n|\n|t:|1700398191\n|switch|p2b: \u5211\u90e8\u5c1a\u4e66|Rillaboom, M|45\/100\n|-fieldstart|move: Grassy Terrain|[from] ability: Grassy Surge|[of] p2b: \u5211\u90e8\u5c1a\u4e66\n|move|p2a: \u8fd9\u4e2a\u5df4\u5c14\u51ef\u5c3c\u6069\u7942\u80fd\u5e72\u4ec0\u4e48\uff1f|Protect|p2a: \u8fd9\u4e2a\u5df4\u5c14\u51ef\u5c3c\u6069\u7942\u80fd\u5e72\u4ec0\u4e48\uff1f\n|-singleturn|p2a: \u8fd9\u4e2a\u5df4\u5c14\u51ef\u5c3c\u6069\u7942\u80fd\u5e72\u4ec0\u4e48\uff1f|Protect\n|move|p1a: Ogerpon|Horn Leech|p2b: \u5211\u90e8\u5c1a\u4e66\n|-resisted|p2b: \u5211\u90e8\u5c1a\u4e66\n|-damage|p2b: \u5211\u90e8\u5c1a\u4e66|18\/100\n|-heal|p1a: Ogerpon|94\/100|[from] drain|[of] p2b: \u5211\u90e8\u5c1a\u4e66\n|move|p1b: Landorus|Stomping Tantrum|p2a: \u8fd9\u4e2a\u5df4\u5c14\u51ef\u5c3c\u6069\u7942\u80fd\u5e72\u4ec0\u4e48\uff1f\n|-activate|p2a: \u8fd9\u4e2a\u5df4\u5c14\u51ef\u5c3c\u6069\u7942\u80fd\u5e72\u4ec0\u4e48\uff1f|move: Protect\n|\n|-heal|p1a: Ogerpon|99\/100|[from] Grassy Terrain\n|-heal|p2b: \u5211\u90e8\u5c1a\u4e66|24\/100|[from] Grassy Terrain\n|-heal|p2a: \u8fd9\u4e2a\u5df4\u5c14\u51ef\u5c3c\u6069\u7942\u80fd\u5e72\u4ec0\u4e48\uff1f|90\/100|[from] Grassy Terrain\n|-heal|p2a: \u8fd9\u4e2a\u5df4\u5c14\u51ef\u5c3c\u6069\u7942\u80fd\u5e72\u4ec0\u4e48\uff1f|96\/100|[from] item: Leftovers\n|upkeep\n|turn|12\n|\n|t:|1700398219\n|move|p1a: Ogerpon|Spiky Shield|p1a: Ogerpon\n|-singleturn|p1a: Ogerpon|move: Protect\n|move|p2b: \u5211\u90e8\u5c1a\u4e66|Fake Out|p1a: Ogerpon\n|-activate|p1a: Ogerpon|move: Protect\n|-damage|p2b: \u5211\u90e8\u5c1a\u4e66|12\/100|[from] Spiky Shield|[of] p1a: Ogerpon\n|move|p1b: Landorus|U-turn|p2b: \u5211\u90e8\u5c1a\u4e66\n|-supereffective|p2b: \u5211\u90e8\u5c1a\u4e66\n|-damage|p2b: \u5211\u90e8\u5c1a\u4e66|0 fnt\n|faint|p2b: \u5211\u90e8\u5c1a\u4e66\n|\n|t:|1700398228\n|switch|p1b: Torkoal|Torkoal, M|100\/100|[from] U-turn\n|-damage|p1b: Torkoal|75\/100|[from] Stealth Rock\n|-weather|SunnyDay|[from] ability: Drought|[of] p1b: Torkoal\n|move|p2a: \u8fd9\u4e2a\u5df4\u5c14\u51ef\u5c3c\u6069\u7942\u80fd\u5e72\u4ec0\u4e48\uff1f|Steam Eruption|p1a: Ogerpon\n|-activate|p1a: Ogerpon|move: Protect\n|\n|-weather|SunnyDay|[upkeep]\n|-heal|p1a: Ogerpon|100\/100|[from] Grassy Terrain\n|-heal|p1b: Torkoal|82\/100|[from] Grassy Terrain\n|-heal|p2a: \u8fd9\u4e2a\u5df4\u5c14\u51ef\u5c3c\u6069\u7942\u80fd\u5e72\u4ec0\u4e48\uff1f|100\/100|[from] Grassy Terrain\n|-sideend|p1: olalei|move: Tailwind\n|upkeep\n|\n|t:|1700398239\n|switch|p2b: \u68d2\u6253\u7eaf\u7231\u6218\u58eb|Ogerpon-Hearthflame-Tera, F, tera:Fire|43\/100\n|-ability|p2b: \u68d2\u6253\u7eaf\u7231\u6218\u58eb|Embody Aspect (Hearthflame)|boost\n|-boost|p2b: \u68d2\u6253\u7eaf\u7231\u6218\u58eb|atk|1\n|turn|13\n|\n|t:|1700398260\n|move|p1a: Ogerpon|Ivy Cudgel|p2b: \u68d2\u6253\u7eaf\u7231\u6218\u58eb|[anim] Ivy Cudgel Fire\n|-resisted|p2b: \u68d2\u6253\u7eaf\u7231\u6218\u58eb\n|-damage|p2b: \u68d2\u6253\u7eaf\u7231\u6218\u58eb|0 fnt\n|faint|p2b: \u68d2\u6253\u7eaf\u7231\u6218\u58eb\n|move|p2a: \u8fd9\u4e2a\u5df4\u5c14\u51ef\u5c3c\u6069\u7942\u80fd\u5e72\u4ec0\u4e48\uff1f|Steam Eruption|p1a: Ogerpon\n|-supereffective|p1a: Ogerpon\n|-damage|p1a: Ogerpon|32\/100\n|move|p1b: Torkoal|Overheat|p2a: \u8fd9\u4e2a\u5df4\u5c14\u51ef\u5c3c\u6069\u7942\u80fd\u5e72\u4ec0\u4e48\uff1f\n|-resisted|p2a: \u8fd9\u4e2a\u5df4\u5c14\u51ef\u5c3c\u6069\u7942\u80fd\u5e72\u4ec0\u4e48\uff1f\n|-damage|p2a: \u8fd9\u4e2a\u5df4\u5c14\u51ef\u5c3c\u6069\u7942\u80fd\u5e72\u4ec0\u4e48\uff1f|79\/100\n|-unboost|p1b: Torkoal|spa|2\n|-enditem|p1b: Torkoal|Eject Pack\n|\n|t:|1700398271\n|switch|p1b: Landorus|Landorus-Therian, M|54\/100\n|-damage|p1b: Landorus|41\/100|[from] Stealth Rock\n|-ability|p1b: Landorus|Intimidate|boost\n|-unboost|p2a: \u8fd9\u4e2a\u5df4\u5c14\u51ef\u5c3c\u6069\u7942\u80fd\u5e72\u4ec0\u4e48\uff1f|atk|1\n|\n|-weather|SunnyDay|[upkeep]\n|-heal|p1a: Ogerpon|38\/100|[from] Grassy Terrain\n|-heal|p2a: \u8fd9\u4e2a\u5df4\u5c14\u51ef\u5c3c\u6069\u7942\u80fd\u5e72\u4ec0\u4e48\uff1f|85\/100|[from] Grassy Terrain\n|-heal|p2a: \u8fd9\u4e2a\u5df4\u5c14\u51ef\u5c3c\u6069\u7942\u80fd\u5e72\u4ec0\u4e48\uff1f|92\/100|[from] item: Leftovers\n|upkeep\n|\n|t:|1700398277\n|switch|p2b: \u6025\u901f\u6298\u8fd4\u53cd\u4e00\u53cd|Landorus-Therian, M|41\/100\n|-ability|p2b: \u6025\u901f\u6298\u8fd4\u53cd\u4e00\u53cd|Intimidate|boost\n|-unboost|p1a: Ogerpon|atk|1\n|-unboost|p1b: Landorus|atk|1\n|turn|14\n|inactive|olalei has 120 seconds left.\n|\n|t:|1700398316\n|move|p2b: \u6025\u901f\u6298\u8fd4\u53cd\u4e00\u53cd|Rock Slide|p1b: Landorus|[spread] p1a,p1b\n|-supereffective|p1a: Ogerpon\n|-damage|p1a: Ogerpon|0 fnt\n|-damage|p1b: Landorus|21\/100\n|faint|p1a: Ogerpon\n|cant|p1b: Landorus|flinch\n|move|p2a: \u8fd9\u4e2a\u5df4\u5c14\u51ef\u5c3c\u6069\u7942\u80fd\u5e72\u4ec0\u4e48\uff1f|Heat Wave|p1b: Landorus\n|-damage|p1b: Landorus|0 fnt\n|faint|p1b: Landorus\n|\n|-weather|SunnyDay|[upkeep]\n|-heal|p2a: \u8fd9\u4e2a\u5df4\u5c14\u51ef\u5c3c\u6069\u7942\u80fd\u5e72\u4ec0\u4e48\uff1f|98\/100|[from] Grassy Terrain\n|-heal|p2a: \u8fd9\u4e2a\u5df4\u5c14\u51ef\u5c3c\u6069\u7942\u80fd\u5e72\u4ec0\u4e48\uff1f|100\/100|[from] item: Leftovers\n|upkeep\n|\n|t:|1700398324\n|switch|p1a: Torkoal|Torkoal, M|82\/100\n|switch|p1b: Chien-Pao|Chien-Pao|63\/100\n|-damage|p1b: Chien-Pao|38\/100|[from] Stealth Rock\n|-ability|p1b: Chien-Pao|Sword of Ruin\n|-damage|p1a: Torkoal|57\/100|[from] Stealth Rock\n|turn|15\n|\n|t:|1700398332\n|move|p2b: \u6025\u901f\u6298\u8fd4\u53cd\u4e00\u53cd|Rock Slide|p1b: Chien-Pao|[spread] p1a,p1b\n|-supereffective|p1a: Torkoal\n|-supereffective|p1b: Chien-Pao\n|-damage|p1a: Torkoal|13\/100\n|-damage|p1b: Chien-Pao|0 fnt\n|faint|p1b: Chien-Pao\n|move|p2a: \u8fd9\u4e2a\u5df4\u5c14\u51ef\u5c3c\u6069\u7942\u80fd\u5e72\u4ec0\u4e48\uff1f|Heat Wave|p1a: Torkoal\n|-resisted|p1a: Torkoal\n|-damage|p1a: Torkoal|0 fnt\n|faint|p1a: Torkoal\n|\n|win|OPieceOfHeroGhost\n|raw|olalei's rating: 1363 &rarr; <strong>1356<\/strong><br \/>(-7 for losing)\n|raw|OPieceOfHeroGhost's rating: 1631 &rarr; <strong>1638<\/strong><br \/>(+7 for winning)\n|l|\u2606olalei\n","uploadtime":1700398352,"views":4,"p1id":"olalei","p2id":"opieceofheroghost","formatid":"gen9doublesou","rating":1356,"private":0,"password":""}