{"id":"gen9doublesou-1976062006","p1":"LordSandaime","p2":"Gasgar4","format":"[Gen 9] Doubles OU","log":"|j|\u203dLordSandaime\n|j|\u2606Gasgar4\n|t:|1698260441\n|gametype|doubles\n|player|p1|LordSandaime|alder|1591\n|player|p2|Gasgar4|ghetsis|1697\n|teamsize|p1|6\n|teamsize|p2|6\n|gen|9\n|tier|[Gen 9] Doubles OU\n|rated|\n|rule|Species Clause: Limit one of each Pok\u00e9mon\n|rule|OHKO Clause: OHKO moves are banned\n|rule|Evasion Moves Clause: Evasion moves are banned\n|rule|Gravity Sleep Clause: The combination of sleep-inducing moves with imperfect accuracy and Gravity or Gigantamax Orbeetle are banned\n|rule|Endless Battle Clause: Forcing endless battles is banned\n|rule|HP Percentage Mod: HP is shown in percentages\n|clearpoke\n|poke|p1|Tyranitar, M|\n|poke|p1|Iron Hands|\n|poke|p1|Ursaluna-Bloodmoon, M|\n|poke|p1|Volcarona, M|\n|poke|p1|Azumarill, M|\n|poke|p1|Corviknight, M|\n|poke|p2|Dragonite, F|\n|poke|p2|Rillaboom, F|\n|poke|p2|Ursaluna-Bloodmoon, M|\n|poke|p2|Chien-Pao|\n|poke|p2|Landorus, M|\n|poke|p2|Garganacl, F|\n|teampreview\n|inactive|Battle timer is ON: inactive players will automatically lose when time's up. (requested by Gasgar4)\n|inactive|LordSandaime also wants the timer to be on.\n|inactive|Gasgar4 has 120 seconds left.\n|\n|t:|1698260479\n|start\n|switch|p1a: Azumarill|Azumarill, M|100\/100\n|switch|p1b: Volcarona|Volcarona, M|100\/100\n|switch|p2a: Rillaboom|Rillaboom, F|100\/100\n|switch|p2b: Landorus|Landorus, M|100\/100\n|-fieldstart|move: Grassy Terrain|[from] ability: Grassy Surge|[of] p2a: Rillaboom\n|turn|1\n|\n|t:|1698260495\n|move|p1a: Azumarill|Protect|p1a: Azumarill\n|-singleturn|p1a: Azumarill|Protect\n|move|p2a: Rillaboom|Fake Out|p1a: Azumarill\n|-activate|p1a: Azumarill|move: Protect\n|move|p2b: Landorus|Substitute|p2b: Landorus\n|-start|p2b: Landorus|Substitute\n|-damage|p2b: Landorus|75\/100\n|move|p1b: Volcarona|Fiery Dance|p2a: Rillaboom\n|-supereffective|p2a: Rillaboom\n|-damage|p2a: Rillaboom|45\/100\n|\n|-heal|p2a: Rillaboom|52\/100|[from] Grassy Terrain\n|upkeep\n|turn|2\n|\n|t:|1698260518\n|switch|p2a: Garganacl|Garganacl, F|100\/100\n|switch|p1a: Corviknight|Corviknight, M, shiny|100\/100\n|-ability|p1a: Corviknight|Pressure\n|move|p2b: Landorus|Sludge Bomb|p1a: Corviknight\n|-immune|p1a: Corviknight\n|move|p1b: Volcarona|Fiery Dance|p2a: Garganacl\n|-resisted|p2a: Garganacl\n|-damage|p2a: Garganacl|86\/100\n|\n|-heal|p2a: Garganacl|92\/100|[from] Grassy Terrain\n|-heal|p2a: Garganacl|99\/100|[from] item: Leftovers\n|upkeep\n|turn|3\n|\n|t:|1698260541\n|-terastallize|p1b: Volcarona|Grass\n|move|p2b: Landorus|Earth Power|p1b: Volcarona\n|-resisted|p1b: Volcarona\n|-damage|p1b: Volcarona|64\/100\n|move|p1b: Volcarona|Giga Drain|p2a: Garganacl\n|-supereffective|p2a: Garganacl\n|-damage|p2a: Garganacl|36\/100\n|-heal|p1b: Volcarona|100\/100|[from] drain|[of] p2a: Garganacl\n|move|p1a: Corviknight|Body Press|p2a: Garganacl\n|-supereffective|p2a: Garganacl\n|-damage|p2a: Garganacl|1\/100\n|move|p2a: Garganacl|Salt Cure|p1b: Volcarona\n|-damage|p1b: Volcarona|80\/100\n|-start|p1b: Volcarona|Salt Cure\n|\n|-heal|p1b: Volcarona|86\/100|[from] Grassy Terrain\n|-heal|p2a: Garganacl|7\/100|[from] Grassy Terrain\n|-heal|p2a: Garganacl|13\/100|[from] item: Leftovers\n|-damage|p1b: Volcarona|74\/100|[from] Salt Cure\n|upkeep\n|turn|4\n|inactive|LordSandaime has 120 seconds left.\n|\n|t:|1698260579\n|move|p2b: Landorus|Sludge Bomb|p1b: Volcarona\n|-supereffective|p1b: Volcarona\n|-damage|p1b: Volcarona|0 fnt\n|faint|p1b: Volcarona\n|move|p1a: Corviknight|Body Press|p2a: Garganacl\n|-supereffective|p2a: Garganacl\n|-damage|p2a: Garganacl|0 fnt\n|faint|p2a: Garganacl\n|\n|upkeep\n|inactive|Gasgar4 has 120 seconds left.\n|\n|t:|1698260616\n|switch|p1b: Ursaluna|Ursaluna-Bloodmoon, M|100\/100\n|switch|p2a: Ursaluna|Ursaluna-Bloodmoon, M|100\/100\n|turn|5\n|\n|t:|1698260631\n|move|p2b: Landorus|Protect|p2b: Landorus\n|-singleturn|p2b: Landorus|Protect\n|move|p1a: Corviknight|Body Press|p2a: Ursaluna\n|-supereffective|p2a: Ursaluna\n|-damage|p2a: Ursaluna|66\/100\n|move|p1b: Ursaluna|Calm Mind|p1b: Ursaluna\n|-boost|p1b: Ursaluna|spa|1\n|-boost|p1b: Ursaluna|spd|1\n|move|p2a: Ursaluna|Blood Moon|p1b: Ursaluna\n|-damage|p1b: Ursaluna|42\/100\n|\n|-heal|p1b: Ursaluna|48\/100|[from] Grassy Terrain\n|-heal|p2a: Ursaluna|72\/100|[from] Grassy Terrain\n|-heal|p1b: Ursaluna|54\/100|[from] item: Leftovers\n|-fieldend|move: Grassy Terrain\n|upkeep\n|turn|6\n|\n|t:|1698260654\n|move|p2a: Ursaluna|Vacuum Wave|p1b: Ursaluna\n|-supereffective|p1b: Ursaluna\n|-damage|p1b: Ursaluna|29\/100\n|move|p2b: Landorus|Earth Power|p1b: Ursaluna\n|-damage|p1b: Ursaluna|0 fnt\n|faint|p1b: Ursaluna\n|move|p1a: Corviknight|Brave Bird|p2b: Landorus\n|-end|p2b: Landorus|Substitute\n|-damage|p1a: Corviknight|94\/100|[from] Recoil|[of] p2b: Landorus\n|\n|-heal|p1a: Corviknight|99\/100|[from] item: Leftovers\n|upkeep\n|\n|t:|1698260661\n|switch|p1b: Azumarill|Azumarill, M|100\/100\n|turn|7\n|\n|t:|1698260672\n|move|p2b: Landorus|Protect|p2b: Landorus\n|-singleturn|p2b: Landorus|Protect\n|move|p1b: Azumarill|Protect|p1b: Azumarill\n|-singleturn|p1b: Azumarill|Protect\n|move|p1a: Corviknight|Brave Bird|p2b: Landorus\n|-activate|p2b: Landorus|move: Protect\n|move|p2a: Ursaluna|Blood Moon|p1b: Azumarill\n|-activate|p1b: Azumarill|move: Protect\n|\n|-heal|p1a: Corviknight|100\/100|[from] item: Leftovers\n|upkeep\n|turn|8\n|\n|t:|1698260696\n|move|p1b: Azumarill|Aqua Jet|p2b: Landorus\n|-supereffective|p2b: Landorus\n|-damage|p2b: Landorus|19\/100\n|move|p2b: Landorus|Sludge Bomb|p1b: Azumarill\n|-supereffective|p1b: Azumarill\n|-damage|p1b: Azumarill|6\/100\n|-enditem|p1b: Azumarill|Sitrus Berry|[eat]\n|-heal|p1b: Azumarill|31\/100|[from] item: Sitrus Berry\n|move|p1a: Corviknight|Brave Bird|p2b: Landorus\n|-damage|p2b: Landorus|0 fnt\n|faint|p2b: Landorus\n|-damage|p1a: Corviknight|95\/100|[from] Recoil\n|move|p2a: Ursaluna|Earth Power|p1b: Azumarill\n|-damage|p1b: Azumarill|0 fnt\n|faint|p1b: Azumarill\n|\n|-heal|p1a: Corviknight|100\/100|[from] item: Leftovers\n|upkeep\n|inactive|Gasgar4 has 120 seconds left.\n|\n|t:|1698260747\n|switch|p2b: Rillaboom|Rillaboom, F|52\/100\n|switch|p1b: Iron Hands|Iron Hands|100\/100\n|-fieldstart|move: Grassy Terrain|[from] ability: Grassy Surge|[of] p2b: Rillaboom\n|turn|9\n|inactive|Gasgar4 has 120 seconds left.\n|\n|t:|1698260774\n|move|p2b: Rillaboom|Fake Out|p1b: Iron Hands\n|-damage|p1b: Iron Hands|92\/100\n|move|p1a: Corviknight|Brave Bird|p2b: Rillaboom\n|-supereffective|p2b: Rillaboom\n|-damage|p2b: Rillaboom|0 fnt\n|faint|p2b: Rillaboom\n|-damage|p1a: Corviknight|83\/100|[from] Recoil\n|move|p2a: Ursaluna|Blood Moon|p1b: Iron Hands\n|-damage|p1b: Iron Hands|17\/100\n|-enditem|p1b: Iron Hands|Sitrus Berry|[eat]\n|-heal|p1b: Iron Hands|41\/100|[from] item: Sitrus Berry\n|cant|p1b: Iron Hands|flinch\n|\n|-heal|p1a: Corviknight|89\/100|[from] item: Leftovers\n|-heal|p2a: Ursaluna|78\/100|[from] Grassy Terrain\n|-heal|p1b: Iron Hands|47\/100|[from] Grassy Terrain\n|upkeep\n|inactive|Gasgar4 has 120 seconds left.\n|\n|t:|1698260794\n|switch|p2b: Dragonite|Dragonite, F|100\/100\n|turn|10\n|inactive|Gasgar4 has 120 seconds left.\n|\n|t:|1698260812\n|move|p2b: Dragonite|Fire Punch|p1a: Corviknight\n|-supereffective|p1a: Corviknight\n|-damage|p1a: Corviknight|36\/100\n|move|p1a: Corviknight|Body Press|p2a: Ursaluna\n|-supereffective|p2a: Ursaluna\n|-damage|p2a: Ursaluna|41\/100\n|move|p2a: Ursaluna|Earth Power|p1b: Iron Hands\n|-supereffective|p1b: Iron Hands\n|-damage|p1b: Iron Hands|0 fnt\n|faint|p1b: Iron Hands\n|-end|p1b: Iron Hands|Quark Drive|[silent]\n|\n|-heal|p1a: Corviknight|42\/100|[from] item: Leftovers\n|-heal|p2a: Ursaluna|47\/100|[from] Grassy Terrain\n|upkeep\n|\n|t:|1698260815\n|switch|p1b: Tyranitar|Tyranitar, M|100\/100\n|-weather|Sandstorm|[from] ability: Sand Stream|[of] p1b: Tyranitar\n|turn|11\n|\n|t:|1698260828\n|move|p1b: Tyranitar|Rock Slide|p2b: Dragonite|[spread] p2a,p2b\n|-resisted|p2a: Ursaluna\n|-supereffective|p2b: Dragonite\n|-damage|p2a: Ursaluna|36\/100\n|-damage|p2b: Dragonite|36\/100\n|move|p2b: Dragonite|Fire Punch|p1a: Corviknight\n|-supereffective|p1a: Corviknight\n|-damage|p1a: Corviknight|0 fnt\n|faint|p1a: Corviknight\n|move|p2a: Ursaluna|Earth Power|p1b: Tyranitar\n|-supereffective|p1b: Tyranitar\n|-damage|p1b: Tyranitar|31\/100\n|-enditem|p1b: Tyranitar|Weakness Policy\n|-boost|p1b: Tyranitar|atk|2|[from] item: Weakness Policy\n|-boost|p1b: Tyranitar|spa|2|[from] item: Weakness Policy\n|\n|-weather|Sandstorm|[upkeep]\n|-damage|p2b: Dragonite|30\/100|[from] Sandstorm\n|-heal|p1b: Tyranitar|37\/100|[from] Grassy Terrain\n|-heal|p2a: Ursaluna|42\/100|[from] Grassy Terrain\n|upkeep\n|turn|12\n|\n|t:|1698260843\n|move|p2a: Ursaluna|Vacuum Wave|p1b: Tyranitar\n|-supereffective|p1b: Tyranitar\n|-damage|p1b: Tyranitar|0 fnt\n|faint|p1b: Tyranitar\n|\n|win|Gasgar4\n|raw|LordSandaime's rating: 1591 &rarr; <strong>1577<\/strong><br \/>(-14 for losing)\n|raw|Gasgar4's rating: 1697 &rarr; <strong>1711<\/strong><br \/>(+14 for winning)\n|l|\u203dLordSandaime\n|l|\u2606Gasgar4\n|j|\u2606Gasgar4\n|player|p2|Gasgar4|ghetsis\n|l|\u2606Gasgar4\n|player|p2|\n|j|\u2606Gasgar4\n|player|p2|Gasgar4|ghetsis\n","uploadtime":1698261068,"views":16,"p1id":"lordsandaime","p2id":"gasgar4","formatid":"gen9doublesou","rating":1577,"private":0,"password":""}