{"id":"gen9doublesou-1998008424","p1":"StephenStone1130","p2":"Redzone92","format":"[Gen 9] Doubles OU","log":"|j|\u2606StephenStone1130\n|j|\u2606Redzone92\n|t:|1700878360\n|gametype|doubles\n|player|p1|StephenStone1130|265|\n|player|p2|Redzone92|1|\n|teamsize|p1|6\n|teamsize|p2|6\n|gen|9\n|tier|[Gen 9] Doubles OU\n|rule|Species Clause: Limit one of each Pok\u00e9mon\n|rule|OHKO Clause: OHKO moves are banned\n|rule|Evasion Moves Clause: Evasion moves are banned\n|rule|Gravity Sleep Clause: The combination of sleep-inducing moves with imperfect accuracy and Gravity or Gigantamax Orbeetle are banned\n|rule|Endless Battle Clause: Forcing endless battles is banned\n|rule|HP Percentage Mod: HP is shown in percentages\n|clearpoke\n|poke|p1|Cresselia, F|\n|poke|p1|Iron Jugulis|\n|poke|p1|Krookodile, F|\n|poke|p1|Gyarados, F|\n|poke|p1|Lucario, M|\n|poke|p1|Typhlosion-Hisui, M|\n|poke|p2|Farigiraf, F|\n|poke|p2|Landorus-Therian, M|\n|poke|p2|Diancie|\n|poke|p2|Iron Moth|\n|poke|p2|Hydreigon, F|\n|poke|p2|Kleavor, M|\n|teampreview\n|\n|t:|1700878376\n|start\n|switch|p1a: Iron Jugulis|Iron Jugulis, shiny|100\/100\n|switch|p1b: Krookodile|Krookodile, F, shiny|100\/100\n|switch|p2a: Edward|Kleavor, M, shiny|100\/100\n|switch|p2b: cyborg mothra|Iron Moth, shiny|100\/100\n|-enditem|p2b: cyborg mothra|Booster Energy\n|-activate|p2b: cyborg mothra|ability: Quark Drive|[fromitem]\n|-start|p2b: cyborg mothra|quarkdrivespa\n|-enditem|p1a: Iron Jugulis|Booster Energy\n|-activate|p1a: Iron Jugulis|ability: Quark Drive|[fromitem]\n|-start|p1a: Iron Jugulis|quarkdrivespe\n|turn|1\n|\n|t:|1700878409\n|-end|p2b: cyborg mothra|Quark Drive|[silent]\n|switch|p2b: Rufus|Landorus-Therian, M|100\/100\n|-ability|p2b: Rufus|Intimidate|boost\n|-unboost|p1a: Iron Jugulis|atk|1\n|-unboost|p1b: Krookodile|atk|1\n|move|p1a: Iron Jugulis|Flash Cannon|p2a: Edward\n|-supereffective|p2a: Edward\n|-damage|p2a: Edward|9\/100\n|move|p2a: Edward|Stone Axe|p1a: Iron Jugulis\n|-supereffective|p1a: Iron Jugulis\n|-damage|p1a: Iron Jugulis|0 fnt\n|-sidestart|p1: StephenStone1130|move: Stealth Rock\n|faint|p1a: Iron Jugulis\n|-end|p1a: Iron Jugulis|Quark Drive|[silent]\n|move|p1b: Krookodile|Earthquake|p2a: Edward|[spread] p2a\n|-immune|p2b: Rufus\n|-damage|p2a: Edward|0 fnt\n|faint|p2a: Edward\n|-ability|p1b: Krookodile|Moxie|boost\n|-boost|p1b: Krookodile|atk|1\n|-damage|p1b: Krookodile|91\/100|[from] item: Life Orb\n|\n|upkeep\n|j| Kevin Dickey12\n|\n|t:|1700878439\n|switch|p1a: Gyarados|Gyarados, F, shiny|100\/100\n|switch|p2a: Pete|Hydreigon, F|100\/100\n|-damage|p1a: Gyarados|76\/100|[from] Stealth Rock\n|turn|2\n|\n|t:|1700878460\n|move|p2a: Pete|Tailwind|p2a: Pete\n|-sidestart|p2: Redzone92|move: Tailwind\n|move|p2b: Rufus|Rock Slide|p1b: Krookodile|[spread] p1a,p1b\n|-supereffective|p1a: Gyarados\n|-resisted|p1b: Krookodile\n|-damage|p1a: Gyarados|16\/100\n|-damage|p1b: Krookodile|76\/100\n|move|p1b: Krookodile|Close Combat|p2a: Pete\n|-supereffective|p2a: Pete\n|-enditem|p2a: Pete|Focus Sash\n|-damage|p2a: Pete|1\/100\n|-unboost|p1b: Krookodile|def|1\n|-unboost|p1b: Krookodile|spd|1\n|-damage|p1b: Krookodile|66\/100|[from] item: Life Orb\n|move|p1a: Gyarados|Ice Fang|p2b: Rufus\n|-supereffective|p2b: Rufus\n|-damage|p2b: Rufus|0 fnt\n|faint|p2b: Rufus\n|-ability|p1a: Gyarados|Moxie|boost\n|-boost|p1a: Gyarados|atk|1\n|\n|upkeep\n|\n|t:|1700878483\n|switch|p2b: cyborg mothra|Iron Moth, shiny|100\/100\n|turn|3\n|\n|t:|1700878501\n|move|p2b: cyborg mothra|Bug Buzz|p1b: Krookodile\n|-supereffective|p1b: Krookodile\n|-damage|p1b: Krookodile|0 fnt\n|faint|p1b: Krookodile\n|move|p2a: Pete|Dark Pulse|p1a: Gyarados\n|-damage|p1a: Gyarados|0 fnt\n|faint|p1a: Gyarados\n|\n|upkeep\n|\n|t:|1700878515\n|switch|p1b: Lucario|Lucario, M, shiny|100\/100\n|switch|p1a: Typhlosion|Typhlosion-Hisui, M, shiny|100\/100\n|-damage|p1a: Typhlosion|76\/100|[from] Stealth Rock\n|-damage|p1b: Lucario|98\/100|[from] Stealth Rock\n|turn|4\n|\n|t:|1700878559\n|switch|p2a: Martty|Farigiraf, F|100\/100\n|-terastallize|p1a: Typhlosion|Fire\n|move|p1b: Lucario|Extreme Speed||[still]\n|cant|p2a: Martty|ability: Armor Tail|Extreme Speed|[of] p1b: Lucario\n|move|p2b: cyborg mothra|Discharge|p1b: Lucario|[spread] p2a,p1a,p1b\n|-damage|p2a: Martty|77\/100\n|-damage|p1a: Typhlosion|47\/100\n|-damage|p1b: Lucario|61\/100\n|-status|p1b: Lucario|par\n|move|p1a: Typhlosion|Eruption|p2b: cyborg mothra|[spread] p2a,p2b\n|-resisted|p2b: cyborg mothra\n|-damage|p2a: Martty|44\/100\n|-damage|p2b: cyborg mothra|82\/100\n|-enditem|p2a: Martty|Sitrus Berry|[eat]\n|-heal|p2a: Martty|69\/100|[from] item: Sitrus Berry\n|\n|upkeep\n|turn|5\n|\n|t:|1700878595\n|switch|p1a: Cresselia|Cresselia, F, shiny|100\/100\n|-damage|p1a: Cresselia|88\/100|[from] Stealth Rock\n|move|p2b: cyborg mothra|Fiery Dance|p1b: Lucario\n|-supereffective|p1b: Lucario\n|-damage|p1b: Lucario|0 fnt\n|faint|p1b: Lucario\n|move|p2a: Martty|Shadow Ball|p1a: Cresselia\n|-supereffective|p1a: Cresselia\n|-damage|p1a: Cresselia|54\/100\n|\n|-heal|p1a: Cresselia|60\/100|[from] item: Leftovers\n|-sideend|p2: Redzone92|move: Tailwind\n|upkeep\n|\n|t:|1700878609\n|switch|p1b: Typhlosion|Typhlosion-Hisui, M, shiny, tera:Fire|47\/100\n|-damage|p1b: Typhlosion|22\/100|[from] Stealth Rock\n|turn|6\n|\n|t:|1700878626\n|move|p1b: Typhlosion|Shadow Ball|p2b: cyborg mothra\n|-damage|p2b: cyborg mothra|37\/100\n|move|p2b: cyborg mothra|Bug Buzz|p1a: Cresselia\n|-supereffective|p1a: Cresselia\n|-damage|p1a: Cresselia|15\/100\n|move|p1a: Cresselia|Moonblast|p2b: cyborg mothra\n|-resisted|p2b: cyborg mothra\n|-damage|p2b: cyborg mothra|32\/100\n|move|p2a: Martty|Psychic|p1b: Typhlosion\n|-damage|p1b: Typhlosion|0 fnt\n|faint|p1b: Typhlosion\n|\n|-heal|p1a: Cresselia|21\/100|[from] item: Leftovers\n|upkeep\n|turn|7\n|\n|t:|1700878647\n|-terastallize|p2b: cyborg mothra|Bug\n|move|p2b: cyborg mothra|Bug Buzz|p1a: Cresselia\n|-supereffective|p1a: Cresselia\n|-crit|p1a: Cresselia\n|-damage|p1a: Cresselia|0 fnt\n|faint|p1a: Cresselia\n|\n|win|Redzone92\n","uploadtime":1700878664,"views":23,"p1id":"stephenstone1130","p2id":"redzone92","formatid":"gen9doublesou","rating":0,"private":0,"password":""}