{"id":"gen9doublesou-1972260462","p1":"Hacks1341","p2":"Vitolo Sweeps","format":"[Gen 9] Doubles OU","log":"|j|\u2606Hacks1341\n|j|\u2606Vitolo Sweeps\n|t:|1697825908\n|gametype|doubles\n|player|p1|Hacks1341|juggler|1111\n|player|p2|Vitolo Sweeps|riley|1040\n|teamsize|p1|6\n|teamsize|p2|6\n|gen|9\n|tier|[Gen 9] Doubles OU\n|rated|\n|rule|Species Clause: Limit one of each Pok\u00e9mon\n|rule|OHKO Clause: OHKO moves are banned\n|rule|Evasion Moves Clause: Evasion moves are banned\n|rule|Gravity Sleep Clause: The combination of sleep-inducing moves with imperfect accuracy and Gravity or Gigantamax Orbeetle are banned\n|rule|Endless Battle Clause: Forcing endless battles is banned\n|rule|HP Percentage Mod: HP is shown in percentages\n|clearpoke\n|poke|p1|Sinistcha|\n|poke|p1|Iron Hands|\n|poke|p1|Farigiraf, F|\n|poke|p1|Chien-Pao|\n|poke|p1|Palafin, F|\n|poke|p1|Armarouge, F|\n|poke|p2|Venomoth, F|\n|poke|p2|Inteleon, F|\n|poke|p2|Oricorio-Pom-Pom, M|\n|poke|p2|Rillaboom, M|\n|poke|p2|Gengar, M|\n|poke|p2|Noivern, F|\n|teampreview\n|inactive|Battle timer is ON: inactive players will automatically lose when time's up. (requested by Vitolo Sweeps)\n|\n|t:|1697825935\n|start\n|switch|p1a: Iron Hands|Iron Hands|100\/100\n|switch|p1b: Chien-Pao|Chien-Pao|100\/100\n|switch|p2a: Gengar|Gengar, M|100\/100\n|switch|p2b: Noivern|Noivern, F|100\/100\n|-ability|p1b: Chien-Pao|Sword of Ruin\n|-item|p1a: Iron Hands|Assault Vest|[from] ability: Frisk|[of] p2b: Noivern|[identify]\n|-item|p1b: Chien-Pao|Protective Pads|[from] ability: Frisk|[of] p2b: Noivern|[identify]\n|turn|1\n|inactive|Hacks1341 has 120 seconds left.\n|inactive|Vitolo Sweeps has 120 seconds left.\n|inactive|Vitolo Sweeps has 90 seconds left.\n|\n|t:|1697826000\n|move|p2b: Noivern|Protect|p2b: Noivern\n|-singleturn|p2b: Noivern|Protect\n|move|p1b: Chien-Pao|Icicle Crash|p2b: Noivern\n|-activate|p2b: Noivern|move: Protect\n|move|p2a: Gengar|Disable|p1b: Chien-Pao\n|-start|p1b: Chien-Pao|Disable|Icicle Crash\n|move|p1a: Iron Hands|Wild Charge|p2a: Gengar\n|-damage|p2a: Gengar|0 fnt\n|-start|p1a: Iron Hands|Disable|Wild Charge|[from] ability: Cursed Body|[of] p2a: Gengar\n|faint|p2a: Gengar\n|-damage|p1a: Iron Hands|87\/100|[from] Recoil\n|\n|upkeep\n|inactive|Vitolo Sweeps has 90 seconds left.\n|\n|t:|1697826033\n|switch|p2a: Rillaboom|Rillaboom, M|100\/100\n|-fieldstart|move: Grassy Terrain|[from] ability: Grassy Surge|[of] p2a: Rillaboom\n|-enditem|p2a: Rillaboom|Grassy Seed\n|-boost|p2a: Rillaboom|def|1|[from] item: Grassy Seed\n|turn|2\n|inactive|Hacks1341 has 120 seconds left.\n|\n|t:|1697826058\n|switch|p1b: Farigiraf|Farigiraf, F|100\/100\n|move|p2a: Rillaboom|Fake Out||[still]\n|cant|p1b: Farigiraf|ability: Armor Tail|Fake Out|[of] p2a: Rillaboom\n|move|p2b: Noivern|Flamethrower|p1b: Farigiraf\n|-damage|p1b: Farigiraf|76\/100\n|move|p1a: Iron Hands|Drain Punch|p2a: Rillaboom\n|-damage|p2a: Rillaboom|71\/100\n|-heal|p1a: Iron Hands|97\/100|[from] drain|[of] p2a: Rillaboom\n|\n|-heal|p2a: Rillaboom|78\/100|[from] Grassy Terrain\n|-heal|p1b: Farigiraf|82\/100|[from] Grassy Terrain\n|-heal|p1a: Iron Hands|100\/100|[from] Grassy Terrain\n|upkeep\n|turn|3\n|inactive|Hacks1341 has 120 seconds left.\n|inactive|Vitolo Sweeps has 90 seconds left.\n|inactive|Hacks1341 has 90 seconds left.\n|\n|t:|1697826114\n|switch|p2b: Oricorio|Oricorio-Pom-Pom, M|100\/100\n|-end|p1a: Iron Hands|Quark Drive|[silent]\n|switch|p1a: Armarouge|Armarouge, F|100\/100\n|move|p2a: Rillaboom|Knock Off|p1a: Armarouge\n|-supereffective|p1a: Armarouge\n|-damage|p1a: Armarouge|32\/100\n|-ability|p1a: Armarouge|Weak Armor|boost\n|-unboost|p1a: Armarouge|def|1\n|-boost|p1a: Armarouge|spe|2\n|-enditem|p1a: Armarouge|Weakness Policy\n|-boost|p1a: Armarouge|atk|2|[from] item: Weakness Policy\n|-boost|p1a: Armarouge|spa|2|[from] item: Weakness Policy\n|move|p1b: Farigiraf|Hyper Voice|p2a: Rillaboom|[spread] p2a,p2b\n|-damage|p2a: Rillaboom|35\/100\n|-damage|p2b: Oricorio|52\/100\n|-enditem|p1b: Farigiraf|Throat Spray\n|-boost|p1b: Farigiraf|spa|1|[from] item: Throat Spray\n|\n|-heal|p1a: Armarouge|38\/100|[from] Grassy Terrain\n|-heal|p2a: Rillaboom|41\/100|[from] Grassy Terrain\n|-heal|p1b: Farigiraf|88\/100|[from] Grassy Terrain\n|upkeep\n|turn|4\n|inactive|Hacks1341 has 90 seconds left.\n|inactive|Vitolo Sweeps has 90 seconds left.\n|inactive|Vitolo Sweeps has 60 seconds left.\n|inactive|Vitolo Sweeps has 30 seconds left.\n|inactive|Vitolo Sweeps has 20 seconds left.\n|inactive|Vitolo Sweeps has 15 seconds left.\n|\n|t:|1697826219\n|move|p2b: Oricorio|Protect|p2b: Oricorio\n|-singleturn|p2b: Oricorio|Protect\n|move|p1b: Farigiraf|Ally Switch|p1b: Farigiraf\n|swap|p1b: Farigiraf|0|[from] move: Ally Switch\n|move|p2a: Rillaboom|Grassy Glide||[still]\n|cant|p1a: Farigiraf|ability: Armor Tail|Grassy Glide|[of] p2a: Rillaboom\n|move|p1b: Armarouge|Heat Wave|p2b: Oricorio|[spread] p2a\n|-activate|p2b: Oricorio|move: Protect\n|-supereffective|p2a: Rillaboom\n|-crit|p2a: Rillaboom\n|-damage|p2a: Rillaboom|0 fnt\n|faint|p2a: Rillaboom\n|\n|-heal|p1b: Armarouge|45\/100|[from] Grassy Terrain\n|-heal|p1a: Farigiraf|94\/100|[from] Grassy Terrain\n|upkeep\n|inactive|Vitolo Sweeps has 20 seconds left this turn.\n|inactive|Vitolo Sweeps has 15 seconds left.\n|inactive|Vitolo Sweeps has 10 seconds left.\n|\n|t:|1697826230\n|switch|p2a: Venomoth|Venomoth, F|100\/100\n|turn|5\n|inactive|Vitolo Sweeps has 30 seconds left.\n|inactive|Vitolo Sweeps has 20 seconds left.\n|inactive|Hacks1341 has 90 seconds left.\n|\n|t:|1697826278\n|move|p1b: Armarouge|Destiny Bond|p1b: Armarouge\n|-singlemove|p1b: Armarouge|Destiny Bond\n|move|p2a: Venomoth|Quiver Dance|p2a: Venomoth\n|-boost|p2a: Venomoth|spa|1\n|-boost|p2a: Venomoth|spd|1\n|-boost|p2a: Venomoth|spe|1\n|-activate|p2b: Oricorio|ability: Dancer\n|move|p2b: Oricorio|Quiver Dance|p2b: Oricorio|[from]ability: Dancer\n|-boost|p2b: Oricorio|spa|1\n|-boost|p2b: Oricorio|spd|1\n|-boost|p2b: Oricorio|spe|1\n|move|p2b: Oricorio|Revelation Dance|p1a: Farigiraf\n|-damage|p1a: Farigiraf|37\/100\n|move|p1a: Farigiraf|Hyper Voice|p2a: Venomoth|[spread] p2a,p2b\n|-damage|p2a: Venomoth|48\/100\n|-damage|p2b: Oricorio|5\/100\n|-enditem|p2b: Oricorio|Sitrus Berry|[eat]\n|-heal|p2b: Oricorio|30\/100|[from] item: Sitrus Berry\n|\n|-heal|p1b: Armarouge|51\/100|[from] Grassy Terrain\n|-heal|p2a: Venomoth|54\/100|[from] Grassy Terrain\n|-heal|p2a: Venomoth|60\/100|[from] item: Leftovers\n|-heal|p1a: Farigiraf|43\/100|[from] Grassy Terrain\n|upkeep\n|turn|6\n|inactive|Hacks1341 has 90 seconds left.\n|inactive|Vitolo Sweeps has 30 seconds left.\n|inactive|Vitolo Sweeps has 20 seconds left.\n|inactive|Vitolo Sweeps has 15 seconds left.\n|inactive|Vitolo Sweeps has 10 seconds left.\n|\n|t:|1697826315\n|move|p1b: Armarouge|Heat Wave|p2b: Oricorio|[spread] p2a,p2b\n|-supereffective|p2a: Venomoth\n|-damage|p2a: Venomoth|0 fnt\n|-damage|p2b: Oricorio|0 fnt\n|faint|p2a: Venomoth\n|faint|p2b: Oricorio\n|move|p1a: Farigiraf|Wish|p1a: Farigiraf\n|\n|-heal|p1b: Armarouge|57\/100|[from] Grassy Terrain\n|-heal|p1a: Farigiraf|49\/100|[from] Grassy Terrain\n|-fieldend|move: Grassy Terrain\n|upkeep\n|inactive|Vitolo Sweeps has 15 seconds left this turn.\n|\n|t:|1697826319\n|switch|p2a: Noivern|Noivern, F|100\/100\n|switch|p2b: Inteleon|Inteleon, F|100\/100\n|turn|7\n|inactive|Hacks1341 has 90 seconds left.\n|inactive|Vitolo Sweeps has 30 seconds left.\n|\n|t:|1697826351\n|move|p1b: Armarouge|Destiny Bond|p1b: Armarouge\n|-singlemove|p1b: Armarouge|Destiny Bond\n|move|p2a: Noivern|Boomburst|p1a: Farigiraf|[spread] p2b,p1a,p1b\n|-damage|p2b: Inteleon|50\/100\n|-damage|p1a: Farigiraf|22\/100\n|-damage|p1b: Armarouge|20\/100\n|-enditem|p2a: Noivern|Throat Spray\n|-boost|p2a: Noivern|spa|1|[from] item: Throat Spray\n|move|p2b: Inteleon|Snipe Shot|p1b: Armarouge\n|-supereffective|p1b: Armarouge\n|-damage|p1b: Armarouge|0 fnt\n|faint|p1b: Armarouge\n|-activate|p1b: Armarouge|move: Destiny Bond\n|faint|p2b: Inteleon\n|move|p1a: Farigiraf|Hyper Voice|p2a: Noivern\n|-damage|p2a: Noivern|20\/100\n|\n|-heal|p1a: Farigiraf|72\/100|[from] move: Wish|[wisher] Farigiraf\n|upkeep\n|inactive|Hacks1341 has 60 seconds left.\n|-message|Vitolo Sweeps forfeited.\n|\n|win|Hacks1341\n|raw|Hacks1341's rating: 1111 &rarr; <strong>1131<\/strong><br \/>(+20 for winning)\n|raw|Vitolo Sweeps's rating: 1040 &rarr; <strong>1027<\/strong><br \/>(-13 for losing)\n|l|\u2606Vitolo Sweeps\n","uploadtime":1697826382,"views":10,"p1id":"hacks1341","p2id":"vitolosweeps","formatid":"gen9doublesou","rating":1027,"private":0,"password":""}