{"id":"gen9doublesou-1975530061","p1":"SXD2002","p2":"Versus XIII","format":"[Gen 9] Doubles OU","log":"|j|\u2606SXD2002\n|j|\u2606Versus XIII\n|t:|1698201332\n|gametype|doubles\n|player|p1|SXD2002|silver-masters|1073\n|player|p2|Versus XIII|will|1112\n|teamsize|p1|6\n|teamsize|p2|6\n|gen|9\n|tier|[Gen 9] Doubles OU\n|rated|\n|rule|Species Clause: Limit one of each Pok\u00e9mon\n|rule|OHKO Clause: OHKO moves are banned\n|rule|Evasion Moves Clause: Evasion moves are banned\n|rule|Gravity Sleep Clause: The combination of sleep-inducing moves with imperfect accuracy and Gravity or Gigantamax Orbeetle are banned\n|rule|Endless Battle Clause: Forcing endless battles is banned\n|rule|HP Percentage Mod: HP is shown in percentages\n|clearpoke\n|poke|p1|Lurantis, F|\n|poke|p1|Murkrow, M|\n|poke|p1|Grimmsnarl, M|\n|poke|p1|Clefairy, M|\n|poke|p1|Talonflame, M|\n|poke|p1|Espeon, M|\n|poke|p2|Thundurus, M|\n|poke|p2|Enamorus, F|\n|poke|p2|Tornadus, M|\n|poke|p2|Slowking, F|\n|poke|p2|Lurantis, F|\n|poke|p2|Grimmsnarl, M|\n|teampreview\n|\n|t:|1698201353\n|start\n|switch|p1a: Talonflame|Talonflame, M|100\/100\n|switch|p1b: Lurantis|Lurantis, F|100\/100\n|switch|p2a: Grimmsnarl|Grimmsnarl, M|100\/100\n|switch|p2b: Enamorus|Enamorus, F|100\/100\n|turn|1\n|inactive|Battle timer is ON: inactive players will automatically lose when time's up. (requested by SXD2002)\n|\n|t:|1698201379\n|move|p1a: Talonflame|Defog|p1b: Lurantis\n|-boost|p1b: Lurantis|evasion|1\n|move|p2a: Grimmsnarl|Reflect|p2a: Grimmsnarl\n|-sidestart|p2: Versus XIII|Reflect\n|move|p2b: Enamorus|Superpower|p1b: Lurantis\n|-damage|p1b: Lurantis|61\/100\n|-boost|p2b: Enamorus|atk|1\n|-boost|p2b: Enamorus|def|1\n|move|p1b: Lurantis|Superpower|p2a: Grimmsnarl\n|-damage|p2a: Grimmsnarl|76\/100\n|-boost|p1b: Lurantis|atk|1\n|-boost|p1b: Lurantis|def|1\n|\n|-heal|p1b: Lurantis|67\/100|[from] item: Leftovers\n|upkeep\n|turn|2\n|inactive|Versus XIII has 120 seconds left.\n|\n|t:|1698201416\n|move|p1b: Lurantis|Protect|p1b: Lurantis\n|-singleturn|p1b: Lurantis|Protect\n|move|p2a: Grimmsnarl|Parting Shot|p2b: Enamorus\n|-boost|p2b: Enamorus|atk|1\n|-boost|p2b: Enamorus|spa|1\n|\n|t:|1698201428\n|switch|p2a: Thundurus|Thundurus, M|100\/100|[from] Parting Shot\n|move|p1a: Talonflame|Will-O-Wisp|p2b: Enamorus\n|-status|p2b: Enamorus|brn\n|move|p2b: Enamorus|Moonblast|p1b: Lurantis\n|-activate|p1b: Lurantis|move: Protect\n|\n|-heal|p1b: Lurantis|73\/100|[from] item: Leftovers\n|-damage|p2b: Enamorus|94\/100 brn|[from] brn\n|upkeep\n|turn|3\n|\n|t:|1698201443\n|move|p2a: Thundurus|Taunt|p1a: Talonflame\n|-start|p1a: Talonflame|move: Taunt\n|move|p1a: Talonflame|U-turn|p2b: Enamorus\n|-resisted|p2b: Enamorus\n|-damage|p2b: Enamorus|92\/100 brn\n|\n|t:|1698201449\n|switch|p1a: Murkrow|Murkrow, M|100\/100|[from] U-turn\n|move|p2b: Enamorus|Moonblast|p1b: Lurantis|[miss]\n|-miss|p2b: Enamorus|p1b: Lurantis\n|move|p1b: Lurantis|Leaf Storm|p2b: Enamorus\n|-resisted|p2b: Enamorus\n|-damage|p2b: Enamorus|67\/100 brn\n|-boost|p1b: Lurantis|spa|2\n|\n|-heal|p1b: Lurantis|79\/100|[from] item: Leftovers\n|-damage|p2b: Enamorus|61\/100 brn|[from] brn\n|upkeep\n|turn|4\n|\n|t:|1698201473\n|-terastallize|p1b: Lurantis|Steel\n|move|p2a: Thundurus|Eerie Impulse|p2b: Enamorus\n|-boost|p2b: Enamorus|spa|2\n|move|p1a: Murkrow|Feather Dance|p1b: Lurantis\n|-boost|p1b: Lurantis|atk|2\n|move|p2b: Enamorus|Moonblast|p1a: Murkrow\n|-supereffective|p1a: Murkrow\n|-damage|p1a: Murkrow|0 fnt\n|faint|p1a: Murkrow\n|move|p1b: Lurantis|Leaf Storm|p2b: Enamorus|[miss]\n|-miss|p1b: Lurantis|p2b: Enamorus\n|\n|-heal|p1b: Lurantis|85\/100|[from] item: Leftovers\n|-damage|p2b: Enamorus|54\/100 brn|[from] brn\n|upkeep\n|\n|t:|1698201484\n|switch|p1a: Grimmsnarl|Grimmsnarl, M|100\/100\n|turn|5\n|\n|t:|1698201506\n|move|p2a: Thundurus|Taunt|p1a: Grimmsnarl\n|-hint|Since gen 7, Dark is immune to Prankster moves.\n|-immune|p1a: Grimmsnarl\n|move|p1a: Grimmsnarl|Fake Tears|p1b: Lurantis\n|-boost|p1b: Lurantis|spd|2\n|move|p2b: Enamorus|Superpower|p1b: Lurantis\n|-supereffective|p1b: Lurantis\n|-damage|p1b: Lurantis|30\/100\n|-boost|p2b: Enamorus|atk|1\n|-boost|p2b: Enamorus|def|1\n|move|p1b: Lurantis|Leaf Storm|p2b: Enamorus\n|-resisted|p2b: Enamorus\n|-damage|p2b: Enamorus|3\/100 brn\n|-boost|p1b: Lurantis|spa|2\n|\n|-heal|p1b: Lurantis|36\/100|[from] item: Leftovers\n|-damage|p2b: Enamorus|0 fnt|[from] brn\n|faint|p2b: Enamorus\n|upkeep\n|inactive|Versus XIII has 120 seconds left.\n|\n|t:|1698201530\n|switch|p2b: Grimmsnarl|Grimmsnarl, M|76\/100\n|turn|6\n|\n|t:|1698201542\n|switch|p2a: Lurantis|Lurantis, F|100\/100\n|move|p2b: Grimmsnarl|Light Screen|p2b: Grimmsnarl\n|-sidestart|p2: Versus XIII|move: Light Screen\n|move|p1a: Grimmsnarl|Parting Shot|p1b: Lurantis\n|-boost|p1b: Lurantis|atk|1\n|-boost|p1b: Lurantis|spa|1\n|\n|t:|1698201549\n|switch|p1a: Talonflame|Talonflame, M|100\/100|[from] Parting Shot\n|move|p1b: Lurantis|Superpower|p2b: Grimmsnarl\n|-damage|p2b: Grimmsnarl|4\/100\n|-boost|p1b: Lurantis|atk|1\n|-boost|p1b: Lurantis|def|1\n|\n|-heal|p1b: Lurantis|42\/100|[from] item: Leftovers\n|upkeep\n|turn|7\n|\n|t:|1698201575\n|-terastallize|p2a: Lurantis|Fire\n|move|p1a: Talonflame|Defog|p1b: Lurantis\n|-boost|p1b: Lurantis|evasion|1\n|move|p2b: Grimmsnarl|Scary Face|p2a: Lurantis\n|-boost|p2a: Lurantis|spe|2\n|move|p2a: Lurantis|Tera Blast|p1b: Lurantis|[anim] Tera Blast Fire|[miss]\n|-miss|p2a: Lurantis|p1b: Lurantis\n|move|p1b: Lurantis|Leech Life|p2a: Lurantis\n|-resisted|p2a: Lurantis\n|-damage|p2a: Lurantis|76\/100\n|-heal|p1b: Lurantis|54\/100|[from] drain|[of] p2a: Lurantis\n|\n|-heal|p1b: Lurantis|61\/100|[from] item: Leftovers\n|upkeep\n|turn|8\n|inactive|Versus XIII has 120 seconds left.\n|\n|t:|1698201605\n|move|p1a: Talonflame|Defog|p1b: Lurantis\n|-boost|p1b: Lurantis|evasion|1\n|move|p2b: Grimmsnarl|Scary Face|p2a: Lurantis\n|-boost|p2a: Lurantis|spe|2\n|move|p2a: Lurantis|Tera Blast|p1b: Lurantis|[anim] Tera Blast Fire|[miss]\n|-miss|p2a: Lurantis|p1b: Lurantis\n|move|p1b: Lurantis|Superpower|p2a: Lurantis\n|-crit|p2a: Lurantis\n|-damage|p2a: Lurantis|0 fnt\n|-boost|p1b: Lurantis|atk|1\n|-boost|p1b: Lurantis|def|1\n|faint|p2a: Lurantis\n|\n|-heal|p1b: Lurantis|67\/100|[from] item: Leftovers\n|-sideend|p2: Versus XIII|Reflect\n|upkeep\n|inactive|Versus XIII has 120 seconds left.\n|\n|t:|1698201620\n|switch|p2a: Slowking|Slowking, F|100\/100\n|turn|9\n|\n|t:|1698201635\n|move|p1a: Talonflame|Defog|p1b: Lurantis\n|-boost|p1b: Lurantis|evasion|1\n|move|p2b: Grimmsnarl|Reflect|p2b: Grimmsnarl\n|-sidestart|p2: Versus XIII|Reflect\n|move|p1b: Lurantis|Leech Life|p2a: Slowking\n|-supereffective|p2a: Slowking\n|-damage|p2a: Slowking|0 fnt\n|-heal|p1b: Lurantis|100\/100|[from] drain|[of] p2a: Slowking\n|faint|p2a: Slowking\n|\n|upkeep\n|-message|Versus XIII forfeited.\n|\n|win|SXD2002\n|raw|SXD2002's rating: 1073 &rarr; <strong>1105<\/strong><br \/>(+32 for winning)\n|raw|Versus XIII's rating: 1112 &rarr; <strong>1084<\/strong><br \/>(-28 for losing)\n|l|\u2606Versus XIII\n|c|\u2606SXD2002|gg\n","uploadtime":1698201650,"views":17,"p1id":"sxd2002","p2id":"versusxiii","formatid":"gen9doublesou","rating":1084,"private":0,"password":""}