{"id":"gen9doublesou-1980548842","p1":"NightShadeTanooki","p2":"PKFIRE64","format":"[Gen 9] Doubles OU","log":"|j|\u2606NightShadeTanooki\n|j|\u2606PKFIRE64\n|t:|1698796115\n|gametype|doubles\n|player|p1|NightShadeTanooki|guitarist|1284\n|player|p2|PKFIRE64|265|1164\n|teamsize|p1|6\n|teamsize|p2|6\n|gen|9\n|tier|[Gen 9] Doubles OU\n|rated|\n|rule|Species Clause: Limit one of each Pok\u00e9mon\n|rule|OHKO Clause: OHKO moves are banned\n|rule|Evasion Moves Clause: Evasion moves are banned\n|rule|Gravity Sleep Clause: The combination of sleep-inducing moves with imperfect accuracy and Gravity or Gigantamax Orbeetle are banned\n|rule|Endless Battle Clause: Forcing endless battles is banned\n|rule|HP Percentage Mod: HP is shown in percentages\n|clearpoke\n|poke|p1|Tinkaton, F|\n|poke|p1|Ninetales-Alola, M|\n|poke|p1|Milotic, M|\n|poke|p1|Empoleon, M|\n|poke|p1|Corviknight, F|\n|poke|p1|Farigiraf, F|\n|poke|p2|Gengar, M|\n|poke|p2|Tinkaton, F|\n|poke|p2|Torkoal, F|\n|poke|p2|Great Tusk|\n|poke|p2|Garganacl, F|\n|poke|p2|Lilligant, F|\n|teampreview\n|\n|t:|1698796157\n|start\n|switch|p1a: Tinkaton|Tinkaton, F|100\/100\n|switch|p1b: Ninetales|Ninetales-Alola, M, shiny|100\/100\n|switch|p2a: Tinkaton|Tinkaton, F|100\/100\n|switch|p2b: Lilligant|Lilligant, F|100\/100\n|-ability|p2a: Tinkaton|Mold Breaker\n|-weather|Snow|[from] ability: Snow Warning|[of] p1b: Ninetales\n|turn|1\n|inactive|Battle timer is ON: inactive players will automatically lose when time's up. (requested by NightShadeTanooki)\n|\n|t:|1698796181\n|switch|p2a: Torkoal|Torkoal, F|100\/100\n|-weather|SunnyDay|[from] ability: Drought|[of] p2a: Torkoal\n|move|p1a: Tinkaton|Fake Out|p2a: Torkoal\n|-damage|p2a: Torkoal|95\/100\n|-damage|p1a: Tinkaton|84\/100|[from] item: Rocky Helmet|[of] p2a: Torkoal\n|move|p2b: Lilligant|Solar Beam||[still]\n|-prepare|p2b: Lilligant|Solar Beam\n|-anim|p2b: Lilligant|Solar Beam|p1b: Ninetales\n|-damage|p1b: Ninetales|64\/100\n|move|p1b: Ninetales|Blizzard|p2b: Lilligant|[spread] p2b\n|-miss|p1b: Ninetales|p2a: Torkoal\n|-supereffective|p2b: Lilligant\n|-damage|p2b: Lilligant|11\/100\n|\n|-weather|SunnyDay|[upkeep]\n|upkeep\n|turn|2\n|inactive|NightShadeTanooki has 120 seconds left.\n|\n|t:|1698796221\n|switch|p1b: Milotic|Milotic, M, shiny|100\/100\n|switch|p1a: Empoleon|Empoleon, M|100\/100\n|move|p2b: Lilligant|After You|p2a: Torkoal\n|-activate|p2a: Torkoal|move: After You\n|move|p2a: Torkoal|Heat Wave|p1a: Empoleon|[spread] p1a,p1b\n|-resisted|p1b: Milotic\n|-damage|p1a: Empoleon|75\/100\n|-damage|p1b: Milotic|90\/100\n|-status|p1a: Empoleon|brn\n|-status|p1b: Milotic|brn\n|\n|-weather|SunnyDay|[upkeep]\n|-damage|p1b: Milotic|84\/100 brn|[from] brn\n|-damage|p1a: Empoleon|68\/100 brn|[from] brn\n|upkeep\n|turn|3\n|\n|t:|1698796246\n|switch|p2a: Tinkaton|Tinkaton, F|100\/100\n|-ability|p2a: Tinkaton|Mold Breaker\n|move|p2b: Lilligant|Giga Drain|p1b: Milotic\n|-supereffective|p1b: Milotic\n|-damage|p1b: Milotic|38\/100 brn\n|-heal|p2b: Lilligant|40\/100|[from] drain|[of] p1b: Milotic\n|move|p1b: Milotic|Life Dew|p1b: Milotic|[spread] p1a,p1b\n|-heal|p1a: Empoleon|93\/100 brn\n|-heal|p1b: Milotic|63\/100 brn\n|move|p1a: Empoleon|Rain Dance|p1a: Empoleon\n|-weather|RainDance\n|\n|-weather|RainDance|[upkeep]\n|-damage|p1b: Milotic|57\/100 brn|[from] brn\n|-damage|p1a: Empoleon|87\/100 brn|[from] brn\n|upkeep\n|turn|4\n|inactive|NightShadeTanooki has 120 seconds left.\n|\n|t:|1698796285\n|switch|p2a: Torkoal|Torkoal, F|95\/100\n|-weather|SunnyDay|[from] ability: Drought|[of] p2a: Torkoal\n|move|p2b: Lilligant|Solar Beam||[still]\n|-prepare|p2b: Lilligant|Solar Beam\n|-anim|p2b: Lilligant|Solar Beam|p1b: Milotic\n|-supereffective|p1b: Milotic\n|-crit|p1b: Milotic\n|-damage|p1b: Milotic|0 fnt\n|faint|p1b: Milotic\n|move|p1a: Empoleon|Water Pledge|p2b: Lilligant\n|-resisted|p2b: Lilligant\n|-damage|p2b: Lilligant|21\/100\n|\n|-weather|SunnyDay|[upkeep]\n|-damage|p1a: Empoleon|81\/100 brn|[from] brn\n|upkeep\n|inactive|NightShadeTanooki has 120 seconds left.\n|\n|t:|1698796300\n|switch|p1b: Ninetales|Ninetales-Alola, M, shiny|64\/100\n|-weather|Snow|[from] ability: Snow Warning|[of] p1b: Ninetales\n|turn|5\n|inactive|NightShadeTanooki has 120 seconds left.\n|\n|t:|1698796319\n|switch|p2b: Gengar|Gengar, M|100\/100\n|switch|p2a: Tinkaton|Tinkaton, F|100\/100\n|-ability|p2a: Tinkaton|Mold Breaker\n|move|p1b: Ninetales|Blizzard|p2a: Tinkaton|[spread] p2a,p2b\n|-resisted|p2a: Tinkaton\n|-damage|p2a: Tinkaton|83\/100\n|-damage|p2b: Gengar|60\/100\n|move|p1a: Empoleon|Water Pledge|p2a: Tinkaton\n|-damage|p2a: Tinkaton|34\/100\n|\n|-weather|Snow|[upkeep]\n|-heal|p2b: Gengar|66\/100|[from] item: Leftovers\n|-damage|p1a: Empoleon|75\/100 brn|[from] brn\n|upkeep\n|turn|6\n|inactive|NightShadeTanooki has 120 seconds left.\n|\n|t:|1698796358\n|move|p2a: Tinkaton|Fake Out|p1b: Ninetales\n|-damage|p1b: Ninetales|53\/100\n|-damage|p2a: Tinkaton|24\/100|[from] item: Life Orb\n|move|p2b: Gengar|Sludge Bomb|p1b: Ninetales\n|-supereffective|p1b: Ninetales\n|-damage|p1b: Ninetales|0 fnt\n|faint|p1b: Ninetales\n|move|p1a: Empoleon|Water Pledge|p2a: Tinkaton\n|-damage|p2a: Tinkaton|0 fnt\n|faint|p2a: Tinkaton\n|\n|-weather|Snow|[upkeep]\n|-heal|p2b: Gengar|73\/100|[from] item: Leftovers\n|-damage|p1a: Empoleon|68\/100 brn|[from] brn\n|upkeep\n|inactive|NightShadeTanooki has 120 seconds left.\n|inactive|NightShadeTanooki has 90 seconds left.\n|\n|t:|1698796433\n|switch|p2a: Lilligant|Lilligant, F|21\/100\n|switch|p1b: Farigiraf|Farigiraf, F, shiny|100\/100\n|turn|7\n|\n|t:|1698796459\n|switch|p2b: Torkoal|Torkoal, F|95\/100\n|-weather|SunnyDay|[from] ability: Drought|[of] p2b: Torkoal\n|move|p2a: Lilligant|Solar Beam||[still]\n|-prepare|p2a: Lilligant|Solar Beam\n|-anim|p2a: Lilligant|Solar Beam|p1a: Empoleon\n|-damage|p1a: Empoleon|20\/100 brn\n|move|p1b: Farigiraf|Psychic|p2b: Torkoal\n|-damage|p2b: Torkoal|42\/100\n|move|p1a: Empoleon|Flash Cannon|p2b: Torkoal\n|-resisted|p2b: Torkoal\n|-damage|p2b: Torkoal|14\/100\n|\n|-weather|SunnyDay|[upkeep]\n|-damage|p1a: Empoleon|14\/100 brn|[from] brn\n|upkeep\n|turn|8\n|inactive|NightShadeTanooki has 60 seconds left.\n|\n|t:|1698796501\n|switch|p2b: Garganacl|Garganacl, F|100\/100\n|move|p2a: Lilligant|Giga Drain|p1a: Empoleon\n|-damage|p1a: Empoleon|0 fnt\n|-heal|p2a: Lilligant|30\/100|[from] drain|[of] p1a: Empoleon\n|faint|p1a: Empoleon\n|move|p1b: Farigiraf|Thunder Wave|p2a: Lilligant\n|-status|p2a: Lilligant|par\n|\n|-weather|SunnyDay|[upkeep]\n|upkeep\n|\n|t:|1698796521\n|switch|p1a: Tinkaton|Tinkaton, F|84\/100\n|turn|9\n|inactive|NightShadeTanooki has 60 seconds left.\n|\n|t:|1698796543\n|switch|p2a: Gengar|Gengar, M|73\/100\n|move|p1a: Tinkaton|Gigaton Hammer|p2b: Garganacl\n|-supereffective|p2b: Garganacl\n|-damage|p2b: Garganacl|21\/100\n|move|p2b: Garganacl|Rock Slide|p1a: Tinkaton|[spread] p1a\n|-miss|p2b: Garganacl|p1b: Farigiraf\n|-enditem|p2b: Garganacl|Blunder Policy\n|-boost|p2b: Garganacl|spe|2\n|-enditem|p1b: Farigiraf|Mirror Herb\n|-boost|p1b: Farigiraf|spe|2|[from] item: Mirror Herb\n|-resisted|p1a: Tinkaton\n|-damage|p1a: Tinkaton|74\/100\n|move|p1b: Farigiraf|Psychic|p2b: Garganacl\n|-damage|p2b: Garganacl|0 fnt\n|faint|p2b: Garganacl\n|\n|-weather|SunnyDay|[upkeep]\n|-heal|p2a: Gengar|79\/100|[from] item: Leftovers\n|upkeep\n|inactive|PKFIRE64 has 120 seconds left.\n|\n|t:|1698796564\n|switch|p2b: Great Tusk|Great Tusk|100\/100\n|-activate|p2b: Great Tusk|ability: Protosynthesis\n|-start|p2b: Great Tusk|protosynthesisatk\n|turn|10\n|inactive|PKFIRE64 has 120 seconds left.\n|\n|t:|1698796594\n|switch|p1a: Corviknight|Corviknight, F, shiny|100\/100\n|-terastallize|p2b: Great Tusk|Bug\n|move|p1b: Farigiraf|Psychic|p2b: Great Tusk\n|-damage|p2b: Great Tusk|65\/100\n|move|p2a: Gengar|Sludge Bomb|p1b: Farigiraf\n|-damage|p1b: Farigiraf|64\/100\n|move|p2b: Great Tusk|Megahorn|p1b: Farigiraf|[miss]\n|-miss|p2b: Great Tusk|p1b: Farigiraf\n|\n|-weather|SunnyDay|[upkeep]\n|-heal|p2a: Gengar|85\/100|[from] item: Leftovers\n|upkeep\n|turn|11\n|inactive|PKFIRE64 has 120 seconds left.\n|inactive|NightShadeTanooki has 60 seconds left.\n|-activate|p1a: Corviknight|item: Quick Claw\n|\n|t:|1698796627\n|move|p1a: Corviknight|Drill Peck|p2b: Great Tusk\n|-supereffective|p2b: Great Tusk\n|-damage|p2b: Great Tusk|24\/100\n|move|p1b: Farigiraf|Psychic|p2a: Gengar\n|-supereffective|p2a: Gengar\n|-damage|p2a: Gengar|0 fnt\n|faint|p2a: Gengar\n|move|p2b: Great Tusk|Megahorn|p1b: Farigiraf\n|-supereffective|p1b: Farigiraf\n|-crit|p1b: Farigiraf\n|-damage|p1b: Farigiraf|0 fnt\n|faint|p1b: Farigiraf\n|\n|-weather|none\n|-end|p2b: Great Tusk|Protosynthesis\n|upkeep\n|inactive|PKFIRE64 has 120 seconds left.\n|\n|t:|1698796644\n|switch|p2a: Lilligant|Lilligant, F|30\/100 par\n|switch|p1b: Tinkaton|Tinkaton, F|74\/100\n|turn|12\n|inactive|NightShadeTanooki has 90 seconds left.\n|-activate|p1a: Corviknight|item: Quick Claw\n|\n|t:|1698796654\n|-end|p2b: Great Tusk|Protosynthesis|[silent]\n|switch|p2b: Torkoal|Torkoal, F|14\/100\n|-weather|SunnyDay|[from] ability: Drought|[of] p2b: Torkoal\n|move|p1b: Tinkaton|Fake Out|p2b: Torkoal\n|-damage|p2b: Torkoal|7\/100\n|-damage|p1b: Tinkaton|57\/100|[from] item: Rocky Helmet|[of] p2b: Torkoal\n|move|p1a: Corviknight|Drill Peck|p2b: Torkoal\n|-damage|p2b: Torkoal|0 fnt\n|-damage|p1a: Corviknight|84\/100|[from] item: Rocky Helmet|[of] p2b: Torkoal\n|faint|p2b: Torkoal\n|cant|p2a: Lilligant|par\n|\n|-weather|SunnyDay|[upkeep]\n|upkeep\n|\n|t:|1698796667\n|switch|p2b: Great Tusk|Great Tusk, tera:Bug|24\/100\n|-activate|p2b: Great Tusk|ability: Protosynthesis\n|-start|p2b: Great Tusk|protosynthesisatk\n|turn|13\n|\n|t:|1698796680\n|move|p2a: Lilligant|After You|p2b: Great Tusk\n|-activate|p2b: Great Tusk|move: After You\n|move|p2b: Great Tusk|Close Combat|p1a: Corviknight\n|-damage|p1a: Corviknight|32\/100\n|-unboost|p2b: Great Tusk|def|1\n|-unboost|p2b: Great Tusk|spd|1\n|-enditem|p2b: Great Tusk|White Herb\n|-clearnegativeboost|p2b: Great Tusk|[silent]\n|move|p1b: Tinkaton|Gigaton Hammer|p2a: Lilligant\n|-damage|p2a: Lilligant|0 fnt\n|faint|p2a: Lilligant\n|move|p1a: Corviknight|Drill Peck|p2b: Great Tusk\n|-supereffective|p2b: Great Tusk\n|-damage|p2b: Great Tusk|0 fnt\n|faint|p2b: Great Tusk\n|-end|p2b: Great Tusk|Protosynthesis|[silent]\n|\n|win|NightShadeTanooki\n|raw|NightShadeTanooki's rating: 1284 &rarr; <strong>1301<\/strong><br \/>(+17 for winning)\n|raw|PKFIRE64's rating: 1164 &rarr; <strong>1147<\/strong><br \/>(-17 for losing)\n|l|\u2606PKFIRE64\n|c|\u2606NightShadeTanooki|Gg\n","uploadtime":1698796710,"views":15,"p1id":"nightshadetanooki","p2id":"pkfire64","formatid":"gen9doublesou","rating":1147,"private":0,"password":""}