{"id":"gen9doublesou-1985414519","p1":"culitoderana","p2":"daudo","format":"[Gen 9] Doubles OU","log":"|j|\u2606culitoderana\n|j|\u2606daudo\n|t:|1699372726\n|gametype|doubles\n|player|p1|culitoderana|zinnia|1223\n|player|p2|daudo|red|1314\n|teamsize|p1|6\n|teamsize|p2|6\n|gen|9\n|tier|[Gen 9] Doubles OU\n|rated|\n|rule|Species Clause: Limit one of each Pok\u00e9mon\n|rule|OHKO Clause: OHKO moves are banned\n|rule|Evasion Moves Clause: Evasion moves are banned\n|rule|Gravity Sleep Clause: The combination of sleep-inducing moves with imperfect accuracy and Gravity or Gigantamax Orbeetle are banned\n|rule|Endless Battle Clause: Forcing endless battles is banned\n|rule|HP Percentage Mod: HP is shown in percentages\n|clearpoke\n|poke|p1|Dragapult, M|\n|poke|p1|Iron Valiant|\n|poke|p1|Landorus-Therian, M|\n|poke|p1|Corviknight, F|\n|poke|p1|Zapdos|\n|poke|p1|Goodra-Hisui, M|\n|poke|p2|Arcanine, M|\n|poke|p2|Dragonite, M|\n|poke|p2|Amoonguss, F|\n|poke|p2|Iron Hands|\n|poke|p2|Rillaboom, F|\n|poke|p2|Grimmsnarl, M|\n|teampreview\n|\n|t:|1699372754\n|start\n|switch|p1a: flashaso|Zapdos|100\/100\n|switch|p1b: bulky garfield|Landorus-Therian, M|100\/100\n|switch|p2a: Amoonguss|Amoonguss, F|100\/100\n|switch|p2b: Grimmsnarl|Grimmsnarl, M|100\/100\n|-ability|p1b: bulky garfield|Intimidate|boost\n|-unboost|p2a: Amoonguss|atk|1\n|-unboost|p2b: Grimmsnarl|atk|1\n|turn|1\n|\n|t:|1699372775\n|move|p2b: Grimmsnarl|Reflect|p2b: Grimmsnarl\n|-sidestart|p2: daudo|Reflect\n|move|p1a: flashaso|Hurricane|p2a: Amoonguss\n|-supereffective|p2a: Amoonguss\n|-damage|p2a: Amoonguss|4\/100\n|move|p1b: bulky garfield|U-turn|p2a: Amoonguss\n|-crit|p2a: Amoonguss\n|-damage|p2a: Amoonguss|0 fnt\n|faint|p2a: Amoonguss\n|\n|t:|1699372806\n|switch|p1b: nonconformative|Iron Valiant, shiny|100\/100|[from] U-turn\n|-enditem|p1b: nonconformative|Booster Energy\n|-activate|p1b: nonconformative|ability: Quark Drive|[fromitem]\n|-start|p1b: nonconformative|quarkdrivespe\n|\n|upkeep\n|\n|t:|1699372815\n|switch|p2a: Iron Hands|Iron Hands|100\/100\n|turn|2\n|\n|t:|1699372827\n|move|p2a: Iron Hands|Fake Out|p1b: nonconformative\n|-damage|p1b: nonconformative|80\/100\n|move|p2b: Grimmsnarl|Light Screen|p2b: Grimmsnarl\n|-sidestart|p2: daudo|move: Light Screen\n|cant|p1b: nonconformative|flinch\n|move|p1a: flashaso|Hurricane|p2b: Grimmsnarl\n|-damage|p2b: Grimmsnarl|72\/100\n|\n|upkeep\n|turn|3\n|\n|t:|1699372841\n|switch|p1a: bulky garfield|Landorus-Therian, M|100\/100\n|-ability|p1a: bulky garfield|Intimidate|boost\n|-unboost|p2a: Iron Hands|atk|1\n|-unboost|p2b: Grimmsnarl|atk|1\n|move|p2b: Grimmsnarl|Parting Shot|p1b: nonconformative\n|-unboost|p1b: nonconformative|atk|1\n|-unboost|p1b: nonconformative|spa|1\n|\n|t:|1699372851\n|switch|p2b: Rillaboom|Rillaboom, F|100\/100|[from] Parting Shot\n|-fieldstart|move: Grassy Terrain|[from] ability: Grassy Surge|[of] p2b: Rillaboom\n|move|p1b: nonconformative|Spirit Break|p2a: Iron Hands\n|-supereffective|p2a: Iron Hands\n|-damage|p2a: Iron Hands|78\/100\n|-unboost|p2a: Iron Hands|spa|1\n|move|p2a: Iron Hands|Ice Punch|p1a: bulky garfield\n|-supereffective|p1a: bulky garfield\n|-damage|p1a: bulky garfield|10\/100\n|-damage|p2a: Iron Hands|61\/100|[from] item: Rocky Helmet|[of] p1a: bulky garfield\n|\n|-heal|p1b: nonconformative|86\/100|[from] Grassy Terrain\n|-heal|p2a: Iron Hands|67\/100|[from] Grassy Terrain\n|-heal|p2a: Iron Hands|73\/100|[from] item: Leftovers\n|upkeep\n|turn|4\n|\n|t:|1699372880\n|move|p2b: Rillaboom|Fake Out|p1b: nonconformative\n|-damage|p1b: nonconformative|68\/100\n|cant|p1b: nonconformative|flinch\n|move|p1a: bulky garfield|U-turn|p2b: Rillaboom\n|-supereffective|p2b: Rillaboom\n|-damage|p2b: Rillaboom|66\/100\n|\n|t:|1699372895\n|switch|p1a: king of kings|Corviknight, F, shiny|100\/100|[from] U-turn\n|move|p2a: Iron Hands|Drain Punch|p1a: king of kings\n|-crit|p1a: king of kings\n|-damage|p1a: king of kings|56\/100\n|-heal|p2a: Iron Hands|92\/100|[from] drain|[of] p1a: king of kings\n|\n|-heal|p1b: nonconformative|75\/100|[from] Grassy Terrain\n|-heal|p2b: Rillaboom|72\/100|[from] Grassy Terrain\n|-heal|p1a: king of kings|62\/100|[from] item: Leftovers\n|-heal|p2a: Iron Hands|98\/100|[from] Grassy Terrain\n|-heal|p2a: Iron Hands|100\/100|[from] item: Leftovers\n|upkeep\n|turn|5\n|\n|t:|1699372914\n|-terastallize|p1b: nonconformative|Fire\n|move|p1b: nonconformative|Fire Punch|p2b: Rillaboom\n|-supereffective|p2b: Rillaboom\n|-damage|p2b: Rillaboom|42\/100\n|move|p2b: Rillaboom|Knock Off|p1a: king of kings\n|-damage|p1a: king of kings|43\/100\n|-enditem|p1a: king of kings|Leftovers|[from] move: Knock Off|[of] p2b: Rillaboom\n|move|p1a: king of kings|Tailwind|p1a: king of kings\n|-sidestart|p1: culitoderana|move: Tailwind\n|move|p2a: Iron Hands|Drain Punch|p1a: king of kings\n|-damage|p1a: king of kings|24\/100\n|\n|-heal|p1b: nonconformative|81\/100|[from] Grassy Terrain\n|-heal|p2b: Rillaboom|49\/100|[from] Grassy Terrain\n|upkeep\n|turn|6\n|\n|t:|1699372938\n|-end|p1b: nonconformative|Quark Drive|[silent]\n|switch|p1b: bulky garfield|Landorus-Therian, M|10\/100\n|-ability|p1b: bulky garfield|Intimidate|boost\n|-unboost|p2a: Iron Hands|atk|1\n|-unboost|p2b: Rillaboom|atk|1\n|move|p1a: king of kings|Iron Defense|p1a: king of kings\n|-boost|p1a: king of kings|def|2\n|move|p2b: Rillaboom|U-turn|p1b: bulky garfield\n|-resisted|p1b: bulky garfield\n|-damage|p1b: bulky garfield|1\/100\n|-damage|p2b: Rillaboom|32\/100|[from] item: Rocky Helmet|[of] p1b: bulky garfield\n|\n|t:|1699372951\n|switch|p2b: Dragonite|Dragonite, M|100\/100|[from] U-turn\n|move|p2a: Iron Hands|Drain Punch|p1b: bulky garfield\n|-resisted|p1b: bulky garfield\n|-damage|p1b: bulky garfield|0 fnt\n|-damage|p2a: Iron Hands|84\/100|[from] item: Rocky Helmet|[of] p1b: bulky garfield\n|faint|p1b: bulky garfield\n|\n|-heal|p2a: Iron Hands|90\/100|[from] Grassy Terrain\n|-heal|p2a: Iron Hands|96\/100|[from] item: Leftovers\n|upkeep\n|\n|t:|1699372967\n|switch|p1b: nonconformative|Iron Valiant, shiny, tera:Fire|81\/100\n|turn|7\n|\n|t:|1699372992\n|-end|p2a: Iron Hands|Quark Drive|[silent]\n|switch|p2a: Grimmsnarl|Grimmsnarl, M|72\/100\n|move|p1b: nonconformative|Spirit Break|p2b: Dragonite\n|-supereffective|p2b: Dragonite\n|-damage|p2b: Dragonite|74\/100\n|-unboost|p2b: Dragonite|spa|1\n|move|p1a: king of kings|Body Press|p2a: Grimmsnarl\n|-damage|p2a: Grimmsnarl|30\/100\n|move|p2b: Dragonite|Rock Slide|p1b: nonconformative|[spread] p1a,p1b\n|-supereffective|p1b: nonconformative\n|-damage|p1a: king of kings|15\/100\n|-damage|p1b: nonconformative|0 fnt\n|faint|p1b: nonconformative\n|-end|p1b: nonconformative|Quark Drive|[silent]\n|\n|-heal|p2a: Grimmsnarl|36\/100|[from] Grassy Terrain\n|-fieldend|move: Grassy Terrain\n|upkeep\n|\n|t:|1699373023\n|switch|p1b: flashaso|Zapdos|100\/100\n|turn|8\n|\n|t:|1699373052\n|move|p2a: Grimmsnarl|Parting Shot|p1b: flashaso\n|-unboost|p1b: flashaso|atk|1\n|-unboost|p1b: flashaso|spa|1\n|\n|t:|1699373058\n|switch|p2a: Rillaboom|Rillaboom, F|32\/100|[from] Parting Shot\n|-fieldstart|move: Grassy Terrain|[from] ability: Grassy Surge|[of] p2a: Rillaboom\n|move|p1b: flashaso|Thunderbolt|p2a: Rillaboom\n|-resisted|p2a: Rillaboom\n|-damage|p2a: Rillaboom|25\/100\n|move|p1a: king of kings|Body Press|p2a: Rillaboom\n|-damage|p2a: Rillaboom|0 fnt\n|faint|p2a: Rillaboom\n|move|p2b: Dragonite|Rock Slide|p1b: flashaso|[spread] p1a,p1b\n|-supereffective|p1b: flashaso\n|-damage|p1a: king of kings|6\/100\n|-damage|p1b: flashaso|18\/100\n|\n|-sideend|p2: daudo|Reflect\n|-sideend|p1: culitoderana|move: Tailwind\n|upkeep\n|\n|t:|1699373074\n|switch|p2a: Grimmsnarl|Grimmsnarl, M|36\/100\n|turn|9\n|c|\u2606culitoderana|i think this aint going that well\n|\n|t:|1699373094\n|move|p1a: king of kings|Protect|p1a: king of kings\n|-singleturn|p1a: king of kings|Protect\n|move|p2a: Grimmsnarl|Reflect|p2a: Grimmsnarl\n|-sidestart|p2: daudo|Reflect\n|move|p1b: flashaso|Thunderbolt|p2b: Dragonite\n|-damage|p2b: Dragonite|56\/100\n|-status|p2b: Dragonite|par\n|move|p2b: Dragonite|Rock Slide|p1a: king of kings|[spread] p1b\n|-activate|p1a: king of kings|move: Protect\n|-supereffective|p1b: flashaso\n|-damage|p1b: flashaso|0 fnt\n|faint|p1b: flashaso\n|\n|-heal|p2a: Grimmsnarl|42\/100|[from] Grassy Terrain\n|-sideend|p2: daudo|move: Light Screen\n|upkeep\n|\n|t:|1699373112\n|switch|p1b: capitalismhater|Goodra-Hisui, M, shiny|100\/100\n|turn|10\n|\n|t:|1699373141\n|move|p2a: Grimmsnarl|Light Screen|p2a: Grimmsnarl\n|-sidestart|p2: daudo|move: Light Screen\n|move|p1a: king of kings|Tailwind|p1a: king of kings\n|-sidestart|p1: culitoderana|move: Tailwind\n|move|p1b: capitalismhater|Acid Armor|p1b: capitalismhater\n|-boost|p1b: capitalismhater|def|2\n|move|p2b: Dragonite|Rock Slide|p1a: king of kings|[spread] p1a,p1b\n|-resisted|p1b: capitalismhater\n|-damage|p1a: king of kings|0 fnt\n|-damage|p1b: capitalismhater|93\/100\n|faint|p1a: king of kings\n|\n|-heal|p1b: capitalismhater|99\/100|[from] Grassy Terrain\n|-heal|p1b: capitalismhater|100\/100|[from] item: Leftovers\n|-heal|p2a: Grimmsnarl|48\/100|[from] Grassy Terrain\n|upkeep\n|\n|t:|1699373162\n|switch|p1a: theyHitThe2Tower|Dragapult, M, shiny|100\/100\n|turn|11\n|\n|t:|1699373178\n|switch|p2b: Arcanine|Arcanine, M|100\/100\n|-ability|p2b: Arcanine|Intimidate|boost\n|-fail|p1a: theyHitThe2Tower|unboost|[from] ability: Clear Body|[of] p1a: theyHitThe2Tower\n|-unboost|p1b: capitalismhater|atk|1\n|move|p1a: theyHitThe2Tower|Dragon Darts|p2b: Arcanine\n|-damage|p2b: Arcanine|82\/100\n|-anim|p1a: theyHitThe2Tower|Dragon Darts|p2b: Arcanine\n|-damage|p2b: Arcanine|64\/100\n|-damage|p1a: theyHitThe2Tower|91\/100|[from] item: Life Orb\n|move|p1b: capitalismhater|Flash Cannon|p2a: Grimmsnarl\n|-supereffective|p2a: Grimmsnarl\n|-damage|p2a: Grimmsnarl|19\/100\n|move|p2a: Grimmsnarl|Spirit Break|p1a: theyHitThe2Tower\n|-supereffective|p1a: theyHitThe2Tower\n|-crit|p1a: theyHitThe2Tower\n|-damage|p1a: theyHitThe2Tower|0 fnt\n|faint|p1a: theyHitThe2Tower\n|\n|-heal|p2b: Arcanine|70\/100|[from] Grassy Terrain\n|-heal|p2a: Grimmsnarl|25\/100|[from] Grassy Terrain\n|upkeep\n|turn|12\n|\n|t:|1699373240\n|move|p2a: Grimmsnarl|Parting Shot|p1b: capitalismhater\n|-unboost|p1b: capitalismhater|atk|1\n|-unboost|p1b: capitalismhater|spa|1\n|inactive|Battle timer is ON: inactive players will automatically lose when time's up. (requested by daudo)\n|\n|t:|1699373243\n|switch|p2a: Iron Hands|Iron Hands|96\/100|[from] Parting Shot\n|move|p1b: capitalismhater|Acid Armor|p1b: capitalismhater\n|-boost|p1b: capitalismhater|def|2\n|move|p2b: Arcanine|Close Combat|p1b: capitalismhater\n|-supereffective|p1b: capitalismhater\n|-damage|p1b: capitalismhater|83\/100\n|-unboost|p2b: Arcanine|def|1\n|-unboost|p2b: Arcanine|spd|1\n|-ability|p1b: capitalismhater|Gooey\n|-unboost|p2b: Arcanine|spe|1\n|\n|-heal|p1b: capitalismhater|89\/100|[from] Grassy Terrain\n|-heal|p1b: capitalismhater|95\/100|[from] item: Leftovers\n|-heal|p2b: Arcanine|76\/100|[from] Grassy Terrain\n|-heal|p2a: Iron Hands|100\/100|[from] Grassy Terrain\n|-fieldend|move: Grassy Terrain\n|upkeep\n|turn|13\n|inactive|daudo has 120 seconds left.\n|\n|t:|1699373277\n|-terastallize|p2a: Iron Hands|Fighting\n|move|p1b: capitalismhater|Acid Armor|p1b: capitalismhater\n|-boost|p1b: capitalismhater|def|2\n|move|p2b: Arcanine|Flare Blitz|p1b: capitalismhater\n|-damage|p1b: capitalismhater|85\/100\n|-ability|p1b: capitalismhater|Gooey\n|-unboost|p2b: Arcanine|spe|1\n|-damage|p2b: Arcanine|73\/100|[from] Recoil\n|move|p2a: Iron Hands|Drain Punch|p1b: capitalismhater\n|-supereffective|p1b: capitalismhater\n|-damage|p1b: capitalismhater|57\/100\n|-ability|p1b: capitalismhater|Gooey\n|-unboost|p2a: Iron Hands|spe|1\n|\n|-heal|p1b: capitalismhater|63\/100|[from] item: Leftovers\n|-sideend|p1: culitoderana|move: Tailwind\n|upkeep\n|turn|14\n|\n|t:|1699373298\n|switch|p2b: Dragonite|Dragonite, M|56\/100 par\n|move|p1b: capitalismhater|Protect|p1b: capitalismhater\n|-singleturn|p1b: capitalismhater|Protect\n|move|p2a: Iron Hands|Drain Punch|p1b: capitalismhater\n|-activate|p1b: capitalismhater|move: Protect\n|\n|-heal|p1b: capitalismhater|69\/100|[from] item: Leftovers\n|upkeep\n|turn|15\n|\n|t:|1699373323\n|move|p1b: capitalismhater|Body Press|p2a: Iron Hands\n|-damage|p2a: Iron Hands|52\/100\n|move|p2b: Dragonite|Dragon Claw|p1b: capitalismhater\n|-damage|p1b: capitalismhater|56\/100\n|-ability|p1b: capitalismhater|Gooey\n|-unboost|p2b: Dragonite|spe|1\n|move|p2a: Iron Hands|Drain Punch|p1b: capitalismhater\n|-supereffective|p1b: capitalismhater\n|-damage|p1b: capitalismhater|29\/100\n|-heal|p2a: Iron Hands|60\/100|[from] drain|[of] p1b: capitalismhater\n|-ability|p1b: capitalismhater|Gooey\n|-unboost|p2a: Iron Hands|spe|1\n|\n|-heal|p1b: capitalismhater|35\/100|[from] item: Leftovers\n|-heal|p2a: Iron Hands|66\/100|[from] item: Leftovers\n|upkeep\n|turn|16\n|\n|t:|1699373344\n|move|p1b: capitalismhater|Protect|p1b: capitalismhater\n|-singleturn|p1b: capitalismhater|Protect\n|move|p2a: Iron Hands|Detect|p2a: Iron Hands\n|-singleturn|p2a: Iron Hands|Protect\n|move|p2b: Dragonite|Dragon Claw|p1b: capitalismhater\n|-activate|p1b: capitalismhater|move: Protect\n|\n|-heal|p1b: capitalismhater|41\/100|[from] item: Leftovers\n|-heal|p2a: Iron Hands|72\/100|[from] item: Leftovers\n|-sideend|p2: daudo|Reflect\n|upkeep\n|turn|17\n|\n|t:|1699373362\n|-end|p2a: Iron Hands|Quark Drive|[silent]\n|switch|p2a: Arcanine|Arcanine, M|73\/100\n|-ability|p2a: Arcanine|Intimidate|boost\n|-unboost|p1b: capitalismhater|atk|1\n|move|p1b: capitalismhater|Body Press|p2b: Dragonite\n|-resisted|p2b: Dragonite\n|-damage|p2b: Dragonite|7\/100 par\n|move|p2b: Dragonite|Dragon Claw|p1b: capitalismhater\n|-damage|p1b: capitalismhater|26\/100\n|-ability|p1b: capitalismhater|Gooey\n|-unboost|p2b: Dragonite|spe|1\n|\n|-heal|p1b: capitalismhater|32\/100|[from] item: Leftovers\n|-sideend|p2: daudo|move: Light Screen\n|upkeep\n|turn|18\n|inactive|culitoderana has 120 seconds left.\n|\n|t:|1699373403\n|move|p1b: capitalismhater|Protect|p1b: capitalismhater\n|-singleturn|p1b: capitalismhater|Protect\n|move|p2a: Arcanine|Close Combat|p1b: capitalismhater\n|-activate|p1b: capitalismhater|move: Protect\n|move|p2b: Dragonite|Dragon Claw|p1b: capitalismhater\n|-activate|p1b: capitalismhater|move: Protect\n|\n|-heal|p1b: capitalismhater|38\/100|[from] item: Leftovers\n|upkeep\n|turn|19\n|\n|t:|1699373414\n|move|p2a: Arcanine|Close Combat|p1b: capitalismhater\n|-supereffective|p1b: capitalismhater\n|-damage|p1b: capitalismhater|23\/100\n|-unboost|p2a: Arcanine|def|1\n|-unboost|p2a: Arcanine|spd|1\n|-ability|p1b: capitalismhater|Gooey\n|-unboost|p2a: Arcanine|spe|1\n|move|p1b: capitalismhater|Body Press|p2b: Dragonite\n|-resisted|p2b: Dragonite\n|-damage|p2b: Dragonite|0 fnt\n|faint|p2b: Dragonite\n|\n|-heal|p1b: capitalismhater|29\/100|[from] item: Leftovers\n|upkeep\n|\n|t:|1699373427\n|switch|p2b: Grimmsnarl|Grimmsnarl, M|25\/100\n|turn|20\n|\n|t:|1699373438\n|move|p1b: capitalismhater|Protect|p1b: capitalismhater\n|-singleturn|p1b: capitalismhater|Protect\n|move|p2b: Grimmsnarl|Reflect|p2b: Grimmsnarl\n|-sidestart|p2: daudo|Reflect\n|move|p2a: Arcanine|Close Combat|p1b: capitalismhater\n|-activate|p1b: capitalismhater|move: Protect\n|\n|-heal|p1b: capitalismhater|35\/100|[from] item: Leftovers\n|upkeep\n|turn|21\n|\n|t:|1699373453\n|move|p2a: Arcanine|Close Combat|p1b: capitalismhater\n|-supereffective|p1b: capitalismhater\n|-damage|p1b: capitalismhater|21\/100\n|-unboost|p2a: Arcanine|def|1\n|-unboost|p2a: Arcanine|spd|1\n|-ability|p1b: capitalismhater|Gooey\n|-unboost|p2a: Arcanine|spe|1\n|move|p2b: Grimmsnarl|Spirit Break|p1b: capitalismhater\n|-damage|p1b: capitalismhater|15\/100\n|-unboost|p1b: capitalismhater|spa|1\n|-ability|p1b: capitalismhater|Gooey\n|-unboost|p2b: Grimmsnarl|spe|1\n|move|p1b: capitalismhater|Body Press|p2a: Arcanine\n|-damage|p2a: Arcanine|0 fnt\n|faint|p2a: Arcanine\n|\n|-heal|p1b: capitalismhater|21\/100|[from] item: Leftovers\n|upkeep\n|\n|t:|1699373471\n|switch|p2a: Iron Hands|Iron Hands, tera:Fighting|72\/100\n|turn|22\n|\n|t:|1699373479\n|move|p1b: capitalismhater|Protect|p1b: capitalismhater\n|-singleturn|p1b: capitalismhater|Protect\n|move|p2a: Iron Hands|Detect|p2a: Iron Hands\n|-singleturn|p2a: Iron Hands|Protect\n|move|p2b: Grimmsnarl|Spirit Break|p1b: capitalismhater\n|-activate|p1b: capitalismhater|move: Protect\n|\n|-heal|p1b: capitalismhater|27\/100|[from] item: Leftovers\n|-heal|p2a: Iron Hands|78\/100|[from] item: Leftovers\n|upkeep\n|turn|23\n|inactive|culitoderana has 120 seconds left.\n|\n|t:|1699373518\n|move|p1b: capitalismhater|Body Press|p2b: Grimmsnarl\n|-damage|p2b: Grimmsnarl|0 fnt\n|faint|p2b: Grimmsnarl\n|move|p2a: Iron Hands|Drain Punch|p1b: capitalismhater\n|-supereffective|p1b: capitalismhater\n|-damage|p1b: capitalismhater|2\/100\n|-heal|p2a: Iron Hands|86\/100|[from] drain|[of] p1b: capitalismhater\n|-ability|p1b: capitalismhater|Gooey\n|-unboost|p2a: Iron Hands|spe|1\n|\n|-heal|p1b: capitalismhater|8\/100|[from] item: Leftovers\n|-heal|p2a: Iron Hands|92\/100|[from] item: Leftovers\n|upkeep\n|turn|24\n|inactive|culitoderana has 120 seconds left.\n|c|\u2606culitoderana|i took a bad desicion\n|c|\u2606culitoderana|thanks tho\n|c|\u2606culitoderana|this was a great fight\n|\n|t:|1699373547\n|move|p1b: capitalismhater|Protect|p1b: capitalismhater\n|-singleturn|p1b: capitalismhater|Protect\n|move|p2a: Iron Hands|Drain Punch|p1b: capitalismhater\n|-activate|p1b: capitalismhater|move: Protect\n|\n|-heal|p1b: capitalismhater|14\/100|[from] item: Leftovers\n|-heal|p2a: Iron Hands|98\/100|[from] item: Leftovers\n|upkeep\n|turn|25\n|\n|t:|1699373554\n|move|p1b: capitalismhater|Body Press|p2a: Iron Hands\n|-damage|p2a: Iron Hands|52\/100\n|move|p2a: Iron Hands|Drain Punch|p1b: capitalismhater\n|-supereffective|p1b: capitalismhater\n|-damage|p1b: capitalismhater|0 fnt\n|-heal|p2a: Iron Hands|57\/100|[from] drain|[of] p1b: capitalismhater\n|-ability|p1b: capitalismhater|Gooey\n|-unboost|p2a: Iron Hands|spe|1\n|faint|p1b: capitalismhater\n|\n|win|daudo\n|raw|culitoderana's rating: 1223 &rarr; <strong>1204<\/strong><br \/>(-19 for losing)\n|raw|daudo's rating: 1314 &rarr; <strong>1329<\/strong><br \/>(+15 for winning)\n","uploadtime":1699373568,"views":9,"p1id":"culitoderana","p2id":"daudo","formatid":"gen9doublesou","rating":1204,"private":0,"password":""}