{"id":"gen9doublesou-1985764313","p1":"asnax","p2":"SkyOnPS","format":"[Gen 9] Doubles OU","log":"|j|\u2606asnax\n|j|\u2606SkyOnPS\n|inactive|Battle timer is ON: inactive players will automatically lose when time's up.\n|t:|1699403731\n|gametype|doubles\n|player|p1|asnax|266|\n|player|p2|SkyOnPS|shadowtriad|\n|teamsize|p1|6\n|teamsize|p2|6\n|gen|9\n|tier|[Gen 9] Doubles OU\n|rated|Tournament battle\n|rule|Species Clause: Limit one of each Pok\u00e9mon\n|rule|OHKO Clause: OHKO moves are banned\n|rule|Evasion Moves Clause: Evasion moves are banned\n|rule|Gravity Sleep Clause: The combination of sleep-inducing moves with imperfect accuracy and Gravity or Gigantamax Orbeetle are banned\n|rule|Endless Battle Clause: Forcing endless battles is banned\n|rule|HP Percentage Mod: HP is shown in percentages\n|clearpoke\n|poke|p1|Swalot, F|\n|poke|p1|Amoonguss, F|\n|poke|p1|Ampharos, F|\n|poke|p1|Skuntank, M|\n|poke|p1|Slaking, F|\n|poke|p1|Sandaconda, F|\n|poke|p2|Sandslash-Alola, F|\n|poke|p2|Drifblim, F|\n|poke|p2|Milotic, M|\n|poke|p2|Crawdaunt, M|\n|poke|p2|Sylveon, F|\n|poke|p2|Sinistcha|\n|teampreview\n|j|*Lady Monita \u263d\n|inactive|asnax also wants the timer to be on.\n|inactive|SkyOnPS also wants the timer to be on.\n|j| E4Everyone\n|\n|t:|1699403756\n|start\n|switch|p1a: Ampharos|Ampharos, F|100\/100\n|switch|p1b: Skuntank|Skuntank, M|100\/100\n|switch|p2a: Drifblim|Drifblim, F, shiny|100\/100\n|switch|p2b: Milotic|Milotic, M|100\/100\n|turn|1\n|\n|t:|1699403784\n|switch|p2b: Sandslash|Sandslash-Alola, F|100\/100\n|move|p1b: Skuntank|Taunt|p2a: Drifblim\n|-start|p2a: Drifblim|move: Taunt\n|cant|p2a: Drifblim|move: Taunt|Calm Mind\n|move|p1a: Ampharos|Electroweb|p2a: Drifblim|[spread] p2a,p2b\n|-supereffective|p2a: Drifblim\n|-damage|p2a: Drifblim|56\/100\n|-damage|p2b: Sandslash|71\/100\n|-unboost|p2a: Drifblim|spe|1\n|-unboost|p2b: Sandslash|spe|1\n|\n|upkeep\n|turn|2\n|\n|t:|1699403812\n|move|p1b: Skuntank|Knock Off|p2a: Drifblim\n|-supereffective|p2a: Drifblim\n|-damage|p2a: Drifblim|0 fnt\n|-enditem|p2a: Drifblim|Sitrus Berry|[from] move: Knock Off|[of] p1b: Skuntank\n|faint|p2a: Drifblim\n|move|p1a: Ampharos|Reflect|p1a: Ampharos\n|-sidestart|p1: asnax|Reflect\n|move|p2b: Sandslash|Earthquake|p1a: Ampharos|[spread] p1a,p1b\n|-supereffective|p1a: Ampharos\n|-supereffective|p1b: Skuntank\n|-damage|p1a: Ampharos|56\/100\n|-damage|p1b: Skuntank|43\/100\n|-damage|p2b: Sandslash|61\/100|[from] item: Life Orb\n|\n|-heal|p1b: Skuntank|49\/100|[from] item: Leftovers\n|upkeep\n|inactive|SkyOnPS has 120 seconds left.\n|\n|t:|1699403836\n|switch|p2a: Sinistcha|Sinistcha|100\/100\n|-heal|p2b: Sandslash|86\/100|[from] ability: Hospitality|[of] p2a: Sinistcha\n|turn|3\n|\n|t:|1699403850\n|move|p2a: Sinistcha|Rage Powder|p2a: Sinistcha\n|-singleturn|p2a: Sinistcha|move: Rage Powder\n|move|p1b: Skuntank|Knock Off|p2a: Sinistcha\n|-supereffective|p2a: Sinistcha\n|-damage|p2a: Sinistcha|41\/100\n|-enditem|p2a: Sinistcha|Leftovers|[from] move: Knock Off|[of] p1b: Skuntank\n|move|p1a: Ampharos|Light Screen|p1a: Ampharos\n|-sidestart|p1: asnax|move: Light Screen\n|move|p2b: Sandslash|Earthquake|p1b: Skuntank|[spread] p2a,p1a,p1b\n|-resisted|p2a: Sinistcha\n|-supereffective|p1a: Ampharos\n|-supereffective|p1b: Skuntank\n|-damage|p2a: Sinistcha|31\/100\n|-damage|p1a: Ampharos|18\/100\n|-damage|p1b: Skuntank|0 fnt\n|faint|p1b: Skuntank\n|-damage|p2b: Sandslash|76\/100|[from] item: Life Orb\n|\n|upkeep\n|\n|t:|1699403873\n|switch|p1b: Slaking|Slaking, F|100\/100\n|turn|4\n|\n|t:|1699403890\n|switch|p2a: Milotic|Milotic, M|100\/100\n|move|p1b: Slaking|Throat Chop|p2a: Milotic\n|-damage|p2a: Milotic|48\/100\n|-start|p2a: Milotic|Throat Chop|[silent]\n|move|p1a: Ampharos|Electroweb|p2a: Milotic|[spread] p2a,p2b\n|-supereffective|p2a: Milotic\n|-damage|p2a: Milotic|15\/100\n|-damage|p2b: Sandslash|44\/100\n|-unboost|p2a: Milotic|spe|1\n|-ability|p2a: Milotic|Competitive|boost\n|-boost|p2a: Milotic|spa|2\n|-unboost|p2b: Sandslash|spe|1\n|move|p2b: Sandslash|Earthquake|p1b: Slaking|[spread] p2a,p1a,p1b\n|-supereffective|p1a: Ampharos\n|-damage|p2a: Milotic|0 fnt\n|-damage|p1a: Ampharos|0 fnt\n|-damage|p1b: Slaking|86\/100\n|faint|p2a: Milotic\n|faint|p1a: Ampharos\n|-damage|p2b: Sandslash|34\/100|[from] item: Life Orb\n|\n|upkeep\n|\n|t:|1699403917\n|switch|p2a: Sinistcha|Sinistcha|31\/100\n|switch|p1a: Swalot|Swalot, F|100\/100\n|-heal|p2b: Sandslash|59\/100|[from] ability: Hospitality|[of] p2a: Sinistcha\n|turn|5\n|\n|t:|1699403934\n|cant|p1b: Slaking|ability: Truant\n|move|p2a: Sinistcha|Life Dew|p2a: Sinistcha|[spread] p2a,p2b\n|-heal|p2a: Sinistcha|56\/100\n|-heal|p2b: Sandslash|84\/100\n|move|p1a: Swalot|Acid Armor|p1a: Swalot\n|-boost|p1a: Swalot|def|2\n|move|p2b: Sandslash|Earthquake|p1a: Swalot|[spread] p2a,p1a,p1b\n|-resisted|p2a: Sinistcha\n|-supereffective|p1a: Swalot\n|-damage|p2a: Sinistcha|45\/100\n|-damage|p1a: Swalot|81\/100\n|-damage|p1b: Slaking|69\/100\n|-damage|p2b: Sandslash|74\/100|[from] item: Life Orb\n|\n|-heal|p1a: Swalot|87\/100|[from] item: Leftovers\n|upkeep\n|turn|6\n|\n|t:|1699403959\n|move|p1b: Slaking|Throat Chop|p2a: Sinistcha\n|-supereffective|p2a: Sinistcha\n|-damage|p2a: Sinistcha|0 fnt\n|faint|p2a: Sinistcha\n|move|p1a: Swalot|Acid Armor|p1a: Swalot\n|-boost|p1a: Swalot|def|2\n|move|p2b: Sandslash|Iron Head|p1b: Slaking\n|-damage|p1b: Slaking|41\/100\n|-damage|p2b: Sandslash|64\/100|[from] item: Life Orb\n|\n|-heal|p1a: Swalot|94\/100|[from] item: Leftovers\n|upkeep\n|inactive|SkyOnPS has 120 seconds left.\n|\n|t:|1699403971\n|switch|p2a: Sylveon|Sylveon, F|100\/100\n|turn|7\n|j| Harlequin_o7\n|inactive|SkyOnPS has 120 seconds left.\n|\n|t:|1699403997\n|switch|p1b: Amoonguss|Amoonguss, F|100\/100\n|move|p2a: Sylveon|Hyper Voice|p1a: Swalot|[spread] p1a,p1b\n|-resisted|p1a: Swalot\n|-resisted|p1b: Amoonguss\n|-damage|p1a: Swalot|83\/100\n|-damage|p1b: Amoonguss|92\/100\n|-enditem|p2a: Sylveon|Throat Spray\n|-boost|p2a: Sylveon|spa|1|[from] item: Throat Spray\n|move|p1a: Swalot|Body Press|p2b: Sandslash\n|-supereffective|p2b: Sandslash\n|-damage|p2b: Sandslash|0 fnt\n|faint|p2b: Sandslash\n|\n|-heal|p1a: Swalot|90\/100|[from] item: Leftovers\n|upkeep\n|inactive|SkyOnPS has 120 seconds left.\n|l| Harlequin_o7\n|\n|t:|1699404008\n|switch|p2b: Crawdaunt|Crawdaunt, M|100\/100\n|turn|8\n|\n|t:|1699404017\n|move|p2a: Sylveon|Shadow Ball|p1a: Swalot\n|-crit|p1a: Swalot\n|-damage|p1a: Swalot|44\/100\n|-unboost|p1a: Swalot|spd|1\n|move|p1a: Swalot|Body Press|p2b: Crawdaunt\n|-supereffective|p2b: Crawdaunt\n|-damage|p2b: Crawdaunt|0 fnt\n|faint|p2b: Crawdaunt\n|move|p1b: Amoonguss|Spore|p2a: Sylveon\n|-status|p2a: Sylveon|slp|[from] move: Spore\n|\n|-heal|p1a: Swalot|50\/100|[from] item: Leftovers\n|upkeep\n|turn|9\n|c|\u2606SkyOnPS|ggs\n|c|\u2606SkyOnPS|well played!\n|\n|t:|1699404034\n|cant|p2a: Sylveon|slp\n|move|p1a: Swalot|Gunk Shot|p2a: Sylveon|[miss]\n|-miss|p1a: Swalot|p2a: Sylveon\n|move|p1b: Amoonguss|Pollen Puff|p1a: Swalot\n|-heal|p1a: Swalot|99\/100\n|\n|-heal|p1a: Swalot|100\/100|[from] item: Leftovers\n|-sideend|p1: asnax|Reflect\n|upkeep\n|turn|10\n|c|\u2606asnax|gg!\n|j| SweetNSourSpinda\n|\n|t:|1699404050\n|switch|p1b: Slaking|Slaking, F|41\/100\n|cant|p2a: Sylveon|slp\n|move|p1a: Swalot|Gunk Shot|p2a: Sylveon\n|-supereffective|p2a: Sylveon\n|-damage|p2a: Sylveon|26\/100 slp\n|\n|-sideend|p1: asnax|move: Light Screen\n|upkeep\n|turn|11\n|\n|t:|1699404060\n|move|p1b: Slaking|Facade|p2a: Sylveon\n|-damage|p2a: Sylveon|0 fnt\n|faint|p2a: Sylveon\n|\n|win|asnax\n|n|\u2606asnax|asnax\n|n|\u2606SkyOnPS|skyonps\n|n|*Lady Monita \u263d|ladymonita\n|n| E4Everyone|e4everyone\n|n| SweetNSourSpinda|sweetnsourspinda\n","uploadtime":1699404061,"views":8,"p1id":"asnax","p2id":"skyonps","formatid":"gen9doublesou","rating":0,"private":0,"password":""}