{"id":"gen9doublesou-1970440170","p1":"RocketsViability","p2":"Tbonesteak55555","format":"[Gen 9] Doubles OU","log":"|j|\u2606RocketsViability\n|j|\u2606Tbonesteak55555\n|t:|1697639173\n|gametype|doubles\n|player|p1|RocketsViability|266|1158\n|player|p2|Tbonesteak55555|101|1099\n|teamsize|p1|6\n|teamsize|p2|6\n|gen|9\n|tier|[Gen 9] Doubles OU\n|rated|\n|rule|Species Clause: Limit one of each Pok\u00e9mon\n|rule|OHKO Clause: OHKO moves are banned\n|rule|Evasion Moves Clause: Evasion moves are banned\n|rule|Gravity Sleep Clause: The combination of sleep-inducing moves with imperfect accuracy and Gravity or Gigantamax Orbeetle are banned\n|rule|Endless Battle Clause: Forcing endless battles is banned\n|rule|HP Percentage Mod: HP is shown in percentages\n|clearpoke\n|poke|p1|Ninetales-Alola, M|\n|poke|p1|Trevenant, M|\n|poke|p1|Goodra-Hisui, F|\n|poke|p1|Sandslash-Alola, F|\n|poke|p1|Torterra, F|\n|poke|p1|Empoleon, F|\n|poke|p2|Infernape, M|\n|poke|p2|Greninja-*, M|\n|poke|p2|Tornadus, M|\n|poke|p2|Pincurchin, M|\n|poke|p2|Dudunsparce-*, F|\n|poke|p2|Forretress, F|\n|teampreview\n|inactive|Battle timer is ON: inactive players will automatically lose when time's up. (requested by Tbonesteak55555)\n|\n|t:|1697639181\n|start\n|switch|p1a: Ninetales|Ninetales-Alola, M|100\/100\n|switch|p1b: Torterra|Torterra, F|100\/100\n|switch|p2a: Tornadus|Tornadus, M|100\/100\n|switch|p2b: Pincurchin|Pincurchin, M|100\/100\n|-weather|Snow|[from] ability: Snow Warning|[of] p1a: Ninetales\n|-fieldstart|move: Electric Terrain|[from] ability: Electric Surge|[of] p2b: Pincurchin\n|turn|1\n|\n|t:|1697639196\n|-terastallize|p1b: Torterra|Ice\n|move|p2a: Tornadus|Tailwind|p2a: Tornadus\n|-sidestart|p2: Tbonesteak55555|move: Tailwind\n|move|p1a: Ninetales|Aurora Veil|p1a: Ninetales\n|-sidestart|p1: RocketsViability|move: Aurora Veil\n|move|p1b: Torterra|Shell Smash|p1b: Torterra\n|-unboost|p1b: Torterra|def|1\n|-unboost|p1b: Torterra|spd|1\n|-boost|p1b: Torterra|atk|2\n|-boost|p1b: Torterra|spa|2\n|-boost|p1b: Torterra|spe|2\n|move|p2b: Pincurchin|Discharge|p1a: Ninetales|[spread] p2a,p1a,p1b\n|-supereffective|p2a: Tornadus\n|-damage|p2a: Tornadus|0 fnt\n|-damage|p1a: Ninetales|56\/100\n|-damage|p1b: Torterra|39\/100\n|-status|p1a: Ninetales|par\n|faint|p2a: Tornadus\n|\n|-weather|Snow|[upkeep]\n|upkeep\n|\n|t:|1697639212\n|switch|p2a: Forretress|Forretress, F|100\/100\n|turn|2\n|inactive|RocketsViability has 120 seconds left.\n|c|\u2606RocketsViability|!weakness pincurchin\n|c| RocketsViability|\/raw <div class=\"infobox\">Pincurchin (ignoring abilities):<br \/><span class=\"message-effect-weak\">Weaknesses<\/span>: Ground<br \/><span class=\"message-effect-resist\">Resistances<\/span>: Electric, Flying, Steel<br \/><span class=\"message-effect-immune\">Immunities<\/span>: Paralysis<\/div>\n|\n|t:|1697639250\n|switch|p1a: Trevenant|Trevenant, M|100\/100\n|move|p1b: Torterra|Bullet Seed|p2b: Pincurchin\n|-damage|p2b: Pincurchin|70\/100\n|-damage|p2b: Pincurchin|39\/100\n|-damage|p2b: Pincurchin|11\/100\n|-damage|p2b: Pincurchin|0 fnt\n|faint|p2b: Pincurchin\n|-hitcount|p2: Pincurchin|4\n|move|p2a: Forretress|Earthquake|p1b: Torterra|[spread] p1a,p1b\n|-resisted|p1a: Trevenant\n|-damage|p1a: Trevenant|94\/100\n|-damage|p1b: Torterra|27\/100\n|\n|-weather|Snow|[upkeep]\n|upkeep\n|\n|t:|1697639264\n|switch|p2b: Dudunsparce|Dudunsparce-Three-Segment, F|100\/100\n|turn|3\n|\n|t:|1697639276\n|move|p1a: Trevenant|Ally Switch|p1a: Trevenant\n|swap|p1a: Trevenant|1|[from] move: Ally Switch\n|move|p2b: Dudunsparce|Air Slash|p1a: Torterra\n|-damage|p1a: Torterra|10\/100\n|cant|p1a: Torterra|flinch\n|move|p2a: Forretress|Explosion|p1b: Trevenant|[spread] p2b,p1a\n|-immune|p1b: Trevenant\n|-damage|p2b: Dudunsparce|61\/100\n|-damage|p1a: Torterra|0 fnt\n|faint|p2a: Forretress\n|faint|p1a: Torterra\n|\n|-weather|Snow|[upkeep]\n|upkeep\n|\n|t:|1697639290\n|switch|p1a: Goodra|Goodra-Hisui, F|100\/100\n|switch|p2a: Infernape|Infernape, M|100\/100\n|turn|4\n|\n|t:|1697639304\n|move|p2a: Infernape|Protect|p2a: Infernape\n|-singleturn|p2a: Infernape|Protect\n|move|p2b: Dudunsparce|Air Slash|p1b: Trevenant\n|-supereffective|p1b: Trevenant\n|-damage|p1b: Trevenant|81\/100\n|move|p1a: Goodra|Blizzard|p2b: Dudunsparce|[spread] p2b\n|-activate|p2a: Infernape|move: Protect\n|-damage|p2b: Dudunsparce|27\/100\n|cant|p1b: Trevenant|flinch\n|\n|-weather|Snow|[upkeep]\n|-sideend|p2: Tbonesteak55555|move: Tailwind\n|upkeep\n|turn|5\n|\n|t:|1697639316\n|move|p2b: Dudunsparce|Air Slash|p1b: Trevenant\n|-supereffective|p1b: Trevenant\n|-damage|p1b: Trevenant|67\/100\n|move|p2a: Infernape|Drain Punch|p1a: Goodra\n|-supereffective|p1a: Goodra\n|-damage|p1a: Goodra|54\/100\n|-damage|p2a: Infernape|84\/100|[from] item: Rocky Helmet|[of] p1a: Goodra\n|move|p1a: Goodra|Blizzard|p2a: Infernape|[spread] p2a,p2b\n|-resisted|p2a: Infernape\n|-damage|p2a: Infernape|64\/100\n|-damage|p2b: Dudunsparce|0 fnt\n|faint|p2b: Dudunsparce\n|cant|p1b: Trevenant|flinch\n|\n|-weather|Snow|[upkeep]\n|-sideend|p1: RocketsViability|move: Aurora Veil\n|-fieldend|move: Electric Terrain\n|upkeep\n|\n|t:|1697639325\n|switch|p2b: Greninja|Greninja, M|100\/100\n|turn|6\n|\n|t:|1697639334\n|move|p1b: Trevenant|Ally Switch|p1b: Trevenant\n|swap|p1b: Trevenant|0|[from] move: Ally Switch\n|move|p2b: Greninja|Water Pledge|p1a: Trevenant\n|-waiting|p2b: Greninja|p2a: Infernape\n|move|p2a: Infernape|Fire Pledge|p1a: Trevenant|[from]move: Water Pledge\n|-combine\n|-resisted|p1a: Trevenant\n|-damage|p1a: Trevenant|49\/100\n|-sidestart|p2: Tbonesteak55555|Water Pledge\n|-enditem|p1a: Trevenant|Sitrus Berry|[eat]\n|-heal|p1a: Trevenant|74\/100|[from] item: Sitrus Berry\n|move|p1b: Goodra|Blizzard|p2b: Greninja|[spread] p2a,p2b\n|-resisted|p2a: Infernape\n|-crit|p2a: Infernape\n|-resisted|p2b: Greninja\n|-damage|p2a: Infernape|32\/100\n|-damage|p2b: Greninja|77\/100\n|\n|-weather|Snow|[upkeep]\n|upkeep\n|turn|7\n|\n|t:|1697639351\n|move|p2b: Greninja|Rock Slide|p1b: Goodra|[spread] p1a,p1b\n|-resisted|p1b: Goodra\n|-damage|p1a: Trevenant|56\/100\n|-damage|p1b: Goodra|46\/100\n|move|p2a: Infernape|Rock Slide|p1a: Trevenant|[spread] p1a,p1b\n|-resisted|p1b: Goodra\n|-damage|p1a: Trevenant|37\/100\n|-damage|p1b: Goodra|37\/100\n|cant|p1b: Goodra|flinch\n|cant|p1a: Trevenant|flinch\n|\n|-weather|Snow|[upkeep]\n|-item|p1a: Trevenant|Sitrus Berry|[from] ability: Harvest\n|upkeep\n|-enditem|p1a: Trevenant|Sitrus Berry|[eat]\n|-heal|p1a: Trevenant|62\/100|[from] item: Sitrus Berry\n|turn|8\n|\n|t:|1697639366\n|move|p1b: Goodra|Protect|p1b: Goodra\n|-singleturn|p1b: Goodra|Protect\n|move|p2b: Greninja|Rock Slide|p1a: Trevenant|[spread] p1a\n|-activate|p1b: Goodra|move: Protect\n|-damage|p1a: Trevenant|42\/100\n|move|p2a: Infernape|Rock Slide|p1a: Trevenant|[spread] p1a\n|-activate|p1b: Goodra|move: Protect\n|-damage|p1a: Trevenant|23\/100\n|cant|p1a: Trevenant|flinch\n|\n|-weather|none\n|-item|p1a: Trevenant|Sitrus Berry|[from] ability: Harvest\n|upkeep\n|-enditem|p1a: Trevenant|Sitrus Berry|[eat]\n|-heal|p1a: Trevenant|48\/100|[from] item: Sitrus Berry\n|turn|9\n|\n|t:|1697639383\n|move|p2b: Greninja|Rock Slide|p1a: Trevenant|[spread] p1a,p1b\n|-resisted|p1b: Goodra\n|-damage|p1a: Trevenant|27\/100\n|-damage|p1b: Goodra|29\/100\n|move|p2a: Infernape|Rock Slide|p1b: Goodra|[spread] p1a,p1b\n|-resisted|p1b: Goodra\n|-damage|p1a: Trevenant|4\/100\n|-damage|p1b: Goodra|20\/100\n|move|p1b: Goodra|Blizzard|p2b: Greninja|[spread] p2a,p2b\n|-resisted|p2a: Infernape\n|-resisted|p2b: Greninja\n|-damage|p2a: Infernape|12\/100\n|-damage|p2b: Greninja|53\/100\n|move|p1a: Trevenant|Horn Leech|p2b: Greninja\n|-supereffective|p2b: Greninja\n|-damage|p2b: Greninja|0 fnt\n|-heal|p1a: Trevenant|24\/100|[from] drain|[of] p2b: Greninja\n|faint|p2b: Greninja\n|\n|-sideend|p2: Tbonesteak55555|Water Pledge\n|-item|p1a: Trevenant|Sitrus Berry|[from] ability: Harvest\n|upkeep\n|-enditem|p1a: Trevenant|Sitrus Berry|[eat]\n|-heal|p1a: Trevenant|49\/100|[from] item: Sitrus Berry\n|turn|10\n|\n|t:|1697639407\n|move|p2a: Infernape|Drain Punch|p1b: Goodra\n|-supereffective|p1b: Goodra\n|-damage|p1b: Goodra|0 fnt\n|-heal|p2a: Infernape|24\/100|[from] drain|[of] p1b: Goodra\n|-damage|p2a: Infernape|8\/100|[from] item: Rocky Helmet|[of] p1b: Goodra\n|faint|p1b: Goodra\n|move|p1a: Trevenant|Horn Leech|p2a: Infernape\n|-resisted|p2a: Infernape\n|-damage|p2a: Infernape|0 fnt\n|-heal|p1a: Trevenant|52\/100|[from] drain|[of] p2a: Infernape\n|faint|p2a: Infernape\n|\n|win|RocketsViability\n|raw|RocketsViability's rating: 1158 &rarr; <strong>1179<\/strong><br \/>(+21 for winning)\n|raw|Tbonesteak55555's rating: 1099 &rarr; <strong>1078<\/strong><br \/>(-21 for losing)\n|l|\u2606Tbonesteak55555\n","uploadtime":1697639424,"views":6,"p1id":"rocketsviability","p2id":"tbonesteak55555","formatid":"gen9doublesou","rating":1078,"private":0,"password":""}