{"id":"gen9doublesou-1978712563","p1":"MeowMeow33","p2":"yante","format":"[Gen 9] Doubles OU","log":"|j|\u203dMeowMeow33\n|j|\u2606yante\n|t:|1698585546\n|gametype|doubles\n|player|p1|MeowMeow33|170|1473\n|player|p2|yante|265|1398\n|teamsize|p1|6\n|teamsize|p2|6\n|gen|9\n|tier|[Gen 9] Doubles OU\n|rated|\n|rule|Species Clause: Limit one of each Pok\u00e9mon\n|rule|OHKO Clause: OHKO moves are banned\n|rule|Evasion Moves Clause: Evasion moves are banned\n|rule|Gravity Sleep Clause: The combination of sleep-inducing moves with imperfect accuracy and Gravity or Gigantamax Orbeetle are banned\n|rule|Endless Battle Clause: Forcing endless battles is banned\n|rule|HP Percentage Mod: HP is shown in percentages\n|clearpoke\n|poke|p1|Conkeldurr, F|\n|poke|p1|Dusclops, M|\n|poke|p1|Iron Hands|\n|poke|p1|Gastrodon, M|\n|poke|p1|Kingambit, F|\n|poke|p1|Armarouge, F|\n|poke|p2|Flutter Mane|\n|poke|p2|Chi-Yu|\n|poke|p2|Torkoal, F|\n|poke|p2|Iron Hands|\n|poke|p2|Lilligant-Hisui, F|\n|poke|p2|Ogerpon-Cornerstone, F|\n|teampreview\n|inactive|Battle timer is ON: inactive players will automatically lose when time's up. (requested by MeowMeow33)\n|\n|t:|1698585575\n|start\n|switch|p1a: Dusclops|Dusclops, M|100\/100\n|switch|p1b: Conkeldurr|Conkeldurr, F|100\/100\n|switch|p2a: Torkoal|Torkoal, F|100\/100\n|switch|p2b: Flutter Mane|Flutter Mane|100\/100\n|-item|p2a: Torkoal|Charcoal|[from] ability: Frisk|[of] p1a: Dusclops|[identify]\n|-item|p2b: Flutter Mane|Life Orb|[from] ability: Frisk|[of] p1a: Dusclops|[identify]\n|-weather|SunnyDay|[from] ability: Drought|[of] p2a: Torkoal\n|-activate|p2b: Flutter Mane|ability: Protosynthesis\n|-start|p2b: Flutter Mane|protosynthesisspe\n|turn|1\n|\n|t:|1698585590\n|-terastallize|p1b: Conkeldurr|Rock\n|move|p1b: Conkeldurr|Wide Guard|p1b: Conkeldurr\n|-singleturn|p1b: Conkeldurr|Wide Guard\n|move|p2b: Flutter Mane|Moonblast|p1b: Conkeldurr\n|-damage|p1b: Conkeldurr|29\/100\n|-unboost|p1b: Conkeldurr|spa|1\n|-damage|p2b: Flutter Mane|91\/100|[from] item: Life Orb\n|move|p2a: Torkoal|Eruption|p1a: Dusclops|[spread] \n|-activate|p1a: Dusclops|move: Wide Guard\n|-activate|p1b: Conkeldurr|move: Wide Guard\n|move|p1a: Dusclops|Trick Room|p1a: Dusclops\n|-fieldstart|move: Trick Room|[of] p1a: Dusclops\n|\n|-weather|SunnyDay|[upkeep]\n|-status|p1b: Conkeldurr|brn|[from] item: Flame Orb\n|upkeep\n|turn|2\n|\n|t:|1698585613\n|-end|p2b: Flutter Mane|Protosynthesis|[silent]\n|switch|p2b: Iron Hands|Iron Hands|100\/100\n|move|p2a: Torkoal|Earth Power|p1b: Conkeldurr\n|-supereffective|p1b: Conkeldurr\n|-damage|p1b: Conkeldurr|0 fnt\n|faint|p1b: Conkeldurr\n|move|p1a: Dusclops|Night Shade|p2a: Torkoal\n|-damage|p2a: Torkoal|71\/100\n|\n|-weather|SunnyDay|[upkeep]\n|upkeep\n|\n|t:|1698585622\n|switch|p1b: Gastrodon|Gastrodon, M|100\/100\n|turn|3\n|\n|t:|1698585639\n|move|p1b: Gastrodon|Protect|p1b: Gastrodon\n|-singleturn|p1b: Gastrodon|Protect\n|move|p2b: Iron Hands|Fake Out|p1b: Gastrodon\n|-activate|p1b: Gastrodon|move: Protect\n|move|p2a: Torkoal|Heat Wave|p1a: Dusclops|[spread] p1a\n|-activate|p1b: Gastrodon|move: Protect\n|-damage|p1a: Dusclops|72\/100\n|move|p1a: Dusclops|Will-O-Wisp|p2b: Iron Hands|[miss]\n|-miss|p1a: Dusclops|p2b: Iron Hands\n|\n|-weather|SunnyDay|[upkeep]\n|upkeep\n|turn|4\n|\n|t:|1698585658\n|-end|p2b: Iron Hands|Quark Drive|[silent]\n|switch|p2b: Chi-Yu|Chi-Yu|100\/100\n|-ability|p2b: Chi-Yu|Beads of Ruin\n|move|p2a: Torkoal|Heat Wave|p1a: Dusclops|[spread] p1a,p1b\n|-resisted|p1b: Gastrodon\n|-damage|p1a: Dusclops|32\/100\n|-damage|p1b: Gastrodon|66\/100\n|move|p1a: Dusclops|Will-O-Wisp|p2b: Chi-Yu\n|-immune|p2b: Chi-Yu\n|move|p1b: Gastrodon|Earth Power|p2a: Torkoal\n|-supereffective|p2a: Torkoal\n|-damage|p2a: Torkoal|0 fnt\n|faint|p2a: Torkoal\n|\n|-weather|SunnyDay|[upkeep]\n|upkeep\n|\n|t:|1698585673\n|switch|p2a: Lilligant|Lilligant-Hisui, F|100\/100\n|turn|5\n|inactive|MeowMeow33 has 120 seconds left.\n|\n|t:|1698585703\n|move|p1a: Dusclops|Pain Split|p2b: Chi-Yu\n|-sethp|p2b: Chi-Yu|66\/100|[from] move: Pain Split|[silent]\n|-sethp|p1a: Dusclops|67\/100|[from] move: Pain Split\n|move|p1b: Gastrodon|Yawn|p2a: Lilligant\n|-start|p2a: Lilligant|move: Yawn|[of] p1b: Gastrodon\n|move|p2b: Chi-Yu|Heat Wave|p1a: Dusclops|[spread] p1a,p1b\n|-resisted|p1b: Gastrodon\n|-damage|p1a: Dusclops|25\/100\n|-damage|p1b: Gastrodon|33\/100\n|move|p2a: Lilligant|Solar Blade||[still]\n|-prepare|p2a: Lilligant|Solar Blade\n|-anim|p2a: Lilligant|Solar Blade|p1b: Gastrodon\n|-supereffective|p1b: Gastrodon\n|-damage|p1b: Gastrodon|0 fnt\n|faint|p1b: Gastrodon\n|\n|-weather|none\n|-fieldend|move: Trick Room\n|upkeep\n|inactive|MeowMeow33 has 120 seconds left.\n|\n|t:|1698585721\n|switch|p1b: Armarouge|Armarouge, F|100\/100\n|turn|6\n|\n|t:|1698585729\n|switch|p2a: Ogerpon|Ogerpon-Cornerstone, F|100\/100\n|move|p2b: Chi-Yu|Heat Wave|p1b: Armarouge|[spread] p1a\n|-start|p1b: Armarouge|ability: Flash Fire\n|-damage|p1a: Dusclops|0 fnt\n|faint|p1a: Dusclops\n|move|p1b: Armarouge|Trick Room|p1b: Armarouge\n|-fieldstart|move: Trick Room|[of] p1b: Armarouge\n|-enditem|p1b: Armarouge|Room Service\n|-unboost|p1b: Armarouge|spe|1|[from] item: Room Service\n|\n|upkeep\n|\n|t:|1698585740\n|switch|p1a: Iron Hands|Iron Hands|100\/100\n|turn|7\n|\n|t:|1698585760\n|switch|p2b: Lilligant|Lilligant-Hisui, F|100\/100\n|move|p1b: Armarouge|Psychic|p2a: Ogerpon\n|-damage|p2a: Ogerpon|40\/100\n|move|p1a: Iron Hands|Close Combat|p2b: Lilligant\n|-enditem|p2b: Lilligant|Focus Sash\n|-damage|p2b: Lilligant|1\/100\n|-unboost|p1a: Iron Hands|def|1\n|-unboost|p1a: Iron Hands|spd|1\n|move|p2a: Ogerpon|Ivy Cudgel|p1b: Armarouge\n|-supereffective|p1b: Armarouge\n|-damage|p1b: Armarouge|0 fnt\n|faint|p1b: Armarouge\n|\n|upkeep\n|\n|t:|1698585774\n|switch|p1b: Kingambit|Kingambit, F|100\/100\n|-activate|p1b: Kingambit|ability: Supreme Overlord\n|-start|p1b: Kingambit|fallen4|[silent]\n|turn|8\n|\n|t:|1698585787\n|move|p2a: Ogerpon|Spiky Shield|p2a: Ogerpon\n|-singleturn|p2a: Ogerpon|move: Protect\n|move|p1b: Kingambit|Iron Head|p2b: Lilligant\n|-damage|p2b: Lilligant|0 fnt\n|faint|p2b: Lilligant\n|move|p1a: Iron Hands|Close Combat|p2a: Ogerpon\n|-activate|p2a: Ogerpon|move: Protect\n|-damage|p1a: Iron Hands|88\/100|[from] Spiky Shield|[of] p2a: Ogerpon\n|\n|upkeep\n|\n|t:|1698585802\n|switch|p2b: Chi-Yu|Chi-Yu|66\/100\n|-ability|p2b: Chi-Yu|Beads of Ruin\n|turn|9\n|\n|t:|1698585812\n|move|p1a: Iron Hands|Close Combat|p2b: Chi-Yu\n|-supereffective|p2b: Chi-Yu\n|-damage|p2b: Chi-Yu|0 fnt\n|-unboost|p1a: Iron Hands|def|1\n|-unboost|p1a: Iron Hands|spd|1\n|faint|p2b: Chi-Yu\n|move|p1b: Kingambit|Iron Head|p2a: Ogerpon\n|-supereffective|p2a: Ogerpon\n|-damage|p2a: Ogerpon|0 fnt\n|faint|p2a: Ogerpon\n|\n|upkeep\n|\n|t:|1698585822\n|switch|p2b: Iron Hands|Iron Hands|100\/100\n|switch|p2a: Flutter Mane|Flutter Mane|91\/100\n|turn|10\n|\n|t:|1698585839\n|move|p2a: Flutter Mane|Protect|p2a: Flutter Mane\n|-singleturn|p2a: Flutter Mane|Protect\n|move|p2b: Iron Hands|Fake Out|p1b: Kingambit\n|-resisted|p1b: Kingambit\n|-damage|p1b: Kingambit|94\/100\n|move|p1a: Iron Hands|Close Combat|p2b: Iron Hands\n|-damage|p2b: Iron Hands|49\/100\n|-unboost|p1a: Iron Hands|def|1\n|-unboost|p1a: Iron Hands|spd|1\n|cant|p1b: Kingambit|flinch\n|\n|-fieldend|move: Trick Room\n|upkeep\n|turn|11\n|\n|t:|1698585853\n|move|p1b: Kingambit|Sucker Punch|p2a: Flutter Mane\n|-damage|p2a: Flutter Mane|0 fnt\n|faint|p2a: Flutter Mane\n|-end|p2a: Flutter Mane|Protosynthesis|[silent]\n|move|p2b: Iron Hands|Drain Punch|p1b: Kingambit\n|-supereffective|p1b: Kingambit\n|-damage|p1b: Kingambit|0 fnt\n|-heal|p2b: Iron Hands|87\/100|[from] drain|[of] p1b: Kingambit\n|faint|p1b: Kingambit\n|-end|p1b: Kingambit|fallen4|[silent]\n|move|p1a: Iron Hands|Close Combat|p2b: Iron Hands\n|-damage|p2b: Iron Hands|38\/100\n|-unboost|p1a: Iron Hands|def|1\n|-unboost|p1a: Iron Hands|spd|1\n|\n|upkeep\n|turn|12\n|\n|t:|1698585867\n|move|p2b: Iron Hands|Drain Punch|p1a: Iron Hands\n|-damage|p1a: Iron Hands|12\/100\n|-heal|p2b: Iron Hands|78\/100|[from] drain|[of] p1a: Iron Hands\n|move|p1a: Iron Hands|Close Combat|p2b: Iron Hands\n|-damage|p2b: Iron Hands|23\/100\n|-unboost|p1a: Iron Hands|def|1\n|-unboost|p1a: Iron Hands|spd|1\n|\n|upkeep\n|turn|13\n|\n|t:|1698585876\n|move|p2b: Iron Hands|Drain Punch|p1a: Iron Hands\n|-damage|p1a: Iron Hands|0 fnt\n|-heal|p2b: Iron Hands|29\/100|[from] drain|[of] p1a: Iron Hands\n|faint|p1a: Iron Hands\n|-end|p1a: Iron Hands|Quark Drive|[silent]\n|\n|win|yante\n|raw|MeowMeow33's rating: 1473 &rarr; <strong>1449<\/strong><br \/>(-24 for losing)\n|raw|yante's rating: 1398 &rarr; <strong>1422<\/strong><br \/>(+24 for winning)\n|l|\u203dMeowMeow33\n","uploadtime":1698585888,"views":32,"p1id":"meowmeow33","p2id":"yante","formatid":"gen9doublesou","rating":1422,"private":0,"password":""}