{"id":"gen9doublesou-1970773749","p1":"God_of_STANK!","p2":"myodeza","format":"[Gen 9] Doubles OU","log":"|j|\u2606God_of_STANK!\n|j|\u2606myodeza\n|t:|1697665821\n|gametype|doubles\n|player|p1|God_of_STANK!|psychic|1477\n|player|p2|myodeza|265|1455\n|teamsize|p1|6\n|teamsize|p2|6\n|gen|9\n|tier|[Gen 9] Doubles OU\n|rated|\n|rule|Species Clause: Limit one of each Pok\u00e9mon\n|rule|OHKO Clause: OHKO moves are banned\n|rule|Evasion Moves Clause: Evasion moves are banned\n|rule|Gravity Sleep Clause: The combination of sleep-inducing moves with imperfect accuracy and Gravity or Gigantamax Orbeetle are banned\n|rule|Endless Battle Clause: Forcing endless battles is banned\n|rule|HP Percentage Mod: HP is shown in percentages\n|clearpoke\n|poke|p1|Rillaboom, M|\n|poke|p1|Tornadus, M|\n|poke|p1|Cresselia, F|\n|poke|p1|Iron Hands|\n|poke|p1|Dragonite, M|\n|poke|p1|Volcanion|\n|poke|p2|Landorus-Therian, M|\n|poke|p2|Diancie|\n|poke|p2|Iron Hands|\n|poke|p2|Indeedee-F, F|\n|poke|p2|Flutter Mane|\n|poke|p2|Armarouge, M|\n|teampreview\n|inactive|Battle timer is ON: inactive players will automatically lose when time's up. (requested by God_of_STANK!)\n|\n|t:|1697665833\n|start\n|switch|p1a: Cresselia|Cresselia, F|100\/100\n|switch|p1b: Iron Hands|Iron Hands|100\/100\n|switch|p2a: Diancie|Diancie, shiny|100\/100\n|switch|p2b: Iron Hands|Iron Hands|100\/100\n|turn|1\n|\n|t:|1697665854\n|move|p2b: Iron Hands|Fake Out|p1b: Iron Hands\n|-damage|p1b: Iron Hands|91\/100\n|move|p1a: Cresselia|Psychic|p2b: Iron Hands\n|-supereffective|p2b: Iron Hands\n|-damage|p2b: Iron Hands|71\/100\n|cant|p1b: Iron Hands|flinch\n|move|p2a: Diancie|Diamond Storm|p1b: Iron Hands|[spread] p1a,p1b\n|-resisted|p1b: Iron Hands\n|-crit|p1b: Iron Hands\n|-damage|p1a: Cresselia|76\/100\n|-damage|p1b: Iron Hands|76\/100\n|-boost|p2a: Diancie|def|2\n|\n|upkeep\n|turn|2\n|inactive|myodeza has 120 seconds left.\n|\n|t:|1697665898\n|-end|p2b: Iron Hands|Quark Drive|[silent]\n|switch|p2b: Indeedee|Indeedee-F, F|100\/100\n|-fieldstart|move: Psychic Terrain|[from] ability: Psychic Surge|[of] p2b: Indeedee\n|-terastallize|p2a: Diancie|Grass\n|move|p1a: Cresselia|Lunar Blessing|p1a: Cresselia|[spread] p1a,p1b\n|-heal|p1a: Cresselia|100\/100\n|-heal|p1b: Iron Hands|100\/100\n|move|p1b: Iron Hands|Belly Drum|p1b: Iron Hands\n|-damage|p1b: Iron Hands|51\/100\n|-setboost|p1b: Iron Hands|atk|6|[from] move: Belly Drum\n|move|p2a: Diancie|Diamond Storm|p1a: Cresselia|[spread] p1a,p1b\n|-resisted|p1b: Iron Hands\n|-crit|p1b: Iron Hands\n|-damage|p1a: Cresselia|79\/100\n|-damage|p1b: Iron Hands|34\/100\n|-enditem|p1b: Iron Hands|Sitrus Berry|[eat]\n|-heal|p1b: Iron Hands|59\/100|[from] item: Sitrus Berry\n|\n|upkeep\n|turn|3\n|inactive|myodeza has 120 seconds left.\n|\n|t:|1697665921\n|switch|p2b: Armarouge|Armarouge, M|100\/100\n|move|p1a: Cresselia|Ally Switch|p1a: Cresselia\n|swap|p1a: Cresselia|1|[from] move: Ally Switch\n|move|p1a: Iron Hands|Ice Punch|p2a: Diancie\n|-supereffective|p2a: Diancie\n|-damage|p2a: Diancie|30\/100\n|-enditem|p2a: Diancie|Weakness Policy\n|-boost|p2a: Diancie|atk|2|[from] item: Weakness Policy\n|-boost|p2a: Diancie|spa|2|[from] item: Weakness Policy\n|move|p2a: Diancie|Baton Pass|p2a: Diancie\n|\n|t:|1697665942\n|switch|p2a: Flutter Mane|Flutter Mane|100\/100|[from] Baton Pass\n|\n|upkeep\n|turn|4\n|inactive|myodeza has 120 seconds left.\n|\n|t:|1697665957\n|move|p1a: Iron Hands|Protect|p1a: Iron Hands\n|-singleturn|p1a: Iron Hands|Protect\n|move|p2a: Flutter Mane|Shadow Ball|p1b: Cresselia\n|-supereffective|p1b: Cresselia\n|-damage|p1b: Cresselia|0 fnt\n|faint|p1b: Cresselia\n|move|p2b: Armarouge|Expanding Force|p1a: Iron Hands\n|-activate|p1a: Iron Hands|move: Protect\n|\n|upkeep\n|\n|t:|1697665962\n|switch|p1b: Rillaboom|Rillaboom, M|100\/100\n|-fieldstart|move: Grassy Terrain|[from] ability: Grassy Surge|[of] p1b: Rillaboom\n|turn|5\n|\n|t:|1697665974\n|-terastallize|p1a: Iron Hands|Fire\n|move|p1b: Rillaboom|Fake Out|p2b: Armarouge\n|-damage|p2b: Armarouge|86\/100\n|-damage|p1b: Rillaboom|91\/100|[from] item: Life Orb\n|move|p2a: Flutter Mane|Shadow Ball|p1a: Iron Hands\n|-damage|p1a: Iron Hands|0 fnt\n|faint|p1a: Iron Hands\n|-end|p1a: Iron Hands|Quark Drive|[silent]\n|cant|p2b: Armarouge|flinch\n|\n|-heal|p1b: Rillaboom|97\/100|[from] Grassy Terrain\n|-heal|p2b: Armarouge|92\/100|[from] Grassy Terrain\n|upkeep\n|\n|t:|1697665984\n|switch|p1a: Dragonite|Dragonite, M|100\/100\n|turn|6\n|\n|t:|1697666001\n|move|p2a: Flutter Mane|Shadow Ball|p1b: Rillaboom\n|-damage|p1b: Rillaboom|0 fnt\n|faint|p1b: Rillaboom\n|move|p1a: Dragonite|Iron Head|p2a: Flutter Mane\n|-supereffective|p2a: Flutter Mane\n|-damage|p2a: Flutter Mane|62\/100\n|move|p2b: Armarouge|Heat Wave|p1a: Dragonite\n|-resisted|p1a: Dragonite\n|-damage|p1a: Dragonite|85\/100\n|-damage|p2b: Armarouge|82\/100|[from] item: Life Orb\n|\n|-heal|p2a: Flutter Mane|68\/100|[from] Grassy Terrain\n|-heal|p2b: Armarouge|88\/100|[from] Grassy Terrain\n|upkeep\n|c|\u2606God_of_STANK!|WELP\n|n|!God_of_STANK!|godofstank\n|-message|God_of_STANK! forfeited.\n|\n|win|myodeza\n|raw|God_of_STANK!'s rating: 1477 &rarr; <strong>1456<\/strong><br \/>(-21 for losing)\n|raw|myodeza's rating: 1455 &rarr; <strong>1476<\/strong><br \/>(+21 for winning)\n|l|!God_of_STANK!\n","uploadtime":1697666012,"views":15,"p1id":"godofstank","p2id":"myodeza","formatid":"gen9doublesou","rating":1456,"private":0,"password":""}