{"id":"gen9doublesou-1987015186","p1":"BESTONSHOWDOWN","p2":"brebbers","format":"[Gen 9] Doubles OU","log":"|j|\u2606BESTONSHOWDOWN\n|j|\u2606brebbers\n|t:|1699549153\n|gametype|doubles\n|player|p1|BESTONSHOWDOWN|crasherwake|1157\n|player|p2|brebbers|cynthia-gen4|1280\n|teamsize|p1|6\n|teamsize|p2|6\n|gen|9\n|tier|[Gen 9] Doubles OU\n|rated|\n|rule|Species Clause: Limit one of each Pok\u00e9mon\n|rule|OHKO Clause: OHKO moves are banned\n|rule|Evasion Moves Clause: Evasion moves are banned\n|rule|Gravity Sleep Clause: The combination of sleep-inducing moves with imperfect accuracy and Gravity or Gigantamax Orbeetle are banned\n|rule|Endless Battle Clause: Forcing endless battles is banned\n|rule|HP Percentage Mod: HP is shown in percentages\n|clearpoke\n|poke|p1|Grafaiai, M|\n|poke|p1|Slaking, M|\n|poke|p1|Weezing-Galar, F|\n|poke|p1|Rillaboom, F|\n|poke|p1|Sneasler, M|\n|poke|p1|Chi-Yu|\n|poke|p2|Ursaluna-Bloodmoon, M|\n|poke|p2|Iron Hands|\n|poke|p2|Flutter Mane|\n|poke|p2|Ogerpon-Hearthflame, F|\n|poke|p2|Tornadus, M|\n|poke|p2|Kingambit, M|\n|teampreview\n|\n|t:|1699549181\n|start\n|switch|p1a: Grafaiai|Grafaiai, M|100\/100\n|switch|p1b: Slaking|Slaking, M|100\/100\n|switch|p2a: tornanus|Tornadus, M, shiny|100\/100\n|switch|p2b: Brian|Iron Hands|100\/100\n|turn|1\n|inactive|Battle timer is ON: inactive players will automatically lose when time's up. (requested by brebbers)\n|\n|t:|1699549210\n|-terastallize|p1b: Slaking|Ghost\n|move|p2a: tornanus|Tailwind|p2a: tornanus\n|-sidestart|p2: brebbers|move: Tailwind\n|move|p1a: Grafaiai|Doodle|p2a: tornanus\n|-endability|p1b: Slaking|Truant|[from] move: Doodle\n|-ability|p1b: Slaking|Prankster|[from] move: Doodle\n|move|p2b: Brian|Drain Punch|p1b: Slaking\n|-immune|p1b: Slaking\n|move|p1b: Slaking|Facade|p2a: tornanus\n|-damage|p2a: tornanus|37\/100\n|\n|upkeep\n|turn|2\n|\n|t:|1699549227\n|-end|p2b: Brian|Quark Drive|[silent]\n|switch|p2b: begbug|Ogerpon-Hearthflame, F|100\/100\n|-ability|p2b: begbug|Mold Breaker\n|move|p2a: tornanus|Sunny Day|p2a: tornanus\n|-weather|SunnyDay\n|move|p1a: Grafaiai|Swagger|p2a: tornanus\n|-boost|p2a: tornanus|atk|2\n|-enditem|p1a: Grafaiai|Mirror Herb\n|-boost|p1a: Grafaiai|atk|2|[from] item: Mirror Herb\n|-enditem|p1b: Slaking|Mirror Herb\n|-boost|p1b: Slaking|atk|2|[from] item: Mirror Herb\n|-start|p2a: tornanus|confusion\n|move|p1b: Slaking|Play Rough|p2b: begbug\n|-resisted|p2b: begbug\n|-damage|p2b: begbug|47\/100\n|\n|-weather|SunnyDay|[upkeep]\n|upkeep\n|turn|3\n|\n|t:|1699549253\n|-activate|p2a: tornanus|confusion\n|move|p2a: tornanus|Protect|p2a: tornanus\n|-singleturn|p2a: tornanus|Protect\n|move|p2b: begbug|Ivy Cudgel|p1b: Slaking\n|-damage|p1b: Slaking|34\/100\n|move|p1a: Grafaiai|Poison Jab|p2b: begbug\n|-supereffective|p2b: begbug\n|-damage|p2b: begbug|0 fnt\n|faint|p2b: begbug\n|move|p1b: Slaking|Facade|p2a: tornanus\n|-activate|p2a: tornanus|move: Protect\n|\n|-weather|SunnyDay|[upkeep]\n|upkeep\n|inactive|brebbers has 120 seconds left.\n|\n|t:|1699549270\n|switch|p2b: Toothbrush|Flutter Mane|100\/100\n|-activate|p2b: Toothbrush|ability: Protosynthesis\n|-start|p2b: Toothbrush|protosynthesisspe\n|turn|4\n|\n|t:|1699549286\n|move|p1b: Slaking|Slack Off|p1b: Slaking\n|-heal|p1b: Slaking|84\/100\n|move|p2b: Toothbrush|Shadow Ball|p1b: Slaking\n|-supereffective|p1b: Slaking\n|-damage|p1b: Slaking|10\/100\n|-activate|p2a: tornanus|confusion\n|-damage|p2a: tornanus|15\/100|[from] confusion\n|-enditem|p2a: tornanus|Aguav Berry|[eat]\n|-heal|p2a: tornanus|48\/100|[from] item: Aguav Berry\n|move|p1a: Grafaiai|Poison Jab|p2b: Toothbrush\n|-damage|p2b: Toothbrush|0 fnt\n|faint|p2b: Toothbrush\n|-end|p2b: Toothbrush|Protosynthesis|[silent]\n|\n|-weather|SunnyDay|[upkeep]\n|-sideend|p2: brebbers|move: Tailwind\n|upkeep\n|inactive|brebbers has 120 seconds left.\n|\n|t:|1699549304\n|switch|p2b: Freddy Fazbear|Ursaluna-Bloodmoon, M|100\/100\n|turn|5\n|\n|t:|1699549312\n|-activate|p2a: tornanus|confusion\n|move|p2a: tornanus|Protect|p2a: tornanus\n|-singleturn|p2a: tornanus|Protect\n|move|p1a: Grafaiai|Poison Jab|p2a: tornanus\n|-activate|p2a: tornanus|move: Protect\n|move|p1b: Slaking|Drain Punch|p2b: Freddy Fazbear\n|-supereffective|p2b: Freddy Fazbear\n|-damage|p2b: Freddy Fazbear|16\/100\n|-heal|p1b: Slaking|46\/100|[from] drain|[of] p2b: Freddy Fazbear\n|move|p2b: Freddy Fazbear|Hyper Voice|p1a: Grafaiai|[spread] p1a,p1b\n|-damage|p1a: Grafaiai|29\/100\n|-damage|p1b: Slaking|6\/100\n|-enditem|p2b: Freddy Fazbear|Throat Spray\n|-boost|p2b: Freddy Fazbear|spa|1|[from] item: Throat Spray\n|\n|-weather|SunnyDay|[upkeep]\n|upkeep\n|turn|6\n|\n|t:|1699549330\n|move|p2b: Freddy Fazbear|Protect|p2b: Freddy Fazbear\n|-singleturn|p2b: Freddy Fazbear|Protect\n|move|p1b: Slaking|Slack Off|p1b: Slaking\n|-heal|p1b: Slaking|56\/100\n|-activate|p2a: tornanus|confusion\n|-damage|p2a: tornanus|28\/100|[from] confusion\n|move|p1a: Grafaiai|Poison Jab|p2a: tornanus\n|-damage|p2a: tornanus|0 fnt\n|faint|p2a: tornanus\n|\n|-weather|none\n|upkeep\n|-message|brebbers forfeited.\n|\n|win|BESTONSHOWDOWN\n|raw|BESTONSHOWDOWN's rating: 1157 &rarr; <strong>1190<\/strong><br \/>(+33 for winning)\n|raw|brebbers's rating: 1280 &rarr; <strong>1247<\/strong><br \/>(-33 for losing)\n|l|\u2606brebbers\n","uploadtime":1699549353,"views":9,"p1id":"bestonshowdown","p2id":"brebbers","formatid":"gen9doublesou","rating":1190,"private":0,"password":""}