{"id":"gen9doublesou-1979190722","p1":"G3dy","p2":"AtlasFlame18","format":"[Gen 9] Doubles OU","log":"|j|\u2606G3dy\n|j|\u2606AtlasFlame18\n|inactive|Battle timer is ON: inactive players will automatically lose when time's up.\n|t:|1698647881\n|gametype|doubles\n|player|p1|G3dy|dancer|\n|player|p2|AtlasFlame18|shadowtriad|\n|teamsize|p1|6\n|teamsize|p2|6\n|gen|9\n|tier|[Gen 9] Doubles OU\n|rated|Tournament battle\n|rule|Species Clause: Limit one of each Pok\u00e9mon\n|rule|OHKO Clause: OHKO moves are banned\n|rule|Evasion Moves Clause: Evasion moves are banned\n|rule|Gravity Sleep Clause: The combination of sleep-inducing moves with imperfect accuracy and Gravity or Gigantamax Orbeetle are banned\n|rule|Endless Battle Clause: Forcing endless battles is banned\n|rule|HP Percentage Mod: HP is shown in percentages\n|clearpoke\n|poke|p1|Garganacl, F|\n|poke|p1|Amoonguss, F|\n|poke|p1|Chien-Pao|\n|poke|p1|Volbeat, M|\n|poke|p1|Heatran, F|\n|poke|p1|Flutter Mane|\n|poke|p2|Tornadus, M|\n|poke|p2|Iron Hands|\n|poke|p2|Rillaboom, M|\n|poke|p2|Flutter Mane|\n|poke|p2|Ogerpon-Hearthflame, F|\n|poke|p2|Heatran, M|\n|teampreview\n|j|*Lady Monita \u263d\n|inactive|AtlasFlame18 also wants the timer to be on.\n|\n|t:|1698647895\n|start\n|switch|p1a: Volbeat|Volbeat, M|100\/100\n|switch|p1b: Heatran|Heatran, F|100\/100\n|switch|p2a: Heatran|Heatran, M|100\/100\n|switch|p2b: Iron Hands|Iron Hands|100\/100\n|turn|1\n|inactive|G3dy has 120 seconds left.\n|\n|t:|1698647925\n|move|p1b: Heatran|Protect|p1b: Heatran\n|-singleturn|p1b: Heatran|Protect\n|move|p1a: Volbeat|Tailwind|p1a: Volbeat\n|-sidestart|p1: G3dy|move: Tailwind\n|move|p2a: Heatran|Earth Power|p1b: Heatran\n|-activate|p1b: Heatran|move: Protect\n|move|p2b: Iron Hands|Fire Punch|p1a: Volbeat\n|-supereffective|p1a: Volbeat\n|-damage|p1a: Volbeat|9\/100\n|\n|upkeep\n|turn|2\n|inactive|G3dy has 120 seconds left.\n|\n|t:|1698647957\n|switch|p1a: Garganacl|Garganacl, F, shiny|100\/100\n|switch|p2a: Tornadus|Tornadus, M|100\/100\n|move|p1b: Heatran|Earth Power|p2a: Tornadus\n|-immune|p2a: Tornadus\n|move|p2b: Iron Hands|Fire Punch|p1a: Garganacl\n|-resisted|p1a: Garganacl\n|-damage|p1a: Garganacl|93\/100\n|\n|-heal|p1a: Garganacl|99\/100|[from] item: Leftovers\n|upkeep\n|turn|3\n|\n|t:|1698647985\n|move|p2a: Tornadus|Tailwind|p2a: Tornadus\n|-sidestart|p2: AtlasFlame18|move: Tailwind\n|move|p1b: Heatran|Earth Power|p2b: Iron Hands\n|-supereffective|p2b: Iron Hands\n|-crit|p2b: Iron Hands\n|-damage|p2b: Iron Hands|19\/100\n|-enditem|p2b: Iron Hands|Sitrus Berry|[eat]\n|-heal|p2b: Iron Hands|44\/100|[from] item: Sitrus Berry\n|move|p2b: Iron Hands|Drain Punch|p1b: Heatran\n|-supereffective|p1b: Heatran\n|-damage|p1b: Heatran|35\/100\n|-heal|p2b: Iron Hands|72\/100|[from] drain|[of] p1b: Heatran\n|move|p1a: Garganacl|Salt Cure|p2a: Tornadus\n|-supereffective|p2a: Tornadus\n|-damage|p2a: Tornadus|75\/100\n|\n|-heal|p1b: Heatran|41\/100|[from] item: Leftovers\n|-heal|p1a: Garganacl|100\/100|[from] item: Leftovers\n|upkeep\n|turn|4\n|inactive|G3dy has 120 seconds left.\n|\n|t:|1698648032\n|switch|p2a: Rillaboom|Rillaboom, M|100\/100\n|-fieldstart|move: Grassy Terrain|[from] ability: Grassy Surge|[of] p2a: Rillaboom\n|switch|p1b: Amoonguss|Amoonguss, F, shiny|100\/100\n|move|p2b: Iron Hands|Drain Punch|p1a: Garganacl\n|-supereffective|p1a: Garganacl\n|-damage|p1a: Garganacl|52\/100\n|-heal|p2b: Iron Hands|92\/100|[from] drain|[of] p1a: Garganacl\n|move|p1a: Garganacl|Salt Cure|p2a: Rillaboom\n|-damage|p2a: Rillaboom|88\/100\n|-start|p2a: Rillaboom|Salt Cure\n|\n|-heal|p2a: Rillaboom|94\/100|[from] Grassy Terrain\n|-heal|p2b: Iron Hands|98\/100|[from] Grassy Terrain\n|-heal|p1a: Garganacl|58\/100|[from] Grassy Terrain\n|-heal|p1a: Garganacl|64\/100|[from] item: Leftovers\n|-damage|p2a: Rillaboom|82\/100|[from] Salt Cure\n|-sideend|p1: G3dy|move: Tailwind\n|upkeep\n|turn|5\n|inactive|G3dy has 120 seconds left.\n|\n|t:|1698648066\n|switch|p1b: Heatran|Heatran, F|41\/100\n|move|p1a: Garganacl|Protect|p1a: Garganacl\n|-singleturn|p1a: Garganacl|Protect\n|move|p2a: Rillaboom|Fake Out|p1b: Heatran\n|-resisted|p1b: Heatran\n|-damage|p1b: Heatran|35\/100\n|move|p2b: Iron Hands|Swords Dance|p2b: Iron Hands\n|-boost|p2b: Iron Hands|atk|2\n|\n|-heal|p2a: Rillaboom|88\/100|[from] Grassy Terrain\n|-heal|p2b: Iron Hands|100\/100|[from] Grassy Terrain\n|-heal|p1b: Heatran|41\/100|[from] Grassy Terrain\n|-heal|p1b: Heatran|47\/100|[from] item: Leftovers\n|-heal|p1a: Garganacl|70\/100|[from] Grassy Terrain\n|-heal|p1a: Garganacl|76\/100|[from] item: Leftovers\n|-damage|p2a: Rillaboom|75\/100|[from] Salt Cure\n|upkeep\n|turn|6\n|inactive|G3dy has 120 seconds left.\n|inactive|G3dy has 90 seconds left.\n|\n|t:|1698648102\n|-terastallize|p1b: Heatran|Fairy\n|move|p2a: Rillaboom|Grassy Glide|p1a: Garganacl\n|-supereffective|p1a: Garganacl\n|-damage|p1a: Garganacl|31\/100\n|move|p2b: Iron Hands|Drain Punch|p1b: Heatran\n|-resisted|p1b: Heatran\n|-damage|p1b: Heatran|12\/100\n|move|p1b: Heatran|Earth Power|p2b: Iron Hands\n|-supereffective|p2b: Iron Hands\n|-damage|p2b: Iron Hands|48\/100\n|move|p1a: Garganacl|Salt Cure|p2b: Iron Hands\n|-resisted|p2b: Iron Hands\n|-damage|p2b: Iron Hands|43\/100\n|-start|p2b: Iron Hands|Salt Cure\n|\n|-heal|p2a: Rillaboom|82\/100|[from] Grassy Terrain\n|-heal|p2b: Iron Hands|50\/100|[from] Grassy Terrain\n|-heal|p1b: Heatran|18\/100|[from] Grassy Terrain\n|-heal|p1b: Heatran|25\/100|[from] item: Leftovers\n|-heal|p1a: Garganacl|37\/100|[from] Grassy Terrain\n|-heal|p1a: Garganacl|44\/100|[from] item: Leftovers\n|-damage|p2a: Rillaboom|69\/100|[from] Salt Cure\n|-damage|p2b: Iron Hands|37\/100|[from] Salt Cure\n|-sideend|p2: AtlasFlame18|move: Tailwind\n|upkeep\n|turn|7\n|inactive|G3dy has 90 seconds left.\n|\n|t:|1698648140\n|move|p1a: Garganacl|Protect|p1a: Garganacl\n|-singleturn|p1a: Garganacl|Protect\n|move|p2a: Rillaboom|Grassy Glide|p1b: Heatran\n|-crit|p1b: Heatran\n|-damage|p1b: Heatran|0 fnt\n|faint|p1b: Heatran\n|move|p2b: Iron Hands|Drain Punch|p1a: Garganacl\n|-activate|p1a: Garganacl|move: Protect\n|\n|-heal|p2a: Rillaboom|75\/100|[from] Grassy Terrain\n|-heal|p2b: Iron Hands|43\/100|[from] Grassy Terrain\n|-heal|p1a: Garganacl|50\/100|[from] Grassy Terrain\n|-heal|p1a: Garganacl|56\/100|[from] item: Leftovers\n|-damage|p2a: Rillaboom|63\/100|[from] Salt Cure\n|-damage|p2b: Iron Hands|31\/100|[from] Salt Cure\n|upkeep\n|inactive|G3dy has 60 seconds left.\n|\n|t:|1698648168\n|switch|p1b: Flutter Mane|Flutter Mane|100\/100\n|turn|8\n|\n|t:|1698648185\n|-end|p2b: Iron Hands|Quark Drive|[silent]\n|switch|p2b: Heatran|Heatran, M|100\/100\n|move|p2a: Rillaboom|Grassy Glide|p1b: Flutter Mane\n|-damage|p1b: Flutter Mane|13\/100\n|move|p1b: Flutter Mane|Dazzling Gleam|p2b: Heatran|[spread] p2a,p2b\n|-resisted|p2b: Heatran\n|-damage|p2a: Rillaboom|37\/100\n|-damage|p2b: Heatran|96\/100\n|move|p1a: Garganacl|Recover|p1a: Garganacl\n|-heal|p1a: Garganacl|100\/100\n|\n|-heal|p1b: Flutter Mane|19\/100|[from] Grassy Terrain\n|-heal|p2b: Heatran|100\/100|[from] Grassy Terrain\n|-heal|p2a: Rillaboom|43\/100|[from] Grassy Terrain\n|-damage|p2a: Rillaboom|31\/100|[from] Salt Cure\n|-fieldend|move: Grassy Terrain\n|upkeep\n|turn|9\n|inactive|G3dy has 90 seconds left.\n|inactive|G3dy has 60 seconds left.\n|\n|t:|1698648241\n|-end|p1b: Flutter Mane|Protosynthesis|[silent]\n|switch|p1b: Chien-Pao|Chien-Pao|100\/100\n|-ability|p1b: Chien-Pao|Sword of Ruin\n|switch|p2a: Tornadus|Tornadus, M|75\/100\n|move|p1a: Garganacl|Protect|p1a: Garganacl\n|-singleturn|p1a: Garganacl|Protect\n|move|p2b: Heatran|Flash Cannon|p1b: Chien-Pao\n|-supereffective|p1b: Chien-Pao\n|-damage|p1b: Chien-Pao|0 fnt\n|faint|p1b: Chien-Pao\n|\n|upkeep\n|\n|t:|1698648256\n|switch|p1b: Volbeat|Volbeat, M|9\/100\n|turn|10\n|\n|t:|1698648264\n|move|p1b: Volbeat|Tailwind|p1b: Volbeat\n|-sidestart|p1: G3dy|move: Tailwind\n|move|p2a: Tornadus|Tailwind|p2a: Tornadus\n|-sidestart|p2: AtlasFlame18|move: Tailwind\n|move|p2b: Heatran|Heat Wave|p1a: Garganacl|[spread] p1a,p1b\n|-resisted|p1a: Garganacl\n|-supereffective|p1b: Volbeat\n|-damage|p1a: Garganacl|86\/100\n|-damage|p1b: Volbeat|0 fnt\n|faint|p1b: Volbeat\n|move|p1a: Garganacl|Salt Cure|p2b: Heatran\n|-damage|p2b: Heatran|89\/100\n|-start|p2b: Heatran|Salt Cure\n|\n|-heal|p1a: Garganacl|92\/100|[from] item: Leftovers\n|-damage|p2b: Heatran|64\/100|[from] Salt Cure\n|upkeep\n|inactive|G3dy has 60 seconds left.\n|\n|t:|1698648293\n|switch|p1b: Amoonguss|Amoonguss, F, shiny|100\/100\n|turn|11\n|inactive|G3dy has 60 seconds left.\n|\n|t:|1698648327\n|switch|p2b: Rillaboom|Rillaboom, M|31\/100\n|-fieldstart|move: Grassy Terrain|[from] ability: Grassy Surge|[of] p2b: Rillaboom\n|move|p2a: Tornadus|Bleakwind Storm|p1a: Garganacl|[spread] p1a\n|-miss|p2a: Tornadus|p1b: Amoonguss\n|-resisted|p1a: Garganacl\n|-damage|p1a: Garganacl|80\/100\n|move|p1a: Garganacl|Substitute|p1a: Garganacl\n|-start|p1a: Garganacl|Substitute\n|-damage|p1a: Garganacl|55\/100\n|move|p1b: Amoonguss|Spore|p2b: Rillaboom\n|-immune|p2b: Rillaboom\n|\n|-heal|p2b: Rillaboom|37\/100|[from] Grassy Terrain\n|-heal|p1a: Garganacl|62\/100|[from] Grassy Terrain\n|-heal|p1a: Garganacl|68\/100|[from] item: Leftovers\n|upkeep\n|turn|12\n|\n|t:|1698648356\n|move|p1b: Amoonguss|Protect|p1b: Amoonguss\n|-singleturn|p1b: Amoonguss|Protect\n|move|p2b: Rillaboom|Grassy Glide|p1a: Garganacl\n|-supereffective|p1a: Garganacl\n|-end|p1a: Garganacl|Substitute\n|move|p2a: Tornadus|Bleakwind Storm|p1a: Garganacl|[spread] p1a\n|-activate|p1b: Amoonguss|move: Protect\n|-resisted|p1a: Garganacl\n|-damage|p1a: Garganacl|57\/100\n|move|p1a: Garganacl|Salt Cure|p2b: Rillaboom\n|-damage|p2b: Rillaboom|23\/100\n|-start|p2b: Rillaboom|Salt Cure\n|\n|-heal|p2b: Rillaboom|29\/100|[from] Grassy Terrain\n|-heal|p1a: Garganacl|63\/100|[from] Grassy Terrain\n|-heal|p1a: Garganacl|69\/100|[from] item: Leftovers\n|-damage|p2b: Rillaboom|17\/100|[from] Salt Cure\n|upkeep\n|turn|13\n|\n|t:|1698648376\n|move|p1a: Garganacl|Protect|p1a: Garganacl\n|-singleturn|p1a: Garganacl|Protect\n|move|p2a: Tornadus|Bleakwind Storm|p1b: Amoonguss|[spread] p1b\n|-activate|p1a: Garganacl|move: Protect\n|-supereffective|p1b: Amoonguss\n|-damage|p1b: Amoonguss|44\/100\n|move|p2b: Rillaboom|U-turn|p1b: Amoonguss\n|-damage|p1b: Amoonguss|21\/100\n|\n|t:|1698648386\n|switch|p2b: Ogerpon|Ogerpon-Hearthflame, F|100\/100|[from] U-turn\n|-ability|p2b: Ogerpon|Mold Breaker\n|move|p1b: Amoonguss|Spore|p2a: Tornadus\n|-status|p2a: Tornadus|slp|[from] move: Spore\n|\n|-heal|p1a: Garganacl|75\/100|[from] Grassy Terrain\n|-heal|p1a: Garganacl|81\/100|[from] item: Leftovers\n|-heal|p1b: Amoonguss|27\/100|[from] Grassy Terrain\n|-heal|p1b: Amoonguss|33\/100|[from] item: Leftovers\n|-sideend|p1: G3dy|move: Tailwind\n|-sideend|p2: AtlasFlame18|move: Tailwind\n|upkeep\n|turn|14\n|inactive|G3dy has 60 seconds left.\n|\n|t:|1698648414\n|move|p2b: Ogerpon|Horn Leech|p1a: Garganacl\n|-supereffective|p1a: Garganacl\n|-damage|p1a: Garganacl|10\/100\n|cant|p2a: Tornadus|slp\n|move|p1a: Garganacl|Salt Cure|p2b: Ogerpon\n|-supereffective|p2b: Ogerpon\n|-damage|p2b: Ogerpon|67\/100\n|-start|p2b: Ogerpon|Salt Cure\n|move|p1b: Amoonguss|Foul Play|p2b: Ogerpon\n|-damage|p2b: Ogerpon|29\/100\n|\n|-heal|p2b: Ogerpon|35\/100|[from] Grassy Terrain\n|-heal|p1a: Garganacl|16\/100|[from] Grassy Terrain\n|-heal|p1a: Garganacl|22\/100|[from] item: Leftovers\n|-heal|p1b: Amoonguss|40\/100|[from] Grassy Terrain\n|-heal|p1b: Amoonguss|46\/100|[from] item: Leftovers\n|-damage|p2b: Ogerpon|22\/100|[from] Salt Cure\n|upkeep\n|turn|15\n|inactive|G3dy has 60 seconds left.\n|inactive|G3dy has 30 seconds left.\n|\n|t:|1698648456\n|move|p1a: Garganacl|Protect|p1a: Garganacl\n|-singleturn|p1a: Garganacl|Protect\n|move|p2b: Ogerpon|Ivy Cudgel|p1b: Amoonguss\n|-supereffective|p1b: Amoonguss\n|-damage|p1b: Amoonguss|0 fnt\n|faint|p1b: Amoonguss\n|cant|p2a: Tornadus|slp\n|\n|-heal|p2b: Ogerpon|28\/100|[from] Grassy Terrain\n|-heal|p1a: Garganacl|28\/100|[from] Grassy Terrain\n|-heal|p1a: Garganacl|35\/100|[from] item: Leftovers\n|-damage|p2b: Ogerpon|16\/100|[from] Salt Cure\n|-fieldend|move: Grassy Terrain\n|upkeep\n|inactive|G3dy has 30 seconds left.\n|\n|t:|1698648467\n|switch|p1b: Flutter Mane|Flutter Mane|19\/100\n|turn|16\n|\n|t:|1698648482\n|switch|p2b: Heatran|Heatran, M|64\/100\n|move|p1b: Flutter Mane|Dazzling Gleam|p2b: Heatran|[spread] p2a,p2b\n|-resisted|p2b: Heatran\n|-damage|p2a: Tornadus|39\/100 slp\n|-damage|p2b: Heatran|60\/100\n|cant|p2a: Tornadus|slp\n|move|p1a: Garganacl|Salt Cure|p2a: Tornadus\n|-supereffective|p2a: Tornadus\n|-damage|p2a: Tornadus|15\/100 slp\n|\n|-heal|p1a: Garganacl|41\/100|[from] item: Leftovers\n|upkeep\n|turn|17\n|inactive|G3dy has 60 seconds left.\n|\n|t:|1698648513\n|move|p1b: Flutter Mane|Shadow Ball|p2b: Heatran\n|-damage|p2b: Heatran|33\/100\n|-curestatus|p2a: Tornadus|slp|[msg]\n|move|p2a: Tornadus|Bleakwind Storm|p1b: Flutter Mane|[spread] p1a,p1b\n|-resisted|p1a: Garganacl\n|-damage|p1a: Garganacl|29\/100\n|-damage|p1b: Flutter Mane|0 fnt\n|faint|p1b: Flutter Mane\n|-end|p1b: Flutter Mane|Protosynthesis|[silent]\n|move|p2b: Heatran|Earth Power|p1a: Garganacl\n|-supereffective|p1a: Garganacl\n|-damage|p1a: Garganacl|0 fnt\n|faint|p1a: Garganacl\n|\n|win|AtlasFlame18\n|n|\u2606G3dy|g3dy\n|n|\u2606AtlasFlame18|atlasflame18\n|n|*Lady Monita \u263d|ladymonita\n|l|*Lady Monita \u263d\n|c|\u2606G3dy|Gg\n|l|\u2606G3dy\n|c|\u2606AtlasFlame18|gg\n|l|\u2606AtlasFlame18\n|j|\u2606AtlasFlame18\n|player|p2|AtlasFlame18|shadowtriad\n","uploadtime":1698648541,"views":20,"p1id":"g3dy","p2id":"atlasflame18","formatid":"gen9doublesou","rating":0,"private":0,"password":""}