{"id":"gen9doublesou-1981298152","p1":"tohler2","p2":"wingwingy55","format":"[Gen 9] Doubles OU","log":"|j|\u203dtohler2\n|j|\u2606wingwingy55\n|t:|1698881053\n|gametype|doubles\n|player|p1|tohler2|102|1134\n|player|p2|wingwingy55|preschooler|1277\n|teamsize|p1|6\n|teamsize|p2|6\n|gen|9\n|tier|[Gen 9] Doubles OU\n|rated|\n|rule|Species Clause: Limit one of each Pok\u00e9mon\n|rule|OHKO Clause: OHKO moves are banned\n|rule|Evasion Moves Clause: Evasion moves are banned\n|rule|Gravity Sleep Clause: The combination of sleep-inducing moves with imperfect accuracy and Gravity or Gigantamax Orbeetle are banned\n|rule|Endless Battle Clause: Forcing endless battles is banned\n|rule|HP Percentage Mod: HP is shown in percentages\n|clearpoke\n|poke|p1|Flutter Mane|\n|poke|p1|Chi-Yu|\n|poke|p1|Landorus-Therian, M|\n|poke|p1|Ogerpon-Wellspring, F|\n|poke|p1|Dragonite, F|\n|poke|p1|Fezandipiti, M|\n|poke|p2|Sinistcha-Masterpiece|\n|poke|p2|Kingambit, M|\n|poke|p2|Chi-Yu|\n|poke|p2|Iron Hands|\n|poke|p2|Cresselia, F|\n|poke|p2|Ursaluna-Bloodmoon, M|\n|teampreview\n|inactive|Battle timer is ON: inactive players will automatically lose when time's up. (requested by tohler2)\n|\n|t:|1698881074\n|start\n|switch|p1a: Fezandipiti|Fezandipiti, M|100\/100\n|switch|p1b: Ogerpon|Ogerpon-Wellspring, F|100\/100\n|switch|p2a: Chi-Yu|Chi-Yu|100\/100\n|switch|p2b: Iron Hands|Iron Hands|100\/100\n|-ability|p2a: Chi-Yu|Beads of Ruin\n|turn|1\n|inactive|tohler2 has 120 seconds left.\n|\n|t:|1698881108\n|move|p2b: Iron Hands|Fake Out|p1b: Ogerpon\n|-damage|p1b: Ogerpon|91\/100\n|move|p2a: Chi-Yu|Dark Pulse|p1b: Ogerpon\n|-damage|p1b: Ogerpon|33\/100\n|cant|p1b: Ogerpon|flinch\n|move|p1a: Fezandipiti|Icy Wind|p2b: Iron Hands|[spread] p2a,p2b\n|-resisted|p2a: Chi-Yu\n|-crit|p2a: Chi-Yu\n|-damage|p2a: Chi-Yu|93\/100\n|-damage|p2b: Iron Hands|95\/100\n|-unboost|p2a: Chi-Yu|spe|1\n|-unboost|p2b: Iron Hands|spe|1\n|-status|p2a: Chi-Yu|tox|[from] ability: Toxic Chain|[of] p1a: Fezandipiti\n|\n|-damage|p2a: Chi-Yu|87\/100 tox|[from] psn\n|upkeep\n|turn|2\n|\n|t:|1698881126\n|move|p2a: Chi-Yu|Dark Pulse|p1b: Ogerpon\n|-damage|p1b: Ogerpon|0 fnt\n|faint|p1b: Ogerpon\n|move|p1a: Fezandipiti|Dazzling Gleam|p2a: Chi-Yu|[spread] p2a,p2b\n|-supereffective|p2b: Iron Hands\n|-damage|p2a: Chi-Yu|65\/100 tox\n|-damage|p2b: Iron Hands|68\/100\n|move|p2b: Iron Hands|Heavy Slam|p1a: Fezandipiti\n|-supereffective|p1a: Fezandipiti\n|-damage|p1a: Fezandipiti|26\/100\n|-enditem|p1a: Fezandipiti|Sitrus Berry|[eat]\n|-heal|p1a: Fezandipiti|51\/100|[from] item: Sitrus Berry\n|\n|-damage|p2a: Chi-Yu|53\/100 tox|[from] psn\n|upkeep\n|inactive|tohler2 has 120 seconds left.\n|\n|t:|1698881148\n|switch|p1b: Flutter Mane|Flutter Mane|100\/100\n|-enditem|p1b: Flutter Mane|Booster Energy\n|-activate|p1b: Flutter Mane|ability: Protosynthesis|[fromitem]\n|-start|p1b: Flutter Mane|protosynthesisspe\n|turn|3\n|\n|t:|1698881163\n|switch|p2a: Kingambit|Kingambit, M|100\/100\n|-terastallize|p1b: Flutter Mane|Fairy\n|move|p1b: Flutter Mane|Dazzling Gleam|p2a: Kingambit|[spread] p2a,p2b\n|-supereffective|p2b: Iron Hands\n|-damage|p2a: Kingambit|69\/100\n|-damage|p2b: Iron Hands|33\/100\n|move|p1a: Fezandipiti|Dazzling Gleam|p2a: Kingambit|[spread] p2a,p2b\n|-supereffective|p2b: Iron Hands\n|-damage|p2a: Kingambit|52\/100\n|-damage|p2b: Iron Hands|13\/100\n|move|p2b: Iron Hands|Heavy Slam|p1b: Flutter Mane\n|-supereffective|p1b: Flutter Mane\n|-damage|p1b: Flutter Mane|0 fnt\n|faint|p1b: Flutter Mane\n|-end|p1b: Flutter Mane|Protosynthesis|[silent]\n|\n|upkeep\n|\n|t:|1698881177\n|switch|p1b: Chi-Yu|Chi-Yu|100\/100\n|-ability|p1b: Chi-Yu|Beads of Ruin\n|turn|4\n|\n|t:|1698881189\n|-end|p2b: Iron Hands|Quark Drive|[silent]\n|switch|p2b: Chi-Yu|Chi-Yu|53\/100 tox\n|-ability|p2b: Chi-Yu|Beads of Ruin\n|move|p1a: Fezandipiti|Protect|p1a: Fezandipiti\n|-singleturn|p1a: Fezandipiti|Protect\n|move|p2a: Kingambit|Protect|p2a: Kingambit\n|-singleturn|p2a: Kingambit|Protect\n|move|p1b: Chi-Yu|Heat Wave|p2b: Chi-Yu|[spread] p2b\n|-activate|p2a: Kingambit|move: Protect\n|-resisted|p2b: Chi-Yu\n|-damage|p2b: Chi-Yu|34\/100 tox\n|\n|-damage|p2b: Chi-Yu|28\/100 tox|[from] psn\n|upkeep\n|turn|5\n|\n|t:|1698881204\n|switch|p2a: Cresselia|Cresselia, F|100\/100\n|-terastallize|p2b: Chi-Yu|Water\n|move|p2b: Chi-Yu|Tera Blast|p1b: Chi-Yu|[anim] Tera Blast Water\n|-supereffective|p1b: Chi-Yu\n|-damage|p1b: Chi-Yu|12\/100\n|move|p1b: Chi-Yu|Heat Wave|p2a: Cresselia|[spread] p2a,p2b\n|-resisted|p2b: Chi-Yu\n|-damage|p2a: Cresselia|69\/100\n|-damage|p2b: Chi-Yu|8\/100 tox\n|move|p1a: Fezandipiti|Dazzling Gleam|p2a: Cresselia|[spread] p2a,p2b\n|-damage|p2a: Cresselia|51\/100\n|-damage|p2b: Chi-Yu|0 fnt\n|faint|p2b: Chi-Yu\n|\n|upkeep\n|\n|t:|1698881217\n|switch|p2b: Kingambit|Kingambit, M|52\/100\n|turn|6\n|\n|t:|1698881237\n|move|p1b: Chi-Yu|Protect|p1b: Chi-Yu\n|-singleturn|p1b: Chi-Yu|Protect\n|move|p2b: Kingambit|Protect|p2b: Kingambit\n|-singleturn|p2b: Kingambit|Protect\n|move|p1a: Fezandipiti|Dazzling Gleam|p2a: Cresselia|[spread] p2a\n|-activate|p2b: Kingambit|move: Protect\n|-damage|p2a: Cresselia|33\/100\n|-status|p2a: Cresselia|tox|[from] ability: Toxic Chain|[of] p1a: Fezandipiti\n|move|p2a: Cresselia|Trick Room|p2a: Cresselia\n|-fieldstart|move: Trick Room|[of] p2a: Cresselia\n|-enditem|p2b: Kingambit|Room Service\n|-unboost|p2b: Kingambit|spe|1|[from] item: Room Service\n|\n|-damage|p2a: Cresselia|27\/100 tox|[from] psn\n|upkeep\n|turn|7\n|\n|t:|1698881260\n|move|p1a: Fezandipiti|Protect|p1a: Fezandipiti\n|-singleturn|p1a: Fezandipiti|Protect\n|move|p2b: Kingambit|Kowtow Cleave|p1b: Chi-Yu\n|-resisted|p1b: Chi-Yu\n|-damage|p1b: Chi-Yu|0 fnt\n|faint|p1b: Chi-Yu\n|move|p2a: Cresselia|Lunar Blessing|p2a: Cresselia|[spread] p2a,p2b\n|-heal|p2a: Cresselia|52\/100 tox\n|-curestatus|p2a: Cresselia|tox|[msg]\n|-heal|p2b: Kingambit|77\/100\n|\n|upkeep\n|\n|t:|1698881273\n|switch|p1b: Dragonite|Dragonite, F|100\/100\n|turn|8\n|inactive|tohler2 has 120 seconds left.\n|\n|t:|1698881310\n|move|p2b: Kingambit|Swords Dance|p2b: Kingambit\n|-boost|p2b: Kingambit|atk|2\n|move|p2a: Cresselia|Lunar Blessing|p2a: Cresselia|[spread] p2a,p2b\n|-heal|p2a: Cresselia|77\/100\n|-heal|p2b: Kingambit|100\/100\n|move|p1b: Dragonite|Aerial Ace|p2a: Cresselia\n|-damage|p2a: Cresselia|46\/100\n|move|p1a: Fezandipiti|Dazzling Gleam|p2a: Cresselia|[spread] p2a,p2b\n|-damage|p2a: Cresselia|32\/100\n|-damage|p2b: Kingambit|82\/100\n|\n|upkeep\n|turn|9\n|\n|t:|1698881335\n|move|p2b: Kingambit|Iron Head|p1a: Fezandipiti\n|-supereffective|p1a: Fezandipiti\n|-damage|p1a: Fezandipiti|0 fnt\n|faint|p1a: Fezandipiti\n|move|p2a: Cresselia|Moonblast|p1b: Dragonite\n|-supereffective|p1b: Dragonite\n|-damage|p1b: Dragonite|64\/100\n|move|p1b: Dragonite|Aerial Ace|p2a: Cresselia\n|-damage|p2a: Cresselia|0 fnt\n|faint|p2a: Cresselia\n|\n|upkeep\n|\n|t:|1698881341\n|switch|p2a: Iron Hands|Iron Hands|13\/100\n|switch|p1a: Landorus|Landorus-Therian, M|100\/100\n|-ability|p1a: Landorus|Intimidate|boost\n|-unboost|p2a: Iron Hands|atk|1\n|-unboost|p2b: Kingambit|atk|1\n|-ability|p2b: Kingambit|Defiant|boost\n|-boost|p2b: Kingambit|atk|2\n|turn|10\n|\n|t:|1698881359\n|move|p2a: Iron Hands|Fake Out|p1a: Landorus\n|-damage|p1a: Landorus|92\/100\n|move|p2b: Kingambit|Kowtow Cleave|p1b: Dragonite\n|-damage|p1b: Dragonite|0 fnt\n|faint|p1b: Dragonite\n|cant|p1a: Landorus|flinch\n|\n|-fieldend|move: Trick Room\n|upkeep\n|turn|11\n|\n|t:|1698881376\n|move|p1a: Landorus|Stomping Tantrum|p2b: Kingambit\n|-supereffective|p2b: Kingambit\n|-damage|p2b: Kingambit|0 fnt\n|faint|p2b: Kingambit\n|move|p2a: Iron Hands|Drain Punch|p1a: Landorus\n|-resisted|p1a: Landorus\n|-damage|p1a: Landorus|81\/100\n|-heal|p2a: Iron Hands|17\/100|[from] drain|[of] p1a: Landorus\n|\n|upkeep\n|\n|t:|1698881384\n|switch|p2b: Sinistcha|Sinistcha-Masterpiece|100\/100\n|-heal|p2a: Iron Hands|42\/100|[from] ability: Hospitality|[of] p2b: Sinistcha\n|turn|12\n|\n|t:|1698881400\n|move|p1a: Landorus|U-turn|p2b: Sinistcha\n|-damage|p2b: Sinistcha|78\/100\n|move|p2a: Iron Hands|Heavy Slam|p1a: Landorus\n|-damage|p1a: Landorus|56\/100\n|move|p2b: Sinistcha|Trick Room|p2b: Sinistcha\n|-fieldstart|move: Trick Room|[of] p2b: Sinistcha\n|\n|upkeep\n|turn|13\n|\n|t:|1698881411\n|move|p2a: Iron Hands|Heavy Slam|p1a: Landorus\n|-damage|p1a: Landorus|30\/100\n|move|p2b: Sinistcha|Matcha Gotcha|p1a: Landorus|[miss]\n|-miss|p2b: Sinistcha|p1a: Landorus\n|move|p1a: Landorus|Stomping Tantrum|p2a: Iron Hands\n|-supereffective|p2a: Iron Hands\n|-damage|p2a: Iron Hands|0 fnt\n|faint|p2a: Iron Hands\n|-end|p2a: Iron Hands|Quark Drive|[silent]\n|\n|upkeep\n|\n|t:|1698881417\n|switch|p2a: Ursaluna|Ursaluna-Bloodmoon, M|100\/100\n|turn|14\n|\n|t:|1698881423\n|move|p2a: Ursaluna|Blood Moon|p1a: Landorus\n|-damage|p1a: Landorus|0 fnt\n|faint|p1a: Landorus\n|\n|win|wingwingy55\n|raw|tohler2's rating: 1134 &rarr; <strong>1119<\/strong><br \/>(-15 for losing)\n|raw|wingwingy55's rating: 1277 &rarr; <strong>1292<\/strong><br \/>(+15 for winning)\n","uploadtime":1698881427,"views":19,"p1id":"tohler2","p2id":"wingwingy55","formatid":"gen9doublesou","rating":1119,"private":0,"password":""}