{"id":"gen9doublesou-1976190576","p1":"EkCantDrawLol","p2":"BriefMarigold4","format":"[Gen 9] Doubles OU","log":"|j|\u2606EkCantDrawLol\n|j|\u2606BriefMarigold4\n|t:|1698272058\n|gametype|doubles\n|player|p1|EkCantDrawLol|1|1491\n|player|p2|BriefMarigold4|1|1519\n|teamsize|p1|6\n|teamsize|p2|6\n|gen|9\n|tier|[Gen 9] Doubles OU\n|rated|\n|rule|Species Clause: Limit one of each Pok\u00e9mon\n|rule|OHKO Clause: OHKO moves are banned\n|rule|Evasion Moves Clause: Evasion moves are banned\n|rule|Gravity Sleep Clause: The combination of sleep-inducing moves with imperfect accuracy and Gravity or Gigantamax Orbeetle are banned\n|rule|Endless Battle Clause: Forcing endless battles is banned\n|rule|HP Percentage Mod: HP is shown in percentages\n|clearpoke\n|poke|p1|Kommo-o, F|\n|poke|p1|Tyranitar, M|\n|poke|p1|Flutter Mane|\n|poke|p1|Tornadus, M|\n|poke|p1|Amoonguss, F|\n|poke|p1|Ursaluna, F|\n|poke|p2|Rillaboom, M|\n|poke|p2|Grimmsnarl, M|\n|poke|p2|Cresselia, F|\n|poke|p2|Clefairy, M|\n|poke|p2|Snorlax, M|\n|poke|p2|Sinistcha|\n|teampreview\n|\n|t:|1698272071\n|start\n|switch|p1a: Kommo-o|Kommo-o, F, shiny|100\/100\n|switch|p1b: Tornadus|Tornadus, M, shiny|100\/100\n|switch|p2a: Rillaboom|Rillaboom, M|100\/100\n|switch|p2b: Grimmsnarl|Grimmsnarl, M|100\/100\n|-fieldstart|move: Grassy Terrain|[from] ability: Grassy Surge|[of] p2a: Rillaboom\n|turn|1\n|\n|t:|1698272078\n|-terastallize|p1a: Kommo-o|Steel\n|move|p2a: Rillaboom|Fake Out|p1a: Kommo-o\n|-resisted|p1a: Kommo-o\n|-damage|p1a: Kommo-o|94\/100\n|move|p1b: Tornadus|Tailwind|p1b: Tornadus\n|-sidestart|p1: EkCantDrawLol|move: Tailwind\n|move|p2b: Grimmsnarl|Light Screen|p2b: Grimmsnarl\n|-sidestart|p2: BriefMarigold4|move: Light Screen\n|cant|p1a: Kommo-o|flinch\n|\n|-heal|p1a: Kommo-o|99\/100|[from] Grassy Terrain\n|upkeep\n|turn|2\n|\n|t:|1698272088\n|move|p2b: Grimmsnarl|Reflect|p2b: Grimmsnarl\n|-sidestart|p2: BriefMarigold4|Reflect\n|move|p1b: Tornadus|Bleakwind Storm|p2b: Grimmsnarl|[spread] p2a,p2b\n|-supereffective|p2a: Rillaboom\n|-damage|p2a: Rillaboom|42\/100\n|-damage|p2b: Grimmsnarl|78\/100\n|-unboost|p2b: Grimmsnarl|spe|1\n|move|p1a: Kommo-o|Clangorous Soul|p1a: Kommo-o\n|-boost|p1a: Kommo-o|atk|1\n|-boost|p1a: Kommo-o|def|1\n|-boost|p1a: Kommo-o|spa|1\n|-boost|p1a: Kommo-o|spd|1\n|-boost|p1a: Kommo-o|spe|1\n|-damage|p1a: Kommo-o|67\/100\n|move|p2a: Rillaboom|Taunt|p1a: Kommo-o\n|-start|p1a: Kommo-o|move: Taunt\n|\n|-heal|p1a: Kommo-o|73\/100|[from] Grassy Terrain\n|-heal|p2a: Rillaboom|48\/100|[from] Grassy Terrain\n|-heal|p2b: Grimmsnarl|85\/100|[from] Grassy Terrain\n|upkeep\n|turn|3\n|\n|t:|1698272116\n|switch|p2a: Clefairy|Clefairy, M|100\/100\n|move|p2b: Grimmsnarl|Parting Shot|p1a: Kommo-o\n|-fail|p1a: Kommo-o|unboost|[from] item: Clear Amulet|[of] p1a: Kommo-o\n|move|p1a: Kommo-o|Drain Punch|p2b: Grimmsnarl\n|-damage|p2b: Grimmsnarl|60\/100\n|-heal|p1a: Kommo-o|90\/100|[from] drain|[of] p2b: Grimmsnarl\n|move|p1b: Tornadus|Bleakwind Storm|p2b: Grimmsnarl|[spread] p2a,p2b\n|-damage|p2a: Clefairy|78\/100\n|-damage|p2b: Grimmsnarl|42\/100\n|-unboost|p2b: Grimmsnarl|spe|1\n|\n|-heal|p1a: Kommo-o|96\/100|[from] Grassy Terrain\n|-heal|p2b: Grimmsnarl|48\/100|[from] Grassy Terrain\n|-heal|p2a: Clefairy|85\/100|[from] Grassy Terrain\n|upkeep\n|turn|4\n|c|\u2606BriefMarigold4|ah hell\n|\n|t:|1698272130\n|switch|p2b: Snorlax|Snorlax, M|100\/100\n|move|p2a: Clefairy|Protect|p2a: Clefairy\n|-singleturn|p2a: Clefairy|Protect\n|move|p1b: Tornadus|Taunt|p2a: Clefairy\n|-activate|p2a: Clefairy|move: Protect\n|move|p1a: Kommo-o|Drain Punch|p2b: Snorlax\n|-supereffective|p2b: Snorlax\n|-damage|p2b: Snorlax|62\/100\n|-heal|p1a: Kommo-o|100\/100|[from] drain|[of] p2b: Snorlax\n|\n|-heal|p2b: Snorlax|68\/100|[from] Grassy Terrain\n|-heal|p2b: Snorlax|74\/100|[from] item: Leftovers\n|-heal|p2a: Clefairy|91\/100|[from] Grassy Terrain\n|-sideend|p1: EkCantDrawLol|move: Tailwind\n|upkeep\n|turn|5\n|c|\u2606EkCantDrawLol|Yeh it\u2019s good\n|\n|t:|1698272149\n|move|p2a: Clefairy|Follow Me|p2a: Clefairy\n|-singleturn|p2a: Clefairy|move: Follow Me\n|move|p1b: Tornadus|Taunt|p2a: Clefairy\n|-start|p2a: Clefairy|move: Taunt\n|move|p1a: Kommo-o|Drain Punch|p2a: Clefairy\n|-resisted|p2a: Clefairy\n|-damage|p2a: Clefairy|77\/100\n|move|p2b: Snorlax|Belly Drum|p2b: Snorlax\n|-damage|p2b: Snorlax|24\/100\n|-setboost|p2b: Snorlax|atk|6|[from] move: Belly Drum\n|\n|-heal|p2b: Snorlax|30\/100|[from] Grassy Terrain\n|-heal|p2b: Snorlax|36\/100|[from] item: Leftovers\n|-heal|p2a: Clefairy|83\/100|[from] Grassy Terrain\n|-end|p1a: Kommo-o|move: Taunt\n|-fieldend|move: Grassy Terrain\n|upkeep\n|turn|6\n|\n|t:|1698272160\n|switch|p2a: Fuck You|Sinistcha|100\/100\n|-heal|p2b: Snorlax|61\/100|[from] ability: Hospitality|[of] p2a: Fuck You\n|move|p2b: Snorlax|Protect|p2b: Snorlax\n|-singleturn|p2b: Snorlax|Protect\n|move|p1a: Kommo-o|Drain Punch|p2b: Snorlax\n|-activate|p2b: Snorlax|move: Protect\n|move|p1b: Tornadus|Bleakwind Storm|p2b: Snorlax|[spread] p2a\n|-activate|p2b: Snorlax|move: Protect\n|-supereffective|p2a: Fuck You\n|-damage|p2a: Fuck You|39\/100\n|\n|-heal|p2b: Snorlax|67\/100|[from] item: Leftovers\n|upkeep\n|turn|7\n|c|\u2606EkCantDrawLol|Lol love the names\n|c|\u2606BriefMarigold4|what names, it's only Sinistcha\n|\n|t:|1698272196\n|switch|p2a: Clefairy|Clefairy, M|83\/100\n|-terastallize|p2b: Snorlax|Poison\n|move|p1a: Kommo-o|Protect|p1a: Kommo-o\n|-singleturn|p1a: Kommo-o|Protect\n|move|p1b: Tornadus|Taunt|p2a: Clefairy\n|-start|p2a: Clefairy|move: Taunt\n|move|p2b: Snorlax|High Horsepower|p1a: Kommo-o\n|-activate|p1a: Kommo-o|move: Protect\n|\n|-heal|p2b: Snorlax|73\/100|[from] item: Leftovers\n|upkeep\n|turn|8\n|c|\u2606EkCantDrawLol|Exactly, beautiful\n|c|\u2606BriefMarigold4|indeed\n|\n|t:|1698272215\n|switch|p2a: Fuck You|Sinistcha|39\/100\n|-heal|p2b: Snorlax|98\/100|[from] ability: Hospitality|[of] p2a: Fuck You\n|move|p1a: Kommo-o|Dragon Claw|p2b: Snorlax\n|-damage|p2b: Snorlax|67\/100\n|move|p1b: Tornadus|Bleakwind Storm|p2b: Snorlax|[spread] p2a,p2b\n|-supereffective|p2a: Fuck You\n|-damage|p2a: Fuck You|0 fnt\n|-damage|p2b: Snorlax|53\/100\n|faint|p2a: Fuck You\n|move|p2b: Snorlax|High Horsepower|p1a: Kommo-o\n|-supereffective|p1a: Kommo-o\n|-damage|p1a: Kommo-o|0 fnt\n|faint|p1a: Kommo-o\n|\n|-heal|p2b: Snorlax|59\/100|[from] item: Leftovers\n|-sideend|p2: BriefMarigold4|move: Light Screen\n|upkeep\n|\n|t:|1698272227\n|switch|p1a: Ursaluna|Ursaluna, F, shiny|100\/100\n|switch|p2a: Rillaboom|Rillaboom, M|48\/100\n|-fieldstart|move: Grassy Terrain|[from] ability: Grassy Surge|[of] p2a: Rillaboom\n|turn|9\n|\n|t:|1698272237\n|switch|p2a: Clefairy|Clefairy, M|83\/100\n|move|p1b: Tornadus|Protect|p1b: Tornadus\n|-singleturn|p1b: Tornadus|Protect\n|move|p1a: Ursaluna|Protect|p1a: Ursaluna\n|-singleturn|p1a: Ursaluna|Protect\n|move|p2b: Snorlax|Double-Edge|p1b: Tornadus\n|-activate|p1b: Tornadus|move: Protect\n|\n|-heal|p2b: Snorlax|65\/100|[from] Grassy Terrain\n|-heal|p2b: Snorlax|71\/100|[from] item: Leftovers\n|-heal|p2a: Clefairy|89\/100|[from] Grassy Terrain\n|-sideend|p2: BriefMarigold4|Reflect\n|-status|p1a: Ursaluna|brn|[from] item: Flame Orb\n|upkeep\n|turn|10\n|\n|t:|1698272245\n|move|p2a: Clefairy|Follow Me|p2a: Clefairy\n|-singleturn|p2a: Clefairy|move: Follow Me\n|move|p1b: Tornadus|Tailwind|p1b: Tornadus\n|-sidestart|p1: EkCantDrawLol|move: Tailwind\n|move|p1a: Ursaluna|Earthquake|p2a: Clefairy|[spread] p2a,p2b\n|-immune|p1b: Tornadus\n|-supereffective|p2b: Snorlax\n|-damage|p2a: Clefairy|59\/100\n|-damage|p2b: Snorlax|32\/100\n|move|p2b: Snorlax|Double-Edge|p1a: Ursaluna\n|-damage|p1a: Ursaluna|0 fnt\n|faint|p1a: Ursaluna\n|-damage|p2b: Snorlax|3\/100|[from] Recoil\n|\n|-heal|p2b: Snorlax|9\/100|[from] Grassy Terrain\n|-heal|p2b: Snorlax|15\/100|[from] item: Leftovers\n|-heal|p2a: Clefairy|65\/100|[from] Grassy Terrain\n|upkeep\n|c|\u2606BriefMarigold4|ow?????\n|\n|t:|1698272256\n|switch|p1a: Tyranitar|Tyranitar, M, shiny|100\/100\n|-weather|Sandstorm|[from] ability: Sand Stream|[of] p1a: Tyranitar\n|turn|11\n|c|\u2606BriefMarigold4|wth\n|\n|t:|1698272266\n|switch|p2a: Cresselia|Cresselia, F|100\/100\n|move|p2b: Snorlax|Protect|p2b: Snorlax\n|-singleturn|p2b: Snorlax|Protect\n|move|p1b: Tornadus|Taunt|p2a: Cresselia\n|-start|p2a: Cresselia|move: Taunt\n|move|p1a: Tyranitar|Rock Slide|p2a: Cresselia|[spread] p2a\n|-activate|p2b: Snorlax|move: Protect\n|-crit|p2a: Cresselia\n|-damage|p2a: Cresselia|76\/100\n|\n|-weather|Sandstorm|[upkeep]\n|-damage|p1b: Tornadus|94\/100|[from] Sandstorm\n|-damage|p2b: Snorlax|9\/100|[from] Sandstorm\n|-heal|p2b: Snorlax|15\/100|[from] Grassy Terrain\n|-heal|p2b: Snorlax|21\/100|[from] item: Leftovers\n|upkeep\n|turn|12\n|\n|t:|1698272277\n|switch|p2a: Clefairy|Clefairy, M|65\/100\n|move|p1b: Tornadus|Bleakwind Storm|p2b: Snorlax|[spread] p2a,p2b\n|-damage|p2a: Clefairy|35\/100\n|-damage|p2b: Snorlax|5\/100\n|move|p1a: Tyranitar|Rock Slide|p2a: Clefairy|[spread] p2a,p2b\n|-damage|p2a: Clefairy|12\/100\n|-damage|p2b: Snorlax|0 fnt\n|faint|p2b: Snorlax\n|\n|-weather|Sandstorm|[upkeep]\n|-damage|p1b: Tornadus|88\/100|[from] Sandstorm\n|-damage|p2a: Clefairy|5\/100|[from] Sandstorm\n|-heal|p2a: Clefairy|12\/100|[from] Grassy Terrain\n|upkeep\n|c|\u2606BriefMarigold4|yeah gg\n|-message|BriefMarigold4 forfeited.\n|\n|win|EkCantDrawLol\n|raw|EkCantDrawLol's rating: 1491 &rarr; <strong>1513<\/strong><br \/>(+22 for winning)\n|raw|BriefMarigold4's rating: 1519 &rarr; <strong>1497<\/strong><br \/>(-22 for losing)\n|l|\u2606BriefMarigold4\n|c|\u2606EkCantDrawLol|Ggs\n","uploadtime":1698272307,"views":21,"p1id":"ekcantdrawlol","p2id":"briefmarigold4","formatid":"gen9doublesou","rating":1497,"private":0,"password":""}