{"id":"gen9doublesou-1977861595","p1":"Windu2000","p2":"Pkaizerk","format":"[Gen 9] Doubles OU","log":"|j|\u2606Windu2000\n|j|\u2606Pkaizerk\n|inactive|Battle timer is ON: inactive players will automatically lose when time's up.\n|t:|1698458699\n|gametype|doubles\n|player|p1|Windu2000|102|\n|player|p2|Pkaizerk|wulfric|\n|teamsize|p1|6\n|teamsize|p2|6\n|gen|9\n|tier|[Gen 9] Doubles OU\n|rated|Tournament battle\n|rule|Species Clause: Limit one of each Pok\u00e9mon\n|rule|OHKO Clause: OHKO moves are banned\n|rule|Evasion Moves Clause: Evasion moves are banned\n|rule|Gravity Sleep Clause: The combination of sleep-inducing moves with imperfect accuracy and Gravity or Gigantamax Orbeetle are banned\n|rule|Endless Battle Clause: Forcing endless battles is banned\n|rule|HP Percentage Mod: HP is shown in percentages\n|clearpoke\n|poke|p1|Lokix, F|\n|poke|p1|Sawsbuck-Summer, M|\n|poke|p1|Electrode|\n|poke|p1|Gogoat, F|\n|poke|p1|Vikavolt, M|\n|poke|p1|Whiscash, M|\n|poke|p2|Toedscruel, M|\n|poke|p2|Gothorita, F|\n|poke|p2|Breloom, F|\n|poke|p2|Pawmo, M|\n|poke|p2|Florges, F|\n|poke|p2|Staraptor, M|\n|teampreview\n|j|*Lady Monita \u263d\n|j| DreamyFleur\n|inactive|Pkaizerk has 120 seconds left.\n|l| DreamyFleur\n|\n|t:|1698458734\n|start\n|switch|p1a: Lokix|Lokix, F|100\/100\n|switch|p1b: Vikavolt|Vikavolt, M|100\/100\n|switch|p2a: Staraptor|Staraptor, M|100\/100\n|switch|p2b: Gothorita|Gothorita, F|100\/100\n|-item|p1a: Lokix|Life Orb|[from] ability: Frisk|[of] p2b: Gothorita|[identify]\n|-item|p1b: Vikavolt|Leftovers|[from] ability: Frisk|[of] p2b: Gothorita|[identify]\n|turn|1\n|j| henryairsword\n|inactive|Pkaizerk has 120 seconds left.\n|\n|t:|1698458772\n|switch|p1a: Electrode|Electrode|100\/100\n|-terastallize|p2b: Gothorita|Fire\n|move|p2a: Staraptor|Fly||[still]\n|-prepare|p2a: Staraptor|Fly\n|move|p2b: Gothorita|Tera Blast|p1b: Vikavolt|[anim] Tera Blast Fire\n|-supereffective|p1b: Vikavolt\n|-damage|p1b: Vikavolt|23\/100\n|move|p1b: Vikavolt|Sticky Web|p2a: Staraptor\n|-sidestart|p2: Pkaizerk|move: Sticky Web\n|\n|-heal|p1b: Vikavolt|29\/100|[from] item: Leftovers\n|upkeep\n|turn|2\n|\n|t:|1698458797\n|move|p1a: Electrode|Volt Switch|p2b: Gothorita\n|-damage|p2b: Gothorita|38\/100\n|\n|t:|1698458799\n|switch|p1a: Whiscash|Whiscash, M|100\/100|[from] Volt Switch\n|move|p2a: Staraptor|Fly|p1a: Whiscash|[from]lockedmove\n|-damage|p1a: Whiscash|20\/100\n|move|p2b: Gothorita|Tera Blast|p1b: Vikavolt|[anim] Tera Blast Fire\n|-supereffective|p1b: Vikavolt\n|-damage|p1b: Vikavolt|0 fnt\n|faint|p1b: Vikavolt\n|\n|-heal|p1a: Whiscash|26\/100|[from] item: Leftovers\n|upkeep\n|\n|t:|1698458804\n|switch|p1b: Electrode|Electrode|100\/100\n|turn|3\n|j| Rocket Exec. Raiza\n|inactive|Pkaizerk has 120 seconds left.\n|inactive|Pkaizerk has 90 seconds left.\n|\n|t:|1698458864\n|switch|p2a: Toedscruel|Toedscruel, M|100\/100\n|-activate|p2a: Toedscruel|move: Sticky Web\n|-unboost|p2a: Toedscruel|spe|1\n|move|p1b: Electrode|Thunderbolt|p2a: Toedscruel\n|-immune|p2a: Toedscruel\n|move|p2b: Gothorita|Tera Blast|p1b: Electrode|[anim] Tera Blast Fire\n|-damage|p1b: Electrode|50\/100\n|move|p1a: Whiscash|Liquidation|p2b: Gothorita\n|-supereffective|p2b: Gothorita\n|-damage|p2b: Gothorita|0 fnt\n|faint|p2b: Gothorita\n|\n|-heal|p1a: Whiscash|32\/100|[from] item: Leftovers\n|upkeep\n|j| chadguy\n|inactive|Pkaizerk has 90 seconds left.\n|l| chadguy\n|j| ThatBoyBobby\n|inactive|Pkaizerk has 60 seconds left.\n|\n|t:|1698458904\n|switch|p2b: Breloom|Breloom, F|100\/100\n|-activate|p2b: Breloom|move: Sticky Web\n|-unboost|p2b: Breloom|spe|1\n|turn|4\n|c| ThatBoyBobby|C'mon Windu!\n|c| ThatBoyBobby|you got this\n|inactive|Pkaizerk has 60 seconds left.\n|\n|t:|1698458949\n|switch|p1b: Gogoat|Gogoat, F|100\/100\n|move|p1a: Whiscash|Liquidation|p2a: Toedscruel\n|-damage|p2a: Toedscruel|44\/100\n|-unboost|p2a: Toedscruel|def|1\n|move|p2a: Toedscruel|Earth Power|p1b: Gogoat\n|-resisted|p1b: Gogoat\n|-damage|p1b: Gogoat|81\/100\n|-damage|p2a: Toedscruel|34\/100|[from] item: Life Orb\n|move|p2b: Breloom|Bullet Seed|p1a: Whiscash\n|-supereffective|p1a: Whiscash\n|-damage|p1a: Whiscash|0 fnt\n|faint|p1a: Whiscash\n|-hitcount|p1: Whiscash|1\n|\n|-heal|p1b: Gogoat|87\/100|[from] item: Leftovers\n|upkeep\n|\n|t:|1698458973\n|switch|p1a: Sawsbuck|Sawsbuck-Summer, M|100\/100\n|turn|5\n|inactive|Pkaizerk has 60 seconds left.\n|\n|t:|1698459000\n|move|p2b: Breloom|Mach Punch|p1a: Sawsbuck\n|-supereffective|p1a: Sawsbuck\n|-damage|p1a: Sawsbuck|3\/100\n|move|p1a: Sawsbuck|Play Rough|p2b: Breloom\n|-supereffective|p2b: Breloom\n|-damage|p2b: Breloom|12\/100\n|move|p2a: Toedscruel|Knock Off|p1b: Gogoat\n|-damage|p1b: Gogoat|64\/100\n|-enditem|p1b: Gogoat|Leftovers|[from] move: Knock Off|[of] p2a: Toedscruel\n|-damage|p2a: Toedscruel|24\/100|[from] item: Life Orb\n|move|p1b: Gogoat|Bulk Up|p1b: Gogoat\n|-boost|p1b: Gogoat|atk|1\n|-boost|p1b: Gogoat|def|1\n|\n|-heal|p1a: Sawsbuck|9\/100|[from] item: Leftovers\n|upkeep\n|turn|6\n|inactive|Pkaizerk has 60 seconds left.\n|inactive|Pkaizerk has 30 seconds left.\n|\n|t:|1698459046\n|switch|p2a: Staraptor|Staraptor, M|100\/100\n|move|p2b: Breloom|Mach Punch|p1a: Sawsbuck\n|-supereffective|p1a: Sawsbuck\n|-damage|p1a: Sawsbuck|0 fnt\n|faint|p1a: Sawsbuck\n|move|p1b: Gogoat|Brick Break|p2b: Breloom\n|-damage|p2b: Breloom|0 fnt\n|faint|p2b: Breloom\n|\n|upkeep\n|inactive|Pkaizerk has 30 seconds left.\n|\n|t:|1698459071\n|switch|p1a: Lokix|Lokix, F|100\/100\n|switch|p2b: Florges|Florges, F|100\/100\n|-activate|p2b: Florges|move: Sticky Web\n|-unboost|p2b: Florges|spe|1\n|turn|7\n|\n|t:|1698459094\n|move|p1a: Lokix|First Impression|p2a: Staraptor\n|-resisted|p2a: Staraptor\n|-damage|p2a: Staraptor|28\/100\n|-damage|p1a: Lokix|91\/100|[from] item: Life Orb\n|move|p2a: Staraptor|Brave Bird|p1b: Gogoat\n|-supereffective|p1b: Gogoat\n|-damage|p1b: Gogoat|0 fnt\n|faint|p1b: Gogoat\n|-damage|p2a: Staraptor|0 fnt|[from] Recoil\n|faint|p2a: Staraptor\n|move|p2b: Florges|Moonblast|p1a: Lokix\n|-supereffective|p1a: Lokix\n|-damage|p1a: Lokix|0 fnt\n|faint|p1a: Lokix\n|\n|upkeep\n|inactive|Pkaizerk has 60 seconds left.\n|c|\u2606Windu2000|dang\n|c|\u2606Pkaizerk|ggs\n|c|\u2606Windu2000|gg\n|\n|t:|1698459115\n|switch|p2a: Toedscruel|Toedscruel, M|24\/100\n|switch|p1b: Electrode|Electrode|50\/100\n|-activate|p2a: Toedscruel|move: Sticky Web\n|-block|p2a: Toedscruel|ability: Flower Veil|[of] p2b: Florges\n|turn|8\n|\n|t:|1698459124\n|move|p1b: Electrode|Thunderbolt|p2b: Florges\n|-damage|p2b: Florges|67\/100\n|move|p2a: Toedscruel|Earth Power|p1b: Electrode\n|-supereffective|p1b: Electrode\n|-damage|p1b: Electrode|0 fnt\n|faint|p1b: Electrode\n|-damage|p2a: Toedscruel|14\/100|[from] item: Life Orb\n|\n|win|Pkaizerk\n|n|\u2606Windu2000|windu2000\n|n|\u2606Pkaizerk|pkaizerk\n|n|*Lady Monita \u263d|ladymonita\n|n| henryairsword|henryairsword\n|n| Rocket Exec. Raiza|rocketexecraiza\n|n| ThatBoyBobby|thatboybobby\n","uploadtime":1698459125,"views":13,"p1id":"windu2000","p2id":"pkaizerk","formatid":"gen9doublesou","rating":0,"private":0,"password":""}