{"id":"gen9doublesou-1987687328","p1":"Dawnverge","p2":"pikeryer","format":"[Gen 9] Doubles OU","log":"|j|\u2606Dawnverge\n|j|\u2606pikeryer\n|t:|1699627701\n|gametype|doubles\n|player|p1|Dawnverge|gentleman-gen4|1394\n|player|p2|pikeryer|dawn|1463\n|teamsize|p1|6\n|teamsize|p2|6\n|gen|9\n|tier|[Gen 9] Doubles OU\n|rated|\n|rule|Species Clause: Limit one of each Pok\u00e9mon\n|rule|OHKO Clause: OHKO moves are banned\n|rule|Evasion Moves Clause: Evasion moves are banned\n|rule|Gravity Sleep Clause: The combination of sleep-inducing moves with imperfect accuracy and Gravity or Gigantamax Orbeetle are banned\n|rule|Endless Battle Clause: Forcing endless battles is banned\n|rule|HP Percentage Mod: HP is shown in percentages\n|clearpoke\n|poke|p1|Ninetales-Alola, M|\n|poke|p1|Sandslash-Alola, F|\n|poke|p1|Chien-Pao|\n|poke|p1|Cloyster, M|\n|poke|p1|Abomasnow, M|\n|poke|p1|Iron Bundle|\n|poke|p2|Ninetales-Alola, M|\n|poke|p2|Arcanine-Hisui, M|\n|poke|p2|Iron Hands|\n|poke|p2|Flutter Mane|\n|poke|p2|Landorus, M|\n|poke|p2|Amoonguss, F|\n|teampreview\n|inactive|Battle timer is ON: inactive players will automatically lose when time's up. (requested by Dawnverge)\n|inactive|pikeryer has 120 seconds left.\n|\n|t:|1699627742\n|start\n|switch|p1a: Dog|Ninetales-Alola, M|100\/100\n|switch|p1b: Bruh Moment|Iron Bundle, shiny|100\/100\n|switch|p2a: Ninetales|Ninetales-Alola, M|100\/100\n|switch|p2b: Flutter Mane|Flutter Mane|100\/100\n|-weather|Snow|[from] ability: Snow Warning|[of] p2a: Ninetales\n|-enditem|p1b: Bruh Moment|Booster Energy\n|-activate|p1b: Bruh Moment|ability: Quark Drive|[fromitem]\n|-start|p1b: Bruh Moment|quarkdrivespe\n|-enditem|p2b: Flutter Mane|Booster Energy\n|-activate|p2b: Flutter Mane|ability: Protosynthesis|[fromitem]\n|-start|p2b: Flutter Mane|protosynthesisspa\n|turn|1\n|\n|t:|1699627759\n|move|p1b: Bruh Moment|Taunt|p2a: Ninetales\n|-start|p2a: Ninetales|move: Taunt\n|move|p2b: Flutter Mane|Dazzling Gleam|p1a: Dog|[spread] p1a,p1b\n|-damage|p1a: Dog|55\/100\n|-damage|p1b: Bruh Moment|12\/100\n|cant|p2a: Ninetales|move: Taunt|Aurora Veil\n|move|p1a: Dog|Aurora Veil|p1a: Dog\n|-sidestart|p1: Dawnverge|move: Aurora Veil\n|\n|-weather|Snow|[upkeep]\n|upkeep\n|turn|2\n|\n|t:|1699627786\n|switch|p2a: Iron Hands|Iron Hands|100\/100\n|move|p1b: Bruh Moment|Hydro Pump|p2b: Flutter Mane|[miss]\n|-miss|p1b: Bruh Moment|p2b: Flutter Mane\n|move|p2b: Flutter Mane|Dazzling Gleam|p1a: Dog|[spread] p1a,p1b\n|-damage|p1a: Dog|21\/100\n|-damage|p1b: Bruh Moment|0 fnt\n|faint|p1b: Bruh Moment\n|-end|p1b: Bruh Moment|Quark Drive|[silent]\n|move|p1a: Dog|Nasty Plot|p1a: Dog\n|-boost|p1a: Dog|spa|2\n|\n|-weather|Snow|[upkeep]\n|upkeep\n|\n|t:|1699627801\n|switch|p1b: Chien-Pao|Chien-Pao|100\/100\n|-ability|p1b: Chien-Pao|Sword of Ruin\n|turn|3\n|\n|t:|1699627810\n|move|p2a: Iron Hands|Fake Out|p1b: Chien-Pao\n|-damage|p1b: Chien-Pao|90\/100\n|cant|p1b: Chien-Pao|flinch\n|move|p2b: Flutter Mane|Dazzling Gleam|p1b: Chien-Pao|[spread] p1a,p1b\n|-supereffective|p1b: Chien-Pao\n|-damage|p1a: Dog|0 fnt\n|-damage|p1b: Chien-Pao|22\/100\n|faint|p1a: Dog\n|\n|-weather|Snow|[upkeep]\n|upkeep\n|\n|t:|1699627821\n|switch|p1a: 30% Flinch Chance|Sandslash-Alola, F|100\/100\n|turn|4\n|\n|t:|1699627850\n|move|p2b: Flutter Mane|Protect|p2b: Flutter Mane\n|-singleturn|p2b: Flutter Mane|Protect\n|move|p1b: Chien-Pao|Sucker Punch||[still]\n|-fail|p1b: Chien-Pao\n|move|p1a: 30% Flinch Chance|Icicle Crash|p2a: Iron Hands\n|-damage|p2a: Iron Hands|69\/100\n|move|p2a: Iron Hands|Drain Punch|p1a: 30% Flinch Chance\n|-supereffective|p1a: 30% Flinch Chance\n|-damage|p1a: 30% Flinch Chance|0 fnt\n|-heal|p2a: Iron Hands|99\/100|[from] drain|[of] p1a: 30% Flinch Chance\n|faint|p1a: 30% Flinch Chance\n|\n|-weather|Snow|[upkeep]\n|upkeep\n|\n|t:|1699627865\n|switch|p1a: Little Bro|Cloyster, M|100\/100\n|turn|5\n|\n|t:|1699627872\n|move|p1b: Chien-Pao|Sucker Punch|p2b: Flutter Mane\n|-damage|p2b: Flutter Mane|8\/100\n|move|p2b: Flutter Mane|Dazzling Gleam|p1a: Little Bro|[spread] p1a,p1b\n|-supereffective|p1b: Chien-Pao\n|-damage|p1a: Little Bro|32\/100\n|-damage|p1b: Chien-Pao|0 fnt\n|faint|p1b: Chien-Pao\n|move|p1a: Little Bro|Shell Smash|p1a: Little Bro\n|-unboost|p1a: Little Bro|def|1\n|-unboost|p1a: Little Bro|spd|1\n|-boost|p1a: Little Bro|atk|2\n|-boost|p1a: Little Bro|spa|2\n|-boost|p1a: Little Bro|spe|2\n|-enditem|p1a: Little Bro|White Herb\n|-clearnegativeboost|p1a: Little Bro|[silent]\n|move|p2a: Iron Hands|Drain Punch|p1a: Little Bro\n|-supereffective|p1a: Little Bro\n|-damage|p1a: Little Bro|2\/100\n|-heal|p2a: Iron Hands|100\/100|[from] drain|[of] p1a: Little Bro\n|\n|-weather|none\n|upkeep\n|-message|Dawnverge forfeited.\n|\n|win|pikeryer\n|raw|Dawnverge's rating: 1394 &rarr; <strong>1378<\/strong><br \/>(-16 for losing)\n|raw|pikeryer's rating: 1463 &rarr; <strong>1479<\/strong><br \/>(+16 for winning)\n|l|\u2606Dawnverge\n|l|\u2606pikeryer\n|j|\u2606pikeryer\n|player|p2|pikeryer|dawn\n","uploadtime":1699628353,"views":14,"p1id":"dawnverge","p2id":"pikeryer","formatid":"gen9doublesou","rating":1378,"private":0,"password":""}