{"id":"gen9doublesou-1973167449","p1":"riastylis","p2":"Telimonster0608","format":"[Gen 9] Doubles OU","log":"|j|\u2606riastylis\n|j|\u2606Telimonster0608\n|t:|1697935088\n|gametype|doubles\n|player|p1|riastylis|veteran|\n|player|p2|Telimonster0608|clair|\n|teamsize|p1|6\n|teamsize|p2|6\n|gen|9\n|tier|[Gen 9] Doubles OU\n|rule|Species Clause: Limit one of each Pok\u00e9mon\n|rule|OHKO Clause: OHKO moves are banned\n|rule|Evasion Moves Clause: Evasion moves are banned\n|rule|Gravity Sleep Clause: The combination of sleep-inducing moves with imperfect accuracy and Gravity or Gigantamax Orbeetle are banned\n|rule|Endless Battle Clause: Forcing endless battles is banned\n|rule|HP Percentage Mod: HP is shown in percentages\n|clearpoke\n|poke|p1|Iron Leaves|\n|poke|p1|Quaquaval, M|\n|poke|p1|Garchomp, M|\n|poke|p1|Volcarona, M|\n|poke|p1|Gholdengo|\n|poke|p1|Regieleki|\n|poke|p2|Slither Wing|\n|poke|p2|Klefki, F|\n|poke|p2|Salamence, F|\n|poke|p2|Sneasler, M|\n|poke|p2|Zapdos|\n|poke|p2|Milotic, M|\n|teampreview\n|j| Kevin Dickey12\n|\n|t:|1697935136\n|start\n|switch|p1a: Chopper|Iron Leaves|100\/100\n|switch|p1b: Gild Tesoro|Gholdengo|100\/100\n|switch|p2a: Past Mothra\ud83e\udd8b|Slither Wing|100\/100\n|switch|p2b: Lightning Storm\u26c8\ufe0f|Zapdos, shiny|100\/100\n|-enditem|p1a: Chopper|Booster Energy\n|-activate|p1a: Chopper|ability: Quark Drive|[fromitem]\n|-start|p1a: Chopper|quarkdriveatk\n|-enditem|p2a: Past Mothra\ud83e\udd8b|Booster Energy\n|-activate|p2a: Past Mothra\ud83e\udd8b|ability: Protosynthesis|[fromitem]\n|-start|p2a: Past Mothra\ud83e\udd8b|protosynthesisatk\n|turn|1\n|j| Redzone92\n|\n|t:|1697935168\n|move|p1a: Chopper|Psyblade|p2a: Past Mothra\ud83e\udd8b\n|-supereffective|p2a: Past Mothra\ud83e\udd8b\n|-damage|p2a: Past Mothra\ud83e\udd8b|0 fnt\n|faint|p2a: Past Mothra\ud83e\udd8b\n|-end|p2a: Past Mothra\ud83e\udd8b|Protosynthesis|[silent]\n|move|p2b: Lightning Storm\u26c8\ufe0f|Thunderbolt|p1b: Gild Tesoro\n|-damage|p1b: Gild Tesoro|64\/100\n|move|p1b: Gild Tesoro|Trick|p2b: Lightning Storm\u26c8\ufe0f\n|-activate|p1b: Gild Tesoro|move: Trick|[of] p2b: Lightning Storm\u26c8\ufe0f\n|-item|p2b: Lightning Storm\u26c8\ufe0f|Ring Target|[from] move: Trick\n|-item|p1b: Gild Tesoro|Rocky Helmet|[from] move: Trick\n|\n|upkeep\n|j| GoDDanteX\n|l| GoDDanteX\n|\n|t:|1697935192\n|switch|p2a: Wolverine\ud83d\udde1|Sneasler, M, shiny|100\/100\n|-item|p2a: Wolverine\ud83d\udde1|Air Balloon\n|turn|2\n|\n|t:|1697935216\n|-terastallize|p2a: Wolverine\ud83d\udde1|Dark\n|move|p2a: Wolverine\ud83d\udde1|Night Slash|p1b: Gild Tesoro\n|-supereffective|p1b: Gild Tesoro\n|-damage|p1b: Gild Tesoro|0 fnt\n|-damage|p2a: Wolverine\ud83d\udde1|84\/100|[from] item: Rocky Helmet|[of] p1b: Gild Tesoro\n|faint|p1b: Gild Tesoro\n|move|p1a: Chopper|Psyblade|p2a: Wolverine\ud83d\udde1\n|-immune|p2a: Wolverine\ud83d\udde1\n|move|p2b: Lightning Storm\u26c8\ufe0f|Hurricane|p1a: Chopper\n|-supereffective|p1a: Chopper\n|-damage|p1a: Chopper|20\/100\n|\n|upkeep\n|\n|t:|1697935232\n|switch|p1b: Cascade|Garchomp, M, shiny|100\/100\n|turn|3\n|\n|t:|1697935248\n|-terastallize|p1b: Cascade|Ground\n|move|p1a: Chopper|Protect|p1a: Chopper\n|-singleturn|p1a: Chopper|Protect\n|move|p2a: Wolverine\ud83d\udde1|Taunt|p1b: Cascade\n|-start|p1b: Cascade|move: Taunt\n|move|p1b: Cascade|Earthquake|p2a: Wolverine\ud83d\udde1|[spread] p2b\n|-activate|p1a: Chopper|move: Protect\n|-immune|p2a: Wolverine\ud83d\udde1\n|-supereffective|p2b: Lightning Storm\u26c8\ufe0f\n|-crit|p2b: Lightning Storm\u26c8\ufe0f\n|-damage|p2b: Lightning Storm\u26c8\ufe0f|0 fnt\n|faint|p2b: Lightning Storm\u26c8\ufe0f\n|\n|upkeep\n|j| GoDDanteX\n|\n|t:|1697935302\n|switch|p2b: Success\ud83e\ude99|Klefki, F, shiny|100\/100\n|turn|4\n|l| GoDDanteX\n|\n|t:|1697935324\n|move|p2b: Success\ud83e\ude99|Reflect|p2b: Success\ud83e\ude99\n|-sidestart|p2: Telimonster0608|Reflect\n|move|p2a: Wolverine\ud83d\udde1|Night Slash|p1a: Chopper\n|-supereffective|p1a: Chopper\n|-damage|p1a: Chopper|0 fnt\n|faint|p1a: Chopper\n|-end|p1a: Chopper|Quark Drive|[silent]\n|move|p1b: Cascade|Earthquake|p2a: Wolverine\ud83d\udde1|[spread] p2b\n|-immune|p2a: Wolverine\ud83d\udde1\n|-supereffective|p2b: Success\ud83e\ude99\n|-damage|p2b: Success\ud83e\ude99|42\/100\n|\n|upkeep\n|\n|t:|1697935340\n|switch|p1a: Mothra|Volcarona, M|100\/100\n|turn|5\n|\n|t:|1697935372\n|move|p2b: Success\ud83e\ude99|Thunder Wave|p1a: Mothra\n|-status|p1a: Mothra|par\n|move|p2a: Wolverine\ud83d\udde1|Taunt|p1a: Mothra\n|-start|p1a: Mothra|move: Taunt\n|move|p1b: Cascade|Scale Shot|p2a: Wolverine\ud83d\udde1\n|-damage|p2a: Wolverine\ud83d\udde1|70\/100\n|-enditem|p2a: Wolverine\ud83d\udde1|Air Balloon\n|-damage|p2a: Wolverine\ud83d\udde1|56\/100\n|-damage|p2a: Wolverine\ud83d\udde1|39\/100\n|-damage|p2a: Wolverine\ud83d\udde1|24\/100\n|-hitcount|p2a: Wolverine\ud83d\udde1|4\n|-unboost|p1b: Cascade|def|1\n|-boost|p1b: Cascade|spe|1\n|cant|p1a: Mothra|move: Taunt|Quiver Dance\n|\n|-end|p1b: Cascade|move: Taunt\n|upkeep\n|turn|6\n|j| GoDDanteX\n|\n|t:|1697935402\n|switch|p1a: Bon Clay|Quaquaval, M|100\/100\n|move|p2b: Success\ud83e\ude99|Light Screen|p2b: Success\ud83e\ude99\n|-sidestart|p2: Telimonster0608|move: Light Screen\n|move|p1b: Cascade|Earthquake|p2a: Wolverine\ud83d\udde1|[spread] p1a,p2a,p2b\n|-supereffective|p2b: Success\ud83e\ude99\n|-damage|p1a: Bon Clay|35\/100\n|-damage|p2a: Wolverine\ud83d\udde1|0 fnt\n|-damage|p2b: Success\ud83e\ude99|0 fnt\n|faint|p2a: Wolverine\ud83d\udde1\n|faint|p2b: Success\ud83e\ude99\n|\n|upkeep\n|\n|t:|1697935415\n|switch|p2a: All-Might\ud83e\uddb8\u200d\u2642\ufe0f|Salamence, F|100\/100\n|switch|p2b: Princess\ud83d\udc78|Milotic, M, shiny|100\/100\n|-ability|p2a: All-Might\ud83e\uddb8\u200d\u2642\ufe0f|Intimidate|boost\n|-unboost|p1a: Bon Clay|atk|1\n|-unboost|p1b: Cascade|atk|1\n|turn|7\n|\n|t:|1697935440\n|move|p1b: Cascade|Scale Shot|p2a: All-Might\ud83e\uddb8\u200d\u2642\ufe0f\n|-supereffective|p2a: All-Might\ud83e\uddb8\u200d\u2642\ufe0f\n|-damage|p2a: All-Might\ud83e\uddb8\u200d\u2642\ufe0f|87\/100\n|-supereffective|p2a: All-Might\ud83e\uddb8\u200d\u2642\ufe0f\n|-damage|p2a: All-Might\ud83e\uddb8\u200d\u2642\ufe0f|73\/100\n|-supereffective|p2a: All-Might\ud83e\uddb8\u200d\u2642\ufe0f\n|-damage|p2a: All-Might\ud83e\uddb8\u200d\u2642\ufe0f|57\/100\n|-supereffective|p2a: All-Might\ud83e\uddb8\u200d\u2642\ufe0f\n|-damage|p2a: All-Might\ud83e\uddb8\u200d\u2642\ufe0f|41\/100\n|-supereffective|p2a: All-Might\ud83e\uddb8\u200d\u2642\ufe0f\n|-damage|p2a: All-Might\ud83e\uddb8\u200d\u2642\ufe0f|25\/100\n|-hitcount|p2a: All-Might\ud83e\uddb8\u200d\u2642\ufe0f|5\n|-unboost|p1b: Cascade|def|1\n|-boost|p1b: Cascade|spe|1\n|move|p2a: All-Might\ud83e\uddb8\u200d\u2642\ufe0f|Dragon Dance|p2a: All-Might\ud83e\uddb8\u200d\u2642\ufe0f\n|-boost|p2a: All-Might\ud83e\uddb8\u200d\u2642\ufe0f|atk|1\n|-boost|p2a: All-Might\ud83e\uddb8\u200d\u2642\ufe0f|spe|1\n|move|p1a: Bon Clay|Roost|p1a: Bon Clay\n|-heal|p1a: Bon Clay|85\/100\n|-singleturn|p1a: Bon Clay|move: Roost\n|move|p2b: Princess\ud83d\udc78|Ice Beam|p1b: Cascade\n|-supereffective|p1b: Cascade\n|-damage|p1b: Cascade|55\/100\n|-status|p1b: Cascade|frz\n|\n|-status|p2b: Princess\ud83d\udc78|brn|[from] item: Flame Orb\n|upkeep\n|turn|8\n|\n|t:|1697935496\n|cant|p1b: Cascade|frz\n|move|p2a: All-Might\ud83e\uddb8\u200d\u2642\ufe0f|Dragon Claw|p1a: Bon Clay\n|-damage|p1a: Bon Clay|0 fnt\n|faint|p1a: Bon Clay\n|move|p2b: Princess\ud83d\udc78|Ice Beam|p1b: Cascade\n|-supereffective|p1b: Cascade\n|-crit|p1b: Cascade\n|-damage|p1b: Cascade|0 fnt\n|faint|p1b: Cascade\n|\n|-damage|p2b: Princess\ud83d\udc78|94\/100 brn|[from] brn\n|-sideend|p2: Telimonster0608|Reflect\n|upkeep\n|\n|t:|1697935510\n|switch|p1b: Gear4BounceMan|Regieleki, shiny|100\/100\n|switch|p1a: Mothra|Volcarona, M|100\/100 par\n|turn|9\n|\n|t:|1697935525\n|move|p1b: Gear4BounceMan|Electroweb|p2b: Princess\ud83d\udc78|[spread] p2a,p2b\n|-supereffective|p2b: Princess\ud83d\udc78\n|-damage|p2a: All-Might\ud83e\uddb8\u200d\u2642\ufe0f|5\/100\n|-damage|p2b: Princess\ud83d\udc78|75\/100 brn\n|-unboost|p2a: All-Might\ud83e\uddb8\u200d\u2642\ufe0f|spe|1\n|-unboost|p2b: Princess\ud83d\udc78|spe|1\n|move|p2a: All-Might\ud83e\uddb8\u200d\u2642\ufe0f|Earthquake|p1a: Mothra|[spread] p2b,p1a,p1b\n|-supereffective|p1b: Gear4BounceMan\n|-damage|p2b: Princess\ud83d\udc78|46\/100 brn\n|-damage|p1a: Mothra|50\/100 par\n|-enditem|p1b: Gear4BounceMan|Focus Sash\n|-damage|p1b: Gear4BounceMan|1\/100\n|-enditem|p1a: Mothra|Sitrus Berry|[eat]\n|-heal|p1a: Mothra|75\/100 par|[from] item: Sitrus Berry\n|move|p1a: Mothra|Tailwind|p1a: Mothra\n|-sidestart|p1: riastylis|move: Tailwind\n|move|p2b: Princess\ud83d\udc78|Recover|p2b: Princess\ud83d\udc78\n|-heal|p2b: Princess\ud83d\udc78|96\/100 brn\n|\n|-damage|p2b: Princess\ud83d\udc78|90\/100 brn|[from] brn\n|upkeep\n|turn|10\n|\n|t:|1697935554\n|move|p1b: Gear4BounceMan|Electroweb|p2a: All-Might\ud83e\uddb8\u200d\u2642\ufe0f|[spread] p2a,p2b\n|-supereffective|p2b: Princess\ud83d\udc78\n|-damage|p2a: All-Might\ud83e\uddb8\u200d\u2642\ufe0f|0 fnt\n|-damage|p2b: Princess\ud83d\udc78|72\/100 brn\n|-unboost|p2b: Princess\ud83d\udc78|spe|1\n|faint|p2a: All-Might\ud83e\uddb8\u200d\u2642\ufe0f\n|move|p1a: Mothra|Quiver Dance|p1a: Mothra\n|-boost|p1a: Mothra|spa|1\n|-boost|p1a: Mothra|spd|1\n|-boost|p1a: Mothra|spe|1\n|move|p2b: Princess\ud83d\udc78|Scald|p1a: Mothra\n|-supereffective|p1a: Mothra\n|-damage|p1a: Mothra|41\/100 par\n|\n|-damage|p2b: Princess\ud83d\udc78|65\/100 brn|[from] brn\n|-sideend|p2: Telimonster0608|move: Light Screen\n|upkeep\n|turn|11\n|\n|t:|1697935593\n|move|p1b: Gear4BounceMan|Ancient Power|p2b: Princess\ud83d\udc78\n|-damage|p2b: Princess\ud83d\udc78|56\/100 brn\n|move|p1a: Mothra|Bug Buzz|p2b: Princess\ud83d\udc78\n|-damage|p2b: Princess\ud83d\udc78|16\/100 brn\n|move|p2b: Princess\ud83d\udc78|Scald|p1b: Gear4BounceMan\n|-damage|p1b: Gear4BounceMan|0 fnt\n|faint|p1b: Gear4BounceMan\n|\n|-damage|p2b: Princess\ud83d\udc78|10\/100 brn|[from] brn\n|upkeep\n|turn|12\n|\n|t:|1697935613\n|move|p1a: Mothra|Bug Buzz|p2b: Princess\ud83d\udc78\n|-damage|p2b: Princess\ud83d\udc78|0 fnt\n|faint|p2b: Princess\ud83d\udc78\n|\n|win|riastylis\n|l| GoDDanteX\n","uploadtime":1697935620,"views":18,"p1id":"riastylis","p2id":"telimonster0608","formatid":"gen9doublesou","rating":0,"private":0,"password":""}