{"id":"gen9doublesou-1996327710","p1":"Choopi2","p2":"UY QUE RICO PAPI","format":"[Gen 9] Doubles OU","log":"|j|\u2606Choopi2\n|j|\u2606UY QUE RICO PAPI\n|t:|1700671537\n|gametype|doubles\n|player|p1|Choopi2|pokemonranger-gen4|1059\n|player|p2|UY QUE RICO PAPI|101|1231\n|teamsize|p1|6\n|teamsize|p2|6\n|gen|9\n|tier|[Gen 9] Doubles OU\n|rated|\n|rule|Species Clause: Limit one of each Pok\u00e9mon\n|rule|OHKO Clause: OHKO moves are banned\n|rule|Evasion Moves Clause: Evasion moves are banned\n|rule|Gravity Sleep Clause: The combination of sleep-inducing moves with imperfect accuracy and Gravity or Gigantamax Orbeetle are banned\n|rule|Endless Battle Clause: Forcing endless battles is banned\n|rule|HP Percentage Mod: HP is shown in percentages\n|clearpoke\n|poke|p1|Ninetales, F|\n|poke|p1|Volbeat, M|\n|poke|p1|Clefairy, M|\n|poke|p1|Sawsbuck-Autumn, F|\n|poke|p1|Vaporeon, F|\n|poke|p1|Tandemaus|\n|poke|p2|Trevenant, F|\n|poke|p2|Sableye, M|\n|poke|p2|Garganacl, F|\n|poke|p2|Ting-Lu|\n|poke|p2|Sinistcha|\n|poke|p2|Scream Tail|\n|teampreview\n|inactive|Battle timer is ON: inactive players will automatically lose when time's up. (requested by UY QUE RICO PAPI)\n|\n|t:|1700671552\n|start\n|switch|p1a: Sawsbuck|Sawsbuck-Autumn, F|100\/100\n|switch|p1b: Volbeat|Volbeat, M|100\/100\n|switch|p2a: Sableye|Sableye, M|100\/100\n|switch|p2b: Scream Tail|Scream Tail|100\/100\n|turn|1\n|\n|t:|1700671579\n|move|p1b: Volbeat|Thunder Wave|p2b: Scream Tail\n|-status|p2b: Scream Tail|par\n|move|p2a: Sableye|Taunt|p1b: Volbeat\n|-start|p1b: Volbeat|move: Taunt\n|move|p1a: Sawsbuck|Horn Leech|p2a: Sableye\n|-damage|p2a: Sableye|49\/100\n|cant|p2b: Scream Tail|par\n|\n|upkeep\n|turn|2\n|inactive|UY QUE RICO PAPI has 120 seconds left.\n|\n|t:|1700671613\n|move|p2a: Sableye|Reflect|p2a: Sableye\n|-sidestart|p2: UY QUE RICO PAPI|Reflect\n|move|p1a: Sawsbuck|Horn Leech|p2a: Sableye\n|-damage|p2a: Sableye|14\/100\n|move|p1b: Volbeat|Pounce|p2a: Sableye\n|-damage|p2a: Sableye|1\/100\n|-unboost|p2a: Sableye|spe|1\n|move|p2b: Scream Tail|Stealth Rock|p1b: Volbeat\n|-sidestart|p1: Choopi2|move: Stealth Rock\n|\n|upkeep\n|turn|3\n|inactive|UY QUE RICO PAPI has 120 seconds left.\n|\n|t:|1700671658\n|switch|p2a: Trevenant|Trevenant, F|100\/100\n|move|p1a: Sawsbuck|Horn Leech|p2b: Scream Tail\n|-damage|p2b: Scream Tail|87\/100 par\n|move|p1b: Volbeat|Pounce|p2a: Trevenant\n|-damage|p2a: Trevenant|94\/100\n|-unboost|p2a: Trevenant|spe|1\n|move|p2b: Scream Tail|Amnesia|p2b: Scream Tail\n|-boost|p2b: Scream Tail|spd|2\n|\n|upkeep\n|turn|4\n|inactive|UY QUE RICO PAPI has 120 seconds left.\n|\n|t:|1700671686\n|move|p1a: Sawsbuck|High Horsepower|p2b: Scream Tail\n|-damage|p2b: Scream Tail|76\/100 par\n|move|p1b: Volbeat|Pounce|p2a: Trevenant\n|-damage|p2a: Trevenant|87\/100\n|-unboost|p2a: Trevenant|spe|1\n|move|p2b: Scream Tail|Baton Pass|p2b: Scream Tail\n|\n|t:|1700671696\n|-end|p2b: Scream Tail|Protosynthesis|[silent]\n|switch|p2b: Garganacl|Garganacl, F|100\/100|[from] Baton Pass\n|move|p2a: Trevenant|Substitute|p2a: Trevenant\n|-start|p2a: Trevenant|Substitute\n|-damage|p2a: Trevenant|62\/100\n|\n|-end|p1b: Volbeat|move: Taunt\n|upkeep\n|turn|5\n|\n|t:|1700671714\n|move|p1a: Sawsbuck|Horn Leech|p2b: Garganacl\n|-supereffective|p2b: Garganacl\n|-damage|p2b: Garganacl|75\/100\n|move|p1b: Volbeat|Pounce|p2a: Trevenant\n|-activate|p2a: Trevenant|move: Substitute|[damage]\n|move|p2b: Garganacl|Curse|p2b: Garganacl\n|-unboost|p2b: Garganacl|spe|1\n|-boost|p2b: Garganacl|atk|1\n|-boost|p2b: Garganacl|def|1\n|move|p2a: Trevenant|Leech Seed|p1b: Volbeat\n|-start|p1b: Volbeat|move: Leech Seed\n|\n|-damage|p1b: Volbeat|88\/100|[from] Leech Seed|[of] p2a: Trevenant\n|-heal|p2a: Trevenant|73\/100|[silent]\n|upkeep\n|turn|6\n|inactive|UY QUE RICO PAPI has 120 seconds left.\n|\n|t:|1700671738\n|move|p2a: Trevenant|Protect|p2a: Trevenant\n|-singleturn|p2a: Trevenant|Protect\n|move|p1b: Volbeat|Confuse Ray|p2b: Garganacl\n|-start|p2b: Garganacl|confusion\n|move|p1a: Sawsbuck|Horn Leech|p2b: Garganacl\n|-supereffective|p2b: Garganacl\n|-damage|p2b: Garganacl|60\/100\n|-activate|p2b: Garganacl|confusion\n|move|p2b: Garganacl|Curse|p2b: Garganacl\n|-unboost|p2b: Garganacl|spe|1\n|-boost|p2b: Garganacl|atk|1\n|-boost|p2b: Garganacl|def|1\n|\n|-damage|p1b: Volbeat|76\/100|[from] Leech Seed|[of] p2a: Trevenant\n|-heal|p2a: Trevenant|84\/100|[silent]\n|upkeep\n|turn|7\n|inactive|UY QUE RICO PAPI has 120 seconds left.\n|\n|t:|1700671762\n|-terastallize|p2b: Garganacl|Ghost\n|move|p1b: Volbeat|Thunder Wave|p2b: Garganacl\n|-immune|p2b: Garganacl|[from] ability: Purifying Salt\n|move|p1a: Sawsbuck|High Horsepower|p2a: Trevenant\n|-resisted|p2a: Trevenant\n|-activate|p2a: Trevenant|move: Substitute|[damage]\n|move|p2a: Trevenant|Curse|p1a: Sawsbuck\n|-start|p1a: Sawsbuck|Curse|[of] p2a: Trevenant\n|-damage|p2a: Trevenant|34\/100\n|-enditem|p2a: Trevenant|Sitrus Berry|[eat]\n|-heal|p2a: Trevenant|59\/100|[from] item: Sitrus Berry\n|-activate|p2b: Garganacl|confusion\n|move|p2b: Garganacl|Recover|p2b: Garganacl\n|-heal|p2b: Garganacl|100\/100\n|\n|-damage|p1b: Volbeat|64\/100|[from] Leech Seed|[of] p2a: Trevenant\n|-heal|p2a: Trevenant|70\/100|[silent]\n|-damage|p1a: Sawsbuck|76\/100|[from] Curse\n|upkeep\n|turn|8\n|inactive|UY QUE RICO PAPI has 120 seconds left.\n|\n|t:|1700671790\n|move|p1a: Sawsbuck|Horn Leech|p2b: Garganacl\n|-damage|p2b: Garganacl|95\/100\n|-heal|p1a: Sawsbuck|80\/100|[from] drain|[of] p2b: Garganacl\n|move|p1b: Volbeat|Pounce|p2a: Trevenant\n|-activate|p2a: Trevenant|move: Substitute|[damage]\n|move|p2a: Trevenant|Substitute|p2a: Trevenant\n|-fail|p2a: Trevenant|move: Substitute\n|-end|p2b: Garganacl|confusion\n|move|p2b: Garganacl|Salt Cure|p1a: Sawsbuck\n|-damage|p1a: Sawsbuck|40\/100\n|-start|p1a: Sawsbuck|Salt Cure\n|\n|-damage|p1b: Volbeat|51\/100|[from] Leech Seed|[of] p2a: Trevenant\n|-heal|p2a: Trevenant|81\/100|[silent]\n|-damage|p1a: Sawsbuck|15\/100|[from] Curse\n|-damage|p1a: Sawsbuck|2\/100|[from] Salt Cure\n|-item|p2a: Trevenant|Sitrus Berry|[from] ability: Harvest\n|upkeep\n|turn|9\n|inactive|UY QUE RICO PAPI has 120 seconds left.\n|inactive|Choopi2 has 120 seconds left.\n|\n|t:|1700671836\n|move|p1b: Volbeat|Helping Hand|p1a: Sawsbuck\n|-singleturn|p1a: Sawsbuck|Helping Hand|[of] p1b: Volbeat\n|move|p1a: Sawsbuck|Wild Charge|p2b: Garganacl\n|-damage|p2b: Garganacl|87\/100\n|-damage|p1a: Sawsbuck|0 fnt|[from] Recoil\n|faint|p1a: Sawsbuck\n|move|p2a: Trevenant|Substitute|p2a: Trevenant\n|-fail|p2a: Trevenant|move: Substitute\n|move|p2b: Garganacl|Salt Cure|p1b: Volbeat\n|-supereffective|p1b: Volbeat\n|-damage|p1b: Volbeat|0 fnt\n|faint|p1b: Volbeat\n|\n|-sideend|p2: UY QUE RICO PAPI|Reflect\n|upkeep\n|\n|t:|1700671847\n|switch|p1a: Vaporeon|Vaporeon, F|100\/100\n|switch|p1b: Clefairy|Clefairy, M|100\/100\n|-damage|p1a: Vaporeon|88\/100|[from] Stealth Rock\n|-damage|p1b: Clefairy|88\/100|[from] Stealth Rock\n|turn|10\n|inactive|Choopi2 has 120 seconds left.\n|\n|t:|1700671861\n|move|p1b: Clefairy|Follow Me|p1b: Clefairy\n|-singleturn|p1b: Clefairy|move: Follow Me\n|move|p1a: Vaporeon|Icy Wind|p2a: Trevenant|[spread] p2a,p2b\n|-supereffective|p2a: Trevenant\n|-end|p2a: Trevenant|Substitute\n|-damage|p2b: Garganacl|82\/100\n|-unboost|p2b: Garganacl|spe|1\n|move|p2a: Trevenant|Curse|p1b: Clefairy\n|-start|p1b: Clefairy|Curse|[of] p2a: Trevenant\n|-damage|p2a: Trevenant|31\/100\n|-enditem|p2a: Trevenant|Sitrus Berry|[eat]\n|-heal|p2a: Trevenant|56\/100|[from] item: Sitrus Berry\n|move|p2b: Garganacl|Salt Cure|p1b: Clefairy\n|-damage|p1b: Clefairy|64\/100\n|-start|p1b: Clefairy|Salt Cure\n|\n|-heal|p1a: Vaporeon|94\/100|[from] item: Leftovers\n|-damage|p1b: Clefairy|39\/100|[from] Curse\n|-damage|p1b: Clefairy|26\/100|[from] Salt Cure\n|upkeep\n|turn|11\n|\n|t:|1700671888\n|move|p2a: Trevenant|Protect|p2a: Trevenant\n|-singleturn|p2a: Trevenant|Protect\n|move|p2b: Garganacl|Protect|p2b: Garganacl\n|-singleturn|p2b: Garganacl|Protect\n|move|p1a: Vaporeon|Muddy Water|p2a: Trevenant|[spread] \n|-activate|p2a: Trevenant|move: Protect\n|-activate|p2b: Garganacl|move: Protect\n|move|p1b: Clefairy|Moonblast|p2a: Trevenant\n|-activate|p2a: Trevenant|move: Protect\n|\n|-heal|p1a: Vaporeon|100\/100|[from] item: Leftovers\n|-damage|p1b: Clefairy|1\/100|[from] Curse\n|-damage|p1b: Clefairy|0 fnt|[from] Salt Cure\n|faint|p1b: Clefairy\n|upkeep\n|\n|t:|1700671893\n|switch|p1b: Tandemaus|Tandemaus|100\/100\n|-damage|p1b: Tandemaus|88\/100|[from] Stealth Rock\n|turn|12\n|inactive|UY QUE RICO PAPI has 120 seconds left.\n|\n|t:|1700671924\n|move|p1b: Tandemaus|Bite|p2a: Trevenant\n|-supereffective|p2a: Trevenant\n|-damage|p2a: Trevenant|38\/100\n|move|p1a: Vaporeon|Muddy Water|p2b: Garganacl|[spread] p2a,p2b\n|-resisted|p2a: Trevenant\n|-damage|p2a: Trevenant|23\/100\n|-damage|p2b: Garganacl|70\/100\n|cant|p2a: Trevenant|flinch\n|move|p2b: Garganacl|Salt Cure|p1a: Vaporeon\n|-damage|p1a: Vaporeon|68\/100\n|-start|p1a: Vaporeon|Salt Cure\n|\n|-heal|p1a: Vaporeon|74\/100|[from] item: Leftovers\n|-damage|p1a: Vaporeon|49\/100|[from] Salt Cure\n|-item|p2a: Trevenant|Sitrus Berry|[from] ability: Harvest\n|upkeep\n|-enditem|p2a: Trevenant|Sitrus Berry|[eat]\n|-heal|p2a: Trevenant|48\/100|[from] item: Sitrus Berry\n|turn|13\n|inactive|Choopi2 has 120 seconds left.\n|\n|t:|1700671960\n|move|p2a: Trevenant|Protect|p2a: Trevenant\n|-singleturn|p2a: Trevenant|Protect\n|move|p1b: Tandemaus|Bite|p2a: Trevenant\n|-activate|p2a: Trevenant|move: Protect\n|move|p1a: Vaporeon|Icy Wind|p2b: Garganacl|[spread] p2b\n|-activate|p2a: Trevenant|move: Protect\n|-damage|p2b: Garganacl|65\/100\n|-unboost|p2b: Garganacl|spe|1\n|move|p2b: Garganacl|Salt Cure|p1b: Tandemaus\n|-damage|p1b: Tandemaus|20\/100\n|-start|p1b: Tandemaus|Salt Cure\n|\n|-heal|p1a: Vaporeon|56\/100|[from] item: Leftovers\n|-damage|p1b: Tandemaus|8\/100|[from] Salt Cure\n|-damage|p1a: Vaporeon|31\/100|[from] Salt Cure\n|-item|p2a: Trevenant|Sitrus Berry|[from] ability: Harvest\n|upkeep\n|-enditem|p2a: Trevenant|Sitrus Berry|[eat]\n|-heal|p2a: Trevenant|73\/100|[from] item: Sitrus Berry\n|turn|14\n|\n|t:|1700671986\n|move|p1b: Tandemaus|Bullet Seed|p2b: Garganacl\n|-damage|p2b: Garganacl|64\/100\n|-damage|p2b: Garganacl|62\/100\n|-damage|p2b: Garganacl|61\/100\n|-damage|p2b: Garganacl|59\/100\n|-hitcount|p2b: Garganacl|4\n|move|p1a: Vaporeon|Muddy Water|p2a: Trevenant|[spread] p2a,p2b\n|-resisted|p2a: Trevenant\n|-damage|p2a: Trevenant|60\/100\n|-damage|p2b: Garganacl|49\/100\n|-unboost|p2b: Garganacl|accuracy|1\n|-enditem|p2b: Garganacl|Sitrus Berry|[eat]\n|-heal|p2b: Garganacl|74\/100|[from] item: Sitrus Berry\n|move|p2a: Trevenant|Substitute|p2a: Trevenant\n|-start|p2a: Trevenant|Substitute\n|-damage|p2a: Trevenant|35\/100\n|move|p2b: Garganacl|Recover|p2b: Garganacl\n|-heal|p2b: Garganacl|100\/100\n|\n|-heal|p1a: Vaporeon|37\/100|[from] item: Leftovers\n|-damage|p1b: Tandemaus|0 fnt|[from] Salt Cure\n|faint|p1b: Tandemaus\n|-damage|p1a: Vaporeon|12\/100|[from] Salt Cure\n|upkeep\n|-message|Choopi2 forfeited.\n|\n|win|UY QUE RICO PAPI\n|raw|Choopi2's rating: 1059 &rarr; <strong>1049<\/strong><br \/>(-10 for losing)\n|raw|UY QUE RICO PAPI's rating: 1231 &rarr; <strong>1245<\/strong><br \/>(+14 for winning)\n|l|\u2606Choopi2\n","uploadtime":1700672013,"views":0,"p1id":"choopi2","p2id":"uyquericopapi","formatid":"gen9doublesou","rating":1049,"private":0,"password":""}