{"id":"gen9doublesou-1982175668","p1":"NavyKaso","p2":"finnawin99","format":"[Gen 9] Doubles OU","log":"|j|\u2606NavyKaso\n|j|\u2606finnawin99\n|t:|1698975742\n|gametype|doubles\n|player|p1|NavyKaso|hilbert-wonderlauncher|1089\n|player|p2|finnawin99|1|1000\n|teamsize|p1|6\n|teamsize|p2|6\n|gen|9\n|tier|[Gen 9] Doubles OU\n|rated|\n|rule|Species Clause: Limit one of each Pok\u00e9mon\n|rule|OHKO Clause: OHKO moves are banned\n|rule|Evasion Moves Clause: Evasion moves are banned\n|rule|Gravity Sleep Clause: The combination of sleep-inducing moves with imperfect accuracy and Gravity or Gigantamax Orbeetle are banned\n|rule|Endless Battle Clause: Forcing endless battles is banned\n|rule|HP Percentage Mod: HP is shown in percentages\n|clearpoke\n|poke|p1|Iron Hands|\n|poke|p1|Kommo-o, M|\n|poke|p1|Landorus-Therian, M|\n|poke|p1|Sinistcha-Masterpiece|\n|poke|p1|Clefairy, M|\n|poke|p1|Snorlax, M|\n|poke|p2|Tornadus, M|\n|poke|p2|Bronzong|\n|poke|p2|Iron Bundle|\n|poke|p2|Glimmora, F|\n|poke|p2|Iron Valiant|\n|poke|p2|Ting-Lu|\n|teampreview\n|\n|t:|1698975761\n|start\n|switch|p1a: Landorus|Landorus-Therian, M|100\/100\n|switch|p1b: Snorlax|Snorlax, M|100\/100\n|switch|p2a: Iron Valiant|Iron Valiant|100\/100\n|switch|p2b: Ting-Lu|Ting-Lu|100\/100\n|-ability|p1a: Landorus|Intimidate|boost\n|-unboost|p2a: Iron Valiant|atk|1\n|-unboost|p2b: Ting-Lu|atk|1\n|-ability|p2b: Ting-Lu|Vessel of Ruin\n|-enditem|p2a: Iron Valiant|Booster Energy\n|-activate|p2a: Iron Valiant|ability: Quark Drive|[fromitem]\n|-start|p2a: Iron Valiant|quarkdrivespa\n|turn|1\n|\n|t:|1698975796\n|-terastallize|p1b: Snorlax|Water\n|move|p2a: Iron Valiant|Protect|p2a: Iron Valiant\n|-singleturn|p2a: Iron Valiant|Protect\n|move|p1a: Landorus|U-turn|p2a: Iron Valiant\n|-activate|p2a: Iron Valiant|move: Protect\n|move|p2b: Ting-Lu|Ruination|p1a: Landorus\n|-damage|p1a: Landorus|50\/100\n|move|p1b: Snorlax|Belly Drum|p1b: Snorlax\n|-damage|p1b: Snorlax|50\/100\n|-setboost|p1b: Snorlax|atk|6|[from] move: Belly Drum\n|-enditem|p1b: Snorlax|Sitrus Berry|[eat]\n|-heal|p1b: Snorlax|75\/100|[from] item: Sitrus Berry\n|\n|upkeep\n|turn|2\n|\n|t:|1698975842\n|move|p1b: Snorlax|Protect|p1b: Snorlax\n|-singleturn|p1b: Snorlax|Protect\n|move|p1a: Landorus|U-turn|p2a: Iron Valiant\n|-resisted|p2a: Iron Valiant\n|-damage|p2a: Iron Valiant|93\/100\n|\n|t:|1698975848\n|switch|p1a: Sinistcha|Sinistcha-Masterpiece|100\/100|[from] U-turn\n|-heal|p1b: Snorlax|99\/100|[from] ability: Hospitality|[of] p1a: Sinistcha\n|move|p2a: Iron Valiant|Aura Sphere|p1b: Snorlax\n|-activate|p1b: Snorlax|move: Protect\n|move|p2b: Ting-Lu|Ruination|p1b: Snorlax\n|-activate|p1b: Snorlax|move: Protect\n|\n|upkeep\n|turn|3\n|\n|t:|1698975892\n|move|p1a: Sinistcha|Rage Powder|p1a: Sinistcha\n|-singleturn|p1a: Sinistcha|move: Rage Powder\n|move|p2a: Iron Valiant|Aura Sphere|p1a: Sinistcha\n|-immune|p1a: Sinistcha\n|move|p2b: Ting-Lu|Ruination|p1a: Sinistcha\n|-damage|p1a: Sinistcha|50\/100\n|move|p1b: Snorlax|Facade|p2a: Iron Valiant\n|-damage|p2a: Iron Valiant|0 fnt\n|faint|p2a: Iron Valiant\n|-end|p2a: Iron Valiant|Quark Drive|[silent]\n|\n|upkeep\n|\n|t:|1698975906\n|switch|p2a: Iron Bundle|Iron Bundle|100\/100\n|-enditem|p2a: Iron Bundle|Booster Energy\n|-activate|p2a: Iron Bundle|ability: Quark Drive|[fromitem]\n|-start|p2a: Iron Bundle|quarkdrivespa\n|turn|4\n|\n|t:|1698975942\n|-terastallize|p2a: Iron Bundle|Ice\n|move|p1b: Snorlax|Protect|p1b: Snorlax\n|-singleturn|p1b: Snorlax|Protect\n|move|p2a: Iron Bundle|Icy Wind|p1a: Sinistcha|[spread] p1a\n|-activate|p1b: Snorlax|move: Protect\n|-supereffective|p1a: Sinistcha\n|-damage|p1a: Sinistcha|0 fnt\n|faint|p1a: Sinistcha\n|move|p2b: Ting-Lu|Ruination|p1b: Snorlax\n|-activate|p1b: Snorlax|move: Protect\n|\n|upkeep\n|\n|t:|1698975960\n|switch|p1a: Iron Hands|Iron Hands|100\/100\n|turn|5\n|\n|t:|1698976003\n|move|p1a: Iron Hands|Fake Out|p2b: Ting-Lu\n|-damage|p2b: Ting-Lu|93\/100\n|move|p2a: Iron Bundle|Freeze-Dry|p1b: Snorlax\n|-supereffective|p1b: Snorlax\n|-damage|p1b: Snorlax|71\/100\n|cant|p2b: Ting-Lu|flinch\n|move|p1b: Snorlax|Facade|p2a: Iron Bundle\n|-damage|p2a: Iron Bundle|0 fnt\n|faint|p2a: Iron Bundle\n|-end|p2a: Iron Bundle|Quark Drive|[silent]\n|\n|upkeep\n|\n|t:|1698976019\n|switch|p2a: Glimmora|Glimmora, F|100\/100\n|turn|6\n|\n|t:|1698976041\n|move|p2a: Glimmora|Mortal Spin|p1b: Snorlax|[spread] p1a,p1b\n|-damage|p1a: Iron Hands|97\/100\n|-damage|p1b: Snorlax|68\/100\n|-status|p1a: Iron Hands|psn\n|-status|p1b: Snorlax|psn\n|move|p1a: Iron Hands|Drain Punch|p2b: Ting-Lu\n|-supereffective|p2b: Ting-Lu\n|-damage|p2b: Ting-Lu|51\/100\n|-heal|p1a: Iron Hands|100\/100 psn|[from] drain|[of] p2b: Ting-Lu\n|move|p2b: Ting-Lu|Ruination|p1a: Iron Hands\n|-damage|p1a: Iron Hands|50\/100 psn\n|move|p1b: Snorlax|High Horsepower|p2a: Glimmora\n|-supereffective|p2a: Glimmora\n|-damage|p2a: Glimmora|0 fnt\n|-activate|p2a: Glimmora|ability: Toxic Debris\n|-sidestart|p1: NavyKaso|move: Toxic Spikes\n|faint|p2a: Glimmora\n|\n|-damage|p1a: Iron Hands|38\/100 psn|[from] psn\n|-damage|p1b: Snorlax|55\/100 psn|[from] psn\n|upkeep\n|\n|t:|1698976065\n|switch|p2a: Tornadus|Tornadus, M|100\/100\n|turn|7\n|\n|t:|1698976076\n|-end|p1a: Iron Hands|Quark Drive|[silent]\n|switch|p1a: Landorus|Landorus-Therian, M|50\/100\n|-ability|p1a: Landorus|Intimidate|boost\n|-unboost|p2a: Tornadus|atk|1\n|-unboost|p2b: Ting-Lu|atk|1\n|move|p2a: Tornadus|Protect|p2a: Tornadus\n|-singleturn|p2a: Tornadus|Protect\n|move|p2b: Ting-Lu|Ruination|p1a: Landorus\n|-damage|p1a: Landorus|25\/100\n|move|p1b: Snorlax|Facade|p2a: Tornadus\n|-activate|p2a: Tornadus|move: Protect\n|\n|-damage|p1b: Snorlax|43\/100 psn|[from] psn\n|upkeep\n|turn|8\n|\n|t:|1698976095\n|switch|p2a: Bronzong|Bronzong|100\/100\n|move|p1a: Landorus|Rock Slide|p2b: Ting-Lu|[spread] p2a,p2b\n|-resisted|p2a: Bronzong\n|-resisted|p2b: Ting-Lu\n|-damage|p2a: Bronzong|92\/100\n|-damage|p2b: Ting-Lu|46\/100\n|move|p2b: Ting-Lu|Ruination|p1b: Snorlax\n|-damage|p1b: Snorlax|22\/100 psn\n|move|p1b: Snorlax|Facade|p2a: Bronzong\n|-resisted|p2a: Bronzong\n|-damage|p2a: Bronzong|5\/100\n|\n|-heal|p2a: Bronzong|11\/100|[from] item: Leftovers\n|-damage|p1b: Snorlax|9\/100 psn|[from] psn\n|upkeep\n|turn|9\n|\n|t:|1698976133\n|move|p1a: Landorus|Rock Slide|p2b: Ting-Lu|[spread] p2b\n|-miss|p1a: Landorus|p2a: Bronzong\n|-resisted|p2b: Ting-Lu\n|-damage|p2b: Ting-Lu|39\/100\n|cant|p2b: Ting-Lu|flinch\n|move|p1b: Snorlax|Facade|p2b: Ting-Lu\n|-damage|p2b: Ting-Lu|0 fnt\n|faint|p2b: Ting-Lu\n|move|p2a: Bronzong|Gyro Ball|p1a: Landorus\n|-crit|p1a: Landorus\n|-damage|p1a: Landorus|0 fnt\n|faint|p1a: Landorus\n|\n|-heal|p2a: Bronzong|18\/100|[from] item: Leftovers\n|-damage|p1b: Snorlax|0 fnt|[from] psn\n|faint|p1b: Snorlax\n|upkeep\n|\n|t:|1698976149\n|switch|p1a: Kommo-o|Kommo-o, M|100\/100\n|switch|p2b: Tornadus|Tornadus, M|100\/100\n|switch|p1b: Clefairy|Clefairy, M|100\/100\n|-status|p1a: Kommo-o|psn\n|-status|p1b: Clefairy|psn\n|turn|10\n|\n|t:|1698976160\n|move|p2b: Tornadus|Protect|p2b: Tornadus\n|-singleturn|p2b: Tornadus|Protect\n|move|p1b: Clefairy|Helping Hand|p1a: Kommo-o\n|-singleturn|p1a: Kommo-o|Helping Hand|[of] p1b: Clefairy\n|move|p1a: Kommo-o|Clanging Scales|p2a: Bronzong|[spread] p2a\n|-activate|p2b: Tornadus|move: Protect\n|-resisted|p2a: Bronzong\n|-damage|p2a: Bronzong|2\/100\n|-unboost|p1a: Kommo-o|def|1\n|-enditem|p1a: Kommo-o|Throat Spray\n|-boost|p1a: Kommo-o|spa|1|[from] item: Throat Spray\n|move|p2a: Bronzong|Rain Dance|p2a: Bronzong\n|-weather|RainDance\n|\n|-weather|RainDance|[upkeep]\n|-heal|p2a: Bronzong|8\/100|[from] item: Leftovers\n|-damage|p1a: Kommo-o|88\/100 psn|[from] psn\n|-damage|p1b: Clefairy|88\/100 psn|[from] psn\n|upkeep\n|turn|11\n|\n|t:|1698976196\n|move|p1b: Clefairy|Follow Me|p1b: Clefairy\n|-singleturn|p1b: Clefairy|move: Follow Me\n|move|p2b: Tornadus|Bleakwind Storm|p1b: Clefairy|[spread] p1a,p1b\n|-supereffective|p1a: Kommo-o\n|-damage|p1a: Kommo-o|33\/100 psn\n|-damage|p1b: Clefairy|58\/100 psn\n|move|p1a: Kommo-o|Clangorous Soul||[still]\n|-fail|p1a: Kommo-o\n|move|p2a: Bronzong|Gyro Ball|p1b: Clefairy\n|-supereffective|p1b: Clefairy\n|-damage|p1b: Clefairy|34\/100 psn\n|\n|-weather|RainDance|[upkeep]\n|-heal|p2a: Bronzong|14\/100|[from] item: Leftovers\n|-damage|p1a: Kommo-o|21\/100 psn|[from] psn\n|-damage|p1b: Clefairy|21\/100 psn|[from] psn\n|upkeep\n|turn|12\n|\n|t:|1698976236\n|move|p2b: Tornadus|Bleakwind Storm|p1a: Kommo-o|[spread] p1a,p1b\n|-supereffective|p1a: Kommo-o\n|-damage|p1a: Kommo-o|0 fnt\n|-damage|p1b: Clefairy|0 fnt\n|faint|p1a: Kommo-o\n|faint|p1b: Clefairy\n|move|p2a: Bronzong|Gyro Ball|p1: Kommo-o|[notarget]\n|-fail|p2a: Bronzong\n|\n|-weather|RainDance|[upkeep]\n|-heal|p2a: Bronzong|20\/100|[from] item: Leftovers\n|upkeep\n|\n|t:|1698976241\n|switch|p1b: Iron Hands|Iron Hands|38\/100 psn\n|turn|13\n|\n|t:|1698976268\n|move|p2b: Tornadus|Protect|p2b: Tornadus\n|-singleturn|p2b: Tornadus|Protect\n|move|p1b: Iron Hands|Fake Out|p2b: Tornadus\n|-activate|p2b: Tornadus|move: Protect\n|move|p2a: Bronzong|Body Press|p1b: Iron Hands\n|-damage|p1b: Iron Hands|19\/100 psn\n|\n|-weather|RainDance|[upkeep]\n|-heal|p2a: Bronzong|27\/100|[from] item: Leftovers\n|-damage|p1b: Iron Hands|7\/100 psn|[from] psn\n|upkeep\n|turn|14\n|\n|t:|1698976280\n|move|p2b: Tornadus|Bleakwind Storm|p1b: Iron Hands\n|-damage|p1b: Iron Hands|0 fnt\n|faint|p1b: Iron Hands\n|-end|p1b: Iron Hands|Quark Drive|[silent]\n|\n|win|finnawin99\n|raw|NavyKaso's rating: 1089 &rarr; <strong>1060<\/strong><br \/>(-29 for losing)\n|raw|finnawin99's rating: 1000 &rarr; <strong>1050<\/strong><br \/>(+50 for winning)\n|c|\u2606NavyKaso|gg\n|l|\u2606NavyKaso\n|c|\u2606finnawin99|gg\n","uploadtime":1698976287,"views":23,"p1id":"navykaso","p2id":"finnawin99","formatid":"gen9doublesou","rating":1050,"private":0,"password":""}