{"id":"gen9doublesou-1999677982","p1":"SpiderOmar","p2":"galobalob","format":"[Gen 9] Doubles OU","log":"|j|\u2606SpiderOmar\n|j|\u2606galobalob\n|t:|1701107035\n|gametype|doubles\n|player|p1|SpiderOmar|riley|1229\n|player|p2|galobalob|1|1298\n|teamsize|p1|6\n|teamsize|p2|6\n|gen|9\n|tier|[Gen 9] Doubles OU\n|rated|\n|rule|Species Clause: Limit one of each Pok\u00e9mon\n|rule|OHKO Clause: OHKO moves are banned\n|rule|Evasion Moves Clause: Evasion moves are banned\n|rule|Gravity Sleep Clause: The combination of sleep-inducing moves with imperfect accuracy and Gravity or Gigantamax Orbeetle are banned\n|rule|Endless Battle Clause: Forcing endless battles is banned\n|rule|HP Percentage Mod: HP is shown in percentages\n|clearpoke\n|poke|p1|Okidogi, M|\n|poke|p1|Flutter Mane|\n|poke|p1|Ogerpon-Hearthflame, F|\n|poke|p1|Ursaluna-Bloodmoon, M|\n|poke|p1|Amoonguss, F|\n|poke|p1|Torkoal, F|\n|poke|p2|Tornadus, M|\n|poke|p2|Arcanine-Hisui, M|\n|poke|p2|Landorus-Therian, M|\n|poke|p2|Farigiraf, F|\n|poke|p2|Iron Hands|\n|poke|p2|Sinistcha|\n|teampreview\n|inactive|Battle timer is ON: inactive players will automatically lose when time's up. (requested by galobalob)\n|inactive|SpiderOmar has 120 seconds left.\n|\n|t:|1701107083\n|start\n|switch|p1a: Flutter Mane|Flutter Mane|100\/100\n|switch|p1b: Okidogi|Okidogi, M|100\/100\n|switch|p2a: Tornadus|Tornadus, M|100\/100\n|switch|p2b: Arcanine|Arcanine-Hisui, M|100\/100\n|-ability|p2b: Arcanine|Intimidate|boost\n|-unboost|p1a: Flutter Mane|atk|1\n|-ability|p1b: Okidogi|Guard Dog|boost\n|-boost|p1b: Okidogi|atk|1\n|turn|1\n|\n|t:|1701107101\n|move|p2a: Tornadus|Tailwind|p2a: Tornadus\n|-sidestart|p2: galobalob|move: Tailwind\n|move|p2b: Arcanine|Rock Slide|p1b: Okidogi|[spread] p1a,p1b\n|-resisted|p1b: Okidogi\n|-damage|p1a: Flutter Mane|66\/100\n|-damage|p1b: Okidogi|89\/100\n|move|p1b: Okidogi|Drain Punch|p2b: Arcanine\n|-supereffective|p2b: Arcanine\n|-damage|p2b: Arcanine|0 fnt\n|-heal|p1b: Okidogi|100\/100|[from] drain|[of] p2b: Arcanine\n|faint|p2b: Arcanine\n|move|p1a: Flutter Mane|Trick Room|p1a: Flutter Mane\n|-fieldstart|move: Trick Room|[of] p1a: Flutter Mane\n|\n|upkeep\n|\n|t:|1701107112\n|switch|p2b: Farigiraf|Farigiraf, F|100\/100\n|turn|2\n|\n|t:|1701107132\n|move|p1b: Okidogi|Knock Off|p2b: Farigiraf\n|-supereffective|p2b: Farigiraf\n|-damage|p2b: Farigiraf|0 fnt\n|-enditem|p2b: Farigiraf|Sitrus Berry|[from] move: Knock Off|[of] p1b: Okidogi\n|faint|p2b: Farigiraf\n|move|p1a: Flutter Mane|Imprison|p1a: Flutter Mane\n|-start|p1a: Flutter Mane|move: Imprison\n|move|p2a: Tornadus|Bleakwind Storm|p1a: Flutter Mane|[spread] p1a,p1b\n|-supereffective|p1b: Okidogi\n|-damage|p1a: Flutter Mane|33\/100\n|-damage|p1b: Okidogi|50\/100\n|-enditem|p1a: Flutter Mane|Sitrus Berry|[eat]\n|-heal|p1a: Flutter Mane|58\/100|[from] item: Sitrus Berry\n|\n|upkeep\n|\n|t:|1701107146\n|switch|p2b: Iron Hands|Iron Hands|100\/100\n|turn|3\n|\n|t:|1701107154\n|move|p2b: Iron Hands|Fake Out|p1b: Okidogi\n|-damage|p1b: Okidogi|38\/100\n|cant|p1b: Okidogi|flinch\n|move|p1a: Flutter Mane|Moonblast|p2b: Iron Hands\n|-supereffective|p2b: Iron Hands\n|-damage|p2b: Iron Hands|31\/100\n|move|p2a: Tornadus|Bleakwind Storm|p1b: Okidogi|[spread] p1b\n|-miss|p2a: Tornadus|p1a: Flutter Mane\n|-supereffective|p1b: Okidogi\n|-damage|p1b: Okidogi|0 fnt\n|faint|p1b: Okidogi\n|\n|upkeep\n|\n|t:|1701107161\n|switch|p1b: Torkoal|Torkoal, F|100\/100\n|-weather|SunnyDay|[from] ability: Drought|[of] p1b: Torkoal\n|-activate|p1a: Flutter Mane|ability: Protosynthesis\n|-start|p1a: Flutter Mane|protosynthesisspe\n|turn|4\n|j| Noobboyhj\n|inactive|galobalob has 120 seconds left.\n|\n|t:|1701107194\n|-end|p2b: Iron Hands|Quark Drive|[silent]\n|switch|p2b: Landorus|Landorus-Therian, M|100\/100\n|-ability|p2b: Landorus|Intimidate|boost\n|-unboost|p1a: Flutter Mane|atk|1\n|-unboost|p1b: Torkoal|atk|1\n|-end|p1a: Flutter Mane|Protosynthesis|[silent]\n|switch|p1a: Ursaluna|Ursaluna-Bloodmoon, M|100\/100\n|move|p1b: Torkoal|Eruption|p2b: Landorus|[spread] p2a,p2b\n|-damage|p2a: Tornadus|0 fnt\n|-damage|p2b: Landorus|10\/100\n|faint|p2a: Tornadus\n|\n|-weather|SunnyDay|[upkeep]\n|-heal|p2b: Landorus|17\/100|[from] item: Leftovers\n|-sideend|p2: galobalob|move: Tailwind\n|upkeep\n|inactive|galobalob has 120 seconds left.\n|\n|t:|1701107212\n|switch|p2a: Sinistcha|Sinistcha|100\/100\n|-heal|p2b: Landorus|42\/100|[from] ability: Hospitality|[of] p2a: Sinistcha\n|turn|5\n|inactive|galobalob has 120 seconds left.\n|\n|t:|1701107237\n|move|p2a: Sinistcha|Protect|p2a: Sinistcha\n|-singleturn|p2a: Sinistcha|Protect\n|move|p1b: Torkoal|Eruption|p2b: Landorus|[spread] p2b\n|-activate|p2a: Sinistcha|move: Protect\n|-damage|p2b: Landorus|0 fnt\n|faint|p2b: Landorus\n|move|p1a: Ursaluna|Calm Mind|p1a: Ursaluna\n|-boost|p1a: Ursaluna|spa|1\n|-boost|p1a: Ursaluna|spd|1\n|\n|-weather|SunnyDay|[upkeep]\n|-fieldend|move: Trick Room\n|upkeep\n|l| Noobboyhj\n|\n|t:|1701107247\n|switch|p2b: Iron Hands|Iron Hands|31\/100\n|turn|6\n|inactive|galobalob has 120 seconds left.\n|\n|t:|1701107272\n|-terastallize|p2b: Iron Hands|Water\n|move|p2b: Iron Hands|Fake Out|p1b: Torkoal\n|-damage|p1b: Torkoal|88\/100\n|move|p2a: Sinistcha|Matcha Gotcha|p1b: Torkoal|[spread] p1a,p1b\n|-supereffective|p1a: Ursaluna\n|-resisted|p1b: Torkoal\n|-damage|p1a: Ursaluna|60\/100\n|-damage|p1b: Torkoal|69\/100\n|-status|p1a: Ursaluna|brn\n|move|p1a: Ursaluna|Earth Power|p2b: Iron Hands\n|-damage|p2b: Iron Hands|0 fnt\n|faint|p2b: Iron Hands\n|-end|p2b: Iron Hands|Quark Drive|[silent]\n|cant|p1b: Torkoal|flinch\n|\n|-weather|SunnyDay|[upkeep]\n|-heal|p1b: Torkoal|75\/100|[from] item: Leftovers\n|-damage|p1a: Ursaluna|54\/100 brn|[from] brn\n|upkeep\n|turn|7\n|inactive|galobalob has 120 seconds left.\n|inactive|SpiderOmar has 120 seconds left.\n|\n|t:|1701107303\n|-terastallize|p1a: Ursaluna|Fairy\n|move|p2a: Sinistcha|Matcha Gotcha|p1a: Ursaluna|[spread] p1a,p1b\n|-resisted|p1b: Torkoal\n|-damage|p1a: Ursaluna|36\/100 brn\n|-damage|p1b: Torkoal|56\/100\n|-enditem|p1a: Ursaluna|Sitrus Berry|[eat]\n|-heal|p1a: Ursaluna|60\/100 brn|[from] item: Sitrus Berry\n|move|p1a: Ursaluna|Tera Blast|p2a: Sinistcha|[anim] Tera Blast Fairy\n|-damage|p2a: Sinistcha|27\/100\n|-enditem|p2a: Sinistcha|Sitrus Berry|[eat]\n|-heal|p2a: Sinistcha|52\/100|[from] item: Sitrus Berry\n|move|p1b: Torkoal|Heat Wave|p2a: Sinistcha\n|-supereffective|p2a: Sinistcha\n|-damage|p2a: Sinistcha|0 fnt\n|faint|p2a: Sinistcha\n|\n|win|SpiderOmar\n|raw|SpiderOmar's rating: 1229 &rarr; <strong>1259<\/strong><br \/>(+30 for winning)\n|raw|galobalob's rating: 1298 &rarr; <strong>1268<\/strong><br \/>(-30 for losing)\n|l|\u2606galobalob\n|l|\u2606SpiderOmar\n|j| Noobboyhj\n","uploadtime":1701107350,"views":20,"p1id":"spideromar","p2id":"galobalob","formatid":"gen9doublesou","rating":1259,"private":0,"password":""}