{"id":"gen9doublesou-1980179522","p1":"agerdam","p2":"Trickroom4dumies","format":"[Gen 9] Doubles OU","log":"|j|\u2606agerdam\n|j|\u2606Trickroom4dumies\n|t:|1698764123\n|gametype|doubles\n|player|p1|agerdam|lucas|1750\n|player|p2|Trickroom4dumies|hexmaniac-gen3|1673\n|teamsize|p1|6\n|teamsize|p2|6\n|gen|9\n|tier|[Gen 9] Doubles OU\n|rated|\n|rule|Species Clause: Limit one of each Pok\u00e9mon\n|rule|OHKO Clause: OHKO moves are banned\n|rule|Evasion Moves Clause: Evasion moves are banned\n|rule|Gravity Sleep Clause: The combination of sleep-inducing moves with imperfect accuracy and Gravity or Gigantamax Orbeetle are banned\n|rule|Endless Battle Clause: Forcing endless battles is banned\n|rule|HP Percentage Mod: HP is shown in percentages\n|clearpoke\n|poke|p1|Goodra-Hisui, F|\n|poke|p1|Ting-Lu|\n|poke|p1|Cresselia, F|\n|poke|p1|Landorus-Therian, M|\n|poke|p1|Sinistcha-Masterpiece|\n|poke|p1|Diancie|\n|poke|p2|Ursaluna, F|\n|poke|p2|Diancie|\n|poke|p2|Regidrago|\n|poke|p2|Cresselia, F|\n|poke|p2|Ceruledge, M|\n|poke|p2|Ogerpon-Wellspring, F|\n|teampreview\n|\n|t:|1698764141\n|start\n|switch|p1a: Landorus|Landorus-Therian, M|100\/100\n|switch|p1b: Goodra|Goodra-Hisui, F|100\/100\n|switch|p2a: Regidrago|Regidrago, shiny|100\/100\n|switch|p2b: Ogerpon|Ogerpon-Wellspring, F|100\/100\n|-ability|p1a: Landorus|Intimidate|boost\n|-unboost|p2a: Regidrago|atk|1\n|-unboost|p2b: Ogerpon|atk|1\n|turn|1\n|\n|t:|1698764153\n|move|p1a: Landorus|U-turn|p2a: Regidrago\n|-damage|p2a: Regidrago|75\/100\n|\n|t:|1698764157\n|switch|p1a: Sinistcha|Sinistcha-Masterpiece|100\/100|[from] U-turn\n|move|p2b: Ogerpon|Ivy Cudgel|p1a: Sinistcha\n|-resisted|p1a: Sinistcha\n|-damage|p1a: Sinistcha|87\/100\n|move|p2a: Regidrago|Dragon Energy|p1b: Goodra|[spread] p1a,p1b\n|-damage|p1a: Sinistcha|9\/100\n|-damage|p1b: Goodra|67\/100\n|move|p1b: Goodra|Dragon Tail|p2a: Regidrago\n|-supereffective|p2a: Regidrago\n|-damage|p2a: Regidrago|41\/100\n|drag|p2a: Ursaluna|Ursaluna, F, shiny|100\/100\n|\n|-heal|p1a: Sinistcha|15\/100|[from] item: Leftovers\n|-heal|p1b: Goodra|73\/100|[from] item: Leftovers\n|-status|p2a: Ursaluna|brn|[from] item: Flame Orb\n|upkeep\n|turn|2\n|\n|t:|1698764179\n|switch|p1b: Landorus|Landorus-Therian, M|100\/100\n|-ability|p1b: Landorus|Intimidate|boost\n|-unboost|p2a: Ursaluna|atk|1\n|-unboost|p2b: Ogerpon|atk|1\n|move|p2b: Ogerpon|Ivy Cudgel|p1a: Sinistcha\n|-resisted|p1a: Sinistcha\n|-crit|p1a: Sinistcha\n|-damage|p1a: Sinistcha|0 fnt\n|faint|p1a: Sinistcha\n|move|p2a: Ursaluna|Headlong Rush|p1b: Landorus\n|-immune|p1b: Landorus\n|\n|-damage|p2a: Ursaluna|94\/100 brn|[from] brn\n|upkeep\n|\n|t:|1698764189\n|switch|p1a: Cresselia|Cresselia, F|100\/100\n|turn|3\n|inactive|Battle timer is ON: inactive players will automatically lose when time's up. (requested by agerdam)\n|\n|t:|1698764212\n|move|p1b: Landorus|U-turn|p2b: Ogerpon\n|-supereffective|p2b: Ogerpon\n|-damage|p2b: Ogerpon|30\/100\n|\n|t:|1698764219\n|switch|p1b: Diancie|Diancie|100\/100|[from] U-turn\n|move|p2b: Ogerpon|Ivy Cudgel|p1b: Diancie\n|-supereffective|p1b: Diancie\n|-damage|p1b: Diancie|58\/100\n|move|p1a: Cresselia|Calm Mind|p1a: Cresselia\n|-boost|p1a: Cresselia|spa|1\n|-boost|p1a: Cresselia|spd|1\n|move|p2a: Ursaluna|Facade|p1b: Diancie\n|-resisted|p1b: Diancie\n|-damage|p1b: Diancie|25\/100\n|\n|-heal|p1b: Diancie|31\/100|[from] item: Leftovers\n|-damage|p2a: Ursaluna|88\/100 brn|[from] brn\n|upkeep\n|turn|4\n|\n|t:|1698764236\n|-terastallize|p1b: Diancie|Water\n|move|p2b: Ogerpon|Ivy Cudgel|p1b: Diancie\n|-resisted|p1b: Diancie\n|-damage|p1b: Diancie|19\/100\n|move|p1a: Cresselia|Calm Mind|p1a: Cresselia\n|-boost|p1a: Cresselia|spa|1\n|-boost|p1a: Cresselia|spd|1\n|move|p1b: Diancie|Body Press|p2a: Ursaluna\n|-supereffective|p2a: Ursaluna\n|-damage|p2a: Ursaluna|54\/100 brn\n|move|p2a: Ursaluna|Facade|p1a: Cresselia\n|-damage|p1a: Cresselia|56\/100\n|\n|-heal|p1a: Cresselia|62\/100|[from] item: Leftovers\n|-heal|p1b: Diancie|25\/100|[from] item: Leftovers\n|-damage|p2a: Ursaluna|48\/100 brn|[from] brn\n|upkeep\n|turn|5\n|inactive|Trickroom4dumies has 120 seconds left.\n|\n|t:|1698764282\n|switch|p2a: Cresselia|Cresselia, F, shiny|100\/100\n|move|p2b: Ogerpon|Horn Leech|p1b: Diancie\n|-supereffective|p1b: Diancie\n|-damage|p1b: Diancie|0 fnt\n|-heal|p2b: Ogerpon|42\/100|[from] drain|[of] p1b: Diancie\n|faint|p1b: Diancie\n|move|p1a: Cresselia|Lunar Blessing|p1a: Cresselia\n|-heal|p1a: Cresselia|87\/100\n|\n|-heal|p1a: Cresselia|94\/100|[from] item: Leftovers\n|upkeep\n|inactive|agerdam has 120 seconds left.\n|\n|t:|1698764334\n|switch|p1b: Landorus|Landorus-Therian, M|100\/100\n|-ability|p1b: Landorus|Intimidate|boost\n|-unboost|p2a: Cresselia|atk|1\n|-unboost|p2b: Ogerpon|atk|1\n|turn|6\n|\n|t:|1698764344\n|switch|p2b: Diancie|Diancie, shiny|100\/100\n|move|p1b: Landorus|U-turn|p2b: Diancie\n|-resisted|p2b: Diancie\n|-crit|p2b: Diancie\n|-damage|p2b: Diancie|82\/100\n|\n|t:|1698764350\n|switch|p1b: Ting-Lu|Ting-Lu|100\/100|[from] U-turn\n|-ability|p1b: Ting-Lu|Vessel of Ruin\n|move|p1a: Cresselia|Calm Mind|p1a: Cresselia\n|-boost|p1a: Cresselia|spa|1\n|-boost|p1a: Cresselia|spd|1\n|move|p2a: Cresselia|Trick Room|p2a: Cresselia\n|-fieldstart|move: Trick Room|[of] p2a: Cresselia\n|\n|-heal|p1a: Cresselia|99\/100|[from] item: Leftovers\n|upkeep\n|turn|7\n|inactive|Trickroom4dumies has 120 seconds left.\n|\n|t:|1698764392\n|move|p2a: Cresselia|Helping Hand|p2b: Diancie\n|-singleturn|p2b: Diancie|Helping Hand|[of] p2a: Cresselia\n|move|p2b: Diancie|Diamond Storm|p1a: Cresselia|[spread] p1a,p1b\n|-resisted|p1b: Ting-Lu\n|-damage|p1a: Cresselia|73\/100\n|-damage|p1b: Ting-Lu|86\/100\n|-boost|p2b: Diancie|def|2\n|move|p1b: Ting-Lu|Stealth Rock|p2a: Cresselia\n|-sidestart|p2: Trickroom4dumies|move: Stealth Rock\n|move|p1a: Cresselia|Stored Power|p2b: Diancie\n|-damage|p2b: Diancie|26\/100\n|\n|-heal|p1b: Ting-Lu|92\/100|[from] item: Leftovers\n|-heal|p1a: Cresselia|79\/100|[from] item: Leftovers\n|upkeep\n|turn|8\n|j| Goku_solos164\n|l| Goku_solos164\n|inactive|Trickroom4dumies has 120 seconds left.\n|\n|t:|1698764409\n|move|p2a: Cresselia|Helping Hand|p2b: Diancie\n|-singleturn|p2b: Diancie|Helping Hand|[of] p2a: Cresselia\n|move|p2b: Diancie|Body Press|p1b: Ting-Lu\n|-supereffective|p1b: Ting-Lu\n|-damage|p1b: Ting-Lu|0 fnt\n|faint|p1b: Ting-Lu\n|move|p1a: Cresselia|Stored Power|p2b: Diancie\n|-damage|p2b: Diancie|0 fnt\n|faint|p2b: Diancie\n|\n|-heal|p1a: Cresselia|85\/100|[from] item: Leftovers\n|upkeep\n|\n|t:|1698764418\n|switch|p2b: Ursaluna|Ursaluna, F, shiny|48\/100 brn\n|switch|p1b: Landorus|Landorus-Therian, M|100\/100\n|-damage|p2b: Ursaluna|42\/100 brn|[from] Stealth Rock\n|-ability|p1b: Landorus|Intimidate|boost\n|-unboost|p2a: Cresselia|atk|1\n|-unboost|p2b: Ursaluna|atk|1\n|turn|9\n|\n|t:|1698764434\n|move|p2a: Cresselia|Helping Hand|p2b: Ursaluna\n|-singleturn|p2b: Ursaluna|Helping Hand|[of] p2a: Cresselia\n|move|p2b: Ursaluna|Facade|p1a: Cresselia\n|-damage|p1a: Cresselia|16\/100\n|move|p1a: Cresselia|Lunar Blessing|p1a: Cresselia|[spread] p1a,p1b\n|-heal|p1a: Cresselia|41\/100\n|move|p1b: Landorus|Stomping Tantrum|p2b: Ursaluna\n|-damage|p2b: Ursaluna|7\/100 brn\n|\n|-heal|p1a: Cresselia|47\/100|[from] item: Leftovers\n|-damage|p2b: Ursaluna|1\/100 brn|[from] brn\n|upkeep\n|turn|10\n|inactive|Trickroom4dumies has 120 seconds left.\n|\n|t:|1698764491\n|switch|p1a: Goodra|Goodra-Hisui, F|73\/100\n|move|p2a: Cresselia|Helping Hand|p2b: Ursaluna\n|-singleturn|p2b: Ursaluna|Helping Hand|[of] p2a: Cresselia\n|move|p2b: Ursaluna|Facade|p1a: Goodra\n|-resisted|p1a: Goodra\n|-damage|p1a: Goodra|18\/100\n|move|p1b: Landorus|Stomping Tantrum|p2b: Ursaluna\n|-damage|p2b: Ursaluna|0 fnt\n|faint|p2b: Ursaluna\n|\n|-heal|p1a: Goodra|24\/100|[from] item: Leftovers\n|-fieldend|move: Trick Room\n|upkeep\n|\n|t:|1698764496\n|switch|p2b: Ceruledge|Ceruledge, M|100\/100\n|-damage|p2b: Ceruledge|75\/100|[from] Stealth Rock\n|turn|11\n|\n|t:|1698764512\n|switch|p1a: Cresselia|Cresselia, F|47\/100\n|-terastallize|p2b: Ceruledge|Grass\n|move|p2a: Cresselia|Helping Hand|p2b: Ceruledge\n|-singleturn|p2b: Ceruledge|Helping Hand|[of] p2a: Cresselia\n|move|p1b: Landorus|Stomping Tantrum|p2b: Ceruledge\n|-resisted|p2b: Ceruledge\n|-damage|p2b: Ceruledge|47\/100\n|-enditem|p2b: Ceruledge|Sitrus Berry|[eat]\n|-heal|p2b: Ceruledge|72\/100|[from] item: Sitrus Berry\n|move|p2b: Ceruledge|Bitter Blade|p1a: Cresselia\n|-damage|p1a: Cresselia|10\/100\n|-heal|p2b: Ceruledge|96\/100|[from] drain|[of] p1a: Cresselia\n|\n|-heal|p1a: Cresselia|16\/100|[from] item: Leftovers\n|upkeep\n|turn|12\n|inactive|Trickroom4dumies has 120 seconds left.\n|-message|agerdam forfeited.\n|\n|win|Trickroom4dumies\n|raw|agerdam's rating: 1750 &rarr; <strong>1726<\/strong><br \/>(-24 for losing)\n|raw|Trickroom4dumies's rating: 1673 &rarr; <strong>1697<\/strong><br \/>(+24 for winning)\n|l|\u2606agerdam\n","uploadtime":1698764558,"views":25,"p1id":"agerdam","p2id":"trickroom4dumies","formatid":"gen9doublesou","rating":1697,"private":0,"password":""}