{"id":"gen9doublesou-1998092910","p1":"brockpewtercitygym","p2":"Random Brony","format":"[Gen 9] Doubles OU","log":"|j|\u2606brockpewtercitygym\n|j|\u2606Random Brony\n|inactive|Battle timer is ON: inactive players will automatically lose when time's up.\n|t:|1700890072\n|gametype|doubles\n|player|p1|brockpewtercitygym|brock|\n|player|p2|Random Brony|rocketgrunt|\n|teamsize|p1|6\n|teamsize|p2|6\n|gen|9\n|tier|[Gen 9] Doubles OU\n|rated|Tournament battle\n|rule|Species Clause: Limit one of each Pok\u00e9mon\n|rule|OHKO Clause: OHKO moves are banned\n|rule|Evasion Moves Clause: Evasion moves are banned\n|rule|Gravity Sleep Clause: The combination of sleep-inducing moves with imperfect accuracy and Gravity or Gigantamax Orbeetle are banned\n|rule|Endless Battle Clause: Forcing endless battles is banned\n|rule|HP Percentage Mod: HP is shown in percentages\n|clearpoke\n|poke|p1|Toedscruel, F|\n|poke|p1|Greedent, F|\n|poke|p1|Gliscor, F|\n|poke|p1|Ludicolo, M|\n|poke|p1|Hariyama, F|\n|poke|p1|Dusknoir, F|\n|poke|p2|Grumpig, M|\n|poke|p2|Medicham, F|\n|poke|p2|Spidops, F|\n|poke|p2|Weezing, M|\n|poke|p2|Toxtricity, M|\n|poke|p2|Froslass, F|\n|teampreview\n|j|*Lady Monita \u2746\n|inactive|Random Brony also wants the timer to be on.\n|\n|t:|1700890101\n|start\n|switch|p1a: Gliscor|Gliscor, F|100\/100\n|switch|p1b: Greedent|Greedent, F|100\/100\n|switch|p2a: Spidops|Spidops, F|100\/100\n|switch|p2b: Froslass|Froslass, F|100\/100\n|turn|1\n|c|\u2606Random Brony|let's have a good battle Brock\n|c|\u2606brockpewtercitygym|Alright\n|\n|t:|1700890125\n|switch|p1a: Ludicolo|Ludicolo, M|100\/100\n|move|p2b: Froslass|Icy Wind|p1b: Greedent|[spread] p1a,p1b\n|-damage|p1a: Ludicolo|81\/100\n|-damage|p1b: Greedent|85\/100\n|-unboost|p1a: Ludicolo|spe|1\n|-unboost|p1b: Greedent|spe|1\n|move|p2a: Spidops|Sticky Web|p1b: Greedent\n|-sidestart|p1: brockpewtercitygym|move: Sticky Web\n|move|p1b: Greedent|Stuff Cheeks|p1b: Greedent\n|-boost|p1b: Greedent|def|2\n|-enditem|p1b: Greedent|Liechi Berry|[eat]\n|-boost|p1b: Greedent|atk|1|[from] item: Liechi Berry\n|-heal|p1b: Greedent|100\/100|[from] ability: Cheek Pouch\n|\n|upkeep\n|turn|2\n|\n|t:|1700890149\n|move|p2b: Froslass|Ice Beam|p1b: Greedent\n|-crit|p1b: Greedent\n|-damage|p1b: Greedent|48\/100\n|move|p1a: Ludicolo|Surf|p2b: Froslass|[spread] p1b,p2a,p2b\n|-damage|p1b: Greedent|7\/100\n|-damage|p2a: Spidops|59\/100\n|-damage|p2b: Froslass|31\/100\n|move|p2a: Spidops|Leech Life|p1a: Ludicolo\n|-supereffective|p1a: Ludicolo\n|-crit|p1a: Ludicolo\n|-damage|p1a: Ludicolo|0 fnt\n|-heal|p2a: Spidops|96\/100|[from] drain|[of] p1a: Ludicolo\n|faint|p1a: Ludicolo\n|move|p1b: Greedent|Body Slam|p2a: Spidops\n|-damage|p2a: Spidops|53\/100\n|-status|p2a: Spidops|par\n|\n|upkeep\n|\n|t:|1700890160\n|switch|p1a: Dusknoir|Dusknoir, F|100\/100\n|-activate|p1a: Dusknoir|move: Sticky Web\n|-unboost|p1a: Dusknoir|spe|1\n|-item|p2a: Spidops|Sitrus Berry|[from] ability: Frisk|[of] p1a: Dusknoir|[identify]\n|-item|p2b: Froslass|Focus Sash|[from] ability: Frisk|[of] p1a: Dusknoir|[identify]\n|turn|3\n|j| bleahey\n|j| mommy_shynx\n|c|\u2606Random Brony|Hmm, double crit is hardly sporting of me...\n|inactive|Random Brony has 120 seconds left.\n|c|\u2606brockpewtercitygym|I really did not get lucky\n|\n|t:|1700890201\n|move|p2b: Froslass|Shadow Ball|p1a: Dusknoir\n|-supereffective|p1a: Dusknoir\n|-damage|p1a: Dusknoir|63\/100\n|-unboost|p1a: Dusknoir|spd|1\n|cant|p2a: Spidops|par\n|move|p1b: Greedent|Body Slam|p2a: Spidops\n|-damage|p2a: Spidops|11\/100 par\n|-enditem|p2a: Spidops|Sitrus Berry|[eat]\n|-heal|p2a: Spidops|36\/100 par|[from] item: Sitrus Berry\n|move|p1a: Dusknoir|Trick Room|p1a: Dusknoir\n|-fieldstart|move: Trick Room|[of] p1a: Dusknoir\n|\n|upkeep\n|turn|4\n|inactive|Random Brony has 120 seconds left.\n|\n|t:|1700890229\n|move|p1b: Greedent|Body Slam|p2a: Spidops\n|-damage|p2a: Spidops|0 fnt\n|faint|p2a: Spidops\n|move|p1a: Dusknoir|Poltergeist|p2b: Froslass\n|-activate|p2b: Froslass|move: Poltergeist|Focus Sash\n|-supereffective|p2b: Froslass\n|-damage|p2b: Froslass|0 fnt\n|faint|p2b: Froslass\n|\n|upkeep\n|j| Laza_beam\n|inactive|Random Brony has 90 seconds left.\n|j| MeleeAegis\n|\n|t:|1700890259\n|switch|p2a: Toxtricity|Toxtricity, M|100\/100\n|switch|p2b: Medicham|Medicham, F|100\/100\n|turn|5\n|inactive|Random Brony has 90 seconds left.\n|\n|t:|1700890291\n|move|p2b: Medicham|Bullet Punch|p1a: Dusknoir\n|-damage|p1a: Dusknoir|46\/100\n|-damage|p2b: Medicham|84\/100|[from] item: Rocky Helmet|[of] p1a: Dusknoir\n|move|p1b: Greedent|Body Slam|p2a: Toxtricity\n|-damage|p2a: Toxtricity|39\/100\n|move|p1a: Dusknoir|Will-O-Wisp|p2b: Medicham\n|-status|p2b: Medicham|brn\n|move|p2a: Toxtricity|Overdrive|p1b: Greedent|[spread] p1a,p1b\n|-damage|p1a: Dusknoir|9\/100\n|-damage|p1b: Greedent|0 fnt\n|faint|p1b: Greedent\n|\n|-damage|p2b: Medicham|78\/100 brn|[from] brn\n|upkeep\n|\n|t:|1700890304\n|switch|p1b: Hariyama|Hariyama, F|100\/100\n|-activate|p1b: Hariyama|move: Sticky Web\n|-unboost|p1b: Hariyama|spe|1\n|turn|6\n|\n|t:|1700890313\n|switch|p2a: Weezing|Weezing, M|100\/100\n|move|p2b: Medicham|Bullet Punch|p1a: Dusknoir\n|-damage|p1a: Dusknoir|2\/100\n|-damage|p2b: Medicham|61\/100 brn|[from] item: Rocky Helmet|[of] p1a: Dusknoir\n|move|p1a: Dusknoir|Poltergeist|p2b: Medicham\n|-activate|p2b: Medicham|move: Poltergeist|Choice Scarf\n|-supereffective|p2b: Medicham\n|-damage|p2b: Medicham|0 fnt\n|faint|p2b: Medicham\n|move|p1b: Hariyama|Earthquake|p2a: Weezing|[spread] p1a\n|-immune|p2a: Weezing|[from] ability: Levitate\n|-damage|p1a: Dusknoir|0 fnt\n|faint|p1a: Dusknoir\n|\n|-status|p1b: Hariyama|brn|[from] item: Flame Orb\n|upkeep\n|inactive|Random Brony has 120 seconds left.\n|\n|t:|1700890330\n|switch|p1a: Toedscruel|Toedscruel, F|100\/100\n|switch|p2b: Grumpig|Grumpig, M|100\/100\n|-activate|p1a: Toedscruel|move: Sticky Web\n|-unboost|p1a: Toedscruel|spe|1\n|turn|7\n|inactive|Random Brony has 120 seconds left.\n|inactive|Random Brony has 90 seconds left.\n|\n|t:|1700890391\n|move|p1b: Hariyama|Ice Punch|p2a: Weezing\n|-damage|p2a: Weezing|62\/100\n|move|p2a: Weezing|Sludge Bomb|p1b: Hariyama\n|-damage|p1b: Hariyama|71\/100 brn\n|move|p1a: Toedscruel|Earth Power|p2b: Grumpig\n|-damage|p2b: Grumpig|63\/100\n|move|p2b: Grumpig|Psychic|p1b: Hariyama\n|-supereffective|p1b: Hariyama\n|-damage|p1b: Hariyama|13\/100 brn\n|\n|-heal|p2a: Weezing|68\/100|[from] item: Black Sludge\n|-damage|p1b: Hariyama|7\/100 brn|[from] brn\n|-fieldend|move: Trick Room\n|upkeep\n|turn|8\n|c|\u2606Random Brony|phew\n|inactive|Random Brony has 90 seconds left.\n|l| bleahey\n|\n|t:|1700890423\n|move|p2b: Grumpig|Icy Wind|p1a: Toedscruel|[spread] p1a,p1b\n|-supereffective|p1a: Toedscruel\n|-damage|p1a: Toedscruel|66\/100\n|-damage|p1b: Hariyama|0 fnt\n|-unboost|p1a: Toedscruel|spe|1\n|faint|p1b: Hariyama\n|move|p2a: Weezing|Heat Wave|p1a: Toedscruel\n|-supereffective|p1a: Toedscruel\n|-damage|p1a: Toedscruel|28\/100\n|move|p1a: Toedscruel|Spore|p2b: Grumpig\n|-status|p2b: Grumpig|slp|[from] move: Spore\n|\n|-heal|p2a: Weezing|74\/100|[from] item: Black Sludge\n|upkeep\n|\n|t:|1700890426\n|switch|p1b: Gliscor|Gliscor, F|100\/100\n|turn|9\n|inactive|Random Brony has 90 seconds left.\n|\n|t:|1700890445\n|move|p1b: Gliscor|Swords Dance|p1b: Gliscor\n|-boost|p1b: Gliscor|atk|2\n|cant|p2b: Grumpig|slp\n|move|p2a: Weezing|Sludge Bomb|p1a: Toedscruel\n|-damage|p1a: Toedscruel|3\/100\n|move|p1a: Toedscruel|Spore|p2a: Weezing\n|-status|p2a: Weezing|slp|[from] move: Spore\n|\n|-heal|p2a: Weezing|80\/100 slp|[from] item: Black Sludge\n|-status|p1b: Gliscor|tox|[from] item: Toxic Orb\n|upkeep\n|turn|10\n|inactive|Random Brony has 90 seconds left.\n|c|\u2606brockpewtercitygym|do you really need to take a minute to think each turn\n|c|\u2606brockpewtercitygym|I need to do something\n|c|\u2606brockpewtercitygym|and your pokemon are asleep anyways\n|c|\u2606Random Brony|yeesh sorry\n|\n|t:|1700890494\n|move|p1b: Gliscor|Crabhammer|p2a: Weezing\n|-crit|p2a: Weezing\n|-damage|p2a: Weezing|1\/100 slp\n|cant|p2b: Grumpig|slp\n|move|p1a: Toedscruel|Earth Power|p2b: Grumpig\n|-damage|p2b: Grumpig|30\/100 slp\n|-enditem|p2b: Grumpig|Sitrus Berry|[eat]\n|-heal|p2b: Grumpig|55\/100 slp|[from] item: Sitrus Berry\n|cant|p2a: Weezing|slp\n|\n|-heal|p2a: Weezing|7\/100 slp|[from] item: Black Sludge\n|upkeep\n|turn|11\n|inactive|Random Brony has 90 seconds left.\n|\n|t:|1700890507\n|move|p1b: Gliscor|Gunk Shot|p2b: Grumpig|[miss]\n|-miss|p1b: Gliscor|p2b: Grumpig\n|-curestatus|p2b: Grumpig|slp|[msg]\n|move|p2b: Grumpig|Icy Wind|p1a: Toedscruel|[spread] p1a,p1b\n|-supereffective|p1a: Toedscruel\n|-supereffective|p1b: Gliscor\n|-damage|p1a: Toedscruel|0 fnt\n|-damage|p1b: Gliscor|48\/100 tox\n|-unboost|p1b: Gliscor|spe|1\n|faint|p1a: Toedscruel\n|cant|p2a: Weezing|slp\n|\n|-heal|p2a: Weezing|13\/100 slp|[from] item: Black Sludge\n|-heal|p1b: Gliscor|61\/100 tox|[from] ability: Poison Heal\n|upkeep\n|turn|12\n|\n|t:|1700890518\n|move|p2b: Grumpig|Icy Wind|p1b: Gliscor\n|-supereffective|p1b: Gliscor\n|-damage|p1b: Gliscor|0 fnt\n|faint|p1b: Gliscor\n|\n|win|Random Brony\n|n|\u2606brockpewtercitygym|brockpewtercitygym\n|n|\u2606Random Brony|randombrony\n|n|*Lady Monita \u2746|ladymonita\n|n| mommy_shynx|mommyshynx\n|n| Laza_beam|lazabeam\n|n| MeleeAegis|meleeaegis\n","uploadtime":1700890519,"views":3,"p1id":"brockpewtercitygym","p2id":"randombrony","formatid":"gen9doublesou","rating":0,"private":0,"password":""}