{"id":"gen9doublesou-1973111585","p1":"pogforlive","p2":"Smoore996","format":"[Gen 9] Doubles OU","log":"|j|\u2606pogforlive\n|j|\u2606Smoore996\n|t:|1697928869\n|gametype|doubles\n|player|p1|pogforlive|169|\n|player|p2|Smoore996|volo|\n|teamsize|p1|6\n|teamsize|p2|6\n|gen|9\n|tier|[Gen 9] Doubles OU\n|rule|Species Clause: Limit one of each Pok\u00e9mon\n|rule|OHKO Clause: OHKO moves are banned\n|rule|Evasion Moves Clause: Evasion moves are banned\n|rule|Gravity Sleep Clause: The combination of sleep-inducing moves with imperfect accuracy and Gravity or Gigantamax Orbeetle are banned\n|rule|Endless Battle Clause: Forcing endless battles is banned\n|rule|HP Percentage Mod: HP is shown in percentages\n|clearpoke\n|poke|p1|Torkoal, F|\n|poke|p1|Walking Wake|\n|poke|p1|Flutter Mane|\n|poke|p1|Hatterene, F|\n|poke|p1|Brute Bonnet|\n|poke|p1|Lilligant-Hisui, F|\n|poke|p2|Lucario, F|\n|poke|p2|Maushold-Four|\n|poke|p2|Ogerpon-Hearthflame, F|\n|poke|p2|Clefable, F|\n|poke|p2|Tornadus, M|\n|poke|p2|Barraskewda, M|\n|teampreview\n|j| Pgc_terror\n|\n|t:|1697928898\n|start\n|switch|p1a: Hatterene|Hatterene, F|100\/100\n|switch|p1b: Flutter Mane|Flutter Mane|100\/100\n|switch|p2a: Maushold|Maushold-Four, shiny|100\/100\n|switch|p2b: Lucario|Lucario, F, shiny|100\/100\n|turn|1\n|j| Gaizen\n|\n|t:|1697928922\n|move|p2b: Lucario|Bullet Punch|p1b: Flutter Mane\n|-supereffective|p1b: Flutter Mane\n|-damage|p1b: Flutter Mane|19\/100\n|move|p1b: Flutter Mane|Mystical Fire|p2b: Lucario\n|-supereffective|p2b: Lucario\n|-damage|p2b: Lucario|0 fnt\n|faint|p2b: Lucario\n|-damage|p1b: Flutter Mane|9\/100|[from] item: Life Orb\n|move|p2a: Maushold|Beat Up|p2: Lucario|[notarget]\n|-fail|p2a: Maushold\n|move|p1a: Hatterene|Reflect|p1a: Hatterene\n|-sidestart|p1: pogforlive|Reflect\n|\n|upkeep\n|\n|t:|1697928935\n|switch|p2b: Tornadus|Tornadus, M, shiny|100\/100\n|turn|2\n|\n|t:|1697928945\n|move|p2b: Tornadus|Tailwind|p2b: Tornadus\n|-sidestart|p2: Smoore996|move: Tailwind\n|move|p2a: Maushold|Tidy Up|p2a: Maushold\n|-boost|p2a: Maushold|atk|1\n|-boost|p2a: Maushold|spe|1\n|move|p1b: Flutter Mane|Moonblast|p2a: Maushold\n|-damage|p2a: Maushold|4\/100\n|-damage|p1b: Flutter Mane|0 fnt|[from] item: Life Orb\n|faint|p1b: Flutter Mane\n|-end|p1b: Flutter Mane|Protosynthesis|[silent]\n|move|p1a: Hatterene|Trick Room|p1a: Hatterene\n|-fieldstart|move: Trick Room|[of] p1a: Hatterene\n|\n|upkeep\n|\n|t:|1697928961\n|switch|p1b: Torkoal|Torkoal, F|100\/100\n|-weather|SunnyDay|[from] ability: Drought|[of] p1b: Torkoal\n|turn|3\n|\n|t:|1697928975\n|switch|p2b: Clefable|Clefable, F, shiny|100\/100\n|move|p1b: Torkoal|Lava Plume|p2a: Maushold|[spread] p1a,p2a,p2b\n|-crit|p2b: Clefable\n|-damage|p1a: Hatterene|81\/100\n|-damage|p2a: Maushold|0 fnt\n|-damage|p2b: Clefable|71\/100\n|faint|p2a: Maushold\n|move|p1a: Hatterene|Light Screen|p1a: Hatterene\n|-sidestart|p1: pogforlive|move: Light Screen\n|\n|-weather|SunnyDay|[upkeep]\n|-heal|p2b: Clefable|77\/100|[from] item: Leftovers\n|upkeep\n|\n|t:|1697928999\n|switch|p2a: Tornadus|Tornadus, M, shiny|100\/100\n|turn|4\n|\n|t:|1697929012\n|move|p1b: Torkoal|Stealth Rock|p2b: Clefable\n|-sidestart|p2: Smoore996|move: Stealth Rock\n|move|p1a: Hatterene|Nuzzle|p2a: Tornadus\n|-supereffective|p2a: Tornadus\n|-damage|p2a: Tornadus|86\/100\n|-status|p2a: Tornadus|par\n|move|p2b: Clefable|Heal Pulse|p2a: Tornadus\n|-heal|p2a: Tornadus|100\/100 par\n|cant|p2a: Tornadus|par\n|\n|-weather|SunnyDay|[upkeep]\n|-heal|p2b: Clefable|83\/100|[from] item: Leftovers\n|upkeep\n|turn|5\n|\n|t:|1697929038\n|move|p1b: Torkoal|Will-O-Wisp|p2b: Clefable\n|-status|p2b: Clefable|brn\n|move|p1a: Hatterene|Nuzzle|p2a: Tornadus\n|-supereffective|p2a: Tornadus\n|-damage|p2a: Tornadus|88\/100 par\n|move|p2b: Clefable|Moonblast|p1b: Torkoal\n|-resisted|p1b: Torkoal\n|-damage|p1b: Torkoal|91\/100\n|move|p2a: Tornadus|Bleakwind Storm|p1b: Torkoal|[spread] p1b\n|-miss|p2a: Tornadus|p1a: Hatterene\n|-damage|p1b: Torkoal|70\/100\n|\n|-weather|SunnyDay|[upkeep]\n|-heal|p2b: Clefable|89\/100 brn|[from] item: Leftovers\n|-heal|p2a: Tornadus|94\/100 par|[from] item: Leftovers\n|-damage|p2b: Clefable|83\/100 brn|[from] brn\n|-sideend|p2: Smoore996|move: Tailwind\n|upkeep\n|turn|6\n|\n|t:|1697929064\n|move|p1b: Torkoal|Lava Plume|p2b: Clefable|[spread] p1a,p2a,p2b\n|-crit|p1a: Hatterene\n|-damage|p1a: Hatterene|51\/100\n|-damage|p2a: Tornadus|57\/100 par\n|-damage|p2b: Clefable|64\/100 brn\n|move|p1a: Hatterene|Nuzzle|p2b: Clefable\n|-damage|p2b: Clefable|59\/100 brn\n|move|p2b: Clefable|Moonblast|p1a: Hatterene\n|-damage|p1a: Hatterene|36\/100\n|cant|p2a: Tornadus|par\n|\n|-weather|SunnyDay|[upkeep]\n|-heal|p2b: Clefable|65\/100 brn|[from] item: Leftovers\n|-heal|p2a: Tornadus|63\/100 par|[from] item: Leftovers\n|-damage|p2b: Clefable|59\/100 brn|[from] brn\n|-fieldend|move: Trick Room\n|upkeep\n|turn|7\n|\n|t:|1697929089\n|move|p2a: Tornadus|Bleakwind Storm|p1a: Hatterene|[spread] p1a,p1b\n|-damage|p1a: Hatterene|18\/100\n|-damage|p1b: Torkoal|46\/100\n|-unboost|p1b: Torkoal|spe|1\n|move|p2b: Clefable|Moonblast|p1a: Hatterene\n|-damage|p1a: Hatterene|0 fnt\n|faint|p1a: Hatterene\n|move|p1b: Torkoal|Lava Plume|p2b: Clefable|[spread] p2a,p2b\n|-damage|p2a: Tornadus|27\/100 par\n|-damage|p2b: Clefable|40\/100 brn\n|\n|-weather|SunnyDay|[upkeep]\n|-heal|p2a: Tornadus|33\/100 par|[from] item: Leftovers\n|-heal|p2b: Clefable|46\/100 brn|[from] item: Leftovers\n|-damage|p2b: Clefable|40\/100 brn|[from] brn\n|upkeep\n|\n|t:|1697929110\n|switch|p1a: Walking Wake|Walking Wake|100\/100\n|-activate|p1a: Walking Wake|ability: Protosynthesis\n|-start|p1a: Walking Wake|protosynthesisspa\n|turn|8\n|\n|t:|1697929120\n|move|p2a: Tornadus|Tailwind|p2a: Tornadus\n|-sidestart|p2: Smoore996|move: Tailwind\n|move|p1a: Walking Wake|Hydro Steam|p2b: Clefable\n|-damage|p2b: Clefable|0 fnt\n|faint|p2b: Clefable\n|move|p1b: Torkoal|Lava Plume|p2a: Tornadus|[spread] p1a,p2a\n|-resisted|p1a: Walking Wake\n|-damage|p1a: Walking Wake|95\/100\n|-damage|p2a: Tornadus|0 fnt\n|faint|p2a: Tornadus\n|\n|-weather|SunnyDay|[upkeep]\n|-sideend|p1: pogforlive|Reflect\n|upkeep\n|\n|t:|1697929136\n|switch|p2a: Ogerpon|Ogerpon-Hearthflame, F|100\/100\n|switch|p2b: Barraskewda|Barraskewda, M, shiny|100\/100\n|-damage|p2b: Barraskewda|88\/100|[from] Stealth Rock\n|-damage|p2a: Ogerpon|76\/100|[from] Stealth Rock\n|-ability|p2a: Ogerpon|Mold Breaker\n|turn|9\n|\n|t:|1697929153\n|-terastallize|p2a: Ogerpon|Fire\n|detailschange|p2a: Ogerpon|Ogerpon-Hearthflame-Tera, F, tera:Fire\n|-ability|p2a: Ogerpon|Embody Aspect (Hearthflame)|boost\n|-boost|p2a: Ogerpon|atk|1\n|move|p2b: Barraskewda|Close Combat|p1a: Walking Wake\n|-damage|p1a: Walking Wake|25\/100\n|-unboost|p2b: Barraskewda|def|1\n|-unboost|p2b: Barraskewda|spd|1\n|move|p2a: Ogerpon|Ivy Cudgel|p1a: Walking Wake\n|-resisted|p1a: Walking Wake\n|-damage|p1a: Walking Wake|0 fnt\n|faint|p1a: Walking Wake\n|-end|p1a: Walking Wake|Protosynthesis|[silent]\n|move|p1b: Torkoal|Will-O-Wisp|p2b: Barraskewda\n|-status|p2b: Barraskewda|brn\n|\n|-weather|SunnyDay|[upkeep]\n|-damage|p2b: Barraskewda|82\/100 brn|[from] brn\n|upkeep\n|\n|t:|1697929173\n|switch|p1a: Brute Bonnet|Brute Bonnet|100\/100\n|-activate|p1a: Brute Bonnet|ability: Protosynthesis\n|-start|p1a: Brute Bonnet|protosynthesisatk\n|turn|10\n|\n|t:|1697929191\n|move|p2a: Ogerpon|Spiky Shield|p2a: Ogerpon\n|-singleturn|p2a: Ogerpon|move: Protect\n|move|p1a: Brute Bonnet|Sucker Punch||[still]\n|-fail|p1a: Brute Bonnet\n|move|p2b: Barraskewda|Close Combat|p1a: Brute Bonnet\n|-supereffective|p1a: Brute Bonnet\n|-damage|p1a: Brute Bonnet|54\/100\n|-unboost|p2b: Barraskewda|def|1\n|-unboost|p2b: Barraskewda|spd|1\n|move|p1b: Torkoal|Rapid Spin|p2a: Ogerpon\n|-activate|p2a: Ogerpon|move: Protect\n|-damage|p1b: Torkoal|34\/100|[from] Spiky Shield|[of] p2a: Ogerpon\n|\n|-weather|none\n|-end|p1a: Brute Bonnet|Protosynthesis\n|-damage|p2b: Barraskewda|76\/100 brn|[from] brn\n|-sideend|p1: pogforlive|move: Light Screen\n|upkeep\n|turn|11\n|\n|t:|1697929211\n|move|p2a: Ogerpon|Spiky Shield||[still]\n|-fail|p2a: Ogerpon\n|move|p1a: Brute Bonnet|Sucker Punch||[still]\n|-fail|p1a: Brute Bonnet\n|move|p2b: Barraskewda|Close Combat|p1a: Brute Bonnet\n|-supereffective|p1a: Brute Bonnet\n|-damage|p1a: Brute Bonnet|8\/100\n|-unboost|p2b: Barraskewda|def|1\n|-unboost|p2b: Barraskewda|spd|1\n|move|p1b: Torkoal|Rapid Spin|p2b: Barraskewda\n|-damage|p2b: Barraskewda|29\/100 brn\n|-boost|p1b: Torkoal|spe|1\n|\n|-damage|p2b: Barraskewda|23\/100 brn|[from] brn\n|-sideend|p2: Smoore996|move: Tailwind\n|upkeep\n|turn|12\n|\n|t:|1697929233\n|move|p1a: Brute Bonnet|Sucker Punch|p2b: Barraskewda\n|-damage|p2b: Barraskewda|0 fnt\n|faint|p2b: Barraskewda\n|move|p2a: Ogerpon|Ivy Cudgel|p1b: Torkoal\n|-resisted|p1b: Torkoal\n|-damage|p1b: Torkoal|0 fnt\n|faint|p1b: Torkoal\n|\n|upkeep\n|\n|t:|1697929241\n|switch|p1b: Lilligant|Lilligant-Hisui, F|100\/100\n|turn|13\n|\n|t:|1697929260\n|move|p2a: Ogerpon|Spiky Shield|p2a: Ogerpon\n|-singleturn|p2a: Ogerpon|move: Protect\n|move|p1a: Brute Bonnet|Sucker Punch||[still]\n|-fail|p1a: Brute Bonnet\n|move|p1b: Lilligant|Close Combat|p2a: Ogerpon\n|-activate|p2a: Ogerpon|move: Protect\n|-damage|p1b: Lilligant|88\/100|[from] Spiky Shield|[of] p2a: Ogerpon\n|\n|upkeep\n|turn|14\n|\n|t:|1697929272\n|move|p1a: Brute Bonnet|Sucker Punch|p2a: Ogerpon\n|-damage|p2a: Ogerpon|2\/100\n|move|p2a: Ogerpon|Ivy Cudgel|p1b: Lilligant\n|-supereffective|p1b: Lilligant\n|-damage|p1b: Lilligant|0 fnt\n|faint|p1b: Lilligant\n|\n|upkeep\n|turn|15\n|\n|t:|1697929282\n|move|p2a: Ogerpon|Spiky Shield|p2a: Ogerpon\n|-singleturn|p2a: Ogerpon|move: Protect\n|move|p1a: Brute Bonnet|Sucker Punch||[still]\n|-fail|p1a: Brute Bonnet\n|\n|upkeep\n|turn|16\n|\n|t:|1697929289\n|move|p2a: Ogerpon|Spiky Shield||[still]\n|-fail|p2a: Ogerpon\n|move|p1a: Brute Bonnet|Sucker Punch||[still]\n|-fail|p1a: Brute Bonnet\n|\n|upkeep\n|turn|17\n|\n|t:|1697929296\n|move|p2a: Ogerpon|Spiky Shield|p2a: Ogerpon\n|-singleturn|p2a: Ogerpon|move: Protect\n|move|p1a: Brute Bonnet|Sucker Punch||[still]\n|-fail|p1a: Brute Bonnet\n|\n|upkeep\n|turn|18\n|\n|t:|1697929303\n|move|p2a: Ogerpon|Ivy Cudgel|p1a: Brute Bonnet\n|-supereffective|p1a: Brute Bonnet\n|-damage|p1a: Brute Bonnet|0 fnt\n|faint|p1a: Brute Bonnet\n|-end|p1a: Brute Bonnet|Protosynthesis|[silent]\n|\n|win|Smoore996\n|l| Pgc_terror\n","uploadtime":1697929329,"views":9,"p1id":"pogforlive","p2id":"smoore996","formatid":"gen9doublesou","rating":0,"private":0,"password":""}