{"id":"gen9doublesou-1979369404","p1":"Satoru Gozou","p2":"Da1mon!","format":"[Gen 9] Doubles OU","log":"|j|\u2606Satoru Gozou\n|j|\u2606Da1mon!\n|t:|1698677176\n|gametype|doubles\n|player|p1|Satoru Gozou|doctor|1394\n|player|p2|Da1mon!|palmer|1335\n|teamsize|p1|6\n|teamsize|p2|6\n|gen|9\n|tier|[Gen 9] Doubles OU\n|rated|\n|rule|Species Clause: Limit one of each Pok\u00e9mon\n|rule|OHKO Clause: OHKO moves are banned\n|rule|Evasion Moves Clause: Evasion moves are banned\n|rule|Gravity Sleep Clause: The combination of sleep-inducing moves with imperfect accuracy and Gravity or Gigantamax Orbeetle are banned\n|rule|Endless Battle Clause: Forcing endless battles is banned\n|rule|HP Percentage Mod: HP is shown in percentages\n|clearpoke\n|poke|p1|Farigiraf, F|\n|poke|p1|Tornadus, M|\n|poke|p1|Rillaboom, M|\n|poke|p1|Ogerpon-Hearthflame, F|\n|poke|p1|Ursaluna-Bloodmoon, M|\n|poke|p1|Dragonite, F|\n|poke|p2|Ursaluna-Bloodmoon, M|\n|poke|p2|Sinistcha-Masterpiece|\n|poke|p2|Goodra-Hisui, F|\n|poke|p2|Arcanine, M|\n|poke|p2|Iron Hands|\n|poke|p2|Chien-Pao|\n|teampreview\n|\n|t:|1698677222\n|start\n|switch|p1a: Mendigo da muie|Tornadus, M|100\/100\n|switch|p1b: Garibaldo|Farigiraf, F|100\/100\n|switch|p2a: Ursaluna|Ursaluna-Bloodmoon, M|100\/100\n|switch|p2b: Chien-Pao|Chien-Pao|100\/100\n|-ability|p2b: Chien-Pao|Sword of Ruin\n|turn|1\n|\n|t:|1698677231\n|move|p2b: Chien-Pao|Ice Spinner|p1a: Mendigo da muie\n|-supereffective|p1a: Mendigo da muie\n|-damage|p1a: Mendigo da muie|0 fnt\n|faint|p1a: Mendigo da muie\n|move|p1b: Garibaldo|Hyper Voice|p2a: Ursaluna|[spread] p2a,p2b\n|-damage|p2a: Ursaluna|73\/100\n|-damage|p2b: Chien-Pao|60\/100\n|move|p2a: Ursaluna|Blood Moon|p1b: Garibaldo\n|-damage|p1b: Garibaldo|24\/100\n|-damage|p2a: Ursaluna|63\/100|[from] item: Life Orb\n|\n|-heal|p1b: Garibaldo|30\/100|[from] item: Leftovers\n|upkeep\n|\n|t:|1698677235\n|switch|p1a: Rafafredi|Ursaluna-Bloodmoon, M|100\/100\n|turn|2\n|\n|t:|1698677244\n|move|p2b: Chien-Pao|Protect|p2b: Chien-Pao\n|-singleturn|p2b: Chien-Pao|Protect\n|move|p2a: Ursaluna|Protect|p2a: Ursaluna\n|-singleturn|p2a: Ursaluna|Protect\n|move|p1a: Rafafredi|Vacuum Wave|p2b: Chien-Pao\n|-activate|p2b: Chien-Pao|move: Protect\n|move|p1b: Garibaldo|Hyper Voice|p2a: Ursaluna|[spread] \n|-activate|p2a: Ursaluna|move: Protect\n|-activate|p2b: Chien-Pao|move: Protect\n|\n|-heal|p1b: Garibaldo|36\/100|[from] item: Leftovers\n|upkeep\n|turn|3\n|inactive|Battle timer is ON: inactive players will automatically lose when time's up. (requested by Satoru Gozou)\n|\n|t:|1698677267\n|switch|p2b: Iron Hands|Iron Hands|100\/100\n|move|p1b: Garibaldo|Ally Switch|p1b: Garibaldo\n|swap|p1b: Garibaldo|0|[from] move: Ally Switch\n|move|p1b: Rafafredi|Vacuum Wave|p2b: Iron Hands\n|-damage|p2b: Iron Hands|91\/100\n|-damage|p1b: Rafafredi|91\/100|[from] item: Life Orb\n|move|p2a: Ursaluna|Blood Moon|p1a: Garibaldo\n|-damage|p1a: Garibaldo|0 fnt\n|faint|p1a: Garibaldo\n|-damage|p2a: Ursaluna|53\/100|[from] item: Life Orb\n|\n|upkeep\n|\n|t:|1698677279\n|switch|p1a: M'a kako|Rillaboom, M|100\/100\n|-fieldstart|move: Grassy Terrain|[from] ability: Grassy Surge|[of] p1a: M'a kako\n|turn|4\n|j| Negonheh\n|\n|t:|1698677299\n|move|p2b: Iron Hands|Fake Out|p1a: M'a kako\n|-damage|p1a: M'a kako|86\/100\n|cant|p1a: M'a kako|flinch\n|move|p2a: Ursaluna|Vacuum Wave|p1b: Rafafredi\n|-supereffective|p1b: Rafafredi\n|-damage|p1b: Rafafredi|44\/100\n|-damage|p2a: Ursaluna|43\/100|[from] item: Life Orb\n|move|p1b: Rafafredi|Blood Moon|p2b: Iron Hands\n|-damage|p2b: Iron Hands|39\/100\n|-damage|p1b: Rafafredi|34\/100|[from] item: Life Orb\n|\n|-heal|p1a: M'a kako|92\/100|[from] Grassy Terrain\n|-heal|p1b: Rafafredi|40\/100|[from] Grassy Terrain\n|-heal|p2a: Ursaluna|49\/100|[from] Grassy Terrain\n|-heal|p2b: Iron Hands|45\/100|[from] Grassy Terrain\n|upkeep\n|turn|5\n|inactive|Da1mon! has 120 seconds left.\n|\n|t:|1698677330\n|move|p1b: Rafafredi|Protect|p1b: Rafafredi\n|-singleturn|p1b: Rafafredi|Protect\n|move|p2a: Ursaluna|Protect|p2a: Ursaluna\n|-singleturn|p2a: Ursaluna|Protect\n|move|p1a: M'a kako|Grassy Glide|p2a: Ursaluna\n|-activate|p2a: Ursaluna|move: Protect\n|move|p2b: Iron Hands|Close Combat|p1b: Rafafredi\n|-activate|p1b: Rafafredi|move: Protect\n|\n|-heal|p1a: M'a kako|99\/100|[from] Grassy Terrain\n|-heal|p1b: Rafafredi|46\/100|[from] Grassy Terrain\n|-heal|p2a: Ursaluna|55\/100|[from] Grassy Terrain\n|-heal|p2b: Iron Hands|51\/100|[from] Grassy Terrain\n|upkeep\n|turn|6\n|inactive|Da1mon! has 120 seconds left.\n|\n|t:|1698677355\n|switch|p2a: Sinistcha|Sinistcha-Masterpiece|100\/100\n|-heal|p2b: Iron Hands|76\/100|[from] ability: Hospitality|[of] p2a: Sinistcha\n|switch|p1b: Roraima|Ogerpon-Hearthflame, F|100\/100\n|-ability|p1b: Roraima|Mold Breaker\n|-end|p2b: Iron Hands|Quark Drive|[silent]\n|switch|p2b: Arcanine|Arcanine, M|100\/100\n|-ability|p2b: Arcanine|Intimidate|boost\n|-unboost|p1a: M'a kako|atk|1\n|-unboost|p1b: Roraima|atk|1\n|move|p1a: M'a kako|Grassy Glide|p2a: Sinistcha\n|-resisted|p2a: Sinistcha\n|-damage|p2a: Sinistcha|88\/100\n|\n|-heal|p1a: M'a kako|100\/100|[from] Grassy Terrain\n|-heal|p2a: Sinistcha|94\/100|[from] Grassy Terrain\n|-heal|p2a: Sinistcha|100\/100|[from] item: Leftovers\n|upkeep\n|turn|7\n|inactive|Da1mon! has 120 seconds left.\n|\n|t:|1698677385\n|switch|p2b: Chien-Pao|Chien-Pao|60\/100\n|-ability|p2b: Chien-Pao|Sword of Ruin\n|switch|p2a: Iron Hands|Iron Hands|76\/100\n|-terastallize|p1b: Roraima|Fire\n|detailschange|p1b: Roraima|Ogerpon-Hearthflame-Tera, F, tera:Fire\n|-ability|p1b: Roraima|Embody Aspect (Hearthflame)|boost\n|-boost|p1b: Roraima|atk|1\n|move|p1b: Roraima|Ivy Cudgel|p2a: Iron Hands\n|-damage|p2a: Iron Hands|0 fnt\n|faint|p2a: Iron Hands\n|-end|p2a: Iron Hands|Quark Drive|[silent]\n|move|p1a: M'a kako|Knock Off|p2b: Chien-Pao\n|-resisted|p2b: Chien-Pao\n|-crit|p2b: Chien-Pao\n|-damage|p2b: Chien-Pao|25\/100\n|-enditem|p2b: Chien-Pao|Focus Sash|[from] move: Knock Off|[of] p1a: M'a kako\n|\n|-heal|p2b: Chien-Pao|31\/100|[from] Grassy Terrain\n|upkeep\n|inactive|Da1mon! has 120 seconds left.\n|\n|t:|1698677405\n|switch|p2a: Ursaluna|Ursaluna-Bloodmoon, M|55\/100\n|turn|8\n|inactive|Da1mon! has 120 seconds left.\n|\n|t:|1698677429\n|move|p2a: Ursaluna|Protect|p2a: Ursaluna\n|-singleturn|p2a: Ursaluna|Protect\n|move|p2b: Chien-Pao|Ice Spinner|p1a: M'a kako\n|-supereffective|p1a: M'a kako\n|-damage|p1a: M'a kako|0 fnt\n|-fieldend|move: Grassy Terrain\n|faint|p1a: M'a kako\n|move|p1b: Roraima|Horn Leech|p2a: Ursaluna\n|-activate|p2a: Ursaluna|move: Protect\n|\n|upkeep\n|\n|t:|1698677435\n|switch|p1a: Rafafredi|Ursaluna-Bloodmoon, M|46\/100\n|turn|9\n|\n|t:|1698677448\n|move|p2b: Chien-Pao|Sucker Punch|p1a: Rafafredi\n|-damage|p1a: Rafafredi|15\/100\n|move|p2a: Ursaluna|Vacuum Wave|p1a: Rafafredi\n|-supereffective|p1a: Rafafredi\n|-damage|p1a: Rafafredi|0 fnt\n|faint|p1a: Rafafredi\n|-damage|p2a: Ursaluna|45\/100|[from] item: Life Orb\n|move|p1b: Roraima|Horn Leech|p2a: Ursaluna\n|-supereffective|p2a: Ursaluna\n|-damage|p2a: Ursaluna|0 fnt\n|faint|p2a: Ursaluna\n|\n|upkeep\n|\n|t:|1698677456\n|switch|p2a: Arcanine|Arcanine, M|100\/100\n|switch|p1a: Nossa m\u00e3e|Dragonite, F|100\/100\n|-ability|p2a: Arcanine|Intimidate|boost\n|-unboost|p1a: Nossa m\u00e3e|atk|1\n|-unboost|p1b: Roraima|atk|1\n|turn|10\n|\n|t:|1698677465\n|move|p2b: Chien-Pao|Protect|p2b: Chien-Pao\n|-singleturn|p2b: Chien-Pao|Protect\n|move|p1a: Nossa m\u00e3e|Extreme Speed|p2b: Chien-Pao\n|-activate|p2b: Chien-Pao|move: Protect\n|move|p1b: Roraima|Swords Dance|p1b: Roraima\n|-boost|p1b: Roraima|atk|2\n|move|p2a: Arcanine|Will-O-Wisp|p1a: Nossa m\u00e3e\n|-status|p1a: Nossa m\u00e3e|brn\n|\n|-damage|p1a: Nossa m\u00e3e|94\/100 brn|[from] brn\n|upkeep\n|turn|11\n|\n|t:|1698677489\n|move|p2a: Arcanine|Protect|p2a: Arcanine\n|-singleturn|p2a: Arcanine|Protect\n|move|p2b: Chien-Pao|Ice Spinner|p1a: Nossa m\u00e3e\n|-supereffective|p1a: Nossa m\u00e3e\n|-damage|p1a: Nossa m\u00e3e|0 fnt\n|faint|p1a: Nossa m\u00e3e\n|move|p1b: Roraima|Ivy Cudgel|p2b: Chien-Pao\n|-supereffective|p2b: Chien-Pao\n|-damage|p2b: Chien-Pao|0 fnt\n|faint|p2b: Chien-Pao\n|\n|upkeep\n|\n|t:|1698677499\n|switch|p2b: Goodra|Goodra-Hisui, F|100\/100\n|turn|12\n|\n|t:|1698677522\n|move|p1b: Roraima|Ivy Cudgel|p2b: Goodra\n|-damage|p2b: Goodra|12\/100\n|move|p2a: Arcanine|Flare Blitz|p1b: Roraima\n|-resisted|p1b: Roraima\n|-damage|p1b: Roraima|71\/100\n|-damage|p2a: Arcanine|93\/100|[from] Recoil\n|move|p2b: Goodra|Body Press|p1b: Roraima\n|-damage|p1b: Roraima|34\/100\n|\n|upkeep\n|turn|13\n|\n|t:|1698677538\n|move|p2b: Goodra|Protect|p2b: Goodra\n|-singleturn|p2b: Goodra|Protect\n|move|p1b: Roraima|Ivy Cudgel|p2b: Goodra\n|-activate|p2b: Goodra|move: Protect\n|move|p2a: Arcanine|Flare Blitz|p1b: Roraima\n|-resisted|p1b: Roraima\n|-damage|p1b: Roraima|3\/100\n|-damage|p2a: Arcanine|85\/100|[from] Recoil\n|\n|upkeep\n|turn|14\n|-message|Satoru Gozou forfeited.\n|\n|win|Da1mon!\n|raw|Satoru Gozou's rating: 1394 &rarr; <strong>1371<\/strong><br \/>(-23 for losing)\n|raw|Da1mon!'s rating: 1335 &rarr; <strong>1358<\/strong><br \/>(+23 for winning)\n|l|\u2606Satoru Gozou\n|l|\u2606Da1mon!\n|j|\u2606Da1mon!\n|player|p2|Da1mon!|palmer\n","uploadtime":1698677602,"views":17,"p1id":"satorugozou","p2id":"da1mon","formatid":"gen9doublesou","rating":1358,"private":0,"password":""}