{"id":"gen9doublesou-1970642705","p1":"fdsgserfse","p2":"erce1234","format":"[Gen 9] Doubles OU","log":"|j|\u2606fdsgserfse\n|j|\u2606erce1234\n|t:|1697654717\n|gametype|doubles\n|player|p1|fdsgserfse|backpackerf|1048\n|player|p2|erce1234|bugsy|1099\n|teamsize|p1|6\n|teamsize|p2|6\n|gen|9\n|tier|[Gen 9] Doubles OU\n|rated|\n|rule|Species Clause: Limit one of each Pok\u00e9mon\n|rule|OHKO Clause: OHKO moves are banned\n|rule|Evasion Moves Clause: Evasion moves are banned\n|rule|Gravity Sleep Clause: The combination of sleep-inducing moves with imperfect accuracy and Gravity or Gigantamax Orbeetle are banned\n|rule|Endless Battle Clause: Forcing endless battles is banned\n|rule|HP Percentage Mod: HP is shown in percentages\n|clearpoke\n|poke|p1|Kingambit, M|\n|poke|p1|Ninetales-Alola, F|\n|poke|p1|Weezing, M|\n|poke|p1|Milotic, F|\n|poke|p1|Dragapult, M|\n|poke|p1|Glimmora, F|\n|poke|p2|Mew|\n|poke|p2|Enamorus, F|\n|poke|p2|Lokix, M|\n|poke|p2|Amoonguss, F|\n|poke|p2|Arcanine-Hisui, F|\n|poke|p2|Sneasler, F|\n|teampreview\n|inactive|Battle timer is ON: inactive players will automatically lose when time's up. (requested by fdsgserfse)\n|\n|t:|1697654735\n|start\n|switch|p1a: Dragapult|Dragapult, M, shiny|100\/100\n|switch|p1b: Glimmora|Glimmora, F, shiny|100\/100\n|switch|p2a: Mew|Mew|100\/100\n|switch|p2b: Enamorus|Enamorus, F|100\/100\n|turn|1\n|inactive|fdsgserfse has 120 seconds left.\n|c|\u2606erce1234|shiny dragapult is pretty cool\n|inactive|fdsgserfse has 90 seconds left.\n|\n|t:|1697654801\n|move|p1a: Dragapult|U-turn|p2a: Mew\n|-supereffective|p2a: Mew\n|-damage|p2a: Mew|32\/100\n|-damage|p1a: Dragapult|91\/100|[from] item: Life Orb\n|\n|t:|1697654813\n|switch|p1a: Weezing|Weezing, M, shiny|100\/100|[from] U-turn\n|-ability|p1a: Weezing|Neutralizing Gas\n|move|p2b: Enamorus|Earth Power|p1b: Glimmora\n|-supereffective|p1b: Glimmora\n|-damage|p1b: Glimmora|0 fnt\n|faint|p1b: Glimmora\n|move|p2a: Mew|Skill Swap|p2b: Enamorus\n|-activate|p2a: Mew|move: Skill Swap|||[of] p2b: Enamorus\n|\n|upkeep\n|\n|t:|1697654828\n|switch|p1b: Dragapult|Dragapult, M, shiny|91\/100\n|turn|2\n|inactive|fdsgserfse has 90 seconds left.\n|\n|t:|1697654848\n|-terastallize|p2a: Mew|Dragon\n|-terastallize|p1a: Weezing|Flying\n|move|p1b: Dragapult|U-turn|p2a: Mew\n|-damage|p2a: Mew|1\/100\n|-damage|p1b: Dragapult|81\/100|[from] item: Life Orb\n|\n|t:|1697654857\n|switch|p1b: Ninetales|Ninetales-Alola, F, shiny|100\/100|[from] U-turn\n|move|p2b: Enamorus|Earth Power|p1a: Weezing\n|-immune|p1a: Weezing\n|move|p2a: Mew|Draco Meteor|p1b: Ninetales\n|-immune|p1b: Ninetales\n|move|p1a: Weezing|Acid Spray|p2b: Enamorus\n|-supereffective|p2b: Enamorus\n|-damage|p2b: Enamorus|63\/100\n|-unboost|p2b: Enamorus|spd|2\n|\n|-heal|p2b: Enamorus|69\/100|[from] item: Leftovers\n|upkeep\n|turn|3\n|inactive|fdsgserfse has 90 seconds left.\n|\n|t:|1697654885\n|move|p1b: Ninetales|Icy Wind|p2b: Enamorus|[spread] p2a,p2b\n|-supereffective|p2a: Mew\n|-supereffective|p2b: Enamorus\n|-damage|p2a: Mew|0 fnt\n|-damage|p2b: Enamorus|0 fnt\n|faint|p2a: Mew\n|faint|p2b: Enamorus\n|move|p1a: Weezing|Acid Spray|p2: Mew|[notarget]\n|-fail|p1a: Weezing\n|\n|upkeep\n|inactive|erce1234 has 120 seconds left.\n|\n|t:|1697654924\n|switch|p2b: Amoonguss|Amoonguss, F|100\/100\n|switch|p2a: Arcanine|Arcanine-Hisui, F|100\/100\n|turn|4\n|\n|t:|1697654943\n|move|p2b: Amoonguss|Rage Powder|p2b: Amoonguss\n|-singleturn|p2b: Amoonguss|move: Rage Powder\n|move|p1b: Ninetales|Icy Wind|p2b: Amoonguss|[spread] p2a,p2b\n|-resisted|p2a: Arcanine\n|-supereffective|p2b: Amoonguss\n|-damage|p2a: Arcanine|96\/100\n|-damage|p2b: Amoonguss|76\/100\n|-unboost|p2a: Arcanine|spe|1\n|-unboost|p2b: Amoonguss|spe|1\n|move|p2a: Arcanine|Flare Blitz|p1b: Ninetales\n|-supereffective|p1b: Ninetales\n|-damage|p1b: Ninetales|0 fnt\n|faint|p1b: Ninetales\n|-damage|p2a: Arcanine|63\/100|[from] Recoil\n|move|p1a: Weezing|Flamethrower|p2b: Amoonguss\n|-supereffective|p2b: Amoonguss\n|-damage|p2b: Amoonguss|44\/100\n|\n|upkeep\n|\n|t:|1697654969\n|switch|p1b: Dragapult|Dragapult, M, shiny|81\/100\n|turn|5\n|inactive|erce1234 has 120 seconds left.\n|\n|t:|1697654998\n|move|p1b: Dragapult|Psychic Fangs|p2a: Arcanine\n|-damage|p2a: Arcanine|14\/100\n|-damage|p1b: Dragapult|71\/100|[from] item: Life Orb\n|move|p2a: Arcanine|Head Smash|p1a: Weezing|[miss]\n|-miss|p2a: Arcanine|p1a: Weezing\n|move|p1a: Weezing|Acid Spray|p2a: Arcanine\n|-resisted|p2a: Arcanine\n|-damage|p2a: Arcanine|9\/100\n|-unboost|p2a: Arcanine|spd|2\n|move|p2b: Amoonguss|Spore|p1b: Dragapult\n|-status|p1b: Dragapult|slp|[from] move: Spore\n|\n|upkeep\n|turn|6\n|inactive|fdsgserfse has 120 seconds left.\n|inactive|erce1234 has 120 seconds left.\n|\n|t:|1697655017\n|cant|p1b: Dragapult|slp\n|move|p2a: Arcanine|Head Smash|p1a: Weezing|[miss]\n|-miss|p2a: Arcanine|p1a: Weezing\n|move|p1a: Weezing|Flamethrower|p2b: Amoonguss\n|-supereffective|p2b: Amoonguss\n|-damage|p2b: Amoonguss|10\/100\n|move|p2b: Amoonguss|Pollen Puff|p2a: Arcanine\n|-heal|p2a: Arcanine|59\/100\n|\n|upkeep\n|turn|7\n|\n|t:|1697655041\n|switch|p2b: Lokix|Lokix, M|100\/100\n|move|p1a: Weezing|Protect|p1a: Weezing\n|-singleturn|p1a: Weezing|Protect\n|cant|p1b: Dragapult|slp\n|move|p2a: Arcanine|Head Smash|p1a: Weezing\n|-activate|p1a: Weezing|move: Protect\n|\n|upkeep\n|turn|8\n|\n|t:|1697655060\n|cant|p1b: Dragapult|slp\n|move|p2b: Lokix|Thief|p1b: Dragapult\n|-supereffective|p1b: Dragapult\n|-damage|p1b: Dragapult|0 fnt\n|-enditem|p1b: Dragapult|Life Orb|[silent]|[from] move: Thief|[of] p2b: Lokix\n|-item|p2b: Lokix|Life Orb|[from] move: Thief|[of] p1b: Dragapult\n|faint|p1b: Dragapult\n|-damage|p2b: Lokix|91\/100|[from] item: Life Orb\n|move|p2a: Arcanine|Head Smash|p1a: Weezing\n|-supereffective|p1a: Weezing\n|-damage|p1a: Weezing|0 fnt\n|faint|p1a: Weezing\n|-end|p1a: Weezing|ability: Neutralizing Gas\n|\n|upkeep\n|inactive|fdsgserfse has 120 seconds left.\n|\n|t:|1697655099\n|switch|p1b: Milotic|Milotic, F, shiny|100\/100\n|switch|p1a: Kingambit|Kingambit, M, shiny|100\/100\n|turn|9\n|inactive|fdsgserfse has 120 seconds left.\n|\n|t:|1697655121\n|move|p1a: Kingambit|Protect|p1a: Kingambit\n|-singleturn|p1a: Kingambit|Protect\n|move|p2b: Lokix|U-turn|p1a: Kingambit\n|-activate|p1a: Kingambit|move: Protect\n|move|p2a: Arcanine|Flare Blitz|p1a: Kingambit\n|-activate|p1a: Kingambit|move: Protect\n|move|p1b: Milotic|Scald|p2a: Arcanine\n|-supereffective|p2a: Arcanine\n|-damage|p2a: Arcanine|0 fnt\n|faint|p2a: Arcanine\n|\n|upkeep\n|\n|t:|1697655133\n|switch|p2a: Amoonguss|Amoonguss, F|10\/100\n|turn|10\n|inactive|fdsgserfse has 120 seconds left.\n|\n|t:|1697655183\n|move|p2b: Lokix|U-turn|p1a: Kingambit\n|-damage|p1a: Kingambit|72\/100\n|-damage|p2b: Lokix|81\/100|[from] item: Life Orb\n|\n|t:|1697655188\n|switch|p2b: Sneasler|Sneasler, F|100\/100|[from] U-turn\n|move|p1b: Milotic|Scald|p2a: Amoonguss\n|-resisted|p2a: Amoonguss\n|-damage|p2a: Amoonguss|0 fnt\n|faint|p2a: Amoonguss\n|move|p1a: Kingambit|Kowtow Cleave|p2b: Sneasler\n|-resisted|p2b: Sneasler\n|-damage|p2b: Sneasler|47\/100\n|\n|upkeep\n|\n|t:|1697655194\n|switch|p2a: Lokix|Lokix, M|81\/100\n|turn|11\n|inactive|fdsgserfse has 120 seconds left.\n|\n|t:|1697655204\n|move|p2a: Lokix|First Impression|p1b: Milotic\n|-damage|p1b: Milotic|51\/100\n|-damage|p2a: Lokix|71\/100|[from] item: Life Orb\n|move|p1a: Kingambit|Sucker Punch|p2b: Sneasler\n|-resisted|p2b: Sneasler\n|-damage|p2b: Sneasler|5\/100\n|move|p2b: Sneasler|Close Combat|p1b: Milotic\n|-damage|p1b: Milotic|0 fnt\n|-unboost|p2b: Sneasler|def|1\n|-unboost|p2b: Sneasler|spd|1\n|-enditem|p2b: Sneasler|White Herb\n|-clearnegativeboost|p2b: Sneasler|[silent]\n|faint|p1b: Milotic\n|\n|upkeep\n|turn|12\n|inactive|erce1234 has 120 seconds left.\n|\n|t:|1697655238\n|move|p1a: Kingambit|Sucker Punch||[still]\n|-fail|p1a: Kingambit\n|move|p2b: Sneasler|Swords Dance|p2b: Sneasler\n|-boost|p2b: Sneasler|atk|2\n|move|p2a: Lokix|U-turn|p1a: Kingambit\n|-damage|p1a: Kingambit|45\/100\n|-damage|p2a: Lokix|61\/100|[from] item: Life Orb\n|\n|upkeep\n|turn|13\n|\n|t:|1697655252\n|move|p1a: Kingambit|Sucker Punch|p2a: Lokix\n|-resisted|p2a: Lokix\n|-damage|p2a: Lokix|25\/100\n|move|p2b: Sneasler|Close Combat|p1a: Kingambit\n|-supereffective|p1a: Kingambit\n|-damage|p1a: Kingambit|0 fnt\n|-unboost|p2b: Sneasler|def|1\n|-unboost|p2b: Sneasler|spd|1\n|faint|p1a: Kingambit\n|\n|win|erce1234\n|raw|fdsgserfse's rating: 1048 &rarr; <strong>1033<\/strong><br \/>(-15 for losing)\n|raw|erce1234's rating: 1099 &rarr; <strong>1120<\/strong><br \/>(+21 for winning)\n|l|\u2606fdsgserfse\n","uploadtime":1697655271,"views":25,"p1id":"fdsgserfse","p2id":"erce1234","formatid":"gen9doublesou","rating":1033,"private":0,"password":""}