{"id":"gen9doublesou-1990499873","p1":"An archaeologist","p2":"sikort","format":"[Gen 9] Doubles OU","log":"|j|\u2606An archaeologist\n|j|\u2606sikort\n|t:|1699976498\n|gametype|doubles\n|player|p1|An archaeologist|hiker-gen4|1504\n|player|p2|sikort|scientist|1509\n|teamsize|p1|6\n|teamsize|p2|6\n|gen|9\n|tier|[Gen 9] Doubles OU\n|rated|\n|rule|Species Clause: Limit one of each Pok\u00e9mon\n|rule|OHKO Clause: OHKO moves are banned\n|rule|Evasion Moves Clause: Evasion moves are banned\n|rule|Gravity Sleep Clause: The combination of sleep-inducing moves with imperfect accuracy and Gravity or Gigantamax Orbeetle are banned\n|rule|Endless Battle Clause: Forcing endless battles is banned\n|rule|HP Percentage Mod: HP is shown in percentages\n|clearpoke\n|poke|p1|Pelipper, M|\n|poke|p1|Drednaw, F|\n|poke|p1|Basculegion-F, F|\n|poke|p1|Glimmora, F|\n|poke|p1|Tornadus, M|\n|poke|p1|Sneasler, F|\n|poke|p2|Tornadus, M|\n|poke|p2|Chi-Yu|\n|poke|p2|Flutter Mane|\n|poke|p2|Chien-Pao|\n|poke|p2|Rillaboom, M|\n|poke|p2|Milotic, F|\n|teampreview\n|\n|t:|1699976513\n|start\n|switch|p1a: Tornadus|Tornadus, M|100\/100\n|switch|p1b: Sneasler|Sneasler, F|100\/100\n|switch|p2a: Tornadus|Tornadus, M, shiny|100\/100\n|switch|p2b: Milotic|Milotic, F, shiny|100\/100\n|turn|1\n|inactive|Battle timer is ON: inactive players will automatically lose when time's up. (requested by An archaeologist)\n|\n|t:|1699976532\n|-terastallize|p1b: Sneasler|Flying\n|move|p1a: Tornadus|Swagger|p2a: Tornadus\n|-boost|p2a: Tornadus|atk|2\n|-enditem|p1b: Sneasler|Mirror Herb\n|-boost|p1b: Sneasler|atk|2|[from] item: Mirror Herb\n|-start|p2a: Tornadus|confusion\n|-activate|p2a: Tornadus|confusion\n|-damage|p2a: Tornadus|75\/100|[from] confusion\n|move|p1b: Sneasler|Acrobatics|p2b: Milotic\n|-crit|p2b: Milotic\n|-damage|p2b: Milotic|0 fnt\n|faint|p2b: Milotic\n|\n|upkeep\n|\n|t:|1699976549\n|switch|p2b: Chien-Pao|Chien-Pao|100\/100\n|-ability|p2b: Chien-Pao|Sword of Ruin\n|turn|2\n|\n|t:|1699976557\n|move|p2b: Chien-Pao|Protect|p2b: Chien-Pao\n|-singleturn|p2b: Chien-Pao|Protect\n|move|p1a: Tornadus|Tailwind|p1a: Tornadus\n|-sidestart|p1: An archaeologist|move: Tailwind\n|-end|p2a: Tornadus|confusion\n|move|p2a: Tornadus|Tailwind|p2a: Tornadus\n|-sidestart|p2: sikort|move: Tailwind\n|move|p1b: Sneasler|Close Combat|p2b: Chien-Pao\n|-activate|p2b: Chien-Pao|move: Protect\n|\n|upkeep\n|turn|3\n|\n|t:|1699976573\n|move|p2b: Chien-Pao|Sucker Punch|p1b: Sneasler\n|-damage|p1b: Sneasler|20\/100\n|move|p1b: Sneasler|Close Combat|p2b: Chien-Pao\n|-supereffective|p2b: Chien-Pao\n|-enditem|p2b: Chien-Pao|Focus Sash\n|-damage|p2b: Chien-Pao|1\/100\n|-unboost|p1b: Sneasler|def|1\n|-unboost|p1b: Sneasler|spd|1\n|move|p2a: Tornadus|Bleakwind Storm|p1b: Sneasler|[spread] p1a\n|-miss|p2a: Tornadus|p1b: Sneasler\n|-damage|p1a: Tornadus|53\/100\n|move|p1a: Tornadus|Sludge Bomb|p2a: Tornadus\n|-damage|p2a: Tornadus|36\/100\n|\n|-heal|p1a: Tornadus|59\/100|[from] item: Leftovers\n|upkeep\n|turn|4\n|\n|t:|1699976594\n|move|p2b: Chien-Pao|Sucker Punch|p1b: Sneasler\n|-damage|p1b: Sneasler|0 fnt\n|faint|p1b: Sneasler\n|move|p2a: Tornadus|Bleakwind Storm|p1a: Tornadus\n|-damage|p1a: Tornadus|0 fnt\n|faint|p1a: Tornadus\n|\n|upkeep\n|\n|t:|1699976605\n|switch|p1a: Basculegion|Basculegion-F, F|100\/100\n|switch|p1b: Pelipper|Pelipper, M|100\/100\n|-weather|RainDance|[from] ability: Drizzle|[of] p1b: Pelipper\n|turn|5\n|\n|t:|1699976620\n|move|p1a: Basculegion|Aqua Jet|p2b: Chien-Pao\n|-damage|p2b: Chien-Pao|0 fnt\n|faint|p2b: Chien-Pao\n|-damage|p1a: Basculegion|91\/100|[from] item: Life Orb\n|move|p2a: Tornadus|Bleakwind Storm|p1a: Basculegion|[spread] p1a,p1b\n|-damage|p1a: Basculegion|53\/100\n|-damage|p1b: Pelipper|56\/100\n|move|p1b: Pelipper|Weather Ball|p2a: Tornadus\n|-damage|p2a: Tornadus|0 fnt\n|faint|p2a: Tornadus\n|\n|-weather|RainDance|[upkeep]\n|-sideend|p2: sikort|move: Tailwind\n|-sideend|p1: An archaeologist|move: Tailwind\n|upkeep\n|\n|t:|1699976637\n|switch|p2b: Flutter Mane|Flutter Mane|100\/100\n|switch|p2a: Rillaboom|Rillaboom, M, shiny|100\/100\n|-fieldstart|move: Grassy Terrain|[from] ability: Grassy Surge|[of] p2a: Rillaboom\n|-enditem|p2b: Flutter Mane|Booster Energy\n|-activate|p2b: Flutter Mane|ability: Protosynthesis|[fromitem]\n|-start|p2b: Flutter Mane|protosynthesisspa\n|turn|6\n|\n|t:|1699976656\n|move|p2b: Flutter Mane|Protect|p2b: Flutter Mane\n|-singleturn|p2b: Flutter Mane|Protect\n|move|p2a: Rillaboom|Grassy Glide|p1a: Basculegion\n|-supereffective|p1a: Basculegion\n|-damage|p1a: Basculegion|0 fnt\n|faint|p1a: Basculegion\n|move|p1b: Pelipper|Icy Wind|p2a: Rillaboom|[spread] p2a\n|-activate|p2b: Flutter Mane|move: Protect\n|-supereffective|p2a: Rillaboom\n|-damage|p2a: Rillaboom|81\/100\n|-unboost|p2a: Rillaboom|spe|1\n|\n|-weather|RainDance|[upkeep]\n|-heal|p2a: Rillaboom|87\/100|[from] Grassy Terrain\n|upkeep\n|\n|t:|1699976671\n|switch|p1a: Glimmora|Glimmora, F|100\/100\n|turn|7\n|\n|t:|1699976692\n|switch|p2a: Chi-Yu|Chi-Yu|100\/100\n|-ability|p2a: Chi-Yu|Beads of Ruin\n|-terastallize|p2b: Flutter Mane|Ghost\n|move|p2b: Flutter Mane|Shadow Ball|p1a: Glimmora\n|-enditem|p1a: Glimmora|Focus Sash\n|-damage|p1a: Glimmora|1\/100\n|move|p1a: Glimmora|Mortal Spin|p2b: Flutter Mane|[spread] p2a,p2b\n|-resisted|p2b: Flutter Mane\n|-damage|p2a: Chi-Yu|93\/100\n|-damage|p2b: Flutter Mane|95\/100\n|-status|p2a: Chi-Yu|psn\n|-status|p2b: Flutter Mane|psn\n|move|p1b: Pelipper|Hurricane|p2b: Flutter Mane\n|-damage|p2b: Flutter Mane|22\/100 psn\n|\n|-weather|RainDance|[upkeep]\n|-heal|p2b: Flutter Mane|28\/100 psn|[from] Grassy Terrain\n|-heal|p2a: Chi-Yu|99\/100 psn|[from] Grassy Terrain\n|-heal|p1a: Glimmora|7\/100|[from] Grassy Terrain\n|-damage|p2b: Flutter Mane|16\/100 psn|[from] psn\n|-damage|p2a: Chi-Yu|87\/100 psn|[from] psn\n|upkeep\n|turn|8\n|\n|t:|1699976719\n|move|p2b: Flutter Mane|Shadow Ball|p1a: Glimmora\n|-damage|p1a: Glimmora|0 fnt\n|faint|p1a: Glimmora\n|move|p2a: Chi-Yu|Dark Pulse|p1b: Pelipper\n|-damage|p1b: Pelipper|0 fnt\n|faint|p1b: Pelipper\n|\n|-weather|RainDance|[upkeep]\n|-heal|p2b: Flutter Mane|22\/100 psn|[from] Grassy Terrain\n|-heal|p2a: Chi-Yu|93\/100 psn|[from] Grassy Terrain\n|-damage|p2b: Flutter Mane|10\/100 psn|[from] psn\n|-damage|p2a: Chi-Yu|80\/100 psn|[from] psn\n|upkeep\n|inactive|An archaeologist has 120 seconds left.\n|\n|t:|1699976734\n|switch|p1b: Drednaw|Drednaw, F|100\/100\n|turn|9\n|\n|t:|1699976740\n|move|p1b: Drednaw|Earthquake|p2a: Chi-Yu|[spread] p2a,p2b\n|-supereffective|p2a: Chi-Yu\n|-damage|p2a: Chi-Yu|35\/100 psn\n|-damage|p2b: Flutter Mane|0 fnt\n|faint|p2b: Flutter Mane\n|-end|p2b: Flutter Mane|Protosynthesis|[silent]\n|move|p2a: Chi-Yu|Dark Pulse|p1b: Drednaw\n|-enditem|p1b: Drednaw|Focus Sash\n|-damage|p1b: Drednaw|1\/100\n|\n|-weather|RainDance|[upkeep]\n|-heal|p1b: Drednaw|7\/100|[from] Grassy Terrain\n|-heal|p2a: Chi-Yu|41\/100 psn|[from] Grassy Terrain\n|-damage|p2a: Chi-Yu|28\/100 psn|[from] psn\n|upkeep\n|\n|t:|1699976751\n|switch|p2b: Rillaboom|Rillaboom, M, shiny|87\/100\n|turn|10\n|\n|t:|1699976756\n|move|p2b: Rillaboom|Fake Out|p1b: Drednaw\n|-resisted|p1b: Drednaw\n|-damage|p1b: Drednaw|0 fnt\n|faint|p1b: Drednaw\n|\n|win|sikort\n|raw|An archaeologist's rating: 1504 &rarr; <strong>1484<\/strong><br \/>(-20 for losing)\n|raw|sikort's rating: 1509 &rarr; <strong>1529<\/strong><br \/>(+20 for winning)\n|l|\u2606An archaeologist\n|l|\u2606sikort\n","uploadtime":1699976769,"views":4,"p1id":"anarchaeologist","p2id":"sikort","formatid":"gen9doublesou","rating":1484,"private":0,"password":""}