{"id":"gen9doublesou-1982026469","p1":"DolphinVGC","p2":"a spiffy spaceman","format":"[Gen 9] Doubles OU","log":"|j|\u2606DolphinVGC\n|j|\u2606a spiffy spaceman\n|t:|1698960783\n|gametype|doubles\n|player|p1|DolphinVGC|rye|\n|player|p2|a spiffy spaceman|pokemonbreeder|\n|teamsize|p1|6\n|teamsize|p2|6\n|gen|9\n|tier|[Gen 9] Doubles OU\n|rule|Species Clause: Limit one of each Pok\u00e9mon\n|rule|OHKO Clause: OHKO moves are banned\n|rule|Evasion Moves Clause: Evasion moves are banned\n|rule|Gravity Sleep Clause: The combination of sleep-inducing moves with imperfect accuracy and Gravity or Gigantamax Orbeetle are banned\n|rule|Endless Battle Clause: Forcing endless battles is banned\n|rule|HP Percentage Mod: HP is shown in percentages\n|clearpoke\n|poke|p1|Heatran, F|\n|poke|p1|Landorus-Therian, M|\n|poke|p1|Iron Hands|\n|poke|p1|Flutter Mane|\n|poke|p1|Ogerpon-Wellspring, F|\n|poke|p1|Kingambit, F|\n|poke|p2|Tornadus, M|\n|poke|p2|Landorus-Therian, M|\n|poke|p2|Ogerpon-Hearthflame, F|\n|poke|p2|Rillaboom, M|\n|poke|p2|Roaring Moon|\n|poke|p2|Heatran, F|\n|teampreview\n|c|\u2606DolphinVGC|Do you want to open the room?\n|c|\u2606a spiffy spaceman|go ahead\n|c|\u2606DolphinVGC|I think I had the hide room setting by default\n|c|\u2606DolphinVGC|\/log DolphinVGC made this room public.\n|c|\u2606DolphinVGC|GL HF\n|inactive|Battle timer is ON: inactive players will automatically lose when time's up. (requested by DolphinVGC)\n|j| Seroo\n|inactive|a spiffy spaceman has 270 seconds left.\n|j| theyummybagel\n|j| ina fable.\n|j| juega persona\n|j| Eragon11145\n|inactive|a spiffy spaceman has 240 seconds left.\n|j| VGCLTE ITZY\n|j| fangame10\n|j| RelicanthPrimal<><\n|j| Flying Beagle\n|inactive|a spiffy spaceman has 210 seconds left.\n|j| qsns\n|n| seroo|seroo\n|inactive|a spiffy spaceman has 180 seconds left.\n|l| ina fable.\n|j| ratpacker\n|j|+Arcticblast\n|j| fart rocket\n|j| ina fable.\n|j|+Mizuhime\n|\n|t:|1698960990\n|start\n|switch|p1a: Heatran|Heatran, F|100\/100\n|switch|p1b: Iron Hands|Iron Hands|100\/100\n|switch|p2a: Heatran|Heatran, F|100\/100\n|switch|p2b: Tornadus|Tornadus, M|100\/100\n|turn|1\n|j| AIRedzone\n|inactive|a spiffy spaceman has 240 seconds left.\n|j| BurntSkywalker\n|j| Shiritu\n|inactive|a spiffy spaceman has 210 seconds left.\n|j| entitledsanctuary\n|\n|t:|1698961039\n|switch|p2b: Landorus|Landorus-Therian, M|100\/100\n|-ability|p2b: Landorus|Intimidate|boost\n|-unboost|p1a: Heatran|atk|1\n|-unboost|p1b: Iron Hands|atk|1\n|-terastallize|p2a: Heatran|Fairy\n|move|p1b: Iron Hands|Fake Out|p2a: Heatran\n|-damage|p2a: Heatran|91\/100\n|move|p1a: Heatran|Magma Storm|p2b: Landorus\n|-damage|p2b: Landorus|48\/100\n|-activate|p2b: Landorus|move: Magma Storm|[of] p1a: Heatran\n|-enditem|p2b: Landorus|Sitrus Berry|[eat]\n|-heal|p2b: Landorus|73\/100|[from] item: Sitrus Berry\n|cant|p2a: Heatran|flinch\n|\n|-heal|p2a: Heatran|98\/100|[from] item: Leftovers\n|-damage|p2b: Landorus|61\/100|[from] move: Magma Storm|[partiallytrapped]\n|upkeep\n|turn|2\n|l| entitledsanctuary\n|inactive|a spiffy spaceman has 210 seconds left.\n|\n|t:|1698961082\n|-end|p1b: Iron Hands|Quark Drive|[silent]\n|switch|p1b: Landorus|Landorus-Therian, M|100\/100\n|-ability|p1b: Landorus|Intimidate|boost\n|-unboost|p2a: Heatran|atk|1\n|-unboost|p2b: Landorus|atk|1\n|move|p1a: Heatran|Protect|p1a: Heatran\n|-singleturn|p1a: Heatran|Protect\n|move|p2b: Landorus|Stealth Rock|p1b: Landorus\n|-sidestart|p1: DolphinVGC|move: Stealth Rock\n|move|p2a: Heatran|Will-O-Wisp|p1b: Landorus\n|-status|p1b: Landorus|brn\n|\n|-heal|p2a: Heatran|100\/100|[from] item: Leftovers\n|-damage|p1b: Landorus|94\/100 brn|[from] brn\n|-damage|p2b: Landorus|49\/100|[from] move: Magma Storm|[partiallytrapped]\n|upkeep\n|turn|3\n|inactive|DolphinVGC has 270 seconds left.\n|inactive|a spiffy spaceman has 180 seconds left.\n|inactive|DolphinVGC has 240 seconds left.\n|l|+Mizuhime\n|inactive|DolphinVGC has 210 seconds left.\n|j|+Mizuhime\n|\n|t:|1698961186\n|switch|p1a: Ogerpon|Ogerpon-Wellspring, F|100\/100\n|-damage|p1a: Ogerpon|88\/100|[from] Stealth Rock\n|move|p1b: Landorus|Rock Tomb|p2b: Landorus\n|-damage|p2b: Landorus|37\/100\n|-unboost|p2b: Landorus|spe|1\n|move|p2a: Heatran|Earth Power|p1a: Ogerpon\n|-resisted|p1a: Ogerpon\n|-damage|p1a: Ogerpon|72\/100\n|move|p2b: Landorus|U-turn|p1a: Ogerpon\n|-supereffective|p1a: Ogerpon\n|-damage|p1a: Ogerpon|35\/100\n|j| Cyril tbh\n|\n|t:|1698961209\n|switch|p2b: Roaring Moon|Roaring Moon|100\/100|[from] U-turn\n|\n|-damage|p1b: Landorus|88\/100 brn|[from] brn\n|upkeep\n|turn|4\n|inactive|DolphinVGC has 210 seconds left.\n|inactive|a spiffy spaceman has 150 seconds left.\n|j| SusejVGC\n|\n|t:|1698961254\n|switch|p1b: Iron Hands|Iron Hands|100\/100\n|-damage|p1b: Iron Hands|94\/100|[from] Stealth Rock\n|move|p2b: Roaring Moon|Knock Off|p1b: Iron Hands\n|-resisted|p1b: Iron Hands\n|-damage|p1b: Iron Hands|67\/100\n|-enditem|p1b: Iron Hands|Assault Vest|[from] move: Knock Off|[of] p2b: Roaring Moon\n|move|p1a: Ogerpon|Ivy Cudgel|p2a: Heatran\n|-damage|p2a: Heatran|60\/100\n|move|p2a: Heatran|Heat Wave|p1b: Iron Hands|[spread] p1a,p1b\n|-damage|p1a: Ogerpon|0 fnt\n|-damage|p1b: Iron Hands|34\/100\n|faint|p1a: Ogerpon\n|\n|-heal|p2a: Heatran|66\/100|[from] item: Leftovers\n|upkeep\n|\n|t:|1698961273\n|switch|p1a: Flutter Mane|Flutter Mane|100\/100\n|-damage|p1a: Flutter Mane|88\/100|[from] Stealth Rock\n|turn|5\n|j| entitledsanctuary\n|\n|t:|1698961303\n|-end|p2b: Roaring Moon|Protosynthesis|[silent]\n|switch|p2b: Rillaboom|Rillaboom, M|100\/100\n|-fieldstart|move: Grassy Terrain|[from] ability: Grassy Surge|[of] p2b: Rillaboom\n|move|p2a: Heatran|Protect|p2a: Heatran\n|-singleturn|p2a: Heatran|Protect\n|move|p1b: Iron Hands|Fake Out|p2a: Heatran\n|-activate|p2a: Heatran|move: Protect\n|move|p1a: Flutter Mane|Dazzling Gleam|p2b: Rillaboom|[spread] p2b\n|-activate|p2a: Heatran|move: Protect\n|-damage|p2b: Rillaboom|64\/100\n|\n|-heal|p1a: Flutter Mane|94\/100|[from] Grassy Terrain\n|-heal|p2b: Rillaboom|70\/100|[from] Grassy Terrain\n|-heal|p2a: Heatran|72\/100|[from] Grassy Terrain\n|-heal|p2a: Heatran|79\/100|[from] item: Leftovers\n|-heal|p1b: Iron Hands|40\/100|[from] Grassy Terrain\n|upkeep\n|turn|6\n|inactive|a spiffy spaceman has 150 seconds left.\n|l|+Mizuhime\n|j|+Mizuhime\n|\n|t:|1698961351\n|-end|p1a: Flutter Mane|Protosynthesis|[silent]\n|switch|p1a: Landorus|Landorus-Therian, M|88\/100 brn\n|-damage|p1a: Landorus|76\/100 brn|[from] Stealth Rock\n|-ability|p1a: Landorus|Intimidate|boost\n|-unboost|p2a: Heatran|atk|1\n|-unboost|p2b: Rillaboom|atk|1\n|-end|p1b: Iron Hands|Quark Drive|[silent]\n|switch|p1b: Heatran|Heatran, F|100\/100\n|-damage|p1b: Heatran|88\/100|[from] Stealth Rock\n|move|p2b: Rillaboom|U-turn|p1a: Landorus\n|-resisted|p1a: Landorus\n|-crit|p1a: Landorus\n|-damage|p1a: Landorus|55\/100 brn\n|inactive|a spiffy spaceman has 120 seconds left.\n|l|+Mizuhime\n|j|+Mizuhime\n|\n|t:|1698961391\n|switch|p2b: Landorus|Landorus-Therian, M|37\/100|[from] U-turn\n|-ability|p2b: Landorus|Intimidate|boost\n|-unboost|p1a: Landorus|atk|1\n|-unboost|p1b: Heatran|atk|1\n|move|p2a: Heatran|Earth Power|p1b: Heatran\n|-supereffective|p1b: Heatran\n|-damage|p1b: Heatran|0 fnt\n|faint|p1b: Heatran\n|\n|-heal|p2a: Heatran|85\/100|[from] Grassy Terrain\n|-heal|p2a: Heatran|91\/100|[from] item: Leftovers\n|-damage|p1a: Landorus|49\/100 brn|[from] brn\n|upkeep\n|inactive|DolphinVGC has 180 seconds left.\n|l|+Mizuhime\n|\n|t:|1698961446\n|switch|p1b: Flutter Mane|Flutter Mane|94\/100\n|-damage|p1b: Flutter Mane|82\/100|[from] Stealth Rock\n|turn|7\n|inactive|a spiffy spaceman has 120 seconds left.\n|\n|t:|1698961481\n|move|p2a: Heatran|Protect|p2a: Heatran\n|-singleturn|p2a: Heatran|Protect\n|move|p1a: Landorus|U-turn|p2b: Landorus\n|-resisted|p2b: Landorus\n|-damage|p2b: Landorus|32\/100\n|\n|t:|1698961488\n|switch|p1a: Kingambit|Kingambit, F|100\/100|[from] U-turn\n|-damage|p1a: Kingambit|94\/100|[from] Stealth Rock\n|move|p1b: Flutter Mane|Dazzling Gleam|p2b: Landorus|[spread] p2b\n|-activate|p2a: Heatran|move: Protect\n|-damage|p2b: Landorus|0 fnt\n|faint|p2b: Landorus\n|\n|-heal|p1b: Flutter Mane|88\/100|[from] Grassy Terrain\n|-heal|p2a: Heatran|97\/100|[from] Grassy Terrain\n|-heal|p2a: Heatran|100\/100|[from] item: Leftovers\n|-heal|p1a: Kingambit|100\/100|[from] Grassy Terrain\n|upkeep\n|inactive|a spiffy spaceman has 90 seconds left.\n|\n|t:|1698961507\n|switch|p2b: Ogerpon|Ogerpon-Hearthflame, F|100\/100\n|-ability|p2b: Ogerpon|Mold Breaker\n|turn|8\n|inactive|DolphinVGC has 180 seconds left.\n|inactive|a spiffy spaceman has 90 seconds left.\n|inactive|a spiffy spaceman has 60 seconds left.\n|\n|t:|1698961580\n|-end|p1b: Flutter Mane|Protosynthesis|[silent]\n|switch|p1b: Landorus|Landorus-Therian, M|49\/100 brn\n|-damage|p1b: Landorus|37\/100 brn|[from] Stealth Rock\n|-ability|p1b: Landorus|Intimidate|boost\n|-unboost|p2a: Heatran|atk|1\n|-unboost|p2b: Ogerpon|atk|1\n|-terastallize|p1a: Kingambit|Fairy\n|move|p2b: Ogerpon|Ivy Cudgel|p1a: Kingambit\n|-damage|p1a: Kingambit|70\/100\n|move|p2a: Heatran|Will-O-Wisp|p1a: Kingambit\n|-status|p1a: Kingambit|brn\n|move|p1a: Kingambit|Iron Head|p2a: Heatran\n|-supereffective|p2a: Heatran\n|-damage|p2a: Heatran|65\/100\n|\n|-heal|p2a: Heatran|71\/100|[from] Grassy Terrain\n|-heal|p2a: Heatran|77\/100|[from] item: Leftovers\n|-heal|p1a: Kingambit|76\/100 brn|[from] Grassy Terrain\n|-damage|p1b: Landorus|31\/100 brn|[from] brn\n|-damage|p1a: Kingambit|70\/100 brn|[from] brn\n|upkeep\n|turn|9\n|inactive|a spiffy spaceman has 60 seconds left.\n|inactive|DolphinVGC has 180 seconds left.\n|j| Polar Fist\n|\n|t:|1698961615\n|switch|p2b: Tornadus|Tornadus, M|100\/100\n|move|p1b: Landorus|Rock Tomb|p2a: Heatran\n|-damage|p2a: Heatran|66\/100\n|-unboost|p2a: Heatran|spe|1\n|move|p1a: Kingambit|Iron Head|p2a: Heatran\n|-supereffective|p2a: Heatran\n|-damage|p2a: Heatran|27\/100\n|move|p2a: Heatran|Heat Wave|p1b: Landorus|[spread] p1a,p1b\n|-damage|p1a: Kingambit|36\/100 brn\n|-damage|p1b: Landorus|0 fnt\n|faint|p1b: Landorus\n|\n|-heal|p1a: Kingambit|42\/100 brn|[from] Grassy Terrain\n|-heal|p2a: Heatran|34\/100|[from] Grassy Terrain\n|-heal|p2a: Heatran|40\/100|[from] item: Leftovers\n|-damage|p1a: Kingambit|36\/100 brn|[from] brn\n|-fieldend|move: Grassy Terrain\n|upkeep\n|\n|t:|1698961628\n|switch|p1b: Flutter Mane|Flutter Mane|88\/100\n|-damage|p1b: Flutter Mane|75\/100|[from] Stealth Rock\n|turn|10\n|l| Polar Fist\n|inactive|DolphinVGC has 180 seconds left.\n|inactive|a spiffy spaceman has 60 seconds left.\n|\n|t:|1698961647\n|move|p2b: Tornadus|Tailwind|p2b: Tornadus\n|-sidestart|p2: a spiffy spaceman|move: Tailwind\n|move|p1b: Flutter Mane|Dazzling Gleam|p2b: Tornadus|[spread] p2a,p2b\n|-damage|p2a: Heatran|4\/100\n|-damage|p2b: Tornadus|49\/100\n|move|p2a: Heatran|Heat Wave|p1b: Flutter Mane|[spread] p1a,p1b\n|-damage|p1a: Kingambit|0 fnt\n|-damage|p1b: Flutter Mane|43\/100\n|faint|p1a: Kingambit\n|\n|-heal|p2a: Heatran|10\/100|[from] item: Leftovers\n|upkeep\n|inactive|DolphinVGC has 180 seconds left.\n|c|\u2606DolphinVGC|gg\n|\n|t:|1698961658\n|switch|p1a: Iron Hands|Iron Hands|40\/100\n|-damage|p1a: Iron Hands|34\/100|[from] Stealth Rock\n|turn|11\n|\n|t:|1698961666\n|move|p1a: Iron Hands|Fake Out|p2b: Tornadus\n|-damage|p2b: Tornadus|34\/100\n|move|p2b: Tornadus|Bleakwind Storm|p1a: Iron Hands|[spread] p1a,p1b\n|-damage|p1a: Iron Hands|8\/100\n|-damage|p1b: Flutter Mane|15\/100\n|move|p1b: Flutter Mane|Dazzling Gleam|p2a: Heatran|[spread] p2a,p2b\n|-damage|p2a: Heatran|0 fnt\n|-damage|p2b: Tornadus|0 fnt\n|faint|p2a: Heatran\n|faint|p2b: Tornadus\n|\n|upkeep\n|\n|t:|1698961672\n|switch|p2b: Rillaboom|Rillaboom, M|70\/100\n|switch|p2a: Roaring Moon|Roaring Moon|100\/100\n|-fieldstart|move: Grassy Terrain|[from] ability: Grassy Surge|[of] p2b: Rillaboom\n|turn|12\n|\n|t:|1698961677\n|move|p2b: Rillaboom|Grassy Glide|p1a: Iron Hands\n|-damage|p1a: Iron Hands|0 fnt\n|faint|p1a: Iron Hands\n|-end|p1a: Iron Hands|Quark Drive|[silent]\n|move|p2a: Roaring Moon|Knock Off|p1b: Flutter Mane\n|-crit|p1b: Flutter Mane\n|-damage|p1b: Flutter Mane|0 fnt\n|-enditem|p1b: Flutter Mane|Choice Specs|[from] move: Knock Off|[of] p2a: Roaring Moon\n|faint|p1b: Flutter Mane\n|-end|p1b: Flutter Mane|Protosynthesis|[silent]\n|\n|win|a spiffy spaceman\n|c|\u2606a spiffy spaceman|gg\n|l| juega persona\n|l| seroo\n|l|\u2606a spiffy spaceman\n|l|+Arcticblast\n|l| fart rocket\n|l| VGCLTE ITZY\n|l| BurntSkywalker\n|j| a$ap regirock\n|l| ratpacker\n|l| RelicanthPrimal<><\n|l| ina fable.\n|l| AIRedzone\n|l| Eragon11145\n|l| entitledsanctuary\n|l| SusejVGC\n|j|+Actuarily\n|l| a$ap regirock\n|l|+Actuarily\n","uploadtime":1698961683,"views":247,"p1id":"dolphinvgc","p2id":"aspiffyspaceman","formatid":"gen9doublesou","rating":0,"private":0,"password":""}