{"id":"gen9doublesou-1976132839","p1":"pjc93","p2":"ubbbber","format":"[Gen 9] Doubles OU","log":"|j|\u2606pjc93\n|j|\u2606ubbbber\n|t:|1698266516\n|gametype|doubles\n|player|p1|pjc93|266|1113\n|player|p2|ubbbber|koga|1000\n|teamsize|p1|6\n|teamsize|p2|6\n|gen|9\n|tier|[Gen 9] Doubles OU\n|rated|\n|rule|Species Clause: Limit one of each Pok\u00e9mon\n|rule|OHKO Clause: OHKO moves are banned\n|rule|Evasion Moves Clause: Evasion moves are banned\n|rule|Gravity Sleep Clause: The combination of sleep-inducing moves with imperfect accuracy and Gravity or Gigantamax Orbeetle are banned\n|rule|Endless Battle Clause: Forcing endless battles is banned\n|rule|HP Percentage Mod: HP is shown in percentages\n|clearpoke\n|poke|p1|Manaphy|\n|poke|p1|Sinistcha-Masterpiece|\n|poke|p1|Cresselia, F|\n|poke|p1|Tornadus, M|\n|poke|p1|Walking Wake|\n|poke|p1|Ursaluna-Bloodmoon, M|\n|poke|p2|Ninetales-Alola, M|\n|poke|p2|Articuno|\n|poke|p2|Kommo-o, F|\n|poke|p2|Abomasnow, M|\n|poke|p2|Spidops, F|\n|poke|p2|Cinderace, M|\n|teampreview\n|\n|t:|1698266531\n|start\n|switch|p1a: Manaphy|Manaphy|100\/100\n|switch|p1b: Walking Wake|Walking Wake|100\/100\n|switch|p2a: Ninetales|Ninetales-Alola, M|100\/100\n|switch|p2b: Articuno|Articuno|100\/100\n|-weather|Snow|[from] ability: Snow Warning|[of] p2a: Ninetales\n|turn|1\n|\n|t:|1698266556\n|-terastallize|p2b: Articuno|Ice\n|move|p2a: Ninetales|Aurora Veil|p2a: Ninetales\n|-sidestart|p2: ubbbber|move: Aurora Veil\n|move|p1b: Walking Wake|Flamethrower|p2a: Ninetales\n|-supereffective|p2a: Ninetales\n|-damage|p2a: Ninetales|49\/100\n|move|p1a: Manaphy|Tail Glow|p1a: Manaphy\n|-boost|p1a: Manaphy|spa|3\n|move|p2b: Articuno|Blizzard|p1a: Manaphy|[spread] p1a,p1b\n|-resisted|p1a: Manaphy\n|-damage|p1a: Manaphy|79\/100\n|-damage|p1b: Walking Wake|63\/100\n|\n|-weather|Snow|[upkeep]\n|-heal|p1a: Manaphy|85\/100|[from] item: Leftovers\n|upkeep\n|turn|2\n|\n|t:|1698266595\n|move|p2a: Ninetales|Blizzard|p1b: Walking Wake|[spread] p1a,p1b\n|-resisted|p1a: Manaphy\n|-crit|p1a: Manaphy\n|-damage|p1a: Manaphy|66\/100\n|-damage|p1b: Walking Wake|40\/100\n|-status|p1a: Manaphy|frz\n|move|p1b: Walking Wake|Flamethrower|p2a: Ninetales\n|-supereffective|p2a: Ninetales\n|-damage|p2a: Ninetales|0 fnt\n|faint|p2a: Ninetales\n|-curestatus|p1a: Manaphy|frz|[msg]\n|move|p1a: Manaphy|Heart Swap|p1b: Walking Wake\n|-swapboost|p1a: Manaphy|p1b: Walking Wake|[from] move: Heart Swap\n|move|p2b: Articuno|Blizzard|p1a: Manaphy|[spread] p1a,p1b\n|-resisted|p1a: Manaphy\n|-damage|p1a: Manaphy|46\/100\n|-damage|p1b: Walking Wake|7\/100\n|\n|-weather|Snow|[upkeep]\n|-heal|p1a: Manaphy|52\/100|[from] item: Leftovers\n|upkeep\n|\n|t:|1698266615\n|switch|p2a: Kommo-o|Kommo-o, F|100\/100\n|turn|3\n|\n|t:|1698266659\n|move|p1b: Walking Wake|Draco Meteor|p2a: Kommo-o\n|-supereffective|p2a: Kommo-o\n|-damage|p2a: Kommo-o|0 fnt\n|-unboost|p1b: Walking Wake|spa|2\n|faint|p2a: Kommo-o\n|move|p1a: Manaphy|Scald|p2b: Articuno\n|-damage|p2b: Articuno|81\/100\n|move|p2b: Articuno|Blizzard|p1b: Walking Wake|[spread] p1a,p1b\n|-resisted|p1a: Manaphy\n|-damage|p1a: Manaphy|33\/100\n|-damage|p1b: Walking Wake|0 fnt\n|faint|p1b: Walking Wake\n|-end|p1b: Walking Wake|Protosynthesis|[silent]\n|\n|-weather|Snow|[upkeep]\n|-heal|p1a: Manaphy|40\/100|[from] item: Leftovers\n|upkeep\n|\n|t:|1698266690\n|switch|p1b: Sinistcha|Sinistcha-Masterpiece|100\/100\n|switch|p2a: Cinderace|Cinderace, M|100\/100\n|-heal|p1a: Manaphy|65\/100|[from] ability: Hospitality|[of] p1b: Sinistcha\n|turn|4\n|\n|t:|1698266710\n|switch|p1b: Cresselia|Cresselia, F|100\/100\n|move|p2a: Cinderace|High Jump Kick|p1a: Manaphy\n|-start|p2a: Cinderace|typechange|Fighting|[from] ability: Libero\n|-damage|p1a: Manaphy|12\/100\n|move|p1a: Manaphy|Tail Glow|p1a: Manaphy\n|-boost|p1a: Manaphy|spa|3\n|move|p2b: Articuno|Blizzard|p1b: Cresselia|[spread] p1a,p1b\n|-resisted|p1a: Manaphy\n|-damage|p1a: Manaphy|0 fnt\n|-damage|p1b: Cresselia|69\/100\n|faint|p1a: Manaphy\n|\n|-weather|Snow|[upkeep]\n|-heal|p1b: Cresselia|75\/100|[from] item: Leftovers\n|upkeep\n|\n|t:|1698266728\n|switch|p1a: Tornadus|Tornadus, M|100\/100\n|turn|5\n|\n|t:|1698266749\n|move|p1a: Tornadus|Tailwind|p1a: Tornadus\n|-sidestart|p1: pjc93|move: Tailwind\n|move|p1b: Cresselia|Psychic|p2a: Cinderace\n|-supereffective|p2a: Cinderace\n|-damage|p2a: Cinderace|30\/100\n|move|p2a: Cinderace|Bulk Up|p2a: Cinderace\n|-boost|p2a: Cinderace|atk|1\n|-boost|p2a: Cinderace|def|1\n|move|p2b: Articuno|Blizzard|p1a: Tornadus|[spread] p1a,p1b\n|-supereffective|p1a: Tornadus\n|-damage|p1a: Tornadus|0 fnt\n|-damage|p1b: Cresselia|45\/100\n|faint|p1a: Tornadus\n|\n|-weather|Snow|[upkeep]\n|-heal|p1b: Cresselia|51\/100|[from] item: Leftovers\n|-sideend|p2: ubbbber|move: Aurora Veil\n|upkeep\n|\n|t:|1698266766\n|switch|p1a: Ursaluna|Ursaluna-Bloodmoon, M|100\/100\n|turn|6\n|\n|t:|1698266786\n|move|p1b: Cresselia|Psychic|p2a: Cinderace\n|-supereffective|p2a: Cinderace\n|-damage|p2a: Cinderace|0 fnt\n|faint|p2a: Cinderace\n|move|p2b: Articuno|Hurricane|p1b: Cresselia|[miss]\n|-miss|p2b: Articuno|p1b: Cresselia\n|move|p1a: Ursaluna|Blood Moon|p2b: Articuno\n|-damage|p2b: Articuno|22\/100\n|\n|-weather|Snow|[upkeep]\n|-heal|p1b: Cresselia|57\/100|[from] item: Leftovers\n|upkeep\n|\n|t:|1698266807\n|switch|p2a: Abomasnow|Abomasnow, M|100\/100\n|turn|7\n|\n|t:|1698266825\n|move|p1b: Cresselia|Thunderbolt|p2a: Abomasnow\n|-resisted|p2a: Abomasnow\n|-damage|p2a: Abomasnow|89\/100\n|move|p2b: Articuno|Blizzard|p1a: Ursaluna|[spread] p1a,p1b\n|-supereffective|p1a: Ursaluna\n|-damage|p1a: Ursaluna|0 fnt\n|-damage|p1b: Cresselia|29\/100\n|faint|p1a: Ursaluna\n|move|p2a: Abomasnow|Leech Seed|p1b: Cresselia\n|-start|p1b: Cresselia|move: Leech Seed\n|\n|-weather|Snow|[upkeep]\n|-heal|p1b: Cresselia|35\/100|[from] item: Leftovers\n|-heal|p2a: Abomasnow|96\/100|[from] item: Leftovers\n|-damage|p1b: Cresselia|22\/100|[from] Leech Seed|[of] p2a: Abomasnow\n|-heal|p2a: Abomasnow|100\/100|[silent]\n|upkeep\n|\n|t:|1698266839\n|switch|p1a: Sinistcha|Sinistcha-Masterpiece|100\/100\n|-heal|p1b: Cresselia|47\/100|[from] ability: Hospitality|[of] p1a: Sinistcha\n|turn|8\n|\n|t:|1698266851\n|move|p1b: Cresselia|Psychic|p2b: Articuno\n|-damage|p2b: Articuno|0 fnt\n|faint|p2b: Articuno\n|move|p1a: Sinistcha|Calm Mind|p1a: Sinistcha\n|-boost|p1a: Sinistcha|spa|1\n|-boost|p1a: Sinistcha|spd|1\n|move|p2a: Abomasnow|Blizzard|p1b: Cresselia|[spread] p1a,p1b\n|-supereffective|p1a: Sinistcha\n|-damage|p1a: Sinistcha|37\/100\n|-damage|p1b: Cresselia|21\/100\n|-enditem|p1a: Sinistcha|Sitrus Berry|[eat]\n|-heal|p1a: Sinistcha|62\/100|[from] item: Sitrus Berry\n|\n|-weather|none\n|-heal|p1b: Cresselia|27\/100|[from] item: Leftovers\n|-damage|p1b: Cresselia|15\/100|[from] Leech Seed|[of] p2a: Abomasnow\n|-sideend|p1: pjc93|move: Tailwind\n|upkeep\n|\n|t:|1698266858\n|switch|p2b: Spidops|Spidops, F|100\/100\n|turn|9\n|\n|t:|1698266879\n|-terastallize|p1a: Sinistcha|Grass\n|move|p1b: Cresselia|Lunar Blessing|p1b: Cresselia|[spread] p1a,p1b\n|-heal|p1a: Sinistcha|87\/100\n|-heal|p1b: Cresselia|40\/100\n|move|p1a: Sinistcha|Matcha Gotcha|p2a: Abomasnow|[spread] p2a,p2b\n|-resisted|p2a: Abomasnow\n|-resisted|p2b: Spidops\n|-damage|p2a: Abomasnow|76\/100\n|-heal|p1a: Sinistcha|100\/100|[from] drain|[of] p2a: Abomasnow\n|-damage|p2b: Spidops|72\/100\n|move|p2a: Abomasnow|Energy Ball|p1b: Cresselia\n|-damage|p1b: Cresselia|11\/100\n|move|p2b: Spidops|Knock Off|p1a: Sinistcha\n|-damage|p1a: Sinistcha|91\/100\n|\n|-heal|p1b: Cresselia|17\/100|[from] item: Leftovers\n|-heal|p2a: Abomasnow|83\/100|[from] item: Leftovers\n|-damage|p1b: Cresselia|4\/100|[from] Leech Seed|[of] p2a: Abomasnow\n|-heal|p2a: Abomasnow|97\/100|[silent]\n|upkeep\n|turn|10\n|\n|t:|1698266912\n|move|p1b: Cresselia|Ice Beam|p2b: Spidops\n|-damage|p2b: Spidops|45\/100\n|move|p1a: Sinistcha|Calm Mind|p1a: Sinistcha\n|-boost|p1a: Sinistcha|spa|1\n|-boost|p1a: Sinistcha|spd|1\n|move|p2a: Abomasnow|Blizzard|p1b: Cresselia|[spread] p1a,p1b\n|-supereffective|p1a: Sinistcha\n|-crit|p1a: Sinistcha\n|-damage|p1a: Sinistcha|0 fnt\n|-damage|p1b: Cresselia|0 fnt\n|faint|p1a: Sinistcha\n|faint|p1b: Cresselia\n|\n|win|ubbbber\n|raw|pjc93's rating: 1113 &rarr; <strong>1080<\/strong><br \/>(-33 for losing)\n|raw|ubbbber's rating: 1000 &rarr; <strong>1053<\/strong><br \/>(+53 for winning)\n","uploadtime":1698266931,"views":20,"p1id":"pjc93","p2id":"ubbbber","formatid":"gen9doublesou","rating":1053,"private":0,"password":""}