{"id":"gen9doublesou-1992427460","p1":"Elite.4.Challenger","p2":"DaQuanLol","format":"[Gen 9] Doubles OU","log":"|j|\u2606Elite.4.Challenger\n|j|\u2606DaQuanLol\n|t:|1700186312\n|gametype|doubles\n|player|p1|Elite.4.Challenger|koga|1341\n|player|p2|DaQuanLol|ghetsis|1348\n|teamsize|p1|6\n|teamsize|p2|6\n|gen|9\n|tier|[Gen 9] Doubles OU\n|rated|\n|rule|Species Clause: Limit one of each Pok\u00e9mon\n|rule|OHKO Clause: OHKO moves are banned\n|rule|Evasion Moves Clause: Evasion moves are banned\n|rule|Gravity Sleep Clause: The combination of sleep-inducing moves with imperfect accuracy and Gravity or Gigantamax Orbeetle are banned\n|rule|Endless Battle Clause: Forcing endless battles is banned\n|rule|HP Percentage Mod: HP is shown in percentages\n|clearpoke\n|poke|p1|Zapdos|\n|poke|p1|Grimmsnarl, M|\n|poke|p1|Basculegion-F, F|\n|poke|p1|Goodra-Hisui, F|\n|poke|p1|Politoed, M|\n|poke|p1|Toxicroak, M|\n|poke|p2|Iron Hands|\n|poke|p2|Landorus-Therian, M|\n|poke|p2|Iron Bundle|\n|poke|p2|Sylveon, M|\n|poke|p2|Chi-Yu|\n|poke|p2|Gholdengo|\n|teampreview\n|c|\u2606DaQuanLol|glhf\n|\n|t:|1700186321\n|start\n|switch|p1a: Michael Phelps|Basculegion-F, F|100\/100\n|switch|p1b: Kermit the Frog|Politoed, M|100\/100\n|switch|p2a: Landorus|Landorus-Therian, M|100\/100\n|switch|p2b: Iron Bundle|Iron Bundle|100\/100\n|-ability|p2a: Landorus|Intimidate|boost\n|-unboost|p1a: Michael Phelps|atk|1\n|-unboost|p1b: Kermit the Frog|atk|1\n|-weather|RainDance|[from] ability: Drizzle|[of] p1b: Kermit the Frog\n|-enditem|p2b: Iron Bundle|Booster Energy\n|-activate|p2b: Iron Bundle|ability: Quark Drive|[fromitem]\n|-start|p2b: Iron Bundle|quarkdrivespa\n|turn|1\n|c|\u2606Elite.4.Challenger|u2\n|\n|t:|1700186334\n|move|p1b: Kermit the Frog|Helping Hand|p1a: Michael Phelps\n|-singleturn|p1a: Michael Phelps|Helping Hand|[of] p1b: Kermit the Frog\n|move|p1a: Michael Phelps|Surf|p2b: Iron Bundle|[spread] p1b,p2a,p2b\n|-resisted|p1b: Kermit the Frog\n|-supereffective|p2a: Landorus\n|-resisted|p2b: Iron Bundle\n|-damage|p1b: Kermit the Frog|67\/100\n|-damage|p2a: Landorus|0 fnt\n|-damage|p2b: Iron Bundle|0 fnt\n|faint|p2a: Landorus\n|faint|p2b: Iron Bundle\n|-end|p2b: Iron Bundle|Quark Drive|[silent]\n|-enditem|p1b: Kermit the Frog|Eject Button\n|c|\u2606DaQuanLol|what\n|c|\u2606DaQuanLol|the\n|\n|t:|1700186342\n|switch|p1b: Kermit the Dawg|Toxicroak, M|100\/100\n|\n|-weather|RainDance|[upkeep]\n|upkeep\n|c|\u2606DaQuanLol|fuck\n|c|\u2606Elite.4.Challenger|lol\n|\n|t:|1700186353\n|switch|p2b: Iron Hands|Iron Hands|100\/100\n|switch|p2a: Gholdengo|Gholdengo|100\/100\n|turn|2\n|\n|t:|1700186360\n|move|p1b: Kermit the Dawg|Fake Out|p2b: Iron Hands\n|-damage|p2b: Iron Hands|91\/100\n|-damage|p1b: Kermit the Dawg|91\/100|[from] item: Life Orb\n|move|p1a: Michael Phelps|Surf|p2b: Iron Hands|[spread] p2a,p2b\n|-heal|p1b: Kermit the Dawg|100\/100|[from] ability: Dry Skin|[of] p1a: Michael Phelps\n|-damage|p2a: Gholdengo|16\/100\n|-damage|p2b: Iron Hands|44\/100\n|-enditem|p2a: Gholdengo|Sitrus Berry|[eat]\n|-heal|p2a: Gholdengo|40\/100|[from] item: Sitrus Berry\n|move|p2a: Gholdengo|Shadow Ball|p1a: Michael Phelps\n|-supereffective|p1a: Michael Phelps\n|-damage|p1a: Michael Phelps|10\/100\n|cant|p2b: Iron Hands|flinch\n|\n|-weather|RainDance|[upkeep]\n|upkeep\n|turn|3\n|\n|t:|1700186381\n|move|p2a: Gholdengo|Protect|p2a: Gholdengo\n|-singleturn|p2a: Gholdengo|Protect\n|move|p1b: Kermit the Dawg|Sucker Punch||[still]\n|-fail|p1b: Kermit the Dawg\n|move|p1a: Michael Phelps|Surf|p2a: Gholdengo|[spread] p2b\n|-activate|p2a: Gholdengo|move: Protect\n|-immune|p1b: Kermit the Dawg|[from] ability: Dry Skin\n|-damage|p2b: Iron Hands|2\/100\n|move|p2b: Iron Hands|Heavy Slam|p1b: Kermit the Dawg\n|-damage|p1b: Kermit the Dawg|28\/100\n|\n|-weather|RainDance|[upkeep]\n|-heal|p1b: Kermit the Dawg|40\/100|[from] ability: Dry Skin\n|upkeep\n|turn|4\n|\n|t:|1700186398\n|move|p1b: Kermit the Dawg|Sucker Punch|p2a: Gholdengo\n|-supereffective|p2a: Gholdengo\n|-damage|p2a: Gholdengo|0 fnt\n|faint|p2a: Gholdengo\n|-damage|p1b: Kermit the Dawg|31\/100|[from] item: Life Orb\n|move|p1a: Michael Phelps|Surf|p2b: Iron Hands|[spread] p2b\n|-heal|p1b: Kermit the Dawg|56\/100|[from] ability: Dry Skin|[of] p1a: Michael Phelps\n|-damage|p2b: Iron Hands|0 fnt\n|faint|p2b: Iron Hands\n|-end|p2b: Iron Hands|Quark Drive|[silent]\n|\n|-weather|RainDance|[upkeep]\n|-heal|p1b: Kermit the Dawg|68\/100|[from] ability: Dry Skin\n|upkeep\n|\n|t:|1700186401\n|switch|p2a: Sylveon|Sylveon, M|100\/100\n|switch|p2b: Chi-Yu|Chi-Yu|100\/100\n|-ability|p2b: Chi-Yu|Beads of Ruin\n|turn|5\n|c|\u2606DaQuanLol|gg\n|\n|t:|1700186414\n|move|p1a: Michael Phelps|Surf|p2a: Sylveon|[spread] p2a,p2b\n|-heal|p1b: Kermit the Dawg|93\/100|[from] ability: Dry Skin|[of] p1a: Michael Phelps\n|-supereffective|p2b: Chi-Yu\n|-damage|p2a: Sylveon|38\/100\n|-enditem|p2b: Chi-Yu|Focus Sash\n|-damage|p2b: Chi-Yu|1\/100\n|move|p2b: Chi-Yu|Dark Pulse|p1a: Michael Phelps\n|-supereffective|p1a: Michael Phelps\n|-damage|p1a: Michael Phelps|0 fnt\n|faint|p1a: Michael Phelps\n|move|p1b: Kermit the Dawg|Poison Jab|p2a: Sylveon\n|-supereffective|p2a: Sylveon\n|-damage|p2a: Sylveon|0 fnt\n|faint|p2a: Sylveon\n|-damage|p1b: Kermit the Dawg|83\/100|[from] item: Life Orb\n|\n|-weather|none\n|upkeep\n|c|\u2606DaQuanLol|i've never seen that before\n|c|\u2606Elite.4.Challenger|its a gimmick at this point\n|c|\u2606Elite.4.Challenger|doesn't work well in the meta\n|c|\u2606DaQuanLol|haha\n|c|\u2606DaQuanLol|well it worked here\n|c|\u2606Elite.4.Challenger|too many priority grass\n|c|\u2606DaQuanLol|fr\n|\n|t:|1700186459\n|switch|p1a: Kermit the Frog|Politoed, M|67\/100\n|-weather|RainDance|[from] ability: Drizzle|[of] p1a: Kermit the Frog\n|turn|6\n|\n|t:|1700186477\n|move|p1b: Kermit the Dawg|Sucker Punch|p2b: Chi-Yu\n|-resisted|p2b: Chi-Yu\n|-damage|p2b: Chi-Yu|0 fnt\n|faint|p2b: Chi-Yu\n|-damage|p1b: Kermit the Dawg|74\/100|[from] item: Life Orb\n|\n|win|Elite.4.Challenger\n|raw|Elite.4.Challenger's rating: 1341 &rarr; <strong>1361<\/strong><br \/>(+20 for winning)\n|raw|DaQuanLol's rating: 1348 &rarr; <strong>1328<\/strong><br \/>(-20 for losing)\n|c|\u2606Elite.4.Challenger|gg\n|c|\u2606DaQuanLol|gg\n|l|\u2606DaQuanLol\n","uploadtime":1700187739,"views":6,"p1id":"elite4challenger","p2id":"daquanlol","formatid":"gen9doublesou","rating":1328,"private":0,"password":""}