{"id":"gen9doublesou-1991273052","p1":"King_snk","p2":"laviru","format":"[Gen 9] Doubles OU","log":"|j|\u2606King_snk\n|j|\u2606laviru\n|t:|1700063249\n|gametype|doubles\n|player|p1|King_snk|102|1197\n|player|p2|laviru|marlon|1364\n|teamsize|p1|6\n|teamsize|p2|6\n|gen|9\n|tier|[Gen 9] Doubles OU\n|rated|\n|rule|Species Clause: Limit one of each Pok\u00e9mon\n|rule|OHKO Clause: OHKO moves are banned\n|rule|Evasion Moves Clause: Evasion moves are banned\n|rule|Gravity Sleep Clause: The combination of sleep-inducing moves with imperfect accuracy and Gravity or Gigantamax Orbeetle are banned\n|rule|Endless Battle Clause: Forcing endless battles is banned\n|rule|HP Percentage Mod: HP is shown in percentages\n|clearpoke\n|poke|p1|Regieleki|\n|poke|p1|Sneasler, F|\n|poke|p1|Dragapult, M|\n|poke|p1|Iron Bundle|\n|poke|p1|Meowscarada, M|\n|poke|p1|Flutter Mane|\n|poke|p2|Armarouge, F|\n|poke|p2|Indeedee-F, F|\n|poke|p2|Torkoal, F|\n|poke|p2|Walking Wake|\n|poke|p2|Lilligant-Hisui, F|\n|poke|p2|Sinistcha-Masterpiece|\n|teampreview\n|inactive|Battle timer is ON: inactive players will automatically lose when time's up. (requested by laviru)\n|\n|t:|1700063266\n|start\n|switch|p1a: Regieleki|Regieleki|100\/100\n|switch|p1b: Dragapult|Dragapult, M|100\/100\n|switch|p2a: FurryBait|Indeedee-F, F|100\/100\n|switch|p2b: Shield|Armarouge, F, shiny|100\/100\n|-fieldstart|move: Psychic Terrain|[from] ability: Psychic Surge|[of] p2a: FurryBait\n|turn|1\n|\n|t:|1700063292\n|move|p2b: Shield|Protect|p2b: Shield\n|-singleturn|p2b: Shield|Protect\n|move|p1a: Regieleki|Thunderbolt|p2b: Shield\n|-activate|p2b: Shield|move: Protect\n|move|p1b: Dragapult|Dragon Darts|p2a: FurryBait\n|-damage|p2a: FurryBait|77\/100\n|-anim|p1b: Dragapult|Dragon Darts|p2a: FurryBait\n|-damage|p2a: FurryBait|53\/100\n|move|p2a: FurryBait|Trick Room|p2a: FurryBait\n|-fieldstart|move: Trick Room|[of] p2a: FurryBait\n|\n|upkeep\n|turn|2\n|\n|t:|1700063316\n|move|p1b: Dragapult|Protect|p1b: Dragapult\n|-singleturn|p1b: Dragapult|Protect\n|move|p1a: Regieleki|Protect|p1a: Regieleki\n|-singleturn|p1a: Regieleki|Protect\n|move|p2a: FurryBait|Heal Pulse|p2b: Shield\n|-fail|p2b: Shield|heal\n|move|p2b: Shield|Expanding Force|p1b: Dragapult|[spread] \n|-activate|p1a: Regieleki|move: Protect\n|-activate|p1b: Dragapult|move: Protect\n|\n|upkeep\n|turn|3\n|inactive|King_snk has 120 seconds left.\n|\n|t:|1700063356\n|switch|p2a: Grandpa|Torkoal, F|100\/100\n|-weather|SunnyDay|[from] ability: Drought|[of] p2a: Grandpa\n|move|p2b: Shield|Expanding Force|p1b: Dragapult|[spread] p1a,p1b\n|-enditem|p1a: Regieleki|Focus Sash\n|-damage|p1a: Regieleki|1\/100\n|-damage|p1b: Dragapult|6\/100\n|move|p1b: Dragapult|Dragon Darts|p2a: Grandpa\n|-damage|p2a: Grandpa|80\/100\n|-anim|p1b: Dragapult|Dragon Darts|p2b: Shield\n|-damage|p2b: Shield|75\/100\n|-ability|p2b: Shield|Weak Armor|boost\n|-unboost|p2b: Shield|def|1\n|-boost|p2b: Shield|spe|2\n|move|p1a: Regieleki|Thunderbolt|p2a: Grandpa\n|-damage|p2a: Grandpa|14\/100\n|\n|-weather|SunnyDay|[upkeep]\n|upkeep\n|turn|4\n|inactive|King_snk has 120 seconds left.\n|inactive|laviru has 120 seconds left.\n|\n|t:|1700063390\n|switch|p2b: Sinistcha|Sinistcha-Masterpiece, shiny|100\/100\n|-heal|p2a: Grandpa|39\/100|[from] ability: Hospitality|[of] p2b: Sinistcha\n|move|p1b: Dragapult|Protect|p1b: Dragapult\n|-singleturn|p1b: Dragapult|Protect\n|move|p1a: Regieleki|Protect|p1a: Regieleki\n|-singleturn|p1a: Regieleki|Protect\n|move|p2a: Grandpa|Eruption|p1a: Regieleki|[spread] \n|-activate|p1a: Regieleki|move: Protect\n|-activate|p1b: Dragapult|move: Protect\n|\n|-weather|SunnyDay|[upkeep]\n|upkeep\n|turn|5\n|inactive|King_snk has 120 seconds left.\n|\n|t:|1700063417\n|move|p2a: Grandpa|Eruption|p1b: Dragapult|[spread] p1a,p1b\n|-resisted|p1b: Dragapult\n|-damage|p1a: Regieleki|0 fnt\n|-damage|p1b: Dragapult|0 fnt\n|faint|p1a: Regieleki\n|faint|p1b: Dragapult\n|move|p2b: Sinistcha|Life Dew||[still]|[spread] p2a,p2b\n|-heal|p2a: Grandpa|64\/100\n|-fail|p2b: Sinistcha|heal\n|\n|-weather|SunnyDay|[upkeep]\n|-fieldend|move: Trick Room\n|-fieldend|move: Psychic Terrain\n|upkeep\n|\n|t:|1700063438\n|switch|p1a: Meowscarada|Meowscarada, M|100\/100\n|switch|p1b: Flutter Mane|Flutter Mane|100\/100\n|-activate|p1b: Flutter Mane|ability: Protosynthesis\n|-start|p1b: Flutter Mane|protosynthesisspe\n|turn|6\n|\n|t:|1700063463\n|move|p2b: Sinistcha|Protect|p2b: Sinistcha\n|-singleturn|p2b: Sinistcha|Protect\n|move|p1b: Flutter Mane|Shadow Ball|p2b: Sinistcha\n|-activate|p2b: Sinistcha|move: Protect\n|move|p1a: Meowscarada|Knock Off|p2b: Sinistcha\n|-start|p1a: Meowscarada|typechange|Dark|[from] ability: Protean\n|-activate|p2b: Sinistcha|move: Protect\n|move|p2a: Grandpa|Eruption|p1b: Flutter Mane|[spread] p1a,p1b\n|-damage|p1a: Meowscarada|28\/100\n|-damage|p1b: Flutter Mane|52\/100\n|\n|-weather|SunnyDay|[upkeep]\n|upkeep\n|turn|7\n|\n|t:|1700063489\n|move|p1b: Flutter Mane|Shadow Ball|p2b: Sinistcha\n|-supereffective|p2b: Sinistcha\n|-damage|p2b: Sinistcha|29\/100\n|move|p1a: Meowscarada|Knock Off|p2b: Sinistcha\n|-supereffective|p2b: Sinistcha\n|-damage|p2b: Sinistcha|0 fnt\n|-enditem|p2b: Sinistcha|Heavy-Duty Boots|[from] move: Knock Off|[of] p1a: Meowscarada\n|faint|p2b: Sinistcha\n|move|p2a: Grandpa|Eruption|p1a: Meowscarada|[spread] p1a,p1b\n|-damage|p1a: Meowscarada|0 fnt\n|-damage|p1b: Flutter Mane|6\/100\n|faint|p1a: Meowscarada\n|\n|-weather|SunnyDay|[upkeep]\n|upkeep\n|\n|t:|1700063511\n|switch|p1a: Sneasler|Sneasler, F|100\/100\n|switch|p2b: MsCordero|Lilligant-Hisui, F|100\/100\n|turn|8\n|\n|t:|1700063522\n|switch|p2b: FurryBait|Indeedee-F, F|53\/100\n|-fieldstart|move: Psychic Terrain|[from] ability: Psychic Surge|[of] p2b: FurryBait\n|move|p1b: Flutter Mane|Protect|p1b: Flutter Mane\n|-singleturn|p1b: Flutter Mane|Protect\n|move|p1a: Sneasler|Dire Claw|p2a: Grandpa\n|-damage|p2a: Grandpa|31\/100\n|-status|p2a: Grandpa|slp\n|cant|p2a: Grandpa|slp\n|\n|-weather|SunnyDay|[upkeep]\n|upkeep\n|turn|9\n|\n|t:|1700063544\n|move|p1b: Flutter Mane|Moonblast|p2b: FurryBait\n|-damage|p2b: FurryBait|5\/100\n|move|p1a: Sneasler|Dire Claw|p2b: FurryBait\n|-damage|p2b: FurryBait|0 fnt\n|faint|p2b: FurryBait\n|-curestatus|p2a: Grandpa|slp|[msg]\n|move|p2a: Grandpa|Eruption|p1a: Sneasler|[spread] p1a,p1b\n|-damage|p1a: Sneasler|72\/100\n|-damage|p1b: Flutter Mane|0 fnt\n|faint|p1b: Flutter Mane\n|-end|p1b: Flutter Mane|Protosynthesis|[silent]\n|\n|-weather|SunnyDay|[upkeep]\n|upkeep\n|\n|t:|1700063562\n|switch|p1b: Iron Bundle|Iron Bundle|100\/100\n|switch|p2b: MsCordero|Lilligant-Hisui, F|100\/100\n|turn|10\n|\n|t:|1700063578\n|move|p1b: Iron Bundle|Protect|p1b: Iron Bundle\n|-singleturn|p1b: Iron Bundle|Protect\n|move|p1a: Sneasler|Protect|p1a: Sneasler\n|-singleturn|p1a: Sneasler|Protect\n|move|p2b: MsCordero|After You|p2a: Grandpa\n|-activate|p2a: Grandpa|move: After You\n|move|p2a: Grandpa|Eruption|p1a: Sneasler|[spread] \n|-activate|p1a: Sneasler|move: Protect\n|-activate|p1b: Iron Bundle|move: Protect\n|\n|-weather|none\n|upkeep\n|turn|11\n|\n|t:|1700063605\n|-terastallize|p1b: Iron Bundle|Ice\n|move|p1b: Iron Bundle|Ice Beam|p2b: MsCordero\n|-supereffective|p2b: MsCordero\n|-damage|p2b: MsCordero|0 fnt\n|faint|p2b: MsCordero\n|move|p1a: Sneasler|Dire Claw|p2a: Grandpa\n|-damage|p2a: Grandpa|0 fnt\n|faint|p2a: Grandpa\n|\n|upkeep\n|inactive|laviru has 120 seconds left.\n|inactive|laviru has 90 seconds left.\n|inactive|laviru has 60 seconds left.\n|inactive|laviru has 30 seconds left.\n|inactive|laviru has 20 seconds left.\n|inactive|laviru has 15 seconds left.\n|inactive|laviru has 10 seconds left.\n|inactive|laviru has 5 seconds left.\n|-message|laviru lost due to inactivity.\n|\n|win|King_snk\n|raw|King_snk's rating: 1197 &rarr; <strong>1233<\/strong><br \/>(+36 for winning)\n|raw|laviru's rating: 1364 &rarr; <strong>1335<\/strong><br \/>(-29 for losing)\n","uploadtime":1700063758,"views":21,"p1id":"kingsnk","p2id":"laviru","formatid":"gen9doublesou","rating":1233,"private":0,"password":""}