{"id":"gen9doublesou-1972443204","p1":"redgoldbru2","p2":"Xanathar14","format":"[Gen 9] Doubles OU","log":"|j|\u2606redgoldbru2\n|j|\u2606Xanathar14\n|t:|1697843394\n|gametype|doubles\n|player|p1|redgoldbru2|n|1186\n|player|p2|Xanathar14|steven|1185\n|teamsize|p1|6\n|teamsize|p2|6\n|gen|9\n|tier|[Gen 9] Doubles OU\n|rated|\n|rule|Species Clause: Limit one of each Pok\u00e9mon\n|rule|OHKO Clause: OHKO moves are banned\n|rule|Evasion Moves Clause: Evasion moves are banned\n|rule|Gravity Sleep Clause: The combination of sleep-inducing moves with imperfect accuracy and Gravity or Gigantamax Orbeetle are banned\n|rule|Endless Battle Clause: Forcing endless battles is banned\n|rule|HP Percentage Mod: HP is shown in percentages\n|clearpoke\n|poke|p1|Skeledirge, M|\n|poke|p1|Rillaboom, M|\n|poke|p1|Dragonite, M|\n|poke|p1|Hoopa-Unbound|\n|poke|p1|Hawlucha, F|\n|poke|p1|Jirachi|\n|poke|p2|Regidrago|\n|poke|p2|Ninetales-Alola, F|\n|poke|p2|Flutter Mane|\n|poke|p2|Tinkaton, F|\n|poke|p2|Tornadus, M|\n|poke|p2|Torkoal, M|\n|teampreview\n|c|\u2606Xanathar14|glhf\n|inactive|Battle timer is ON: inactive players will automatically lose when time's up. (requested by redgoldbru2)\n|\n|t:|1697843409\n|start\n|switch|p1a: Dragonite|Dragonite, M|100\/100\n|switch|p1b: Hawlucha|Hawlucha, F|100\/100\n|switch|p2a: Tornadus|Tornadus, M, shiny|100\/100\n|switch|p2b: Regidrago|Regidrago|100\/100\n|turn|1\n|\n|t:|1697843422\n|move|p2a: Tornadus|Tailwind|p2a: Tornadus\n|-sidestart|p2: Xanathar14|move: Tailwind\n|move|p2b: Regidrago|Dragon Energy|p1a: Dragonite|[spread] p1a,p1b\n|-supereffective|p1a: Dragonite\n|-damage|p1a: Dragonite|27\/100\n|-damage|p1b: Hawlucha|0 fnt\n|faint|p1b: Hawlucha\n|move|p1a: Dragonite|Tailwind|p1a: Dragonite\n|-sidestart|p1: redgoldbru2|move: Tailwind\n|\n|upkeep\n|\n|t:|1697843434\n|switch|p1b: Hoopa|Hoopa-Unbound|100\/100\n|turn|2\n|\n|t:|1697843450\n|switch|p2a: Ninetales|Ninetales-Alola, F, shiny|100\/100\n|-weather|Snow|[from] ability: Snow Warning|[of] p2a: Ninetales\n|move|p1a: Dragonite|Extreme Speed|p2a: Ninetales\n|-damage|p2a: Ninetales|68\/100\n|move|p1b: Hoopa|Thunderbolt|p2a: Ninetales\n|-damage|p2a: Ninetales|26\/100\n|move|p2b: Regidrago|Dragon Energy|p1a: Dragonite|[spread] p1a,p1b\n|-supereffective|p1a: Dragonite\n|-damage|p1a: Dragonite|0 fnt\n|-damage|p1b: Hoopa|22\/100\n|faint|p1a: Dragonite\n|\n|-weather|Snow|[upkeep]\n|upkeep\n|\n|t:|1697843470\n|switch|p1a: Skeledirge|Skeledirge, M|100\/100\n|turn|3\n|\n|t:|1697843483\n|switch|p1b: Rillaboom|Rillaboom, M|100\/100\n|-fieldstart|move: Grassy Terrain|[from] ability: Grassy Surge|[of] p1b: Rillaboom\n|move|p2a: Ninetales|Aurora Veil|p2a: Ninetales\n|-sidestart|p2: Xanathar14|move: Aurora Veil\n|move|p2b: Regidrago|Dragon Energy|p1a: Skeledirge|[spread] p1a,p1b\n|-damage|p1a: Skeledirge|11\/100\n|-damage|p1b: Rillaboom|0 fnt\n|faint|p1b: Rillaboom\n|move|p1a: Skeledirge|Torch Song|p2a: Ninetales\n|-supereffective|p2a: Ninetales\n|-damage|p2a: Ninetales|0 fnt\n|-boost|p1a: Skeledirge|spa|1\n|faint|p2a: Ninetales\n|\n|-weather|Snow|[upkeep]\n|-heal|p1a: Skeledirge|18\/100|[from] Grassy Terrain\n|-heal|p1a: Skeledirge|24\/100|[from] item: Leftovers\n|upkeep\n|\n|t:|1697843504\n|switch|p2a: Tornadus|Tornadus, M, shiny|100\/100\n|switch|p1b: Jirachi|Jirachi|100\/100\n|turn|4\n|\n|t:|1697843516\n|move|p2a: Tornadus|Dark Pulse|p1b: Jirachi\n|-supereffective|p1b: Jirachi\n|-damage|p1b: Jirachi|61\/100\n|move|p2b: Regidrago|Dragon Energy|p1b: Jirachi|[spread] p1a,p1b\n|-resisted|p1b: Jirachi\n|-damage|p1a: Skeledirge|0 fnt\n|-damage|p1b: Jirachi|28\/100\n|faint|p1a: Skeledirge\n|move|p1b: Jirachi|Life Dew|p1b: Jirachi\n|-heal|p1b: Jirachi|53\/100\n|\n|-weather|Snow|[upkeep]\n|-heal|p1b: Jirachi|60\/100|[from] Grassy Terrain\n|-sideend|p2: Xanathar14|move: Tailwind\n|-sideend|p1: redgoldbru2|move: Tailwind\n|upkeep\n|\n|t:|1697843521\n|switch|p1a: Hoopa|Hoopa-Unbound|22\/100\n|turn|5\n|\n|t:|1697843546\n|move|p2a: Tornadus|Tailwind|p2a: Tornadus\n|-sidestart|p2: Xanathar14|move: Tailwind\n|move|p2b: Regidrago|Dragon Energy|p1a: Hoopa|[spread] p1a,p1b\n|-resisted|p1b: Jirachi\n|-damage|p1a: Hoopa|0 fnt\n|-damage|p1b: Jirachi|29\/100\n|faint|p1a: Hoopa\n|move|p1b: Jirachi|Life Dew|p1b: Jirachi\n|-heal|p1b: Jirachi|54\/100\n|\n|-weather|Snow|[upkeep]\n|-heal|p1b: Jirachi|60\/100|[from] Grassy Terrain\n|upkeep\n|turn|6\n|\n|t:|1697843560\n|move|p2a: Tornadus|Dark Pulse|p1b: Jirachi\n|-supereffective|p1b: Jirachi\n|-crit|p1b: Jirachi\n|-damage|p1b: Jirachi|0 fnt\n|faint|p1b: Jirachi\n|\n|win|Xanathar14\n|raw|redgoldbru2's rating: 1186 &rarr; <strong>1161<\/strong><br \/>(-25 for losing)\n|raw|Xanathar14's rating: 1185 &rarr; <strong>1210<\/strong><br \/>(+25 for winning)\n|c|\u2606Xanathar14|gg\n","uploadtime":1697843568,"views":16,"p1id":"redgoldbru2","p2id":"xanathar14","formatid":"gen9doublesou","rating":1161,"private":0,"password":""}