{"id":"gen9doublesou-1997934730","p1":"1Asiate","p2":"maximussy","format":"[Gen 9] Doubles OU","log":"|j|\u26061Asiate\n|j|\u2606maximussy\n|t:|1700869286\n|gametype|doubles\n|player|p1|1Asiate|169|1269\n|player|p2|maximussy|fisherman-gen4|1331\n|teamsize|p1|6\n|teamsize|p2|6\n|gen|9\n|tier|[Gen 9] Doubles OU\n|rated|\n|rule|Species Clause: Limit one of each Pok\u00e9mon\n|rule|OHKO Clause: OHKO moves are banned\n|rule|Evasion Moves Clause: Evasion moves are banned\n|rule|Gravity Sleep Clause: The combination of sleep-inducing moves with imperfect accuracy and Gravity or Gigantamax Orbeetle are banned\n|rule|Endless Battle Clause: Forcing endless battles is banned\n|rule|HP Percentage Mod: HP is shown in percentages\n|clearpoke\n|poke|p1|Lilligant-Hisui, F|\n|poke|p1|Torkoal, F|\n|poke|p1|Iron Hands|\n|poke|p1|Walking Wake|\n|poke|p1|Arcanine-Hisui, M|\n|poke|p1|Farigiraf, F|\n|poke|p2|Ogerpon-Hearthflame, F|\n|poke|p2|Iron Hands|\n|poke|p2|Flutter Mane|\n|poke|p2|Landorus-Therian, M|\n|poke|p2|Kingambit, F|\n|poke|p2|Iron Bundle|\n|teampreview\n|inactive|Battle timer is ON: inactive players will automatically lose when time's up. (requested by maximussy)\n|\n|t:|1700869300\n|start\n|switch|p1a: Bob|Lilligant-Hisui, F, shiny|100\/100\n|switch|p1b: The Nuke|Torkoal, F, shiny|100\/100\n|switch|p2a: Iron Hands|Iron Hands|100\/100\n|switch|p2b: Ogerpon|Ogerpon-Hearthflame, F|100\/100\n|-ability|p2b: Ogerpon|Mold Breaker\n|-weather|SunnyDay|[from] ability: Drought|[of] p1b: The Nuke\n|turn|1\n|\n|t:|1700869320\n|switch|p1a: Neck|Farigiraf, F|100\/100\n|move|p2a: Iron Hands|Fake Out||[still]\n|cant|p1a: Neck|ability: Armor Tail|Fake Out|[of] p2a: Iron Hands\n|move|p2b: Ogerpon|Ivy Cudgel|p1a: Neck|[anim] Ivy Cudgel Fire\n|-damage|p1a: Neck|41\/100\n|-enditem|p1a: Neck|Red Card|[of] p2b: Ogerpon\n|drag|p2b: Iron Bundle|Iron Bundle|100\/100\n|move|p1b: The Nuke|Eruption|p2a: Iron Hands|[spread] p2a,p2b\n|-crit|p2a: Iron Hands\n|-damage|p2a: Iron Hands|4\/100\n|-damage|p2b: Iron Bundle|0 fnt\n|faint|p2b: Iron Bundle\n|-end|p2b: Iron Bundle|Quark Drive|[silent]\n|\n|-weather|SunnyDay|[upkeep]\n|upkeep\n|\n|t:|1700869332\n|switch|p2b: Ogerpon|Ogerpon-Hearthflame, F|100\/100\n|-ability|p2b: Ogerpon|Mold Breaker\n|turn|2\n|\n|t:|1700869346\n|move|p2b: Ogerpon|Spiky Shield|p2b: Ogerpon\n|-singleturn|p2b: Ogerpon|move: Protect\n|move|p1a: Neck|Ally Switch|p1a: Neck\n|swap|p1a: Neck|1|[from] move: Ally Switch\n|move|p2a: Iron Hands|Close Combat|p1b: Neck\n|-damage|p1b: Neck|0 fnt\n|-unboost|p2a: Iron Hands|def|1\n|-unboost|p2a: Iron Hands|spd|1\n|faint|p1b: Neck\n|move|p1a: The Nuke|Eruption|p2b: Ogerpon|[spread] p2a\n|-activate|p2b: Ogerpon|move: Protect\n|-damage|p2a: Iron Hands|0 fnt\n|faint|p2a: Iron Hands\n|-end|p2a: Iron Hands|Quark Drive|[silent]\n|\n|-weather|SunnyDay|[upkeep]\n|upkeep\n|\n|t:|1700869365\n|switch|p1b: Bob|Lilligant-Hisui, F, shiny|100\/100\n|switch|p2a: Flutter Mane|Flutter Mane|100\/100\n|-activate|p2a: Flutter Mane|ability: Protosynthesis\n|-start|p2a: Flutter Mane|protosynthesisspe\n|turn|3\n|\n|t:|1700869375\n|move|p1b: Bob|After You|p1a: The Nuke\n|-activate|p1a: The Nuke|move: After You\n|move|p1a: The Nuke|Eruption|p2a: Flutter Mane|[spread] p2a,p2b\n|-damage|p2a: Flutter Mane|0 fnt\n|-damage|p2b: Ogerpon|0 fnt\n|faint|p2a: Flutter Mane\n|-end|p2a: Flutter Mane|Protosynthesis|[silent]\n|faint|p2b: Ogerpon\n|\n|-weather|SunnyDay|[upkeep]\n|upkeep\n|\n|t:|1700869381\n|switch|p2a: Landorus|Landorus-Therian, M|100\/100\n|switch|p2b: Kingambit|Kingambit, F, shiny|100\/100\n|-ability|p2a: Landorus|Intimidate|boost\n|-unboost|p1a: The Nuke|atk|1\n|-unboost|p1b: Bob|atk|1\n|-activate|p2b: Kingambit|ability: Supreme Overlord\n|-start|p2b: Kingambit|fallen4|[silent]\n|turn|4\n|\n|t:|1700869392\n|move|p2b: Kingambit|Protect|p2b: Kingambit\n|-singleturn|p2b: Kingambit|Protect\n|move|p1b: Bob|Ice Spinner|p2a: Landorus\n|-supereffective|p2a: Landorus\n|-damage|p2a: Landorus|19\/100\n|move|p2a: Landorus|Stomping Tantrum|p1a: The Nuke\n|-supereffective|p1a: The Nuke\n|-damage|p1a: The Nuke|18\/100\n|-damage|p2a: Landorus|9\/100|[from] item: Life Orb\n|move|p1a: The Nuke|Eruption|p2b: Kingambit|[spread] p2a\n|-activate|p2b: Kingambit|move: Protect\n|-damage|p2a: Landorus|0 fnt\n|faint|p2a: Landorus\n|\n|-weather|SunnyDay|[upkeep]\n|upkeep\n|turn|5\n|\n|t:|1700869408\n|switch|p1a: Toby Fox|Arcanine-Hisui, M|100\/100\n|-ability|p1a: Toby Fox|Intimidate|boost\n|-unboost|p2b: Kingambit|atk|1\n|move|p2b: Kingambit|Sucker Punch||[still]\n|-fail|p2b: Kingambit\n|move|p1b: Bob|Axe Kick|p2b: Kingambit\n|-supereffective|p2b: Kingambit\n|-damage|p2b: Kingambit|2\/100\n|\n|-weather|none\n|-heal|p2b: Kingambit|9\/100|[from] item: Leftovers\n|upkeep\n|turn|6\n|\n|t:|1700869421\n|-terastallize|p2b: Kingambit|Dark\n|move|p2b: Kingambit|Protect|p2b: Kingambit\n|-singleturn|p2b: Kingambit|Protect\n|move|p1a: Toby Fox|Extreme Speed|p2b: Kingambit\n|-activate|p2b: Kingambit|move: Protect\n|move|p1b: Bob|Axe Kick|p2b: Kingambit\n|-activate|p2b: Kingambit|move: Protect\n|-damage|p1b: Bob|50\/100|[from] highjumpkick\n|\n|-heal|p2b: Kingambit|15\/100|[from] item: Leftovers\n|upkeep\n|turn|7\n|\n|t:|1700869436\n|move|p1a: Toby Fox|Extreme Speed|p2b: Kingambit\n|-damage|p2b: Kingambit|0 fnt\n|faint|p2b: Kingambit\n|-end|p2b: Kingambit|fallen4|[silent]\n|\n|win|1Asiate\n|raw|1Asiate's rating: 1269 &rarr; <strong>1298<\/strong><br \/>(+29 for winning)\n|raw|maximussy's rating: 1331 &rarr; <strong>1307<\/strong><br \/>(-24 for losing)\n|c|\u26061Asiate|Gg\n|l|\u2606maximussy\n|l|\u26061Asiate\n|j|\u26061Asiate\n|player|p1|1Asiate|169\n","uploadtime":1700869596,"views":11,"p1id":"1asiate","p2id":"maximussy","formatid":"gen9doublesou","rating":1298,"private":0,"password":""}