{"id":"gen9doublesou-1987808818","p1":"Soymir","p2":"mackerslol","format":"[Gen 9] Doubles OU","log":"|j|\u2606Soymir\n|j|\u2606mackerslol\n|t:|1699638802\n|gametype|doubles\n|player|p1|Soymir|101|1132\n|player|p2|mackerslol|iris|1048\n|teamsize|p1|6\n|teamsize|p2|6\n|gen|9\n|tier|[Gen 9] Doubles OU\n|rated|\n|rule|Species Clause: Limit one of each Pok\u00e9mon\n|rule|OHKO Clause: OHKO moves are banned\n|rule|Evasion Moves Clause: Evasion moves are banned\n|rule|Gravity Sleep Clause: The combination of sleep-inducing moves with imperfect accuracy and Gravity or Gigantamax Orbeetle are banned\n|rule|Endless Battle Clause: Forcing endless battles is banned\n|rule|HP Percentage Mod: HP is shown in percentages\n|clearpoke\n|poke|p1|Gardevoir, M|\n|poke|p1|Pelipper, F|\n|poke|p1|Indeedee-F, F|\n|poke|p1|Golduck, F|\n|poke|p1|Zapdos|\n|poke|p1|Gastrodon-East, M|\n|poke|p2|Dondozo, F|\n|poke|p2|Garganacl, F|\n|poke|p2|Rillaboom, F|\n|poke|p2|Sneasler, M|\n|poke|p2|Farigiraf, F|\n|poke|p2|Copperajah, M|\n|teampreview\n|\n|t:|1699638835\n|start\n|switch|p1a: Indeedee|Indeedee-F, F|100\/100\n|switch|p1b: Golduck|Golduck, F|100\/100\n|switch|p2a: Rillaboom|Rillaboom, F|100\/100\n|switch|p2b: Copperajah|Copperajah, M|100\/100\n|-fieldstart|move: Grassy Terrain|[from] ability: Grassy Surge|[of] p2a: Rillaboom\n|-fieldstart|move: Psychic Terrain|[from] ability: Psychic Surge|[of] p1a: Indeedee\n|turn|1\n|\n|t:|1699638861\n|move|p2a: Rillaboom|Fake Out|p1b: Golduck\n|-activate|p1b: Golduck|move: Psychic Terrain\n|move|p1a: Indeedee|Follow Me|p1a: Indeedee\n|-singleturn|p1a: Indeedee|move: Follow Me\n|move|p1b: Golduck|Nasty Plot|p1b: Golduck\n|-boost|p1b: Golduck|spa|2\n|move|p2b: Copperajah|Stealth Rock|p1b: Golduck\n|-sidestart|p1: Soymir|move: Stealth Rock\n|\n|upkeep\n|turn|2\n|c|\u2606mackerslol|forget thats how that works\n|\n|t:|1699638899\n|move|p1a: Indeedee|Follow Me|p1a: Indeedee\n|-singleturn|p1a: Indeedee|move: Follow Me\n|move|p2a: Rillaboom|Drum Beating|p1a: Indeedee\n|-damage|p1a: Indeedee|47\/100\n|-unboost|p1a: Indeedee|spe|1\n|-enditem|p1a: Indeedee|Red Card|[of] p2a: Rillaboom\n|drag|p2a: Sneasler|Sneasler, M|100\/100\n|move|p1b: Golduck|Nasty Plot|p1b: Golduck\n|-boost|p1b: Golduck|spa|2\n|move|p2b: Copperajah|Heavy Slam|p1a: Indeedee\n|-damage|p1a: Indeedee|0 fnt\n|faint|p1a: Indeedee\n|\n|upkeep\n|\n|t:|1699638911\n|switch|p1a: Pelipper|Pelipper, F|100\/100\n|-damage|p1a: Pelipper|76\/100|[from] Stealth Rock\n|-weather|RainDance|[from] ability: Drizzle|[of] p1a: Pelipper\n|turn|3\n|\n|t:|1699638926\n|switch|p2a: Dondozo|Dondozo, F|100\/100\n|switch|p1a: Gardevoir|Gardevoir, M|100\/100\n|-damage|p1a: Gardevoir|88\/100|[from] Stealth Rock\n|switch|p2b: Rillaboom|Rillaboom, F|100\/100\n|-fieldstart|move: Grassy Terrain|[from] ability: Grassy Surge|[of] p2b: Rillaboom\n|-terastallize|p1b: Golduck|Water\n|move|p1b: Golduck|Surf|p2a: Dondozo|[spread] p2a,p2b\n|-activate|p1a: Gardevoir|ability: Telepathy\n|-resisted|p2a: Dondozo\n|-resisted|p2b: Rillaboom\n|-damage|p2a: Dondozo|62\/100\n|-damage|p2b: Rillaboom|0 fnt\n|faint|p2b: Rillaboom\n|-damage|p1b: Golduck|91\/100|[from] item: Life Orb\n|\n|-weather|RainDance|[upkeep]\n|-heal|p1b: Golduck|97\/100|[from] Grassy Terrain\n|-heal|p1a: Gardevoir|94\/100|[from] Grassy Terrain\n|-heal|p2a: Dondozo|68\/100|[from] Grassy Terrain\n|-heal|p2a: Dondozo|74\/100|[from] item: Leftovers\n|upkeep\n|\n|t:|1699638948\n|switch|p2b: Sneasler|Sneasler, M|100\/100\n|-enditem|p2b: Sneasler|Grassy Seed\n|-boost|p2b: Sneasler|def|1|[from] item: Grassy Seed\n|turn|4\n|\n|t:|1699638960\n|-terastallize|p2b: Sneasler|Flying\n|move|p1b: Golduck|Protect|p1b: Golduck\n|-singleturn|p1b: Golduck|Protect\n|move|p2b: Sneasler|Acrobatics|p1b: Golduck\n|-activate|p1b: Golduck|move: Protect\n|move|p1a: Gardevoir|Reflect|p1a: Gardevoir\n|-sidestart|p1: Soymir|Reflect\n|move|p2a: Dondozo|Earthquake|p1a: Gardevoir|[spread] p1a\n|-activate|p1b: Golduck|move: Protect\n|-immune|p2b: Sneasler\n|-damage|p1a: Gardevoir|83\/100\n|\n|-weather|RainDance|[upkeep]\n|-heal|p1b: Golduck|100\/100|[from] Grassy Terrain\n|-heal|p1a: Gardevoir|89\/100|[from] Grassy Terrain\n|-heal|p2a: Dondozo|80\/100|[from] Grassy Terrain\n|-heal|p2a: Dondozo|87\/100|[from] item: Leftovers\n|upkeep\n|turn|5\n|\n|t:|1699638991\n|move|p1a: Gardevoir|Helping Hand|p1b: Golduck\n|-singleturn|p1b: Golduck|Helping Hand|[of] p1a: Gardevoir\n|move|p2b: Sneasler|Rock Slide|p1a: Gardevoir|[spread] p1a,p1b\n|-damage|p1a: Gardevoir|70\/100\n|-damage|p1b: Golduck|82\/100\n|move|p1b: Golduck|Surf|p2a: Dondozo|[spread] p2a,p2b\n|-activate|p1a: Gardevoir|ability: Telepathy\n|-resisted|p2a: Dondozo\n|-damage|p2a: Dondozo|27\/100\n|-damage|p2b: Sneasler|0 fnt\n|faint|p2b: Sneasler\n|-damage|p1b: Golduck|72\/100|[from] item: Life Orb\n|move|p2a: Dondozo|Aqua Tail|p1b: Golduck\n|-resisted|p1b: Golduck\n|-damage|p1b: Golduck|41\/100\n|\n|-weather|RainDance|[upkeep]\n|-heal|p1b: Golduck|47\/100|[from] Grassy Terrain\n|-heal|p1a: Gardevoir|77\/100|[from] Grassy Terrain\n|-heal|p2a: Dondozo|34\/100|[from] Grassy Terrain\n|-heal|p2a: Dondozo|40\/100|[from] item: Leftovers\n|upkeep\n|\n|t:|1699639014\n|switch|p2b: Copperajah|Copperajah, M|100\/100\n|turn|6\n|\n|t:|1699639025\n|move|p2b: Copperajah|Protect|p2b: Copperajah\n|-singleturn|p2b: Copperajah|Protect\n|move|p1b: Golduck|Surf|p2b: Copperajah|[spread] p2a\n|-activate|p2b: Copperajah|move: Protect\n|-activate|p1a: Gardevoir|ability: Telepathy\n|-resisted|p2a: Dondozo\n|-damage|p2a: Dondozo|2\/100\n|-damage|p1b: Golduck|37\/100|[from] item: Life Orb\n|move|p1a: Gardevoir|Heal Pulse|p1b: Golduck\n|-heal|p1b: Golduck|88\/100\n|move|p2a: Dondozo|Avalanche|p1b: Golduck\n|-resisted|p1b: Golduck\n|-damage|p1b: Golduck|69\/100\n|\n|-weather|RainDance|[upkeep]\n|-heal|p1b: Golduck|75\/100|[from] Grassy Terrain\n|-heal|p1a: Gardevoir|83\/100|[from] Grassy Terrain\n|-heal|p2a: Dondozo|8\/100|[from] Grassy Terrain\n|-heal|p2a: Dondozo|14\/100|[from] item: Leftovers\n|upkeep\n|turn|7\n|\n|t:|1699639063\n|switch|p2a: Farigiraf|Farigiraf, F|100\/100\n|move|p1b: Golduck|Surf|p2b: Copperajah|[spread] p2a,p2b\n|-activate|p1a: Gardevoir|ability: Telepathy\n|-damage|p2a: Farigiraf|0 fnt\n|-damage|p2b: Copperajah|0 fnt\n|faint|p2a: Farigiraf\n|faint|p2b: Copperajah\n|-damage|p1b: Golduck|65\/100|[from] item: Life Orb\n|move|p1a: Gardevoir|Light Screen|p1a: Gardevoir\n|-sidestart|p1: Soymir|move: Light Screen\n|\n|-weather|RainDance|[upkeep]\n|-heal|p1b: Golduck|71\/100|[from] Grassy Terrain\n|-heal|p1a: Gardevoir|89\/100|[from] Grassy Terrain\n|-fieldend|move: Grassy Terrain\n|upkeep\n|c|\u2606mackerslol|laym\n|-message|mackerslol forfeited.\n|\n|win|Soymir\n|raw|Soymir's rating: 1132 &rarr; <strong>1151<\/strong><br \/>(+19 for winning)\n|raw|mackerslol's rating: 1048 &rarr; <strong>1035<\/strong><br \/>(-13 for losing)\n|l|\u2606mackerslol\n","uploadtime":1699639229,"views":8,"p1id":"soymir","p2id":"mackerslol","formatid":"gen9doublesou","rating":1035,"private":0,"password":""}