{"id":"gen9doublesou-1991580255","p1":"Kondroid","p2":"Azuretx","format":"[Gen 9] Doubles OU","log":"|j|\u2606Kondroid\n|j|\u2606Azuretx\n|t:|1700090568\n|gametype|doubles\n|player|p1|Kondroid|hilbert-wonderlauncher|1241\n|player|p2|Azuretx|boarder|1182\n|teamsize|p1|6\n|teamsize|p2|6\n|gen|9\n|tier|[Gen 9] Doubles OU\n|rated|\n|rule|Species Clause: Limit one of each Pok\u00e9mon\n|rule|OHKO Clause: OHKO moves are banned\n|rule|Evasion Moves Clause: Evasion moves are banned\n|rule|Gravity Sleep Clause: The combination of sleep-inducing moves with imperfect accuracy and Gravity or Gigantamax Orbeetle are banned\n|rule|Endless Battle Clause: Forcing endless battles is banned\n|rule|HP Percentage Mod: HP is shown in percentages\n|clearpoke\n|poke|p1|Baxcalibur, F|\n|poke|p1|Ninetales-Alola, F|\n|poke|p1|Sinistcha|\n|poke|p1|Goodra-Hisui, M|\n|poke|p1|Zapdos|\n|poke|p1|Ogerpon-Hearthflame, F|\n|poke|p2|Thundurus-Therian, M|\n|poke|p2|Bellibolt, F|\n|poke|p2|Muk-Alola, M|\n|poke|p2|Zapdos|\n|poke|p2|Sandy Shocks|\n|poke|p2|Toxtricity, F|\n|teampreview\n|inactive|Battle timer is ON: inactive players will automatically lose when time's up. (requested by Kondroid)\n|\n|t:|1700090579\n|start\n|switch|p1a: Zapdos|Zapdos|100\/100\n|switch|p1b: Ninetales|Ninetales-Alola, F|100\/100\n|switch|p2a: Zapdos|Zapdos, shiny|100\/100\n|switch|p2b: Sandy Shocks|Sandy Shocks|100\/100\n|-weather|Snow|[from] ability: Snow Warning|[of] p1b: Ninetales\n|-ability|p2a: Zapdos|Pressure\n|-enditem|p2b: Sandy Shocks|Booster Energy\n|-activate|p2b: Sandy Shocks|ability: Protosynthesis|[fromitem]\n|-start|p2b: Sandy Shocks|protosynthesisspe\n|turn|1\n|inactive|Azuretx has 120 seconds left.\n|\n|t:|1700090611\n|move|p2b: Sandy Shocks|Zap Cannon|p1b: Ninetales|[miss]\n|-miss|p2b: Sandy Shocks|p1b: Ninetales\n|move|p1b: Ninetales|Aurora Veil|p1b: Ninetales\n|-sidestart|p1: Kondroid|move: Aurora Veil\n|move|p1a: Zapdos|Tailwind|p1a: Zapdos\n|-sidestart|p1: Kondroid|move: Tailwind\n|move|p2a: Zapdos|Electric Terrain|p2a: Zapdos\n|-fieldstart|move: Electric Terrain\n|-enditem|p2a: Zapdos|Electric Seed\n|-boost|p2a: Zapdos|def|1|[from] item: Electric Seed\n|\n|-weather|Snow|[upkeep]\n|upkeep\n|turn|2\n|inactive|Kondroid has 120 seconds left.\n|\n|t:|1700090664\n|move|p1b: Ninetales|Blizzard|p2a: Zapdos|[spread] p2a,p2b\n|-supereffective|p2a: Zapdos\n|-supereffective|p2b: Sandy Shocks\n|-damage|p2a: Zapdos|58\/100\n|-damage|p2b: Sandy Shocks|32\/100\n|move|p1a: Zapdos|Heat Wave|p2a: Zapdos|[spread] p2a,p2b\n|-damage|p2a: Zapdos|42\/100\n|-damage|p2b: Sandy Shocks|7\/100\n|-status|p2b: Sandy Shocks|brn\n|move|p2b: Sandy Shocks|Gravity|p2b: Sandy Shocks\n|-fieldstart|move: Gravity\n|move|p2a: Zapdos|Hurricane|p1b: Ninetales\n|-damage|p1b: Ninetales|64\/100\n|-start|p1b: Ninetales|confusion\n|\n|-weather|Snow|[upkeep]\n|-damage|p2b: Sandy Shocks|1\/100 brn|[from] brn\n|upkeep\n|turn|3\n|inactive|Kondroid has 120 seconds left.\n|\n|t:|1700090687\n|switch|p1b: Goodra|Goodra-Hisui, M|100\/100\n|switch|p2a: Toxtricity|Toxtricity, F, shiny|100\/100\n|move|p2b: Sandy Shocks|Endure|p2b: Sandy Shocks\n|-singleturn|p2b: Sandy Shocks|move: Endure\n|move|p1a: Zapdos|Heat Wave|p2b: Sandy Shocks|[spread] p2a,p2b\n|-damage|p2a: Toxtricity|68\/100\n|-activate|p2b: Sandy Shocks|move: Endure\n|-damage|p2b: Sandy Shocks|1\/100 brn\n|-status|p2a: Toxtricity|brn\n|\n|-weather|Snow|[upkeep]\n|-damage|p2b: Sandy Shocks|0 fnt|[from] brn\n|faint|p2b: Sandy Shocks\n|-end|p2b: Sandy Shocks|Protosynthesis|[silent]\n|-damage|p2a: Toxtricity|62\/100 brn|[from] brn\n|upkeep\n|inactive|Azuretx has 120 seconds left.\n|\n|t:|1700090706\n|switch|p2b: Zapdos|Zapdos, shiny|42\/100\n|-ability|p2b: Zapdos|Pressure\n|turn|4\n|\n|t:|1700090720\n|move|p1a: Zapdos|Heat Wave|p2b: Zapdos|[spread] p2a,p2b\n|-damage|p2a: Toxtricity|29\/100 brn\n|-damage|p2b: Zapdos|26\/100\n|-status|p2b: Zapdos|brn\n|move|p1b: Goodra|Blizzard|p2a: Toxtricity|[spread] p2a,p2b\n|-supereffective|p2b: Zapdos\n|-damage|p2a: Toxtricity|0 fnt\n|-damage|p2b: Zapdos|0 fnt\n|faint|p2a: Toxtricity\n|faint|p2b: Zapdos\n|\n|-weather|Snow|[upkeep]\n|-sideend|p1: Kondroid|move: Tailwind\n|upkeep\n|\n|t:|1700090733\n|switch|p2b: Thundurus|Thundurus-Therian, M, shiny|100\/100\n|switch|p2a: Bellibolt|Bellibolt, F|100\/100\n|turn|5\n|\n|t:|1700090755\n|-terastallize|p2b: Thundurus|Electric\n|move|p2b: Thundurus|Wildbolt Storm|p1a: Zapdos|[spread] p1a,p1b\n|-resisted|p1b: Goodra\n|-damage|p1a: Zapdos|48\/100\n|-damage|p1b: Goodra|90\/100\n|move|p1a: Zapdos|Heat Wave|p2a: Bellibolt|[spread] p2a,p2b\n|-damage|p2a: Bellibolt|90\/100\n|-damage|p2b: Thundurus|66\/100\n|-start|p2a: Bellibolt|Charge|Heat Wave|[from] ability: Electromorphosis\n|move|p1b: Goodra|Blizzard|p2a: Bellibolt|[spread] p2a,p2b\n|-damage|p2a: Bellibolt|78\/100\n|-damage|p2b: Thundurus|26\/100\n|-start|p2a: Bellibolt|Charge|Blizzard|[from] ability: Electromorphosis\n|move|p2a: Bellibolt|Parabolic Charge|p1b: Goodra|[spread] p1a,p1b\n|-heal|p2b: Thundurus|51\/100|[from] ability: Volt Absorb|[of] p2a: Bellibolt\n|-resisted|p1b: Goodra\n|-damage|p1a: Zapdos|15\/100\n|-heal|p2a: Bellibolt|91\/100|[from] drain|[of] p1a: Zapdos\n|-damage|p1b: Goodra|84\/100\n|-heal|p2a: Bellibolt|94\/100|[from] drain|[of] p1b: Goodra\n|-end|p2a: Bellibolt|Charge|[silent]\n|\n|-weather|Snow|[upkeep]\n|-sideend|p1: Kondroid|move: Aurora Veil\n|-fieldend|move: Electric Terrain\n|upkeep\n|turn|6\n|inactive|Kondroid has 120 seconds left.\n|\n|t:|1700090791\n|move|p2b: Thundurus|Wildbolt Storm|p1a: Zapdos|[spread] p1a,p1b\n|-resisted|p1b: Goodra\n|-damage|p1a: Zapdos|0 fnt\n|-damage|p1b: Goodra|72\/100\n|-status|p1b: Goodra|par\n|faint|p1a: Zapdos\n|move|p2a: Bellibolt|Parabolic Charge|p1b: Goodra|[spread] p1b\n|-heal|p2b: Thundurus|75\/100|[from] ability: Volt Absorb|[of] p2a: Bellibolt\n|-resisted|p1b: Goodra\n|-damage|p1b: Goodra|68\/100 par\n|-heal|p2a: Bellibolt|96\/100|[from] drain|[of] p1b: Goodra\n|move|p1b: Goodra|Blizzard|p2b: Thundurus|[spread] p2a,p2b\n|-damage|p2a: Bellibolt|84\/100\n|-damage|p2b: Thundurus|35\/100\n|-start|p2a: Bellibolt|Charge|Blizzard|[from] ability: Electromorphosis\n|\n|-weather|Snow|[upkeep]\n|-fieldend|move: Gravity\n|upkeep\n|\n|t:|1700090814\n|switch|p1a: Sinistcha|Sinistcha|100\/100\n|-heal|p1b: Goodra|93\/100 par|[from] ability: Hospitality|[of] p1a: Sinistcha\n|turn|7\n|inactive|Kondroid has 120 seconds left.\n|\n|t:|1700090825\n|move|p2b: Thundurus|Wildbolt Storm|p1a: Sinistcha|[spread] p1a,p1b\n|-resisted|p1a: Sinistcha\n|-resisted|p1b: Goodra\n|-damage|p1a: Sinistcha|67\/100\n|-damage|p1b: Goodra|81\/100 par\n|move|p1a: Sinistcha|Matcha Gotcha|p2b: Thundurus|[spread] \n|-miss|p1a: Sinistcha|p2a: Bellibolt\n|-miss|p1a: Sinistcha|p2b: Thundurus\n|move|p2a: Bellibolt|Parabolic Charge|p1b: Goodra|[spread] p1a,p1b\n|-heal|p2b: Thundurus|60\/100|[from] ability: Volt Absorb|[of] p2a: Bellibolt\n|-resisted|p1a: Sinistcha\n|-resisted|p1b: Goodra\n|-damage|p1a: Sinistcha|48\/100\n|-heal|p2a: Bellibolt|92\/100|[from] drain|[of] p1a: Sinistcha\n|-damage|p1b: Goodra|73\/100 par\n|-heal|p2a: Bellibolt|95\/100|[from] drain|[of] p1b: Goodra\n|-end|p2a: Bellibolt|Charge|[silent]\n|cant|p1b: Goodra|par\n|\n|-weather|Snow|[upkeep]\n|-heal|p1a: Sinistcha|55\/100|[from] item: Leftovers\n|upkeep\n|turn|8\n|inactive|Kondroid has 120 seconds left.\n|\n|t:|1700090854\n|move|p2b: Thundurus|Wildbolt Storm|p1a: Sinistcha|[spread] p1a,p1b\n|-resisted|p1a: Sinistcha\n|-resisted|p1b: Goodra\n|-damage|p1a: Sinistcha|19\/100\n|-damage|p1b: Goodra|60\/100 par\n|move|p1a: Sinistcha|Strength Sap|p2b: Thundurus\n|-unboost|p2b: Thundurus|atk|1\n|-heal|p1a: Sinistcha|75\/100\n|move|p2a: Bellibolt|Parabolic Charge|p1a: Sinistcha|[spread] p1a,p1b\n|-heal|p2b: Thundurus|84\/100|[from] ability: Volt Absorb|[of] p2a: Bellibolt\n|-resisted|p1a: Sinistcha\n|-resisted|p1b: Goodra\n|-damage|p1a: Sinistcha|65\/100\n|-heal|p2a: Bellibolt|99\/100|[from] drain|[of] p1a: Sinistcha\n|-damage|p1b: Goodra|57\/100 par\n|-heal|p2a: Bellibolt|100\/100|[from] drain|[of] p1b: Goodra\n|move|p1b: Goodra|Draco Meteor|p2a: Bellibolt\n|-damage|p2a: Bellibolt|71\/100\n|-unboost|p1b: Goodra|spa|2\n|-start|p2a: Bellibolt|Charge|Draco Meteor|[from] ability: Electromorphosis\n|\n|-weather|none\n|-heal|p1a: Sinistcha|71\/100|[from] item: Leftovers\n|upkeep\n|turn|9\n|l|\u2606Azuretx\n|inactive|Azuretx disconnected and has a minute to reconnect!\n|player|p2|\n|inactive|Kondroid has 120 seconds left.\n|j|\u2606Azuretx\n|inactive|Azuretx reconnected and has 120 seconds left.\n|player|p2|Azuretx|boarder\n|\n|t:|1700090892\n|switch|p1a: Ninetales|Ninetales-Alola, F|64\/100\n|-weather|Snow|[from] ability: Snow Warning|[of] p1a: Ninetales\n|switch|p1b: Baxcalibur|Baxcalibur, F|100\/100\n|move|p2b: Thundurus|Wildbolt Storm|p1b: Baxcalibur|[spread] p1b\n|-miss|p2b: Thundurus|p1a: Ninetales\n|-resisted|p1b: Baxcalibur\n|-damage|p1b: Baxcalibur|72\/100\n|move|p2a: Bellibolt|Parabolic Charge|p1a: Ninetales|[spread] p1a,p1b\n|-heal|p2b: Thundurus|100\/100|[from] ability: Volt Absorb|[of] p2a: Bellibolt\n|-resisted|p1b: Baxcalibur\n|-damage|p1a: Ninetales|26\/100\n|-heal|p2a: Bellibolt|84\/100|[from] drain|[of] p1a: Ninetales\n|-damage|p1b: Baxcalibur|53\/100\n|-heal|p2a: Bellibolt|93\/100|[from] drain|[of] p1b: Baxcalibur\n|-end|p2a: Bellibolt|Charge|[silent]\n|\n|-weather|Snow|[upkeep]\n|-heal|p1b: Baxcalibur|59\/100|[from] ability: Ice Body\n|upkeep\n|turn|10\n|inactive|Kondroid has 120 seconds left.\n|inactive|Azuretx has 120 seconds left.\n|\n|t:|1700090916\n|move|p1a: Ninetales|Aurora Veil|p1a: Ninetales\n|-sidestart|p1: Kondroid|move: Aurora Veil\n|move|p2b: Thundurus|Wildbolt Storm|p1a: Ninetales|[spread] p1a,p1b\n|-resisted|p1b: Baxcalibur\n|-damage|p1a: Ninetales|0 fnt\n|-damage|p1b: Baxcalibur|39\/100\n|faint|p1a: Ninetales\n|move|p1b: Baxcalibur|High Horsepower|p2a: Bellibolt\n|-supereffective|p2a: Bellibolt\n|-damage|p2a: Bellibolt|28\/100\n|-start|p2a: Bellibolt|Charge|High Horsepower|[from] ability: Electromorphosis\n|move|p2a: Bellibolt|Parabolic Charge|p1b: Baxcalibur|[spread] p1b\n|-immune|p2b: Thundurus|[from] ability: Volt Absorb\n|-resisted|p1b: Baxcalibur\n|-damage|p1b: Baxcalibur|27\/100\n|-heal|p2a: Bellibolt|33\/100|[from] drain|[of] p1b: Baxcalibur\n|-end|p2a: Bellibolt|Charge|[silent]\n|\n|-weather|Snow|[upkeep]\n|-heal|p1b: Baxcalibur|34\/100|[from] ability: Ice Body\n|upkeep\n|inactive|Kondroid has 120 seconds left.\n|\n|t:|1700090936\n|switch|p1a: Sinistcha|Sinistcha|71\/100\n|-heal|p1b: Baxcalibur|58\/100|[from] ability: Hospitality|[of] p1a: Sinistcha\n|turn|11\n|inactive|Kondroid has 120 seconds left.\n|l|\u2606Azuretx\n|inactive|Azuretx disconnected and has a minute to reconnect!\n|player|p2|\n|j|\u2606Azuretx\n|inactive|Azuretx reconnected and has 110 seconds left.\n|player|p2|Azuretx|boarder\n|inactive|Azuretx has 90 seconds left.\n|inactive|Azuretx has 60 seconds left.\n|\n|t:|1700091045\n|move|p2b: Thundurus|Wildbolt Storm|p1a: Sinistcha|[spread] p1a,p1b\n|-resisted|p1a: Sinistcha\n|-resisted|p1b: Baxcalibur\n|-damage|p1a: Sinistcha|50\/100\n|-damage|p1b: Baxcalibur|40\/100\n|move|p1b: Baxcalibur|High Horsepower|p2a: Bellibolt\n|-supereffective|p2a: Bellibolt\n|-damage|p2a: Bellibolt|0 fnt\n|faint|p2a: Bellibolt\n|move|p1a: Sinistcha|Matcha Gotcha|p2b: Thundurus\n|-damage|p2b: Thundurus|46\/100\n|-heal|p1a: Sinistcha|73\/100|[from] drain|[of] p2b: Thundurus\n|\n|-weather|Snow|[upkeep]\n|-heal|p1b: Baxcalibur|46\/100|[from] ability: Ice Body\n|-heal|p1a: Sinistcha|79\/100|[from] item: Leftovers\n|upkeep\n|\n|t:|1700091063\n|switch|p2a: Muk|Muk-Alola, M, shiny|100\/100\n|turn|12\n|inactive|Kondroid has 120 seconds left.\n|\n|t:|1700091075\n|move|p1a: Sinistcha|Rage Powder|p1a: Sinistcha\n|-singleturn|p1a: Sinistcha|move: Rage Powder\n|move|p2b: Thundurus|Wildbolt Storm|p1b: Baxcalibur|[spread] p1b\n|-miss|p2b: Thundurus|p1a: Sinistcha\n|-resisted|p1b: Baxcalibur\n|-damage|p1b: Baxcalibur|28\/100\n|move|p1b: Baxcalibur|High Horsepower|p2a: Muk\n|-supereffective|p2a: Muk\n|-damage|p2a: Muk|14\/100\n|move|p2a: Muk|Poison Jab|p1a: Sinistcha\n|-damage|p1a: Sinistcha|63\/100\n|-status|p1a: Sinistcha|psn\n|\n|-weather|Snow|[upkeep]\n|-heal|p1b: Baxcalibur|34\/100|[from] ability: Ice Body\n|-heal|p1a: Sinistcha|69\/100 psn|[from] item: Leftovers\n|-damage|p1a: Sinistcha|57\/100 psn|[from] psn\n|upkeep\n|turn|13\n|inactive|Azuretx has 60 seconds left.\n|\n|t:|1700091098\n|move|p1b: Baxcalibur|Protect|p1b: Baxcalibur\n|-singleturn|p1b: Baxcalibur|Protect\n|move|p2a: Muk|Protect|p2a: Muk\n|-singleturn|p2a: Muk|Protect\n|move|p2b: Thundurus|Wildbolt Storm|p1a: Sinistcha|[spread] p1a\n|-activate|p1b: Baxcalibur|move: Protect\n|-resisted|p1a: Sinistcha\n|-damage|p1a: Sinistcha|34\/100 psn\n|move|p1a: Sinistcha|Matcha Gotcha|p2a: Muk|[spread] p2b\n|-activate|p2a: Muk|move: Protect\n|-damage|p2b: Thundurus|0 fnt\n|-heal|p1a: Sinistcha|54\/100 psn|[from] drain|[of] p2b: Thundurus\n|faint|p2b: Thundurus\n|-ability|p2a: Muk|Volt Absorb|[from] ability: Power of Alchemy|[of] p2b: Thundurus\n|\n|-weather|Snow|[upkeep]\n|-heal|p1b: Baxcalibur|40\/100|[from] ability: Ice Body\n|-heal|p1a: Sinistcha|60\/100 psn|[from] item: Leftovers\n|-damage|p1a: Sinistcha|48\/100 psn|[from] psn\n|upkeep\n|turn|14\n|inactive|Azuretx has 60 seconds left.\n|\n|t:|1700091125\n|move|p1b: Baxcalibur|Icicle Spear|p2a: Muk\n|-damage|p2a: Muk|0 fnt\n|faint|p2a: Muk\n|-hitcount|p2: Muk|1\n|\n|win|Kondroid\n|raw|Kondroid's rating: 1241 &rarr; <strong>1262<\/strong><br \/>(+21 for winning)\n|raw|Azuretx's rating: 1182 &rarr; <strong>1161<\/strong><br \/>(-21 for losing)\n|c|\u2606Kondroid|gg\n","uploadtime":1700091157,"views":17,"p1id":"kondroid","p2id":"azuretx","formatid":"gen9doublesou","rating":1161,"private":0,"password":""}