{"id":"gen9doublesou-1993808971","p1":"YuriKnifuWaifu","p2":"Shrimpking","format":"[Gen 9] Doubles OU","log":"|j|\u2606YuriKnifuWaifu\n|j|\u2606Shrimpking\n|t:|1700359905\n|gametype|doubles\n|player|p1|YuriKnifuWaifu|dragontamer|\n|player|p2|Shrimpking|bellelba|\n|teamsize|p1|6\n|teamsize|p2|6\n|gen|9\n|tier|[Gen 9] Doubles OU\n|rule|Species Clause: Limit one of each Pok\u00e9mon\n|rule|OHKO Clause: OHKO moves are banned\n|rule|Evasion Moves Clause: Evasion moves are banned\n|rule|Gravity Sleep Clause: The combination of sleep-inducing moves with imperfect accuracy and Gravity or Gigantamax Orbeetle are banned\n|rule|Endless Battle Clause: Forcing endless battles is banned\n|rule|HP Percentage Mod: HP is shown in percentages\n|clearpoke\n|poke|p1|Wugtrio, M|\n|poke|p1|Magnezone|\n|poke|p1|Skeledirge, F|\n|poke|p1|Rabsca, F|\n|poke|p1|Drifblim, F|\n|poke|p1|Carbink|\n|poke|p2|Raichu-Alola, F|\n|poke|p2|Gastrodon-East, F|\n|poke|p2|Tauros, M|\n|poke|p2|Morgrem, M|\n|poke|p2|Bronzong|\n|poke|p2|Hawlucha, F|\n|teampreview\n|c|\u2606Shrimpking|poopoopeepee\n|c|\u2606Shrimpking|*winnie the poo dancing*\n|c|\u2606Shrimpking|We gotta wait for intro and shit\n|\n|t:|1700360297\n|start\n|switch|p1a: You_Trash|Carbink, shiny|100\/100\n|switch|p1b: Shoe|Drifblim, F, shiny|100\/100\n|switch|p2a: Evil Nacholibre|Hawlucha, F, shiny|100\/100\n|switch|p2b: Bing Bong|Bronzong, shiny|100\/100\n|turn|1\n|\n|t:|1700360319\n|move|p2a: Evil Nacholibre|Rock Slide|p1b: Shoe|[spread] p1a,p1b\n|-supereffective|p1b: Shoe\n|-damage|p1a: You_Trash|87\/100\n|-damage|p1b: Shoe|58\/100\n|cant|p1b: Shoe|flinch\n|move|p1a: You_Trash|Rock Slide|p2b: Bing Bong|[spread] p2a,p2b\n|-resisted|p2b: Bing Bong\n|-damage|p2a: Evil Nacholibre|74\/100\n|-damage|p2b: Bing Bong|91\/100\n|cant|p2b: Bing Bong|flinch\n|\n|-heal|p1a: You_Trash|94\/100|[from] item: Leftovers\n|-heal|p2b: Bing Bong|97\/100|[from] item: Leftovers\n|-status|p1b: Shoe|brn|[from] item: Flame Orb\n|upkeep\n|turn|2\n|\n|t:|1700360347\n|move|p2b: Bing Bong|Protect|p2b: Bing Bong\n|-singleturn|p2b: Bing Bong|Protect\n|move|p2a: Evil Nacholibre|Cross Chop|p1a: You_Trash\n|-damage|p1a: You_Trash|58\/100\n|move|p1b: Shoe|Icy Wind|p2b: Bing Bong|[spread] p2a\n|-activate|p2b: Bing Bong|move: Protect\n|-supereffective|p2a: Evil Nacholibre\n|-damage|p2a: Evil Nacholibre|21\/100\n|-unboost|p2a: Evil Nacholibre|spe|1\n|move|p1a: You_Trash|Reflect|p1a: You_Trash\n|-sidestart|p1: YuriKnifuWaifu|Reflect\n|\n|-heal|p1a: You_Trash|64\/100|[from] item: Leftovers\n|-heal|p2b: Bing Bong|100\/100|[from] item: Leftovers\n|-damage|p1b: Shoe|51\/100 brn|[from] brn\n|upkeep\n|turn|3\n|\n|t:|1700360370\n|move|p2a: Evil Nacholibre|Swords Dance|p2a: Evil Nacholibre\n|-boost|p2a: Evil Nacholibre|atk|2\n|move|p1b: Shoe|Icy Wind|p2b: Bing Bong|[spread] p2b\n|-miss|p1b: Shoe|p2a: Evil Nacholibre\n|-resisted|p2b: Bing Bong\n|-damage|p2b: Bing Bong|91\/100\n|-unboost|p2b: Bing Bong|spe|1\n|move|p1a: You_Trash|Stealth Rock|p2b: Bing Bong\n|-sidestart|p2: Shrimpking|move: Stealth Rock\n|move|p2b: Bing Bong|Iron Defense|p2b: Bing Bong\n|-boost|p2b: Bing Bong|def|2\n|\n|-heal|p1a: You_Trash|70\/100|[from] item: Leftovers\n|-heal|p2b: Bing Bong|97\/100|[from] item: Leftovers\n|-damage|p1b: Shoe|45\/100 brn|[from] brn\n|upkeep\n|turn|4\n|\n|t:|1700360398\n|move|p2a: Evil Nacholibre|Cross Chop|p1a: You_Trash|[miss]\n|-miss|p2a: Evil Nacholibre|p1a: You_Trash\n|move|p1b: Shoe|Icy Wind|p2a: Evil Nacholibre|[spread] p2a,p2b\n|-supereffective|p2a: Evil Nacholibre\n|-resisted|p2b: Bing Bong\n|-damage|p2a: Evil Nacholibre|0 fnt\n|-damage|p2b: Bing Bong|86\/100\n|-unboost|p2b: Bing Bong|spe|1\n|faint|p2a: Evil Nacholibre\n|move|p1a: You_Trash|Light Screen|p1a: You_Trash\n|-sidestart|p1: YuriKnifuWaifu|move: Light Screen\n|move|p2b: Bing Bong|Iron Defense|p2b: Bing Bong\n|-boost|p2b: Bing Bong|def|2\n|\n|-heal|p1a: You_Trash|76\/100|[from] item: Leftovers\n|-heal|p2b: Bing Bong|92\/100|[from] item: Leftovers\n|-damage|p1b: Shoe|39\/100 brn|[from] brn\n|upkeep\n|\n|t:|1700360423\n|switch|p2a: Pancake|Raichu-Alola, F, shiny|100\/100\n|-damage|p2a: Pancake|88\/100|[from] Stealth Rock\n|turn|5\n|\n|t:|1700360438\n|move|p2b: Bing Bong|Protect|p2b: Bing Bong\n|-singleturn|p2b: Bing Bong|Protect\n|move|p2a: Pancake|Discharge|p1b: Shoe|[spread] p1a,p1b\n|-activate|p2b: Bing Bong|move: Protect\n|-supereffective|p1b: Shoe\n|-damage|p1a: You_Trash|56\/100\n|-damage|p1b: Shoe|0 fnt\n|faint|p1b: Shoe\n|move|p1a: You_Trash|Rock Slide|p2b: Bing Bong|[spread] p2a\n|-activate|p2b: Bing Bong|move: Protect\n|-damage|p2a: Pancake|49\/100\n|\n|-heal|p1a: You_Trash|62\/100|[from] item: Leftovers\n|-heal|p2b: Bing Bong|99\/100|[from] item: Leftovers\n|upkeep\n|\n|t:|1700360457\n|switch|p1b: Buckle|Skeledirge, F, shiny|100\/100\n|turn|6\n|\n|t:|1700360467\n|move|p2a: Pancake|Discharge|p1a: You_Trash|[spread] p2b,p1a,p1b\n|-damage|p2b: Bing Bong|52\/100\n|-damage|p1a: You_Trash|41\/100\n|-damage|p1b: Buckle|76\/100\n|-status|p1b: Buckle|par\n|move|p1a: You_Trash|Rock Slide|p2a: Pancake|[spread] p2a,p2b\n|-resisted|p2b: Bing Bong\n|-crit|p2b: Bing Bong\n|-damage|p2a: Pancake|11\/100\n|-damage|p2b: Bing Bong|39\/100\n|cant|p1b: Buckle|par\n|cant|p2b: Bing Bong|flinch\n|\n|-heal|p1a: You_Trash|48\/100|[from] item: Leftovers\n|-heal|p2b: Bing Bong|45\/100|[from] item: Leftovers\n|-sideend|p1: YuriKnifuWaifu|Reflect\n|upkeep\n|turn|7\n|\n|t:|1700360489\n|move|p2a: Pancake|Discharge|p1a: You_Trash|[spread] p2b,p1a,p1b\n|-damage|p2b: Bing Bong|1\/100\n|-damage|p1a: You_Trash|27\/100\n|-damage|p1b: Buckle|49\/100 par\n|-status|p2b: Bing Bong|par\n|move|p1a: You_Trash|Rock Slide|p2a: Pancake|[spread] p2a,p2b\n|-resisted|p2b: Bing Bong\n|-damage|p2a: Pancake|0 fnt\n|-damage|p2b: Bing Bong|0 fnt\n|faint|p2a: Pancake\n|faint|p2b: Bing Bong\n|cant|p1b: Buckle|par\n|\n|-heal|p1a: You_Trash|33\/100|[from] item: Leftovers\n|upkeep\n|\n|t:|1700360504\n|switch|p2a: Lemon Lime|Tauros, M, shiny|100\/100\n|switch|p2b: Johnny Sins|Morgrem, M, shiny|100\/100\n|-damage|p2a: Lemon Lime|88\/100|[from] Stealth Rock\n|-damage|p2b: Johnny Sins|88\/100|[from] Stealth Rock\n|turn|8\n|\n|t:|1700360521\n|move|p2b: Johnny Sins|Thunder Wave|p1a: You_Trash|[miss]\n|-miss|p2b: Johnny Sins|p1a: You_Trash\n|move|p2a: Lemon Lime|Iron Head|p1a: You_Trash\n|-supereffective|p1a: You_Trash\n|-damage|p1a: You_Trash|0 fnt\n|faint|p1a: You_Trash\n|move|p1b: Buckle|Shadow Ball|p2b: Johnny Sins\n|-resisted|p2b: Johnny Sins\n|-damage|p2b: Johnny Sins|68\/100\n|\n|-sideend|p1: YuriKnifuWaifu|move: Light Screen\n|upkeep\n|\n|t:|1700360535\n|switch|p1a: Two|Magnezone, shiny|100\/100\n|turn|9\n|\n|t:|1700360546\n|move|p2b: Johnny Sins|Thunder Wave|p1a: Two\n|-immune|p1a: Two\n|move|p2a: Lemon Lime|Iron Head|p1a: Two\n|-resisted|p1a: Two\n|-damage|p1a: Two|90\/100\n|move|p1a: Two|Discharge|p2b: Johnny Sins|[spread] p1b,p2a,p2b\n|-damage|p1b: Buckle|12\/100 par\n|-damage|p2a: Lemon Lime|37\/100\n|-damage|p2b: Johnny Sins|30\/100\n|-status|p2a: Lemon Lime|par\n|move|p1b: Buckle|Heat Wave|p2b: Johnny Sins|[spread] p2a,p2b\n|-damage|p2a: Lemon Lime|0 fnt\n|-damage|p2b: Johnny Sins|0 fnt\n|faint|p2a: Lemon Lime\n|faint|p2b: Johnny Sins\n|\n|-heal|p1a: Two|96\/100|[from] item: Leftovers\n|upkeep\n|\n|t:|1700360563\n|switch|p2a: Gassy|Gastrodon-East, F, shiny|100\/100\n|-damage|p2a: Gassy|94\/100|[from] Stealth Rock\n|turn|10\n|\n|t:|1700360571\n|move|p1a: Two|Flash Cannon|p2a: Gassy\n|-resisted|p2a: Gassy\n|-damage|p2a: Gassy|68\/100\n|move|p2a: Gassy|Earth Power|p1a: Two\n|-supereffective|p1a: Two\n|-damage|p1a: Two|0 fnt\n|faint|p1a: Two\n|cant|p1b: Buckle|par\n|\n|-heal|p2a: Gassy|74\/100|[from] item: Leftovers\n|upkeep\n|\n|t:|1700360581\n|switch|p1a: One|Wugtrio, M, shiny|100\/100\n|turn|11\n|\n|t:|1700360606\n|-terastallize|p1a: One|Fighting\n|move|p1a: One|Sucker Punch|p2a: Gassy\n|-damage|p2a: Gassy|38\/100\n|-damage|p1a: One|91\/100|[from] item: Life Orb\n|move|p2a: Gassy|Ice Beam|p1b: Buckle\n|-resisted|p1b: Buckle\n|-damage|p1b: Buckle|0 fnt\n|faint|p1b: Buckle\n|\n|-heal|p2a: Gassy|44\/100|[from] item: Leftovers\n|upkeep\n|\n|t:|1700360617\n|switch|p1b: My|Rabsca, F, shiny|100\/100\n|turn|12\n|\n|t:|1700360627\n|move|p1a: One|Sucker Punch|p2a: Gassy\n|-damage|p2a: Gassy|8\/100\n|-damage|p1a: One|81\/100|[from] item: Life Orb\n|move|p1b: My|Revival Blessing|p1b: My\n|\n|t:|1700360632\n|-heal|p1: You_Trash|50\/100|[from] move: Revival Blessing\n|move|p2a: Gassy|Ancient Power|p1b: My\n|-supereffective|p1b: My\n|-damage|p1b: My|59\/100\n|\n|-heal|p2a: Gassy|14\/100|[from] item: Leftovers\n|upkeep\n|turn|13\n|\n|t:|1700360654\n|move|p1a: One|Triple Dive|p2a: Gassy\n|-ability|p2a: Gassy|Storm Drain|boost\n|-boost|p2a: Gassy|spa|1\n|move|p1b: My|Energy Ball|p2a: Gassy\n|-supereffective|p2a: Gassy\n|-damage|p2a: Gassy|0 fnt\n|faint|p2a: Gassy\n|\n|win|YuriKnifuWaifu\n","uploadtime":1700360671,"views":5,"p1id":"yuriknifuwaifu","p2id":"shrimpking","formatid":"gen9doublesou","rating":0,"private":0,"password":""}