{"id":"gen9doublesou-1981823432","p1":"glasses15","p2":"hysali30","format":"[Gen 9] Doubles OU","log":"|j|\u2606glasses15\n|j|\u2606hysali30\n|t:|1698944304\n|gametype|doubles\n|player|p1|glasses15|scientistf|1128\n|player|p2|hysali30|dancer|1059\n|teamsize|p1|6\n|teamsize|p2|6\n|gen|9\n|tier|[Gen 9] Doubles OU\n|rated|\n|rule|Species Clause: Limit one of each Pok\u00e9mon\n|rule|OHKO Clause: OHKO moves are banned\n|rule|Evasion Moves Clause: Evasion moves are banned\n|rule|Gravity Sleep Clause: The combination of sleep-inducing moves with imperfect accuracy and Gravity or Gigantamax Orbeetle are banned\n|rule|Endless Battle Clause: Forcing endless battles is banned\n|rule|HP Percentage Mod: HP is shown in percentages\n|clearpoke\n|poke|p1|Whiscash, F|\n|poke|p1|Corviknight, M|\n|poke|p1|Pelipper, F|\n|poke|p1|Basculegion-F, F|\n|poke|p1|Barraskewda, F|\n|poke|p1|Ribombee, M|\n|poke|p2|Persian, M|\n|poke|p2|Perrserker, F|\n|poke|p2|Luxray, F|\n|poke|p2|Litleo, L1, M|\n|poke|p2|Meowscarada, F|\n|poke|p2|Pyroar, M|\n|teampreview\n|inactive|Battle timer is ON: inactive players will automatically lose when time's up. (requested by hysali30)\n|inactive|glasses15 also wants the timer to be on.\n|c|\u2606glasses15|glhf\n|c|\u2606glasses15|cats\n|\n|t:|1698944313\n|start\n|switch|p1a: Whiscash|Whiscash, F|100\/100\n|switch|p1b: Ribombee|Ribombee, M|100\/100\n|switch|p2a: Cat|Persian, M|100\/100\n|switch|p2b: Kitten|Litleo, L1, M|100\/100\n|-ability|p2b: Kitten|Unnerve\n|turn|1\n|\n|t:|1698944331\n|move|p2a: Cat|Fake Out|p1b: Ribombee\n|-damage|p1b: Ribombee|60\/100\n|-damage|p2a: Cat|91\/100|[from] item: Life Orb\n|move|p1b: Ribombee|Bug Buzz|p2b: Kitten\n|-resisted|p2b: Kitten\n|-enditem|p2b: Kitten|Focus Sash\n|-damage|p2b: Kitten|8\/100\n|move|p1a: Whiscash|Dragon Dance|p1a: Whiscash\n|-boost|p1a: Whiscash|atk|1\n|-boost|p1a: Whiscash|spe|1\n|move|p2b: Kitten|Endeavor|p1b: Ribombee\n|-damage|p1b: Ribombee|1\/100\n|\n|upkeep\n|turn|2\n|\n|t:|1698944356\n|move|p2b: Kitten|Protect|p2b: Kitten\n|-singleturn|p2b: Kitten|Protect\n|move|p1b: Ribombee|Dazzling Gleam|p2b: Kitten|[spread] p2a\n|-activate|p2b: Kitten|move: Protect\n|-damage|p2a: Cat|47\/100\n|move|p2a: Cat|Hyper Voice|p1a: Whiscash|[spread] p1a,p1b\n|-damage|p1a: Whiscash|72\/100\n|-damage|p1b: Ribombee|0 fnt\n|faint|p1b: Ribombee\n|-damage|p2a: Cat|37\/100|[from] item: Life Orb\n|move|p1a: Whiscash|Dragon Dance|p1a: Whiscash\n|-boost|p1a: Whiscash|atk|1\n|-boost|p1a: Whiscash|spe|1\n|\n|-heal|p1a: Whiscash|78\/100|[from] item: Leftovers\n|upkeep\n|inactive|glasses15 has 120 seconds left.\n|\n|t:|1698944373\n|switch|p1b: Pelipper|Pelipper, F|100\/100\n|-weather|RainDance|[from] ability: Drizzle|[of] p1b: Pelipper\n|turn|3\n|\n|t:|1698944384\n|move|p1a: Whiscash|Protect|p1a: Whiscash\n|-singleturn|p1a: Whiscash|Protect\n|move|p2a: Cat|Hyper Voice|p1b: Pelipper|[spread] p1b\n|-activate|p1a: Whiscash|move: Protect\n|-damage|p1b: Pelipper|60\/100\n|-damage|p2a: Cat|27\/100|[from] item: Life Orb\n|move|p1b: Pelipper|Hurricane|p2b: Kitten\n|-damage|p2b: Kitten|0 fnt\n|faint|p2b: Kitten\n|\n|-weather|RainDance|[upkeep]\n|-heal|p1a: Whiscash|84\/100|[from] item: Leftovers\n|upkeep\n|\n|t:|1698944400\n|switch|p2b: Weed Cat|Meowscarada, F|100\/100\n|turn|4\n|\n|t:|1698944425\n|move|p2b: Weed Cat|Flower Trick|p1a: Whiscash\n|-supereffective|p1a: Whiscash\n|-crit|p1a: Whiscash\n|-damage|p1a: Whiscash|0 fnt\n|faint|p1a: Whiscash\n|-damage|p2b: Weed Cat|91\/100|[from] item: Life Orb\n|move|p2a: Cat|Hyper Voice|p1b: Pelipper\n|-damage|p1b: Pelipper|2\/100\n|-damage|p2a: Cat|17\/100|[from] item: Life Orb\n|move|p1b: Pelipper|Tailwind|p1b: Pelipper\n|-sidestart|p1: glasses15|move: Tailwind\n|\n|-weather|RainDance|[upkeep]\n|upkeep\n|\n|t:|1698944438\n|switch|p1a: Barraskewda|Barraskewda, F|100\/100\n|turn|5\n|\n|t:|1698944453\n|switch|p2a: Cat Kitty|Luxray, F|100\/100\n|-ability|p2a: Cat Kitty|Intimidate|boost\n|-unboost|p1a: Barraskewda|atk|1\n|-unboost|p1b: Pelipper|atk|1\n|move|p1a: Barraskewda|Liquidation|p2a: Cat Kitty\n|-damage|p2a: Cat Kitty|6\/100\n|-enditem|p2a: Cat Kitty|Salac Berry|[eat]\n|-boost|p2a: Cat Kitty|spe|1|[from] item: Salac Berry\n|move|p2b: Weed Cat|Skill Swap|p1a: Barraskewda\n|-activate|p2b: Weed Cat|move: Skill Swap|Swift Swim|Overgrow|[of] p1a: Barraskewda\n|move|p1b: Pelipper|Hurricane|p2a: Cat Kitty\n|-resisted|p2a: Cat Kitty\n|-damage|p2a: Cat Kitty|0 fnt\n|faint|p2a: Cat Kitty\n|\n|-weather|RainDance|[upkeep]\n|upkeep\n|inactive|hysali30 has 120 seconds left.\n|c|\u2606hysali30|Yus. I love cats lol\n|c|\u2606glasses15|lol\n|c|\u2606glasses15|kitty\n|\n|t:|1698944482\n|switch|p2a: Cat|Persian, M|17\/100\n|turn|6\n|\n|t:|1698944491\n|move|p2a: Cat|Fake Out|p1b: Pelipper\n|-damage|p1b: Pelipper|0 fnt\n|faint|p1b: Pelipper\n|-damage|p2a: Cat|7\/100|[from] item: Life Orb\n|move|p2b: Weed Cat|Flower Trick|p1a: Barraskewda\n|-supereffective|p1a: Barraskewda\n|-crit|p1a: Barraskewda\n|-damage|p1a: Barraskewda|0 fnt\n|faint|p1a: Barraskewda\n|-damage|p2b: Weed Cat|81\/100|[from] item: Life Orb\n|\n|-weather|RainDance|[upkeep]\n|upkeep\n|\n|t:|1698944502\n|switch|p1a: Basculegion|Basculegion-F, F|100\/100\n|switch|p1b: Corviknight|Corviknight, M|100\/100\n|-ability|p1b: Corviknight|Pressure\n|turn|7\n|c|\u2606glasses15|i cant see anything on my screen\n|c|\u2606glasses15|can you\n|\n|t:|1698944519\n|move|p1a: Basculegion|Liquidation|p2a: Cat\n|-damage|p2a: Cat|0 fnt\n|faint|p2a: Cat\n|move|p2b: Weed Cat|Flower Trick|p1a: Basculegion\n|-supereffective|p1a: Basculegion\n|-crit|p1a: Basculegion\n|-damage|p1a: Basculegion|0 fnt\n|faint|p1a: Basculegion\n|-damage|p2b: Weed Cat|71\/100|[from] item: Life Orb\n|move|p1b: Corviknight|Iron Defense|p1b: Corviknight\n|-boost|p1b: Corviknight|def|2\n|\n|-weather|none\n|-sideend|p1: glasses15|move: Tailwind\n|upkeep\n|c|\u2606glasses15|i can only select persian for some reason\n|\n|t:|1698944527\n|switch|p2a: Cheeto Cat|Pyroar, M|100\/100\n|turn|8\n|\n|t:|1698944541\n|move|p2b: Weed Cat|Shadow Claw|p1b: Corviknight\n|-damage|p1b: Corviknight|92\/100\n|-damage|p2b: Weed Cat|61\/100|[from] item: Life Orb\n|move|p2a: Cheeto Cat|Heat Wave|p1b: Corviknight\n|-supereffective|p1b: Corviknight\n|-damage|p1b: Corviknight|0 fnt\n|faint|p1b: Corviknight\n|\n|win|hysali30\n|raw|glasses15's rating: 1128 &rarr; <strong>1098<\/strong><br \/>(-30 for losing)\n|raw|hysali30's rating: 1059 &rarr; <strong>1096<\/strong><br \/>(+37 for winning)\n","uploadtime":1698944553,"views":31,"p1id":"glasses15","p2id":"hysali30","formatid":"gen9doublesou","rating":1096,"private":0,"password":""}