{"id":"gen9doublesou-1988564628","p1":"Leolocario","p2":"Noughtless","format":"[Gen 9] Doubles OU","log":"|j|\u2606Leolocario\n|j|\u2606Noughtless\n|t:|1699736643\n|gametype|doubles\n|player|p1|Leolocario|101|1071\n|player|p2|Noughtless|blue|1000\n|teamsize|p1|6\n|teamsize|p2|6\n|gen|9\n|tier|[Gen 9] Doubles OU\n|rated|\n|rule|Species Clause: Limit one of each Pok\u00e9mon\n|rule|OHKO Clause: OHKO moves are banned\n|rule|Evasion Moves Clause: Evasion moves are banned\n|rule|Gravity Sleep Clause: The combination of sleep-inducing moves with imperfect accuracy and Gravity or Gigantamax Orbeetle are banned\n|rule|Endless Battle Clause: Forcing endless battles is banned\n|rule|HP Percentage Mod: HP is shown in percentages\n|clearpoke\n|poke|p1|Electrode-Hisui|\n|poke|p1|Charizard, M|\n|poke|p1|Ninetales, M|\n|poke|p1|Salamence, F|\n|poke|p1|Delphox, M|\n|poke|p1|Poliwrath, F|\n|poke|p2|Garchomp, F|\n|poke|p2|Arcanine, F|\n|poke|p2|Amoonguss, M|\n|poke|p2|Corviknight, M|\n|poke|p2|Hydreigon, M|\n|poke|p2|Froslass, F|\n|teampreview\n|\n|t:|1699736655\n|start\n|switch|p1a: Ninetales|Ninetales, M|100\/100\n|switch|p1b: Electrode|Electrode-Hisui|100\/100\n|switch|p2a: Itachi|Corviknight, M|100\/100\n|switch|p2b: Tuff|Arcanine, F, shiny|100\/100\n|-weather|SunnyDay|[from] ability: Drought|[of] p1a: Ninetales\n|-ability|p2b: Tuff|Intimidate|boost\n|-unboost|p1a: Ninetales|atk|1\n|-unboost|p1b: Electrode|atk|1\n|turn|1\n|\n|t:|1699736684\n|switch|p2a: Garburias|Garchomp, F|100\/100\n|move|p2b: Tuff|Extreme Speed|p1a: Ninetales\n|-damage|p1a: Ninetales|49\/100\n|-damage|p2b: Tuff|91\/100|[from] item: Life Orb\n|move|p1b: Electrode|Charge|p1b: Electrode\n|-boost|p1b: Electrode|spd|1\n|-start|p1b: Electrode|Charge\n|move|p1a: Ninetales|Agility|p1a: Ninetales\n|-boost|p1a: Ninetales|spe|2\n|\n|-weather|SunnyDay|[upkeep]\n|upkeep\n|turn|2\n|\n|t:|1699736715\n|move|p1a: Ninetales|Nasty Plot|p1a: Ninetales\n|-boost|p1a: Ninetales|spa|2\n|move|p1b: Electrode|Solar Beam||[still]\n|-prepare|p1b: Electrode|Solar Beam\n|-anim|p1b: Electrode|Solar Beam|p2a: Garburias\n|-damage|p2a: Garburias|51\/100\n|move|p2a: Garburias|Earthquake|p1b: Electrode|[spread] p2b,p1a,p1b\n|-supereffective|p2b: Tuff\n|-supereffective|p1a: Ninetales\n|-damage|p2b: Tuff|0 fnt\n|-damage|p1a: Ninetales|0 fnt\n|-damage|p1b: Electrode|28\/100\n|faint|p2b: Tuff\n|faint|p1a: Ninetales\n|\n|-weather|SunnyDay|[upkeep]\n|upkeep\n|\n|t:|1699736730\n|switch|p1a: Charizard|Charizard, M|100\/100\n|switch|p2b: ISSA-ICE|Froslass, F, shiny|100\/100\n|turn|3\n|\n|t:|1699736740\n|move|p1b: Electrode|Solar Beam||[still]\n|-prepare|p1b: Electrode|Solar Beam\n|-anim|p1b: Electrode|Solar Beam|p2a: Garburias\n|-damage|p2a: Garburias|3\/100\n|move|p2b: ISSA-ICE|Shadow Ball|p1b: Electrode\n|-damage|p1b: Electrode|0 fnt\n|faint|p1b: Electrode\n|move|p2a: Garburias|Liquidation|p1a: Charizard\n|-supereffective|p1a: Charizard\n|-damage|p1a: Charizard|57\/100\n|-unboost|p1a: Charizard|def|1\n|move|p1a: Charizard|Weather Ball|p2b: ISSA-ICE\n|-supereffective|p2b: ISSA-ICE\n|-enditem|p2b: ISSA-ICE|Focus Sash\n|-damage|p2b: ISSA-ICE|1\/100\n|\n|-weather|SunnyDay|[upkeep]\n|-damage|p1a: Charizard|44\/100|[from] ability: Solar Power|[of] p1a: Charizard\n|upkeep\n|\n|t:|1699736758\n|switch|p1b: Salamence|Salamence, F|100\/100\n|-ability|p1b: Salamence|Intimidate|boost\n|-unboost|p2a: Garburias|atk|1\n|-unboost|p2b: ISSA-ICE|atk|1\n|turn|4\n|\n|t:|1699736771\n|move|p2b: ISSA-ICE|Destiny Bond|p2b: ISSA-ICE\n|-singlemove|p2b: ISSA-ICE|Destiny Bond\n|move|p2a: Garburias|Liquidation|p1a: Charizard\n|-supereffective|p1a: Charizard\n|-damage|p1a: Charizard|4\/100\n|move|p1a: Charizard|Weather Ball|p2b: ISSA-ICE\n|-supereffective|p2b: ISSA-ICE\n|-damage|p2b: ISSA-ICE|0 fnt\n|faint|p2b: ISSA-ICE\n|-activate|p2b: ISSA-ICE|move: Destiny Bond\n|faint|p1a: Charizard\n|move|p1b: Salamence|Dragon Dance|p1b: Salamence\n|-boost|p1b: Salamence|atk|1\n|-boost|p1b: Salamence|spe|1\n|\n|-weather|SunnyDay|[upkeep]\n|upkeep\n|\n|t:|1699736791\n|switch|p2b: Bouncer|Amoonguss, M, shiny|100\/100\n|switch|p1a: Poliwrath|Poliwrath, F|100\/100\n|turn|5\n|\n|t:|1699736806\n|move|p2b: Bouncer|Protect|p2b: Bouncer\n|-singleturn|p2b: Bouncer|Protect\n|move|p1b: Salamence|Stone Edge|p2b: Bouncer\n|-activate|p2b: Bouncer|move: Protect\n|move|p2a: Garburias|Earthquake|p1a: Poliwrath|[spread] p1a\n|-activate|p2b: Bouncer|move: Protect\n|-immune|p1b: Salamence\n|-damage|p1a: Poliwrath|79\/100\n|move|p1a: Poliwrath|Ice Punch|p2b: Bouncer\n|-activate|p2b: Bouncer|move: Protect\n|\n|-weather|none\n|upkeep\n|turn|6\n|\n|t:|1699736830\n|move|p1b: Salamence|Stone Edge|p2b: Bouncer\n|-damage|p2b: Bouncer|57\/100\n|move|p2a: Garburias|Iron Head|p1b: Salamence\n|-damage|p1b: Salamence|78\/100\n|move|p1a: Poliwrath|Ice Punch|p2b: Bouncer\n|-supereffective|p2b: Bouncer\n|-damage|p2b: Bouncer|24\/100\n|move|p2b: Bouncer|Spore|p1b: Salamence\n|-status|p1b: Salamence|slp|[from] move: Spore\n|\n|-heal|p2b: Bouncer|30\/100|[from] item: Black Sludge\n|upkeep\n|turn|7\n|\n|t:|1699736853\n|switch|p2a: Dein|Hydreigon, M|100\/100\n|move|p2b: Bouncer|Protect|p2b: Bouncer\n|-singleturn|p2b: Bouncer|Protect\n|cant|p1b: Salamence|slp\n|move|p1a: Poliwrath|Ice Punch|p2b: Bouncer\n|-activate|p2b: Bouncer|move: Protect\n|\n|-heal|p2b: Bouncer|36\/100|[from] item: Black Sludge\n|upkeep\n|turn|8\n|\n|t:|1699736871\n|-curestatus|p1b: Salamence|slp|[msg]\n|move|p1b: Salamence|Dragon Dance|p1b: Salamence\n|-boost|p1b: Salamence|atk|1\n|-boost|p1b: Salamence|spe|1\n|move|p2a: Dein|Draco Meteor|p1b: Salamence\n|-supereffective|p1b: Salamence\n|-damage|p1b: Salamence|0 fnt\n|-unboost|p2a: Dein|spa|2\n|faint|p1b: Salamence\n|-damage|p2a: Dein|91\/100|[from] item: Life Orb\n|move|p1a: Poliwrath|Ice Punch|p2a: Dein\n|-supereffective|p2a: Dein\n|-damage|p2a: Dein|41\/100\n|move|p2b: Bouncer|Giga Drain|p1a: Poliwrath\n|-supereffective|p1a: Poliwrath\n|-damage|p1a: Poliwrath|35\/100\n|-heal|p2b: Bouncer|56\/100|[from] drain|[of] p1a: Poliwrath\n|\n|-heal|p2b: Bouncer|62\/100|[from] item: Black Sludge\n|upkeep\n|\n|t:|1699736888\n|switch|p1b: Delphox|Delphox, M|100\/100\n|turn|9\n|\n|t:|1699736904\n|move|p2b: Bouncer|Protect|p2b: Bouncer\n|-singleturn|p2b: Bouncer|Protect\n|move|p1b: Delphox|Dazzling Gleam|p2a: Dein|[spread] p2a\n|-activate|p2b: Bouncer|move: Protect\n|-supereffective|p2a: Dein\n|-damage|p2a: Dein|0 fnt\n|faint|p2a: Dein\n|-item|p1b: Delphox|Black Sludge|[from] ability: Magician|[of] p2b: Bouncer\n|move|p1a: Poliwrath|Ice Punch|p2b: Bouncer\n|-activate|p2b: Bouncer|move: Protect\n|\n|-damage|p1b: Delphox|88\/100|[from] item: Black Sludge\n|upkeep\n|\n|t:|1699736918\n|switch|p2a: Itachi|Corviknight, M|100\/100\n|turn|10\n|\n|t:|1699736932\n|-terastallize|p2b: Bouncer|Poison\n|move|p1b: Delphox|Flame Charge|p2b: Bouncer\n|-damage|p2b: Bouncer|52\/100\n|-boost|p1b: Delphox|spe|1\n|move|p1a: Poliwrath|Drain Punch|p2a: Itachi\n|-damage|p2a: Itachi|78\/100\n|-heal|p1a: Poliwrath|47\/100|[from] drain|[of] p2a: Itachi\n|-damage|p1a: Poliwrath|30\/100|[from] item: Rocky Helmet|[of] p2a: Itachi\n|move|p2a: Itachi|Tailwind|p2a: Itachi\n|-sidestart|p2: Noughtless|move: Tailwind\n|move|p2b: Bouncer|Giga Drain|p1a: Poliwrath\n|-supereffective|p1a: Poliwrath\n|-damage|p1a: Poliwrath|0 fnt\n|-heal|p2b: Bouncer|65\/100|[from] drain|[of] p1a: Poliwrath\n|faint|p1a: Poliwrath\n|\n|-damage|p1b: Delphox|76\/100|[from] item: Black Sludge\n|upkeep\n|turn|11\n|\n|t:|1699736959\n|move|p1b: Delphox|Encore|p2a: Itachi\n|-start|p2a: Itachi|Encore\n|move|p2a: Itachi|Tailwind||[still]\n|-fail|p2a: Itachi\n|move|p2b: Bouncer|Spore|p1b: Delphox\n|-status|p1b: Delphox|slp|[from] move: Spore\n|\n|-damage|p1b: Delphox|63\/100 slp|[from] item: Black Sludge\n|upkeep\n|turn|12\n|\n|t:|1699736972\n|switch|p2a: Garburias|Garchomp, F|3\/100\n|cant|p1b: Delphox|slp\n|move|p2b: Bouncer|Sludge Bomb|p1b: Delphox\n|-damage|p1b: Delphox|19\/100 slp\n|\n|-damage|p1b: Delphox|7\/100 slp|[from] item: Black Sludge\n|upkeep\n|turn|13\n|c|\u2606Noughtless|gg\n|\n|t:|1699736988\n|move|p2a: Garburias|Liquidation|p1b: Delphox\n|-supereffective|p1b: Delphox\n|-damage|p1b: Delphox|0 fnt\n|faint|p1b: Delphox\n|\n|win|Noughtless\n|raw|Leolocario's rating: 1071 &rarr; <strong>1046<\/strong><br \/>(-25 for losing)\n|raw|Noughtless's rating: 1000 &rarr; <strong>1048<\/strong><br \/>(+48 for winning)\n|l|\u2606Leolocario\n","uploadtime":1699737003,"views":10,"p1id":"leolocario","p2id":"noughtless","formatid":"gen9doublesou","rating":1046,"private":0,"password":""}