{"id":"gen9doublesou-1987946028","p1":"frania","p2":"Nailea","format":"[Gen 9] Doubles OU","log":"|j|\u2606frania\n|j|\u2606Nailea\n|t:|1699651873\n|gametype|doubles\n|player|p1|frania|#dpl9spectralthieves|\n|player|p2|Nailea|fantina|\n|teamsize|p1|6\n|teamsize|p2|6\n|gen|9\n|tier|[Gen 9] Doubles OU\n|rule|Species Clause: Limit one of each Pok\u00e9mon\n|rule|OHKO Clause: OHKO moves are banned\n|rule|Evasion Moves Clause: Evasion moves are banned\n|rule|Gravity Sleep Clause: The combination of sleep-inducing moves with imperfect accuracy and Gravity or Gigantamax Orbeetle are banned\n|rule|Endless Battle Clause: Forcing endless battles is banned\n|rule|HP Percentage Mod: HP is shown in percentages\n|clearpoke\n|poke|p1|Ogerpon-Wellspring, F|\n|poke|p1|Ursaluna, F|\n|poke|p1|Iron Hands|\n|poke|p1|Indeedee-F, F|\n|poke|p1|Flutter Mane|\n|poke|p1|Armarouge, M|\n|poke|p2|Indeedee-F, F|\n|poke|p2|Iron Hands|\n|poke|p2|Armarouge, F|\n|poke|p2|Diancie|\n|poke|p2|Ogerpon-Wellspring, F|\n|poke|p2|Flutter Mane|\n|teampreview\n|c|\u2606frania|hf\n|c|\u2606frania|nice team\n|c|\u2606Nailea|hf\n|c|\u2606Nailea|LOL\n|j|+Frixel\n|j|+edgar\n|\n|t:|1699651939\n|start\n|switch|p1a: Flutter Mane|Flutter Mane|100\/100\n|switch|p1b: Ogerpon|Ogerpon-Wellspring, F|100\/100\n|switch|p2a: Ogerpon|Ogerpon-Wellspring, F|100\/100\n|switch|p2b: Flutter Mane|Flutter Mane|100\/100\n|turn|1\n|j|@yuki \u266a\n|c|\u2606frania|nice lead\n|j| HTH Not Registered\n|c| HTH Not Registered|Lets go fran!!\n|j| 7 de Marzo\n|\n|t:|1699651994\n|-end|p1a: Flutter Mane|Protosynthesis|[silent]\n|switch|p1a: Iron Hands|Iron Hands|100\/100\n|move|p2b: Flutter Mane|Moonblast|p1b: Ogerpon\n|-damage|p1b: Ogerpon|35\/100\n|move|p2a: Ogerpon|U-turn|p1b: Ogerpon\n|-supereffective|p1b: Ogerpon\n|-damage|p1b: Ogerpon|0 fnt\n|faint|p1b: Ogerpon\n|j| handshake lead\n|j| Enzonana\n|c| Enzonana|ANNNDOBIENFERENIA\n|\n|t:|1699652033\n|switch|p2a: Armarouge|Armarouge, F|100\/100|[from] U-turn\n|\n|upkeep\n|inactive|Battle timer is ON: inactive players will automatically lose when time's up. (requested by Nailea)\n|inactive|frania has 270 seconds left.\n|\n|t:|1699652108\n|switch|p1b: Flutter Mane|Flutter Mane|100\/100\n|turn|2\n|j| tera ghost\n|j| Fakee\n|inactive|frania has 270 seconds left.\n|\n|t:|1699652164\n|switch|p2a: Ogerpon|Ogerpon-Wellspring, F|100\/100\n|-terastallize|p1b: Flutter Mane|Fairy\n|move|p2b: Flutter Mane|Moonblast|p1a: Iron Hands\n|-supereffective|p1a: Iron Hands\n|-damage|p1a: Iron Hands|41\/100\n|move|p1b: Flutter Mane|Moonblast|p2a: Ogerpon\n|-damage|p2a: Ogerpon|0 fnt\n|faint|p2a: Ogerpon\n|move|p1a: Iron Hands|Heavy Slam|p2b: Flutter Mane\n|-supereffective|p2b: Flutter Mane\n|-damage|p2b: Flutter Mane|0 fnt\n|faint|p2b: Flutter Mane\n|-end|p2b: Flutter Mane|Protosynthesis|[silent]\n|\n|upkeep\n|inactive|Nailea has 270 seconds left.\n|\n|t:|1699652184\n|switch|p2b: Indeedee|Indeedee-F, F|100\/100\n|switch|p2a: Armarouge|Armarouge, F|100\/100\n|-fieldstart|move: Psychic Terrain|[from] ability: Psychic Surge|[of] p2b: Indeedee\n|turn|3\n|inactive|frania has 270 seconds left.\n|inactive|frania has 240 seconds left.\n|\n|t:|1699652247\n|move|p1b: Flutter Mane|Moonblast|p2b: Indeedee\n|-damage|p2b: Indeedee|9\/100\n|-enditem|p2b: Indeedee|Sitrus Berry|[eat]\n|-heal|p2b: Indeedee|34\/100|[from] item: Sitrus Berry\n|move|p2b: Indeedee|Psychic|p1b: Flutter Mane\n|-crit|p1b: Flutter Mane\n|-damage|p1b: Flutter Mane|47\/100\n|move|p2a: Armarouge|Expanding Force|p1a: Iron Hands|[spread] p1a,p1b\n|-supereffective|p1a: Iron Hands\n|-damage|p1a: Iron Hands|0 fnt\n|-damage|p1b: Flutter Mane|0 fnt\n|faint|p1a: Iron Hands\n|-end|p1a: Iron Hands|Quark Drive|[silent]\n|faint|p1b: Flutter Mane\n|-end|p1b: Flutter Mane|Protosynthesis|[silent]\n|-damage|p2a: Armarouge|91\/100|[from] item: Life Orb\n|\n|upkeep\n|inactive|frania has 210 seconds left.\n|inactive|frania has 180 seconds left.\n|\n|t:|1699652298\n|switch|p1b: Armarouge|Armarouge, M|100\/100\n|switch|p1a: Indeedee|Indeedee-F, F|100\/100\n|turn|4\n|\n|t:|1699652311\n|move|p2b: Indeedee|Psychic|p1b: Armarouge\n|-resisted|p1b: Armarouge\n|-damage|p1b: Armarouge|81\/100\n|move|p2a: Armarouge|Expanding Force|p1b: Armarouge|[spread] p1a,p1b\n|-resisted|p1a: Indeedee\n|-resisted|p1b: Armarouge\n|-damage|p1a: Indeedee|65\/100\n|-damage|p1b: Armarouge|34\/100\n|-damage|p2a: Armarouge|81\/100|[from] item: Life Orb\n|move|p1b: Armarouge|Expanding Force|p2b: Indeedee|[spread] p2a,p2b\n|-resisted|p2a: Armarouge\n|-resisted|p2b: Indeedee\n|-damage|p2a: Armarouge|37\/100\n|-damage|p2b: Indeedee|0 fnt\n|faint|p2b: Indeedee\n|move|p1a: Indeedee|Trick Room|p1a: Indeedee\n|-fieldstart|move: Trick Room|[of] p1a: Indeedee\n|\n|upkeep\n|\n|t:|1699652323\n|switch|p2b: Diancie|Diancie|100\/100\n|turn|5\n|inactive|frania has 210 seconds left.\n|j| Papiloco\n|inactive|frania has 180 seconds left.\n|j| GasaiiYunoSan\n|inactive|frania has 150 seconds left.\n|inactive|frania has 120 seconds left.\n|l| GasaiiYunoSan\n|j| GasaiiYunoSan\n|inactive|frania has 90 seconds left.\n|inactive|frania has 60 seconds left.\n|\n|t:|1699652507\n|move|p1b: Armarouge|Protect|p1b: Armarouge\n|-singleturn|p1b: Armarouge|Protect\n|move|p2b: Diancie|Diamond Storm|p1a: Indeedee|[spread] p1a\n|-activate|p1b: Armarouge|move: Protect\n|-damage|p1a: Indeedee|33\/100\n|-enditem|p1a: Indeedee|Sitrus Berry|[eat]\n|-heal|p1a: Indeedee|58\/100|[from] item: Sitrus Berry\n|move|p1a: Indeedee|Psychic|p2a: Armarouge\n|-resisted|p2a: Armarouge\n|-damage|p2a: Armarouge|15\/100\n|move|p2a: Armarouge|Trick Room|p2a: Armarouge\n|-fieldend|move: Trick Room\n|\n|upkeep\n|turn|6\n|inactive|frania has 60 seconds left.\n|inactive|frania has 30 seconds left.\n|inactive|frania has 20 seconds left.\n|inactive|frania has 15 seconds left.\n|inactive|frania has 10 seconds left.\n|inactive|Nailea has 270 seconds left.\n|inactive|frania has 5 seconds left.\n|\n|t:|1699652567\n|move|p1b: Armarouge|Expanding Force|p2a: Armarouge|[spread] p2a,p2b\n|-resisted|p2a: Armarouge\n|-damage|p2a: Armarouge|0 fnt\n|-damage|p2b: Diancie|44\/100\n|faint|p2a: Armarouge\n|move|p2b: Diancie|Diamond Storm|p1b: Armarouge|[spread] p1a,p1b\n|-supereffective|p1b: Armarouge\n|-damage|p1a: Indeedee|23\/100\n|-damage|p1b: Armarouge|0 fnt\n|faint|p1b: Armarouge\n|move|p1a: Indeedee|Trick Room|p1a: Indeedee\n|-fieldstart|move: Trick Room|[of] p1a: Indeedee\n|\n|upkeep\n|inactive|frania has 30 seconds left this turn.\n|\n|t:|1699652575\n|switch|p2a: Iron Hands|Iron Hands|100\/100\n|switch|p1b: \ud83d\udc15|Ursaluna, F|100\/100\n|-enditem|p2a: Iron Hands|Psychic Seed\n|-boost|p2a: Iron Hands|spd|1|[from] item: Psychic Seed\n|turn|7\n|inactive|frania has 30 seconds left.\n|l| handshake lead\n|inactive|frania has 20 seconds left.\n|inactive|Nailea has 270 seconds left.\n|\n|t:|1699652609\n|-terastallize|p2a: Iron Hands|Grass\n|move|p1a: Indeedee|Follow Me|p1a: Indeedee\n|-singleturn|p1a: Indeedee|move: Follow Me\n|move|p2b: Diancie|Diamond Storm|p1a: Indeedee|[spread] p1a,p1b\n|-resisted|p1b: \ud83d\udc15\n|-damage|p1a: Indeedee|0 fnt\n|-damage|p1b: \ud83d\udc15|88\/100\n|faint|p1a: Indeedee\n|move|p1b: \ud83d\udc15|Headlong Rush|p2b: Diancie\n|-supereffective|p2b: Diancie\n|-damage|p2b: Diancie|0 fnt\n|-unboost|p1b: \ud83d\udc15|def|1\n|-unboost|p1b: \ud83d\udc15|spd|1\n|faint|p2b: Diancie\n|move|p2a: Iron Hands|Swords Dance|p2a: Iron Hands\n|-boost|p2a: Iron Hands|atk|2\n|\n|-fieldend|move: Psychic Terrain\n|-status|p1b: \ud83d\udc15|brn|[from] item: Flame Orb\n|upkeep\n|turn|8\n|inactive|frania has 30 seconds left.\n|inactive|frania has 20 seconds left.\n|c|\u2606frania|gg\n|inactive|frania has 15 seconds left.\n|\n|t:|1699652641\n|move|p1b: \ud83d\udc15|Facade|p2a: Iron Hands\n|-damage|p2a: Iron Hands|21\/100\n|move|p2a: Iron Hands|Drain Punch|p1b: \ud83d\udc15\n|-supereffective|p1b: \ud83d\udc15\n|-damage|p1b: \ud83d\udc15|0 fnt\n|-heal|p2a: Iron Hands|59\/100|[from] drain|[of] p1b: \ud83d\udc15\n|faint|p1b: \ud83d\udc15\n|\n|win|Nailea\n|inactive|frania has 20 seconds left this turn.\n|l|\u2606frania\n|c| Enzonana|flasheaste paps\n|c|\u2606Nailea|gg\n|l| HTH Not Registered\n|l| 7 de Marzo\n|l|@yuki \u266a\n|l| tera ghost\n|j| Meminger21\n|l|+Frixel\n|l| Papiloco\n|l| Fakee\n|l| Meminger21\n|l|+edgar\n|j|+edgar\n","uploadtime":1699652997,"views":299,"p1id":"frania","p2id":"nailea","formatid":"gen9doublesou","rating":0,"private":0,"password":""}