{"id":"gen9doublesou-1999555779","p1":"Theblazekiller","p2":"Muninn333","format":"[Gen 9] Doubles OU","log":"|j|\u2606Theblazekiller\n|j|\u2606Muninn333\n|t:|1701095749\n|gametype|doubles\n|player|p1|Theblazekiller|lucas|1111\n|player|p2|Muninn333|rood|1136\n|teamsize|p1|6\n|teamsize|p2|6\n|gen|9\n|tier|[Gen 9] Doubles OU\n|rated|\n|rule|Species Clause: Limit one of each Pok\u00e9mon\n|rule|OHKO Clause: OHKO moves are banned\n|rule|Evasion Moves Clause: Evasion moves are banned\n|rule|Gravity Sleep Clause: The combination of sleep-inducing moves with imperfect accuracy and Gravity or Gigantamax Orbeetle are banned\n|rule|Endless Battle Clause: Forcing endless battles is banned\n|rule|HP Percentage Mod: HP is shown in percentages\n|clearpoke\n|poke|p1|Florges, F|\n|poke|p1|Sinistcha-Masterpiece|\n|poke|p1|Iron Hands|\n|poke|p1|Kommo-o, M|\n|poke|p1|Arcanine, M|\n|poke|p1|Farigiraf, M|\n|poke|p2|Chandelure, M|\n|poke|p2|Scizor, M|\n|poke|p2|Tornadus, M|\n|poke|p2|Great Tusk|\n|poke|p2|Murkrow, M|\n|poke|p2|Farigiraf, F|\n|teampreview\n|\n|t:|1701095783\n|start\n|switch|p1a: Arcanine|Arcanine, M|100\/100\n|switch|p1b: Iron Hands|Iron Hands|100\/100\n|switch|p2a: Murkrow|Murkrow, M|100\/100\n|switch|p2b: Great Tusk|Great Tusk|100\/100\n|-ability|p1a: Arcanine|Intimidate|boost\n|-unboost|p2a: Murkrow|atk|1\n|-unboost|p2b: Great Tusk|atk|1\n|-enditem|p1b: Iron Hands|Booster Energy\n|-activate|p1b: Iron Hands|ability: Quark Drive|[fromitem]\n|-start|p1b: Iron Hands|quarkdriveatk\n|turn|1\n|\n|t:|1701095802\n|move|p1b: Iron Hands|Fake Out|p2a: Murkrow\n|-damage|p2a: Murkrow|77\/100\n|cant|p2a: Murkrow|flinch\n|move|p1a: Arcanine|Will-O-Wisp|p2b: Great Tusk\n|-status|p2b: Great Tusk|brn\n|move|p2b: Great Tusk|Headlong Rush|p1b: Iron Hands\n|-supereffective|p1b: Iron Hands\n|-damage|p1b: Iron Hands|55\/100\n|-unboost|p2b: Great Tusk|def|1\n|-unboost|p2b: Great Tusk|spd|1\n|\n|-damage|p2b: Great Tusk|94\/100 brn|[from] brn\n|upkeep\n|turn|2\n|\n|t:|1701095822\n|move|p2a: Murkrow|Tailwind|p2a: Murkrow\n|-sidestart|p2: Muninn333|move: Tailwind\n|move|p2b: Great Tusk|Headlong Rush|p1b: Iron Hands\n|-supereffective|p1b: Iron Hands\n|-damage|p1b: Iron Hands|9\/100\n|-unboost|p2b: Great Tusk|def|1\n|-unboost|p2b: Great Tusk|spd|1\n|move|p1a: Arcanine|Flare Blitz|p2a: Murkrow\n|-damage|p2a: Murkrow|28\/100\n|-damage|p1a: Arcanine|87\/100|[from] Recoil\n|move|p1b: Iron Hands|Drain Punch|p2b: Great Tusk\n|-damage|p2b: Great Tusk|18\/100 brn\n|-heal|p1b: Iron Hands|42\/100|[from] drain|[of] p2b: Great Tusk\n|\n|-damage|p2b: Great Tusk|12\/100 brn|[from] brn\n|upkeep\n|turn|3\n|\n|t:|1701095854\n|switch|p1a: Sinistcha|Sinistcha-Masterpiece|100\/100\n|-heal|p1b: Iron Hands|66\/100|[from] ability: Hospitality|[of] p1a: Sinistcha\n|move|p2a: Murkrow|Haze|p2a: Murkrow\n|-clearallboost\n|move|p2b: Great Tusk|Headlong Rush|p1b: Iron Hands\n|-supereffective|p1b: Iron Hands\n|-damage|p1b: Iron Hands|0 fnt\n|-unboost|p2b: Great Tusk|def|1\n|-unboost|p2b: Great Tusk|spd|1\n|faint|p1b: Iron Hands\n|-end|p1b: Iron Hands|Quark Drive|[silent]\n|\n|-damage|p2b: Great Tusk|6\/100 brn|[from] brn\n|upkeep\n|\n|t:|1701095868\n|switch|p1b: Farigiraf|Farigiraf, M|100\/100\n|turn|4\n|\n|t:|1701095877\n|move|p1a: Sinistcha|Rage Powder|p1a: Sinistcha\n|-singleturn|p1a: Sinistcha|move: Rage Powder\n|move|p2a: Murkrow|Haze|p2a: Murkrow\n|-clearallboost\n|move|p2b: Great Tusk|Headlong Rush|p1a: Sinistcha\n|-resisted|p1a: Sinistcha\n|-damage|p1a: Sinistcha|83\/100\n|-unboost|p2b: Great Tusk|def|1\n|-unboost|p2b: Great Tusk|spd|1\n|move|p1b: Farigiraf|Hyper Voice|p2b: Great Tusk|[spread] p2a,p2b\n|-damage|p2a: Murkrow|0 fnt\n|-damage|p2b: Great Tusk|0 fnt\n|faint|p2a: Murkrow\n|faint|p2b: Great Tusk\n|-end|p2b: Great Tusk|Protosynthesis|[silent]\n|\n|-heal|p1a: Sinistcha|89\/100|[from] item: Leftovers\n|upkeep\n|\n|t:|1701095902\n|switch|p2a: Scizor|Scizor, M|100\/100\n|switch|p2b: Farigiraf|Farigiraf, F|100\/100\n|turn|5\n|\n|t:|1701095916\n|move|p1b: Farigiraf|Ally Switch|p1b: Farigiraf\n|swap|p1b: Farigiraf|0|[from] move: Ally Switch\n|move|p2a: Scizor|U-turn|p1a: Farigiraf\n|-supereffective|p1a: Farigiraf\n|-crit|p1a: Farigiraf\n|-damage|p1a: Farigiraf|0 fnt\n|faint|p1a: Farigiraf\n|\n|t:|1701095924\n|switch|p2a: Tornadus|Tornadus, M|100\/100|[from] U-turn\n|move|p2b: Farigiraf|Imprison|p2b: Farigiraf\n|-start|p2b: Farigiraf|move: Imprison\n|move|p1b: Sinistcha|Matcha Gotcha|p2b: Farigiraf|[spread] p2a\n|-miss|p1b: Sinistcha|p2b: Farigiraf\n|-resisted|p2a: Tornadus\n|-damage|p2a: Tornadus|87\/100\n|-heal|p1b: Sinistcha|96\/100|[from] drain|[of] p2a: Tornadus\n|\n|-heal|p1b: Sinistcha|100\/100|[from] item: Leftovers\n|-sideend|p2: Muninn333|move: Tailwind\n|upkeep\n|\n|t:|1701095937\n|switch|p1a: Kommo-o|Kommo-o, M|100\/100\n|turn|6\n|\n|t:|1701095952\n|switch|p1b: Florges|Florges, F|100\/100\n|switch|p2b: Scizor|Scizor, M|100\/100\n|move|p2a: Tornadus|Tailwind|p2a: Tornadus\n|-sidestart|p2: Muninn333|move: Tailwind\n|move|p1a: Kommo-o|Clangorous Soul|p1a: Kommo-o\n|-boost|p1a: Kommo-o|atk|1\n|-boost|p1a: Kommo-o|def|1\n|-boost|p1a: Kommo-o|spa|1\n|-boost|p1a: Kommo-o|spd|1\n|-boost|p1a: Kommo-o|spe|1\n|-damage|p1a: Kommo-o|68\/100\n|-enditem|p1a: Kommo-o|Throat Spray\n|-boost|p1a: Kommo-o|spa|1|[from] item: Throat Spray\n|-activate|p1b: Florges|ability: Symbiosis|Assault Vest|[of] p1a: Kommo-o\n|\n|upkeep\n|turn|7\n|\n|t:|1701095975\n|switch|p1b: Arcanine|Arcanine, M|87\/100\n|-ability|p1b: Arcanine|Intimidate|boost\n|-unboost|p2a: Tornadus|atk|1\n|-unboost|p2b: Scizor|atk|1\n|move|p2a: Tornadus|Bleakwind Storm|p1a: Kommo-o|[spread] p1a,p1b\n|-supereffective|p1a: Kommo-o\n|-damage|p1a: Kommo-o|32\/100\n|-damage|p1b: Arcanine|58\/100\n|move|p1a: Kommo-o|Clanging Scales|p2b: Scizor|[spread] p2a,p2b\n|-resisted|p2b: Scizor\n|-damage|p2a: Tornadus|15\/100\n|-damage|p2b: Scizor|63\/100\n|-unboost|p1a: Kommo-o|def|1\n|move|p2b: Scizor|Iron Head|p1b: Arcanine\n|-resisted|p1b: Arcanine\n|-damage|p1b: Arcanine|45\/100\n|\n|upkeep\n|turn|8\n|\n|t:|1701095993\n|switch|p1b: Sinistcha|Sinistcha-Masterpiece|100\/100\n|-heal|p1a: Kommo-o|57\/100|[from] ability: Hospitality|[of] p1b: Sinistcha\n|-terastallize|p2b: Scizor|Water\n|move|p2a: Tornadus|Icy Wind|p1a: Kommo-o|[spread] p1a,p1b\n|-supereffective|p1a: Kommo-o\n|-supereffective|p1b: Sinistcha\n|-damage|p1a: Kommo-o|45\/100\n|-damage|p1b: Sinistcha|66\/100\n|-unboost|p1a: Kommo-o|spe|1\n|-unboost|p1b: Sinistcha|spe|1\n|move|p2b: Scizor|Iron Head|p1b: Sinistcha\n|-damage|p1b: Sinistcha|48\/100\n|move|p1a: Kommo-o|Clanging Scales|p2b: Scizor|[spread] p2a,p2b\n|-damage|p2a: Tornadus|0 fnt\n|-damage|p2b: Scizor|0 fnt\n|faint|p2a: Tornadus\n|faint|p2b: Scizor\n|-unboost|p1a: Kommo-o|def|1\n|\n|-heal|p1b: Sinistcha|54\/100|[from] item: Leftovers\n|upkeep\n|\n|t:|1701096001\n|switch|p2a: Chandelure|Chandelure, M, shiny|100\/100\n|switch|p2b: Farigiraf|Farigiraf, F|100\/100\n|turn|9\n|\n|t:|1701096022\n|move|p1b: Sinistcha|Rage Powder|p1b: Sinistcha\n|-singleturn|p1b: Sinistcha|move: Rage Powder\n|move|p2a: Chandelure|Heat Wave|p1b: Sinistcha|[spread] p1a,p1b\n|-resisted|p1a: Kommo-o\n|-supereffective|p1b: Sinistcha\n|-damage|p1a: Kommo-o|28\/100\n|-damage|p1b: Sinistcha|0 fnt\n|faint|p1b: Sinistcha\n|move|p2b: Farigiraf|Dazzling Gleam|p1a: Kommo-o\n|-supereffective|p1a: Kommo-o\n|-damage|p1a: Kommo-o|0 fnt\n|faint|p1a: Kommo-o\n|\n|-sideend|p2: Muninn333|move: Tailwind\n|upkeep\n|\n|t:|1701096032\n|switch|p1a: Florges|Florges, F|100\/100\n|switch|p1b: Arcanine|Arcanine, M|45\/100\n|-ability|p1b: Arcanine|Intimidate|boost\n|-unboost|p2a: Chandelure|atk|1\n|-unboost|p2b: Farigiraf|atk|1\n|turn|10\n|\n|t:|1701096043\n|move|p1b: Arcanine|Snarl|p2b: Farigiraf|[spread] p2a,p2b\n|-supereffective|p2a: Chandelure\n|-supereffective|p2b: Farigiraf\n|-damage|p2a: Chandelure|79\/100\n|-damage|p2b: Farigiraf|82\/100\n|-unboost|p2a: Chandelure|spa|1\n|-unboost|p2b: Farigiraf|spa|1\n|move|p2a: Chandelure|Heat Wave|p1b: Arcanine|[spread] p1a,p1b\n|-resisted|p1b: Arcanine\n|-damage|p1a: Florges|75\/100\n|-damage|p1b: Arcanine|27\/100\n|move|p1a: Florges|Pollen Puff|p1b: Arcanine\n|-heal|p1b: Arcanine|77\/100\n|move|p2b: Farigiraf|Psychic|p1b: Arcanine\n|-damage|p1b: Arcanine|55\/100\n|\n|upkeep\n|turn|11\n|\n|t:|1701096060\n|move|p1b: Arcanine|Snarl|p2b: Farigiraf|[spread] p2a,p2b\n|-supereffective|p2a: Chandelure\n|-supereffective|p2b: Farigiraf\n|-damage|p2a: Chandelure|60\/100\n|-damage|p2b: Farigiraf|64\/100\n|-unboost|p2a: Chandelure|spa|1\n|-unboost|p2b: Farigiraf|spa|1\n|move|p2a: Chandelure|Heat Wave|p1a: Florges|[spread] p1a,p1b\n|-resisted|p1b: Arcanine\n|-damage|p1a: Florges|55\/100\n|-damage|p1b: Arcanine|42\/100\n|move|p1a: Florges|Pollen Puff|p1b: Arcanine\n|-heal|p1b: Arcanine|92\/100\n|move|p2b: Farigiraf|Psychic|p1b: Arcanine\n|-damage|p1b: Arcanine|77\/100\n|-unboost|p1b: Arcanine|spd|1\n|\n|upkeep\n|turn|12\n|\n|t:|1701096084\n|move|p1b: Arcanine|Snarl|p2b: Farigiraf|[spread] p2a\n|-miss|p1b: Arcanine|p2b: Farigiraf\n|-supereffective|p2a: Chandelure\n|-damage|p2a: Chandelure|40\/100\n|-unboost|p2a: Chandelure|spa|1\n|move|p2a: Chandelure|Heat Wave|p1b: Arcanine|[spread] p1a\n|-miss|p2a: Chandelure|p1b: Arcanine\n|-damage|p1a: Florges|40\/100\n|move|p1a: Florges|Pollen Puff|p1b: Arcanine\n|-heal|p1b: Arcanine|100\/100\n|move|p2b: Farigiraf|Psychic|p1a: Florges\n|-damage|p1a: Florges|28\/100\n|\n|upkeep\n|turn|13\n|\n|t:|1701096102\n|move|p1a: Florges|Helping Hand|p1b: Arcanine\n|-singleturn|p1b: Arcanine|Helping Hand|[of] p1a: Florges\n|move|p1b: Arcanine|Snarl|p2a: Chandelure|[spread] p2a,p2b\n|-supereffective|p2a: Chandelure\n|-supereffective|p2b: Farigiraf\n|-damage|p2a: Chandelure|8\/100\n|-damage|p2b: Farigiraf|37\/100\n|-unboost|p2a: Chandelure|spa|1\n|-unboost|p2b: Farigiraf|spa|1\n|-enditem|p2b: Farigiraf|Sitrus Berry|[eat]\n|-heal|p2b: Farigiraf|62\/100|[from] item: Sitrus Berry\n|move|p2a: Chandelure|Heat Wave|p1a: Florges|[spread] p1a,p1b\n|-resisted|p1b: Arcanine\n|-damage|p1a: Florges|16\/100\n|-damage|p1b: Arcanine|88\/100\n|move|p2b: Farigiraf|Psychic|p1a: Florges\n|-damage|p1a: Florges|7\/100\n|\n|upkeep\n|turn|14\n|\n|t:|1701096121\n|move|p1b: Arcanine|Snarl|p2a: Chandelure|[spread] p2a,p2b\n|-supereffective|p2a: Chandelure\n|-supereffective|p2b: Farigiraf\n|-damage|p2a: Chandelure|0 fnt\n|-damage|p2b: Farigiraf|46\/100\n|-unboost|p2b: Farigiraf|spa|1\n|faint|p2a: Chandelure\n|move|p1a: Florges|Moonblast|p2b: Farigiraf\n|-damage|p2b: Farigiraf|7\/100\n|-unboost|p2b: Farigiraf|spa|1\n|move|p2b: Farigiraf|Psychic|p1b: Arcanine\n|-damage|p1b: Arcanine|76\/100\n|\n|upkeep\n|turn|15\n|\n|t:|1701096137\n|move|p1b: Arcanine|Flare Blitz|p2b: Farigiraf\n|-damage|p2b: Farigiraf|0 fnt\n|faint|p2b: Farigiraf\n|-damage|p1b: Arcanine|73\/100|[from] Recoil\n|\n|win|Theblazekiller\n|raw|Theblazekiller's rating: 1111 &rarr; <strong>1138<\/strong><br \/>(+27 for winning)\n|raw|Muninn333's rating: 1136 &rarr; <strong>1109<\/strong><br \/>(-27 for losing)\n|c|\u2606Theblazekiller|gg\n","uploadtime":1701096174,"views":18,"p1id":"theblazekiller","p2id":"muninn333","formatid":"gen9doublesou","rating":1109,"private":0,"password":""}