{"id":"gen9doublesou-1977929947","p1":"MasterKeef90","p2":"beoneko111","format":"[Gen 9] Doubles OU","log":"|j|\u2606MasterKeef90\n|j|\u2606beoneko111\n|t:|1698468162\n|gametype|doubles\n|player|p1|MasterKeef90|lance|1201\n|player|p2|beoneko111|pilot|1474\n|teamsize|p1|6\n|teamsize|p2|6\n|gen|9\n|tier|[Gen 9] Doubles OU\n|rated|\n|rule|Species Clause: Limit one of each Pok\u00e9mon\n|rule|OHKO Clause: OHKO moves are banned\n|rule|Evasion Moves Clause: Evasion moves are banned\n|rule|Gravity Sleep Clause: The combination of sleep-inducing moves with imperfect accuracy and Gravity or Gigantamax Orbeetle are banned\n|rule|Endless Battle Clause: Forcing endless battles is banned\n|rule|HP Percentage Mod: HP is shown in percentages\n|clearpoke\n|poke|p1|Gurdurr, M|\n|poke|p1|Overqwil, F|\n|poke|p1|Yanmega, M|\n|poke|p1|Gastrodon-East, F|\n|poke|p1|Ceruledge, M|\n|poke|p1|Barraskewda, F|\n|poke|p2|Clefairy, F|\n|poke|p2|Chesnaught, F|\n|poke|p2|Rillaboom, F|\n|poke|p2|Farigiraf, F|\n|poke|p2|Iron Hands|\n|poke|p2|Flutter Mane|\n|teampreview\n|inactive|Battle timer is ON: inactive players will automatically lose when time's up. (requested by beoneko111)\n|\n|t:|1698468178\n|start\n|switch|p1a: Ceruledge|Ceruledge, M, shiny|100\/100\n|switch|p1b: Barraskewda|Barraskewda, F, shiny|100\/100\n|switch|p2a: Farigiraf|Farigiraf, F|100\/100\n|switch|p2b: Chesnaught|Chesnaught, F|100\/100\n|turn|1\n|\n|t:|1698468190\n|-terastallize|p2b: Chesnaught|Fire\n|move|p1b: Barraskewda|Flip Turn|p2a: Farigiraf\n|-damage|p2a: Farigiraf|54\/100\n|\n|t:|1698468196\n|switch|p1b: Gastrodon|Gastrodon-East, F|100\/100|[from] Flip Turn\n|move|p1a: Ceruledge|Bulk Up|p1a: Ceruledge\n|-boost|p1a: Ceruledge|atk|1\n|-boost|p1a: Ceruledge|def|1\n|move|p2b: Chesnaught|Belly Drum|p2b: Chesnaught\n|-damage|p2b: Chesnaught|50\/100\n|-setboost|p2b: Chesnaught|atk|6|[from] move: Belly Drum\n|-enditem|p1a: Ceruledge|Mirror Herb\n|-boost|p1a: Ceruledge|atk|5|[from] item: Mirror Herb\n|-enditem|p2b: Chesnaught|Sitrus Berry|[eat]\n|-heal|p2b: Chesnaught|75\/100|[from] item: Sitrus Berry\n|move|p2a: Farigiraf|Trick Room|p2a: Farigiraf\n|-fieldstart|move: Trick Room|[of] p2a: Farigiraf\n|\n|upkeep\n|turn|2\n|inactive|beoneko111 has 120 seconds left.\n|inactive|beoneko111 has 90 seconds left.\n|\n|t:|1698468259\n|switch|p1b: Overqwil|Overqwil, F, shiny|100\/100\n|-ability|p1b: Overqwil|Intimidate|boost\n|-unboost|p2a: Farigiraf|atk|1\n|-unboost|p2b: Chesnaught|atk|1\n|move|p2a: Farigiraf|Ally Switch|p2a: Farigiraf\n|swap|p2a: Farigiraf|1|[from] move: Ally Switch\n|move|p2a: Chesnaught|Drain Punch|p1b: Overqwil\n|-damage|p1b: Overqwil|0 fnt\n|-heal|p2a: Chesnaught|100\/100|[from] drain|[of] p1b: Overqwil\n|faint|p1b: Overqwil\n|move|p1a: Ceruledge|Bitter Blade|p2b: Farigiraf\n|-damage|p2b: Farigiraf|0 fnt\n|faint|p2b: Farigiraf\n|\n|upkeep\n|inactive|beoneko111 has 90 seconds left.\n|\n|t:|1698468291\n|switch|p2b: Clefairy|Clefairy, F|100\/100\n|switch|p1b: Gurdurr|Gurdurr, M, shiny|100\/100\n|turn|3\n|\n|t:|1698468310\n|move|p1b: Gurdurr|Wide Guard|p1b: Gurdurr\n|-singleturn|p1b: Gurdurr|Wide Guard\n|move|p2b: Clefairy|Follow Me|p2b: Clefairy\n|-singleturn|p2b: Clefairy|move: Follow Me\n|move|p2a: Chesnaught|Drain Punch|p1b: Gurdurr\n|-damage|p1b: Gurdurr|18\/100\n|move|p1a: Ceruledge|Bitter Blade|p2b: Clefairy\n|-damage|p2b: Clefairy|0 fnt\n|faint|p2b: Clefairy\n|\n|upkeep\n|inactive|beoneko111 has 90 seconds left.\n|\n|t:|1698468321\n|switch|p2b: Rillaboom|Rillaboom, F|100\/100\n|-fieldstart|move: Grassy Terrain|[from] ability: Grassy Surge|[of] p2b: Rillaboom\n|turn|4\n|\n|t:|1698468332\n|move|p2a: Chesnaught|Spiky Shield|p2a: Chesnaught\n|-singleturn|p2a: Chesnaught|move: Protect\n|move|p1b: Gurdurr|Wide Guard|p1b: Gurdurr\n|-singleturn|p1b: Gurdurr|Wide Guard\n|move|p2b: Rillaboom|Grassy Glide|p1b: Gurdurr\n|-damage|p1b: Gurdurr|0 fnt\n|faint|p1b: Gurdurr\n|move|p1a: Ceruledge|Bitter Blade|p2b: Rillaboom\n|-supereffective|p2b: Rillaboom\n|-damage|p2b: Rillaboom|0 fnt\n|faint|p2b: Rillaboom\n|\n|upkeep\n|\n|t:|1698468347\n|switch|p1b: Gastrodon|Gastrodon-East, F|100\/100\n|switch|p2b: Iron Hands|Iron Hands|100\/100\n|turn|5\n|\n|t:|1698468357\n|switch|p1b: Yanmega|Yanmega, M|100\/100\n|move|p2a: Chesnaught|Grassy Glide|p1b: Yanmega\n|-resisted|p1b: Yanmega\n|-damage|p1b: Yanmega|69\/100\n|move|p2b: Iron Hands|Heavy Slam|p1a: Ceruledge\n|-resisted|p1a: Ceruledge\n|-damage|p1a: Ceruledge|85\/100\n|move|p1a: Ceruledge|Bitter Blade|p2b: Iron Hands\n|-damage|p2b: Iron Hands|2\/100\n|-heal|p1a: Ceruledge|100\/100|[from] drain|[of] p2b: Iron Hands\n|-enditem|p2b: Iron Hands|Sitrus Berry|[eat]\n|-heal|p2b: Iron Hands|27\/100|[from] item: Sitrus Berry\n|\n|-heal|p2b: Iron Hands|33\/100|[from] Grassy Terrain\n|-fieldend|move: Trick Room\n|upkeep\n|turn|6\n|\n|t:|1698468382\n|move|p1b: Yanmega|Protect|p1b: Yanmega\n|-singleturn|p1b: Yanmega|Protect\n|move|p1a: Ceruledge|Bitter Blade|p2a: Chesnaught\n|-resisted|p2a: Chesnaught\n|-damage|p2a: Chesnaught|40\/100\n|move|p2a: Chesnaught|Drain Punch|p1b: Yanmega\n|-activate|p1b: Yanmega|move: Protect\n|move|p2b: Iron Hands|Heavy Slam|p1b: Yanmega\n|-activate|p1b: Yanmega|move: Protect\n|\n|-heal|p2a: Chesnaught|46\/100|[from] Grassy Terrain\n|-heal|p2b: Iron Hands|40\/100|[from] Grassy Terrain\n|-ability|p1b: Yanmega|Speed Boost|boost\n|-boost|p1b: Yanmega|spe|1\n|upkeep\n|turn|7\n|\n|t:|1698468397\n|move|p2a: Chesnaught|Grassy Glide|p1a: Ceruledge\n|-resisted|p1a: Ceruledge\n|-damage|p1a: Ceruledge|64\/100\n|move|p1b: Yanmega|Psychic|p2b: Iron Hands\n|-supereffective|p2b: Iron Hands\n|-damage|p2b: Iron Hands|0 fnt\n|faint|p2b: Iron Hands\n|-end|p2b: Iron Hands|Quark Drive|[silent]\n|-damage|p1b: Yanmega|59\/100|[from] item: Life Orb\n|move|p1a: Ceruledge|Bitter Blade|p2a: Chesnaught\n|-resisted|p2a: Chesnaught\n|-damage|p2a: Chesnaught|0 fnt\n|-heal|p1a: Ceruledge|94\/100|[from] drain|[of] p2a: Chesnaught\n|faint|p2a: Chesnaught\n|\n|-heal|p1a: Ceruledge|99\/100|[from] Grassy Terrain\n|-ability|p1b: Yanmega|Speed Boost|boost\n|-boost|p1b: Yanmega|spe|1\n|upkeep\n|\n|t:|1698468404\n|switch|p2b: Flutter Mane|Flutter Mane|100\/100\n|turn|8\n|\n|t:|1698468415\n|-terastallize|p1a: Ceruledge|Fire\n|move|p1b: Yanmega|Protect|p1b: Yanmega\n|-singleturn|p1b: Yanmega|Protect\n|move|p2b: Flutter Mane|Shadow Ball|p1a: Ceruledge\n|-damage|p1a: Ceruledge|36\/100\n|move|p1a: Ceruledge|Bitter Blade|p2b: Flutter Mane\n|-damage|p2b: Flutter Mane|0 fnt\n|-heal|p1a: Ceruledge|80\/100|[from] drain|[of] p2b: Flutter Mane\n|faint|p2b: Flutter Mane\n|-end|p2b: Flutter Mane|Protosynthesis|[silent]\n|\n|win|MasterKeef90\n|raw|MasterKeef90's rating: 1201 &rarr; <strong>1242<\/strong><br \/>(+41 for winning)\n|raw|beoneko111's rating: 1474 &rarr; <strong>1441<\/strong><br \/>(-33 for losing)\n|l|\u2606beoneko111\n|c|\u2606MasterKeef90|Gg\n|j| Sheep Liver\n|j| Mattattac\n|l| Sheep Liver\n","uploadtime":1698468489,"views":18,"p1id":"masterkeef90","p2id":"beoneko111","formatid":"gen9doublesou","rating":1242,"private":0,"password":""}