{"id":"gen9doublesou-1985354716","p1":"Shreedhar","p2":"Shubadude09","format":"[Gen 9] Doubles OU","log":"|j|\u2606Shreedhar\n|j|\u203dShubadude09\n|t:|1699367526\n|gametype|doubles\n|player|p1|Shreedhar|ingo|1065\n|player|p2|Shubadude09|caitlin|1144\n|teamsize|p1|6\n|teamsize|p2|6\n|gen|9\n|tier|[Gen 9] Doubles OU\n|rated|\n|rule|Species Clause: Limit one of each Pok\u00e9mon\n|rule|OHKO Clause: OHKO moves are banned\n|rule|Evasion Moves Clause: Evasion moves are banned\n|rule|Gravity Sleep Clause: The combination of sleep-inducing moves with imperfect accuracy and Gravity or Gigantamax Orbeetle are banned\n|rule|Endless Battle Clause: Forcing endless battles is banned\n|rule|HP Percentage Mod: HP is shown in percentages\n|clearpoke\n|poke|p1|Gastrodon, M|\n|poke|p1|Landorus-Therian, M|\n|poke|p1|Regieleki|\n|poke|p1|Clefairy, F|\n|poke|p1|Arcanine-Hisui, M|\n|poke|p1|Flutter Mane|\n|poke|p2|Spidops, M|\n|poke|p2|Gliscor, F|\n|poke|p2|Pelipper, M|\n|poke|p2|Basculegion-F, F|\n|poke|p2|Landorus-Therian, M|\n|poke|p2|Rillaboom, M|\n|teampreview\n|inactive|Battle timer is ON: inactive players will automatically lose when time's up. (requested by Shreedhar)\n|\n|t:|1699367544\n|start\n|switch|p1a: Gastrodon|Gastrodon, M|100\/100\n|switch|p1b: Flutter Mane|Flutter Mane|100\/100\n|switch|p2a: Landorus|Landorus-Therian, M|100\/100\n|switch|p2b: Rillaboom|Rillaboom, M|100\/100\n|-ability|p2a: Landorus|Intimidate|boost\n|-unboost|p1a: Gastrodon|atk|1\n|-unboost|p1b: Flutter Mane|atk|1\n|-fieldstart|move: Grassy Terrain|[from] ability: Grassy Surge|[of] p2b: Rillaboom\n|turn|1\n|inactive|Shubadude09 has 120 seconds left.\n|inactive|Shreedhar has 120 seconds left.\n|l|\u2606Shreedhar\n|inactive|Shreedhar disconnected and has a minute to reconnect!\n|player|p1|\n|j|\u2606Shreedhar\n|inactive|Shreedhar reconnected and has 100 seconds left.\n|player|p1|Shreedhar|ingo\n|inactive|Shreedhar has 90 seconds left.\n|inactiveoff|Battle timer is now OFF.\n|\n|t:|1699367644\n|switch|p2a: Spidops|Spidops, M|100\/100\n|switch|p1a: Landorus|Landorus-Therian, M|100\/100\n|-ability|p1a: Landorus|Intimidate|boost\n|-unboost|p2a: Spidops|atk|1\n|-unboost|p2b: Rillaboom|atk|1\n|move|p1b: Flutter Mane|Moonblast|p2a: Spidops\n|-damage|p2a: Spidops|67\/100\n|-unboost|p2a: Spidops|spa|1\n|move|p2b: Rillaboom|Wood Hammer|p1a: Landorus\n|-damage|p1a: Landorus|28\/100\n|-damage|p2b: Rillaboom|80\/100|[from] Recoil\n|-damage|p2b: Rillaboom|70\/100|[from] item: Life Orb\n|\n|-heal|p2b: Rillaboom|76\/100|[from] Grassy Terrain\n|-heal|p2a: Spidops|74\/100|[from] Grassy Terrain\n|upkeep\n|turn|2\n|\n|t:|1699367677\n|move|p2a: Spidops|First Impression|p1a: Landorus\n|-resisted|p1a: Landorus\n|-damage|p1a: Landorus|18\/100\n|move|p2b: Rillaboom|Grassy Glide|p1a: Landorus\n|-damage|p1a: Landorus|0 fnt\n|faint|p1a: Landorus\n|-damage|p2b: Rillaboom|66\/100|[from] item: Life Orb\n|move|p1b: Flutter Mane|Moonblast|p2b: Rillaboom\n|-damage|p2b: Rillaboom|20\/100\n|-unboost|p2b: Rillaboom|spa|1\n|\n|-heal|p2b: Rillaboom|26\/100|[from] Grassy Terrain\n|-heal|p2a: Spidops|80\/100|[from] Grassy Terrain\n|upkeep\n|\n|t:|1699367691\n|switch|p1a: Arcanine|Arcanine-Hisui, M, shiny|100\/100\n|turn|3\n|l|\u203dShubadude09\n|player|p2|\n|inactive|Battle timer is ON: inactive players will automatically lose when time's up. (requested by Shreedhar)\n|inactive|Shubadude09 has 30 seconds to reconnect!\n|inactive|Shubadude09 has 20 seconds to reconnect!\n|inactive|Shubadude09 has 15 seconds to reconnect!\n|inactive|Shubadude09 has 10 seconds to reconnect!\n|j|\u203dShubadude09\n|inactive|Shubadude09 reconnected and has 70 seconds left.\n|player|p2|Shubadude09|caitlin\n|n|\u203dShubadude09|shubadude09\n|inactive|Shubadude09 has 60 seconds left.\n|\n|t:|1699367783\n|switch|p2b: Gliscor|Gliscor, F|100\/100\n|switch|p2a: Landorus|Landorus-Therian, M|100\/100\n|-ability|p2a: Landorus|Intimidate|boost\n|-unboost|p1a: Arcanine|atk|1\n|-unboost|p1b: Flutter Mane|atk|1\n|move|p1b: Flutter Mane|Moonblast|p2b: Gliscor\n|-damage|p2b: Gliscor|54\/100\n|move|p1a: Arcanine|Flare Blitz|p2a: Landorus\n|-damage|p2a: Landorus|54\/100\n|\n|-status|p2b: Gliscor|tox|[from] item: Toxic Orb\n|upkeep\n|turn|4\n|inactive|Shreedhar has 90 seconds left.\n|l|\u203dShubadude09\n|inactive|Shubadude09 disconnected and has a minute to reconnect!\n|player|p2|\n|j|\u203dShubadude09\n|inactive|Shubadude09 reconnected and has 55 seconds left.\n|player|p2|Shubadude09|caitlin\n|n|\u203dShubadude09|shubadude09\n|\n|t:|1699367827\n|switch|p1a: Gastrodon|Gastrodon, M|100\/100\n|move|p2a: Landorus|Earth Power|p1a: Gastrodon\n|-damage|p1a: Gastrodon|71\/100\n|move|p2b: Gliscor|Stealth Rock|p1a: Gastrodon\n|-sidestart|p1: Shreedhar|move: Stealth Rock\n|move|p1b: Flutter Mane|Trick Room|p1b: Flutter Mane\n|-fieldstart|move: Trick Room|[of] p1b: Flutter Mane\n|\n|-heal|p1a: Gastrodon|77\/100|[from] Grassy Terrain\n|-heal|p1a: Gastrodon|83\/100|[from] item: Leftovers\n|-heal|p2b: Gliscor|66\/100 tox|[from] ability: Poison Heal\n|upkeep\n|turn|5\n|inactive|Shubadude09 has 60 seconds left.\n|inactive|Shreedhar has 90 seconds left.\n|\n|t:|1699367850\n|switch|p2a: Rillaboom|Rillaboom, M|26\/100\n|switch|p2b: Spidops|Spidops, M|80\/100\n|move|p1a: Gastrodon|Icy Wind|p2b: Spidops|[spread] p2a,p2b\n|-supereffective|p2a: Rillaboom\n|-damage|p2a: Rillaboom|6\/100\n|-damage|p2b: Spidops|72\/100\n|-unboost|p2a: Rillaboom|spe|1\n|-unboost|p2b: Spidops|spe|1\n|move|p1b: Flutter Mane|Trick Room|p1b: Flutter Mane\n|-fieldend|move: Trick Room\n|\n|-heal|p2a: Rillaboom|12\/100|[from] Grassy Terrain\n|-heal|p1a: Gastrodon|89\/100|[from] Grassy Terrain\n|-heal|p1a: Gastrodon|96\/100|[from] item: Leftovers\n|-heal|p2b: Spidops|78\/100|[from] Grassy Terrain\n|-fieldend|move: Grassy Terrain\n|upkeep\n|turn|6\n|inactive|Shubadude09 has 60 seconds left.\n|-message|Shreedhar forfeited.\n|\n|win|Shubadude09\n|raw|Shreedhar's rating: 1065 &rarr; <strong>1050<\/strong><br \/>(-15 for losing)\n|raw|Shubadude09's rating: 1144 &rarr; <strong>1163<\/strong><br \/>(+19 for winning)\n|l|\u2606Shreedhar\n","uploadtime":1699367886,"views":8,"p1id":"shreedhar","p2id":"shubadude09","formatid":"gen9doublesou","rating":1050,"private":0,"password":""}