{"id":"gen9doublesou-1988557390","p1":"The RedSmiler","p2":"abbabareal2","format":"[Gen 9] Doubles OU","log":"|j|\u2606The RedSmiler\n|j|\u2606abbabareal2\n|t:|1699735847\n|gametype|doubles\n|player|p1|The RedSmiler|clown|1198\n|player|p2|abbabareal2|169|1300\n|teamsize|p1|6\n|teamsize|p2|6\n|gen|9\n|tier|[Gen 9] Doubles OU\n|rated|\n|rule|Species Clause: Limit one of each Pok\u00e9mon\n|rule|OHKO Clause: OHKO moves are banned\n|rule|Evasion Moves Clause: Evasion moves are banned\n|rule|Gravity Sleep Clause: The combination of sleep-inducing moves with imperfect accuracy and Gravity or Gigantamax Orbeetle are banned\n|rule|Endless Battle Clause: Forcing endless battles is banned\n|rule|HP Percentage Mod: HP is shown in percentages\n|clearpoke\n|poke|p1|Slaking, M|\n|poke|p1|Ninetales, F|\n|poke|p1|Gallade, M|\n|poke|p1|Weezing-Galar, M|\n|poke|p1|Roaring Moon|\n|poke|p1|Victreebel, F|\n|poke|p2|Iron Hands|\n|poke|p2|Armarouge, F|\n|poke|p2|Indeedee-F, F|\n|poke|p2|Torkoal, F|\n|poke|p2|Diancie|\n|poke|p2|Amoonguss, F|\n|teampreview\n|inactive|Battle timer is ON: inactive players will automatically lose when time's up. (requested by The RedSmiler)\n|\n|t:|1699735862\n|start\n|switch|p1a: OneChipChallenge|Weezing-Galar, M|100\/100\n|switch|p1b: Potato Chips|Slaking, M|100\/100\n|switch|p2a: Armarouge|Armarouge, F|100\/100\n|switch|p2b: Indeedee|Indeedee-F, F|100\/100\n|-ability|p1a: OneChipChallenge|Neutralizing Gas\n|turn|1\n|\n|t:|1699735879\n|-terastallize|p1b: Potato Chips|Normal\n|move|p1a: OneChipChallenge|Protect|p1a: OneChipChallenge\n|-singleturn|p1a: OneChipChallenge|Protect\n|move|p2a: Armarouge|Protect|p2a: Armarouge\n|-singleturn|p2a: Armarouge|Protect\n|move|p1b: Potato Chips|Body Slam|p2a: Armarouge\n|-activate|p2a: Armarouge|move: Protect\n|move|p2b: Indeedee|Trick Room|p2b: Indeedee\n|-fieldstart|move: Trick Room|[of] p2b: Indeedee\n|\n|upkeep\n|turn|2\n|inactive|abbabareal2 has 120 seconds left.\n|\n|t:|1699735915\n|move|p2b: Indeedee|Helping Hand|p2a: Armarouge\n|-singleturn|p2a: Armarouge|Helping Hand|[of] p2b: Indeedee\n|move|p2a: Armarouge|Armor Cannon|p1a: OneChipChallenge\n|-damage|p1a: OneChipChallenge|0 fnt\n|-unboost|p2a: Armarouge|def|1\n|-unboost|p2a: Armarouge|spd|1\n|faint|p1a: OneChipChallenge\n|-end|p1a: OneChipChallenge|ability: Neutralizing Gas\n|-fieldstart|move: Psychic Terrain|[from] ability: Psychic Surge|[of] p2b: Indeedee\n|-damage|p2a: Armarouge|91\/100|[from] item: Life Orb\n|move|p1b: Potato Chips|Body Slam|p2a: Armarouge\n|-damage|p2a: Armarouge|0 fnt\n|faint|p2a: Armarouge\n|\n|upkeep\n|inactive|abbabareal2 has 120 seconds left.\n|\n|t:|1699735935\n|switch|p2a: Iron Hands|Iron Hands|100\/100\n|switch|p1a: FlaminHotCoolRanch|Roaring Moon|100\/100\n|turn|3\n|\n|t:|1699735948\n|-end|p1a: FlaminHotCoolRanch|Protosynthesis|[silent]\n|switch|p1a: Corn Chips|Ninetales, F|100\/100\n|-weather|SunnyDay|[from] ability: Drought|[of] p1a: Corn Chips\n|move|p2b: Indeedee|Follow Me|p2b: Indeedee\n|-singleturn|p2b: Indeedee|move: Follow Me\n|move|p2a: Iron Hands|Close Combat|p1b: Potato Chips\n|-supereffective|p1b: Potato Chips\n|-damage|p1b: Potato Chips|0 fnt\n|-unboost|p2a: Iron Hands|def|1\n|-unboost|p2a: Iron Hands|spd|1\n|faint|p1b: Potato Chips\n|\n|-weather|SunnyDay|[upkeep]\n|upkeep\n|\n|t:|1699735962\n|switch|p1b: Veggie Straws|Gallade, M|100\/100\n|turn|4\n|inactive|abbabareal2 has 120 seconds left.\n|\n|t:|1699735999\n|-end|p2a: Iron Hands|Quark Drive|[silent]\n|switch|p2a: Amoonguss|Amoonguss, F|100\/100\n|move|p2b: Indeedee|Psychic|p1b: Veggie Straws\n|-damage|p1b: Veggie Straws|73\/100\n|move|p1b: Veggie Straws|Psycho Cut|p2a: Amoonguss\n|-supereffective|p2a: Amoonguss\n|-damage|p2a: Amoonguss|0 fnt\n|faint|p2a: Amoonguss\n|move|p1a: Corn Chips|Heat Wave|p2b: Indeedee\n|-damage|p2b: Indeedee|55\/100\n|\n|-weather|SunnyDay|[upkeep]\n|upkeep\n|\n|t:|1699736018\n|switch|p2a: Torkoal|Torkoal, F|100\/100\n|turn|5\n|\n|t:|1699736041\n|switch|p1a: FlaminHotCoolRanch|Roaring Moon|100\/100\n|-activate|p1a: FlaminHotCoolRanch|ability: Protosynthesis\n|-start|p1a: FlaminHotCoolRanch|protosynthesisspe\n|move|p2b: Indeedee|Helping Hand|p2a: Torkoal\n|-singleturn|p2a: Torkoal|Helping Hand|[of] p2b: Indeedee\n|move|p2a: Torkoal|Eruption|p1a: FlaminHotCoolRanch|[spread] p1a,p1b\n|-resisted|p1a: FlaminHotCoolRanch\n|-damage|p1a: FlaminHotCoolRanch|43\/100\n|-damage|p1b: Veggie Straws|0 fnt\n|faint|p1b: Veggie Straws\n|\n|-weather|SunnyDay|[upkeep]\n|-fieldend|move: Trick Room\n|upkeep\n|\n|t:|1699736052\n|switch|p1b: Sun Chips|Victreebel, F|100\/100\n|turn|6\n|\n|t:|1699736064\n|move|p1a: FlaminHotCoolRanch|Knock Off|p2a: Torkoal\n|-damage|p2a: Torkoal|48\/100\n|-enditem|p2a: Torkoal|Charcoal|[from] move: Knock Off|[of] p1a: FlaminHotCoolRanch\n|-damage|p1a: FlaminHotCoolRanch|33\/100|[from] item: Life Orb\n|move|p1b: Sun Chips|Giga Drain|p2b: Indeedee\n|-damage|p2b: Indeedee|23\/100\n|move|p2a: Torkoal|Eruption|p1b: Sun Chips|[spread] p1a,p1b\n|-resisted|p1a: FlaminHotCoolRanch\n|-supereffective|p1b: Sun Chips\n|-damage|p1a: FlaminHotCoolRanch|18\/100\n|-damage|p1b: Sun Chips|2\/100\n|move|p2b: Indeedee|Trick Room|p2b: Indeedee\n|-fieldstart|move: Trick Room|[of] p2b: Indeedee\n|\n|-weather|SunnyDay|[upkeep]\n|-fieldend|move: Psychic Terrain\n|upkeep\n|turn|7\n|\n|t:|1699736088\n|move|p2b: Indeedee|Helping Hand|p2a: Torkoal\n|-singleturn|p2a: Torkoal|Helping Hand|[of] p2b: Indeedee\n|move|p2a: Torkoal|Heat Wave|p1a: FlaminHotCoolRanch|[spread] p1a,p1b\n|-resisted|p1a: FlaminHotCoolRanch\n|-crit|p1a: FlaminHotCoolRanch\n|-supereffective|p1b: Sun Chips\n|-damage|p1a: FlaminHotCoolRanch|0 fnt\n|-damage|p1b: Sun Chips|0 fnt\n|faint|p1a: FlaminHotCoolRanch\n|-end|p1a: FlaminHotCoolRanch|Protosynthesis|[silent]\n|faint|p1b: Sun Chips\n|\n|-weather|SunnyDay|[upkeep]\n|upkeep\n|-message|The RedSmiler forfeited.\n|\n|win|abbabareal2\n|raw|The RedSmiler's rating: 1198 &rarr; <strong>1180<\/strong><br \/>(-18 for losing)\n|raw|abbabareal2's rating: 1300 &rarr; <strong>1318<\/strong><br \/>(+18 for winning)\n|l|\u2606The RedSmiler\n","uploadtime":1699736107,"views":14,"p1id":"theredsmiler","p2id":"abbabareal2","formatid":"gen9doublesou","rating":1180,"private":0,"password":""}