{"id":"gen9doublesou-1998494176","p1":"Kumra21","p2":"deliadam","format":"[Gen 9] Doubles OU","log":"|j|\u2606Kumra21\n|j|\u2606deliadam\n|t:|1700948660\n|gametype|doubles\n|player|p1|Kumra21|silver|1304\n|player|p2|deliadam|pokemonranger-gen4|1288\n|teamsize|p1|6\n|teamsize|p2|6\n|gen|9\n|tier|[Gen 9] Doubles OU\n|rated|\n|rule|Species Clause: Limit one of each Pok\u00e9mon\n|rule|OHKO Clause: OHKO moves are banned\n|rule|Evasion Moves Clause: Evasion moves are banned\n|rule|Gravity Sleep Clause: The combination of sleep-inducing moves with imperfect accuracy and Gravity or Gigantamax Orbeetle are banned\n|rule|Endless Battle Clause: Forcing endless battles is banned\n|rule|HP Percentage Mod: HP is shown in percentages\n|clearpoke\n|poke|p1|Tornadus, M|\n|poke|p1|Politoed, M|\n|poke|p1|Ludicolo, M|\n|poke|p1|Kilowattrel, M|\n|poke|p1|Basculegion-F, F|\n|poke|p1|Corviknight, F|\n|poke|p2|Typhlosion-Hisui, M|\n|poke|p2|Glimmora, F|\n|poke|p2|Armarouge, F|\n|poke|p2|Indeedee-F, F|\n|poke|p2|Iron Hands|\n|poke|p2|Flutter Mane|\n|teampreview\n|\n|t:|1700948672\n|start\n|switch|p1a: Politoed|Politoed, M|100\/100\n|switch|p1b: Ludicolo|Ludicolo, M|100\/100\n|switch|p2a: Glimmora|Glimmora, F|100\/100\n|switch|p2b: Iron Hands|Iron Hands|100\/100\n|-weather|RainDance|[from] ability: Drizzle|[of] p1a: Politoed\n|-enditem|p2b: Iron Hands|Booster Energy\n|-activate|p2b: Iron Hands|ability: Quark Drive|[fromitem]\n|-start|p2b: Iron Hands|quarkdriveatk\n|turn|1\n|\n|t:|1700948692\n|switch|p1a: Kilowattrel|Kilowattrel, M|100\/100\n|move|p1b: Ludicolo|Hydro Pump|p2b: Iron Hands\n|-damage|p2b: Iron Hands|0 fnt\n|faint|p2b: Iron Hands\n|-end|p2b: Iron Hands|Quark Drive|[silent]\n|move|p2a: Glimmora|Mortal Spin|p1a: Kilowattrel|[spread] p1a,p1b\n|-supereffective|p1b: Ludicolo\n|-damage|p1a: Kilowattrel|91\/100\n|-damage|p1b: Ludicolo|85\/100\n|-status|p1a: Kilowattrel|psn\n|-status|p1b: Ludicolo|psn\n|\n|-weather|RainDance|[upkeep]\n|-damage|p1b: Ludicolo|72\/100 psn|[from] psn\n|-damage|p1a: Kilowattrel|78\/100 psn|[from] psn\n|upkeep\n|\n|t:|1700948759\n|switch|p2b: Flutter Mane|Flutter Mane|100\/100\n|-enditem|p2b: Flutter Mane|Booster Energy\n|-activate|p2b: Flutter Mane|ability: Protosynthesis|[fromitem]\n|-start|p2b: Flutter Mane|protosynthesisspa\n|turn|2\n|inactive|Battle timer is ON: inactive players will automatically lose when time's up. (requested by Kumra21)\n|\n|t:|1700948766\n|move|p1b: Ludicolo|Hydro Pump|p2b: Flutter Mane\n|-damage|p2b: Flutter Mane|0 fnt\n|faint|p2b: Flutter Mane\n|-end|p2b: Flutter Mane|Protosynthesis|[silent]\n|move|p1a: Kilowattrel|Thunder|p2a: Glimmora\n|-damage|p2a: Glimmora|46\/100\n|-enditem|p2a: Glimmora|Red Card|[of] p1a: Kilowattrel\n|drag|p1a: Corviknight|Corviknight, F|100\/100\n|move|p2a: Glimmora|Light Screen|p2a: Glimmora\n|-sidestart|p2: deliadam|move: Light Screen\n|\n|-weather|RainDance|[upkeep]\n|-damage|p1b: Ludicolo|60\/100 psn|[from] psn\n|upkeep\n|inactive|deliadam has 120 seconds left.\n|inactive|deliadam has 90 seconds left.\n|\n|t:|1700948851\n|switch|p2b: Typhlosion|Typhlosion-Hisui, M|100\/100\n|-item|p1a: Corviknight|Leftovers|[from] ability: Frisk|[of] p2b: Typhlosion|[identify]\n|-item|p1b: Ludicolo|Choice Specs|[from] ability: Frisk|[of] p2b: Typhlosion|[identify]\n|turn|3\n|inactive|deliadam has 90 seconds left.\n|\n|t:|1700948868\n|switch|p2a: Indeedee|Indeedee-F, F|100\/100\n|-fieldstart|move: Psychic Terrain|[from] ability: Psychic Surge|[of] p2a: Indeedee\n|-enditem|p2a: Indeedee|Psychic Seed\n|-boost|p2a: Indeedee|spd|1|[from] item: Psychic Seed\n|-terastallize|p1a: Corviknight|Fighting\n|move|p1b: Ludicolo|Hydro Pump|p2b: Typhlosion\n|-supereffective|p2b: Typhlosion\n|-damage|p2b: Typhlosion|0 fnt\n|faint|p2b: Typhlosion\n|move|p1a: Corviknight|Bulk Up|p1a: Corviknight\n|-boost|p1a: Corviknight|atk|1\n|-boost|p1a: Corviknight|def|1\n|\n|-weather|RainDance|[upkeep]\n|-damage|p1b: Ludicolo|48\/100 psn|[from] psn\n|upkeep\n|c|\u2606deliadam|how is he faster than scarf typhlosion\n|inactive|deliadam has 60 seconds left.\n|c|\u2606deliadam|that makes no sense\n|\n|t:|1700948896\n|switch|p2b: Armarouge|Armarouge, F|100\/100\n|turn|4\n|\n|t:|1700948911\n|-terastallize|p2b: Armarouge|Grass\n|move|p1b: Ludicolo|Hydro Pump|p2b: Armarouge\n|-resisted|p2b: Armarouge\n|-damage|p2b: Armarouge|59\/100\n|move|p2b: Armarouge|Expanding Force|p1b: Ludicolo|[spread] p1a,p1b\n|-supereffective|p1a: Corviknight\n|-damage|p1a: Corviknight|0 fnt\n|-damage|p1b: Ludicolo|0 fnt\n|faint|p1a: Corviknight\n|faint|p1b: Ludicolo\n|move|p2a: Indeedee|Psychic|p1: Corviknight|[notarget]\n|-fail|p2a: Indeedee\n|\n|-weather|RainDance|[upkeep]\n|upkeep\n|c|\u2606Kumra21|Swift swim plus rain\n|\n|t:|1700948939\n|switch|p1b: Kilowattrel|Kilowattrel, M|78\/100 psn\n|switch|p1a: Basculegion|Basculegion-F, F|100\/100\n|turn|5\n|inactive|deliadam has 90 seconds left.\n|c|\u2606deliadam|right.  Surprised that beats scarf typhlosion\n|inactive|deliadam has 60 seconds left.\n|c|\u2606Kumra21|Ludicolo have no sense in rain\n|c|\u2606deliadam|nope.  none\n|\n|t:|1700948996\n|move|p1a: Basculegion|Last Respects|p2b: Armarouge\n|-damage|p2b: Armarouge|0 fnt\n|faint|p2b: Armarouge\n|move|p1b: Kilowattrel|Thunder|p2a: Indeedee\n|-damage|p2a: Indeedee|79\/100\n|move|p2a: Indeedee|Heal Pulse|p2: Armarouge|[notarget]\n|-fail|p2a: Indeedee\n|\n|-weather|RainDance|[upkeep]\n|-damage|p1b: Kilowattrel|66\/100 psn|[from] psn\n|upkeep\n|-message|deliadam forfeited.\n|\n|win|Kumra21\n|raw|Kumra21's rating: 1304 &rarr; <strong>1323<\/strong><br \/>(+19 for winning)\n|raw|deliadam's rating: 1288 &rarr; <strong>1264<\/strong><br \/>(-24 for losing)\n|l|\u2606deliadam\n|c|\u2606Kumra21|Gg wp\n","uploadtime":1700949014,"views":12,"p1id":"kumra21","p2id":"deliadam","formatid":"gen9doublesou","rating":1264,"private":0,"password":""}