{"id":"gen9doublesou-1972614898","p1":"GW_Alpha","p2":"notausername69","format":"[Gen 9] Doubles OU","log":"|j|\u2606GW_Alpha\n|j|\u2606notausername69\n|t:|1697864714\n|gametype|doubles\n|player|p1|GW_Alpha|2|1090\n|player|p2|notausername69|hugh|1198\n|teamsize|p1|6\n|teamsize|p2|6\n|gen|9\n|tier|[Gen 9] Doubles OU\n|rated|\n|rule|Species Clause: Limit one of each Pok\u00e9mon\n|rule|OHKO Clause: OHKO moves are banned\n|rule|Evasion Moves Clause: Evasion moves are banned\n|rule|Gravity Sleep Clause: The combination of sleep-inducing moves with imperfect accuracy and Gravity or Gigantamax Orbeetle are banned\n|rule|Endless Battle Clause: Forcing endless battles is banned\n|rule|HP Percentage Mod: HP is shown in percentages\n|clearpoke\n|poke|p1|Iron Hands|\n|poke|p1|Iron Bundle|\n|poke|p1|Tornadus, M|\n|poke|p1|Torkoal, M|\n|poke|p1|Flutter Mane|\n|poke|p1|Chi-Yu|\n|poke|p2|Tinkaton, F|\n|poke|p2|Baxcalibur, F|\n|poke|p2|Rillaboom, M|\n|poke|p2|Gyarados, M|\n|poke|p2|Torkoal, F|\n|poke|p2|Great Tusk|\n|teampreview\n|j| Draxtor\n|inactive|Battle timer is ON: inactive players will automatically lose when time's up. (requested by GW_Alpha)\n|\n|t:|1697864733\n|start\n|switch|p1a: Torkoal|Torkoal, M|100\/100\n|switch|p1b: Iron Bundle|Iron Bundle|100\/100\n|switch|p2a: Kirby|Tinkaton, F|100\/100\n|switch|p2b: Gayre|Gyarados, M, shiny|100\/100\n|-ability|p2b: Gayre|Intimidate|boost\n|-fail|p1a: Torkoal|unboost|[from] ability: White Smoke|[of] p1a: Torkoal\n|-unboost|p1b: Iron Bundle|atk|1\n|turn|1\n|\n|t:|1697864753\n|move|p2a: Kirby|Fake Out|p1a: Torkoal\n|-damage|p1a: Torkoal|93\/100\n|move|p1b: Iron Bundle|Blizzard|p2b: Gayre|[spread] p2a,p2b\n|-resisted|p2a: Kirby\n|-damage|p2a: Kirby|80\/100\n|-damage|p2b: Gayre|64\/100\n|move|p2b: Gayre|Dragon Dance|p2b: Gayre\n|-boost|p2b: Gayre|atk|1\n|-boost|p2b: Gayre|spe|1\n|cant|p1a: Torkoal|flinch\n|\n|-heal|p2a: Kirby|86\/100|[from] item: Leftovers\n|upkeep\n|turn|2\n|\n|t:|1697864780\n|move|p1b: Iron Bundle|Helping Hand|p1a: Torkoal\n|-singleturn|p1a: Torkoal|Helping Hand|[of] p1b: Iron Bundle\n|move|p2a: Kirby|Protect|p2a: Kirby\n|-singleturn|p2a: Kirby|Protect\n|move|p2b: Gayre|Earthquake|p1b: Iron Bundle|[spread] p1a,p1b\n|-activate|p2a: Kirby|move: Protect\n|-supereffective|p1a: Torkoal\n|-damage|p1a: Torkoal|27\/100\n|-damage|p1b: Iron Bundle|62\/100\n|move|p1a: Torkoal|Eruption|p2b: Gayre|[spread] p2b\n|-activate|p2a: Kirby|move: Protect\n|-resisted|p2b: Gayre\n|-damage|p2b: Gayre|53\/100\n|\n|-heal|p2a: Kirby|92\/100|[from] item: Leftovers\n|upkeep\n|turn|3\n|\n|t:|1697864807\n|move|p1a: Torkoal|Protect|p1a: Torkoal\n|-singleturn|p1a: Torkoal|Protect\n|move|p2b: Gayre|Waterfall|p1a: Torkoal\n|-activate|p1a: Torkoal|move: Protect\n|move|p1b: Iron Bundle|Encore|p2a: Kirby\n|-start|p2a: Kirby|Encore\n|move|p2a: Kirby|Protect||[still]\n|-fail|p2a: Kirby\n|\n|-heal|p2a: Kirby|99\/100|[from] item: Leftovers\n|upkeep\n|turn|4\n|\n|t:|1697864830\n|switch|p2a: Raphael|Torkoal, F|100\/100\n|-weather|SunnyDay|[from] ability: Drought|[of] p2a: Raphael\n|switch|p1a: Chi-Yu|Chi-Yu|100\/100\n|-ability|p1a: Chi-Yu|Beads of Ruin\n|move|p2b: Gayre|Earthquake|p1b: Iron Bundle|[spread] p2a,p1a,p1b\n|-supereffective|p2a: Raphael\n|-supereffective|p1a: Chi-Yu\n|-damage|p2a: Raphael|55\/100\n|-damage|p1a: Chi-Yu|0 fnt\n|-damage|p1b: Iron Bundle|23\/100\n|faint|p1a: Chi-Yu\n|move|p1b: Iron Bundle|Encore|p2b: Gayre\n|-start|p2b: Gayre|Encore\n|\n|-weather|SunnyDay|[upkeep]\n|-heal|p2a: Raphael|61\/100|[from] item: Leftovers\n|upkeep\n|inactive|GW_Alpha has 120 seconds left.\n|\n|t:|1697864858\n|switch|p1a: Tornadus|Tornadus, M|100\/100\n|turn|5\n|\n|t:|1697864865\n|move|p2a: Raphael|Protect|p2a: Raphael\n|-singleturn|p2a: Raphael|Protect\n|move|p2b: Gayre|Earthquake|p1b: Iron Bundle|[spread] p1b\n|-activate|p2a: Raphael|move: Protect\n|-immune|p1a: Tornadus\n|-damage|p1b: Iron Bundle|0 fnt\n|faint|p1b: Iron Bundle\n|-end|p1b: Iron Bundle|Quark Drive|[silent]\n|move|p1a: Tornadus|Bleakwind Storm|p2b: Gayre|[spread] p2b\n|-activate|p2a: Raphael|move: Protect\n|-damage|p2b: Gayre|15\/100\n|\n|-weather|SunnyDay|[upkeep]\n|-heal|p2a: Raphael|67\/100|[from] item: Leftovers\n|upkeep\n|inactive|GW_Alpha has 120 seconds left.\n|\n|t:|1697864883\n|switch|p1b: Torkoal|Torkoal, M|27\/100\n|turn|6\n|\n|t:|1697864892\n|move|p1b: Torkoal|Protect|p1b: Torkoal\n|-singleturn|p1b: Torkoal|Protect\n|move|p2b: Gayre|Earthquake|p1b: Torkoal|[spread] p2a\n|-activate|p1b: Torkoal|move: Protect\n|-immune|p1a: Tornadus\n|-supereffective|p2a: Raphael\n|-damage|p2a: Raphael|19\/100\n|move|p1a: Tornadus|Bleakwind Storm|p2b: Gayre|[spread] p2a\n|-miss|p1a: Tornadus|p2b: Gayre\n|-damage|p2a: Raphael|0 fnt\n|faint|p2a: Raphael\n|\n|-weather|SunnyDay|[upkeep]\n|upkeep\n|\n|t:|1697864919\n|switch|p2a: Kirby|Tinkaton, F|99\/100\n|turn|7\n|\n|t:|1697864928\n|move|p2a: Kirby|Protect|p2a: Kirby\n|-singleturn|p2a: Kirby|Protect\n|move|p2b: Gayre|Earthquake|p1b: Torkoal|[spread] p1b\n|-activate|p2a: Kirby|move: Protect\n|-immune|p1a: Tornadus\n|-supereffective|p1b: Torkoal\n|-damage|p1b: Torkoal|0 fnt\n|faint|p1b: Torkoal\n|move|p1a: Tornadus|Bleakwind Storm|p2b: Gayre|[spread] p2b\n|-activate|p2a: Kirby|move: Protect\n|-damage|p2b: Gayre|0 fnt\n|faint|p2b: Gayre\n|\n|-weather|SunnyDay|[upkeep]\n|-heal|p2a: Kirby|100\/100|[from] item: Leftovers\n|upkeep\n|\n|t:|1697864946\n|switch|p2b: Wakala|Great Tusk|100\/100\n|switch|p1b: Iron Hands|Iron Hands|100\/100\n|-activate|p2b: Wakala|ability: Protosynthesis\n|-start|p2b: Wakala|protosynthesisspe\n|turn|8\n|inactive|notausername69 has 120 seconds left.\n|\n|t:|1697864985\n|switch|p2a: Chief keef|Rillaboom, M, shiny|100\/100\n|-fieldstart|move: Grassy Terrain|[from] ability: Grassy Surge|[of] p2a: Chief keef\n|move|p1a: Tornadus|Tailwind|p1a: Tornadus\n|-sidestart|p1: GW_Alpha|move: Tailwind\n|move|p2b: Wakala|Rock Slide|p1a: Tornadus|[spread] p1a,p1b\n|-supereffective|p1a: Tornadus\n|-resisted|p1b: Iron Hands\n|-damage|p1a: Tornadus|48\/100\n|-damage|p1b: Iron Hands|96\/100\n|move|p1b: Iron Hands|Drain Punch|p2b: Wakala\n|-damage|p2b: Wakala|78\/100\n|-heal|p1b: Iron Hands|100\/100|[from] drain|[of] p2b: Wakala\n|\n|-weather|none\n|-end|p2b: Wakala|Protosynthesis\n|-heal|p1a: Tornadus|54\/100|[from] item: Leftovers\n|-heal|p2b: Wakala|84\/100|[from] Grassy Terrain\n|upkeep\n|turn|9\n|inactive|notausername69 has 120 seconds left.\n|\n|t:|1697865020\n|move|p1a: Tornadus|Protect|p1a: Tornadus\n|-singleturn|p1a: Tornadus|Protect\n|move|p1b: Iron Hands|Fake Out||[still]\n|-hint|Fake Out only works on your first turn out.\n|-fail|p1b: Iron Hands\n|move|p2b: Wakala|Ice Spinner|p1a: Tornadus\n|-activate|p1a: Tornadus|move: Protect\n|move|p2a: Chief keef|Wood Hammer|p1b: Iron Hands\n|-damage|p1b: Iron Hands|70\/100\n|-damage|p2a: Chief keef|88\/100|[from] Recoil\n|\n|-heal|p1a: Tornadus|60\/100|[from] item: Leftovers\n|-heal|p2b: Wakala|90\/100|[from] Grassy Terrain\n|-heal|p1b: Iron Hands|76\/100|[from] Grassy Terrain\n|-heal|p2a: Chief keef|94\/100|[from] Grassy Terrain\n|upkeep\n|turn|10\n|inactive|notausername69 has 120 seconds left.\n|\n|t:|1697865047\n|move|p1a: Tornadus|Bleakwind Storm|p2b: Wakala|[spread] p2b\n|-miss|p1a: Tornadus|p2a: Chief keef\n|-supereffective|p2b: Wakala\n|-damage|p2b: Wakala|26\/100\n|move|p2b: Wakala|Knock Off|p1a: Tornadus\n|-damage|p1a: Tornadus|16\/100\n|-enditem|p1a: Tornadus|Leftovers|[from] move: Knock Off|[of] p2b: Wakala\n|move|p1b: Iron Hands|Drain Punch|p2a: Chief keef\n|-crit|p2a: Chief keef\n|-damage|p2a: Chief keef|60\/100\n|-heal|p1b: Iron Hands|90\/100|[from] drain|[of] p2a: Chief keef\n|move|p2a: Chief keef|Substitute|p2a: Chief keef\n|-start|p2a: Chief keef|Substitute\n|-damage|p2a: Chief keef|35\/100\n|\n|-heal|p2b: Wakala|32\/100|[from] Grassy Terrain\n|-heal|p1b: Iron Hands|96\/100|[from] Grassy Terrain\n|-heal|p2a: Chief keef|41\/100|[from] Grassy Terrain\n|upkeep\n|turn|11\n|inactive|notausername69 has 120 seconds left.\n|\n|t:|1697865077\n|move|p1a: Tornadus|Protect|p1a: Tornadus\n|-singleturn|p1a: Tornadus|Protect\n|move|p1b: Iron Hands|Protect|p1b: Iron Hands\n|-singleturn|p1b: Iron Hands|Protect\n|move|p2b: Wakala|Rock Slide|p1b: Iron Hands|[spread] \n|-activate|p1a: Tornadus|move: Protect\n|-activate|p1b: Iron Hands|move: Protect\n|move|p2a: Chief keef|Leech Seed|p1b: Iron Hands\n|-activate|p1b: Iron Hands|move: Protect\n|\n|-heal|p2b: Wakala|39\/100|[from] Grassy Terrain\n|-heal|p1b: Iron Hands|100\/100|[from] Grassy Terrain\n|-heal|p2a: Chief keef|47\/100|[from] Grassy Terrain\n|-sideend|p1: GW_Alpha|move: Tailwind\n|upkeep\n|turn|12\n|inactive|notausername69 has 120 seconds left.\n|\n|t:|1697865100\n|move|p1a: Tornadus|Bleakwind Storm|p2a: Chief keef|[spread] p2a\n|-miss|p1a: Tornadus|p2b: Wakala\n|-supereffective|p2a: Chief keef\n|-end|p2a: Chief keef|Substitute\n|move|p2b: Wakala|Rock Slide|p1b: Iron Hands|[spread] p1a,p1b\n|-supereffective|p1a: Tornadus\n|-resisted|p1b: Iron Hands\n|-damage|p1a: Tornadus|0 fnt\n|-damage|p1b: Iron Hands|97\/100\n|faint|p1a: Tornadus\n|move|p2a: Chief keef|Leech Seed|p1b: Iron Hands\n|-start|p1b: Iron Hands|move: Leech Seed\n|move|p1b: Iron Hands|Drain Punch|p2a: Chief keef\n|-damage|p2a: Chief keef|23\/100\n|-heal|p1b: Iron Hands|100\/100|[from] drain|[of] p2a: Chief keef\n|\n|-heal|p2b: Wakala|45\/100|[from] Grassy Terrain\n|-heal|p2a: Chief keef|29\/100|[from] Grassy Terrain\n|-damage|p1b: Iron Hands|88\/100|[from] Leech Seed|[of] p2a: Chief keef\n|-heal|p2a: Chief keef|49\/100|[silent]\n|-fieldend|move: Grassy Terrain\n|upkeep\n|inactive|GW_Alpha has 120 seconds left.\n|\n|t:|1697865121\n|switch|p1a: Flutter Mane|Flutter Mane|100\/100\n|-enditem|p1a: Flutter Mane|Booster Energy\n|-activate|p1a: Flutter Mane|ability: Protosynthesis|[fromitem]\n|-start|p1a: Flutter Mane|protosynthesisspa\n|turn|13\n|c|\u2606notausername69|gg\n|\n|t:|1697865132\n|-terastallize|p1a: Flutter Mane|Fairy\n|move|p1b: Iron Hands|Fake Out||[still]\n|-hint|Fake Out only works on your first turn out.\n|-fail|p1b: Iron Hands\n|move|p1a: Flutter Mane|Dazzling Gleam|p2b: Wakala|[spread] p2a,p2b\n|-supereffective|p2b: Wakala\n|-damage|p2a: Chief keef|0 fnt\n|-damage|p2b: Wakala|0 fnt\n|faint|p2a: Chief keef\n|faint|p2b: Wakala\n|-end|p2b: Wakala|Protosynthesis|[silent]\n|\n|upkeep\n|\n|t:|1697865143\n|switch|p2b: Benni|Baxcalibur, F|100\/100\n|switch|p2a: Kirby|Tinkaton, F|100\/100\n|turn|14\n|\n|t:|1697865156\n|move|p2a: Kirby|Fake Out|p1b: Iron Hands\n|-damage|p1b: Iron Hands|84\/100\n|move|p1a: Flutter Mane|Dazzling Gleam|p2a: Kirby|[spread] p2a,p2b\n|-resisted|p2a: Kirby\n|-supereffective|p2b: Benni\n|-damage|p2a: Kirby|70\/100\n|-damage|p2b: Benni|0 fnt\n|faint|p2b: Benni\n|cant|p1b: Iron Hands|flinch\n|\n|-heal|p2a: Kirby|76\/100|[from] item: Leftovers\n|-damage|p1b: Iron Hands|72\/100|[from] Leech Seed|[of] p2a: Kirby\n|-heal|p2a: Kirby|97\/100|[silent]\n|upkeep\n|turn|15\n|c|\u2606GW_Alpha|Ny ace\n|c|\u2606GW_Alpha|My*\n|\n|t:|1697865178\n|-terastallize|p2a: Kirby|Ghost\n|move|p1a: Flutter Mane|Protect|p1a: Flutter Mane\n|-singleturn|p1a: Flutter Mane|Protect\n|move|p1b: Iron Hands|Protect|p1b: Iron Hands\n|-singleturn|p1b: Iron Hands|Protect\n|move|p2a: Kirby|Gigaton Hammer|p1a: Flutter Mane\n|-activate|p1a: Flutter Mane|move: Protect\n|\n|-heal|p2a: Kirby|100\/100|[from] item: Leftovers\n|-damage|p1b: Iron Hands|59\/100|[from] Leech Seed|[of] p2a: Kirby\n|upkeep\n|turn|16\n|c|\u2606notausername69|forgot to terra the dragon\n|\n|t:|1697865203\n|move|p1a: Flutter Mane|Dazzling Gleam|p2a: Kirby\n|-damage|p2a: Kirby|21\/100\n|move|p2a: Kirby|Play Rough|p1b: Iron Hands\n|-supereffective|p1b: Iron Hands\n|-damage|p1b: Iron Hands|28\/100\n|move|p1b: Iron Hands|Volt Switch|p2a: Kirby\n|-damage|p2a: Kirby|8\/100\n|\n|-heal|p2a: Kirby|14\/100|[from] item: Leftovers\n|-damage|p1b: Iron Hands|16\/100|[from] Leech Seed|[of] p2a: Kirby\n|-heal|p2a: Kirby|34\/100|[silent]\n|upkeep\n|-enditem|p1b: Iron Hands|Wiki Berry|[eat]\n|-heal|p1b: Iron Hands|49\/100|[from] item: Wiki Berry\n|-start|p1b: Iron Hands|confusion\n|turn|17\n|\n|t:|1697865227\n|move|p2a: Kirby|Protect|p2a: Kirby\n|-singleturn|p2a: Kirby|Protect\n|-activate|p1b: Iron Hands|confusion\n|move|p1b: Iron Hands|Protect|p1b: Iron Hands\n|-singleturn|p1b: Iron Hands|Protect\n|move|p1a: Flutter Mane|Dazzling Gleam|p2a: Kirby\n|-activate|p2a: Kirby|move: Protect\n|\n|-heal|p2a: Kirby|40\/100|[from] item: Leftovers\n|-damage|p1b: Iron Hands|37\/100|[from] Leech Seed|[of] p2a: Kirby\n|-heal|p2a: Kirby|61\/100|[silent]\n|upkeep\n|turn|18\n|c|\u2606GW_Alpha|Gg bro\n|\n|t:|1697865245\n|move|p1a: Flutter Mane|Protect|p1a: Flutter Mane\n|-singleturn|p1a: Flutter Mane|Protect\n|-activate|p1b: Iron Hands|confusion\n|move|p1b: Iron Hands|Fake Out||[still]\n|-hint|Fake Out only works on your first turn out.\n|-fail|p1b: Iron Hands\n|move|p2a: Kirby|Gigaton Hammer|p1a: Flutter Mane\n|-activate|p1a: Flutter Mane|move: Protect\n|\n|-heal|p2a: Kirby|67\/100|[from] item: Leftovers\n|-damage|p1b: Iron Hands|25\/100|[from] Leech Seed|[of] p2a: Kirby\n|-heal|p2a: Kirby|87\/100|[silent]\n|upkeep\n|turn|19\n|\n|t:|1697865261\n|move|p2a: Kirby|Protect|p2a: Kirby\n|-singleturn|p2a: Kirby|Protect\n|move|p1a: Flutter Mane|Dazzling Gleam|p2a: Kirby\n|-activate|p2a: Kirby|move: Protect\n|-activate|p1b: Iron Hands|confusion\n|move|p1b: Iron Hands|Volt Switch|p2a: Kirby\n|-activate|p2a: Kirby|move: Protect\n|\n|-heal|p2a: Kirby|93\/100|[from] item: Leftovers\n|-damage|p1b: Iron Hands|12\/100|[from] Leech Seed|[of] p2a: Kirby\n|-heal|p2a: Kirby|100\/100|[silent]\n|upkeep\n|turn|20\n|c|\u2606GW_Alpha|OMGGG\n|\n|t:|1697865276\n|move|p1a: Flutter Mane|Dazzling Gleam|p2a: Kirby\n|-damage|p2a: Kirby|11\/100\n|move|p2a: Kirby|Gigaton Hammer|p1a: Flutter Mane\n|-supereffective|p1a: Flutter Mane\n|-damage|p1a: Flutter Mane|0 fnt\n|faint|p1a: Flutter Mane\n|-end|p1a: Flutter Mane|Protosynthesis|[silent]\n|-end|p1b: Iron Hands|confusion\n|move|p1b: Iron Hands|Volt Switch|p2a: Kirby\n|-damage|p2a: Kirby|0 fnt\n|faint|p2a: Kirby\n|\n|win|GW_Alpha\n|raw|GW_Alpha's rating: 1090 &rarr; <strong>1124<\/strong><br \/>(+34 for winning)\n|raw|notausername69's rating: 1198 &rarr; <strong>1165<\/strong><br \/>(-33 for losing)\n|c|\u2606notausername69|crazyt\n|l|\u2606notausername69\n|c|\u2606GW_Alpha|NOT EVEN CLOSE BABY\n","uploadtime":1697865305,"views":14,"p1id":"gwalpha","p2id":"notausername69","formatid":"gen9doublesou","rating":1124,"private":0,"password":""}