{"id":"gen9doublesou-1978810130","p1":"Lelovet","p2":"Brocckoli","format":"[Gen 9] Doubles OU","log":"|j|\u2606Lelovet\n|j|\u2606Brocckoli\n|t:|1698597928\n|gametype|doubles\n|player|p1|Lelovet|bellelba|1010\n|player|p2|Brocckoli|ash|1000\n|teamsize|p1|6\n|teamsize|p2|6\n|gen|9\n|tier|[Gen 9] Doubles OU\n|rated|\n|rule|Species Clause: Limit one of each Pok\u00e9mon\n|rule|OHKO Clause: OHKO moves are banned\n|rule|Evasion Moves Clause: Evasion moves are banned\n|rule|Gravity Sleep Clause: The combination of sleep-inducing moves with imperfect accuracy and Gravity or Gigantamax Orbeetle are banned\n|rule|Endless Battle Clause: Forcing endless battles is banned\n|rule|HP Percentage Mod: HP is shown in percentages\n|clearpoke\n|poke|p1|Crabominable, M|\n|poke|p1|Scovillain, F|\n|poke|p1|Chimecho, M|\n|poke|p1|Luvdisc, F|\n|poke|p1|Swalot, M|\n|poke|p1|Hypno, M|\n|poke|p2|Uxie|\n|poke|p2|Oricorio-Pom-Pom, F|\n|poke|p2|Sylveon, M|\n|poke|p2|Lilligant-Hisui, F|\n|poke|p2|Indeedee-F, F|\n|poke|p2|Flamigo, M|\n|teampreview\n|inactive|Battle timer is ON: inactive players will automatically lose when time's up. (requested by Brocckoli)\n|\n|t:|1698597940\n|start\n|switch|p1a: Hypno|Hypno, M, shiny|100\/100\n|switch|p1b: Chimecho|Chimecho, M|100\/100\n|switch|p2a: Oricorio|Oricorio-Pom-Pom, F|100\/100\n|switch|p2b: Uxie|Uxie|100\/100\n|turn|1\n|\n|t:|1698597955\n|move|p2b: Uxie|Skill Swap|p2a: Oricorio\n|-activate|p2b: Uxie|move: Skill Swap|||[of] p2a: Oricorio\n|move|p2a: Oricorio|Quiver Dance|p2a: Oricorio\n|-boost|p2a: Oricorio|spa|1\n|-boost|p2a: Oricorio|spd|1\n|-boost|p2a: Oricorio|spe|1\n|-activate|p2b: Uxie|ability: Dancer\n|move|p2b: Uxie|Quiver Dance|p2b: Uxie|[from]ability: Dancer\n|-boost|p2b: Uxie|spa|1\n|-boost|p2b: Uxie|spd|1\n|-boost|p2b: Uxie|spe|1\n|move|p1a: Hypno|Skill Swap|p2a: Oricorio\n|-activate|p1a: Hypno|move: Skill Swap|Levitate|Inner Focus|[of] p2a: Oricorio\n|move|p1b: Chimecho|Thunder Wave|p2b: Uxie\n|-status|p2b: Uxie|par\n|\n|-status|p1a: Hypno|brn|[from] item: Flame Orb\n|upkeep\n|turn|2\n|\n|t:|1698597980\n|move|p2b: Uxie|Protect|p2b: Uxie\n|-singleturn|p2b: Uxie|Protect\n|move|p1b: Chimecho|Ally Switch|p1b: Chimecho\n|swap|p1b: Chimecho|0|[from] move: Ally Switch\n|move|p2a: Oricorio|Quiver Dance|p2a: Oricorio\n|-boost|p2a: Oricorio|spa|1\n|-boost|p2a: Oricorio|spd|1\n|-boost|p2a: Oricorio|spe|1\n|-activate|p2b: Uxie|ability: Dancer\n|cant|p2b: Uxie|par\n|move|p1b: Hypno|Skill Swap|p2b: Uxie\n|-activate|p2b: Uxie|move: Protect\n|\n|-damage|p1b: Hypno|94\/100 brn|[from] brn\n|upkeep\n|turn|3\n|inactive|Brocckoli has 120 seconds left.\n|\n|t:|1698598013\n|move|p2a: Oricorio|Quiver Dance|p2a: Oricorio\n|-boost|p2a: Oricorio|spa|1\n|-boost|p2a: Oricorio|spd|1\n|-boost|p2a: Oricorio|spe|1\n|-activate|p2b: Uxie|ability: Dancer\n|move|p2b: Uxie|Quiver Dance|p2b: Uxie|[from]ability: Dancer\n|-boost|p2b: Uxie|spa|1\n|-boost|p2b: Uxie|spd|1\n|-boost|p2b: Uxie|spe|1\n|move|p2b: Uxie|Stored Power|p1b: Hypno\n|-resisted|p1b: Hypno\n|-damage|p1b: Hypno|64\/100 brn\n|move|p1b: Hypno|Skill Swap|p2b: Uxie\n|-activate|p1b: Hypno|move: Skill Swap|Dancer|Levitate|[of] p2b: Uxie\n|move|p1a: Chimecho|Heal Pulse|p1b: Hypno\n|-heal|p1b: Hypno|100\/100 brn\n|\n|-damage|p1b: Hypno|94\/100 brn|[from] brn\n|upkeep\n|turn|4\n|inactive|Brocckoli has 120 seconds left.\n|\n|t:|1698598041\n|switch|p1b: Swalot|Swalot, M, shiny|100\/100\n|move|p2a: Oricorio|Quiver Dance|p2a: Oricorio\n|-boost|p2a: Oricorio|spa|1\n|-boost|p2a: Oricorio|spd|1\n|-boost|p2a: Oricorio|spe|1\n|cant|p2b: Uxie|par\n|move|p1a: Chimecho|Substitute|p1a: Chimecho\n|-start|p1a: Chimecho|Substitute\n|-damage|p1a: Chimecho|76\/100\n|\n|-heal|p1a: Chimecho|82\/100|[from] item: Leftovers\n|upkeep\n|turn|5\n|inactive|Brocckoli has 120 seconds left.\n|\n|t:|1698598076\n|switch|p2b: Sylveon|Sylveon, M|100\/100\n|move|p1a: Chimecho|Ally Switch|p1a: Chimecho\n|swap|p1a: Chimecho|1|[from] move: Ally Switch\n|move|p2a: Oricorio|Quiver Dance|p2a: Oricorio\n|-boost|p2a: Oricorio|spa|1\n|-boost|p2a: Oricorio|spd|1\n|-boost|p2a: Oricorio|spe|1\n|move|p1a: Swalot|Toxic|p2a: Oricorio\n|-status|p2a: Oricorio|tox\n|\n|-heal|p1b: Chimecho|88\/100|[from] item: Leftovers\n|-damage|p2a: Oricorio|94\/100 tox|[from] psn\n|upkeep\n|turn|6\n|inactive|Brocckoli has 120 seconds left.\n|inactive|Lelovet has 120 seconds left.\n|\n|t:|1698598108\n|move|p2a: Oricorio|Quiver Dance|p2a: Oricorio\n|-boost|p2a: Oricorio|spa|1\n|-boost|p2a: Oricorio|spd|1\n|-boost|p2a: Oricorio|spe|1\n|move|p1b: Chimecho|Thunder Wave|p2b: Sylveon\n|-status|p2b: Sylveon|par\n|move|p1a: Swalot|Acid Armor|p1a: Swalot\n|-boost|p1a: Swalot|def|2\n|cant|p2b: Sylveon|par\n|\n|-heal|p1b: Chimecho|94\/100|[from] item: Leftovers\n|-damage|p2a: Oricorio|82\/100 tox|[from] psn\n|upkeep\n|turn|7\n|inactive|Brocckoli has 120 seconds left.\n|inactive|Lelovet has 120 seconds left.\n|\n|t:|1698598136\n|move|p2a: Oricorio|Revelation Dance|p1b: Chimecho\n|-end|p1b: Chimecho|Substitute\n|move|p1b: Chimecho|Heal Pulse|p1a: Swalot\n|-fail|p1a: Swalot|heal\n|move|p1a: Swalot|Body Press|p2a: Oricorio\n|-resisted|p2a: Oricorio\n|-damage|p2a: Oricorio|53\/100 tox\n|move|p2b: Sylveon|Psych Up|p2a: Oricorio\n|-copyboost|p2b: Sylveon|p2a: Oricorio|[from] move: Psych Up\n|\n|-heal|p1b: Chimecho|100\/100|[from] item: Leftovers\n|-damage|p2a: Oricorio|35\/100 tox|[from] psn\n|upkeep\n|turn|8\n|inactive|Lelovet has 120 seconds left.\n|inactive|Brocckoli has 120 seconds left.\n|\n|t:|1698598169\n|switch|p2a: Indeedee|Indeedee-F, F|100\/100\n|-fieldstart|move: Psychic Terrain|[from] ability: Psychic Surge|[of] p2a: Indeedee\n|-enditem|p2a: Indeedee|Psychic Seed\n|-boost|p2a: Indeedee|spd|1|[from] item: Psychic Seed\n|move|p1b: Chimecho|Ally Switch|p1b: Chimecho\n|swap|p1b: Chimecho|0|[from] move: Ally Switch\n|move|p2b: Sylveon|Stored Power|p1a: Chimecho\n|-resisted|p1a: Chimecho\n|-damage|p1a: Chimecho|0 fnt\n|faint|p1a: Chimecho\n|move|p1b: Swalot|Body Press|p2b: Sylveon\n|-resisted|p2b: Sylveon\n|-damage|p2b: Sylveon|80\/100 par\n|\n|upkeep\n|\n|t:|1698598188\n|switch|p1a: Luvdisc|Luvdisc, F, shiny|100\/100\n|turn|9\n|\n|t:|1698598204\n|move|p1a: Luvdisc|Icy Wind|p2a: Indeedee|[spread] p2a,p2b\n|-damage|p2a: Indeedee|98\/100\n|-damage|p2b: Sylveon|79\/100 par\n|-unboost|p2a: Indeedee|spe|1\n|-unboost|p2b: Sylveon|spe|1\n|move|p2b: Sylveon|Stored Power|p1b: Swalot\n|-supereffective|p1b: Swalot\n|-damage|p1b: Swalot|0 fnt\n|faint|p1b: Swalot\n|move|p2a: Indeedee|Healing Wish|p2a: Indeedee\n|faint|p2a: Indeedee\n|\n|upkeep\n|\n|t:|1698598219\n|switch|p2a: Lilligant|Lilligant-Hisui, F|100\/100\n|switch|p1b: Hypno|Hypno, M, shiny|94\/100 brn\n|turn|10\n|\n|t:|1698598234\n|move|p1a: Luvdisc|Icy Wind|p2b: Sylveon|[spread] p2a,p2b\n|-supereffective|p2a: Lilligant\n|-damage|p2a: Lilligant|86\/100\n|-damage|p2b: Sylveon|78\/100 par\n|-unboost|p2a: Lilligant|spe|1\n|-unboost|p2b: Sylveon|spe|1\n|move|p2b: Sylveon|Stored Power|p1b: Hypno\n|-resisted|p1b: Hypno\n|-damage|p1b: Hypno|0 fnt\n|faint|p1b: Hypno\n|move|p2a: Lilligant|Leaf Blade|p1a: Luvdisc\n|-supereffective|p1a: Luvdisc\n|-crit|p1a: Luvdisc\n|-damage|p1a: Luvdisc|0 fnt\n|faint|p1a: Luvdisc\n|\n|-heal|p2a: Lilligant|92\/100|[from] item: Leftovers\n|upkeep\n|\n|t:|1698598247\n|switch|p1a: Scovillain|Scovillain, F, shiny|100\/100\n|switch|p1b: Crabominable|Crabominable, M, shiny|100\/100\n|turn|11\n|\n|t:|1698598262\n|move|p1a: Scovillain|Protect|p1a: Scovillain\n|-singleturn|p1a: Scovillain|Protect\n|move|p1b: Crabominable|Protect|p1b: Crabominable\n|-singleturn|p1b: Crabominable|Protect\n|cant|p2b: Sylveon|par\n|move|p2a: Lilligant|Axe Kick|p1b: Crabominable\n|-activate|p1b: Crabominable|move: Protect\n|-damage|p2a: Lilligant|42\/100|[from] highjumpkick\n|\n|-heal|p2a: Lilligant|49\/100|[from] item: Leftovers\n|-ability|p1a: Scovillain|Moody|boost\n|-boost|p1a: Scovillain|spd|2\n|-unboost|p1a: Scovillain|spe|1\n|upkeep\n|turn|12\n|inactive|Lelovet has 120 seconds left.\n|\n|t:|1698598292\n|-terastallize|p1b: Crabominable|Water\n|cant|p2b: Sylveon|par\n|move|p2a: Lilligant|Axe Kick|p1b: Crabominable\n|-damage|p1b: Crabominable|16\/100\n|move|p1a: Scovillain|Leech Seed|p2b: Sylveon\n|-start|p2b: Sylveon|move: Leech Seed\n|move|p1b: Crabominable|Drain Punch|p2a: Lilligant\n|-damage|p2a: Lilligant|0 fnt\n|-heal|p1b: Crabominable|36\/100|[from] drain|[of] p2a: Lilligant\n|faint|p2a: Lilligant\n|\n|-damage|p2b: Sylveon|66\/100 par|[from] Leech Seed|[of] p1a: Scovillain\n|-fieldend|move: Psychic Terrain\n|-ability|p1a: Scovillain|Moody|boost\n|-boost|p1a: Scovillain|spa|2\n|-unboost|p1a: Scovillain|atk|1\n|upkeep\n|inactive|Brocckoli has 120 seconds left.\n|\n|t:|1698598313\n|switch|p2a: Flamigo|Flamigo, M|100\/100\n|-copyboost|p2a: Flamigo|p2b: Sylveon|[from] ability: Costar\n|turn|13\n|\n|t:|1698598323\n|move|p1a: Scovillain|Protect|p1a: Scovillain\n|-singleturn|p1a: Scovillain|Protect\n|move|p2a: Flamigo|Brave Bird|p1a: Scovillain\n|-activate|p1a: Scovillain|move: Protect\n|move|p2b: Sylveon|Stored Power|p1b: Crabominable\n|-damage|p1b: Crabominable|0 fnt\n|faint|p1b: Crabominable\n|\n|-damage|p2b: Sylveon|53\/100 par|[from] Leech Seed|[of] p1a: Scovillain\n|-ability|p1a: Scovillain|Moody|boost\n|-boost|p1a: Scovillain|atk|2\n|-unboost|p1a: Scovillain|spd|1\n|upkeep\n|turn|14\n|\n|t:|1698598340\n|move|p2a: Flamigo|Brave Bird|p1a: Scovillain\n|-supereffective|p1a: Scovillain\n|-damage|p1a: Scovillain|0 fnt\n|faint|p1a: Scovillain\n|-damage|p2a: Flamigo|71\/100|[from] Recoil\n|\n|win|Brocckoli\n|raw|Lelovet's rating: 1010 &rarr; <strong>1000<\/strong><br \/>(-10 for losing)\n|raw|Brocckoli's rating: 1000 &rarr; <strong>1041<\/strong><br \/>(+41 for winning)\n|l|\u2606Lelovet\n","uploadtime":1698598348,"views":14,"p1id":"lelovet","p2id":"brocckoli","formatid":"gen9doublesou","rating":1000,"private":0,"password":""}