{"id":"gen9doublesou-1967848071","p1":"Sargenbob","p2":"El Godi","format":"[Gen 9] Doubles OU","log":"|html|<div class=\"broadcast-blue\"><strong>[Gen 9] Doubles OU is currently suspecting Basculegion & Flutter Mane! For information on how to participate check out the <a href=\"https:\/\/www.smogon.com\/forums\/threads\/np-sv-dou-stage-8-double-trouble.3729153\/\">suspect thread<\/a>.<\/strong><\/div>\n|j|\u2606Sargenbob\n|j|\u2606El Godi\n|t:|1697346262\n|gametype|doubles\n|player|p1|Sargenbob|red|1082\n|player|p2|El Godi|265|1056\n|teamsize|p1|6\n|teamsize|p2|6\n|gen|9\n|tier|[Gen 9] Doubles OU\n|rated|\n|rule|Species Clause: Limit one of each Pok\u00e9mon\n|rule|OHKO Clause: OHKO moves are banned\n|rule|Evasion Moves Clause: Evasion moves are banned\n|rule|Gravity Sleep Clause: The combination of sleep-inducing moves with imperfect accuracy and Gravity or Gigantamax Orbeetle are banned\n|rule|Endless Battle Clause: Forcing endless battles is banned\n|rule|HP Percentage Mod: HP is shown in percentages\n|clearpoke\n|poke|p1|Ursaluna-Bloodmoon, M|\n|poke|p1|Murkrow, F|\n|poke|p1|Kilowattrel, F|\n|poke|p1|Brambleghast, M|\n|poke|p1|Tinkaton, F|\n|poke|p1|Chi-Yu|\n|poke|p2|Scizor, M|\n|poke|p2|Garchomp, M|\n|poke|p2|Hippowdon, M|\n|poke|p2|Rotom-Wash|\n|poke|p2|Amoonguss, M|\n|poke|p2|Azumarill, M|\n|teampreview\n|inactive|Battle timer is ON: inactive players will automatically lose when time's up. (requested by Sargenbob)\n|\n|t:|1697346273\n|start\n|switch|p1a: \u6232\u78bc\u70ba\u81ea\u5df1|Murkrow, F, shiny|100\/100\n|switch|p1b: Perigrin|Kilowattrel, F|100\/100\n|switch|p2a: Hippowdon|Hippowdon, M|100\/100\n|switch|p2b: Rotom|Rotom-Wash|100\/100\n|-weather|Sandstorm|[from] ability: Sand Stream|[of] p2a: Hippowdon\n|turn|1\n|\n|t:|1697346286\n|move|p1a: \u6232\u78bc\u70ba\u81ea\u5df1|Tailwind|p1a: \u6232\u78bc\u70ba\u81ea\u5df1\n|-sidestart|p1: Sargenbob|move: Tailwind\n|-start|p1b: Perigrin|Charge|Tailwind|[from] ability: Wind Power\n|move|p1b: Perigrin|Volt Switch|p2b: Rotom\n|-damage|p2b: Rotom|3\/100\n|-damage|p1b: Perigrin|91\/100|[from] item: Life Orb\n|-end|p1b: Perigrin|Charge|[silent]\n|\n|t:|1697346293\n|switch|p1b: Keanu|Brambleghast, M|100\/100|[from] Volt Switch\n|-ability|p1b: Keanu|Wind Rider|boost\n|-boost|p1b: Keanu|atk|1\n|move|p2b: Rotom|Discharge|p1a: \u6232\u78bc\u70ba\u81ea\u5df1|[spread] p1a,p1b\n|-immune|p2a: Hippowdon\n|-supereffective|p1a: \u6232\u78bc\u70ba\u81ea\u5df1\n|-resisted|p1b: Keanu\n|-damage|p1a: \u6232\u78bc\u70ba\u81ea\u5df1|47\/100\n|-damage|p1b: Keanu|77\/100\n|move|p2a: Hippowdon|Earthquake|p1a: \u6232\u78bc\u70ba\u81ea\u5df1|[spread] p1b\n|-immune|p2b: Rotom|[from] ability: Levitate\n|-immune|p1a: \u6232\u78bc\u70ba\u81ea\u5df1\n|-resisted|p1b: Keanu\n|-damage|p1b: Keanu|53\/100\n|\n|-weather|Sandstorm|[upkeep]\n|-damage|p1b: Keanu|47\/100|[from] Sandstorm\n|-damage|p1a: \u6232\u78bc\u70ba\u81ea\u5df1|41\/100|[from] Sandstorm\n|upkeep\n|turn|2\n|\n|t:|1697346315\n|switch|p2b: Azumarill|Azumarill, M|100\/100\n|move|p1a: \u6232\u78bc\u70ba\u81ea\u5df1|Protect|p1a: \u6232\u78bc\u70ba\u81ea\u5df1\n|-singleturn|p1a: \u6232\u78bc\u70ba\u81ea\u5df1|Protect\n|move|p1b: Keanu|Power Whip|p2a: Hippowdon\n|-supereffective|p2a: Hippowdon\n|-damage|p2a: Hippowdon|3\/100\n|-damage|p1b: Keanu|31\/100|[from] item: Rocky Helmet|[of] p2a: Hippowdon\n|move|p2a: Hippowdon|Body Press|p1a: \u6232\u78bc\u70ba\u81ea\u5df1\n|-activate|p1a: \u6232\u78bc\u70ba\u81ea\u5df1|move: Protect\n|\n|-weather|Sandstorm|[upkeep]\n|-damage|p1b: Keanu|25\/100|[from] Sandstorm\n|-damage|p1a: \u6232\u78bc\u70ba\u81ea\u5df1|35\/100|[from] Sandstorm\n|-damage|p2b: Azumarill|94\/100|[from] Sandstorm\n|upkeep\n|turn|3\n|\n|t:|1697346329\n|switch|p1a: Perigrin|Kilowattrel, F|91\/100\n|switch|p2a: Amoonguss|Amoonguss, M|100\/100\n|move|p1b: Keanu|Shadow Sneak|p2a: Amoonguss\n|-damage|p2a: Amoonguss|68\/100\n|move|p2b: Azumarill|Surf|p1a: Perigrin|[spread] p2a,p1a,p1b\n|-resisted|p2a: Amoonguss\n|-crit|p2a: Amoonguss\n|-resisted|p1b: Keanu\n|-damage|p2a: Amoonguss|57\/100\n|-damage|p1a: Perigrin|51\/100\n|-damage|p1b: Keanu|3\/100\n|\n|-weather|Sandstorm|[upkeep]\n|-damage|p1a: Perigrin|45\/100|[from] Sandstorm\n|-damage|p1b: Keanu|0 fnt|[from] Sandstorm\n|-damage|p2b: Azumarill|88\/100|[from] Sandstorm\n|-damage|p2a: Amoonguss|50\/100|[from] Sandstorm\n|faint|p1b: Keanu\n|-heal|p2a: Amoonguss|57\/100|[from] item: Leftovers\n|upkeep\n|\n|t:|1697346336\n|switch|p1b: \u6232\u78bc\u70ba\u81ea\u5df1|Murkrow, F, shiny|35\/100\n|turn|4\n|\n|t:|1697346352\n|switch|p2b: Garchomp|Garchomp, M|100\/100\n|move|p1b: \u6232\u78bc\u70ba\u81ea\u5df1|Protect|p1b: \u6232\u78bc\u70ba\u81ea\u5df1\n|-singleturn|p1b: \u6232\u78bc\u70ba\u81ea\u5df1|Protect\n|move|p1a: Perigrin|Thunderbolt|p2b: Garchomp\n|-immune|p2b: Garchomp\n|move|p2a: Amoonguss|Toxic|p1a: Perigrin\n|-status|p1a: Perigrin|tox\n|\n|-weather|Sandstorm|[upkeep]\n|-damage|p1a: Perigrin|39\/100 tox|[from] Sandstorm\n|-damage|p1b: \u6232\u78bc\u70ba\u81ea\u5df1|29\/100|[from] Sandstorm\n|-damage|p2a: Amoonguss|50\/100|[from] Sandstorm\n|-heal|p2a: Amoonguss|57\/100|[from] item: Leftovers\n|-damage|p1a: Perigrin|33\/100 tox|[from] psn\n|-sideend|p1: Sargenbob|move: Tailwind\n|upkeep\n|turn|5\n|\n|t:|1697346361\n|move|p2b: Garchomp|Protect|p2b: Garchomp\n|-singleturn|p2b: Garchomp|Protect\n|move|p1b: \u6232\u78bc\u70ba\u81ea\u5df1|Tailwind|p1b: \u6232\u78bc\u70ba\u81ea\u5df1\n|-sidestart|p1: Sargenbob|move: Tailwind\n|-start|p1a: Perigrin|Charge|Tailwind|[from] ability: Wind Power\n|move|p1a: Perigrin|Air Slash|p2a: Amoonguss\n|-supereffective|p2a: Amoonguss\n|-damage|p2a: Amoonguss|0 fnt\n|faint|p2a: Amoonguss\n|-damage|p1a: Perigrin|23\/100 tox|[from] item: Life Orb\n|\n|-weather|none\n|-damage|p1a: Perigrin|10\/100 tox|[from] psn\n|upkeep\n|\n|t:|1697346370\n|switch|p2a: Hippowdon|Hippowdon, M|3\/100\n|-weather|Sandstorm|[from] ability: Sand Stream|[of] p2a: Hippowdon\n|turn|6\n|\n|t:|1697346386\n|move|p1b: \u6232\u78bc\u70ba\u81ea\u5df1|Protect|p1b: \u6232\u78bc\u70ba\u81ea\u5df1\n|-singleturn|p1b: \u6232\u78bc\u70ba\u81ea\u5df1|Protect\n|move|p1a: Perigrin|Air Slash|p2a: Hippowdon\n|-damage|p2a: Hippowdon|0 fnt\n|faint|p2a: Hippowdon\n|-damage|p1a: Perigrin|0 fnt|[from] item: Life Orb\n|faint|p1a: Perigrin\n|move|p2b: Garchomp|Earthquake|p1b: \u6232\u78bc\u70ba\u81ea\u5df1\n|-activate|p1b: \u6232\u78bc\u70ba\u81ea\u5df1|move: Protect\n|\n|-weather|Sandstorm|[upkeep]\n|-damage|p1b: \u6232\u78bc\u70ba\u81ea\u5df1|23\/100|[from] Sandstorm\n|upkeep\n|\n|t:|1697346397\n|switch|p1a: Kirby|Tinkaton, F|100\/100\n|switch|p2a: Rotom|Rotom-Wash|3\/100\n|-ability|p1a: Kirby|Mold Breaker\n|turn|7\n|\n|t:|1697346417\n|switch|p1b: Moon Knight|Ursaluna-Bloodmoon, M|100\/100\n|move|p2b: Garchomp|Protect|p2b: Garchomp\n|-singleturn|p2b: Garchomp|Protect\n|move|p1a: Kirby|Fake Out|p2b: Garchomp\n|-activate|p2b: Garchomp|move: Protect\n|move|p2a: Rotom|Reflect|p2a: Rotom\n|-sidestart|p2: El Godi|Reflect\n|\n|-weather|Sandstorm|[upkeep]\n|upkeep\n|turn|8\n|\n|t:|1697346436\n|move|p1b: Moon Knight|Vacuum Wave|p2a: Rotom\n|-damage|p2a: Rotom|0 fnt\n|faint|p2a: Rotom\n|move|p1a: Kirby|Knock Off|p2b: Garchomp\n|-damage|p2b: Garchomp|82\/100\n|-enditem|p2b: Garchomp|Heavy-Duty Boots|[from] move: Knock Off|[of] p1a: Kirby\n|move|p2b: Garchomp|Earthquake|p1a: Kirby|[spread] p1a,p1b\n|-supereffective|p1a: Kirby\n|-damage|p1a: Kirby|0 fnt\n|-damage|p1b: Moon Knight|72\/100\n|faint|p1a: Kirby\n|\n|-weather|Sandstorm|[upkeep]\n|-heal|p1b: Moon Knight|78\/100|[from] item: Leftovers\n|-sideend|p1: Sargenbob|move: Tailwind\n|upkeep\n|\n|t:|1697346449\n|switch|p1a: \u6232\u78bc\u70ba\u81ea\u5df1|Murkrow, F, shiny|23\/100\n|switch|p2a: Azumarill|Azumarill, M|88\/100\n|turn|9\n|\n|t:|1697346456\n|move|p1a: \u6232\u78bc\u70ba\u81ea\u5df1|Tailwind|p1a: \u6232\u78bc\u70ba\u81ea\u5df1\n|-sidestart|p1: Sargenbob|move: Tailwind\n|move|p2b: Garchomp|Earthquake|p1a: \u6232\u78bc\u70ba\u81ea\u5df1|[spread] p2a,p1b\n|-immune|p1a: \u6232\u78bc\u70ba\u81ea\u5df1\n|-damage|p2a: Azumarill|62\/100\n|-damage|p1b: Moon Knight|51\/100\n|move|p1b: Moon Knight|Blood Moon|p2a: Azumarill\n|-damage|p2a: Azumarill|0 fnt\n|faint|p2a: Azumarill\n|\n|-weather|Sandstorm|[upkeep]\n|-damage|p1a: \u6232\u78bc\u70ba\u81ea\u5df1|17\/100|[from] Sandstorm\n|-heal|p1b: Moon Knight|57\/100|[from] item: Leftovers\n|upkeep\n|\n|t:|1697346466\n|switch|p2a: Scizor|Scizor, M|100\/100\n|turn|10\n|\n|t:|1697346477\n|move|p1a: \u6232\u78bc\u70ba\u81ea\u5df1|Protect|p1a: \u6232\u78bc\u70ba\u81ea\u5df1\n|-singleturn|p1a: \u6232\u78bc\u70ba\u81ea\u5df1|Protect\n|move|p2a: Scizor|Bullet Punch|p1a: \u6232\u78bc\u70ba\u81ea\u5df1\n|-activate|p1a: \u6232\u78bc\u70ba\u81ea\u5df1|move: Protect\n|move|p2b: Garchomp|Dragon Claw|p1b: Moon Knight\n|-damage|p1b: Moon Knight|27\/100\n|move|p1b: Moon Knight|Calm Mind|p1b: Moon Knight\n|-boost|p1b: Moon Knight|spa|1\n|-boost|p1b: Moon Knight|spd|1\n|\n|-weather|none\n|-heal|p1b: Moon Knight|33\/100|[from] item: Leftovers\n|upkeep\n|turn|11\n|\n|t:|1697346490\n|switch|p1a: \u91d1\u9c7c|Chi-Yu|100\/100\n|-ability|p1a: \u91d1\u9c7c|Beads of Ruin\n|move|p2a: Scizor|Bullet Punch|p1a: \u91d1\u9c7c\n|-resisted|p1a: \u91d1\u9c7c\n|-damage|p1a: \u91d1\u9c7c|66\/100\n|-damage|p2a: Scizor|91\/100|[from] item: Life Orb\n|move|p2b: Garchomp|Dragon Claw|p1b: Moon Knight\n|-damage|p1b: Moon Knight|2\/100\n|move|p1b: Moon Knight|Blood Moon|p2b: Garchomp\n|-damage|p2b: Garchomp|0 fnt\n|faint|p2b: Garchomp\n|\n|-heal|p1b: Moon Knight|8\/100|[from] item: Leftovers\n|-sideend|p2: El Godi|Reflect\n|upkeep\n|turn|12\n|\n|t:|1697346504\n|move|p1b: Moon Knight|Vacuum Wave|p2a: Scizor\n|-damage|p2a: Scizor|52\/100\n|move|p2a: Scizor|Bullet Punch|p1b: Moon Knight\n|-damage|p1b: Moon Knight|0 fnt\n|faint|p1b: Moon Knight\n|-damage|p2a: Scizor|42\/100|[from] item: Life Orb\n|move|p1a: \u91d1\u9c7c|Flamethrower|p2a: Scizor\n|-supereffective|p2a: Scizor\n|-damage|p2a: Scizor|0 fnt\n|faint|p2a: Scizor\n|\n|win|Sargenbob\n|raw|Sargenbob's rating: 1082 &rarr; <strong>1108<\/strong><br \/>(+26 for winning)\n|raw|El Godi's rating: 1056 &rarr; <strong>1039<\/strong><br \/>(-17 for losing)\n|c|\u2606Sargenbob|gg\n|l|\u2606El Godi\n","uploadtime":1697346517,"views":14,"p1id":"sargenbob","p2id":"elgodi","formatid":"gen9doublesou","rating":1039,"private":0,"password":""}