{"id":"gen9doublesou-1989451314","p1":"bananaszn","p2":"GohanDiamonD","format":"[Gen 9] Doubles OU","log":"|j|\u2606bananaszn\n|j|\u2606GohanDiamonD\n|t:|1699852463\n|gametype|doubles\n|player|p1|bananaszn|brycen|1437\n|player|p2|GohanDiamonD|benga|1355\n|teamsize|p1|6\n|teamsize|p2|6\n|gen|9\n|tier|[Gen 9] Doubles OU\n|rated|\n|rule|Species Clause: Limit one of each Pok\u00e9mon\n|rule|OHKO Clause: OHKO moves are banned\n|rule|Evasion Moves Clause: Evasion moves are banned\n|rule|Gravity Sleep Clause: The combination of sleep-inducing moves with imperfect accuracy and Gravity or Gigantamax Orbeetle are banned\n|rule|Endless Battle Clause: Forcing endless battles is banned\n|rule|HP Percentage Mod: HP is shown in percentages\n|clearpoke\n|poke|p1|Poliwrath, F|\n|poke|p1|Pelipper, F|\n|poke|p1|Basculegion-F, F|\n|poke|p1|Zapdos|\n|poke|p1|Landorus, M|\n|poke|p1|Tsareena, F|\n|poke|p2|Murkrow, M|\n|poke|p2|Torterra, F|\n|poke|p2|Gholdengo|\n|poke|p2|Iron Hands|\n|poke|p2|Flutter Mane|\n|poke|p2|Ogerpon-Hearthflame, F|\n|teampreview\n|\n|t:|1699852472\n|start\n|switch|p1a: Pelipper|Pelipper, F|100\/100\n|switch|p1b: Poliwrath|Poliwrath, F|100\/100\n|switch|p2a: Murkrow|Murkrow, M|100\/100\n|switch|p2b: Iron Hands|Iron Hands|100\/100\n|-weather|RainDance|[from] ability: Drizzle|[of] p1a: Pelipper\n|turn|1\n|\n|t:|1699852484\n|switch|p1a: Tsareena|Tsareena, F|100\/100\n|move|p2b: Iron Hands|Fake Out||[still]\n|cant|p1a: Tsareena|ability: Queenly Majesty|Fake Out|[of] p2b: Iron Hands\n|move|p2a: Murkrow|Tailwind|p2a: Murkrow\n|-sidestart|p2: GohanDiamonD|move: Tailwind\n|move|p1b: Poliwrath|Liquidation|p2a: Murkrow\n|-damage|p2a: Murkrow|12\/100\n|\n|-weather|RainDance|[upkeep]\n|upkeep\n|turn|2\n|\n|t:|1699852520\n|switch|p1b: Landorus|Landorus, M|100\/100\n|switch|p2a: Flutter Mane|Flutter Mane|100\/100\n|-enditem|p2a: Flutter Mane|Booster Energy\n|-activate|p2a: Flutter Mane|ability: Protosynthesis|[fromitem]\n|-start|p2a: Flutter Mane|protosynthesisspe\n|move|p2b: Iron Hands|Wild Charge|p1b: Landorus\n|-immune|p1b: Landorus\n|move|p1a: Tsareena|Trop Kick|p2b: Iron Hands\n|-damage|p2b: Iron Hands|77\/100\n|-unboost|p2b: Iron Hands|atk|1\n|\n|-weather|RainDance|[upkeep]\n|upkeep\n|turn|3\n|\n|t:|1699852536\n|move|p2a: Flutter Mane|Dazzling Gleam|p1a: Tsareena|[spread] p1a,p1b\n|-damage|p1a: Tsareena|84\/100\n|-damage|p1b: Landorus|67\/100\n|move|p1b: Landorus|Sandsear Storm|p2b: Iron Hands|[spread] p2a,p2b\n|-supereffective|p2b: Iron Hands\n|-damage|p2a: Flutter Mane|45\/100\n|-damage|p2b: Iron Hands|13\/100\n|move|p2b: Iron Hands|Ice Punch|p1b: Landorus\n|-supereffective|p1b: Landorus\n|-damage|p1b: Landorus|0 fnt\n|faint|p1b: Landorus\n|move|p1a: Tsareena|Trop Kick|p2a: Flutter Mane\n|-damage|p2a: Flutter Mane|0 fnt\n|faint|p2a: Flutter Mane\n|-end|p2a: Flutter Mane|Protosynthesis|[silent]\n|\n|-weather|RainDance|[upkeep]\n|upkeep\n|\n|t:|1699852562\n|switch|p2a: Gholdengo|Gholdengo|100\/100\n|switch|p1b: Zapdos|Zapdos|100\/100\n|-item|p2a: Gholdengo|Air Balloon\n|turn|4\n|\n|t:|1699852578\n|move|p2a: Gholdengo|Nasty Plot|p2a: Gholdengo\n|-boost|p2a: Gholdengo|spa|2\n|move|p2b: Iron Hands|Ice Punch|p1a: Tsareena\n|-supereffective|p1a: Tsareena\n|-damage|p1a: Tsareena|38\/100\n|move|p1b: Zapdos|Tailwind|p1b: Zapdos\n|-sidestart|p1: bananaszn|move: Tailwind\n|move|p1a: Tsareena|Trop Kick|p2b: Iron Hands\n|-damage|p2b: Iron Hands|0 fnt\n|faint|p2b: Iron Hands\n|-end|p2b: Iron Hands|Quark Drive|[silent]\n|\n|-weather|RainDance|[upkeep]\n|-sideend|p2: GohanDiamonD|move: Tailwind\n|upkeep\n|\n|t:|1699852582\n|switch|p2b: Murkrow|Murkrow, M|12\/100\n|turn|5\n|\n|t:|1699852603\n|move|p2b: Murkrow|Tailwind|p2b: Murkrow\n|-sidestart|p2: GohanDiamonD|move: Tailwind\n|move|p2a: Gholdengo|Make It Rain|p1a: Tsareena|[spread] p1a,p1b\n|-resisted|p1b: Zapdos\n|-damage|p1a: Tsareena|0 fnt\n|-damage|p1b: Zapdos|54\/100\n|-unboost|p2a: Gholdengo|spa|1\n|faint|p1a: Tsareena\n|move|p1b: Zapdos|Thunder|p2a: Gholdengo\n|-damage|p2a: Gholdengo|24\/100\n|-enditem|p2a: Gholdengo|Air Balloon\n|\n|-weather|RainDance|[upkeep]\n|upkeep\n|\n|t:|1699852621\n|switch|p1a: Poliwrath|Poliwrath, F|100\/100\n|turn|6\n|\n|t:|1699852633\n|-terastallize|p2a: Gholdengo|Fairy\n|move|p2b: Murkrow|Taunt|p1b: Zapdos\n|-start|p1b: Zapdos|move: Taunt\n|move|p1a: Poliwrath|Liquidation|p2b: Murkrow\n|-damage|p2b: Murkrow|0 fnt\n|faint|p2b: Murkrow\n|move|p2a: Gholdengo|Dazzling Gleam|p1a: Poliwrath|[spread] p1a,p1b\n|-supereffective|p1a: Poliwrath\n|-damage|p1a: Poliwrath|0 fnt\n|-damage|p1b: Zapdos|9\/100\n|faint|p1a: Poliwrath\n|move|p1b: Zapdos|Thunder|p2a: Gholdengo\n|-damage|p2a: Gholdengo|0 fnt\n|faint|p2a: Gholdengo\n|\n|-weather|RainDance|[upkeep]\n|upkeep\n|\n|t:|1699852653\n|switch|p2a: Ogerpon|Ogerpon-Hearthflame, F|100\/100\n|switch|p1a: Basculegion|Basculegion-F, F|100\/100\n|switch|p2b: Torterra|Torterra, F|100\/100\n|-ability|p2a: Ogerpon|Mold Breaker\n|turn|7\n|\n|t:|1699852681\n|switch|p1a: Pelipper|Pelipper, F|100\/100\n|move|p2a: Ogerpon|Trailblaze|p1b: Zapdos\n|-resisted|p1b: Zapdos\n|-damage|p1b: Zapdos|0 fnt\n|-boost|p2a: Ogerpon|spe|1\n|faint|p1b: Zapdos\n|move|p2b: Torterra|Shell Smash|p2b: Torterra\n|-unboost|p2b: Torterra|def|1\n|-unboost|p2b: Torterra|spd|1\n|-boost|p2b: Torterra|atk|2\n|-boost|p2b: Torterra|spa|2\n|-boost|p2b: Torterra|spe|2\n|\n|-weather|RainDance|[upkeep]\n|-sideend|p1: bananaszn|move: Tailwind\n|upkeep\n|inactive|Battle timer is ON: inactive players will automatically lose when time's up. (requested by GohanDiamonD)\n|\n|t:|1699852694\n|switch|p1b: Basculegion|Basculegion-F, F|100\/100\n|turn|8\n|\n|t:|1699852709\n|-terastallize|p1a: Pelipper|Grass\n|move|p2a: Ogerpon|Trailblaze|p1b: Basculegion\n|-supereffective|p1b: Basculegion\n|-damage|p1b: Basculegion|31\/100\n|-boost|p2a: Ogerpon|spe|1\n|move|p2b: Torterra|Bullet Seed|p1a: Pelipper\n|-resisted|p1a: Pelipper\n|-damage|p1a: Pelipper|89\/100\n|-resisted|p1a: Pelipper\n|-damage|p1a: Pelipper|78\/100\n|-resisted|p1a: Pelipper\n|-damage|p1a: Pelipper|68\/100\n|-resisted|p1a: Pelipper\n|-damage|p1a: Pelipper|56\/100\n|-hitcount|p1a: Pelipper|4\n|move|p1b: Basculegion|Last Respects|p2b: Torterra\n|-damage|p2b: Torterra|0 fnt\n|faint|p2b: Torterra\n|move|p1a: Pelipper|Hurricane|p2a: Ogerpon\n|-supereffective|p2a: Ogerpon\n|-damage|p2a: Ogerpon|14\/100\n|-start|p2a: Ogerpon|confusion\n|\n|-weather|none\n|-sideend|p2: GohanDiamonD|move: Tailwind\n|upkeep\n|turn|9\n|\n|t:|1699852731\n|-activate|p2a: Ogerpon|confusion\n|-damage|p2a: Ogerpon|0 fnt|[from] confusion\n|faint|p2a: Ogerpon\n|\n|win|bananaszn\n|raw|bananaszn's rating: 1437 &rarr; <strong>1452<\/strong><br \/>(+15 for winning)\n|raw|GohanDiamonD's rating: 1355 &rarr; <strong>1340<\/strong><br \/>(-15 for losing)\n|l|\u2606GohanDiamonD\n","uploadtime":1699852755,"views":8,"p1id":"bananaszn","p2id":"gohandiamond","formatid":"gen9doublesou","rating":1340,"private":0,"password":""}