{"id":"gen9doublesou-1980315706","p1":"quio2","p2":"Kittyredheart","format":"[Gen 9] Doubles OU","log":"|j|\u2606quio2\n|j|\u2606Kittyredheart\n|t:|1698774719\n|gametype|doubles\n|player|p1|quio2|ninjaboy|1414\n|player|p2|Kittyredheart|elesa|1423\n|teamsize|p1|6\n|teamsize|p2|6\n|gen|9\n|tier|[Gen 9] Doubles OU\n|rated|\n|rule|Species Clause: Limit one of each Pok\u00e9mon\n|rule|OHKO Clause: OHKO moves are banned\n|rule|Evasion Moves Clause: Evasion moves are banned\n|rule|Gravity Sleep Clause: The combination of sleep-inducing moves with imperfect accuracy and Gravity or Gigantamax Orbeetle are banned\n|rule|Endless Battle Clause: Forcing endless battles is banned\n|rule|HP Percentage Mod: HP is shown in percentages\n|clearpoke\n|poke|p1|Oranguru, F|\n|poke|p1|Ursaluna-Bloodmoon, M|\n|poke|p1|Torkoal, F|\n|poke|p1|Farigiraf, F|\n|poke|p1|Kingambit, M|\n|poke|p1|Iron Hands|\n|poke|p2|Milotic, F|\n|poke|p2|Grimmsnarl, M|\n|poke|p2|Jirachi|\n|poke|p2|Espathra, M|\n|poke|p2|Landorus-Therian, M|\n|poke|p2|Chien-Pao|\n|teampreview\n|inactive|Battle timer is ON: inactive players will automatically lose when time's up. (requested by Kittyredheart)\n|\n|t:|1698774724\n|start\n|switch|p1a: Oranguru|Oranguru, F|100\/100\n|switch|p1b: Fred|Ursaluna-Bloodmoon, M|100\/100\n|switch|p2a: Chicky Wicky|Grimmsnarl, M, shiny|100\/100\n|switch|p2b: Iron Fangs|Chien-Pao|100\/100\n|-ability|p2b: Iron Fangs|Sword of Ruin\n|turn|1\n|\n|t:|1698774732\n|move|p1b: Fred|Protect|p1b: Fred\n|-singleturn|p1b: Fred|Protect\n|move|p2a: Chicky Wicky|Fake Out|p1b: Fred\n|-activate|p1b: Fred|move: Protect\n|move|p2b: Iron Fangs|Crunch|p1a: Oranguru\n|-supereffective|p1a: Oranguru\n|-damage|p1a: Oranguru|0 fnt\n|faint|p1a: Oranguru\n|\n|upkeep\n|\n|t:|1698774741\n|switch|p1a: Farigiraf|Farigiraf, F|100\/100\n|turn|2\n|\n|t:|1698774746\n|-terastallize|p1a: Farigiraf|Fairy\n|move|p2a: Chicky Wicky|Light Screen|p2a: Chicky Wicky\n|-sidestart|p2: Kittyredheart|move: Light Screen\n|move|p2b: Iron Fangs|Crunch|p1a: Farigiraf\n|-resisted|p1a: Farigiraf\n|-damage|p1a: Farigiraf|64\/100\n|move|p1b: Fred|Hyper Voice|p2b: Iron Fangs|[spread] p2a,p2b\n|-damage|p2a: Chicky Wicky|69\/100\n|-damage|p2b: Iron Fangs|58\/100\n|move|p1a: Farigiraf|Trick Room|p1a: Farigiraf\n|-fieldstart|move: Trick Room|[of] p1a: Farigiraf\n|\n|-heal|p1a: Farigiraf|71\/100|[from] item: Leftovers\n|upkeep\n|turn|3\n|\n|t:|1698774764\n|switch|p2b: Cloud Terra|Landorus-Therian, M|100\/100\n|-ability|p2b: Cloud Terra|Intimidate|boost\n|-unboost|p1a: Farigiraf|atk|1\n|-unboost|p1b: Fred|atk|1\n|move|p2a: Chicky Wicky|Parting Shot||[still]\n|cant|p1a: Farigiraf|ability: Armor Tail|Parting Shot|[of] p2a: Chicky Wicky\n|move|p1b: Fred|Hyper Voice|p2a: Chicky Wicky|[spread] p2a,p2b\n|-damage|p2a: Chicky Wicky|37\/100\n|-damage|p2b: Cloud Terra|63\/100\n|-enditem|p2b: Cloud Terra|Eject Button\n|\n|t:|1698774776\n|switch|p2b: Iron Wish|Jirachi|100\/100\n|move|p1a: Farigiraf|Hyper Voice|p2a: Chicky Wicky|[spread] p2a,p2b\n|-resisted|p2b: Iron Wish\n|-crit|p2b: Iron Wish\n|-damage|p2a: Chicky Wicky|21\/100\n|-damage|p2b: Iron Wish|87\/100\n|\n|-heal|p1a: Farigiraf|77\/100|[from] item: Leftovers\n|-heal|p2b: Iron Wish|93\/100|[from] item: Leftovers\n|upkeep\n|turn|4\n|\n|t:|1698774792\n|switch|p2a: Wig Snatcher|Espathra, M|100\/100\n|move|p1b: Fred|Earth Power|p2b: Iron Wish\n|-supereffective|p2b: Iron Wish\n|-damage|p2b: Iron Wish|43\/100\n|move|p1a: Farigiraf|Hyper Voice|p2b: Iron Wish|[spread] p2a,p2b\n|-resisted|p2b: Iron Wish\n|-damage|p2a: Wig Snatcher|82\/100\n|-damage|p2b: Iron Wish|37\/100\n|move|p2b: Iron Wish|Wish|p2b: Iron Wish\n|\n|-heal|p1a: Farigiraf|83\/100|[from] item: Leftovers\n|-heal|p2b: Iron Wish|43\/100|[from] item: Leftovers\n|upkeep\n|turn|5\n|\n|t:|1698774821\n|switch|p2b: Majestic Aqua|Milotic, F|100\/100\n|move|p1a: Farigiraf|Helping Hand|p1b: Fred\n|-singleturn|p1b: Fred|Helping Hand|[of] p1a: Farigiraf\n|move|p1b: Fred|Blood Moon|p2a: Wig Snatcher\n|-damage|p2a: Wig Snatcher|0 fnt\n|faint|p2a: Wig Snatcher\n|\n|-heal|p1a: Farigiraf|89\/100|[from] item: Leftovers\n|upkeep\n|\n|t:|1698774840\n|switch|p2a: Cloud Terra|Landorus-Therian, M|63\/100\n|-ability|p2a: Cloud Terra|Intimidate|boost\n|-unboost|p1a: Farigiraf|atk|1\n|-unboost|p1b: Fred|atk|1\n|turn|6\n|\n|t:|1698774852\n|move|p1a: Farigiraf|Ally Switch|p1a: Farigiraf\n|swap|p1a: Farigiraf|1|[from] move: Ally Switch\n|move|p1a: Fred|Hyper Voice|p2a: Cloud Terra|[spread] p2a,p2b\n|-damage|p2a: Cloud Terra|25\/100\n|-damage|p2b: Majestic Aqua|81\/100\n|move|p2b: Majestic Aqua|Coil|p2b: Majestic Aqua\n|-boost|p2b: Majestic Aqua|atk|1\n|-boost|p2b: Majestic Aqua|def|1\n|-boost|p2b: Majestic Aqua|accuracy|1\n|move|p2a: Cloud Terra|Stealth Rock|p1b: Farigiraf\n|-sidestart|p1: quio2|move: Stealth Rock\n|\n|-heal|p1b: Farigiraf|95\/100|[from] item: Leftovers\n|-sideend|p2: Kittyredheart|move: Light Screen\n|-fieldend|move: Trick Room\n|upkeep\n|turn|7\n|\n|t:|1698774867\n|move|p1a: Fred|Protect|p1a: Fred\n|-singleturn|p1a: Fred|Protect\n|move|p2a: Cloud Terra|Rock Slide|p1a: Fred|[spread] p1b\n|-activate|p1a: Fred|move: Protect\n|-damage|p1b: Farigiraf|75\/100\n|move|p2b: Majestic Aqua|Hypnosis|p1b: Farigiraf\n|-status|p1b: Farigiraf|slp|[from] move: Hypnosis\n|cant|p1b: Farigiraf|slp\n|\n|-heal|p1b: Farigiraf|81\/100 slp|[from] item: Leftovers\n|upkeep\n|turn|8\n|\n|t:|1698774880\n|move|p2a: Cloud Terra|Rock Slide|p1a: Fred|[spread] p1a,p1b\n|-resisted|p1a: Fred\n|-damage|p1a: Fred|92\/100\n|-damage|p1b: Farigiraf|62\/100 slp\n|move|p2b: Majestic Aqua|Hypnosis|p1a: Fred\n|-status|p1a: Fred|slp|[from] move: Hypnosis\n|cant|p1a: Fred|slp\n|cant|p1b: Farigiraf|slp\n|\n|-heal|p1b: Farigiraf|68\/100 slp|[from] item: Leftovers\n|upkeep\n|turn|9\n|\n|t:|1698774888\n|move|p2a: Cloud Terra|Rock Slide|p1b: Farigiraf|[spread] p1a,p1b\n|-resisted|p1a: Fred\n|-damage|p1a: Fred|84\/100 slp\n|-damage|p1b: Farigiraf|50\/100 slp\n|move|p2b: Majestic Aqua|Scald|p1a: Fred\n|-supereffective|p1a: Fred\n|-damage|p1a: Fred|30\/100 slp\n|cant|p1a: Fred|slp\n|cant|p1b: Farigiraf|slp\n|\n|-heal|p1b: Farigiraf|56\/100 slp|[from] item: Leftovers\n|upkeep\n|turn|10\n|\n|t:|1698774901\n|-curestatus|p1a: Fred|slp|[msg]\n|move|p1a: Fred|Protect|p1a: Fred\n|-singleturn|p1a: Fred|Protect\n|move|p2a: Cloud Terra|Rock Slide|p1a: Fred|[spread] \n|-activate|p1a: Fred|move: Protect\n|-miss|p2a: Cloud Terra|p1b: Farigiraf\n|move|p2b: Majestic Aqua|Coil|p2b: Majestic Aqua\n|-boost|p2b: Majestic Aqua|atk|1\n|-boost|p2b: Majestic Aqua|def|1\n|-boost|p2b: Majestic Aqua|accuracy|1\n|-curestatus|p1b: Farigiraf|slp|[msg]\n|move|p1b: Farigiraf|Trick Room|p1b: Farigiraf\n|-fieldstart|move: Trick Room|[of] p1b: Farigiraf\n|\n|-heal|p1b: Farigiraf|62\/100|[from] item: Leftovers\n|upkeep\n|turn|11\n|\n|t:|1698774921\n|switch|p2a: Chicky Wicky|Grimmsnarl, M, shiny|21\/100\n|move|p1a: Fred|Blood Moon|p2b: Majestic Aqua\n|-damage|p2b: Majestic Aqua|18\/100\n|move|p1b: Farigiraf|Hyper Voice|p2b: Majestic Aqua|[spread] p2a,p2b\n|-damage|p2a: Chicky Wicky|0 fnt\n|-damage|p2b: Majestic Aqua|0 fnt\n|faint|p2a: Chicky Wicky\n|faint|p2b: Majestic Aqua\n|\n|-heal|p1b: Farigiraf|69\/100|[from] item: Leftovers\n|upkeep\n|\n|t:|1698774929\n|switch|p2a: Iron Wish|Jirachi|43\/100\n|switch|p2b: Iron Fangs|Chien-Pao|58\/100\n|-ability|p2b: Iron Fangs|Sword of Ruin\n|turn|12\n|\n|t:|1698774946\n|move|p1b: Farigiraf|Ally Switch|p1b: Farigiraf\n|swap|p1b: Farigiraf|0|[from] move: Ally Switch\n|move|p1b: Fred|Earth Power|p2a: Iron Wish\n|-supereffective|p2a: Iron Wish\n|-damage|p2a: Iron Wish|0 fnt\n|faint|p2a: Iron Wish\n|move|p2b: Iron Fangs|Ice Spinner|p1a: Farigiraf\n|-damage|p1a: Farigiraf|5\/100\n|\n|-heal|p1a: Farigiraf|11\/100|[from] item: Leftovers\n|upkeep\n|l|\u2606Kittyredheart\n|inactive|Kittyredheart disconnected and has a minute to reconnect!\n|player|p2|\n|inactive|Kittyredheart has 30 seconds to reconnect!\n|inactive|Kittyredheart has 20 seconds to reconnect!\n|inactive|Kittyredheart has 15 seconds to reconnect!\n|inactive|Kittyredheart has 10 seconds to reconnect!\n|inactive|Kittyredheart has 5 seconds to reconnect!\n|-message|Kittyredheart lost due to inactivity.\n|\n|win|quio2\n|raw|quio2's rating: 1414 &rarr; <strong>1435<\/strong><br \/>(+21 for winning)\n|raw|Kittyredheart's rating: 1423 &rarr; <strong>1402<\/strong><br \/>(-21 for losing)\n","uploadtime":1698775025,"views":12,"p1id":"quio2","p2id":"kittyredheart","formatid":"gen9doublesou","rating":1402,"private":0,"password":""}