{"id":"gen9doublesou-1999464908","p1":"Elite.4.Challenger","p2":"Commander_Wolffy","format":"[Gen 9] Doubles OU","log":"|j|\u2606Elite.4.Challenger\n|j|\u2606Commander_Wolffy\n|t:|1701084667\n|gametype|doubles\n|player|p1|Elite.4.Challenger|rocker-gen3|1330\n|player|p2|Commander_Wolffy|169|1434\n|teamsize|p1|6\n|teamsize|p2|6\n|gen|9\n|tier|[Gen 9] Doubles OU\n|rated|\n|rule|Species Clause: Limit one of each Pok\u00e9mon\n|rule|OHKO Clause: OHKO moves are banned\n|rule|Evasion Moves Clause: Evasion moves are banned\n|rule|Gravity Sleep Clause: The combination of sleep-inducing moves with imperfect accuracy and Gravity or Gigantamax Orbeetle are banned\n|rule|Endless Battle Clause: Forcing endless battles is banned\n|rule|HP Percentage Mod: HP is shown in percentages\n|clearpoke\n|poke|p1|Thundurus-Therian, M|\n|poke|p1|Roaring Moon|\n|poke|p1|Goodra-Hisui, F|\n|poke|p1|Basculegion-F, F|\n|poke|p1|Politoed, F|\n|poke|p1|Toxicroak, M|\n|poke|p2|Ogerpon-Wellspring, F|\n|poke|p2|Gholdengo|\n|poke|p2|Glimmora, M|\n|poke|p2|Kommo-o, M|\n|poke|p2|Ninetales-Alola, M|\n|poke|p2|Arcanine-Hisui, M|\n|teampreview\n|inactive|Battle timer is ON: inactive players will automatically lose when time's up. (requested by Commander_Wolffy)\n|inactive|Elite.4.Challenger also wants the timer to be on.\n|\n|t:|1701084686\n|start\n|switch|p1a: Michael Phelps|Basculegion-F, F|100\/100\n|switch|p1b: Thundurus|Thundurus-Therian, M|100\/100\n|switch|p2a: Glimmora|Glimmora, M|100\/100\n|switch|p2b: Gholdengo|Gholdengo|100\/100\n|turn|1\n|\n|t:|1701084715\n|move|p1b: Thundurus|Volt Switch|p2b: Gholdengo\n|-damage|p2b: Gholdengo|63\/100\n|\n|t:|1701084718\n|switch|p1b: Kermit the Frog|Politoed, F|100\/100|[from] Volt Switch\n|-weather|RainDance|[from] ability: Drizzle|[of] p1b: Kermit the Frog\n|move|p1a: Michael Phelps|Surf|p2b: Gholdengo|[spread] p1b,p2a,p2b\n|-resisted|p1b: Kermit the Frog\n|-supereffective|p2a: Glimmora\n|-damage|p1b: Kermit the Frog|75\/100\n|-enditem|p2a: Glimmora|Focus Sash\n|-damage|p2a: Glimmora|1\/100\n|-damage|p2b: Gholdengo|7\/100\n|-enditem|p1b: Kermit the Frog|Eject Button\n|\n|t:|1701084730\n|switch|p1b: James Murray|Goodra-Hisui, F|100\/100\n|move|p2b: Gholdengo|Shadow Ball|p1a: Michael Phelps\n|-supereffective|p1a: Michael Phelps\n|-damage|p1a: Michael Phelps|6\/100\n|-unboost|p1a: Michael Phelps|spd|1\n|move|p2a: Glimmora|Power Gem|p1b: James Murray\n|-resisted|p1b: James Murray\n|-damage|p1b: James Murray|88\/100\n|\n|-weather|RainDance|[upkeep]\n|upkeep\n|turn|2\n|c|\u2606Commander_Wolffy|wp\n|\n|t:|1701084753\n|switch|p2a: Ninetales|Ninetales-Alola, M|100\/100\n|-weather|Snow|[from] ability: Snow Warning|[of] p2a: Ninetales\n|move|p2b: Gholdengo|Shadow Ball|p1a: Michael Phelps\n|-supereffective|p1a: Michael Phelps\n|-damage|p1a: Michael Phelps|0 fnt\n|faint|p1a: Michael Phelps\n|move|p1b: James Murray|Acid Armor|p1b: James Murray\n|-boost|p1b: James Murray|def|2\n|\n|-weather|Snow|[upkeep]\n|upkeep\n|inactive|Elite.4.Challenger has 120 seconds left.\n|\n|t:|1701084772\n|switch|p1a: Kermit the Frog|Politoed, F|75\/100\n|-weather|RainDance|[from] ability: Drizzle|[of] p1a: Kermit the Frog\n|turn|3\n|\n|t:|1701084796\n|switch|p1a: Roaring Moon|Roaring Moon|100\/100\n|-enditem|p1a: Roaring Moon|Booster Energy\n|-activate|p1a: Roaring Moon|ability: Protosynthesis|[fromitem]\n|-start|p1a: Roaring Moon|protosynthesisatk\n|-terastallize|p2a: Ninetales|Water\n|move|p2a: Ninetales|Aurora Veil||[still]\n|-fail|p2a: Ninetales\n|move|p2b: Gholdengo|Thunderbolt|p1a: Roaring Moon\n|-resisted|p1a: Roaring Moon\n|-damage|p1a: Roaring Moon|86\/100\n|move|p1b: James Murray|Heavy Slam|p2b: Gholdengo\n|-resisted|p2b: Gholdengo\n|-damage|p2b: Gholdengo|0 fnt\n|faint|p2b: Gholdengo\n|\n|-weather|RainDance|[upkeep]\n|upkeep\n|\n|t:|1701084805\n|switch|p2b: Glimmora|Glimmora, M|1\/100\n|turn|4\n|inactive|Elite.4.Challenger has 120 seconds left.\n|\n|t:|1701084838\n|switch|p2a: Ogerpon|Ogerpon-Wellspring, F|100\/100\n|move|p1a: Roaring Moon|Tailwind|p1a: Roaring Moon\n|-sidestart|p1: Elite.4.Challenger|move: Tailwind\n|move|p2b: Glimmora|Earth Power|p1b: James Murray\n|-supereffective|p1b: James Murray\n|-damage|p1b: James Murray|49\/100\n|move|p1b: James Murray|Dragon Tail|p2a: Ogerpon\n|-damage|p2a: Ogerpon|75\/100\n|drag|p2a: Ninetales|Ninetales-Alola, M, tera:Water|100\/100\n|-weather|Snow|[from] ability: Snow Warning|[of] p2a: Ninetales\n|\n|-weather|Snow|[upkeep]\n|upkeep\n|turn|5\n|\n|t:|1701084863\n|switch|p1b: Kermit the Frog|Politoed, F|75\/100\n|-weather|RainDance|[from] ability: Drizzle|[of] p1b: Kermit the Frog\n|move|p1a: Roaring Moon|Knock Off|p2a: Ninetales\n|-damage|p2a: Ninetales|0 fnt\n|-enditem|p2a: Ninetales|Light Clay|[from] move: Knock Off|[of] p1a: Roaring Moon\n|faint|p2a: Ninetales\n|move|p2b: Glimmora|Earth Power|p1b: Kermit the Frog\n|-crit|p1b: Kermit the Frog\n|-damage|p1b: Kermit the Frog|41\/100\n|\n|-weather|RainDance|[upkeep]\n|upkeep\n|inactive|Commander_Wolffy has 120 seconds left.\n|c|\u2606Commander_Wolffy|no shot a not very effective  move just ko'd that\n|c|\u2606Commander_Wolffy|bruh\n|c|\u2606Elite.4.Challenger|482 attack\n|\n|t:|1701084909\n|switch|p2a: Ogerpon|Ogerpon-Wellspring, F|75\/100\n|turn|6\n|c|\u2606Commander_Wolffy|shouldnt mean shit\n|inactive|Elite.4.Challenger has 120 seconds left.\n|c|\u2606Elite.4.Challenger|knock off was a 130 base move bc of the item\n|\n|t:|1701084950\n|-terastallize|p1a: Roaring Moon|Flying\n|move|p1a: Roaring Moon|Acrobatics|p2a: Ogerpon\n|-supereffective|p2a: Ogerpon\n|-damage|p2a: Ogerpon|0 fnt\n|faint|p2a: Ogerpon\n|move|p1b: Kermit the Frog|Icy Wind|p2b: Glimmora\n|-damage|p2b: Glimmora|0 fnt\n|faint|p2b: Glimmora\n|\n|-weather|RainDance|[upkeep]\n|upkeep\n|c|\u2606Commander_Wolffy|thats so dumb\n|c|\u2606Elite.4.Challenger|ikr\n|c|\u2606Elite.4.Challenger|broken asl\n|c|\u2606Commander_Wolffy|since when does it have acro\n|c|\u2606Commander_Wolffy|ggs man\n|inactive|Commander_Wolffy has 90 seconds left.\n|c|\u2606Elite.4.Challenger|gg\n|c|\u2606Commander_Wolffy|thats not fair\n|c|\u2606Commander_Wolffy|ban that shit lol\n|c|\u2606Elite.4.Challenger|ong\n|\n|t:|1701084983\n|switch|p2a: Arcanine|Arcanine-Hisui, M|100\/100\n|switch|p2b: Kommo-o|Kommo-o, M|100\/100\n|-ability|p2a: Arcanine|Intimidate|boost\n|-unboost|p1a: Roaring Moon|atk|1\n|-unboost|p1b: Kermit the Frog|atk|1\n|turn|7\n|inactive|Commander_Wolffy has 90 seconds left.\n|\n|t:|1701085001\n|move|p2a: Arcanine|Extreme Speed|p1b: Kermit the Frog\n|-damage|p1b: Kermit the Frog|11\/100\n|move|p1a: Roaring Moon|Acrobatics|p2b: Kommo-o\n|-supereffective|p2b: Kommo-o\n|-damage|p2b: Kommo-o|0 fnt\n|faint|p2b: Kommo-o\n|move|p1b: Kermit the Frog|Surf|p2a: Arcanine|[spread] p1a,p2a\n|-crit|p1a: Roaring Moon\n|-supereffective|p2a: Arcanine\n|-damage|p1a: Roaring Moon|33\/100\n|-damage|p2a: Arcanine|0 fnt\n|faint|p2a: Arcanine\n|\n|win|Elite.4.Challenger\n|raw|Elite.4.Challenger's rating: 1330 &rarr; <strong>1356<\/strong><br \/>(+26 for winning)\n|raw|Commander_Wolffy's rating: 1434 &rarr; <strong>1408<\/strong><br \/>(-26 for losing)\n|l|\u2606Commander_Wolffy\n","uploadtime":1701085016,"views":6,"p1id":"elite4challenger","p2id":"commanderwolffy","formatid":"gen9doublesou","rating":1356,"private":0,"password":""}