{"id":"gen9doublesou-1972354341","p1":"Gungelix","p2":"lolk","format":"[Gen 9] Doubles OU","log":"|j|\u2606Gungelix\n|j|\u2606lolk\n|t:|1697834212\n|gametype|doubles\n|player|p1|Gungelix|veteran|1552\n|player|p2|lolk|petrel|1585\n|teamsize|p1|6\n|teamsize|p2|6\n|gen|9\n|tier|[Gen 9] Doubles OU\n|rated|\n|rule|Species Clause: Limit one of each Pok\u00e9mon\n|rule|OHKO Clause: OHKO moves are banned\n|rule|Evasion Moves Clause: Evasion moves are banned\n|rule|Gravity Sleep Clause: The combination of sleep-inducing moves with imperfect accuracy and Gravity or Gigantamax Orbeetle are banned\n|rule|Endless Battle Clause: Forcing endless battles is banned\n|rule|HP Percentage Mod: HP is shown in percentages\n|clearpoke\n|poke|p1|Chien-Pao|\n|poke|p1|Tornadus, M|\n|poke|p1|Chi-Yu|\n|poke|p1|Iron Hands|\n|poke|p1|Ogerpon-Wellspring, F|\n|poke|p1|Walking Wake|\n|poke|p2|Landorus-Therian, M|\n|poke|p2|Goodra-Hisui, M|\n|poke|p2|Tornadus, M|\n|poke|p2|Lilligant-Hisui, F|\n|poke|p2|Samurott-Hisui, F|\n|poke|p2|Munkidori, M|\n|teampreview\n|\n|t:|1697834233\n|start\n|switch|p1a: Tornadus|Tornadus, M|100\/100\n|switch|p1b: Walking Wake|Walking Wake|100\/100\n|switch|p2a: Munkidori|Munkidori, M|100\/100\n|switch|p2b: Landorus|Landorus-Therian, M|100\/100\n|-item|p1a: Tornadus|Mental Herb|[from] ability: Frisk|[of] p2a: Munkidori|[identify]\n|-item|p1b: Walking Wake|Life Orb|[from] ability: Frisk|[of] p2a: Munkidori|[identify]\n|-ability|p2b: Landorus|Intimidate|boost\n|-unboost|p1a: Tornadus|atk|1\n|-unboost|p1b: Walking Wake|atk|1\n|turn|1\n|\n|t:|1697834248\n|move|p1b: Walking Wake|Protect|p1b: Walking Wake\n|-singleturn|p1b: Walking Wake|Protect\n|move|p2a: Munkidori|Fake Out|p1b: Walking Wake\n|-activate|p1b: Walking Wake|move: Protect\n|move|p1a: Tornadus|Tailwind|p1a: Tornadus\n|-sidestart|p1: Gungelix|move: Tailwind\n|move|p2b: Landorus|Stealth Rock|p1b: Walking Wake\n|-sidestart|p1: Gungelix|move: Stealth Rock\n|\n|upkeep\n|turn|2\n|\n|t:|1697834266\n|switch|p2b: Goodra|Goodra-Hisui, M|100\/100\n|move|p2a: Munkidori|Protect|p2a: Munkidori\n|-singleturn|p2a: Munkidori|Protect\n|move|p1a: Tornadus|Sunny Day|p1a: Tornadus\n|-weather|SunnyDay\n|-activate|p1b: Walking Wake|ability: Protosynthesis\n|-start|p1b: Walking Wake|protosynthesisspa\n|move|p1b: Walking Wake|Hydro Steam|p2b: Goodra\n|-resisted|p2b: Goodra\n|-damage|p2b: Goodra|72\/100\n|-damage|p1b: Walking Wake|91\/100|[from] item: Life Orb\n|\n|-weather|SunnyDay|[upkeep]\n|-heal|p2b: Goodra|78\/100|[from] item: Leftovers\n|upkeep\n|turn|3\n|\n|t:|1697834289\n|move|p1a: Tornadus|Sunny Day||[still]\n|-fail|p1a: Tornadus\n|move|p1b: Walking Wake|Flamethrower|p2b: Goodra\n|-damage|p2b: Goodra|37\/100\n|-damage|p1b: Walking Wake|81\/100|[from] item: Life Orb\n|move|p2a: Munkidori|Sludge Bomb|p1a: Tornadus\n|-damage|p1a: Tornadus|50\/100\n|move|p2b: Goodra|Dragon Tail|p1b: Walking Wake\n|-supereffective|p1b: Walking Wake\n|-damage|p1b: Walking Wake|33\/100\n|-end|p1b: Walking Wake|Protosynthesis|[silent]\n|drag|p1b: Chi-Yu|Chi-Yu|100\/100\n|-damage|p1b: Chi-Yu|76\/100|[from] Stealth Rock\n|-ability|p1b: Chi-Yu|Beads of Ruin\n|\n|-weather|SunnyDay|[upkeep]\n|-heal|p2b: Goodra|43\/100|[from] item: Leftovers\n|upkeep\n|turn|4\n|c|\u2606Gungelix|bruh that is what I want to do\n|\n|t:|1697834356\n|move|p2a: Munkidori|Protect|p2a: Munkidori\n|-singleturn|p2a: Munkidori|Protect\n|move|p2b: Goodra|Protect|p2b: Goodra\n|-singleturn|p2b: Goodra|Protect\n|move|p1b: Chi-Yu|Heat Wave|p2b: Goodra|[spread] \n|-activate|p2a: Munkidori|move: Protect\n|-activate|p2b: Goodra|move: Protect\n|move|p1a: Tornadus|Bleakwind Storm|p2a: Munkidori|[spread] \n|-activate|p2a: Munkidori|move: Protect\n|-activate|p2b: Goodra|move: Protect\n|\n|-weather|SunnyDay|[upkeep]\n|-heal|p2b: Goodra|49\/100|[from] item: Leftovers\n|-sideend|p1: Gungelix|move: Tailwind\n|upkeep\n|turn|5\n|\n|t:|1697834382\n|move|p1a: Tornadus|Tailwind|p1a: Tornadus\n|-sidestart|p1: Gungelix|move: Tailwind\n|move|p1b: Chi-Yu|Heat Wave|p2a: Munkidori|[spread] p2a,p2b\n|-damage|p2a: Munkidori|0 fnt\n|-damage|p2b: Goodra|0 fnt\n|faint|p2a: Munkidori\n|faint|p2b: Goodra\n|\n|-weather|SunnyDay|[upkeep]\n|upkeep\n|\n|t:|1697834411\n|switch|p2a: Samurott|Samurott-Hisui, F|100\/100\n|switch|p2b: Landorus|Landorus-Therian, M|100\/100\n|-ability|p2b: Landorus|Intimidate|boost\n|-unboost|p1a: Tornadus|atk|1\n|-unboost|p1b: Chi-Yu|atk|1\n|turn|6\n|\n|t:|1697834447\n|-terastallize|p2b: Landorus|Water\n|move|p1b: Chi-Yu|Heat Wave|p2b: Landorus|[spread] p2a,p2b\n|-resisted|p2a: Samurott\n|-resisted|p2b: Landorus\n|-damage|p2a: Samurott|19\/100\n|-damage|p2b: Landorus|35\/100\n|move|p1a: Tornadus|Bleakwind Storm|p2a: Samurott|[spread] p2a,p2b\n|-damage|p2a: Samurott|0 fnt\n|-damage|p2b: Landorus|0 fnt\n|faint|p2a: Samurott\n|faint|p2b: Landorus\n|\n|-weather|none\n|upkeep\n|\n|t:|1697834459\n|switch|p2a: Tornadus|Tornadus, M|100\/100\n|switch|p2b: Lilligant|Lilligant-Hisui, F|100\/100\n|turn|7\n|c|\u2606Gungelix|bro it is broken\n|\n|t:|1697834497\n|-terastallize|p1b: Chi-Yu|Ghost\n|move|p1a: Tornadus|Sunny Day|p1a: Tornadus\n|-weather|SunnyDay\n|move|p2a: Tornadus|Tailwind|p2a: Tornadus\n|-sidestart|p2: lolk|move: Tailwind\n|move|p2b: Lilligant|Close Combat|p1b: Chi-Yu\n|-immune|p1b: Chi-Yu\n|move|p1b: Chi-Yu|Heat Wave|p2b: Lilligant|[spread] p2a,p2b\n|-supereffective|p2b: Lilligant\n|-damage|p2a: Tornadus|0 fnt\n|-damage|p2b: Lilligant|0 fnt\n|faint|p2a: Tornadus\n|faint|p2b: Lilligant\n|\n|win|Gungelix\n|raw|Gungelix's rating: 1552 &rarr; <strong>1574<\/strong><br \/>(+22 for winning)\n|raw|lolk's rating: 1585 &rarr; <strong>1563<\/strong><br \/>(-22 for losing)\n|l|\u2606lolk\n","uploadtime":1697834522,"views":19,"p1id":"gungelix","p2id":"lolk","formatid":"gen9doublesou","rating":1563,"private":0,"password":""}