{"id":"gen9doublesou-1969377284","p1":"fgdfgfthgr","p2":"Shadow Ballers","format":"[Gen 9] Doubles OU","log":"|j|\u2606fgdfgfthgr\n|j|\u2606Shadow Ballers\n|t:|1697522082\n|gametype|doubles\n|player|p1|fgdfgfthgr|scientist-gen4dp|1375\n|player|p2|Shadow Ballers|blaine|1305\n|teamsize|p1|6\n|teamsize|p2|6\n|gen|9\n|tier|[Gen 9] Doubles OU\n|rated|\n|rule|Species Clause: Limit one of each Pok\u00e9mon\n|rule|OHKO Clause: OHKO moves are banned\n|rule|Evasion Moves Clause: Evasion moves are banned\n|rule|Gravity Sleep Clause: The combination of sleep-inducing moves with imperfect accuracy and Gravity or Gigantamax Orbeetle are banned\n|rule|Endless Battle Clause: Forcing endless battles is banned\n|rule|HP Percentage Mod: HP is shown in percentages\n|clearpoke\n|poke|p1|Lilligant-Hisui, F|\n|poke|p1|Torkoal, M|\n|poke|p1|Golem-Alola, F|\n|poke|p1|Great Tusk|\n|poke|p1|Walking Wake|\n|poke|p1|Ogerpon-Hearthflame, F|\n|poke|p2|Weezing-Galar, F|\n|poke|p2|Typhlosion-Hisui, F|\n|poke|p2|Grimmsnarl, M|\n|poke|p2|Munkidori, M|\n|poke|p2|Ogerpon-Wellspring, F|\n|poke|p2|Cresselia, F|\n|teampreview\n|\n|t:|1697522098\n|start\n|switch|p1a: Lilligant|Lilligant-Hisui, F|100\/100\n|switch|p1b: Torkoal|Torkoal, M|100\/100\n|switch|p2a: Weezing|Weezing-Galar, F, shiny|100\/100\n|switch|p2b: Munkidori|Munkidori, M|100\/100\n|-ability|p2a: Weezing|Neutralizing Gas\n|-block|p2b: Munkidori|item: Ability Shield\n|-item|p1a: Lilligant|Focus Sash|[from] ability: Frisk|[of] p2b: Munkidori|[identify]\n|-item|p1b: Torkoal|Charcoal|[from] ability: Frisk|[of] p2b: Munkidori|[identify]\n|turn|1\n|\n|t:|1697522124\n|switch|p1a: Ogerpon|Ogerpon-Hearthflame, F|100\/100\n|move|p1b: Torkoal|Protect|p1b: Torkoal\n|-singleturn|p1b: Torkoal|Protect\n|move|p2b: Munkidori|Fake Out|p1a: Ogerpon\n|-damage|p1a: Ogerpon|90\/100\n|move|p2a: Weezing|Play Rough|p1a: Ogerpon\n|-resisted|p1a: Ogerpon\n|-crit|p1a: Ogerpon\n|-damage|p1a: Ogerpon|56\/100\n|\n|upkeep\n|turn|2\n|\n|t:|1697522144\n|move|p2a: Weezing|Play Rough|p1b: Torkoal\n|-resisted|p1b: Torkoal\n|-damage|p1b: Torkoal|88\/100\n|move|p1a: Ogerpon|Ivy Cudgel|p2b: Munkidori\n|-crit|p2b: Munkidori\n|-damage|p2b: Munkidori|0 fnt\n|faint|p2b: Munkidori\n|move|p1b: Torkoal|Eruption|p2a: Weezing\n|-damage|p2a: Weezing|0 fnt\n|faint|p2a: Weezing\n|-end|p2a: Weezing|ability: Neutralizing Gas\n|-ability|p1a: Ogerpon|Mold Breaker\n|-weather|SunnyDay|[from] ability: Drought|[of] p1b: Torkoal\n|\n|-weather|SunnyDay|[upkeep]\n|upkeep\n|\n|t:|1697522157\n|switch|p2b: Grimmsnarl|Grimmsnarl, M, shiny|100\/100\n|switch|p2a: Typhlosion|Typhlosion-Hisui, F, shiny|100\/100\n|-item|p1a: Ogerpon|Hearthflame Mask|[from] ability: Frisk|[of] p2a: Typhlosion|[identify]\n|-item|p1b: Torkoal|Charcoal|[from] ability: Frisk|[of] p2a: Typhlosion|[identify]\n|-item|p1a: Ogerpon|Hearthflame Mask|[from] ability: Frisk|[of] p2b: Grimmsnarl|[identify]\n|-item|p1b: Torkoal|Charcoal|[from] ability: Frisk|[of] p2b: Grimmsnarl|[identify]\n|turn|3\n|\n|t:|1697522169\n|move|p2b: Grimmsnarl|Fake Out|p1a: Ogerpon\n|-damage|p1a: Ogerpon|35\/100\n|cant|p1a: Ogerpon|flinch\n|move|p2a: Typhlosion|Eruption|p1b: Torkoal|[spread] p1a,p1b\n|-resisted|p1b: Torkoal\n|-damage|p1a: Ogerpon|0 fnt\n|-damage|p1b: Torkoal|32\/100\n|faint|p1a: Ogerpon\n|move|p1b: Torkoal|Fire Blast|p2a: Typhlosion\n|-resisted|p2a: Typhlosion\n|-damage|p2a: Typhlosion|47\/100\n|\n|-weather|SunnyDay|[upkeep]\n|upkeep\n|\n|t:|1697522178\n|switch|p1a: Walking Wake|Walking Wake|100\/100\n|-activate|p1a: Walking Wake|ability: Protosynthesis\n|-start|p1a: Walking Wake|protosynthesisspe\n|turn|4\n|\n|t:|1697522190\n|move|p2b: Grimmsnarl|Sucker Punch|p1a: Walking Wake\n|-damage|p1a: Walking Wake|63\/100\n|move|p1a: Walking Wake|Hydro Steam|p2a: Typhlosion\n|-supereffective|p2a: Typhlosion\n|-damage|p2a: Typhlosion|0 fnt\n|faint|p2a: Typhlosion\n|-damage|p1a: Walking Wake|53\/100|[from] item: Life Orb\n|move|p1b: Torkoal|Fire Blast|p2b: Grimmsnarl\n|-damage|p2b: Grimmsnarl|2\/100\n|\n|-weather|SunnyDay|[upkeep]\n|upkeep\n|\n|t:|1697522199\n|switch|p2a: Cresselia|Cresselia, F, shiny|100\/100\n|turn|5\n|\n|t:|1697522208\n|move|p2b: Grimmsnarl|Sucker Punch||[still]\n|-fail|p2b: Grimmsnarl\n|move|p2a: Cresselia|Lunar Blessing|p2a: Cresselia|[spread] p2a,p2b\n|-heal|p2b: Grimmsnarl|27\/100\n|move|p1b: Torkoal|Fire Blast|p2b: Grimmsnarl\n|-damage|p2b: Grimmsnarl|0 fnt\n|faint|p2b: Grimmsnarl\n|move|p1a: Walking Wake|Roar|p2a: Cresselia\n|drag|p2a: Ogerpon|Ogerpon-Wellspring, F|100\/100\n|\n|-weather|SunnyDay|[upkeep]\n|upkeep\n|\n|t:|1697522234\n|switch|p2b: Cresselia|Cresselia, F, shiny|100\/100\n|turn|6\n|\n|t:|1697522247\n|-terastallize|p2a: Ogerpon|Water\n|detailschange|p2a: Ogerpon|Ogerpon-Wellspring-Tera, F, tera:Water\n|-ability|p2a: Ogerpon|Embody Aspect (Wellspring)|boost\n|-boost|p2a: Ogerpon|spd|1\n|move|p1a: Walking Wake|Flamethrower|p2a: Ogerpon\n|-resisted|p2a: Ogerpon\n|-damage|p2a: Ogerpon|77\/100\n|-damage|p1a: Walking Wake|43\/100|[from] item: Life Orb\n|move|p2a: Ogerpon|Ivy Cudgel|p1b: Torkoal\n|-supereffective|p1b: Torkoal\n|-damage|p1b: Torkoal|0 fnt\n|faint|p1b: Torkoal\n|move|p2b: Cresselia|Moonblast|p1a: Walking Wake\n|-supereffective|p1a: Walking Wake\n|-damage|p1a: Walking Wake|0 fnt\n|faint|p1a: Walking Wake\n|-end|p1a: Walking Wake|Protosynthesis|[silent]\n|\n|-weather|none\n|upkeep\n|\n|t:|1697522259\n|switch|p1a: Golem|Golem-Alola, F|100\/100\n|switch|p1b: Great Tusk|Great Tusk|100\/100\n|turn|7\n|\n|t:|1697522276\n|move|p2a: Ogerpon|Spiky Shield|p2a: Ogerpon\n|-singleturn|p2a: Ogerpon|move: Protect\n|move|p1b: Great Tusk|Ice Spinner|p2b: Cresselia\n|-damage|p2b: Cresselia|79\/100\n|move|p2b: Cresselia|Moonblast|p1b: Great Tusk\n|-supereffective|p1b: Great Tusk\n|-damage|p1b: Great Tusk|54\/100\n|move|p1a: Golem|Explosion|p2a: Ogerpon|[spread] p2b\n|-activate|p2a: Ogerpon|move: Protect\n|-immune|p1b: Great Tusk\n|-damage|p2b: Cresselia|0 fnt\n|faint|p1a: Golem\n|faint|p2b: Cresselia\n|\n|upkeep\n|\n|t:|1697522288\n|switch|p1a: Lilligant|Lilligant-Hisui, F|100\/100\n|turn|8\n|\n|t:|1697522297\n|move|p1a: Lilligant|Solar Blade||[still]\n|-prepare|p1a: Lilligant|Solar Blade\n|move|p2a: Ogerpon|Horn Leech|p1b: Great Tusk\n|-supereffective|p1b: Great Tusk\n|-damage|p1b: Great Tusk|0 fnt\n|-heal|p2a: Ogerpon|100\/100|[from] drain|[of] p1b: Great Tusk\n|faint|p1b: Great Tusk\n|-end|p1b: Great Tusk|Protosynthesis|[silent]\n|\n|upkeep\n|turn|9\n|\n|t:|1697522306\n|move|p2a: Ogerpon|Spiky Shield|p2a: Ogerpon\n|-singleturn|p2a: Ogerpon|move: Protect\n|move|p1a: Lilligant|Solar Blade|p2a: Ogerpon|[from]lockedmove\n|-activate|p2a: Ogerpon|move: Protect\n|-damage|p1a: Lilligant|88\/100|[from] Spiky Shield|[of] p2a: Ogerpon\n|\n|upkeep\n|turn|10\n|c|\u2606fgdfgfthgr|GG\n|c|\u2606fgdfgfthgr|oh wait\n|c|\u2606fgdfgfthgr|oh no\n|\n|t:|1697522319\n|-terastallize|p1a: Lilligant|Ground\n|move|p1a: Lilligant|Close Combat|p2a: Ogerpon\n|-damage|p2a: Ogerpon|34\/100\n|-unboost|p1a: Lilligant|def|1\n|-unboost|p1a: Lilligant|spd|1\n|move|p2a: Ogerpon|Ivy Cudgel|p1a: Lilligant\n|-supereffective|p1a: Lilligant\n|-damage|p1a: Lilligant|0 fnt\n|faint|p1a: Lilligant\n|\n|win|Shadow Ballers\n|raw|fgdfgfthgr's rating: 1375 &rarr; <strong>1351<\/strong><br \/>(-24 for losing)\n|raw|Shadow Ballers's rating: 1305 &rarr; <strong>1329<\/strong><br \/>(+24 for winning)\n|c|\u2606Shadow Ballers|:)\n|c|\u2606Shadow Ballers|Gg\n|l|\u2606fgdfgfthgr\n|c|\u2606Shadow Ballers|That was fun\n","uploadtime":1697522350,"views":20,"p1id":"fgdfgfthgr","p2id":"shadowballers","formatid":"gen9doublesou","rating":1329,"private":0,"password":""}