{"id":"gen9doublesou-1977017160","p1":"Blu3per","p2":"Ghastlypixie","format":"[Gen 9] Doubles OU","log":"|j|\u2606Blu3per\n|j|\u2606Ghastlypixie\n|t:|1698362235\n|gametype|doubles\n|player|p1|Blu3per|170|1170\n|player|p2|Ghastlypixie|plasmagruntf|1272\n|teamsize|p1|6\n|teamsize|p2|6\n|gen|9\n|tier|[Gen 9] Doubles OU\n|rated|\n|rule|Species Clause: Limit one of each Pok\u00e9mon\n|rule|OHKO Clause: OHKO moves are banned\n|rule|Evasion Moves Clause: Evasion moves are banned\n|rule|Gravity Sleep Clause: The combination of sleep-inducing moves with imperfect accuracy and Gravity or Gigantamax Orbeetle are banned\n|rule|Endless Battle Clause: Forcing endless battles is banned\n|rule|HP Percentage Mod: HP is shown in percentages\n|clearpoke\n|poke|p1|Gliscor, F|\n|poke|p1|Sneasler, F|\n|poke|p1|Chandelure, M|\n|poke|p1|Blissey, F|\n|poke|p1|Ogerpon-Hearthflame, F|\n|poke|p1|Walking Wake|\n|poke|p2|Gothitelle, F|\n|poke|p2|Clefairy, F|\n|poke|p2|Flutter Mane|\n|poke|p2|Fezandipiti, M|\n|poke|p2|Arcanine-Hisui, F|\n|poke|p2|Iron Hands|\n|teampreview\n|inactive|Battle timer is ON: inactive players will automatically lose when time's up. (requested by Ghastlypixie)\n|\n|t:|1698362257\n|start\n|switch|p1a: Sneasler|Sneasler, F|100\/100\n|switch|p1b: Chandelure|Chandelure, M|100\/100\n|switch|p2a: Fezandipiti|Fezandipiti, M|100\/100\n|switch|p2b: Iron Hands|Iron Hands, shiny|100\/100\n|turn|1\n|\n|t:|1698362291\n|move|p1a: Sneasler|Fake Out|p2b: Iron Hands\n|-damage|p2b: Iron Hands|89\/100\n|-damage|p1a: Sneasler|91\/100|[from] item: Life Orb\n|cant|p2b: Iron Hands|flinch\n|move|p2a: Fezandipiti|Icy Wind|p1b: Chandelure|[spread] p1a,p1b\n|-resisted|p1b: Chandelure\n|-damage|p1a: Sneasler|80\/100\n|-damage|p1b: Chandelure|94\/100\n|-unboost|p1a: Sneasler|spe|1\n|-unboost|p1b: Chandelure|spe|1\n|-status|p1b: Chandelure|tox|[from] ability: Toxic Chain|[of] p2a: Fezandipiti\n|move|p1b: Chandelure|Fire Blast|p2a: Fezandipiti|[miss]\n|-miss|p1b: Chandelure|p2a: Fezandipiti\n|\n|-damage|p1b: Chandelure|87\/100 tox|[from] psn\n|upkeep\n|turn|2\n|\n|t:|1698362315\n|move|p2a: Fezandipiti|Venoshock|p1b: Chandelure\n|-resisted|p1b: Chandelure\n|-damage|p1b: Chandelure|57\/100 tox\n|move|p1a: Sneasler|Dire Claw|p2a: Fezandipiti\n|-damage|p2a: Fezandipiti|39\/100\n|-status|p2a: Fezandipiti|par\n|-damage|p1a: Sneasler|70\/100|[from] item: Life Orb\n|move|p1b: Chandelure|Shadow Ball|p2a: Fezandipiti\n|-damage|p2a: Fezandipiti|0 fnt\n|faint|p2a: Fezandipiti\n|move|p2b: Iron Hands|Wild Charge|p1a: Sneasler\n|-damage|p1a: Sneasler|0 fnt\n|faint|p1a: Sneasler\n|-damage|p2b: Iron Hands|78\/100|[from] Recoil\n|\n|-damage|p1b: Chandelure|45\/100 tox|[from] psn\n|upkeep\n|\n|t:|1698362332\n|switch|p1a: Gliscor|Gliscor, F|100\/100\n|switch|p2a: Clefairy|Clefairy, F|100\/100\n|turn|3\n|\n|t:|1698362361\n|move|p1a: Gliscor|Earthquake|p2b: Iron Hands|[spread] p1b,p2a,p2b\n|-supereffective|p1b: Chandelure\n|-supereffective|p2b: Iron Hands\n|-damage|p1b: Chandelure|0 fnt\n|-damage|p2a: Clefairy|66\/100\n|-damage|p2b: Iron Hands|50\/100\n|faint|p1b: Chandelure\n|move|p2b: Iron Hands|Ice Punch|p1a: Gliscor\n|-supereffective|p1a: Gliscor\n|-damage|p1a: Gliscor|10\/100\n|move|p2a: Clefairy|Life Dew|p2a: Clefairy|[spread] p2a,p2b\n|-heal|p2a: Clefairy|91\/100\n|-heal|p2b: Iron Hands|75\/100\n|\n|-status|p1a: Gliscor|tox|[from] item: Toxic Orb\n|upkeep\n|inactive|Blu3per has 120 seconds left.\n|\n|t:|1698362380\n|switch|p1b: Ogerpon|Ogerpon-Hearthflame, F|100\/100\n|-ability|p1b: Ogerpon|Mold Breaker\n|turn|4\n|\n|t:|1698362400\n|-terastallize|p1b: Ogerpon|Fire\n|detailschange|p1b: Ogerpon|Ogerpon-Hearthflame-Tera, F, tera:Fire\n|-ability|p1b: Ogerpon|Embody Aspect (Hearthflame)|boost\n|-boost|p1b: Ogerpon|atk|1\n|move|p2a: Clefairy|Follow Me|p2a: Clefairy\n|-singleturn|p2a: Clefairy|move: Follow Me\n|move|p1b: Ogerpon|Ivy Cudgel|p2a: Clefairy\n|-damage|p2a: Clefairy|0 fnt\n|faint|p2a: Clefairy\n|move|p1a: Gliscor|Knock Off|p2b: Iron Hands\n|-resisted|p2b: Iron Hands\n|-damage|p2b: Iron Hands|67\/100\n|-enditem|p2b: Iron Hands|Assault Vest|[from] move: Knock Off|[of] p1a: Gliscor\n|move|p2b: Iron Hands|Drain Punch|p1b: Ogerpon\n|-damage|p1b: Ogerpon|52\/100\n|-heal|p2b: Iron Hands|83\/100|[from] drain|[of] p1b: Ogerpon\n|\n|-heal|p1a: Gliscor|22\/100 tox|[from] ability: Poison Heal\n|upkeep\n|\n|t:|1698362420\n|switch|p2a: Flutter Mane|Flutter Mane|100\/100\n|turn|5\n|\n|t:|1698362433\n|move|p2a: Flutter Mane|Shadow Ball|p1b: Ogerpon\n|-damage|p1b: Ogerpon|0 fnt\n|faint|p1b: Ogerpon\n|move|p1a: Gliscor|Knock Off|p2a: Flutter Mane\n|-damage|p2a: Flutter Mane|42\/100\n|-enditem|p2a: Flutter Mane|Choice Specs|[from] move: Knock Off|[of] p1a: Gliscor\n|move|p2b: Iron Hands|Wild Charge|p1a: Gliscor\n|-immune|p1a: Gliscor\n|\n|-heal|p1a: Gliscor|35\/100 tox|[from] ability: Poison Heal\n|upkeep\n|\n|t:|1698362443\n|switch|p1b: Blissey|Blissey, F|100\/100\n|turn|6\n|\n|t:|1698362462\n|move|p2a: Flutter Mane|Moonblast|p1a: Gliscor\n|-damage|p1a: Gliscor|0 fnt\n|faint|p1a: Gliscor\n|move|p1b: Blissey|Heal Pulse|p1: Gliscor|[notarget]\n|-fail|p1b: Blissey\n|move|p2b: Iron Hands|Drain Punch|p1b: Blissey\n|-supereffective|p1b: Blissey\n|-damage|p1b: Blissey|0 fnt\n|-heal|p2b: Iron Hands|100\/100|[from] drain|[of] p1b: Blissey\n|faint|p1b: Blissey\n|\n|upkeep\n|\n|t:|1698362471\n|switch|p1a: Walking Wake|Walking Wake|100\/100\n|turn|7\n|\n|t:|1698362484\n|-terastallize|p2a: Flutter Mane|Fairy\n|move|p2a: Flutter Mane|Moonblast|p1a: Walking Wake\n|-supereffective|p1a: Walking Wake\n|-damage|p1a: Walking Wake|0 fnt\n|faint|p1a: Walking Wake\n|-end|p1a: Walking Wake|Protosynthesis|[silent]\n|\n|win|Ghastlypixie\n|raw|Blu3per's rating: 1170 &rarr; <strong>1152<\/strong><br \/>(-18 for losing)\n|raw|Ghastlypixie's rating: 1272 &rarr; <strong>1290<\/strong><br \/>(+18 for winning)\n|l|\u2606Blu3per\n","uploadtime":1698362493,"views":27,"p1id":"blu3per","p2id":"ghastlypixie","formatid":"gen9doublesou","rating":1152,"private":0,"password":""}