{"id":"gen9doublesou-1989292270","p1":"I like Glaceon yay","p2":"Daxten02","format":"[Gen 9] Doubles OU","log":"|j|\u2606I like Glaceon yay\n|j|\u2606Daxten02\n|t:|1699832711\n|gametype|doubles\n|player|p1|I like Glaceon yay|pokekid|1164\n|player|p2|Daxten02|drayden|1278\n|teamsize|p1|6\n|teamsize|p2|6\n|gen|9\n|tier|[Gen 9] Doubles OU\n|rated|\n|rule|Species Clause: Limit one of each Pok\u00e9mon\n|rule|OHKO Clause: OHKO moves are banned\n|rule|Evasion Moves Clause: Evasion moves are banned\n|rule|Gravity Sleep Clause: The combination of sleep-inducing moves with imperfect accuracy and Gravity or Gigantamax Orbeetle are banned\n|rule|Endless Battle Clause: Forcing endless battles is banned\n|rule|HP Percentage Mod: HP is shown in percentages\n|clearpoke\n|poke|p1|Greninja-*, M|\n|poke|p1|Basculegion-F, F|\n|poke|p1|Ogerpon-Wellspring, F|\n|poke|p1|Ursaluna-Bloodmoon, M|\n|poke|p1|Glaceon, F|\n|poke|p1|Gholdengo|\n|poke|p2|Ursaluna, F|\n|poke|p2|Sinistcha|\n|poke|p2|Regidrago|\n|poke|p2|Scream Tail|\n|poke|p2|Clefairy, F|\n|poke|p2|Grimmsnarl, M|\n|teampreview\n|inactive|Battle timer is ON: inactive players will automatically lose when time's up. (requested by Daxten02)\n|\n|t:|1699832729\n|start\n|switch|p1a: this is shiny?|Gholdengo, shiny|100\/100\n|switch|p1b: I like this|Glaceon, F, shiny|100\/100\n|switch|p2a: Ursaluna|Ursaluna, F, shiny|100\/100\n|switch|p2b: Grimmsnarl|Grimmsnarl, M|100\/100\n|-ability|p2a: Ursaluna|Unnerve\n|turn|1\n|\n|t:|1699832751\n|move|p2b: Grimmsnarl|Light Screen|p2b: Grimmsnarl\n|-sidestart|p2: Daxten02|move: Light Screen\n|move|p1a: this is shiny?|Make It Rain|p2a: Ursaluna|[spread] p2a,p2b\n|-supereffective|p2b: Grimmsnarl\n|-damage|p2a: Ursaluna|62\/100\n|-damage|p2b: Grimmsnarl|33\/100\n|-unboost|p1a: this is shiny?|spa|1\n|move|p1b: I like this|Blizzard|p2a: Ursaluna|[spread] p2a,p2b\n|-supereffective|p2a: Ursaluna\n|-damage|p2a: Ursaluna|0 fnt\n|-damage|p2b: Grimmsnarl|0 fnt\n|faint|p2a: Ursaluna\n|faint|p2b: Grimmsnarl\n|\n|upkeep\n|inactive|Daxten02 has 120 seconds left.\n|inactive|Daxten02 has 90 seconds left.\n|\n|t:|1699832796\n|switch|p2b: Scream Tail|Scream Tail|100\/100\n|switch|p2a: Regidrago|Regidrago|100\/100\n|turn|2\n|\n|t:|1699832820\n|-terastallize|p2a: Regidrago|Steel\n|move|p2b: Scream Tail|Disable|p1b: I like this\n|-start|p1b: I like this|Disable|Blizzard\n|move|p1a: this is shiny?|Make It Rain|p2a: Regidrago|[spread] p2a,p2b\n|-resisted|p2a: Regidrago\n|-supereffective|p2b: Scream Tail\n|-damage|p2a: Regidrago|85\/100\n|-damage|p2b: Scream Tail|52\/100\n|-unboost|p1a: this is shiny?|spa|1\n|move|p2a: Regidrago|Dragon Energy|p1b: I like this|[spread] p1a,p1b\n|-resisted|p1a: this is shiny?\n|-crit|p1b: I like this\n|-damage|p1a: this is shiny?|56\/100\n|-damage|p1b: I like this|0 fnt\n|faint|p1b: I like this\n|\n|upkeep\n|\n|t:|1699832832\n|switch|p1b: Angry boi|Ursaluna-Bloodmoon, M|100\/100\n|turn|3\n|inactive|Daxten02 has 120 seconds left.\n|inactive|Daxten02 has 90 seconds left.\n|\n|t:|1699832868\n|-end|p2b: Scream Tail|Protosynthesis|[silent]\n|switch|p2b: Sinistcha|Sinistcha|100\/100\n|-heal|p2a: Regidrago|100\/100|[from] ability: Hospitality|[of] p2b: Sinistcha\n|switch|p1a: Looks sad|Ogerpon-Wellspring, F|100\/100\n|move|p2a: Regidrago|Protect|p2a: Regidrago\n|-singleturn|p2a: Regidrago|Protect\n|move|p1b: Angry boi|Blood Moon|p2a: Regidrago\n|-activate|p2a: Regidrago|move: Protect\n|\n|upkeep\n|turn|4\n|\n|t:|1699832890\n|move|p2b: Sinistcha|Rage Powder|p2b: Sinistcha\n|-singleturn|p2b: Sinistcha|move: Rage Powder\n|move|p1a: Looks sad|Leech Seed|p2b: Sinistcha\n|-immune|p2b: Sinistcha\n|move|p2a: Regidrago|Dragon Energy|p1a: Looks sad|[spread] p1a,p1b\n|-damage|p1a: Looks sad|19\/100\n|-damage|p1b: Angry boi|0 fnt\n|faint|p1b: Angry boi\n|\n|upkeep\n|\n|t:|1699832899\n|switch|p1b: this is shiny?|Gholdengo, shiny|56\/100\n|turn|5\n|inactive|Daxten02 has 120 seconds left.\n|\n|t:|1699832907\n|move|p1a: Looks sad|Spiky Shield|p1a: Looks sad\n|-singleturn|p1a: Looks sad|move: Protect\n|move|p2a: Regidrago|Protect|p2a: Regidrago\n|-singleturn|p2a: Regidrago|Protect\n|move|p1b: this is shiny?|Make It Rain|p2b: Sinistcha|[spread] p2b\n|-activate|p2a: Regidrago|move: Protect\n|-damage|p2b: Sinistcha|47\/100\n|-unboost|p1b: this is shiny?|spa|1\n|move|p2b: Sinistcha|Trick Room|p2b: Sinistcha\n|-fieldstart|move: Trick Room|[of] p2b: Sinistcha\n|\n|-heal|p2b: Sinistcha|53\/100|[from] item: Leftovers\n|upkeep\n|turn|6\n|inactive|Daxten02 has 120 seconds left.\n|inactive|I like Glaceon yay has 120 seconds left.\n|\n|t:|1699832942\n|switch|p1b: Long tongue|Greninja, M|100\/100\n|move|p2b: Sinistcha|Matcha Gotcha|p1a: Looks sad|[spread] p1a,p1b\n|-supereffective|p1b: Long tongue\n|-damage|p1a: Looks sad|0 fnt\n|-heal|p2b: Sinistcha|63\/100|[from] drain|[of] p1a: Looks sad\n|-damage|p1b: Long tongue|27\/100\n|-heal|p2b: Sinistcha|93\/100|[from] drain|[of] p1b: Long tongue\n|faint|p1a: Looks sad\n|move|p2a: Regidrago|Dragon Energy|p1b: Long tongue\n|-damage|p1b: Long tongue|0 fnt\n|faint|p1b: Long tongue\n|\n|-heal|p2b: Sinistcha|99\/100|[from] item: Leftovers\n|upkeep\n|inactive|I like Glaceon yay has 120 seconds left.\n|\n|t:|1699832947\n|switch|p1a: New thing :)|Basculegion-F, F, shiny|100\/100\n|switch|p1b: this is shiny?|Gholdengo, shiny|56\/100\n|turn|7\n|\n|t:|1699832967\n|-terastallize|p1a: New thing :)|Fairy\n|move|p2b: Sinistcha|Rage Powder|p2b: Sinistcha\n|-singleturn|p2b: Sinistcha|move: Rage Powder\n|move|p1a: New thing :)|Last Respects|p2b: Sinistcha\n|-supereffective|p2b: Sinistcha\n|-crit|p2b: Sinistcha\n|-damage|p2b: Sinistcha|0 fnt\n|faint|p2b: Sinistcha\n|move|p2a: Regidrago|Dragon Energy|p1b: this is shiny?|[spread] p1b\n|-immune|p1a: New thing :)\n|-resisted|p1b: this is shiny?\n|-damage|p1b: this is shiny?|8\/100\n|move|p1b: this is shiny?|Make It Rain|p2a: Regidrago\n|-resisted|p2a: Regidrago\n|-damage|p2a: Regidrago|66\/100\n|-unboost|p1b: this is shiny?|spa|1\n|\n|upkeep\n|inactive|Daxten02 has 120 seconds left.\n|\n|t:|1699832995\n|switch|p2b: Clefairy|Clefairy, F|100\/100\n|turn|8\n|\n|t:|1699833009\n|move|p2b: Clefairy|Follow Me|p2b: Clefairy\n|-singleturn|p2b: Clefairy|move: Follow Me\n|move|p1a: New thing :)|Last Respects|p2b: Clefairy\n|-damage|p2b: Clefairy|0 fnt\n|faint|p2b: Clefairy\n|move|p2a: Regidrago|Tera Blast|p1a: New thing :)|[anim] Tera Blast Steel\n|-supereffective|p1a: New thing :)\n|-damage|p1a: New thing :)|23\/100\n|move|p1b: this is shiny?|Make It Rain|p2a: Regidrago\n|-resisted|p2a: Regidrago\n|-damage|p2a: Regidrago|42\/100\n|-unboost|p1b: this is shiny?|spa|1\n|\n|-sideend|p2: Daxten02|move: Light Screen\n|upkeep\n|inactive|Daxten02 has 120 seconds left.\n|\n|t:|1699833024\n|switch|p2b: Scream Tail|Scream Tail|52\/100\n|turn|9\n|\n|t:|1699833031\n|move|p2a: Regidrago|Protect|p2a: Regidrago\n|-singleturn|p2a: Regidrago|Protect\n|move|p1a: New thing :)|Last Respects|p2a: Regidrago\n|-activate|p2a: Regidrago|move: Protect\n|move|p1b: this is shiny?|Make It Rain|p2b: Scream Tail|[spread] p2b\n|-activate|p2a: Regidrago|move: Protect\n|-supereffective|p2b: Scream Tail\n|-damage|p2b: Scream Tail|0 fnt\n|-unboost|p1b: this is shiny?|spa|1\n|faint|p2b: Scream Tail\n|-end|p2b: Scream Tail|Protosynthesis|[silent]\n|\n|-fieldend|move: Trick Room\n|upkeep\n|turn|10\n|\n|t:|1699833048\n|move|p1b: this is shiny?|Make It Rain|p2a: Regidrago\n|-resisted|p2a: Regidrago\n|-damage|p2a: Regidrago|21\/100\n|-unboost|p1b: this is shiny?|spa|1\n|move|p2a: Regidrago|Tera Blast|p1a: New thing :)|[anim] Tera Blast Steel\n|-supereffective|p1a: New thing :)\n|-crit|p1a: New thing :)\n|-damage|p1a: New thing :)|0 fnt\n|faint|p1a: New thing :)\n|\n|upkeep\n|turn|11\n|\n|t:|1699833061\n|move|p1b: this is shiny?|Make It Rain|p2a: Regidrago\n|-resisted|p2a: Regidrago\n|-damage|p2a: Regidrago|3\/100\n|-unboost|p1b: this is shiny?|spa|1\n|move|p2a: Regidrago|Earth Power|p1b: this is shiny?\n|-supereffective|p1b: this is shiny?\n|-damage|p1b: this is shiny?|0 fnt\n|faint|p1b: this is shiny?\n|\n|win|Daxten02\n|raw|I like Glaceon yay's rating: 1164 &rarr; <strong>1147<\/strong><br \/>(-17 for losing)\n|raw|Daxten02's rating: 1278 &rarr; <strong>1295<\/strong><br \/>(+17 for winning)\n|c|\u2606Daxten02|Gg\n|c|\u2606I like Glaceon yay|\u2026\n|c|\u2606I like Glaceon yay|gg\n|l|\u2606I like Glaceon yay\n","uploadtime":1699833104,"views":7,"p1id":"ilikeglaceonyay","p2id":"daxten02","formatid":"gen9doublesou","rating":1147,"private":0,"password":""}