{"id":"gen9doublesou-1999083851","p1":"Adonexx","p2":"vegetasfeet","format":"[Gen 9] Doubles OU","log":"|j|\u2606Adonexx\n|j|\u2606vegetasfeet\n|t:|1701031415\n|gametype|doubles\n|player|p1|Adonexx|parasollady|1193\n|player|p2|vegetasfeet|brycen|1327\n|teamsize|p1|6\n|teamsize|p2|6\n|gen|9\n|tier|[Gen 9] Doubles OU\n|rated|\n|rule|Species Clause: Limit one of each Pok\u00e9mon\n|rule|OHKO Clause: OHKO moves are banned\n|rule|Evasion Moves Clause: Evasion moves are banned\n|rule|Gravity Sleep Clause: The combination of sleep-inducing moves with imperfect accuracy and Gravity or Gigantamax Orbeetle are banned\n|rule|Endless Battle Clause: Forcing endless battles is banned\n|rule|HP Percentage Mod: HP is shown in percentages\n|clearpoke\n|poke|p1|Skeledirge, M|\n|poke|p1|Oranguru, M|\n|poke|p1|Florges, F|\n|poke|p1|Amoonguss, M|\n|poke|p1|Armarouge, F|\n|poke|p1|Corviknight, M|\n|poke|p2|Scizor, M|\n|poke|p2|Tornadus, M|\n|poke|p2|Chien-Pao|\n|poke|p2|Iron Hands|\n|poke|p2|Volcanion|\n|poke|p2|Great Tusk|\n|teampreview\n|inactive|Battle timer is ON: inactive players will automatically lose when time's up. (requested by Adonexx)\n|\n|t:|1701031439\n|start\n|switch|p1a: Skeledirge|Skeledirge, M|100\/100\n|switch|p1b: Oranguru|Oranguru, M|100\/100\n|switch|p2a: Iggy Azalea|Chien-Pao|100\/100\n|switch|p2b: Kawhi Leonard|Scizor, M|100\/100\n|-ability|p2a: Iggy Azalea|Sword of Ruin\n|turn|1\n|\n|t:|1701031450\n|move|p2a: Iggy Azalea|Throat Chop|p1b: Oranguru\n|-supereffective|p1b: Oranguru\n|-damage|p1b: Oranguru|0 fnt\n|faint|p1b: Oranguru\n|-damage|p2a: Iggy Azalea|91\/100|[from] item: Life Orb\n|move|p1a: Skeledirge|Torch Song|p2b: Kawhi Leonard\n|-supereffective|p2b: Kawhi Leonard\n|-damage|p2b: Kawhi Leonard|0 fnt\n|-boost|p1a: Skeledirge|spa|1\n|faint|p2b: Kawhi Leonard\n|-enditem|p1a: Skeledirge|Throat Spray\n|-boost|p1a: Skeledirge|spa|1|[from] item: Throat Spray\n|\n|upkeep\n|\n|t:|1701031466\n|switch|p2b: YN Jay|Tornadus, M|100\/100\n|switch|p1b: Corviknight|Corviknight, M|100\/100\n|turn|2\n|\n|t:|1701031486\n|move|p2b: YN Jay|Tailwind|p2b: YN Jay\n|-sidestart|p2: vegetasfeet|move: Tailwind\n|move|p2a: Iggy Azalea|Throat Chop|p1a: Skeledirge\n|-supereffective|p1a: Skeledirge\n|-damage|p1a: Skeledirge|0 fnt\n|faint|p1a: Skeledirge\n|-damage|p2a: Iggy Azalea|81\/100|[from] item: Life Orb\n|move|p1b: Corviknight|Bulk Up|p1b: Corviknight\n|-boost|p1b: Corviknight|atk|1\n|-boost|p1b: Corviknight|def|1\n|\n|upkeep\n|\n|t:|1701031493\n|switch|p1a: Florges|Florges, F|100\/100\n|turn|3\n|\n|t:|1701031512\n|move|p2a: Iggy Azalea|Throat Chop|p1b: Corviknight\n|-damage|p1b: Corviknight|70\/100\n|-start|p1b: Corviknight|Throat Chop|[silent]\n|-damage|p2a: Iggy Azalea|71\/100|[from] item: Life Orb\n|move|p2b: YN Jay|Bleakwind Storm|p1b: Corviknight|[spread] \n|-miss|p2b: YN Jay|p1a: Florges\n|-miss|p2b: YN Jay|p1b: Corviknight\n|move|p1b: Corviknight|Bulk Up|p1b: Corviknight\n|-boost|p1b: Corviknight|atk|1\n|-boost|p1b: Corviknight|def|1\n|move|p1a: Florges|Trick|p2a: Iggy Azalea\n|-activate|p1a: Florges|move: Trick|[of] p2a: Iggy Azalea\n|-item|p2a: Iggy Azalea|Throat Spray|[from] move: Trick\n|-item|p1a: Florges|Life Orb|[from] move: Trick\n|\n|-heal|p1b: Corviknight|76\/100|[from] item: Leftovers\n|upkeep\n|turn|4\n|inactive|Adonexx has 120 seconds left.\n|\n|t:|1701031544\n|move|p2b: YN Jay|Protect|p2b: YN Jay\n|-singleturn|p2b: YN Jay|Protect\n|move|p2a: Iggy Azalea|Ice Spinner|p1b: Corviknight\n|-damage|p1b: Corviknight|56\/100\n|move|p1b: Corviknight|Body Press|p2a: Iggy Azalea\n|-supereffective|p2a: Iggy Azalea\n|-damage|p2a: Iggy Azalea|0 fnt\n|faint|p2a: Iggy Azalea\n|move|p1a: Florges|Trick|p1b: Corviknight\n|-activate|p1a: Florges|move: Trick|[of] p1b: Corviknight\n|-item|p1b: Corviknight|Life Orb|[from] move: Trick\n|-item|p1a: Florges|Leftovers|[from] move: Trick\n|\n|-end|p1b: Corviknight|Throat Chop|[silent]\n|upkeep\n|inactive|vegetasfeet has 120 seconds left.\n|\n|t:|1701031559\n|switch|p2a: Volcanion|Volcanion|100\/100\n|turn|5\n|\n|t:|1701031569\n|switch|p2b: Great Tusk|Great Tusk|100\/100\n|-terastallize|p1b: Corviknight|Fighting\n|move|p2a: Volcanion|Heat Wave|p1b: Corviknight|[spread] p1a,p1b\n|-damage|p1a: Florges|72\/100\n|-damage|p1b: Corviknight|24\/100\n|move|p1b: Corviknight|Body Press|p2a: Volcanion\n|-damage|p2a: Volcanion|29\/100\n|-damage|p1b: Corviknight|14\/100|[from] item: Life Orb\n|move|p1a: Florges|Pollen Puff|p1b: Corviknight\n|-heal|p1b: Corviknight|64\/100\n|\n|-heal|p2a: Volcanion|35\/100|[from] item: Leftovers\n|-heal|p1a: Florges|78\/100|[from] item: Leftovers\n|-sideend|p2: vegetasfeet|move: Tailwind\n|upkeep\n|turn|6\n|\n|t:|1701031598\n|-terastallize|p2b: Great Tusk|Ground\n|move|p2b: Great Tusk|Headlong Rush|p1b: Corviknight\n|-damage|p1b: Corviknight|38\/100\n|-unboost|p2b: Great Tusk|def|1\n|-unboost|p2b: Great Tusk|spd|1\n|move|p2a: Volcanion|Steam Eruption|p1b: Corviknight\n|-damage|p1b: Corviknight|0 fnt\n|faint|p1b: Corviknight\n|move|p1a: Florges|Pollen Puff|p1: Corviknight|[notarget]\n|-fail|p1a: Florges\n|\n|-heal|p2a: Volcanion|41\/100|[from] item: Leftovers\n|-heal|p1a: Florges|84\/100|[from] item: Leftovers\n|upkeep\n|inactive|Adonexx has 120 seconds left.\n|\n|t:|1701031611\n|switch|p1b: Amoonguss|Amoonguss, M|100\/100\n|turn|7\n|-message|Adonexx forfeited.\n|\n|win|vegetasfeet\n|raw|Adonexx's rating: 1193 &rarr; <strong>1177<\/strong><br \/>(-16 for losing)\n|raw|vegetasfeet's rating: 1327 &rarr; <strong>1340<\/strong><br \/>(+13 for winning)\n|l|\u2606Adonexx\n","uploadtime":1701031629,"views":6,"p1id":"adonexx","p2id":"vegetasfeet","formatid":"gen9doublesou","rating":1177,"private":0,"password":""}