{"id":"gen9doublesou-2000368798","p1":"Goldenboi5","p2":"Albanian Ash","format":"[Gen 9] Doubles OU","log":"|j|\u2606Goldenboi5\n|j|\u2606Albanian Ash\n|t:|1701188957\n|gametype|doubles\n|player|p1|Goldenboi5|ethan|1156\n|player|p2|Albanian Ash|nate|1268\n|teamsize|p1|6\n|teamsize|p2|6\n|gen|9\n|tier|[Gen 9] Doubles OU\n|rated|\n|rule|Species Clause: Limit one of each Pok\u00e9mon\n|rule|OHKO Clause: OHKO moves are banned\n|rule|Evasion Moves Clause: Evasion moves are banned\n|rule|Gravity Sleep Clause: The combination of sleep-inducing moves with imperfect accuracy and Gravity or Gigantamax Orbeetle are banned\n|rule|Endless Battle Clause: Forcing endless battles is banned\n|rule|HP Percentage Mod: HP is shown in percentages\n|clearpoke\n|poke|p1|Palafin, F|\n|poke|p1|Pelipper, M|\n|poke|p1|Grimmsnarl, M|\n|poke|p1|Wo-Chien|\n|poke|p1|Goodra, F|\n|poke|p1|Tauros-Paldea-Aqua, M|\n|poke|p2|Chien-Pao|\n|poke|p2|Ninetales-Alola, M|\n|poke|p2|Abomasnow, F|\n|poke|p2|Iron Bundle|\n|poke|p2|Baxcalibur, M|\n|poke|p2|Cetitan, M|\n|teampreview\n|inactive|Battle timer is ON: inactive players will automatically lose when time's up. (requested by Albanian Ash)\n|\n|t:|1701188967\n|start\n|switch|p1a: Green Goblin|Grimmsnarl, M|100\/100\n|switch|p1b: Vaquita|Palafin, F, shiny|100\/100\n|switch|p2a: Iron Bundle|Iron Bundle|100\/100\n|switch|p2b: Ninetales|Ninetales-Alola, M|100\/100\n|-weather|Snow|[from] ability: Snow Warning|[of] p2b: Ninetales\n|-enditem|p2a: Iron Bundle|Booster Energy\n|-activate|p2a: Iron Bundle|ability: Quark Drive|[fromitem]\n|-start|p2a: Iron Bundle|quarkdrivespe\n|turn|1\n|c|\u2606Goldenboi5|Respect the mono type\n|c|\u2606Albanian Ash|tyty\n|\n|t:|1701188991\n|move|p1a: Green Goblin|Taunt|p2b: Ninetales\n|-start|p2b: Ninetales|move: Taunt\n|move|p2a: Iron Bundle|Freeze-Dry|p1b: Vaquita\n|-supereffective|p1b: Vaquita\n|-damage|p1b: Vaquita|2\/100\n|cant|p2b: Ninetales|move: Taunt|Aurora Veil\n|move|p1b: Vaquita|Drain Punch|p2a: Iron Bundle\n|-supereffective|p2a: Iron Bundle\n|-damage|p2a: Iron Bundle|61\/100\n|-heal|p1b: Vaquita|17\/100|[from] drain|[of] p2a: Iron Bundle\n|-damage|p1b: Vaquita|7\/100|[from] item: Life Orb\n|\n|-weather|Snow|[upkeep]\n|upkeep\n|turn|2\n|inactive|Goldenboi5 has 120 seconds left.\n|\n|t:|1701189031\n|detailschange|p1b: Vaquita|Palafin-Hero, F, shiny\n|switch|p1b: Snail Mail|Wo-Chien|100\/100\n|-ability|p1b: Snail Mail|Tablets of Ruin\n|move|p1a: Green Goblin|Light Screen|p1a: Green Goblin\n|-sidestart|p1: Goldenboi5|move: Light Screen\n|move|p2a: Iron Bundle|Icy Wind|p1b: Snail Mail|[spread] p1a,p1b\n|-supereffective|p1b: Snail Mail\n|-damage|p1a: Green Goblin|90\/100\n|-damage|p1b: Snail Mail|81\/100\n|-unboost|p1a: Green Goblin|spe|1\n|-unboost|p1b: Snail Mail|spe|1\n|move|p2b: Ninetales|Moonblast|p1a: Green Goblin\n|-supereffective|p1a: Green Goblin\n|-crit|p1a: Green Goblin\n|-damage|p1a: Green Goblin|9\/100\n|-unboost|p1a: Green Goblin|spa|1\n|\n|-weather|Snow|[upkeep]\n|-heal|p1b: Snail Mail|87\/100|[from] item: Leftovers\n|upkeep\n|turn|3\n|inactive|Goldenboi5 has 120 seconds left.\n|inactive|Goldenboi5 has 90 seconds left.\n|\n|t:|1701189082\n|switch|p1a: Nigel|Pelipper, M, shiny|100\/100\n|-weather|RainDance|[from] ability: Drizzle|[of] p1a: Nigel\n|move|p2a: Iron Bundle|Icy Wind|p1a: Nigel|[spread] p1a,p1b\n|-supereffective|p1b: Snail Mail\n|-damage|p1a: Nigel|81\/100\n|-damage|p1b: Snail Mail|68\/100\n|-unboost|p1a: Nigel|spe|1\n|-unboost|p1b: Snail Mail|spe|1\n|move|p2b: Ninetales|Moonblast|p1a: Nigel\n|-damage|p1a: Nigel|48\/100\n|move|p1b: Snail Mail|Giga Drain|p2a: Iron Bundle\n|-supereffective|p2a: Iron Bundle\n|-crit|p2a: Iron Bundle\n|-damage|p2a: Iron Bundle|0 fnt\n|-heal|p1b: Snail Mail|92\/100|[from] drain|[of] p2a: Iron Bundle\n|faint|p2a: Iron Bundle\n|-end|p2a: Iron Bundle|Quark Drive|[silent]\n|\n|-weather|RainDance|[upkeep]\n|-heal|p1b: Snail Mail|98\/100|[from] item: Leftovers\n|-end|p2b: Ninetales|move: Taunt\n|upkeep\n|inactive|Albanian Ash has 120 seconds left.\n|\n|t:|1701189099\n|switch|p2a: Cetitan|Cetitan, M|100\/100\n|turn|4\n|inactive|Goldenboi5 has 90 seconds left.\n|\n|t:|1701189126\n|-terastallize|p2a: Cetitan|Water\n|move|p2b: Ninetales|Freeze-Dry|p1a: Nigel\n|-supereffective|p1a: Nigel\n|-damage|p1a: Nigel|0 fnt\n|faint|p1a: Nigel\n|move|p2a: Cetitan|Belly Drum|p2a: Cetitan\n|-damage|p2a: Cetitan|50\/100\n|-setboost|p2a: Cetitan|atk|6|[from] move: Belly Drum\n|-enditem|p2a: Cetitan|Sitrus Berry|[eat]\n|-heal|p2a: Cetitan|75\/100|[from] item: Sitrus Berry\n|move|p1b: Snail Mail|Knock Off|p2a: Cetitan\n|-damage|p2a: Cetitan|56\/100\n|\n|-weather|RainDance|[upkeep]\n|-heal|p1b: Snail Mail|100\/100|[from] item: Leftovers\n|upkeep\n|inactive|Goldenboi5 has 90 seconds left.\n|\n|t:|1701189148\n|switch|p1a: Green Goblin|Grimmsnarl, M|9\/100\n|turn|5\n|\n|t:|1701189160\n|move|p2a: Cetitan|Ice Shard|p1b: Snail Mail\n|-supereffective|p1b: Snail Mail\n|-damage|p1b: Snail Mail|6\/100\n|move|p1a: Green Goblin|Reflect|p1a: Green Goblin\n|-sidestart|p1: Goldenboi5|Reflect\n|move|p2b: Ninetales|Moonblast|p1a: Green Goblin\n|-supereffective|p1a: Green Goblin\n|-damage|p1a: Green Goblin|0 fnt\n|faint|p1a: Green Goblin\n|move|p1b: Snail Mail|Giga Drain|p2a: Cetitan\n|-supereffective|p2a: Cetitan\n|-damage|p2a: Cetitan|0 fnt\n|-heal|p1b: Snail Mail|50\/100|[from] drain|[of] p2a: Cetitan\n|faint|p2a: Cetitan\n|\n|-weather|RainDance|[upkeep]\n|-heal|p1b: Snail Mail|56\/100|[from] item: Leftovers\n|upkeep\n|\n|t:|1701189190\n|switch|p2a: Chien-Pao|Chien-Pao|100\/100\n|switch|p1a: Vaquita|Palafin-Hero, F, shiny|7\/100\n|-ability|p2a: Chien-Pao|Sword of Ruin\n|-activate|p1a: Vaquita|ability: Zero to Hero\n|turn|6\n|\n|t:|1701189211\n|switch|p2b: Abomasnow|Abomasnow, F|100\/100\n|move|p2a: Chien-Pao|Sucker Punch|p1a: Vaquita\n|-damage|p1a: Vaquita|0 fnt\n|faint|p1a: Vaquita\n|move|p1b: Snail Mail|Knock Off|p2a: Chien-Pao\n|-resisted|p2a: Chien-Pao\n|-damage|p2a: Chien-Pao|81\/100\n|-enditem|p2a: Chien-Pao|Focus Sash|[from] move: Knock Off|[of] p1b: Snail Mail\n|\n|-weather|RainDance|[upkeep]\n|-heal|p1b: Snail Mail|62\/100|[from] item: Leftovers\n|upkeep\n|inactive|Goldenboi5 has 90 seconds left.\n|\n|t:|1701189241\n|switch|p1a: Mochi|Goodra, F, shiny|100\/100\n|turn|7\n|inactive|Goldenboi5 has 90 seconds left.\n|\n|t:|1701189259\n|-terastallize|p1a: Mochi|Water\n|move|p2a: Chien-Pao|Protect|p2a: Chien-Pao\n|-singleturn|p2a: Chien-Pao|Protect\n|move|p1a: Mochi|Sludge Bomb|p2b: Abomasnow\n|-supereffective|p2b: Abomasnow\n|-damage|p2b: Abomasnow|68\/100\n|move|p2b: Abomasnow|Ice Beam|p1a: Mochi\n|-resisted|p1a: Mochi\n|-damage|p1a: Mochi|92\/100\n|move|p1b: Snail Mail|Giga Drain|p2a: Chien-Pao\n|-activate|p2a: Chien-Pao|move: Protect\n|\n|-weather|RainDance|[upkeep]\n|-heal|p1b: Snail Mail|68\/100|[from] item: Leftovers\n|upkeep\n|turn|8\n|inactive|Goldenboi5 has 90 seconds left.\n|\n|t:|1701189293\n|move|p2a: Chien-Pao|Sacred Sword|p1b: Snail Mail\n|-supereffective|p1b: Snail Mail\n|-damage|p1b: Snail Mail|33\/100\n|move|p1a: Mochi|Sludge Bomb|p2b: Abomasnow\n|-supereffective|p2b: Abomasnow\n|-crit|p2b: Abomasnow\n|-damage|p2b: Abomasnow|24\/100\n|-status|p2b: Abomasnow|psn\n|move|p2b: Abomasnow|Giga Drain|p1a: Mochi\n|-ability|p1a: Mochi|Sap Sipper|boost\n|-boost|p1a: Mochi|atk|1\n|move|p1b: Snail Mail|Giga Drain|p2a: Chien-Pao\n|-damage|p2a: Chien-Pao|43\/100\n|-heal|p1b: Snail Mail|51\/100|[from] drain|[of] p2a: Chien-Pao\n|\n|-weather|RainDance|[upkeep]\n|-heal|p1b: Snail Mail|57\/100|[from] item: Leftovers\n|-damage|p2b: Abomasnow|12\/100 psn|[from] psn\n|upkeep\n|turn|9\n|\n|t:|1701189320\n|move|p1b: Snail Mail|Protect|p1b: Snail Mail\n|-singleturn|p1b: Snail Mail|Protect\n|move|p2a: Chien-Pao|Ice Spinner|p1b: Snail Mail\n|-activate|p1b: Snail Mail|move: Protect\n|move|p1a: Mochi|Surf|p2a: Chien-Pao|[spread] p2a,p2b\n|-activate|p1b: Snail Mail|move: Protect\n|-resisted|p2b: Abomasnow\n|-damage|p2a: Chien-Pao|0 fnt\n|-damage|p2b: Abomasnow|0 fnt\n|faint|p2a: Chien-Pao\n|faint|p2b: Abomasnow\n|\n|-weather|RainDance|[upkeep]\n|-heal|p1b: Snail Mail|63\/100|[from] item: Leftovers\n|-sideend|p1: Goldenboi5|move: Light Screen\n|upkeep\n|\n|t:|1701189323\n|switch|p2a: Ninetales|Ninetales-Alola, M|100\/100\n|switch|p2b: Baxcalibur|Baxcalibur, M|100\/100\n|-weather|Snow|[from] ability: Snow Warning|[of] p2a: Ninetales\n|turn|10\n|inactive|Goldenboi5 has 120 seconds left.\n|\n|t:|1701189346\n|move|p2a: Ninetales|Aurora Veil|p2a: Ninetales\n|-sidestart|p2: Albanian Ash|move: Aurora Veil\n|move|p2b: Baxcalibur|Dragon Dance|p2b: Baxcalibur\n|-boost|p2b: Baxcalibur|atk|1\n|-boost|p2b: Baxcalibur|spe|1\n|move|p1a: Mochi|Sludge Bomb|p2a: Ninetales\n|-supereffective|p2a: Ninetales\n|-damage|p2a: Ninetales|64\/100\n|move|p1b: Snail Mail|Knock Off|p2b: Baxcalibur\n|-damage|p2b: Baxcalibur|89\/100\n|-enditem|p2b: Baxcalibur|Loaded Dice|[from] move: Knock Off|[of] p1b: Snail Mail\n|\n|-weather|Snow|[upkeep]\n|-heal|p1b: Snail Mail|69\/100|[from] item: Leftovers\n|upkeep\n|turn|11\n|inactive|Goldenboi5 has 120 seconds left.\n|\n|t:|1701189372\n|move|p2b: Baxcalibur|Dragon Claw|p1a: Mochi\n|-damage|p1a: Mochi|61\/100\n|move|p2a: Ninetales|Freeze-Dry|p1a: Mochi\n|-supereffective|p1a: Mochi\n|-damage|p1a: Mochi|24\/100\n|-enditem|p1a: Mochi|Iapapa Berry|[eat]\n|-heal|p1a: Mochi|58\/100|[from] item: Iapapa Berry\n|move|p1a: Mochi|Dragon Pulse|p2b: Baxcalibur\n|-supereffective|p2b: Baxcalibur\n|-damage|p2b: Baxcalibur|47\/100\n|move|p1b: Snail Mail|Ruination|p2b: Baxcalibur\n|-damage|p2b: Baxcalibur|24\/100\n|\n|-weather|Snow|[upkeep]\n|-heal|p1b: Snail Mail|75\/100|[from] item: Leftovers\n|upkeep\n|turn|12\n|inactive|Goldenboi5 has 120 seconds left.\n|\n|t:|1701189390\n|move|p2b: Baxcalibur|Dragon Claw|p1a: Mochi\n|-crit|p1a: Mochi\n|-damage|p1a: Mochi|0 fnt\n|faint|p1a: Mochi\n|move|p2a: Ninetales|Freeze-Dry|p1b: Snail Mail\n|-supereffective|p1b: Snail Mail\n|-damage|p1b: Snail Mail|38\/100\n|move|p1b: Snail Mail|Giga Drain|p2a: Ninetales\n|-crit|p2a: Ninetales\n|-damage|p2a: Ninetales|17\/100\n|-heal|p1b: Snail Mail|60\/100|[from] drain|[of] p2a: Ninetales\n|\n|-weather|Snow|[upkeep]\n|-heal|p1b: Snail Mail|66\/100|[from] item: Leftovers\n|-sideend|p1: Goldenboi5|Reflect\n|upkeep\n|inactive|Goldenboi5 has 120 seconds left.\n|c|\u2606Goldenboi5|Crit City rn\n|\n|t:|1701189408\n|switch|p1a: USS Ohio|Tauros-Paldea-Aqua, M|100\/100\n|-ability|p1a: USS Ohio|Intimidate|boost\n|-unboost|p2a: Ninetales|atk|1\n|-unboost|p2b: Baxcalibur|atk|1\n|turn|13\n|\n|t:|1701189421\n|move|p1a: USS Ohio|Iron Head|p2b: Baxcalibur\n|-supereffective|p2b: Baxcalibur\n|-damage|p2b: Baxcalibur|6\/100\n|cant|p2b: Baxcalibur|flinch\n|move|p2a: Ninetales|Moonblast|p1a: USS Ohio\n|-supereffective|p1a: USS Ohio\n|-damage|p1a: USS Ohio|0 fnt\n|faint|p1a: USS Ohio\n|move|p1b: Snail Mail|Giga Drain|p2a: Ninetales\n|-damage|p2a: Ninetales|0 fnt\n|-heal|p1b: Snail Mail|73\/100|[from] drain|[of] p2a: Ninetales\n|faint|p2a: Ninetales\n|\n|-weather|Snow|[upkeep]\n|-heal|p1b: Snail Mail|80\/100|[from] item: Leftovers\n|upkeep\n|turn|14\n|\n|t:|1701189441\n|move|p2b: Baxcalibur|Icicle Spear|p1b: Snail Mail\n|-supereffective|p1b: Snail Mail\n|-damage|p1b: Snail Mail|60\/100\n|-supereffective|p1b: Snail Mail\n|-damage|p1b: Snail Mail|44\/100\n|-supereffective|p1b: Snail Mail\n|-crit|p1b: Snail Mail\n|-damage|p1b: Snail Mail|19\/100\n|-supereffective|p1b: Snail Mail\n|-damage|p1b: Snail Mail|3\/100\n|-hitcount|p1b: Snail Mail|4\n|move|p1b: Snail Mail|Giga Drain|p2b: Baxcalibur\n|-resisted|p2b: Baxcalibur\n|-damage|p2b: Baxcalibur|0 fnt\n|-heal|p1b: Snail Mail|6\/100|[from] drain|[of] p2b: Baxcalibur\n|faint|p2b: Baxcalibur\n|\n|win|Goldenboi5\n|raw|Goldenboi5's rating: 1156 &rarr; <strong>1189<\/strong><br \/>(+33 for winning)\n|raw|Albanian Ash's rating: 1268 &rarr; <strong>1235<\/strong><br \/>(-33 for losing)\n|c|\u2606Goldenboi5|Gg\n|l|\u2606Albanian Ash\n","uploadtime":1701189457,"views":4,"p1id":"goldenboi5","p2id":"albanianash","formatid":"gen9doublesou","rating":1189,"private":0,"password":""}