{"id":"gen9doublesou-1978318601","p1":"hank7601","p2":"cotesmcgotes","format":"[Gen 9] Doubles OU","log":"|j|\u2606hank7601\n|j|\u2606cotesmcgotes\n|t:|1698524564\n|gametype|doubles\n|player|p1|hank7601|102|1498\n|player|p2|cotesmcgotes|flannery|1429\n|teamsize|p1|6\n|teamsize|p2|6\n|gen|9\n|tier|[Gen 9] Doubles OU\n|rated|\n|rule|Species Clause: Limit one of each Pok\u00e9mon\n|rule|OHKO Clause: OHKO moves are banned\n|rule|Evasion Moves Clause: Evasion moves are banned\n|rule|Gravity Sleep Clause: The combination of sleep-inducing moves with imperfect accuracy and Gravity or Gigantamax Orbeetle are banned\n|rule|Endless Battle Clause: Forcing endless battles is banned\n|rule|HP Percentage Mod: HP is shown in percentages\n|clearpoke\n|poke|p1|Fezandipiti, M|\n|poke|p1|Glimmora, F|\n|poke|p1|Goodra-Hisui, F|\n|poke|p1|Ogerpon-Hearthflame, F|\n|poke|p1|Garganacl, F|\n|poke|p1|Clefable, M|\n|poke|p2|Ninetales-Alola, M|\n|poke|p2|Froslass, F|\n|poke|p2|Mamoswine, F|\n|poke|p2|Tornadus, M|\n|poke|p2|Cetitan, M|\n|poke|p2|Chien-Pao|\n|teampreview\n|\n|t:|1698524580\n|start\n|switch|p1a: Glimmora|Glimmora, F|100\/100\n|switch|p1b: Goodra|Goodra-Hisui, F|100\/100\n|switch|p2a: Tornadus|Tornadus, M|100\/100\n|switch|p2b: Mamoswine|Mamoswine, F|100\/100\n|turn|1\n|inactive|Battle timer is ON: inactive players will automatically lose when time's up. (requested by cotesmcgotes)\n|\n|t:|1698524590\n|move|p2a: Tornadus|Snowscape|p2a: Tornadus\n|-weather|Snow\n|move|p2b: Mamoswine|High Horsepower|p1a: Glimmora\n|-supereffective|p1a: Glimmora\n|-crit|p1a: Glimmora\n|-damage|p1a: Glimmora|0 fnt\n|-activate|p1a: Glimmora|ability: Toxic Debris\n|-sidestart|p2: cotesmcgotes|move: Toxic Spikes\n|faint|p1a: Glimmora\n|move|p1b: Goodra|Curse|p1b: Goodra\n|-unboost|p1b: Goodra|spe|1\n|-boost|p1b: Goodra|atk|1\n|-boost|p1b: Goodra|def|1\n|\n|-weather|Snow|[upkeep]\n|upkeep\n|\n|t:|1698524602\n|switch|p1a: Clefable|Clefable, M|100\/100\n|turn|2\n|\n|t:|1698524608\n|move|p2a: Tornadus|Taunt|p1a: Clefable\n|-start|p1a: Clefable|move: Taunt\n|move|p2b: Mamoswine|High Horsepower|p1b: Goodra\n|-supereffective|p1b: Goodra\n|-damage|p1b: Goodra|45\/100\n|cant|p1a: Clefable|move: Taunt|Cosmic Power\n|move|p1b: Goodra|Curse|p1b: Goodra\n|-unboost|p1b: Goodra|spe|1\n|-boost|p1b: Goodra|atk|1\n|-boost|p1b: Goodra|def|1\n|\n|-weather|Snow|[upkeep]\n|-heal|p1b: Goodra|51\/100|[from] item: Leftovers\n|upkeep\n|turn|3\n|\n|t:|1698524627\n|-terastallize|p2b: Mamoswine|Ground\n|move|p1b: Goodra|Protect|p1b: Goodra\n|-singleturn|p1b: Goodra|Protect\n|move|p2a: Tornadus|Taunt|p1b: Goodra\n|-activate|p1b: Goodra|move: Protect\n|move|p2b: Mamoswine|High Horsepower|p1b: Goodra\n|-activate|p1b: Goodra|move: Protect\n|move|p1a: Clefable|Moonblast|p2a: Tornadus\n|-damage|p2a: Tornadus|77\/100\n|\n|-weather|Snow|[upkeep]\n|-heal|p1b: Goodra|58\/100|[from] item: Leftovers\n|upkeep\n|turn|4\n|\n|t:|1698524651\n|-terastallize|p1b: Goodra|Fairy\n|move|p2a: Tornadus|Taunt|p1b: Goodra\n|-start|p1b: Goodra|move: Taunt\n|move|p2b: Mamoswine|High Horsepower|p1b: Goodra\n|-damage|p1b: Goodra|28\/100\n|move|p1a: Clefable|Moonblast|p2a: Tornadus\n|-damage|p2a: Tornadus|51\/100\n|move|p1b: Goodra|Body Press|p2b: Mamoswine|[miss]\n|-miss|p1b: Goodra|p2b: Mamoswine\n|\n|-weather|Snow|[upkeep]\n|-heal|p1b: Goodra|34\/100|[from] item: Leftovers\n|-end|p1a: Clefable|move: Taunt\n|upkeep\n|turn|5\n|inactive|cotesmcgotes has 120 seconds left.\n|\n|t:|1698524682\n|switch|p2b: Froslass|Froslass, F|100\/100\n|-status|p2b: Froslass|psn\n|move|p2a: Tornadus|Taunt|p1a: Clefable\n|-start|p1a: Clefable|move: Taunt\n|cant|p1a: Clefable|move: Taunt|Wish\n|move|p1b: Goodra|Body Press|p2b: Froslass\n|-immune|p2b: Froslass\n|\n|-weather|Snow|[upkeep]\n|-heal|p1b: Goodra|40\/100|[from] item: Leftovers\n|-damage|p2b: Froslass|88\/100 psn|[from] psn\n|upkeep\n|turn|6\n|\n|t:|1698524704\n|switch|p1a: Fezandipiti|Fezandipiti, M|100\/100\n|move|p2b: Froslass|Blizzard|p1b: Goodra|[spread] p1a,p1b\n|-damage|p1a: Fezandipiti|75\/100\n|-damage|p1b: Goodra|23\/100\n|move|p2a: Tornadus|Icy Wind|p1b: Goodra|[spread] p1a,p1b\n|-damage|p1a: Fezandipiti|66\/100\n|-damage|p1b: Goodra|16\/100\n|-unboost|p1a: Fezandipiti|spe|1\n|-unboost|p1b: Goodra|spe|1\n|move|p1b: Goodra|Heavy Slam|p2a: Tornadus\n|-damage|p2a: Tornadus|0 fnt\n|faint|p2a: Tornadus\n|\n|-weather|Snow|[upkeep]\n|-heal|p1a: Fezandipiti|72\/100|[from] item: Leftovers\n|-heal|p1b: Goodra|22\/100|[from] item: Leftovers\n|-damage|p2b: Froslass|76\/100 psn|[from] psn\n|-end|p1b: Goodra|move: Taunt\n|upkeep\n|inactive|cotesmcgotes has 120 seconds left.\n|\n|t:|1698524726\n|switch|p2a: Cetitan|Cetitan, M|100\/100\n|-status|p2a: Cetitan|psn\n|turn|7\n|\n|t:|1698524740\n|move|p2a: Cetitan|Facade|p1a: Fezandipiti\n|-damage|p1a: Fezandipiti|21\/100\n|move|p2b: Froslass|Aurora Veil|p2b: Froslass\n|-sidestart|p2: cotesmcgotes|move: Aurora Veil\n|move|p1a: Fezandipiti|Hex|p2b: Froslass|[miss]\n|-miss|p1a: Fezandipiti|p2b: Froslass\n|move|p1b: Goodra|Body Press|p2a: Cetitan\n|-supereffective|p2a: Cetitan\n|-damage|p2a: Cetitan|64\/100 psn\n|\n|-weather|Snow|[upkeep]\n|-heal|p1a: Fezandipiti|27\/100|[from] item: Leftovers\n|-heal|p1b: Goodra|28\/100|[from] item: Leftovers\n|-damage|p2a: Cetitan|52\/100 psn|[from] psn\n|-damage|p2b: Froslass|63\/100 psn|[from] psn\n|upkeep\n|turn|8\n|\n|t:|1698524765\n|switch|p1a: Garganacl|Garganacl, F|100\/100\n|move|p1b: Goodra|Protect|p1b: Goodra\n|-singleturn|p1b: Goodra|Protect\n|move|p2a: Cetitan|Facade|p1a: Garganacl\n|-resisted|p1a: Garganacl\n|-damage|p1a: Garganacl|84\/100\n|-damage|p2a: Cetitan|35\/100 psn|[from] item: Rocky Helmet|[of] p1a: Garganacl\n|move|p2b: Froslass|Thunder Wave|p1b: Goodra\n|-activate|p1b: Goodra|move: Protect\n|\n|-weather|none\n|-heal|p1b: Goodra|34\/100|[from] item: Leftovers\n|-damage|p2a: Cetitan|23\/100 psn|[from] psn\n|-damage|p2b: Froslass|51\/100 psn|[from] psn\n|upkeep\n|turn|9\n|\n|t:|1698524782\n|switch|p2b: Ninetales|Ninetales-Alola, M|100\/100\n|-status|p2b: Ninetales|psn\n|-weather|Snow|[from] ability: Snow Warning|[of] p2b: Ninetales\n|move|p2a: Cetitan|Liquidation|p1a: Garganacl\n|-supereffective|p1a: Garganacl\n|-damage|p1a: Garganacl|48\/100\n|-unboost|p1a: Garganacl|def|1\n|-damage|p2a: Cetitan|7\/100 psn|[from] item: Rocky Helmet|[of] p1a: Garganacl\n|move|p1a: Garganacl|Salt Cure|p2a: Cetitan\n|-supereffective|p2a: Cetitan\n|-damage|p2a: Cetitan|0 fnt\n|faint|p2a: Cetitan\n|move|p1b: Goodra|Heavy Slam|p2b: Ninetales\n|-supereffective|p2b: Ninetales\n|-damage|p2b: Ninetales|0 fnt\n|faint|p2b: Ninetales\n|\n|-weather|Snow|[upkeep]\n|-heal|p1b: Goodra|40\/100|[from] item: Leftovers\n|upkeep\n|\n|t:|1698524800\n|switch|p2b: Froslass|Froslass, F|51\/100 psn\n|switch|p2a: Mamoswine|Mamoswine, F, tera:Ground|100\/100\n|-status|p2a: Mamoswine|psn\n|turn|10\n|\n|t:|1698524818\n|switch|p1a: Clefable|Clefable, M|100\/100\n|move|p2b: Froslass|Thunder Wave|p1b: Goodra\n|-status|p1b: Goodra|par\n|move|p2a: Mamoswine|High Horsepower|p1a: Clefable\n|-damage|p1a: Clefable|28\/100\n|move|p1b: Goodra|Heavy Slam|p2b: Froslass\n|-supereffective|p2b: Froslass\n|-damage|p2b: Froslass|0 fnt\n|faint|p2b: Froslass\n|\n|-weather|Snow|[upkeep]\n|-heal|p1a: Clefable|34\/100|[from] item: Leftovers\n|-heal|p1b: Goodra|47\/100 par|[from] item: Leftovers\n|-damage|p2a: Mamoswine|88\/100 psn|[from] psn\n|upkeep\n|\n|t:|1698524827\n|switch|p2b: Chien-Pao|Chien-Pao|100\/100\n|-status|p2b: Chien-Pao|psn\n|-ability|p2b: Chien-Pao|Sword of Ruin\n|turn|11\n|\n|t:|1698524840\n|move|p2b: Chien-Pao|Ice Spinner|p1a: Clefable\n|-damage|p1a: Clefable|0 fnt\n|faint|p1a: Clefable\n|move|p2a: Mamoswine|High Horsepower|p1b: Goodra\n|-damage|p1b: Goodra|7\/100 par\n|cant|p1b: Goodra|par\n|\n|-weather|Snow|[upkeep]\n|-heal|p1b: Goodra|13\/100 par|[from] item: Leftovers\n|-damage|p2b: Chien-Pao|88\/100 psn|[from] psn\n|-damage|p2a: Mamoswine|76\/100 psn|[from] psn\n|-sideend|p2: cotesmcgotes|move: Aurora Veil\n|upkeep\n|\n|t:|1698524850\n|switch|p1a: Garganacl|Garganacl, F|48\/100\n|turn|12\n|\n|t:|1698524861\n|move|p2b: Chien-Pao|Ice Spinner|p1b: Goodra\n|-damage|p1b: Goodra|0 fnt\n|faint|p1b: Goodra\n|move|p2a: Mamoswine|High Horsepower|p1a: Garganacl\n|-supereffective|p1a: Garganacl\n|-damage|p1a: Garganacl|0 fnt\n|-damage|p2a: Mamoswine|59\/100 psn|[from] item: Rocky Helmet|[of] p1a: Garganacl\n|faint|p1a: Garganacl\n|\n|-weather|Snow|[upkeep]\n|-damage|p2b: Chien-Pao|76\/100 psn|[from] psn\n|-damage|p2a: Mamoswine|46\/100 psn|[from] psn\n|upkeep\n|\n|t:|1698524872\n|switch|p1b: Fezandipiti|Fezandipiti, M|27\/100\n|switch|p1a: Ogerpon|Ogerpon-Hearthflame, F|100\/100\n|-ability|p1a: Ogerpon|Mold Breaker\n|turn|13\n|\n|t:|1698524887\n|move|p1a: Ogerpon|Spiky Shield|p1a: Ogerpon\n|-singleturn|p1a: Ogerpon|move: Protect\n|move|p2b: Chien-Pao|Sucker Punch||[still]\n|-fail|p2b: Chien-Pao\n|move|p2a: Mamoswine|Ice Shard|p1b: Fezandipiti\n|-damage|p1b: Fezandipiti|0 fnt\n|faint|p1b: Fezandipiti\n|\n|-weather|Snow|[upkeep]\n|-damage|p2b: Chien-Pao|64\/100 psn|[from] psn\n|-damage|p2a: Mamoswine|34\/100 psn|[from] psn\n|upkeep\n|turn|14\n|\n|t:|1698524907\n|move|p2b: Chien-Pao|Crunch|p1a: Ogerpon\n|-damage|p1a: Ogerpon|41\/100\n|move|p2a: Mamoswine|Rock Slide|p1a: Ogerpon\n|-supereffective|p1a: Ogerpon\n|-damage|p1a: Ogerpon|0 fnt\n|faint|p1a: Ogerpon\n|\n|win|cotesmcgotes\n|raw|hank7601's rating: 1498 &rarr; <strong>1474<\/strong><br \/>(-24 for losing)\n|raw|cotesmcgotes's rating: 1429 &rarr; <strong>1453<\/strong><br \/>(+24 for winning)\n|l|\u2606hank7601\n","uploadtime":1698524916,"views":20,"p1id":"hank7601","p2id":"cotesmcgotes","formatid":"gen9doublesou","rating":1453,"private":0,"password":""}