{"id":"gen9doublesou-1987449042","p1":"chaddy18","p2":"cfee","format":"[Gen 9] Doubles OU","log":"|j|\u2606chaddy18\n|j|\u2606cfee\n|t:|1699593210\n|gametype|doubles\n|player|p1|chaddy18|medium|1385\n|player|p2|cfee|swimmer-gen4|1128\n|teamsize|p1|6\n|teamsize|p2|6\n|gen|9\n|tier|[Gen 9] Doubles OU\n|rated|\n|rule|Species Clause: Limit one of each Pok\u00e9mon\n|rule|OHKO Clause: OHKO moves are banned\n|rule|Evasion Moves Clause: Evasion moves are banned\n|rule|Gravity Sleep Clause: The combination of sleep-inducing moves with imperfect accuracy and Gravity or Gigantamax Orbeetle are banned\n|rule|Endless Battle Clause: Forcing endless battles is banned\n|rule|HP Percentage Mod: HP is shown in percentages\n|clearpoke\n|poke|p1|Glimmora, F|\n|poke|p1|Kleavor, F|\n|poke|p1|Goodra-Hisui, F|\n|poke|p1|Samurott-Hisui, M|\n|poke|p1|Mew|\n|poke|p1|Ting-Lu|\n|poke|p2|Politoed, F|\n|poke|p2|Tornadus, M|\n|poke|p2|Empoleon, M|\n|poke|p2|Ogerpon-Wellspring, F|\n|poke|p2|Dragonite, M|\n|poke|p2|Amoonguss, F|\n|teampreview\n|inactive|Battle timer is ON: inactive players will automatically lose when time's up. (requested by chaddy18)\n|\n|t:|1699593225\n|start\n|switch|p1a: Kleavor|Kleavor, F, shiny|100\/100\n|switch|p1b: Samurott|Samurott-Hisui, M|100\/100\n|switch|p2a: Politoed|Politoed, F|100\/100\n|switch|p2b: Empoleon|Empoleon, M|100\/100\n|-weather|RainDance|[from] ability: Drizzle|[of] p2a: Politoed\n|turn|1\n|\n|t:|1699593247\n|move|p2a: Politoed|Protect|p2a: Politoed\n|-singleturn|p2a: Politoed|Protect\n|move|p1a: Kleavor|Stone Axe|p2a: Politoed\n|-activate|p2a: Politoed|move: Protect\n|move|p1b: Samurott|Ceaseless Edge|p2a: Politoed\n|-activate|p2a: Politoed|move: Protect\n|move|p2b: Empoleon|Flash Cannon|p1a: Kleavor\n|-supereffective|p1a: Kleavor\n|-enditem|p1a: Kleavor|Focus Sash\n|-damage|p1a: Kleavor|1\/100\n|-damage|p2b: Empoleon|90\/100|[from] item: Life Orb\n|\n|-weather|RainDance|[upkeep]\n|upkeep\n|turn|2\n|\n|t:|1699593277\n|move|p2b: Empoleon|Protect|p2b: Empoleon\n|-singleturn|p2b: Empoleon|Protect\n|move|p1a: Kleavor|Stone Axe|p2a: Politoed\n|-crit|p2a: Politoed\n|-damage|p2a: Politoed|0 fnt\n|-sidestart|p2: cfee|move: Stealth Rock\n|faint|p2a: Politoed\n|move|p1b: Samurott|Ceaseless Edge|p2b: Empoleon\n|-activate|p2b: Empoleon|move: Protect\n|\n|-weather|RainDance|[upkeep]\n|upkeep\n|\n|t:|1699593286\n|switch|p2a: Tornadus|Tornadus, M|100\/100\n|-damage|p2a: Tornadus|76\/100|[from] Stealth Rock\n|turn|3\n|\n|t:|1699593296\n|-terastallize|p2a: Tornadus|Dark\n|move|p1a: Kleavor|Protect|p1a: Kleavor\n|-singleturn|p1a: Kleavor|Protect\n|move|p2a: Tornadus|Tailwind|p2a: Tornadus\n|-sidestart|p2: cfee|move: Tailwind\n|move|p2b: Empoleon|Water Pledge|p1a: Kleavor\n|-activate|p1a: Kleavor|move: Protect\n|move|p1b: Samurott|Ceaseless Edge|p2a: Tornadus\n|-resisted|p2a: Tornadus\n|-damage|p2a: Tornadus|48\/100\n|-sidestart|p2: cfee|Spikes\n|\n|-weather|RainDance|[upkeep]\n|upkeep\n|turn|4\n|\n|t:|1699593317\n|move|p2a: Tornadus|Hurricane|p1a: Kleavor\n|-damage|p1a: Kleavor|0 fnt\n|faint|p1a: Kleavor\n|move|p2b: Empoleon|Flash Cannon|p1b: Samurott\n|-resisted|p1b: Samurott\n|-crit|p1b: Samurott\n|-damage|p1b: Samurott|45\/100\n|-unboost|p1b: Samurott|spd|1\n|-damage|p2b: Empoleon|80\/100|[from] item: Life Orb\n|move|p1b: Samurott|Ceaseless Edge|p2a: Tornadus|[miss]\n|-miss|p1b: Samurott|p2a: Tornadus\n|\n|-weather|RainDance|[upkeep]\n|upkeep\n|inactive|chaddy18 has 120 seconds left.\n|\n|t:|1699593342\n|switch|p1a: Glimmora|Glimmora, F|100\/100\n|turn|5\n|inactive|cfee has 120 seconds left.\n|\n|t:|1699593380\n|move|p1b: Samurott|Protect|p1b: Samurott\n|-singleturn|p1b: Samurott|Protect\n|move|p2a: Tornadus|Hurricane|p1b: Samurott\n|-activate|p1b: Samurott|move: Protect\n|move|p2b: Empoleon|Water Pledge|p1a: Glimmora\n|-supereffective|p1a: Glimmora\n|-enditem|p1a: Glimmora|Focus Sash\n|-damage|p1a: Glimmora|1\/100\n|-damage|p2b: Empoleon|70\/100|[from] item: Life Orb\n|move|p1a: Glimmora|Spikes|p2a: Tornadus\n|-sidestart|p2: cfee|Spikes\n|\n|-weather|RainDance|[upkeep]\n|upkeep\n|turn|6\n|\n|t:|1699593407\n|move|p1a: Glimmora|Spiky Shield|p1a: Glimmora\n|-singleturn|p1a: Glimmora|move: Protect\n|move|p2a: Tornadus|Hurricane|p1b: Samurott\n|-damage|p1b: Samurott|0 fnt\n|faint|p1b: Samurott\n|move|p2b: Empoleon|Water Pledge|p1a: Glimmora\n|-activate|p1a: Glimmora|move: Protect\n|\n|-weather|RainDance|[upkeep]\n|-sideend|p2: cfee|move: Tailwind\n|upkeep\n|inactive|chaddy18 has 120 seconds left.\n|\n|t:|1699593425\n|switch|p1b: Mew|Mew, shiny|100\/100\n|turn|7\n|\n|t:|1699593435\n|switch|p1a: Goodra|Goodra-Hisui, F|100\/100\n|move|p2a: Tornadus|Tailwind|p2a: Tornadus\n|-sidestart|p2: cfee|move: Tailwind\n|move|p2b: Empoleon|Water Pledge|p1a: Goodra\n|-resisted|p1a: Goodra\n|-damage|p1a: Goodra|73\/100\n|-enditem|p1a: Goodra|Red Card|[of] p2b: Empoleon\n|drag|p2b: Ogerpon|Ogerpon-Wellspring, F|100\/100\n|-damage|p2b: Ogerpon|88\/100|[from] Stealth Rock\n|-damage|p2b: Ogerpon|72\/100|[from] Spikes\n|move|p1b: Mew|Toxic Spikes|p2a: Tornadus\n|-sidestart|p2: cfee|move: Toxic Spikes\n|\n|-weather|RainDance|[upkeep]\n|upkeep\n|turn|8\n|\n|t:|1699593457\n|move|p1a: Goodra|Protect|p1a: Goodra\n|-singleturn|p1a: Goodra|Protect\n|move|p2b: Ogerpon|Horn Leech|p1b: Mew\n|-damage|p1b: Mew|68\/100\n|-heal|p2b: Ogerpon|94\/100|[from] drain|[of] p1b: Mew\n|-enditem|p1b: Mew|Red Card|[of] p2b: Ogerpon\n|drag|p2b: Dragonite|Dragonite, M|100\/100\n|-damage|p2b: Dragonite|75\/100|[from] Stealth Rock\n|move|p2a: Tornadus|Hurricane|p1b: Mew\n|-damage|p1b: Mew|30\/100\n|move|p1b: Mew|Toxic Spikes|p2b: Dragonite\n|-sidestart|p2: cfee|move: Toxic Spikes\n|\n|-weather|none\n|upkeep\n|turn|9\n|\n|t:|1699593482\n|move|p2b: Dragonite|Earthquake|p1b: Mew|[spread] p2a,p1a,p1b\n|-supereffective|p1a: Goodra\n|-damage|p2a: Tornadus|17\/100\n|-damage|p1a: Goodra|30\/100\n|-damage|p1b: Mew|10\/100\n|move|p2a: Tornadus|Hurricane|p1b: Mew\n|-damage|p1b: Mew|0 fnt\n|faint|p1b: Mew\n|move|p1a: Goodra|Dragon Tail|p2b: Dragonite\n|-supereffective|p2b: Dragonite\n|-damage|p2b: Dragonite|30\/100\n|drag|p2b: Amoonguss|Amoonguss, F|100\/100\n|-damage|p2b: Amoonguss|88\/100|[from] Stealth Rock\n|-damage|p2b: Amoonguss|71\/100|[from] Spikes\n|-sideend|p2: cfee|move: Toxic Spikes|[of] p2b: Amoonguss\n|\n|upkeep\n|\n|t:|1699593499\n|switch|p1b: Glimmora|Glimmora, F|1\/100\n|turn|10\n|\n|t:|1699593507\n|move|p1b: Glimmora|Spiky Shield|p1b: Glimmora\n|-singleturn|p1b: Glimmora|move: Protect\n|move|p2a: Tornadus|Hurricane|p1b: Glimmora\n|-activate|p1b: Glimmora|move: Protect\n|move|p2b: Amoonguss|Pollen Puff|p2a: Tornadus\n|-heal|p2a: Tornadus|66\/100\n|move|p1a: Goodra|Life Dew|p1a: Goodra|[spread] p1a,p1b\n|-heal|p1a: Goodra|55\/100\n|-heal|p1b: Glimmora|26\/100\n|\n|-sideend|p2: cfee|move: Tailwind\n|upkeep\n|turn|11\n|\n|t:|1699593525\n|move|p2a: Tornadus|Tailwind|p2a: Tornadus\n|-sidestart|p2: cfee|move: Tailwind\n|move|p1b: Glimmora|Toxic|p2a: Tornadus\n|-status|p2a: Tornadus|tox\n|move|p2b: Amoonguss|Giga Drain|p1b: Glimmora\n|-damage|p1b: Glimmora|0 fnt\n|-heal|p2b: Amoonguss|82\/100|[from] drain|[of] p1b: Glimmora\n|faint|p1b: Glimmora\n|move|p1a: Goodra|Dragon Tail|p2a: Tornadus\n|-damage|p2a: Tornadus|41\/100 tox\n|drag|p2a: Empoleon|Empoleon, M|70\/100\n|-damage|p2a: Empoleon|64\/100|[from] Stealth Rock\n|-damage|p2a: Empoleon|48\/100|[from] Spikes\n|\n|upkeep\n|\n|t:|1699593538\n|switch|p1b: Ting-Lu|Ting-Lu|100\/100\n|-ability|p1b: Ting-Lu|Vessel of Ruin\n|turn|12\n|\n|t:|1699593546\n|move|p1b: Ting-Lu|Protect|p1b: Ting-Lu\n|-singleturn|p1b: Ting-Lu|Protect\n|move|p2a: Empoleon|Water Pledge|p1b: Ting-Lu\n|-activate|p1b: Ting-Lu|move: Protect\n|move|p2b: Amoonguss|Pollen Puff|p2a: Empoleon\n|-heal|p2a: Empoleon|98\/100\n|move|p1a: Goodra|Dragon Tail|p2a: Empoleon\n|-resisted|p2a: Empoleon\n|-damage|p2a: Empoleon|86\/100\n|drag|p2a: Tornadus|Tornadus, M, tera:Dark|41\/100 tox\n|-damage|p2a: Tornadus|29\/100 tox|[from] Stealth Rock\n|-damage|p2a: Tornadus|12\/100 tox|[from] Spikes\n|\n|-damage|p2a: Tornadus|6\/100 tox|[from] psn\n|upkeep\n|turn|13\n|\n|t:|1699593572\n|move|p2a: Tornadus|Leer|p1b: Ting-Lu|[spread] p1a\n|-hint|Since gen 7, Dark is immune to Prankster moves.\n|-immune|p1b: Ting-Lu\n|-unboost|p1a: Goodra|def|1\n|move|p2b: Amoonguss|Pollen Puff|p2a: Tornadus\n|-heal|p2a: Tornadus|56\/100 tox\n|move|p1a: Goodra|Life Dew||[still]|[spread] p1a,p1b\n|-heal|p1a: Goodra|80\/100\n|-fail|p1b: Ting-Lu|heal\n|move|p1b: Ting-Lu|Body Press|p2a: Tornadus\n|-supereffective|p2a: Tornadus\n|-damage|p2a: Tornadus|0 fnt\n|faint|p2a: Tornadus\n|\n|upkeep\n|\n|t:|1699593586\n|switch|p2a: Dragonite|Dragonite, M|30\/100\n|-damage|p2a: Dragonite|5\/100|[from] Stealth Rock\n|turn|14\n|\n|t:|1699593603\n|move|p2a: Dragonite|Earthquake|p1a: Goodra|[spread] p2b,p1a,p1b\n|-supereffective|p1a: Goodra\n|-damage|p2b: Amoonguss|53\/100\n|-damage|p1a: Goodra|17\/100\n|-damage|p1b: Ting-Lu|87\/100\n|move|p2b: Amoonguss|Giga Drain|p1b: Ting-Lu\n|-supereffective|p1b: Ting-Lu\n|-damage|p1b: Ting-Lu|56\/100\n|-heal|p2b: Amoonguss|69\/100|[from] drain|[of] p1b: Ting-Lu\n|move|p1a: Goodra|Dragon Tail|p2a: Dragonite\n|-supereffective|p2a: Dragonite\n|-damage|p2a: Dragonite|0 fnt\n|faint|p2a: Dragonite\n|move|p1b: Ting-Lu|Whirlwind|p2b: Amoonguss\n|drag|p2b: Ogerpon|Ogerpon-Wellspring, F|94\/100\n|-damage|p2b: Ogerpon|81\/100|[from] Stealth Rock\n|-damage|p2b: Ogerpon|65\/100|[from] Spikes\n|\n|-heal|p1b: Ting-Lu|63\/100|[from] item: Leftovers\n|-sideend|p2: cfee|move: Tailwind\n|upkeep\n|\n|t:|1699593619\n|switch|p2a: Amoonguss|Amoonguss, F|69\/100\n|-damage|p2a: Amoonguss|57\/100|[from] Stealth Rock\n|-damage|p2a: Amoonguss|40\/100|[from] Spikes\n|turn|15\n|\n|t:|1699593627\n|move|p1b: Ting-Lu|Protect|p1b: Ting-Lu\n|-singleturn|p1b: Ting-Lu|Protect\n|move|p2b: Ogerpon|Ivy Cudgel|p1a: Goodra\n|-resisted|p1a: Goodra\n|-crit|p1a: Goodra\n|-damage|p1a: Goodra|0 fnt\n|faint|p1a: Goodra\n|move|p2a: Amoonguss|Giga Drain|p1b: Ting-Lu\n|-activate|p1b: Ting-Lu|move: Protect\n|\n|-heal|p1b: Ting-Lu|69\/100|[from] item: Leftovers\n|upkeep\n|turn|16\n|\n|t:|1699593642\n|-terastallize|p1b: Ting-Lu|Ghost\n|move|p2b: Ogerpon|Ivy Cudgel|p1b: Ting-Lu\n|-damage|p1b: Ting-Lu|37\/100\n|move|p2a: Amoonguss|Giga Drain|p1b: Ting-Lu\n|-damage|p1b: Ting-Lu|22\/100\n|-heal|p2a: Amoonguss|48\/100|[from] drain|[of] p1b: Ting-Lu\n|move|p1b: Ting-Lu|Whirlwind|p2b: Ogerpon\n|drag|p2b: Empoleon|Empoleon, M|86\/100\n|-damage|p2b: Empoleon|80\/100|[from] Stealth Rock\n|-damage|p2b: Empoleon|63\/100|[from] Spikes\n|\n|-heal|p1b: Ting-Lu|28\/100|[from] item: Leftovers\n|upkeep\n|turn|17\n|\n|t:|1699593661\n|move|p1b: Ting-Lu|Protect|p1b: Ting-Lu\n|-singleturn|p1b: Ting-Lu|Protect\n|move|p2b: Empoleon|Water Pledge|p1b: Ting-Lu\n|-activate|p1b: Ting-Lu|move: Protect\n|move|p2a: Amoonguss|Giga Drain|p1b: Ting-Lu\n|-activate|p1b: Ting-Lu|move: Protect\n|\n|-heal|p1b: Ting-Lu|34\/100|[from] item: Leftovers\n|upkeep\n|turn|18\n|n|!cfee|cfee\n|\n|t:|1699593680\n|move|p2b: Empoleon|Water Pledge|p1b: Ting-Lu\n|-damage|p1b: Ting-Lu|8\/100\n|-damage|p2b: Empoleon|53\/100|[from] item: Life Orb\n|move|p1b: Ting-Lu|Body Press|p2b: Empoleon\n|-supereffective|p2b: Empoleon\n|-damage|p2b: Empoleon|0 fnt\n|faint|p2b: Empoleon\n|move|p2a: Amoonguss|Giga Drain|p1b: Ting-Lu\n|-damage|p1b: Ting-Lu|0 fnt\n|-heal|p2a: Amoonguss|51\/100|[from] drain|[of] p1b: Ting-Lu\n|faint|p1b: Ting-Lu\n|\n|win|cfee\n|raw|chaddy18's rating: 1385 &rarr; <strong>1352<\/strong><br \/>(-33 for losing)\n|raw|cfee's rating: 1128 &rarr; <strong>1169<\/strong><br \/>(+41 for winning)\n","uploadtime":1699593672,"views":9,"p1id":"chaddy18","p2id":"cfee","formatid":"gen9doublesou","rating":1169,"private":0,"password":""}