{"id":"gen9doublesou-1988954311","p1":"Aldebaran Tauri","p2":"mikeyuwu","format":"[Gen 9] Doubles OU","log":"|j|\u2606Aldebaran Tauri\n|j|\u2606mikeyuwu\n|t:|1699793915\n|gametype|doubles\n|player|p1|Aldebaran Tauri|clerkf|1132\n|player|p2|mikeyuwu|psychic-gen4|1287\n|teamsize|p1|6\n|teamsize|p2|6\n|gen|9\n|tier|[Gen 9] Doubles OU\n|rated|\n|rule|Species Clause: Limit one of each Pok\u00e9mon\n|rule|OHKO Clause: OHKO moves are banned\n|rule|Evasion Moves Clause: Evasion moves are banned\n|rule|Gravity Sleep Clause: The combination of sleep-inducing moves with imperfect accuracy and Gravity or Gigantamax Orbeetle are banned\n|rule|Endless Battle Clause: Forcing endless battles is banned\n|rule|HP Percentage Mod: HP is shown in percentages\n|clearpoke\n|poke|p1|Flutter Mane|\n|poke|p1|Grimmsnarl, M|\n|poke|p1|Rillaboom, F|\n|poke|p1|Ogerpon-Hearthflame, F|\n|poke|p1|Iron Hands|\n|poke|p1|Sinistcha|\n|poke|p2|Garchomp, M|\n|poke|p2|Tyranitar, F|\n|poke|p2|Vaporeon, F|\n|poke|p2|Toxicroak, M|\n|poke|p2|Pelipper, F|\n|poke|p2|Abomasnow, M|\n|teampreview\n|\n|t:|1699793946\n|start\n|switch|p1a: Flutter Mane|Flutter Mane|100\/100\n|switch|p1b: Ogerpon|Ogerpon-Hearthflame, F|100\/100\n|switch|p2a: OTLHPM|Toxicroak, M|100\/100\n|switch|p2b: Cold Shoulder|Abomasnow, M, shiny|100\/100\n|-ability|p1b: Ogerpon|Mold Breaker\n|-weather|Snow|[from] ability: Snow Warning|[of] p2b: Cold Shoulder\n|turn|1\n|\n|t:|1699793968\n|-end|p1a: Flutter Mane|Protosynthesis|[silent]\n|switch|p1a: Grimmsnarl|Grimmsnarl, M|100\/100\n|switch|p2b: Weather War|Pelipper, F|100\/100\n|-weather|RainDance|[from] ability: Drizzle|[of] p2b: Weather War\n|move|p1b: Ogerpon|Ivy Cudgel|p2b: Weather War\n|-resisted|p2b: Weather War\n|-damage|p2b: Weather War|89\/100\n|move|p2a: OTLHPM|Poison Jab|p1a: Grimmsnarl\n|-supereffective|p1a: Grimmsnarl\n|-damage|p1a: Grimmsnarl|23\/100\n|\n|-weather|RainDance|[upkeep]\n|upkeep\n|turn|2\n|\n|t:|1699793988\n|move|p1a: Grimmsnarl|Reflect|p1a: Grimmsnarl\n|-sidestart|p1: Aldebaran Tauri|Reflect\n|move|p1b: Ogerpon|Ivy Cudgel|p2a: OTLHPM\n|-damage|p2a: OTLHPM|61\/100\n|move|p2a: OTLHPM|Poison Jab|p1b: Ogerpon\n|-supereffective|p1b: Ogerpon\n|-damage|p1b: Ogerpon|33\/100\n|move|p2b: Weather War|Hurricane|p1b: Ogerpon\n|-supereffective|p1b: Ogerpon\n|-crit|p1b: Ogerpon\n|-damage|p1b: Ogerpon|0 fnt\n|faint|p1b: Ogerpon\n|\n|-weather|RainDance|[upkeep]\n|-heal|p2a: OTLHPM|73\/100|[from] ability: Dry Skin\n|-heal|p2a: OTLHPM|80\/100|[from] item: Black Sludge\n|upkeep\n|\n|t:|1699794008\n|switch|p1b: Sinistcha|Sinistcha|100\/100\n|-heal|p1a: Grimmsnarl|48\/100|[from] ability: Hospitality|[of] p1b: Sinistcha\n|turn|3\n|\n|t:|1699794022\n|move|p1a: Grimmsnarl|Parting Shot|p2b: Weather War\n|-unboost|p2b: Weather War|atk|1\n|-unboost|p2b: Weather War|spa|1\n|\n|t:|1699794027\n|switch|p1a: Iron Hands|Iron Hands|100\/100|[from] Parting Shot\n|move|p2a: OTLHPM|Poison Jab|p1b: Sinistcha\n|-damage|p1b: Sinistcha|79\/100\n|-status|p1b: Sinistcha|psn\n|move|p1b: Sinistcha|Calm Mind|p1b: Sinistcha\n|-boost|p1b: Sinistcha|spa|1\n|-boost|p1b: Sinistcha|spd|1\n|move|p2b: Weather War|Hurricane|p1b: Sinistcha\n|-supereffective|p1b: Sinistcha\n|-damage|p1b: Sinistcha|50\/100 psn\n|-start|p1b: Sinistcha|confusion\n|\n|-weather|RainDance|[upkeep]\n|-heal|p2a: OTLHPM|92\/100|[from] ability: Dry Skin\n|-heal|p2a: OTLHPM|98\/100|[from] item: Black Sludge\n|-damage|p1b: Sinistcha|38\/100 psn|[from] psn\n|upkeep\n|turn|4\n|\n|t:|1699794052\n|switch|p2b: Extra Spicy|Garchomp, M|100\/100\n|move|p2a: OTLHPM|Poison Jab|p1b: Sinistcha\n|-damage|p1b: Sinistcha|16\/100 psn\n|-enditem|p1b: Sinistcha|Aguav Berry|[eat]\n|-heal|p1b: Sinistcha|50\/100 psn|[from] item: Aguav Berry\n|-activate|p1b: Sinistcha|confusion\n|move|p1b: Sinistcha|Matcha Gotcha|p2a: OTLHPM|[spread] p2a\n|-miss|p1b: Sinistcha|p2b: Extra Spicy\n|-resisted|p2a: OTLHPM\n|-damage|p2a: OTLHPM|78\/100\n|-heal|p1b: Sinistcha|60\/100 psn|[from] drain|[of] p2a: OTLHPM\n|-status|p2a: OTLHPM|brn\n|move|p1a: Iron Hands|Thunder Punch|p2a: OTLHPM\n|-damage|p2a: OTLHPM|24\/100 brn\n|\n|-weather|RainDance|[upkeep]\n|-heal|p2a: OTLHPM|36\/100 brn|[from] ability: Dry Skin\n|-heal|p2a: OTLHPM|42\/100 brn|[from] item: Black Sludge\n|-damage|p1b: Sinistcha|47\/100 psn|[from] psn\n|-damage|p2a: OTLHPM|36\/100 brn|[from] brn\n|upkeep\n|turn|5\n|\n|t:|1699794077\n|move|p1a: Iron Hands|Protect|p1a: Iron Hands\n|-singleturn|p1a: Iron Hands|Protect\n|move|p2b: Extra Spicy|Brick Break|p1a: Iron Hands\n|-activate|p1a: Iron Hands|move: Protect\n|move|p2a: OTLHPM|Poison Jab|p1a: Iron Hands\n|-activate|p1a: Iron Hands|move: Protect\n|-activate|p1b: Sinistcha|confusion\n|-damage|p1b: Sinistcha|44\/100 psn|[from] confusion\n|\n|-weather|none\n|-heal|p2a: OTLHPM|42\/100 brn|[from] item: Black Sludge\n|-damage|p1b: Sinistcha|31\/100 psn|[from] psn\n|-damage|p2a: OTLHPM|36\/100 brn|[from] brn\n|upkeep\n|turn|6\n|\n|t:|1699794094\n|move|p2b: Extra Spicy|Brick Break|p1a: Iron Hands\n|-sideend|p1: Aldebaran Tauri|Reflect\n|-damage|p1a: Iron Hands|86\/100\n|move|p2a: OTLHPM|Poison Jab|p1b: Sinistcha\n|-damage|p1b: Sinistcha|16\/100 psn\n|-end|p1b: Sinistcha|confusion\n|move|p1b: Sinistcha|Strength Sap|p2b: Extra Spicy\n|-unboost|p2b: Extra Spicy|atk|1\n|-heal|p1b: Sinistcha|100\/100 psn\n|move|p1a: Iron Hands|Swords Dance|p1a: Iron Hands\n|-boost|p1a: Iron Hands|atk|2\n|\n|-heal|p2a: OTLHPM|42\/100 brn|[from] item: Black Sludge\n|-heal|p1a: Iron Hands|93\/100|[from] item: Leftovers\n|-damage|p1b: Sinistcha|88\/100 psn|[from] psn\n|-damage|p2a: OTLHPM|36\/100 brn|[from] brn\n|upkeep\n|turn|7\n|\n|t:|1699794114\n|switch|p2a: Weather War|Pelipper, F|89\/100\n|-weather|RainDance|[from] ability: Drizzle|[of] p2a: Weather War\n|move|p2b: Extra Spicy|Earthquake|p1a: Iron Hands|[spread] p1a,p1b\n|-immune|p2a: Weather War\n|-supereffective|p1a: Iron Hands\n|-resisted|p1b: Sinistcha\n|-damage|p1a: Iron Hands|63\/100\n|-damage|p1b: Sinistcha|80\/100 psn\n|move|p1b: Sinistcha|Matcha Gotcha|p2b: Extra Spicy|[spread] p2a,p2b\n|-damage|p2a: Weather War|34\/100\n|-heal|p1b: Sinistcha|100\/100 psn|[from] drain|[of] p2a: Weather War\n|-damage|p2b: Extra Spicy|65\/100\n|-status|p2a: Weather War|brn\n|move|p1a: Iron Hands|Thunder Punch|p2a: Weather War\n|-supereffective|p2a: Weather War\n|-damage|p2a: Weather War|0 fnt\n|faint|p2a: Weather War\n|\n|-weather|RainDance|[upkeep]\n|-heal|p1a: Iron Hands|69\/100|[from] item: Leftovers\n|-damage|p1b: Sinistcha|88\/100 psn|[from] psn\n|upkeep\n|\n|t:|1699794119\n|switch|p2a: Cold Shoulder|Abomasnow, M, shiny|100\/100\n|-weather|Snow|[from] ability: Snow Warning|[of] p2a: Cold Shoulder\n|turn|8\n|\n|t:|1699794141\n|move|p1b: Sinistcha|Rage Powder|p1b: Sinistcha\n|-singleturn|p1b: Sinistcha|move: Rage Powder\n|move|p2b: Extra Spicy|Earthquake|p1a: Iron Hands|[spread] p2a,p1a,p1b\n|-resisted|p2a: Cold Shoulder\n|-supereffective|p1a: Iron Hands\n|-resisted|p1b: Sinistcha\n|-damage|p2a: Cold Shoulder|94\/100\n|-damage|p1a: Iron Hands|41\/100\n|-damage|p1b: Sinistcha|79\/100 psn\n|move|p2a: Cold Shoulder|Blizzard|p1b: Sinistcha|[spread] p1a,p1b\n|-supereffective|p1b: Sinistcha\n|-damage|p1a: Iron Hands|20\/100\n|-damage|p1b: Sinistcha|40\/100 psn\n|move|p1a: Iron Hands|Drain Punch|p2b: Extra Spicy\n|-damage|p2b: Extra Spicy|21\/100\n|-heal|p1a: Iron Hands|39\/100|[from] drain|[of] p2b: Extra Spicy\n|-damage|p1a: Iron Hands|27\/100|[from] ability: Rough Skin|[of] p2b: Extra Spicy\n|-damage|p1a: Iron Hands|10\/100|[from] item: Rocky Helmet|[of] p2b: Extra Spicy\n|\n|-weather|Snow|[upkeep]\n|-heal|p1a: Iron Hands|16\/100|[from] item: Leftovers\n|-damage|p1b: Sinistcha|28\/100 psn|[from] psn\n|upkeep\n|turn|9\n|\n|t:|1699794165\n|-end|p1a: Iron Hands|Quark Drive|[silent]\n|switch|p1a: Rillaboom|Rillaboom, F|100\/100\n|-fieldstart|move: Grassy Terrain|[from] ability: Grassy Surge|[of] p1a: Rillaboom\n|move|p2b: Extra Spicy|Earthquake|p1a: Rillaboom|[spread] p2a,p1a,p1b\n|-resisted|p2a: Cold Shoulder\n|-resisted|p1a: Rillaboom\n|-resisted|p1b: Sinistcha\n|-damage|p2a: Cold Shoulder|92\/100\n|-damage|p1a: Rillaboom|96\/100\n|-damage|p1b: Sinistcha|23\/100 psn\n|move|p1b: Sinistcha|Strength Sap|p2b: Extra Spicy\n|-unboost|p2b: Extra Spicy|atk|1\n|-heal|p1b: Sinistcha|80\/100 psn\n|move|p2a: Cold Shoulder|Blizzard|p1a: Rillaboom|[spread] p1a,p1b\n|-supereffective|p1a: Rillaboom\n|-supereffective|p1b: Sinistcha\n|-damage|p1a: Rillaboom|58\/100\n|-damage|p1b: Sinistcha|42\/100 psn\n|\n|-weather|Snow|[upkeep]\n|-heal|p2b: Extra Spicy|27\/100|[from] Grassy Terrain\n|-heal|p1a: Rillaboom|64\/100|[from] Grassy Terrain\n|-heal|p1b: Sinistcha|48\/100 psn|[from] Grassy Terrain\n|-heal|p2a: Cold Shoulder|98\/100|[from] Grassy Terrain\n|-damage|p1b: Sinistcha|35\/100 psn|[from] psn\n|upkeep\n|turn|10\n|\n|t:|1699794188\n|move|p1a: Rillaboom|Fake Out|p2a: Cold Shoulder\n|-damage|p2a: Cold Shoulder|90\/100\n|move|p2b: Extra Spicy|Poison Jab|p1a: Rillaboom\n|-supereffective|p1a: Rillaboom\n|-damage|p1a: Rillaboom|43\/100\n|move|p1b: Sinistcha|Matcha Gotcha|p2a: Cold Shoulder|[spread] p2a,p2b\n|-resisted|p2a: Cold Shoulder\n|-damage|p2a: Cold Shoulder|62\/100\n|-heal|p1b: Sinistcha|49\/100 psn|[from] drain|[of] p2a: Cold Shoulder\n|-damage|p2b: Extra Spicy|0 fnt\n|-heal|p1b: Sinistcha|65\/100 psn|[from] drain|[of] p2b: Extra Spicy\n|faint|p2b: Extra Spicy\n|cant|p2a: Cold Shoulder|flinch\n|\n|-weather|Snow|[upkeep]\n|-heal|p1a: Rillaboom|49\/100|[from] Grassy Terrain\n|-heal|p1b: Sinistcha|71\/100 psn|[from] Grassy Terrain\n|-heal|p2a: Cold Shoulder|68\/100|[from] Grassy Terrain\n|-damage|p1b: Sinistcha|59\/100 psn|[from] psn\n|upkeep\n|\n|t:|1699794204\n|switch|p2b: Harmacy|Vaporeon, F|100\/100\n|turn|11\n|inactive|Battle timer is ON: inactive players will automatically lose when time's up. (requested by mikeyuwu)\n|\n|t:|1699794254\n|-terastallize|p2b: Harmacy|Steel\n|move|p1a: Rillaboom|U-turn|p2a: Cold Shoulder\n|-supereffective|p2a: Cold Shoulder\n|-damage|p2a: Cold Shoulder|40\/100\n|\n|t:|1699794261\n|switch|p1a: Grimmsnarl|Grimmsnarl, M|48\/100|[from] U-turn\n|move|p1b: Sinistcha|Matcha Gotcha|p2b: Harmacy|[spread] p2b\n|-miss|p1b: Sinistcha|p2a: Cold Shoulder\n|-resisted|p2b: Harmacy\n|-damage|p2b: Harmacy|84\/100\n|-heal|p1b: Sinistcha|70\/100 psn|[from] drain|[of] p2b: Harmacy\n|move|p2a: Cold Shoulder|Blizzard|p1a: Grimmsnarl|[spread] p1a,p1b\n|-supereffective|p1b: Sinistcha\n|-damage|p1a: Grimmsnarl|19\/100\n|-damage|p1b: Sinistcha|30\/100 psn\n|move|p2b: Harmacy|Copycat|p2b: Harmacy\n|move|p2b: Harmacy|Blizzard|p1b: Sinistcha|[from]move: Copycat|[spread] p1a,p1b\n|-supereffective|p1b: Sinistcha\n|-damage|p1a: Grimmsnarl|1\/100\n|-damage|p1b: Sinistcha|4\/100 psn\n|\n|-weather|Snow|[upkeep]\n|-heal|p1b: Sinistcha|10\/100 psn|[from] Grassy Terrain\n|-heal|p2a: Cold Shoulder|46\/100|[from] Grassy Terrain\n|-heal|p2b: Harmacy|90\/100|[from] Grassy Terrain\n|-heal|p2b: Harmacy|96\/100|[from] item: Leftovers\n|-heal|p1a: Grimmsnarl|7\/100|[from] Grassy Terrain\n|-damage|p1b: Sinistcha|0 fnt|[from] psn\n|faint|p1b: Sinistcha\n|upkeep\n|\n|t:|1699794284\n|switch|p1b: Flutter Mane|Flutter Mane|100\/100\n|turn|12\n|\n|t:|1699794291\n|-terastallize|p1b: Flutter Mane|Fairy\n|move|p1a: Grimmsnarl|Light Screen|p1a: Grimmsnarl\n|-sidestart|p1: Aldebaran Tauri|move: Light Screen\n|move|p1b: Flutter Mane|Dazzling Gleam|p2a: Cold Shoulder|[spread] p2a,p2b\n|-resisted|p2b: Harmacy\n|-damage|p2a: Cold Shoulder|0 fnt\n|-damage|p2b: Harmacy|71\/100\n|faint|p2a: Cold Shoulder\n|move|p2b: Harmacy|Icy Wind|p1a: Grimmsnarl|[spread] p1a,p1b\n|-damage|p1a: Grimmsnarl|0 fnt\n|-damage|p1b: Flutter Mane|93\/100\n|-unboost|p1b: Flutter Mane|spe|1\n|faint|p1a: Grimmsnarl\n|\n|-weather|none\n|-heal|p1b: Flutter Mane|99\/100|[from] Grassy Terrain\n|-heal|p2b: Harmacy|77\/100|[from] Grassy Terrain\n|-heal|p2b: Harmacy|83\/100|[from] item: Leftovers\n|upkeep\n|inactive|Aldebaran Tauri has 120 seconds left.\n|\n|t:|1699794333\n|switch|p2a: ThcrThnSnkr|Tyranitar, F|100\/100\n|switch|p1a: Rillaboom|Rillaboom, F|49\/100\n|-weather|Sandstorm|[from] ability: Sand Stream|[of] p2a: ThcrThnSnkr\n|turn|13\n|\n|t:|1699794341\n|switch|p2a: OTLHPM|Toxicroak, M|36\/100 brn\n|move|p1a: Rillaboom|Fake Out|p2a: OTLHPM\n|-damage|p2a: OTLHPM|18\/100 brn\n|move|p1b: Flutter Mane|Dazzling Gleam|p2a: OTLHPM|[spread] p2a,p2b\n|-resisted|p2b: Harmacy\n|-damage|p2a: OTLHPM|0 fnt\n|-damage|p2b: Harmacy|59\/100\n|faint|p2a: OTLHPM\n|move|p2b: Harmacy|Icy Wind|p1b: Flutter Mane|[spread] p1a,p1b\n|-supereffective|p1a: Rillaboom\n|-damage|p1a: Rillaboom|39\/100\n|-damage|p1b: Flutter Mane|93\/100\n|-unboost|p1a: Rillaboom|spe|1\n|-unboost|p1b: Flutter Mane|spe|1\n|\n|-weather|Sandstorm|[upkeep]\n|-damage|p1b: Flutter Mane|87\/100|[from] Sandstorm\n|-damage|p1a: Rillaboom|32\/100|[from] Sandstorm\n|-heal|p1b: Flutter Mane|93\/100|[from] Grassy Terrain\n|-heal|p2b: Harmacy|65\/100|[from] Grassy Terrain\n|-heal|p2b: Harmacy|71\/100|[from] item: Leftovers\n|-heal|p1a: Rillaboom|39\/100|[from] Grassy Terrain\n|-fieldend|move: Grassy Terrain\n|upkeep\n|\n|t:|1699794350\n|switch|p2a: ThcrThnSnkr|Tyranitar, F|100\/100\n|turn|14\n|\n|t:|1699794363\n|move|p1b: Flutter Mane|Dazzling Gleam|p2a: ThcrThnSnkr|[spread] p2a,p2b\n|-supereffective|p2a: ThcrThnSnkr\n|-resisted|p2b: Harmacy\n|-damage|p2a: ThcrThnSnkr|64\/100\n|-damage|p2b: Harmacy|48\/100\n|move|p2a: ThcrThnSnkr|Heavy Slam|p1b: Flutter Mane\n|-supereffective|p1b: Flutter Mane\n|-damage|p1b: Flutter Mane|0 fnt\n|faint|p1b: Flutter Mane\n|-end|p1b: Flutter Mane|Protosynthesis|[silent]\n|move|p2b: Harmacy|Icy Wind|p1a: Rillaboom\n|-supereffective|p1a: Rillaboom\n|-damage|p1a: Rillaboom|26\/100\n|-unboost|p1a: Rillaboom|spe|1\n|move|p1a: Rillaboom|High Horsepower|p2b: Harmacy\n|-supereffective|p2b: Harmacy\n|-damage|p2b: Harmacy|4\/100\n|\n|-weather|Sandstorm|[upkeep]\n|-damage|p1a: Rillaboom|20\/100|[from] Sandstorm\n|-heal|p2b: Harmacy|10\/100|[from] item: Leftovers\n|upkeep\n|\n|t:|1699794379\n|switch|p1b: Iron Hands|Iron Hands|16\/100\n|turn|15\n|\n|t:|1699794385\n|move|p1b: Iron Hands|Protect|p1b: Iron Hands\n|-singleturn|p1b: Iron Hands|Protect\n|move|p2a: ThcrThnSnkr|Rock Slide|p1a: Rillaboom|[spread] p1a\n|-activate|p1b: Iron Hands|move: Protect\n|-damage|p1a: Rillaboom|0 fnt\n|faint|p1a: Rillaboom\n|move|p2b: Harmacy|Weather Ball|p1b: Iron Hands\n|-activate|p1b: Iron Hands|move: Protect\n|\n|-weather|Sandstorm|[upkeep]\n|-damage|p1b: Iron Hands|10\/100|[from] Sandstorm\n|-heal|p2b: Harmacy|16\/100|[from] item: Leftovers\n|-heal|p1b: Iron Hands|16\/100|[from] item: Leftovers\n|upkeep\n|turn|16\n|-message|Aldebaran Tauri forfeited.\n|\n|win|mikeyuwu\n|raw|Aldebaran Tauri's rating: 1132 &rarr; <strong>1117<\/strong><br \/>(-15 for losing)\n|raw|mikeyuwu's rating: 1287 &rarr; <strong>1302<\/strong><br \/>(+15 for winning)\n|l|\u2606Aldebaran Tauri\n","uploadtime":1699794403,"views":12,"p1id":"aldebarantauri","p2id":"mikeyuwu","formatid":"gen9doublesou","rating":1117,"private":0,"password":""}