{"id":"gen9doublesou-1975407069","p1":"GBarmada","p2":"xtevia","format":"[Gen 9] Doubles OU","log":"|j|\u2606GBarmada\n|j|\u2606xtevia\n|t:|1698187929\n|gametype|doubles\n|player|p1|GBarmada|nate|1387\n|player|p2|xtevia|palmer|1426\n|teamsize|p1|6\n|teamsize|p2|6\n|gen|9\n|tier|[Gen 9] Doubles OU\n|rated|\n|rule|Species Clause: Limit one of each Pok\u00e9mon\n|rule|OHKO Clause: OHKO moves are banned\n|rule|Evasion Moves Clause: Evasion moves are banned\n|rule|Gravity Sleep Clause: The combination of sleep-inducing moves with imperfect accuracy and Gravity or Gigantamax Orbeetle are banned\n|rule|Endless Battle Clause: Forcing endless battles is banned\n|rule|HP Percentage Mod: HP is shown in percentages\n|clearpoke\n|poke|p1|Flutter Mane|\n|poke|p1|Iron Hands|\n|poke|p1|Roaring Moon|\n|poke|p1|Sinistcha-Masterpiece|\n|poke|p1|Torkoal, F|\n|poke|p1|Tornadus, M|\n|poke|p2|Glimmora, M|\n|poke|p2|Toxapex, F|\n|poke|p2|Kleavor, F|\n|poke|p2|Goodra-Hisui, M|\n|poke|p2|Landorus-Therian, M|\n|poke|p2|Ting-Lu|\n|teampreview\n|inactive|Battle timer is ON: inactive players will automatically lose when time's up. (requested by xtevia)\n|c|\u2606GBarmada|GLHF\n|c|\u2606xtevia|u2\n|\n|t:|1698187959\n|start\n|switch|p1a: Iron Hands|Iron Hands|100\/100\n|switch|p1b: Roaring Moon|Roaring Moon|100\/100\n|switch|p2a: Kleavor|Kleavor, F|100\/100\n|switch|p2b: Glimmora|Glimmora, M|100\/100\n|turn|1\n|\n|t:|1698187982\n|-terastallize|p2a: Kleavor|Ghost\n|move|p1a: Iron Hands|Fake Out|p2a: Kleavor\n|-immune|p2a: Kleavor\n|move|p2a: Kleavor|X-Scissor|p1b: Roaring Moon\n|-supereffective|p1b: Roaring Moon\n|-damage|p1b: Roaring Moon|0 fnt\n|faint|p1b: Roaring Moon\n|-end|p1b: Roaring Moon|Protosynthesis|[silent]\n|move|p2b: Glimmora|Mortal Spin|p1a: Iron Hands\n|-damage|p1a: Iron Hands|96\/100\n|-status|p1a: Iron Hands|psn\n|\n|-damage|p1a: Iron Hands|83\/100 psn|[from] psn\n|upkeep\n|inactive|GBarmada has 120 seconds left.\n|\n|t:|1698188021\n|switch|p1b: Flutter Mane|Flutter Mane|100\/100\n|turn|2\n|inactive|GBarmada has 120 seconds left.\n|inactive|xtevia has 120 seconds left.\n|inactive|GBarmada has 90 seconds left.\n|j| ksilaugh.mp4\n|l| ksilaugh.mp4\n|inactive|xtevia has 90 seconds left.\n|inactive|xtevia has 60 seconds left.\n|\n|t:|1698188133\n|switch|p2a: Ting-Lu|Ting-Lu|100\/100\n|-ability|p2a: Ting-Lu|Vessel of Ruin\n|move|p1b: Flutter Mane|Shadow Ball|p2a: Ting-Lu\n|-resisted|p2a: Ting-Lu\n|-damage|p2a: Ting-Lu|84\/100\n|move|p2b: Glimmora|Mortal Spin|p1b: Flutter Mane|[spread] p1a,p1b\n|-damage|p1a: Iron Hands|80\/100 psn\n|-damage|p1b: Flutter Mane|95\/100\n|-status|p1b: Flutter Mane|psn\n|move|p1a: Iron Hands|Volt Switch|p2b: Glimmora\n|-damage|p2b: Glimmora|87\/100\n|inactive|GBarmada has 60 seconds left.\n|\n|t:|1698188159\n|-end|p1a: Iron Hands|Quark Drive|[silent]\n|switch|p1a: Sinistcha|Sinistcha-Masterpiece|100\/100|[from] Volt Switch\n|-heal|p1b: Flutter Mane|100\/100 psn|[from] ability: Hospitality|[of] p1a: Sinistcha\n|\n|-damage|p1b: Flutter Mane|88\/100 psn|[from] psn\n|upkeep\n|turn|3\n|inactive|xtevia has 60 seconds left.\n|inactive|GBarmada has 60 seconds left.\n|inactive|xtevia has 30 seconds left.\n|inactive|xtevia has 20 seconds left.\n|inactive|xtevia has 15 seconds left.\n|inactive|xtevia has 10 seconds left.\n|\n|t:|1698188224\n|-end|p1b: Flutter Mane|Protosynthesis|[silent]\n|switch|p1b: Iron Hands|Iron Hands|80\/100 psn\n|switch|p2b: Goodra|Goodra-Hisui, M|100\/100\n|move|p1a: Sinistcha|Strength Sap|p2a: Ting-Lu\n|-unboost|p2a: Ting-Lu|atk|1\n|move|p2a: Ting-Lu|Snarl|p1a: Sinistcha|[spread] p1a,p1b\n|-supereffective|p1a: Sinistcha\n|-resisted|p1b: Iron Hands\n|-damage|p1a: Sinistcha|83\/100\n|-damage|p1b: Iron Hands|78\/100 psn\n|-unboost|p1a: Sinistcha|spa|1\n|-unboost|p1b: Iron Hands|spa|1\n|\n|-damage|p1b: Iron Hands|66\/100 psn|[from] psn\n|upkeep\n|turn|4\n|inactive|GBarmada has 60 seconds left.\n|inactive|xtevia has 30 seconds left.\n|inactive|xtevia has 20 seconds left.\n|inactive|xtevia has 15 seconds left.\n|\n|t:|1698188247\n|switch|p2b: Glimmora|Glimmora, M|87\/100\n|switch|p2a: Toxapex|Toxapex, F|100\/100\n|move|p1a: Sinistcha|Rage Powder|p1a: Sinistcha\n|-singleturn|p1a: Sinistcha|move: Rage Powder\n|move|p1b: Iron Hands|Drain Punch|p2b: Glimmora\n|-crit|p2b: Glimmora\n|-damage|p2b: Glimmora|10\/100\n|-heal|p1b: Iron Hands|92\/100 psn|[from] drain|[of] p2b: Glimmora\n|-activate|p2b: Glimmora|ability: Toxic Debris\n|-sidestart|p1: GBarmada|move: Toxic Spikes\n|\n|-damage|p1b: Iron Hands|80\/100 psn|[from] psn\n|upkeep\n|turn|5\n|inactive|GBarmada has 60 seconds left.\n|inactive|xtevia has 30 seconds left.\n|\n|t:|1698188270\n|switch|p2b: Landorus|Landorus-Therian, M|100\/100\n|-ability|p2b: Landorus|Intimidate|boost\n|-unboost|p1a: Sinistcha|atk|1\n|-unboost|p1b: Iron Hands|atk|1\n|-end|p1b: Iron Hands|Quark Drive|[silent]\n|switch|p1b: Flutter Mane|Flutter Mane|88\/100 psn\n|move|p1a: Sinistcha|Matcha Gotcha|p2b: Landorus|[spread] p2a,p2b\n|-damage|p2a: Toxapex|89\/100\n|-heal|p1a: Sinistcha|88\/100|[from] drain|[of] p2a: Toxapex\n|-damage|p2b: Landorus|80\/100\n|-heal|p1a: Sinistcha|98\/100|[from] drain|[of] p2b: Landorus\n|move|p2a: Toxapex|Infestation|p1b: Flutter Mane\n|-resisted|p1b: Flutter Mane\n|-damage|p1b: Flutter Mane|88\/100 psn\n|-activate|p1b: Flutter Mane|move: Infestation|[of] p2a: Toxapex\n|\n|-damage|p1b: Flutter Mane|76\/100 psn|[from] psn\n|-damage|p1b: Flutter Mane|63\/100 psn|[from] move: Infestation|[partiallytrapped]\n|upkeep\n|turn|6\n|inactive|GBarmada has 60 seconds left.\n|inactive|xtevia has 30 seconds left.\n|\n|t:|1698188306\n|switch|p2b: Goodra|Goodra-Hisui, M|100\/100\n|move|p1a: Sinistcha|Protect|p1a: Sinistcha\n|-singleturn|p1a: Sinistcha|Protect\n|move|p1b: Flutter Mane|Dazzling Gleam|p2b: Goodra|[spread] p2a,p2b\n|-resisted|p2a: Toxapex\n|-crit|p2b: Goodra\n|-damage|p2a: Toxapex|71\/100\n|-damage|p2b: Goodra|67\/100\n|move|p2a: Toxapex|Icy Wind|p1b: Flutter Mane|[spread] p1b\n|-activate|p1a: Sinistcha|move: Protect\n|-damage|p1b: Flutter Mane|58\/100 psn\n|-unboost|p1b: Flutter Mane|spe|1\n|\n|-heal|p2b: Goodra|73\/100|[from] item: Leftovers\n|-damage|p1b: Flutter Mane|45\/100 psn|[from] psn\n|-damage|p1b: Flutter Mane|33\/100 psn|[from] move: Infestation|[partiallytrapped]\n|upkeep\n|turn|7\n|inactive|GBarmada has 60 seconds left.\n|inactive|xtevia has 30 seconds left.\n|inactive|xtevia has 20 seconds left.\n|\n|t:|1698188341\n|-end|p1b: Flutter Mane|Protosynthesis|[silent]\n|switch|p1b: Iron Hands|Iron Hands|80\/100 psn\n|move|p1a: Sinistcha|Matcha Gotcha|p2a: Toxapex|[spread] p2a\n|-ability|p2b: Goodra|Sap Sipper|boost\n|-boost|p2b: Goodra|atk|1\n|-damage|p2a: Toxapex|58\/100\n|-heal|p1a: Sinistcha|100\/100|[from] drain|[of] p2a: Toxapex\n|move|p2b: Goodra|Life Dew|p2b: Goodra|[spread] p2a,p2b\n|-heal|p2a: Toxapex|83\/100\n|-heal|p2b: Goodra|98\/100\n|move|p2a: Toxapex|Infestation|p1a: Sinistcha\n|-damage|p1a: Sinistcha|96\/100\n|-activate|p1a: Sinistcha|move: Infestation|[of] p2a: Toxapex\n|\n|-heal|p2b: Goodra|100\/100|[from] item: Leftovers\n|-damage|p1b: Iron Hands|67\/100 psn|[from] psn\n|-damage|p1a: Sinistcha|84\/100|[from] move: Infestation|[partiallytrapped]\n|upkeep\n|turn|8\n|inactive|GBarmada has 60 seconds left.\n|inactive|xtevia has 30 seconds left.\n|\n|t:|1698188365\n|switch|p1a: Flutter Mane|Flutter Mane|33\/100 psn\n|switch|p2b: Landorus|Landorus-Therian, M|80\/100\n|-ability|p2b: Landorus|Intimidate|boost\n|-unboost|p1a: Flutter Mane|atk|1\n|-unboost|p1b: Iron Hands|atk|1\n|move|p2a: Toxapex|Infestation|p1b: Iron Hands\n|-resisted|p1b: Iron Hands\n|-damage|p1b: Iron Hands|66\/100 psn\n|-activate|p1b: Iron Hands|move: Infestation|[of] p2a: Toxapex\n|move|p1b: Iron Hands|Wild Charge|p2a: Toxapex\n|-supereffective|p2a: Toxapex\n|-damage|p2a: Toxapex|38\/100\n|-damage|p1b: Iron Hands|50\/100 psn|[from] item: Rocky Helmet|[of] p2a: Toxapex\n|-damage|p1b: Iron Hands|42\/100 psn|[from] Recoil\n|\n|-damage|p1a: Flutter Mane|21\/100 psn|[from] psn\n|-damage|p1b: Iron Hands|29\/100 psn|[from] psn\n|-damage|p1b: Iron Hands|17\/100 psn|[from] move: Infestation|[partiallytrapped]\n|upkeep\n|turn|9\n|inactive|GBarmada has 60 seconds left.\n|inactive|xtevia has 30 seconds left.\n|inactive|xtevia has 20 seconds left.\n|inactive|GBarmada has 30 seconds left.\n|\n|t:|1698188406\n|-end|p1a: Flutter Mane|Protosynthesis|[silent]\n|switch|p1a: Sinistcha|Sinistcha-Masterpiece|84\/100\n|-status|p1a: Sinistcha|psn\n|-heal|p1b: Iron Hands|42\/100 psn|[from] ability: Hospitality|[of] p1a: Sinistcha\n|move|p2a: Toxapex|Wide Guard|p2a: Toxapex\n|-singleturn|p2a: Toxapex|Wide Guard\n|move|p2b: Landorus|Earth Power|p1b: Iron Hands\n|-supereffective|p1b: Iron Hands\n|-damage|p1b: Iron Hands|0 fnt\n|faint|p1b: Iron Hands\n|-end|p1b: Iron Hands|Quark Drive|[silent]\n|\n|-damage|p1a: Sinistcha|72\/100 psn|[from] psn\n|upkeep\n|inactive|xtevia has 25 seconds left this turn.\n|inactive|GBarmada has 30 seconds left.\n|\n|t:|1698188419\n|switch|p1b: Torkoal|Torkoal, F|100\/100\n|-status|p1b: Torkoal|psn\n|-weather|SunnyDay|[from] ability: Drought|[of] p1b: Torkoal\n|turn|10\n|inactive|GBarmada has 30 seconds left.\n|inactive|xtevia has 30 seconds left.\n|inactive|GBarmada has 20 seconds left.\n|inactive|xtevia has 20 seconds left.\n|inactive|GBarmada has 15 seconds left.\n|inactive|xtevia has 15 seconds left.\n|inactive|GBarmada has 10 seconds left.\n|inactive|xtevia has 10 seconds left.\n|\n|t:|1698188462\n|switch|p2a: Ting-Lu|Ting-Lu|84\/100\n|-ability|p2a: Ting-Lu|Vessel of Ruin\n|-terastallize|p1b: Torkoal|Grass\n|move|p1a: Sinistcha|Rage Powder|p1a: Sinistcha\n|-singleturn|p1a: Sinistcha|move: Rage Powder\n|move|p2b: Landorus|Taunt|p1a: Sinistcha\n|-start|p1a: Sinistcha|move: Taunt\n|-enditem|p1a: Sinistcha|Mental Herb\n|-end|p1a: Sinistcha|move: Taunt\n|move|p1b: Torkoal|Solar Beam||[still]\n|-prepare|p1b: Torkoal|Solar Beam\n|-anim|p1b: Torkoal|Solar Beam|p2a: Ting-Lu\n|-supereffective|p2a: Ting-Lu\n|-damage|p2a: Ting-Lu|29\/100\n|\n|-weather|SunnyDay|[upkeep]\n|-damage|p1a: Sinistcha|59\/100 psn|[from] psn\n|-damage|p1b: Torkoal|88\/100 psn|[from] psn\n|upkeep\n|turn|11\n|inactive|GBarmada has 30 seconds left.\n|inactive|xtevia has 30 seconds left.\n|inactive|xtevia has 20 seconds left.\n|inactive|GBarmada has 20 seconds left.\n|inactive|xtevia has 15 seconds left.\n|inactive|GBarmada has 15 seconds left.\n|inactive|xtevia has 10 seconds left.\n|\n|t:|1698188489\n|switch|p2a: Goodra|Goodra-Hisui, M|100\/100\n|move|p2b: Landorus|Taunt|p1a: Sinistcha\n|-start|p1a: Sinistcha|move: Taunt\n|cant|p1a: Sinistcha|move: Taunt|Strength Sap\n|move|p1b: Torkoal|Will-O-Wisp|p2a: Goodra\n|-status|p2a: Goodra|brn\n|\n|-weather|SunnyDay|[upkeep]\n|-damage|p1a: Sinistcha|47\/100 psn|[from] psn\n|-damage|p1b: Torkoal|76\/100 psn|[from] psn\n|-damage|p2a: Goodra|94\/100 brn|[from] brn\n|upkeep\n|turn|12\n|inactive|xtevia has 30 seconds left.\n|inactive|GBarmada has 30 seconds left.\n|inactive|GBarmada has 20 seconds left.\n|\n|t:|1698188512\n|switch|p1a: Tornadus|Tornadus, M|100\/100\n|move|p2b: Landorus|U-turn|p1a: Tornadus\n|-resisted|p1a: Tornadus\n|-damage|p1a: Tornadus|92\/100\n|inactive|GBarmada has 25 seconds left this turn.\n|inactive|xtevia has 30 seconds left this turn.\n|inactive|xtevia has 20 seconds left.\n|inactive|xtevia has 15 seconds left.\n|inactive|xtevia has 10 seconds left.\n|inactive|xtevia has 5 seconds left.\n|\n|t:|1698188537\n|switch|p2b: Kleavor|Kleavor, F, tera:Ghost|100\/100|[from] U-turn\n|move|p2a: Goodra|Iron Head|p1a: Tornadus\n|-damage|p1a: Tornadus|81\/100\n|move|p1b: Torkoal|Solar Beam||[still]\n|-prepare|p1b: Torkoal|Solar Beam\n|-anim|p1b: Torkoal|Solar Beam|p2b: Kleavor\n|-damage|p2b: Kleavor|23\/100\n|\n|-weather|SunnyDay|[upkeep]\n|-heal|p2a: Goodra|100\/100 brn|[from] item: Leftovers\n|-damage|p1b: Torkoal|63\/100 psn|[from] psn\n|-damage|p2a: Goodra|94\/100 brn|[from] brn\n|upkeep\n|turn|13\n|inactive|xtevia has 30 seconds left this turn.\n|inactive|xtevia has 20 seconds left.\n|inactive|xtevia has 15 seconds left.\n|\n|t:|1698188554\n|move|p1b: Torkoal|Protect|p1b: Torkoal\n|-singleturn|p1b: Torkoal|Protect\n|move|p2b: Kleavor|Stone Axe|p1a: Tornadus|[miss]\n|-miss|p2b: Kleavor|p1a: Tornadus\n|move|p1a: Tornadus|Bleakwind Storm|p2b: Kleavor|[spread] p2a,p2b\n|-resisted|p2a: Goodra\n|-damage|p2a: Goodra|87\/100 brn\n|-damage|p2b: Kleavor|0 fnt\n|-unboost|p2a: Goodra|spe|1\n|faint|p2b: Kleavor\n|move|p2a: Goodra|Iron Head|p1b: Torkoal\n|-activate|p1b: Torkoal|move: Protect\n|\n|-weather|SunnyDay|[upkeep]\n|-heal|p2a: Goodra|93\/100 brn|[from] item: Leftovers\n|-damage|p1b: Torkoal|51\/100 psn|[from] psn\n|-damage|p2a: Goodra|87\/100 brn|[from] brn\n|upkeep\n|inactive|xtevia has 20 seconds left this turn.\n|inactive|xtevia has 15 seconds left.\n|inactive|xtevia has 10 seconds left.\n|inactive|xtevia has 5 seconds left.\n|\n|t:|1698188570\n|switch|p2b: Glimmora|Glimmora, M|10\/100\n|turn|14\n|inactive|xtevia has 30 seconds left this turn.\n|inactive|GBarmada has 60 seconds left.\n|inactive|xtevia has 20 seconds left.\n|\n|t:|1698188581\n|switch|p2a: Toxapex|Toxapex, F|71\/100\n|move|p1a: Tornadus|Protect|p1a: Tornadus\n|-singleturn|p1a: Tornadus|Protect\n|move|p2b: Glimmora|Spiky Shield|p2b: Glimmora\n|-singleturn|p2b: Glimmora|move: Protect\n|move|p1b: Torkoal|Solar Beam||[still]\n|-prepare|p1b: Torkoal|Solar Beam\n|-anim|p1b: Torkoal|Solar Beam|p2b: Glimmora\n|-activate|p2b: Glimmora|move: Protect\n|\n|-weather|none\n|-damage|p1b: Torkoal|39\/100 psn|[from] psn\n|upkeep\n|turn|15\n|inactive|xtevia has 30 seconds left.\n|\n|t:|1698188598\n|move|p2a: Toxapex|Wide Guard|p2a: Toxapex\n|-singleturn|p2a: Toxapex|Wide Guard\n|move|p1a: Tornadus|Sunny Day|p1a: Tornadus\n|-weather|SunnyDay\n|move|p2b: Glimmora|Venoshock|p1b: Torkoal\n|-supereffective|p1b: Torkoal\n|-damage|p1b: Torkoal|0 fnt\n|faint|p1b: Torkoal\n|\n|-weather|SunnyDay|[upkeep]\n|upkeep\n|\n|t:|1698188604\n|switch|p1b: Flutter Mane|Flutter Mane|21\/100 psn\n|-activate|p1b: Flutter Mane|ability: Protosynthesis\n|-start|p1b: Flutter Mane|protosynthesisspa\n|turn|16\n|\n|t:|1698188625\n|move|p1a: Tornadus|Protect|p1a: Tornadus\n|-singleturn|p1a: Tornadus|Protect\n|move|p2b: Glimmora|Spiky Shield|p2b: Glimmora\n|-singleturn|p2b: Glimmora|move: Protect\n|move|p1b: Flutter Mane|Moonblast|p2a: Toxapex\n|-resisted|p2a: Toxapex\n|-damage|p2a: Toxapex|35\/100\n|move|p2a: Toxapex|Icy Wind|p1a: Tornadus|[spread] p1b\n|-activate|p1a: Tornadus|move: Protect\n|-damage|p1b: Flutter Mane|16\/100 psn\n|-unboost|p1b: Flutter Mane|spe|1\n|\n|-weather|SunnyDay|[upkeep]\n|-damage|p1b: Flutter Mane|3\/100 psn|[from] psn\n|upkeep\n|turn|17\n|inactive|GBarmada has 90 seconds left.\n|\n|t:|1698188643\n|move|p2a: Toxapex|Wide Guard|p2a: Toxapex\n|-singleturn|p2a: Toxapex|Wide Guard\n|move|p1a: Tornadus|Tailwind|p1a: Tornadus\n|-sidestart|p1: GBarmada|move: Tailwind\n|move|p1b: Flutter Mane|Moonblast|p2a: Toxapex\n|-resisted|p2a: Toxapex\n|-damage|p2a: Toxapex|0 fnt\n|faint|p2a: Toxapex\n|move|p2b: Glimmora|Mortal Spin|p1a: Tornadus|[spread] p1a,p1b\n|-damage|p1a: Tornadus|78\/100\n|-damage|p1b: Flutter Mane|0 fnt\n|-status|p1a: Tornadus|psn\n|faint|p1b: Flutter Mane\n|-end|p1b: Flutter Mane|Protosynthesis|[silent]\n|\n|-weather|SunnyDay|[upkeep]\n|-damage|p1a: Tornadus|65\/100 psn|[from] psn\n|upkeep\n|inactive|xtevia has 60 seconds left.\n|inactive|xtevia has 30 seconds left.\n|inactive|xtevia has 20 seconds left.\n|inactive|xtevia has 15 seconds left.\n|inactive|xtevia has 10 seconds left.\n|inactive|xtevia has 5 seconds left.\n|-message|xtevia lost due to inactivity.\n|\n|win|GBarmada\n|raw|GBarmada's rating: 1387 &rarr; <strong>1408<\/strong><br \/>(+21 for winning)\n|raw|xtevia's rating: 1404 &rarr; <strong>1383<\/strong><br \/>(-21 for losing)\n|c|\u2606GBarmada|GG WP\n|c|\u2606GBarmada|I really like your team\n|l|\u2606xtevia\n","uploadtime":1698188760,"views":9,"p1id":"gbarmada","p2id":"xtevia","formatid":"gen9doublesou","rating":1383,"private":0,"password":""}