{"id":"gen9doublesou-1994068802","p1":"CoreSolis","p2":"Pedrocedraz","format":"[Gen 9] Doubles OU","log":"|j|\u2606CoreSolis\n|j|\u2606Pedrocedraz\n|t:|1700402727\n|gametype|doubles\n|player|p1|CoreSolis|pokemonrangerf|1114\n|player|p2|Pedrocedraz|lucas-gen4pt|1000\n|teamsize|p1|6\n|teamsize|p2|6\n|gen|9\n|tier|[Gen 9] Doubles OU\n|rated|\n|rule|Species Clause: Limit one of each Pok\u00e9mon\n|rule|OHKO Clause: OHKO moves are banned\n|rule|Evasion Moves Clause: Evasion moves are banned\n|rule|Gravity Sleep Clause: The combination of sleep-inducing moves with imperfect accuracy and Gravity or Gigantamax Orbeetle are banned\n|rule|Endless Battle Clause: Forcing endless battles is banned\n|rule|HP Percentage Mod: HP is shown in percentages\n|clearpoke\n|poke|p1|Zoroark-Hisui, F|\n|poke|p1|Sinistcha-Masterpiece|\n|poke|p1|Enamorus, F|\n|poke|p1|Tornadus, M|\n|poke|p1|Volcarona, F|\n|poke|p1|Ogerpon-Hearthflame, F|\n|poke|p2|Ursaluna-Bloodmoon, M|\n|poke|p2|Landorus-Therian, M|\n|poke|p2|Torkoal, M|\n|poke|p2|Volcanion|\n|poke|p2|Heatran, M|\n|poke|p2|Rillaboom, M|\n|teampreview\n|c|\u2606CoreSolis|glhf\n|\n|t:|1700402743\n|start\n|switch|p1a: Tornadus|Tornadus, M|100\/100\n|switch|p1b: Ogerpon|Ogerpon-Hearthflame, F|100\/100\n|switch|p2a: Torkoal|Torkoal, M|100\/100\n|switch|p2b: Volcanion|Volcanion|100\/100\n|-weather|SunnyDay|[from] ability: Drought|[of] p2a: Torkoal\n|turn|1\n|\n|t:|1700402781\n|move|p1a: Tornadus|Taunt|p2a: Torkoal\n|-start|p2a: Torkoal|move: Taunt\n|move|p1b: Ogerpon|U-turn|p2b: Volcanion\n|-resisted|p2b: Volcanion\n|-damage|p2b: Volcanion|95\/100\n|\n|t:|1700402787\n|switch|p1b: Enamorus|Enamorus, F|100\/100|[from] U-turn\n|move|p2b: Volcanion|Steam Eruption|p1b: Enamorus\n|-damage|p1b: Enamorus|77\/100\n|cant|p2a: Torkoal|move: Taunt|Yawn\n|\n|-weather|SunnyDay|[upkeep]\n|-heal|p2b: Volcanion|100\/100|[from] item: Leftovers\n|upkeep\n|turn|2\n|\n|t:|1700402818\n|move|p1a: Tornadus|Tailwind|p1a: Tornadus\n|-sidestart|p1: CoreSolis|move: Tailwind\n|move|p1b: Enamorus|Superpower|p2a: Torkoal\n|-damage|p2a: Torkoal|68\/100\n|-boost|p1b: Enamorus|atk|1\n|-boost|p1b: Enamorus|def|1\n|move|p2b: Volcanion|Will-O-Wisp|p1a: Tornadus\n|-status|p1a: Tornadus|brn\n|move|p2a: Torkoal|Clear Smog|p1b: Enamorus\n|-supereffective|p1b: Enamorus\n|-damage|p1b: Enamorus|57\/100\n|-clearboost|p1b: Enamorus\n|\n|-weather|SunnyDay|[upkeep]\n|-damage|p1a: Tornadus|94\/100 brn|[from] brn\n|upkeep\n|turn|3\n|\n|t:|1700402875\n|move|p1a: Tornadus|Bleakwind Storm|p2a: Torkoal|[spread] p2a\n|-miss|p1a: Tornadus|p2b: Volcanion\n|-damage|p2a: Torkoal|14\/100\n|-unboost|p2a: Torkoal|spe|1\n|move|p1b: Enamorus|Superpower|p2a: Torkoal\n|-damage|p2a: Torkoal|0 fnt\n|-boost|p1b: Enamorus|atk|1\n|-boost|p1b: Enamorus|def|1\n|faint|p2a: Torkoal\n|move|p2b: Volcanion|Substitute|p2b: Volcanion\n|-start|p2b: Volcanion|Substitute\n|-damage|p2b: Volcanion|75\/100\n|\n|-weather|SunnyDay|[upkeep]\n|-heal|p2b: Volcanion|82\/100|[from] item: Leftovers\n|-damage|p1a: Tornadus|88\/100 brn|[from] brn\n|upkeep\n|\n|t:|1700402888\n|switch|p2a: Ursaluna|Ursaluna-Bloodmoon, M|100\/100\n|turn|4\n|\n|t:|1700402907\n|move|p1a: Tornadus|Bleakwind Storm|p2b: Volcanion|[spread] p2a,p2b\n|-end|p2b: Volcanion|Substitute\n|-damage|p2a: Ursaluna|56\/100\n|-unboost|p2a: Ursaluna|spe|1\n|move|p1b: Enamorus|Superpower|p2a: Ursaluna\n|-supereffective|p2a: Ursaluna\n|-damage|p2a: Ursaluna|0 fnt\n|-boost|p1b: Enamorus|atk|1\n|-boost|p1b: Enamorus|def|1\n|faint|p2a: Ursaluna\n|move|p2b: Volcanion|Fire Blast|p1a: Tornadus\n|-damage|p1a: Tornadus|0 fnt\n|faint|p1a: Tornadus\n|\n|-weather|SunnyDay|[upkeep]\n|-heal|p2b: Volcanion|88\/100|[from] item: Leftovers\n|upkeep\n|\n|t:|1700402920\n|switch|p1a: Ogerpon|Ogerpon-Hearthflame, F|100\/100\n|switch|p2a: Rillaboom|Rillaboom, M, shiny|100\/100\n|-ability|p1a: Ogerpon|Mold Breaker\n|-fieldstart|move: Grassy Terrain|[from] ability: Grassy Surge|[of] p2a: Rillaboom\n|-enditem|p2a: Rillaboom|Grassy Seed\n|-boost|p2a: Rillaboom|def|1|[from] item: Grassy Seed\n|turn|5\n|\n|t:|1700402937\n|-terastallize|p1b: Enamorus|Flying\n|move|p1b: Enamorus|Tera Blast|p2a: Rillaboom|[anim] Tera Blast Flying\n|-supereffective|p2a: Rillaboom\n|-damage|p2a: Rillaboom|0 fnt\n|faint|p2a: Rillaboom\n|move|p1a: Ogerpon|Knock Off|p2b: Volcanion\n|-damage|p2b: Volcanion|56\/100\n|-enditem|p2b: Volcanion|Leftovers|[from] move: Knock Off|[of] p1a: Ogerpon\n|move|p2b: Volcanion|Steam Eruption|p1a: Ogerpon\n|-crit|p1a: Ogerpon\n|-damage|p1a: Ogerpon|57\/100\n|\n|-weather|none\n|-heal|p1a: Ogerpon|63\/100|[from] Grassy Terrain\n|-heal|p2b: Volcanion|62\/100|[from] Grassy Terrain\n|-sideend|p1: CoreSolis|move: Tailwind\n|upkeep\n|\n|t:|1700402964\n|switch|p2a: Heatran|Heatran, M|100\/100\n|turn|6\n|\n|t:|1700402984\n|move|p1a: Ogerpon|Spiky Shield|p1a: Ogerpon\n|-singleturn|p1a: Ogerpon|move: Protect\n|move|p1b: Enamorus|Superpower|p2a: Heatran\n|-supereffective|p2a: Heatran\n|-damage|p2a: Heatran|0 fnt\n|-boost|p1b: Enamorus|atk|1\n|-boost|p1b: Enamorus|def|1\n|faint|p2a: Heatran\n|move|p2b: Volcanion|Fire Blast|p1a: Ogerpon\n|-activate|p1a: Ogerpon|move: Protect\n|\n|-heal|p1a: Ogerpon|70\/100|[from] Grassy Terrain\n|-heal|p2b: Volcanion|68\/100|[from] Grassy Terrain\n|upkeep\n|-message|Pedrocedraz forfeited.\n|\n|win|CoreSolis\n|raw|CoreSolis's rating: 1114 &rarr; <strong>1131<\/strong><br \/>(+17 for winning)\n|raw|Pedrocedraz's rating: 1000 &rarr; <strong>1000<\/strong><br \/>(+0 for losing)\n|l|\u2606Pedrocedraz\n|c|\u2606CoreSolis|gg\n","uploadtime":1700403002,"views":12,"p1id":"coresolis","p2id":"pedrocedraz","formatid":"gen9doublesou","rating":1000,"private":0,"password":""}