{"id":"gen9doublesou-1979304439","p1":"Khoi54321","p2":"xgcl","format":"[Gen 9] Doubles OU","log":"|j|\u2606Khoi54321\n|j|\u2606xgcl\n|t:|1698668967\n|gametype|doubles\n|player|p1|Khoi54321|265|1151\n|player|p2|xgcl|ingo|1263\n|teamsize|p1|6\n|teamsize|p2|6\n|gen|9\n|tier|[Gen 9] Doubles OU\n|rated|\n|rule|Species Clause: Limit one of each Pok\u00e9mon\n|rule|OHKO Clause: OHKO moves are banned\n|rule|Evasion Moves Clause: Evasion moves are banned\n|rule|Gravity Sleep Clause: The combination of sleep-inducing moves with imperfect accuracy and Gravity or Gigantamax Orbeetle are banned\n|rule|Endless Battle Clause: Forcing endless battles is banned\n|rule|HP Percentage Mod: HP is shown in percentages\n|clearpoke\n|poke|p1|Grafaiai, F|\n|poke|p1|Slaking, M|\n|poke|p1|Mandibuzz, F|\n|poke|p1|Great Tusk|\n|poke|p1|Volcanion|\n|poke|p1|Sinistcha|\n|poke|p2|Ursaluna, M|\n|poke|p2|Amoonguss, M|\n|poke|p2|Chi-Yu|\n|poke|p2|Gliscor, M|\n|poke|p2|Flutter Mane|\n|poke|p2|Basculegion-F, F|\n|teampreview\n|inactive|Battle timer is ON: inactive players will automatically lose when time's up. (requested by xgcl)\n|inactive|Khoi54321 also wants the timer to be on.\n|\n|t:|1698668983\n|start\n|switch|p1a: Grafaiai|Grafaiai, F|100\/100\n|switch|p1b: Slaking|Slaking, M|100\/100\n|switch|p2a: Amoonguss|Amoonguss, M|100\/100\n|switch|p2b: Gliscor|Gliscor, M|100\/100\n|turn|1\n|\n|t:|1698669008\n|move|p2b: Gliscor|Protect|p2b: Gliscor\n|-singleturn|p2b: Gliscor|Protect\n|move|p1a: Grafaiai|Doodle|p2b: Gliscor\n|-endability|p1a: Grafaiai|Prankster|[from] move: Doodle\n|-ability|p1a: Grafaiai|Poison Heal|[from] move: Doodle\n|-endability|p1b: Slaking|Truant|[from] move: Doodle\n|-ability|p1b: Slaking|Poison Heal|[from] move: Doodle\n|move|p1b: Slaking|Mega Kick|p2b: Gliscor\n|-activate|p2b: Gliscor|move: Protect\n|move|p2a: Amoonguss|Spore|p1b: Slaking\n|-status|p1b: Slaking|slp|[from] move: Spore\n|\n|-status|p2b: Gliscor|tox|[from] item: Toxic Orb\n|upkeep\n|turn|2\n|\n|t:|1698669029\n|move|p2a: Amoonguss|Rage Powder|p2a: Amoonguss\n|-singleturn|p2a: Amoonguss|move: Rage Powder\n|move|p1a: Grafaiai|Poison Jab|p2a: Amoonguss\n|-damage|p2a: Amoonguss|80\/100\n|cant|p1b: Slaking|slp\n|move|p2b: Gliscor|Swords Dance|p2b: Gliscor\n|-boost|p2b: Gliscor|atk|2\n|\n|-heal|p2a: Amoonguss|86\/100|[from] item: Leftovers\n|upkeep\n|turn|3\n|\n|t:|1698669045\n|switch|p1a: Volcanion|Volcanion|100\/100\n|move|p2a: Amoonguss|Rage Powder|p2a: Amoonguss\n|-singleturn|p2a: Amoonguss|move: Rage Powder\n|cant|p1b: Slaking|slp\n|move|p2b: Gliscor|Swords Dance|p2b: Gliscor\n|-boost|p2b: Gliscor|atk|2\n|\n|-heal|p2a: Amoonguss|92\/100|[from] item: Leftovers\n|upkeep\n|turn|4\n|\n|t:|1698669055\n|move|p2a: Amoonguss|Rage Powder|p2a: Amoonguss\n|-singleturn|p2a: Amoonguss|move: Rage Powder\n|-curestatus|p1b: Slaking|slp|[msg]\n|move|p1b: Slaking|Mega Kick|p2a: Amoonguss\n|-damage|p2a: Amoonguss|30\/100\n|move|p2b: Gliscor|Swords Dance|p2b: Gliscor\n|-boost|p2b: Gliscor|atk|2\n|move|p1a: Volcanion|Fire Blast|p2a: Amoonguss\n|-supereffective|p2a: Amoonguss\n|-damage|p2a: Amoonguss|0 fnt\n|faint|p2a: Amoonguss\n|-damage|p1a: Volcanion|91\/100|[from] item: Life Orb\n|\n|upkeep\n|\n|t:|1698669076\n|switch|p2a: Basculegion|Basculegion-F, F|100\/100\n|turn|5\n|\n|t:|1698669084\n|move|p2b: Gliscor|Protect|p2b: Gliscor\n|-singleturn|p2b: Gliscor|Protect\n|move|p2a: Basculegion|Hydro Pump|p1b: Slaking\n|-damage|p1b: Slaking|45\/100\n|-enditem|p1b: Slaking|Sitrus Berry|[eat]\n|-heal|p1b: Slaking|70\/100|[from] item: Sitrus Berry\n|move|p1b: Slaking|Mega Kick|p2b: Gliscor\n|-activate|p2b: Gliscor|move: Protect\n|move|p1a: Volcanion|Steam Eruption|p2b: Gliscor\n|-activate|p2b: Gliscor|move: Protect\n|\n|upkeep\n|turn|6\n|\n|t:|1698669100\n|move|p2a: Basculegion|Hydro Pump|p1b: Slaking\n|-damage|p1b: Slaking|12\/100\n|move|p1b: Slaking|Mega Kick|p2b: Gliscor\n|-damage|p2b: Gliscor|37\/100 tox\n|move|p2b: Gliscor|Earthquake|p1b: Slaking|[spread] p2a,p1a,p1b\n|-supereffective|p1a: Volcanion\n|-damage|p2a: Basculegion|0 fnt\n|-damage|p1a: Volcanion|0 fnt\n|-damage|p1b: Slaking|0 fnt\n|faint|p2a: Basculegion\n|faint|p1a: Volcanion\n|faint|p1b: Slaking\n|\n|-heal|p2b: Gliscor|49\/100 tox|[from] ability: Poison Heal\n|upkeep\n|\n|t:|1698669114\n|switch|p2a: Chi-Yu|Chi-Yu|100\/100\n|switch|p1b: Sinistcha|Sinistcha|100\/100\n|switch|p1a: Mandibuzz|Mandibuzz, F|100\/100\n|-ability|p2a: Chi-Yu|Beads of Ruin\n|turn|7\n|\n|t:|1698669125\n|move|p2b: Gliscor|Protect|p2b: Gliscor\n|-singleturn|p2b: Gliscor|Protect\n|move|p1b: Sinistcha|Protect|p1b: Sinistcha\n|-singleturn|p1b: Sinistcha|Protect\n|move|p2a: Chi-Yu|Heat Wave|p1b: Sinistcha|[spread] \n|-activate|p1b: Sinistcha|move: Protect\n|-miss|p2a: Chi-Yu|p1a: Mandibuzz\n|move|p1a: Mandibuzz|Brave Bird|p2b: Gliscor\n|-activate|p2b: Gliscor|move: Protect\n|\n|-heal|p2b: Gliscor|62\/100 tox|[from] ability: Poison Heal\n|upkeep\n|turn|8\n|\n|t:|1698669144\n|-terastallize|p2b: Gliscor|Steel\n|move|p1b: Sinistcha|Rage Powder|p1b: Sinistcha\n|-singleturn|p1b: Sinistcha|move: Rage Powder\n|move|p2a: Chi-Yu|Heat Wave|p1b: Sinistcha|[spread] p1b\n|-miss|p2a: Chi-Yu|p1a: Mandibuzz\n|-supereffective|p1b: Sinistcha\n|-damage|p1b: Sinistcha|41\/100\n|move|p2b: Gliscor|Dual Wingbeat|p1b: Sinistcha|[miss]\n|-miss|p2b: Gliscor|p1b: Sinistcha\n|move|p1a: Mandibuzz|Brave Bird|p2b: Gliscor\n|-resisted|p2b: Gliscor\n|-damage|p2b: Gliscor|49\/100 tox\n|-damage|p1a: Mandibuzz|96\/100|[from] Recoil\n|\n|-heal|p1a: Mandibuzz|100\/100|[from] item: Leftovers\n|-heal|p1b: Sinistcha|47\/100|[from] item: Leftovers\n|-heal|p2b: Gliscor|62\/100 tox|[from] ability: Poison Heal\n|upkeep\n|turn|9\n|\n|t:|1698669168\n|move|p2a: Chi-Yu|Heat Wave|p1a: Mandibuzz|[spread] p1a,p1b\n|-supereffective|p1b: Sinistcha\n|-damage|p1a: Mandibuzz|62\/100\n|-damage|p1b: Sinistcha|0 fnt\n|faint|p1b: Sinistcha\n|move|p2b: Gliscor|Dual Wingbeat|p1a: Mandibuzz\n|-damage|p1a: Mandibuzz|5\/100\n|-damage|p1a: Mandibuzz|0 fnt\n|faint|p1a: Mandibuzz\n|-hitcount|p1: Mandibuzz|2\n|\n|-heal|p2b: Gliscor|74\/100 tox|[from] ability: Poison Heal\n|upkeep\n|\n|t:|1698669175\n|switch|p1a: Great Tusk|Great Tusk|100\/100\n|switch|p1b: Grafaiai|Grafaiai, F|100\/100\n|turn|10\n|\n|t:|1698669187\n|move|p1b: Grafaiai|Protect|p1b: Grafaiai\n|-singleturn|p1b: Grafaiai|Protect\n|move|p2b: Gliscor|Protect|p2b: Gliscor\n|-singleturn|p2b: Gliscor|Protect\n|move|p2a: Chi-Yu|Heat Wave|p1b: Grafaiai|[spread] p1a\n|-activate|p1b: Grafaiai|move: Protect\n|-crit|p1a: Great Tusk\n|-damage|p1a: Great Tusk|14\/100\n|-enditem|p1a: Great Tusk|Sitrus Berry|[eat]\n|-heal|p1a: Great Tusk|39\/100|[from] item: Sitrus Berry\n|move|p1a: Great Tusk|Earthquake|p2b: Gliscor|[spread] p2a\n|-activate|p1b: Grafaiai|move: Protect\n|-activate|p2b: Gliscor|move: Protect\n|-supereffective|p2a: Chi-Yu\n|-damage|p2a: Chi-Yu|0 fnt\n|faint|p2a: Chi-Yu\n|\n|-heal|p2b: Gliscor|86\/100 tox|[from] ability: Poison Heal\n|upkeep\n|\n|t:|1698669200\n|switch|p2a: Flutter Mane|Flutter Mane|100\/100\n|-enditem|p2a: Flutter Mane|Booster Energy\n|-activate|p2a: Flutter Mane|ability: Protosynthesis|[fromitem]\n|-start|p2a: Flutter Mane|protosynthesisspe\n|turn|11\n|\n|t:|1698669210\n|move|p2a: Flutter Mane|Dazzling Gleam|p1a: Great Tusk|[spread] p1a,p1b\n|-supereffective|p1a: Great Tusk\n|-resisted|p1b: Grafaiai\n|-damage|p1a: Great Tusk|0 fnt\n|-damage|p1b: Grafaiai|76\/100\n|faint|p1a: Great Tusk\n|-end|p1a: Great Tusk|Protosynthesis|[silent]\n|move|p1b: Grafaiai|Poison Jab|p2a: Flutter Mane\n|-damage|p2a: Flutter Mane|44\/100\n|move|p2b: Gliscor|Dual Wingbeat|p1b: Grafaiai\n|-damage|p1b: Grafaiai|0 fnt\n|-damage|p2b: Gliscor|70\/100 tox|[from] item: Rocky Helmet|[of] p1b: Grafaiai\n|faint|p1b: Grafaiai\n|-hitcount|p1: Grafaiai|1\n|\n|win|xgcl\n|raw|Khoi54321's rating: 1151 &rarr; <strong>1134<\/strong><br \/>(-17 for losing)\n|raw|xgcl's rating: 1263 &rarr; <strong>1280<\/strong><br \/>(+17 for winning)\n|l|\u2606Khoi54321\n","uploadtime":1698669230,"views":22,"p1id":"khoi54321","p2id":"xgcl","formatid":"gen9doublesou","rating":1134,"private":0,"password":""}