{"id":"gen9doublesou-2000158935","p1":"Cryptic_Brawler","p2":"Guy Oh","format":"[Gen 9] Doubles OU","log":"|j|\u203dCryptic_Brawler\n|j|\u203dGuy Oh\n|t:|1701164935\n|gametype|doubles\n|player|p1|Cryptic_Brawler|ghetsis-gen5bw|\n|player|p2|Guy Oh|boarder|\n|teamsize|p1|6\n|teamsize|p2|6\n|gen|9\n|tier|[Gen 9] Doubles OU\n|rule|Species Clause: Limit one of each Pok\u00e9mon\n|rule|OHKO Clause: OHKO moves are banned\n|rule|Evasion Moves Clause: Evasion moves are banned\n|rule|Gravity Sleep Clause: The combination of sleep-inducing moves with imperfect accuracy and Gravity or Gigantamax Orbeetle are banned\n|rule|Endless Battle Clause: Forcing endless battles is banned\n|rule|HP Percentage Mod: HP is shown in percentages\n|clearpoke\n|poke|p1|Scizor, F|\n|poke|p1|Walking Wake|\n|poke|p1|Politoed, M|\n|poke|p1|Gliscor, M|\n|poke|p1|Talonflame, F|\n|poke|p1|Iron Valiant|\n|poke|p2|Armarouge, F|\n|poke|p2|Grimmsnarl, M|\n|poke|p2|Sinistcha-Masterpiece|\n|poke|p2|Iron Hands|\n|poke|p2|Indeedee-F, F|\n|poke|p2|Kingambit, M|\n|teampreview\n|\n|t:|1701164995\n|start\n|switch|p1a: Scizor|Scizor, F|100\/100\n|switch|p1b: Politoed|Politoed, M|100\/100\n|switch|p2a: Indeedee|Indeedee-F, F|100\/100\n|switch|p2b: Armarouge|Armarouge, F|100\/100\n|-fieldstart|move: Psychic Terrain|[from] ability: Psychic Surge|[of] p2a: Indeedee\n|-weather|RainDance|[from] ability: Drizzle|[of] p1b: Politoed\n|turn|1\n|\n|t:|1701165048\n|switch|p1a: Walking Wake|Walking Wake|100\/100\n|-enditem|p1a: Walking Wake|Booster Energy\n|-activate|p1a: Walking Wake|ability: Protosynthesis|[fromitem]\n|-start|p1a: Walking Wake|protosynthesisspa\n|move|p2b: Armarouge|Armor Cannon|p1a: Walking Wake\n|-resisted|p1a: Walking Wake\n|-damage|p1a: Walking Wake|89\/100\n|-unboost|p2b: Armarouge|def|1\n|-unboost|p2b: Armarouge|spd|1\n|-damage|p2b: Armarouge|91\/100|[from] item: Life Orb\n|move|p1b: Politoed|Surf|p2a: Indeedee|[spread] p1a,p2a,p2b\n|-resisted|p1a: Walking Wake\n|-supereffective|p2b: Armarouge\n|-damage|p1a: Walking Wake|76\/100\n|-damage|p2a: Indeedee|70\/100\n|-damage|p2b: Armarouge|0 fnt\n|faint|p2b: Armarouge\n|move|p2a: Indeedee|Trick Room|p2a: Indeedee\n|-fieldstart|move: Trick Room|[of] p2a: Indeedee\n|\n|-weather|RainDance|[upkeep]\n|upkeep\n|\n|t:|1701165067\n|switch|p2b: Iron Hands|Iron Hands|100\/100\n|turn|2\n|\n|t:|1701165095\n|move|p2b: Iron Hands|Thunder Punch|p1a: Walking Wake\n|-damage|p1a: Walking Wake|27\/100\n|move|p1b: Politoed|Psychic|p2b: Iron Hands\n|-supereffective|p2b: Iron Hands\n|-damage|p2b: Iron Hands|57\/100\n|move|p2a: Indeedee|Psychic|p1b: Politoed\n|-crit|p1b: Politoed\n|-damage|p1b: Politoed|51\/100\n|move|p1a: Walking Wake|Hurricane|p2b: Iron Hands\n|-damage|p2b: Iron Hands|26\/100\n|-start|p2b: Iron Hands|confusion\n|\n|-weather|RainDance|[upkeep]\n|upkeep\n|turn|3\n|\n|t:|1701165141\n|move|p1a: Walking Wake|Protect|p1a: Walking Wake\n|-singleturn|p1a: Walking Wake|Protect\n|move|p2a: Indeedee|Follow Me|p2a: Indeedee\n|-singleturn|p2a: Indeedee|move: Follow Me\n|-activate|p2b: Iron Hands|confusion\n|move|p2b: Iron Hands|Thunder Punch|p1a: Walking Wake\n|-activate|p1a: Walking Wake|move: Protect\n|move|p1b: Politoed|Psychic|p2a: Indeedee\n|-resisted|p2a: Indeedee\n|-damage|p2a: Indeedee|58\/100\n|\n|-weather|RainDance|[upkeep]\n|upkeep\n|turn|4\n|\n|t:|1701165160\n|-end|p1a: Walking Wake|Protosynthesis|[silent]\n|switch|p1a: Gliscor|Gliscor, M|100\/100\n|move|p2a: Indeedee|Follow Me|p2a: Indeedee\n|-singleturn|p2a: Indeedee|move: Follow Me\n|-activate|p2b: Iron Hands|confusion\n|move|p2b: Iron Hands|Thunder Punch|p1a: Gliscor\n|-immune|p1a: Gliscor\n|move|p1b: Politoed|Psychic|p2a: Indeedee\n|-resisted|p2a: Indeedee\n|-damage|p2a: Indeedee|45\/100\n|\n|-weather|RainDance|[upkeep]\n|-status|p1a: Gliscor|tox|[from] item: Toxic Orb\n|upkeep\n|turn|5\n|inactive|Battle timer is ON: inactive players will automatically lose when time's up. (requested by Cryptic_Brawler)\n|\n|t:|1701165200\n|-end|p2b: Iron Hands|Quark Drive|[silent]\n|switch|p2b: Grimmsnarl|Grimmsnarl, M|100\/100\n|switch|p2a: Sinistcha|Sinistcha-Masterpiece|100\/100\n|move|p1b: Politoed|Psychic|p2b: Grimmsnarl\n|-immune|p2b: Grimmsnarl\n|move|p1a: Gliscor|Knock Off|p2a: Sinistcha\n|-supereffective|p2a: Sinistcha\n|-crit|p2a: Sinistcha\n|-damage|p2a: Sinistcha|45\/100\n|-enditem|p2a: Sinistcha|Leftovers|[from] move: Knock Off|[of] p1a: Gliscor\n|\n|-weather|RainDance|[upkeep]\n|-fieldend|move: Trick Room\n|-fieldend|move: Psychic Terrain\n|upkeep\n|turn|6\n|\n|t:|1701165225\n|move|p2a: Sinistcha|Protect|p2a: Sinistcha\n|-singleturn|p2a: Sinistcha|Protect\n|move|p2b: Grimmsnarl|Reflect|p2b: Grimmsnarl\n|-sidestart|p2: Guy Oh|Reflect\n|move|p1a: Gliscor|U-turn|p2a: Sinistcha\n|-activate|p2a: Sinistcha|move: Protect\n|move|p1b: Politoed|Earth Power|p2b: Grimmsnarl\n|-damage|p2b: Grimmsnarl|79\/100\n|\n|-weather|RainDance|[upkeep]\n|upkeep\n|turn|7\n|\n|t:|1701165246\n|move|p2b: Grimmsnarl|Light Screen|p2b: Grimmsnarl\n|-sidestart|p2: Guy Oh|move: Light Screen\n|move|p1a: Gliscor|U-turn|p2b: Grimmsnarl\n|-damage|p2b: Grimmsnarl|63\/100\n|\n|t:|1701165267\n|switch|p1a: Walking Wake|Walking Wake|27\/100|[from] U-turn\n|move|p2a: Sinistcha|Matcha Gotcha|p1a: Walking Wake|[spread] p1b\n|-miss|p2a: Sinistcha|p1a: Walking Wake\n|-supereffective|p1b: Politoed\n|-damage|p1b: Politoed|11\/100\n|-heal|p2a: Sinistcha|67\/100|[from] drain|[of] p1b: Politoed\n|move|p1b: Politoed|Ice Beam|p2a: Sinistcha\n|-supereffective|p2a: Sinistcha\n|-damage|p2a: Sinistcha|22\/100\n|\n|-weather|RainDance|[upkeep]\n|upkeep\n|turn|8\n|inactive|Cryptic_Brawler has 270 seconds left.\n|\n|t:|1701165298\n|move|p2a: Sinistcha|Protect|p2a: Sinistcha\n|-singleturn|p2a: Sinistcha|Protect\n|move|p1a: Walking Wake|Hurricane|p2a: Sinistcha\n|-activate|p2a: Sinistcha|move: Protect\n|move|p1b: Politoed|Ice Beam|p2b: Grimmsnarl\n|-damage|p2b: Grimmsnarl|50\/100\n|move|p2b: Grimmsnarl|Spirit Break|p1a: Walking Wake\n|-supereffective|p1a: Walking Wake\n|-damage|p1a: Walking Wake|0 fnt\n|faint|p1a: Walking Wake\n|-end|p1a: Walking Wake|Protosynthesis|[silent]\n|\n|-weather|none\n|upkeep\n|inactive|Cryptic_Brawler has 270 seconds left.\n|\n|t:|1701165312\n|switch|p1a: Gliscor|Gliscor, M|100\/100 tox\n|turn|9\n|\n|t:|1701165338\n|switch|p1b: Talonflame|Talonflame, F|100\/100\n|move|p2b: Grimmsnarl|Parting Shot|p1a: Gliscor\n|-unboost|p1a: Gliscor|atk|1\n|-unboost|p1a: Gliscor|spa|1\n|inactive|Guy Oh has 270 seconds left.\n|\n|t:|1701165350\n|switch|p2b: Indeedee|Indeedee-F, F|45\/100|[from] Parting Shot\n|-fieldstart|move: Psychic Terrain|[from] ability: Psychic Surge|[of] p2b: Indeedee\n|move|p1a: Gliscor|U-turn|p2a: Sinistcha\n|-damage|p2a: Sinistcha|16\/100\n|\n|t:|1701165362\n|switch|p1a: Scizor|Scizor, F|100\/100|[from] U-turn\n|move|p2a: Sinistcha|Matcha Gotcha|p1b: Talonflame|[spread] p1a,p1b\n|-resisted|p1a: Scizor\n|-resisted|p1b: Talonflame\n|-crit|p1b: Talonflame\n|-damage|p1a: Scizor|94\/100\n|-heal|p2a: Sinistcha|19\/100|[from] drain|[of] p1a: Scizor\n|-damage|p1b: Talonflame|85\/100\n|-heal|p2a: Sinistcha|26\/100|[from] drain|[of] p1b: Talonflame\n|\n|upkeep\n|turn|10\n|\n|t:|1701165379\n|move|p2a: Sinistcha|Protect|p2a: Sinistcha\n|-singleturn|p2a: Sinistcha|Protect\n|move|p1b: Talonflame|Brave Bird|p2a: Sinistcha\n|-activate|p2a: Sinistcha|move: Protect\n|move|p2b: Indeedee|Heal Pulse|p2a: Sinistcha\n|-activate|p2a: Sinistcha|move: Protect\n|move|p1a: Scizor|X-Scissor|p2b: Indeedee\n|-supereffective|p2b: Indeedee\n|-damage|p2b: Indeedee|0 fnt\n|faint|p2b: Indeedee\n|-damage|p1a: Scizor|84\/100|[from] item: Life Orb\n|\n|upkeep\n|inactive|Guy Oh has 270 seconds left.\n|\n|t:|1701165409\n|switch|p2b: Grimmsnarl|Grimmsnarl, M|50\/100\n|turn|11\n|\n|t:|1701165435\n|move|p1b: Talonflame|U-turn|p2a: Sinistcha\n|-damage|p2a: Sinistcha|17\/100\n|\n|t:|1701165439\n|switch|p1b: Politoed|Politoed, M|11\/100|[from] U-turn\n|-weather|RainDance|[from] ability: Drizzle|[of] p1b: Politoed\n|move|p2a: Sinistcha|Matcha Gotcha|p1b: Politoed|[spread] p1a,p1b\n|-resisted|p1a: Scizor\n|-supereffective|p1b: Politoed\n|-damage|p1a: Scizor|77\/100\n|-heal|p2a: Sinistcha|20\/100|[from] drain|[of] p1a: Scizor\n|-damage|p1b: Politoed|0 fnt\n|-heal|p2a: Sinistcha|27\/100|[from] drain|[of] p1b: Politoed\n|-status|p1a: Scizor|brn\n|faint|p1b: Politoed\n|move|p1a: Scizor|Swords Dance|p1a: Scizor\n|-boost|p1a: Scizor|atk|2\n|move|p2b: Grimmsnarl|Spirit Break|p1a: Scizor\n|-resisted|p1a: Scizor\n|-damage|p1a: Scizor|62\/100 brn\n|-unboost|p1a: Scizor|spa|1\n|\n|-weather|RainDance|[upkeep]\n|-damage|p1a: Scizor|56\/100 brn|[from] brn\n|upkeep\n|\n|t:|1701165445\n|switch|p1b: Gliscor|Gliscor, M|100\/100 tox\n|turn|12\n|\n|t:|1701165471\n|move|p1a: Scizor|Bullet Punch|p2b: Grimmsnarl\n|-activate|p2b: Grimmsnarl|move: Psychic Terrain\n|move|p2b: Grimmsnarl|Parting Shot|p1a: Scizor\n|-activate|p1a: Scizor|move: Psychic Terrain\n|move|p1b: Gliscor|U-turn|p2a: Sinistcha\n|-damage|p2a: Sinistcha|18\/100\n|inactive|Cryptic_Brawler has 270 seconds left.\n|\n|t:|1701165489\n|switch|p1b: Iron Valiant|Iron Valiant|100\/100|[from] U-turn\n|-enditem|p1b: Iron Valiant|Booster Energy\n|-activate|p1b: Iron Valiant|ability: Quark Drive|[fromitem]\n|-start|p1b: Iron Valiant|quarkdrivespe\n|move|p2a: Sinistcha|Matcha Gotcha|p1a: Scizor|[spread] p1a,p1b\n|-resisted|p1a: Scizor\n|-damage|p1a: Scizor|49\/100 brn\n|-heal|p2a: Sinistcha|21\/100|[from] drain|[of] p1a: Scizor\n|-damage|p1b: Iron Valiant|54\/100\n|-heal|p2a: Sinistcha|40\/100|[from] drain|[of] p1b: Iron Valiant\n|-status|p1b: Iron Valiant|brn\n|\n|-weather|RainDance|[upkeep]\n|-damage|p1b: Iron Valiant|48\/100 brn|[from] brn\n|-damage|p1a: Scizor|42\/100 brn|[from] brn\n|upkeep\n|turn|13\n|inactive|Guy Oh has 270 seconds left.\n|\n|t:|1701165521\n|move|p1b: Iron Valiant|Spirit Break|p2b: Grimmsnarl\n|-supereffective|p2b: Grimmsnarl\n|-damage|p2b: Grimmsnarl|17\/100\n|-unboost|p2b: Grimmsnarl|spa|1\n|move|p2a: Sinistcha|Matcha Gotcha|p1a: Scizor|[spread] p1a,p1b\n|-resisted|p1a: Scizor\n|-damage|p1a: Scizor|35\/100 brn\n|-heal|p2a: Sinistcha|44\/100|[from] drain|[of] p1a: Scizor\n|-damage|p1b: Iron Valiant|5\/100 brn\n|-heal|p2a: Sinistcha|62\/100|[from] drain|[of] p1b: Iron Valiant\n|move|p1a: Scizor|Aerial Ace|p2a: Sinistcha\n|-supereffective|p2a: Sinistcha\n|-damage|p2a: Sinistcha|20\/100\n|-damage|p1a: Scizor|25\/100 brn|[from] item: Life Orb\n|move|p2b: Grimmsnarl|Spirit Break|p1b: Iron Valiant\n|-supereffective|p1b: Iron Valiant\n|-damage|p1b: Iron Valiant|0 fnt\n|faint|p1b: Iron Valiant\n|-end|p1b: Iron Valiant|Quark Drive|[silent]\n|\n|-weather|RainDance|[upkeep]\n|-damage|p1a: Scizor|19\/100 brn|[from] brn\n|-sideend|p2: Guy Oh|Reflect\n|-fieldend|move: Psychic Terrain\n|upkeep\n|inactive|Cryptic_Brawler has 270 seconds left.\n|\n|t:|1701165545\n|switch|p1b: Talonflame|Talonflame, F|85\/100\n|turn|14\n|\n|t:|1701165560\n|move|p2a: Sinistcha|Protect|p2a: Sinistcha\n|-singleturn|p2a: Sinistcha|Protect\n|move|p1a: Scizor|Bullet Punch|p2b: Grimmsnarl\n|-supereffective|p2b: Grimmsnarl\n|-damage|p2b: Grimmsnarl|0 fnt\n|faint|p2b: Grimmsnarl\n|-damage|p1a: Scizor|9\/100 brn|[from] item: Life Orb\n|move|p1b: Talonflame|U-turn|p2a: Sinistcha\n|-activate|p2a: Sinistcha|move: Protect\n|\n|-weather|RainDance|[upkeep]\n|-damage|p1a: Scizor|3\/100 brn|[from] brn\n|-sideend|p2: Guy Oh|move: Light Screen\n|upkeep\n|\n|t:|1701165571\n|switch|p2b: Iron Hands|Iron Hands|26\/100\n|turn|15\n|inactive|Cryptic_Brawler has 270 seconds left.\n|\n|t:|1701165608\n|-terastallize|p2b: Iron Hands|Fire\n|move|p2b: Iron Hands|Fake Out|p1a: Scizor\n|-resisted|p1a: Scizor\n|-damage|p1a: Scizor|0 fnt\n|faint|p1a: Scizor\n|move|p1b: Talonflame|Brave Bird|p2b: Iron Hands\n|-damage|p2b: Iron Hands|0 fnt\n|faint|p2b: Iron Hands\n|-end|p2b: Iron Hands|Quark Drive|[silent]\n|-damage|p1b: Talonflame|70\/100|[from] Recoil\n|move|p2a: Sinistcha|Shadow Ball|p1b: Talonflame\n|-damage|p1b: Talonflame|23\/100\n|\n|-weather|RainDance|[upkeep]\n|upkeep\n|\n|t:|1701165621\n|switch|p1a: Gliscor|Gliscor, M|100\/100 tox\n|switch|p2b: Kingambit|Kingambit, M|100\/100\n|-activate|p2b: Kingambit|ability: Supreme Overlord\n|-start|p2b: Kingambit|fallen4|[silent]\n|turn|16\n|\n|t:|1701165631\n|move|p2a: Sinistcha|Rage Powder|p2a: Sinistcha\n|-singleturn|p2a: Sinistcha|move: Rage Powder\n|move|p2b: Kingambit|Sucker Punch|p1b: Talonflame\n|-damage|p1b: Talonflame|0 fnt\n|faint|p1b: Talonflame\n|move|p1a: Gliscor|Earthquake|p2b: Kingambit|[spread] p2a,p2b\n|-resisted|p2a: Sinistcha\n|-supereffective|p2b: Kingambit\n|-damage|p2a: Sinistcha|9\/100\n|-damage|p2b: Kingambit|51\/100\n|\n|-weather|RainDance|[upkeep]\n|upkeep\n|turn|17\n|inactive|Guy Oh has 270 seconds left.\n|\n|t:|1701165665\n|move|p2b: Kingambit|Sucker Punch|p1a: Gliscor\n|-damage|p1a: Gliscor|33\/100 tox\n|move|p1a: Gliscor|Earthquake|p2b: Kingambit|[spread] p2a,p2b\n|-resisted|p2a: Sinistcha\n|-supereffective|p2b: Kingambit\n|-damage|p2a: Sinistcha|0 fnt\n|-damage|p2b: Kingambit|3\/100\n|faint|p2a: Sinistcha\n|\n|-weather|RainDance|[upkeep]\n|-heal|p1a: Gliscor|46\/100 tox|[from] ability: Poison Heal\n|upkeep\n|turn|18\n|\n|t:|1701165678\n|move|p2b: Kingambit|Sucker Punch|p1a: Gliscor\n|-damage|p1a: Gliscor|0 fnt\n|faint|p1a: Gliscor\n|\n|win|Guy Oh\n","uploadtime":1701165689,"views":10,"p1id":"crypticbrawler","p2id":"guyoh","formatid":"gen9doublesou","rating":0,"private":0,"password":""}