{"id":"gen9doublesou-1972709386","p1":"stao","p2":"Rorain fearow","format":"[Gen 9] Doubles OU","log":"|j|\u2606stao\n|j|\u2606Rorain fearow\n|t:|1697882200\n|gametype|doubles\n|player|p1|stao|waiter-gen4dp|1153\n|player|p2|Rorain fearow|nate|1091\n|teamsize|p1|6\n|teamsize|p2|6\n|gen|9\n|tier|[Gen 9] Doubles OU\n|rated|\n|rule|Species Clause: Limit one of each Pok\u00e9mon\n|rule|OHKO Clause: OHKO moves are banned\n|rule|Evasion Moves Clause: Evasion moves are banned\n|rule|Gravity Sleep Clause: The combination of sleep-inducing moves with imperfect accuracy and Gravity or Gigantamax Orbeetle are banned\n|rule|Endless Battle Clause: Forcing endless battles is banned\n|rule|HP Percentage Mod: HP is shown in percentages\n|clearpoke\n|poke|p1|Gliscor, F|\n|poke|p1|Arbok, M|\n|poke|p1|Mienshao, M|\n|poke|p1|Milotic, F|\n|poke|p1|Sylveon, M|\n|poke|p1|Goodra-Hisui, M|\n|poke|p2|Espathra, M|\n|poke|p2|Dipplin, M|\n|poke|p2|Illumise, F|\n|poke|p2|Sinistcha-Masterpiece|\n|poke|p2|Kingambit, F|\n|poke|p2|Maushold-Four|\n|teampreview\n|\n|t:|1697882221\n|start\n|switch|p1a: Gliscor|Gliscor, F, shiny|100\/100\n|switch|p1b: Mienshao|Mienshao, M, shiny|100\/100\n|switch|p2a: Illumise|Illumise, F|100\/100\n|switch|p2b: Dipplin|Dipplin, M|100\/100\n|-ability|p2b: Dipplin|Supersweet Syrup\n|-ability|p2b: Dipplin|Supersweet Syrup|boost\n|-unboost|p1a: Gliscor|evasion|1\n|-unboost|p1b: Mienshao|evasion|1\n|turn|1\n|inactive|Battle timer is ON: inactive players will automatically lose when time's up. (requested by stao)\n|\n|t:|1697882250\n|move|p1b: Mienshao|Fake Out|p2a: Illumise\n|-damage|p2a: Illumise|86\/100\n|cant|p2a: Illumise|flinch\n|move|p1a: Gliscor|Tailwind|p1a: Gliscor\n|-sidestart|p1: stao|move: Tailwind\n|move|p2b: Dipplin|Syrup Bomb|p1a: Gliscor\n|-damage|p1a: Gliscor|77\/100\n|-start|p1a: Gliscor|Syrup Bomb\n|\n|-heal|p1a: Gliscor|84\/100|[from] item: Leftovers\n|-unboost|p1a: Gliscor|spe|1\n|upkeep\n|turn|2\n|\n|t:|1697882275\n|move|p2a: Illumise|Encore|p1b: Mienshao\n|-start|p1b: Mienshao|Encore\n|move|p1b: Mienshao|Fake Out||[still]\n|-hint|Fake Out only works on your first turn out.\n|-fail|p1b: Mienshao\n|move|p1a: Gliscor|Knock Off|p2b: Dipplin\n|-damage|p2b: Dipplin|89\/100\n|-enditem|p2b: Dipplin|Eviolite|[from] move: Knock Off|[of] p1a: Gliscor\n|move|p2b: Dipplin|Draco Meteor|p1a: Gliscor\n|-damage|p1a: Gliscor|36\/100\n|-unboost|p2b: Dipplin|spa|2\n|\n|-heal|p1a: Gliscor|42\/100|[from] item: Leftovers\n|-unboost|p1a: Gliscor|spe|1\n|upkeep\n|turn|3\n|\n|t:|1697882294\n|switch|p1b: Arbok|Arbok, M, shiny|100\/100\n|-ability|p1b: Arbok|Intimidate|boost\n|-unboost|p2a: Illumise|atk|1\n|-unboost|p2b: Dipplin|atk|1\n|switch|p2b: Espathra|Espathra, M|100\/100\n|move|p1a: Gliscor|Protect|p1a: Gliscor\n|-singleturn|p1a: Gliscor|Protect\n|move|p2a: Illumise|Tailwind|p2a: Illumise\n|-sidestart|p2: Rorain fearow|move: Tailwind\n|\n|-heal|p1a: Gliscor|48\/100|[from] item: Leftovers\n|-unboost|p1a: Gliscor|spe|1\n|upkeep\n|turn|4\n|\n|t:|1697882312\n|move|p2a: Illumise|Encore|p1a: Gliscor\n|-start|p1a: Gliscor|Encore\n|move|p2b: Espathra|Lumina Crash|p1b: Arbok\n|-supereffective|p1b: Arbok\n|-damage|p1b: Arbok|36\/100\n|-unboost|p1b: Arbok|spd|2\n|move|p1b: Arbok|Toxic|p1a: Gliscor\n|-status|p1a: Gliscor|tox\n|move|p1a: Gliscor|Protect||[still]\n|-fail|p1a: Gliscor\n|\n|-heal|p1b: Arbok|42\/100|[from] item: Black Sludge\n|-heal|p1a: Gliscor|54\/100 tox|[from] item: Leftovers\n|-heal|p1a: Gliscor|67\/100 tox|[from] ability: Poison Heal\n|-end|p1a: Gliscor|Syrup Bomb|[silent]\n|-sideend|p1: stao|move: Tailwind\n|-ability|p2b: Espathra|Speed Boost|boost\n|-boost|p2b: Espathra|spe|1\n|upkeep\n|turn|5\n|\n|t:|1697882339\n|switch|p1b: Goodra|Goodra-Hisui, M|100\/100\n|move|p1a: Gliscor|Protect|p1a: Gliscor\n|-singleturn|p1a: Gliscor|Protect\n|move|p2b: Espathra|Lumina Crash|p1b: Goodra\n|-resisted|p1b: Goodra\n|-damage|p1b: Goodra|93\/100\n|-unboost|p1b: Goodra|spd|2\n|move|p2a: Illumise|Infestation|p1a: Gliscor\n|-activate|p1a: Gliscor|move: Protect\n|\n|-heal|p1a: Gliscor|73\/100 tox|[from] item: Leftovers\n|-heal|p1a: Gliscor|86\/100 tox|[from] ability: Poison Heal\n|-ability|p2b: Espathra|Speed Boost|boost\n|-boost|p2b: Espathra|spe|1\n|upkeep\n|turn|6\n|inactive|Rorain fearow has 120 seconds left.\n|\n|t:|1697882375\n|switch|p1a: Milotic|Milotic, F|100\/100\n|move|p2a: Illumise|Fake Tears|p1a: Milotic\n|-unboost|p1a: Milotic|spd|2\n|-ability|p1a: Milotic|Competitive|boost\n|-boost|p1a: Milotic|spa|2\n|move|p2b: Espathra|Lumina Crash|p1a: Milotic\n|-damage|p1a: Milotic|63\/100\n|-unboost|p1a: Milotic|spd|2\n|-ability|p1a: Milotic|Competitive|boost\n|-boost|p1a: Milotic|spa|2\n|move|p1b: Goodra|Heavy Slam|p2a: Illumise\n|-damage|p2a: Illumise|5\/100\n|\n|-sideend|p2: Rorain fearow|move: Tailwind\n|-ability|p2b: Espathra|Speed Boost|boost\n|-boost|p2b: Espathra|spe|1\n|upkeep\n|turn|7\n|inactive|Rorain fearow has 120 seconds left.\n|inactive|stao has 120 seconds left.\n|\n|t:|1697882418\n|switch|p2a: Kingambit|Kingambit, F|100\/100\n|move|p2b: Espathra|Lumina Crash|p1a: Milotic\n|-damage|p1a: Milotic|0 fnt\n|faint|p1a: Milotic\n|move|p1b: Goodra|Dragon Tail|p2b: Espathra\n|-damage|p2b: Espathra|61\/100\n|drag|p2b: Illumise|Illumise, F|5\/100\n|\n|upkeep\n|\n|t:|1697882433\n|switch|p1a: Gliscor|Gliscor, F, shiny|86\/100 tox\n|turn|8\n|inactive|Rorain fearow has 120 seconds left.\n|\n|t:|1697882451\n|move|p2b: Illumise|Tailwind|p2b: Illumise\n|-sidestart|p2: Rorain fearow|move: Tailwind\n|move|p2a: Kingambit|Kowtow Cleave|p1a: Gliscor\n|-damage|p1a: Gliscor|49\/100 tox\n|move|p1a: Gliscor|Tailwind|p1a: Gliscor\n|-sidestart|p1: stao|move: Tailwind\n|move|p1b: Goodra|Earthquake|p2b: Illumise|[spread] p2a,p2b\n|-immune|p1a: Gliscor\n|-supereffective|p2a: Kingambit\n|-resisted|p2b: Illumise\n|-damage|p2a: Kingambit|65\/100\n|-damage|p2b: Illumise|0 fnt\n|faint|p2b: Illumise\n|\n|-heal|p1a: Gliscor|55\/100 tox|[from] item: Leftovers\n|-heal|p1a: Gliscor|68\/100 tox|[from] ability: Poison Heal\n|upkeep\n|inactive|Rorain fearow has 120 seconds left.\n|\n|t:|1697882468\n|switch|p2b: Maushold|Maushold-Four|100\/100\n|turn|9\n|\n|t:|1697882484\n|move|p1a: Gliscor|Protect|p1a: Gliscor\n|-singleturn|p1a: Gliscor|Protect\n|move|p1b: Goodra|Earthquake|p2a: Kingambit|[spread] p2a,p2b\n|-activate|p1a: Gliscor|move: Protect\n|-supereffective|p2a: Kingambit\n|-damage|p2a: Kingambit|40\/100\n|-damage|p2b: Maushold|71\/100\n|move|p2a: Kingambit|Low Sweep|p1b: Goodra\n|-supereffective|p1b: Goodra\n|-damage|p1b: Goodra|51\/100\n|-unboost|p1b: Goodra|spe|1\n|move|p2b: Maushold|Switcheroo|p1a: Gliscor\n|-activate|p1a: Gliscor|move: Protect\n|\n|-heal|p1a: Gliscor|74\/100 tox|[from] item: Leftovers\n|-heal|p1a: Gliscor|86\/100 tox|[from] ability: Poison Heal\n|upkeep\n|turn|10\n|inactive|stao has 120 seconds left.\n|\n|t:|1697882518\n|switch|p1a: Arbok|Arbok, M, shiny|42\/100\n|-ability|p1a: Arbok|Intimidate|boost\n|-unboost|p2a: Kingambit|atk|1\n|-ability|p2a: Kingambit|Defiant|boost\n|-boost|p2a: Kingambit|atk|2\n|-unboost|p2b: Maushold|atk|1\n|switch|p2a: Dipplin|Dipplin, M|89\/100\n|switch|p1b: Mienshao|Mienshao, M, shiny|100\/100\n|move|p2b: Maushold|Switcheroo|p1a: Arbok\n|-activate|p2b: Maushold|move: Trick|[of] p1a: Arbok\n|-item|p1a: Arbok|Lagging Tail|[from] move: Switcheroo\n|-item|p2b: Maushold|Black Sludge|[from] move: Switcheroo\n|\n|-damage|p2b: Maushold|59\/100|[from] item: Black Sludge\n|upkeep\n|turn|11\n|inactive|Rorain fearow has 120 seconds left.\n|inactive|stao has 120 seconds left.\n|\n|t:|1697882562\n|move|p1b: Mienshao|Fake Out|p2b: Maushold\n|-damage|p2b: Maushold|44\/100\n|cant|p2b: Maushold|flinch\n|move|p2a: Dipplin|Draco Meteor|p1a: Arbok\n|-damage|p1a: Arbok|0 fnt\n|-unboost|p2a: Dipplin|spa|2\n|faint|p1a: Arbok\n|\n|-damage|p2b: Maushold|31\/100|[from] item: Black Sludge\n|-sideend|p2: Rorain fearow|move: Tailwind\n|-sideend|p1: stao|move: Tailwind\n|upkeep\n|inactive|stao has 120 seconds left.\n|\n|t:|1697882585\n|switch|p1a: Sylveon|Sylveon, M|100\/100\n|turn|12\n|\n|t:|1697882605\n|move|p1a: Sylveon|Protect|p1a: Sylveon\n|-singleturn|p1a: Sylveon|Protect\n|move|p2b: Maushold|Tidy Up|p2b: Maushold\n|-boost|p2b: Maushold|atk|1\n|-boost|p2b: Maushold|spe|1\n|move|p1b: Mienshao|U-turn|p2b: Maushold\n|-crit|p2b: Maushold\n|-damage|p2b: Maushold|0 fnt\n|faint|p2b: Maushold\n|inactive|stao has 120 seconds left.\n|\n|t:|1697882617\n|switch|p1b: Goodra|Goodra-Hisui, M|51\/100|[from] U-turn\n|move|p2a: Dipplin|Syrup Bomb|p1a: Sylveon\n|-activate|p1a: Sylveon|move: Protect\n|\n|upkeep\n|inactive|Rorain fearow has 120 seconds left.\n|\n|t:|1697882635\n|switch|p2b: Sinistcha|Sinistcha-Masterpiece|100\/100\n|-heal|p2a: Dipplin|100\/100|[from] ability: Hospitality|[of] p2b: Sinistcha\n|turn|13\n|\n|t:|1697882646\n|move|p2b: Sinistcha|Matcha Gotcha|p1a: Sylveon|[spread] p1a\n|-ability|p1b: Goodra|Sap Sipper|boost\n|-boost|p1b: Goodra|atk|1\n|-damage|p1a: Sylveon|85\/100\n|move|p1a: Sylveon|Hyper Voice|p2a: Dipplin|[spread] p2a,p2b\n|-supereffective|p2a: Dipplin\n|-damage|p2a: Dipplin|13\/100\n|-damage|p2b: Sinistcha|48\/100\n|-enditem|p2b: Sinistcha|Sitrus Berry|[eat]\n|-heal|p2b: Sinistcha|73\/100|[from] item: Sitrus Berry\n|-enditem|p1a: Sylveon|Throat Spray\n|-boost|p1a: Sylveon|spa|1|[from] item: Throat Spray\n|move|p2a: Dipplin|Syrup Bomb|p1a: Sylveon\n|-damage|p1a: Sylveon|74\/100\n|-start|p1a: Sylveon|Syrup Bomb\n|move|p1b: Goodra|Dragon Tail|p2a: Dipplin\n|-supereffective|p2a: Dipplin\n|-damage|p2a: Dipplin|0 fnt\n|faint|p2a: Dipplin\n|\n|-unboost|p1a: Sylveon|spe|1\n|upkeep\n|\n|t:|1697882663\n|switch|p2a: Espathra|Espathra, M|61\/100\n|turn|14\n|\n|t:|1697882682\n|move|p2a: Espathra|Lumina Crash|p1a: Sylveon\n|-damage|p1a: Sylveon|54\/100\n|-unboost|p1a: Sylveon|spd|2\n|move|p2b: Sinistcha|Strength Sap|p1b: Goodra\n|-ability|p1b: Goodra|Sap Sipper|boost\n|-boost|p1b: Goodra|atk|1\n|move|p1a: Sylveon|Hyper Voice|p2a: Espathra|[spread] p2a,p2b\n|-damage|p2a: Espathra|0 fnt\n|-damage|p2b: Sinistcha|0 fnt\n|faint|p2a: Espathra\n|faint|p2b: Sinistcha\n|move|p1b: Goodra|Dragon Tail|p2: Espathra|[notarget]\n|-fail|p1b: Goodra\n|\n|-unboost|p1a: Sylveon|spe|1\n|upkeep\n|-message|Rorain fearow forfeited.\n|\n|win|stao\n|raw|stao's rating: 1153 &rarr; <strong>1174<\/strong><br \/>(+21 for winning)\n|raw|Rorain fearow's rating: 1091 &rarr; <strong>1072<\/strong><br \/>(-19 for losing)\n|l|\u2606Rorain fearow\n","uploadtime":1697882704,"views":19,"p1id":"stao","p2id":"rorainfearow","formatid":"gen9doublesou","rating":1072,"private":0,"password":""}