{"id":"gen9doublesou-1972758771","p1":"Levelup_yaman","p2":"ThaiboyGoon123","format":"[Gen 9] Doubles OU","log":"|j|\u2606Levelup_yaman\n|j|\u2606ThaiboyGoon123\n|t:|1697890865\n|gametype|doubles\n|player|p1|Levelup_yaman|265|1189\n|player|p2|ThaiboyGoon123|266|1321\n|teamsize|p1|6\n|teamsize|p2|6\n|gen|9\n|tier|[Gen 9] Doubles OU\n|rated|\n|rule|Species Clause: Limit one of each Pok\u00e9mon\n|rule|OHKO Clause: OHKO moves are banned\n|rule|Evasion Moves Clause: Evasion moves are banned\n|rule|Gravity Sleep Clause: The combination of sleep-inducing moves with imperfect accuracy and Gravity or Gigantamax Orbeetle are banned\n|rule|Endless Battle Clause: Forcing endless battles is banned\n|rule|HP Percentage Mod: HP is shown in percentages\n|clearpoke\n|poke|p1|Goodra-Hisui, M|\n|poke|p1|Typhlosion-Hisui, F|\n|poke|p1|Electrode-Hisui|\n|poke|p1|Braviary-Hisui, M|\n|poke|p1|Avalugg-Hisui, F|\n|poke|p1|Sneasler, F|\n|poke|p2|Basculegion-F, F|\n|poke|p2|Gastrodon, M|\n|poke|p2|Empoleon, M|\n|poke|p2|Volcanion|\n|poke|p2|Ogerpon-Wellspring, F|\n|poke|p2|Politoed, M|\n|teampreview\n|inactive|Battle timer is ON: inactive players will automatically lose when time's up. (requested by Levelup_yaman)\n|\n|t:|1697890889\n|start\n|switch|p1a: Braviary|Braviary-Hisui, M|100\/100\n|switch|p1b: Avalugg|Avalugg-Hisui, F|100\/100\n|switch|p2a: Empoleon|Empoleon, M, shiny|100\/100\n|switch|p2b: Volcanion|Volcanion|100\/100\n|turn|1\n|\n|t:|1697890902\n|move|p1a: Braviary|Esper Wing|p2b: Volcanion\n|-damage|p2b: Volcanion|60\/100\n|-boost|p1a: Braviary|spe|1\n|move|p2b: Volcanion|Flamethrower|p1b: Avalugg\n|-damage|p1b: Avalugg|1\/100\n|move|p2a: Empoleon|Surf|p1a: Braviary|[spread] p1a,p1b\n|-heal|p2b: Volcanion|85\/100|[from] ability: Water Absorb|[of] p2a: Empoleon\n|-crit|p1a: Braviary\n|-supereffective|p1b: Avalugg\n|-damage|p1a: Braviary|49\/100\n|-damage|p1b: Avalugg|0 fnt\n|faint|p1b: Avalugg\n|\n|upkeep\n|\n|t:|1697890914\n|switch|p1b: Goodra|Goodra-Hisui, M|100\/100\n|turn|2\n|\n|t:|1697890929\n|move|p1a: Braviary|Esper Wing|p2b: Volcanion\n|-damage|p2b: Volcanion|45\/100\n|-boost|p1a: Braviary|spe|1\n|move|p2b: Volcanion|Flamethrower|p1b: Goodra\n|-damage|p1b: Goodra|64\/100\n|move|p2a: Empoleon|Surf|p1a: Braviary|[spread] p1a,p1b\n|-heal|p2b: Volcanion|70\/100|[from] ability: Water Absorb|[of] p2a: Empoleon\n|-resisted|p1b: Goodra\n|-damage|p1a: Braviary|20\/100\n|-damage|p1b: Goodra|56\/100\n|move|p1b: Goodra|Dragon Pulse|p2b: Volcanion\n|-damage|p2b: Volcanion|26\/100\n|\n|-heal|p1b: Goodra|62\/100|[from] item: Leftovers\n|upkeep\n|turn|3\n|\n|t:|1697890946\n|move|p1a: Braviary|Esper Wing|p2b: Volcanion\n|-damage|p2b: Volcanion|0 fnt\n|-boost|p1a: Braviary|spe|1\n|faint|p2b: Volcanion\n|move|p2a: Empoleon|Surf|p1a: Braviary|[spread] p1a,p1b\n|-resisted|p1b: Goodra\n|-damage|p1a: Braviary|0 fnt\n|-damage|p1b: Goodra|53\/100\n|faint|p1a: Braviary\n|move|p1b: Goodra|Dragon Pulse|p2a: Empoleon\n|-resisted|p2a: Empoleon\n|-damage|p2a: Empoleon|85\/100\n|\n|-heal|p1b: Goodra|59\/100|[from] item: Leftovers\n|upkeep\n|\n|t:|1697890960\n|switch|p1a: Electrode|Electrode-Hisui|100\/100\n|switch|p2b: Gastrodon|Gastrodon, M, shiny|100\/100\n|turn|4\n|\n|t:|1697890973\n|move|p1a: Electrode|Energy Ball|p2b: Gastrodon\n|-supereffective|p2b: Gastrodon\n|-damage|p2b: Gastrodon|0 fnt\n|faint|p2b: Gastrodon\n|move|p2a: Empoleon|Surf|p1b: Goodra|[spread] p1a,p1b\n|-resisted|p1a: Electrode\n|-resisted|p1b: Goodra\n|-damage|p1a: Electrode|79\/100\n|-damage|p1b: Goodra|51\/100\n|move|p1b: Goodra|Hydro Pump|p2a: Empoleon\n|-resisted|p2a: Empoleon\n|-damage|p2a: Empoleon|74\/100\n|\n|-heal|p1b: Goodra|57\/100|[from] item: Leftovers\n|upkeep\n|\n|t:|1697890990\n|switch|p2b: Ogerpon|Ogerpon-Wellspring, F|100\/100\n|turn|5\n|\n|t:|1697891000\n|move|p1a: Electrode|Thunderbolt|p2b: Ogerpon\n|-damage|p2b: Ogerpon|57\/100\n|move|p2b: Ogerpon|Knock Off|p1a: Electrode\n|-damage|p1a: Electrode|9\/100\n|-enditem|p1a: Electrode|Sitrus Berry|[from] move: Knock Off|[of] p2b: Ogerpon\n|move|p2a: Empoleon|Surf|p1a: Electrode|[spread] p1a,p1b\n|-heal|p2b: Ogerpon|82\/100|[from] ability: Water Absorb|[of] p2a: Empoleon\n|-resisted|p1a: Electrode\n|-resisted|p1b: Goodra\n|-damage|p1a: Electrode|0 fnt\n|-damage|p1b: Goodra|49\/100\n|faint|p1a: Electrode\n|move|p1b: Goodra|Dragon Pulse|p2b: Ogerpon\n|-damage|p2b: Ogerpon|29\/100\n|\n|-heal|p1b: Goodra|55\/100|[from] item: Leftovers\n|upkeep\n|\n|t:|1697891011\n|switch|p1a: Sneasler|Sneasler, F|100\/100\n|-item|p1a: Sneasler|Air Balloon\n|turn|6\n|\n|t:|1697891026\n|move|p2b: Ogerpon|Horn Leech|p1b: Goodra\n|-resisted|p1b: Goodra\n|-damage|p1b: Goodra|44\/100\n|-heal|p2b: Ogerpon|36\/100|[from] drain|[of] p1b: Goodra\n|move|p1a: Sneasler|Close Combat|p2a: Empoleon\n|-supereffective|p2a: Empoleon\n|-damage|p2a: Empoleon|0 fnt\n|-unboost|p1a: Sneasler|def|1\n|-unboost|p1a: Sneasler|spd|1\n|faint|p2a: Empoleon\n|move|p1b: Goodra|Dragon Pulse|p2b: Ogerpon\n|-damage|p2b: Ogerpon|0 fnt\n|faint|p2b: Ogerpon\n|\n|-heal|p1b: Goodra|50\/100|[from] item: Leftovers\n|upkeep\n|\n|t:|1697891041\n|switch|p2b: Basculegion|Basculegion-F, F|100\/100\n|switch|p2a: Politoed|Politoed, M|100\/100\n|-weather|RainDance|[from] ability: Drizzle|[of] p2a: Politoed\n|turn|7\n|\n|t:|1697891049\n|-terastallize|p1a: Sneasler|Dark\n|move|p2b: Basculegion|Last Respects|p1a: Sneasler\n|-resisted|p1a: Sneasler\n|-damage|p1a: Sneasler|2\/100\n|-enditem|p1a: Sneasler|Air Balloon\n|move|p1a: Sneasler|Night Slash|p2b: Basculegion\n|-supereffective|p2b: Basculegion\n|-damage|p2b: Basculegion|0 fnt\n|faint|p2b: Basculegion\n|move|p2a: Politoed|Ice Beam|p1b: Goodra\n|-damage|p1b: Goodra|31\/100\n|move|p1b: Goodra|Heavy Slam|p2a: Politoed\n|-resisted|p2a: Politoed\n|-damage|p2a: Politoed|79\/100\n|\n|-weather|RainDance|[upkeep]\n|-heal|p1b: Goodra|37\/100|[from] item: Leftovers\n|upkeep\n|turn|8\n|\n|t:|1697891069\n|switch|p1a: Typhlosion|Typhlosion-Hisui, F|100\/100\n|move|p2a: Politoed|Surf|p1b: Goodra|[spread] p1a,p1b\n|-supereffective|p1a: Typhlosion\n|-resisted|p1b: Goodra\n|-damage|p1a: Typhlosion|0 fnt\n|-damage|p1b: Goodra|21\/100\n|faint|p1a: Typhlosion\n|move|p1b: Goodra|Dragon Pulse|p2a: Politoed\n|-damage|p2a: Politoed|38\/100\n|\n|-weather|RainDance|[upkeep]\n|-heal|p1b: Goodra|27\/100|[from] item: Leftovers\n|upkeep\n|\n|t:|1697891078\n|switch|p1a: Sneasler|Sneasler, F, tera:Dark|2\/100\n|turn|9\n|\n|t:|1697891087\n|move|p1a: Sneasler|Close Combat|p2a: Politoed\n|-damage|p2a: Politoed|0 fnt\n|-unboost|p1a: Sneasler|def|1\n|-unboost|p1a: Sneasler|spd|1\n|faint|p2a: Politoed\n|\n|win|Levelup_yaman\n|raw|Levelup_yaman's rating: 1189 &rarr; <strong>1223<\/strong><br \/>(+34 for winning)\n|raw|ThaiboyGoon123's rating: 1321 &rarr; <strong>1294<\/strong><br \/>(-27 for losing)\n|l|\u2606ThaiboyGoon123\n","uploadtime":1697893107,"views":16,"p1id":"levelupyaman","p2id":"thaiboygoon123","formatid":"gen9doublesou","rating":1223,"private":0,"password":""}