{"id":"gen9doublesou-1997573802","p1":"musichat","p2":"mahameloplatano","format":"[Gen 9] Doubles OU","log":"|j|\u2606musichat\n|j|\u2606mahameloplatano\n|t:|1700827592\n|gametype|doubles\n|player|p1|musichat|guitarist|1418\n|player|p2|mahameloplatano|266|1451\n|teamsize|p1|6\n|teamsize|p2|6\n|gen|9\n|tier|[Gen 9] Doubles OU\n|rated|\n|rule|Species Clause: Limit one of each Pok\u00e9mon\n|rule|OHKO Clause: OHKO moves are banned\n|rule|Evasion Moves Clause: Evasion moves are banned\n|rule|Gravity Sleep Clause: The combination of sleep-inducing moves with imperfect accuracy and Gravity or Gigantamax Orbeetle are banned\n|rule|Endless Battle Clause: Forcing endless battles is banned\n|rule|HP Percentage Mod: HP is shown in percentages\n|clearpoke\n|poke|p1|Flutter Mane|\n|poke|p1|Landorus-Therian, M|\n|poke|p1|Gholdengo|\n|poke|p1|Iron Bundle|\n|poke|p1|Iron Hands|\n|poke|p1|Amoonguss, F|\n|poke|p2|Gholdengo|\n|poke|p2|Glimmora, M|\n|poke|p2|Garganacl, F|\n|poke|p2|Corviknight, M|\n|poke|p2|Toxapex, F|\n|poke|p2|Hippowdon, M|\n|teampreview\n|inactive|Battle timer is ON: inactive players will automatically lose when time's up. (requested by mahameloplatano)\n|inactive|musichat also wants the timer to be on.\n|c|\u2606musichat|am i playing singles\n|\n|t:|1700827612\n|start\n|switch|p1a: Landorus|Landorus-Therian, M|100\/100\n|switch|p1b: Amoonguss|Amoonguss, F|100\/100\n|switch|p2a: Corviknight|Corviknight, M|100\/100\n|switch|p2b: Hippowdon|Hippowdon, M|100\/100\n|-ability|p1a: Landorus|Intimidate|boost\n|-ability|p2a: Corviknight|Mirror Armor\n|-unboost|p1a: Landorus|atk|1\n|-unboost|p2b: Hippowdon|atk|1\n|-weather|Sandstorm|[from] ability: Sand Stream|[of] p2b: Hippowdon\n|turn|1\n|\n|t:|1700827633\n|switch|p2b: Gholdengo|Gholdengo|100\/100\n|move|p1a: Landorus|U-turn|p2b: Gholdengo\n|-resisted|p2b: Gholdengo\n|-damage|p2b: Gholdengo|95\/100\n|\n|t:|1700827646\n|switch|p1a: Flutter Mane|Flutter Mane|100\/100|[from] U-turn\n|-enditem|p1a: Flutter Mane|Booster Energy\n|-activate|p1a: Flutter Mane|ability: Protosynthesis|[fromitem]\n|-start|p1a: Flutter Mane|protosynthesisspe\n|move|p2a: Corviknight|Brave Bird|p1b: Amoonguss\n|-supereffective|p1b: Amoonguss\n|-damage|p1b: Amoonguss|15\/100\n|-enditem|p1b: Amoonguss|Sitrus Berry|[eat]\n|-heal|p1b: Amoonguss|40\/100|[from] item: Sitrus Berry\n|-damage|p2a: Corviknight|65\/100|[from] Recoil\n|move|p1b: Amoonguss|Spore|p2b: Gholdengo\n|-immune|p2b: Gholdengo|[from] ability: Good as Gold\n|\n|-weather|Sandstorm|[upkeep]\n|-damage|p1a: Flutter Mane|94\/100|[from] Sandstorm\n|-damage|p1b: Amoonguss|34\/100|[from] Sandstorm\n|upkeep\n|turn|2\n|\n|t:|1700827670\n|switch|p1b: Gholdengo|Gholdengo|100\/100\n|-terastallize|p2b: Gholdengo|Ground\n|move|p1a: Flutter Mane|Shadow Ball|p2b: Gholdengo\n|-damage|p2b: Gholdengo|52\/100\n|move|p2b: Gholdengo|Make It Rain|p1a: Flutter Mane|[spread] p1a,p1b\n|-supereffective|p1a: Flutter Mane\n|-resisted|p1b: Gholdengo\n|-damage|p1a: Flutter Mane|21\/100\n|-damage|p1b: Gholdengo|74\/100\n|-unboost|p2b: Gholdengo|spa|1\n|move|p2a: Corviknight|Iron Head|p1a: Flutter Mane\n|-supereffective|p1a: Flutter Mane\n|-crit|p1a: Flutter Mane\n|-damage|p1a: Flutter Mane|0 fnt\n|faint|p1a: Flutter Mane\n|-end|p1a: Flutter Mane|Protosynthesis|[silent]\n|\n|-weather|Sandstorm|[upkeep]\n|upkeep\n|\n|t:|1700827678\n|switch|p1a: Iron Bundle|Iron Bundle|100\/100\n|-enditem|p1a: Iron Bundle|Booster Energy\n|-activate|p1a: Iron Bundle|ability: Quark Drive|[fromitem]\n|-start|p1a: Iron Bundle|quarkdrivespe\n|turn|3\n|\n|t:|1700827703\n|switch|p2b: Toxapex|Toxapex, F|100\/100\n|move|p1a: Iron Bundle|Freeze-Dry|p2b: Toxapex\n|-supereffective|p2b: Toxapex\n|-damage|p2b: Toxapex|54\/100\n|move|p1b: Gholdengo|Thunderbolt|p2a: Corviknight\n|-supereffective|p2a: Corviknight\n|-damage|p2a: Corviknight|0 fnt\n|faint|p2a: Corviknight\n|\n|-weather|Sandstorm|[upkeep]\n|-damage|p1a: Iron Bundle|95\/100|[from] Sandstorm\n|-damage|p2b: Toxapex|48\/100|[from] Sandstorm\n|upkeep\n|inactive|mahameloplatano has 120 seconds left.\n|\n|t:|1700827721\n|switch|p2a: Garganacl|Garganacl, F|100\/100\n|turn|4\n|\n|t:|1700827747\n|switch|p1b: Landorus|Landorus-Therian, M|100\/100\n|-ability|p1b: Landorus|Intimidate|boost\n|-unboost|p2a: Garganacl|atk|1\n|-unboost|p2b: Toxapex|atk|1\n|switch|p2b: Hippowdon|Hippowdon, M|100\/100\n|move|p1a: Iron Bundle|Protect|p1a: Iron Bundle\n|-singleturn|p1a: Iron Bundle|Protect\n|move|p2a: Garganacl|Salt Cure|p1b: Landorus\n|-damage|p1b: Landorus|92\/100\n|-start|p1b: Landorus|Salt Cure\n|\n|-weather|Sandstorm|[upkeep]\n|-damage|p1a: Iron Bundle|89\/100|[from] Sandstorm\n|-damage|p1b: Landorus|80\/100|[from] Salt Cure\n|upkeep\n|turn|5\n|\n|t:|1700827770\n|move|p2a: Garganacl|Protect|p2a: Garganacl\n|-singleturn|p2a: Garganacl|Protect\n|move|p1a: Iron Bundle|Hydro Pump|p2b: Hippowdon\n|-supereffective|p2b: Hippowdon\n|-damage|p2b: Hippowdon|0 fnt\n|faint|p2b: Hippowdon\n|move|p1b: Landorus|U-turn|p2a: Garganacl\n|-activate|p2a: Garganacl|move: Protect\n|\n|-weather|none\n|-damage|p1b: Landorus|67\/100|[from] Salt Cure\n|upkeep\n|\n|t:|1700827784\n|switch|p2b: Toxapex|Toxapex, F|82\/100\n|turn|6\n|\n|t:|1700827800\n|move|p1a: Iron Bundle|Protect|p1a: Iron Bundle\n|-singleturn|p1a: Iron Bundle|Protect\n|move|p2b: Toxapex|Wide Guard|p2b: Toxapex\n|-singleturn|p2b: Toxapex|Wide Guard\n|move|p1b: Landorus|Stomping Tantrum|p2b: Toxapex\n|-supereffective|p2b: Toxapex\n|-damage|p2b: Toxapex|24\/100\n|-damage|p1b: Landorus|51\/100|[from] item: Rocky Helmet|[of] p2b: Toxapex\n|move|p2a: Garganacl|Salt Cure|p1a: Iron Bundle\n|-activate|p1a: Iron Bundle|move: Protect\n|\n|-damage|p1b: Landorus|38\/100|[from] Salt Cure\n|upkeep\n|turn|7\n|\n|t:|1700827821\n|switch|p2b: Glimmora|Glimmora, M|100\/100\n|move|p2a: Garganacl|Protect|p2a: Garganacl\n|-singleturn|p2a: Garganacl|Protect\n|move|p1a: Iron Bundle|Hydro Pump|p2a: Garganacl\n|-activate|p2a: Garganacl|move: Protect\n|move|p1b: Landorus|Stomping Tantrum|p2a: Garganacl\n|-activate|p2a: Garganacl|move: Protect\n|\n|-damage|p1b: Landorus|26\/100|[from] Salt Cure\n|upkeep\n|turn|8\n|\n|t:|1700827838\n|switch|p2a: Toxapex|Toxapex, F|57\/100\n|move|p1a: Iron Bundle|Hydro Pump|p2a: Toxapex\n|-resisted|p2a: Toxapex\n|-damage|p2a: Toxapex|38\/100\n|move|p2b: Glimmora|Sludge Wave|p1a: Iron Bundle|[spread] p2a,p1a,p1b\n|-resisted|p2a: Toxapex\n|-resisted|p1b: Landorus\n|-damage|p2a: Toxapex|25\/100\n|-damage|p1a: Iron Bundle|8\/100\n|-damage|p1b: Landorus|14\/100\n|move|p1b: Landorus|Stomping Tantrum|p2a: Toxapex\n|-supereffective|p2a: Toxapex\n|-damage|p2a: Toxapex|0 fnt\n|-damage|p1b: Landorus|0 fnt|[from] item: Rocky Helmet|[of] p2a: Toxapex\n|faint|p2a: Toxapex\n|faint|p1b: Landorus\n|\n|upkeep\n|\n|t:|1700827853\n|switch|p1b: Iron Hands|Iron Hands|100\/100\n|switch|p2a: Garganacl|Garganacl, F|100\/100\n|turn|9\n|\n|t:|1700827874\n|move|p2a: Garganacl|Protect|p2a: Garganacl\n|-singleturn|p2a: Garganacl|Protect\n|move|p1b: Iron Hands|Fake Out|p2b: Glimmora\n|-resisted|p2b: Glimmora\n|-damage|p2b: Glimmora|91\/100\n|-activate|p2b: Glimmora|ability: Toxic Debris\n|-sidestart|p1: musichat|move: Toxic Spikes\n|move|p1a: Iron Bundle|Hydro Pump|p2b: Glimmora\n|-supereffective|p2b: Glimmora\n|-damage|p2b: Glimmora|0 fnt\n|faint|p2b: Glimmora\n|\n|upkeep\n|\n|t:|1700827884\n|switch|p2b: Gholdengo|Gholdengo, tera:Ground|52\/100\n|turn|10\n|\n|t:|1700827896\n|move|p1a: Iron Bundle|Icy Wind|p2b: Gholdengo|[spread] p2a,p2b\n|-supereffective|p2b: Gholdengo\n|-damage|p2a: Garganacl|87\/100\n|-damage|p2b: Gholdengo|0 fnt\n|faint|p2b: Gholdengo\n|move|p1b: Iron Hands|Ice Punch|p2a: Garganacl\n|-damage|p2a: Garganacl|67\/100\n|move|p2a: Garganacl|Salt Cure|p1a: Iron Bundle\n|-supereffective|p1a: Iron Bundle\n|-damage|p1a: Iron Bundle|0 fnt\n|faint|p1a: Iron Bundle\n|-end|p1a: Iron Bundle|Quark Drive|[silent]\n|\n|upkeep\n|\n|t:|1700827906\n|switch|p1a: Amoonguss|Amoonguss, F|67\/100\n|-sideend|p1: musichat|move: Toxic Spikes|[of] p1a: Amoonguss\n|turn|11\n|-message|mahameloplatano forfeited.\n|\n|win|musichat\n|raw|musichat's rating: 1418 &rarr; <strong>1440<\/strong><br \/>(+22 for winning)\n|raw|mahameloplatano's rating: 1451 &rarr; <strong>1429<\/strong><br \/>(-22 for losing)\n|l|\u2606mahameloplatano\n","uploadtime":1700827916,"views":6,"p1id":"musichat","p2id":"mahameloplatano","formatid":"gen9doublesou","rating":1429,"private":0,"password":""}