{"id":"gen9doublesou-1978979049","p1":"Sose123","p2":"plantshrine","format":"[Gen 9] Doubles OU","log":"|j|\u2606Sose123\n|j|\u2606plantshrine\n|t:|1698617033\n|gametype|doubles\n|player|p1|Sose123|1|1199\n|player|p2|plantshrine|gardenia|1191\n|teamsize|p1|6\n|teamsize|p2|6\n|gen|9\n|tier|[Gen 9] Doubles OU\n|rated|\n|rule|Species Clause: Limit one of each Pok\u00e9mon\n|rule|OHKO Clause: OHKO moves are banned\n|rule|Evasion Moves Clause: Evasion moves are banned\n|rule|Gravity Sleep Clause: The combination of sleep-inducing moves with imperfect accuracy and Gravity or Gigantamax Orbeetle are banned\n|rule|Endless Battle Clause: Forcing endless battles is banned\n|rule|HP Percentage Mod: HP is shown in percentages\n|clearpoke\n|poke|p1|Pelipper, F|\n|poke|p1|Garchomp, F|\n|poke|p1|Walking Wake|\n|poke|p1|Scizor, F|\n|poke|p1|Zapdos|\n|poke|p1|Crawdaunt, M|\n|poke|p2|Poliwrath, F|\n|poke|p2|Grimmsnarl, M|\n|poke|p2|Sinistcha-Masterpiece|\n|poke|p2|Murkrow, M|\n|poke|p2|Chien-Pao|\n|poke|p2|Farigiraf, F|\n|teampreview\n|\n|t:|1698617045\n|start\n|switch|p1a: Crawdaunt|Crawdaunt, M|100\/100\n|switch|p1b: Scizor|Scizor, F|100\/100\n|switch|p2a: Poliwrath|Poliwrath, F|100\/100\n|switch|p2b: Grimmsnarl|Grimmsnarl, M|100\/100\n|turn|1\n|\n|t:|1698617064\n|switch|p1b: Pelipper|Pelipper, F|100\/100\n|-weather|RainDance|[from] ability: Drizzle|[of] p1b: Pelipper\n|switch|p2b: Farigiraf|Farigiraf, F|100\/100\n|-terastallize|p1a: Crawdaunt|Water\n|move|p1a: Crawdaunt|Aqua Jet||[still]\n|cant|p2b: Farigiraf|ability: Armor Tail|Aqua Jet|[of] p1a: Crawdaunt\n|move|p2a: Poliwrath|Belly Drum|p2a: Poliwrath\n|-damage|p2a: Poliwrath|51\/100\n|-setboost|p2a: Poliwrath|atk|6|[from] move: Belly Drum\n|\n|-weather|RainDance|[upkeep]\n|upkeep\n|turn|2\n|\n|t:|1698617098\n|switch|p1a: Garchomp|Garchomp, F|100\/100\n|move|p2b: Farigiraf|Ally Switch|p2b: Farigiraf\n|swap|p2b: Farigiraf|0|[from] move: Ally Switch\n|move|p2b: Poliwrath|Drain Punch|p1a: Garchomp\n|-damage|p1a: Garchomp|0 fnt\n|-heal|p2b: Poliwrath|100\/100|[from] drain|[of] p1a: Garchomp\n|-damage|p2b: Poliwrath|88\/100|[from] ability: Rough Skin|[of] p1a: Garchomp\n|faint|p1a: Garchomp\n|move|p1b: Pelipper|Surf|p2a: Farigiraf|[spread] p2a,p2b\n|-resisted|p2b: Poliwrath\n|-damage|p2a: Farigiraf|74\/100\n|-damage|p2b: Poliwrath|72\/100\n|\n|-weather|RainDance|[upkeep]\n|upkeep\n|\n|t:|1698617106\n|switch|p1a: Zapdos|Zapdos|100\/100\n|-ability|p1a: Zapdos|Pressure\n|turn|3\n|\n|t:|1698617133\n|switch|p2a: Sinistcha|Sinistcha-Masterpiece|100\/100\n|-heal|p2b: Poliwrath|97\/100|[from] ability: Hospitality|[of] p2a: Sinistcha\n|-terastallize|p2b: Poliwrath|Electric\n|move|p1b: Pelipper|Helping Hand|p1a: Zapdos\n|-singleturn|p1a: Zapdos|Helping Hand|[of] p1b: Pelipper\n|move|p2b: Poliwrath|Waterfall|p1a: Zapdos\n|-damage|p1a: Zapdos|0 fnt\n|faint|p1a: Zapdos\n|\n|-weather|RainDance|[upkeep]\n|upkeep\n|inactive|Battle timer is ON: inactive players will automatically lose when time's up. (requested by plantshrine)\n|\n|t:|1698617145\n|switch|p1a: Walking Wake|Walking Wake|100\/100\n|-enditem|p1a: Walking Wake|Booster Energy\n|-activate|p1a: Walking Wake|ability: Protosynthesis|[fromitem]\n|-start|p1a: Walking Wake|protosynthesisspe\n|turn|4\n|\n|t:|1698617166\n|move|p1a: Walking Wake|Protect|p1a: Walking Wake\n|-singleturn|p1a: Walking Wake|Protect\n|move|p2a: Sinistcha|Rage Powder|p2a: Sinistcha\n|-singleturn|p2a: Sinistcha|move: Rage Powder\n|move|p2b: Poliwrath|Drain Punch|p1a: Walking Wake\n|-activate|p1a: Walking Wake|move: Protect\n|move|p1b: Pelipper|Surf|p2b: Poliwrath|[spread] p2a,p2b\n|-activate|p1a: Walking Wake|move: Protect\n|-resisted|p2a: Sinistcha\n|-damage|p2a: Sinistcha|79\/100\n|-damage|p2b: Poliwrath|66\/100\n|\n|-weather|RainDance|[upkeep]\n|-heal|p2a: Sinistcha|85\/100|[from] item: Leftovers\n|upkeep\n|turn|5\n|inactive|plantshrine has 120 seconds left.\n|\n|t:|1698617201\n|-end|p1a: Walking Wake|Protosynthesis|[silent]\n|switch|p1a: Scizor|Scizor, F|100\/100\n|move|p2a: Sinistcha|Rage Powder|p2a: Sinistcha\n|-singleturn|p2a: Sinistcha|move: Rage Powder\n|move|p2b: Poliwrath|Drain Punch|p1a: Scizor\n|-enditem|p1a: Scizor|Focus Sash\n|-damage|p1a: Scizor|1\/100\n|-heal|p2b: Poliwrath|100\/100|[from] drain|[of] p1a: Scizor\n|move|p1b: Pelipper|Tailwind|p1b: Pelipper\n|-sidestart|p1: Sose123|move: Tailwind\n|\n|-weather|RainDance|[upkeep]\n|-heal|p2a: Sinistcha|91\/100|[from] item: Leftovers\n|upkeep\n|turn|6\n|inactive|plantshrine has 120 seconds left.\n|inactive|Sose123 has 120 seconds left.\n|\n|t:|1698617245\n|switch|p2a: Murkrow|Murkrow, M|100\/100\n|move|p1a: Scizor|U-turn|p2b: Poliwrath\n|-damage|p2b: Poliwrath|55\/100\n|\n|t:|1698617260\n|switch|p1a: Walking Wake|Walking Wake|100\/100|[from] U-turn\n|move|p2b: Poliwrath|Drain Punch|p1a: Walking Wake\n|-damage|p1a: Walking Wake|0 fnt\n|-heal|p2b: Poliwrath|100\/100|[from] drain|[of] p1a: Walking Wake\n|faint|p1a: Walking Wake\n|-end|p1a: Walking Wake|Protosynthesis|[silent]\n|move|p1b: Pelipper|Surf|p2a: Murkrow|[spread] p2a,p2b\n|-damage|p2a: Murkrow|72\/100\n|-damage|p2b: Poliwrath|68\/100\n|\n|-weather|RainDance|[upkeep]\n|upkeep\n|\n|t:|1698617262\n|switch|p1a: Crawdaunt|Crawdaunt, M, tera:Water|100\/100\n|turn|7\n|inactive|Sose123 has 120 seconds left.\n|\n|t:|1698617285\n|switch|p2a: Farigiraf|Farigiraf, F|74\/100\n|move|p1b: Pelipper|Helping Hand|p1a: Crawdaunt\n|-singleturn|p1a: Crawdaunt|Helping Hand|[of] p1b: Pelipper\n|move|p1a: Crawdaunt|Aqua Jet||[still]\n|cant|p2a: Farigiraf|ability: Armor Tail|Aqua Jet|[of] p1a: Crawdaunt\n|move|p2b: Poliwrath|Drain Punch|p1a: Crawdaunt\n|-damage|p1a: Crawdaunt|0 fnt\n|-heal|p2b: Poliwrath|100\/100|[from] drain|[of] p1a: Crawdaunt\n|faint|p1a: Crawdaunt\n|\n|-weather|RainDance|[upkeep]\n|upkeep\n|inactive|Sose123 has 120 seconds left.\n|\n|t:|1698617304\n|switch|p1a: Scizor|Scizor, F|1\/100\n|turn|8\n|\n|t:|1698617315\n|move|p1b: Pelipper|Helping Hand|p1a: Scizor\n|-singleturn|p1a: Scizor|Helping Hand|[of] p1b: Pelipper\n|move|p2a: Farigiraf|Ally Switch|p2a: Farigiraf\n|swap|p2a: Farigiraf|1|[from] move: Ally Switch\n|move|p1a: Scizor|Close Combat|p2b: Farigiraf\n|-damage|p2b: Farigiraf|13\/100\n|-unboost|p1a: Scizor|def|1\n|-unboost|p1a: Scizor|spd|1\n|-enditem|p2b: Farigiraf|Aguav Berry|[eat]\n|-heal|p2b: Farigiraf|46\/100|[from] item: Aguav Berry\n|move|p2a: Poliwrath|Drain Punch|p1a: Scizor\n|-damage|p1a: Scizor|0 fnt\n|faint|p1a: Scizor\n|\n|-weather|none\n|-sideend|p1: Sose123|move: Tailwind\n|upkeep\n|turn|9\n|-message|Sose123 forfeited.\n|\n|win|plantshrine\n|raw|Sose123's rating: 1199 &rarr; <strong>1173<\/strong><br \/>(-26 for losing)\n|raw|plantshrine's rating: 1191 &rarr; <strong>1217<\/strong><br \/>(+26 for winning)\n|l|\u2606Sose123\n","uploadtime":1698617493,"views":16,"p1id":"sose123","p2id":"plantshrine","formatid":"gen9doublesou","rating":1173,"private":0,"password":""}