{"id":"gen9doublesou-1968609095","p1":"Iusinuss","p2":"Sargenbob","format":"[Gen 9] Doubles OU","log":"|j|\u2606Iusinuss\n|j|\u2606Sargenbob\n|t:|1697441700\n|gametype|doubles\n|player|p1|Iusinuss|gambler|1054\n|player|p2|Sargenbob|red|1054\n|teamsize|p1|6\n|teamsize|p2|6\n|gen|9\n|tier|[Gen 9] Doubles OU\n|rated|\n|rule|Species Clause: Limit one of each Pok\u00e9mon\n|rule|OHKO Clause: OHKO moves are banned\n|rule|Evasion Moves Clause: Evasion moves are banned\n|rule|Gravity Sleep Clause: The combination of sleep-inducing moves with imperfect accuracy and Gravity or Gigantamax Orbeetle are banned\n|rule|Endless Battle Clause: Forcing endless battles is banned\n|rule|HP Percentage Mod: HP is shown in percentages\n|clearpoke\n|poke|p1|Palafin, F|\n|poke|p1|Amoonguss, M|\n|poke|p1|Iron Bundle|\n|poke|p1|Pelipper, M|\n|poke|p1|Ogerpon-Hearthflame, F|\n|poke|p1|Tornadus, M|\n|poke|p2|Greninja-*, F|\n|poke|p2|Politoed, M|\n|poke|p2|Rillaboom, M|\n|poke|p2|Rotom-Wash|\n|poke|p2|Toxapex, F|\n|poke|p2|Gastrodon, F|\n|teampreview\n|inactive|Battle timer is ON: inactive players will automatically lose when time's up. (requested by Sargenbob)\n|\n|t:|1697441717\n|start\n|switch|p1a: Tornadus|Tornadus, M|100\/100\n|switch|p1b: Killing machiene|Iron Bundle, shiny|100\/100\n|switch|p2a: Donkey Kong|Rillaboom, M, shiny|100\/100\n|switch|p2b: Vico|Rotom-Wash, shiny|100\/100\n|-fieldstart|move: Grassy Terrain|[from] ability: Grassy Surge|[of] p2a: Donkey Kong\n|turn|1\n|\n|t:|1697441733\n|move|p1a: Tornadus|Tailwind|p1a: Tornadus\n|-sidestart|p1: Iusinuss|move: Tailwind\n|move|p2a: Donkey Kong|Grassy Glide|p1b: Killing machiene\n|-supereffective|p1b: Killing machiene\n|-damage|p1b: Killing machiene|20\/100\n|move|p1b: Killing machiene|Freeze-Dry|p2b: Vico\n|-supereffective|p2b: Vico\n|-damage|p2b: Vico|33\/100\n|move|p2b: Vico|Volt Switch|p1a: Tornadus\n|-supereffective|p1a: Tornadus\n|-damage|p1a: Tornadus|45\/100\n|\n|t:|1697441745\n|switch|p2b: Bubble Gumz|Politoed, M, shiny|100\/100|[from] Volt Switch\n|-weather|RainDance|[from] ability: Drizzle|[of] p2b: Bubble Gumz\n|\n|-weather|RainDance|[upkeep]\n|-heal|p1b: Killing machiene|26\/100|[from] Grassy Terrain\n|-heal|p1a: Tornadus|51\/100|[from] item: Leftovers\n|upkeep\n|turn|2\n|\n|t:|1697441758\n|move|p2a: Donkey Kong|Grassy Glide|p1b: Killing machiene\n|-supereffective|p1b: Killing machiene\n|-damage|p1b: Killing machiene|0 fnt\n|faint|p1b: Killing machiene\n|-end|p1b: Killing machiene|Quark Drive|[silent]\n|move|p1a: Tornadus|Bleakwind Storm|p2b: Bubble Gumz|[spread] p2a,p2b\n|-supereffective|p2a: Donkey Kong\n|-damage|p2a: Donkey Kong|30\/100\n|-damage|p2b: Bubble Gumz|74\/100\n|-unboost|p2a: Donkey Kong|spe|1\n|move|p2b: Bubble Gumz|Weather Ball|p1a: Tornadus\n|-damage|p1a: Tornadus|0 fnt\n|faint|p1a: Tornadus\n|\n|-weather|RainDance|[upkeep]\n|-heal|p2b: Bubble Gumz|80\/100|[from] Grassy Terrain\n|-heal|p2a: Donkey Kong|36\/100|[from] Grassy Terrain\n|upkeep\n|\n|t:|1697441774\n|switch|p1b: My Hero|Palafin, F, shiny|100\/100\n|switch|p1a: Mario eats me|Amoonguss, M, shiny|100\/100\n|turn|3\n|\n|t:|1697441788\n|move|p1b: My Hero|Protect|p1b: My Hero\n|-singleturn|p1b: My Hero|Protect\n|move|p2a: Donkey Kong|Grassy Glide|p1b: My Hero\n|-activate|p1b: My Hero|move: Protect\n|move|p1a: Mario eats me|Spore|p2a: Donkey Kong\n|-immune|p2a: Donkey Kong\n|move|p2b: Bubble Gumz|Focus Blast|p1a: Mario eats me|[miss]\n|-miss|p2b: Bubble Gumz|p1a: Mario eats me\n|\n|-weather|RainDance|[upkeep]\n|-heal|p2b: Bubble Gumz|86\/100|[from] Grassy Terrain\n|-heal|p2a: Donkey Kong|42\/100|[from] Grassy Terrain\n|upkeep\n|turn|4\n|\n|t:|1697441807\n|detailschange|p1b: My Hero|Palafin-Hero, F, shiny\n|switch|p1b: Rain is here|Pelipper, M|100\/100\n|move|p2a: Donkey Kong|Grassy Glide|p1b: Rain is here\n|-damage|p1b: Rain is here|55\/100\n|move|p1a: Mario eats me|Spore|p2b: Bubble Gumz\n|-status|p2b: Bubble Gumz|slp|[from] move: Spore\n|cant|p2b: Bubble Gumz|slp\n|\n|-weather|RainDance|[upkeep]\n|-heal|p2b: Bubble Gumz|92\/100 slp|[from] Grassy Terrain\n|-heal|p2a: Donkey Kong|48\/100|[from] Grassy Terrain\n|-sideend|p1: Iusinuss|move: Tailwind\n|upkeep\n|turn|5\n|\n|t:|1697441826\n|switch|p2b: Vico|Rotom-Wash, shiny|33\/100\n|move|p1a: Mario eats me|Rage Powder|p1a: Mario eats me\n|-singleturn|p1a: Mario eats me|move: Rage Powder\n|move|p2a: Donkey Kong|Grassy Glide|p1b: Rain is here\n|-crit|p1b: Rain is here\n|-damage|p1b: Rain is here|0 fnt\n|faint|p1b: Rain is here\n|\n|-weather|RainDance|[upkeep]\n|-heal|p2b: Vico|40\/100|[from] item: Leftovers\n|-heal|p2a: Donkey Kong|55\/100|[from] Grassy Terrain\n|upkeep\n|\n|t:|1697441838\n|switch|p1b: My Hero|Palafin-Hero, F, shiny|100\/100\n|-activate|p1b: My Hero|ability: Zero to Hero\n|turn|6\n|\n|t:|1697441847\n|move|p1b: My Hero|Protect|p1b: My Hero\n|-singleturn|p1b: My Hero|Protect\n|move|p1a: Mario eats me|Rage Powder|p1a: Mario eats me\n|-singleturn|p1a: Mario eats me|move: Rage Powder\n|move|p2b: Vico|Volt Switch|p1a: Mario eats me\n|-resisted|p1a: Mario eats me\n|-damage|p1a: Mario eats me|87\/100\n|\n|t:|1697441858\n|switch|p2b: Koga|Greninja, F, shiny|100\/100|[from] Volt Switch\n|move|p2a: Donkey Kong|Knock Off|p1a: Mario eats me\n|-damage|p1a: Mario eats me|50\/100\n|-enditem|p1a: Mario eats me|Leftovers|[from] move: Knock Off|[of] p2a: Donkey Kong\n|\n|-weather|RainDance|[upkeep]\n|-heal|p1a: Mario eats me|56\/100|[from] Grassy Terrain\n|-heal|p2a: Donkey Kong|61\/100|[from] Grassy Terrain\n|upkeep\n|turn|7\n|\n|t:|1697441872\n|move|p2a: Donkey Kong|Grassy Glide|p1b: My Hero\n|-supereffective|p1b: My Hero\n|-damage|p1b: My Hero|14\/100\n|move|p2b: Koga|Ice Beam|p1a: Mario eats me\n|-supereffective|p1a: Mario eats me\n|-damage|p1a: Mario eats me|0 fnt\n|faint|p1a: Mario eats me\n|move|p1b: My Hero|Wave Crash|p2a: Donkey Kong\n|-resisted|p2a: Donkey Kong\n|-damage|p2a: Donkey Kong|12\/100\n|-damage|p1b: My Hero|0 fnt|[from] Recoil\n|faint|p1b: My Hero\n|\n|-weather|RainDance|[upkeep]\n|-heal|p2a: Donkey Kong|19\/100|[from] Grassy Terrain\n|upkeep\n|\n|t:|1697441890\n|switch|p1a: Ogerpon|Ogerpon-Hearthflame, F|100\/100\n|-ability|p1a: Ogerpon|Mold Breaker\n|turn|8\n|-message|Iusinuss forfeited.\n|\n|win|Sargenbob\n|raw|Iusinuss's rating: 1054 &rarr; <strong>1036<\/strong><br \/>(-18 for losing)\n|raw|Sargenbob's rating: 1054 &rarr; <strong>1086<\/strong><br \/>(+32 for winning)\n|l|\u2606Iusinuss\n","uploadtime":1697441897,"views":21,"p1id":"iusinuss","p2id":"sargenbob","formatid":"gen9doublesou","rating":1036,"private":0,"password":""}