{"id":"gen9doublesou-1993106884","p1":"Bepepepepbooooob","p2":"Reinwatr","format":"[Gen 9] Doubles OU","log":"|j|\u2606Bepepepepbooooob\n|j|\u2606Reinwatr\n|t:|1700265542\n|gametype|doubles\n|player|p1|Bepepepepbooooob|harlequin|1097\n|player|p2|Reinwatr|elesa|1074\n|teamsize|p1|6\n|teamsize|p2|6\n|gen|9\n|tier|[Gen 9] Doubles OU\n|rated|\n|rule|Species Clause: Limit one of each Pok\u00e9mon\n|rule|OHKO Clause: OHKO moves are banned\n|rule|Evasion Moves Clause: Evasion moves are banned\n|rule|Gravity Sleep Clause: The combination of sleep-inducing moves with imperfect accuracy and Gravity or Gigantamax Orbeetle are banned\n|rule|Endless Battle Clause: Forcing endless battles is banned\n|rule|HP Percentage Mod: HP is shown in percentages\n|clearpoke\n|poke|p1|Tornadus, M|\n|poke|p1|Ogerpon-Hearthflame, F|\n|poke|p1|Chien-Pao|\n|poke|p1|Iron Hands|\n|poke|p1|Gholdengo|\n|poke|p1|Ting-Lu|\n|poke|p2|Snorlax, F|\n|poke|p2|Sinistcha|\n|poke|p2|Iron Hands|\n|poke|p2|Landorus-Therian, M|\n|poke|p2|Clefairy, F|\n|poke|p2|Kommo-o, F|\n|teampreview\n|inactive|Battle timer is ON: inactive players will automatically lose when time's up. (requested by Reinwatr)\n|inactive|Bepepepepbooooob also wants the timer to be on.\n|\n|t:|1700265560\n|start\n|switch|p1a: Tornadus|Tornadus, M|100\/100\n|switch|p1b: Ogerpon|Ogerpon-Hearthflame, F|100\/100\n|switch|p2a: Snorlax|Snorlax, F|100\/100\n|switch|p2b: Iron Hands|Iron Hands|100\/100\n|-ability|p1b: Ogerpon|Mold Breaker\n|turn|1\n|\n|t:|1700265576\n|move|p1b: Ogerpon|Spiky Shield|p1b: Ogerpon\n|-singleturn|p1b: Ogerpon|move: Protect\n|move|p2b: Iron Hands|Fake Out|p1b: Ogerpon\n|-activate|p1b: Ogerpon|move: Protect\n|-damage|p2b: Iron Hands|88\/100|[from] Spiky Shield|[of] p1b: Ogerpon\n|move|p1a: Tornadus|Tailwind|p1a: Tornadus\n|-sidestart|p1: Bepepepepbooooob|move: Tailwind\n|move|p2a: Snorlax|Belly Drum|p2a: Snorlax\n|-damage|p2a: Snorlax|50\/100\n|-setboost|p2a: Snorlax|atk|6|[from] move: Belly Drum\n|-enditem|p2a: Snorlax|Sitrus Berry|[eat]\n|-heal|p2a: Snorlax|75\/100|[from] item: Sitrus Berry\n|\n|upkeep\n|turn|2\n|\n|t:|1700265603\n|move|p1b: Ogerpon|Ivy Cudgel|p2a: Snorlax|[anim] Ivy Cudgel Fire\n|-damage|p2a: Snorlax|28\/100\n|move|p1a: Tornadus|Bleakwind Storm|p2b: Iron Hands|[spread] p2a,p2b\n|-crit|p2b: Iron Hands\n|-damage|p2a: Snorlax|7\/100\n|-damage|p2b: Iron Hands|66\/100\n|-unboost|p2a: Snorlax|spe|1\n|move|p2b: Iron Hands|Wild Charge|p1a: Tornadus\n|-supereffective|p1a: Tornadus\n|-damage|p1a: Tornadus|0 fnt\n|faint|p1a: Tornadus\n|-damage|p2b: Iron Hands|46\/100|[from] Recoil\n|move|p2a: Snorlax|Body Slam|p1b: Ogerpon\n|-damage|p1b: Ogerpon|0 fnt\n|faint|p1b: Ogerpon\n|\n|upkeep\n|inactive|Bepepepepbooooob has 120 seconds left.\n|\n|t:|1700265619\n|switch|p1b: Ting-Lu|Ting-Lu|100\/100\n|switch|p1a: Gholdengo|Gholdengo|100\/100\n|-ability|p1b: Ting-Lu|Vessel of Ruin\n|turn|3\n|\n|t:|1700265634\n|-end|p2b: Iron Hands|Quark Drive|[silent]\n|switch|p2b: Sinistcha|Sinistcha|100\/100\n|-heal|p2a: Snorlax|32\/100|[from] ability: Hospitality|[of] p2b: Sinistcha\n|move|p1a: Gholdengo|Make It Rain|p2b: Sinistcha|[spread] p2a,p2b\n|-damage|p2a: Snorlax|10\/100\n|-damage|p2b: Sinistcha|61\/100\n|-unboost|p1a: Gholdengo|spa|1\n|move|p1b: Ting-Lu|Ruination|p2b: Sinistcha\n|-damage|p2b: Sinistcha|31\/100\n|move|p2a: Snorlax|Body Slam|p1b: Ting-Lu\n|-damage|p1b: Ting-Lu|39\/100\n|\n|upkeep\n|turn|4\n|\n|t:|1700265657\n|move|p2a: Snorlax|Protect|p2a: Snorlax\n|-singleturn|p2a: Snorlax|Protect\n|move|p1a: Gholdengo|Make It Rain|p2a: Snorlax|[spread] p2b\n|-activate|p2a: Snorlax|move: Protect\n|-damage|p2b: Sinistcha|2\/100\n|-unboost|p1a: Gholdengo|spa|1\n|move|p1b: Ting-Lu|Ruination|p2a: Snorlax\n|-activate|p2a: Snorlax|move: Protect\n|move|p2b: Sinistcha|Trick Room|p2b: Sinistcha\n|-fieldstart|move: Trick Room|[of] p2b: Sinistcha\n|\n|-sideend|p1: Bepepepepbooooob|move: Tailwind\n|upkeep\n|turn|5\n|\n|t:|1700265676\n|move|p2b: Sinistcha|Rage Powder|p2b: Sinistcha\n|-singleturn|p2b: Sinistcha|move: Rage Powder\n|move|p2a: Snorlax|High Horsepower|p1a: Gholdengo\n|-supereffective|p1a: Gholdengo\n|-damage|p1a: Gholdengo|0 fnt\n|faint|p1a: Gholdengo\n|move|p1b: Ting-Lu|Ruination|p2b: Sinistcha\n|-damage|p2b: Sinistcha|1\/100\n|\n|upkeep\n|\n|t:|1700265682\n|switch|p1a: Chien-Pao|Chien-Pao|100\/100\n|-ability|p1a: Chien-Pao|Sword of Ruin\n|turn|6\n|\n|t:|1700265693\n|move|p2a: Snorlax|Protect|p2a: Snorlax\n|-singleturn|p2a: Snorlax|Protect\n|move|p1a: Chien-Pao|Sucker Punch||[still]\n|-fail|p1a: Chien-Pao\n|move|p1b: Ting-Lu|Ruination|p2b: Sinistcha|[miss]\n|-miss|p1b: Ting-Lu|p2b: Sinistcha\n|move|p2b: Sinistcha|Matcha Gotcha|p1a: Chien-Pao|[spread] p1a,p1b\n|-supereffective|p1b: Ting-Lu\n|-damage|p1a: Chien-Pao|74\/100\n|-heal|p2b: Sinistcha|13\/100|[from] drain|[of] p1a: Chien-Pao\n|-damage|p1b: Ting-Lu|12\/100\n|-heal|p2b: Sinistcha|33\/100|[from] drain|[of] p1b: Ting-Lu\n|-status|p1b: Ting-Lu|brn\n|-enditem|p1b: Ting-Lu|Weakness Policy\n|-boost|p1b: Ting-Lu|atk|2|[from] item: Weakness Policy\n|-boost|p1b: Ting-Lu|spa|2|[from] item: Weakness Policy\n|\n|-damage|p1b: Ting-Lu|6\/100 brn|[from] brn\n|upkeep\n|turn|7\n|\n|t:|1700265719\n|switch|p2b: Iron Hands|Iron Hands|46\/100\n|move|p1a: Chien-Pao|Sucker Punch||[still]\n|-fail|p1a: Chien-Pao\n|move|p2a: Snorlax|Belly Drum||[still]\n|-fail|p2a: Snorlax\n|move|p1b: Ting-Lu|Ruination|p2b: Iron Hands\n|-damage|p2b: Iron Hands|23\/100\n|\n|-damage|p1b: Ting-Lu|0 fnt|[from] brn\n|faint|p1b: Ting-Lu\n|upkeep\n|\n|t:|1700265730\n|switch|p1b: Iron Hands|Iron Hands|100\/100\n|turn|8\n|\n|t:|1700265740\n|move|p1b: Iron Hands|Fake Out|p2a: Snorlax\n|-damage|p2a: Snorlax|0 fnt\n|faint|p2a: Snorlax\n|move|p2b: Iron Hands|Fake Out|p1a: Chien-Pao\n|-damage|p1a: Chien-Pao|52\/100\n|cant|p1a: Chien-Pao|flinch\n|\n|-fieldend|move: Trick Room\n|upkeep\n|\n|t:|1700265746\n|switch|p2a: Kommo-o|Kommo-o, F|100\/100\n|turn|9\n|\n|t:|1700265760\n|-end|p2b: Iron Hands|Quark Drive|[silent]\n|switch|p2b: Clefairy|Clefairy, F|100\/100\n|-terastallize|p2a: Kommo-o|Steel\n|move|p1a: Chien-Pao|Ice Spinner|p2a: Kommo-o\n|-resisted|p2a: Kommo-o\n|-damage|p2a: Kommo-o|81\/100\n|move|p2a: Kommo-o|Clangorous Soul|p2a: Kommo-o\n|-boost|p2a: Kommo-o|atk|1\n|-boost|p2a: Kommo-o|def|1\n|-boost|p2a: Kommo-o|spa|1\n|-boost|p2a: Kommo-o|spd|1\n|-boost|p2a: Kommo-o|spe|1\n|-damage|p2a: Kommo-o|49\/100\n|-enditem|p2a: Kommo-o|Throat Spray\n|-boost|p2a: Kommo-o|spa|1|[from] item: Throat Spray\n|move|p1b: Iron Hands|Drain Punch|p2b: Clefairy\n|-resisted|p2b: Clefairy\n|-damage|p2b: Clefairy|82\/100\n|\n|upkeep\n|turn|10\n|\n|t:|1700265782\n|move|p2b: Clefairy|Follow Me|p2b: Clefairy\n|-singleturn|p2b: Clefairy|move: Follow Me\n|move|p1a: Chien-Pao|Sacred Sword|p2b: Clefairy\n|-resisted|p2b: Clefairy\n|-damage|p2b: Clefairy|67\/100\n|move|p2a: Kommo-o|Clanging Scales|p1a: Chien-Pao|[spread] p1a,p1b\n|-damage|p1a: Chien-Pao|0 fnt\n|-damage|p1b: Iron Hands|53\/100\n|faint|p1a: Chien-Pao\n|-unboost|p2a: Kommo-o|def|1\n|move|p1b: Iron Hands|Drain Punch|p2b: Clefairy\n|-resisted|p2b: Clefairy\n|-damage|p2b: Clefairy|50\/100\n|-heal|p1b: Iron Hands|58\/100|[from] drain|[of] p2b: Clefairy\n|\n|upkeep\n|turn|11\n|\n|t:|1700265799\n|move|p2b: Clefairy|Helping Hand|p2a: Kommo-o\n|-singleturn|p2a: Kommo-o|Helping Hand|[of] p2b: Clefairy\n|move|p2a: Kommo-o|Clanging Scales|p1b: Iron Hands\n|-damage|p1b: Iron Hands|0 fnt\n|faint|p1b: Iron Hands\n|-end|p1b: Iron Hands|Quark Drive|[silent]\n|\n|win|Reinwatr\n|raw|Bepepepepbooooob's rating: 1097 &rarr; <strong>1071<\/strong><br \/>(-26 for losing)\n|raw|Reinwatr's rating: 1074 &rarr; <strong>1105<\/strong><br \/>(+31 for winning)\n|c|\u2606Bepepepepbooooob|gg\n|c|\u2606Reinwatr|gg\n|l|\u2606Bepepepepbooooob\n","uploadtime":1700265814,"views":16,"p1id":"bepepepepbooooob","p2id":"reinwatr","formatid":"gen9doublesou","rating":1071,"private":0,"password":""}