{"id":"gen9doublesou-1981360189","p1":"DrManBeast","p2":"sticknmove","format":"[Gen 9] Doubles OU","log":"|j|\u2606DrManBeast\n|j|\u2606sticknmove\n|t:|1698887412\n|gametype|doubles\n|player|p1|DrManBeast|2|\n|player|p2|sticknmove|lance|\n|teamsize|p1|6\n|teamsize|p2|6\n|gen|9\n|tier|[Gen 9] Doubles OU\n|rule|Species Clause: Limit one of each Pok\u00e9mon\n|rule|OHKO Clause: OHKO moves are banned\n|rule|Evasion Moves Clause: Evasion moves are banned\n|rule|Gravity Sleep Clause: The combination of sleep-inducing moves with imperfect accuracy and Gravity or Gigantamax Orbeetle are banned\n|rule|Endless Battle Clause: Forcing endless battles is banned\n|rule|HP Percentage Mod: HP is shown in percentages\n|clearpoke\n|poke|p1|Dusclops, F|\n|poke|p1|Regidrago|\n|poke|p1|Farigiraf, F|\n|poke|p1|Talonflame, F|\n|poke|p1|Tauros-Paldea-Aqua, M|\n|poke|p1|Bisharp, F|\n|poke|p2|Mudsdale, M|\n|poke|p2|Oranguru, F|\n|poke|p2|Iron Valiant|\n|poke|p2|Dragapult, M|\n|poke|p2|Sneasler, F|\n|poke|p2|Grimmsnarl, M|\n|teampreview\n|\n|t:|1698887426\n|start\n|switch|p1a: Dusclops|Dusclops, F|100\/100\n|switch|p1b: Regidrago|Regidrago|100\/100\n|switch|p2a: Iron Valiant|Iron Valiant, shiny|100\/100\n|switch|p2b: Oranguru|Oranguru, F|100\/100\n|-item|p2a: Iron Valiant|Booster Energy|[from] ability: Frisk|[of] p1a: Dusclops|[identify]\n|-item|p2b: Oranguru|Life Orb|[from] ability: Frisk|[of] p1a: Dusclops|[identify]\n|-enditem|p2a: Iron Valiant|Booster Energy\n|-activate|p2b: Oranguru|ability: Symbiosis|Life Orb|[of] p2a: Iron Valiant\n|-activate|p2a: Iron Valiant|ability: Quark Drive|[fromitem]\n|-start|p2a: Iron Valiant|quarkdrivespe\n|turn|1\n|\n|t:|1698887469\n|-terastallize|p2a: Iron Valiant|Dark\n|move|p2a: Iron Valiant|Knock Off|p1a: Dusclops\n|-supereffective|p1a: Dusclops\n|-damage|p1a: Dusclops|15\/100\n|-enditem|p1a: Dusclops|Eviolite|[from] move: Knock Off|[of] p2a: Iron Valiant\n|-damage|p2a: Iron Valiant|91\/100|[from] item: Life Orb\n|move|p1b: Regidrago|Explosion|p2b: Oranguru|[spread] p2a,p2b\n|-immune|p1a: Dusclops\n|-enditem|p1b: Regidrago|Normal Gem|[from] gem\n|-crit|p2a: Iron Valiant\n|-damage|p2a: Iron Valiant|0 fnt\n|-damage|p2b: Oranguru|24\/100\n|faint|p1b: Regidrago\n|faint|p2a: Iron Valiant\n|-end|p2a: Iron Valiant|Quark Drive|[silent]\n|move|p2b: Oranguru|Trick||[still]\n|-fail|p2b: Oranguru\n|move|p1a: Dusclops|Trick Room|p1a: Dusclops\n|-fieldstart|move: Trick Room|[of] p1a: Dusclops\n|\n|upkeep\n|\n|t:|1698887490\n|switch|p1b: Farigiraf|Farigiraf, F|100\/100\n|switch|p2a: Mudsdale|Mudsdale, M|100\/100\n|turn|2\n|\n|t:|1698887506\n|move|p2b: Oranguru|Protect|p2b: Oranguru\n|-singleturn|p2b: Oranguru|Protect\n|move|p1a: Dusclops|Pain Split|p2a: Mudsdale\n|-sethp|p2a: Mudsdale|55\/100|[from] move: Pain Split|[silent]\n|-sethp|p1a: Dusclops|79\/100|[from] move: Pain Split\n|move|p2a: Mudsdale|Earthquake|p1b: Farigiraf|[spread] p1a,p1b\n|-activate|p2b: Oranguru|move: Protect\n|-damage|p1a: Dusclops|41\/100\n|-damage|p1b: Farigiraf|56\/100\n|move|p1b: Farigiraf|Nasty Plot|p1b: Farigiraf\n|-boost|p1b: Farigiraf|spa|2\n|\n|-heal|p2a: Mudsdale|62\/100|[from] item: Leftovers\n|upkeep\n|turn|3\n|\n|t:|1698887540\n|move|p2b: Oranguru|Protect||[still]\n|-fail|p2b: Oranguru\n|move|p1a: Dusclops|Will-O-Wisp|p2a: Mudsdale\n|-status|p2a: Mudsdale|brn\n|move|p2a: Mudsdale|Earthquake|p1b: Farigiraf|[spread] p2b,p1a,p1b\n|-damage|p2b: Oranguru|6\/100\n|-damage|p1a: Dusclops|23\/100\n|-damage|p1b: Farigiraf|36\/100\n|move|p1b: Farigiraf|Hyper Voice|p2b: Oranguru|[spread] p2a,p2b\n|-damage|p2a: Mudsdale|0 fnt\n|-damage|p2b: Oranguru|0 fnt\n|faint|p2a: Mudsdale\n|faint|p2b: Oranguru\n|-enditem|p1b: Farigiraf|Throat Spray\n|-boost|p1b: Farigiraf|spa|1|[from] item: Throat Spray\n|\n|upkeep\n|\n|t:|1698887567\n|switch|p2a: Dragapult|Dragapult, M, shiny|100\/100\n|switch|p2b: Grimmsnarl|Grimmsnarl, M|100\/100\n|turn|4\n|\n|t:|1698887595\n|-terastallize|p1b: Farigiraf|Fire\n|move|p2b: Grimmsnarl|Light Screen|p2b: Grimmsnarl\n|-sidestart|p2: sticknmove|move: Light Screen\n|move|p1a: Dusclops|Pain Split|p2b: Grimmsnarl\n|-sethp|p2b: Grimmsnarl|58\/100|[from] move: Pain Split|[silent]\n|-sethp|p1a: Dusclops|81\/100|[from] move: Pain Split\n|move|p1b: Farigiraf|Tera Blast|p2a: Dragapult|[anim] Tera Blast Fire\n|-resisted|p2a: Dragapult\n|-damage|p2a: Dragapult|57\/100\n|-start|p1b: Farigiraf|Disable|Tera Blast|[from] ability: Cursed Body|[of] p2a: Dragapult\n|move|p2a: Dragapult|Outrage|p1b: Farigiraf\n|-damage|p1b: Farigiraf|0 fnt\n|faint|p1b: Farigiraf\n|\n|upkeep\n|\n|t:|1698887619\n|switch|p1b: Talonflame|Talonflame, F|100\/100\n|turn|5\n|\n|t:|1698887634\n|move|p1b: Talonflame|Protect|p1b: Talonflame\n|-singleturn|p1b: Talonflame|Protect\n|move|p2b: Grimmsnarl|Reflect|p2b: Grimmsnarl\n|-sidestart|p2: sticknmove|Reflect\n|move|p1a: Dusclops|Will-O-Wisp|p2a: Dragapult\n|-status|p2a: Dragapult|brn\n|move|p2a: Dragapult|Outrage|p1a: Dusclops|[from]lockedmove\n|-damage|p1a: Dusclops|35\/100\n|\n|-damage|p2a: Dragapult|51\/100 brn|[from] brn\n|-fieldend|move: Trick Room\n|upkeep\n|turn|6\n|\n|t:|1698887659\n|move|p1b: Talonflame|Tailwind|p1b: Talonflame\n|-sidestart|p1: DrManBeast|move: Tailwind\n|move|p2a: Dragapult|Outrage|p1b: Talonflame|[from]lockedmove\n|-damage|p1b: Talonflame|39\/100\n|-start|p2a: Dragapult|confusion|[fatigue]\n|move|p2b: Grimmsnarl|Spirit Break|p1a: Dusclops\n|-damage|p1a: Dusclops|0 fnt\n|faint|p1a: Dusclops\n|\n|-damage|p2a: Dragapult|45\/100 brn|[from] brn\n|upkeep\n|\n|t:|1698887677\n|switch|p1a: Tauros|Tauros-Paldea-Aqua, M|100\/100\n|-ability|p1a: Tauros|Intimidate|boost\n|-unboost|p2a: Dragapult|atk|1\n|-unboost|p2b: Grimmsnarl|atk|1\n|turn|7\n|\n|t:|1698887690\n|move|p1b: Talonflame|Flare Blitz|p2a: Dragapult\n|-resisted|p2a: Dragapult\n|-damage|p2a: Dragapult|23\/100 brn\n|-damage|p1b: Talonflame|31\/100|[from] Recoil\n|move|p1a: Tauros|Earthquake|p2a: Dragapult|[spread] p2a,p2b\n|-immune|p1b: Talonflame\n|-damage|p2a: Dragapult|1\/100 brn\n|-damage|p2b: Grimmsnarl|40\/100\n|-activate|p2a: Dragapult|confusion\n|move|p2a: Dragapult|Outrage|p1b: Talonflame\n|-damage|p1b: Talonflame|0 fnt\n|faint|p1b: Talonflame\n|move|p2b: Grimmsnarl|Spirit Break|p1a: Tauros\n|-supereffective|p1a: Tauros\n|-crit|p1a: Tauros\n|-damage|p1a: Tauros|0 fnt\n|faint|p1a: Tauros\n|\n|-damage|p2a: Dragapult|0 fnt|[from] brn\n|faint|p2a: Dragapult\n|upkeep\n|\n|t:|1698887711\n|switch|p2a: Sneasler|Sneasler, F, shiny|100\/100\n|switch|p1a: Bisharp|Bisharp, F|100\/100\n|turn|8\n|\n|t:|1698887727\n|move|p2a: Sneasler|Fake Out|p1a: Bisharp\n|-resisted|p1a: Bisharp\n|-damage|p1a: Bisharp|93\/100\n|cant|p1a: Bisharp|flinch\n|move|p2b: Grimmsnarl|Spirit Break|p1a: Bisharp\n|-damage|p1a: Bisharp|65\/100\n|-unboost|p1a: Bisharp|spa|1\n|-ability|p1a: Bisharp|Defiant|boost\n|-boost|p1a: Bisharp|atk|2\n|\n|upkeep\n|turn|9\n|\n|t:|1698887747\n|move|p1a: Bisharp|Iron Head|p2b: Grimmsnarl\n|-supereffective|p2b: Grimmsnarl\n|-damage|p2b: Grimmsnarl|0 fnt\n|faint|p2b: Grimmsnarl\n|move|p2a: Sneasler|Close Combat|p1a: Bisharp\n|-supereffective|p1a: Bisharp\n|-damage|p1a: Bisharp|0 fnt\n|-unboost|p2a: Sneasler|def|1\n|-unboost|p2a: Sneasler|spd|1\n|faint|p1a: Bisharp\n|\n|win|sticknmove\n","uploadtime":1698887782,"views":25,"p1id":"drmanbeast","p2id":"sticknmove","formatid":"gen9doublesou","rating":0,"private":0,"password":""}