{"id":"gen9doublesou-1984808198","p1":"robjr","p2":"talkze","format":"[Gen 9] Doubles OU","log":"|j|\u2606robjr\n|j|\u2606talkze\n|t:|1699300705\n|gametype|doubles\n|player|p1|robjr|#dpl9spectralthieves|\n|player|p2|talkze|dawn-gen4pt|\n|teamsize|p1|6\n|teamsize|p2|6\n|gen|9\n|tier|[Gen 9] Doubles OU\n|rule|Species Clause: Limit one of each Pok\u00e9mon\n|rule|OHKO Clause: OHKO moves are banned\n|rule|Evasion Moves Clause: Evasion moves are banned\n|rule|Gravity Sleep Clause: The combination of sleep-inducing moves with imperfect accuracy and Gravity or Gigantamax Orbeetle are banned\n|rule|Endless Battle Clause: Forcing endless battles is banned\n|rule|HP Percentage Mod: HP is shown in percentages\n|clearpoke\n|poke|p1|Chi-Yu|\n|poke|p1|Flutter Mane|\n|poke|p1|Ogerpon-Wellspring, F|\n|poke|p1|Tornadus, M|\n|poke|p1|Iron Hands|\n|poke|p1|Landorus-Therian, M|\n|poke|p2|Thundurus, M|\n|poke|p2|Grimmsnarl, M|\n|poke|p2|Landorus-Therian, M|\n|poke|p2|Rillaboom, M|\n|poke|p2|Kingambit, M|\n|poke|p2|Spectrier|\n|teampreview\n|c|\u2606robjr|hf\n|c|\u2606robjr|can you make the room public pls\n|j| Shiritu\n|j| Sheik\n|j| juega persona\n|j|+Arcticblast\n|c| Sheik|Talkbaze pon \/publicroom\n|c|\u2606talkze|\/log talkze made this room public.\n|c| Sheik|Talkze*\n|l|+Arcticblast\n|\n|t:|1699300860\n|start\n|switch|p1a: Iron Hands|Iron Hands|100\/100\n|switch|p1b: Chi-Yu|Chi-Yu|100\/100\n|switch|p2a: Thundurus|Thundurus, M|100\/100\n|switch|p2b: Landorus|Landorus-Therian, M|100\/100\n|-ability|p2b: Landorus|Intimidate|boost\n|-unboost|p1a: Iron Hands|atk|1\n|-unboost|p1b: Chi-Yu|atk|1\n|-ability|p1b: Chi-Yu|Beads of Ruin\n|turn|1\n|j|+Arcticblast\n|j| SingleThunder\n|j| xHys\n|j| luisin\n|j| blfitcrofter\n|j|+zoe\n|j|+Yoda2798\n|j|+Frixel\n|l| Shiritu\n|l| xHys\n|j| NinjaSnapple\n|j| Shiritu\n|\n|t:|1699300956\n|switch|p2b: Grimmsnarl|Grimmsnarl, M|100\/100\n|move|p1a: Iron Hands|Fake Out|p2a: Thundurus\n|-damage|p2a: Thundurus|89\/100\n|move|p1b: Chi-Yu|Overheat|p2b: Grimmsnarl\n|-damage|p2b: Grimmsnarl|0 fnt\n|-unboost|p1b: Chi-Yu|spa|2\n|faint|p2b: Grimmsnarl\n|cant|p2a: Thundurus|flinch\n|\n|-heal|p2a: Thundurus|95\/100|[from] item: Leftovers\n|upkeep\n|l| NinjaSnapple\n|\n|t:|1699300969\n|switch|p2b: Landorus|Landorus-Therian, M|100\/100\n|-ability|p2b: Landorus|Intimidate|boost\n|-unboost|p1a: Iron Hands|atk|1\n|-unboost|p1b: Chi-Yu|atk|1\n|turn|2\n|j| seroo\n|j| Iceberg77\n|j| theyummybagel\n|l|+zoe\n|\n|t:|1699301037\n|switch|p1b: Landorus|Landorus-Therian, M|100\/100\n|-ability|p1b: Landorus|Intimidate|boost\n|-unboost|p2a: Thundurus|atk|1\n|-unboost|p2b: Landorus|atk|1\n|switch|p2a: Spectrier|Spectrier|100\/100\n|-end|p1a: Iron Hands|Quark Drive|[silent]\n|switch|p1a: Tornadus|Tornadus, M|100\/100\n|move|p2b: Landorus|Stomping Tantrum|p1b: Landorus\n|-immune|p1b: Landorus\n|\n|upkeep\n|turn|3\n|j|+zoe\n|c| SingleThunder|Ghost horse\n|c| SingleThunder|honse\n|\n|t:|1699301078\n|switch|p2b: Thundurus|Thundurus, M|95\/100\n|move|p2a: Spectrier|Protect|p2a: Spectrier\n|-singleturn|p2a: Spectrier|Protect\n|move|p1a: Tornadus|Taunt|p2b: Thundurus\n|-start|p2b: Thundurus|move: Taunt\n|move|p1b: Landorus|Stealth Rock|p2b: Thundurus\n|-sidestart|p2: talkze|move: Stealth Rock\n|\n|-heal|p2b: Thundurus|100\/100|[from] item: Leftovers\n|upkeep\n|turn|4\n|\n|t:|1699301098\n|switch|p2b: Landorus|Landorus-Therian, M|100\/100\n|-damage|p2b: Landorus|88\/100|[from] Stealth Rock\n|-ability|p2b: Landorus|Intimidate|boost\n|-unboost|p1a: Tornadus|atk|1\n|-unboost|p1b: Landorus|atk|1\n|move|p1a: Tornadus|Protect|p1a: Tornadus\n|-singleturn|p1a: Tornadus|Protect\n|move|p2a: Spectrier|Nasty Plot|p2a: Spectrier\n|-boost|p2a: Spectrier|spa|2\n|move|p1b: Landorus|U-turn|p2a: Spectrier\n|-resisted|p2a: Spectrier\n|-crit|p2a: Spectrier\n|-damage|p2a: Spectrier|79\/100\n|j| ratpacker\n|j| RUL2 not arc\n|l| SingleThunder\n|inactive|Battle timer is ON: inactive players will automatically lose when time's up. (requested by robjr)\n|c|\u2606talkze|?\n|\n|t:|1699301204\n|switch|p1b: Ogerpon|Ogerpon-Wellspring, F|100\/100|[from] U-turn\n|\n|-heal|p2a: Spectrier|86\/100|[from] item: Leftovers\n|upkeep\n|turn|5\n|l|+zoe\n|\n|t:|1699301223\n|switch|p2b: Rillaboom|Rillaboom, M|100\/100\n|-damage|p2b: Rillaboom|88\/100|[from] Stealth Rock\n|-fieldstart|move: Grassy Terrain|[from] ability: Grassy Surge|[of] p2b: Rillaboom\n|move|p1a: Tornadus|Tailwind|p1a: Tornadus\n|-sidestart|p1: robjr|move: Tailwind\n|move|p1b: Ogerpon|Ivy Cudgel|p2b: Rillaboom\n|-resisted|p2b: Rillaboom\n|-damage|p2b: Rillaboom|61\/100\n|move|p2a: Spectrier|Shadow Ball|p1a: Tornadus\n|-enditem|p1a: Tornadus|Focus Sash\n|-damage|p1a: Tornadus|1\/100\n|\n|-heal|p2a: Spectrier|92\/100|[from] Grassy Terrain\n|-heal|p2a: Spectrier|98\/100|[from] item: Leftovers\n|-heal|p2b: Rillaboom|67\/100|[from] Grassy Terrain\n|upkeep\n|turn|6\n|inactive|robjr has 270 seconds left.\n|j| ina fable.\n|j|+zoe\n|\n|t:|1699301282\n|move|p2b: Rillaboom|Fake Out|p1b: Ogerpon\n|-damage|p1b: Ogerpon|82\/100\n|move|p1a: Tornadus|Bleakwind Storm|p2a: Spectrier|[spread] p2a,p2b\n|-supereffective|p2b: Rillaboom\n|-damage|p2a: Spectrier|58\/100\n|-damage|p2b: Rillaboom|23\/100\n|-unboost|p2b: Rillaboom|spe|1\n|cant|p1b: Ogerpon|flinch\n|move|p2a: Spectrier|Shadow Ball|p1b: Ogerpon\n|-damage|p1b: Ogerpon|0 fnt\n|faint|p1b: Ogerpon\n|-ability|p2a: Spectrier|Grim Neigh|boost\n|-boost|p2a: Spectrier|spa|1\n|\n|-heal|p2a: Spectrier|65\/100|[from] Grassy Terrain\n|-heal|p2a: Spectrier|71\/100|[from] item: Leftovers\n|-heal|p2b: Rillaboom|30\/100|[from] Grassy Terrain\n|upkeep\n|inactive|robjr has 240 seconds left.\n|\n|t:|1699301321\n|switch|p1b: Chi-Yu|Chi-Yu|100\/100\n|-ability|p1b: Chi-Yu|Beads of Ruin\n|turn|7\n|inactive|robjr has 210 seconds left.\n|j| DolphinVGC\n|l|+zoe\n|j|+zoe\n|inactive|robjr has 180 seconds left.\n|\n|t:|1699301400\n|switch|p1a: Landorus|Landorus-Therian, M|100\/100\n|-ability|p1a: Landorus|Intimidate|boost\n|-unboost|p2a: Spectrier|atk|1\n|-unboost|p2b: Rillaboom|atk|1\n|-terastallize|p1b: Chi-Yu|Fire\n|move|p2a: Spectrier|Protect|p2a: Spectrier\n|-singleturn|p2a: Spectrier|Protect\n|move|p2b: Rillaboom|Grassy Glide|p1a: Landorus\n|-damage|p1a: Landorus|80\/100\n|move|p1b: Chi-Yu|Heat Wave|p2a: Spectrier|[spread] p2b\n|-activate|p2a: Spectrier|move: Protect\n|-supereffective|p2b: Rillaboom\n|-damage|p2b: Rillaboom|0 fnt\n|faint|p2b: Rillaboom\n|\n|-heal|p2a: Spectrier|77\/100|[from] Grassy Terrain\n|-heal|p2a: Spectrier|83\/100|[from] item: Leftovers\n|upkeep\n|inactive|talkze has 270 seconds left.\n|\n|t:|1699301417\n|switch|p2b: Thundurus|Thundurus, M|100\/100\n|-damage|p2b: Thundurus|76\/100|[from] Stealth Rock\n|turn|8\n|inactive|robjr has 180 seconds left.\n|\n|t:|1699301459\n|move|p2b: Thundurus|Thunder Wave|p1b: Chi-Yu\n|-status|p1b: Chi-Yu|par\n|move|p1a: Landorus|Stomping Tantrum|p2a: Spectrier\n|-damage|p2a: Spectrier|32\/100\n|move|p2a: Spectrier|Shadow Ball|p1b: Chi-Yu\n|-damage|p1b: Chi-Yu|1\/100 par\n|cant|p1b: Chi-Yu|par\n|\n|-heal|p2a: Spectrier|39\/100|[from] Grassy Terrain\n|-heal|p2a: Spectrier|45\/100|[from] item: Leftovers\n|-heal|p1b: Chi-Yu|7\/100 par|[from] Grassy Terrain\n|-heal|p2b: Thundurus|82\/100|[from] item: Leftovers\n|-sideend|p1: robjr|move: Tailwind\n|upkeep\n|turn|9\n|inactive|robjr has 150 seconds left.\n|inactive|robjr has 120 seconds left.\n|inactive|talkze has 270 seconds left.\n|l| Sheik\n|inactive|robjr has 90 seconds left.\n|j| Sheik\n|\n|t:|1699301559\n|switch|p1a: Tornadus|Tornadus, M|1\/100\n|move|p2a: Spectrier|Shadow Ball|p1a: Tornadus\n|-damage|p1a: Tornadus|0 fnt\n|faint|p1a: Tornadus\n|-ability|p2a: Spectrier|Grim Neigh|boost\n|-boost|p2a: Spectrier|spa|1\n|move|p2b: Thundurus|Thunderbolt|p1b: Chi-Yu\n|-damage|p1b: Chi-Yu|0 fnt\n|faint|p1b: Chi-Yu\n|\n|-heal|p2a: Spectrier|51\/100|[from] Grassy Terrain\n|-heal|p2a: Spectrier|57\/100|[from] item: Leftovers\n|-heal|p2b: Thundurus|88\/100|[from] item: Leftovers\n|-fieldend|move: Grassy Terrain\n|upkeep\n|j| qsns\n|\n|t:|1699301580\n|switch|p1a: Flutter Mane|Flutter Mane|100\/100\n|switch|p1b: Landorus|Landorus-Therian, M|80\/100\n|-ability|p1b: Landorus|Intimidate|boost\n|-unboost|p2a: Spectrier|atk|1\n|-unboost|p2b: Thundurus|atk|1\n|-enditem|p1a: Flutter Mane|Booster Energy\n|-activate|p1a: Flutter Mane|ability: Protosynthesis|[fromitem]\n|-start|p1a: Flutter Mane|protosynthesisspe\n|turn|10\n|inactive|robjr has 90 seconds left.\n|l|+zoe\n|\n|t:|1699301599\n|move|p1a: Flutter Mane|Protect|p1a: Flutter Mane\n|-singleturn|p1a: Flutter Mane|Protect\n|move|p2a: Spectrier|Protect|p2a: Spectrier\n|-singleturn|p2a: Spectrier|Protect\n|move|p2b: Thundurus|Thunder Wave|p1a: Flutter Mane\n|-activate|p1a: Flutter Mane|move: Protect\n|move|p1b: Landorus|Stomping Tantrum|p2a: Spectrier\n|-activate|p2a: Spectrier|move: Protect\n|\n|-heal|p2a: Spectrier|64\/100|[from] item: Leftovers\n|-heal|p2b: Thundurus|94\/100|[from] item: Leftovers\n|upkeep\n|turn|11\n|\n|t:|1699301620\n|-end|p1a: Flutter Mane|Protosynthesis|[silent]\n|switch|p1a: Iron Hands|Iron Hands|100\/100\n|move|p2b: Thundurus|Thunder Wave|p1a: Iron Hands\n|-immune|p1a: Iron Hands\n|move|p2a: Spectrier|Shadow Ball|p1a: Iron Hands\n|-damage|p1a: Iron Hands|41\/100\n|move|p1b: Landorus|Stomping Tantrum|p2a: Spectrier\n|-damage|p2a: Spectrier|13\/100\n|\n|-heal|p2a: Spectrier|19\/100|[from] item: Leftovers\n|-heal|p2b: Thundurus|99\/100|[from] item: Leftovers\n|upkeep\n|turn|12\n|inactive|talkze has 270 seconds left.\n|\n|t:|1699301652\n|move|p2a: Spectrier|Protect|p2a: Spectrier\n|-singleturn|p2a: Spectrier|Protect\n|move|p2b: Thundurus|Substitute|p2b: Thundurus\n|-start|p2b: Thundurus|Substitute\n|-damage|p2b: Thundurus|75\/100\n|move|p1b: Landorus|Stomping Tantrum|p2a: Spectrier\n|-activate|p2a: Spectrier|move: Protect\n|move|p1a: Iron Hands|Wild Charge|p2a: Spectrier\n|-activate|p2a: Spectrier|move: Protect\n|\n|-heal|p2a: Spectrier|25\/100|[from] item: Leftovers\n|-heal|p2b: Thundurus|81\/100|[from] item: Leftovers\n|upkeep\n|turn|13\n|inactive|robjr has 120 seconds left.\n|\n|t:|1699301671\n|-terastallize|p2a: Spectrier|Fairy\n|move|p2a: Spectrier|Draining Kiss|p1b: Landorus\n|-damage|p1b: Landorus|0 fnt\n|-heal|p2a: Spectrier|82\/100|[from] drain|[of] p1b: Landorus\n|faint|p1b: Landorus\n|-ability|p2a: Spectrier|Grim Neigh|boost\n|-boost|p2a: Spectrier|spa|1\n|move|p2b: Thundurus|Thunderbolt|p1a: Iron Hands\n|-resisted|p1a: Iron Hands\n|-damage|p1a: Iron Hands|31\/100\n|move|p1a: Iron Hands|Wild Charge|p2a: Spectrier\n|-damage|p2a: Spectrier|23\/100\n|-damage|p1a: Iron Hands|18\/100|[from] Recoil\n|\n|-heal|p2a: Spectrier|29\/100|[from] item: Leftovers\n|-heal|p2b: Thundurus|87\/100|[from] item: Leftovers\n|upkeep\n|\n|t:|1699301675\n|switch|p1b: Flutter Mane|Flutter Mane|100\/100\n|turn|14\n|c|\u2606robjr|gg\n|-message|robjr forfeited.\n|\n|win|talkze\n|l| DolphinVGC\n|c|\u2606talkze|gg\n|l| Shiritu\n|l| blfitcrofter\n|j| F3rrari450\n|l| seroo\n|l|\u2606robjr\n|l| Sheik\n|l| ina fable.\n","uploadtime":1699301704,"views":167,"p1id":"robjr","p2id":"talkze","formatid":"gen9doublesou","rating":0,"private":0,"password":""}