{"id":"gen9doublesou-1968324169","p1":"TheKingDrac","p2":"Lumpbag","format":"[Gen 9] Doubles OU","log":"|html|<div class=\"broadcast-blue\"><strong>[Gen 9] Doubles OU is currently suspecting Basculegion & Flutter Mane! For information on how to participate check out the <a href=\"https:\/\/www.smogon.com\/forums\/threads\/np-sv-dou-stage-8-double-trouble.3729153\/\">suspect thread<\/a>.<\/strong><\/div>\n|j|\u2606TheKingDrac\n|j|\u2606Lumpbag\n|t:|1697406188\n|gametype|doubles\n|player|p1|TheKingDrac|gambler|1338\n|player|p2|Lumpbag|skyla|1362\n|teamsize|p1|6\n|teamsize|p2|6\n|gen|9\n|tier|[Gen 9] Doubles OU\n|rated|\n|rule|Species Clause: Limit one of each Pok\u00e9mon\n|rule|OHKO Clause: OHKO moves are banned\n|rule|Evasion Moves Clause: Evasion moves are banned\n|rule|Gravity Sleep Clause: The combination of sleep-inducing moves with imperfect accuracy and Gravity or Gigantamax Orbeetle are banned\n|rule|Endless Battle Clause: Forcing endless battles is banned\n|rule|HP Percentage Mod: HP is shown in percentages\n|clearpoke\n|poke|p1|Gholdengo|\n|poke|p1|Iron Hands|\n|poke|p1|Flutter Mane|\n|poke|p1|Amoonguss, M|\n|poke|p1|Ogerpon-Wellspring, F|\n|poke|p1|Ting-Lu|\n|poke|p2|Weezing-Galar, F|\n|poke|p2|Roaring Moon|\n|poke|p2|Regieleki|\n|poke|p2|Heatran, F|\n|poke|p2|Ogerpon-Wellspring, F|\n|poke|p2|Landorus-Therian, M|\n|teampreview\n|inactive|Battle timer is ON: inactive players will automatically lose when time's up. (requested by Lumpbag)\n|inactive|Lumpbag has 120 seconds left.\n|\n|t:|1697406245\n|start\n|switch|p1a: Gholdengo|Gholdengo|100\/100\n|switch|p1b: Iron Hands|Iron Hands|100\/100\n|switch|p2a: Weezing|Weezing-Galar, F|100\/100\n|switch|p2b: Roaring Moon|Roaring Moon|100\/100\n|-ability|p2a: Weezing|Neutralizing Gas\n|-enditem|p2b: Roaring Moon|Booster Energy\n|-activate|p2b: Roaring Moon|ability: Protosynthesis|[fromitem]\n|-start|p2b: Roaring Moon|protosynthesisatk\n|turn|1\n|\n|t:|1697406269\n|-terastallize|p2a: Weezing|Water\n|move|p1a: Gholdengo|Protect|p1a: Gholdengo\n|-singleturn|p1a: Gholdengo|Protect\n|move|p2b: Roaring Moon|Protect|p2b: Roaring Moon\n|-singleturn|p2b: Roaring Moon|Protect\n|move|p1b: Iron Hands|Fake Out|p2a: Weezing\n|-damage|p2a: Weezing|87\/100\n|cant|p2a: Weezing|flinch\n|\n|-heal|p2a: Weezing|93\/100|[from] item: Leftovers\n|upkeep\n|turn|2\n|\n|t:|1697406289\n|move|p1a: Gholdengo|Nasty Plot|p1a: Gholdengo\n|-boost|p1a: Gholdengo|spa|2\n|move|p2b: Roaring Moon|Knock Off|p1a: Gholdengo\n|-supereffective|p1a: Gholdengo\n|-damage|p1a: Gholdengo|0 fnt\n|-enditem|p1a: Gholdengo|Leftovers|[from] move: Knock Off|[of] p2b: Roaring Moon\n|faint|p1a: Gholdengo\n|move|p2a: Weezing|Will-O-Wisp|p1b: Iron Hands\n|-status|p1b: Iron Hands|brn\n|move|p1b: Iron Hands|Wild Charge|p2a: Weezing\n|-supereffective|p2a: Weezing\n|-damage|p2a: Weezing|45\/100\n|-damage|p1b: Iron Hands|92\/100 brn|[from] Recoil\n|\n|-heal|p2a: Weezing|50\/100|[from] item: Leftovers\n|-damage|p1b: Iron Hands|86\/100 brn|[from] brn\n|upkeep\n|\n|t:|1697406308\n|switch|p1a: Ting-Lu|Ting-Lu|100\/100\n|turn|3\n|\n|t:|1697406329\n|move|p2b: Roaring Moon|Knock Off|p1b: Iron Hands\n|-resisted|p1b: Iron Hands\n|-damage|p1b: Iron Hands|61\/100 brn\n|-enditem|p1b: Iron Hands|Assault Vest|[from] move: Knock Off|[of] p2b: Roaring Moon\n|move|p2a: Weezing|Will-O-Wisp|p1a: Ting-Lu\n|-status|p1a: Ting-Lu|brn\n|move|p1b: Iron Hands|Wild Charge|p2a: Weezing\n|-supereffective|p2a: Weezing\n|-damage|p2a: Weezing|6\/100\n|-damage|p1b: Iron Hands|53\/100 brn|[from] Recoil\n|move|p1a: Ting-Lu|Heavy Slam|p2b: Roaring Moon\n|-damage|p2b: Roaring Moon|94\/100\n|\n|-heal|p2a: Weezing|12\/100|[from] item: Leftovers\n|-damage|p1b: Iron Hands|47\/100 brn|[from] brn\n|-damage|p1a: Ting-Lu|94\/100 brn|[from] brn\n|upkeep\n|turn|4\n|\n|t:|1697406352\n|move|p2a: Weezing|Protect|p2a: Weezing\n|-singleturn|p2a: Weezing|Protect\n|move|p2b: Roaring Moon|Knock Off|p1a: Ting-Lu\n|-resisted|p1a: Ting-Lu\n|-damage|p1a: Ting-Lu|75\/100 brn\n|-damage|p2b: Roaring Moon|78\/100|[from] item: Rocky Helmet|[of] p1a: Ting-Lu\n|-enditem|p1a: Ting-Lu|Rocky Helmet|[from] move: Knock Off|[of] p2b: Roaring Moon\n|move|p1b: Iron Hands|Drain Punch|p2a: Weezing\n|-activate|p2a: Weezing|move: Protect\n|move|p1a: Ting-Lu|Stealth Rock|p2a: Weezing\n|-sidestart|p2: Lumpbag|move: Stealth Rock\n|\n|-heal|p2a: Weezing|18\/100|[from] item: Leftovers\n|-damage|p1b: Iron Hands|41\/100 brn|[from] brn\n|-damage|p1a: Ting-Lu|69\/100 brn|[from] brn\n|upkeep\n|turn|5\n|\n|t:|1697406376\n|move|p2b: Roaring Moon|Acrobatics|p1b: Iron Hands\n|-damage|p1b: Iron Hands|1\/100 brn\n|move|p2a: Weezing|Sludge Bomb|p1b: Iron Hands\n|-damage|p1b: Iron Hands|0 fnt\n|faint|p1b: Iron Hands\n|-end|p1b: Iron Hands|Quark Drive|[silent]\n|move|p1a: Ting-Lu|Ruination|p2b: Roaring Moon\n|-damage|p2b: Roaring Moon|39\/100\n|\n|-heal|p2a: Weezing|24\/100|[from] item: Leftovers\n|-damage|p1a: Ting-Lu|63\/100 brn|[from] brn\n|upkeep\n|\n|t:|1697406392\n|switch|p1b: Flutter Mane|Flutter Mane|100\/100\n|-enditem|p1b: Flutter Mane|Booster Energy\n|-activate|p1b: Flutter Mane|ability: Protosynthesis|[fromitem]\n|-start|p1b: Flutter Mane|protosynthesisspe\n|turn|6\n|\n|t:|1697406409\n|move|p1b: Flutter Mane|Protect|p1b: Flutter Mane\n|-singleturn|p1b: Flutter Mane|Protect\n|move|p2b: Roaring Moon|Protect|p2b: Roaring Moon\n|-singleturn|p2b: Roaring Moon|Protect\n|move|p2a: Weezing|Sludge Bomb|p1b: Flutter Mane\n|-activate|p1b: Flutter Mane|move: Protect\n|move|p1a: Ting-Lu|Heavy Slam|p2a: Weezing\n|-resisted|p2a: Weezing\n|-damage|p2a: Weezing|17\/100\n|\n|-heal|p2a: Weezing|23\/100|[from] item: Leftovers\n|-damage|p1a: Ting-Lu|57\/100 brn|[from] brn\n|upkeep\n|turn|7\n|\n|t:|1697406432\n|-end|p2b: Roaring Moon|Protosynthesis|[silent]\n|switch|p2b: Heatran|Heatran, F|100\/100\n|-damage|p2b: Heatran|88\/100|[from] Stealth Rock\n|-terastallize|p1b: Flutter Mane|Fairy\n|move|p1b: Flutter Mane|Dazzling Gleam|p2a: Weezing|[spread] p2a,p2b\n|-resisted|p2b: Heatran\n|-damage|p2a: Weezing|0 fnt\n|-damage|p2b: Heatran|82\/100\n|faint|p2a: Weezing\n|-end|p2a: Weezing|ability: Neutralizing Gas\n|-ability|p1a: Ting-Lu|Vessel of Ruin\n|move|p1a: Ting-Lu|Heavy Slam|p2b: Heatran\n|-resisted|p2b: Heatran\n|-damage|p2b: Heatran|81\/100\n|\n|-damage|p1a: Ting-Lu|50\/100 brn|[from] brn\n|upkeep\n|inactive|Lumpbag has 120 seconds left.\n|\n|t:|1697406450\n|switch|p2a: Ogerpon|Ogerpon-Wellspring, F|100\/100\n|-damage|p2a: Ogerpon|88\/100|[from] Stealth Rock\n|turn|8\n|\n|t:|1697406462\n|move|p1b: Flutter Mane|Protect|p1b: Flutter Mane\n|-singleturn|p1b: Flutter Mane|Protect\n|move|p2a: Ogerpon|Ivy Cudgel|p1a: Ting-Lu\n|-supereffective|p1a: Ting-Lu\n|-damage|p1a: Ting-Lu|0 fnt\n|faint|p1a: Ting-Lu\n|move|p2b: Heatran|Flash Cannon|p1b: Flutter Mane\n|-activate|p1b: Flutter Mane|move: Protect\n|\n|upkeep\n|\n|t:|1697406475\n|switch|p1a: Amoonguss|Amoonguss, M|100\/100\n|turn|9\n|\n|t:|1697406492\n|move|p1a: Amoonguss|Protect|p1a: Amoonguss\n|-singleturn|p1a: Amoonguss|Protect\n|move|p2a: Ogerpon|Follow Me|p2a: Ogerpon\n|-singleturn|p2a: Ogerpon|move: Follow Me\n|move|p1b: Flutter Mane|Dazzling Gleam|p2a: Ogerpon|[spread] p2a,p2b\n|-resisted|p2b: Heatran\n|-damage|p2a: Ogerpon|46\/100\n|-damage|p2b: Heatran|75\/100\n|move|p2b: Heatran|Flash Cannon|p1b: Flutter Mane\n|-supereffective|p1b: Flutter Mane\n|-damage|p1b: Flutter Mane|4\/100\n|\n|upkeep\n|turn|10\n|\n|t:|1697406507\n|move|p1b: Flutter Mane|Protect|p1b: Flutter Mane\n|-singleturn|p1b: Flutter Mane|Protect\n|move|p2a: Ogerpon|Horn Leech|p1b: Flutter Mane\n|-activate|p1b: Flutter Mane|move: Protect\n|move|p2b: Heatran|Heat Wave|p1a: Amoonguss|[spread] p1a\n|-activate|p1b: Flutter Mane|move: Protect\n|-supereffective|p1a: Amoonguss\n|-damage|p1a: Amoonguss|40\/100\n|move|p1a: Amoonguss|Pollen Puff|p1b: Flutter Mane\n|-activate|p1b: Flutter Mane|move: Protect\n|\n|upkeep\n|turn|11\n|inactive|Lumpbag has 120 seconds left.\n|c|\u2606Lumpbag|Did you pollen puff and protect on perpose?\n|c|\u2606TheKingDrac|no\n|c|\u2606TheKingDrac|Thats on me\n|c|\u2606TheKingDrac|lol\n|inactive|Lumpbag has 90 seconds left.\n|\n|t:|1697406569\n|move|p2a: Ogerpon|Follow Me|p2a: Ogerpon\n|-singleturn|p2a: Ogerpon|move: Follow Me\n|move|p1b: Flutter Mane|Moonblast|p2a: Ogerpon\n|-damage|p2a: Ogerpon|0 fnt\n|faint|p2a: Ogerpon\n|move|p2b: Heatran|Heat Wave|p1a: Amoonguss|[spread] \n|-miss|p2b: Heatran|p1a: Amoonguss\n|-miss|p2b: Heatran|p1b: Flutter Mane\n|move|p1a: Amoonguss|Spore|p2b: Heatran\n|-status|p2b: Heatran|slp|[from] move: Spore\n|\n|upkeep\n|inactive|Lumpbag has 90 seconds left.\n|\n|t:|1697406582\n|switch|p2a: Regieleki|Regieleki|100\/100\n|-damage|p2a: Regieleki|88\/100|[from] Stealth Rock\n|turn|12\n|\n|t:|1697406593\n|move|p1a: Amoonguss|Protect|p1a: Amoonguss\n|-singleturn|p1a: Amoonguss|Protect\n|move|p1b: Flutter Mane|Dazzling Gleam|p2b: Heatran|[spread] p2a,p2b\n|-resisted|p2b: Heatran\n|-damage|p2a: Regieleki|4\/100\n|-damage|p2b: Heatran|69\/100 slp\n|move|p2a: Regieleki|Electroweb|p1b: Flutter Mane|[spread] p1b\n|-activate|p1a: Amoonguss|move: Protect\n|-damage|p1b: Flutter Mane|0 fnt\n|faint|p1b: Flutter Mane\n|-end|p1b: Flutter Mane|Protosynthesis|[silent]\n|cant|p2b: Heatran|slp\n|\n|upkeep\n|\n|t:|1697406607\n|switch|p1b: Ogerpon|Ogerpon-Wellspring, F|100\/100\n|turn|13\n|\n|t:|1697406622\n|move|p1b: Ogerpon|Spiky Shield|p1b: Ogerpon\n|-singleturn|p1b: Ogerpon|move: Protect\n|move|p2a: Regieleki|Electroweb|p1b: Ogerpon|[spread] p1a\n|-activate|p1b: Ogerpon|move: Protect\n|-resisted|p1a: Amoonguss\n|-damage|p1a: Amoonguss|25\/100\n|-unboost|p1a: Amoonguss|spe|1\n|-enditem|p1a: Amoonguss|Aguav Berry|[eat]\n|-heal|p1a: Amoonguss|58\/100|[from] item: Aguav Berry\n|cant|p2b: Heatran|slp\n|move|p1a: Amoonguss|Pollen Puff|p2a: Regieleki\n|-damage|p2a: Regieleki|0 fnt\n|faint|p2a: Regieleki\n|\n|upkeep\n|\n|t:|1697406639\n|switch|p2a: Landorus|Landorus-Therian, M|100\/100\n|-damage|p2a: Landorus|88\/100|[from] Stealth Rock\n|-ability|p2a: Landorus|Intimidate|boost\n|-unboost|p1a: Amoonguss|atk|1\n|-unboost|p1b: Ogerpon|atk|1\n|turn|14\n|\n|t:|1697406650\n|move|p2a: Landorus|U-turn|p1b: Ogerpon\n|-supereffective|p1b: Ogerpon\n|-damage|p1b: Ogerpon|36\/100\n|\n|t:|1697406654\n|switch|p2a: Roaring Moon|Roaring Moon|39\/100|[from] U-turn\n|-damage|p2a: Roaring Moon|27\/100|[from] Stealth Rock\n|move|p1b: Ogerpon|Ivy Cudgel|p2b: Heatran\n|-supereffective|p2b: Heatran\n|-damage|p2b: Heatran|0 fnt\n|faint|p2b: Heatran\n|move|p1a: Amoonguss|Spore|p2a: Roaring Moon\n|-status|p2a: Roaring Moon|slp|[from] move: Spore\n|\n|upkeep\n|\n|t:|1697406665\n|switch|p2b: Landorus|Landorus-Therian, M|88\/100\n|-damage|p2b: Landorus|75\/100|[from] Stealth Rock\n|-ability|p2b: Landorus|Intimidate|boost\n|-unboost|p1a: Amoonguss|atk|1\n|-unboost|p1b: Ogerpon|atk|1\n|turn|15\n|\n|t:|1697406676\n|move|p2b: Landorus|U-turn|p1a: Amoonguss\n|-damage|p1a: Amoonguss|33\/100\n|move|p1b: Ogerpon|Ivy Cudgel|p2b: Landorus\n|-supereffective|p2b: Landorus\n|-crit|p2b: Landorus\n|-damage|p2b: Landorus|0 fnt\n|faint|p2b: Landorus\n|cant|p2a: Roaring Moon|slp\n|move|p1a: Amoonguss|Spore|p2a: Roaring Moon\n|-fail|p2a: Roaring Moon|slp\n|\n|upkeep\n|turn|16\n|c|\u2606Lumpbag|Gg\n|c|\u2606TheKingDrac|gg\n|\n|t:|1697406698\n|move|p1b: Ogerpon|Ivy Cudgel|p2a: Roaring Moon\n|-resisted|p2a: Roaring Moon\n|-damage|p2a: Roaring Moon|12\/100 slp\n|cant|p2a: Roaring Moon|slp\n|move|p1a: Amoonguss|Pollen Puff|p1b: Ogerpon\n|-heal|p1b: Ogerpon|86\/100\n|\n|upkeep\n|turn|17\n|\n|t:|1697406712\n|move|p1b: Ogerpon|Ivy Cudgel|p2a: Roaring Moon\n|-resisted|p2a: Roaring Moon\n|-damage|p2a: Roaring Moon|0 fnt\n|faint|p2a: Roaring Moon\n|-end|p2a: Roaring Moon|Protosynthesis|[silent]\n|\n|win|TheKingDrac\n|raw|TheKingDrac's rating: 1338 &rarr; <strong>1359<\/strong><br \/>(+21 for winning)\n|raw|Lumpbag's rating: 1362 &rarr; <strong>1341<\/strong><br \/>(-21 for losing)\n|l|\u2606Lumpbag\n","uploadtime":1697406723,"views":16,"p1id":"thekingdrac","p2id":"lumpbag","formatid":"gen9doublesou","rating":1341,"private":0,"password":""}