{"id":"gen9doublesou-1982408750","p1":"EkCantDrawLol","p2":"faertrw","format":"[Gen 9] Doubles OU","log":"|j|\u2606EkCantDrawLol\n|j|\u2606faertrw\n|t:|1699011158\n|gametype|doubles\n|player|p1|EkCantDrawLol|skierf|1637\n|player|p2|faertrw|rood|1626\n|teamsize|p1|6\n|teamsize|p2|6\n|gen|9\n|tier|[Gen 9] Doubles OU\n|rated|\n|rule|Species Clause: Limit one of each Pok\u00e9mon\n|rule|OHKO Clause: OHKO moves are banned\n|rule|Evasion Moves Clause: Evasion moves are banned\n|rule|Gravity Sleep Clause: The combination of sleep-inducing moves with imperfect accuracy and Gravity or Gigantamax Orbeetle are banned\n|rule|Endless Battle Clause: Forcing endless battles is banned\n|rule|HP Percentage Mod: HP is shown in percentages\n|clearpoke\n|poke|p1|Ogerpon-Hearthflame, F|\n|poke|p1|Kingambit, M|\n|poke|p1|Tornadus, M|\n|poke|p1|Flutter Mane|\n|poke|p1|Walking Wake|\n|poke|p1|Landorus-Therian, M|\n|poke|p2|Dusclops, F|\n|poke|p2|Gastrodon, F|\n|poke|p2|Vikavolt, F|\n|poke|p2|Ursaluna, M|\n|poke|p2|Hatterene, F|\n|poke|p2|Torkoal, L99, F|\n|teampreview\n|\n|t:|1699011210\n|start\n|switch|p1a: Tornadus|Tornadus, M, shiny|100\/100\n|switch|p1b: Flutter Mane|Flutter Mane, shiny|100\/100\n|switch|p2a: Dusclops|Dusclops, F|100\/100\n|switch|p2b: Hatterene|Hatterene, F|100\/100\n|-item|p1a: Tornadus|Mental Herb|[from] ability: Frisk|[of] p2a: Dusclops|[identify]\n|-item|p1b: Flutter Mane|Booster Energy|[from] ability: Frisk|[of] p2a: Dusclops|[identify]\n|-enditem|p1b: Flutter Mane|Booster Energy\n|-activate|p1b: Flutter Mane|ability: Protosynthesis|[fromitem]\n|-start|p1b: Flutter Mane|protosynthesisspe\n|turn|1\n|\n|t:|1699011242\n|switch|p2b: Gastrodon|Gastrodon, F|100\/100\n|-terastallize|p2a: Dusclops|Dark\n|move|p1b: Flutter Mane|Icy Wind|p2b: Gastrodon|[spread] p2a,p2b\n|-damage|p2a: Dusclops|93\/100\n|-damage|p2b: Gastrodon|92\/100\n|-unboost|p2a: Dusclops|spe|1\n|-unboost|p2b: Gastrodon|spe|1\n|move|p1a: Tornadus|Bleakwind Storm|p2b: Gastrodon|[spread] p2a,p2b\n|-damage|p2a: Dusclops|71\/100\n|-damage|p2b: Gastrodon|66\/100\n|-unboost|p2a: Dusclops|spe|1\n|move|p2a: Dusclops|Trick Room|p2a: Dusclops\n|-fieldstart|move: Trick Room|[of] p2a: Dusclops\n|\n|upkeep\n|turn|2\n|\n|t:|1699011262\n|switch|p2a: Hatterene|Hatterene, F|100\/100\n|move|p2b: Gastrodon|Ice Beam|p1a: Tornadus\n|-supereffective|p1a: Tornadus\n|-damage|p1a: Tornadus|26\/100\n|move|p1a: Tornadus|Bleakwind Storm|p2a: Hatterene|[spread] p2a,p2b\n|-damage|p2a: Hatterene|61\/100\n|-damage|p2b: Gastrodon|44\/100\n|move|p1b: Flutter Mane|Moonblast|p2a: Hatterene\n|-damage|p2a: Hatterene|6\/100\n|\n|-heal|p2a: Hatterene|12\/100|[from] item: Leftovers\n|upkeep\n|turn|3\n|\n|t:|1699011287\n|move|p1a: Tornadus|Protect|p1a: Tornadus\n|-singleturn|p1a: Tornadus|Protect\n|move|p2b: Gastrodon|Earth Power|p1b: Flutter Mane\n|-damage|p1b: Flutter Mane|54\/100\n|move|p2a: Hatterene|Dazzling Gleam|p1b: Flutter Mane|[spread] p1b\n|-activate|p1a: Tornadus|move: Protect\n|-damage|p1b: Flutter Mane|13\/100\n|move|p1b: Flutter Mane|Moonblast|p2b: Gastrodon\n|-damage|p2b: Gastrodon|12\/100\n|\n|-heal|p2a: Hatterene|18\/100|[from] item: Leftovers\n|upkeep\n|turn|4\n|\n|t:|1699011304\n|move|p2b: Gastrodon|Muddy Water|p1a: Tornadus|[spread] p1a,p1b\n|-damage|p1a: Tornadus|0 fnt\n|-damage|p1b: Flutter Mane|0 fnt\n|faint|p1a: Tornadus\n|faint|p1b: Flutter Mane\n|-end|p1b: Flutter Mane|Protosynthesis|[silent]\n|move|p2a: Hatterene|Dazzling Gleam|p1: Tornadus|[notarget]\n|-fail|p2a: Hatterene\n|\n|-heal|p2a: Hatterene|24\/100|[from] item: Leftovers\n|upkeep\n|\n|t:|1699011317\n|switch|p1a: Kingambit|Kingambit, M|100\/100\n|switch|p1b: Ogerpon|Ogerpon-Hearthflame, F|100\/100\n|-ability|p1b: Ogerpon|Mold Breaker\n|turn|5\n|\n|t:|1699011333\n|switch|p2a: Vikavolt|Vikavolt, F|100\/100\n|move|p1a: Kingambit|Sucker Punch|p2b: Gastrodon\n|-damage|p2b: Gastrodon|0 fnt\n|faint|p2b: Gastrodon\n|move|p1b: Ogerpon|Swords Dance|p1b: Ogerpon\n|-boost|p1b: Ogerpon|atk|2\n|\n|-fieldend|move: Trick Room\n|upkeep\n|\n|t:|1699011340\n|switch|p2b: Torkoal|Torkoal, L99, F|100\/100\n|turn|6\n|\n|t:|1699011360\n|-terastallize|p1b: Ogerpon|Fire\n|detailschange|p1b: Ogerpon|Ogerpon-Hearthflame-Tera, F, tera:Fire\n|-ability|p1b: Ogerpon|Embody Aspect (Hearthflame)|boost\n|-boost|p1b: Ogerpon|atk|1\n|move|p2a: Vikavolt|Protect|p2a: Vikavolt\n|-singleturn|p2a: Vikavolt|Protect\n|move|p1a: Kingambit|Sucker Punch||[still]\n|-fail|p1a: Kingambit\n|move|p1b: Ogerpon|Ivy Cudgel|p2b: Torkoal\n|-resisted|p2b: Torkoal\n|-damage|p2b: Torkoal|27\/100\n|move|p2b: Torkoal|Yawn|p1b: Ogerpon\n|-start|p1b: Ogerpon|move: Yawn|[of] p2b: Torkoal\n|\n|upkeep\n|turn|7\n|\n|t:|1699011391\n|switch|p1b: Landorus|Landorus-Therian, M, shiny|100\/100\n|-ability|p1b: Landorus|Intimidate|boost\n|-unboost|p2a: Vikavolt|atk|1\n|-unboost|p2b: Torkoal|atk|1\n|switch|p2a: Hatterene|Hatterene, F|24\/100\n|move|p1a: Kingambit|Kowtow Cleave|p2b: Torkoal\n|-damage|p2b: Torkoal|0 fnt\n|faint|p2b: Torkoal\n|\n|-heal|p2a: Hatterene|30\/100|[from] item: Leftovers\n|upkeep\n|\n|t:|1699011398\n|switch|p2b: Dusclops|Dusclops, F, tera:Dark|71\/100\n|-item|p1a: Kingambit|Sitrus Berry|[from] ability: Frisk|[of] p2b: Dusclops|[identify]\n|-item|p1b: Landorus|Choice Scarf|[from] ability: Frisk|[of] p2b: Dusclops|[identify]\n|turn|8\n|\n|t:|1699011418\n|move|p1b: Landorus|Rock Slide|p2b: Dusclops|[spread] p2b\n|-miss|p1b: Landorus|p2a: Hatterene\n|-damage|p2b: Dusclops|58\/100\n|move|p1a: Kingambit|Iron Head|p2b: Dusclops\n|-crit|p2b: Dusclops\n|-damage|p2b: Dusclops|17\/100\n|move|p2a: Hatterene|Psychic|p1b: Landorus\n|-damage|p1b: Landorus|28\/100\n|cant|p2b: Dusclops|flinch\n|\n|-heal|p2a: Hatterene|36\/100|[from] item: Leftovers\n|upkeep\n|turn|9\n|c|\u2606faertrw|Bruh\n|c|\u2606EkCantDrawLol|It happens  \u00af\\_(\u30c4)_\/\u00af\n|\n|t:|1699011456\n|move|p1b: Landorus|Rock Slide|p2b: Dusclops|[spread] p2a,p2b\n|-damage|p2a: Hatterene|13\/100\n|-damage|p2b: Dusclops|5\/100\n|move|p1a: Kingambit|Iron Head|p2a: Hatterene\n|-supereffective|p2a: Hatterene\n|-damage|p2a: Hatterene|0 fnt\n|faint|p2a: Hatterene\n|cant|p2b: Dusclops|flinch\n|\n|upkeep\n|c|\u2606faertrw|Bruh\n|\n|t:|1699011467\n|switch|p2a: Ursaluna|Ursaluna, M|100\/100\n|turn|10\n|c|\u2606EkCantDrawLol|Now I just feel bad\n|\n|t:|1699011495\n|move|p2a: Ursaluna|Protect|p2a: Ursaluna\n|-singleturn|p2a: Ursaluna|Protect\n|move|p1b: Landorus|Rock Slide|p2b: Dusclops|[spread] p2b\n|-activate|p2a: Ursaluna|move: Protect\n|-damage|p2b: Dusclops|0 fnt\n|faint|p2b: Dusclops\n|move|p1a: Kingambit|Kowtow Cleave|p2a: Ursaluna\n|-activate|p2a: Ursaluna|move: Protect\n|\n|-status|p2a: Ursaluna|brn|[from] item: Flame Orb\n|upkeep\n|\n|t:|1699011498\n|switch|p2b: Vikavolt|Vikavolt, F|100\/100\n|turn|11\n|\n|t:|1699011505\n|move|p2b: Vikavolt|Protect|p2b: Vikavolt\n|-singleturn|p2b: Vikavolt|Protect\n|move|p1b: Landorus|Rock Slide|p2b: Vikavolt|[spread] p2a\n|-activate|p2b: Vikavolt|move: Protect\n|-resisted|p2a: Ursaluna\n|-damage|p2a: Ursaluna|92\/100 brn\n|cant|p2a: Ursaluna|flinch\n|move|p1a: Kingambit|Kowtow Cleave|p2a: Ursaluna\n|-damage|p2a: Ursaluna|60\/100 brn\n|\n|-damage|p2a: Ursaluna|54\/100 brn|[from] brn\n|upkeep\n|turn|12\n|-message|faertrw forfeited.\n|\n|win|EkCantDrawLol\n|raw|EkCantDrawLol's rating: 1637 &rarr; <strong>1656<\/strong><br \/>(+19 for winning)\n|raw|faertrw's rating: 1626 &rarr; <strong>1607<\/strong><br \/>(-19 for losing)\n|l|\u2606faertrw\n|c|\u2606EkCantDrawLol|Bruh\n","uploadtime":1699011524,"views":14,"p1id":"ekcantdrawlol","p2id":"faertrw","formatid":"gen9doublesou","rating":1607,"private":0,"password":""}