{"id":"gen9doublesou-1999720026","p1":"barba27","p2":"vsMEKAvs","format":"[Gen 9] Doubles OU","log":"|j|\u2606barba27\n|j|\u2606vsMEKAvs\n|t:|1701110722\n|gametype|doubles\n|player|p1|barba27|birdkeeper|1287\n|player|p2|vsMEKAvs|2|1270\n|teamsize|p1|6\n|teamsize|p2|6\n|gen|9\n|tier|[Gen 9] Doubles OU\n|rated|\n|rule|Species Clause: Limit one of each Pok\u00e9mon\n|rule|OHKO Clause: OHKO moves are banned\n|rule|Evasion Moves Clause: Evasion moves are banned\n|rule|Gravity Sleep Clause: The combination of sleep-inducing moves with imperfect accuracy and Gravity or Gigantamax Orbeetle are banned\n|rule|Endless Battle Clause: Forcing endless battles is banned\n|rule|HP Percentage Mod: HP is shown in percentages\n|clearpoke\n|poke|p1|Oricorio, F|\n|poke|p1|Moltres-Galar|\n|poke|p1|Dragonite, F|\n|poke|p1|Altaria, F|\n|poke|p1|Flamigo, M|\n|poke|p1|Espathra, F|\n|poke|p2|Ninetales-Alola, M|\n|poke|p2|Baxcalibur, M|\n|poke|p2|Sinistcha-Masterpiece|\n|poke|p2|Iron Bundle|\n|poke|p2|Ogerpon-Hearthflame, F|\n|poke|p2|Ursaluna-Bloodmoon, M|\n|teampreview\n|inactive|Battle timer is ON: inactive players will automatically lose when time's up. (requested by barba27)\n|\n|t:|1701110728\n|start\n|switch|p1a: Oricorio|Oricorio, F|100\/100\n|switch|p1b: Altaria|Altaria, F|100\/100\n|switch|p2a: Ninetales|Ninetales-Alola, M, shiny|100\/100\n|switch|p2b: Baxcalibur|Baxcalibur, M|100\/100\n|-weather|Snow|[from] ability: Snow Warning|[of] p2a: Ninetales\n|turn|1\n|\n|t:|1701110742\n|move|p2b: Baxcalibur|Ice Shard|p1b: Altaria\n|-supereffective|p1b: Altaria\n|-damage|p1b: Altaria|4\/100\n|move|p2a: Ninetales|Aurora Veil|p2a: Ninetales\n|-sidestart|p2: vsMEKAvs|move: Aurora Veil\n|move|p1a: Oricorio|Quiver Dance|p1a: Oricorio\n|-boost|p1a: Oricorio|spa|1\n|-boost|p1a: Oricorio|spd|1\n|-boost|p1a: Oricorio|spe|1\n|move|p1b: Altaria|Dragon Dance|p1b: Altaria\n|-boost|p1b: Altaria|atk|1\n|-boost|p1b: Altaria|spe|1\n|-activate|p1a: Oricorio|ability: Dancer\n|move|p1a: Oricorio|Dragon Dance|p1a: Oricorio|[from]ability: Dancer\n|-boost|p1a: Oricorio|atk|1\n|-boost|p1a: Oricorio|spe|1\n|\n|-weather|Snow|[upkeep]\n|upkeep\n|turn|2\n|inactive|barba27 has 120 seconds left.\n|\n|t:|1701110775\n|move|p1a: Oricorio|Baton Pass|p1a: Oricorio\n|\n|t:|1701110778\n|switch|p1a: Espathra|Espathra, F|100\/100|[from] Baton Pass\n|move|p1b: Altaria|Brave Bird|p2a: Ninetales\n|-damage|p2a: Ninetales|72\/100\n|-damage|p1b: Altaria|0 fnt|[from] Recoil\n|faint|p1b: Altaria\n|move|p2a: Ninetales|Dazzling Gleam|p1a: Espathra\n|-damage|p1a: Espathra|78\/100\n|move|p2b: Baxcalibur|Glaive Rush|p1a: Espathra\n|-damage|p1a: Espathra|5\/100\n|-singlemove|p2b: Baxcalibur|Glaive Rush|[silent]\n|\n|-weather|Snow|[upkeep]\n|-heal|p1a: Espathra|11\/100|[from] item: Leftovers\n|upkeep\n|inactive|barba27 has 120 seconds left.\n|\n|t:|1701110797\n|switch|p1b: Flamigo|Flamigo, M|100\/100\n|-copyboost|p1b: Flamigo|p1a: Espathra|[from] ability: Costar\n|turn|3\n|\n|t:|1701110812\n|move|p2b: Baxcalibur|Ice Shard|p1a: Espathra\n|-damage|p1a: Espathra|0 fnt\n|faint|p1a: Espathra\n|move|p1b: Flamigo|Close Combat|p2b: Baxcalibur\n|-supereffective|p2b: Baxcalibur\n|-damage|p2b: Baxcalibur|0 fnt\n|-unboost|p1b: Flamigo|def|1\n|-unboost|p1b: Flamigo|spd|1\n|faint|p2b: Baxcalibur\n|-damage|p1b: Flamigo|91\/100|[from] item: Life Orb\n|move|p2a: Ninetales|Dazzling Gleam|p1b: Flamigo\n|-supereffective|p1b: Flamigo\n|-damage|p1b: Flamigo|0 fnt\n|faint|p1b: Flamigo\n|\n|-weather|Snow|[upkeep]\n|upkeep\n|\n|t:|1701110834\n|switch|p1b: Oricorio|Oricorio, F|100\/100\n|switch|p1a: Dragonite|Dragonite, F|100\/100\n|switch|p2b: Iron Bundle|Iron Bundle|100\/100\n|-enditem|p2b: Iron Bundle|Booster Energy\n|-activate|p2b: Iron Bundle|ability: Quark Drive|[fromitem]\n|-start|p2b: Iron Bundle|quarkdrivespe\n|turn|4\n|\n|t:|1701110846\n|-terastallize|p1a: Dragonite|Normal\n|move|p1a: Dragonite|Extreme Speed|p2a: Ninetales\n|-damage|p2a: Ninetales|27\/100\n|move|p2b: Iron Bundle|Blizzard|p1a: Dragonite|[spread] p1a,p1b\n|-damage|p1a: Dragonite|79\/100\n|-damage|p1b: Oricorio|43\/100\n|move|p2a: Ninetales|Dazzling Gleam|p1b: Oricorio|[spread] p1a,p1b\n|-resisted|p1b: Oricorio\n|-damage|p1a: Dragonite|54\/100\n|-damage|p1b: Oricorio|28\/100\n|move|p1b: Oricorio|Quiver Dance|p1b: Oricorio\n|-boost|p1b: Oricorio|spa|1\n|-boost|p1b: Oricorio|spd|1\n|-boost|p1b: Oricorio|spe|1\n|\n|-weather|Snow|[upkeep]\n|upkeep\n|turn|5\n|\n|t:|1701110873\n|move|p1a: Dragonite|Extreme Speed|p2a: Ninetales\n|-damage|p2a: Ninetales|0 fnt\n|faint|p2a: Ninetales\n|move|p2b: Iron Bundle|Blizzard|p1a: Dragonite|[spread] p1a,p1b\n|-damage|p1a: Dragonite|14\/100\n|-damage|p1b: Oricorio|0 fnt\n|faint|p1b: Oricorio\n|\n|-weather|none\n|upkeep\n|\n|t:|1701110884\n|switch|p2a: Ogerpon|Ogerpon-Hearthflame, F|100\/100\n|switch|p1b: Moltres|Moltres-Galar|100\/100\n|-ability|p2a: Ogerpon|Mold Breaker\n|turn|6\n|\n|t:|1701110893\n|-terastallize|p2a: Ogerpon|Fire\n|detailschange|p2a: Ogerpon|Ogerpon-Hearthflame-Tera, F, tera:Fire\n|-ability|p2a: Ogerpon|Embody Aspect (Hearthflame)|boost\n|-boost|p2a: Ogerpon|atk|1\n|move|p1a: Dragonite|Extreme Speed|p2b: Iron Bundle\n|-crit|p2b: Iron Bundle\n|-damage|p2b: Iron Bundle|0 fnt\n|faint|p2b: Iron Bundle\n|-end|p2b: Iron Bundle|Quark Drive|[silent]\n|move|p2a: Ogerpon|Ivy Cudgel|p1b: Moltres|[anim] Ivy Cudgel Fire\n|-damage|p1b: Moltres|0 fnt\n|faint|p1b: Moltres\n|\n|upkeep\n|\n|t:|1701110904\n|switch|p2b: Sinistcha|Sinistcha-Masterpiece|100\/100\n|turn|7\n|\n|t:|1701110912\n|move|p1a: Dragonite|Extreme Speed|p2a: Ogerpon\n|-damage|p2a: Ogerpon|40\/100\n|move|p2a: Ogerpon|Ivy Cudgel|p1a: Dragonite|[anim] Ivy Cudgel Fire\n|-damage|p1a: Dragonite|0 fnt\n|faint|p1a: Dragonite\n|\n|win|vsMEKAvs\n|raw|barba27's rating: 1287 &rarr; <strong>1261<\/strong><br \/>(-26 for losing)\n|raw|vsMEKAvs's rating: 1270 &rarr; <strong>1296<\/strong><br \/>(+26 for winning)\n|l|\u2606barba27\n","uploadtime":1701110923,"views":5,"p1id":"barba27","p2id":"vsmekavs","formatid":"gen9doublesou","rating":1261,"private":0,"password":""}