{"id":"gen9doublesou-1994413219","p1":"Joker1500","p2":"A301i","format":"[Gen 9] Doubles OU","log":"|j|\u2606Joker1500\n|j|\u2606A301i\n|t:|1700441113\n|gametype|doubles\n|player|p1|Joker1500|101|\n|player|p2|A301i|102|\n|teamsize|p1|6\n|teamsize|p2|6\n|gen|9\n|tier|[Gen 9] Doubles OU\n|rule|Species Clause: Limit one of each Pok\u00e9mon\n|rule|OHKO Clause: OHKO moves are banned\n|rule|Evasion Moves Clause: Evasion moves are banned\n|rule|Gravity Sleep Clause: The combination of sleep-inducing moves with imperfect accuracy and Gravity or Gigantamax Orbeetle are banned\n|rule|Endless Battle Clause: Forcing endless battles is banned\n|rule|HP Percentage Mod: HP is shown in percentages\n|clearpoke\n|poke|p1|Iron Moth|\n|poke|p1|Ninetales-Alola, F|\n|poke|p1|Samurott-Hisui, M|\n|poke|p1|Slowbro-Galar, M|\n|poke|p1|Salamence, M|\n|poke|p1|Mamoswine, M|\n|poke|p2|Clefairy, M|\n|poke|p2|Chi-Yu|\n|poke|p2|Roaring Moon|\n|poke|p2|Rotom-Wash|\n|poke|p2|Kingambit, M|\n|poke|p2|Grumpig, M|\n|teampreview\n|\n|t:|1700441124\n|start\n|switch|p1a: Ninetales|Ninetales-Alola, F, shiny|100\/100\n|switch|p1b: Samurott|Samurott-Hisui, M|100\/100\n|switch|p2a: Roaring Moon|Roaring Moon, shiny|100\/100\n|switch|p2b: Kingambit|Kingambit, M, shiny|100\/100\n|-weather|Snow|[from] ability: Snow Warning|[of] p1a: Ninetales\n|-item|p2b: Kingambit|Air Balloon\n|-enditem|p2a: Roaring Moon|Booster Energy\n|-activate|p2a: Roaring Moon|ability: Protosynthesis|[fromitem]\n|-start|p2a: Roaring Moon|protosynthesisspe\n|turn|1\n|\n|t:|1700441152\n|-terastallize|p2a: Roaring Moon|Water\n|move|p1a: Ninetales|Protect|p1a: Ninetales\n|-singleturn|p1a: Ninetales|Protect\n|move|p2a: Roaring Moon|Taunt|p1a: Ninetales\n|-activate|p1a: Ninetales|move: Protect\n|move|p1b: Samurott|Sacred Sword|p2b: Kingambit\n|-supereffective|p2b: Kingambit\n|-damage|p2b: Kingambit|0 fnt\n|-enditem|p2b: Kingambit|Air Balloon\n|faint|p2b: Kingambit\n|-end|p2b: Kingambit|fallenundefined|[silent]\n|\n|-weather|Snow|[upkeep]\n|upkeep\n|\n|t:|1700441185\n|switch|p2b: Rotom|Rotom-Wash, shiny|100\/100\n|turn|2\n|\n|t:|1700441234\n|switch|p1a: Salamence|Salamence, M, shiny|100\/100\n|move|p2a: Roaring Moon|Taunt|p1a: Salamence\n|-start|p1a: Salamence|move: Taunt\n|move|p1b: Samurott|Sacred Sword|p2a: Roaring Moon\n|-damage|p2a: Roaring Moon|44\/100\n|move|p2b: Rotom|Hydro Pump|p1b: Samurott\n|-resisted|p1b: Samurott\n|-damage|p1b: Samurott|57\/100\n|\n|-weather|Snow|[upkeep]\n|upkeep\n|turn|3\n|\n|t:|1700441264\n|move|p2a: Roaring Moon|Dragon Claw|p1a: Salamence\n|-supereffective|p1a: Salamence\n|-damage|p1a: Salamence|0 fnt\n|faint|p1a: Salamence\n|move|p1b: Samurott|Sacred Sword|p2a: Roaring Moon\n|-damage|p2a: Roaring Moon|0 fnt\n|faint|p2a: Roaring Moon\n|-end|p2a: Roaring Moon|Protosynthesis|[silent]\n|move|p2b: Rotom|Thunderbolt|p1b: Samurott\n|-supereffective|p1b: Samurott\n|-damage|p1b: Samurott|0 fnt\n|faint|p1b: Samurott\n|\n|-weather|Snow|[upkeep]\n|upkeep\n|\n|t:|1700441282\n|switch|p2a: Grumpig|Grumpig, M, shiny|100\/100\n|switch|p1a: Ninetales|Ninetales-Alola, F, shiny|100\/100\n|switch|p1b: Slowbro|Slowbro-Galar, M, shiny|100\/100\n|turn|4\n|\n|t:|1700441311\n|move|p1a: Ninetales|Aurora Veil|p1a: Ninetales\n|-sidestart|p1: Joker1500|move: Aurora Veil\n|move|p2b: Rotom|Thunderbolt|p1b: Slowbro\n|-damage|p1b: Slowbro|65\/100\n|move|p2a: Grumpig|Light Screen|p2a: Grumpig\n|-sidestart|p2: A301i|move: Light Screen\n|move|p1b: Slowbro|Psychic|p2b: Rotom\n|-damage|p2b: Rotom|69\/100\n|\n|-weather|Snow|[upkeep]\n|-heal|p1b: Slowbro|71\/100|[from] item: Leftovers\n|upkeep\n|turn|5\n|\n|t:|1700441336\n|move|p1a: Ninetales|Blizzard|p2a: Grumpig|[spread] p2a,p2b\n|-crit|p2a: Grumpig\n|-resisted|p2b: Rotom\n|-damage|p2a: Grumpig|79\/100\n|-damage|p2b: Rotom|58\/100\n|move|p2b: Rotom|Volt Switch|p1a: Ninetales\n|-damage|p1a: Ninetales|71\/100\n|\n|t:|1700441343\n|switch|p2b: Chi-Yu|Chi-Yu|100\/100|[from] Volt Switch\n|-ability|p2b: Chi-Yu|Beads of Ruin\n|move|p2a: Grumpig|Power Gem|p1a: Ninetales\n|-supereffective|p1a: Ninetales\n|-damage|p1a: Ninetales|35\/100\n|move|p1b: Slowbro|Psychic|p2b: Chi-Yu\n|-immune|p2b: Chi-Yu\n|\n|-weather|none\n|-heal|p1b: Slowbro|77\/100|[from] item: Leftovers\n|upkeep\n|turn|6\n|\n|t:|1700441367\n|move|p1a: Ninetales|Protect|p1a: Ninetales\n|-singleturn|p1a: Ninetales|Protect\n|move|p2b: Chi-Yu|Heat Wave|p1b: Slowbro|[spread] p1b\n|-activate|p1a: Ninetales|move: Protect\n|-damage|p1b: Slowbro|25\/100\n|-damage|p2b: Chi-Yu|91\/100|[from] item: Life Orb\n|move|p2a: Grumpig|Psychic|p1b: Slowbro\n|-damage|p1b: Slowbro|0 fnt\n|faint|p1b: Slowbro\n|\n|upkeep\n|\n|t:|1700441377\n|switch|p1b: Mamoswine|Mamoswine, M|100\/100\n|turn|7\n|\n|t:|1700441397\n|move|p1a: Ninetales|Moonblast|p2b: Chi-Yu\n|-damage|p2b: Chi-Yu|61\/100\n|move|p2b: Chi-Yu|Dark Pulse|p1b: Mamoswine\n|-damage|p1b: Mamoswine|43\/100\n|-damage|p2b: Chi-Yu|51\/100|[from] item: Life Orb\n|move|p2a: Grumpig|Psychic|p1b: Mamoswine\n|-damage|p1b: Mamoswine|10\/100\n|move|p1b: Mamoswine|High Horsepower|p2b: Chi-Yu\n|-supereffective|p2b: Chi-Yu\n|-damage|p2b: Chi-Yu|0 fnt\n|faint|p2b: Chi-Yu\n|\n|upkeep\n|\n|t:|1700441429\n|switch|p2b: Clefairy|Clefairy, M, shiny|100\/100\n|turn|8\n|\n|t:|1700441451\n|move|p1a: Ninetales|Protect|p1a: Ninetales\n|-singleturn|p1a: Ninetales|Protect\n|move|p1b: Mamoswine|Protect|p1b: Mamoswine\n|-singleturn|p1b: Mamoswine|Protect\n|move|p2b: Clefairy|Follow Me|p2b: Clefairy\n|-singleturn|p2b: Clefairy|move: Follow Me\n|move|p2a: Grumpig|Psychic|p1b: Mamoswine\n|-activate|p1b: Mamoswine|move: Protect\n|\n|upkeep\n|turn|9\n|\n|t:|1700441502\n|switch|p1a: Iron Moth|Iron Moth|100\/100\n|move|p2a: Grumpig|Psychic|p1b: Mamoswine\n|-damage|p1b: Mamoswine|0 fnt\n|faint|p1b: Mamoswine\n|move|p2b: Clefairy|Heal Pulse|p2a: Grumpig\n|-heal|p2a: Grumpig|100\/100\n|\n|upkeep\n|\n|t:|1700441512\n|switch|p1b: Ninetales|Ninetales-Alola, F, shiny|35\/100\n|-weather|Snow|[from] ability: Snow Warning|[of] p1b: Ninetales\n|turn|10\n|\n|t:|1700441536\n|move|p2b: Clefairy|Follow Me|p2b: Clefairy\n|-singleturn|p2b: Clefairy|move: Follow Me\n|move|p1a: Iron Moth|Heat Wave|p2b: Clefairy|[spread] p2a\n|-miss|p1a: Iron Moth|p2b: Clefairy\n|-damage|p2a: Grumpig|88\/100\n|move|p1b: Ninetales|Blizzard|p2a: Grumpig|[spread] p2a,p2b\n|-crit|p2a: Grumpig\n|-damage|p2a: Grumpig|75\/100\n|-damage|p2b: Clefairy|82\/100\n|move|p2a: Grumpig|Psychic|p1a: Iron Moth\n|-supereffective|p1a: Iron Moth\n|-damage|p1a: Iron Moth|60\/100\n|-unboost|p1a: Iron Moth|spd|1\n|\n|-weather|Snow|[upkeep]\n|upkeep\n|turn|11\n|\n|t:|1700441560\n|-terastallize|p1a: Iron Moth|Grass\n|move|p2b: Clefairy|Follow Me|p2b: Clefairy\n|-singleturn|p2b: Clefairy|move: Follow Me\n|move|p1a: Iron Moth|Heat Wave|p2b: Clefairy|[spread] p2a,p2b\n|-damage|p2a: Grumpig|63\/100\n|-damage|p2b: Clefairy|49\/100\n|move|p1b: Ninetales|Blizzard|p2b: Clefairy|[spread] p2a,p2b\n|-damage|p2a: Grumpig|56\/100\n|-damage|p2b: Clefairy|31\/100\n|move|p2a: Grumpig|Psychic|p1a: Iron Moth\n|-damage|p1a: Iron Moth|28\/100\n|\n|-weather|Snow|[upkeep]\n|-sideend|p2: A301i|move: Light Screen\n|-sideend|p1: Joker1500|move: Aurora Veil\n|upkeep\n|turn|12\n|\n|t:|1700441602\n|move|p2b: Clefairy|Follow Me|p2b: Clefairy\n|-singleturn|p2b: Clefairy|move: Follow Me\n|move|p1a: Iron Moth|Heat Wave|p2a: Grumpig|[spread] p2a,p2b\n|-damage|p2a: Grumpig|37\/100\n|-damage|p2b: Clefairy|0 fnt\n|faint|p2b: Clefairy\n|move|p1b: Ninetales|Blizzard|p2a: Grumpig\n|-damage|p2a: Grumpig|19\/100\n|move|p2a: Grumpig|Light Screen|p2a: Grumpig\n|-sidestart|p2: A301i|move: Light Screen\n|\n|-weather|Snow|[upkeep]\n|upkeep\n|\n|t:|1700441614\n|switch|p2b: Rotom|Rotom-Wash, shiny|58\/100\n|turn|13\n|\n|t:|1700441638\n|move|p1a: Iron Moth|Heat Wave|p2b: Rotom|[spread] p2a,p2b\n|-resisted|p2b: Rotom\n|-damage|p2a: Grumpig|2\/100\n|-damage|p2b: Rotom|37\/100\n|-enditem|p2b: Rotom|Sitrus Berry|[eat]\n|-heal|p2b: Rotom|62\/100|[from] item: Sitrus Berry\n|move|p1b: Ninetales|Blizzard|p2b: Rotom|[spread] p2a,p2b\n|-crit|p2a: Grumpig\n|-resisted|p2b: Rotom\n|-damage|p2a: Grumpig|0 fnt\n|-damage|p2b: Rotom|50\/100\n|-status|p2b: Rotom|frz\n|faint|p2a: Grumpig\n|-curestatus|p2b: Rotom|frz|[msg]\n|move|p2b: Rotom|Thunderbolt|p1b: Ninetales\n|-damage|p1b: Ninetales|0 fnt\n|faint|p1b: Ninetales\n|\n|-weather|Snow|[upkeep]\n|upkeep\n|turn|14\n|\n|t:|1700441659\n|move|p1a: Iron Moth|Heat Wave|p2b: Rotom\n|-resisted|p2b: Rotom\n|-damage|p2b: Rotom|23\/100\n|-status|p2b: Rotom|brn\n|move|p2b: Rotom|Thunderbolt|p1a: Iron Moth\n|-resisted|p1a: Iron Moth\n|-damage|p1a: Iron Moth|0 fnt\n|faint|p1a: Iron Moth\n|-end|p1a: Iron Moth|Quark Drive|[silent]\n|\n|win|A301i\n|c|\u2606Joker1500|gg  too close\n","uploadtime":1700441682,"views":15,"p1id":"joker1500","p2id":"a301i","formatid":"gen9doublesou","rating":0,"private":0,"password":""}