{"id":"gen9doublesou-1993188561","p1":"glasses15","p2":"gaymansylveon","format":"[Gen 9] Doubles OU","log":"|j|\u2606glasses15\n|j|\u2606gaymansylveon\n|t:|1700275672\n|gametype|doubles\n|player|p1|glasses15|scientistf|1236\n|player|p2|gaymansylveon|iris|1273\n|teamsize|p1|6\n|teamsize|p2|6\n|gen|9\n|tier|[Gen 9] Doubles OU\n|rated|\n|rule|Species Clause: Limit one of each Pok\u00e9mon\n|rule|OHKO Clause: OHKO moves are banned\n|rule|Evasion Moves Clause: Evasion moves are banned\n|rule|Gravity Sleep Clause: The combination of sleep-inducing moves with imperfect accuracy and Gravity or Gigantamax Orbeetle are banned\n|rule|Endless Battle Clause: Forcing endless battles is banned\n|rule|HP Percentage Mod: HP is shown in percentages\n|clearpoke\n|poke|p1|Sableye, M|\n|poke|p1|Flapple, F|\n|poke|p1|Maushold|\n|poke|p1|Lycanroc-Dusk, M|\n|poke|p1|Farigiraf, F|\n|poke|p1|Heracross, M|\n|poke|p2|Iron Hands|\n|poke|p2|Ogerpon-Hearthflame, F|\n|poke|p2|Rillaboom, F|\n|poke|p2|Amoonguss, F|\n|poke|p2|Ninetales-Alola, F|\n|poke|p2|Iron Bundle|\n|teampreview\n|inactive|Battle timer is ON: inactive players will automatically lose when time's up. (requested by glasses15)\n|c|\u2606glasses15|glhf\n|\n|t:|1700275700\n|start\n|switch|p1a: Sableye|Sableye, M|100\/100\n|switch|p1b: Maushold|Maushold|100\/100\n|switch|p2a: Ninetales|Ninetales-Alola, F|100\/100\n|switch|p2b: Iron Bundle|Iron Bundle|100\/100\n|-weather|Snow|[from] ability: Snow Warning|[of] p2a: Ninetales\n|-enditem|p2b: Iron Bundle|Booster Energy\n|-activate|p2b: Iron Bundle|ability: Quark Drive|[fromitem]\n|-start|p2b: Iron Bundle|quarkdrivespe\n|turn|1\n|\n|t:|1700275712\n|move|p1a: Sableye|Gravity|p1a: Sableye\n|-fieldstart|move: Gravity\n|move|p2b: Iron Bundle|Blizzard|p1a: Sableye|[spread] p1a,p1b\n|-damage|p1a: Sableye|40\/100\n|-damage|p1b: Maushold|43\/100\n|move|p1b: Maushold|Population Bomb|p2a: Ninetales\n|-damage|p2a: Ninetales|82\/100\n|-damage|p2a: Ninetales|66\/100\n|-damage|p2a: Ninetales|49\/100\n|-damage|p2a: Ninetales|33\/100\n|-damage|p2a: Ninetales|15\/100\n|-enditem|p2a: Ninetales|Aguav Berry|[eat]\n|-heal|p2a: Ninetales|49\/100|[from] item: Aguav Berry\n|-damage|p2a: Ninetales|31\/100\n|-damage|p2a: Ninetales|14\/100\n|-damage|p2a: Ninetales|0 fnt\n|faint|p2a: Ninetales\n|-hitcount|p2: Ninetales|8\n|\n|-weather|Snow|[upkeep]\n|upkeep\n|\n|t:|1700275734\n|switch|p2a: Iron Hands|Iron Hands|100\/100\n|turn|2\n|\n|t:|1700275746\n|switch|p1b: Lycanroc|Lycanroc-Dusk, M|100\/100\n|move|p2a: Iron Hands|Fake Out|p1b: Lycanroc\n|-resisted|p1b: Lycanroc\n|-damage|p1b: Lycanroc|88\/100\n|move|p1a: Sableye|Thunder Wave|p2b: Iron Bundle\n|-status|p2b: Iron Bundle|par\n|move|p2b: Iron Bundle|Blizzard|p1a: Sableye|[spread] p1a,p1b\n|-damage|p1a: Sableye|0 fnt\n|-damage|p1b: Lycanroc|15\/100\n|faint|p1a: Sableye\n|\n|-weather|Snow|[upkeep]\n|upkeep\n|\n|t:|1700275764\n|switch|p1a: Maushold|Maushold|43\/100\n|turn|3\n|\n|t:|1700275776\n|move|p1a: Maushold|Population Bomb|p2a: Iron Hands\n|-damage|p2a: Iron Hands|90\/100\n|-damage|p2a: Iron Hands|80\/100\n|-damage|p2a: Iron Hands|70\/100\n|-damage|p2a: Iron Hands|60\/100\n|-damage|p2a: Iron Hands|52\/100\n|-damage|p2a: Iron Hands|42\/100\n|-crit|p2a: Iron Hands\n|-damage|p2a: Iron Hands|27\/100\n|-damage|p2a: Iron Hands|19\/100\n|-damage|p2a: Iron Hands|10\/100\n|-damage|p2a: Iron Hands|1\/100\n|-hitcount|p2a: Iron Hands|10\n|move|p1b: Lycanroc|Endeavor|p2b: Iron Bundle\n|-damage|p2b: Iron Bundle|17\/100 par\n|move|p2b: Iron Bundle|Blizzard|p1a: Maushold|[spread] p1a,p1b\n|-damage|p1a: Maushold|0 fnt\n|-damage|p1b: Lycanroc|0 fnt\n|faint|p1a: Maushold\n|faint|p1b: Lycanroc\n|move|p2a: Iron Hands|Drain Punch|p1: Maushold|[notarget]\n|-fail|p2a: Iron Hands\n|\n|-weather|Snow|[upkeep]\n|-heal|p2a: Iron Hands|7\/100|[from] item: Leftovers\n|upkeep\n|c|\u2606glasses15|aw man\n|\n|t:|1700275796\n|switch|p1a: Flapple|Flapple, F|100\/100\n|switch|p1b: Heracross|Heracross, M|100\/100\n|turn|4\n|\n|t:|1700275811\n|move|p1a: Flapple|Grav Apple|p2b: Iron Bundle\n|-supereffective|p2b: Iron Bundle\n|-damage|p2b: Iron Bundle|0 fnt\n|faint|p2b: Iron Bundle\n|-end|p2b: Iron Bundle|Quark Drive|[silent]\n|move|p1b: Heracross|Megahorn|p2a: Iron Hands\n|-resisted|p2a: Iron Hands\n|-damage|p2a: Iron Hands|0 fnt\n|faint|p2a: Iron Hands\n|-end|p2a: Iron Hands|Quark Drive|[silent]\n|\n|-weather|Snow|[upkeep]\n|-status|p1b: Heracross|brn|[from] item: Flame Orb\n|upkeep\n|\n|t:|1700275826\n|switch|p2b: Ogerpon|Ogerpon-Hearthflame, F|100\/100\n|switch|p2a: Amoonguss|Amoonguss, F|100\/100\n|-ability|p2b: Ogerpon|Mold Breaker\n|turn|5\n|\n|t:|1700275836\n|move|p1a: Flapple|Grav Apple|p2a: Amoonguss\n|-resisted|p2a: Amoonguss\n|-damage|p2a: Amoonguss|80\/100\n|-unboost|p2a: Amoonguss|def|1\n|move|p2b: Ogerpon|Ivy Cudgel|p1a: Flapple|[anim] Ivy Cudgel Fire\n|-damage|p1a: Flapple|8\/100\n|move|p1b: Heracross|Megahorn|p2b: Ogerpon\n|-damage|p2b: Ogerpon|0 fnt\n|faint|p2b: Ogerpon\n|move|p2a: Amoonguss|Spore||[still]\n|-fail|p2a: Amoonguss\n|\n|-weather|none\n|-damage|p1b: Heracross|95\/100 brn|[from] brn\n|-fieldend|move: Gravity\n|upkeep\n|\n|t:|1700275850\n|switch|p2b: Rillaboom|Rillaboom, F|100\/100\n|-fieldstart|move: Grassy Terrain|[from] ability: Grassy Surge|[of] p2b: Rillaboom\n|turn|6\n|\n|t:|1700275868\n|switch|p1a: Farigiraf|Farigiraf, F|100\/100\n|-terastallize|p2b: Rillaboom|Grass\n|move|p2b: Rillaboom|Grassy Glide||[still]\n|cant|p1a: Farigiraf|ability: Armor Tail|Grassy Glide|[of] p2b: Rillaboom\n|move|p1b: Heracross|Megahorn|p2a: Amoonguss|[miss]\n|-miss|p1b: Heracross|p2a: Amoonguss\n|move|p2a: Amoonguss|Pollen Puff|p1a: Farigiraf\n|-supereffective|p1a: Farigiraf\n|-damage|p1a: Farigiraf|61\/100\n|\n|-heal|p1b: Heracross|100\/100 brn|[from] Grassy Terrain\n|-heal|p1a: Farigiraf|67\/100|[from] Grassy Terrain\n|-heal|p2a: Amoonguss|86\/100|[from] Grassy Terrain\n|-damage|p1b: Heracross|95\/100 brn|[from] brn\n|upkeep\n|turn|7\n|\n|t:|1700275897\n|move|p2b: Rillaboom|Grassy Glide||[still]\n|cant|p1a: Farigiraf|ability: Armor Tail|Grassy Glide|[of] p2b: Rillaboom\n|move|p1b: Heracross|Megahorn|p2b: Rillaboom\n|-supereffective|p2b: Rillaboom\n|-damage|p2b: Rillaboom|0 fnt\n|faint|p2b: Rillaboom\n|move|p1a: Farigiraf|Nasty Plot|p1a: Farigiraf\n|-boost|p1a: Farigiraf|spa|2\n|move|p2a: Amoonguss|Spore|p1a: Farigiraf\n|-status|p1a: Farigiraf|slp|[from] move: Spore\n|\n|-heal|p1b: Heracross|100\/100 brn|[from] Grassy Terrain\n|-heal|p1a: Farigiraf|73\/100 slp|[from] Grassy Terrain\n|-heal|p2a: Amoonguss|93\/100|[from] Grassy Terrain\n|-damage|p1b: Heracross|95\/100 brn|[from] brn\n|upkeep\n|turn|8\n|\n|t:|1700275911\n|move|p1b: Heracross|Megahorn|p2a: Amoonguss\n|-damage|p2a: Amoonguss|0 fnt\n|faint|p2a: Amoonguss\n|\n|win|glasses15\n|raw|glasses15's rating: 1236 &rarr; <strong>1264<\/strong><br \/>(+28 for winning)\n|raw|gaymansylveon's rating: 1273 &rarr; <strong>1245<\/strong><br \/>(-28 for losing)\n|l|\u2606gaymansylveon\n","uploadtime":1700275938,"views":38,"p1id":"glasses15","p2id":"gaymansylveon","formatid":"gen9doublesou","rating":1245,"private":0,"password":""}