{"id":"gen9doublesou-1977692587","p1":"Leblades123","p2":"Trippinrightneow","format":"[Gen 9] Doubles OU","log":"|j|\u2606Leblades123\n|j|\u2606Trippinrightneow\n|t:|1698439228\n|gametype|doubles\n|player|p1|Leblades123|hiker-gen4|1186\n|player|p2|Trippinrightneow|cynthia|1236\n|teamsize|p1|6\n|teamsize|p2|6\n|gen|9\n|tier|[Gen 9] Doubles OU\n|rated|\n|rule|Species Clause: Limit one of each Pok\u00e9mon\n|rule|OHKO Clause: OHKO moves are banned\n|rule|Evasion Moves Clause: Evasion moves are banned\n|rule|Gravity Sleep Clause: The combination of sleep-inducing moves with imperfect accuracy and Gravity or Gigantamax Orbeetle are banned\n|rule|Endless Battle Clause: Forcing endless battles is banned\n|rule|HP Percentage Mod: HP is shown in percentages\n|clearpoke\n|poke|p1|Empoleon, M|\n|poke|p1|Sinistcha|\n|poke|p1|Dragonite, M|\n|poke|p1|Weezing-Galar, M|\n|poke|p1|Kleavor, M|\n|poke|p1|Charizard, M|\n|poke|p2|Flutter Mane|\n|poke|p2|Chi-Yu|\n|poke|p2|Tornadus, M|\n|poke|p2|Ogerpon-Hearthflame, F|\n|poke|p2|Landorus-Therian, M|\n|poke|p2|Rillaboom, M|\n|teampreview\n|\n|t:|1698439250\n|start\n|switch|p1a: Empoleon|Empoleon, M|100\/100\n|switch|p1b: Sinistcha|Sinistcha|100\/100\n|switch|p2a: Tornadus|Tornadus, M|100\/100\n|switch|p2b: Chi-Yu|Chi-Yu|100\/100\n|-ability|p2b: Chi-Yu|Beads of Ruin\n|turn|1\n|\n|t:|1698439267\n|switch|p1b: Weezing|Weezing-Galar, M|100\/100\n|-fieldstart|move: Misty Terrain|[from] ability: Misty Surge|[of] p1b: Weezing\n|-terastallize|p2b: Chi-Yu|Ghost\n|move|p2a: Tornadus|Sunny Day|p2a: Tornadus\n|-weather|SunnyDay\n|move|p2b: Chi-Yu|Heat Wave|p1a: Empoleon|[spread] p1a,p1b\n|-damage|p1a: Empoleon|26\/100\n|-damage|p1b: Weezing|0 fnt\n|faint|p1b: Weezing\n|move|p1a: Empoleon|Hydro Pump|p2b: Chi-Yu\n|-damage|p2b: Chi-Yu|68\/100\n|\n|-weather|SunnyDay|[upkeep]\n|upkeep\n|\n|t:|1698439276\n|switch|p1b: Charizard|Charizard, M|100\/100\n|turn|2\n|\n|t:|1698439293\n|move|p2a: Tornadus|Tailwind|p2a: Tornadus\n|-sidestart|p2: Trippinrightneow|move: Tailwind\n|move|p2b: Chi-Yu|Heat Wave|p1a: Empoleon|[spread] \n|-miss|p2b: Chi-Yu|p1a: Empoleon\n|-miss|p2b: Chi-Yu|p1b: Charizard\n|move|p1b: Charizard|Solar Beam||[still]\n|-prepare|p1b: Charizard|Solar Beam\n|-anim|p1b: Charizard|Solar Beam|p2a: Tornadus\n|-resisted|p2a: Tornadus\n|-damage|p2a: Tornadus|78\/100\n|move|p1a: Empoleon|Hydro Pump|p2b: Chi-Yu\n|-damage|p2b: Chi-Yu|38\/100\n|\n|-weather|SunnyDay|[upkeep]\n|upkeep\n|turn|3\n|\n|t:|1698439317\n|switch|p2a: Ogerpon|Ogerpon-Hearthflame, F|100\/100\n|-ability|p2a: Ogerpon|Mold Breaker\n|move|p2b: Chi-Yu|Heat Wave|p1b: Charizard|[spread] p1a,p1b\n|-resisted|p1b: Charizard\n|-damage|p1a: Empoleon|0 fnt\n|-damage|p1b: Charizard|53\/100\n|faint|p1a: Empoleon\n|move|p1b: Charizard|Flamethrower|p2b: Chi-Yu\n|-damage|p2b: Chi-Yu|0 fnt\n|faint|p2b: Chi-Yu\n|\n|-weather|SunnyDay|[upkeep]\n|upkeep\n|\n|t:|1698439332\n|switch|p2b: Tornadus|Tornadus, M|78\/100\n|switch|p1a: Sinistcha|Sinistcha|100\/100\n|-heal|p1b: Charizard|78\/100|[from] ability: Hospitality|[of] p1a: Sinistcha\n|turn|4\n|\n|t:|1698439353\n|move|p2b: Tornadus|Taunt|p1a: Sinistcha\n|-start|p1a: Sinistcha|move: Taunt\n|move|p2a: Ogerpon|Ivy Cudgel|p1a: Sinistcha\n|-supereffective|p1a: Sinistcha\n|-damage|p1a: Sinistcha|0 fnt\n|faint|p1a: Sinistcha\n|move|p1b: Charizard|Dragon Pulse|p2a: Ogerpon\n|-damage|p2a: Ogerpon|85\/100\n|\n|-weather|SunnyDay|[upkeep]\n|upkeep\n|\n|t:|1698439358\n|switch|p1a: Kleavor|Kleavor, M|100\/100\n|turn|5\n|inactive|Battle timer is ON: inactive players will automatically lose when time's up. (requested by Leblades123)\n|\n|t:|1698439377\n|switch|p2b: Landorus|Landorus-Therian, M|100\/100\n|-ability|p2b: Landorus|Intimidate|boost\n|-unboost|p1a: Kleavor|atk|1\n|-unboost|p1b: Charizard|atk|1\n|move|p2a: Ogerpon|Ivy Cudgel|p1a: Kleavor\n|-damage|p1a: Kleavor|5\/100\n|move|p1b: Charizard|Hurricane|p2a: Ogerpon\n|-supereffective|p2a: Ogerpon\n|-damage|p2a: Ogerpon|0 fnt\n|faint|p2a: Ogerpon\n|move|p1a: Kleavor|Stone Axe|p2b: Landorus\n|-crit|p2b: Landorus\n|-damage|p2b: Landorus|0 fnt\n|-sidestart|p2: Trippinrightneow|move: Stealth Rock\n|faint|p2b: Landorus\n|\n|-weather|none\n|-sideend|p2: Trippinrightneow|move: Tailwind\n|-fieldend|Misty Terrain\n|upkeep\n|\n|t:|1698439393\n|switch|p2a: Flutter Mane|Flutter Mane|100\/100\n|switch|p2b: Rillaboom|Rillaboom, M|100\/100\n|-damage|p2a: Flutter Mane|88\/100|[from] Stealth Rock\n|-damage|p2b: Rillaboom|88\/100|[from] Stealth Rock\n|-fieldstart|move: Grassy Terrain|[from] ability: Grassy Surge|[of] p2b: Rillaboom\n|-enditem|p2a: Flutter Mane|Booster Energy\n|-activate|p2a: Flutter Mane|ability: Protosynthesis|[fromitem]\n|-start|p2a: Flutter Mane|protosynthesisspe\n|turn|6\n|\n|t:|1698439415\n|move|p2b: Rillaboom|Fake Out|p1b: Charizard\n|-damage|p1b: Charizard|59\/100\n|move|p2a: Flutter Mane|Dazzling Gleam|p1a: Kleavor|[spread] p1a,p1b\n|-resisted|p1b: Charizard\n|-damage|p1a: Kleavor|0 fnt\n|-damage|p1b: Charizard|45\/100\n|faint|p1a: Kleavor\n|cant|p1b: Charizard|flinch\n|\n|-heal|p2a: Flutter Mane|94\/100|[from] Grassy Terrain\n|-heal|p2b: Rillaboom|94\/100|[from] Grassy Terrain\n|upkeep\n|\n|t:|1698439421\n|switch|p1a: Louise|Dragonite, M|100\/100\n|turn|7\n|\n|t:|1698439437\n|-terastallize|p1a: Louise|Normal\n|move|p2a: Flutter Mane|Shadow Ball|p1b: Charizard\n|-damage|p1b: Charizard|13\/100\n|move|p1b: Charizard|Flamethrower|p2b: Rillaboom\n|-supereffective|p2b: Rillaboom\n|-damage|p2b: Rillaboom|0 fnt\n|faint|p2b: Rillaboom\n|move|p1a: Louise|Dragon Dance|p1a: Louise\n|-boost|p1a: Louise|atk|1\n|-boost|p1a: Louise|spe|1\n|\n|-heal|p2a: Flutter Mane|99\/100|[from] Grassy Terrain\n|upkeep\n|\n|t:|1698439449\n|switch|p2b: Tornadus|Tornadus, M|78\/100\n|-damage|p2b: Tornadus|53\/100|[from] Stealth Rock\n|turn|8\n|\n|t:|1698439467\n|move|p2b: Tornadus|Tailwind|p2b: Tornadus\n|-sidestart|p2: Trippinrightneow|move: Tailwind\n|move|p2a: Flutter Mane|Dazzling Gleam|p1b: Charizard|[spread] p1a,p1b\n|-resisted|p1b: Charizard\n|-damage|p1a: Louise|86\/100\n|-damage|p1b: Charizard|0 fnt\n|faint|p1b: Charizard\n|move|p1a: Louise|Scale Shot|p2b: Tornadus\n|-damage|p2b: Tornadus|25\/100\n|-damage|p2b: Tornadus|0 fnt\n|faint|p2b: Tornadus\n|-hitcount|p2: Tornadus|2\n|-unboost|p1a: Louise|def|1\n|-boost|p1a: Louise|spe|1\n|\n|-heal|p2a: Flutter Mane|100\/100|[from] Grassy Terrain\n|-heal|p1a: Louise|92\/100|[from] Grassy Terrain\n|upkeep\n|turn|9\n|\n|t:|1698439484\n|move|p2a: Flutter Mane|Protect|p2a: Flutter Mane\n|-singleturn|p2a: Flutter Mane|Protect\n|move|p1a: Louise|Roost|p1a: Louise\n|-heal|p1a: Louise|100\/100\n|\n|upkeep\n|turn|10\n|\n|t:|1698439490\n|move|p2a: Flutter Mane|Dazzling Gleam|p1a: Louise\n|-damage|p1a: Louise|80\/100\n|move|p1a: Louise|Dragon Dance|p1a: Louise\n|-boost|p1a: Louise|atk|1\n|-boost|p1a: Louise|spe|1\n|\n|-heal|p1a: Louise|86\/100|[from] Grassy Terrain\n|-fieldend|move: Grassy Terrain\n|upkeep\n|turn|11\n|\n|t:|1698439499\n|move|p2a: Flutter Mane|Icy Wind|p1a: Louise\n|-damage|p1a: Louise|68\/100\n|-unboost|p1a: Louise|spe|1\n|move|p1a: Louise|Dragon Dance|p1a: Louise\n|-boost|p1a: Louise|atk|1\n|-boost|p1a: Louise|spe|1\n|\n|-sideend|p2: Trippinrightneow|move: Tailwind\n|upkeep\n|turn|12\n|\n|t:|1698439507\n|move|p2a: Flutter Mane|Dazzling Gleam|p1a: Louise\n|-damage|p1a: Louise|29\/100\n|move|p1a: Louise|Dragon Dance|p1a: Louise\n|-boost|p1a: Louise|atk|1\n|-boost|p1a: Louise|spe|1\n|\n|upkeep\n|turn|13\n|\n|t:|1698439512\n|move|p1a: Louise|Roost|p1a: Louise\n|-heal|p1a: Louise|80\/100\n|move|p2a: Flutter Mane|Dazzling Gleam|p1a: Louise\n|-damage|p1a: Louise|38\/100\n|\n|upkeep\n|turn|14\n|\n|t:|1698439519\n|move|p2a: Flutter Mane|Protect|p2a: Flutter Mane\n|-singleturn|p2a: Flutter Mane|Protect\n|move|p1a: Louise|Roost|p1a: Louise\n|-heal|p1a: Louise|89\/100\n|\n|upkeep\n|turn|15\n|\n|t:|1698439525\n|move|p1a: Louise|Dragon Dance|p1a: Louise\n|-boost|p1a: Louise|atk|1\n|-boost|p1a: Louise|spe|1\n|move|p2a: Flutter Mane|Dazzling Gleam|p1a: Louise\n|-damage|p1a: Louise|46\/100\n|\n|upkeep\n|turn|16\n|\n|t:|1698439536\n|move|p2a: Flutter Mane|Protect|p2a: Flutter Mane\n|-singleturn|p2a: Flutter Mane|Protect\n|move|p1a: Louise|Roost|p1a: Louise\n|-heal|p1a: Louise|96\/100\n|\n|upkeep\n|turn|17\n|\n|t:|1698439541\n|move|p1a: Louise|Dragon Dance|p1a: Louise\n|-boost|p1a: Louise|atk|1\n|-boost|p1a: Louise|spe|1\n|move|p2a: Flutter Mane|Dazzling Gleam|p1a: Louise\n|-damage|p1a: Louise|58\/100\n|\n|upkeep\n|turn|18\n|\n|t:|1698439549\n|move|p2a: Flutter Mane|Protect|p2a: Flutter Mane\n|-singleturn|p2a: Flutter Mane|Protect\n|move|p1a: Louise|Roost|p1a: Louise\n|-heal|p1a: Louise|100\/100\n|\n|upkeep\n|turn|19\n|c|\u2606Trippinrightneow|digusting person\n|\n|t:|1698439561\n|move|p1a: Louise|Scale Shot|p2a: Flutter Mane\n|-immune|p2a: Flutter Mane\n|move|p2a: Flutter Mane|Dazzling Gleam|p1a: Louise\n|-damage|p1a: Louise|82\/100\n|\n|upkeep\n|turn|20\n|\n|t:|1698439566\n|move|p1a: Louise|Scale Shot|p2a: Flutter Mane\n|-immune|p2a: Flutter Mane\n|move|p2a: Flutter Mane|Dazzling Gleam|p1a: Louise\n|-damage|p1a: Louise|39\/100\n|\n|upkeep\n|turn|21\n|\n|t:|1698439572\n|move|p1a: Louise|Roost|p1a: Louise\n|-heal|p1a: Louise|89\/100\n|move|p2a: Flutter Mane|Dazzling Gleam|p1a: Louise\n|-damage|p1a: Louise|46\/100\n|\n|upkeep\n|turn|22\n|\n|t:|1698439577\n|move|p1a: Louise|Scale Shot|p2a: Flutter Mane\n|-immune|p2a: Flutter Mane\n|move|p2a: Flutter Mane|Dazzling Gleam|p1a: Louise\n|-damage|p1a: Louise|7\/100\n|\n|upkeep\n|turn|23\n|c|\u2606Leblades123|Ggs lol\n|c|\u2606Trippinrightneow|soooooooo bad\n|c|\u2606Trippinrightneow|litteral dog\n|\n|t:|1698439600\n|move|p1a: Louise|Roost|p1a: Louise\n|-heal|p1a: Louise|57\/100\n|move|p2a: Flutter Mane|Dazzling Gleam|p1a: Louise\n|-damage|p1a: Louise|15\/100\n|\n|upkeep\n|turn|24\n|\n|t:|1698439606\n|move|p1a: Louise|Roost|p1a: Louise\n|-heal|p1a: Louise|65\/100\n|move|p2a: Flutter Mane|Dazzling Gleam|p1a: Louise\n|-damage|p1a: Louise|24\/100\n|\n|upkeep\n|turn|25\n|\n|t:|1698439619\n|move|p1a: Louise|Extreme Speed|p2a: Flutter Mane\n|-immune|p2a: Flutter Mane\n|move|p2a: Flutter Mane|Icy Wind|p1a: Louise\n|-damage|p1a: Louise|5\/100\n|-unboost|p1a: Louise|spe|1\n|\n|upkeep\n|turn|26\n|\n|t:|1698439626\n|move|p1a: Louise|Extreme Speed|p2a: Flutter Mane\n|-immune|p2a: Flutter Mane\n|move|p2a: Flutter Mane|Dazzling Gleam|p1a: Louise\n|-damage|p1a: Louise|0 fnt\n|faint|p1a: Louise\n|\n|win|Trippinrightneow\n|raw|Leblades123's rating: 1186 &rarr; <strong>1165<\/strong><br \/>(-21 for losing)\n|raw|Trippinrightneow's rating: 1236 &rarr; <strong>1257<\/strong><br \/>(+21 for winning)\n|c|\u2606Trippinrightneow|gg ez\n|l|\u2606Trippinrightneow\n|c|\u2606Leblades123|For being so bad you were on your last pokemon\n","uploadtime":1698439669,"views":22,"p1id":"leblades123","p2id":"trippinrightneow","formatid":"gen9doublesou","rating":1165,"private":0,"password":""}