{"id":"gen9doublesou-1968305413","p1":"Champion's Melody","p2":"velociraptor2016","format":"[Gen 9] Doubles OU","log":"|html|<div class=\"broadcast-blue\"><strong>[Gen 9] Doubles OU is currently suspecting Basculegion & Flutter Mane! For information on how to participate check out the <a href=\"https:\/\/www.smogon.com\/forums\/threads\/np-sv-dou-stage-8-double-trouble.3729153\/\">suspect thread<\/a>.<\/strong><\/div>\n|j|\u2606Champion's Melody\n|j|\u2606velociraptor2016\n|t:|1697404323\n|gametype|doubles\n|player|p1|Champion's Melody|cynthia|1190\n|player|p2|velociraptor2016|265|1109\n|teamsize|p1|6\n|teamsize|p2|6\n|gen|9\n|tier|[Gen 9] Doubles OU\n|rated|\n|rule|Species Clause: Limit one of each Pok\u00e9mon\n|rule|OHKO Clause: OHKO moves are banned\n|rule|Evasion Moves Clause: Evasion moves are banned\n|rule|Gravity Sleep Clause: The combination of sleep-inducing moves with imperfect accuracy and Gravity or Gigantamax Orbeetle are banned\n|rule|Endless Battle Clause: Forcing endless battles is banned\n|rule|HP Percentage Mod: HP is shown in percentages\n|clearpoke\n|poke|p1|Lurantis, F|\n|poke|p1|Gliscor, M|\n|poke|p1|Salazzle, F|\n|poke|p1|Kleavor, M|\n|poke|p1|Basculegion-F, F|\n|poke|p1|Empoleon, M|\n|poke|p2|Regieleki|\n|poke|p2|Noivern, M|\n|poke|p2|Toxtricity, F|\n|poke|p2|Landorus-Therian, M|\n|poke|p2|Chien-Pao|\n|poke|p2|Flutter Mane|\n|teampreview\n|inactive|Battle timer is ON: inactive players will automatically lose when time's up. (requested by Champion's Melody)\n|\n|t:|1697404332\n|start\n|switch|p1a: Kleavor|Kleavor, M|100\/100\n|switch|p1b: Empoleon|Empoleon, M|100\/100\n|switch|p2a: Regieleki|Regieleki|100\/100\n|switch|p2b: Flutter Mane|Flutter Mane|100\/100\n|-enditem|p2b: Flutter Mane|Booster Energy\n|-activate|p2b: Flutter Mane|ability: Protosynthesis|[fromitem]\n|-start|p2b: Flutter Mane|protosynthesisspe\n|turn|1\n|\n|t:|1697404349\n|switch|p1b: Gliscor|Gliscor, M|100\/100\n|move|p2b: Flutter Mane|Helping Hand|p2a: Regieleki\n|-singleturn|p2a: Regieleki|Helping Hand|[of] p2b: Flutter Mane\n|move|p2a: Regieleki|Explosion|p1a: Kleavor|[spread] p1a,p1b\n|-immune|p2b: Flutter Mane\n|-resisted|p1a: Kleavor\n|-damage|p1a: Kleavor|21\/100\n|-damage|p1b: Gliscor|0 fnt\n|faint|p2a: Regieleki\n|faint|p1b: Gliscor\n|move|p1a: Kleavor|Stone Axe|p2b: Flutter Mane\n|-damage|p2b: Flutter Mane|0 fnt\n|-sidestart|p2: velociraptor2016|move: Stealth Rock\n|faint|p2b: Flutter Mane\n|-end|p2b: Flutter Mane|Protosynthesis|[silent]\n|\n|upkeep\n|\n|t:|1697404369\n|switch|p2a: Toxtricity|Toxtricity, F|100\/100\n|switch|p2b: Noivern|Noivern, M|100\/100\n|switch|p1b: Empoleon|Empoleon, M|100\/100\n|-damage|p2b: Noivern|76\/100|[from] Stealth Rock\n|-damage|p2a: Toxtricity|88\/100|[from] Stealth Rock\n|turn|2\n|\n|t:|1697404382\n|-terastallize|p2a: Toxtricity|Normal\n|-terastallize|p1b: Empoleon|Grass\n|move|p2b: Noivern|Heat Wave|p1a: Kleavor|[spread] p1a,p1b\n|-supereffective|p1b: Empoleon\n|-damage|p1a: Kleavor|0 fnt\n|-damage|p1b: Empoleon|64\/100\n|faint|p1a: Kleavor\n|move|p2a: Toxtricity|Overdrive|p1b: Empoleon\n|-resisted|p1b: Empoleon\n|-damage|p1b: Empoleon|37\/100\n|-damage|p2a: Toxtricity|78\/100|[from] item: Life Orb\n|move|p1b: Empoleon|Blizzard|p2b: Noivern|[spread] p2a\n|-miss|p1b: Empoleon|p2b: Noivern\n|-damage|p2a: Toxtricity|18\/100\n|\n|upkeep\n|\n|t:|1697404397\n|switch|p1a: Basculegion|Basculegion-F, F|100\/100\n|turn|3\n|\n|t:|1697404407\n|move|p2a: Toxtricity|Protect|p2a: Toxtricity\n|-singleturn|p2a: Toxtricity|Protect\n|move|p1a: Basculegion|Flip Turn|p2a: Toxtricity\n|-activate|p2a: Toxtricity|move: Protect\n|move|p2b: Noivern|Draco Meteor|p1a: Basculegion\n|-damage|p1a: Basculegion|33\/100\n|-unboost|p2b: Noivern|spa|2\n|move|p1b: Empoleon|Blizzard|p2b: Noivern|[spread] p2b\n|-activate|p2a: Toxtricity|move: Protect\n|-supereffective|p2b: Noivern\n|-damage|p2b: Noivern|0 fnt\n|faint|p2b: Noivern\n|\n|upkeep\n|\n|t:|1697404421\n|switch|p2b: Landorus|Landorus-Therian, M|100\/100\n|-damage|p2b: Landorus|88\/100|[from] Stealth Rock\n|-ability|p2b: Landorus|Intimidate|boost\n|-unboost|p1a: Basculegion|atk|1\n|-unboost|p1b: Empoleon|atk|1\n|-ability|p1b: Empoleon|Competitive|boost\n|-boost|p1b: Empoleon|spa|2\n|turn|4\n|\n|t:|1697404434\n|move|p2b: Landorus|Protect|p2b: Landorus\n|-singleturn|p2b: Landorus|Protect\n|move|p1a: Basculegion|Flip Turn|p2a: Toxtricity\n|-damage|p2a: Toxtricity|0 fnt\n|faint|p2a: Toxtricity\n|\n|t:|1697404442\n|switch|p1a: Salazzle|Salazzle, F, shiny|100\/100|[from] Flip Turn\n|move|p1b: Empoleon|Blizzard|p2b: Landorus\n|-activate|p2b: Landorus|move: Protect\n|\n|-heal|p2b: Landorus|94\/100|[from] item: Leftovers\n|upkeep\n|\n|t:|1697404444\n|switch|p2a: Chien-Pao|Chien-Pao|100\/100\n|-ability|p2a: Chien-Pao|Sword of Ruin\n|turn|5\n|\n|t:|1697404457\n|move|p1a: Salazzle|Fake Out|p2b: Landorus\n|-damage|p2b: Landorus|84\/100\n|move|p2a: Chien-Pao|Ice Shard|p1b: Empoleon\n|-supereffective|p1b: Empoleon\n|-damage|p1b: Empoleon|0 fnt\n|faint|p1b: Empoleon\n|cant|p2b: Landorus|flinch\n|\n|-heal|p2b: Landorus|90\/100|[from] item: Leftovers\n|upkeep\n|\n|t:|1697404466\n|switch|p1b: Basculegion|Basculegion-F, F|33\/100\n|turn|6\n|\n|t:|1697404472\n|move|p2a: Chien-Pao|Ice Shard|p1b: Basculegion\n|-resisted|p1b: Basculegion\n|-damage|p1b: Basculegion|15\/100\n|move|p1b: Basculegion|Last Respects|p2b: Landorus\n|-damage|p2b: Landorus|0 fnt\n|faint|p2b: Landorus\n|move|p1a: Salazzle|Fire Blast|p2a: Chien-Pao\n|-supereffective|p2a: Chien-Pao\n|-damage|p2a: Chien-Pao|0 fnt\n|faint|p2a: Chien-Pao\n|\n|win|Champion's Melody\n|raw|Champion&apos;s Melody's rating: 1190 &rarr; <strong>1209<\/strong><br \/>(+19 for winning)\n|raw|velociraptor2016's rating: 1109 &rarr; <strong>1090<\/strong><br \/>(-19 for losing)\n","uploadtime":1697404485,"views":8,"p1id":"championsmelody","p2id":"velociraptor2016","formatid":"gen9doublesou","rating":1090,"private":0,"password":""}