{"id":"gen9doublesou-1972616438","p1":"Smegasus","p2":"Abowlofmagnemites","format":"[Gen 9] Doubles OU","log":"|j|\u2606Smegasus\n|j|\u2606Abowlofmagnemites\n|t:|1697864961\n|gametype|doubles\n|player|p1|Smegasus|1|1226\n|player|p2|Abowlofmagnemites|plasmagruntf-gen5bw|1249\n|teamsize|p1|6\n|teamsize|p2|6\n|gen|9\n|tier|[Gen 9] Doubles OU\n|rated|\n|rule|Species Clause: Limit one of each Pok\u00e9mon\n|rule|OHKO Clause: OHKO moves are banned\n|rule|Evasion Moves Clause: Evasion moves are banned\n|rule|Gravity Sleep Clause: The combination of sleep-inducing moves with imperfect accuracy and Gravity or Gigantamax Orbeetle are banned\n|rule|Endless Battle Clause: Forcing endless battles is banned\n|rule|HP Percentage Mod: HP is shown in percentages\n|clearpoke\n|poke|p1|Grimmsnarl, M|\n|poke|p1|Cresselia, F|\n|poke|p1|Ursaluna-Bloodmoon, M|\n|poke|p1|Vikavolt, F|\n|poke|p1|Farigiraf, M|\n|poke|p1|Torkoal, M|\n|poke|p2|Sableye, F|\n|poke|p2|Oranguru, M|\n|poke|p2|Ursaluna, F|\n|poke|p2|Rillaboom, F|\n|poke|p2|Tornadus, M|\n|poke|p2|Manaphy|\n|teampreview\n|\n|t:|1697864968\n|start\n|switch|p1a: Grimmsnarl|Grimmsnarl, M|100\/100\n|switch|p1b: Cresselia|Cresselia, F|100\/100\n|switch|p2a: Sableye|Sableye, F|100\/100\n|switch|p2b: Oranguru|Oranguru, M|100\/100\n|turn|1\n|\n|t:|1697864978\n|move|p1a: Grimmsnarl|Taunt|p2a: Sableye\n|-hint|Since gen 7, Dark is immune to Prankster moves.\n|-immune|p2a: Sableye\n|move|p2a: Sableye|Skill Swap|p2b: Oranguru\n|-activate|p2a: Sableye|move: Skill Swap|||[of] p2b: Oranguru\n|move|p2b: Oranguru|Substitute|p2b: Oranguru\n|-start|p2b: Oranguru|Substitute\n|-damage|p2b: Oranguru|76\/100\n|move|p1b: Cresselia|Trick Room|p1b: Cresselia\n|-fieldstart|move: Trick Room|[of] p1b: Cresselia\n|\n|-heal|p2b: Oranguru|82\/100|[from] item: Leftovers\n|upkeep\n|turn|2\n|\n|t:|1697864992\n|move|p2b: Oranguru|Protect|p2b: Oranguru\n|-singleturn|p2b: Oranguru|Protect\n|move|p1a: Grimmsnarl|Light Screen|p1a: Grimmsnarl\n|-sidestart|p1: Smegasus|move: Light Screen\n|move|p2a: Sableye|Encore|p1b: Cresselia\n|-start|p1b: Cresselia|Encore\n|move|p1b: Cresselia|Trick Room|p1b: Cresselia\n|-fieldend|move: Trick Room\n|\n|-heal|p2b: Oranguru|88\/100|[from] item: Leftovers\n|upkeep\n|turn|3\n|\n|t:|1697865013\n|switch|p2a: Ursaluna|Ursaluna, F|100\/100\n|move|p1a: Grimmsnarl|Reflect|p1a: Grimmsnarl\n|-sidestart|p1: Smegasus|Reflect\n|move|p2b: Oranguru|After You|p1a: Grimmsnarl\n|-hint|Since gen 7, Dark is immune to Prankster moves.\n|-immune|p1a: Grimmsnarl\n|move|p1b: Cresselia|Trick Room|p1b: Cresselia\n|-fieldstart|move: Trick Room|[of] p1b: Cresselia\n|\n|-heal|p2b: Oranguru|94\/100|[from] item: Leftovers\n|-status|p2a: Ursaluna|brn|[from] item: Flame Orb\n|upkeep\n|turn|4\n|\n|t:|1697865048\n|switch|p1b: Ursaluna|Ursaluna-Bloodmoon, M|100\/100\n|-terastallize|p2a: Ursaluna|Normal\n|move|p1a: Grimmsnarl|Parting Shot|p2a: Ursaluna\n|-unboost|p2a: Ursaluna|atk|1\n|-unboost|p2a: Ursaluna|spa|1\n|\n|t:|1697865057\n|switch|p1a: Torkoal|Torkoal, M|100\/100|[from] Parting Shot\n|-weather|SunnyDay|[from] ability: Drought|[of] p1a: Torkoal\n|move|p2b: Oranguru|After You|p2a: Ursaluna\n|-activate|p2a: Ursaluna|move: After You\n|move|p2a: Ursaluna|Facade|p1a: Torkoal\n|-damage|p1a: Torkoal|42\/100\n|\n|-weather|SunnyDay|[upkeep]\n|-heal|p2b: Oranguru|99\/100|[from] item: Leftovers\n|-damage|p2a: Ursaluna|94\/100 brn|[from] brn\n|upkeep\n|turn|5\n|\n|t:|1697865073\n|move|p2b: Oranguru|Instruct|p2a: Ursaluna\n|-singleturn|p2a: Ursaluna|move: Instruct|[of] p2b: Oranguru\n|move|p2a: Ursaluna|Facade|p1a: Torkoal\n|-damage|p1a: Torkoal|0 fnt\n|faint|p1a: Torkoal\n|move|p1b: Ursaluna|Hyper Voice|p2a: Ursaluna|[spread] p2a,p2b\n|-damage|p2a: Ursaluna|41\/100 brn\n|-damage|p2b: Oranguru|64\/100\n|move|p2a: Ursaluna|Facade|p1b: Ursaluna\n|-crit|p1b: Ursaluna\n|-damage|p1b: Ursaluna|0 fnt\n|faint|p1b: Ursaluna\n|\n|-weather|SunnyDay|[upkeep]\n|-heal|p2b: Oranguru|70\/100|[from] item: Leftovers\n|-damage|p2a: Ursaluna|35\/100 brn|[from] brn\n|upkeep\n|\n|t:|1697865096\n|switch|p1a: Farigiraf|Farigiraf, M|100\/100\n|switch|p1b: Cresselia|Cresselia, F|100\/100\n|turn|6\n|\n|t:|1697865105\n|move|p1b: Cresselia|Helping Hand|p1a: Farigiraf\n|-singleturn|p1a: Farigiraf|Helping Hand|[of] p1b: Cresselia\n|move|p2b: Oranguru|After You|p2a: Ursaluna\n|-activate|p2a: Ursaluna|move: After You\n|move|p2a: Ursaluna|Facade|p1b: Cresselia\n|-damage|p1b: Cresselia|44\/100\n|move|p1a: Farigiraf|Hyper Voice|p2a: Ursaluna|[spread] p2a,p2b\n|-damage|p2a: Ursaluna|3\/100 brn\n|-damage|p2b: Oranguru|46\/100\n|\n|-weather|SunnyDay|[upkeep]\n|-heal|p2b: Oranguru|52\/100|[from] item: Leftovers\n|-heal|p1b: Cresselia|50\/100|[from] item: Leftovers\n|-damage|p2a: Ursaluna|0 fnt|[from] brn\n|faint|p2a: Ursaluna\n|upkeep\n|\n|t:|1697865117\n|switch|p2a: Tornadus|Tornadus, M|100\/100\n|turn|7\n|\n|t:|1697865131\n|move|p2b: Oranguru|Protect|p2b: Oranguru\n|-singleturn|p2b: Oranguru|Protect\n|move|p2a: Tornadus|Rain Dance|p2a: Tornadus\n|-weather|RainDance\n|move|p1a: Farigiraf|Calm Mind|p1a: Farigiraf\n|-boost|p1a: Farigiraf|spa|1\n|-boost|p1a: Farigiraf|spd|1\n|move|p1b: Cresselia|Lunar Blessing|p1b: Cresselia|[spread] p1a,p1b\n|-heal|p1b: Cresselia|75\/100\n|\n|-weather|RainDance|[upkeep]\n|-heal|p2b: Oranguru|58\/100|[from] item: Leftovers\n|-heal|p1b: Cresselia|81\/100|[from] item: Leftovers\n|-fieldend|move: Trick Room\n|upkeep\n|turn|8\n|\n|t:|1697865142\n|move|p2b: Oranguru|After You|p2a: Tornadus\n|-activate|p2a: Tornadus|move: After You\n|move|p2a: Tornadus|Hurricane|p1b: Cresselia\n|-damage|p1b: Cresselia|63\/100\n|-start|p1b: Cresselia|confusion\n|move|p1a: Farigiraf|Calm Mind|p1a: Farigiraf\n|-boost|p1a: Farigiraf|spa|1\n|-boost|p1a: Farigiraf|spd|1\n|-activate|p1b: Cresselia|confusion\n|move|p1b: Cresselia|Trick Room|p1b: Cresselia\n|-fieldstart|move: Trick Room|[of] p1b: Cresselia\n|\n|-weather|RainDance|[upkeep]\n|-heal|p2b: Oranguru|64\/100|[from] item: Leftovers\n|-heal|p1b: Cresselia|69\/100|[from] item: Leftovers\n|upkeep\n|turn|9\n|\n|t:|1697865159\n|-activate|p1b: Cresselia|confusion\n|move|p1b: Cresselia|Helping Hand|p1a: Farigiraf\n|-singleturn|p1a: Farigiraf|Helping Hand|[of] p1b: Cresselia\n|move|p2b: Oranguru|Instruct|p2a: Tornadus\n|-singleturn|p2a: Tornadus|move: Instruct|[of] p2b: Oranguru\n|move|p2a: Tornadus|Hurricane|p1b: Cresselia\n|-damage|p1b: Cresselia|49\/100\n|move|p1a: Farigiraf|Hyper Voice|p2a: Tornadus|[spread] p2a,p2b\n|-damage|p2a: Tornadus|3\/100\n|-damage|p2b: Oranguru|16\/100\n|move|p2a: Tornadus|Hurricane|p1a: Farigiraf\n|-damage|p1a: Farigiraf|81\/100\n|-start|p1a: Farigiraf|confusion\n|\n|-weather|RainDance|[upkeep]\n|-heal|p1a: Farigiraf|87\/100|[from] item: Leftovers\n|-heal|p2b: Oranguru|22\/100|[from] item: Leftovers\n|-heal|p1b: Cresselia|55\/100|[from] item: Leftovers\n|-heal|p2a: Tornadus|9\/100|[from] item: Leftovers\n|-sideend|p1: Smegasus|move: Light Screen\n|upkeep\n|turn|10\n|\n|t:|1697865178\n|move|p2b: Oranguru|Instruct|p2a: Tornadus\n|-singleturn|p2a: Tornadus|move: Instruct|[of] p2b: Oranguru\n|move|p2a: Tornadus|Hurricane|p1a: Farigiraf\n|-damage|p1a: Farigiraf|56\/100\n|-activate|p1a: Farigiraf|confusion\n|-damage|p1a: Farigiraf|51\/100|[from] confusion\n|-activate|p1b: Cresselia|confusion\n|move|p1b: Cresselia|Lunar Blessing|p1b: Cresselia|[spread] p1a,p1b\n|-heal|p1a: Farigiraf|76\/100\n|-heal|p1b: Cresselia|80\/100\n|move|p2a: Tornadus|Hurricane|p1a: Farigiraf\n|-damage|p1a: Farigiraf|45\/100\n|\n|-weather|RainDance|[upkeep]\n|-heal|p1a: Farigiraf|51\/100|[from] item: Leftovers\n|-heal|p2b: Oranguru|28\/100|[from] item: Leftovers\n|-heal|p1b: Cresselia|87\/100|[from] item: Leftovers\n|-heal|p2a: Tornadus|15\/100|[from] item: Leftovers\n|-sideend|p1: Smegasus|Reflect\n|upkeep\n|turn|11\n|\n|t:|1697865197\n|move|p2b: Oranguru|Instruct|p2a: Tornadus\n|-singleturn|p2a: Tornadus|move: Instruct|[of] p2b: Oranguru\n|move|p2a: Tornadus|Hurricane|p1a: Farigiraf\n|-damage|p1a: Farigiraf|20\/100\n|-activate|p1a: Farigiraf|confusion\n|-damage|p1a: Farigiraf|14\/100|[from] confusion\n|-end|p1b: Cresselia|confusion\n|move|p1b: Cresselia|Lunar Blessing|p1b: Cresselia|[spread] p1a,p1b\n|-heal|p1a: Farigiraf|39\/100\n|-heal|p1b: Cresselia|100\/100\n|move|p2a: Tornadus|Hurricane|p1a: Farigiraf\n|-damage|p1a: Farigiraf|11\/100\n|\n|-weather|none\n|-heal|p1a: Farigiraf|17\/100|[from] item: Leftovers\n|-heal|p2b: Oranguru|34\/100|[from] item: Leftovers\n|-heal|p2a: Tornadus|21\/100|[from] item: Leftovers\n|upkeep\n|turn|12\n|\n|t:|1697865216\n|move|p1b: Cresselia|Helping Hand|p1a: Farigiraf\n|-singleturn|p1a: Farigiraf|Helping Hand|[of] p1b: Cresselia\n|move|p2b: Oranguru|Instruct|p2a: Tornadus\n|-singleturn|p2a: Tornadus|move: Instruct|[of] p2b: Oranguru\n|move|p2a: Tornadus|Hurricane|p1a: Farigiraf\n|-crit|p1a: Farigiraf\n|-damage|p1a: Farigiraf|0 fnt\n|faint|p1a: Farigiraf\n|move|p2a: Tornadus|Hurricane|p1b: Cresselia\n|-damage|p1b: Cresselia|75\/100\n|-start|p1b: Cresselia|confusion\n|\n|-heal|p2b: Oranguru|40\/100|[from] item: Leftovers\n|-heal|p1b: Cresselia|81\/100|[from] item: Leftovers\n|-heal|p2a: Tornadus|27\/100|[from] item: Leftovers\n|-fieldend|move: Trick Room\n|upkeep\n|-message|Smegasus forfeited.\n|\n|win|Abowlofmagnemites\n|raw|Smegasus's rating: 1226 &rarr; <strong>1203<\/strong><br \/>(-23 for losing)\n|raw|Abowlofmagnemites's rating: 1249 &rarr; <strong>1272<\/strong><br \/>(+23 for winning)\n|l|\u2606Smegasus\n","uploadtime":1697865238,"views":12,"p1id":"smegasus","p2id":"abowlofmagnemites","formatid":"gen9doublesou","rating":1203,"private":0,"password":""}