{"id":"gen9doublesou-1984271882","p1":"glorpogobblegoop","p2":"hd9shehesisi","format":"[Gen 9] Doubles OU","log":"|j|\u2606glorpogobblegoop\n|j|\u2606hd9shehesisi\n|t:|1699237416\n|gametype|doubles\n|player|p1|glorpogobblegoop|101|1047\n|player|p2|hd9shehesisi|102|1000\n|teamsize|p1|6\n|teamsize|p2|6\n|gen|9\n|tier|[Gen 9] Doubles OU\n|rated|\n|rule|Species Clause: Limit one of each Pok\u00e9mon\n|rule|OHKO Clause: OHKO moves are banned\n|rule|Evasion Moves Clause: Evasion moves are banned\n|rule|Gravity Sleep Clause: The combination of sleep-inducing moves with imperfect accuracy and Gravity or Gigantamax Orbeetle are banned\n|rule|Endless Battle Clause: Forcing endless battles is banned\n|rule|HP Percentage Mod: HP is shown in percentages\n|clearpoke\n|poke|p1|Amoonguss, M|\n|poke|p1|Grimmsnarl, M|\n|poke|p1|Iron Bundle|\n|poke|p1|Abomasnow, F|\n|poke|p1|Froslass, F|\n|poke|p1|Umbreon, M|\n|poke|p2|Volcanion|\n|poke|p2|Garganacl, F|\n|poke|p2|Golem-Alola, M|\n|poke|p2|Flutter Mane|\n|poke|p2|Dragapult, F|\n|poke|p2|Regieleki|\n|teampreview\n|\n|t:|1699237429\n|start\n|switch|p1a: Froslass|Froslass, F|100\/100\n|switch|p1b: Abomasnow|Abomasnow, F|100\/100\n|switch|p2a: Flutter Mane|Flutter Mane|100\/100\n|switch|p2b: Garganacl|Garganacl, F|100\/100\n|-weather|Snow|[from] ability: Snow Warning|[of] p1b: Abomasnow\n|turn|1\n|\n|t:|1699237444\n|switch|p2b: Regieleki|Regieleki|100\/100\n|move|p1b: Abomasnow|Protect|p1b: Abomasnow\n|-singleturn|p1b: Abomasnow|Protect\n|move|p2a: Flutter Mane|Shadow Ball|p1a: Froslass\n|-supereffective|p1a: Froslass\n|-damage|p1a: Froslass|0 fnt\n|faint|p1a: Froslass\n|\n|-weather|Snow|[upkeep]\n|upkeep\n|\n|t:|1699237455\n|switch|p1a: Grimmsnarl|Grimmsnarl, M|100\/100\n|turn|2\n|\n|t:|1699237467\n|switch|p1b: Amoonguss|Amoonguss, M|100\/100\n|move|p2a: Flutter Mane|Helping Hand|p2b: Regieleki\n|-singleturn|p2b: Regieleki|Helping Hand|[of] p2a: Flutter Mane\n|move|p1a: Grimmsnarl|Parting Shot|p2a: Flutter Mane\n|-unboost|p2a: Flutter Mane|atk|1\n|-unboost|p2a: Flutter Mane|spa|1\n|\n|t:|1699237480\n|switch|p1a: Iron Bundle|Iron Bundle|100\/100|[from] Parting Shot\n|move|p2b: Regieleki|Explosion|p1a: Iron Bundle|[spread] p1a,p1b\n|-immune|p2a: Flutter Mane\n|-damage|p1a: Iron Bundle|5\/100\n|-damage|p1b: Amoonguss|0 fnt\n|faint|p2b: Regieleki\n|faint|p1b: Amoonguss\n|\n|-weather|Snow|[upkeep]\n|upkeep\n|\n|t:|1699237493\n|switch|p2b: Volcanion|Volcanion|100\/100\n|switch|p1b: Grimmsnarl|Grimmsnarl, M|100\/100\n|turn|3\n|\n|t:|1699237503\n|move|p1a: Iron Bundle|Helping Hand|p1b: Grimmsnarl\n|-singleturn|p1b: Grimmsnarl|Helping Hand|[of] p1a: Iron Bundle\n|move|p2a: Flutter Mane|Helping Hand|p2b: Volcanion\n|-singleturn|p2b: Volcanion|Helping Hand|[of] p2a: Flutter Mane\n|move|p2b: Volcanion|Explosion|p1a: Iron Bundle|[spread] p1a,p1b\n|-immune|p2a: Flutter Mane\n|-damage|p1a: Iron Bundle|0 fnt\n|-damage|p1b: Grimmsnarl|0 fnt\n|faint|p2b: Volcanion\n|faint|p1a: Iron Bundle\n|-end|p1a: Iron Bundle|Quark Drive|[silent]\n|faint|p1b: Grimmsnarl\n|\n|-weather|Snow|[upkeep]\n|upkeep\n|\n|t:|1699237515\n|switch|p1a: Abomasnow|Abomasnow, F|100\/100\n|switch|p2b: Golem|Golem-Alola, M|100\/100\n|switch|p1b: Umbreon|Umbreon, M|100\/100\n|turn|4\n|\n|t:|1699237523\n|-terastallize|p2b: Golem|Normal\n|move|p2a: Flutter Mane|Helping Hand|p2b: Golem\n|-singleturn|p2b: Golem|Helping Hand|[of] p2a: Flutter Mane\n|move|p1a: Abomasnow|Protect|p1a: Abomasnow\n|-singleturn|p1a: Abomasnow|Protect\n|move|p2b: Golem|Explosion|p1a: Abomasnow|[spread] p1b\n|-activate|p1a: Abomasnow|move: Protect\n|-immune|p2a: Flutter Mane\n|-damage|p1b: Umbreon|0 fnt\n|faint|p2b: Golem\n|faint|p1b: Umbreon\n|\n|-weather|Snow|[upkeep]\n|upkeep\n|\n|t:|1699237525\n|switch|p2b: Garganacl|Garganacl, F|100\/100\n|turn|5\n|\n|t:|1699237542\n|move|p2a: Flutter Mane|Helping Hand|p2b: Garganacl\n|-singleturn|p2b: Garganacl|Helping Hand|[of] p2a: Flutter Mane\n|move|p1a: Abomasnow|Protect||[still]\n|-fail|p1a: Abomasnow\n|move|p2b: Garganacl|Explosion|p1a: Abomasnow|[spread] p1a\n|-immune|p2a: Flutter Mane\n|-crit|p1a: Abomasnow\n|-enditem|p1a: Abomasnow|Focus Sash\n|-damage|p1a: Abomasnow|1\/100\n|faint|p2b: Garganacl\n|\n|-weather|none\n|upkeep\n|\n|t:|1699237544\n|switch|p2b: Dragapult|Dragapult, F|100\/100\n|turn|6\n|\n|t:|1699237557\n|move|p2b: Dragapult|Shadow Ball|p1a: Abomasnow\n|-crit|p1a: Abomasnow\n|-damage|p1a: Abomasnow|0 fnt\n|faint|p1a: Abomasnow\n|\n|win|hd9shehesisi\n|raw|glorpogobblegoop's rating: 1047 &rarr; <strong>1028<\/strong><br \/>(-19 for losing)\n|raw|hd9shehesisi's rating: 1000 &rarr; <strong>1045<\/strong><br \/>(+45 for winning)\n","uploadtime":1699237563,"views":8,"p1id":"glorpogobblegoop","p2id":"hd9shehesisi","formatid":"gen9doublesou","rating":1028,"private":0,"password":""}