{"id":"gen9doublesou-1998446555","p1":"Rungy","p2":"bonjourfrate","format":"[Gen 9] Doubles OU","log":"|j|\u2606Rungy\n|j|\u203dbonjourfrate\n|t:|1700943263\n|gametype|doubles\n|player|p1|Rungy|1|1096\n|player|p2|bonjourfrate|265|1230\n|teamsize|p1|6\n|teamsize|p2|6\n|gen|9\n|tier|[Gen 9] Doubles OU\n|rated|\n|rule|Species Clause: Limit one of each Pok\u00e9mon\n|rule|OHKO Clause: OHKO moves are banned\n|rule|Evasion Moves Clause: Evasion moves are banned\n|rule|Gravity Sleep Clause: The combination of sleep-inducing moves with imperfect accuracy and Gravity or Gigantamax Orbeetle are banned\n|rule|Endless Battle Clause: Forcing endless battles is banned\n|rule|HP Percentage Mod: HP is shown in percentages\n|clearpoke\n|poke|p1|Grimmsnarl, M|\n|poke|p1|Farigiraf, M|\n|poke|p1|Gastrodon-East, M|\n|poke|p1|Jolteon, M|\n|poke|p1|Gardevoir, F|\n|poke|p1|Pelipper, M|\n|poke|p2|Torkoal, F|\n|poke|p2|Pelipper, F|\n|poke|p2|Ludicolo, M|\n|poke|p2|Shiftry, M|\n|poke|p2|Zapdos|\n|poke|p2|Drednaw, M|\n|teampreview\n|\n|t:|1700943272\n|start\n|switch|p1a: Grimey|Grimmsnarl, M|100\/100\n|switch|p1b: Mr. Rothschild|Farigiraf, M|100\/100\n|switch|p2a: Torkoal|Torkoal, F|100\/100\n|switch|p2b: Shiftry|Shiftry, M|100\/100\n|-weather|SunnyDay|[from] ability: Drought|[of] p2a: Torkoal\n|turn|1\n|\n|t:|1700943289\n|move|p1a: Grimey|Misty Terrain|p1a: Grimey\n|-fieldstart|move: Misty Terrain\n|move|p2b: Shiftry|Knock Off|p1b: Mr. Rothschild\n|-supereffective|p1b: Mr. Rothschild\n|-damage|p1b: Mr. Rothschild|0 fnt\n|-enditem|p1b: Mr. Rothschild|Throat Spray|[from] move: Knock Off|[of] p2b: Shiftry\n|faint|p1b: Mr. Rothschild\n|-damage|p2b: Shiftry|91\/100|[from] item: Life Orb\n|move|p2a: Torkoal|Stealth Rock|p1a: Grimey\n|-sidestart|p1: Rungy|move: Stealth Rock\n|\n|-weather|SunnyDay|[upkeep]\n|upkeep\n|\n|t:|1700943302\n|switch|p1b: LIPS INC|Pelipper, M|100\/100\n|-damage|p1b: LIPS INC|76\/100|[from] Stealth Rock\n|-weather|RainDance|[from] ability: Drizzle|[of] p1b: LIPS INC\n|turn|2\n|\n|t:|1700943312\n|switch|p2b: Ludicolo|Ludicolo, M|100\/100\n|switch|p2a: Zapdos|Zapdos|100\/100\n|-ability|p2a: Zapdos|Pressure\n|move|p1a: Grimey|Parting Shot|p2a: Zapdos\n|-unboost|p2a: Zapdos|atk|1\n|-unboost|p2a: Zapdos|spa|1\n|\n|t:|1700943324\n|switch|p1a: Sparkplug|Jolteon, M|100\/100|[from] Parting Shot\n|-damage|p1a: Sparkplug|88\/100|[from] Stealth Rock\n|move|p1b: LIPS INC|Tailwind|p1b: LIPS INC\n|-sidestart|p1: Rungy|move: Tailwind\n|\n|-weather|RainDance|[upkeep]\n|-heal|p1a: Sparkplug|94\/100|[from] item: Leftovers\n|upkeep\n|turn|3\n|\n|t:|1700943360\n|move|p2b: Ludicolo|Hydro Pump|p1a: Sparkplug\n|-crit|p1a: Sparkplug\n|-damage|p1a: Sparkplug|0 fnt\n|faint|p1a: Sparkplug\n|-damage|p2b: Ludicolo|91\/100|[from] item: Life Orb\n|move|p1b: LIPS INC|Hurricane|p2b: Ludicolo\n|-supereffective|p2b: Ludicolo\n|-damage|p2b: Ludicolo|0 fnt\n|faint|p2b: Ludicolo\n|move|p2a: Zapdos|Weather Ball|p1b: LIPS INC\n|-resisted|p1b: LIPS INC\n|-damage|p1b: LIPS INC|51\/100\n|\n|-weather|RainDance|[upkeep]\n|upkeep\n|\n|t:|1700943377\n|switch|p1a: SLUGG|Gastrodon-East, M|100\/100\n|switch|p2b: Drednaw|Drednaw, M|100\/100\n|-damage|p1a: SLUGG|94\/100|[from] Stealth Rock\n|turn|4\n|\n|t:|1700943402\n|move|p2b: Drednaw|Shell Smash|p2b: Drednaw\n|-unboost|p2b: Drednaw|def|1\n|-unboost|p2b: Drednaw|spd|1\n|-boost|p2b: Drednaw|atk|2\n|-boost|p2b: Drednaw|spa|2\n|-boost|p2b: Drednaw|spe|2\n|move|p1b: LIPS INC|Water Pulse|p1a: SLUGG\n|-ability|p1a: SLUGG|Storm Drain|boost\n|-boost|p1a: SLUGG|spa|1\n|move|p2a: Zapdos|Thunder|p1b: LIPS INC\n|-supereffective|p1b: LIPS INC\n|-damage|p1b: LIPS INC|0 fnt\n|faint|p1b: LIPS INC\n|move|p1a: SLUGG|Ice Beam|p2a: Zapdos\n|-supereffective|p2a: Zapdos\n|-damage|p2a: Zapdos|6\/100\n|\n|-weather|RainDance|[upkeep]\n|-heal|p2a: Zapdos|13\/100|[from] item: Leftovers\n|upkeep\n|\n|t:|1700943422\n|switch|p1b: Bianca|Gardevoir, F|100\/100\n|-damage|p1b: Bianca|88\/100|[from] Stealth Rock\n|-ability|p1b: Bianca|Swift Swim|[from] ability: Trace|[of] p2b: Drednaw\n|turn|5\n|\n|t:|1700943445\n|move|p1b: Bianca|Thunderbolt|p2b: Drednaw\n|-supereffective|p2b: Drednaw\n|-damage|p2b: Drednaw|0 fnt\n|faint|p2b: Drednaw\n|move|p2a: Zapdos|Hurricane|p1a: SLUGG\n|-damage|p1a: SLUGG|72\/100\n|move|p1a: SLUGG|Ice Beam|p2a: Zapdos\n|-supereffective|p2a: Zapdos\n|-crit|p2a: Zapdos\n|-damage|p2a: Zapdos|0 fnt\n|faint|p2a: Zapdos\n|\n|-weather|RainDance|[upkeep]\n|-sideend|p1: Rungy|move: Tailwind\n|upkeep\n|\n|t:|1700943458\n|switch|p2a: Torkoal|Torkoal, F|100\/100\n|switch|p2b: Shiftry|Shiftry, M|91\/100\n|-weather|SunnyDay|[from] ability: Drought|[of] p2a: Torkoal\n|turn|6\n|\n|t:|1700943469\n|-terastallize|p1a: SLUGG|Poison\n|move|p2b: Shiftry|Solar Blade||[still]\n|-prepare|p2b: Shiftry|Solar Blade\n|-anim|p2b: Shiftry|Solar Blade|p1a: SLUGG\n|-resisted|p1a: SLUGG\n|-damage|p1a: SLUGG|27\/100\n|-damage|p2b: Shiftry|81\/100|[from] item: Life Orb\n|move|p1b: Bianca|Aura Sphere|p2b: Shiftry\n|-supereffective|p2b: Shiftry\n|-damage|p2b: Shiftry|0 fnt\n|faint|p2b: Shiftry\n|move|p2a: Torkoal|Flamethrower|p1b: Bianca\n|-crit|p1b: Bianca\n|-damage|p1b: Bianca|21\/100\n|move|p1a: SLUGG|Earth Power|p2a: Torkoal\n|-supereffective|p2a: Torkoal\n|-damage|p2a: Torkoal|0 fnt\n|faint|p2a: Torkoal\n|\n|-weather|SunnyDay|[upkeep]\n|upkeep\n|c|\u2606Rungy|Gg\n|\n|t:|1700943507\n|switch|p2b: Pelipper|Pelipper, F|100\/100\n|-weather|RainDance|[from] ability: Drizzle|[of] p2b: Pelipper\n|turn|7\n|\n|t:|1700943517\n|move|p1b: Bianca|Thunderbolt|p2b: Pelipper\n|-supereffective|p2b: Pelipper\n|-damage|p2b: Pelipper|0 fnt\n|faint|p2b: Pelipper\n|\n|win|Rungy\n|raw|Rungy's rating: 1096 &rarr; <strong>1131<\/strong><br \/>(+35 for winning)\n|raw|bonjourfrate's rating: 1230 &rarr; <strong>1196<\/strong><br \/>(-34 for losing)\n","uploadtime":1700943525,"views":16,"p1id":"rungy","p2id":"bonjourfrate","formatid":"gen9doublesou","rating":1131,"private":0,"password":""}