{"id":"gen9doublesou-1997301810","p1":"ChickenSquared","p2":"Sunrose","format":"[Gen 9] Doubles OU","log":"|j|\u2606ChickenSquared\n|j|\u2606Sunrose\n|inactive|Battle timer is ON: inactive players will automatically lose when time's up.\n|t:|1700786704\n|gametype|doubles\n|player|p1|ChickenSquared|sailor|\n|player|p2|Sunrose|morty|\n|teamsize|p1|6\n|teamsize|p2|6\n|gen|9\n|tier|[Gen 9] Doubles OU\n|rated|Tournament battle\n|rule|Species Clause: Limit one of each Pok\u00e9mon\n|rule|OHKO Clause: OHKO moves are banned\n|rule|Evasion Moves Clause: Evasion moves are banned\n|rule|Gravity Sleep Clause: The combination of sleep-inducing moves with imperfect accuracy and Gravity or Gigantamax Orbeetle are banned\n|rule|Endless Battle Clause: Forcing endless battles is banned\n|rule|HP Percentage Mod: HP is shown in percentages\n|clearpoke\n|poke|p1|Torkoal, M|\n|poke|p1|Ogerpon-Hearthflame, F|\n|poke|p1|Lilligant-Hisui, F|\n|poke|p1|Rillaboom, F|\n|poke|p1|Iron Hands|\n|poke|p1|Flutter Mane|\n|poke|p2|Gholdengo|\n|poke|p2|Landorus-Therian, M|\n|poke|p2|Palafin, M|\n|poke|p2|Tornadus, M|\n|poke|p2|Ogerpon-Cornerstone, F|\n|poke|p2|Okidogi, M|\n|teampreview\n|c|\u2606Sunrose|Hf\n|inactive|Sunrose has 120 seconds left.\n|\n|t:|1700786744\n|start\n|switch|p1a: Torkoal|Torkoal, M|100\/100\n|switch|p1b: Flutter Mane|Flutter Mane|100\/100\n|switch|p2a: Palafin|Palafin, M|100\/100\n|switch|p2b: Okidogi|Okidogi, M|100\/100\n|-weather|SunnyDay|[from] ability: Drought|[of] p1a: Torkoal\n|-activate|p1b: Flutter Mane|ability: Protosynthesis\n|-start|p1b: Flutter Mane|protosynthesisspe\n|turn|1\n|\n|t:|1700786761\n|-end|p1b: Flutter Mane|Protosynthesis|[silent]\n|switch|p1b: Iron Hands|Iron Hands|100\/100\n|detailschange|p2a: Palafin|Palafin-Hero, M\n|switch|p2a: Gholdengo|Gholdengo|100\/100\n|move|p2b: Okidogi|Gunk Shot|p1b: Iron Hands\n|-damage|p1b: Iron Hands|61\/100\n|-status|p1b: Iron Hands|psn\n|move|p1a: Torkoal|Eruption|p2a: Gholdengo|[spread] p2a,p2b\n|-supereffective|p2a: Gholdengo\n|-damage|p2a: Gholdengo|0 fnt\n|-damage|p2b: Okidogi|44\/100\n|faint|p2a: Gholdengo\n|\n|-weather|SunnyDay|[upkeep]\n|-damage|p1b: Iron Hands|48\/100 psn|[from] psn\n|upkeep\n|\n|t:|1700786774\n|switch|p2a: Tornadus|Tornadus, M|100\/100\n|turn|2\n|\n|t:|1700786786\n|move|p1a: Torkoal|Protect|p1a: Torkoal\n|-singleturn|p1a: Torkoal|Protect\n|move|p2a: Tornadus|Rain Dance|p2a: Tornadus\n|-weather|RainDance\n|move|p2b: Okidogi|Knock Off|p1a: Torkoal\n|-activate|p1a: Torkoal|move: Protect\n|move|p1b: Iron Hands|Wild Charge|p2a: Tornadus\n|-supereffective|p2a: Tornadus\n|-damage|p2a: Tornadus|0 fnt\n|faint|p2a: Tornadus\n|-damage|p1b: Iron Hands|28\/100 psn|[from] Recoil\n|\n|-weather|RainDance|[upkeep]\n|-damage|p1b: Iron Hands|16\/100 psn|[from] psn\n|upkeep\n|\n|t:|1700786792\n|switch|p2a: Ogerpon|Ogerpon-Cornerstone, F|100\/100\n|turn|3\n|\n|t:|1700786801\n|switch|p1a: Rillaboom|Rillaboom, F|100\/100\n|-fieldstart|move: Grassy Terrain|[from] ability: Grassy Surge|[of] p1a: Rillaboom\n|move|p2a: Ogerpon|Ivy Cudgel|p1a: Rillaboom|[anim] Ivy Cudgel Rock\n|-damage|p1a: Rillaboom|49\/100\n|move|p2b: Okidogi|Drain Punch|p1b: Iron Hands\n|-damage|p1b: Iron Hands|0 fnt\n|-heal|p2b: Okidogi|53\/100|[from] drain|[of] p1b: Iron Hands\n|faint|p1b: Iron Hands\n|-end|p1b: Iron Hands|Quark Drive|[silent]\n|\n|-weather|RainDance|[upkeep]\n|-heal|p2b: Okidogi|59\/100|[from] Grassy Terrain\n|-heal|p1a: Rillaboom|55\/100|[from] Grassy Terrain\n|upkeep\n|\n|t:|1700786817\n|switch|p1b: Torkoal|Torkoal, M|100\/100\n|-weather|SunnyDay|[from] ability: Drought|[of] p1b: Torkoal\n|turn|4\n|\n|t:|1700786828\n|move|p2a: Ogerpon|Spiky Shield|p2a: Ogerpon\n|-singleturn|p2a: Ogerpon|move: Protect\n|move|p1b: Torkoal|Protect|p1b: Torkoal\n|-singleturn|p1b: Torkoal|Protect\n|move|p2b: Okidogi|Gunk Shot|p1a: Rillaboom|[miss]\n|-miss|p2b: Okidogi|p1a: Rillaboom\n|move|p1a: Rillaboom|U-turn|p2a: Ogerpon\n|-activate|p2a: Ogerpon|move: Protect\n|-damage|p1a: Rillaboom|43\/100|[from] Spiky Shield|[of] p2a: Ogerpon\n|\n|-weather|SunnyDay|[upkeep]\n|-heal|p2b: Okidogi|65\/100|[from] Grassy Terrain\n|-heal|p1a: Rillaboom|49\/100|[from] Grassy Terrain\n|upkeep\n|turn|5\n|inactive|ChickenSquared has 120 seconds left.\n|\n|t:|1700786876\n|switch|p1b: Lilligant|Lilligant-Hisui, F|100\/100\n|move|p2a: Ogerpon|Ivy Cudgel|p1b: Lilligant|[anim] Ivy Cudgel Rock\n|-resisted|p1b: Lilligant\n|-damage|p1b: Lilligant|52\/100\n|move|p2b: Okidogi|Gunk Shot|p1a: Rillaboom\n|-supereffective|p1a: Rillaboom\n|-damage|p1a: Rillaboom|0 fnt\n|faint|p1a: Rillaboom\n|\n|-weather|SunnyDay|[upkeep]\n|-heal|p1b: Lilligant|58\/100|[from] Grassy Terrain\n|-heal|p2b: Okidogi|71\/100|[from] Grassy Terrain\n|upkeep\n|\n|t:|1700786894\n|switch|p1a: Ogerpon|Ogerpon-Hearthflame, F|100\/100\n|-ability|p1a: Ogerpon|Mold Breaker\n|turn|6\n|\n|t:|1700786917\n|move|p1a: Ogerpon|Spiky Shield|p1a: Ogerpon\n|-singleturn|p1a: Ogerpon|move: Protect\n|move|p1b: Lilligant|Close Combat|p2a: Ogerpon\n|-supereffective|p2a: Ogerpon\n|-crit|p2a: Ogerpon\n|-ability|p2a: Ogerpon|Sturdy\n|-damage|p2a: Ogerpon|1\/100\n|-unboost|p1b: Lilligant|def|1\n|-unboost|p1b: Lilligant|spd|1\n|move|p2a: Ogerpon|Ivy Cudgel|p1a: Ogerpon|[anim] Ivy Cudgel Rock\n|-activate|p1a: Ogerpon|move: Protect\n|move|p2b: Okidogi|Gunk Shot|p1b: Lilligant\n|-supereffective|p1b: Lilligant\n|-damage|p1b: Lilligant|0 fnt\n|faint|p1b: Lilligant\n|\n|-weather|SunnyDay|[upkeep]\n|-heal|p2a: Ogerpon|7\/100|[from] Grassy Terrain\n|-heal|p2b: Okidogi|77\/100|[from] Grassy Terrain\n|upkeep\n|\n|t:|1700786936\n|switch|p1b: Flutter Mane|Flutter Mane|100\/100\n|-activate|p1b: Flutter Mane|ability: Protosynthesis\n|-start|p1b: Flutter Mane|protosynthesisspe\n|turn|7\n|\n|t:|1700786964\n|-terastallize|p1a: Ogerpon|Fire\n|detailschange|p1a: Ogerpon|Ogerpon-Hearthflame-Tera, F, tera:Fire\n|-ability|p1a: Ogerpon|Embody Aspect (Hearthflame)|boost\n|-boost|p1a: Ogerpon|atk|1\n|move|p2a: Ogerpon|Spiky Shield|p2a: Ogerpon\n|-singleturn|p2a: Ogerpon|move: Protect\n|move|p1b: Flutter Mane|Dazzling Gleam|p2b: Okidogi|[spread] p2b\n|-activate|p2a: Ogerpon|move: Protect\n|-damage|p2b: Okidogi|51\/100\n|move|p1a: Ogerpon|Ivy Cudgel|p2b: Okidogi|[anim] Ivy Cudgel Fire\n|-damage|p2b: Okidogi|0 fnt\n|faint|p2b: Okidogi\n|\n|-weather|SunnyDay|[upkeep]\n|-heal|p2a: Ogerpon|13\/100|[from] Grassy Terrain\n|-fieldend|move: Grassy Terrain\n|upkeep\n|\n|t:|1700786973\n|switch|p2b: Landorus|Landorus-Therian, M|100\/100\n|-ability|p2b: Landorus|Intimidate|boost\n|-unboost|p1a: Ogerpon|atk|1\n|-unboost|p1b: Flutter Mane|atk|1\n|turn|8\n|inactive|ChickenSquared has 120 seconds left.\n|\n|t:|1700787024\n|switch|p2a: Palafin|Palafin-Hero, M|100\/100\n|-activate|p2a: Palafin|ability: Zero to Hero\n|-terastallize|p2b: Landorus|Flying\n|move|p1a: Ogerpon|Spiky Shield|p1a: Ogerpon\n|-singleturn|p1a: Ogerpon|move: Protect\n|move|p1b: Flutter Mane|Dazzling Gleam|p2b: Landorus|[spread] p2a,p2b\n|-damage|p2a: Palafin|66\/100\n|-damage|p2b: Landorus|50\/100\n|move|p2b: Landorus|Tera Blast|p1b: Flutter Mane|[anim] Tera Blast Flying\n|-damage|p1b: Flutter Mane|0 fnt\n|faint|p1b: Flutter Mane\n|-end|p1b: Flutter Mane|Protosynthesis|[silent]\n|\n|-weather|none\n|-heal|p2a: Palafin|72\/100|[from] item: Leftovers\n|upkeep\n|\n|t:|1700787040\n|switch|p1b: Torkoal|Torkoal, M|100\/100\n|-weather|SunnyDay|[from] ability: Drought|[of] p1b: Torkoal\n|turn|9\n|\n|t:|1700787062\n|move|p2a: Palafin|Jet Punch|p1a: Ogerpon\n|-supereffective|p1a: Ogerpon\n|-damage|p1a: Ogerpon|62\/100\n|move|p2b: Landorus|Tera Blast|p1a: Ogerpon|[anim] Tera Blast Flying\n|-damage|p1a: Ogerpon|0 fnt\n|faint|p1a: Ogerpon\n|move|p1b: Torkoal|Heat Wave|p2a: Palafin|[spread] p2a\n|-miss|p1b: Torkoal|p2b: Landorus\n|-resisted|p2a: Palafin\n|-damage|p2a: Palafin|52\/100\n|\n|-weather|SunnyDay|[upkeep]\n|-heal|p2a: Palafin|58\/100|[from] item: Leftovers\n|upkeep\n|turn|10\n|inactive|ChickenSquared has 120 seconds left.\n|\n|t:|1700787081\n|move|p2a: Palafin|Jet Punch|p1b: Torkoal\n|-supereffective|p1b: Torkoal\n|-damage|p1b: Torkoal|77\/100\n|move|p2b: Landorus|Tera Blast|p1b: Torkoal|[anim] Tera Blast Flying\n|-damage|p1b: Torkoal|32\/100\n|move|p1b: Torkoal|Heat Wave|p2b: Landorus|[spread] p2a,p2b\n|-resisted|p2a: Palafin\n|-damage|p2a: Palafin|39\/100\n|-damage|p2b: Landorus|0 fnt\n|faint|p2b: Landorus\n|\n|-weather|SunnyDay|[upkeep]\n|-heal|p2a: Palafin|45\/100|[from] item: Leftovers\n|upkeep\n|\n|t:|1700787086\n|switch|p2b: Ogerpon|Ogerpon-Cornerstone, F|13\/100\n|turn|11\n|\n|t:|1700787092\n|move|p2a: Palafin|Jet Punch|p1b: Torkoal\n|-supereffective|p1b: Torkoal\n|-damage|p1b: Torkoal|11\/100\n|move|p2b: Ogerpon|Ivy Cudgel|p1b: Torkoal|[anim] Ivy Cudgel Rock\n|-supereffective|p1b: Torkoal\n|-damage|p1b: Torkoal|0 fnt\n|faint|p1b: Torkoal\n|\n|win|Sunrose\n|n|\u2606ChickenSquared|chickensquared\n|n|\u2606Sunrose|sunrose\n","uploadtime":1700787093,"views":5,"p1id":"chickensquared","p2id":"sunrose","formatid":"gen9doublesou","rating":0,"private":0,"password":""}