{"id":"gen9doublesou-1978277035","p1":"Gilgarune","p2":"jazzcabbage2000","format":"[Gen 9] Doubles OU","log":"|j|\u2606Gilgarune\n|j|\u2606jazzcabbage2000\n|t:|1698519991\n|gametype|doubles\n|player|p1|Gilgarune|rood|1061\n|player|p2|jazzcabbage2000|caitlin|1094\n|teamsize|p1|6\n|teamsize|p2|6\n|gen|9\n|tier|[Gen 9] Doubles OU\n|rated|\n|rule|Species Clause: Limit one of each Pok\u00e9mon\n|rule|OHKO Clause: OHKO moves are banned\n|rule|Evasion Moves Clause: Evasion moves are banned\n|rule|Gravity Sleep Clause: The combination of sleep-inducing moves with imperfect accuracy and Gravity or Gigantamax Orbeetle are banned\n|rule|Endless Battle Clause: Forcing endless battles is banned\n|rule|HP Percentage Mod: HP is shown in percentages\n|clearpoke\n|poke|p1|Klefki, M|\n|poke|p1|Landorus-Therian, M|\n|poke|p1|Sneasler, M|\n|poke|p1|Cresselia, F|\n|poke|p1|Oricorio-Sensu, F|\n|poke|p1|Frosmoth, M|\n|poke|p2|Lucario, M|\n|poke|p2|Tornadus-Therian, M|\n|poke|p2|Sneasler, M|\n|poke|p2|Weezing-Galar, F|\n|poke|p2|Cresselia, F|\n|poke|p2|Flutter Mane|\n|teampreview\n|\n|t:|1698520005\n|start\n|switch|p1a: Oricorio|Oricorio-Sensu, F|100\/100\n|switch|p1b: Landorus|Landorus-Therian, M|100\/100\n|switch|p2a: Sneasler|Sneasler, M|100\/100\n|switch|p2b: Weezing|Weezing-Galar, F|100\/100\n|-ability|p1b: Landorus|Intimidate|boost\n|-unboost|p2a: Sneasler|atk|1\n|-unboost|p2b: Weezing|atk|1\n|-fieldstart|move: Misty Terrain|[from] ability: Misty Surge|[of] p2b: Weezing\n|turn|1\n|\n|t:|1698520045\n|move|p2a: Sneasler|Fake Out|p1b: Landorus\n|-damage|p1b: Landorus|88\/100\n|move|p1a: Oricorio|Revelation Dance|p2a: Sneasler\n|-damage|p2a: Sneasler|56\/100\n|cant|p1b: Landorus|flinch\n|move|p2b: Weezing|Strange Steam|p1b: Landorus\n|-damage|p1b: Landorus|64\/100\n|\n|upkeep\n|turn|2\n|\n|t:|1698520073\n|switch|p2a: Cresselia|Cresselia, F|100\/100\n|move|p1a: Oricorio|Dual Wingbeat|p2a: Cresselia\n|-damage|p2a: Cresselia|94\/100\n|-damage|p2a: Cresselia|88\/100\n|-hitcount|p2a: Cresselia|2\n|move|p1b: Landorus|Gravity|p1b: Landorus\n|-fieldstart|move: Gravity\n|move|p2b: Weezing|Heat Wave|p1b: Landorus|[spread] p1a,p1b\n|-damage|p1a: Oricorio|82\/100\n|-damage|p1b: Landorus|50\/100\n|\n|-heal|p2a: Cresselia|94\/100|[from] item: Leftovers\n|upkeep\n|turn|3\n|\n|t:|1698520098\n|move|p1a: Oricorio|Revelation Dance|p2a: Cresselia\n|-supereffective|p2a: Cresselia\n|-damage|p2a: Cresselia|55\/100\n|move|p1b: Landorus|Sandsear Storm|p2b: Weezing|[spread] p2a,p2b\n|-supereffective|p2b: Weezing\n|-damage|p2a: Cresselia|34\/100\n|-damage|p2b: Weezing|39\/100\n|move|p2a: Cresselia|Calm Mind|p2a: Cresselia\n|-boost|p2a: Cresselia|spa|1\n|-boost|p2a: Cresselia|spd|1\n|move|p2b: Weezing|Heat Wave|p1b: Landorus|[spread] p1a,p1b\n|-damage|p1a: Oricorio|64\/100\n|-damage|p1b: Landorus|35\/100\n|\n|-heal|p2a: Cresselia|40\/100|[from] item: Leftovers\n|-heal|p2b: Weezing|45\/100|[from] item: Leftovers\n|upkeep\n|turn|4\n|\n|t:|1698520122\n|move|p1a: Oricorio|Revelation Dance|p2b: Weezing\n|-damage|p2b: Weezing|12\/100\n|move|p1b: Landorus|Sandsear Storm|p2a: Cresselia|[spread] p2a,p2b\n|-supereffective|p2b: Weezing\n|-damage|p2a: Cresselia|26\/100\n|-damage|p2b: Weezing|0 fnt\n|faint|p2b: Weezing\n|move|p2a: Cresselia|Lunar Blessing|p2a: Cresselia\n|-heal|p2a: Cresselia|51\/100\n|\n|-heal|p2a: Cresselia|57\/100|[from] item: Leftovers\n|upkeep\n|\n|t:|1698520137\n|switch|p2b: Flutter Mane|Flutter Mane|100\/100\n|-enditem|p2b: Flutter Mane|Booster Energy\n|-activate|p2b: Flutter Mane|ability: Protosynthesis|[fromitem]\n|-start|p2b: Flutter Mane|protosynthesisspe\n|turn|5\n|\n|t:|1698520155\n|switch|p1b: Klefki|Klefki, M|100\/100\n|move|p1a: Oricorio|Protect|p1a: Oricorio\n|-singleturn|p1a: Oricorio|Protect\n|move|p2b: Flutter Mane|Thunderbolt|p1a: Oricorio\n|-activate|p1a: Oricorio|move: Protect\n|move|p2a: Cresselia|Lunar Blessing|p2a: Cresselia|[spread] p2a,p2b\n|-heal|p2a: Cresselia|82\/100\n|\n|-heal|p2a: Cresselia|88\/100|[from] item: Leftovers\n|-fieldend|Misty Terrain\n|upkeep\n|turn|6\n|\n|t:|1698520181\n|switch|p1a: Landorus|Landorus-Therian, M|35\/100\n|-ability|p1a: Landorus|Intimidate|boost\n|-unboost|p2a: Cresselia|atk|1\n|-unboost|p2b: Flutter Mane|atk|1\n|move|p2b: Flutter Mane|Taunt|p1b: Klefki\n|-start|p1b: Klefki|move: Taunt\n|move|p2a: Cresselia|Calm Mind|p2a: Cresselia\n|-boost|p2a: Cresselia|spa|1\n|-boost|p2a: Cresselia|spd|1\n|move|p1b: Klefki|Flash Cannon|p2b: Flutter Mane\n|-supereffective|p2b: Flutter Mane\n|-damage|p2b: Flutter Mane|50\/100\n|\n|-heal|p2a: Cresselia|94\/100|[from] item: Leftovers\n|-fieldend|move: Gravity\n|upkeep\n|turn|7\n|\n|t:|1698520210\n|move|p2b: Flutter Mane|Shadow Ball|p1a: Landorus\n|-damage|p1a: Landorus|0 fnt\n|faint|p1a: Landorus\n|move|p2a: Cresselia|Calm Mind|p2a: Cresselia\n|-boost|p2a: Cresselia|spa|1\n|-boost|p2a: Cresselia|spd|1\n|move|p1b: Klefki|Flash Cannon|p2b: Flutter Mane\n|-supereffective|p2b: Flutter Mane\n|-damage|p2b: Flutter Mane|2\/100\n|\n|-heal|p2a: Cresselia|99\/100|[from] item: Leftovers\n|upkeep\n|\n|t:|1698520225\n|switch|p1a: Frosmoth|Frosmoth, M|100\/100\n|turn|8\n|\n|t:|1698520255\n|move|p2b: Flutter Mane|Thunderbolt|p1b: Klefki\n|-damage|p1b: Klefki|63\/100\n|-enditem|p1b: Klefki|Red Card|[of] p2b: Flutter Mane\n|-end|p2b: Flutter Mane|Protosynthesis|[silent]\n|drag|p2b: Tornadus|Tornadus-Therian, M|100\/100\n|move|p2a: Cresselia|Power Gem|p1a: Frosmoth\n|-supereffective|p1a: Frosmoth\n|-damage|p1a: Frosmoth|10\/100\n|move|p1b: Klefki|Flash Cannon|p2b: Tornadus\n|-damage|p2b: Tornadus|70\/100\n|move|p1a: Frosmoth|Struggle Bug|p2b: Tornadus|[spread] p2a,p2b\n|-supereffective|p2a: Cresselia\n|-resisted|p2b: Tornadus\n|-damage|p2a: Cresselia|92\/100\n|-damage|p2b: Tornadus|60\/100\n|-unboost|p2a: Cresselia|spa|1\n|-unboost|p2b: Tornadus|spa|1\n|\n|-heal|p2a: Cresselia|98\/100|[from] item: Leftovers\n|-end|p1b: Klefki|move: Taunt\n|upkeep\n|turn|9\n|\n|t:|1698520289\n|switch|p1b: Oricorio|Oricorio-Sensu, F|64\/100\n|switch|p1a: Cresselia|Cresselia, F|100\/100\n|move|p2b: Tornadus|Acrobatics|p1a: Cresselia\n|-damage|p1a: Cresselia|85\/100\n|move|p2a: Cresselia|Lunar Blessing|p2a: Cresselia|[spread] p2a,p2b\n|-heal|p2a: Cresselia|100\/100\n|-heal|p2b: Tornadus|85\/100\n|\n|upkeep\n|turn|10\n|\n|t:|1698520363\n|move|p1b: Oricorio|Protect|p1b: Oricorio\n|-singleturn|p1b: Oricorio|Protect\n|move|p2b: Tornadus|Fling|p2a: Cresselia\n|-supereffective|p2a: Cresselia\n|-damage|p2a: Cresselia|96\/100\n|-boost|p2a: Cresselia|spe|1|[from] item: Salac Berry\n|-enditem|p2b: Tornadus|Salac Berry|[from] move: Fling\n|move|p2a: Cresselia|Calm Mind|p2a: Cresselia\n|-boost|p2a: Cresselia|spa|1\n|-boost|p2a: Cresselia|spd|1\n|move|p1a: Cresselia|Future Sight|p2b: Tornadus\n|-start|p1a: Cresselia|move: Future Sight\n|\n|-heal|p2a: Cresselia|100\/100|[from] item: Leftovers\n|upkeep\n|turn|11\n|\n|t:|1698520385\n|switch|p1b: Frosmoth|Frosmoth, M|10\/100\n|switch|p1a: Klefki|Klefki, M|63\/100\n|move|p2b: Tornadus|Tailwind|p2b: Tornadus\n|-sidestart|p2: jazzcabbage2000|move: Tailwind\n|move|p2a: Cresselia|Stored Power|p1b: Frosmoth\n|-damage|p1b: Frosmoth|0 fnt\n|faint|p1b: Frosmoth\n|\n|upkeep\n|\n|t:|1698520397\n|switch|p1b: Oricorio|Oricorio-Sensu, F|64\/100\n|turn|12\n|\n|t:|1698520411\n|move|p1b: Oricorio|Protect|p1b: Oricorio\n|-singleturn|p1b: Oricorio|Protect\n|move|p1a: Klefki|Recycle|p1a: Klefki\n|-item|p1a: Klefki|Red Card|[from] move: Recycle\n|move|p2b: Tornadus|Acrobatics|p1b: Oricorio\n|-activate|p1b: Oricorio|move: Protect\n|move|p2a: Cresselia|Stored Power|p1a: Klefki\n|-resisted|p1a: Klefki\n|-damage|p1a: Klefki|0 fnt\n|faint|p1a: Klefki\n|\n|-end|p2b: Tornadus|move: Future Sight\n|-damage|p2b: Tornadus|39\/100\n|upkeep\n|\n|t:|1698520427\n|switch|p1a: Sneasler|Sneasler, M|100\/100\n|turn|13\n|\n|t:|1698520441\n|move|p1a: Sneasler|Endure|p1a: Sneasler\n|-singleturn|p1a: Sneasler|move: Endure\n|move|p2b: Tornadus|Acrobatics|p1b: Oricorio\n|-damage|p1b: Oricorio|8\/100\n|move|p2a: Cresselia|Stored Power|p1a: Sneasler\n|-supereffective|p1a: Sneasler\n|-activate|p1a: Sneasler|move: Endure\n|-damage|p1a: Sneasler|1\/100\n|-enditem|p1a: Sneasler|Salac Berry|[eat]\n|-boost|p1a: Sneasler|spe|1|[from] item: Salac Berry\n|move|p1b: Oricorio|Revelation Dance|p2a: Cresselia\n|-supereffective|p2a: Cresselia\n|-damage|p2a: Cresselia|88\/100\n|\n|-heal|p2a: Cresselia|94\/100|[from] item: Leftovers\n|upkeep\n|turn|14\n|\n|t:|1698520463\n|move|p1a: Sneasler|Shadow Claw|p2a: Cresselia\n|-supereffective|p2a: Cresselia\n|-crit|p2a: Cresselia\n|-damage|p2a: Cresselia|41\/100\n|move|p2b: Tornadus|Acrobatics|p1a: Sneasler\n|-supereffective|p1a: Sneasler\n|-damage|p1a: Sneasler|0 fnt\n|faint|p1a: Sneasler\n|move|p2a: Cresselia|Stored Power|p1b: Oricorio\n|-damage|p1b: Oricorio|0 fnt\n|faint|p1b: Oricorio\n|\n|-heal|p2a: Cresselia|47\/100|[from] item: Leftovers\n|-sideend|p2: jazzcabbage2000|move: Tailwind\n|upkeep\n|c|\u2606Gilgarune|Gg\n|c|\u2606jazzcabbage2000|gg\n|-message|Gilgarune forfeited.\n|\n|win|jazzcabbage2000\n|raw|Gilgarune's rating: 1061 &rarr; <strong>1044<\/strong><br \/>(-17 for losing)\n|raw|jazzcabbage2000's rating: 1094 &rarr; <strong>1117<\/strong><br \/>(+23 for winning)\n|l|\u2606Gilgarune\n","uploadtime":1698520483,"views":12,"p1id":"gilgarune","p2id":"jazzcabbage2000","formatid":"gen9doublesou","rating":1044,"private":0,"password":""}