{"id":"gen9doublesou-1985500419","p1":"TheMouseVoice","p2":"Fmorais000","format":"[Gen 9] Doubles OU","log":"|j|\u2606TheMouseVoice\n|j|\u2606Fmorais000\n|t:|1699379778\n|gametype|doubles\n|player|p1|TheMouseVoice|hilbert-wonderlauncher|1004\n|player|p2|Fmorais000|lance|1038\n|teamsize|p1|2\n|teamsize|p2|6\n|gen|9\n|tier|[Gen 9] Doubles OU\n|rated|\n|rule|Species Clause: Limit one of each Pok\u00e9mon\n|rule|OHKO Clause: OHKO moves are banned\n|rule|Evasion Moves Clause: Evasion moves are banned\n|rule|Gravity Sleep Clause: The combination of sleep-inducing moves with imperfect accuracy and Gravity or Gigantamax Orbeetle are banned\n|rule|Endless Battle Clause: Forcing endless battles is banned\n|rule|HP Percentage Mod: HP is shown in percentages\n|clearpoke\n|poke|p1|Oricorio-Pom-Pom, F|\n|poke|p1|Volcarona, F|\n|poke|p2|Kommo-o, M|\n|poke|p2|Umbreon, M|\n|poke|p2|Roaring Moon|\n|poke|p2|Glimmora, F|\n|poke|p2|Goodra-Hisui, F|\n|poke|p2|Flutter Mane|\n|teampreview\n|\n|t:|1699379789\n|start\n|switch|p1a: Oricorio|Oricorio-Pom-Pom, F|100\/100\n|switch|p1b: Volcarona|Volcarona, F|100\/100\n|switch|p2a: Kommo-o|Kommo-o, M|100\/100\n|switch|p2b: Goodra|Goodra-Hisui, F, shiny|100\/100\n|turn|1\n|\n|t:|1699379804\n|move|p1b: Volcarona|Quiver Dance|p1b: Volcarona\n|-boost|p1b: Volcarona|spa|1\n|-boost|p1b: Volcarona|spd|1\n|-boost|p1b: Volcarona|spe|1\n|-activate|p1a: Oricorio|ability: Dancer\n|move|p1a: Oricorio|Quiver Dance|p1a: Oricorio|[from]ability: Dancer\n|-boost|p1a: Oricorio|spa|1\n|-boost|p1a: Oricorio|spd|1\n|-boost|p1a: Oricorio|spe|1\n|move|p1a: Oricorio|Quiver Dance|p1a: Oricorio\n|-boost|p1a: Oricorio|spa|1\n|-boost|p1a: Oricorio|spd|1\n|-boost|p1a: Oricorio|spe|1\n|move|p2a: Kommo-o|Clangorous Soul|p2a: Kommo-o\n|-boost|p2a: Kommo-o|atk|1\n|-boost|p2a: Kommo-o|def|1\n|-boost|p2a: Kommo-o|spa|1\n|-boost|p2a: Kommo-o|spd|1\n|-boost|p2a: Kommo-o|spe|1\n|-damage|p2a: Kommo-o|68\/100\n|-enditem|p2a: Kommo-o|Throat Spray\n|-boost|p2a: Kommo-o|spa|1|[from] item: Throat Spray\n|-activate|p1a: Oricorio|ability: Dancer\n|move|p1a: Oricorio|Clangorous Soul|p1a: Oricorio|[from]ability: Dancer\n|-boost|p1a: Oricorio|atk|1\n|-boost|p1a: Oricorio|def|1\n|-boost|p1a: Oricorio|spa|1\n|-boost|p1a: Oricorio|spd|1\n|-boost|p1a: Oricorio|spe|1\n|-damage|p1a: Oricorio|68\/100\n|move|p2b: Goodra|Life Dew||[still]|[spread] p2a,p2b\n|-heal|p2a: Kommo-o|93\/100\n|-fail|p2b: Goodra|heal\n|\n|upkeep\n|turn|2\n|\n|t:|1699379845\n|move|p1a: Oricorio|Hurricane|p2a: Kommo-o\n|-supereffective|p2a: Kommo-o\n|-damage|p2a: Kommo-o|0 fnt\n|faint|p2a: Kommo-o\n|move|p1b: Volcarona|Fiery Dance|p2b: Goodra\n|-damage|p2b: Goodra|69\/100\n|-activate|p1a: Oricorio|ability: Dancer\n|move|p1a: Oricorio|Fiery Dance|p2b: Goodra|[from]ability: Dancer\n|-damage|p2b: Goodra|40\/100\n|-boost|p1a: Oricorio|spa|1\n|move|p2b: Goodra|Acid Armor|p2b: Goodra\n|-boost|p2b: Goodra|def|2\n|\n|-heal|p2b: Goodra|46\/100|[from] item: Leftovers\n|upkeep\n|\n|t:|1699379867\n|switch|p2a: Flutter Mane|Flutter Mane|100\/100\n|-enditem|p2a: Flutter Mane|Booster Energy\n|-activate|p2a: Flutter Mane|ability: Protosynthesis|[fromitem]\n|-start|p2a: Flutter Mane|protosynthesisspe\n|turn|3\n|\n|t:|1699379891\n|move|p1a: Oricorio|Revelation Dance|p2a: Flutter Mane\n|-damage|p2a: Flutter Mane|0 fnt\n|faint|p2a: Flutter Mane\n|-end|p2a: Flutter Mane|Protosynthesis|[silent]\n|move|p1b: Volcarona|Fiery Dance|p2b: Goodra\n|-damage|p2b: Goodra|15\/100\n|-activate|p1a: Oricorio|ability: Dancer\n|move|p1a: Oricorio|Fiery Dance|p2b: Goodra|[from]ability: Dancer\n|-damage|p2b: Goodra|0 fnt\n|-boost|p1a: Oricorio|spa|1\n|faint|p2b: Goodra\n|\n|upkeep\n|\n|t:|1699379908\n|switch|p2a: Roaring Moon|Roaring Moon|100\/100\n|switch|p2b: Umbreon|Umbreon, M, shiny|100\/100\n|-enditem|p2a: Roaring Moon|Booster Energy\n|-activate|p2a: Roaring Moon|ability: Protosynthesis|[fromitem]\n|-start|p2a: Roaring Moon|protosynthesisatk\n|turn|4\n|c|\u2606TheMouseVoice|i like to dance dance dance\n|\n|t:|1699379948\n|move|p2b: Umbreon|Protect|p2b: Umbreon\n|-singleturn|p2b: Umbreon|Protect\n|move|p1a: Oricorio|Hurricane|p2a: Roaring Moon\n|-damage|p2a: Roaring Moon|0 fnt\n|faint|p2a: Roaring Moon\n|-end|p2a: Roaring Moon|Protosynthesis|[silent]\n|move|p1b: Volcarona|Fiery Dance|p2b: Umbreon\n|-activate|p2b: Umbreon|move: Protect\n|\n|upkeep\n|\n|t:|1699379960\n|switch|p2a: Glimmora|Glimmora, F|100\/100\n|turn|5\n|\n|t:|1699379979\n|move|p1a: Oricorio|Revelation Dance|p2a: Glimmora\n|-enditem|p2a: Glimmora|Focus Sash\n|-damage|p2a: Glimmora|1\/100\n|move|p1b: Volcarona|Fiery Dance|p2b: Umbreon\n|-damage|p2b: Umbreon|69\/100\n|-activate|p1a: Oricorio|ability: Dancer\n|move|p1a: Oricorio|Fiery Dance|p2b: Umbreon|[from]ability: Dancer\n|-damage|p2b: Umbreon|21\/100\n|-boost|p1a: Oricorio|spa|1\n|move|p2a: Glimmora|Power Gem|p1a: Oricorio\n|-supereffective|p1a: Oricorio\n|-damage|p1a: Oricorio|14\/100\n|-enditem|p1a: Oricorio|Weakness Policy\n|-boost|p1a: Oricorio|atk|2|[from] item: Weakness Policy\n|-boost|p1a: Oricorio|spa|0\n|move|p2b: Umbreon|Yawn|p1b: Volcarona\n|-start|p1b: Volcarona|move: Yawn|[of] p2b: Umbreon\n|\n|upkeep\n|turn|6\n|\n|t:|1699380012\n|move|p2b: Umbreon|Protect|p2b: Umbreon\n|-singleturn|p2b: Umbreon|Protect\n|move|p1a: Oricorio|Roost|p1a: Oricorio\n|-heal|p1a: Oricorio|64\/100\n|-singleturn|p1a: Oricorio|move: Roost\n|move|p1b: Volcarona|Fiery Dance|p2a: Glimmora\n|-resisted|p2a: Glimmora\n|-damage|p2a: Glimmora|0 fnt\n|-boost|p1b: Volcarona|spa|1\n|faint|p2a: Glimmora\n|-activate|p1a: Oricorio|ability: Dancer\n|move|p1a: Oricorio|Fiery Dance|p2b: Umbreon|[from]ability: Dancer\n|-activate|p2b: Umbreon|move: Protect\n|\n|-end|p1b: Volcarona|move: Yawn|[silent]\n|-status|p1b: Volcarona|slp\n|upkeep\n|turn|7\n|c|\u2606TheMouseVoice|before we end this I have a question\n|c|\u2606TheMouseVoice|Do you like to move it move it?\n|\n|t:|1699380091\n|move|p1a: Oricorio|Revelation Dance|p2b: Umbreon\n|-damage|p2b: Umbreon|0 fnt\n|faint|p2b: Umbreon\n|\n|win|TheMouseVoice\n|raw|TheMouseVoice's rating: 1004 &rarr; <strong>1047<\/strong><br \/>(+43 for winning)\n|raw|Fmorais000's rating: 1038 &rarr; <strong>1021<\/strong><br \/>(-17 for losing)\n|l|\u2606Fmorais000\n","uploadtime":1699380111,"views":8,"p1id":"themousevoice","p2id":"fmorais000","formatid":"gen9doublesou","rating":1021,"private":0,"password":""}