{"id":"gen9doublesou-1997074956","p1":"OPieceOfHeroGhost","p2":"Ionaii","format":"[Gen 9] Doubles OU","log":"|j|\u2606OPieceOfHeroGhost\n|j|\u2606Ionaii\n|t:|1700761956\n|gametype|doubles\n|player|p1|OPieceOfHeroGhost|morty|1549\n|player|p2|Ionaii|veteranf|1651\n|teamsize|p1|6\n|teamsize|p2|6\n|gen|9\n|tier|[Gen 9] Doubles OU\n|rated|\n|rule|Species Clause: Limit one of each Pok\u00e9mon\n|rule|OHKO Clause: OHKO moves are banned\n|rule|Evasion Moves Clause: Evasion moves are banned\n|rule|Gravity Sleep Clause: The combination of sleep-inducing moves with imperfect accuracy and Gravity or Gigantamax Orbeetle are banned\n|rule|Endless Battle Clause: Forcing endless battles is banned\n|rule|HP Percentage Mod: HP is shown in percentages\n|clearpoke\n|poke|p1|Tornadus, M|\n|poke|p1|Basculegion-F, F|\n|poke|p1|Ogerpon-Hearthflame, F|\n|poke|p1|Rillaboom, M|\n|poke|p1|Flutter Mane|\n|poke|p1|Chien-Pao|\n|poke|p2|Cresselia, F|\n|poke|p2|Ursaluna, F|\n|poke|p2|Flutter Mane|\n|poke|p2|Amoonguss, F|\n|poke|p2|Kingambit, M|\n|poke|p2|Heatran, M|\n|teampreview\n|inactive|Battle timer is ON: inactive players will automatically lose when time's up. (requested by Ionaii)\n|\n|t:|1700761973\n|start\n|switch|p1a: \u6069\u91cc\u514b\u2022\u666e\u5947|Tornadus, M|100\/100\n|switch|p1b: \u7ed9\u4f60\u6765\u4e2a\u5927\u6bd4\u6597|Rillaboom, M|100\/100\n|switch|p2a: Cresselia|Cresselia, F|100\/100\n|switch|p2b: Ursaluna|Ursaluna, F|100\/100\n|-fieldstart|move: Grassy Terrain|[from] ability: Grassy Surge|[of] p1b: \u7ed9\u4f60\u6765\u4e2a\u5927\u6bd4\u6597\n|turn|1\n|\n|t:|1700761985\n|move|p2b: Ursaluna|Protect|p2b: Ursaluna\n|-singleturn|p2b: Ursaluna|Protect\n|move|p1b: \u7ed9\u4f60\u6765\u4e2a\u5927\u6bd4\u6597|Fake Out|p2a: Cresselia\n|-damage|p2a: Cresselia|91\/100\n|move|p1a: \u6069\u91cc\u514b\u2022\u666e\u5947|Taunt|p2a: Cresselia\n|-start|p2a: Cresselia|move: Taunt\n|-enditem|p2a: Cresselia|Mental Herb\n|-end|p2a: Cresselia|move: Taunt\n|cant|p2a: Cresselia|flinch\n|\n|-status|p2b: Ursaluna|brn|[from] item: Flame Orb\n|upkeep\n|turn|2\n|inactive|Ionaii has 120 seconds left.\n|\n|t:|1700762021\n|switch|p2a: Heatran|Heatran, M|100\/100\n|-item|p2a: Heatran|Air Balloon\n|-terastallize|p2b: Ursaluna|Poison\n|move|p1a: \u6069\u91cc\u514b\u2022\u666e\u5947|Taunt|p2a: Heatran\n|-start|p2a: Heatran|move: Taunt\n|move|p1b: \u7ed9\u4f60\u6765\u4e2a\u5927\u6bd4\u6597|Wood Hammer|p2b: Ursaluna\n|-resisted|p2b: Ursaluna\n|-damage|p2b: Ursaluna|74\/100 brn\n|-damage|p1b: \u7ed9\u4f60\u6765\u4e2a\u5927\u6bd4\u6597|90\/100|[from] Recoil\n|move|p2b: Ursaluna|Facade|p1b: \u7ed9\u4f60\u6765\u4e2a\u5927\u6bd4\u6597\n|-damage|p1b: \u7ed9\u4f60\u6765\u4e2a\u5927\u6bd4\u6597|0 fnt\n|faint|p1b: \u7ed9\u4f60\u6765\u4e2a\u5927\u6bd4\u6597\n|\n|-heal|p2b: Ursaluna|80\/100 brn|[from] Grassy Terrain\n|-damage|p2b: Ursaluna|74\/100 brn|[from] brn\n|upkeep\n|inactive|OPieceOfHeroGhost has 120 seconds left.\n|\n|t:|1700762038\n|switch|p1b: \u53d1\u59d0\u725b\u903c|Flutter Mane|100\/100\n|turn|3\n|\n|t:|1700762049\n|move|p2b: Ursaluna|Protect|p2b: Ursaluna\n|-singleturn|p2b: Ursaluna|Protect\n|move|p1b: \u53d1\u59d0\u725b\u903c|Shadow Ball|p2b: Ursaluna\n|-activate|p2b: Ursaluna|move: Protect\n|move|p1a: \u6069\u91cc\u514b\u2022\u666e\u5947|Bleakwind Storm|p2a: Heatran|[spread] \n|-activate|p2b: Ursaluna|move: Protect\n|-miss|p1a: \u6069\u91cc\u514b\u2022\u666e\u5947|p2a: Heatran\n|move|p2a: Heatran|Heat Wave|p1b: \u53d1\u59d0\u725b\u903c|[spread] p1a,p1b\n|-damage|p1a: \u6069\u91cc\u514b\u2022\u666e\u5947|70\/100\n|-damage|p1b: \u53d1\u59d0\u725b\u903c|72\/100\n|-status|p1a: \u6069\u91cc\u514b\u2022\u666e\u5947|brn\n|\n|-heal|p1b: \u53d1\u59d0\u725b\u903c|78\/100|[from] Grassy Terrain\n|-heal|p2b: Ursaluna|80\/100 brn|[from] Grassy Terrain\n|-damage|p1a: \u6069\u91cc\u514b\u2022\u666e\u5947|64\/100 brn|[from] brn\n|-damage|p2b: Ursaluna|74\/100 brn|[from] brn\n|upkeep\n|turn|4\n|\n|t:|1700762067\n|switch|p2b: Kingambit|Kingambit, M|100\/100\n|move|p1a: \u6069\u91cc\u514b\u2022\u666e\u5947|Rain Dance|p1a: \u6069\u91cc\u514b\u2022\u666e\u5947\n|-weather|RainDance\n|move|p1b: \u53d1\u59d0\u725b\u903c|Shadow Ball|p2b: Kingambit\n|-resisted|p2b: Kingambit\n|-damage|p2b: Kingambit|72\/100\n|-unboost|p2b: Kingambit|spd|1\n|-ability|p2b: Kingambit|Defiant|boost\n|-boost|p2b: Kingambit|atk|2\n|move|p2a: Heatran|Heat Wave|p1a: \u6069\u91cc\u514b\u2022\u666e\u5947|[spread] p1a,p1b\n|-crit|p1a: \u6069\u91cc\u514b\u2022\u666e\u5947\n|-damage|p1a: \u6069\u91cc\u514b\u2022\u666e\u5947|41\/100 brn\n|-damage|p1b: \u53d1\u59d0\u725b\u903c|65\/100\n|\n|-weather|RainDance|[upkeep]\n|-heal|p1b: \u53d1\u59d0\u725b\u903c|71\/100|[from] Grassy Terrain\n|-heal|p2b: Kingambit|78\/100|[from] Grassy Terrain\n|-heal|p2b: Kingambit|84\/100|[from] item: Leftovers\n|-damage|p1a: \u6069\u91cc\u514b\u2022\u666e\u5947|35\/100 brn|[from] brn\n|-end|p2a: Heatran|move: Taunt\n|upkeep\n|turn|5\n|\n|t:|1700762089\n|-end|p1b: \u53d1\u59d0\u725b\u903c|Protosynthesis|[silent]\n|switch|p1b: \u7406\u5858\u6d3b\u5b9d|Chien-Pao|100\/100\n|-ability|p1b: \u7406\u5858\u6d3b\u5b9d|Sword of Ruin\n|move|p2b: Kingambit|Sucker Punch||[still]\n|-fail|p2b: Kingambit\n|move|p1a: \u6069\u91cc\u514b\u2022\u666e\u5947|Bleakwind Storm|p2a: Heatran|[spread] p2a,p2b\n|-resisted|p2a: Heatran\n|-crit|p2a: Heatran\n|-resisted|p2b: Kingambit\n|-damage|p2a: Heatran|85\/100\n|-damage|p2b: Kingambit|62\/100\n|-unboost|p2a: Heatran|spe|1\n|-enditem|p2a: Heatran|Air Balloon\n|move|p2a: Heatran|Substitute|p2a: Heatran\n|-start|p2a: Heatran|Substitute\n|-damage|p2a: Heatran|60\/100\n|\n|-weather|RainDance|[upkeep]\n|-heal|p2a: Heatran|67\/100|[from] Grassy Terrain\n|-heal|p2b: Kingambit|68\/100|[from] Grassy Terrain\n|-heal|p2b: Kingambit|74\/100|[from] item: Leftovers\n|-damage|p1a: \u6069\u91cc\u514b\u2022\u666e\u5947|29\/100 brn|[from] brn\n|-fieldend|move: Grassy Terrain\n|upkeep\n|turn|6\n|\n|t:|1700762107\n|move|p2b: Kingambit|Sucker Punch|p1b: \u7406\u5858\u6d3b\u5b9d\n|-resisted|p1b: \u7406\u5858\u6d3b\u5b9d\n|-damage|p1b: \u7406\u5858\u6d3b\u5b9d|43\/100\n|move|p1b: \u7406\u5858\u6d3b\u5b9d|Sacred Sword|p2b: Kingambit\n|-supereffective|p2b: Kingambit\n|-damage|p2b: Kingambit|0 fnt\n|faint|p2b: Kingambit\n|move|p1a: \u6069\u91cc\u514b\u2022\u666e\u5947|Bleakwind Storm|p2a: Heatran\n|-resisted|p2a: Heatran\n|-activate|p2a: Heatran|move: Substitute|[damage]\n|move|p2a: Heatran|Heat Wave|p1a: \u6069\u91cc\u514b\u2022\u666e\u5947|[spread] p1a,p1b\n|-supereffective|p1b: \u7406\u5858\u6d3b\u5b9d\n|-damage|p1a: \u6069\u91cc\u514b\u2022\u666e\u5947|13\/100 brn\n|-damage|p1b: \u7406\u5858\u6d3b\u5b9d|0 fnt\n|faint|p1b: \u7406\u5858\u6d3b\u5b9d\n|\n|-weather|RainDance|[upkeep]\n|-damage|p1a: \u6069\u91cc\u514b\u2022\u666e\u5947|7\/100 brn|[from] brn\n|upkeep\n|\n|t:|1700762119\n|switch|p1b: \u9ed1\u9c7c\u62ac\u68fa|Basculegion-F, F|100\/100\n|switch|p2b: Flutter Mane|Flutter Mane, shiny|100\/100\n|turn|7\n|\n|t:|1700762144\n|switch|p1a: \u53d1\u59d0\u725b\u903c|Flutter Mane|71\/100\n|move|p2b: Flutter Mane|Protect|p2b: Flutter Mane\n|-singleturn|p2b: Flutter Mane|Protect\n|move|p1b: \u9ed1\u9c7c\u62ac\u68fa|Substitute|p1b: \u9ed1\u9c7c\u62ac\u68fa\n|-start|p1b: \u9ed1\u9c7c\u62ac\u68fa|Substitute\n|-damage|p1b: \u9ed1\u9c7c\u62ac\u68fa|76\/100\n|move|p2a: Heatran|Heat Wave|p1a: \u53d1\u59d0\u725b\u903c|[spread] p1a,p1b\n|-resisted|p1b: \u9ed1\u9c7c\u62ac\u68fa\n|-activate|p1b: \u9ed1\u9c7c\u62ac\u68fa|move: Substitute|[damage]\n|-damage|p1a: \u53d1\u59d0\u725b\u903c|57\/100\n|\n|-weather|RainDance|[upkeep]\n|upkeep\n|turn|8\n|\n|t:|1700762168\n|move|p2b: Flutter Mane|Shadow Ball|p1a: \u53d1\u59d0\u725b\u903c\n|-supereffective|p1a: \u53d1\u59d0\u725b\u903c\n|-damage|p1a: \u53d1\u59d0\u725b\u903c|0 fnt\n|faint|p1a: \u53d1\u59d0\u725b\u903c\n|-end|p1a: \u53d1\u59d0\u725b\u903c|Protosynthesis|[silent]\n|move|p1b: \u9ed1\u9c7c\u62ac\u68fa|Waterfall|p2a: Heatran\n|-supereffective|p2a: Heatran\n|-end|p2a: Heatran|Substitute\n|move|p2a: Heatran|Earth Power|p1b: \u9ed1\u9c7c\u62ac\u68fa\n|-end|p1b: \u9ed1\u9c7c\u62ac\u68fa|Substitute\n|\n|-weather|none\n|upkeep\n|\n|t:|1700762174\n|switch|p1a: \u68d2\u6253NTR|Ogerpon-Hearthflame, F|100\/100\n|-ability|p1a: \u68d2\u6253NTR|Mold Breaker\n|turn|9\n|j| Ran Kob\n|\n|t:|1700762184\n|move|p1b: \u9ed1\u9c7c\u62ac\u68fa|Protect|p1b: \u9ed1\u9c7c\u62ac\u68fa\n|-singleturn|p1b: \u9ed1\u9c7c\u62ac\u68fa|Protect\n|move|p2b: Flutter Mane|Shadow Ball|p1b: \u9ed1\u9c7c\u62ac\u68fa\n|-activate|p1b: \u9ed1\u9c7c\u62ac\u68fa|move: Protect\n|move|p1a: \u68d2\u6253NTR|Ivy Cudgel|p2b: Flutter Mane|[anim] Ivy Cudgel Fire\n|-enditem|p2b: Flutter Mane|Focus Sash\n|-damage|p2b: Flutter Mane|1\/100\n|move|p2a: Heatran|Earth Power|p1a: \u68d2\u6253NTR\n|-damage|p1a: \u68d2\u6253NTR|74\/100\n|\n|upkeep\n|turn|10\n|\n|t:|1700762212\n|-terastallize|p1b: \u9ed1\u9c7c\u62ac\u68fa|Grass\n|move|p2b: Flutter Mane|Shadow Ball|p1b: \u9ed1\u9c7c\u62ac\u68fa\n|-damage|p1b: \u9ed1\u9c7c\u62ac\u68fa|28\/100\n|move|p1a: \u68d2\u6253NTR|Ivy Cudgel|p2b: Flutter Mane|[anim] Ivy Cudgel Fire\n|-damage|p2b: Flutter Mane|0 fnt\n|faint|p2b: Flutter Mane\n|-end|p2b: Flutter Mane|Protosynthesis|[silent]\n|move|p1b: \u9ed1\u9c7c\u62ac\u68fa|Last Respects|p2a: Heatran\n|-damage|p2a: Heatran|7\/100\n|move|p2a: Heatran|Earth Power|p1a: \u68d2\u6253NTR\n|-damage|p1a: \u68d2\u6253NTR|44\/100\n|\n|upkeep\n|\n|t:|1700762227\n|switch|p2b: Cresselia|Cresselia, F|91\/100\n|turn|11\n|\n|t:|1700762239\n|move|p1a: \u68d2\u6253NTR|Ivy Cudgel|p2a: Heatran|[anim] Ivy Cudgel Fire\n|-damage|p2a: Heatran|0 fnt\n|faint|p2a: Heatran\n|move|p1b: \u9ed1\u9c7c\u62ac\u68fa|Last Respects|p2b: Cresselia\n|-supereffective|p2b: Cresselia\n|-damage|p2b: Cresselia|0 fnt\n|faint|p2b: Cresselia\n|\n|upkeep\n|\n|t:|1700762242\n|switch|p2b: Ursaluna|Ursaluna, F, tera:Poison|74\/100 brn\n|switch|p2a: Amoonguss|Amoonguss, F|100\/100\n|turn|12\n|\n|t:|1700762253\n|move|p2a: Amoonguss|Rage Powder|p2a: Amoonguss\n|-singleturn|p2a: Amoonguss|move: Rage Powder\n|move|p1a: \u68d2\u6253NTR|Ivy Cudgel|p2a: Amoonguss|[anim] Ivy Cudgel Fire\n|-supereffective|p2a: Amoonguss\n|-damage|p2a: Amoonguss|14\/100\n|-enditem|p2a: Amoonguss|Aguav Berry|[eat]\n|-heal|p2a: Amoonguss|47\/100|[from] item: Aguav Berry\n|move|p1b: \u9ed1\u9c7c\u62ac\u68fa|Last Respects|p2b: Ursaluna\n|-damage|p2b: Ursaluna|12\/100 brn\n|move|p2b: Ursaluna|Facade|p1b: \u9ed1\u9c7c\u62ac\u68fa\n|-damage|p1b: \u9ed1\u9c7c\u62ac\u68fa|0 fnt\n|faint|p1b: \u9ed1\u9c7c\u62ac\u68fa\n|\n|-damage|p2b: Ursaluna|6\/100 brn|[from] brn\n|upkeep\n|\n|t:|1700762266\n|switch|p1b: \u6069\u91cc\u514b\u2022\u666e\u5947|Tornadus, M|7\/100 brn\n|turn|13\n|\n|t:|1700762279\n|move|p1a: \u68d2\u6253NTR|Ivy Cudgel|p2b: Ursaluna|[anim] Ivy Cudgel Fire\n|-damage|p2b: Ursaluna|0 fnt\n|faint|p2b: Ursaluna\n|move|p1b: \u6069\u91cc\u514b\u2022\u666e\u5947|Bleakwind Storm|p2a: Amoonguss\n|-supereffective|p2a: Amoonguss\n|-damage|p2a: Amoonguss|0 fnt\n|faint|p2a: Amoonguss\n|\n|win|OPieceOfHeroGhost\n|raw|OPieceOfHeroGhost's rating: 1549 &rarr; <strong>1575<\/strong><br \/>(+26 for winning)\n|raw|Ionaii's rating: 1651 &rarr; <strong>1625<\/strong><br \/>(-26 for losing)\n|l|\u2606Ionaii\n","uploadtime":1700762286,"views":10,"p1id":"opieceofheroghost","p2id":"ionaii","formatid":"gen9doublesou","rating":1575,"private":0,"password":""}