{"id":"gen9doublesou-1994332458","p1":"patatin08","p2":"woahhgh","format":"[Gen 9] Doubles OU","log":"|j|\u2606patatin08\n|j|\u2606woahhgh\n|t:|1700432053\n|gametype|doubles\n|player|p1|patatin08|dancer|1340\n|player|p2|woahhgh|169|1364\n|teamsize|p1|6\n|teamsize|p2|6\n|gen|9\n|tier|[Gen 9] Doubles OU\n|rated|\n|rule|Species Clause: Limit one of each Pok\u00e9mon\n|rule|OHKO Clause: OHKO moves are banned\n|rule|Evasion Moves Clause: Evasion moves are banned\n|rule|Gravity Sleep Clause: The combination of sleep-inducing moves with imperfect accuracy and Gravity or Gigantamax Orbeetle are banned\n|rule|Endless Battle Clause: Forcing endless battles is banned\n|rule|HP Percentage Mod: HP is shown in percentages\n|clearpoke\n|poke|p1|Overqwil, F|\n|poke|p1|Pelipper, F|\n|poke|p1|Beartic, F|\n|poke|p1|Goodra-Hisui, F|\n|poke|p1|Lurantis, F|\n|poke|p1|Kilowattrel, F|\n|poke|p2|Roaring Moon|\n|poke|p2|Zapdos|\n|poke|p2|Heatran, F|\n|poke|p2|Clefairy, F|\n|poke|p2|Ting-Lu|\n|poke|p2|Iron Hands|\n|teampreview\n|\n|t:|1700432065\n|start\n|switch|p1a: Pelipper|Pelipper, F|100\/100\n|switch|p1b: Beartic|Beartic, F|100\/100\n|switch|p2a: Zapdos|Zapdos, shiny|100\/100\n|switch|p2b: Iron Hands|Iron Hands, shiny|100\/100\n|-weather|RainDance|[from] ability: Drizzle|[of] p1a: Pelipper\n|turn|1\n|inactive|Battle timer is ON: inactive players will automatically lose when time's up. (requested by woahhgh)\n|\n|t:|1700432099\n|switch|p1a: Kilowattrel|Kilowattrel, F|100\/100\n|move|p2b: Iron Hands|Fake Out|p1b: Beartic\n|-damage|p1b: Beartic|81\/100\n|cant|p1b: Beartic|flinch\n|move|p2a: Zapdos|Volt Switch|p1a: Kilowattrel\n|-immune|p1a: Kilowattrel|[from] ability: Volt Absorb\n|\n|-weather|RainDance|[upkeep]\n|upkeep\n|turn|2\n|\n|t:|1700432123\n|move|p1b: Beartic|Earthquake|p2b: Iron Hands|[spread] p2b\n|-immune|p1a: Kilowattrel\n|-immune|p2a: Zapdos\n|-supereffective|p2b: Iron Hands\n|-damage|p2b: Iron Hands|54\/100\n|move|p1a: Kilowattrel|Hurricane|p2b: Iron Hands\n|-damage|p2b: Iron Hands|23\/100\n|-start|p2b: Iron Hands|confusion\n|move|p2a: Zapdos|Volt Switch|p1b: Beartic\n|-damage|p1b: Beartic|39\/100\n|\n|t:|1700432134\n|switch|p2a: Clefairy|Clefairy, F|100\/100|[from] Volt Switch\n|-activate|p2b: Iron Hands|confusion\n|move|p2b: Iron Hands|Drain Punch|p1b: Beartic\n|-supereffective|p1b: Beartic\n|-crit|p1b: Beartic\n|-damage|p1b: Beartic|0 fnt\n|-heal|p2b: Iron Hands|37\/100|[from] drain|[of] p1b: Beartic\n|faint|p1b: Beartic\n|\n|-weather|RainDance|[upkeep]\n|upkeep\n|inactive|patatin08 has 120 seconds left.\n|\n|t:|1700432163\n|switch|p1b: Lurantis|Lurantis, F|100\/100\n|turn|3\n|inactive|patatin08 has 120 seconds left.\n|\n|t:|1700432184\n|switch|p1a: Goodra|Goodra-Hisui, F|100\/100\n|move|p2a: Clefairy|Follow Me|p2a: Clefairy\n|-singleturn|p2a: Clefairy|move: Follow Me\n|-activate|p2b: Iron Hands|confusion\n|move|p2b: Iron Hands|Ice Punch|p1b: Lurantis\n|-supereffective|p1b: Lurantis\n|-damage|p1b: Lurantis|42\/100\n|move|p1b: Lurantis|Petal Blizzard|p2a: Clefairy|[spread] p2a,p2b\n|-ability|p1a: Goodra|Sap Sipper|boost\n|-boost|p1a: Goodra|atk|1\n|-damage|p2a: Clefairy|69\/100\n|-damage|p2b: Iron Hands|21\/100\n|\n|-weather|RainDance|[upkeep]\n|upkeep\n|turn|4\n|inactive|patatin08 has 120 seconds left.\n|\n|t:|1700432211\n|-end|p2b: Iron Hands|Quark Drive|[silent]\n|switch|p2b: Zapdos|Zapdos, shiny|100\/100\n|switch|p1b: Pelipper|Pelipper, F|100\/100\n|move|p1a: Goodra|Iron Head|p2a: Clefairy\n|-supereffective|p2a: Clefairy\n|-damage|p2a: Clefairy|0 fnt\n|faint|p2a: Clefairy\n|\n|-weather|RainDance|[upkeep]\n|upkeep\n|\n|t:|1700432216\n|switch|p2a: Heatran|Heatran, F, shiny|100\/100\n|-item|p2a: Heatran|Air Balloon\n|turn|5\n|\n|t:|1700432237\n|switch|p1b: Kilowattrel|Kilowattrel, F|100\/100\n|move|p2a: Heatran|Protect|p2a: Heatran\n|-singleturn|p2a: Heatran|Protect\n|move|p2b: Zapdos|Volt Switch|p1b: Kilowattrel\n|-immune|p1b: Kilowattrel|[from] ability: Volt Absorb\n|move|p1a: Goodra|Rock Slide|p2a: Heatran|[spread] p2b\n|-activate|p2a: Heatran|move: Protect\n|-supereffective|p2b: Zapdos\n|-damage|p2b: Zapdos|64\/100\n|\n|-weather|none\n|upkeep\n|turn|6\n|\n|t:|1700432262\n|move|p1b: Kilowattrel|Protect|p1b: Kilowattrel\n|-singleturn|p1b: Kilowattrel|Protect\n|move|p2b: Zapdos|Tailwind|p2b: Zapdos\n|-sidestart|p2: woahhgh|move: Tailwind\n|move|p2a: Heatran|Heat Wave|p1a: Goodra|[spread] p1a\n|-activate|p1b: Kilowattrel|move: Protect\n|-damage|p1a: Goodra|78\/100\n|move|p1a: Goodra|Rain Dance|p1a: Goodra\n|-weather|RainDance\n|\n|-weather|RainDance|[upkeep]\n|-heal|p1a: Goodra|84\/100|[from] item: Leftovers\n|upkeep\n|turn|7\n|inactive|patatin08 has 120 seconds left.\n|\n|t:|1700432304\n|move|p2b: Zapdos|Volt Switch|p1a: Goodra\n|-resisted|p1a: Goodra\n|-damage|p1a: Goodra|74\/100\n|\n|t:|1700432307\n|switch|p2b: Iron Hands|Iron Hands, shiny|21\/100|[from] Volt Switch\n|move|p1b: Kilowattrel|Weather Ball|p2a: Heatran\n|-supereffective|p2a: Heatran\n|-damage|p2a: Heatran|44\/100\n|-enditem|p2a: Heatran|Air Balloon\n|move|p2a: Heatran|Earth Power|p1a: Goodra\n|-supereffective|p1a: Goodra\n|-damage|p1a: Goodra|41\/100\n|move|p1a: Goodra|Rock Slide|p2b: Iron Hands|[spread] p2a,p2b\n|-resisted|p2b: Iron Hands\n|-damage|p2a: Heatran|26\/100\n|-damage|p2b: Iron Hands|15\/100\n|\n|-weather|RainDance|[upkeep]\n|-heal|p1a: Goodra|47\/100|[from] item: Leftovers\n|upkeep\n|turn|8\n|inactive|patatin08 has 120 seconds left.\n|\n|t:|1700432343\n|switch|p1b: Lurantis|Lurantis, F|42\/100\n|move|p2b: Iron Hands|Fake Out|p1b: Lurantis\n|-damage|p1b: Lurantis|27\/100\n|move|p2a: Heatran|Earth Power|p1a: Goodra\n|-supereffective|p1a: Goodra\n|-damage|p1a: Goodra|15\/100\n|move|p1a: Goodra|Draco Meteor|p2b: Iron Hands\n|-damage|p2b: Iron Hands|0 fnt\n|-unboost|p1a: Goodra|spa|2\n|faint|p2b: Iron Hands\n|-end|p2b: Iron Hands|Quark Drive|[silent]\n|\n|-weather|RainDance|[upkeep]\n|-heal|p1a: Goodra|21\/100|[from] item: Leftovers\n|upkeep\n|\n|t:|1700432353\n|switch|p2b: Ting-Lu|Ting-Lu|100\/100\n|-ability|p2b: Ting-Lu|Vessel of Ruin\n|turn|9\n|inactive|patatin08 has 120 seconds left.\n|\n|t:|1700432374\n|move|p2a: Heatran|Protect|p2a: Heatran\n|-singleturn|p2a: Heatran|Protect\n|move|p2b: Ting-Lu|Heavy Slam|p1b: Lurantis\n|-damage|p1b: Lurantis|0 fnt\n|faint|p1b: Lurantis\n|move|p1a: Goodra|Rock Slide|p2b: Ting-Lu|[spread] p2b\n|-activate|p2a: Heatran|move: Protect\n|-resisted|p2b: Ting-Lu\n|-damage|p2b: Ting-Lu|95\/100\n|\n|-weather|RainDance|[upkeep]\n|-heal|p1a: Goodra|27\/100|[from] item: Leftovers\n|-sideend|p2: woahhgh|move: Tailwind\n|upkeep\n|\n|t:|1700432391\n|switch|p1b: Overqwil|Overqwil, F|100\/100\n|turn|10\n|inactive|patatin08 has 120 seconds left.\n|\n|t:|1700432417\n|-terastallize|p1b: Overqwil|Water\n|move|p1b: Overqwil|Liquidation|p2b: Ting-Lu\n|-supereffective|p2b: Ting-Lu\n|-damage|p2b: Ting-Lu|15\/100\n|move|p2a: Heatran|Earth Power|p1a: Goodra\n|-supereffective|p1a: Goodra\n|-damage|p1a: Goodra|3\/100\n|-unboost|p1a: Goodra|spd|1\n|move|p1a: Goodra|Rock Slide|p2b: Ting-Lu|[spread] p2a,p2b\n|-resisted|p2b: Ting-Lu\n|-damage|p2a: Heatran|10\/100\n|-damage|p2b: Ting-Lu|10\/100\n|move|p2b: Ting-Lu|Stomping Tantrum|p1b: Overqwil\n|-damage|p1b: Overqwil|56\/100\n|\n|-weather|none\n|-heal|p1a: Goodra|9\/100|[from] item: Leftovers\n|upkeep\n|turn|11\n|inactive|patatin08 has 120 seconds left.\n|\n|t:|1700432447\n|move|p1b: Overqwil|Crunch|p2a: Heatran\n|-damage|p2a: Heatran|0 fnt\n|faint|p2a: Heatran\n|move|p1a: Goodra|Iron Head|p2b: Ting-Lu\n|-damage|p2b: Ting-Lu|0 fnt\n|faint|p2b: Ting-Lu\n|\n|-heal|p1a: Goodra|15\/100|[from] item: Leftovers\n|upkeep\n|\n|t:|1700432451\n|switch|p2a: Roaring Moon|Roaring Moon, shiny|100\/100\n|switch|p2b: Zapdos|Zapdos, shiny|64\/100\n|-enditem|p2a: Roaring Moon|Booster Energy\n|-activate|p2a: Roaring Moon|ability: Protosynthesis|[fromitem]\n|-start|p2a: Roaring Moon|protosynthesisatk\n|turn|12\n|\n|t:|1700432477\n|switch|p1a: Pelipper|Pelipper, F|100\/100\n|-weather|RainDance|[from] ability: Drizzle|[of] p1a: Pelipper\n|-terastallize|p2a: Roaring Moon|Flying\n|move|p1b: Overqwil|Poison Jab|p2a: Roaring Moon\n|-damage|p2a: Roaring Moon|47\/100\n|move|p2a: Roaring Moon|Dragon Dance|p2a: Roaring Moon\n|-boost|p2a: Roaring Moon|atk|1\n|-boost|p2a: Roaring Moon|spe|1\n|move|p2b: Zapdos|Tailwind|p2b: Zapdos\n|-sidestart|p2: woahhgh|move: Tailwind\n|\n|-weather|RainDance|[upkeep]\n|upkeep\n|turn|13\n|inactive|patatin08 has 120 seconds left.\n|\n|t:|1700432519\n|switch|p1a: Kilowattrel|Kilowattrel, F|100\/100\n|move|p2a: Roaring Moon|Knock Off|p1b: Overqwil\n|-damage|p1b: Overqwil|0 fnt\n|-enditem|p1b: Overqwil|Assault Vest|[from] move: Knock Off|[of] p2a: Roaring Moon\n|faint|p1b: Overqwil\n|move|p2b: Zapdos|Volt Switch|p1a: Kilowattrel\n|-immune|p1a: Kilowattrel|[from] ability: Volt Absorb\n|\n|-weather|RainDance|[upkeep]\n|upkeep\n|\n|t:|1700432530\n|switch|p1b: Goodra|Goodra-Hisui, F|15\/100\n|turn|14\n|inactive|patatin08 has 120 seconds left.\n|\n|t:|1700432544\n|move|p1a: Kilowattrel|Protect|p1a: Kilowattrel\n|-singleturn|p1a: Kilowattrel|Protect\n|move|p2a: Roaring Moon|Knock Off|p1a: Kilowattrel\n|-activate|p1a: Kilowattrel|move: Protect\n|move|p2b: Zapdos|Volt Switch|p1b: Goodra\n|-resisted|p1b: Goodra\n|-damage|p1b: Goodra|4\/100\n|move|p1b: Goodra|Draco Meteor|p2a: Roaring Moon\n|-damage|p2a: Roaring Moon|4\/100\n|-unboost|p1b: Goodra|spa|2\n|\n|-weather|RainDance|[upkeep]\n|-heal|p1b: Goodra|10\/100|[from] item: Leftovers\n|upkeep\n|turn|15\n|inactive|patatin08 has 120 seconds left.\n|\n|t:|1700432578\n|switch|p1a: Pelipper|Pelipper, F|100\/100\n|move|p2a: Roaring Moon|Knock Off|p1a: Pelipper\n|-damage|p1a: Pelipper|0 fnt\n|-enditem|p1a: Pelipper|Leftovers|[from] move: Knock Off|[of] p2a: Roaring Moon\n|faint|p1a: Pelipper\n|move|p2b: Zapdos|Volt Switch|p1b: Goodra\n|-resisted|p1b: Goodra\n|-damage|p1b: Goodra|0 fnt\n|faint|p1b: Goodra\n|\n|-weather|RainDance|[upkeep]\n|-sideend|p2: woahhgh|move: Tailwind\n|upkeep\n|\n|t:|1700432592\n|switch|p1b: Kilowattrel|Kilowattrel, F|100\/100\n|turn|16\n|c|\u2606woahhgh|gg\n|c|\u2606patatin08|gg\n|inactive|patatin08 has 120 seconds left.\n|\n|t:|1700432610\n|move|p2a: Roaring Moon|Knock Off|p1b: Kilowattrel\n|-damage|p1b: Kilowattrel|0 fnt\n|-enditem|p1b: Kilowattrel|Wise Glasses|[from] move: Knock Off|[of] p2a: Roaring Moon\n|faint|p1b: Kilowattrel\n|\n|win|woahhgh\n|raw|patatin08's rating: 1340 &rarr; <strong>1321<\/strong><br \/>(-19 for losing)\n|raw|woahhgh's rating: 1364 &rarr; <strong>1383<\/strong><br \/>(+19 for winning)\n|l|\u2606patatin08\n","uploadtime":1700432625,"views":5,"p1id":"patatin08","p2id":"woahhgh","formatid":"gen9doublesou","rating":1321,"private":0,"password":""}