{"id":"gen9doublesou-1987157142","p1":"Irly","p2":"Paldean Sas*ke","format":"[Gen 9] Doubles OU","log":"|j|\u2606Irly\n|j|\u2606Paldean Sas*ke\n|inactive|Battle timer is ON: inactive players will automatically lose when time's up.\n|t:|1699560829\n|gametype|doubles\n|player|p1|Irly|dawn-masters3|\n|player|p2|Paldean Sas*ke|gardenia|\n|teamsize|p1|6\n|teamsize|p2|6\n|gen|9\n|tier|[Gen 9] Doubles OU\n|rated|Tournament battle\n|rule|Species Clause: Limit one of each Pok\u00e9mon\n|rule|OHKO Clause: OHKO moves are banned\n|rule|Evasion Moves Clause: Evasion moves are banned\n|rule|Gravity Sleep Clause: The combination of sleep-inducing moves with imperfect accuracy and Gravity or Gigantamax Orbeetle are banned\n|rule|Endless Battle Clause: Forcing endless battles is banned\n|rule|HP Percentage Mod: HP is shown in percentages\n|clearpoke\n|poke|p1|Tornadus, M|\n|poke|p1|Iron Hands|\n|poke|p1|Rillaboom, M|\n|poke|p1|Flutter Mane|\n|poke|p1|Ogerpon-Hearthflame, F|\n|poke|p1|Heatran, F|\n|poke|p2|Clefairy, M|\n|poke|p2|Kommo-o, F|\n|poke|p2|Rillaboom, M|\n|poke|p2|Landorus-Therian, M|\n|poke|p2|Ursaluna, F|\n|poke|p2|Sinistcha|\n|teampreview\n|c|\u2606Paldean Sas*ke|oii Irly\n|j| Rodriguin_Gamer23\n|j| kdsakdksa\n|j|#Natan@!\n|j|+marceloomartelo\n|inactive|Irly has 120 seconds left.\n|inactive|Paldean Sas*ke has 120 seconds left.\n|c| Rodriguin_Gamer23|nao mano essa sim vai ser soda\n|j| J.P.G1337\n|c| kdsakdksa|alguem quer tentar enfrentar meu pokemon quase imbativel e stall quase perfeito depois\n|c| kdsakdksa|eu vou so com ele ent n tenham medo\n|c|\u2606Irly|oie Paldean Sas*ke\n|c|\u2606Irly|como joga\n|c| Rodriguin_Gamer23|q mon?\n|inactive|Irly has 90 seconds left.\n|inactive|Paldean Sas*ke has 90 seconds left.\n|c| kdsakdksa|obviamente tinha q ser um eternamax ne\n|c|\u2606Paldean Sas*ke|clica bot\u00e3o\n|\n|t:|1699560899\n|start\n|switch|p1a: Rillaboom|Rillaboom, M|100\/100\n|switch|p1b: Flutter Mane|Flutter Mane|100\/100\n|switch|p2a: Landorus|Landorus-Therian, M|100\/100\n|switch|p2b: Rillaboom|Rillaboom, M|100\/100\n|-ability|p2a: Landorus|Intimidate|boost\n|-unboost|p1a: Rillaboom|atk|1\n|-unboost|p1b: Flutter Mane|atk|1\n|-fieldstart|move: Grassy Terrain|[from] ability: Grassy Surge|[of] p2b: Rillaboom\n|turn|1\n|c|\u2606Irly|\u00e9 assim que leada\n|c|\u2606Irly|?\n|c|\u2606Paldean Sas*ke|bom lead parab\u00e9ns\n|inactive|Paldean Sas*ke has 120 seconds left.\n|inactive|Paldean Sas*ke has 90 seconds left.\n|j| rliaszaper10\n|inactive|Paldean Sas*ke has 60 seconds left.\n|\n|t:|1699560990\n|move|p1a: Rillaboom|Fake Out|p2b: Rillaboom\n|-damage|p2b: Rillaboom|92\/100\n|cant|p2b: Rillaboom|flinch\n|move|p2a: Landorus|U-turn|p1a: Rillaboom\n|-supereffective|p1a: Rillaboom\n|-damage|p1a: Rillaboom|50\/100\n|inactive|Paldean Sas*ke has 60 seconds left.\n|\n|t:|1699561018\n|switch|p2a: Clefairy|Clefairy, M|100\/100|[from] U-turn\n|move|p1b: Flutter Mane|Dazzling Gleam|p2b: Rillaboom|[spread] p2a,p2b\n|-damage|p2a: Clefairy|62\/100\n|-damage|p2b: Rillaboom|63\/100\n|\n|-heal|p2b: Rillaboom|69\/100|[from] Grassy Terrain\n|-heal|p1a: Rillaboom|56\/100|[from] Grassy Terrain\n|-heal|p2a: Clefairy|68\/100|[from] Grassy Terrain\n|upkeep\n|turn|2\n|inactive|Paldean Sas*ke has 60 seconds left.\n|\n|t:|1699561043\n|-end|p1b: Flutter Mane|Protosynthesis|[silent]\n|switch|p1b: Heatran|Heatran, F|100\/100\n|move|p2a: Clefairy|Protect|p2a: Clefairy\n|-singleturn|p2a: Clefairy|Protect\n|move|p2b: Rillaboom|Grassy Glide|p1b: Heatran\n|-resisted|p1b: Heatran\n|-damage|p1b: Heatran|91\/100\n|move|p1a: Rillaboom|U-turn|p2a: Clefairy\n|-activate|p2a: Clefairy|move: Protect\n|\n|-heal|p1b: Heatran|98\/100|[from] Grassy Terrain\n|-heal|p2b: Rillaboom|75\/100|[from] Grassy Terrain\n|-heal|p1a: Rillaboom|62\/100|[from] Grassy Terrain\n|-heal|p2a: Clefairy|74\/100|[from] Grassy Terrain\n|upkeep\n|turn|3\n|l|+marceloomartelo\n|inactive|Paldean Sas*ke has 60 seconds left.\n|inactive|Paldean Sas*ke has 30 seconds left.\n|inactive|Paldean Sas*ke has 20 seconds left.\n|\n|t:|1699561103\n|switch|p2b: Landorus|Landorus-Therian, M|100\/100\n|-ability|p2b: Landorus|Intimidate|boost\n|-unboost|p1a: Rillaboom|atk|1\n|-unboost|p1b: Heatran|atk|1\n|switch|p2a: Kommo-o|Kommo-o, F|100\/100\n|move|p1b: Heatran|Flash Cannon|p2a: Kommo-o\n|-damage|p2a: Kommo-o|52\/100\n|move|p1a: Rillaboom|U-turn|p2b: Landorus\n|-resisted|p2b: Landorus\n|-damage|p2b: Landorus|93\/100\n|inactive|Paldean Sas*ke has 25 seconds left this turn.\n|\n|t:|1699561118\n|switch|p1a: Tornadus|Tornadus, M|100\/100|[from] U-turn\n|\n|-heal|p2a: Kommo-o|58\/100|[from] Grassy Terrain\n|-heal|p1b: Heatran|100\/100|[from] Grassy Terrain\n|upkeep\n|turn|4\n|l| kdsakdksa\n|inactive|Paldean Sas*ke has 30 seconds left.\n|inactive|Paldean Sas*ke has 20 seconds left.\n|inactive|Paldean Sas*ke has 15 seconds left.\n|inactive|Paldean Sas*ke has 10 seconds left.\n|\n|t:|1699561159\n|move|p2a: Kommo-o|Protect|p2a: Kommo-o\n|-singleturn|p2a: Kommo-o|Protect\n|move|p2b: Landorus|Stomping Tantrum|p1b: Heatran\n|-supereffective|p1b: Heatran\n|-damage|p1b: Heatran|0 fnt\n|faint|p1b: Heatran\n|move|p1a: Tornadus|Bleakwind Storm|p2b: Landorus|[spread] p2b\n|-activate|p2a: Kommo-o|move: Protect\n|-damage|p2b: Landorus|57\/100\n|\n|-heal|p2a: Kommo-o|64\/100|[from] Grassy Terrain\n|upkeep\n|inactive|Paldean Sas*ke has 15 seconds left this turn.\n|c|\u2606Irly|a\n|c|\u2606Irly|fui solado\n|\n|t:|1699561180\n|switch|p1b: Ogerpon|Ogerpon-Hearthflame, F|100\/100\n|-ability|p1b: Ogerpon|Mold Breaker\n|turn|5\n|inactive|Paldean Sas*ke has 30 seconds left.\n|\n|t:|1699561196\n|switch|p2b: Sinistcha|Sinistcha|100\/100\n|-heal|p2a: Kommo-o|89\/100|[from] ability: Hospitality|[of] p2b: Sinistcha\n|-terastallize|p2a: Kommo-o|Fire\n|move|p1b: Ogerpon|Ivy Cudgel|p2b: Sinistcha\n|-supereffective|p2b: Sinistcha\n|-damage|p2b: Sinistcha|2\/100\n|-enditem|p2b: Sinistcha|Sitrus Berry|[eat]\n|-heal|p2b: Sinistcha|27\/100|[from] item: Sitrus Berry\n|move|p2a: Kommo-o|Clangorous Soul|p2a: Kommo-o\n|-boost|p2a: Kommo-o|atk|1\n|-boost|p2a: Kommo-o|def|1\n|-boost|p2a: Kommo-o|spa|1\n|-boost|p2a: Kommo-o|spd|1\n|-boost|p2a: Kommo-o|spe|1\n|-damage|p2a: Kommo-o|56\/100\n|move|p1a: Tornadus|Bleakwind Storm|p2b: Sinistcha|[spread] p2a\n|-miss|p1a: Tornadus|p2b: Sinistcha\n|-damage|p2a: Kommo-o|36\/100\n|\n|-heal|p2a: Kommo-o|42\/100|[from] Grassy Terrain\n|-heal|p2b: Sinistcha|33\/100|[from] Grassy Terrain\n|-fieldend|move: Grassy Terrain\n|upkeep\n|turn|6\n|c|\u2606Irly|mds\n|c|\u2606Irly|kkkkkkkkkkkkkkk\n|c|\u2606Irly|Pok\u00e9mon \u00e9 mt massa ne nao\n|inactive|Paldean Sas*ke has 30 seconds left.\n|c|\u2606Paldean Sas*ke|sim bom jogo\n|\n|t:|1699561225\n|switch|p2b: Landorus|Landorus-Therian, M|57\/100\n|-ability|p2b: Landorus|Intimidate|boost\n|-unboost|p1a: Tornadus|atk|1\n|-unboost|p1b: Ogerpon|atk|1\n|move|p2a: Kommo-o|Protect|p2a: Kommo-o\n|-singleturn|p2a: Kommo-o|Protect\n|move|p1b: Ogerpon|Spiky Shield|p1b: Ogerpon\n|-singleturn|p1b: Ogerpon|move: Protect\n|move|p1a: Tornadus|Sunny Day|p1a: Tornadus\n|-weather|SunnyDay\n|\n|-weather|SunnyDay|[upkeep]\n|upkeep\n|turn|7\n|c|\u2606Irly|que\n|inactive|Paldean Sas*ke has 30 seconds left.\n|c|\u2606Irly|po sinistcha parece mt cancer D:\n|inactive|Paldean Sas*ke has 20 seconds left.\n|\n|t:|1699561257\n|move|p1a: Tornadus|Tailwind|p1a: Tornadus\n|-sidestart|p1: Irly|move: Tailwind\n|move|p1b: Ogerpon|Substitute|p1b: Ogerpon\n|-start|p1b: Ogerpon|Substitute\n|-damage|p1b: Ogerpon|76\/100\n|move|p2a: Kommo-o|Drain Punch|p1b: Ogerpon\n|-end|p1b: Ogerpon|Substitute\n|-heal|p2a: Kommo-o|54\/100|[from] drain|[of] p1b: Ogerpon\n|move|p2b: Landorus|Rock Slide|p1b: Ogerpon|[spread] p1b\n|-miss|p2b: Landorus|p1a: Tornadus\n|-supereffective|p1b: Ogerpon\n|-damage|p1b: Ogerpon|22\/100\n|\n|-weather|SunnyDay|[upkeep]\n|upkeep\n|turn|8\n|inactive|Paldean Sas*ke has 30 seconds left.\n|\n|t:|1699561278\n|move|p1b: Ogerpon|Ivy Cudgel|p2b: Landorus\n|-damage|p2b: Landorus|0 fnt\n|faint|p2b: Landorus\n|move|p1a: Tornadus|Bleakwind Storm|p2a: Kommo-o\n|-damage|p2a: Kommo-o|26\/100\n|move|p2a: Kommo-o|Fire Punch|p1a: Tornadus\n|-damage|p1a: Tornadus|24\/100\n|\n|-weather|SunnyDay|[upkeep]\n|upkeep\n|inactive|Paldean Sas*ke has 30 seconds left this turn.\n|\n|t:|1699561288\n|switch|p2b: Sinistcha|Sinistcha|33\/100\n|-heal|p2a: Kommo-o|50\/100|[from] ability: Hospitality|[of] p2b: Sinistcha\n|turn|9\n|l| Rodriguin_Gamer23\n|inactive|Paldean Sas*ke has 30 seconds left.\n|inactive|Irly has 120 seconds left.\n|inactive|Paldean Sas*ke has 20 seconds left.\n|inactive|Paldean Sas*ke has 15 seconds left.\n|\n|t:|1699561328\n|move|p1b: Ogerpon|Ivy Cudgel|p2b: Sinistcha\n|-supereffective|p2b: Sinistcha\n|-damage|p2b: Sinistcha|0 fnt\n|faint|p2b: Sinistcha\n|move|p1a: Tornadus|Bleakwind Storm|p2a: Kommo-o\n|-damage|p2a: Kommo-o|18\/100\n|move|p2a: Kommo-o|Drain Punch|p1b: Ogerpon\n|-damage|p1b: Ogerpon|0 fnt\n|-heal|p2a: Kommo-o|30\/100|[from] drain|[of] p1b: Ogerpon\n|faint|p1b: Ogerpon\n|\n|-weather|SunnyDay|[upkeep]\n|upkeep\n|inactive|Paldean Sas*ke has 30 seconds left.\n|inactive|Irly has 120 seconds left.\n|\n|t:|1699561358\n|switch|p1b: Flutter Mane|Flutter Mane|100\/100\n|switch|p2b: Clefairy|Clefairy, M|74\/100\n|-activate|p1b: Flutter Mane|ability: Protosynthesis\n|-start|p1b: Flutter Mane|protosynthesisspa\n|turn|10\n|c|\u2606Irly|mds\n|c|\u2606Irly|ser\u00e1 que vai\n|inactive|Paldean Sas*ke has 30 seconds left.\n|inactive|Paldean Sas*ke has 20 seconds left.\n|inactive|Paldean Sas*ke has 15 seconds left.\n|\n|t:|1699561396\n|-terastallize|p1b: Flutter Mane|Fairy\n|move|p2a: Kommo-o|Protect|p2a: Kommo-o\n|-singleturn|p2a: Kommo-o|Protect\n|move|p2b: Clefairy|Protect|p2b: Clefairy\n|-singleturn|p2b: Clefairy|Protect\n|move|p1b: Flutter Mane|Dazzling Gleam|p2b: Clefairy|[spread] \n|-activate|p2a: Kommo-o|move: Protect\n|-activate|p2b: Clefairy|move: Protect\n|move|p1a: Tornadus|Bleakwind Storm|p2b: Clefairy|[spread] \n|-activate|p2a: Kommo-o|move: Protect\n|-activate|p2b: Clefairy|move: Protect\n|\n|-weather|none\n|-end|p1b: Flutter Mane|Protosynthesis\n|-sideend|p1: Irly|move: Tailwind\n|upkeep\n|turn|11\n|inactive|Paldean Sas*ke has 30 seconds left.\n|inactive|Paldean Sas*ke has 20 seconds left.\n|inactive|Paldean Sas*ke has 15 seconds left.\n|inactive|Irly has 120 seconds left.\n|\n|t:|1699561440\n|move|p1a: Tornadus|Tailwind|p1a: Tornadus\n|-sidestart|p1: Irly|move: Tailwind\n|move|p1b: Flutter Mane|Dazzling Gleam|p2a: Kommo-o|[spread] p2a,p2b\n|-resisted|p2a: Kommo-o\n|-damage|p2a: Kommo-o|12\/100\n|-damage|p2b: Clefairy|23\/100\n|move|p2a: Kommo-o|Fire Punch|p1b: Flutter Mane\n|-damage|p1b: Flutter Mane|17\/100\n|-status|p1b: Flutter Mane|brn\n|move|p2b: Clefairy|Heal Pulse|p2a: Kommo-o\n|-heal|p2a: Kommo-o|62\/100\n|\n|-damage|p1b: Flutter Mane|11\/100 brn|[from] brn\n|upkeep\n|turn|12\n|inactive|Paldean Sas*ke has 30 seconds left.\n|\n|t:|1699561457\n|move|p2a: Kommo-o|Protect|p2a: Kommo-o\n|-singleturn|p2a: Kommo-o|Protect\n|move|p2b: Clefairy|Follow Me|p2b: Clefairy\n|-singleturn|p2b: Clefairy|move: Follow Me\n|move|p1b: Flutter Mane|Dazzling Gleam|p2a: Kommo-o|[spread] p2b\n|-activate|p2a: Kommo-o|move: Protect\n|-damage|p2b: Clefairy|0 fnt\n|faint|p2b: Clefairy\n|move|p1a: Tornadus|Bleakwind Storm|p2a: Kommo-o\n|-activate|p2a: Kommo-o|move: Protect\n|\n|-damage|p1b: Flutter Mane|5\/100 brn|[from] brn\n|upkeep\n|inactive|Paldean Sas*ke has 30 seconds left this turn.\n|l| J.P.G1337\n|\n|t:|1699561465\n|switch|p2b: Rillaboom|Rillaboom, M|75\/100\n|-fieldstart|move: Grassy Terrain|[from] ability: Grassy Surge|[of] p2b: Rillaboom\n|turn|13\n|inactive|Paldean Sas*ke has 30 seconds left.\n|j| J.P.G1337\n|inactive|Irly has 120 seconds left.\n|inactive|Paldean Sas*ke has 20 seconds left.\n|\n|t:|1699561509\n|move|p2b: Rillaboom|Grassy Glide|p1b: Flutter Mane\n|-damage|p1b: Flutter Mane|0 fnt\n|faint|p1b: Flutter Mane\n|-end|p1b: Flutter Mane|Protosynthesis|[silent]\n|move|p1a: Tornadus|Bleakwind Storm|p2b: Rillaboom|[spread] p2a,p2b\n|-supereffective|p2b: Rillaboom\n|-damage|p2a: Kommo-o|41\/100\n|-damage|p2b: Rillaboom|26\/100\n|-unboost|p2b: Rillaboom|spe|1\n|move|p2a: Kommo-o|Fire Punch|p1a: Tornadus\n|-damage|p1a: Tornadus|0 fnt\n|faint|p1a: Tornadus\n|\n|-heal|p2a: Kommo-o|47\/100|[from] Grassy Terrain\n|-heal|p2b: Rillaboom|32\/100|[from] Grassy Terrain\n|upkeep\n|inactive|Paldean Sas*ke has 25 seconds left this turn.\n|\n|t:|1699561512\n|switch|p1b: Iron Hands|Iron Hands|100\/100\n|switch|p1a: Rillaboom|Rillaboom, M|62\/100\n|turn|14\n|l| J.P.G1337\n|inactive|Paldean Sas*ke has 30 seconds left.\n|\n|t:|1699561535\n|move|p2a: Kommo-o|Protect|p2a: Kommo-o\n|-singleturn|p2a: Kommo-o|Protect\n|move|p1a: Rillaboom|Fake Out|p2b: Rillaboom\n|-damage|p2b: Rillaboom|18\/100\n|move|p1b: Iron Hands|Drain Punch|p2b: Rillaboom\n|-damage|p2b: Rillaboom|0 fnt\n|faint|p2b: Rillaboom\n|\n|-heal|p2a: Kommo-o|53\/100|[from] Grassy Terrain\n|-heal|p1a: Rillaboom|68\/100|[from] Grassy Terrain\n|-sideend|p1: Irly|move: Tailwind\n|upkeep\n|inactive|Paldean Sas*ke has 30 seconds left.\n|\n|t:|1699561543\n|switch|p2b: Ursaluna|Ursaluna, F|100\/100\n|turn|15\n|c|\u2606Irly|po cip\u00e1 sd era melhor\n|inactive|Irly has 120 seconds left.\n|c|\u2606Paldean Sas*ke|sim acho que era\n|c|\u2606Irly|to jogando mt no automatico kkkkk\n|c|\u2606Irly|doubles \u00e9 mt coisa pra minha mente\n|\n|t:|1699561594\n|move|p2b: Ursaluna|Protect|p2b: Ursaluna\n|-singleturn|p2b: Ursaluna|Protect\n|move|p1a: Rillaboom|Grassy Glide|p2b: Ursaluna\n|-activate|p2b: Ursaluna|move: Protect\n|move|p2a: Kommo-o|Fire Punch|p1a: Rillaboom\n|-supereffective|p1a: Rillaboom\n|-damage|p1a: Rillaboom|0 fnt\n|faint|p1a: Rillaboom\n|move|p1b: Iron Hands|Drain Punch|p2b: Ursaluna\n|-activate|p2b: Ursaluna|move: Protect\n|\n|-heal|p2a: Kommo-o|59\/100|[from] Grassy Terrain\n|-status|p2b: Ursaluna|brn|[from] item: Flame Orb\n|upkeep\n|turn|16\n|c|\u2606Paldean Sas*ke|\u00e9 de dificil n\u00e9\n|inactive|Irly has 120 seconds left.\n|inactive|Paldean Sas*ke has 60 seconds left.\n|c|\u2606Irly|calma\n|c|\u2606Irly|achei que era bloodmoon kkkkk\n|\n|t:|1699561615\n|move|p2a: Kommo-o|Drain Punch|p1b: Iron Hands\n|-damage|p1b: Iron Hands|64\/100\n|-heal|p2a: Kommo-o|86\/100|[from] drain|[of] p1b: Iron Hands\n|move|p1b: Iron Hands|Drain Punch|p2a: Kommo-o\n|-damage|p2a: Kommo-o|62\/100\n|-heal|p1b: Iron Hands|72\/100|[from] drain|[of] p2a: Kommo-o\n|move|p2b: Ursaluna|High Horsepower|p1b: Iron Hands\n|-supereffective|p1b: Iron Hands\n|-damage|p1b: Iron Hands|0 fnt\n|faint|p1b: Iron Hands\n|-end|p1b: Iron Hands|Quark Drive|[silent]\n|\n|win|Paldean Sas*ke\n|n|\u2606Irly|irly\n|n|\u2606Paldean Sas*ke|paldeansaske\n|n|%Natan@!|natan\n|n| rliaszaper10|rliaszaper10\n","uploadtime":1699561616,"views":9,"p1id":"irly","p2id":"paldeansaske","formatid":"gen9doublesou","rating":0,"private":0,"password":""}