{"id":"gen9doublesou-1983744324","p1":"ACM 06","p2":"OPieceOfHeroGhost","format":"[Gen 9] Doubles OU","log":"|j|\u2606ACM 06\n|j|\u2606OPieceOfHeroGhost\n|t:|1699171996\n|gametype|doubles\n|player|p1|ACM 06|veteran|1314\n|player|p2|OPieceOfHeroGhost|morty|1476\n|teamsize|p1|6\n|teamsize|p2|6\n|gen|9\n|tier|[Gen 9] Doubles OU\n|rated|\n|rule|Species Clause: Limit one of each Pok\u00e9mon\n|rule|OHKO Clause: OHKO moves are banned\n|rule|Evasion Moves Clause: Evasion moves are banned\n|rule|Gravity Sleep Clause: The combination of sleep-inducing moves with imperfect accuracy and Gravity or Gigantamax Orbeetle are banned\n|rule|Endless Battle Clause: Forcing endless battles is banned\n|rule|HP Percentage Mod: HP is shown in percentages\n|clearpoke\n|poke|p1|Okidogi, M|\n|poke|p1|Roaring Moon|\n|poke|p1|Gyarados, F|\n|poke|p1|Gholdengo|\n|poke|p1|Rillaboom, M|\n|poke|p1|Chien-Pao|\n|poke|p2|Flutter Mane|\n|poke|p2|Iron Hands|\n|poke|p2|Landorus-Therian, M|\n|poke|p2|Ogerpon-Wellspring, F|\n|poke|p2|Heatran, M|\n|poke|p2|Chien-Pao|\n|teampreview\n|inactive|Battle timer is ON: inactive players will automatically lose when time's up. (requested by ACM 06)\n|\n|t:|1699172009\n|start\n|switch|p1a: Okidogi|Okidogi, M|100\/100\n|switch|p1b: Roaring Moon|Roaring Moon|100\/100\n|switch|p2a: \u699c\u4e00\u5927\u59d0|Flutter Mane|100\/100\n|switch|p2b: \u706b\u8d5e\u4f01|Heatran, M|100\/100\n|-enditem|p1b: Roaring Moon|Booster Energy\n|-activate|p1b: Roaring Moon|ability: Protosynthesis|[fromitem]\n|-start|p1b: Roaring Moon|protosynthesisatk\n|-enditem|p2a: \u699c\u4e00\u5927\u59d0|Booster Energy\n|-activate|p2a: \u699c\u4e00\u5927\u59d0|ability: Protosynthesis|[fromitem]\n|-start|p2a: \u699c\u4e00\u5927\u59d0|protosynthesisspa\n|turn|1\n|\n|t:|1699172036\n|-terastallize|p1b: Roaring Moon|Flying\n|move|p2b: \u706b\u8d5e\u4f01|Protect|p2b: \u706b\u8d5e\u4f01\n|-singleturn|p2b: \u706b\u8d5e\u4f01|Protect\n|move|p1b: Roaring Moon|Knock Off|p2a: \u699c\u4e00\u5927\u59d0\n|-damage|p2a: \u699c\u4e00\u5927\u59d0|12\/100\n|move|p2a: \u699c\u4e00\u5927\u59d0|Moonblast|p1b: Roaring Moon\n|-damage|p1b: Roaring Moon|31\/100\n|move|p1a: Okidogi|Drain Punch|p2b: \u706b\u8d5e\u4f01\n|-activate|p2b: \u706b\u8d5e\u4f01|move: Protect\n|\n|upkeep\n|turn|2\n|\n|t:|1699172057\n|switch|p2b: \u6700\u5f3a\u4e4b\u866b|Landorus-Therian, M|100\/100\n|-ability|p2b: \u6700\u5f3a\u4e4b\u866b|Intimidate|boost\n|-ability|p1a: Okidogi|Guard Dog|boost\n|-boost|p1a: Okidogi|atk|1\n|-unboost|p1b: Roaring Moon|atk|1\n|move|p1b: Roaring Moon|Knock Off|p2a: \u699c\u4e00\u5927\u59d0\n|-damage|p2a: \u699c\u4e00\u5927\u59d0|0 fnt\n|faint|p2a: \u699c\u4e00\u5927\u59d0\n|-end|p2a: \u699c\u4e00\u5927\u59d0|Protosynthesis|[silent]\n|move|p1a: Okidogi|Drain Punch|p2b: \u6700\u5f3a\u4e4b\u866b\n|-resisted|p2b: \u6700\u5f3a\u4e4b\u866b\n|-damage|p2b: \u6700\u5f3a\u4e4b\u866b|62\/100\n|\n|upkeep\n|inactive|OPieceOfHeroGhost has 120 seconds left.\n|\n|t:|1699172074\n|switch|p2a: \u8bf4\u7684\u9053\u7406|Iron Hands|100\/100\n|turn|3\n|\n|t:|1699172082\n|move|p2a: \u8bf4\u7684\u9053\u7406|Fake Out|p1a: Okidogi\n|-damage|p1a: Okidogi|89\/100\n|move|p2b: \u6700\u5f3a\u4e4b\u866b|Rock Slide|p1b: Roaring Moon|[spread] p1a\n|-miss|p2b: \u6700\u5f3a\u4e4b\u866b|p1b: Roaring Moon\n|-resisted|p1a: Okidogi\n|-damage|p1a: Okidogi|80\/100\n|move|p1b: Roaring Moon|Tailwind|p1b: Roaring Moon\n|-sidestart|p1: ACM 06|move: Tailwind\n|cant|p1a: Okidogi|flinch\n|\n|-heal|p1a: Okidogi|86\/100|[from] item: Leftovers\n|upkeep\n|turn|4\n|\n|t:|1699172107\n|switch|p2b: \u706b\u8d5e\u4f01|Heatran, M|100\/100\n|move|p1b: Roaring Moon|Acrobatics|p2b: \u706b\u8d5e\u4f01\n|-resisted|p2b: \u706b\u8d5e\u4f01\n|-damage|p2b: \u706b\u8d5e\u4f01|75\/100\n|move|p1a: Okidogi|Bulk Up|p1a: Okidogi\n|-boost|p1a: Okidogi|atk|1\n|-boost|p1a: Okidogi|def|1\n|move|p2a: \u8bf4\u7684\u9053\u7406|Wild Charge|p1b: Roaring Moon\n|-supereffective|p1b: Roaring Moon\n|-damage|p1b: Roaring Moon|0 fnt\n|faint|p1b: Roaring Moon\n|-end|p1b: Roaring Moon|Protosynthesis|[silent]\n|-damage|p2a: \u8bf4\u7684\u9053\u7406|95\/100|[from] Recoil\n|\n|-heal|p1a: Okidogi|92\/100|[from] item: Leftovers\n|-heal|p2b: \u706b\u8d5e\u4f01|82\/100|[from] item: Leftovers\n|upkeep\n|\n|t:|1699172123\n|switch|p1b: Rillaboom|Rillaboom, M|100\/100\n|-fieldstart|move: Grassy Terrain|[from] ability: Grassy Surge|[of] p1b: Rillaboom\n|turn|5\n|\n|t:|1699172133\n|move|p2b: \u706b\u8d5e\u4f01|Protect|p2b: \u706b\u8d5e\u4f01\n|-singleturn|p2b: \u706b\u8d5e\u4f01|Protect\n|move|p1b: Rillaboom|Fake Out|p2a: \u8bf4\u7684\u9053\u7406\n|-damage|p2a: \u8bf4\u7684\u9053\u7406|85\/100\n|move|p1a: Okidogi|Drain Punch|p2b: \u706b\u8d5e\u4f01\n|-activate|p2b: \u706b\u8d5e\u4f01|move: Protect\n|cant|p2a: \u8bf4\u7684\u9053\u7406|flinch\n|\n|-heal|p1a: Okidogi|98\/100|[from] Grassy Terrain\n|-heal|p1a: Okidogi|100\/100|[from] item: Leftovers\n|-heal|p2b: \u706b\u8d5e\u4f01|88\/100|[from] Grassy Terrain\n|-heal|p2b: \u706b\u8d5e\u4f01|94\/100|[from] item: Leftovers\n|-heal|p2a: \u8bf4\u7684\u9053\u7406|91\/100|[from] Grassy Terrain\n|upkeep\n|turn|6\n|\n|t:|1699172157\n|-terastallize|p2b: \u706b\u8d5e\u4f01|Grass\n|move|p1b: Rillaboom|Wood Hammer|p2a: \u8bf4\u7684\u9053\u7406\n|-damage|p2a: \u8bf4\u7684\u9053\u7406|40\/100\n|-damage|p1b: Rillaboom|77\/100|[from] Recoil\n|move|p1a: Okidogi|Drain Punch|p2b: \u706b\u8d5e\u4f01\n|-damage|p2b: \u706b\u8d5e\u4f01|17\/100\n|move|p2b: \u706b\u8d5e\u4f01|Heat Wave|p1b: Rillaboom|[spread] p1a,p1b\n|-supereffective|p1b: Rillaboom\n|-damage|p1a: Okidogi|63\/100\n|-damage|p1b: Rillaboom|8\/100\n|move|p2a: \u8bf4\u7684\u9053\u7406|Volt Switch|p1a: Okidogi\n|-damage|p1a: Okidogi|49\/100\n|inactive|OPieceOfHeroGhost has 120 seconds left.\n|\n|t:|1699172181\n|-end|p2a: \u8bf4\u7684\u9053\u7406|Quark Drive|[silent]\n|switch|p2a: \u5384\u8be1\u692a\u771f\u7684\u662f\u840c\u840c\u54d2\u5440\uff01|Ogerpon-Wellspring, F|100\/100|[from] Volt Switch\n|\n|-heal|p1b: Rillaboom|14\/100|[from] Grassy Terrain\n|-heal|p1a: Okidogi|55\/100|[from] Grassy Terrain\n|-heal|p1a: Okidogi|61\/100|[from] item: Leftovers\n|-heal|p2b: \u706b\u8d5e\u4f01|24\/100|[from] Grassy Terrain\n|-heal|p2b: \u706b\u8d5e\u4f01|30\/100|[from] item: Leftovers\n|-sideend|p1: ACM 06|move: Tailwind\n|upkeep\n|turn|7\n|\n|t:|1699172198\n|move|p1b: Rillaboom|U-turn|p2b: \u706b\u8d5e\u4f01\n|-supereffective|p2b: \u706b\u8d5e\u4f01\n|-damage|p2b: \u706b\u8d5e\u4f01|0 fnt\n|faint|p2b: \u706b\u8d5e\u4f01\n|\n|t:|1699172207\n|switch|p1b: Chien-Pao|Chien-Pao|100\/100|[from] U-turn\n|-ability|p1b: Chien-Pao|Sword of Ruin\n|move|p2a: \u5384\u8be1\u692a\u771f\u7684\u662f\u840c\u840c\u54d2\u5440\uff01|Ivy Cudgel|p1a: Okidogi\n|-damage|p1a: Okidogi|20\/100\n|move|p1a: Okidogi|Poison Jab|p2a: \u5384\u8be1\u692a\u771f\u7684\u662f\u840c\u840c\u54d2\u5440\uff01\n|-supereffective|p2a: \u5384\u8be1\u692a\u771f\u7684\u662f\u840c\u840c\u54d2\u5440\uff01\n|-damage|p2a: \u5384\u8be1\u692a\u771f\u7684\u662f\u840c\u840c\u54d2\u5440\uff01|0 fnt\n|faint|p2a: \u5384\u8be1\u692a\u771f\u7684\u662f\u840c\u840c\u54d2\u5440\uff01\n|\n|-heal|p1a: Okidogi|26\/100|[from] Grassy Terrain\n|-heal|p1a: Okidogi|32\/100|[from] item: Leftovers\n|upkeep\n|inactive|OPieceOfHeroGhost has 120 seconds left.\n|\n|t:|1699172226\n|switch|p2a: \u8bf4\u7684\u9053\u7406|Iron Hands|40\/100\n|switch|p2b: ku\u94b3\u70ae|Chien-Pao|100\/100\n|-ability|p2b: ku\u94b3\u70ae|Sword of Ruin\n|turn|8\n|\n|t:|1699172238\n|move|p2a: \u8bf4\u7684\u9053\u7406|Fake Out|p1b: Chien-Pao\n|-damage|p1b: Chien-Pao|79\/100\n|cant|p1b: Chien-Pao|flinch\n|move|p2b: ku\u94b3\u70ae|Icicle Crash|p1a: Okidogi\n|-crit|p1a: Okidogi\n|-damage|p1a: Okidogi|0 fnt\n|faint|p1a: Okidogi\n|\n|-heal|p1b: Chien-Pao|85\/100|[from] Grassy Terrain\n|-heal|p2a: \u8bf4\u7684\u9053\u7406|46\/100|[from] Grassy Terrain\n|upkeep\n|\n|t:|1699172247\n|switch|p1a: Rillaboom|Rillaboom, M|14\/100\n|turn|9\n|\n|t:|1699172259\n|move|p1a: Rillaboom|Fake Out|p2a: \u8bf4\u7684\u9053\u7406\n|-damage|p2a: \u8bf4\u7684\u9053\u7406|34\/100\n|move|p2b: ku\u94b3\u70ae|Sucker Punch||[still]\n|-fail|p2b: ku\u94b3\u70ae\n|move|p1b: Chien-Pao|Icicle Crash|p2b: ku\u94b3\u70ae\n|-resisted|p2b: ku\u94b3\u70ae\n|-damage|p2b: ku\u94b3\u70ae|71\/100\n|cant|p2a: \u8bf4\u7684\u9053\u7406|flinch\n|\n|-heal|p2b: ku\u94b3\u70ae|77\/100|[from] Grassy Terrain\n|-heal|p1b: Chien-Pao|91\/100|[from] Grassy Terrain\n|-heal|p1a: Rillaboom|20\/100|[from] Grassy Terrain\n|-heal|p2a: \u8bf4\u7684\u9053\u7406|40\/100|[from] Grassy Terrain\n|-fieldend|move: Grassy Terrain\n|upkeep\n|turn|10\n|\n|t:|1699172280\n|move|p2b: ku\u94b3\u70ae|Sucker Punch|p1a: Rillaboom\n|-crit|p1a: Rillaboom\n|-damage|p1a: Rillaboom|0 fnt\n|faint|p1a: Rillaboom\n|move|p1b: Chien-Pao|Icicle Crash|p2b: ku\u94b3\u70ae\n|-resisted|p2b: ku\u94b3\u70ae\n|-damage|p2b: ku\u94b3\u70ae|47\/100\n|move|p2a: \u8bf4\u7684\u9053\u7406|Drain Punch|p1b: Chien-Pao\n|-supereffective|p1b: Chien-Pao\n|-damage|p1b: Chien-Pao|0 fnt\n|-heal|p2a: \u8bf4\u7684\u9053\u7406|69\/100|[from] drain|[of] p1b: Chien-Pao\n|faint|p1b: Chien-Pao\n|\n|upkeep\n|\n|t:|1699172284\n|switch|p1b: Gyarados|Gyarados, F, shiny|100\/100\n|switch|p1a: Gholdengo|Gholdengo|100\/100\n|-ability|p1b: Gyarados|Intimidate|boost\n|-unboost|p2a: \u8bf4\u7684\u9053\u7406|atk|1\n|-unboost|p2b: ku\u94b3\u70ae|atk|1\n|turn|11\n|\n|t:|1699172310\n|move|p2b: ku\u94b3\u70ae|Protect|p2b: ku\u94b3\u70ae\n|-singleturn|p2b: ku\u94b3\u70ae|Protect\n|move|p1b: Gyarados|Protect|p1b: Gyarados\n|-singleturn|p1b: Gyarados|Protect\n|move|p1a: Gholdengo|Trick|p2a: \u8bf4\u7684\u9053\u7406\n|-activate|p1a: Gholdengo|move: Trick|[of] p2a: \u8bf4\u7684\u9053\u7406\n|-item|p2a: \u8bf4\u7684\u9053\u7406|Choice Specs|[from] move: Trick\n|-item|p1a: Gholdengo|Assault Vest|[from] move: Trick\n|move|p2a: \u8bf4\u7684\u9053\u7406|Volt Switch|p1b: Gyarados\n|-activate|p1b: Gyarados|move: Protect\n|\n|upkeep\n|turn|12\n|\n|t:|1699172335\n|switch|p2b: \u6700\u5f3a\u4e4b\u866b|Landorus-Therian, M|62\/100\n|-ability|p2b: \u6700\u5f3a\u4e4b\u866b|Intimidate|boost\n|-unboost|p1a: Gholdengo|atk|1\n|-unboost|p1b: Gyarados|atk|1\n|move|p1a: Gholdengo|Make It Rain|p2a: \u8bf4\u7684\u9053\u7406|[spread] p2a,p2b\n|-resisted|p2a: \u8bf4\u7684\u9053\u7406\n|-damage|p2a: \u8bf4\u7684\u9053\u7406|52\/100\n|-damage|p2b: \u6700\u5f3a\u4e4b\u866b|1\/100\n|-unboost|p1a: Gholdengo|spa|1\n|move|p1b: Gyarados|Waterfall|p2a: \u8bf4\u7684\u9053\u7406\n|-damage|p2a: \u8bf4\u7684\u9053\u7406|37\/100\n|move|p2a: \u8bf4\u7684\u9053\u7406|Volt Switch|p1b: Gyarados\n|-supereffective|p1b: Gyarados\n|-damage|p1b: Gyarados|51\/100\n|inactive|OPieceOfHeroGhost has 120 seconds left.\n|\n|t:|1699172352\n|-end|p2a: \u8bf4\u7684\u9053\u7406|Quark Drive|[silent]\n|switch|p2a: ku\u94b3\u70ae|Chien-Pao|47\/100|[from] Volt Switch\n|-ability|p2a: ku\u94b3\u70ae|Sword of Ruin\n|\n|upkeep\n|turn|13\n|\n|t:|1699172363\n|move|p2a: ku\u94b3\u70ae|Sucker Punch|p1a: Gholdengo\n|-supereffective|p1a: Gholdengo\n|-damage|p1a: Gholdengo|0 fnt\n|faint|p1a: Gholdengo\n|move|p2b: \u6700\u5f3a\u4e4b\u866b|Rock Slide|p1b: Gyarados\n|-supereffective|p1b: Gyarados\n|-damage|p1b: Gyarados|0 fnt\n|faint|p1b: Gyarados\n|\n|win|OPieceOfHeroGhost\n|raw|ACM 06's rating: 1314 &rarr; <strong>1303<\/strong><br \/>(-11 for losing)\n|raw|OPieceOfHeroGhost's rating: 1476 &rarr; <strong>1487<\/strong><br \/>(+11 for winning)\n|l|\u2606ACM 06\n","uploadtime":1699172374,"views":9,"p1id":"acm06","p2id":"opieceofheroghost","formatid":"gen9doublesou","rating":1303,"private":0,"password":""}