{"id":"gen9doublesou-1998733550","p1":"fangame10","p2":"AIRedzone","format":"[Gen 9] Doubles OU","log":"|j|\u2606fangame10\n|j|\u2606AIRedzone\n|inactive|Battle timer is ON: inactive players will automatically lose when time's up.\n|t:|1700979895\n|gametype|doubles\n|player|p1|fangame10|red|\n|player|p2|AIRedzone|#dwcopiii|\n|teamsize|p1|6\n|teamsize|p2|6\n|gen|9\n|tier|[Gen 9] Doubles OU\n|rated|Tournament battle\n|rule|Species Clause: Limit one of each Pok\u00e9mon\n|rule|OHKO Clause: OHKO moves are banned\n|rule|Evasion Moves Clause: Evasion moves are banned\n|rule|Gravity Sleep Clause: The combination of sleep-inducing moves with imperfect accuracy and Gravity or Gigantamax Orbeetle are banned\n|rule|Endless Battle Clause: Forcing endless battles is banned\n|rule|HP Percentage Mod: HP is shown in percentages\n|clearpoke\n|poke|p1|Iron Bundle|\n|poke|p1|Abomasnow, F|\n|poke|p1|Landorus-Therian, M|\n|poke|p1|Ursaluna, M|\n|poke|p1|Iron Hands|\n|poke|p1|Diancie|\n|poke|p2|Regidrago|\n|poke|p2|Gholdengo|\n|poke|p2|Tornadus, M|\n|poke|p2|Rillaboom, F|\n|poke|p2|Landorus-Therian, M|\n|poke|p2|Volcanion|\n|teampreview\n|inactive|fangame10 also wants the timer to be on.\n|c|\u2606fangame10|hi\n|c|\u2606AIRedzone|hello!\n|c|\u2606fangame10|mmmmm\n|c|\u2606fangame10|the tailwin regidrago\n|c|\u2606fangame10|legendary set\n|c|\u2606AIRedzone|i brought the dragon into the fanroom!\n|inactive|fangame10 has 120 seconds left.\n|inactive|AIRedzone has 120 seconds left.\n|c|\u2606fangame10|we shall have to see then if it works\n|\n|t:|1700979952\n|start\n|switch|p1a: Landorus|Landorus-Therian, M, shiny|100\/100\n|switch|p1b: Diancie|Diancie|100\/100\n|switch|p2a: L.E.D.|Gholdengo|100\/100\n|switch|p2b: Wendrid|Rillaboom, F|100\/100\n|-fieldstart|move: Grassy Terrain|[from] ability: Grassy Surge|[of] p2b: Wendrid\n|-ability|p1a: Landorus|Intimidate|boost\n|-unboost|p2a: L.E.D.|atk|1\n|-unboost|p2b: Wendrid|atk|1\n|turn|1\n|inactive|fangame10 has 120 seconds left.\n|\n|t:|1700979992\n|-terastallize|p1b: Diancie|Dark\n|move|p2a: L.E.D.|Nasty Plot|p2a: L.E.D.\n|-boost|p2a: L.E.D.|spa|2\n|move|p2b: Wendrid|U-turn|p1a: Landorus\n|-resisted|p1a: Landorus\n|-damage|p1a: Landorus|92\/100\n|inactive|AIRedzone has 120 seconds left.\n|\n|t:|1700980006\n|switch|p2b: Overconfidence|Volcanion|100\/100|[from] U-turn\n|move|p1a: Landorus|Stomping Tantrum|p2a: L.E.D.\n|-supereffective|p2a: L.E.D.\n|-damage|p2a: L.E.D.|13\/100\n|move|p1b: Diancie|Trick Room|p1b: Diancie\n|-fieldstart|move: Trick Room|[of] p1b: Diancie\n|\n|-heal|p2a: L.E.D.|19\/100|[from] Grassy Terrain\n|upkeep\n|turn|2\n|c|\u2606AIRedzone|i forgor\n|\n|t:|1700980028\n|switch|p1a: Iron Hands|Iron Hands, shiny|100\/100\n|move|p2a: L.E.D.|Protect|p2a: L.E.D.\n|-singleturn|p2a: L.E.D.|Protect\n|move|p1b: Diancie|Diamond Storm|p2a: L.E.D.|[spread] p2b\n|-activate|p2a: L.E.D.|move: Protect\n|-supereffective|p2b: Overconfidence\n|-damage|p2b: Overconfidence|47\/100\n|move|p2b: Overconfidence|Steam Eruption|p1a: Iron Hands\n|-damage|p1a: Iron Hands|58\/100\n|\n|-heal|p1a: Iron Hands|64\/100|[from] Grassy Terrain\n|-heal|p2b: Overconfidence|53\/100|[from] Grassy Terrain\n|-heal|p2b: Overconfidence|59\/100|[from] item: Leftovers\n|-heal|p2a: L.E.D.|25\/100|[from] Grassy Terrain\n|upkeep\n|turn|3\n|\n|t:|1700980041\n|switch|p2b: Dicker's Done|Landorus-Therian, M|100\/100\n|-ability|p2b: Dicker's Done|Intimidate|boost\n|-unboost|p1a: Iron Hands|atk|1\n|-fail|p1b: Diancie|unboost|[from] ability: Clear Body|[of] p1b: Diancie\n|move|p1a: Iron Hands|Thunder Punch|p2a: L.E.D.\n|-damage|p2a: L.E.D.|0 fnt\n|faint|p2a: L.E.D.\n|move|p1b: Diancie|Diamond Storm|p2b: Dicker's Done\n|-damage|p2b: Dicker's Done|60\/100\n|\n|-heal|p1a: Iron Hands|70\/100|[from] Grassy Terrain\n|upkeep\n|\n|t:|1700980049\n|switch|p2a: Wendrid|Rillaboom, F|100\/100\n|turn|4\n|\n|t:|1700980089\n|-end|p1a: Iron Hands|Quark Drive|[silent]\n|switch|p1a: Abomasnow|Abomasnow, F, shiny|100\/100\n|-weather|Snow|[from] ability: Snow Warning|[of] p1a: Abomasnow\n|move|p2a: Wendrid|Fake Out|p1b: Diancie\n|-damage|p1b: Diancie|89\/100\n|cant|p1b: Diancie|flinch\n|move|p2b: Dicker's Done|U-turn|p1a: Abomasnow\n|-supereffective|p1a: Abomasnow\n|-damage|p1a: Abomasnow|63\/100\n|\n|t:|1700980103\n|switch|p2b: Overconfidence|Volcanion|59\/100|[from] U-turn\n|\n|-weather|Snow|[upkeep]\n|-heal|p1b: Diancie|96\/100|[from] Grassy Terrain\n|-heal|p1a: Abomasnow|69\/100|[from] Grassy Terrain\n|-heal|p2b: Overconfidence|65\/100|[from] Grassy Terrain\n|-heal|p2b: Overconfidence|71\/100|[from] item: Leftovers\n|upkeep\n|turn|5\n|\n|t:|1700980118\n|switch|p2a: Vanilla Paste|Tornadus, M|100\/100\n|move|p2b: Overconfidence|Protect|p2b: Overconfidence\n|-singleturn|p2b: Overconfidence|Protect\n|move|p1b: Diancie|Diamond Storm|p2b: Overconfidence|[spread] p2a\n|-activate|p2b: Overconfidence|move: Protect\n|-supereffective|p2a: Vanilla Paste\n|-damage|p2a: Vanilla Paste|24\/100\n|move|p1a: Abomasnow|Aurora Veil|p1a: Abomasnow\n|-sidestart|p1: fangame10|move: Aurora Veil\n|\n|-weather|Snow|[upkeep]\n|-heal|p1b: Diancie|100\/100|[from] Grassy Terrain\n|-heal|p1a: Abomasnow|75\/100|[from] Grassy Terrain\n|-heal|p2b: Overconfidence|77\/100|[from] Grassy Terrain\n|-heal|p2b: Overconfidence|83\/100|[from] item: Leftovers\n|-fieldend|move: Trick Room\n|-fieldend|move: Grassy Terrain\n|upkeep\n|turn|6\n|\n|t:|1700980132\n|move|p2a: Vanilla Paste|Bleakwind Storm|p1b: Diancie|[spread] p1a,p1b\n|-supereffective|p1a: Abomasnow\n|-damage|p1a: Abomasnow|32\/100\n|-damage|p1b: Diancie|83\/100\n|move|p2b: Overconfidence|Heat Wave|p1b: Diancie|[spread] p1a,p1b\n|-supereffective|p1a: Abomasnow\n|-damage|p1a: Abomasnow|0 fnt\n|-damage|p1b: Diancie|65\/100\n|-status|p1b: Diancie|brn\n|faint|p1a: Abomasnow\n|move|p1b: Diancie|Trick Room|p1b: Diancie\n|-fieldstart|move: Trick Room|[of] p1b: Diancie\n|\n|-weather|Snow|[upkeep]\n|-heal|p2b: Overconfidence|90\/100|[from] item: Leftovers\n|-damage|p1b: Diancie|59\/100 brn|[from] brn\n|upkeep\n|\n|t:|1700980135\n|switch|p1a: Ursaluna|Ursaluna, M, shiny|100\/100\n|turn|7\n|\n|t:|1700980158\n|switch|p2b: Dicker's Done|Landorus-Therian, M|60\/100\n|-ability|p2b: Dicker's Done|Intimidate|boost\n|-unboost|p1a: Ursaluna|atk|1\n|-fail|p1b: Diancie|unboost|[from] ability: Clear Body|[of] p1b: Diancie\n|move|p2a: Vanilla Paste|Scary Face|p2b: Dicker's Done\n|-unboost|p2b: Dicker's Done|spe|2\n|move|p1b: Diancie|Diamond Storm|p2a: Vanilla Paste|[spread] p2a,p2b\n|-supereffective|p2a: Vanilla Paste\n|-damage|p2a: Vanilla Paste|0 fnt\n|-damage|p2b: Dicker's Done|45\/100\n|-boost|p1b: Diancie|def|2\n|-enditem|p2b: Dicker's Done|Sitrus Berry|[eat]\n|-heal|p2b: Dicker's Done|70\/100|[from] item: Sitrus Berry\n|faint|p2a: Vanilla Paste\n|move|p1a: Ursaluna|Swords Dance|p1a: Ursaluna\n|-boost|p1a: Ursaluna|atk|2\n|\n|-weather|Snow|[upkeep]\n|-damage|p1b: Diancie|53\/100 brn|[from] brn\n|-status|p1a: Ursaluna|brn|[from] item: Flame Orb\n|upkeep\n|\n|t:|1700980162\n|switch|p2a: Wendrid|Rillaboom, F|100\/100\n|-fieldstart|move: Grassy Terrain|[from] ability: Grassy Surge|[of] p2a: Wendrid\n|turn|8\n|\n|t:|1700980179\n|move|p1a: Ursaluna|Protect|p1a: Ursaluna\n|-singleturn|p1a: Ursaluna|Protect\n|move|p1b: Diancie|Body Press|p2a: Wendrid\n|-damage|p2a: Wendrid|78\/100\n|move|p2b: Dicker's Done|Stomping Tantrum|p1b: Diancie\n|-damage|p1b: Diancie|42\/100 brn\n|move|p2a: Wendrid|Brick Break|p1b: Diancie\n|-sideend|p1: fangame10|move: Aurora Veil\n|-supereffective|p1b: Diancie\n|-damage|p1b: Diancie|21\/100 brn\n|\n|-weather|none\n|-heal|p1b: Diancie|27\/100 brn|[from] Grassy Terrain\n|-heal|p2a: Wendrid|84\/100|[from] Grassy Terrain\n|-damage|p1a: Ursaluna|94\/100 brn|[from] brn\n|-damage|p1b: Diancie|21\/100 brn|[from] brn\n|upkeep\n|turn|9\n|inactive|AIRedzone has 120 seconds left.\n|inactive|fangame10 has 120 seconds left.\n|\n|t:|1700980215\n|switch|p1b: Landorus|Landorus-Therian, M, shiny|92\/100\n|-ability|p1b: Landorus|Intimidate|boost\n|-unboost|p2a: Wendrid|atk|1\n|-unboost|p2b: Dicker's Done|atk|1\n|switch|p2a: Overconfidence|Volcanion|90\/100\n|move|p1a: Ursaluna|Facade|p2a: Overconfidence\n|-crit|p2a: Overconfidence\n|-damage|p2a: Overconfidence|0 fnt\n|faint|p2a: Overconfidence\n|move|p2b: Dicker's Done|Stomping Tantrum|p1b: Landorus\n|-immune|p1b: Landorus\n|\n|-heal|p1a: Ursaluna|100\/100 brn|[from] Grassy Terrain\n|-damage|p1a: Ursaluna|94\/100 brn|[from] brn\n|upkeep\n|\n|t:|1700980221\n|switch|p2a: Wendrid|Rillaboom, F|84\/100\n|turn|10\n|\n|t:|1700980233\n|move|p1a: Ursaluna|Protect|p1a: Ursaluna\n|-singleturn|p1a: Ursaluna|Protect\n|move|p2a: Wendrid|Fake Out|p1a: Ursaluna\n|-activate|p1a: Ursaluna|move: Protect\n|move|p2b: Dicker's Done|U-turn|p1b: Landorus\n|-resisted|p1b: Landorus\n|-damage|p1b: Landorus|84\/100\n|\n|t:|1700980249\n|switch|p2b: Telescope|Regidrago|100\/100|[from] U-turn\n|move|p1b: Landorus|U-turn|p2a: Wendrid\n|-supereffective|p2a: Wendrid\n|-damage|p2a: Wendrid|29\/100\n|\n|t:|1700980252\n|switch|p1b: Iron Bundle|Iron Bundle, shiny|100\/100|[from] U-turn\n|\n|-heal|p1a: Ursaluna|100\/100 brn|[from] Grassy Terrain\n|-heal|p2a: Wendrid|35\/100|[from] Grassy Terrain\n|-damage|p1a: Ursaluna|94\/100 brn|[from] brn\n|-fieldend|move: Trick Room\n|upkeep\n|turn|11\n|c|\u2606AIRedzone|i think this matchup was mildly winnable if i clicked the right buttons earlier on\n|\n|t:|1700980277\n|-terastallize|p2b: Telescope|Poison\n|move|p2a: Wendrid|Grassy Glide|p1a: Ursaluna\n|-supereffective|p1a: Ursaluna\n|-damage|p1a: Ursaluna|35\/100 brn\n|move|p1b: Iron Bundle|Freeze-Dry|p2b: Telescope\n|-damage|p2b: Telescope|47\/100\n|move|p2b: Telescope|Dragon Energy|p1a: Ursaluna|[spread] p1a,p1b\n|-damage|p1a: Ursaluna|0 fnt\n|-damage|p1b: Iron Bundle|15\/100\n|faint|p1a: Ursaluna\n|\n|-heal|p1b: Iron Bundle|21\/100|[from] Grassy Terrain\n|-heal|p2b: Telescope|53\/100|[from] Grassy Terrain\n|-heal|p2a: Wendrid|41\/100|[from] Grassy Terrain\n|upkeep\n|c|\u2606AIRedzone|actually no it's the worst possible matchup but I still love this team so much\n|\n|t:|1700980284\n|switch|p1a: Landorus|Landorus-Therian, M, shiny|84\/100\n|-ability|p1a: Landorus|Intimidate|boost\n|-unboost|p2a: Wendrid|atk|1\n|-unboost|p2b: Telescope|atk|1\n|turn|12\n|\n|t:|1700980295\n|-end|p1b: Iron Bundle|Quark Drive|[silent]\n|switch|p1b: Diancie|Diancie, tera:Dark|21\/100 brn\n|move|p2a: Wendrid|Grassy Glide|p1a: Landorus\n|-damage|p1a: Landorus|59\/100\n|move|p2b: Telescope|Dragon Pulse|p1a: Landorus\n|-crit|p1a: Landorus\n|-damage|p1a: Landorus|0 fnt\n|faint|p1a: Landorus\n|\n|-heal|p2b: Telescope|59\/100|[from] Grassy Terrain\n|-heal|p2a: Wendrid|47\/100|[from] Grassy Terrain\n|-heal|p1b: Diancie|27\/100 brn|[from] Grassy Terrain\n|-damage|p1b: Diancie|21\/100 brn|[from] brn\n|-fieldend|move: Grassy Terrain\n|upkeep\n|\n|t:|1700980301\n|switch|p1a: Iron Bundle|Iron Bundle, shiny|21\/100\n|turn|13\n|c|\u2606fangame10|ow\n|inactive|fangame10 has 120 seconds left.\n|\n|t:|1700980335\n|switch|p2a: Dicker's Done|Landorus-Therian, M|70\/100\n|-ability|p2a: Dicker's Done|Intimidate|boost\n|-unboost|p1a: Iron Bundle|atk|1\n|-fail|p1b: Diancie|unboost|[from] ability: Clear Body|[of] p1b: Diancie\n|move|p1a: Iron Bundle|Blizzard|p2a: Dicker's Done|[spread] p2a,p2b\n|-supereffective|p2a: Dicker's Done\n|-damage|p2a: Dicker's Done|0 fnt\n|-damage|p2b: Telescope|0 fnt\n|faint|p2a: Dicker's Done\n|faint|p2b: Telescope\n|move|p1b: Diancie|Trick Room|p1b: Diancie\n|-fieldstart|move: Trick Room|[of] p1b: Diancie\n|\n|-damage|p1b: Diancie|14\/100 brn|[from] brn\n|upkeep\n|c|\u2606AIRedzone|oh\n|inactive|AIRedzone has 120 seconds left.\n|\n|t:|1700980356\n|switch|p2b: Wendrid|Rillaboom, F|47\/100\n|-fieldstart|move: Grassy Terrain|[from] ability: Grassy Surge|[of] p2b: Wendrid\n|turn|14\n|\n|t:|1700980362\n|-end|p1a: Iron Bundle|Quark Drive|[silent]\n|switch|p1a: Iron Hands|Iron Hands, shiny|70\/100\n|move|p2b: Wendrid|Grassy Glide|p1a: Iron Hands\n|-damage|p1a: Iron Hands|46\/100\n|-enditem|p1a: Iron Hands|Sitrus Berry|[eat]\n|-heal|p1a: Iron Hands|71\/100|[from] item: Sitrus Berry\n|move|p1b: Diancie|Body Press|p2b: Wendrid\n|-damage|p2b: Wendrid|35\/100\n|\n|-heal|p1a: Iron Hands|77\/100|[from] Grassy Terrain\n|-heal|p1b: Diancie|21\/100 brn|[from] Grassy Terrain\n|-heal|p2b: Wendrid|41\/100|[from] Grassy Terrain\n|-damage|p1b: Diancie|14\/100 brn|[from] brn\n|upkeep\n|turn|15\n|c|\u2606AIRedzone|gg\n|\n|t:|1700980374\n|move|p2b: Wendrid|Grassy Glide|p1b: Diancie\n|-damage|p1b: Diancie|0 fnt\n|faint|p1b: Diancie\n|move|p1a: Iron Hands|Drain Punch|p2b: Wendrid\n|-damage|p2b: Wendrid|4\/100\n|-heal|p1a: Iron Hands|93\/100|[from] drain|[of] p2b: Wendrid\n|\n|-heal|p1a: Iron Hands|99\/100|[from] Grassy Terrain\n|-heal|p2b: Wendrid|10\/100|[from] Grassy Terrain\n|upkeep\n|\n|t:|1700980376\n|switch|p1b: Iron Bundle|Iron Bundle, shiny|21\/100\n|turn|16\n|c|\u2606fangame10|gg\n|\n|t:|1700980383\n|move|p2b: Wendrid|Grassy Glide|p1b: Iron Bundle\n|-supereffective|p1b: Iron Bundle\n|-damage|p1b: Iron Bundle|0 fnt\n|faint|p1b: Iron Bundle\n|-end|p1b: Iron Bundle|Quark Drive|[silent]\n|move|p1a: Iron Hands|Drain Punch|p2b: Wendrid\n|-damage|p2b: Wendrid|0 fnt\n|-heal|p1a: Iron Hands|100\/100|[from] drain|[of] p2b: Wendrid\n|faint|p2b: Wendrid\n|\n|win|fangame10\n|n|\u2606fangame10|fangame10\n|n|\u2606AIRedzone|airedzone\n","uploadtime":1700980384,"views":14,"p1id":"fangame10","p2id":"airedzone","formatid":"gen9doublesou","rating":0,"private":0,"password":""}