{"id":"gen9doublesou-1978613576","p1":"Metal Jester","p2":"Star_Drag00n","format":"[Gen 9] Doubles OU","log":"|j|\u2606Metal Jester\n|j|\u2606Star_Drag00n\n|t:|1698566943\n|gametype|doubles\n|player|p1|Metal Jester|guitarist|1235\n|player|p2|Star_Drag00n|101|1159\n|teamsize|p1|6\n|teamsize|p2|6\n|gen|9\n|tier|[Gen 9] Doubles OU\n|rated|\n|rule|Species Clause: Limit one of each Pok\u00e9mon\n|rule|OHKO Clause: OHKO moves are banned\n|rule|Evasion Moves Clause: Evasion moves are banned\n|rule|Gravity Sleep Clause: The combination of sleep-inducing moves with imperfect accuracy and Gravity or Gigantamax Orbeetle are banned\n|rule|Endless Battle Clause: Forcing endless battles is banned\n|rule|HP Percentage Mod: HP is shown in percentages\n|clearpoke\n|poke|p1|Tornadus, M|\n|poke|p1|Stonjourner, M|\n|poke|p1|Flutter Mane|\n|poke|p1|Iron Hands|\n|poke|p1|Landorus-Therian, M|\n|poke|p1|Goodra-Hisui, M|\n|poke|p2|Amoonguss, F|\n|poke|p2|Dragonite, M|\n|poke|p2|Palafin, M|\n|poke|p2|Heatran, F|\n|poke|p2|Cresselia, F|\n|poke|p2|Clefairy, F|\n|teampreview\n|inactive|Battle timer is ON: inactive players will automatically lose when time's up. (requested by Metal Jester)\n|\n|t:|1698566962\n|start\n|switch|p1a: Tornadus|Tornadus, M|100\/100\n|switch|p1b: Stonjourner|Stonjourner, M, shiny|100\/100\n|switch|p2a: Amoonguss|Amoonguss, F|100\/100\n|switch|p2b: Palafin|Palafin, M|100\/100\n|turn|1\n|\n|t:|1698566982\n|switch|p1b: Goodra|Goodra-Hisui, M|100\/100\n|move|p1a: Tornadus|Taunt|p2a: Amoonguss\n|-start|p2a: Amoonguss|move: Taunt\n|move|p2b: Palafin|Flip Turn|p1b: Goodra\n|-resisted|p1b: Goodra\n|-damage|p1b: Goodra|93\/100\n|\n|t:|1698567000\n|detailschange|p2b: Palafin|Palafin-Hero, M\n|switch|p2b: Cresselia|Cresselia, F|100\/100|[from] Flip Turn\n|cant|p2a: Amoonguss|move: Taunt|Spore\n|\n|-heal|p1b: Goodra|99\/100|[from] item: Leftovers\n|upkeep\n|turn|2\n|\n|t:|1698567012\n|switch|p2a: Heatran|Heatran, F|100\/100\n|-terastallize|p2b: Cresselia|Electric\n|move|p1a: Tornadus|Taunt|p2b: Cresselia\n|-start|p2b: Cresselia|move: Taunt\n|cant|p2b: Cresselia|move: Taunt|Calm Mind\n|move|p1b: Goodra|Draco Meteor|p2a: Heatran\n|-resisted|p2a: Heatran\n|-damage|p2a: Heatran|86\/100\n|-unboost|p1b: Goodra|spa|2\n|\n|-heal|p1b: Goodra|100\/100|[from] item: Leftovers\n|upkeep\n|turn|3\n|\n|t:|1698567034\n|move|p1a: Tornadus|Tailwind|p1a: Tornadus\n|-sidestart|p1: Metal Jester|move: Tailwind\n|move|p1b: Goodra|Chilling Water|p2a: Heatran\n|-supereffective|p2a: Heatran\n|-damage|p2a: Heatran|78\/100\n|-unboost|p2a: Heatran|atk|1\n|move|p2b: Cresselia|Thunderbolt|p1a: Tornadus\n|-supereffective|p1a: Tornadus\n|-damage|p1a: Tornadus|6\/100\n|move|p2a: Heatran|Fire Blast|p1b: Goodra\n|-damage|p1b: Goodra|62\/100\n|\n|-heal|p1b: Goodra|68\/100|[from] item: Leftovers\n|upkeep\n|turn|4\n|\n|t:|1698567057\n|switch|p1b: Stonjourner|Stonjourner, M, shiny|100\/100\n|move|p1a: Tornadus|Bleakwind Storm|p2b: Cresselia|[spread] p2a,p2b\n|-resisted|p2a: Heatran\n|-resisted|p2b: Cresselia\n|-damage|p2a: Heatran|62\/100\n|-damage|p2b: Cresselia|85\/100\n|-unboost|p2a: Heatran|spe|1\n|move|p2b: Cresselia|Thunderbolt|p1a: Tornadus\n|-supereffective|p1a: Tornadus\n|-damage|p1a: Tornadus|0 fnt\n|faint|p1a: Tornadus\n|move|p2a: Heatran|Earth Power|p1b: Stonjourner\n|-supereffective|p1b: Stonjourner\n|-damage|p1b: Stonjourner|0 fnt\n|faint|p1b: Stonjourner\n|\n|-heal|p2b: Cresselia|91\/100|[from] item: Leftovers\n|-end|p2b: Cresselia|move: Taunt\n|upkeep\n|\n|t:|1698567075\n|switch|p1a: Iron Hands|Iron Hands|100\/100\n|switch|p1b: Landorus|Landorus-Therian, M|100\/100\n|-ability|p1b: Landorus|Intimidate|boost\n|-unboost|p2a: Heatran|atk|1\n|-unboost|p2b: Cresselia|atk|1\n|turn|5\n|\n|t:|1698567098\n|switch|p2a: Palafin|Palafin-Hero, M|100\/100\n|-activate|p2a: Palafin|ability: Zero to Hero\n|-terastallize|p1a: Iron Hands|Grass\n|move|p1b: Landorus|Earthquake|p2b: Cresselia|[spread] p1a,p2a\n|-immune|p2b: Cresselia|[from] ability: Levitate\n|-resisted|p1a: Iron Hands\n|-damage|p1a: Iron Hands|87\/100\n|-damage|p2a: Palafin|63\/100\n|move|p1a: Iron Hands|Close Combat|p2b: Cresselia\n|-damage|p2b: Cresselia|44\/100\n|-unboost|p1a: Iron Hands|def|1\n|-unboost|p1a: Iron Hands|spd|1\n|move|p2b: Cresselia|Calm Mind|p2b: Cresselia\n|-boost|p2b: Cresselia|spa|1\n|-boost|p2b: Cresselia|spd|1\n|\n|-heal|p2b: Cresselia|50\/100|[from] item: Leftovers\n|upkeep\n|turn|6\n|inactive|Star_Drag00n has 120 seconds left.\n|\n|t:|1698567149\n|move|p1b: Landorus|Rock Slide|p2b: Cresselia|[spread] p2a\n|-miss|p1b: Landorus|p2b: Cresselia\n|-damage|p2a: Palafin|46\/100\n|move|p1a: Iron Hands|Wild Charge|p2a: Palafin\n|-supereffective|p2a: Palafin\n|-damage|p2a: Palafin|0 fnt\n|faint|p2a: Palafin\n|-damage|p1a: Iron Hands|80\/100|[from] Recoil\n|move|p2b: Cresselia|Moonblast|p1a: Iron Hands\n|-damage|p1a: Iron Hands|45\/100\n|\n|-heal|p2b: Cresselia|56\/100|[from] item: Leftovers\n|-sideend|p1: Metal Jester|move: Tailwind\n|upkeep\n|inactive|Star_Drag00n has 90 seconds left.\n|\n|t:|1698567164\n|switch|p2a: Clefairy|Clefairy, F|100\/100\n|turn|7\n|\n|t:|1698567173\n|move|p1b: Landorus|Rock Slide|p2a: Clefairy|[spread] p2a,p2b\n|-damage|p2a: Clefairy|83\/100\n|-damage|p2b: Cresselia|42\/100\n|move|p2b: Cresselia|Calm Mind|p2b: Cresselia\n|-boost|p2b: Cresselia|spa|1\n|-boost|p2b: Cresselia|spd|1\n|move|p1a: Iron Hands|Close Combat|p2b: Cresselia\n|-damage|p2b: Cresselia|0 fnt\n|-unboost|p1a: Iron Hands|def|1\n|-unboost|p1a: Iron Hands|spd|1\n|faint|p2b: Cresselia\n|cant|p2a: Clefairy|flinch\n|\n|upkeep\n|\n|t:|1698567190\n|switch|p2b: Dragonite|Dragonite, M|100\/100\n|turn|8\n|inactive|Star_Drag00n has 120 seconds left.\n|\n|t:|1698567207\n|-end|p1a: Iron Hands|Quark Drive|[silent]\n|switch|p1a: Goodra|Goodra-Hisui, M|68\/100\n|move|p2a: Clefairy|Helping Hand|p2b: Dragonite\n|-singleturn|p2b: Dragonite|Helping Hand|[of] p2a: Clefairy\n|move|p2b: Dragonite|Outrage|p1a: Goodra\n|-damage|p1a: Goodra|5\/100\n|move|p1b: Landorus|Rock Slide|p2b: Dragonite|[spread] p2a\n|-miss|p1b: Landorus|p2b: Dragonite\n|-damage|p2a: Clefairy|63\/100\n|\n|-heal|p1a: Goodra|11\/100|[from] item: Leftovers\n|upkeep\n|turn|9\n|inactive|Star_Drag00n has 120 seconds left.\n|\n|t:|1698567228\n|move|p2a: Clefairy|Follow Me|p2a: Clefairy\n|-singleturn|p2a: Clefairy|move: Follow Me\n|move|p2b: Dragonite|Outrage|p1a: Goodra|[from]lockedmove\n|-damage|p1a: Goodra|0 fnt\n|faint|p1a: Goodra\n|move|p1b: Landorus|Rock Slide|p2a: Clefairy|[spread] p2a,p2b\n|-supereffective|p2b: Dragonite\n|-damage|p2a: Clefairy|44\/100\n|-damage|p2b: Dragonite|76\/100\n|\n|upkeep\n|\n|t:|1698567234\n|switch|p1a: Flutter Mane|Flutter Mane|100\/100\n|turn|10\n|inactive|Star_Drag00n has 120 seconds left.\n|\n|t:|1698567277\n|switch|p2a: Amoonguss|Amoonguss, F|100\/100\n|move|p2b: Dragonite|Outrage|p1a: Flutter Mane|[from]lockedmove\n|-immune|p1a: Flutter Mane\n|-start|p2b: Dragonite|confusion|[fatigue]\n|move|p1a: Flutter Mane|Shadow Ball|p2b: Dragonite\n|-crit|p2b: Dragonite\n|-damage|p2b: Dragonite|0 fnt\n|faint|p2b: Dragonite\n|move|p1b: Landorus|Rock Slide|p2a: Amoonguss\n|-damage|p2a: Amoonguss|77\/100\n|\n|-heal|p2a: Amoonguss|84\/100|[from] item: Black Sludge\n|upkeep\n|\n|t:|1698567293\n|switch|p2b: Heatran|Heatran, F|62\/100\n|turn|11\n|\n|t:|1698567305\n|move|p1a: Flutter Mane|Shadow Ball|p2a: Amoonguss\n|-damage|p2a: Amoonguss|38\/100\n|move|p1b: Landorus|Earthquake|p2b: Heatran|[spread] p1a,p2a,p2b\n|-supereffective|p2b: Heatran\n|-damage|p1a: Flutter Mane|1\/100\n|-damage|p2a: Amoonguss|2\/100\n|-damage|p2b: Heatran|0 fnt\n|faint|p2b: Heatran\n|move|p2a: Amoonguss|Spore|p1a: Flutter Mane\n|-status|p1a: Flutter Mane|slp|[from] move: Spore\n|\n|-heal|p2a: Amoonguss|8\/100|[from] item: Black Sludge\n|upkeep\n|\n|t:|1698567318\n|switch|p2b: Clefairy|Clefairy, F|44\/100\n|turn|12\n|inactive|Star_Drag00n has 120 seconds left.\n|\n|t:|1698567331\n|cant|p1a: Flutter Mane|slp\n|move|p1b: Landorus|Earthquake|p2a: Amoonguss|[spread] p1a,p2a,p2b\n|-crit|p2a: Amoonguss\n|-damage|p1a: Flutter Mane|0 fnt\n|-damage|p2a: Amoonguss|0 fnt\n|-damage|p2b: Clefairy|6\/100\n|faint|p1a: Flutter Mane\n|-end|p1a: Flutter Mane|Protosynthesis|[silent]\n|faint|p2a: Amoonguss\n|move|p2b: Clefairy|Heal Pulse|p2: Amoonguss|[notarget]\n|-fail|p2b: Clefairy\n|\n|upkeep\n|\n|t:|1698567336\n|switch|p1a: Iron Hands|Iron Hands, tera:Grass|45\/100\n|turn|13\n|\n|t:|1698567344\n|move|p1a: Iron Hands|Fake Out|p2b: Clefairy\n|-damage|p2b: Clefairy|0 fnt\n|faint|p2b: Clefairy\n|\n|win|Metal Jester\n|raw|Metal Jester's rating: 1235 &rarr; <strong>1255<\/strong><br \/>(+20 for winning)\n|raw|Star_Drag00n's rating: 1159 &rarr; <strong>1139<\/strong><br \/>(-20 for losing)\n","uploadtime":1698567347,"views":20,"p1id":"metaljester","p2id":"stardrag00n","formatid":"gen9doublesou","rating":1139,"private":0,"password":""}