{"id":"gen9doublesou-1985129399","p1":"kinqidiot","p2":"Fuchx","format":"[Gen 9] Doubles OU","log":"|j|\u2606kinqidiot\n|j|\u2606Fuchx\n|t:|1699335163\n|gametype|doubles\n|player|p1|kinqidiot|n|1043\n|player|p2|Fuchx|unknownf|1144\n|teamsize|p1|6\n|teamsize|p2|6\n|gen|9\n|tier|[Gen 9] Doubles OU\n|rated|\n|rule|Species Clause: Limit one of each Pok\u00e9mon\n|rule|OHKO Clause: OHKO moves are banned\n|rule|Evasion Moves Clause: Evasion moves are banned\n|rule|Gravity Sleep Clause: The combination of sleep-inducing moves with imperfect accuracy and Gravity or Gigantamax Orbeetle are banned\n|rule|Endless Battle Clause: Forcing endless battles is banned\n|rule|HP Percentage Mod: HP is shown in percentages\n|clearpoke\n|poke|p1|Gardevoir, F|\n|poke|p1|Grimmsnarl, M|\n|poke|p1|Indeedee-F, F|\n|poke|p1|Armarouge, M|\n|poke|p1|Sylveon, M|\n|poke|p1|Enamorus-Therian, F|\n|poke|p2|Ogerpon-Hearthflame, F|\n|poke|p2|Indeedee-F, F|\n|poke|p2|Cacnea, F|\n|poke|p2|Armarouge, F|\n|poke|p2|Landorus-Therian, M|\n|poke|p2|Amoonguss, M|\n|teampreview\n|\n|t:|1699335177\n|start\n|switch|p1a: Gardevoir|Gardevoir, F|100\/100\n|switch|p1b: Grimmsnarl|Grimmsnarl, M|100\/100\n|switch|p2a: Armarouge|Armarouge, F|100\/100\n|switch|p2b: Landorus|Landorus-Therian, M|100\/100\n|-ability|p2b: Landorus|Intimidate|boost\n|-unboost|p1a: Gardevoir|atk|1\n|-unboost|p1b: Grimmsnarl|atk|1\n|turn|1\n|\n|t:|1699335221\n|switch|p2a: Ogerpon|Ogerpon-Hearthflame, F|100\/100\n|-ability|p2a: Ogerpon|Mold Breaker\n|move|p1b: Grimmsnarl|Light Screen|p1b: Grimmsnarl\n|-sidestart|p1: kinqidiot|move: Light Screen\n|move|p2b: Landorus|Rock Slide|p1b: Grimmsnarl|[spread] p1a,p1b\n|-damage|p1a: Gardevoir|63\/100\n|-damage|p1b: Grimmsnarl|83\/100\n|move|p1a: Gardevoir|Misty Terrain|p1a: Gardevoir\n|-fieldstart|move: Misty Terrain\n|\n|upkeep\n|turn|2\n|\n|t:|1699335236\n|move|p1b: Grimmsnarl|Reflect|p1b: Grimmsnarl\n|-sidestart|p1: kinqidiot|Reflect\n|move|p2b: Landorus|Rock Slide|p1a: Gardevoir|[spread] p1a\n|-miss|p2b: Landorus|p1b: Grimmsnarl\n|-damage|p1a: Gardevoir|38\/100\n|move|p2a: Ogerpon|Swords Dance|p2a: Ogerpon\n|-boost|p2a: Ogerpon|atk|2\n|move|p1a: Gardevoir|Misty Explosion|p2b: Landorus|[spread] p1b,p2a,p2b\n|-supereffective|p1b: Grimmsnarl\n|-resisted|p2a: Ogerpon\n|-crit|p2b: Landorus\n|-damage|p1b: Grimmsnarl|0 fnt\n|-damage|p2a: Ogerpon|65\/100\n|-damage|p2b: Landorus|0 fnt\n|faint|p1a: Gardevoir\n|faint|p1b: Grimmsnarl\n|faint|p2b: Landorus\n|\n|upkeep\n|\n|t:|1699335259\n|switch|p2b: Amoonguss|Amoonguss, M|100\/100\n|switch|p1a: Indeedee|Indeedee-F, F|100\/100\n|switch|p1b: Armarouge|Armarouge, M|100\/100\n|-fieldstart|move: Psychic Terrain|[from] ability: Psychic Surge|[of] p1a: Indeedee\n|-enditem|p1b: Armarouge|Psychic Seed\n|-boost|p1b: Armarouge|spd|1|[from] item: Psychic Seed\n|turn|3\n|\n|t:|1699335272\n|move|p2a: Ogerpon|Spiky Shield|p2a: Ogerpon\n|-singleturn|p2a: Ogerpon|move: Protect\n|move|p1a: Indeedee|Follow Me|p1a: Indeedee\n|-singleturn|p1a: Indeedee|move: Follow Me\n|move|p1b: Armarouge|Expanding Force|p2a: Ogerpon|[spread] p2b\n|-activate|p2a: Ogerpon|move: Protect\n|-supereffective|p2b: Amoonguss\n|-damage|p2b: Amoonguss|0 fnt\n|faint|p2b: Amoonguss\n|\n|upkeep\n|\n|t:|1699335294\n|switch|p2b: Armarouge|Armarouge, F|100\/100\n|turn|4\n|\n|t:|1699335312\n|move|p1a: Indeedee|Follow Me|p1a: Indeedee\n|-singleturn|p1a: Indeedee|move: Follow Me\n|move|p2a: Ogerpon|Play Rough|p1a: Indeedee|[miss]\n|-miss|p2a: Ogerpon|p1a: Indeedee\n|move|p2b: Armarouge|Expanding Force|p1a: Indeedee|[spread] p1a,p1b\n|-resisted|p1a: Indeedee\n|-resisted|p1b: Armarouge\n|-crit|p1b: Armarouge\n|-damage|p1a: Indeedee|68\/100\n|-damage|p1b: Armarouge|17\/100\n|move|p1b: Armarouge|Expanding Force|p2b: Armarouge|[spread] p2a,p2b\n|-resisted|p2b: Armarouge\n|-damage|p2a: Ogerpon|0 fnt\n|-damage|p2b: Armarouge|67\/100\n|faint|p2a: Ogerpon\n|\n|upkeep\n|\n|t:|1699335330\n|switch|p2a: Cacnea|Cacnea, F|100\/100\n|turn|5\n|\n|t:|1699335340\n|move|p2a: Cacnea|Sucker Punch|p1b: Armarouge\n|-activate|p1b: Armarouge|move: Psychic Terrain\n|move|p2b: Armarouge|Expanding Force|p1a: Indeedee|[spread] p1a,p1b\n|-resisted|p1a: Indeedee\n|-resisted|p1b: Armarouge\n|-damage|p1a: Indeedee|39\/100\n|-damage|p1b: Armarouge|0 fnt\n|faint|p1b: Armarouge\n|move|p1a: Indeedee|Dazzling Gleam|p2b: Armarouge|[spread] p2a,p2b\n|-resisted|p2b: Armarouge\n|-damage|p2a: Cacnea|80\/100\n|-damage|p2b: Armarouge|59\/100\n|\n|upkeep\n|\n|t:|1699335352\n|switch|p1b: Sylveon|Sylveon, M|100\/100\n|turn|6\n|\n|t:|1699335366\n|move|p2b: Armarouge|Expanding Force|p1a: Indeedee|[spread] p1a,p1b\n|-resisted|p1a: Indeedee\n|-damage|p1a: Indeedee|11\/100\n|-damage|p1b: Sylveon|58\/100\n|move|p1a: Indeedee|Heal Pulse|p1b: Sylveon\n|-heal|p1b: Sylveon|100\/100\n|move|p1b: Sylveon|Hyper Voice|p2b: Armarouge|[spread] p2a,p2b\n|-resisted|p2b: Armarouge\n|-damage|p2a: Cacnea|16\/100\n|-damage|p2b: Armarouge|35\/100\n|-enditem|p1b: Sylveon|Throat Spray\n|-boost|p1b: Sylveon|spa|1|[from] item: Throat Spray\n|move|p2a: Cacnea|Energy Ball|p1b: Sylveon\n|-damage|p1b: Sylveon|85\/100\n|\n|upkeep\n|turn|7\n|\n|t:|1699335387\n|move|p2a: Cacnea|Sucker Punch||[still]\n|-fail|p2a: Cacnea\n|move|p2b: Armarouge|Expanding Force|p1a: Indeedee|[spread] p1a,p1b\n|-resisted|p1a: Indeedee\n|-damage|p1a: Indeedee|0 fnt\n|-damage|p1b: Sylveon|36\/100\n|faint|p1a: Indeedee\n|move|p1b: Sylveon|Hyper Voice|p2b: Armarouge|[spread] p2a,p2b\n|-resisted|p2b: Armarouge\n|-damage|p2a: Cacnea|0 fnt\n|-damage|p2b: Armarouge|1\/100\n|faint|p2a: Cacnea\n|\n|-fieldend|move: Psychic Terrain\n|upkeep\n|\n|t:|1699335400\n|switch|p1a: Enamorus|Enamorus-Therian, F|100\/100\n|switch|p2a: Indeedee|Indeedee-F, F|100\/100\n|-fieldstart|move: Psychic Terrain|[from] ability: Psychic Surge|[of] p2a: Indeedee\n|turn|8\n|\n|t:|1699335421\n|-terastallize|p2b: Armarouge|Psychic\n|move|p2a: Indeedee|Follow Me|p2a: Indeedee\n|-singleturn|p2a: Indeedee|move: Follow Me\n|move|p2b: Armarouge|Expanding Force|p1a: Enamorus|[spread] p1a,p1b\n|-damage|p1a: Enamorus|32\/100\n|-damage|p1b: Sylveon|0 fnt\n|faint|p1b: Sylveon\n|move|p1a: Enamorus|Draining Kiss|p2a: Indeedee\n|-damage|p2a: Indeedee|78\/100\n|-heal|p1a: Enamorus|50\/100|[from] drain|[of] p2a: Indeedee\n|\n|-sideend|p1: kinqidiot|move: Light Screen\n|upkeep\n|turn|9\n|\n|t:|1699335439\n|-terastallize|p1a: Enamorus|Steel\n|move|p2a: Indeedee|Follow Me|p2a: Indeedee\n|-singleturn|p2a: Indeedee|move: Follow Me\n|move|p2b: Armarouge|Expanding Force|p1a: Enamorus\n|-resisted|p1a: Enamorus\n|-damage|p1a: Enamorus|0 fnt\n|faint|p1a: Enamorus\n|\n|win|Fuchx\n|raw|kinqidiot's rating: 1043 &rarr; <strong>1031<\/strong><br \/>(-12 for losing)\n|raw|Fuchx's rating: 1144 &rarr; <strong>1162<\/strong><br \/>(+18 for winning)\n","uploadtime":1699335450,"views":14,"p1id":"kinqidiot","p2id":"fuchx","formatid":"gen9doublesou","rating":1031,"private":0,"password":""}