{"id":"gen9doublesou-1978999887","p1":"Critian Caceorte","p2":"DopeDude95","format":"[Gen 9] Doubles OU","log":"|j|\u2606Critian Caceorte\n|j|\u2606DopeDude95\n|t:|1698619485\n|gametype|doubles\n|player|p1|Critian Caceorte|265|1051\n|player|p2|DopeDude95|benga|1087\n|teamsize|p1|6\n|teamsize|p2|6\n|gen|9\n|tier|[Gen 9] Doubles OU\n|rated|\n|rule|Species Clause: Limit one of each Pok\u00e9mon\n|rule|OHKO Clause: OHKO moves are banned\n|rule|Evasion Moves Clause: Evasion moves are banned\n|rule|Gravity Sleep Clause: The combination of sleep-inducing moves with imperfect accuracy and Gravity or Gigantamax Orbeetle are banned\n|rule|Endless Battle Clause: Forcing endless battles is banned\n|rule|HP Percentage Mod: HP is shown in percentages\n|clearpoke\n|poke|p1|Bisharp, F|\n|poke|p1|Brute Bonnet|\n|poke|p1|Mandibuzz, F|\n|poke|p1|Muk-Alola, F|\n|poke|p1|Persian-Alola, M|\n|poke|p1|Samurott-Hisui, M|\n|poke|p2|Kommo-o, F|\n|poke|p2|Sinistcha-Masterpiece|\n|poke|p2|Ogerpon-Hearthflame, F|\n|poke|p2|Ninetales-Alola, M|\n|poke|p2|Amoonguss, F|\n|poke|p2|Lurantis, M|\n|teampreview\n|\n|t:|1698619495\n|start\n|switch|p1a: Bisharp|Bisharp, F|100\/100\n|switch|p1b: Mandibuzz|Mandibuzz, F|100\/100\n|switch|p2a: R U sure Abt DAT|Lurantis, M|100\/100\n|switch|p2b: BEEG BONKKK|Ogerpon-Hearthflame, F|100\/100\n|-ability|p2b: BEEG BONKKK|Mold Breaker\n|turn|1\n|\n|t:|1698619518\n|move|p2b: BEEG BONKKK|Ivy Cudgel|p1a: Bisharp\n|-supereffective|p1a: Bisharp\n|-damage|p1a: Bisharp|20\/100\n|move|p1b: Mandibuzz|Tailwind|p1b: Mandibuzz\n|-sidestart|p1: Critian Caceorte|move: Tailwind\n|move|p1a: Bisharp|Swords Dance|p1a: Bisharp\n|-boost|p1a: Bisharp|atk|2\n|move|p2a: R U sure Abt DAT|Superpower|p1b: Mandibuzz\n|-damage|p1b: Mandibuzz|78\/100\n|-boost|p2a: R U sure Abt DAT|atk|1\n|-boost|p2a: R U sure Abt DAT|def|1\n|\n|-heal|p1b: Mandibuzz|84\/100|[from] item: Leftovers\n|upkeep\n|turn|2\n|\n|t:|1698619541\n|switch|p2a: Elsa|Ninetales-Alola, M, shiny|100\/100\n|-weather|Snow|[from] ability: Snow Warning|[of] p2a: Elsa\n|move|p1b: Mandibuzz|Foul Play|p2a: Elsa\n|-resisted|p2a: Elsa\n|-damage|p2a: Elsa|92\/100\n|move|p1a: Bisharp|Poison Jab|p2b: BEEG BONKKK\n|-supereffective|p2b: BEEG BONKKK\n|-damage|p2b: BEEG BONKKK|0 fnt\n|faint|p2b: BEEG BONKKK\n|\n|-weather|Snow|[upkeep]\n|-heal|p1b: Mandibuzz|91\/100|[from] item: Leftovers\n|upkeep\n|\n|t:|1698619554\n|switch|p2b: Slurpy-Durp|Sinistcha-Masterpiece, shiny|100\/100\n|-heal|p2a: Elsa|100\/100|[from] ability: Hospitality|[of] p2b: Slurpy-Durp\n|turn|3\n|\n|t:|1698619563\n|move|p1b: Mandibuzz|Taunt|p2b: Slurpy-Durp\n|-start|p2b: Slurpy-Durp|move: Taunt\n|move|p1a: Bisharp|Iron Head|p2a: Elsa\n|-supereffective|p2a: Elsa\n|-damage|p2a: Elsa|0 fnt\n|faint|p2a: Elsa\n|move|p2b: Slurpy-Durp|Matcha Gotcha|p1b: Mandibuzz|[spread] p1a,p1b\n|-resisted|p1a: Bisharp\n|-resisted|p1b: Mandibuzz\n|-damage|p1a: Bisharp|7\/100\n|-damage|p1b: Mandibuzz|79\/100\n|\n|-weather|Snow|[upkeep]\n|-heal|p1b: Mandibuzz|85\/100|[from] item: Leftovers\n|upkeep\n|\n|t:|1698619576\n|switch|p2a: R and R|Kommo-o, F, shiny|100\/100\n|turn|4\n|\n|t:|1698619589\n|move|p1a: Bisharp|Sucker Punch|p2b: Slurpy-Durp\n|-supereffective|p2b: Slurpy-Durp\n|-damage|p2b: Slurpy-Durp|0 fnt\n|faint|p2b: Slurpy-Durp\n|move|p1b: Mandibuzz|Foul Play|p2a: R and R\n|-resisted|p2a: R and R\n|-damage|p2a: R and R|78\/100\n|move|p2a: R and R|Clangorous Soul|p2a: R and R\n|-boost|p2a: R and R|atk|1\n|-boost|p2a: R and R|def|1\n|-boost|p2a: R and R|spa|1\n|-boost|p2a: R and R|spd|1\n|-boost|p2a: R and R|spe|1\n|-damage|p2a: R and R|45\/100\n|\n|-weather|Snow|[upkeep]\n|-heal|p1b: Mandibuzz|92\/100|[from] item: Leftovers\n|-sideend|p1: Critian Caceorte|move: Tailwind\n|upkeep\n|\n|t:|1698619603\n|switch|p2b: R U sure Abt DAT|Lurantis, M|100\/100\n|turn|5\n|\n|t:|1698619612\n|move|p1a: Bisharp|Sucker Punch|p2a: R and R\n|-resisted|p2a: R and R\n|-damage|p2a: R and R|27\/100\n|move|p2a: R and R|Scale Shot|p1b: Mandibuzz\n|-damage|p1b: Mandibuzz|77\/100\n|-damage|p1b: Mandibuzz|62\/100\n|-damage|p1b: Mandibuzz|47\/100\n|-damage|p1b: Mandibuzz|32\/100\n|-damage|p1b: Mandibuzz|18\/100\n|-hitcount|p1b: Mandibuzz|5\n|-unboost|p2a: R and R|def|1\n|-boost|p2a: R and R|spe|1\n|move|p1b: Mandibuzz|Foul Play|p2a: R and R\n|-resisted|p2a: R and R\n|-damage|p2a: R and R|0 fnt\n|faint|p2a: R and R\n|move|p2b: R U sure Abt DAT|Superpower|p1a: Bisharp\n|-supereffective|p1a: Bisharp\n|-damage|p1a: Bisharp|0 fnt\n|-boost|p2b: R U sure Abt DAT|atk|1\n|-boost|p2b: R U sure Abt DAT|def|1\n|faint|p1a: Bisharp\n|\n|-weather|Snow|[upkeep]\n|-heal|p1b: Mandibuzz|24\/100|[from] item: Leftovers\n|upkeep\n|\n|t:|1698619635\n|switch|p2a: Amoonguss-Factor|Amoonguss, F, shiny|100\/100\n|switch|p1a: Muk|Muk-Alola, F|100\/100\n|turn|6\n|\n|t:|1698619647\n|move|p1b: Mandibuzz|Taunt|p2a: Amoonguss-Factor\n|-start|p2a: Amoonguss-Factor|move: Taunt\n|move|p2b: R U sure Abt DAT|Superpower|p1b: Mandibuzz\n|-damage|p1b: Mandibuzz|0 fnt\n|-boost|p2b: R U sure Abt DAT|atk|1\n|-boost|p2b: R U sure Abt DAT|def|1\n|faint|p1b: Mandibuzz\n|-ability|p1a: Muk|Overcoat|[from] ability: Power of Alchemy|[of] p1b: Mandibuzz\n|move|p1a: Muk|Knock Off|p2b: R U sure Abt DAT\n|-damage|p2b: R U sure Abt DAT|88\/100\n|cant|p2a: Amoonguss-Factor|move: Taunt|Spore\n|\n|-weather|none\n|upkeep\n|\n|t:|1698619664\n|switch|p1b: Brute Bonnet|Brute Bonnet|100\/100\n|-enditem|p1b: Brute Bonnet|Booster Energy\n|-activate|p1b: Brute Bonnet|ability: Protosynthesis|[fromitem]\n|-start|p1b: Brute Bonnet|protosynthesisdef\n|turn|7\n|\n|t:|1698619675\n|move|p2b: R U sure Abt DAT|Superpower|p1a: Muk\n|-damage|p1a: Muk|46\/100\n|-boost|p2b: R U sure Abt DAT|atk|1\n|-boost|p2b: R U sure Abt DAT|def|1\n|move|p1b: Brute Bonnet|Clear Smog|p2b: R U sure Abt DAT\n|-supereffective|p2b: R U sure Abt DAT\n|-damage|p2b: R U sure Abt DAT|69\/100\n|-clearboost|p2b: R U sure Abt DAT\n|move|p1a: Muk|Poison Jab|p2b: R U sure Abt DAT\n|-supereffective|p2b: R U sure Abt DAT\n|-damage|p2b: R U sure Abt DAT|8\/100\n|-activate|p2a: Amoonguss-Factor|move: Struggle\n|move|p2a: Amoonguss-Factor|Struggle|p1a: Muk\n|-damage|p1a: Muk|35\/100\n|-damage|p2a: Amoonguss-Factor|75\/100|[from] recoil\n|\n|upkeep\n|turn|8\n|\n|t:|1698619703\n|move|p2b: R U sure Abt DAT|Superpower|p1a: Muk\n|-damage|p1a: Muk|3\/100\n|-boost|p2b: R U sure Abt DAT|atk|1\n|-boost|p2b: R U sure Abt DAT|def|1\n|move|p1b: Brute Bonnet|Body Press|p2b: R U sure Abt DAT\n|-damage|p2b: R U sure Abt DAT|0 fnt\n|faint|p2b: R U sure Abt DAT\n|move|p1a: Muk|Fire Punch|p2a: Amoonguss-Factor\n|-supereffective|p2a: Amoonguss-Factor\n|-damage|p2a: Amoonguss-Factor|42\/100\n|-damage|p1a: Muk|0 fnt|[from] item: Rocky Helmet|[of] p2a: Amoonguss-Factor\n|faint|p1a: Muk\n|-activate|p2a: Amoonguss-Factor|move: Struggle\n|move|p2a: Amoonguss-Factor|Struggle|p1b: Brute Bonnet\n|-damage|p1b: Brute Bonnet|96\/100\n|-damage|p2a: Amoonguss-Factor|17\/100|[from] recoil\n|\n|-end|p2a: Amoonguss-Factor|move: Taunt\n|upkeep\n|-message|DopeDude95 forfeited.\n|\n|win|Critian Caceorte\n|raw|Critian Caceorte's rating: 1051 &rarr; <strong>1087<\/strong><br \/>(+36 for winning)\n|raw|DopeDude95's rating: 1087 &rarr; <strong>1062<\/strong><br \/>(-25 for losing)\n|l|\u2606DopeDude95\n","uploadtime":1698619726,"views":12,"p1id":"critiancaceorte","p2id":"dopedude95","formatid":"gen9doublesou","rating":1062,"private":0,"password":""}