{"id":"gen9doublesou-1983126480","p1":"Sleepoligy","p2":"jokingdraco","format":"[Gen 9] Doubles OU","log":"|j|\u2606Sleepoligy\n|j|\u2606jokingdraco\n|t:|1699091823\n|gametype|doubles\n|player|p1|Sleepoligy|brycen|1112\n|player|p2|jokingdraco|harlequin|1157\n|teamsize|p1|6\n|teamsize|p2|6\n|gen|9\n|tier|[Gen 9] Doubles OU\n|rated|\n|rule|Species Clause: Limit one of each Pok\u00e9mon\n|rule|OHKO Clause: OHKO moves are banned\n|rule|Evasion Moves Clause: Evasion moves are banned\n|rule|Gravity Sleep Clause: The combination of sleep-inducing moves with imperfect accuracy and Gravity or Gigantamax Orbeetle are banned\n|rule|Endless Battle Clause: Forcing endless battles is banned\n|rule|HP Percentage Mod: HP is shown in percentages\n|clearpoke\n|poke|p1|Hippowdon, M|\n|poke|p1|Gligar, F|\n|poke|p1|Toedscruel, M|\n|poke|p1|Landorus-Therian, M|\n|poke|p1|Ursaluna-Bloodmoon, M|\n|poke|p1|Great Tusk|\n|poke|p2|Sneasler, F|\n|poke|p2|Glimmora, F|\n|poke|p2|Zoroark-Hisui, M|\n|poke|p2|Amoonguss, M|\n|poke|p2|Ninetales-Alola, M|\n|poke|p2|Palafin, M|\n|teampreview\n|inactive|Battle timer is ON: inactive players will automatically lose when time's up. (requested by Sleepoligy)\n|inactive|Sleepoligy has 120 seconds left.\n|\n|t:|1699091869\n|start\n|switch|p1a: Gligar|Gligar, F|100\/100\n|switch|p1b: Landorus|Landorus-Therian, M|100\/100\n|switch|p2a: Sneasler|Sneasler, F|100\/100\n|switch|p2b: Palafin|Palafin, M|100\/100\n|-ability|p1b: Landorus|Intimidate|boost\n|-unboost|p2a: Sneasler|atk|1\n|-unboost|p2b: Palafin|atk|1\n|turn|1\n|inactive|Sleepoligy has 120 seconds left.\n|\n|t:|1699091904\n|switch|p1b: Great Tusk|Great Tusk|100\/100\n|-enditem|p1b: Great Tusk|Booster Energy\n|-activate|p1b: Great Tusk|ability: Protosynthesis|[fromitem]\n|-start|p1b: Great Tusk|protosynthesisatk\n|-terastallize|p1a: Gligar|Ghost\n|move|p2a: Sneasler|Fake Out|p1b: Great Tusk\n|-enditem|p2a: Sneasler|Normal Gem|[from] gem\n|-damage|p1b: Great Tusk|90\/100\n|move|p2b: Palafin|Flip Turn|p1a: Gligar\n|-damage|p1a: Gligar|86\/100\n|inactive|jokingdraco has 120 seconds left.\n|\n|t:|1699091936\n|detailschange|p2b: Palafin|Palafin-Hero, M\n|switch|p2b: Ninetales|Ninetales-Alola, M|100\/100|[from] Flip Turn\n|-weather|Snow|[from] ability: Snow Warning|[of] p2b: Ninetales\n|move|p1a: Gligar|Tailwind|p1a: Gligar\n|-sidestart|p1: Sleepoligy|move: Tailwind\n|\n|-weather|Snow|[upkeep]\n|upkeep\n|turn|2\n|inactive|jokingdraco has 120 seconds left.\n|\n|t:|1699091957\n|switch|p1a: Hippowdon|Hippowdon, M|100\/100\n|-weather|Sandstorm|[from] ability: Sand Stream|[of] p1a: Hippowdon\n|move|p2a: Sneasler|Acrobatics|p1b: Great Tusk\n|-supereffective|p1b: Great Tusk\n|-damage|p1b: Great Tusk|47\/100\n|move|p1b: Great Tusk|Earthquake|p2b: Ninetales|[spread] p1a,p2a,p2b\n|-supereffective|p2a: Sneasler\n|-damage|p1a: Hippowdon|65\/100\n|-damage|p2a: Sneasler|0 fnt\n|-damage|p2b: Ninetales|22\/100\n|faint|p2a: Sneasler\n|move|p2b: Ninetales|Aurora Veil||[still]\n|-fail|p2b: Ninetales\n|\n|-weather|Sandstorm|[upkeep]\n|-damage|p2b: Ninetales|16\/100|[from] Sandstorm\n|upkeep\n|inactive|jokingdraco has 90 seconds left.\n|\n|t:|1699091993\n|switch|p2a: Palafin|Palafin-Hero, M|100\/100\n|-activate|p2a: Palafin|ability: Zero to Hero\n|turn|3\n|\n|t:|1699092016\n|switch|p2b: Amoonguss|Amoonguss, M|100\/100\n|switch|p1a: Toedscruel|Toedscruel, M|100\/100\n|move|p1b: Great Tusk|Protect|p1b: Great Tusk\n|-singleturn|p1b: Great Tusk|Protect\n|move|p2a: Palafin|Flip Turn|p1b: Great Tusk\n|-activate|p1b: Great Tusk|move: Protect\n|\n|-weather|Sandstorm|[upkeep]\n|-damage|p2a: Palafin|94\/100|[from] Sandstorm\n|-damage|p2b: Amoonguss|94\/100|[from] Sandstorm\n|upkeep\n|turn|4\n|\n|t:|1699092037\n|move|p2b: Amoonguss|Rage Powder|p2b: Amoonguss\n|-singleturn|p2b: Amoonguss|move: Rage Powder\n|move|p1a: Toedscruel|Rage Powder|p1a: Toedscruel\n|-singleturn|p1a: Toedscruel|move: Rage Powder\n|move|p1b: Great Tusk|Earthquake|p2b: Amoonguss|[spread] p1a,p2a,p2b\n|-resisted|p1a: Toedscruel\n|-damage|p1a: Toedscruel|70\/100\n|-damage|p2a: Palafin|41\/100\n|-damage|p2b: Amoonguss|36\/100\n|-enditem|p2b: Amoonguss|Eject Button\n|\n|t:|1699092044\n|switch|p2b: Ninetales|Ninetales-Alola, M|16\/100\n|-weather|Snow|[from] ability: Snow Warning|[of] p2b: Ninetales\n|move|p2a: Palafin|Flip Turn|p1a: Toedscruel\n|-damage|p1a: Toedscruel|18\/100\n|\n|t:|1699092058\n|switch|p2a: Amoonguss|Amoonguss, M|70\/100|[from] Flip Turn\n|\n|-weather|Snow|[upkeep]\n|-sideend|p1: Sleepoligy|move: Tailwind\n|upkeep\n|turn|5\n|inactive|Sleepoligy has 120 seconds left.\n|\n|t:|1699092090\n|switch|p1a: Hippowdon|Hippowdon, M|65\/100\n|-weather|Sandstorm|[from] ability: Sand Stream|[of] p1a: Hippowdon\n|move|p2b: Ninetales|Protect|p2b: Ninetales\n|-singleturn|p2b: Ninetales|Protect\n|move|p1b: Great Tusk|Protect|p1b: Great Tusk\n|-singleturn|p1b: Great Tusk|Protect\n|move|p2a: Amoonguss|Pollen Puff|p2b: Ninetales\n|-activate|p2b: Ninetales|move: Protect\n|\n|-weather|Sandstorm|[upkeep]\n|-damage|p2b: Ninetales|10\/100|[from] Sandstorm\n|-damage|p2a: Amoonguss|64\/100|[from] Sandstorm\n|upkeep\n|turn|6\n|inactive|jokingdraco has 120 seconds left.\n|c|\u2606jokingdraco|what\n|\n|t:|1699092126\n|switch|p2b: Glimmora|Glimmora, F|100\/100\n|move|p2a: Amoonguss|Rage Powder|p2a: Amoonguss\n|-singleturn|p2a: Amoonguss|move: Rage Powder\n|move|p1b: Great Tusk|Earthquake|p2b: Glimmora|[spread] p1a,p2a,p2b\n|-damage|p1a: Hippowdon|32\/100\n|-damage|p2a: Amoonguss|6\/100\n|-enditem|p2b: Glimmora|Focus Sash\n|-damage|p2b: Glimmora|1\/100\n|replace|p2b: Zoroark|Zoroark-Hisui, M\n|-end|p2b: Zoroark|Illusion\n|move|p1a: Hippowdon|Stealth Rock|p2a: Amoonguss\n|-sidestart|p2: jokingdraco|move: Stealth Rock\n|\n|-weather|Sandstorm|[upkeep]\n|-damage|p2b: Zoroark|0 fnt|[from] Sandstorm\n|-damage|p2a: Amoonguss|0 fnt|[from] Sandstorm\n|faint|p2b: Zoroark\n|faint|p2a: Amoonguss\n|upkeep\n|c|\u2606Sleepoligy|yee\n|inactive|jokingdraco has 90 seconds left.\n|\n|t:|1699092149\n|switch|p2b: Glimmora|Glimmora, F|100\/100\n|switch|p2a: Ninetales|Ninetales-Alola, M|10\/100\n|-damage|p2a: Ninetales|0 fnt|[from] Stealth Rock\n|faint|p2a: Ninetales\n|-damage|p2b: Glimmora|88\/100|[from] Stealth Rock\n|inactive|jokingdraco has 90 seconds left.\n|\n|t:|1699092157\n|switch|p2a: Palafin|Palafin-Hero, M|41\/100\n|-damage|p2a: Palafin|28\/100|[from] Stealth Rock\n|turn|7\n|\n|t:|1699092167\n|switch|p1a: Landorus|Landorus-Therian, M|100\/100\n|-ability|p1a: Landorus|Intimidate|boost\n|-unboost|p2a: Palafin|atk|1\n|-unboost|p2b: Glimmora|atk|1\n|move|p2a: Palafin|Close Combat|p1a: Landorus\n|-resisted|p1a: Landorus\n|-damage|p1a: Landorus|75\/100\n|-unboost|p2a: Palafin|def|1\n|-unboost|p2a: Palafin|spd|1\n|move|p1b: Great Tusk|Earthquake|p2a: Palafin|[spread] p2a,p2b\n|-immune|p1a: Landorus\n|-supereffective|p2b: Glimmora\n|-damage|p2a: Palafin|0 fnt\n|-damage|p2b: Glimmora|0 fnt\n|faint|p2a: Palafin\n|faint|p2b: Glimmora\n|\n|win|Sleepoligy\n|raw|Sleepoligy's rating: 1112 &rarr; <strong>1140<\/strong><br \/>(+28 for winning)\n|raw|jokingdraco's rating: 1157 &rarr; <strong>1129<\/strong><br \/>(-28 for losing)\n|c|\u2606Sleepoligy|gg\n|l|\u2606jokingdraco\n","uploadtime":1699092183,"views":27,"p1id":"sleepoligy","p2id":"jokingdraco","formatid":"gen9doublesou","rating":1129,"private":0,"password":""}