{"id":"gen9doublesou-1994518947","p1":"skullnoob17","p2":"Joecheve13","format":"[Gen 9] Doubles OU","log":"|j|\u2606skullnoob17\n|j|\u2606Joecheve13\n|t:|1700453689\n|gametype|doubles\n|player|p1|skullnoob17|colress|1460\n|player|p2|Joecheve13|acetrainer-gen4|1714\n|teamsize|p1|6\n|teamsize|p2|6\n|gen|9\n|tier|[Gen 9] Doubles OU\n|rated|\n|rule|Species Clause: Limit one of each Pok\u00e9mon\n|rule|OHKO Clause: OHKO moves are banned\n|rule|Evasion Moves Clause: Evasion moves are banned\n|rule|Gravity Sleep Clause: The combination of sleep-inducing moves with imperfect accuracy and Gravity or Gigantamax Orbeetle are banned\n|rule|Endless Battle Clause: Forcing endless battles is banned\n|rule|HP Percentage Mod: HP is shown in percentages\n|clearpoke\n|poke|p1|Indeedee-F, F|\n|poke|p1|Armarouge, F|\n|poke|p1|Tornadus, M|\n|poke|p1|Landorus-Therian, M|\n|poke|p1|Iron Bundle|\n|poke|p1|Hoopa-Unbound|\n|poke|p2|Tinkaton, F|\n|poke|p2|Garganacl, M|\n|poke|p2|Tornadus, M|\n|poke|p2|Iron Hands|\n|poke|p2|Landorus, M|\n|poke|p2|Iron Bundle|\n|teampreview\n|inactive|Battle timer is ON: inactive players will automatically lose when time's up. (requested by skullnoob17)\n|\n|t:|1700453710\n|start\n|switch|p1a: Armarouge|Armarouge, F|100\/100\n|switch|p1b: Iron Bundle|Iron Bundle|100\/100\n|switch|p2a: Garganacl|Garganacl, M|100\/100\n|switch|p2b: Landorus|Landorus, M|100\/100\n|turn|1\n|\n|t:|1700453730\n|move|p1b: Iron Bundle|Protect|p1b: Iron Bundle\n|-singleturn|p1b: Iron Bundle|Protect\n|move|p1a: Armarouge|Protect|p1a: Armarouge\n|-singleturn|p1a: Armarouge|Protect\n|move|p2a: Garganacl|Wide Guard|p2a: Garganacl\n|-singleturn|p2a: Garganacl|Wide Guard\n|move|p2b: Landorus|Sandsear Storm|p1b: Iron Bundle|[spread] \n|-activate|p1a: Armarouge|move: Protect\n|-activate|p1b: Iron Bundle|move: Protect\n|\n|upkeep\n|turn|2\n|\n|t:|1700453744\n|-end|p1b: Iron Bundle|Quark Drive|[silent]\n|switch|p1b: Tornadus|Tornadus, M|100\/100\n|switch|p1a: Landorus|Landorus-Therian, M|100\/100\n|-ability|p1a: Landorus|Intimidate|boost\n|-unboost|p2a: Garganacl|atk|1\n|-unboost|p2b: Landorus|atk|1\n|move|p2b: Landorus|Sandsear Storm|p1b: Tornadus|[spread] \n|-immune|p1a: Landorus\n|-immune|p1b: Tornadus\n|move|p2a: Garganacl|Stealth Rock|p1b: Tornadus\n|-sidestart|p1: skullnoob17|move: Stealth Rock\n|\n|upkeep\n|turn|3\n|\n|t:|1700453763\n|move|p2b: Landorus|Protect|p2b: Landorus\n|-singleturn|p2b: Landorus|Protect\n|move|p2a: Garganacl|Protect|p2a: Garganacl\n|-singleturn|p2a: Garganacl|Protect\n|move|p1b: Tornadus|Taunt|p2a: Garganacl\n|-activate|p2a: Garganacl|move: Protect\n|move|p1a: Landorus|Stomping Tantrum|p2a: Garganacl\n|-activate|p2a: Garganacl|move: Protect\n|\n|upkeep\n|turn|4\n|\n|t:|1700453784\n|switch|p2b: Iron Bundle|Iron Bundle|100\/100\n|-terastallize|p2a: Garganacl|Ghost\n|move|p1b: Tornadus|Icy Wind|p2b: Iron Bundle|[spread] p2a,p2b\n|-resisted|p2b: Iron Bundle\n|-damage|p2a: Garganacl|90\/100\n|-damage|p2b: Iron Bundle|94\/100\n|-unboost|p2a: Garganacl|spe|1\n|-unboost|p2b: Iron Bundle|spe|1\n|move|p1a: Landorus|Stomping Tantrum|p2a: Garganacl\n|-damage|p2a: Garganacl|57\/100\n|-damage|p1a: Landorus|91\/100|[from] item: Life Orb\n|move|p2a: Garganacl|Salt Cure|p1b: Tornadus\n|-supereffective|p1b: Tornadus\n|-damage|p1b: Tornadus|72\/100\n|-start|p1b: Tornadus|Salt Cure\n|\n|-heal|p2a: Garganacl|64\/100|[from] item: Leftovers\n|-damage|p1b: Tornadus|59\/100|[from] Salt Cure\n|upkeep\n|turn|5\n|inactive|Joecheve13 has 120 seconds left.\n|\n|t:|1700453824\n|move|p1a: Landorus|Protect|p1a: Landorus\n|-singleturn|p1a: Landorus|Protect\n|move|p2a: Garganacl|Wide Guard|p2a: Garganacl\n|-singleturn|p2a: Garganacl|Wide Guard\n|move|p1b: Tornadus|Tailwind|p1b: Tornadus\n|-sidestart|p1: skullnoob17|move: Tailwind\n|move|p2b: Iron Bundle|Icy Wind|p1a: Landorus|[spread] p1b\n|-activate|p1a: Landorus|move: Protect\n|-supereffective|p1b: Tornadus\n|-damage|p1b: Tornadus|0 fnt\n|faint|p1b: Tornadus\n|\n|-heal|p2a: Garganacl|70\/100|[from] item: Leftovers\n|upkeep\n|\n|t:|1700453837\n|switch|p1b: Hoopa|Hoopa-Unbound|100\/100\n|-damage|p1b: Hoopa|88\/100|[from] Stealth Rock\n|turn|6\n|\n|t:|1700453850\n|switch|p2a: Iron Hands|Iron Hands|100\/100\n|move|p1a: Landorus|Rock Slide|p2b: Iron Bundle|[spread] p2a,p2b\n|-resisted|p2a: Iron Hands\n|-supereffective|p2b: Iron Bundle\n|-damage|p2a: Iron Hands|91\/100\n|-damage|p2b: Iron Bundle|24\/100\n|-damage|p1a: Landorus|81\/100|[from] item: Life Orb\n|move|p1b: Hoopa|Energy Ball|p2b: Iron Bundle\n|-supereffective|p2b: Iron Bundle\n|-damage|p2b: Iron Bundle|0 fnt\n|faint|p2b: Iron Bundle\n|-end|p2b: Iron Bundle|Quark Drive|[silent]\n|\n|upkeep\n|\n|t:|1700453864\n|switch|p2b: Tinkaton|Tinkaton, F|100\/100\n|turn|7\n|\n|t:|1700453877\n|move|p1a: Landorus|Protect|p1a: Landorus\n|-singleturn|p1a: Landorus|Protect\n|move|p2b: Tinkaton|Fake Out|p1a: Landorus\n|-activate|p1a: Landorus|move: Protect\n|move|p1b: Hoopa|Psychic|p2a: Iron Hands\n|-supereffective|p2a: Iron Hands\n|-crit|p2a: Iron Hands\n|-damage|p2a: Iron Hands|0 fnt\n|faint|p2a: Iron Hands\n|-end|p2a: Iron Hands|Quark Drive|[silent]\n|\n|upkeep\n|\n|t:|1700453888\n|switch|p2a: Tornadus|Tornadus, M|100\/100\n|turn|8\n|\n|t:|1700453905\n|move|p2a: Tornadus|Tailwind|p2a: Tornadus\n|-sidestart|p2: Joecheve13|move: Tailwind\n|move|p1a: Landorus|Rock Slide|p2a: Tornadus|[spread] p2a,p2b\n|-supereffective|p2a: Tornadus\n|-resisted|p2b: Tinkaton\n|-damage|p2a: Tornadus|33\/100\n|-damage|p2b: Tinkaton|85\/100\n|-damage|p1a: Landorus|71\/100|[from] item: Life Orb\n|move|p1b: Hoopa|Thunderbolt|p2a: Tornadus\n|-supereffective|p2a: Tornadus\n|-damage|p2a: Tornadus|0 fnt\n|faint|p2a: Tornadus\n|move|p2b: Tinkaton|Play Rough|p1b: Hoopa\n|-supereffective|p1b: Hoopa\n|-damage|p1b: Hoopa|0 fnt\n|faint|p1b: Hoopa\n|\n|-sideend|p1: skullnoob17|move: Tailwind\n|upkeep\n|\n|t:|1700453928\n|switch|p1b: Indeedee|Indeedee-F, F|100\/100\n|switch|p2a: Garganacl|Garganacl, M, tera:Ghost|70\/100\n|-damage|p1b: Indeedee|88\/100|[from] Stealth Rock\n|-fieldstart|move: Psychic Terrain|[from] ability: Psychic Surge|[of] p1b: Indeedee\n|-enditem|p1b: Indeedee|Psychic Seed\n|-boost|p1b: Indeedee|spd|1|[from] item: Psychic Seed\n|turn|9\n|\n|t:|1700453941\n|move|p2a: Garganacl|Wide Guard|p2a: Garganacl\n|-singleturn|p2a: Garganacl|Wide Guard\n|move|p1b: Indeedee|Follow Me|p1b: Indeedee\n|-singleturn|p1b: Indeedee|move: Follow Me\n|move|p2b: Tinkaton|Gigaton Hammer|p1b: Indeedee\n|-damage|p1b: Indeedee|15\/100\n|move|p1a: Landorus|Stomping Tantrum|p2b: Tinkaton\n|-supereffective|p2b: Tinkaton\n|-damage|p2b: Tinkaton|0 fnt\n|faint|p2b: Tinkaton\n|-damage|p1a: Landorus|62\/100|[from] item: Life Orb\n|\n|-heal|p2a: Garganacl|76\/100|[from] item: Leftovers\n|upkeep\n|\n|t:|1700453953\n|switch|p2b: Landorus|Landorus, M|100\/100\n|turn|10\n|\n|t:|1700453976\n|move|p1a: Landorus|Protect|p1a: Landorus\n|-singleturn|p1a: Landorus|Protect\n|move|p2a: Garganacl|Wide Guard|p2a: Garganacl\n|-singleturn|p2a: Garganacl|Wide Guard\n|move|p2b: Landorus|Taunt|p1b: Indeedee\n|-start|p1b: Indeedee|move: Taunt\n|move|p1b: Indeedee|Psychic|p2b: Landorus\n|-damage|p2b: Landorus|28\/100\n|\n|-heal|p2a: Garganacl|82\/100|[from] item: Leftovers\n|upkeep\n|turn|11\n|\n|t:|1700453997\n|move|p2b: Landorus|Sludge Bomb|p1a: Landorus\n|-resisted|p1a: Landorus\n|-crit|p1a: Landorus\n|-damage|p1a: Landorus|25\/100\n|move|p1a: Landorus|Stomping Tantrum|p2a: Garganacl\n|-damage|p2a: Garganacl|53\/100\n|-damage|p1a: Landorus|15\/100|[from] item: Life Orb\n|move|p2a: Garganacl|Salt Cure|p1b: Indeedee\n|-damage|p1b: Indeedee|0 fnt\n|faint|p1b: Indeedee\n|\n|-heal|p2a: Garganacl|59\/100|[from] item: Leftovers\n|-sideend|p2: Joecheve13|move: Tailwind\n|upkeep\n|\n|t:|1700454010\n|switch|p1b: Iron Bundle|Iron Bundle|100\/100\n|-damage|p1b: Iron Bundle|76\/100|[from] Stealth Rock\n|turn|12\n|\n|t:|1700454020\n|move|p1b: Iron Bundle|Protect|p1b: Iron Bundle\n|-singleturn|p1b: Iron Bundle|Protect\n|move|p2b: Landorus|Protect|p2b: Landorus\n|-singleturn|p2b: Landorus|Protect\n|move|p1a: Landorus|Rock Slide|p2b: Landorus|[spread] \n|-activate|p2b: Landorus|move: Protect\n|-miss|p1a: Landorus|p2a: Garganacl\n|move|p2a: Garganacl|Salt Cure|p1b: Iron Bundle\n|-activate|p1b: Iron Bundle|move: Protect\n|\n|-heal|p2a: Garganacl|66\/100|[from] item: Leftovers\n|upkeep\n|turn|13\n|\n|t:|1700454045\n|move|p2a: Garganacl|Wide Guard|p2a: Garganacl\n|-singleturn|p2a: Garganacl|Wide Guard\n|move|p1b: Iron Bundle|Freeze-Dry|p2b: Landorus\n|-supereffective|p2b: Landorus\n|-damage|p2b: Landorus|0 fnt\n|faint|p2b: Landorus\n|move|p1a: Landorus|Rock Slide|p2a: Garganacl\n|-activate|p2a: Garganacl|move: Wide Guard\n|\n|-heal|p2a: Garganacl|72\/100|[from] item: Leftovers\n|-fieldend|move: Psychic Terrain\n|upkeep\n|turn|14\n|\n|t:|1700454059\n|move|p1b: Iron Bundle|Protect|p1b: Iron Bundle\n|-singleturn|p1b: Iron Bundle|Protect\n|move|p1a: Landorus|Stomping Tantrum|p2a: Garganacl\n|-damage|p2a: Garganacl|43\/100\n|-damage|p1a: Landorus|6\/100|[from] item: Life Orb\n|move|p2a: Garganacl|Salt Cure|p1a: Landorus\n|-damage|p1a: Landorus|0 fnt\n|faint|p1a: Landorus\n|\n|-heal|p2a: Garganacl|49\/100|[from] item: Leftovers\n|upkeep\n|\n|t:|1700454069\n|switch|p1a: Armarouge|Armarouge, F|100\/100\n|-damage|p1a: Armarouge|76\/100|[from] Stealth Rock\n|turn|15\n|\n|t:|1700454079\n|-terastallize|p1a: Armarouge|Psychic\n|move|p2a: Garganacl|Protect|p2a: Garganacl\n|-singleturn|p2a: Garganacl|Protect\n|move|p1b: Iron Bundle|U-turn|p1a: Armarouge\n|-supereffective|p1a: Armarouge\n|-damage|p1a: Armarouge|51\/100\n|-ability|p1a: Armarouge|Weak Armor|boost\n|-unboost|p1a: Armarouge|def|1\n|-boost|p1a: Armarouge|spe|2\n|-enditem|p1a: Armarouge|Weakness Policy\n|-boost|p1a: Armarouge|atk|2|[from] item: Weakness Policy\n|-boost|p1a: Armarouge|spa|2|[from] item: Weakness Policy\n|move|p1a: Armarouge|Expanding Force|p2a: Garganacl\n|-activate|p2a: Garganacl|move: Protect\n|\n|-heal|p2a: Garganacl|55\/100|[from] item: Leftovers\n|upkeep\n|turn|16\n|\n|t:|1700454097\n|move|p1a: Armarouge|Expanding Force|p2a: Garganacl\n|-damage|p2a: Garganacl|0 fnt\n|faint|p2a: Garganacl\n|\n|win|skullnoob17\n|raw|skullnoob17's rating: 1460 &rarr; <strong>1492<\/strong><br \/>(+32 for winning)\n|raw|Joecheve13's rating: 1714 &rarr; <strong>1682<\/strong><br \/>(-32 for losing)\n|l|\u2606Joecheve13\n","uploadtime":1700454110,"views":5,"p1id":"skullnoob17","p2id":"joecheve13","formatid":"gen9doublesou","rating":1492,"private":0,"password":""}