{"id":"gen9doublesou-1992280246","p1":"WhyAmISoHorniii","p2":"Thecallume_","format":"[Gen 9] Doubles OU","log":"|j|\u2606WhyAmISoHorniii\n|j|\u2606Thecallume_\n|t:|1700170450\n|gametype|doubles\n|player|p1|WhyAmISoHorniii|clerkf|1064\n|player|p2|Thecallume_|swimmer-gen4|1037\n|teamsize|p1|6\n|teamsize|p2|6\n|gen|9\n|tier|[Gen 9] Doubles OU\n|rated|\n|rule|Species Clause: Limit one of each Pok\u00e9mon\n|rule|OHKO Clause: OHKO moves are banned\n|rule|Evasion Moves Clause: Evasion moves are banned\n|rule|Gravity Sleep Clause: The combination of sleep-inducing moves with imperfect accuracy and Gravity or Gigantamax Orbeetle are banned\n|rule|Endless Battle Clause: Forcing endless battles is banned\n|rule|HP Percentage Mod: HP is shown in percentages\n|clearpoke\n|poke|p1|Torkoal, F|\n|poke|p1|Lilligant-Hisui, F|\n|poke|p1|Flutter Mane|\n|poke|p1|Armarouge, M|\n|poke|p1|Indeedee-F, F|\n|poke|p1|Gyarados, F|\n|poke|p2|Kommo-o, M|\n|poke|p2|Murkrow, F|\n|poke|p2|Samurott-Hisui, M|\n|poke|p2|Kilowattrel, M|\n|poke|p2|Mismagius, F|\n|poke|p2|Slither Wing|\n|teampreview\n|c|\u2606Thecallume_|your horny?\n|c|\u2606Thecallume_|relatable\n|\n|t:|1700170465\n|start\n|switch|p1a: Torkoal|Torkoal, F|100\/100\n|switch|p1b: Lilligant|Lilligant-Hisui, F|100\/100\n|switch|p2a: Murkrow|Murkrow, F, shiny|100\/100\n|switch|p2b: Slither Wing|Slither Wing|100\/100\n|-weather|SunnyDay|[from] ability: Drought|[of] p1a: Torkoal\n|-activate|p2b: Slither Wing|ability: Protosynthesis\n|-start|p2b: Slither Wing|protosynthesisatk\n|turn|1\n|\n|t:|1700170480\n|-terastallize|p1a: Torkoal|Fire\n|move|p2b: Slither Wing|First Impression|p1b: Lilligant\n|-damage|p1b: Lilligant|3\/100\n|move|p1b: Lilligant|After You|p1a: Torkoal\n|-activate|p1a: Torkoal|move: After You\n|move|p1a: Torkoal|Eruption|p2a: Murkrow|[spread] p2a,p2b\n|-supereffective|p2b: Slither Wing\n|-enditem|p2a: Murkrow|Focus Sash\n|-damage|p2a: Murkrow|1\/100\n|-damage|p2b: Slither Wing|0 fnt\n|faint|p2b: Slither Wing\n|-end|p2b: Slither Wing|Protosynthesis|[silent]\n|move|p2a: Murkrow|Icy Wind|p1b: Lilligant|[spread] p1a,p1b\n|-resisted|p1a: Torkoal\n|-supereffective|p1b: Lilligant\n|-damage|p1a: Torkoal|91\/100\n|-damage|p1b: Lilligant|0 fnt\n|-unboost|p1a: Torkoal|spe|1\n|faint|p1b: Lilligant\n|\n|-weather|SunnyDay|[upkeep]\n|upkeep\n|\n|t:|1700170504\n|switch|p1b: Indeedee|Indeedee-F, F|100\/100\n|switch|p2b: Samurott|Samurott-Hisui, M, shiny|100\/100\n|-fieldstart|move: Psychic Terrain|[from] ability: Psychic Surge|[of] p1b: Indeedee\n|turn|2\n|\n|t:|1700170515\n|move|p1b: Indeedee|Follow Me|p1b: Indeedee\n|-singleturn|p1b: Indeedee|move: Follow Me\n|move|p2a: Murkrow|Quash|p1b: Indeedee\n|-activate|p1b: Indeedee|move: Psychic Terrain\n|move|p2b: Samurott|Aqua Cutter|p1b: Indeedee\n|-damage|p1b: Indeedee|75\/100\n|move|p1a: Torkoal|Eruption|p2a: Murkrow|[spread] p2a,p2b\n|-resisted|p2b: Samurott\n|-damage|p2a: Murkrow|0 fnt\n|-damage|p2b: Samurott|36\/100\n|faint|p2a: Murkrow\n|\n|-weather|SunnyDay|[upkeep]\n|upkeep\n|\n|t:|1700170525\n|switch|p2a: Kilowattrel|Kilowattrel, M|100\/100\n|turn|3\n|\n|t:|1700170532\n|move|p1b: Indeedee|Follow Me|p1b: Indeedee\n|-singleturn|p1b: Indeedee|move: Follow Me\n|move|p2a: Kilowattrel|Thunderbolt|p1b: Indeedee\n|-damage|p1b: Indeedee|37\/100\n|move|p2b: Samurott|Aqua Cutter|p1b: Indeedee\n|-damage|p1b: Indeedee|13\/100\n|move|p1a: Torkoal|Eruption|p2a: Kilowattrel|[spread] p2a,p2b\n|-resisted|p2b: Samurott\n|-damage|p2a: Kilowattrel|0 fnt\n|-damage|p2b: Samurott|0 fnt\n|faint|p2a: Kilowattrel\n|faint|p2b: Samurott\n|\n|-weather|SunnyDay|[upkeep]\n|upkeep\n|c|\u2606Thecallume_|you horny motherfunker\n|\n|t:|1700170547\n|switch|p2a: Mismagius|Mismagius, F|100\/100\n|switch|p2b: Kommo-o|Kommo-o, M|100\/100\n|turn|4\n|c|\u2606WhyAmISoHorniii|I am sorry\n|c|\u2606Thecallume_|its fine\n|c|\u2606Thecallume_|are you rubbing one out right now?\n|c|\u2606Thecallume_|be honest\n|\n|t:|1700170573\n|move|p1b: Indeedee|Follow Me|p1b: Indeedee\n|-singleturn|p1b: Indeedee|move: Follow Me\n|move|p2a: Mismagius|Hex|p1b: Indeedee\n|-immune|p1b: Indeedee\n|move|p2b: Kommo-o|Outrage|p1b: Indeedee\n|-damage|p1b: Indeedee|0 fnt\n|-damage|p2b: Kommo-o|84\/100|[from] item: Rocky Helmet|[of] p1b: Indeedee\n|faint|p1b: Indeedee\n|move|p1a: Torkoal|Eruption|p2a: Mismagius|[spread] p2a,p2b\n|-resisted|p2b: Kommo-o\n|-damage|p2a: Mismagius|0 fnt\n|-damage|p2b: Kommo-o|12\/100\n|faint|p2a: Mismagius\n|\n|-weather|SunnyDay|[upkeep]\n|-heal|p2b: Kommo-o|18\/100|[from] item: Leftovers\n|upkeep\n|c|\u2606WhyAmISoHorniii|I was. Played a team with lopunny and gard\n|c|\u2606WhyAmISoHorniii|jesus\n|\n|t:|1700170587\n|switch|p1b: Flutter Mane|Flutter Mane|100\/100\n|-activate|p1b: Flutter Mane|ability: Protosynthesis\n|-start|p1b: Flutter Mane|protosynthesisspe\n|turn|5\n|\n|t:|1700170594\n|move|p1b: Flutter Mane|Shadow Ball|p2b: Kommo-o\n|-damage|p2b: Kommo-o|0 fnt\n|faint|p2b: Kommo-o\n|\n|win|WhyAmISoHorniii\n|raw|WhyAmISoHorniii's rating: 1064 &rarr; <strong>1092<\/strong><br \/>(+28 for winning)\n|raw|Thecallume_'s rating: 1037 &rarr; <strong>1023<\/strong><br \/>(-14 for losing)\n","uploadtime":1700170545,"views":9,"p1id":"whyamisohorniii","p2id":"thecallume","formatid":"gen9doublesou","rating":1023,"private":0,"password":""}