{"id":"gen9doublesou-1976980660","p1":"NegativeHolo","p2":"we up","format":"[Gen 9] Doubles OU","log":"|j|\u2606NegativeHolo\n|j|\u2606we up\n|inactive|Battle timer is ON: inactive players will automatically lose when time's up.\n|t:|1698358373\n|gametype|doubles\n|player|p1|NegativeHolo|steven|\n|player|p2|we up|caitlin-masters|\n|teamsize|p1|6\n|teamsize|p2|6\n|gen|9\n|tier|[Gen 9] Doubles OU\n|rated|Tournament battle\n|rule|Species Clause: Limit one of each Pok\u00e9mon\n|rule|OHKO Clause: OHKO moves are banned\n|rule|Evasion Moves Clause: Evasion moves are banned\n|rule|Gravity Sleep Clause: The combination of sleep-inducing moves with imperfect accuracy and Gravity or Gigantamax Orbeetle are banned\n|rule|Endless Battle Clause: Forcing endless battles is banned\n|rule|HP Percentage Mod: HP is shown in percentages\n|clearpoke\n|poke|p1|Murkrow, M|\n|poke|p1|Ogerpon-Hearthflame, F|\n|poke|p1|Walking Wake|\n|poke|p1|Flutter Mane|\n|poke|p1|Torkoal, M|\n|poke|p1|Chien-Pao|\n|poke|p2|Ninetales-Alola, F|\n|poke|p2|Sinistcha-Masterpiece|\n|poke|p2|Cetitan, F|\n|poke|p2|Rillaboom, M|\n|poke|p2|Okidogi, M|\n|poke|p2|Tornadus, M|\n|teampreview\n|inactive|we up also wants the timer to be on.\n|c|\u2606NegativeHolo|gl hf\n|c|\u2606we up|hf\n|\n|t:|1698358395\n|start\n|switch|p1a: Kozuki Sakuyaki|Ogerpon-Hearthflame, F|100\/100\n|switch|p1b: Sui-Kun|Walking Wake|100\/100\n|switch|p2a: Rillaboom|Rillaboom, M|100\/100\n|switch|p2b: Cetitan|Cetitan, F|100\/100\n|-ability|p1a: Kozuki Sakuyaki|Mold Breaker\n|-fieldstart|move: Grassy Terrain|[from] ability: Grassy Surge|[of] p2a: Rillaboom\n|turn|1\n|c|\u2606NegativeHolo|^^\n|inactive|we up has 120 seconds left.\n|inactive|we up has 90 seconds left.\n|\n|t:|1698358466\n|switch|p1a: Kozuki Oven|Torkoal, M|100\/100\n|-weather|SunnyDay|[from] ability: Drought|[of] p1a: Kozuki Oven\n|-activate|p1b: Sui-Kun|ability: Protosynthesis\n|-start|p1b: Sui-Kun|protosynthesisspa\n|move|p2a: Rillaboom|Fake Out|p1a: Kozuki Oven\n|-damage|p1a: Kozuki Oven|93\/100\n|move|p1b: Sui-Kun|Flamethrower|p2a: Rillaboom\n|-supereffective|p2a: Rillaboom\n|-damage|p2a: Rillaboom|24\/100\n|-status|p2a: Rillaboom|brn\n|move|p2b: Cetitan|Belly Drum|p2b: Cetitan\n|-damage|p2b: Cetitan|50\/100\n|-setboost|p2b: Cetitan|atk|6|[from] move: Belly Drum\n|-enditem|p2b: Cetitan|Sitrus Berry|[eat]\n|-heal|p2b: Cetitan|75\/100|[from] item: Sitrus Berry\n|\n|-weather|SunnyDay|[upkeep]\n|-heal|p2a: Rillaboom|30\/100 brn|[from] Grassy Terrain\n|-heal|p2b: Cetitan|82\/100|[from] Grassy Terrain\n|-heal|p1a: Kozuki Oven|99\/100|[from] Grassy Terrain\n|-damage|p2a: Rillaboom|24\/100 brn|[from] brn\n|upkeep\n|turn|2\n|inactive|NegativeHolo has 120 seconds left.\n|\n|t:|1698358506\n|switch|p2a: Ninetales|Ninetales-Alola, F|100\/100\n|-weather|Snow|[from] ability: Snow Warning|[of] p2a: Ninetales\n|-end|p1b: Sui-Kun|Protosynthesis\n|switch|p1a: Warm Kitty|Chien-Pao|100\/100\n|-ability|p1a: Warm Kitty|Sword of Ruin\n|-terastallize|p2b: Cetitan|Water\n|move|p1b: Sui-Kun|Flamethrower|p2b: Cetitan\n|-resisted|p2b: Cetitan\n|-damage|p2b: Cetitan|74\/100\n|move|p2b: Cetitan|Liquidation|p1a: Warm Kitty\n|-enditem|p1a: Warm Kitty|Focus Sash\n|-damage|p1a: Warm Kitty|1\/100\n|-unboost|p1a: Warm Kitty|def|1\n|\n|-weather|Snow|[upkeep]\n|-heal|p1a: Warm Kitty|7\/100|[from] Grassy Terrain\n|-heal|p2b: Cetitan|80\/100|[from] Grassy Terrain\n|upkeep\n|turn|3\n|inactive|NegativeHolo has 120 seconds left.\n|\n|t:|1698358535\n|-end|p1b: Sui-Kun|Protosynthesis|[silent]\n|switch|p1b: Kozuki Oven|Torkoal, M|99\/100\n|-weather|SunnyDay|[from] ability: Drought|[of] p1b: Kozuki Oven\n|move|p1a: Warm Kitty|Sucker Punch|p2b: Cetitan\n|-damage|p2b: Cetitan|37\/100\n|move|p2b: Cetitan|Ice Shard|p1a: Warm Kitty\n|-resisted|p1a: Warm Kitty\n|-damage|p1a: Warm Kitty|0 fnt\n|faint|p1a: Warm Kitty\n|move|p2a: Ninetales|Freeze-Dry|p1b: Kozuki Oven\n|-resisted|p1b: Kozuki Oven\n|-damage|p1b: Kozuki Oven|80\/100\n|\n|-weather|SunnyDay|[upkeep]\n|-heal|p2b: Cetitan|44\/100|[from] Grassy Terrain\n|-heal|p1b: Kozuki Oven|86\/100|[from] Grassy Terrain\n|upkeep\n|\n|t:|1698358551\n|switch|p1a: Kozuki Sakuyaki|Ogerpon-Hearthflame, F|100\/100\n|-ability|p1a: Kozuki Sakuyaki|Mold Breaker\n|turn|4\n|inactive|we up has 120 seconds left.\n|\n|t:|1698358565\n|switch|p2a: Rillaboom|Rillaboom, M|24\/100 brn\n|move|p2b: Cetitan|Protect|p2b: Cetitan\n|-singleturn|p2b: Cetitan|Protect\n|move|p1a: Kozuki Sakuyaki|Horn Leech|p2b: Cetitan\n|-activate|p2b: Cetitan|move: Protect\n|move|p1b: Kozuki Oven|Yawn||[still]\n|-fail|p1b: Kozuki Oven\n|\n|-weather|SunnyDay|[upkeep]\n|-heal|p2a: Rillaboom|30\/100 brn|[from] Grassy Terrain\n|-heal|p2b: Cetitan|50\/100|[from] Grassy Terrain\n|-heal|p1b: Kozuki Oven|92\/100|[from] Grassy Terrain\n|-damage|p2a: Rillaboom|24\/100 brn|[from] brn\n|upkeep\n|turn|5\n|\n|t:|1698358591\n|switch|p1b: Baby Corleone|Murkrow, M|100\/100\n|move|p1a: Kozuki Sakuyaki|Spiky Shield|p1a: Kozuki Sakuyaki\n|-singleturn|p1a: Kozuki Sakuyaki|move: Protect\n|move|p2a: Rillaboom|Fake Out|p1b: Baby Corleone\n|-crit|p1b: Baby Corleone\n|-damage|p1b: Baby Corleone|88\/100\n|move|p2b: Cetitan|Ice Shard|p1a: Kozuki Sakuyaki\n|-activate|p1a: Kozuki Sakuyaki|move: Protect\n|\n|-weather|SunnyDay|[upkeep]\n|-heal|p2b: Cetitan|56\/100|[from] Grassy Terrain\n|-heal|p2a: Rillaboom|30\/100 brn|[from] Grassy Terrain\n|-damage|p2a: Rillaboom|24\/100 brn|[from] brn\n|-fieldend|move: Grassy Terrain\n|upkeep\n|turn|6\n|inactive|we up has 120 seconds left.\n|\n|t:|1698358636\n|move|p1b: Baby Corleone|Haze|p1b: Baby Corleone\n|-clearallboost\n|move|p2b: Cetitan|Ice Shard|p1b: Baby Corleone\n|-supereffective|p1b: Baby Corleone\n|-damage|p1b: Baby Corleone|30\/100\n|move|p1a: Kozuki Sakuyaki|Horn Leech|p2b: Cetitan\n|-supereffective|p2b: Cetitan\n|-damage|p2b: Cetitan|0 fnt\n|faint|p2b: Cetitan\n|move|p2a: Rillaboom|U-turn|p1a: Kozuki Sakuyaki\n|-damage|p1a: Kozuki Sakuyaki|86\/100\n|\n|t:|1698358649\n|switch|p2a: Tornadus|Tornadus, M|100\/100|[from] U-turn\n|\n|-weather|SunnyDay|[upkeep]\n|upkeep\n|\n|t:|1698358654\n|switch|p2b: Ninetales|Ninetales-Alola, F|100\/100\n|-weather|Snow|[from] ability: Snow Warning|[of] p2b: Ninetales\n|turn|7\n|inactive|we up has 120 seconds left.\n|\n|t:|1698358674\n|switch|p1a: Kozuki Oven|Torkoal, M|92\/100\n|-weather|SunnyDay|[from] ability: Drought|[of] p1a: Kozuki Oven\n|switch|p2b: Rillaboom|Rillaboom, M|24\/100 brn\n|-fieldstart|move: Grassy Terrain|[from] ability: Grassy Surge|[of] p2b: Rillaboom\n|move|p1b: Baby Corleone|Tailwind|p1b: Baby Corleone\n|-sidestart|p1: NegativeHolo|move: Tailwind\n|move|p2a: Tornadus|Bleakwind Storm|p1b: Baby Corleone|[spread] p1a,p1b\n|-damage|p1a: Kozuki Oven|41\/100\n|-damage|p1b: Baby Corleone|0 fnt\n|-unboost|p1a: Kozuki Oven|spe|1\n|faint|p1b: Baby Corleone\n|\n|-weather|SunnyDay|[upkeep]\n|-heal|p2b: Rillaboom|30\/100 brn|[from] Grassy Terrain\n|-heal|p1a: Kozuki Oven|47\/100|[from] Grassy Terrain\n|-damage|p2b: Rillaboom|24\/100 brn|[from] brn\n|upkeep\n|inactive|NegativeHolo has 120 seconds left.\n|\n|t:|1698358692\n|switch|p1b: Sui-Kun|Walking Wake|100\/100\n|-activate|p1b: Sui-Kun|ability: Protosynthesis\n|-start|p1b: Sui-Kun|protosynthesisspa\n|turn|8\n|\n|t:|1698358707\n|move|p2b: Rillaboom|Fake Out|p1b: Sui-Kun\n|-damage|p1b: Sui-Kun|93\/100\n|move|p2a: Tornadus|Tailwind|p2a: Tornadus\n|-sidestart|p2: we up|move: Tailwind\n|move|p1b: Sui-Kun|Hydro Steam|p2a: Tornadus\n|-damage|p2a: Tornadus|0 fnt\n|faint|p2a: Tornadus\n|move|p1a: Kozuki Oven|Heat Wave|p2b: Rillaboom\n|-supereffective|p2b: Rillaboom\n|-damage|p2b: Rillaboom|0 fnt\n|faint|p2b: Rillaboom\n|\n|-weather|SunnyDay|[upkeep]\n|-heal|p1b: Sui-Kun|99\/100|[from] Grassy Terrain\n|-heal|p1a: Kozuki Oven|53\/100|[from] Grassy Terrain\n|upkeep\n|\n|t:|1698358714\n|switch|p2a: Okidogi|Okidogi, M|100\/100\n|switch|p2b: Ninetales|Ninetales-Alola, F|100\/100\n|-weather|Snow|[from] ability: Snow Warning|[of] p2b: Ninetales\n|-end|p1b: Sui-Kun|Protosynthesis\n|turn|9\n|inactive|NegativeHolo has 120 seconds left.\n|\n|t:|1698358766\n|-terastallize|p1b: Sui-Kun|Fairy\n|move|p1b: Sui-Kun|Flamethrower|p2b: Ninetales\n|-supereffective|p2b: Ninetales\n|-damage|p2b: Ninetales|32\/100\n|move|p2b: Ninetales|Aurora Veil|p2b: Ninetales\n|-sidestart|p2: we up|move: Aurora Veil\n|move|p2a: Okidogi|Bulk Up|p2a: Okidogi\n|-boost|p2a: Okidogi|atk|1\n|-boost|p2a: Okidogi|def|1\n|move|p1a: Kozuki Oven|Heat Wave|p2a: Okidogi|[spread] p2a\n|-miss|p1a: Kozuki Oven|p2b: Ninetales\n|-damage|p2a: Okidogi|84\/100\n|\n|-weather|Snow|[upkeep]\n|-heal|p2b: Ninetales|37\/100|[from] Grassy Terrain\n|-heal|p1b: Sui-Kun|100\/100|[from] Grassy Terrain\n|-heal|p2a: Okidogi|90\/100|[from] Grassy Terrain\n|-heal|p2a: Okidogi|97\/100|[from] item: Leftovers\n|-heal|p1a: Kozuki Oven|59\/100|[from] Grassy Terrain\n|upkeep\n|turn|10\n|inactive|NegativeHolo has 120 seconds left.\n|\n|t:|1698358788\n|switch|p2b: Sinistcha|Sinistcha-Masterpiece|100\/100\n|-heal|p2a: Okidogi|100\/100|[from] ability: Hospitality|[of] p2b: Sinistcha\n|move|p1b: Sui-Kun|Protect|p1b: Sui-Kun\n|-singleturn|p1b: Sui-Kun|Protect\n|move|p2a: Okidogi|Poison Jab|p1b: Sui-Kun\n|-activate|p1b: Sui-Kun|move: Protect\n|move|p1a: Kozuki Oven|Yawn|p2a: Okidogi\n|-start|p2a: Okidogi|move: Yawn|[of] p1a: Kozuki Oven\n|\n|-weather|Snow|[upkeep]\n|-heal|p1a: Kozuki Oven|65\/100|[from] Grassy Terrain\n|-sideend|p1: NegativeHolo|move: Tailwind\n|upkeep\n|turn|11\n|inactive|NegativeHolo has 120 seconds left.\n|\n|t:|1698358817\n|-end|p1b: Sui-Kun|Protosynthesis|[silent]\n|switch|p1b: L'Or\u00e9al|Flutter Mane|100\/100\n|switch|p1a: Kozuki Sakuyaki|Ogerpon-Hearthflame, F|86\/100\n|-ability|p1a: Kozuki Sakuyaki|Mold Breaker\n|move|p2a: Okidogi|Poison Jab|p1b: L'Or\u00e9al\n|-damage|p1b: L'Or\u00e9al|0 fnt\n|faint|p1b: L'Or\u00e9al\n|-end|p1b: L'Or\u00e9al|Protosynthesis|[silent]\n|move|p2b: Sinistcha|Matcha Gotcha|p1a: Kozuki Sakuyaki\n|-resisted|p1a: Kozuki Sakuyaki\n|-damage|p1a: Kozuki Sakuyaki|74\/100\n|\n|-weather|Snow|[upkeep]\n|-heal|p1a: Kozuki Sakuyaki|80\/100|[from] Grassy Terrain\n|-end|p2a: Okidogi|move: Yawn|[silent]\n|-status|p2a: Okidogi|slp\n|-sideend|p2: we up|move: Tailwind\n|-fieldend|move: Grassy Terrain\n|upkeep\n|inactive|NegativeHolo has 90 seconds left.\n|\n|t:|1698358838\n|switch|p1b: Sui-Kun|Walking Wake, tera:Fairy|100\/100\n|turn|12\n|\n|t:|1698358847\n|move|p1a: Kozuki Sakuyaki|Ivy Cudgel|p2b: Sinistcha\n|-supereffective|p2b: Sinistcha\n|-damage|p2b: Sinistcha|40\/100\n|move|p1b: Sui-Kun|Hydro Steam|p2a: Okidogi\n|-damage|p2a: Okidogi|71\/100 slp\n|cant|p2a: Okidogi|slp\n|move|p2b: Sinistcha|Strength Sap|p1a: Kozuki Sakuyaki\n|-unboost|p1a: Kozuki Sakuyaki|atk|1\n|-heal|p2b: Sinistcha|100\/100\n|\n|-weather|Snow|[upkeep]\n|-heal|p2a: Okidogi|77\/100 slp|[from] item: Leftovers\n|upkeep\n|turn|13\n|inactive|NegativeHolo has 120 seconds left.\n|\n|t:|1698358868\n|move|p1a: Kozuki Sakuyaki|Ivy Cudgel|p2b: Sinistcha\n|-supereffective|p2b: Sinistcha\n|-damage|p2b: Sinistcha|57\/100\n|move|p1b: Sui-Kun|Flamethrower|p2b: Sinistcha\n|-supereffective|p2b: Sinistcha\n|-damage|p2b: Sinistcha|20\/100\n|-status|p2b: Sinistcha|brn\n|-enditem|p2b: Sinistcha|Aguav Berry|[eat]\n|-heal|p2b: Sinistcha|53\/100 brn|[from] item: Aguav Berry\n|cant|p2a: Okidogi|slp\n|move|p2b: Sinistcha|Trick Room|p2b: Sinistcha\n|-fieldstart|move: Trick Room|[of] p2b: Sinistcha\n|\n|-weather|none\n|-heal|p2a: Okidogi|83\/100 slp|[from] item: Leftovers\n|-damage|p2b: Sinistcha|47\/100 brn|[from] brn\n|upkeep\n|turn|14\n|\n|t:|1698358887\n|move|p2b: Sinistcha|Strength Sap|p1a: Kozuki Sakuyaki\n|-unboost|p1a: Kozuki Sakuyaki|atk|1\n|-heal|p2b: Sinistcha|100\/100 brn\n|cant|p2a: Okidogi|slp\n|move|p1b: Sui-Kun|Flamethrower|p2b: Sinistcha\n|-supereffective|p2b: Sinistcha\n|-damage|p2b: Sinistcha|62\/100 brn\n|move|p1a: Kozuki Sakuyaki|Ivy Cudgel|p2b: Sinistcha\n|-supereffective|p2b: Sinistcha\n|-damage|p2b: Sinistcha|32\/100 brn\n|\n|-heal|p2a: Okidogi|89\/100 slp|[from] item: Leftovers\n|-damage|p2b: Sinistcha|26\/100 brn|[from] brn\n|upkeep\n|turn|15\n|\n|t:|1698358906\n|switch|p1a: Kozuki Oven|Torkoal, M|65\/100\n|-weather|SunnyDay|[from] ability: Drought|[of] p1a: Kozuki Oven\n|-activate|p1b: Sui-Kun|ability: Protosynthesis\n|-start|p1b: Sui-Kun|protosynthesisspa\n|move|p2b: Sinistcha|Strength Sap|p1a: Kozuki Oven\n|-unboost|p1a: Kozuki Oven|atk|1\n|-heal|p2b: Sinistcha|71\/100 brn\n|-curestatus|p2a: Okidogi|slp|[msg]\n|move|p2a: Okidogi|Poison Jab|p1b: Sui-Kun\n|-supereffective|p1b: Sui-Kun\n|-damage|p1b: Sui-Kun|0 fnt\n|faint|p1b: Sui-Kun\n|-end|p1b: Sui-Kun|Protosynthesis|[silent]\n|\n|-weather|SunnyDay|[upkeep]\n|-heal|p2a: Okidogi|95\/100|[from] item: Leftovers\n|-damage|p2b: Sinistcha|65\/100 brn|[from] brn\n|upkeep\n|\n|t:|1698358923\n|switch|p1b: Kozuki Sakuyaki|Ogerpon-Hearthflame, F|80\/100\n|-ability|p1b: Kozuki Sakuyaki|Mold Breaker\n|turn|16\n|\n|t:|1698358931\n|switch|p2b: Ninetales|Ninetales-Alola, F|37\/100\n|-weather|Snow|[from] ability: Snow Warning|[of] p2b: Ninetales\n|move|p1b: Kozuki Sakuyaki|Spiky Shield|p1b: Kozuki Sakuyaki\n|-singleturn|p1b: Kozuki Sakuyaki|move: Protect\n|move|p1a: Kozuki Oven|Yawn|p2a: Okidogi\n|-start|p2a: Okidogi|move: Yawn|[of] p1a: Kozuki Oven\n|move|p2a: Okidogi|Poison Jab|p1b: Kozuki Sakuyaki\n|-activate|p1b: Kozuki Sakuyaki|move: Protect\n|-damage|p2a: Okidogi|83\/100|[from] Spiky Shield|[of] p1b: Kozuki Sakuyaki\n|\n|-weather|Snow|[upkeep]\n|-heal|p2a: Okidogi|89\/100|[from] item: Leftovers\n|-sideend|p2: we up|move: Aurora Veil\n|upkeep\n|turn|17\n|\n|t:|1698358955\n|move|p1a: Kozuki Oven|Heat Wave|p2b: Ninetales|[spread] p2a,p2b\n|-supereffective|p2b: Ninetales\n|-damage|p2a: Okidogi|65\/100\n|-damage|p2b: Ninetales|0 fnt\n|faint|p2b: Ninetales\n|move|p2a: Okidogi|Poison Jab|p1b: Kozuki Sakuyaki\n|-supereffective|p1b: Kozuki Sakuyaki\n|-damage|p1b: Kozuki Sakuyaki|0 fnt\n|faint|p1b: Kozuki Sakuyaki\n|\n|-weather|Snow|[upkeep]\n|-heal|p2a: Okidogi|72\/100|[from] item: Leftovers\n|-end|p2a: Okidogi|move: Yawn|[silent]\n|-status|p2a: Okidogi|slp\n|-fieldend|move: Trick Room\n|upkeep\n|\n|t:|1698358962\n|switch|p2b: Sinistcha|Sinistcha-Masterpiece|65\/100 brn\n|-heal|p2a: Okidogi|97\/100 slp|[from] ability: Hospitality|[of] p2b: Sinistcha\n|turn|18\n|\n|t:|1698358970\n|cant|p2a: Okidogi|slp\n|move|p2b: Sinistcha|Matcha Gotcha|p1a: Kozuki Oven\n|-resisted|p1a: Kozuki Oven\n|-damage|p1a: Kozuki Oven|43\/100\n|-heal|p2b: Sinistcha|76\/100 brn|[from] drain|[of] p1a: Kozuki Oven\n|move|p1a: Kozuki Oven|Heat Wave|p2a: Okidogi|[spread] p2b\n|-miss|p1a: Kozuki Oven|p2a: Okidogi\n|-supereffective|p2b: Sinistcha\n|-damage|p2b: Sinistcha|33\/100 brn\n|\n|-weather|Snow|[upkeep]\n|-heal|p2a: Okidogi|100\/100 slp|[from] item: Leftovers\n|-damage|p2b: Sinistcha|27\/100 brn|[from] brn\n|upkeep\n|turn|19\n|\n|t:|1698358982\n|cant|p2a: Okidogi|slp\n|move|p2b: Sinistcha|Matcha Gotcha|p1a: Kozuki Oven\n|-resisted|p1a: Kozuki Oven\n|-damage|p1a: Kozuki Oven|21\/100\n|-heal|p2b: Sinistcha|38\/100 brn|[from] drain|[of] p1a: Kozuki Oven\n|move|p1a: Kozuki Oven|Heat Wave|p2a: Okidogi|[spread] p2b\n|-miss|p1a: Kozuki Oven|p2a: Okidogi\n|-supereffective|p2b: Sinistcha\n|-damage|p2b: Sinistcha|0 fnt\n|faint|p2b: Sinistcha\n|\n|-weather|Snow|[upkeep]\n|upkeep\n|turn|20\n|\n|t:|1698358995\n|-curestatus|p2a: Okidogi|slp|[msg]\n|move|p2a: Okidogi|Poison Jab|p1a: Kozuki Oven\n|-damage|p1a: Kozuki Oven|0 fnt\n|faint|p1a: Kozuki Oven\n|\n|win|we up\n|n|\u2606NegativeHolo|negativeholo\n|n|\u2606we up|weup\n","uploadtime":1698358996,"views":15,"p1id":"negativeholo","p2id":"weup","formatid":"gen9doublesou","rating":0,"private":0,"password":""}