{"id":"gen9doublesou-1981728043","p1":"fdsfd12345","p2":"zipthegamer_1","format":"[Gen 9] Doubles OU","log":"|j|\u2606fdsfd12345\n|j|\u2606zipthegamer_1\n|t:|1698937055\n|gametype|doubles\n|player|p1|fdsfd12345|170|\n|player|p2|zipthegamer_1|101|\n|teamsize|p1|6\n|teamsize|p2|6\n|gen|9\n|tier|[Gen 9] Doubles OU\n|rule|Species Clause: Limit one of each Pok\u00e9mon\n|rule|OHKO Clause: OHKO moves are banned\n|rule|Evasion Moves Clause: Evasion moves are banned\n|rule|Gravity Sleep Clause: The combination of sleep-inducing moves with imperfect accuracy and Gravity or Gigantamax Orbeetle are banned\n|rule|Endless Battle Clause: Forcing endless battles is banned\n|rule|HP Percentage Mod: HP is shown in percentages\n|clearpoke\n|poke|p1|Clefairy, M|\n|poke|p1|Ninetales-Alola, F|\n|poke|p1|Chien-Pao|\n|poke|p1|Chi-Yu|\n|poke|p1|Flutter Mane|\n|poke|p1|Iron Bundle|\n|poke|p2|Snorlax, M|\n|poke|p2|Toxapex, F|\n|poke|p2|Dragonite, F|\n|poke|p2|Flareon, F|\n|poke|p2|Slaking, M|\n|poke|p2|Chien-Pao|\n|teampreview\n|inactive|Battle timer is ON: inactive players will automatically lose when time's up. (requested by zipthegamer_1)\n|\n|t:|1698937072\n|start\n|switch|p1a: Clefairy|Clefairy, M|100\/100\n|switch|p1b: Ninetales|Ninetales-Alola, F|100\/100\n|switch|p2a: Snorlax|Snorlax, M|100\/100\n|switch|p2b: Dragonite|Dragonite, F|100\/100\n|-weather|Snow|[from] ability: Snow Warning|[of] p1b: Ninetales\n|turn|1\n|\n|t:|1698937098\n|move|p1a: Clefairy|Follow Me|p1a: Clefairy\n|-singleturn|p1a: Clefairy|move: Follow Me\n|move|p1b: Ninetales|Aurora Veil|p1b: Ninetales\n|-sidestart|p1: fdsfd12345|move: Aurora Veil\n|move|p2b: Dragonite|Earthquake|p1b: Ninetales|[spread] p2a,p1a,p1b\n|-damage|p2a: Snorlax|84\/100\n|-damage|p1a: Clefairy|79\/100\n|-damage|p1b: Ninetales|86\/100\n|move|p2a: Snorlax|Earthquake|p1b: Ninetales|[spread] p1a,p1b\n|-immune|p2b: Dragonite\n|-damage|p1a: Clefairy|65\/100\n|-damage|p1b: Ninetales|78\/100\n|\n|-weather|Snow|[upkeep]\n|-heal|p2a: Snorlax|90\/100|[from] item: Leftovers\n|upkeep\n|turn|2\n|\n|t:|1698937123\n|move|p1b: Ninetales|Blizzard|p2b: Dragonite|[spread] p2a,p2b\n|-supereffective|p2b: Dragonite\n|-damage|p2a: Snorlax|81\/100\n|-damage|p2b: Dragonite|37\/100\n|-status|p2a: Snorlax|frz\n|move|p2b: Dragonite|Dragon Dance|p2b: Dragonite\n|-boost|p2b: Dragonite|atk|1\n|-boost|p2b: Dragonite|spe|1\n|move|p1a: Clefairy|Moonlight|p1a: Clefairy\n|-heal|p1a: Clefairy|90\/100\n|cant|p2a: Snorlax|frz\n|\n|-weather|Snow|[upkeep]\n|-heal|p2a: Snorlax|87\/100 frz|[from] item: Leftovers\n|upkeep\n|turn|3\n|\n|t:|1698937149\n|move|p1a: Clefairy|Follow Me|p1a: Clefairy\n|-singleturn|p1a: Clefairy|move: Follow Me\n|move|p2b: Dragonite|Fire Punch|p1a: Clefairy\n|-damage|p1a: Clefairy|56\/100\n|move|p1b: Ninetales|Blizzard|p2b: Dragonite|[spread] p2a,p2b\n|-supereffective|p2b: Dragonite\n|-damage|p2a: Snorlax|78\/100 frz\n|-damage|p2b: Dragonite|0 fnt\n|faint|p2b: Dragonite\n|cant|p2a: Snorlax|frz\n|\n|-weather|Snow|[upkeep]\n|-heal|p2a: Snorlax|84\/100 frz|[from] item: Leftovers\n|upkeep\n|\n|t:|1698937160\n|switch|p2b: Chien-Pao|Chien-Pao|100\/100\n|-ability|p2b: Chien-Pao|Sword of Ruin\n|turn|4\n|\n|t:|1698937176\n|move|p2b: Chien-Pao|Ice Spinner|p1a: Clefairy\n|-damage|p1a: Clefairy|15\/100\n|move|p1b: Ninetales|Moonblast|p2b: Chien-Pao\n|-supereffective|p2b: Chien-Pao\n|-damage|p2b: Chien-Pao|0 fnt\n|faint|p2b: Chien-Pao\n|move|p1a: Clefairy|Moonlight|p1a: Clefairy\n|-heal|p1a: Clefairy|40\/100\n|cant|p2a: Snorlax|frz\n|\n|-weather|Snow|[upkeep]\n|-heal|p2a: Snorlax|91\/100 frz|[from] item: Leftovers\n|upkeep\n|\n|t:|1698937192\n|switch|p2b: Toxapex|Toxapex, F|100\/100\n|turn|5\n|inactive|fdsfd12345 has 270 seconds left.\n|\n|t:|1698937234\n|switch|p1b: Chien-Pao|Chien-Pao|100\/100\n|-ability|p1b: Chien-Pao|Sword of Ruin\n|switch|p2a: Slaking|Slaking, M|100\/100\n|move|p2b: Toxapex|Poison Jab|p1a: Clefairy\n|-supereffective|p1a: Clefairy\n|-damage|p1a: Clefairy|3\/100\n|move|p1a: Clefairy|Moonlight|p1a: Clefairy\n|-heal|p1a: Clefairy|28\/100\n|\n|-weather|none\n|upkeep\n|turn|6\n|inactive|fdsfd12345 has 270 seconds left.\n|\n|t:|1698937251\n|-terastallize|p1a: Clefairy|Steel\n|move|p1b: Chien-Pao|Swords Dance|p1b: Chien-Pao\n|-boost|p1b: Chien-Pao|atk|2\n|move|p2a: Slaking|Giga Impact|p1b: Chien-Pao|[miss]\n|-miss|p2a: Slaking|p1b: Chien-Pao\n|move|p2b: Toxapex|Poison Jab|p1a: Clefairy\n|-immune|p1a: Clefairy\n|move|p1a: Clefairy|Moonlight|p1a: Clefairy\n|-heal|p1a: Clefairy|78\/100\n|\n|upkeep\n|turn|7\n|\n|t:|1698937270\n|move|p1a: Clefairy|Helping Hand|p1b: Chien-Pao\n|-singleturn|p1b: Chien-Pao|Helping Hand|[of] p1a: Clefairy\n|move|p1b: Chien-Pao|Crunch|p2b: Toxapex\n|-damage|p2b: Toxapex|0 fnt\n|faint|p2b: Toxapex\n|cant|p2a: Slaking|ability: Truant\n|\n|upkeep\n|\n|t:|1698937277\n|switch|p2b: Flareon|Flareon, F|100\/100\n|turn|8\n|\n|t:|1698937291\n|move|p1a: Clefairy|Helping Hand|p1b: Chien-Pao\n|-singleturn|p1b: Chien-Pao|Helping Hand|[of] p1a: Clefairy\n|move|p1b: Chien-Pao|Crunch|p2b: Flareon\n|-damage|p2b: Flareon|0 fnt\n|faint|p2b: Flareon\n|move|p2a: Slaking|Giga Impact|p1b: Chien-Pao\n|-damage|p1b: Chien-Pao|52\/100\n|-mustrecharge|p2a: Slaking\n|\n|-sideend|p1: fdsfd12345|move: Aurora Veil\n|upkeep\n|\n|t:|1698937301\n|switch|p2b: Snorlax|Snorlax, M|91\/100 frz\n|turn|9\n|inactive|fdsfd12345 has 270 seconds left.\n|\n|t:|1698937332\n|move|p1b: Chien-Pao|Ice Spinner|p2b: Snorlax\n|-damage|p2b: Snorlax|57\/100 frz\n|cant|p2a: Slaking|recharge\n|move|p1a: Clefairy|Heal Pulse|p1b: Chien-Pao\n|-heal|p1b: Chien-Pao|100\/100\n|cant|p2b: Snorlax|frz\n|\n|-heal|p2b: Snorlax|63\/100 frz|[from] item: Leftovers\n|upkeep\n|turn|10\n|\n|t:|1698937349\n|move|p1a: Clefairy|Helping Hand|p1b: Chien-Pao\n|-singleturn|p1b: Chien-Pao|Helping Hand|[of] p1a: Clefairy\n|move|p1b: Chien-Pao|Crunch|p2a: Slaking\n|-damage|p2a: Slaking|2\/100\n|move|p2a: Slaking|Giga Impact|p1a: Clefairy|[miss]\n|-miss|p2a: Slaking|p1a: Clefairy\n|cant|p2b: Snorlax|frz\n|\n|-heal|p2b: Snorlax|69\/100 frz|[from] item: Leftovers\n|upkeep\n|turn|11\n|\n|t:|1698937366\n|move|p1a: Clefairy|Helping Hand|p1b: Chien-Pao\n|-singleturn|p1b: Chien-Pao|Helping Hand|[of] p1a: Clefairy\n|move|p1b: Chien-Pao|Crunch|p2b: Snorlax\n|-damage|p2b: Snorlax|0 fnt\n|faint|p2b: Snorlax\n|cant|p2a: Slaking|ability: Truant\n|\n|upkeep\n|turn|12\n|\n|t:|1698937375\n|move|p1a: Clefairy|Helping Hand|p1b: Chien-Pao\n|-singleturn|p1b: Chien-Pao|Helping Hand|[of] p1a: Clefairy\n|move|p1b: Chien-Pao|Ice Shard|p2a: Slaking\n|-damage|p2a: Slaking|0 fnt\n|faint|p2a: Slaking\n|\n|win|fdsfd12345\n|l|\u2606zipthegamer_1\n","uploadtime":1698937386,"views":14,"p1id":"fdsfd12345","p2id":"zipthegamer1","formatid":"gen9doublesou","rating":0,"private":0,"password":""}