{"id":"gen9doublesou-1980730389","p1":"wkk123","p2":"talhabiggboi3","format":"[Gen 9] Doubles OU","log":"|j|\u2606wkk123\n|j|\u2606talhabiggboi3\n|t:|1698821198\n|gametype|doubles\n|player|p1|wkk123|cynthia|1354\n|player|p2|talhabiggboi3|101|1386\n|teamsize|p1|6\n|teamsize|p2|6\n|gen|9\n|tier|[Gen 9] Doubles OU\n|rated|\n|rule|Species Clause: Limit one of each Pok\u00e9mon\n|rule|OHKO Clause: OHKO moves are banned\n|rule|Evasion Moves Clause: Evasion moves are banned\n|rule|Gravity Sleep Clause: The combination of sleep-inducing moves with imperfect accuracy and Gravity or Gigantamax Orbeetle are banned\n|rule|Endless Battle Clause: Forcing endless battles is banned\n|rule|HP Percentage Mod: HP is shown in percentages\n|clearpoke\n|poke|p1|Maushold-Four|\n|poke|p1|Oranguru, M|\n|poke|p1|Ursaluna-Bloodmoon, M|\n|poke|p1|Torkoal, F|\n|poke|p1|Bruxish, F|\n|poke|p1|Iron Hands|\n|poke|p2|Murkrow, M|\n|poke|p2|Garchomp, F|\n|poke|p2|Hydreigon, F|\n|poke|p2|Armarouge, F|\n|poke|p2|Maushold-Four|\n|poke|p2|Gholdengo|\n|teampreview\n|inactive|Battle timer is ON: inactive players will automatically lose when time's up. (requested by wkk123)\n|\n|t:|1698821235\n|start\n|switch|p1a: Maushold|Maushold-Four|100\/100\n|switch|p1b: Oranguru|Oranguru, M, shiny|100\/100\n|switch|p2a: Garchomp|Garchomp, F|100\/100\n|switch|p2b: Gholdengo|Gholdengo|100\/100\n|turn|1\n|\n|t:|1698821256\n|-terastallize|p2b: Gholdengo|Steel\n|move|p1a: Maushold|Follow Me|p1a: Maushold\n|-singleturn|p1a: Maushold|move: Follow Me\n|move|p2a: Garchomp|Earthquake|p1a: Maushold|[spread] p2b,p1a,p1b\n|-supereffective|p2b: Gholdengo\n|-damage|p2b: Gholdengo|10\/100\n|-damage|p1a: Maushold|37\/100\n|-damage|p1b: Oranguru|65\/100\n|move|p2b: Gholdengo|Make It Rain|p1b: Oranguru|[spread] p1a,p1b\n|-damage|p1a: Maushold|0 fnt\n|-damage|p1b: Oranguru|0 fnt\n|-unboost|p2b: Gholdengo|spa|1\n|faint|p1a: Maushold\n|faint|p1b: Oranguru\n|\n|upkeep\n|inactive|wkk123 has 120 seconds left.\n|\n|t:|1698821277\n|switch|p1a: Iron Hands|Iron Hands|100\/100\n|switch|p1b: Bruxish|Bruxish, F, shiny|100\/100\n|-enditem|p1a: Iron Hands|Booster Energy\n|-activate|p1a: Iron Hands|ability: Quark Drive|[fromitem]\n|-start|p1a: Iron Hands|quarkdriveatk\n|turn|2\n|\n|t:|1698821293\n|switch|p2b: Armarouge|Armarouge, F|100\/100\n|move|p2a: Garchomp|Protect|p2a: Garchomp\n|-singleturn|p2a: Garchomp|Protect\n|move|p1a: Iron Hands|Fake Out|p2a: Garchomp\n|-activate|p2a: Garchomp|move: Protect\n|move|p1b: Bruxish|Trick Room|p1b: Bruxish\n|-fieldstart|move: Trick Room|[of] p1b: Bruxish\n|\n|upkeep\n|turn|3\n|inactive|talhabiggboi3 has 120 seconds left.\n|\n|t:|1698821334\n|-end|p1a: Iron Hands|Quark Drive|[silent]\n|switch|p1a: Ursaluna|Ursaluna-Bloodmoon, M|100\/100\n|switch|p2b: Hydreigon|Hydreigon, F|100\/100\n|move|p1b: Bruxish|Wave Crash|p2a: Garchomp\n|-damage|p2a: Garchomp|42\/100\n|-damage|p1b: Bruxish|88\/100|[from] ability: Rough Skin|[of] p2a: Garchomp\n|-damage|p1b: Bruxish|68\/100|[from] Recoil\n|move|p2a: Garchomp|Earthquake|p1a: Ursaluna|[spread] p1a,p1b\n|-immune|p2b: Hydreigon|[from] ability: Levitate\n|-damage|p1a: Ursaluna|69\/100\n|-damage|p1b: Bruxish|15\/100\n|\n|upkeep\n|turn|4\n|inactive|talhabiggboi3 has 120 seconds left.\n|\n|t:|1698821356\n|-terastallize|p1a: Ursaluna|Normal\n|move|p2a: Garchomp|Protect|p2a: Garchomp\n|-singleturn|p2a: Garchomp|Protect\n|move|p1b: Bruxish|Wave Crash|p2a: Garchomp\n|-activate|p2a: Garchomp|move: Protect\n|move|p1a: Ursaluna|Blood Moon|p2b: Hydreigon\n|-damage|p2b: Hydreigon|0 fnt\n|faint|p2b: Hydreigon\n|-damage|p1a: Ursaluna|59\/100|[from] item: Life Orb\n|\n|upkeep\n|\n|t:|1698821371\n|switch|p2b: Armarouge|Armarouge, F|100\/100\n|turn|5\n|\n|t:|1698821377\n|switch|p1b: Iron Hands|Iron Hands|100\/100\n|move|p2b: Armarouge|Protect|p2b: Armarouge\n|-singleturn|p2b: Armarouge|Protect\n|move|p2a: Garchomp|Protect||[still]\n|-fail|p2a: Garchomp\n|move|p1a: Ursaluna|Hyper Voice|p2b: Armarouge|[spread] p2a\n|-activate|p2b: Armarouge|move: Protect\n|-damage|p2a: Garchomp|0 fnt\n|faint|p2a: Garchomp\n|-damage|p1a: Ursaluna|49\/100|[from] item: Life Orb\n|\n|upkeep\n|inactive|talhabiggboi3 has 120 seconds left.\n|\n|t:|1698821389\n|switch|p2a: Murkrow|Murkrow, M|100\/100\n|turn|6\n|\n|t:|1698821406\n|move|p2b: Armarouge|Protect|p2b: Armarouge\n|-singleturn|p2b: Armarouge|Protect\n|move|p1b: Iron Hands|Fake Out|p2a: Murkrow\n|-damage|p2a: Murkrow|76\/100\n|cant|p2a: Murkrow|flinch\n|move|p1a: Ursaluna|Blood Moon|p2b: Armarouge\n|-activate|p2b: Armarouge|move: Protect\n|\n|-fieldend|move: Trick Room\n|upkeep\n|turn|7\n|\n|t:|1698821428\n|move|p2a: Murkrow|Tailwind|p2a: Murkrow\n|-sidestart|p2: talhabiggboi3|move: Tailwind\n|move|p2b: Armarouge|Armor Cannon|p1a: Ursaluna\n|-damage|p1a: Ursaluna|0 fnt\n|-unboost|p2b: Armarouge|def|1\n|-unboost|p2b: Armarouge|spd|1\n|faint|p1a: Ursaluna\n|-damage|p2b: Armarouge|91\/100|[from] item: Life Orb\n|move|p1b: Iron Hands|Wild Charge|p2a: Murkrow\n|-supereffective|p2a: Murkrow\n|-damage|p2a: Murkrow|0 fnt\n|faint|p2a: Murkrow\n|-damage|p1b: Iron Hands|87\/100|[from] Recoil\n|\n|upkeep\n|\n|t:|1698821455\n|switch|p2a: Gholdengo|Gholdengo, tera:Steel|10\/100\n|switch|p1a: Torkoal|Torkoal, F, shiny|100\/100\n|-weather|SunnyDay|[from] ability: Drought|[of] p1a: Torkoal\n|turn|8\n|l|\u2606talhabiggboi3\n|inactive|talhabiggboi3 disconnected and has a minute to reconnect!\n|player|p2|\n|j|\u2606talhabiggboi3\n|inactive|talhabiggboi3 reconnected and has 115 seconds left.\n|player|p2|talhabiggboi3|101\n|\n|t:|1698821498\n|move|p2a: Gholdengo|Shadow Ball|p1b: Iron Hands\n|-damage|p1b: Iron Hands|18\/100\n|move|p2b: Armarouge|Expanding Force|p1b: Iron Hands\n|-supereffective|p1b: Iron Hands\n|-damage|p1b: Iron Hands|0 fnt\n|faint|p1b: Iron Hands\n|-end|p1b: Iron Hands|Quark Drive|[silent]\n|-damage|p2b: Armarouge|81\/100|[from] item: Life Orb\n|move|p1a: Torkoal|Heat Wave|p2a: Gholdengo|[spread] p2a\n|-start|p2b: Armarouge|ability: Flash Fire\n|-supereffective|p2a: Gholdengo\n|-damage|p2a: Gholdengo|0 fnt\n|faint|p2a: Gholdengo\n|\n|-weather|SunnyDay|[upkeep]\n|upkeep\n|\n|t:|1698821511\n|switch|p2a: Maushold|Maushold-Four|100\/100\n|switch|p1b: Bruxish|Bruxish, F, shiny|15\/100\n|turn|9\n|\n|t:|1698821522\n|move|p2b: Armarouge|Protect|p2b: Armarouge\n|-singleturn|p2b: Armarouge|Protect\n|move|p2a: Maushold|Population Bomb|p1b: Bruxish\n|-damage|p1b: Bruxish|6\/100\n|-damage|p1b: Bruxish|0 fnt\n|faint|p1b: Bruxish\n|-hitcount|p1: Bruxish|2\n|move|p1a: Torkoal|Earth Power|p2b: Armarouge\n|-activate|p2b: Armarouge|move: Protect\n|\n|-weather|SunnyDay|[upkeep]\n|upkeep\n|turn|10\n|n|!talhabiggboi3|talhabiggboi3\n|\n|t:|1698821546\n|move|p2a: Maushold|Population Bomb|p1a: Torkoal\n|-damage|p1a: Torkoal|94\/100\n|-damage|p1a: Torkoal|89\/100\n|-damage|p1a: Torkoal|84\/100\n|-damage|p1a: Torkoal|78\/100\n|-damage|p1a: Torkoal|73\/100\n|-damage|p1a: Torkoal|67\/100\n|-damage|p1a: Torkoal|61\/100\n|-damage|p1a: Torkoal|55\/100\n|-damage|p1a: Torkoal|50\/100\n|-damage|p1a: Torkoal|44\/100\n|-hitcount|p1a: Torkoal|10\n|move|p2b: Armarouge|Armor Cannon|p1a: Torkoal\n|-resisted|p1a: Torkoal\n|-damage|p1a: Torkoal|0 fnt\n|-unboost|p2b: Armarouge|def|1\n|-unboost|p2b: Armarouge|spd|1\n|faint|p1a: Torkoal\n|-damage|p2b: Armarouge|71\/100|[from] item: Life Orb\n|\n|win|talhabiggboi3\n|raw|wkk123's rating: 1354 &rarr; <strong>1336<\/strong><br \/>(-18 for losing)\n|raw|talhabiggboi3's rating: 1386 &rarr; <strong>1404<\/strong><br \/>(+18 for winning)\n","uploadtime":1698821538,"views":27,"p1id":"wkk123","p2id":"talhabiggboi3","formatid":"gen9doublesou","rating":1336,"private":0,"password":""}