{"id":"gen9doublesou-1994087090","p1":"Sat1968","p2":"wu liao de lan gou","format":"[Gen 9] Doubles OU","log":"|j|\u2606Sat1968\n|j|\u2606wu liao de lan gou\n|t:|1700405183\n|gametype|doubles\n|player|p1|Sat1968|102|1346\n|player|p2|wu liao de lan gou|marnie|1516\n|teamsize|p1|6\n|teamsize|p2|6\n|gen|9\n|tier|[Gen 9] Doubles OU\n|rated|\n|rule|Species Clause: Limit one of each Pok\u00e9mon\n|rule|OHKO Clause: OHKO moves are banned\n|rule|Evasion Moves Clause: Evasion moves are banned\n|rule|Gravity Sleep Clause: The combination of sleep-inducing moves with imperfect accuracy and Gravity or Gigantamax Orbeetle are banned\n|rule|Endless Battle Clause: Forcing endless battles is banned\n|rule|HP Percentage Mod: HP is shown in percentages\n|clearpoke\n|poke|p1|Cinderace, M|\n|poke|p1|Zapdos|\n|poke|p1|Landorus-Therian, M|\n|poke|p1|Gastrodon-East, F|\n|poke|p1|Sinistcha-Masterpiece|\n|poke|p1|Chien-Pao|\n|poke|p2|Roaring Moon|\n|poke|p2|Gholdengo|\n|poke|p2|Weezing, F|\n|poke|p2|Sinistcha|\n|poke|p2|Volcanion|\n|poke|p2|Landorus-Therian, M|\n|teampreview\n|\n|t:|1700405221\n|start\n|switch|p1a: racist|Cinderace, M, shiny|100\/100\n|switch|p1b: bird up|Zapdos|100\/100\n|switch|p2a: Volcanion|Volcanion|100\/100\n|switch|p2b: Landorus|Landorus-Therian, M|100\/100\n|-ability|p2b: Landorus|Intimidate|boost\n|-unboost|p1a: racist|atk|1\n|-unboost|p1b: bird up|atk|1\n|-ability|p1b: bird up|Pressure\n|turn|1\n|\n|t:|1700405254\n|switch|p1a: don|Gastrodon-East, F|100\/100\n|switch|p2a: Sinistcha|Sinistcha|100\/100\n|move|p2b: Landorus|Rock Slide|p1a: don|[spread] p1a,p1b\n|-resisted|p1a: don\n|-supereffective|p1b: bird up\n|-damage|p1a: don|91\/100\n|-damage|p1b: bird up|50\/100\n|move|p1b: bird up|Thunderbolt|p2a: Sinistcha\n|-resisted|p2a: Sinistcha\n|-damage|p2a: Sinistcha|78\/100\n|\n|-heal|p1b: bird up|56\/100|[from] item: Leftovers\n|-heal|p2a: Sinistcha|84\/100|[from] item: Leftovers\n|upkeep\n|turn|2\n|\n|t:|1700405274\n|-terastallize|p1a: don|Fire\n|move|p2b: Landorus|Rock Slide|p1a: don|[spread] p1a,p1b\n|-supereffective|p1a: don\n|-supereffective|p1b: bird up\n|-damage|p1a: don|52\/100\n|-damage|p1b: bird up|7\/100\n|move|p1b: bird up|Tailwind|p1b: bird up\n|-sidestart|p1: Sat1968|move: Tailwind\n|move|p1a: don|Icy Wind|p2a: Sinistcha|[spread] p2a,p2b\n|-supereffective|p2a: Sinistcha\n|-supereffective|p2b: Landorus\n|-damage|p2a: Sinistcha|62\/100\n|-damage|p2b: Landorus|34\/100\n|-unboost|p2a: Sinistcha|spe|1\n|-unboost|p2b: Landorus|spe|1\n|move|p2a: Sinistcha|Matcha Gotcha|p1b: bird up|[spread] p1a,p1b\n|-resisted|p1a: don\n|-resisted|p1b: bird up\n|-crit|p1b: bird up\n|-damage|p1a: don|43\/100\n|-heal|p2a: Sinistcha|67\/100|[from] drain|[of] p1a: don\n|-damage|p1b: bird up|0 fnt\n|-heal|p2a: Sinistcha|70\/100|[from] drain|[of] p1b: bird up\n|faint|p1b: bird up\n|\n|-heal|p2a: Sinistcha|76\/100|[from] item: Leftovers\n|upkeep\n|\n|t:|1700405312\n|switch|p1b: pao|Chien-Pao|100\/100\n|-ability|p1b: pao|Sword of Ruin\n|turn|3\n|\n|t:|1700405331\n|switch|p2b: Volcanion|Volcanion|100\/100\n|switch|p2a: Weezing|Weezing, F|100\/100\n|-ability|p2a: Weezing|Neutralizing Gas\n|move|p1b: pao|Icicle Crash|p2b: Volcanion\n|-resisted|p2b: Volcanion\n|-damage|p2b: Volcanion|93\/100\n|move|p1a: don|Sludge Bomb|p2a: Weezing\n|-resisted|p2a: Weezing\n|-damage|p2a: Weezing|85\/100\n|\n|upkeep\n|turn|4\n|\n|t:|1700405348\n|switch|p1b: mocho|Sinistcha-Masterpiece, shiny|100\/100\n|move|p1a: don|Icy Wind|p2a: Weezing|[spread] p2a,p2b\n|-resisted|p2b: Volcanion\n|-damage|p2a: Weezing|72\/100\n|-damage|p2b: Volcanion|91\/100\n|-unboost|p2a: Weezing|spe|1\n|-unboost|p2b: Volcanion|spe|1\n|move|p2b: Volcanion|Heat Wave|p1b: mocho|[spread] p1a,p1b\n|-resisted|p1a: don\n|-supereffective|p1b: mocho\n|-damage|p1a: don|27\/100\n|-damage|p1b: mocho|16\/100\n|move|p2a: Weezing|Will-O-Wisp|p1b: mocho\n|-status|p1b: mocho|brn\n|\n|-heal|p1b: mocho|22\/100 brn|[from] item: Leftovers\n|-damage|p1b: mocho|16\/100 brn|[from] brn\n|upkeep\n|turn|5\n|\n|t:|1700405372\n|move|p1b: mocho|Matcha Gotcha|p2a: Weezing|[spread] p2a,p2b\n|-resisted|p2a: Weezing\n|-damage|p2a: Weezing|55\/100\n|-heal|p1b: mocho|26\/100 brn|[from] drain|[of] p2a: Weezing\n|-damage|p2b: Volcanion|70\/100\n|-heal|p1b: mocho|39\/100 brn|[from] drain|[of] p2b: Volcanion\n|-status|p2a: Weezing|brn\n|move|p1a: don|Icy Wind|p2a: Weezing|[spread] p2a,p2b\n|-resisted|p2b: Volcanion\n|-damage|p2a: Weezing|40\/100 brn\n|-damage|p2b: Volcanion|68\/100\n|-unboost|p2a: Weezing|spe|1\n|-unboost|p2b: Volcanion|spe|1\n|-enditem|p2a: Weezing|Sitrus Berry|[eat]\n|-heal|p2a: Weezing|65\/100 brn|[from] item: Sitrus Berry\n|move|p2b: Volcanion|Heat Wave|p1b: mocho|[spread] p1a\n|-miss|p2b: Volcanion|p1b: mocho\n|-resisted|p1a: don\n|-damage|p1a: don|11\/100\n|move|p2a: Weezing|Gunk Shot|p1a: don\n|-damage|p1a: don|0 fnt\n|faint|p1a: don\n|\n|-heal|p1b: mocho|45\/100 brn|[from] item: Leftovers\n|-damage|p1b: mocho|39\/100 brn|[from] brn\n|-damage|p2a: Weezing|59\/100 brn|[from] brn\n|-sideend|p1: Sat1968|move: Tailwind\n|upkeep\n|\n|t:|1700405388\n|switch|p1a: lannnndo|Landorus-Therian, M|100\/100\n|turn|6\n|\n|t:|1700405410\n|switch|p2b: Landorus|Landorus-Therian, M|34\/100\n|move|p1a: lannnndo|Earthquake|p2a: Weezing|[spread] p1b,p2a\n|-immune|p2b: Landorus\n|-resisted|p1b: mocho\n|-supereffective|p2a: Weezing\n|-damage|p1b: mocho|8\/100 brn\n|-damage|p2a: Weezing|0 fnt\n|faint|p2a: Weezing\n|-end|p2a: Weezing|ability: Neutralizing Gas\n|-ability|p2b: Landorus|Intimidate|boost\n|-unboost|p1a: lannnndo|atk|1\n|-unboost|p1b: mocho|atk|1\n|-ability|p1a: lannnndo|Intimidate|boost\n|-unboost|p2b: Landorus|atk|1\n|-damage|p1a: lannnndo|90\/100|[from] item: Life Orb\n|move|p1b: mocho|Matcha Gotcha|p2b: Landorus\n|-damage|p2b: Landorus|0 fnt\n|-heal|p1b: mocho|27\/100 brn|[from] drain|[of] p2b: Landorus\n|faint|p2b: Landorus\n|\n|-heal|p1b: mocho|33\/100 brn|[from] item: Leftovers\n|-damage|p1b: mocho|27\/100 brn|[from] brn\n|upkeep\n|\n|t:|1700405424\n|switch|p2b: Sinistcha|Sinistcha|76\/100\n|switch|p2a: Volcanion|Volcanion|68\/100\n|-heal|p2a: Volcanion|93\/100|[from] ability: Hospitality|[of] p2b: Sinistcha\n|turn|7\n|\n|t:|1700405441\n|switch|p1a: racist|Cinderace, M, shiny|100\/100\n|move|p2a: Volcanion|Steam Eruption|p1a: racist\n|-supereffective|p1a: racist\n|-damage|p1a: racist|0 fnt\n|faint|p1a: racist\n|move|p1b: mocho|Life Dew|p1b: mocho\n|-heal|p1b: mocho|52\/100 brn\n|move|p2b: Sinistcha|Matcha Gotcha|p1b: mocho\n|-resisted|p1b: mocho\n|-damage|p1b: mocho|35\/100 brn\n|-heal|p2b: Sinistcha|83\/100|[from] drain|[of] p1b: mocho\n|\n|-heal|p2b: Sinistcha|89\/100|[from] item: Leftovers\n|-heal|p1b: mocho|41\/100 brn|[from] item: Leftovers\n|-damage|p1b: mocho|35\/100 brn|[from] brn\n|upkeep\n|\n|t:|1700405459\n|switch|p1a: lannnndo|Landorus-Therian, M|90\/100\n|-ability|p1a: lannnndo|Intimidate|boost\n|-unboost|p2a: Volcanion|atk|1\n|-unboost|p2b: Sinistcha|atk|1\n|turn|8\n|\n|t:|1700405466\n|move|p1a: lannnndo|Earthquake|p2a: Volcanion|[spread] p1b,p2a,p2b\n|-resisted|p1b: mocho\n|-supereffective|p2a: Volcanion\n|-crit|p2a: Volcanion\n|-resisted|p2b: Sinistcha\n|-damage|p1b: mocho|5\/100 brn\n|-damage|p2a: Volcanion|0 fnt\n|-damage|p2b: Sinistcha|65\/100\n|faint|p2a: Volcanion\n|-damage|p1a: lannnndo|80\/100|[from] item: Life Orb\n|move|p1b: mocho|Matcha Gotcha|p2b: Sinistcha\n|-resisted|p2b: Sinistcha\n|-damage|p2b: Sinistcha|45\/100\n|-heal|p1b: mocho|17\/100 brn|[from] drain|[of] p2b: Sinistcha\n|move|p2b: Sinistcha|Matcha Gotcha|p1a: lannnndo|[spread] p1a,p1b\n|-resisted|p1b: mocho\n|-damage|p1a: lannnndo|47\/100\n|-heal|p2b: Sinistcha|61\/100|[from] drain|[of] p1a: lannnndo\n|-damage|p1b: mocho|3\/100 brn\n|-heal|p2b: Sinistcha|67\/100|[from] drain|[of] p1b: mocho\n|-status|p1a: lannnndo|brn\n|\n|-heal|p2b: Sinistcha|73\/100|[from] item: Leftovers\n|-heal|p1b: mocho|9\/100 brn|[from] item: Leftovers\n|-damage|p1a: lannnndo|40\/100 brn|[from] brn\n|-damage|p1b: mocho|3\/100 brn|[from] brn\n|upkeep\n|\n|t:|1700405473\n|switch|p2a: Roaring Moon|Roaring Moon|100\/100\n|-enditem|p2a: Roaring Moon|Booster Energy\n|-activate|p2a: Roaring Moon|ability: Protosynthesis|[fromitem]\n|-start|p2a: Roaring Moon|protosynthesisspe\n|turn|9\n|\n|t:|1700405504\n|move|p2a: Roaring Moon|Knock Off|p1a: lannnndo\n|-damage|p1a: lannnndo|0 fnt\n|-enditem|p1a: lannnndo|Life Orb|[from] move: Knock Off|[of] p2a: Roaring Moon\n|faint|p1a: lannnndo\n|move|p1b: mocho|Shadow Ball|p2b: Sinistcha\n|-supereffective|p2b: Sinistcha\n|-damage|p2b: Sinistcha|0 fnt\n|faint|p2b: Sinistcha\n|\n|-heal|p1b: mocho|9\/100 brn|[from] item: Leftovers\n|-damage|p1b: mocho|3\/100 brn|[from] brn\n|upkeep\n|\n|t:|1700405514\n|switch|p1a: pao|Chien-Pao|100\/100\n|switch|p2b: Gholdengo|Gholdengo|100\/100\n|-ability|p1a: pao|Sword of Ruin\n|turn|10\n|\n|t:|1700405524\n|-terastallize|p2b: Gholdengo|Fairy\n|move|p2a: Roaring Moon|Protect|p2a: Roaring Moon\n|-singleturn|p2a: Roaring Moon|Protect\n|move|p1a: pao|Icicle Crash|p2a: Roaring Moon\n|-activate|p2a: Roaring Moon|move: Protect\n|move|p2b: Gholdengo|Make It Rain|p1b: mocho|[spread] p1a,p1b\n|-supereffective|p1a: pao\n|-enditem|p1a: pao|Focus Sash\n|-damage|p1a: pao|1\/100\n|-damage|p1b: mocho|0 fnt\n|-unboost|p2b: Gholdengo|spa|1\n|faint|p1b: mocho\n|\n|upkeep\n|turn|11\n|\n|t:|1700405537\n|move|p2a: Roaring Moon|Knock Off|p1a: pao\n|-resisted|p1a: pao\n|-damage|p1a: pao|0 fnt\n|faint|p1a: pao\n|\n|win|wu liao de lan gou\n|raw|Sat1968's rating: 1346 &rarr; <strong>1335<\/strong><br \/>(-11 for losing)\n|raw|wu liao de lan gou's rating: 1516 &rarr; <strong>1527<\/strong><br \/>(+11 for winning)\n|l|\u2606Sat1968\n","uploadtime":1700405552,"views":4,"p1id":"sat1968","p2id":"wuliaodelangou","formatid":"gen9doublesou","rating":1335,"private":0,"password":""}