{"id":"gen9doublesou-1972390123","p1":"Geniusatstuff","p2":"tfulvi.goh-p","format":"[Gen 9] Doubles OU","log":"|j|\u2606Geniusatstuff\n|j|\u2606tfulvi.goh-p\n|t:|1697837702\n|gametype|doubles\n|player|p1|Geniusatstuff|266|1050\n|player|p2|tfulvi.goh-p|backpackerf|1105\n|teamsize|p1|6\n|teamsize|p2|6\n|gen|9\n|tier|[Gen 9] Doubles OU\n|rated|\n|rule|Species Clause: Limit one of each Pok\u00e9mon\n|rule|OHKO Clause: OHKO moves are banned\n|rule|Evasion Moves Clause: Evasion moves are banned\n|rule|Gravity Sleep Clause: The combination of sleep-inducing moves with imperfect accuracy and Gravity or Gigantamax Orbeetle are banned\n|rule|Endless Battle Clause: Forcing endless battles is banned\n|rule|HP Percentage Mod: HP is shown in percentages\n|clearpoke\n|poke|p1|Oricorio-Pom-Pom, F|\n|poke|p1|Cresselia, F|\n|poke|p1|Milotic, F|\n|poke|p1|Volcarona, M|\n|poke|p1|Lilligant-Hisui, F|\n|poke|p1|Goodra-Hisui, M|\n|poke|p2|Kingambit, M|\n|poke|p2|Ninetales-Alola, F|\n|poke|p2|Weezing, F|\n|poke|p2|Milotic, M|\n|poke|p2|Dragapult, F|\n|poke|p2|Glimmora, F|\n|teampreview\n|inactive|Battle timer is ON: inactive players will automatically lose when time's up. (requested by tfulvi.goh-p)\n|\n|t:|1697837723\n|start\n|switch|p1a: Oricorio|Oricorio-Pom-Pom, F, shiny|100\/100\n|switch|p1b: Cresselia|Cresselia, F, shiny|100\/100\n|switch|p2a: Dragapult|Dragapult, F, shiny|100\/100\n|switch|p2b: Weezing|Weezing, F, shiny|100\/100\n|-ability|p2b: Weezing|Neutralizing Gas\n|turn|1\n|\n|t:|1697837740\n|move|p2a: Dragapult|U-turn|p1b: Cresselia\n|-supereffective|p1b: Cresselia\n|-damage|p1b: Cresselia|62\/100\n|-damage|p2a: Dragapult|91\/100|[from] item: Life Orb\n|\n|t:|1697837745\n|switch|p2a: Ninetales|Ninetales-Alola, F, shiny|100\/100|[from] U-turn\n|move|p1a: Oricorio|Icy Wind|p2b: Weezing|[spread] p2a,p2b\n|-resisted|p2a: Ninetales\n|-damage|p2a: Ninetales|95\/100\n|-damage|p2b: Weezing|88\/100\n|-unboost|p2a: Ninetales|spe|1\n|-unboost|p2b: Weezing|spe|1\n|move|p1b: Cresselia|Skill Swap||[still]\n|-fail|p1b: Cresselia\n|move|p2b: Weezing|Acid Spray|p1b: Cresselia\n|-damage|p1b: Cresselia|54\/100\n|-unboost|p1b: Cresselia|spd|2\n|\n|-heal|p2b: Weezing|94\/100|[from] item: Leftovers\n|upkeep\n|turn|2\n|inactive|Geniusatstuff has 120 seconds left.\n|\n|t:|1697837779\n|switch|p1a: Goodra|Goodra-Hisui, M, shiny|100\/100\n|switch|p1b: Milotic|Milotic, F, shiny|100\/100\n|move|p2a: Ninetales|Icy Wind|p1b: Milotic|[spread] p1a,p1b\n|-resisted|p1b: Milotic\n|-damage|p1a: Goodra|92\/100\n|-damage|p1b: Milotic|96\/100\n|-unboost|p1a: Goodra|spe|1\n|-unboost|p1b: Milotic|spe|1\n|move|p2b: Weezing|Acid Spray|p1b: Milotic\n|-damage|p1b: Milotic|87\/100\n|-unboost|p1b: Milotic|spd|2\n|\n|-heal|p1a: Goodra|98\/100|[from] item: Leftovers\n|-heal|p2b: Weezing|99\/100|[from] item: Leftovers\n|upkeep\n|turn|3\n|inactive|Geniusatstuff has 120 seconds left.\n|\n|t:|1697837807\n|switch|p1b: Cresselia|Cresselia, F, shiny|54\/100\n|move|p2a: Ninetales|Icy Wind|p1b: Cresselia|[spread] p1a,p1b\n|-damage|p1a: Goodra|90\/100\n|-damage|p1b: Cresselia|46\/100\n|-unboost|p1a: Goodra|spe|1\n|-unboost|p1b: Cresselia|spe|1\n|move|p1a: Goodra|Heavy Slam|p2a: Ninetales\n|-supereffective|p2a: Ninetales\n|-damage|p2a: Ninetales|0 fnt\n|faint|p2a: Ninetales\n|move|p2b: Weezing|Acid Spray|p1b: Cresselia\n|-damage|p1b: Cresselia|38\/100\n|-unboost|p1b: Cresselia|spd|2\n|\n|-heal|p1a: Goodra|96\/100|[from] item: Leftovers\n|-heal|p2b: Weezing|100\/100|[from] item: Leftovers\n|upkeep\n|inactive|tfulvi.goh-p has 120 seconds left.\n|\n|t:|1697837836\n|switch|p2a: Dragapult|Dragapult, F, shiny|91\/100\n|turn|4\n|\n|t:|1697837848\n|switch|p1b: Milotic|Milotic, F, shiny|87\/100\n|move|p2a: Dragapult|U-turn|p1b: Milotic\n|-damage|p1b: Milotic|58\/100\n|-damage|p2a: Dragapult|81\/100|[from] item: Life Orb\n|\n|t:|1697837854\n|switch|p2a: Milotic|Milotic, M, shiny|100\/100|[from] U-turn\n|move|p1a: Goodra|Shelter|p1a: Goodra\n|-boost|p1a: Goodra|def|2\n|move|p2b: Weezing|Acid Spray|p1b: Milotic\n|-damage|p1b: Milotic|49\/100\n|-unboost|p1b: Milotic|spd|2\n|-enditem|p1b: Milotic|Sitrus Berry|[eat]\n|-heal|p1b: Milotic|73\/100|[from] item: Sitrus Berry\n|\n|-heal|p1a: Goodra|100\/100|[from] item: Leftovers\n|upkeep\n|turn|5\n|\n|t:|1697837881\n|switch|p1b: Oricorio|Oricorio-Pom-Pom, F, shiny|100\/100\n|move|p2a: Milotic|Scald|p1a: Goodra\n|-resisted|p1a: Goodra\n|-damage|p1a: Goodra|91\/100\n|move|p1a: Goodra|Shelter|p1a: Goodra\n|-boost|p1a: Goodra|def|2\n|move|p2b: Weezing|Acid Spray|p1b: Oricorio\n|-damage|p1b: Oricorio|82\/100\n|-unboost|p1b: Oricorio|spd|2\n|\n|-heal|p1a: Goodra|97\/100|[from] item: Leftovers\n|upkeep\n|turn|6\n|\n|t:|1697837905\n|move|p1b: Oricorio|Revelation Dance|p2a: Milotic\n|-supereffective|p2a: Milotic\n|-damage|p2a: Milotic|55\/100\n|move|p2a: Milotic|Scald|p1a: Goodra\n|-resisted|p1a: Goodra\n|-damage|p1a: Goodra|88\/100\n|move|p1a: Goodra|Shelter|p1a: Goodra\n|-boost|p1a: Goodra|def|2\n|move|p2b: Weezing|Acid Spray|p1b: Oricorio\n|-damage|p1b: Oricorio|43\/100\n|-unboost|p1b: Oricorio|spd|2\n|\n|-heal|p2a: Milotic|62\/100|[from] item: Leftovers\n|-heal|p1a: Goodra|94\/100|[from] item: Leftovers\n|upkeep\n|turn|7\n|\n|t:|1697837930\n|move|p1b: Oricorio|Revelation Dance|p2a: Milotic\n|-supereffective|p2a: Milotic\n|-damage|p2a: Milotic|16\/100\n|move|p2a: Milotic|Scald|p1a: Goodra\n|-resisted|p1a: Goodra\n|-damage|p1a: Goodra|84\/100\n|move|p1a: Goodra|Body Press|p2b: Weezing\n|-resisted|p2b: Weezing\n|-damage|p2b: Weezing|66\/100\n|move|p2b: Weezing|Acid Spray|p1b: Oricorio\n|-damage|p1b: Oricorio|0 fnt\n|faint|p1b: Oricorio\n|\n|-heal|p2a: Milotic|23\/100|[from] item: Leftovers\n|-heal|p1a: Goodra|90\/100|[from] item: Leftovers\n|-heal|p2b: Weezing|72\/100|[from] item: Leftovers\n|upkeep\n|inactive|Geniusatstuff has 120 seconds left.\n|\n|t:|1697837952\n|switch|p1b: Milotic|Milotic, F, shiny|73\/100\n|turn|8\n|\n|t:|1697837962\n|move|p2a: Milotic|Scald|p1a: Goodra\n|-resisted|p1a: Goodra\n|-damage|p1a: Goodra|81\/100\n|move|p1b: Milotic|Hypnosis|p2b: Weezing|[miss]\n|-miss|p1b: Milotic|p2b: Weezing\n|move|p1a: Goodra|Body Press|p2a: Milotic\n|-damage|p2a: Milotic|0 fnt\n|faint|p2a: Milotic\n|move|p2b: Weezing|Acid Spray|p1b: Milotic\n|-damage|p1b: Milotic|64\/100\n|-unboost|p1b: Milotic|spd|2\n|\n|-heal|p1a: Goodra|87\/100|[from] item: Leftovers\n|-heal|p2b: Weezing|78\/100|[from] item: Leftovers\n|upkeep\n|\n|t:|1697837981\n|switch|p2a: Glimmora|Glimmora, F, shiny|100\/100\n|turn|9\n|\n|t:|1697838000\n|switch|p1b: Volcarona|Volcarona, M, shiny|100\/100\n|move|p2a: Glimmora|Power Gem|p1b: Volcarona\n|-supereffective|p1b: Volcarona\n|-damage|p1b: Volcarona|0 fnt\n|faint|p1b: Volcarona\n|move|p1a: Goodra|Body Press|p2a: Glimmora\n|-damage|p2a: Glimmora|0 fnt\n|faint|p2a: Glimmora\n|move|p2b: Weezing|Acid Spray|p1a: Goodra\n|-immune|p1a: Goodra\n|\n|-heal|p1a: Goodra|93\/100|[from] item: Leftovers\n|-heal|p2b: Weezing|84\/100|[from] item: Leftovers\n|upkeep\n|\n|t:|1697838020\n|switch|p1b: Lilligant|Lilligant-Hisui, F, shiny|100\/100\n|switch|p2a: Dragapult|Dragapult, F, shiny|81\/100\n|turn|10\n|\n|t:|1697838042\n|move|p2a: Dragapult|Psychic Fangs|p1b: Lilligant\n|-supereffective|p1b: Lilligant\n|-damage|p1b: Lilligant|0 fnt\n|faint|p1b: Lilligant\n|-damage|p2a: Dragapult|71\/100|[from] item: Life Orb\n|move|p1a: Goodra|Heavy Slam|p2a: Dragapult\n|-damage|p2a: Dragapult|5\/100\n|move|p2b: Weezing|Flamethrower|p1a: Goodra\n|-damage|p1a: Goodra|80\/100\n|\n|-heal|p1a: Goodra|86\/100|[from] item: Leftovers\n|-heal|p2b: Weezing|90\/100|[from] item: Leftovers\n|upkeep\n|\n|t:|1697838058\n|switch|p1b: Cresselia|Cresselia, F, shiny|38\/100\n|turn|11\n|\n|t:|1697838069\n|switch|p1b: Milotic|Milotic, F, shiny|64\/100\n|move|p2a: Dragapult|U-turn|p1b: Milotic\n|-damage|p1b: Milotic|37\/100\n|-damage|p2a: Dragapult|0 fnt|[from] item: Life Orb\n|faint|p2a: Dragapult\n|move|p1a: Goodra|Heavy Slam|p2b: Weezing\n|-damage|p2b: Weezing|58\/100\n|move|p2b: Weezing|Acid Spray|p1b: Milotic\n|-damage|p1b: Milotic|27\/100\n|-unboost|p1b: Milotic|spd|2\n|\n|-heal|p1a: Goodra|92\/100|[from] item: Leftovers\n|-heal|p2b: Weezing|64\/100|[from] item: Leftovers\n|upkeep\n|\n|t:|1697838076\n|switch|p2a: Kingambit|Kingambit, M, shiny|100\/100\n|turn|12\n|\n|t:|1697838096\n|move|p2a: Kingambit|Protect|p2a: Kingambit\n|-singleturn|p2a: Kingambit|Protect\n|move|p1b: Milotic|Hypnosis|p2a: Kingambit\n|-activate|p2a: Kingambit|move: Protect\n|move|p1a: Goodra|Body Press|p2a: Kingambit\n|-activate|p2a: Kingambit|move: Protect\n|move|p2b: Weezing|Flamethrower|p1a: Goodra\n|-damage|p1a: Goodra|81\/100\n|\n|-heal|p1a: Goodra|87\/100|[from] item: Leftovers\n|-heal|p2b: Weezing|70\/100|[from] item: Leftovers\n|upkeep\n|turn|13\n|inactive|tfulvi.goh-p has 120 seconds left.\n|\n|t:|1697838133\n|move|p2a: Kingambit|Sucker Punch|p1a: Goodra\n|-damage|p1a: Goodra|77\/100\n|move|p1b: Milotic|Hypnosis|p2a: Kingambit|[miss]\n|-miss|p1b: Milotic|p2a: Kingambit\n|move|p1a: Goodra|Body Press|p2a: Kingambit\n|-supereffective|p2a: Kingambit\n|-damage|p2a: Kingambit|0 fnt\n|faint|p2a: Kingambit\n|move|p2b: Weezing|Flamethrower|p1a: Goodra\n|-damage|p1a: Goodra|66\/100\n|\n|-heal|p1a: Goodra|72\/100|[from] item: Leftovers\n|-heal|p2b: Weezing|76\/100|[from] item: Leftovers\n|upkeep\n|turn|14\n|\n|t:|1697838154\n|move|p1b: Milotic|Coil|p1b: Milotic\n|-boost|p1b: Milotic|atk|1\n|-boost|p1b: Milotic|def|1\n|-boost|p1b: Milotic|accuracy|1\n|move|p1a: Goodra|Life Dew|p1a: Goodra|[spread] p1a,p1b\n|-heal|p1a: Goodra|97\/100\n|-heal|p1b: Milotic|52\/100\n|move|p2b: Weezing|Acid Spray|p1b: Milotic\n|-damage|p1b: Milotic|35\/100\n|-unboost|p1b: Milotic|spd|2\n|\n|-heal|p1a: Goodra|100\/100|[from] item: Leftovers\n|-heal|p2b: Weezing|82\/100|[from] item: Leftovers\n|upkeep\n|turn|15\n|\n|t:|1697838173\n|move|p1b: Milotic|Hypnosis|p2b: Weezing\n|-status|p2b: Weezing|slp|[from] move: Hypnosis\n|move|p1a: Goodra|Body Press|p2b: Weezing\n|-resisted|p2b: Weezing\n|-damage|p2b: Weezing|45\/100 slp\n|cant|p2b: Weezing|slp\n|\n|-heal|p2b: Weezing|50\/100 slp|[from] item: Leftovers\n|upkeep\n|turn|16\n|\n|t:|1697838188\n|move|p1b: Milotic|Coil|p1b: Milotic\n|-boost|p1b: Milotic|atk|1\n|-boost|p1b: Milotic|def|1\n|-boost|p1b: Milotic|accuracy|1\n|move|p1a: Goodra|Body Press|p2b: Weezing\n|-resisted|p2b: Weezing\n|-damage|p2b: Weezing|15\/100 slp\n|-curestatus|p2b: Weezing|slp|[msg]\n|move|p2b: Weezing|Acid Spray|p1b: Milotic\n|-damage|p1b: Milotic|7\/100\n|-unboost|p1b: Milotic|spd|2\n|\n|-heal|p2b: Weezing|21\/100|[from] item: Leftovers\n|upkeep\n|turn|17\n|\n|t:|1697838207\n|move|p2b: Weezing|Protect|p2b: Weezing\n|-singleturn|p2b: Weezing|Protect\n|move|p1b: Milotic|Hypnosis|p2b: Weezing\n|-activate|p2b: Weezing|move: Protect\n|move|p1a: Goodra|Life Dew||[still]|[spread] p1a,p1b\n|-fail|p1a: Goodra|heal\n|-heal|p1b: Milotic|33\/100\n|\n|-heal|p2b: Weezing|27\/100|[from] item: Leftovers\n|upkeep\n|turn|18\n|\n|t:|1697838223\n|move|p1b: Milotic|Hypnosis|p2b: Weezing\n|-status|p2b: Weezing|slp|[from] move: Hypnosis\n|move|p1a: Goodra|Body Press|p2b: Weezing\n|-resisted|p2b: Weezing\n|-damage|p2b: Weezing|0 fnt\n|faint|p2b: Weezing\n|-end|p2b: Weezing|ability: Neutralizing Gas\n|\n|win|Geniusatstuff\n|raw|Geniusatstuff's rating: 1050 &rarr; <strong>1088<\/strong><br \/>(+38 for winning)\n|raw|tfulvi.goh-p's rating: 1105 &rarr; <strong>1076<\/strong><br \/>(-29 for losing)\n|l|\u2606tfulvi.goh-p\n","uploadtime":1697838233,"views":12,"p1id":"geniusatstuff","p2id":"tfulvigohp","formatid":"gen9doublesou","rating":1076,"private":0,"password":""}