{"id":"gen9doublesou-1976961063","p1":"baneberrie","p2":"skyridonte2345","format":"[Gen 9] Doubles OU","log":"|j|\u2606baneberrie\n|j|\u2606skyridonte2345\n|t:|1698356386\n|gametype|doubles\n|player|p1|baneberrie|acetrainerf|1067\n|player|p2|skyridonte2345|blackbelt-gen4dp|1000\n|teamsize|p1|6\n|teamsize|p2|6\n|gen|9\n|tier|[Gen 9] Doubles OU\n|rated|\n|rule|Species Clause: Limit one of each Pok\u00e9mon\n|rule|OHKO Clause: OHKO moves are banned\n|rule|Evasion Moves Clause: Evasion moves are banned\n|rule|Gravity Sleep Clause: The combination of sleep-inducing moves with imperfect accuracy and Gravity or Gigantamax Orbeetle are banned\n|rule|Endless Battle Clause: Forcing endless battles is banned\n|rule|HP Percentage Mod: HP is shown in percentages\n|clearpoke\n|poke|p1|Torkoal, M|\n|poke|p1|Leafeon, F|\n|poke|p1|Great Tusk|\n|poke|p1|Amoonguss, M|\n|poke|p1|Heatran, F|\n|poke|p1|Landorus-Therian, M|\n|poke|p2|Amoonguss, M|\n|poke|p2|Dragonite, M|\n|poke|p2|Flutter Mane|\n|poke|p2|Chien-Pao|\n|poke|p2|Heatran, F|\n|poke|p2|Glimmora, M|\n|teampreview\n|\n|t:|1698356400\n|start\n|switch|p1a: Torkoal|Torkoal, M|100\/100\n|switch|p1b: Great Tusk|Great Tusk|100\/100\n|switch|p2a: Glimmora|Glimmora, M|100\/100\n|switch|p2b: Amoonguss|Amoonguss, M, shiny|100\/100\n|-weather|SunnyDay|[from] ability: Drought|[of] p1a: Torkoal\n|-activate|p1b: Great Tusk|ability: Protosynthesis\n|-start|p1b: Great Tusk|protosynthesisatk\n|turn|1\n|\n|t:|1698356424\n|switch|p1a: Landorus|Landorus-Therian, M|100\/100\n|-ability|p1a: Landorus|Intimidate|boost\n|-unboost|p2a: Glimmora|atk|1\n|-unboost|p2b: Amoonguss|atk|1\n|move|p1b: Great Tusk|High Horsepower|p2b: Amoonguss\n|-damage|p2b: Amoonguss|45\/100\n|move|p2a: Glimmora|Stealth Rock|p1b: Great Tusk\n|-sidestart|p1: baneberrie|move: Stealth Rock\n|move|p2b: Amoonguss|Giga Drain|p1b: Great Tusk\n|-supereffective|p1b: Great Tusk\n|-damage|p1b: Great Tusk|57\/100\n|-heal|p2b: Amoonguss|64\/100|[from] drain|[of] p1b: Great Tusk\n|\n|-weather|SunnyDay|[upkeep]\n|-heal|p2b: Amoonguss|70\/100|[from] item: Leftovers\n|upkeep\n|turn|2\n|\n|t:|1698356446\n|switch|p2b: Dragonite|Dragonite, M, shiny|100\/100\n|move|p1a: Landorus|Sandsear Storm|p2b: Dragonite|[spread] p2a\n|-immune|p2b: Dragonite\n|-supereffective|p2a: Glimmora\n|-enditem|p2a: Glimmora|Focus Sash\n|-damage|p2a: Glimmora|1\/100\n|move|p1b: Great Tusk|Rapid Spin|p2b: Dragonite\n|-damage|p2b: Dragonite|89\/100\n|-boost|p1b: Great Tusk|spe|1\n|-sideend|p1: baneberrie|Stealth Rock|[from] move: Rapid Spin|[of] p1b: Great Tusk\n|move|p2a: Glimmora|Energy Ball|p1a: Landorus\n|-damage|p1a: Landorus|60\/100\n|-unboost|p1a: Landorus|spd|1\n|\n|-weather|SunnyDay|[upkeep]\n|upkeep\n|turn|3\n|\n|t:|1698356468\n|move|p1b: Great Tusk|Knock Off|p2b: Dragonite\n|-damage|p2b: Dragonite|44\/100\n|-enditem|p2b: Dragonite|Heavy-Duty Boots|[from] move: Knock Off|[of] p1b: Great Tusk\n|move|p1a: Landorus|Sandsear Storm|p2b: Dragonite|[spread] p2a\n|-immune|p2b: Dragonite\n|-supereffective|p2a: Glimmora\n|-damage|p2a: Glimmora|0 fnt\n|faint|p2a: Glimmora\n|move|p2b: Dragonite|Earthquake|p1b: Great Tusk|[spread] p1b\n|-immune|p1a: Landorus\n|-damage|p1b: Great Tusk|36\/100\n|\n|-weather|SunnyDay|[upkeep]\n|upkeep\n|\n|t:|1698356488\n|switch|p2a: Flutter Mane|Flutter Mane|100\/100\n|-activate|p2a: Flutter Mane|ability: Protosynthesis\n|-start|p2a: Flutter Mane|protosynthesisspe\n|turn|4\n|\n|t:|1698356511\n|switch|p1a: Amoonguss|Amoonguss, M|100\/100\n|move|p2b: Dragonite|Extreme Speed|p1b: Great Tusk\n|-damage|p1b: Great Tusk|12\/100\n|move|p2a: Flutter Mane|Moonblast|p1a: Amoonguss\n|-resisted|p1a: Amoonguss\n|-damage|p1a: Amoonguss|66\/100\n|-unboost|p1a: Amoonguss|spa|1\n|move|p1b: Great Tusk|Knock Off|p2a: Flutter Mane\n|-damage|p2a: Flutter Mane|1\/100\n|-enditem|p2a: Flutter Mane|Choice Specs|[from] move: Knock Off|[of] p1b: Great Tusk\n|\n|-weather|SunnyDay|[upkeep]\n|upkeep\n|turn|5\n|\n|t:|1698356532\n|move|p2b: Dragonite|Extreme Speed|p1b: Great Tusk\n|-damage|p1b: Great Tusk|0 fnt\n|faint|p1b: Great Tusk\n|-end|p1b: Great Tusk|Protosynthesis|[silent]\n|move|p1a: Amoonguss|Rage Powder|p1a: Amoonguss\n|-singleturn|p1a: Amoonguss|move: Rage Powder\n|move|p2a: Flutter Mane|Psyshock|p1a: Amoonguss\n|-supereffective|p1a: Amoonguss\n|-damage|p1a: Amoonguss|15\/100\n|\n|-weather|SunnyDay|[upkeep]\n|upkeep\n|\n|t:|1698356538\n|switch|p1b: Leafeon|Leafeon, F|100\/100\n|turn|6\n|\n|t:|1698356550\n|switch|p1a: Landorus|Landorus-Therian, M|60\/100\n|-ability|p1a: Landorus|Intimidate|boost\n|-unboost|p2a: Flutter Mane|atk|1\n|-unboost|p2b: Dragonite|atk|1\n|move|p2b: Dragonite|Extreme Speed|p1a: Landorus\n|-damage|p1a: Landorus|34\/100\n|move|p2a: Flutter Mane|Mystical Fire|p1b: Leafeon\n|-supereffective|p1b: Leafeon\n|-damage|p1b: Leafeon|0 fnt\n|faint|p1b: Leafeon\n|\n|-weather|SunnyDay|[upkeep]\n|upkeep\n|\n|t:|1698356563\n|switch|p1b: Torkoal|Torkoal, M|100\/100\n|turn|7\n|\n|t:|1698356579\n|move|p1b: Torkoal|Protect|p1b: Torkoal\n|-singleturn|p1b: Torkoal|Protect\n|move|p2a: Flutter Mane|Psyshock|p1b: Torkoal\n|-activate|p1b: Torkoal|move: Protect\n|move|p1a: Landorus|Sludge Bomb|p2a: Flutter Mane\n|-damage|p2a: Flutter Mane|0 fnt\n|faint|p2a: Flutter Mane\n|-end|p2a: Flutter Mane|Protosynthesis|[silent]\n|move|p2b: Dragonite|Earthquake|p1b: Torkoal|[spread] \n|-activate|p1b: Torkoal|move: Protect\n|-immune|p1a: Landorus\n|\n|-weather|SunnyDay|[upkeep]\n|upkeep\n|\n|t:|1698356598\n|switch|p2a: Heatran|Heatran, F, shiny|100\/100\n|-item|p2a: Heatran|Air Balloon\n|turn|8\n|\n|t:|1698356624\n|switch|p1a: Heatran|Heatran, F|100\/100\n|-item|p1a: Heatran|Air Balloon\n|move|p2b: Dragonite|Extreme Speed|p1a: Heatran\n|-resisted|p1a: Heatran\n|-damage|p1a: Heatran|91\/100\n|-enditem|p1a: Heatran|Air Balloon\n|move|p2a: Heatran|Earth Power|p1b: Torkoal\n|-supereffective|p1b: Torkoal\n|-damage|p1b: Torkoal|26\/100\n|move|p1b: Torkoal|Stealth Rock|p2a: Heatran\n|-sidestart|p2: skyridonte2345|move: Stealth Rock\n|\n|-weather|none\n|upkeep\n|turn|9\n|\n|t:|1698356645\n|switch|p1a: Landorus|Landorus-Therian, M|34\/100\n|-ability|p1a: Landorus|Intimidate|boost\n|-unboost|p2a: Heatran|atk|1\n|-unboost|p2b: Dragonite|atk|1\n|move|p2a: Heatran|Protect|p2a: Heatran\n|-singleturn|p2a: Heatran|Protect\n|move|p1b: Torkoal|Protect|p1b: Torkoal\n|-singleturn|p1b: Torkoal|Protect\n|move|p2b: Dragonite|Earthquake|p1b: Torkoal|[spread] \n|-activate|p2a: Heatran|move: Protect\n|-activate|p1b: Torkoal|move: Protect\n|-immune|p1a: Landorus\n|\n|upkeep\n|turn|10\n|\n|t:|1698356678\n|switch|p1b: Amoonguss|Amoonguss, M|48\/100\n|move|p2b: Dragonite|Extreme Speed|p1a: Landorus\n|-damage|p1a: Landorus|15\/100\n|move|p1a: Landorus|Brick Break|p2a: Heatran\n|-supereffective|p2a: Heatran\n|-damage|p2a: Heatran|56\/100\n|-enditem|p2a: Heatran|Air Balloon\n|move|p2a: Heatran|Magma Storm|p1a: Landorus|[miss]\n|-miss|p2a: Heatran|p1a: Landorus\n|\n|upkeep\n|turn|11\n|\n|t:|1698356704\n|switch|p1b: Torkoal|Torkoal, M|26\/100\n|-weather|SunnyDay|[from] ability: Drought|[of] p1b: Torkoal\n|move|p2b: Dragonite|Extreme Speed|p1a: Landorus\n|-damage|p1a: Landorus|0 fnt\n|faint|p1a: Landorus\n|move|p2a: Heatran|Magma Storm|p1b: Torkoal\n|-resisted|p1b: Torkoal\n|-damage|p1b: Torkoal|0 fnt\n|faint|p1b: Torkoal\n|\n|-weather|SunnyDay|[upkeep]\n|upkeep\n|\n|t:|1698356716\n|switch|p1a: Heatran|Heatran, F|91\/100\n|switch|p1b: Amoonguss|Amoonguss, M|81\/100\n|turn|12\n|\n|t:|1698356727\n|move|p2a: Heatran|Protect|p2a: Heatran\n|-singleturn|p2a: Heatran|Protect\n|move|p1b: Amoonguss|Protect|p1b: Amoonguss\n|-singleturn|p1b: Amoonguss|Protect\n|move|p2b: Dragonite|Earthquake|p1a: Heatran|[spread] p1a\n|-activate|p2a: Heatran|move: Protect\n|-activate|p1b: Amoonguss|move: Protect\n|-supereffective|p1a: Heatran\n|-damage|p1a: Heatran|30\/100\n|move|p1a: Heatran|Magma Storm|p2b: Dragonite\n|-resisted|p2b: Dragonite\n|-damage|p2b: Dragonite|0 fnt\n|faint|p2b: Dragonite\n|\n|-weather|SunnyDay|[upkeep]\n|upkeep\n|\n|t:|1698356745\n|switch|p2b: Amoonguss|Amoonguss, M, shiny|70\/100\n|-damage|p2b: Amoonguss|58\/100|[from] Stealth Rock\n|turn|13\n|\n|t:|1698356759\n|move|p2a: Heatran|Magma Storm|p1b: Amoonguss|[miss]\n|-miss|p2a: Heatran|p1b: Amoonguss\n|move|p1a: Heatran|Magma Storm|p2b: Amoonguss\n|-supereffective|p2b: Amoonguss\n|-damage|p2b: Amoonguss|0 fnt\n|faint|p2b: Amoonguss\n|move|p1b: Amoonguss|Spore|p2a: Heatran\n|-status|p2a: Heatran|slp|[from] move: Spore\n|\n|-weather|SunnyDay|[upkeep]\n|upkeep\n|\n|t:|1698356772\n|switch|p2b: Chien-Pao|Chien-Pao|100\/100\n|-damage|p2b: Chien-Pao|76\/100|[from] Stealth Rock\n|-ability|p2b: Chien-Pao|Sword of Ruin\n|turn|14\n|\n|t:|1698356785\n|move|p1b: Amoonguss|Rage Powder|p1b: Amoonguss\n|-singleturn|p1b: Amoonguss|move: Rage Powder\n|move|p2b: Chien-Pao|Sacred Sword|p1b: Amoonguss\n|-resisted|p1b: Amoonguss\n|-damage|p1b: Amoonguss|62\/100\n|-damage|p2b: Chien-Pao|59\/100|[from] item: Rocky Helmet|[of] p1b: Amoonguss\n|cant|p2a: Heatran|slp\n|move|p1a: Heatran|Magma Storm|p2b: Chien-Pao\n|-supereffective|p2b: Chien-Pao\n|-damage|p2b: Chien-Pao|0 fnt\n|faint|p2b: Chien-Pao\n|\n|-weather|SunnyDay|[upkeep]\n|upkeep\n|turn|15\n|\n|t:|1698356804\n|-curestatus|p2a: Heatran|slp|[msg]\n|move|p2a: Heatran|Protect|p2a: Heatran\n|-singleturn|p2a: Heatran|Protect\n|move|p1a: Heatran|Taunt|p2a: Heatran\n|-activate|p2a: Heatran|move: Protect\n|move|p1b: Amoonguss|Pollen Puff|p1a: Heatran\n|-heal|p1a: Heatran|80\/100\n|\n|-weather|SunnyDay|[upkeep]\n|upkeep\n|turn|16\n|\n|t:|1698356828\n|-terastallize|p1a: Heatran|Flying\n|move|p2a: Heatran|Lava Plume|p1a: Heatran|[spread] p1b\n|-start|p1a: Heatran|ability: Flash Fire\n|-supereffective|p1b: Amoonguss\n|-damage|p1b: Amoonguss|2\/100\n|move|p1a: Heatran|Stealth Rock||[still]\n|-fail|p1a: Heatran\n|move|p1b: Amoonguss|Spore|p2a: Heatran\n|-status|p2a: Heatran|slp|[from] move: Spore\n|\n|-weather|SunnyDay|[upkeep]\n|upkeep\n|turn|17\n|\n|t:|1698356850\n|-terastallize|p2a: Heatran|Fire\n|cant|p2a: Heatran|slp\n|move|p1b: Amoonguss|Rage Powder|p1b: Amoonguss\n|-singleturn|p1b: Amoonguss|move: Rage Powder\n|move|p1a: Heatran|Taunt|p2a: Heatran\n|-start|p2a: Heatran|move: Taunt\n|\n|-weather|SunnyDay|[upkeep]\n|upkeep\n|turn|18\n|\n|t:|1698356868\n|move|p1b: Amoonguss|Protect|p1b: Amoonguss\n|-singleturn|p1b: Amoonguss|Protect\n|-curestatus|p2a: Heatran|slp|[msg]\n|move|p2a: Heatran|Lava Plume|p1b: Amoonguss|[spread] \n|-activate|p1b: Amoonguss|move: Protect\n|-immune|p1a: Heatran|[from] ability: Flash Fire\n|move|p1a: Heatran|Taunt||[still]\n|-fail|p1a: Heatran\n|\n|-weather|none\n|upkeep\n|turn|19\n|\n|t:|1698356890\n|move|p2a: Heatran|Lava Plume|p1b: Amoonguss|[spread] p1b\n|-immune|p1a: Heatran|[from] ability: Flash Fire\n|-supereffective|p1b: Amoonguss\n|-damage|p1b: Amoonguss|0 fnt\n|faint|p1b: Amoonguss\n|move|p1a: Heatran|Stealth Rock||[still]\n|-fail|p1a: Heatran\n|\n|upkeep\n|turn|20\n|\n|t:|1698356907\n|move|p2a: Heatran|Earth Power|p1a: Heatran\n|-immune|p1a: Heatran\n|move|p1a: Heatran|Magma Storm|p2a: Heatran\n|-start|p2a: Heatran|ability: Flash Fire\n|\n|-end|p2a: Heatran|move: Taunt\n|upkeep\n|turn|21\n|\n|t:|1698356923\n|move|p2a: Heatran|Magma Storm|p1a: Heatran\n|-immune|p1a: Heatran|[from] ability: Flash Fire\n|move|p1a: Heatran|Stealth Rock||[still]\n|-fail|p1a: Heatran\n|\n|upkeep\n|turn|22\n|\n|t:|1698356931\n|move|p2a: Heatran|Protect|p2a: Heatran\n|-singleturn|p2a: Heatran|Protect\n|move|p1a: Heatran|Taunt|p2a: Heatran\n|-activate|p2a: Heatran|move: Protect\n|\n|upkeep\n|turn|23\n|\n|t:|1698356946\n|move|p2a: Heatran|Earth Power|p1a: Heatran\n|-immune|p1a: Heatran\n|move|p1a: Heatran|Stealth Rock||[still]\n|-fail|p1a: Heatran\n|\n|upkeep\n|turn|24\n|c|\u2606baneberrie|riveting gameplay\n|\n|t:|1698356957\n|move|p2a: Heatran|Magma Storm|p2: Chien-Pao|[notarget]\n|-fail|p2a: Heatran\n|move|p1a: Heatran|Stealth Rock||[still]\n|-fail|p1a: Heatran\n|\n|upkeep\n|turn|25\n|\n|t:|1698356966\n|move|p2a: Heatran|Magma Storm|p1a: Heatran\n|-immune|p1a: Heatran|[from] ability: Flash Fire\n|move|p1a: Heatran|Stealth Rock||[still]\n|-fail|p1a: Heatran\n|\n|upkeep\n|turn|26\n|\n|t:|1698356973\n|move|p2a: Heatran|Lava Plume|p1a: Heatran\n|-immune|p1a: Heatran|[from] ability: Flash Fire\n|move|p1a: Heatran|Stealth Rock||[still]\n|-fail|p1a: Heatran\n|\n|upkeep\n|turn|27\n|\n|t:|1698356981\n|move|p2a: Heatran|Magma Storm|p1a: Heatran\n|-immune|p1a: Heatran|[from] ability: Flash Fire\n|move|p1a: Heatran|Stealth Rock||[still]\n|-fail|p1a: Heatran\n|\n|upkeep\n|turn|28\n|\n|t:|1698356989\n|move|p2a: Heatran|Magma Storm|p1a: Heatran\n|-immune|p1a: Heatran|[from] ability: Flash Fire\n|move|p1a: Heatran|Stealth Rock||[still]\n|-fail|p1a: Heatran\n|\n|upkeep\n|turn|29\n|\n|t:|1698356998\n|move|p2a: Heatran|Lava Plume|p1a: Heatran\n|-immune|p1a: Heatran|[from] ability: Flash Fire\n|move|p1a: Heatran|Stealth Rock||[still]\n|-fail|p1a: Heatran\n|\n|upkeep\n|turn|30\n|\n|t:|1698357007\n|move|p2a: Heatran|Lava Plume|p1a: Heatran\n|-immune|p1a: Heatran|[from] ability: Flash Fire\n|move|p1a: Heatran|Stealth Rock||[still]\n|-fail|p1a: Heatran\n|\n|upkeep\n|turn|31\n|\n|t:|1698357014\n|move|p2a: Heatran|Lava Plume|p1a: Heatran\n|-immune|p1a: Heatran|[from] ability: Flash Fire\n|move|p1a: Heatran|Stealth Rock||[still]\n|-fail|p1a: Heatran\n|\n|upkeep\n|turn|32\n|\n|t:|1698357022\n|move|p2a: Heatran|Lava Plume|p1a: Heatran\n|-immune|p1a: Heatran|[from] ability: Flash Fire\n|move|p1a: Heatran|Stealth Rock||[still]\n|-fail|p1a: Heatran\n|\n|upkeep\n|turn|33\n|\n|t:|1698357029\n|move|p2a: Heatran|Lava Plume|p1a: Heatran\n|-immune|p1a: Heatran|[from] ability: Flash Fire\n|move|p1a: Heatran|Stealth Rock||[still]\n|-fail|p1a: Heatran\n|\n|upkeep\n|turn|34\n|\n|t:|1698357037\n|move|p2a: Heatran|Lava Plume|p1a: Heatran\n|-immune|p1a: Heatran|[from] ability: Flash Fire\n|move|p1a: Heatran|Stealth Rock||[still]\n|-fail|p1a: Heatran\n|\n|upkeep\n|turn|35\n|\n|t:|1698357044\n|move|p2a: Heatran|Lava Plume|p1a: Heatran\n|-immune|p1a: Heatran|[from] ability: Flash Fire\n|move|p1a: Heatran|Stealth Rock||[still]\n|-fail|p1a: Heatran\n|\n|upkeep\n|turn|36\n|\n|t:|1698357055\n|move|p2a: Heatran|Lava Plume|p1a: Heatran\n|-immune|p1a: Heatran|[from] ability: Flash Fire\n|move|p1a: Heatran|Stealth Rock||[still]\n|-fail|p1a: Heatran\n|\n|upkeep\n|turn|37\n|\n|t:|1698357062\n|move|p2a: Heatran|Lava Plume|p1a: Heatran\n|-immune|p1a: Heatran|[from] ability: Flash Fire\n|move|p1a: Heatran|Stealth Rock||[still]\n|-fail|p1a: Heatran\n|\n|upkeep\n|turn|38\n|\n|t:|1698357070\n|move|p2a: Heatran|Protect|p2a: Heatran\n|-singleturn|p2a: Heatran|Protect\n|move|p1a: Heatran|Stealth Rock||[still]\n|-fail|p1a: Heatran\n|\n|upkeep\n|turn|39\n|\n|t:|1698357083\n|move|p2a: Heatran|Lava Plume|p1a: Heatran\n|-immune|p1a: Heatran|[from] ability: Flash Fire\n|move|p1a: Heatran|Stealth Rock||[still]\n|-fail|p1a: Heatran\n|\n|upkeep\n|turn|40\n|\n|t:|1698357089\n|move|p2a: Heatran|Protect|p2a: Heatran\n|-singleturn|p2a: Heatran|Protect\n|move|p1a: Heatran|Stealth Rock||[still]\n|-fail|p1a: Heatran\n|\n|upkeep\n|turn|41\n|\n|t:|1698357096\n|move|p2a: Heatran|Lava Plume|p1a: Heatran\n|-immune|p1a: Heatran|[from] ability: Flash Fire\n|move|p1a: Heatran|Stealth Rock||[still]\n|-fail|p1a: Heatran\n|\n|upkeep\n|turn|42\n|\n|t:|1698357105\n|move|p2a: Heatran|Lava Plume|p1a: Heatran\n|-immune|p1a: Heatran|[from] ability: Flash Fire\n|move|p1a: Heatran|Stealth Rock||[still]\n|-fail|p1a: Heatran\n|\n|upkeep\n|turn|43\n|\n|t:|1698357114\n|move|p2a: Heatran|Protect|p2a: Heatran\n|-singleturn|p2a: Heatran|Protect\n|move|p1a: Heatran|Stealth Rock||[still]\n|-fail|p1a: Heatran\n|\n|upkeep\n|turn|44\n|\n|t:|1698357128\n|move|p2a: Heatran|Lava Plume|p1a: Heatran\n|-immune|p1a: Heatran|[from] ability: Flash Fire\n|move|p1a: Heatran|Stealth Rock||[still]\n|-fail|p1a: Heatran\n|\n|upkeep\n|turn|45\n|\n|t:|1698357136\n|move|p2a: Heatran|Earth Power|p1a: Heatran\n|-immune|p1a: Heatran\n|move|p1a: Heatran|Stealth Rock||[still]\n|-fail|p1a: Heatran\n|\n|upkeep\n|turn|46\n|\n|t:|1698357152\n|move|p2a: Heatran|Lava Plume|p1a: Heatran\n|-immune|p1a: Heatran|[from] ability: Flash Fire\n|move|p1a: Heatran|Stealth Rock||[still]\n|-fail|p1a: Heatran\n|\n|upkeep\n|turn|47\n|\n|t:|1698357174\n|move|p2a: Heatran|Lava Plume|p1a: Heatran\n|-immune|p1a: Heatran|[from] ability: Flash Fire\n|move|p1a: Heatran|Stealth Rock||[still]\n|-fail|p1a: Heatran\n|\n|upkeep\n|turn|48\n|\n|t:|1698357181\n|move|p2a: Heatran|Lava Plume|p1a: Heatran\n|-immune|p1a: Heatran|[from] ability: Flash Fire\n|move|p1a: Heatran|Stealth Rock||[still]\n|-fail|p1a: Heatran\n|\n|upkeep\n|turn|49\n|\n|t:|1698357190\n|move|p2a: Heatran|Earth Power|p1a: Heatran\n|-immune|p1a: Heatran\n|move|p1a: Heatran|Stealth Rock||[still]\n|-fail|p1a: Heatran\n|\n|upkeep\n|turn|50\n|\n|t:|1698357197\n|move|p2a: Heatran|Earth Power|p1a: Heatran\n|-immune|p1a: Heatran\n|move|p1a: Heatran|Stealth Rock||[still]\n|-fail|p1a: Heatran\n|\n|upkeep\n|turn|51\n|\n|t:|1698357205\n|move|p2a: Heatran|Earth Power|p1a: Heatran\n|-immune|p1a: Heatran\n|move|p1a: Heatran|Stealth Rock||[still]\n|-fail|p1a: Heatran\n|\n|upkeep\n|turn|52\n|\n|t:|1698357219\n|move|p2a: Heatran|Earth Power|p1a: Heatran\n|-immune|p1a: Heatran\n|move|p1a: Heatran|Magma Storm|p2a: Heatran\n|-immune|p2a: Heatran|[from] ability: Flash Fire\n|\n|upkeep\n|turn|53\n|\n|t:|1698357239\n|move|p2a: Heatran|Lava Plume|p1a: Heatran\n|-immune|p1a: Heatran|[from] ability: Flash Fire\n|move|p1a: Heatran|Magma Storm|p2a: Heatran\n|-immune|p2a: Heatran|[from] ability: Flash Fire\n|\n|upkeep\n|turn|54\n|\n|t:|1698357247\n|move|p2a: Heatran|Lava Plume|p1a: Heatran\n|-immune|p1a: Heatran|[from] ability: Flash Fire\n|move|p1a: Heatran|Magma Storm|p2a: Heatran\n|-immune|p2a: Heatran|[from] ability: Flash Fire\n|\n|upkeep\n|turn|55\n|\n|t:|1698357257\n|move|p2a: Heatran|Earth Power|p1a: Heatran\n|-immune|p1a: Heatran\n|move|p1a: Heatran|Magma Storm|p2a: Heatran\n|-immune|p2a: Heatran|[from] ability: Flash Fire\n|\n|upkeep\n|turn|56\n|\n|t:|1698357265\n|move|p2a: Heatran|Lava Plume|p1a: Heatran\n|-immune|p1a: Heatran|[from] ability: Flash Fire\n|move|p1a: Heatran|Heat Crash|p2a: Heatran\n|-immune|p2a: Heatran|[from] ability: Flash Fire\n|\n|upkeep\n|turn|57\n|\n|t:|1698357277\n|move|p2a: Heatran|Earth Power|p1a: Heatran\n|-immune|p1a: Heatran\n|move|p1a: Heatran|Heat Crash|p2a: Heatran\n|-immune|p2a: Heatran|[from] ability: Flash Fire\n|\n|upkeep\n|turn|58\n|\n|t:|1698357286\n|move|p2a: Heatran|Earth Power|p1a: Heatran\n|-immune|p1a: Heatran\n|move|p1a: Heatran|Heat Crash|p2a: Heatran\n|-immune|p2a: Heatran|[from] ability: Flash Fire\n|\n|upkeep\n|turn|59\n|\n|t:|1698357294\n|move|p2a: Heatran|Lava Plume|p1a: Heatran\n|-immune|p1a: Heatran|[from] ability: Flash Fire\n|move|p1a: Heatran|Heat Crash|p2a: Heatran\n|-immune|p2a: Heatran|[from] ability: Flash Fire\n|\n|upkeep\n|turn|60\n|-message|skyridonte2345 forfeited.\n|\n|win|baneberrie\n|raw|baneberrie's rating: 1067 &rarr; <strong>1091<\/strong><br \/>(+24 for winning)\n|raw|skyridonte2345's rating: 1000 &rarr; <strong>1000<\/strong><br \/>(+0 for losing)\n|l|\u2606skyridonte2345\n","uploadtime":1698357316,"views":20,"p1id":"baneberrie","p2id":"skyridonte2345","formatid":"gen9doublesou","rating":1000,"private":0,"password":""}