{"id":"gen9doublesou-1975801780","p1":"llugaeS","p2":"Connman361","format":"[Gen 9] Doubles OU","log":"|j|\u2606llugaeS\n|j|\u2606Connman361\n|t:|1698239429\n|gametype|doubles\n|player|p1|llugaeS|101|1457\n|player|p2|Connman361|hoopster|1474\n|teamsize|p1|6\n|teamsize|p2|6\n|gen|9\n|tier|[Gen 9] Doubles OU\n|rated|\n|rule|Species Clause: Limit one of each Pok\u00e9mon\n|rule|OHKO Clause: OHKO moves are banned\n|rule|Evasion Moves Clause: Evasion moves are banned\n|rule|Gravity Sleep Clause: The combination of sleep-inducing moves with imperfect accuracy and Gravity or Gigantamax Orbeetle are banned\n|rule|Endless Battle Clause: Forcing endless battles is banned\n|rule|HP Percentage Mod: HP is shown in percentages\n|clearpoke\n|poke|p1|Basculegion-F, F|\n|poke|p1|Chien-Pao|\n|poke|p1|Flutter Mane|\n|poke|p1|Tornadus, M|\n|poke|p1|Talonflame, F|\n|poke|p1|Rillaboom, F|\n|poke|p2|Fezandipiti, M|\n|poke|p2|Kingambit, M|\n|poke|p2|Okidogi, M|\n|poke|p2|Rillaboom, F|\n|poke|p2|Landorus-Therian, M|\n|poke|p2|Iron Bundle|\n|teampreview\n|\n|t:|1698239447\n|start\n|switch|p1a: Talonflame|Talonflame, F, shiny|100\/100\n|switch|p1b: Chien-Pao|Chien-Pao|100\/100\n|switch|p2a: Fezandipiti|Fezandipiti, M|100\/100\n|switch|p2b: Okidogi|Okidogi, M|100\/100\n|-ability|p1b: Chien-Pao|Sword of Ruin\n|turn|1\n|\n|t:|1698239468\n|move|p1a: Talonflame|Tailwind|p1a: Talonflame\n|-sidestart|p1: llugaeS|move: Tailwind\n|move|p1b: Chien-Pao|Psychic Fangs|p2a: Fezandipiti\n|-supereffective|p2a: Fezandipiti\n|-damage|p2a: Fezandipiti|0 fnt\n|faint|p2a: Fezandipiti\n|move|p2b: Okidogi|Drain Punch|p1b: Chien-Pao\n|-supereffective|p1b: Chien-Pao\n|-damage|p1b: Chien-Pao|0 fnt\n|faint|p1b: Chien-Pao\n|\n|upkeep\n|inactive|Battle timer is ON: inactive players will automatically lose when time's up. (requested by Connman361)\n|\n|t:|1698239497\n|switch|p1b: Tornadus|Tornadus, M, shiny|100\/100\n|switch|p2a: Rillaboom|Rillaboom, F|100\/100\n|-fieldstart|move: Grassy Terrain|[from] ability: Grassy Surge|[of] p2a: Rillaboom\n|turn|2\n|\n|t:|1698239516\n|-terastallize|p1b: Tornadus|Flying\n|move|p2a: Rillaboom|Fake Out|p1a: Talonflame\n|-damage|p1a: Talonflame|81\/100\n|cant|p1a: Talonflame|flinch\n|move|p1b: Tornadus|Bleakwind Storm|p2b: Okidogi|[spread] p2a,p2b\n|-supereffective|p2a: Rillaboom\n|-supereffective|p2b: Okidogi\n|-damage|p2a: Rillaboom|35\/100\n|-damage|p2b: Okidogi|48\/100\n|-unboost|p2a: Rillaboom|spe|1\n|move|p2b: Okidogi|Gunk Shot|p1b: Tornadus\n|-damage|p1b: Tornadus|12\/100\n|-enditem|p1b: Tornadus|Mago Berry|[eat]\n|-heal|p1b: Tornadus|45\/100|[from] item: Mago Berry\n|\n|-heal|p1a: Talonflame|87\/100|[from] item: Leftovers\n|-heal|p2b: Okidogi|54\/100|[from] Grassy Terrain\n|-heal|p2a: Rillaboom|41\/100|[from] Grassy Terrain\n|upkeep\n|turn|3\n|\n|t:|1698239542\n|switch|p2b: Landorus|Landorus-Therian, M|100\/100\n|-ability|p2b: Landorus|Intimidate|boost\n|-unboost|p1a: Talonflame|atk|1\n|-unboost|p1b: Tornadus|atk|1\n|switch|p2a: Kingambit|Kingambit, M|100\/100\n|move|p1a: Talonflame|Air Slash|p2b: Landorus\n|-damage|p2b: Landorus|77\/100\n|move|p1b: Tornadus|Bleakwind Storm|p2a: Kingambit|[spread] p2a,p2b\n|-resisted|p2a: Kingambit\n|-damage|p2a: Kingambit|77\/100\n|-damage|p2b: Landorus|27\/100\n|-unboost|p2a: Kingambit|spe|1\n|-ability|p2a: Kingambit|Defiant|boost\n|-boost|p2a: Kingambit|atk|2\n|-enditem|p2b: Landorus|Sitrus Berry|[eat]\n|-heal|p2b: Landorus|52\/100|[from] item: Sitrus Berry\n|\n|-heal|p1a: Talonflame|93\/100|[from] item: Leftovers\n|-heal|p2a: Kingambit|83\/100|[from] Grassy Terrain\n|upkeep\n|turn|4\n|inactive|llugaeS has 120 seconds left.\n|inactive|Connman361 has 120 seconds left.\n|\n|t:|1698239577\n|move|p2a: Kingambit|Protect|p2a: Kingambit\n|-singleturn|p2a: Kingambit|Protect\n|move|p1a: Talonflame|Fire Blast|p2a: Kingambit\n|-activate|p2a: Kingambit|move: Protect\n|move|p1b: Tornadus|Bleakwind Storm|p2a: Kingambit|[spread] p2b\n|-activate|p2a: Kingambit|move: Protect\n|-crit|p2b: Landorus\n|-damage|p2b: Landorus|0 fnt\n|faint|p2b: Landorus\n|\n|-heal|p1a: Talonflame|99\/100|[from] item: Leftovers\n|-heal|p2a: Kingambit|89\/100|[from] Grassy Terrain\n|-sideend|p1: llugaeS|move: Tailwind\n|upkeep\n|inactive|Connman361 has 120 seconds left.\n|\n|t:|1698239588\n|switch|p2b: Rillaboom|Rillaboom, F|41\/100\n|turn|5\n|\n|t:|1698239600\n|move|p2b: Rillaboom|Fake Out|p1a: Talonflame\n|-damage|p1a: Talonflame|77\/100\n|move|p1b: Tornadus|Tailwind|p1b: Tornadus\n|-sidestart|p1: llugaeS|move: Tailwind\n|move|p2a: Kingambit|Sucker Punch||[still]\n|-fail|p2a: Kingambit\n|cant|p1a: Talonflame|flinch\n|\n|-heal|p1a: Talonflame|83\/100|[from] item: Leftovers\n|-heal|p2b: Rillaboom|48\/100|[from] Grassy Terrain\n|-heal|p2a: Kingambit|96\/100|[from] Grassy Terrain\n|upkeep\n|turn|6\n|\n|t:|1698239617\n|-terastallize|p2a: Kingambit|Dark\n|move|p1a: Talonflame|Protect|p1a: Talonflame\n|-singleturn|p1a: Talonflame|Protect\n|move|p2a: Kingambit|Sucker Punch||[still]\n|-fail|p2a: Kingambit\n|move|p1b: Tornadus|Bleakwind Storm|p2b: Rillaboom|[spread] p2b\n|-miss|p1b: Tornadus|p2a: Kingambit\n|-supereffective|p2b: Rillaboom\n|-damage|p2b: Rillaboom|0 fnt\n|faint|p2b: Rillaboom\n|\n|-heal|p1a: Talonflame|89\/100|[from] item: Leftovers\n|-heal|p2a: Kingambit|100\/100|[from] Grassy Terrain\n|-fieldend|move: Grassy Terrain\n|upkeep\n|\n|t:|1698239627\n|switch|p2b: Okidogi|Okidogi, M|54\/100\n|turn|7\n|inactive|llugaeS has 120 seconds left.\n|\n|t:|1698239658\n|move|p2a: Kingambit|Sucker Punch|p1b: Tornadus\n|-damage|p1b: Tornadus|0 fnt\n|faint|p1b: Tornadus\n|move|p1a: Talonflame|Air Slash|p2b: Okidogi\n|-supereffective|p2b: Okidogi\n|-damage|p2b: Okidogi|26\/100\n|cant|p2b: Okidogi|flinch\n|\n|-heal|p1a: Talonflame|95\/100|[from] item: Leftovers\n|upkeep\n|inactive|llugaeS has 120 seconds left.\n|inactive|llugaeS has 90 seconds left.\n|\n|t:|1698239709\n|switch|p1b: Rillaboom|Rillaboom, F, shiny|100\/100\n|-fieldstart|move: Grassy Terrain|[from] ability: Grassy Surge|[of] p1b: Rillaboom\n|turn|8\n|inactive|llugaeS has 90 seconds left.\n|\n|t:|1698239735\n|move|p1a: Talonflame|Air Slash|p2b: Okidogi\n|-supereffective|p2b: Okidogi\n|-damage|p2b: Okidogi|0 fnt\n|faint|p2b: Okidogi\n|move|p1b: Rillaboom|Body Slam|p2a: Kingambit\n|-damage|p2a: Kingambit|74\/100\n|-status|p2a: Kingambit|par\n|-damage|p1b: Rillaboom|91\/100|[from] item: Life Orb\n|move|p2a: Kingambit|Kowtow Cleave|p1b: Rillaboom\n|-damage|p1b: Rillaboom|0 fnt\n|faint|p1b: Rillaboom\n|\n|-heal|p1a: Talonflame|100\/100|[from] item: Leftovers\n|-heal|p2a: Kingambit|80\/100 par|[from] Grassy Terrain\n|-sideend|p1: llugaeS|move: Tailwind\n|upkeep\n|inactive|llugaeS has 90 seconds left.\n|\n|t:|1698239757\n|switch|p1b: Flutter Mane|Flutter Mane, shiny|100\/100\n|switch|p2b: Iron Bundle|Iron Bundle|100\/100\n|-enditem|p1b: Flutter Mane|Booster Energy\n|-activate|p1b: Flutter Mane|ability: Protosynthesis|[fromitem]\n|-start|p1b: Flutter Mane|protosynthesisspa\n|turn|9\n|\n|t:|1698239769\n|move|p1a: Talonflame|Tailwind|p1a: Talonflame\n|-sidestart|p1: llugaeS|move: Tailwind\n|move|p2a: Kingambit|Sucker Punch|p1b: Flutter Mane\n|-damage|p1b: Flutter Mane|0 fnt\n|faint|p1b: Flutter Mane\n|-end|p1b: Flutter Mane|Protosynthesis|[silent]\n|move|p2b: Iron Bundle|Freeze-Dry|p1a: Talonflame\n|-damage|p1a: Talonflame|23\/100\n|\n|-heal|p1a: Talonflame|29\/100|[from] item: Leftovers\n|-heal|p2a: Kingambit|86\/100 par|[from] Grassy Terrain\n|upkeep\n|\n|t:|1698239777\n|switch|p1b: Basculegion|Basculegion-F, F, shiny|100\/100\n|turn|10\n|\n|t:|1698239796\n|move|p2a: Kingambit|Sucker Punch|p1a: Talonflame\n|-damage|p1a: Talonflame|0 fnt\n|faint|p1a: Talonflame\n|move|p1b: Basculegion|Last Respects|p2b: Iron Bundle\n|-damage|p2b: Iron Bundle|0 fnt\n|faint|p2b: Iron Bundle\n|-end|p2b: Iron Bundle|Quark Drive|[silent]\n|-damage|p1b: Basculegion|91\/100|[from] item: Life Orb\n|\n|-heal|p1b: Basculegion|97\/100|[from] Grassy Terrain\n|-heal|p2a: Kingambit|92\/100 par|[from] Grassy Terrain\n|upkeep\n|turn|11\n|\n|t:|1698239814\n|move|p2a: Kingambit|Sucker Punch|p1b: Basculegion\n|-supereffective|p1b: Basculegion\n|-damage|p1b: Basculegion|0 fnt\n|faint|p1b: Basculegion\n|\n|win|Connman361\n|raw|llugaeS's rating: 1457 &rarr; <strong>1438<\/strong><br \/>(-19 for losing)\n|raw|Connman361's rating: 1474 &rarr; <strong>1493<\/strong><br \/>(+19 for winning)\n|c|\u2606Connman361|gg\n|c|\u2606llugaeS|para once bro\n|c|\u2606llugaeS|holy crap\n|c|\u2606Connman361|kingambit him\n","uploadtime":1698239851,"views":22,"p1id":"llugaes","p2id":"connman361","formatid":"gen9doublesou","rating":1438,"private":0,"password":""}