{"id":"gen9doublesou-1987892486","p1":"Entrocefalo","p2":"a spiffy spaceman","format":"[Gen 9] Doubles OU","log":"|j|\u2606Entrocefalo\n|j|\u2606a spiffy spaceman\n|t:|1699646543\n|gametype|doubles\n|player|p1|Entrocefalo|#scl3machines2|\n|player|p2|a spiffy spaceman|pokemonbreeder|\n|teamsize|p1|6\n|teamsize|p2|6\n|gen|9\n|tier|[Gen 9] Doubles OU\n|rule|Species Clause: Limit one of each Pok\u00e9mon\n|rule|OHKO Clause: OHKO moves are banned\n|rule|Evasion Moves Clause: Evasion moves are banned\n|rule|Gravity Sleep Clause: The combination of sleep-inducing moves with imperfect accuracy and Gravity or Gigantamax Orbeetle are banned\n|rule|Endless Battle Clause: Forcing endless battles is banned\n|rule|HP Percentage Mod: HP is shown in percentages\n|clearpoke\n|poke|p1|Chi-Yu|\n|poke|p1|Tornadus, M|\n|poke|p1|Dragonite, M|\n|poke|p1|Chien-Pao|\n|poke|p1|Glimmora, M|\n|poke|p1|Flutter Mane|\n|poke|p2|Ninetales-Alola, M|\n|poke|p2|Baxcalibur, M|\n|poke|p2|Heatran, M|\n|poke|p2|Iron Hands|\n|poke|p2|Ogerpon-Wellspring, F|\n|poke|p2|Flutter Mane|\n|teampreview\n|j| F3rrari450\n|c|\u2606Entrocefalo|hf\n|c|\u2606a spiffy spaceman|you too\n|j| Amaranth\n|c|\u2606a spiffy spaceman|can you unhide the room btw\n|j| gabibbique\n|j| GuitarheroVGC\n|j| MADARAAAA\n|c|\u2606Entrocefalo|\/log Entrocefalo made this room public.\n|j|+ryo yamada2001\n|c|\u2606Entrocefalo|donee\n|c|\u2606a spiffy spaceman|thanks\n|j| Spurrific\n|j| LC Enjoyer Fan\n|j| umbry \u273f\n|l| LC Enjoyer Fan\n|j|+Paraplegic\n|j| Concept Everything\n|j| Ciro \u273fNapoli\n|j|+daawesomedude1 (\n|c|+Paraplegic|go croven!\n|j| theyummybagel\n|c| Ciro \u273fNapoli|chiamo act per il ccc\n|n| pais|gabibbique\n|c| pais|my father entro IL GOAT\n|inactive|Battle timer is ON: inactive players will automatically lose when time's up. (requested by a spiffy spaceman)\n|\n|t:|1699646756\n|start\n|switch|p1a: Glimmora|Glimmora, M|100\/100\n|switch|p1b: Flutter Mane|Flutter Mane|100\/100\n|switch|p2a: Ninetales|Ninetales-Alola, M|100\/100\n|switch|p2b: Flutter Mane|Flutter Mane|100\/100\n|-weather|Snow|[from] ability: Snow Warning|[of] p2a: Ninetales\n|turn|1\n|inactive|Entrocefalo has 270 seconds left.\n|l| Concept Everything\n|\n|t:|1699646797\n|-terastallize|p2b: Flutter Mane|Fairy\n|move|p2b: Flutter Mane|Shadow Ball|p1a: Glimmora\n|-damage|p1a: Glimmora|18\/100\n|move|p1b: Flutter Mane|Shadow Ball|p2b: Flutter Mane\n|-damage|p2b: Flutter Mane|41\/100\n|move|p2a: Ninetales|Blizzard|p1b: Flutter Mane|[spread] p1a,p1b\n|-crit|p1b: Flutter Mane\n|-damage|p1a: Glimmora|0 fnt\n|-damage|p1b: Flutter Mane|68\/100\n|faint|p1a: Glimmora\n|\n|-weather|Snow|[upkeep]\n|upkeep\n|\n|t:|1699646809\n|switch|p1a: Chi-Yu|Chi-Yu|100\/100\n|-ability|p1a: Chi-Yu|Beads of Ruin\n|turn|2\n|inactive|Entrocefalo has 270 seconds left.\n|inactive|a spiffy spaceman has 270 seconds left.\n|inactive|Entrocefalo has 240 seconds left.\n|\n|t:|1699646850\n|-end|p1b: Flutter Mane|Protosynthesis|[silent]\n|switch|p1b: Dragonite|Dragonite, M|100\/100\n|-end|p2b: Flutter Mane|Protosynthesis|[silent]\n|switch|p2b: Iron Hands|Iron Hands|100\/100\n|move|p2a: Ninetales|Aurora Veil|p2a: Ninetales\n|-sidestart|p2: a spiffy spaceman|move: Aurora Veil\n|move|p1a: Chi-Yu|Heat Wave|p2b: Iron Hands|[spread] p2a,p2b\n|-supereffective|p2a: Ninetales\n|-damage|p2a: Ninetales|0 fnt\n|-damage|p2b: Iron Hands|75\/100\n|faint|p2a: Ninetales\n|\n|-weather|Snow|[upkeep]\n|upkeep\n|j| dont you wanna go\n|j| Concept Everything\n|inactive|a spiffy spaceman has 270 seconds left.\n|\n|t:|1699646883\n|switch|p2a: Baxcalibur|Baxcalibur, M|100\/100\n|turn|3\n|inactive|Entrocefalo has 240 seconds left.\n|inactive|Entrocefalo has 210 seconds left.\n|l|\u2606Entrocefalo\n|inactive|Entrocefalo disconnected and has 300 seconds to reconnect!\n|player|p1|\n|j|\u2606Entrocefalo\n|inactive|Entrocefalo reconnected and has 200 seconds left.\n|player|p1|Entrocefalo|#scl3machines2\n|inactive|Entrocefalo has 180 seconds left.\n|\n|t:|1699647006\n|switch|p1a: Flutter Mane|Flutter Mane|68\/100\n|-terastallize|p1b: Dragonite|Normal\n|move|p2b: Iron Hands|Fake Out|p1a: Flutter Mane\n|-immune|p1a: Flutter Mane\n|move|p2a: Baxcalibur|Dragon Dance|p2a: Baxcalibur\n|-boost|p2a: Baxcalibur|atk|1\n|-boost|p2a: Baxcalibur|spe|1\n|move|p1b: Dragonite|Dragon Tail|p2a: Baxcalibur\n|-supereffective|p2a: Baxcalibur\n|-damage|p2a: Baxcalibur|71\/100\n|drag|p2a: Heatran|Heatran, M|100\/100\n|\n|-weather|Snow|[upkeep]\n|upkeep\n|turn|4\n|inactive|a spiffy spaceman has 270 seconds left.\n|j| QQuemQuem\n|inactive|Entrocefalo has 150 seconds left.\n|j| kaori\u273f\n|inactive|a spiffy spaceman has 240 seconds left.\n|inactive|Entrocefalo has 120 seconds left.\n|inactive|a spiffy spaceman has 210 seconds left.\n|inactive|Entrocefalo has 90 seconds left.\n|inactive|a spiffy spaceman has 180 seconds left.\n|\n|t:|1699647127\n|switch|p1b: Chi-Yu|Chi-Yu|100\/100\n|-ability|p1b: Chi-Yu|Beads of Ruin\n|move|p1a: Flutter Mane|Moonblast|p2b: Iron Hands\n|-supereffective|p2b: Iron Hands\n|-crit|p2b: Iron Hands\n|-damage|p2b: Iron Hands|0 fnt\n|faint|p2b: Iron Hands\n|-end|p2b: Iron Hands|Quark Drive|[silent]\n|move|p2a: Heatran|Heat Wave|p1a: Flutter Mane|[spread] p1a,p1b\n|-resisted|p1b: Chi-Yu\n|-damage|p1a: Flutter Mane|24\/100\n|-damage|p1b: Chi-Yu|82\/100\n|\n|-weather|Snow|[upkeep]\n|upkeep\n|inactive|a spiffy spaceman has 150 seconds left.\n|l| GuitarheroVGC\n|inactive|a spiffy spaceman has 120 seconds left.\n|l| Concept Everything\n|inactive|a spiffy spaceman has 90 seconds left.\n|inactive|a spiffy spaceman has 60 seconds left.\n|j| Amasaki \u2606\n|\n|t:|1699647269\n|switch|p2b: Flutter Mane|Flutter Mane, tera:Fairy|41\/100\n|turn|5\n|l| kaori\u273f\n|inactive|Entrocefalo has 90 seconds left.\n|\n|t:|1699647305\n|-end|p1a: Flutter Mane|Protosynthesis|[silent]\n|switch|p1a: Dragonite|Dragonite, M, tera:Normal|100\/100\n|move|p2b: Flutter Mane|Moonblast|p1b: Chi-Yu\n|-damage|p1b: Chi-Yu|0 fnt\n|faint|p1b: Chi-Yu\n|move|p2a: Heatran|Heat Wave|p1a: Dragonite\n|-damage|p1a: Dragonite|70\/100\n|-status|p1a: Dragonite|brn\n|\n|-weather|none\n|-damage|p1a: Dragonite|64\/100 brn|[from] brn\n|upkeep\n|\n|t:|1699647318\n|switch|p1b: Tornadus|Tornadus, M|100\/100\n|turn|6\n|l| dont you wanna go\n|inactive|a spiffy spaceman has 60 seconds left.\n|inactive|Entrocefalo has 60 seconds left.\n|inactive|Entrocefalo has 30 seconds left.\n|inactive|Entrocefalo has 20 seconds left.\n|\n|t:|1699647388\n|-end|p2b: Flutter Mane|Protosynthesis|[silent]\n|switch|p2b: Baxcalibur|Baxcalibur, M|71\/100\n|move|p1b: Tornadus|Protect|p1b: Tornadus\n|-singleturn|p1b: Tornadus|Protect\n|move|p1a: Dragonite|Stomping Tantrum|p2a: Heatran\n|-supereffective|p2a: Heatran\n|-damage|p2a: Heatran|66\/100\n|move|p2a: Heatran|Heat Wave|p1b: Tornadus|[spread] p1a\n|-activate|p1b: Tornadus|move: Protect\n|-damage|p1a: Dragonite|42\/100 brn\n|\n|-heal|p2a: Heatran|72\/100|[from] item: Leftovers\n|-damage|p1a: Dragonite|36\/100 brn|[from] brn\n|upkeep\n|turn|7\n|j| dont you wanna go\n|j| kaori\u273f\n|inactive|Entrocefalo has 30 seconds left.\n|inactive|a spiffy spaceman has 60 seconds left.\n|inactive|a spiffy spaceman has 30 seconds left.\n|inactive|a spiffy spaceman has 20 seconds left.\n|inactive|a spiffy spaceman has 15 seconds left.\n|\n|t:|1699647459\n|move|p1b: Tornadus|Tailwind|p1b: Tornadus\n|-sidestart|p1: Entrocefalo|move: Tailwind\n|move|p2b: Baxcalibur|Icicle Crash|p1b: Tornadus\n|-supereffective|p1b: Tornadus\n|-enditem|p1b: Tornadus|Focus Sash\n|-damage|p1b: Tornadus|1\/100\n|move|p2a: Heatran|Heat Wave|p1b: Tornadus|[spread] p1a,p1b\n|-damage|p1a: Dragonite|13\/100 brn\n|-damage|p1b: Tornadus|0 fnt\n|faint|p1b: Tornadus\n|move|p1a: Dragonite|Dragon Tail|p2b: Baxcalibur\n|-supereffective|p2b: Baxcalibur\n|-damage|p2b: Baxcalibur|50\/100\n|drag|p2b: Flutter Mane|Flutter Mane, tera:Fairy|41\/100\n|\n|-heal|p2a: Heatran|78\/100|[from] item: Leftovers\n|-damage|p1a: Dragonite|7\/100 brn|[from] brn\n|upkeep\n|inactive|a spiffy spaceman has 20 seconds left this turn.\n|inactive|Entrocefalo has 30 seconds left.\n|inactive|Entrocefalo has 20 seconds left.\n|inactive|Entrocefalo has 15 seconds left.\n|\n|t:|1699647483\n|switch|p1b: Chien-Pao|Chien-Pao|100\/100\n|-ability|p1b: Chien-Pao|Sword of Ruin\n|turn|8\n|\n|t:|1699647497\n|move|p1b: Chien-Pao|Protect|p1b: Chien-Pao\n|-singleturn|p1b: Chien-Pao|Protect\n|move|p1a: Dragonite|Extreme Speed|p2b: Flutter Mane\n|-damage|p2b: Flutter Mane|1\/100\n|move|p2b: Flutter Mane|Dazzling Gleam|p1b: Chien-Pao|[spread] p1a\n|-activate|p1b: Chien-Pao|move: Protect\n|-damage|p1a: Dragonite|0 fnt\n|faint|p1a: Dragonite\n|move|p2a: Heatran|Heat Wave|p1b: Chien-Pao\n|-activate|p1b: Chien-Pao|move: Protect\n|\n|-heal|p2a: Heatran|84\/100|[from] item: Leftovers\n|upkeep\n|inactive|Entrocefalo has 30 seconds left.\n|\n|t:|1699647507\n|switch|p1a: Flutter Mane|Flutter Mane|24\/100\n|turn|9\n|inactive|a spiffy spaceman has 60 seconds left.\n|\n|t:|1699647526\n|move|p1a: Flutter Mane|Dazzling Gleam|p2a: Heatran|[spread] p2a,p2b\n|-resisted|p2a: Heatran\n|-damage|p2a: Heatran|78\/100\n|-damage|p2b: Flutter Mane|0 fnt\n|faint|p2b: Flutter Mane\n|-end|p2b: Flutter Mane|Protosynthesis|[silent]\n|move|p1b: Chien-Pao|Brick Break|p2a: Heatran\n|-sideend|p2: a spiffy spaceman|move: Aurora Veil\n|-supereffective|p2a: Heatran\n|-damage|p2a: Heatran|0 fnt\n|faint|p2a: Heatran\n|-damage|p1b: Chien-Pao|91\/100|[from] item: Life Orb\n|\n|upkeep\n|\n|t:|1699647531\n|switch|p2b: Ogerpon|Ogerpon-Wellspring, F|100\/100\n|switch|p2a: Baxcalibur|Baxcalibur, M|50\/100\n|turn|10\n|inactive|Entrocefalo has 60 seconds left.\n|\n|t:|1699647547\n|move|p2a: Baxcalibur|Protect|p2a: Baxcalibur\n|-singleturn|p2a: Baxcalibur|Protect\n|move|p1a: Flutter Mane|Dazzling Gleam|p2b: Ogerpon|[spread] p2b\n|-activate|p2a: Baxcalibur|move: Protect\n|-damage|p2b: Ogerpon|54\/100\n|move|p1b: Chien-Pao|Ice Spinner|p2b: Ogerpon\n|-damage|p2b: Ogerpon|0 fnt\n|faint|p2b: Ogerpon\n|-damage|p1b: Chien-Pao|81\/100|[from] item: Life Orb\n|\n|-sideend|p1: Entrocefalo|move: Tailwind\n|upkeep\n|turn|11\n|c|\u2606Entrocefalo|gg\n|\n|t:|1699647565\n|move|p1a: Flutter Mane|Dazzling Gleam|p2a: Baxcalibur\n|-supereffective|p2a: Baxcalibur\n|-damage|p2a: Baxcalibur|0 fnt\n|faint|p2a: Baxcalibur\n|\n|win|Entrocefalo\n|c|\u2606a spiffy spaceman|gg\n|l|+ryo yamada2001\n|l| dont you wanna go\n|l| Amasaki \u2606\n|l| Spurrific\n|l| umbry \u273f\n|l|\u2606a spiffy spaceman\n|l| Ciro \u273fNapoli\n|l| F3rrari450\n|l|+daawesomedude1 (\n|j| F3rrari450\n","uploadtime":1699647698,"views":174,"p1id":"entrocefalo","p2id":"aspiffyspaceman","formatid":"gen9doublesou","rating":0,"private":0,"password":""}