{"id":"gen9doublesou-1980539472","p1":"UY QUE RICO PAPI","p2":"Kurs8it","format":"[Gen 9] Doubles OU","log":"|j|\u2606UY QUE RICO PAPI\n|j|\u2606Kurs8it\n|t:|1698795078\n|gametype|doubles\n|player|p1|UY QUE RICO PAPI|1|1218\n|player|p2|Kurs8it|2|1274\n|teamsize|p1|6\n|teamsize|p2|6\n|gen|9\n|tier|[Gen 9] Doubles OU\n|rated|\n|rule|Species Clause: Limit one of each Pok\u00e9mon\n|rule|OHKO Clause: OHKO moves are banned\n|rule|Evasion Moves Clause: Evasion moves are banned\n|rule|Gravity Sleep Clause: The combination of sleep-inducing moves with imperfect accuracy and Gravity or Gigantamax Orbeetle are banned\n|rule|Endless Battle Clause: Forcing endless battles is banned\n|rule|HP Percentage Mod: HP is shown in percentages\n|clearpoke\n|poke|p1|Bronzong|\n|poke|p1|Weavile, M|\n|poke|p1|Hatterene, F|\n|poke|p1|Ursaluna, M|\n|poke|p1|Trevenant, M|\n|poke|p1|Orthworm, M|\n|poke|p2|Snorlax, F|\n|poke|p2|Sylveon, M|\n|poke|p2|Weavile, F|\n|poke|p2|Gliscor, M|\n|poke|p2|Ursaluna-Bloodmoon, M|\n|poke|p2|Hariyama, M|\n|teampreview\n|inactive|Battle timer is ON: inactive players will automatically lose when time's up. (requested by Kurs8it)\n|\n|t:|1698795087\n|start\n|switch|p1a: Bronzong|Bronzong|100\/100\n|switch|p1b: Weavile|Weavile, M|100\/100\n|switch|p2a: Sylveon|Sylveon, M|100\/100\n|switch|p2b: Weavile|Weavile, F|100\/100\n|-ability|p2b: Weavile|Pressure\n|turn|1\n|inactive|UY QUE RICO PAPI has 120 seconds left.\n|\n|t:|1698795122\n|move|p2b: Weavile|Protect|p2b: Weavile\n|-singleturn|p2b: Weavile|Protect\n|move|p1b: Weavile|Fake Out|p2b: Weavile\n|-activate|p2b: Weavile|move: Protect\n|move|p2a: Sylveon|Hyper Voice|p1a: Bronzong|[spread] p1a,p1b\n|-resisted|p1a: Bronzong\n|-supereffective|p1b: Weavile\n|-damage|p1a: Bronzong|88\/100\n|-damage|p1b: Weavile|21\/100\n|move|p1a: Bronzong|Trick Room|p1a: Bronzong\n|-fieldstart|move: Trick Room|[of] p1a: Bronzong\n|\n|upkeep\n|turn|2\n|inactive|UY QUE RICO PAPI has 120 seconds left.\n|\n|t:|1698795146\n|switch|p2b: Snorlax|Snorlax, F|100\/100\n|move|p1b: Weavile|Ice Shard|p2b: Snorlax\n|-damage|p2b: Snorlax|84\/100\n|move|p1a: Bronzong|Stealth Rock|p2b: Snorlax\n|-sidestart|p2: Kurs8it|move: Stealth Rock\n|move|p2a: Sylveon|Hyper Voice|p1b: Weavile|[spread] p1a,p1b\n|-resisted|p1a: Bronzong\n|-supereffective|p1b: Weavile\n|-damage|p1a: Bronzong|74\/100\n|-damage|p1b: Weavile|0 fnt\n|faint|p1b: Weavile\n|\n|upkeep\n|inactive|UY QUE RICO PAPI has 120 seconds left.\n|\n|t:|1698795159\n|switch|p1b: Orthworm|Orthworm, M|100\/100\n|turn|3\n|\n|t:|1698795166\n|move|p2b: Snorlax|Fire Punch|p1a: Bronzong\n|-supereffective|p1a: Bronzong\n|-damage|p1a: Bronzong|38\/100\n|move|p1a: Bronzong|Steel Beam|p2a: Sylveon\n|-supereffective|p2a: Sylveon\n|-damage|p2a: Sylveon|30\/100\n|-damage|p1a: Bronzong|0 fnt|[from] steelbeam\n|faint|p1a: Bronzong\n|move|p1b: Orthworm|Shed Tail|p1b: Orthworm\n|-start|p1b: Orthworm|Substitute|[from] move: Shed Tail\n|-damage|p1b: Orthworm|50\/100\n|-enditem|p1b: Orthworm|Sitrus Berry|[eat]\n|-heal|p1b: Orthworm|75\/100|[from] item: Sitrus Berry\n|inactive|UY QUE RICO PAPI has 120 seconds left.\n|l|\u2606UY QUE RICO PAPI\n|inactive|UY QUE RICO PAPI disconnected and has a minute to reconnect!\n|player|p1|\n|j|\u2606UY QUE RICO PAPI\n|inactive|UY QUE RICO PAPI reconnected and has 80 seconds left.\n|player|p1|UY QUE RICO PAPI|1\n|\n|t:|1698795231\n|switch|p1b: Ursaluna|Ursaluna, M|100\/100|[from] Shed Tail\n|move|p2a: Sylveon|Curse|p2a: Sylveon\n|-unboost|p2a: Sylveon|spe|1\n|-boost|p2a: Sylveon|atk|1\n|-boost|p2a: Sylveon|def|1\n|\n|-heal|p2a: Sylveon|37\/100|[from] item: Leftovers\n|-status|p1b: Ursaluna|brn|[from] item: Flame Orb\n|upkeep\n|\n|t:|1698795247\n|switch|p1a: Orthworm|Orthworm, M|75\/100\n|turn|4\n|\n|t:|1698795255\n|-terastallize|p1b: Ursaluna|Ground\n|move|p1a: Orthworm|Helping Hand|p1b: Ursaluna\n|-singleturn|p1b: Ursaluna|Helping Hand|[of] p1a: Orthworm\n|move|p2b: Snorlax|Body Slam|p1b: Ursaluna\n|-end|p1b: Ursaluna|Substitute\n|move|p1b: Ursaluna|Earthquake|p2b: Snorlax|[spread] p2a,p2b\n|-heal|p1a: Orthworm|100\/100|[from] ability: Earth Eater|[of] p1b: Ursaluna\n|-damage|p2a: Sylveon|0 fnt\n|-damage|p2b: Snorlax|0 fnt\n|faint|p2a: Sylveon\n|faint|p2b: Snorlax\n|\n|-damage|p1b: Ursaluna|94\/100 brn|[from] brn\n|upkeep\n|\n|t:|1698795265\n|switch|p2b: Weavile|Weavile, F|100\/100\n|switch|p2a: Gliscor|Gliscor, M|100\/100\n|-damage|p2a: Gliscor|88\/100|[from] Stealth Rock\n|-damage|p2b: Weavile|76\/100|[from] Stealth Rock\n|-ability|p2b: Weavile|Pressure\n|turn|5\n|l|\u2606UY QUE RICO PAPI\n|inactive|UY QUE RICO PAPI disconnected and has a minute to reconnect!\n|player|p1|\n|j|\u2606UY QUE RICO PAPI\n|inactive|UY QUE RICO PAPI reconnected and has 85 seconds left.\n|player|p1|UY QUE RICO PAPI|1\n|\n|t:|1698795316\n|switch|p1b: Hatterene|Hatterene, F|100\/100\n|move|p2b: Weavile|Protect|p2b: Weavile\n|-singleturn|p2b: Weavile|Protect\n|move|p1a: Orthworm|Shed Tail|p1a: Orthworm\n|-start|p1a: Orthworm|Substitute|[from] move: Shed Tail\n|-damage|p1a: Orthworm|50\/100\n|inactive|UY QUE RICO PAPI has 60 seconds left.\n|\n|t:|1698795341\n|switch|p1a: Trevenant|Trevenant, M|100\/100|[from] Shed Tail\n|move|p2a: Gliscor|Swords Dance|p2a: Gliscor\n|-boost|p2a: Gliscor|atk|2\n|\n|-fieldend|move: Trick Room\n|-status|p2a: Gliscor|tox|[from] item: Toxic Orb\n|upkeep\n|turn|6\n|inactive|UY QUE RICO PAPI has 60 seconds left.\n|\n|t:|1698795380\n|switch|p1b: Orthworm|Orthworm, M|50\/100\n|move|p2b: Weavile|Icicle Crash|p1a: Trevenant\n|-supereffective|p1a: Trevenant\n|-end|p1a: Trevenant|Substitute\n|move|p2a: Gliscor|Fling|p1b: Orthworm\n|-crit|p1b: Orthworm\n|-damage|p1b: Orthworm|35\/100\n|-enditem|p2a: Gliscor|Toxic Orb|[from] move: Fling\n|move|p1a: Trevenant|Trick Room|p1a: Trevenant\n|-fieldstart|move: Trick Room|[of] p1a: Trevenant\n|\n|-heal|p2a: Gliscor|100\/100 tox|[from] ability: Poison Heal\n|upkeep\n|turn|7\n|inactive|UY QUE RICO PAPI has 60 seconds left.\n|inactive|Kurs8it has 120 seconds left.\n|l|\u2606Kurs8it\n|inactive|Kurs8it disconnected and has a minute to reconnect!\n|player|p2|\n|inactive|Kurs8it has 30 seconds to reconnect!\n|inactive|Kurs8it has 20 seconds to reconnect!\n|inactive|Kurs8it has 15 seconds to reconnect!\n|inactive|Kurs8it has 10 seconds to reconnect!\n|inactive|Kurs8it has 5 seconds to reconnect!\n|-message|Kurs8it lost due to inactivity.\n|\n|win|UY QUE RICO PAPI\n|raw|UY QUE RICO PAPI's rating: 1218 &rarr; <strong>1247<\/strong><br \/>(+29 for winning)\n|raw|Kurs8it's rating: 1274 &rarr; <strong>1245<\/strong><br \/>(-29 for losing)\n","uploadtime":1698795498,"views":22,"p1id":"uyquericopapi","p2id":"kurs8it","formatid":"gen9doublesou","rating":1245,"private":0,"password":""}