{"id":"gen9doublesou-1970614097","p1":"Pratik2007","p2":"ionnss","format":"[Gen 9] Doubles OU","log":"|j|\u2606Pratik2007\n|j|\u2606ionnss\n|t:|1697652518\n|gametype|doubles\n|player|p1|Pratik2007|n|\n|player|p2|ionnss|pokekid-gen8|\n|teamsize|p1|6\n|teamsize|p2|6\n|gen|9\n|tier|[Gen 9] Doubles OU\n|rule|Species Clause: Limit one of each Pok\u00e9mon\n|rule|OHKO Clause: OHKO moves are banned\n|rule|Evasion Moves Clause: Evasion moves are banned\n|rule|Gravity Sleep Clause: The combination of sleep-inducing moves with imperfect accuracy and Gravity or Gigantamax Orbeetle are banned\n|rule|Endless Battle Clause: Forcing endless battles is banned\n|rule|HP Percentage Mod: HP is shown in percentages\n|clearpoke\n|poke|p1|Ursaluna, M|\n|poke|p1|Tornadus, M|\n|poke|p1|Dragonite, M|\n|poke|p1|Chien-Pao|\n|poke|p1|Volcanion|\n|poke|p1|Flutter Mane|\n|poke|p2|Iron Bundle|\n|poke|p2|Heatran, F|\n|poke|p2|Rillaboom, M|\n|poke|p2|Landorus-Therian, M|\n|poke|p2|Ogerpon-Hearthflame, F|\n|poke|p2|Iron Hands|\n|teampreview\n|inactive|Battle timer is ON: inactive players will automatically lose when time's up. (requested by ionnss)\n|c|\u2606ionnss|luna in tailwind?? wtf?\n|inactive|ionnss has 270 seconds left.\n|\n|t:|1697652566\n|start\n|switch|p1a: Tornadus|Tornadus, M, shiny|100\/100\n|switch|p1b: Flutter Mane|Flutter Mane|100\/100\n|switch|p2a: Landorus|Landorus-Therian, M|100\/100\n|switch|p2b: Iron Hands|Iron Hands|100\/100\n|-ability|p2a: Landorus|Intimidate|boost\n|-unboost|p1a: Tornadus|atk|1\n|-unboost|p1b: Flutter Mane|atk|1\n|turn|1\n|\n|t:|1697652589\n|switch|p2a: Rillaboom|Rillaboom, M|100\/100\n|-fieldstart|move: Grassy Terrain|[from] ability: Grassy Surge|[of] p2a: Rillaboom\n|move|p1a: Tornadus|Protect|p1a: Tornadus\n|-singleturn|p1a: Tornadus|Protect\n|move|p1b: Flutter Mane|Dazzling Gleam|p2b: Iron Hands|[spread] p2a,p2b\n|-supereffective|p2b: Iron Hands\n|-damage|p2a: Rillaboom|41\/100\n|-damage|p2b: Iron Hands|49\/100\n|-enditem|p2a: Rillaboom|Sitrus Berry|[eat]\n|-heal|p2a: Rillaboom|66\/100|[from] item: Sitrus Berry\n|move|p2b: Iron Hands|Heavy Slam|p1b: Flutter Mane\n|-supereffective|p1b: Flutter Mane\n|-damage|p1b: Flutter Mane|0 fnt\n|faint|p1b: Flutter Mane\n|-end|p1b: Flutter Mane|Protosynthesis|[silent]\n|\n|-heal|p2a: Rillaboom|72\/100|[from] Grassy Terrain\n|-heal|p2b: Iron Hands|56\/100|[from] Grassy Terrain\n|upkeep\n|\n|t:|1697652605\n|switch|p1b: Volcanion|Volcanion|100\/100\n|turn|2\n|j| shadowmaster6 789\n|inactive|ionnss has 270 seconds left.\n|\n|t:|1697652643\n|switch|p2a: Heatran|Heatran, F|100\/100\n|move|p1a: Tornadus|Bleakwind Storm|p2a: Heatran|[spread] p2a,p2b\n|-resisted|p2a: Heatran\n|-damage|p2a: Heatran|83\/100\n|-damage|p2b: Iron Hands|37\/100\n|-unboost|p2a: Heatran|spe|1\n|-unboost|p2b: Iron Hands|spe|1\n|move|p1b: Volcanion|Heat Wave|p2b: Iron Hands|[spread] p2b\n|-start|p2a: Heatran|ability: Flash Fire\n|-damage|p2b: Iron Hands|16\/100\n|move|p2b: Iron Hands|Wild Charge|p1b: Volcanion\n|-supereffective|p1b: Volcanion\n|-damage|p1b: Volcanion|0 fnt\n|faint|p1b: Volcanion\n|-damage|p2b: Iron Hands|0 fnt|[from] Recoil\n|faint|p2b: Iron Hands\n|-end|p2b: Iron Hands|Quark Drive|[silent]\n|\n|-heal|p2a: Heatran|89\/100|[from] Grassy Terrain\n|upkeep\n|inactive|ionnss has 270 seconds left.\n|\n|t:|1697652675\n|switch|p1b: Ursaluna|Ursaluna, M, shiny|100\/100\n|switch|p2b: Iron Bundle|Iron Bundle|100\/100\n|-enditem|p2b: Iron Bundle|Booster Energy\n|-activate|p2b: Iron Bundle|ability: Quark Drive|[fromitem]\n|-start|p2b: Iron Bundle|quarkdrivespe\n|turn|3\n|inactive|ionnss has 270 seconds left.\n|\n|t:|1697652706\n|-terastallize|p1b: Ursaluna|Water\n|move|p1a: Tornadus|Protect|p1a: Tornadus\n|-singleturn|p1a: Tornadus|Protect\n|move|p2b: Iron Bundle|Icy Wind|p1b: Ursaluna|[spread] \n|-activate|p1a: Tornadus|move: Protect\n|-miss|p2b: Iron Bundle|p1b: Ursaluna\n|move|p1b: Ursaluna|Headlong Rush|p2a: Heatran\n|-supereffective|p2a: Heatran\n|-damage|p2a: Heatran|0 fnt\n|-unboost|p1b: Ursaluna|def|1\n|-unboost|p1b: Ursaluna|spd|1\n|faint|p2a: Heatran\n|\n|-status|p1b: Ursaluna|brn|[from] item: Flame Orb\n|upkeep\n|\n|t:|1697652722\n|switch|p2a: Ogerpon|Ogerpon-Hearthflame, F|100\/100\n|-ability|p2a: Ogerpon|Mold Breaker\n|turn|4\n|\n|t:|1697652739\n|-terastallize|p2a: Ogerpon|Fire\n|detailschange|p2a: Ogerpon|Ogerpon-Hearthflame-Tera, F, tera:Fire\n|-ability|p2a: Ogerpon|Embody Aspect (Hearthflame)|boost\n|-boost|p2a: Ogerpon|atk|1\n|move|p1a: Tornadus|Tailwind|p1a: Tornadus\n|-sidestart|p1: Pratik2007|move: Tailwind\n|move|p2a: Ogerpon|Grassy Glide|p1b: Ursaluna\n|-supereffective|p1b: Ursaluna\n|-damage|p1b: Ursaluna|0 fnt\n|faint|p1b: Ursaluna\n|move|p2b: Iron Bundle|Freeze-Dry|p1a: Tornadus\n|-supereffective|p1a: Tornadus\n|-damage|p1a: Tornadus|6\/100\n|\n|upkeep\n|\n|t:|1697652748\n|switch|p1b: Chien-Pao|Chien-Pao|100\/100\n|-ability|p1b: Chien-Pao|Sword of Ruin\n|turn|5\n|inactive|ionnss has 270 seconds left.\n|\n|t:|1697652793\n|move|p1b: Chien-Pao|Protect|p1b: Chien-Pao\n|-singleturn|p1b: Chien-Pao|Protect\n|move|p1a: Tornadus|Bleakwind Storm|p2b: Iron Bundle|[spread] p2b\n|-miss|p1a: Tornadus|p2a: Ogerpon\n|-damage|p2b: Iron Bundle|31\/100\n|-unboost|p2b: Iron Bundle|spe|1\n|move|p2b: Iron Bundle|Icy Wind|p1b: Chien-Pao|[spread] p1a\n|-activate|p1b: Chien-Pao|move: Protect\n|-supereffective|p1a: Tornadus\n|-damage|p1a: Tornadus|0 fnt\n|faint|p1a: Tornadus\n|move|p2a: Ogerpon|Ivy Cudgel|p1b: Chien-Pao\n|-activate|p1b: Chien-Pao|move: Protect\n|\n|-heal|p2b: Iron Bundle|37\/100|[from] Grassy Terrain\n|-fieldend|move: Grassy Terrain\n|upkeep\n|\n|t:|1697652807\n|switch|p1a: Dragonite|Dragonite, M, shiny|100\/100\n|turn|6\n|inactive|ionnss has 270 seconds left.\n|inactive|Pratik2007 has 270 seconds left.\n|\n|t:|1697652839\n|-end|p2b: Iron Bundle|Quark Drive|[silent]\n|switch|p2b: Rillaboom|Rillaboom, M|72\/100\n|-fieldstart|move: Grassy Terrain|[from] ability: Grassy Surge|[of] p2b: Rillaboom\n|move|p1a: Dragonite|Extreme Speed|p2a: Ogerpon\n|-damage|p2a: Ogerpon|30\/100\n|move|p2a: Ogerpon|Grassy Glide|p1b: Chien-Pao\n|-damage|p1b: Chien-Pao|6\/100\n|move|p1b: Chien-Pao|Sacred Sword|p2b: Rillaboom\n|-damage|p2b: Rillaboom|43\/100\n|\n|-heal|p1b: Chien-Pao|12\/100|[from] Grassy Terrain\n|-heal|p2a: Ogerpon|36\/100|[from] Grassy Terrain\n|-heal|p2b: Rillaboom|49\/100|[from] Grassy Terrain\n|upkeep\n|turn|7\n|inactive|ionnss has 270 seconds left.\n|\n|t:|1697652861\n|move|p1b: Chien-Pao|Protect|p1b: Chien-Pao\n|-singleturn|p1b: Chien-Pao|Protect\n|move|p2b: Rillaboom|Fake Out|p1a: Dragonite\n|-damage|p1a: Dragonite|93\/100\n|cant|p1a: Dragonite|flinch\n|move|p2a: Ogerpon|Grassy Glide|p1b: Chien-Pao\n|-activate|p1b: Chien-Pao|move: Protect\n|\n|-heal|p1b: Chien-Pao|18\/100|[from] Grassy Terrain\n|-heal|p2a: Ogerpon|42\/100|[from] Grassy Terrain\n|-heal|p2b: Rillaboom|55\/100|[from] Grassy Terrain\n|-sideend|p1: Pratik2007|move: Tailwind\n|upkeep\n|turn|8\n|inactive|ionnss has 270 seconds left.\n|c| shadowmaster6 789|what\n|c|\u2606ionnss|?\n|\n|t:|1697652893\n|move|p1a: Dragonite|Extreme Speed|p2b: Rillaboom\n|-damage|p2b: Rillaboom|11\/100\n|move|p1b: Chien-Pao|Sucker Punch|p2a: Ogerpon\n|-damage|p2a: Ogerpon|0 fnt\n|faint|p2a: Ogerpon\n|move|p2b: Rillaboom|Grassy Glide|p1b: Chien-Pao\n|-damage|p1b: Chien-Pao|0 fnt\n|faint|p1b: Chien-Pao\n|\n|-heal|p2b: Rillaboom|17\/100|[from] Grassy Terrain\n|upkeep\n|c| shadowmaster6 789|so close\n|\n|t:|1697652898\n|switch|p2a: Landorus|Landorus-Therian, M|100\/100\n|-ability|p2a: Landorus|Intimidate|boost\n|-unboost|p1a: Dragonite|atk|1\n|turn|9\n|c| shadowmaster6 789|oh wait I'm supposed to be rooting ofr ionnss\n|c|\u2606ionnss|yes\n|\n|t:|1697652907\n|switch|p2b: Iron Bundle|Iron Bundle|37\/100\n|move|p1a: Dragonite|Extreme Speed|p2b: Iron Bundle\n|-damage|p2b: Iron Bundle|0 fnt\n|faint|p2b: Iron Bundle\n|-end|p2b: Iron Bundle|Quark Drive|[silent]\n|move|p2a: Landorus|Rock Slide|p1a: Dragonite\n|-supereffective|p1a: Dragonite\n|-damage|p1a: Dragonite|39\/100\n|\n|upkeep\n|\n|t:|1697652909\n|switch|p2b: Rillaboom|Rillaboom, M|17\/100\n|turn|10\n|\n|t:|1697652912\n|move|p2b: Rillaboom|Fake Out|p1a: Dragonite\n|-damage|p1a: Dragonite|26\/100\n|cant|p1a: Dragonite|flinch\n|move|p2a: Landorus|Rock Slide|p1a: Dragonite\n|-supereffective|p1a: Dragonite\n|-damage|p1a: Dragonite|0 fnt\n|faint|p1a: Dragonite\n|\n|win|ionnss\n|c| shadowmaster6 789|I'm just here to watch good mons\n|c|\u2606ionnss|i will not be faking out dnites next gane\n|c|\u2606ionnss|game\n|c|\u2606ionnss|gg\n","uploadtime":1697652927,"views":30,"p1id":"pratik2007","p2id":"ionnss","formatid":"gen9doublesou","rating":0,"private":0,"password":""}