{"id":"gen9doublesou-1984985086","p1":"mikeyuwu","p2":"Justus1212","format":"[Gen 9] Doubles OU","log":"|j|\u2606mikeyuwu\n|j|\u2606Justus1212\n|t:|1699317656\n|gametype|doubles\n|player|p1|mikeyuwu|psychic-gen4|1114\n|player|p2|Justus1212|169|1069\n|teamsize|p1|6\n|teamsize|p2|6\n|gen|9\n|tier|[Gen 9] Doubles OU\n|rated|\n|rule|Species Clause: Limit one of each Pok\u00e9mon\n|rule|OHKO Clause: OHKO moves are banned\n|rule|Evasion Moves Clause: Evasion moves are banned\n|rule|Gravity Sleep Clause: The combination of sleep-inducing moves with imperfect accuracy and Gravity or Gigantamax Orbeetle are banned\n|rule|Endless Battle Clause: Forcing endless battles is banned\n|rule|HP Percentage Mod: HP is shown in percentages\n|clearpoke\n|poke|p1|Garchomp, M|\n|poke|p1|Tyranitar, F|\n|poke|p1|Vaporeon, F|\n|poke|p1|Toxicroak, M|\n|poke|p1|Pelipper, F|\n|poke|p1|Abomasnow, M|\n|poke|p2|Fuecoco, F|\n|poke|p2|Skeledirge, M|\n|poke|p2|Torkoal, M|\n|poke|p2|Klefki, M|\n|poke|p2|Gliscor, M|\n|poke|p2|Walking Wake|\n|teampreview\n|c|\u2606mikeyuwu|Weird to see mom with her son\n|c|\u2606mikeyuwu|Is fuecoco a coaching pokemon?\n|\n|t:|1699317688\n|start\n|switch|p1a: OTLHPM|Toxicroak, M|100\/100\n|switch|p1b: Harmacy|Vaporeon, F|100\/100\n|switch|p2a: Walking Wake|Walking Wake|100\/100\n|switch|p2b: Torkoal|Torkoal, M, shiny|100\/100\n|-weather|SunnyDay|[from] ability: Drought|[of] p2b: Torkoal\n|-activate|p2a: Walking Wake|ability: Protosynthesis\n|-start|p2a: Walking Wake|protosynthesisspa\n|turn|1\n|inactive|Battle timer is ON: inactive players will automatically lose when time's up. (requested by Justus1212)\n|\n|t:|1699317709\n|switch|p1a: ThcrThnSnkr|Tyranitar, F|100\/100\n|-weather|Sandstorm|[from] ability: Sand Stream|[of] p1a: ThcrThnSnkr\n|-end|p2a: Walking Wake|Protosynthesis\n|switch|p2b: Gliscor|Gliscor, M, shiny|100\/100\n|move|p2a: Walking Wake|Hydro Steam|p1a: ThcrThnSnkr\n|-supereffective|p1a: ThcrThnSnkr\n|-damage|p1a: ThcrThnSnkr|74\/100\n|move|p1b: Harmacy|Weather Ball|p2b: Gliscor\n|-damage|p2b: Gliscor|64\/100\n|\n|-weather|Sandstorm|[upkeep]\n|-damage|p2a: Walking Wake|94\/100|[from] Sandstorm\n|-damage|p1b: Harmacy|94\/100|[from] Sandstorm\n|-heal|p1b: Harmacy|100\/100|[from] item: Leftovers\n|-status|p2b: Gliscor|tox|[from] item: Toxic Orb\n|upkeep\n|turn|2\n|\n|t:|1699317737\n|switch|p2b: Torkoal|Torkoal, M, shiny|100\/100\n|-weather|SunnyDay|[from] ability: Drought|[of] p2b: Torkoal\n|-activate|p2a: Walking Wake|ability: Protosynthesis\n|-start|p2a: Walking Wake|protosynthesisspa\n|switch|p1a: Cold Shoulder|Abomasnow, M, shiny|100\/100\n|-weather|Snow|[from] ability: Snow Warning|[of] p1a: Cold Shoulder\n|-end|p2a: Walking Wake|Protosynthesis\n|-terastallize|p2a: Walking Wake|Water\n|move|p2a: Walking Wake|Hydro Steam|p1a: Cold Shoulder\n|-resisted|p1a: Cold Shoulder\n|-damage|p1a: Cold Shoulder|69\/100\n|move|p1b: Harmacy|Icy Wind|p2a: Walking Wake|[spread] p2a,p2b\n|-resisted|p2a: Walking Wake\n|-resisted|p2b: Torkoal\n|-damage|p2a: Walking Wake|88\/100\n|-damage|p2b: Torkoal|94\/100\n|-unboost|p2a: Walking Wake|spe|1\n|-unboost|p2b: Torkoal|spe|1\n|\n|-weather|Snow|[upkeep]\n|upkeep\n|turn|3\n|\n|t:|1699317765\n|switch|p1a: ThcrThnSnkr|Tyranitar, F|74\/100\n|-weather|Sandstorm|[from] ability: Sand Stream|[of] p1a: ThcrThnSnkr\n|move|p2a: Walking Wake|Hydro Steam|p1b: Harmacy\n|-resisted|p1b: Harmacy\n|-damage|p1b: Harmacy|81\/100\n|move|p1b: Harmacy|Weather Ball|p2b: Torkoal\n|-supereffective|p2b: Torkoal\n|-damage|p2b: Torkoal|32\/100\n|move|p2b: Torkoal|Eruption|p1a: ThcrThnSnkr|[spread] p1a,p1b\n|-resisted|p1a: ThcrThnSnkr\n|-resisted|p1b: Harmacy\n|-damage|p1a: ThcrThnSnkr|71\/100\n|-damage|p1b: Harmacy|76\/100\n|\n|-weather|Sandstorm|[upkeep]\n|-damage|p2a: Walking Wake|82\/100|[from] Sandstorm\n|-damage|p1b: Harmacy|70\/100|[from] Sandstorm\n|-damage|p2b: Torkoal|26\/100|[from] Sandstorm\n|-heal|p1b: Harmacy|76\/100|[from] item: Leftovers\n|upkeep\n|turn|4\n|inactive|Justus1212 has 120 seconds left.\n|\n|t:|1699317800\n|-end|p2a: Walking Wake|Protosynthesis|[silent]\n|switch|p2a: Skeledirge|Skeledirge, M|100\/100\n|switch|p2b: Klefki|Klefki, M, shiny|100\/100\n|move|p1a: ThcrThnSnkr|Thunderbolt|p1b: Harmacy\n|-supereffective|p1b: Harmacy\n|-crit|p1b: Harmacy\n|-damage|p1b: Harmacy|28\/100\n|move|p1b: Harmacy|Copycat|p1b: Harmacy\n|move|p1b: Harmacy|Thunderbolt|p2b: Klefki|[from]move: Copycat\n|-damage|p2b: Klefki|74\/100\n|\n|-weather|Sandstorm|[upkeep]\n|-damage|p1b: Harmacy|22\/100|[from] Sandstorm\n|-damage|p2a: Skeledirge|94\/100|[from] Sandstorm\n|-heal|p1b: Harmacy|28\/100|[from] item: Leftovers\n|upkeep\n|turn|5\n|inactive|Justus1212 has 120 seconds left.\n|\n|t:|1699317825\n|switch|p2b: Torkoal|Torkoal, M, shiny|26\/100\n|-weather|SunnyDay|[from] ability: Drought|[of] p2b: Torkoal\n|switch|p1b: OTLHPM|Toxicroak, M|100\/100\n|move|p1a: ThcrThnSnkr|Knock Off|p2a: Skeledirge\n|-supereffective|p2a: Skeledirge\n|-damage|p2a: Skeledirge|20\/100\n|-enditem|p2a: Skeledirge|Choice Specs|[from] move: Knock Off|[of] p1a: ThcrThnSnkr\n|move|p2a: Skeledirge|Heat Wave|p1b: OTLHPM|[spread] p1a,p1b\n|-resisted|p1a: ThcrThnSnkr\n|-damage|p1a: ThcrThnSnkr|58\/100\n|-damage|p1b: OTLHPM|15\/100\n|\n|-weather|SunnyDay|[upkeep]\n|-damage|p1b: OTLHPM|2\/100|[from] ability: Dry Skin|[of] p1b: OTLHPM\n|-heal|p1b: OTLHPM|9\/100|[from] item: Black Sludge\n|upkeep\n|turn|6\n|inactive|Justus1212 has 120 seconds left.\n|\n|t:|1699317852\n|switch|p1b: Weather War|Pelipper, F|100\/100\n|-weather|RainDance|[from] ability: Drizzle|[of] p1b: Weather War\n|switch|p2a: Klefki|Klefki, M, shiny|74\/100\n|move|p1a: ThcrThnSnkr|Rock Slide|p2b: Torkoal|[spread] p2a\n|-miss|p1a: ThcrThnSnkr|p2b: Torkoal\n|-resisted|p2a: Klefki\n|-damage|p2a: Klefki|63\/100\n|move|p2b: Torkoal|Earth Power|p1a: ThcrThnSnkr\n|-supereffective|p1a: ThcrThnSnkr\n|-damage|p1a: ThcrThnSnkr|33\/100\n|\n|-weather|RainDance|[upkeep]\n|upkeep\n|turn|7\n|inactive|Justus1212 has 120 seconds left.\n|\n|t:|1699317877\n|switch|p1a: OTLHPM|Toxicroak, M|9\/100\n|switch|p2b: Walking Wake|Walking Wake, tera:Water|82\/100\n|move|p2a: Klefki|Reflect|p2a: Klefki\n|-sidestart|p2: Justus1212|Reflect\n|move|p1b: Weather War|Chilling Water|p1a: OTLHPM\n|-heal|p1a: OTLHPM|33\/100|[from] ability: Dry Skin|[of] p1b: Weather War\n|\n|-weather|RainDance|[upkeep]\n|-heal|p1a: OTLHPM|46\/100|[from] ability: Dry Skin\n|-heal|p1a: OTLHPM|52\/100|[from] item: Black Sludge\n|upkeep\n|turn|8\n|inactive|Justus1212 has 120 seconds left.\n|\n|t:|1699317903\n|move|p2b: Walking Wake|Hydro Steam|p1a: OTLHPM\n|-heal|p1a: OTLHPM|77\/100|[from] ability: Dry Skin|[of] p2b: Walking Wake\n|move|p1a: OTLHPM|Poison Jab|p2b: Walking Wake\n|-damage|p2b: Walking Wake|52\/100\n|move|p1b: Weather War|Hurricane|p2b: Walking Wake\n|-damage|p2b: Walking Wake|8\/100\n|move|p2a: Klefki|Draining Kiss|p1a: OTLHPM\n|-damage|p1a: OTLHPM|59\/100\n|-heal|p2a: Klefki|78\/100|[from] drain|[of] p1a: OTLHPM\n|\n|-weather|RainDance|[upkeep]\n|-heal|p1a: OTLHPM|72\/100|[from] ability: Dry Skin\n|-heal|p1a: OTLHPM|78\/100|[from] item: Black Sludge\n|upkeep\n|turn|9\n|inactive|Justus1212 has 120 seconds left.\n|\n|t:|1699317929\n|-end|p2b: Walking Wake|Protosynthesis|[silent]\n|switch|p2b: Fuecoco|Fuecoco, F|100\/100\n|move|p1a: OTLHPM|Poison Jab|p2b: Fuecoco\n|-damage|p2b: Fuecoco|60\/100\n|move|p1b: Weather War|Soak|p2a: Klefki\n|-start|p2a: Klefki|typechange|Water\n|move|p2a: Klefki|Draining Kiss|p1a: OTLHPM\n|-damage|p1a: OTLHPM|67\/100\n|-heal|p2a: Klefki|87\/100|[from] drain|[of] p1a: OTLHPM\n|\n|-weather|RainDance|[upkeep]\n|-heal|p1a: OTLHPM|79\/100|[from] ability: Dry Skin\n|-heal|p1a: OTLHPM|85\/100|[from] item: Black Sludge\n|upkeep\n|turn|10\n|\n|t:|1699317950\n|switch|p2a: Torkoal|Torkoal, M, shiny|26\/100\n|-weather|SunnyDay|[from] ability: Drought|[of] p2a: Torkoal\n|move|p1a: OTLHPM|Earthquake|p2a: Torkoal|[spread] p2a,p2b\n|-immune|p1b: Weather War\n|-supereffective|p2a: Torkoal\n|-supereffective|p2b: Fuecoco\n|-damage|p2a: Torkoal|4\/100\n|-damage|p2b: Fuecoco|12\/100\n|move|p1b: Weather War|Chilling Water|p2b: Fuecoco\n|-supereffective|p2b: Fuecoco\n|-damage|p2b: Fuecoco|0 fnt\n|faint|p2b: Fuecoco\n|\n|-weather|SunnyDay|[upkeep]\n|-damage|p1a: OTLHPM|73\/100|[from] ability: Dry Skin|[of] p1a: OTLHPM\n|-heal|p1a: OTLHPM|79\/100|[from] item: Black Sludge\n|upkeep\n|inactive|Justus1212 has 120 seconds left.\n|\n|t:|1699317968\n|switch|p2b: Gliscor|Gliscor, M, shiny|64\/100 tox\n|turn|11\n|c|\u2606mikeyuwu|Do you like the weather war?\n|\n|t:|1699317981\n|switch|p1a: Cold Shoulder|Abomasnow, M, shiny|69\/100\n|-weather|Snow|[from] ability: Snow Warning|[of] p1a: Cold Shoulder\n|move|p2b: Gliscor|Knock Off|p1a: Cold Shoulder\n|-damage|p1a: Cold Shoulder|53\/100\n|-enditem|p1a: Cold Shoulder|Wide Lens|[from] move: Knock Off|[of] p2b: Gliscor\n|move|p1b: Weather War|Blizzard|p2a: Torkoal|[spread] p2a,p2b\n|-resisted|p2a: Torkoal\n|-supereffective|p2b: Gliscor\n|-damage|p2a: Torkoal|0 fnt\n|-damage|p2b: Gliscor|0 fnt\n|faint|p2a: Torkoal\n|faint|p2b: Gliscor\n|\n|-weather|Snow|[upkeep]\n|upkeep\n|l|\u2606Justus1212\n|inactive|Justus1212 disconnected and has a minute to reconnect!\n|player|p2|\n|j|\u2606Justus1212\n|inactive|Justus1212 reconnected and has 115 seconds left.\n|player|p2|Justus1212|169\n|l|\u2606Justus1212\n|inactive|Justus1212 disconnected and has a minute to reconnect!\n|player|p2|\n|inactive|Justus1212 has 30 seconds to reconnect!\n|inactive|Justus1212 has 20 seconds to reconnect!\n|inactive|Justus1212 has 15 seconds to reconnect!\n|inactive|Justus1212 has 10 seconds to reconnect!\n|inactive|Justus1212 has 5 seconds to reconnect!\n|-message|Justus1212 lost due to inactivity.\n|\n|win|mikeyuwu\n|raw|mikeyuwu's rating: 1114 &rarr; <strong>1136<\/strong><br \/>(+22 for winning)\n|raw|Justus1212's rating: 1069 &rarr; <strong>1051<\/strong><br \/>(-18 for losing)\n","uploadtime":1699318078,"views":11,"p1id":"mikeyuwu","p2id":"justus1212","formatid":"gen9doublesou","rating":1051,"private":0,"password":""}