{"id":"gen9doublesou-1999825753","p1":"AIRedzone","p2":"its-sam87","format":"[Gen 9] Doubles OU","log":"|j|\u2606AIRedzone\n|j|\u2606its-sam87\n|inactive|Battle timer is ON: inactive players will automatically lose when time's up.\n|t:|1701120265\n|gametype|doubles\n|player|p1|AIRedzone|#dwcopiii|\n|player|p2|its-sam87|acetrainer-gen2|\n|teamsize|p1|6\n|teamsize|p2|6\n|gen|9\n|tier|[Gen 9] Doubles OU\n|rated|Tournament battle\n|rule|Species Clause: Limit one of each Pok\u00e9mon\n|rule|OHKO Clause: OHKO moves are banned\n|rule|Evasion Moves Clause: Evasion moves are banned\n|rule|Gravity Sleep Clause: The combination of sleep-inducing moves with imperfect accuracy and Gravity or Gigantamax Orbeetle are banned\n|rule|Endless Battle Clause: Forcing endless battles is banned\n|rule|HP Percentage Mod: HP is shown in percentages\n|clearpoke\n|poke|p1|Regidrago|\n|poke|p1|Gholdengo|\n|poke|p1|Tornadus, M|\n|poke|p1|Rillaboom, F|\n|poke|p1|Landorus-Therian, M|\n|poke|p1|Volcanion|\n|poke|p2|Tornadus, M|\n|poke|p2|Amoonguss, M|\n|poke|p2|Basculegion-F, F|\n|poke|p2|Pelipper, F|\n|poke|p2|Palafin, M|\n|poke|p2|Iron Bundle|\n|teampreview\n|inactive|its-sam87 also wants the timer to be on.\n|c|\u2606its-sam87|gl hf\n|c|\u2606AIRedzone|u2\n|\n|t:|1701120293\n|start\n|switch|p1a: L.E.D.|Gholdengo|100\/100\n|switch|p1b: Overconfidence|Volcanion|100\/100\n|switch|p2a: Tornadus|Tornadus, M, shiny|100\/100\n|switch|p2b: Palafin|Palafin, M|100\/100\n|turn|1\n|\n|t:|1701120304\n|detailschange|p2b: Palafin|Palafin-Hero, M\n|switch|p2b: Amoonguss|Amoonguss, M, shiny|100\/100\n|move|p2a: Tornadus|Tailwind|p2a: Tornadus\n|-sidestart|p2: its-sam87|move: Tailwind\n|move|p1a: L.E.D.|Nasty Plot|p1a: L.E.D.\n|-boost|p1a: L.E.D.|spa|2\n|move|p1b: Overconfidence|Steam Eruption|p2a: Tornadus\n|-damage|p2a: Tornadus|36\/100\n|\n|upkeep\n|turn|2\n|\n|t:|1701120321\n|move|p2a: Tornadus|Rain Dance|p2a: Tornadus\n|-weather|RainDance\n|move|p1a: L.E.D.|Make It Rain|p2a: Tornadus|[spread] p2a,p2b\n|-damage|p2a: Tornadus|0 fnt\n|-damage|p2b: Amoonguss|10\/100\n|-unboost|p1a: L.E.D.|spa|1\n|faint|p2a: Tornadus\n|move|p2b: Amoonguss|Spore|p1b: Overconfidence\n|-status|p1b: Overconfidence|slp|[from] move: Spore\n|cant|p1b: Overconfidence|slp\n|\n|-weather|RainDance|[upkeep]\n|upkeep\n|\n|t:|1701120336\n|switch|p2a: Iron Bundle|Iron Bundle, shiny|100\/100\n|-enditem|p2a: Iron Bundle|Booster Energy\n|-activate|p2a: Iron Bundle|ability: Quark Drive|[fromitem]\n|-start|p2a: Iron Bundle|quarkdrivespe\n|turn|3\n|\n|t:|1701120347\n|switch|p2b: Palafin|Palafin-Hero, M|100\/100\n|-activate|p2b: Palafin|ability: Zero to Hero\n|move|p1a: L.E.D.|Protect|p1a: L.E.D.\n|-singleturn|p1a: L.E.D.|Protect\n|move|p2a: Iron Bundle|Hydro Pump|p1a: L.E.D.\n|-activate|p1a: L.E.D.|move: Protect\n|cant|p1b: Overconfidence|slp\n|\n|-weather|RainDance|[upkeep]\n|upkeep\n|turn|4\n|\n|t:|1701120365\n|-terastallize|p1a: L.E.D.|Dragon\n|move|p2a: Iron Bundle|Freeze-Dry|p1b: Overconfidence\n|-damage|p1b: Overconfidence|69\/100 slp\n|move|p2b: Palafin|Wave Crash|p1a: L.E.D.\n|-resisted|p1a: L.E.D.\n|-damage|p1a: L.E.D.|17\/100\n|-damage|p2b: Palafin|75\/100|[from] Recoil\n|move|p1a: L.E.D.|Make It Rain|p2a: Iron Bundle|[spread] p2a,p2b\n|-resisted|p2b: Palafin\n|-damage|p2a: Iron Bundle|0 fnt\n|-damage|p2b: Palafin|34\/100\n|-unboost|p1a: L.E.D.|spa|1\n|faint|p2a: Iron Bundle\n|-end|p2a: Iron Bundle|Quark Drive|[silent]\n|cant|p1b: Overconfidence|slp\n|\n|-weather|RainDance|[upkeep]\n|-heal|p1b: Overconfidence|75\/100 slp|[from] item: Leftovers\n|-sideend|p2: its-sam87|move: Tailwind\n|upkeep\n|\n|t:|1701120377\n|switch|p2a: Amoonguss|Amoonguss, M, shiny|44\/100\n|turn|5\n|\n|t:|1701120387\n|move|p1a: L.E.D.|Protect|p1a: L.E.D.\n|-singleturn|p1a: L.E.D.|Protect\n|move|p2a: Amoonguss|Protect|p2a: Amoonguss\n|-singleturn|p2a: Amoonguss|Protect\n|move|p2b: Palafin|Wave Crash|p1a: L.E.D.\n|-activate|p1a: L.E.D.|move: Protect\n|-curestatus|p1b: Overconfidence|slp|[msg]\n|move|p1b: Overconfidence|Steam Eruption|p2b: Palafin\n|-resisted|p2b: Palafin\n|-damage|p2b: Palafin|0 fnt\n|faint|p2b: Palafin\n|\n|-weather|RainDance|[upkeep]\n|-heal|p1b: Overconfidence|81\/100|[from] item: Leftovers\n|upkeep\n|\n|t:|1701120392\n|switch|p2b: Basculegion|Basculegion-F, F|100\/100\n|turn|6\n|\n|t:|1701120408\n|switch|p1b: Dicker's Done|Landorus-Therian, M|100\/100\n|-ability|p1b: Dicker's Done|Intimidate|boost\n|-unboost|p2a: Amoonguss|atk|1\n|-unboost|p2b: Basculegion|atk|1\n|move|p2a: Amoonguss|Rage Powder|p2a: Amoonguss\n|-singleturn|p2a: Amoonguss|move: Rage Powder\n|move|p2b: Basculegion|Last Respects|p1a: L.E.D.\n|-damage|p1a: L.E.D.|0 fnt\n|faint|p1a: L.E.D.\n|\n|-weather|none\n|upkeep\n|j| Lawrence_lmao\n|\n|t:|1701120417\n|switch|p1a: Wendrid|Rillaboom, F|100\/100\n|-fieldstart|move: Grassy Terrain|[from] ability: Grassy Surge|[of] p1a: Wendrid\n|turn|7\n|\n|t:|1701120430\n|switch|p2a: Pelipper|Pelipper, F, shiny|100\/100\n|-weather|RainDance|[from] ability: Drizzle|[of] p2a: Pelipper\n|-terastallize|p2b: Basculegion|Ghost\n|move|p1a: Wendrid|Grassy Glide|p2b: Basculegion\n|-damage|p2b: Basculegion|48\/100\n|move|p2b: Basculegion|Last Respects|p1a: Wendrid\n|-damage|p1a: Wendrid|25\/100\n|move|p1b: Dicker's Done|U-turn|p2a: Pelipper\n|-resisted|p2a: Pelipper\n|-damage|p2a: Pelipper|90\/100\n|\n|t:|1701120442\n|switch|p1b: Vanilla Paste|Tornadus, M|100\/100|[from] U-turn\n|\n|-weather|RainDance|[upkeep]\n|-heal|p2b: Basculegion|54\/100|[from] Grassy Terrain\n|-heal|p1a: Wendrid|31\/100|[from] Grassy Terrain\n|upkeep\n|turn|8\n|\n|t:|1701120455\n|switch|p2b: Amoonguss|Amoonguss, M, shiny|77\/100\n|move|p1b: Vanilla Paste|Tailwind|p1b: Vanilla Paste\n|-sidestart|p1: AIRedzone|move: Tailwind\n|move|p1a: Wendrid|U-turn|p2a: Pelipper\n|-resisted|p2a: Pelipper\n|-damage|p2a: Pelipper|80\/100\n|\n|t:|1701120461\n|switch|p1a: Telescope|Regidrago|100\/100|[from] U-turn\n|move|p2a: Pelipper|Hydro Pump|p1a: Telescope|[miss]\n|-miss|p2a: Pelipper|p1a: Telescope\n|\n|-weather|RainDance|[upkeep]\n|-heal|p2b: Amoonguss|83\/100|[from] Grassy Terrain\n|upkeep\n|turn|9\n|\n|t:|1701120467\n|move|p2a: Pelipper|Wide Guard|p2a: Pelipper\n|-singleturn|p2a: Pelipper|Wide Guard\n|move|p1b: Vanilla Paste|Bleakwind Storm|p2b: Amoonguss|[spread] \n|-activate|p2a: Pelipper|move: Wide Guard\n|-activate|p2b: Amoonguss|move: Wide Guard\n|move|p1a: Telescope|Dragon Energy|p2a: Pelipper|[spread] \n|-activate|p2a: Pelipper|move: Wide Guard\n|-activate|p2b: Amoonguss|move: Wide Guard\n|move|p2b: Amoonguss|Spore|p1a: Telescope\n|-status|p1a: Telescope|slp|[from] move: Spore\n|\n|-weather|RainDance|[upkeep]\n|-heal|p2b: Amoonguss|89\/100|[from] Grassy Terrain\n|upkeep\n|turn|10\n|\n|t:|1701120478\n|switch|p2b: Basculegion|Basculegion-F, F, tera:Ghost|54\/100\n|move|p2a: Pelipper|Wide Guard|p2a: Pelipper\n|-singleturn|p2a: Pelipper|Wide Guard\n|move|p1b: Vanilla Paste|Bleakwind Storm|p2b: Basculegion|[spread] \n|-activate|p2a: Pelipper|move: Wide Guard\n|-activate|p2b: Basculegion|move: Wide Guard\n|cant|p1a: Telescope|slp\n|\n|-weather|RainDance|[upkeep]\n|-heal|p2b: Basculegion|60\/100|[from] Grassy Terrain\n|upkeep\n|turn|11\n|\n|t:|1701120489\n|switch|p1b: Dicker's Done|Landorus-Therian, M|100\/100\n|-ability|p1b: Dicker's Done|Intimidate|boost\n|-unboost|p2a: Pelipper|atk|1\n|-unboost|p2b: Basculegion|atk|1\n|switch|p2a: Amoonguss|Amoonguss, M, shiny|100\/100\n|move|p2b: Basculegion|Last Respects|p1b: Dicker's Done\n|-damage|p1b: Dicker's Done|11\/100\n|-enditem|p1b: Dicker's Done|Sitrus Berry|[eat]\n|-heal|p1b: Dicker's Done|36\/100|[from] item: Sitrus Berry\n|cant|p1a: Telescope|slp\n|\n|-weather|RainDance|[upkeep]\n|-heal|p2b: Basculegion|66\/100|[from] Grassy Terrain\n|-sideend|p1: AIRedzone|move: Tailwind\n|-fieldend|move: Grassy Terrain\n|upkeep\n|turn|12\n|\n|t:|1701120502\n|-curestatus|p1a: Telescope|slp|[msg]\n|move|p1a: Telescope|Protect|p1a: Telescope\n|-singleturn|p1a: Telescope|Protect\n|move|p2b: Basculegion|Last Respects|p1a: Telescope\n|-activate|p1a: Telescope|move: Protect\n|move|p1b: Dicker's Done|Taunt|p2a: Amoonguss\n|-start|p2a: Amoonguss|move: Taunt\n|move|p2a: Amoonguss|Pollen Puff|p2b: Basculegion\n|-heal|p2b: Basculegion|100\/100\n|\n|-weather|RainDance|[upkeep]\n|upkeep\n|turn|13\n|\n|t:|1701120517\n|switch|p1a: Overconfidence|Volcanion|81\/100\n|switch|p2a: Pelipper|Pelipper, F, shiny|80\/100\n|move|p2b: Basculegion|Last Respects|p1a: Overconfidence\n|-damage|p1a: Overconfidence|10\/100\n|move|p1b: Dicker's Done|Stomping Tantrum|p2b: Basculegion\n|-damage|p2b: Basculegion|47\/100\n|\n|-weather|RainDance|[upkeep]\n|-heal|p1a: Overconfidence|16\/100|[from] item: Leftovers\n|upkeep\n|turn|14\n|\n|t:|1701120533\n|move|p2b: Basculegion|Last Respects|p1a: Overconfidence\n|-damage|p1a: Overconfidence|0 fnt\n|faint|p1a: Overconfidence\n|move|p1b: Dicker's Done|Stomping Tantrum|p2b: Basculegion\n|-damage|p2b: Basculegion|0 fnt\n|faint|p2b: Basculegion\n|move|p2a: Pelipper|Hydro Pump|p1b: Dicker's Done|[miss]\n|-miss|p2a: Pelipper|p1b: Dicker's Done\n|\n|-weather|none\n|upkeep\n|\n|t:|1701120541\n|switch|p2b: Amoonguss|Amoonguss, M, shiny|100\/100\n|switch|p1a: Telescope|Regidrago|100\/100\n|turn|15\n|c|\u2606its-sam87|ah shit\n|c|\u2606its-sam87|u won but let's see if i can pull anything funny\n|inactive|its-sam87 has 120 seconds left.\n|\n|t:|1701120580\n|move|p1a: Telescope|Protect|p1a: Telescope\n|-singleturn|p1a: Telescope|Protect\n|move|p1b: Dicker's Done|Taunt|p2a: Pelipper\n|-start|p2a: Pelipper|move: Taunt\n|move|p2a: Pelipper|Hydro Pump|p1b: Dicker's Done\n|-supereffective|p1b: Dicker's Done\n|-damage|p1b: Dicker's Done|0 fnt\n|faint|p1b: Dicker's Done\n|move|p2b: Amoonguss|Spore|p1a: Telescope\n|-activate|p1a: Telescope|move: Protect\n|\n|upkeep\n|\n|t:|1701120587\n|switch|p1b: Wendrid|Rillaboom, F|31\/100\n|-fieldstart|move: Grassy Terrain|[from] ability: Grassy Surge|[of] p1b: Wendrid\n|turn|16\n|\n|t:|1701120595\n|move|p1b: Wendrid|Fake Out|p2b: Amoonguss\n|-crit|p2b: Amoonguss\n|-damage|p2b: Amoonguss|84\/100\n|-damage|p1b: Wendrid|14\/100|[from] item: Rocky Helmet|[of] p2b: Amoonguss\n|move|p1a: Telescope|Dragon Energy|p2a: Pelipper|[spread] p2a,p2b\n|-damage|p2a: Pelipper|0 fnt\n|-damage|p2b: Amoonguss|2\/100\n|faint|p2a: Pelipper\n|cant|p2b: Amoonguss|flinch\n|\n|-heal|p1b: Wendrid|20\/100|[from] Grassy Terrain\n|-heal|p2b: Amoonguss|8\/100|[from] Grassy Terrain\n|upkeep\n|turn|17\n|c|\u2606its-sam87|gg\n|c|\u2606AIRedzone|gg\n|\n|t:|1701120612\n|move|p1b: Wendrid|Grassy Glide|p2b: Amoonguss\n|-resisted|p2b: Amoonguss\n|-damage|p2b: Amoonguss|0 fnt\n|-damage|p1b: Wendrid|4\/100|[from] item: Rocky Helmet|[of] p2b: Amoonguss\n|faint|p2b: Amoonguss\n|\n|win|AIRedzone\n|n|\u2606AIRedzone|airedzone\n|n|\u2606its-sam87|itssam87\n|n| Lawrence_lmao|lawrencelmao\n","uploadtime":1701120616,"views":5,"p1id":"airedzone","p2id":"itssam87","formatid":"gen9doublesou","rating":0,"private":0,"password":""}