{"id":"gen9doublesou-1999896180","p1":"Jtsmith86","p2":"Shaquile","format":"[Gen 9] Doubles OU","log":"|j|\u2606Jtsmith86\n|j|\u2606Shaquile\n|t:|1701127461\n|gametype|doubles\n|player|p1|Jtsmith86|ethan|1154\n|player|p2|Shaquile|brawly|1056\n|teamsize|p1|6\n|teamsize|p2|6\n|gen|9\n|tier|[Gen 9] Doubles OU\n|rated|\n|rule|Species Clause: Limit one of each Pok\u00e9mon\n|rule|OHKO Clause: OHKO moves are banned\n|rule|Evasion Moves Clause: Evasion moves are banned\n|rule|Gravity Sleep Clause: The combination of sleep-inducing moves with imperfect accuracy and Gravity or Gigantamax Orbeetle are banned\n|rule|Endless Battle Clause: Forcing endless battles is banned\n|rule|HP Percentage Mod: HP is shown in percentages\n|clearpoke\n|poke|p1|Gyarados, M|\n|poke|p1|Garganacl, F|\n|poke|p1|Eelektross, F|\n|poke|p1|Garchomp, M|\n|poke|p1|Bisharp, F|\n|poke|p1|Dugtrio, F|\n|poke|p2|Volbeat, M|\n|poke|p2|Ogerpon-Wellspring, F|\n|poke|p2|Torkoal, M|\n|poke|p2|Gardevoir, M|\n|poke|p2|Lucario, M|\n|poke|p2|Gengar, M|\n|teampreview\n|\n|t:|1701127473\n|start\n|switch|p1a: Gyarados|Gyarados, M, shiny|100\/100\n|switch|p1b: Dugtrio|Dugtrio, F, shiny|100\/100\n|switch|p2a: Volbeat|Volbeat, M, shiny|100\/100\n|switch|p2b: Ogerpon|Ogerpon-Wellspring, F|100\/100\n|turn|1\n|\n|t:|1701127496\n|move|p2b: Ogerpon|Follow Me|p2b: Ogerpon\n|-singleturn|p2b: Ogerpon|move: Follow Me\n|move|p2a: Volbeat|Tail Glow|p2a: Volbeat\n|-boost|p2a: Volbeat|spa|3\n|move|p1b: Dugtrio|Rock Slide|p2b: Ogerpon|[spread] p2a\n|-miss|p1b: Dugtrio|p2b: Ogerpon\n|-supereffective|p2a: Volbeat\n|-damage|p2a: Volbeat|62\/100\n|move|p1a: Gyarados|Waterfall|p2b: Ogerpon\n|-immune|p2b: Ogerpon|[from] ability: Water Absorb\n|\n|upkeep\n|turn|2\n|\n|t:|1701127528\n|move|p2a: Volbeat|Baton Pass|p2a: Volbeat\n|\n|t:|1701127532\n|switch|p2a: Gardevoir|Gardevoir, M, shiny|100\/100|[from] Baton Pass\n|move|p1b: Dugtrio|Rock Slide|p2b: Ogerpon|[spread] p2a,p2b\n|-damage|p2a: Gardevoir|77\/100\n|-damage|p2b: Ogerpon|86\/100\n|move|p1a: Gyarados|Facade|p2b: Ogerpon\n|-damage|p2b: Ogerpon|62\/100\n|move|p2b: Ogerpon|Rain Dance|p2b: Ogerpon\n|-weather|RainDance\n|\n|-weather|RainDance|[upkeep]\n|upkeep\n|turn|3\n|\n|t:|1701127556\n|move|p1b: Dugtrio|Rock Slide|p2b: Ogerpon|[spread] p2a,p2b\n|-damage|p2a: Gardevoir|51\/100\n|-damage|p2b: Ogerpon|47\/100\n|move|p1a: Gyarados|Facade|p2b: Ogerpon\n|-damage|p2b: Ogerpon|23\/100\n|move|p2b: Ogerpon|Ivy Cudgel|p1b: Dugtrio|[anim] Ivy Cudgel Water\n|-supereffective|p1b: Dugtrio\n|-crit|p1b: Dugtrio\n|-damage|p1b: Dugtrio|0 fnt\n|faint|p1b: Dugtrio\n|cant|p2a: Gardevoir|flinch\n|\n|-weather|RainDance|[upkeep]\n|upkeep\n|\n|t:|1701127576\n|switch|p1b: Bisharp|Bisharp, F, shiny|100\/100\n|turn|4\n|\n|t:|1701127591\n|switch|p1b: Eelektross|Eelektross, F, shiny|100\/100\n|move|p1a: Gyarados|Earthquake|p2b: Ogerpon|[spread] p2a,p2b\n|-immune|p1b: Eelektross|[from] ability: Levitate\n|-crit|p2a: Gardevoir\n|-resisted|p2b: Ogerpon\n|-damage|p2a: Gardevoir|0 fnt\n|-damage|p2b: Ogerpon|11\/100\n|faint|p2a: Gardevoir\n|-ability|p1a: Gyarados|Moxie|boost\n|-boost|p1a: Gyarados|atk|1\n|move|p2b: Ogerpon|Ivy Cudgel|p1b: Eelektross|[anim] Ivy Cudgel Water\n|-damage|p1b: Eelektross|27\/100\n|\n|-weather|RainDance|[upkeep]\n|upkeep\n|\n|t:|1701127607\n|switch|p2a: Volbeat|Volbeat, M, shiny|62\/100\n|turn|5\n|\n|t:|1701127617\n|move|p2a: Volbeat|Tail Glow|p2a: Volbeat\n|-boost|p2a: Volbeat|spa|3\n|move|p1a: Gyarados|Earthquake|p2a: Volbeat|[spread] p2a,p2b\n|-immune|p1b: Eelektross|[from] ability: Levitate\n|-resisted|p2a: Volbeat\n|-resisted|p2b: Ogerpon\n|-damage|p2a: Volbeat|36\/100\n|-damage|p2b: Ogerpon|0 fnt\n|faint|p2b: Ogerpon\n|-ability|p1a: Gyarados|Moxie|boost\n|-boost|p1a: Gyarados|atk|1\n|move|p1b: Eelektross|Thunder Punch|p2a: Volbeat\n|-damage|p2a: Volbeat|0 fnt\n|faint|p2a: Volbeat\n|\n|-weather|RainDance|[upkeep]\n|upkeep\n|\n|t:|1701127632\n|switch|p2b: Gengar|Gengar, M, shiny|100\/100\n|switch|p2a: Lucario|Lucario, M, shiny|100\/100\n|turn|6\n|\n|t:|1701127647\n|-terastallize|p2a: Lucario|Fighting\n|move|p2b: Gengar|Thunderbolt|p1a: Gyarados\n|-supereffective|p1a: Gyarados\n|-damage|p1a: Gyarados|0 fnt\n|faint|p1a: Gyarados\n|move|p2a: Lucario|Aura Sphere|p1b: Eelektross\n|-damage|p1b: Eelektross|0 fnt\n|faint|p1b: Eelektross\n|\n|-weather|none\n|upkeep\n|\n|t:|1701127684\n|switch|p1a: Garganacl|Garganacl, F, shiny|100\/100\n|switch|p1b: Garchomp|Garchomp, M, shiny|100\/100\n|turn|7\n|\n|t:|1701127706\n|-terastallize|p1b: Garchomp|Fairy\n|move|p1a: Garganacl|Helping Hand|p1b: Garchomp\n|-singleturn|p1b: Garchomp|Helping Hand|[of] p1a: Garganacl\n|move|p2b: Gengar|Thunderbolt|p1a: Garganacl\n|-damage|p1a: Garganacl|80\/100\n|move|p1b: Garchomp|Tera Blast|p2a: Lucario|[anim] Tera Blast Fairy\n|-supereffective|p2a: Lucario\n|-damage|p2a: Lucario|0 fnt\n|faint|p2a: Lucario\n|\n|-heal|p1a: Garganacl|87\/100|[from] item: Leftovers\n|upkeep\n|\n|t:|1701127717\n|switch|p2a: Torkoal|Torkoal, M, shiny|100\/100\n|-weather|SunnyDay|[from] ability: Drought|[of] p2a: Torkoal\n|turn|8\n|\n|t:|1701127730\n|move|p2b: Gengar|Thunderbolt|p1b: Garchomp\n|-damage|p1b: Garchomp|63\/100\n|-status|p1b: Garchomp|par\n|move|p1b: Garchomp|Dragon Claw|p2b: Gengar\n|-damage|p2b: Gengar|32\/100\n|-start|p1b: Garchomp|Disable|Dragon Claw|[from] ability: Cursed Body|[of] p2b: Gengar\n|move|p1a: Garganacl|Salt Cure|p2a: Torkoal\n|-supereffective|p2a: Torkoal\n|-damage|p2a: Torkoal|79\/100\n|-start|p2a: Torkoal|Salt Cure\n|move|p2a: Torkoal|Heat Wave|p1b: Garchomp|[spread] p1b\n|-miss|p2a: Torkoal|p1a: Garganacl\n|-damage|p1b: Garchomp|3\/100 par\n|-damage|p2a: Torkoal|69\/100|[from] item: Life Orb\n|\n|-weather|SunnyDay|[upkeep]\n|-heal|p1a: Garganacl|93\/100|[from] item: Leftovers\n|-damage|p2a: Torkoal|57\/100|[from] Salt Cure\n|upkeep\n|turn|9\n|\n|t:|1701127765\n|move|p2b: Gengar|Thunderbolt|p1a: Garganacl\n|-damage|p1a: Garganacl|74\/100\n|cant|p1b: Garchomp|par\n|move|p1a: Garganacl|Salt Cure|p2b: Gengar\n|-damage|p2b: Gengar|7\/100\n|-start|p2b: Gengar|Salt Cure\n|-start|p1a: Garganacl|Disable|Salt Cure|[from] ability: Cursed Body|[of] p2b: Gengar\n|move|p2a: Torkoal|Heat Wave|p1b: Garchomp|[spread] p1a,p1b\n|-resisted|p1a: Garganacl\n|-damage|p1a: Garganacl|56\/100\n|-damage|p1b: Garchomp|0 fnt\n|faint|p1b: Garchomp\n|-damage|p2a: Torkoal|47\/100|[from] item: Life Orb\n|\n|-weather|SunnyDay|[upkeep]\n|-heal|p1a: Garganacl|62\/100|[from] item: Leftovers\n|-damage|p2b: Gengar|0 fnt|[from] Salt Cure\n|faint|p2b: Gengar\n|-damage|p2a: Torkoal|34\/100|[from] Salt Cure\n|upkeep\n|\n|t:|1701127785\n|switch|p1b: Bisharp|Bisharp, F, shiny|100\/100\n|turn|10\n|\n|t:|1701127797\n|move|p1a: Garganacl|Helping Hand|p1b: Bisharp\n|-singleturn|p1b: Bisharp|Helping Hand|[of] p1a: Garganacl\n|move|p1b: Bisharp|Shadow Claw|p2a: Torkoal\n|-damage|p2a: Torkoal|11\/100\n|move|p2a: Torkoal|Heat Wave|p1a: Garganacl|[spread] p1a,p1b\n|-resisted|p1a: Garganacl\n|-supereffective|p1b: Bisharp\n|-crit|p1b: Bisharp\n|-damage|p1a: Garganacl|45\/100\n|-damage|p1b: Bisharp|0 fnt\n|faint|p1b: Bisharp\n|-damage|p2a: Torkoal|1\/100|[from] item: Life Orb\n|\n|-weather|SunnyDay|[upkeep]\n|-heal|p1a: Garganacl|51\/100|[from] item: Leftovers\n|-damage|p2a: Torkoal|0 fnt|[from] Salt Cure\n|faint|p2a: Torkoal\n|\n|win|Jtsmith86\n|upkeep\n|raw|Jtsmith86's rating: 1154 &rarr; <strong>1172<\/strong><br \/>(+18 for winning)\n|raw|Shaquile's rating: 1056 &rarr; <strong>1043<\/strong><br \/>(-13 for losing)\n|l|\u2606Shaquile\n","uploadtime":1701127817,"views":10,"p1id":"jtsmith86","p2id":"shaquile","formatid":"gen9doublesou","rating":1043,"private":0,"password":""}