{"id":"gen9doublesou-1993011546","p1":"Elite.4.Challenger","p2":"cooltrocity","format":"[Gen 9] Doubles OU","log":"|j|\u2606Elite.4.Challenger\n|j|\u2606cooltrocity\n|t:|1700255319\n|gametype|doubles\n|player|p1|Elite.4.Challenger|koga|1368\n|player|p2|cooltrocity|skierf|1369\n|teamsize|p1|6\n|teamsize|p2|6\n|gen|9\n|tier|[Gen 9] Doubles OU\n|rated|\n|rule|Species Clause: Limit one of each Pok\u00e9mon\n|rule|OHKO Clause: OHKO moves are banned\n|rule|Evasion Moves Clause: Evasion moves are banned\n|rule|Gravity Sleep Clause: The combination of sleep-inducing moves with imperfect accuracy and Gravity or Gigantamax Orbeetle are banned\n|rule|Endless Battle Clause: Forcing endless battles is banned\n|rule|HP Percentage Mod: HP is shown in percentages\n|clearpoke\n|poke|p1|Tornadus, M|\n|poke|p1|Regieleki|\n|poke|p1|Goodra-Hisui, M|\n|poke|p1|Basculegion-F, F|\n|poke|p1|Politoed, M|\n|poke|p1|Toxicroak, F|\n|poke|p2|Kingambit, M|\n|poke|p2|Sylveon, M|\n|poke|p2|Scyther, F|\n|poke|p2|Iron Bundle|\n|poke|p2|Ursaluna-Bloodmoon, M|\n|poke|p2|Heatran, F|\n|teampreview\n|\n|t:|1700255330\n|start\n|switch|p1a: Regieleki|Regieleki|100\/100\n|switch|p1b: Michael Phelps|Basculegion-F, F|100\/100\n|switch|p2a: Bird is the Word|Iron Bundle|100\/100\n|switch|p2b: Spicy Frog|Heatran, F|100\/100\n|-enditem|p2a: Bird is the Word|Booster Energy\n|-activate|p2a: Bird is the Word|ability: Quark Drive|[fromitem]\n|-start|p2a: Bird is the Word|quarkdrivespe\n|turn|1\n|\n|t:|1700255353\n|-end|p2a: Bird is the Word|Quark Drive|[silent]\n|switch|p2a: Freddy Fazbear|Ursaluna-Bloodmoon, M|100\/100\n|switch|p1a: Kermit the Frog|Politoed, M|100\/100\n|-weather|RainDance|[from] ability: Drizzle|[of] p1a: Kermit the Frog\n|-terastallize|p2b: Spicy Frog|Grass\n|move|p1b: Michael Phelps|Surf|p2b: Spicy Frog|[spread] p1a,p2a,p2b\n|-resisted|p1a: Kermit the Frog\n|-supereffective|p2a: Freddy Fazbear\n|-crit|p2a: Freddy Fazbear\n|-resisted|p2b: Spicy Frog\n|-damage|p1a: Kermit the Frog|75\/100\n|-damage|p2a: Freddy Fazbear|0 fnt\n|-damage|p2b: Spicy Frog|80\/100\n|faint|p2a: Freddy Fazbear\n|-enditem|p1a: Kermit the Frog|Eject Button\n|\n|t:|1700255366\n|switch|p1a: Kermit the Dawg|Toxicroak, F|100\/100\n|move|p2b: Spicy Frog|Earth Power|p1a: Kermit the Dawg\n|-supereffective|p1a: Kermit the Dawg\n|-damage|p1a: Kermit the Dawg|0 fnt\n|faint|p1a: Kermit the Dawg\n|\n|-weather|RainDance|[upkeep]\n|upkeep\n|c|\u2606cooltrocity|Damn that was a turn\n|\n|t:|1700255392\n|switch|p1a: Tornadus|Tornadus, M|100\/100\n|switch|p2a: Bird is the Word|Iron Bundle|100\/100\n|turn|2\n|c|\u2606Elite.4.Challenger|lol\n|\n|t:|1700255425\n|move|p1b: Michael Phelps|Surf|p2a: Bird is the Word|[spread] p1a,p2a,p2b\n|-resisted|p2a: Bird is the Word\n|-resisted|p2b: Spicy Frog\n|-damage|p1a: Tornadus|1\/100\n|-damage|p2a: Bird is the Word|20\/100\n|-damage|p2b: Spicy Frog|59\/100\n|move|p2a: Bird is the Word|Ice Beam|p1a: Tornadus\n|-supereffective|p1a: Tornadus\n|-damage|p1a: Tornadus|0 fnt\n|faint|p1a: Tornadus\n|move|p2b: Spicy Frog|Tera Blast|p1b: Michael Phelps|[anim] Tera Blast Grass\n|-supereffective|p1b: Michael Phelps\n|-damage|p1b: Michael Phelps|0 fnt\n|faint|p1b: Michael Phelps\n|\n|-weather|RainDance|[upkeep]\n|upkeep\n|\n|t:|1700255439\n|switch|p1a: Regieleki|Regieleki|100\/100\n|switch|p1b: Goodra|Goodra-Hisui, M|100\/100\n|turn|3\n|c|\u2606cooltrocity|Micheal phelps was out for blood\n|c|\u2606Elite.4.Challenger|lol ong\n|c|\u2606Elite.4.Challenger|testing out the team\n|c|\u2606Elite.4.Challenger|i thought i would kill iron bundle and get bleakwind\n|\n|t:|1700255505\n|-end|p2a: Bird is the Word|Quark Drive|[silent]\n|switch|p2a: Kitty :3|Sylveon, M|100\/100\n|move|p1a: Regieleki|Volt Switch|p2a: Kitty :3\n|-damage|p2a: Kitty :3|47\/100\n|\n|t:|1700255510\n|switch|p1a: Kermit the Frog|Politoed, M|75\/100|[from] Volt Switch\n|move|p2b: Spicy Frog|Earth Power|p1a: Kermit the Frog\n|-damage|p1a: Kermit the Frog|53\/100\n|move|p1b: Goodra|Acid Armor|p1b: Goodra\n|-boost|p1b: Goodra|def|2\n|\n|-weather|RainDance|[upkeep]\n|upkeep\n|turn|4\n|c|\u2606cooltrocity|I think something with waterabsorb like gastrodon or water ogerpon would go a long way you did way to much damage to your own guys\n|c|\u2606Elite.4.Challenger|toxicroak has dry skin but i did a really bad swap\n|c|\u2606Elite.4.Challenger|tera grass was smart\n|\n|t:|1700255563\n|move|p1a: Kermit the Frog|Protect|p1a: Kermit the Frog\n|-singleturn|p1a: Kermit the Frog|Protect\n|move|p2a: Kitty :3|Protect|p2a: Kitty :3\n|-singleturn|p2a: Kitty :3|Protect\n|move|p2b: Spicy Frog|Tera Blast|p1a: Kermit the Frog|[anim] Tera Blast Grass\n|-activate|p1a: Kermit the Frog|move: Protect\n|move|p1b: Goodra|Body Press|p2b: Spicy Frog\n|-damage|p2b: Spicy Frog|20\/100\n|\n|-weather|RainDance|[upkeep]\n|upkeep\n|turn|5\n|c|\u2606cooltrocity|Good call\n|\n|t:|1700255588\n|-terastallize|p1a: Kermit the Frog|Ice\n|move|p2b: Spicy Frog|Tera Blast|p1a: Kermit the Frog|[anim] Tera Blast Grass\n|-damage|p1a: Kermit the Frog|20\/100\n|move|p1a: Kermit the Frog|Icy Wind|p2a: Kitty :3|[spread] p2a,p2b\n|-supereffective|p2b: Spicy Frog\n|-damage|p2a: Kitty :3|37\/100\n|-damage|p2b: Spicy Frog|4\/100\n|-unboost|p2a: Kitty :3|spe|1\n|-unboost|p2b: Spicy Frog|spe|1\n|move|p1b: Goodra|Body Press|p2b: Spicy Frog\n|-damage|p2b: Spicy Frog|0 fnt\n|faint|p2b: Spicy Frog\n|move|p2a: Kitty :3|Hyper Voice|p1b: Goodra|[spread] p1a,p1b\n|-damage|p1a: Kermit the Frog|0 fnt\n|-damage|p1b: Goodra|78\/100\n|faint|p1a: Kermit the Frog\n|\n|-weather|none\n|upkeep\n|\n|t:|1700255610\n|switch|p2b: Bird is the Word|Iron Bundle|20\/100\n|switch|p1a: Regieleki|Regieleki|100\/100\n|turn|6\n|\n|t:|1700255641\n|move|p1a: Regieleki|Electroweb|p2b: Bird is the Word|[spread] p2a,p2b\n|-supereffective|p2b: Bird is the Word\n|-damage|p2a: Kitty :3|5\/100\n|-damage|p2b: Bird is the Word|0 fnt\n|-unboost|p2a: Kitty :3|spe|1\n|-enditem|p2a: Kitty :3|Aguav Berry|[eat]\n|-heal|p2a: Kitty :3|38\/100|[from] item: Aguav Berry\n|faint|p2b: Bird is the Word\n|-end|p2b: Bird is the Word|Quark Drive|[silent]\n|move|p1b: Goodra|Flash Cannon|p2a: Kitty :3\n|-supereffective|p2a: Kitty :3\n|-damage|p2a: Kitty :3|0 fnt\n|faint|p2a: Kitty :3\n|\n|upkeep\n|\n|t:|1700255654\n|switch|p2b: Tom Cruise|Kingambit, M|100\/100\n|switch|p2a: Scyther|Scyther, F|100\/100\n|-activate|p2b: Tom Cruise|ability: Supreme Overlord\n|-start|p2b: Tom Cruise|fallen4|[silent]\n|turn|7\n|\n|t:|1700255664\n|move|p1a: Regieleki|Electroweb|p2a: Scyther|[spread] p2a,p2b\n|-supereffective|p2a: Scyther\n|-damage|p2a: Scyther|26\/100\n|-damage|p2b: Tom Cruise|61\/100\n|-unboost|p2a: Scyther|spe|1\n|-unboost|p2b: Tom Cruise|spe|1\n|move|p2a: Scyther|Tailwind|p2a: Scyther\n|-sidestart|p2: cooltrocity|move: Tailwind\n|move|p2b: Tom Cruise|Swords Dance|p2b: Tom Cruise\n|-boost|p2b: Tom Cruise|atk|2\n|move|p1b: Goodra|Body Press|p2b: Tom Cruise\n|-supereffective|p2b: Tom Cruise\n|-damage|p2b: Tom Cruise|0 fnt\n|faint|p2b: Tom Cruise\n|-end|p2b: Tom Cruise|fallen4|[silent]\n|\n|upkeep\n|turn|8\n|c|\u2606Elite.4.Challenger|gg\n|\n|t:|1700255680\n|move|p1a: Regieleki|Electroweb|p2a: Scyther\n|-supereffective|p2a: Scyther\n|-damage|p2a: Scyther|0 fnt\n|faint|p2a: Scyther\n|\n|win|Elite.4.Challenger\n|raw|Elite.4.Challenger's rating: 1368 &rarr; <strong>1388<\/strong><br \/>(+20 for winning)\n|raw|cooltrocity's rating: 1369 &rarr; <strong>1349<\/strong><br \/>(-20 for losing)\n|c|\u2606cooltrocity|Gg nice team\n|c|\u2606cooltrocity|Good luck with it\n|c|\u2606Elite.4.Challenger|thx\n","uploadtime":1700255702,"views":5,"p1id":"elite4challenger","p2id":"cooltrocity","formatid":"gen9doublesou","rating":1349,"private":0,"password":""}