{"id":"gen9doublesou-1969194262","p1":"lonelyzombi3","p2":"BriefMarigold4","format":"[Gen 9] Doubles OU","log":"|j|\u2606lonelyzombi3\n|j|\u2606BriefMarigold4\n|t:|1697499076\n|gametype|doubles\n|player|p1|lonelyzombi3|unknown|1640\n|player|p2|BriefMarigold4|2|1590\n|teamsize|p1|6\n|teamsize|p2|6\n|gen|9\n|tier|[Gen 9] Doubles OU\n|rated|\n|rule|Species Clause: Limit one of each Pok\u00e9mon\n|rule|OHKO Clause: OHKO moves are banned\n|rule|Evasion Moves Clause: Evasion moves are banned\n|rule|Gravity Sleep Clause: The combination of sleep-inducing moves with imperfect accuracy and Gravity or Gigantamax Orbeetle are banned\n|rule|Endless Battle Clause: Forcing endless battles is banned\n|rule|HP Percentage Mod: HP is shown in percentages\n|clearpoke\n|poke|p1|Grimmsnarl, M|\n|poke|p1|Arcanine-Hisui, F|\n|poke|p1|Rillaboom, F|\n|poke|p1|Volcarona, F|\n|poke|p1|Dragapult, F|\n|poke|p1|Amoonguss, F|\n|poke|p2|Cresselia, F|\n|poke|p2|Volcanion|\n|poke|p2|Landorus-Therian, M|\n|poke|p2|Amoonguss, M|\n|poke|p2|Rillaboom, F|\n|poke|p2|Snorlax, M|\n|teampreview\n|\n|t:|1697499121\n|start\n|switch|p1a: Arcanine|Arcanine-Hisui, F|100\/100\n|switch|p1b: Grimmsnarl|Grimmsnarl, M|100\/100\n|switch|p2a: *boom vine effect*|Landorus-Therian, M|100\/100\n|switch|p2b: demomanlaugh.wav|Rillaboom, F|100\/100\n|-ability|p2a: *boom vine effect*|Intimidate|boost\n|-unboost|p1a: Arcanine|atk|1\n|-unboost|p1b: Grimmsnarl|atk|1\n|-ability|p1a: Arcanine|Intimidate|boost\n|-unboost|p2a: *boom vine effect*|atk|1\n|-unboost|p2b: demomanlaugh.wav|atk|1\n|-fieldstart|move: Grassy Terrain|[from] ability: Grassy Surge|[of] p2b: demomanlaugh.wav\n|turn|1\n|\n|t:|1697499145\n|switch|p1a: Rillaboom|Rillaboom, F|100\/100\n|switch|p1b: Volcarona|Volcarona, F|100\/100\n|move|p2b: demomanlaugh.wav|Fake Out|p1b: Volcarona\n|-damage|p1b: Volcarona|89\/100\n|move|p2a: *boom vine effect*|Stomping Tantrum|p1b: Volcarona\n|-damage|p1b: Volcarona|53\/100\n|\n|-heal|p1b: Volcarona|59\/100|[from] Grassy Terrain\n|upkeep\n|turn|2\n|\n|t:|1697499170\n|switch|p2a: \u0d9e|Amoonguss, M|100\/100\n|switch|p1a: Arcanine|Arcanine-Hisui, F|100\/100\n|-ability|p1a: Arcanine|Intimidate|boost\n|-unboost|p2a: \u0d9e|atk|1\n|-unboost|p2b: demomanlaugh.wav|atk|1\n|switch|p2b: Absolute Fatass|Snorlax, M|100\/100\n|move|p1b: Volcarona|Quiver Dance|p1b: Volcarona\n|-boost|p1b: Volcarona|spa|1\n|-boost|p1b: Volcarona|spd|1\n|-boost|p1b: Volcarona|spe|1\n|\n|-heal|p1b: Volcarona|66\/100|[from] Grassy Terrain\n|upkeep\n|turn|3\n|\n|t:|1697499192\n|-terastallize|p2b: Absolute Fatass|Poison\n|move|p1b: Volcarona|Giga Drain|p2b: Absolute Fatass\n|-resisted|p2b: Absolute Fatass\n|-damage|p2b: Absolute Fatass|84\/100\n|-heal|p1b: Volcarona|78\/100|[from] drain|[of] p2b: Absolute Fatass\n|move|p1a: Arcanine|Flare Blitz|p2a: \u0d9e\n|-supereffective|p2a: \u0d9e\n|-damage|p2a: \u0d9e|7\/100\n|-status|p2a: \u0d9e|brn\n|-enditem|p2a: \u0d9e|Sitrus Berry|[eat]\n|-heal|p2a: \u0d9e|31\/100 brn|[from] item: Sitrus Berry\n|-damage|p1a: Arcanine|66\/100|[from] Recoil\n|move|p2b: Absolute Fatass|Belly Drum|p2b: Absolute Fatass\n|-damage|p2b: Absolute Fatass|34\/100\n|-setboost|p2b: Absolute Fatass|atk|6|[from] move: Belly Drum\n|move|p2a: \u0d9e|Pollen Puff|p2b: Absolute Fatass\n|-heal|p2b: Absolute Fatass|84\/100\n|\n|-heal|p1b: Volcarona|84\/100|[from] Grassy Terrain\n|-heal|p1a: Arcanine|72\/100|[from] Grassy Terrain\n|-heal|p2b: Absolute Fatass|91\/100|[from] Grassy Terrain\n|-heal|p2b: Absolute Fatass|97\/100|[from] item: Leftovers\n|-heal|p2a: \u0d9e|37\/100 brn|[from] Grassy Terrain\n|-damage|p2a: \u0d9e|31\/100 brn|[from] brn\n|upkeep\n|turn|4\n|c|\u2606BriefMarigold4|aw ye\n|\n|t:|1697499221\n|switch|p2a: 30%|Volcanion|100\/100\n|move|p1b: Volcarona|Protect|p1b: Volcarona\n|-singleturn|p1b: Volcarona|Protect\n|move|p1a: Arcanine|Flare Blitz|p2b: Absolute Fatass\n|-damage|p2b: Absolute Fatass|75\/100\n|-damage|p1a: Arcanine|62\/100|[from] Recoil\n|move|p2b: Absolute Fatass|High Horsepower|p1a: Arcanine\n|-supereffective|p1a: Arcanine\n|-damage|p1a: Arcanine|0 fnt\n|faint|p1a: Arcanine\n|\n|-heal|p1b: Volcarona|90\/100|[from] Grassy Terrain\n|-heal|p2b: Absolute Fatass|81\/100|[from] Grassy Terrain\n|-heal|p2b: Absolute Fatass|87\/100|[from] item: Leftovers\n|upkeep\n|\n|t:|1697499243\n|switch|p1a: Grimmsnarl|Grimmsnarl, M|100\/100\n|turn|5\n|\n|t:|1697499250\n|switch|p2a: demomanlaugh.wav|Rillaboom, F|100\/100\n|move|p2b: Absolute Fatass|Protect|p2b: Absolute Fatass\n|-singleturn|p2b: Absolute Fatass|Protect\n|move|p1a: Grimmsnarl|Fake Out|p2b: Absolute Fatass\n|-activate|p2b: Absolute Fatass|move: Protect\n|move|p1b: Volcarona|Quiver Dance|p1b: Volcarona\n|-boost|p1b: Volcarona|spa|1\n|-boost|p1b: Volcarona|spd|1\n|-boost|p1b: Volcarona|spe|1\n|\n|-heal|p1b: Volcarona|96\/100|[from] Grassy Terrain\n|-heal|p2b: Absolute Fatass|94\/100|[from] Grassy Terrain\n|-heal|p2b: Absolute Fatass|99\/100|[from] item: Leftovers\n|-fieldend|move: Grassy Terrain\n|upkeep\n|turn|6\n|\n|t:|1697499273\n|switch|p1a: Rillaboom|Rillaboom, F|100\/100\n|-fieldstart|move: Grassy Terrain|[from] ability: Grassy Surge|[of] p1a: Rillaboom\n|move|p1b: Volcarona|Protect|p1b: Volcarona\n|-singleturn|p1b: Volcarona|Protect\n|move|p2a: demomanlaugh.wav|Fake Out|p1a: Rillaboom\n|-damage|p1a: Rillaboom|86\/100\n|move|p2b: Absolute Fatass|High Horsepower|p1a: Rillaboom\n|-resisted|p1a: Rillaboom\n|-damage|p1a: Rillaboom|20\/100\n|\n|-heal|p1b: Volcarona|100\/100|[from] Grassy Terrain\n|-heal|p1a: Rillaboom|27\/100|[from] Grassy Terrain\n|-heal|p2b: Absolute Fatass|100\/100|[from] Grassy Terrain\n|upkeep\n|turn|7\n|\n|t:|1697499291\n|switch|p2a: *boom vine effect*|Landorus-Therian, M|100\/100\n|-ability|p2a: *boom vine effect*|Intimidate|boost\n|-unboost|p1a: Rillaboom|atk|1\n|-unboost|p1b: Volcarona|atk|1\n|move|p1a: Rillaboom|Fake Out|p2b: Absolute Fatass\n|-damage|p2b: Absolute Fatass|93\/100\n|move|p1b: Volcarona|Fiery Dance|p2b: Absolute Fatass\n|-damage|p2b: Absolute Fatass|65\/100\n|-boost|p1b: Volcarona|spa|1\n|cant|p2b: Absolute Fatass|flinch\n|\n|-heal|p1a: Rillaboom|33\/100|[from] Grassy Terrain\n|-heal|p2b: Absolute Fatass|71\/100|[from] Grassy Terrain\n|-heal|p2b: Absolute Fatass|77\/100|[from] item: Leftovers\n|upkeep\n|turn|8\n|\n|t:|1697499317\n|switch|p1a: Amoonguss|Amoonguss, F|100\/100\n|move|p1b: Volcarona|Protect|p1b: Volcarona\n|-singleturn|p1b: Volcarona|Protect\n|move|p2a: *boom vine effect*|U-turn|p1a: Amoonguss\n|-damage|p1a: Amoonguss|76\/100\n|\n|t:|1697499324\n|switch|p2a: demomanlaugh.wav|Rillaboom, F|100\/100|[from] U-turn\n|move|p2b: Absolute Fatass|Body Slam|p1b: Volcarona\n|-activate|p1b: Volcarona|move: Protect\n|\n|-heal|p2b: Absolute Fatass|83\/100|[from] Grassy Terrain\n|-heal|p2b: Absolute Fatass|90\/100|[from] item: Leftovers\n|-heal|p1a: Amoonguss|82\/100|[from] Grassy Terrain\n|upkeep\n|turn|9\n|\n|t:|1697499362\n|move|p2a: demomanlaugh.wav|Fake Out|p1a: Amoonguss\n|-damage|p1a: Amoonguss|71\/100\n|cant|p1a: Amoonguss|flinch\n|move|p1b: Volcarona|Fiery Dance|p2b: Absolute Fatass\n|-damage|p2b: Absolute Fatass|59\/100\n|-boost|p1b: Volcarona|spa|1\n|move|p2b: Absolute Fatass|High Horsepower|p1a: Amoonguss\n|-damage|p1a: Amoonguss|0 fnt\n|faint|p1a: Amoonguss\n|\n|-heal|p2b: Absolute Fatass|65\/100|[from] Grassy Terrain\n|-heal|p2b: Absolute Fatass|72\/100|[from] item: Leftovers\n|upkeep\n|\n|t:|1697499379\n|switch|p1a: Grimmsnarl|Grimmsnarl, M|100\/100\n|turn|10\n|\n|t:|1697499399\n|switch|p2a: 30%|Volcanion|100\/100\n|move|p2b: Absolute Fatass|Protect|p2b: Absolute Fatass\n|-singleturn|p2b: Absolute Fatass|Protect\n|move|p1a: Grimmsnarl|Fake Out|p2b: Absolute Fatass\n|-activate|p2b: Absolute Fatass|move: Protect\n|move|p1b: Volcarona|Fiery Dance|p2b: Absolute Fatass\n|-activate|p2b: Absolute Fatass|move: Protect\n|\n|-heal|p2b: Absolute Fatass|78\/100|[from] Grassy Terrain\n|-heal|p2b: Absolute Fatass|84\/100|[from] item: Leftovers\n|-fieldend|move: Grassy Terrain\n|upkeep\n|turn|11\n|c|\u2606BriefMarigold4|tera poison Snorlax on its way to do absolutely nothing to the gigantic setup sweeper during the entirety of the game\n|\n|t:|1697499477\n|move|p1b: Volcarona|Protect|p1b: Volcarona\n|-singleturn|p1b: Volcarona|Protect\n|move|p1a: Grimmsnarl|Parting Shot|p2a: 30%\n|-unboost|p2a: 30%|atk|1\n|-unboost|p2a: 30%|spa|1\n|\n|t:|1697499498\n|switch|p1a: Rillaboom|Rillaboom, F|33\/100|[from] Parting Shot\n|-fieldstart|move: Grassy Terrain|[from] ability: Grassy Surge|[of] p1a: Rillaboom\n|move|p2a: 30%|Heat Wave|p1a: Rillaboom|[spread] p1a\n|-activate|p1b: Volcarona|move: Protect\n|-supereffective|p1a: Rillaboom\n|-damage|p1a: Rillaboom|0 fnt\n|faint|p1a: Rillaboom\n|move|p2b: Absolute Fatass|Body Slam|p1b: Volcarona\n|-activate|p1b: Volcarona|move: Protect\n|\n|-heal|p2b: Absolute Fatass|90\/100|[from] Grassy Terrain\n|-heal|p2b: Absolute Fatass|97\/100|[from] item: Leftovers\n|upkeep\n|\n|t:|1697499503\n|switch|p1a: Grimmsnarl|Grimmsnarl, M|100\/100\n|turn|12\n|\n|t:|1697499514\n|switch|p2a: *boom vine effect*|Landorus-Therian, M|100\/100\n|-ability|p2a: *boom vine effect*|Intimidate|boost\n|-unboost|p1a: Grimmsnarl|atk|1\n|-unboost|p1b: Volcarona|atk|1\n|move|p2b: Absolute Fatass|Protect|p2b: Absolute Fatass\n|-singleturn|p2b: Absolute Fatass|Protect\n|move|p1a: Grimmsnarl|Fake Out|p2b: Absolute Fatass\n|-activate|p2b: Absolute Fatass|move: Protect\n|move|p1b: Volcarona|Quiver Dance|p1b: Volcarona\n|-boost|p1b: Volcarona|spa|1\n|-boost|p1b: Volcarona|spd|1\n|-boost|p1b: Volcarona|spe|1\n|\n|-heal|p2b: Absolute Fatass|100\/100|[from] Grassy Terrain\n|upkeep\n|turn|13\n|\n|t:|1697499549\n|move|p1a: Grimmsnarl|Parting Shot|p2b: Absolute Fatass\n|-unboost|p2b: Absolute Fatass|atk|1\n|-unboost|p2b: Absolute Fatass|spa|1\n|\n|t:|1697499604\n|switch|p1a: Dragapult|Dragapult, F|100\/100|[from] Parting Shot\n|move|p1b: Volcarona|Fiery Dance|p2b: Absolute Fatass\n|-damage|p2b: Absolute Fatass|56\/100\n|move|p2a: *boom vine effect*|Stone Edge|p1b: Volcarona\n|-supereffective|p1b: Volcarona\n|-damage|p1b: Volcarona|0 fnt\n|faint|p1b: Volcarona\n|move|p2b: Absolute Fatass|High Horsepower|p1a: Dragapult\n|-damage|p1a: Dragapult|0 fnt\n|faint|p1a: Dragapult\n|\n|-heal|p2b: Absolute Fatass|62\/100|[from] Grassy Terrain\n|-heal|p2b: Absolute Fatass|68\/100|[from] item: Leftovers\n|upkeep\n|-message|lonelyzombi3 forfeited.\n|\n|win|BriefMarigold4\n|raw|lonelyzombi3's rating: 1640 &rarr; <strong>1617<\/strong><br \/>(-23 for losing)\n|raw|BriefMarigold4's rating: 1590 &rarr; <strong>1613<\/strong><br \/>(+23 for winning)\n|l|\u2606lonelyzombi3\n","uploadtime":1697499614,"views":16,"p1id":"lonelyzombi3","p2id":"briefmarigold4","formatid":"gen9doublesou","rating":1613,"private":0,"password":""}