{"id":"gen9doublesou-1997135662","p1":"Cryptic_Brawler","p2":"The Arkanum","format":"[Gen 9] Doubles OU","log":"|j|\u2606Cryptic_Brawler\n|j|\u2606The Arkanum\n|t:|1700768096\n|gametype|doubles\n|player|p1|Cryptic_Brawler|ghetsis-gen5bw|1069\n|player|p2|The Arkanum|lusamine-nihilego|1103\n|teamsize|p1|6\n|teamsize|p2|6\n|gen|9\n|tier|[Gen 9] Doubles OU\n|rated|\n|rule|Species Clause: Limit one of each Pok\u00e9mon\n|rule|OHKO Clause: OHKO moves are banned\n|rule|Evasion Moves Clause: Evasion moves are banned\n|rule|Gravity Sleep Clause: The combination of sleep-inducing moves with imperfect accuracy and Gravity or Gigantamax Orbeetle are banned\n|rule|Endless Battle Clause: Forcing endless battles is banned\n|rule|HP Percentage Mod: HP is shown in percentages\n|clearpoke\n|poke|p1|Meowscarada, F|\n|poke|p1|Krookodile, F|\n|poke|p1|Milotic, F|\n|poke|p1|Iron Valiant|\n|poke|p1|Gliscor, F|\n|poke|p1|Dragapult, M|\n|poke|p2|Trevenant, M|\n|poke|p2|Ninetales, F|\n|poke|p2|Chandelure, F|\n|poke|p2|Typhlosion-Hisui, M|\n|poke|p2|Arboliva, M|\n|poke|p2|Torkoal, M|\n|teampreview\n|\n|t:|1700768106\n|start\n|switch|p1a: Meowscarada|Meowscarada, F|100\/100\n|switch|p1b: Krookodile|Krookodile, F|100\/100\n|switch|p2a: Typhlosion|Typhlosion-Hisui, M|100\/100\n|switch|p2b: Torkoal|Torkoal, M|100\/100\n|-item|p1a: Meowscarada|Focus Sash|[from] ability: Frisk|[of] p2a: Typhlosion|[identify]\n|-item|p1b: Krookodile|Choice Scarf|[from] ability: Frisk|[of] p2a: Typhlosion|[identify]\n|-weather|SunnyDay|[from] ability: Drought|[of] p2b: Torkoal\n|turn|1\n|\n|t:|1700768125\n|-terastallize|p1b: Krookodile|Steel\n|move|p1b: Krookodile|Earthquake|p2b: Torkoal|[spread] p1a,p2a,p2b\n|-resisted|p1a: Meowscarada\n|-supereffective|p2a: Typhlosion\n|-supereffective|p2b: Torkoal\n|-damage|p1a: Meowscarada|71\/100\n|-damage|p2a: Typhlosion|0 fnt\n|-damage|p2b: Torkoal|56\/100\n|faint|p2a: Typhlosion\n|move|p1a: Meowscarada|Flower Trick|p1b: Krookodile\n|-start|p1a: Meowscarada|typechange|Grass|[from] ability: Protean\n|-resisted|p1b: Krookodile\n|-crit|p1b: Krookodile\n|-damage|p1b: Krookodile|72\/100\n|-setboost|p1b: Krookodile|atk|6|[from] ability: Anger Point\n|move|p2b: Torkoal|Eruption|p1b: Krookodile|[spread] p1a,p1b\n|-supereffective|p1a: Meowscarada\n|-supereffective|p1b: Krookodile\n|-damage|p1a: Meowscarada|0 fnt\n|-damage|p1b: Krookodile|0 fnt\n|faint|p1a: Meowscarada\n|faint|p1b: Krookodile\n|\n|-weather|SunnyDay|[upkeep]\n|upkeep\n|c|\u2606Cryptic_Brawler|yo im not gonna lie\n|c|\u2606Cryptic_Brawler|thats not how it was supposed to go\n|c|\u2606Cryptic_Brawler|im testing a new team\n|\n|t:|1700768161\n|switch|p1a: Gliscor|Gliscor, F|100\/100\n|switch|p2a: Trevenant|Trevenant, M|100\/100\n|switch|p1b: Milotic|Milotic, F|100\/100\n|turn|2\n|c|\u2606The Arkanum|yeah, speed thing\n|c|\u2606Cryptic_Brawler|i was so baffled until i realized choice scarf was on krook\n|\n|t:|1700768181\n|move|p1a: Gliscor|Tailwind|p1a: Gliscor\n|-sidestart|p1: Cryptic_Brawler|move: Tailwind\n|move|p1b: Milotic|Icy Wind|p2a: Trevenant|[spread] p2a,p2b\n|-supereffective|p2a: Trevenant\n|-crit|p2a: Trevenant\n|-resisted|p2b: Torkoal\n|-damage|p2a: Trevenant|81\/100\n|-damage|p2b: Torkoal|50\/100\n|-unboost|p2a: Trevenant|spe|1\n|-unboost|p2b: Torkoal|spe|1\n|move|p2a: Trevenant|Leech Seed|p1b: Milotic\n|-start|p1b: Milotic|move: Leech Seed\n|move|p2b: Torkoal|Will-O-Wisp|p1a: Gliscor\n|-status|p1a: Gliscor|brn\n|\n|-weather|SunnyDay|[upkeep]\n|-damage|p1b: Milotic|88\/100|[from] Leech Seed|[of] p2a: Trevenant\n|-heal|p2a: Trevenant|94\/100|[silent]\n|-damage|p1a: Gliscor|94\/100 brn|[from] brn\n|-status|p1b: Milotic|brn|[from] item: Flame Orb\n|upkeep\n|turn|3\n|\n|t:|1700768205\n|switch|p1b: Dragapult|Dragapult, M|100\/100\n|move|p1a: Gliscor|Crabhammer|p2b: Torkoal\n|-supereffective|p2b: Torkoal\n|-damage|p2b: Torkoal|42\/100\n|move|p2a: Trevenant|Leech Seed|p1a: Gliscor\n|-start|p1a: Gliscor|move: Leech Seed\n|move|p2b: Torkoal|Rock Tomb|p1a: Gliscor\n|-damage|p1a: Gliscor|83\/100 brn\n|-unboost|p1a: Gliscor|spe|1\n|\n|-weather|SunnyDay|[upkeep]\n|-damage|p1a: Gliscor|71\/100 brn|[from] Leech Seed|[of] p2a: Trevenant\n|-heal|p2a: Trevenant|100\/100|[silent]\n|-damage|p1a: Gliscor|65\/100 brn|[from] brn\n|upkeep\n|turn|4\n|\n|t:|1700768230\n|move|p1b: Dragapult|Dragon Dance|p1b: Dragapult\n|-boost|p1b: Dragapult|atk|1\n|-boost|p1b: Dragapult|spe|1\n|move|p1a: Gliscor|Earthquake|p2a: Trevenant|[spread] p1b,p2a,p2b\n|-resisted|p2a: Trevenant\n|-supereffective|p2b: Torkoal\n|-damage|p1b: Dragapult|77\/100\n|-damage|p2a: Trevenant|91\/100\n|-damage|p2b: Torkoal|26\/100\n|move|p2a: Trevenant|Burning Jealousy|p1b: Dragapult|[spread] p1a,p1b\n|-resisted|p1b: Dragapult\n|-damage|p1a: Gliscor|47\/100 brn\n|-damage|p1b: Dragapult|69\/100\n|-status|p1b: Dragapult|brn\n|move|p2b: Torkoal|Will-O-Wisp|p1b: Dragapult\n|-fail|p1b: Dragapult|brn\n|\n|-weather|SunnyDay|[upkeep]\n|-damage|p1a: Gliscor|35\/100 brn|[from] Leech Seed|[of] p2a: Trevenant\n|-heal|p2a: Trevenant|100\/100|[silent]\n|-damage|p1b: Dragapult|63\/100 brn|[from] brn\n|-damage|p1a: Gliscor|28\/100 brn|[from] brn\n|upkeep\n|turn|5\n|\n|t:|1700768259\n|move|p1b: Dragapult|Sucker Punch||[still]\n|-fail|p1b: Dragapult\n|move|p1a: Gliscor|U-turn|p2a: Trevenant\n|-damage|p2a: Trevenant|90\/100\n|\n|t:|1700768265\n|switch|p1a: Milotic|Milotic, F|88\/100 brn|[from] U-turn\n|move|p2a: Trevenant|Leech Seed|p1b: Dragapult|[miss]\n|-miss|p2a: Trevenant|p1b: Dragapult\n|move|p2b: Torkoal|Rock Tomb|p1b: Dragapult\n|-damage|p1b: Dragapult|47\/100 brn\n|-unboost|p1b: Dragapult|spe|1\n|\n|-weather|none\n|-damage|p1b: Dragapult|41\/100 brn|[from] brn\n|-damage|p1a: Milotic|82\/100 brn|[from] brn\n|-sideend|p1: Cryptic_Brawler|move: Tailwind\n|upkeep\n|turn|6\n|\n|t:|1700768284\n|switch|p2b: Ninetales|Ninetales, F|100\/100\n|-weather|SunnyDay|[from] ability: Drought|[of] p2b: Ninetales\n|move|p1b: Dragapult|Dragon Dance|p1b: Dragapult\n|-boost|p1b: Dragapult|atk|1\n|-boost|p1b: Dragapult|spe|1\n|move|p1a: Milotic|Scald|p2b: Ninetales\n|-supereffective|p2b: Ninetales\n|-damage|p2b: Ninetales|68\/100\n|move|p2a: Trevenant|Forest's Curse|p1a: Milotic\n|-start|p1a: Milotic|typeadd|Grass|[from] move: Forest's Curse\n|\n|-weather|SunnyDay|[upkeep]\n|-damage|p1b: Dragapult|35\/100 brn|[from] brn\n|-damage|p1a: Milotic|76\/100 brn|[from] brn\n|upkeep\n|turn|7\n|c|\u2606Cryptic_Brawler|bro what is happening\n|c|\u2606Cryptic_Brawler|what are you doing to me\n|c|\u2606Cryptic_Brawler|this is cheats\n|c|\u2606Cryptic_Brawler|im doing negative damage\n|c|\u2606The Arkanum|just strats, sun is mitigating water damage\n|\n|t:|1700768320\n|move|p1b: Dragapult|Dragon Claw|p2b: Ninetales\n|-damage|p2b: Ninetales|0 fnt\n|faint|p2b: Ninetales\n|-damage|p1b: Dragapult|25\/100 brn|[from] item: Life Orb\n|move|p1a: Milotic|Icy Wind|p2a: Trevenant\n|-supereffective|p2a: Trevenant\n|-damage|p2a: Trevenant|72\/100\n|-unboost|p2a: Trevenant|spe|1\n|move|p2a: Trevenant|Forest's Curse|p1b: Dragapult\n|-start|p1b: Dragapult|typeadd|Grass|[from] move: Forest's Curse\n|\n|-weather|SunnyDay|[upkeep]\n|-damage|p1b: Dragapult|19\/100 brn|[from] brn\n|-damage|p1a: Milotic|70\/100 brn|[from] brn\n|upkeep\n|\n|t:|1700768333\n|switch|p2b: Chandelure|Chandelure, F|100\/100\n|turn|8\n|j| sansbeatings\n|\n|t:|1700768370\n|move|p1b: Dragapult|Sucker Punch||[still]\n|-fail|p1b: Dragapult\n|move|p1a: Milotic|Recover|p1a: Milotic\n|-heal|p1a: Milotic|100\/100 brn\n|move|p2a: Trevenant|Poltergeist|p1b: Dragapult\n|-activate|p1b: Dragapult|move: Poltergeist|Life Orb\n|-supereffective|p1b: Dragapult\n|-damage|p1b: Dragapult|0 fnt\n|faint|p1b: Dragapult\n|move|p2b: Chandelure|Trick Room|p2b: Chandelure\n|-fieldstart|move: Trick Room|[of] p2b: Chandelure\n|-enditem|p2b: Chandelure|Room Service\n|-unboost|p2b: Chandelure|spe|1|[from] item: Room Service\n|\n|-weather|SunnyDay|[upkeep]\n|-damage|p1a: Milotic|94\/100 brn|[from] brn\n|upkeep\n|\n|t:|1700768377\n|switch|p1b: Gliscor|Gliscor, F|28\/100 brn\n|turn|9\n|\n|t:|1700768412\n|move|p2a: Trevenant|Forest's Curse|p1b: Gliscor\n|-start|p1b: Gliscor|typeadd|Grass|[from] move: Forest's Curse\n|move|p2b: Chandelure|Heat Wave|p1b: Gliscor|[spread] p1b\n|-miss|p2b: Chandelure|p1a: Milotic\n|-supereffective|p1b: Gliscor\n|-damage|p1b: Gliscor|0 fnt\n|faint|p1b: Gliscor\n|move|p1a: Milotic|Icy Wind|p2a: Trevenant|[spread] p2a,p2b\n|-supereffective|p2a: Trevenant\n|-resisted|p2b: Chandelure\n|-damage|p2a: Trevenant|58\/100\n|-damage|p2b: Chandelure|97\/100\n|-unboost|p2a: Trevenant|spe|1\n|-unboost|p2b: Chandelure|spe|1\n|\n|-weather|SunnyDay|[upkeep]\n|-damage|p1a: Milotic|88\/100 brn|[from] brn\n|upkeep\n|\n|t:|1700768426\n|switch|p1b: Iron Valiant|Iron Valiant|100\/100\n|-enditem|p1b: Iron Valiant|Booster Energy\n|-activate|p1b: Iron Valiant|ability: Quark Drive|[fromitem]\n|-start|p1b: Iron Valiant|quarkdrivespe\n|turn|10\n|\n|t:|1700768450\n|move|p2a: Trevenant|Forest's Curse|p1b: Iron Valiant\n|-start|p1b: Iron Valiant|typeadd|Grass|[from] move: Forest's Curse\n|move|p2b: Chandelure|Heat Wave|p1a: Milotic|[spread] p1b\n|-miss|p2b: Chandelure|p1a: Milotic\n|-supereffective|p1b: Iron Valiant\n|-damage|p1b: Iron Valiant|0 fnt\n|faint|p1b: Iron Valiant\n|-end|p1b: Iron Valiant|Quark Drive|[silent]\n|move|p1a: Milotic|Scald|p2b: Chandelure\n|-supereffective|p2b: Chandelure\n|-damage|p2b: Chandelure|76\/100\n|\n|-weather|SunnyDay|[upkeep]\n|-damage|p1a: Milotic|82\/100 brn|[from] brn\n|upkeep\n|turn|11\n|\n|t:|1700768472\n|move|p2a: Trevenant|Poltergeist|p1a: Milotic\n|-activate|p1a: Milotic|move: Poltergeist|Flame Orb\n|-damage|p1a: Milotic|64\/100 brn\n|move|p2b: Chandelure|Heat Wave|p1a: Milotic\n|-damage|p1a: Milotic|18\/100 brn\n|move|p1a: Milotic|Recover|p1a: Milotic\n|-heal|p1a: Milotic|68\/100 brn\n|\n|-weather|SunnyDay|[upkeep]\n|-damage|p1a: Milotic|62\/100 brn|[from] brn\n|upkeep\n|turn|12\n|\n|t:|1700768487\n|move|p2a: Trevenant|Poltergeist|p1a: Milotic\n|-activate|p1a: Milotic|move: Poltergeist|Flame Orb\n|-damage|p1a: Milotic|42\/100 brn\n|move|p2b: Chandelure|Heat Wave|p1a: Milotic\n|-damage|p1a: Milotic|0 fnt\n|faint|p1a: Milotic\n|\n|win|The Arkanum\n|raw|Cryptic_Brawler's rating: 1069 &rarr; <strong>1051<\/strong><br \/>(-18 for losing)\n|raw|The Arkanum's rating: 1103 &rarr; <strong>1126<\/strong><br \/>(+23 for winning)\n|c|\u2606The Arkanum|gg ep\n|c|\u2606The Arkanum|wp*\n|c|\u2606Cryptic_Brawler|gg\n|l|\u2606Cryptic_Brawler\n","uploadtime":1700768507,"views":12,"p1id":"crypticbrawler","p2id":"thearkanum","formatid":"gen9doublesou","rating":1051,"private":0,"password":""}