{"id":"gen9doublesou-1972496674","p1":"shloppy_dome","p2":"Ghetsin'Time","format":"[Gen 9] Doubles OU","log":"|j|\u2606shloppy_dome\n|j|\u2606Ghetsin'Time\n|t:|1697849508\n|gametype|doubles\n|player|p1|shloppy_dome|265|1182\n|player|p2|Ghetsin'Time|ghetsis|1160\n|teamsize|p1|6\n|teamsize|p2|6\n|gen|9\n|tier|[Gen 9] Doubles OU\n|rated|\n|rule|Species Clause: Limit one of each Pok\u00e9mon\n|rule|OHKO Clause: OHKO moves are banned\n|rule|Evasion Moves Clause: Evasion moves are banned\n|rule|Gravity Sleep Clause: The combination of sleep-inducing moves with imperfect accuracy and Gravity or Gigantamax Orbeetle are banned\n|rule|Endless Battle Clause: Forcing endless battles is banned\n|rule|HP Percentage Mod: HP is shown in percentages\n|clearpoke\n|poke|p1|Palafin, M|\n|poke|p1|Pelipper, F|\n|poke|p1|Grimmsnarl, M|\n|poke|p1|Tornadus, M|\n|poke|p1|Goodra-Hisui, M|\n|poke|p1|Amoonguss, F|\n|poke|p2|Garchomp, M|\n|poke|p2|Kilowattrel, F|\n|poke|p2|Garganacl, M|\n|poke|p2|Sylveon, M|\n|poke|p2|Ceruledge, M|\n|poke|p2|Amoonguss, M|\n|teampreview\n|inactive|Battle timer is ON: inactive players will automatically lose when time's up. (requested by Ghetsin'Time)\n|\n|t:|1697849531\n|start\n|switch|p1a: Palafin|Palafin, M|100\/100\n|switch|p1b: Grimmsnarl|Grimmsnarl, M|100\/100\n|switch|p2a: Sylveon|Sylveon, M|100\/100\n|switch|p2b: Kilowattrel|Kilowattrel, F|100\/100\n|turn|1\n|\n|t:|1697849556\n|detailschange|p1a: Palafin|Palafin-Hero, M\n|switch|p1a: Goodra|Goodra-Hisui, M|100\/100\n|move|p2a: Sylveon|Protect|p2a: Sylveon\n|-singleturn|p2a: Sylveon|Protect\n|move|p1b: Grimmsnarl|Fake Out|p2a: Sylveon\n|-activate|p2a: Sylveon|move: Protect\n|move|p2b: Kilowattrel|Tailwind|p2b: Kilowattrel\n|-sidestart|p2: Ghetsin'Time|move: Tailwind\n|\n|upkeep\n|turn|2\n|inactive|shloppy_dome has 120 seconds left.\n|\n|t:|1697849595\n|switch|p2a: Garganacl|Garganacl, M|100\/100\n|move|p1b: Grimmsnarl|Parting Shot|p2b: Kilowattrel\n|-unboost|p2b: Kilowattrel|atk|1\n|-unboost|p2b: Kilowattrel|spa|1\n|\n|t:|1697849603\n|switch|p1b: Amoonguss|Amoonguss, F|100\/100|[from] Parting Shot\n|move|p2b: Kilowattrel|Thunderbolt|p1b: Amoonguss\n|-resisted|p1b: Amoonguss\n|-damage|p1b: Amoonguss|88\/100\n|move|p1a: Goodra|Muddy Water|p2b: Kilowattrel|[spread] p2a,p2b\n|-supereffective|p2a: Garganacl\n|-damage|p2a: Garganacl|72\/100\n|-damage|p2b: Kilowattrel|58\/100\n|\n|-heal|p2a: Garganacl|78\/100|[from] item: Leftovers\n|-heal|p1b: Amoonguss|94\/100|[from] item: Leftovers\n|upkeep\n|turn|3\n|\n|t:|1697849621\n|move|p2b: Kilowattrel|Protect|p2b: Kilowattrel\n|-singleturn|p2b: Kilowattrel|Protect\n|move|p1a: Goodra|Muddy Water|p2a: Garganacl|[spread] p2a\n|-activate|p2b: Kilowattrel|move: Protect\n|-supereffective|p2a: Garganacl\n|-damage|p2a: Garganacl|47\/100\n|-unboost|p2a: Garganacl|accuracy|1\n|move|p2a: Garganacl|Body Press|p1a: Goodra\n|-supereffective|p1a: Goodra\n|-damage|p1a: Goodra|57\/100\n|move|p1b: Amoonguss|Giga Drain|p2a: Garganacl\n|-supereffective|p2a: Garganacl\n|-damage|p2a: Garganacl|4\/100\n|-heal|p1b: Amoonguss|100\/100|[from] drain|[of] p2a: Garganacl\n|\n|-heal|p1a: Goodra|63\/100|[from] item: Leftovers\n|-heal|p2a: Garganacl|10\/100|[from] item: Leftovers\n|upkeep\n|turn|4\n|\n|t:|1697849649\n|move|p2b: Kilowattrel|Air Slash|p1b: Amoonguss\n|-supereffective|p1b: Amoonguss\n|-damage|p1b: Amoonguss|59\/100\n|move|p1a: Goodra|Muddy Water|p2a: Garganacl|[spread] p2a,p2b\n|-supereffective|p2a: Garganacl\n|-damage|p2a: Garganacl|0 fnt\n|-damage|p2b: Kilowattrel|18\/100\n|faint|p2a: Garganacl\n|cant|p1b: Amoonguss|flinch\n|\n|-heal|p1a: Goodra|69\/100|[from] item: Leftovers\n|-heal|p1b: Amoonguss|65\/100|[from] item: Leftovers\n|-sideend|p2: Ghetsin'Time|move: Tailwind\n|upkeep\n|inactive|Ghetsin'Time has 120 seconds left.\n|\n|t:|1697849663\n|switch|p2a: Garchomp|Garchomp, M|100\/100\n|turn|5\n|\n|t:|1697849680\n|switch|p1a: Tornadus|Tornadus, M|100\/100\n|move|p2b: Kilowattrel|Tailwind|p2b: Kilowattrel\n|-sidestart|p2: Ghetsin'Time|move: Tailwind\n|move|p2a: Garchomp|Earthquake|p1b: Amoonguss|[spread] p1b\n|-immune|p2b: Kilowattrel\n|-immune|p1a: Tornadus\n|-crit|p1b: Amoonguss\n|-damage|p1b: Amoonguss|0 fnt\n|faint|p1b: Amoonguss\n|\n|upkeep\n|inactive|shloppy_dome has 120 seconds left.\n|\n|t:|1697849704\n|switch|p1b: Grimmsnarl|Grimmsnarl, M|100\/100\n|turn|6\n|inactive|shloppy_dome has 120 seconds left.\n|\n|t:|1697849742\n|move|p1b: Grimmsnarl|Fake Out|p2b: Kilowattrel\n|-damage|p2b: Kilowattrel|0 fnt\n|faint|p2b: Kilowattrel\n|-damage|p1b: Grimmsnarl|91\/100|[from] item: Life Orb\n|move|p2a: Garchomp|Earthquake|p1b: Grimmsnarl|[spread] p1b\n|-immune|p1a: Tornadus\n|-damage|p1b: Grimmsnarl|14\/100\n|move|p1a: Tornadus|Bleakwind Storm|p2a: Garchomp\n|-damage|p2a: Garchomp|48\/100\n|\n|upkeep\n|\n|t:|1697849757\n|switch|p2b: Sylveon|Sylveon, M|100\/100\n|turn|7\n|\n|t:|1697849772\n|switch|p2a: Amoonguss|Amoonguss, M|100\/100\n|move|p1a: Tornadus|Taunt|p2b: Sylveon\n|-start|p2b: Sylveon|move: Taunt\n|move|p1b: Grimmsnarl|Parting Shot|p2a: Amoonguss\n|-unboost|p2a: Amoonguss|atk|1\n|-unboost|p2a: Amoonguss|spa|1\n|\n|t:|1697849785\n|switch|p1b: Pelipper|Pelipper, F|100\/100|[from] Parting Shot\n|-weather|RainDance|[from] ability: Drizzle|[of] p1b: Pelipper\n|move|p2b: Sylveon|Hyper Voice|p1b: Pelipper|[spread] p1a,p1b\n|-damage|p1a: Tornadus|52\/100\n|-damage|p1b: Pelipper|68\/100\n|-enditem|p2b: Sylveon|Throat Spray\n|-boost|p2b: Sylveon|spa|1|[from] item: Throat Spray\n|\n|-weather|RainDance|[upkeep]\n|upkeep\n|turn|8\n|\n|t:|1697849812\n|move|p2a: Amoonguss|Protect|p2a: Amoonguss\n|-singleturn|p2a: Amoonguss|Protect\n|move|p1a: Tornadus|Tailwind|p1a: Tornadus\n|-sidestart|p1: shloppy_dome|move: Tailwind\n|move|p2b: Sylveon|Hyper Voice|p1b: Pelipper|[spread] p1a,p1b\n|-damage|p1a: Tornadus|0 fnt\n|-damage|p1b: Pelipper|13\/100\n|faint|p1a: Tornadus\n|move|p1b: Pelipper|Hurricane|p2a: Amoonguss\n|-activate|p2a: Amoonguss|move: Protect\n|\n|-weather|RainDance|[upkeep]\n|-sideend|p2: Ghetsin'Time|move: Tailwind\n|upkeep\n|\n|t:|1697849820\n|switch|p1a: Goodra|Goodra-Hisui, M|69\/100\n|turn|9\n|inactive|Ghetsin'Time has 120 seconds left.\n|inactive|Ghetsin'Time has 90 seconds left.\n|\n|t:|1697849880\n|move|p2a: Amoonguss|Protect||[still]\n|-fail|p2a: Amoonguss\n|move|p1b: Pelipper|Ice Beam|p2a: Amoonguss\n|-supereffective|p2a: Amoonguss\n|-damage|p2a: Amoonguss|65\/100\n|move|p1a: Goodra|Thunder|p2b: Sylveon\n|-damage|p2b: Sylveon|75\/100\n|-status|p2b: Sylveon|par\n|cant|p2b: Sylveon|par\n|\n|-weather|RainDance|[upkeep]\n|-heal|p1a: Goodra|75\/100|[from] item: Leftovers\n|-heal|p2a: Amoonguss|71\/100|[from] item: Leftovers\n|-end|p2b: Sylveon|move: Taunt\n|upkeep\n|turn|10\n|\n|t:|1697849898\n|move|p2a: Amoonguss|Protect|p2a: Amoonguss\n|-singleturn|p2a: Amoonguss|Protect\n|move|p1b: Pelipper|Icy Wind|p2b: Sylveon|[spread] p2b\n|-activate|p2a: Amoonguss|move: Protect\n|-damage|p2b: Sylveon|65\/100 par\n|-unboost|p2b: Sylveon|spe|1\n|move|p1a: Goodra|Muddy Water|p2b: Sylveon|[spread] p2b\n|-activate|p2a: Amoonguss|move: Protect\n|-damage|p2b: Sylveon|41\/100 par\n|move|p2b: Sylveon|Hyper Voice|p1b: Pelipper|[spread] p1a,p1b\n|-damage|p1a: Goodra|40\/100\n|-damage|p1b: Pelipper|0 fnt\n|faint|p1b: Pelipper\n|\n|-weather|RainDance|[upkeep]\n|-heal|p1a: Goodra|46\/100|[from] item: Leftovers\n|-heal|p2a: Amoonguss|77\/100|[from] item: Leftovers\n|upkeep\n|\n|t:|1697849905\n|switch|p1b: Palafin|Palafin-Hero, M|100\/100\n|-activate|p1b: Palafin|ability: Zero to Hero\n|turn|11\n|inactive|Ghetsin'Time has 120 seconds left.\n|inactive|shloppy_dome has 120 seconds left.\n|\n|t:|1697849955\n|switch|p2b: Garchomp|Garchomp, M|48\/100\n|move|p1b: Palafin|Wave Crash|p2b: Garchomp\n|-damage|p2b: Garchomp|0 fnt\n|-damage|p1b: Palafin|88\/100|[from] ability: Rough Skin|[of] p2b: Garchomp\n|faint|p2b: Garchomp\n|-damage|p1b: Palafin|72\/100|[from] Recoil\n|move|p1a: Goodra|Thunder|p2a: Amoonguss\n|-resisted|p2a: Amoonguss\n|-damage|p2a: Amoonguss|66\/100\n|move|p2a: Amoonguss|Pollen Puff|p2: Garchomp|[notarget]\n|-fail|p2a: Amoonguss\n|\n|-weather|none\n|-heal|p1b: Palafin|78\/100|[from] item: Leftovers\n|-heal|p1a: Goodra|52\/100|[from] item: Leftovers\n|-heal|p2a: Amoonguss|72\/100|[from] item: Leftovers\n|-sideend|p1: shloppy_dome|move: Tailwind\n|upkeep\n|\n|t:|1697849967\n|switch|p2b: Ceruledge|Ceruledge, M|100\/100\n|turn|12\n|inactive|shloppy_dome has 120 seconds left.\n|\n|t:|1697849990\n|move|p2a: Amoonguss|Rage Powder|p2a: Amoonguss\n|-singleturn|p2a: Amoonguss|move: Rage Powder\n|move|p1b: Palafin|Bulk Up|p1b: Palafin\n|-boost|p1b: Palafin|atk|1\n|-boost|p1b: Palafin|def|1\n|move|p2b: Ceruledge|Swords Dance|p2b: Ceruledge\n|-boost|p2b: Ceruledge|atk|2\n|move|p1a: Goodra|Muddy Water|p2a: Amoonguss|[spread] p2b\n|-miss|p1a: Goodra|p2a: Amoonguss\n|-supereffective|p2b: Ceruledge\n|-damage|p2b: Ceruledge|46\/100\n|-unboost|p2b: Ceruledge|accuracy|1\n|\n|-heal|p1b: Palafin|84\/100|[from] item: Leftovers\n|-heal|p1a: Goodra|58\/100|[from] item: Leftovers\n|-heal|p2a: Amoonguss|78\/100|[from] item: Leftovers\n|upkeep\n|turn|13\n|inactive|shloppy_dome has 120 seconds left.\n|\n|t:|1697850032\n|-terastallize|p2b: Ceruledge|Grass\n|move|p1b: Palafin|Wave Crash|p2b: Ceruledge\n|-resisted|p2b: Ceruledge\n|-damage|p2b: Ceruledge|0 fnt\n|faint|p2b: Ceruledge\n|-damage|p1b: Palafin|71\/100|[from] Recoil\n|move|p1a: Goodra|Muddy Water|p2a: Amoonguss|[miss]\n|-miss|p1a: Goodra|p2a: Amoonguss\n|move|p2a: Amoonguss|Spore|p1b: Palafin\n|-status|p1b: Palafin|slp|[from] move: Spore\n|\n|-heal|p1b: Palafin|78\/100 slp|[from] item: Leftovers\n|-heal|p1a: Goodra|64\/100|[from] item: Leftovers\n|-heal|p2a: Amoonguss|84\/100|[from] item: Leftovers\n|upkeep\n|\n|t:|1697850037\n|switch|p2b: Sylveon|Sylveon, M|41\/100 par\n|turn|14\n|inactive|shloppy_dome has 120 seconds left.\n|\n|t:|1697850076\n|cant|p1b: Palafin|slp\n|move|p1a: Goodra|Muddy Water|p2a: Amoonguss|[spread] p2a,p2b\n|-resisted|p2a: Amoonguss\n|-damage|p2a: Amoonguss|76\/100\n|-damage|p2b: Sylveon|23\/100 par\n|move|p2a: Amoonguss|Pollen Puff|p2b: Sylveon\n|-heal|p2b: Sylveon|73\/100 par\n|move|p2b: Sylveon|Hyper Voice|p1b: Palafin|[spread] p1a,p1b\n|-damage|p1a: Goodra|39\/100\n|-damage|p1b: Palafin|38\/100 slp\n|\n|-heal|p1b: Palafin|44\/100 slp|[from] item: Leftovers\n|-heal|p1a: Goodra|45\/100|[from] item: Leftovers\n|-heal|p2a: Amoonguss|82\/100|[from] item: Leftovers\n|upkeep\n|turn|15\n|\n|t:|1697850098\n|move|p1a: Goodra|Protect|p1a: Goodra\n|-singleturn|p1a: Goodra|Protect\n|cant|p1b: Palafin|slp\n|move|p2a: Amoonguss|Pollen Puff|p1b: Palafin\n|-damage|p1b: Palafin|30\/100 slp\n|move|p2b: Sylveon|Hyper Voice|p1a: Goodra|[spread] p1b\n|-activate|p1a: Goodra|move: Protect\n|-damage|p1b: Palafin|0 fnt\n|faint|p1b: Palafin\n|\n|-heal|p1a: Goodra|51\/100|[from] item: Leftovers\n|-heal|p2a: Amoonguss|88\/100|[from] item: Leftovers\n|upkeep\n|\n|t:|1697850105\n|switch|p1b: Grimmsnarl|Grimmsnarl, M|14\/100\n|turn|16\n|inactive|shloppy_dome has 120 seconds left.\n|-message|shloppy_dome forfeited.\n|\n|win|Ghetsin'Time\n|raw|shloppy_dome's rating: 1182 &rarr; <strong>1155<\/strong><br \/>(-27 for losing)\n|raw|Ghetsin&apos;Time's rating: 1160 &rarr; <strong>1187<\/strong><br \/>(+27 for winning)\n|l|\u2606shloppy_dome\n","uploadtime":1697850130,"views":18,"p1id":"shloppydome","p2id":"ghetsintime","formatid":"gen9doublesou","rating":1155,"private":0,"password":""}