{"id":"gen9doublesou-1993436027","p1":"SD8008","p2":"Claushasblackduck","format":"[Gen 9] Doubles OU","log":"|j|\u2606SD8008\n|j|\u2606Claushasblackduck\n|t:|1700317642\n|gametype|doubles\n|player|p1|SD8008|acetrainerf|\n|player|p2|Claushasblackduck|101|\n|teamsize|p1|6\n|teamsize|p2|6\n|gen|9\n|tier|[Gen 9] Doubles OU\n|rule|Species Clause: Limit one of each Pok\u00e9mon\n|rule|OHKO Clause: OHKO moves are banned\n|rule|Evasion Moves Clause: Evasion moves are banned\n|rule|Gravity Sleep Clause: The combination of sleep-inducing moves with imperfect accuracy and Gravity or Gigantamax Orbeetle are banned\n|rule|Endless Battle Clause: Forcing endless battles is banned\n|rule|HP Percentage Mod: HP is shown in percentages\n|clearpoke\n|poke|p1|Iron Moth|\n|poke|p1|Salazzle, F|\n|poke|p1|Gengar, F|\n|poke|p1|Weezing-Galar, M|\n|poke|p1|Sneasler, F|\n|poke|p1|Amoonguss, M|\n|poke|p2|Iron Leaves|\n|poke|p2|Shaymin-Sky|\n|poke|p2|Decidueye, M|\n|poke|p2|Calyrex|\n|poke|p2|Sinistcha-Masterpiece|\n|poke|p2|Leavanny, F|\n|teampreview\n|inactive|Battle timer is ON: inactive players will automatically lose when time's up. (requested by SD8008)\n|\n|t:|1700317652\n|start\n|switch|p1a: Weezing|Weezing-Galar, M|100\/100\n|switch|p1b: Sneasler|Sneasler, F, shiny|100\/100\n|switch|p2a: Shaymin|Shaymin-Sky|100\/100\n|switch|p2b: Sinistcha|Sinistcha-Masterpiece|100\/100\n|-fieldstart|move: Misty Terrain|[from] ability: Misty Surge|[of] p1a: Weezing\n|-enditem|p1b: Sneasler|Misty Seed\n|-boost|p1b: Sneasler|spd|1|[from] item: Misty Seed\n|turn|1\n|j| CheeseofGods\n|\n|t:|1700317674\n|move|p1b: Sneasler|Swords Dance|p1b: Sneasler\n|-boost|p1b: Sneasler|atk|2\n|move|p2a: Shaymin|Air Slash|p1b: Sneasler\n|-supereffective|p1b: Sneasler\n|-damage|p1b: Sneasler|36\/100\n|move|p2b: Sinistcha|Shadow Ball|p1a: Weezing\n|-damage|p1a: Weezing|61\/100\n|move|p1a: Weezing|Heat Wave|p2a: Shaymin|[spread] p2a,p2b\n|-supereffective|p2a: Shaymin\n|-supereffective|p2b: Sinistcha\n|-damage|p2a: Shaymin|63\/100\n|-damage|p2b: Sinistcha|83\/100\n|\n|-heal|p2b: Sinistcha|89\/100|[from] item: Leftovers\n|-heal|p1a: Weezing|67\/100|[from] item: Black Sludge\n|upkeep\n|turn|2\n|\n|t:|1700317703\n|switch|p1a: Amoonguss|Amoonguss, M, shiny|100\/100\n|move|p1b: Sneasler|Acrobatics|p2a: Shaymin\n|-supereffective|p2a: Shaymin\n|-damage|p2a: Shaymin|0 fnt\n|faint|p2a: Shaymin\n|move|p2b: Sinistcha|Strength Sap|p1a: Amoonguss\n|-unboost|p1a: Amoonguss|atk|1\n|-heal|p2b: Sinistcha|100\/100\n|\n|upkeep\n|inactive|Claushasblackduck has 270 seconds left.\n|\n|t:|1700317730\n|switch|p2a: Iron Leaves|Iron Leaves|100\/100\n|turn|3\n|inactive|Claushasblackduck has 270 seconds left.\n|\n|t:|1700317744\n|move|p1b: Sneasler|Acrobatics|p2a: Iron Leaves\n|-supereffective|p2a: Iron Leaves\n|-damage|p2a: Iron Leaves|0 fnt\n|faint|p2a: Iron Leaves\n|-end|p2a: Iron Leaves|Quark Drive|[silent]\n|move|p2b: Sinistcha|Shadow Ball|p1b: Sneasler\n|-damage|p1b: Sneasler|1\/100\n|move|p1a: Amoonguss|Pollen Puff|p1b: Sneasler\n|-heal|p1b: Sneasler|51\/100\n|\n|upkeep\n|inactive|Claushasblackduck has 270 seconds left.\n|\n|t:|1700317758\n|switch|p2a: Calyrex|Calyrex|100\/100\n|-ability|p2a: Calyrex|Unnerve\n|turn|4\n|inactive|Claushasblackduck has 270 seconds left.\n|\n|t:|1700317782\n|move|p1b: Sneasler|Acrobatics|p2a: Calyrex\n|-supereffective|p2a: Calyrex\n|-damage|p2a: Calyrex|0 fnt\n|faint|p2a: Calyrex\n|move|p2b: Sinistcha|Shadow Ball|p1b: Sneasler\n|-damage|p1b: Sneasler|16\/100\n|move|p1a: Amoonguss|Pollen Puff|p1b: Sneasler\n|-heal|p1b: Sneasler|66\/100\n|\n|upkeep\n|inactive|Claushasblackduck has 270 seconds left.\n|\n|t:|1700317794\n|switch|p2a: Decidueye|Decidueye, M|100\/100\n|turn|5\n|inactive|Claushasblackduck has 270 seconds left.\n|inactive|SD8008 has 270 seconds left.\n|\n|t:|1700317842\n|move|p1b: Sneasler|Acrobatics|p2a: Decidueye\n|-supereffective|p2a: Decidueye\n|-damage|p2a: Decidueye|0 fnt\n|faint|p2a: Decidueye\n|move|p2b: Sinistcha|Shadow Ball|p1a: Amoonguss\n|-damage|p1a: Amoonguss|72\/100\n|move|p1a: Amoonguss|Pollen Puff|p1b: Sneasler\n|-heal|p1b: Sneasler|100\/100\n|\n|-fieldend|Misty Terrain\n|upkeep\n|inactive|Claushasblackduck has 270 seconds left.\n|\n|t:|1700317853\n|switch|p2a: Leavanny|Leavanny, F|100\/100\n|turn|6\n|inactive|SD8008 has 270 seconds left.\n|inactive|Claushasblackduck has 270 seconds left.\n|\n|t:|1700317880\n|move|p1b: Sneasler|Dire Claw|p2a: Leavanny\n|-supereffective|p2a: Leavanny\n|-enditem|p2a: Leavanny|Focus Sash\n|-damage|p2a: Leavanny|1\/100\n|move|p2a: Leavanny|Air Slash|p1b: Sneasler\n|-supereffective|p1b: Sneasler\n|-damage|p1b: Sneasler|81\/100\n|move|p2b: Sinistcha|Shadow Ball|p1b: Sneasler\n|-damage|p1b: Sneasler|45\/100\n|move|p1a: Amoonguss|Foul Play|p2b: Sinistcha\n|-supereffective|p2b: Sinistcha\n|-damage|p2b: Sinistcha|77\/100\n|\n|-heal|p2b: Sinistcha|83\/100|[from] item: Leftovers\n|upkeep\n|turn|7\n|inactive|SD8008 has 270 seconds left.\n|inactive|Claushasblackduck has 270 seconds left.\n|\n|t:|1700317910\n|switch|p1a: Gengar|Gengar, F|100\/100\n|-terastallize|p1b: Sneasler|Dark\n|-terastallize|p2a: Leavanny|Bug\n|move|p1b: Sneasler|Swords Dance|p1b: Sneasler\n|-boost|p1b: Sneasler|atk|2\n|move|p2a: Leavanny|Air Slash|p1b: Sneasler\n|-damage|p1b: Sneasler|35\/100\n|move|p2b: Sinistcha|Shadow Ball|p1b: Sneasler\n|-resisted|p1b: Sneasler\n|-damage|p1b: Sneasler|17\/100\n|-unboost|p1b: Sneasler|spd|1\n|\n|-heal|p2b: Sinistcha|89\/100|[from] item: Leftovers\n|upkeep\n|turn|8\n|inactive|SD8008 has 270 seconds left.\n|inactive|Claushasblackduck has 270 seconds left.\n|\n|t:|1700317936\n|switch|p1b: Amoonguss|Amoonguss, M, shiny|100\/100\n|move|p1a: Gengar|Perish Song|p1a: Gengar\n|-start|p1a: Gengar|perish3|[silent]\n|-start|p1b: Amoonguss|perish3|[silent]\n|-start|p2a: Leavanny|perish3|[silent]\n|-start|p2b: Sinistcha|perish3|[silent]\n|-fieldactivate|move: Perish Song\n|move|p2a: Leavanny|Air Slash|p1b: Amoonguss\n|-supereffective|p1b: Amoonguss\n|-damage|p1b: Amoonguss|80\/100\n|move|p2b: Sinistcha|Shadow Ball|p1b: Amoonguss\n|-damage|p1b: Amoonguss|52\/100\n|\n|-heal|p2b: Sinistcha|95\/100|[from] item: Leftovers\n|-start|p1a: Gengar|perish3\n|-start|p2a: Leavanny|perish3\n|-start|p2b: Sinistcha|perish3\n|-start|p1b: Amoonguss|perish3\n|upkeep\n|turn|9\n|inactive|Claushasblackduck has 270 seconds left.\n|\n|t:|1700317973\n|switch|p1a: Weezing|Weezing-Galar, M|67\/100\n|-fieldstart|move: Misty Terrain|[from] ability: Misty Surge|[of] p1a: Weezing\n|switch|p1b: Iron Moth|Iron Moth, shiny|100\/100\n|-enditem|p1b: Iron Moth|Booster Energy\n|-activate|p1b: Iron Moth|ability: Quark Drive|[fromitem]\n|-start|p1b: Iron Moth|quarkdrivespa\n|move|p2a: Leavanny|Air Slash|p1b: Iron Moth\n|-damage|p1b: Iron Moth|89\/100\n|move|p2b: Sinistcha|Shadow Ball|p1b: Iron Moth\n|-damage|p1b: Iron Moth|52\/100\n|\n|-heal|p2b: Sinistcha|100\/100|[from] item: Leftovers\n|-heal|p1a: Weezing|73\/100|[from] item: Black Sludge\n|-start|p2a: Leavanny|perish2\n|-start|p2b: Sinistcha|perish2\n|upkeep\n|turn|10\n|inactive|Claushasblackduck has 270 seconds left.\n|\n|t:|1700318004\n|switch|p1a: Amoonguss|Amoonguss, M, shiny|86\/100\n|move|p1b: Iron Moth|Protect|p1b: Iron Moth\n|-singleturn|p1b: Iron Moth|Protect\n|move|p2a: Leavanny|Air Slash|p1a: Amoonguss\n|-supereffective|p1a: Amoonguss\n|-damage|p1a: Amoonguss|68\/100\n|move|p2b: Sinistcha|Shadow Ball|p1b: Iron Moth\n|-activate|p1b: Iron Moth|move: Protect\n|\n|-start|p2a: Leavanny|perish1\n|-start|p2b: Sinistcha|perish1\n|upkeep\n|turn|11\n|inactive|Claushasblackduck has 270 seconds left.\n|\n|t:|1700318030\n|switch|p1a: Gengar|Gengar, F|100\/100\n|move|p1b: Iron Moth|Protect||[still]\n|-fail|p1b: Iron Moth\n|move|p2a: Leavanny|Air Slash|p1a: Gengar\n|-damage|p1a: Gengar|80\/100\n|move|p2b: Sinistcha|Scald|p1b: Iron Moth\n|-supereffective|p1b: Iron Moth\n|-damage|p1b: Iron Moth|0 fnt\n|faint|p1b: Iron Moth\n|-end|p1b: Iron Moth|Quark Drive|[silent]\n|\n|-start|p2a: Leavanny|perish0\n|-start|p2b: Sinistcha|perish0\n|faint|p2a: Leavanny\n|faint|p2b: Sinistcha\n|\n|win|SD8008\n|upkeep\n|c|\u2606SD8008|ggs\n|c|\u2606SD8008|sory\n|l|\u2606SD8008\n|j|\u2606SD8008\n|player|p1|SD8008|acetrainerf\n","uploadtime":1700318198,"views":6,"p1id":"sd8008","p2id":"claushasblackduck","formatid":"gen9doublesou","rating":0,"private":0,"password":""}