{"id":"gen9doublesou-1981345687","p1":"Haneoka_Meimi","p2":"Oreng3","format":"[Gen 9] Doubles OU","log":"|j|\u2606Haneoka_Meimi\n|j|\u2606Oreng3\n|t:|1698885895\n|gametype|doubles\n|player|p1|Haneoka_Meimi|2|1381\n|player|p2|Oreng3|gardenia|1473\n|teamsize|p1|6\n|teamsize|p2|6\n|gen|9\n|tier|[Gen 9] Doubles OU\n|rated|\n|rule|Species Clause: Limit one of each Pok\u00e9mon\n|rule|OHKO Clause: OHKO moves are banned\n|rule|Evasion Moves Clause: Evasion moves are banned\n|rule|Gravity Sleep Clause: The combination of sleep-inducing moves with imperfect accuracy and Gravity or Gigantamax Orbeetle are banned\n|rule|Endless Battle Clause: Forcing endless battles is banned\n|rule|HP Percentage Mod: HP is shown in percentages\n|clearpoke\n|poke|p1|Tornadus, M|\n|poke|p1|Ursaluna-Bloodmoon, M|\n|poke|p1|Chi-Yu|\n|poke|p1|Iron Hands|\n|poke|p1|Armarouge, M|\n|poke|p1|Indeedee-F, F|\n|poke|p2|Gastrodon-East, F|\n|poke|p2|Politoed, F|\n|poke|p2|Goodra-Hisui, M|\n|poke|p2|Shaymin-Sky|\n|poke|p2|Basculegion-F, F|\n|poke|p2|Walking Wake|\n|teampreview\n|inactive|Battle timer is ON: inactive players will automatically lose when time's up. (requested by Oreng3)\n|inactive|Haneoka_Meimi has 120 seconds left.\n|\n|t:|1698885937\n|start\n|switch|p1a: Armarouge|Armarouge, M|100\/100\n|switch|p1b: Indeedee|Indeedee-F, F|100\/100\n|switch|p2a: Gastrodon|Gastrodon-East, F, shiny|100\/100\n|switch|p2b: Politoed|Politoed, F, shiny|100\/100\n|-fieldstart|move: Psychic Terrain|[from] ability: Psychic Surge|[of] p1b: Indeedee\n|-weather|RainDance|[from] ability: Drizzle|[of] p2b: Politoed\n|turn|1\n|\n|t:|1698885953\n|-terastallize|p1a: Armarouge|Psychic\n|move|p1b: Indeedee|Helping Hand|p1a: Armarouge\n|-singleturn|p1a: Armarouge|Helping Hand|[of] p1b: Indeedee\n|move|p1a: Armarouge|Expanding Force|p2b: Politoed|[spread] p2a,p2b\n|-damage|p2a: Gastrodon|0 fnt\n|-damage|p2b: Politoed|0 fnt\n|faint|p2a: Gastrodon\n|faint|p2b: Politoed\n|\n|-weather|RainDance|[upkeep]\n|upkeep\n|\n|t:|1698885960\n|switch|p2b: Shaymin|Shaymin-Sky, shiny|100\/100\n|switch|p2a: Goodra|Goodra-Hisui, M, shiny|100\/100\n|turn|2\n|\n|t:|1698885977\n|switch|p1a: Chi-Yu|Chi-Yu|100\/100\n|-ability|p1a: Chi-Yu|Beads of Ruin\n|-terastallize|p2b: Shaymin|Fairy\n|move|p2b: Shaymin|Air Slash|p1b: Indeedee\n|-damage|p1b: Indeedee|63\/100\n|move|p2a: Goodra|Body Press|p1b: Indeedee\n|-damage|p1b: Indeedee|38\/100\n|cant|p1b: Indeedee|flinch\n|\n|-weather|RainDance|[upkeep]\n|-heal|p1b: Indeedee|44\/100|[from] item: Leftovers\n|upkeep\n|turn|3\n|\n|t:|1698885995\n|move|p1a: Chi-Yu|Protect|p1a: Chi-Yu\n|-singleturn|p1a: Chi-Yu|Protect\n|move|p2b: Shaymin|Earth Power|p1a: Chi-Yu\n|-activate|p1a: Chi-Yu|move: Protect\n|move|p2a: Goodra|Earthquake|p1b: Indeedee|[spread] p2b,p1b\n|-activate|p1a: Chi-Yu|move: Protect\n|-damage|p2b: Shaymin|69\/100\n|-damage|p1b: Indeedee|14\/100\n|move|p1b: Indeedee|Trick Room|p1b: Indeedee\n|-fieldstart|move: Trick Room|[of] p1b: Indeedee\n|\n|-weather|RainDance|[upkeep]\n|-heal|p1b: Indeedee|20\/100|[from] item: Leftovers\n|upkeep\n|turn|4\n|\n|t:|1698886021\n|switch|p1b: Iron Hands|Iron Hands|100\/100\n|switch|p1a: Armarouge|Armarouge, M, tera:Psychic|100\/100\n|move|p2a: Goodra|Earthquake|p1b: Iron Hands|[spread] p2b,p1a,p1b\n|-supereffective|p1b: Iron Hands\n|-damage|p2b: Shaymin|41\/100\n|-damage|p1a: Armarouge|78\/100\n|-damage|p1b: Iron Hands|68\/100\n|move|p2b: Shaymin|Air Slash|p1a: Armarouge\n|-damage|p1a: Armarouge|39\/100\n|\n|-weather|RainDance|[upkeep]\n|upkeep\n|turn|5\n|\n|t:|1698886039\n|move|p1b: Iron Hands|Drain Punch|p2a: Goodra\n|-supereffective|p2a: Goodra\n|-damage|p2a: Goodra|21\/100\n|-heal|p1b: Iron Hands|97\/100|[from] drain|[of] p2a: Goodra\n|move|p2a: Goodra|Earthquake|p1a: Armarouge|[spread] p2b,p1a,p1b\n|-supereffective|p1b: Iron Hands\n|-damage|p2b: Shaymin|10\/100\n|-damage|p1a: Armarouge|19\/100\n|-damage|p1b: Iron Hands|66\/100\n|move|p1a: Armarouge|Expanding Force|p2a: Goodra|[spread] p2a,p2b\n|-resisted|p2a: Goodra\n|-damage|p2a: Goodra|0 fnt\n|-damage|p2b: Shaymin|0 fnt\n|faint|p2a: Goodra\n|faint|p2b: Shaymin\n|\n|-weather|RainDance|[upkeep]\n|-fieldend|move: Psychic Terrain\n|upkeep\n|\n|t:|1698886042\n|switch|p2a: Basculegion|Basculegion-F, F, shiny|100\/100\n|switch|p2b: Walking Wake|Walking Wake|100\/100\n|turn|6\n|\n|t:|1698886061\n|move|p2a: Basculegion|Aqua Jet|p1a: Armarouge\n|-damage|p1a: Armarouge|0 fnt\n|faint|p1a: Armarouge\n|move|p1b: Iron Hands|Wild Charge|p2a: Basculegion\n|-supereffective|p2a: Basculegion\n|-damage|p2a: Basculegion|0 fnt\n|faint|p2a: Basculegion\n|-damage|p1b: Iron Hands|47\/100|[from] Recoil\n|move|p2b: Walking Wake|Hurricane|p1b: Iron Hands\n|-damage|p1b: Iron Hands|25\/100\n|\n|-weather|RainDance|[upkeep]\n|upkeep\n|\n|t:|1698886074\n|switch|p1a: Ursaluna|Ursaluna-Bloodmoon, M|100\/100\n|turn|7\n|\n|t:|1698886080\n|move|p1b: Iron Hands|Wild Charge|p2b: Walking Wake\n|-damage|p2b: Walking Wake|44\/100\n|-damage|p1b: Iron Hands|15\/100|[from] Recoil\n|move|p1a: Ursaluna|Blood Moon|p2b: Walking Wake\n|-damage|p2b: Walking Wake|0 fnt\n|faint|p2b: Walking Wake\n|-end|p2b: Walking Wake|Protosynthesis|[silent]\n|\n|win|Haneoka_Meimi\n|raw|Haneoka_Meimi's rating: 1381 &rarr; <strong>1406<\/strong><br \/>(+25 for winning)\n|raw|Oreng3's rating: 1473 &rarr; <strong>1448<\/strong><br \/>(-25 for losing)\n","uploadtime":1698886093,"views":23,"p1id":"haneokameimi","p2id":"oreng3","formatid":"gen9doublesou","rating":1406,"private":0,"password":""}