{"id":"gen9doublesou-1970549911","p1":"Mongoose556","p2":"timvk12","format":"[Gen 9] Doubles OU","log":"|j|\u2606Mongoose556\n|j|\u2606timvk12\n|t:|1697647593\n|gametype|doubles\n|player|p1|Mongoose556|may|1177\n|player|p2|timvk12|pokefan-gen4|1284\n|teamsize|p1|6\n|teamsize|p2|6\n|gen|9\n|tier|[Gen 9] Doubles OU\n|rated|\n|rule|Species Clause: Limit one of each Pok\u00e9mon\n|rule|OHKO Clause: OHKO moves are banned\n|rule|Evasion Moves Clause: Evasion moves are banned\n|rule|Gravity Sleep Clause: The combination of sleep-inducing moves with imperfect accuracy and Gravity or Gigantamax Orbeetle are banned\n|rule|Endless Battle Clause: Forcing endless battles is banned\n|rule|HP Percentage Mod: HP is shown in percentages\n|clearpoke\n|poke|p1|Chandelure, M|\n|poke|p1|Polteageist|\n|poke|p1|Gengar, F|\n|poke|p1|Sableye, M|\n|poke|p1|Trevenant, F|\n|poke|p1|Oricorio-Sensu, F|\n|poke|p2|Armarouge, F|\n|poke|p2|Flutter Mane|\n|poke|p2|Chi-Yu|\n|poke|p2|Torkoal, M|\n|poke|p2|Iron Hands|\n|poke|p2|Lilligant, F|\n|teampreview\n|inactive|Battle timer is ON: inactive players will automatically lose when time's up. (requested by Mongoose556)\n|\n|t:|1697647624\n|start\n|switch|p1a: Trog|Sableye, M|100\/100\n|switch|p1b: Gengar|Gengar, F, shiny|100\/100\n|switch|p2a: Lilligant|Lilligant, F, shiny|100\/100\n|switch|p2b: Chi-Yu|Chi-Yu|100\/100\n|-ability|p2b: Chi-Yu|Beads of Ruin\n|turn|1\n|inactive|Mongoose556 has 120 seconds left.\n|\n|t:|1697647657\n|move|p1a: Trog|Light Screen|p1a: Trog\n|-sidestart|p1: Mongoose556|move: Light Screen\n|move|p1b: Gengar|Sludge Bomb|p2b: Chi-Yu\n|-damage|p2b: Chi-Yu|47\/100\n|move|p2b: Chi-Yu|Nasty Plot|p2b: Chi-Yu\n|-boost|p2b: Chi-Yu|spa|2\n|move|p2a: Lilligant|Sleep Powder|p1a: Trog\n|-status|p1a: Trog|slp|[from] move: Sleep Powder\n|\n|-heal|p2b: Chi-Yu|53\/100|[from] item: Leftovers\n|upkeep\n|turn|2\n|inactive|timvk12 has 120 seconds left.\n|\n|t:|1697647691\n|move|p1b: Gengar|Sludge Bomb|p2b: Chi-Yu\n|-damage|p2b: Chi-Yu|0 fnt\n|faint|p2b: Chi-Yu\n|move|p2a: Lilligant|Pollen Puff|p2: Chi-Yu|[notarget]\n|-fail|p2a: Lilligant\n|cant|p1a: Trog|slp\n|\n|upkeep\n|inactive|timvk12 has 120 seconds left.\n|\n|t:|1697647699\n|switch|p2b: Flutter Mane|Flutter Mane, shiny|100\/100\n|turn|3\n|\n|t:|1697647717\n|-terastallize|p2b: Flutter Mane|Fairy\n|move|p2b: Flutter Mane|Shadow Ball|p1b: Gengar\n|-supereffective|p1b: Gengar\n|-enditem|p1b: Gengar|Focus Sash\n|-damage|p1b: Gengar|1\/100\n|-damage|p2b: Flutter Mane|91\/100|[from] item: Life Orb\n|move|p1b: Gengar|Sludge Bomb|p2a: Lilligant\n|-supereffective|p2a: Lilligant\n|-damage|p2a: Lilligant|0 fnt\n|faint|p2a: Lilligant\n|cant|p1a: Trog|slp\n|\n|upkeep\n|\n|t:|1697647728\n|switch|p2a: Torkoal|Torkoal, M, shiny|100\/100\n|-weather|SunnyDay|[from] ability: Drought|[of] p2a: Torkoal\n|-activate|p2b: Flutter Mane|ability: Protosynthesis\n|-start|p2b: Flutter Mane|protosynthesisspe\n|turn|4\n|\n|t:|1697647749\n|move|p2a: Torkoal|Protect|p2a: Torkoal\n|-singleturn|p2a: Torkoal|Protect\n|cant|p1a: Trog|slp\n|move|p2b: Flutter Mane|Dazzling Gleam|p1b: Gengar|[spread] p1a,p1b\n|-supereffective|p1a: Trog\n|-resisted|p1b: Gengar\n|-damage|p1a: Trog|7\/100 slp\n|-damage|p1b: Gengar|0 fnt\n|faint|p1b: Gengar\n|-damage|p2b: Flutter Mane|81\/100|[from] item: Life Orb\n|\n|-weather|SunnyDay|[upkeep]\n|upkeep\n|\n|t:|1697647765\n|switch|p1b: Arboreater|Trevenant, F, shiny|100\/100\n|turn|5\n|\n|t:|1697647778\n|move|p2b: Flutter Mane|Shadow Ball|p1b: Arboreater\n|-supereffective|p1b: Arboreater\n|-damage|p1b: Arboreater|17\/100\n|-enditem|p1b: Arboreater|Sitrus Berry|[eat]\n|-heal|p1b: Arboreater|41\/100|[from] item: Sitrus Berry\n|-damage|p2b: Flutter Mane|71\/100|[from] item: Life Orb\n|move|p1b: Arboreater|Poison Jab|p2b: Flutter Mane\n|-supereffective|p2b: Flutter Mane\n|-damage|p2b: Flutter Mane|0 fnt\n|faint|p2b: Flutter Mane\n|-end|p2b: Flutter Mane|Protosynthesis|[silent]\n|-curestatus|p1a: Trog|slp|[msg]\n|move|p1a: Trog|Poltergeist|p2a: Torkoal|[miss]\n|-miss|p1a: Trog|p2a: Torkoal\n|move|p2a: Torkoal|Eruption|p1b: Arboreater|[spread] p1a,p1b\n|-supereffective|p1b: Arboreater\n|-damage|p1a: Trog|0 fnt\n|-damage|p1b: Arboreater|0 fnt\n|faint|p1a: Trog\n|faint|p1b: Arboreater\n|\n|-weather|SunnyDay|[upkeep]\n|upkeep\n|\n|t:|1697647804\n|switch|p2b: Iron Hands|Iron Hands, shiny|100\/100\n|switch|p1b: Birdbrains|Oricorio-Sensu, F, shiny|100\/100\n|switch|p1a: Blaze Brewer|Chandelure, M, shiny|100\/100\n|turn|6\n|\n|t:|1697647829\n|move|p1a: Blaze Brewer|Flamethrower|p2b: Iron Hands\n|-damage|p2b: Iron Hands|64\/100\n|move|p1b: Birdbrains|Revelation Dance|p2a: Torkoal\n|-damage|p2a: Torkoal|35\/100\n|-damage|p1b: Birdbrains|91\/100|[from] item: Life Orb\n|move|p2b: Iron Hands|Wild Charge|p1b: Birdbrains\n|-supereffective|p1b: Birdbrains\n|-damage|p1b: Birdbrains|0 fnt\n|faint|p1b: Birdbrains\n|-damage|p2b: Iron Hands|49\/100|[from] Recoil\n|move|p2a: Torkoal|Earth Power|p1a: Blaze Brewer\n|-supereffective|p1a: Blaze Brewer\n|-damage|p1a: Blaze Brewer|55\/100\n|\n|-weather|SunnyDay|[upkeep]\n|upkeep\n|\n|t:|1697647839\n|switch|p1b: Machine Ghost|Polteageist|100\/100\n|turn|7\n|inactive|timvk12 has 120 seconds left.\n|\n|t:|1697647879\n|-terastallize|p1a: Blaze Brewer|Ghost\n|move|p1a: Blaze Brewer|Flamethrower|p2b: Iron Hands\n|-damage|p2b: Iron Hands|11\/100\n|move|p1b: Machine Ghost|Shadow Ball|p2b: Iron Hands\n|-damage|p2b: Iron Hands|0 fnt\n|faint|p2b: Iron Hands\n|-end|p2b: Iron Hands|Quark Drive|[silent]\n|move|p2a: Torkoal|Earth Power|p1a: Blaze Brewer\n|-damage|p1a: Blaze Brewer|31\/100\n|\n|-weather|SunnyDay|[upkeep]\n|upkeep\n|\n|t:|1697647886\n|switch|p2b: Armarouge|Armarouge, F, shiny|100\/100\n|turn|8\n|inactive|timvk12 has 120 seconds left.\n|\n|t:|1697647902\n|move|p1a: Blaze Brewer|Flamethrower|p2a: Torkoal\n|-resisted|p2a: Torkoal\n|-damage|p2a: Torkoal|0 fnt\n|faint|p2a: Torkoal\n|move|p2b: Armarouge|Armor Cannon|p1a: Blaze Brewer\n|-damage|p1a: Blaze Brewer|0 fnt\n|-unboost|p2b: Armarouge|def|1\n|-unboost|p2b: Armarouge|spd|1\n|faint|p1a: Blaze Brewer\n|move|p1b: Machine Ghost|Shadow Ball|p2b: Armarouge\n|-supereffective|p2b: Armarouge\n|-damage|p2b: Armarouge|0 fnt\n|faint|p2b: Armarouge\n|\n|win|Mongoose556\n|raw|Mongoose556's rating: 1177 &rarr; <strong>1209<\/strong><br \/>(+32 for winning)\n|raw|timvk12's rating: 1284 &rarr; <strong>1252<\/strong><br \/>(-32 for losing)\n|l|\u2606timvk12\n","uploadtime":1697648034,"views":12,"p1id":"mongoose556","p2id":"timvk12","formatid":"gen9doublesou","rating":1209,"private":0,"password":""}