{"id":"gen9doublesou-1974491892","p1":"Mait27","p2":"StalinRiseAgain","format":"[Gen 9] Doubles OU","log":"|j|\u2606Mait27\n|j|\u2606StalinRiseAgain\n|t:|1698091443\n|gametype|doubles\n|player|p1|Mait27|169|1411\n|player|p2|StalinRiseAgain|drayden|1559\n|teamsize|p1|6\n|teamsize|p2|6\n|gen|9\n|tier|[Gen 9] Doubles OU\n|rated|\n|rule|Species Clause: Limit one of each Pok\u00e9mon\n|rule|OHKO Clause: OHKO moves are banned\n|rule|Evasion Moves Clause: Evasion moves are banned\n|rule|Gravity Sleep Clause: The combination of sleep-inducing moves with imperfect accuracy and Gravity or Gigantamax Orbeetle are banned\n|rule|Endless Battle Clause: Forcing endless battles is banned\n|rule|HP Percentage Mod: HP is shown in percentages\n|clearpoke\n|poke|p1|Baxcalibur, F|\n|poke|p1|Torkoal, F|\n|poke|p1|Walking Wake|\n|poke|p1|Gholdengo|\n|poke|p1|Amoonguss, M|\n|poke|p1|Rillaboom, F|\n|poke|p2|Weezing, F|\n|poke|p2|Slaking, M|\n|poke|p2|Diancie|\n|poke|p2|Ceruledge, M|\n|poke|p2|Sinistcha-Masterpiece|\n|poke|p2|Rillaboom, M|\n|teampreview\n|\n|t:|1698091476\n|start\n|switch|p1a: Rillaboom|Rillaboom, F|100\/100\n|switch|p1b: Walking Wake|Walking Wake|100\/100\n|switch|p2a: Blue|Slaking, M|100\/100\n|switch|p2b: Sleezy|Weezing, F|100\/100\n|-ability|p2b: Sleezy|Neutralizing Gas\n|turn|1\n|inactive|Battle timer is ON: inactive players will automatically lose when time's up. (requested by StalinRiseAgain)\n|\n|t:|1698091503\n|-terastallize|p2a: Blue|Fairy\n|move|p2b: Sleezy|Protect|p2b: Sleezy\n|-singleturn|p2b: Sleezy|Protect\n|move|p1a: Rillaboom|Fake Out|p2a: Blue\n|-damage|p2a: Blue|89\/100\n|move|p1b: Walking Wake|Hydro Steam|p2a: Blue\n|-damage|p2a: Blue|31\/100\n|move|p2a: Blue|Tera Blast|p1b: Walking Wake|[anim] Tera Blast Fairy\n|-supereffective|p1b: Walking Wake\n|-damage|p1b: Walking Wake|0 fnt\n|faint|p1b: Walking Wake\n|-end|p1b: Walking Wake|Protosynthesis|[silent]\n|\n|upkeep\n|c|\u2606Mait27|Ahhhh covert cloak nice\n|inactive|Mait27 has 120 seconds left.\n|c|\u2606StalinRiseAgain|yeep\n|\n|t:|1698091546\n|switch|p1b: Baxcalibur|Baxcalibur, F|100\/100\n|turn|2\n|\n|t:|1698091570\n|move|p2a: Blue|Tera Blast|p1b: Baxcalibur|[anim] Tera Blast Fairy\n|-supereffective|p1b: Baxcalibur\n|-damage|p1b: Baxcalibur|0 fnt\n|faint|p1b: Baxcalibur\n|move|p1a: Rillaboom|U-turn|p2b: Sleezy\n|-resisted|p2b: Sleezy\n|-damage|p2b: Sleezy|91\/100\n|inactive|Mait27 has 120 seconds left.\n|c|\u2606Mait27|Oh shit hahahaha I'm so stupid hahahaha\n|c|\u2606Mait27|I'm GG\n|c|\u2606Mait27|I'm*\n|c|\u2606StalinRiseAgain|gg wp!\n|inactive|Mait27 has 90 seconds left.\n|c|\u2606Mait27|Yeah cool tech\n|c|\u2606StalinRiseAgain|ty ty\n|\n|t:|1698091618\n|switch|p1a: Amoonguss|Amoonguss, M|100\/100|[from] U-turn\n|move|p2b: Sleezy|Will-O-Wisp|p1a: Amoonguss\n|-status|p1a: Amoonguss|brn\n|\n|-heal|p2b: Sleezy|97\/100|[from] item: Leftovers\n|-damage|p1a: Amoonguss|94\/100 brn|[from] brn\n|upkeep\n|\n|t:|1698091629\n|switch|p1b: Gholdengo|Gholdengo|100\/100\n|turn|3\n|\n|t:|1698091656\n|switch|p2a: Ceruledge|Ceruledge, M|100\/100\n|move|p1a: Amoonguss|Protect|p1a: Amoonguss\n|-singleturn|p1a: Amoonguss|Protect\n|move|p1b: Gholdengo|Make It Rain|p2a: Ceruledge|[spread] p2a,p2b\n|-resisted|p2a: Ceruledge\n|-damage|p2a: Ceruledge|71\/100\n|-damage|p2b: Sleezy|36\/100\n|-unboost|p1b: Gholdengo|spa|1\n|move|p2b: Sleezy|Taunt|p1a: Amoonguss\n|-activate|p1a: Amoonguss|move: Protect\n|\n|-heal|p2b: Sleezy|42\/100|[from] item: Leftovers\n|-damage|p1a: Amoonguss|88\/100 brn|[from] brn\n|upkeep\n|turn|4\n|c|\u2606Mait27|I'll still play it out I don't wanna be that guy\n|inactive|Mait27 has 120 seconds left.\n|inactive|StalinRiseAgain has 120 seconds left.\n|\n|t:|1698091708\n|-terastallize|p1a: Amoonguss|Water\n|move|p1a: Amoonguss|Rage Powder|p1a: Amoonguss\n|-singleturn|p1a: Amoonguss|move: Rage Powder\n|move|p2a: Ceruledge|Bitter Blade|p1a: Amoonguss\n|-resisted|p1a: Amoonguss\n|-damage|p1a: Amoonguss|63\/100 brn\n|-heal|p2a: Ceruledge|90\/100|[from] drain|[of] p1a: Amoonguss\n|move|p1b: Gholdengo|Nasty Plot|p1b: Gholdengo\n|-boost|p1b: Gholdengo|spa|2\n|move|p2b: Sleezy|Taunt|p1a: Amoonguss\n|-start|p1a: Amoonguss|move: Taunt\n|\n|-heal|p2b: Sleezy|48\/100|[from] item: Leftovers\n|-damage|p1a: Amoonguss|57\/100 brn|[from] brn\n|upkeep\n|turn|5\n|inactive|StalinRiseAgain has 120 seconds left.\n|inactive|StalinRiseAgain has 90 seconds left.\n|\n|t:|1698091746\n|switch|p1a: Rillaboom|Rillaboom, F|100\/100\n|move|p2b: Sleezy|Protect|p2b: Sleezy\n|-singleturn|p2b: Sleezy|Protect\n|move|p2a: Ceruledge|Bitter Blade|p1b: Gholdengo\n|-supereffective|p1b: Gholdengo\n|-damage|p1b: Gholdengo|7\/100\n|-heal|p2a: Ceruledge|100\/100|[from] drain|[of] p1b: Gholdengo\n|move|p1b: Gholdengo|Shadow Ball|p2a: Ceruledge\n|-supereffective|p2a: Ceruledge\n|-damage|p2a: Ceruledge|0 fnt\n|faint|p2a: Ceruledge\n|\n|-heal|p1b: Gholdengo|13\/100|[from] item: Leftovers\n|-heal|p2b: Sleezy|54\/100|[from] item: Leftovers\n|upkeep\n|inactive|StalinRiseAgain has 90 seconds left.\n|\n|t:|1698091764\n|switch|p2a: Rillaboom|Rillaboom, M|100\/100\n|turn|6\n|inactive|Mait27 has 120 seconds left.\n|inactive|Mait27 has 90 seconds left.\n|c|\u2606Mait27|Are you going to grassy glide and switch the weez?\n|\n|t:|1698091810\n|move|p1a: Rillaboom|Fake Out|p2a: Rillaboom\n|-damage|p2a: Rillaboom|87\/100\n|cant|p2a: Rillaboom|flinch\n|move|p1b: Gholdengo|Recover|p1b: Gholdengo\n|-heal|p1b: Gholdengo|63\/100\n|move|p2b: Sleezy|Will-O-Wisp|p1a: Rillaboom\n|-status|p1a: Rillaboom|brn\n|\n|-heal|p1b: Gholdengo|69\/100|[from] item: Leftovers\n|-heal|p2b: Sleezy|60\/100|[from] item: Leftovers\n|-damage|p1a: Rillaboom|94\/100 brn|[from] brn\n|upkeep\n|turn|7\n|inactive|StalinRiseAgain has 120 seconds left.\n|inactive|Mait27 has 90 seconds left.\n|\n|t:|1698091832\n|move|p2a: Rillaboom|Stomping Tantrum|p1b: Gholdengo\n|-supereffective|p1b: Gholdengo\n|-damage|p1b: Gholdengo|0 fnt\n|faint|p1b: Gholdengo\n|move|p1a: Rillaboom|U-turn|p2a: Rillaboom\n|-supereffective|p2a: Rillaboom\n|-crit|p2a: Rillaboom\n|-damage|p2a: Rillaboom|51\/100\n|\n|t:|1698091838\n|switch|p1a: Torkoal|Torkoal, F|100\/100|[from] U-turn\n|move|p2b: Sleezy|Will-O-Wisp|p1a: Torkoal\n|-immune|p1a: Torkoal\n|\n|-heal|p2b: Sleezy|66\/100|[from] item: Leftovers\n|upkeep\n|c|\u2606StalinRiseAgain|nope lol\n|\n|t:|1698091852\n|switch|p1b: Rillaboom|Rillaboom, F|94\/100 brn\n|turn|8\n|inactive|StalinRiseAgain has 120 seconds left.\n|\n|t:|1698091881\n|move|p1b: Rillaboom|Fake Out|p2a: Rillaboom\n|-damage|p2a: Rillaboom|45\/100\n|cant|p2a: Rillaboom|flinch\n|move|p2b: Sleezy|Sludge Bomb|p1a: Torkoal\n|-damage|p1a: Torkoal|66\/100\n|move|p1a: Torkoal|Yawn|p2b: Sleezy\n|-start|p2b: Sleezy|move: Yawn|[of] p1a: Torkoal\n|\n|-heal|p2b: Sleezy|72\/100|[from] item: Leftovers\n|-damage|p1b: Rillaboom|88\/100 brn|[from] brn\n|upkeep\n|turn|9\n|inactive|StalinRiseAgain has 120 seconds left.\n|\n|t:|1698091921\n|switch|p1b: Amoonguss|Amoonguss, M, tera:Water|57\/100 brn\n|-end|p2b: Sleezy|ability: Neutralizing Gas\n|-fieldstart|move: Grassy Terrain|[from] ability: Grassy Surge|[of] p2a: Rillaboom\n|-weather|SunnyDay|[from] ability: Drought|[of] p1a: Torkoal\n|switch|p2b: Sinistcha|Sinistcha-Masterpiece|100\/100\n|-heal|p2a: Rillaboom|70\/100|[from] ability: Hospitality|[of] p2b: Sinistcha\n|move|p2a: Rillaboom|Stomping Tantrum|p1a: Torkoal\n|-supereffective|p1a: Torkoal\n|-damage|p1a: Torkoal|12\/100\n|move|p1a: Torkoal|Lava Plume|p2b: Sinistcha|[spread] p1b,p2a,p2b\n|-resisted|p1b: Amoonguss\n|-supereffective|p2a: Rillaboom\n|-supereffective|p2b: Sinistcha\n|-damage|p1b: Amoonguss|47\/100 brn\n|-damage|p2a: Rillaboom|25\/100\n|-damage|p2b: Sinistcha|57\/100\n|-status|p2a: Rillaboom|brn\n|\n|-weather|SunnyDay|[upkeep]\n|-heal|p2a: Rillaboom|31\/100 brn|[from] Grassy Terrain\n|-heal|p2b: Sinistcha|63\/100|[from] Grassy Terrain\n|-heal|p1b: Amoonguss|53\/100 brn|[from] Grassy Terrain\n|-heal|p1a: Torkoal|18\/100|[from] Grassy Terrain\n|-damage|p2a: Rillaboom|25\/100 brn|[from] brn\n|-damage|p1b: Amoonguss|47\/100 brn|[from] brn\n|upkeep\n|turn|10\n|inactive|StalinRiseAgain has 120 seconds left.\n|inactive|Mait27 has 120 seconds left.\n|\n|t:|1698091957\n|move|p1a: Torkoal|Protect|p1a: Torkoal\n|-singleturn|p1a: Torkoal|Protect\n|move|p2a: Rillaboom|Stomping Tantrum|p1a: Torkoal\n|-activate|p1a: Torkoal|move: Protect\n|move|p2b: Sinistcha|Matcha Gotcha|p1a: Torkoal|[spread] p1b\n|-activate|p1a: Torkoal|move: Protect\n|-supereffective|p1b: Amoonguss\n|-damage|p1b: Amoonguss|0 fnt\n|-heal|p2b: Sinistcha|92\/100|[from] drain|[of] p1b: Amoonguss\n|faint|p1b: Amoonguss\n|\n|-weather|SunnyDay|[upkeep]\n|-heal|p2a: Rillaboom|31\/100 brn|[from] Grassy Terrain\n|-heal|p2b: Sinistcha|98\/100|[from] Grassy Terrain\n|-heal|p1a: Torkoal|24\/100|[from] Grassy Terrain\n|-damage|p2a: Rillaboom|25\/100 brn|[from] brn\n|upkeep\n|inactive|Mait27 has 90 seconds left.\n|\n|t:|1698091974\n|switch|p1b: Rillaboom|Rillaboom, F|88\/100 brn\n|turn|11\n|inactive|StalinRiseAgain has 120 seconds left.\n|c|\u2606Mait27|GG\n|c|\u2606Mait27|Cool team!\n|c|\u2606StalinRiseAgain|gg\n|inactive|StalinRiseAgain has 90 seconds left.\n|\n|t:|1698092034\n|move|p2a: Rillaboom|Stomping Tantrum|p1a: Torkoal\n|-supereffective|p1a: Torkoal\n|-damage|p1a: Torkoal|9\/100\n|move|p1b: Rillaboom|Knock Off|p2b: Sinistcha\n|-supereffective|p2b: Sinistcha\n|-damage|p2b: Sinistcha|66\/100\n|-enditem|p2b: Sinistcha|Assault Vest|[from] move: Knock Off|[of] p1b: Rillaboom\n|move|p2b: Sinistcha|Scald|p1a: Torkoal\n|-supereffective|p1a: Torkoal\n|-damage|p1a: Torkoal|0 fnt\n|faint|p1a: Torkoal\n|\n|-weather|SunnyDay|[upkeep]\n|-heal|p2a: Rillaboom|31\/100 brn|[from] Grassy Terrain\n|-heal|p1b: Rillaboom|94\/100 brn|[from] Grassy Terrain\n|-heal|p2b: Sinistcha|72\/100|[from] Grassy Terrain\n|-damage|p2a: Rillaboom|25\/100 brn|[from] brn\n|-damage|p1b: Rillaboom|88\/100 brn|[from] brn\n|upkeep\n|turn|12\n|inactive|Mait27 has 120 seconds left.\n|inactive|StalinRiseAgain has 90 seconds left.\n|inactive|StalinRiseAgain has 60 seconds left.\n|\n|t:|1698092086\n|switch|p2a: Sleezy|Weezing, F|72\/100\n|-ability|p2a: Sleezy|Neutralizing Gas\n|move|p1b: Rillaboom|U-turn|p2a: Sleezy\n|-resisted|p2a: Sleezy\n|-damage|p2a: Sleezy|67\/100\n|move|p2b: Sinistcha|Shadow Ball|p1b: Rillaboom\n|-damage|p1b: Rillaboom|55\/100 brn\n|\n|-weather|SunnyDay|[upkeep]\n|-heal|p1b: Rillaboom|61\/100 brn|[from] Grassy Terrain\n|-heal|p2a: Sleezy|73\/100|[from] Grassy Terrain\n|-heal|p2a: Sleezy|79\/100|[from] item: Leftovers\n|-heal|p2b: Sinistcha|78\/100|[from] Grassy Terrain\n|-damage|p1b: Rillaboom|55\/100 brn|[from] brn\n|upkeep\n|turn|13\n|inactive|Mait27 has 120 seconds left.\n|inactive|StalinRiseAgain has 60 seconds left.\n|\n|t:|1698092107\n|move|p1b: Rillaboom|Knock Off|p2b: Sinistcha\n|-supereffective|p2b: Sinistcha\n|-damage|p2b: Sinistcha|53\/100\n|move|p2a: Sleezy|Sludge Bomb|p1b: Rillaboom\n|-supereffective|p1b: Rillaboom\n|-damage|p1b: Rillaboom|15\/100 brn\n|move|p2b: Sinistcha|Shadow Ball|p1b: Rillaboom\n|-damage|p1b: Rillaboom|0 fnt\n|faint|p1b: Rillaboom\n|\n|win|StalinRiseAgain\n|raw|Mait27's rating: 1411 &rarr; <strong>1399<\/strong><br \/>(-12 for losing)\n|raw|StalinRiseAgain's rating: 1559 &rarr; <strong>1571<\/strong><br \/>(+12 for winning)\n","uploadtime":1698092157,"views":10,"p1id":"mait27","p2id":"stalinriseagain","formatid":"gen9doublesou","rating":1399,"private":0,"password":""}