{"id":"gen9doublesou-1968307806","p1":"iJumpshot","p2":"Pkm_Master2009","format":"[Gen 9] Doubles OU","log":"|html|<div class=\"broadcast-blue\"><strong>[Gen 9] Doubles OU is currently suspecting Basculegion & Flutter Mane! For information on how to participate check out the <a href=\"https:\/\/www.smogon.com\/forums\/threads\/np-sv-dou-stage-8-double-trouble.3729153\/\">suspect thread<\/a>.<\/strong><\/div>\n|j|\u2606iJumpshot\n|j|\u2606Pkm_Master2009\n|t:|1697404557\n|gametype|doubles\n|player|p1|iJumpshot|266|1035\n|player|p2|Pkm_Master2009|ash|1000\n|teamsize|p1|6\n|teamsize|p2|6\n|gen|9\n|tier|[Gen 9] Doubles OU\n|rated|\n|rule|Species Clause: Limit one of each Pok\u00e9mon\n|rule|OHKO Clause: OHKO moves are banned\n|rule|Evasion Moves Clause: Evasion moves are banned\n|rule|Gravity Sleep Clause: The combination of sleep-inducing moves with imperfect accuracy and Gravity or Gigantamax Orbeetle are banned\n|rule|Endless Battle Clause: Forcing endless battles is banned\n|rule|HP Percentage Mod: HP is shown in percentages\n|clearpoke\n|poke|p1|Basculegion, M|\n|poke|p1|Ambipom, M|\n|poke|p1|Appletun, M|\n|poke|p1|Arbok, M|\n|poke|p1|Arcanine-Hisui, M|\n|poke|p1|Articuno|\n|poke|p2|Sableye, M|\n|poke|p2|Slaking, M|\n|poke|p2|Roaring Moon|\n|poke|p2|Pikachu, M|\n|poke|p2|Farigiraf, F|\n|poke|p2|Greninja-*, M|\n|teampreview\n|inactive|Battle timer is ON: inactive players will automatically lose when time's up. (requested by Pkm_Master2009)\n|c|\u2606Pkm_Master2009|Nice team.\n|\n|t:|1697404575\n|start\n|switch|p1a: Articuno|Articuno, shiny|100\/100\n|switch|p1b: Ambipom|Ambipom, M, shiny|100\/100\n|switch|p2a: Sableye|Sableye, M|100\/100\n|switch|p2b: Slaking|Slaking, M|100\/100\n|turn|1\n|\n|t:|1697404593\n|move|p1b: Ambipom|Fake Out|p2b: Slaking\n|-damage|p2b: Slaking|83\/100\n|move|p2a: Sableye|Skill Swap|p2b: Slaking\n|-activate|p2a: Sableye|move: Skill Swap|||[of] p2b: Slaking\n|move|p1a: Articuno|Tailwind|p1a: Articuno\n|-sidestart|p1: iJumpshot|move: Tailwind\n|cant|p2b: Slaking|flinch\n|\n|upkeep\n|turn|2\n|inactive|iJumpshot has 120 seconds left.\n|c|\u2606iJumpshot|Thx u too\n|\n|t:|1697404647\n|switch|p1a: Appletun|Appletun, M|100\/100\n|move|p1b: Ambipom|Knock Off|p2a: Sableye\n|-damage|p2a: Sableye|59\/100\n|-damage|p1b: Ambipom|84\/100|[from] item: Rocky Helmet|[of] p2a: Sableye\n|-enditem|p2a: Sableye|Rocky Helmet|[from] move: Knock Off|[of] p1b: Ambipom\n|move|p2b: Slaking|Body Slam|p1a: Appletun\n|-damage|p1a: Appletun|34\/100\n|-status|p1a: Appletun|par\n|-activate|p1a: Appletun|ability: Ripen\n|-enditem|p1a: Appletun|Sitrus Berry|[eat]\n|-heal|p1a: Appletun|83\/100 par|[from] item: Sitrus Berry\n|cant|p2a: Sableye|ability: Truant\n|\n|upkeep\n|turn|3\n|inactive|iJumpshot has 120 seconds left.\n|\n|t:|1697404674\n|move|p1b: Ambipom|Knock Off|p2b: Slaking\n|-damage|p2b: Slaking|63\/100\n|-enditem|p2b: Slaking|Silk Scarf|[from] move: Knock Off|[of] p1b: Ambipom\n|move|p2b: Slaking|Play Rough|p1a: Appletun\n|-supereffective|p1a: Appletun\n|-damage|p1a: Appletun|3\/100 par\n|move|p2a: Sableye|Will-O-Wisp|p1b: Ambipom\n|-status|p1b: Ambipom|brn\n|cant|p1a: Appletun|par\n|\n|-damage|p1b: Ambipom|78\/100 brn|[from] brn\n|upkeep\n|turn|4\n|inactive|iJumpshot has 120 seconds left.\n|\n|t:|1697404701\n|move|p1a: Appletun|Sucker Punch|p2b: Slaking\n|-damage|p2b: Slaking|49\/100\n|move|p1b: Ambipom|Chilling Water|p2b: Slaking\n|-damage|p2b: Slaking|37\/100\n|-unboost|p2b: Slaking|atk|1\n|move|p2b: Slaking|Play Rough|p1a: Appletun\n|-supereffective|p1a: Appletun\n|-damage|p1a: Appletun|0 fnt\n|faint|p1a: Appletun\n|cant|p2a: Sableye|ability: Truant\n|\n|-damage|p1b: Ambipom|72\/100 brn|[from] brn\n|-sideend|p1: iJumpshot|move: Tailwind\n|upkeep\n|\n|t:|1697404715\n|switch|p1a: Arbok|Arbok, M, shiny|100\/100\n|-ability|p1a: Arbok|Intimidate|boost\n|-unboost|p2a: Sableye|atk|1\n|-unboost|p2b: Slaking|atk|1\n|turn|5\n|inactive|iJumpshot has 120 seconds left.\n|\n|t:|1697404731\n|switch|p1b: Arcanine|Arcanine-Hisui, M, shiny|100\/100\n|move|p2b: Slaking|Slack Off|p2b: Slaking\n|-heal|p2b: Slaking|88\/100\n|move|p1a: Arbok|Toxic Spikes|p2b: Slaking\n|-sidestart|p2: Pkm_Master2009|move: Toxic Spikes\n|move|p2a: Sableye|Skill Swap|p1a: Arbok\n|-activate|p2a: Sableye|move: Skill Swap|Intimidate|Truant|[of] p1a: Arbok\n|-ability|p2a: Sableye|Intimidate|boost\n|-unboost|p1a: Arbok|atk|1\n|-unboost|p1b: Arcanine|atk|1\n|\n|upkeep\n|turn|6\n|inactive|iJumpshot has 120 seconds left.\n|\n|t:|1697404755\n|switch|p1a: Articuno|Articuno, shiny|100\/100\n|move|p1b: Arcanine|Close Combat|p2b: Slaking\n|-supereffective|p2b: Slaking\n|-damage|p2b: Slaking|39\/100\n|-unboost|p1b: Arcanine|def|1\n|-unboost|p1b: Arcanine|spd|1\n|move|p2b: Slaking|Earthquake|p1b: Arcanine|[spread] p2a,p1b\n|-immune|p1a: Articuno\n|-supereffective|p1b: Arcanine\n|-damage|p2a: Sableye|33\/100\n|-damage|p1b: Arcanine|0 fnt\n|faint|p1b: Arcanine\n|move|p2a: Sableye|Recover|p2a: Sableye\n|-heal|p2a: Sableye|83\/100\n|\n|upkeep\n|inactive|iJumpshot has 120 seconds left.\n|\n|t:|1697404768\n|switch|p1b: Ambipom|Ambipom, M, shiny|72\/100 brn\n|turn|7\n|\n|t:|1697404781\n|move|p1b: Ambipom|Fake Out|p2b: Slaking\n|-damage|p2b: Slaking|29\/100\n|cant|p2b: Slaking|flinch\n|move|p1a: Articuno|Tailwind|p1a: Articuno\n|-sidestart|p1: iJumpshot|move: Tailwind\n|move|p2a: Sableye|Foul Play|p1b: Ambipom\n|-damage|p1b: Ambipom|0 fnt\n|faint|p1b: Ambipom\n|\n|upkeep\n|\n|t:|1697404805\n|switch|p1b: Basculegion|Basculegion, M, shiny|100\/100\n|-ability|p1b: Basculegion|Mold Breaker\n|turn|8\n|\n|t:|1697404821\n|move|p2b: Slaking|Slack Off|p2b: Slaking\n|-heal|p2b: Slaking|79\/100\n|move|p1a: Articuno|Brave Bird|p2b: Slaking\n|-damage|p2b: Slaking|48\/100\n|-damage|p1a: Articuno|85\/100|[from] Recoil\n|move|p1b: Basculegion|Shadow Ball|p2a: Sableye\n|-damage|p2a: Sableye|44\/100\n|-damage|p1b: Basculegion|91\/100|[from] item: Life Orb\n|move|p2a: Sableye|Foul Play|p1b: Basculegion\n|-supereffective|p1b: Basculegion\n|-damage|p1b: Basculegion|19\/100\n|\n|upkeep\n|turn|9\n|inactive|iJumpshot has 120 seconds left.\n|\n|t:|1697404854\n|move|p2b: Slaking|Slack Off|p2b: Slaking\n|-heal|p2b: Slaking|99\/100\n|move|p1a: Articuno|U-turn|p2b: Slaking\n|-damage|p2b: Slaking|86\/100\n|inactive|iJumpshot has 120 seconds left.\n|\n|t:|1697404860\n|switch|p1a: Arbok|Arbok, M, shiny|100\/100|[from] U-turn\n|-ability|p1a: Arbok|Intimidate|boost\n|-unboost|p2a: Sableye|atk|1\n|-unboost|p2b: Slaking|atk|1\n|move|p1b: Basculegion|Shadow Ball|p2a: Sableye\n|-damage|p2a: Sableye|2\/100\n|-damage|p1b: Basculegion|9\/100|[from] item: Life Orb\n|move|p2a: Sableye|Recover|p2a: Sableye\n|-heal|p2a: Sableye|52\/100\n|\n|upkeep\n|turn|10\n|inactive|iJumpshot has 120 seconds left.\n|inactive|Pkm_Master2009 has 120 seconds left.\n|\n|t:|1697404893\n|-terastallize|p2a: Sableye|Normal\n|move|p1a: Arbok|Poison Jab|p2a: Sableye\n|-damage|p2a: Sableye|0 fnt\n|faint|p2a: Sableye\n|move|p1b: Basculegion|Shadow Ball|p2b: Slaking\n|-immune|p2b: Slaking\n|move|p2b: Slaking|Body Slam|p1a: Arbok\n|-damage|p1a: Arbok|60\/100\n|-damage|p2b: Slaking|69\/100|[from] item: Rocky Helmet|[of] p1a: Arbok\n|\n|-sideend|p1: iJumpshot|move: Tailwind\n|upkeep\n|inactive|Pkm_Master2009 has 120 seconds left.\n|\n|t:|1697404912\n|switch|p2a: Greninja|Greninja, M|100\/100\n|-status|p2a: Greninja|psn\n|turn|11\n|inactive|iJumpshot has 120 seconds left.\n|\n|t:|1697404956\n|move|p2a: Greninja|Extrasensory|p1a: Arbok\n|-supereffective|p1a: Arbok\n|-damage|p1a: Arbok|0 fnt\n|faint|p1a: Arbok\n|-ability|p2a: Greninja|Battle Bond|boost\n|-boost|p2a: Greninja|atk|1\n|-boost|p2a: Greninja|spa|1\n|-boost|p2a: Greninja|spe|1\n|-activate|p2a: Greninja|ability: Battle Bond\n|move|p1b: Basculegion|Tera Blast|p2b: Slaking\n|-damage|p2b: Slaking|44\/100\n|-damage|p1b: Basculegion|0 fnt|[from] item: Life Orb\n|faint|p1b: Basculegion\n|move|p2b: Slaking|Play Rough|p1: Arbok|[notarget]\n|-fail|p2b: Slaking\n|\n|-damage|p2a: Greninja|88\/100 psn|[from] psn\n|upkeep\n|\n|t:|1697404959\n|switch|p1b: Articuno|Articuno, shiny|85\/100\n|turn|12\n|\n|t:|1697404974\n|move|p2b: Slaking|Slack Off|p2b: Slaking\n|-heal|p2b: Slaking|94\/100\n|move|p2a: Greninja|Hydro Pump|p1b: Articuno|[miss]\n|-miss|p2a: Greninja|p1b: Articuno\n|move|p1b: Articuno|U-turn|p2a: Greninja\n|-supereffective|p2a: Greninja\n|-damage|p2a: Greninja|32\/100 psn\n|\n|-damage|p2a: Greninja|20\/100 psn|[from] psn\n|upkeep\n|turn|13\n|\n|t:|1697404993\n|-terastallize|p1b: Articuno|Ice\n|move|p1b: Articuno|Ice Shard|p2b: Slaking\n|-damage|p2b: Slaking|80\/100\n|move|p2a: Greninja|Hydro Pump|p1b: Articuno\n|-damage|p1b: Articuno|10\/100\n|-enditem|p1b: Articuno|Red Card|[of] p2a: Greninja\n|drag|p2a: Farigiraf|Farigiraf, F|100\/100\n|-status|p2a: Farigiraf|psn\n|move|p2b: Slaking|Body Slam|p1b: Articuno\n|-damage|p1b: Articuno|0 fnt\n|faint|p1b: Articuno\n|\n|win|Pkm_Master2009\n|raw|iJumpshot's rating: 1035 &rarr; <strong>1018<\/strong><br \/>(-17 for losing)\n|raw|Pkm_Master2009's rating: 1000 &rarr; <strong>1044<\/strong><br \/>(+44 for winning)\n|l|\u2606iJumpshot\n|c|\u2606Pkm_Master2009|GG.\n","uploadtime":1697405009,"views":15,"p1id":"ijumpshot","p2id":"pkmmaster2009","formatid":"gen9doublesou","rating":1018,"private":0,"password":""}