{"id":"gen9doublesou-1980715015","p1":"ReligiousTweezer","p2":"2ndcitysaint","format":"[Gen 9] Doubles OU","log":"|j|\u2606ReligiousTweezer\n|j|\u26062ndcitysaint\n|t:|1698817948\n|gametype|doubles\n|player|p1|ReligiousTweezer|medium|1121\n|player|p2|2ndcitysaint|101|1174\n|teamsize|p1|6\n|teamsize|p2|6\n|gen|9\n|tier|[Gen 9] Doubles OU\n|rated|\n|rule|Species Clause: Limit one of each Pok\u00e9mon\n|rule|OHKO Clause: OHKO moves are banned\n|rule|Evasion Moves Clause: Evasion moves are banned\n|rule|Gravity Sleep Clause: The combination of sleep-inducing moves with imperfect accuracy and Gravity or Gigantamax Orbeetle are banned\n|rule|Endless Battle Clause: Forcing endless battles is banned\n|rule|HP Percentage Mod: HP is shown in percentages\n|clearpoke\n|poke|p1|Umbreon, M|\n|poke|p1|Torterra, M|\n|poke|p1|Vikavolt, F|\n|poke|p1|Infernape, F|\n|poke|p1|Gholdengo|\n|poke|p1|Walking Wake|\n|poke|p2|Palafin, F|\n|poke|p2|Dragonite, F|\n|poke|p2|Arcanine, F|\n|poke|p2|Amoonguss, F|\n|poke|p2|Chi-Yu|\n|poke|p2|Flutter Mane|\n|teampreview\n|inactive|Battle timer is ON: inactive players will automatically lose when time's up. (requested by ReligiousTweezer)\n|\n|t:|1698817968\n|start\n|switch|p1a: Blue Moon|Umbreon, M, shiny|100\/100\n|switch|p1b: Super Tyranno|Walking Wake|100\/100\n|switch|p2a: Palafin|Palafin, F|100\/100\n|switch|p2b: Arcanine|Arcanine, F|100\/100\n|-ability|p2b: Arcanine|Intimidate|boost\n|-fail|p1a: Blue Moon|unboost|Attack|[from] ability: Inner Focus|[of] p1a: Blue Moon\n|-enditem|p1a: Blue Moon|Adrenaline Orb\n|-boost|p1a: Blue Moon|spe|1|[from] item: Adrenaline Orb\n|-unboost|p1b: Super Tyranno|atk|1\n|-enditem|p1b: Super Tyranno|Booster Energy\n|-activate|p1b: Super Tyranno|ability: Protosynthesis|[fromitem]\n|-start|p1b: Super Tyranno|protosynthesisspa\n|turn|1\n|inactive|2ndcitysaint has 120 seconds left.\n|l|\u26062ndcitysaint\n|inactive|2ndcitysaint disconnected and has a minute to reconnect!\n|player|p2|\n|j|\u26062ndcitysaint\n|inactive|2ndcitysaint reconnected and has 105 seconds left.\n|player|p2|2ndcitysaint|101\n|\n|t:|1698818025\n|switch|p2b: Amoonguss|Amoonguss, F|100\/100\n|move|p2a: Palafin|Flip Turn|p1a: Blue Moon\n|-damage|p1a: Blue Moon|82\/100\n|inactive|2ndcitysaint has 90 seconds left.\n|\n|t:|1698818038\n|detailschange|p2a: Palafin|Palafin-Hero, F\n|switch|p2a: Flutter Mane|Flutter Mane|100\/100|[from] Flip Turn\n|-enditem|p2a: Flutter Mane|Booster Energy\n|-activate|p2a: Flutter Mane|ability: Protosynthesis|[fromitem]\n|-start|p2a: Flutter Mane|protosynthesisspe\n|move|p1b: Super Tyranno|Hydro Steam|p2b: Amoonguss\n|-resisted|p2b: Amoonguss\n|-damage|p2b: Amoonguss|81\/100\n|move|p1a: Blue Moon|Calm Mind|p1a: Blue Moon\n|-boost|p1a: Blue Moon|spa|1\n|-boost|p1a: Blue Moon|spd|1\n|\n|upkeep\n|turn|2\n|inactive|ReligiousTweezer has 120 seconds left.\n|\n|t:|1698818095\n|-terastallize|p1b: Super Tyranno|Fairy\n|move|p2b: Amoonguss|Rage Powder|p2b: Amoonguss\n|-singleturn|p2b: Amoonguss|move: Rage Powder\n|move|p2a: Flutter Mane|Moonblast|p1a: Blue Moon\n|-supereffective|p1a: Blue Moon\n|-damage|p1a: Blue Moon|35\/100\n|move|p1b: Super Tyranno|Flamethrower|p2b: Amoonguss\n|-supereffective|p2b: Amoonguss\n|-damage|p2b: Amoonguss|18\/100\n|move|p1a: Blue Moon|Calm Mind|p1a: Blue Moon\n|-boost|p1a: Blue Moon|spa|1\n|-boost|p1a: Blue Moon|spd|1\n|\n|upkeep\n|turn|3\n|\n|t:|1698818118\n|switch|p2b: Palafin|Palafin-Hero, F|100\/100\n|-activate|p2b: Palafin|ability: Zero to Hero\n|move|p1a: Blue Moon|Protect|p1a: Blue Moon\n|-singleturn|p1a: Blue Moon|Protect\n|move|p2a: Flutter Mane|Moonblast|p1a: Blue Moon\n|-activate|p1a: Blue Moon|move: Protect\n|move|p1b: Super Tyranno|Flamethrower|p2b: Palafin\n|-resisted|p2b: Palafin\n|-damage|p2b: Palafin|77\/100\n|-status|p2b: Palafin|brn\n|\n|-damage|p2b: Palafin|71\/100 brn|[from] brn\n|upkeep\n|turn|4\n|inactive|2ndcitysaint has 120 seconds left.\n|inactive|ReligiousTweezer has 120 seconds left.\n|\n|t:|1698818162\n|switch|p1a: Cinna-Mon|Gholdengo|100\/100\n|move|p2a: Flutter Mane|Moonblast|p1a: Cinna-Mon\n|-resisted|p1a: Cinna-Mon\n|-damage|p1a: Cinna-Mon|72\/100\n|move|p2b: Palafin|Haze|p2b: Palafin\n|-clearallboost\n|move|p1b: Super Tyranno|Hydro Steam|p2a: Flutter Mane\n|-damage|p2a: Flutter Mane|48\/100\n|\n|-damage|p2b: Palafin|65\/100 brn|[from] brn\n|upkeep\n|turn|5\n|inactive|2ndcitysaint has 120 seconds left.\n|\n|t:|1698818189\n|switch|p2b: Chi-Yu|Chi-Yu|100\/100\n|-ability|p2b: Chi-Yu|Beads of Ruin\n|-terastallize|p2a: Flutter Mane|Ghost\n|move|p2a: Flutter Mane|Shadow Ball|p1a: Cinna-Mon\n|-supereffective|p1a: Cinna-Mon\n|-damage|p1a: Cinna-Mon|0 fnt\n|faint|p1a: Cinna-Mon\n|move|p1b: Super Tyranno|Hydro Steam|p2a: Flutter Mane\n|-damage|p2a: Flutter Mane|0 fnt\n|faint|p2a: Flutter Mane\n|-end|p2a: Flutter Mane|Protosynthesis|[silent]\n|\n|upkeep\n|\n|t:|1698818209\n|switch|p2a: Palafin|Palafin-Hero, F|65\/100 brn\n|switch|p1a: Blue Moon|Umbreon, M, shiny|35\/100\n|turn|6\n|\n|t:|1698818238\n|switch|p2b: Amoonguss|Amoonguss, F|52\/100\n|move|p1a: Blue Moon|Protect|p1a: Blue Moon\n|-singleturn|p1a: Blue Moon|Protect\n|move|p2a: Palafin|Wave Crash|p1a: Blue Moon\n|-activate|p1a: Blue Moon|move: Protect\n|move|p1b: Super Tyranno|Hydro Steam|p2b: Amoonguss\n|-resisted|p2b: Amoonguss\n|-damage|p2b: Amoonguss|32\/100\n|\n|-damage|p2a: Palafin|58\/100 brn|[from] brn\n|upkeep\n|turn|7\n|\n|t:|1698818266\n|move|p2a: Palafin|Flip Turn|p1a: Blue Moon\n|-damage|p1a: Blue Moon|17\/100\n|\n|t:|1698818270\n|switch|p2a: Dragonite|Dragonite, F|100\/100|[from] Flip Turn\n|move|p1b: Super Tyranno|Flamethrower|p2b: Amoonguss\n|-supereffective|p2b: Amoonguss\n|-damage|p2b: Amoonguss|0 fnt\n|faint|p2b: Amoonguss\n|move|p1a: Blue Moon|Moonlight|p1a: Blue Moon\n|-heal|p1a: Blue Moon|67\/100\n|\n|upkeep\n|\n|t:|1698818284\n|switch|p2b: Palafin|Palafin-Hero, F|58\/100 brn\n|turn|8\n|\n|t:|1698818298\n|move|p2b: Palafin|Protect|p2b: Palafin\n|-singleturn|p2b: Palafin|Protect\n|move|p1a: Blue Moon|Protect|p1a: Blue Moon\n|-singleturn|p1a: Blue Moon|Protect\n|move|p1b: Super Tyranno|Draco Meteor|p2a: Dragonite\n|-supereffective|p2a: Dragonite\n|-damage|p2a: Dragonite|0 fnt\n|-unboost|p1b: Super Tyranno|spa|2\n|faint|p2a: Dragonite\n|\n|-damage|p2b: Palafin|52\/100 brn|[from] brn\n|upkeep\n|-message|2ndcitysaint forfeited.\n|\n|win|ReligiousTweezer\n|raw|ReligiousTweezer's rating: 1121 &rarr; <strong>1150<\/strong><br \/>(+29 for winning)\n|raw|2ndcitysaint's rating: 1174 &rarr; <strong>1145<\/strong><br \/>(-29 for losing)\n|l|\u26062ndcitysaint\n","uploadtime":1698818319,"views":25,"p1id":"religioustweezer","p2id":"2ndcitysaint","formatid":"gen9doublesou","rating":1145,"private":0,"password":""}