{"id":"gen9doublesou-1972953629","p1":"Gaymer Magic","p2":"biggums123","format":"[Gen 9] Doubles OU","log":"|j|\u2606Gaymer Magic\n|j|\u2606biggums123\n|t:|1697912347\n|gametype|doubles\n|player|p1|Gaymer Magic|101|\n|player|p2|biggums123|169|\n|teamsize|p1|6\n|teamsize|p2|6\n|gen|9\n|tier|[Gen 9] Doubles OU\n|rule|Species Clause: Limit one of each Pok\u00e9mon\n|rule|OHKO Clause: OHKO moves are banned\n|rule|Evasion Moves Clause: Evasion moves are banned\n|rule|Gravity Sleep Clause: The combination of sleep-inducing moves with imperfect accuracy and Gravity or Gigantamax Orbeetle are banned\n|rule|Endless Battle Clause: Forcing endless battles is banned\n|rule|HP Percentage Mod: HP is shown in percentages\n|clearpoke\n|poke|p1|Torkoal, M|\n|poke|p1|Victreebel, M|\n|poke|p1|Typhlosion-Hisui, M|\n|poke|p1|Quaquaval, M|\n|poke|p1|Tinkaton, F|\n|poke|p1|Kleavor, M|\n|poke|p2|Avalugg-Hisui, F|\n|poke|p2|Weavile, M|\n|poke|p2|Baxcalibur, M|\n|poke|p2|Eiscue, F|\n|poke|p2|Greninja-*, M|\n|poke|p2|Cetitan, M|\n|teampreview\n|c|\u2606Gaymer Magic|Good Luck!\n|\n|t:|1697912407\n|start\n|switch|p1a: Pink Menace|Tinkaton, F|100\/100\n|switch|p1b: Dread Kleave|Kleavor, M|100\/100\n|switch|p2a: Greninja|Greninja, M|100\/100\n|switch|p2b: Weavile|Weavile, M|100\/100\n|-ability|p2b: Weavile|Pressure\n|-ability|p1a: Pink Menace|Mold Breaker\n|turn|1\n|c|\u2606biggums123|good luck!\n|\n|t:|1697912498\n|move|p1a: Pink Menace|Fake Out|p2a: Greninja\n|-damage|p2a: Greninja|83\/100\n|cant|p2a: Greninja|flinch\n|move|p2b: Weavile|Assurance|p1b: Dread Kleave\n|-damage|p1b: Dread Kleave|53\/100\n|-damage|p2b: Weavile|91\/100|[from] item: Life Orb\n|move|p1b: Dread Kleave|Stone Axe|p2b: Weavile|[miss]\n|-miss|p1b: Dread Kleave|p2b: Weavile\n|\n|upkeep\n|turn|2\n|\n|t:|1697912526\n|move|p2a: Greninja|Rock Slide|p1b: Dread Kleave|[spread] p1a,p1b\n|-start|p2a: Greninja|typechange|Rock|[from] ability: Protean\n|-resisted|p1a: Pink Menace\n|-supereffective|p1b: Dread Kleave\n|-damage|p1a: Pink Menace|87\/100\n|-damage|p1b: Dread Kleave|2\/100\n|move|p2b: Weavile|Assurance|p1b: Dread Kleave\n|-damage|p1b: Dread Kleave|0 fnt\n|faint|p1b: Dread Kleave\n|-damage|p2b: Weavile|81\/100|[from] item: Life Orb\n|move|p1a: Pink Menace|Gigaton Hammer|p2a: Greninja\n|-supereffective|p2a: Greninja\n|-damage|p2a: Greninja|0 fnt\n|faint|p2a: Greninja\n|\n|upkeep\n|\n|t:|1697912561\n|switch|p2a: Cetitan|Cetitan, M|100\/100\n|switch|p1b: Dread Fire|Typhlosion-Hisui, M|100\/100\n|-item|p2a: Cetitan|Sitrus Berry|[from] ability: Frisk|[of] p1b: Dread Fire|[identify]\n|-item|p2b: Weavile|Life Orb|[from] ability: Frisk|[of] p1b: Dread Fire|[identify]\n|turn|3\n|\n|t:|1697912587\n|-terastallize|p2b: Weavile|Ground\n|move|p2b: Weavile|Tera Blast|p1a: Pink Menace|[anim] Tera Blast Ground\n|-supereffective|p1a: Pink Menace\n|-damage|p1a: Pink Menace|0 fnt\n|faint|p1a: Pink Menace\n|-damage|p2b: Weavile|71\/100|[from] item: Life Orb\n|move|p1b: Dread Fire|Eruption|p2a: Cetitan|[spread] p2a,p2b\n|-supereffective|p2a: Cetitan\n|-crit|p2a: Cetitan\n|-damage|p2a: Cetitan|0 fnt\n|-damage|p2b: Weavile|0 fnt\n|faint|p2a: Cetitan\n|faint|p2b: Weavile\n|\n|upkeep\n|\n|t:|1697912618\n|switch|p2b: Eiscue|Eiscue, F|100\/100\n|switch|p1a: Global Warming|Torkoal, M|100\/100\n|switch|p2a: Avalugg|Avalugg-Hisui, F|100\/100\n|-weather|SunnyDay|[from] ability: Drought|[of] p1a: Global Warming\n|turn|4\n|c|\u2606Gaymer Magic|Dang, was not expecting Tera Ground to hit *that* hard lol\n|\n|t:|1697912663\n|move|p1a: Global Warming|Protect|p1a: Global Warming\n|-singleturn|p1a: Global Warming|Protect\n|move|p1b: Dread Fire|Eruption|p2a: Avalugg|[spread] p2a,p2b\n|-supereffective|p2b: Eiscue\n|-ability|p2a: Avalugg|Sturdy\n|-damage|p2a: Avalugg|1\/100\n|-damage|p2b: Eiscue|0 fnt\n|faint|p2b: Eiscue\n|move|p2a: Avalugg|Rock Slide|p1b: Dread Fire|[spread] p1b\n|-activate|p1a: Global Warming|move: Protect\n|-supereffective|p1b: Dread Fire\n|-damage|p1b: Dread Fire|4\/100\n|\n|-weather|SunnyDay|[upkeep]\n|-heal|p2a: Avalugg|7\/100|[from] item: Leftovers\n|upkeep\n|\n|t:|1697912676\n|switch|p2b: Baxcalibur|Baxcalibur, M|100\/100\n|turn|5\n|\n|t:|1697912712\n|move|p1b: Dread Fire|Eruption|p2a: Avalugg|[spread] p2a,p2b\n|-damage|p2a: Avalugg|0 fnt\n|-damage|p2b: Baxcalibur|97\/100\n|-ability|p2b: Baxcalibur|Thermal Exchange|boost\n|-boost|p2b: Baxcalibur|atk|1\n|faint|p2a: Avalugg\n|move|p2b: Baxcalibur|Earthquake|p1b: Dread Fire|[spread] p1a,p1b\n|-supereffective|p1a: Global Warming\n|-supereffective|p1b: Dread Fire\n|-damage|p1a: Global Warming|38\/100\n|-damage|p1b: Dread Fire|0 fnt\n|faint|p1b: Dread Fire\n|move|p1a: Global Warming|Overheat|p2b: Baxcalibur\n|-damage|p2b: Baxcalibur|34\/100\n|-unboost|p1a: Global Warming|spa|2\n|-enditem|p1a: Global Warming|Eject Pack\n|-ability|p2b: Baxcalibur|Thermal Exchange|boost\n|-boost|p2b: Baxcalibur|atk|1\n|\n|t:|1697912744\n|switch|p1a: Vic'tr\u00e9Bell|Victreebel, M|100\/100\n|\n|-weather|SunnyDay|[upkeep]\n|upkeep\n|\n|t:|1697912750\n|switch|p1b: Quaxellence|Quaquaval, M|100\/100\n|turn|6\n|\n|t:|1697912762\n|-terastallize|p1a: Vic'tr\u00e9Bell|Fire\n|move|p1a: Vic'tr\u00e9Bell|Tera Blast|p2b: Baxcalibur|[anim] Tera Blast Fire\n|-damage|p2b: Baxcalibur|0 fnt\n|faint|p2b: Baxcalibur\n|\n|win|Gaymer Magic\n|c|\u2606Gaymer Magic|GG!\n|c|\u2606biggums123|Good game!\n","uploadtime":1697912793,"views":33,"p1id":"gaymermagic","p2id":"biggums123","formatid":"gen9doublesou","rating":0,"private":0,"password":""}