{"id":"gen9doublesou-1972028919","p1":"Twitchy--gg","p2":"snorrebobb","format":"[Gen 9] Doubles OU","log":"|j|\u2606Twitchy--gg\n|j|\u2606snorrebobb\n|t:|1697806445\n|gametype|doubles\n|player|p1|Twitchy--gg|jasmine|1114\n|player|p2|snorrebobb|steven|1025\n|teamsize|p1|3\n|teamsize|p2|6\n|gen|9\n|tier|[Gen 9] Doubles OU\n|rated|\n|rule|Species Clause: Limit one of each Pok\u00e9mon\n|rule|OHKO Clause: OHKO moves are banned\n|rule|Evasion Moves Clause: Evasion moves are banned\n|rule|Gravity Sleep Clause: The combination of sleep-inducing moves with imperfect accuracy and Gravity or Gigantamax Orbeetle are banned\n|rule|Endless Battle Clause: Forcing endless battles is banned\n|rule|HP Percentage Mod: HP is shown in percentages\n|clearpoke\n|poke|p1|Coalossal, F|\n|poke|p1|Torkoal, F|\n|poke|p1|Slowbro, F|\n|poke|p2|Oricorio-Sensu, M|\n|poke|p2|Jolteon, F|\n|poke|p2|Munkidori, M|\n|poke|p2|Okidogi, M|\n|poke|p2|Glimmora, M|\n|poke|p2|Indeedee-F, F|\n|teampreview\n|\n|t:|1697806454\n|start\n|switch|p1a: Coalossal|Coalossal, F|100\/100\n|switch|p1b: Torkoal|Torkoal, F|100\/100\n|switch|p2a: Glimmora|Glimmora, M|100\/100\n|switch|p2b: Indeedee|Indeedee-F, F|100\/100\n|-weather|SunnyDay|[from] ability: Drought|[of] p1b: Torkoal\n|turn|1\n|c|\u2606Twitchy--gg|new team idea i will probably lose\n|inactive|Battle timer is ON: inactive players will automatically lose when time's up. (requested by snorrebobb)\n|\n|t:|1697806482\n|-terastallize|p1a: Coalossal|Grass\n|move|p2b: Indeedee|Follow Me|p2b: Indeedee\n|-singleturn|p2b: Indeedee|move: Follow Me\n|move|p2a: Glimmora|Mortal Spin|p1b: Torkoal|[spread] p1a,p1b\n|-supereffective|p1a: Coalossal\n|-damage|p1a: Coalossal|93\/100\n|-damage|p1b: Torkoal|96\/100\n|-status|p1a: Coalossal|psn\n|-enditem|p1a: Coalossal|Weakness Policy\n|-boost|p1a: Coalossal|atk|2|[from] item: Weakness Policy\n|-boost|p1a: Coalossal|spa|2|[from] item: Weakness Policy\n|move|p1a: Coalossal|Solar Beam||[still]\n|-prepare|p1a: Coalossal|Solar Beam\n|-anim|p1a: Coalossal|Solar Beam|p2b: Indeedee\n|-damage|p2b: Indeedee|35\/100\n|move|p1b: Torkoal|Flame Charge|p2b: Indeedee\n|-damage|p2b: Indeedee|6\/100\n|-boost|p1b: Torkoal|spe|1\n|\n|-weather|SunnyDay|[upkeep]\n|-damage|p1a: Coalossal|81\/100 psn|[from] psn\n|upkeep\n|turn|2\n|inactive|snorrebobb has 120 seconds left.\n|\n|t:|1697806525\n|move|p2b: Indeedee|Protect|p2b: Indeedee\n|-singleturn|p2b: Indeedee|Protect\n|move|p2a: Glimmora|Stealth Rock|p1a: Coalossal\n|-sidestart|p1: Twitchy--gg|move: Stealth Rock\n|move|p1b: Torkoal|Flame Charge|p1a: Coalossal\n|-supereffective|p1a: Coalossal\n|-damage|p1a: Coalossal|47\/100 psn\n|-boost|p1b: Torkoal|spe|1\n|-ability|p1a: Coalossal|Steam Engine|boost\n|-boost|p1a: Coalossal|spe|6\n|move|p1a: Coalossal|Solar Beam||[still]\n|-prepare|p1a: Coalossal|Solar Beam\n|-anim|p1a: Coalossal|Solar Beam|p2a: Glimmora\n|-enditem|p2a: Glimmora|Focus Sash\n|-damage|p2a: Glimmora|1\/100\n|\n|-weather|SunnyDay|[upkeep]\n|-damage|p1a: Coalossal|35\/100 psn|[from] psn\n|upkeep\n|turn|3\n|inactive|snorrebobb has 120 seconds left.\n|\n|t:|1697806551\n|move|p2a: Glimmora|Spiky Shield|p2a: Glimmora\n|-singleturn|p2a: Glimmora|move: Protect\n|move|p1a: Coalossal|Ancient Power|p2b: Indeedee\n|-damage|p2b: Indeedee|0 fnt\n|faint|p2b: Indeedee\n|move|p1b: Torkoal|Eruption|p2a: Glimmora\n|-activate|p2a: Glimmora|move: Protect\n|\n|-weather|SunnyDay|[upkeep]\n|-damage|p1a: Coalossal|22\/100 psn|[from] psn\n|upkeep\n|\n|t:|1697806564\n|switch|p2b: Munkidori|Munkidori, M|100\/100\n|-item|p1b: Torkoal|Covert Cloak|[from] ability: Frisk|[of] p2b: Munkidori|[identify]\n|turn|4\n|inactive|snorrebobb has 120 seconds left.\n|\n|t:|1697806589\n|switch|p2a: Okidogi|Okidogi, M|100\/100\n|switch|p1b: Slowbro|Slowbro, F|100\/100\n|-damage|p1b: Slowbro|88\/100|[from] Stealth Rock\n|move|p1a: Coalossal|Heat Wave|p2a: Okidogi|[spread] p2a\n|-miss|p1a: Coalossal|p2b: Munkidori\n|-damage|p2a: Okidogi|30\/100\n|move|p2b: Munkidori|Trick|p1b: Slowbro\n|-activate|p2b: Munkidori|move: Trick|[of] p1b: Slowbro\n|-item|p1b: Slowbro|Black Sludge|[from] move: Trick\n|-item|p2b: Munkidori|Wiki Berry|[from] move: Trick\n|\n|-weather|SunnyDay|[upkeep]\n|-heal|p2a: Okidogi|36\/100|[from] item: Leftovers\n|-damage|p1b: Slowbro|76\/100|[from] item: Black Sludge\n|-damage|p1a: Coalossal|10\/100 psn|[from] psn\n|upkeep\n|turn|5\n|inactive|snorrebobb has 120 seconds left.\n|\n|t:|1697806627\n|move|p2a: Okidogi|Protect|p2a: Okidogi\n|-singleturn|p2a: Okidogi|Protect\n|move|p1a: Coalossal|Heat Wave|p2b: Munkidori|[spread] p2b\n|-activate|p2a: Okidogi|move: Protect\n|-damage|p2b: Munkidori|19\/100\n|-enditem|p2b: Munkidori|Wiki Berry|[eat]\n|-heal|p2b: Munkidori|52\/100|[from] item: Wiki Berry\n|move|p2b: Munkidori|Toxic|p1b: Slowbro\n|-status|p1b: Slowbro|tox\n|move|p1b: Slowbro|Heal Pulse|p1a: Coalossal\n|-heal|p1a: Coalossal|60\/100 psn\n|\n|-weather|none\n|-heal|p2a: Okidogi|42\/100|[from] item: Leftovers\n|-damage|p1b: Slowbro|63\/100 tox|[from] item: Black Sludge\n|-damage|p1a: Coalossal|47\/100 psn|[from] psn\n|-damage|p1b: Slowbro|57\/100 tox|[from] psn\n|upkeep\n|turn|6\n|inactive|snorrebobb has 120 seconds left.\n|\n|t:|1697806650\n|move|p2b: Munkidori|Protect|p2b: Munkidori\n|-singleturn|p2b: Munkidori|Protect\n|move|p1a: Coalossal|Heat Wave|p2b: Munkidori|[spread] p2a\n|-activate|p2b: Munkidori|move: Protect\n|-damage|p2a: Okidogi|0 fnt\n|faint|p2a: Okidogi\n|move|p1b: Slowbro|Heal Pulse|p1a: Coalossal\n|-heal|p1a: Coalossal|97\/100 psn\n|\n|-damage|p1b: Slowbro|45\/100 tox|[from] item: Black Sludge\n|-damage|p1a: Coalossal|85\/100 psn|[from] psn\n|-damage|p1b: Slowbro|32\/100 tox|[from] psn\n|upkeep\n|inactive|snorrebobb has 90 seconds left.\n|\n|t:|1697806671\n|switch|p2a: Oricorio|Oricorio-Sensu, M|100\/100\n|turn|7\n|\n|t:|1697806686\n|switch|p2b: Jolteon|Jolteon, F|100\/100\n|switch|p1b: Torkoal|Torkoal, F|96\/100\n|-damage|p1b: Torkoal|71\/100|[from] Stealth Rock\n|-weather|SunnyDay|[from] ability: Drought|[of] p1b: Torkoal\n|move|p1a: Coalossal|Ancient Power|p2a: Oricorio\n|-supereffective|p2a: Oricorio\n|-damage|p2a: Oricorio|0 fnt\n|faint|p2a: Oricorio\n|\n|-weather|SunnyDay|[upkeep]\n|-damage|p1a: Coalossal|73\/100 psn|[from] psn\n|upkeep\n|\n|t:|1697806699\n|switch|p2a: Munkidori|Munkidori, M|52\/100\n|-item|p1b: Torkoal|Covert Cloak|[from] ability: Frisk|[of] p2a: Munkidori|[identify]\n|turn|8\n|inactive|snorrebobb has 120 seconds left.\n|\n|t:|1697806710\n|move|p1b: Torkoal|Helping Hand|p1a: Coalossal\n|-singleturn|p1a: Coalossal|Helping Hand|[of] p1b: Torkoal\n|move|p2b: Jolteon|Copycat||[still]\n|-fail|p2b: Jolteon\n|move|p1a: Coalossal|Heat Wave|p2b: Jolteon|[spread] p2a,p2b\n|-damage|p2a: Munkidori|0 fnt\n|-damage|p2b: Jolteon|0 fnt\n|faint|p2a: Munkidori\n|faint|p2b: Jolteon\n|\n|-weather|SunnyDay|[upkeep]\n|-damage|p1a: Coalossal|60\/100 psn|[from] psn\n|upkeep\n|\n|t:|1697806723\n|switch|p2a: Glimmora|Glimmora, M|1\/100\n|turn|9\n|\n|t:|1697806732\n|-terastallize|p2a: Glimmora|Rock\n|move|p1a: Coalossal|Ancient Power|p2a: Glimmora\n|-damage|p2a: Glimmora|0 fnt\n|faint|p2a: Glimmora\n|\n|win|Twitchy--gg\n|raw|Twitchy--gg's rating: 1114 &rarr; <strong>1133<\/strong><br \/>(+19 for winning)\n|raw|snorrebobb's rating: 1025 &rarr; <strong>1015<\/strong><br \/>(-10 for losing)\n|c|\u2606Twitchy--gg|gg\n|l|\u2606snorrebobb\n","uploadtime":1697806741,"views":16,"p1id":"twitchygg","p2id":"snorrebobb","formatid":"gen9doublesou","rating":1015,"private":0,"password":""}