{"id":"gen9doublesou-1993271546","p1":"sigmale69","p2":"tiputau madreu","format":"[Gen 9] Doubles OU","log":"|j|\u2606sigmale69\n|j|\u2606tiputau madreu\n|inactive|Battle timer is ON: inactive players will automatically lose when time's up.\n|t:|1700287809\n|gametype|doubles\n|player|p1|sigmale69|youngster-gen4dp|\n|player|p2|tiputau madreu|102|\n|teamsize|p1|6\n|teamsize|p2|6\n|gen|9\n|tier|[Gen 9] Doubles OU\n|rated|Tournament battle\n|rule|Species Clause: Limit one of each Pok\u00e9mon\n|rule|OHKO Clause: OHKO moves are banned\n|rule|Evasion Moves Clause: Evasion moves are banned\n|rule|Gravity Sleep Clause: The combination of sleep-inducing moves with imperfect accuracy and Gravity or Gigantamax Orbeetle are banned\n|rule|Endless Battle Clause: Forcing endless battles is banned\n|rule|HP Percentage Mod: HP is shown in percentages\n|rule|Camomons Mod: Pok\u00e9mon have their types set to match their first two moves.\n|clearpoke\n|poke|p1|Tornadus, M|\n|poke|p1|Iron Hands|\n|poke|p1|Ursaluna-Bloodmoon, M|\n|poke|p1|Flutter Mane|\n|poke|p1|Ogerpon-Hearthflame, F|\n|poke|p1|Chien-Pao|\n|poke|p2|Abomasnow, M|\n|poke|p2|Eiscue, M|\n|poke|p2|Mamoswine, M|\n|poke|p2|Glaceon, M|\n|poke|p2|Frosmoth, M|\n|poke|p2|Rotom-Frost|\n|teampreview\n|j|*Lady Monita \u2746\n|inactive|sigmale69 also wants the timer to be on.\n|\n|t:|1700287821\n|start\n|switch|p1a: Tornadus|Tornadus, M|100\/100\n|switch|p1b: Ogerpon|Ogerpon-Hearthflame, F|100\/100\n|switch|p2a: Abomasnow|Abomasnow, M|100\/100\n|switch|p2b: Eiscue|Eiscue, M|100\/100\n|-start|p1b: Ogerpon|typechange|Grass\/Normal|[silent]\n|-ability|p1b: Ogerpon|Mold Breaker\n|-start|p1a: Tornadus|typechange|Flying|[silent]\n|-start|p2b: Eiscue|typechange|Normal\/Water|[silent]\n|-start|p2a: Abomasnow|typechange|Grass\/Ice|[silent]\n|-weather|Snow|[from] ability: Snow Warning|[of] p2a: Abomasnow\n|-start|p1b: Ogerpon|typechange|Grass\/Normal|[silent]\n|-start|p2b: Eiscue|typechange|Normal\/Water|[silent]\n|turn|1\n|\n|t:|1700287840\n|move|p1a: Tornadus|Sunny Day|p1a: Tornadus\n|-weather|SunnyDay\n|move|p1b: Ogerpon|Horn Leech|p2b: Eiscue\n|-supereffective|p2b: Eiscue\n|-damage|p2b: Eiscue|4\/100\n|-enditem|p2b: Eiscue|Sitrus Berry|[eat]\n|-heal|p2b: Eiscue|28\/100|[from] item: Sitrus Berry\n|move|p2b: Eiscue|Belly Drum||[still]\n|-fail|p2b: Eiscue\n|move|p2a: Abomasnow|Aurora Veil||[still]\n|-fail|p2a: Abomasnow\n|\n|-weather|SunnyDay|[upkeep]\n|upkeep\n|turn|2\n|inactive|tiputau madreu has 120 seconds left.\n|\n|t:|1700287885\n|move|p1b: Ogerpon|Ivy Cudgel|p2a: Abomasnow|[anim] Ivy Cudgel Fire\n|-supereffective|p2a: Abomasnow\n|-damage|p2a: Abomasnow|0 fnt\n|faint|p2a: Abomasnow\n|move|p1a: Tornadus|Bleakwind Storm|p2b: Eiscue\n|-damage|p2b: Eiscue|0 fnt\n|faint|p2b: Eiscue\n|\n|-weather|SunnyDay|[upkeep]\n|upkeep\n|\n|t:|1700287902\n|switch|p2b: Rotom|Rotom-Frost|100\/100\n|switch|p2a: Mamoswine|Mamoswine, M|100\/100\n|-start|p2b: Rotom|typechange|Ice\/Electric|[silent]\n|-start|p2a: Mamoswine|typechange|Ground\/Ice|[silent]\n|-start|p2a: Mamoswine|typechange|Ground\/Ice|[silent]\n|-start|p2b: Rotom|typechange|Ice\/Electric|[silent]\n|turn|3\n|inactive|tiputau madreu has 120 seconds left.\n|\n|t:|1700287925\n|-terastallize|p1b: Ogerpon|Fire\n|detailschange|p1b: Ogerpon|Ogerpon-Hearthflame-Tera, F, tera:Fire\n|-ability|p1b: Ogerpon|Embody Aspect (Hearthflame)|boost\n|-boost|p1b: Ogerpon|atk|1\n|move|p1b: Ogerpon|Ivy Cudgel|p2b: Rotom|[anim] Ivy Cudgel Fire\n|-supereffective|p2b: Rotom\n|-damage|p2b: Rotom|0 fnt\n|faint|p2b: Rotom\n|move|p1a: Tornadus|Bleakwind Storm|p2a: Mamoswine\n|-damage|p2a: Mamoswine|48\/100\n|move|p2a: Mamoswine|Icicle Crash|p1b: Ogerpon\n|-resisted|p1b: Ogerpon\n|-damage|p1b: Ogerpon|76\/100\n|\n|-weather|SunnyDay|[upkeep]\n|-heal|p2a: Mamoswine|54\/100|[from] item: Leftovers\n|upkeep\n|\n|t:|1700287932\n|switch|p2b: Frosmoth|Frosmoth, M|100\/100\n|-start|p2b: Frosmoth|typechange|Ice\/Bug|[silent]\n|turn|4\n|\n|t:|1700287942\n|move|p1b: Ogerpon|Ivy Cudgel|p2b: Frosmoth|[anim] Ivy Cudgel Fire\n|-supereffective|p2b: Frosmoth\n|-damage|p2b: Frosmoth|0 fnt\n|faint|p2b: Frosmoth\n|move|p1a: Tornadus|Bleakwind Storm|p2a: Mamoswine\n|-damage|p2a: Mamoswine|0 fnt\n|faint|p2a: Mamoswine\n|\n|-weather|SunnyDay|[upkeep]\n|upkeep\n|\n|t:|1700287951\n|switch|p2b: Glaceon|Glaceon, M|100\/100\n|-start|p2b: Glaceon|typechange|Ice\/Normal|[silent]\n|-start|p2: Mamoswine|typechange|Ground\/Ice|[silent]\n|-start|p2b: Glaceon|typechange|Ice\/Normal|[silent]\n|turn|5\n|\n|t:|1700287965\n|move|p1b: Ogerpon|Ivy Cudgel|p2b: Glaceon|[anim] Ivy Cudgel Fire\n|-supereffective|p2b: Glaceon\n|-damage|p2b: Glaceon|0 fnt\n|faint|p2b: Glaceon\n|\n|win|sigmale69\n|n|\u2606sigmale69|sigmale69\n|n|\u2606tiputau madreu|tiputaumadreu\n|n|*Lady Monita \u2746|ladymonita\n","uploadtime":1700287967,"views":6,"p1id":"sigmale69","p2id":"tiputaumadreu","formatid":"gen9doublesou","rating":0,"private":0,"password":""}