{"id":"gen9doublesou-1969037476","p1":"CrazyJok3r","p2":"Thingsandsturf","format":"[Gen 9] Doubles OU","log":"|j|\u2606CrazyJok3r\n|j|\u2606Thingsandsturf\n|t:|1697484733\n|gametype|doubles\n|player|p1|CrazyJok3r|crasherwake|1377\n|player|p2|Thingsandsturf|102|1412\n|teamsize|p1|6\n|teamsize|p2|6\n|gen|9\n|tier|[Gen 9] Doubles OU\n|rated|\n|rule|Species Clause: Limit one of each Pok\u00e9mon\n|rule|OHKO Clause: OHKO moves are banned\n|rule|Evasion Moves Clause: Evasion moves are banned\n|rule|Gravity Sleep Clause: The combination of sleep-inducing moves with imperfect accuracy and Gravity or Gigantamax Orbeetle are banned\n|rule|Endless Battle Clause: Forcing endless battles is banned\n|rule|HP Percentage Mod: HP is shown in percentages\n|clearpoke\n|poke|p1|Pelipper, F|\n|poke|p1|Volcanion|\n|poke|p1|Milotic, M|\n|poke|p1|Toxicroak, F|\n|poke|p1|Basculegion, M|\n|poke|p1|Vaporeon, F|\n|poke|p2|Enamorus, F|\n|poke|p2|Dragapult, M|\n|poke|p2|Farigiraf, M|\n|poke|p2|Golduck, F|\n|poke|p2|Sneasler, F|\n|poke|p2|Grimmsnarl, M|\n|teampreview\n|inactive|Battle timer is ON: inactive players will automatically lose when time's up. (requested by Thingsandsturf)\n|inactive|Thingsandsturf has 120 seconds left.\n|\n|t:|1697484767\n|start\n|switch|p1a: Milotic|Milotic, M, shiny|100\/100\n|switch|p1b: Vaporeon|Vaporeon, F, shiny|100\/100\n|switch|p2a: Grimmsnarl|Grimmsnarl, M|100\/100\n|switch|p2b: Sneasler|Sneasler, F|100\/100\n|turn|1\n|l|\u2606CrazyJok3r\n|inactive|CrazyJok3r disconnected and has a minute to reconnect!\n|player|p1|\n|j|\u2606CrazyJok3r\n|inactive|CrazyJok3r reconnected and has 130 seconds left.\n|player|p1|CrazyJok3r|crasherwake\n|inactive|CrazyJok3r has 120 seconds left.\n|\n|t:|1697484798\n|move|p2a: Grimmsnarl|Light Screen|p2a: Grimmsnarl\n|-sidestart|p2: Thingsandsturf|move: Light Screen\n|move|p2b: Sneasler|Dire Claw|p1a: Milotic\n|-damage|p1a: Milotic|42\/100\n|-status|p1a: Milotic|slp\n|cant|p1a: Milotic|slp\n|move|p1b: Vaporeon|Acid Armor|p1b: Vaporeon\n|-boost|p1b: Vaporeon|def|2\n|\n|upkeep\n|turn|2\n|\n|t:|1697484817\n|move|p2a: Grimmsnarl|Parting Shot|p1b: Vaporeon\n|-unboost|p1b: Vaporeon|atk|1\n|-unboost|p1b: Vaporeon|spa|1\n|\n|t:|1697484822\n|switch|p2a: Farigiraf|Farigiraf, M|100\/100|[from] Parting Shot\n|move|p2b: Sneasler|Dire Claw|p1b: Vaporeon\n|-damage|p1b: Vaporeon|73\/100\n|-status|p1b: Vaporeon|psn\n|cant|p1a: Milotic|slp\n|move|p1b: Vaporeon|Calm Mind|p1b: Vaporeon\n|-boost|p1b: Vaporeon|spa|1\n|-boost|p1b: Vaporeon|spd|1\n|\n|-heal|p1b: Vaporeon|79\/100 psn|[from] item: Leftovers\n|-damage|p1b: Vaporeon|67\/100 psn|[from] psn\n|upkeep\n|turn|3\n|\n|t:|1697484845\n|move|p2b: Sneasler|Dire Claw|p1a: Milotic\n|-damage|p1a: Milotic|6\/100 slp\n|-curestatus|p1a: Milotic|slp|[msg]\n|move|p1a: Milotic|Surf|p2b: Sneasler|[spread] p2a,p2b\n|-heal|p1b: Vaporeon|92\/100 psn|[from] ability: Water Absorb|[of] p1a: Milotic\n|-damage|p2a: Farigiraf|82\/100\n|-damage|p2b: Sneasler|69\/100\n|move|p1b: Vaporeon|Acid Armor|p1b: Vaporeon\n|-boost|p1b: Vaporeon|def|2\n|move|p2a: Farigiraf|Roar|p1b: Vaporeon\n|drag|p1b: Pelipper|Pelipper, F, shiny|100\/100\n|-weather|RainDance|[from] ability: Drizzle|[of] p1b: Pelipper\n|\n|-weather|RainDance|[upkeep]\n|-status|p1a: Milotic|brn|[from] item: Flame Orb\n|upkeep\n|turn|4\n|l|\u2606CrazyJok3r\n|inactive|CrazyJok3r disconnected and has a minute to reconnect!\n|player|p1|\n|c|\u2606Thingsandsturf|Interesting.\n|j|\u2606CrazyJok3r\n|inactive|CrazyJok3r reconnected and has 125 seconds left.\n|player|p1|CrazyJok3r|crasherwake\n|inactive|CrazyJok3r has 120 seconds left.\n|inactive|Thingsandsturf has 120 seconds left.\n|c|\u2606Thingsandsturf|58% then 36%\n|c|\u2606Thingsandsturf|Interesting\n|inactive|Thingsandsturf has 90 seconds left.\n|\n|t:|1697484921\n|move|p2b: Sneasler|U-turn|p1a: Milotic\n|-damage|p1a: Milotic|0 fnt\n|faint|p1a: Milotic\n|\n|t:|1697484928\n|switch|p2b: Golduck|Golduck, F|100\/100|[from] U-turn\n|-ability|p2b: Golduck|Cloud Nine\n|move|p1b: Pelipper|Hurricane|p2b: Golduck\n|-damage|p2b: Golduck|68\/100\n|-start|p2b: Golduck|confusion\n|move|p2a: Farigiraf|Thunder Wave|p1b: Pelipper\n|-status|p1b: Pelipper|par\n|\n|-weather|RainDance|[upkeep]\n|-heal|p2b: Golduck|74\/100|[from] item: Leftovers\n|upkeep\n|inactive|CrazyJok3r has 120 seconds left.\n|\n|t:|1697484959\n|switch|p1a: Volcanion|Volcanion|100\/100\n|turn|5\n|inactive|CrazyJok3r has 120 seconds left.\n|\n|t:|1697484981\n|-activate|p2b: Golduck|confusion\n|move|p2b: Golduck|Yawn|p1a: Volcanion\n|-start|p1a: Volcanion|move: Yawn|[of] p2b: Golduck\n|move|p1a: Volcanion|Steam Eruption|p2a: Farigiraf\n|-damage|p2a: Farigiraf|47\/100\n|move|p2a: Farigiraf|Twin Beam|p1b: Pelipper\n|-damage|p1b: Pelipper|79\/100 par\n|-damage|p1b: Pelipper|56\/100 par\n|-hitcount|p1b: Pelipper|2\n|move|p1b: Pelipper|Ice Beam|p2a: Farigiraf\n|-damage|p2a: Farigiraf|31\/100\n|\n|-weather|RainDance|[upkeep]\n|-heal|p2b: Golduck|80\/100|[from] item: Leftovers\n|upkeep\n|turn|6\n|inactive|CrazyJok3r has 120 seconds left.\n|inactive|Thingsandsturf has 90 seconds left.\n|\n|t:|1697485014\n|switch|p2b: Dragapult|Dragapult, M|100\/100\n|move|p1a: Volcanion|Earth Power|p2b: Dragapult\n|-damage|p2b: Dragapult|71\/100\n|move|p2a: Farigiraf|Thunder Wave|p1a: Volcanion\n|-status|p1a: Volcanion|par\n|move|p1b: Pelipper|Ice Beam|p2a: Farigiraf\n|-damage|p2a: Farigiraf|14\/100\n|-enditem|p2a: Farigiraf|Aguav Berry|[eat]\n|-heal|p2a: Farigiraf|47\/100|[from] item: Aguav Berry\n|\n|-weather|RainDance|[upkeep]\n|-end|p1a: Volcanion|move: Yawn|[silent]\n|upkeep\n|turn|7\n|inactive|CrazyJok3r has 120 seconds left.\n|inactive|Thingsandsturf has 90 seconds left.\n|\n|t:|1697485044\n|move|p2b: Dragapult|Phantom Force||[still]\n|-prepare|p2b: Dragapult|Phantom Force\n|move|p2a: Farigiraf|Twin Beam|p1b: Pelipper\n|-damage|p1b: Pelipper|35\/100 par\n|-damage|p1b: Pelipper|13\/100 par\n|-hitcount|p1b: Pelipper|2\n|cant|p1a: Volcanion|par\n|move|p1b: Pelipper|Ice Beam|p2b: Dragapult|[miss]\n|-miss|p1b: Pelipper|p2b: Dragapult\n|\n|-weather|RainDance|[upkeep]\n|upkeep\n|turn|8\n|\n|t:|1697485063\n|switch|p2a: Golduck|Golduck, F|80\/100\n|-ability|p2a: Golduck|Cloud Nine\n|move|p2b: Dragapult|Phantom Force|p1b: Pelipper|[from]lockedmove\n|-damage|p1b: Pelipper|0 fnt\n|faint|p1b: Pelipper\n|move|p1a: Volcanion|Steam Eruption|p2a: Golduck\n|-resisted|p2a: Golduck\n|-damage|p2a: Golduck|60\/100\n|\n|-weather|RainDance|[upkeep]\n|-heal|p2a: Golduck|66\/100|[from] item: Leftovers\n|-sideend|p2: Thingsandsturf|move: Light Screen\n|upkeep\n|inactive|CrazyJok3r has 120 seconds left.\n|l|\u2606CrazyJok3r\n|inactive|CrazyJok3r disconnected and has a minute to reconnect!\n|player|p1|\n|j|\u2606CrazyJok3r\n|inactive|CrazyJok3r reconnected and has 95 seconds left.\n|player|p1|CrazyJok3r|crasherwake\n|inactive|CrazyJok3r has 90 seconds left.\n|\n|t:|1697485104\n|switch|p1b: Vaporeon|Vaporeon, F, shiny|92\/100 psn\n|turn|9\n|inactive|Thingsandsturf has 120 seconds left.\n|\n|t:|1697485121\n|switch|p2a: Grimmsnarl|Grimmsnarl, M|100\/100\n|move|p2b: Dragapult|Phantom Force||[still]\n|-prepare|p2b: Dragapult|Phantom Force\n|move|p1b: Vaporeon|Calm Mind|p1b: Vaporeon\n|-boost|p1b: Vaporeon|spa|1\n|-boost|p1b: Vaporeon|spd|1\n|move|p1a: Volcanion|Earth Power|p2a: Grimmsnarl\n|-damage|p2a: Grimmsnarl|64\/100\n|-unboost|p2a: Grimmsnarl|spd|1\n|\n|-weather|RainDance|[upkeep]\n|-heal|p1b: Vaporeon|98\/100 psn|[from] item: Leftovers\n|-damage|p1b: Vaporeon|86\/100 psn|[from] psn\n|upkeep\n|turn|10\n|inactive|CrazyJok3r has 120 seconds left.\n|\n|t:|1697485139\n|move|p2a: Grimmsnarl|Parting Shot|p1b: Vaporeon\n|-unboost|p1b: Vaporeon|atk|1\n|-unboost|p1b: Vaporeon|spa|1\n|\n|t:|1697485143\n|switch|p2a: Golduck|Golduck, F|66\/100|[from] Parting Shot\n|-ability|p2a: Golduck|Cloud Nine\n|move|p2b: Dragapult|Phantom Force|p1b: Vaporeon|[from]lockedmove\n|-damage|p1b: Vaporeon|13\/100 psn\n|move|p1b: Vaporeon|Surf|p2a: Golduck|[spread] p2a,p2b\n|-immune|p1a: Volcanion|[from] ability: Water Absorb\n|-resisted|p2a: Golduck\n|-resisted|p2b: Dragapult\n|-damage|p2a: Golduck|51\/100\n|-damage|p2b: Dragapult|48\/100\n|cant|p1a: Volcanion|par\n|\n|-weather|none\n|-heal|p2a: Golduck|57\/100|[from] item: Leftovers\n|-heal|p1b: Vaporeon|19\/100 psn|[from] item: Leftovers\n|-damage|p1b: Vaporeon|7\/100 psn|[from] psn\n|upkeep\n|turn|11\n|l|\u2606CrazyJok3r\n|inactive|CrazyJok3r disconnected and has a minute to reconnect!\n|player|p1|\n|j|\u2606CrazyJok3r\n|inactive|CrazyJok3r reconnected and has 120 seconds left.\n|player|p1|CrazyJok3r|crasherwake\n|\n|t:|1697485182\n|-terastallize|p1a: Volcanion|Ground\n|move|p2b: Dragapult|Phantom Force||[still]\n|-prepare|p2b: Dragapult|Phantom Force\n|move|p2a: Golduck|Chilling Water|p1b: Vaporeon\n|-heal|p1b: Vaporeon|31\/100 psn|[from] ability: Water Absorb|[of] p2a: Golduck\n|move|p1b: Vaporeon|Surf|p2a: Golduck|[spread] p2a\n|-miss|p1b: Vaporeon|p2b: Dragapult\n|-immune|p1a: Volcanion|[from] ability: Water Absorb\n|-resisted|p2a: Golduck\n|-damage|p2a: Golduck|40\/100\n|move|p1a: Volcanion|Earth Power|p2b: Dragapult|[miss]\n|-miss|p1a: Volcanion|p2b: Dragapult\n|\n|-heal|p2a: Golduck|46\/100|[from] item: Leftovers\n|-heal|p1b: Vaporeon|37\/100 psn|[from] item: Leftovers\n|-damage|p1b: Vaporeon|25\/100 psn|[from] psn\n|upkeep\n|turn|12\n|inactive|CrazyJok3r has 120 seconds left.\n|\n|t:|1697485209\n|move|p2b: Dragapult|Phantom Force|p1a: Volcanion|[from]lockedmove\n|-damage|p1a: Volcanion|51\/100 par\n|move|p2a: Golduck|Ice Beam|p1a: Volcanion\n|-supereffective|p1a: Volcanion\n|-damage|p1a: Volcanion|20\/100 par\n|move|p1b: Vaporeon|Surf|p2b: Dragapult|[spread] p2a,p2b\n|-heal|p1a: Volcanion|45\/100 par|[from] ability: Water Absorb|[of] p1b: Vaporeon\n|-resisted|p2a: Golduck\n|-resisted|p2b: Dragapult\n|-damage|p2a: Golduck|31\/100\n|-damage|p2b: Dragapult|26\/100\n|move|p1a: Volcanion|Earth Power|p2a: Golduck\n|-damage|p2a: Golduck|0 fnt\n|faint|p2a: Golduck\n|\n|-heal|p1b: Vaporeon|31\/100 psn|[from] item: Leftovers\n|-damage|p1b: Vaporeon|19\/100 psn|[from] psn\n|upkeep\n|inactive|Thingsandsturf has 120 seconds left.\n|\n|t:|1697485234\n|switch|p2a: Grimmsnarl|Grimmsnarl, M|64\/100\n|turn|13\n|\n|t:|1697485240\n|move|p2a: Grimmsnarl|Light Screen|p2a: Grimmsnarl\n|-sidestart|p2: Thingsandsturf|move: Light Screen\n|move|p2b: Dragapult|Phantom Force||[still]\n|-prepare|p2b: Dragapult|Phantom Force\n|move|p1b: Vaporeon|Surf|p2a: Grimmsnarl|[spread] p2a\n|-miss|p1b: Vaporeon|p2b: Dragapult\n|-heal|p1a: Volcanion|69\/100 par|[from] ability: Water Absorb|[of] p1b: Vaporeon\n|-damage|p2a: Grimmsnarl|41\/100\n|move|p1a: Volcanion|Flash Cannon|p2a: Grimmsnarl\n|-supereffective|p2a: Grimmsnarl\n|-damage|p2a: Grimmsnarl|2\/100\n|\n|-heal|p1b: Vaporeon|25\/100 psn|[from] item: Leftovers\n|-damage|p1b: Vaporeon|13\/100 psn|[from] psn\n|upkeep\n|turn|14\n|l|\u2606CrazyJok3r\n|inactive|CrazyJok3r disconnected and has a minute to reconnect!\n|player|p1|\n|j|\u2606CrazyJok3r\n|inactive|CrazyJok3r reconnected and has 125 seconds left.\n|player|p1|CrazyJok3r|crasherwake\n|inactive|CrazyJok3r has 120 seconds left.\n|\n|t:|1697485272\n|move|p2a: Grimmsnarl|Parting Shot|p1a: Volcanion\n|-unboost|p1a: Volcanion|atk|1\n|-unboost|p1a: Volcanion|spa|1\n|\n|t:|1697485282\n|switch|p2a: Farigiraf|Farigiraf, M|47\/100|[from] Parting Shot\n|move|p2b: Dragapult|Phantom Force|p1b: Vaporeon|[from]lockedmove\n|-damage|p1b: Vaporeon|0 fnt\n|faint|p1b: Vaporeon\n|move|p1a: Volcanion|Earth Power|p2b: Dragapult\n|-damage|p2b: Dragapult|0 fnt\n|faint|p2b: Dragapult\n|\n|upkeep\n|\n|t:|1697485299\n|switch|p2b: Enamorus|Enamorus, F|100\/100\n|switch|p1b: Toxicroak|Toxicroak, F|100\/100\n|turn|15\n|\n|t:|1697485315\n|-terastallize|p2b: Enamorus|Fighting\n|move|p2b: Enamorus|Moonblast|p1a: Volcanion\n|-damage|p1a: Volcanion|28\/100 par\n|move|p1b: Toxicroak|Poison Jab|p2b: Enamorus\n|-damage|p2b: Enamorus|40\/100\n|move|p2a: Farigiraf|Twin Beam|p1b: Toxicroak\n|-supereffective|p1b: Toxicroak\n|-damage|p1b: Toxicroak|3\/100\n|-supereffective|p1b: Toxicroak\n|-damage|p1b: Toxicroak|0 fnt\n|faint|p1b: Toxicroak\n|-hitcount|p1: Toxicroak|2\n|move|p1a: Volcanion|Earth Power|p2a: Farigiraf\n|-damage|p2a: Farigiraf|28\/100\n|-unboost|p2a: Farigiraf|spd|1\n|\n|upkeep\n|l|\u2606CrazyJok3r\n|inactive|CrazyJok3r disconnected and has a minute to reconnect!\n|player|p1|\n|j|\u2606CrazyJok3r\n|inactive|CrazyJok3r reconnected and has 125 seconds left.\n|player|p1|CrazyJok3r|crasherwake\n|inactive|CrazyJok3r has 120 seconds left.\n|l|\u2606CrazyJok3r\n|inactive|CrazyJok3r disconnected and has a minute to reconnect!\n|player|p1|\n|j|\u2606CrazyJok3r\n|inactive|CrazyJok3r reconnected and has 100 seconds left.\n|player|p1|CrazyJok3r|crasherwake\n|inactive|CrazyJok3r has 90 seconds left.\n|\n|t:|1697485386\n|switch|p1b: Basculegion|Basculegion, M|100\/100\n|turn|16\n|c|\u2606Thingsandsturf|Turn the luck hax on!\n|inactive|CrazyJok3r has 90 seconds left.\n|n|!Thingsandsturf|thingsandsturf\n|\n|t:|1697485411\n|move|p2b: Enamorus|Moonblast|p1a: Volcanion\n|-damage|p1a: Volcanion|0 fnt\n|faint|p1a: Volcanion\n|move|p1b: Basculegion|Liquidation|p2a: Farigiraf\n|-damage|p2a: Farigiraf|0 fnt\n|faint|p2a: Farigiraf\n|\n|upkeep\n|\n|t:|1697485420\n|switch|p2a: Grimmsnarl|Grimmsnarl, M|2\/100\n|turn|17\n|\n|t:|1697485429\n|move|p2a: Grimmsnarl|Reflect|p2a: Grimmsnarl\n|-sidestart|p2: Thingsandsturf|Reflect\n|move|p2b: Enamorus|Moonblast|p1b: Basculegion\n|-damage|p1b: Basculegion|59\/100\n|-unboost|p1b: Basculegion|spa|1\n|move|p1b: Basculegion|Last Respects|p2b: Enamorus\n|-damage|p2b: Enamorus|0 fnt\n|faint|p2b: Enamorus\n|\n|upkeep\n|\n|t:|1697485439\n|switch|p2b: Sneasler|Sneasler, F|69\/100\n|turn|18\n|\n|t:|1697485447\n|move|p2b: Sneasler|Fake Out|p1b: Basculegion\n|-immune|p1b: Basculegion\n|move|p2a: Grimmsnarl|Parting Shot|p1b: Basculegion\n|-unboost|p1b: Basculegion|atk|1\n|-unboost|p1b: Basculegion|spa|1\n|move|p1b: Basculegion|Psychic Fangs|p2b: Sneasler\n|-sideend|p2: Thingsandsturf|Reflect\n|-sideend|p2: Thingsandsturf|move: Light Screen\n|-supereffective|p2b: Sneasler\n|-damage|p2b: Sneasler|0 fnt\n|faint|p2b: Sneasler\n|\n|upkeep\n|turn|19\n|\n|t:|1697485461\n|move|p1b: Basculegion|Last Respects|p2a: Grimmsnarl\n|-resisted|p2a: Grimmsnarl\n|-damage|p2a: Grimmsnarl|0 fnt\n|faint|p2a: Grimmsnarl\n|\n|win|CrazyJok3r\n|raw|CrazyJok3r's rating: 1377 &rarr; <strong>1399<\/strong><br \/>(+22 for winning)\n|raw|Thingsandsturf's rating: 1412 &rarr; <strong>1390<\/strong><br \/>(-22 for losing)\n","uploadtime":1697485399,"views":9,"p1id":"crazyjok3r","p2id":"thingsandsturf","formatid":"gen9doublesou","rating":1390,"private":0,"password":""}