{"id":"gen9doublesou-1976859089","p1":"Coderyuko","p2":"Meeshanator","format":"[Gen 9] Doubles OU","log":"|j|\u2606Coderyuko\n|j|\u2606Meeshanator\n|t:|1698347156\n|gametype|doubles\n|player|p1|Coderyuko|102|1146\n|player|p2|Meeshanator|fisherman-gen4|1152\n|teamsize|p1|6\n|teamsize|p2|6\n|gen|9\n|tier|[Gen 9] Doubles OU\n|rated|\n|rule|Species Clause: Limit one of each Pok\u00e9mon\n|rule|OHKO Clause: OHKO moves are banned\n|rule|Evasion Moves Clause: Evasion moves are banned\n|rule|Gravity Sleep Clause: The combination of sleep-inducing moves with imperfect accuracy and Gravity or Gigantamax Orbeetle are banned\n|rule|Endless Battle Clause: Forcing endless battles is banned\n|rule|HP Percentage Mod: HP is shown in percentages\n|clearpoke\n|poke|p1|Lurantis, F|\n|poke|p1|Murkrow, M|\n|poke|p1|Rillaboom, M|\n|poke|p1|Diancie|\n|poke|p1|Dipplin, F|\n|poke|p1|Ursaluna-Bloodmoon, M|\n|poke|p2|Umbreon, M|\n|poke|p2|Espeon, F|\n|poke|p2|Ursaring, F|\n|poke|p2|Gyarados, F|\n|poke|p2|Tyranitar, F|\n|poke|p2|Scyther, F|\n|teampreview\n|\n|t:|1698347159\n|start\n|switch|p1a: Lurantis|Lurantis, F|100\/100\n|switch|p1b: Murkrow|Murkrow, M|100\/100\n|switch|p2a: Umbreon|Umbreon, M, shiny|100\/100\n|switch|p2b: Espeon|Espeon, F|100\/100\n|turn|1\n|\n|t:|1698347175\n|move|p1b: Murkrow|Tailwind|p1b: Murkrow\n|-sidestart|p1: Coderyuko|move: Tailwind\n|move|p2b: Espeon|Dazzling Gleam|p1b: Murkrow|[spread] p1a,p1b\n|-crit|p1a: Lurantis\n|-supereffective|p1b: Murkrow\n|-damage|p1a: Lurantis|69\/100\n|-damage|p1b: Murkrow|29\/100\n|-damage|p2b: Espeon|91\/100|[from] item: Life Orb\n|move|p1a: Lurantis|Superpower|p2a: Umbreon\n|-supereffective|p2a: Umbreon\n|-damage|p2a: Umbreon|44\/100\n|-boost|p1a: Lurantis|atk|1\n|-boost|p1a: Lurantis|def|1\n|move|p2a: Umbreon|Reflect|p2a: Umbreon\n|-sidestart|p2: Meeshanator|Reflect\n|\n|upkeep\n|turn|2\n|\n|t:|1698347197\n|switch|p2a: Scyther|Scyther, F|100\/100\n|move|p1b: Murkrow|Feather Dance|p1a: Lurantis\n|-boost|p1a: Lurantis|atk|2\n|move|p2b: Espeon|Dazzling Gleam|p1a: Lurantis|[spread] p1a,p1b\n|-supereffective|p1b: Murkrow\n|-damage|p1a: Lurantis|51\/100\n|-damage|p1b: Murkrow|0 fnt\n|faint|p1b: Murkrow\n|-damage|p2b: Espeon|81\/100|[from] item: Life Orb\n|move|p1a: Lurantis|Superpower|p2a: Scyther\n|-resisted|p2a: Scyther\n|-damage|p2a: Scyther|88\/100\n|-boost|p1a: Lurantis|atk|1\n|-boost|p1a: Lurantis|def|1\n|\n|upkeep\n|\n|t:|1698347212\n|switch|p1b: Rillaboom|Rillaboom, M|100\/100\n|-fieldstart|move: Grassy Terrain|[from] ability: Grassy Surge|[of] p1b: Rillaboom\n|turn|3\n|\n|t:|1698347228\n|move|p1b: Rillaboom|Fake Out|p2a: Scyther\n|-damage|p2a: Scyther|81\/100\n|move|p2b: Espeon|Psychic|p1a: Lurantis\n|-damage|p1a: Lurantis|4\/100\n|-damage|p2b: Espeon|71\/100|[from] item: Life Orb\n|move|p1a: Lurantis|Leech Life|p2b: Espeon\n|-supereffective|p2b: Espeon\n|-damage|p2b: Espeon|0 fnt\n|-heal|p1a: Lurantis|32\/100|[from] drain|[of] p2b: Espeon\n|faint|p2b: Espeon\n|cant|p2a: Scyther|flinch\n|\n|-heal|p1a: Lurantis|38\/100|[from] Grassy Terrain\n|upkeep\n|inactive|Battle timer is ON: inactive players will automatically lose when time's up. (requested by Coderyuko)\n|\n|t:|1698347264\n|switch|p2b: Umbreon|Umbreon, M, shiny|44\/100\n|turn|4\n|\n|t:|1698347276\n|move|p1b: Rillaboom|U-turn|p2a: Scyther\n|-resisted|p2a: Scyther\n|-damage|p2a: Scyther|75\/100\n|\n|t:|1698347280\n|switch|p1b: Diancie|Diancie|100\/100|[from] U-turn\n|move|p1a: Lurantis|Leech Life|p2b: Umbreon\n|-supereffective|p2b: Umbreon\n|-damage|p2b: Umbreon|0 fnt\n|-heal|p1a: Lurantis|60\/100|[from] drain|[of] p2b: Umbreon\n|faint|p2b: Umbreon\n|move|p2a: Scyther|Aerial Ace|p1a: Lurantis\n|-supereffective|p1a: Lurantis\n|-damage|p1a: Lurantis|19\/100\n|\n|-heal|p1a: Lurantis|26\/100|[from] Grassy Terrain\n|-sideend|p1: Coderyuko|move: Tailwind\n|upkeep\n|\n|t:|1698347294\n|switch|p2b: Gyarados|Gyarados, F, shiny|100\/100\n|turn|5\n|inactive|Coderyuko has 120 seconds left.\n|inactive|Coderyuko has 90 seconds left.\n|c|\u2606Meeshanator|?\n|\n|t:|1698347376\n|move|p1a: Lurantis|Grassy Glide|p2b: Gyarados\n|-damage|p2b: Gyarados|7\/100\n|move|p2b: Gyarados|Dragon Dance|p2b: Gyarados\n|-boost|p2b: Gyarados|atk|1\n|-boost|p2b: Gyarados|spe|1\n|move|p2a: Scyther|Aerial Ace|p1a: Lurantis\n|-supereffective|p1a: Lurantis\n|-damage|p1a: Lurantis|0 fnt\n|faint|p1a: Lurantis\n|move|p1b: Diancie|Diamond Storm|p2a: Scyther|[spread] p2a,p2b\n|-supereffective|p2a: Scyther\n|-supereffective|p2b: Gyarados\n|-damage|p2a: Scyther|25\/100\n|-damage|p2b: Gyarados|0 fnt\n|-boost|p1b: Diancie|def|2\n|faint|p2b: Gyarados\n|\n|upkeep\n|inactive|Coderyuko has 90 seconds left.\n|\n|t:|1698347396\n|switch|p2b: Tyranitar|Tyranitar, F|100\/100\n|switch|p1a: Dipplin|Dipplin, F|100\/100\n|-weather|Sandstorm|[from] ability: Sand Stream|[of] p2b: Tyranitar\n|-ability|p1a: Dipplin|Supersweet Syrup\n|-ability|p1a: Dipplin|Supersweet Syrup|boost\n|-unboost|p2a: Scyther|evasion|1\n|-unboost|p2b: Tyranitar|evasion|1\n|turn|6\n|c|\u2606Coderyuko|apologies, in the middle of smth while doing this lol\n|inactive|Coderyuko has 90 seconds left.\n|\n|t:|1698347417\n|-terastallize|p1b: Diancie|Steel\n|move|p2a: Scyther|Bug Bite|p1a: Dipplin\n|-supereffective|p1a: Dipplin\n|-crit|p1a: Dipplin\n|-damage|p1a: Dipplin|41\/100\n|move|p1b: Diancie|Diamond Storm|p2a: Scyther|[spread] p2a,p2b\n|-supereffective|p2a: Scyther\n|-damage|p2a: Scyther|0 fnt\n|-damage|p2b: Tyranitar|88\/100\n|-boost|p1b: Diancie|def|2\n|faint|p2a: Scyther\n|move|p2b: Tyranitar|Thunderbolt|p1b: Diancie\n|-damage|p1b: Diancie|71\/100\n|move|p1a: Dipplin|Syrup Bomb|p2b: Tyranitar\n|-supereffective|p2b: Tyranitar\n|-damage|p2b: Tyranitar|52\/100\n|-start|p2b: Tyranitar|Syrup Bomb\n|\n|-weather|Sandstorm|[upkeep]\n|-damage|p1a: Dipplin|35\/100|[from] Sandstorm\n|-heal|p1b: Diancie|78\/100|[from] Grassy Terrain\n|-heal|p2b: Tyranitar|58\/100|[from] Grassy Terrain\n|-heal|p1a: Dipplin|41\/100|[from] Grassy Terrain\n|-unboost|p2b: Tyranitar|spe|1\n|upkeep\n|\n|t:|1698347428\n|switch|p2a: Ursaring|Ursaring, F|100\/100\n|turn|7\n|\n|t:|1698347450\n|move|p1b: Diancie|Moonblast|p2b: Tyranitar\n|-supereffective|p2b: Tyranitar\n|-damage|p2b: Tyranitar|14\/100\n|-unboost|p2b: Tyranitar|spa|1\n|move|p2a: Ursaring|Bulk Up|p2a: Ursaring\n|-boost|p2a: Ursaring|atk|1\n|-boost|p2a: Ursaring|def|1\n|move|p1a: Dipplin|Recover|p1a: Dipplin\n|-heal|p1a: Dipplin|91\/100\n|move|p2b: Tyranitar|Flamethrower|p1b: Diancie\n|-supereffective|p1b: Diancie\n|-damage|p1b: Diancie|37\/100\n|\n|-weather|Sandstorm|[upkeep]\n|-damage|p2a: Ursaring|94\/100|[from] Sandstorm\n|-damage|p1a: Dipplin|85\/100|[from] Sandstorm\n|-heal|p1b: Diancie|43\/100|[from] Grassy Terrain\n|-heal|p2a: Ursaring|100\/100|[from] Grassy Terrain\n|-heal|p1a: Dipplin|91\/100|[from] Grassy Terrain\n|-heal|p2b: Tyranitar|20\/100|[from] Grassy Terrain\n|-unboost|p2b: Tyranitar|spe|1\n|upkeep\n|turn|8\n|inactive|Coderyuko has 120 seconds left.\n|c|\u2606Meeshanator|np I think gg\n|\n|t:|1698347475\n|move|p1b: Diancie|Diamond Storm|p2a: Ursaring|[spread] p2a,p2b\n|-damage|p2a: Ursaring|92\/100\n|-damage|p2b: Tyranitar|6\/100\n|move|p2a: Ursaring|Body Slam|p1b: Diancie\n|-resisted|p1b: Diancie\n|-damage|p1b: Diancie|34\/100\n|move|p1a: Dipplin|Pollen Puff|p1b: Diancie\n|-heal|p1b: Diancie|84\/100\n|move|p2b: Tyranitar|Flamethrower|p1b: Diancie\n|-supereffective|p1b: Diancie\n|-damage|p1b: Diancie|50\/100\n|\n|-weather|Sandstorm|[upkeep]\n|-damage|p2a: Ursaring|86\/100|[from] Sandstorm\n|-damage|p1a: Dipplin|85\/100|[from] Sandstorm\n|-heal|p1b: Diancie|56\/100|[from] Grassy Terrain\n|-heal|p2a: Ursaring|92\/100|[from] Grassy Terrain\n|-heal|p1a: Dipplin|91\/100|[from] Grassy Terrain\n|-heal|p2b: Tyranitar|12\/100|[from] Grassy Terrain\n|-unboost|p2b: Tyranitar|spe|1\n|-sideend|p2: Meeshanator|Reflect\n|upkeep\n|turn|9\n|c|\u2606Meeshanator|cool team\n|inactive|Coderyuko has 120 seconds left.\n|\n|t:|1698347505\n|move|p1b: Diancie|Diamond Storm|p2a: Ursaring|[spread] p2b\n|-miss|p1b: Diancie|p2a: Ursaring\n|-crit|p2b: Tyranitar\n|-damage|p2b: Tyranitar|0 fnt\n|faint|p2b: Tyranitar\n|move|p2a: Ursaring|Body Slam|p1a: Dipplin\n|-damage|p1a: Dipplin|60\/100\n|move|p1a: Dipplin|Syrup Bomb|p2a: Ursaring\n|-damage|p2a: Ursaring|67\/100\n|-start|p2a: Ursaring|Syrup Bomb\n|\n|-weather|Sandstorm|[upkeep]\n|-damage|p2a: Ursaring|61\/100|[from] Sandstorm\n|-damage|p1a: Dipplin|54\/100|[from] Sandstorm\n|-heal|p1b: Diancie|62\/100|[from] Grassy Terrain\n|-heal|p2a: Ursaring|67\/100|[from] Grassy Terrain\n|-heal|p1a: Dipplin|60\/100|[from] Grassy Terrain\n|-unboost|p2a: Ursaring|spe|1\n|upkeep\n|turn|10\n|inactive|Coderyuko has 120 seconds left.\n|\n|t:|1698347532\n|move|p1b: Diancie|Moonblast|p2a: Ursaring\n|-damage|p2a: Ursaring|37\/100\n|move|p1a: Dipplin|Dragon Pulse|p2a: Ursaring\n|-damage|p2a: Ursaring|9\/100\n|move|p2a: Ursaring|Body Slam|p1a: Dipplin\n|-damage|p1a: Dipplin|26\/100\n|\n|-weather|none\n|-heal|p1b: Diancie|69\/100|[from] Grassy Terrain\n|-heal|p1a: Dipplin|32\/100|[from] Grassy Terrain\n|-heal|p2a: Ursaring|15\/100|[from] Grassy Terrain\n|-unboost|p2a: Ursaring|spe|1\n|-fieldend|move: Grassy Terrain\n|upkeep\n|turn|11\n|inactive|Coderyuko has 120 seconds left.\n|\n|t:|1698347547\n|move|p1b: Diancie|Moonblast|p2a: Ursaring\n|-damage|p2a: Ursaring|0 fnt\n|faint|p2a: Ursaring\n|\n|win|Coderyuko\n|raw|Coderyuko's rating: 1146 &rarr; <strong>1173<\/strong><br \/>(+27 for winning)\n|raw|Meeshanator's rating: 1169 &rarr; <strong>1142<\/strong><br \/>(-27 for losing)\n|c|\u2606Coderyuko|thx!! and gg\n|l|\u2606Meeshanator\n","uploadtime":1698347563,"views":14,"p1id":"coderyuko","p2id":"meeshanator","formatid":"gen9doublesou","rating":1142,"private":0,"password":""}