{"id":"gen9doublesou-1984093339","p1":"maximussy","p2":"Skeliton Lord","format":"[Gen 9] Doubles OU","log":"|j|\u2606maximussy\n|j|\u2606Skeliton Lord\n|t:|1699217966\n|gametype|doubles\n|player|p1|maximussy|fisherman-gen4|1366\n|player|p2|Skeliton Lord|265|1364\n|teamsize|p1|6\n|teamsize|p2|6\n|gen|9\n|tier|[Gen 9] Doubles OU\n|rated|\n|rule|Species Clause: Limit one of each Pok\u00e9mon\n|rule|OHKO Clause: OHKO moves are banned\n|rule|Evasion Moves Clause: Evasion moves are banned\n|rule|Gravity Sleep Clause: The combination of sleep-inducing moves with imperfect accuracy and Gravity or Gigantamax Orbeetle are banned\n|rule|Endless Battle Clause: Forcing endless battles is banned\n|rule|HP Percentage Mod: HP is shown in percentages\n|clearpoke\n|poke|p1|Ogerpon-Hearthflame, F|\n|poke|p1|Iron Hands|\n|poke|p1|Flutter Mane|\n|poke|p1|Landorus-Therian, M|\n|poke|p1|Kingambit, M|\n|poke|p1|Walking Wake|\n|poke|p2|Flutter Mane|\n|poke|p2|Tornadus, M|\n|poke|p2|Great Tusk|\n|poke|p2|Glimmora, F|\n|poke|p2|Gholdengo|\n|poke|p2|Sinistcha-Masterpiece|\n|teampreview\n|inactive|Battle timer is ON: inactive players will automatically lose when time's up. (requested by Skeliton Lord)\n|inactive|maximussy also wants the timer to be on.\n|\n|t:|1699217983\n|start\n|switch|p1a: Iron Hands|Iron Hands|100\/100\n|switch|p1b: Ogerpon|Ogerpon-Hearthflame, F|100\/100\n|switch|p2a: Tornadus|Tornadus, M|100\/100\n|switch|p2b: Great Tusk|Great Tusk|100\/100\n|-ability|p1b: Ogerpon|Mold Breaker\n|turn|1\n|\n|t:|1699217996\n|switch|p2a: Glimmora|Glimmora, F|100\/100\n|-item|p2a: Glimmora|Air Balloon\n|move|p1a: Iron Hands|Fake Out|p2a: Glimmora\n|-resisted|p2a: Glimmora\n|-damage|p2a: Glimmora|94\/100\n|-activate|p2a: Glimmora|ability: Toxic Debris\n|-sidestart|p1: maximussy|move: Toxic Spikes\n|-enditem|p2a: Glimmora|Air Balloon\n|move|p1b: Ogerpon|Seed Bomb|p2b: Great Tusk\n|-supereffective|p2b: Great Tusk\n|-damage|p2b: Great Tusk|33\/100\n|move|p2b: Great Tusk|Headlong Rush|p1b: Ogerpon\n|-damage|p1b: Ogerpon|22\/100\n|-unboost|p2b: Great Tusk|def|1\n|-unboost|p2b: Great Tusk|spd|1\n|-enditem|p2b: Great Tusk|Eject Pack\n|\n|t:|1699218011\n|-end|p2b: Great Tusk|Protosynthesis|[silent]\n|switch|p2b: Tornadus|Tornadus, M|100\/100\n|\n|upkeep\n|turn|2\n|\n|t:|1699218025\n|move|p1b: Ogerpon|Spiky Shield|p1b: Ogerpon\n|-singleturn|p1b: Ogerpon|move: Protect\n|move|p2b: Tornadus|Tailwind|p2b: Tornadus\n|-sidestart|p2: Skeliton Lord|move: Tailwind\n|move|p2a: Glimmora|Earth Power|p1b: Ogerpon\n|-activate|p1b: Ogerpon|move: Protect\n|move|p1a: Iron Hands|Wild Charge|p2b: Tornadus\n|-supereffective|p2b: Tornadus\n|-damage|p2b: Tornadus|0 fnt\n|faint|p2b: Tornadus\n|-damage|p1a: Iron Hands|84\/100|[from] Recoil\n|\n|upkeep\n|\n|t:|1699218033\n|switch|p2b: Flutter Mane|Flutter Mane|100\/100\n|-enditem|p2b: Flutter Mane|Booster Energy\n|-activate|p2b: Flutter Mane|ability: Protosynthesis|[fromitem]\n|-start|p2b: Flutter Mane|protosynthesisspa\n|turn|3\n|\n|t:|1699218051\n|move|p2b: Flutter Mane|Substitute|p2b: Flutter Mane\n|-start|p2b: Flutter Mane|Substitute\n|-damage|p2b: Flutter Mane|76\/100\n|move|p2a: Glimmora|Power Gem|p1b: Ogerpon\n|-supereffective|p1b: Ogerpon\n|-damage|p1b: Ogerpon|0 fnt\n|faint|p1b: Ogerpon\n|move|p1a: Iron Hands|Iron Head|p2b: Flutter Mane\n|-supereffective|p2b: Flutter Mane\n|-end|p2b: Flutter Mane|Substitute\n|\n|upkeep\n|\n|t:|1699218061\n|switch|p1b: Kingambit|Kingambit, M, shiny|100\/100\n|-activate|p1b: Kingambit|ability: Supreme Overlord\n|-start|p1b: Kingambit|fallen1|[silent]\n|turn|4\n|\n|t:|1699218072\n|-end|p2b: Flutter Mane|Protosynthesis|[silent]\n|switch|p2b: Great Tusk|Great Tusk|33\/100\n|move|p2a: Glimmora|Spiky Shield|p2a: Glimmora\n|-singleturn|p2a: Glimmora|move: Protect\n|move|p1b: Kingambit|Iron Head|p2a: Glimmora\n|-activate|p2a: Glimmora|move: Protect\n|-damage|p1b: Kingambit|88\/100|[from] Spiky Shield|[of] p2a: Glimmora\n|move|p1a: Iron Hands|Iron Head|p2b: Great Tusk\n|-damage|p2b: Great Tusk|9\/100\n|\n|-heal|p1b: Kingambit|94\/100|[from] item: Leftovers\n|upkeep\n|turn|5\n|\n|t:|1699218089\n|move|p1b: Kingambit|Sucker Punch|p2b: Great Tusk\n|-resisted|p2b: Great Tusk\n|-damage|p2b: Great Tusk|0 fnt\n|faint|p2b: Great Tusk\n|-end|p2b: Great Tusk|Protosynthesis|[silent]\n|move|p2a: Glimmora|Earth Power|p1b: Kingambit\n|-supereffective|p1b: Kingambit\n|-damage|p1b: Kingambit|45\/100\n|-unboost|p1b: Kingambit|spd|1\n|move|p1a: Iron Hands|Close Combat|p2a: Glimmora\n|-damage|p2a: Glimmora|28\/100\n|-unboost|p1a: Iron Hands|def|1\n|-unboost|p1a: Iron Hands|spd|1\n|-activate|p2a: Glimmora|ability: Toxic Debris\n|-sidestart|p1: maximussy|move: Toxic Spikes\n|\n|-heal|p1b: Kingambit|51\/100|[from] item: Leftovers\n|-sideend|p2: Skeliton Lord|move: Tailwind\n|upkeep\n|\n|t:|1699218094\n|switch|p2b: Gholdengo|Gholdengo|100\/100\n|turn|6\n|\n|t:|1699218116\n|-terastallize|p2b: Gholdengo|Electric\n|move|p2a: Glimmora|Spiky Shield|p2a: Glimmora\n|-singleturn|p2a: Glimmora|move: Protect\n|move|p1b: Kingambit|Sucker Punch||[still]\n|-fail|p1b: Kingambit\n|move|p2b: Gholdengo|Trick|p1b: Kingambit\n|-activate|p2b: Gholdengo|move: Trick|[of] p1b: Kingambit\n|-item|p1b: Kingambit|Choice Specs|[from] move: Trick\n|-item|p2b: Gholdengo|Leftovers|[from] move: Trick\n|move|p1a: Iron Hands|Close Combat|p2a: Glimmora\n|-activate|p2a: Glimmora|move: Protect\n|-damage|p1a: Iron Hands|72\/100|[from] Spiky Shield|[of] p2a: Glimmora\n|\n|upkeep\n|turn|7\n|inactive|Skeliton Lord has 120 seconds left.\n|\n|t:|1699218147\n|move|p1b: Kingambit|Sucker Punch|p2a: Glimmora\n|-damage|p2a: Glimmora|0 fnt\n|faint|p2a: Glimmora\n|move|p2b: Gholdengo|Shadow Ball|p1a: Iron Hands\n|-damage|p1a: Iron Hands|29\/100\n|move|p1a: Iron Hands|Close Combat|p2b: Gholdengo\n|-damage|p2b: Gholdengo|20\/100\n|-unboost|p1a: Iron Hands|def|1\n|-unboost|p1a: Iron Hands|spd|1\n|\n|-heal|p2b: Gholdengo|26\/100|[from] item: Leftovers\n|upkeep\n|inactive|Skeliton Lord has 120 seconds left.\n|\n|t:|1699218153\n|switch|p2a: Sinistcha|Sinistcha-Masterpiece|100\/100\n|-heal|p2b: Gholdengo|51\/100|[from] ability: Hospitality|[of] p2a: Sinistcha\n|turn|8\n|\n|t:|1699218163\n|move|p1b: Kingambit|Sucker Punch|p2b: Gholdengo\n|-damage|p2b: Gholdengo|0 fnt\n|faint|p2b: Gholdengo\n|move|p2a: Sinistcha|Iron Defense|p2a: Sinistcha\n|-boost|p2a: Sinistcha|def|2\n|move|p1a: Iron Hands|Close Combat|p2a: Sinistcha\n|-immune|p2a: Sinistcha\n|\n|upkeep\n|\n|t:|1699218167\n|switch|p2b: Flutter Mane|Flutter Mane|76\/100\n|turn|9\n|\n|t:|1699218180\n|move|p1b: Kingambit|Sucker Punch||[still]\n|-fail|p1b: Kingambit\n|move|p2b: Flutter Mane|Substitute|p2b: Flutter Mane\n|-start|p2b: Flutter Mane|Substitute\n|-damage|p2b: Flutter Mane|51\/100\n|move|p2a: Sinistcha|Iron Defense|p2a: Sinistcha\n|-boost|p2a: Sinistcha|def|2\n|move|p1a: Iron Hands|Wild Charge|p2a: Sinistcha\n|-resisted|p2a: Sinistcha\n|-damage|p2a: Sinistcha|93\/100\n|-damage|p1a: Iron Hands|28\/100|[from] Recoil\n|\n|-heal|p2a: Sinistcha|99\/100|[from] item: Leftovers\n|upkeep\n|turn|10\n|\n|t:|1699218193\n|move|p1b: Kingambit|Sucker Punch||[still]\n|-fail|p1b: Kingambit\n|move|p2b: Flutter Mane|Calm Mind|p2b: Flutter Mane\n|-boost|p2b: Flutter Mane|spa|1\n|-boost|p2b: Flutter Mane|spd|1\n|move|p2a: Sinistcha|Calm Mind|p2a: Sinistcha\n|-boost|p2a: Sinistcha|spa|1\n|-boost|p2a: Sinistcha|spd|1\n|move|p1a: Iron Hands|Iron Head|p2b: Flutter Mane\n|-supereffective|p2b: Flutter Mane\n|-end|p2b: Flutter Mane|Substitute\n|\n|-heal|p2a: Sinistcha|100\/100|[from] item: Leftovers\n|upkeep\n|turn|11\n|\n|t:|1699218209\n|move|p1b: Kingambit|Sucker Punch|p2a: Sinistcha\n|-supereffective|p2a: Sinistcha\n|-damage|p2a: Sinistcha|71\/100\n|move|p2b: Flutter Mane|Substitute|p2b: Flutter Mane\n|-start|p2b: Flutter Mane|Substitute\n|-damage|p2b: Flutter Mane|26\/100\n|move|p2a: Sinistcha|Matcha Gotcha|p1a: Iron Hands|[spread] p1a,p1b\n|-resisted|p1b: Kingambit\n|-damage|p1a: Iron Hands|0 fnt\n|-heal|p2a: Sinistcha|92\/100|[from] drain|[of] p1a: Iron Hands\n|-damage|p1b: Kingambit|22\/100\n|-heal|p2a: Sinistcha|100\/100|[from] drain|[of] p1b: Kingambit\n|faint|p1a: Iron Hands\n|-end|p1a: Iron Hands|Quark Drive|[silent]\n|\n|upkeep\n|\n|t:|1699218222\n|switch|p1a: Landorus|Landorus-Therian, M|100\/100\n|-ability|p1a: Landorus|Intimidate|boost\n|-unboost|p2a: Sinistcha|atk|1\n|-immune|p2b: Flutter Mane\n|turn|12\n|\n|t:|1699218233\n|move|p1b: Kingambit|Sucker Punch|p2a: Sinistcha\n|-supereffective|p2a: Sinistcha\n|-damage|p2a: Sinistcha|73\/100\n|move|p2b: Flutter Mane|Shadow Ball|p1a: Landorus\n|-damage|p1a: Landorus|0 fnt\n|faint|p1a: Landorus\n|move|p2a: Sinistcha|Matcha Gotcha|p1b: Kingambit\n|-resisted|p1b: Kingambit\n|-damage|p1b: Kingambit|0 fnt\n|-heal|p2a: Sinistcha|85\/100|[from] drain|[of] p1b: Kingambit\n|faint|p1b: Kingambit\n|-end|p1b: Kingambit|fallen1|[silent]\n|\n|-heal|p2a: Sinistcha|91\/100|[from] item: Leftovers\n|upkeep\n|\n|t:|1699218240\n|switch|p1a: Walking Wake|Walking Wake|100\/100\n|switch|p1b: Flutter Mane|Flutter Mane|100\/100\n|-status|p1b: Flutter Mane|tox\n|-status|p1a: Walking Wake|tox\n|turn|13\n|\n|t:|1699218250\n|move|p1b: Flutter Mane|Shadow Ball|p2b: Flutter Mane\n|-supereffective|p2b: Flutter Mane\n|-end|p2b: Flutter Mane|Substitute\n|move|p2b: Flutter Mane|Dazzling Gleam|p1a: Walking Wake|[spread] p1a,p1b\n|-supereffective|p1a: Walking Wake\n|-damage|p1a: Walking Wake|0 fnt\n|-damage|p1b: Flutter Mane|49\/100 tox\n|faint|p1a: Walking Wake\n|-end|p1a: Walking Wake|Protosynthesis|[silent]\n|move|p2a: Sinistcha|Matcha Gotcha|p1b: Flutter Mane\n|-damage|p1b: Flutter Mane|0 fnt\n|-heal|p2a: Sinistcha|100\/100|[from] drain|[of] p1b: Flutter Mane\n|faint|p1b: Flutter Mane\n|-end|p1b: Flutter Mane|Protosynthesis|[silent]\n|\n|win|Skeliton Lord\n|raw|maximussy's rating: 1366 &rarr; <strong>1346<\/strong><br \/>(-20 for losing)\n|raw|Skeliton Lord's rating: 1364 &rarr; <strong>1384<\/strong><br \/>(+20 for winning)\n","uploadtime":1699218263,"views":11,"p1id":"maximussy","p2id":"skelitonlord","formatid":"gen9doublesou","rating":1346,"private":0,"password":""}