{"id":"gen9doublesou-1999962549","p1":"Garax105","p2":"Blue Kaiser dragon","format":"[Gen 9] Doubles OU","log":"|j|\u2606Garax105\n|j|\u2606Blue Kaiser dragon\n|t:|1701135089\n|gametype|doubles\n|player|p1|Garax105|101|1330\n|player|p2|Blue Kaiser dragon|volkner|1297\n|teamsize|p1|6\n|teamsize|p2|6\n|gen|9\n|tier|[Gen 9] Doubles OU\n|rated|\n|rule|Species Clause: Limit one of each Pok\u00e9mon\n|rule|OHKO Clause: OHKO moves are banned\n|rule|Evasion Moves Clause: Evasion moves are banned\n|rule|Gravity Sleep Clause: The combination of sleep-inducing moves with imperfect accuracy and Gravity or Gigantamax Orbeetle are banned\n|rule|Endless Battle Clause: Forcing endless battles is banned\n|rule|HP Percentage Mod: HP is shown in percentages\n|clearpoke\n|poke|p1|Dragonite, M|\n|poke|p1|Empoleon, M|\n|poke|p1|Grimmsnarl, M|\n|poke|p1|Flutter Mane|\n|poke|p1|Tyranitar, M|\n|poke|p1|Volcarona, F|\n|poke|p2|Kleavor, F|\n|poke|p2|Scizor, F|\n|poke|p2|Ogerpon-Wellspring, F|\n|poke|p2|Rabsca, F|\n|poke|p2|Scyther, F|\n|poke|p2|Ninetales-Alola, F|\n|teampreview\n|\n|t:|1701135122\n|start\n|switch|p1a: Flutter Mane|Flutter Mane|100\/100\n|switch|p1b: Tyranitar|Tyranitar, M|100\/100\n|switch|p2a: Ninetales|Ninetales-Alola, F|100\/100\n|switch|p2b: Kleavor|Kleavor, F|100\/100\n|-weather|Snow|[from] ability: Snow Warning|[of] p2a: Ninetales\n|-weather|Sandstorm|[from] ability: Sand Stream|[of] p1b: Tyranitar\n|turn|1\n|\n|t:|1701135159\n|switch|p2a: Scizor|Scizor, F|100\/100\n|move|p1a: Flutter Mane|Shadow Ball|p2a: Scizor\n|-damage|p2a: Scizor|3\/100\n|-unboost|p2a: Scizor|spd|1\n|move|p2b: Kleavor|Stone Axe|p1a: Flutter Mane\n|-damage|p1a: Flutter Mane|0 fnt\n|-sidestart|p1: Garax105|move: Stealth Rock\n|faint|p1a: Flutter Mane\n|-end|p1a: Flutter Mane|Protosynthesis|[silent]\n|move|p1b: Tyranitar|Rock Slide|p2b: Kleavor|[spread] p2b\n|-miss|p1b: Tyranitar|p2a: Scizor\n|-supereffective|p2b: Kleavor\n|-damage|p2b: Kleavor|2\/100\n|\n|-weather|Sandstorm|[upkeep]\n|-heal|p2b: Kleavor|8\/100|[from] item: Leftovers\n|upkeep\n|\n|t:|1701135177\n|switch|p1a: Empoleon|Empoleon, M|100\/100\n|-damage|p1a: Empoleon|94\/100|[from] Stealth Rock\n|turn|2\n|inactive|Battle timer is ON: inactive players will automatically lose when time's up. (requested by Garax105)\n|inactive|Blue Kaiser dragon has 120 seconds left.\n|\n|t:|1701135282\n|move|p2a: Scizor|Bullet Punch|p1b: Tyranitar\n|-supereffective|p1b: Tyranitar\n|-damage|p1b: Tyranitar|51\/100\n|move|p1a: Empoleon|Vacuum Wave|p2b: Kleavor\n|-damage|p2b: Kleavor|0 fnt\n|faint|p2b: Kleavor\n|move|p1b: Tyranitar|Rock Slide|p2a: Scizor\n|-damage|p2a: Scizor|0 fnt\n|faint|p2a: Scizor\n|\n|-weather|Sandstorm|[upkeep]\n|upkeep\n|\n|t:|1701135302\n|switch|p2b: Ogerpon|Ogerpon-Wellspring, F|100\/100\n|switch|p2a: Ninetales|Ninetales-Alola, F|100\/100\n|-weather|Snow|[from] ability: Snow Warning|[of] p2a: Ninetales\n|turn|3\n|\n|t:|1701135327\n|-terastallize|p2b: Ogerpon|Water\n|detailschange|p2b: Ogerpon|Ogerpon-Wellspring-Tera, F, tera:Water\n|-ability|p2b: Ogerpon|Embody Aspect (Wellspring)|boost\n|-boost|p2b: Ogerpon|spd|1\n|-terastallize|p1b: Tyranitar|Steel\n|move|p2b: Ogerpon|Swords Dance|p2b: Ogerpon\n|-boost|p2b: Ogerpon|atk|2\n|move|p2a: Ninetales|Aurora Veil|p2a: Ninetales\n|-sidestart|p2: Blue Kaiser dragon|move: Aurora Veil\n|move|p1b: Tyranitar|Tera Blast|p2a: Ninetales|[anim] Tera Blast Steel\n|-supereffective|p2a: Ninetales\n|-damage|p2a: Ninetales|0 fnt\n|faint|p2a: Ninetales\n|move|p1a: Empoleon|Flash Cannon|p2b: Ogerpon\n|-resisted|p2b: Ogerpon\n|-damage|p2b: Ogerpon|92\/100\n|\n|-weather|Snow|[upkeep]\n|upkeep\n|inactive|Blue Kaiser dragon has 120 seconds left.\n|\n|t:|1701135349\n|switch|p2a: Rabsca|Rabsca, F|100\/100\n|turn|4\n|inactive|Blue Kaiser dragon has 120 seconds left.\n|\n|t:|1701135373\n|move|p2b: Ogerpon|Ivy Cudgel|p1b: Tyranitar|[anim] Ivy Cudgel Water\n|-crit|p1b: Tyranitar\n|-damage|p1b: Tyranitar|0 fnt\n|faint|p1b: Tyranitar\n|move|p1a: Empoleon|Hydro Pump|p2a: Rabsca|[miss]\n|-miss|p1a: Empoleon|p2a: Rabsca\n|move|p2a: Rabsca|Revival Blessing|p2a: Rabsca\n|-enditem|p2a: Rabsca|Leppa Berry|[eat]\n|-activate|p2a: Rabsca|item: Leppa Berry|Revival Blessing|[consumed]\n|inactive|Blue Kaiser dragon has 120 seconds left.\n|\n|t:|1701135394\n|-heal|p2: Scizor|50\/100|[from] move: Revival Blessing\n|\n|-weather|Snow|[upkeep]\n|upkeep\n|\n|t:|1701135399\n|switch|p1b: Dragonite|Dragonite, M|100\/100\n|-damage|p1b: Dragonite|75\/100|[from] Stealth Rock\n|turn|5\n|inactive|Blue Kaiser dragon has 120 seconds left.\n|\n|t:|1701135419\n|move|p2b: Ogerpon|Ivy Cudgel|p1b: Dragonite|[anim] Ivy Cudgel Water\n|-resisted|p1b: Dragonite\n|-damage|p1b: Dragonite|0 fnt\n|faint|p1b: Dragonite\n|move|p1a: Empoleon|Hydro Pump|p2a: Rabsca\n|-damage|p2a: Rabsca|68\/100\n|move|p2a: Rabsca|Revival Blessing|p2a: Rabsca\n|inactive|Blue Kaiser dragon has 120 seconds left.\n|\n|t:|1701135432\n|-heal|p2: Ninetales|50\/100|[from] move: Revival Blessing\n|\n|-weather|Snow|[upkeep]\n|upkeep\n|\n|t:|1701135436\n|switch|p1b: Grimmsnarl|Grimmsnarl, M|100\/100\n|-damage|p1b: Grimmsnarl|88\/100|[from] Stealth Rock\n|turn|6\n|\n|t:|1701135457\n|move|p1b: Grimmsnarl|Reflect|p1b: Grimmsnarl\n|-sidestart|p1: Garax105|Reflect\n|move|p2b: Ogerpon|Horn Leech|p1b: Grimmsnarl\n|-damage|p1b: Grimmsnarl|20\/100\n|-heal|p2b: Ogerpon|100\/100|[from] drain|[of] p1b: Grimmsnarl\n|move|p1a: Empoleon|Hydro Pump|p2a: Rabsca\n|-damage|p2a: Rabsca|33\/100\n|move|p2a: Rabsca|Bug Buzz|p1a: Empoleon\n|-resisted|p1a: Empoleon\n|-damage|p1a: Empoleon|73\/100\n|\n|-weather|Snow|[upkeep]\n|upkeep\n|turn|7\n|c|\u2606Blue Kaiser dragon|My tem baxk\n|inactive|Blue Kaiser dragon has 120 seconds left.\n|\n|t:|1701135491\n|move|p2b: Ogerpon|Horn Leech|p1b: Grimmsnarl\n|-damage|p1b: Grimmsnarl|0 fnt\n|faint|p1b: Grimmsnarl\n|move|p1a: Empoleon|Hydro Pump|p2a: Rabsca\n|-damage|p2a: Rabsca|0 fnt\n|faint|p2a: Rabsca\n|\n|-weather|none\n|-sideend|p2: Blue Kaiser dragon|move: Aurora Veil\n|upkeep\n|\n|t:|1701135506\n|switch|p1b: Volcarona|Volcarona, F|100\/100\n|switch|p2a: Scizor|Scizor, F|50\/100\n|-damage|p1b: Volcarona|50\/100|[from] Stealth Rock\n|turn|8\n|\n|t:|1701135528\n|move|p2b: Ogerpon|Spiky Shield|p2b: Ogerpon\n|-singleturn|p2b: Ogerpon|move: Protect\n|move|p1b: Volcarona|Quiver Dance|p1b: Volcarona\n|-boost|p1b: Volcarona|spa|1\n|-boost|p1b: Volcarona|spd|1\n|-boost|p1b: Volcarona|spe|1\n|move|p2a: Scizor|Dual Wingbeat|p1b: Volcarona\n|-supereffective|p1b: Volcarona\n|-damage|p1b: Volcarona|17\/100\n|-enditem|p1b: Volcarona|Aguav Berry|[eat]\n|-heal|p1b: Volcarona|51\/100|[from] item: Aguav Berry\n|-supereffective|p1b: Volcarona\n|-damage|p1b: Volcarona|16\/100\n|-status|p2a: Scizor|brn|[from] ability: Flame Body|[of] p1b: Volcarona\n|-hitcount|p1b: Volcarona|2\n|move|p1a: Empoleon|Hydro Pump|p2a: Scizor\n|-damage|p2a: Scizor|0 fnt\n|faint|p2a: Scizor\n|\n|upkeep\n|inactive|Blue Kaiser dragon has 120 seconds left.\n|\n|t:|1701135560\n|switch|p2a: Ninetales|Ninetales-Alola, F|50\/100\n|-weather|Snow|[from] ability: Snow Warning|[of] p2a: Ninetales\n|turn|9\n|\n|t:|1701135579\n|move|p1a: Empoleon|Vacuum Wave|p2a: Ninetales\n|-damage|p2a: Ninetales|37\/100\n|move|p1b: Volcarona|Giga Drain|p2b: Ogerpon\n|-supereffective|p2b: Ogerpon\n|-damage|p2b: Ogerpon|43\/100\n|-heal|p1b: Volcarona|40\/100|[from] drain|[of] p2b: Ogerpon\n|move|p2b: Ogerpon|Ivy Cudgel|p1b: Volcarona|[anim] Ivy Cudgel Water\n|-supereffective|p1b: Volcarona\n|-damage|p1b: Volcarona|0 fnt\n|faint|p1b: Volcarona\n|move|p2a: Ninetales|Blizzard|p1a: Empoleon\n|-resisted|p1a: Empoleon\n|-damage|p1a: Empoleon|63\/100\n|\n|-weather|Snow|[upkeep]\n|-heal|p2a: Ninetales|43\/100|[from] item: Leftovers\n|upkeep\n|turn|10\n|\n|t:|1701135598\n|move|p2b: Ogerpon|Horn Leech|p1a: Empoleon\n|-damage|p1a: Empoleon|14\/100\n|-heal|p2b: Ogerpon|73\/100|[from] drain|[of] p1a: Empoleon\n|-damage|p2b: Ogerpon|57\/100|[from] item: Rocky Helmet|[of] p1a: Empoleon\n|move|p2a: Ninetales|Aurora Veil|p2a: Ninetales\n|-sidestart|p2: Blue Kaiser dragon|move: Aurora Veil\n|move|p1a: Empoleon|Flash Cannon|p2a: Ninetales\n|-supereffective|p2a: Ninetales\n|-damage|p2a: Ninetales|0 fnt\n|faint|p2a: Ninetales\n|\n|-weather|Snow|[upkeep]\n|-sideend|p1: Garax105|Reflect\n|upkeep\n|\n|t:|1701135609\n|switch|p2a: Scyther|Scyther, F|100\/100\n|turn|11\n|\n|t:|1701135615\n|move|p1a: Empoleon|Vacuum Wave|p2b: Ogerpon\n|-damage|p2b: Ogerpon|51\/100\n|move|p2b: Ogerpon|Swords Dance|p2b: Ogerpon\n|-boost|p2b: Ogerpon|atk|2\n|move|p2a: Scyther|Swords Dance|p2a: Scyther\n|-boost|p2a: Scyther|atk|2\n|\n|-weather|Snow|[upkeep]\n|upkeep\n|turn|12\n|\n|t:|1701135631\n|move|p2b: Ogerpon|Spiky Shield|p2b: Ogerpon\n|-singleturn|p2b: Ogerpon|move: Protect\n|move|p2a: Scyther|Quick Attack|p1a: Empoleon\n|-resisted|p1a: Empoleon\n|-damage|p1a: Empoleon|0 fnt\n|-damage|p2a: Scyther|84\/100|[from] item: Rocky Helmet|[of] p1a: Empoleon\n|faint|p1a: Empoleon\n|\n|win|Blue Kaiser dragon\n|raw|Garax105's rating: 1330 &rarr; <strong>1308<\/strong><br \/>(-22 for losing)\n|raw|Blue Kaiser dragon's rating: 1297 &rarr; <strong>1324<\/strong><br \/>(+27 for winning)\n|l|\u2606Garax105\n|c|\u2606Blue Kaiser dragon|Yea\n|c|\u2606Blue Kaiser dragon|Gg\n|c|\u2606Blue Kaiser dragon|Lets go-getter\n|c|\u2606Blue Kaiser dragon|Go guys gg\n","uploadtime":1701135676,"views":4,"p1id":"garax105","p2id":"bluekaiserdragon","formatid":"gen9doublesou","rating":1308,"private":0,"password":""}