{"id":"gen9doublesou-1991918567","p1":"Todaisal","p2":"Mattor","format":"[Gen 9] Doubles OU","log":"|j|\u2606Todaisal\n|j|\u2606Mattor\n|t:|1700138079\n|gametype|doubles\n|player|p1|Todaisal|ethan|1174\n|player|p2|Mattor|aaron|1131\n|teamsize|p1|6\n|teamsize|p2|5\n|gen|9\n|tier|[Gen 9] Doubles OU\n|rated|\n|rule|Species Clause: Limit one of each Pok\u00e9mon\n|rule|OHKO Clause: OHKO moves are banned\n|rule|Evasion Moves Clause: Evasion moves are banned\n|rule|Gravity Sleep Clause: The combination of sleep-inducing moves with imperfect accuracy and Gravity or Gigantamax Orbeetle are banned\n|rule|Endless Battle Clause: Forcing endless battles is banned\n|rule|HP Percentage Mod: HP is shown in percentages\n|clearpoke\n|poke|p1|Oricorio-Pom-Pom, M|\n|poke|p1|Volcarona, F|\n|poke|p1|Sinistcha|\n|poke|p1|Lilligant-Hisui, F|\n|poke|p1|Krookodile, M|\n|poke|p1|Ninetales, F|\n|poke|p2|Baxcalibur, F|\n|poke|p2|Ceruledge, F|\n|poke|p2|Sneasler, F|\n|poke|p2|Cetitan, F|\n|poke|p2|Ninetales-Alola, F|\n|teampreview\n|inactive|Battle timer is ON: inactive players will automatically lose when time's up. (requested by Mattor)\n|\n|t:|1700138110\n|start\n|switch|p1a: Krookodile|Krookodile, M|100\/100\n|switch|p1b: Lilligant|Lilligant-Hisui, F|100\/100\n|switch|p2a: Cetitan|Cetitan, F|100\/100\n|switch|p2b: Ninetales|Ninetales-Alola, F|100\/100\n|-ability|p1a: Krookodile|Intimidate|boost\n|-unboost|p2a: Cetitan|atk|1\n|-unboost|p2b: Ninetales|atk|1\n|-weather|Snow|[from] ability: Snow Warning|[of] p2b: Ninetales\n|turn|1\n|\n|t:|1700138119\n|switch|p1a: Ninetales|Ninetales, F|100\/100\n|-weather|SunnyDay|[from] ability: Drought|[of] p1a: Ninetales\n|move|p1b: Lilligant|Close Combat|p2a: Cetitan\n|-supereffective|p2a: Cetitan\n|-damage|p2a: Cetitan|0 fnt\n|-unboost|p1b: Lilligant|def|1\n|-unboost|p1b: Lilligant|spd|1\n|faint|p2a: Cetitan\n|-damage|p1b: Lilligant|91\/100|[from] item: Life Orb\n|move|p2b: Ninetales|Aurora Veil||[still]\n|-fail|p2b: Ninetales\n|\n|-weather|SunnyDay|[upkeep]\n|upkeep\n|\n|t:|1700138138\n|switch|p2a: Ceruledge|Ceruledge, F|100\/100\n|turn|2\n|\n|t:|1700138151\n|switch|p2b: Baxcalibur|Baxcalibur, F|100\/100\n|move|p1b: Lilligant|Poison Jab|p2b: Baxcalibur\n|-damage|p2b: Baxcalibur|69\/100\n|-status|p2b: Baxcalibur|psn\n|-damage|p1b: Lilligant|81\/100|[from] item: Life Orb\n|move|p2a: Ceruledge|Bitter Blade|p1b: Lilligant\n|-supereffective|p1b: Lilligant\n|-damage|p1b: Lilligant|0 fnt\n|faint|p1b: Lilligant\n|move|p1a: Ninetales|Hex|p2a: Ceruledge\n|-supereffective|p2a: Ceruledge\n|-damage|p2a: Ceruledge|59\/100\n|-enditem|p2a: Ceruledge|Weakness Policy\n|-boost|p2a: Ceruledge|atk|2|[from] item: Weakness Policy\n|-boost|p2a: Ceruledge|spa|2|[from] item: Weakness Policy\n|\n|-weather|SunnyDay|[upkeep]\n|-heal|p2b: Baxcalibur|75\/100 psn|[from] item: Leftovers\n|-damage|p2b: Baxcalibur|63\/100 psn|[from] psn\n|upkeep\n|\n|t:|1700138168\n|switch|p1b: Krookodile|Krookodile, M|100\/100\n|-ability|p1b: Krookodile|Intimidate|boost\n|-unboost|p2a: Ceruledge|atk|1\n|-unboost|p2b: Baxcalibur|atk|1\n|turn|3\n|\n|t:|1700138180\n|move|p2a: Ceruledge|Endure|p2a: Ceruledge\n|-singleturn|p2a: Ceruledge|move: Endure\n|move|p1b: Krookodile|Rock Slide|p2a: Ceruledge|[spread] p2a,p2b\n|-supereffective|p2a: Ceruledge\n|-supereffective|p2b: Baxcalibur\n|-damage|p2a: Ceruledge|6\/100\n|-damage|p2b: Baxcalibur|24\/100 psn\n|-ability|p2a: Ceruledge|Weak Armor|boost\n|-unboost|p2a: Ceruledge|def|1\n|-boost|p2a: Ceruledge|spe|2\n|move|p2b: Baxcalibur|Dragon Dance|p2b: Baxcalibur\n|-boost|p2b: Baxcalibur|atk|1\n|-boost|p2b: Baxcalibur|spe|1\n|move|p1a: Ninetales|Hex|p2b: Baxcalibur\n|-damage|p2b: Baxcalibur|0 fnt\n|faint|p2b: Baxcalibur\n|\n|-weather|SunnyDay|[upkeep]\n|upkeep\n|\n|t:|1700138195\n|switch|p2b: Ninetales|Ninetales-Alola, F|100\/100\n|-weather|Snow|[from] ability: Snow Warning|[of] p2b: Ninetales\n|turn|4\n|\n|t:|1700138219\n|switch|p1a: Oricorio|Oricorio-Pom-Pom, M|100\/100\n|-terastallize|p2a: Ceruledge|Fire\n|move|p2a: Ceruledge|Bitter Blade|p1b: Krookodile\n|-damage|p1b: Krookodile|0 fnt\n|-heal|p2a: Ceruledge|63\/100|[from] drain|[of] p1b: Krookodile\n|faint|p1b: Krookodile\n|move|p2b: Ninetales|Aurora Veil|p2b: Ninetales\n|-sidestart|p2: Mattor|move: Aurora Veil\n|\n|-weather|Snow|[upkeep]\n|upkeep\n|\n|t:|1700138237\n|switch|p1b: Sinistcha|Sinistcha|100\/100\n|turn|5\n|\n|t:|1700138251\n|-terastallize|p1b: Sinistcha|Fire\n|move|p2a: Ceruledge|Bitter Blade|p1b: Sinistcha\n|-resisted|p1b: Sinistcha\n|-damage|p1b: Sinistcha|55\/100\n|-heal|p2a: Ceruledge|91\/100|[from] drain|[of] p1b: Sinistcha\n|-damage|p2a: Ceruledge|74\/100|[from] item: Rocky Helmet|[of] p1b: Sinistcha\n|move|p2b: Ninetales|Blizzard|p1a: Oricorio|[spread] p1a,p1b\n|-supereffective|p1a: Oricorio\n|-resisted|p1b: Sinistcha\n|-damage|p1a: Oricorio|51\/100\n|-damage|p1b: Sinistcha|46\/100\n|-status|p1b: Sinistcha|frz\n|move|p1a: Oricorio|Quiver Dance|p1a: Oricorio\n|-boost|p1a: Oricorio|spa|1\n|-boost|p1a: Oricorio|spd|1\n|-boost|p1a: Oricorio|spe|1\n|-curestatus|p1b: Sinistcha|frz|[from] move: Scald\n|move|p1b: Sinistcha|Scald|p2a: Ceruledge\n|-supereffective|p2a: Ceruledge\n|-damage|p2a: Ceruledge|39\/100\n|\n|-weather|Snow|[upkeep]\n|-heal|p1a: Oricorio|57\/100|[from] item: Leftovers\n|upkeep\n|turn|6\n|\n|t:|1700138276\n|move|p1a: Oricorio|Protect|p1a: Oricorio\n|-singleturn|p1a: Oricorio|Protect\n|move|p2a: Ceruledge|Bitter Blade|p1a: Oricorio\n|-activate|p1a: Oricorio|move: Protect\n|move|p2b: Ninetales|Calm Mind|p2b: Ninetales\n|-boost|p2b: Ninetales|spa|1\n|-boost|p2b: Ninetales|spd|1\n|move|p1b: Sinistcha|Scald|p2a: Ceruledge\n|-supereffective|p2a: Ceruledge\n|-damage|p2a: Ceruledge|5\/100\n|\n|-weather|Snow|[upkeep]\n|-heal|p1a: Oricorio|63\/100|[from] item: Leftovers\n|upkeep\n|turn|7\n|\n|t:|1700138289\n|move|p1b: Sinistcha|Rage Powder|p1b: Sinistcha\n|-singleturn|p1b: Sinistcha|move: Rage Powder\n|move|p2a: Ceruledge|Bitter Blade|p1b: Sinistcha\n|-resisted|p1b: Sinistcha\n|-damage|p1b: Sinistcha|1\/100\n|-heal|p2a: Ceruledge|32\/100|[from] drain|[of] p1b: Sinistcha\n|-damage|p2a: Ceruledge|15\/100|[from] item: Rocky Helmet|[of] p1b: Sinistcha\n|move|p1a: Oricorio|Air Cutter|p2a: Ceruledge|[spread] p2a,p2b\n|-damage|p2a: Ceruledge|0 fnt\n|-damage|p2b: Ninetales|93\/100\n|faint|p2a: Ceruledge\n|move|p2b: Ninetales|Blizzard|p1b: Sinistcha|[spread] p1a,p1b\n|-supereffective|p1a: Oricorio\n|-resisted|p1b: Sinistcha\n|-damage|p1a: Oricorio|11\/100\n|-damage|p1b: Sinistcha|0 fnt\n|faint|p1b: Sinistcha\n|\n|-weather|Snow|[upkeep]\n|-heal|p1a: Oricorio|17\/100|[from] item: Leftovers\n|upkeep\n|\n|t:|1700138298\n|switch|p2a: Sneasler|Sneasler, F|100\/100\n|switch|p1b: Ninetales|Ninetales, F|100\/100\n|-weather|SunnyDay|[from] ability: Drought|[of] p1b: Ninetales\n|turn|8\n|\n|t:|1700138311\n|move|p2a: Sneasler|Dire Claw|p1a: Oricorio\n|-damage|p1a: Oricorio|0 fnt\n|faint|p1a: Oricorio\n|move|p1b: Ninetales|Heat Wave|p2b: Ninetales|[spread] p2a,p2b\n|-supereffective|p2b: Ninetales\n|-damage|p2a: Sneasler|55\/100\n|-damage|p2b: Ninetales|57\/100\n|move|p2b: Ninetales|Calm Mind|p2b: Ninetales\n|-boost|p2b: Ninetales|spa|1\n|-boost|p2b: Ninetales|spd|1\n|\n|-weather|SunnyDay|[upkeep]\n|-sideend|p2: Mattor|move: Aurora Veil\n|upkeep\n|\n|t:|1700138319\n|switch|p1a: Volcarona|Volcarona, F|100\/100\n|turn|9\n|\n|t:|1700138332\n|move|p2a: Sneasler|Acrobatics|p1a: Volcarona\n|-supereffective|p1a: Volcarona\n|-damage|p1a: Volcarona|44\/100\n|move|p1a: Volcarona|Tailwind|p1a: Volcarona\n|-sidestart|p1: Todaisal|move: Tailwind\n|move|p1b: Ninetales|Heat Wave|p2b: Ninetales|[spread] p2a\n|-miss|p1b: Ninetales|p2b: Ninetales\n|-damage|p2a: Sneasler|0 fnt\n|faint|p2a: Sneasler\n|move|p2b: Ninetales|Calm Mind|p2b: Ninetales\n|-boost|p2b: Ninetales|spa|1\n|-boost|p2b: Ninetales|spd|1\n|\n|-weather|SunnyDay|[upkeep]\n|upkeep\n|turn|10\n|\n|t:|1700138346\n|move|p1a: Volcarona|Fiery Dance|p2b: Ninetales\n|-supereffective|p2b: Ninetales\n|-damage|p2b: Ninetales|25\/100\n|-boost|p1a: Volcarona|spa|1\n|move|p1b: Ninetales|Heat Wave|p2b: Ninetales\n|-supereffective|p2b: Ninetales\n|-damage|p2b: Ninetales|0 fnt\n|faint|p2b: Ninetales\n|\n|win|Todaisal\n|raw|Todaisal's rating: 1174 &rarr; <strong>1196<\/strong><br \/>(+22 for winning)\n|raw|Mattor's rating: 1131 &rarr; <strong>1109<\/strong><br \/>(-22 for losing)\n|l|\u2606Mattor\n","uploadtime":1700138365,"views":5,"p1id":"todaisal","p2id":"mattor","formatid":"gen9doublesou","rating":1109,"private":0,"password":""}