{"id":"gen9doublesou-1990548743","p1":"xenoswagzilla","p2":"Gen5IsGoodISwear","format":"[Gen 9] Doubles OU","log":"|j|\u2606xenoswagzilla\n|j|\u2606Gen5IsGoodISwear\n|t:|1699980541\n|gametype|doubles\n|player|p1|xenoswagzilla|marlon|1158\n|player|p2|Gen5IsGoodISwear|rosa|1275\n|teamsize|p1|6\n|teamsize|p2|6\n|gen|9\n|tier|[Gen 9] Doubles OU\n|rated|\n|rule|Species Clause: Limit one of each Pok\u00e9mon\n|rule|OHKO Clause: OHKO moves are banned\n|rule|Evasion Moves Clause: Evasion moves are banned\n|rule|Gravity Sleep Clause: The combination of sleep-inducing moves with imperfect accuracy and Gravity or Gigantamax Orbeetle are banned\n|rule|Endless Battle Clause: Forcing endless battles is banned\n|rule|HP Percentage Mod: HP is shown in percentages\n|clearpoke\n|poke|p1|Goodra, M|\n|poke|p1|Pelipper, M|\n|poke|p1|Grimmsnarl, M|\n|poke|p1|Flutter Mane|\n|poke|p1|Pawmot, M|\n|poke|p1|Overqwil, M|\n|poke|p2|Azelf|\n|poke|p2|Rabsca, F|\n|poke|p2|Golem-Alola, M|\n|poke|p2|Pawmot, M|\n|poke|p2|Skeledirge, M|\n|poke|p2|Landorus-Therian, M|\n|teampreview\n|inactive|Battle timer is ON: inactive players will automatically lose when time's up. (requested by Gen5IsGoodISwear)\n|\n|t:|1699980597\n|start\n|switch|p1a: Goodra|Goodra, M|100\/100\n|switch|p1b: Pelipper|Pelipper, M|100\/100\n|switch|p2a: Golem|Golem-Alola, M|100\/100\n|switch|p2b: Rabsca|Rabsca, F|100\/100\n|-weather|RainDance|[from] ability: Drizzle|[of] p1b: Pelipper\n|turn|1\n|\n|t:|1699980618\n|move|p1a: Goodra|Hydro Pump|p2a: Golem\n|-supereffective|p2a: Golem\n|-damage|p2a: Golem|0 fnt\n|faint|p2a: Golem\n|move|p1b: Pelipper|Hurricane|p2b: Rabsca\n|-supereffective|p2b: Rabsca\n|-damage|p2b: Rabsca|39\/100\n|-start|p2b: Rabsca|confusion\n|-activate|p2b: Rabsca|confusion\n|move|p2b: Rabsca|Revival Blessing|p2b: Rabsca\n|-enditem|p2b: Rabsca|Leppa Berry|[eat]\n|-activate|p2b: Rabsca|item: Leppa Berry|Revival Blessing|[consumed]\n|\n|t:|1699980624\n|-heal|p2: Golem|50\/100|[from] move: Revival Blessing\n|\n|-weather|RainDance|[upkeep]\n|upkeep\n|switch|p2a: Golem|Golem-Alola, M|50\/100\n|turn|2\n|\n|t:|1699980638\n|switch|p2a: Skeledirge|Skeledirge, M|100\/100\n|move|p1a: Goodra|Hydro Pump|p2a: Skeledirge\n|-supereffective|p2a: Skeledirge\n|-crit|p2a: Skeledirge\n|-damage|p2a: Skeledirge|0 fnt\n|faint|p2a: Skeledirge\n|move|p1b: Pelipper|Hurricane|p2b: Rabsca\n|-supereffective|p2b: Rabsca\n|-damage|p2b: Rabsca|0 fnt\n|faint|p2b: Rabsca\n|\n|-weather|RainDance|[upkeep]\n|upkeep\n|\n|t:|1699980653\n|switch|p2a: Azelf|Azelf|100\/100\n|switch|p2b: Landorus|Landorus-Therian, M|100\/100\n|-ability|p2b: Landorus|Intimidate|boost\n|-unboost|p1a: Goodra|atk|1\n|-unboost|p1b: Pelipper|atk|1\n|turn|3\n|\n|t:|1699980667\n|switch|p2b: Golem|Golem-Alola, M|50\/100\n|-terastallize|p2a: Azelf|Normal\n|move|p2a: Azelf|Explosion|p1b: Pelipper|[spread] p2b,p1a,p1b\n|-resisted|p2b: Golem\n|-damage|p2b: Golem|0 fnt\n|-damage|p1a: Goodra|0 fnt\n|-damage|p1b: Pelipper|0 fnt\n|faint|p2a: Azelf\n|faint|p2b: Golem\n|faint|p1a: Goodra\n|faint|p1b: Pelipper\n|\n|-weather|RainDance|[upkeep]\n|upkeep\n|\n|t:|1699980686\n|switch|p2a: Pawmot|Pawmot, M|100\/100\n|switch|p1a: Pawmot|Pawmot, M|100\/100\n|switch|p1b: Flutter Mane|Flutter Mane|100\/100\n|switch|p2b: Landorus|Landorus-Therian, M|100\/100\n|-ability|p2b: Landorus|Intimidate|boost\n|-unboost|p1a: Pawmot|atk|1\n|-unboost|p1b: Flutter Mane|atk|1\n|-enditem|p1b: Flutter Mane|Booster Energy\n|-activate|p1b: Flutter Mane|ability: Protosynthesis|[fromitem]\n|-start|p1b: Flutter Mane|protosynthesisspa\n|turn|4\n|\n|t:|1699980700\n|move|p1a: Pawmot|Fake Out|p2a: Pawmot\n|-damage|p2a: Pawmot|85\/100\n|move|p1b: Flutter Mane|Moonblast|p2a: Pawmot\n|-supereffective|p2a: Pawmot\n|-damage|p2a: Pawmot|0 fnt\n|faint|p2a: Pawmot\n|move|p2b: Landorus|Stomping Tantrum|p1a: Pawmot\n|-supereffective|p1a: Pawmot\n|-damage|p1a: Pawmot|0 fnt\n|faint|p1a: Pawmot\n|\n|-weather|RainDance|[upkeep]\n|upkeep\n|\n|t:|1699980711\n|switch|p1a: Overqwil|Overqwil, M|100\/100\n|turn|5\n|\n|t:|1699980717\n|move|p1a: Overqwil|Destiny Bond|p1a: Overqwil\n|-singlemove|p1a: Overqwil|Destiny Bond\n|move|p1b: Flutter Mane|Moonblast|p2b: Landorus\n|-damage|p2b: Landorus|32\/100\n|move|p2b: Landorus|Stone Edge|p1b: Flutter Mane\n|-damage|p1b: Flutter Mane|11\/100\n|\n|-weather|RainDance|[upkeep]\n|upkeep\n|turn|6\n|c|\u2606xenoswagzilla|gg\n|c|\u2606Gen5IsGoodISwear|gg\n|\n|t:|1699980728\n|move|p1a: Overqwil|Crunch|p2b: Landorus\n|-damage|p2b: Landorus|0 fnt\n|faint|p2b: Landorus\n|\n|win|xenoswagzilla\n|raw|xenoswagzilla's rating: 1158 &rarr; <strong>1191<\/strong><br \/>(+33 for winning)\n|raw|Gen5IsGoodISwear's rating: 1275 &rarr; <strong>1242<\/strong><br \/>(-33 for losing)\n|l|\u2606Gen5IsGoodISwear\n","uploadtime":1699980734,"views":5,"p1id":"xenoswagzilla","p2id":"gen5isgoodiswear","formatid":"gen9doublesou","rating":1191,"private":0,"password":""}