{"id":"gen9doublesou-1972046009","p1":"Champion's Melody","p2":"dfbdyfysfesy","format":"[Gen 9] Doubles OU","log":"|j|\u2606Champion's Melody\n|j|\u2606dfbdyfysfesy\n|t:|1697808139\n|gametype|doubles\n|player|p1|Champion's Melody|cynthia|1043\n|player|p2|dfbdyfysfesy|backpackerf|1049\n|teamsize|p1|6\n|teamsize|p2|6\n|gen|9\n|tier|[Gen 9] Doubles OU\n|rated|\n|rule|Species Clause: Limit one of each Pok\u00e9mon\n|rule|OHKO Clause: OHKO moves are banned\n|rule|Evasion Moves Clause: Evasion moves are banned\n|rule|Gravity Sleep Clause: The combination of sleep-inducing moves with imperfect accuracy and Gravity or Gigantamax Orbeetle are banned\n|rule|Endless Battle Clause: Forcing endless battles is banned\n|rule|HP Percentage Mod: HP is shown in percentages\n|clearpoke\n|poke|p1|Lurantis, F|\n|poke|p1|Clefable, M|\n|poke|p1|Kommo-o, M|\n|poke|p1|Chien-Pao|\n|poke|p1|Frosmoth, F|\n|poke|p1|Palafin, M|\n|poke|p2|Kingambit, M|\n|poke|p2|Ninetales-Alola, F|\n|poke|p2|Weezing, M|\n|poke|p2|Milotic, F|\n|poke|p2|Dragapult, F|\n|poke|p2|Glimmora, M|\n|teampreview\n|inactive|Battle timer is ON: inactive players will automatically lose when time's up. (requested by Champion's Melody)\n|\n|t:|1697808161\n|start\n|switch|p1a: Palafin|Palafin, M|100\/100\n|switch|p1b: Chien-Pao|Chien-Pao|100\/100\n|switch|p2a: Glimmora|Glimmora, M, shiny|100\/100\n|switch|p2b: Dragapult|Dragapult, F, shiny|100\/100\n|-ability|p1b: Chien-Pao|Sword of Ruin\n|turn|1\n|\n|t:|1697808178\n|move|p1b: Chien-Pao|Ice Spinner|p2b: Dragapult\n|-supereffective|p2b: Dragapult\n|-damage|p2b: Dragapult|0 fnt\n|faint|p2b: Dragapult\n|move|p1a: Palafin|Flip Turn|p2a: Glimmora\n|-supereffective|p2a: Glimmora\n|-damage|p2a: Glimmora|0 fnt\n|-activate|p2a: Glimmora|ability: Toxic Debris\n|-sidestart|p1: Champion's Melody|move: Toxic Spikes\n|faint|p2a: Glimmora\n|\n|t:|1697808190\n|detailschange|p1a: Palafin|Palafin-Hero, M\n|switch|p1a: Clefable|Clefable, M|100\/100|[from] Flip Turn\n|-status|p1a: Clefable|psn\n|\n|upkeep\n|\n|t:|1697808201\n|switch|p2b: Milotic|Milotic, F, shiny|100\/100\n|switch|p2a: Ninetales|Ninetales-Alola, F, shiny|100\/100\n|-weather|Snow|[from] ability: Snow Warning|[of] p2a: Ninetales\n|turn|2\n|\n|t:|1697808213\n|move|p1b: Chien-Pao|Swords Dance|p1b: Chien-Pao\n|-boost|p1b: Chien-Pao|atk|2\n|move|p2a: Ninetales|Icy Wind|p1b: Chien-Pao|[spread] p1a,p1b\n|-resisted|p1b: Chien-Pao\n|-damage|p1a: Clefable|92\/100 psn\n|-damage|p1b: Chien-Pao|91\/100\n|-unboost|p1a: Clefable|spe|1\n|-unboost|p1b: Chien-Pao|spe|1\n|move|p2b: Milotic|Scald|p1b: Chien-Pao\n|-damage|p1b: Chien-Pao|45\/100\n|-status|p1b: Chien-Pao|brn\n|move|p1a: Clefable|Cosmic Power|p1a: Clefable\n|-boost|p1a: Clefable|def|1\n|-boost|p1a: Clefable|spd|1\n|\n|-weather|Snow|[upkeep]\n|-heal|p1a: Clefable|98\/100 psn|[from] item: Leftovers\n|-damage|p1b: Chien-Pao|39\/100 brn|[from] brn\n|upkeep\n|turn|3\n|inactive|Champion's Melody has 120 seconds left.\n|\n|t:|1697808244\n|move|p2a: Ninetales|Encore|p1a: Clefable\n|-start|p1a: Clefable|Encore\n|move|p1b: Chien-Pao|Crunch|p2b: Milotic\n|-damage|p2b: Milotic|47\/100\n|move|p2b: Milotic|Scald|p1b: Chien-Pao\n|-damage|p1b: Chien-Pao|0 fnt\n|faint|p1b: Chien-Pao\n|move|p1a: Clefable|Cosmic Power|p1a: Clefable\n|-boost|p1a: Clefable|def|1\n|-boost|p1a: Clefable|spd|1\n|\n|-weather|Snow|[upkeep]\n|-heal|p2b: Milotic|53\/100|[from] item: Leftovers\n|-heal|p1a: Clefable|100\/100 psn|[from] item: Leftovers\n|upkeep\n|inactive|Champion's Melody has 120 seconds left.\n|\n|t:|1697808272\n|switch|p1b: Palafin|Palafin-Hero, M|100\/100\n|-status|p1b: Palafin|psn\n|-activate|p1b: Palafin|ability: Zero to Hero\n|turn|4\n|inactive|Champion's Melody has 120 seconds left.\n|inactive|dfbdyfysfesy has 120 seconds left.\n|\n|t:|1697808303\n|move|p2a: Ninetales|Aurora Veil|p2a: Ninetales\n|-sidestart|p2: dfbdyfysfesy|move: Aurora Veil\n|move|p1b: Palafin|Body Slam|p2a: Ninetales\n|-damage|p2a: Ninetales|74\/100\n|-status|p2a: Ninetales|par\n|move|p2b: Milotic|Scald|p1b: Palafin\n|-resisted|p1b: Palafin\n|-damage|p1b: Palafin|86\/100 psn\n|move|p1a: Clefable|Cosmic Power|p1a: Clefable\n|-boost|p1a: Clefable|def|1\n|-boost|p1a: Clefable|spd|1\n|\n|-weather|Snow|[upkeep]\n|-heal|p2b: Milotic|59\/100|[from] item: Leftovers\n|-damage|p1b: Palafin|73\/100 psn|[from] psn\n|upkeep\n|turn|5\n|\n|t:|1697808322\n|move|p1b: Palafin|Body Slam|p2b: Milotic\n|-damage|p2b: Milotic|25\/100\n|-status|p2b: Milotic|par\n|move|p2a: Ninetales|Icy Wind|p1b: Palafin|[spread] p1a,p1b\n|-resisted|p1b: Palafin\n|-damage|p1a: Clefable|97\/100 psn\n|-damage|p1b: Palafin|66\/100 psn\n|-unboost|p1a: Clefable|spe|1\n|-unboost|p1b: Palafin|spe|1\n|move|p2b: Milotic|Scald|p1b: Palafin\n|-resisted|p1b: Palafin\n|-damage|p1b: Palafin|50\/100 psn\n|move|p1a: Clefable|Cosmic Power|p1a: Clefable\n|-boost|p1a: Clefable|def|1\n|-boost|p1a: Clefable|spd|1\n|\n|-weather|Snow|[upkeep]\n|-heal|p2b: Milotic|31\/100 par|[from] item: Leftovers\n|-heal|p1a: Clefable|100\/100 psn|[from] item: Leftovers\n|-damage|p1b: Palafin|38\/100 psn|[from] psn\n|-end|p1a: Clefable|Encore\n|upkeep\n|turn|6\n|\n|t:|1697808347\n|move|p1b: Palafin|Body Slam|p2b: Milotic\n|-crit|p2b: Milotic\n|-damage|p2b: Milotic|0 fnt\n|faint|p2b: Milotic\n|move|p2a: Ninetales|Encore|p1a: Clefable\n|-start|p1a: Clefable|Encore\n|move|p1a: Clefable|Cosmic Power|p1a: Clefable\n|-boost|p1a: Clefable|def|1\n|-boost|p1a: Clefable|spd|1\n|\n|-weather|none\n|-damage|p1b: Palafin|26\/100 psn|[from] psn\n|upkeep\n|\n|t:|1697808354\n|switch|p2b: Weezing|Weezing, M, shiny|100\/100\n|-ability|p2b: Weezing|Neutralizing Gas\n|turn|7\n|\n|t:|1697808366\n|move|p1b: Palafin|Body Slam|p2b: Weezing\n|-damage|p2b: Weezing|75\/100\n|move|p2a: Ninetales|Icy Wind|p1b: Palafin|[spread] p1a,p1b\n|-resisted|p1b: Palafin\n|-damage|p1a: Clefable|98\/100 psn\n|-damage|p1b: Palafin|20\/100 psn\n|-unboost|p1a: Clefable|spe|1\n|-unboost|p1b: Palafin|spe|1\n|move|p2b: Weezing|Acid Spray|p1b: Palafin\n|-damage|p1b: Palafin|6\/100 psn\n|-unboost|p1b: Palafin|spd|2\n|move|p1a: Clefable|Cosmic Power|p1a: Clefable\n|-boost|p1a: Clefable|def|1\n|-boost|p1a: Clefable|spd|1\n|\n|-heal|p2b: Weezing|81\/100|[from] item: Leftovers\n|-heal|p1a: Clefable|100\/100 psn|[from] item: Leftovers\n|-damage|p1b: Palafin|0 fnt|[from] psn\n|faint|p1b: Palafin\n|-damage|p1a: Clefable|88\/100 psn|[from] psn\n|upkeep\n|\n|t:|1697808388\n|switch|p1b: Lurantis|Lurantis, F|100\/100\n|-status|p1b: Lurantis|psn\n|turn|8\n|\n|t:|1697808399\n|-terastallize|p1b: Lurantis|Bug\n|move|p2a: Ninetales|Icy Wind|p1b: Lurantis|[spread] p1a,p1b\n|-damage|p1a: Clefable|86\/100 psn\n|-damage|p1b: Lurantis|87\/100 psn\n|-unboost|p1a: Clefable|spe|1\n|-unboost|p1b: Lurantis|spe|1\n|move|p2b: Weezing|Flamethrower|p1b: Lurantis\n|-supereffective|p1b: Lurantis\n|-damage|p1b: Lurantis|44\/100 psn\n|move|p1b: Lurantis|Superpower|p2a: Ninetales\n|-damage|p2a: Ninetales|41\/100 par\n|-unboost|p1b: Lurantis|atk|1\n|-unboost|p1b: Lurantis|def|1\n|move|p1a: Clefable|Cosmic Power|p1a: Clefable\n|-boost|p1a: Clefable|def|0\n|-boost|p1a: Clefable|spd|0\n|\n|-heal|p2b: Weezing|87\/100|[from] item: Leftovers\n|-heal|p1a: Clefable|92\/100 psn|[from] item: Leftovers\n|-damage|p1b: Lurantis|32\/100 psn|[from] psn\n|-damage|p1a: Clefable|79\/100 psn|[from] psn\n|-end|p1a: Clefable|Encore\n|upkeep\n|turn|9\n|inactive|Champion's Melody has 120 seconds left.\n|\n|t:|1697808435\n|switch|p1b: Frosmoth|Frosmoth, F|100\/100\n|move|p1a: Clefable|Follow Me|p1a: Clefable\n|-singleturn|p1a: Clefable|move: Follow Me\n|cant|p2a: Ninetales|par\n|move|p2b: Weezing|Flamethrower|p1a: Clefable\n|-damage|p1a: Clefable|76\/100 psn\n|\n|-heal|p2b: Weezing|93\/100|[from] item: Leftovers\n|-heal|p1a: Clefable|82\/100 psn|[from] item: Leftovers\n|-damage|p1a: Clefable|70\/100 psn|[from] psn\n|upkeep\n|turn|10\n|\n|t:|1697808452\n|move|p1a: Clefable|Follow Me|p1a: Clefable\n|-singleturn|p1a: Clefable|move: Follow Me\n|move|p1b: Frosmoth|Quiver Dance|p1b: Frosmoth\n|-boost|p1b: Frosmoth|spa|1\n|-boost|p1b: Frosmoth|spd|1\n|-boost|p1b: Frosmoth|spe|1\n|cant|p2a: Ninetales|par\n|move|p2b: Weezing|Acid Spray|p1a: Clefable\n|-supereffective|p1a: Clefable\n|-damage|p1a: Clefable|65\/100 psn\n|-unboost|p1a: Clefable|spd|2\n|\n|-heal|p2b: Weezing|99\/100|[from] item: Leftovers\n|-heal|p1a: Clefable|71\/100 psn|[from] item: Leftovers\n|-damage|p1a: Clefable|59\/100 psn|[from] psn\n|upkeep\n|turn|11\n|\n|t:|1697808469\n|move|p1a: Clefable|Follow Me|p1a: Clefable\n|-singleturn|p1a: Clefable|move: Follow Me\n|move|p1b: Frosmoth|Quiver Dance|p1b: Frosmoth\n|-boost|p1b: Frosmoth|spa|1\n|-boost|p1b: Frosmoth|spd|1\n|-boost|p1b: Frosmoth|spe|1\n|move|p2a: Ninetales|Icy Wind|p1a: Clefable|[spread] p1a,p1b\n|-resisted|p1b: Frosmoth\n|-damage|p1a: Clefable|56\/100 psn\n|-damage|p1b: Frosmoth|97\/100\n|-unboost|p1a: Clefable|spe|1\n|-unboost|p1b: Frosmoth|spe|1\n|move|p2b: Weezing|Acid Spray|p1a: Clefable\n|-supereffective|p1a: Clefable\n|-damage|p1a: Clefable|50\/100 psn\n|-unboost|p1a: Clefable|spd|2\n|\n|-heal|p2b: Weezing|100\/100|[from] item: Leftovers\n|-heal|p1a: Clefable|56\/100 psn|[from] item: Leftovers\n|-damage|p1a: Clefable|44\/100 psn|[from] psn\n|-sideend|p2: dfbdyfysfesy|move: Aurora Veil\n|upkeep\n|turn|12\n|inactive|Champion's Melody has 120 seconds left.\n|\n|t:|1697808501\n|move|p1b: Frosmoth|Ice Beam|p2b: Weezing\n|-damage|p2b: Weezing|0 fnt\n|faint|p2b: Weezing\n|-end|p2b: Weezing|ability: Neutralizing Gas\n|-weather|Snow|[from] ability: Snow Warning|[of] p2a: Ninetales\n|move|p2a: Ninetales|Icy Wind|p1b: Frosmoth|[spread] p1a,p1b\n|-resisted|p1b: Frosmoth\n|-damage|p1a: Clefable|39\/100 psn\n|-damage|p1b: Frosmoth|93\/100\n|-unboost|p1a: Clefable|spe|1\n|move|p1a: Clefable|Rest|p1a: Clefable\n|-status|p1a: Clefable|slp|[from] move: Rest\n|-heal|p1a: Clefable|100\/100 slp|[silent]\n|\n|-weather|Snow|[upkeep]\n|upkeep\n|inactive|dfbdyfysfesy has 120 seconds left.\n|\n|t:|1697808515\n|switch|p2b: Kingambit|Kingambit, M, shiny|100\/100\n|turn|13\n|inactive|dfbdyfysfesy has 120 seconds left.\n|\n|t:|1697808559\n|-terastallize|p2b: Kingambit|Dark\n|move|p2b: Kingambit|Sucker Punch|p1b: Frosmoth\n|-damage|p1b: Frosmoth|8\/100\n|move|p1b: Frosmoth|Bug Buzz|p2b: Kingambit\n|-supereffective|p2b: Kingambit\n|-damage|p2b: Kingambit|0 fnt\n|faint|p2b: Kingambit\n|move|p2a: Ninetales|Icy Wind|p1a: Clefable|[spread] p1a,p1b\n|-crit|p1a: Clefable\n|-resisted|p1b: Frosmoth\n|-damage|p1a: Clefable|88\/100 slp\n|-damage|p1b: Frosmoth|4\/100\n|cant|p1a: Clefable|slp\n|move|p1a: Clefable|Sleep Talk|p1a: Clefable\n|move|p1a: Clefable|Follow Me|p1a: Clefable|[from]move: Sleep Talk\n|-singleturn|p1a: Clefable|move: Follow Me\n|\n|-weather|Snow|[upkeep]\n|-heal|p1a: Clefable|94\/100 slp|[from] item: Leftovers\n|upkeep\n|turn|14\n|\n|t:|1697808581\n|cant|p1a: Clefable|slp\n|move|p1b: Frosmoth|Giga Drain|p2a: Ninetales\n|-damage|p2a: Ninetales|0 fnt\n|-heal|p1b: Frosmoth|28\/100|[from] drain|[of] p2a: Ninetales\n|faint|p2a: Ninetales\n|\n|win|Champion's Melody\n|raw|Champion&apos;s Melody's rating: 1028 &rarr; <strong>1066<\/strong><br \/>(+38 for winning)\n|raw|dfbdyfysfesy's rating: 1049 &rarr; <strong>1031<\/strong><br \/>(-18 for losing)\n","uploadtime":1697808592,"views":15,"p1id":"championsmelody","p2id":"dfbdyfysfesy","formatid":"gen9doublesou","rating":1031,"private":0,"password":""}