{"id":"gen9doublesou-1968327262","p1":"SNES_US","p2":"BlackHoler","format":"[Gen 9] Doubles OU","log":"|html|<div class=\"broadcast-blue\"><strong>[Gen 9] Doubles OU is currently suspecting Basculegion & Flutter Mane! For information on how to participate check out the <a href=\"https:\/\/www.smogon.com\/forums\/threads\/np-sv-dou-stage-8-double-trouble.3729153\/\">suspect thread<\/a>.<\/strong><\/div>\n|j|\u2606SNES_US\n|j|\u2606BlackHoler\n|t:|1697406507\n|gametype|doubles\n|player|p1|SNES_US|unknown|1082\n|player|p2|BlackHoler|lucas|1133\n|teamsize|p1|6\n|teamsize|p2|6\n|gen|9\n|tier|[Gen 9] Doubles OU\n|rated|\n|rule|Species Clause: Limit one of each Pok\u00e9mon\n|rule|OHKO Clause: OHKO moves are banned\n|rule|Evasion Moves Clause: Evasion moves are banned\n|rule|Gravity Sleep Clause: The combination of sleep-inducing moves with imperfect accuracy and Gravity or Gigantamax Orbeetle are banned\n|rule|Endless Battle Clause: Forcing endless battles is banned\n|rule|HP Percentage Mod: HP is shown in percentages\n|clearpoke\n|poke|p1|Ribombee, M|\n|poke|p1|Dragapult, F|\n|poke|p1|Clefairy, F|\n|poke|p1|Quaquaval, M|\n|poke|p1|Ogerpon-Hearthflame, F|\n|poke|p1|Florges, F|\n|poke|p2|Fezandipiti, M|\n|poke|p2|Ursaluna-Bloodmoon, M|\n|poke|p2|Torkoal, M|\n|poke|p2|Regieleki|\n|poke|p2|Typhlosion-Hisui, M|\n|poke|p2|Rillaboom, F|\n|teampreview\n|\n|t:|1697406521\n|start\n|switch|p1a: Ribbon|Ribombee, M|100\/100\n|switch|p1b: Child Slinger|Dragapult, F|100\/100\n|switch|p2a: Torkoal|Torkoal, M|100\/100\n|switch|p2b: Typhlosion|Typhlosion-Hisui, M|100\/100\n|-item|p1a: Ribbon|Red Card|[from] ability: Frisk|[of] p2b: Typhlosion|[identify]\n|-item|p1b: Child Slinger|Bright Powder|[from] ability: Frisk|[of] p2b: Typhlosion|[identify]\n|-weather|SunnyDay|[from] ability: Drought|[of] p2a: Torkoal\n|turn|1\n|\n|t:|1697406550\n|move|p2b: Typhlosion|Shadow Ball|p1b: Child Slinger|[miss]\n|-miss|p2b: Typhlosion|p1b: Child Slinger\n|move|p1b: Child Slinger|Dragon Dance|p1b: Child Slinger\n|-boost|p1b: Child Slinger|atk|1\n|-boost|p1b: Child Slinger|spe|1\n|move|p1a: Ribbon|Sticky Web|p2b: Typhlosion\n|-sidestart|p2: BlackHoler|move: Sticky Web\n|move|p2a: Torkoal|Eruption|p1a: Ribbon|[spread] p1a,p1b\n|-supereffective|p1a: Ribbon\n|-crit|p1a: Ribbon\n|-resisted|p1b: Child Slinger\n|-damage|p1a: Ribbon|0 fnt\n|-damage|p1b: Child Slinger|60\/100\n|faint|p1a: Ribbon\n|\n|-weather|SunnyDay|[upkeep]\n|upkeep\n|\n|t:|1697406567\n|switch|p1a: FESTIVAL|Quaquaval, M|100\/100\n|turn|2\n|\n|t:|1697406578\n|move|p1b: Child Slinger|Disable|p2b: Typhlosion\n|-start|p2b: Typhlosion|Disable|Shadow Ball\n|cant|p2b: Typhlosion|Disable|Shadow Ball\n|move|p1a: FESTIVAL|Aqua Step|p2a: Torkoal\n|-supereffective|p2a: Torkoal\n|-damage|p2a: Torkoal|79\/100\n|-boost|p1a: FESTIVAL|spe|1\n|move|p2a: Torkoal|Heat Wave|p1b: Child Slinger|[spread] p1a,p1b\n|-resisted|p1a: FESTIVAL\n|-resisted|p1b: Child Slinger\n|-damage|p1a: FESTIVAL|78\/100\n|-damage|p1b: Child Slinger|34\/100\n|\n|-weather|SunnyDay|[upkeep]\n|-heal|p2a: Torkoal|85\/100|[from] item: Leftovers\n|upkeep\n|turn|3\n|\n|t:|1697406600\n|switch|p2b: Rillaboom|Rillaboom, F|100\/100\n|-activate|p2b: Rillaboom|move: Sticky Web\n|-unboost|p2b: Rillaboom|spe|1\n|-fieldstart|move: Grassy Terrain|[from] ability: Grassy Surge|[of] p2b: Rillaboom\n|move|p1b: Child Slinger|Disable|p2a: Torkoal\n|-start|p2a: Torkoal|Disable|Heat Wave\n|move|p1a: FESTIVAL|Knock Off|p2b: Rillaboom\n|-damage|p2b: Rillaboom|71\/100\n|-enditem|p2b: Rillaboom|Assault Vest|[from] move: Knock Off|[of] p1a: FESTIVAL\n|cant|p2a: Torkoal|Disable|Heat Wave\n|\n|-weather|SunnyDay|[upkeep]\n|-heal|p1b: Child Slinger|40\/100|[from] Grassy Terrain\n|-heal|p1a: FESTIVAL|85\/100|[from] Grassy Terrain\n|-heal|p2b: Rillaboom|77\/100|[from] Grassy Terrain\n|-heal|p2a: Torkoal|91\/100|[from] Grassy Terrain\n|-heal|p2a: Torkoal|97\/100|[from] item: Leftovers\n|upkeep\n|turn|4\n|\n|t:|1697406626\n|move|p2b: Rillaboom|Grassy Glide|p1a: FESTIVAL\n|-supereffective|p1a: FESTIVAL\n|-damage|p1a: FESTIVAL|16\/100\n|move|p1b: Child Slinger|Baton Pass|p1b: Child Slinger\n|\n|t:|1697406633\n|switch|p1b: Kirby|Clefairy, F|100\/100|[from] Baton Pass\n|move|p1a: FESTIVAL|Baton Pass|p1a: FESTIVAL\n|\n|t:|1697406638\n|switch|p1a: Flora|Florges, F|100\/100|[from] Baton Pass\n|move|p2a: Torkoal|Eruption|p1a: Flora|[spread] p1a,p1b\n|-damage|p1a: Flora|65\/100\n|-damage|p1b: Kirby|38\/100\n|\n|-weather|SunnyDay|[upkeep]\n|-heal|p1a: Flora|71\/100|[from] Grassy Terrain\n|-heal|p1b: Kirby|44\/100|[from] Grassy Terrain\n|-heal|p2b: Rillaboom|83\/100|[from] Grassy Terrain\n|-heal|p2a: Torkoal|100\/100|[from] Grassy Terrain\n|upkeep\n|turn|5\n|\n|t:|1697406659\n|move|p1a: Flora|Dazzling Gleam|p2b: Rillaboom|[spread] p2a,p2b\n|-resisted|p2a: Torkoal\n|-damage|p2a: Torkoal|84\/100\n|-damage|p2b: Rillaboom|48\/100\n|move|p1b: Kirby|Baton Pass|p1b: Kirby\n|\n|t:|1697406665\n|switch|p1b: Child Slinger|Dragapult, F|40\/100|[from] Baton Pass\n|move|p2b: Rillaboom|Knock Off|p1a: Flora\n|-resisted|p1a: Flora\n|-damage|p1a: Flora|52\/100\n|-enditem|p1a: Flora|Fairy Feather|[from] move: Knock Off|[of] p2b: Rillaboom\n|move|p2a: Torkoal|Eruption|p1a: Flora|[spread] p1a,p1b\n|-resisted|p1b: Child Slinger\n|-damage|p1a: Flora|14\/100\n|-damage|p1b: Child Slinger|6\/100\n|\n|-weather|none\n|-heal|p1b: Child Slinger|12\/100|[from] Grassy Terrain\n|-heal|p1a: Flora|20\/100|[from] Grassy Terrain\n|-heal|p2b: Rillaboom|54\/100|[from] Grassy Terrain\n|-heal|p2a: Torkoal|90\/100|[from] Grassy Terrain\n|-heal|p2a: Torkoal|96\/100|[from] item: Leftovers\n|upkeep\n|turn|6\n|\n|t:|1697406692\n|move|p2b: Rillaboom|Grassy Glide|p1b: Child Slinger\n|-resisted|p1b: Child Slinger\n|-damage|p1b: Child Slinger|0 fnt\n|faint|p1b: Child Slinger\n|move|p1a: Flora|Dazzling Gleam|p2b: Rillaboom|[spread] p2a,p2b\n|-resisted|p2a: Torkoal\n|-damage|p2a: Torkoal|80\/100\n|-damage|p2b: Rillaboom|23\/100\n|move|p2a: Torkoal|Eruption|p1a: Flora\n|-damage|p1a: Flora|0 fnt\n|faint|p1a: Flora\n|\n|-heal|p2b: Rillaboom|29\/100|[from] Grassy Terrain\n|-heal|p2a: Torkoal|86\/100|[from] Grassy Terrain\n|-heal|p2a: Torkoal|92\/100|[from] item: Leftovers\n|-end|p2a: Torkoal|Disable\n|upkeep\n|\n|t:|1697406710\n|switch|p1b: FESTIVAL|Quaquaval, M|16\/100\n|switch|p1a: CUDGEL AND RUN!!!|Ogerpon-Hearthflame, F|100\/100\n|-ability|p1a: CUDGEL AND RUN!!!|Mold Breaker\n|turn|7\n|\n|t:|1697406728\n|-terastallize|p1a: CUDGEL AND RUN!!!|Fire\n|detailschange|p1a: CUDGEL AND RUN!!!|Ogerpon-Hearthflame-Tera, F, tera:Fire\n|-ability|p1a: CUDGEL AND RUN!!!|Embody Aspect (Hearthflame)|boost\n|-boost|p1a: CUDGEL AND RUN!!!|atk|1\n|move|p2b: Rillaboom|Grassy Glide|p1b: FESTIVAL\n|-supereffective|p1b: FESTIVAL\n|-damage|p1b: FESTIVAL|0 fnt\n|faint|p1b: FESTIVAL\n|move|p1a: CUDGEL AND RUN!!!|Ivy Cudgel|p2b: Rillaboom\n|-supereffective|p2b: Rillaboom\n|-damage|p2b: Rillaboom|0 fnt\n|faint|p2b: Rillaboom\n|move|p2a: Torkoal|Earth Power|p1a: CUDGEL AND RUN!!!\n|-supereffective|p1a: CUDGEL AND RUN!!!\n|-crit|p1a: CUDGEL AND RUN!!!\n|-damage|p1a: CUDGEL AND RUN!!!|25\/100\n|\n|-heal|p1a: CUDGEL AND RUN!!!|32\/100|[from] Grassy Terrain\n|-heal|p2a: Torkoal|98\/100|[from] Grassy Terrain\n|-heal|p2a: Torkoal|100\/100|[from] item: Leftovers\n|-fieldend|move: Grassy Terrain\n|upkeep\n|-message|SNES_US forfeited.\n|\n|win|BlackHoler\n|raw|SNES_US's rating: 1082 &rarr; <strong>1063<\/strong><br \/>(-19 for losing)\n|raw|BlackHoler's rating: 1133 &rarr; <strong>1154<\/strong><br \/>(+21 for winning)\n|l|\u2606SNES_US\n","uploadtime":1697406748,"views":20,"p1id":"snesus","p2id":"blackholer","formatid":"gen9doublesou","rating":1063,"private":0,"password":""}