{"id":"gen9doublesou-1982495999","p1":"N0t Rimuru","p2":"cotesmcgotes","format":"[Gen 9] Doubles OU","log":"|j|\u2606N0t Rimuru\n|j|\u2606cotesmcgotes\n|t:|1699020261\n|gametype|doubles\n|player|p1|N0t Rimuru|170|1133\n|player|p2|cotesmcgotes|flannery|1184\n|teamsize|p1|6\n|teamsize|p2|6\n|gen|9\n|tier|[Gen 9] Doubles OU\n|rated|\n|rule|Species Clause: Limit one of each Pok\u00e9mon\n|rule|OHKO Clause: OHKO moves are banned\n|rule|Evasion Moves Clause: Evasion moves are banned\n|rule|Gravity Sleep Clause: The combination of sleep-inducing moves with imperfect accuracy and Gravity or Gigantamax Orbeetle are banned\n|rule|Endless Battle Clause: Forcing endless battles is banned\n|rule|HP Percentage Mod: HP is shown in percentages\n|clearpoke\n|poke|p1|Kommo-o, F|\n|poke|p1|Amoonguss, F|\n|poke|p1|Pelipper, M|\n|poke|p1|Palafin, F|\n|poke|p1|Landorus-Therian, M|\n|poke|p1|Volcanion|\n|poke|p2|Tornadus, M|\n|poke|p2|Pelipper, M|\n|poke|p2|Manaphy|\n|poke|p2|Gallade, M|\n|poke|p2|Brute Bonnet|\n|poke|p2|Azumarill, M|\n|teampreview\n|\n|t:|1699020279\n|start\n|switch|p1a: Pelipper|Pelipper, M, shiny|100\/100\n|switch|p1b: Palafin|Palafin, F|100\/100\n|switch|p2a: Tornadus|Tornadus, M|100\/100\n|switch|p2b: Brute Bonnet|Brute Bonnet|100\/100\n|-weather|RainDance|[from] ability: Drizzle|[of] p1a: Pelipper\n|turn|1\n|inactive|Battle timer is ON: inactive players will automatically lose when time's up. (requested by cotesmcgotes)\n|\n|t:|1699020295\n|move|p2a: Tornadus|Tailwind|p2a: Tornadus\n|-sidestart|p2: cotesmcgotes|move: Tailwind\n|move|p1b: Palafin|Flip Turn|p2a: Tornadus\n|-damage|p2a: Tornadus|48\/100\n|\n|t:|1699020301\n|detailschange|p1b: Palafin|Palafin-Hero, F\n|switch|p1b: Landorus|Landorus-Therian, M, shiny|100\/100|[from] Flip Turn\n|-ability|p1b: Landorus|Intimidate|boost\n|-unboost|p2a: Tornadus|atk|1\n|-unboost|p2b: Brute Bonnet|atk|1\n|move|p2b: Brute Bonnet|Spore|p1a: Pelipper\n|-status|p1a: Pelipper|slp|[from] move: Spore\n|cant|p1a: Pelipper|slp\n|\n|-weather|RainDance|[upkeep]\n|upkeep\n|turn|2\n|\n|t:|1699020321\n|-end|p2b: Brute Bonnet|Protosynthesis|[silent]\n|switch|p2b: Pelipper|Pelipper, M|100\/100\n|move|p2a: Tornadus|Weather Ball|p1b: Landorus\n|-supereffective|p1b: Landorus\n|-damage|p1b: Landorus|0 fnt\n|faint|p1b: Landorus\n|cant|p1a: Pelipper|slp\n|\n|-weather|RainDance|[upkeep]\n|upkeep\n|\n|t:|1699020335\n|switch|p1b: Kommo-o|Kommo-o, F|100\/100\n|turn|3\n|\n|t:|1699020343\n|move|p2a: Tornadus|Bleakwind Storm|p1b: Kommo-o|[spread] p1a,p1b\n|-supereffective|p1b: Kommo-o\n|-damage|p1a: Pelipper|49\/100 slp\n|-damage|p1b: Kommo-o|39\/100\n|-unboost|p1b: Kommo-o|spe|1\n|move|p2b: Pelipper|Hurricane|p1b: Kommo-o\n|-supereffective|p1b: Kommo-o\n|-damage|p1b: Kommo-o|0 fnt\n|faint|p1b: Kommo-o\n|cant|p1a: Pelipper|slp\n|\n|-weather|RainDance|[upkeep]\n|upkeep\n|\n|t:|1699020359\n|switch|p1b: Palafin|Palafin-Hero, F|100\/100\n|-activate|p1b: Palafin|ability: Zero to Hero\n|turn|4\n|\n|t:|1699020371\n|switch|p2a: Brute Bonnet|Brute Bonnet|100\/100\n|move|p1b: Palafin|Jet Punch|p2a: Brute Bonnet\n|-resisted|p2a: Brute Bonnet\n|-damage|p2a: Brute Bonnet|77\/100\n|move|p2b: Pelipper|Icy Wind|p1a: Pelipper|[spread] p1a,p1b\n|-resisted|p1b: Palafin\n|-damage|p1a: Pelipper|32\/100 slp\n|-damage|p1b: Palafin|94\/100\n|-unboost|p1a: Pelipper|spe|1\n|-unboost|p1b: Palafin|spe|1\n|-curestatus|p1a: Pelipper|slp|[msg]\n|move|p1a: Pelipper|Tailwind|p1a: Pelipper\n|-sidestart|p1: N0t Rimuru|move: Tailwind\n|\n|-weather|RainDance|[upkeep]\n|-heal|p2a: Brute Bonnet|84\/100|[from] item: Leftovers\n|-sideend|p2: cotesmcgotes|move: Tailwind\n|upkeep\n|turn|5\n|\n|t:|1699020395\n|move|p1b: Palafin|Drain Punch|p2a: Brute Bonnet\n|-supereffective|p2a: Brute Bonnet\n|-damage|p2a: Brute Bonnet|31\/100\n|-heal|p1b: Palafin|100\/100|[from] drain|[of] p2a: Brute Bonnet\n|move|p1a: Pelipper|U-turn|p2a: Brute Bonnet\n|-supereffective|p2a: Brute Bonnet\n|-damage|p2a: Brute Bonnet|0 fnt\n|faint|p2a: Brute Bonnet\n|-end|p2a: Brute Bonnet|Protosynthesis|[silent]\n|\n|t:|1699020406\n|switch|p1a: Volcanion|Volcanion|100\/100|[from] U-turn\n|move|p2b: Pelipper|Tailwind|p2b: Pelipper\n|-sidestart|p2: cotesmcgotes|move: Tailwind\n|\n|-weather|RainDance|[upkeep]\n|upkeep\n|inactive|cotesmcgotes has 120 seconds left.\n|\n|t:|1699020445\n|switch|p2a: Gallade|Gallade, M, shiny|100\/100\n|turn|6\n|inactive|cotesmcgotes has 120 seconds left.\n|\n|t:|1699020464\n|move|p2a: Gallade|Psycho Cut|p1a: Volcanion\n|-damage|p1a: Volcanion|58\/100\n|move|p1b: Palafin|Wave Crash|p2a: Gallade\n|-damage|p2a: Gallade|0 fnt\n|faint|p2a: Gallade\n|-damage|p1b: Palafin|74\/100|[from] Recoil\n|move|p1a: Volcanion|Sludge Bomb|p2b: Pelipper\n|-damage|p2b: Pelipper|49\/100\n|move|p2b: Pelipper|Hurricane|p1b: Palafin\n|-damage|p1b: Palafin|12\/100\n|-start|p1b: Palafin|confusion\n|\n|-weather|RainDance|[upkeep]\n|upkeep\n|inactive|cotesmcgotes has 120 seconds left.\n|\n|t:|1699020476\n|switch|p2a: Azumarill|Azumarill, M|100\/100\n|turn|7\n|\n|t:|1699020489\n|-activate|p1b: Palafin|confusion\n|move|p1b: Palafin|Jet Punch|p2b: Pelipper\n|-resisted|p2b: Pelipper\n|-damage|p2b: Pelipper|20\/100\n|move|p2a: Azumarill|Aqua Jet|p1b: Palafin\n|-resisted|p1b: Palafin\n|-damage|p1b: Palafin|3\/100\n|move|p1a: Volcanion|Sludge Bomb|p2a: Azumarill\n|-supereffective|p2a: Azumarill\n|-damage|p2a: Azumarill|26\/100\n|move|p2b: Pelipper|Hurricane|p1a: Volcanion\n|-damage|p1a: Volcanion|6\/100\n|\n|-weather|RainDance|[upkeep]\n|-sideend|p1: N0t Rimuru|move: Tailwind\n|upkeep\n|turn|8\n|\n|t:|1699020517\n|move|p2a: Azumarill|Aqua Jet|p1b: Palafin\n|-resisted|p1b: Palafin\n|-damage|p1b: Palafin|0 fnt\n|faint|p1b: Palafin\n|move|p2b: Pelipper|Icy Wind|p1a: Volcanion\n|-resisted|p1a: Volcanion\n|-damage|p1a: Volcanion|2\/100\n|-unboost|p1a: Volcanion|spe|1\n|move|p1a: Volcanion|Sludge Bomb|p2a: Azumarill\n|-supereffective|p2a: Azumarill\n|-damage|p2a: Azumarill|0 fnt\n|faint|p2a: Azumarill\n|\n|-weather|none\n|-sideend|p2: cotesmcgotes|move: Tailwind\n|upkeep\n|\n|t:|1699020532\n|switch|p1b: Pelipper|Pelipper, M, shiny|32\/100\n|switch|p2a: Tornadus|Tornadus, M|48\/100\n|-weather|RainDance|[from] ability: Drizzle|[of] p1b: Pelipper\n|turn|9\n|\n|t:|1699020545\n|move|p2a: Tornadus|Taunt|p1b: Pelipper\n|-start|p1b: Pelipper|move: Taunt\n|move|p2b: Pelipper|Icy Wind|p1a: Volcanion|[spread] p1a,p1b\n|-resisted|p1a: Volcanion\n|-damage|p1a: Volcanion|0 fnt\n|-damage|p1b: Pelipper|16\/100\n|-unboost|p1b: Pelipper|spe|1\n|faint|p1a: Volcanion\n|cant|p1b: Pelipper|move: Taunt|Tailwind\n|\n|-weather|RainDance|[upkeep]\n|upkeep\n|-message|N0t Rimuru forfeited.\n|\n|win|cotesmcgotes\n|raw|N0t Rimuru's rating: 1133 &rarr; <strong>1112<\/strong><br \/>(-21 for losing)\n|raw|cotesmcgotes's rating: 1184 &rarr; <strong>1205<\/strong><br \/>(+21 for winning)\n|l|\u2606N0t Rimuru\n","uploadtime":1699020564,"views":14,"p1id":"n0trimuru","p2id":"cotesmcgotes","formatid":"gen9doublesou","rating":1112,"private":0,"password":""}