{"id":"gen9doublesou-1978480835","p1":"w0909","p2":"fitless","format":"[Gen 9] Doubles OU","log":"|j|\u2606w0909\n|j|\u2606fitless\n|t:|1698544492\n|gametype|doubles\n|player|p1|w0909|klara|1060\n|player|p2|fitless|170|1112\n|teamsize|p1|6\n|teamsize|p2|6\n|gen|9\n|tier|[Gen 9] Doubles OU\n|rated|\n|rule|Species Clause: Limit one of each Pok\u00e9mon\n|rule|OHKO Clause: OHKO moves are banned\n|rule|Evasion Moves Clause: Evasion moves are banned\n|rule|Gravity Sleep Clause: The combination of sleep-inducing moves with imperfect accuracy and Gravity or Gigantamax Orbeetle are banned\n|rule|Endless Battle Clause: Forcing endless battles is banned\n|rule|HP Percentage Mod: HP is shown in percentages\n|clearpoke\n|poke|p1|Grimmsnarl, M|\n|poke|p1|Torkoal, M|\n|poke|p1|Armarouge, F|\n|poke|p1|Indeedee-F, F|\n|poke|p1|Roaring Moon|\n|poke|p1|Lilligant, F|\n|poke|p2|Lucario, F|\n|poke|p2|Flutter Mane|\n|poke|p2|Landorus-Therian, M|\n|poke|p2|Azelf|\n|poke|p2|Ogerpon-Wellspring, F|\n|poke|p2|Regieleki|\n|teampreview\n|\n|t:|1698544515\n|start\n|switch|p1a: Herman|Grimmsnarl, M|100\/100\n|switch|p1b: Torkoal|Torkoal, M|100\/100\n|switch|p2a: Regieleki|Regieleki|100\/100\n|switch|p2b: Landorus|Landorus-Therian, M|100\/100\n|-ability|p2b: Landorus|Intimidate|boost\n|-unboost|p1a: Herman|atk|1\n|-unboost|p1b: Torkoal|atk|1\n|-weather|SunnyDay|[from] ability: Drought|[of] p1b: Torkoal\n|turn|1\n|inactive|Battle timer is ON: inactive players will automatically lose when time's up. (requested by w0909)\n|\n|t:|1698544528\n|move|p1a: Herman|Parting Shot|p2b: Landorus\n|-unboost|p2b: Landorus|atk|1\n|-unboost|p2b: Landorus|spa|1\n|\n|t:|1698544532\n|switch|p1a: Indeedee|Indeedee-F, F|100\/100|[from] Parting Shot\n|-fieldstart|move: Psychic Terrain|[from] ability: Psychic Surge|[of] p1a: Indeedee\n|-enditem|p1a: Indeedee|Psychic Seed\n|-boost|p1a: Indeedee|spd|1|[from] item: Psychic Seed\n|move|p2a: Regieleki|Volt Switch|p1b: Torkoal\n|-damage|p1b: Torkoal|35\/100\n|\n|t:|1698544541\n|switch|p2a: Azelf|Azelf|100\/100|[from] Volt Switch\n|move|p2b: Landorus|Earthquake|p1a: Indeedee|[spread] p1a,p1b\n|-immune|p2a: Azelf|[from] ability: Levitate\n|-supereffective|p1b: Torkoal\n|-damage|p1a: Indeedee|58\/100\n|-damage|p1b: Torkoal|0 fnt\n|faint|p1b: Torkoal\n|\n|-weather|SunnyDay|[upkeep]\n|upkeep\n|\n|t:|1698544549\n|switch|p1b: Armarouge|Armarouge, F|100\/100\n|turn|2\n|\n|t:|1698544559\n|move|p1a: Indeedee|Follow Me|p1a: Indeedee\n|-singleturn|p1a: Indeedee|move: Follow Me\n|move|p2b: Landorus|Earthquake|p1b: Armarouge|[spread] p1a,p1b\n|-immune|p2a: Azelf|[from] ability: Levitate\n|-supereffective|p1b: Armarouge\n|-damage|p1a: Indeedee|15\/100\n|-damage|p1b: Armarouge|52\/100\n|move|p2a: Azelf|Stealth Rock|p1b: Armarouge\n|-sidestart|p1: w0909|move: Stealth Rock\n|move|p1b: Armarouge|Trick Room|p1b: Armarouge\n|-fieldstart|move: Trick Room|[of] p1b: Armarouge\n|\n|-weather|SunnyDay|[upkeep]\n|upkeep\n|turn|3\n|\n|t:|1698544578\n|switch|p2b: Ogerpon|Ogerpon-Wellspring, F|100\/100\n|move|p1a: Indeedee|Helping Hand|p1b: Armarouge\n|-singleturn|p1b: Armarouge|Helping Hand|[of] p1a: Indeedee\n|move|p1b: Armarouge|Expanding Force|p2b: Ogerpon|[spread] p2a,p2b\n|-resisted|p2a: Azelf\n|-damage|p2a: Azelf|0 fnt\n|-damage|p2b: Ogerpon|0 fnt\n|faint|p2a: Azelf\n|faint|p2b: Ogerpon\n|-damage|p1b: Armarouge|42\/100|[from] item: Life Orb\n|\n|-weather|SunnyDay|[upkeep]\n|upkeep\n|\n|t:|1698544593\n|switch|p2b: Flutter Mane|Flutter Mane|100\/100\n|switch|p2a: Lucario|Lucario, F|100\/100\n|-activate|p2b: Flutter Mane|ability: Protosynthesis\n|-start|p2b: Flutter Mane|protosynthesisspe\n|turn|4\n|\n|t:|1698544611\n|move|p1a: Indeedee|Helping Hand|p1b: Armarouge\n|-singleturn|p1b: Armarouge|Helping Hand|[of] p1a: Indeedee\n|move|p1b: Armarouge|Expanding Force|p2b: Flutter Mane|[spread] p2a,p2b\n|-damage|p2a: Lucario|0 fnt\n|-damage|p2b: Flutter Mane|0 fnt\n|faint|p2a: Lucario\n|faint|p2b: Flutter Mane\n|-end|p2b: Flutter Mane|Protosynthesis|[silent]\n|-damage|p1b: Armarouge|32\/100|[from] item: Life Orb\n|\n|-weather|SunnyDay|[upkeep]\n|upkeep\n|\n|t:|1698544620\n|switch|p2a: Regieleki|Regieleki|100\/100\n|switch|p2b: Landorus|Landorus-Therian, M|100\/100\n|-ability|p2b: Landorus|Intimidate|boost\n|-unboost|p1a: Indeedee|atk|1\n|-unboost|p1b: Armarouge|atk|1\n|turn|5\n|\n|t:|1698544630\n|move|p1a: Indeedee|Helping Hand|p1b: Armarouge\n|-singleturn|p1b: Armarouge|Helping Hand|[of] p1a: Indeedee\n|move|p2a: Regieleki|Protect|p2a: Regieleki\n|-singleturn|p2a: Regieleki|Protect\n|move|p1b: Armarouge|Expanding Force|p2b: Landorus|[spread] p2b\n|-activate|p2a: Regieleki|move: Protect\n|-damage|p2b: Landorus|0 fnt\n|faint|p2b: Landorus\n|-damage|p1b: Armarouge|22\/100|[from] item: Life Orb\n|\n|-weather|SunnyDay|[upkeep]\n|-fieldend|move: Psychic Terrain\n|upkeep\n|turn|6\n|\n|t:|1698544640\n|move|p1a: Indeedee|Helping Hand|p1b: Armarouge\n|-singleturn|p1b: Armarouge|Helping Hand|[of] p1a: Indeedee\n|move|p1b: Armarouge|Armor Cannon|p2a: Regieleki\n|-damage|p2a: Regieleki|0 fnt\n|-unboost|p1b: Armarouge|def|1\n|-unboost|p1b: Armarouge|spd|1\n|faint|p2a: Regieleki\n|-damage|p1b: Armarouge|12\/100|[from] item: Life Orb\n|\n|win|w0909\n|raw|w0909's rating: 1060 &rarr; <strong>1096<\/strong><br \/>(+36 for winning)\n|raw|fitless's rating: 1112 &rarr; <strong>1083<\/strong><br \/>(-29 for losing)\n|l|\u2606fitless\n","uploadtime":1698544650,"views":15,"p1id":"w0909","p2id":"fitless","formatid":"gen9doublesou","rating":1083,"private":0,"password":""}