{"id":"gen9doublesou-1995153177","p1":"Marioqt2003","p2":"vegetasfeet","format":"[Gen 9] Doubles OU","log":"|j|\u2606Marioqt2003\n|j|\u2606vegetasfeet\n|t:|1700528509\n|gametype|doubles\n|player|p1|Marioqt2003|cameraman|1271\n|player|p2|vegetasfeet|brycen|1293\n|teamsize|p1|6\n|teamsize|p2|6\n|gen|9\n|tier|[Gen 9] Doubles OU\n|rated|\n|rule|Species Clause: Limit one of each Pok\u00e9mon\n|rule|OHKO Clause: OHKO moves are banned\n|rule|Evasion Moves Clause: Evasion moves are banned\n|rule|Gravity Sleep Clause: The combination of sleep-inducing moves with imperfect accuracy and Gravity or Gigantamax Orbeetle are banned\n|rule|Endless Battle Clause: Forcing endless battles is banned\n|rule|HP Percentage Mod: HP is shown in percentages\n|clearpoke\n|poke|p1|Pelipper, F|\n|poke|p1|Goodra, M|\n|poke|p1|Regieleki|\n|poke|p1|Overqwil, M|\n|poke|p1|Gyarados, M|\n|poke|p1|Basculegion-F, F|\n|poke|p2|Dragapult, F|\n|poke|p2|Tinkaton, F|\n|poke|p2|Iron Bundle|\n|poke|p2|Landorus-Therian, M|\n|poke|p2|Goodra-Hisui, M|\n|poke|p2|Ogerpon-Wellspring, F|\n|teampreview\n|inactive|Battle timer is ON: inactive players will automatically lose when time's up. (requested by vegetasfeet)\n|\n|t:|1700528519\n|start\n|switch|p1a: Pelipper|Pelipper, F|100\/100\n|switch|p1b: Overqwil|Overqwil, M|100\/100\n|switch|p2a: Ogerpon|Ogerpon-Wellspring, F|100\/100\n|switch|p2b: Landorus|Landorus-Therian, M, shiny|100\/100\n|-ability|p2b: Landorus|Intimidate|boost\n|-unboost|p1a: Pelipper|atk|1\n|-unboost|p1b: Overqwil|atk|1\n|-weather|RainDance|[from] ability: Drizzle|[of] p1a: Pelipper\n|turn|1\n|\n|t:|1700528546\n|switch|p2b: Iron Bundle|Iron Bundle, shiny|100\/100\n|-enditem|p2b: Iron Bundle|Booster Energy\n|-activate|p2b: Iron Bundle|ability: Quark Drive|[fromitem]\n|-start|p2b: Iron Bundle|quarkdrivespe\n|move|p1a: Pelipper|Protect|p1a: Pelipper\n|-singleturn|p1a: Pelipper|Protect\n|move|p1b: Overqwil|Chilling Water|p2b: Iron Bundle\n|-resisted|p2b: Iron Bundle\n|-damage|p2b: Iron Bundle|89\/100\n|-unboost|p2b: Iron Bundle|atk|1\n|move|p2a: Ogerpon|Swords Dance|p2a: Ogerpon\n|-boost|p2a: Ogerpon|atk|2\n|\n|-weather|RainDance|[upkeep]\n|upkeep\n|turn|2\n|\n|t:|1700528561\n|switch|p1a: Goodra|Goodra, M|100\/100\n|move|p2b: Iron Bundle|Freeze-Dry|p1a: Goodra\n|-supereffective|p1a: Goodra\n|-damage|p1a: Goodra|69\/100\n|move|p1b: Overqwil|Taunt|p2a: Ogerpon\n|-start|p2a: Ogerpon|move: Taunt\n|move|p2a: Ogerpon|Ivy Cudgel|p1b: Overqwil|[anim] Ivy Cudgel Water\n|-damage|p1b: Overqwil|0 fnt\n|faint|p1b: Overqwil\n|\n|-weather|RainDance|[upkeep]\n|upkeep\n|\n|t:|1700528568\n|switch|p1b: Pelipper|Pelipper, F|100\/100\n|turn|3\n|\n|t:|1700528584\n|switch|p2a: Tinkaton|Tinkaton, F, shiny|100\/100\n|move|p1b: Pelipper|Protect|p1b: Pelipper\n|-singleturn|p1b: Pelipper|Protect\n|move|p2b: Iron Bundle|Freeze-Dry|p1b: Pelipper\n|-activate|p1b: Pelipper|move: Protect\n|move|p1a: Goodra|Dragon Tail|p2a: Tinkaton\n|-immune|p2a: Tinkaton\n|\n|-weather|RainDance|[upkeep]\n|upkeep\n|turn|4\n|\n|t:|1700528606\n|move|p1b: Pelipper|Protect|p1b: Pelipper\n|-singleturn|p1b: Pelipper|Protect\n|move|p2a: Tinkaton|Fake Out|p1a: Goodra\n|-damage|p1a: Goodra|60\/100\n|move|p2b: Iron Bundle|Freeze-Dry|p1b: Pelipper\n|-activate|p1b: Pelipper|move: Protect\n|cant|p1a: Goodra|flinch\n|\n|-weather|RainDance|[upkeep]\n|upkeep\n|turn|5\n|\n|t:|1700528618\n|switch|p1b: Regieleki|Regieleki|100\/100\n|move|p2b: Iron Bundle|Icy Wind|p1b: Regieleki|[spread] p1a,p1b\n|-supereffective|p1a: Goodra\n|-damage|p1a: Goodra|43\/100\n|-damage|p1b: Regieleki|65\/100\n|-unboost|p1a: Goodra|spe|1\n|-unboost|p1b: Regieleki|spe|1\n|move|p2a: Tinkaton|Play Rough|p1a: Goodra\n|-supereffective|p1a: Goodra\n|-damage|p1a: Goodra|0 fnt\n|faint|p1a: Goodra\n|\n|-weather|RainDance|[upkeep]\n|upkeep\n|-message|Marioqt2003 forfeited.\n|\n|win|vegetasfeet\n|raw|Marioqt2003's rating: 1271 &rarr; <strong>1248<\/strong><br \/>(-23 for losing)\n|raw|vegetasfeet's rating: 1293 &rarr; <strong>1316<\/strong><br \/>(+23 for winning)\n|l|\u2606Marioqt2003\n","uploadtime":1700528630,"views":2,"p1id":"marioqt2003","p2id":"vegetasfeet","formatid":"gen9doublesou","rating":1248,"private":0,"password":""}