{"id":"gen9doublesou-1990787994","p1":"cakedov3","p2":"vegetasfeet","format":"[Gen 9] Doubles OU","log":"|j|\u2606cakedov3\n|j|\u2606vegetasfeet\n|t:|1700000879\n|gametype|doubles\n|player|p1|cakedov3|265|1131\n|player|p2|vegetasfeet|brycen|1193\n|teamsize|p1|6\n|teamsize|p2|6\n|gen|9\n|tier|[Gen 9] Doubles OU\n|rated|\n|rule|Species Clause: Limit one of each Pok\u00e9mon\n|rule|OHKO Clause: OHKO moves are banned\n|rule|Evasion Moves Clause: Evasion moves are banned\n|rule|Gravity Sleep Clause: The combination of sleep-inducing moves with imperfect accuracy and Gravity or Gigantamax Orbeetle are banned\n|rule|Endless Battle Clause: Forcing endless battles is banned\n|rule|HP Percentage Mod: HP is shown in percentages\n|clearpoke\n|poke|p1|Ceruledge, F|\n|poke|p1|Indeedee-F, F|\n|poke|p1|Gastrodon, M|\n|poke|p1|Torkoal, M|\n|poke|p1|Great Tusk|\n|poke|p1|Armarouge, M|\n|poke|p2|Amoonguss, M|\n|poke|p2|Glimmora, M|\n|poke|p2|Heatran, F|\n|poke|p2|Tyranitar, F|\n|poke|p2|Landorus, M|\n|poke|p2|Cresselia, F|\n|teampreview\n|inactive|Battle timer is ON: inactive players will automatically lose when time's up. (requested by cakedov3)\n|\n|t:|1700000902\n|start\n|switch|p1a: Indeedee|Indeedee-F, F|100\/100\n|switch|p1b: Armarouge|Armarouge, M|100\/100\n|switch|p2a: Trippie Redd|Tyranitar, F|100\/100\n|switch|p2b: Ball Guy|Amoonguss, M|100\/100\n|-fieldstart|move: Psychic Terrain|[from] ability: Psychic Surge|[of] p1a: Indeedee\n|-enditem|p1a: Indeedee|Psychic Seed\n|-boost|p1a: Indeedee|spd|1|[from] item: Psychic Seed\n|-weather|Sandstorm|[from] ability: Sand Stream|[of] p2a: Trippie Redd\n|turn|1\n|\n|t:|1700000929\n|switch|p2b: Gobba Goo|Heatran, F|100\/100\n|move|p1a: Indeedee|Follow Me|p1a: Indeedee\n|-singleturn|p1a: Indeedee|move: Follow Me\n|move|p2a: Trippie Redd|Crunch|p1a: Indeedee\n|-supereffective|p1a: Indeedee\n|-damage|p1a: Indeedee|0 fnt\n|faint|p1a: Indeedee\n|move|p1b: Armarouge|Trick Room|p1b: Armarouge\n|-fieldstart|move: Trick Room|[of] p1b: Armarouge\n|\n|-weather|Sandstorm|[upkeep]\n|-damage|p1b: Armarouge|94\/100|[from] Sandstorm\n|upkeep\n|inactive|cakedov3 has 120 seconds left.\n|\n|t:|1700000942\n|switch|p1a: Ceruledge|Ceruledge, F|100\/100\n|turn|2\n|\n|t:|1700000960\n|move|p2a: Trippie Redd|Crunch|p1a: Ceruledge\n|-supereffective|p1a: Ceruledge\n|-damage|p1a: Ceruledge|9\/100\n|move|p1b: Armarouge|Expanding Force|p2b: Gobba Goo|[spread] p2b\n|-immune|p2a: Trippie Redd\n|-resisted|p2b: Gobba Goo\n|-damage|p2b: Gobba Goo|78\/100\n|-damage|p1b: Armarouge|84\/100|[from] item: Life Orb\n|move|p2b: Gobba Goo|Earth Power|p1b: Armarouge\n|-supereffective|p1b: Armarouge\n|-damage|p1b: Armarouge|12\/100\n|move|p1a: Ceruledge|Close Combat|p2a: Trippie Redd\n|-supereffective|p2a: Trippie Redd\n|-damage|p2a: Trippie Redd|0 fnt\n|-unboost|p1a: Ceruledge|def|1\n|-unboost|p1a: Ceruledge|spd|1\n|faint|p2a: Trippie Redd\n|\n|-weather|Sandstorm|[upkeep]\n|-damage|p1b: Armarouge|6\/100|[from] Sandstorm\n|-damage|p1a: Ceruledge|3\/100|[from] Sandstorm\n|upkeep\n|\n|t:|1700000975\n|switch|p2a: Ball Guy|Amoonguss, M|100\/100\n|turn|3\n|\n|t:|1700000996\n|move|p2a: Ball Guy|Pollen Puff|p1a: Ceruledge\n|-resisted|p1a: Ceruledge\n|-damage|p1a: Ceruledge|0 fnt\n|faint|p1a: Ceruledge\n|move|p1b: Armarouge|Expanding Force|p2a: Ball Guy|[spread] p2a,p2b\n|-supereffective|p2a: Ball Guy\n|-resisted|p2b: Gobba Goo\n|-crit|p2b: Gobba Goo\n|-damage|p2a: Ball Guy|0 fnt\n|-damage|p2b: Gobba Goo|46\/100\n|faint|p2a: Ball Guy\n|-damage|p1b: Armarouge|0 fnt|[from] item: Life Orb\n|faint|p1b: Armarouge\n|move|p2b: Gobba Goo|Earth Power|p1: Ceruledge|[notarget]\n|-fail|p2b: Gobba Goo\n|\n|-weather|Sandstorm|[upkeep]\n|upkeep\n|\n|t:|1700001024\n|switch|p2a: ROOT BEER|Landorus, M|100\/100\n|switch|p1b: Gastrodon|Gastrodon, M|100\/100\n|switch|p1a: Torkoal|Torkoal, M|100\/100\n|-weather|SunnyDay|[from] ability: Drought|[of] p1a: Torkoal\n|turn|4\n|\n|t:|1700001048\n|-terastallize|p2b: Gobba Goo|Grass\n|move|p1a: Torkoal|Eruption|p2a: ROOT BEER|[spread] p2a\n|-start|p2b: Gobba Goo|ability: Flash Fire\n|-damage|p2a: ROOT BEER|4\/100\n|move|p1b: Gastrodon|Earth Power|p2b: Gobba Goo\n|-resisted|p2b: Gobba Goo\n|-damage|p2b: Gobba Goo|37\/100\n|move|p2b: Gobba Goo|Tera Blast|p1b: Gastrodon|[anim] Tera Blast Grass\n|-supereffective|p1b: Gastrodon\n|-damage|p1b: Gastrodon|0 fnt\n|faint|p1b: Gastrodon\n|move|p2a: ROOT BEER|Earth Power|p1a: Torkoal\n|-supereffective|p1a: Torkoal\n|-damage|p1a: Torkoal|35\/100\n|\n|-weather|SunnyDay|[upkeep]\n|-heal|p2a: ROOT BEER|10\/100|[from] item: Leftovers\n|upkeep\n|inactive|cakedov3 has 120 seconds left.\n|\n|t:|1700001067\n|switch|p1b: Great Tusk|Great Tusk|100\/100\n|-activate|p1b: Great Tusk|ability: Protosynthesis\n|-start|p1b: Great Tusk|protosynthesisatk\n|turn|5\n|inactive|cakedov3 has 120 seconds left.\n|inactive|cakedov3 has 90 seconds left.\n|\n|t:|1700001133\n|-terastallize|p1b: Great Tusk|Steel\n|move|p2a: ROOT BEER|Protect|p2a: ROOT BEER\n|-singleturn|p2a: ROOT BEER|Protect\n|move|p1a: Torkoal|Solar Beam||[still]\n|-prepare|p1a: Torkoal|Solar Beam\n|-anim|p1a: Torkoal|Solar Beam|p2b: Gobba Goo\n|-resisted|p2b: Gobba Goo\n|-damage|p2b: Gobba Goo|27\/100\n|move|p2b: Gobba Goo|Heat Wave|p1b: Great Tusk|[spread] p1b\n|-miss|p2b: Gobba Goo|p1a: Torkoal\n|-supereffective|p1b: Great Tusk\n|-damage|p1b: Great Tusk|0 fnt\n|faint|p1b: Great Tusk\n|-end|p1b: Great Tusk|Protosynthesis|[silent]\n|\n|-weather|SunnyDay|[upkeep]\n|-heal|p2a: ROOT BEER|16\/100|[from] item: Leftovers\n|-fieldend|move: Trick Room\n|-fieldend|move: Psychic Terrain\n|upkeep\n|turn|6\n|-message|cakedov3 forfeited.\n|\n|win|vegetasfeet\n|raw|cakedov3's rating: 1131 &rarr; <strong>1110<\/strong><br \/>(-21 for losing)\n|raw|vegetasfeet's rating: 1193 &rarr; <strong>1214<\/strong><br \/>(+21 for winning)\n|l|\u2606cakedov3\n","uploadtime":1700001151,"views":11,"p1id":"cakedov3","p2id":"vegetasfeet","formatid":"gen9doublesou","rating":1110,"private":0,"password":""}