{"id":"gen9doublesou-1988996178","p1":"Absolitary37","p2":"spreardon","format":"[Gen 9] Doubles OU","log":"|j|\u2606Absolitary37\n|j|\u2606spreardon\n|t:|1699799987\n|gametype|doubles\n|player|p1|Absolitary37|grimsley|1030\n|player|p2|spreardon|266|1033\n|teamsize|p1|6\n|teamsize|p2|6\n|gen|9\n|tier|[Gen 9] Doubles OU\n|rated|\n|rule|Species Clause: Limit one of each Pok\u00e9mon\n|rule|OHKO Clause: OHKO moves are banned\n|rule|Evasion Moves Clause: Evasion moves are banned\n|rule|Gravity Sleep Clause: The combination of sleep-inducing moves with imperfect accuracy and Gravity or Gigantamax Orbeetle are banned\n|rule|Endless Battle Clause: Forcing endless battles is banned\n|rule|HP Percentage Mod: HP is shown in percentages\n|clearpoke\n|poke|p1|Stantler, M|\n|poke|p1|Oricorio-Sensu, M|\n|poke|p1|Empoleon, M|\n|poke|p1|Cresselia, F|\n|poke|p1|Okidogi, M|\n|poke|p1|Armarouge, M|\n|poke|p2|Kingambit, F|\n|poke|p2|Landorus-Therian, M|\n|poke|p2|Ninetales-Alola, M|\n|poke|p2|Volcanion|\n|poke|p2|Decidueye-Hisui, F|\n|poke|p2|Salazzle, F|\n|teampreview\n|inactive|Battle timer is ON: inactive players will automatically lose when time's up. (requested by spreardon)\n|c|\u2606Absolitary37|glhf\n|\n|t:|1699799995\n|start\n|switch|p1a: Stantler|Stantler, M|100\/100\n|switch|p1b: Oricorio|Oricorio-Sensu, M|100\/100\n|switch|p2a: Salazzle|Salazzle, F|100\/100\n|switch|p2b: Volcanion|Volcanion|100\/100\n|-ability|p1a: Stantler|Intimidate|boost\n|-fail|p2a: Salazzle|unboost|Attack|[from] ability: Oblivious|[of] p2a: Salazzle\n|-unboost|p2b: Volcanion|atk|1\n|turn|1\n|\n|t:|1699800019\n|move|p2a: Salazzle|Protect|p2a: Salazzle\n|-singleturn|p2a: Salazzle|Protect\n|move|p1a: Stantler|Skill Swap|p1b: Oricorio\n|-activate|p1a: Stantler|move: Skill Swap|||[of] p1b: Oricorio\n|-ability|p1b: Oricorio|Intimidate|boost\n|-fail|p2a: Salazzle|unboost|Attack|[from] ability: Oblivious|[of] p2a: Salazzle\n|-unboost|p2b: Volcanion|atk|1\n|move|p1b: Oricorio|Revelation Dance|p2a: Salazzle\n|-activate|p2a: Salazzle|move: Protect\n|move|p2b: Volcanion|Explosion|p1b: Oricorio|[spread] p1a\n|-activate|p2a: Salazzle|move: Protect\n|-immune|p1b: Oricorio\n|-damage|p1a: Stantler|61\/100\n|faint|p2b: Volcanion\n|\n|upkeep\n|c|\u2606Absolitary37|...\n|c|\u2606Absolitary37|it learns explosion?\n|inactive|spreardon has 120 seconds left.\n|\n|t:|1699800040\n|switch|p2b: Ninetales|Ninetales-Alola, M|100\/100\n|turn|2\n|\n|t:|1699800054\n|move|p1a: Stantler|Earthquake|p2b: Ninetales|[spread] p2a,p2b\n|-immune|p1b: Oricorio\n|-supereffective|p2a: Salazzle\n|-damage|p2a: Salazzle|0 fnt\n|-damage|p2b: Ninetales|75\/100\n|faint|p2a: Salazzle\n|move|p1b: Oricorio|Swords Dance|p1b: Oricorio\n|-boost|p1b: Oricorio|atk|2\n|-activate|p1a: Stantler|ability: Dancer\n|move|p1a: Stantler|Swords Dance|p1a: Stantler|[from]ability: Dancer\n|-boost|p1a: Stantler|atk|2\n|move|p2b: Ninetales|Icicle Spear|p1b: Oricorio\n|-supereffective|p1b: Oricorio\n|-damage|p1b: Oricorio|75\/100\n|-supereffective|p1b: Oricorio\n|-damage|p1b: Oricorio|48\/100\n|-supereffective|p1b: Oricorio\n|-damage|p1b: Oricorio|26\/100\n|-supereffective|p1b: Oricorio\n|-damage|p1b: Oricorio|0 fnt\n|faint|p1b: Oricorio\n|-hitcount|p1: Oricorio|4\n|\n|upkeep\n|\n|t:|1699800075\n|switch|p1b: Empoleon|Empoleon, M|100\/100\n|switch|p2a: Landorus|Landorus-Therian, M|100\/100\n|-ability|p2a: Landorus|Intimidate|boost\n|-unboost|p1a: Stantler|atk|1\n|-unboost|p1b: Empoleon|atk|1\n|-ability|p1b: Empoleon|Competitive|boost\n|-boost|p1b: Empoleon|spa|2\n|-enditem|p1b: Empoleon|Adrenaline Orb\n|-boost|p1b: Empoleon|spe|1|[from] item: Adrenaline Orb\n|turn|3\n|inactive|Absolitary37 has 120 seconds left.\n|\n|t:|1699800108\n|move|p1a: Stantler|Body Slam|p2b: Ninetales\n|-damage|p2b: Ninetales|0 fnt\n|faint|p2b: Ninetales\n|move|p1b: Empoleon|Hydro Pump|p2a: Landorus\n|-supereffective|p2a: Landorus\n|-damage|p2a: Landorus|0 fnt\n|faint|p2a: Landorus\n|\n|upkeep\n|\n|t:|1699800117\n|switch|p2b: Kingambit|Kingambit, F|100\/100\n|switch|p2a: Decidueye|Decidueye-Hisui, F|100\/100\n|-activate|p2b: Kingambit|ability: Supreme Overlord\n|-start|p2b: Kingambit|fallen4|[silent]\n|turn|4\n|\n|t:|1699800139\n|-terastallize|p2a: Decidueye|Grass\n|move|p1a: Stantler|Skill Swap|p2b: Kingambit\n|-activate|p1a: Stantler|move: Skill Swap|Supreme Overlord|Dancer|[of] p2b: Kingambit\n|-end|p2b: Kingambit|fallen4|[silent]\n|-activate|p1a: Stantler|ability: Supreme Overlord\n|-start|p1a: Stantler|fallen1|[silent]\n|move|p1b: Empoleon|Hydro Pump|p2b: Kingambit\n|-damage|p2b: Kingambit|0 fnt\n|faint|p2b: Kingambit\n|move|p2a: Decidueye|Leaf Storm|p1b: Empoleon\n|-damage|p1b: Empoleon|50\/100\n|-unboost|p2a: Decidueye|spa|2\n|\n|upkeep\n|turn|5\n|c|\u2606Absolitary37|gg\n|\n|t:|1699800161\n|move|p1a: Stantler|Body Slam|p2a: Decidueye\n|-damage|p2a: Decidueye|46\/100\n|move|p1b: Empoleon|Flash Cannon|p2a: Decidueye\n|-damage|p2a: Decidueye|0 fnt\n|faint|p2a: Decidueye\n|\n|win|Absolitary37\n|raw|Absolitary37's rating: 1030 &rarr; <strong>1066<\/strong><br \/>(+36 for winning)\n|raw|spreardon's rating: 1033 &rarr; <strong>1018<\/strong><br \/>(-15 for losing)\n","uploadtime":1699800169,"views":9,"p1id":"absolitary37","p2id":"spreardon","formatid":"gen9doublesou","rating":1018,"private":0,"password":""}