{"id":"gen9doublesou-1991079404","p1":"nicomar5","p2":"GhetsisTime","format":"[Gen 9] Doubles OU","log":"|j|\u2606nicomar5\n|j|\u2606GhetsisTime\n|t:|1700039563\n|gametype|doubles\n|player|p1|nicomar5|1|1081\n|player|p2|GhetsisTime|ghetsis-gen5bw|1172\n|teamsize|p1|6\n|teamsize|p2|6\n|gen|9\n|tier|[Gen 9] Doubles OU\n|rated|\n|rule|Species Clause: Limit one of each Pok\u00e9mon\n|rule|OHKO Clause: OHKO moves are banned\n|rule|Evasion Moves Clause: Evasion moves are banned\n|rule|Gravity Sleep Clause: The combination of sleep-inducing moves with imperfect accuracy and Gravity or Gigantamax Orbeetle are banned\n|rule|Endless Battle Clause: Forcing endless battles is banned\n|rule|HP Percentage Mod: HP is shown in percentages\n|clearpoke\n|poke|p1|Milotic, F|\n|poke|p1|Decidueye-Hisui, F|\n|poke|p1|Volcanion|\n|poke|p1|Gholdengo|\n|poke|p1|Mismagius, M|\n|poke|p1|Pincurchin, F|\n|poke|p2|Dipplin, F|\n|poke|p2|Iron Bundle|\n|poke|p2|Chi-Yu|\n|poke|p2|Farigiraf, M|\n|poke|p2|Landorus-Therian, M|\n|poke|p2|Iron Hands|\n|teampreview\n|\n|t:|1700039584\n|start\n|switch|p1a: Pincurchin|Pincurchin, F, shiny|100\/100\n|switch|p1b: Gholdengo|Gholdengo, shiny|100\/100\n|switch|p2a: Iron Bundle|Iron Bundle|100\/100\n|switch|p2b: Dipplin|Dipplin, F, shiny|100\/100\n|-ability|p2b: Dipplin|Supersweet Syrup\n|-ability|p2b: Dipplin|Supersweet Syrup|boost\n|-unboost|p1a: Pincurchin|evasion|1\n|-unboost|p1b: Gholdengo|evasion|1\n|-enditem|p2a: Iron Bundle|Booster Energy\n|-activate|p2a: Iron Bundle|ability: Quark Drive|[fromitem]\n|-start|p2a: Iron Bundle|quarkdrivespe\n|turn|1\n|\n|t:|1700039605\n|move|p2a: Iron Bundle|Hydro Pump|p1b: Gholdengo\n|-damage|p1b: Gholdengo|40\/100\n|move|p1b: Gholdengo|Make It Rain|p2b: Dipplin|[spread] p2a,p2b\n|-damage|p2a: Iron Bundle|6\/100\n|-damage|p2b: Dipplin|59\/100\n|-unboost|p1b: Gholdengo|spa|1\n|move|p2b: Dipplin|Pollen Puff|p2a: Iron Bundle\n|-heal|p2a: Iron Bundle|56\/100\n|move|p1a: Pincurchin|Thunder Wave|p2a: Iron Bundle|[miss]\n|-miss|p1a: Pincurchin|p2a: Iron Bundle\n|\n|upkeep\n|turn|2\n|\n|t:|1700039630\n|switch|p1b: Volcanion|Volcanion|100\/100\n|move|p2a: Iron Bundle|Hydro Pump|p1b: Volcanion\n|-immune|p1b: Volcanion|[from] ability: Water Absorb\n|move|p2b: Dipplin|Syrup Bomb|p1a: Pincurchin\n|-damage|p1a: Pincurchin|69\/100\n|-start|p1a: Pincurchin|Syrup Bomb\n|move|p1a: Pincurchin|Thunder Wave|p2b: Dipplin\n|-status|p2b: Dipplin|par\n|\n|-unboost|p1a: Pincurchin|spe|1\n|upkeep\n|turn|3\n|\n|t:|1700039656\n|move|p2a: Iron Bundle|Freeze-Dry|p1b: Volcanion\n|-damage|p1b: Volcanion|57\/100\n|move|p1b: Volcanion|Flamethrower|p2a: Iron Bundle\n|-damage|p2a: Iron Bundle|0 fnt\n|faint|p2a: Iron Bundle\n|-end|p2a: Iron Bundle|Quark Drive|[silent]\n|move|p2b: Dipplin|Syrup Bomb|p1b: Volcanion\n|-damage|p1b: Volcanion|27\/100\n|-start|p1b: Volcanion|Syrup Bomb\n|move|p1a: Pincurchin|Spikes|p2b: Dipplin\n|-sidestart|p2: GhetsisTime|Spikes\n|\n|-unboost|p1b: Volcanion|spe|1\n|-unboost|p1a: Pincurchin|spe|1\n|upkeep\n|\n|t:|1700039664\n|switch|p2a: Chi-Yu|Chi-Yu|100\/100\n|-damage|p2a: Chi-Yu|88\/100|[from] Spikes\n|-ability|p2a: Chi-Yu|Beads of Ruin\n|turn|4\n|\n|t:|1700039682\n|move|p2b: Dipplin|Protect|p2b: Dipplin\n|-singleturn|p2b: Dipplin|Protect\n|move|p2a: Chi-Yu|Heat Wave|p1b: Volcanion|[spread] p1a,p1b\n|-resisted|p1b: Volcanion\n|-damage|p1a: Pincurchin|0 fnt\n|-damage|p1b: Volcanion|11\/100\n|faint|p1a: Pincurchin\n|move|p1b: Volcanion|Steam Eruption|p2a: Chi-Yu\n|-supereffective|p2a: Chi-Yu\n|-damage|p2a: Chi-Yu|0 fnt\n|faint|p2a: Chi-Yu\n|\n|-unboost|p1b: Volcanion|spe|1\n|upkeep\n|\n|t:|1700039705\n|switch|p2a: Iron Hands|Iron Hands|100\/100\n|switch|p1a: Decidueye|Decidueye-Hisui, F|100\/100\n|-damage|p2a: Iron Hands|88\/100|[from] Spikes\n|turn|5\n|inactive|Battle timer is ON: inactive players will automatically lose when time's up. (requested by nicomar5)\n|\n|t:|1700039730\n|switch|p1a: Gholdengo|Gholdengo, shiny|40\/100\n|move|p2a: Iron Hands|Fake Out|p1a: Gholdengo\n|-immune|p1a: Gholdengo\n|move|p1b: Volcanion|Earth Power|p2a: Iron Hands\n|-supereffective|p2a: Iron Hands\n|-damage|p2a: Iron Hands|51\/100\n|move|p2b: Dipplin|Syrup Bomb|p1b: Volcanion|[miss]\n|-miss|p2b: Dipplin|p1b: Volcanion\n|\n|-unboost|p1b: Volcanion|spe|1\n|upkeep\n|turn|6\n|inactive|nicomar5 has 120 seconds left.\n|\n|t:|1700039762\n|switch|p1b: Decidueye|Decidueye-Hisui, F|100\/100\n|move|p1a: Gholdengo|Shadow Ball|p2a: Iron Hands\n|-damage|p2a: Iron Hands|27\/100\n|move|p2a: Iron Hands|Wild Charge|p1a: Gholdengo\n|-damage|p1a: Gholdengo|0 fnt\n|faint|p1a: Gholdengo\n|-damage|p2a: Iron Hands|20\/100|[from] Recoil\n|move|p2b: Dipplin|Syrup Bomb|p1b: Decidueye\n|-resisted|p1b: Decidueye\n|-damage|p1b: Decidueye|89\/100\n|-start|p1b: Decidueye|Syrup Bomb\n|\n|-unboost|p1b: Decidueye|spe|1\n|upkeep\n|inactive|nicomar5 has 120 seconds left.\n|\n|t:|1700039785\n|switch|p1a: Mismagius|Mismagius, M, shiny|100\/100\n|turn|7\n|inactive|nicomar5 has 120 seconds left.\n|\n|t:|1700039799\n|move|p1a: Mismagius|Dazzling Gleam|p2b: Dipplin|[spread] p2a,p2b\n|-supereffective|p2a: Iron Hands\n|-supereffective|p2b: Dipplin\n|-crit|p2b: Dipplin\n|-damage|p2a: Iron Hands|0 fnt\n|-damage|p2b: Dipplin|15\/100 par\n|faint|p2a: Iron Hands\n|-end|p2a: Iron Hands|Quark Drive|[silent]\n|move|p1b: Decidueye|Knock Off|p2b: Dipplin\n|-damage|p2b: Dipplin|0 fnt\n|-enditem|p2b: Dipplin|Eviolite|[from] move: Knock Off|[of] p1b: Decidueye\n|faint|p2b: Dipplin\n|\n|-unboost|p1b: Decidueye|spe|1\n|upkeep\n|\n|t:|1700039802\n|switch|p2b: Farigiraf|Farigiraf, M|100\/100\n|switch|p2a: Landorus|Landorus-Therian, M|100\/100\n|-ability|p2a: Landorus|Intimidate|boost\n|-unboost|p1a: Mismagius|atk|1\n|-fail|p1b: Decidueye|unboost|Attack|[from] ability: Scrappy|[of] p1b: Decidueye\n|-damage|p2b: Farigiraf|88\/100|[from] Spikes\n|turn|8\n|\n|t:|1700039822\n|move|p1a: Mismagius|Dazzling Gleam|p2a: Landorus|[spread] p2a,p2b\n|-damage|p2a: Landorus|79\/100\n|-damage|p2b: Farigiraf|71\/100\n|move|p2a: Landorus|U-turn|p1b: Decidueye\n|-damage|p1b: Decidueye|54\/100\n|move|p2b: Farigiraf|Dazzling Gleam|p1a: Mismagius|[spread] p1a,p1b\n|-supereffective|p1b: Decidueye\n|-damage|p1a: Mismagius|81\/100\n|-damage|p1b: Decidueye|23\/100\n|move|p1b: Decidueye|Giga Drain|p2a: Landorus\n|-damage|p2a: Landorus|49\/100\n|-heal|p1b: Decidueye|36\/100|[from] drain|[of] p2a: Landorus\n|\n|-unboost|p1b: Decidueye|spe|1\n|upkeep\n|turn|9\n|\n|t:|1700039844\n|switch|p1b: Milotic|Milotic, F, shiny|100\/100\n|move|p1a: Mismagius|Dazzling Gleam|p2a: Landorus|[spread] p2a,p2b\n|-damage|p2a: Landorus|27\/100\n|-damage|p2b: Farigiraf|55\/100\n|move|p2a: Landorus|U-turn|p1b: Milotic\n|-damage|p1b: Milotic|74\/100\n|move|p2b: Farigiraf|Psychic|p1a: Mismagius\n|-damage|p1a: Mismagius|42\/100\n|\n|upkeep\n|turn|10\n|\n|t:|1700039859\n|-terastallize|p1a: Mismagius|Fairy\n|move|p1a: Mismagius|Dazzling Gleam|p2a: Landorus|[spread] p2a,p2b\n|-damage|p2a: Landorus|0 fnt\n|-damage|p2b: Farigiraf|32\/100\n|-enditem|p2b: Farigiraf|Sitrus Berry|[eat]\n|-heal|p2b: Farigiraf|57\/100|[from] item: Sitrus Berry\n|faint|p2a: Landorus\n|move|p1b: Milotic|Scald|p2b: Farigiraf\n|-damage|p2b: Farigiraf|32\/100\n|move|p2b: Farigiraf|Psychic|p1a: Mismagius\n|-damage|p1a: Mismagius|0 fnt\n|faint|p1a: Mismagius\n|\n|upkeep\n|\n|t:|1700039874\n|switch|p1a: Decidueye|Decidueye-Hisui, F|36\/100\n|turn|11\n|c|\u2606nicomar5|gg\n|\n|t:|1700039884\n|move|p1b: Milotic|Scald|p2b: Farigiraf\n|-damage|p2b: Farigiraf|8\/100\n|move|p1a: Decidueye|Giga Drain|p2b: Farigiraf\n|-damage|p2b: Farigiraf|0 fnt\n|-heal|p1a: Decidueye|40\/100|[from] drain|[of] p2b: Farigiraf\n|faint|p2b: Farigiraf\n|\n|win|nicomar5\n|raw|nicomar5's rating: 1081 &rarr; <strong>1116<\/strong><br \/>(+35 for winning)\n|raw|GhetsisTime's rating: 1172 &rarr; <strong>1141<\/strong><br \/>(-31 for losing)\n|l|\u2606GhetsisTime\n","uploadtime":1700039897,"views":15,"p1id":"nicomar5","p2id":"ghetsistime","formatid":"gen9doublesou","rating":1116,"private":0,"password":""}