{"id":"gen9doublesou-1968549174","p1":"Crewmate3206","p2":"Sebas_Glez_05","format":"[Gen 9] Doubles OU","log":"|j|\u2606Crewmate3206\n|j|\u2606Sebas_Glez_05\n|t:|1697431745\n|gametype|doubles\n|player|p1|Crewmate3206|cilan|1026\n|player|p2|Sebas_Glez_05|1|1049\n|teamsize|p1|6\n|teamsize|p2|6\n|gen|9\n|tier|[Gen 9] Doubles OU\n|rated|\n|rule|Species Clause: Limit one of each Pok\u00e9mon\n|rule|OHKO Clause: OHKO moves are banned\n|rule|Evasion Moves Clause: Evasion moves are banned\n|rule|Gravity Sleep Clause: The combination of sleep-inducing moves with imperfect accuracy and Gravity or Gigantamax Orbeetle are banned\n|rule|Endless Battle Clause: Forcing endless battles is banned\n|rule|HP Percentage Mod: HP is shown in percentages\n|clearpoke\n|poke|p1|Ninetales-Alola, F|\n|poke|p1|Kommo-o, F|\n|poke|p1|Farigiraf, M|\n|poke|p1|Chi-Yu|\n|poke|p1|Amoonguss, F|\n|poke|p1|Gholdengo|\n|poke|p2|Ninetales-Alola, F|\n|poke|p2|Glimmora, F|\n|poke|p2|Dipplin, F|\n|poke|p2|Ribombee, F|\n|poke|p2|Baxcalibur, F|\n|poke|p2|Forretress, F|\n|teampreview\n|inactive|Battle timer is ON: inactive players will automatically lose when time's up. (requested by Crewmate3206)\n|\n|t:|1697431768\n|start\n|switch|p1a: Chi-Yu|Chi-Yu|100\/100\n|switch|p1b: Ninetales|Ninetales-Alola, F|100\/100\n|switch|p2a: Ninetales|Ninetales-Alola, F|100\/100\n|switch|p2b: Glimmora|Glimmora, F|100\/100\n|-weather|Snow|[from] ability: Snow Warning|[of] p1b: Ninetales\n|-ability|p1a: Chi-Yu|Beads of Ruin\n|turn|1\n|\n|t:|1697431795\n|move|p1b: Ninetales|Encore||[still]\n|-fail|p1b: Ninetales\n|move|p2a: Ninetales|Aurora Veil|p2a: Ninetales\n|-sidestart|p2: Sebas_Glez_05|move: Aurora Veil\n|move|p1a: Chi-Yu|Heat Wave|p2b: Glimmora|[spread] p2a,p2b\n|-supereffective|p2a: Ninetales\n|-resisted|p2b: Glimmora\n|-damage|p2a: Ninetales|0 fnt\n|-damage|p2b: Glimmora|76\/100\n|faint|p2a: Ninetales\n|move|p2b: Glimmora|Stealth Rock|p1b: Ninetales\n|-sidestart|p1: Crewmate3206|move: Stealth Rock\n|\n|-weather|Snow|[upkeep]\n|upkeep\n|inactive|Sebas_Glez_05 has 120 seconds left.\n|\n|t:|1697431812\n|switch|p2a: Ribombee|Ribombee, F|100\/100\n|turn|2\n|\n|t:|1697431821\n|move|p1b: Ninetales|Aurora Veil|p1b: Ninetales\n|-sidestart|p1: Crewmate3206|move: Aurora Veil\n|move|p2a: Ribombee|Sticky Web|p1b: Ninetales\n|-sidestart|p1: Crewmate3206|move: Sticky Web\n|move|p1a: Chi-Yu|Heat Wave|p2a: Ribombee|[spread] p2a,p2b\n|-supereffective|p2a: Ribombee\n|-resisted|p2b: Glimmora\n|-damage|p2a: Ribombee|0 fnt\n|-damage|p2b: Glimmora|51\/100\n|faint|p2a: Ribombee\n|move|p2b: Glimmora|Spikes|p1b: Ninetales\n|-sidestart|p1: Crewmate3206|Spikes\n|\n|-weather|Snow|[upkeep]\n|upkeep\n|inactive|Sebas_Glez_05 has 120 seconds left.\n|\n|t:|1697431846\n|switch|p2a: Dipplin|Dipplin, F|100\/100\n|turn|3\n|\n|t:|1697431856\n|move|p2a: Dipplin|Protect|p2a: Dipplin\n|-singleturn|p2a: Dipplin|Protect\n|move|p1b: Ninetales|Freeze-Dry|p2a: Dipplin\n|-activate|p2a: Dipplin|move: Protect\n|move|p1a: Chi-Yu|Heat Wave|p2b: Glimmora|[spread] p2b\n|-activate|p2a: Dipplin|move: Protect\n|-resisted|p2b: Glimmora\n|-damage|p2b: Glimmora|26\/100\n|-status|p2b: Glimmora|brn\n|move|p2b: Glimmora|Sludge Bomb|p1b: Ninetales\n|-supereffective|p1b: Ninetales\n|-damage|p1b: Ninetales|11\/100\n|\n|-weather|Snow|[upkeep]\n|-damage|p2b: Glimmora|20\/100 brn|[from] brn\n|upkeep\n|turn|4\n|inactive|Sebas_Glez_05 has 120 seconds left.\n|\n|t:|1697431888\n|switch|p2a: Forretress|Forretress, F|100\/100\n|move|p1b: Ninetales|Encore||[still]\n|-fail|p1b: Ninetales\n|move|p1a: Chi-Yu|Heat Wave|p2b: Glimmora|[spread] p2a,p2b\n|-supereffective|p2a: Forretress\n|-resisted|p2b: Glimmora\n|-damage|p2a: Forretress|0 fnt\n|-damage|p2b: Glimmora|0 fnt\n|faint|p2a: Forretress\n|faint|p2b: Glimmora\n|\n|-weather|Snow|[upkeep]\n|upkeep\n|inactive|Sebas_Glez_05 has 120 seconds left.\n|\n|t:|1697431902\n|switch|p2b: Baxcalibur|Baxcalibur, F|100\/100\n|switch|p2a: Dipplin|Dipplin, F|100\/100\n|turn|5\n|inactive|Sebas_Glez_05 has 120 seconds left.\n|\n|t:|1697431924\n|move|p1b: Ninetales|Dazzling Gleam|p2b: Baxcalibur|[spread] p2a,p2b\n|-supereffective|p2a: Dipplin\n|-supereffective|p2b: Baxcalibur\n|-damage|p2a: Dipplin|73\/100\n|-damage|p2b: Baxcalibur|55\/100\n|move|p1a: Chi-Yu|Heat Wave|p2a: Dipplin|[spread] p2a,p2b\n|-damage|p2a: Dipplin|41\/100\n|-damage|p2b: Baxcalibur|0 fnt\n|faint|p2b: Baxcalibur\n|move|p2a: Dipplin|Dragon Breath|p1b: Ninetales\n|-immune|p1b: Ninetales\n|\n|-weather|none\n|-sideend|p2: Sebas_Glez_05|move: Aurora Veil\n|upkeep\n|turn|6\n|-message|Sebas_Glez_05 forfeited.\n|\n|win|Crewmate3206\n|raw|Crewmate3206's rating: 1026 &rarr; <strong>1064<\/strong><br \/>(+38 for winning)\n|raw|Sebas_Glez_05's rating: 1049 &rarr; <strong>1031<\/strong><br \/>(-18 for losing)\n|l|\u2606Sebas_Glez_05\n|c|\u2606Crewmate3206|gg\n","uploadtime":1697431944,"views":22,"p1id":"crewmate3206","p2id":"sebasglez05","formatid":"gen9doublesou","rating":1031,"private":0,"password":""}