{"id":"gen9doublesou-1992856878","p1":"cooltrocity","p2":"woahhgh","format":"[Gen 9] Doubles OU","log":"|j|\u2606cooltrocity\n|j|\u2606woahhgh\n|t:|1700241425\n|gametype|doubles\n|player|p1|cooltrocity|skierf|1411\n|player|p2|woahhgh|265|1328\n|teamsize|p1|6\n|teamsize|p2|6\n|gen|9\n|tier|[Gen 9] Doubles OU\n|rated|\n|rule|Species Clause: Limit one of each Pok\u00e9mon\n|rule|OHKO Clause: OHKO moves are banned\n|rule|Evasion Moves Clause: Evasion moves are banned\n|rule|Gravity Sleep Clause: The combination of sleep-inducing moves with imperfect accuracy and Gravity or Gigantamax Orbeetle are banned\n|rule|Endless Battle Clause: Forcing endless battles is banned\n|rule|HP Percentage Mod: HP is shown in percentages\n|clearpoke\n|poke|p1|Kingambit, M|\n|poke|p1|Sylveon, F|\n|poke|p1|Scyther, M|\n|poke|p1|Iron Bundle|\n|poke|p1|Ursaluna-Bloodmoon, M|\n|poke|p1|Heatran, M|\n|poke|p2|Roaring Moon|\n|poke|p2|Zapdos|\n|poke|p2|Heatran, F|\n|poke|p2|Clefairy, F|\n|poke|p2|Ting-Lu|\n|poke|p2|Iron Hands|\n|teampreview\n|\n|t:|1700241432\n|start\n|switch|p1a: Bird is the Word|Iron Bundle|100\/100\n|switch|p1b: Freddy Fazbear|Ursaluna-Bloodmoon, M|100\/100\n|switch|p2a: Iron Hands|Iron Hands, shiny|100\/100\n|switch|p2b: Clefairy|Clefairy, F|100\/100\n|-enditem|p1a: Bird is the Word|Booster Energy\n|-activate|p1a: Bird is the Word|ability: Quark Drive|[fromitem]\n|-start|p1a: Bird is the Word|quarkdrivespe\n|turn|1\n|c|\u2606woahhgh|we have definitely met before\n|\n|t:|1700241456\n|-terastallize|p1a: Bird is the Word|Ghost\n|move|p1b: Freddy Fazbear|Protect|p1b: Freddy Fazbear\n|-singleturn|p1b: Freddy Fazbear|Protect\n|move|p2b: Clefairy|Follow Me|p2b: Clefairy\n|-singleturn|p2b: Clefairy|move: Follow Me\n|move|p1a: Bird is the Word|Taunt|p2b: Clefairy\n|-start|p2b: Clefairy|move: Taunt\n|move|p2a: Iron Hands|Drain Punch|p1b: Freddy Fazbear\n|-activate|p1b: Freddy Fazbear|move: Protect\n|\n|upkeep\n|turn|2\n|\n|t:|1700241476\n|switch|p1b: Kitty :3|Sylveon, F|100\/100\n|move|p1a: Bird is the Word|Ice Beam|p2a: Iron Hands\n|-damage|p2a: Iron Hands|83\/100\n|move|p2a: Iron Hands|Drain Punch|p1b: Kitty :3\n|-resisted|p1b: Kitty :3\n|-damage|p1b: Kitty :3|80\/100\n|-heal|p2a: Iron Hands|91\/100|[from] drain|[of] p1b: Kitty :3\n|move|p2b: Clefairy|Icy Wind|p1a: Bird is the Word|[spread] p1a,p1b\n|-damage|p1a: Bird is the Word|83\/100\n|-damage|p1b: Kitty :3|75\/100\n|-unboost|p1a: Bird is the Word|spe|1\n|-unboost|p1b: Kitty :3|spe|1\n|\n|upkeep\n|turn|3\n|\n|t:|1700241499\n|move|p1a: Bird is the Word|Hydro Pump|p2a: Iron Hands\n|-damage|p2a: Iron Hands|70\/100\n|move|p2a: Iron Hands|Wild Charge|p1b: Kitty :3\n|-damage|p1b: Kitty :3|32\/100\n|-damage|p2a: Iron Hands|62\/100|[from] Recoil\n|move|p2b: Clefairy|Icy Wind|p1b: Kitty :3|[spread] p1a,p1b\n|-crit|p1b: Kitty :3\n|-damage|p1a: Bird is the Word|67\/100\n|-damage|p1b: Kitty :3|23\/100\n|-unboost|p1a: Bird is the Word|spe|1\n|-unboost|p1b: Kitty :3|spe|1\n|-enditem|p1b: Kitty :3|Aguav Berry|[eat]\n|-heal|p1b: Kitty :3|56\/100|[from] item: Aguav Berry\n|move|p1b: Kitty :3|Hyper Voice|p2a: Iron Hands|[spread] p2a,p2b\n|-supereffective|p2a: Iron Hands\n|-damage|p2a: Iron Hands|34\/100\n|-damage|p2b: Clefairy|69\/100\n|\n|upkeep\n|turn|4\n|\n|t:|1700241528\n|move|p1a: Bird is the Word|Ice Beam|p2a: Iron Hands\n|-damage|p2a: Iron Hands|17\/100\n|move|p2a: Iron Hands|Wild Charge|p1b: Kitty :3\n|-damage|p1b: Kitty :3|10\/100\n|-damage|p2a: Iron Hands|8\/100|[from] Recoil\n|move|p2b: Clefairy|Dazzling Gleam|p1b: Kitty :3|[spread] p1a,p1b\n|-damage|p1a: Bird is the Word|33\/100\n|-damage|p1b: Kitty :3|0 fnt\n|faint|p1b: Kitty :3\n|\n|-end|p2b: Clefairy|move: Taunt\n|upkeep\n|\n|t:|1700241542\n|switch|p1b: Spicy Frog|Heatran, M|100\/100\n|turn|5\n|\n|t:|1700241561\n|move|p2b: Clefairy|Follow Me|p2b: Clefairy\n|-singleturn|p2b: Clefairy|move: Follow Me\n|move|p1a: Bird is the Word|Taunt|p2b: Clefairy\n|-start|p2b: Clefairy|move: Taunt\n|move|p1b: Spicy Frog|Heat Wave|p2a: Iron Hands|[spread] p2a,p2b\n|-damage|p2a: Iron Hands|0 fnt\n|-damage|p2b: Clefairy|35\/100\n|faint|p2a: Iron Hands\n|-end|p2a: Iron Hands|Quark Drive|[silent]\n|\n|upkeep\n|\n|t:|1700241573\n|switch|p2a: Ting-Lu|Ting-Lu|100\/100\n|-ability|p2a: Ting-Lu|Vessel of Ruin\n|turn|6\n|\n|t:|1700241594\n|switch|p1b: Scyther|Scyther, M|100\/100\n|switch|p2b: Zapdos|Zapdos, shiny|100\/100\n|move|p1a: Bird is the Word|Ice Beam|p2a: Ting-Lu\n|-supereffective|p2a: Ting-Lu\n|-damage|p2a: Ting-Lu|64\/100\n|move|p2a: Ting-Lu|Earthquake|p1a: Bird is the Word|[spread] p1a\n|-immune|p2b: Zapdos\n|-immune|p1b: Scyther\n|-damage|p1a: Bird is the Word|0 fnt\n|faint|p1a: Bird is the Word\n|-end|p1a: Bird is the Word|Quark Drive|[silent]\n|\n|upkeep\n|\n|t:|1700241622\n|switch|p1a: Spicy Frog|Heatran, M|100\/100\n|turn|7\n|\n|t:|1700241640\n|move|p1b: Scyther|Tailwind|p1b: Scyther\n|-sidestart|p1: cooltrocity|move: Tailwind\n|move|p1a: Spicy Frog|Flash Cannon|p2a: Ting-Lu\n|-damage|p2a: Ting-Lu|46\/100\n|move|p2b: Zapdos|Tailwind|p2b: Zapdos\n|-sidestart|p2: woahhgh|move: Tailwind\n|move|p2a: Ting-Lu|Earthquake|p1b: Scyther|[spread] p1a\n|-immune|p2b: Zapdos\n|-immune|p1b: Scyther\n|-supereffective|p1a: Spicy Frog\n|-damage|p1a: Spicy Frog|0 fnt\n|faint|p1a: Spicy Frog\n|\n|upkeep\n|\n|t:|1700241654\n|switch|p1a: Freddy Fazbear|Ursaluna-Bloodmoon, M|100\/100\n|turn|8\n|\n|t:|1700241663\n|move|p1b: Scyther|Dual Wingbeat|p2b: Zapdos\n|-resisted|p2b: Zapdos\n|-damage|p2b: Zapdos|88\/100\n|-damage|p1b: Scyther|84\/100|[from] item: Rocky Helmet|[of] p2b: Zapdos\n|-status|p1b: Scyther|par|[from] ability: Static|[of] p2b: Zapdos\n|-resisted|p2b: Zapdos\n|-damage|p2b: Zapdos|74\/100\n|-damage|p1b: Scyther|68\/100 par|[from] item: Rocky Helmet|[of] p2b: Zapdos\n|-hitcount|p2b: Zapdos|2\n|move|p2b: Zapdos|Heat Wave|p1a: Freddy Fazbear|[spread] p1a,p1b\n|-supereffective|p1b: Scyther\n|-damage|p1a: Freddy Fazbear|82\/100\n|-damage|p1b: Scyther|34\/100 par\n|move|p1a: Freddy Fazbear|Blood Moon|p2a: Ting-Lu\n|-damage|p2a: Ting-Lu|17\/100\n|move|p2a: Ting-Lu|Body Slam|p1a: Freddy Fazbear\n|-damage|p1a: Freddy Fazbear|57\/100\n|-status|p1a: Freddy Fazbear|par\n|\n|-heal|p1a: Freddy Fazbear|63\/100 par|[from] item: Leftovers\n|upkeep\n|turn|9\n|c|\u2606woahhgh|very nice\n|c|\u2606cooltrocity|Dang that thing is a tank\n|l|\u2606cooltrocity\n|player|p1|\n|j|\u2606cooltrocity\n|player|p1|cooltrocity|skierf\n|c|\u2606woahhgh|vessel of ruin + assault vest is great\n|\n|t:|1700241711\n|move|p2b: Zapdos|Volt Switch|p1b: Scyther\n|-supereffective|p1b: Scyther\n|-damage|p1b: Scyther|0 fnt\n|faint|p1b: Scyther\n|\n|t:|1700241713\n|switch|p2b: Roaring Moon|Roaring Moon, shiny|100\/100|[from] Volt Switch\n|-enditem|p2b: Roaring Moon|Booster Energy\n|-activate|p2b: Roaring Moon|ability: Protosynthesis|[fromitem]\n|-start|p2b: Roaring Moon|protosynthesisatk\n|move|p2a: Ting-Lu|Earthquake|p1a: Freddy Fazbear|[spread] p2b,p1a\n|-damage|p2b: Roaring Moon|51\/100\n|-damage|p1a: Freddy Fazbear|29\/100 par\n|move|p1a: Freddy Fazbear|Earth Power|p2a: Ting-Lu\n|-damage|p2a: Ting-Lu|0 fnt\n|faint|p2a: Ting-Lu\n|\n|-heal|p1a: Freddy Fazbear|35\/100 par|[from] item: Leftovers\n|upkeep\n|inactive|Battle timer is ON: inactive players will automatically lose when time's up. (requested by woahhgh)\n|\n|t:|1700241730\n|switch|p1b: Tom Cruise|Kingambit, M|100\/100\n|switch|p2a: Heatran|Heatran, F, shiny|100\/100\n|-item|p2a: Heatran|Air Balloon\n|-activate|p1b: Tom Cruise|ability: Supreme Overlord\n|-start|p1b: Tom Cruise|fallen4|[silent]\n|turn|10\n|\n|t:|1700241745\n|-terastallize|p2b: Roaring Moon|Flying\n|move|p2b: Roaring Moon|Breaking Swipe|p1a: Freddy Fazbear|[spread] p1a,p1b\n|-resisted|p1b: Tom Cruise\n|-damage|p1a: Freddy Fazbear|3\/100 par\n|-damage|p1b: Tom Cruise|89\/100\n|-unboost|p1a: Freddy Fazbear|atk|1\n|-unboost|p1b: Tom Cruise|atk|1\n|move|p2a: Heatran|Heat Wave|p1b: Tom Cruise|[spread] p1a,p1b\n|-supereffective|p1b: Tom Cruise\n|-damage|p1a: Freddy Fazbear|0 fnt\n|-damage|p1b: Tom Cruise|29\/100\n|faint|p1a: Freddy Fazbear\n|move|p1b: Tom Cruise|Brick Break|p2b: Roaring Moon\n|-resisted|p2b: Roaring Moon\n|-damage|p2b: Roaring Moon|32\/100\n|\n|-heal|p1b: Tom Cruise|35\/100|[from] item: Leftovers\n|-sideend|p1: cooltrocity|move: Tailwind\n|-sideend|p2: woahhgh|move: Tailwind\n|upkeep\n|turn|11\n|c|\u2606woahhgh|ggs\n|c|\u2606cooltrocity|Gg\n|-message|cooltrocity forfeited.\n|\n|win|woahhgh\n|raw|cooltrocity's rating: 1411 &rarr; <strong>1386<\/strong><br \/>(-25 for losing)\n|raw|woahhgh's rating: 1328 &rarr; <strong>1353<\/strong><br \/>(+25 for winning)\n|l|\u2606cooltrocity\n","uploadtime":1700241768,"views":31,"p1id":"cooltrocity","p2id":"woahhgh","formatid":"gen9doublesou","rating":1353,"private":0,"password":""}