{"id":"gen9doublesou-1982585447","p1":"mikeyuwu","p2":"TreeTofe","format":"[Gen 9] Doubles OU","log":"|j|\u2606mikeyuwu\n|j|\u2606TreeTofe\n|t:|1699027623\n|gametype|doubles\n|player|p1|mikeyuwu|psychic-gen4|1152\n|player|p2|TreeTofe|burglar|1064\n|teamsize|p1|6\n|teamsize|p2|6\n|gen|9\n|tier|[Gen 9] Doubles OU\n|rated|\n|rule|Species Clause: Limit one of each Pok\u00e9mon\n|rule|OHKO Clause: OHKO moves are banned\n|rule|Evasion Moves Clause: Evasion moves are banned\n|rule|Gravity Sleep Clause: The combination of sleep-inducing moves with imperfect accuracy and Gravity or Gigantamax Orbeetle are banned\n|rule|Endless Battle Clause: Forcing endless battles is banned\n|rule|HP Percentage Mod: HP is shown in percentages\n|clearpoke\n|poke|p1|Garchomp, M|\n|poke|p1|Tyranitar, F|\n|poke|p1|Vaporeon, F|\n|poke|p1|Toxicroak, M|\n|poke|p1|Pelipper, F|\n|poke|p1|Abomasnow, M|\n|poke|p2|Typhlosion-Hisui, M|\n|poke|p2|Thundurus, M|\n|poke|p2|Sylveon, M|\n|poke|p2|Ditto|\n|poke|p2|Empoleon, F|\n|poke|p2|Iron Bundle|\n|teampreview\n|\n|t:|1699027634\n|start\n|switch|p1a: OTLHPM|Toxicroak, M|100\/100\n|switch|p1b: Harmacy|Vaporeon, F|100\/100\n|switch|p2a: Iron Bundle|Iron Bundle, shiny|100\/100\n|switch|p2b: Empoleon|Empoleon, F, shiny|100\/100\n|-enditem|p2a: Iron Bundle|Booster Energy\n|-activate|p2a: Iron Bundle|ability: Quark Drive|[fromitem]\n|-start|p2a: Iron Bundle|quarkdrivespa\n|turn|1\n|\n|t:|1699027653\n|switch|p1b: ThcrThnSnkr|Tyranitar, F|100\/100\n|-weather|Sandstorm|[from] ability: Sand Stream|[of] p1b: ThcrThnSnkr\n|move|p2a: Iron Bundle|Blizzard|p1b: ThcrThnSnkr|[spread] p1a,p1b\n|-damage|p1a: OTLHPM|35\/100\n|-damage|p1b: ThcrThnSnkr|85\/100\n|-status|p1a: OTLHPM|frz\n|move|p2b: Empoleon|Stealth Rock|p1a: OTLHPM\n|-sidestart|p1: mikeyuwu|move: Stealth Rock\n|-curestatus|p1a: OTLHPM|frz|[msg]\n|move|p1a: OTLHPM|Drain Punch|p2a: Iron Bundle\n|-supereffective|p2a: Iron Bundle\n|-damage|p2a: Iron Bundle|21\/100\n|-heal|p1a: OTLHPM|68\/100|[from] drain|[of] p2a: Iron Bundle\n|\n|-weather|Sandstorm|[upkeep]\n|-damage|p2a: Iron Bundle|15\/100|[from] Sandstorm\n|-damage|p1a: OTLHPM|62\/100|[from] Sandstorm\n|-heal|p1a: OTLHPM|68\/100|[from] item: Black Sludge\n|upkeep\n|turn|2\n|\n|t:|1699027679\n|move|p2a: Iron Bundle|Hydro Pump|p1b: ThcrThnSnkr|[miss]\n|-miss|p2a: Iron Bundle|p1b: ThcrThnSnkr\n|move|p2b: Empoleon|Air Slash|p1a: OTLHPM\n|-supereffective|p1a: OTLHPM\n|-damage|p1a: OTLHPM|12\/100\n|move|p1a: OTLHPM|Drain Punch|p2b: Empoleon\n|-supereffective|p2b: Empoleon\n|-damage|p2b: Empoleon|18\/100\n|-heal|p1a: OTLHPM|50\/100|[from] drain|[of] p2b: Empoleon\n|move|p1b: ThcrThnSnkr|Thunderbolt|p2b: Empoleon\n|-supereffective|p2b: Empoleon\n|-damage|p2b: Empoleon|0 fnt\n|faint|p2b: Empoleon\n|\n|-weather|Sandstorm|[upkeep]\n|-damage|p2a: Iron Bundle|8\/100|[from] Sandstorm\n|-damage|p1a: OTLHPM|44\/100|[from] Sandstorm\n|-heal|p1a: OTLHPM|50\/100|[from] item: Black Sludge\n|upkeep\n|\n|t:|1699027705\n|switch|p2b: Typhlosion|Typhlosion-Hisui, M, shiny|100\/100\n|-item|p1a: OTLHPM|Black Sludge|[from] ability: Frisk|[of] p2b: Typhlosion|[identify]\n|-item|p1b: ThcrThnSnkr|Assault Vest|[from] ability: Frisk|[of] p2b: Typhlosion|[identify]\n|turn|3\n|\n|t:|1699027714\n|switch|p1a: Harmacy|Vaporeon, F|100\/100\n|-damage|p1a: Harmacy|88\/100|[from] Stealth Rock\n|move|p2a: Iron Bundle|Hydro Pump|p1b: ThcrThnSnkr\n|-supereffective|p1b: ThcrThnSnkr\n|-damage|p1b: ThcrThnSnkr|42\/100\n|move|p2b: Typhlosion|Will-O-Wisp|p1a: Harmacy\n|-status|p1a: Harmacy|brn\n|move|p1b: ThcrThnSnkr|Rock Slide|p2b: Typhlosion|[spread] p2a,p2b\n|-supereffective|p2a: Iron Bundle\n|-supereffective|p2b: Typhlosion\n|-damage|p2a: Iron Bundle|0 fnt\n|-damage|p2b: Typhlosion|33\/100\n|faint|p2a: Iron Bundle\n|-end|p2a: Iron Bundle|Quark Drive|[silent]\n|\n|-weather|Sandstorm|[upkeep]\n|-damage|p2b: Typhlosion|27\/100|[from] Sandstorm\n|-damage|p1a: Harmacy|82\/100 brn|[from] Sandstorm\n|-heal|p2b: Typhlosion|33\/100|[from] item: Leftovers\n|-heal|p1a: Harmacy|88\/100 brn|[from] item: Leftovers\n|-damage|p1a: Harmacy|82\/100 brn|[from] brn\n|upkeep\n|\n|t:|1699027734\n|switch|p2a: Ditto|Ditto, shiny|100\/100\n|-transform|p2a: Ditto|p1b: ThcrThnSnkr|[from] ability: Imposter\n|turn|4\n|\n|t:|1699027756\n|switch|p1b: Weather War|Pelipper, F|100\/100\n|-weather|RainDance|[from] ability: Drizzle|[of] p1b: Weather War\n|move|p2b: Typhlosion|Infernal Parade|p1a: Harmacy\n|-damage|p1a: Harmacy|42\/100 brn\n|move|p2a: Ditto|Heavy Slam|p1b: Weather War\n|-resisted|p1b: Weather War\n|-damage|p1b: Weather War|88\/100\n|move|p1a: Harmacy|Weather Ball|p2a: Ditto\n|-supereffective|p2a: Ditto\n|-damage|p2a: Ditto|0 fnt\n|faint|p2a: Ditto\n|\n|-weather|RainDance|[upkeep]\n|-heal|p2b: Typhlosion|39\/100|[from] item: Leftovers\n|-activate|p1a: Harmacy|ability: Hydration\n|-curestatus|p1a: Harmacy|brn|[msg]\n|-heal|p1a: Harmacy|48\/100|[from] item: Leftovers\n|upkeep\n|c|\u2606mikeyuwu|Thats not yours\n|\n|t:|1699027776\n|switch|p2a: Thundurus|Thundurus, M, shiny|100\/100\n|turn|5\n|c|\u2606mikeyuwu|Put it dow\n|c|\u2606mikeyuwu|Down\n|\n|t:|1699027787\n|switch|p1b: ThcrThnSnkr|Tyranitar, F|42\/100\n|-damage|p1b: ThcrThnSnkr|29\/100|[from] Stealth Rock\n|-weather|Sandstorm|[from] ability: Sand Stream|[of] p1b: ThcrThnSnkr\n|switch|p1a: Extra Spicy|Garchomp, M|100\/100\n|-damage|p1a: Extra Spicy|94\/100|[from] Stealth Rock\n|move|p2a: Thundurus|Wildbolt Storm|p1b: ThcrThnSnkr|[spread] p1b\n|-immune|p1a: Extra Spicy\n|-damage|p1b: ThcrThnSnkr|18\/100\n|move|p2b: Typhlosion|Heat Wave|p1a: Extra Spicy|[spread] p1a,p1b\n|-resisted|p1a: Extra Spicy\n|-resisted|p1b: ThcrThnSnkr\n|-damage|p1a: Extra Spicy|79\/100\n|-damage|p1b: ThcrThnSnkr|13\/100\n|-status|p1b: ThcrThnSnkr|brn\n|\n|-weather|Sandstorm|[upkeep]\n|-damage|p2a: Thundurus|94\/100|[from] Sandstorm\n|-damage|p2b: Typhlosion|33\/100|[from] Sandstorm\n|-heal|p2b: Typhlosion|39\/100|[from] item: Leftovers\n|-damage|p1b: ThcrThnSnkr|7\/100 brn|[from] brn\n|upkeep\n|turn|6\n|\n|t:|1699027812\n|move|p2a: Thundurus|Taunt|p1a: Extra Spicy\n|-start|p1a: Extra Spicy|move: Taunt\n|move|p2b: Typhlosion|Heat Wave|p1a: Extra Spicy|[spread] p1a\n|-miss|p2b: Typhlosion|p1b: ThcrThnSnkr\n|-resisted|p1a: Extra Spicy\n|-damage|p1a: Extra Spicy|63\/100\n|move|p1a: Extra Spicy|Liquidation|p2b: Typhlosion\n|-supereffective|p2b: Typhlosion\n|-damage|p2b: Typhlosion|0 fnt\n|faint|p2b: Typhlosion\n|move|p1b: ThcrThnSnkr|Rock Slide|p2a: Thundurus\n|-supereffective|p2a: Thundurus\n|-damage|p2a: Thundurus|49\/100\n|-enditem|p2a: Thundurus|Sitrus Berry|[eat]\n|-heal|p2a: Thundurus|74\/100|[from] item: Sitrus Berry\n|\n|-weather|Sandstorm|[upkeep]\n|-damage|p2a: Thundurus|67\/100|[from] Sandstorm\n|-damage|p1b: ThcrThnSnkr|1\/100 brn|[from] brn\n|upkeep\n|\n|t:|1699027829\n|switch|p2b: Sylveon|Sylveon, M, shiny|100\/100\n|turn|7\n|\n|t:|1699027841\n|move|p2a: Thundurus|Acrobatics|p1a: Extra Spicy\n|-damage|p1a: Extra Spicy|36\/100\n|-damage|p2a: Thundurus|55\/100|[from] ability: Rough Skin|[of] p1a: Extra Spicy\n|-damage|p2a: Thundurus|38\/100|[from] item: Rocky Helmet|[of] p1a: Extra Spicy\n|move|p1a: Extra Spicy|Poison Jab|p2b: Sylveon\n|-supereffective|p2b: Sylveon\n|-damage|p2b: Sylveon|37\/100\n|move|p2b: Sylveon|Hyper Voice|p1a: Extra Spicy|[spread] p1a,p1b\n|-supereffective|p1a: Extra Spicy\n|-supereffective|p1b: ThcrThnSnkr\n|-damage|p1a: Extra Spicy|0 fnt\n|-damage|p1b: ThcrThnSnkr|0 fnt\n|faint|p1a: Extra Spicy\n|faint|p1b: ThcrThnSnkr\n|\n|-weather|Sandstorm|[upkeep]\n|-damage|p2a: Thundurus|32\/100|[from] Sandstorm\n|-damage|p2b: Sylveon|31\/100|[from] Sandstorm\n|upkeep\n|\n|t:|1699027855\n|switch|p1a: Cold Shoulder|Abomasnow, M, shiny|100\/100\n|switch|p1b: OTLHPM|Toxicroak, M|50\/100\n|-damage|p1b: OTLHPM|44\/100|[from] Stealth Rock\n|-damage|p1a: Cold Shoulder|76\/100|[from] Stealth Rock\n|-weather|Snow|[from] ability: Snow Warning|[of] p1a: Cold Shoulder\n|turn|8\n|c|\u2606mikeyuwu|Gg\n|\n|t:|1699027867\n|move|p2a: Thundurus|Acrobatics|p1b: OTLHPM\n|-supereffective|p1b: OTLHPM\n|-damage|p1b: OTLHPM|0 fnt\n|faint|p1b: OTLHPM\n|move|p2b: Sylveon|Body Slam|p1a: Cold Shoulder\n|-damage|p1a: Cold Shoulder|57\/100\n|move|p1a: Cold Shoulder|Blizzard|p2a: Thundurus|[spread] p2a,p2b\n|-supereffective|p2a: Thundurus\n|-damage|p2a: Thundurus|0 fnt\n|-damage|p2b: Sylveon|8\/100\n|faint|p2a: Thundurus\n|\n|-weather|Snow|[upkeep]\n|upkeep\n|\n|t:|1699027872\n|switch|p1b: Weather War|Pelipper, F|88\/100\n|-weather|RainDance|[from] ability: Drizzle|[of] p1b: Weather War\n|turn|9\n|\n|t:|1699027882\n|-terastallize|p2b: Sylveon|Fairy\n|move|p2b: Sylveon|Hyper Voice|p1b: Weather War|[spread] p1a,p1b\n|-crit|p1a: Cold Shoulder\n|-damage|p1a: Cold Shoulder|0 fnt\n|-damage|p1b: Weather War|10\/100\n|faint|p1a: Cold Shoulder\n|move|p1b: Weather War|Soak|p2b: Sylveon\n|-fail|p2b: Sylveon\n|\n|-weather|RainDance|[upkeep]\n|upkeep\n|\n|t:|1699027889\n|switch|p1a: Harmacy|Vaporeon, F|48\/100\n|-damage|p1a: Harmacy|35\/100|[from] Stealth Rock\n|turn|10\n|\n|t:|1699027895\n|-terastallize|p1a: Harmacy|Steel\n|move|p2b: Sylveon|Hyper Voice|p1a: Harmacy|[spread] p1a,p1b\n|-resisted|p1a: Harmacy\n|-damage|p1a: Harmacy|14\/100\n|-damage|p1b: Weather War|0 fnt\n|faint|p1b: Weather War\n|move|p1a: Harmacy|Weather Ball|p2b: Sylveon\n|-crit|p2b: Sylveon\n|-damage|p2b: Sylveon|0 fnt\n|faint|p2b: Sylveon\n|\n|win|mikeyuwu\n|raw|mikeyuwu's rating: 1152 &rarr; <strong>1171<\/strong><br \/>(+19 for winning)\n|raw|TreeTofe's rating: 1064 &rarr; <strong>1049<\/strong><br \/>(-15 for losing)\n|c|\u2606TreeTofe|gg\n|c|\u2606mikeyuwu|Nice team\n|l|\u2606TreeTofe\n","uploadtime":1699027932,"views":24,"p1id":"mikeyuwu","p2id":"treetofe","formatid":"gen9doublesou","rating":1049,"private":0,"password":""}