{"id":"gen9doublesou-1985835302","p1":"CYalo","p2":"Kisuke_on_crack","format":"[Gen 9] Doubles OU","log":"|j|\u2606CYalo\n|j|\u2606Kisuke_on_crack\n|inactive|Battle timer is ON: inactive players will automatically lose when time's up.\n|t:|1699411349\n|gametype|doubles\n|player|p1|CYalo|turo-ai|\n|player|p2|Kisuke_on_crack|burglar|\n|teamsize|p1|6\n|teamsize|p2|6\n|gen|9\n|tier|[Gen 9] Doubles OU\n|rated|Tournament battle\n|rule|Species Clause: Limit one of each Pok\u00e9mon\n|rule|OHKO Clause: OHKO moves are banned\n|rule|Evasion Moves Clause: Evasion moves are banned\n|rule|Gravity Sleep Clause: The combination of sleep-inducing moves with imperfect accuracy and Gravity or Gigantamax Orbeetle are banned\n|rule|Endless Battle Clause: Forcing endless battles is banned\n|rule|HP Percentage Mod: HP is shown in percentages\n|clearpoke\n|poke|p1|Sneasel, M|\n|poke|p1|Shroomish, M|\n|poke|p1|Meowth-Galar, M|\n|poke|p1|Diglett-Alola, M|\n|poke|p1|Slakoth, M|\n|poke|p1|Grookey, M|\n|poke|p2|Lampent, M|\n|poke|p2|Cetoddle, F|\n|poke|p2|Quaxly, M|\n|poke|p2|Geodude-Alola, F|\n|poke|p2|Hattrem, F|\n|poke|p2|Deerling, M|\n|teampreview\n|j|*Lady Monita \u263d\n|j| Im dumb srly\n|\n|t:|1699411369\n|start\n|switch|p1a: Meowth|Meowth-Galar, M|100\/100\n|switch|p1b: Diglett|Diglett-Alola, M|100\/100\n|switch|p2a: Geodude|Geodude-Alola, F|100\/100\n|switch|p2b: Hattrem|Hattrem, F|100\/100\n|turn|1\n|j| hyroxplayz\n|l| hyroxplayz\n|\n|t:|1699411397\n|move|p1a: Meowth|Fake Out|p2b: Hattrem\n|-damage|p2b: Hattrem|95\/100\n|move|p1b: Diglett|Charm|p2a: Geodude\n|-unboost|p2a: Geodude|atk|2\n|cant|p2b: Hattrem|flinch\n|move|p2a: Geodude|Flamethrower|p1a: Meowth\n|-supereffective|p1a: Meowth\n|-damage|p1a: Meowth|78\/100\n|\n|upkeep\n|turn|2\n|\n|t:|1699411417\n|move|p1a: Meowth|Protect|p1a: Meowth\n|-singleturn|p1a: Meowth|Protect\n|move|p1b: Diglett|Earthquake|p2b: Hattrem|[spread] p2a,p2b\n|-activate|p1a: Meowth|move: Protect\n|-supereffective|p2a: Geodude\n|-ability|p2a: Geodude|Sturdy\n|-damage|p2a: Geodude|1\/100\n|-damage|p2b: Hattrem|79\/100\n|move|p2b: Hattrem|Rest|p2b: Hattrem\n|-status|p2b: Hattrem|slp|[from] move: Rest\n|-heal|p2b: Hattrem|100\/100 slp|[silent]\n|move|p2a: Geodude|Explosion|p1b: Diglett|[spread] p2b,p1b\n|-activate|p1a: Meowth|move: Protect\n|-resisted|p1b: Diglett\n|-damage|p2b: Hattrem|84\/100 slp\n|-damage|p1b: Diglett|28\/100\n|faint|p2a: Geodude\n|\n|upkeep\n|inactive|Kisuke_on_crack has 120 seconds left.\n|j| Gotduck?\n|\n|t:|1699411441\n|switch|p2a: Lampent|Lampent, M|100\/100\n|turn|3\n|\n|t:|1699411454\n|move|p1a: Meowth|Helping Hand|p1b: Diglett\n|-singleturn|p1b: Diglett|Helping Hand|[of] p1a: Meowth\n|move|p1b: Diglett|Earthquake|p2b: Hattrem|[spread] p1a,p2a,p2b\n|-supereffective|p1a: Meowth\n|-supereffective|p2a: Lampent\n|-damage|p1a: Meowth|20\/100\n|-damage|p2a: Lampent|0 fnt\n|-damage|p2b: Hattrem|61\/100 slp\n|faint|p2a: Lampent\n|cant|p2b: Hattrem|slp\n|\n|upkeep\n|j| hyroxplayz\n|\n|t:|1699411467\n|switch|p2a: Deerling|Deerling, M|100\/100\n|turn|4\n|\n|t:|1699411482\n|move|p1b: Diglett|Helping Hand|p1a: Meowth\n|-singleturn|p1a: Meowth|Helping Hand|[of] p1b: Diglett\n|move|p2a: Deerling|Thunder Wave|p1a: Meowth\n|-status|p1a: Meowth|par\n|cant|p2b: Hattrem|slp\n|move|p2b: Hattrem|Sleep Talk|p2b: Hattrem\n|move|p2b: Hattrem|Psychic|p1b: Diglett|[from]move: Sleep Talk\n|-resisted|p1b: Diglett\n|-damage|p1b: Diglett|0 fnt\n|faint|p1b: Diglett\n|move|p1a: Meowth|Iron Head|p2a: Deerling\n|-damage|p2a: Deerling|59\/100\n|\n|upkeep\n|\n|t:|1699411497\n|switch|p1b: Sneasel|Sneasel, M|100\/100\n|turn|5\n|\n|t:|1699411522\n|switch|p2b: Quaxly|Quaxly, M|100\/100\n|move|p1b: Sneasel|Knock Off|p2b: Quaxly\n|-damage|p2b: Quaxly|43\/100\n|-enditem|p2b: Quaxly|Eviolite|[from] move: Knock Off|[of] p1b: Sneasel\n|move|p2a: Deerling|Headbutt|p1b: Sneasel\n|-damage|p1b: Sneasel|74\/100\n|cant|p1a: Meowth|par\n|\n|upkeep\n|turn|6\n|c|\u2606Kisuke_on_crack|its basically ggs man\n|\n|t:|1699411540\n|switch|p1b: Grookey|Grookey, M|100\/100\n|-fieldstart|move: Grassy Terrain|[from] ability: Grassy Surge|[of] p1b: Grookey\n|move|p2a: Deerling|Zen Headbutt|p1a: Meowth\n|-resisted|p1a: Meowth\n|-damage|p1a: Meowth|15\/100 par\n|move|p2b: Quaxly|Roost|p2b: Quaxly\n|-heal|p2b: Quaxly|93\/100\n|-singleturn|p2b: Quaxly|move: Roost\n|cant|p1a: Meowth|flinch\n|\n|-heal|p2a: Deerling|65\/100|[from] Grassy Terrain\n|-heal|p2b: Quaxly|99\/100|[from] Grassy Terrain\n|-heal|p1a: Meowth|22\/100 par|[from] Grassy Terrain\n|upkeep\n|turn|7\n|\n|t:|1699411562\n|move|p2a: Deerling|Thunder Wave|p1b: Grookey\n|-status|p1b: Grookey|par\n|move|p2b: Quaxly|Liquidation|p1a: Meowth\n|-damage|p1a: Meowth|1\/100 par\n|move|p1b: Grookey|Wood Hammer|p2b: Quaxly\n|-supereffective|p2b: Quaxly\n|-damage|p2b: Quaxly|0 fnt\n|faint|p2b: Quaxly\n|-damage|p1b: Grookey|72\/100 par|[from] Recoil\n|move|p1a: Meowth|Iron Head|p2a: Deerling\n|-damage|p2a: Deerling|37\/100\n|\n|-heal|p2a: Deerling|43\/100|[from] Grassy Terrain\n|-heal|p1b: Grookey|78\/100 par|[from] Grassy Terrain\n|-heal|p1a: Meowth|8\/100 par|[from] Grassy Terrain\n|upkeep\n|inactive|Kisuke_on_crack has 120 seconds left.\n|\n|t:|1699411579\n|switch|p2b: Cetoddle|Cetoddle, F|100\/100\n|turn|8\n|\n|t:|1699411587\n|switch|p1b: Sneasel|Sneasel, M|74\/100\n|move|p2b: Cetoddle|Ice Shard|p1b: Sneasel\n|-resisted|p1b: Sneasel\n|-damage|p1b: Sneasel|63\/100\n|move|p2a: Deerling|Zen Headbutt|p1a: Meowth\n|-resisted|p1a: Meowth\n|-damage|p1a: Meowth|3\/100 par\n|move|p1a: Meowth|Iron Head|p2b: Cetoddle\n|-supereffective|p2b: Cetoddle\n|-damage|p2b: Cetoddle|18\/100\n|-enditem|p2b: Cetoddle|Sitrus Berry|[eat]\n|-heal|p2b: Cetoddle|43\/100|[from] item: Sitrus Berry\n|\n|-heal|p1b: Sneasel|69\/100|[from] Grassy Terrain\n|-heal|p2a: Deerling|49\/100|[from] Grassy Terrain\n|-heal|p2b: Cetoddle|49\/100|[from] Grassy Terrain\n|-heal|p1a: Meowth|9\/100 par|[from] Grassy Terrain\n|upkeep\n|turn|9\n|j| E4Everyone\n|\n|t:|1699411615\n|move|p1a: Meowth|Protect|p1a: Meowth\n|-singleturn|p1a: Meowth|Protect\n|move|p1b: Sneasel|Icicle Crash|p2a: Deerling\n|-supereffective|p2a: Deerling\n|-damage|p2a: Deerling|0 fnt\n|faint|p2a: Deerling\n|move|p2b: Cetoddle|Play Rough|p1b: Sneasel|[miss]\n|-miss|p2b: Cetoddle|p1b: Sneasel\n|\n|-heal|p1b: Sneasel|75\/100|[from] Grassy Terrain\n|-heal|p2b: Cetoddle|55\/100|[from] Grassy Terrain\n|-heal|p1a: Meowth|15\/100 par|[from] Grassy Terrain\n|upkeep\n|c|\u2606Kisuke_on_crack|bruhh\n|inactive|Kisuke_on_crack has 120 seconds left.\n|\n|t:|1699411628\n|switch|p2a: Hattrem|Hattrem, F|61\/100 slp\n|turn|10\n|\n|t:|1699411638\n|move|p1b: Sneasel|Knock Off|p2a: Hattrem\n|-supereffective|p2a: Hattrem\n|-damage|p2a: Hattrem|8\/100 slp\n|-enditem|p2a: Hattrem|Eviolite|[from] move: Knock Off|[of] p1b: Sneasel\n|move|p2b: Cetoddle|Play Rough|p1b: Sneasel\n|-supereffective|p1b: Sneasel\n|-damage|p1b: Sneasel|0 fnt\n|faint|p1b: Sneasel\n|-curestatus|p2a: Hattrem|slp|[msg]\n|move|p2a: Hattrem|Sleep Talk||[still]\n|-fail|p2a: Hattrem\n|move|p1a: Meowth|Iron Head|p2b: Cetoddle\n|-supereffective|p2b: Cetoddle\n|-damage|p2b: Cetoddle|0 fnt\n|faint|p2b: Cetoddle\n|\n|-heal|p2a: Hattrem|14\/100|[from] Grassy Terrain\n|-heal|p1a: Meowth|22\/100 par|[from] Grassy Terrain\n|-fieldend|move: Grassy Terrain\n|upkeep\n|\n|t:|1699411651\n|switch|p1b: Grookey|Grookey, M|78\/100 par\n|-fieldstart|move: Grassy Terrain|[from] ability: Grassy Surge|[of] p1b: Grookey\n|turn|11\n|c|\u2606Kisuke_on_crack|gg\n|c|\u2606CYalo|gg\n|\n|t:|1699411659\n|move|p1b: Grookey|Fake Out|p2a: Hattrem\n|-damage|p2a: Hattrem|6\/100\n|cant|p2a: Hattrem|flinch\n|move|p1a: Meowth|Iron Head|p2a: Hattrem\n|-damage|p2a: Hattrem|0 fnt\n|faint|p2a: Hattrem\n|\n|win|CYalo\n|n|\u2606CYalo|cyalo\n|n|\u2606Kisuke_on_crack|kisukeoncrack\n|n|*Lady Monita \u263d|ladymonita\n|n| Im dumb srly|imdumbsrly\n|n| Gotduck?|gotduck\n|n| hyroxplayz|hyroxplayz\n|n| E4Everyone|e4everyone\n","uploadtime":1699411660,"views":13,"p1id":"cyalo","p2id":"kisukeoncrack","formatid":"gen9doublesou","rating":0,"private":0,"password":""}