{"id":"gen9doublesou-1973599767","p1":"Marct66","p2":"Buzzpeep","format":"[Gen 9] Doubles OU","log":"|j|\u2606Marct66\n|j|\u2606Buzzpeep\n|inactive|Battle timer is ON: inactive players will automatically lose when time's up.\n|t:|1697994831\n|gametype|doubles\n|player|p1|Marct66|alec-anime|\n|player|p2|Buzzpeep|proton|\n|teamsize|p1|6\n|teamsize|p2|6\n|gen|9\n|tier|[Gen 9] Doubles OU\n|rated|Tournament battle\n|rule|Species Clause: Limit one of each Pok\u00e9mon\n|rule|OHKO Clause: OHKO moves are banned\n|rule|Evasion Moves Clause: Evasion moves are banned\n|rule|Gravity Sleep Clause: The combination of sleep-inducing moves with imperfect accuracy and Gravity or Gigantamax Orbeetle are banned\n|rule|Endless Battle Clause: Forcing endless battles is banned\n|rule|HP Percentage Mod: HP is shown in percentages\n|clearpoke\n|poke|p1|Corviknight, M|\n|poke|p1|Clefairy, F|\n|poke|p1|Toedscruel, M|\n|poke|p1|Inteleon, F|\n|poke|p1|Mienshao, M|\n|poke|p1|Pelipper, F|\n|poke|p2|Chandelure, M|\n|poke|p2|Copperajah, F|\n|poke|p2|Jumpluff, F|\n|poke|p2|Whiscash, F|\n|poke|p2|Ninetales-Alola, M|\n|poke|p2|Typhlosion-Hisui, F|\n|teampreview\n|j|*Lady Monita \u263d\n|inactive|Marct66 has 120 seconds left.\n|\n|t:|1697994867\n|start\n|switch|p1a: Inteleon|Inteleon, F|100\/100\n|switch|p1b: Pelipper|Pelipper, F|100\/100\n|switch|p2a: Jumpluff|Jumpluff, F|100\/100\n|switch|p2b: Copperajah|Copperajah, F|100\/100\n|-weather|RainDance|[from] ability: Drizzle|[of] p1b: Pelipper\n|turn|1\n|\n|t:|1697994879\n|move|p1a: Inteleon|Weather Ball|p2b: Copperajah\n|-damage|p2b: Copperajah|23\/100\n|move|p2a: Jumpluff|Swords Dance|p2a: Jumpluff\n|-boost|p2a: Jumpluff|atk|2\n|move|p1b: Pelipper|Hurricane|p2a: Jumpluff\n|-supereffective|p2a: Jumpluff\n|-enditem|p2a: Jumpluff|Focus Sash\n|-damage|p2a: Jumpluff|1\/100\n|-start|p2a: Jumpluff|confusion\n|move|p2b: Copperajah|Rock Slide|p1a: Inteleon|[spread] p1a\n|-miss|p2b: Copperajah|p1b: Pelipper\n|-damage|p1a: Inteleon|65\/100\n|\n|-weather|RainDance|[upkeep]\n|-heal|p2b: Copperajah|29\/100|[from] item: Leftovers\n|upkeep\n|turn|2\n|\n|t:|1697994901\n|switch|p1b: Corviknight|Corviknight, M|100\/100\n|-ability|p1b: Corviknight|Unnerve\n|move|p1a: Inteleon|Weather Ball|p2b: Copperajah\n|-damage|p2b: Copperajah|0 fnt\n|faint|p2b: Copperajah\n|-activate|p2a: Jumpluff|confusion\n|move|p2a: Jumpluff|Acrobatics|p1b: Corviknight\n|-resisted|p1b: Corviknight\n|-damage|p1b: Corviknight|80\/100\n|\n|-weather|RainDance|[upkeep]\n|upkeep\n|\n|t:|1697994912\n|switch|p2b: Chandelure|Chandelure, M|100\/100\n|turn|3\n|j| Commander2022\n|l| Commander2022\n|\n|t:|1697994926\n|-terastallize|p2b: Chandelure|Electric\n|move|p2b: Chandelure|Tera Blast|p1a: Inteleon|[anim] Tera Blast Electric\n|-supereffective|p1a: Inteleon\n|-damage|p1a: Inteleon|0 fnt\n|faint|p1a: Inteleon\n|-activate|p2a: Jumpluff|confusion\n|move|p2a: Jumpluff|Strength Sap|p1b: Corviknight\n|-unboost|p1b: Corviknight|atk|1\n|-heal|p2a: Jumpluff|73\/100\n|move|p1b: Corviknight|Brave Bird|p2a: Jumpluff\n|-supereffective|p2a: Jumpluff\n|-damage|p2a: Jumpluff|0 fnt\n|faint|p2a: Jumpluff\n|-damage|p1b: Corviknight|63\/100|[from] Recoil\n|\n|-weather|RainDance|[upkeep]\n|upkeep\n|\n|t:|1697994944\n|switch|p1a: Toedscruel|Toedscruel, M|100\/100\n|switch|p2a: Ninetales|Ninetales-Alola, M|100\/100\n|-weather|Snow|[from] ability: Snow Warning|[of] p2a: Ninetales\n|turn|4\n|\n|t:|1697994968\n|move|p2b: Chandelure|Tera Blast|p1b: Corviknight|[anim] Tera Blast Electric\n|-supereffective|p1b: Corviknight\n|-damage|p1b: Corviknight|0 fnt\n|faint|p1b: Corviknight\n|move|p2a: Ninetales|Aurora Veil|p2a: Ninetales\n|-sidestart|p2: Buzzpeep|move: Aurora Veil\n|move|p1a: Toedscruel|Earth Power|p2b: Chandelure\n|-supereffective|p2b: Chandelure\n|-damage|p2b: Chandelure|41\/100\n|\n|-weather|Snow|[upkeep]\n|upkeep\n|\n|t:|1697994979\n|switch|p1b: Pelipper|Pelipper, F|100\/100\n|-weather|RainDance|[from] ability: Drizzle|[of] p1b: Pelipper\n|turn|5\n|\n|t:|1697994996\n|switch|p2b: Whiscash|Whiscash, F|100\/100\n|switch|p1b: Clefairy|Clefairy, F|100\/100\n|move|p2a: Ninetales|Freeze-Dry|p1a: Toedscruel\n|-supereffective|p1a: Toedscruel\n|-damage|p1a: Toedscruel|53\/100\n|move|p1a: Toedscruel|Earth Power|p2b: Whiscash\n|-damage|p2b: Whiscash|75\/100\n|\n|-weather|RainDance|[upkeep]\n|-heal|p2b: Whiscash|81\/100|[from] item: Leftovers\n|upkeep\n|turn|6\n|\n|t:|1697995017\n|switch|p2a: Typhlosion|Typhlosion-Hisui, F|100\/100\n|move|p1a: Toedscruel|Flash Cannon|p2a: Typhlosion\n|-resisted|p2a: Typhlosion\n|-damage|p2a: Typhlosion|91\/100\n|move|p2b: Whiscash|Dragon Dance|p2b: Whiscash\n|-boost|p2b: Whiscash|atk|1\n|-boost|p2b: Whiscash|spe|1\n|move|p1b: Clefairy|Icy Wind|p2b: Whiscash|[spread] p2a,p2b\n|-resisted|p2a: Typhlosion\n|-damage|p2a: Typhlosion|87\/100\n|-damage|p2b: Whiscash|74\/100\n|-unboost|p2a: Typhlosion|spe|1\n|-unboost|p2b: Whiscash|spe|1\n|\n|-weather|RainDance|[upkeep]\n|-heal|p2b: Whiscash|80\/100|[from] item: Leftovers\n|upkeep\n|turn|7\n|\n|t:|1697995039\n|move|p1a: Toedscruel|Energy Ball|p2b: Whiscash\n|-supereffective|p2b: Whiscash\n|-damage|p2b: Whiscash|0 fnt\n|faint|p2b: Whiscash\n|move|p2a: Typhlosion|Shadow Ball|p1b: Clefairy\n|-damage|p1b: Clefairy|61\/100\n|move|p1b: Clefairy|Icy Wind|p2a: Typhlosion\n|-resisted|p2a: Typhlosion\n|-damage|p2a: Typhlosion|81\/100\n|-unboost|p2a: Typhlosion|spe|1\n|\n|-weather|RainDance|[upkeep]\n|upkeep\n|\n|t:|1697995044\n|switch|p2b: Ninetales|Ninetales-Alola, M|100\/100\n|-weather|Snow|[from] ability: Snow Warning|[of] p2b: Ninetales\n|turn|8\n|\n|t:|1697995050\n|switch|p2a: Chandelure|Chandelure, M, tera:Electric|41\/100\n|move|p2b: Ninetales|Blizzard|p1a: Toedscruel|[spread] p1a,p1b\n|-supereffective|p1a: Toedscruel\n|-damage|p1a: Toedscruel|0 fnt\n|-damage|p1b: Clefairy|32\/100\n|faint|p1a: Toedscruel\n|move|p1b: Clefairy|Thunder Wave|p2a: Chandelure\n|-immune|p2a: Chandelure\n|\n|-weather|Snow|[upkeep]\n|upkeep\n|\n|t:|1697995062\n|switch|p1a: Mienshao|Mienshao, M|100\/100\n|turn|9\n|j| dubhedubhe\n|l| dubhedubhe\n|\n|t:|1697995075\n|switch|p2b: Typhlosion|Typhlosion-Hisui, F|81\/100\n|move|p2a: Chandelure|Heat Wave|p1a: Mienshao|[spread] p1a,p1b\n|-damage|p1a: Mienshao|36\/100\n|-damage|p1b: Clefairy|0 fnt\n|faint|p1b: Clefairy\n|move|p1a: Mienshao|Stone Edge|p2b: Typhlosion|[miss]\n|-miss|p1a: Mienshao|p2b: Typhlosion\n|\n|-weather|Snow|[upkeep]\n|upkeep\n|c|\u2606Marct66|damn youu mienshao\n|\n|t:|1697995099\n|switch|p1b: Pelipper|Pelipper, F|100\/100\n|-weather|RainDance|[from] ability: Drizzle|[of] p1b: Pelipper\n|turn|10\n|\n|t:|1697995114\n|switch|p2a: Ninetales|Ninetales-Alola, M|100\/100\n|-weather|Snow|[from] ability: Snow Warning|[of] p2a: Ninetales\n|move|p2b: Typhlosion|Eruption|p1b: Pelipper|[spread] p1a,p1b\n|-resisted|p1b: Pelipper\n|-damage|p1a: Mienshao|0 fnt\n|-damage|p1b: Pelipper|64\/100\n|faint|p1a: Mienshao\n|move|p1b: Pelipper|Weather Ball|p2b: Typhlosion\n|-resisted|p2b: Typhlosion\n|-damage|p2b: Typhlosion|60\/100\n|\n|-weather|Snow|[upkeep]\n|upkeep\n|turn|11\n|\n|t:|1697995130\n|switch|p2b: Chandelure|Chandelure, M, tera:Electric|41\/100\n|-terastallize|p1b: Pelipper|Water\n|move|p2a: Ninetales|Freeze-Dry|p1b: Pelipper\n|-supereffective|p1b: Pelipper\n|-damage|p1b: Pelipper|0 fnt\n|faint|p1b: Pelipper\n|\n|win|Buzzpeep\n|n|\u2606Marct66|marct66\n|n|\u2606Buzzpeep|buzzpeep\n|n|*Lady Monita \u263d|ladymonita\n","uploadtime":1697995131,"views":15,"p1id":"marct66","p2id":"buzzpeep","formatid":"gen9doublesou","rating":0,"private":0,"password":""}