{"id":"gen9doublesou-1972430893","p1":"pkmn battle lab","p2":"Xanathar14","format":"[Gen 9] Doubles OU","log":"|j|\u2606pkmn battle lab\n|j|\u2606Xanathar14\n|t:|1697842008\n|gametype|doubles\n|player|p1|pkmn battle lab|cynthia|1208\n|player|p2|Xanathar14|steven|1166\n|teamsize|p1|6\n|teamsize|p2|6\n|gen|9\n|tier|[Gen 9] Doubles OU\n|rated|\n|rule|Species Clause: Limit one of each Pok\u00e9mon\n|rule|OHKO Clause: OHKO moves are banned\n|rule|Evasion Moves Clause: Evasion moves are banned\n|rule|Gravity Sleep Clause: The combination of sleep-inducing moves with imperfect accuracy and Gravity or Gigantamax Orbeetle are banned\n|rule|Endless Battle Clause: Forcing endless battles is banned\n|rule|HP Percentage Mod: HP is shown in percentages\n|clearpoke\n|poke|p1|Toxapex, M|\n|poke|p1|Oinkologne, M|\n|poke|p1|Dusclops, M|\n|poke|p1|Rotom-Heat|\n|poke|p1|Klefki, M|\n|poke|p1|Grimmsnarl, M|\n|poke|p2|Tyranitar, M|\n|poke|p2|Gastrodon, M|\n|poke|p2|Hippowdon, F|\n|poke|p2|Landorus, M|\n|poke|p2|Bisharp, M|\n|poke|p2|Goodra-Hisui, M|\n|teampreview\n|\n|t:|1697842027\n|start\n|switch|p1a: Dusclops|Dusclops, M|100\/100\n|switch|p1b: Rotom|Rotom-Heat|100\/100\n|switch|p2a: Goodra|Goodra-Hisui, M, shiny|100\/100\n|switch|p2b: Gastrodon|Gastrodon, M|100\/100\n|-ability|p1a: Dusclops|Pressure\n|turn|1\n|\n|t:|1697842038\n|move|p1b: Rotom|Eerie Impulse|p2b: Gastrodon\n|-unboost|p2b: Gastrodon|spa|2\n|move|p2a: Goodra|Surf|p1b: Rotom|[spread] p1a,p1b\n|-ability|p2b: Gastrodon|Storm Drain|boost\n|-boost|p2b: Gastrodon|spa|1\n|-supereffective|p1b: Rotom\n|-damage|p1a: Dusclops|91\/100\n|-damage|p1b: Rotom|58\/100\n|move|p2b: Gastrodon|Muddy Water|p1b: Rotom|[spread] p1b\n|-miss|p2b: Gastrodon|p1a: Dusclops\n|-supereffective|p1b: Rotom\n|-damage|p1b: Rotom|21\/100\n|move|p1a: Dusclops|Curse|p2a: Goodra\n|-start|p2a: Goodra|Curse|[of] p1a: Dusclops\n|-damage|p1a: Dusclops|41\/100\n|\n|-damage|p2a: Goodra|76\/100|[from] Curse\n|upkeep\n|turn|2\n|\n|t:|1697842063\n|switch|p1b: Toxapex|Toxapex, M|100\/100\n|move|p2a: Goodra|Surf|p1b: Toxapex|[spread] p1a,p1b\n|-ability|p2b: Gastrodon|Storm Drain|boost\n|-boost|p2b: Gastrodon|spa|1\n|-resisted|p1b: Toxapex\n|-damage|p1a: Dusclops|30\/100\n|-damage|p1b: Toxapex|93\/100\n|move|p2b: Gastrodon|Muddy Water|p1a: Dusclops|[spread] p1a,p1b\n|-resisted|p1b: Toxapex\n|-damage|p1a: Dusclops|15\/100\n|-damage|p1b: Toxapex|83\/100\n|-unboost|p1b: Toxapex|accuracy|1\n|move|p1a: Dusclops|Pain Split|p2a: Goodra\n|-sethp|p2a: Goodra|45\/100|[from] move: Pain Split|[silent]\n|-sethp|p1a: Dusclops|48\/100|[from] move: Pain Split\n|\n|-damage|p2a: Goodra|20\/100|[from] Curse\n|upkeep\n|turn|3\n|\n|t:|1697842087\n|switch|p1b: Oinkologne|Oinkologne, M|100\/100\n|move|p2a: Goodra|Surf|p1b: Oinkologne|[spread] p1a,p1b\n|-ability|p2b: Gastrodon|Storm Drain|boost\n|-boost|p2b: Gastrodon|spa|1\n|-crit|p1b: Oinkologne\n|-damage|p1a: Dusclops|37\/100\n|-damage|p1b: Oinkologne|81\/100\n|move|p2b: Gastrodon|Earth Power|p1a: Dusclops\n|-damage|p1a: Dusclops|11\/100\n|move|p1a: Dusclops|Pain Split|p2b: Gastrodon\n|-sethp|p2b: Gastrodon|55\/100|[from] move: Pain Split|[silent]\n|-sethp|p1a: Dusclops|70\/100|[from] move: Pain Split\n|\n|-heal|p2b: Gastrodon|61\/100|[from] item: Leftovers\n|-damage|p2a: Goodra|0 fnt|[from] Curse\n|faint|p2a: Goodra\n|upkeep\n|\n|t:|1697842109\n|switch|p2a: Landorus|Landorus, M|100\/100\n|turn|4\n|\n|t:|1697842115\n|move|p2a: Landorus|Sandsear Storm|p1a: Dusclops|[spread] p1a\n|-miss|p2a: Landorus|p1b: Oinkologne\n|-damage|p1a: Dusclops|43\/100\n|move|p1b: Oinkologne|Trailblaze|p2b: Gastrodon\n|-supereffective|p2b: Gastrodon\n|-damage|p2b: Gastrodon|18\/100\n|-boost|p1b: Oinkologne|spe|1\n|move|p2b: Gastrodon|Muddy Water|p1a: Dusclops|[spread] p1a,p1b\n|-damage|p1a: Dusclops|22\/100\n|-damage|p1b: Oinkologne|58\/100\n|-unboost|p1a: Dusclops|accuracy|1\n|-unboost|p1b: Oinkologne|accuracy|1\n|move|p1a: Dusclops|Will-O-Wisp|p2a: Landorus|[miss]\n|-miss|p1a: Dusclops|p2a: Landorus\n|\n|-heal|p2b: Gastrodon|24\/100|[from] item: Leftovers\n|upkeep\n|turn|5\n|\n|t:|1697842137\n|switch|p1a: Grimmsnarl|Grimmsnarl, M|100\/100\n|move|p2a: Landorus|Sandsear Storm|p1b: Oinkologne|[spread] p1a,p1b\n|-damage|p1a: Grimmsnarl|61\/100\n|-damage|p1b: Oinkologne|31\/100\n|move|p1b: Oinkologne|Trailblaze|p2b: Gastrodon\n|-supereffective|p2b: Gastrodon\n|-damage|p2b: Gastrodon|0 fnt\n|-boost|p1b: Oinkologne|spe|1\n|faint|p2b: Gastrodon\n|\n|upkeep\n|\n|t:|1697842147\n|switch|p2b: Bisharp|Bisharp, M, shiny|100\/100\n|turn|6\n|\n|t:|1697842160\n|move|p2b: Bisharp|Sucker Punch|p1b: Oinkologne\n|-damage|p1b: Oinkologne|4\/100\n|move|p1a: Grimmsnarl|Reflect|p1a: Grimmsnarl\n|-sidestart|p1: pkmn battle lab|Reflect\n|move|p1b: Oinkologne|Super Fang|p2a: Landorus\n|-damage|p2a: Landorus|51\/100\n|move|p2a: Landorus|Sandsear Storm|p1a: Grimmsnarl|[spread] p1a,p1b\n|-damage|p1a: Grimmsnarl|23\/100\n|-damage|p1b: Oinkologne|0 fnt\n|faint|p1b: Oinkologne\n|\n|upkeep\n|\n|t:|1697842171\n|switch|p1b: Rotom|Rotom-Heat|21\/100\n|turn|7\n|\n|t:|1697842191\n|move|p2b: Bisharp|Sucker Punch||[still]\n|-fail|p2b: Bisharp\n|move|p1a: Grimmsnarl|Parting Shot|p2a: Landorus\n|-unboost|p2a: Landorus|atk|1\n|-unboost|p2a: Landorus|spa|1\n|\n|t:|1697842197\n|switch|p1a: Dusclops|Dusclops, M|22\/100|[from] Parting Shot\n|-ability|p1a: Dusclops|Pressure\n|move|p2a: Landorus|Sandsear Storm|p1a: Dusclops|[spread] p1a\n|-immune|p1b: Rotom|[from] ability: Levitate\n|-crit|p1a: Dusclops\n|-damage|p1a: Dusclops|0 fnt\n|faint|p1a: Dusclops\n|move|p1b: Rotom|Will-O-Wisp|p2b: Bisharp\n|-status|p2b: Bisharp|brn\n|\n|-damage|p2b: Bisharp|95\/100 brn|[from] brn\n|upkeep\n|\n|t:|1697842210\n|switch|p1a: Grimmsnarl|Grimmsnarl, M|23\/100\n|turn|8\n|\n|t:|1697842222\n|move|p1a: Grimmsnarl|Parting Shot|p2a: Landorus\n|-unboost|p2a: Landorus|atk|1\n|-unboost|p2a: Landorus|spa|1\n|\n|t:|1697842225\n|switch|p1a: Toxapex|Toxapex, M|83\/100|[from] Parting Shot\n|move|p2a: Landorus|Psychic|p1b: Rotom\n|-damage|p1b: Rotom|0 fnt\n|faint|p1b: Rotom\n|move|p2b: Bisharp|Iron Head|p1a: Toxapex\n|-resisted|p1a: Toxapex\n|-damage|p1a: Toxapex|79\/100\n|\n|-damage|p2b: Bisharp|89\/100 brn|[from] brn\n|upkeep\n|\n|t:|1697842245\n|switch|p1b: Klefki|Klefki, M|100\/100\n|turn|9\n|\n|t:|1697842259\n|switch|p2a: Hippowdon|Hippowdon, F|100\/100\n|-weather|Sandstorm|[from] ability: Sand Stream|[of] p2a: Hippowdon\n|move|p1b: Klefki|Iron Defense|p1b: Klefki\n|-boost|p1b: Klefki|def|2\n|move|p2b: Bisharp|Brick Break|p1b: Klefki\n|-sideend|p1: pkmn battle lab|Reflect\n|-damage|p1b: Klefki|94\/100\n|move|p1a: Toxapex|Stockpile|p1a: Toxapex\n|-start|p1a: Toxapex|stockpile1\n|-boost|p1a: Toxapex|def|1\n|-boost|p1a: Toxapex|spd|1\n|\n|-weather|Sandstorm|[upkeep]\n|-damage|p1a: Toxapex|73\/100|[from] Sandstorm\n|-heal|p1b: Klefki|99\/100|[from] item: Leftovers\n|-damage|p2b: Bisharp|83\/100 brn|[from] brn\n|upkeep\n|turn|10\n|\n|t:|1697842282\n|move|p1b: Klefki|Calm Mind|p1b: Klefki\n|-boost|p1b: Klefki|spa|1\n|-boost|p1b: Klefki|spd|1\n|move|p2b: Bisharp|Iron Head|p1b: Klefki\n|-damage|p1b: Klefki|90\/100\n|move|p2a: Hippowdon|Yawn|p1a: Toxapex\n|-start|p1a: Toxapex|move: Yawn|[of] p2a: Hippowdon\n|move|p1a: Toxapex|Acid Spray|p2a: Hippowdon\n|-resisted|p2a: Hippowdon\n|-damage|p2a: Hippowdon|95\/100\n|-unboost|p2a: Hippowdon|spd|2\n|\n|-weather|Sandstorm|[upkeep]\n|-damage|p1a: Toxapex|67\/100|[from] Sandstorm\n|-heal|p1b: Klefki|96\/100|[from] item: Leftovers\n|-damage|p2b: Bisharp|77\/100 brn|[from] brn\n|upkeep\n|turn|11\n|\n|t:|1697842302\n|switch|p2a: Landorus|Landorus, M|51\/100\n|switch|p1a: Grimmsnarl|Grimmsnarl, M|23\/100\n|-terastallize|p1b: Klefki|Psychic\n|move|p2b: Bisharp|Swords Dance|p2b: Bisharp\n|-boost|p2b: Bisharp|atk|2\n|move|p1b: Klefki|Stored Power|p2a: Landorus\n|-damage|p2a: Landorus|0 fnt\n|faint|p2a: Landorus\n|\n|-weather|Sandstorm|[upkeep]\n|-damage|p1b: Klefki|90\/100|[from] Sandstorm\n|-damage|p1a: Grimmsnarl|17\/100|[from] Sandstorm\n|-heal|p1b: Klefki|96\/100|[from] item: Leftovers\n|-damage|p2b: Bisharp|71\/100 brn|[from] brn\n|upkeep\n|\n|t:|1697842318\n|switch|p2a: Tyranitar|Tyranitar, M|100\/100\n|turn|12\n|\n|t:|1697842327\n|move|p1b: Klefki|Iron Defense|p1b: Klefki\n|-boost|p1b: Klefki|def|2\n|move|p1a: Grimmsnarl|Reflect|p1a: Grimmsnarl\n|-sidestart|p1: pkmn battle lab|Reflect\n|move|p2b: Bisharp|Brick Break|p1a: Grimmsnarl\n|-sideend|p1: pkmn battle lab|Reflect\n|-damage|p1a: Grimmsnarl|0 fnt\n|faint|p1a: Grimmsnarl\n|move|p2a: Tyranitar|Dragon Dance|p2a: Tyranitar\n|-boost|p2a: Tyranitar|atk|1\n|-boost|p2a: Tyranitar|spe|1\n|\n|-weather|Sandstorm|[upkeep]\n|-damage|p1b: Klefki|90\/100|[from] Sandstorm\n|-heal|p1b: Klefki|96\/100|[from] item: Leftovers\n|-damage|p2b: Bisharp|65\/100 brn|[from] brn\n|upkeep\n|\n|t:|1697842335\n|switch|p1a: Toxapex|Toxapex, M|67\/100\n|turn|13\n|\n|t:|1697842351\n|move|p2a: Tyranitar|Crunch|p1b: Klefki\n|-supereffective|p1b: Klefki\n|-damage|p1b: Klefki|43\/100\n|move|p2b: Bisharp|Iron Head|p1a: Toxapex\n|-resisted|p1a: Toxapex\n|-damage|p1a: Toxapex|53\/100\n|move|p1b: Klefki|Draining Kiss|p2b: Bisharp\n|-damage|p2b: Bisharp|41\/100 brn\n|-heal|p1b: Klefki|60\/100|[from] drain|[of] p2b: Bisharp\n|move|p1a: Toxapex|Stockpile|p1a: Toxapex\n|-start|p1a: Toxapex|stockpile1\n|-boost|p1a: Toxapex|def|1\n|-boost|p1a: Toxapex|spd|1\n|\n|-weather|Sandstorm|[upkeep]\n|-damage|p1b: Klefki|54\/100|[from] Sandstorm\n|-damage|p1a: Toxapex|47\/100|[from] Sandstorm\n|-heal|p1b: Klefki|60\/100|[from] item: Leftovers\n|-damage|p2b: Bisharp|35\/100 brn|[from] brn\n|upkeep\n|turn|14\n|\n|t:|1697842373\n|move|p1b: Klefki|Calm Mind|p1b: Klefki\n|-boost|p1b: Klefki|spa|1\n|-boost|p1b: Klefki|spd|1\n|move|p2a: Tyranitar|Crunch|p1b: Klefki\n|-supereffective|p1b: Klefki\n|-damage|p1b: Klefki|10\/100\n|-unboost|p1b: Klefki|def|1\n|move|p2b: Bisharp|Iron Head|p1b: Klefki\n|-damage|p1b: Klefki|0 fnt\n|faint|p1b: Klefki\n|move|p1a: Toxapex|Recover|p1a: Toxapex\n|-heal|p1a: Toxapex|97\/100\n|\n|-weather|Sandstorm|[upkeep]\n|-damage|p1a: Toxapex|91\/100|[from] Sandstorm\n|-damage|p2b: Bisharp|29\/100 brn|[from] brn\n|upkeep\n|turn|15\n|\n|t:|1697842392\n|move|p2a: Tyranitar|Dragon Dance|p2a: Tyranitar\n|-boost|p2a: Tyranitar|atk|1\n|-boost|p2a: Tyranitar|spe|1\n|move|p2b: Bisharp|Iron Head|p1a: Toxapex\n|-resisted|p1a: Toxapex\n|-damage|p1a: Toxapex|82\/100\n|cant|p1a: Toxapex|flinch\n|\n|-weather|Sandstorm|[upkeep]\n|-damage|p1a: Toxapex|76\/100|[from] Sandstorm\n|-damage|p2b: Bisharp|23\/100 brn|[from] brn\n|upkeep\n|turn|16\n|-message|pkmn battle lab forfeited.\n|\n|win|Xanathar14\n|raw|pkmn battle lab's rating: 1208 &rarr; <strong>1180<\/strong><br \/>(-28 for losing)\n|raw|Xanathar14's rating: 1166 &rarr; <strong>1194<\/strong><br \/>(+28 for winning)\n|l|\u2606pkmn battle lab\n","uploadtime":1697842406,"views":18,"p1id":"pkmnbattlelab","p2id":"xanathar14","formatid":"gen9doublesou","rating":1180,"private":0,"password":""}