{"id":"gen9doublesou-1971152637","p1":"Randomssp","p2":"Mega beedrill user","format":"[Gen 9] Doubles OU","log":"|j|\u2606Randomssp\n|j|\u2606Mega beedrill user\n|inactive|Battle timer is ON: inactive players will automatically lose when time's up.\n|t:|1697713600\n|gametype|doubles\n|player|p1|Randomssp|ghetsis-gen5bw|\n|player|p2|Mega beedrill user|penny|\n|teamsize|p1|6\n|teamsize|p2|6\n|gen|9\n|tier|[Gen 9] Doubles OU\n|rated|Tournament battle\n|rule|Species Clause: Limit one of each Pok\u00e9mon\n|rule|OHKO Clause: OHKO moves are banned\n|rule|Evasion Moves Clause: Evasion moves are banned\n|rule|Gravity Sleep Clause: The combination of sleep-inducing moves with imperfect accuracy and Gravity or Gigantamax Orbeetle are banned\n|rule|Endless Battle Clause: Forcing endless battles is banned\n|rule|HP Percentage Mod: HP is shown in percentages\n|clearpoke\n|poke|p1|Breloom, F|\n|poke|p1|Venomoth, M|\n|poke|p1|Volcarona, M|\n|poke|p1|Overqwil, F|\n|poke|p1|Scizor, F|\n|poke|p1|Pyroar, M|\n|poke|p2|Bisharp, M|\n|poke|p2|Luxio, M|\n|poke|p2|Ceruledge, M|\n|poke|p2|Sylveon, M|\n|poke|p2|Dragapult, F|\n|poke|p2|Hydreigon, F|\n|teampreview\n|j|*Lady Monita \u263d\n|c|\u2606Randomssp|glhf\n|\n|t:|1697713627\n|start\n|switch|p1a: Overqwil|Overqwil, F|100\/100\n|switch|p1b: Scizor|Scizor, F|100\/100\n|switch|p2a: Bisharp|Bisharp, M, shiny|100\/100\n|switch|p2b: Ceruledge|Ceruledge, M|100\/100\n|-ability|p1a: Overqwil|Intimidate|boost\n|-unboost|p2a: Bisharp|atk|1\n|-ability|p2a: Bisharp|Defiant|boost\n|-boost|p2a: Bisharp|atk|2\n|-fail|p2b: Ceruledge|unboost|[from] item: Clear Amulet|[of] p2b: Ceruledge\n|turn|1\n|\n|t:|1697713640\n|move|p2b: Ceruledge|Bitter Blade|p1b: Scizor\n|-supereffective|p1b: Scizor\n|-damage|p1b: Scizor|0 fnt\n|faint|p1b: Scizor\n|move|p1a: Overqwil|Crunch|p2b: Ceruledge\n|-supereffective|p2b: Ceruledge\n|-damage|p2b: Ceruledge|15\/100\n|move|p2a: Bisharp|Iron Head|p1a: Overqwil\n|-damage|p1a: Overqwil|55\/100\n|\n|-heal|p1a: Overqwil|61\/100|[from] item: Leftovers\n|upkeep\n|\n|t:|1697713652\n|switch|p1b: Pyroar|Pyroar, M|100\/100\n|-ability|p1b: Pyroar|Unnerve\n|turn|2\n|j| larssie262\n|\n|t:|1697713665\n|move|p1b: Pyroar|Heat Wave|p2a: Bisharp|[spread] p2a\n|-start|p2b: Ceruledge|ability: Flash Fire\n|-supereffective|p2a: Bisharp\n|-damage|p2a: Bisharp|32\/100\n|move|p2b: Ceruledge|Poltergeist|p1a: Overqwil\n|-activate|p1a: Overqwil|move: Poltergeist|Leftovers\n|-resisted|p1a: Overqwil\n|-damage|p1a: Overqwil|41\/100\n|move|p1a: Overqwil|Crunch|p2b: Ceruledge\n|-supereffective|p2b: Ceruledge\n|-damage|p2b: Ceruledge|0 fnt\n|faint|p2b: Ceruledge\n|move|p2a: Bisharp|Night Slash|p1b: Pyroar\n|-damage|p1b: Pyroar|17\/100\n|\n|-heal|p1a: Overqwil|47\/100|[from] item: Leftovers\n|upkeep\n|\n|t:|1697713670\n|switch|p2b: Sylveon|Sylveon, M, shiny|100\/100\n|turn|3\n|c|\u2606Mega beedrill user|Sorry glhf\n|c|\u2606Randomssp|wut\n|inactive|Mega beedrill user has 120 seconds left.\n|c|\u2606Mega beedrill user|I didn\u2019t say it back, bad sportsmanship\n|c|\u2606Randomssp|oh dont worry\n|inactive|Mega beedrill user has 90 seconds left.\n|\n|t:|1697713735\n|move|p2a: Bisharp|Sucker Punch|p1b: Pyroar\n|-damage|p1b: Pyroar|0 fnt\n|faint|p1b: Pyroar\n|move|p1a: Overqwil|Toxic|p2b: Sylveon\n|-status|p2b: Sylveon|tox\n|move|p2b: Sylveon|Hyper Voice|p1a: Overqwil\n|-damage|p1a: Overqwil|0 fnt\n|faint|p1a: Overqwil\n|-enditem|p2b: Sylveon|Throat Spray\n|-boost|p2b: Sylveon|spa|1|[from] item: Throat Spray\n|\n|-damage|p2b: Sylveon|94\/100 tox|[from] psn\n|upkeep\n|\n|t:|1697713745\n|switch|p1b: Volcarona|Volcarona, M|100\/100\n|switch|p1a: Venomoth|Venomoth, M|100\/100\n|turn|4\n|\n|t:|1697713754\n|-terastallize|p2b: Sylveon|Fire\n|move|p1a: Venomoth|Sludge Bomb|p2b: Sylveon\n|-damage|p2b: Sylveon|70\/100 tox\n|move|p1b: Volcarona|Heat Wave|p2a: Bisharp|[spread] p2a,p2b\n|-supereffective|p2a: Bisharp\n|-resisted|p2b: Sylveon\n|-damage|p2a: Bisharp|0 fnt\n|-damage|p2b: Sylveon|57\/100 tox\n|faint|p2a: Bisharp\n|move|p2b: Sylveon|Tera Blast|p1b: Volcarona|[anim] Tera Blast Fire\n|-damage|p1b: Volcarona|49\/100\n|\n|-heal|p1b: Volcarona|55\/100|[from] item: Leftovers\n|-damage|p2b: Sylveon|45\/100 tox|[from] psn\n|upkeep\n|\n|t:|1697713761\n|switch|p2a: Dragapult|Dragapult, F|100\/100\n|turn|5\n|\n|t:|1697713768\n|move|p1b: Volcarona|Protect|p1b: Volcarona\n|-singleturn|p1b: Volcarona|Protect\n|move|p2a: Dragapult|Phantom Force||[still]\n|-prepare|p2a: Dragapult|Phantom Force\n|move|p1a: Venomoth|Sleep Powder|p2a: Dragapult|[miss]\n|-miss|p1a: Venomoth|p2a: Dragapult\n|move|p2b: Sylveon|Tera Blast|p1a: Venomoth|[anim] Tera Blast Fire\n|-supereffective|p1a: Venomoth\n|-damage|p1a: Venomoth|0 fnt\n|faint|p1a: Venomoth\n|\n|-heal|p1b: Volcarona|61\/100|[from] item: Leftovers\n|-damage|p2b: Sylveon|26\/100 tox|[from] psn\n|upkeep\n|\n|t:|1697713776\n|switch|p1a: Breloom|Breloom, F|100\/100\n|turn|6\n|\n|t:|1697713784\n|-terastallize|p1b: Volcarona|Water\n|move|p2a: Dragapult|Phantom Force|p1b: Volcarona|[from]lockedmove\n|-damage|p1b: Volcarona|0 fnt\n|faint|p1b: Volcarona\n|move|p1a: Breloom|Substitute|p1a: Breloom\n|-start|p1a: Breloom|Substitute\n|-damage|p1a: Breloom|76\/100\n|move|p2b: Sylveon|Draining Kiss|p1a: Breloom\n|-supereffective|p1a: Breloom\n|-end|p1a: Breloom|Substitute\n|-heal|p2b: Sylveon|39\/100 tox|[from] drain|[of] p1a: Breloom\n|\n|-damage|p2b: Sylveon|14\/100 tox|[from] psn\n|-status|p1a: Breloom|tox|[from] item: Toxic Orb\n|upkeep\n|turn|7\n|c|\u2606Randomssp|gg\n|-message|Randomssp forfeited.\n|\n|win|Mega beedrill user\n|n|\u2606Randomssp|randomssp\n|n|\u2606Mega beedrill user|megabeedrilluser\n|n|*Lady Monita \u263d|ladymonita\n|n| larssie262|larssie262\n","uploadtime":1697713795,"views":13,"p1id":"randomssp","p2id":"megabeedrilluser","formatid":"gen9doublesou","rating":0,"private":0,"password":""}