{"id":"gen9doublesou-1980859280","p1":"WhoIsStatic","p2":"Xsaber34","format":"[Gen 9] Doubles OU","log":"|j|\u2606WhoIsStatic\n|j|\u2606Xsaber34\n|t:|1698843194\n|gametype|doubles\n|player|p1|WhoIsStatic|170|1112\n|player|p2|Xsaber34|ghetsis-gen5bw|1228\n|teamsize|p1|6\n|teamsize|p2|6\n|gen|9\n|tier|[Gen 9] Doubles OU\n|rated|\n|rule|Species Clause: Limit one of each Pok\u00e9mon\n|rule|OHKO Clause: OHKO moves are banned\n|rule|Evasion Moves Clause: Evasion moves are banned\n|rule|Gravity Sleep Clause: The combination of sleep-inducing moves with imperfect accuracy and Gravity or Gigantamax Orbeetle are banned\n|rule|Endless Battle Clause: Forcing endless battles is banned\n|rule|HP Percentage Mod: HP is shown in percentages\n|clearpoke\n|poke|p1|Snorlax, F|\n|poke|p1|Sinistcha|\n|poke|p1|Landorus-Therian, M|\n|poke|p1|Iron Hands|\n|poke|p1|Clefairy, F|\n|poke|p1|Kommo-o, M|\n|poke|p2|Snorlax, M|\n|poke|p2|Sinistcha|\n|poke|p2|Iron Hands|\n|poke|p2|Clefairy, M|\n|poke|p2|Landorus-Therian, M|\n|poke|p2|Kommo-o, M|\n|teampreview\n|c|\u2606Xsaber34|lmao\n|\n|t:|1698843215\n|start\n|switch|p1a: Mr. hands|Iron Hands|100\/100\n|switch|p1b: kim jong un|Snorlax, F|100\/100\n|switch|p2a: Kommo-o|Kommo-o, M|100\/100\n|switch|p2b: Iron Hands|Iron Hands|100\/100\n|turn|1\n|inactive|Battle timer is ON: inactive players will automatically lose when time's up. (requested by Xsaber34)\n|\n|t:|1698843246\n|switch|p1b: LANDLORD|Landorus-Therian, M|100\/100\n|-ability|p1b: LANDLORD|Intimidate|boost\n|-unboost|p2a: Kommo-o|atk|1\n|-unboost|p2b: Iron Hands|atk|1\n|move|p1a: Mr. hands|Fake Out|p2a: Kommo-o\n|-damage|p2a: Kommo-o|86\/100\n|move|p2b: Iron Hands|Fake Out|p1b: LANDLORD\n|-damage|p1b: LANDLORD|87\/100\n|cant|p2a: Kommo-o|flinch\n|\n|upkeep\n|turn|2\n|inactive|WhoIsStatic has 120 seconds left.\n|inactive|Xsaber34 has 120 seconds left.\n|\n|t:|1698843280\n|-end|p2b: Iron Hands|Quark Drive|[silent]\n|switch|p2b: Landorus|Landorus-Therian, M|100\/100\n|-ability|p2b: Landorus|Intimidate|boost\n|-unboost|p1a: Mr. hands|atk|1\n|-unboost|p1b: LANDLORD|atk|1\n|move|p2a: Kommo-o|Protect|p2a: Kommo-o\n|-singleturn|p2a: Kommo-o|Protect\n|move|p1b: LANDLORD|Stomping Tantrum|p2b: Landorus\n|-immune|p2b: Landorus\n|move|p1a: Mr. hands|Wild Charge|p2a: Kommo-o\n|-activate|p2a: Kommo-o|move: Protect\n|\n|upkeep\n|turn|3\n|\n|t:|1698843304\n|switch|p2a: Iron Hands|Iron Hands|100\/100\n|move|p1b: LANDLORD|Stomping Tantrum|p2a: Iron Hands\n|-supereffective|p2a: Iron Hands\n|-damage|p2a: Iron Hands|30\/100\n|move|p2b: Landorus|Stomping Tantrum|p1a: Mr. hands\n|-supereffective|p1a: Mr. hands\n|-damage|p1a: Mr. hands|43\/100\n|move|p1a: Mr. hands|Wild Charge|p2a: Iron Hands\n|-resisted|p2a: Iron Hands\n|-damage|p2a: Iron Hands|19\/100\n|-damage|p1a: Mr. hands|40\/100|[from] Recoil\n|\n|upkeep\n|turn|4\n|\n|t:|1698843321\n|move|p2a: Iron Hands|Fake Out|p1b: LANDLORD\n|-damage|p1b: LANDLORD|68\/100\n|cant|p1b: LANDLORD|flinch\n|move|p2b: Landorus|Stomping Tantrum|p1a: Mr. hands\n|-supereffective|p1a: Mr. hands\n|-damage|p1a: Mr. hands|0 fnt\n|faint|p1a: Mr. hands\n|-end|p1a: Mr. hands|Quark Drive|[silent]\n|\n|upkeep\n|\n|t:|1698843330\n|switch|p1a: kim jong un|Snorlax, F|100\/100\n|turn|5\n|inactive|Xsaber34 has 120 seconds left.\n|\n|t:|1698843364\n|switch|p2b: Snorlax|Snorlax, M|100\/100\n|-end|p2a: Iron Hands|Quark Drive|[silent]\n|switch|p2a: Sinistcha|Sinistcha|100\/100\n|move|p1b: LANDLORD|Stomping Tantrum|p2a: Sinistcha\n|-resisted|p2a: Sinistcha\n|-damage|p2a: Sinistcha|81\/100\n|move|p1a: kim jong un|Belly Drum|p1a: kim jong un\n|-damage|p1a: kim jong un|50\/100\n|-setboost|p1a: kim jong un|atk|6|[from] move: Belly Drum\n|-enditem|p1a: kim jong un|Sitrus Berry|[eat]\n|-heal|p1a: kim jong un|75\/100|[from] item: Sitrus Berry\n|\n|upkeep\n|turn|6\n|inactive|WhoIsStatic has 120 seconds left.\n|\n|t:|1698843395\n|switch|p1b: DA BABY|Clefairy, F|100\/100\n|move|p2a: Sinistcha|Rage Powder|p2a: Sinistcha\n|-singleturn|p2a: Sinistcha|move: Rage Powder\n|move|p1a: kim jong un|Facade|p2a: Sinistcha\n|-immune|p2a: Sinistcha\n|move|p2b: Snorlax|Belly Drum|p2b: Snorlax\n|-damage|p2b: Snorlax|50\/100\n|-setboost|p2b: Snorlax|atk|6|[from] move: Belly Drum\n|-enditem|p2b: Snorlax|Sitrus Berry|[eat]\n|-heal|p2b: Snorlax|75\/100|[from] item: Sitrus Berry\n|\n|upkeep\n|turn|7\n|inactive|WhoIsStatic has 120 seconds left.\n|\n|t:|1698843430\n|move|p1b: DA BABY|Heal Pulse|p1a: kim jong un\n|-heal|p1a: kim jong un|100\/100\n|move|p1a: kim jong un|Facade|p2b: Snorlax\n|-damage|p2b: Snorlax|0 fnt\n|faint|p2b: Snorlax\n|move|p2a: Sinistcha|Trick Room|p2a: Sinistcha\n|-fieldstart|move: Trick Room|[of] p2a: Sinistcha\n|\n|upkeep\n|c|\u2606Xsaber34|lmao\n|c|\u2606Xsaber34|i clikced the wrong move\n|inactive|Xsaber34 has 120 seconds left.\n|c|\u2606Xsaber34|gg\n|\n|t:|1698843448\n|switch|p2b: Iron Hands|Iron Hands|19\/100\n|turn|8\n|\n|t:|1698843464\n|switch|p1b: MALE MILKER|Kommo-o, M|100\/100\n|move|p2b: Iron Hands|Fake Out|p1a: kim jong un\n|-damage|p1a: kim jong un|88\/100\n|cant|p1a: kim jong un|flinch\n|move|p2a: Sinistcha|Strength Sap|p1a: kim jong un\n|-unboost|p1a: kim jong un|atk|1\n|-heal|p2a: Sinistcha|100\/100\n|\n|upkeep\n|turn|9\n|\n|t:|1698843493\n|-terastallize|p1b: MALE MILKER|Steel\n|move|p2a: Sinistcha|Rage Powder|p2a: Sinistcha\n|-singleturn|p2a: Sinistcha|move: Rage Powder\n|move|p1a: kim jong un|High Horsepower|p2a: Sinistcha\n|-resisted|p2a: Sinistcha\n|-damage|p2a: Sinistcha|67\/100\n|move|p2b: Iron Hands|Drain Punch|p1a: kim jong un\n|-supereffective|p1a: kim jong un\n|-damage|p1a: kim jong un|18\/100\n|-heal|p2b: Iron Hands|51\/100|[from] drain|[of] p1a: kim jong un\n|move|p1b: MALE MILKER|Flash Cannon|p2a: Sinistcha\n|-damage|p2a: Sinistcha|23\/100\n|\n|upkeep\n|turn|10\n|inactive|Xsaber34 has 120 seconds left.\n|\n|t:|1698843543\n|-terastallize|p2b: Iron Hands|Water\n|move|p1a: kim jong un|Facade|p2b: Iron Hands\n|-damage|p2b: Iron Hands|0 fnt\n|faint|p2b: Iron Hands\n|-end|p2b: Iron Hands|Quark Drive|[silent]\n|move|p2a: Sinistcha|Strength Sap|p1a: kim jong un\n|-unboost|p1a: kim jong un|atk|1\n|-heal|p2a: Sinistcha|100\/100\n|move|p1b: MALE MILKER|Clanging Scales|p2a: Sinistcha\n|-damage|p2a: Sinistcha|46\/100\n|-unboost|p1b: MALE MILKER|def|1\n|-enditem|p1b: MALE MILKER|Throat Spray\n|-boost|p1b: MALE MILKER|spa|1|[from] item: Throat Spray\n|\n|upkeep\n|\n|t:|1698843554\n|switch|p2b: Kommo-o|Kommo-o, M|86\/100\n|turn|11\n|inactive|Xsaber34 has 120 seconds left.\n|\n|t:|1698843580\n|switch|p2a: Clefairy|Clefairy, M|100\/100\n|switch|p1b: DA BABY|Clefairy, F|100\/100\n|move|p1a: kim jong un|Facade|p2b: Kommo-o\n|-damage|p2b: Kommo-o|17\/100\n|move|p2b: Kommo-o|Clangorous Soul||[still]\n|-fail|p2b: Kommo-o\n|\n|-fieldend|move: Trick Room\n|upkeep\n|turn|12\n|inactive|Xsaber34 has 120 seconds left.\n|inactive|WhoIsStatic has 120 seconds left.\n|\n|t:|1698843629\n|move|p1a: kim jong un|Protect|p1a: kim jong un\n|-singleturn|p1a: kim jong un|Protect\n|move|p2b: Kommo-o|Flash Cannon|p1b: DA BABY\n|-supereffective|p1b: DA BABY\n|-damage|p1b: DA BABY|64\/100\n|-unboost|p1b: DA BABY|spd|1\n|move|p2a: Clefairy|Heal Pulse|p2b: Kommo-o\n|-heal|p2b: Kommo-o|67\/100\n|move|p1b: DA BABY|Heal Pulse|p1a: kim jong un\n|-activate|p1a: kim jong un|move: Protect\n|\n|upkeep\n|turn|13\n|inactive|Xsaber34 has 120 seconds left.\n|inactive|WhoIsStatic has 120 seconds left.\n|\n|t:|1698843653\n|move|p2a: Clefairy|Helping Hand|p2b: Kommo-o\n|-singleturn|p2b: Kommo-o|Helping Hand|[of] p2a: Clefairy\n|move|p2b: Kommo-o|Flash Cannon|p1a: kim jong un\n|-damage|p1a: kim jong un|1\/100\n|move|p1b: DA BABY|Heal Pulse|p1a: kim jong un\n|-heal|p1a: kim jong un|51\/100\n|move|p1a: kim jong un|Facade|p2b: Kommo-o\n|-damage|p2b: Kommo-o|0 fnt\n|faint|p2b: Kommo-o\n|\n|upkeep\n|c|\u2606Xsaber34|lmao\n|c|\u2606Xsaber34|what luck\n|c|\u2606WhoIsStatic|wtf\n|c|\u2606Xsaber34|gg\n|-message|Xsaber34 forfeited.\n|\n|win|WhoIsStatic\n|raw|WhoIsStatic's rating: 1112 &rarr; <strong>1145<\/strong><br \/>(+33 for winning)\n|raw|Xsaber34's rating: 1228 &rarr; <strong>1195<\/strong><br \/>(-33 for losing)\n|l|\u2606Xsaber34\n","uploadtime":1698843679,"views":15,"p1id":"whoisstatic","p2id":"xsaber34","formatid":"gen9doublesou","rating":1145,"private":0,"password":""}