{"id":"gen9doublesou-1970145069","p1":"Promotheus","p2":"hysali30","format":"[Gen 9] Doubles OU","log":"|j|\u2606Promotheus\n|j|\u2606hysali30\n|t:|1697601079\n|gametype|doubles\n|player|p1|Promotheus|roughneck-gen4|1111\n|player|p2|hysali30|dancer|1182\n|teamsize|p1|6\n|teamsize|p2|6\n|gen|9\n|tier|[Gen 9] Doubles OU\n|rated|\n|rule|Species Clause: Limit one of each Pok\u00e9mon\n|rule|OHKO Clause: OHKO moves are banned\n|rule|Evasion Moves Clause: Evasion moves are banned\n|rule|Gravity Sleep Clause: The combination of sleep-inducing moves with imperfect accuracy and Gravity or Gigantamax Orbeetle are banned\n|rule|Endless Battle Clause: Forcing endless battles is banned\n|rule|HP Percentage Mod: HP is shown in percentages\n|clearpoke\n|poke|p1|Oricorio-Pom-Pom, M|\n|poke|p1|Kommo-o, F|\n|poke|p1|Ursaluna, M|\n|poke|p1|Armarouge, M|\n|poke|p1|Dachsbun, F|\n|poke|p1|Maushold-Four|\n|poke|p2|Tornadus, M|\n|poke|p2|Empoleon, M|\n|poke|p2|Scyther, F|\n|poke|p2|Meowscarada, M|\n|poke|p2|Ambipom, M|\n|poke|p2|Garchomp, M|\n|teampreview\n|inactive|Battle timer is ON: inactive players will automatically lose when time's up. (requested by hysali30)\n|\n|t:|1697601095\n|start\n|switch|p1a: Oricorio|Oricorio-Pom-Pom, M|100\/100\n|switch|p1b: Kommo-o|Kommo-o, F|100\/100\n|switch|p2a: Garchomp|Garchomp, M|100\/100\n|switch|p2b: Ambipom|Ambipom, M|100\/100\n|turn|1\n|\n|t:|1697601113\n|move|p1a: Oricorio|Protect|p1a: Oricorio\n|-singleturn|p1a: Oricorio|Protect\n|move|p2b: Ambipom|Fake Out|p1b: Kommo-o\n|-damage|p1b: Kommo-o|68\/100\n|-damage|p2b: Ambipom|91\/100|[from] item: Life Orb\n|move|p2a: Garchomp|Swords Dance|p2a: Garchomp\n|-boost|p2a: Garchomp|atk|2\n|-activate|p1a: Oricorio|ability: Dancer\n|move|p1a: Oricorio|Swords Dance|p1a: Oricorio|[from]ability: Dancer\n|-boost|p1a: Oricorio|atk|2\n|cant|p1b: Kommo-o|flinch\n|\n|upkeep\n|turn|2\n|inactive|hysali30 has 120 seconds left.\n|\n|t:|1697601152\n|move|p2b: Ambipom|Knock Off|p1b: Kommo-o\n|-resisted|p1b: Kommo-o\n|-damage|p1b: Kommo-o|50\/100\n|-enditem|p1b: Kommo-o|Throat Spray|[from] move: Knock Off|[of] p2b: Ambipom\n|-damage|p2b: Ambipom|81\/100|[from] item: Life Orb\n|move|p2a: Garchomp|Earthquake|p1b: Kommo-o|[spread] p2b,p1b\n|-immune|p1a: Oricorio\n|-damage|p2b: Ambipom|0 fnt\n|-damage|p1b: Kommo-o|0 fnt\n|faint|p2b: Ambipom\n|faint|p1b: Kommo-o\n|-damage|p2a: Garchomp|91\/100|[from] item: Life Orb\n|move|p1a: Oricorio|Baton Pass|p1a: Oricorio\n|inactive|Promotheus has 120 seconds left.\n|\n|t:|1697601164\n|switch|p1a: Ursaluna|Ursaluna, M|100\/100|[from] Baton Pass\n|\n|-status|p1a: Ursaluna|brn|[from] item: Flame Orb\n|upkeep\n|\n|t:|1697601175\n|switch|p2b: Meowscarada|Meowscarada, M|100\/100\n|switch|p1b: Maushold|Maushold-Four|100\/100\n|turn|3\n|inactive|Promotheus has 120 seconds left.\n|inactive|hysali30 has 120 seconds left.\n|\n|t:|1697601220\n|switch|p2b: Scyther|Scyther, F|100\/100\n|move|p1b: Maushold|Population Bomb|p2a: Garchomp|[miss]\n|-miss|p1b: Maushold|p2a: Garchomp\n|move|p2a: Garchomp|Earthquake|p1a: Ursaluna|[spread] p1a,p1b\n|-immune|p2b: Scyther\n|-damage|p1a: Ursaluna|30\/100 brn\n|-damage|p1b: Maushold|0 fnt\n|faint|p1b: Maushold\n|-damage|p2a: Garchomp|81\/100|[from] item: Life Orb\n|move|p1a: Ursaluna|Close Combat|p2b: Scyther\n|-resisted|p2b: Scyther\n|-damage|p2b: Scyther|52\/100\n|-unboost|p1a: Ursaluna|def|1\n|-unboost|p1a: Ursaluna|spd|1\n|\n|-damage|p1a: Ursaluna|24\/100 brn|[from] brn\n|upkeep\n|inactive|Promotheus has 90 seconds left.\n|\n|t:|1697601241\n|switch|p1b: Dachsbun|Dachsbun, F|100\/100\n|turn|4\n|\n|t:|1697601257\n|-terastallize|p2a: Garchomp|Poison\n|move|p1b: Dachsbun|Protect|p1b: Dachsbun\n|-singleturn|p1b: Dachsbun|Protect\n|move|p2b: Scyther|Close Combat|p1a: Ursaluna\n|-supereffective|p1a: Ursaluna\n|-damage|p1a: Ursaluna|0 fnt\n|-unboost|p2b: Scyther|def|1\n|-unboost|p2b: Scyther|spd|1\n|faint|p1a: Ursaluna\n|move|p2a: Garchomp|Poison Jab|p1b: Dachsbun\n|-activate|p1b: Dachsbun|move: Protect\n|\n|upkeep\n|\n|t:|1697601270\n|switch|p1a: Oricorio|Oricorio-Pom-Pom, M|100\/100\n|turn|5\n|\n|t:|1697601287\n|switch|p2b: Meowscarada|Meowscarada, M|100\/100\n|move|p2a: Garchomp|Poison Jab|p1b: Dachsbun\n|-supereffective|p1b: Dachsbun\n|-damage|p1b: Dachsbun|0 fnt\n|faint|p1b: Dachsbun\n|-damage|p2a: Garchomp|71\/100|[from] item: Life Orb\n|move|p1a: Oricorio|Revelation Dance|p2b: Meowscarada\n|-resisted|p2b: Meowscarada\n|-crit|p2b: Meowscarada\n|-damage|p2b: Meowscarada|62\/100\n|\n|upkeep\n|\n|t:|1697601299\n|switch|p1b: Armarouge|Armarouge, M|100\/100\n|turn|6\n|inactive|Promotheus has 120 seconds left.\n|\n|t:|1697601325\n|move|p2b: Meowscarada|Knock Off|p1b: Armarouge\n|-start|p2b: Meowscarada|typechange|Dark|[from] ability: Protean\n|-supereffective|p1b: Armarouge\n|-damage|p1b: Armarouge|26\/100\n|-damage|p2b: Meowscarada|52\/100|[from] item: Life Orb\n|move|p2a: Garchomp|Poison Jab|p1a: Oricorio\n|-damage|p1a: Oricorio|0 fnt\n|faint|p1a: Oricorio\n|-damage|p2a: Garchomp|61\/100|[from] item: Life Orb\n|move|p1b: Armarouge|Dark Pulse|p2a: Garchomp\n|-damage|p2a: Garchomp|27\/100\n|\n|upkeep\n|turn|7\n|inactive|Promotheus has 120 seconds left.\n|-message|Promotheus forfeited.\n|\n|win|hysali30\n|raw|Promotheus's rating: 1111 &rarr; <strong>1091<\/strong><br \/>(-20 for losing)\n|raw|hysali30's rating: 1182 &rarr; <strong>1202<\/strong><br \/>(+20 for winning)\n|l|\u2606Promotheus\n","uploadtime":1697601337,"views":13,"p1id":"promotheus","p2id":"hysali30","formatid":"gen9doublesou","rating":1091,"private":0,"password":""}