{"id":"gen9doublesou-1982385508","p1":"Trickroom4dumies","p2":"Calmmind7543","format":"[Gen 9] Doubles OU","log":"|j|\u2606Trickroom4dumies\n|j|\u2606Calmmind7543\n|t:|1699007895\n|gametype|doubles\n|player|p1|Trickroom4dumies|hexmaniac-gen3|1753\n|player|p2|Calmmind7543|pokemonrangerf-gen4|1536\n|teamsize|p1|6\n|teamsize|p2|6\n|gen|9\n|tier|[Gen 9] Doubles OU\n|rated|\n|rule|Species Clause: Limit one of each Pok\u00e9mon\n|rule|OHKO Clause: OHKO moves are banned\n|rule|Evasion Moves Clause: Evasion moves are banned\n|rule|Gravity Sleep Clause: The combination of sleep-inducing moves with imperfect accuracy and Gravity or Gigantamax Orbeetle are banned\n|rule|Endless Battle Clause: Forcing endless battles is banned\n|rule|HP Percentage Mod: HP is shown in percentages\n|clearpoke\n|poke|p1|Dusclops, M|\n|poke|p1|Dragapult, M|\n|poke|p1|Ursaluna-Bloodmoon, M|\n|poke|p1|Diancie|\n|poke|p1|Sinistcha-Masterpiece|\n|poke|p1|Ogerpon-Wellspring, F|\n|poke|p2|Iron Hands|\n|poke|p2|Iron Bundle|\n|poke|p2|Heatran, F|\n|poke|p2|Pelipper, M|\n|poke|p2|Okidogi, M|\n|poke|p2|Crawdaunt, F|\n|teampreview\n|inactive|Battle timer is ON: inactive players will automatically lose when time's up. (requested by Calmmind7543)\n|\n|t:|1699007918\n|start\n|switch|p1a: Dusclops|Dusclops, M|100\/100\n|switch|p1b: Dragapult|Dragapult, M|100\/100\n|switch|p2a: Destruction|Iron Hands|100\/100\n|switch|p2b: Fr|Iron Bundle|100\/100\n|-item|p2a: Destruction|Assault Vest|[from] ability: Frisk|[of] p1a: Dusclops|[identify]\n|-item|p2b: Fr|Focus Sash|[from] ability: Frisk|[of] p1a: Dusclops|[identify]\n|turn|1\n|\n|t:|1699007931\n|-end|p2a: Destruction|Quark Drive|[silent]\n|switch|p2a: Heatran|Heatran, F, shiny|100\/100\n|-item|p2a: Heatran|Air Balloon\n|move|p1a: Dusclops|Shadow Sneak|p1b: Dragapult\n|-supereffective|p1b: Dragapult\n|-damage|p1b: Dragapult|76\/100\n|-enditem|p1b: Dragapult|Weakness Policy\n|-boost|p1b: Dragapult|atk|2|[from] item: Weakness Policy\n|-boost|p1b: Dragapult|spa|2|[from] item: Weakness Policy\n|move|p1b: Dragapult|Dragon Darts|p2a: Heatran\n|-resisted|p2a: Heatran\n|-damage|p2a: Heatran|81\/100\n|-enditem|p2a: Heatran|Air Balloon\n|-anim|p1b: Dragapult|Dragon Darts|p2b: Fr\n|-damage|p2b: Fr|38\/100\n|move|p2b: Fr|Icy Wind|p1b: Dragapult|[spread] p1b\n|-miss|p2b: Fr|p1a: Dusclops\n|-supereffective|p1b: Dragapult\n|-damage|p1b: Dragapult|18\/100\n|\n|upkeep\n|turn|2\n|\n|t:|1699007960\n|move|p2b: Fr|Protect|p2b: Fr\n|-singleturn|p2b: Fr|Protect\n|move|p1b: Dragapult|Dragon Darts|p2a: Heatran\n|-resisted|p2a: Heatran\n|-damage|p2a: Heatran|62\/100\n|-anim|p1b: Dragapult|Dragon Darts|p2a: Heatran\n|-resisted|p2a: Heatran\n|-damage|p2a: Heatran|42\/100\n|move|p2a: Heatran|Heat Wave|p1a: Dusclops|[spread] p1a,p1b\n|-resisted|p1b: Dragapult\n|-damage|p1a: Dusclops|74\/100\n|-damage|p1b: Dragapult|0 fnt\n|faint|p1b: Dragapult\n|move|p1a: Dusclops|Trick Room|p1a: Dusclops\n|-fieldstart|move: Trick Room|[of] p1a: Dusclops\n|\n|upkeep\n|\n|t:|1699007970\n|switch|p1b: Ursaluna|Ursaluna-Bloodmoon, M|100\/100\n|turn|3\n|\n|t:|1699007978\n|-terastallize|p1b: Ursaluna|Normal\n|move|p1a: Dusclops|Brick Break|p1b: Ursaluna\n|-supereffective|p1b: Ursaluna\n|-damage|p1b: Ursaluna|83\/100\n|-enditem|p1b: Ursaluna|Weakness Policy\n|-boost|p1b: Ursaluna|atk|2|[from] item: Weakness Policy\n|-boost|p1b: Ursaluna|spa|2|[from] item: Weakness Policy\n|move|p1b: Ursaluna|Hyper Voice|p2b: Fr|[spread] p2a,p2b\n|-resisted|p2a: Heatran\n|-damage|p2a: Heatran|0 fnt\n|-damage|p2b: Fr|0 fnt\n|faint|p2a: Heatran\n|faint|p2b: Fr\n|-end|p2b: Fr|Quark Drive|[silent]\n|\n|upkeep\n|\n|t:|1699007993\n|switch|p2a: Okidogi|Okidogi, M|100\/100\n|switch|p2b: Destruction|Iron Hands|100\/100\n|turn|4\n|\n|t:|1699008003\n|switch|p1a: Sinistcha|Sinistcha-Masterpiece|100\/100\n|-heal|p1b: Ursaluna|100\/100|[from] ability: Hospitality|[of] p1a: Sinistcha\n|move|p1b: Ursaluna|Protect|p1b: Ursaluna\n|-singleturn|p1b: Ursaluna|Protect\n|move|p2b: Destruction|Fake Out|p1b: Ursaluna\n|-activate|p1b: Ursaluna|move: Protect\n|move|p2a: Okidogi|Drain Punch|p1b: Ursaluna\n|-activate|p1b: Ursaluna|move: Protect\n|\n|upkeep\n|turn|5\n|\n|t:|1699008017\n|move|p1a: Sinistcha|Rage Powder|p1a: Sinistcha\n|-singleturn|p1a: Sinistcha|move: Rage Powder\n|move|p2b: Destruction|Drain Punch|p1a: Sinistcha\n|-immune|p1a: Sinistcha\n|move|p1b: Ursaluna|Hyper Voice|p2b: Destruction|[spread] p2a,p2b\n|-damage|p2a: Okidogi|0 fnt\n|-damage|p2b: Destruction|44\/100\n|faint|p2a: Okidogi\n|\n|upkeep\n|\n|t:|1699008023\n|switch|p2a: Negrito|Pelipper, M|100\/100\n|-weather|RainDance|[from] ability: Drizzle|[of] p2a: Negrito\n|turn|6\n|\n|t:|1699008034\n|move|p2a: Negrito|Wide Guard|p2a: Negrito\n|-singleturn|p2a: Negrito|Wide Guard\n|move|p1a: Sinistcha|Rage Powder|p1a: Sinistcha\n|-singleturn|p1a: Sinistcha|move: Rage Powder\n|move|p2b: Destruction|Drain Punch|p1a: Sinistcha\n|-immune|p1a: Sinistcha\n|move|p1b: Ursaluna|Earth Power|p2b: Destruction\n|-supereffective|p2b: Destruction\n|-damage|p2b: Destruction|0 fnt\n|faint|p2b: Destruction\n|-end|p2b: Destruction|Quark Drive|[silent]\n|\n|-weather|RainDance|[upkeep]\n|-fieldend|move: Trick Room\n|upkeep\n|\n|t:|1699008042\n|switch|p2b: Crawdaunt|Crawdaunt, F|100\/100\n|turn|7\n|\n|t:|1699008049\n|move|p1b: Ursaluna|Vacuum Wave|p2b: Crawdaunt\n|-supereffective|p2b: Crawdaunt\n|-damage|p2b: Crawdaunt|0 fnt\n|faint|p2b: Crawdaunt\n|move|p1a: Sinistcha|Matcha Gotcha|p2a: Negrito\n|-damage|p2a: Negrito|37\/100\n|move|p2a: Negrito|Hurricane|p1a: Sinistcha\n|-supereffective|p1a: Sinistcha\n|-damage|p1a: Sinistcha|11\/100\n|\n|-weather|RainDance|[upkeep]\n|upkeep\n|turn|8\n|-message|Calmmind7543 forfeited.\n|\n|win|Trickroom4dumies\n|raw|Trickroom4dumies's rating: 1753 &rarr; <strong>1762<\/strong><br \/>(+9 for winning)\n|raw|Calmmind7543's rating: 1536 &rarr; <strong>1527<\/strong><br \/>(-9 for losing)\n|l|\u2606Calmmind7543\n","uploadtime":1699008064,"views":23,"p1id":"trickroom4dumies","p2id":"calmmind7543","formatid":"gen9doublesou","rating":1527,"private":0,"password":""}