{"id":"gen9doublesou-1972429077","p1":"mikeyuwu","p2":"SomethingSoup6","format":"[Gen 9] Doubles OU","log":"|j|\u2606mikeyuwu\n|j|\u2606SomethingSoup6\n|t:|1697841810\n|gametype|doubles\n|player|p1|mikeyuwu|psychic-gen4|1185\n|player|p2|SomethingSoup6|169|1220\n|teamsize|p1|6\n|teamsize|p2|6\n|gen|9\n|tier|[Gen 9] Doubles OU\n|rated|\n|rule|Species Clause: Limit one of each Pok\u00e9mon\n|rule|OHKO Clause: OHKO moves are banned\n|rule|Evasion Moves Clause: Evasion moves are banned\n|rule|Gravity Sleep Clause: The combination of sleep-inducing moves with imperfect accuracy and Gravity or Gigantamax Orbeetle are banned\n|rule|Endless Battle Clause: Forcing endless battles is banned\n|rule|HP Percentage Mod: HP is shown in percentages\n|clearpoke\n|poke|p1|Garchomp, M|\n|poke|p1|Tyranitar, F|\n|poke|p1|Vaporeon, F|\n|poke|p1|Toxicroak, M|\n|poke|p1|Pelipper, F|\n|poke|p1|Abomasnow, M|\n|poke|p2|Ninetales, F|\n|poke|p2|Flutter Mane|\n|poke|p2|Walking Wake|\n|poke|p2|Overqwil, M|\n|poke|p2|Grimmsnarl, M|\n|poke|p2|Ceruledge, F|\n|teampreview\n|\n|t:|1697841821\n|start\n|switch|p1a: OTLHPM|Toxicroak, M|100\/100\n|switch|p1b: Harmacy|Vaporeon, F|100\/100\n|switch|p2a: Kyubi|Ninetales, F|100\/100\n|switch|p2b: Alex|Flutter Mane, shiny|100\/100\n|-weather|SunnyDay|[from] ability: Drought|[of] p2a: Kyubi\n|-activate|p2b: Alex|ability: Protosynthesis\n|-start|p2b: Alex|protosynthesisspe\n|turn|1\n|\n|t:|1697841849\n|switch|p1b: ThcrThnSnkr|Tyranitar, F|100\/100\n|-weather|Sandstorm|[from] ability: Sand Stream|[of] p1b: ThcrThnSnkr\n|-end|p2b: Alex|Protosynthesis\n|move|p2b: Alex|Charge Beam|p1b: ThcrThnSnkr\n|-damage|p1b: ThcrThnSnkr|95\/100\n|-boost|p2b: Alex|spa|1\n|move|p2a: Kyubi|Solar Beam||[still]\n|-prepare|p2a: Kyubi|Solar Beam\n|move|p1a: OTLHPM|Poison Jab|p2b: Alex\n|-damage|p2b: Alex|20\/100\n|\n|-weather|Sandstorm|[upkeep]\n|-damage|p2b: Alex|14\/100|[from] Sandstorm\n|-damage|p2a: Kyubi|95\/100|[from] Sandstorm\n|-damage|p1a: OTLHPM|94\/100|[from] Sandstorm\n|-heal|p2b: Alex|20\/100|[from] item: Leftovers\n|-heal|p1a: OTLHPM|100\/100|[from] item: Black Sludge\n|upkeep\n|turn|2\n|\n|t:|1697841875\n|-end|p2b: Alex|Protosynthesis|[silent]\n|switch|p2b: Overqwil|Overqwil, M|100\/100\n|-ability|p2b: Overqwil|Intimidate|boost\n|-unboost|p1a: OTLHPM|atk|1\n|-unboost|p1b: ThcrThnSnkr|atk|1\n|move|p2a: Kyubi|Solar Beam|p1b: ThcrThnSnkr|[from]lockedmove\n|-supereffective|p1b: ThcrThnSnkr\n|-damage|p1b: ThcrThnSnkr|87\/100\n|move|p1a: OTLHPM|Poison Jab|p2b: Overqwil\n|-resisted|p2b: Overqwil\n|-damage|p2b: Overqwil|87\/100\n|move|p1b: ThcrThnSnkr|Rock Slide|p2b: Overqwil|[spread] p2a,p2b\n|-supereffective|p2a: Kyubi\n|-damage|p2a: Kyubi|44\/100\n|-damage|p2b: Overqwil|72\/100\n|\n|-weather|Sandstorm|[upkeep]\n|-damage|p2a: Kyubi|38\/100|[from] Sandstorm\n|-damage|p1a: OTLHPM|94\/100|[from] Sandstorm\n|-damage|p2b: Overqwil|66\/100|[from] Sandstorm\n|-heal|p1a: OTLHPM|100\/100|[from] item: Black Sludge\n|-heal|p2b: Overqwil|72\/100|[from] item: Leftovers\n|upkeep\n|turn|3\n|\n|t:|1697841933\n|switch|p2a: Father GloWyrm|Grimmsnarl, M, shiny|100\/100\n|switch|p1a: Extra Spicy|Garchomp, M|100\/100\n|switch|p1b: Harmacy|Vaporeon, F|100\/100\n|move|p2b: Overqwil|Barb Barrage|p1b: Harmacy\n|-damage|p1b: Harmacy|79\/100\n|\n|-weather|Sandstorm|[upkeep]\n|-damage|p2b: Overqwil|66\/100|[from] Sandstorm\n|-damage|p1b: Harmacy|73\/100|[from] Sandstorm\n|-damage|p2a: Father GloWyrm|94\/100|[from] Sandstorm\n|-heal|p2b: Overqwil|72\/100|[from] item: Leftovers\n|-heal|p1b: Harmacy|79\/100|[from] item: Leftovers\n|upkeep\n|turn|4\n|\n|t:|1697841972\n|switch|p2b: Alex|Flutter Mane, shiny|20\/100\n|move|p2a: Father GloWyrm|Reflect|p2a: Father GloWyrm\n|-sidestart|p2: SomethingSoup6|Reflect\n|move|p1a: Extra Spicy|Poison Jab|p2a: Father GloWyrm\n|-supereffective|p2a: Father GloWyrm\n|-damage|p2a: Father GloWyrm|56\/100\n|-status|p2a: Father GloWyrm|psn\n|move|p1b: Harmacy|Icy Wind|p2a: Father GloWyrm|[spread] p2a,p2b\n|-damage|p2a: Father GloWyrm|48\/100 psn\n|-damage|p2b: Alex|10\/100\n|-unboost|p2a: Father GloWyrm|spe|1\n|-unboost|p2b: Alex|spe|1\n|\n|-weather|Sandstorm|[upkeep]\n|-damage|p2b: Alex|4\/100|[from] Sandstorm\n|-damage|p1b: Harmacy|73\/100|[from] Sandstorm\n|-damage|p2a: Father GloWyrm|42\/100 psn|[from] Sandstorm\n|-heal|p2b: Alex|10\/100|[from] item: Leftovers\n|-heal|p1b: Harmacy|79\/100|[from] item: Leftovers\n|-damage|p2a: Father GloWyrm|29\/100 psn|[from] psn\n|upkeep\n|turn|5\n|\n|t:|1697842001\n|switch|p1a: ThcrThnSnkr|Tyranitar, F|87\/100\n|move|p2a: Father GloWyrm|Parting Shot|p1a: ThcrThnSnkr\n|-hint|Since gen 7, Dark is immune to Prankster moves.\n|-immune|p1a: ThcrThnSnkr\n|move|p2b: Alex|Dazzling Gleam|p1b: Harmacy|[spread] p1a,p1b\n|-supereffective|p1a: ThcrThnSnkr\n|-damage|p1a: ThcrThnSnkr|67\/100\n|-damage|p1b: Harmacy|54\/100\n|move|p1b: Harmacy|Icy Wind|p2a: Father GloWyrm|[spread] p2b\n|-miss|p1b: Harmacy|p2a: Father GloWyrm\n|-damage|p2b: Alex|0 fnt\n|faint|p2b: Alex\n|-end|p2b: Alex|Protosynthesis|[silent]\n|\n|-weather|none\n|-heal|p1b: Harmacy|60\/100|[from] item: Leftovers\n|-damage|p2a: Father GloWyrm|17\/100 psn|[from] psn\n|upkeep\n|\n|t:|1697842019\n|switch|p2b: Kyubi|Ninetales, F|38\/100\n|-weather|SunnyDay|[from] ability: Drought|[of] p2b: Kyubi\n|turn|6\n|\n|t:|1697842051\n|switch|p2b: Overqwil|Overqwil, M|72\/100\n|-ability|p2b: Overqwil|Intimidate|boost\n|-unboost|p1a: ThcrThnSnkr|atk|1\n|-unboost|p1b: Harmacy|atk|1\n|switch|p1b: Weather War|Pelipper, F|100\/100\n|-weather|RainDance|[from] ability: Drizzle|[of] p1b: Weather War\n|move|p2a: Father GloWyrm|Light Screen|p2a: Father GloWyrm\n|-sidestart|p2: SomethingSoup6|move: Light Screen\n|move|p1a: ThcrThnSnkr|Rock Slide|p2b: Overqwil|[spread] p2b\n|-miss|p1a: ThcrThnSnkr|p2a: Father GloWyrm\n|-damage|p2b: Overqwil|61\/100\n|\n|-weather|RainDance|[upkeep]\n|-heal|p2b: Overqwil|67\/100|[from] item: Leftovers\n|-damage|p2a: Father GloWyrm|4\/100 psn|[from] psn\n|upkeep\n|turn|7\n|\n|t:|1697842095\n|switch|p1a: Extra Spicy|Garchomp, M|100\/100\n|move|p2b: Overqwil|Aqua Jet|p1a: Extra Spicy\n|-damage|p1a: Extra Spicy|87\/100\n|-damage|p2b: Overqwil|55\/100|[from] ability: Rough Skin|[of] p1a: Extra Spicy\n|-damage|p2b: Overqwil|38\/100|[from] item: Rocky Helmet|[of] p1a: Extra Spicy\n|move|p2a: Father GloWyrm|Parting Shot|p1b: Weather War\n|-unboost|p1b: Weather War|atk|1\n|-unboost|p1b: Weather War|spa|1\n|\n|t:|1697842113\n|switch|p2a: Kyubi|Ninetales, F|38\/100|[from] Parting Shot\n|-weather|SunnyDay|[from] ability: Drought|[of] p2a: Kyubi\n|move|p1b: Weather War|Chilling Water|p2b: Overqwil\n|-damage|p2b: Overqwil|34\/100\n|-unboost|p2b: Overqwil|atk|1\n|\n|-weather|SunnyDay|[upkeep]\n|-heal|p2b: Overqwil|40\/100|[from] item: Leftovers\n|upkeep\n|turn|8\n|\n|t:|1697842160\n|switch|p1b: ThcrThnSnkr|Tyranitar, F|67\/100\n|-weather|Sandstorm|[from] ability: Sand Stream|[of] p1b: ThcrThnSnkr\n|move|p2a: Kyubi|Solar Beam||[still]\n|-prepare|p2a: Kyubi|Solar Beam\n|move|p1a: Extra Spicy|Brick Break|p2a: Kyubi\n|-sideend|p2: SomethingSoup6|Reflect\n|-sideend|p2: SomethingSoup6|move: Light Screen\n|-damage|p2a: Kyubi|4\/100\n|move|p2b: Overqwil|Barb Barrage|p1b: ThcrThnSnkr\n|-resisted|p1b: ThcrThnSnkr\n|-damage|p1b: ThcrThnSnkr|57\/100\n|-status|p1b: ThcrThnSnkr|psn\n|\n|-weather|Sandstorm|[upkeep]\n|-damage|p2a: Kyubi|0 fnt|[from] Sandstorm\n|-damage|p2b: Overqwil|34\/100|[from] Sandstorm\n|faint|p2a: Kyubi\n|-heal|p2b: Overqwil|40\/100|[from] item: Leftovers\n|-damage|p1b: ThcrThnSnkr|45\/100 psn|[from] psn\n|upkeep\n|\n|t:|1697842180\n|switch|p2a: Ben Dover|Ceruledge, F|100\/100\n|turn|9\n|-message|SomethingSoup6 forfeited.\n|\n|win|mikeyuwu\n|raw|mikeyuwu's rating: 1185 &rarr; <strong>1213<\/strong><br \/>(+28 for winning)\n|raw|SomethingSoup6's rating: 1220 &rarr; <strong>1192<\/strong><br \/>(-28 for losing)\n|l|\u2606SomethingSoup6\n","uploadtime":1697842208,"views":18,"p1id":"mikeyuwu","p2id":"somethingsoup6","formatid":"gen9doublesou","rating":1192,"private":0,"password":""}