{"id":"gen9doublesou-1970980065","p1":"Jackmim","p2":"ClassicGamer169","format":"[Gen 9] Doubles OU","log":"|j|\u2606Jackmim\n|j|\u2606ClassicGamer169\n|t:|1697687836\n|gametype|doubles\n|player|p1|Jackmim|kieran-festival|1013\n|player|p2|ClassicGamer169|cameraman|1018\n|teamsize|p1|6\n|teamsize|p2|6\n|gen|9\n|tier|[Gen 9] Doubles OU\n|rated|\n|rule|Species Clause: Limit one of each Pok\u00e9mon\n|rule|OHKO Clause: OHKO moves are banned\n|rule|Evasion Moves Clause: Evasion moves are banned\n|rule|Gravity Sleep Clause: The combination of sleep-inducing moves with imperfect accuracy and Gravity or Gigantamax Orbeetle are banned\n|rule|Endless Battle Clause: Forcing endless battles is banned\n|rule|HP Percentage Mod: HP is shown in percentages\n|clearpoke\n|poke|p1|Shiftry, M|\n|poke|p1|Yanmega, M|\n|poke|p1|Dipplin, M|\n|poke|p1|Probopass, M|\n|poke|p1|Poliwrath, M|\n|poke|p1|Gliscor, M|\n|poke|p2|Typhlosion-Hisui, M|\n|poke|p2|Goodra-Hisui, F|\n|poke|p2|Samurott-Hisui, M|\n|poke|p2|Arcanine-Hisui, M|\n|poke|p2|Zoroark-Hisui, F|\n|poke|p2|Decidueye-Hisui, M|\n|teampreview\n|inactive|Battle timer is ON: inactive players will automatically lose when time's up. (requested by ClassicGamer169)\n|\n|t:|1697687861\n|start\n|switch|p1a: Kitakami-ryu|Dipplin, M, shiny|100\/100\n|switch|p1b: Tikitikitembo|Probopass, M, shiny|100\/100\n|switch|p2a: Goodra|Goodra-Hisui, F|100\/100\n|switch|p2b: Typhlosion|Typhlosion-Hisui, M|100\/100\n|-item|p1a: Kitakami-ryu|Leftovers|[from] ability: Frisk|[of] p2b: Typhlosion|[identify]\n|-item|p1b: Tikitikitembo|Petaya Berry|[from] ability: Frisk|[of] p2b: Typhlosion|[identify]\n|-ability|p1a: Kitakami-ryu|Supersweet Syrup\n|-ability|p1a: Kitakami-ryu|Supersweet Syrup|boost\n|-unboost|p2a: Goodra|evasion|1\n|-unboost|p2b: Typhlosion|evasion|1\n|turn|1\n|inactive|ClassicGamer169 has 120 seconds left.\n|\n|t:|1697687914\n|move|p2a: Goodra|Bitter Malice|p1b: Tikitikitembo\n|-damage|p1b: Tikitikitembo|74\/100\n|-unboost|p1b: Tikitikitembo|atk|1\n|move|p2b: Typhlosion|Flame Charge|p1a: Kitakami-ryu\n|-damage|p1a: Kitakami-ryu|83\/100\n|-boost|p2b: Typhlosion|spe|1\n|-damage|p2b: Typhlosion|91\/100|[from] item: Life Orb\n|move|p1b: Tikitikitembo|Zap Cannon|p2b: Typhlosion|[miss]\n|-miss|p1b: Tikitikitembo|p2b: Typhlosion\n|move|p1a: Kitakami-ryu|Syrup Bomb|p2b: Typhlosion\n|-resisted|p2b: Typhlosion\n|-damage|p2b: Typhlosion|73\/100\n|-start|p2b: Typhlosion|Syrup Bomb\n|\n|-heal|p1a: Kitakami-ryu|90\/100|[from] item: Leftovers\n|-unboost|p2b: Typhlosion|spe|1\n|upkeep\n|turn|2\n|inactive|ClassicGamer169 has 120 seconds left.\n|\n|t:|1697687945\n|move|p2a: Goodra|Bitter Malice|p1a: Kitakami-ryu\n|-damage|p1a: Kitakami-ryu|43\/100\n|-unboost|p1a: Kitakami-ryu|atk|1\n|move|p2b: Typhlosion|Flamethrower|p1b: Tikitikitembo\n|-damage|p1b: Tikitikitembo|32\/100\n|-damage|p2b: Typhlosion|63\/100|[from] item: Life Orb\n|move|p1b: Tikitikitembo|Zap Cannon|p2b: Typhlosion\n|-damage|p2b: Typhlosion|22\/100\n|-status|p2b: Typhlosion|par\n|move|p1a: Kitakami-ryu|Syrup Bomb|p2a: Goodra\n|-damage|p2a: Goodra|31\/100\n|-start|p2a: Goodra|Syrup Bomb\n|replace|p2a: Zoroark|Zoroark-Hisui, F\n|-end|p2a: Zoroark|Illusion\n|\n|-heal|p1a: Kitakami-ryu|49\/100|[from] item: Leftovers\n|-unboost|p2a: Zoroark|spe|1\n|-unboost|p2b: Typhlosion|spe|1\n|upkeep\n|turn|3\n|\n|t:|1697687973\n|move|p2a: Zoroark|Bitter Malice|p1a: Kitakami-ryu\n|-damage|p1a: Kitakami-ryu|3\/100\n|-unboost|p1a: Kitakami-ryu|atk|1\n|move|p1b: Tikitikitembo|Flash Cannon|p2b: Typhlosion\n|-resisted|p2b: Typhlosion\n|-damage|p2b: Typhlosion|0 fnt\n|faint|p2b: Typhlosion\n|move|p1a: Kitakami-ryu|Syrup Bomb|p2a: Zoroark\n|-damage|p2a: Zoroark|0 fnt\n|faint|p2a: Zoroark\n|\n|-heal|p1a: Kitakami-ryu|9\/100|[from] item: Leftovers\n|upkeep\n|inactive|ClassicGamer169 has 90 seconds left.\n|\n|t:|1697687994\n|switch|p2a: Arcanine|Arcanine-Hisui, M|100\/100\n|switch|p2b: Samurott|Samurott-Hisui, M|100\/100\n|turn|4\n|inactive|ClassicGamer169 has 90 seconds left.\n|\n|t:|1697688010\n|switch|p1b: Tengu Ki|Shiftry, M, shiny|100\/100\n|switch|p1a: Masked Keko|Poliwrath, M, shiny|100\/100\n|move|p2a: Arcanine|Extreme Speed|p1a: Masked Keko\n|-damage|p1a: Masked Keko|75\/100\n|move|p2b: Samurott|Aqua Cutter|p1b: Tengu Ki\n|-resisted|p1b: Tengu Ki\n|-damage|p1b: Tengu Ki|59\/100\n|\n|upkeep\n|turn|5\n|inactive|ClassicGamer169 has 90 seconds left.\n|\n|t:|1697688039\n|move|p1b: Tengu Ki|Fake Out|p2b: Samurott\n|-damage|p2b: Samurott|84\/100\n|move|p2a: Arcanine|Wild Charge|p1a: Masked Keko\n|-supereffective|p1a: Masked Keko\n|-damage|p1a: Masked Keko|26\/100\n|-enditem|p1a: Masked Keko|Sitrus Berry|[eat]\n|-heal|p1a: Masked Keko|50\/100|[from] item: Sitrus Berry\n|cant|p2b: Samurott|flinch\n|move|p1a: Masked Keko|Liquidation|p2a: Arcanine\n|-supereffective|p2a: Arcanine\n|-damage|p2a: Arcanine|0 fnt\n|faint|p2a: Arcanine\n|\n|upkeep\n|inactive|ClassicGamer169 has 90 seconds left.\n|\n|t:|1697688055\n|switch|p2a: Decidueye|Decidueye-Hisui, M, shiny|100\/100\n|turn|6\n|\n|t:|1697688068\n|move|p1b: Tengu Ki|Tailwind|p1b: Tengu Ki\n|-sidestart|p1: Jackmim|move: Tailwind\n|-ability|p1b: Tengu Ki|Wind Rider|boost\n|-boost|p1b: Tengu Ki|atk|1\n|move|p1a: Masked Keko|Ice Punch|p2a: Decidueye\n|-supereffective|p2a: Decidueye\n|-damage|p2a: Decidueye|53\/100\n|move|p2b: Samurott|X-Scissor|p1b: Tengu Ki\n|-supereffective|p1b: Tengu Ki\n|-damage|p1b: Tengu Ki|0 fnt\n|faint|p1b: Tengu Ki\n|move|p2a: Decidueye|Swords Dance|p2a: Decidueye\n|-boost|p2a: Decidueye|atk|2\n|\n|upkeep\n|\n|t:|1697688083\n|switch|p1b: Kitakami-ryu|Dipplin, M, shiny|9\/100\n|turn|7\n|inactive|ClassicGamer169 has 120 seconds left.\n|\n|t:|1697688105\n|move|p2b: Samurott|Aqua Jet|p1b: Kitakami-ryu\n|-resisted|p1b: Kitakami-ryu\n|-damage|p1b: Kitakami-ryu|6\/100\n|move|p1a: Masked Keko|Ice Punch|p2a: Decidueye\n|-supereffective|p2a: Decidueye\n|-damage|p2a: Decidueye|5\/100\n|move|p1b: Kitakami-ryu|Syrup Bomb|p2a: Decidueye\n|-resisted|p2a: Decidueye\n|-damage|p2a: Decidueye|0 fnt\n|faint|p2a: Decidueye\n|\n|-heal|p1b: Kitakami-ryu|12\/100|[from] item: Leftovers\n|upkeep\n|-message|ClassicGamer169 forfeited.\n|\n|win|Jackmim\n|raw|Jackmim's rating: 1013 &rarr; <strong>1052<\/strong><br \/>(+39 for winning)\n|raw|ClassicGamer169's rating: 1018 &rarr; <strong>1005<\/strong><br \/>(-13 for losing)\n|l|\u2606ClassicGamer169\n","uploadtime":1697688121,"views":9,"p1id":"jackmim","p2id":"classicgamer169","formatid":"gen9doublesou","rating":1005,"private":0,"password":""}