{"id":"gen9doublesou-1997008476","p1":"IceMan768","p2":"tankaider","format":"[Gen 9] Doubles OU","log":"|j|\u2606IceMan768\n|j|\u2606tankaider\n|t:|1700755138\n|gametype|doubles\n|player|p1|IceMan768|volkner|1346\n|player|p2|tankaider|ghetsis-gen5bw|1305\n|teamsize|p1|6\n|teamsize|p2|6\n|gen|9\n|tier|[Gen 9] Doubles OU\n|rated|\n|rule|Species Clause: Limit one of each Pok\u00e9mon\n|rule|OHKO Clause: OHKO moves are banned\n|rule|Evasion Moves Clause: Evasion moves are banned\n|rule|Gravity Sleep Clause: The combination of sleep-inducing moves with imperfect accuracy and Gravity or Gigantamax Orbeetle are banned\n|rule|Endless Battle Clause: Forcing endless battles is banned\n|rule|HP Percentage Mod: HP is shown in percentages\n|clearpoke\n|poke|p1|Snorlax, F|\n|poke|p1|Sinistcha|\n|poke|p1|Landorus-Therian, M|\n|poke|p1|Iron Hands|\n|poke|p1|Clefairy, M|\n|poke|p1|Kommo-o, F|\n|poke|p2|Great Tusk|\n|poke|p2|Chi-Yu|\n|poke|p2|Murkrow, M|\n|poke|p2|Maushold|\n|poke|p2|Indeedee-F, F|\n|poke|p2|Talonflame, M|\n|teampreview\n|inactive|Battle timer is ON: inactive players will automatically lose when time's up. (requested by tankaider)\n|\n|t:|1700755164\n|start\n|switch|p1a: Landorus|Landorus-Therian, M, shiny|100\/100\n|switch|p1b: Snorlax|Snorlax, F, shiny|100\/100\n|switch|p2a: Murkrow|Murkrow, M, shiny|100\/100\n|switch|p2b: Great Tusk|Great Tusk|100\/100\n|-ability|p1a: Landorus|Intimidate|boost\n|-unboost|p2a: Murkrow|atk|1\n|-unboost|p2b: Great Tusk|atk|1\n|-enditem|p2b: Great Tusk|Booster Energy\n|-activate|p2b: Great Tusk|ability: Protosynthesis|[fromitem]\n|-start|p2b: Great Tusk|protosynthesisdef\n|turn|1\n|\n|t:|1700755192\n|move|p2a: Murkrow|Tailwind|p2a: Murkrow\n|-sidestart|p2: tankaider|move: Tailwind\n|move|p1a: Landorus|U-turn|p2a: Murkrow\n|-damage|p2a: Murkrow|61\/100\n|inactive|IceMan768 has 120 seconds left.\n|\n|t:|1700755206\n|switch|p1a: Clefairy|Clefairy, M|100\/100|[from] U-turn\n|move|p2b: Great Tusk|Ice Spinner|p1a: Clefairy\n|-damage|p1a: Clefairy|82\/100\n|move|p1b: Snorlax|Belly Drum|p1b: Snorlax\n|-damage|p1b: Snorlax|50\/100\n|-setboost|p1b: Snorlax|atk|6|[from] move: Belly Drum\n|-enditem|p1b: Snorlax|Sitrus Berry|[eat]\n|-heal|p1b: Snorlax|75\/100|[from] item: Sitrus Berry\n|\n|upkeep\n|turn|2\n|inactive|IceMan768 has 120 seconds left.\n|\n|t:|1700755241\n|switch|p1a: Sinistcha|Sinistcha|100\/100\n|-heal|p1b: Snorlax|99\/100|[from] ability: Hospitality|[of] p1a: Sinistcha\n|-terastallize|p1b: Snorlax|Water\n|move|p2a: Murkrow|Haze|p2a: Murkrow\n|-clearallboost\n|move|p2b: Great Tusk|Earthquake|p1b: Snorlax|[spread] p1a,p1b\n|-immune|p2a: Murkrow\n|-resisted|p1a: Sinistcha\n|-crit|p1b: Snorlax\n|-damage|p1a: Sinistcha|85\/100\n|-damage|p1b: Snorlax|57\/100\n|move|p1b: Snorlax|Facade|p2b: Great Tusk\n|-damage|p2b: Great Tusk|87\/100\n|\n|upkeep\n|turn|3\n|inactive|IceMan768 has 120 seconds left.\n|\n|t:|1700755270\n|move|p1b: Snorlax|Protect|p1b: Snorlax\n|-singleturn|p1b: Snorlax|Protect\n|move|p2a: Murkrow|Taunt|p1a: Sinistcha\n|-start|p1a: Sinistcha|move: Taunt\n|-enditem|p1a: Sinistcha|Mental Herb\n|-end|p1a: Sinistcha|move: Taunt\n|move|p2b: Great Tusk|Earthquake|p1b: Snorlax|[spread] p1a\n|-activate|p1b: Snorlax|move: Protect\n|-immune|p2a: Murkrow\n|-resisted|p1a: Sinistcha\n|-damage|p1a: Sinistcha|71\/100\n|move|p1a: Sinistcha|Trick Room|p1a: Sinistcha\n|-fieldstart|move: Trick Room|[of] p1a: Sinistcha\n|\n|upkeep\n|turn|4\n|inactive|IceMan768 has 120 seconds left.\n|\n|t:|1700755298\n|switch|p1a: Clefairy|Clefairy, M|82\/100\n|move|p1b: Snorlax|Belly Drum|p1b: Snorlax\n|-damage|p1b: Snorlax|7\/100\n|-setboost|p1b: Snorlax|atk|6|[from] move: Belly Drum\n|move|p2b: Great Tusk|Ice Spinner|p1a: Clefairy\n|-damage|p1a: Clefairy|51\/100\n|move|p2a: Murkrow|Brave Bird|p1a: Clefairy\n|-damage|p1a: Clefairy|14\/100\n|-damage|p2a: Murkrow|48\/100|[from] Recoil\n|\n|-sideend|p2: tankaider|move: Tailwind\n|upkeep\n|turn|5\n|\n|t:|1700755315\n|move|p2a: Murkrow|Haze|p2a: Murkrow\n|-clearallboost\n|move|p1b: Snorlax|Facade|p2a: Murkrow\n|-damage|p2a: Murkrow|6\/100\n|move|p1a: Clefairy|Heal Pulse|p1b: Snorlax\n|-heal|p1b: Snorlax|57\/100\n|move|p2b: Great Tusk|Earthquake|p1b: Snorlax|[spread] p1a,p1b\n|-immune|p2a: Murkrow\n|-damage|p1a: Clefairy|0 fnt\n|-damage|p1b: Snorlax|36\/100\n|faint|p1a: Clefairy\n|\n|upkeep\n|\n|t:|1700755325\n|switch|p1a: Sinistcha|Sinistcha|71\/100\n|-heal|p1b: Snorlax|61\/100|[from] ability: Hospitality|[of] p1a: Sinistcha\n|turn|6\n|\n|t:|1700755332\n|move|p2a: Murkrow|Tailwind|p2a: Murkrow\n|-sidestart|p2: tankaider|move: Tailwind\n|move|p1b: Snorlax|Facade|p2a: Murkrow\n|-damage|p2a: Murkrow|0 fnt\n|faint|p2a: Murkrow\n|move|p1a: Sinistcha|Matcha Gotcha|p2b: Great Tusk\n|-supereffective|p2b: Great Tusk\n|-damage|p2b: Great Tusk|0 fnt\n|-heal|p1a: Sinistcha|100\/100|[from] drain|[of] p2b: Great Tusk\n|faint|p2b: Great Tusk\n|-end|p2b: Great Tusk|Protosynthesis|[silent]\n|\n|upkeep\n|inactive|tankaider has 120 seconds left.\n|\n|t:|1700755365\n|switch|p2b: Maushold|Maushold|100\/100\n|switch|p2a: Trans-Rightz|Indeedee-F, F, shiny|100\/100\n|turn|7\n|inactive|tankaider has 120 seconds left.\n|inactive|IceMan768 has 120 seconds left.\n|\n|t:|1700755399\n|switch|p1b: Iron Hands|Iron Hands, shiny|100\/100\n|switch|p1a: Landorus|Landorus-Therian, M, shiny|100\/100\n|-ability|p1a: Landorus|Intimidate|boost\n|-fail|p2a: Trans-Rightz|unboost|Attack|[from] ability: Own Tempo|[of] p2a: Trans-Rightz\n|-unboost|p2b: Maushold|atk|1\n|move|p2a: Trans-Rightz|Psychic|p1b: Iron Hands\n|-supereffective|p1b: Iron Hands\n|-damage|p1b: Iron Hands|64\/100\n|move|p2b: Maushold|Population Bomb|p1b: Iron Hands\n|-damage|p1b: Iron Hands|59\/100\n|-damage|p1b: Iron Hands|53\/100\n|-damage|p1b: Iron Hands|47\/100\n|-damage|p1b: Iron Hands|40\/100\n|-damage|p1b: Iron Hands|35\/100\n|-damage|p1b: Iron Hands|29\/100\n|-damage|p1b: Iron Hands|23\/100\n|-damage|p1b: Iron Hands|17\/100\n|-damage|p1b: Iron Hands|11\/100\n|-damage|p1b: Iron Hands|5\/100\n|-hitcount|p1b: Iron Hands|10\n|\n|-fieldend|move: Trick Room\n|upkeep\n|turn|8\n|inactive|tankaider has 120 seconds left.\n|\n|t:|1700755429\n|switch|p2b: Chi-Yu|Chi-Yu|100\/100\n|-ability|p2b: Chi-Yu|Beads of Ruin\n|move|p1b: Iron Hands|Fake Out|p2b: Chi-Yu\n|-damage|p2b: Chi-Yu|78\/100\n|move|p1a: Landorus|U-turn|p2a: Trans-Rightz\n|-supereffective|p2a: Trans-Rightz\n|-damage|p2a: Trans-Rightz|29\/100\n|\n|t:|1700755443\n|switch|p1a: Snorlax|Snorlax, F, shiny, tera:Water|61\/100|[from] U-turn\n|move|p2a: Trans-Rightz|Dazzling Gleam|p1a: Snorlax|[spread] p1a,p1b\n|-supereffective|p1b: Iron Hands\n|-damage|p1a: Snorlax|48\/100\n|-damage|p1b: Iron Hands|0 fnt\n|faint|p1b: Iron Hands\n|-end|p1b: Iron Hands|Quark Drive|[silent]\n|\n|upkeep\n|\n|t:|1700755446\n|switch|p1b: Sinistcha|Sinistcha|100\/100\n|-heal|p1a: Snorlax|73\/100|[from] ability: Hospitality|[of] p1b: Sinistcha\n|turn|9\n|\n|t:|1700755456\n|switch|p1b: Landorus|Landorus-Therian, M, shiny|100\/100\n|-ability|p1b: Landorus|Intimidate|boost\n|-fail|p2a: Trans-Rightz|unboost|Attack|[from] ability: Own Tempo|[of] p2a: Trans-Rightz\n|-unboost|p2b: Chi-Yu|atk|1\n|move|p2b: Chi-Yu|Heat Wave|p1b: Landorus|[spread] p1a,p1b\n|-resisted|p1a: Snorlax\n|-damage|p1a: Snorlax|64\/100\n|-damage|p1b: Landorus|27\/100\n|move|p2a: Trans-Rightz|Psychic|p1a: Snorlax\n|-damage|p1a: Snorlax|32\/100\n|move|p1a: Snorlax|High Horsepower|p2b: Chi-Yu\n|-supereffective|p2b: Chi-Yu\n|-damage|p2b: Chi-Yu|0 fnt\n|faint|p2b: Chi-Yu\n|\n|-sideend|p2: tankaider|move: Tailwind\n|upkeep\n|\n|t:|1700755469\n|switch|p2b: Maushold|Maushold|100\/100\n|turn|10\n|\n|t:|1700755485\n|move|p1a: Snorlax|Protect|p1a: Snorlax\n|-singleturn|p1a: Snorlax|Protect\n|move|p1b: Landorus|U-turn|p2a: Trans-Rightz\n|-supereffective|p2a: Trans-Rightz\n|-damage|p2a: Trans-Rightz|0 fnt\n|faint|p2a: Trans-Rightz\n|\n|t:|1700755491\n|switch|p1b: Sinistcha|Sinistcha|100\/100|[from] U-turn\n|-heal|p1a: Snorlax|57\/100|[from] ability: Hospitality|[of] p1b: Sinistcha\n|move|p2b: Maushold|Population Bomb|p1a: Snorlax\n|-activate|p1a: Snorlax|move: Protect\n|\n|upkeep\n|\n|t:|1700755495\n|switch|p2a: Talonflame|Talonflame, M|100\/100\n|turn|11\n|\n|t:|1700755503\n|switch|p1a: Landorus|Landorus-Therian, M, shiny|27\/100\n|-ability|p1a: Landorus|Intimidate|boost\n|-unboost|p2a: Talonflame|atk|1\n|-unboost|p2b: Maushold|atk|1\n|move|p2a: Talonflame|Tailwind|p2a: Talonflame\n|-sidestart|p2: tankaider|move: Tailwind\n|move|p2b: Maushold|Population Bomb|p1a: Landorus\n|-damage|p1a: Landorus|18\/100\n|-damage|p1a: Landorus|8\/100\n|-damage|p1a: Landorus|0 fnt\n|faint|p1a: Landorus\n|-hitcount|p1: Landorus|3\n|move|p1b: Sinistcha|Trick Room|p1b: Sinistcha\n|-fieldstart|move: Trick Room|[of] p1b: Sinistcha\n|\n|upkeep\n|\n|t:|1700755516\n|switch|p1a: Snorlax|Snorlax, F, shiny, tera:Water|57\/100\n|turn|12\n|\n|t:|1700755522\n|move|p1b: Sinistcha|Rage Powder|p1b: Sinistcha\n|-singleturn|p1b: Sinistcha|move: Rage Powder\n|move|p2a: Talonflame|Brave Bird|p1b: Sinistcha\n|-supereffective|p1b: Sinistcha\n|-damage|p1b: Sinistcha|46\/100\n|-damage|p2a: Talonflame|83\/100|[from] Recoil\n|move|p1a: Snorlax|Belly Drum|p1a: Snorlax\n|-damage|p1a: Snorlax|7\/100\n|-setboost|p1a: Snorlax|atk|6|[from] move: Belly Drum\n|move|p2b: Maushold|Population Bomb|p1b: Sinistcha\n|-immune|p1b: Sinistcha\n|\n|upkeep\n|turn|13\n|\n|t:|1700755540\n|move|p1a: Snorlax|High Horsepower|p2b: Maushold\n|-damage|p2b: Maushold|0 fnt\n|faint|p2b: Maushold\n|move|p1b: Sinistcha|Strength Sap|p2a: Talonflame\n|-unboost|p2a: Talonflame|atk|1\n|-heal|p1b: Sinistcha|100\/100\n|move|p2a: Talonflame|Brave Bird|p1b: Sinistcha\n|-supereffective|p1b: Sinistcha\n|-damage|p1b: Sinistcha|58\/100\n|-damage|p2a: Talonflame|70\/100|[from] Recoil\n|\n|upkeep\n|turn|14\n|-message|tankaider forfeited.\n|\n|win|IceMan768\n|raw|IceMan768's rating: 1346 &rarr; <strong>1364<\/strong><br \/>(+18 for winning)\n|raw|tankaider's rating: 1305 &rarr; <strong>1287<\/strong><br \/>(-18 for losing)\n|l|\u2606tankaider\n","uploadtime":1700755567,"views":2,"p1id":"iceman768","p2id":"tankaider","formatid":"gen9doublesou","rating":1287,"private":0,"password":""}