{"id":"gen9doublesou-1978559744","p1":"Fire410","p2":"AMAZON LU","format":"[Gen 9] Doubles OU","log":"|j|\u2606Fire410\n|j|\u2606AMAZON LU\n|t:|1698555979\n|gametype|doubles\n|player|p1|Fire410|koga|1198\n|player|p2|AMAZON LU|ghetsis|1098\n|teamsize|p1|6\n|teamsize|p2|6\n|gen|9\n|tier|[Gen 9] Doubles OU\n|rated|\n|rule|Species Clause: Limit one of each Pok\u00e9mon\n|rule|OHKO Clause: OHKO moves are banned\n|rule|Evasion Moves Clause: Evasion moves are banned\n|rule|Gravity Sleep Clause: The combination of sleep-inducing moves with imperfect accuracy and Gravity or Gigantamax Orbeetle are banned\n|rule|Endless Battle Clause: Forcing endless battles is banned\n|rule|HP Percentage Mod: HP is shown in percentages\n|clearpoke\n|poke|p1|Iron Hands|\n|poke|p1|Landorus-Therian, M|\n|poke|p1|Ogerpon-Wellspring, F|\n|poke|p1|Tornadus, M|\n|poke|p1|Sinistcha-Masterpiece|\n|poke|p1|Iron Bundle|\n|poke|p2|Amoonguss, M|\n|poke|p2|Cresselia, F|\n|poke|p2|Sinistcha|\n|poke|p2|Heatran, M|\n|poke|p2|Palafin, F|\n|poke|p2|Landorus-Therian, M|\n|teampreview\n|c|\u2606Fire410|interesting\n|\n|t:|1698555990\n|start\n|switch|p1a: Tornadus|Tornadus, M|100\/100\n|switch|p1b: Ogerpon|Ogerpon-Wellspring, F|100\/100\n|switch|p2a: Palafin|Palafin, F|100\/100\n|switch|p2b: Landorus|Landorus-Therian, M|100\/100\n|-ability|p2b: Landorus|Intimidate|boost\n|-unboost|p1a: Tornadus|atk|1\n|-unboost|p1b: Ogerpon|atk|1\n|turn|1\n|\n|t:|1698556008\n|detailschange|p2a: Palafin|Palafin-Hero, F\n|switch|p2a: Amoonguss|Amoonguss, M|100\/100\n|-terastallize|p1b: Ogerpon|Water\n|detailschange|p1b: Ogerpon|Ogerpon-Wellspring-Tera, F, tera:Water\n|-ability|p1b: Ogerpon|Embody Aspect (Wellspring)|boost\n|-boost|p1b: Ogerpon|spd|1\n|move|p1a: Tornadus|Rain Dance|p1a: Tornadus\n|-weather|RainDance\n|move|p1b: Ogerpon|Swords Dance|p1b: Ogerpon\n|-boost|p1b: Ogerpon|atk|2\n|move|p2b: Landorus|Stealth Rock|p1a: Tornadus\n|-sidestart|p1: Fire410|move: Stealth Rock\n|\n|-weather|RainDance|[upkeep]\n|upkeep\n|turn|2\n|\n|t:|1698556032\n|move|p1b: Ogerpon|Spiky Shield|p1b: Ogerpon\n|-singleturn|p1b: Ogerpon|move: Protect\n|move|p2b: Landorus|Protect|p2b: Landorus\n|-singleturn|p2b: Landorus|Protect\n|move|p1a: Tornadus|Hurricane|p2a: Amoonguss\n|-supereffective|p2a: Amoonguss\n|-damage|p2a: Amoonguss|13\/100\n|-start|p2a: Amoonguss|confusion\n|-activate|p2a: Amoonguss|confusion\n|move|p2a: Amoonguss|Spore|p1b: Ogerpon\n|-activate|p1b: Ogerpon|move: Protect\n|\n|-weather|RainDance|[upkeep]\n|upkeep\n|turn|3\n|inactive|Battle timer is ON: inactive players will automatically lose when time's up. (requested by AMAZON LU)\n|\n|t:|1698556051\n|switch|p2b: Sinistcha|Sinistcha|100\/100\n|-heal|p2a: Amoonguss|38\/100|[from] ability: Hospitality|[of] p2b: Sinistcha\n|-activate|p2a: Amoonguss|confusion\n|move|p2a: Amoonguss|Protect|p2a: Amoonguss\n|-singleturn|p2a: Amoonguss|Protect\n|move|p1a: Tornadus|Tailwind|p1a: Tornadus\n|-sidestart|p1: Fire410|move: Tailwind\n|move|p1b: Ogerpon|Ivy Cudgel|p2a: Amoonguss\n|-activate|p2a: Amoonguss|move: Protect\n|\n|-weather|RainDance|[upkeep]\n|upkeep\n|turn|4\n|\n|t:|1698556077\n|switch|p2a: Landorus|Landorus-Therian, M|100\/100\n|-ability|p2a: Landorus|Intimidate|boost\n|-unboost|p1a: Tornadus|atk|1\n|-unboost|p1b: Ogerpon|atk|1\n|move|p1b: Ogerpon|Spiky Shield|p1b: Ogerpon\n|-singleturn|p1b: Ogerpon|move: Protect\n|move|p2b: Sinistcha|Protect|p2b: Sinistcha\n|-singleturn|p2b: Sinistcha|Protect\n|move|p1a: Tornadus|Bleakwind Storm|p2a: Landorus|[spread] p2a\n|-activate|p2b: Sinistcha|move: Protect\n|-damage|p2a: Landorus|58\/100\n|\n|-weather|RainDance|[upkeep]\n|upkeep\n|turn|5\n|inactive|AMAZON LU has 120 seconds left.\n|\n|t:|1698556108\n|switch|p2a: Amoonguss|Amoonguss, M|71\/100\n|move|p1a: Tornadus|Hurricane|p2b: Sinistcha\n|-supereffective|p2b: Sinistcha\n|-damage|p2b: Sinistcha|0 fnt\n|faint|p2b: Sinistcha\n|move|p1b: Ogerpon|Swords Dance|p1b: Ogerpon\n|-boost|p1b: Ogerpon|atk|2\n|\n|-weather|none\n|upkeep\n|inactive|AMAZON LU has 120 seconds left.\n|\n|t:|1698556124\n|switch|p2b: Heatran|Heatran, M|100\/100\n|turn|6\n|\n|t:|1698556133\n|move|p1b: Ogerpon|Spiky Shield|p1b: Ogerpon\n|-singleturn|p1b: Ogerpon|move: Protect\n|move|p2b: Heatran|Protect|p2b: Heatran\n|-singleturn|p2b: Heatran|Protect\n|move|p1a: Tornadus|Rain Dance|p1a: Tornadus\n|-weather|RainDance\n|move|p2a: Amoonguss|Spore|p1b: Ogerpon\n|-activate|p1b: Ogerpon|move: Protect\n|\n|-weather|RainDance|[upkeep]\n|-sideend|p1: Fire410|move: Tailwind\n|upkeep\n|turn|7\n|\n|t:|1698556145\n|switch|p2b: Cresselia|Cresselia, F|100\/100\n|move|p2a: Amoonguss|Protect|p2a: Amoonguss\n|-singleturn|p2a: Amoonguss|Protect\n|move|p1a: Tornadus|Tailwind|p1a: Tornadus\n|-sidestart|p1: Fire410|move: Tailwind\n|move|p1b: Ogerpon|Ivy Cudgel|p2b: Cresselia\n|-damage|p2b: Cresselia|0 fnt\n|faint|p2b: Cresselia\n|\n|-weather|RainDance|[upkeep]\n|upkeep\n|\n|t:|1698556158\n|switch|p2b: Landorus|Landorus-Therian, M|58\/100\n|-ability|p2b: Landorus|Intimidate|boost\n|-unboost|p1a: Tornadus|atk|1\n|-unboost|p1b: Ogerpon|atk|1\n|turn|8\n|\n|t:|1698556167\n|move|p1b: Ogerpon|Spiky Shield|p1b: Ogerpon\n|-singleturn|p1b: Ogerpon|move: Protect\n|move|p2b: Landorus|Protect|p2b: Landorus\n|-singleturn|p2b: Landorus|Protect\n|move|p2a: Amoonguss|Protect||[still]\n|-fail|p2a: Amoonguss\n|move|p1a: Tornadus|Hurricane|p2a: Amoonguss\n|-supereffective|p2a: Amoonguss\n|-damage|p2a: Amoonguss|0 fnt\n|faint|p2a: Amoonguss\n|\n|-weather|RainDance|[upkeep]\n|upkeep\n|-message|AMAZON LU forfeited.\n|\n|win|Fire410\n|raw|Fire410's rating: 1198 &rarr; <strong>1216<\/strong><br \/>(+18 for winning)\n|raw|AMAZON LU's rating: 1098 &rarr; <strong>1080<\/strong><br \/>(-18 for losing)\n|l|\u2606AMAZON LU\n","uploadtime":1698556182,"views":27,"p1id":"fire410","p2id":"amazonlu","formatid":"gen9doublesou","rating":1080,"private":0,"password":""}