{"id":"gen9doublesou-1996980869","p1":"IceMan768","p2":"IfUforfeitUsuck","format":"[Gen 9] Doubles OU","log":"|j|\u2606IceMan768\n|j|\u2606IfUforfeitUsuck\n|t:|1700752183\n|gametype|doubles\n|player|p1|IceMan768|volkner|1221\n|player|p2|IfUforfeitUsuck|1|1233\n|teamsize|p1|6\n|teamsize|p2|6\n|gen|9\n|tier|[Gen 9] Doubles OU\n|rated|\n|rule|Species Clause: Limit one of each Pok\u00e9mon\n|rule|OHKO Clause: OHKO moves are banned\n|rule|Evasion Moves Clause: Evasion moves are banned\n|rule|Gravity Sleep Clause: The combination of sleep-inducing moves with imperfect accuracy and Gravity or Gigantamax Orbeetle are banned\n|rule|Endless Battle Clause: Forcing endless battles is banned\n|rule|HP Percentage Mod: HP is shown in percentages\n|clearpoke\n|poke|p1|Snorlax, M|\n|poke|p1|Sinistcha|\n|poke|p1|Landorus-Therian, M|\n|poke|p1|Iron Hands|\n|poke|p1|Clefairy, F|\n|poke|p1|Kommo-o, F|\n|poke|p2|Orthworm, F|\n|poke|p2|Ursaluna, F|\n|poke|p2|Landorus-Therian, M|\n|poke|p2|Dondozo, F|\n|poke|p2|Rotom-Heat|\n|poke|p2|Rillaboom, F|\n|teampreview\n|\n|t:|1700752196\n|start\n|switch|p1a: Snorlax|Snorlax, M, shiny|100\/100\n|switch|p1b: Iron Hands|Iron Hands, shiny|100\/100\n|switch|p2a: I Love Dirt|Orthworm, F, shiny|100\/100\n|switch|p2b: Ursaluna|Ursaluna, F|100\/100\n|turn|1\n|\n|t:|1700752218\n|move|p1b: Iron Hands|Fake Out|p2b: Ursaluna\n|-damage|p2b: Ursaluna|91\/100\n|move|p2a: I Love Dirt|Coil|p2a: I Love Dirt\n|-boost|p2a: I Love Dirt|atk|1\n|-boost|p2a: I Love Dirt|def|1\n|-boost|p2a: I Love Dirt|accuracy|1\n|cant|p2b: Ursaluna|flinch\n|move|p1a: Snorlax|Belly Drum|p1a: Snorlax\n|-damage|p1a: Snorlax|50\/100\n|-setboost|p1a: Snorlax|atk|6|[from] move: Belly Drum\n|-enditem|p1a: Snorlax|Sitrus Berry|[eat]\n|-heal|p1a: Snorlax|75\/100|[from] item: Sitrus Berry\n|\n|upkeep\n|turn|2\n|\n|t:|1700752250\n|-end|p1b: Iron Hands|Quark Drive|[silent]\n|switch|p1b: Sinistcha|Sinistcha|100\/100\n|-heal|p1a: Snorlax|99\/100|[from] ability: Hospitality|[of] p1b: Sinistcha\n|-terastallize|p2b: Ursaluna|Ghost\n|move|p2a: I Love Dirt|Iron Head|p1a: Snorlax\n|-damage|p1a: Snorlax|67\/100\n|move|p2b: Ursaluna|Earthquake|p1a: Snorlax|[spread] p1a,p1b\n|-immune|p2a: I Love Dirt|[from] ability: Earth Eater\n|-resisted|p1b: Sinistcha\n|-damage|p1a: Snorlax|40\/100\n|-damage|p1b: Sinistcha|87\/100\n|move|p1a: Snorlax|High Horsepower|p2a: I Love Dirt\n|-immune|p2a: I Love Dirt|[from] ability: Earth Eater\n|\n|upkeep\n|turn|3\n|\n|t:|1700752280\n|move|p1b: Sinistcha|Rage Powder|p1b: Sinistcha\n|-singleturn|p1b: Sinistcha|move: Rage Powder\n|move|p2a: I Love Dirt|Coil|p2a: I Love Dirt\n|-boost|p2a: I Love Dirt|atk|1\n|-boost|p2a: I Love Dirt|def|1\n|-boost|p2a: I Love Dirt|accuracy|1\n|move|p2b: Ursaluna|Earthquake|p1b: Sinistcha|[spread] p1a,p1b\n|-immune|p2a: I Love Dirt|[from] ability: Earth Eater\n|-resisted|p1b: Sinistcha\n|-damage|p1a: Snorlax|11\/100\n|-damage|p1b: Sinistcha|74\/100\n|move|p1a: Snorlax|Facade|p2a: I Love Dirt\n|-resisted|p2a: I Love Dirt\n|-damage|p2a: I Love Dirt|73\/100\n|\n|-heal|p2a: I Love Dirt|79\/100|[from] item: Leftovers\n|upkeep\n|turn|4\n|\n|t:|1700752301\n|move|p1a: Snorlax|Protect|p1a: Snorlax\n|-singleturn|p1a: Snorlax|Protect\n|move|p2a: I Love Dirt|Rock Slide|p1b: Sinistcha|[spread] p1b\n|-activate|p1a: Snorlax|move: Protect\n|-damage|p1b: Sinistcha|55\/100\n|move|p2b: Ursaluna|Earthquake|p1a: Snorlax|[spread] p1b\n|-activate|p1a: Snorlax|move: Protect\n|-heal|p2a: I Love Dirt|100\/100|[from] ability: Earth Eater|[of] p2b: Ursaluna\n|-resisted|p1b: Sinistcha\n|-damage|p1b: Sinistcha|41\/100\n|cant|p1b: Sinistcha|flinch\n|\n|upkeep\n|turn|5\n|\n|t:|1700752341\n|switch|p1b: Clefairy|Clefairy, F|100\/100\n|switch|p1a: Landorus|Landorus-Therian, M, shiny|100\/100\n|-ability|p1a: Landorus|Intimidate|boost\n|-unboost|p2a: I Love Dirt|atk|1\n|-unboost|p2b: Ursaluna|atk|1\n|move|p2a: I Love Dirt|Rock Slide|p1a: Landorus|[spread] p1a,p1b\n|-damage|p1a: Landorus|81\/100\n|-damage|p1b: Clefairy|81\/100\n|move|p2b: Ursaluna|Shadow Claw|p1b: Clefairy\n|-damage|p1b: Clefairy|58\/100\n|\n|upkeep\n|turn|6\n|\n|t:|1700752367\n|move|p1b: Clefairy|Helping Hand|p1a: Landorus\n|-singleturn|p1a: Landorus|Helping Hand|[of] p1b: Clefairy\n|move|p1a: Landorus|Rock Slide|p2b: Ursaluna|[spread] p2a,p2b\n|-resisted|p2a: I Love Dirt\n|-damage|p2a: I Love Dirt|94\/100\n|-damage|p2b: Ursaluna|71\/100\n|move|p2a: I Love Dirt|Coil|p2a: I Love Dirt\n|-boost|p2a: I Love Dirt|atk|1\n|-boost|p2a: I Love Dirt|def|1\n|-boost|p2a: I Love Dirt|accuracy|1\n|cant|p2b: Ursaluna|flinch\n|\n|-heal|p2a: I Love Dirt|99\/100|[from] item: Leftovers\n|upkeep\n|turn|7\n|\n|t:|1700752403\n|switch|p2b: Rillaboom|Rillaboom, F|100\/100\n|-fieldstart|move: Grassy Terrain|[from] ability: Grassy Surge|[of] p2b: Rillaboom\n|-enditem|p2b: Rillaboom|Grassy Seed\n|-boost|p2b: Rillaboom|def|1|[from] item: Grassy Seed\n|move|p1b: Clefairy|Protect|p1b: Clefairy\n|-singleturn|p1b: Clefairy|Protect\n|move|p1a: Landorus|Rock Slide|p2b: Rillaboom|[spread] p2b\n|-miss|p1a: Landorus|p2a: I Love Dirt\n|-damage|p2b: Rillaboom|85\/100\n|move|p2a: I Love Dirt|Rock Slide|p1a: Landorus|[spread] p1a\n|-activate|p1b: Clefairy|move: Protect\n|-damage|p1a: Landorus|57\/100\n|\n|-heal|p2b: Rillaboom|91\/100|[from] Grassy Terrain\n|-heal|p2a: I Love Dirt|100\/100|[from] Grassy Terrain\n|-heal|p1b: Clefairy|64\/100|[from] Grassy Terrain\n|upkeep\n|turn|8\n|\n|t:|1700752444\n|switch|p1a: Snorlax|Snorlax, M, shiny|11\/100\n|move|p2b: Rillaboom|Knock Off|p1a: Snorlax\n|-damage|p1a: Snorlax|1\/100\n|move|p2a: I Love Dirt|Iron Head|p1b: Clefairy\n|-supereffective|p1b: Clefairy\n|-damage|p1b: Clefairy|0 fnt\n|faint|p1b: Clefairy\n|\n|-heal|p2b: Rillaboom|97\/100|[from] Grassy Terrain\n|-heal|p1a: Snorlax|7\/100|[from] Grassy Terrain\n|upkeep\n|\n|t:|1700752456\n|switch|p1b: Sinistcha|Sinistcha|41\/100\n|-heal|p1a: Snorlax|32\/100|[from] ability: Hospitality|[of] p1b: Sinistcha\n|turn|9\n|\n|t:|1700752468\n|move|p1a: Snorlax|Protect|p1a: Snorlax\n|-singleturn|p1a: Snorlax|Protect\n|move|p2b: Rillaboom|Knock Off|p1b: Sinistcha\n|-supereffective|p1b: Sinistcha\n|-damage|p1b: Sinistcha|3\/100\n|-enditem|p1b: Sinistcha|Mental Herb|[from] move: Knock Off|[of] p2b: Rillaboom\n|move|p2a: I Love Dirt|Body Press|p1a: Snorlax\n|-activate|p1a: Snorlax|move: Protect\n|move|p1b: Sinistcha|Trick Room|p1b: Sinistcha\n|-fieldstart|move: Trick Room|[of] p1b: Sinistcha\n|\n|-heal|p1a: Snorlax|38\/100|[from] Grassy Terrain\n|-heal|p1b: Sinistcha|9\/100|[from] Grassy Terrain\n|-heal|p2b: Rillaboom|100\/100|[from] Grassy Terrain\n|upkeep\n|turn|10\n|\n|t:|1700752499\n|move|p1a: Snorlax|Facade|p2b: Rillaboom\n|-damage|p2b: Rillaboom|80\/100\n|move|p1b: Sinistcha|Matcha Gotcha|p2a: I Love Dirt|[spread] p2a,p2b\n|-resisted|p2a: I Love Dirt\n|-resisted|p2b: Rillaboom\n|-damage|p2a: I Love Dirt|77\/100\n|-heal|p1b: Sinistcha|18\/100|[from] drain|[of] p2a: I Love Dirt\n|-damage|p2b: Rillaboom|67\/100\n|-heal|p1b: Sinistcha|26\/100|[from] drain|[of] p2b: Rillaboom\n|-status|p2a: I Love Dirt|brn\n|move|p2a: I Love Dirt|Coil|p2a: I Love Dirt\n|-boost|p2a: I Love Dirt|atk|1\n|-boost|p2a: I Love Dirt|def|1\n|-boost|p2a: I Love Dirt|accuracy|1\n|move|p2b: Rillaboom|Drain Punch|p1a: Snorlax\n|-supereffective|p1a: Snorlax\n|-damage|p1a: Snorlax|8\/100\n|-heal|p2b: Rillaboom|85\/100|[from] drain|[of] p1a: Snorlax\n|\n|-heal|p1a: Snorlax|14\/100|[from] Grassy Terrain\n|-heal|p1b: Sinistcha|32\/100|[from] Grassy Terrain\n|-heal|p2a: I Love Dirt|83\/100 brn|[from] Grassy Terrain\n|-heal|p2a: I Love Dirt|89\/100 brn|[from] item: Leftovers\n|-heal|p2b: Rillaboom|91\/100|[from] Grassy Terrain\n|-damage|p2a: I Love Dirt|83\/100 brn|[from] brn\n|upkeep\n|turn|11\n|\n|t:|1700752529\n|move|p1a: Snorlax|Protect|p1a: Snorlax\n|-singleturn|p1a: Snorlax|Protect\n|move|p2b: Rillaboom|Grassy Glide|p1a: Snorlax\n|-activate|p1a: Snorlax|move: Protect\n|move|p1b: Sinistcha|Strength Sap|p2a: I Love Dirt\n|-unboost|p2a: I Love Dirt|atk|1\n|-heal|p1b: Sinistcha|100\/100\n|move|p2a: I Love Dirt|Iron Head|p1b: Sinistcha\n|-damage|p1b: Sinistcha|80\/100\n|\n|-heal|p1a: Snorlax|20\/100|[from] Grassy Terrain\n|-heal|p1b: Sinistcha|86\/100|[from] Grassy Terrain\n|-heal|p2a: I Love Dirt|89\/100 brn|[from] Grassy Terrain\n|-heal|p2a: I Love Dirt|96\/100 brn|[from] item: Leftovers\n|-heal|p2b: Rillaboom|97\/100|[from] Grassy Terrain\n|-damage|p2a: I Love Dirt|89\/100 brn|[from] brn\n|-fieldend|move: Grassy Terrain\n|upkeep\n|turn|12\n|\n|t:|1700752562\n|switch|p1a: Iron Hands|Iron Hands, shiny|100\/100\n|move|p1b: Sinistcha|Strength Sap|p2a: I Love Dirt\n|-unboost|p2a: I Love Dirt|atk|1\n|-heal|p1b: Sinistcha|100\/100\n|move|p2a: I Love Dirt|Rock Slide|p1b: Sinistcha|[spread] p1a,p1b\n|-resisted|p1a: Iron Hands\n|-damage|p1a: Iron Hands|96\/100\n|-damage|p1b: Sinistcha|93\/100\n|move|p2b: Rillaboom|Earthquake|p1a: Iron Hands|[spread] p1a,p1b\n|-heal|p2a: I Love Dirt|100\/100 brn|[from] ability: Earth Eater|[of] p2b: Rillaboom\n|-supereffective|p1a: Iron Hands\n|-resisted|p1b: Sinistcha\n|-damage|p1a: Iron Hands|65\/100\n|-damage|p1b: Sinistcha|86\/100\n|\n|-damage|p2a: I Love Dirt|94\/100 brn|[from] brn\n|upkeep\n|turn|13\n|\n|t:|1700752598\n|switch|p2b: Landorus|Landorus-Therian, M|100\/100\n|-ability|p2b: Landorus|Intimidate|boost\n|-unboost|p1a: Iron Hands|atk|1\n|-unboost|p1b: Sinistcha|atk|1\n|move|p1a: Iron Hands|Fake Out|p2b: Landorus\n|-damage|p2b: Landorus|89\/100\n|move|p1b: Sinistcha|Strength Sap|p2a: I Love Dirt\n|-unboost|p2a: I Love Dirt|atk|1\n|-heal|p1b: Sinistcha|100\/100\n|move|p2a: I Love Dirt|Body Press|p1a: Iron Hands\n|-damage|p1a: Iron Hands|38\/100\n|\n|-heal|p2a: I Love Dirt|100\/100 brn|[from] item: Leftovers\n|-damage|p2a: I Love Dirt|94\/100 brn|[from] brn\n|-fieldend|move: Trick Room\n|upkeep\n|turn|14\n|\n|t:|1700752631\n|move|p1b: Sinistcha|Rage Powder|p1b: Sinistcha\n|-singleturn|p1b: Sinistcha|move: Rage Powder\n|move|p2b: Landorus|Taunt|p1b: Sinistcha\n|-start|p1b: Sinistcha|move: Taunt\n|move|p2a: I Love Dirt|Body Press|p1b: Sinistcha\n|-immune|p1b: Sinistcha\n|move|p1a: Iron Hands|Drain Punch|p2a: I Love Dirt\n|-supereffective|p2a: I Love Dirt\n|-damage|p2a: I Love Dirt|77\/100 brn\n|-heal|p1a: Iron Hands|44\/100|[from] drain|[of] p2a: I Love Dirt\n|\n|-heal|p2a: I Love Dirt|83\/100 brn|[from] item: Leftovers\n|-damage|p2a: I Love Dirt|77\/100 brn|[from] brn\n|upkeep\n|turn|15\n|\n|t:|1700752655\n|move|p2b: Landorus|Earthquake|p1b: Sinistcha|[spread] p1a,p1b\n|-heal|p2a: I Love Dirt|100\/100 brn|[from] ability: Earth Eater|[of] p2b: Landorus\n|-supereffective|p1a: Iron Hands\n|-resisted|p1b: Sinistcha\n|-damage|p1a: Iron Hands|0 fnt\n|-damage|p1b: Sinistcha|88\/100\n|faint|p1a: Iron Hands\n|-end|p1a: Iron Hands|Quark Drive|[silent]\n|move|p2a: I Love Dirt|Body Press|p1b: Sinistcha\n|-immune|p1b: Sinistcha\n|move|p1b: Sinistcha|Matcha Gotcha|p2b: Landorus|[spread] p2a,p2b\n|-resisted|p2a: I Love Dirt\n|-damage|p2a: I Love Dirt|84\/100 brn\n|-heal|p1b: Sinistcha|95\/100|[from] drain|[of] p2a: I Love Dirt\n|-damage|p2b: Landorus|67\/100\n|-heal|p1b: Sinistcha|100\/100|[from] drain|[of] p2b: Landorus\n|\n|-heal|p2a: I Love Dirt|90\/100 brn|[from] item: Leftovers\n|-damage|p2a: I Love Dirt|84\/100 brn|[from] brn\n|upkeep\n|\n|t:|1700752675\n|switch|p1a: Landorus|Landorus-Therian, M, shiny|57\/100\n|-ability|p1a: Landorus|Intimidate|boost\n|-unboost|p2a: I Love Dirt|atk|1\n|-unboost|p2b: Landorus|atk|1\n|turn|16\n|\n|t:|1700752703\n|switch|p2b: Rillaboom|Rillaboom, F|97\/100\n|-fieldstart|move: Grassy Terrain|[from] ability: Grassy Surge|[of] p2b: Rillaboom\n|move|p1a: Landorus|U-turn|p2b: Rillaboom\n|-supereffective|p2b: Rillaboom\n|-damage|p2b: Rillaboom|42\/100\n|\n|t:|1700752710\n|switch|p1a: Snorlax|Snorlax, M, shiny|20\/100|[from] U-turn\n|move|p2a: I Love Dirt|Rock Slide|p1b: Sinistcha|[spread] p1a,p1b\n|-damage|p1a: Snorlax|17\/100\n|-damage|p1b: Sinistcha|97\/100\n|cant|p1b: Sinistcha|flinch\n|\n|-heal|p2b: Rillaboom|48\/100|[from] Grassy Terrain\n|-heal|p2a: I Love Dirt|90\/100 brn|[from] Grassy Terrain\n|-heal|p2a: I Love Dirt|96\/100 brn|[from] item: Leftovers\n|-heal|p1b: Sinistcha|100\/100|[from] Grassy Terrain\n|-heal|p1a: Snorlax|23\/100|[from] Grassy Terrain\n|-damage|p2a: I Love Dirt|90\/100 brn|[from] brn\n|upkeep\n|turn|17\n|\n|t:|1700752729\n|move|p1a: Snorlax|Protect|p1a: Snorlax\n|-singleturn|p1a: Snorlax|Protect\n|move|p2b: Rillaboom|Grassy Glide|p1a: Snorlax\n|-activate|p1a: Snorlax|move: Protect\n|move|p2a: I Love Dirt|Body Press|p1a: Snorlax\n|-activate|p1a: Snorlax|move: Protect\n|move|p1b: Sinistcha|Matcha Gotcha|p2b: Rillaboom|[spread] p2a,p2b\n|-resisted|p2a: I Love Dirt\n|-resisted|p2b: Rillaboom\n|-damage|p2a: I Love Dirt|71\/100 brn\n|-damage|p2b: Rillaboom|34\/100\n|\n|-heal|p2b: Rillaboom|40\/100|[from] Grassy Terrain\n|-heal|p2a: I Love Dirt|77\/100 brn|[from] Grassy Terrain\n|-heal|p2a: I Love Dirt|83\/100 brn|[from] item: Leftovers\n|-heal|p1a: Snorlax|29\/100|[from] Grassy Terrain\n|-damage|p2a: I Love Dirt|77\/100 brn|[from] brn\n|-end|p1b: Sinistcha|move: Taunt\n|upkeep\n|turn|18\n|\n|t:|1700752760\n|move|p2b: Rillaboom|Grassy Glide|p1a: Snorlax\n|-damage|p1a: Snorlax|8\/100\n|move|p2a: I Love Dirt|Body Press|p1a: Snorlax\n|-supereffective|p1a: Snorlax\n|-damage|p1a: Snorlax|0 fnt\n|faint|p1a: Snorlax\n|move|p1b: Sinistcha|Strength Sap|p2a: I Love Dirt\n|-unboost|p2a: I Love Dirt|atk|1\n|\n|-heal|p2b: Rillaboom|46\/100|[from] Grassy Terrain\n|-heal|p2a: I Love Dirt|83\/100 brn|[from] Grassy Terrain\n|-heal|p2a: I Love Dirt|89\/100 brn|[from] item: Leftovers\n|-damage|p2a: I Love Dirt|83\/100 brn|[from] brn\n|upkeep\n|\n|t:|1700752766\n|switch|p1a: Kommo-o|Kommo-o, F|100\/100\n|turn|19\n|\n|t:|1700752778\n|switch|p2b: Landorus|Landorus-Therian, M|67\/100\n|-ability|p2b: Landorus|Intimidate|boost\n|-unboost|p1a: Kommo-o|atk|1\n|-unboost|p1b: Sinistcha|atk|1\n|move|p1a: Kommo-o|Clangorous Soul|p1a: Kommo-o\n|-boost|p1a: Kommo-o|atk|1\n|-boost|p1a: Kommo-o|def|1\n|-boost|p1a: Kommo-o|spa|1\n|-boost|p1a: Kommo-o|spd|1\n|-boost|p1a: Kommo-o|spe|1\n|-damage|p1a: Kommo-o|68\/100\n|-enditem|p1a: Kommo-o|Throat Spray\n|-boost|p1a: Kommo-o|spa|1|[from] item: Throat Spray\n|move|p2a: I Love Dirt|Iron Head|p1a: Kommo-o\n|-damage|p1a: Kommo-o|63\/100\n|move|p1b: Sinistcha|Strength Sap|p2b: Landorus\n|-unboost|p2b: Landorus|atk|1\n|\n|-heal|p1a: Kommo-o|69\/100|[from] Grassy Terrain\n|-heal|p2a: I Love Dirt|89\/100 brn|[from] Grassy Terrain\n|-heal|p2a: I Love Dirt|95\/100 brn|[from] item: Leftovers\n|-damage|p2a: I Love Dirt|89\/100 brn|[from] brn\n|upkeep\n|turn|20\n|c|\u2606IfUforfeitUsuck|long ass game huh\n|\n|t:|1700752807\n|move|p1b: Sinistcha|Rage Powder|p1b: Sinistcha\n|-singleturn|p1b: Sinistcha|move: Rage Powder\n|move|p1a: Kommo-o|Clanging Scales|p2b: Landorus|[spread] p2a,p2b\n|-resisted|p2a: I Love Dirt\n|-damage|p2a: I Love Dirt|38\/100 brn\n|-damage|p2b: Landorus|0 fnt\n|faint|p2b: Landorus\n|-unboost|p1a: Kommo-o|def|1\n|move|p2a: I Love Dirt|Coil|p2a: I Love Dirt\n|-boost|p2a: I Love Dirt|atk|1\n|-boost|p2a: I Love Dirt|def|1\n|-boost|p2a: I Love Dirt|accuracy|1\n|\n|-heal|p1a: Kommo-o|75\/100|[from] Grassy Terrain\n|-heal|p2a: I Love Dirt|44\/100 brn|[from] Grassy Terrain\n|-heal|p2a: I Love Dirt|50\/100 brn|[from] item: Leftovers\n|-damage|p2a: I Love Dirt|44\/100 brn|[from] brn\n|-fieldend|move: Grassy Terrain\n|upkeep\n|\n|t:|1700752818\n|switch|p2b: Ursaluna|Ursaluna, F, tera:Ghost|71\/100\n|turn|21\n|\n|t:|1700752830\n|move|p1b: Sinistcha|Rage Powder|p1b: Sinistcha\n|-singleturn|p1b: Sinistcha|move: Rage Powder\n|move|p1a: Kommo-o|Clanging Scales|p2a: I Love Dirt|[spread] p2a,p2b\n|-resisted|p2a: I Love Dirt\n|-damage|p2a: I Love Dirt|0 fnt\n|-damage|p2b: Ursaluna|20\/100\n|faint|p2a: I Love Dirt\n|-unboost|p1a: Kommo-o|def|1\n|move|p2b: Ursaluna|Earthquake|p1a: Kommo-o|[spread] p1a,p1b\n|-resisted|p1b: Sinistcha\n|-damage|p1a: Kommo-o|17\/100\n|-damage|p1b: Sinistcha|87\/100\n|\n|upkeep\n|\n|t:|1700752846\n|switch|p2a: Rotom|Rotom-Heat|100\/100\n|turn|22\n|\n|t:|1700752859\n|switch|p1b: Landorus|Landorus-Therian, M, shiny|57\/100\n|-ability|p1b: Landorus|Intimidate|boost\n|-unboost|p2a: Rotom|atk|1\n|-unboost|p2b: Ursaluna|atk|1\n|move|p1a: Kommo-o|Protect|p1a: Kommo-o\n|-singleturn|p1a: Kommo-o|Protect\n|move|p2a: Rotom|Overheat|p1b: Landorus\n|-damage|p1b: Landorus|0 fnt\n|-unboost|p2a: Rotom|spa|2\n|faint|p1b: Landorus\n|move|p2b: Ursaluna|Earthquake|p1a: Kommo-o|[spread] \n|-activate|p1a: Kommo-o|move: Protect\n|-immune|p2a: Rotom|[from] ability: Levitate\n|\n|upkeep\n|\n|t:|1700752867\n|switch|p1b: Sinistcha|Sinistcha|87\/100\n|-heal|p1a: Kommo-o|41\/100|[from] ability: Hospitality|[of] p1b: Sinistcha\n|turn|23\n|\n|t:|1700752885\n|-terastallize|p1b: Sinistcha|Fire\n|move|p1b: Sinistcha|Rage Powder|p1b: Sinistcha\n|-singleturn|p1b: Sinistcha|move: Rage Powder\n|move|p1a: Kommo-o|Clanging Scales|p2b: Ursaluna|[spread] p2a,p2b\n|-damage|p2a: Rotom|18\/100\n|-damage|p2b: Ursaluna|0 fnt\n|faint|p2b: Ursaluna\n|-unboost|p1a: Kommo-o|def|1\n|move|p2a: Rotom|Volt Switch|p1b: Sinistcha\n|-damage|p1b: Sinistcha|69\/100\n|\n|t:|1700752904\n|switch|p2a: Rillaboom|Rillaboom, F|46\/100|[from] Volt Switch\n|-fieldstart|move: Grassy Terrain|[from] ability: Grassy Surge|[of] p2a: Rillaboom\n|\n|-heal|p1a: Kommo-o|47\/100|[from] Grassy Terrain\n|-heal|p2a: Rillaboom|52\/100|[from] Grassy Terrain\n|-heal|p1b: Sinistcha|75\/100|[from] Grassy Terrain\n|upkeep\n|\n|t:|1700752912\n|switch|p2b: Dondozo|Dondozo, F|100\/100\n|turn|24\n|\n|t:|1700752931\n|move|p1a: Kommo-o|Clanging Scales|p2b: Dondozo|[spread] p2a,p2b\n|-damage|p2a: Rillaboom|0 fnt\n|-damage|p2b: Dondozo|77\/100\n|faint|p2a: Rillaboom\n|-unboost|p1a: Kommo-o|def|1\n|move|p1b: Sinistcha|Matcha Gotcha|p2b: Dondozo|[miss]\n|-miss|p1b: Sinistcha|p2b: Dondozo\n|move|p2b: Dondozo|Waterfall|p1b: Sinistcha\n|-supereffective|p1b: Sinistcha\n|-damage|p1b: Sinistcha|31\/100\n|\n|-heal|p1a: Kommo-o|53\/100|[from] Grassy Terrain\n|-heal|p1b: Sinistcha|37\/100|[from] Grassy Terrain\n|-heal|p2b: Dondozo|83\/100|[from] Grassy Terrain\n|upkeep\n|\n|t:|1700752945\n|switch|p2a: Rotom|Rotom-Heat|18\/100\n|turn|25\n|\n|t:|1700752979\n|move|p1a: Kommo-o|Clanging Scales|p2b: Dondozo|[spread] p2a,p2b\n|-damage|p2a: Rotom|0 fnt\n|-damage|p2b: Dondozo|58\/100\n|faint|p2a: Rotom\n|-unboost|p1a: Kommo-o|def|1\n|move|p1b: Sinistcha|Strength Sap|p2b: Dondozo\n|-unboost|p2b: Dondozo|atk|1\n|-heal|p1b: Sinistcha|100\/100\n|move|p2b: Dondozo|Earthquake|p1b: Sinistcha|[spread] p1a,p1b\n|-supereffective|p1b: Sinistcha\n|-damage|p1a: Kommo-o|47\/100\n|-damage|p1b: Sinistcha|90\/100\n|\n|-heal|p1a: Kommo-o|53\/100|[from] Grassy Terrain\n|-heal|p1b: Sinistcha|96\/100|[from] Grassy Terrain\n|-heal|p2b: Dondozo|64\/100|[from] Grassy Terrain\n|upkeep\n|turn|26\n|c|\u2606IfUforfeitUsuck|gg\n|\n|t:|1700753000\n|move|p1a: Kommo-o|Clanging Scales|p2b: Dondozo\n|-damage|p2b: Dondozo|35\/100\n|-unboost|p1a: Kommo-o|def|1\n|move|p1b: Sinistcha|Matcha Gotcha|p2b: Dondozo\n|-supereffective|p2b: Dondozo\n|-damage|p2b: Dondozo|0 fnt\n|-heal|p1b: Sinistcha|100\/100|[from] drain|[of] p2b: Dondozo\n|faint|p2b: Dondozo\n|\n|win|IceMan768\n|raw|IceMan768's rating: 1221 &rarr; <strong>1247<\/strong><br \/>(+26 for winning)\n|raw|IfUforfeitUsuck's rating: 1233 &rarr; <strong>1207<\/strong><br \/>(-26 for losing)\n|l|\u2606IfUforfeitUsuck\n|c|\u2606IceMan768|gg\n","uploadtime":1700753019,"views":1,"p1id":"iceman768","p2id":"ifuforfeitusuck","formatid":"gen9doublesou","rating":1207,"private":0,"password":""}