{"id":"gen9doublesou-1968283568","p1":"rookie dragon","p2":"talhabiggboi3","format":"[Gen 9] Doubles OU","log":"|html|<div class=\"broadcast-blue\"><strong>[Gen 9] Doubles OU is currently suspecting Basculegion & Flutter Mane! For information on how to participate check out the <a href=\"https:\/\/www.smogon.com\/forums\/threads\/np-sv-dou-stage-8-double-trouble.3729153\/\">suspect thread<\/a>.<\/strong><\/div>\n|j|\u2606rookie dragon\n|j|\u2606talhabiggboi3\n|t:|1697402197\n|gametype|doubles\n|player|p1|rookie dragon|preschooler|1404\n|player|p2|talhabiggboi3|2|1335\n|teamsize|p1|6\n|teamsize|p2|6\n|gen|9\n|tier|[Gen 9] Doubles OU\n|rated|\n|rule|Species Clause: Limit one of each Pok\u00e9mon\n|rule|OHKO Clause: OHKO moves are banned\n|rule|Evasion Moves Clause: Evasion moves are banned\n|rule|Gravity Sleep Clause: The combination of sleep-inducing moves with imperfect accuracy and Gravity or Gigantamax Orbeetle are banned\n|rule|Endless Battle Clause: Forcing endless battles is banned\n|rule|HP Percentage Mod: HP is shown in percentages\n|clearpoke\n|poke|p1|Inteleon, F|\n|poke|p1|Pelipper, M|\n|poke|p1|Floatzel, F|\n|poke|p1|Walking Wake|\n|poke|p1|Chien-Pao|\n|poke|p1|Dragapult, F|\n|poke|p2|Murkrow, F|\n|poke|p2|Garchomp, M|\n|poke|p2|Hydreigon, F|\n|poke|p2|Armarouge, M|\n|poke|p2|Maushold-Four|\n|poke|p2|Gholdengo|\n|teampreview\n|\n|t:|1697402221\n|start\n|switch|p1a: Pelipper|Pelipper, M|100\/100\n|switch|p1b: Dragapult|Dragapult, F|100\/100\n|switch|p2a: Murkrow|Murkrow, F|100\/100\n|switch|p2b: Gholdengo|Gholdengo|100\/100\n|-weather|RainDance|[from] ability: Drizzle|[of] p1a: Pelipper\n|turn|1\n|\n|t:|1697402248\n|-terastallize|p2b: Gholdengo|Steel\n|move|p2a: Murkrow|Tailwind|p2a: Murkrow\n|-sidestart|p2: talhabiggboi3|move: Tailwind\n|move|p2b: Gholdengo|Thunderbolt|p1a: Pelipper\n|-supereffective|p1a: Pelipper\n|-damage|p1a: Pelipper|0 fnt\n|faint|p1a: Pelipper\n|move|p1b: Dragapult|Phantom Force||[still]\n|-prepare|p1b: Dragapult|Phantom Force\n|\n|-weather|RainDance|[upkeep]\n|upkeep\n|\n|t:|1697402264\n|switch|p1a: Chien-Pao|Chien-Pao|100\/100\n|-ability|p1a: Chien-Pao|Sword of Ruin\n|turn|2\n|\n|t:|1697402270\n|switch|p2b: Maushold|Maushold-Four|100\/100\n|move|p2a: Murkrow|Foul Play|p1a: Chien-Pao\n|-resisted|p1a: Chien-Pao\n|-damage|p1a: Chien-Pao|68\/100\n|move|p1b: Dragapult|Phantom Force|p2b: Maushold|[from]lockedmove\n|-immune|p2b: Maushold\n|move|p1a: Chien-Pao|Ice Spinner|p2a: Murkrow\n|-supereffective|p2a: Murkrow\n|-damage|p2a: Murkrow|0 fnt\n|faint|p2a: Murkrow\n|\n|-weather|RainDance|[upkeep]\n|upkeep\n|\n|t:|1697402286\n|switch|p2a: Gholdengo|Gholdengo, tera:Steel|100\/100\n|turn|3\n|\n|t:|1697402302\n|switch|p1a: Inteleon|Inteleon, F|100\/100\n|move|p2b: Maushold|Population Bomb|p1a: Inteleon\n|-damage|p1a: Inteleon|86\/100\n|-damage|p1a: Inteleon|72\/100\n|-damage|p1a: Inteleon|59\/100\n|-damage|p1a: Inteleon|47\/100\n|-damage|p1a: Inteleon|34\/100\n|-damage|p1a: Inteleon|21\/100\n|-damage|p1a: Inteleon|7\/100\n|-damage|p1a: Inteleon|0 fnt\n|faint|p1a: Inteleon\n|-hitcount|p1: Inteleon|8\n|move|p2a: Gholdengo|Shadow Ball|p1b: Dragapult\n|-supereffective|p1b: Dragapult\n|-damage|p1b: Dragapult|0 fnt\n|faint|p1b: Dragapult\n|\n|-weather|RainDance|[upkeep]\n|upkeep\n|\n|t:|1697402316\n|switch|p1b: Chien-Pao|Chien-Pao|68\/100\n|switch|p1a: Floatzel|Floatzel, F|100\/100\n|-ability|p1b: Chien-Pao|Sword of Ruin\n|turn|4\n|\n|t:|1697402327\n|move|p1a: Floatzel|Wave Crash|p2a: Gholdengo\n|-damage|p2a: Gholdengo|0 fnt\n|faint|p2a: Gholdengo\n|-damage|p1a: Floatzel|67\/100|[from] Recoil\n|move|p2b: Maushold|Population Bomb|p1b: Chien-Pao\n|-damage|p1b: Chien-Pao|58\/100\n|-damage|p1b: Chien-Pao|47\/100\n|-damage|p1b: Chien-Pao|37\/100\n|-damage|p1b: Chien-Pao|26\/100\n|-damage|p1b: Chien-Pao|17\/100\n|-damage|p1b: Chien-Pao|6\/100\n|-damage|p1b: Chien-Pao|0 fnt\n|faint|p1b: Chien-Pao\n|-hitcount|p1: Chien-Pao|7\n|\n|-weather|RainDance|[upkeep]\n|-sideend|p2: talhabiggboi3|move: Tailwind\n|upkeep\n|\n|t:|1697402354\n|switch|p1b: Walking Wake|Walking Wake|100\/100\n|switch|p2a: Armarouge|Armarouge, M|100\/100\n|turn|5\n|\n|t:|1697402364\n|-terastallize|p1a: Floatzel|Water\n|move|p2b: Maushold|Follow Me|p2b: Maushold\n|-singleturn|p2b: Maushold|move: Follow Me\n|move|p1a: Floatzel|Wave Crash|p2b: Maushold\n|-damage|p2b: Maushold|0 fnt\n|faint|p2b: Maushold\n|-damage|p1a: Floatzel|37\/100|[from] Recoil\n|move|p1b: Walking Wake|Hydro Steam|p2a: Armarouge\n|-supereffective|p2a: Armarouge\n|-damage|p2a: Armarouge|0 fnt\n|faint|p2a: Armarouge\n|\n|-weather|RainDance|[upkeep]\n|upkeep\n|\n|t:|1697402378\n|switch|p2b: Garchomp|Garchomp, M|100\/100\n|switch|p2a: Hydreigon|Hydreigon, F|100\/100\n|turn|6\n|\n|t:|1697402385\n|move|p1a: Floatzel|Wave Crash|p2a: Hydreigon\n|-resisted|p2a: Hydreigon\n|-damage|p2a: Hydreigon|0 fnt\n|faint|p2a: Hydreigon\n|-damage|p1a: Floatzel|2\/100|[from] Recoil\n|move|p1b: Walking Wake|Hydro Steam|p2b: Garchomp\n|-damage|p2b: Garchomp|0 fnt\n|faint|p2b: Garchomp\n|\n|win|rookie dragon\n|raw|rookie dragon's rating: 1404 &rarr; <strong>1420<\/strong><br \/>(+16 for winning)\n|raw|talhabiggboi3's rating: 1335 &rarr; <strong>1319<\/strong><br \/>(-16 for losing)\n|l|\u2606talhabiggboi3\n","uploadtime":1697402396,"views":5,"p1id":"rookiedragon","p2id":"talhabiggboi3","formatid":"gen9doublesou","rating":1319,"private":0,"password":""}