{"id":"gen9doublesou-1982780535","p1":"Depacos","p2":"Everettbestpokemon","format":"[Gen 9] Doubles OU","log":"|j|\u2606Depacos\n|j|\u2606Everettbestpokemon\n|t:|1699044210\n|gametype|doubles\n|player|p1|Depacos|lady|1096\n|player|p2|Everettbestpokemon|blackbelt|1000\n|teamsize|p1|6\n|teamsize|p2|6\n|gen|9\n|tier|[Gen 9] Doubles OU\n|rated|\n|rule|Species Clause: Limit one of each Pok\u00e9mon\n|rule|OHKO Clause: OHKO moves are banned\n|rule|Evasion Moves Clause: Evasion moves are banned\n|rule|Gravity Sleep Clause: The combination of sleep-inducing moves with imperfect accuracy and Gravity or Gigantamax Orbeetle are banned\n|rule|Endless Battle Clause: Forcing endless battles is banned\n|rule|HP Percentage Mod: HP is shown in percentages\n|clearpoke\n|poke|p1|Indeedee-F, F|\n|poke|p1|Florges-White, F|\n|poke|p1|Magnezone|\n|poke|p1|Palossand, M|\n|poke|p1|Oinkologne, M|\n|poke|p1|Palafin, F|\n|poke|p2|Furret, M|\n|poke|p2|Flutter Mane|\n|poke|p2|Chi-Yu|\n|poke|p2|Ogerpon, F|\n|poke|p2|Haunter, F|\n|poke|p2|Kommo-o, M|\n|teampreview\n|\n|t:|1699044233\n|start\n|switch|p1a: Indeedee|Indeedee-F, F|100\/100\n|switch|p1b: Oinkologne|Oinkologne, M|100\/100\n|switch|p2a: Furret|Furret, M|100\/100\n|switch|p2b: Ogerpon|Ogerpon, F|100\/100\n|-fieldstart|move: Psychic Terrain|[from] ability: Psychic Surge|[of] p1a: Indeedee\n|turn|1\n|\n|t:|1699044252\n|move|p1a: Indeedee|Helping Hand|p1b: Oinkologne\n|-singleturn|p1b: Oinkologne|Helping Hand|[of] p1a: Indeedee\n|move|p2b: Ogerpon|Ivy Cudgel|p1a: Indeedee\n|-damage|p1a: Indeedee|21\/100\n|move|p2a: Furret|Agility|p2a: Furret\n|-boost|p2a: Furret|spe|2\n|move|p1b: Oinkologne|Body Press|p2a: Furret\n|-supereffective|p2a: Furret\n|-damage|p2a: Furret|34\/100\n|\n|upkeep\n|turn|2\n|\n|t:|1699044275\n|switch|p1a: Florges|Florges-White, F, shiny|100\/100\n|move|p2a: Furret|Baton Pass|p2a: Furret\n|\n|t:|1699044280\n|switch|p2a: Flutter Mane|Flutter Mane|100\/100|[from] Baton Pass\n|-enditem|p2a: Flutter Mane|Booster Energy\n|-activate|p2a: Flutter Mane|ability: Protosynthesis|[fromitem]\n|-start|p2a: Flutter Mane|protosynthesisspe\n|move|p2b: Ogerpon|Encore||[still]\n|-fail|p2b: Ogerpon\n|move|p1b: Oinkologne|Body Press|p2a: Flutter Mane\n|-immune|p2a: Flutter Mane\n|\n|upkeep\n|turn|3\n|\n|t:|1699044308\n|move|p2a: Flutter Mane|Calm Mind|p2a: Flutter Mane\n|-boost|p2a: Flutter Mane|spa|1\n|-boost|p2a: Flutter Mane|spd|1\n|move|p1a: Florges|Calm Mind|p1a: Florges\n|-boost|p1a: Florges|spa|1\n|-boost|p1a: Florges|spd|1\n|move|p1b: Oinkologne|Lash Out|p2a: Flutter Mane\n|-damage|p2a: Flutter Mane|51\/100\n|move|p2b: Ogerpon|Counter||[still]\n|-fail|p2b: Ogerpon\n|\n|upkeep\n|turn|4\n|\n|t:|1699044335\n|move|p2a: Flutter Mane|Draining Kiss|p1b: Oinkologne\n|-damage|p1b: Oinkologne|75\/100\n|-heal|p2a: Flutter Mane|83\/100|[from] drain|[of] p1b: Oinkologne\n|move|p2b: Ogerpon|Encore|p1a: Florges\n|-start|p1a: Florges|Encore\n|move|p1a: Florges|Calm Mind|p1a: Florges\n|-boost|p1a: Florges|spa|1\n|-boost|p1a: Florges|spd|1\n|move|p1b: Oinkologne|Lash Out|p2a: Flutter Mane\n|-damage|p2a: Flutter Mane|27\/100\n|\n|upkeep\n|turn|5\n|\n|t:|1699044355\n|move|p2a: Flutter Mane|Draining Kiss|p1b: Oinkologne\n|-damage|p1b: Oinkologne|48\/100\n|-heal|p2a: Flutter Mane|61\/100|[from] drain|[of] p1b: Oinkologne\n|move|p2b: Ogerpon|Ivy Cudgel|p1b: Oinkologne\n|-damage|p1b: Oinkologne|0 fnt\n|faint|p1b: Oinkologne\n|move|p1a: Florges|Calm Mind|p1a: Florges\n|-boost|p1a: Florges|spa|1\n|-boost|p1a: Florges|spd|1\n|\n|-fieldend|move: Psychic Terrain\n|upkeep\n|\n|t:|1699044369\n|switch|p1b: Palafin|Palafin, F|100\/100\n|turn|6\n|\n|t:|1699044394\n|detailschange|p1b: Palafin|Palafin-Hero, F\n|switch|p1b: Magnezone|Magnezone|100\/100\n|move|p2a: Flutter Mane|Energy Ball|p1b: Magnezone\n|-resisted|p1b: Magnezone\n|-damage|p1b: Magnezone|75\/100\n|move|p2b: Ogerpon|Ivy Cudgel|p1a: Florges\n|-damage|p1a: Florges|26\/100\n|move|p1a: Florges|Calm Mind|p1a: Florges\n|-boost|p1a: Florges|spa|1\n|-boost|p1a: Florges|spd|1\n|\n|-heal|p1a: Florges|32\/100|[from] item: Leftovers\n|-end|p1a: Florges|Encore\n|upkeep\n|turn|7\n|\n|t:|1699044424\n|move|p2a: Flutter Mane|Draining Kiss|p1a: Florges\n|-damage|p1a: Florges|25\/100\n|-heal|p2a: Flutter Mane|69\/100|[from] drain|[of] p1a: Florges\n|move|p2b: Ogerpon|Encore||[still]\n|-fail|p2b: Ogerpon\n|move|p1a: Florges|Moonblast|p2b: Ogerpon\n|-damage|p2b: Ogerpon|0 fnt\n|faint|p2b: Ogerpon\n|move|p1b: Magnezone|Flash Cannon|p2a: Flutter Mane\n|-supereffective|p2a: Flutter Mane\n|-damage|p2a: Flutter Mane|0 fnt\n|faint|p2a: Flutter Mane\n|-end|p2a: Flutter Mane|Protosynthesis|[silent]\n|\n|-heal|p1a: Florges|31\/100|[from] item: Leftovers\n|upkeep\n|\n|t:|1699044442\n|switch|p2a: Chi-Yu|Chi-Yu|100\/100\n|switch|p2b: Furret|Furret, M|34\/100\n|-ability|p2a: Chi-Yu|Beads of Ruin\n|turn|8\n|\n|t:|1699044466\n|switch|p1b: Palafin|Palafin-Hero, F|100\/100\n|-activate|p1b: Palafin|ability: Zero to Hero\n|move|p2a: Chi-Yu|Dark Pulse|p1a: Florges\n|-resisted|p1a: Florges\n|-damage|p1a: Florges|26\/100\n|move|p2b: Furret|Chilling Water|p1b: Palafin\n|-resisted|p1b: Palafin\n|-damage|p1b: Palafin|96\/100\n|-unboost|p1b: Palafin|atk|1\n|cant|p1a: Florges|flinch\n|\n|-heal|p1b: Palafin|100\/100|[from] item: Leftovers\n|-heal|p1a: Florges|32\/100|[from] item: Leftovers\n|upkeep\n|turn|9\n|\n|t:|1699044492\n|switch|p2b: Kommo-o|Kommo-o, M|100\/100\n|move|p1b: Palafin|Jet Punch|p2a: Chi-Yu\n|-supereffective|p2a: Chi-Yu\n|-damage|p2a: Chi-Yu|19\/100\n|move|p2a: Chi-Yu|Fire Blast|p1a: Florges\n|-damage|p1a: Florges|19\/100\n|move|p1a: Florges|Wish|p1a: Florges\n|\n|-heal|p1a: Florges|25\/100|[from] item: Leftovers\n|upkeep\n|turn|10\n|\n|t:|1699044515\n|move|p1b: Palafin|Flip Turn|p2a: Chi-Yu\n|-supereffective|p2a: Chi-Yu\n|-damage|p2a: Chi-Yu|0 fnt\n|faint|p2a: Chi-Yu\n|\n|t:|1699044522\n|switch|p1b: Indeedee|Indeedee-F, F|21\/100|[from] Flip Turn\n|-fieldstart|move: Psychic Terrain|[from] ability: Psychic Surge|[of] p1b: Indeedee\n|move|p1a: Florges|Moonblast|p2b: Kommo-o\n|-supereffective|p2b: Kommo-o\n|-damage|p2b: Kommo-o|0 fnt\n|faint|p2b: Kommo-o\n|\n|-heal|p1a: Florges|75\/100|[from] move: Wish|[wisher] Florges\n|-heal|p1a: Florges|82\/100|[from] item: Leftovers\n|upkeep\n|-message|Everettbestpokemon forfeited.\n|\n|win|Depacos\n|raw|Depacos's rating: 1096 &rarr; <strong>1115<\/strong><br \/>(+19 for winning)\n|raw|Everettbestpokemon's rating: 1000 &rarr; <strong>1000<\/strong><br \/>(+0 for losing)\n|l|\u2606Everettbestpokemon\n","uploadtime":1699044541,"views":13,"p1id":"depacos","p2id":"everettbestpokemon","formatid":"gen9doublesou","rating":1000,"private":0,"password":""}