{"id":"gen9doublesou-1977366546","p1":"mynamewest","p2":"abi558","format":"[Gen 9] Doubles OU","log":"|j|\u2606mynamewest\n|j|\u2606abi558\n|t:|1698410329\n|gametype|doubles\n|player|p1|mynamewest|wallace|1052\n|player|p2|abi558|101|1101\n|teamsize|p1|6\n|teamsize|p2|6\n|gen|9\n|tier|[Gen 9] Doubles OU\n|rated|\n|rule|Species Clause: Limit one of each Pok\u00e9mon\n|rule|OHKO Clause: OHKO moves are banned\n|rule|Evasion Moves Clause: Evasion moves are banned\n|rule|Gravity Sleep Clause: The combination of sleep-inducing moves with imperfect accuracy and Gravity or Gigantamax Orbeetle are banned\n|rule|Endless Battle Clause: Forcing endless battles is banned\n|rule|HP Percentage Mod: HP is shown in percentages\n|clearpoke\n|poke|p1|Krookodile, F|\n|poke|p1|Zapdos|\n|poke|p1|Hatterene, F|\n|poke|p1|Iron Moth|\n|poke|p1|Clefable, F|\n|poke|p1|Manaphy|\n|poke|p2|Gastrodon, F|\n|poke|p2|Lumineon, M|\n|poke|p2|Quagsire, M|\n|poke|p2|Mudsdale, M|\n|poke|p2|Spiritomb, M|\n|poke|p2|Frosmoth, F|\n|teampreview\n|inactive|Battle timer is ON: inactive players will automatically lose when time's up. (requested by mynamewest)\n|\n|t:|1698410353\n|start\n|switch|p1a: Hatterene|Hatterene, F|100\/100\n|switch|p1b: Iron Moth|Iron Moth|100\/100\n|switch|p2a: Giggity|Quagsire, M, shiny|100\/100\n|switch|p2b: HorseCock|Mudsdale, M, shiny|100\/100\n|-enditem|p1b: Iron Moth|Booster Energy\n|-activate|p1b: Iron Moth|ability: Quark Drive|[fromitem]\n|-start|p1b: Iron Moth|quarkdrivespe\n|turn|1\n|inactive|abi558 has 120 seconds left.\n|\n|t:|1698410383\n|move|p2b: HorseCock|Protect|p2b: HorseCock\n|-singleturn|p2b: HorseCock|Protect\n|move|p1b: Iron Moth|Toxic Spikes|p2b: HorseCock\n|-sidestart|p2: abi558|move: Toxic Spikes\n|move|p2a: Giggity|Earthquake|p1b: Iron Moth|[spread] p1a,p1b\n|-activate|p2b: HorseCock|move: Protect\n|-supereffective|p1b: Iron Moth\n|-damage|p1a: Hatterene|79\/100\n|-damage|p1b: Iron Moth|0 fnt\n|faint|p1b: Iron Moth\n|-end|p1b: Iron Moth|Quark Drive|[silent]\n|move|p1a: Hatterene|Agility|p1a: Hatterene\n|-boost|p1a: Hatterene|spe|2\n|\n|upkeep\n|inactive|mynamewest has 120 seconds left.\n|\n|t:|1698410401\n|switch|p1b: Zapdos|Zapdos|100\/100\n|turn|2\n|\n|t:|1698410416\n|-terastallize|p2a: Giggity|Poison\n|move|p1b: Zapdos|Air Cutter|p2b: HorseCock|[spread] p2a,p2b\n|-damage|p2a: Giggity|79\/100\n|-damage|p2b: HorseCock|83\/100\n|-ability|p2b: HorseCock|Stamina|boost\n|-boost|p2b: HorseCock|def|1\n|move|p2b: HorseCock|High Horsepower|p1a: Hatterene\n|-damage|p1a: Hatterene|37\/100\n|move|p2a: Giggity|Amnesia|p2a: Giggity\n|-boost|p2a: Giggity|spd|2\n|move|p1a: Hatterene|Swords Dance|p1a: Hatterene\n|-boost|p1a: Hatterene|atk|2\n|\n|-heal|p2a: Giggity|85\/100|[from] item: Leftovers\n|-heal|p2b: HorseCock|89\/100|[from] item: Leftovers\n|upkeep\n|turn|3\n|\n|t:|1698410439\n|move|p2b: HorseCock|Protect|p2b: HorseCock\n|-singleturn|p2b: HorseCock|Protect\n|move|p1b: Zapdos|Air Cutter|p2b: HorseCock|[spread] p2a\n|-activate|p2b: HorseCock|move: Protect\n|-damage|p2a: Giggity|74\/100\n|move|p2a: Giggity|Curse|p2a: Giggity\n|-unboost|p2a: Giggity|spe|1\n|-boost|p2a: Giggity|atk|1\n|-boost|p2a: Giggity|def|1\n|move|p1a: Hatterene|Baton Pass|p1a: Hatterene\n|\n|t:|1698410449\n|switch|p1a: Krookodile|Krookodile, F|100\/100|[from] Baton Pass\n|\n|-heal|p2b: HorseCock|95\/100|[from] item: Leftovers\n|-heal|p2a: Giggity|80\/100|[from] item: Leftovers\n|upkeep\n|turn|4\n|\n|t:|1698410474\n|move|p1a: Krookodile|Crunch|p2b: HorseCock\n|-damage|p2b: HorseCock|52\/100\n|-ability|p2b: HorseCock|Stamina|boost\n|-boost|p2b: HorseCock|def|1\n|move|p1b: Zapdos|Air Cutter|p2a: Giggity|[spread] p2a,p2b\n|-crit|p2b: HorseCock\n|-damage|p2a: Giggity|69\/100\n|-damage|p2b: HorseCock|24\/100\n|-ability|p2b: HorseCock|Stamina|boost\n|-boost|p2b: HorseCock|def|1\n|move|p2b: HorseCock|Body Press|p1a: Krookodile\n|-supereffective|p1a: Krookodile\n|-damage|p1a: Krookodile|0 fnt\n|faint|p1a: Krookodile\n|move|p2a: Giggity|Liquidation|p1b: Zapdos\n|-damage|p1b: Zapdos|60\/100\n|\n|-heal|p2b: HorseCock|30\/100|[from] item: Leftovers\n|-heal|p2a: Giggity|75\/100|[from] item: Leftovers\n|upkeep\n|inactive|mynamewest has 120 seconds left.\n|\n|t:|1698410504\n|switch|p1a: Manaphy|Manaphy|100\/100\n|turn|5\n|inactive|mynamewest has 120 seconds left.\n|\n|t:|1698410530\n|move|p2b: HorseCock|Protect|p2b: HorseCock\n|-singleturn|p2b: HorseCock|Protect\n|move|p1b: Zapdos|Air Cutter|p2a: Giggity|[spread] p2a\n|-activate|p2b: HorseCock|move: Protect\n|-damage|p2a: Giggity|64\/100\n|move|p1a: Manaphy|Dazzling Gleam|p2b: HorseCock|[spread] p2a\n|-activate|p2b: HorseCock|move: Protect\n|-resisted|p2a: Giggity\n|-damage|p2a: Giggity|60\/100\n|move|p2a: Giggity|Liquidation|p1b: Zapdos\n|-damage|p1b: Zapdos|23\/100\n|-enditem|p1b: Zapdos|Aguav Berry|[eat]\n|-heal|p1b: Zapdos|57\/100|[from] item: Aguav Berry\n|\n|-heal|p2b: HorseCock|37\/100|[from] item: Leftovers\n|-heal|p2a: Giggity|66\/100|[from] item: Leftovers\n|upkeep\n|turn|6\n|inactive|mynamewest has 120 seconds left.\n|inactive|abi558 has 120 seconds left.\n|inactive|abi558 has 90 seconds left.\n|\n|t:|1698410608\n|switch|p2a: Shaiapouf|Frosmoth, F, shiny|100\/100\n|-status|p2a: Shaiapouf|psn\n|move|p2b: HorseCock|Protect||[still]\n|-fail|p2b: HorseCock\n|move|p1b: Zapdos|Air Cutter|p2a: Shaiapouf|[spread] p2a,p2b\n|-supereffective|p2a: Shaiapouf\n|-crit|p2a: Shaiapouf\n|-damage|p2a: Shaiapouf|57\/100 psn\n|-damage|p2b: HorseCock|18\/100\n|-ability|p2b: HorseCock|Stamina|boost\n|-boost|p2b: HorseCock|def|1\n|move|p1a: Manaphy|Dazzling Gleam|p2b: HorseCock|[spread] p2a,p2b\n|-damage|p2a: Shaiapouf|47\/100 psn\n|-damage|p2b: HorseCock|3\/100\n|-ability|p2b: HorseCock|Stamina|boost\n|-boost|p2b: HorseCock|def|1\n|\n|-heal|p2b: HorseCock|9\/100|[from] item: Leftovers\n|-damage|p2a: Shaiapouf|34\/100 psn|[from] psn\n|upkeep\n|turn|7\n|inactive|abi558 has 90 seconds left.\n|inactive|mynamewest has 120 seconds left.\n|\n|t:|1698410636\n|move|p2b: HorseCock|Protect|p2b: HorseCock\n|-singleturn|p2b: HorseCock|Protect\n|move|p1b: Zapdos|Air Cutter|p2b: HorseCock|[spread] p2a\n|-activate|p2b: HorseCock|move: Protect\n|-supereffective|p2a: Shaiapouf\n|-damage|p2a: Shaiapouf|8\/100 psn\n|move|p1a: Manaphy|Dazzling Gleam|p2a: Shaiapouf|[spread] p2a\n|-activate|p2b: HorseCock|move: Protect\n|-damage|p2a: Shaiapouf|0 fnt\n|faint|p2a: Shaiapouf\n|\n|-heal|p2b: HorseCock|16\/100|[from] item: Leftovers\n|upkeep\n|\n|t:|1698410653\n|switch|p2a: Giggity|Quagsire, M, shiny, tera:Poison|66\/100\n|-sideend|p2: abi558|move: Toxic Spikes|[of] p2a: Giggity\n|turn|8\n|inactive|abi558 has 90 seconds left.\n|\n|t:|1698410668\n|move|p1a: Manaphy|Tail Glow|p1a: Manaphy\n|-boost|p1a: Manaphy|spa|3\n|move|p1b: Zapdos|Air Cutter|p2a: Giggity|[spread] p2a,p2b\n|-damage|p2a: Giggity|41\/100\n|-damage|p2b: HorseCock|0 fnt\n|faint|p2b: HorseCock\n|move|p2a: Giggity|Amnesia|p2a: Giggity\n|-boost|p2a: Giggity|spd|2\n|\n|-heal|p2a: Giggity|47\/100|[from] item: Leftovers\n|upkeep\n|inactive|abi558 has 90 seconds left.\n|\n|t:|1698410683\n|switch|p2b: Lumos|Lumineon, M, shiny|100\/100\n|turn|9\n|inactive|abi558 has 90 seconds left.\n|\n|t:|1698410715\n|move|p1b: Zapdos|Roost|p1b: Zapdos\n|-heal|p1b: Zapdos|100\/100\n|-singleturn|p1b: Zapdos|move: Roost\n|move|p1a: Manaphy|Tail Glow|p1a: Manaphy\n|-boost|p1a: Manaphy|spa|3\n|move|p2b: Lumos|Icy Wind|p1a: Manaphy|[spread] p1a,p1b\n|-resisted|p1a: Manaphy\n|-damage|p1a: Manaphy|96\/100\n|-damage|p1b: Zapdos|91\/100\n|-unboost|p1a: Manaphy|spe|1\n|-unboost|p1b: Zapdos|spe|1\n|move|p2a: Giggity|Liquidation|p2b: Lumos\n|-activate|p2b: Lumos|ability: Storm Drain\n|-ability|p2b: Lumos|Storm Drain|boost\n|-boost|p2b: Lumos|spa|1\n|\n|-heal|p1a: Manaphy|100\/100|[from] item: Leftovers\n|-heal|p2a: Giggity|53\/100|[from] item: Leftovers\n|upkeep\n|turn|10\n|inactive|abi558 has 90 seconds left.\n|inactive|mynamewest has 120 seconds left.\n|\n|t:|1698410746\n|switch|p2b: Tombe|Spiritomb, M, shiny|100\/100\n|move|p1b: Zapdos|Air Cutter|p2b: Tombe|[spread] p2a,p2b\n|-damage|p2a: Giggity|42\/100\n|-damage|p2b: Tombe|78\/100\n|move|p1a: Manaphy|Scald|p2a: Giggity\n|-damage|p2a: Giggity|23\/100\n|move|p2a: Giggity|Amnesia|p2a: Giggity\n|-boost|p2a: Giggity|spd|2\n|\n|-heal|p2a: Giggity|30\/100|[from] item: Leftovers\n|-heal|p2b: Tombe|84\/100|[from] item: Leftovers\n|upkeep\n|turn|11\n|inactive|abi558 has 90 seconds left.\n|inactive|mynamewest has 120 seconds left.\n|\n|t:|1698410779\n|switch|p2b: Lumos|Lumineon, M, shiny|100\/100\n|move|p1a: Manaphy|Dazzling Gleam|p2a: Giggity|[spread] p2a,p2b\n|-resisted|p2a: Giggity\n|-damage|p2a: Giggity|27\/100\n|-damage|p2b: Lumos|31\/100\n|move|p1b: Zapdos|Air Cutter|p2b: Lumos|[spread] p2a,p2b\n|-damage|p2a: Giggity|19\/100\n|-damage|p2b: Lumos|6\/100\n|move|p2a: Giggity|Curse|p2a: Giggity\n|-unboost|p2a: Giggity|spe|1\n|-boost|p2a: Giggity|atk|1\n|-boost|p2a: Giggity|def|1\n|\n|-heal|p2a: Giggity|25\/100|[from] item: Leftovers\n|upkeep\n|turn|12\n|inactive|abi558 has 90 seconds left.\n|\n|t:|1698410802\n|move|p2b: Lumos|Dazzling Gleam|p1b: Zapdos|[spread] p1a,p1b\n|-damage|p1a: Manaphy|87\/100\n|-damage|p1b: Zapdos|74\/100\n|move|p1b: Zapdos|Air Cutter|p2a: Giggity|[spread] p2a,p2b\n|-crit|p2b: Lumos\n|-damage|p2a: Giggity|18\/100\n|-damage|p2b: Lumos|0 fnt\n|faint|p2b: Lumos\n|move|p1a: Manaphy|Dazzling Gleam|p2a: Giggity\n|-resisted|p2a: Giggity\n|-damage|p2a: Giggity|14\/100\n|move|p2a: Giggity|Earthquake|p1a: Manaphy|[spread] p1a\n|-immune|p1b: Zapdos\n|-damage|p1a: Manaphy|60\/100\n|\n|-heal|p1a: Manaphy|67\/100|[from] item: Leftovers\n|-heal|p2a: Giggity|20\/100|[from] item: Leftovers\n|upkeep\n|\n|t:|1698410821\n|switch|p2b: Moisty|Gastrodon, F, shiny|100\/100\n|turn|13\n|inactive|abi558 has 90 seconds left.\n|\n|t:|1698410839\n|move|p1a: Manaphy|Dazzling Gleam|p2a: Giggity|[spread] p2a,p2b\n|-resisted|p2a: Giggity\n|-damage|p2a: Giggity|18\/100\n|-damage|p2b: Moisty|54\/100\n|move|p1b: Zapdos|Air Cutter|p2b: Moisty|[spread] p2a,p2b\n|-damage|p2a: Giggity|10\/100\n|-damage|p2b: Moisty|39\/100\n|move|p2b: Moisty|Earth Power|p1a: Manaphy\n|-damage|p1a: Manaphy|40\/100\n|move|p2a: Giggity|Earthquake|p1a: Manaphy|[spread] p2b,p1a\n|-immune|p1b: Zapdos\n|-crit|p1a: Manaphy\n|-damage|p2b: Moisty|14\/100\n|-damage|p1a: Manaphy|0 fnt\n|faint|p1a: Manaphy\n|\n|-heal|p2a: Giggity|16\/100|[from] item: Leftovers\n|upkeep\n|\n|t:|1698410855\n|switch|p1a: Clefable|Clefable, F|100\/100\n|turn|14\n|\n|t:|1698410880\n|move|p1b: Zapdos|Air Cutter|p2b: Moisty|[spread] p2a,p2b\n|-damage|p2a: Giggity|8\/100\n|-damage|p2b: Moisty|0 fnt\n|faint|p2b: Moisty\n|move|p1a: Clefable|Dazzling Gleam|p2a: Giggity\n|-resisted|p2a: Giggity\n|-damage|p2a: Giggity|4\/100\n|move|p2a: Giggity|Liquidation|p1a: Clefable\n|-damage|p1a: Clefable|59\/100\n|\n|-heal|p1a: Clefable|65\/100|[from] item: Leftovers\n|-heal|p2a: Giggity|10\/100|[from] item: Leftovers\n|upkeep\n|\n|t:|1698410895\n|switch|p2b: Tombe|Spiritomb, M, shiny|84\/100\n|turn|15\n|inactive|abi558 has 120 seconds left.\n|\n|t:|1698410906\n|move|p1b: Zapdos|Air Cutter|p2b: Tombe|[spread] p2a,p2b\n|-damage|p2a: Giggity|3\/100\n|-damage|p2b: Tombe|58\/100\n|move|p1a: Clefable|Dazzling Gleam|p2a: Giggity|[spread] p2a,p2b\n|-resisted|p2a: Giggity\n|-supereffective|p2b: Tombe\n|-damage|p2a: Giggity|0 fnt\n|-damage|p2b: Tombe|20\/100\n|faint|p2a: Giggity\n|move|p2b: Tombe|Calm Mind|p2b: Tombe\n|-boost|p2b: Tombe|spa|1\n|-boost|p2b: Tombe|spd|1\n|\n|-heal|p1a: Clefable|71\/100|[from] item: Leftovers\n|-heal|p2b: Tombe|27\/100|[from] item: Leftovers\n|upkeep\n|turn|16\n|-message|abi558 forfeited.\n|\n|win|mynamewest\n|raw|mynamewest's rating: 1052 &rarr; <strong>1089<\/strong><br \/>(+37 for winning)\n|raw|abi558's rating: 1101 &rarr; <strong>1072<\/strong><br \/>(-29 for losing)\n|l|\u2606abi558\n","uploadtime":1698410933,"views":22,"p1id":"mynamewest","p2id":"abi558","formatid":"gen9doublesou","rating":1072,"private":0,"password":""}