{"id":"gen9doublesou-1972543902","p1":"Pazz The Puzzled","p2":"Perucho blue","format":"[Gen 9] Doubles OU","log":"|j|\u2606Pazz The Puzzled\n|j|\u2606Perucho blue\n|t:|1697855123\n|gametype|doubles\n|player|p1|Pazz The Puzzled|unknown|1061\n|player|p2|Perucho blue|2|1000\n|teamsize|p1|6\n|teamsize|p2|6\n|gen|9\n|tier|[Gen 9] Doubles OU\n|rated|\n|rule|Species Clause: Limit one of each Pok\u00e9mon\n|rule|OHKO Clause: OHKO moves are banned\n|rule|Evasion Moves Clause: Evasion moves are banned\n|rule|Gravity Sleep Clause: The combination of sleep-inducing moves with imperfect accuracy and Gravity or Gigantamax Orbeetle are banned\n|rule|Endless Battle Clause: Forcing endless battles is banned\n|rule|HP Percentage Mod: HP is shown in percentages\n|clearpoke\n|poke|p1|Oricorio-Pom-Pom, M|\n|poke|p1|Volcarona, F|\n|poke|p1|Pelipper, F|\n|poke|p1|Palafin, F|\n|poke|p1|Bellibolt, F|\n|poke|p1|Oranguru, F|\n|poke|p2|Baxcalibur, F|\n|poke|p2|Ninetales-Alola, F|\n|poke|p2|Rillaboom, F|\n|poke|p2|Sinistcha|\n|poke|p2|Tauros, M|\n|poke|p2|Swanna, F|\n|teampreview\n|\n|t:|1697855130\n|start\n|switch|p1a: Bellibolt|Bellibolt, F|100\/100\n|switch|p1b: Oranguru|Oranguru, F|100\/100\n|switch|p2a: Baxcalibur|Baxcalibur, F|100\/100\n|switch|p2b: Ninetales|Ninetales-Alola, F|100\/100\n|-weather|Snow|[from] ability: Snow Warning|[of] p2b: Ninetales\n|turn|1\n|\n|t:|1697855147\n|move|p1a: Bellibolt|Protect|p1a: Bellibolt\n|-singleturn|p1a: Bellibolt|Protect\n|move|p2b: Ninetales|Aurora Veil|p2b: Ninetales\n|-sidestart|p2: Perucho blue|move: Aurora Veil\n|move|p2a: Baxcalibur|Dragon Dance|p2a: Baxcalibur\n|-boost|p2a: Baxcalibur|atk|1\n|-boost|p2a: Baxcalibur|spe|1\n|move|p1b: Oranguru|Trick Room|p1b: Oranguru\n|-fieldstart|move: Trick Room|[of] p1b: Oranguru\n|\n|-weather|Snow|[upkeep]\n|upkeep\n|turn|2\n|\n|t:|1697855174\n|-terastallize|p1a: Bellibolt|Electric\n|move|p1a: Bellibolt|Discharge|p2b: Ninetales|[spread] p2a,p2b\n|-activate|p1b: Oranguru|ability: Telepathy\n|-resisted|p2a: Baxcalibur\n|-damage|p2a: Baxcalibur|85\/100\n|-damage|p2b: Ninetales|73\/100\n|-damage|p1a: Bellibolt|90\/100|[from] item: Life Orb\n|move|p1b: Oranguru|Instruct|p1a: Bellibolt\n|-singleturn|p1a: Bellibolt|move: Instruct|[of] p1b: Oranguru\n|move|p1a: Bellibolt|Discharge|p2a: Baxcalibur|[spread] p2a,p2b\n|-activate|p1b: Oranguru|ability: Telepathy\n|-resisted|p2a: Baxcalibur\n|-damage|p2a: Baxcalibur|70\/100\n|-damage|p2b: Ninetales|44\/100\n|-damage|p1a: Bellibolt|80\/100|[from] item: Life Orb\n|move|p2b: Ninetales|Dazzling Gleam|p1b: Oranguru|[spread] p1a,p1b\n|-damage|p1a: Bellibolt|60\/100\n|-damage|p1b: Oranguru|83\/100\n|-start|p1a: Bellibolt|Charge|Dazzling Gleam|[from] ability: Electromorphosis\n|move|p2a: Baxcalibur|Icicle Spear|p1a: Bellibolt\n|-damage|p1a: Bellibolt|40\/100\n|-start|p1a: Bellibolt|Charge|Icicle Spear|[from] ability: Electromorphosis\n|-damage|p1a: Bellibolt|20\/100\n|-start|p1a: Bellibolt|Charge|Icicle Spear|[from] ability: Electromorphosis\n|-damage|p1a: Bellibolt|1\/100\n|-start|p1a: Bellibolt|Charge|Icicle Spear|[from] ability: Electromorphosis\n|-damage|p1a: Bellibolt|0 fnt\n|faint|p1a: Bellibolt\n|-hitcount|p1: Bellibolt|4\n|\n|-weather|Snow|[upkeep]\n|-heal|p2a: Baxcalibur|76\/100|[from] ability: Ice Body\n|-heal|p1b: Oranguru|89\/100|[from] item: Leftovers\n|upkeep\n|\n|t:|1697855207\n|switch|p1a: Pelipper|Pelipper, F|100\/100\n|-weather|RainDance|[from] ability: Drizzle|[of] p1a: Pelipper\n|turn|3\n|\n|t:|1697855237\n|switch|p2b: Rillaboom|Rillaboom, F|100\/100\n|move|p1b: Oranguru|Yawn|p2a: Baxcalibur\n|-start|p2a: Baxcalibur|move: Yawn|[of] p1b: Oranguru\n|move|p1a: Pelipper|Acrobatics|p2b: Rillaboom\n|-supereffective|p2b: Rillaboom\n|-damage|p2b: Rillaboom|81\/100\n|move|p2a: Baxcalibur|Icicle Spear|p1b: Oranguru\n|-damage|p1b: Oranguru|71\/100\n|-damage|p1b: Oranguru|54\/100\n|-damage|p1b: Oranguru|38\/100\n|-damage|p1b: Oranguru|19\/100\n|-damage|p1b: Oranguru|0 fnt\n|faint|p1b: Oranguru\n|-hitcount|p1: Oranguru|5\n|\n|-weather|RainDance|[upkeep]\n|upkeep\n|\n|t:|1697855253\n|switch|p1b: Palafin|Palafin, F|100\/100\n|turn|4\n|\n|t:|1697855276\n|move|p2b: Rillaboom|Fake Out|p1a: Pelipper\n|-damage|p1a: Pelipper|86\/100\n|cant|p1a: Pelipper|flinch\n|move|p1b: Palafin|Flip Turn|p2a: Baxcalibur\n|-resisted|p2a: Baxcalibur\n|-damage|p2a: Baxcalibur|63\/100\n|-damage|p1b: Palafin|91\/100|[from] item: Life Orb\n|\n|t:|1697855287\n|detailschange|p1b: Palafin|Palafin-Hero, F\n|switch|p1b: Oricorio|Oricorio-Pom-Pom, M|100\/100|[from] Flip Turn\n|move|p2a: Baxcalibur|Icicle Spear|p1a: Pelipper\n|-damage|p1a: Pelipper|64\/100\n|-damage|p1a: Pelipper|39\/100\n|-damage|p1a: Pelipper|18\/100\n|-crit|p1a: Pelipper\n|-damage|p1a: Pelipper|0 fnt\n|faint|p1a: Pelipper\n|-hitcount|p1: Pelipper|4\n|\n|-weather|RainDance|[upkeep]\n|-end|p2a: Baxcalibur|move: Yawn|[silent]\n|-status|p2a: Baxcalibur|slp\n|upkeep\n|\n|t:|1697855299\n|switch|p1a: Volcarona|Volcarona, F|100\/100\n|turn|5\n|\n|t:|1697855314\n|switch|p2a: Swanna|Swanna, F|100\/100\n|move|p2b: Rillaboom|Protect|p2b: Rillaboom\n|-singleturn|p2b: Rillaboom|Protect\n|move|p1b: Oricorio|Quiver Dance|p1b: Oricorio\n|-boost|p1b: Oricorio|spa|1\n|-boost|p1b: Oricorio|spd|1\n|-boost|p1b: Oricorio|spe|1\n|move|p1a: Volcarona|Quiver Dance|p1a: Volcarona\n|-boost|p1a: Volcarona|spa|1\n|-boost|p1a: Volcarona|spd|1\n|-boost|p1a: Volcarona|spe|1\n|-activate|p1b: Oricorio|ability: Dancer\n|move|p1b: Oricorio|Quiver Dance|p1b: Oricorio|[from]ability: Dancer\n|-boost|p1b: Oricorio|spa|1\n|-boost|p1b: Oricorio|spd|1\n|-boost|p1b: Oricorio|spe|1\n|\n|-weather|RainDance|[upkeep]\n|-sideend|p2: Perucho blue|move: Aurora Veil\n|-fieldend|move: Trick Room\n|upkeep\n|turn|6\n|inactive|Battle timer is ON: inactive players will automatically lose when time's up. (requested by Pazz The Puzzled)\n|\n|t:|1697855366\n|move|p2b: Rillaboom|Fake Out||[still]\n|-hint|Fake Out only works on your first turn out.\n|-fail|p2b: Rillaboom\n|move|p2a: Swanna|Aqua Jet|p1a: Volcarona\n|-supereffective|p1a: Volcarona\n|-damage|p1a: Volcarona|42\/100\n|move|p1b: Oricorio|Revelation Dance|p2a: Swanna\n|-supereffective|p2a: Swanna\n|-damage|p2a: Swanna|0 fnt\n|faint|p2a: Swanna\n|move|p1a: Volcarona|Fiery Dance|p2b: Rillaboom\n|-supereffective|p2b: Rillaboom\n|-damage|p2b: Rillaboom|3\/100\n|-boost|p1a: Volcarona|spa|1\n|-activate|p1b: Oricorio|ability: Dancer\n|move|p1b: Oricorio|Fiery Dance|p2b: Rillaboom|[from]ability: Dancer\n|-supereffective|p2b: Rillaboom\n|-damage|p2b: Rillaboom|0 fnt\n|-boost|p1b: Oricorio|spa|1\n|faint|p2b: Rillaboom\n|\n|-weather|RainDance|[upkeep]\n|upkeep\n|inactive|Perucho blue has 120 seconds left.\n|\n|t:|1697855396\n|switch|p2a: Tauros|Tauros, M|100\/100\n|switch|p2b: Ninetales|Ninetales-Alola, F|44\/100\n|-ability|p2a: Tauros|Intimidate|boost\n|-unboost|p1a: Volcarona|atk|1\n|-unboost|p1b: Oricorio|atk|1\n|-weather|Snow|[from] ability: Snow Warning|[of] p2b: Ninetales\n|turn|7\n|inactive|Perucho blue has 120 seconds left.\n|\n|t:|1697855429\n|move|p1b: Oricorio|Revelation Dance|p2a: Tauros\n|-damage|p2a: Tauros|0 fnt\n|faint|p2a: Tauros\n|move|p1a: Volcarona|Fiery Dance|p2b: Ninetales\n|-supereffective|p2b: Ninetales\n|-damage|p2b: Ninetales|0 fnt\n|-boost|p1a: Volcarona|spa|1\n|faint|p2b: Ninetales\n|-activate|p1b: Oricorio|ability: Dancer\n|move|p1b: Oricorio|Fiery Dance|p2: Tauros|[from]ability: Dancer|[notarget]\n|-fail|p1b: Oricorio\n|\n|-weather|Snow|[upkeep]\n|upkeep\n|\n|t:|1697855447\n|switch|p2a: Sinistcha|Sinistcha|100\/100\n|switch|p2b: Baxcalibur|Baxcalibur, F|63\/100 slp\n|-heal|p2b: Baxcalibur|88\/100 slp|[from] ability: Hospitality|[of] p2a: Sinistcha\n|turn|8\n|c|\u2606Pazz The Puzzled|reverse sweep\n|inactive|Perucho blue has 120 seconds left.\n|inactive|Perucho blue has 90 seconds left.\n|\n|t:|1697855492\n|move|p2a: Sinistcha|Rage Powder|p2a: Sinistcha\n|-singleturn|p2a: Sinistcha|move: Rage Powder\n|move|p1b: Oricorio|Revelation Dance|p2a: Sinistcha\n|-resisted|p2a: Sinistcha\n|-damage|p2a: Sinistcha|59\/100\n|move|p1a: Volcarona|Fiery Dance|p2a: Sinistcha\n|-supereffective|p2a: Sinistcha\n|-damage|p2a: Sinistcha|0 fnt\n|-boost|p1a: Volcarona|spa|1\n|faint|p2a: Sinistcha\n|-activate|p1b: Oricorio|ability: Dancer\n|move|p1b: Oricorio|Fiery Dance|p2b: Baxcalibur|[from]ability: Dancer\n|-damage|p2b: Baxcalibur|34\/100 slp\n|cant|p2b: Baxcalibur|slp\n|\n|-weather|Snow|[upkeep]\n|-heal|p2b: Baxcalibur|40\/100 slp|[from] ability: Ice Body\n|upkeep\n|turn|9\n|c|\u2606Pazz The Puzzled|ggs\n|inactive|Perucho blue has 90 seconds left.\n|\n|t:|1697855518\n|-terastallize|p2b: Baxcalibur|Dragon\n|move|p1b: Oricorio|Revelation Dance|p2b: Baxcalibur\n|-resisted|p2b: Baxcalibur\n|-damage|p2b: Baxcalibur|0 fnt\n|faint|p2b: Baxcalibur\n|\n|win|Pazz The Puzzled\n|raw|Pazz The Puzzled's rating: 1061 &rarr; <strong>1091<\/strong><br \/>(+30 for winning)\n|raw|Perucho blue's rating: 1054 &rarr; <strong>1036<\/strong><br \/>(-18 for losing)\n","uploadtime":1697855544,"views":18,"p1id":"pazzthepuzzled","p2id":"peruchoblue","formatid":"gen9doublesou","rating":1036,"private":0,"password":""}