{"id":"gen9doublesou-1991633411","p1":"mukprince","p2":"God of reandos","format":"[Gen 9] Doubles OU","log":"|j|\u2606mukprince\n|j|\u2606God of reandos\n|t:|1700096531\n|gametype|doubles\n|player|p1|mukprince|koga|1068\n|player|p2|God of reandos|170|1102\n|teamsize|p1|6\n|teamsize|p2|6\n|gen|9\n|tier|[Gen 9] Doubles OU\n|rated|\n|rule|Species Clause: Limit one of each Pok\u00e9mon\n|rule|OHKO Clause: OHKO moves are banned\n|rule|Evasion Moves Clause: Evasion moves are banned\n|rule|Gravity Sleep Clause: The combination of sleep-inducing moves with imperfect accuracy and Gravity or Gigantamax Orbeetle are banned\n|rule|Endless Battle Clause: Forcing endless battles is banned\n|rule|HP Percentage Mod: HP is shown in percentages\n|clearpoke\n|poke|p1|Volcarona, M|\n|poke|p1|Oricorio, M|\n|poke|p1|Palafin, F|\n|poke|p1|Iron Hands|\n|poke|p1|Kingambit, M|\n|poke|p1|Glimmora, M|\n|poke|p2|Chi-Yu|\n|poke|p2|Sylveon, F|\n|poke|p2|Ursaluna-Bloodmoon, M|\n|poke|p2|Clefairy, M|\n|poke|p2|Rillaboom, M|\n|poke|p2|Torkoal, M|\n|teampreview\n|inactive|Battle timer is ON: inactive players will automatically lose when time's up. (requested by God of reandos)\n|\n|t:|1700096539\n|start\n|switch|p1a: Volcarona|Volcarona, M|100\/100\n|switch|p1b: Oricorio|Oricorio, M, shiny|100\/100\n|switch|p2a: Torkoal|Torkoal, M|100\/100\n|switch|p2b: Rillaboom|Rillaboom, M|100\/100\n|-fieldstart|move: Grassy Terrain|[from] ability: Grassy Surge|[of] p2b: Rillaboom\n|-enditem|p2b: Rillaboom|Grassy Seed\n|-boost|p2b: Rillaboom|def|1|[from] item: Grassy Seed\n|-weather|SunnyDay|[from] ability: Drought|[of] p2a: Torkoal\n|turn|1\n|inactive|God of reandos has 120 seconds left.\n|\n|t:|1700096588\n|move|p1a: Volcarona|Fiery Dance|p2b: Rillaboom\n|-supereffective|p2b: Rillaboom\n|-damage|p2b: Rillaboom|0 fnt\n|faint|p2b: Rillaboom\n|-activate|p1b: Oricorio|ability: Dancer\n|move|p1b: Oricorio|Fiery Dance|p2a: Torkoal|[from]ability: Dancer\n|-resisted|p2a: Torkoal\n|-damage|p2a: Torkoal|64\/100\n|move|p1b: Oricorio|Quiver Dance|p1b: Oricorio\n|-boost|p1b: Oricorio|spa|1\n|-boost|p1b: Oricorio|spd|1\n|-boost|p1b: Oricorio|spe|1\n|move|p2a: Torkoal|Eruption|p1a: Volcarona|[spread] p1a,p1b\n|-resisted|p1b: Oricorio\n|-damage|p1a: Volcarona|67\/100\n|-damage|p1b: Oricorio|84\/100\n|\n|-weather|SunnyDay|[upkeep]\n|-heal|p1a: Volcarona|74\/100|[from] Grassy Terrain\n|-heal|p2a: Torkoal|71\/100|[from] Grassy Terrain\n|upkeep\n|inactive|God of reandos has 90 seconds left.\n|\n|t:|1700096612\n|switch|p2b: Chi-Yu|Chi-Yu|100\/100\n|-ability|p2b: Chi-Yu|Beads of Ruin\n|turn|2\n|\n|t:|1700096633\n|move|p1b: Oricorio|Quiver Dance|p1b: Oricorio\n|-boost|p1b: Oricorio|spa|1\n|-boost|p1b: Oricorio|spd|1\n|-boost|p1b: Oricorio|spe|1\n|move|p2b: Chi-Yu|Light Screen|p2b: Chi-Yu\n|-sidestart|p2: God of reandos|move: Light Screen\n|move|p1a: Volcarona|Quiver Dance|p1a: Volcarona\n|-boost|p1a: Volcarona|spa|1\n|-boost|p1a: Volcarona|spd|1\n|-boost|p1a: Volcarona|spe|1\n|-activate|p1b: Oricorio|ability: Dancer\n|move|p1b: Oricorio|Quiver Dance|p1b: Oricorio|[from]ability: Dancer\n|-boost|p1b: Oricorio|spa|1\n|-boost|p1b: Oricorio|spd|1\n|-boost|p1b: Oricorio|spe|1\n|move|p2a: Torkoal|Earthquake|p1a: Volcarona|[spread] p2b,p1a\n|-immune|p1b: Oricorio\n|-supereffective|p2b: Chi-Yu\n|-damage|p2b: Chi-Yu|77\/100\n|-damage|p1a: Volcarona|62\/100\n|\n|-weather|SunnyDay|[upkeep]\n|-heal|p1a: Volcarona|68\/100|[from] Grassy Terrain\n|-heal|p2b: Chi-Yu|83\/100|[from] Grassy Terrain\n|-heal|p2b: Chi-Yu|89\/100|[from] item: Leftovers\n|-heal|p2a: Torkoal|77\/100|[from] Grassy Terrain\n|upkeep\n|turn|3\n|inactive|mukprince has 120 seconds left.\n|\n|t:|1700096667\n|move|p1b: Oricorio|Revelation Dance|p2a: Torkoal\n|-resisted|p2a: Torkoal\n|-damage|p2a: Torkoal|0 fnt\n|faint|p2a: Torkoal\n|move|p1a: Volcarona|Fiery Dance|p2b: Chi-Yu\n|-resisted|p2b: Chi-Yu\n|-damage|p2b: Chi-Yu|46\/100\n|-activate|p1b: Oricorio|ability: Dancer\n|move|p1b: Oricorio|Fiery Dance|p2b: Chi-Yu|[from]ability: Dancer\n|-resisted|p2b: Chi-Yu\n|-damage|p2b: Chi-Yu|0 fnt\n|-boost|p1b: Oricorio|spa|1\n|faint|p2b: Chi-Yu\n|\n|-weather|SunnyDay|[upkeep]\n|-heal|p1a: Volcarona|74\/100|[from] Grassy Terrain\n|upkeep\n|inactive|God of reandos has 90 seconds left.\n|\n|t:|1700096686\n|switch|p2b: Clefairy|Clefairy, M|100\/100\n|switch|p2a: Sylveon|Sylveon, F|100\/100\n|turn|4\n|\n|t:|1700096698\n|move|p2b: Clefairy|Follow Me|p2b: Clefairy\n|-singleturn|p2b: Clefairy|move: Follow Me\n|move|p1b: Oricorio|Revelation Dance|p2b: Clefairy\n|-damage|p2b: Clefairy|25\/100\n|move|p1a: Volcarona|Fiery Dance|p2b: Clefairy\n|-damage|p2b: Clefairy|0 fnt\n|faint|p2b: Clefairy\n|-activate|p1b: Oricorio|ability: Dancer\n|move|p1b: Oricorio|Fiery Dance|p2a: Sylveon|[from]ability: Dancer\n|-damage|p2a: Sylveon|23\/100\n|-boost|p1b: Oricorio|spa|1\n|move|p2a: Sylveon|Skill Swap|p1b: Oricorio\n|-activate|p2a: Sylveon|move: Skill Swap|Dancer|Pixilate|[of] p1b: Oricorio\n|\n|-weather|SunnyDay|[upkeep]\n|-heal|p1a: Volcarona|80\/100|[from] Grassy Terrain\n|-heal|p2a: Sylveon|29\/100|[from] Grassy Terrain\n|upkeep\n|\n|t:|1700096714\n|switch|p2b: Ursaluna|Ursaluna-Bloodmoon, M|100\/100\n|turn|5\n|inactive|God of reandos has 120 seconds left.\n|\n|t:|1700096733\n|-terastallize|p2b: Ursaluna|Ghost\n|move|p1b: Oricorio|Air Slash|p2b: Ursaluna\n|-damage|p2b: Ursaluna|15\/100\n|move|p1a: Volcarona|Bug Buzz|p2a: Sylveon\n|-resisted|p2a: Sylveon\n|-damage|p2a: Sylveon|10\/100\n|move|p2a: Sylveon|Dazzling Gleam|p1b: Oricorio|[spread] p1a,p1b\n|-resisted|p1a: Volcarona\n|-resisted|p1b: Oricorio\n|-damage|p1a: Volcarona|68\/100\n|-damage|p1b: Oricorio|74\/100\n|move|p2b: Ursaluna|Rock Slide|p1a: Volcarona|[spread] p1a,p1b\n|-supereffective|p1a: Volcarona\n|-supereffective|p1b: Oricorio\n|-damage|p1a: Volcarona|9\/100\n|-damage|p1b: Oricorio|10\/100\n|-enditem|p1b: Oricorio|Aguav Berry|[eat]\n|-heal|p1b: Oricorio|44\/100|[from] item: Aguav Berry\n|\n|-weather|none\n|-heal|p1a: Volcarona|16\/100|[from] Grassy Terrain\n|-heal|p2a: Sylveon|16\/100|[from] Grassy Terrain\n|-heal|p2b: Ursaluna|21\/100|[from] Grassy Terrain\n|-fieldend|move: Grassy Terrain\n|upkeep\n|turn|6\n|-message|God of reandos forfeited.\n|\n|win|mukprince\n|raw|mukprince's rating: 1068 &rarr; <strong>1101<\/strong><br \/>(+33 for winning)\n|raw|God of reandos's rating: 1102 &rarr; <strong>1075<\/strong><br \/>(-27 for losing)\n|l|\u2606God of reandos\n","uploadtime":1700096764,"views":6,"p1id":"mukprince","p2id":"godofreandos","formatid":"gen9doublesou","rating":1075,"private":0,"password":""}