{"id":"gen9doublesou-1989810205","p1":"mrplotonick","p2":"acroboyx","format":"[Gen 9] Doubles OU","log":"|j|\u2606mrplotonick\n|j|\u2606acroboyx\n|t:|1699897625\n|gametype|doubles\n|player|p1|mrplotonick|265|1286\n|player|p2|acroboyx|swimmer-gen4|1327\n|teamsize|p1|6\n|teamsize|p2|6\n|gen|9\n|tier|[Gen 9] Doubles OU\n|rated|\n|rule|Species Clause: Limit one of each Pok\u00e9mon\n|rule|OHKO Clause: OHKO moves are banned\n|rule|Evasion Moves Clause: Evasion moves are banned\n|rule|Gravity Sleep Clause: The combination of sleep-inducing moves with imperfect accuracy and Gravity or Gigantamax Orbeetle are banned\n|rule|Endless Battle Clause: Forcing endless battles is banned\n|rule|HP Percentage Mod: HP is shown in percentages\n|clearpoke\n|poke|p1|Amoonguss, F|\n|poke|p1|Palafin, M|\n|poke|p1|Pelipper, M|\n|poke|p1|Greninja-*, M|\n|poke|p1|Gholdengo|\n|poke|p1|Tornadus, M|\n|poke|p2|Appletun, M|\n|poke|p2|Grafaiai, F|\n|poke|p2|Slaking, M|\n|poke|p2|Volcarona, F|\n|poke|p2|Gholdengo|\n|poke|p2|Ceruledge, M|\n|teampreview\n|inactive|Battle timer is ON: inactive players will automatically lose when time's up. (requested by acroboyx)\n|\n|t:|1699897655\n|start\n|switch|p1a: Tornadus|Tornadus, M|100\/100\n|switch|p1b: Greninja|Greninja, M|100\/100\n|switch|p2a: Fido dido|Gholdengo, shiny|100\/100\n|switch|p2b: Polilla|Volcarona, F, shiny|100\/100\n|turn|1\n|\n|t:|1699897666\n|-terastallize|p1b: Greninja|Water\n|move|p1a: Tornadus|Tailwind|p1a: Tornadus\n|-sidestart|p1: mrplotonick|move: Tailwind\n|move|p1b: Greninja|Surf|p2a: Fido dido|[spread] p1a,p2a,p2b\n|-supereffective|p2b: Polilla\n|-damage|p1a: Tornadus|24\/100\n|-damage|p2a: Fido dido|32\/100\n|-enditem|p2b: Polilla|Focus Sash\n|-damage|p2b: Polilla|1\/100\n|move|p2b: Polilla|Bug Buzz|p1b: Greninja\n|-damage|p1b: Greninja|15\/100\n|move|p2a: Fido dido|Make It Rain|p1b: Greninja|[spread] p1a,p1b\n|-resisted|p1b: Greninja\n|-crit|p1b: Greninja\n|-damage|p1a: Tornadus|0 fnt\n|-damage|p1b: Greninja|0 fnt\n|-unboost|p2a: Fido dido|spa|1\n|faint|p1a: Tornadus\n|faint|p1b: Greninja\n|\n|upkeep\n|\n|t:|1699897677\n|switch|p1b: Palafin|Palafin, M|100\/100\n|switch|p1a: Pelipper|Pelipper, M|100\/100\n|-weather|RainDance|[from] ability: Drizzle|[of] p1a: Pelipper\n|turn|2\n|\n|t:|1699897698\n|move|p1b: Palafin|Jet Punch|p2b: Polilla\n|-supereffective|p2b: Polilla\n|-damage|p2b: Polilla|0 fnt\n|faint|p2b: Polilla\n|-damage|p1b: Palafin|91\/100|[from] item: Life Orb\n|move|p1a: Pelipper|Hurricane|p2a: Fido dido\n|-resisted|p2a: Fido dido\n|-damage|p2a: Fido dido|9\/100\n|move|p2a: Fido dido|Make It Rain|p1a: Pelipper|[spread] p1a,p1b\n|-resisted|p1a: Pelipper\n|-resisted|p1b: Palafin\n|-damage|p1a: Pelipper|70\/100\n|-damage|p1b: Palafin|49\/100\n|-unboost|p2a: Fido dido|spa|1\n|\n|-weather|RainDance|[upkeep]\n|upkeep\n|inactive|acroboyx has 120 seconds left.\n|\n|t:|1699897739\n|switch|p2b: Steve Jobs|Appletun, M, shiny|100\/100\n|turn|3\n|\n|t:|1699897752\n|-terastallize|p2b: Steve Jobs|Steel\n|move|p1b: Palafin|Jet Punch|p2a: Fido dido\n|-damage|p2a: Fido dido|0 fnt\n|faint|p2a: Fido dido\n|-damage|p1b: Palafin|39\/100|[from] item: Life Orb\n|move|p1a: Pelipper|Hurricane|p2b: Steve Jobs\n|-resisted|p2b: Steve Jobs\n|-damage|p2b: Steve Jobs|87\/100\n|move|p2b: Steve Jobs|Apple Acid|p1b: Palafin\n|-supereffective|p1b: Palafin\n|-damage|p1b: Palafin|0 fnt\n|faint|p1b: Palafin\n|\n|-weather|RainDance|[upkeep]\n|-heal|p2b: Steve Jobs|94\/100|[from] item: Leftovers\n|upkeep\n|\n|t:|1699897771\n|switch|p1b: Amoonguss|Amoonguss, F|100\/100\n|switch|p2a: Espadita|Ceruledge, M, shiny|100\/100\n|turn|4\n|\n|t:|1699897797\n|move|p1a: Pelipper|Knock Off|p2a: Espadita\n|-supereffective|p2a: Espadita\n|-damage|p2a: Espadita|68\/100\n|-enditem|p2a: Espadita|Focus Sash|[from] move: Knock Off|[of] p1a: Pelipper\n|move|p2a: Espadita|Shadow Claw|p1a: Pelipper\n|-damage|p1a: Pelipper|38\/100\n|move|p1b: Amoonguss|Toxic|p2a: Espadita\n|-status|p2a: Espadita|tox\n|move|p2b: Steve Jobs|Apple Acid|p1a: Pelipper\n|-damage|p1a: Pelipper|4\/100\n|-unboost|p1a: Pelipper|spd|1\n|\n|-weather|RainDance|[upkeep]\n|-heal|p2b: Steve Jobs|99\/100|[from] item: Leftovers\n|-damage|p2a: Espadita|62\/100 tox|[from] psn\n|-sideend|p1: mrplotonick|move: Tailwind\n|upkeep\n|turn|5\n|\n|t:|1699897814\n|move|p1b: Amoonguss|Rage Powder|p1b: Amoonguss\n|-singleturn|p1b: Amoonguss|move: Rage Powder\n|move|p2a: Espadita|Bitter Blade|p1b: Amoonguss\n|-supereffective|p1b: Amoonguss\n|-damage|p1b: Amoonguss|63\/100\n|-heal|p2a: Espadita|90\/100 tox|[from] drain|[of] p1b: Amoonguss\n|move|p1a: Pelipper|Tailwind|p1a: Pelipper\n|-sidestart|p1: mrplotonick|move: Tailwind\n|move|p2b: Steve Jobs|Apple Acid|p1b: Amoonguss\n|-resisted|p1b: Amoonguss\n|-damage|p1b: Amoonguss|57\/100\n|-unboost|p1b: Amoonguss|spd|1\n|\n|-weather|RainDance|[upkeep]\n|-heal|p2b: Steve Jobs|100\/100|[from] item: Leftovers\n|-damage|p2a: Espadita|78\/100 tox|[from] psn\n|upkeep\n|turn|6\n|\n|t:|1699897832\n|move|p2a: Espadita|Shadow Sneak|p1a: Pelipper\n|-crit|p1a: Pelipper\n|-damage|p1a: Pelipper|0 fnt\n|faint|p1a: Pelipper\n|move|p1b: Amoonguss|Pollen Puff|p1: Pelipper|[notarget]\n|-fail|p1b: Amoonguss\n|move|p2b: Steve Jobs|Apple Acid|p1b: Amoonguss\n|-resisted|p1b: Amoonguss\n|-damage|p1b: Amoonguss|49\/100\n|-unboost|p1b: Amoonguss|spd|1\n|-enditem|p1b: Amoonguss|Sitrus Berry|[eat]\n|-heal|p1b: Amoonguss|74\/100|[from] item: Sitrus Berry\n|\n|-weather|RainDance|[upkeep]\n|-damage|p2a: Espadita|59\/100 tox|[from] psn\n|upkeep\n|\n|t:|1699897837\n|switch|p1a: Gholdengo|Gholdengo|100\/100\n|turn|7\n|\n|t:|1699897862\n|move|p1b: Amoonguss|Protect|p1b: Amoonguss\n|-singleturn|p1b: Amoonguss|Protect\n|move|p2a: Espadita|Shadow Sneak|p1a: Gholdengo\n|-supereffective|p1a: Gholdengo\n|-damage|p1a: Gholdengo|60\/100\n|move|p1a: Gholdengo|Shadow Ball|p2b: Steve Jobs\n|-damage|p2b: Steve Jobs|56\/100\n|-unboost|p2b: Steve Jobs|spd|1\n|move|p2b: Steve Jobs|Apple Acid|p1b: Amoonguss\n|-activate|p1b: Amoonguss|move: Protect\n|\n|-weather|RainDance|[upkeep]\n|-heal|p2b: Steve Jobs|62\/100|[from] item: Leftovers\n|-damage|p2a: Espadita|35\/100 tox|[from] psn\n|upkeep\n|turn|8\n|\n|t:|1699897875\n|move|p1b: Amoonguss|Rage Powder|p1b: Amoonguss\n|-singleturn|p1b: Amoonguss|move: Rage Powder\n|move|p2a: Espadita|Shadow Sneak|p1b: Amoonguss\n|-damage|p1b: Amoonguss|55\/100\n|move|p1a: Gholdengo|Shadow Ball|p2a: Espadita\n|-supereffective|p2a: Espadita\n|-damage|p2a: Espadita|0 fnt\n|faint|p2a: Espadita\n|move|p2b: Steve Jobs|Apple Acid|p1b: Amoonguss\n|-resisted|p1b: Amoonguss\n|-damage|p1b: Amoonguss|44\/100\n|-unboost|p1b: Amoonguss|spd|1\n|\n|-weather|RainDance|[upkeep]\n|-heal|p2b: Steve Jobs|69\/100|[from] item: Leftovers\n|-sideend|p1: mrplotonick|move: Tailwind\n|upkeep\n|\n|t:|1699897889\n|switch|p2a: King Kong|Slaking, M, shiny|100\/100\n|turn|9\n|\n|t:|1699897894\n|move|p2a: King Kong|Shadow Claw|p1a: Gholdengo\n|-supereffective|p1a: Gholdengo\n|-damage|p1a: Gholdengo|0 fnt\n|faint|p1a: Gholdengo\n|move|p2b: Steve Jobs|Dragon Pulse|p1b: Amoonguss\n|-damage|p1b: Amoonguss|0 fnt\n|faint|p1b: Amoonguss\n|\n|win|acroboyx\n|raw|mrplotonick's rating: 1286 &rarr; <strong>1264<\/strong><br \/>(-22 for losing)\n|raw|acroboyx's rating: 1327 &rarr; <strong>1345<\/strong><br \/>(+18 for winning)\n|l|\u2606mrplotonick\n","uploadtime":1699897904,"views":4,"p1id":"mrplotonick","p2id":"acroboyx","formatid":"gen9doublesou","rating":1264,"private":0,"password":""}