{"id":"gen9doublesou-1996285017","p1":"RocketsViability","p2":"MarcSel18942","format":"[Gen 9] Doubles OU","log":"|j|\u2606RocketsViability\n|j|\u2606MarcSel18942\n|t:|1700667492\n|gametype|doubles\n|player|p1|RocketsViability|102|1184\n|player|p2|MarcSel18942|265|1192\n|teamsize|p1|6\n|teamsize|p2|6\n|gen|9\n|tier|[Gen 9] Doubles OU\n|rated|\n|rule|Species Clause: Limit one of each Pok\u00e9mon\n|rule|OHKO Clause: OHKO moves are banned\n|rule|Evasion Moves Clause: Evasion moves are banned\n|rule|Gravity Sleep Clause: The combination of sleep-inducing moves with imperfect accuracy and Gravity or Gigantamax Orbeetle are banned\n|rule|Endless Battle Clause: Forcing endless battles is banned\n|rule|HP Percentage Mod: HP is shown in percentages\n|clearpoke\n|poke|p1|Ninetales-Alola, M|\n|poke|p1|Trevenant, M|\n|poke|p1|Goodra-Hisui, M|\n|poke|p1|Sandslash-Alola, M|\n|poke|p1|Houndoom, F|\n|poke|p1|Empoleon, M|\n|poke|p2|Flutter Mane|\n|poke|p2|Landorus-Therian, M|\n|poke|p2|Iron Hands|\n|poke|p2|Kommo-o, M|\n|poke|p2|Tornadus, M|\n|poke|p2|Amoonguss, M|\n|teampreview\n|inactive|Battle timer is ON: inactive players will automatically lose when time's up. (requested by MarcSel18942)\n|\n|t:|1700667508\n|start\n|switch|p1a: Trevenant|Trevenant, M|100\/100\n|switch|p1b: Houndoom|Houndoom, F|100\/100\n|switch|p2a: Kommo-o|Kommo-o, M|100\/100\n|switch|p2b: Iron Hands|Iron Hands|100\/100\n|turn|1\n|\n|t:|1700667533\n|move|p1b: Houndoom|Flare Blitz|p2a: Kommo-o\n|-resisted|p2a: Kommo-o\n|-damage|p2a: Kommo-o|68\/100\n|-damage|p1b: Houndoom|90\/100|[from] Recoil\n|-damage|p1b: Houndoom|80\/100|[from] item: Life Orb\n|move|p2a: Kommo-o|Clangorous Soul|p2a: Kommo-o\n|-boost|p2a: Kommo-o|atk|1\n|-boost|p2a: Kommo-o|def|1\n|-boost|p2a: Kommo-o|spa|1\n|-boost|p2a: Kommo-o|spd|1\n|-boost|p2a: Kommo-o|spe|1\n|-damage|p2a: Kommo-o|35\/100\n|-enditem|p2a: Kommo-o|Throat Spray\n|-boost|p2a: Kommo-o|spa|1|[from] item: Throat Spray\n|move|p1a: Trevenant|Toxic|p2a: Kommo-o\n|-status|p2a: Kommo-o|tox\n|move|p2b: Iron Hands|Close Combat|p1b: Houndoom\n|-supereffective|p1b: Houndoom\n|-damage|p1b: Houndoom|0 fnt\n|-unboost|p2b: Iron Hands|def|1\n|-unboost|p2b: Iron Hands|spd|1\n|-enditem|p2b: Iron Hands|White Herb\n|-clearnegativeboost|p2b: Iron Hands|[silent]\n|faint|p1b: Houndoom\n|\n|-damage|p2a: Kommo-o|29\/100 tox|[from] psn\n|upkeep\n|inactive|RocketsViability has 120 seconds left.\n|\n|t:|1700667556\n|switch|p1b: Sandslash|Sandslash-Alola, M|100\/100\n|turn|2\n|\n|t:|1700667574\n|move|p1b: Sandslash|Ice Shard|p2a: Kommo-o\n|-supereffective|p2a: Kommo-o\n|-damage|p2a: Kommo-o|2\/100 tox\n|move|p2a: Kommo-o|Clanging Scales|p1b: Sandslash|[spread] p1a,p1b\n|-resisted|p1b: Sandslash\n|-damage|p1a: Trevenant|47\/100\n|-damage|p1b: Sandslash|50\/100\n|-enditem|p1a: Trevenant|Sitrus Berry|[eat]\n|-heal|p1a: Trevenant|72\/100|[from] item: Sitrus Berry\n|-unboost|p2a: Kommo-o|def|1\n|move|p1a: Trevenant|Disable|p2b: Iron Hands\n|-start|p2b: Iron Hands|Disable|Close Combat\n|move|p2b: Iron Hands|Drain Punch|p1b: Sandslash\n|-supereffective|p1b: Sandslash\n|-damage|p1b: Sandslash|0 fnt\n|faint|p1b: Sandslash\n|\n|-damage|p2a: Kommo-o|0 fnt|[from] psn\n|faint|p2a: Kommo-o\n|-item|p1a: Trevenant|Sitrus Berry|[from] ability: Harvest\n|upkeep\n|\n|t:|1700667598\n|switch|p2a: Landorus|Landorus-Therian, M|100\/100\n|switch|p1b: Ninetales|Ninetales-Alola, M|100\/100\n|-weather|Snow|[from] ability: Snow Warning|[of] p1b: Ninetales\n|-ability|p2a: Landorus|Intimidate|boost\n|-unboost|p1a: Trevenant|atk|1\n|-unboost|p1b: Ninetales|atk|1\n|turn|3\n|\n|t:|1700667610\n|switch|p2a: Amoonguss|Amoonguss, M, shiny|100\/100\n|move|p1b: Ninetales|Blizzard|p2b: Iron Hands|[spread] p2a,p2b\n|-supereffective|p2a: Amoonguss\n|-damage|p2a: Amoonguss|58\/100\n|-damage|p2b: Iron Hands|74\/100\n|move|p1a: Trevenant|Toxic|p2b: Iron Hands|[miss]\n|-miss|p1a: Trevenant|p2b: Iron Hands\n|move|p2b: Iron Hands|Drain Punch|p1b: Ninetales\n|-damage|p1b: Ninetales|66\/100\n|-heal|p2b: Iron Hands|84\/100|[from] drain|[of] p1b: Ninetales\n|\n|-weather|Snow|[upkeep]\n|-heal|p2a: Amoonguss|65\/100|[from] item: Black Sludge\n|upkeep\n|turn|4\n|\n|t:|1700667638\n|move|p1b: Ninetales|Blizzard|p2b: Iron Hands|[spread] p2a,p2b\n|-supereffective|p2a: Amoonguss\n|-damage|p2a: Amoonguss|26\/100\n|-damage|p2b: Iron Hands|55\/100\n|move|p1a: Trevenant|Toxic|p2b: Iron Hands\n|-status|p2b: Iron Hands|tox\n|move|p2b: Iron Hands|Drain Punch|p1a: Trevenant\n|-immune|p1a: Trevenant\n|move|p2a: Amoonguss|Sludge Bomb|p1b: Ninetales\n|-supereffective|p1b: Ninetales\n|-damage|p1b: Ninetales|5\/100\n|-status|p1b: Ninetales|psn\n|\n|-weather|Snow|[upkeep]\n|-heal|p2a: Amoonguss|32\/100|[from] item: Black Sludge\n|-damage|p1b: Ninetales|0 fnt|[from] psn\n|faint|p1b: Ninetales\n|-damage|p2b: Iron Hands|48\/100 tox|[from] psn\n|upkeep\n|\n|t:|1700667655\n|switch|p1b: Goodra|Goodra-Hisui, M|100\/100\n|turn|5\n|\n|t:|1700667662\n|move|p1a: Trevenant|Ally Switch|p1a: Trevenant\n|swap|p1a: Trevenant|1|[from] move: Ally Switch\n|move|p1a: Goodra|Blizzard|p2b: Iron Hands|[spread] p2a,p2b\n|-supereffective|p2a: Amoonguss\n|-damage|p2a: Amoonguss|0 fnt\n|-damage|p2b: Iron Hands|23\/100 tox\n|faint|p2a: Amoonguss\n|move|p2b: Iron Hands|Drain Punch|p1a: Goodra\n|-supereffective|p1a: Goodra\n|-damage|p1a: Goodra|40\/100\n|-heal|p2b: Iron Hands|45\/100 tox|[from] drain|[of] p1a: Goodra\n|-damage|p2b: Iron Hands|28\/100 tox|[from] item: Rocky Helmet|[of] p1a: Goodra\n|\n|-weather|Snow|[upkeep]\n|-damage|p2b: Iron Hands|16\/100 tox|[from] psn\n|-end|p2b: Iron Hands|Disable\n|upkeep\n|\n|t:|1700667674\n|switch|p2a: Flutter Mane|Flutter Mane|100\/100\n|-enditem|p2a: Flutter Mane|Booster Energy\n|-activate|p2a: Flutter Mane|ability: Protosynthesis|[fromitem]\n|-start|p2a: Flutter Mane|protosynthesisspe\n|turn|6\n|\n|t:|1700667685\n|-terastallize|p2a: Flutter Mane|Fairy\n|-terastallize|p1b: Trevenant|Steel\n|move|p1a: Goodra|Protect|p1a: Goodra\n|-singleturn|p1a: Goodra|Protect\n|move|p2a: Flutter Mane|Moonblast|p1a: Goodra\n|-activate|p1a: Goodra|move: Protect\n|move|p1b: Trevenant|Toxic|p2a: Flutter Mane|[miss]\n|-miss|p1b: Trevenant|p2a: Flutter Mane\n|move|p2b: Iron Hands|Close Combat|p1b: Trevenant\n|-supereffective|p1b: Trevenant\n|-damage|p1b: Trevenant|0 fnt\n|-unboost|p2b: Iron Hands|def|1\n|-unboost|p2b: Iron Hands|spd|1\n|faint|p1b: Trevenant\n|\n|-weather|Snow|[upkeep]\n|-damage|p2b: Iron Hands|0 fnt|[from] psn\n|faint|p2b: Iron Hands\n|-end|p2b: Iron Hands|Quark Drive|[silent]\n|upkeep\n|\n|t:|1700667701\n|switch|p1b: Empoleon|Empoleon, M|100\/100\n|switch|p2b: Tornadus|Tornadus, M, shiny|100\/100\n|turn|7\n|\n|t:|1700667714\n|move|p2b: Tornadus|Rain Dance|p2b: Tornadus\n|-weather|RainDance\n|move|p2a: Flutter Mane|Moonblast|p1a: Goodra\n|-damage|p1a: Goodra|0 fnt\n|faint|p1a: Goodra\n|move|p1b: Empoleon|Blizzard|p2b: Tornadus|[spread] p2a,p2b\n|-supereffective|p2b: Tornadus\n|-damage|p2a: Flutter Mane|73\/100\n|-damage|p2b: Tornadus|52\/100\n|\n|-weather|RainDance|[upkeep]\n|-heal|p2b: Tornadus|59\/100|[from] item: Leftovers\n|upkeep\n|turn|8\n|\n|t:|1700667729\n|move|p2a: Flutter Mane|Moonblast|p1b: Empoleon\n|-resisted|p1b: Empoleon\n|-damage|p1b: Empoleon|69\/100\n|move|p2b: Tornadus|Bleakwind Storm|p1b: Empoleon\n|-resisted|p1b: Empoleon\n|-damage|p1b: Empoleon|51\/100\n|move|p1b: Empoleon|Blizzard|p2b: Tornadus|[spread] p2a,p2b\n|-supereffective|p2b: Tornadus\n|-damage|p2a: Flutter Mane|45\/100\n|-damage|p2b: Tornadus|14\/100\n|\n|-weather|RainDance|[upkeep]\n|-heal|p2b: Tornadus|20\/100|[from] item: Leftovers\n|-heal|p1b: Empoleon|57\/100|[from] item: Leftovers\n|upkeep\n|turn|9\n|\n|t:|1700667756\n|move|p2a: Flutter Mane|Moonblast|p1b: Empoleon\n|-resisted|p1b: Empoleon\n|-damage|p1b: Empoleon|27\/100\n|-unboost|p1b: Empoleon|spa|1\n|-ability|p1b: Empoleon|Competitive|boost\n|-boost|p1b: Empoleon|spa|2\n|move|p2b: Tornadus|Bleakwind Storm|p1b: Empoleon\n|-resisted|p1b: Empoleon\n|-damage|p1b: Empoleon|9\/100\n|-unboost|p1b: Empoleon|spe|1\n|-ability|p1b: Empoleon|Competitive|boost\n|-boost|p1b: Empoleon|spa|2\n|move|p1b: Empoleon|Blizzard|p2b: Tornadus|[spread] p2b\n|-miss|p1b: Empoleon|p2a: Flutter Mane\n|-supereffective|p2b: Tornadus\n|-damage|p2b: Tornadus|0 fnt\n|faint|p2b: Tornadus\n|\n|-weather|RainDance|[upkeep]\n|-heal|p1b: Empoleon|16\/100|[from] item: Leftovers\n|upkeep\n|\n|t:|1700667764\n|switch|p2b: Landorus|Landorus-Therian, M|100\/100\n|-ability|p2b: Landorus|Intimidate|boost\n|-unboost|p1b: Empoleon|atk|1\n|-ability|p1b: Empoleon|Competitive|boost\n|-boost|p1b: Empoleon|spa|2\n|turn|10\n|c|\u2606RocketsViability|POWERRRR\n|\n|t:|1700667782\n|move|p1b: Empoleon|Protect|p1b: Empoleon\n|-singleturn|p1b: Empoleon|Protect\n|move|p2a: Flutter Mane|Moonblast|p1b: Empoleon\n|-activate|p1b: Empoleon|move: Protect\n|move|p2b: Landorus|Earthquake|p1b: Empoleon|[spread] p2a\n|-activate|p1b: Empoleon|move: Protect\n|-damage|p2a: Flutter Mane|0 fnt\n|faint|p2a: Flutter Mane\n|-end|p2a: Flutter Mane|Protosynthesis|[silent]\n|\n|-weather|RainDance|[upkeep]\n|-heal|p1b: Empoleon|22\/100|[from] item: Leftovers\n|upkeep\n|turn|11\n|\n|t:|1700667794\n|move|p2b: Landorus|Earthquake|p1b: Empoleon\n|-supereffective|p1b: Empoleon\n|-damage|p1b: Empoleon|0 fnt\n|faint|p1b: Empoleon\n|\n|win|MarcSel18942\n|raw|RocketsViability's rating: 1184 &rarr; <strong>1160<\/strong><br \/>(-24 for losing)\n|raw|MarcSel18942's rating: 1192 &rarr; <strong>1216<\/strong><br \/>(+24 for winning)\n|l|\u2606MarcSel18942\n","uploadtime":1700667800,"views":3,"p1id":"rocketsviability","p2id":"marcsel18942","formatid":"gen9doublesou","rating":1160,"private":0,"password":""}