{"id":"gen9doublesou-1998249186","p1":"123abie","p2":"OPieceOfHeroGhost","format":"[Gen 9] Doubles OU","log":"|j|\u2606123abie\n|j|\u2606OPieceOfHeroGhost\n|t:|1700919678\n|gametype|doubles\n|player|p1|123abie|dawn-gen4pt|1343\n|player|p2|OPieceOfHeroGhost|morty|1437\n|teamsize|p1|6\n|teamsize|p2|6\n|gen|9\n|tier|[Gen 9] Doubles OU\n|rated|\n|rule|Species Clause: Limit one of each Pok\u00e9mon\n|rule|OHKO Clause: OHKO moves are banned\n|rule|Evasion Moves Clause: Evasion moves are banned\n|rule|Gravity Sleep Clause: The combination of sleep-inducing moves with imperfect accuracy and Gravity or Gigantamax Orbeetle are banned\n|rule|Endless Battle Clause: Forcing endless battles is banned\n|rule|HP Percentage Mod: HP is shown in percentages\n|clearpoke\n|poke|p1|Pelipper, F|\n|poke|p1|Landorus-Therian, M|\n|poke|p1|Heatran, M|\n|poke|p1|Cresselia, F|\n|poke|p1|Azumarill, F|\n|poke|p1|Regieleki|\n|poke|p2|Diancie|\n|poke|p2|Rillaboom, F|\n|poke|p2|Ogerpon-Hearthflame, F|\n|poke|p2|Sinistcha-Masterpiece|\n|poke|p2|Heatran, F|\n|poke|p2|Iron Hands|\n|teampreview\n|\n|t:|1700919688\n|start\n|switch|p1a: Pelipper|Pelipper, F|100\/100\n|switch|p1b: Cresselia|Cresselia, F|100\/100\n|switch|p2a: Diancie|Diancie|100\/100\n|switch|p2b: Iron Hands|Iron Hands|100\/100\n|turn|1\n|inactive|Battle timer is ON: inactive players will automatically lose when time's up. (requested by 123abie)\n|\n|t:|1700919701\n|move|p2b: Iron Hands|Fake Out|p1a: Pelipper\n|-damage|p1a: Pelipper|85\/100\n|move|p1b: Cresselia|Light Screen|p1b: Cresselia\n|-sidestart|p1: 123abie|move: Light Screen\n|cant|p1a: Pelipper|flinch\n|move|p2a: Diancie|Diamond Storm|p1b: Cresselia|[spread] p1a\n|-miss|p2a: Diancie|p1b: Cresselia\n|-supereffective|p1a: Pelipper\n|-damage|p1a: Pelipper|35\/100\n|-boost|p2a: Diancie|def|2\n|\n|upkeep\n|turn|2\n|\n|t:|1700919722\n|-terastallize|p2a: Diancie|Water\n|move|p1b: Cresselia|Psychic|p2b: Iron Hands\n|-supereffective|p2b: Iron Hands\n|-damage|p2b: Iron Hands|65\/100\n|move|p1a: Pelipper|Tailwind|p1a: Pelipper\n|-sidestart|p1: 123abie|move: Tailwind\n|move|p2b: Iron Hands|Volt Switch|p2a: Diancie\n|-supereffective|p2a: Diancie\n|-damage|p2a: Diancie|79\/100\n|-enditem|p2a: Diancie|Weakness Policy\n|-boost|p2a: Diancie|atk|2|[from] item: Weakness Policy\n|-boost|p2a: Diancie|spa|2|[from] item: Weakness Policy\n|inactive|OPieceOfHeroGhost has 120 seconds left.\n|\n|t:|1700919739\n|-end|p2b: Iron Hands|Quark Drive|[silent]\n|switch|p2b: Rillaboom|Rillaboom, F|100\/100|[from] Volt Switch\n|-fieldstart|move: Grassy Terrain|[from] ability: Grassy Surge|[of] p2b: Rillaboom\n|move|p2a: Diancie|Diamond Storm|p1a: Pelipper|[spread] p1a,p1b\n|-supereffective|p1a: Pelipper\n|-crit|p1b: Cresselia\n|-damage|p1a: Pelipper|0 fnt\n|-damage|p1b: Cresselia|43\/100\n|-boost|p2a: Diancie|def|2\n|faint|p1a: Pelipper\n|\n|-heal|p1b: Cresselia|49\/100|[from] item: Leftovers\n|-heal|p2a: Diancie|85\/100|[from] Grassy Terrain\n|upkeep\n|\n|t:|1700919749\n|switch|p1a: Regieleki|Regieleki|100\/100\n|turn|3\n|\n|t:|1700919766\n|move|p2b: Rillaboom|Fake Out|p1a: Regieleki\n|-damage|p1a: Regieleki|74\/100\n|cant|p1a: Regieleki|flinch\n|move|p1b: Cresselia|Psychic|p2a: Diancie\n|-damage|p2a: Diancie|57\/100\n|move|p2a: Diancie|Diamond Storm|p1a: Regieleki|[spread] p1a,p1b\n|-damage|p1a: Regieleki|0 fnt\n|-damage|p1b: Cresselia|14\/100\n|-boost|p2a: Diancie|def|2\n|faint|p1a: Regieleki\n|\n|-heal|p1b: Cresselia|21\/100|[from] item: Leftovers\n|-heal|p2a: Diancie|63\/100|[from] Grassy Terrain\n|upkeep\n|\n|t:|1700919774\n|switch|p1a: Heatran|Heatran, M|100\/100\n|turn|4\n|\n|t:|1700919790\n|-terastallize|p1a: Heatran|Grass\n|move|p1a: Heatran|Earth Power|p2a: Diancie\n|-damage|p2a: Diancie|37\/100\n|move|p1b: Cresselia|Lunar Blessing|p1b: Cresselia|[spread] p1a,p1b\n|-heal|p1b: Cresselia|46\/100\n|move|p2b: Rillaboom|U-turn|p1a: Heatran\n|-supereffective|p1a: Heatran\n|-damage|p1a: Heatran|64\/100\n|\n|t:|1700919802\n|switch|p2b: Ogerpon|Ogerpon-Hearthflame, F|100\/100|[from] U-turn\n|-ability|p2b: Ogerpon|Mold Breaker\n|move|p2a: Diancie|Draining Kiss|p1b: Cresselia\n|-damage|p1b: Cresselia|25\/100\n|-heal|p2a: Diancie|59\/100|[from] drain|[of] p1b: Cresselia\n|\n|-heal|p1a: Heatran|70\/100|[from] Grassy Terrain\n|-heal|p1a: Heatran|76\/100|[from] item: Leftovers\n|-heal|p1b: Cresselia|31\/100|[from] item: Leftovers\n|-heal|p2a: Diancie|65\/100|[from] Grassy Terrain\n|upkeep\n|turn|5\n|l|\u2606123abie\n|inactive|123abie disconnected and has a minute to reconnect!\n|player|p1|\n|inactive|123abie has 30 seconds to reconnect!\n|inactive|123abie has 20 seconds to reconnect!\n|inactive|123abie has 15 seconds to reconnect!\n|inactive|123abie has 10 seconds to reconnect!\n|inactive|123abie has 5 seconds to reconnect!\n|-message|123abie lost due to inactivity.\n|\n|win|OPieceOfHeroGhost\n|raw|123abie's rating: 1343 &rarr; <strong>1328<\/strong><br \/>(-15 for losing)\n|raw|OPieceOfHeroGhost's rating: 1437 &rarr; <strong>1452<\/strong><br \/>(+15 for winning)\n|l|\u2606OPieceOfHeroGhost\n|j|\u2606OPieceOfHeroGhost\n|player|p2|OPieceOfHeroGhost|morty\n","uploadtime":1700920166,"views":3,"p1id":"123abie","p2id":"opieceofheroghost","formatid":"gen9doublesou","rating":1328,"private":0,"password":""}