{"id":"gen9doublesou-1980733930","p1":"Qhillin","p2":"Mongoose556","format":"[Gen 9] Doubles OU","log":"|j|\u2606Qhillin\n|j|\u2606Mongoose556\n|t:|1698821986\n|gametype|doubles\n|player|p1|Qhillin|265|1025\n|player|p2|Mongoose556|may|1122\n|teamsize|p1|6\n|teamsize|p2|5\n|gen|9\n|tier|[Gen 9] Doubles OU\n|rated|\n|rule|Species Clause: Limit one of each Pok\u00e9mon\n|rule|OHKO Clause: OHKO moves are banned\n|rule|Evasion Moves Clause: Evasion moves are banned\n|rule|Gravity Sleep Clause: The combination of sleep-inducing moves with imperfect accuracy and Gravity or Gigantamax Orbeetle are banned\n|rule|Endless Battle Clause: Forcing endless battles is banned\n|rule|HP Percentage Mod: HP is shown in percentages\n|clearpoke\n|poke|p1|Amoonguss, F|\n|poke|p1|Rotom-Wash|\n|poke|p1|Diancie|\n|poke|p1|Cresselia, F|\n|poke|p1|Landorus-Therian, M|\n|poke|p1|Ursaluna, F|\n|poke|p2|Sableye, F|\n|poke|p2|Flutter Mane|\n|poke|p2|Ceruledge, M|\n|poke|p2|Dragapult, M|\n|poke|p2|Poltchageist|\n|teampreview\n|c|\u2606Qhillin|hello\n|\n|t:|1698821993\n|start\n|switch|p1a: Rotom|Rotom-Wash, shiny|100\/100\n|switch|p1b: Cresselia|Cresselia, F|100\/100\n|switch|p2a: Sableye|Sableye, F|100\/100\n|switch|p2b: Flutter Mane|Flutter Mane|100\/100\n|turn|1\n|inactive|Battle timer is ON: inactive players will automatically lose when time's up. (requested by Mongoose556)\n|\n|t:|1698822008\n|-terastallize|p2b: Flutter Mane|Fairy\n|move|p2a: Sableye|Taunt|p1b: Cresselia\n|-start|p1b: Cresselia|move: Taunt\n|move|p2b: Flutter Mane|Dazzling Gleam|p1a: Rotom|[spread] p1a,p1b\n|-damage|p1a: Rotom|12\/100\n|-damage|p1b: Cresselia|61\/100\n|-enditem|p1a: Rotom|Wiki Berry|[eat]\n|-heal|p1a: Rotom|45\/100|[from] item: Wiki Berry\n|move|p1a: Rotom|Will-O-Wisp|p2b: Flutter Mane\n|-status|p2b: Flutter Mane|brn\n|cant|p1b: Cresselia|move: Taunt|Light Screen\n|\n|-damage|p2b: Flutter Mane|95\/100 brn|[from] brn\n|-damage|p2a: Sableye|88\/100|[from] item: Sticky Barb\n|upkeep\n|turn|2\n|inactive|Qhillin has 120 seconds left.\n|\n|t:|1698822046\n|move|p2a: Sableye|Sunny Day|p2a: Sableye\n|-weather|SunnyDay\n|-activate|p2b: Flutter Mane|ability: Protosynthesis\n|-start|p2b: Flutter Mane|protosynthesisspa\n|move|p2b: Flutter Mane|Dazzling Gleam|p1b: Cresselia|[spread] p1a,p1b\n|-damage|p1a: Rotom|0 fnt\n|-damage|p1b: Cresselia|10\/100\n|faint|p1a: Rotom\n|move|p1b: Cresselia|Moonblast|p2a: Sableye\n|-supereffective|p2a: Sableye\n|-damage|p2a: Sableye|38\/100\n|\n|-weather|SunnyDay|[upkeep]\n|-damage|p2b: Flutter Mane|89\/100 brn|[from] brn\n|-damage|p2a: Sableye|26\/100|[from] item: Sticky Barb\n|upkeep\n|\n|t:|1698822060\n|switch|p1a: Amoonguss|Amoonguss, F, shiny|100\/100\n|turn|3\n|\n|t:|1698822082\n|move|p2a: Sableye|Taunt|p1a: Amoonguss\n|-start|p1a: Amoonguss|move: Taunt\n|move|p2b: Flutter Mane|Dazzling Gleam|p1a: Amoonguss|[spread] p1a,p1b\n|-resisted|p1a: Amoonguss\n|-damage|p1a: Amoonguss|58\/100\n|-damage|p1b: Cresselia|0 fnt\n|faint|p1b: Cresselia\n|cant|p1a: Amoonguss|move: Taunt|Toxic\n|\n|-weather|SunnyDay|[upkeep]\n|-heal|p1a: Amoonguss|64\/100|[from] item: Leftovers\n|-damage|p2b: Flutter Mane|83\/100 brn|[from] brn\n|-damage|p2a: Sableye|14\/100|[from] item: Sticky Barb\n|upkeep\n|inactive|Qhillin has 120 seconds left.\n|\n|t:|1698822098\n|switch|p1b: Landorus|Landorus-Therian, M|100\/100\n|-ability|p1b: Landorus|Intimidate|boost\n|-unboost|p2a: Sableye|atk|1\n|-unboost|p2b: Flutter Mane|atk|1\n|turn|4\n|inactive|Mongoose556 has 120 seconds left.\n|\n|t:|1698822144\n|move|p2a: Sableye|Quash|p1b: Landorus\n|-activate|p1b: Landorus|move: Quash\n|move|p2b: Flutter Mane|Dazzling Gleam|p1b: Landorus|[spread] p1a,p1b\n|-resisted|p1a: Amoonguss\n|-damage|p1a: Amoonguss|16\/100\n|-damage|p1b: Landorus|4\/100\n|move|p1a: Amoonguss|Clear Smog|p2b: Flutter Mane\n|-supereffective|p2b: Flutter Mane\n|-damage|p2b: Flutter Mane|40\/100 brn\n|-clearboost|p2b: Flutter Mane\n|move|p1b: Landorus|Taunt|p2a: Sableye\n|-start|p2a: Sableye|move: Taunt\n|\n|-weather|SunnyDay|[upkeep]\n|-heal|p1a: Amoonguss|22\/100|[from] item: Leftovers\n|-damage|p2b: Flutter Mane|34\/100 brn|[from] brn\n|-damage|p2a: Sableye|1\/100|[from] item: Sticky Barb\n|upkeep\n|turn|5\n|\n|t:|1698822168\n|switch|p1b: Diancie|Diancie|100\/100\n|switch|p2a: Poltchageist|Poltchageist|100\/100\n|-heal|p2b: Flutter Mane|58\/100 brn|[from] ability: Hospitality|[of] p2a: Poltchageist\n|move|p2b: Flutter Mane|Dazzling Gleam|p1a: Amoonguss|[spread] p1a,p1b\n|-resisted|p1a: Amoonguss\n|-crit|p1a: Amoonguss\n|-damage|p1a: Amoonguss|0 fnt\n|-damage|p1b: Diancie|12\/100\n|faint|p1a: Amoonguss\n|\n|-weather|SunnyDay|[upkeep]\n|-damage|p2b: Flutter Mane|52\/100 brn|[from] brn\n|upkeep\n|\n|t:|1698822182\n|switch|p1a: Ursaluna|Ursaluna, F|100\/100\n|turn|6\n|\n|t:|1698822196\n|move|p2a: Poltchageist|Rage Powder|p2a: Poltchageist\n|-singleturn|p2a: Poltchageist|move: Rage Powder\n|move|p2b: Flutter Mane|Dazzling Gleam|p1b: Diancie|[spread] p1a,p1b\n|-damage|p1a: Ursaluna|20\/100\n|-damage|p1b: Diancie|0 fnt\n|faint|p1b: Diancie\n|move|p1a: Ursaluna|Facade|p2a: Poltchageist\n|-immune|p2a: Poltchageist\n|\n|-weather|none\n|-end|p2b: Flutter Mane|Protosynthesis\n|-damage|p2b: Flutter Mane|46\/100 brn|[from] brn\n|-status|p1a: Ursaluna|brn|[from] item: Flame Orb\n|upkeep\n|-message|Qhillin forfeited.\n|\n|win|Mongoose556\n|raw|Qhillin's rating: 1025 &rarr; <strong>1015<\/strong><br \/>(-10 for losing)\n|raw|Mongoose556's rating: 1122 &rarr; <strong>1140<\/strong><br \/>(+18 for winning)\n|l|\u2606Qhillin\n","uploadtime":1698822223,"views":27,"p1id":"qhillin","p2id":"mongoose556","formatid":"gen9doublesou","rating":1015,"private":0,"password":""}