{"id":"gen9doublesou-1980894577","p1":"Feyette","p2":"tyo","format":"[Gen 9] Doubles OU","log":"|j|\u2606Feyette\n|j|\u2606tyo\n|t:|1698846745\n|gametype|doubles\n|player|p1|Feyette|#scl3dynamos2|\n|player|p2|tyo|#vgcpliiizoruas|\n|teamsize|p1|6\n|teamsize|p2|6\n|gen|9\n|tier|[Gen 9] Doubles OU\n|rule|Species Clause: Limit one of each Pok\u00e9mon\n|rule|OHKO Clause: OHKO moves are banned\n|rule|Evasion Moves Clause: Evasion moves are banned\n|rule|Gravity Sleep Clause: The combination of sleep-inducing moves with imperfect accuracy and Gravity or Gigantamax Orbeetle are banned\n|rule|Endless Battle Clause: Forcing endless battles is banned\n|rule|HP Percentage Mod: HP is shown in percentages\n|clearpoke\n|poke|p1|Roaring Moon|\n|poke|p1|Weezing, F|\n|poke|p1|Diancie|\n|poke|p1|Rillaboom, F|\n|poke|p1|Volcanion|\n|poke|p1|Flutter Mane|\n|poke|p2|Landorus-Therian, M|\n|poke|p2|Conkeldurr, F|\n|poke|p2|Dusclops, F|\n|poke|p2|Heatran, M|\n|poke|p2|Ogerpon-Wellspring, F|\n|poke|p2|Flutter Mane|\n|teampreview\n|inactive|Battle timer is ON: inactive players will automatically lose when time's up. (requested by tyo)\n|c|\u2606tyo|glhf\n|j| Faaagamer\n|inactive|Feyette has 270 seconds left.\n|inactive|tyo has 270 seconds left.\n|c|\u2606Feyette|u2\n|j| stravench\n|c| stravench|go apac\n|\n|t:|1698846802\n|start\n|switch|p1a: Roaring Moon|Roaring Moon|100\/100\n|switch|p1b: Volcanion|Volcanion|100\/100\n|switch|p2a: Landorus|Landorus-Therian, M|100\/100\n|switch|p2b: Heatran|Heatran, M|100\/100\n|-ability|p2a: Landorus|Intimidate|boost\n|-unboost|p1a: Roaring Moon|atk|1\n|-unboost|p1b: Volcanion|atk|1\n|-enditem|p1a: Roaring Moon|Booster Energy\n|-activate|p1a: Roaring Moon|ability: Protosynthesis|[fromitem]\n|-start|p1a: Roaring Moon|protosynthesisspe\n|turn|1\n|j|+gorex\n|j| vuln bomb\n|inactive|tyo has 270 seconds left.\n|j| Raf\n|inactive|Feyette has 270 seconds left.\n|inactive|tyo has 240 seconds left.\n|c| Raf|go fey\n|\n|t:|1698846873\n|switch|p2a: Dusclops|Dusclops, F|100\/100\n|-item|p1b: Volcanion|Safety Goggles|[from] ability: Frisk|[of] p2a: Dusclops|[identify]\n|move|p2b: Heatran|Protect|p2b: Heatran\n|-singleturn|p2b: Heatran|Protect\n|move|p1a: Roaring Moon|Knock Off|p2a: Dusclops\n|-supereffective|p2a: Dusclops\n|-damage|p2a: Dusclops|62\/100\n|-enditem|p2a: Dusclops|Eviolite|[from] move: Knock Off|[of] p1a: Roaring Moon\n|move|p1b: Volcanion|Steam Eruption|p2b: Heatran\n|-activate|p2b: Heatran|move: Protect\n|\n|upkeep\n|turn|2\n|j| The JRL\n|inactive|Feyette has 270 seconds left.\n|inactive|tyo has 240 seconds left.\n|\n|t:|1698846910\n|switch|p2a: Ogerpon|Ogerpon-Wellspring, F|100\/100\n|move|p1a: Roaring Moon|Knock Off|p2a: Ogerpon\n|-damage|p2a: Ogerpon|81\/100\n|move|p1b: Volcanion|Steam Eruption|p2a: Ogerpon\n|-heal|p2a: Ogerpon|100\/100|[from] ability: Water Absorb|[of] p1b: Volcanion\n|move|p2b: Heatran|Earth Power|p1b: Volcanion\n|-supereffective|p1b: Volcanion\n|-damage|p1b: Volcanion|7\/100\n|-damage|p2b: Heatran|91\/100|[from] item: Life Orb\n|\n|upkeep\n|turn|3\n|inactive|Feyette has 270 seconds left.\n|j| PabloGonzalez2009\n|inactive|tyo has 240 seconds left.\n|\n|t:|1698846938\n|switch|p2b: Dusclops|Dusclops, F|62\/100\n|-item|p1b: Volcanion|Safety Goggles|[from] ability: Frisk|[of] p2b: Dusclops|[identify]\n|move|p1a: Roaring Moon|Knock Off|p2b: Dusclops\n|-supereffective|p2b: Dusclops\n|-damage|p2b: Dusclops|22\/100\n|move|p2a: Ogerpon|Horn Leech|p1b: Volcanion\n|-damage|p1b: Volcanion|0 fnt\n|faint|p1b: Volcanion\n|\n|upkeep\n|j|+sundaysnsundaes\n|inactive|Feyette has 240 seconds left.\n|\n|t:|1698846960\n|switch|p1b: Flutter Mane|Flutter Mane|100\/100\n|turn|4\n|j| Jello1231\n|\n|t:|1698846976\n|-terastallize|p2a: Ogerpon|Water\n|detailschange|p2a: Ogerpon|Ogerpon-Wellspring-Tera, F, tera:Water\n|-ability|p2a: Ogerpon|Embody Aspect (Wellspring)|boost\n|-boost|p2a: Ogerpon|spd|1\n|move|p1a: Roaring Moon|Breaking Swipe|p2b: Dusclops|[spread] p2a,p2b\n|-crit|p2b: Dusclops\n|-damage|p2a: Ogerpon|86\/100\n|-damage|p2b: Dusclops|0 fnt\n|-unboost|p2a: Ogerpon|atk|1\n|faint|p2b: Dusclops\n|move|p1b: Flutter Mane|Dazzling Gleam|p2a: Ogerpon\n|-damage|p2a: Ogerpon|43\/100\n|move|p2a: Ogerpon|Ivy Cudgel|p1b: Flutter Mane\n|-damage|p1b: Flutter Mane|26\/100\n|\n|upkeep\n|\n|t:|1698846984\n|switch|p2b: Landorus|Landorus-Therian, M|100\/100\n|-ability|p2b: Landorus|Intimidate|boost\n|-unboost|p1a: Roaring Moon|atk|1\n|-unboost|p1b: Flutter Mane|atk|1\n|turn|5\n|l|+sundaysnsundaes\n|inactive|Feyette has 270 seconds left.\n|j|+zoe\n|inactive|tyo has 270 seconds left.\n|j| ratpacker\n|j| Aldrich\n|j|+sundaysnsundaes\n|\n|t:|1698847033\n|-end|p1b: Flutter Mane|Protosynthesis|[silent]\n|switch|p1b: Rillaboom|Rillaboom, F|100\/100\n|-fieldstart|move: Grassy Terrain|[from] ability: Grassy Surge|[of] p1b: Rillaboom\n|switch|p2b: Heatran|Heatran, M|91\/100\n|move|p1a: Roaring Moon|Breaking Swipe|p2a: Ogerpon|[spread] p2a,p2b\n|-resisted|p2b: Heatran\n|-damage|p2a: Ogerpon|33\/100\n|-damage|p2b: Heatran|86\/100\n|-unboost|p2a: Ogerpon|atk|1\n|-unboost|p2b: Heatran|atk|1\n|move|p2a: Ogerpon|Horn Leech|p1b: Rillaboom\n|-resisted|p1b: Rillaboom\n|-damage|p1b: Rillaboom|86\/100\n|-heal|p2a: Ogerpon|41\/100|[from] drain|[of] p1b: Rillaboom\n|\n|-heal|p2a: Ogerpon|47\/100|[from] Grassy Terrain\n|-heal|p1b: Rillaboom|92\/100|[from] Grassy Terrain\n|-heal|p2b: Heatran|92\/100|[from] Grassy Terrain\n|upkeep\n|turn|6\n|j| theyummybagel\n|j| QQuemQuem\n|\n|t:|1698847055\n|move|p2a: Ogerpon|Spiky Shield|p2a: Ogerpon\n|-singleturn|p2a: Ogerpon|move: Protect\n|move|p2b: Heatran|Protect|p2b: Heatran\n|-singleturn|p2b: Heatran|Protect\n|move|p1a: Roaring Moon|Tailwind|p1a: Roaring Moon\n|-sidestart|p1: Feyette|move: Tailwind\n|move|p1b: Rillaboom|High Horsepower|p2b: Heatran\n|-activate|p2b: Heatran|move: Protect\n|\n|-heal|p1b: Rillaboom|98\/100|[from] Grassy Terrain\n|-heal|p2a: Ogerpon|53\/100|[from] Grassy Terrain\n|-heal|p2b: Heatran|98\/100|[from] Grassy Terrain\n|upkeep\n|turn|7\n|j| SingleThunder\n|inactive|Feyette has 270 seconds left.\n|l| PabloGonzalez2009\n|j| C0ME ALIV3\n|j| PabloGonzalez2009\n|l|+sundaysnsundaes\n|j|+Yoda2798\n|j|+sundaysnsundaes\n|j| AIRedzone\n|\n|t:|1698847093\n|-end|p1a: Roaring Moon|Protosynthesis|[silent]\n|switch|p1a: Weezing|Weezing, F|100\/100\n|-ability|p1a: Weezing|Neutralizing Gas\n|switch|p2a: Landorus|Landorus-Therian, M|100\/100\n|switch|p2b: Conkeldurr|Conkeldurr, F|100\/100\n|-terastallize|p1b: Rillaboom|Fire\n|move|p1b: Rillaboom|Grassy Glide|p2a: Landorus\n|-crit|p2a: Landorus\n|-damage|p2a: Landorus|41\/100\n|-enditem|p2a: Landorus|Sitrus Berry|[eat]\n|-heal|p2a: Landorus|65\/100|[from] item: Sitrus Berry\n|\n|-heal|p1b: Rillaboom|100\/100|[from] Grassy Terrain\n|upkeep\n|turn|8\n|c| AIRedzone|Lesgooo\n|\n|t:|1698847116\n|switch|p2a: Heatran|Heatran, M|98\/100\n|move|p1b: Rillaboom|Wood Hammer|p2a: Heatran\n|-resisted|p2a: Heatran\n|-damage|p2a: Heatran|80\/100\n|-damage|p1b: Rillaboom|95\/100|[from] Recoil\n|move|p1a: Weezing|Will-O-Wisp|p2b: Conkeldurr|[miss]\n|-miss|p1a: Weezing|p2b: Conkeldurr\n|move|p2b: Conkeldurr|Drain Punch|p1b: Rillaboom\n|-damage|p1b: Rillaboom|52\/100\n|\n|-heal|p1b: Rillaboom|58\/100|[from] Grassy Terrain\n|-heal|p2a: Heatran|86\/100|[from] Grassy Terrain\n|upkeep\n|turn|9\n|inactive|Feyette has 270 seconds left.\n|j| exotic64\n|c| Raf|ptsd\n|\n|t:|1698847137\n|move|p2a: Heatran|Protect|p2a: Heatran\n|-singleturn|p2a: Heatran|Protect\n|move|p1b: Rillaboom|Wood Hammer|p2b: Conkeldurr\n|-damage|p2b: Conkeldurr|22\/100\n|-damage|p1b: Rillaboom|31\/100|[from] Recoil\n|move|p1a: Weezing|Gunk Shot|p2b: Conkeldurr\n|-damage|p2b: Conkeldurr|0 fnt\n|faint|p2b: Conkeldurr\n|\n|-heal|p1b: Rillaboom|38\/100|[from] Grassy Terrain\n|-heal|p2a: Heatran|92\/100|[from] Grassy Terrain\n|-sideend|p1: Feyette|move: Tailwind\n|-fieldend|move: Grassy Terrain\n|upkeep\n|\n|t:|1698847145\n|switch|p2b: Ogerpon|Ogerpon-Wellspring-Tera, F, tera:Water|53\/100\n|turn|10\n|inactive|Feyette has 270 seconds left.\n|inactive|tyo has 270 seconds left.\n|inactive|Feyette has 240 seconds left.\n|\n|t:|1698847222\n|switch|p1b: Diancie|Diancie|100\/100\n|-end|p1a: Weezing|ability: Neutralizing Gas\n|-ability|p2b: Ogerpon|Embody Aspect (Wellspring)|boost\n|-boost|p2b: Ogerpon|spd|1\n|switch|p1a: Roaring Moon|Roaring Moon|100\/100\n|move|p2b: Ogerpon|Spiky Shield|p2b: Ogerpon\n|-singleturn|p2b: Ogerpon|move: Protect\n|move|p2a: Heatran|Earth Power|p1b: Diancie\n|-supereffective|p1b: Diancie\n|-damage|p1b: Diancie|36\/100\n|-damage|p2a: Heatran|83\/100|[from] item: Life Orb\n|\n|-heal|p1b: Diancie|43\/100|[from] item: Leftovers\n|upkeep\n|turn|11\n|inactive|Feyette has 240 seconds left.\n|inactive|tyo has 240 seconds left.\n|j| Lemurro\n|\n|t:|1698847257\n|move|p1a: Roaring Moon|Breaking Swipe|p2a: Heatran|[spread] p2a,p2b\n|-resisted|p2a: Heatran\n|-crit|p2b: Ogerpon\n|-damage|p2a: Heatran|72\/100\n|-damage|p2b: Ogerpon|24\/100\n|-unboost|p2a: Heatran|atk|1\n|-unboost|p2b: Ogerpon|atk|1\n|move|p2b: Ogerpon|Ivy Cudgel|p1b: Diancie\n|-supereffective|p1b: Diancie\n|-damage|p1b: Diancie|0 fnt\n|faint|p1b: Diancie\n|move|p2a: Heatran|Flash Cannon|p1a: Roaring Moon\n|-damage|p1a: Roaring Moon|49\/100\n|-damage|p2a: Heatran|62\/100|[from] item: Life Orb\n|\n|upkeep\n|l| PabloGonzalez2009\n|j| PabloGonzalez2009\n|inactive|Feyette has 210 seconds left.\n|\n|t:|1698847290\n|switch|p1b: Flutter Mane|Flutter Mane|26\/100\n|turn|12\n|inactive|tyo has 240 seconds left.\n|l|+sundaysnsundaes\n|j|+sundaysnsundaes\n|l| AIRedzone\n|l| PabloGonzalez2009\n|inactive|tyo has 210 seconds left.\n|j| sanjaydas\n|inactive|Feyette has 210 seconds left.\n|inactive|tyo has 180 seconds left.\n|j| Losconosciuto\n|j| PabloGonzalez2009\n|j| Darkslwyer1618\n|l| ratpacker\n|\n|t:|1698847410\n|switch|p2a: Landorus|Landorus-Therian, M|65\/100\n|-ability|p2a: Landorus|Intimidate|boost\n|-unboost|p1a: Roaring Moon|atk|1\n|-unboost|p1b: Flutter Mane|atk|1\n|move|p1a: Roaring Moon|Tailwind|p1a: Roaring Moon\n|-sidestart|p1: Feyette|move: Tailwind\n|move|p1b: Flutter Mane|Shadow Ball|p2a: Landorus\n|-damage|p2a: Landorus|0 fnt\n|faint|p2a: Landorus\n|move|p2b: Ogerpon|Ivy Cudgel|p1b: Flutter Mane\n|-damage|p1b: Flutter Mane|0 fnt\n|faint|p1b: Flutter Mane\n|-end|p1b: Flutter Mane|Protosynthesis|[silent]\n|\n|upkeep\n|l| PabloGonzalez2009\n|j| PabloGonzalez2009\n|\n|t:|1698847428\n|switch|p1b: Rillaboom|Rillaboom, F, tera:Fire|38\/100\n|switch|p2a: Heatran|Heatran, M|62\/100\n|-fieldstart|move: Grassy Terrain|[from] ability: Grassy Surge|[of] p1b: Rillaboom\n|turn|13\n|\n|t:|1698847437\n|move|p2b: Ogerpon|Spiky Shield|p2b: Ogerpon\n|-singleturn|p2b: Ogerpon|move: Protect\n|move|p2a: Heatran|Protect|p2a: Heatran\n|-singleturn|p2a: Heatran|Protect\n|move|p1a: Roaring Moon|Knock Off|p2b: Ogerpon\n|-activate|p2b: Ogerpon|move: Protect\n|-damage|p1a: Roaring Moon|36\/100|[from] Spiky Shield|[of] p2b: Ogerpon\n|move|p1b: Rillaboom|High Horsepower|p2a: Heatran\n|-activate|p2a: Heatran|move: Protect\n|\n|-heal|p1a: Roaring Moon|42\/100|[from] Grassy Terrain\n|-heal|p1b: Rillaboom|44\/100|[from] Grassy Terrain\n|-heal|p2b: Ogerpon|30\/100|[from] Grassy Terrain\n|-heal|p2a: Heatran|69\/100|[from] Grassy Terrain\n|upkeep\n|turn|14\n|inactive|tyo has 210 seconds left.\n|inactive|Feyette has 210 seconds left.\n|inactive|tyo has 180 seconds left.\n|l| C0ME ALIV3\n|j| AIRedzone\n|l| Lemurro\n|inactive|Feyette has 180 seconds left.\n|inactive|tyo has 150 seconds left.\n|j| ratpacker\n|inactive|tyo has 120 seconds left.\n|inactive|Feyette has 150 seconds left.\n|j| xHys\n|l| ratpacker\n|j| ratpacker\n|l| SingleThunder\n|l| PabloGonzalez2009\n|j| Seroo\n|inactive|tyo has 90 seconds left.\n|l| ratpacker\n|j| Lemurro\n|l| sanjaydas\n|\n|t:|1698847587\n|move|p2b: Ogerpon|Follow Me|p2b: Ogerpon\n|-singleturn|p2b: Ogerpon|move: Follow Me\n|move|p1a: Roaring Moon|Knock Off|p2b: Ogerpon\n|-damage|p2b: Ogerpon|11\/100\n|move|p1b: Rillaboom|High Horsepower|p2b: Ogerpon|[miss]\n|-miss|p1b: Rillaboom|p2b: Ogerpon\n|move|p2a: Heatran|Earth Power|p1b: Rillaboom\n|-supereffective|p1b: Rillaboom\n|-damage|p1b: Rillaboom|0 fnt\n|faint|p1b: Rillaboom\n|-damage|p2a: Heatran|59\/100|[from] item: Life Orb\n|\n|-heal|p1a: Roaring Moon|49\/100|[from] Grassy Terrain\n|-heal|p2b: Ogerpon|17\/100|[from] Grassy Terrain\n|-heal|p2a: Heatran|65\/100|[from] Grassy Terrain\n|upkeep\n|c|\u2606tyo|test\n|j| PabloGonzalez2009\n|\n|t:|1698847592\n|switch|p1b: Weezing|Weezing, F|100\/100\n|-ability|p1b: Weezing|Neutralizing Gas\n|turn|15\n|j| C0ME ALIV3\n|inactive|Feyette has 150 seconds left.\n|j| sanjaydas\n|\n|t:|1698847615\n|move|p2b: Ogerpon|Follow Me|p2b: Ogerpon\n|-singleturn|p2b: Ogerpon|move: Follow Me\n|move|p1a: Roaring Moon|Knock Off|p2b: Ogerpon\n|-damage|p2b: Ogerpon|0 fnt\n|faint|p2b: Ogerpon\n|move|p1b: Weezing|Gunk Shot|p2a: Heatran\n|-immune|p2a: Heatran\n|move|p2a: Heatran|Flash Cannon|p1a: Roaring Moon\n|-damage|p1a: Roaring Moon|0 fnt\n|faint|p1a: Roaring Moon\n|-end|p1a: Roaring Moon|Protosynthesis|[silent]\n|-damage|p2a: Heatran|55\/100|[from] item: Life Orb\n|\n|-heal|p2a: Heatran|61\/100|[from] Grassy Terrain\n|-sideend|p1: Feyette|move: Tailwind\n|upkeep\n|\n|t:|1698847619\n|switch|p2b: Flutter Mane|Flutter Mane, shiny|100\/100\n|turn|16\n|l| Seroo\n|l| Lemurro\n|c|\u2606tyo|gg\n|c|\u2606Feyette|gg\n|l|+zoe\n|\n|t:|1698847627\n|move|p2b: Flutter Mane|Shadow Ball|p1b: Weezing\n|-damage|p1b: Weezing|34\/100\n|move|p2a: Heatran|Earth Power|p1b: Weezing\n|-supereffective|p1b: Weezing\n|-damage|p1b: Weezing|0 fnt\n|faint|p1b: Weezing\n|-end|p1b: Weezing|ability: Neutralizing Gas\n|-damage|p2a: Heatran|52\/100|[from] item: Life Orb\n|\n|win|tyo\n|l| sanjaydas\n|l| Aldrich\n|j| Seroo\n|l| PabloGonzalez2009\n|l| Raf\n|c|+sundaysnsundaes|Goat\n|c| Faaagamer|lets go\n|l| Faaagamer\n|l| The JRL\n|l| Losconosciuto\n|l| Darkslwyer1618\n|c| Seroo|Was this for wcop ?\n|c|\u2606tyo|ye\n|c| Seroo|nice nice\n|l| Seroo\n|l|+gorex\n|l| AIRedzone\n|l|+sundaysnsundaes\n|j| Raf\n|l|\u2606tyo\n|j| SingleThunder\n|l| Raf\n|l| C0ME ALIV3\n|j| crab rangoon2\n|j|+sundaysnsundaes\n|l| theyummybagel\n|l| SingleThunder\n|l| exotic64\n|l| stravench\n|j| RelicanthPrimal<><\n|l|\u2606Feyette\n|l|+sundaysnsundaes\n|l| crab rangoon2\n|j| sanjaydas\n|l| sanjaydas\n|l| xHys\n|j| Nido-Rus\n|j|\u2606Feyette\n|player|p1|Feyette|#scl3dynamos2\n|j| the tpn\n|l| the tpn\n|l|\u2606Feyette\n|player|p1|\n|l| Nido-Rus\n|l| QQuemQuem\n|l| Jello1231\n|l| vuln bomb\n|l| RelicanthPrimal<><\n|j| Enzonana\n|j| uwu kittycat\n|l| uwu kittycat\n|j| Eragon11145\n|l| Eragon11145\n|l| Enzonana\n","uploadtime":1698847631,"views":315,"p1id":"feyette","p2id":"tyo","formatid":"gen9doublesou","rating":0,"private":0,"password":""}