{"id":"gen9doublesou-1989006159","p1":"cotesmcgotes","p2":"TheRuuk6","format":"[Gen 9] Doubles OU","log":"|j|\u2606cotesmcgotes\n|j|\u2606TheRuuk6\n|t:|1699801289\n|gametype|doubles\n|player|p1|cotesmcgotes|flannery|1357\n|player|p2|TheRuuk6|colress|1354\n|teamsize|p1|6\n|teamsize|p2|6\n|gen|9\n|tier|[Gen 9] Doubles OU\n|rated|\n|rule|Species Clause: Limit one of each Pok\u00e9mon\n|rule|OHKO Clause: OHKO moves are banned\n|rule|Evasion Moves Clause: Evasion moves are banned\n|rule|Gravity Sleep Clause: The combination of sleep-inducing moves with imperfect accuracy and Gravity or Gigantamax Orbeetle are banned\n|rule|Endless Battle Clause: Forcing endless battles is banned\n|rule|HP Percentage Mod: HP is shown in percentages\n|clearpoke\n|poke|p1|Barraskewda, F|\n|poke|p1|Cresselia, F|\n|poke|p1|Tornadus, M|\n|poke|p1|Sinistcha-Masterpiece|\n|poke|p1|Chien-Pao|\n|poke|p1|Iron Hands|\n|poke|p2|Sandslash-Alola, F|\n|poke|p2|Ninetales-Alola, F|\n|poke|p2|Sinistcha-Masterpiece|\n|poke|p2|Kleavor, F|\n|poke|p2|Conkeldurr, M|\n|poke|p2|Thundurus-Therian, M|\n|teampreview\n|inactive|Battle timer is ON: inactive players will automatically lose when time's up. (requested by cotesmcgotes)\n|inactive|TheRuuk6 also wants the timer to be on.\n|\n|t:|1699801303\n|start\n|switch|p1a: Tornadus|Tornadus, M, shiny|100\/100\n|switch|p1b: Iron Hands|Iron Hands|100\/100\n|switch|p2a: Ninetales|Ninetales-Alola, F|100\/100\n|switch|p2b: Kleavor|Kleavor, F|100\/100\n|-weather|Snow|[from] ability: Snow Warning|[of] p2a: Ninetales\n|turn|1\n|\n|t:|1699801331\n|move|p1a: Tornadus|Taunt|p2a: Ninetales\n|-start|p2a: Ninetales|move: Taunt\n|move|p2b: Kleavor|Stone Axe|p1a: Tornadus\n|-supereffective|p1a: Tornadus\n|-crit|p1a: Tornadus\n|-damage|p1a: Tornadus|0 fnt\n|-sidestart|p1: cotesmcgotes|move: Stealth Rock\n|faint|p1a: Tornadus\n|cant|p2a: Ninetales|move: Taunt|Aurora Veil\n|move|p1b: Iron Hands|Fire Punch|p2a: Ninetales\n|-supereffective|p2a: Ninetales\n|-damage|p2a: Ninetales|39\/100\n|\n|-weather|Snow|[upkeep]\n|upkeep\n|inactive|cotesmcgotes has 120 seconds left.\n|\n|t:|1699801353\n|switch|p1a: Barraskewda|Barraskewda, F, shiny|100\/100\n|-damage|p1a: Barraskewda|88\/100|[from] Stealth Rock\n|turn|2\n|\n|t:|1699801382\n|switch|p2b: Conkeldurr|Conkeldurr, M|100\/100\n|move|p1a: Barraskewda|Liquidation|p2b: Conkeldurr\n|-damage|p2b: Conkeldurr|58\/100\n|move|p2a: Ninetales|Dazzling Gleam|p1a: Barraskewda|[spread] p1a,p1b\n|-supereffective|p1b: Iron Hands\n|-damage|p1a: Barraskewda|37\/100\n|-damage|p1b: Iron Hands|75\/100\n|move|p1b: Iron Hands|Fire Punch|p2a: Ninetales\n|-supereffective|p2a: Ninetales\n|-damage|p2a: Ninetales|0 fnt\n|faint|p2a: Ninetales\n|\n|-weather|Snow|[upkeep]\n|-status|p2b: Conkeldurr|brn|[from] item: Flame Orb\n|upkeep\n|inactive|TheRuuk6 has 120 seconds left.\n|\n|t:|1699801395\n|switch|p2a: Thundurus|Thundurus-Therian, M|100\/100\n|turn|3\n|inactive|cotesmcgotes has 120 seconds left.\n|\n|t:|1699801437\n|switch|p1a: Sinistcha|Sinistcha-Masterpiece, shiny|100\/100\n|-damage|p1a: Sinistcha|88\/100|[from] Stealth Rock\n|-heal|p1b: Iron Hands|99\/100|[from] ability: Hospitality|[of] p1a: Sinistcha\n|move|p2a: Thundurus|Thunderbolt|p1a: Sinistcha\n|-resisted|p1a: Sinistcha\n|-damage|p1a: Sinistcha|53\/100\n|move|p1b: Iron Hands|Drain Punch|p2b: Conkeldurr\n|-damage|p2b: Conkeldurr|9\/100 brn\n|-heal|p1b: Iron Hands|100\/100|[from] drain|[of] p2b: Conkeldurr\n|move|p2b: Conkeldurr|Earthquake|p1a: Sinistcha|[spread] p1a,p1b\n|-immune|p2a: Thundurus\n|-resisted|p1a: Sinistcha\n|-supereffective|p1b: Iron Hands\n|-damage|p1a: Sinistcha|28\/100\n|-damage|p1b: Iron Hands|47\/100\n|\n|-weather|Snow|[upkeep]\n|-damage|p2b: Conkeldurr|3\/100 brn|[from] brn\n|upkeep\n|turn|4\n|inactive|cotesmcgotes has 120 seconds left.\n|inactive|TheRuuk6 has 120 seconds left.\n|inactive|cotesmcgotes has 90 seconds left.\n|inactive|cotesmcgotes has 60 seconds left.\n|\n|t:|1699801522\n|-end|p1b: Iron Hands|Quark Drive|[silent]\n|switch|p1b: Cresselia|Cresselia, F, shiny|100\/100\n|-damage|p1b: Cresselia|88\/100|[from] Stealth Rock\n|move|p2a: Thundurus|Thunderbolt|p1a: Sinistcha\n|-resisted|p1a: Sinistcha\n|-damage|p1a: Sinistcha|0 fnt\n|faint|p1a: Sinistcha\n|move|p2b: Conkeldurr|Earthquake|p1b: Cresselia|[spread] \n|-immune|p2a: Thundurus\n|-immune|p1b: Cresselia|[from] ability: Levitate\n|\n|-weather|Snow|[upkeep]\n|-heal|p1b: Cresselia|94\/100|[from] item: Leftovers\n|-damage|p2b: Conkeldurr|0 fnt|[from] brn\n|faint|p2b: Conkeldurr\n|upkeep\n|\n|t:|1699801537\n|switch|p1a: Barraskewda|Barraskewda, F, shiny|37\/100\n|switch|p2b: Sandslash|Sandslash-Alola, F|100\/100\n|-damage|p1a: Barraskewda|24\/100|[from] Stealth Rock\n|turn|5\n|\n|t:|1699801547\n|-terastallize|p1b: Cresselia|Electric\n|move|p2b: Sandslash|Icicle Spear|p1b: Cresselia\n|-damage|p1b: Cresselia|86\/100\n|-damage|p1b: Cresselia|78\/100\n|-damage|p1b: Cresselia|71\/100\n|-damage|p1b: Cresselia|62\/100\n|-damage|p1b: Cresselia|55\/100\n|-hitcount|p1b: Cresselia|5\n|move|p1a: Barraskewda|Acupressure|p1b: Cresselia\n|-boost|p1b: Cresselia|def|2\n|move|p2a: Thundurus|Thunderbolt|p1a: Barraskewda\n|-supereffective|p1a: Barraskewda\n|-damage|p1a: Barraskewda|0 fnt\n|faint|p1a: Barraskewda\n|move|p1b: Cresselia|Calm Mind|p1b: Cresselia\n|-boost|p1b: Cresselia|spa|1\n|-boost|p1b: Cresselia|spd|1\n|\n|-weather|Snow|[upkeep]\n|-heal|p1b: Cresselia|61\/100|[from] item: Leftovers\n|upkeep\n|\n|t:|1699801560\n|switch|p1a: Iron Hands|Iron Hands|47\/100\n|-damage|p1a: Iron Hands|41\/100|[from] Stealth Rock\n|turn|6\n|\n|t:|1699801575\n|move|p2b: Sandslash|Icicle Spear|p1a: Iron Hands\n|-damage|p1a: Iron Hands|35\/100\n|-crit|p1a: Iron Hands\n|-damage|p1a: Iron Hands|25\/100\n|-damage|p1a: Iron Hands|19\/100\n|-damage|p1a: Iron Hands|11\/100\n|-hitcount|p1a: Iron Hands|4\n|move|p2a: Thundurus|Psychic|p1a: Iron Hands\n|-supereffective|p1a: Iron Hands\n|-damage|p1a: Iron Hands|0 fnt\n|faint|p1a: Iron Hands\n|-end|p1a: Iron Hands|Quark Drive|[silent]\n|move|p1b: Cresselia|Calm Mind|p1b: Cresselia\n|-boost|p1b: Cresselia|spa|1\n|-boost|p1b: Cresselia|spd|1\n|\n|-weather|Snow|[upkeep]\n|-heal|p1b: Cresselia|67\/100|[from] item: Leftovers\n|upkeep\n|\n|t:|1699801581\n|switch|p1a: Chien-Pao|Chien-Pao|100\/100\n|-damage|p1a: Chien-Pao|76\/100|[from] Stealth Rock\n|-ability|p1a: Chien-Pao|Sword of Ruin\n|turn|7\n|\n|t:|1699801596\n|move|p2b: Sandslash|Iron Head|p1a: Chien-Pao\n|-supereffective|p1a: Chien-Pao\n|-damage|p1a: Chien-Pao|9\/100\n|move|p1a: Chien-Pao|Sacred Sword|p2b: Sandslash\n|-supereffective|p2b: Sandslash\n|-damage|p2b: Sandslash|3\/100\n|move|p2a: Thundurus|Flash Cannon|p1a: Chien-Pao\n|-supereffective|p1a: Chien-Pao\n|-damage|p1a: Chien-Pao|0 fnt\n|faint|p1a: Chien-Pao\n|move|p1b: Cresselia|Stored Power|p2a: Thundurus\n|-damage|p2a: Thundurus|0 fnt\n|faint|p2a: Thundurus\n|\n|-weather|Snow|[upkeep]\n|-heal|p1b: Cresselia|73\/100|[from] item: Leftovers\n|upkeep\n|\n|t:|1699801613\n|switch|p2a: Kleavor|Kleavor, F|100\/100\n|turn|8\n|\n|t:|1699801623\n|move|p2b: Sandslash|Icicle Spear|p1b: Cresselia\n|-damage|p1b: Cresselia|69\/100\n|-damage|p1b: Cresselia|65\/100\n|-damage|p1b: Cresselia|61\/100\n|-damage|p1b: Cresselia|57\/100\n|-hitcount|p1b: Cresselia|4\n|move|p2a: Kleavor|X-Scissor|p1b: Cresselia\n|-damage|p1b: Cresselia|32\/100\n|move|p1b: Cresselia|Stored Power|p2a: Kleavor\n|-damage|p2a: Kleavor|0 fnt\n|faint|p2a: Kleavor\n|\n|-weather|none\n|-heal|p1b: Cresselia|38\/100|[from] item: Leftovers\n|upkeep\n|\n|t:|1699801637\n|switch|p2a: Sinistcha|Sinistcha-Masterpiece|100\/100\n|-heal|p2b: Sandslash|28\/100|[from] ability: Hospitality|[of] p2a: Sinistcha\n|turn|9\n|\n|t:|1699801652\n|move|p2b: Sandslash|Icicle Spear|p1b: Cresselia\n|-damage|p1b: Cresselia|34\/100\n|-damage|p1b: Cresselia|30\/100\n|-damage|p1b: Cresselia|25\/100\n|-damage|p1b: Cresselia|21\/100\n|-hitcount|p1b: Cresselia|4\n|move|p1b: Cresselia|Stored Power|p2a: Sinistcha\n|-damage|p2a: Sinistcha|0 fnt\n|faint|p2a: Sinistcha\n|\n|-heal|p1b: Cresselia|27\/100|[from] item: Leftovers\n|upkeep\n|turn|10\n|\n|t:|1699801668\n|move|p2b: Sandslash|Icicle Spear|p1b: Cresselia\n|-damage|p1b: Cresselia|24\/100\n|-damage|p1b: Cresselia|20\/100\n|-damage|p1b: Cresselia|15\/100\n|-damage|p1b: Cresselia|11\/100\n|-hitcount|p1b: Cresselia|4\n|move|p1b: Cresselia|Stored Power|p2b: Sandslash\n|-resisted|p2b: Sandslash\n|-damage|p2b: Sandslash|0 fnt\n|faint|p2b: Sandslash\n|\n|win|cotesmcgotes\n|raw|cotesmcgotes's rating: 1357 &rarr; <strong>1377<\/strong><br \/>(+20 for winning)\n|raw|TheRuuk6's rating: 1354 &rarr; <strong>1334<\/strong><br \/>(-20 for losing)\n","uploadtime":1699801673,"views":4,"p1id":"cotesmcgotes","p2id":"theruuk6","formatid":"gen9doublesou","rating":1334,"private":0,"password":""}