{"id":"gen9doublesou-1976882677","p1":"Jace_Wins","p2":"JustSmeeks","format":"[Gen 9] Doubles OU","log":"|j|\u2606Jace_Wins\n|j|\u2606JustSmeeks\n|t:|1698349160\n|gametype|doubles\n|player|p1|Jace_Wins|benga|1359\n|player|p2|JustSmeeks|hoopster|1356\n|teamsize|p1|6\n|teamsize|p2|6\n|gen|9\n|tier|[Gen 9] Doubles OU\n|rated|\n|rule|Species Clause: Limit one of each Pok\u00e9mon\n|rule|OHKO Clause: OHKO moves are banned\n|rule|Evasion Moves Clause: Evasion moves are banned\n|rule|Gravity Sleep Clause: The combination of sleep-inducing moves with imperfect accuracy and Gravity or Gigantamax Orbeetle are banned\n|rule|Endless Battle Clause: Forcing endless battles is banned\n|rule|HP Percentage Mod: HP is shown in percentages\n|clearpoke\n|poke|p1|Hippowdon, F|\n|poke|p1|Houndstone, F|\n|poke|p1|Gastrodon, F|\n|poke|p1|Goodra-Hisui, F|\n|poke|p1|Tyranitar, M|\n|poke|p1|Torterra, M|\n|poke|p2|Empoleon, F|\n|poke|p2|Gliscor, M|\n|poke|p2|Shaymin-Sky|\n|poke|p2|Staraptor, M|\n|poke|p2|Heatran, M|\n|poke|p2|Infernape, M|\n|teampreview\n|\n|t:|1698349184\n|start\n|switch|p1a: Tyranitar|Tyranitar, M|100\/100\n|switch|p1b: Gastrodon|Gastrodon, F|100\/100\n|switch|p2a: Ace|Staraptor, M|100\/100\n|switch|p2b: Monkey Fist|Infernape, M|100\/100\n|-weather|Sandstorm|[from] ability: Sand Stream|[of] p1a: Tyranitar\n|turn|1\n|c|\u2606JustSmeeks|wait gastro gets sand force\n|c|\u2606JustSmeeks|thats amazing\n|\n|t:|1698349206\n|switch|p1a: Houndstone|Houndstone, F|100\/100\n|move|p2b: Monkey Fist|Switcheroo|p1b: Gastrodon\n|-activate|p2b: Monkey Fist|move: Trick|[of] p1b: Gastrodon\n|-item|p1b: Gastrodon|Choice Scarf|[from] move: Switcheroo\n|-item|p2b: Monkey Fist|Sitrus Berry|[from] move: Switcheroo\n|move|p2a: Ace|Close Combat|p1a: Houndstone\n|-immune|p1a: Houndstone\n|move|p1b: Gastrodon|Muddy Water|p2b: Monkey Fist|[spread] p2a\n|-miss|p1b: Gastrodon|p2b: Monkey Fist\n|-damage|p2a: Ace|54\/100\n|\n|-weather|Sandstorm|[upkeep]\n|-damage|p2b: Monkey Fist|94\/100|[from] Sandstorm\n|-damage|p2a: Ace|48\/100|[from] Sandstorm\n|upkeep\n|turn|2\n|\n|t:|1698349244\n|switch|p1a: Hippowdon|Hippowdon, F|100\/100\n|switch|p2b: Skipper|Empoleon, F|100\/100\n|switch|p2a: Anti-Ogrepon spray|Shaymin-Sky|100\/100\n|move|p1b: Gastrodon|Muddy Water|p2a: Anti-Ogrepon spray|[spread] p2b\n|-miss|p1b: Gastrodon|p2a: Anti-Ogrepon spray\n|-resisted|p2b: Skipper\n|-damage|p2b: Skipper|84\/100\n|\n|-weather|Sandstorm|[upkeep]\n|-damage|p2a: Anti-Ogrepon spray|94\/100|[from] Sandstorm\n|-heal|p2b: Skipper|90\/100|[from] item: Leftovers\n|upkeep\n|turn|3\n|\n|t:|1698349263\n|switch|p1b: Goodra|Goodra-Hisui, F|100\/100\n|-terastallize|p2b: Skipper|Grass\n|move|p2a: Anti-Ogrepon spray|Seed Flare|p1a: Hippowdon\n|-supereffective|p1a: Hippowdon\n|-damage|p1a: Hippowdon|0 fnt\n|faint|p1a: Hippowdon\n|move|p2b: Skipper|Agility|p2b: Skipper\n|-boost|p2b: Skipper|spe|2\n|\n|-weather|Sandstorm|[upkeep]\n|-damage|p2b: Skipper|84\/100|[from] Sandstorm\n|-damage|p2a: Anti-Ogrepon spray|88\/100|[from] Sandstorm\n|-heal|p2b: Skipper|90\/100|[from] item: Leftovers\n|upkeep\n|\n|t:|1698349279\n|switch|p1a: Torterra|Torterra, M|100\/100\n|turn|4\n|\n|t:|1698349293\n|-terastallize|p1a: Torterra|Fire\n|move|p2b: Skipper|Hydro Pump|p1a: Torterra|[miss]\n|-miss|p2b: Skipper|p1a: Torterra\n|move|p2a: Anti-Ogrepon spray|Earth Power|p1b: Goodra\n|-supereffective|p1b: Goodra\n|-damage|p1b: Goodra|50\/100\n|move|p1a: Torterra|Shell Smash|p1a: Torterra\n|-unboost|p1a: Torterra|def|1\n|-unboost|p1a: Torterra|spd|1\n|-boost|p1a: Torterra|atk|2\n|-boost|p1a: Torterra|spa|2\n|-boost|p1a: Torterra|spe|2\n|-enditem|p1a: Torterra|White Herb\n|-clearnegativeboost|p1a: Torterra|[silent]\n|move|p1b: Goodra|Acid Armor|p1b: Goodra\n|-boost|p1b: Goodra|def|2\n|\n|-weather|Sandstorm|[upkeep]\n|-damage|p2b: Skipper|84\/100|[from] Sandstorm\n|-damage|p1a: Torterra|94\/100|[from] Sandstorm\n|-damage|p2a: Anti-Ogrepon spray|82\/100|[from] Sandstorm\n|-heal|p2b: Skipper|90\/100|[from] item: Leftovers\n|-heal|p1b: Goodra|56\/100|[from] item: Leftovers\n|upkeep\n|turn|5\n|\n|t:|1698349322\n|move|p2b: Skipper|Hydro Pump|p1a: Torterra\n|-supereffective|p1a: Torterra\n|-damage|p1a: Torterra|0 fnt\n|faint|p1a: Torterra\n|move|p2a: Anti-Ogrepon spray|Earth Power|p1b: Goodra\n|-supereffective|p1b: Goodra\n|-damage|p1b: Goodra|9\/100\n|move|p1b: Goodra|Acid Armor|p1b: Goodra\n|-boost|p1b: Goodra|def|2\n|\n|-weather|none\n|-heal|p2b: Skipper|96\/100|[from] item: Leftovers\n|-heal|p1b: Goodra|15\/100|[from] item: Leftovers\n|upkeep\n|-message|Jace_Wins forfeited.\n|\n|win|JustSmeeks\n|raw|Jace_Wins's rating: 1359 &rarr; <strong>1339<\/strong><br \/>(-20 for losing)\n|raw|JustSmeeks's rating: 1356 &rarr; <strong>1376<\/strong><br \/>(+20 for winning)\n|l|\u2606Jace_Wins\n|c|\u2606JustSmeeks|gg\n","uploadtime":1698349365,"views":15,"p1id":"jacewins","p2id":"justsmeeks","formatid":"gen9doublesou","rating":1339,"private":0,"password":""}