{"id":"gen9doublesou-1970171951","p1":"dudfman","p2":"wingwingy55","format":"[Gen 9] Doubles OU","log":"|j|\u2606dudfman\n|j|\u2606wingwingy55\n|t:|1697604703\n|gametype|doubles\n|player|p1|dudfman|1|1037\n|player|p2|wingwingy55|preschooler|1229\n|teamsize|p1|6\n|teamsize|p2|6\n|gen|9\n|tier|[Gen 9] Doubles OU\n|rated|\n|rule|Species Clause: Limit one of each Pok\u00e9mon\n|rule|OHKO Clause: OHKO moves are banned\n|rule|Evasion Moves Clause: Evasion moves are banned\n|rule|Gravity Sleep Clause: The combination of sleep-inducing moves with imperfect accuracy and Gravity or Gigantamax Orbeetle are banned\n|rule|Endless Battle Clause: Forcing endless battles is banned\n|rule|HP Percentage Mod: HP is shown in percentages\n|clearpoke\n|poke|p1|Golduck, M|\n|poke|p1|Goodra-Hisui, F|\n|poke|p1|Politoed, M|\n|poke|p1|Raichu, F|\n|poke|p1|Staraptor, F|\n|poke|p1|Rillaboom, F|\n|poke|p2|Dragapult, M|\n|poke|p2|Chi-Yu|\n|poke|p2|Ogerpon, F|\n|poke|p2|Clefairy, F|\n|poke|p2|Chien-Pao|\n|poke|p2|Flutter Mane|\n|teampreview\n|inactive|Battle timer is ON: inactive players will automatically lose when time's up. (requested by dudfman)\n|\n|t:|1697604731\n|start\n|switch|p1a: Raichu|Raichu, F|100\/100\n|switch|p1b: Staraptor|Staraptor, F, shiny|100\/100\n|switch|p2a: Chi-Yu|Chi-Yu|100\/100\n|switch|p2b: Flutter Mane|Flutter Mane|100\/100\n|-ability|p1b: Staraptor|Intimidate|boost\n|-unboost|p2a: Chi-Yu|atk|1\n|-unboost|p2b: Flutter Mane|atk|1\n|-ability|p2a: Chi-Yu|Beads of Ruin\n|-enditem|p2b: Flutter Mane|Booster Energy\n|-activate|p2b: Flutter Mane|ability: Protosynthesis|[fromitem]\n|-start|p2b: Flutter Mane|protosynthesisspe\n|turn|1\n|inactive|dudfman has 120 seconds left.\n|\n|t:|1697604767\n|switch|p2a: Dragapult|Dragapult, M, shiny|100\/100\n|move|p1a: Raichu|Fake Out|p2a: Dragapult\n|-immune|p2a: Dragapult\n|move|p2b: Flutter Mane|Power Gem|p1b: Staraptor\n|-supereffective|p1b: Staraptor\n|-damage|p1b: Staraptor|26\/100\n|move|p1b: Staraptor|Close Combat|p2a: Dragapult\n|-immune|p2a: Dragapult\n|\n|upkeep\n|turn|2\n|inactive|dudfman has 120 seconds left.\n|inactive|wingwingy55 has 120 seconds left.\n|\n|t:|1697604818\n|switch|p1b: Politoed|Politoed, M|100\/100\n|-weather|RainDance|[from] ability: Drizzle|[of] p1b: Politoed\n|move|p1a: Raichu|Protect|p1a: Raichu\n|-singleturn|p1a: Raichu|Protect\n|move|p2b: Flutter Mane|Shadow Ball|p1a: Raichu\n|-activate|p1a: Raichu|move: Protect\n|move|p2a: Dragapult|Dragon Darts|p1b: Politoed\n|-damage|p1b: Politoed|74\/100\n|-anim|p2a: Dragapult|Dragon Darts|p1b: Politoed\n|-damage|p1b: Politoed|45\/100\n|-damage|p2a: Dragapult|91\/100|[from] item: Life Orb\n|\n|-weather|RainDance|[upkeep]\n|upkeep\n|turn|3\n|inactive|wingwingy55 has 120 seconds left.\n|inactive|dudfman has 120 seconds left.\n|inactive|wingwingy55 has 90 seconds left.\n|\n|t:|1697604861\n|switch|p2a: Ogerpon|Ogerpon, F|100\/100\n|move|p1b: Politoed|Protect|p1b: Politoed\n|-singleturn|p1b: Politoed|Protect\n|move|p2b: Flutter Mane|Dazzling Gleam|p1b: Politoed|[spread] p1a\n|-activate|p1b: Politoed|move: Protect\n|-damage|p1a: Raichu|49\/100\n|move|p1a: Raichu|Volt Switch|p2b: Flutter Mane\n|-damage|p2b: Flutter Mane|69\/100\n|inactive|dudfman has 90 seconds left.\n|\n|t:|1697604879\n|switch|p1a: Goodra|Goodra-Hisui, F|100\/100|[from] Volt Switch\n|\n|-weather|RainDance|[upkeep]\n|upkeep\n|turn|4\n|inactive|dudfman has 90 seconds left.\n|\n|t:|1697604903\n|switch|p1b: Staraptor|Staraptor, F, shiny|26\/100\n|-ability|p1b: Staraptor|Intimidate|boost\n|-unboost|p2a: Ogerpon|atk|1\n|-ability|p2a: Ogerpon|Defiant|boost\n|-boost|p2a: Ogerpon|atk|2\n|-unboost|p2b: Flutter Mane|atk|1\n|move|p2b: Flutter Mane|Shadow Ball|p1a: Goodra\n|-damage|p1a: Goodra|78\/100\n|move|p2a: Ogerpon|Ivy Cudgel|p1b: Staraptor\n|-resisted|p1b: Staraptor\n|-damage|p1b: Staraptor|0 fnt\n|faint|p1b: Staraptor\n|move|p1a: Goodra|Flash Cannon|p2b: Flutter Mane\n|-supereffective|p2b: Flutter Mane\n|-damage|p2b: Flutter Mane|6\/100\n|\n|-weather|RainDance|[upkeep]\n|-heal|p1a: Goodra|84\/100|[from] item: Leftovers\n|upkeep\n|inactive|dudfman has 90 seconds left.\n|inactive|dudfman has 60 seconds left.\n|\n|t:|1697604938\n|switch|p1b: Raichu|Raichu, F|49\/100\n|turn|5\n|inactive|wingwingy55 has 120 seconds left.\n|inactive|dudfman has 60 seconds left.\n|\n|t:|1697604964\n|move|p1b: Raichu|Fake Out|p2a: Ogerpon\n|-damage|p2a: Ogerpon|91\/100\n|move|p2b: Flutter Mane|Dazzling Gleam|p1b: Raichu|[spread] p1a,p1b\n|-damage|p1a: Goodra|68\/100\n|-damage|p1b: Raichu|2\/100\n|cant|p2a: Ogerpon|flinch\n|move|p1a: Goodra|Ice Beam|p2a: Ogerpon\n|-supereffective|p2a: Ogerpon\n|-damage|p2a: Ogerpon|44\/100\n|\n|-weather|RainDance|[upkeep]\n|-heal|p2a: Ogerpon|50\/100|[from] item: Leftovers\n|-heal|p1a: Goodra|74\/100|[from] item: Leftovers\n|upkeep\n|turn|6\n|inactive|dudfman has 60 seconds left.\n|\n|t:|1697604993\n|move|p1b: Raichu|Protect|p1b: Raichu\n|-singleturn|p1b: Raichu|Protect\n|move|p2b: Flutter Mane|Dazzling Gleam|p1a: Goodra|[spread] p1a\n|-activate|p1b: Raichu|move: Protect\n|-damage|p1a: Goodra|56\/100\n|move|p2a: Ogerpon|Stomping Tantrum|p1a: Goodra\n|-supereffective|p1a: Goodra\n|-damage|p1a: Goodra|0 fnt\n|faint|p1a: Goodra\n|\n|-weather|RainDance|[upkeep]\n|-heal|p2a: Ogerpon|56\/100|[from] item: Leftovers\n|upkeep\n|inactive|dudfman has 60 seconds left.\n|\n|t:|1697605010\n|switch|p1a: Golduck|Golduck, M, shiny|100\/100\n|turn|7\n|inactive|dudfman has 60 seconds left.\n|\n|t:|1697605039\n|-terastallize|p1a: Golduck|Psychic\n|move|p2b: Flutter Mane|Dazzling Gleam|p1b: Raichu|[spread] p1a,p1b\n|-damage|p1a: Golduck|66\/100\n|-damage|p1b: Raichu|0 fnt\n|faint|p1b: Raichu\n|move|p1a: Golduck|Psyshock|p2b: Flutter Mane\n|-damage|p2b: Flutter Mane|0 fnt\n|faint|p2b: Flutter Mane\n|-end|p2b: Flutter Mane|Protosynthesis|[silent]\n|move|p2a: Ogerpon|Ivy Cudgel|p1a: Golduck\n|-damage|p1a: Golduck|0 fnt\n|faint|p1a: Golduck\n|\n|-weather|RainDance|[upkeep]\n|-heal|p2a: Ogerpon|62\/100|[from] item: Leftovers\n|upkeep\n|inactive|dudfman has 60 seconds left.\n|\n|t:|1697605059\n|switch|p2b: Chi-Yu|Chi-Yu|100\/100\n|switch|p1b: Politoed|Politoed, M|45\/100\n|switch|p1a: Rillaboom|Rillaboom, F|100\/100\n|-ability|p2b: Chi-Yu|Beads of Ruin\n|-fieldstart|move: Grassy Terrain|[from] ability: Grassy Surge|[of] p1a: Rillaboom\n|-enditem|p1a: Rillaboom|Grassy Seed\n|-boost|p1a: Rillaboom|def|1|[from] item: Grassy Seed\n|turn|8\n|inactive|dudfman has 60 seconds left.\n|\n|t:|1697605085\n|move|p1b: Politoed|Protect|p1b: Politoed\n|-singleturn|p1b: Politoed|Protect\n|move|p2b: Chi-Yu|Overheat|p1a: Rillaboom\n|-supereffective|p1a: Rillaboom\n|-damage|p1a: Rillaboom|0 fnt\n|-unboost|p2b: Chi-Yu|spa|2\n|faint|p1a: Rillaboom\n|move|p2a: Ogerpon|Ivy Cudgel|p1b: Politoed\n|-activate|p1b: Politoed|move: Protect\n|\n|-weather|RainDance|[upkeep]\n|-heal|p2a: Ogerpon|69\/100|[from] Grassy Terrain\n|-heal|p2a: Ogerpon|75\/100|[from] item: Leftovers\n|-heal|p1b: Politoed|51\/100|[from] Grassy Terrain\n|upkeep\n|turn|9\n|-message|dudfman forfeited.\n|\n|win|wingwingy55\n|raw|dudfman's rating: 1037 &rarr; <strong>1029<\/strong><br \/>(-8 for losing)\n|raw|wingwingy55's rating: 1229 &rarr; <strong>1241<\/strong><br \/>(+12 for winning)\n|l|\u2606dudfman\n","uploadtime":1697605117,"views":27,"p1id":"dudfman","p2id":"wingwingy55","formatid":"gen9doublesou","rating":1029,"private":0,"password":""}