{"id":"gen9doublesou-1989202295","p1":"zsjpxah","p2":"WlckedReza","format":"[Gen 9] Doubles OU","log":"|j|\u2606zsjpxah\n|j|\u2606WlckedReza\n|t:|1699822930\n|gametype|doubles\n|player|p1|zsjpxah|boarder|1000\n|player|p2|WlckedReza|shadowtriad|1000\n|teamsize|p1|6\n|teamsize|p2|6\n|gen|9\n|tier|[Gen 9] Doubles OU\n|rated|\n|rule|Species Clause: Limit one of each Pok\u00e9mon\n|rule|OHKO Clause: OHKO moves are banned\n|rule|Evasion Moves Clause: Evasion moves are banned\n|rule|Gravity Sleep Clause: The combination of sleep-inducing moves with imperfect accuracy and Gravity or Gigantamax Orbeetle are banned\n|rule|Endless Battle Clause: Forcing endless battles is banned\n|rule|HP Percentage Mod: HP is shown in percentages\n|clearpoke\n|poke|p1|Tauros-Paldea-Blaze, M|\n|poke|p1|Meowscarada, F|\n|poke|p1|Flamigo, F|\n|poke|p1|Corviknight, F|\n|poke|p1|Glimmora, M|\n|poke|p1|Flutter Mane|\n|poke|p2|Heatran, M|\n|poke|p2|Dragapult, F|\n|poke|p2|Chansey, F|\n|poke|p2|Thundurus-Therian, M|\n|poke|p2|Ninetales, F|\n|poke|p2|Iron Valiant|\n|teampreview\n|\n|t:|1699822945\n|start\n|switch|p1a: Tauros|Tauros-Paldea-Blaze, M|100\/100\n|switch|p1b: Meowscarada|Meowscarada, F|100\/100\n|switch|p2a: Heatran|Heatran, M|100\/100\n|switch|p2b: Ninetales|Ninetales, F, shiny|100\/100\n|-weather|SunnyDay|[from] ability: Drought|[of] p2b: Ninetales\n|turn|1\n|\n|t:|1699822985\n|move|p1b: Meowscarada|Flower Trick|p1a: Tauros\n|-resisted|p1a: Tauros\n|-crit|p1a: Tauros\n|-damage|p1a: Tauros|85\/100\n|-setboost|p1a: Tauros|atk|6|[from] ability: Anger Point\n|move|p1a: Tauros|Earthquake|p2a: Heatran|[spread] p1b,p2a,p2b\n|-resisted|p1b: Meowscarada\n|-supereffective|p2a: Heatran\n|-supereffective|p2b: Ninetales\n|-damage|p1b: Meowscarada|55\/100\n|-damage|p2a: Heatran|0 fnt\n|-damage|p2b: Ninetales|0 fnt\n|faint|p2a: Heatran\n|faint|p2b: Ninetales\n|\n|-weather|SunnyDay|[upkeep]\n|upkeep\n|\n|t:|1699822998\n|switch|p2b: Thundurus|Thundurus-Therian, M|100\/100\n|switch|p2a: Chansey|Chansey, F|100\/100\n|turn|2\n|\n|t:|1699823037\n|move|p1b: Meowscarada|Knock Off|p2a: Chansey\n|-damage|p2a: Chansey|38\/100\n|-enditem|p2a: Chansey|Eviolite|[from] move: Knock Off|[of] p1b: Meowscarada\n|move|p1a: Tauros|Flame Charge|p2b: Thundurus\n|-damage|p2b: Thundurus|0 fnt\n|-boost|p1a: Tauros|spe|1\n|faint|p2b: Thundurus\n|move|p2a: Chansey|Skill Swap|p2: Thundurus|[notarget]\n|-fail|p2a: Chansey\n|\n|-weather|SunnyDay|[upkeep]\n|upkeep\n|\n|t:|1699823045\n|switch|p2b: Iron Valiant|Iron Valiant|100\/100\n|-enditem|p2b: Iron Valiant|Booster Energy\n|-activate|p2b: Iron Valiant|ability: Quark Drive|[fromitem]\n|-start|p2b: Iron Valiant|quarkdriveatk\n|turn|3\n|\n|t:|1699823084\n|switch|p2a: Dragapult|Dragapult, F|100\/100\n|move|p1b: Meowscarada|Ally Switch|p1b: Meowscarada\n|swap|p1b: Meowscarada|0|[from] move: Ally Switch\n|move|p1b: Tauros|Earthquake|p2a: Dragapult|[spread] p1a,p2a,p2b\n|-resisted|p1a: Meowscarada\n|-damage|p1a: Meowscarada|8\/100\n|-damage|p2a: Dragapult|9\/100\n|-damage|p2b: Iron Valiant|23\/100\n|move|p2b: Iron Valiant|Drain Punch|p1b: Tauros\n|-damage|p1b: Tauros|32\/100\n|-heal|p2b: Iron Valiant|50\/100|[from] drain|[of] p1b: Tauros\n|\n|-weather|SunnyDay|[upkeep]\n|upkeep\n|turn|4\n|\n|t:|1699823114\n|switch|p1a: Flamigo|Flamigo, F|100\/100\n|-copyboost|p1a: Flamigo|p1b: Tauros|[from] ability: Costar\n|move|p1b: Tauros|Earthquake|p2b: Iron Valiant|[spread] p2a,p2b\n|-immune|p1a: Flamigo\n|-damage|p2a: Dragapult|0 fnt\n|-damage|p2b: Iron Valiant|0 fnt\n|faint|p2a: Dragapult\n|faint|p2b: Iron Valiant\n|-end|p2b: Iron Valiant|Quark Drive|[silent]\n|\n|-weather|SunnyDay|[upkeep]\n|upkeep\n|\n|t:|1699823125\n|switch|p2b: Chansey|Chansey, F|38\/100\n|turn|5\n|c|\u2606zsjpxah|(:\n|\n|t:|1699823132\n|move|p1b: Tauros|Earthquake|p2b: Chansey|[spread] p2b\n|-immune|p1a: Flamigo\n|-damage|p2b: Chansey|0 fnt\n|faint|p2b: Chansey\n|\n|win|zsjpxah\n|raw|zsjpxah's rating: 1000 &rarr; <strong>1040<\/strong><br \/>(+40 for winning)\n|raw|WlckedReza's rating: 1000 &rarr; <strong>1000<\/strong><br \/>(+0 for losing)\n|l|\u2606WlckedReza\n","uploadtime":1699823138,"views":8,"p1id":"zsjpxah","p2id":"wlckedreza","formatid":"gen9doublesou","rating":1000,"private":0,"password":""}