{"id":"gen9doublesou-1986168413","p1":"doctor_ks3","p2":"RocketsViability","format":"[Gen 9] Doubles OU","log":"|j|\u2606doctor_ks3\n|j|\u2606RocketsViability\n|t:|1699456556\n|gametype|doubles\n|player|p1|doctor_ks3|maid|1244\n|player|p2|RocketsViability|169|1168\n|teamsize|p1|6\n|teamsize|p2|6\n|gen|9\n|tier|[Gen 9] Doubles OU\n|rated|\n|rule|Species Clause: Limit one of each Pok\u00e9mon\n|rule|OHKO Clause: OHKO moves are banned\n|rule|Evasion Moves Clause: Evasion moves are banned\n|rule|Gravity Sleep Clause: The combination of sleep-inducing moves with imperfect accuracy and Gravity or Gigantamax Orbeetle are banned\n|rule|Endless Battle Clause: Forcing endless battles is banned\n|rule|HP Percentage Mod: HP is shown in percentages\n|clearpoke\n|poke|p1|Volbeat, M|\n|poke|p1|Sinistcha-Masterpiece|\n|poke|p1|Iron Hands|\n|poke|p1|Amoonguss, M|\n|poke|p1|Landorus-Therian, M|\n|poke|p1|Oranguru, M|\n|poke|p2|Ninetales-Alola, M|\n|poke|p2|Trevenant, F|\n|poke|p2|Goodra-Hisui, M|\n|poke|p2|Sandslash-Alola, F|\n|poke|p2|Torterra, F|\n|poke|p2|Empoleon, M|\n|teampreview\n|\n|t:|1699456577\n|start\n|switch|p1a: Volbeat|Volbeat, M|100\/100\n|switch|p1b: Oranguru|Oranguru, M|100\/100\n|switch|p2a: Trevenant|Trevenant, F|100\/100\n|switch|p2b: Goodra|Goodra-Hisui, M|100\/100\n|turn|1\n|\n|t:|1699456587\n|move|p1a: Volbeat|Tail Glow|p1a: Volbeat\n|-boost|p1a: Volbeat|spa|3\n|move|p2b: Goodra|Flamethrower|p1a: Volbeat\n|-supereffective|p1a: Volbeat\n|-damage|p1a: Volbeat|47\/100\n|move|p2a: Trevenant|Toxic|p1b: Oranguru\n|-status|p1b: Oranguru|tox\n|move|p1b: Oranguru|Instruct|p1a: Volbeat\n|-singleturn|p1a: Volbeat|move: Instruct|[of] p1b: Oranguru\n|move|p1a: Volbeat|Tail Glow|p1a: Volbeat\n|-boost|p1a: Volbeat|spa|3\n|\n|-damage|p1b: Oranguru|94\/100 tox|[from] psn\n|upkeep\n|turn|2\n|\n|t:|1699456607\n|move|p1a: Volbeat|Baton Pass|p1a: Volbeat\n|\n|t:|1699456610\n|switch|p1a: \u304a\u8336|Sinistcha-Masterpiece|100\/100|[from] Baton Pass\n|move|p2b: Goodra|Flamethrower|p1a: \u304a\u8336\n|-supereffective|p1a: \u304a\u8336\n|-damage|p1a: \u304a\u8336|64\/100\n|move|p2a: Trevenant|Disable|p1b: Oranguru\n|-start|p1b: Oranguru|Disable|Instruct\n|-enditem|p1b: Oranguru|Mental Herb\n|-end|p1b: Oranguru|Disable\n|move|p1b: Oranguru|Trick Room|p1b: Oranguru\n|-fieldstart|move: Trick Room|[of] p1b: Oranguru\n|\n|-damage|p1b: Oranguru|82\/100 tox|[from] psn\n|upkeep\n|turn|3\n|\n|t:|1699456632\n|switch|p1b: Suss amoonguss|Amoonguss, M|100\/100\n|move|p2b: Goodra|Protect|p2b: Goodra\n|-singleturn|p2b: Goodra|Protect\n|move|p1a: \u304a\u8336|Protect|p1a: \u304a\u8336\n|-singleturn|p1a: \u304a\u8336|Protect\n|move|p2a: Trevenant|Disable||[still]\n|-fail|p2a: Trevenant\n|\n|upkeep\n|turn|4\n|\n|t:|1699456646\n|move|p1b: Suss amoonguss|Spore|p2b: Goodra\n|-status|p2b: Goodra|slp|[from] move: Spore\n|move|p2a: Trevenant|Toxic|p1a: \u304a\u8336\n|-status|p1a: \u304a\u8336|tox\n|cant|p2b: Goodra|slp\n|move|p1a: \u304a\u8336|Shadow Ball|p2a: Trevenant\n|-supereffective|p2a: Trevenant\n|-damage|p2a: Trevenant|0 fnt\n|faint|p2a: Trevenant\n|-damage|p1a: \u304a\u8336|54\/100 tox|[from] item: Life Orb\n|\n|-damage|p1a: \u304a\u8336|48\/100 tox|[from] psn\n|upkeep\n|\n|t:|1699456665\n|switch|p2a: Torterra|Torterra, F|100\/100\n|turn|5\n|\n|t:|1699456672\n|move|p1b: Suss amoonguss|Pollen Puff|p1a: \u304a\u8336\n|-heal|p1a: \u304a\u8336|98\/100 tox\n|cant|p2b: Goodra|slp\n|move|p1a: \u304a\u8336|Matcha Gotcha|p2b: Goodra|[spread] p2a,p2b\n|-resisted|p2b: Goodra\n|-damage|p2a: Torterra|0 fnt\n|-heal|p1a: \u304a\u8336|100\/100 tox|[from] drain|[of] p2a: Torterra\n|-damage|p2b: Goodra|71\/100 slp\n|faint|p2a: Torterra\n|-damage|p1a: \u304a\u8336|91\/100 tox|[from] item: Life Orb\n|\n|-damage|p1a: \u304a\u8336|79\/100 tox|[from] psn\n|upkeep\n|\n|t:|1699456685\n|switch|p2a: Sandslash|Sandslash-Alola, F|100\/100\n|turn|6\n|\n|t:|1699456690\n|move|p2a: Sandslash|Ice Shard|p1a: \u304a\u8336\n|-supereffective|p1a: \u304a\u8336\n|-damage|p1a: \u304a\u8336|43\/100 tox\n|move|p1b: Suss amoonguss|Spore|p2a: Sandslash|[miss]\n|-miss|p1b: Suss amoonguss|p2a: Sandslash\n|cant|p2b: Goodra|slp\n|move|p1a: \u304a\u8336|Matcha Gotcha|p2a: Sandslash|[spread] p2a,p2b\n|-resisted|p2a: Sandslash\n|-resisted|p2b: Goodra\n|-damage|p2a: Sandslash|0 fnt\n|-heal|p1a: \u304a\u8336|94\/100 tox|[from] drain|[of] p2a: Sandslash\n|-damage|p2b: Goodra|42\/100 slp\n|-heal|p1a: \u304a\u8336|100\/100 tox|[from] drain|[of] p2b: Goodra\n|faint|p2a: Sandslash\n|-damage|p1a: \u304a\u8336|91\/100 tox|[from] item: Life Orb\n|\n|-damage|p1a: \u304a\u8336|72\/100 tox|[from] psn\n|-fieldend|move: Trick Room\n|upkeep\n|\n|t:|1699456702\n|switch|p2a: Ninetales|Ninetales-Alola, M|100\/100\n|-weather|Snow|[from] ability: Snow Warning|[of] p2a: Ninetales\n|turn|7\n|\n|t:|1699456710\n|move|p1b: Suss amoonguss|Rage Powder|p1b: Suss amoonguss\n|-singleturn|p1b: Suss amoonguss|move: Rage Powder\n|move|p2a: Ninetales|Aurora Veil|p2a: Ninetales\n|-sidestart|p2: RocketsViability|move: Aurora Veil\n|move|p1a: \u304a\u8336|Matcha Gotcha|p2b: Goodra|[spread] p2a,p2b\n|-resisted|p2b: Goodra\n|-damage|p2a: Ninetales|0 fnt\n|-heal|p1a: \u304a\u8336|100\/100 tox|[from] drain|[of] p2a: Ninetales\n|-damage|p2b: Goodra|23\/100 slp\n|faint|p2a: Ninetales\n|-damage|p1a: \u304a\u8336|91\/100 tox|[from] item: Life Orb\n|-curestatus|p2b: Goodra|slp|[msg]\n|move|p2b: Goodra|Blizzard|p1a: \u304a\u8336|[spread] p1a,p1b\n|-supereffective|p1a: \u304a\u8336\n|-supereffective|p1b: Suss amoonguss\n|-damage|p1a: \u304a\u8336|24\/100 tox\n|-damage|p1b: Suss amoonguss|54\/100\n|\n|-weather|Snow|[upkeep]\n|-damage|p1a: \u304a\u8336|0 fnt|[from] psn\n|faint|p1a: \u304a\u8336\n|upkeep\n|c|\u2606RocketsViability|YESSSS\n|\n|t:|1699456730\n|switch|p2a: Empoleon|Empoleon, M|100\/100\n|switch|p1a: Iron Hands|Iron Hands|100\/100\n|turn|8\n|\n|t:|1699456738\n|move|p2a: Empoleon|Protect|p2a: Empoleon\n|-singleturn|p2a: Empoleon|Protect\n|move|p2b: Goodra|Protect|p2b: Goodra\n|-singleturn|p2b: Goodra|Protect\n|move|p1a: Iron Hands|Fake Out|p2b: Goodra\n|-activate|p2b: Goodra|move: Protect\n|move|p1b: Suss amoonguss|Spore|p2a: Empoleon\n|-activate|p2a: Empoleon|move: Protect\n|\n|-weather|Snow|[upkeep]\n|upkeep\n|turn|9\n|\n|t:|1699456751\n|switch|p1b: Landorus|Landorus-Therian, M|100\/100\n|-ability|p1b: Landorus|Intimidate|boost\n|-unboost|p2a: Empoleon|atk|1\n|-ability|p2a: Empoleon|Competitive|boost\n|-boost|p2a: Empoleon|spa|2\n|-unboost|p2b: Goodra|atk|1\n|move|p2b: Goodra|Blizzard|p1a: Iron Hands|[spread] p1a,p1b\n|-supereffective|p1b: Landorus\n|-damage|p1a: Iron Hands|85\/100\n|-damage|p1b: Landorus|0 fnt\n|faint|p1b: Landorus\n|move|p2a: Empoleon|Blizzard|p1a: Iron Hands\n|-damage|p1a: Iron Hands|45\/100\n|move|p1a: Iron Hands|Drain Punch|p2b: Goodra\n|-supereffective|p2b: Goodra\n|-damage|p2b: Goodra|0 fnt\n|-heal|p1a: Iron Hands|54\/100|[from] drain|[of] p2b: Goodra\n|-damage|p1a: Iron Hands|37\/100|[from] item: Rocky Helmet|[of] p2b: Goodra\n|faint|p2b: Goodra\n|\n|-weather|Snow|[upkeep]\n|upkeep\n|\n|t:|1699456773\n|switch|p1b: Volbeat|Volbeat, M|47\/100\n|turn|10\n|\n|t:|1699456783\n|-end|p1a: Iron Hands|Quark Drive|[silent]\n|switch|p1a: Oranguru|Oranguru, M|82\/100 tox\n|-terastallize|p2a: Empoleon|Water\n|move|p1b: Volbeat|Protect|p1b: Volbeat\n|-singleturn|p1b: Volbeat|Protect\n|move|p2a: Empoleon|Blizzard|p1a: Oranguru|[spread] p1a\n|-activate|p1b: Volbeat|move: Protect\n|-damage|p1a: Oranguru|46\/100 tox\n|\n|-weather|Snow|[upkeep]\n|-damage|p1a: Oranguru|40\/100 tox|[from] psn\n|upkeep\n|turn|11\n|\n|t:|1699456799\n|move|p1b: Volbeat|Dazzling Gleam|p2a: Empoleon\n|-damage|p2a: Empoleon|94\/100\n|move|p2a: Empoleon|Blizzard|p1b: Volbeat|[spread] p1a,p1b\n|-damage|p1a: Oranguru|0 fnt\n|-damage|p1b: Volbeat|4\/100\n|faint|p1a: Oranguru\n|\n|-weather|Snow|[upkeep]\n|-heal|p2a: Empoleon|99\/100|[from] item: Leftovers\n|-sideend|p2: RocketsViability|move: Aurora Veil\n|upkeep\n|\n|t:|1699456813\n|switch|p1a: Suss amoonguss|Amoonguss, M|87\/100\n|turn|12\n|\n|t:|1699456831\n|move|p1b: Volbeat|Dazzling Gleam|p2a: Empoleon\n|-damage|p2a: Empoleon|91\/100\n|move|p2a: Empoleon|Blizzard|p1a: Suss amoonguss|[spread] p1a,p1b\n|-supereffective|p1a: Suss amoonguss\n|-damage|p1a: Suss amoonguss|0 fnt\n|-damage|p1b: Volbeat|0 fnt\n|faint|p1a: Suss amoonguss\n|faint|p1b: Volbeat\n|\n|-weather|Snow|[upkeep]\n|-heal|p2a: Empoleon|97\/100|[from] item: Leftovers\n|upkeep\n|\n|t:|1699456844\n|switch|p1a: Iron Hands|Iron Hands|37\/100\n|turn|13\n|\n|t:|1699456853\n|move|p2a: Empoleon|Blizzard|p1a: Iron Hands\n|-damage|p1a: Iron Hands|2\/100\n|move|p1a: Iron Hands|Wild Charge|p2a: Empoleon\n|-supereffective|p2a: Empoleon\n|-damage|p2a: Empoleon|6\/100\n|-damage|p1a: Iron Hands|0 fnt|[from] Recoil\n|faint|p1a: Iron Hands\n|-end|p1a: Iron Hands|Quark Drive|[silent]\n|\n|win|RocketsViability\n|raw|doctor_ks3's rating: 1244 &rarr; <strong>1214<\/strong><br \/>(-30 for losing)\n|raw|RocketsViability's rating: 1168 &rarr; <strong>1198<\/strong><br \/>(+30 for winning)\n|l|\u2606doctor_ks3\n|c|\u2606RocketsViability|YESSSS\n|c|\u2606RocketsViability|FUCK AMOONGUS\n","uploadtime":1699456872,"views":8,"p1id":"doctorks3","p2id":"rocketsviability","formatid":"gen9doublesou","rating":1198,"private":0,"password":""}