{"id":"gen9doublesou-1981043629","p1":"my3rdaccbruh","p2":"ShadowAlolan","format":"[Gen 9] Doubles OU","log":"|j|\u2606my3rdaccbruh\n|j|\u2606ShadowAlolan\n|t:|1698859132\n|gametype|doubles\n|player|p1|my3rdaccbruh|marlon|1061\n|player|p2|ShadowAlolan|170|1057\n|teamsize|p1|6\n|teamsize|p2|6\n|gen|9\n|tier|[Gen 9] Doubles OU\n|rated|\n|rule|Species Clause: Limit one of each Pok\u00e9mon\n|rule|OHKO Clause: OHKO moves are banned\n|rule|Evasion Moves Clause: Evasion moves are banned\n|rule|Gravity Sleep Clause: The combination of sleep-inducing moves with imperfect accuracy and Gravity or Gigantamax Orbeetle are banned\n|rule|Endless Battle Clause: Forcing endless battles is banned\n|rule|HP Percentage Mod: HP is shown in percentages\n|clearpoke\n|poke|p1|Amoonguss, M|\n|poke|p1|Farigiraf, M|\n|poke|p1|Dondozo, F|\n|poke|p1|Ting-Lu|\n|poke|p1|Bronzong|\n|poke|p1|Iron Hands|\n|poke|p2|Cramorant, M|\n|poke|p2|Oricorio-Pom-Pom, M|\n|poke|p2|Volcarona, M|\n|poke|p2|Shiftry, M|\n|poke|p2|Sinistcha-Masterpiece|\n|poke|p2|Ursaluna-Bloodmoon, M|\n|teampreview\n|inactive|Battle timer is ON: inactive players will automatically lose when time's up. (requested by my3rdaccbruh)\n|inactive|ShadowAlolan also wants the timer to be on.\n|\n|t:|1698859156\n|start\n|switch|p1a: Farigiraf|Farigiraf, M|100\/100\n|switch|p1b: Bronzong|Bronzong|100\/100\n|switch|p2a: Oricorio|Oricorio-Pom-Pom, M, shiny|100\/100\n|switch|p2b: Volcarona|Volcarona, M, shiny|100\/100\n|turn|1\n|inactive|my3rdaccbruh has 120 seconds left.\n|\n|t:|1698859190\n|move|p2a: Oricorio|Tailwind|p2a: Oricorio\n|-sidestart|p2: ShadowAlolan|move: Tailwind\n|move|p2b: Volcarona|Quiver Dance|p2b: Volcarona\n|-boost|p2b: Volcarona|spa|1\n|-boost|p2b: Volcarona|spd|1\n|-boost|p2b: Volcarona|spe|1\n|-activate|p2a: Oricorio|ability: Dancer\n|move|p2a: Oricorio|Quiver Dance|p2a: Oricorio|[from]ability: Dancer\n|-boost|p2a: Oricorio|spa|1\n|-boost|p2a: Oricorio|spd|1\n|-boost|p2a: Oricorio|spe|1\n|move|p1b: Bronzong|Calm Mind|p1b: Bronzong\n|-boost|p1b: Bronzong|spa|1\n|-boost|p1b: Bronzong|spd|1\n|move|p1a: Farigiraf|Trick Room|p1a: Farigiraf\n|-fieldstart|move: Trick Room|[of] p1a: Farigiraf\n|\n|upkeep\n|turn|2\n|inactive|ShadowAlolan has 120 seconds left.\n|\n|t:|1698859231\n|move|p1b: Bronzong|Calm Mind|p1b: Bronzong\n|-boost|p1b: Bronzong|spa|1\n|-boost|p1b: Bronzong|spd|1\n|move|p2b: Volcarona|Bug Buzz|p1a: Farigiraf\n|-supereffective|p1a: Farigiraf\n|-enditem|p1a: Farigiraf|Focus Sash\n|-damage|p1a: Farigiraf|1\/100\n|move|p2a: Oricorio|Dual Wingbeat|p1a: Farigiraf\n|-damage|p1a: Farigiraf|0 fnt\n|faint|p1a: Farigiraf\n|-hitcount|p1: Farigiraf|1\n|-damage|p2a: Oricorio|91\/100|[from] item: Life Orb\n|\n|upkeep\n|inactive|my3rdaccbruh has 120 seconds left.\n|\n|t:|1698859247\n|switch|p1a: Amoonguss|Amoonguss, M|100\/100\n|turn|3\n|\n|t:|1698859261\n|move|p1b: Bronzong|Calm Mind|p1b: Bronzong\n|-boost|p1b: Bronzong|spa|1\n|-boost|p1b: Bronzong|spd|1\n|move|p1a: Amoonguss|Pollen Puff|p1b: Bronzong\n|-immune|p1b: Bronzong\n|move|p2b: Volcarona|Fiery Dance|p1a: Amoonguss\n|-supereffective|p1a: Amoonguss\n|-damage|p1a: Amoonguss|0 fnt\n|faint|p1a: Amoonguss\n|-activate|p2a: Oricorio|ability: Dancer\n|move|p2a: Oricorio|Fiery Dance|p1b: Bronzong|[from]ability: Dancer\n|-supereffective|p1b: Bronzong\n|-damage|p1b: Bronzong|67\/100\n|-boost|p2a: Oricorio|spa|1\n|-enditem|p1b: Bronzong|Weakness Policy\n|-boost|p1b: Bronzong|atk|2|[from] item: Weakness Policy\n|-boost|p1b: Bronzong|spa|2|[from] item: Weakness Policy\n|-damage|p2a: Oricorio|81\/100|[from] item: Life Orb\n|move|p2a: Oricorio|Dual Wingbeat|p1b: Bronzong\n|-resisted|p1b: Bronzong\n|-damage|p1b: Bronzong|63\/100\n|-resisted|p1b: Bronzong\n|-damage|p1b: Bronzong|58\/100\n|-hitcount|p1b: Bronzong|2\n|-damage|p2a: Oricorio|71\/100|[from] item: Life Orb\n|\n|upkeep\n|inactive|my3rdaccbruh has 120 seconds left.\n|\n|t:|1698859284\n|switch|p1a: Dondozo|Dondozo, F|100\/100\n|turn|4\n|\n|t:|1698859298\n|move|p1b: Bronzong|Stored Power|p2b: Volcarona\n|-damage|p2b: Volcarona|0 fnt\n|faint|p2b: Volcarona\n|move|p1a: Dondozo|Curse|p1a: Dondozo\n|-unboost|p1a: Dondozo|spe|1\n|-boost|p1a: Dondozo|atk|1\n|-boost|p1a: Dondozo|def|1\n|move|p2a: Oricorio|Revelation Dance|p1a: Dondozo\n|-supereffective|p1a: Dondozo\n|-damage|p1a: Dondozo|2\/100\n|-enditem|p1a: Dondozo|Sitrus Berry|[eat]\n|-heal|p1a: Dondozo|27\/100|[from] item: Sitrus Berry\n|-damage|p2a: Oricorio|61\/100|[from] item: Life Orb\n|\n|-sideend|p2: ShadowAlolan|move: Tailwind\n|upkeep\n|inactive|ShadowAlolan has 120 seconds left.\n|\n|t:|1698859340\n|switch|p2b: Shiftry|Shiftry, M, shiny|100\/100\n|turn|5\n|inactive|ShadowAlolan has 120 seconds left.\n|\n|t:|1698859364\n|move|p1a: Dondozo|Body Press|p2b: Shiftry\n|-supereffective|p2b: Shiftry\n|-crit|p2b: Shiftry\n|-damage|p2b: Shiftry|0 fnt\n|faint|p2b: Shiftry\n|move|p1b: Bronzong|Stored Power|p2a: Oricorio\n|-damage|p2a: Oricorio|0 fnt\n|faint|p2a: Oricorio\n|\n|-fieldend|move: Trick Room\n|upkeep\n|inactive|ShadowAlolan has 120 seconds left.\n|c|\u2606my3rdaccbruh|trick room is gone now\n|\n|t:|1698859378\n|switch|p2a: Cramorant|Cramorant, M, shiny|100\/100\n|switch|p2b: Sinistcha|Sinistcha-Masterpiece, shiny|100\/100\n|turn|6\n|inactive|ShadowAlolan has 120 seconds left.\n|inactive|my3rdaccbruh has 120 seconds left.\n|inactive|ShadowAlolan has 90 seconds left.\n|inactive|my3rdaccbruh has 90 seconds left.\n|\n|t:|1698859464\n|move|p2a: Cramorant|Surf|p1a: Dondozo|[spread] p2b,p1a,p1b\n|-formechange|p2a: Cramorant|Cramorant-Gulping|\n|-resisted|p2b: Sinistcha\n|-resisted|p1a: Dondozo\n|-damage|p2b: Sinistcha|85\/100\n|-damage|p1a: Dondozo|14\/100\n|-damage|p1b: Bronzong|49\/100\n|move|p2b: Sinistcha|Shadow Ball|p1b: Bronzong\n|-supereffective|p1b: Bronzong\n|-damage|p1b: Bronzong|16\/100\n|move|p1b: Bronzong|Stored Power|p2a: Cramorant\n|-damage|p2a: Cramorant|0 fnt\n|-damage|p1b: Bronzong|0 fnt|[from] ability: Gulp Missile|[of] p2a: Cramorant\n|-formechange|p2a: Cramorant|Cramorant|\n|faint|p2a: Cramorant\n|faint|p1b: Bronzong\n|move|p1a: Dondozo|Avalanche|p2b: Sinistcha\n|-supereffective|p2b: Sinistcha\n|-damage|p2b: Sinistcha|29\/100\n|\n|-heal|p2b: Sinistcha|35\/100|[from] item: Leftovers\n|upkeep\n|\n|t:|1698859485\n|switch|p2a: Ursaluna|Ursaluna-Bloodmoon, M|100\/100\n|switch|p1b: Ting-Lu|Ting-Lu|100\/100\n|-ability|p1b: Ting-Lu|Vessel of Ruin\n|turn|7\n|inactive|my3rdaccbruh has 90 seconds left.\n|inactive|ShadowAlolan has 120 seconds left.\n|-message|ShadowAlolan forfeited.\n|\n|win|my3rdaccbruh\n|raw|my3rdaccbruh's rating: 1061 &rarr; <strong>1091<\/strong><br \/>(+30 for winning)\n|raw|ShadowAlolan's rating: 1057 &rarr; <strong>1039<\/strong><br \/>(-18 for losing)\n|l|\u2606ShadowAlolan\n|c|\u2606my3rdaccbruh|gg\n","uploadtime":1698859507,"views":21,"p1id":"my3rdaccbruh","p2id":"shadowalolan","formatid":"gen9doublesou","rating":1039,"private":0,"password":""}