{"id":"gen9doublesou-1998133628","p1":"Elite.4.Challenger","p2":"mikeyuwu","format":"[Gen 9] Doubles OU","log":"|j|\u2606Elite.4.Challenger\n|j|\u2606mikeyuwu\n|t:|1700897618\n|gametype|doubles\n|player|p1|Elite.4.Challenger|rocker-gen3|1316\n|player|p2|mikeyuwu|psychic-gen4|1309\n|teamsize|p1|6\n|teamsize|p2|6\n|gen|9\n|tier|[Gen 9] Doubles OU\n|rated|\n|rule|Species Clause: Limit one of each Pok\u00e9mon\n|rule|OHKO Clause: OHKO moves are banned\n|rule|Evasion Moves Clause: Evasion moves are banned\n|rule|Gravity Sleep Clause: The combination of sleep-inducing moves with imperfect accuracy and Gravity or Gigantamax Orbeetle are banned\n|rule|Endless Battle Clause: Forcing endless battles is banned\n|rule|HP Percentage Mod: HP is shown in percentages\n|clearpoke\n|poke|p1|Hatterene, F|\n|poke|p1|Rillaboom, M|\n|poke|p1|Torkoal, F|\n|poke|p1|Typhlosion-Hisui, F|\n|poke|p1|Hoopa-Unbound|\n|poke|p1|Kingambit, F|\n|poke|p2|Garchomp, M|\n|poke|p2|Tyranitar, F|\n|poke|p2|Vaporeon, F|\n|poke|p2|Toxicroak, M|\n|poke|p2|Pelipper, F|\n|poke|p2|Abomasnow, M|\n|teampreview\n|\n|t:|1700897634\n|start\n|switch|p1a: Joe's Ex-Wife|Hatterene, F|100\/100\n|switch|p1b: Rillaboom|Rillaboom, M|100\/100\n|switch|p2a: OTLHPM|Toxicroak, M|100\/100\n|switch|p2b: Harmacy|Vaporeon, F|100\/100\n|-fieldstart|move: Grassy Terrain|[from] ability: Grassy Surge|[of] p1b: Rillaboom\n|turn|1\n|\n|t:|1700897646\n|switch|p2b: Cold Shoulder|Abomasnow, M, shiny|100\/100\n|-weather|Snow|[from] ability: Snow Warning|[of] p2b: Cold Shoulder\n|move|p1b: Rillaboom|Fake Out|p2a: OTLHPM\n|-damage|p2a: OTLHPM|84\/100\n|cant|p2a: OTLHPM|flinch\n|move|p1a: Joe's Ex-Wife|Trick Room|p1a: Joe's Ex-Wife\n|-fieldstart|move: Trick Room|[of] p1a: Joe's Ex-Wife\n|\n|-weather|Snow|[upkeep]\n|-heal|p2a: OTLHPM|90\/100|[from] Grassy Terrain\n|-heal|p2a: OTLHPM|96\/100|[from] item: Black Sludge\n|upkeep\n|turn|2\n|\n|t:|1700897665\n|switch|p2a: ThcrThnSnkr|Tyranitar, F|100\/100\n|-weather|Sandstorm|[from] ability: Sand Stream|[of] p2a: ThcrThnSnkr\n|switch|p1b: Torkoal|Torkoal, F|100\/100\n|-weather|SunnyDay|[from] ability: Drought|[of] p1b: Torkoal\n|move|p1a: Joe's Ex-Wife|Dazzling Gleam|p2b: Cold Shoulder|[spread] p2a,p2b\n|-supereffective|p2a: ThcrThnSnkr\n|-damage|p2a: ThcrThnSnkr|74\/100\n|-damage|p2b: Cold Shoulder|62\/100\n|move|p2b: Cold Shoulder|Blizzard|p1a: Joe's Ex-Wife|[spread] p1a\n|-miss|p2b: Cold Shoulder|p1b: Torkoal\n|-damage|p1a: Joe's Ex-Wife|71\/100\n|\n|-weather|SunnyDay|[upkeep]\n|-heal|p1a: Joe's Ex-Wife|77\/100|[from] Grassy Terrain\n|-heal|p2a: ThcrThnSnkr|80\/100|[from] Grassy Terrain\n|-heal|p2b: Cold Shoulder|68\/100|[from] Grassy Terrain\n|upkeep\n|turn|3\n|\n|t:|1700897703\n|switch|p2a: Weather War|Pelipper, F|100\/100\n|-weather|RainDance|[from] ability: Drizzle|[of] p2a: Weather War\n|-terastallize|p2b: Cold Shoulder|Water\n|move|p1b: Torkoal|Eruption|p2a: Weather War|[spread] p2a,p2b\n|-resisted|p2a: Weather War\n|-resisted|p2b: Cold Shoulder\n|-damage|p2a: Weather War|85\/100\n|-damage|p2b: Cold Shoulder|55\/100\n|move|p1a: Joe's Ex-Wife|Dazzling Gleam|p2a: Weather War|[spread] p2a,p2b\n|-damage|p2a: Weather War|40\/100\n|-damage|p2b: Cold Shoulder|22\/100\n|move|p2b: Cold Shoulder|Weather Ball|p1b: Torkoal\n|-supereffective|p1b: Torkoal\n|-damage|p1b: Torkoal|0 fnt\n|faint|p1b: Torkoal\n|\n|-weather|RainDance|[upkeep]\n|-heal|p1a: Joe's Ex-Wife|83\/100|[from] Grassy Terrain\n|-heal|p2b: Cold Shoulder|28\/100|[from] Grassy Terrain\n|upkeep\n|\n|t:|1700897725\n|switch|p1b: Hoopa|Hoopa-Unbound|100\/100\n|-enditem|p1b: Hoopa|Grassy Seed\n|-boost|p1b: Hoopa|def|1|[from] item: Grassy Seed\n|turn|4\n|\n|t:|1700897737\n|switch|p1a: Typhlosion|Typhlosion-Hisui, F|100\/100\n|-item|p2a: Weather War|Heavy-Duty Boots|[from] ability: Frisk|[of] p1a: Typhlosion|[identify]\n|-item|p2b: Cold Shoulder|Wide Lens|[from] ability: Frisk|[of] p1a: Typhlosion|[identify]\n|switch|p2b: ThcrThnSnkr|Tyranitar, F|80\/100\n|-weather|Sandstorm|[from] ability: Sand Stream|[of] p2b: ThcrThnSnkr\n|move|p1b: Hoopa|Protect|p1b: Hoopa\n|-singleturn|p1b: Hoopa|Protect\n|move|p2a: Weather War|Chilling Water|p1b: Hoopa\n|-activate|p1b: Hoopa|move: Protect\n|\n|-weather|Sandstorm|[upkeep]\n|-damage|p1b: Hoopa|94\/100|[from] Sandstorm\n|-damage|p2a: Weather War|34\/100|[from] Sandstorm\n|-damage|p1a: Typhlosion|94\/100|[from] Sandstorm\n|-heal|p1b: Hoopa|100\/100|[from] Grassy Terrain\n|-heal|p2b: ThcrThnSnkr|86\/100|[from] Grassy Terrain\n|-heal|p1a: Typhlosion|100\/100|[from] Grassy Terrain\n|upkeep\n|turn|5\n|\n|t:|1700897770\n|switch|p2b: Extra Spicy|Garchomp, M|100\/100\n|switch|p2a: Harmacy|Vaporeon, F|100\/100\n|switch|p1a: Joe's Ex-Wife|Hatterene, F|83\/100\n|move|p1b: Hoopa|Hyperspace Fury|p2a: Harmacy\n|-damage|p2a: Harmacy|54\/100\n|-unboost|p1b: Hoopa|def|1\n|-item|p1b: Hoopa|Leftovers|[from] ability: Magician|[of] p2a: Harmacy\n|\n|-weather|Sandstorm|[upkeep]\n|-damage|p1a: Joe's Ex-Wife|77\/100|[from] Sandstorm\n|-damage|p1b: Hoopa|94\/100|[from] Sandstorm\n|-damage|p2a: Harmacy|48\/100|[from] Sandstorm\n|-heal|p1a: Joe's Ex-Wife|83\/100|[from] Grassy Terrain\n|-heal|p1b: Hoopa|100\/100|[from] Grassy Terrain\n|-heal|p2a: Harmacy|54\/100|[from] Grassy Terrain\n|-fieldend|move: Trick Room\n|-fieldend|move: Grassy Terrain\n|upkeep\n|turn|6\n|\n|t:|1700897802\n|move|p2b: Extra Spicy|Poison Jab|p1a: Joe's Ex-Wife\n|-supereffective|p1a: Joe's Ex-Wife\n|-damage|p1a: Joe's Ex-Wife|22\/100\n|move|p2a: Harmacy|Wish|p2a: Harmacy\n|move|p1a: Joe's Ex-Wife|Dazzling Gleam|p2b: Extra Spicy|[spread] p2a,p2b\n|-crit|p2a: Harmacy\n|-supereffective|p2b: Extra Spicy\n|-damage|p2a: Harmacy|18\/100\n|-damage|p2b: Extra Spicy|43\/100\n|move|p1b: Hoopa|Trick Room|p1b: Hoopa\n|-fieldstart|move: Trick Room|[of] p1b: Hoopa\n|\n|-weather|Sandstorm|[upkeep]\n|-damage|p1a: Joe's Ex-Wife|16\/100|[from] Sandstorm\n|-damage|p1b: Hoopa|94\/100|[from] Sandstorm\n|-damage|p2a: Harmacy|12\/100|[from] Sandstorm\n|-heal|p1b: Hoopa|100\/100|[from] item: Leftovers\n|upkeep\n|turn|7\n|\n|t:|1700897821\n|switch|p2a: ThcrThnSnkr|Tyranitar, F|86\/100\n|switch|p2b: OTLHPM|Toxicroak, M|96\/100\n|move|p1a: Joe's Ex-Wife|Dazzling Gleam|p2b: OTLHPM|[spread] p2a,p2b\n|-supereffective|p2a: ThcrThnSnkr\n|-damage|p2a: ThcrThnSnkr|67\/100\n|-damage|p2b: OTLHPM|55\/100\n|move|p1b: Hoopa|Dark Pulse|p2b: OTLHPM\n|-resisted|p2b: OTLHPM\n|-damage|p2b: OTLHPM|29\/100\n|\n|-weather|Sandstorm|[upkeep]\n|-damage|p1a: Joe's Ex-Wife|10\/100|[from] Sandstorm\n|-damage|p1b: Hoopa|94\/100|[from] Sandstorm\n|-damage|p2b: OTLHPM|23\/100|[from] Sandstorm\n|-heal|p2a: ThcrThnSnkr|100\/100|[from] move: Wish|[wisher] Harmacy\n|-heal|p1b: Hoopa|100\/100|[from] item: Leftovers\n|-heal|p2b: OTLHPM|29\/100|[from] item: Black Sludge\n|upkeep\n|turn|8\n|\n|t:|1700897847\n|switch|p1b: Rillaboom|Rillaboom, M|100\/100\n|-fieldstart|move: Grassy Terrain|[from] ability: Grassy Surge|[of] p1b: Rillaboom\n|move|p1a: Joe's Ex-Wife|Dazzling Gleam|p2b: OTLHPM|[spread] p2a,p2b\n|-supereffective|p2a: ThcrThnSnkr\n|-damage|p2a: ThcrThnSnkr|79\/100\n|-damage|p2b: OTLHPM|0 fnt\n|faint|p2b: OTLHPM\n|move|p2a: ThcrThnSnkr|Rock Slide|p1a: Joe's Ex-Wife|[spread] p1a,p1b\n|-damage|p1a: Joe's Ex-Wife|0 fnt\n|-damage|p1b: Rillaboom|77\/100\n|faint|p1a: Joe's Ex-Wife\n|\n|-weather|none\n|-heal|p2a: ThcrThnSnkr|85\/100|[from] Grassy Terrain\n|-heal|p1b: Rillaboom|84\/100|[from] Grassy Terrain\n|upkeep\n|\n|t:|1700897876\n|switch|p1a: Hoopa|Hoopa-Unbound|100\/100\n|switch|p2b: Cold Shoulder|Abomasnow, M, shiny, tera:Water|28\/100\n|-weather|Snow|[from] ability: Snow Warning|[of] p2b: Cold Shoulder\n|turn|9\n|\n|t:|1700897889\n|switch|p2a: Extra Spicy|Garchomp, M|43\/100\n|move|p1a: Hoopa|Hyperspace Fury|p2b: Cold Shoulder\n|-damage|p2b: Cold Shoulder|0 fnt\n|-unboost|p1a: Hoopa|def|1\n|faint|p2b: Cold Shoulder\n|move|p1b: Rillaboom|Brick Break|p2a: Extra Spicy\n|-damage|p2a: Extra Spicy|29\/100\n|-damage|p1b: Rillaboom|71\/100|[from] ability: Rough Skin|[of] p2a: Extra Spicy\n|-damage|p1b: Rillaboom|55\/100|[from] item: Rocky Helmet|[of] p2a: Extra Spicy\n|\n|-weather|Snow|[upkeep]\n|-heal|p1b: Rillaboom|61\/100|[from] Grassy Terrain\n|-heal|p2a: Extra Spicy|35\/100|[from] Grassy Terrain\n|upkeep\n|\n|t:|1700897898\n|switch|p2b: Harmacy|Vaporeon, F|12\/100\n|turn|10\n|\n|t:|1700897916\n|move|p1a: Hoopa|Protect|p1a: Hoopa\n|-singleturn|p1a: Hoopa|Protect\n|move|p2b: Harmacy|Weather Ball|p1b: Rillaboom\n|-supereffective|p1b: Rillaboom\n|-damage|p1b: Rillaboom|29\/100\n|move|p1b: Rillaboom|U-turn|p2b: Harmacy\n|-crit|p2b: Harmacy\n|-damage|p2b: Harmacy|0 fnt\n|faint|p2b: Harmacy\n|\n|t:|1700897928\n|switch|p1b: Typhlosion|Typhlosion-Hisui, F|100\/100|[from] U-turn\n|-item|p2a: Extra Spicy|Rocky Helmet|[from] ability: Frisk|[of] p1b: Typhlosion|[identify]\n|move|p2a: Extra Spicy|Poison Jab|p1b: Typhlosion\n|-resisted|p1b: Typhlosion\n|-damage|p1b: Typhlosion|86\/100\n|\n|-weather|Snow|[upkeep]\n|-heal|p1b: Typhlosion|92\/100|[from] Grassy Terrain\n|-heal|p2a: Extra Spicy|41\/100|[from] Grassy Terrain\n|-fieldend|move: Trick Room\n|upkeep\n|\n|t:|1700897937\n|switch|p2b: Weather War|Pelipper, F|34\/100\n|-weather|RainDance|[from] ability: Drizzle|[of] p2b: Weather War\n|turn|11\n|\n|t:|1700897964\n|move|p2a: Extra Spicy|Liquidation|p1b: Typhlosion\n|-supereffective|p1b: Typhlosion\n|-damage|p1b: Typhlosion|0 fnt\n|faint|p1b: Typhlosion\n|move|p2b: Weather War|Chilling Water|p1a: Hoopa\n|-damage|p1a: Hoopa|81\/100\n|-unboost|p1a: Hoopa|atk|1\n|move|p1a: Hoopa|Trick Room|p1a: Hoopa\n|-fieldstart|move: Trick Room|[of] p1a: Hoopa\n|\n|-weather|RainDance|[upkeep]\n|-heal|p1a: Hoopa|87\/100|[from] Grassy Terrain\n|-heal|p1a: Hoopa|93\/100|[from] item: Leftovers\n|-heal|p2a: Extra Spicy|47\/100|[from] Grassy Terrain\n|upkeep\n|\n|t:|1700897969\n|switch|p1b: Kingambit|Kingambit, F|100\/100\n|turn|12\n|\n|t:|1700897988\n|switch|p1a: Rillaboom|Rillaboom, M|29\/100\n|move|p1b: Kingambit|Kowtow Cleave|p2a: Extra Spicy\n|-damage|p2a: Extra Spicy|9\/100\n|-damage|p1b: Kingambit|88\/100|[from] ability: Rough Skin|[of] p2a: Extra Spicy\n|-damage|p1b: Kingambit|72\/100|[from] item: Rocky Helmet|[of] p2a: Extra Spicy\n|move|p2b: Weather War|Chilling Water|p1a: Rillaboom\n|-resisted|p1a: Rillaboom\n|-damage|p1a: Rillaboom|21\/100\n|-unboost|p1a: Rillaboom|atk|1\n|move|p2a: Extra Spicy|Brick Break|p1b: Kingambit\n|-supereffective|p1b: Kingambit\n|-damage|p1b: Kingambit|10\/100\n|\n|-weather|RainDance|[upkeep]\n|-heal|p1b: Kingambit|16\/100|[from] Grassy Terrain\n|-heal|p1a: Rillaboom|27\/100|[from] Grassy Terrain\n|-heal|p2a: Extra Spicy|15\/100|[from] Grassy Terrain\n|-fieldend|move: Grassy Terrain\n|upkeep\n|turn|13\n|\n|t:|1700898001\n|move|p1b: Kingambit|Kowtow Cleave|p2b: Weather War\n|-damage|p2b: Weather War|0 fnt\n|faint|p2b: Weather War\n|move|p1a: Rillaboom|Wood Hammer|p2a: Extra Spicy\n|-damage|p2a: Extra Spicy|0 fnt\n|-damage|p1a: Rillaboom|15\/100|[from] ability: Rough Skin|[of] p2a: Extra Spicy\n|-damage|p1a: Rillaboom|0 fnt|[from] item: Rocky Helmet|[of] p2a: Extra Spicy\n|faint|p2a: Extra Spicy\n|faint|p1a: Rillaboom\n|\n|-weather|RainDance|[upkeep]\n|upkeep\n|\n|t:|1700898011\n|switch|p2b: ThcrThnSnkr|Tyranitar, F|85\/100\n|switch|p1a: Hoopa|Hoopa-Unbound|93\/100\n|-weather|Sandstorm|[from] ability: Sand Stream|[of] p2b: ThcrThnSnkr\n|turn|14\n|\n|t:|1700898024\n|move|p1b: Kingambit|Swords Dance|p1b: Kingambit\n|-boost|p1b: Kingambit|atk|2\n|move|p1a: Hoopa|Dark Pulse|p2b: ThcrThnSnkr\n|-resisted|p2b: ThcrThnSnkr\n|-damage|p2b: ThcrThnSnkr|78\/100\n|move|p2b: ThcrThnSnkr|Thunderbolt|p1b: Kingambit\n|-damage|p1b: Kingambit|0 fnt\n|faint|p1b: Kingambit\n|\n|-weather|Sandstorm|[upkeep]\n|-damage|p1a: Hoopa|87\/100|[from] Sandstorm\n|-heal|p1a: Hoopa|93\/100|[from] item: Leftovers\n|upkeep\n|turn|15\n|\n|t:|1700898033\n|move|p1a: Hoopa|Dark Pulse|p2b: ThcrThnSnkr\n|-resisted|p2b: ThcrThnSnkr\n|-damage|p2b: ThcrThnSnkr|72\/100\n|move|p2b: ThcrThnSnkr|Knock Off|p1a: Hoopa\n|-damage|p1a: Hoopa|47\/100\n|-enditem|p1a: Hoopa|Leftovers|[from] move: Knock Off|[of] p2b: ThcrThnSnkr\n|\n|-weather|Sandstorm|[upkeep]\n|-damage|p1a: Hoopa|41\/100|[from] Sandstorm\n|-fieldend|move: Trick Room\n|upkeep\n|turn|16\n|\n|t:|1700898038\n|move|p2b: ThcrThnSnkr|Rock Slide|p1a: Hoopa\n|-damage|p1a: Hoopa|5\/100\n|move|p1a: Hoopa|Dark Pulse|p2b: ThcrThnSnkr\n|-resisted|p2b: ThcrThnSnkr\n|-damage|p2b: ThcrThnSnkr|65\/100\n|-item|p1a: Hoopa|Assault Vest|[from] ability: Magician|[of] p2b: ThcrThnSnkr\n|\n|-weather|Sandstorm|[upkeep]\n|-damage|p1a: Hoopa|0 fnt|[from] Sandstorm\n|faint|p1a: Hoopa\n|\n|win|mikeyuwu\n|upkeep\n|raw|Elite.4.Challenger's rating: 1316 &rarr; <strong>1296<\/strong><br \/>(-20 for losing)\n|raw|mikeyuwu's rating: 1309 &rarr; <strong>1329<\/strong><br \/>(+20 for winning)\n|l|\u2606Elite.4.Challenger\n|c|\u2606mikeyuwu|Gg\n","uploadtime":1700898054,"views":1,"p1id":"elite4challenger","p2id":"mikeyuwu","formatid":"gen9doublesou","rating":1296,"private":0,"password":""}