{"id":"gen9doublesou-1987959518","p1":"Sumlax","p2":"nyx47747","format":"[Gen 9] Doubles OU","log":"|j|\u2606Sumlax\n|j|\u2606nyx47747\n|t:|1699653280\n|gametype|doubles\n|player|p1|Sumlax|hilda-wonderlauncher|1427\n|player|p2|nyx47747|roxie|1558\n|teamsize|p1|6\n|teamsize|p2|6\n|gen|9\n|tier|[Gen 9] Doubles OU\n|rated|\n|rule|Species Clause: Limit one of each Pok\u00e9mon\n|rule|OHKO Clause: OHKO moves are banned\n|rule|Evasion Moves Clause: Evasion moves are banned\n|rule|Gravity Sleep Clause: The combination of sleep-inducing moves with imperfect accuracy and Gravity or Gigantamax Orbeetle are banned\n|rule|Endless Battle Clause: Forcing endless battles is banned\n|rule|HP Percentage Mod: HP is shown in percentages\n|clearpoke\n|poke|p1|Kommo-o, M|\n|poke|p1|Glimmora, F|\n|poke|p1|Ninetales-Alola, M|\n|poke|p1|Rillaboom, M|\n|poke|p1|Armarouge, M|\n|poke|p1|Empoleon, F|\n|poke|p2|Arcanine-Hisui, M|\n|poke|p2|Flutter Mane|\n|poke|p2|Landorus-Therian, M|\n|poke|p2|Roaring Moon|\n|poke|p2|Tornadus, M|\n|poke|p2|Ogerpon-Wellspring, F|\n|teampreview\n|inactive|Battle timer is ON: inactive players will automatically lose when time's up. (requested by nyx47747)\n|inactive|Sumlax has 120 seconds left.\n|\n|t:|1699653320\n|start\n|switch|p1a: Ninetales|Ninetales-Alola, M|100\/100\n|switch|p1b: Glimmora|Glimmora, F|100\/100\n|switch|p2a: special attacker|Tornadus, M|100\/100\n|switch|p2b: Arcanine|Arcanine-Hisui, M|100\/100\n|-weather|Snow|[from] ability: Snow Warning|[of] p1a: Ninetales\n|-ability|p2b: Arcanine|Intimidate|boost\n|-unboost|p1a: Ninetales|atk|1\n|-unboost|p1b: Glimmora|atk|1\n|turn|1\n|\n|t:|1699653344\n|switch|p1a: Empoleon|Empoleon, F|100\/100\n|move|p2a: special attacker|Taunt|p1a: Empoleon\n|-start|p1a: Empoleon|move: Taunt\n|move|p2b: Arcanine|Flare Blitz|p1a: Empoleon\n|-damage|p1a: Empoleon|26\/100\n|-damage|p2b: Arcanine|73\/100|[from] Recoil\n|-damage|p2b: Arcanine|63\/100|[from] item: Life Orb\n|move|p1b: Glimmora|Power Gem|p2b: Arcanine\n|-supereffective|p2b: Arcanine\n|-damage|p2b: Arcanine|0 fnt\n|faint|p2b: Arcanine\n|\n|-weather|Snow|[upkeep]\n|upkeep\n|\n|t:|1699653351\n|switch|p2b: Landorus|Landorus-Therian, M|100\/100\n|-ability|p2b: Landorus|Intimidate|boost\n|-unboost|p1a: Empoleon|atk|1\n|-ability|p1a: Empoleon|Competitive|boost\n|-boost|p1a: Empoleon|spa|2\n|-unboost|p1b: Glimmora|atk|1\n|turn|2\n|inactive|Sumlax has 120 seconds left.\n|\n|t:|1699653386\n|switch|p1b: Rillaboom|Rillaboom, M|100\/100\n|-fieldstart|move: Grassy Terrain|[from] ability: Grassy Surge|[of] p1b: Rillaboom\n|switch|p1a: Ninetales|Ninetales-Alola, M|100\/100\n|move|p2a: special attacker|Bleakwind Storm|p1b: Rillaboom|[spread] p1a\n|-miss|p2a: special attacker|p1b: Rillaboom\n|-damage|p1a: Ninetales|52\/100\n|-damage|p2a: special attacker|91\/100|[from] item: Life Orb\n|move|p2b: Landorus|Stomping Tantrum|p1b: Rillaboom\n|-resisted|p1b: Rillaboom\n|-damage|p1b: Rillaboom|75\/100\n|-damage|p2b: Landorus|91\/100|[from] item: Life Orb\n|\n|-weather|Snow|[upkeep]\n|-heal|p1a: Ninetales|58\/100|[from] Grassy Terrain\n|-heal|p1b: Rillaboom|81\/100|[from] Grassy Terrain\n|upkeep\n|turn|3\n|\n|t:|1699653405\n|move|p1b: Rillaboom|Fake Out|p2a: special attacker\n|-damage|p2a: special attacker|70\/100\n|cant|p2a: special attacker|flinch\n|move|p1a: Ninetales|Aurora Veil|p1a: Ninetales\n|-sidestart|p1: Sumlax|move: Aurora Veil\n|move|p2b: Landorus|U-turn|p1b: Rillaboom\n|-supereffective|p1b: Rillaboom\n|-damage|p1b: Rillaboom|40\/100\n|-damage|p2b: Landorus|81\/100|[from] item: Life Orb\n|\n|t:|1699653416\n|switch|p2b: Ogerpon|Ogerpon-Wellspring, F|100\/100|[from] U-turn\n|\n|-weather|Snow|[upkeep]\n|-heal|p1a: Ninetales|64\/100|[from] Grassy Terrain\n|-heal|p1b: Rillaboom|46\/100|[from] Grassy Terrain\n|upkeep\n|turn|4\n|\n|t:|1699653430\n|move|p2b: Ogerpon|Spiky Shield|p2b: Ogerpon\n|-singleturn|p2b: Ogerpon|move: Protect\n|move|p1b: Rillaboom|Grassy Glide|p2b: Ogerpon\n|-activate|p2b: Ogerpon|move: Protect\n|-damage|p1b: Rillaboom|33\/100|[from] Spiky Shield|[of] p2b: Ogerpon\n|move|p2a: special attacker|Bleakwind Storm|p1b: Rillaboom|[spread] \n|-miss|p2a: special attacker|p1a: Ninetales\n|-miss|p2a: special attacker|p1b: Rillaboom\n|move|p1a: Ninetales|Blizzard|p2a: special attacker|[spread] p2a\n|-activate|p2b: Ogerpon|move: Protect\n|-supereffective|p2a: special attacker\n|-damage|p2a: special attacker|7\/100\n|\n|-weather|Snow|[upkeep]\n|-heal|p1a: Ninetales|70\/100|[from] Grassy Terrain\n|-heal|p1b: Rillaboom|40\/100|[from] Grassy Terrain\n|upkeep\n|turn|5\n|\n|t:|1699653448\n|move|p2a: special attacker|Tailwind|p2a: special attacker\n|-sidestart|p2: nyx47747|move: Tailwind\n|move|p1b: Rillaboom|Grassy Glide|p2a: special attacker\n|-resisted|p2a: special attacker\n|-damage|p2a: special attacker|0 fnt\n|faint|p2a: special attacker\n|move|p2b: Ogerpon|U-turn|p1b: Rillaboom\n|-supereffective|p1b: Rillaboom\n|-damage|p1b: Rillaboom|3\/100\n|\n|t:|1699653455\n|switch|p2b: Flutter Mane|Flutter Mane|100\/100|[from] U-turn\n|-enditem|p2b: Flutter Mane|Booster Energy\n|-activate|p2b: Flutter Mane|ability: Protosynthesis|[fromitem]\n|-start|p2b: Flutter Mane|protosynthesisspe\n|move|p1a: Ninetales|Encore||[still]\n|-fail|p1a: Ninetales\n|\n|-weather|none\n|-heal|p1a: Ninetales|76\/100|[from] Grassy Terrain\n|-heal|p1b: Rillaboom|9\/100|[from] Grassy Terrain\n|upkeep\n|\n|t:|1699653464\n|switch|p2a: Roaring Moon|Roaring Moon|100\/100\n|-enditem|p2a: Roaring Moon|Booster Energy\n|-activate|p2a: Roaring Moon|ability: Protosynthesis|[fromitem]\n|-start|p2a: Roaring Moon|protosynthesisatk\n|turn|6\n|\n|t:|1699653482\n|switch|p1b: Glimmora|Glimmora, F|100\/100\n|-terastallize|p1a: Ninetales|Fire\n|move|p2b: Flutter Mane|Dazzling Gleam|p1b: Glimmora|[spread] p1a,p1b\n|-resisted|p1a: Ninetales\n|-crit|p1a: Ninetales\n|-resisted|p1b: Glimmora\n|-damage|p1a: Ninetales|51\/100\n|-damage|p1b: Glimmora|86\/100\n|move|p2a: Roaring Moon|Iron Head|p1a: Ninetales\n|-resisted|p1a: Ninetales\n|-damage|p1a: Ninetales|34\/100\n|move|p1a: Ninetales|Moonblast|p2a: Roaring Moon\n|-supereffective|p2a: Roaring Moon\n|-damage|p2a: Roaring Moon|4\/100\n|-unboost|p2a: Roaring Moon|spa|1\n|\n|-heal|p2a: Roaring Moon|10\/100|[from] Grassy Terrain\n|-heal|p1a: Ninetales|40\/100|[from] Grassy Terrain\n|-heal|p1b: Glimmora|92\/100|[from] Grassy Terrain\n|-fieldend|move: Grassy Terrain\n|upkeep\n|turn|7\n|\n|t:|1699653509\n|move|p2b: Flutter Mane|Protect|p2b: Flutter Mane\n|-singleturn|p2b: Flutter Mane|Protect\n|move|p2a: Roaring Moon|Knock Off|p1a: Ninetales\n|-damage|p1a: Ninetales|0 fnt\n|-enditem|p1a: Ninetales|Light Clay|[from] move: Knock Off|[of] p2a: Roaring Moon\n|faint|p1a: Ninetales\n|move|p1b: Glimmora|Mortal Spin|p2b: Flutter Mane|[spread] p2a\n|-activate|p2b: Flutter Mane|move: Protect\n|-damage|p2a: Roaring Moon|4\/100\n|-status|p2a: Roaring Moon|psn\n|\n|-damage|p2a: Roaring Moon|0 fnt|[from] psn\n|faint|p2a: Roaring Moon\n|-end|p2a: Roaring Moon|Protosynthesis|[silent]\n|upkeep\n|\n|t:|1699653526\n|switch|p1a: Rillaboom|Rillaboom, M|9\/100\n|switch|p2a: Landorus|Landorus-Therian, M|81\/100\n|-ability|p2a: Landorus|Intimidate|boost\n|-unboost|p1a: Rillaboom|atk|1\n|-unboost|p1b: Glimmora|atk|1\n|-fieldstart|move: Grassy Terrain|[from] ability: Grassy Surge|[of] p1a: Rillaboom\n|turn|8\n|\n|t:|1699653539\n|move|p1a: Rillaboom|Fake Out|p2a: Landorus\n|-damage|p2a: Landorus|69\/100\n|move|p2b: Flutter Mane|Dazzling Gleam|p1a: Rillaboom|[spread] p1a,p1b\n|-resisted|p1b: Glimmora\n|-damage|p1a: Rillaboom|0 fnt\n|-damage|p1b: Glimmora|79\/100\n|faint|p1a: Rillaboom\n|cant|p2a: Landorus|flinch\n|move|p1b: Glimmora|Mortal Spin|p2a: Landorus|[spread] p2a,p2b\n|-resisted|p2a: Landorus\n|-damage|p2a: Landorus|67\/100\n|-damage|p2b: Flutter Mane|93\/100\n|-status|p2a: Landorus|psn\n|-status|p2b: Flutter Mane|psn\n|\n|-heal|p2b: Flutter Mane|99\/100 psn|[from] Grassy Terrain\n|-heal|p1b: Glimmora|85\/100|[from] Grassy Terrain\n|-damage|p2b: Flutter Mane|87\/100 psn|[from] psn\n|-damage|p2a: Landorus|55\/100 psn|[from] psn\n|-sideend|p2: nyx47747|move: Tailwind\n|upkeep\n|\n|t:|1699653561\n|switch|p1a: Empoleon|Empoleon, F|26\/100\n|turn|9\n|\n|t:|1699653575\n|move|p1a: Empoleon|Protect|p1a: Empoleon\n|-singleturn|p1a: Empoleon|Protect\n|move|p2b: Flutter Mane|Shadow Ball|p1a: Empoleon\n|-activate|p1a: Empoleon|move: Protect\n|move|p2a: Landorus|Stomping Tantrum|p1b: Glimmora\n|-supereffective|p1b: Glimmora\n|-damage|p1b: Glimmora|0 fnt\n|-activate|p1b: Glimmora|ability: Toxic Debris\n|-sidestart|p2: nyx47747|move: Toxic Spikes\n|faint|p1b: Glimmora\n|-damage|p2a: Landorus|45\/100 psn|[from] item: Life Orb\n|\n|-heal|p2b: Flutter Mane|93\/100 psn|[from] Grassy Terrain\n|-heal|p1a: Empoleon|32\/100|[from] Grassy Terrain\n|-damage|p2b: Flutter Mane|81\/100 psn|[from] psn\n|-damage|p2a: Landorus|33\/100 psn|[from] psn\n|upkeep\n|\n|t:|1699653583\n|switch|p1b: Armarouge|Armarouge, M|100\/100\n|turn|10\n|\n|t:|1699653608\n|move|p2b: Flutter Mane|Shadow Ball|p1a: Empoleon\n|-damage|p1a: Empoleon|5\/100\n|move|p2a: Landorus|Stomping Tantrum|p1b: Armarouge\n|-supereffective|p1b: Armarouge\n|-damage|p1b: Armarouge|38\/100\n|-damage|p2a: Landorus|23\/100 psn|[from] item: Life Orb\n|move|p1b: Armarouge|Shadow Ball|p2b: Flutter Mane\n|-supereffective|p2b: Flutter Mane\n|-crit|p2b: Flutter Mane\n|-damage|p2b: Flutter Mane|5\/100 psn\n|move|p1a: Empoleon|Flash Cannon|p2b: Flutter Mane\n|-supereffective|p2b: Flutter Mane\n|-damage|p2b: Flutter Mane|0 fnt\n|faint|p2b: Flutter Mane\n|-end|p2b: Flutter Mane|Protosynthesis|[silent]\n|-damage|p1a: Empoleon|0 fnt|[from] item: Life Orb\n|faint|p1a: Empoleon\n|\n|-heal|p1b: Armarouge|44\/100|[from] Grassy Terrain\n|-heal|p1b: Armarouge|50\/100|[from] item: Leftovers\n|-damage|p2a: Landorus|11\/100 psn|[from] psn\n|-sideend|p1: Sumlax|move: Aurora Veil\n|upkeep\n|\n|t:|1699653619\n|switch|p2b: Ogerpon|Ogerpon-Wellspring, F|100\/100\n|switch|p1a: Kommo-o|Kommo-o, M|100\/100\n|-status|p2b: Ogerpon|psn\n|turn|11\n|\n|t:|1699653632\n|move|p2b: Ogerpon|Ivy Cudgel|p1b: Armarouge\n|-supereffective|p1b: Armarouge\n|-damage|p1b: Armarouge|0 fnt\n|faint|p1b: Armarouge\n|move|p2a: Landorus|Stomping Tantrum|p1a: Kommo-o\n|-damage|p1a: Kommo-o|53\/100\n|-damage|p2a: Landorus|1\/100 psn|[from] item: Life Orb\n|move|p1a: Kommo-o|Dragon Dance|p1a: Kommo-o\n|-boost|p1a: Kommo-o|atk|1\n|-boost|p1a: Kommo-o|spe|1\n|\n|-heal|p1a: Kommo-o|59\/100|[from] Grassy Terrain\n|-damage|p2b: Ogerpon|88\/100 psn|[from] psn\n|-damage|p2a: Landorus|0 fnt|[from] psn\n|faint|p2a: Landorus\n|upkeep\n|turn|12\n|\n|t:|1699653644\n|-terastallize|p2b: Ogerpon|Water\n|detailschange|p2b: Ogerpon|Ogerpon-Wellspring-Tera, F, tera:Water\n|-ability|p2b: Ogerpon|Embody Aspect (Wellspring)|boost\n|-boost|p2b: Ogerpon|spd|1\n|move|p2b: Ogerpon|Ivy Cudgel|p1a: Kommo-o\n|-resisted|p1a: Kommo-o\n|-damage|p1a: Kommo-o|29\/100\n|move|p1a: Kommo-o|Drain Punch|p2b: Ogerpon\n|-damage|p2b: Ogerpon|11\/100 psn\n|-heal|p1a: Kommo-o|62\/100|[from] drain|[of] p2b: Ogerpon\n|\n|-heal|p2b: Ogerpon|17\/100 psn|[from] Grassy Terrain\n|-heal|p1a: Kommo-o|68\/100|[from] Grassy Terrain\n|-damage|p2b: Ogerpon|5\/100 psn|[from] psn\n|-fieldend|move: Grassy Terrain\n|upkeep\n|turn|13\n|\n|t:|1699653654\n|move|p2b: Ogerpon|Spiky Shield|p2b: Ogerpon\n|-singleturn|p2b: Ogerpon|move: Protect\n|move|p1a: Kommo-o|Dragon Dance|p1a: Kommo-o\n|-boost|p1a: Kommo-o|atk|1\n|-boost|p1a: Kommo-o|spe|1\n|\n|-damage|p2b: Ogerpon|0 fnt|[from] psn\n|faint|p2b: Ogerpon\n|\n|win|Sumlax\n|upkeep\n|raw|Sumlax's rating: 1427 &rarr; <strong>1454<\/strong><br \/>(+27 for winning)\n|raw|nyx47747's rating: 1558 &rarr; <strong>1531<\/strong><br \/>(-27 for losing)\n|c|\u2606Sumlax|gg\n|l|\u2606nyx47747\n","uploadtime":1699653672,"views":30,"p1id":"sumlax","p2id":"nyx47747","formatid":"gen9doublesou","rating":1454,"private":0,"password":""}