{"id":"gen9doublesou-1985126922","p1":"silvaasunto","p2":"meowmixtape","format":"[Gen 9] Doubles OU","log":"|j|\u2606silvaasunto\n|j|\u2606meowmixtape\n|t:|1699334756\n|gametype|doubles\n|player|p1|silvaasunto|winona|1325\n|player|p2|meowmixtape|bruno|1230\n|teamsize|p1|6\n|teamsize|p2|6\n|gen|9\n|tier|[Gen 9] Doubles OU\n|rated|\n|rule|Species Clause: Limit one of each Pok\u00e9mon\n|rule|OHKO Clause: OHKO moves are banned\n|rule|Evasion Moves Clause: Evasion moves are banned\n|rule|Gravity Sleep Clause: The combination of sleep-inducing moves with imperfect accuracy and Gravity or Gigantamax Orbeetle are banned\n|rule|Endless Battle Clause: Forcing endless battles is banned\n|rule|HP Percentage Mod: HP is shown in percentages\n|clearpoke\n|poke|p1|Chien-Pao|\n|poke|p1|Baxcalibur, M|\n|poke|p1|Froslass, F|\n|poke|p1|Iron Bundle|\n|poke|p1|Abomasnow, M|\n|poke|p1|Ninetales-Alola, M|\n|poke|p2|Cresselia, F|\n|poke|p2|Snorlax, M|\n|poke|p2|Enamorus-Therian, F|\n|poke|p2|Glastrier|\n|poke|p2|Dragonite, F|\n|poke|p2|Rabsca, F|\n|teampreview\n|inactive|Battle timer is ON: inactive players will automatically lose when time's up. (requested by meowmixtape)\n|\n|t:|1699334764\n|start\n|switch|p1a: NineInches|Ninetales-Alola, M|100\/100\n|switch|p1b: Yuh|Froslass, F|100\/100\n|switch|p2a: Cresselia|Cresselia, F, shiny|100\/100\n|switch|p2b: Dragonite|Dragonite, F, shiny|100\/100\n|-weather|Snow|[from] ability: Snow Warning|[of] p1a: NineInches\n|turn|1\n|\n|t:|1699334773\n|switch|p2b: Snorlax|Snorlax, M, shiny|100\/100\n|move|p1b: Yuh|Trick|p2a: Cresselia\n|-activate|p1b: Yuh|move: Trick|[of] p2a: Cresselia\n|-item|p2a: Cresselia|Choice Scarf|[from] move: Trick\n|-item|p1b: Yuh|Leftovers|[from] move: Trick\n|move|p1a: NineInches|Hypnosis|p2b: Snorlax|[miss]\n|-miss|p1a: NineInches|p2b: Snorlax\n|move|p2a: Cresselia|Calm Mind|p2a: Cresselia\n|-boost|p2a: Cresselia|spa|1\n|-boost|p2a: Cresselia|spd|1\n|\n|-weather|Snow|[upkeep]\n|upkeep\n|turn|2\n|inactive|meowmixtape has 120 seconds left.\n|\n|t:|1699334808\n|switch|p2a: Enamorus|Enamorus-Therian, F|100\/100\n|move|p1b: Yuh|Blizzard|p2a: Enamorus|[spread] p2a,p2b\n|-supereffective|p2a: Enamorus\n|-damage|p2a: Enamorus|40\/100\n|-damage|p2b: Snorlax|91\/100\n|move|p1a: NineInches|Hypnosis|p2b: Snorlax\n|-status|p2b: Snorlax|slp|[from] move: Hypnosis\n|-enditem|p2b: Snorlax|Chesto Berry|[eat]\n|-curestatus|p2b: Snorlax|slp|[msg]\n|move|p2b: Snorlax|Heat Crash|p1a: NineInches\n|-supereffective|p1a: NineInches\n|-damage|p1a: NineInches|18\/100\n|-enditem|p1a: NineInches|Sitrus Berry|[eat]\n|-heal|p1a: NineInches|43\/100|[from] item: Sitrus Berry\n|\n|-weather|Snow|[upkeep]\n|upkeep\n|turn|3\n|inactive|meowmixtape has 120 seconds left.\n|\n|t:|1699334830\n|move|p1b: Yuh|Blizzard|p2b: Snorlax|[spread] p2a,p2b\n|-supereffective|p2a: Enamorus\n|-damage|p2a: Enamorus|0 fnt\n|-damage|p2b: Snorlax|82\/100\n|faint|p2a: Enamorus\n|move|p1a: NineInches|Hypnosis|p2b: Snorlax|[miss]\n|-miss|p1a: NineInches|p2b: Snorlax\n|move|p2b: Snorlax|Heat Crash|p1a: NineInches\n|-supereffective|p1a: NineInches\n|-damage|p1a: NineInches|0 fnt\n|faint|p1a: NineInches\n|\n|-weather|Snow|[upkeep]\n|upkeep\n|inactive|meowmixtape has 120 seconds left.\n|inactive|meowmixtape has 90 seconds left.\n|\n|t:|1699334898\n|switch|p1a: Min-pao|Chien-Pao|100\/100\n|switch|p2a: Glastrier|Glastrier|100\/100\n|-ability|p1a: Min-pao|Sword of Ruin\n|-item|p2a: Glastrier|Air Balloon\n|turn|4\n|inactive|meowmixtape has 90 seconds left.\n|inactive|silvaasunto has 120 seconds left.\n|\n|t:|1699334942\n|switch|p2a: Cresselia|Cresselia, F, shiny|100\/100\n|move|p1a: Min-pao|Brick Break|p2a: Cresselia\n|-resisted|p2a: Cresselia\n|-damage|p2a: Cresselia|89\/100\n|move|p1b: Yuh|Blizzard|p2a: Cresselia|[spread] p2a,p2b\n|-damage|p2a: Cresselia|70\/100\n|-damage|p2b: Snorlax|72\/100\n|-status|p2a: Cresselia|frz\n|move|p2b: Snorlax|Earthquake|p1b: Yuh|[spread] p1a,p1b\n|-immune|p2a: Cresselia|[from] ability: Levitate\n|-damage|p1a: Min-pao|77\/100\n|-damage|p1b: Yuh|63\/100\n|-start|p2b: Snorlax|Disable|Earthquake|[from] ability: Cursed Body|[of] p1b: Yuh\n|\n|-weather|Snow|[upkeep]\n|-heal|p1b: Yuh|70\/100|[from] item: Leftovers\n|upkeep\n|turn|5\n|inactive|meowmixtape has 90 seconds left.\n|\n|t:|1699334972\n|-terastallize|p2a: Cresselia|Ice\n|move|p1a: Min-pao|Brick Break|p2b: Snorlax\n|-supereffective|p2b: Snorlax\n|-damage|p2b: Snorlax|16\/100\n|move|p1b: Yuh|Blizzard|p2a: Cresselia|[spread] p2a,p2b\n|-resisted|p2a: Cresselia\n|-damage|p2a: Cresselia|61\/100 frz\n|-damage|p2b: Snorlax|6\/100\n|cant|p2a: Cresselia|frz\n|move|p2b: Snorlax|Heat Crash|p1a: Min-pao\n|-supereffective|p1a: Min-pao\n|-damage|p1a: Min-pao|29\/100\n|-enditem|p1a: Min-pao|Sitrus Berry|[eat]\n|-heal|p1a: Min-pao|54\/100|[from] item: Sitrus Berry\n|\n|-weather|none\n|-heal|p1b: Yuh|76\/100|[from] item: Leftovers\n|upkeep\n|turn|6\n|inactive|meowmixtape has 90 seconds left.\n|inactive|silvaasunto has 120 seconds left.\n|\n|t:|1699335026\n|switch|p1b: OBAMAsnow|Abomasnow, M|100\/100\n|-weather|Snow|[from] ability: Snow Warning|[of] p1b: OBAMAsnow\n|switch|p2b: Rabsca|Rabsca, F, shiny|100\/100\n|move|p1a: Min-pao|Brick Break|p2b: Rabsca\n|-resisted|p2b: Rabsca\n|-damage|p2b: Rabsca|92\/100\n|-curestatus|p2a: Cresselia|frz|[msg]\n|move|p2a: Cresselia|Trick Room|p2a: Cresselia\n|-fieldstart|move: Trick Room|[of] p2a: Cresselia\n|\n|-weather|Snow|[upkeep]\n|upkeep\n|turn|7\n|inactive|silvaasunto has 120 seconds left.\n|inactive|meowmixtape has 90 seconds left.\n|inactive|meowmixtape has 60 seconds left.\n|\n|t:|1699335075\n|switch|p2a: Snorlax|Snorlax, M, shiny|6\/100\n|move|p2b: Rabsca|Power Gem|p1a: Min-pao\n|-supereffective|p1a: Min-pao\n|-damage|p1a: Min-pao|0 fnt\n|faint|p1a: Min-pao\n|move|p1b: OBAMAsnow|Leech Seed|p2a: Snorlax\n|-start|p2a: Snorlax|move: Leech Seed\n|\n|-weather|Snow|[upkeep]\n|-damage|p2a: Snorlax|0 fnt|[from] Leech Seed|[of] p1b: OBAMAsnow\n|faint|p2a: Snorlax\n|upkeep\n|inactive|meowmixtape has 60 seconds left.\n|\n|t:|1699335101\n|switch|p2a: Glastrier|Glastrier|100\/100\n|switch|p1a: Shes EXTRA-libur|Baxcalibur, M|100\/100\n|-item|p2a: Glastrier|Air Balloon\n|turn|8\n|inactive|meowmixtape has 60 seconds left.\n|inactive|silvaasunto has 120 seconds left.\n|\n|t:|1699335133\n|-terastallize|p1b: OBAMAsnow|Fire\n|move|p2a: Glastrier|Swords Dance|p2a: Glastrier\n|-boost|p2a: Glastrier|atk|2\n|move|p2b: Rabsca|Revival Blessing|p2b: Rabsca\n|-enditem|p2b: Rabsca|Leppa Berry|[eat]\n|-activate|p2b: Rabsca|item: Leppa Berry|Revival Blessing|[consumed]\n|inactive|meowmixtape has 60 seconds left.\n|\n|t:|1699335142\n|-heal|p2: Snorlax|50\/100|[from] move: Revival Blessing\n|move|p1b: OBAMAsnow|Blizzard|p2b: Rabsca|[spread] p2a,p2b\n|-resisted|p2a: Glastrier\n|-crit|p2a: Glastrier\n|-damage|p2a: Glastrier|87\/100\n|-damage|p2b: Rabsca|68\/100\n|-enditem|p2a: Glastrier|Air Balloon\n|move|p1a: Shes EXTRA-libur|Icicle Crash|p2b: Rabsca\n|-damage|p2b: Rabsca|10\/100\n|\n|-weather|Snow|[upkeep]\n|upkeep\n|turn|9\n|inactive|meowmixtape has 60 seconds left.\n|\n|t:|1699335167\n|move|p2a: Glastrier|Swords Dance|p2a: Glastrier\n|-boost|p2a: Glastrier|atk|2\n|move|p2b: Rabsca|Revival Blessing|p2b: Rabsca\n|inactive|meowmixtape has 60 seconds left.\n|\n|t:|1699335173\n|-heal|p2: Enamorus|50\/100|[from] move: Revival Blessing\n|move|p1b: OBAMAsnow|Blizzard|p2a: Glastrier|[spread] p2a,p2b\n|-resisted|p2a: Glastrier\n|-crit|p2a: Glastrier\n|-damage|p2a: Glastrier|72\/100\n|-damage|p2b: Rabsca|0 fnt\n|faint|p2b: Rabsca\n|move|p1a: Shes EXTRA-libur|Dragon Tail|p2a: Glastrier\n|-damage|p2a: Glastrier|54\/100\n|drag|p2a: Dragonite|Dragonite, F, shiny|100\/100\n|\n|-weather|Snow|[upkeep]\n|upkeep\n|inactive|meowmixtape has 60 seconds left.\n|c|\u2606silvaasunto|Jesus\n|\n|t:|1699335203\n|switch|p2b: Snorlax|Snorlax, M, shiny|50\/100\n|turn|10\n|\n|t:|1699335220\n|move|p2b: Snorlax|Earthquake|p1a: Shes EXTRA-libur|[spread] p1a,p1b\n|-immune|p2a: Dragonite\n|-supereffective|p1b: OBAMAsnow\n|-damage|p1a: Shes EXTRA-libur|86\/100\n|-damage|p1b: OBAMAsnow|51\/100\n|move|p1b: OBAMAsnow|Leech Seed|p2b: Snorlax\n|-start|p2b: Snorlax|move: Leech Seed\n|move|p1a: Shes EXTRA-libur|Icicle Crash|p2a: Dragonite\n|-supereffective|p2a: Dragonite\n|-damage|p2a: Dragonite|7\/100\n|move|p2a: Dragonite|Earthquake|p1b: OBAMAsnow|[spread] p2b,p1a,p1b\n|-supereffective|p1b: OBAMAsnow\n|-damage|p2b: Snorlax|29\/100\n|-damage|p1a: Shes EXTRA-libur|74\/100\n|-damage|p1b: OBAMAsnow|5\/100\n|\n|-weather|none\n|-damage|p2b: Snorlax|17\/100|[from] Leech Seed|[of] p1b: OBAMAsnow\n|-heal|p1b: OBAMAsnow|22\/100|[silent]\n|-fieldend|move: Trick Room\n|upkeep\n|turn|11\n|inactive|meowmixtape has 60 seconds left.\n|\n|t:|1699335261\n|switch|p2a: Glastrier|Glastrier|54\/100\n|switch|p1b: Yuh|Froslass, F|76\/100\n|move|p1a: Shes EXTRA-libur|Dragon Claw|p2a: Glastrier\n|-damage|p2a: Glastrier|15\/100\n|move|p2b: Snorlax|Rest|p2b: Snorlax\n|-status|p2b: Snorlax|slp|[from] move: Rest\n|-heal|p2b: Snorlax|100\/100 slp|[silent]\n|\n|-heal|p1b: Yuh|82\/100|[from] item: Leftovers\n|-damage|p2b: Snorlax|88\/100 slp|[from] Leech Seed|[of] p1b: Yuh\n|-heal|p1b: Yuh|100\/100|[silent]\n|upkeep\n|turn|12\n|inactive|meowmixtape has 30 seconds left.\n|\n|t:|1699335297\n|switch|p1a: The same bundles..|Iron Bundle|100\/100\n|-enditem|p1a: The same bundles..|Booster Energy\n|-activate|p1a: The same bundles..|ability: Quark Drive|[fromitem]\n|-start|p1a: The same bundles..|quarkdrivespe\n|move|p2a: Glastrier|Protect|p2a: Glastrier\n|-singleturn|p2a: Glastrier|Protect\n|move|p1b: Yuh|Shadow Ball|p2a: Glastrier\n|-activate|p2a: Glastrier|move: Protect\n|cant|p2b: Snorlax|slp\n|\n|-damage|p2b: Snorlax|76\/100 slp|[from] Leech Seed|[of] p1b: Yuh\n|upkeep\n|turn|13\n|\n|t:|1699335324\n|switch|p2a: Dragonite|Dragonite, F, shiny|7\/100\n|move|p1a: The same bundles..|Encore|p2b: Snorlax\n|-start|p2b: Snorlax|Encore\n|move|p1b: Yuh|Shadow Ball|p2a: Dragonite\n|-damage|p2a: Dragonite|0 fnt\n|faint|p2a: Dragonite\n|cant|p2b: Snorlax|slp\n|\n|-damage|p2b: Snorlax|63\/100 slp|[from] Leech Seed|[of] p1b: Yuh\n|upkeep\n|\n|t:|1699335332\n|switch|p2a: Cresselia|Cresselia, F, shiny, tera:Ice|61\/100\n|turn|14\n|\n|t:|1699335344\n|switch|p1b: OBAMAsnow|Abomasnow, M, tera:Fire|22\/100\n|-weather|Snow|[from] ability: Snow Warning|[of] p1b: OBAMAsnow\n|switch|p2b: Enamorus|Enamorus-Therian, F|50\/100\n|move|p1a: The same bundles..|Blizzard|p2a: Cresselia|[spread] p2a,p2b\n|-resisted|p2a: Cresselia\n|-supereffective|p2b: Enamorus\n|-damage|p2a: Cresselia|47\/100\n|-damage|p2b: Enamorus|0 fnt\n|faint|p2b: Enamorus\n|move|p2a: Cresselia|Lunar Blessing|p2a: Cresselia\n|-heal|p2a: Cresselia|72\/100\n|\n|-weather|Snow|[upkeep]\n|upkeep\n|\n|t:|1699335355\n|switch|p2b: Snorlax|Snorlax, M, shiny|63\/100 slp\n|turn|15\n|\n|t:|1699335370\n|move|p1a: The same bundles..|Blizzard|p2b: Snorlax|[spread] p2a,p2b\n|-resisted|p2a: Cresselia\n|-damage|p2a: Cresselia|58\/100\n|-damage|p2b: Snorlax|52\/100 slp\n|move|p2a: Cresselia|Lunar Blessing|p2a: Cresselia|[spread] p2a,p2b\n|-heal|p2a: Cresselia|83\/100\n|-heal|p2b: Snorlax|77\/100 slp\n|-curestatus|p2b: Snorlax|slp|[msg]\n|move|p1b: OBAMAsnow|Leech Seed|p2b: Snorlax\n|-start|p2b: Snorlax|move: Leech Seed\n|move|p2b: Snorlax|Seed Bomb|p1a: The same bundles..\n|-supereffective|p1a: The same bundles..\n|-damage|p1a: The same bundles..|53\/100\n|\n|-weather|Snow|[upkeep]\n|-damage|p2b: Snorlax|64\/100|[from] Leech Seed|[of] p1b: OBAMAsnow\n|-heal|p1b: OBAMAsnow|39\/100|[silent]\n|upkeep\n|turn|16\n|\n|t:|1699335396\n|move|p1a: The same bundles..|Encore|p2b: Snorlax\n|-start|p2b: Snorlax|Encore\n|move|p2a: Cresselia|Lunar Blessing|p2a: Cresselia|[spread] p2a,p2b\n|-heal|p2a: Cresselia|100\/100\n|-heal|p2b: Snorlax|89\/100\n|move|p1b: OBAMAsnow|Leech Seed|p2a: Cresselia\n|-start|p2a: Cresselia|move: Leech Seed\n|move|p2b: Snorlax|Seed Bomb|p1a: The same bundles..\n|-supereffective|p1a: The same bundles..\n|-damage|p1a: The same bundles..|8\/100\n|\n|-weather|Snow|[upkeep]\n|-damage|p2a: Cresselia|88\/100|[from] Leech Seed|[of] p1b: OBAMAsnow\n|-heal|p1b: OBAMAsnow|51\/100|[silent]\n|-damage|p2b: Snorlax|77\/100|[from] Leech Seed|[of] p1b: OBAMAsnow\n|-heal|p1b: OBAMAsnow|68\/100|[silent]\n|upkeep\n|turn|17\n|inactive|meowmixtape has 90 seconds left.\n|\n|t:|1699335415\n|move|p1a: The same bundles..|Blizzard|p2b: Snorlax|[spread] p2a,p2b\n|-resisted|p2a: Cresselia\n|-damage|p2a: Cresselia|74\/100\n|-damage|p2b: Snorlax|63\/100\n|move|p2a: Cresselia|Lunar Blessing|p2a: Cresselia|[spread] p2a,p2b\n|-heal|p2a: Cresselia|99\/100\n|-heal|p2b: Snorlax|88\/100\n|move|p1b: OBAMAsnow|Aurora Veil|p1b: OBAMAsnow\n|-sidestart|p1: silvaasunto|move: Aurora Veil\n|move|p2b: Snorlax|Seed Bomb|p1a: The same bundles..\n|-supereffective|p1a: The same bundles..\n|-crit|p1a: The same bundles..\n|-damage|p1a: The same bundles..|0 fnt\n|faint|p1a: The same bundles..\n|-end|p1a: The same bundles..|Quark Drive|[silent]\n|\n|-weather|Snow|[upkeep]\n|-damage|p2a: Cresselia|87\/100|[from] Leech Seed|[of] p1b: OBAMAsnow\n|-heal|p1b: OBAMAsnow|80\/100|[silent]\n|-damage|p2b: Snorlax|76\/100|[from] Leech Seed|[of] p1b: OBAMAsnow\n|-heal|p1b: OBAMAsnow|97\/100|[silent]\n|upkeep\n|\n|t:|1699335426\n|switch|p1a: Shes EXTRA-libur|Baxcalibur, M|74\/100\n|turn|18\n|\n|t:|1699335439\n|move|p2a: Cresselia|Lunar Blessing|p2a: Cresselia|[spread] p2a,p2b\n|-heal|p2a: Cresselia|100\/100\n|-heal|p2b: Snorlax|100\/100\n|move|p1a: Shes EXTRA-libur|Swords Dance|p1a: Shes EXTRA-libur\n|-boost|p1a: Shes EXTRA-libur|atk|2\n|move|p1b: OBAMAsnow|Blizzard|p2a: Cresselia|[spread] p2a,p2b\n|-resisted|p2a: Cresselia\n|-damage|p2a: Cresselia|93\/100\n|-damage|p2b: Snorlax|93\/100\n|move|p2b: Snorlax|Seed Bomb|p1a: Shes EXTRA-libur\n|-resisted|p1a: Shes EXTRA-libur\n|-damage|p1a: Shes EXTRA-libur|69\/100\n|\n|-weather|none\n|-damage|p2a: Cresselia|80\/100|[from] Leech Seed|[of] p1b: OBAMAsnow\n|-heal|p1b: OBAMAsnow|100\/100|[silent]\n|-damage|p2b: Snorlax|80\/100|[from] Leech Seed|[of] p1b: OBAMAsnow\n|-end|p2b: Snorlax|Encore\n|upkeep\n|turn|19\n|inactive|meowmixtape has 120 seconds left.\n|\n|t:|1699335464\n|switch|p1b: Yuh|Froslass, F|100\/100\n|move|p2a: Cresselia|Lunar Blessing|p2a: Cresselia|[spread] p2a,p2b\n|-heal|p2a: Cresselia|100\/100\n|-heal|p2b: Snorlax|100\/100\n|move|p1a: Shes EXTRA-libur|Dragon Claw|p2b: Snorlax\n|-damage|p2b: Snorlax|2\/100\n|move|p2b: Snorlax|Earthquake|p1b: Yuh|[spread] p1a,p1b\n|-immune|p2a: Cresselia|[from] ability: Levitate\n|-damage|p1a: Shes EXTRA-libur|53\/100\n|-damage|p1b: Yuh|72\/100\n|-start|p2b: Snorlax|Disable|Earthquake|[from] ability: Cursed Body|[of] p1b: Yuh\n|\n|-heal|p1b: Yuh|78\/100|[from] item: Leftovers\n|-damage|p2a: Cresselia|88\/100|[from] Leech Seed|[of] p1b: Yuh\n|-heal|p1b: Yuh|95\/100|[silent]\n|-damage|p2b: Snorlax|0 fnt|[from] Leech Seed|[of] p1b: Yuh\n|-heal|p1b: Yuh|98\/100|[silent]\n|faint|p2b: Snorlax\n|upkeep\n|inactive|meowmixtape has 90 seconds left.\n|\n|t:|1699335482\n|switch|p2b: Glastrier|Glastrier|15\/100\n|turn|20\n|\n|t:|1699335492\n|move|p1b: Yuh|Shadow Ball|p2b: Glastrier\n|-damage|p2b: Glastrier|0 fnt\n|faint|p2b: Glastrier\n|move|p2a: Cresselia|Lunar Blessing|p2a: Cresselia\n|-heal|p2a: Cresselia|100\/100\n|move|p1a: Shes EXTRA-libur|Dragon Claw|p2a: Cresselia\n|-damage|p2a: Cresselia|30\/100\n|\n|-heal|p1b: Yuh|100\/100|[from] item: Leftovers\n|-damage|p2a: Cresselia|18\/100|[from] Leech Seed|[of] p1b: Yuh\n|upkeep\n|turn|21\n|c|\u2606silvaasunto|Cant believe\n|c|\u2606silvaasunto|Lol\n|c|\u2606silvaasunto|Gg miss thing\n|\n|t:|1699335509\n|switch|p1b: OBAMAsnow|Abomasnow, M, tera:Fire|100\/100\n|-weather|Snow|[from] ability: Snow Warning|[of] p1b: OBAMAsnow\n|move|p2a: Cresselia|Lunar Blessing|p2a: Cresselia\n|-heal|p2a: Cresselia|43\/100\n|move|p1a: Shes EXTRA-libur|Dragon Claw|p2a: Cresselia\n|-damage|p2a: Cresselia|0 fnt\n|faint|p2a: Cresselia\n|\n|win|silvaasunto\n|raw|silvaasunto's rating: 1325 &rarr; <strong>1340<\/strong><br \/>(+15 for winning)\n|raw|meowmixtape's rating: 1230 &rarr; <strong>1212<\/strong><br \/>(-18 for losing)\n","uploadtime":1699335523,"views":12,"p1id":"silvaasunto","p2id":"meowmixtape","formatid":"gen9doublesou","rating":1212,"private":0,"password":""}