{"id":"gen9doublesou-1970430100","p1":"Thestig2022","p2":"Maello","format":"[Gen 9] Doubles OU","log":"|j|\u2606Thestig2022\n|j|\u2606Maello\n|t:|1697638357\n|gametype|doubles\n|player|p1|Thestig2022|101|1000\n|player|p2|Maello|1|1000\n|teamsize|p1|6\n|teamsize|p2|6\n|gen|9\n|tier|[Gen 9] Doubles OU\n|rated|\n|rule|Species Clause: Limit one of each Pok\u00e9mon\n|rule|OHKO Clause: OHKO moves are banned\n|rule|Evasion Moves Clause: Evasion moves are banned\n|rule|Gravity Sleep Clause: The combination of sleep-inducing moves with imperfect accuracy and Gravity or Gigantamax Orbeetle are banned\n|rule|Endless Battle Clause: Forcing endless battles is banned\n|rule|HP Percentage Mod: HP is shown in percentages\n|clearpoke\n|poke|p1|Flutter Mane|\n|poke|p1|Abomasnow, M|\n|poke|p1|Iron Bundle|\n|poke|p1|Iron Hands|\n|poke|p1|Bronzong|\n|poke|p1|Arcanine, M|\n|poke|p2|Flutter Mane|\n|poke|p2|Lilligant, F|\n|poke|p2|Eelektross, F|\n|poke|p2|Garchomp, M|\n|poke|p2|Volcanion|\n|poke|p2|Gastrodon, F|\n|teampreview\n|\n|t:|1697638368\n|start\n|switch|p1a: Abomasnow|Abomasnow, M|100\/100\n|switch|p1b: Iron Bundle|Iron Bundle|100\/100\n|switch|p2a: Flutter Mane|Flutter Mane, shiny|100\/100\n|switch|p2b: Volcanion|Volcanion|100\/100\n|-weather|Snow|[from] ability: Snow Warning|[of] p1a: Abomasnow\n|-enditem|p1b: Iron Bundle|Booster Energy\n|-activate|p1b: Iron Bundle|ability: Quark Drive|[fromitem]\n|-start|p1b: Iron Bundle|quarkdrivespa\n|turn|1\n|\n|t:|1697638392\n|-terastallize|p1a: Abomasnow|Water\n|move|p1b: Iron Bundle|Protect|p1b: Iron Bundle\n|-singleturn|p1b: Iron Bundle|Protect\n|move|p2a: Flutter Mane|Sunny Day|p2a: Flutter Mane\n|-weather|SunnyDay\n|-activate|p2a: Flutter Mane|ability: Protosynthesis\n|-start|p2a: Flutter Mane|protosynthesisspe\n|move|p2b: Volcanion|Fire Blast|p1a: Abomasnow\n|-resisted|p1a: Abomasnow\n|-damage|p1a: Abomasnow|54\/100\n|move|p1a: Abomasnow|Aurora Veil||[still]\n|-fail|p1a: Abomasnow\n|\n|-weather|SunnyDay|[upkeep]\n|upkeep\n|turn|2\n|\n|t:|1697638417\n|switch|p1a: Arcanine|Arcanine, M|100\/100\n|-ability|p1a: Arcanine|Intimidate|boost\n|-unboost|p2a: Flutter Mane|atk|1\n|-unboost|p2b: Volcanion|atk|1\n|move|p2a: Flutter Mane|Phantom Force||[still]\n|-prepare|p2a: Flutter Mane|Phantom Force\n|move|p1b: Iron Bundle|Freeze-Dry|p2b: Volcanion\n|-damage|p2b: Volcanion|51\/100\n|move|p2b: Volcanion|Solar Beam||[still]\n|-prepare|p2b: Volcanion|Solar Beam\n|-anim|p2b: Volcanion|Solar Beam|p1a: Arcanine\n|-resisted|p1a: Arcanine\n|-damage|p1a: Arcanine|76\/100\n|\n|-weather|SunnyDay|[upkeep]\n|upkeep\n|turn|3\n|\n|t:|1697638447\n|move|p1b: Iron Bundle|Protect|p1b: Iron Bundle\n|-singleturn|p1b: Iron Bundle|Protect\n|move|p2a: Flutter Mane|Phantom Force|p1b: Iron Bundle|[from]lockedmove\n|-activate|p1b: Iron Bundle|move: Phantom Force|[broken]\n|-damage|p1b: Iron Bundle|86\/100\n|move|p1a: Arcanine|Will-O-Wisp|p2a: Flutter Mane\n|-status|p2a: Flutter Mane|brn\n|move|p2b: Volcanion|Earth Power|p1a: Arcanine\n|-supereffective|p1a: Arcanine\n|-damage|p1a: Arcanine|0 fnt\n|faint|p1a: Arcanine\n|\n|-weather|SunnyDay|[upkeep]\n|-damage|p2a: Flutter Mane|94\/100 brn|[from] brn\n|upkeep\n|\n|t:|1697638464\n|switch|p1a: Abomasnow|Abomasnow, M, tera:Water|54\/100\n|-weather|Snow|[from] ability: Snow Warning|[of] p1a: Abomasnow\n|-end|p2a: Flutter Mane|Protosynthesis\n|turn|4\n|\n|t:|1697638504\n|move|p2a: Flutter Mane|Moonblast|p1a: Abomasnow\n|-damage|p1a: Abomasnow|0 fnt\n|faint|p1a: Abomasnow\n|move|p1b: Iron Bundle|Blizzard|p2a: Flutter Mane|[spread] p2a,p2b\n|-resisted|p2b: Volcanion\n|-damage|p2a: Flutter Mane|47\/100 brn\n|-damage|p2b: Volcanion|36\/100\n|move|p2b: Volcanion|Solar Beam||[still]\n|-prepare|p2b: Volcanion|Solar Beam\n|\n|-weather|Snow|[upkeep]\n|-damage|p2a: Flutter Mane|41\/100 brn|[from] brn\n|upkeep\n|\n|t:|1697638532\n|switch|p1a: Iron Hands|Iron Hands|100\/100\n|turn|5\n|\n|t:|1697638537\n|move|p1a: Iron Hands|Fake Out|p2b: Volcanion\n|-damage|p2b: Volcanion|24\/100\n|move|p2a: Flutter Mane|Sunny Day|p2a: Flutter Mane\n|-weather|SunnyDay\n|-activate|p2a: Flutter Mane|ability: Protosynthesis\n|-start|p2a: Flutter Mane|protosynthesisspe\n|move|p1b: Iron Bundle|Blizzard|p2b: Volcanion|[spread] p2a,p2b\n|-resisted|p2b: Volcanion\n|-damage|p2a: Flutter Mane|0 fnt\n|-damage|p2b: Volcanion|9\/100\n|faint|p2a: Flutter Mane\n|-end|p2a: Flutter Mane|Protosynthesis|[silent]\n|cant|p2b: Volcanion|flinch\n|\n|-weather|SunnyDay|[upkeep]\n|upkeep\n|\n|t:|1697638558\n|switch|p2a: Kary|Gastrodon, F|100\/100\n|turn|6\n|\n|t:|1697638577\n|move|p1b: Iron Bundle|Freeze-Dry|p2a: Kary\n|-supereffective|p2a: Kary\n|-damage|p2a: Kary|0 fnt\n|faint|p2a: Kary\n|move|p2b: Volcanion|Earth Power|p1a: Iron Hands\n|-supereffective|p1a: Iron Hands\n|-damage|p1a: Iron Hands|48\/100\n|move|p1a: Iron Hands|Drain Punch|p2b: Volcanion\n|-damage|p2b: Volcanion|0 fnt\n|-heal|p1a: Iron Hands|51\/100|[from] drain|[of] p2b: Volcanion\n|faint|p2b: Volcanion\n|\n|-weather|SunnyDay|[upkeep]\n|-heal|p1a: Iron Hands|58\/100|[from] item: Leftovers\n|upkeep\n|\n|t:|1697638597\n|switch|p2b: Garchomp|Garchomp, M|100\/100\n|switch|p2a: Eelektross|Eelektross, F|100\/100\n|turn|7\n|\n|t:|1697638614\n|-terastallize|p2b: Garchomp|Steel\n|move|p1b: Iron Bundle|Freeze-Dry|p2b: Garchomp\n|-resisted|p2b: Garchomp\n|-damage|p2b: Garchomp|74\/100\n|move|p2b: Garchomp|Earthquake|p1b: Iron Bundle|[spread] p1a,p1b\n|-immune|p2a: Eelektross|[from] ability: Levitate\n|-supereffective|p1a: Iron Hands\n|-damage|p1a: Iron Hands|3\/100\n|-damage|p1b: Iron Bundle|38\/100\n|move|p1a: Iron Hands|Drain Punch|p2a: Eelektross\n|-damage|p2a: Eelektross|48\/100\n|-heal|p1a: Iron Hands|25\/100|[from] drain|[of] p2a: Eelektross\n|move|p2a: Eelektross|Coil|p2a: Eelektross\n|-boost|p2a: Eelektross|atk|1\n|-boost|p2a: Eelektross|def|1\n|-boost|p2a: Eelektross|accuracy|1\n|\n|-weather|SunnyDay|[upkeep]\n|-heal|p1a: Iron Hands|31\/100|[from] item: Leftovers\n|-heal|p2a: Eelektross|55\/100|[from] item: Leftovers\n|upkeep\n|turn|8\n|\n|t:|1697638651\n|-end|p1a: Iron Hands|Quark Drive|[silent]\n|switch|p1a: Bronzong|Bronzong|100\/100\n|move|p1b: Iron Bundle|Freeze-Dry|p2a: Eelektross\n|-damage|p2a: Eelektross|6\/100\n|move|p2b: Garchomp|Earthquake|p1b: Iron Bundle|[spread] p1b\n|-immune|p2a: Eelektross|[from] ability: Levitate\n|-immune|p1a: Bronzong|[from] ability: Levitate\n|-damage|p1b: Iron Bundle|0 fnt\n|faint|p1b: Iron Bundle\n|-end|p1b: Iron Bundle|Quark Drive|[silent]\n|move|p2a: Eelektross|Coil|p2a: Eelektross\n|-boost|p2a: Eelektross|atk|1\n|-boost|p2a: Eelektross|def|1\n|-boost|p2a: Eelektross|accuracy|1\n|\n|-weather|SunnyDay|[upkeep]\n|-heal|p2a: Eelektross|13\/100|[from] item: Leftovers\n|upkeep\n|\n|t:|1697638669\n|switch|p1b: Iron Hands|Iron Hands|31\/100\n|turn|9\n|\n|t:|1697638688\n|move|p1b: Iron Hands|Fake Out|p2a: Eelektross\n|-crit|p2a: Eelektross\n|-damage|p2a: Eelektross|0 fnt\n|faint|p2a: Eelektross\n|move|p2b: Garchomp|Dragon Rush|p1b: Iron Hands\n|-damage|p1b: Iron Hands|0 fnt\n|faint|p1b: Iron Hands\n|-end|p1b: Iron Hands|Quark Drive|[silent]\n|move|p1a: Bronzong|Safeguard|p1a: Bronzong\n|-sidestart|p1: Thestig2022|Safeguard\n|\n|-weather|none\n|upkeep\n|\n|t:|1697638700\n|switch|p1b: Flutter Mane|Flutter Mane|100\/100\n|switch|p2a: Lilligant|Lilligant, F|100\/100\n|-enditem|p1b: Flutter Mane|Booster Energy\n|-activate|p1b: Flutter Mane|ability: Protosynthesis|[fromitem]\n|-start|p1b: Flutter Mane|protosynthesisspa\n|turn|10\n|\n|t:|1697638714\n|move|p1a: Bronzong|Helping Hand|p1b: Flutter Mane\n|-singleturn|p1b: Flutter Mane|Helping Hand|[of] p1a: Bronzong\n|move|p1b: Flutter Mane|Dazzling Gleam|p2b: Garchomp|[spread] p2a,p2b\n|-resisted|p2b: Garchomp\n|-damage|p2a: Lilligant|10\/100\n|-damage|p2b: Garchomp|39\/100\n|move|p2b: Garchomp|Iron Head|p1b: Flutter Mane\n|-supereffective|p1b: Flutter Mane\n|-damage|p1b: Flutter Mane|0 fnt\n|faint|p1b: Flutter Mane\n|-end|p1b: Flutter Mane|Protosynthesis|[silent]\n|move|p2a: Lilligant|Quiver Dance|p2a: Lilligant\n|-boost|p2a: Lilligant|spa|1\n|-boost|p2a: Lilligant|spd|1\n|-boost|p2a: Lilligant|spe|1\n|\n|upkeep\n|turn|11\n|\n|t:|1697638747\n|move|p2a: Lilligant|Petal Dance|p1a: Bronzong\n|-resisted|p1a: Bronzong\n|-damage|p1a: Bronzong|68\/100\n|move|p2b: Garchomp|Dragon Rush|p1a: Bronzong\n|-resisted|p1a: Bronzong\n|-damage|p1a: Bronzong|44\/100\n|cant|p1a: Bronzong|flinch\n|\n|upkeep\n|turn|12\n|\n|t:|1697638766\n|move|p2a: Lilligant|Petal Dance|p1a: Bronzong|[from]lockedmove\n|-resisted|p1a: Bronzong\n|-damage|p1a: Bronzong|4\/100\n|move|p2b: Garchomp|Dragon Rush|p1a: Bronzong\n|-resisted|p1a: Bronzong\n|-damage|p1a: Bronzong|0 fnt\n|faint|p1a: Bronzong\n|\n|win|Maello\n|raw|Thestig2022's rating: 1000 &rarr; <strong>1000<\/strong><br \/>(+0 for losing)\n|raw|Maello's rating: 1000 &rarr; <strong>1040<\/strong><br \/>(+40 for winning)\n","uploadtime":1697638790,"views":11,"p1id":"thestig2022","p2id":"maello","formatid":"gen9doublesou","rating":1000,"private":0,"password":""}