{"id":"gen9doublesou-1999239279","p1":"mikeyuwu","p2":"mosseymoblox89","format":"[Gen 9] Doubles OU","log":"|j|\u2606mikeyuwu\n|j|\u2606mosseymoblox89\n|t:|1701049395\n|gametype|doubles\n|player|p1|mikeyuwu|psychic-gen4|1325\n|player|p2|mosseymoblox89|266|1337\n|teamsize|p1|6\n|teamsize|p2|6\n|gen|9\n|tier|[Gen 9] Doubles OU\n|rated|\n|rule|Species Clause: Limit one of each Pok\u00e9mon\n|rule|OHKO Clause: OHKO moves are banned\n|rule|Evasion Moves Clause: Evasion moves are banned\n|rule|Gravity Sleep Clause: The combination of sleep-inducing moves with imperfect accuracy and Gravity or Gigantamax Orbeetle are banned\n|rule|Endless Battle Clause: Forcing endless battles is banned\n|rule|HP Percentage Mod: HP is shown in percentages\n|clearpoke\n|poke|p1|Garchomp, M|\n|poke|p1|Tyranitar, F|\n|poke|p1|Vaporeon, F|\n|poke|p1|Toxicroak, M|\n|poke|p1|Pelipper, F|\n|poke|p1|Abomasnow, M|\n|poke|p2|Flutter Mane|\n|poke|p2|Clefairy, F|\n|poke|p2|Iron Hands|\n|poke|p2|Palafin, F|\n|poke|p2|Grimmsnarl, M|\n|poke|p2|Chi-Yu|\n|teampreview\n|\n|t:|1701049412\n|start\n|switch|p1a: OTLHPM|Toxicroak, M|100\/100\n|switch|p1b: Cold Shoulder|Abomasnow, M, shiny|100\/100\n|switch|p2a: Flutter Mane|Flutter Mane|100\/100\n|switch|p2b: Palafin|Palafin, F|100\/100\n|-weather|Snow|[from] ability: Snow Warning|[of] p1b: Cold Shoulder\n|turn|1\n|\n|t:|1701049430\n|move|p2a: Flutter Mane|Mystical Fire|p1b: Cold Shoulder\n|-supereffective|p1b: Cold Shoulder\n|-damage|p1b: Cold Shoulder|0 fnt\n|faint|p1b: Cold Shoulder\n|-damage|p2a: Flutter Mane|91\/100|[from] item: Life Orb\n|move|p2b: Palafin|Flip Turn|p1a: OTLHPM\n|-immune|p1a: OTLHPM|[from] ability: Dry Skin\n|move|p1a: OTLHPM|Poison Jab|p2a: Flutter Mane\n|-damage|p2a: Flutter Mane|5\/100\n|\n|-weather|Snow|[upkeep]\n|upkeep\n|\n|t:|1701049436\n|switch|p1b: Harmacy|Vaporeon, F|100\/100\n|turn|2\n|\n|t:|1701049454\n|detailschange|p2b: Palafin|Palafin-Hero, F\n|switch|p2b: Iron Hands|Iron Hands|100\/100\n|move|p2a: Flutter Mane|Dazzling Gleam|p1b: Harmacy|[spread] p1a,p1b\n|-damage|p1a: OTLHPM|52\/100\n|-damage|p1b: Harmacy|68\/100\n|-damage|p2a: Flutter Mane|0 fnt|[from] item: Life Orb\n|faint|p2a: Flutter Mane\n|-end|p2a: Flutter Mane|Protosynthesis|[silent]\n|move|p1a: OTLHPM|Earthquake|p2b: Iron Hands|[spread] p1b,p2b\n|-supereffective|p2b: Iron Hands\n|-crit|p2b: Iron Hands\n|-damage|p1b: Harmacy|50\/100\n|-damage|p2b: Iron Hands|53\/100\n|move|p1b: Harmacy|Icy Wind|p2b: Iron Hands\n|-damage|p2b: Iron Hands|39\/100\n|-unboost|p2b: Iron Hands|spe|1\n|\n|-weather|Snow|[upkeep]\n|-heal|p1a: OTLHPM|58\/100|[from] item: Black Sludge\n|-heal|p1b: Harmacy|56\/100|[from] item: Leftovers\n|upkeep\n|\n|t:|1701049471\n|switch|p2a: Clefairy|Clefairy, F|100\/100\n|turn|3\n|\n|t:|1701049481\n|switch|p1b: Extra Spicy|Garchomp, M|100\/100\n|move|p1a: OTLHPM|Earthquake|p2b: Iron Hands|[spread] p1b,p2a,p2b\n|-supereffective|p2b: Iron Hands\n|-damage|p1b: Extra Spicy|86\/100\n|-damage|p2a: Clefairy|66\/100\n|-damage|p2b: Iron Hands|14\/100\n|move|p2a: Clefairy|Heal Pulse|p2b: Iron Hands\n|-heal|p2b: Iron Hands|64\/100\n|move|p2b: Iron Hands|Wild Charge|p1b: Extra Spicy\n|-immune|p1b: Extra Spicy\n|\n|-weather|Snow|[upkeep]\n|-heal|p1a: OTLHPM|64\/100|[from] item: Black Sludge\n|upkeep\n|turn|4\n|\n|t:|1701049503\n|move|p1b: Extra Spicy|Poison Jab|p2a: Clefairy\n|-supereffective|p2a: Clefairy\n|-damage|p2a: Clefairy|0 fnt\n|faint|p2a: Clefairy\n|move|p1a: OTLHPM|Earthquake|p2b: Iron Hands|[spread] p1b,p2b\n|-supereffective|p2b: Iron Hands\n|-damage|p1b: Extra Spicy|70\/100\n|-damage|p2b: Iron Hands|33\/100\n|move|p2b: Iron Hands|Drain Punch|p1b: Extra Spicy\n|-damage|p1b: Extra Spicy|38\/100\n|-heal|p2b: Iron Hands|46\/100|[from] drain|[of] p1b: Extra Spicy\n|-damage|p2b: Iron Hands|33\/100|[from] ability: Rough Skin|[of] p1b: Extra Spicy\n|-damage|p2b: Iron Hands|17\/100|[from] item: Rocky Helmet|[of] p1b: Extra Spicy\n|-damage|p2b: Iron Hands|7\/100|[from] item: Life Orb\n|\n|-weather|Snow|[upkeep]\n|-heal|p1a: OTLHPM|71\/100|[from] item: Black Sludge\n|upkeep\n|\n|t:|1701049524\n|switch|p2a: Grimmsnarl|Grimmsnarl, M|100\/100\n|turn|5\n|\n|t:|1701049537\n|move|p2a: Grimmsnarl|Fake Out|p1b: Extra Spicy\n|-damage|p1b: Extra Spicy|33\/100\n|-damage|p2a: Grimmsnarl|88\/100|[from] ability: Rough Skin|[of] p1b: Extra Spicy\n|-damage|p2a: Grimmsnarl|72\/100|[from] item: Rocky Helmet|[of] p1b: Extra Spicy\n|cant|p1b: Extra Spicy|flinch\n|move|p1a: OTLHPM|Poison Jab|p2a: Grimmsnarl\n|-supereffective|p2a: Grimmsnarl\n|-damage|p2a: Grimmsnarl|0 fnt\n|faint|p2a: Grimmsnarl\n|move|p2b: Iron Hands|Drain Punch|p1a: OTLHPM\n|-resisted|p1a: OTLHPM\n|-damage|p1a: OTLHPM|36\/100\n|-heal|p2b: Iron Hands|18\/100|[from] drain|[of] p1a: OTLHPM\n|-damage|p2b: Iron Hands|8\/100|[from] item: Life Orb\n|\n|-weather|none\n|-heal|p1a: OTLHPM|42\/100|[from] item: Black Sludge\n|upkeep\n|\n|t:|1701049554\n|switch|p2a: Chi-Yu|Chi-Yu|100\/100\n|-ability|p2a: Chi-Yu|Beads of Ruin\n|turn|6\n|\n|t:|1701049562\n|switch|p1a: Weather War|Pelipper, F|100\/100\n|-weather|RainDance|[from] ability: Drizzle|[of] p1a: Weather War\n|move|p2a: Chi-Yu|Heat Wave|p1b: Extra Spicy|[spread] p1a,p1b\n|-resisted|p1a: Weather War\n|-resisted|p1b: Extra Spicy\n|-damage|p1a: Weather War|79\/100\n|-damage|p1b: Extra Spicy|18\/100\n|-damage|p2a: Chi-Yu|91\/100|[from] item: Life Orb\n|move|p1b: Extra Spicy|Earthquake|p2b: Iron Hands|[spread] p2a,p2b\n|-immune|p1a: Weather War\n|-supereffective|p2a: Chi-Yu\n|-supereffective|p2b: Iron Hands\n|-damage|p2a: Chi-Yu|0 fnt\n|-damage|p2b: Iron Hands|0 fnt\n|faint|p2a: Chi-Yu\n|faint|p2b: Iron Hands\n|-end|p2b: Iron Hands|Quark Drive|[silent]\n|\n|-weather|RainDance|[upkeep]\n|upkeep\n|\n|t:|1701049578\n|switch|p2b: Palafin|Palafin-Hero, F|100\/100\n|-activate|p2b: Palafin|ability: Zero to Hero\n|turn|7\n|\n|t:|1701049586\n|switch|p1b: OTLHPM|Toxicroak, M|42\/100\n|-terastallize|p2b: Palafin|Water\n|move|p2b: Palafin|Ice Punch|p1b: OTLHPM\n|-damage|p1b: OTLHPM|0 fnt\n|faint|p1b: OTLHPM\n|-damage|p2b: Palafin|91\/100|[from] item: Life Orb\n|move|p1a: Weather War|Chilling Water|p2b: Palafin\n|-resisted|p2b: Palafin\n|-damage|p2b: Palafin|76\/100\n|-unboost|p2b: Palafin|atk|1\n|\n|-weather|RainDance|[upkeep]\n|upkeep\n|\n|t:|1701049594\n|switch|p1b: Harmacy|Vaporeon, F|56\/100\n|turn|8\n|\n|t:|1701049600\n|move|p2b: Palafin|Drain Punch|p1b: Harmacy\n|-damage|p1b: Harmacy|38\/100\n|-heal|p2b: Palafin|89\/100|[from] drain|[of] p1b: Harmacy\n|-damage|p2b: Palafin|79\/100|[from] item: Life Orb\n|move|p1a: Weather War|Chilling Water|p2b: Palafin\n|-resisted|p2b: Palafin\n|-damage|p2b: Palafin|64\/100\n|-unboost|p2b: Palafin|atk|1\n|move|p1b: Harmacy|Copycat|p1b: Harmacy\n|move|p1b: Harmacy|Chilling Water|p2b: Palafin|[from]move: Copycat\n|-resisted|p2b: Palafin\n|-damage|p2b: Palafin|49\/100\n|-unboost|p2b: Palafin|atk|1\n|\n|-weather|RainDance|[upkeep]\n|-heal|p1b: Harmacy|44\/100|[from] item: Leftovers\n|upkeep\n|turn|9\n|-message|mosseymoblox89 forfeited.\n|\n|win|mikeyuwu\n|raw|mikeyuwu's rating: 1325 &rarr; <strong>1346<\/strong><br \/>(+21 for winning)\n|raw|mosseymoblox89's rating: 1337 &rarr; <strong>1316<\/strong><br \/>(-21 for losing)\n|l|\u2606mosseymoblox89\n","uploadtime":1701049656,"views":12,"p1id":"mikeyuwu","p2id":"mosseymoblox89","formatid":"gen9doublesou","rating":1316,"private":0,"password":""}