{"id":"gen9doublesou-1992985865","p1":"Whammerist","p2":"T0lD","format":"[Gen 9] Doubles OU","log":"|j|\u2606Whammerist\n|j|\u2606T0lD\n|inactive|Battle timer is ON: inactive players will automatically lose when time's up.\n|t:|1700252862\n|gametype|doubles\n|player|p1|Whammerist|ingo|\n|player|p2|T0lD|giovanni|\n|teamsize|p1|6\n|teamsize|p2|6\n|gen|9\n|tier|[Gen 9] Doubles OU\n|rated|Tournament battle\n|rule|Species Clause: Limit one of each Pok\u00e9mon\n|rule|OHKO Clause: OHKO moves are banned\n|rule|Evasion Moves Clause: Evasion moves are banned\n|rule|Gravity Sleep Clause: The combination of sleep-inducing moves with imperfect accuracy and Gravity or Gigantamax Orbeetle are banned\n|rule|Endless Battle Clause: Forcing endless battles is banned\n|rule|HP Percentage Mod: HP is shown in percentages\n|clearpoke\n|poke|p1|Finizen, M|\n|poke|p1|Fidough, F|\n|poke|p1|Hippopotas, F|\n|poke|p1|Vullaby, F|\n|poke|p1|Rufflet, M|\n|poke|p1|Meditite, F|\n|poke|p2|Munchlax, F|\n|poke|p2|Poltchageist|\n|poke|p2|Mareanie, M|\n|poke|p2|Grookey, M|\n|poke|p2|Stunky, M|\n|poke|p2|Shroomish, M|\n|teampreview\n|j|*Lady Monita \u2746\n|\n|t:|1700252878\n|start\n|switch|p1a: Meditite|Meditite, F|100\/100\n|switch|p1b: Vullaby|Vullaby, F|100\/100\n|switch|p2a: Poltchageist|Poltchageist|100\/100\n|switch|p2b: Grookey|Grookey, M|100\/100\n|-fieldstart|move: Grassy Terrain|[from] ability: Grassy Surge|[of] p2b: Grookey\n|turn|1\n|\n|t:|1700252894\n|move|p1a: Meditite|Protect|p1a: Meditite\n|-singleturn|p1a: Meditite|Protect\n|move|p2b: Grookey|Drain Punch|p1b: Vullaby\n|-damage|p1b: Vullaby|84\/100\n|move|p1b: Vullaby|Tailwind|p1b: Vullaby\n|-sidestart|p1: Whammerist|move: Tailwind\n|move|p2a: Poltchageist|Phantom Force||[still]\n|-prepare|p2a: Poltchageist|Phantom Force\n|\n|upkeep\n|turn|2\n|inactive|Whammerist has 120 seconds left.\n|\n|t:|1700252937\n|switch|p2b: Munchlax|Munchlax, F|100\/100\n|move|p1a: Meditite|Zen Headbutt|p2b: Munchlax\n|-damage|p2b: Munchlax|29\/100\n|-damage|p1a: Meditite|91\/100|[from] item: Life Orb\n|move|p1b: Vullaby|Foul Play|p2b: Munchlax\n|-damage|p2b: Munchlax|0 fnt\n|faint|p2b: Munchlax\n|move|p2a: Poltchageist|Phantom Force|p1a: Meditite|[from]lockedmove\n|-supereffective|p1a: Meditite\n|-damage|p1a: Meditite|0 fnt\n|faint|p1a: Meditite\n|\n|upkeep\n|inactive|Whammerist has 120 seconds left.\n|\n|t:|1700252954\n|switch|p1a: Rufflet|Rufflet, M|100\/100\n|switch|p2b: Mareanie|Mareanie, M|100\/100\n|turn|3\n|\n|t:|1700252980\n|switch|p1b: Hippopotas|Hippopotas, F|100\/100\n|-weather|Sandstorm|[from] ability: Sand Stream|[of] p1b: Hippopotas\n|move|p1a: Rufflet|Brave Bird|p2a: Poltchageist\n|-supereffective|p2a: Poltchageist\n|-damage|p2a: Poltchageist|0 fnt\n|faint|p2a: Poltchageist\n|-damage|p1a: Rufflet|69\/100|[from] Recoil\n|move|p2b: Mareanie|Ice Beam|p1a: Rufflet\n|-supereffective|p1a: Rufflet\n|-damage|p1a: Rufflet|37\/100\n|\n|-weather|Sandstorm|[upkeep]\n|-damage|p1a: Rufflet|31\/100|[from] Sandstorm\n|-damage|p2b: Mareanie|95\/100|[from] Sandstorm\n|-heal|p2b: Mareanie|100\/100|[from] Grassy Terrain\n|upkeep\n|inactive|T0lD has 120 seconds left.\n|\n|t:|1700252997\n|switch|p2a: Stunky|Stunky, M|100\/100\n|turn|4\n|\n|t:|1700253009\n|switch|p1a: Fidough|Fidough, F|100\/100\n|move|p2a: Stunky|Gunk Shot|p1b: Hippopotas|[miss]\n|-miss|p2a: Stunky|p1b: Hippopotas\n|move|p1b: Hippopotas|Stomping Tantrum|p2a: Stunky\n|-supereffective|p2a: Stunky\n|-damage|p2a: Stunky|12\/100\n|move|p2b: Mareanie|Ice Beam|p1a: Fidough\n|-damage|p1a: Fidough|85\/100\n|\n|-weather|Sandstorm|[upkeep]\n|-damage|p1a: Fidough|79\/100|[from] Sandstorm\n|-damage|p2a: Stunky|6\/100|[from] Sandstorm\n|-damage|p2b: Mareanie|95\/100|[from] Sandstorm\n|-heal|p1a: Fidough|85\/100|[from] Grassy Terrain\n|-heal|p2a: Stunky|12\/100|[from] Grassy Terrain\n|-heal|p2b: Mareanie|100\/100|[from] Grassy Terrain\n|-sideend|p1: Whammerist|move: Tailwind\n|upkeep\n|turn|5\n|\n|t:|1700253029\n|move|p1a: Fidough|Protect|p1a: Fidough\n|-singleturn|p1a: Fidough|Protect\n|move|p2a: Stunky|Gunk Shot|p1a: Fidough\n|-activate|p1a: Fidough|move: Protect\n|move|p2b: Mareanie|Ice Beam|p1b: Hippopotas\n|-supereffective|p1b: Hippopotas\n|-damage|p1b: Hippopotas|78\/100\n|move|p1b: Hippopotas|Stomping Tantrum|p2a: Stunky\n|-supereffective|p2a: Stunky\n|-damage|p2a: Stunky|0 fnt\n|faint|p2a: Stunky\n|\n|-weather|Sandstorm|[upkeep]\n|-damage|p1a: Fidough|79\/100|[from] Sandstorm\n|-damage|p2b: Mareanie|95\/100|[from] Sandstorm\n|-heal|p1a: Fidough|85\/100|[from] Grassy Terrain\n|-heal|p2b: Mareanie|100\/100|[from] Grassy Terrain\n|-heal|p1b: Hippopotas|84\/100|[from] Grassy Terrain\n|-fieldend|move: Grassy Terrain\n|upkeep\n|\n|t:|1700253046\n|switch|p2a: Grookey|Grookey, M|100\/100\n|-fieldstart|move: Grassy Terrain|[from] ability: Grassy Surge|[of] p2a: Grookey\n|turn|6\n|\n|t:|1700253055\n|switch|p1b: Vullaby|Vullaby, F|84\/100\n|move|p2a: Grookey|Seed Bomb|p1b: Vullaby\n|-resisted|p1b: Vullaby\n|-damage|p1b: Vullaby|67\/100\n|move|p1a: Fidough|Yawn|p2a: Grookey\n|-start|p2a: Grookey|move: Yawn|[of] p1a: Fidough\n|move|p2b: Mareanie|Gunk Shot|p1a: Fidough\n|-supereffective|p1a: Fidough\n|-damage|p1a: Fidough|42\/100\n|\n|-weather|Sandstorm|[upkeep]\n|-damage|p2a: Grookey|94\/100|[from] Sandstorm\n|-damage|p1a: Fidough|36\/100|[from] Sandstorm\n|-damage|p2b: Mareanie|95\/100|[from] Sandstorm\n|-heal|p2a: Grookey|100\/100|[from] Grassy Terrain\n|-heal|p1a: Fidough|42\/100|[from] Grassy Terrain\n|-heal|p2b: Mareanie|100\/100|[from] Grassy Terrain\n|upkeep\n|turn|7\n|l|\u2606Whammerist\n|inactive|Whammerist disconnected and has a minute to reconnect!\n|player|p1|\n|j|\u2606Whammerist\n|inactive|Whammerist reconnected.\n|player|p1|Whammerist|ingo\n|\n|t:|1700253080\n|switch|p2a: Shroomish|Shroomish, M|100\/100\n|move|p1a: Fidough|Protect|p1a: Fidough\n|-singleturn|p1a: Fidough|Protect\n|move|p1b: Vullaby|Tailwind|p1b: Vullaby\n|-sidestart|p1: Whammerist|move: Tailwind\n|move|p2b: Mareanie|Iron Defense|p2b: Mareanie\n|-boost|p2b: Mareanie|def|2\n|\n|-weather|none\n|-heal|p1a: Fidough|48\/100|[from] Grassy Terrain\n|upkeep\n|turn|8\n|\n|t:|1700253098\n|switch|p1b: Hippopotas|Hippopotas, F|84\/100\n|-weather|Sandstorm|[from] ability: Sand Stream|[of] p1b: Hippopotas\n|move|p1a: Fidough|Yawn|p2b: Mareanie\n|-start|p2b: Mareanie|move: Yawn|[of] p1a: Fidough\n|move|p2a: Shroomish|Spore|p1b: Hippopotas\n|-status|p1b: Hippopotas|slp|[from] move: Spore\n|move|p2b: Mareanie|Gunk Shot|p1a: Fidough\n|-supereffective|p1a: Fidough\n|-damage|p1a: Fidough|5\/100\n|-status|p1a: Fidough|psn\n|\n|-weather|Sandstorm|[upkeep]\n|-damage|p1a: Fidough|0 fnt|[from] Sandstorm\n|-damage|p2a: Shroomish|94\/100|[from] Sandstorm\n|-damage|p2b: Mareanie|95\/100|[from] Sandstorm\n|faint|p1a: Fidough\n|-heal|p1b: Hippopotas|90\/100 slp|[from] Grassy Terrain\n|-heal|p2a: Shroomish|100\/100|[from] Grassy Terrain\n|-heal|p2b: Mareanie|100\/100|[from] Grassy Terrain\n|upkeep\n|\n|t:|1700253110\n|switch|p1a: Rufflet|Rufflet, M|31\/100\n|turn|9\n|\n|t:|1700253126\n|switch|p2b: Grookey|Grookey, M|100\/100\n|move|p1a: Rufflet|Brave Bird|p2a: Shroomish\n|-supereffective|p2a: Shroomish\n|-enditem|p2a: Shroomish|Focus Sash\n|-damage|p2a: Shroomish|1\/100\n|-damage|p1a: Rufflet|1\/100|[from] Recoil\n|cant|p1b: Hippopotas|slp\n|move|p2a: Shroomish|Spore|p1a: Rufflet\n|-status|p1a: Rufflet|slp|[from] move: Spore\n|\n|-weather|Sandstorm|[upkeep]\n|-damage|p1a: Rufflet|0 fnt|[from] Sandstorm\n|-damage|p2b: Grookey|94\/100|[from] Sandstorm\n|-damage|p2a: Shroomish|0 fnt|[from] Sandstorm\n|faint|p1a: Rufflet\n|faint|p2a: Shroomish\n|-heal|p1b: Hippopotas|97\/100 slp|[from] Grassy Terrain\n|-heal|p2b: Grookey|100\/100|[from] Grassy Terrain\n|upkeep\n|\n|t:|1700253144\n|switch|p1a: Vullaby|Vullaby, F|67\/100\n|switch|p2a: Mareanie|Mareanie, M|100\/100\n|turn|10\n|j| Yeet259\n|\n|t:|1700253166\n|move|p1a: Vullaby|Foul Play|p2b: Grookey\n|-damage|p2b: Grookey|34\/100\n|cant|p1b: Hippopotas|slp\n|move|p2b: Grookey|Seed Bomb|p1b: Hippopotas\n|-supereffective|p1b: Hippopotas\n|-damage|p1b: Hippopotas|10\/100 slp\n|move|p2a: Mareanie|Ice Beam|p1a: Vullaby\n|-supereffective|p1a: Vullaby\n|-damage|p1a: Vullaby|44\/100\n|\n|-weather|Sandstorm|[upkeep]\n|-damage|p2b: Grookey|27\/100|[from] Sandstorm\n|-damage|p2a: Mareanie|95\/100|[from] Sandstorm\n|-heal|p1b: Hippopotas|16\/100 slp|[from] Grassy Terrain\n|-heal|p2b: Grookey|34\/100|[from] Grassy Terrain\n|-heal|p2a: Mareanie|100\/100|[from] Grassy Terrain\n|-sideend|p1: Whammerist|move: Tailwind\n|-fieldend|move: Grassy Terrain\n|upkeep\n|turn|11\n|\n|t:|1700253185\n|move|p2b: Grookey|Seed Bomb|p1b: Hippopotas\n|-supereffective|p1b: Hippopotas\n|-damage|p1b: Hippopotas|0 fnt\n|faint|p1b: Hippopotas\n|move|p1a: Vullaby|Foul Play|p2b: Grookey\n|-damage|p2b: Grookey|0 fnt\n|faint|p2b: Grookey\n|move|p2a: Mareanie|Ice Beam|p1a: Vullaby\n|-supereffective|p1a: Vullaby\n|-damage|p1a: Vullaby|22\/100\n|\n|-weather|Sandstorm|[upkeep]\n|-damage|p2a: Mareanie|95\/100|[from] Sandstorm\n|upkeep\n|\n|t:|1700253194\n|switch|p1b: Finizen|Finizen, M|100\/100\n|turn|12\n|\n|t:|1700253199\n|-terastallize|p1b: Finizen|Normal\n|move|p1a: Vullaby|Protect|p1a: Vullaby\n|-singleturn|p1a: Vullaby|Protect\n|move|p1b: Finizen|Boomburst|p2a: Mareanie|[spread] p2a\n|-activate|p1a: Vullaby|move: Protect\n|-damage|p2a: Mareanie|37\/100\n|-damage|p1b: Finizen|91\/100|[from] item: Life Orb\n|move|p2a: Mareanie|Ice Beam|p1a: Vullaby\n|-activate|p1a: Vullaby|move: Protect\n|\n|-weather|none\n|upkeep\n|turn|13\n|l|\u2606Whammerist\n|inactive|Whammerist disconnected and has a minute to reconnect!\n|player|p1|\n|j|\u2606Whammerist\n|inactive|Whammerist reconnected and has 140 seconds left.\n|player|p1|Whammerist|ingo\n|\n|t:|1700253219\n|move|p1b: Finizen|Boomburst|p2a: Mareanie|[spread] p1a,p2a\n|-damage|p1a: Vullaby|0 fnt\n|-damage|p2a: Mareanie|0 fnt\n|faint|p1a: Vullaby\n|faint|p2a: Mareanie\n|-damage|p1b: Finizen|81\/100|[from] item: Life Orb\n|\n|win|Whammerist\n|n|\u2606T0lD|t0ld\n|n|*Lady Monita \u2746|ladymonita\n|n| Yeet259|yeet259\n|n|\u2606Whammerist|whammerist\n|l|*Lady Monita \u2746\n|c|\u2606T0lD|gg\n|c|\u2606Whammerist|gg\n|l| Yeet259\n|l|\u2606T0lD\n","uploadtime":1700253239,"views":7,"p1id":"whammerist","p2id":"t0ld","formatid":"gen9doublesou","rating":0,"private":0,"password":""}