{"id":"gen9doublesou-1989043243","p1":"legendary spammer1","p2":"Skeatchee","format":"[Gen 9] Doubles OU","log":"|j|\u2606legendary spammer1\n|j|\u2606Skeatchee\n|t:|1699805797\n|gametype|doubles\n|player|p1|legendary spammer1|266|1078\n|player|p2|Skeatchee|266|1177\n|teamsize|p1|6\n|teamsize|p2|6\n|gen|9\n|tier|[Gen 9] Doubles OU\n|rated|\n|rule|Species Clause: Limit one of each Pok\u00e9mon\n|rule|OHKO Clause: OHKO moves are banned\n|rule|Evasion Moves Clause: Evasion moves are banned\n|rule|Gravity Sleep Clause: The combination of sleep-inducing moves with imperfect accuracy and Gravity or Gigantamax Orbeetle are banned\n|rule|Endless Battle Clause: Forcing endless battles is banned\n|rule|HP Percentage Mod: HP is shown in percentages\n|clearpoke\n|poke|p1|Dragapult, F|\n|poke|p1|Indeedee-F, F|\n|poke|p1|Palafin, F|\n|poke|p1|Wo-Chien|\n|poke|p1|Hatterene, F|\n|poke|p1|Ambipom, F|\n|poke|p2|Electrode-Hisui|\n|poke|p2|Lurantis, M|\n|poke|p2|Grafaiai, M|\n|poke|p2|Milotic, M|\n|poke|p2|Bronzong|\n|poke|p2|Rillaboom, M|\n|teampreview\n|inactive|Battle timer is ON: inactive players will automatically lose when time's up. (requested by Skeatchee)\n|\n|t:|1699805818\n|start\n|switch|p1a: Ambipom|Ambipom, F|100\/100\n|switch|p1b: Palafin|Palafin, F|100\/100\n|switch|p2a: Milotic|Milotic, M|100\/100\n|switch|p2b: Bronzong|Bronzong|100\/100\n|turn|1\n|\n|t:|1699805832\n|detailschange|p1b: Palafin|Palafin-Hero, F\n|switch|p1b: Dragapult|Dragapult, F|100\/100\n|move|p1a: Ambipom|Fake Out|p2b: Bronzong\n|-resisted|p2b: Bronzong\n|-damage|p2b: Bronzong|90\/100\n|-damage|p1a: Ambipom|91\/100|[from] item: Life Orb\n|move|p2a: Milotic|Life Dew||[still]|[spread] p2a,p2b\n|-fail|p2a: Milotic|heal\n|-heal|p2b: Bronzong|100\/100\n|cant|p2b: Bronzong|flinch\n|\n|upkeep\n|turn|2\n|\n|t:|1699805846\n|switch|p2b: Lurantis|Lurantis, M|100\/100\n|move|p1b: Dragapult|Phantom Force||[still]\n|-prepare|p1b: Dragapult|Phantom Force\n|move|p1a: Ambipom|Last Resort|p2a: Milotic\n|-damage|p2a: Milotic|48\/100\n|-damage|p1a: Ambipom|81\/100|[from] item: Life Orb\n|move|p2a: Milotic|Life Dew||[still]|[spread] p2a,p2b\n|-heal|p2a: Milotic|73\/100\n|-fail|p2b: Lurantis|heal\n|\n|upkeep\n|turn|3\n|\n|t:|1699805862\n|move|p1b: Dragapult|Phantom Force|p2b: Lurantis|[from]lockedmove\n|-damage|p2b: Lurantis|26\/100\n|move|p1a: Ambipom|Last Resort|p2a: Milotic\n|-damage|p2a: Milotic|15\/100\n|-damage|p1a: Ambipom|71\/100|[from] item: Life Orb\n|move|p2a: Milotic|Life Dew|p2a: Milotic|[spread] p2a,p2b\n|-heal|p2a: Milotic|40\/100\n|-heal|p2b: Lurantis|51\/100\n|move|p2b: Lurantis|Superpower|p1a: Ambipom\n|-supereffective|p1a: Ambipom\n|-damage|p1a: Ambipom|0 fnt\n|-boost|p2b: Lurantis|atk|1\n|-boost|p2b: Lurantis|def|1\n|faint|p1a: Ambipom\n|\n|upkeep\n|\n|t:|1699805870\n|switch|p1a: Hatterene|Hatterene, F|100\/100\n|turn|4\n|\n|t:|1699805884\n|move|p1b: Dragapult|Phantom Force||[still]\n|-prepare|p1b: Dragapult|Phantom Force\n|move|p2a: Milotic|Life Dew|p2a: Milotic|[spread] p2a,p2b\n|-heal|p2a: Milotic|65\/100\n|-heal|p2b: Lurantis|76\/100\n|move|p2b: Lurantis|Superpower|p1a: Hatterene\n|-resisted|p1a: Hatterene\n|-damage|p1a: Hatterene|84\/100\n|-boost|p2b: Lurantis|atk|1\n|-boost|p2b: Lurantis|def|1\n|move|p1a: Hatterene|Mystical Fire|p2b: Lurantis\n|-supereffective|p2b: Lurantis\n|-damage|p2b: Lurantis|7\/100\n|-boost|p2b: Lurantis|spa|1\n|\n|upkeep\n|turn|5\n|\n|t:|1699805910\n|-terastallize|p2b: Lurantis|Fire\n|move|p1b: Dragapult|Phantom Force|p2a: Milotic|[from]lockedmove\n|-damage|p2a: Milotic|16\/100\n|move|p2a: Milotic|Life Dew|p2a: Milotic|[spread] p2a,p2b\n|-heal|p2a: Milotic|41\/100\n|-heal|p2b: Lurantis|32\/100\n|move|p2b: Lurantis|Leech Life|p1a: Hatterene\n|-damage|p1a: Hatterene|21\/100\n|-heal|p2b: Lurantis|62\/100|[from] drain|[of] p1a: Hatterene\n|move|p1a: Hatterene|Mystical Fire|p2b: Lurantis\n|-resisted|p2b: Lurantis\n|-damage|p2b: Lurantis|45\/100\n|-boost|p2b: Lurantis|spa|1\n|\n|upkeep\n|turn|6\n|\n|t:|1699805936\n|switch|p1a: Indeedee|Indeedee-F, F|100\/100\n|-fieldstart|move: Psychic Terrain|[from] ability: Psychic Surge|[of] p1a: Indeedee\n|move|p1b: Dragapult|Phantom Force||[still]\n|-prepare|p1b: Dragapult|Phantom Force\n|move|p2a: Milotic|Life Dew|p2a: Milotic|[spread] p2a,p2b\n|-heal|p2a: Milotic|66\/100\n|-heal|p2b: Lurantis|70\/100\n|move|p2b: Lurantis|Leech Life|p1a: Indeedee\n|-supereffective|p1a: Indeedee\n|-damage|p1a: Indeedee|0 fnt\n|-heal|p2b: Lurantis|100\/100|[from] drain|[of] p1a: Indeedee\n|faint|p1a: Indeedee\n|\n|upkeep\n|\n|t:|1699805940\n|switch|p1a: Palafin|Palafin-Hero, F|100\/100\n|-activate|p1a: Palafin|ability: Zero to Hero\n|turn|7\n|\n|t:|1699805950\n|switch|p2a: Rillaboom|Rillaboom, M|100\/100\n|-fieldstart|move: Grassy Terrain|[from] ability: Grassy Surge|[of] p2a: Rillaboom\n|move|p2b: Lurantis|Grassy Glide|p1a: Palafin\n|-supereffective|p1a: Palafin\n|-damage|p1a: Palafin|0 fnt\n|faint|p1a: Palafin\n|move|p1b: Dragapult|Phantom Force|p2b: Lurantis|[from]lockedmove\n|-damage|p2b: Lurantis|66\/100\n|\n|-heal|p2b: Lurantis|72\/100|[from] Grassy Terrain\n|upkeep\n|-message|legendary spammer1 forfeited.\n|\n|win|Skeatchee\n|raw|legendary spammer1's rating: 1078 &rarr; <strong>1062<\/strong><br \/>(-16 for losing)\n|raw|Skeatchee's rating: 1177 &rarr; <strong>1195<\/strong><br \/>(+18 for winning)\n|l|\u2606legendary spammer1\n","uploadtime":1699805965,"views":4,"p1id":"legendaryspammer1","p2id":"skeatchee","formatid":"gen9doublesou","rating":1062,"private":0,"password":""}