{"id":"gen9doublesou-1978642595","p1":"FormationX","p2":"Use Guard Specs","format":"[Gen 9] Doubles OU","log":"|j|\u2606FormationX\n|j|\u2606Use Guard Specs\n|inactive|Battle timer is ON: inactive players will automatically lose when time's up.\n|t:|1698573221\n|gametype|doubles\n|player|p1|FormationX|plasmagrunt-gen5bw|\n|player|p2|Use Guard Specs|blackbelt-gen4dp|\n|teamsize|p1|4\n|teamsize|p2|4\n|gen|9\n|tier|[Gen 9] Doubles OU\n|rated|Tournament battle\n|rule|Species Clause: Limit one of each Pok\u00e9mon\n|rule|OHKO Clause: OHKO moves are banned\n|rule|Evasion Moves Clause: Evasion moves are banned\n|rule|Gravity Sleep Clause: The combination of sleep-inducing moves with imperfect accuracy and Gravity or Gigantamax Orbeetle are banned\n|rule|Endless Battle Clause: Forcing endless battles is banned\n|rule|HP Percentage Mod: HP is shown in percentages\n|clearpoke\n|poke|p1|Drowzee, F|\n|poke|p1|Swanna, M|\n|poke|p1|Shellder, M|\n|poke|p1|Drifblim, M|\n|poke|p2|Glimmora, M|\n|poke|p2|Wooper-Paldea, F|\n|poke|p2|Polteageist|\n|poke|p2|Zorua-Hisui, F|\n|teampreview\n|j|*Lady Monita \u263d\n|inactive|FormationX also wants the timer to be on.\n|\n|t:|1698573240\n|start\n|switch|p1a: Drowzee|Drowzee, F|100\/100\n|switch|p1b: Swanna|Swanna, M|100\/100\n|switch|p2a: Glimmora|Glimmora, M|100\/100\n|switch|p2b: Polteageist|Polteageist|100\/100\n|turn|1\n|j| Natdexuugrr\n|j| Fiddlw\n|\n|t:|1698573259\n|move|p1b: Swanna|Knock Off|p2b: Polteageist\n|-supereffective|p2b: Polteageist\n|-damage|p2b: Polteageist|0 fnt\n|replace|p2b: Zorua|Zorua-Hisui, F\n|-end|p2b: Zorua|Illusion\n|-enditem|p2b: Zorua|Eviolite|[from] move: Knock Off|[of] p1b: Swanna\n|faint|p2b: Zorua\n|-damage|p1b: Swanna|91\/100|[from] item: Life Orb\n|move|p2a: Glimmora|Power Gem|p1b: Swanna\n|-supereffective|p1b: Swanna\n|-damage|p1b: Swanna|0 fnt\n|faint|p1b: Swanna\n|move|p1a: Drowzee|Power Split|p2a: Glimmora\n|-activate|p1a: Drowzee|move: Power Split|[of] p2a: Glimmora\n|\n|upkeep\n|\n|t:|1698573274\n|switch|p1b: Drifblim|Drifblim, M|100\/100\n|switch|p2b: Wooper|Wooper-Paldea, F|100\/100\n|turn|2\n|j| Blonking\n|l| Blonking\n|inactive|Use Guard Specs has 120 seconds left.\n|\n|t:|1698573307\n|switch|p1b: Shellder|Shellder, M|100\/100\n|move|p2a: Glimmora|Power Gem|p1b: Shellder\n|-damage|p1b: Shellder|34\/100\n|move|p1a: Drowzee|Night Shade|p2b: Wooper\n|-damage|p2b: Wooper|69\/100\n|move|p2b: Wooper|Poison Jab|p1a: Drowzee\n|-damage|p1a: Drowzee|87\/100\n|-status|p1a: Drowzee|psn\n|\n|-damage|p1a: Drowzee|75\/100 psn|[from] psn\n|upkeep\n|turn|3\n|j| Blonking\n|l| Blonking\n|\n|t:|1698573325\n|move|p2a: Glimmora|Power Gem|p1b: Shellder\n|-damage|p1b: Shellder|0 fnt\n|faint|p1b: Shellder\n|move|p1a: Drowzee|Night Shade|p2a: Glimmora\n|-damage|p2a: Glimmora|68\/100\n|move|p2b: Wooper|Poison Jab|p1a: Drowzee\n|-damage|p1a: Drowzee|60\/100 psn\n|\n|-damage|p1a: Drowzee|48\/100 psn|[from] psn\n|upkeep\n|\n|t:|1698573327\n|switch|p1b: Drifblim|Drifblim, M|100\/100\n|turn|4\n|\n|t:|1698573345\n|move|p2a: Glimmora|Power Gem|p1b: Drifblim\n|-supereffective|p1b: Drifblim\n|-damage|p1b: Drifblim|28\/100\n|-enditem|p1b: Drifblim|Sitrus Berry|[eat]\n|-heal|p1b: Drifblim|53\/100|[from] item: Sitrus Berry\n|move|p1b: Drifblim|Calm Mind|p1b: Drifblim\n|-boost|p1b: Drifblim|spa|1\n|-boost|p1b: Drifblim|spd|1\n|move|p1a: Drowzee|Night Shade|p2b: Wooper\n|-damage|p2b: Wooper|37\/100\n|move|p2b: Wooper|Yawn|p1b: Drifblim\n|-start|p1b: Drifblim|move: Yawn|[of] p2b: Wooper\n|\n|-damage|p1a: Drowzee|35\/100 psn|[from] psn\n|upkeep\n|turn|5\n|l| Natdexuugrr\n|\n|t:|1698573363\n|move|p1b: Drifblim|Stored Power|p2a: Glimmora\n|-supereffective|p2a: Glimmora\n|-damage|p2a: Glimmora|0 fnt\n|faint|p2a: Glimmora\n|move|p1a: Drowzee|Thunder Wave|p1b: Drifblim|[miss]\n|-miss|p1a: Drowzee|p1b: Drifblim\n|move|p2b: Wooper|Poison Jab|p1b: Drifblim\n|-resisted|p1b: Drifblim\n|-damage|p1b: Drifblim|43\/100\n|\n|-damage|p1a: Drowzee|23\/100 psn|[from] psn\n|-end|p1b: Drifblim|move: Yawn|[silent]\n|-status|p1b: Drifblim|slp\n|upkeep\n|\n|t:|1698573367\n|switch|p2a: Polteageist|Polteageist|100\/100\n|turn|6\n|\n|t:|1698573381\n|cant|p1b: Drifblim|slp\n|move|p2a: Polteageist|Shadow Ball|p1b: Drifblim\n|-supereffective|p1b: Drifblim\n|-damage|p1b: Drifblim|0 fnt\n|faint|p1b: Drifblim\n|move|p1a: Drowzee|Thunder Wave|p2a: Polteageist|[miss]\n|-miss|p1a: Drowzee|p2a: Polteageist\n|move|p2b: Wooper|Poison Jab|p1a: Drowzee\n|-damage|p1a: Drowzee|9\/100 psn\n|\n|-damage|p1a: Drowzee|0 fnt|[from] psn\n|faint|p1a: Drowzee\n|\n|win|Use Guard Specs\n|upkeep\n|n|\u2606FormationX|formationx\n|n|\u2606Use Guard Specs|useguardspecs\n|n|*Lady Monita \u263d|ladymonita\n|n| Fiddlw|fiddlw\n","uploadtime":1698573382,"views":30,"p1id":"formationx","p2id":"useguardspecs","formatid":"gen9doublesou","rating":0,"private":0,"password":""}