{"id":"gen9doublesou-1975444486","p1":"incibroar","p2":"Devrick Mundle","format":"[Gen 9] Doubles OU","log":"|j|\u2606incibroar\n|j|\u2606Devrick Mundle\n|t:|1698192012\n|gametype|doubles\n|player|p1|incibroar|steven|1305\n|player|p2|Devrick Mundle|169|1244\n|teamsize|p1|6\n|teamsize|p2|6\n|gen|9\n|tier|[Gen 9] Doubles OU\n|rated|\n|rule|Species Clause: Limit one of each Pok\u00e9mon\n|rule|OHKO Clause: OHKO moves are banned\n|rule|Evasion Moves Clause: Evasion moves are banned\n|rule|Gravity Sleep Clause: The combination of sleep-inducing moves with imperfect accuracy and Gravity or Gigantamax Orbeetle are banned\n|rule|Endless Battle Clause: Forcing endless battles is banned\n|rule|HP Percentage Mod: HP is shown in percentages\n|clearpoke\n|poke|p1|Meowscarada, M|\n|poke|p1|Weezing-Galar, M|\n|poke|p1|Slaking, F|\n|poke|p1|Coalossal, M|\n|poke|p1|Marill, M|\n|poke|p1|Gholdengo|\n|poke|p2|Heatran, M|\n|poke|p2|Flutter Mane|\n|poke|p2|Lilligant, F|\n|poke|p2|Torkoal, M|\n|poke|p2|Ninetales, F|\n|poke|p2|Walking Wake|\n|teampreview\n|inactive|Battle timer is ON: inactive players will automatically lose when time's up. (requested by incibroar)\n|\n|t:|1698192022\n|start\n|switch|p1a: Gholdengo|Gholdengo|100\/100\n|switch|p1b: Meowscarada|Meowscarada, M|100\/100\n|switch|p2a: Ninetales|Ninetales, F|100\/100\n|switch|p2b: Lilligant|Lilligant, F|100\/100\n|-weather|SunnyDay|[from] ability: Drought|[of] p2a: Ninetales\n|turn|1\n|\n|t:|1698192032\n|move|p2b: Lilligant|Growth|p2b: Lilligant\n|-boost|p2b: Lilligant|atk|2\n|-boost|p2b: Lilligant|spa|2\n|move|p1b: Meowscarada|Knock Off|p2a: Ninetales\n|-start|p1b: Meowscarada|typechange|Dark|[from] ability: Protean\n|-damage|p2a: Ninetales|35\/100\n|-enditem|p2a: Ninetales|Heat Rock|[from] move: Knock Off|[of] p1b: Meowscarada\n|move|p2a: Ninetales|Heat Wave|p1a: Gholdengo|[spread] p1a\n|-miss|p2a: Ninetales|p1b: Meowscarada\n|-supereffective|p1a: Gholdengo\n|-damage|p1a: Gholdengo|21\/100\n|move|p1a: Gholdengo|Light Screen|p1a: Gholdengo\n|-sidestart|p1: incibroar|move: Light Screen\n|\n|-weather|SunnyDay|[upkeep]\n|upkeep\n|turn|2\n|\n|t:|1698192051\n|move|p2b: Lilligant|Solar Beam||[still]\n|-prepare|p2b: Lilligant|Solar Beam\n|-anim|p2b: Lilligant|Solar Beam|p1b: Meowscarada\n|-damage|p1b: Meowscarada|0 fnt\n|faint|p1b: Meowscarada\n|-damage|p2b: Lilligant|91\/100|[from] item: Life Orb\n|move|p2a: Ninetales|Heat Wave|p1a: Gholdengo\n|-supereffective|p1a: Gholdengo\n|-damage|p1a: Gholdengo|0 fnt\n|faint|p1a: Gholdengo\n|\n|-weather|SunnyDay|[upkeep]\n|upkeep\n|\n|t:|1698192065\n|switch|p1b: Coalossal|Coalossal, M|100\/100\n|switch|p1a: Marill|Marill, M|100\/100\n|turn|3\n|\n|t:|1698192078\n|-terastallize|p2b: Lilligant|Water\n|move|p1a: Marill|Aqua Jet|p1b: Coalossal\n|-supereffective|p1b: Coalossal\n|-damage|p1b: Coalossal|94\/100\n|-ability|p1b: Coalossal|Steam Engine|boost\n|-boost|p1b: Coalossal|spe|6\n|-enditem|p1b: Coalossal|Weakness Policy\n|-boost|p1b: Coalossal|atk|2|[from] item: Weakness Policy\n|-boost|p1b: Coalossal|spa|2|[from] item: Weakness Policy\n|move|p2b: Lilligant|Sleep Powder|p1b: Coalossal\n|-status|p1b: Coalossal|slp|[from] move: Sleep Powder\n|cant|p1b: Coalossal|slp\n|move|p2a: Ninetales|Psyshock|p1b: Coalossal\n|-damage|p1b: Coalossal|83\/100 slp\n|\n|-weather|SunnyDay|[upkeep]\n|upkeep\n|turn|4\n|\n|t:|1698192097\n|move|p2b: Lilligant|Solar Beam||[still]\n|-prepare|p2b: Lilligant|Solar Beam\n|-anim|p2b: Lilligant|Solar Beam|p1b: Coalossal\n|-damage|p1b: Coalossal|0 fnt\n|faint|p1b: Coalossal\n|-damage|p2b: Lilligant|81\/100|[from] item: Life Orb\n|move|p2a: Ninetales|Psyshock|p1a: Marill\n|-damage|p1a: Marill|75\/100\n|move|p1a: Marill|Icy Wind|p2b: Lilligant|[spread] p2a,p2b\n|-resisted|p2a: Ninetales\n|-resisted|p2b: Lilligant\n|-damage|p2a: Ninetales|33\/100\n|-damage|p2b: Lilligant|78\/100\n|-unboost|p2a: Ninetales|spe|1\n|-unboost|p2b: Lilligant|spe|1\n|\n|-weather|SunnyDay|[upkeep]\n|upkeep\n|\n|t:|1698192115\n|switch|p1b: Weezing|Weezing-Galar, M|100\/100\n|-ability|p1b: Weezing|Neutralizing Gas\n|turn|5\n|\n|t:|1698192126\n|move|p2a: Ninetales|Heat Wave|p1a: Marill|[spread] p1a,p1b\n|-resisted|p1a: Marill\n|-damage|p1a: Marill|59\/100\n|-damage|p1b: Weezing|64\/100\n|move|p2b: Lilligant|Weather Ball|p1b: Weezing\n|-damage|p1b: Weezing|0 fnt\n|faint|p1b: Weezing\n|-end|p1b: Weezing|ability: Neutralizing Gas\n|-damage|p2b: Lilligant|68\/100|[from] item: Life Orb\n|move|p1a: Marill|Icy Wind|p2b: Lilligant|[spread] p2a,p2b\n|-resisted|p2a: Ninetales\n|-resisted|p2b: Lilligant\n|-crit|p2b: Lilligant\n|-damage|p2a: Ninetales|31\/100\n|-damage|p2b: Lilligant|65\/100\n|-unboost|p2a: Ninetales|spe|1\n|-unboost|p2b: Lilligant|spe|1\n|\n|-weather|SunnyDay|[upkeep]\n|upkeep\n|\n|t:|1698192134\n|switch|p1b: Slaking|Slaking, F|100\/100\n|turn|6\n|-message|incibroar forfeited.\n|\n|win|Devrick Mundle\n|raw|incibroar's rating: 1305 &rarr; <strong>1282<\/strong><br \/>(-23 for losing)\n|raw|Devrick Mundle's rating: 1244 &rarr; <strong>1273<\/strong><br \/>(+29 for winning)\n|l|\u2606incibroar\n","uploadtime":1698192139,"views":15,"p1id":"incibroar","p2id":"devrickmundle","formatid":"gen9doublesou","rating":1273,"private":0,"password":""}