{"id":"gen9doublesou-1988500139","p1":"gataen42","p2":"Lemurro","format":"[Gen 9] Doubles OU","log":"|j|\u2606gataen42\n|j|\u2606Lemurro\n|t:|1699729578\n|gametype|doubles\n|player|p1|gataen42|lass-gen4|\n|player|p2|Lemurro|#dwcopiii|\n|teamsize|p1|6\n|teamsize|p2|6\n|gen|9\n|tier|[Gen 9] Doubles OU\n|rule|Species Clause: Limit one of each Pok\u00e9mon\n|rule|OHKO Clause: OHKO moves are banned\n|rule|Evasion Moves Clause: Evasion moves are banned\n|rule|Gravity Sleep Clause: The combination of sleep-inducing moves with imperfect accuracy and Gravity or Gigantamax Orbeetle are banned\n|rule|Endless Battle Clause: Forcing endless battles is banned\n|rule|HP Percentage Mod: HP is shown in percentages\n|clearpoke\n|poke|p1|Ninetales-Alola, F|\n|poke|p1|Kommo-o, M|\n|poke|p1|Heatran, F|\n|poke|p1|Rillaboom, F|\n|poke|p1|Ogerpon-Wellspring, F|\n|poke|p1|Spectrier|\n|poke|p2|Roaring Moon|\n|poke|p2|Iron Hands|\n|poke|p2|Flutter Mane|\n|poke|p2|Arcanine-Hisui, M|\n|poke|p2|Ogerpon-Wellspring, F|\n|poke|p2|Landorus-Therian, M|\n|teampreview\n|c|\u2606gataen42|hf\n|c|\u2606Lemurro|glhf\n|j| Givrix\n|j| Acura RL\n|j| AIRedzone\n|\n|t:|1699729639\n|start\n|switch|p1a: Il|Ninetales-Alola, F|100\/100\n|switch|p1b: le|Rillaboom, F|100\/100\n|switch|p2a: Phantasms|Flutter Mane|100\/100\n|switch|p2b: Patterns of Force|Iron Hands|100\/100\n|-weather|Snow|[from] ability: Snow Warning|[of] p1a: Il\n|-fieldstart|move: Grassy Terrain|[from] ability: Grassy Surge|[of] p1b: le\n|turn|1\n|j| FrostPixel@!\n|j| theyummybagel\n|j| eragon11145\n|\n|t:|1699729653\n|-terastallize|p2a: Phantasms|Fairy\n|move|p1b: le|Fake Out|p2b: Patterns of Force\n|-damage|p2b: Patterns of Force|92\/100\n|cant|p2b: Patterns of Force|flinch\n|move|p2a: Phantasms|Moonblast|p1a: Il\n|-damage|p1a: Il|0 fnt\n|faint|p1a: Il\n|\n|-weather|Snow|[upkeep]\n|-heal|p2b: Patterns of Force|99\/100|[from] Grassy Terrain\n|upkeep\n|\n|t:|1699729668\n|switch|p1a: faut|Kommo-o, M|100\/100\n|turn|2\n|j| ratpacker\n|j| KeanuVGC\n|\n|t:|1699729701\n|-end|p2b: Patterns of Force|Quark Drive|[silent]\n|switch|p2b: High Ground|Landorus-Therian, M|100\/100\n|-ability|p2b: High Ground|Intimidate|boost\n|-fail|p1a: faut|unboost|[from] item: Clear Amulet|[of] p1a: faut\n|-unboost|p1b: le|atk|1\n|-terastallize|p1a: faut|Fire\n|move|p2a: Phantasms|Moonblast|p1a: faut\n|-resisted|p1a: faut\n|-damage|p1a: faut|48\/100\n|move|p1a: faut|Clangorous Soul|p1a: faut\n|-boost|p1a: faut|atk|1\n|-boost|p1a: faut|def|1\n|-boost|p1a: faut|spa|1\n|-boost|p1a: faut|spd|1\n|-boost|p1a: faut|spe|1\n|-damage|p1a: faut|15\/100\n|move|p1b: le|Wood Hammer|p2a: Phantasms\n|-crit|p2a: Phantasms\n|-damage|p2a: Phantasms|0 fnt\n|faint|p2a: Phantasms\n|-end|p2a: Phantasms|Protosynthesis|[silent]\n|-damage|p1b: le|79\/100|[from] Recoil\n|\n|-weather|Snow|[upkeep]\n|-heal|p1a: faut|21\/100|[from] Grassy Terrain\n|-heal|p1b: le|85\/100|[from] Grassy Terrain\n|upkeep\n|l| KeanuVGC\n|j| jomatoes\n|j| SEROO\n|\n|t:|1699729729\n|switch|p2a: Savage Curtain|Roaring Moon|100\/100\n|-enditem|p2a: Savage Curtain|Booster Energy\n|-activate|p2a: Savage Curtain|ability: Protosynthesis|[fromitem]\n|-start|p2a: Savage Curtain|protosynthesisspe\n|turn|3\n|\n|t:|1699729749\n|switch|p1b: soldat|Ogerpon-Wellspring, F|100\/100\n|move|p1a: faut|Protect|p1a: faut\n|-singleturn|p1a: faut|Protect\n|move|p2a: Savage Curtain|Tailwind|p2a: Savage Curtain\n|-sidestart|p2: Lemurro|move: Tailwind\n|move|p2b: High Ground|Stomping Tantrum|p1a: faut\n|-activate|p1a: faut|move: Protect\n|\n|-weather|Snow|[upkeep]\n|-heal|p1a: faut|28\/100|[from] Grassy Terrain\n|upkeep\n|turn|4\n|j| CaoJie\n|\n|t:|1699729764\n|-end|p2a: Savage Curtain|Protosynthesis|[silent]\n|switch|p2a: Patterns of Force|Iron Hands|99\/100\n|move|p1b: soldat|Follow Me|p1b: soldat\n|-singleturn|p1b: soldat|move: Follow Me\n|move|p2b: High Ground|U-turn|p1b: soldat\n|-supereffective|p1b: soldat\n|-damage|p1b: soldat|40\/100\n|\n|t:|1699729767\n|switch|p2b: Savage Curtain|Roaring Moon|100\/100|[from] U-turn\n|move|p1a: faut|Drain Punch|p2a: Patterns of Force\n|-crit|p2a: Patterns of Force\n|-damage|p2a: Patterns of Force|47\/100\n|-heal|p1a: faut|61\/100|[from] drain|[of] p2a: Patterns of Force\n|\n|-weather|Snow|[upkeep]\n|-heal|p1a: faut|67\/100|[from] Grassy Terrain\n|-heal|p2a: Patterns of Force|54\/100|[from] Grassy Terrain\n|-heal|p1b: soldat|46\/100|[from] Grassy Terrain\n|upkeep\n|turn|5\n|\n|t:|1699729785\n|move|p1a: faut|Protect|p1a: faut\n|-singleturn|p1a: faut|Protect\n|move|p1b: soldat|Spiky Shield|p1b: soldat\n|-singleturn|p1b: soldat|move: Protect\n|move|p2a: Patterns of Force|Fake Out|p1a: faut\n|-activate|p1a: faut|move: Protect\n|move|p2b: Savage Curtain|Acrobatics|p1b: soldat\n|-activate|p1b: soldat|move: Protect\n|-damage|p2b: Savage Curtain|88\/100|[from] Spiky Shield|[of] p1b: soldat\n|\n|-weather|none\n|-heal|p2b: Savage Curtain|94\/100|[from] Grassy Terrain\n|-heal|p1a: faut|74\/100|[from] Grassy Terrain\n|-heal|p2a: Patterns of Force|60\/100|[from] Grassy Terrain\n|-heal|p1b: soldat|52\/100|[from] Grassy Terrain\n|-fieldend|move: Grassy Terrain\n|upkeep\n|turn|6\n|\n|t:|1699729857\n|-end|p2b: Savage Curtain|Protosynthesis|[silent]\n|switch|p2b: High Ground|Landorus-Therian, M|100\/100\n|-ability|p2b: High Ground|Intimidate|boost\n|-fail|p1a: faut|unboost|[from] item: Clear Amulet|[of] p1a: faut\n|-unboost|p1b: soldat|atk|1\n|move|p1a: faut|Drain Punch|p2a: Patterns of Force\n|-damage|p2a: Patterns of Force|27\/100\n|-heal|p1a: faut|95\/100|[from] drain|[of] p2a: Patterns of Force\n|move|p2a: Patterns of Force|Drain Punch|p1b: soldat\n|-damage|p1b: soldat|9\/100\n|-heal|p2a: Patterns of Force|44\/100|[from] drain|[of] p1b: soldat\n|move|p1b: soldat|Ivy Cudgel|p2a: Patterns of Force\n|-damage|p2a: Patterns of Force|16\/100\n|\n|-sideend|p2: Lemurro|move: Tailwind\n|upkeep\n|turn|7\n|\n|t:|1699729879\n|switch|p2b: Well of Ascension|Ogerpon-Wellspring, F|100\/100\n|move|p1b: soldat|Follow Me|p1b: soldat\n|-singleturn|p1b: soldat|move: Follow Me\n|move|p1a: faut|Drain Punch|p2a: Patterns of Force\n|-damage|p2a: Patterns of Force|0 fnt\n|-heal|p1a: faut|100\/100|[from] drain|[of] p2a: Patterns of Force\n|faint|p2a: Patterns of Force\n|-end|p2a: Patterns of Force|Quark Drive|[silent]\n|\n|upkeep\n|\n|t:|1699729884\n|switch|p2a: Savage Curtain|Roaring Moon|94\/100\n|turn|8\n|\n|t:|1699729905\n|switch|p1b: le|Rillaboom, F|85\/100\n|-fieldstart|move: Grassy Terrain|[from] ability: Grassy Surge|[of] p1b: le\n|move|p2a: Savage Curtain|Tailwind|p2a: Savage Curtain\n|-sidestart|p2: Lemurro|move: Tailwind\n|move|p2b: Well of Ascension|Swords Dance|p2b: Well of Ascension\n|-boost|p2b: Well of Ascension|atk|2\n|move|p1a: faut|Clangorous Soul|p1a: faut\n|-boost|p1a: faut|atk|1\n|-boost|p1a: faut|def|1\n|-boost|p1a: faut|spa|1\n|-boost|p1a: faut|spd|1\n|-boost|p1a: faut|spe|1\n|-damage|p1a: faut|68\/100\n|\n|-heal|p2a: Savage Curtain|99\/100|[from] Grassy Terrain\n|-heal|p1a: faut|74\/100|[from] Grassy Terrain\n|-heal|p1b: le|91\/100|[from] Grassy Terrain\n|upkeep\n|turn|9\n|j| KeanuVGC\n|l| SEROO\n|l| KeanuVGC\n|\n|t:|1699729943\n|move|p2b: Well of Ascension|Spiky Shield|p2b: Well of Ascension\n|-singleturn|p2b: Well of Ascension|move: Protect\n|move|p1b: le|Fake Out|p2b: Well of Ascension\n|-activate|p2b: Well of Ascension|move: Protect\n|-damage|p1b: le|79\/100|[from] Spiky Shield|[of] p2b: Well of Ascension\n|move|p2a: Savage Curtain|Knock Off|p1a: faut\n|-damage|p1a: faut|52\/100\n|-enditem|p1a: faut|Clear Amulet|[from] move: Knock Off|[of] p2a: Savage Curtain\n|move|p1a: faut|Clangorous Soul|p1a: faut\n|-boost|p1a: faut|atk|1\n|-boost|p1a: faut|def|1\n|-boost|p1a: faut|spa|1\n|-boost|p1a: faut|spd|1\n|-boost|p1a: faut|spe|1\n|-damage|p1a: faut|19\/100\n|\n|-heal|p2a: Savage Curtain|100\/100|[from] Grassy Terrain\n|-heal|p1a: faut|25\/100|[from] Grassy Terrain\n|-heal|p1b: le|85\/100|[from] Grassy Terrain\n|upkeep\n|turn|10\n|j| KeanuVGC\n|\n|t:|1699729959\n|-end|p2a: Savage Curtain|Protosynthesis|[silent]\n|switch|p2a: High Ground|Landorus-Therian, M|100\/100\n|-ability|p2a: High Ground|Intimidate|boost\n|-unboost|p1a: faut|atk|1\n|-unboost|p1b: le|atk|1\n|move|p1a: faut|Protect|p1a: faut\n|-singleturn|p1a: faut|Protect\n|move|p2b: Well of Ascension|Ivy Cudgel|p1a: faut\n|-activate|p1a: faut|move: Protect\n|move|p1b: le|U-turn|p2a: High Ground\n|-resisted|p2a: High Ground\n|-damage|p2a: High Ground|93\/100\n|\n|t:|1699729974\n|switch|p1b: soldat|Ogerpon-Wellspring, F|9\/100|[from] U-turn\n|\n|-heal|p1a: faut|32\/100|[from] Grassy Terrain\n|-heal|p1b: soldat|15\/100|[from] Grassy Terrain\n|upkeep\n|turn|11\n|\n|t:|1699730011\n|move|p2b: Well of Ascension|Spiky Shield|p2b: Well of Ascension\n|-singleturn|p2b: Well of Ascension|move: Protect\n|move|p1b: soldat|Follow Me|p1b: soldat\n|-singleturn|p1b: soldat|move: Follow Me\n|move|p1a: faut|Drain Punch|p2b: Well of Ascension\n|-activate|p2b: Well of Ascension|move: Protect\n|-damage|p1a: faut|19\/100|[from] Spiky Shield|[of] p2b: Well of Ascension\n|move|p2a: High Ground|U-turn|p1b: soldat\n|-supereffective|p1b: soldat\n|-damage|p1b: soldat|0 fnt\n|faint|p1b: soldat\n|\n|t:|1699730021\n|switch|p2a: Windie|Arcanine-Hisui, M|100\/100|[from] U-turn\n|-ability|p2a: Windie|Intimidate|boost\n|-unboost|p1a: faut|atk|1\n|\n|-heal|p1a: faut|25\/100|[from] Grassy Terrain\n|-sideend|p2: Lemurro|move: Tailwind\n|upkeep\n|j| EGAWalreins\n|\n|t:|1699730091\n|switch|p1b: le|Rillaboom, F|85\/100\n|turn|12\n|j|+Actuarily\n|\n|t:|1699730131\n|move|p1b: le|Fake Out|p2a: Windie\n|-resisted|p2a: Windie\n|-damage|p2a: Windie|94\/100\n|move|p1a: faut|Fire Punch|p2b: Well of Ascension\n|-damage|p2b: Well of Ascension|36\/100\n|move|p2b: Well of Ascension|Ivy Cudgel|p1a: faut\n|-supereffective|p1a: faut\n|-damage|p1a: faut|0 fnt\n|faint|p1a: faut\n|cant|p2a: Windie|flinch\n|\n|-heal|p2b: Well of Ascension|42\/100|[from] Grassy Terrain\n|-heal|p2a: Windie|99\/100|[from] Grassy Terrain\n|-heal|p1b: le|91\/100|[from] Grassy Terrain\n|-fieldend|move: Grassy Terrain\n|upkeep\n|j| BurntSkywalker\n|\n|t:|1699730181\n|switch|p1a: L\u00e9andre.|Spectrier|100\/100\n|turn|13\n|j| Feyette\n|\n|t:|1699730212\n|move|p2b: Well of Ascension|Spiky Shield|p2b: Well of Ascension\n|-singleturn|p2b: Well of Ascension|move: Protect\n|move|p1a: L\u00e9andre.|Shadow Ball|p2a: Windie\n|-damage|p2a: Windie|59\/100\n|move|p2a: Windie|Howl|p2a: Windie|[spread] p2a,p2b\n|-boost|p2a: Windie|atk|1\n|-boost|p2b: Well of Ascension|atk|1\n|move|p1b: le|U-turn|p2a: Windie\n|-resisted|p2a: Windie\n|-damage|p2a: Windie|48\/100\n|-enditem|p2a: Windie|Sitrus Berry|[eat]\n|-heal|p2a: Windie|73\/100|[from] item: Sitrus Berry\n|\n|t:|1699730224\n|switch|p1b: sauver|Heatran, F|100\/100|[from] U-turn\n|\n|upkeep\n|turn|14\n|j| MADARAAAA\n|\n|t:|1699730243\n|move|p1a: L\u00e9andre.|Protect|p1a: L\u00e9andre.\n|-singleturn|p1a: L\u00e9andre.|Protect\n|move|p2b: Well of Ascension|Ivy Cudgel|p1b: sauver\n|-supereffective|p1b: sauver\n|-damage|p1b: sauver|0 fnt\n|faint|p1b: sauver\n|move|p2a: Windie|Flare Blitz|p1a: L\u00e9andre.\n|-activate|p1a: L\u00e9andre.|move: Protect\n|\n|upkeep\n|\n|t:|1699730249\n|switch|p1b: le|Rillaboom, F|91\/100\n|-fieldstart|move: Grassy Terrain|[from] ability: Grassy Surge|[of] p1b: le\n|-enditem|p1a: L\u00e9andre.|Grassy Seed\n|-boost|p1a: L\u00e9andre.|def|1|[from] item: Grassy Seed\n|turn|15\n|\n|t:|1699730270\n|move|p2b: Well of Ascension|Spiky Shield|p2b: Well of Ascension\n|-singleturn|p2b: Well of Ascension|move: Protect\n|move|p1b: le|Fake Out|p2b: Well of Ascension\n|-activate|p2b: Well of Ascension|move: Protect\n|-damage|p1b: le|79\/100|[from] Spiky Shield|[of] p2b: Well of Ascension\n|move|p1a: L\u00e9andre.|Nasty Plot|p1a: L\u00e9andre.\n|-boost|p1a: L\u00e9andre.|spa|2\n|move|p2a: Windie|Flare Blitz|p1a: L\u00e9andre.\n|-damage|p1a: L\u00e9andre.|42\/100\n|-damage|p2a: Windie|54\/100|[from] Recoil\n|\n|-heal|p1a: L\u00e9andre.|48\/100|[from] Grassy Terrain\n|-heal|p2b: Well of Ascension|48\/100|[from] Grassy Terrain\n|-heal|p2a: Windie|60\/100|[from] Grassy Terrain\n|-heal|p1b: le|85\/100|[from] Grassy Terrain\n|upkeep\n|turn|16\n|\n|t:|1699730292\n|move|p1a: L\u00e9andre.|Shadow Ball|p2b: Well of Ascension\n|-damage|p2b: Well of Ascension|0 fnt\n|faint|p2b: Well of Ascension\n|-ability|p1a: L\u00e9andre.|Grim Neigh|boost\n|-boost|p1a: L\u00e9andre.|spa|1\n|move|p2a: Windie|Flare Blitz|p1b: le\n|-supereffective|p1b: le\n|-damage|p1b: le|0 fnt\n|faint|p1b: le\n|-damage|p2a: Windie|32\/100|[from] Recoil\n|\n|-heal|p1a: L\u00e9andre.|55\/100|[from] Grassy Terrain\n|-heal|p2a: Windie|38\/100|[from] Grassy Terrain\n|upkeep\n|\n|t:|1699730305\n|switch|p2b: Savage Curtain|Roaring Moon|100\/100\n|turn|17\n|j| Ally Switch Andy\n|l|+Actuarily\n|\n|t:|1699730319\n|move|p2b: Savage Curtain|Tailwind|p2b: Savage Curtain\n|-sidestart|p2: Lemurro|move: Tailwind\n|move|p2a: Windie|Flare Blitz|p1a: L\u00e9andre.\n|-damage|p1a: L\u00e9andre.|0 fnt\n|faint|p1a: L\u00e9andre.\n|-damage|p2a: Windie|21\/100|[from] Recoil\n|\n|win|Lemurro\n|c|\u2606Lemurro|gg\n|c|\u2606gataen42|gg\n|l| Ally Switch Andy\n|l| ratpacker\n|l| MADARAAAA\n|l| KeanuVGC\n|l| AIRedzone\n|l| BurntSkywalker\n","uploadtime":1699730447,"views":78,"p1id":"gataen42","p2id":"lemurro","formatid":"gen9doublesou","rating":0,"private":0,"password":""}