{"id":"gen9doublesou-1997578050","p1":"OPieceOfHeroGhost","p2":"AlexisDec","format":"[Gen 9] Doubles OU","log":"|j|\u2606OPieceOfHeroGhost\n|j|\u2606AlexisDec\n|t:|1700828229\n|gametype|doubles\n|player|p1|OPieceOfHeroGhost|morty|1477\n|player|p2|AlexisDec|boarder|1511\n|teamsize|p1|6\n|teamsize|p2|6\n|gen|9\n|tier|[Gen 9] Doubles OU\n|rated|\n|rule|Species Clause: Limit one of each Pok\u00e9mon\n|rule|OHKO Clause: OHKO moves are banned\n|rule|Evasion Moves Clause: Evasion moves are banned\n|rule|Gravity Sleep Clause: The combination of sleep-inducing moves with imperfect accuracy and Gravity or Gigantamax Orbeetle are banned\n|rule|Endless Battle Clause: Forcing endless battles is banned\n|rule|HP Percentage Mod: HP is shown in percentages\n|clearpoke\n|poke|p1|Heatran, M|\n|poke|p1|Rillaboom, M|\n|poke|p1|Flutter Mane|\n|poke|p1|Chien-Pao|\n|poke|p1|Iron Hands|\n|poke|p1|Landorus-Therian, M|\n|poke|p2|Dachsbun, M|\n|poke|p2|Chi-Yu|\n|poke|p2|Ogerpon-Wellspring, F|\n|poke|p2|Rillaboom, F|\n|poke|p2|Hawlucha, F|\n|poke|p2|Roaring Moon|\n|teampreview\n|\n|t:|1700828247\n|start\n|switch|p1a: \u989d\u554a\uff01\u8150\u8680\u80c6\u6c41\uff01|Heatran, M|100\/100\n|switch|p1b: \u62cd\u6253\u7329|Rillaboom, M|100\/100\n|switch|p2a: Chi-Yu|Chi-Yu|100\/100\n|switch|p2b: OT|Dachsbun, M, shiny|100\/100\n|-ability|p2a: Chi-Yu|Beads of Ruin\n|-fieldstart|move: Grassy Terrain|[from] ability: Grassy Surge|[of] p1b: \u62cd\u6253\u7329\n|turn|1\n|\n|t:|1700828262\n|-terastallize|p2a: Chi-Yu|Ghost\n|move|p1b: \u62cd\u6253\u7329|Fake Out|p2a: Chi-Yu\n|-immune|p2a: Chi-Yu\n|move|p2a: Chi-Yu|Lava Plume|p1a: \u989d\u554a\uff01\u8150\u8680\u80c6\u6c41\uff01|[spread] p1b\n|-ability|p2b: OT|Well-Baked Body|boost\n|-boost|p2b: OT|def|2\n|-start|p1a: \u989d\u554a\uff01\u8150\u8680\u80c6\u6c41\uff01|ability: Flash Fire\n|-supereffective|p1b: \u62cd\u6253\u7329\n|-damage|p1b: \u62cd\u6253\u7329|17\/100\n|move|p2b: OT|Body Press|p1a: \u989d\u554a\uff01\u8150\u8680\u80c6\u6c41\uff01\n|-supereffective|p1a: \u989d\u554a\uff01\u8150\u8680\u80c6\u6c41\uff01\n|-crit|p1a: \u989d\u554a\uff01\u8150\u8680\u80c6\u6c41\uff01\n|-damage|p1a: \u989d\u554a\uff01\u8150\u8680\u80c6\u6c41\uff01|0 fnt\n|faint|p1a: \u989d\u554a\uff01\u8150\u8680\u80c6\u6c41\uff01\n|\n|-heal|p1b: \u62cd\u6253\u7329|24\/100|[from] Grassy Terrain\n|upkeep\n|\n|t:|1700828277\n|switch|p1a: \u4f60\u62cd\u4e94\uff0c\u6211\u62cd\u516d\uff0c\u51fb\u638c\u5947\u88ad\u754f\u4e2a\u7f29|Iron Hands|100\/100\n|turn|2\n|\n|t:|1700828297\n|move|p1b: \u62cd\u6253\u7329|Grassy Glide|p2a: Chi-Yu\n|-damage|p2a: Chi-Yu|24\/100\n|move|p2a: Chi-Yu|Lava Plume|p1a: \u4f60\u62cd\u4e94\uff0c\u6211\u62cd\u516d\uff0c\u51fb\u638c\u5947\u88ad\u754f\u4e2a\u7f29|[spread] p1a,p1b\n|-ability|p2b: OT|Well-Baked Body|boost\n|-boost|p2b: OT|def|2\n|-supereffective|p1b: \u62cd\u6253\u7329\n|-damage|p1a: \u4f60\u62cd\u4e94\uff0c\u6211\u62cd\u516d\uff0c\u51fb\u638c\u5947\u88ad\u754f\u4e2a\u7f29|80\/100\n|-damage|p1b: \u62cd\u6253\u7329|0 fnt\n|-status|p1a: \u4f60\u62cd\u4e94\uff0c\u6211\u62cd\u516d\uff0c\u51fb\u638c\u5947\u88ad\u754f\u4e2a\u7f29|brn\n|faint|p1b: \u62cd\u6253\u7329\n|move|p2b: OT|Body Press|p1a: \u4f60\u62cd\u4e94\uff0c\u6211\u62cd\u516d\uff0c\u51fb\u638c\u5947\u88ad\u754f\u4e2a\u7f29\n|-damage|p1a: \u4f60\u62cd\u4e94\uff0c\u6211\u62cd\u516d\uff0c\u51fb\u638c\u5947\u88ad\u754f\u4e2a\u7f29|22\/100 brn\n|move|p1a: \u4f60\u62cd\u4e94\uff0c\u6211\u62cd\u516d\uff0c\u51fb\u638c\u5947\u88ad\u754f\u4e2a\u7f29|Heavy Slam|p2a: Chi-Yu\n|-damage|p2a: Chi-Yu|0 fnt\n|faint|p2a: Chi-Yu\n|\n|-heal|p1a: \u4f60\u62cd\u4e94\uff0c\u6211\u62cd\u516d\uff0c\u51fb\u638c\u5947\u88ad\u754f\u4e2a\u7f29|28\/100 brn|[from] Grassy Terrain\n|-damage|p1a: \u4f60\u62cd\u4e94\uff0c\u6211\u62cd\u516d\uff0c\u51fb\u638c\u5947\u88ad\u754f\u4e2a\u7f29|22\/100 brn|[from] brn\n|upkeep\n|\n|t:|1700828320\n|switch|p2a: Rillaboom|Rillaboom, F|100\/100\n|switch|p1b: \u4f60\u53d1\u59d0\u6c38\u8fdc\u662f\u4f60\u53d1\u59d0|Flutter Mane|100\/100\n|turn|3\n|inactive|Battle timer is ON: inactive players will automatically lose when time's up. (requested by AlexisDec)\n|\n|t:|1700828347\n|-end|p1a: \u4f60\u62cd\u4e94\uff0c\u6211\u62cd\u516d\uff0c\u51fb\u638c\u5947\u88ad\u754f\u4e2a\u7f29|Quark Drive|[silent]\n|switch|p1a: \u571f\u732b\u8e29\u6211|Landorus-Therian, M|100\/100\n|-ability|p1a: \u571f\u732b\u8e29\u6211|Intimidate|boost\n|-unboost|p2a: Rillaboom|atk|1\n|-unboost|p2b: OT|atk|1\n|move|p1b: \u4f60\u53d1\u59d0\u6c38\u8fdc\u662f\u4f60\u53d1\u59d0|Moonblast|p2b: OT\n|-damage|p2b: OT|0 fnt\n|faint|p2b: OT\n|move|p2a: Rillaboom|Knock Off|p1b: \u4f60\u53d1\u59d0\u6c38\u8fdc\u662f\u4f60\u53d1\u59d0\n|-damage|p1b: \u4f60\u53d1\u59d0\u6c38\u8fdc\u662f\u4f60\u53d1\u59d0|60\/100\n|-enditem|p1b: \u4f60\u53d1\u59d0\u6c38\u8fdc\u662f\u4f60\u53d1\u59d0|Choice Specs|[from] move: Knock Off|[of] p2a: Rillaboom\n|\n|-heal|p1b: \u4f60\u53d1\u59d0\u6c38\u8fdc\u662f\u4f60\u53d1\u59d0|66\/100|[from] Grassy Terrain\n|upkeep\n|\n|t:|1700828376\n|switch|p2b: Ogerpon|Ogerpon-Wellspring, F|100\/100\n|turn|4\n|\n|t:|1700828388\n|move|p2b: Ogerpon|Helping Hand|p2a: Rillaboom\n|-singleturn|p2a: Rillaboom|Helping Hand|[of] p2b: Ogerpon\n|move|p1a: \u571f\u732b\u8e29\u6211|U-turn|p2a: Rillaboom\n|-supereffective|p2a: Rillaboom\n|-damage|p2a: Rillaboom|52\/100\n|\n|t:|1700828397\n|switch|p1a: ku\ud83d\udcb0\u70ae|Chien-Pao|100\/100|[from] U-turn\n|-ability|p1a: ku\ud83d\udcb0\u70ae|Sword of Ruin\n|move|p1b: \u4f60\u53d1\u59d0\u6c38\u8fdc\u662f\u4f60\u53d1\u59d0|Moonblast|p2b: Ogerpon\n|-damage|p2b: Ogerpon|57\/100\n|-unboost|p2b: Ogerpon|spa|1\n|move|p2a: Rillaboom|Wood Hammer|p1b: \u4f60\u53d1\u59d0\u6c38\u8fdc\u662f\u4f60\u53d1\u59d0\n|-damage|p1b: \u4f60\u53d1\u59d0\u6c38\u8fdc\u662f\u4f60\u53d1\u59d0|0 fnt\n|faint|p1b: \u4f60\u53d1\u59d0\u6c38\u8fdc\u662f\u4f60\u53d1\u59d0\n|-end|p1b: \u4f60\u53d1\u59d0\u6c38\u8fdc\u662f\u4f60\u53d1\u59d0|Protosynthesis|[silent]\n|-damage|p2a: Rillaboom|36\/100|[from] Recoil\n|\n|-heal|p2b: Ogerpon|63\/100|[from] Grassy Terrain\n|-heal|p2a: Rillaboom|42\/100|[from] Grassy Terrain\n|upkeep\n|\n|t:|1700828409\n|switch|p1b: \u4f60\u62cd\u4e94\uff0c\u6211\u62cd\u516d\uff0c\u51fb\u638c\u5947\u88ad\u754f\u4e2a\u7f29|Iron Hands|22\/100 brn\n|turn|5\n|\n|t:|1700828433\n|move|p1b: \u4f60\u62cd\u4e94\uff0c\u6211\u62cd\u516d\uff0c\u51fb\u638c\u5947\u88ad\u754f\u4e2a\u7f29|Fake Out|p2b: Ogerpon\n|-damage|p2b: Ogerpon|49\/100\n|cant|p2b: Ogerpon|flinch\n|move|p1a: ku\ud83d\udcb0\u70ae|Icicle Crash|p2a: Rillaboom\n|-supereffective|p2a: Rillaboom\n|-damage|p2a: Rillaboom|0 fnt\n|faint|p2a: Rillaboom\n|\n|-heal|p2b: Ogerpon|55\/100|[from] Grassy Terrain\n|-heal|p1b: \u4f60\u62cd\u4e94\uff0c\u6211\u62cd\u516d\uff0c\u51fb\u638c\u5947\u88ad\u754f\u4e2a\u7f29|28\/100 brn|[from] Grassy Terrain\n|-damage|p1b: \u4f60\u62cd\u4e94\uff0c\u6211\u62cd\u516d\uff0c\u51fb\u638c\u5947\u88ad\u754f\u4e2a\u7f29|22\/100 brn|[from] brn\n|-fieldend|move: Grassy Terrain\n|upkeep\n|\n|t:|1700828448\n|switch|p2a: Hawlucha|Hawlucha, F, shiny|100\/100\n|turn|6\n|\n|t:|1700828457\n|move|p2b: Ogerpon|Follow Me|p2b: Ogerpon\n|-singleturn|p2b: Ogerpon|move: Follow Me\n|move|p1a: ku\ud83d\udcb0\u70ae|Icicle Crash|p2b: Ogerpon\n|-damage|p2b: Ogerpon|0 fnt\n|faint|p2b: Ogerpon\n|move|p2a: Hawlucha|Close Combat|p1a: ku\ud83d\udcb0\u70ae\n|-supereffective|p1a: ku\ud83d\udcb0\u70ae\n|-enditem|p1a: ku\ud83d\udcb0\u70ae|Focus Sash\n|-damage|p1a: ku\ud83d\udcb0\u70ae|1\/100\n|-unboost|p2a: Hawlucha|def|1\n|-unboost|p2a: Hawlucha|spd|1\n|move|p1b: \u4f60\u62cd\u4e94\uff0c\u6211\u62cd\u516d\uff0c\u51fb\u638c\u5947\u88ad\u754f\u4e2a\u7f29|Drain Punch|p2a: Hawlucha\n|-resisted|p2a: Hawlucha\n|-crit|p2a: Hawlucha\n|-damage|p2a: Hawlucha|56\/100\n|-heal|p1b: \u4f60\u62cd\u4e94\uff0c\u6211\u62cd\u516d\uff0c\u51fb\u638c\u5947\u88ad\u754f\u4e2a\u7f29|36\/100 brn|[from] drain|[of] p2a: Hawlucha\n|\n|-damage|p1b: \u4f60\u62cd\u4e94\uff0c\u6211\u62cd\u516d\uff0c\u51fb\u638c\u5947\u88ad\u754f\u4e2a\u7f29|30\/100 brn|[from] brn\n|upkeep\n|\n|t:|1700828475\n|switch|p2b: Roaring Moon|Roaring Moon|100\/100\n|-enditem|p2b: Roaring Moon|Booster Energy\n|-activate|p2b: Roaring Moon|ability: Protosynthesis|[fromitem]\n|-start|p2b: Roaring Moon|protosynthesisatk\n|turn|7\n|\n|t:|1700828497\n|switch|p1a: \u571f\u732b\u8e29\u6211|Landorus-Therian, M|100\/100\n|-ability|p1a: \u571f\u732b\u8e29\u6211|Intimidate|boost\n|-unboost|p2a: Hawlucha|atk|1\n|-unboost|p2b: Roaring Moon|atk|1\n|move|p2b: Roaring Moon|Acrobatics|p1a: \u571f\u732b\u8e29\u6211\n|-damage|p1a: \u571f\u732b\u8e29\u6211|62\/100\n|move|p2a: Hawlucha|Acrobatics|p1a: \u571f\u732b\u8e29\u6211\n|-damage|p1a: \u571f\u732b\u8e29\u6211|43\/100\n|move|p1b: \u4f60\u62cd\u4e94\uff0c\u6211\u62cd\u516d\uff0c\u51fb\u638c\u5947\u88ad\u754f\u4e2a\u7f29|Drain Punch|p2b: Roaring Moon\n|-supereffective|p2b: Roaring Moon\n|-damage|p2b: Roaring Moon|47\/100\n|-heal|p1b: \u4f60\u62cd\u4e94\uff0c\u6211\u62cd\u516d\uff0c\u51fb\u638c\u5947\u88ad\u754f\u4e2a\u7f29|50\/100 brn|[from] drain|[of] p2b: Roaring Moon\n|\n|-damage|p1b: \u4f60\u62cd\u4e94\uff0c\u6211\u62cd\u516d\uff0c\u51fb\u638c\u5947\u88ad\u754f\u4e2a\u7f29|44\/100 brn|[from] brn\n|upkeep\n|turn|8\n|inactive|OPieceOfHeroGhost has 120 seconds left.\n|inactive|AlexisDec has 120 seconds left.\n|\n|t:|1700828528\n|-terastallize|p1a: \u571f\u732b\u8e29\u6211|Flying\n|move|p1a: \u571f\u732b\u8e29\u6211|Tera Blast|p2b: Roaring Moon|[anim] Tera Blast Flying\n|-damage|p2b: Roaring Moon|0 fnt\n|faint|p2b: Roaring Moon\n|-end|p2b: Roaring Moon|Protosynthesis|[silent]\n|move|p2a: Hawlucha|Acrobatics|p1b: \u4f60\u62cd\u4e94\uff0c\u6211\u62cd\u516d\uff0c\u51fb\u638c\u5947\u88ad\u754f\u4e2a\u7f29\n|-damage|p1b: \u4f60\u62cd\u4e94\uff0c\u6211\u62cd\u516d\uff0c\u51fb\u638c\u5947\u88ad\u754f\u4e2a\u7f29|33\/100 brn\n|move|p1b: \u4f60\u62cd\u4e94\uff0c\u6211\u62cd\u516d\uff0c\u51fb\u638c\u5947\u88ad\u754f\u4e2a\u7f29|Drain Punch|p2a: Hawlucha\n|-resisted|p2a: Hawlucha\n|-damage|p2a: Hawlucha|36\/100\n|-heal|p1b: \u4f60\u62cd\u4e94\uff0c\u6211\u62cd\u516d\uff0c\u51fb\u638c\u5947\u88ad\u754f\u4e2a\u7f29|40\/100 brn|[from] drain|[of] p2a: Hawlucha\n|\n|-damage|p1b: \u4f60\u62cd\u4e94\uff0c\u6211\u62cd\u516d\uff0c\u51fb\u638c\u5947\u88ad\u754f\u4e2a\u7f29|34\/100 brn|[from] brn\n|upkeep\n|turn|9\n|\n|t:|1700828547\n|move|p1a: \u571f\u732b\u8e29\u6211|Tera Blast|p2a: Hawlucha|[anim] Tera Blast Flying\n|-supereffective|p2a: Hawlucha\n|-damage|p2a: Hawlucha|0 fnt\n|faint|p2a: Hawlucha\n|\n|win|OPieceOfHeroGhost\n|raw|OPieceOfHeroGhost's rating: 1477 &rarr; <strong>1499<\/strong><br \/>(+22 for winning)\n|raw|AlexisDec's rating: 1511 &rarr; <strong>1489<\/strong><br \/>(-22 for losing)\n","uploadtime":1700828551,"views":6,"p1id":"opieceofheroghost","p2id":"alexisdec","formatid":"gen9doublesou","rating":1489,"private":0,"password":""}