{"id":"gen9doublesou-1972585152","p1":"That0doggo","p2":"Perucho blue","format":"[Gen 9] Doubles OU","log":"|j|\u2606That0doggo\n|j|\u2606Perucho blue\n|t:|1697860328\n|gametype|doubles\n|player|p1|That0doggo|harlequin|1076\n|player|p2|Perucho blue|2|1094\n|teamsize|p1|6\n|teamsize|p2|6\n|gen|9\n|tier|[Gen 9] Doubles OU\n|rated|\n|rule|Species Clause: Limit one of each Pok\u00e9mon\n|rule|OHKO Clause: OHKO moves are banned\n|rule|Evasion Moves Clause: Evasion moves are banned\n|rule|Gravity Sleep Clause: The combination of sleep-inducing moves with imperfect accuracy and Gravity or Gigantamax Orbeetle are banned\n|rule|Endless Battle Clause: Forcing endless battles is banned\n|rule|HP Percentage Mod: HP is shown in percentages\n|clearpoke\n|poke|p1|Ursaluna, F|\n|poke|p1|Goodra-Hisui, F|\n|poke|p1|Talonflame, F|\n|poke|p1|Iron Moth|\n|poke|p1|Blissey, F|\n|poke|p1|Glimmora, M|\n|poke|p2|Baxcalibur, F|\n|poke|p2|Ninetales-Alola, F|\n|poke|p2|Rillaboom, M|\n|poke|p2|Sinistcha|\n|poke|p2|Iron Hands|\n|poke|p2|Pelipper, F|\n|teampreview\n|\n|t:|1697860333\n|start\n|switch|p1a: Glimmora|Glimmora, M|100\/100\n|switch|p1b: Blissey|Blissey, F, shiny|100\/100\n|switch|p2a: Baxcalibur|Baxcalibur, F|100\/100\n|switch|p2b: Ninetales|Ninetales-Alola, F|100\/100\n|-weather|Snow|[from] ability: Snow Warning|[of] p2b: Ninetales\n|turn|1\n|\n|t:|1697860359\n|-terastallize|p2a: Baxcalibur|Dragon\n|move|p2b: Ninetales|Aurora Veil|p2b: Ninetales\n|-sidestart|p2: Perucho blue|move: Aurora Veil\n|move|p2a: Baxcalibur|Icicle Spear|p1b: Blissey\n|-damage|p1b: Blissey|88\/100\n|-damage|p1b: Blissey|76\/100\n|-damage|p1b: Blissey|63\/100\n|-damage|p1b: Blissey|51\/100\n|-hitcount|p1b: Blissey|4\n|move|p1a: Glimmora|Acid Armor|p1a: Glimmora\n|-boost|p1a: Glimmora|def|2\n|move|p1b: Blissey|Stealth Rock|p2b: Ninetales\n|-sidestart|p2: Perucho blue|move: Stealth Rock\n|\n|-weather|Snow|[upkeep]\n|-heal|p1b: Blissey|57\/100|[from] item: Leftovers\n|upkeep\n|turn|2\n|\n|t:|1697860388\n|move|p2b: Ninetales|Ice Beam|p1a: Glimmora\n|-damage|p1a: Glimmora|76\/100\n|-status|p1a: Glimmora|frz\n|move|p2a: Baxcalibur|Icicle Spear|p1b: Blissey\n|-damage|p1b: Blissey|45\/100\n|-damage|p1b: Blissey|33\/100\n|-damage|p1b: Blissey|20\/100\n|-damage|p1b: Blissey|8\/100\n|-hitcount|p1b: Blissey|4\n|cant|p1a: Glimmora|frz\n|move|p1b: Blissey|Blizzard|p2a: Baxcalibur|[spread] p2a,p2b\n|-supereffective|p2a: Baxcalibur\n|-crit|p2a: Baxcalibur\n|-resisted|p2b: Ninetales\n|-damage|p2a: Baxcalibur|57\/100\n|-damage|p2b: Ninetales|96\/100\n|\n|-weather|Snow|[upkeep]\n|-heal|p2a: Baxcalibur|64\/100|[from] ability: Ice Body\n|-heal|p1b: Blissey|15\/100|[from] item: Leftovers\n|upkeep\n|turn|3\n|l|\u2606That0doggo\n|player|p1|\n|\n|t:|1697860419\n|move|p2b: Ninetales|Dazzling Gleam|p1b: Blissey|[spread] p1a,p1b\n|-resisted|p1a: Glimmora\n|-damage|p1a: Glimmora|68\/100 frz\n|-damage|p1b: Blissey|6\/100\n|move|p2a: Baxcalibur|Icicle Spear|p1a: Glimmora\n|-damage|p1a: Glimmora|61\/100 frz\n|-activate|p1a: Glimmora|ability: Toxic Debris\n|-sidestart|p2: Perucho blue|move: Toxic Spikes\n|-damage|p1a: Glimmora|54\/100 frz\n|-activate|p1a: Glimmora|ability: Toxic Debris\n|-sidestart|p2: Perucho blue|move: Toxic Spikes\n|-damage|p1a: Glimmora|47\/100 frz\n|-damage|p1a: Glimmora|40\/100 frz\n|-crit|p1a: Glimmora\n|-damage|p1a: Glimmora|18\/100 frz\n|-enditem|p1a: Glimmora|Figy Berry|[eat]\n|-heal|p1a: Glimmora|51\/100 frz|[from] item: Figy Berry\n|-start|p1a: Glimmora|confusion\n|-hitcount|p1a: Glimmora|5\n|cant|p1a: Glimmora|frz\n|move|p1b: Blissey|Life Dew|p1b: Blissey|[spread] p1a,p1b\n|-heal|p1a: Glimmora|76\/100 frz\n|-heal|p1b: Blissey|31\/100\n|\n|-weather|Snow|[upkeep]\n|-heal|p2a: Baxcalibur|70\/100|[from] ability: Ice Body\n|-heal|p1b: Blissey|38\/100|[from] item: Leftovers\n|upkeep\n|turn|4\n|j|\u2606That0doggo\n|player|p1|That0doggo|harlequin\n|\n|t:|1697860456\n|move|p2b: Ninetales|Ice Beam|p1a: Glimmora\n|-damage|p1a: Glimmora|54\/100 frz\n|move|p2a: Baxcalibur|Icicle Spear|p1b: Blissey\n|-damage|p1b: Blissey|25\/100\n|-damage|p1b: Blissey|13\/100\n|-damage|p1b: Blissey|0 fnt\n|faint|p1b: Blissey\n|-hitcount|p1: Blissey|3\n|cant|p1a: Glimmora|frz\n|\n|-weather|Snow|[upkeep]\n|-heal|p2a: Baxcalibur|76\/100|[from] ability: Ice Body\n|upkeep\n|\n|t:|1697860461\n|switch|p1b: Goodra|Goodra-Hisui, F|100\/100\n|turn|5\n|\n|t:|1697860482\n|move|p2b: Ninetales|Ice Beam|p1a: Glimmora\n|-damage|p1a: Glimmora|32\/100 frz\n|move|p2a: Baxcalibur|Icicle Spear|p1b: Goodra\n|-damage|p1b: Goodra|86\/100\n|-damage|p1b: Goodra|73\/100\n|-damage|p1b: Goodra|61\/100\n|-damage|p1b: Goodra|47\/100\n|-damage|p1b: Goodra|33\/100\n|-hitcount|p1b: Goodra|5\n|cant|p1a: Glimmora|frz\n|move|p1b: Goodra|Substitute|p1b: Goodra\n|-start|p1b: Goodra|Substitute\n|-damage|p1b: Goodra|8\/100\n|\n|-weather|none\n|-heal|p1b: Goodra|14\/100|[from] item: Leftovers\n|-sideend|p2: Perucho blue|move: Aurora Veil\n|upkeep\n|turn|6\n|\n|t:|1697860515\n|move|p2b: Ninetales|Ice Beam|p1a: Glimmora\n|-damage|p1a: Glimmora|7\/100 frz\n|move|p2a: Baxcalibur|Icicle Spear|p1b: Goodra\n|-activate|p1b: Goodra|move: Substitute|[damage]\n|-end|p1b: Goodra|Substitute\n|-damage|p1b: Goodra|0 fnt\n|faint|p1b: Goodra\n|-hitcount|p1: Goodra|3\n|cant|p1a: Glimmora|frz\n|\n|upkeep\n|\n|t:|1697860520\n|switch|p1b: Iron Moth|Iron Moth|100\/100\n|turn|7\n|n|!That0doggo|that0doggo\n|\n|t:|1697860552\n|move|p1b: Iron Moth|Sludge Wave|p2a: Baxcalibur|[spread] p1a,p2a,p2b\n|-resisted|p1a: Glimmora\n|-supereffective|p2b: Ninetales\n|-damage|p1a: Glimmora|0 fnt\n|-damage|p2a: Baxcalibur|34\/100\n|-damage|p2b: Ninetales|6\/100\n|faint|p1a: Glimmora\n|move|p2b: Ninetales|Dazzling Gleam|p1b: Iron Moth\n|-resisted|p1b: Iron Moth\n|-damage|p1b: Iron Moth|93\/100\n|move|p2a: Baxcalibur|Icicle Spear|p1b: Iron Moth\n|-resisted|p1b: Iron Moth\n|-damage|p1b: Iron Moth|80\/100\n|-resisted|p1b: Iron Moth\n|-damage|p1b: Iron Moth|69\/100\n|-resisted|p1b: Iron Moth\n|-damage|p1b: Iron Moth|57\/100\n|-resisted|p1b: Iron Moth\n|-damage|p1b: Iron Moth|46\/100\n|-hitcount|p1b: Iron Moth|4\n|\n|upkeep\n|\n|t:|1697860560\n|switch|p1a: Talonflame|Talonflame, F|100\/100\n|turn|8\n|\n|t:|1697860590\n|switch|p2b: Pelipper|Pelipper, F|100\/100\n|-damage|p2b: Pelipper|76\/100|[from] Stealth Rock\n|-weather|RainDance|[from] ability: Drizzle|[of] p2b: Pelipper\n|move|p1b: Iron Moth|Protect|p1b: Iron Moth\n|-singleturn|p1b: Iron Moth|Protect\n|move|p1a: Talonflame|Acrobatics|p2b: Pelipper\n|-damage|p2b: Pelipper|40\/100\n|move|p2a: Baxcalibur|Icicle Spear|p1b: Iron Moth\n|-activate|p1b: Iron Moth|move: Protect\n|\n|-weather|RainDance|[upkeep]\n|-heal|p2b: Pelipper|46\/100|[from] item: Leftovers\n|upkeep\n|turn|9\n|\n|t:|1697860613\n|move|p1a: Talonflame|Protect|p1a: Talonflame\n|-singleturn|p1a: Talonflame|Protect\n|move|p1b: Iron Moth|Sludge Wave|p2a: Baxcalibur|[spread] p2a,p2b\n|-activate|p1a: Talonflame|move: Protect\n|-damage|p2a: Baxcalibur|0 fnt\n|-damage|p2b: Pelipper|0 fnt\n|faint|p2a: Baxcalibur\n|faint|p2b: Pelipper\n|\n|-weather|RainDance|[upkeep]\n|upkeep\n|\n|t:|1697860676\n|switch|p2a: Iron Hands|Iron Hands|100\/100\n|switch|p2b: Sinistcha|Sinistcha|100\/100\n|-damage|p2b: Sinistcha|88\/100|[from] Stealth Rock\n|-status|p2b: Sinistcha|tox\n|-damage|p2a: Iron Hands|94\/100|[from] Stealth Rock\n|-status|p2a: Iron Hands|tox\n|turn|10\n|\n|t:|1697860701\n|move|p2b: Sinistcha|Rage Powder|p2b: Sinistcha\n|-singleturn|p2b: Sinistcha|move: Rage Powder\n|move|p1a: Talonflame|Fire Blast|p2b: Sinistcha\n|-supereffective|p2b: Sinistcha\n|-damage|p2b: Sinistcha|58\/100 tox\n|move|p1b: Iron Moth|Sludge Wave|p2a: Iron Hands|[spread] p1a,p2a,p2b\n|-damage|p1a: Talonflame|28\/100\n|-damage|p2a: Iron Hands|58\/100 tox\n|-damage|p2b: Sinistcha|15\/100 tox\n|-status|p1a: Talonflame|psn\n|move|p2a: Iron Hands|Body Press|p1b: Iron Moth\n|-resisted|p1b: Iron Moth\n|-damage|p1b: Iron Moth|14\/100\n|-enditem|p1b: Iron Moth|Aguav Berry|[eat]\n|-heal|p1b: Iron Moth|47\/100|[from] item: Aguav Berry\n|\n|-weather|RainDance|[upkeep]\n|-heal|p2b: Sinistcha|21\/100 tox|[from] item: Leftovers\n|-damage|p1a: Talonflame|15\/100 psn|[from] psn\n|-damage|p2b: Sinistcha|15\/100 tox|[from] psn\n|-damage|p2a: Iron Hands|52\/100 tox|[from] psn\n|upkeep\n|turn|11\n|\n|t:|1697860725\n|move|p2b: Sinistcha|Rage Powder|p2b: Sinistcha\n|-singleturn|p2b: Sinistcha|move: Rage Powder\n|move|p1a: Talonflame|Fire Blast|p2b: Sinistcha\n|-supereffective|p2b: Sinistcha\n|-damage|p2b: Sinistcha|0 fnt\n|faint|p2b: Sinistcha\n|move|p1b: Iron Moth|Sludge Wave|p2a: Iron Hands|[spread] p1a,p2a\n|-damage|p1a: Talonflame|0 fnt\n|-damage|p2a: Iron Hands|16\/100 tox\n|faint|p1a: Talonflame\n|move|p2a: Iron Hands|Body Press|p1b: Iron Moth\n|-resisted|p1b: Iron Moth\n|-damage|p1b: Iron Moth|13\/100\n|\n|-weather|RainDance|[upkeep]\n|-damage|p2a: Iron Hands|3\/100 tox|[from] psn\n|upkeep\n|\n|t:|1697860742\n|switch|p1a: Diet bloodmoon|Ursaluna, F|100\/100\n|switch|p2b: Rillaboom|Rillaboom, M|100\/100\n|-damage|p2b: Rillaboom|88\/100|[from] Stealth Rock\n|-status|p2b: Rillaboom|tox\n|turn|12\n|\n|t:|1697860760\n|-terastallize|p1a: Diet bloodmoon|Fighting\n|move|p1b: Iron Moth|Fiery Dance|p2a: Iron Hands\n|-damage|p2a: Iron Hands|0 fnt\n|-boost|p1b: Iron Moth|spa|1\n|faint|p2a: Iron Hands\n|-end|p2a: Iron Hands|Quark Drive|[silent]\n|move|p2b: Rillaboom|Bullet Seed|p1a: Diet bloodmoon\n|-damage|p1a: Diet bloodmoon|92\/100\n|-damage|p1a: Diet bloodmoon|83\/100\n|-damage|p1a: Diet bloodmoon|74\/100\n|-damage|p1a: Diet bloodmoon|64\/100\n|-damage|p1a: Diet bloodmoon|55\/100\n|-hitcount|p1a: Diet bloodmoon|5\n|move|p1a: Diet bloodmoon|Ice Punch|p2b: Rillaboom\n|-supereffective|p2b: Rillaboom\n|-damage|p2b: Rillaboom|35\/100 tox\n|\n|-weather|none\n|-damage|p2b: Rillaboom|28\/100 tox|[from] psn\n|-status|p1a: Diet bloodmoon|brn|[from] item: Flame Orb\n|upkeep\n|\n|t:|1697860784\n|switch|p2a: Ninetales|Ninetales-Alola, F|6\/100\n|-damage|p2a: Ninetales|0 fnt|[from] Stealth Rock\n|faint|p2a: Ninetales\n|turn|13\n|\n|t:|1697860791\n|move|p2b: Rillaboom|Fake Out||[still]\n|-hint|Fake Out only works on your first turn out.\n|-fail|p2b: Rillaboom\n|move|p1b: Iron Moth|Sludge Wave|p2b: Rillaboom|[spread] p1a,p2b\n|-supereffective|p2b: Rillaboom\n|-damage|p1a: Diet bloodmoon|0 fnt\n|-damage|p2b: Rillaboom|0 fnt\n|faint|p1a: Diet bloodmoon\n|faint|p2b: Rillaboom\n|\n|win|That0doggo\n|raw|That0doggo's rating: 1076 &rarr; <strong>1106<\/strong><br \/>(+30 for winning)\n|raw|Perucho blue's rating: 1094 &rarr; <strong>1069<\/strong><br \/>(-25 for losing)\n","uploadtime":1697860539,"views":12,"p1id":"that0doggo","p2id":"peruchoblue","formatid":"gen9doublesou","rating":1069,"private":0,"password":""}