{"id":"gen9doublesou-1995534735","p1":"A_bananajr","p2":"suxjdndidd","format":"[Gen 9] Doubles OU","log":"|j|\u203dA_bananajr\n|j|\u2606suxjdndidd\n|t:|1700580662\n|gametype|doubles\n|player|p1|A_bananajr|1|1097\n|player|p2|suxjdndidd|102|1078\n|teamsize|p1|6\n|teamsize|p2|6\n|gen|9\n|tier|[Gen 9] Doubles OU\n|rated|\n|rule|Species Clause: Limit one of each Pok\u00e9mon\n|rule|OHKO Clause: OHKO moves are banned\n|rule|Evasion Moves Clause: Evasion moves are banned\n|rule|Gravity Sleep Clause: The combination of sleep-inducing moves with imperfect accuracy and Gravity or Gigantamax Orbeetle are banned\n|rule|Endless Battle Clause: Forcing endless battles is banned\n|rule|HP Percentage Mod: HP is shown in percentages\n|clearpoke\n|poke|p1|Maushold-Four|\n|poke|p1|Oranguru, M|\n|poke|p1|Bellibolt, F|\n|poke|p1|Kingambit, F|\n|poke|p1|Pawmot, F|\n|poke|p1|Basculegion-F, F|\n|poke|p2|Pachirisu, M|\n|poke|p2|Arcanine, F|\n|poke|p2|Chesnaught, F|\n|poke|p2|Garchomp, M|\n|poke|p2|Salamence, F|\n|poke|p2|Cinderace, M|\n|teampreview\n|\n|t:|1700580691\n|start\n|switch|p1a: Oranguru|Oranguru, M|100\/100\n|switch|p1b: Bellibolt|Bellibolt, F|100\/100\n|switch|p2a: Cinderace|Cinderace, M|100\/100\n|switch|p2b: Garchomp|Garchomp, M|100\/100\n|turn|1\n|inactive|Battle timer is ON: inactive players will automatically lose when time's up. (requested by suxjdndidd)\n|\n|t:|1700580712\n|-terastallize|p2a: Cinderace|Fire\n|move|p1b: Bellibolt|Protect|p1b: Bellibolt\n|-singleturn|p1b: Bellibolt|Protect\n|move|p2a: Cinderace|Pyro Ball|p1a: Oranguru\n|-damage|p1a: Oranguru|0 fnt\n|faint|p1a: Oranguru\n|-damage|p2a: Cinderace|91\/100|[from] item: Life Orb\n|move|p2b: Garchomp|Iron Head|p1b: Bellibolt\n|-activate|p1b: Bellibolt|move: Protect\n|\n|upkeep\n|\n|t:|1700580724\n|switch|p1a: Pawmot|Pawmot, F|100\/100\n|turn|2\n|\n|t:|1700580731\n|switch|p2a: Chesnaught|Chesnaught, F|100\/100\n|move|p2b: Garchomp|Earthquake|p1b: Bellibolt|[spread] p2a,p1a,p1b\n|-resisted|p2a: Chesnaught\n|-supereffective|p1a: Pawmot\n|-supereffective|p1b: Bellibolt\n|-damage|p2a: Chesnaught|89\/100\n|-damage|p1a: Pawmot|0 fnt\n|-damage|p1b: Bellibolt|35\/100\n|-start|p1b: Bellibolt|Charge|Earthquake|[from] ability: Electromorphosis\n|-enditem|p1b: Bellibolt|Weakness Policy\n|-boost|p1b: Bellibolt|atk|2|[from] item: Weakness Policy\n|-boost|p1b: Bellibolt|spa|2|[from] item: Weakness Policy\n|faint|p1a: Pawmot\n|move|p1b: Bellibolt|Muddy Water|p2b: Garchomp|[spread] p2a,p2b\n|-resisted|p2a: Chesnaught\n|-damage|p2a: Chesnaught|64\/100\n|-damage|p2b: Garchomp|50\/100\n|-unboost|p2a: Chesnaught|accuracy|1\n|\n|-heal|p2a: Chesnaught|70\/100|[from] item: Leftovers\n|upkeep\n|\n|t:|1700580749\n|switch|p1a: Maushold|Maushold-Four|100\/100\n|turn|3\n|\n|t:|1700580755\n|switch|p2a: Arcanine|Arcanine, F|100\/100\n|-ability|p2a: Arcanine|Intimidate|boost\n|-unboost|p1a: Maushold|atk|1\n|-unboost|p1b: Bellibolt|atk|1\n|move|p2b: Garchomp|Outrage|p1a: Maushold\n|-damage|p1a: Maushold|19\/100\n|move|p1a: Maushold|Population Bomb|p2a: Arcanine\n|-damage|p2a: Arcanine|94\/100\n|-damage|p2a: Arcanine|88\/100\n|-damage|p2a: Arcanine|83\/100\n|-damage|p2a: Arcanine|77\/100\n|-damage|p2a: Arcanine|72\/100\n|-hitcount|p2a: Arcanine|5\n|move|p1b: Bellibolt|Muddy Water|p2b: Garchomp|[spread] p2b\n|-miss|p1b: Bellibolt|p2a: Arcanine\n|-damage|p2b: Garchomp|2\/100\n|\n|upkeep\n|turn|4\n|\n|t:|1700580779\n|move|p2a: Arcanine|Extreme Speed|p1a: Maushold\n|-damage|p1a: Maushold|0 fnt\n|faint|p1a: Maushold\n|move|p2b: Garchomp|Outrage|p1b: Bellibolt|[from]lockedmove\n|-damage|p1b: Bellibolt|0 fnt\n|faint|p1b: Bellibolt\n|\n|upkeep\n|\n|t:|1700580788\n|switch|p1a: Kingambit|Kingambit, F|100\/100\n|switch|p1b: Basculegion|Basculegion-F, F|100\/100\n|-activate|p1a: Kingambit|ability: Supreme Overlord\n|-start|p1a: Kingambit|fallen4|[silent]\n|turn|5\n|\n|t:|1700580803\n|move|p2a: Arcanine|Extreme Speed|p1a: Kingambit\n|-resisted|p1a: Kingambit\n|-damage|p1a: Kingambit|85\/100\n|move|p2b: Garchomp|Outrage|p1a: Kingambit|[from]lockedmove\n|-resisted|p1a: Kingambit\n|-damage|p1a: Kingambit|63\/100\n|-start|p2b: Garchomp|confusion|[fatigue]\n|move|p1b: Basculegion|Last Respects|p2a: Arcanine\n|-damage|p2a: Arcanine|0 fnt\n|faint|p2a: Arcanine\n|move|p1a: Kingambit|Brick Break|p2b: Garchomp\n|-damage|p2b: Garchomp|0 fnt\n|-damage|p1a: Kingambit|50\/100|[from] ability: Rough Skin|[of] p2b: Garchomp\n|-damage|p1a: Kingambit|34\/100|[from] item: Rocky Helmet|[of] p2b: Garchomp\n|faint|p2b: Garchomp\n|\n|-status|p1a: Kingambit|brn|[from] item: Flame Orb\n|upkeep\n|\n|t:|1700580812\n|switch|p2b: Salamence|Salamence, F|100\/100\n|switch|p2a: Pachirisu|Pachirisu, M|100\/100\n|turn|6\n|\n|t:|1700580830\n|move|p2a: Pachirisu|Follow Me|p2a: Pachirisu\n|-singleturn|p2a: Pachirisu|move: Follow Me\n|move|p2b: Salamence|Earthquake|p1b: Basculegion|[spread] p2a,p1a,p1b\n|-supereffective|p2a: Pachirisu\n|-supereffective|p1a: Kingambit\n|-damage|p2a: Pachirisu|15\/100\n|-damage|p1a: Kingambit|0 fnt\n|-damage|p1b: Basculegion|68\/100\n|faint|p1a: Kingambit\n|-end|p1a: Kingambit|fallen4|[silent]\n|-ability|p2b: Salamence|Moxie|boost\n|-boost|p2b: Salamence|atk|1\n|move|p1b: Basculegion|Last Respects|p2a: Pachirisu\n|-crit|p2a: Pachirisu\n|-damage|p2a: Pachirisu|0 fnt\n|faint|p2a: Pachirisu\n|\n|upkeep\n|\n|t:|1700580837\n|switch|p2a: Chesnaught|Chesnaught, F|70\/100\n|turn|7\n|\n|t:|1700580850\n|move|p2b: Salamence|Earthquake|p1b: Basculegion|[spread] p2a,p1b\n|-resisted|p2a: Chesnaught\n|-damage|p2a: Chesnaught|58\/100\n|-damage|p1b: Basculegion|20\/100\n|move|p1b: Basculegion|Last Respects|p2a: Chesnaught\n|-damage|p2a: Chesnaught|0 fnt\n|faint|p2a: Chesnaught\n|\n|upkeep\n|\n|t:|1700580853\n|switch|p2a: Cinderace|Cinderace, M, tera:Fire|91\/100\n|turn|8\n|-message|A_bananajr forfeited.\n|\n|win|suxjdndidd\n|raw|A_bananajr's rating: 1097 &rarr; <strong>1071<\/strong><br \/>(-26 for losing)\n|raw|suxjdndidd's rating: 1078 &rarr; <strong>1108<\/strong><br \/>(+30 for winning)\n|l|\u203dA_bananajr\n","uploadtime":1700580865,"views":0,"p1id":"abananajr","p2id":"suxjdndidd","formatid":"gen9doublesou","rating":1071,"private":0,"password":""}