{"id":"gen9doublesou-1993801549","p1":"uruyghfhj","p2":"PoliteGhost","format":"[Gen 9] Doubles OU","log":"|j|\u2606uruyghfhj\n|j|\u2606PoliteGhost\n|t:|1700358963\n|gametype|doubles\n|player|p1|uruyghfhj|170|1364\n|player|p2|PoliteGhost|giovanni|1506\n|teamsize|p1|6\n|teamsize|p2|6\n|gen|9\n|tier|[Gen 9] Doubles OU\n|rated|\n|rule|Species Clause: Limit one of each Pok\u00e9mon\n|rule|OHKO Clause: OHKO moves are banned\n|rule|Evasion Moves Clause: Evasion moves are banned\n|rule|Gravity Sleep Clause: The combination of sleep-inducing moves with imperfect accuracy and Gravity or Gigantamax Orbeetle are banned\n|rule|Endless Battle Clause: Forcing endless battles is banned\n|rule|HP Percentage Mod: HP is shown in percentages\n|clearpoke\n|poke|p1|Cresselia, F|\n|poke|p1|Amoonguss, F|\n|poke|p1|Diancie|\n|poke|p1|Tyranitar, M|\n|poke|p1|Iron Hands|\n|poke|p1|Sinistcha-Masterpiece|\n|poke|p2|Chi-Yu|\n|poke|p2|Iron Hands|\n|poke|p2|Ogerpon-Wellspring, F|\n|poke|p2|Rillaboom, F|\n|poke|p2|Ursaluna-Bloodmoon, M|\n|poke|p2|Enamorus-Therian, F|\n|teampreview\n|\n|t:|1700358978\n|start\n|switch|p1a: Cresselia|Cresselia, F|100\/100\n|switch|p1b: Iron Hands|Iron Hands|100\/100\n|switch|p2a: Iron Hands|Iron Hands|100\/100\n|switch|p2b: Rillaboom|Rillaboom, F|100\/100\n|-fieldstart|move: Grassy Terrain|[from] ability: Grassy Surge|[of] p2b: Rillaboom\n|turn|1\n|\n|t:|1700358993\n|-terastallize|p1b: Iron Hands|Flying\n|move|p2a: Iron Hands|Fake Out|p1b: Iron Hands\n|-damage|p1b: Iron Hands|90\/100\n|move|p2b: Rillaboom|Knock Off|p1a: Cresselia\n|-supereffective|p1a: Cresselia\n|-damage|p1a: Cresselia|57\/100\n|-enditem|p1a: Cresselia|Leftovers|[from] move: Knock Off|[of] p2b: Rillaboom\n|cant|p1b: Iron Hands|flinch\n|move|p1a: Cresselia|Trick Room|p1a: Cresselia\n|-fieldstart|move: Trick Room|[of] p1a: Cresselia\n|\n|upkeep\n|turn|2\n|\n|t:|1700359011\n|move|p1a: Cresselia|Ally Switch|p1a: Cresselia\n|swap|p1a: Cresselia|1|[from] move: Ally Switch\n|move|p2a: Iron Hands|Wild Charge|p1b: Cresselia\n|-damage|p1b: Cresselia|20\/100\n|-damage|p2a: Iron Hands|92\/100|[from] Recoil\n|move|p1a: Iron Hands|Belly Drum|p1a: Iron Hands\n|-damage|p1a: Iron Hands|40\/100\n|-setboost|p1a: Iron Hands|atk|6|[from] move: Belly Drum\n|-enditem|p1a: Iron Hands|Sitrus Berry|[eat]\n|-heal|p1a: Iron Hands|65\/100|[from] item: Sitrus Berry\n|move|p2b: Rillaboom|Knock Off|p1a: Iron Hands\n|-damage|p1a: Iron Hands|52\/100\n|\n|-heal|p2a: Iron Hands|99\/100|[from] Grassy Terrain\n|upkeep\n|turn|3\n|\n|t:|1700359032\n|move|p1a: Iron Hands|Protect|p1a: Iron Hands\n|-singleturn|p1a: Iron Hands|Protect\n|move|p2a: Iron Hands|Wild Charge|p1a: Iron Hands\n|-activate|p1a: Iron Hands|move: Protect\n|move|p1b: Cresselia|Lunar Blessing|p1b: Cresselia|[spread] p1a,p1b\n|-heal|p1a: Iron Hands|77\/100\n|-heal|p1b: Cresselia|45\/100\n|move|p2b: Rillaboom|Knock Off|p1b: Cresselia\n|-supereffective|p1b: Cresselia\n|-damage|p1b: Cresselia|14\/100\n|\n|-heal|p2a: Iron Hands|100\/100|[from] Grassy Terrain\n|upkeep\n|turn|4\n|\n|t:|1700359050\n|move|p1b: Cresselia|Ally Switch|p1b: Cresselia\n|swap|p1b: Cresselia|0|[from] move: Ally Switch\n|move|p1b: Iron Hands|Drain Punch|p2a: Iron Hands\n|-damage|p2a: Iron Hands|0 fnt\n|-heal|p1b: Iron Hands|100\/100|[from] drain|[of] p2a: Iron Hands\n|faint|p2a: Iron Hands\n|-end|p2a: Iron Hands|Quark Drive|[silent]\n|move|p2b: Rillaboom|Knock Off|p1b: Iron Hands\n|-damage|p1b: Iron Hands|85\/100\n|\n|upkeep\n|\n|t:|1700359065\n|switch|p2a: Enamorus|Enamorus-Therian, F|100\/100\n|turn|5\n|\n|t:|1700359087\n|move|p2a: Enamorus|Sludge Bomb|p1b: Iron Hands\n|-damage|p1b: Iron Hands|51\/100\n|move|p1b: Iron Hands|Fire Punch|p2a: Enamorus\n|-damage|p2a: Enamorus|0 fnt\n|faint|p2a: Enamorus\n|move|p1a: Cresselia|Lunar Blessing|p1a: Cresselia|[spread] p1a,p1b\n|-heal|p1a: Cresselia|39\/100\n|-heal|p1b: Iron Hands|76\/100\n|move|p2b: Rillaboom|Knock Off|p1a: Cresselia\n|-supereffective|p1a: Cresselia\n|-damage|p1a: Cresselia|5\/100\n|\n|-fieldend|move: Trick Room\n|-fieldend|move: Grassy Terrain\n|upkeep\n|\n|t:|1700359101\n|switch|p2a: Ogerpon|Ogerpon-Wellspring, F|100\/100\n|turn|6\n|\n|t:|1700359113\n|switch|p1a: Sinistcha|Sinistcha-Masterpiece, shiny|100\/100\n|-heal|p1b: Iron Hands|100\/100|[from] ability: Hospitality|[of] p1a: Sinistcha\n|move|p2a: Ogerpon|Spiky Shield|p2a: Ogerpon\n|-singleturn|p2a: Ogerpon|move: Protect\n|move|p2b: Rillaboom|Knock Off|p1b: Iron Hands\n|-damage|p1b: Iron Hands|87\/100\n|move|p1b: Iron Hands|Drain Punch|p2a: Ogerpon\n|-activate|p2a: Ogerpon|move: Protect\n|-damage|p1b: Iron Hands|75\/100|[from] Spiky Shield|[of] p2a: Ogerpon\n|\n|upkeep\n|turn|7\n|\n|t:|1700359136\n|move|p1a: Sinistcha|Rage Powder|p1a: Sinistcha\n|-singleturn|p1a: Sinistcha|move: Rage Powder\n|move|p2a: Ogerpon|Ivy Cudgel|p1b: Iron Hands|[anim] Ivy Cudgel Water\n|-crit|p1b: Iron Hands\n|-damage|p1b: Iron Hands|21\/100\n|move|p2b: Rillaboom|Knock Off|p1a: Sinistcha\n|-supereffective|p1a: Sinistcha\n|-damage|p1a: Sinistcha|59\/100\n|-enditem|p1a: Sinistcha|Aguav Berry|[from] move: Knock Off|[of] p2b: Rillaboom\n|move|p1b: Iron Hands|Drain Punch|p2a: Ogerpon\n|-damage|p2a: Ogerpon|0 fnt\n|-heal|p1b: Iron Hands|50\/100|[from] drain|[of] p2a: Ogerpon\n|faint|p2a: Ogerpon\n|\n|upkeep\n|\n|t:|1700359148\n|switch|p2a: Ursaluna|Ursaluna-Bloodmoon, M|100\/100\n|turn|8\n|\n|t:|1700359162\n|move|p1a: Sinistcha|Rage Powder|p1a: Sinistcha\n|-singleturn|p1a: Sinistcha|move: Rage Powder\n|move|p2b: Rillaboom|Knock Off|p1a: Sinistcha\n|-supereffective|p1a: Sinistcha\n|-damage|p1a: Sinistcha|28\/100\n|move|p2a: Ursaluna|Blood Moon|p1a: Sinistcha\n|-crit|p1a: Sinistcha\n|-damage|p1a: Sinistcha|0 fnt\n|faint|p1a: Sinistcha\n|move|p1b: Iron Hands|Drain Punch|p2a: Ursaluna\n|-supereffective|p2a: Ursaluna\n|-damage|p2a: Ursaluna|0 fnt\n|-heal|p1b: Iron Hands|92\/100|[from] drain|[of] p2a: Ursaluna\n|faint|p2a: Ursaluna\n|\n|upkeep\n|\n|t:|1700359179\n|switch|p1a: Diancie|Diancie|100\/100\n|switch|p2a: Chi-Yu|Chi-Yu|100\/100\n|-ability|p2a: Chi-Yu|Beads of Ruin\n|turn|9\n|\n|t:|1700359190\n|move|p2a: Chi-Yu|Protect|p2a: Chi-Yu\n|-singleturn|p2a: Chi-Yu|Protect\n|move|p2b: Rillaboom|Grassy Glide|p1a: Diancie\n|-supereffective|p1a: Diancie\n|-damage|p1a: Diancie|57\/100\n|-enditem|p1a: Diancie|Weakness Policy\n|-boost|p1a: Diancie|atk|2|[from] item: Weakness Policy\n|-boost|p1a: Diancie|spa|2|[from] item: Weakness Policy\n|move|p1a: Diancie|Diamond Storm|p2b: Rillaboom|[spread] \n|-activate|p2a: Chi-Yu|move: Protect\n|-miss|p1a: Diancie|p2b: Rillaboom\n|move|p1b: Iron Hands|Fire Punch|p2b: Rillaboom\n|-supereffective|p2b: Rillaboom\n|-damage|p2b: Rillaboom|0 fnt\n|faint|p2b: Rillaboom\n|\n|upkeep\n|turn|10\n|\n|t:|1700359212\n|move|p2a: Chi-Yu|Heat Wave|p1b: Iron Hands|[spread] p1b\n|-miss|p2a: Chi-Yu|p1a: Diancie\n|-damage|p1b: Iron Hands|47\/100\n|-status|p1b: Iron Hands|brn\n|move|p1b: Iron Hands|Drain Punch|p2a: Chi-Yu\n|-supereffective|p2a: Chi-Yu\n|-damage|p2a: Chi-Yu|0 fnt\n|-heal|p1b: Iron Hands|72\/100 brn|[from] drain|[of] p2a: Chi-Yu\n|-damage|p1b: Iron Hands|55\/100 brn|[from] item: Rocky Helmet|[of] p2a: Chi-Yu\n|faint|p2a: Chi-Yu\n|\n|win|uruyghfhj\n|raw|uruyghfhj's rating: 1364 &rarr; <strong>1392<\/strong><br \/>(+28 for winning)\n|raw|PoliteGhost's rating: 1506 &rarr; <strong>1478<\/strong><br \/>(-28 for losing)\n","uploadtime":1700359224,"views":4,"p1id":"uruyghfhj","p2id":"politeghost","formatid":"gen9doublesou","rating":1392,"private":0,"password":""}