{"id":"gen9doublesou-1981740779","p1":"timumuti","p2":"FabioLunar","format":"[Gen 9] Doubles OU","log":"|j|\u2606timumuti\n|j|\u2606FabioLunar\n|t:|1698938056\n|gametype|doubles\n|player|p1|timumuti|102|1176\n|player|p2|FabioLunar|zinnia|1072\n|teamsize|p1|6\n|teamsize|p2|6\n|gen|9\n|tier|[Gen 9] Doubles OU\n|rated|\n|rule|Species Clause: Limit one of each Pok\u00e9mon\n|rule|OHKO Clause: OHKO moves are banned\n|rule|Evasion Moves Clause: Evasion moves are banned\n|rule|Gravity Sleep Clause: The combination of sleep-inducing moves with imperfect accuracy and Gravity or Gigantamax Orbeetle are banned\n|rule|Endless Battle Clause: Forcing endless battles is banned\n|rule|HP Percentage Mod: HP is shown in percentages\n|clearpoke\n|poke|p1|Polteageist|\n|poke|p1|Landorus-Therian, M|\n|poke|p1|Ribombee, M|\n|poke|p1|Toxapex, M|\n|poke|p1|Maushold-Four|\n|poke|p1|Iron Hands|\n|poke|p2|Meowscarada, F|\n|poke|p2|Oricorio, M|\n|poke|p2|Dragonite, M|\n|poke|p2|Clefairy, F|\n|poke|p2|Sinistcha|\n|poke|p2|Lilligant-Hisui, F|\n|teampreview\n|\n|t:|1698938071\n|start\n|switch|p1a: Iron Hands|Iron Hands|100\/100\n|switch|p1b: Toxapex|Toxapex, M|100\/100\n|switch|p2a: Oricorio|Oricorio, M|100\/100\n|switch|p2b: Meowscarada|Meowscarada, F|100\/100\n|-enditem|p1a: Iron Hands|Booster Energy\n|-activate|p1a: Iron Hands|ability: Quark Drive|[fromitem]\n|-start|p1a: Iron Hands|quarkdriveatk\n|turn|1\n|inactive|Battle timer is ON: inactive players will automatically lose when time's up. (requested by timumuti)\n|inactive|timumuti has 120 seconds left.\n|\n|t:|1698938107\n|switch|p1b: Ribombee|Ribombee, M, shiny|100\/100\n|move|p2b: Meowscarada|Skill Swap|p2a: Oricorio\n|-start|p2b: Meowscarada|typechange|Psychic|[from] ability: Protean\n|-activate|p2b: Meowscarada|move: Skill Swap|||[of] p2a: Oricorio\n|move|p2a: Oricorio|Swords Dance|p2a: Oricorio\n|-start|p2a: Oricorio|typechange|Normal|[from] ability: Protean\n|-boost|p2a: Oricorio|atk|2\n|-activate|p2b: Meowscarada|ability: Dancer\n|move|p2b: Meowscarada|Swords Dance|p2b: Meowscarada|[from]ability: Dancer\n|-boost|p2b: Meowscarada|atk|2\n|move|p1a: Iron Hands|Wild Charge|p2a: Oricorio\n|-damage|p2a: Oricorio|0 fnt\n|faint|p2a: Oricorio\n|-damage|p1a: Iron Hands|86\/100|[from] Recoil\n|\n|upkeep\n|\n|t:|1698938128\n|switch|p2a: Dragonite|Dragonite, M|100\/100\n|turn|2\n|\n|t:|1698938147\n|-end|p1a: Iron Hands|Quark Drive|[silent]\n|switch|p1a: Toxapex|Toxapex, M|100\/100\n|-terastallize|p2b: Meowscarada|Grass\n|move|p1b: Ribombee|Moonblast|p2a: Dragonite\n|-supereffective|p2a: Dragonite\n|-damage|p2a: Dragonite|62\/100\n|move|p2b: Meowscarada|Flower Trick|p1a: Toxapex\n|-crit|p1a: Toxapex\n|-damage|p1a: Toxapex|22\/100\n|move|p2a: Dragonite|Dragon Dance|p2a: Dragonite\n|-boost|p2a: Dragonite|atk|1\n|-boost|p2a: Dragonite|spe|1\n|-activate|p2b: Meowscarada|ability: Dancer\n|move|p2b: Meowscarada|Dragon Dance|p2b: Meowscarada|[from]ability: Dancer\n|-boost|p2b: Meowscarada|atk|1\n|-boost|p2b: Meowscarada|spe|1\n|\n|-heal|p2a: Dragonite|68\/100|[from] item: Leftovers\n|upkeep\n|turn|3\n|inactive|FabioLunar has 120 seconds left.\n|\n|t:|1698938201\n|move|p1a: Toxapex|Baneful Bunker|p1a: Toxapex\n|-singleturn|p1a: Toxapex|move: Protect\n|move|p2a: Dragonite|Extreme Speed|p1b: Ribombee\n|-damage|p1b: Ribombee|21\/100\n|move|p2b: Meowscarada|Flower Trick|p1a: Toxapex\n|-activate|p1a: Toxapex|move: Protect\n|move|p1b: Ribombee|Stun Spore|p2a: Dragonite\n|-status|p2a: Dragonite|par\n|\n|-heal|p2a: Dragonite|75\/100 par|[from] item: Leftovers\n|upkeep\n|turn|4\n|inactive|FabioLunar has 120 seconds left.\n|\n|t:|1698938221\n|switch|p1a: Landorus|Landorus-Therian, M|100\/100\n|-ability|p1a: Landorus|Intimidate|boost\n|-unboost|p2a: Dragonite|atk|1\n|-unboost|p2b: Meowscarada|atk|1\n|move|p2b: Meowscarada|Knock Off|p1b: Ribombee\n|-resisted|p1b: Ribombee\n|-damage|p1b: Ribombee|0 fnt\n|-enditem|p1b: Ribombee|Focus Sash|[from] move: Knock Off|[of] p2b: Meowscarada\n|faint|p1b: Ribombee\n|move|p2a: Dragonite|Dragon Dance|p2a: Dragonite\n|-boost|p2a: Dragonite|atk|1\n|-boost|p2a: Dragonite|spe|1\n|-activate|p2b: Meowscarada|ability: Dancer\n|move|p2b: Meowscarada|Dragon Dance|p2b: Meowscarada|[from]ability: Dancer\n|-boost|p2b: Meowscarada|atk|1\n|-boost|p2b: Meowscarada|spe|1\n|\n|-heal|p2a: Dragonite|81\/100 par|[from] item: Leftovers\n|upkeep\n|\n|t:|1698938229\n|switch|p1b: Iron Hands|Iron Hands|86\/100\n|turn|5\n|\n|t:|1698938241\n|switch|p2a: Lilligant|Lilligant-Hisui, F|100\/100\n|move|p1b: Iron Hands|Fake Out|p2a: Lilligant\n|-damage|p2a: Lilligant|74\/100\n|move|p2b: Meowscarada|Flower Trick|p1a: Landorus\n|-crit|p1a: Landorus\n|-damage|p1a: Landorus|0 fnt\n|faint|p1a: Landorus\n|\n|upkeep\n|\n|t:|1698938251\n|switch|p1a: Toxapex|Toxapex, M|55\/100\n|turn|6\n|\n|t:|1698938266\n|move|p1a: Toxapex|Baneful Bunker|p1a: Toxapex\n|-singleturn|p1a: Toxapex|move: Protect\n|move|p2b: Meowscarada|Flower Trick|p1b: Iron Hands\n|-crit|p1b: Iron Hands\n|-damage|p1b: Iron Hands|6\/100\n|move|p2a: Lilligant|Victory Dance|p2a: Lilligant\n|-boost|p2a: Lilligant|atk|1\n|-boost|p2a: Lilligant|def|1\n|-boost|p2a: Lilligant|spe|1\n|-activate|p2b: Meowscarada|ability: Dancer\n|move|p2b: Meowscarada|Victory Dance|p2b: Meowscarada|[from]ability: Dancer\n|-boost|p2b: Meowscarada|atk|1\n|-boost|p2b: Meowscarada|def|1\n|-boost|p2b: Meowscarada|spe|1\n|move|p1b: Iron Hands|Wild Charge|p2b: Meowscarada\n|-resisted|p2b: Meowscarada\n|-damage|p2b: Meowscarada|74\/100\n|-damage|p1b: Iron Hands|2\/100|[from] Recoil\n|\n|upkeep\n|turn|7\n|-message|timumuti forfeited.\n|\n|win|FabioLunar\n|raw|timumuti's rating: 1176 &rarr; <strong>1144<\/strong><br \/>(-32 for losing)\n|raw|FabioLunar's rating: 1072 &rarr; <strong>1110<\/strong><br \/>(+38 for winning)\n|l|\u2606timumuti\n|c|\u2606FabioLunar|gg\n","uploadtime":1698938411,"views":16,"p1id":"timumuti","p2id":"fabiolunar","formatid":"gen9doublesou","rating":1110,"private":0,"password":""}