{"id":"gen9doublesou-1993294322","p1":"TS E4 G-Man","p2":"ishikusan","format":"[Gen 9] Doubles OU","log":"|j|\u2606TS E4 G-Man\n|j|\u2606ishikusan\n|inactive|Battle timer is ON: inactive players will automatically lose when time's up.\n|t:|1700292201\n|gametype|doubles\n|player|p1|TS E4 G-Man|kukui-stand|\n|player|p2|ishikusan|101|\n|teamsize|p1|4\n|teamsize|p2|4\n|gen|9\n|tier|[Gen 9] Doubles OU\n|rated|Tournament battle\n|rule|Species Clause: Limit one of each Pok\u00e9mon\n|rule|OHKO Clause: OHKO moves are banned\n|rule|Evasion Moves Clause: Evasion moves are banned\n|rule|Gravity Sleep Clause: The combination of sleep-inducing moves with imperfect accuracy and Gravity or Gigantamax Orbeetle are banned\n|rule|Endless Battle Clause: Forcing endless battles is banned\n|rule|HP Percentage Mod: HP is shown in percentages\n|clearpoke\n|poke|p1|Noibat, F|\n|poke|p1|Drifblim, F|\n|poke|p1|Raboot, M|\n|poke|p1|Chandelure, F|\n|poke|p2|Corviknight, F|\n|poke|p2|Dachsbun, M|\n|poke|p2|Nosepass, M|\n|poke|p2|Crocalor, F|\n|teampreview\n|j|*Lady Monita \u2746\n|c|\u2606ishikusan|glhf\n|c|\u2606TS E4 G-Man|hf\n|\n|t:|1700292225\n|start\n|switch|p1a: Noibat|Noibat, F|100\/100\n|switch|p1b: Raboot|Raboot, M|100\/100\n|switch|p2a: Nosepass|Nosepass, M|100\/100\n|switch|p2b: Crocalor|Crocalor, F|100\/100\n|turn|1\n|\n|t:|1700292249\n|move|p1b: Raboot|High Jump Kick|p2a: Nosepass\n|-start|p1b: Raboot|typechange|Fighting|[from] ability: Libero\n|-supereffective|p2a: Nosepass\n|-damage|p2a: Nosepass|46\/100\n|move|p1a: Noibat|Tailwind|p1a: Noibat\n|-sidestart|p1: TS E4 G-Man|move: Tailwind\n|move|p2b: Crocalor|Heat Wave|p1a: Noibat|[spread] p1a,p1b\n|-resisted|p1a: Noibat\n|-damage|p1a: Noibat|82\/100\n|-damage|p1b: Raboot|71\/100\n|move|p2a: Nosepass|Thunder Wave|p1b: Raboot\n|-status|p1b: Raboot|par\n|\n|upkeep\n|turn|2\n|\n|t:|1700292269\n|move|p2a: Nosepass|Protect|p2a: Nosepass\n|-singleturn|p2a: Nosepass|Protect\n|move|p1b: Raboot|High Jump Kick|p2a: Nosepass\n|-activate|p2a: Nosepass|move: Protect\n|-damage|p1b: Raboot|22\/100 par|[from] highjumpkick\n|move|p1a: Noibat|Hurricane|p2b: Crocalor\n|-damage|p2b: Crocalor|80\/100\n|move|p2b: Crocalor|Will-O-Wisp|p1a: Noibat|[miss]\n|-miss|p2b: Crocalor|p1a: Noibat\n|\n|upkeep\n|turn|3\n|\n|t:|1700292284\n|cant|p1b: Raboot|par\n|move|p1a: Noibat|Dragon Pulse|p2a: Nosepass\n|-damage|p2a: Nosepass|21\/100\n|move|p2b: Crocalor|Heat Wave|p1b: Raboot|[spread] p1a,p1b\n|-resisted|p1a: Noibat\n|-damage|p1a: Noibat|64\/100\n|-damage|p1b: Raboot|0 fnt\n|faint|p1b: Raboot\n|move|p2a: Nosepass|Power Gem|p1a: Noibat\n|-supereffective|p1a: Noibat\n|-crit|p1a: Noibat\n|-damage|p1a: Noibat|0 fnt\n|faint|p1a: Noibat\n|\n|upkeep\n|\n|t:|1700292290\n|switch|p1b: Chandelure|Chandelure, F|100\/100\n|switch|p1a: Drifblim|Drifblim, F|100\/100\n|turn|4\n|\n|t:|1700292316\n|move|p1b: Chandelure|Shadow Ball|p2b: Crocalor\n|-damage|p2b: Crocalor|50\/100\n|move|p1a: Drifblim|Shadow Ball|p2a: Nosepass\n|-damage|p2a: Nosepass|0 fnt\n|faint|p2a: Nosepass\n|move|p2b: Crocalor|Slack Off|p2b: Crocalor\n|-heal|p2b: Crocalor|100\/100\n|\n|-sideend|p1: TS E4 G-Man|move: Tailwind\n|-status|p1a: Drifblim|brn|[from] item: Flame Orb\n|upkeep\n|inactive|ishikusan has 120 seconds left.\n|\n|t:|1700292340\n|switch|p2a: Dachsbun|Dachsbun, M|100\/100\n|turn|5\n|inactive|ishikusan has 120 seconds left.\n|\n|t:|1700292368\n|switch|p2b: Corviknight|Corviknight, F|100\/100\n|-ability|p2b: Corviknight|Pressure\n|-terastallize|p1b: Chandelure|Ghost\n|move|p1b: Chandelure|Shadow Ball|p2a: Dachsbun\n|-damage|p2a: Dachsbun|17\/100\n|-enditem|p2a: Dachsbun|Sitrus Berry|[eat]\n|-heal|p2a: Dachsbun|42\/100|[from] item: Sitrus Berry\n|move|p1a: Drifblim|Shadow Ball|p2a: Dachsbun\n|-damage|p2a: Dachsbun|0 fnt\n|faint|p2a: Dachsbun\n|\n|-damage|p1a: Drifblim|94\/100 brn|[from] brn\n|upkeep\n|inactive|ishikusan has 120 seconds left.\n|\n|t:|1700292379\n|switch|p2a: Crocalor|Crocalor, F|100\/100\n|turn|6\n|inactive|ishikusan has 120 seconds left.\n|\n|t:|1700292400\n|-terastallize|p2b: Corviknight|Fighting\n|move|p1b: Chandelure|Shadow Ball|p2b: Corviknight\n|-damage|p2b: Corviknight|59\/100\n|move|p1a: Drifblim|Tailwind|p1a: Drifblim\n|-sidestart|p1: TS E4 G-Man|move: Tailwind\n|move|p2b: Corviknight|Brave Bird|p1b: Chandelure\n|-damage|p1b: Chandelure|48\/100\n|-damage|p2b: Corviknight|48\/100|[from] Recoil\n|move|p2a: Crocalor|Heat Wave|p1b: Chandelure|[spread] p1a,p1b\n|-damage|p1a: Drifblim|67\/100 brn\n|-damage|p1b: Chandelure|18\/100\n|\n|-heal|p2b: Corviknight|54\/100|[from] item: Leftovers\n|-damage|p1a: Drifblim|61\/100 brn|[from] brn\n|upkeep\n|turn|7\n|\n|t:|1700292412\n|move|p1b: Chandelure|Shadow Ball|p2b: Corviknight\n|-damage|p2b: Corviknight|11\/100\n|move|p1a: Drifblim|Air Slash|p2b: Corviknight\n|-supereffective|p2b: Corviknight\n|-damage|p2b: Corviknight|0 fnt\n|faint|p2b: Corviknight\n|move|p2a: Crocalor|Heat Wave|p1b: Chandelure|[spread] p1a,p1b\n|-damage|p1a: Drifblim|33\/100 brn\n|-damage|p1b: Chandelure|0 fnt\n|faint|p1b: Chandelure\n|\n|-damage|p1a: Drifblim|27\/100 brn|[from] brn\n|upkeep\n|turn|8\n|\n|t:|1700292418\n|move|p1a: Drifblim|Shadow Ball|p2a: Crocalor\n|-damage|p2a: Crocalor|72\/100\n|-unboost|p2a: Crocalor|spd|1\n|move|p2a: Crocalor|Heat Wave|p1a: Drifblim\n|-damage|p1a: Drifblim|0 fnt\n|faint|p1a: Drifblim\n|\n|win|ishikusan\n|n|\u2606TS E4 G-Man|tse4gman\n|n|\u2606ishikusan|ishikusan\n|n|*Lady Monita \u2746|ladymonita\n","uploadtime":1700292419,"views":6,"p1id":"tse4gman","p2id":"ishikusan","formatid":"gen9doublesou","rating":0,"private":0,"password":""}