{"id":"gen9doublesou-1987982296","p1":"Dr Racsim","p2":"nicholas_plei","format":"[Gen 9] Doubles OU","log":"|j|\u2606Dr Racsim\n|j|\u2606nicholas_plei\n|t:|1699655724\n|gametype|doubles\n|player|p1|Dr Racsim|ash-kalos|1073\n|player|p2|nicholas_plei|roxie|1063\n|teamsize|p1|6\n|teamsize|p2|6\n|gen|9\n|tier|[Gen 9] Doubles OU\n|rated|\n|rule|Species Clause: Limit one of each Pok\u00e9mon\n|rule|OHKO Clause: OHKO moves are banned\n|rule|Evasion Moves Clause: Evasion moves are banned\n|rule|Gravity Sleep Clause: The combination of sleep-inducing moves with imperfect accuracy and Gravity or Gigantamax Orbeetle are banned\n|rule|Endless Battle Clause: Forcing endless battles is banned\n|rule|HP Percentage Mod: HP is shown in percentages\n|clearpoke\n|poke|p1|Rillaboom, M|\n|poke|p1|Grimmsnarl, M|\n|poke|p1|Gholdengo|\n|poke|p1|Landorus-Therian, M|\n|poke|p1|Palafin, M|\n|poke|p1|Heatran, F|\n|poke|p2|Garchomp, F|\n|poke|p2|Grimmsnarl, M|\n|poke|p2|Gardevoir, F|\n|poke|p2|Mamoswine, F|\n|poke|p2|Zapdos-Galar|\n|poke|p2|Empoleon, M|\n|teampreview\n|c|\u2606Dr Racsim|I'm new to this\n|\n|t:|1699655757\n|start\n|switch|p1a: Grimmsnarl|Grimmsnarl, M|100\/100\n|switch|p1b: Gholdengo|Gholdengo|100\/100\n|switch|p2a: Garchomp|Garchomp, F|100\/100\n|switch|p2b: Empoleon|Empoleon, M, shiny|100\/100\n|turn|1\n|c|\u2606Dr Racsim|please go easy on me\n|\n|t:|1699655785\n|move|p1a: Grimmsnarl|Reflect|p1a: Grimmsnarl\n|-sidestart|p1: Dr Racsim|Reflect\n|move|p1b: Gholdengo|Trick|p2a: Garchomp\n|-activate|p1b: Gholdengo|move: Trick|[of] p2a: Garchomp\n|-item|p2a: Garchomp|Choice Scarf|[from] move: Trick\n|-item|p1b: Gholdengo|Leftovers|[from] move: Trick\n|move|p2a: Garchomp|Crunch|p1b: Gholdengo\n|-supereffective|p1b: Gholdengo\n|-damage|p1b: Gholdengo|55\/100\n|move|p2b: Empoleon|Flash Cannon|p1a: Grimmsnarl\n|-supereffective|p1a: Grimmsnarl\n|-crit|p1a: Grimmsnarl\n|-damage|p1a: Grimmsnarl|0 fnt\n|faint|p1a: Grimmsnarl\n|\n|-heal|p1b: Gholdengo|61\/100|[from] item: Leftovers\n|upkeep\n|\n|t:|1699655802\n|switch|p1a: Palafin|Palafin, M|100\/100\n|turn|2\n|\n|t:|1699655817\n|switch|p1b: Landorus|Landorus-Therian, M|100\/100\n|-ability|p1b: Landorus|Intimidate|boost\n|-unboost|p2a: Garchomp|atk|1\n|-unboost|p2b: Empoleon|atk|1\n|-ability|p2b: Empoleon|Competitive|boost\n|-boost|p2b: Empoleon|spa|2\n|move|p2a: Garchomp|Crunch|p1b: Landorus\n|-damage|p1b: Landorus|85\/100\n|move|p1a: Palafin|Flip Turn|p2a: Garchomp\n|-damage|p2a: Garchomp|67\/100\n|-damage|p1a: Palafin|88\/100|[from] ability: Rough Skin|[of] p2a: Garchomp\n|\n|t:|1699655824\n|detailschange|p1a: Palafin|Palafin-Hero, M\n|switch|p1a: Rillaboom|Rillaboom, M|100\/100|[from] Flip Turn\n|-fieldstart|move: Grassy Terrain|[from] ability: Grassy Surge|[of] p1a: Rillaboom\n|move|p2b: Empoleon|Flash Cannon|p1a: Rillaboom\n|-damage|p1a: Rillaboom|0 fnt\n|faint|p1a: Rillaboom\n|\n|-heal|p2a: Garchomp|73\/100|[from] Grassy Terrain\n|-heal|p1b: Landorus|91\/100|[from] item: Leftovers\n|upkeep\n|\n|t:|1699655830\n|switch|p1a: Palafin|Palafin-Hero, M|88\/100\n|-activate|p1a: Palafin|ability: Zero to Hero\n|turn|3\n|\n|t:|1699655860\n|move|p2a: Garchomp|Crunch|p1a: Palafin\n|-damage|p1a: Palafin|73\/100\n|move|p1a: Palafin|Ice Punch|p2a: Garchomp\n|-supereffective|p2a: Garchomp\n|-damage|p2a: Garchomp|0 fnt\n|-damage|p1a: Palafin|61\/100|[from] ability: Rough Skin|[of] p2a: Garchomp\n|faint|p2a: Garchomp\n|move|p1b: Landorus|Earth Power|p2b: Empoleon\n|-supereffective|p2b: Empoleon\n|-damage|p2b: Empoleon|25\/100\n|move|p2b: Empoleon|Flash Cannon|p1b: Landorus\n|-damage|p1b: Landorus|0 fnt\n|faint|p1b: Landorus\n|\n|-heal|p1a: Palafin|67\/100|[from] Grassy Terrain\n|-heal|p2b: Empoleon|31\/100|[from] Grassy Terrain\n|upkeep\n|\n|t:|1699655882\n|switch|p1b: Heatran|Heatran, F|100\/100\n|switch|p2a: Gardevoir|Gardevoir, F|100\/100\n|turn|4\n|\n|t:|1699655902\n|switch|p2b: Zapdos|Zapdos-Galar|100\/100\n|move|p1a: Palafin|Ice Punch|p2a: Gardevoir\n|-damage|p2a: Gardevoir|26\/100\n|move|p2a: Gardevoir|Thunderbolt|p1a: Palafin\n|-supereffective|p1a: Palafin\n|-damage|p1a: Palafin|2\/100\n|move|p1b: Heatran|Magma Storm|p2a: Gardevoir\n|-damage|p2a: Gardevoir|0 fnt\n|faint|p2a: Gardevoir\n|\n|-heal|p1a: Palafin|8\/100|[from] Grassy Terrain\n|upkeep\n|\n|t:|1699655928\n|switch|p2a: Grimmsnarl|Grimmsnarl, M|100\/100\n|turn|5\n|\n|t:|1699655958\n|-terastallize|p2a: Grimmsnarl|Dark\n|move|p1a: Palafin|Ice Punch|p2b: Zapdos\n|-supereffective|p2b: Zapdos\n|-damage|p2b: Zapdos|0 fnt\n|faint|p2b: Zapdos\n|move|p1b: Heatran|Magma Storm|p2a: Grimmsnarl\n|-damage|p2a: Grimmsnarl|29\/100\n|-activate|p2a: Grimmsnarl|move: Magma Storm|[of] p1b: Heatran\n|move|p2a: Grimmsnarl|Brick Break|p1b: Heatran\n|-sideend|p1: Dr Racsim|Reflect\n|-supereffective|p1b: Heatran\n|-damage|p1b: Heatran|55\/100\n|\n|-heal|p1a: Palafin|14\/100|[from] Grassy Terrain\n|-heal|p1b: Heatran|62\/100|[from] Grassy Terrain\n|-heal|p1b: Heatran|68\/100|[from] item: Leftovers\n|-heal|p2a: Grimmsnarl|35\/100|[from] Grassy Terrain\n|-heal|p2a: Grimmsnarl|41\/100|[from] item: Leftovers\n|-damage|p2a: Grimmsnarl|28\/100|[from] move: Magma Storm|[partiallytrapped]\n|upkeep\n|\n|t:|1699655986\n|switch|p2b: Mamoswine|Mamoswine, F|100\/100\n|turn|6\n|\n|t:|1699656012\n|-terastallize|p1b: Heatran|Grass\n|move|p1a: Palafin|Ice Punch|p2a: Grimmsnarl\n|-damage|p2a: Grimmsnarl|0 fnt\n|faint|p2a: Grimmsnarl\n|move|p2b: Mamoswine|Earthquake|p1b: Heatran|[spread] p1a,p1b\n|-resisted|p1b: Heatran\n|-damage|p1a: Palafin|0 fnt\n|-damage|p1b: Heatran|60\/100\n|faint|p1a: Palafin\n|move|p1b: Heatran|Will-O-Wisp|p2b: Mamoswine\n|-status|p2b: Mamoswine|brn\n|\n|-heal|p1b: Heatran|66\/100|[from] Grassy Terrain\n|-heal|p1b: Heatran|73\/100|[from] item: Leftovers\n|-damage|p2b: Mamoswine|94\/100 brn|[from] brn\n|upkeep\n|\n|t:|1699656031\n|switch|p1a: Gholdengo|Gholdengo|61\/100\n|switch|p2a: Empoleon|Empoleon, M, shiny|31\/100\n|turn|7\n|\n|t:|1699656050\n|move|p1a: Gholdengo|Shadow Ball|p2a: Empoleon\n|-damage|p2a: Empoleon|0 fnt\n|faint|p2a: Empoleon\n|move|p2b: Mamoswine|Haze|p2b: Mamoswine\n|-clearallboost\n|move|p1b: Heatran|Tera Blast|p2b: Mamoswine|[anim] Tera Blast Grass\n|-supereffective|p2b: Mamoswine\n|-damage|p2b: Mamoswine|0 fnt\n|faint|p2b: Mamoswine\n|\n|win|Dr Racsim\n|raw|Dr Racsim's rating: 1073 &rarr; <strong>1101<\/strong><br \/>(+28 for winning)\n|raw|nicholas_plei's rating: 1063 &rarr; <strong>1044<\/strong><br \/>(-19 for losing)\n|l|\u2606nicholas_plei\n|c|\u2606Dr Racsim|OMG I WoN!!!\n","uploadtime":1699656073,"views":13,"p1id":"drracsim","p2id":"nicholasplei","formatid":"gen9doublesou","rating":1044,"private":0,"password":""}