{"id":"gen9doublesou-1986096612","p1":"bazofreak","p2":"RocketsViability","format":"[Gen 9] Doubles OU","log":"|j|\u2606bazofreak\n|j|\u2606RocketsViability\n|t:|1699449683\n|gametype|doubles\n|player|p1|bazofreak|1|1203\n|player|p2|RocketsViability|2|1160\n|teamsize|p1|6\n|teamsize|p2|6\n|gen|9\n|tier|[Gen 9] Doubles OU\n|rated|\n|rule|Species Clause: Limit one of each Pok\u00e9mon\n|rule|OHKO Clause: OHKO moves are banned\n|rule|Evasion Moves Clause: Evasion moves are banned\n|rule|Gravity Sleep Clause: The combination of sleep-inducing moves with imperfect accuracy and Gravity or Gigantamax Orbeetle are banned\n|rule|Endless Battle Clause: Forcing endless battles is banned\n|rule|HP Percentage Mod: HP is shown in percentages\n|clearpoke\n|poke|p1|Ogerpon-Wellspring, F|\n|poke|p1|Chi-Yu|\n|poke|p1|Iron Hands|\n|poke|p1|Sinistcha-Masterpiece|\n|poke|p1|Rillaboom, F|\n|poke|p1|Dragonite, M|\n|poke|p2|Ninetales-Alola, F|\n|poke|p2|Trevenant, M|\n|poke|p2|Goodra-Hisui, F|\n|poke|p2|Sandslash-Alola, F|\n|poke|p2|Torterra, M|\n|poke|p2|Empoleon, F|\n|teampreview\n|\n|t:|1699449703\n|start\n|switch|p1a: Ogerpon|Ogerpon-Wellspring, F|100\/100\n|switch|p1b: Iron Hands|Iron Hands|100\/100\n|switch|p2a: Trevenant|Trevenant, M|100\/100\n|switch|p2b: Torterra|Torterra, M|100\/100\n|-enditem|p1b: Iron Hands|Booster Energy\n|-activate|p1b: Iron Hands|ability: Quark Drive|[fromitem]\n|-start|p1b: Iron Hands|quarkdriveatk\n|turn|1\n|\n|t:|1699449727\n|move|p1b: Iron Hands|Detect|p1b: Iron Hands\n|-singleturn|p1b: Iron Hands|Protect\n|move|p1a: Ogerpon|Ivy Cudgel|p2b: Torterra\n|-damage|p2b: Torterra|50\/100\n|move|p2b: Torterra|Shell Smash|p2b: Torterra\n|-unboost|p2b: Torterra|def|1\n|-unboost|p2b: Torterra|spd|1\n|-boost|p2b: Torterra|atk|2\n|-boost|p2b: Torterra|spa|2\n|-boost|p2b: Torterra|spe|2\n|move|p2a: Trevenant|Toxic|p1a: Ogerpon\n|-status|p1a: Ogerpon|tox\n|\n|-damage|p1a: Ogerpon|94\/100 tox|[from] psn\n|upkeep\n|turn|2\n|\n|t:|1699449745\n|-end|p1b: Iron Hands|Quark Drive|[silent]\n|switch|p1b: Sinistcha|Sinistcha-Masterpiece|100\/100\n|-heal|p1a: Ogerpon|100\/100 tox|[from] ability: Hospitality|[of] p1b: Sinistcha\n|move|p2a: Trevenant|Ally Switch|p2a: Trevenant\n|swap|p2a: Trevenant|1|[from] move: Ally Switch\n|move|p2a: Torterra|Bullet Seed|p1a: Ogerpon\n|-damage|p1a: Ogerpon|73\/100 tox\n|-damage|p1a: Ogerpon|44\/100 tox\n|-damage|p1a: Ogerpon|17\/100 tox\n|-damage|p1a: Ogerpon|0 fnt\n|faint|p1a: Ogerpon\n|-hitcount|p1: Ogerpon|4\n|\n|upkeep\n|\n|t:|1699449755\n|switch|p1a: Dragonite|Dragonite, M|100\/100\n|turn|3\n|\n|t:|1699449775\n|-terastallize|p1a: Dragonite|Normal\n|move|p1a: Dragonite|Extreme Speed|p2a: Torterra\n|-damage|p2a: Torterra|0 fnt\n|faint|p2a: Torterra\n|move|p1b: Sinistcha|Matcha Gotcha|p2b: Trevenant\n|-resisted|p2b: Trevenant\n|-damage|p2b: Trevenant|88\/100\n|move|p2b: Trevenant|Disable|p1a: Dragonite\n|-start|p1a: Dragonite|Disable|Extreme Speed\n|\n|upkeep\n|\n|t:|1699449789\n|switch|p2a: Ninetales|Ninetales-Alola, F|100\/100\n|-weather|Snow|[from] ability: Snow Warning|[of] p2a: Ninetales\n|turn|4\n|c|\u2606RocketsViability|no espeed\n|\n|t:|1699449808\n|switch|p1a: Chi-Yu|Chi-Yu|100\/100\n|-ability|p1a: Chi-Yu|Beads of Ruin\n|move|p1b: Sinistcha|Rage Powder|p1b: Sinistcha\n|-singleturn|p1b: Sinistcha|move: Rage Powder\n|move|p2a: Ninetales|Aurora Veil|p2a: Ninetales\n|-sidestart|p2: RocketsViability|move: Aurora Veil\n|move|p2b: Trevenant|Toxic|p1a: Chi-Yu\n|-status|p1a: Chi-Yu|tox\n|\n|-weather|Snow|[upkeep]\n|-damage|p1a: Chi-Yu|95\/100 tox|[from] psn\n|upkeep\n|turn|5\n|\n|t:|1699449825\n|move|p2a: Ninetales|Dazzling Gleam|p1b: Sinistcha|[spread] p1a,p1b\n|-damage|p1a: Chi-Yu|69\/100 tox\n|-damage|p1b: Sinistcha|67\/100\n|move|p1a: Chi-Yu|Heat Wave|p2b: Trevenant|[spread] p2a,p2b\n|-supereffective|p2a: Ninetales\n|-supereffective|p2b: Trevenant\n|-damage|p2a: Ninetales|17\/100\n|-damage|p2b: Trevenant|35\/100\n|-enditem|p2b: Trevenant|Sitrus Berry|[eat]\n|-heal|p2b: Trevenant|60\/100|[from] item: Sitrus Berry\n|move|p1b: Sinistcha|Life Dew|p1b: Sinistcha|[spread] p1a,p1b\n|-heal|p1a: Chi-Yu|94\/100 tox\n|-heal|p1b: Sinistcha|92\/100\n|move|p2b: Trevenant|Disable|p1a: Chi-Yu\n|-start|p1a: Chi-Yu|Disable|Heat Wave\n|\n|-weather|Snow|[upkeep]\n|-damage|p1a: Chi-Yu|82\/100 tox|[from] psn\n|upkeep\n|turn|6\n|\n|t:|1699449846\n|move|p2a: Ninetales|Blizzard|p1b: Sinistcha|[spread] p1a,p1b\n|-resisted|p1a: Chi-Yu\n|-supereffective|p1b: Sinistcha\n|-damage|p1a: Chi-Yu|64\/100 tox\n|-damage|p1b: Sinistcha|0 fnt\n|faint|p1b: Sinistcha\n|move|p1a: Chi-Yu|Dark Pulse|p2b: Trevenant\n|-supereffective|p2b: Trevenant\n|-damage|p2b: Trevenant|3\/100\n|move|p2b: Trevenant|Toxic|p1a: Chi-Yu\n|-fail|p1a: Chi-Yu|tox\n|\n|-weather|Snow|[upkeep]\n|-damage|p1a: Chi-Yu|46\/100 tox|[from] psn\n|upkeep\n|-enditem|p1a: Chi-Yu|Sitrus Berry|[eat]\n|-heal|p1a: Chi-Yu|71\/100 tox|[from] item: Sitrus Berry\n|\n|t:|1699449862\n|switch|p1b: Dragonite|Dragonite, M, tera:Normal|100\/100\n|turn|7\n|\n|t:|1699449880\n|switch|p1a: Rillaboom|Rillaboom, F|100\/100\n|-fieldstart|move: Grassy Terrain|[from] ability: Grassy Surge|[of] p1a: Rillaboom\n|move|p1b: Dragonite|Extreme Speed|p2a: Ninetales\n|-damage|p2a: Ninetales|0 fnt\n|faint|p2a: Ninetales\n|move|p2b: Trevenant|Ally Switch||[still]\n|-fail|p2b: Trevenant\n|\n|-weather|Snow|[upkeep]\n|-heal|p2b: Trevenant|9\/100|[from] Grassy Terrain\n|upkeep\n|\n|t:|1699449893\n|switch|p2a: Goodra|Goodra-Hisui, F|100\/100\n|turn|8\n|\n|t:|1699449908\n|switch|p1b: Iron Hands|Iron Hands|100\/100\n|switch|p2b: Empoleon|Empoleon, F|100\/100\n|move|p1a: Rillaboom|Grassy Glide|p2b: Empoleon\n|-damage|p2b: Empoleon|76\/100\n|move|p2a: Goodra|Flamethrower|p1a: Rillaboom\n|-supereffective|p1a: Rillaboom\n|-damage|p1a: Rillaboom|25\/100\n|\n|-weather|Snow|[upkeep]\n|-heal|p1a: Rillaboom|31\/100|[from] Grassy Terrain\n|-heal|p2b: Empoleon|82\/100|[from] Grassy Terrain\n|-heal|p2b: Empoleon|88\/100|[from] item: Leftovers\n|-sideend|p2: RocketsViability|move: Aurora Veil\n|upkeep\n|turn|9\n|\n|t:|1699449934\n|switch|p1a: Dragonite|Dragonite, M, tera:Normal|100\/100\n|move|p1b: Iron Hands|Fake Out|p2a: Goodra\n|-resisted|p2a: Goodra\n|-damage|p2a: Goodra|93\/100\n|-damage|p1b: Iron Hands|84\/100|[from] item: Rocky Helmet|[of] p2a: Goodra\n|move|p2b: Empoleon|Blizzard|p1a: Dragonite|[spread] p1a,p1b\n|-damage|p1a: Dragonite|73\/100\n|-damage|p1b: Iron Hands|58\/100\n|cant|p2a: Goodra|flinch\n|\n|-weather|Snow|[upkeep]\n|-heal|p1a: Dragonite|79\/100|[from] Grassy Terrain\n|-heal|p2a: Goodra|99\/100|[from] Grassy Terrain\n|-heal|p2b: Empoleon|95\/100|[from] Grassy Terrain\n|-heal|p2b: Empoleon|100\/100|[from] item: Leftovers\n|-heal|p1b: Iron Hands|64\/100|[from] Grassy Terrain\n|upkeep\n|turn|10\n|\n|t:|1699449956\n|move|p1b: Iron Hands|Detect|p1b: Iron Hands\n|-singleturn|p1b: Iron Hands|Protect\n|move|p1a: Dragonite|Earthquake|p2a: Goodra|[spread] p2a,p2b\n|-activate|p1b: Iron Hands|move: Protect\n|-supereffective|p2a: Goodra\n|-supereffective|p2b: Empoleon\n|-damage|p2a: Goodra|60\/100\n|-damage|p2b: Empoleon|60\/100\n|move|p2a: Goodra|Blizzard|p1a: Dragonite|[spread] p1a\n|-activate|p1b: Iron Hands|move: Protect\n|-damage|p1a: Dragonite|50\/100\n|move|p2b: Empoleon|Blizzard|p1a: Dragonite|[spread] p1a\n|-activate|p1b: Iron Hands|move: Protect\n|-damage|p1a: Dragonite|22\/100\n|\n|-weather|Snow|[upkeep]\n|-heal|p1a: Dragonite|28\/100|[from] Grassy Terrain\n|-heal|p2b: Empoleon|66\/100|[from] Grassy Terrain\n|-heal|p2a: Goodra|66\/100|[from] Grassy Terrain\n|-heal|p2b: Empoleon|72\/100|[from] item: Leftovers\n|-heal|p1b: Iron Hands|70\/100|[from] Grassy Terrain\n|upkeep\n|turn|11\n|\n|t:|1699449994\n|switch|p2b: Trevenant|Trevenant, M|9\/100\n|move|p1a: Dragonite|Earthquake|p2a: Goodra|[spread] p1b,p2a,p2b\n|-supereffective|p1b: Iron Hands\n|-supereffective|p2a: Goodra\n|-resisted|p2b: Trevenant\n|-damage|p1b: Iron Hands|46\/100\n|-damage|p2a: Goodra|27\/100\n|-damage|p2b: Trevenant|0 fnt\n|faint|p2b: Trevenant\n|move|p2a: Goodra|Blizzard|p1a: Dragonite|[spread] p1a,p1b\n|-damage|p1a: Dragonite|0 fnt\n|-damage|p1b: Iron Hands|20\/100\n|faint|p1a: Dragonite\n|move|p1b: Iron Hands|Drain Punch|p2a: Goodra\n|-supereffective|p2a: Goodra\n|-damage|p2a: Goodra|0 fnt\n|-heal|p1b: Iron Hands|30\/100|[from] drain|[of] p2a: Goodra\n|-damage|p1b: Iron Hands|13\/100|[from] item: Rocky Helmet|[of] p2a: Goodra\n|faint|p2a: Goodra\n|\n|-weather|none\n|-heal|p1b: Iron Hands|20\/100|[from] Grassy Terrain\n|-fieldend|move: Grassy Terrain\n|upkeep\n|\n|t:|1699450013\n|switch|p1a: Rillaboom|Rillaboom, F|31\/100\n|switch|p2a: Sandslash|Sandslash-Alola, F|100\/100\n|switch|p2b: Empoleon|Empoleon, F|72\/100\n|-fieldstart|move: Grassy Terrain|[from] ability: Grassy Surge|[of] p1a: Rillaboom\n|turn|12\n|\n|t:|1699450030\n|move|p2b: Empoleon|Protect|p2b: Empoleon\n|-singleturn|p2b: Empoleon|Protect\n|move|p1a: Rillaboom|Fake Out|p2a: Sandslash\n|-resisted|p2a: Sandslash\n|-damage|p2a: Sandslash|95\/100\n|cant|p2a: Sandslash|flinch\n|move|p1b: Iron Hands|Drain Punch|p2a: Sandslash|[miss]\n|-miss|p1b: Iron Hands|p2a: Sandslash\n|\n|-heal|p1a: Rillaboom|38\/100|[from] Grassy Terrain\n|-heal|p2a: Sandslash|100\/100|[from] Grassy Terrain\n|-heal|p2b: Empoleon|78\/100|[from] Grassy Terrain\n|-heal|p2b: Empoleon|84\/100|[from] item: Leftovers\n|-heal|p1b: Iron Hands|26\/100|[from] Grassy Terrain\n|upkeep\n|turn|13\n|c|\u2606bazofreak|how did i miss\n|c|\u2606RocketsViability|bright powder\n|c|\u2606bazofreak|brooooooo\n|\n|t:|1699450102\n|-terastallize|p2b: Empoleon|Water\n|move|p1b: Iron Hands|Detect|p1b: Iron Hands\n|-singleturn|p1b: Iron Hands|Protect\n|move|p1a: Rillaboom|Grassy Glide|p2b: Empoleon\n|-supereffective|p2b: Empoleon\n|-damage|p2b: Empoleon|11\/100\n|move|p2a: Sandslash|Knock Off|p1b: Iron Hands\n|-activate|p1b: Iron Hands|move: Protect\n|move|p2b: Empoleon|Blizzard|p1a: Rillaboom|[spread] p1a\n|-activate|p1b: Iron Hands|move: Protect\n|-supereffective|p1a: Rillaboom\n|-damage|p1a: Rillaboom|0 fnt\n|faint|p1a: Rillaboom\n|\n|-heal|p2b: Empoleon|17\/100|[from] Grassy Terrain\n|-heal|p2b: Empoleon|24\/100|[from] item: Leftovers\n|-heal|p1b: Iron Hands|32\/100|[from] Grassy Terrain\n|upkeep\n|c|\u2606RocketsViability|evilness >:)\n|\n|t:|1699450114\n|switch|p1a: Chi-Yu|Chi-Yu|71\/100 tox\n|-ability|p1a: Chi-Yu|Beads of Ruin\n|turn|14\n|\n|t:|1699450127\n|move|p2b: Empoleon|Protect|p2b: Empoleon\n|-singleturn|p2b: Empoleon|Protect\n|move|p2a: Sandslash|Ice Shard|p1b: Iron Hands\n|-damage|p1b: Iron Hands|20\/100\n|move|p1a: Chi-Yu|Heat Wave|p2a: Sandslash|[spread] p2a\n|-activate|p2b: Empoleon|move: Protect\n|-supereffective|p2a: Sandslash\n|-damage|p2a: Sandslash|0 fnt\n|faint|p2a: Sandslash\n|move|p1b: Iron Hands|Drain Punch|p2b: Empoleon\n|-activate|p2b: Empoleon|move: Protect\n|\n|-heal|p1a: Chi-Yu|77\/100 tox|[from] Grassy Terrain\n|-heal|p2b: Empoleon|30\/100|[from] Grassy Terrain\n|-heal|p2b: Empoleon|36\/100|[from] item: Leftovers\n|-heal|p1b: Iron Hands|27\/100|[from] Grassy Terrain\n|-damage|p1a: Chi-Yu|71\/100 tox|[from] psn\n|upkeep\n|turn|15\n|\n|t:|1699450148\n|move|p2b: Empoleon|Protect|p2b: Empoleon\n|-singleturn|p2b: Empoleon|Protect\n|move|p1a: Chi-Yu|Dark Pulse|p2b: Empoleon\n|-activate|p2b: Empoleon|move: Protect\n|move|p1b: Iron Hands|Drain Punch|p2b: Empoleon\n|-activate|p2b: Empoleon|move: Protect\n|\n|-heal|p1a: Chi-Yu|77\/100 tox|[from] Grassy Terrain\n|-heal|p2b: Empoleon|42\/100|[from] Grassy Terrain\n|-heal|p2b: Empoleon|48\/100|[from] item: Leftovers\n|-heal|p1b: Iron Hands|33\/100|[from] Grassy Terrain\n|-damage|p1a: Chi-Yu|65\/100 tox|[from] psn\n|upkeep\n|turn|16\n|c|\u2606RocketsViability|lets see if thisll work\n|c|\u2606RocketsViability|neat\n|c|\u2606bazofreak|bru\n|\n|t:|1699450163\n|move|p1a: Chi-Yu|Dark Pulse|p2b: Empoleon\n|-damage|p2b: Empoleon|0 fnt\n|faint|p2b: Empoleon\n|\n|win|bazofreak\n|raw|bazofreak's rating: 1203 &rarr; <strong>1225<\/strong><br \/>(+22 for winning)\n|raw|RocketsViability's rating: 1160 &rarr; <strong>1138<\/strong><br \/>(-22 for losing)\n|c|\u2606RocketsViability|damn\n|c|\u2606RocketsViability|gg\n|c|\u2606bazofreak|gg\n|c|\u2606RocketsViability|lol\n","uploadtime":1699450173,"views":16,"p1id":"bazofreak","p2id":"rocketsviability","formatid":"gen9doublesou","rating":1138,"private":0,"password":""}