{"id":"gen9doublesou-1978982701","p1":"Kevin Dickey12","p2":"sadboigaming","format":"[Gen 9] Doubles OU","log":"|j|\u2606Kevin Dickey12\n|j|\u2606sadboigaming\n|t:|1698617453\n|gametype|doubles\n|player|p1|Kevin Dickey12|nate|\n|player|p2|sadboigaming|unknown|\n|teamsize|p1|6\n|teamsize|p2|6\n|gen|9\n|tier|[Gen 9] Doubles OU\n|rule|Species Clause: Limit one of each Pok\u00e9mon\n|rule|OHKO Clause: OHKO moves are banned\n|rule|Evasion Moves Clause: Evasion moves are banned\n|rule|Gravity Sleep Clause: The combination of sleep-inducing moves with imperfect accuracy and Gravity or Gigantamax Orbeetle are banned\n|rule|Endless Battle Clause: Forcing endless battles is banned\n|rule|HP Percentage Mod: HP is shown in percentages\n|clearpoke\n|poke|p1|Walking Wake|\n|poke|p1|Maushold-Four|\n|poke|p1|Hippowdon, F|\n|poke|p1|Bronzong|\n|poke|p1|Ninetales, F|\n|poke|p1|Enamorus, F|\n|poke|p2|Regidrago|\n|poke|p2|Hoopa|\n|poke|p2|Torkoal, M|\n|poke|p2|Great Tusk|\n|poke|p2|Thundurus, M|\n|poke|p2|Enamorus-Therian, F|\n|teampreview\n|\n|t:|1698617507\n|start\n|switch|p1a: Silhouette|Ninetales, F, shiny|100\/100\n|switch|p1b: MotoMotoLikesYou|Hippowdon, F|100\/100\n|switch|p2a: Enamorus|Enamorus-Therian, F|100\/100\n|switch|p2b: Great Tusk|Great Tusk|100\/100\n|-weather|SunnyDay|[from] ability: Drought|[of] p1a: Silhouette\n|-activate|p2b: Great Tusk|ability: Protosynthesis\n|-start|p2b: Great Tusk|protosynthesisatk\n|turn|1\n|\n|t:|1698617535\n|-terastallize|p1a: Silhouette|Flying\n|move|p1a: Silhouette|Solar Beam||[still]\n|-prepare|p1a: Silhouette|Solar Beam\n|-anim|p1a: Silhouette|Solar Beam|p2b: Great Tusk\n|-supereffective|p2b: Great Tusk\n|-damage|p2b: Great Tusk|11\/100\n|move|p2b: Great Tusk|Ice Spinner|p1b: MotoMotoLikesYou\n|-supereffective|p1b: MotoMotoLikesYou\n|-damage|p1b: MotoMotoLikesYou|45\/100\n|move|p2a: Enamorus|Earth Power|p1a: Silhouette\n|-immune|p1a: Silhouette\n|move|p1b: MotoMotoLikesYou|Earthquake|p2b: Great Tusk|[spread] p2b\n|-immune|p1a: Silhouette\n|-immune|p2a: Enamorus\n|-damage|p2b: Great Tusk|0 fnt\n|faint|p2b: Great Tusk\n|-end|p2b: Great Tusk|Protosynthesis|[silent]\n|\n|-weather|SunnyDay|[upkeep]\n|upkeep\n|\n|t:|1698617575\n|switch|p2b: Hoopa|Hoopa|100\/100\n|turn|2\n|\n|t:|1698617610\n|switch|p1b: CHEEEEESE \ud83e\uddc0\ud83e\uddc0\ud83e\uddc0|Maushold-Four, shiny|100\/100\n|-terastallize|p2a: Enamorus|Normal\n|move|p2b: Hoopa|Energy Ball|p1a: Silhouette\n|-resisted|p1a: Silhouette\n|-damage|p1a: Silhouette|86\/100\n|move|p1a: Silhouette|Heat Wave|p2b: Hoopa|[spread] p2a,p2b\n|-damage|p2a: Enamorus|56\/100\n|-damage|p2b: Hoopa|66\/100\n|move|p2a: Enamorus|Dazzling Gleam|p1b: CHEEEEESE \ud83e\uddc0\ud83e\uddc0\ud83e\uddc0|[spread] p1a,p1b\n|-damage|p1a: Silhouette|55\/100\n|-damage|p1b: CHEEEEESE \ud83e\uddc0\ud83e\uddc0\ud83e\uddc0|58\/100\n|\n|-weather|SunnyDay|[upkeep]\n|-heal|p2a: Enamorus|62\/100|[from] item: Leftovers\n|upkeep\n|turn|3\n|\n|t:|1698617664\n|move|p1b: CHEEEEESE \ud83e\uddc0\ud83e\uddc0\ud83e\uddc0|Helping Hand|p1a: Silhouette\n|-singleturn|p1a: Silhouette|Helping Hand|[of] p1b: CHEEEEESE \ud83e\uddc0\ud83e\uddc0\ud83e\uddc0\n|move|p2b: Hoopa|Energy Ball|p1a: Silhouette\n|-resisted|p1a: Silhouette\n|-damage|p1a: Silhouette|40\/100\n|move|p1a: Silhouette|Heat Wave|p2a: Enamorus|[spread] p2a,p2b\n|-damage|p2a: Enamorus|0 fnt\n|-damage|p2b: Hoopa|12\/100\n|faint|p2a: Enamorus\n|\n|-weather|SunnyDay|[upkeep]\n|upkeep\n|j| Redzone92\n|\n|t:|1698617678\n|switch|p2a: Torkoal|Torkoal, M, shiny|100\/100\n|turn|4\n|\n|t:|1698617719\n|move|p2b: Hoopa|Energy Ball|p1b: CHEEEEESE \ud83e\uddc0\ud83e\uddc0\ud83e\uddc0\n|-damage|p1b: CHEEEEESE \ud83e\uddc0\ud83e\uddc0\ud83e\uddc0|16\/100\n|-enditem|p1b: CHEEEEESE \ud83e\uddc0\ud83e\uddc0\ud83e\uddc0|Sitrus Berry|[eat]\n|-heal|p1b: CHEEEEESE \ud83e\uddc0\ud83e\uddc0\ud83e\uddc0|40\/100|[from] item: Sitrus Berry\n|move|p1b: CHEEEEESE \ud83e\uddc0\ud83e\uddc0\ud83e\uddc0|U-turn|p2b: Hoopa\n|-damage|p2b: Hoopa|0 fnt\n|faint|p2b: Hoopa\n|\n|t:|1698617745\n|switch|p1b: MotoMotoLikesYou|Hippowdon, F|45\/100|[from] U-turn\n|move|p1a: Silhouette|Nasty Plot|p1a: Silhouette\n|-boost|p1a: Silhouette|spa|2\n|move|p2a: Torkoal|Eruption|p1b: MotoMotoLikesYou|[spread] p1a,p1b\n|-damage|p1a: Silhouette|0 fnt\n|-damage|p1b: MotoMotoLikesYou|0 fnt\n|faint|p1a: Silhouette\n|faint|p1b: MotoMotoLikesYou\n|\n|-weather|SunnyDay|[upkeep]\n|upkeep\n|\n|t:|1698617769\n|switch|p1a: Suicune Who?|Walking Wake|100\/100\n|switch|p2b: Thundurus|Thundurus, M, shiny|100\/100\n|switch|p1b: CHEEEEESE \ud83e\uddc0\ud83e\uddc0\ud83e\uddc0|Maushold-Four, shiny|40\/100\n|-activate|p1a: Suicune Who?|ability: Protosynthesis\n|-start|p1a: Suicune Who?|protosynthesisspe\n|turn|5\n|\n|t:|1698617781\n|move|p1b: CHEEEEESE \ud83e\uddc0\ud83e\uddc0\ud83e\uddc0|Follow Me|p1b: CHEEEEESE \ud83e\uddc0\ud83e\uddc0\ud83e\uddc0\n|-singleturn|p1b: CHEEEEESE \ud83e\uddc0\ud83e\uddc0\ud83e\uddc0|move: Follow Me\n|move|p1a: Suicune Who?|Hydro Steam|p2b: Thundurus\n|-damage|p2b: Thundurus|19\/100\n|move|p2b: Thundurus|Volt Switch|p1b: CHEEEEESE \ud83e\uddc0\ud83e\uddc0\ud83e\uddc0\n|-damage|p1b: CHEEEEESE \ud83e\uddc0\ud83e\uddc0\ud83e\uddc0|0 fnt\n|faint|p1b: CHEEEEESE \ud83e\uddc0\ud83e\uddc0\ud83e\uddc0\n|\n|t:|1698617790\n|switch|p2b: Regidrago|Regidrago, shiny|100\/100|[from] Volt Switch\n|move|p2a: Torkoal|Eruption|p1a: Suicune Who?\n|-resisted|p1a: Suicune Who?\n|-damage|p1a: Suicune Who?|79\/100\n|\n|-weather|none\n|-end|p1a: Suicune Who?|Protosynthesis\n|upkeep\n|\n|t:|1698617799\n|switch|p1b: PinkGenieThing|Enamorus, F, shiny|100\/100\n|turn|6\n|\n|t:|1698617837\n|move|p1a: Suicune Who?|Dragon Pulse|p2b: Regidrago\n|-supereffective|p2b: Regidrago\n|-damage|p2b: Regidrago|15\/100\n|move|p1b: PinkGenieThing|Dazzling Gleam|p2b: Regidrago|[spread] p2a,p2b\n|-resisted|p2a: Torkoal\n|-supereffective|p2b: Regidrago\n|-damage|p2a: Torkoal|81\/100\n|-damage|p2b: Regidrago|0 fnt\n|faint|p2b: Regidrago\n|move|p2a: Torkoal|Yawn|p1b: PinkGenieThing\n|-start|p1b: PinkGenieThing|move: Yawn|[of] p2a: Torkoal\n|\n|upkeep\n|\n|t:|1698617846\n|switch|p2b: Thundurus|Thundurus, M, shiny|19\/100\n|turn|7\n|j| GoDDanteX\n|\n|t:|1698617881\n|move|p2b: Thundurus|Thunderbolt|p1a: Suicune Who?\n|-damage|p1a: Suicune Who?|46\/100\n|move|p1a: Suicune Who?|Hydro Steam|p2b: Thundurus\n|-crit|p2b: Thundurus\n|-damage|p2b: Thundurus|0 fnt\n|faint|p2b: Thundurus\n|move|p1b: PinkGenieThing|Dazzling Gleam|p2a: Torkoal\n|-resisted|p2a: Torkoal\n|-damage|p2a: Torkoal|51\/100\n|move|p2a: Torkoal|Eruption|p1a: Suicune Who?|[spread] p1a,p1b\n|-resisted|p1a: Suicune Who?\n|-damage|p1a: Suicune Who?|40\/100\n|-damage|p1b: PinkGenieThing|58\/100\n|\n|-end|p1b: PinkGenieThing|move: Yawn|[silent]\n|-status|p1b: PinkGenieThing|slp\n|upkeep\n|turn|8\n|\n|t:|1698617908\n|move|p1a: Suicune Who?|Hydro Steam|p2a: Torkoal\n|-supereffective|p2a: Torkoal\n|-damage|p2a: Torkoal|0 fnt\n|faint|p2a: Torkoal\n|\n|win|Kevin Dickey12\n","uploadtime":1698617917,"views":32,"p1id":"kevindickey12","p2id":"sadboigaming","formatid":"gen9doublesou","rating":0,"private":0,"password":""}