{"id":"gen9doublesou-1993977606","p1":"12 Charlie","p2":"RuyNam","format":"[Gen 9] Doubles OU","log":"|j|\u260612 Charlie\n|j|\u2606RuyNam\n|t:|1700386861\n|gametype|doubles\n|player|p1|12 Charlie|falkner|1154\n|player|p2|RuyNam|n|1074\n|teamsize|p1|6\n|teamsize|p2|6\n|gen|9\n|tier|[Gen 9] Doubles OU\n|rated|\n|rule|Species Clause: Limit one of each Pok\u00e9mon\n|rule|OHKO Clause: OHKO moves are banned\n|rule|Evasion Moves Clause: Evasion moves are banned\n|rule|Gravity Sleep Clause: The combination of sleep-inducing moves with imperfect accuracy and Gravity or Gigantamax Orbeetle are banned\n|rule|Endless Battle Clause: Forcing endless battles is banned\n|rule|HP Percentage Mod: HP is shown in percentages\n|clearpoke\n|poke|p1|Sinistcha|\n|poke|p1|Ogerpon-Hearthflame, F|\n|poke|p1|Iron Hands|\n|poke|p1|Ursaluna-Bloodmoon, M|\n|poke|p1|Samurott-Hisui, F|\n|poke|p1|Cresselia, F|\n|poke|p2|Corviknight, F|\n|poke|p2|Amoonguss, F|\n|poke|p2|Garchomp, F|\n|poke|p2|Grimmsnarl, M|\n|poke|p2|Chi-Yu|\n|poke|p2|Landorus-Therian, M|\n|teampreview\n|\n|t:|1700386878\n|start\n|switch|p1a: Cresselia|Cresselia, F|100\/100\n|switch|p1b: Sinistchy|Sinistcha, shiny|100\/100\n|switch|p2a: Grimmsnarl|Grimmsnarl, M|100\/100\n|switch|p2b: Landorus|Landorus-Therian, M|100\/100\n|-ability|p2b: Landorus|Intimidate|boost\n|-unboost|p1a: Cresselia|atk|1\n|-unboost|p1b: Sinistchy|atk|1\n|turn|1\n|\n|t:|1700386895\n|switch|p1b: Samurott|Samurott-Hisui, F|100\/100\n|move|p2a: Grimmsnarl|Taunt|p1a: Cresselia\n|-start|p1a: Cresselia|move: Taunt\n|move|p2b: Landorus|Taunt||[still]\n|-fail|p2b: Landorus\n|cant|p1a: Cresselia|move: Taunt|Trick Room\n|\n|upkeep\n|turn|2\n|\n|t:|1700386926\n|switch|p2b: Amoonguss|Amoonguss, F|100\/100\n|move|p2a: Grimmsnarl|Reflect|p2a: Grimmsnarl\n|-sidestart|p2: RuyNam|Reflect\n|move|p1b: Samurott|Sacred Sword|p2a: Grimmsnarl\n|-damage|p2a: Grimmsnarl|77\/100\n|move|p1a: Cresselia|Ice Beam|p2b: Amoonguss\n|-supereffective|p2b: Amoonguss\n|-damage|p2b: Amoonguss|79\/100\n|\n|-heal|p2b: Amoonguss|85\/100|[from] item: Leftovers\n|upkeep\n|turn|3\n|\n|t:|1700386956\n|switch|p1b: Ogerpon|Ogerpon-Hearthflame, F|100\/100\n|-ability|p1b: Ogerpon|Mold Breaker\n|move|p2a: Grimmsnarl|Light Screen|p2a: Grimmsnarl\n|-sidestart|p2: RuyNam|move: Light Screen\n|move|p1a: Cresselia|Ice Beam|p2b: Amoonguss\n|-supereffective|p2b: Amoonguss\n|-damage|p2b: Amoonguss|70\/100\n|-status|p2b: Amoonguss|frz\n|-curestatus|p2b: Amoonguss|frz|[msg]\n|move|p2b: Amoonguss|Spore|p1a: Cresselia\n|-activate|p1a: Cresselia|item: Safety Goggles|Spore\n|\n|-heal|p2b: Amoonguss|77\/100|[from] item: Leftovers\n|-end|p1a: Cresselia|move: Taunt\n|upkeep\n|turn|4\n|\n|t:|1700386998\n|move|p2a: Grimmsnarl|Taunt|p1a: Cresselia\n|-start|p1a: Cresselia|move: Taunt\n|move|p1b: Ogerpon|Horn Leech|p2a: Grimmsnarl\n|-damage|p2a: Grimmsnarl|51\/100\n|move|p2b: Amoonguss|Foul Play|p1b: Ogerpon\n|-damage|p1b: Ogerpon|63\/100\n|cant|p1a: Cresselia|move: Taunt|Trick Room\n|\n|-heal|p2b: Amoonguss|83\/100|[from] item: Leftovers\n|upkeep\n|turn|5\n|\n|t:|1700387029\n|switch|p2a: Garchomp|Garchomp, F|100\/100\n|move|p1b: Ogerpon|Ivy Cudgel|p2b: Amoonguss|[anim] Ivy Cudgel Fire\n|-supereffective|p2b: Amoonguss\n|-damage|p2b: Amoonguss|0 fnt\n|faint|p2b: Amoonguss\n|move|p1a: Cresselia|Ice Beam|p2a: Garchomp\n|-supereffective|p2a: Garchomp\n|-damage|p2a: Garchomp|45\/100\n|\n|upkeep\n|\n|t:|1700387041\n|switch|p2b: Grimmsnarl|Grimmsnarl, M|51\/100\n|turn|6\n|\n|t:|1700387089\n|-terastallize|p2a: Garchomp|Steel\n|move|p2b: Grimmsnarl|Parting Shot|p1b: Ogerpon\n|-unboost|p1b: Ogerpon|atk|1\n|-unboost|p1b: Ogerpon|spa|1\n|\n|t:|1700387097\n|switch|p2b: Landorus|Landorus-Therian, M|100\/100|[from] Parting Shot\n|-ability|p2b: Landorus|Intimidate|boost\n|-unboost|p1a: Cresselia|atk|1\n|-unboost|p1b: Ogerpon|atk|1\n|move|p2a: Garchomp|Rock Slide|p1a: Cresselia|[spread] p1a,p1b\n|-crit|p1a: Cresselia\n|-supereffective|p1b: Ogerpon\n|-damage|p1a: Cresselia|81\/100\n|-damage|p1b: Ogerpon|19\/100\n|move|p1b: Ogerpon|Horn Leech|p2a: Garchomp\n|-resisted|p2a: Garchomp\n|-damage|p2a: Garchomp|39\/100\n|-heal|p1b: Ogerpon|23\/100|[from] drain|[of] p2a: Garchomp\n|-damage|p1b: Ogerpon|10\/100|[from] ability: Rough Skin|[of] p2a: Garchomp\n|-damage|p1b: Ogerpon|0 fnt|[from] item: Rocky Helmet|[of] p2a: Garchomp\n|faint|p1b: Ogerpon\n|move|p1a: Cresselia|Ice Beam|p2a: Garchomp\n|-resisted|p2a: Garchomp\n|-damage|p2a: Garchomp|32\/100\n|\n|-end|p1a: Cresselia|move: Taunt\n|upkeep\n|\n|t:|1700387118\n|switch|p1b: Sinistchy|Sinistcha, shiny|100\/100\n|-heal|p1a: Cresselia|100\/100|[from] ability: Hospitality|[of] p1b: Sinistchy\n|turn|7\n|\n|t:|1700387128\n|move|p1a: Cresselia|Helping Hand|p1b: Sinistchy\n|-singleturn|p1b: Sinistchy|Helping Hand|[of] p1a: Cresselia\n|move|p2a: Garchomp|Earthquake|p1a: Cresselia|[spread] p1b\n|-immune|p2b: Landorus\n|-immune|p1a: Cresselia|[from] ability: Levitate\n|-resisted|p1b: Sinistchy\n|-damage|p1b: Sinistchy|81\/100\n|move|p2b: Landorus|Taunt|p1a: Cresselia\n|-start|p1a: Cresselia|move: Taunt\n|move|p1b: Sinistchy|Matcha Gotcha|p2a: Garchomp|[spread] p2a,p2b\n|-resisted|p2a: Garchomp\n|-damage|p2a: Garchomp|11\/100\n|-heal|p1b: Sinistchy|92\/100|[from] drain|[of] p2a: Garchomp\n|-damage|p2b: Landorus|56\/100\n|-heal|p1b: Sinistchy|100\/100|[from] drain|[of] p2b: Landorus\n|\n|-heal|p2b: Landorus|62\/100|[from] item: Leftovers\n|upkeep\n|turn|8\n|\n|t:|1700387159\n|move|p2a: Garchomp|Dragon Claw|p1b: Sinistchy\n|-damage|p1b: Sinistchy|65\/100\n|move|p2b: Landorus|Rock Slide|p1a: Cresselia|[spread] p1a,p1b\n|-damage|p1a: Cresselia|86\/100\n|-damage|p1b: Sinistchy|47\/100\n|move|p1a: Cresselia|Ice Beam|p2a: Garchomp\n|-resisted|p2a: Garchomp\n|-damage|p2a: Garchomp|5\/100\n|cant|p1b: Sinistchy|flinch\n|\n|-heal|p2b: Landorus|68\/100|[from] item: Leftovers\n|upkeep\n|turn|9\n|\n|t:|1700387182\n|switch|p1a: Samurott|Samurott-Hisui, F|100\/100\n|move|p2a: Garchomp|Dragon Claw|p1b: Sinistchy\n|-damage|p1b: Sinistchy|7\/100\n|move|p2b: Landorus|Rock Slide|p1a: Samurott|[spread] p1a,p1b\n|-damage|p1a: Samurott|71\/100\n|-damage|p1b: Sinistchy|0 fnt\n|faint|p1b: Sinistchy\n|\n|-heal|p2b: Landorus|74\/100|[from] item: Leftovers\n|-sideend|p2: RuyNam|Reflect\n|upkeep\n|\n|t:|1700387196\n|switch|p1b: Cresselia|Cresselia, F|86\/100\n|turn|10\n|\n|t:|1700387217\n|move|p2a: Garchomp|Protect|p2a: Garchomp\n|-singleturn|p2a: Garchomp|Protect\n|move|p2b: Landorus|Taunt|p1b: Cresselia\n|-start|p1b: Cresselia|move: Taunt\n|move|p1a: Samurott|Aqua Cutter|p2b: Landorus\n|-supereffective|p2b: Landorus\n|-damage|p2b: Landorus|0 fnt\n|faint|p2b: Landorus\n|move|p1b: Cresselia|Ice Beam|p2a: Garchomp\n|-activate|p2a: Garchomp|move: Protect\n|\n|-sideend|p2: RuyNam|move: Light Screen\n|upkeep\n|\n|t:|1700387259\n|switch|p2b: Chi-Yu|Chi-Yu|100\/100\n|-ability|p2b: Chi-Yu|Beads of Ruin\n|turn|11\n|\n|t:|1700387271\n|move|p2a: Garchomp|Dragon Claw|p1a: Samurott\n|-damage|p1a: Samurott|18\/100\n|move|p2b: Chi-Yu|Dark Pulse|p1b: Cresselia\n|-supereffective|p1b: Cresselia\n|-damage|p1b: Cresselia|0 fnt\n|faint|p1b: Cresselia\n|move|p1a: Samurott|Sacred Sword|p2b: Chi-Yu\n|-supereffective|p2b: Chi-Yu\n|-damage|p2b: Chi-Yu|0 fnt\n|faint|p2b: Chi-Yu\n|\n|upkeep\n|\n|t:|1700387288\n|switch|p2b: Corviknight|Corviknight, F|100\/100\n|switch|p1b: Freddy fazbear|Ursaluna-Bloodmoon, M|100\/100\n|turn|12\n|inactive|Battle timer is ON: inactive players will automatically lose when time's up. (requested by 12 Charlie)\n|c|\u2606RuyNam|Freddy fazbear\n|c|\u2606RuyNam|\ud83e\udd11\ud83e\udd11\ud83e\udd11\n|\n|t:|1700387343\n|-terastallize|p1b: Freddy fazbear|Normal\n|move|p2a: Garchomp|Earthquake|p1b: Freddy fazbear|[spread] p1a,p1b\n|-immune|p2b: Corviknight\n|-damage|p1a: Samurott|0 fnt\n|-damage|p1b: Freddy fazbear|75\/100\n|faint|p1a: Samurott\n|move|p2b: Corviknight|Brave Bird|p1b: Freddy fazbear\n|-damage|p1b: Freddy fazbear|50\/100\n|-damage|p2b: Corviknight|92\/100|[from] Recoil\n|move|p1b: Freddy fazbear|Hyper Voice|p2a: Garchomp|[spread] p2a,p2b\n|-resisted|p2a: Garchomp\n|-resisted|p2b: Corviknight\n|-damage|p2a: Garchomp|0 fnt\n|-damage|p2b: Corviknight|76\/100\n|faint|p2a: Garchomp\n|-enditem|p1b: Freddy fazbear|Throat Spray\n|-boost|p1b: Freddy fazbear|spa|1|[from] item: Throat Spray\n|\n|upkeep\n|c|\u260612 Charlie|What I watch moxie boosted\n|\n|t:|1700387361\n|switch|p2a: Grimmsnarl|Grimmsnarl, M|51\/100\n|switch|p1a: Brion Hands|Iron Hands, shiny|100\/100\n|turn|13\n|\n|t:|1700387374\n|move|p2a: Grimmsnarl|Parting Shot|p1a: Brion Hands\n|-unboost|p1a: Brion Hands|atk|1\n|-unboost|p1a: Brion Hands|spa|1\n|move|p2b: Corviknight|Body Press|p1b: Freddy fazbear\n|-supereffective|p1b: Freddy fazbear\n|-damage|p1b: Freddy fazbear|24\/100\n|move|p1b: Freddy fazbear|Blood Moon|p2b: Corviknight\n|-resisted|p2b: Corviknight\n|-damage|p2b: Corviknight|23\/100\n|move|p1a: Brion Hands|Drain Punch|p2a: Grimmsnarl\n|-damage|p2a: Grimmsnarl|24\/100\n|\n|upkeep\n|turn|14\n|\n|t:|1700387394\n|move|p2a: Grimmsnarl|Reflect|p2a: Grimmsnarl\n|-sidestart|p2: RuyNam|Reflect\n|move|p2b: Corviknight|Roost|p2b: Corviknight\n|-heal|p2b: Corviknight|73\/100\n|-singleturn|p2b: Corviknight|move: Roost\n|move|p1b: Freddy fazbear|Earth Power|p2a: Grimmsnarl\n|-damage|p2a: Grimmsnarl|0 fnt\n|faint|p2a: Grimmsnarl\n|move|p1a: Brion Hands|Wild Charge|p2b: Corviknight\n|-damage|p2b: Corviknight|53\/100\n|-damage|p1a: Brion Hands|84\/100|[from] item: Rocky Helmet|[of] p2b: Corviknight\n|-damage|p1a: Brion Hands|80\/100|[from] Recoil\n|\n|upkeep\n|turn|15\n|\n|t:|1700387412\n|move|p2b: Corviknight|Bulk Up|p2b: Corviknight\n|-boost|p2b: Corviknight|atk|1\n|-boost|p2b: Corviknight|def|1\n|move|p1b: Freddy fazbear|Blood Moon|p2b: Corviknight\n|-resisted|p2b: Corviknight\n|-damage|p2b: Corviknight|3\/100\n|move|p1a: Brion Hands|Wild Charge|p2b: Corviknight\n|-supereffective|p2b: Corviknight\n|-damage|p2b: Corviknight|0 fnt\n|-damage|p1a: Brion Hands|63\/100|[from] item: Rocky Helmet|[of] p2b: Corviknight\n|faint|p2b: Corviknight\n|-damage|p1a: Brion Hands|63\/100|[from] Recoil\n|\n|win|12 Charlie\n|raw|12 Charlie's rating: 1154 &rarr; <strong>1173<\/strong><br \/>(+19 for winning)\n|raw|RuyNam's rating: 1074 &rarr; <strong>1058<\/strong><br \/>(-16 for losing)\n|l|\u2606RuyNam\n|c|\u260612 Charlie|Sorry\n","uploadtime":1700387576,"views":22,"p1id":"12charlie","p2id":"ruynam","formatid":"gen9doublesou","rating":1058,"private":0,"password":""}