{"id":"gen9doublesou-2000170405","p1":"Cryptic_Brawler","p2":"Guy Oh","format":"[Gen 9] Doubles OU","log":"|j|\u203dCryptic_Brawler\n|j|\u203dGuy Oh\n|t:|1701166737\n|gametype|doubles\n|player|p1|Cryptic_Brawler|ghetsis-gen5bw|\n|player|p2|Guy Oh|boarder|\n|teamsize|p1|6\n|teamsize|p2|6\n|gen|9\n|tier|[Gen 9] Doubles OU\n|rule|Species Clause: Limit one of each Pok\u00e9mon\n|rule|OHKO Clause: OHKO moves are banned\n|rule|Evasion Moves Clause: Evasion moves are banned\n|rule|Gravity Sleep Clause: The combination of sleep-inducing moves with imperfect accuracy and Gravity or Gigantamax Orbeetle are banned\n|rule|Endless Battle Clause: Forcing endless battles is banned\n|rule|HP Percentage Mod: HP is shown in percentages\n|clearpoke\n|poke|p1|Scizor, F|\n|poke|p1|Ogerpon-Wellspring, F|\n|poke|p1|Politoed, F|\n|poke|p1|Garchomp, M|\n|poke|p1|Talonflame, M|\n|poke|p1|Iron Valiant|\n|poke|p2|Torkoal, F|\n|poke|p2|Roaring Moon|\n|poke|p2|Flutter Mane|\n|poke|p2|Rillaboom, F|\n|poke|p2|Heatran, M|\n|poke|p2|Armarouge, M|\n|teampreview\n|\n|t:|1701166750\n|start\n|switch|p1a: Scizor|Scizor, F|100\/100\n|switch|p1b: Ogerpon|Ogerpon-Wellspring, F|100\/100\n|switch|p2a: Torkoal|Torkoal, F|100\/100\n|switch|p2b: Armarouge|Armarouge, M|100\/100\n|-weather|SunnyDay|[from] ability: Drought|[of] p2a: Torkoal\n|turn|1\n|\n|t:|1701166775\n|move|p1b: Ogerpon|Follow Me|p1b: Ogerpon\n|-singleturn|p1b: Ogerpon|move: Follow Me\n|move|p2b: Armarouge|Solar Beam||[still]\n|-prepare|p2b: Armarouge|Solar Beam\n|-anim|p2b: Armarouge|Solar Beam|p1b: Ogerpon\n|-damage|p1b: Ogerpon|70\/100\n|move|p1a: Scizor|Swords Dance|p1a: Scizor\n|-boost|p1a: Scizor|atk|2\n|move|p2a: Torkoal|Eruption|p1a: Scizor|[spread] p1a,p1b\n|-supereffective|p1a: Scizor\n|-damage|p1a: Scizor|0 fnt\n|-damage|p1b: Ogerpon|0 fnt\n|faint|p1a: Scizor\n|faint|p1b: Ogerpon\n|\n|-weather|SunnyDay|[upkeep]\n|upkeep\n|\n|t:|1701166803\n|switch|p1b: Garchomp|Garchomp, M|100\/100\n|switch|p1a: Politoed|Politoed, F|100\/100\n|-weather|RainDance|[from] ability: Drizzle|[of] p1a: Politoed\n|turn|2\n|\n|t:|1701166838\n|switch|p2b: Roaring Moon|Roaring Moon|100\/100\n|-enditem|p2b: Roaring Moon|Booster Energy\n|-activate|p2b: Roaring Moon|ability: Protosynthesis|[fromitem]\n|-start|p2b: Roaring Moon|protosynthesisatk\n|switch|p2a: Rillaboom|Rillaboom, F|100\/100\n|-fieldstart|move: Grassy Terrain|[from] ability: Grassy Surge|[of] p2a: Rillaboom\n|move|p1b: Garchomp|Stone Edge|p2a: Rillaboom|[miss]\n|-miss|p1b: Garchomp|p2a: Rillaboom\n|move|p1a: Politoed|Earth Power|p2b: Roaring Moon\n|-damage|p2b: Roaring Moon|76\/100\n|\n|-weather|RainDance|[upkeep]\n|-heal|p2b: Roaring Moon|82\/100|[from] Grassy Terrain\n|upkeep\n|turn|3\n|\n|t:|1701166882\n|move|p2b: Roaring Moon|Tailwind|p2b: Roaring Moon\n|-sidestart|p2: Guy Oh|move: Tailwind\n|move|p2a: Rillaboom|Sunny Day|p2a: Rillaboom\n|-weather|SunnyDay\n|move|p1b: Garchomp|Poison Jab|p2a: Rillaboom\n|-supereffective|p2a: Rillaboom\n|-damage|p2a: Rillaboom|36\/100\n|move|p1a: Politoed|Ice Beam|p2b: Roaring Moon\n|-supereffective|p2b: Roaring Moon\n|-damage|p2b: Roaring Moon|29\/100\n|\n|-weather|SunnyDay|[upkeep]\n|-heal|p2b: Roaring Moon|35\/100|[from] Grassy Terrain\n|-heal|p2a: Rillaboom|42\/100|[from] Grassy Terrain\n|upkeep\n|turn|4\n|\n|t:|1701166905\n|move|p2b: Roaring Moon|Breaking Swipe|p1b: Garchomp|[spread] p1a,p1b\n|-crit|p1a: Politoed\n|-supereffective|p1b: Garchomp\n|-damage|p1a: Politoed|49\/100\n|-damage|p1b: Garchomp|36\/100\n|-unboost|p1a: Politoed|atk|1\n|-unboost|p1b: Garchomp|atk|1\n|-damage|p2b: Roaring Moon|22\/100|[from] ability: Rough Skin|[of] p1b: Garchomp\n|-damage|p2b: Roaring Moon|6\/100|[from] item: Rocky Helmet|[of] p1b: Garchomp\n|move|p2a: Rillaboom|Wood Hammer|p1a: Politoed\n|-supereffective|p1a: Politoed\n|-damage|p1a: Politoed|0 fnt\n|faint|p1a: Politoed\n|-damage|p2a: Rillaboom|24\/100|[from] Recoil\n|-enditem|p2a: Rillaboom|Aguav Berry|[eat]\n|-heal|p2a: Rillaboom|57\/100|[from] item: Aguav Berry\n|move|p1b: Garchomp|Poison Jab|p2a: Rillaboom\n|-supereffective|p2a: Rillaboom\n|-damage|p2a: Rillaboom|13\/100\n|\n|-weather|SunnyDay|[upkeep]\n|-heal|p2b: Roaring Moon|12\/100|[from] Grassy Terrain\n|-heal|p2a: Rillaboom|20\/100|[from] Grassy Terrain\n|-heal|p1b: Garchomp|42\/100|[from] Grassy Terrain\n|upkeep\n|\n|t:|1701166923\n|switch|p1a: Talonflame|Talonflame, M|100\/100\n|turn|5\n|\n|t:|1701166983\n|move|p2b: Roaring Moon|Breaking Swipe|p1b: Garchomp|[spread] p1a,p1b\n|-crit|p1a: Talonflame\n|-supereffective|p1b: Garchomp\n|-damage|p1a: Talonflame|25\/100\n|-damage|p1b: Garchomp|0 fnt\n|-unboost|p1a: Talonflame|atk|1\n|-damage|p2b: Roaring Moon|0 fnt|[from] ability: Rough Skin|[of] p1b: Garchomp\n|faint|p1b: Garchomp\n|faint|p2b: Roaring Moon\n|-end|p2b: Roaring Moon|Protosynthesis|[silent]\n|move|p2a: Rillaboom|U-turn|p1a: Talonflame\n|-resisted|p1a: Talonflame\n|-damage|p1a: Talonflame|17\/100\n|\n|t:|1701167011\n|switch|p2a: Flutter Mane|Flutter Mane|100\/100|[from] U-turn\n|-activate|p2a: Flutter Mane|ability: Protosynthesis\n|-start|p2a: Flutter Mane|protosynthesisspe\n|move|p1a: Talonflame|U-turn|p2a: Flutter Mane\n|-resisted|p2a: Flutter Mane\n|-damage|p2a: Flutter Mane|97\/100\n|\n|t:|1701167019\n|switch|p1a: Iron Valiant|Iron Valiant|100\/100|[from] U-turn\n|-enditem|p1a: Iron Valiant|Booster Energy\n|-activate|p1a: Iron Valiant|ability: Quark Drive|[fromitem]\n|-start|p1a: Iron Valiant|quarkdrivespe\n|\n|-weather|SunnyDay|[upkeep]\n|-heal|p2a: Flutter Mane|100\/100|[from] Grassy Terrain\n|upkeep\n|\n|t:|1701167034\n|switch|p2b: Torkoal|Torkoal, F|100\/100\n|switch|p1b: Talonflame|Talonflame, M|17\/100\n|turn|6\n|\n|t:|1701167069\n|move|p2a: Flutter Mane|Dazzling Gleam|p1b: Talonflame|[spread] p1a,p1b\n|-supereffective|p1a: Iron Valiant\n|-resisted|p1b: Talonflame\n|-damage|p1a: Iron Valiant|2\/100\n|-damage|p1b: Talonflame|0 fnt\n|faint|p1b: Talonflame\n|move|p1a: Iron Valiant|Close Combat|p2b: Torkoal\n|-damage|p2b: Torkoal|56\/100\n|-unboost|p1a: Iron Valiant|def|1\n|-unboost|p1a: Iron Valiant|spd|1\n|move|p2b: Torkoal|Eruption|p1a: Iron Valiant\n|-damage|p1a: Iron Valiant|0 fnt\n|faint|p1a: Iron Valiant\n|-end|p1a: Iron Valiant|Quark Drive|[silent]\n|\n|win|Guy Oh\n|l|\u203dCryptic_Brawler\n","uploadtime":1701167083,"views":13,"p1id":"crypticbrawler","p2id":"guyoh","formatid":"gen9doublesou","rating":0,"private":0,"password":""}