{"id":"gen9doublesou-1989503108","p1":"bearorsomething","p2":"Geheimagent020","format":"[Gen 9] Doubles OU","log":"|j|\u2606bearorsomething\n|j|\u2606Geheimagent020\n|t:|1699861749\n|gametype|doubles\n|player|p1|bearorsomething|roxanne|1072\n|player|p2|Geheimagent020|1|1052\n|teamsize|p1|6\n|teamsize|p2|6\n|gen|9\n|tier|[Gen 9] Doubles OU\n|rated|\n|rule|Species Clause: Limit one of each Pok\u00e9mon\n|rule|OHKO Clause: OHKO moves are banned\n|rule|Evasion Moves Clause: Evasion moves are banned\n|rule|Gravity Sleep Clause: The combination of sleep-inducing moves with imperfect accuracy and Gravity or Gigantamax Orbeetle are banned\n|rule|Endless Battle Clause: Forcing endless battles is banned\n|rule|HP Percentage Mod: HP is shown in percentages\n|clearpoke\n|poke|p1|Hariyama, M|\n|poke|p1|Thundurus, M|\n|poke|p1|Iron Bundle|\n|poke|p1|Iron Hands|\n|poke|p1|Sinistcha-Masterpiece|\n|poke|p1|Ogerpon-Hearthflame, F|\n|poke|p2|Ceruledge, M|\n|poke|p2|Alomomola, M|\n|poke|p2|Manaphy|\n|poke|p2|Gholdengo|\n|poke|p2|Clefairy, F|\n|poke|p2|Kommo-o, F|\n|teampreview\n|\n|t:|1699861760\n|start\n|switch|p1a: Thundurus|Thundurus, M|100\/100\n|switch|p1b: Ogerpon|Ogerpon-Hearthflame, F|100\/100\n|switch|p2a: Clefairy|Clefairy, F|100\/100\n|switch|p2b: Manaphy|Manaphy|100\/100\n|-ability|p1b: Ogerpon|Mold Breaker\n|turn|1\n|\n|t:|1699861771\n|move|p2a: Clefairy|Follow Me|p2a: Clefairy\n|-singleturn|p2a: Clefairy|move: Follow Me\n|move|p1a: Thundurus|Taunt|p2a: Clefairy\n|-start|p2a: Clefairy|move: Taunt\n|move|p1b: Ogerpon|Knock Off|p2a: Clefairy\n|-resisted|p2a: Clefairy\n|-damage|p2a: Clefairy|80\/100\n|-enditem|p2a: Clefairy|Eviolite|[from] move: Knock Off|[of] p1b: Ogerpon\n|move|p2b: Manaphy|Tail Glow|p2b: Manaphy\n|-boost|p2b: Manaphy|spa|3\n|\n|upkeep\n|turn|2\n|\n|t:|1699861812\n|switch|p1a: Sinistcha|Sinistcha-Masterpiece|100\/100\n|move|p1b: Ogerpon|Knock Off|p2b: Manaphy\n|-damage|p2b: Manaphy|73\/100\n|-enditem|p2b: Manaphy|Focus Sash|[from] move: Knock Off|[of] p1b: Ogerpon\n|move|p2b: Manaphy|Baton Pass|p2b: Manaphy\n|\n|t:|1699861822\n|switch|p2b: Gholdengo|Gholdengo|100\/100|[from] Baton Pass\n|move|p2a: Clefairy|Dazzling Gleam|p1a: Sinistcha|[spread] p1a,p1b\n|-resisted|p1b: Ogerpon\n|-damage|p1a: Sinistcha|85\/100\n|-damage|p1b: Ogerpon|93\/100\n|\n|-heal|p1a: Sinistcha|91\/100|[from] item: Leftovers\n|upkeep\n|turn|3\n|\n|t:|1699861843\n|move|p2b: Gholdengo|Shadow Ball|p1a: Sinistcha\n|-supereffective|p1a: Sinistcha\n|-damage|p1a: Sinistcha|0 fnt\n|faint|p1a: Sinistcha\n|move|p1b: Ogerpon|Knock Off|p2b: Gholdengo\n|-supereffective|p2b: Gholdengo\n|-damage|p2b: Gholdengo|20\/100\n|-enditem|p2b: Gholdengo|Choice Scarf|[from] move: Knock Off|[of] p1b: Ogerpon\n|move|p2a: Clefairy|Dazzling Gleam|p1b: Ogerpon\n|-resisted|p1b: Ogerpon\n|-damage|p1b: Ogerpon|81\/100\n|\n|upkeep\n|\n|t:|1699861854\n|switch|p1a: Hariyama|Hariyama, M|100\/100\n|turn|4\n|\n|t:|1699861863\n|switch|p2b: Manaphy|Manaphy|73\/100\n|move|p1a: Hariyama|Bullet Punch|p2b: Manaphy\n|-resisted|p2b: Manaphy\n|-damage|p2b: Manaphy|70\/100\n|move|p1b: Ogerpon|Swords Dance|p1b: Ogerpon\n|-boost|p1b: Ogerpon|atk|2\n|move|p2a: Clefairy|Dazzling Gleam|p1b: Ogerpon|[spread] p1a,p1b\n|-supereffective|p1a: Hariyama\n|-resisted|p1b: Ogerpon\n|-damage|p1a: Hariyama|80\/100\n|-damage|p1b: Ogerpon|72\/100\n|\n|-end|p2a: Clefairy|move: Taunt\n|upkeep\n|turn|5\n|\n|t:|1699861884\n|move|p1a: Hariyama|Bullet Punch|p2a: Clefairy\n|-supereffective|p2a: Clefairy\n|-damage|p2a: Clefairy|25\/100\n|move|p1b: Ogerpon|Knock Off|p2b: Manaphy\n|-damage|p2b: Manaphy|38\/100\n|move|p2b: Manaphy|Haze|p2b: Manaphy\n|-clearallboost\n|move|p2a: Clefairy|Thunder Wave|p1b: Ogerpon\n|-status|p1b: Ogerpon|par\n|\n|upkeep\n|turn|6\n|\n|t:|1699861911\n|move|p1a: Hariyama|Bullet Punch|p2a: Clefairy\n|-supereffective|p2a: Clefairy\n|-damage|p2a: Clefairy|0 fnt\n|faint|p2a: Clefairy\n|move|p2b: Manaphy|Tail Glow|p2b: Manaphy\n|-boost|p2b: Manaphy|spa|3\n|move|p1b: Ogerpon|Ivy Cudgel|p2b: Manaphy\n|-resisted|p2b: Manaphy\n|-damage|p2b: Manaphy|17\/100\n|\n|upkeep\n|\n|t:|1699861928\n|switch|p2a: Ceruledge|Ceruledge, M|100\/100\n|turn|7\n|\n|t:|1699861934\n|move|p1a: Hariyama|Bullet Punch|p2b: Manaphy\n|-resisted|p2b: Manaphy\n|-damage|p2b: Manaphy|12\/100\n|move|p2a: Ceruledge|Bitter Blade|p1b: Ogerpon\n|-damage|p1b: Ogerpon|3\/100 par\n|move|p2b: Manaphy|Baton Pass|p2b: Manaphy\n|\n|t:|1699861945\n|switch|p2b: Kommo-o|Kommo-o, F|100\/100|[from] Baton Pass\n|cant|p1b: Ogerpon|par\n|\n|upkeep\n|turn|8\n|\n|t:|1699861968\n|switch|p1b: Thundurus|Thundurus, M|100\/100\n|switch|p1a: Iron Hands|Iron Hands|100\/100\n|move|p2a: Ceruledge|Shadow Sneak|p1b: Thundurus\n|-damage|p1b: Thundurus|71\/100\n|-enditem|p1b: Thundurus|Eject Button\n|\n|t:|1699861978\n|switch|p1b: Hariyama|Hariyama, M|80\/100\n|move|p2b: Kommo-o|Boomburst|p1a: Iron Hands|[spread] p1a,p1b\n|-immune|p2a: Ceruledge\n|-damage|p1a: Iron Hands|34\/100\n|-damage|p1b: Hariyama|31\/100\n|-enditem|p2b: Kommo-o|Throat Spray\n|-boost|p2b: Kommo-o|spa|1|[from] item: Throat Spray\n|-enditem|p1a: Iron Hands|Mirror Herb\n|-boost|p1a: Iron Hands|spa|1|[from] item: Mirror Herb\n|\n|upkeep\n|turn|9\n|\n|t:|1699861992\n|move|p1b: Hariyama|Fake Out|p2b: Kommo-o\n|-damage|p2b: Kommo-o|85\/100\n|cant|p2b: Kommo-o|flinch\n|move|p2a: Ceruledge|Bulk Up|p2a: Ceruledge\n|-boost|p2a: Ceruledge|atk|1\n|-boost|p2a: Ceruledge|def|1\n|move|p1a: Iron Hands|Play Rough|p2b: Kommo-o\n|-supereffective|p2b: Kommo-o\n|-damage|p2b: Kommo-o|0 fnt\n|faint|p2b: Kommo-o\n|\n|upkeep\n|\n|t:|1699862004\n|switch|p2b: Alomomola|Alomomola, M|100\/100\n|turn|10\n|\n|t:|1699862014\n|move|p2a: Ceruledge|Bitter Blade|p1a: Iron Hands\n|-damage|p1a: Iron Hands|0 fnt\n|faint|p1a: Iron Hands\n|-end|p1a: Iron Hands|Quark Drive|[silent]\n|move|p2b: Alomomola|Wish|p2b: Alomomola\n|move|p1b: Hariyama|Drain Punch|p2a: Ceruledge\n|-immune|p2a: Ceruledge\n|\n|upkeep\n|\n|t:|1699862021\n|switch|p1a: Thundurus|Thundurus, M|71\/100\n|turn|11\n|\n|t:|1699862030\n|switch|p2b: Gholdengo|Gholdengo|20\/100\n|switch|p1b: Ogerpon|Ogerpon-Hearthflame, F|3\/100 par\n|-ability|p1b: Ogerpon|Mold Breaker\n|move|p1a: Thundurus|Taunt|p2b: Gholdengo\n|-immune|p2b: Gholdengo|[from] ability: Good as Gold\n|move|p2a: Ceruledge|Taunt|p1a: Thundurus\n|-start|p1a: Thundurus|move: Taunt\n|\n|-heal|p2b: Gholdengo|95\/100|[from] move: Wish|[wisher] Alomomola\n|upkeep\n|turn|12\n|\n|t:|1699862050\n|switch|p2b: Alomomola|Alomomola, M|100\/100\n|switch|p1a: Hariyama|Hariyama, M|31\/100\n|move|p2a: Ceruledge|Shadow Sneak|p1b: Ogerpon\n|-damage|p1b: Ogerpon|0 fnt\n|faint|p1b: Ogerpon\n|\n|upkeep\n|\n|t:|1699862055\n|switch|p1b: Thundurus|Thundurus, M|71\/100\n|turn|13\n|\n|t:|1699862066\n|move|p1b: Thundurus|Swagger|p2a: Ceruledge\n|-boost|p2a: Ceruledge|atk|2\n|-start|p2a: Ceruledge|confusion\n|-activate|p2a: Ceruledge|confusion\n|-damage|p2a: Ceruledge|68\/100|[from] confusion\n|move|p2b: Alomomola|Wish|p2b: Alomomola\n|move|p1a: Hariyama|Drain Punch|p2b: Alomomola\n|-damage|p2b: Alomomola|75\/100\n|-heal|p1a: Hariyama|44\/100|[from] drain|[of] p2b: Alomomola\n|\n|-heal|p2a: Ceruledge|74\/100|[from] item: Leftovers\n|-heal|p2b: Alomomola|81\/100|[from] item: Leftovers\n|upkeep\n|turn|14\n|\n|t:|1699862086\n|switch|p2b: Manaphy|Manaphy|12\/100\n|move|p1a: Hariyama|Bullet Punch|p2a: Ceruledge\n|-resisted|p2a: Ceruledge\n|-damage|p2a: Ceruledge|67\/100\n|-activate|p2a: Ceruledge|confusion\n|-damage|p2a: Ceruledge|30\/100|[from] confusion\n|move|p1b: Thundurus|Foul Play|p2a: Ceruledge\n|-supereffective|p2a: Ceruledge\n|-damage|p2a: Ceruledge|0 fnt\n|faint|p2a: Ceruledge\n|\n|-heal|p2b: Manaphy|70\/100|[from] move: Wish|[wisher] Alomomola\n|upkeep\n|\n|t:|1699862098\n|switch|p2a: Alomomola|Alomomola, M|100\/100\n|turn|15\n|\n|t:|1699862110\n|move|p1b: Thundurus|Taunt|p2b: Manaphy\n|-start|p2b: Manaphy|move: Taunt\n|cant|p2b: Manaphy|move: Taunt|Tail Glow\n|move|p2a: Alomomola|Surf|p1b: Thundurus|[spread] p2b,p1a,p1b\n|-resisted|p2b: Manaphy\n|-damage|p2b: Manaphy|66\/100\n|-damage|p1a: Hariyama|36\/100\n|-damage|p1b: Thundurus|62\/100\n|move|p1a: Hariyama|Drain Punch|p2a: Alomomola\n|-damage|p2a: Alomomola|75\/100\n|-heal|p1a: Hariyama|48\/100|[from] drain|[of] p2a: Alomomola\n|\n|-heal|p2a: Alomomola|82\/100|[from] item: Leftovers\n|upkeep\n|turn|16\n|inactive|Battle timer is ON: inactive players will automatically lose when time's up. (requested by Geheimagent020)\n|\n|t:|1699862152\n|switch|p1a: Iron Bundle|Iron Bundle|100\/100\n|move|p1b: Thundurus|Swagger|p2a: Alomomola\n|-boost|p2a: Alomomola|atk|2\n|-start|p2a: Alomomola|confusion\n|move|p2b: Manaphy|Dazzling Gleam|p1a: Iron Bundle|[spread] p1a,p1b\n|-damage|p1a: Iron Bundle|72\/100\n|-damage|p1b: Thundurus|52\/100\n|-activate|p2a: Alomomola|confusion\n|move|p2a: Alomomola|Calm Mind|p2a: Alomomola\n|-boost|p2a: Alomomola|spa|1\n|-boost|p2a: Alomomola|spd|1\n|\n|-heal|p2a: Alomomola|88\/100|[from] item: Leftovers\n|upkeep\n|turn|17\n|\n|t:|1699862173\n|move|p1a: Iron Bundle|Freeze-Dry|p2a: Alomomola\n|-supereffective|p2a: Alomomola\n|-damage|p2a: Alomomola|24\/100\n|move|p1b: Thundurus|Foul Play|p2a: Alomomola\n|-damage|p2a: Alomomola|4\/100\n|move|p2b: Manaphy|Dazzling Gleam|p1b: Thundurus|[spread] p1a,p1b\n|-damage|p1a: Iron Bundle|45\/100\n|-damage|p1b: Thundurus|40\/100\n|-activate|p2a: Alomomola|confusion\n|move|p2a: Alomomola|Surf|p1b: Thundurus|[spread] p2b,p1a,p1b\n|-resisted|p2b: Manaphy\n|-resisted|p1a: Iron Bundle\n|-damage|p2b: Manaphy|59\/100\n|-damage|p1a: Iron Bundle|27\/100\n|-damage|p1b: Thundurus|26\/100\n|\n|-heal|p2a: Alomomola|10\/100|[from] item: Leftovers\n|-end|p2b: Manaphy|move: Taunt\n|upkeep\n|turn|18\n|\n|t:|1699862198\n|move|p1b: Thundurus|Taunt|p2b: Manaphy\n|-start|p2b: Manaphy|move: Taunt\n|move|p1a: Iron Bundle|Freeze-Dry|p2a: Alomomola\n|-supereffective|p2a: Alomomola\n|-damage|p2a: Alomomola|0 fnt\n|faint|p2a: Alomomola\n|move|p2b: Manaphy|Dazzling Gleam|p1b: Thundurus|[spread] p1a,p1b\n|-damage|p1a: Iron Bundle|0 fnt\n|-damage|p1b: Thundurus|16\/100\n|faint|p1a: Iron Bundle\n|-end|p1a: Iron Bundle|Quark Drive|[silent]\n|\n|upkeep\n|\n|t:|1699862208\n|switch|p1a: Hariyama|Hariyama, M|48\/100\n|switch|p2a: Gholdengo|Gholdengo|95\/100\n|turn|19\n|\n|t:|1699862220\n|-terastallize|p1a: Hariyama|Steel\n|move|p1a: Hariyama|Fake Out|p2b: Manaphy\n|-damage|p2b: Manaphy|50\/100\n|move|p1b: Thundurus|Swagger|p2a: Gholdengo\n|-immune|p2a: Gholdengo|[from] ability: Good as Gold\n|move|p2a: Gholdengo|Make It Rain|p1a: Hariyama|[spread] p1a,p1b\n|-resisted|p1a: Hariyama\n|-resisted|p1b: Thundurus\n|-damage|p1a: Hariyama|30\/100\n|-damage|p1b: Thundurus|0 fnt\n|-unboost|p2a: Gholdengo|spa|1\n|faint|p1b: Thundurus\n|cant|p2b: Manaphy|flinch\n|\n|upkeep\n|turn|20\n|\n|t:|1699862249\n|-terastallize|p2a: Gholdengo|Ghost\n|move|p2a: Gholdengo|Shadow Ball|p1a: Hariyama\n|-damage|p1a: Hariyama|3\/100\n|move|p2b: Manaphy|Dazzling Gleam|p1a: Hariyama\n|-resisted|p1a: Hariyama\n|-damage|p1a: Hariyama|0 fnt\n|faint|p1a: Hariyama\n|\n|win|Geheimagent020\n|raw|bearorsomething's rating: 1072 &rarr; <strong>1050<\/strong><br \/>(-22 for losing)\n|raw|Geheimagent020's rating: 1052 &rarr; <strong>1086<\/strong><br \/>(+34 for winning)\n|l|\u2606bearorsomething\n","uploadtime":1699862281,"views":14,"p1id":"bearorsomething","p2id":"geheimagent020","formatid":"gen9doublesou","rating":1050,"private":0,"password":""}