{"id":"gen9doublesou-1985826897","p1":"Milk salt","p2":"Luzork","format":"[Gen 9] Doubles OU","log":"|j|\u2606Milk salt\n|j|\u2606Luzork\n|t:|1699410408\n|gametype|doubles\n|player|p1|Milk salt|selene|1129\n|player|p2|Luzork|cynthia-gen4|1041\n|teamsize|p1|6\n|teamsize|p2|6\n|gen|9\n|tier|[Gen 9] Doubles OU\n|rated|\n|rule|Species Clause: Limit one of each Pok\u00e9mon\n|rule|OHKO Clause: OHKO moves are banned\n|rule|Evasion Moves Clause: Evasion moves are banned\n|rule|Gravity Sleep Clause: The combination of sleep-inducing moves with imperfect accuracy and Gravity or Gigantamax Orbeetle are banned\n|rule|Endless Battle Clause: Forcing endless battles is banned\n|rule|HP Percentage Mod: HP is shown in percentages\n|clearpoke\n|poke|p1|Volbeat, M|\n|poke|p1|Clefairy, F|\n|poke|p1|Chi-Yu|\n|poke|p1|Ursaluna-Bloodmoon, M|\n|poke|p1|Bellibolt, M|\n|poke|p1|Murkrow, F|\n|poke|p2|Ceruledge, F|\n|poke|p2|Armarouge, F|\n|poke|p2|Flamigo, F|\n|poke|p2|Slowking-Galar, F|\n|poke|p2|Ninetales-Alola, M|\n|poke|p2|Cetitan, M|\n|teampreview\n|\n|t:|1699410414\n|start\n|switch|p1a: Volbeat|Volbeat, M|100\/100\n|switch|p1b: Clefairy|Clefairy, F|100\/100\n|switch|p2a: Ceruledge|Ceruledge, F, shiny|100\/100\n|switch|p2b: Armarouge|Armarouge, F, shiny|100\/100\n|turn|1\n|inactive|Battle timer is ON: inactive players will automatically lose when time's up. (requested by Milk salt)\n|\n|t:|1699410435\n|move|p1b: Clefairy|Follow Me|p1b: Clefairy\n|-singleturn|p1b: Clefairy|move: Follow Me\n|move|p1a: Volbeat|Tail Glow|p1a: Volbeat\n|-boost|p1a: Volbeat|spa|3\n|move|p2a: Ceruledge|Bitter Blade|p1b: Clefairy\n|-damage|p1b: Clefairy|43\/100\n|move|p2b: Armarouge|Armor Cannon|p1b: Clefairy\n|-damage|p1b: Clefairy|5\/100\n|-unboost|p2b: Armarouge|def|1\n|-unboost|p2b: Armarouge|spd|1\n|\n|upkeep\n|turn|2\n|\n|t:|1699410452\n|move|p1b: Clefairy|Follow Me|p1b: Clefairy\n|-singleturn|p1b: Clefairy|move: Follow Me\n|move|p1a: Volbeat|Tail Glow|p1a: Volbeat\n|-boost|p1a: Volbeat|spa|3\n|move|p2a: Ceruledge|Astonish|p1b: Clefairy\n|-damage|p1b: Clefairy|0 fnt\n|faint|p1b: Clefairy\n|move|p2b: Armarouge|Astonish|p2a: Ceruledge\n|-supereffective|p2a: Ceruledge\n|-damage|p2a: Ceruledge|87\/100\n|-ability|p2a: Ceruledge|Weak Armor|boost\n|-unboost|p2a: Ceruledge|def|1\n|-boost|p2a: Ceruledge|spe|2\n|-enditem|p2a: Ceruledge|Weakness Policy\n|-boost|p2a: Ceruledge|atk|2|[from] item: Weakness Policy\n|-boost|p2a: Ceruledge|spa|2|[from] item: Weakness Policy\n|\n|upkeep\n|\n|t:|1699410473\n|switch|p1b: Murkrow|Murkrow, F|100\/100\n|turn|3\n|\n|t:|1699410485\n|switch|p2b: Flamigo|Flamigo, F, shiny|100\/100\n|-copyboost|p2b: Flamigo|p2a: Ceruledge|[from] ability: Costar\n|move|p1b: Murkrow|Tailwind|p1b: Murkrow\n|-sidestart|p1: Milk salt|move: Tailwind\n|move|p1a: Volbeat|Baton Pass|p1a: Volbeat\n|\n|t:|1699410493\n|switch|p1a: Bellibolt|Bellibolt, M|100\/100|[from] Baton Pass\n|move|p2a: Ceruledge|Bitter Blade|p1a: Bellibolt\n|-damage|p1a: Bellibolt|24\/100\n|-heal|p2a: Ceruledge|100\/100|[from] drain|[of] p1a: Bellibolt\n|-start|p1a: Bellibolt|Charge|Bitter Blade|[from] ability: Electromorphosis\n|-enditem|p1a: Bellibolt|Sitrus Berry|[eat]\n|-heal|p1a: Bellibolt|49\/100|[from] item: Sitrus Berry\n|\n|upkeep\n|turn|4\n|\n|t:|1699410516\n|switch|p1b: Ursaluna|Ursaluna-Bloodmoon, M|100\/100\n|-terastallize|p1a: Bellibolt|Electric\n|move|p2b: Flamigo|Liquidation|p1b: Ursaluna\n|-supereffective|p1b: Ursaluna\n|-damage|p1b: Ursaluna|29\/100\n|-unboost|p1b: Ursaluna|def|1\n|move|p2a: Ceruledge|Stored Power|p1a: Bellibolt\n|-damage|p1a: Bellibolt|7\/100\n|-start|p1a: Bellibolt|Charge|Stored Power|[from] ability: Electromorphosis\n|move|p1a: Bellibolt|Parabolic Charge|p2a: Ceruledge|[spread] p2a,p2b\n|-immune|p1b: Ursaluna\n|-supereffective|p2b: Flamigo\n|-damage|p2a: Ceruledge|0 fnt\n|-heal|p1a: Bellibolt|41\/100|[from] drain|[of] p2a: Ceruledge\n|-damage|p2b: Flamigo|0 fnt\n|-heal|p1a: Bellibolt|78\/100|[from] drain|[of] p2b: Flamigo\n|faint|p2a: Ceruledge\n|faint|p2b: Flamigo\n|-end|p1a: Bellibolt|Charge|[silent]\n|\n|upkeep\n|inactive|Luzork has 120 seconds left.\n|\n|t:|1699410541\n|switch|p2b: Cetitan|Cetitan, M, shiny|100\/100\n|switch|p2a: Slowking|Slowking-Galar, F, shiny|100\/100\n|turn|5\n|\n|t:|1699410552\n|move|p1b: Ursaluna|Focus Blast|p2b: Cetitan\n|-supereffective|p2b: Cetitan\n|-damage|p2b: Cetitan|34\/100\n|move|p1a: Bellibolt|Parabolic Charge|p2b: Cetitan|[spread] p2a,p2b\n|-immune|p1b: Ursaluna\n|-damage|p2a: Slowking|1\/100\n|-heal|p1a: Bellibolt|100\/100|[from] drain|[of] p2a: Slowking\n|-damage|p2b: Cetitan|0 fnt\n|-enditem|p2a: Slowking|Aguav Berry|[eat]\n|-heal|p2a: Slowking|34\/100|[from] item: Aguav Berry\n|faint|p2b: Cetitan\n|move|p2a: Slowking|Chilly Reception|p2a: Slowking\n|-weather|Snow\n|inactive|Luzork has 120 seconds left.\n|\n|t:|1699410566\n|switch|p2a: Ninetales|Ninetales-Alola, M, shiny|100\/100|[from] Chilly Reception\n|\n|-weather|Snow|[upkeep]\n|upkeep\n|inactive|Luzork has 120 seconds left.\n|\n|t:|1699410574\n|switch|p2b: Armarouge|Armarouge, F, shiny|100\/100\n|turn|6\n|\n|t:|1699410583\n|move|p2a: Ninetales|Aurora Veil|p2a: Ninetales\n|-sidestart|p2: Luzork|move: Aurora Veil\n|move|p1b: Ursaluna|Blood Moon|p2a: Ninetales|[miss]\n|-miss|p1b: Ursaluna|p2a: Ninetales\n|-enditem|p1b: Ursaluna|Blunder Policy\n|-boost|p1b: Ursaluna|spe|2\n|move|p1a: Bellibolt|Parabolic Charge|p2a: Ninetales|[spread] p2a,p2b\n|-immune|p1b: Ursaluna\n|-damage|p2a: Ninetales|0 fnt\n|-damage|p2b: Armarouge|0 fnt\n|faint|p2a: Ninetales\n|faint|p2b: Armarouge\n|\n|-weather|Snow|[upkeep]\n|-sideend|p1: Milk salt|move: Tailwind\n|upkeep\n|\n|t:|1699410598\n|switch|p2b: Slowking|Slowking-Galar, F, shiny|68\/100\n|turn|7\n|\n|t:|1699410604\n|-terastallize|p2b: Slowking|Poison\n|move|p1b: Ursaluna|Protect|p1b: Ursaluna\n|-singleturn|p1b: Ursaluna|Protect\n|move|p1a: Bellibolt|Parabolic Charge|p2b: Slowking|[spread] p2b\n|-activate|p1b: Ursaluna|move: Protect\n|-damage|p2b: Slowking|3\/100\n|move|p2b: Slowking|Blizzard|p1b: Ursaluna|[spread] p1a\n|-activate|p1b: Ursaluna|move: Protect\n|-damage|p1a: Bellibolt|74\/100\n|-start|p1a: Bellibolt|Charge|Blizzard|[from] ability: Electromorphosis\n|\n|-weather|Snow|[upkeep]\n|upkeep\n|turn|8\n|\n|t:|1699410620\n|move|p1b: Ursaluna|Protect||[still]\n|-fail|p1b: Ursaluna\n|move|p1a: Bellibolt|Water Pulse|p2b: Slowking\n|-damage|p2b: Slowking|0 fnt\n|faint|p2b: Slowking\n|\n|win|Milk salt\n|raw|Milk salt's rating: 1129 &rarr; <strong>1148<\/strong><br \/>(+19 for winning)\n|raw|Luzork's rating: 1041 &rarr; <strong>1029<\/strong><br \/>(-12 for losing)\n|l|\u2606Luzork\n","uploadtime":1699410629,"views":9,"p1id":"milksalt","p2id":"luzork","formatid":"gen9doublesou","rating":1029,"private":0,"password":""}