{"id":"gen9doublesou-1969939773","p1":"abi558","p2":"jensofsweden","format":"[Gen 9] Doubles OU","log":"|j|\u2606abi558\n|j|\u2606jensofsweden\n|t:|1697577801\n|gametype|doubles\n|player|p1|abi558|266|1153\n|player|p2|jensofsweden|102|1101\n|teamsize|p1|6\n|teamsize|p2|6\n|gen|9\n|tier|[Gen 9] Doubles OU\n|rated|\n|rule|Species Clause: Limit one of each Pok\u00e9mon\n|rule|OHKO Clause: OHKO moves are banned\n|rule|Evasion Moves Clause: Evasion moves are banned\n|rule|Gravity Sleep Clause: The combination of sleep-inducing moves with imperfect accuracy and Gravity or Gigantamax Orbeetle are banned\n|rule|Endless Battle Clause: Forcing endless battles is banned\n|rule|HP Percentage Mod: HP is shown in percentages\n|clearpoke\n|poke|p1|Lycanroc-Midnight, M|\n|poke|p1|Dachsbun, M|\n|poke|p1|Empoleon, F|\n|poke|p1|Torkoal, M|\n|poke|p1|Medicham, M|\n|poke|p1|Meowscarada, M|\n|poke|p2|Tauros, M|\n|poke|p2|Luxray, F|\n|poke|p2|Pyroar, M|\n|poke|p2|Gyarados, M|\n|poke|p2|Ting-Lu|\n|poke|p2|Noctowl, F|\n|teampreview\n|inactive|Battle timer is ON: inactive players will automatically lose when time's up. (requested by abi558)\n|\n|t:|1697577811\n|start\n|switch|p1a: Medicham|Medicham, M, shiny|100\/100\n|switch|p1b: Meowscarada|Meowscarada, M, shiny|100\/100\n|switch|p2a: Skogskonung|Ting-Lu|100\/100\n|switch|p2b: H\u00f6kuggla|Noctowl, F|100\/100\n|-ability|p2a: Skogskonung|Vessel of Ruin\n|turn|1\n|\n|t:|1697577828\n|move|p2a: Skogskonung|Protect|p2a: Skogskonung\n|-singleturn|p2a: Skogskonung|Protect\n|move|p1a: Medicham|Skill Swap|p1b: Meowscarada\n|-activate|p1a: Medicham|move: Skill Swap|||[of] p1b: Meowscarada\n|move|p1b: Meowscarada|Knock Off|p2b: H\u00f6kuggla\n|-damage|p2b: H\u00f6kuggla|0 fnt\n|-enditem|p2b: H\u00f6kuggla|Heavy-Duty Boots|[from] move: Knock Off|[of] p1b: Meowscarada\n|faint|p2b: H\u00f6kuggla\n|\n|upkeep\n|\n|t:|1697577847\n|switch|p2b: Simba|Pyroar, M|100\/100\n|-ability|p2b: Simba|Unnerve\n|turn|2\n|\n|t:|1697577862\n|switch|p1a: Carbs|Dachsbun, M, shiny|100\/100\n|move|p1b: Meowscarada|Knock Off|p2b: Simba\n|-damage|p2b: Simba|0 fnt\n|-enditem|p2b: Simba|Aguav Berry|[from] move: Knock Off|[of] p1b: Meowscarada\n|faint|p2b: Simba\n|move|p2a: Skogskonung|Ruination|p1b: Meowscarada\n|-damage|p1b: Meowscarada|51\/100\n|\n|upkeep\n|\n|t:|1697577884\n|switch|p2b: Leo Belgicus|Luxray, F|100\/100\n|turn|3\n|\n|t:|1697577893\n|move|p1b: Meowscarada|Knock Off|p2b: Leo Belgicus\n|-damage|p2b: Leo Belgicus|0 fnt\n|-enditem|p2b: Leo Belgicus|Flame Orb|[from] move: Knock Off|[of] p1b: Meowscarada\n|faint|p2b: Leo Belgicus\n|move|p1a: Carbs|Yawn|p2a: Skogskonung\n|-start|p2a: Skogskonung|move: Yawn|[of] p1a: Carbs\n|move|p2a: Skogskonung|Stealth Rock|p1a: Carbs\n|-sidestart|p1: abi558|move: Stealth Rock\n|\n|upkeep\n|\n|t:|1697577902\n|switch|p2b: Ozzy|Tauros, M|100\/100\n|turn|4\n|\n|t:|1697577918\n|switch|p2a: Storsj\u00f6odjur|Gyarados, M|100\/100\n|-ability|p2a: Storsj\u00f6odjur|Intimidate|boost\n|-unboost|p1a: Carbs|atk|1\n|-unboost|p1b: Meowscarada|atk|1\n|move|p1b: Meowscarada|Knock Off|p2b: Ozzy\n|-damage|p2b: Ozzy|0 fnt\n|-enditem|p2b: Ozzy|Life Orb|[from] move: Knock Off|[of] p1b: Meowscarada\n|faint|p2b: Ozzy\n|move|p1a: Carbs|Wish|p1a: Carbs\n|\n|upkeep\n|\n|t:|1697577927\n|switch|p2b: Skogskonung|Ting-Lu|100\/100\n|-ability|p2b: Skogskonung|Vessel of Ruin\n|turn|5\n|\n|t:|1697577937\n|move|p2b: Skogskonung|Protect|p2b: Skogskonung\n|-singleturn|p2b: Skogskonung|Protect\n|move|p1b: Meowscarada|Knock Off|p2b: Skogskonung\n|-activate|p2b: Skogskonung|move: Protect\n|move|p2a: Storsj\u00f6odjur|Earthquake|p1b: Meowscarada|[spread] p1a,p1b\n|-activate|p2b: Skogskonung|move: Protect\n|-resisted|p1b: Meowscarada\n|-damage|p1a: Carbs|72\/100\n|-damage|p1b: Meowscarada|30\/100\n|move|p1a: Carbs|Psychic Fangs|p2a: Storsj\u00f6odjur\n|-damage|p2a: Storsj\u00f6odjur|84\/100\n|\n|-heal|p1a: Carbs|100\/100|[from] move: Wish|[wisher] Carbs\n|upkeep\n|turn|6\n|\n|t:|1697577961\n|move|p1b: Meowscarada|Knock Off|p2a: Storsj\u00f6odjur\n|-crit|p2a: Storsj\u00f6odjur\n|-damage|p2a: Storsj\u00f6odjur|0 fnt\n|-enditem|p2a: Storsj\u00f6odjur|Figy Berry|[from] move: Knock Off|[of] p1b: Meowscarada\n|faint|p2a: Storsj\u00f6odjur\n|move|p1a: Carbs|Wish|p1a: Carbs\n|move|p2b: Skogskonung|Spikes|p1b: Meowscarada\n|-sidestart|p1: abi558|Spikes\n|\n|upkeep\n|turn|7\n|\n|t:|1697577975\n|move|p1b: Meowscarada|Knock Off|p2b: Skogskonung\n|-resisted|p2b: Skogskonung\n|-damage|p2b: Skogskonung|81\/100\n|-enditem|p2b: Skogskonung|Leftovers|[from] move: Knock Off|[of] p1b: Meowscarada\n|move|p1a: Carbs|Body Press|p2b: Skogskonung\n|-supereffective|p2b: Skogskonung\n|-damage|p2b: Skogskonung|65\/100\n|move|p2b: Skogskonung|Stealth Rock||[still]\n|-fail|p2b: Skogskonung\n|\n|upkeep\n|turn|8\n|\n|t:|1697577988\n|switch|p1b: Medicham|Medicham, M, shiny|100\/100\n|-damage|p1b: Medicham|94\/100|[from] Stealth Rock\n|-damage|p1b: Medicham|82\/100|[from] Spikes\n|move|p1a: Carbs|Yawn|p2b: Skogskonung\n|-start|p2b: Skogskonung|move: Yawn|[of] p1a: Carbs\n|move|p2b: Skogskonung|Spikes|p1a: Carbs\n|-sidestart|p1: abi558|Spikes\n|\n|upkeep\n|turn|9\n|\n|t:|1697578009\n|-terastallize|p1b: Medicham|Fighting\n|move|p1b: Medicham|Close Combat|p2b: Skogskonung\n|-supereffective|p2b: Skogskonung\n|-damage|p2b: Skogskonung|0 fnt\n|-unboost|p1b: Medicham|def|1\n|-unboost|p1b: Medicham|spd|1\n|faint|p2b: Skogskonung\n|\n|win|abi558\n|raw|abi558's rating: 1153 &rarr; <strong>1174<\/strong><br \/>(+21 for winning)\n|raw|jensofsweden's rating: 1101 &rarr; <strong>1080<\/strong><br \/>(-21 for losing)\n|l|\u2606jensofsweden\n","uploadtime":1697578035,"views":10,"p1id":"abi558","p2id":"jensofsweden","formatid":"gen9doublesou","rating":1080,"private":0,"password":""}